成交时间	成交价	价格变动	成交量(手)	成交额(元)	性质
15:00:00	18.22	--	0	0	卖盘
15:00:00	18.22	--	0	0	卖盘
14:59:59	18.22	--	8	14576	卖盘
14:59:53	18.22	-0.01	4	7288	卖盘
14:59:43	18.23	0.01	8	14584	买盘
14:59:38	18.22	-0.01	69	125717	卖盘
14:59:33	18.23	0.01	6	10938	买盘
14:59:18	18.22	--	19	34618	买盘
14:59:14	18.22	--	60	109320	买盘
14:59:09	18.22	--	107	194954	买盘
14:58:58	18.22	-0.01	14	25508	卖盘
14:58:54	18.23	0.01	24	43752	买盘
14:58:44	18.22	--	47	85634	卖盘
14:58:39	18.22	--	38	69236	卖盘
14:58:29	18.22	-0.01	315	573930	卖盘
14:58:24	18.23	0.01	26	47398	买盘
14:58:13	18.22	-0.01	21	38262	卖盘
14:58:08	18.23	0.01	10	18230	买盘
14:58:03	18.22	--	20	36440	卖盘
14:57:48	18.22	--	8	14576	卖盘
14:57:44	18.22	0.01	82	149404	买盘
14:57:39	18.21	--	5	9105	卖盘
14:57:03	18.21	-0.01	10	18210	卖盘
14:56:58	18.22	--	7	12754	买盘
14:56:53	18.22	--	42	76524	买盘
14:56:48	18.22	--	102	185844	买盘
14:56:43	18.22	--	10	18220	买盘
14:56:38	18.22	--	50	91100	买盘
14:56:24	18.22	0.01	58	105676	买盘
14:56:18	18.21	-0.01	2	3642	卖盘
14:56:13	18.22	--	50	91100	买盘
14:56:09	18.22	0.01	10	18220	买盘
14:56:03	18.21	--	20	36420	卖盘
14:55:53	18.21	-0.01	2	3642	卖盘
14:55:48	18.22	0.01	20	36440	买盘
14:55:38	18.21	-0.01	16	29136	卖盘
14:55:33	18.22	0.01	19	34618	买盘
14:55:23	18.21	--	320	582720	卖盘
14:55:18	18.21	-0.01	2	3642	卖盘
14:55:13	18.22	0.01	3	5466	买盘
14:55:08	18.21	--	15	27315	卖盘
14:54:38	18.21	--	45	81945	卖盘
14:54:28	18.21	--	1	1821	卖盘
14:54:17	18.21	--	34	61914	卖盘
14:54:08	18.21	-0.01	10	18210	卖盘
14:53:58	18.22	0.01	179	326138	买盘
14:53:53	18.21	--	13	23673	卖盘
14:53:43	18.21	--	26	47346	买盘
14:53:38	18.21	--	15	27315	买盘
14:53:32	18.21	0.01	2	3642	买盘
14:53:28	18.2	-0.02	84	152880	卖盘
14:53:17	18.22	0.01	10	18220	买盘
14:53:08	18.21	0.01	84	152964	买盘
14:53:02	18.2	-0.01	111	202020	卖盘
14:52:53	18.21	0.01	100	182100	买盘
14:52:47	18.2	--	12	21840	卖盘
14:52:32	18.2	--	2	3640	卖盘
14:52:22	18.2	--	0	0	卖盘
14:52:17	18.2	-0.01	264	480480	卖盘
14:52:08	18.21	--	11	20031	卖盘
14:52:02	18.21	--	30	54630	卖盘
14:51:52	18.21	--	2	3642	卖盘
14:51:47	18.21	--	43	78303	卖盘
14:51:42	18.21	-0.01	5	9105	卖盘
14:51:37	18.22	0.01	12	21864	买盘
14:51:32	18.21	--	20	36420	卖盘
14:51:27	18.21	-0.01	2	3642	卖盘
14:51:12	18.22	-0.01	195	355290	卖盘
14:51:07	18.23	--	54	98442	买盘
14:50:52	18.23	--	157	286393	卖盘
14:50:37	18.23	--	20	36460	卖盘
14:50:27	18.23	--	20	36460	卖盘
14:50:22	18.23	--	65	118495	卖盘
14:50:17	18.23	--	8	14584	卖盘
14:50:02	18.23	--	5	9115	卖盘
14:49:47	18.23	--	1	1823	卖盘
14:49:37	18.23	--	0	0	卖盘
14:49:32	18.23	-0.01	199	362777	卖盘
14:49:27	18.24	--	1	1823	卖盘
14:49:22	18.24	--	20	36480	卖盘
14:49:17	18.24	--	20	36480	卖盘
14:49:02	18.24	--	10	18240	卖盘
14:48:57	18.24	--	20	36480	卖盘
14:48:47	18.24	-0.01	20	36480	卖盘
14:48:41	18.25	--	10	18250	买盘
14:48:32	18.25	--	2	3650	买盘
14:48:17	18.25	0.01	39	71175	买盘
14:48:07	18.24	-0.01	24	43775	卖盘
14:47:52	18.25	0.01	30	54750	买盘
14:47:47	18.24	--	16	29183	卖盘
14:47:37	18.24	-0.01	50	91199	卖盘
14:47:32	18.25	0.01	100	182500	买盘
14:47:22	18.24	-0.01	2	3647	卖盘
14:47:17	18.25	0.01	3	5475	买盘
14:46:41	18.24	-0.01	2	3647	卖盘
14:46:32	18.25	--	0	0	买盘
14:46:26	18.25	0.02	10	18250	买盘
14:46:22	18.23	-0.01	2	3646	卖盘
14:46:11	18.24	0.01	2	3647	买盘
14:46:02	18.23	--	7	12761	卖盘
14:45:36	18.23	-0.01	4	7292	卖盘
14:45:26	18.24	0.01	41	74784	买盘
14:45:21	18.23	--	30	56330	卖盘
14:45:06	18.23	--	6	10938	卖盘
14:45:02	18.23	-0.01	44	80212	卖盘
14:44:41	18.24	-0.01	8	14591	卖盘
14:44:31	18.25	--	0	0	买盘
14:44:21	18.25	--	1	1825	卖盘
14:44:11	18.25	--	9	16425	买盘
14:44:06	18.25	-0.01	44	80300	卖盘
14:43:41	18.26	--	19	36319	卖盘
14:43:36	18.26	--	13	23938	卖盘
14:43:31	18.26	--	3	5478	卖盘
14:43:21	18.26	--	19	34694	卖盘
14:43:16	18.26	--	1	1826	卖盘
14:43:06	18.26	--	55	100430	卖盘
14:42:56	18.26	-0.01	17	31042	卖盘
14:42:46	18.27	--	17	31059	卖盘
14:42:41	18.27	--	2	3654	卖盘
14:42:36	18.27	--	12	21924	卖盘
14:42:20	18.27	--	15	27405	卖盘
14:42:16	18.27	--	10	18270	卖盘
14:42:11	18.27	--	24	43848	卖盘
14:41:56	18.27	-0.01	7	12789	卖盘
14:41:41	18.28	0.01	74	135272	买盘
14:41:35	18.27	--	75	137025	卖盘
14:41:31	18.27	--	25	45675	卖盘
14:41:26	18.27	--	16	29232	买盘
14:41:16	18.27	--	14	25578	卖盘
14:41:11	18.27	--	20	36540	卖盘
14:41:05	18.27	-0.01	57	104139	卖盘
14:41:01	18.28	--	300	548400	买盘
14:40:50	18.28	0.01	36	65808	买盘
14:40:41	18.27	--	10	18270	卖盘
14:40:35	18.27	--	31	56637	卖盘
14:40:31	18.27	--	4	7308	卖盘
14:40:26	18.27	--	10	18270	卖盘
14:40:01	18.27	--	40	73080	卖盘
14:39:56	18.27	-0.01	5	9135	卖盘
14:39:50	18.28	--	55	100540	买盘
14:39:41	18.28	--	38	69464	卖盘
14:39:35	18.28	--	2	3656	卖盘
14:39:20	18.28	-0.01	34	62152	卖盘
14:39:10	18.29	-0.01	121	222680	卖盘
14:39:05	18.3	0.01	84	153720	买盘
14:38:59	18.29	--	40	73160	卖盘
14:38:55	18.29	--	10	18290	卖盘
14:38:45	18.29	--	50	91907	卖盘
14:38:40	18.29	--	10	18290	卖盘
14:38:30	18.29	-0.01	5	9145	卖盘
14:38:20	18.3	--	374	684420	卖盘
14:38:15	18.3	--	5	9150	卖盘
14:38:10	18.3	--	15	27450	卖盘
14:38:05	18.3	--	13	23790	卖盘
14:37:55	18.3	--	3	5490	卖盘
14:37:50	18.3	--	1	1830	卖盘
14:37:41	18.3	--	0	0	卖盘
14:37:20	18.3	-0.02	30	54900	卖盘
14:37:10	18.32	-0.01	83	152056	卖盘
14:37:05	18.33	0.01	41	75153	买盘
14:36:55	18.32	--	40	73280	卖盘
14:36:50	18.32	--	1	1832	卖盘
14:36:45	18.32	0.01	38	69616	买盘
14:36:40	18.31	0.01	26	47606	卖盘
14:36:35	18.3	--	0	0	卖盘
14:36:30	18.3	-0.01	50	91500	卖盘
14:36:25	18.31	--	1	1830	卖盘
14:36:20	18.31	0.01	13	23803	买盘
14:36:15	18.3	-0.01	20	36600	卖盘
14:36:05	18.31	0.01	22	40282	买盘
14:35:50	18.3	--	29	53070	买盘
14:35:44	18.3	0.01	70	128100	买盘
14:35:40	18.29	--	124	226796	卖盘
14:35:35	18.29	--	21	38409	卖盘
14:35:29	18.29	0.01	203	371287	买盘
14:35:25	18.28	--	16	29248	卖盘
14:35:20	18.28	0.01	168	307104	买盘
14:35:10	18.27	0.01	17	31059	买盘
14:35:05	18.26	-0.01	68	124168	卖盘
14:34:50	18.27	0.01	6	10962	买盘
14:34:44	18.26	--	1	1826	卖盘
14:34:29	18.26	--	12	21912	卖盘
14:34:24	18.26	--	109	199034	买盘
14:34:20	18.26	--	1	1826	买盘
14:33:55	18.26	0.01	80	146080	买盘
14:33:44	18.25	0.02	139	253675	买盘
14:33:35	18.23	-0.02	1	1823	卖盘
14:33:29	18.25	--	168	306600	买盘
14:33:20	18.25	0.03	502	916150	买盘
14:33:10	18.22	0.01	16	29152	买盘
14:32:50	18.21	--	27	49167	买盘
14:32:44	18.21	--	56	101976	买盘
14:32:29	18.21	--	20	36420	买盘
14:32:04	18.21	0.01	4	7284	买盘
14:31:54	18.2	-0.01	51	92820	卖盘
14:31:44	18.21	-0.01	27	49167	卖盘
14:31:34	18.22	--	25	45550	买盘
14:31:29	18.22	0.01	4	7288	买盘
14:31:14	18.21	--	83	151143	买盘
14:31:09	18.21	--	29	52809	买盘
14:31:04	18.21	0.01	25	45525	买盘
14:30:49	18.2	--	1	1820	卖盘
14:30:44	18.2	--	84	154499	买盘
14:30:34	18.2	--	10	18200	买盘
14:30:29	18.2	--	0	0	买盘
14:30:14	18.2	0.02	8	14560	买盘
14:30:04	18.18	--	180	327240	卖盘
14:29:59	18.18	--	0	0	卖盘
14:29:54	18.18	--	166	301788	卖盘
14:29:29	18.18	--	20	36360	卖盘
14:29:23	18.18	--	39	70902	卖盘
14:29:14	18.18	--	0	181	卖盘
14:28:23	18.18	-0.02	3	5454	卖盘
14:28:08	18.2	--	100	182000	买盘
14:27:49	18.2	--	0	0	买盘
14:27:23	18.2	--	34	61880	买盘
14:27:08	18.2	--	93	169460	卖盘
14:26:44	18.2	0.02	406	740539	买盘
14:26:38	18.18	--	21	38178	卖盘
14:25:33	18.18	--	12	21816	卖盘
14:25:08	18.18	--	6	10908	卖盘
14:24:58	18.18	--	22	39996	卖盘
14:24:43	18.18	--	20	36360	卖盘
14:24:38	18.18	--	33	59994	卖盘
14:24:28	18.18	--	8	14544	卖盘
14:24:23	18.18	-0.01	25	45450	卖盘
14:24:13	18.19	0.01	16	29104	买盘
14:23:48	18.18	--	39	70902	卖盘
14:23:33	18.18	--	12	21816	卖盘
14:22:47	18.18	-0.01	34	61812	卖盘
14:22:32	18.19	--	2	3638	买盘
14:22:17	18.19	0.01	29	52751	买盘
14:21:58	18.18	-0.01	6	10908	卖盘
14:21:32	18.19	--	5	9095	买盘
14:21:23	18.19	0.01	1	1819	买盘
14:21:17	18.18	-0.01	10	18180	卖盘
14:21:02	18.19	0.01	1	1819	买盘
14:20:58	18.18	-0.01	1	1818	卖盘
14:20:53	18.19	0.01	20	36380	买盘
14:20:38	18.18	--	1	1818	卖盘
14:20:28	18.18	--	12	21816	卖盘
14:20:17	18.18	0.01	50	90900	买盘
14:19:56	18.17	--	20	36340	卖盘
14:19:27	18.17	--	24	43608	买盘
14:19:17	18.17	0.01	10	18170	买盘
14:18:52	18.16	--	10	18160	卖盘
14:18:42	18.16	--	7	12712	卖盘
14:18:32	18.16	--	3	5448	卖盘
14:18:17	18.16	--	2	3632	卖盘
14:17:57	18.16	--	0	0	卖盘
14:17:52	18.16	--	72	130752	卖盘
14:17:07	18.16	-0.02	34	61744	卖盘
14:16:57	18.18	--	0	0	中性盘
14:16:47	18.18	--	1	1818	卖盘
14:16:32	18.18	0.01	11	19998	买盘
14:16:17	18.17	0.01	2	3634	卖盘
14:16:11	18.16	--	10	18160	卖盘
14:16:07	18.16	-0.01	5	9080	卖盘
14:16:02	18.17	0.01	13	23621	买盘
14:15:56	18.16	-0.01	34	61744	卖盘
14:15:47	18.17	0.01	52	94484	买盘
14:15:41	18.16	--	2	3632	卖盘
14:14:37	18.16	-0.01	34	61744	卖盘
14:14:26	18.17	--	44	79948	买盘
14:14:11	18.17	--	15	27255	买盘
14:14:07	18.17	-0.02	181	328877	卖盘
14:13:41	18.19	0.01	10	18190	买盘
14:13:26	18.18	--	6	10908	卖盘
14:13:16	18.18	--	18	32724	卖盘
14:13:06	18.18	--	40	72720	卖盘
14:12:56	18.18	--	34	61812	卖盘
14:12:46	18.18	--	101	183618	卖盘
14:12:41	18.18	--	7	12726	卖盘
14:12:31	18.18	--	10	18180	卖盘
14:11:51	18.18	--	5	9090	卖盘
14:11:41	18.18	-0.01	5	9090	卖盘
14:11:26	18.19	--	1	1819	卖盘
14:11:16	18.19	--	43	78217	卖盘
14:11:01	18.19	--	10	18190	卖盘
14:10:56	18.19	--	5	9095	卖盘
14:10:31	18.19	-0.01	5	9095	卖盘
14:10:11	18.2	0.01	12	21840	买盘
14:08:46	18.19	--	80	145520	卖盘
14:08:35	18.19	--	3	5457	卖盘
14:08:01	18.19	--	10	18190	卖盘
14:07:41	18.19	-0.01	2	3638	卖盘
14:07:20	18.2	--	5	9100	买盘
14:06:25	18.2	--	5	9100	买盘
14:06:05	18.2	--	26	47320	卖盘
14:05:55	18.2	--	24	43680	买盘
14:05:50	18.2	0.01	56	101920	买盘
14:05:44	18.19	-0.01	20	36380	卖盘
14:05:25	18.2	--	65	118300	买盘
14:05:14	18.2	--	80	145600	卖盘
14:05:05	18.2	--	90	163800	买盘
14:05:00	18.2	--	8	14560	买盘
14:04:50	18.2	-0.01	102	185640	卖盘
14:04:35	18.21	0.01	50	91050	买盘
14:04:20	18.2	--	18	32760	中性盘
14:04:00	18.2	--	97	176540	买盘
14:03:54	18.2	0.01	13	23660	买盘
14:03:45	18.19	-0.01	20	36380	卖盘
14:03:35	18.2	0.01	76	138320	买盘
14:03:29	18.19	--	1	1819	卖盘
14:03:24	18.19	--	10	18190	买盘
14:03:10	18.19	-0.01	21	38199	卖盘
14:03:05	18.2	0.02	5	9100	买盘
14:01:59	18.18	--	0	0	卖盘
14:01:40	18.18	--	20	36360	卖盘
14:01:10	18.18	--	3	5454	卖盘
14:00:39	18.18	-0.02	10	18180	卖盘
13:59:04	18.2	--	28	50960	卖盘
13:58:49	18.2	-0.01	5	9100	卖盘
13:58:19	18.21	--	0	0	中性盘
13:58:04	18.21	--	12	21852	卖盘
13:57:59	18.21	0.01	18	32778	买盘
13:57:49	18.2	--	17	30940	卖盘
13:57:44	18.2	--	7	12740	卖盘
13:57:34	18.2	--	50	91000	卖盘
13:57:29	18.2	0.03	198	360360	买盘
13:57:23	18.17	-0.01	10	18170	卖盘
13:57:08	18.18	--	3	5454	买盘
13:56:53	18.18	0.01	19	34542	买盘
13:56:44	18.17	--	40	72680	卖盘
13:56:38	18.17	--	5	9085	卖盘
13:56:23	18.17	--	100	181700	卖盘
13:56:19	18.17	0.01	49	89033	买盘
13:56:14	18.16	0.03	9	16344	买盘
13:56:08	18.13	--	0	0	卖盘
13:55:53	18.13	--	6	10878	卖盘
13:55:29	18.13	-0.02	30	54390	卖盘
13:55:23	18.15	--	30	54449	买盘
13:55:14	18.15	0.02	20	36300	买盘
13:55:08	18.13	-0.02	300	543900	卖盘
13:54:59	18.15	--	8	14519	买盘
13:54:53	18.15	--	2	3629	买盘
13:54:44	18.15	--	106	192389	卖盘
13:54:08	18.15	0.01	30	54449	卖盘
13:53:53	18.14	--	0	0	卖盘
13:53:43	18.14	-0.01	19	34466	卖盘
13:53:33	18.15	--	7	12704	买盘
13:53:28	18.15	--	66	119789	卖盘
13:53:23	18.15	--	0	0	卖盘
13:53:13	18.15	--	0	0	卖盘
13:52:53	18.15	--	5	9075	卖盘
13:52:38	18.15	--	42	76230	卖盘
13:52:28	18.15	--	4	7259	卖盘
13:52:13	18.15	-0.03	100	181500	卖盘
13:52:08	18.18	--	6	10908	卖盘
13:51:53	18.18	--	4	7272	卖盘
13:51:28	18.18	--	6	10908	卖盘
13:51:08	18.18	--	1	1818	卖盘
13:50:32	18.18	--	187	339966	买盘
13:50:23	18.18	--	3	5454	卖盘
13:50:08	18.18	--	33	59994	卖盘
13:50:02	18.18	--	10	18180	卖盘
13:49:47	18.18	--	10	18180	卖盘
13:49:32	18.18	-0.01	24	43632	卖盘
13:49:23	18.19	-0.01	16	29104	卖盘
13:49:13	18.2	0.01	19	34580	买盘
13:49:08	18.19	-0.01	10	18190	卖盘
13:49:02	18.2	0.01	1	1820	买盘
13:48:53	18.19	-0.01	4	7276	卖盘
13:48:47	18.2	--	4	7280	买盘
13:48:38	18.2	-0.01	17	30940	卖盘
13:48:02	18.21	--	20	36420	买盘
13:47:53	18.21	--	7	12747	卖盘
13:47:26	18.21	--	20	36420	卖盘
13:47:07	18.21	--	20	36420	卖盘
13:46:56	18.21	--	6	10926	卖盘
13:46:52	18.21	0.01	1	1821	买盘
13:46:47	18.2	--	0	0	卖盘
13:46:41	18.2	-0.02	10	18200	卖盘
13:46:37	18.22	0.01	76	138472	买盘
13:46:17	18.21	0.02	5	9105	卖盘
13:46:02	18.19	--	0	0	卖盘
13:45:52	18.19	-0.01	5	9095	卖盘
13:45:37	18.2	0.01	8	14560	买盘
13:45:32	18.19	--	1	1819	卖盘
13:45:21	18.19	--	5	9095	卖盘
13:45:07	18.19	0.01	9	16371	卖盘
13:44:52	18.18	--	0	0	卖盘
13:44:47	18.18	--	0	0	卖盘
13:44:32	18.18	-0.02	56	101808	卖盘
13:44:17	18.2	--	13	23660	卖盘
13:44:11	18.2	--	0	0	卖盘
13:44:02	18.2	0.02	117	212940	买盘
13:43:51	18.18	-0.02	30	54540	卖盘
13:43:41	18.2	0.01	100	182000	买盘
13:43:26	18.19	-0.01	10	18190	卖盘
13:43:17	18.2	--	49	89180	买盘
13:42:52	18.2	--	46	83720	卖盘
13:42:47	18.2	--	0	0	卖盘
13:42:32	18.2	--	5	9100	卖盘
13:42:11	18.2	--	1	1820	买盘
13:41:56	18.2	0.01	9	16380	卖盘
13:41:47	18.19	--	3	5457	中性盘
13:41:41	18.19	-0.01	70	127330	卖盘
13:41:37	18.2	--	5	9100	买盘
13:41:32	18.2	--	32	58240	买盘
13:41:06	18.2	--	50	91000	买盘
13:40:56	18.2	0.01	40	72800	买盘
13:40:46	18.19	--	77	140063	买盘
13:40:36	18.19	--	99	180081	买盘
13:40:16	18.19	--	0	0	买盘
13:39:56	18.19	0.01	800	1455200	买盘
13:39:46	18.18	0.02	29	52722	买盘
13:39:41	18.16	--	0	0	卖盘
13:39:31	18.16	-0.02	5	9080	卖盘
13:39:26	18.18	0.01	100	181800	买盘
13:39:21	18.17	--	3	5451	买盘
13:39:16	18.17	0.01	20	36340	买盘
13:39:11	18.16	-0.01	10	18160	卖盘
13:38:56	18.17	0.01	13	23621	中性盘
13:38:50	18.16	-0.02	20	36320	卖盘
13:38:01	18.18	--	6	10908	买盘
13:37:41	18.18	0.02	33	59994	买盘
13:37:35	18.16	-0.02	2	3632	卖盘
13:37:20	18.18	0.02	100	181800	买盘
13:37:16	18.16	--	1	1816	卖盘
13:37:11	18.16	--	10	18160	卖盘
13:37:05	18.16	--	10	18160	卖盘
13:36:50	18.16	--	7	12712	买盘
13:36:46	18.16	--	5	9080	买盘
13:36:41	18.16	--	5	9080	买盘
13:36:34	18.16	0.01	20	36320	买盘
13:36:30	18.15	-0.01	10	18150	卖盘
13:35:56	18.16	0.01	15	27240	买盘
13:35:50	18.15	-0.01	19	34485	卖盘
13:35:46	18.16	0.01	15	27240	买盘
13:35:26	18.15	-0.01	15	27224	卖盘
13:34:56	18.16	--	10	18160	买盘
13:34:50	18.16	0.01	1	1816	卖盘
13:34:45	18.15	--	0	0	中性盘
13:34:41	18.15	-0.03	42	76230	卖盘
13:34:10	18.18	--	0	0	买盘
13:34:05	18.18	--	31	56358	卖盘
13:34:00	18.18	--	70	127260	卖盘
13:33:50	18.18	--	13	23634	卖盘
13:33:40	18.18	--	18	32724	卖盘
13:33:35	18.18	-0.01	12	21816	卖盘
13:33:25	18.19	--	5	9095	买盘
13:33:20	18.19	--	172	312868	卖盘
13:33:14	18.19	--	12	21828	卖盘
13:32:50	18.19	-0.01	39	70941	卖盘
13:32:25	18.2	-0.02	299	544180	卖盘
13:32:15	18.22	--	39	71058	买盘
13:32:10	18.22	0.01	48	87456	买盘
13:32:05	18.21	--	25	45525	卖盘
13:31:50	18.21	--	51	92871	卖盘
13:31:20	18.21	-0.01	44	80124	卖盘
13:31:10	18.22	0.01	2	3644	买盘
13:30:59	18.21	--	5	9105	卖盘
13:30:55	18.21	--	19	34599	卖盘
13:30:10	18.21	-0.01	5	9105	卖盘
13:30:05	18.22	0.01	9	16398	买盘
13:29:59	18.21	--	30	54630	卖盘
13:29:50	18.21	--	12	21852	卖盘
13:29:44	18.21	--	30	54630	卖盘
13:29:40	18.21	0.01	19	34599	买盘
13:29:29	18.2	-0.01	6	10920	卖盘
13:29:25	18.21	0.01	3	5463	买盘
13:29:19	18.2	--	6	10920	卖盘
13:29:10	18.2	-0.01	10	18200	卖盘
13:29:05	18.21	--	5	9105	买盘
13:28:59	18.21	--	7	12747	买盘
13:28:44	18.21	--	30	54630	买盘
13:28:40	18.21	--	4	7284	买盘
13:28:35	18.21	0.01	12	21852	买盘
13:28:14	18.2	-0.01	42	76440	卖盘
13:28:04	18.21	0.01	10	18210	买盘
13:27:59	18.2	--	0	0	卖盘
13:27:54	18.2	-0.01	110	200200	卖盘
13:27:49	18.21	--	9	16389	卖盘
13:27:29	18.21	--	39	71019	买盘
13:27:19	18.21	0.01	30	54630	买盘
13:27:04	18.2	--	22	40040	卖盘
13:26:59	18.2	--	12	21840	卖盘
13:26:44	18.2	-0.01	21	38220	卖盘
13:26:34	18.21	0.01	10	18210	买盘
13:26:29	18.2	-0.01	10	18200	卖盘
13:26:24	18.21	--	10	18210	买盘
13:26:19	18.21	0.01	20	36420	买盘
13:26:14	18.2	--	30	54600	卖盘
13:26:04	18.2	-0.01	9	16380	卖盘
13:25:59	18.21	--	23	41883	买盘
13:25:49	18.21	--	22	40062	买盘
13:25:39	18.21	--	43	78303	卖盘
13:25:34	18.21	--	5	9105	卖盘
13:25:29	18.21	0.01	2	3642	卖盘
13:25:19	18.2	--	0	0	卖盘
13:25:14	18.2	--	41	74620	卖盘
13:24:53	18.2	-0.02	200	364000	卖盘
13:24:44	18.22	-0.01	28	51016	卖盘
13:24:38	18.23	--	2	3646	买盘
13:24:23	18.23	--	63	114849	卖盘
13:24:03	18.23	--	20	36460	卖盘
13:23:53	18.23	--	10	18230	卖盘
13:23:44	18.23	--	15	27345	卖盘
13:23:38	18.23	--	4	7292	卖盘
13:23:23	18.23	--	9	16407	卖盘
13:23:14	18.23	--	30	54690	卖盘
13:23:04	18.23	--	20	36460	卖盘
13:22:59	18.23	-0.01	5	9115	卖盘
13:22:44	18.24	--	64	116735	卖盘
13:22:34	18.24	--	30	54719	卖盘
13:22:29	18.24	--	10	18240	卖盘
13:22:14	18.24	-0.01	10	18240	卖盘
13:21:53	18.25	-0.01	12	21900	卖盘
13:21:43	18.26	0.01	23	41998	买盘
13:21:38	18.25	0.01	5	9125	卖盘
13:21:13	18.24	--	10	18240	卖盘
13:21:03	18.24	--	3	5471	卖盘
13:20:48	18.24	--	0	0	卖盘
13:20:43	18.24	--	5	9120	卖盘
13:20:38	18.24	--	2	3647	卖盘
13:20:23	18.24	0.01	206	375743	买盘
13:20:13	18.23	-0.01	3	5469	卖盘
13:20:08	18.24	--	12	21887	卖盘
13:20:02	18.24	--	9	16416	买盘
13:19:43	18.24	--	16	29183	卖盘
13:19:28	18.24	--	24	43775	买盘
13:19:13	18.24	0.01	3	5471	买盘
13:19:08	18.23	-0.01	2	3646	卖盘
13:18:58	18.24	--	23	41952	买盘
13:18:48	18.24	--	30	54719	买盘
13:18:43	18.24	--	34	62015	卖盘
13:18:07	18.24	--	14	25535	卖盘
13:18:01	18.24	--	10	18240	卖盘
13:17:58	18.24	--	34	62015	卖盘
13:17:53	18.24	0.03	10	18240	买盘
13:17:47	18.21	-0.07	114	207594	卖盘
13:17:32	18.28	--	0	0	买盘
13:17:22	18.28	0.08	587	1073036	买盘
13:17:17	18.2	-0.01	5	9100	卖盘
13:17:08	18.21	--	96	174816	卖盘
13:16:43	18.21	--	2	3642	卖盘
13:16:38	18.21	--	4	7284	卖盘
13:16:32	18.21	--	3	5463	卖盘
13:16:28	18.21	--	30	54630	买盘
13:16:22	18.21	0.01	20	36420	买盘
13:16:17	18.2	-0.01	15	27300	卖盘
13:16:08	18.21	--	28	50988	买盘
13:15:47	18.21	-0.01	24	43704	卖盘
13:15:42	18.22	--	10	18220	卖盘
13:15:38	18.22	--	267	486473	卖盘
13:15:32	18.22	--	2	3644	卖盘
13:15:27	18.22	0.01	21	38262	买盘
13:15:22	18.21	--	58	105618	卖盘
13:15:17	18.21	--	2	3642	卖盘
13:15:07	18.21	--	23	41883	卖盘
13:15:02	18.21	--	50	91050	卖盘
13:14:57	18.21	--	10	18210	卖盘
13:14:47	18.21	--	9	16389	卖盘
13:14:42	18.21	-0.01	200	364200	卖盘
13:14:16	18.22	--	21	38262	卖盘
13:14:02	18.22	-0.02	34	61947	卖盘
13:13:57	18.24	--	0	0	买盘
13:13:52	18.24	--	12	21887	卖盘
13:13:47	18.24	0.01	159	290016	买盘
13:13:37	18.23	--	12	21876	卖盘
13:13:32	18.23	--	40	72920	买盘
13:13:27	18.23	--	5	9115	买盘
13:13:22	18.23	--	2	3646	卖盘
13:13:17	18.23	--	10	18230	卖盘
13:13:11	18.23	-0.02	30	54690	卖盘
13:13:07	18.25	--	0	0	买盘
13:12:47	18.25	--	18	32850	卖盘
13:12:42	18.25	-0.01	4	7300	卖盘
13:12:32	18.26	0.01	10	18260	买盘
13:12:26	18.25	-0.01	40	73000	卖盘
13:12:22	18.26	0.01	27	49302	买盘
13:12:07	18.25	0.03	38	69350	买盘
13:12:02	18.22	--	0	0	卖盘
13:11:57	18.22	--	0	0	卖盘
13:11:47	18.22	-0.03	11	20042	卖盘
13:11:41	18.25	--	0	0	买盘
13:11:31	18.25	0.03	100	182500	买盘
13:11:26	18.22	-0.02	124	225928	卖盘
13:11:22	18.24	--	36	65664	卖盘
13:11:17	18.24	0.01	94	171455	买盘
13:11:11	18.23	-0.01	116	211468	卖盘
13:11:07	18.24	--	5	9120	卖盘
13:11:02	18.24	--	1	1823	卖盘
13:10:56	18.24	0.01	16	29183	买盘
13:10:47	18.23	0.01	5	9115	卖盘
13:10:41	18.22	--	0	0	卖盘
13:10:36	18.22	--	0	0	卖盘
13:10:31	18.22	--	12	21864	卖盘
13:10:26	18.22	--	0	0	卖盘
13:10:16	18.22	-0.02	27	49194	卖盘
13:10:11	18.24	-0.01	4	7295	卖盘
13:10:02	18.25	-0.01	13	23725	卖盘
13:09:51	18.26	--	0	0	买盘
13:09:46	18.26	--	20	36520	买盘
13:09:41	18.26	--	0	0	买盘
13:09:26	18.26	0.01	13	23738	卖盘
13:09:16	18.25	-0.02	33	60225	卖盘
13:08:56	18.27	--	2	3654	卖盘
13:08:46	18.27	--	10	18270	卖盘
13:08:41	18.27	-0.01	6	10962	卖盘
13:08:36	18.28	0.01	5	9140	买盘
13:08:31	18.27	-0.01	15	27405	卖盘
13:08:11	18.28	0.01	1	1828	买盘
13:08:06	18.27	-0.01	7	12789	卖盘
13:08:01	18.28	0.01	87	159036	买盘
13:07:36	18.27	0.02	16	29232	买盘
13:07:26	18.25	--	0	0	卖盘
13:07:11	18.25	-0.02	100	182500	卖盘
13:07:06	18.27	0.02	36	65772	买盘
13:07:01	18.25	0.01	123	224475	买盘
13:06:51	18.24	0.01	48	87989	买盘
13:06:41	18.23	--	11	20053	卖盘
13:06:31	18.23	--	17	30991	卖盘
13:06:26	18.23	--	47	85681	卖盘
13:06:06	18.23	--	12	21876	卖盘
13:05:56	18.23	--	47	85681	买盘
13:05:46	18.23	--	24	43752	买盘
13:05:31	18.23	--	20	36460	买盘
13:05:26	18.23	0.01	12	21876	买盘
13:05:11	18.22	-0.01	20	36440	卖盘
13:05:05	18.23	--	8	14584	买盘
13:04:56	18.23	--	54	98442	卖盘
13:04:50	18.23	-0.01	50	91150	卖盘
13:04:35	18.24	--	16	29183	买盘
13:04:25	18.24	--	90	165546	卖盘
13:04:20	18.24	-0.02	11	20064	卖盘
13:04:11	18.26	--	0	0	买盘
13:04:05	18.26	0.02	10	18260	买盘
13:04:01	18.24	-0.01	133	243029	卖盘
13:03:55	18.25	--	20	36500	卖盘
13:03:35	18.25	0.01	16	29200	买盘
13:03:26	18.24	--	40	72960	卖盘
13:03:20	18.24	--	1	1823	卖盘
13:03:05	18.24	--	0	0	卖盘
13:03:00	18.24	--	0	0	卖盘
13:02:50	18.24	-0.02	102	186047	卖盘
13:02:40	18.26	--	65	118690	卖盘
13:02:30	18.26	--	100	182600	卖盘
13:02:26	18.26	--	10	18260	卖盘
13:02:20	18.26	--	7	12782	买盘
13:02:11	18.26	-0.02	5	9130	买盘
13:02:05	18.28	--	0	0	买盘
13:01:59	18.28	--	0	0	买盘
13:01:55	18.28	0.02	52	95056	买盘
13:01:50	18.26	-0.03	10	18260	中性盘
13:01:45	18.29	0.03	175	320075	买盘
13:01:40	18.26	--	9	16434	卖盘
13:01:35	18.26	--	19	34694	卖盘
13:01:20	18.26	0.02	80	146080	买盘
13:01:10	18.24	-0.01	16	29183	卖盘
13:01:00	18.25	0.02	7	12775	买盘
13:00:55	18.23	--	6	10938	买盘
13:00:40	18.23	--	4	7292	买盘
13:00:35	18.23	-0.02	10	18230	卖盘
13:00:10	18.25	0.03	10	18250	中性盘
13:00:05	18.22	0.03	816	1486752	买盘
11:30:00	18.19	--	0	0	卖盘
11:30:00	18.19	-0.01	10	18190	卖盘
11:29:56	18.2	--	13	23660	买盘
11:29:51	18.2	0.01	280	509600	买盘
11:29:47	18.19	0.01	94	170986	买盘
11:29:26	18.18	0.02	457	830826	买盘
11:29:21	18.16	0.01	36	65376	买盘
11:29:16	18.15	--	50	90750	买盘
11:29:11	18.15	0.01	48	87120	买盘
11:29:06	18.14	-0.01	10	18140	卖盘
11:28:51	18.15	0.01	4	7259	买盘
11:28:31	18.14	--	84	152376	买盘
11:28:26	18.14	--	12	21768	买盘
11:28:16	18.14	--	0	0	买盘
11:28:01	18.14	0.02	90	163260	买盘
11:27:56	18.12	--	9	16308	卖盘
11:27:31	18.12	-0.01	81	146772	卖盘
11:27:25	18.13	--	0	0	买盘
11:27:06	18.13	--	0	0	买盘
11:27:01	18.13	0.01	10	18130	买盘
11:26:51	18.12	--	1	1812	卖盘
11:26:46	18.12	--	29	52548	买盘
11:26:40	18.12	--	28	50736	买盘
11:26:16	18.12	--	61	110532	买盘
11:25:56	18.12	0.01	6	10872	买盘
11:25:31	18.11	--	0	0	卖盘
11:25:20	18.11	0.01	3	5433	卖盘
11:25:16	18.1	--	0	0	卖盘
11:25:00	18.1	--	26	47060	卖盘
11:24:50	18.1	--	0	0	卖盘
11:24:46	18.1	-0.02	30	54300	卖盘
11:24:41	18.12	0.01	2	3624	买盘
11:24:26	18.11	-0.01	5	9055	卖盘
11:24:05	18.12	--	2	3624	买盘
11:24:00	18.12	--	1	1812	买盘
11:23:55	18.12	--	26	47112	买盘
11:23:41	18.12	-0.01	23	41676	卖盘
11:23:31	18.13	--	40	72520	买盘
11:23:25	18.13	--	6	10878	卖盘
11:22:56	18.13	--	12	21756	卖盘
11:22:30	18.13	--	4	7252	买盘
11:22:25	18.13	--	15	27195	买盘
11:21:55	18.13	--	19	34447	买盘
11:21:40	18.13	--	21	38073	买盘
11:21:35	18.13	--	0	0	中性盘
11:21:30	18.13	-0.01	10	18130	买盘
11:21:25	18.14	--	0	0	买盘
11:21:20	18.14	0.02	150	272100	买盘
11:21:05	18.12	-0.01	5	9060	卖盘
11:20:45	18.13	--	10	18130	买盘
11:20:40	18.13	0.01	63	114219	买盘
11:20:34	18.12	--	10	18120	卖盘
11:20:30	18.12	-0.01	7	12684	买盘
11:20:25	18.13	--	0	0	买盘
11:20:19	18.13	0.02	5	9065	买盘
11:20:04	18.11	--	50	90550	卖盘
11:19:49	18.11	--	20	36220	卖盘
11:19:45	18.11	--	17	30787	买盘
11:19:40	18.11	-0.01	10	18110	买盘
11:19:25	18.12	0.01	60	108720	买盘
11:19:10	18.11	--	9	16299	卖盘
11:19:00	18.11	--	5	9055	卖盘
11:18:55	18.11	0.01	40	72440	买盘
11:18:44	18.1	-0.01	4	7240	卖盘
11:18:24	18.11	0.01	10	18110	买盘
11:18:09	18.1	--	8	14480	卖盘
11:18:05	18.1	-0.01	7	12670	买盘
11:17:58	18.11	--	0	0	买盘
11:17:49	18.11	0.01	47	85117	买盘
11:17:44	18.1	-0.01	6	10860	卖盘
11:17:40	18.11	--	8	14488	买盘
11:17:19	18.11	0.01	15	27165	买盘
11:17:09	18.1	-0.01	30	54300	卖盘
11:17:04	18.11	0.01	13	23543	买盘
11:16:50	18.1	--	10	18100	卖盘
11:16:44	18.1	--	160	289600	买盘
11:16:39	18.1	0.01	12	21720	买盘
11:16:34	18.09	-0.02	7	12663	卖盘
11:16:19	18.11	--	0	0	买盘
11:16:09	18.11	--	7	12677	买盘
11:16:04	18.11	0.01	20	36220	买盘
11:15:59	18.1	--	10	18100	卖盘
11:15:54	18.1	--	2	3620	卖盘
11:15:44	18.1	--	19	34390	卖盘
11:15:34	18.1	--	4	7240	卖盘
11:15:24	18.1	--	22	39820	卖盘
11:15:19	18.1	--	6	10860	卖盘
11:15:13	18.1	0.01	67	121270	买盘
11:14:58	18.09	-0.01	5	9045	卖盘
11:14:49	18.1	0.01	8	14480	买盘
11:14:43	18.09	--	33	59697	卖盘
11:14:39	18.09	--	3	5427	卖盘
11:14:34	18.09	--	12	21708	卖盘
11:14:29	18.09	--	24	43416	卖盘
11:14:19	18.09	-0.01	10	18090	卖盘
11:14:04	18.1	0.01	5	9050	买盘
11:13:49	18.09	--	55	99495	卖盘
11:13:34	18.09	--	2	3618	卖盘
11:13:29	18.09	--	4	7236	卖盘
11:13:19	18.09	--	3	5427	卖盘
11:13:14	18.09	--	29	52461	卖盘
11:13:08	18.09	--	155	280395	买盘
11:13:04	18.09	--	1	1809	买盘
11:12:53	18.09	0.01	3	5427	买盘
11:12:34	18.08	0.03	54	97631	买盘
11:12:23	18.05	--	8	14440	卖盘
11:12:18	18.05	0.01	17	30685	买盘
11:12:03	18.04	--	11	19844	卖盘
11:11:59	18.04	--	70	126550	买盘
11:11:53	18.04	0.01	24	43296	买盘
11:11:43	18.03	-0.01	3	5409	卖盘
11:11:34	18.04	--	0	0	买盘
11:11:28	18.04	0.02	20	36080	买盘
11:11:23	18.02	-0.01	30	54060	卖盘
11:11:18	18.03	0.01	7	12621	买盘
11:11:14	18.02	--	1	1802	卖盘
11:11:03	18.02	--	0	0	卖盘
11:10:58	18.02	--	5	9010	卖盘
11:10:48	18.02	--	5	9010	卖盘
11:10:33	18.02	0.01	5	9010	中性盘
11:10:24	18.01	-0.02	97	174697	卖盘
11:09:58	18.03	-0.01	17	30651	卖盘
11:09:43	18.04	--	37	66748	卖盘
11:09:33	18.04	--	1	1804	卖盘
11:09:23	18.04	-0.01	3	5412	卖盘
11:08:58	18.05	0.01	8	14440	买盘
11:08:48	18.04	--	5	9020	卖盘
11:08:28	18.04	-0.01	16	28864	卖盘
11:08:23	18.05	-0.01	11	19855	卖盘
11:08:08	18.06	--	5	9030	买盘
11:07:58	18.06	--	4	8759	卖盘
11:07:43	18.06	-0.01	11	19866	卖盘
11:07:13	18.07	--	81	146367	卖盘
11:07:03	18.07	--	81	146367	卖盘
11:06:58	18.07	--	2	3614	卖盘
11:06:52	18.07	-0.02	16	28912	卖盘
11:06:32	18.09	0.01	18	32562	买盘
11:06:28	18.08	--	0	0	中性盘
11:06:22	18.08	-0.01	10	18080	卖盘
11:05:57	18.09	-0.01	49	88641	卖盘
11:05:52	18.1	0.01	132	238920	买盘
11:05:46	18.09	-0.01	10	18090	卖盘
11:05:23	18.1	--	7	12670	买盘
11:05:12	18.1	--	2	3620	买盘
11:05:02	18.1	0.01	52	94120	买盘
11:04:52	18.09	--	33	59697	卖盘
11:04:42	18.09	--	1	1809	卖盘
11:04:38	18.09	-0.01	75	135675	卖盘
11:04:27	18.1	0.01	250	452500	买盘
11:04:12	18.09	0.01	41	74169	买盘
11:04:07	18.08	-0.02	34	61471	卖盘
11:04:02	18.1	0.01	87	157470	买盘
11:03:53	18.09	--	44	79596	卖盘
11:03:47	18.09	-0.01	10	18090	卖盘
11:03:42	18.1	0.01	86	155660	买盘
11:03:37	18.09	--	21	37989	卖盘
11:03:27	18.09	--	33	59697	卖盘
11:03:22	18.09	-0.01	10	18090	卖盘
11:03:12	18.1	0.01	68	123080	买盘
11:03:07	18.09	0.01	5	9045	买盘
11:03:02	18.08	--	44	79551	买盘
11:02:57	18.08	-0.01	42	75936	卖盘
11:02:52	18.09	0.01	5	9045	买盘
11:02:47	18.08	--	104	188031	卖盘
11:02:37	18.08	--	4	7231	卖盘
11:02:31	18.08	0.01	13	23503	买盘
11:02:22	18.07	-0.01	5	9035	卖盘
11:02:17	18.08	0.01	30	54239	买盘
11:02:07	18.07	0.01	37	66859	买盘
11:01:52	18.06	0.03	24	43614	买盘
11:01:36	18.03	-0.03	2	3606	卖盘
11:01:32	18.06	0.01	47	84882	买盘
11:01:22	18.05	--	64	115520	买盘
11:01:12	18.05	0.02	7	12635	买盘
11:01:07	18.03	--	4	7212	买盘
11:01:02	18.03	--	1	1803	卖盘
11:00:52	18.03	-0.02	6	10818	中性盘
11:00:46	18.05	0.01	67	120935	买盘
11:00:42	18.04	0.01	150	270600	买盘
11:00:32	18.03	--	0	0	买盘
11:00:22	18.03	0.03	5	9015	买盘
11:00:02	18.0	--	4	7200	卖盘
10:59:46	18.0	--	62	111600	买盘
10:59:37	18.0	--	60	108000	买盘
10:59:26	18.0	--	29	52200	买盘
10:59:21	18.0	--	38	68400	买盘
10:59:16	18.0	--	10	18000	买盘
10:59:11	18.0	0.01	12	21600	买盘
10:59:01	17.99	-0.01	1	1798	卖盘
10:58:56	18.0	--	45	81000	买盘
10:58:51	18.0	--	49	88200	买盘
10:58:46	18.0	0.01	50	90000	买盘
10:58:21	17.99	-0.01	27	48572	卖盘
10:58:11	18.0	0.01	10	18000	买盘
10:58:06	17.99	--	66	118733	买盘
10:57:51	17.99	--	24	43175	卖盘
10:57:47	17.99	-0.01	37	66563	卖盘
10:57:36	18.0	0.01	10	18000	买盘
10:57:11	17.99	--	7	12592	卖盘
10:57:01	17.99	--	20	35980	卖盘
10:56:36	17.99	--	34	61165	卖盘
10:56:31	17.99	-0.01	34	61165	卖盘
10:56:21	18.0	--	10	18000	买盘
10:55:40	18.0	0.01	74	133200	买盘
10:54:55	17.99	-0.01	20	35980	卖盘
10:54:51	18.0	--	16	28800	买盘
10:54:41	18.0	--	5	9000	买盘
10:54:30	18.0	--	10	18000	买盘
10:54:16	18.0	--	5	9000	买盘
10:54:11	18.0	--	325	585000	卖盘
10:54:01	18.0	--	11	19800	卖盘
10:53:46	18.0	-0.01	10	18000	卖盘
10:53:41	18.01	--	5	9005	买盘
10:53:31	18.01	--	11	19811	买盘
10:53:26	18.01	-0.02	26	48356	卖盘
10:53:20	18.03	--	5	9015	买盘
10:53:05	18.03	--	20	36060	买盘
10:53:00	18.03	0.02	5	9015	买盘
10:52:45	18.01	--	6	10806	卖盘
10:52:40	18.01	--	2	3602	卖盘
10:52:35	18.01	0.01	85	153355	买盘
10:52:15	18.0	--	5	9000	卖盘
10:52:10	18.0	0.01	4	7200	卖盘
10:52:05	17.99	--	9	16190	买盘
10:52:00	17.99	-0.02	49	88150	卖盘
10:51:50	18.01	0.01	157	282757	买盘
10:51:45	18.0	--	3	5400	买盘
10:51:40	18.0	--	20	36000	买盘
10:51:30	18.0	--	40	72000	买盘
10:51:15	18.0	--	3	5400	买盘
10:51:11	18.0	0.02	30	54000	买盘
10:50:39	17.98	-0.02	2	3596	卖盘
10:50:15	18.0	0.02	10	18000	买盘
10:49:55	17.98	--	4	7192	卖盘
10:49:49	17.98	-0.02	2	3596	卖盘
10:49:34	18.0	0.02	3	5400	买盘
10:49:25	17.98	-0.02	1	1798	卖盘
10:49:19	18.0	0.02	35	63000	买盘
10:49:10	17.98	-0.02	12	21576	卖盘
10:48:54	18.0	--	19	34200	买盘
10:48:25	18.0	-0.01	5	9000	中性盘
10:48:19	18.01	--	100	180100	买盘
10:48:10	18.01	--	0	0	买盘
10:48:04	18.01	0.03	2	3602	买盘
10:48:00	17.98	-0.03	10	17980	卖盘
10:47:55	18.01	0.01	100	180100	买盘
10:47:20	18.0	0.02	55	99000	买盘
10:47:14	17.98	--	28	50344	卖盘
10:47:10	17.98	0.01	10	17980	买盘
10:46:39	17.97	--	65	116804	买盘
10:46:24	17.97	--	12	21564	买盘
10:46:19	17.97	0.01	5	8985	买盘
10:46:04	17.96	--	2	3592	卖盘
10:45:54	17.96	-0.01	4	7184	卖盘
10:45:09	17.97	--	10	17970	买盘
10:45:04	17.97	-0.01	108	194076	卖盘
10:44:54	17.98	--	85	152830	卖盘
10:44:39	17.98	--	5	8990	卖盘
10:44:34	17.98	--	0	0	卖盘
10:44:29	17.98	--	2	3596	卖盘
10:44:24	17.98	--	5	8990	买盘
10:44:14	17.98	--	15	26970	买盘
10:44:09	17.98	-0.02	3	5394	卖盘
10:44:04	18.0	--	3	5400	卖盘
10:43:58	18.0	0.01	27	48600	买盘
10:43:54	17.99	--	40	71960	卖盘
10:43:49	17.99	--	1	1798	卖盘
10:43:39	17.99	--	2	3597	卖盘
10:43:34	17.99	0.01	126	226673	买盘
10:43:24	17.98	--	47	84506	买盘
10:43:19	17.98	-0.01	30	53940	卖盘
10:43:13	17.99	--	1	1798	买盘
10:43:04	17.99	-0.02	110	197889	卖盘
10:42:58	18.01	--	7	12607	买盘
10:42:54	18.01	0.01	46	82846	买盘
10:42:43	18.0	0.01	7	12600	买盘
10:42:34	17.99	--	18	32381	买盘
10:42:28	17.99	--	76	136724	买盘
10:42:19	17.99	--	0	0	买盘
10:42:13	17.99	-0.02	35	62964	卖盘
10:42:09	18.01	0.01	251	452051	买盘
10:42:04	18.0	0.01	15	27000	买盘
10:41:49	17.99	--	5	8995	买盘
10:41:34	17.99	--	10	17990	买盘
10:41:28	17.99	-0.01	10	17990	买盘
10:41:19	18.0	--	10	18000	买盘
10:41:13	18.0	0.01	5	9000	买盘
10:40:59	17.99	--	7	13150	买盘
10:40:49	17.99	--	10	17990	买盘
10:40:38	17.99	0.02	24	43175	买盘
10:40:34	17.97	-0.02	20	35940	卖盘
10:40:28	17.99	--	0	0	买盘
10:40:23	17.99	--	21	37779	买盘
10:40:18	17.99	0.02	28	50371	买盘
10:40:13	17.97	-0.01	5	8985	卖盘
10:40:08	17.98	--	0	0	买盘
10:40:03	17.98	0.01	74	133052	买盘
10:39:53	17.97	--	7	12579	卖盘
10:39:43	17.97	--	5	8985	卖盘
10:39:33	17.97	--	38	68286	买盘
10:39:13	17.97	--	0	0	买盘
10:39:08	17.97	0.01	49	88053	买盘
10:38:58	17.96	--	20	35920	买盘
10:38:53	17.96	--	0	0	买盘
10:38:48	17.96	--	0	0	买盘
10:38:43	17.96	0.04	193	346628	买盘
10:38:33	17.92	0.01	9	16128	买盘
10:38:18	17.91	--	28	50148	买盘
10:38:13	17.91	--	22	39402	买盘
10:38:03	17.91	0.01	5	8955	买盘
10:37:53	17.9	--	88	157520	买盘
10:37:48	17.9	0.02	50	89500	买盘
10:37:43	17.88	--	0	0	卖盘
10:37:23	17.88	--	12	21456	买盘
10:37:18	17.88	--	4	7152	买盘
10:37:12	17.88	--	6	10728	买盘
10:36:58	17.88	--	2	3576	买盘
10:36:53	17.88	-0.02	4	7152	卖盘
10:36:22	17.9	0.02	431	771489	买盘
10:36:07	17.88	-0.01	46	82248	卖盘
10:35:22	17.89	--	23	41147	卖盘
10:35:07	17.89	--	5	8945	卖盘
10:34:42	17.89	-0.01	8	14312	卖盘
10:33:52	17.9	--	30	53699	买盘
10:33:37	17.9	--	2	3579	买盘
10:33:07	17.9	-0.01	24	42960	卖盘
10:32:52	17.91	--	0	0	中性盘
10:32:27	17.91	--	15	26865	卖盘
10:32:12	17.91	--	0	0	中性盘
10:31:52	17.91	0.01	10	17910	买盘
10:31:27	17.9	--	40	71600	卖盘
10:30:57	17.9	--	2	3579	卖盘
10:30:52	17.9	--	3	5370	卖盘
10:30:31	17.9	--	10	17900	卖盘
10:30:22	17.9	--	5	8950	卖盘
10:30:16	17.9	-0.01	100	179000	卖盘
10:29:57	17.91	--	1	1791	卖盘
10:29:22	17.91	--	1	1791	卖盘
10:29:16	17.91	-0.02	18	32238	卖盘
10:29:07	17.93	--	10	17930	买盘
10:29:01	17.93	--	8	14344	卖盘
10:28:52	17.93	--	10	17930	卖盘
10:28:37	17.93	--	50	89650	卖盘
10:28:31	17.93	0.04	2	3586	买盘
10:28:22	17.89	--	0	0	卖盘
10:28:16	17.89	--	0	0	卖盘
10:28:07	17.89	--	0	0	卖盘
10:27:31	17.89	--	25	44725	买盘
10:27:06	17.89	0.01	22	39358	买盘
10:26:51	17.88	-0.01	5	8940	卖盘
10:26:46	17.89	-0.05	7	12523	买盘
10:26:36	17.94	--	46	82524	卖盘
10:26:31	17.94	--	103	184782	卖盘
10:26:26	17.94	--	4	7176	卖盘
10:26:16	17.94	0.02	57	102258	买盘
10:26:01	17.92	-0.02	18	32256	卖盘
10:25:46	17.94	--	30	53820	买盘
10:25:36	17.94	0.01	33	59202	买盘
10:25:31	17.93	0.01	21	37653	买盘
10:25:25	17.92	--	176	315392	买盘
10:25:21	17.92	--	0	0	买盘
10:25:16	17.92	0.01	52	93184	买盘
10:24:51	17.91	0.03	218	390438	买盘
10:24:46	17.88	-0.02	6	10728	卖盘
10:24:25	17.9	0.01	95	170050	买盘
10:23:55	17.89	--	0	0	卖盘
10:23:40	17.89	-0.02	3	5367	卖盘
10:23:25	17.91	--	7	12537	买盘
10:23:10	17.91	0.02	10	17910	买盘
10:23:06	17.89	-0.02	10	17890	卖盘
10:22:51	17.91	--	48	85968	买盘
10:22:36	17.91	-0.01	108	193428	卖盘
10:22:16	17.92	0.01	4	7168	买盘
10:21:55	17.91	--	5	8955	卖盘
10:21:49	17.91	-0.01	9	16119	卖盘
10:21:31	17.92	0.01	5	8960	买盘
10:21:20	17.91	-0.01	10	17910	卖盘
10:21:16	17.92	0.01	5	8960	买盘
10:21:10	17.91	0.01	7	12537	卖盘
10:21:05	17.9	--	0	0	卖盘
10:20:49	17.9	--	7	12529	买盘
10:20:45	17.9	--	14	25059	卖盘
10:20:40	17.9	-0.01	14	25059	卖盘
10:20:35	17.91	--	2	3582	买盘
10:20:25	17.91	0.01	5	8955	买盘
10:20:15	17.9	--	6	10740	卖盘
10:20:05	17.9	--	10	17900	卖盘
10:20:00	17.9	--	24	42960	卖盘
10:19:45	17.9	--	10	17900	卖盘
10:19:40	17.9	--	13	23269	卖盘
10:19:30	17.9	-0.02	108	193319	卖盘
10:19:25	17.92	--	0	0	买盘
10:19:20	17.92	0.02	3	5376	买盘
10:19:15	17.9	-0.02	20	35800	卖盘
10:19:00	17.92	--	54	96768	卖盘
10:18:45	17.92	--	8	14336	卖盘
10:18:40	17.92	--	13	23296	买盘
10:18:35	17.92	0.02	116	207872	买盘
10:18:30	17.9	--	1	1789	卖盘
10:18:25	17.9	--	9	16109	卖盘
10:18:20	17.9	--	2	3579	卖盘
10:18:15	17.9	--	7	12529	卖盘
10:18:10	17.9	-0.02	18	32219	卖盘
10:18:05	17.92	0.02	1	1792	买盘
10:18:00	17.9	--	10	17900	卖盘
10:17:55	17.9	--	0	0	中性盘
10:17:49	17.9	--	22	39380	买盘
10:17:45	17.9	0.02	3	5370	买盘
10:17:34	17.88	--	18	32184	买盘
10:17:30	17.88	0.02	8	14304	买盘
10:17:25	17.86	-0.01	2	3572	卖盘
10:17:10	17.87	0.02	21	37527	买盘
10:16:55	17.85	--	0	0	卖盘
10:16:49	17.85	-0.02	10	17850	卖盘
10:16:45	17.87	0.01	27	48249	买盘
10:16:34	17.86	-0.01	13	23218	买盘
10:16:30	17.87	0.03	10	17870	买盘
10:16:15	17.84	--	0	0	卖盘
10:16:10	17.84	--	0	0	卖盘
10:16:04	17.84	--	138	246192	买盘
10:15:55	17.84	--	0	0	买盘
10:15:40	17.84	-0.01	62	110608	卖盘
10:15:28	17.85	--	1	1785	买盘
10:15:24	17.85	--	20	35700	买盘
10:15:10	17.85	--	20	35700	买盘
10:15:04	17.85	--	11	19635	卖盘
10:14:59	17.85	0.02	50	89250	卖盘
10:14:39	17.83	--	0	0	卖盘
10:14:34	17.83	-0.02	14	24961	卖盘
10:14:29	17.85	--	6	10710	买盘
10:14:24	17.85	--	20	35700	买盘
10:13:54	17.85	--	35	62475	买盘
10:13:44	17.85	--	20	35700	买盘
10:13:39	17.85	0.03	1	1785	买盘
10:13:24	17.82	--	50	89100	卖盘
10:12:54	17.82	--	8	14256	卖盘
10:12:49	17.82	0.02	174	310068	买盘
10:12:44	17.8	--	20	35600	买盘
10:12:39	17.8	--	43	76540	买盘
10:12:34	17.8	--	0	0	买盘
10:12:09	17.8	0.01	20	35600	买盘
10:11:59	17.79	--	10	17790	卖盘
10:11:54	17.79	0.04	59	104961	买盘
10:11:49	17.75	0.01	2	3550	卖盘
10:11:28	17.74	--	0	0	卖盘
10:11:13	17.74	--	25	44349	买盘
10:11:04	17.74	--	2	3547	买盘
10:10:58	17.74	--	139	246585	买盘
10:10:49	17.74	--	5	8870	买盘
10:10:19	17.74	0.01	40	70960	买盘
10:10:04	17.73	0.03	24	42552	买盘
10:09:58	17.7	--	3	5310	卖盘
10:09:54	17.7	--	10	17700	卖盘
10:09:49	17.7	--	133	236755	买盘
10:09:43	17.7	--	6	10620	买盘
10:09:33	17.7	--	3	5310	买盘
10:09:28	17.7	--	90	159724	卖盘
10:09:04	17.7	--	16	28320	卖盘
10:08:58	17.7	--	19	34975	买盘
10:08:49	17.7	--	97	171690	买盘
10:08:43	17.7	--	28	49560	买盘
10:08:38	17.7	-0.03	188	333184	卖盘
10:08:33	17.73	--	4	7092	卖盘
10:08:28	17.73	0.01	0	1347	买盘
10:08:13	17.72	-0.01	2	3544	卖盘
10:07:48	17.73	0.03	40	70920	买盘
10:07:28	17.7	--	0	0	卖盘
10:07:18	17.7	-0.03	48	84960	卖盘
10:07:13	17.73	--	0	0	买盘
10:06:48	17.73	0.03	46	81558	买盘
10:06:33	17.7	-0.03	88	155760	卖盘
10:06:13	17.73	0.03	4	7092	买盘
10:06:03	17.7	-0.03	54	95580	卖盘
10:05:58	17.73	--	0	0	买盘
10:05:48	17.73	0.04	50	88650	买盘
10:05:33	17.69	0.01	64	113216	卖盘
10:05:28	17.68	--	0	0	卖盘
10:05:22	17.68	-0.01	9	17432	卖盘
10:05:18	17.69	--	8	14152	买盘
10:05:13	17.69	-0.01	185	327265	卖盘
10:04:58	17.7	--	9	15930	买盘
10:04:52	17.7	-0.03	282	499140	卖盘
10:04:43	17.73	--	22	39006	买盘
10:04:37	17.73	--	0	425	卖盘
10:04:33	17.73	--	0	248	卖盘
10:04:07	17.73	-0.02	29	52516	卖盘
10:03:58	17.75	-0.04	26	46150	卖盘
10:03:52	17.79	0.01	100	177900	买盘
10:03:48	17.78	--	113	200914	卖盘
10:03:37	17.78	-0.02	100	177800	卖盘
10:03:33	17.8	--	10	17800	买盘
10:03:17	17.8	--	3	5340	卖盘
10:03:13	17.8	--	25	44500	卖盘
10:03:07	17.8	--	20	35600	卖盘
10:02:52	17.8	--	22	39160	卖盘
10:02:32	17.8	--	5	8900	卖盘
10:02:22	17.8	-0.01	10	17800	卖盘
10:02:12	17.81	0.01	34	60553	买盘
10:01:52	17.8	--	25	44500	卖盘
10:01:27	17.8	--	21	37380	买盘
10:01:22	17.8	--	13	23140	卖盘
10:00:32	17.8	--	3	5340	卖盘
10:00:27	17.8	--	19	33820	卖盘
10:00:07	17.8	--	20	35600	卖盘
09:59:47	17.8	0.01	53	94340	买盘
09:59:42	17.79	-0.01	38	67602	卖盘
09:59:22	17.8	--	15	26700	卖盘
09:59:17	17.8	--	8	14240	卖盘
09:59:12	17.8	0.01	3	5340	卖盘
09:59:07	17.79	--	0	0	卖盘
09:58:16	17.79	-0.01	119	211701	卖盘
09:58:07	17.8	-0.01	50	89000	卖盘
09:58:01	17.81	--	11	19591	买盘
09:57:42	17.81	0.01	7	12467	买盘
09:57:01	17.8	--	18	32040	卖盘
09:56:52	17.8	--	34	60520	买盘
09:56:46	17.8	0.01	5	8900	买盘
09:56:37	17.79	-0.01	1	1779	卖盘
09:56:25	17.8	0.01	20	35600	买盘
09:56:01	17.79	--	35	62265	买盘
09:55:51	17.79	--	50	88950	买盘
09:55:46	17.79	--	15	26685	买盘
09:55:41	17.79	--	0	0	中性盘
09:55:36	17.79	-0.01	23	40917	卖盘
09:55:26	17.8	--	10	17800	买盘
09:55:16	17.8	0.01	2	3560	买盘
09:55:06	17.79	-0.01	10	17790	卖盘
09:55:01	17.8	0.01	10	17800	买盘
09:54:51	17.79	-0.01	1	1779	卖盘
09:54:36	17.8	0.02	15	26700	卖盘
09:54:21	17.78	--	0	0	卖盘
09:54:16	17.78	-0.03	7	12446	卖盘
09:53:51	17.81	0.03	3	5343	买盘
09:53:46	17.78	-0.03	160	284480	卖盘
09:53:31	17.81	-0.01	18	32057	卖盘
09:53:26	17.82	--	2	3564	买盘
09:53:21	17.82	--	0	0	中性盘
09:53:11	17.82	0.01	10	17820	买盘
09:52:56	17.81	--	1	1780	卖盘
09:52:51	17.81	--	2	3561	卖盘
09:52:45	17.81	--	136	242215	买盘
09:52:40	17.81	0.01	7	12467	买盘
09:52:31	17.8	-0.01	42	74760	卖盘
09:52:16	17.81	--	20	35620	买盘
09:52:10	17.81	-0.01	93	165633	卖盘
09:52:06	17.82	-0.03	10	17820	卖盘
09:52:01	17.85	0.04	6	10710	买盘
09:51:55	17.81	--	0	0	卖盘
09:51:51	17.81	--	0	0	卖盘
09:50:46	17.81	-0.04	38	67678	卖盘
09:50:35	17.85	0.05	44	78540	买盘
09:50:31	17.8	-0.04	10	17800	卖盘
09:50:16	17.84	0.04	10	17840	买盘
09:50:10	17.8	-0.01	6	10680	卖盘
09:50:01	17.81	0.01	2	3561	中性盘
09:49:45	17.8	-0.01	29	51620	卖盘
09:49:40	17.81	-0.03	6	10686	卖盘
09:49:30	17.84	--	1	1784	卖盘
09:49:25	17.84	-0.01	3	5352	卖盘
09:49:20	17.85	0.05	9	16065	买盘
09:49:15	17.8	--	2	3560	买盘
09:49:10	17.8	-0.06	310	551800	卖盘
09:49:05	17.86	--	20	35720	买盘
09:48:45	17.86	-0.04	9	16074	卖盘
09:48:40	17.9	0.05	5	8950	买盘
09:48:30	17.85	--	0	0	卖盘
09:48:25	17.85	--	2	3570	卖盘
09:48:15	17.85	-0.05	1	1785	卖盘
09:48:10	17.9	0.05	104	186159	买盘
09:48:05	17.85	0.01	5	8925	卖盘
09:47:45	17.84	--	0	0	卖盘
09:47:40	17.84	--	1	1784	卖盘
09:47:25	17.84	0.01	26	46384	卖盘
09:47:15	17.83	--	0	0	卖盘
09:47:10	17.83	-0.01	105	187214	卖盘
09:47:00	17.84	-0.02	52	92768	卖盘
09:46:55	17.86	--	8	14288	卖盘
09:46:45	17.86	-0.01	2	3572	卖盘
09:46:30	17.87	-0.01	33	58971	卖盘
09:46:10	17.88	--	61	109068	卖盘
09:46:04	17.88	-0.01	9	16092	卖盘
09:45:54	17.89	--	0	0	买盘
09:45:49	17.89	--	12	21468	卖盘
09:45:39	17.89	-0.01	8	14312	卖盘
09:45:34	17.9	0.03	26	46539	买盘
09:45:25	17.87	-0.02	89	159043	卖盘
09:45:04	17.89	--	63	112707	卖盘
09:44:54	17.89	-0.01	179	320231	卖盘
09:44:34	17.9	--	125	223749	买盘
09:44:25	17.9	--	10	17900	买盘
09:44:14	17.9	--	3	5370	卖盘
09:44:04	17.9	--	56	100239	卖盘
09:43:54	17.9	-0.01	156	279240	卖盘
09:43:14	17.91	0.01	4	7164	买盘
09:43:09	17.9	--	44	78760	卖盘
09:41:59	17.9	0.01	86	153940	买盘
09:41:49	17.89	--	30	53670	卖盘
09:41:44	17.89	--	36	64404	卖盘
09:41:39	17.89	--	4	7156	卖盘
09:41:34	17.89	--	1	1789	卖盘
09:41:29	17.89	--	50	89450	卖盘
09:41:24	17.89	--	2	3578	卖盘
09:41:09	17.89	-0.01	46	82294	卖盘
09:40:59	17.9	--	22	39380	卖盘
09:40:49	17.9	-0.01	20	35800	卖盘
09:40:39	17.91	-0.01	13	23283	卖盘
09:40:24	17.92	-0.01	130	232960	买盘
09:40:14	17.93	0.01	34	60962	买盘
09:40:09	17.92	--	5	8960	买盘
09:40:04	17.92	--	56	100352	卖盘
09:39:58	17.92	--	6	10752	卖盘
09:39:54	17.92	0.01	36	64512	买盘
09:39:48	17.91	-0.01	100	179100	卖盘
09:39:43	17.92	0.01	8	14336	买盘
09:39:28	17.91	-0.01	34	60894	卖盘
09:39:24	17.92	--	50	89600	买盘
09:39:13	17.92	--	9	16128	买盘
09:39:04	17.92	-0.01	140	250880	卖盘
09:38:54	17.93	0.01	8	14344	买盘
09:38:43	17.92	--	8	14336	卖盘
09:38:34	17.92	0.01	10	17920	卖盘
09:38:08	17.91	--	0	0	卖盘
09:38:04	17.91	-0.01	11	19701	卖盘
09:37:43	17.92	0.01	11	19712	买盘
09:37:38	17.91	--	15	26865	卖盘
09:37:22	17.91	-0.01	10	17910	卖盘
09:37:08	17.92	--	3	5376	买盘
09:37:03	17.92	0.01	5	8960	买盘
09:36:58	17.91	--	40	71640	卖盘
09:36:53	17.91	-0.01	5	8955	卖盘
09:36:48	17.92	--	10	17920	买盘
09:36:43	17.92	0.01	33	59136	买盘
09:36:18	17.91	--	20	35820	卖盘
09:36:03	17.91	-0.01	5	8955	卖盘
09:35:58	17.92	--	4	7168	买盘
09:35:48	17.92	0.01	1	1792	买盘
09:35:43	17.91	--	5	8955	卖盘
09:35:33	17.91	0.01	2	3582	买盘
09:35:28	17.9	--	24	42960	卖盘
09:35:23	17.9	-0.01	13	23269	卖盘
09:35:03	17.91	--	8	14328	卖盘
09:34:43	17.91	-0.01	8	14328	买盘
09:34:27	17.92	--	0	0	买盘
09:34:18	17.92	0.02	7	12544	买盘
09:34:03	17.9	--	4	7159	卖盘
09:33:57	17.9	-0.02	5	8950	卖盘
09:33:53	17.92	0.02	35	62720	买盘
09:33:48	17.9	-0.02	11	19690	卖盘
09:33:43	17.92	0.02	58	103936	买盘
09:33:37	17.9	--	10	17900	卖盘
09:33:27	17.9	--	70	125299	卖盘
09:33:22	17.9	--	27	48329	卖盘
09:33:07	17.9	--	0	0	卖盘
09:33:03	17.9	-0.02	20	35800	卖盘
09:32:52	17.92	0.02	3	5376	买盘
09:32:43	17.9	0.01	3	5370	卖盘
09:32:37	17.89	-0.01	6	10734	买盘
09:32:28	17.9	-0.02	4	7159	卖盘
09:32:22	17.92	0.04	3	5376	买盘
09:32:17	17.88	--	0	0	卖盘
09:32:07	17.88	--	32	57216	买盘
09:31:58	17.88	-0.07	44	78672	卖盘
09:31:52	17.95	0.07	49	87955	买盘
09:31:43	17.88	-0.05	10	17880	卖盘
09:31:37	17.93	-0.01	52	93236	买盘
09:31:32	17.94	--	0	0	买盘
09:31:27	17.94	--	0	0	买盘
09:31:22	17.94	0.01	27	48438	买盘
09:31:17	17.93	--	3	5379	卖盘
09:31:13	17.93	-0.02	7	12551	买盘
09:31:07	17.95	--	0	0	买盘
09:31:02	17.95	--	10	17950	买盘
09:30:57	17.95	--	0	0	买盘
09:30:52	17.95	--	2	3590	买盘
09:30:42	17.95	--	18	32310	买盘
09:30:37	17.95	-0.05	23	41285	卖盘
09:30:27	18.0	0.04	86	154800	买盘
09:30:16	17.96	0.11	58	104168	买盘
09:30:07	17.85	0.07	123	219555	买盘
09:28:46	17.78	--	0	0	卖盘
09:25:05	17.78	17.78	149	264922	买盘
