成交时间	成交价	价格变动	成交量(手)	成交额(元)	性质
15:00:00	49.95	--	0	0	买盘
15:00:00	49.95	--	0	0	买盘
14:59:59	49.95	-0.01	10	49950	卖盘
14:59:54	49.96	--	16	79936	买盘
14:59:49	49.96	0.01	3	14988	买盘
14:59:44	49.95	--	30	149850	卖盘
14:59:40	49.95	--	16	79920	卖盘
14:59:34	49.95	--	14	69930	卖盘
14:59:29	49.95	-0.01	9	44955	卖盘
14:59:24	49.96	0.01	1	4996	买盘
14:59:19	49.95	--	6	29970	卖盘
14:59:14	49.95	--	6	29970	卖盘
14:59:09	49.95	-0.01	4	19980	卖盘
14:59:04	49.96	0.01	10	49960	买盘
14:58:59	49.95	--	2	9990	买盘
14:58:54	49.95	-0.01	1	4995	中性盘
14:58:49	49.96	--	19	94924	买盘
14:58:44	49.96	--	10	49960	买盘
14:58:39	49.96	--	18	89928	买盘
14:58:34	49.96	0.01	3	14988	买盘
14:58:29	49.95	-0.01	1	4995	卖盘
14:58:24	49.96	0.02	6	29976	买盘
14:58:19	49.94	-0.02	2	9988	卖盘
14:58:14	49.96	0.02	1	4996	买盘
14:58:09	49.94	-0.01	11	54934	卖盘
14:58:04	49.95	--	4	19980	买盘
14:57:59	49.95	--	5	24975	买盘
14:57:54	49.95	--	0	0	中性盘
14:57:49	49.95	--	2	9990	卖盘
14:57:44	49.95	--	16	79920	卖盘
14:57:39	49.95	0.01	3	14985	卖盘
14:57:34	49.94	-0.02	12	59928	卖盘
14:57:24	49.96	0.01	2	9992	买盘
14:57:19	49.95	-0.01	1	4995	买盘
14:57:09	49.96	0.02	2	9992	买盘
14:57:04	49.94	-0.02	15	74910	卖盘
14:56:59	49.96	--	2	9992	卖盘
14:56:54	49.96	0.02	21	104916	买盘
14:56:49	49.94	-0.02	6	29964	卖盘
14:56:44	49.96	0.02	2	9992	买盘
14:56:39	49.94	-0.01	60	299640	卖盘
14:56:34	49.95	0.01	194	969030	买盘
14:56:29	49.94	--	11	54934	买盘
14:56:24	49.94	0.01	10	49940	买盘
14:56:09	49.93	--	3	14979	卖盘
14:56:04	49.93	--	2	9986	卖盘
14:55:54	49.93	--	2	9986	卖盘
14:55:49	49.93	--	12	59916	卖盘
14:55:44	49.93	--	6	29958	卖盘
14:55:39	49.93	--	14	69902	卖盘
14:55:34	49.93	--	3	14979	卖盘
14:55:29	49.93	-0.01	4	19972	卖盘
14:55:24	49.94	--	0	0	中性盘
14:55:09	49.94	-0.01	18	89892	买盘
14:55:03	49.95	--	0	0	买盘
14:54:54	49.95	--	10	49950	买盘
14:54:49	49.95	--	1	4995	买盘
14:54:44	49.95	--	5	24975	卖盘
14:54:33	49.95	-0.01	4	19980	卖盘
14:54:19	49.96	--	1	4996	买盘
14:54:13	49.96	--	7	34972	买盘
14:54:09	49.96	--	2	9992	买盘
14:53:58	49.96	--	2	9992	卖盘
14:53:53	49.96	-0.01	4	19984	卖盘
14:53:48	49.97	--	28	139916	买盘
14:53:39	49.97	--	0	0	买盘
14:53:33	49.97	0.02	43	214871	买盘
14:53:28	49.95	-0.02	19	99350	卖盘
14:53:23	49.97	0.02	22	109934	买盘
14:53:03	49.95	-0.01	26	129870	卖盘
14:52:58	49.96	0.01	22	110461	买盘
14:52:48	49.95	--	12	59940	卖盘
14:52:43	49.95	-0.01	12	59940	卖盘
14:52:38	49.96	--	3	14988	卖盘
14:52:33	49.96	--	0	0	卖盘
14:52:24	49.96	-0.01	3	14988	卖盘
14:52:17	49.97	0.02	6	29982	买盘
14:52:13	49.95	-0.02	3	14985	卖盘
14:52:02	49.97	--	24	119928	买盘
14:51:58	49.97	--	18	89946	买盘
14:51:53	49.97	--	1	4997	买盘
14:51:47	49.97	0.02	33	164901	买盘
14:51:43	49.95	--	2	9990	卖盘
14:51:38	49.95	-0.02	4	19980	卖盘
14:51:33	49.97	--	1	4997	买盘
14:51:28	49.97	--	5	24985	买盘
14:51:23	49.97	0.02	20	99940	买盘
14:51:17	49.95	--	2	9990	卖盘
14:51:13	49.95	--	45	224775	买盘
14:51:08	49.95	0.02	1	4995	买盘
14:50:58	49.93	-0.02	10	49930	卖盘
14:50:43	49.95	-0.01	6	29970	卖盘
14:50:32	49.96	0.01	4	19984	买盘
14:50:28	49.95	-0.01	1	4995	卖盘
14:50:13	49.96	0.01	23	114908	买盘
14:49:53	49.95	0.02	1	4995	买盘
14:49:43	49.93	-0.03	2	9986	卖盘
14:49:38	49.96	--	0	0	买盘
14:49:32	49.96	0.01	13	64948	买盘
14:49:28	49.95	-0.01	5	24975	卖盘
14:49:23	49.96	--	2	9992	买盘
14:49:12	49.96	-0.01	1	4996	卖盘
14:49:02	49.97	0.01	3	14991	买盘
14:48:58	49.96	--	3	14988	卖盘
14:48:47	49.96	--	1	4996	买盘
14:48:42	49.96	--	17	84932	买盘
14:48:38	49.96	--	4	19984	买盘
14:48:17	49.96	0.01	6	29976	买盘
14:48:12	49.95	-0.01	3	14985	卖盘
14:48:08	49.96	0.01	13	64948	买盘
14:48:02	49.95	--	7	34965	卖盘
14:47:57	49.95	--	3	14985	卖盘
14:47:53	49.95	0.03	14	69930	买盘
14:47:47	49.92	-0.03	2	9984	卖盘
14:47:43	49.95	0.04	44	219780	买盘
14:47:37	49.91	-0.04	5	24955	卖盘
14:47:32	49.95	0.04	11	54945	买盘
14:47:23	49.91	--	0	0	卖盘
14:47:17	49.91	--	1	4991	卖盘
14:47:02	49.91	0.01	25	124774	买盘
14:46:52	49.9	--	0	0	卖盘
14:46:47	49.9	--	78	389220	卖盘
14:46:42	49.9	-0.01	6	29940	卖盘
14:46:37	49.91	--	4	19964	买盘
14:46:32	49.91	0.01	2	9982	买盘
14:46:27	49.9	--	1	4990	卖盘
14:46:12	49.9	-0.01	6	29940	卖盘
14:46:07	49.91	0.01	15	74865	买盘
14:46:02	49.9	--	10	49900	卖盘
14:45:57	49.9	--	2	9980	卖盘
14:45:52	49.9	--	12	59880	卖盘
14:45:47	49.9	--	8	39920	卖盘
14:45:41	49.9	--	22	109780	卖盘
14:45:37	49.9	0.09	90	449100	买盘
14:45:32	49.81	--	8	39848	卖盘
14:45:26	49.81	--	5	24905	卖盘
14:44:52	49.81	--	0	0	卖盘
14:44:47	49.81	--	0	0	卖盘
14:44:41	49.81	-0.07	5	24905	卖盘
14:44:26	49.88	-0.03	1	4988	卖盘
14:44:22	49.91	--	0	0	买盘
14:44:11	49.91	--	0	0	买盘
14:44:02	49.91	0.11	41	204631	买盘
14:43:56	49.8	--	0	0	卖盘
14:43:37	49.8	-0.08	52	258959	卖盘
14:43:32	49.88	--	0	0	买盘
14:43:22	49.88	0.06	15	74820	买盘
14:43:11	49.82	-0.06	2	14397	卖盘
14:43:07	49.88	0.05	31	154628	买盘
14:42:56	49.83	-0.05	16	79728	卖盘
14:42:52	49.88	--	5	24940	卖盘
14:42:41	49.88	0.06	27	134676	买盘
14:42:36	49.82	--	0	0	卖盘
14:42:32	49.82	--	0	0	卖盘
14:42:26	49.82	-0.01	17	84694	卖盘
14:42:21	49.83	--	0	0	买盘
14:42:17	49.83	-0.06	7	34881	卖盘
14:42:11	49.89	0.01	8	39912	买盘
14:42:06	49.88	--	5	24940	卖盘
14:41:56	49.88	-0.01	5	24940	卖盘
14:41:51	49.89	--	2	9978	卖盘
14:41:46	49.89	0.01	3	14967	卖盘
14:41:32	49.88	--	0	0	卖盘
14:41:21	49.88	--	0	0	卖盘
14:41:11	49.88	-0.04	1	4988	卖盘
14:40:56	49.92	--	0	0	买盘
14:40:41	49.92	--	0	0	买盘
14:40:36	49.92	0.04	4	19968	买盘
14:40:26	49.88	--	1	4988	买盘
14:40:11	49.88	-0.04	2	9976	卖盘
14:39:41	49.92	0.02	5	24960	买盘
14:39:21	49.9	-0.02	50	249500	卖盘
14:39:16	49.92	-0.02	2	9984	卖盘
14:39:11	49.94	0.01	14	69916	买盘
14:39:05	49.93	--	2	9986	卖盘
14:38:50	49.93	--	8	39944	买盘
14:38:46	49.93	0.01	8	39944	买盘
14:38:41	49.92	--	10	49920	卖盘
14:38:31	49.92	-0.01	1	4992	卖盘
14:38:20	49.93	0.01	5	24965	买盘
14:38:16	49.92	-0.01	1	4992	买盘
14:38:05	49.93	0.01	10	49930	买盘
14:38:01	49.92	0.02	3	14976	买盘
14:37:50	49.9	--	3	14970	买盘
14:37:46	49.9	-0.02	14	69860	卖盘
14:37:41	49.92	0.02	2	9984	买盘
14:37:26	49.9	--	0	0	卖盘
14:37:20	49.9	-0.04	6	29940	卖盘
14:37:16	49.94	--	4	19976	买盘
14:36:56	49.94	0.04	4	19976	买盘
14:36:50	49.9	--	0	0	卖盘
14:36:46	49.9	-0.03	20	99800	卖盘
14:36:30	49.93	--	2	9986	卖盘
14:36:20	49.93	-0.02	20	99860	卖盘
14:36:15	49.95	0.02	11	54945	买盘
14:36:05	49.93	--	2	9986	买盘
14:35:50	49.93	-0.02	1	4993	买盘
14:35:45	49.95	--	0	0	买盘
14:35:26	49.95	--	0	0	中性盘
14:35:15	49.95	0.07	98	489510	买盘
14:35:05	49.88	--	7	34916	买盘
14:34:56	49.88	0.01	1	4988	买盘
14:34:40	49.87	--	1	4987	卖盘
14:34:20	49.87	0.05	40	199480	买盘
14:34:10	49.82	-0.01	5	24910	卖盘
14:34:05	49.83	0.01	4	19932	买盘
14:33:50	49.82	--	3	14946	卖盘
14:33:45	49.82	--	5	25458	买盘
14:33:40	49.82	--	2	9964	买盘
14:33:35	49.82	0.02	1	4982	买盘
14:33:30	49.8	--	5	24900	买盘
14:33:25	49.8	--	1	4980	买盘
14:33:15	49.8	0.01	3	14940	买盘
14:33:10	49.79	0.03	2	9958	买盘
14:33:00	49.76	--	0	0	卖盘
14:32:44	49.76	--	0	0	卖盘
14:32:40	49.76	--	12	59712	买盘
14:32:35	49.76	--	28	139328	买盘
14:32:29	49.76	-0.03	55	278606	卖盘
14:32:25	49.79	0.01	0	49	买盘
14:32:20	49.78	0.01	12	59736	买盘
14:32:10	49.77	0.01	1	4977	买盘
14:32:05	49.76	--	3	19605	买盘
14:31:59	49.76	--	36	179136	买盘
14:31:55	49.76	0.02	1	4976	买盘
14:31:44	49.74	--	10	49740	卖盘
14:31:40	49.74	--	5	24870	卖盘
14:31:25	49.74	--	4	19896	买盘
14:31:14	49.74	-0.02	11	54714	卖盘
14:30:59	49.76	0.04	30	149280	买盘
14:30:55	49.72	-0.01	20	99440	卖盘
14:30:44	49.73	-0.03	3	14918	卖盘
14:30:40	49.76	0.03	1	4976	买盘
14:30:35	49.73	-0.01	10	49730	卖盘
14:30:29	49.74	-0.01	20	99480	卖盘
14:30:14	49.75	0.01	6	29850	买盘
14:30:09	49.74	-0.01	5	24870	卖盘
14:29:54	49.75	0.01	2	9950	买盘
14:29:44	49.74	--	1	4974	卖盘
14:29:34	49.74	--	1	4974	卖盘
14:29:29	49.74	-0.01	5	24870	卖盘
14:29:09	49.75	--	16	79600	卖盘
14:29:04	49.75	-0.01	3	14925	卖盘
14:28:29	49.76	--	2	9952	买盘
14:28:24	49.76	--	2	9952	卖盘
14:28:14	49.76	-0.01	2	9952	卖盘
14:27:59	49.77	-0.01	3	14931	卖盘
14:27:54	49.78	--	1	4978	买盘
14:27:49	49.78	0.01	1	4978	买盘
14:27:44	49.77	-0.01	9	44793	卖盘
14:27:39	49.78	-0.01	5	24890	卖盘
14:27:29	49.79	--	8	39832	买盘
14:27:14	49.79	-0.01	6	34803	卖盘
14:27:09	49.8	--	1	4980	买盘
14:26:59	49.8	0.01	22	109609	买盘
14:26:44	49.79	-0.01	6	34803	卖盘
14:26:38	49.8	--	2	9960	买盘
14:26:34	49.8	--	2	9960	买盘
14:26:29	49.8	0.01	10	49800	买盘
14:26:14	49.79	0.01	2	10007	买盘
14:26:08	49.78	--	2	9956	卖盘
14:26:04	49.78	--	12	59736	卖盘
14:25:53	49.78	--	2	9956	卖盘
14:25:49	49.78	-0.01	2	9956	卖盘
14:25:34	49.79	--	1	4979	买盘
14:25:23	49.79	--	25	124475	买盘
14:25:08	49.79	-0.01	20	99580	卖盘
14:25:04	49.8	--	5	24900	买盘
14:24:53	49.8	--	10	49800	买盘
14:24:43	49.8	--	10	49800	买盘
14:24:23	49.8	-0.02	43	214140	卖盘
14:23:48	49.82	--	12	59784	买盘
14:23:34	49.82	--	2	9964	买盘
14:23:18	49.82	0.02	20	99640	买盘
14:22:58	49.8	--	5	24900	买盘
14:22:38	49.8	--	0	0	中性盘
14:22:23	49.8	-0.02	10	49800	买盘
14:22:03	49.82	0.02	15	74730	买盘
14:21:58	49.8	-0.02	1	4980	卖盘
14:21:43	49.82	0.03	1	4982	买盘
14:21:33	49.79	--	0	0	卖盘
14:21:08	49.79	-0.03	2	9958	卖盘
14:20:48	49.82	--	0	0	卖盘
14:20:43	49.82	-0.05	6	29892	卖盘
14:20:38	49.87	0.05	1	4987	买盘
14:20:33	49.82	0.03	2	9964	卖盘
14:20:28	49.79	--	16	84045	买盘
14:20:17	49.79	--	30	149370	买盘
14:20:13	49.79	-0.03	52	263289	卖盘
14:20:08	49.82	0.03	10	49820	买盘
14:19:58	49.79	--	0	0	卖盘
14:19:53	49.79	-0.01	12	60146	卖盘
14:19:47	49.8	0.01	14	69720	买盘
14:19:32	49.79	0.02	27	134632	买盘
14:19:28	49.77	--	8	39816	卖盘
14:19:17	49.77	--	4	19908	买盘
14:19:02	49.77	0.02	2	9954	买盘
14:18:58	49.75	--	5	24875	卖盘
14:18:17	49.75	--	9	44775	卖盘
14:18:13	49.75	0.02	40	203925	买盘
14:18:02	49.73	--	5	24865	卖盘
14:17:58	49.73	-0.02	3	14918	卖盘
14:17:47	49.75	0.01	24	119400	买盘
14:17:28	49.74	--	2	9948	卖盘
14:17:22	49.74	0.02	6	29844	买盘
14:17:17	49.72	-0.01	4	19888	买盘
14:17:12	49.73	--	8	39784	卖盘
14:17:07	49.73	0.01	2	9946	卖盘
14:17:02	49.72	-0.01	21	104412	卖盘
14:16:57	49.73	--	24	119351	买盘
14:16:52	49.73	-0.01	5	24865	买盘
14:16:47	49.74	0.02	17	84558	买盘
14:16:42	49.72	-0.01	28	139216	卖盘
14:16:37	49.73	--	0	0	卖盘
14:16:27	49.73	-0.01	10	49730	卖盘
14:16:17	49.74	-0.01	15	74610	卖盘
14:16:07	49.75	-0.02	1	4975	卖盘
14:16:02	49.77	-0.01	6	29862	卖盘
14:15:47	49.78	--	36	179208	卖盘
14:15:42	49.78	-0.01	8	39824	卖盘
14:15:27	49.79	-0.01	13	64727	卖盘
14:15:22	49.8	0.01	10	49800	买盘
14:15:12	49.79	-0.01	2	9958	卖盘
14:14:57	49.8	-0.01	19	94620	卖盘
14:14:47	49.81	-0.01	14	69734	卖盘
14:14:37	49.82	--	5	24910	买盘
14:14:32	49.82	--	1	4982	买盘
14:14:27	49.82	--	7	34874	卖盘
14:14:22	49.82	-0.01	1	4982	卖盘
14:14:17	49.83	0.01	29	144507	买盘
14:14:12	49.82	-0.01	3	14946	卖盘
14:13:56	49.83	--	10	49830	卖盘
14:13:41	49.83	--	0	0	卖盘
14:13:37	49.83	-0.02	26	129558	卖盘
14:13:32	49.85	--	6	29910	买盘
14:13:17	49.85	-0.02	14	69790	卖盘
14:13:07	49.87	--	1	4987	买盘
14:13:02	49.87	-0.01	10	49870	卖盘
14:12:41	49.88	--	5	24940	卖盘
14:12:37	49.88	-0.02	6	29928	卖盘
14:12:11	49.9	-0.03	17	88622	卖盘
14:12:02	49.93	--	0	0	买盘
14:11:56	49.93	--	51	255841	买盘
14:11:37	49.93	-0.01	3	14979	卖盘
14:11:32	49.94	0.01	1	4994	买盘
14:11:26	49.93	--	2	9986	卖盘
14:11:22	49.93	--	9	44937	卖盘
14:11:16	49.93	--	10	49930	卖盘
14:11:11	49.93	--	10	49930	卖盘
14:11:01	49.93	--	2	9986	卖盘
14:10:56	49.93	-0.01	8	39944	卖盘
14:10:41	49.94	--	2	9988	买盘
14:10:31	49.94	0.01	3	14982	买盘
14:10:26	49.93	-0.01	1	4993	卖盘
14:10:11	49.94	--	6	29964	卖盘
14:10:06	49.94	-0.01	20	99880	卖盘
14:09:36	49.95	--	9	44955	卖盘
14:08:51	49.95	-0.01	11	54945	卖盘
14:08:41	49.96	--	3	14988	买盘
14:08:31	49.96	--	1	4996	买盘
14:08:26	49.96	--	5	24980	卖盘
14:08:21	49.96	-0.02	2	9992	卖盘
14:08:06	49.98	0.02	7	34986	中性盘
14:08:01	49.96	-0.02	12	59952	卖盘
14:07:56	49.98	--	3	14993	买盘
14:07:41	49.98	0.02	10	49980	买盘
14:07:26	49.96	--	0	0	卖盘
14:07:20	49.96	--	6	29976	卖盘
14:07:05	49.96	-0.01	1	4996	卖盘
14:06:35	49.97	--	1	4997	卖盘
14:06:26	49.97	-0.01	3	14991	卖盘
14:06:20	49.98	--	1	4998	买盘
14:05:46	49.98	--	2	9996	买盘
14:05:41	49.98	--	3	14993	卖盘
14:05:20	49.98	--	3	14993	卖盘
14:05:16	49.98	--	2	9996	买盘
14:04:55	49.98	--	5	24990	卖盘
14:04:31	49.98	--	1	4998	卖盘
14:04:25	49.98	--	3	14993	卖盘
14:03:55	49.98	--	6	29987	卖盘
14:03:40	49.98	--	28	139944	买盘
14:03:35	49.98	--	0	0	买盘
14:03:30	49.98	0.01	27	134946	买盘
14:03:20	49.97	0.01	3	14991	买盘
14:02:50	49.96	-0.01	7	34972	卖盘
14:02:35	49.97	--	2	9994	卖盘
14:02:10	49.97	-0.01	1	4997	卖盘
14:02:00	49.98	--	0	0	买盘
14:01:50	49.98	--	3	14993	买盘
14:01:45	49.98	--	0	0	买盘
14:01:30	49.98	0.01	8	39984	买盘
14:01:15	49.97	--	0	0	中性盘
14:01:10	49.97	--	5	24985	卖盘
14:00:59	49.97	--	16	79952	买盘
14:00:20	49.97	--	12	59964	买盘
14:00:05	49.97	--	1	4997	中性盘
13:59:59	49.97	-0.01	23	114931	卖盘
13:59:55	49.98	0.01	16	79968	买盘
13:59:50	49.97	--	2	9994	卖盘
13:59:40	49.97	0.02	19	94943	买盘
13:59:35	49.95	--	3	14985	卖盘
13:59:29	49.95	--	2	9990	卖盘
13:59:20	49.95	-0.01	1	4995	卖盘
13:59:14	49.96	0.01	13	64948	买盘
13:58:25	49.95	--	21	104895	卖盘
13:58:14	49.95	--	6	29970	卖盘
13:58:10	49.95	0.01	23	114885	买盘
13:57:59	49.94	0.01	6	29964	卖盘
13:57:54	49.93	--	0	0	卖盘
13:57:44	49.93	--	12	59916	卖盘
13:57:39	49.93	--	10	49930	卖盘
13:57:24	49.93	--	0	0	卖盘
13:57:04	49.93	--	0	0	卖盘
13:56:54	49.93	-0.04	4	19972	卖盘
13:56:49	49.97	0.04	2	9994	买盘
13:56:44	49.93	-0.02	3	14979	卖盘
13:56:29	49.95	0.02	1	4995	买盘
13:55:59	49.93	--	6	29958	卖盘
13:55:44	49.93	--	13	64909	卖盘
13:55:39	49.93	--	6	29958	卖盘
13:55:34	49.93	0.01	79	394447	买盘
13:55:29	49.92	-0.01	2	9984	买盘
13:55:09	49.93	--	0	0	买盘
13:54:54	49.93	-0.02	24	119832	卖盘
13:54:49	49.95	--	0	0	中性盘
13:54:44	49.95	0.02	10	49950	卖盘
13:54:34	49.93	--	0	0	卖盘
13:54:29	49.93	-0.05	24	119832	卖盘
13:54:24	49.98	0.05	10	49980	买盘
13:54:14	49.93	--	10	49930	卖盘
13:54:04	49.93	--	0	0	卖盘
13:53:59	49.93	-0.02	2	9986	卖盘
13:53:44	49.95	--	10	49950	卖盘
13:53:23	49.95	-0.03	1	4995	卖盘
13:53:04	49.98	-0.02	2	9996	卖盘
13:52:53	50.0	--	2	10000	买盘
13:52:49	50.0	0.02	2	10000	买盘
13:52:38	49.98	--	0	0	中性盘
13:52:34	49.98	-0.02	1	4998	卖盘
13:52:23	50.0	--	12	60000	卖盘
13:52:19	50.0	-0.01	2	10000	卖盘
13:52:08	50.01	-0.01	5	25005	买盘
13:51:53	50.02	0.02	3	15006	买盘
13:51:49	50.0	--	3	15000	卖盘
13:51:34	50.0	--	20	100000	卖盘
13:51:29	50.0	0.05	62	310000	买盘
13:51:19	49.95	--	0	0	中性盘
13:51:08	49.95	-0.01	6	29970	卖盘
13:50:53	49.96	--	5	24980	卖盘
13:50:48	49.96	0.01	13	64948	买盘
13:50:38	49.95	--	0	0	中性盘
13:50:23	49.95	--	0	0	中性盘
13:50:18	49.95	0.02	30	149850	买盘
13:50:08	49.93	--	0	0	卖盘
13:50:03	49.93	-0.04	9	44937	卖盘
13:49:53	49.97	--	0	0	中性盘
13:49:48	49.97	-0.01	13	64961	卖盘
13:49:38	49.98	-0.02	5	24990	卖盘
13:49:33	50.0	--	15	75000	卖盘
13:49:18	50.0	--	1	5000	卖盘
13:49:08	50.0	--	0	0	卖盘
13:48:58	50.0	--	25	125000	卖盘
13:48:53	50.0	--	24	120000	卖盘
13:48:48	50.0	-0.02	5	25000	卖盘
13:48:43	50.02	0.02	49	245098	买盘
13:48:28	50.0	-0.02	5	25000	卖盘
13:48:18	50.02	0.01	5	25010	买盘
13:48:13	50.01	0.01	1	5001	买盘
13:48:08	50.0	--	1	5000	卖盘
13:48:03	50.0	-0.01	6	30000	卖盘
13:47:58	50.01	-0.01	1	5001	卖盘
13:47:53	50.02	0.01	17	85034	买盘
13:47:47	50.01	-0.01	14	70014	卖盘
13:47:43	50.02	--	41	205082	买盘
13:47:38	50.02	--	1	5002	买盘
13:47:33	50.02	--	4	20008	买盘
13:47:17	50.02	--	6	30012	卖盘
13:47:13	50.02	--	5	25010	卖盘
13:47:08	50.02	--	2	10004	卖盘
13:46:53	50.02	--	5	25010	卖盘
13:46:47	50.02	--	12	60024	买盘
13:46:43	50.02	--	20	100040	买盘
13:46:38	50.02	--	17	85034	买盘
13:46:32	50.02	0.01	10	50020	买盘
13:46:28	50.01	--	28	140028	卖盘
13:46:23	50.01	--	2	10002	卖盘
13:46:17	50.01	0.01	7	35007	买盘
13:46:13	50.0	--	5	25000	卖盘
13:46:02	50.0	--	5	25000	卖盘
13:45:58	50.0	--	1	5000	卖盘
13:45:38	50.0	-0.02	10	50000	卖盘
13:45:32	50.02	0.02	2	10004	买盘
13:45:28	50.0	--	1	5000	卖盘
13:45:22	50.0	--	15	75000	卖盘
13:45:02	50.0	-0.02	1	5000	卖盘
13:44:57	50.02	0.02	3	15006	买盘
13:44:32	50.0	-0.02	10	50000	卖盘
13:44:22	50.02	0.01	15	75030	买盘
13:44:17	50.01	--	3	15003	卖盘
13:44:12	50.01	0.01	21	105021	买盘
13:44:07	50.0	--	0	0	卖盘
13:44:02	50.0	-0.01	16	80000	卖盘
13:43:57	50.01	0.01	36	180036	买盘
13:43:32	50.0	--	18	90000	卖盘
13:43:27	50.0	0.03	65	325000	买盘
13:43:22	49.97	--	6	29982	买盘
13:43:12	49.97	--	107	534679	卖盘
13:43:02	49.97	--	2	9994	卖盘
13:42:57	49.97	--	11	54967	卖盘
13:42:52	49.97	--	6	29982	买盘
13:42:47	49.97	--	2	9994	买盘
13:42:27	49.97	0.04	1	4997	买盘
13:42:22	49.93	-0.04	2	9986	卖盘
13:42:12	49.97	--	0	0	买盘
13:42:02	49.97	--	0	0	中性盘
13:41:57	49.97	--	0	0	中性盘
13:41:47	49.97	-0.01	8	39976	买盘
13:41:37	49.98	--	0	0	买盘
13:41:32	49.98	--	3	14993	买盘
13:41:22	49.98	--	10	49980	买盘
13:41:17	49.98	-0.01	1	4998	卖盘
13:41:11	49.99	0.01	5	24995	买盘
13:41:07	49.98	--	2	9996	卖盘
13:41:02	49.98	--	1	4998	卖盘
13:40:47	49.98	0.05	11	54978	买盘
13:40:41	49.93	--	0	0	中性盘
13:40:37	49.93	--	4	19972	卖盘
13:40:22	49.93	-0.05	2	9986	卖盘
13:40:11	49.98	0.05	82	409836	买盘
13:40:07	49.93	0.02	5	24965	卖盘
13:39:52	49.91	--	0	0	卖盘
13:39:47	49.91	--	0	0	卖盘
13:39:41	49.91	-0.02	110	549010	卖盘
13:39:37	49.93	--	2	9986	买盘
13:39:31	49.93	--	3	14979	买盘
13:39:11	49.93	--	10	49930	卖盘
13:38:56	49.93	--	5	24965	卖盘
13:38:52	49.93	-0.01	2	9986	卖盘
13:38:41	49.94	0.01	15	74910	买盘
13:38:37	49.93	--	10	49930	卖盘
13:38:26	49.93	--	2	9986	卖盘
13:38:22	49.93	--	0	0	卖盘
13:38:11	49.93	-0.02	1	4993	中性盘
13:38:06	49.95	--	6	29970	买盘
13:37:56	49.95	--	1	4995	买盘
13:37:51	49.95	--	4	19980	中性盘
13:37:36	49.95	-0.02	3	14985	卖盘
13:37:11	49.97	--	0	0	买盘
13:36:56	49.97	0.06	2	9994	买盘
13:36:41	49.91	-0.06	5	24955	卖盘
13:36:36	49.97	0.07	2	9994	买盘
13:36:21	49.9	--	0	0	卖盘
13:36:06	49.9	0.02	28	139720	买盘
13:35:46	49.88	--	0	0	卖盘
13:35:41	49.88	-0.01	1	4988	卖盘
13:35:36	49.89	0.01	1	4989	买盘
13:35:21	49.88	0.03	17	84796	买盘
13:35:16	49.85	--	13	64805	买盘
13:35:11	49.85	--	9	44865	买盘
13:34:56	49.85	-0.03	8	39880	卖盘
13:34:51	49.88	--	10	49880	买盘
13:34:35	49.88	--	2	9976	买盘
13:34:31	49.88	--	10	49880	买盘
13:34:26	49.88	-0.1	4	19952	卖盘
13:34:20	49.98	0.1	92	459816	买盘
13:34:16	49.88	-0.01	12	59856	卖盘
13:33:56	49.89	--	3	14967	卖盘
13:33:50	49.89	--	4	19956	卖盘
13:33:35	49.89	--	1	4989	卖盘
13:33:31	49.89	-0.01	1	4989	卖盘
13:33:16	49.9	--	0	0	中性盘
13:33:01	49.9	--	15	74850	买盘
13:32:50	49.9	--	5	24950	买盘
13:32:46	49.9	--	5	24950	卖盘
13:32:25	49.9	0.02	5	24950	卖盘
13:32:20	49.88	--	0	0	卖盘
13:32:15	49.88	--	0	0	卖盘
13:32:05	49.88	--	1	4988	卖盘
13:31:55	49.88	-0.02	1	4988	卖盘
13:31:45	49.9	--	0	0	中性盘
13:31:30	49.9	-0.08	2	9980	卖盘
13:31:15	49.98	--	1	4998	卖盘
13:31:10	49.98	--	1	4998	卖盘
13:31:05	49.98	-0.01	1	4998	卖盘
13:31:00	49.99	--	44	219956	卖盘
13:30:50	49.99	--	7	34993	卖盘
13:30:45	49.99	--	15	74985	卖盘
13:30:40	49.99	--	11	54989	卖盘
13:30:25	49.99	-0.01	7	34993	卖盘
13:30:15	50.0	--	28	140000	卖盘
13:30:10	50.0	--	8	40000	卖盘
13:30:05	50.0	-0.01	5	25000	买盘
13:30:00	50.01	0.01	12	60012	买盘
13:29:50	50.0	-0.02	5	25000	卖盘
13:29:45	50.02	--	0	0	买盘
13:29:40	50.02	0.02	6	30012	买盘
13:29:35	50.0	--	30	150000	卖盘
13:29:20	50.0	--	0	0	卖盘
13:29:15	50.0	-0.02	5	25000	卖盘
13:29:10	50.02	0.02	3	15006	买盘
13:29:05	50.0	-0.03	20	100000	卖盘
13:28:59	50.03	0.01	5	25015	买盘
13:28:55	50.02	--	2	10004	卖盘
13:28:50	50.02	0.01	25	125050	卖盘
13:28:30	50.01	--	0	0	卖盘
13:28:20	50.01	--	4	20004	卖盘
13:28:10	50.01	0.01	3	15003	买盘
13:27:55	50.0	-0.01	7	35000	卖盘
13:27:50	50.01	-0.04	4	20004	中性盘
13:27:44	50.05	0.04	28	143493	买盘
13:27:40	50.01	--	0	0	卖盘
13:27:29	50.01	-0.02	5	25005	卖盘
13:27:25	50.03	0.01	3	15009	买盘
13:27:20	50.02	--	3	15006	买盘
13:27:14	50.02	0.01	2	10004	买盘
13:27:10	50.01	--	3	15003	卖盘
13:26:59	50.01	--	4	20004	卖盘
13:26:55	50.01	--	20	101670	买盘
13:26:50	50.01	0.01	8	40008	买盘
13:26:44	50.0	--	0	0	买盘
13:26:40	50.0	-0.01	29	145000	中性盘
13:26:29	50.01	0.02	5	25005	买盘
13:26:25	49.99	-0.01	1	4999	买盘
13:26:19	50.0	--	0	3350	卖盘
13:26:14	50.0	-0.01	52	261650	卖盘
13:26:10	50.01	0.03	295	1475295	买盘
13:26:04	49.98	--	3	14993	买盘
13:25:59	49.98	--	3	14993	买盘
13:25:55	49.98	0.03	3	14993	买盘
13:25:49	49.95	--	1	4995	买盘
13:25:44	49.95	-0.02	12	59940	卖盘
13:25:40	49.97	--	54	269838	卖盘
13:25:34	49.97	0.02	37	184889	买盘
13:25:29	49.95	--	11	54945	买盘
13:25:19	49.95	0.07	7	34965	买盘
13:25:09	49.88	-0.07	9	44892	卖盘
13:25:04	49.95	--	3	14985	卖盘
13:24:54	49.95	--	2	9990	买盘
13:24:44	49.95	0.06	112	559440	买盘
13:24:39	49.89	0.01	10	49890	买盘
13:24:29	49.88	0.01	6	29928	买盘
13:24:14	49.87	--	3	14961	卖盘
13:24:09	49.87	0.05	81	403947	买盘
13:23:59	49.82	-0.01	7	34874	卖盘
13:23:44	49.83	0.01	3	14949	买盘
13:23:39	49.82	--	3	14946	卖盘
13:23:19	49.82	--	1	4982	卖盘
13:23:14	49.82	--	24	119568	买盘
13:23:09	49.82	--	2	9964	买盘
13:22:59	49.82	0.01	4	19928	买盘
13:22:49	49.81	-0.01	2	9962	卖盘
13:22:44	49.82	--	2	9964	买盘
13:22:39	49.82	0.01	3	14946	买盘
13:22:24	49.81	--	0	0	卖盘
13:22:14	49.81	--	3	14943	卖盘
13:22:09	49.81	--	3	14943	买盘
13:21:49	49.81	0.01	8	39848	买盘
13:21:34	49.8	--	51	256171	买盘
13:21:19	49.8	--	24	119520	买盘
13:21:14	49.8	--	25	124500	买盘
13:21:04	49.8	--	10	49800	买盘
13:20:59	49.8	--	1	4980	买盘
13:20:53	49.8	0.01	1	4980	买盘
13:20:49	49.79	-0.01	31	154349	卖盘
13:20:38	49.8	--	13	64739	买盘
13:20:23	49.8	--	3	14940	买盘
13:20:19	49.8	--	66	328680	买盘
13:20:08	49.8	--	2	9960	买盘
13:20:04	49.8	--	54	268920	买盘
13:19:49	49.8	--	1	4980	买盘
13:19:33	49.8	--	0	0	买盘
13:19:18	49.8	0.02	22	109560	买盘
13:19:13	49.78	--	1	4978	买盘
13:19:08	49.78	-0.02	16	79648	卖盘
13:19:03	49.8	--	76	378480	买盘
13:18:48	49.8	--	51	253980	买盘
13:18:43	49.8	0.03	49	244020	买盘
13:18:33	49.77	--	0	0	卖盘
13:18:23	49.77	-0.03	4	19908	卖盘
13:18:18	49.8	0.02	10	49800	买盘
13:18:13	49.78	--	1	4978	卖盘
13:18:08	49.78	-0.02	2	9956	卖盘
13:18:03	49.8	0.02	52	258959	买盘
13:17:48	49.78	--	10	49780	买盘
13:17:38	49.78	0.01	1	4978	买盘
13:17:33	49.77	-0.01	31	154287	卖盘
13:17:23	49.78	0.01	8	39824	买盘
13:17:18	49.77	--	5	24885	卖盘
13:17:08	49.77	--	1	4977	卖盘
13:16:58	49.77	--	15	74655	卖盘
13:16:53	49.77	--	5	24885	卖盘
13:16:48	49.77	0.01	47	233919	买盘
13:16:38	49.76	--	5	24880	卖盘
13:16:33	49.76	--	1	4976	卖盘
13:16:28	49.76	0.03	36	179136	买盘
13:16:23	49.73	--	0	0	卖盘
13:16:18	49.73	--	3	14918	卖盘
13:16:13	49.73	--	2	9946	卖盘
13:16:08	49.73	--	29	144217	卖盘
13:15:58	49.73	-0.02	15	74595	卖盘
13:15:53	49.75	--	5	24875	买盘
13:15:43	49.75	--	6	29850	卖盘
13:15:17	49.75	--	55	273625	卖盘
13:15:13	49.75	--	5	24875	卖盘
13:15:08	49.75	--	18	89550	卖盘
13:14:58	49.75	--	0	0	卖盘
13:14:47	49.75	-0.03	15	74625	卖盘
13:14:43	49.78	0.01	17	84626	买盘
13:14:32	49.77	-0.02	15	74655	卖盘
13:14:28	49.79	--	0	0	买盘
13:14:23	49.79	0.01	21	104559	买盘
13:14:12	49.78	--	22	109516	卖盘
13:14:02	49.78	--	2	9956	卖盘
13:13:58	49.78	-0.01	5	24890	卖盘
13:13:47	49.79	0.01	6	29874	买盘
13:13:43	49.78	--	1	4978	卖盘
13:13:32	49.78	-0.01	8	39824	卖盘
13:13:28	49.79	0.01	20	99580	买盘
13:13:22	49.78	-0.02	5	24890	卖盘
13:13:17	49.8	--	5	24900	买盘
13:13:07	49.8	--	10	49800	买盘
13:13:02	49.8	--	25	124500	买盘
13:12:57	49.8	--	2	9960	买盘
13:12:52	49.8	--	13	64739	买盘
13:12:32	49.8	--	3	14940	买盘
13:12:27	49.8	--	76	378480	买盘
13:12:22	49.8	0.01	10	49800	买盘
13:12:12	49.79	-0.01	2	9958	中性盘
13:12:02	49.8	0.01	13	64739	买盘
13:11:57	49.79	--	0	0	中性盘
13:11:52	49.79	--	1	4979	买盘
13:11:47	49.79	--	7	34853	买盘
13:11:37	49.79	0.01	1	4979	买盘
13:11:32	49.78	-0.01	2	9956	卖盘
13:11:17	49.79	0.01	6	29874	买盘
13:11:12	49.78	--	1	4978	卖盘
13:11:02	49.78	-0.01	5	24890	卖盘
13:10:57	49.79	0.01	8	39832	买盘
13:10:52	49.78	-0.01	1	4978	卖盘
13:10:47	49.79	0.01	30	149370	买盘
13:10:37	49.78	--	2	9956	买盘
13:10:27	49.78	--	5	24890	买盘
13:10:17	49.78	--	3	14934	买盘
13:10:12	49.78	--	10	49780	买盘
13:10:02	49.78	0.02	5	24890	买盘
13:09:47	49.76	0.01	4	19904	买盘
13:09:42	49.75	-0.01	7	34825	卖盘
13:09:37	49.76	--	1	4976	买盘
13:09:32	49.76	--	1	4976	卖盘
13:09:22	49.76	--	1	4976	卖盘
13:09:17	49.76	--	1	4976	卖盘
13:09:12	49.76	0.01	10	49760	中性盘
13:09:02	49.75	-0.01	22	109450	卖盘
13:08:57	49.76	--	7	34832	买盘
13:08:52	49.76	--	2	9952	买盘
13:08:42	49.76	--	24	119424	买盘
13:08:37	49.76	-0.02	16	79616	卖盘
13:08:22	49.78	0.02	4	19912	买盘
13:08:11	49.76	-0.01	10	49760	卖盘
13:08:07	49.77	--	0	0	中性盘
13:07:56	49.77	0.01	20	99540	买盘
13:07:37	49.76	--	2	9952	卖盘
13:07:26	49.76	--	0	0	卖盘
13:07:16	49.76	0.01	9	44784	买盘
13:07:11	49.75	0.01	32	159200	买盘
13:07:06	49.74	--	11	54714	卖盘
13:07:01	49.74	-0.01	5	24870	卖盘
13:06:41	49.75	--	10	49750	卖盘
13:06:37	49.75	-0.01	6	29850	卖盘
13:06:26	49.76	--	5	24880	买盘
13:06:06	49.76	--	3	14928	买盘
13:06:01	49.76	-0.02	9	44784	卖盘
13:05:51	49.78	--	1	4978	买盘
13:05:41	49.78	0.02	3	14934	中性盘
13:05:36	49.76	--	1	4976	卖盘
13:05:26	49.76	-0.02	42	208992	卖盘
13:05:21	49.78	0.02	1	4978	买盘
13:05:11	49.76	--	4	19904	卖盘
13:05:06	49.76	--	2	9952	卖盘
13:04:36	49.76	-0.02	2	9952	卖盘
13:04:31	49.78	--	3	14934	卖盘
13:04:26	49.78	--	2	9956	卖盘
13:03:51	49.78	--	3	14934	卖盘
13:03:41	49.78	--	11	54758	买盘
13:03:26	49.78	0.03	1	4978	买盘
13:03:16	49.75	--	0	0	卖盘
13:03:06	49.75	-0.03	3	14925	卖盘
13:03:01	49.78	0.02	22	109516	买盘
13:02:51	49.76	-0.03	6	29856	卖盘
13:02:31	49.79	0.01	14	69706	买盘
13:02:26	49.78	-0.01	8	39824	卖盘
13:02:21	49.79	--	6	29874	买盘
13:02:16	49.79	--	37	184223	买盘
13:02:06	49.79	0.01	26	129454	买盘
13:02:01	49.78	-0.01	2	9956	卖盘
13:01:50	49.79	--	0	0	买盘
13:01:46	49.79	--	2	9958	买盘
13:01:41	49.79	--	5	24895	买盘
13:01:35	49.79	--	0	0	买盘
13:01:31	49.79	--	11	54769	买盘
13:01:20	49.79	--	2	9958	买盘
13:01:11	49.79	--	1	4979	买盘
13:01:01	49.79	--	0	0	买盘
13:00:50	49.79	0.04	11	54769	买盘
13:00:46	49.75	--	0	0	卖盘
13:00:40	49.75	-0.05	1	4975	卖盘
13:00:35	49.8	0.01	1	4980	买盘
13:00:25	49.79	-0.01	2	9958	卖盘
13:00:20	49.8	0.01	22	109560	买盘
13:00:15	49.79	--	5	24895	买盘
13:00:10	49.79	0.05	23	114517	买盘
13:00:05	49.74	0.03	217	1079358	中性盘
11:30:00	49.71	--	0	0	卖盘
11:30:00	49.71	--	0	0	卖盘
11:29:57	49.71	--	0	0	卖盘
11:29:47	49.71	-0.09	2	9942	卖盘
11:29:42	49.8	0.08	103	512939	买盘
11:29:37	49.72	--	2	9944	买盘
11:29:07	49.72	0.01	2	9944	买盘
11:29:02	49.71	-0.01	5	24855	卖盘
11:28:57	49.72	--	3	14916	买盘
11:28:52	49.72	0.01	17	84524	买盘
11:28:47	49.71	--	2	9942	卖盘
11:28:42	49.71	0.01	18	89478	买盘
11:28:17	49.7	-0.01	2	9940	卖盘
11:28:02	49.71	--	1	4971	买盘
11:27:57	49.71	--	12	59652	卖盘
11:27:32	49.71	0.01	2	9942	卖盘
11:27:22	49.7	--	1	4970	买盘
11:27:17	49.7	--	5	24850	买盘
11:27:02	49.7	--	17	84490	卖盘
11:26:56	49.7	-0.01	20	99400	卖盘
11:26:47	49.71	--	6	29826	买盘
11:26:36	49.71	--	1	4971	买盘
11:26:32	49.71	--	3	14913	卖盘
11:26:27	49.71	--	4	19884	卖盘
11:26:21	49.71	-0.01	10	49710	卖盘
11:26:17	49.72	--	14	69608	卖盘
11:26:06	49.72	--	2	9944	卖盘
11:25:46	49.72	--	0	0	卖盘
11:25:42	49.72	--	0	0	中性盘
11:25:36	49.72	--	2	9944	买盘
11:25:21	49.72	-0.06	5	24860	卖盘
11:25:11	49.78	0.06	2	9956	买盘
11:24:51	49.72	--	1	4972	卖盘
11:24:26	49.72	--	4	19888	中性盘
11:24:21	49.72	--	5	24860	卖盘
11:24:16	49.72	-0.06	1	4972	卖盘
11:24:01	49.78	-0.01	3	14934	卖盘
11:23:56	49.79	-0.01	1	4979	卖盘
11:23:51	49.8	--	27	134460	买盘
11:23:46	49.8	--	1	4980	买盘
11:23:41	49.8	--	18	89640	买盘
11:23:36	49.8	-0.02	26	129479	卖盘
11:23:26	49.82	-0.01	5	24910	卖盘
11:23:21	49.83	0.03	10	49830	买盘
11:23:11	49.8	--	6	29880	卖盘
11:23:06	49.8	0.02	83	413340	买盘
11:23:01	49.78	--	5	24890	卖盘
11:22:56	49.78	-0.02	1	4978	卖盘
11:22:51	49.8	0.01	9	44820	买盘
11:22:41	49.79	--	0	0	买盘
11:22:36	49.79	0.02	2	9958	买盘
11:22:26	49.77	0.03	57	283689	买盘
11:22:21	49.74	--	4	19896	卖盘
11:22:16	49.74	0.01	7	34818	买盘
11:22:11	49.73	0.01	4	19892	中性盘
11:22:06	49.72	--	2	9944	卖盘
11:21:56	49.72	--	9	44748	卖盘
11:21:51	49.72	--	5	24860	卖盘
11:21:41	49.72	0.01	4	19888	买盘
11:21:36	49.71	--	6	29826	卖盘
11:21:21	49.71	0.01	8	39768	买盘
11:21:11	49.7	--	13	64610	买盘
11:21:06	49.7	0.01	9	44730	买盘
11:20:55	49.69	-0.01	2	9938	卖盘
11:20:51	49.7	0.01	3	14910	买盘
11:20:46	49.69	--	0	0	买盘
11:20:31	49.69	--	0	0	买盘
11:20:26	49.69	0.03	26	129194	买盘
11:20:15	49.66	--	3	14897	买盘
11:20:11	49.66	--	1	4966	买盘
11:20:06	49.66	--	10	49660	买盘
11:19:55	49.66	0.01	1	4966	买盘
11:19:51	49.65	--	4	19860	卖盘
11:19:41	49.65	--	5	24825	卖盘
11:19:36	49.65	0.01	31	153915	买盘
11:19:20	49.64	--	1	4964	卖盘
11:19:15	49.64	--	4	19856	买盘
11:18:45	49.64	0.02	4	19856	买盘
11:18:35	49.62	--	6	29772	卖盘
11:18:20	49.62	--	0	0	买盘
11:18:10	49.62	0.02	1	4962	买盘
11:18:00	49.6	-0.02	16	79360	卖盘
11:17:25	49.62	0.02	13	64506	买盘
11:17:15	49.6	--	10	49600	卖盘
11:17:00	49.6	-0.02	23	114080	卖盘
11:16:55	49.62	0.02	1	4962	买盘
11:16:40	49.6	--	2	9920	卖盘
11:16:35	49.6	-0.02	1	4960	卖盘
11:16:25	49.62	0.02	2	9924	买盘
11:16:20	49.6	-0.02	1	4960	卖盘
11:16:10	49.62	--	4	19848	卖盘
11:15:45	49.62	-0.03	4	19848	卖盘
11:15:40	49.65	0.03	1	4965	买盘
11:15:35	49.62	-0.03	1	4962	卖盘
11:15:30	49.65	0.03	3	14895	买盘
11:15:05	49.62	--	1	4962	卖盘
11:15:00	49.62	-0.03	1	4962	卖盘
11:14:45	49.65	-0.03	18	89370	卖盘
11:14:40	49.68	0.03	3	14904	买盘
11:14:25	49.65	0.03	12	59580	买盘
11:14:20	49.62	--	10	49620	卖盘
11:14:05	49.62	0.02	10	49620	买盘
11:13:54	49.6	-0.02	1	4960	卖盘
11:13:50	49.62	0.07	1	4962	买盘
11:13:14	49.55	-0.06	32	158560	卖盘
11:13:09	49.61	--	4	19844	卖盘
11:13:04	49.61	0.06	9	44649	买盘
11:12:44	49.55	-0.06	5	24775	卖盘
11:12:39	49.61	0.01	8	39688	买盘
11:12:34	49.6	--	20	99200	买盘
11:12:29	49.6	--	1	4960	买盘
11:12:09	49.6	0.06	2	9920	买盘
11:12:04	49.54	-0.06	5	24770	卖盘
11:11:59	49.6	--	1	4960	买盘
11:11:54	49.6	--	3	14880	买盘
11:11:39	49.6	--	1	4960	买盘
11:11:14	49.6	-0.02	4	19840	买盘
11:10:59	49.62	--	0	0	买盘
11:10:54	49.62	--	0	0	买盘
11:10:44	49.62	0.11	8	39696	买盘
11:10:29	49.51	--	0	0	卖盘
11:10:24	49.51	--	1	4951	卖盘
11:10:19	49.51	-0.11	1	4951	卖盘
11:10:14	49.62	0.12	6	29772	买盘
11:09:59	49.5	--	0	0	卖盘
11:09:44	49.5	--	0	0	卖盘
11:09:39	49.5	--	3	14850	卖盘
11:09:14	49.5	--	3	14850	卖盘
11:08:54	49.5	-0.11	35	173250	卖盘
11:08:39	49.61	--	0	0	卖盘
11:08:34	49.61	--	0	0	卖盘
11:08:19	49.61	--	0	0	卖盘
11:08:14	49.61	--	5	24805	卖盘
11:08:03	49.61	-0.04	1	4961	卖盘
11:07:48	49.65	-0.01	2	9930	卖盘
11:07:39	49.66	-0.03	1	4966	卖盘
11:07:33	49.69	--	0	0	买盘
11:07:24	49.69	--	0	0	买盘
11:07:13	49.69	--	21	104349	买盘
11:07:08	49.69	--	4	19876	买盘
11:07:03	49.69	--	1	4969	买盘
11:06:53	49.69	--	1	4969	卖盘
11:06:48	49.69	--	53	263357	卖盘
11:06:38	49.69	--	10	49690	卖盘
11:06:33	49.69	-0.01	4	19876	卖盘
11:06:28	49.7	0.01	3	14910	买盘
11:06:18	49.69	-0.01	8	39752	卖盘
11:06:13	49.7	0.01	6	29820	买盘
11:06:09	49.69	--	7	34783	卖盘
11:06:03	49.69	--	6	29814	卖盘
11:05:58	49.69	--	10	49690	卖盘
11:05:53	49.69	--	20	99380	卖盘
11:05:48	49.69	--	2	9938	卖盘
11:05:38	49.69	--	7	34783	卖盘
11:05:33	49.69	-0.02	4	19876	卖盘
11:05:18	49.71	0.02	10	49710	买盘
11:05:13	49.69	-0.02	6	29814	卖盘
11:05:08	49.71	--	6	29826	买盘
11:04:48	49.71	--	0	0	买盘
11:04:43	49.71	-0.01	9	44739	卖盘
11:04:38	49.72	--	23	114356	买盘
11:04:28	49.72	0.01	1	4972	卖盘
11:04:23	49.71	--	0	0	卖盘
11:04:18	49.71	-0.01	2	9942	卖盘
11:04:12	49.72	-0.01	1	4972	卖盘
11:04:08	49.73	--	11	54703	买盘
11:04:03	49.73	--	2	9946	卖盘
11:03:58	49.73	-0.02	1	4973	卖盘
11:03:53	49.75	--	0	0	买盘
11:03:48	49.75	--	33	164175	买盘
11:03:33	49.75	--	9	44775	买盘
11:03:23	49.75	-0.01	13	64675	卖盘
11:03:18	49.76	--	1	4976	买盘
11:03:13	49.76	--	2	9952	买盘
11:03:08	49.76	--	5	24880	卖盘
11:03:02	49.76	--	11	54736	卖盘
11:02:53	49.76	0.03	34	169184	买盘
11:02:48	49.73	--	1	4973	卖盘
11:02:38	49.73	-0.02	1	4973	卖盘
11:02:32	49.75	0.02	4	19900	买盘
11:02:28	49.73	-0.02	3	14918	卖盘
11:02:23	49.75	0.02	3	14925	买盘
11:02:17	49.73	-0.03	30	149190	卖盘
11:02:13	49.76	--	5	24880	卖盘
11:02:08	49.76	0.04	40	199040	买盘
11:02:03	49.72	-0.03	2	9944	中性盘
11:01:57	49.75	0.05	23	114425	买盘
11:01:53	49.7	-0.01	8	39760	卖盘
11:01:47	49.71	--	2	9942	买盘
11:01:42	49.71	--	0	0	买盘
11:01:38	49.71	0.01	4	19884	买盘
11:01:32	49.7	0.02	3	14910	买盘
11:01:22	49.68	--	0	0	卖盘
11:01:17	49.68	0.02	10	49680	卖盘
11:01:12	49.66	-0.05	1	4966	中性盘
11:01:08	49.71	0.01	1	4971	卖盘
11:01:02	49.7	0.05	23	114310	买盘
11:00:53	49.65	--	6	29790	买盘
11:00:42	49.65	0.04	4	19860	买盘
11:00:38	49.61	0.02	3	14883	买盘
11:00:32	49.59	-0.01	21	104139	卖盘
11:00:27	49.6	0.01	8	39680	买盘
11:00:22	49.59	--	1	4959	买盘
11:00:17	49.59	--	7	34713	买盘
11:00:12	49.59	--	3	14877	买盘
11:00:07	49.59	0.03	5	24795	买盘
11:00:02	49.56	-0.02	25	123900	卖盘
10:59:57	49.58	0.02	8	39664	买盘
10:59:52	49.56	--	12	59472	卖盘
10:59:42	49.56	--	7	34692	买盘
10:59:32	49.56	--	1	4956	买盘
10:59:22	49.56	0.02	1	4956	买盘
10:59:17	49.54	0.04	1	4954	买盘
10:59:12	49.5	--	3	14850	卖盘
10:59:02	49.5	-0.03	6	29700	卖盘
10:58:57	49.53	0.04	7	34671	买盘
10:58:47	49.49	-0.01	1	4949	卖盘
10:58:42	49.5	--	0	0	买盘
10:58:32	49.5	0.01	32	158400	买盘
10:58:27	49.49	-0.01	1	4949	买盘
10:58:17	49.5	0.02	50	247500	买盘
10:58:12	49.48	-0.02	4	19792	买盘
10:58:07	49.5	--	0	0	买盘
10:58:02	49.5	0.02	88	435600	买盘
10:57:57	49.48	-0.01	1	4948	中性盘
10:57:26	49.49	0.1	203	1004647	买盘
10:57:17	49.39	-0.04	1	4939	卖盘
10:56:46	49.43	--	0	0	买盘
10:56:41	49.43	--	1	4943	买盘
10:56:26	49.43	--	0	0	买盘
10:56:16	49.43	--	1	4943	卖盘
10:56:06	49.43	--	16	79088	卖盘
10:56:02	49.43	--	2	9886	卖盘
10:55:56	49.43	--	21	103803	买盘
10:55:51	49.43	--	0	0	买盘
10:55:46	49.43	--	6	29658	买盘
10:55:36	49.43	--	0	0	买盘
10:55:26	49.43	-0.01	1	4943	买盘
10:55:21	49.44	--	0	0	买盘
10:55:16	49.44	--	16	79104	买盘
10:55:11	49.44	0.03	2	9888	买盘
10:54:56	49.41	-0.03	1	4941	买盘
10:54:51	49.44	--	0	0	买盘
10:54:46	49.44	--	3	14832	买盘
10:54:41	49.44	--	3	14832	卖盘
10:54:26	49.44	--	1	4944	卖盘
10:54:21	49.44	0.03	4	19776	买盘
10:54:16	49.41	--	2	9882	卖盘
10:54:06	49.41	--	21	103761	卖盘
10:54:01	49.41	--	0	0	中性盘
10:53:56	49.41	-0.04	3	14822	买盘
10:53:51	49.45	--	0	0	买盘
10:53:46	49.45	--	0	0	买盘
10:53:41	49.45	--	21	103845	卖盘
10:53:36	49.45	--	4	19780	买盘
10:53:26	49.45	--	6	29670	买盘
10:53:21	49.45	--	16	79120	卖盘
10:53:16	49.45	-0.03	20	98900	卖盘
10:53:11	49.48	--	0	0	买盘
10:53:06	49.48	0.03	6	29687	买盘
10:52:51	49.45	0.04	34	168130	买盘
10:52:46	49.41	--	1	4941	卖盘
10:52:41	49.41	-0.01	6	29645	中性盘
10:52:36	49.42	0.03	4	19768	买盘
10:52:31	49.39	0.04	10	49390	买盘
10:52:26	49.35	-0.05	3	14805	卖盘
10:52:21	49.4	0.01	12	59280	买盘
10:52:16	49.39	--	0	0	中性盘
10:52:00	49.39	0.05	30	148170	买盘
10:51:51	49.34	--	2	9868	卖盘
10:51:46	49.34	0.04	8	39472	买盘
10:51:30	49.3	-0.03	3	14790	卖盘
10:51:11	49.33	0.03	5	24665	买盘
10:51:05	49.3	-0.03	1	4930	买盘
10:50:50	49.33	--	0	0	买盘
10:50:45	49.33	-0.01	1	4933	中性盘
10:50:41	49.34	--	1	4934	买盘
10:50:35	49.34	--	24	118416	买盘
10:50:30	49.34	--	14	69076	买盘
10:50:26	49.34	--	1	4934	买盘
10:50:20	49.34	0.01	57	281238	买盘
10:50:11	49.33	0.06	11	54263	买盘
10:50:05	49.27	-0.03	9	44343	卖盘
10:50:00	49.3	-0.03	2	9860	中性盘
10:49:56	49.33	--	0	0	买盘
10:49:40	49.33	--	0	0	买盘
10:49:26	49.33	-0.01	1	4933	中性盘
10:49:20	49.34	--	1	4934	买盘
10:49:10	49.34	--	0	0	买盘
10:48:55	49.34	--	0	0	买盘
10:48:50	49.34	--	0	0	买盘
10:48:25	49.34	0.06	1	4934	买盘
10:48:20	49.28	--	3	14784	买盘
10:48:00	49.28	-0.02	2	9856	买盘
10:47:55	49.3	-0.05	1	4930	卖盘
10:47:50	49.35	0.05	1	4935	买盘
10:47:35	49.3	--	2	9860	买盘
10:47:30	49.3	0.05	1	4930	买盘
10:47:20	49.25	0.05	7	34475	买盘
10:47:10	49.2	--	2	11463	买盘
10:47:05	49.2	-0.05	5	24600	卖盘
10:47:00	49.25	0.06	1	4925	买盘
10:46:55	49.19	--	0	0	卖盘
10:46:50	49.19	--	1	4919	卖盘
10:46:40	49.19	--	0	0	卖盘
10:46:35	49.19	-0.01	2	9838	卖盘
10:46:30	49.2	--	7	34440	买盘
10:46:15	49.2	--	0	3296	卖盘
10:46:05	49.2	-0.05	2	9840	卖盘
10:45:50	49.25	--	5	24625	买盘
10:45:30	49.25	-0.05	9	44325	卖盘
10:45:24	49.3	0.05	6	29580	买盘
10:45:20	49.25	--	0	0	卖盘
10:45:14	49.25	-0.05	4	19700	卖盘
10:45:09	49.3	--	1	4930	买盘
10:44:54	49.3	--	5	24650	买盘
10:44:24	49.3	--	5	24650	买盘
10:44:20	49.3	--	0	0	买盘
10:44:14	49.3	--	4	19720	卖盘
10:44:05	49.3	--	16	78880	卖盘
10:43:59	49.3	-0.01	10	49300	卖盘
10:43:54	49.31	--	4	19724	买盘
10:43:44	49.31	0.01	7	34517	中性盘
10:43:39	49.3	-0.07	2	9860	卖盘
10:43:35	49.37	--	0	0	买盘
10:43:29	49.37	0.04	10	49370	买盘
10:43:24	49.33	--	0	0	中性盘
10:43:20	49.33	--	7	34531	卖盘
10:43:05	49.33	-0.06	5	24665	卖盘
10:42:59	49.39	--	0	0	买盘
10:42:54	49.39	--	0	0	买盘
10:42:49	49.39	0.05	5	24695	买盘
10:42:29	49.34	-0.05	2	9868	卖盘
10:42:19	49.39	0.06	4	19756	中性盘
10:42:14	49.33	-0.07	1	4933	卖盘
10:42:09	49.4	--	1	4940	卖盘
10:42:04	49.4	0.07	13	64220	买盘
10:41:49	49.33	0.01	1	4933	卖盘
10:41:44	49.32	-0.08	5	24660	卖盘
10:41:34	49.4	0.1	41	202540	买盘
10:41:29	49.3	--	2	9860	卖盘
10:41:24	49.3	--	5	24650	卖盘
10:41:14	49.3	--	4	19720	卖盘
10:40:59	49.3	0.01	25	123250	买盘
10:40:54	49.29	-0.01	5	24645	中性盘
10:40:49	49.3	0.03	3	14790	买盘
10:40:39	49.27	-0.02	1	4927	卖盘
10:40:34	49.29	--	4	19716	买盘
10:40:24	49.29	-0.01	4	19716	卖盘
10:40:19	49.3	--	6	29580	买盘
10:40:14	49.3	--	0	0	买盘
10:40:04	49.3	0.04	5	24650	买盘
10:39:59	49.26	0.01	2	9852	买盘
10:39:54	49.25	--	2	9850	买盘
10:39:49	49.25	0.03	9	44325	买盘
10:39:34	49.22	0.02	4	21312	买盘
10:39:29	49.2	--	10	49200	买盘
10:39:14	49.2	0.03	20	98400	买盘
10:39:09	49.17	--	2	9834	买盘
10:38:59	49.17	0.01	5	24585	买盘
10:38:53	49.16	--	5	24580	卖盘
10:38:49	49.16	--	21	103236	卖盘
10:38:44	49.16	--	30	149151	买盘
10:38:29	49.16	0.03	36	176976	买盘
10:38:23	49.13	-0.03	46	225998	卖盘
10:38:08	49.16	0.01	51	250715	买盘
10:38:04	49.15	-0.01	1	4915	买盘
10:37:59	49.16	--	0	0	买盘
10:37:53	49.16	--	23	113067	买盘
10:37:44	49.16	0.01	10	49160	买盘
10:37:38	49.15	--	5	24575	买盘
10:37:33	49.15	-0.01	1	4915	买盘
10:37:29	49.16	--	0	0	买盘
10:37:23	49.16	--	5	24580	买盘
10:37:18	49.16	0.01	25	122899	买盘
10:37:13	49.15	--	1	4915	买盘
10:37:08	49.15	0.04	2	9830	买盘
10:37:03	49.11	--	0	0	卖盘
10:36:58	49.11	--	5	25291	卖盘
10:36:38	49.11	--	15	73665	卖盘
10:36:28	49.11	--	2	9822	卖盘
10:36:14	49.11	--	19	93309	卖盘
10:36:03	49.11	--	0	0	卖盘
10:35:58	49.11	--	1	4911	卖盘
10:35:53	49.11	-0.01	12	58932	卖盘
10:35:43	49.12	--	1	4912	买盘
10:35:38	49.12	--	6	29472	卖盘
10:35:23	49.12	-0.03	20	98240	卖盘
10:35:18	49.15	--	5	24575	买盘
10:35:13	49.15	--	0	0	买盘
10:35:08	49.15	0.02	4	19660	买盘
10:35:03	49.13	--	0	0	卖盘
10:34:58	49.13	-0.03	10	49130	卖盘
10:34:53	49.16	--	0	0	买盘
10:34:43	49.16	--	16	78656	买盘
10:34:37	49.16	-0.01	16	78656	买盘
10:34:33	49.17	0.01	11	54087	买盘
10:34:18	49.16	--	3	18041	卖盘
10:34:13	49.16	--	0	1622	买盘
10:33:52	49.16	0.02	37	181892	买盘
10:33:48	49.14	--	1	4914	卖盘
10:33:37	49.14	--	0	0	中性盘
10:33:33	49.14	--	3	14742	买盘
10:33:23	49.14	0.01	1	4914	买盘
10:33:03	49.13	--	42	206346	买盘
10:32:48	49.13	--	8	39304	买盘
10:32:43	49.13	--	10	49130	买盘
10:32:33	49.13	--	2	9826	买盘
10:32:22	49.13	--	3	14739	卖盘
10:32:17	49.13	-0.02	1	4913	卖盘
10:32:12	49.15	--	2	9830	买盘
10:32:08	49.15	0.02	6	29490	买盘
10:32:02	49.13	-0.02	8	39304	卖盘
10:31:52	49.15	0.02	10	49150	买盘
10:31:47	49.13	-0.03	6	29478	卖盘
10:31:42	49.16	--	0	0	买盘
10:31:37	49.16	--	2	9832	买盘
10:31:32	49.16	--	0	0	买盘
10:31:27	49.16	0.03	3	14747	买盘
10:31:17	49.13	-0.03	33	162129	卖盘
10:31:07	49.16	--	4	19664	买盘
10:31:02	49.16	--	3	14747	买盘
10:30:57	49.16	--	2	9832	买盘
10:30:52	49.16	--	7	34412	买盘
10:30:47	49.16	--	13	63907	卖盘
10:30:42	49.16	--	0	0	卖盘
10:30:37	49.16	-0.02	2	9832	卖盘
10:30:32	49.18	--	1	4918	买盘
10:30:17	49.18	-0.02	5	24590	中性盘
10:30:12	49.2	0.01	17	83640	买盘
10:30:07	49.19	-0.01	5	24595	买盘
10:30:02	49.2	0.06	11	54120	买盘
10:29:52	49.14	-0.06	6	29484	卖盘
10:29:47	49.2	0.09	22	108240	买盘
10:29:42	49.11	-0.09	6	29466	卖盘
10:29:37	49.2	0.09	10	49200	买盘
10:29:32	49.11	-0.03	12	58932	卖盘
10:29:27	49.14	--	0	0	中性盘
10:29:22	49.14	0.01	8	39312	买盘
10:29:07	49.13	0.03	6	29478	买盘
10:29:02	49.1	0.25	268	1318433	买盘
10:28:52	48.85	--	0	0	中性盘
10:28:42	48.85	--	1	4885	买盘
10:28:37	48.85	-0.1	54	263790	卖盘
10:28:27	48.95	--	0	0	中性盘
10:28:22	48.95	--	0	0	卖盘
10:28:17	48.95	0.01	15	73425	买盘
10:28:12	48.94	-0.01	3	14682	卖盘
10:27:52	48.95	0.01	1	4895	买盘
10:27:46	48.94	--	0	0	中性盘
10:27:31	48.94	--	1	4894	买盘
10:27:27	48.94	--	21	102774	买盘
10:27:16	48.94	0.07	11	53834	买盘
10:27:12	48.87	--	0	0	卖盘
10:27:07	48.87	--	0	0	卖盘
10:26:52	48.87	0.01	2	9774	卖盘
10:26:42	48.86	--	0	0	卖盘
10:26:37	48.86	-0.08	16	78176	卖盘
10:26:26	48.94	--	0	0	买盘
10:26:16	48.94	--	8	39152	买盘
10:26:12	48.94	0.08	5	24470	中性盘
10:26:01	48.86	-0.09	3	14658	卖盘
10:25:46	48.95	--	0	0	中性盘
10:25:41	48.95	--	2	9790	中性盘
10:25:36	48.95	--	4	19580	买盘
10:25:31	48.95	--	2	9790	买盘
10:25:11	48.95	--	1	4895	买盘
10:25:06	48.95	0.1	1	4895	买盘
10:25:01	48.85	--	11	53735	买盘
10:24:41	48.85	-0.13	27	131895	卖盘
10:24:31	48.98	0.01	23	112654	买盘
10:24:16	48.97	--	0	0	买盘
10:24:11	48.97	--	1	4897	买盘
10:24:06	48.97	0.01	13	63661	买盘
10:24:01	48.96	--	0	0	买盘
10:23:56	48.96	0.01	3	14688	买盘
10:23:51	48.95	--	1	4895	买盘
10:23:46	48.95	0.05	2	9790	买盘
10:23:41	48.9	-0.05	11	53790	卖盘
10:23:36	48.95	--	3	14685	买盘
10:23:31	48.95	-0.01	1	4895	买盘
10:23:26	48.96	--	1	4896	买盘
10:23:21	48.96	--	2	9792	买盘
10:23:16	48.96	0.12	6	29376	买盘
10:23:06	48.84	-0.12	1	4884	卖盘
10:22:56	48.96	--	1	4896	买盘
10:22:46	48.96	--	1	4896	买盘
10:22:41	48.96	0.13	1	4896	中性盘
10:22:31	48.83	-0.14	1	4883	卖盘
10:22:26	48.97	0.14	6	29382	买盘
10:22:21	48.83	-0.14	1	4883	卖盘
10:21:51	48.97	0.14	2	9794	买盘
10:21:40	48.83	-0.15	10	48830	卖盘
10:21:10	48.98	--	1	4898	买盘
10:21:06	48.98	-0.01	3	14693	买盘
10:21:01	48.99	--	0	0	买盘
10:20:55	48.99	0.05	13	63687	买盘
10:20:51	48.94	-0.05	1	8172	卖盘
10:20:46	48.99	--	0	0	买盘
10:20:40	48.99	0.05	5	24495	买盘
10:20:36	48.94	-0.04	10	48940	卖盘
10:20:25	48.98	0.04	50	244899	买盘
10:20:21	48.94	--	1	6509	中性盘
10:20:16	48.94	--	2	9788	买盘
10:20:10	48.94	0.13	1	4894	买盘
10:19:55	48.81	--	3	14643	买盘
10:19:51	48.81	0.01	9	43929	买盘
10:19:46	48.8	-0.01	1	4880	卖盘
10:19:40	48.81	--	1	4881	买盘
10:19:35	48.81	--	1	4881	买盘
10:19:25	48.81	--	1	4881	买盘
10:19:20	48.81	--	2	9762	买盘
10:19:16	48.81	-0.13	18	87858	卖盘
10:19:10	48.94	-0.01	5	24470	买盘
10:19:00	48.95	--	0	0	买盘
10:18:55	48.95	--	1	4895	买盘
10:18:40	48.95	--	5	24475	买盘
10:18:25	48.95	-0.03	11	53845	买盘
10:18:20	48.98	--	0	0	买盘
10:18:05	48.98	-0.01	5	24490	买盘
10:17:50	48.99	--	0	0	买盘
10:17:40	48.99	--	21	102879	买盘
10:17:30	48.99	--	5	24495	买盘
10:17:20	48.99	--	0	0	买盘
10:17:10	48.99	-0.01	16	78384	中性盘
10:17:00	49.0	--	1	4900	买盘
10:16:55	49.0	--	2	9800	买盘
10:16:50	49.0	0.01	1	4900	买盘
10:16:45	48.99	-0.01	10	48990	中性盘
10:16:40	49.0	--	5	24500	买盘
10:16:25	49.0	0.02	7	34300	买盘
10:16:20	48.98	-0.02	1	4898	买盘
10:16:15	49.0	--	0	0	买盘
10:16:10	49.0	0.02	2	9800	买盘
10:16:05	48.98	-0.01	7	34286	中性盘
10:16:00	48.99	--	2	9798	买盘
10:15:55	48.99	--	3	14697	买盘
10:15:50	48.99	--	2	9798	买盘
10:15:45	48.99	-0.01	1	4899	中性盘
10:15:40	49.0	0.07	5	24500	买盘
10:15:30	48.93	-0.06	1	4893	卖盘
10:15:20	48.99	-0.02	1	4899	买盘
10:15:15	49.01	--	0	0	买盘
10:15:10	49.01	0.01	14	68614	买盘
10:15:04	49.0	--	1	4900	买盘
10:15:00	49.0	--	5	24500	卖盘
10:14:55	49.0	-0.01	5	24500	卖盘
10:14:50	49.01	0.01	5	24505	买盘
10:14:40	49.0	--	17	83300	买盘
10:14:19	49.0	--	4	19600	买盘
10:14:15	49.0	--	1	4900	买盘
10:14:04	49.0	0.04	9	44100	买盘
10:14:00	48.96	0.04	1	4896	中性盘
10:13:49	48.92	-0.08	2	9784	卖盘
10:13:30	49.0	--	10	49000	买盘
10:13:24	49.0	0.01	13	63700	买盘
10:13:19	48.99	0.01	3	14697	买盘
10:13:14	48.98	-0.01	12	58775	卖盘
10:13:04	48.99	--	7	34293	中性盘
10:12:59	48.99	0.02	10	48990	买盘
10:12:54	48.97	--	3	14691	卖盘
10:12:49	48.97	0.01	46	225262	买盘
10:12:44	48.96	--	4	19584	买盘
10:12:39	48.96	0.01	8	39168	买盘
10:12:34	48.95	--	4	19580	买盘
10:12:29	48.95	0.02	15	73425	买盘
10:12:24	48.93	-0.01	17	83181	卖盘
10:12:19	48.94	0.01	8	39152	买盘
10:12:14	48.93	-0.01	18	88074	卖盘
10:12:09	48.94	--	2	9788	买盘
10:12:04	48.94	0.01	26	127244	买盘
10:11:59	48.93	0.03	3	14679	买盘
10:11:54	48.9	0.02	7	34230	买盘
10:11:49	48.88	0.01	34	166192	买盘
10:11:44	48.87	--	1	4887	买盘
10:11:39	48.87	0.01	2	9774	买盘
10:11:34	48.86	0.07	6	29316	买盘
10:11:29	48.79	--	4	19516	买盘
10:11:19	48.79	--	2	9758	买盘
10:11:14	48.79	--	2	9758	买盘
10:11:04	48.79	--	4	19516	买盘
10:10:59	48.79	0.08	2	9758	买盘
10:10:54	48.71	--	0	0	卖盘
10:10:49	48.71	--	0	0	卖盘
10:10:44	48.71	--	51	248421	卖盘
10:10:39	48.71	--	39	189969	卖盘
10:10:34	48.71	--	1	4871	卖盘
10:10:29	48.71	0.01	1	4871	买盘
10:10:19	48.7	--	12	58440	买盘
10:10:14	48.7	--	3	14610	买盘
10:10:04	48.7	0.09	2	9740	买盘
10:09:59	48.61	--	0	0	卖盘
10:09:29	48.61	--	2	9722	买盘
10:09:19	48.61	--	6	29166	买盘
10:09:09	48.61	-0.01	46	223606	卖盘
10:08:58	48.62	0.01	4	19448	卖盘
10:08:54	48.61	--	0	0	卖盘
10:08:49	48.61	-0.1	2	9722	卖盘
10:08:44	48.71	0.09	13	63323	买盘
10:08:39	48.62	--	2	9724	卖盘
10:08:24	48.62	--	1	4862	买盘
10:08:13	48.62	0.01	1	4862	买盘
10:08:04	48.61	0.01	16	77776	卖盘
10:07:58	48.6	--	0	0	卖盘
10:07:54	48.6	--	8	38880	卖盘
10:07:49	48.6	-0.02	5	24300	卖盘
10:07:43	48.62	0.02	1	4862	买盘
10:07:39	48.6	--	12	58320	卖盘
10:07:34	48.6	--	11	53460	卖盘
10:07:28	48.6	--	35	170100	卖盘
10:07:24	48.6	-0.01	1	4860	卖盘
10:07:13	48.61	0.01	3	14583	买盘
10:07:08	48.6	0.14	89	432540	买盘
10:07:03	48.46	0.02	7	33922	卖盘
10:06:58	48.44	-0.01	5	24220	中性盘
10:06:53	48.45	--	2	9690	卖盘
10:06:43	48.45	-0.05	1	4845	卖盘
10:06:38	48.5	-0.01	24	116400	卖盘
10:06:33	48.51	0.01	4	19404	卖盘
10:06:28	48.5	--	0	0	卖盘
10:06:13	48.5	--	0	0	卖盘
10:05:58	48.5	-0.08	55	266750	卖盘
10:05:53	48.58	--	6	29148	买盘
10:05:38	48.58	--	3	14574	买盘
10:05:28	48.58	-0.02	4	19432	卖盘
10:05:23	48.6	--	9	43740	卖盘
10:05:08	48.6	--	40	194400	卖盘
10:04:48	48.6	-0.01	8	38880	卖盘
10:04:43	48.61	--	12	58332	买盘
10:04:08	48.61	--	12	58332	买盘
10:03:58	48.61	--	1	4861	买盘
10:03:53	48.61	--	5	24305	卖盘
10:03:48	48.61	-0.01	3	14583	买盘
10:03:43	48.62	--	65	316030	买盘
10:03:38	48.62	--	12	58344	买盘
10:03:28	48.62	0.01	6	29172	买盘
10:03:18	48.61	--	1	4861	中性盘
10:03:08	48.61	0.01	4	19444	卖盘
10:03:03	48.6	-0.01	20	97200	卖盘
10:02:58	48.61	--	2	9722	卖盘
10:02:48	48.61	--	38	184718	买盘
10:02:43	48.61	--	10	48610	买盘
10:02:28	48.61	--	2	9722	买盘
10:02:23	48.61	-0.01	10	48610	卖盘
10:02:18	48.62	0.01	1	4862	买盘
10:02:07	48.61	-0.01	43	209023	卖盘
10:02:03	48.62	--	20	97240	买盘
10:01:52	48.62	--	5	24310	买盘
10:01:48	48.62	--	18	87516	买盘
10:01:43	48.62	-0.01	78	379236	卖盘
10:01:37	48.63	--	19	92397	买盘
10:01:33	48.63	--	9	43767	买盘
10:01:22	48.63	--	10	48630	买盘
10:01:18	48.63	--	23	111849	买盘
10:01:02	48.63	--	0	0	买盘
10:00:52	48.63	--	5	24315	买盘
10:00:47	48.63	--	3	14589	买盘
10:00:43	48.63	--	2	9726	买盘
10:00:37	48.63	-0.01	13	63219	卖盘
10:00:32	48.64	--	111	539904	买盘
10:00:22	48.64	0.01	34	165376	买盘
10:00:12	48.63	-0.01	8	38904	卖盘
10:00:07	48.64	--	10	48640	买盘
10:00:02	48.64	0.01	20	97280	买盘
09:59:57	48.63	-0.01	4	19452	卖盘
09:59:52	48.64	--	7	34048	买盘
09:59:47	48.64	--	4	19456	买盘
09:59:42	48.64	--	1	4864	买盘
09:59:37	48.64	0.01	1	4864	买盘
09:59:32	48.63	-0.03	1	4863	卖盘
09:59:12	48.66	--	10	48660	买盘
09:59:07	48.66	--	20	97320	买盘
09:59:02	48.66	--	0	0	买盘
09:58:52	48.66	--	1	4866	买盘
09:58:42	48.66	--	3	14597	买盘
09:58:37	48.66	-0.02	22	107051	卖盘
09:58:32	48.68	--	0	0	中性盘
09:58:27	48.68	0.01	38	184984	买盘
09:58:07	48.67	-0.01	36	175212	卖盘
09:58:02	48.68	--	31	150908	卖盘
09:57:57	48.68	--	0	0	卖盘
09:57:52	48.68	-0.03	13	63284	卖盘
09:57:32	48.71	--	0	0	中性盘
09:57:22	48.71	-0.09	14	68194	卖盘
09:57:12	48.8	-0.01	4	19520	卖盘
09:57:02	48.81	0.01	4	19524	买盘
09:56:57	48.8	-0.01	59	287920	卖盘
09:56:42	48.81	-0.02	12	58572	卖盘
09:56:27	48.83	0.02	3	14649	买盘
09:56:12	48.81	-0.02	1	4881	卖盘
09:56:07	48.83	--	10	48830	买盘
09:56:02	48.83	0.02	10	48830	买盘
09:55:57	48.81	-0.02	35	170835	卖盘
09:55:42	48.83	-0.04	5	24415	卖盘
09:55:01	48.87	-0.01	53	259011	卖盘
09:54:46	48.88	0.01	1	4888	买盘
09:54:42	48.87	--	3	14661	卖盘
09:54:16	48.87	0.05	25	122175	买盘
09:54:11	48.82	--	0	0	卖盘
09:53:56	48.82	--	0	0	卖盘
09:53:46	48.82	-0.04	4	19528	卖盘
09:53:41	48.86	--	0	0	买盘
09:53:31	48.86	0.01	3	14658	买盘
09:53:21	48.85	0.04	3	14655	买盘
09:53:11	48.81	-0.02	4	19524	卖盘
09:53:01	48.83	--	0	0	卖盘
09:52:56	48.83	-0.04	4	19532	中性盘
09:52:51	48.87	0.05	20	97740	买盘
09:52:46	48.82	-0.01	5	24410	卖盘
09:52:36	48.83	0.01	1	4883	买盘
09:52:31	48.82	--	0	0	卖盘
09:52:26	48.82	-0.05	7	34174	卖盘
09:52:06	48.87	0.04	1	4887	中性盘
09:52:01	48.83	-0.04	28	136724	卖盘
09:51:56	48.87	-0.01	6	29322	卖盘
09:51:51	48.88	-0.02	1	4888	卖盘
09:51:46	48.9	--	0	0	买盘
09:51:41	48.9	--	0	0	买盘
09:51:31	48.9	--	1	4890	中性盘
09:51:21	48.9	--	10	48900	卖盘
09:51:16	48.9	--	26	127140	卖盘
09:51:06	48.9	-0.03	5	24450	卖盘
09:50:51	48.93	--	48	238240	卖盘
09:50:46	48.93	--	38	185934	卖盘
09:50:41	48.93	--	17	83181	卖盘
09:50:36	48.93	--	7	34251	卖盘
09:50:31	48.93	--	12	58716	卖盘
09:50:26	48.93	-0.02	27	132111	卖盘
09:50:21	48.95	0.02	5	24475	买盘
09:50:16	48.93	--	1	4893	卖盘
09:50:11	48.93	--	1	4893	卖盘
09:50:06	48.93	-0.02	1	4893	卖盘
09:49:51	48.95	0.02	30	146850	买盘
09:49:46	48.93	-0.02	5	24465	卖盘
09:49:36	48.95	--	3	14685	卖盘
09:49:31	48.95	--	3	14685	卖盘
09:49:25	48.95	0.02	4	19580	买盘
09:49:21	48.93	--	3	14679	卖盘
09:49:16	48.93	-0.02	6	29358	卖盘
09:49:10	48.95	0.02	111	543345	买盘
09:49:06	48.93	--	7	34251	卖盘
09:49:01	48.93	--	3	14679	卖盘
09:48:55	48.93	--	6	29358	卖盘
09:48:46	48.93	--	8	39144	卖盘
09:48:40	48.93	--	0	0	卖盘
09:48:25	48.93	-0.03	33	161469	卖盘
09:48:16	48.96	0.02	17	83232	买盘
09:48:10	48.94	--	1	4894	卖盘
09:47:55	48.94	--	3	14682	卖盘
09:47:50	48.94	--	2	9788	买盘
09:47:40	48.94	--	5	24470	买盘
09:47:35	48.94	--	2	9788	买盘
09:47:20	48.94	-0.01	31	151714	卖盘
09:47:05	48.95	0.01	8	39160	买盘
09:46:55	48.94	0.01	5	24470	买盘
09:46:50	48.93	-0.01	13	63609	卖盘
09:46:45	48.94	0.01	2	9788	买盘
09:46:40	48.93	-0.01	2	9786	卖盘
09:46:35	48.94	-0.01	5	24470	买盘
09:46:30	48.95	0.01	25	122375	买盘
09:46:20	48.94	--	25	122350	买盘
09:46:10	48.94	--	5	24470	买盘
09:46:05	48.94	--	1	4894	买盘
09:45:50	48.94	--	3	14682	卖盘
09:45:40	48.94	--	10	48940	卖盘
09:45:35	48.94	-0.01	2	9788	卖盘
09:45:20	48.95	-0.01	1	4895	卖盘
09:45:10	48.96	--	0	0	买盘
09:45:00	48.96	--	3	14688	买盘
09:44:50	48.96	0.03	1	4896	买盘
09:44:45	48.93	-0.02	5	24465	卖盘
09:44:40	48.95	0.02	13	63635	买盘
09:44:30	48.93	0.01	30	146790	卖盘
09:44:25	48.92	0.09	33	162952	买盘
09:44:20	48.83	-0.02	12	58596	卖盘
09:44:00	48.85	0.02	13	63505	买盘
09:43:55	48.83	-0.01	1	4883	卖盘
09:43:49	48.84	--	15	73260	卖盘
09:43:45	48.84	--	1	4884	卖盘
09:43:34	48.84	--	3	14652	卖盘
09:43:30	48.84	-0.01	3	14652	卖盘
09:43:19	48.85	0.01	5	24425	买盘
09:43:15	48.84	-0.01	18	87912	卖盘
09:43:00	48.85	0.01	7	34195	中性盘
09:42:49	48.84	-0.01	6	29304	卖盘
09:42:45	48.85	0.01	1	4885	卖盘
09:42:34	48.84	--	0	0	卖盘
09:42:25	48.84	--	1	4884	卖盘
09:42:04	48.84	-0.05	1	4884	卖盘
09:42:00	48.89	-0.01	4	19556	卖盘
09:41:49	48.9	0.01	2	9780	买盘
09:41:44	48.89	-0.01	2	9778	卖盘
09:41:34	48.9	--	3	14670	买盘
09:41:29	48.9	--	3	14670	卖盘
09:41:19	48.9	--	14	68460	卖盘
09:41:14	48.9	--	2	9780	卖盘
09:41:04	48.9	-0.02	1	4890	卖盘
09:40:54	48.92	--	0	0	买盘
09:40:49	48.92	0.03	8	39136	买盘
09:40:44	48.89	--	1	4889	卖盘
09:40:34	48.89	-0.07	8	39112	卖盘
09:40:29	48.96	0.04	21	102816	买盘
09:40:19	48.92	-0.06	6	29352	卖盘
09:40:14	48.98	--	0	0	买盘
09:40:04	48.98	0.09	3	14693	买盘
09:39:54	48.89	-0.01	3	14667	卖盘
09:39:49	48.9	0.03	2	9780	卖盘
09:39:44	48.87	-0.05	5	24435	卖盘
09:39:34	48.92	0.08	3	14676	买盘
09:39:29	48.84	--	0	0	卖盘
09:39:19	48.84	-0.06	24	117216	卖盘
09:39:14	48.9	0.01	4	19560	卖盘
09:39:04	48.89	--	1	4889	买盘
09:38:59	48.89	--	1	4889	买盘
09:38:54	48.89	-0.1	8	39112	卖盘
09:38:49	48.99	0.1	41	200859	买盘
09:38:44	48.89	--	1	4889	卖盘
09:38:34	48.89	-0.03	13	63557	卖盘
09:38:24	48.92	-0.07	2	9784	卖盘
09:38:19	48.99	--	0	0	买盘
09:38:09	48.99	--	7	34293	卖盘
09:38:04	48.99	-0.01	1	4899	卖盘
09:37:59	49.0	--	3	14700	卖盘
09:37:54	49.0	--	3	14700	卖盘
09:37:49	49.0	--	0	0	卖盘
09:37:44	49.0	--	1	4900	卖盘
09:37:39	49.0	--	6	29400	卖盘
09:37:29	49.0	-0.03	6	29400	中性盘
09:37:24	49.03	--	3	14709	卖盘
09:37:19	49.03	--	0	0	中性盘
09:37:14	49.03	--	3	14709	卖盘
09:37:09	49.03	--	1	4903	卖盘
09:37:04	49.03	--	8	39224	卖盘
09:36:58	49.03	--	19	93157	买盘
09:36:54	49.03	0.04	10	49030	买盘
09:36:49	48.99	-0.06	10	48990	卖盘
09:36:39	49.05	-0.01	45	220725	中性盘
09:36:34	49.06	--	0	0	买盘
09:36:28	49.06	0.03	7	34342	买盘
09:36:24	49.03	0.04	4	19612	买盘
09:36:19	48.99	--	2	9798	卖盘
09:36:13	48.99	--	4	19596	中性盘
09:36:09	48.99	--	8	39192	买盘
09:35:58	48.99	--	1	4899	买盘
09:35:54	48.99	--	0	0	买盘
09:35:38	48.99	0.03	3	14697	买盘
09:35:28	48.96	--	1	4896	买盘
09:35:18	48.96	0.06	11	53856	买盘
09:35:13	48.9	--	18	88020	买盘
09:35:08	48.9	0.01	2	9780	买盘
09:34:53	48.89	0.02	22	107558	买盘
09:34:48	48.87	--	0	0	买盘
09:34:43	48.87	0.05	5	24435	买盘
09:34:23	48.82	--	0	0	买盘
09:33:58	48.82	0.01	8	39056	买盘
09:33:28	48.81	0.01	1	4881	买盘
09:33:23	48.8	-0.01	6	29280	卖盘
09:33:18	48.81	0.01	2	9762	买盘
09:33:08	48.8	--	0	0	卖盘
09:33:03	48.8	-0.01	1	4880	卖盘
09:32:58	48.81	-0.01	5	24405	卖盘
09:32:53	48.82	-0.03	5	24410	卖盘
09:32:48	48.85	0.03	2	9770	买盘
09:32:43	48.82	-0.01	8	39056	卖盘
09:32:38	48.83	-0.04	4	19532	中性盘
09:32:33	48.87	--	2	9774	卖盘
09:32:28	48.87	0.05	4	19548	买盘
09:32:23	48.82	--	10	48820	卖盘
09:32:08	48.82	0.01	4	19528	中性盘
09:32:03	48.81	--	0	0	卖盘
09:31:58	48.81	-0.07	1	4881	卖盘
09:31:48	48.88	--	0	0	买盘
09:31:38	48.88	0.03	1	4888	买盘
09:31:33	48.85	-0.03	40	195400	卖盘
09:31:23	48.88	--	1	4888	卖盘
09:31:18	48.88	-0.02	1	4888	卖盘
09:31:13	48.9	--	0	0	买盘
09:31:08	48.9	0.05	14	68460	买盘
09:31:03	48.85	--	4	19540	卖盘
09:30:53	48.85	-0.03	1	4885	卖盘
09:30:48	48.88	0.03	6	29328	买盘
09:30:33	48.85	0.05	16	78160	买盘
09:30:22	48.8	--	14	68320	卖盘
09:30:07	48.8	0.04	23	112240	买盘
09:30:03	48.76	--	1	4876	买盘
09:28:40	48.76	--	0	0	买盘
09:25:09	48.76	48.76	16	78016	买盘
