成交时间	成交价	价格变动	成交量(手)	成交额(元)	性质
15:00:00	13.17	--	0	0	卖盘
15:00:00	13.17	-0.01	6	7902	卖盘
14:59:59	13.18	--	2	2636	买盘
14:59:54	13.18	-0.01	152	200942	卖盘
14:59:49	13.19	0.01	23	30337	买盘
14:59:44	13.18	--	10	13180	卖盘
14:59:39	13.18	--	37	48766	卖盘
14:59:34	13.18	0.02	682	899587	买盘
14:59:29	13.16	-0.01	27	35532	卖盘
14:59:24	13.17	0.01	86	113262	买盘
14:59:19	13.16	-0.01	24	31584	卖盘
14:59:14	13.17	0.01	1	1317	买盘
14:59:09	13.16	--	12	15792	卖盘
14:59:04	13.16	-0.01	212	278992	卖盘
14:58:59	13.17	--	10	13170	买盘
14:58:54	13.17	0.01	20	26340	买盘
14:58:49	13.16	--	22	28952	卖盘
14:58:44	13.16	-0.01	1	1316	卖盘
14:58:39	13.17	--	2	2634	买盘
14:58:34	13.17	0.01	13	17121	买盘
14:58:29	13.16	-0.01	5	6580	卖盘
14:58:19	13.17	-0.01	75	99380	卖盘
14:58:14	13.18	0.01	3	3954	买盘
14:58:09	13.17	--	5	6585	卖盘
14:58:03	13.17	-0.01	46	60582	卖盘
14:57:54	13.18	--	2	2636	买盘
14:57:49	13.18	--	24	31632	买盘
14:57:44	13.18	--	141	185838	卖盘
14:57:39	13.18	-0.01	5	6590	卖盘
14:57:34	13.19	0.01	25	32975	买盘
14:57:29	13.18	--	103	135754	卖盘
14:57:24	13.18	--	73	96214	卖盘
14:57:19	13.18	--	19	25042	卖盘
14:57:14	13.18	-0.01	10	13180	卖盘
14:57:09	13.19	0.01	90	118710	买盘
14:57:04	13.18	--	244	321592	买盘
14:56:59	13.18	--	17	22406	买盘
14:56:54	13.18	0.01	5	6590	买盘
14:56:49	13.17	--	13	17121	卖盘
14:56:39	13.17	--	9	11853	卖盘
14:56:34	13.17	-0.01	29	38193	卖盘
14:56:24	13.18	0.01	1	1318	买盘
14:56:18	13.17	-0.01	20	26340	卖盘
14:56:09	13.18	--	58	76444	卖盘
14:56:04	13.18	--	5	6590	卖盘
14:55:59	13.18	--	8	10544	卖盘
14:55:49	13.18	--	4	5272	卖盘
14:55:44	13.18	0.01	7	9226	买盘
14:55:39	13.17	-0.02	11	14487	卖盘
14:55:34	13.19	0.01	531	700389	买盘
14:55:24	13.18	--	18	23724	卖盘
14:55:19	13.18	--	58	76444	卖盘
14:55:14	13.18	--	4	5272	卖盘
14:55:09	13.18	-0.01	21	27678	卖盘
14:55:03	13.19	--	16	21104	买盘
14:54:54	13.19	--	6	7914	买盘
14:54:43	13.19	0.01	4	5276	买盘
14:54:33	13.18	-0.01	40	53774	卖盘
14:54:24	13.19	--	35	46165	卖盘
14:54:13	13.19	--	16	21104	卖盘
14:54:03	13.19	0.02	328	432895	买盘
14:53:58	13.17	-0.01	1	1317	卖盘
14:53:53	13.18	0.01	25	32950	买盘
14:53:47	13.17	-0.01	141	185697	卖盘
14:53:38	13.18	--	20	26360	买盘
14:53:33	13.18	--	6	7908	买盘
14:53:28	13.18	--	11	14498	卖盘
14:53:23	13.18	--	4	5272	卖盘
14:53:17	13.18	--	19	25042	卖盘
14:53:13	13.18	0.01	17	22406	买盘
14:53:08	13.17	--	46	60582	卖盘
14:52:53	13.17	-0.01	2	3345	卖盘
14:52:48	13.18	--	11	14498	买盘
14:52:43	13.18	--	58	76444	买盘
14:52:38	13.18	0.01	400	527200	买盘
14:52:32	13.17	--	73	96141	卖盘
14:52:28	13.17	--	194	255498	卖盘
14:52:17	13.17	--	9	11853	卖盘
14:52:13	13.17	--	100	131700	买盘
14:52:02	13.17	--	28	36876	买盘
14:51:58	13.17	-0.01	4	5268	买盘
14:51:53	13.18	--	0	0	买盘
14:51:47	13.18	--	292	384856	买盘
14:51:43	13.18	0.02	48	63264	买盘
14:51:38	13.16	-0.01	200	263200	卖盘
14:51:32	13.17	--	23	30291	卖盘
14:51:28	13.17	0.01	164	215988	买盘
14:51:17	13.16	--	8	10528	卖盘
14:51:12	13.16	--	27	35532	买盘
14:50:42	13.16	-0.01	1	1316	买盘
14:50:32	13.17	--	0	0	买盘
14:50:23	13.17	0.01	20	26340	买盘
14:50:13	13.16	--	15	19740	卖盘
14:50:08	13.16	--	15	19740	卖盘
14:49:58	13.16	0.01	6	7896	买盘
14:49:47	13.15	--	5	6575	卖盘
14:49:42	13.15	--	54	71010	卖盘
14:49:23	13.15	0.01	5	6575	买盘
14:49:17	13.14	--	65	85843	卖盘
14:49:12	13.14	-0.01	20	26280	卖盘
14:49:08	13.15	0.01	1	1315	买盘
14:49:02	13.14	--	2	2628	买盘
14:48:58	13.14	--	114	149796	卖盘
14:48:47	13.14	-0.01	37	48618	卖盘
14:48:42	13.15	--	4	5260	买盘
14:48:38	13.15	--	100	131500	买盘
14:48:17	13.15	--	0	0	买盘
14:48:12	13.15	0.02	16	21040	买盘
14:48:07	13.13	-0.02	146	191698	卖盘
14:48:02	13.15	0.01	6	7890	买盘
14:47:56	13.14	-0.01	10	13140	卖盘
14:47:42	13.15	0.01	1	1315	买盘
14:47:37	13.14	--	31	40734	卖盘
14:47:26	13.14	0.01	25	32850	买盘
14:47:22	13.13	--	4	5252	卖盘
14:47:17	13.13	-0.01	39	51207	卖盘
14:47:11	13.14	--	82	107748	卖盘
14:47:07	13.14	0.01	118	155052	买盘
14:47:02	13.13	-0.01	24	31512	卖盘
14:46:56	13.14	--	10	13140	买盘
14:46:47	13.14	--	17	22338	卖盘
14:46:41	13.14	--	10	13140	卖盘
14:46:37	13.14	-0.01	6	7884	卖盘
14:46:32	13.15	--	75	98625	买盘
14:46:11	13.15	-0.01	282	371711	卖盘
14:46:07	13.16	-0.01	87	114492	卖盘
14:45:56	13.17	--	32	42144	买盘
14:45:52	13.17	--	44	57948	卖盘
14:45:47	13.17	--	30	39510	卖盘
14:45:37	13.17	--	4	5268	卖盘
14:45:32	13.17	--	5	6585	卖盘
14:45:22	13.17	--	5	6585	卖盘
14:45:11	13.17	--	7	9219	卖盘
14:45:07	13.17	0.01	131	172527	买盘
14:44:56	13.16	--	4	5264	卖盘
14:44:52	13.16	--	49	64484	卖盘
14:44:47	13.16	--	40	52640	卖盘
14:44:36	13.16	--	3	3948	卖盘
14:44:32	13.16	--	17	22372	卖盘
14:44:26	13.16	-0.01	70	92120	卖盘
14:44:11	13.17	--	1	1317	买盘
14:44:06	13.17	--	36	47412	买盘
14:44:02	13.17	--	55	72435	买盘
14:43:51	13.17	--	5	6585	买盘
14:43:36	13.17	--	20	26340	卖盘
14:43:21	13.17	--	11	14487	卖盘
14:43:11	13.17	--	8	10536	卖盘
14:43:06	13.17	--	1	1317	卖盘
14:43:01	13.17	--	10	13170	买盘
14:42:51	13.17	0.02	10	13170	中性盘
14:42:47	13.15	-0.02	572	752180	卖盘
14:42:36	13.17	--	21	27657	卖盘
14:42:26	13.17	--	33	43461	卖盘
14:42:06	13.17	--	49	64533	买盘
14:41:56	13.17	--	0	0	中性盘
14:41:46	13.17	--	9	11853	卖盘
14:41:41	13.17	--	5	6585	卖盘
14:41:36	13.17	--	51	67167	买盘
14:41:21	13.17	0.02	4	5268	买盘
14:41:16	13.15	-0.02	1000	1315000	卖盘
14:41:11	13.17	0.01	34	44778	买盘
14:41:06	13.16	-0.01	9	11844	卖盘
14:41:01	13.17	--	6	7902	买盘
14:40:46	13.17	--	16	21072	卖盘
14:40:41	13.17	--	15	19755	卖盘
14:40:35	13.17	-0.01	2	2634	卖盘
14:40:31	13.18	0.01	5	6590	买盘
14:40:26	13.17	-0.01	21	27657	卖盘
14:40:11	13.18	--	30	39540	卖盘
14:40:05	13.18	-0.01	10	13180	卖盘
14:39:56	13.19	--	5	6595	买盘
14:39:35	13.19	--	108	142452	卖盘
14:39:31	13.19	-0.01	2	2638	卖盘
14:39:05	13.2	--	0	0	买盘
14:39:01	13.2	--	19	25080	买盘
14:38:56	13.2	0.01	4	5280	买盘
14:38:46	13.19	--	0	0	中性盘
14:38:31	13.19	--	0	0	卖盘
14:38:20	13.19	-0.01	13	17147	卖盘
14:38:11	13.2	-0.01	78	102960	卖盘
14:38:05	13.21	-0.01	30	39630	买盘
14:37:50	13.22	--	0	0	买盘
14:37:45	13.22	--	15	19830	买盘
14:37:41	13.22	--	0	0	买盘
14:37:35	13.22	0.02	62	81964	买盘
14:37:30	13.2	--	25	33000	卖盘
14:37:20	13.2	--	4	5280	卖盘
14:37:15	13.2	--	17	22440	买盘
14:37:05	13.2	--	7	9240	卖盘
14:37:00	13.2	--	3	3960	卖盘
14:36:50	13.2	--	14	18480	卖盘
14:36:45	13.2	--	186	245520	买盘
14:36:35	13.2	0.02	8	10560	买盘
14:36:25	13.18	-0.02	9	11862	卖盘
14:36:11	13.2	--	95	125400	买盘
14:36:05	13.2	0.01	1	1320	买盘
14:35:50	13.19	--	32	42208	卖盘
14:35:35	13.19	0.01	18	23742	买盘
14:35:20	13.18	--	80	105440	卖盘
14:35:05	13.18	--	1	1318	卖盘
14:34:55	13.18	--	4	5272	买盘
14:34:45	13.18	0.01	13	17134	买盘
14:34:40	13.17	--	42	55314	买盘
14:34:29	13.17	0.01	15	19755	买盘
14:33:59	13.16	--	63	82908	买盘
14:33:55	13.16	--	2	2632	买盘
14:33:44	13.16	0.01	5	6580	买盘
14:33:29	13.15	-0.01	151	198565	卖盘
14:33:25	13.16	0.01	76	100016	买盘
14:33:20	13.15	--	4	5260	卖盘
14:33:14	13.15	--	20	26300	卖盘
14:33:10	13.15	--	1	1315	卖盘
14:32:44	13.15	--	191	251598	买盘
14:32:40	13.15	0.01	12	15780	买盘
14:32:35	13.14	-0.01	20	26280	卖盘
14:32:25	13.15	--	100	131500	买盘
14:32:20	13.15	--	5	6575	买盘
14:32:14	13.15	--	167	219605	买盘
14:31:59	13.15	0.01	35	46025	买盘
14:31:39	13.14	--	5	6570	买盘
14:31:24	13.14	--	20	26280	买盘
14:31:14	13.14	--	5	6570	买盘
14:31:09	13.14	--	16	21024	卖盘
14:31:05	13.14	0.01	6	7884	买盘
14:30:59	13.13	-0.01	10	13130	卖盘
14:30:54	13.14	--	10	13140	买盘
14:30:49	13.14	--	5	6570	买盘
14:30:44	13.14	--	5	6570	买盘
14:30:39	13.14	--	6	7884	买盘
14:30:19	13.14	--	5	6570	买盘
14:30:09	13.14	--	10	13140	买盘
14:29:59	13.14	--	5	6570	买盘
14:29:39	13.14	--	10	13140	买盘
14:29:34	13.14	--	27	35478	买盘
14:29:29	13.14	--	5	6570	买盘
14:29:14	13.14	-0.01	61	80154	卖盘
14:29:09	13.15	0.01	56	73640	买盘
14:28:59	13.14	-0.01	5	6570	卖盘
14:28:44	13.15	0.01	20	26300	买盘
14:28:29	13.14	--	4	5256	卖盘
14:28:04	13.14	--	1	1314	卖盘
14:27:59	13.14	-0.01	10	13140	卖盘
14:27:49	13.15	0.02	5	6575	买盘
14:27:38	13.13	-0.02	12	15756	卖盘
14:27:34	13.15	--	0	0	买盘
14:27:29	13.15	0.02	20	26300	买盘
14:27:19	13.13	--	5	6565	卖盘
14:27:08	13.13	--	2	2626	卖盘
14:27:04	13.13	-0.02	34	44642	卖盘
14:26:19	13.15	0.02	34	44710	买盘
14:26:08	13.13	--	0	0	卖盘
14:25:59	13.13	-0.02	2	2626	卖盘
14:25:44	13.15	--	0	0	买盘
14:25:34	13.15	--	4	5260	买盘
14:25:23	13.15	--	4	5260	买盘
14:25:18	13.15	0.03	4	5260	买盘
14:25:03	13.12	-0.03	303	397536	卖盘
14:24:59	13.15	--	5	6575	买盘
14:24:53	13.15	--	1	1315	买盘
14:24:48	13.15	-0.01	11	15346	卖盘
14:24:38	13.16	--	71	93436	买盘
14:24:23	13.16	--	1	1316	买盘
14:24:18	13.16	--	4	5264	买盘
14:24:13	13.16	--	8	10528	买盘
14:24:03	13.16	0.01	60	78960	买盘
14:23:48	13.15	-0.01	1	1315	卖盘
14:23:33	13.16	0.01	4	5264	买盘
14:23:23	13.15	--	31	41198	买盘
14:23:03	13.15	--	22	28930	买盘
14:22:58	13.15	--	23	30245	买盘
14:22:53	13.15	--	10	13150	买盘
14:22:48	13.15	--	7	9205	买盘
14:22:38	13.15	--	5	6575	买盘
14:22:28	13.15	--	9	11835	买盘
14:22:18	13.15	--	11	14465	买盘
14:21:53	13.15	-0.01	56	74521	卖盘
14:21:48	13.16	--	21	27636	买盘
14:21:43	13.16	0.01	10	13160	买盘
14:21:28	13.15	--	15	19725	卖盘
14:21:23	13.15	0.01	88	116153	买盘
14:21:17	13.14	--	6	7884	卖盘
14:21:13	13.14	--	4	5256	卖盘
14:21:08	13.14	--	31	40734	卖盘
14:20:53	13.14	-0.01	12	15768	卖盘
14:20:47	13.15	--	6	7890	买盘
14:20:43	13.15	--	16	21040	买盘
14:20:17	13.15	--	30	39450	买盘
14:20:13	13.15	0.01	2	2630	买盘
14:19:58	13.14	0.01	20	26280	卖盘
14:19:47	13.13	--	0	0	卖盘
14:19:43	13.13	--	109	143117	卖盘
14:19:28	13.13	--	5	6565	买盘
14:19:17	13.13	--	10	13130	买盘
14:19:02	13.13	-0.01	31	40703	卖盘
14:18:58	13.14	--	0	0	中性盘
14:18:53	13.14	--	5	6570	卖盘
14:18:47	13.14	-0.01	20	26280	卖盘
14:18:32	13.15	-0.01	240	315600	卖盘
14:18:22	13.16	0.01	10	13160	买盘
14:18:12	13.15	-0.01	8	10520	卖盘
14:18:07	13.16	--	5	6580	买盘
14:17:52	13.16	--	1	1316	买盘
14:17:22	13.16	--	10	13160	买盘
14:17:17	13.16	--	20	26320	卖盘
14:17:12	13.16	--	10	13160	卖盘
14:17:07	13.16	--	1	1316	卖盘
14:17:02	13.16	--	31	40796	卖盘
14:16:52	13.16	--	45	59220	卖盘
14:16:47	13.16	--	2	2632	卖盘
14:16:27	13.16	--	33	43428	卖盘
14:16:12	13.16	--	5	6580	卖盘
14:16:02	13.16	-0.01	5	6580	卖盘
14:15:57	13.17	--	3	3951	买盘
14:15:42	13.17	--	82	107994	卖盘
14:15:17	13.17	--	4	5268	卖盘
14:15:07	13.17	--	6	7902	卖盘
14:14:56	13.17	--	19	25023	卖盘
14:14:52	13.17	--	10	13170	卖盘
14:14:47	13.17	--	35	46095	卖盘
14:14:32	13.17	--	15	19755	卖盘
14:14:17	13.17	--	3	3951	卖盘
14:14:11	13.17	-0.01	10	13170	卖盘
14:13:56	13.18	0.01	50	65900	买盘
14:13:52	13.17	--	3	3951	卖盘
14:13:37	13.17	-0.01	1	1317	卖盘
14:13:11	13.18	--	0	0	中性盘
14:13:07	13.18	--	2	2636	卖盘
14:13:02	13.18	0.01	1	1318	买盘
14:12:41	13.17	--	0	0	卖盘
14:12:31	13.17	--	16	21072	卖盘
14:12:17	13.17	-0.02	7	9219	卖盘
14:11:56	13.19	--	4	5276	买盘
14:11:31	13.19	0.01	20	26380	买盘
14:11:26	13.18	-0.01	1	1318	卖盘
14:11:21	13.19	0.01	14	18466	买盘
14:11:16	13.18	-0.01	11	14498	卖盘
14:11:06	13.19	--	4	5276	买盘
14:10:41	13.19	--	1	1319	买盘
14:10:36	13.19	--	19	25061	买盘
14:10:31	13.19	--	0	0	买盘
14:10:26	13.19	0.01	30	39570	买盘
14:10:16	13.18	--	20	26360	卖盘
14:10:11	13.18	--	1	1318	卖盘
14:10:01	13.18	--	3	3954	卖盘
14:09:51	13.18	0.01	9	11862	买盘
14:09:41	13.17	--	100	131700	卖盘
14:09:36	13.17	-0.01	190	250230	卖盘
14:08:56	13.18	--	10	13180	卖盘
14:08:41	13.18	--	0	0	中性盘
14:08:31	13.18	--	0	0	卖盘
14:08:20	13.18	--	11	15499	买盘
14:08:16	13.18	-0.02	988	1302500	卖盘
14:08:11	13.2	--	62	81840	买盘
14:08:05	13.2	--	295	389400	买盘
14:07:56	13.2	0.01	600	792000	买盘
14:07:50	13.19	-0.01	2	2638	卖盘
14:07:46	13.2	--	18	23760	买盘
14:07:20	13.2	0.01	9	11880	买盘
14:07:05	13.19	--	1	1319	卖盘
14:06:46	13.19	--	3	3957	卖盘
14:06:31	13.19	-0.01	15	19785	卖盘
14:06:20	13.2	0.01	27	35640	买盘
14:05:50	13.19	-0.01	152	201490	卖盘
14:05:45	13.2	0.01	5	6600	买盘
14:05:25	13.19	-0.01	24	31656	卖盘
14:05:20	13.2	--	20	26400	买盘
14:05:10	13.2	0.01	95	125400	买盘
14:05:05	13.19	--	1	1319	卖盘
14:05:00	13.19	--	0	0	卖盘
14:04:50	13.19	-0.05	121	159599	卖盘
14:04:35	13.24	--	24	31776	卖盘
14:04:30	13.24	--	96	127104	买盘
14:04:15	13.24	-0.01	305	403820	卖盘
14:04:10	13.25	--	121	160325	买盘
14:04:05	13.25	--	7	9275	买盘
14:03:50	13.25	0.02	8	10600	买盘
14:03:45	13.23	--	43	56889	卖盘
14:03:40	13.23	--	5	6615	卖盘
14:03:30	13.23	0.03	200	264600	买盘
14:03:25	13.2	--	220	290400	买盘
14:03:20	13.2	--	300	396000	买盘
14:03:15	13.2	--	97	128040	买盘
14:03:10	13.2	0.01	10	13200	买盘
14:03:05	13.19	--	1	1319	卖盘
14:02:50	13.19	--	72	94981	买盘
14:02:45	13.19	--	120	158280	买盘
14:02:40	13.19	--	4	5276	买盘
14:02:35	13.19	0.01	100	131900	买盘
14:02:25	13.18	--	44	57992	卖盘
14:02:20	13.18	--	29	38222	卖盘
14:01:59	13.18	--	6	7908	卖盘
14:01:29	13.18	-0.01	84	110712	卖盘
14:01:25	13.19	0.01	36	47484	买盘
14:01:20	13.18	--	1	1318	卖盘
14:01:10	13.18	-0.01	18	23724	卖盘
14:00:59	13.19	0.01	125	164875	买盘
14:00:55	13.18	0.01	5	6590	卖盘
14:00:44	13.17	-0.01	124	163439	卖盘
14:00:40	13.18	--	50	65900	买盘
14:00:35	13.18	--	10	13180	买盘
14:00:05	13.18	0.01	1	1318	买盘
13:59:55	13.17	0.02	5	6585	买盘
13:59:50	13.15	-0.02	15	19725	卖盘
13:59:14	13.17	0.02	100	131700	买盘
13:59:09	13.15	--	67	88105	买盘
13:59:04	13.15	--	16	21040	买盘
13:58:59	13.15	--	5	6575	买盘
13:58:54	13.15	0.01	10	13150	买盘
13:58:29	13.14	-0.02	9	11826	卖盘
13:58:24	13.16	0.02	1	1316	买盘
13:58:04	13.14	--	9	11826	卖盘
13:57:54	13.14	--	1	1314	卖盘
13:57:39	13.14	--	8	10512	卖盘
13:57:29	13.14	--	0	0	卖盘
13:57:19	13.14	-0.02	5	6570	卖盘
13:57:14	13.16	--	1	1316	卖盘
13:57:09	13.16	--	1	1316	买盘
13:57:04	13.16	0.01	19	25004	买盘
13:56:59	13.15	--	0	0	中性盘
13:56:49	13.15	--	100	131500	卖盘
13:56:44	13.15	-0.01	132	173580	卖盘
13:56:29	13.16	-0.01	47	61852	卖盘
13:56:09	13.17	--	2	2634	买盘
13:55:53	13.17	-0.01	40	52680	卖盘
13:55:44	13.18	-0.01	54	71172	卖盘
13:55:29	13.19	--	10	13190	买盘
13:55:23	13.19	0.01	1	1319	买盘
13:55:19	13.18	--	4	5272	卖盘
13:55:14	13.18	--	3	3954	卖盘
13:55:08	13.18	--	1	1318	卖盘
13:55:04	13.18	-0.01	5	6590	卖盘
13:54:59	13.19	--	3	3957	买盘
13:54:49	13.19	--	15	19785	买盘
13:54:44	13.19	--	10	13190	买盘
13:54:34	13.19	--	54	71226	卖盘
13:54:23	13.19	0.01	58	76502	买盘
13:53:49	13.18	-0.01	38	50084	卖盘
13:53:38	13.19	0.01	1	1319	买盘
13:53:34	13.18	--	1	1318	卖盘
13:53:23	13.18	0.02	6	7908	买盘
13:53:19	13.16	0.01	4	5264	卖盘
13:53:08	13.15	--	101	132815	卖盘
13:52:53	13.15	--	50	65750	卖盘
13:52:48	13.15	--	0	0	卖盘
13:52:38	13.15	--	7	9205	卖盘
13:52:33	13.15	--	4	5260	卖盘
13:52:23	13.15	-0.02	6	7890	买盘
13:52:18	13.17	0.03	4	5268	中性盘
13:52:08	13.14	-0.01	101	132714	卖盘
13:51:53	13.15	--	60	78900	卖盘
13:51:33	13.15	--	76	99940	买盘
13:51:28	13.15	--	3	3945	买盘
13:51:23	13.15	--	20	26300	买盘
13:51:08	13.15	--	742	975730	买盘
13:51:03	13.15	--	108	142020	买盘
13:50:58	13.15	--	1208	1588520	买盘
13:50:53	13.15	--	25	32875	买盘
13:50:48	13.15	--	7	9205	买盘
13:50:43	13.15	-0.01	268	352420	卖盘
13:50:38	13.16	-0.02	5	6580	卖盘
13:50:33	13.18	--	3	3954	买盘
13:50:28	13.18	--	100	131800	买盘
13:50:23	13.18	0.02	10	13180	买盘
13:50:18	13.16	--	11	14476	卖盘
13:50:08	13.16	0.01	2	2632	中性盘
13:50:03	13.15	--	5	6575	卖盘
13:49:58	13.15	-0.04	1	1315	卖盘
13:49:53	13.19	0.04	3	3957	买盘
13:49:48	13.15	--	0	0	卖盘
13:49:38	13.15	--	0	0	卖盘
13:49:28	13.15	--	0	0	卖盘
13:49:23	13.15	-0.04	500	657500	卖盘
13:49:17	13.19	--	4	5276	卖盘
13:49:08	13.19	-0.01	13	17147	卖盘
13:48:58	13.2	--	1	1320	买盘
13:48:43	13.2	--	29	38280	买盘
13:48:23	13.2	--	40	52800	买盘
13:48:13	13.2	--	41	54120	买盘
13:48:08	13.2	--	1	1320	买盘
13:48:02	13.2	-0.02	71	93720	卖盘
13:47:53	13.22	--	10	13220	买盘
13:47:32	13.22	-0.01	9	11898	卖盘
13:47:28	13.23	0.01	50	66150	买盘
13:47:17	13.22	--	4	5288	卖盘
13:47:08	13.22	0.02	11	14542	买盘
13:46:43	13.2	--	0	0	卖盘
13:46:32	13.2	--	4	5280	买盘
13:46:27	13.2	--	5	6600	买盘
13:46:23	13.2	-0.01	91	120120	卖盘
13:46:12	13.21	0.01	9	11889	买盘
13:45:57	13.2	--	1	1320	卖盘
13:45:47	13.2	--	222	293040	买盘
13:45:42	13.2	--	5	6600	买盘
13:45:37	13.2	--	4	5280	买盘
13:45:32	13.2	--	22	29040	买盘
13:45:27	13.2	--	20	26400	买盘
13:45:22	13.2	--	56	73920	买盘
13:45:17	13.2	--	1	1320	买盘
13:45:12	13.2	0.01	18	23760	买盘
13:45:07	13.19	-0.01	2	2638	卖盘
13:45:02	13.2	0.01	28	36960	买盘
13:44:47	13.19	--	17	22423	卖盘
13:44:32	13.19	--	21	27699	买盘
13:44:22	13.19	--	10	13190	买盘
13:44:17	13.19	--	26	34294	买盘
13:44:12	13.19	--	1020	1345380	买盘
13:43:57	13.19	--	80	105520	买盘
13:43:32	13.19	-0.01	69	91011	卖盘
13:43:27	13.2	0.01	45	59400	买盘
13:43:22	13.19	-0.01	14	18466	卖盘
13:42:56	13.2	-0.02	106	139920	卖盘
13:42:41	13.22	--	15	19830	买盘
13:42:22	13.22	--	15	19830	买盘
13:42:17	13.22	0.01	10	13220	买盘
13:42:11	13.21	--	10	13210	卖盘
13:42:07	13.21	--	5	6605	卖盘
13:41:56	13.21	--	0	0	卖盘
13:41:47	13.21	0.01	20	26420	卖盘
13:41:41	13.2	--	0	0	卖盘
13:41:37	13.2	--	24	31680	买盘
13:41:26	13.2	-0.04	76	100320	卖盘
13:41:22	13.24	0.04	26	34424	买盘
13:41:11	13.2	-0.03	1000	1320000	卖盘
13:41:07	13.23	--	1	1323	卖盘
13:41:02	13.23	-0.01	6	7938	卖盘
13:40:52	13.24	0.01	1	1324	买盘
13:40:41	13.23	--	2	2646	卖盘
13:40:32	13.23	--	6	7938	卖盘
13:40:26	13.23	--	10	13230	卖盘
13:40:22	13.23	--	7	9261	卖盘
13:40:07	13.23	--	23	30429	卖盘
13:40:02	13.23	0.01	10	13230	买盘
13:39:51	13.22	--	3	3966	卖盘
13:39:46	13.22	-0.02	11	14542	卖盘
13:39:11	13.24	0.02	3	3972	买盘
13:39:06	13.22	-0.02	5	6610	卖盘
13:38:56	13.24	0.03	2	2648	买盘
13:38:51	13.21	--	20	26420	卖盘
13:38:36	13.21	--	0	0	卖盘
13:38:31	13.21	--	7	9247	卖盘
13:38:21	13.21	-0.01	17	22457	卖盘
13:38:16	13.22	--	32	42304	买盘
13:38:11	13.22	--	16	21152	卖盘
13:38:01	13.22	--	15	19830	买盘
13:37:56	13.22	--	43	56846	买盘
13:37:51	13.22	--	31	40982	买盘
13:37:41	13.22	--	94	124268	卖盘
13:37:36	13.22	--	14	18508	卖盘
13:37:26	13.22	--	3	3966	卖盘
13:37:21	13.22	--	4	5288	卖盘
13:37:06	13.22	--	1	1322	卖盘
13:36:56	13.22	-0.02	36	47592	卖盘
13:36:36	13.24	--	10	13240	卖盘
13:36:26	13.24	-0.01	19	25156	买盘
13:36:20	13.25	--	0	0	买盘
13:36:16	13.25	--	0	0	买盘
13:36:11	13.25	0.01	30	39750	买盘
13:36:05	13.24	--	0	0	中性盘
13:35:56	13.24	--	1	1324	买盘
13:35:50	13.24	-0.01	323	427652	卖盘
13:35:46	13.25	--	2	2650	卖盘
13:35:20	13.25	--	5	6625	卖盘
13:35:05	13.25	-0.01	25	33125	买盘
13:34:46	13.26	0.01	131	173706	买盘
13:34:35	13.25	-0.01	147	194775	卖盘
13:34:16	13.26	--	20	26520	卖盘
13:34:01	13.26	--	2	2652	卖盘
13:33:46	13.26	--	50	66300	卖盘
13:33:35	13.26	--	5	6630	卖盘
13:33:26	13.26	--	5	6630	卖盘
13:33:20	13.26	--	4	5304	卖盘
13:33:10	13.26	--	14	18564	卖盘
13:33:05	13.26	--	5	6630	卖盘
13:33:00	13.26	--	9	11934	卖盘
13:32:55	13.26	--	3	3978	卖盘
13:32:30	13.26	--	91	120666	买盘
13:32:25	13.26	--	10	13260	买盘
13:32:10	13.26	--	19	25194	卖盘
13:32:00	13.26	--	10	13260	卖盘
13:31:45	13.26	--	0	0	卖盘
13:31:40	13.26	-0.01	100	132600	卖盘
13:31:30	13.27	-0.01	10	13270	卖盘
13:31:15	13.28	--	11	14608	买盘
13:31:05	13.28	-0.02	8	10624	卖盘
13:30:55	13.3	--	2	2660	买盘
13:30:45	13.3	--	86	114699	卖盘
13:30:30	13.3	--	15	19950	卖盘
13:30:25	13.3	--	1	1330	卖盘
13:30:20	13.3	--	59	78470	卖盘
13:30:15	13.3	--	13	17290	卖盘
13:30:10	13.3	--	1	1330	卖盘
13:30:05	13.3	0.02	226	301590	买盘
13:29:59	13.28	-0.02	1	1328	卖盘
13:29:55	13.3	0.02	100	133000	买盘
13:29:44	13.28	--	28	37184	买盘
13:29:40	13.28	0.02	2	2656	买盘
13:29:35	13.26	--	2	2652	卖盘
13:29:25	13.26	--	2	2652	卖盘
13:29:20	13.26	--	4	5304	卖盘
13:29:14	13.26	--	22	29172	卖盘
13:29:10	13.26	--	1	1326	卖盘
13:28:59	13.26	--	1	1326	卖盘
13:28:44	13.26	0.03	158	209508	买盘
13:28:29	13.23	-0.01	10	13230	卖盘
13:28:25	13.24	--	5	6620	买盘
13:28:20	13.24	--	4	5296	买盘
13:28:14	13.24	--	88	116512	卖盘
13:27:55	13.24	-0.01	20	26480	卖盘
13:27:50	13.25	-0.01	1	1325	卖盘
13:27:44	13.26	0.04	218	289068	买盘
13:27:40	13.22	--	0	0	卖盘
13:27:35	13.22	-0.03	100	132200	卖盘
13:27:29	13.25	0.03	31	41075	买盘
13:27:25	13.22	-0.02	8	10576	卖盘
13:27:09	13.24	-0.01	7	9268	卖盘
13:26:49	13.25	-0.01	3	3975	买盘
13:26:44	13.26	--	0	0	买盘
13:26:39	13.26	--	100	132600	买盘
13:26:34	13.26	--	6	7956	买盘
13:26:29	13.26	--	3	3978	买盘
13:26:14	13.26	0.02	10	13260	买盘
13:26:09	13.24	0.03	23	30452	买盘
13:26:04	13.21	--	10	13210	卖盘
13:25:59	13.21	--	0	0	卖盘
13:25:54	13.21	--	35	46235	卖盘
13:25:49	13.21	0.01	24	31704	买盘
13:25:44	13.2	-0.01	16	21120	中性盘
13:25:39	13.21	0.03	10	13210	买盘
13:25:34	13.18	--	0	0	卖盘
13:25:29	13.18	-0.01	98	129164	卖盘
13:25:24	13.19	--	298	393062	买盘
13:25:14	13.19	--	100	131900	买盘
13:25:09	13.19	-0.03	644	849436	卖盘
13:25:04	13.22	--	20	26440	买盘
13:24:54	13.22	--	46	60812	买盘
13:24:49	13.22	--	50	66100	买盘
13:24:29	13.22	-0.02	240	317280	卖盘
13:24:24	13.24	--	102	135048	卖盘
13:24:19	13.24	--	20	26480	卖盘
13:24:14	13.24	-0.02	1	1324	卖盘
13:23:59	13.26	--	10	13260	买盘
13:23:54	13.26	-0.04	252	334152	卖盘
13:23:44	13.3	--	6	7980	买盘
13:23:34	13.3	--	50	66500	买盘
13:23:29	13.3	--	90	120019	卖盘
13:23:23	13.3	--	30	39900	卖盘
13:23:19	13.3	--	197	262010	卖盘
13:23:14	13.3	--	303	402990	卖盘
13:23:08	13.3	-0.01	90	119700	卖盘
13:23:04	13.31	--	570	758670	买盘
13:22:59	13.31	--	11	14641	卖盘
13:22:53	13.31	--	8	10648	卖盘
13:22:44	13.31	--	1	1331	买盘
13:22:34	13.31	0.01	2	2662	中性盘
13:22:29	13.3	-0.02	23	30590	卖盘
13:22:19	13.32	0.02	1	1332	中性盘
13:22:14	13.3	--	0	0	卖盘
13:22:04	13.3	-0.02	500	665000	卖盘
13:21:53	13.32	0.02	17	22644	买盘
13:21:38	13.3	0.04	712	947970	买盘
13:21:34	13.26	--	129	171054	买盘
13:21:29	13.26	--	3	3978	买盘
13:21:23	13.26	--	30	39780	买盘
13:21:19	13.26	--	99	131274	卖盘
13:21:08	13.26	--	2	2652	卖盘
13:21:04	13.26	--	20	26520	卖盘
13:20:48	13.26	--	3	3978	卖盘
13:20:43	13.26	0.03	62	82212	买盘
13:20:38	13.23	--	37	48951	卖盘
13:20:33	13.23	--	1	1323	卖盘
13:20:28	13.23	--	2	2646	卖盘
13:20:18	13.23	-0.03	10	13230	卖盘
13:20:08	13.26	--	0	0	买盘
13:20:03	13.26	-0.01	22	29172	卖盘
13:19:58	13.27	-0.01	1	1327	买盘
13:19:53	13.28	0.01	10	13280	买盘
13:19:48	13.27	--	80	106160	卖盘
13:19:43	13.27	0.03	10	13270	卖盘
13:19:38	13.24	-0.05	98	129752	卖盘
13:19:33	13.29	--	0	0	买盘
13:19:28	13.29	--	1	1329	买盘
13:19:23	13.29	--	0	0	买盘
13:19:13	13.29	--	0	0	买盘
13:19:08	13.29	-0.01	19	25251	卖盘
13:18:53	13.3	--	36	48199	卖盘
13:18:48	13.3	--	28	37240	卖盘
13:18:43	13.3	--	5	6650	卖盘
13:18:38	13.3	--	20	26600	卖盘
13:18:33	13.3	--	0	0	卖盘
13:18:23	13.3	--	0	0	卖盘
13:18:18	13.3	-0.02	1000	1330000	卖盘
13:18:13	13.32	--	50	66600	卖盘
13:17:53	13.32	-0.01	502	668664	卖盘
13:17:48	13.33	-0.01	8	10664	卖盘
13:17:38	13.34	-0.01	18	24012	买盘
13:17:23	13.35	--	0	0	买盘
13:17:18	13.35	--	13	17355	买盘
13:17:02	13.35	--	0	0	买盘
13:16:58	13.35	-0.01	58	77430	卖盘
13:16:53	13.36	--	20	26720	买盘
13:16:47	13.36	0.01	14	18704	买盘
13:16:43	13.35	--	1	1335	卖盘
13:16:38	13.35	--	13	17355	买盘
13:16:32	13.35	0.01	17	22695	买盘
13:16:23	13.34	--	0	0	中性盘
13:16:17	13.34	--	15	20010	卖盘
13:16:13	13.34	--	2	2668	卖盘
13:16:02	13.34	--	15	20010	买盘
13:15:58	13.34	--	1	1334	买盘
13:15:47	13.34	0.01	5	6670	买盘
13:15:43	13.33	--	33	44895	买盘
13:15:38	13.33	--	16	21328	卖盘
13:15:32	13.33	--	68	90644	卖盘
13:15:28	13.33	--	1	1333	卖盘
13:15:23	13.33	--	7	9331	卖盘
13:15:17	13.33	-0.02	24	31992	卖盘
13:15:13	13.35	--	23	30705	买盘
13:15:08	13.35	0.01	7	9345	买盘
13:14:58	13.34	--	1	1334	卖盘
13:14:47	13.34	--	20	26680	卖盘
13:14:37	13.34	-0.01	10	13340	卖盘
13:14:32	13.35	0.01	110	146850	买盘
13:14:27	13.34	0.01	12	16008	买盘
13:14:17	13.33	--	13	17329	卖盘
13:14:12	13.33	--	2	2666	卖盘
13:14:02	13.33	--	20	26660	卖盘
13:13:57	13.33	0.01	45	59985	买盘
13:13:47	13.32	--	17	22644	卖盘
13:13:42	13.32	--	2	2664	卖盘
13:13:32	13.32	-0.01	58	77335	卖盘
13:13:27	13.33	0.01	13	17329	买盘
13:13:22	13.32	-0.01	28	37296	卖盘
13:13:17	13.33	0.01	6	7998	买盘
13:13:07	13.32	--	21	27972	卖盘
13:13:02	13.32	-0.01	53	70596	卖盘
13:12:57	13.33	-0.02	51	68009	卖盘
13:12:47	13.35	--	20	26700	买盘
13:12:42	13.35	--	32	42720	卖盘
13:12:37	13.35	--	17	22695	卖盘
13:12:32	13.35	--	10	13350	卖盘
13:12:27	13.35	--	3	4005	卖盘
13:12:22	13.35	--	10	13350	卖盘
13:12:17	13.35	--	27	36045	卖盘
13:12:07	13.35	--	5	6675	卖盘
13:12:02	13.35	--	10	13350	卖盘
13:11:57	13.35	-0.02	3	4005	卖盘
13:11:47	13.37	0.02	115	153755	买盘
13:11:42	13.35	-0.02	2	2670	卖盘
13:11:37	13.37	--	8	10696	买盘
13:11:32	13.37	--	151	201887	买盘
13:11:22	13.37	--	0	0	买盘
13:11:17	13.37	--	1	1337	买盘
13:11:12	13.37	--	51	68187	卖盘
13:11:07	13.37	--	2	2674	卖盘
13:11:02	13.37	--	3	4010	卖盘
13:10:57	13.37	--	11	14707	卖盘
13:10:47	13.37	--	40	53480	买盘
13:10:41	13.37	--	2	2674	买盘
13:10:37	13.37	0.04	12	16043	买盘
13:10:26	13.33	-0.04	1	1333	卖盘
13:10:22	13.37	0.04	60	80220	买盘
13:10:17	13.33	--	2	2666	买盘
13:10:11	13.33	--	4	5332	买盘
13:10:07	13.33	--	15	19995	买盘
13:10:02	13.33	--	26	34658	卖盘
13:09:56	13.33	-0.05	32	42656	卖盘
13:09:52	13.38	0.01	51	68238	买盘
13:09:41	13.37	-0.01	112	149744	卖盘
13:09:37	13.38	--	7	9366	卖盘
13:09:32	13.38	-0.02	8	10704	卖盘
13:09:26	13.4	--	8	10720	买盘
13:09:11	13.4	--	1	1340	买盘
13:09:07	13.4	-0.03	28	37520	卖盘
13:08:56	13.43	0.01	140	188020	买盘
13:08:47	13.42	-0.01	41	55022	卖盘
13:08:41	13.43	--	5	6715	买盘
13:08:32	13.43	--	12	16116	卖盘
13:08:26	13.43	--	101	135643	卖盘
13:08:22	13.43	--	39	52377	卖盘
13:08:17	13.43	-0.01	11	14773	卖盘
13:08:11	13.44	0.01	238	319872	买盘
13:08:07	13.43	--	49	65807	卖盘
13:08:02	13.43	--	1	1343	卖盘
13:07:56	13.43	--	27	36261	卖盘
13:07:52	13.43	0.01	64	85952	买盘
13:07:41	13.42	-0.02	72	96624	卖盘
13:07:36	13.44	0.02	50	67200	买盘
13:07:31	13.42	--	5	6710	卖盘
13:07:26	13.42	-0.02	21	28182	卖盘
13:07:21	13.44	0.06	12	16128	买盘
13:07:16	13.38	--	0	0	卖盘
13:07:11	13.38	--	0	0	卖盘
13:07:06	13.38	-0.07	20	26760	买盘
13:07:01	13.45	0.03	183	246135	买盘
13:06:56	13.42	0.04	22	29524	买盘
13:06:51	13.38	--	42	56196	中性盘
13:06:46	13.38	--	32	42816	卖盘
13:06:41	13.38	-0.06	19	25422	卖盘
13:06:36	13.44	0.06	28	37632	中性盘
13:06:31	13.38	--	3	4014	卖盘
13:06:26	13.38	0.08	21	28098	买盘
13:06:21	13.3	--	20	26600	卖盘
13:06:16	13.3	--	20	26600	买盘
13:06:11	13.3	0.15	20	26600	买盘
13:06:06	13.15	-0.34	15	19725	卖盘
13:05:56	13.49	0.34	2005	2704745	买盘
13:05:51	13.15	--	0	0	卖盘
13:05:41	13.15	0.03	10	13150	买盘
13:05:36	13.12	-0.18	21	27552	中性盘
13:05:31	13.3	0.19	2000	2660000	买盘
13:05:26	13.11	-0.04	50	65550	卖盘
13:05:21	13.15	--	0	0	买盘
13:05:16	13.15	--	2	2630	买盘
13:05:11	13.15	--	15	19725	买盘
13:05:06	13.15	--	19	24985	买盘
13:04:56	13.15	--	13	17095	买盘
13:04:36	13.15	-0.03	1949	2562935	卖盘
13:04:26	13.18	-0.01	10	13180	卖盘
13:04:21	13.19	--	0	0	买盘
13:04:16	13.19	0.02	10	13190	买盘
13:04:11	13.17	--	0	0	买盘
13:04:01	13.17	-0.02	1	1317	卖盘
13:03:56	13.19	--	0	0	中性盘
13:03:50	13.19	0.02	4	5276	中性盘
13:03:35	13.17	--	0	0	卖盘
13:03:26	13.17	-0.03	15	19755	卖盘
13:03:05	13.2	--	33	44299	卖盘
13:03:01	13.2	--	10	13200	卖盘
13:02:56	13.2	--	8	10560	卖盘
13:02:50	13.2	--	30	39600	卖盘
13:02:46	13.2	-0.03	23	30360	卖盘
13:02:35	13.23	--	0	0	买盘
13:02:26	13.23	-0.01	10	13230	买盘
13:02:11	13.24	--	0	0	买盘
13:02:05	13.24	--	18	23832	买盘
13:02:01	13.24	0.01	7	9268	买盘
13:01:56	13.23	--	2	2646	卖盘
13:01:50	13.23	--	2	2646	卖盘
13:01:46	13.23	--	1	1323	卖盘
13:01:41	13.23	-0.02	10	13230	卖盘
13:01:35	13.25	0.02	50	66250	买盘
13:01:31	13.23	--	34	44982	卖盘
13:01:26	13.23	--	84	111132	卖盘
13:01:20	13.23	0.03	288	381024	买盘
13:01:16	13.2	-0.03	51	67320	卖盘
13:01:05	13.23	0.03	83	109809	买盘
13:01:00	13.2	-0.03	201	265320	卖盘
13:00:55	13.23	0.01	151	199773	买盘
13:00:50	13.22	-0.01	5	6610	卖盘
13:00:45	13.23	0.01	82	108486	买盘
13:00:40	13.22	--	31	40982	买盘
13:00:35	13.22	--	49	64778	卖盘
13:00:20	13.22	0.02	65	85930	买盘
13:00:15	13.2	--	20	26400	卖盘
13:00:10	13.2	--	93	122760	卖盘
13:00:05	13.2	0.1	1336	1764100	买盘
11:30:00	13.1	--	0	0	买盘
11:30:00	13.1	0.01	4	5240	买盘
11:29:57	13.09	--	5	6545	卖盘
11:29:52	13.09	--	19	24871	卖盘
11:29:42	13.09	--	32	41888	卖盘
11:29:37	13.09	--	10	13090	卖盘
11:29:32	13.09	--	28	36652	卖盘
11:29:27	13.09	-0.01	20	26180	卖盘
11:29:22	13.1	0.01	37	48470	买盘
11:29:17	13.09	--	4	5236	卖盘
11:29:12	13.09	--	3	3927	卖盘
11:29:07	13.09	--	43	56287	买盘
11:29:02	13.09	--	4	5236	买盘
11:28:47	13.09	--	22	28798	买盘
11:28:42	13.09	--	49	64141	卖盘
11:28:32	13.09	0.01	86	112574	买盘
11:28:27	13.08	-0.01	78	102024	卖盘
11:28:22	13.09	0.01	18	23562	买盘
11:28:17	13.08	--	28	36624	卖盘
11:28:07	13.08	--	23	30084	买盘
11:27:57	13.08	--	24	31392	买盘
11:27:46	13.08	--	50	65400	买盘
11:27:42	13.08	--	20	26160	买盘
11:27:36	13.08	0.01	1	1308	买盘
11:27:31	13.07	--	10	13070	卖盘
11:27:21	13.07	0.01	26	33982	买盘
11:27:16	13.06	--	11	14366	卖盘
11:27:06	13.06	--	1	1306	卖盘
11:26:56	13.06	--	58	75748	买盘
11:26:51	13.06	--	12	15672	买盘
11:26:46	13.06	--	11	14366	买盘
11:26:41	13.06	0.01	16	20896	买盘
11:26:36	13.05	--	14	18270	卖盘
11:26:31	13.05	-0.01	20	26100	卖盘
11:26:26	13.06	--	100	130600	买盘
11:26:21	13.06	0.01	43	56158	买盘
11:26:16	13.05	-0.01	25	32625	卖盘
11:26:11	13.06	--	3	3918	买盘
11:26:06	13.06	--	4	5224	买盘
11:25:56	13.06	0.01	2	2612	买盘
11:25:51	13.05	--	78	101790	买盘
11:25:41	13.05	0.01	4	5220	买盘
11:25:36	13.04	--	49	63895	卖盘
11:25:31	13.04	--	1	1304	卖盘
11:25:21	13.04	--	4	5216	卖盘
11:25:16	13.04	0.01	10	13040	买盘
11:25:11	13.03	--	31	40393	卖盘
11:25:06	13.03	--	1	1303	卖盘
11:25:01	13.03	0.01	66	85998	买盘
11:24:51	13.02	--	5	6510	卖盘
11:24:46	13.02	-0.01	10	13020	卖盘
11:24:41	13.03	--	3	3909	买盘
11:24:36	13.03	0.01	3	3909	买盘
11:24:31	13.02	--	25	32550	卖盘
11:24:06	13.02	--	31	40362	卖盘
11:24:01	13.02	--	14	18228	买盘
11:23:56	13.02	--	12	15624	买盘
11:23:51	13.02	--	7	9114	买盘
11:23:46	13.02	--	51	66402	买盘
11:23:41	13.02	--	10	13020	买盘
11:23:31	13.02	0.01	7	9114	买盘
11:23:21	13.01	--	4	5204	卖盘
11:23:16	13.01	--	44	57244	买盘
11:23:11	13.01	--	107	139207	买盘
11:23:06	13.01	0.01	103	134003	买盘
11:22:51	13.0	--	175	228761	买盘
11:22:36	13.0	--	18	23400	买盘
11:22:31	13.0	0.01	9	11700	买盘
11:22:26	12.99	-0.01	156	202644	卖盘
11:22:21	13.0	--	34	44200	买盘
11:22:16	13.0	--	35	45500	买盘
11:22:11	13.0	--	5	6500	买盘
11:22:06	13.0	--	62	80600	买盘
11:21:51	13.0	0.01	10	13000	买盘
11:21:46	12.99	-0.01	18	23382	卖盘
11:21:41	13.0	0.01	54	70200	买盘
11:21:20	12.99	--	123	159777	买盘
11:21:10	12.99	--	54	70146	买盘
11:21:05	12.99	--	1	1299	买盘
11:21:01	12.99	--	13	16887	买盘
11:20:50	12.99	--	24	31176	买盘
11:20:45	12.99	--	24	31176	买盘
11:20:30	12.99	0.01	32	41568	买盘
11:20:25	12.98	--	3	3894	卖盘
11:20:15	12.98	--	1	1298	卖盘
11:20:00	12.98	--	609	790482	买盘
11:19:50	12.98	--	30	38940	买盘
11:19:35	12.98	0.01	6	7788	买盘
11:19:30	12.97	--	100	129700	卖盘
11:19:20	12.97	-0.01	15	19455	卖盘
11:19:15	12.98	0.01	43	55814	买盘
11:19:10	12.97	-0.01	15	19455	卖盘
11:19:00	12.98	--	22	28556	买盘
11:18:40	12.98	0.01	20	25960	买盘
11:18:35	12.97	--	41	53177	卖盘
11:18:30	12.97	-0.01	13	16861	卖盘
11:18:25	12.98	0.01	5	6490	买盘
11:18:00	12.97	--	10	12970	卖盘
11:17:55	12.97	--	10	12970	卖盘
11:17:25	12.97	-0.01	20	25940	卖盘
11:17:05	12.98	--	26	33748	买盘
11:17:00	12.98	0.01	5	6490	买盘
11:16:55	12.97	-0.01	11	14267	卖盘
11:16:50	12.98	--	6	7788	买盘
11:16:30	12.98	--	4	5192	买盘
11:16:14	12.98	--	100	129800	买盘
11:15:40	12.98	0.01	7	9086	买盘
11:15:25	12.97	--	14	18158	卖盘
11:15:19	12.97	--	4	5188	卖盘
11:15:15	12.97	0.01	12	15564	买盘
11:15:10	12.96	--	2	2592	卖盘
11:15:04	12.96	--	2	2592	卖盘
11:14:55	12.96	-0.01	36	46656	卖盘
11:13:49	12.97	0.02	2	2594	买盘
11:13:44	12.95	-0.01	10	12950	卖盘
11:13:39	12.96	--	0	0	中性盘
11:13:29	12.96	--	10	12960	卖盘
11:13:19	12.96	--	4	5184	卖盘
11:13:14	12.96	--	11	14256	卖盘
11:13:09	12.96	--	2	2592	卖盘
11:12:54	12.96	-0.01	8	10368	卖盘
11:12:24	12.97	0.01	5	6485	买盘
11:12:19	12.96	-0.01	8	10368	卖盘
11:12:09	12.97	--	1	1297	买盘
11:11:59	12.97	--	10	12970	买盘
11:11:49	12.97	-0.01	39	50583	卖盘
11:11:44	12.98	0.01	36	46728	买盘
11:11:38	12.97	--	41	53177	卖盘
11:11:34	12.97	--	38	49286	卖盘
11:11:19	12.97	--	4	5188	卖盘
11:11:14	12.97	-0.01	1	1297	卖盘
11:10:49	12.98	0.01	4	5192	买盘
11:10:39	12.97	-0.01	24	31128	卖盘
11:10:04	12.98	0.01	1	1298	买盘
11:09:59	12.97	--	5	6485	卖盘
11:09:54	12.97	--	5	6485	卖盘
11:09:19	12.97	--	4	5188	卖盘
11:09:14	12.97	-0.01	19	24643	卖盘
11:08:48	12.98	-0.01	159	206382	卖盘
11:08:43	12.99	--	18	23382	买盘
11:08:28	12.99	--	10	12990	买盘
11:08:18	12.99	--	14	18186	卖盘
11:08:13	12.99	--	2	2598	卖盘
11:07:58	12.99	--	8	10392	卖盘
11:07:43	12.99	--	5	6495	买盘
11:07:38	12.99	0.01	7	9093	买盘
11:07:33	12.98	-0.01	6	7788	卖盘
11:07:23	12.99	0.01	13	16887	买盘
11:07:18	12.98	--	4	5192	卖盘
11:07:13	12.98	-0.01	90	116820	卖盘
11:07:08	12.99	--	1	1299	卖盘
11:07:03	12.99	--	14	18186	买盘
11:06:48	12.99	0.01	17	22083	买盘
11:06:38	12.98	--	0	0	卖盘
11:06:33	12.98	--	1	1298	卖盘
11:06:18	12.98	-0.02	52	67496	卖盘
11:06:03	13.0	0.01	110	143000	买盘
11:05:58	12.99	-0.01	2	2598	卖盘
11:05:53	13.0	0.01	15	19500	买盘
11:05:48	12.99	-0.01	73	94827	卖盘
11:05:32	13.0	--	6	7800	买盘
11:05:23	13.0	0.01	3	3900	买盘
11:05:17	12.99	--	20	25980	卖盘
11:05:08	12.99	--	1	1299	卖盘
11:04:38	12.99	--	65	84435	买盘
11:04:33	12.99	--	177	229923	买盘
11:04:28	12.99	--	5	6495	买盘
11:04:23	12.99	--	7	9093	买盘
11:04:18	12.99	--	15	19485	买盘
11:04:08	12.99	--	34	44166	买盘
11:03:53	12.99	--	16	20784	买盘
11:03:48	12.99	--	20	25980	买盘
11:03:43	12.99	--	2	2598	买盘
11:03:28	12.99	--	20	25980	买盘
11:03:23	12.99	0.01	23	29877	买盘
11:03:17	12.98	-0.01	10	12980	卖盘
11:03:08	12.99	0.01	51	66249	买盘
11:02:58	12.98	--	3	3894	卖盘
11:02:48	12.98	--	17	22066	买盘
11:02:38	12.98	--	12	15576	买盘
11:02:32	12.98	--	100	129800	买盘
11:02:28	12.98	--	340	441320	买盘
11:02:22	12.98	--	50	64900	买盘
11:02:13	12.98	--	9	11682	买盘
11:02:07	12.98	--	6	7788	买盘
11:02:02	12.98	--	10	12980	买盘
11:01:42	12.98	0.01	104	134992	买盘
11:01:32	12.97	-0.01	10	12970	卖盘
11:01:22	12.98	0.01	10	12980	买盘
11:01:17	12.97	--	4	5188	卖盘
11:01:12	12.97	-0.01	12	15564	卖盘
11:01:07	12.98	--	3	3894	买盘
11:01:02	12.98	--	80	103840	买盘
11:00:57	12.98	--	2	2596	买盘
11:00:47	12.98	--	231	299838	买盘
11:00:42	12.98	-0.01	28	36344	卖盘
11:00:37	12.99	0.01	101	131199	买盘
11:00:27	12.98	--	0	0	中性盘
11:00:12	12.98	-0.01	43	55814	卖盘
11:00:07	12.99	0.01	105	136395	买盘
10:59:52	12.98	--	14	18172	买盘
10:59:47	12.98	--	13	16874	买盘
10:59:27	12.98	--	0	0	买盘
10:59:22	12.98	0.01	11	14278	买盘
10:59:17	12.97	--	4	5188	卖盘
10:59:07	12.97	--	1	1297	卖盘
10:59:02	12.97	--	6	7782	买盘
10:58:46	12.97	--	200	259400	买盘
10:58:17	12.97	-0.01	34	44098	卖盘
10:58:02	12.98	--	30	38940	买盘
10:57:41	12.98	--	10	12980	买盘
10:57:21	12.98	0.01	5	6490	买盘
10:57:17	12.97	-0.01	14	18158	卖盘
10:57:11	12.98	--	2	2596	买盘
10:57:02	12.98	--	70	90860	卖盘
10:56:51	12.98	--	14	18172	卖盘
10:56:46	12.98	--	134	173932	买盘
10:56:26	12.98	--	3	3894	买盘
10:56:21	12.98	--	0	0	买盘
10:56:16	12.98	0.01	25	32450	买盘
10:56:11	12.97	-0.01	1	1297	卖盘
10:56:06	12.98	0.01	3	3894	买盘
10:55:46	12.97	--	3	3891	卖盘
10:55:41	12.97	0.01	11	14267	买盘
10:55:21	12.96	--	5	6480	买盘
10:55:16	12.96	--	10	12960	买盘
10:55:06	12.96	--	5	6480	买盘
10:54:46	12.96	0.01	6	7776	买盘
10:54:41	12.95	-0.01	6	7770	卖盘
10:54:26	12.96	0.01	150	194400	买盘
10:54:06	12.95	--	50	64750	卖盘
10:53:51	12.95	-0.01	5	6475	卖盘
10:53:41	12.96	--	28	36288	买盘
10:53:21	12.96	-0.01	95	123120	卖盘
10:53:16	12.97	--	2	2594	买盘
10:52:41	12.97	--	1	1297	卖盘
10:52:35	12.97	--	0	0	买盘
10:52:26	12.97	--	2	2594	买盘
10:52:20	12.97	0.01	10	12970	买盘
10:52:05	12.96	-0.01	10	12960	卖盘
10:51:50	12.97	--	126	163422	买盘
10:51:45	12.97	-0.02	24	31128	卖盘
10:51:11	12.99	0.01	75	97425	买盘
10:51:05	12.98	--	0	0	中性盘
10:51:00	12.98	--	0	0	卖盘
10:50:35	12.98	--	0	0	中性盘
10:50:26	12.98	0.01	130	168740	买盘
10:49:50	12.97	-0.01	1	1297	卖盘
10:49:20	12.98	0.01	7	9086	买盘
10:49:05	12.97	--	4	5188	卖盘
10:48:30	12.97	0.01	11	14267	买盘
10:48:25	12.96	-0.01	5	6480	卖盘
10:48:20	12.97	0.01	13	16861	买盘
10:47:55	12.96	-0.01	5	6480	卖盘
10:47:45	12.97	--	0	0	中性盘
10:47:35	12.97	--	0	0	买盘
10:47:30	12.97	--	9	11673	卖盘
10:47:25	12.97	-0.01	1	1297	卖盘
10:47:15	12.98	0.01	3	3894	买盘
10:47:05	12.97	--	1	1297	卖盘
10:47:00	12.97	--	1	1297	卖盘
10:46:50	12.97	--	3	3891	卖盘
10:46:45	12.97	--	2	2594	卖盘
10:46:35	12.97	--	6	7782	卖盘
10:46:29	12.97	--	6	7782	卖盘
10:46:25	12.97	--	43	55771	卖盘
10:45:54	12.97	-0.01	11	14267	卖盘
10:45:50	12.98	--	19	24662	买盘
10:45:29	12.98	--	54	70092	卖盘
10:45:20	12.98	--	4	5192	卖盘
10:45:14	12.98	--	16	20768	卖盘
10:45:05	12.98	--	1	1298	卖盘
10:44:59	12.98	--	9	11682	卖盘
10:44:44	12.98	-0.01	3	3894	卖盘
10:44:29	12.99	0.01	20	25980	买盘
10:44:20	12.98	-0.01	2	2596	卖盘
10:44:14	12.99	0.01	1	1299	买盘
10:44:09	12.98	--	30	38940	卖盘
10:43:39	12.98	--	5	6490	卖盘
10:43:35	12.98	--	10	12980	买盘
10:43:29	12.98	--	8	10384	卖盘
10:43:19	12.98	--	13	16874	卖盘
10:43:14	12.98	0.01	29	37642	买盘
10:43:09	12.97	--	2	2594	卖盘
10:42:28	12.97	0.01	5	6485	卖盘
10:42:19	12.96	-0.02	25	32400	卖盘
10:42:14	12.98	0.01	108	140184	买盘
10:41:49	12.97	-0.01	12	15564	卖盘
10:41:43	12.98	0.01	20	25960	买盘
10:41:29	12.97	0.01	19	24643	卖盘
10:41:24	12.96	--	0	0	卖盘
10:41:19	12.96	--	4	5184	卖盘
10:41:14	12.96	-0.01	5	6480	卖盘
10:41:09	12.97	-0.01	3	3891	买盘
10:41:04	12.98	0.02	2	2596	买盘
10:40:59	12.96	-0.02	500	648000	卖盘
10:40:44	12.98	0.01	40	51920	买盘
10:40:29	12.97	--	0	0	中性盘
10:40:14	12.97	0.01	10	12970	买盘
10:39:53	12.96	--	68	88128	卖盘
10:39:29	12.96	--	77	99792	卖盘
10:39:18	12.96	--	4	5184	卖盘
10:39:14	12.96	--	7	9072	卖盘
10:39:08	12.96	--	2	2592	卖盘
10:38:59	12.96	--	40	51840	卖盘
10:38:29	12.96	--	3	3888	卖盘
10:38:23	12.96	-0.02	38	49248	卖盘
10:38:18	12.98	--	4	5192	买盘
10:38:14	12.98	0.02	12	15576	买盘
10:38:03	12.96	--	0	0	卖盘
10:37:59	12.96	-0.01	470	609120	卖盘
10:37:48	12.97	--	30	38910	买盘
10:37:28	12.97	0.01	9	11673	买盘
10:37:18	12.96	-0.01	2	2592	卖盘
10:37:08	12.97	--	79	102463	买盘
10:37:03	12.97	--	8	10376	买盘
10:36:38	12.97	0.01	7	9079	买盘
10:36:28	12.96	0.05	445	576720	买盘
10:36:18	12.91	0.01	3	3873	买盘
10:36:03	12.9	--	46	59340	卖盘
10:35:58	12.9	-0.01	200	258000	卖盘
10:35:48	12.91	-0.02	11	14201	卖盘
10:35:43	12.93	0.02	2	2586	买盘
10:35:33	12.91	-0.02	6	7746	卖盘
10:35:18	12.93	--	201	259893	买盘
10:34:58	12.93	--	0	0	买盘
10:34:48	12.93	--	1	1293	买盘
10:34:43	12.93	--	50	64650	买盘
10:34:37	12.93	--	3	3879	买盘
10:34:18	12.93	--	100	129300	买盘
10:34:08	12.93	0.03	217	280581	买盘
10:33:48	12.9	--	0	0	卖盘
10:33:43	12.9	--	4	5160	卖盘
10:33:37	12.9	-0.01	230	296700	卖盘
10:33:23	12.91	-0.01	51	65841	卖盘
10:33:17	12.92	0.01	4	5168	卖盘
10:33:08	12.91	0.01	2	2582	卖盘
10:32:47	12.9	-0.03	200	258000	卖盘
10:32:07	12.93	--	138	178434	买盘
10:31:52	12.93	0.02	202	261186	买盘
10:31:22	12.91	--	0	0	卖盘
10:31:17	12.91	0.01	4	5164	中性盘
10:31:07	12.9	--	2	2580	卖盘
10:30:52	12.9	--	0	0	卖盘
10:30:47	12.9	--	0	0	中性盘
10:30:32	12.9	--	10	12900	买盘
10:30:12	12.9	--	15	19350	买盘
10:30:07	12.9	--	100	129000	买盘
10:30:02	12.9	--	58	74820	买盘
10:29:57	12.9	--	21	27090	买盘
10:29:42	12.9	--	10	12900	买盘
10:29:32	12.9	0.01	8	10320	买盘
10:29:16	12.89	-0.01	10	12890	卖盘
10:29:12	12.9	--	142	183180	卖盘
10:29:07	12.9	--	12	15480	卖盘
10:29:01	12.9	--	0	0	卖盘
10:28:57	12.9	--	464	598560	买盘
10:28:46	12.9	0.01	8	10320	买盘
10:28:31	12.89	0.01	10	12890	买盘
10:28:27	12.88	-0.01	40	51520	卖盘
10:28:16	12.89	-0.01	20	25780	中性盘
10:28:12	12.9	--	50	64500	买盘
10:28:01	12.9	--	206	265740	买盘
10:27:57	12.9	--	570	735300	买盘
10:27:46	12.9	--	9	11610	买盘
10:27:42	12.9	-0.07	163	210270	卖盘
10:27:27	12.97	0.07	1	1297	买盘
10:27:22	12.9	--	0	0	卖盘
10:27:16	12.9	--	604	779160	卖盘
10:27:07	12.9	--	2	2580	卖盘
10:26:56	12.9	-0.05	1500	1935000	卖盘
10:26:52	12.95	0.02	9	11655	卖盘
10:25:56	12.93	--	0	0	卖盘
10:25:36	12.93	--	0	0	卖盘
10:25:31	12.93	--	6	7758	卖盘
10:25:26	12.93	--	12	15516	卖盘
10:25:16	12.93	--	4	5172	卖盘
10:25:06	12.93	0.02	2	2586	卖盘
10:24:16	12.91	-0.02	500	645500	卖盘
10:23:51	12.93	0.01	8	10344	中性盘
10:23:46	12.92	--	5	6460	卖盘
10:23:36	12.92	-0.06	30	38760	卖盘
10:23:06	12.98	--	2	2596	卖盘
10:22:51	12.98	0.07	3	3894	中性盘
10:22:36	12.91	--	111	143301	卖盘
10:22:31	12.91	--	0	0	卖盘
10:22:25	12.91	-0.08	575	742325	卖盘
10:22:06	12.99	--	7	9093	卖盘
10:22:01	12.99	--	7	9093	卖盘
10:21:55	12.99	--	18	23382	卖盘
10:21:51	12.99	--	4	5196	卖盘
10:21:40	12.99	--	41	53259	卖盘
10:21:31	12.99	--	10	12990	卖盘
10:21:21	12.99	--	152	197448	卖盘
10:21:10	12.99	--	36	46764	卖盘
10:21:06	12.99	--	2	2598	卖盘
10:21:01	12.99	--	19	24681	卖盘
10:20:55	12.99	0.01	251	326049	买盘
10:20:50	12.98	-0.01	7	9086	买盘
10:20:46	12.99	--	0	0	买盘
10:20:40	12.99	0.04	40	51960	买盘
10:20:31	12.95	-0.04	1	1295	卖盘
10:20:25	12.99	--	10	12990	买盘
10:20:10	12.99	0.08	16	20784	买盘
10:20:05	12.91	-0.02	494	637754	卖盘
10:19:45	12.93	-0.07	20	25860	卖盘
10:19:40	13.0	--	0	0	买盘
10:19:30	13.0	0.06	20	26000	买盘
10:19:25	12.94	-0.06	4	5176	卖盘
10:19:05	13.0	--	107	139100	买盘
10:18:55	13.0	--	0	0	买盘
10:18:50	13.0	--	0	0	买盘
10:18:35	13.0	0.04	546	709800	买盘
10:18:30	12.96	--	20	25920	买盘
10:18:20	12.96	--	0	0	买盘
10:18:05	12.96	--	10	12960	买盘
10:17:55	12.96	--	5	6480	买盘
10:17:50	12.96	-0.01	4	5184	卖盘
10:17:15	12.97	--	1	1297	买盘
10:17:10	12.97	--	15	19455	买盘
10:16:55	12.97	--	18	23346	卖盘
10:16:50	12.97	--	4	5188	卖盘
10:16:30	12.97	--	14	18158	卖盘
10:16:25	12.97	--	6	7782	卖盘
10:16:19	12.97	--	43	55771	买盘
10:16:10	12.97	--	13	16861	卖盘
10:16:04	12.97	--	10	12970	卖盘
10:15:45	12.97	0.03	17	22049	买盘
10:15:40	12.94	0.03	20	25880	中性盘
10:15:34	12.91	--	179	231089	卖盘
10:15:30	12.91	--	61	78751	卖盘
10:15:19	12.91	--	4	5164	卖盘
10:15:15	12.91	--	11	14201	卖盘
10:15:10	12.91	-0.01	9	11619	卖盘
10:15:04	12.92	0.02	42	54264	买盘
10:15:00	12.9	-0.01	114	147060	卖盘
10:14:49	12.91	-0.06	173	223343	卖盘
10:14:45	12.97	--	14	18158	卖盘
10:14:40	12.97	--	16	20752	卖盘
10:14:29	12.97	--	23	29831	卖盘
10:14:25	12.97	--	47	60959	卖盘
10:14:19	12.97	0.01	133	172501	买盘
10:14:14	12.96	0.05	10	12960	买盘
10:14:04	12.91	--	0	0	卖盘
10:13:49	12.91	--	0	0	卖盘
10:13:44	12.91	0.01	2	2582	卖盘
10:13:19	12.9	--	4	5160	卖盘
10:13:14	12.9	-0.06	300	387000	卖盘
10:13:09	12.96	--	4	5184	卖盘
10:13:04	12.96	--	4	5184	买盘
10:12:54	12.96	0.01	16	20736	买盘
10:12:44	12.95	0.04	11	14245	买盘
10:12:34	12.91	-0.02	153	197523	卖盘
10:12:04	12.93	--	0	0	卖盘
10:11:59	12.93	-0.01	52	67236	卖盘
10:11:49	12.94	--	40	51760	买盘
10:11:44	12.94	--	5	6470	买盘
10:11:39	12.94	-0.01	53	68582	卖盘
10:11:34	12.95	--	10	12950	买盘
10:11:29	12.95	--	1	1295	买盘
10:11:09	12.95	--	10	12950	买盘
10:11:04	12.95	--	11	14245	买盘
10:10:39	12.95	-0.01	15	19425	卖盘
10:10:09	12.96	--	0	0	买盘
10:09:34	12.96	--	78	101088	卖盘
10:09:28	12.96	--	17	22032	卖盘
10:09:19	12.96	--	14	18144	卖盘
10:09:09	12.96	--	33	42768	卖盘
10:09:04	12.96	--	11	14256	卖盘
10:08:54	12.96	--	8	10368	卖盘
10:08:43	12.96	0.03	65	84240	买盘
10:08:28	12.93	-0.04	5	6465	卖盘
10:08:04	12.97	--	0	0	买盘
10:07:58	12.97	--	0	0	买盘
10:07:53	12.97	0.04	50	64850	买盘
10:07:49	12.93	--	5	6465	买盘
10:07:38	12.93	-0.02	30	38790	卖盘
10:07:34	12.95	0.02	14	18130	买盘
10:07:18	12.93	--	14	18102	卖盘
10:07:13	12.93	--	25	32325	卖盘
10:07:08	12.93	--	2	2586	卖盘
10:07:03	12.93	--	25	32325	卖盘
10:06:53	12.93	--	28	36204	卖盘
10:06:38	12.93	--	2	2586	卖盘
10:06:33	12.93	--	10	12930	卖盘
10:06:13	12.93	-0.02	19	24567	卖盘
10:05:38	12.95	0.02	4	5180	买盘
10:05:18	12.93	-0.02	5	6465	卖盘
10:05:08	12.95	--	0	0	中性盘
10:04:53	12.95	--	0	0	买盘
10:04:48	12.95	0.02	10	12950	卖盘
10:04:43	12.93	--	0	0	卖盘
10:04:38	12.93	--	1	1293	卖盘
10:04:33	12.93	-0.04	6	7758	卖盘
10:04:23	12.97	--	0	0	买盘
10:04:03	12.97	--	29	37613	买盘
10:03:48	12.97	--	0	0	买盘
10:03:43	12.97	0.05	11	14267	买盘
10:03:22	12.92	--	13	16796	卖盘
10:03:18	12.92	--	4	5168	卖盘
10:03:13	12.92	--	0	0	卖盘
10:03:07	12.92	0.01	2	2584	中性盘
10:03:03	12.91	-0.07	3	3873	卖盘
10:02:48	12.98	0.07	5	6490	买盘
10:02:33	12.91	0.01	7	9037	卖盘
10:02:22	12.9	-0.1	10	12900	卖盘
10:02:18	13.0	0.1	200	260000	买盘
10:02:02	12.9	--	10	12900	卖盘
10:01:47	12.9	--	10	12900	卖盘
10:01:43	12.9	--	10	12900	卖盘
10:01:32	12.9	--	9	11610	卖盘
10:01:22	12.9	--	210	270900	卖盘
10:01:17	12.9	--	9	11610	卖盘
10:01:07	12.9	--	2	2580	卖盘
10:00:57	12.9	--	15	19350	卖盘
10:00:52	12.9	--	4	5160	卖盘
10:00:22	12.9	--	16	20640	买盘
10:00:17	12.9	--	0	0	买盘
10:00:07	12.9	0.02	30	38700	买盘
09:59:52	12.88	-0.02	48	61824	卖盘
09:59:47	12.9	0.01	111	143190	买盘
09:59:42	12.89	-0.01	5	6445	中性盘
09:59:32	12.9	0.02	67	86430	中性盘
09:59:22	12.88	--	5	6440	卖盘
09:59:17	12.88	--	99	127769	卖盘
09:59:07	12.88	--	1	1288	卖盘
09:58:57	12.88	--	81	104328	卖盘
09:58:52	12.88	--	19	24472	买盘
09:58:47	12.88	0.01	20	25760	买盘
09:58:42	12.87	--	6	7721	卖盘
09:58:32	12.87	-0.01	1	1287	卖盘
09:58:27	12.88	--	7	9016	买盘
09:58:12	12.88	-0.02	29	37352	卖盘
09:57:31	12.9	-0.02	56	73272	卖盘
09:57:22	12.92	0.02	3	3876	买盘
09:57:16	12.9	-0.02	349	450210	卖盘
09:57:01	12.92	--	10	12920	卖盘
09:56:31	12.92	0.01	5	6460	买盘
09:56:27	12.91	--	259	334369	卖盘
09:56:16	12.91	-0.01	7	9037	卖盘
09:56:12	12.92	--	13	16796	买盘
09:55:46	12.92	-0.01	20	25840	卖盘
09:55:41	12.93	--	8	10344	买盘
09:55:01	12.93	0.02	5	6465	买盘
09:54:56	12.91	-0.01	14	18848	卖盘
09:54:52	12.92	--	0	0	中性盘
09:54:41	12.92	--	92	118864	买盘
09:54:31	12.92	--	40	51680	卖盘
09:54:26	12.92	--	11	14212	卖盘
09:54:21	12.92	0.01	4	5168	买盘
09:54:16	12.91	--	70	90370	卖盘
09:54:11	12.91	--	50	64550	卖盘
09:54:06	12.91	--	4	5164	卖盘
09:54:01	12.91	--	21	27111	卖盘
09:53:56	12.91	--	4	5938	卖盘
09:53:51	12.91	-0.01	60	77460	卖盘
09:53:31	12.92	--	35	45220	卖盘
09:53:21	12.92	--	31	40052	卖盘
09:53:16	12.92	--	1	1292	卖盘
09:53:01	12.92	-0.01	7	9044	卖盘
09:52:51	12.93	0.01	1	1293	买盘
09:52:46	12.92	--	2	2584	卖盘
09:52:36	12.92	--	3	3876	卖盘
09:52:26	12.92	-0.01	43	55556	卖盘
09:52:06	12.93	--	44	56892	卖盘
09:52:01	12.93	--	10	12930	卖盘
09:51:56	12.93	-0.01	61	78873	卖盘
09:51:46	12.94	--	25	32350	卖盘
09:51:41	12.94	--	78	100932	卖盘
09:51:36	12.94	-0.01	96	124224	卖盘
09:51:25	12.95	-0.01	87	113351	卖盘
09:51:21	12.96	0.01	66	85536	中性盘
09:51:16	12.95	-0.01	36	46620	卖盘
09:51:10	12.96	0.01	101	131505	买盘
09:51:01	12.95	--	7	9065	卖盘
09:50:55	12.95	--	138	178710	卖盘
09:50:51	12.95	-0.01	10	12950	卖盘
09:50:36	12.96	0.01	2	2592	买盘
09:50:25	12.95	-0.01	8	10360	卖盘
09:50:21	12.96	--	11	14256	买盘
09:50:10	12.96	--	2	3278	卖盘
09:50:06	12.96	--	47	61521	买盘
09:49:51	12.96	--	4	5870	卖盘
09:49:40	12.96	--	0	609	买盘
09:49:36	12.96	--	20	25920	买盘
09:49:25	12.96	--	26	34382	卖盘
09:48:50	12.96	--	62	80352	卖盘
09:48:40	12.96	-0.01	10	12960	卖盘
09:48:35	12.97	0.01	10	12970	买盘
09:48:05	12.96	-0.01	9	11664	卖盘
09:48:00	12.97	0.01	7	9079	买盘
09:47:55	12.96	--	39	50544	卖盘
09:47:40	12.96	--	6	8385	买盘
09:47:25	12.96	0.01	20	25920	买盘
09:47:20	12.95	-0.01	48	62160	卖盘
09:47:05	12.96	--	9	11664	买盘
09:46:55	12.96	-0.01	105	136766	卖盘
09:46:50	12.97	--	10	12970	买盘
09:46:45	12.97	--	10	12970	买盘
09:46:00	12.97	0.01	14	18158	买盘
09:45:55	12.96	--	16	20736	卖盘
09:45:30	12.96	--	64	83553	买盘
09:45:20	12.96	--	11	14256	买盘
09:45:15	12.96	--	10	12960	买盘
09:45:04	12.96	--	22	28512	买盘
09:45:00	12.96	--	20	25920	买盘
09:44:45	12.96	--	2	2592	买盘
09:44:34	12.96	0.01	26	33696	买盘
09:44:19	12.95	--	12	15540	卖盘
09:44:15	12.95	--	12	15540	卖盘
09:44:04	12.95	--	30	38850	卖盘
09:43:49	12.95	--	5	6475	卖盘
09:43:30	12.95	--	6	7770	卖盘
09:43:15	12.95	-0.01	43	55685	卖盘
09:42:59	12.96	0.01	50	64800	买盘
09:42:49	12.95	-0.01	1	1295	卖盘
09:42:44	12.96	0.01	2	2592	买盘
09:42:09	12.95	--	37	47915	卖盘
09:41:59	12.95	-0.01	8	10360	卖盘
09:41:44	12.96	--	1	1296	买盘
09:41:34	12.96	0.01	17	22032	买盘
09:41:14	12.95	-0.01	20	25900	卖盘
09:41:04	12.96	--	10	12960	买盘
09:40:59	12.96	--	10	12960	买盘
09:40:54	12.96	--	30	38880	卖盘
09:40:49	12.96	--	30	38880	卖盘
09:40:44	12.96	--	4	5184	卖盘
09:40:29	12.96	--	30	38880	卖盘
09:40:19	12.96	--	0	0	卖盘
09:40:14	12.96	--	5	6480	卖盘
09:40:09	12.96	-0.03	84	108864	卖盘
09:39:39	12.99	--	0	0	买盘
09:39:24	12.99	--	20	25980	买盘
09:39:09	12.99	0.03	20	25980	买盘
09:38:58	12.96	--	37	47952	买盘
09:38:54	12.96	-0.03	57	73872	卖盘
09:38:49	12.99	0.03	57	74043	买盘
09:38:43	12.96	-0.03	2	2592	卖盘
09:38:34	12.99	0.03	56	72744	买盘
09:38:28	12.96	--	20	25920	卖盘
09:38:24	12.96	-0.03	8	10368	卖盘
09:38:09	12.99	--	0	0	买盘
09:38:04	12.99	--	10	12990	买盘
09:37:58	12.99	--	65	84435	买盘
09:37:39	12.99	--	4	5196	卖盘
09:37:28	12.99	0.05	16	20784	买盘
09:37:24	12.94	--	86	111284	买盘
09:37:19	12.94	--	6	7764	买盘
09:37:13	12.94	--	100	129400	买盘
09:37:04	12.94	-0.05	36	46584	卖盘
09:36:58	12.99	0.03	38	49362	买盘
09:36:43	12.96	--	38	49248	买盘
09:36:38	12.96	0.02	8	10368	买盘
09:36:34	12.94	--	11	14234	卖盘
09:36:23	12.94	0.01	15	19410	卖盘
09:36:04	12.93	--	0	0	卖盘
09:35:48	12.93	-0.03	50	64650	卖盘
09:35:33	12.96	0.03	10	12960	买盘
09:35:28	12.93	0.01	17	21981	卖盘
09:35:23	12.92	--	0	0	卖盘
09:35:18	12.92	--	2	2584	卖盘
09:35:03	12.92	--	1	1292	买盘
09:34:58	12.92	--	4	5168	买盘
09:34:53	12.92	-0.02	25	32300	卖盘
09:34:48	12.94	0.02	8	10352	买盘
09:34:43	12.92	--	0	0	卖盘
09:34:38	12.92	--	0	0	卖盘
09:34:33	12.92	--	63	81396	卖盘
09:34:13	12.92	-0.03	3	3876	卖盘
09:34:03	12.95	--	0	0	买盘
09:33:38	12.95	0.04	11	14245	买盘
09:32:57	12.91	-0.04	8	10328	中性盘
09:32:38	12.95	--	9	11655	卖盘
09:32:33	12.95	--	8	10360	卖盘
09:32:22	12.95	--	14	18130	卖盘
09:32:13	12.95	--	38	49210	卖盘
09:32:07	12.95	-0.03	37	47915	卖盘
09:31:58	12.98	--	3	3894	买盘
09:31:52	12.98	--	5	6490	买盘
09:31:43	12.98	--	2	2596	买盘
09:31:37	12.98	--	18	23364	卖盘
09:31:33	12.98	-0.01	18	23364	卖盘
09:31:27	12.99	0.01	1	1299	买盘
09:31:22	12.98	--	3	3894	卖盘
09:31:13	12.98	--	64	83072	买盘
09:31:07	12.98	0.03	10	12980	买盘
09:30:32	12.95	0.05	16	20720	买盘
09:30:28	12.9	--	85	109675	卖盘
09:30:07	12.9	--	106	136740	买盘
09:28:40	12.9	--	0	0	买盘
09:25:07	12.9	12.9	161	207690	买盘
