成交时间	成交价	价格变动	成交量(手)	成交额(元)	性质
15:00:00	18.27	--	0	0	买盘
14:59:59	18.27	--	0	0	买盘
14:59:59	18.27	0.01	10	18270	买盘
14:59:49	18.26	-0.01	5	9130	卖盘
14:59:38	18.27	0.01	89	162603	买盘
14:59:29	18.26	-0.01	2	3652	卖盘
14:59:19	18.27	--	40	73080	买盘
14:59:14	18.27	--	10	18270	买盘
14:59:08	18.27	--	31	56637	买盘
14:58:59	18.27	--	28	51156	买盘
14:58:53	18.27	0.01	3	5481	买盘
14:58:44	18.26	-0.01	7	12782	卖盘
14:58:23	18.27	0.01	1	1827	买盘
14:58:19	18.26	--	64	116864	卖盘
14:58:14	18.26	-0.01	10	18260	卖盘
14:58:08	18.27	0.01	5	9135	买盘
14:57:53	18.26	-0.01	10	18260	卖盘
14:57:44	18.27	--	30	54810	买盘
14:57:38	18.27	--	41	74907	买盘
14:57:34	18.27	0.01	3	5481	买盘
14:57:23	18.26	-0.01	7	12782	卖盘
14:56:53	18.27	--	4	7308	买盘
14:56:38	18.27	--	232	423864	卖盘
14:56:34	18.27	--	8	14616	卖盘
14:56:19	18.27	--	2	3654	卖盘
14:56:14	18.27	--	11	20097	卖盘
14:56:08	18.27	--	40	73080	卖盘
14:56:04	18.27	--	10	18270	卖盘
14:55:53	18.27	--	65	118755	卖盘
14:55:43	18.27	-0.01	5	9135	卖盘
14:55:38	18.28	--	105	191940	买盘
14:55:32	18.28	0.01	5	9140	买盘
14:55:28	18.27	--	5	9135	卖盘
14:55:23	18.27	-0.01	2	3654	卖盘
14:55:17	18.28	--	31	56668	卖盘
14:55:08	18.28	--	8	14624	卖盘
14:54:53	18.28	--	61	111508	卖盘
14:54:47	18.28	--	12	21936	卖盘
14:54:43	18.28	--	5	9140	卖盘
14:54:32	18.28	--	49	89572	卖盘
14:54:23	18.28	--	20	36560	卖盘
14:54:17	18.28	--	2	3656	卖盘
14:54:13	18.28	--	5	9140	卖盘
14:54:08	18.28	--	1	1828	卖盘
14:53:58	18.28	--	3	5484	买盘
14:53:53	18.28	0.01	10	18280	卖盘
14:53:38	18.27	--	0	0	卖盘
14:53:32	18.27	-0.01	50	91350	卖盘
14:53:28	18.28	--	20	36560	卖盘
14:53:17	18.28	0.01	10	18280	卖盘
14:52:47	18.27	--	0	0	卖盘
14:52:43	18.27	-0.01	116	211932	卖盘
14:52:28	18.28	--	25	45700	卖盘
14:52:23	18.28	-0.01	10	18280	卖盘
14:52:13	18.29	--	2	3658	买盘
14:51:47	18.29	0.01	22	40238	买盘
14:51:43	18.28	--	3	5484	卖盘
14:51:38	18.28	--	14	25592	卖盘
14:51:32	18.28	--	8	14624	卖盘
14:51:08	18.28	--	132	241296	卖盘
14:51:02	18.28	--	4	7312	卖盘
14:50:58	18.28	-0.01	3	5484	卖盘
14:50:47	18.29	0.01	26	47554	买盘
14:50:43	18.28	--	27	49356	卖盘
14:50:38	18.28	--	1	1828	卖盘
14:50:23	18.28	-0.01	3	5484	卖盘
14:50:17	18.29	--	12	21948	买盘
14:50:13	18.29	--	20	38280	卖盘
14:50:02	18.29	--	20	36580	卖盘
14:49:42	18.29	--	1	1829	卖盘
14:49:37	18.29	-0.01	12	21948	卖盘
14:49:32	18.3	0.01	27	49410	买盘
14:49:26	18.29	--	20	36580	卖盘
14:49:17	18.29	--	31	56699	卖盘
14:49:11	18.29	--	40	73160	卖盘
14:48:56	18.29	--	30	54870	卖盘
14:48:37	18.29	--	100	182900	卖盘
14:48:26	18.29	0.02	24	44024	买盘
14:48:22	18.27	--	36	65772	卖盘
14:48:17	18.27	--	11	20097	卖盘
14:48:11	18.27	-0.01	2	3654	卖盘
14:48:07	18.28	--	10	18280	买盘
14:47:47	18.28	--	1	1828	买盘
14:47:41	18.28	--	4	7312	买盘
14:47:37	18.28	--	48	87744	买盘
14:47:26	18.28	--	2	3656	买盘
14:47:22	18.28	-0.01	76	138928	卖盘
14:47:17	18.29	--	4	7316	买盘
14:46:56	18.29	--	47	85963	卖盘
14:46:47	18.29	-0.01	8	14632	卖盘
14:46:22	18.3	-0.02	171	312930	买盘
14:46:06	18.32	--	0	0	买盘
14:46:02	18.32	0.02	68	124576	买盘
14:45:56	18.3	-0.01	66	120780	卖盘
14:45:51	18.31	0.01	1	1830	买盘
14:45:47	18.3	-0.01	22	40260	卖盘
14:45:41	18.31	--	0	0	买盘
14:45:26	18.31	0.01	4	7323	买盘
14:45:22	18.3	-0.01	7	12810	卖盘
14:45:17	18.31	0.01	59	108028	买盘
14:45:11	18.3	-0.01	4	7320	卖盘
14:44:56	18.31	--	2	3661	买盘
14:44:47	18.31	--	2	3661	买盘
14:44:32	18.31	--	0	0	买盘
14:44:17	18.31	0.01	20	36620	买盘
14:44:11	18.3	-0.01	1	1830	中性盘
14:43:52	18.31	--	15	27464	买盘
14:43:47	18.31	--	2	3661	买盘
14:43:41	18.31	--	8	14647	卖盘
14:43:26	18.31	--	5	9155	卖盘
14:42:56	18.31	0.02	60	109859	买盘
14:42:46	18.29	0.01	25	45725	买盘
14:42:26	18.28	--	1	1828	卖盘
14:41:56	18.28	--	12	21936	卖盘
14:41:31	18.28	-0.01	29	53012	卖盘
14:40:56	18.29	-0.01	171	312759	卖盘
14:40:46	18.3	--	19	34770	买盘
14:40:41	18.3	--	6	10980	买盘
14:40:26	18.3	--	0	0	买盘
14:40:01	18.3	--	20	36600	买盘
14:38:35	18.3	-0.01	5	9150	买盘
14:38:31	18.31	--	0	0	买盘
14:38:26	18.31	--	22	40282	买盘
14:38:20	18.31	--	4	7323	买盘
14:38:11	18.31	0.01	51	93381	买盘
14:37:56	18.3	--	30	54900	买盘
14:37:31	18.3	--	2	3660	买盘
14:37:26	18.3	--	49	89670	卖盘
14:37:11	18.3	--	42	76860	卖盘
14:37:05	18.3	-0.01	50	91500	卖盘
14:36:56	18.31	0.04	48	87888	买盘
14:36:50	18.27	-0.03	10	18270	卖盘
14:36:41	18.3	--	4	7320	买盘
14:36:29	18.3	--	48	87840	买盘
14:36:25	18.3	--	0	0	中性盘
14:36:14	18.3	--	10	18300	买盘
14:36:05	18.3	--	16	29280	买盘
14:35:59	18.3	--	23	42090	卖盘
14:35:55	18.3	--	10	18300	买盘
14:35:44	18.3	--	40	73200	卖盘
14:35:29	18.3	-0.01	10	18300	中性盘
14:35:25	18.31	0.01	10	18310	买盘
14:35:14	18.3	--	1	1830	卖盘
14:34:55	18.3	-0.02	9	16470	买盘
14:34:50	18.32	--	0	0	买盘
14:34:44	18.32	0.02	78	142896	买盘
14:34:35	18.3	--	40	73200	卖盘
14:34:29	18.3	--	10	18300	买盘
14:34:20	18.3	--	2	3660	买盘
14:34:14	18.3	0.01	28	51240	买盘
14:34:05	18.29	--	0	0	卖盘
14:33:59	18.29	0.02	7	12803	买盘
14:33:55	18.27	-0.02	6	10962	卖盘
14:33:44	18.29	0.01	44	80476	买盘
14:33:40	18.28	--	4	7312	买盘
14:33:35	18.28	--	24	43872	卖盘
14:33:20	18.28	0.01	38	69464	买盘
14:33:14	18.27	--	0	0	卖盘
14:33:05	18.27	--	18	32886	买盘
14:32:59	18.27	--	5	9135	买盘
14:32:40	18.27	--	20	36540	买盘
14:32:35	18.27	-0.02	58	105966	卖盘
14:32:29	18.29	0.01	17	31093	买盘
14:32:25	18.28	--	0	0	中性盘
14:32:20	18.28	--	3	5484	卖盘
14:32:14	18.28	--	18	32904	买盘
14:31:59	18.28	--	2	3656	卖盘
14:31:50	18.28	--	10	18280	卖盘
14:31:35	18.28	--	4	7312	卖盘
14:31:29	18.28	--	8	14624	卖盘
14:31:25	18.28	--	6	10968	买盘
14:31:19	18.28	0.01	4	7312	买盘
14:31:14	18.27	-0.01	52	95004	卖盘
14:31:05	18.28	-0.01	60	109680	卖盘
14:30:25	18.29	0.01	2	3658	买盘
14:30:20	18.28	-0.02	74	135272	卖盘
14:30:05	18.3	-0.01	99	181170	卖盘
14:29:59	18.31	--	15	27464	买盘
14:29:49	18.31	--	9	16479	买盘
14:29:44	18.31	--	33	60422	卖盘
14:29:38	18.31	-0.01	2	3661	卖盘
14:29:34	18.32	--	10	18320	买盘
14:29:14	18.32	--	27	49464	卖盘
14:29:08	18.32	0.01	3	5496	买盘
14:29:04	18.31	-0.01	6	10986	卖盘
14:28:59	18.32	0.01	30	54960	买盘
14:28:29	18.31	--	46	84226	买盘
14:28:04	18.31	--	2	3661	买盘
14:27:59	18.31	0.02	32	58591	买盘
14:27:49	18.29	--	0	0	卖盘
14:27:44	18.29	--	0	0	卖盘
14:27:38	18.29	-0.01	100	182900	卖盘
14:27:29	18.3	--	82	150060	买盘
14:27:23	18.3	--	78	142740	买盘
14:27:14	18.3	--	27	49410	买盘
14:27:08	18.3	--	50	91500	买盘
14:27:04	18.3	0.01	83	151890	买盘
14:26:59	18.29	-0.01	9	16461	买盘
14:26:44	18.3	0.01	200	366000	买盘
14:26:38	18.29	0.01	51	93279	买盘
14:26:23	18.28	-0.01	1	1828	卖盘
14:26:19	18.29	--	12	21948	买盘
14:26:14	18.29	--	10	18290	买盘
14:26:08	18.29	--	0	0	买盘
14:25:53	18.29	--	30	54870	买盘
14:25:44	18.29	0.01	50	91450	买盘
14:24:53	18.28	--	2	3656	买盘
14:24:18	18.28	--	4	7312	买盘
14:24:14	18.28	-0.01	10	18280	买盘
14:24:08	18.29	--	0	0	买盘
14:23:59	18.29	0.01	20	36580	买盘
14:23:53	18.28	--	0	0	卖盘
14:23:49	18.28	0.01	9	17841	买盘
14:23:44	18.27	--	20	36540	卖盘
14:23:02	18.27	--	0	0	卖盘
14:22:53	18.27	-0.01	5	9135	卖盘
14:22:43	18.28	--	7	12796	买盘
14:22:38	18.28	0.01	30	54840	买盘
14:22:23	18.27	-0.01	17	31059	卖盘
14:22:17	18.28	--	5	9140	买盘
14:22:08	18.28	-0.01	21	38388	卖盘
14:21:58	18.29	0.01	10	18290	买盘
14:21:53	18.28	-0.01	9	16452	卖盘
14:21:47	18.29	0.01	2	3658	买盘
14:21:38	18.28	--	2	3656	卖盘
14:21:23	18.28	-0.01	20	36560	卖盘
14:21:17	18.29	--	33	60357	买盘
14:21:08	18.29	0.01	2	3658	买盘
14:20:32	18.28	-0.01	2	3656	卖盘
14:20:08	18.29	--	123	224967	买盘
14:19:38	18.29	--	4	7316	买盘
14:19:32	18.29	--	80	146320	买盘
14:19:28	18.29	--	2	3658	买盘
14:19:13	18.29	--	14	25606	买盘
14:19:02	18.29	--	10	18290	买盘
14:18:58	18.29	0.01	34	62186	买盘
14:18:53	18.28	--	8	14624	买盘
14:18:47	18.28	-0.01	42	76776	卖盘
14:18:42	18.29	--	65	118885	买盘
14:18:38	18.29	0.01	10	18290	买盘
14:18:23	18.28	--	35	63980	卖盘
14:18:17	18.28	--	10	18280	中性盘
14:18:13	18.28	0.01	2	3656	卖盘
14:17:53	18.27	--	0	0	卖盘
14:17:38	18.27	-0.01	10	18270	卖盘
14:17:32	18.28	0.01	3	5484	买盘
14:17:27	18.27	-0.01	10	18270	卖盘
14:17:17	18.28	--	20	36560	买盘
14:16:56	18.28	--	18	32904	买盘
14:16:52	18.28	--	1	1828	买盘
14:16:32	18.28	--	124	226672	卖盘
14:16:22	18.28	--	50	91400	卖盘
14:16:17	18.28	--	1	1828	卖盘
14:15:47	18.28	--	4	7312	卖盘
14:15:32	18.28	-0.01	13	23764	卖盘
14:15:17	18.29	--	30	54870	买盘
14:14:56	18.29	--	4	7316	买盘
14:14:11	18.29	--	10	18290	买盘
14:14:02	18.29	--	12	21948	买盘
14:13:41	18.29	0.01	30	54870	买盘
14:12:56	18.28	--	32	58496	买盘
14:12:41	18.28	--	3	5484	买盘
14:12:37	18.28	--	2	3656	买盘
14:12:32	18.28	--	2	3656	买盘
14:12:22	18.28	--	6	10968	买盘
14:12:07	18.28	-0.01	5	9140	卖盘
14:12:02	18.29	0.01	30	54870	买盘
14:11:32	18.28	--	10	18280	卖盘
14:11:17	18.28	--	11	20108	买盘
14:11:11	18.28	--	10	18280	买盘
14:10:16	18.28	--	68	124304	买盘
14:09:55	18.28	--	29	53012	买盘
14:09:50	18.28	--	0	0	卖盘
14:09:40	18.28	--	22	40216	买盘
14:09:34	18.28	--	11	20108	买盘
14:09:20	18.28	--	24	43872	卖盘
14:09:11	18.28	--	71	129788	买盘
14:09:05	18.28	--	2	3656	买盘
14:08:50	18.28	--	10	18280	买盘
14:08:10	18.28	--	3	5484	买盘
14:08:05	18.28	--	1	1828	买盘
14:07:56	18.28	--	4	7312	买盘
14:07:50	18.28	--	6	10968	买盘
14:07:11	18.28	--	10	18280	买盘
14:07:05	18.28	--	30	54840	买盘
14:06:56	18.28	--	5	9140	买盘
14:06:20	18.28	--	6	10968	买盘
14:06:05	18.28	--	11	20108	买盘
14:05:56	18.28	--	5	9140	买盘
14:05:41	18.28	--	7	12796	买盘
14:05:35	18.28	--	22	40216	买盘
14:05:26	18.28	--	30	54840	买盘
14:04:49	18.28	--	8	14624	买盘
14:04:44	18.28	--	30	54840	买盘
14:04:20	18.28	0.02	5	9140	买盘
14:04:10	18.26	0.01	1	1826	卖盘
14:04:05	18.25	--	0	0	卖盘
14:03:55	18.25	-0.03	285	520125	卖盘
14:03:20	18.28	--	11	20108	买盘
14:03:14	18.28	--	4	7312	买盘
14:03:05	18.28	--	0	0	买盘
14:02:55	18.28	0.02	2	3656	买盘
14:02:50	18.26	-0.02	2	3652	卖盘
14:02:44	18.28	0.02	35	63980	买盘
14:02:29	18.26	--	10	18260	卖盘
14:02:05	18.26	--	10	18260	卖盘
14:01:40	18.26	-0.02	1	1826	中性盘
14:01:29	18.28	0.03	5	9140	买盘
14:01:14	18.25	--	0	0	卖盘
14:01:05	18.25	-0.02	100	182500	卖盘
14:00:50	18.27	0.02	135	246645	买盘
14:00:39	18.25	-0.02	160	292000	卖盘
14:00:29	18.27	--	7	12789	卖盘
14:00:25	18.27	--	14	25578	卖盘
14:00:14	18.27	--	5	9135	卖盘
13:59:34	18.27	--	282	515214	买盘
13:59:14	18.27	--	18	32886	卖盘
13:58:35	18.27	-0.01	34	62118	卖盘
13:58:29	18.28	--	2	3656	买盘
13:58:24	18.28	--	35	63980	买盘
13:58:04	18.28	--	2	3656	买盘
13:57:53	18.28	--	17	31076	买盘
13:57:23	18.28	--	30	54840	买盘
13:56:49	18.28	0.02	2	3656	买盘
13:56:33	18.26	--	13	23738	买盘
13:56:22	18.26	--	87	158862	卖盘
13:56:14	18.26	-0.03	9	16434	卖盘
13:55:23	18.29	--	0	0	买盘
13:54:33	18.29	0.03	30	54870	买盘
13:53:37	18.26	--	21	38346	卖盘
13:53:23	18.26	--	4	7304	卖盘
13:53:13	18.26	-0.03	5	9130	卖盘
13:52:33	18.29	--	22	40238	买盘
13:51:43	18.29	--	20	36580	买盘
13:51:32	18.29	--	5	9145	买盘
13:51:17	18.29	0.01	10	18290	买盘
13:50:53	18.28	-0.01	7	12796	卖盘
13:50:23	18.29	0.01	2	3658	买盘
13:50:17	18.28	-0.01	3	5484	卖盘
13:49:38	18.29	0.01	2	3658	买盘
13:49:31	18.28	--	18	32904	卖盘
13:49:23	18.28	--	7	12796	卖盘
13:49:08	18.28	0.01	62	113336	买盘
13:48:47	18.27	--	50	91350	买盘
13:48:43	18.27	0.02	1	1827	买盘
13:48:07	18.25	--	6	11935	买盘
13:48:02	18.25	--	3	5475	买盘
13:47:58	18.25	--	2	3650	买盘
13:47:38	18.25	--	12	21900	买盘
13:47:31	18.25	--	5	9125	买盘
13:47:13	18.25	--	2	3650	买盘
13:47:02	18.25	0.01	20	36500	买盘
13:46:58	18.24	-0.01	1	1823	卖盘
13:46:47	18.25	--	15	27375	买盘
13:46:37	18.25	--	3	5475	买盘
13:46:08	18.25	0.01	2	3650	买盘
13:45:47	18.24	--	9	16416	买盘
13:45:37	18.24	--	40	72960	买盘
13:45:31	18.24	0.01	32	58367	买盘
13:45:17	18.23	-0.01	3	5469	卖盘
13:45:11	18.24	--	26	47423	买盘
13:44:26	18.24	--	205	373919	买盘
13:44:01	18.24	--	3	5471	买盘
13:43:56	18.24	--	3	5471	买盘
13:43:37	18.24	-0.01	87	158688	卖盘
13:43:31	18.25	0.01	22	40150	买盘
13:43:10	18.24	--	60	109439	卖盘
13:42:17	18.24	-0.01	10	18240	卖盘
13:42:11	18.25	--	2	3650	买盘
13:42:07	18.25	0.01	3	5475	买盘
13:41:56	18.24	--	4	7295	买盘
13:41:46	18.24	--	6	10943	卖盘
13:41:17	18.24	-0.01	50	91199	卖盘
13:41:10	18.25	0.01	1	1825	买盘
13:40:46	18.24	-0.01	10	18240	卖盘
13:40:31	18.25	0.01	16	29200	买盘
13:40:21	18.24	-0.01	5	9120	卖盘
13:40:01	18.25	--	3	5475	买盘
13:39:56	18.25	--	11	20075	买盘
13:39:51	18.25	--	6	10950	买盘
13:39:46	18.25	--	5	9125	买盘
13:39:31	18.25	--	14	25550	卖盘
13:39:01	18.25	--	1	1825	卖盘
13:38:26	18.25	-0.02	4	7300	卖盘
13:38:11	18.27	--	21	38367	卖盘
13:38:01	18.27	--	5	9135	卖盘
13:37:26	18.27	0.03	2	3654	买盘
13:37:20	18.24	--	106	193343	卖盘
13:37:16	18.24	--	8	14591	卖盘
13:37:01	18.24	--	0	0	卖盘
13:36:50	18.24	--	6	10943	卖盘
13:36:31	18.24	--	50	91199	卖盘
13:35:56	18.24	0.01	6	10943	买盘
13:35:49	18.23	-0.01	12	21876	卖盘
13:35:46	18.24	--	10	18240	买盘
13:35:05	18.24	--	7	12767	买盘
13:35:00	18.24	--	1	1823	卖盘
13:34:55	18.24	0.01	2	3647	卖盘
13:34:04	18.23	-0.01	14	25522	卖盘
13:33:49	18.24	--	26	47423	买盘
13:33:34	18.24	--	1	1823	卖盘
13:33:04	18.24	-0.01	10	18240	卖盘
13:33:00	18.25	--	100	182500	买盘
13:32:44	18.25	--	36	65700	买盘
13:31:44	18.25	--	1	1825	买盘
13:31:28	18.25	--	2	3650	买盘
13:31:19	18.25	0.01	1	1825	买盘
13:31:13	18.24	--	9	16416	卖盘
13:30:59	18.24	--	91	165984	卖盘
13:29:43	18.24	--	10	18240	卖盘
13:29:40	18.24	-0.01	7	12767	卖盘
13:29:28	18.25	0.01	27	49275	买盘
13:29:05	18.24	--	0	0	中性盘
13:28:59	18.24	0.01	5	9120	卖盘
13:28:35	18.23	--	0	0	卖盘
13:28:24	18.23	-0.01	151	275273	卖盘
13:28:20	18.24	--	10	18240	卖盘
13:26:59	18.24	-0.01	28	51071	卖盘
13:26:44	18.25	--	87	158775	卖盘
13:26:34	18.25	-0.01	18	32850	卖盘
13:26:19	18.26	0.01	10	18260	中性盘
13:26:14	18.25	--	0	0	卖盘
13:25:22	18.25	--	0	0	卖盘
13:24:58	18.25	-0.01	12	21900	卖盘
13:24:52	18.26	--	10	18260	卖盘
13:24:33	18.26	--	9	16434	买盘
13:24:23	18.26	--	26	47476	卖盘
13:24:13	18.26	--	30	54780	卖盘
13:23:59	18.26	--	5	9130	卖盘
13:23:53	18.26	-0.01	20	36520	卖盘
13:23:14	18.27	--	55	101672	卖盘
13:22:59	18.27	-0.01	5	9135	卖盘
13:22:53	18.28	0.01	10	18280	买盘
13:22:07	18.27	--	5	9135	卖盘
13:21:58	18.27	--	100	182700	卖盘
13:21:33	18.27	-0.01	19	35352	卖盘
13:21:13	18.28	--	48	87744	卖盘
13:21:08	18.28	--	5	9140	卖盘
13:20:58	18.28	0.01	7	12796	买盘
13:20:43	18.27	--	10	18270	卖盘
13:20:38	18.27	--	5	9135	卖盘
13:20:22	18.27	--	0	0	卖盘
13:20:18	18.27	-0.02	10	18270	卖盘
13:20:13	18.29	0.02	5	9145	买盘
13:19:58	18.27	--	5	9135	卖盘
13:19:38	18.27	-0.01	10	18270	卖盘
13:19:28	18.28	-0.01	3	5484	卖盘
13:19:22	18.29	--	0	0	买盘
13:19:17	18.29	0.01	108	197532	买盘
13:18:58	18.28	0.01	10	18280	买盘
13:18:32	18.27	--	5	9135	买盘
13:18:27	18.27	--	20	36540	买盘
13:17:32	18.27	0.01	2	3654	买盘
13:16:47	18.26	-0.01	23	41998	卖盘
13:16:07	18.27	--	3	5481	买盘
13:16:02	18.27	0.01	25	45675	买盘
13:15:46	18.26	-0.01	3	5478	卖盘
13:15:01	18.27	0.01	5	9135	买盘
13:14:57	18.26	-0.01	4	7304	卖盘
13:14:42	18.27	0.01	14	25578	买盘
13:14:22	18.26	--	7	12782	卖盘
13:14:17	18.26	-0.01	4	7304	卖盘
13:14:07	18.27	0.01	2	3654	买盘
13:13:37	18.26	0.01	16	29216	买盘
13:13:27	18.25	-0.01	9	16425	卖盘
13:13:22	18.26	--	5	9130	买盘
13:13:16	18.26	--	1	1826	买盘
13:13:07	18.26	--	1	1826	买盘
13:12:47	18.26	--	60	109560	买盘
13:12:37	18.26	--	2	3652	买盘
13:12:26	18.26	0.01	4	7304	买盘
13:12:10	18.25	--	40	73000	买盘
13:12:07	18.25	--	10	18250	买盘
13:12:02	18.25	--	30	54750	买盘
13:11:55	18.25	--	1	1825	买盘
13:11:36	18.25	0.01	20	36500	买盘
13:11:32	18.24	--	10	18240	卖盘
13:11:11	18.24	--	35	63839	买盘
13:11:07	18.24	--	5	9120	买盘
13:10:56	18.24	--	10	18240	买盘
13:10:46	18.24	--	9	16416	买盘
13:10:41	18.24	--	2	3647	买盘
13:10:37	18.24	--	23	41952	买盘
13:10:25	18.24	--	10	18240	买盘
13:10:16	18.24	--	23	41952	买盘
13:09:47	18.24	--	3	5471	买盘
13:09:31	18.24	0.01	2	3647	买盘
13:08:55	18.23	-0.01	35	63805	卖盘
13:07:46	18.24	0.01	1	1823	买盘
13:06:46	18.23	-0.01	1	1823	卖盘
13:06:21	18.24	--	2	3647	买盘
13:06:01	18.24	--	2	3647	买盘
13:05:46	18.24	--	25	45599	买盘
13:05:26	18.24	0.01	5	9120	买盘
13:05:01	18.23	--	174	317202	买盘
13:03:55	18.23	0.01	10	18230	买盘
13:03:20	18.22	0.01	52	94744	买盘
13:03:15	18.21	--	34	61914	卖盘
13:02:40	18.21	--	9	16389	卖盘
13:02:20	18.21	--	31	56451	卖盘
13:02:11	18.21	--	8	14568	卖盘
13:01:25	18.21	--	35	63735	卖盘
13:01:19	18.21	--	29	52809	卖盘
13:00:45	18.21	-0.01	60	109260	卖盘
13:00:40	18.22	--	2	3644	买盘
13:00:35	18.22	--	5	9110	买盘
13:00:10	18.22	--	10	18220	买盘
13:00:05	18.22	--	56	102032	卖盘
11:30:00	18.22	--	0	0	卖盘
11:29:59	18.22	--	0	0	卖盘
11:28:55	18.22	--	8	14576	卖盘
11:28:40	18.22	-0.01	22	40084	卖盘
11:27:46	18.23	--	59	107557	买盘
11:27:30	18.23	0.01	5	9115	买盘
11:27:21	18.22	-0.01	10	18220	卖盘
11:26:40	18.23	0.02	6	10938	买盘
11:26:25	18.21	--	0	0	卖盘
11:26:10	18.21	-0.01	34	61914	卖盘
11:26:01	18.22	0.01	3	5466	买盘
11:25:55	18.21	--	0	0	卖盘
11:25:51	18.21	-0.01	10	18210	卖盘
11:25:46	18.22	--	2	3644	卖盘
11:25:34	18.22	0.01	1	1822	卖盘
11:25:19	18.21	--	0	0	卖盘
11:24:46	18.21	--	5	9105	卖盘
11:24:40	18.21	--	35	63735	卖盘
11:24:34	18.21	--	1	1821	卖盘
11:24:30	18.21	--	0	0	卖盘
11:24:19	18.21	-0.01	10	18210	卖盘
11:24:15	18.22	--	50	91100	买盘
11:24:00	18.22	0.01	5	9110	买盘
11:23:55	18.21	-0.01	9	16389	卖盘
11:23:49	18.22	--	37	67414	买盘
11:23:45	18.22	0.01	11	20042	买盘
11:23:40	18.21	-0.01	9	16389	卖盘
11:22:49	18.22	-0.01	59	107498	卖盘
11:22:45	18.23	0.01	1	1823	买盘
11:22:30	18.22	-0.01	30	54660	卖盘
11:22:10	18.23	--	10	18230	买盘
11:21:55	18.23	--	90	164070	卖盘
11:21:49	18.23	--	19	34637	卖盘
11:21:40	18.23	--	10	18230	卖盘
11:21:19	18.23	-0.01	20	36460	卖盘
11:21:04	18.24	0.01	1	1823	买盘
11:20:49	18.23	--	20	36460	卖盘
11:20:45	18.23	--	6	10938	卖盘
11:20:19	18.23	--	0	0	卖盘
11:20:10	18.23	-0.01	50	91150	卖盘
11:19:55	18.24	--	15	27359	卖盘
11:18:13	18.24	--	22	40128	卖盘
11:18:04	18.24	--	25	45599	卖盘
11:17:58	18.24	--	30	54719	卖盘
11:17:54	18.24	--	2	3647	卖盘
11:17:49	18.24	-0.01	50	91199	卖盘
11:17:09	18.25	0.01	2	3650	买盘
11:16:58	18.24	-0.01	1	1823	卖盘
11:16:28	18.25	0.01	10	18250	买盘
11:15:24	18.24	--	20	36480	卖盘
11:14:58	18.24	--	5	9120	卖盘
11:14:43	18.24	--	0	0	买盘
11:14:34	18.24	-0.01	1	1823	买盘
11:14:19	18.25	--	0	0	买盘
11:14:13	18.25	--	0	0	买盘
11:13:43	18.25	--	20	36500	买盘
11:13:39	18.25	--	10	18250	买盘
11:13:19	18.25	0.01	151	275575	买盘
11:13:13	18.24	--	0	0	卖盘
11:13:04	18.24	-0.01	10	18240	卖盘
11:12:34	18.25	--	10	18250	买盘
11:11:52	18.25	0.01	6	10950	买盘
11:11:37	18.24	--	20	36480	卖盘
11:11:33	18.24	--	19	34656	卖盘
11:11:28	18.24	0.01	10	18240	买盘
11:10:58	18.23	--	5	9115	卖盘
11:10:18	18.23	--	3	5469	卖盘
11:10:13	18.23	0.01	8	14584	买盘
11:09:52	18.22	-0.01	7	12754	卖盘
11:09:22	18.23	--	2	3646	卖盘
11:08:58	18.23	--	50	91150	卖盘
11:08:22	18.23	--	5	9115	卖盘
11:08:18	18.23	--	6	10938	卖盘
11:08:13	18.23	-0.02	10	18230	卖盘
11:07:43	18.25	0.02	104	189800	买盘
11:07:37	18.23	--	16	29168	卖盘
11:07:07	18.23	-0.02	24	43752	卖盘
11:06:52	18.25	0.02	9	16425	买盘
11:06:37	18.23	--	5	9115	卖盘
11:06:16	18.23	-0.02	4	7292	卖盘
11:05:16	18.25	0.02	10	18250	买盘
11:04:57	18.23	--	25	45575	卖盘
11:04:22	18.23	-0.02	10	18230	卖盘
11:04:12	18.25	0.02	53	96725	买盘
11:03:37	18.23	--	10	18230	卖盘
11:03:16	18.23	--	107	195061	卖盘
11:03:01	18.23	--	5	9115	卖盘
11:02:52	18.23	--	10	18230	卖盘
11:02:42	18.23	--	126	229698	卖盘
11:02:31	18.23	-0.01	6	10938	卖盘
11:02:16	18.24	--	42	76608	卖盘
11:01:52	18.24	-0.01	55	100319	卖盘
11:01:46	18.25	--	30	54750	卖盘
11:01:42	18.25	--	7	12775	卖盘
11:01:37	18.25	--	2	3650	卖盘
11:01:31	18.25	--	5	9125	卖盘
11:01:22	18.25	--	17	31025	卖盘
11:01:07	18.25	--	15	27375	卖盘
11:01:01	18.25	-0.01	20	36500	卖盘
11:00:57	18.26	0.01	10	18260	买盘
11:00:46	18.25	-0.01	5	9125	卖盘
11:00:01	18.26	--	0	0	中性盘
10:58:46	18.26	--	5	9130	买盘
10:58:40	18.26	0.01	9	16434	买盘
10:58:25	18.25	--	0	0	卖盘
10:57:50	18.25	--	0	0	卖盘
10:57:36	18.25	-0.03	5	9125	卖盘
10:57:31	18.28	0.03	2	3656	买盘
10:57:01	18.25	--	7	12775	卖盘
10:56:25	18.25	--	2	3650	卖盘
10:56:16	18.25	-0.01	51	93075	卖盘
10:55:21	18.26	-0.01	11	20086	卖盘
10:55:10	18.27	--	3	5481	买盘
10:55:05	18.27	--	1	1827	卖盘
10:55:01	18.27	--	3	5481	卖盘
10:54:36	18.27	--	49	89523	买盘
10:54:25	18.27	--	10	18270	买盘
10:53:30	18.27	--	10	18270	买盘
10:53:24	18.27	0.03	7	12789	买盘
10:52:34	18.24	--	2	3647	买盘
10:51:55	18.24	0.01	100	182399	买盘
10:51:19	18.23	--	6	10938	买盘
10:51:04	18.23	--	11	20053	买盘
10:50:55	18.23	-0.01	3	5469	买盘
10:50:45	18.24	0.02	10	18240	买盘
10:50:34	18.22	-0.01	155	282410	卖盘
10:50:30	18.23	--	19	34637	卖盘
10:50:10	18.23	--	30	54690	卖盘
10:49:04	18.23	--	6	10938	买盘
10:48:45	18.23	0.01	43	78389	买盘
10:48:30	18.22	--	45	81990	卖盘
10:48:19	18.22	--	7	12754	卖盘
10:47:39	18.22	--	19	34618	卖盘
10:47:25	18.22	-0.01	185	337070	卖盘
10:46:54	18.23	--	4	7292	买盘
10:46:43	18.23	--	3	5469	卖盘
10:46:39	18.23	-0.01	4	7292	卖盘
10:46:34	18.24	--	2	3647	买盘
10:46:19	18.24	-0.01	106	193343	卖盘
10:46:13	18.25	--	2	3650	卖盘
10:45:58	18.25	--	0	0	卖盘
10:45:54	18.25	-0.02	20	36500	卖盘
10:45:19	18.27	--	20	36540	买盘
10:44:49	18.27	--	37	67599	买盘
10:44:43	18.27	--	10	18270	买盘
10:44:34	18.27	0.01	10	18270	买盘
10:44:19	18.26	-0.01	20	36520	卖盘
10:43:58	18.27	--	16	29232	买盘
10:43:49	18.27	--	0	0	买盘
10:43:43	18.27	0.01	3	5481	买盘
10:43:39	18.26	--	2	3652	卖盘
10:43:24	18.26	--	2	3652	卖盘
10:43:19	18.26	--	1	1826	卖盘
10:42:58	18.26	0.01	65	118690	买盘
10:42:28	18.25	-0.01	5	9125	中性盘
10:42:04	18.26	0.01	10	18260	买盘
10:41:58	18.25	--	2	3650	卖盘
10:41:28	18.25	-0.02	1	1825	卖盘
10:41:13	18.27	--	28	51156	买盘
10:41:07	18.27	--	8	14616	买盘
10:40:43	18.27	0.02	29	52983	买盘
10:40:33	18.25	--	1	1825	卖盘
10:40:28	18.25	--	10	18250	卖盘
10:40:18	18.25	0.01	88	160600	买盘
10:40:12	18.24	--	0	0	卖盘
10:39:52	18.24	0.01	63	114911	买盘
10:39:43	18.23	--	21	38283	买盘
10:39:33	18.23	--	61	111203	卖盘
10:39:28	18.23	0.01	5	9115	卖盘
10:38:07	18.22	--	0	0	卖盘
10:38:03	18.22	--	52	94744	卖盘
10:37:48	18.22	--	6	10932	卖盘
10:37:37	18.22	--	10	18220	卖盘
10:37:28	18.22	-0.02	6	10932	卖盘
10:37:22	18.24	0.02	10	18240	买盘
10:37:07	18.22	--	20	36440	卖盘
10:37:03	18.22	--	0	0	卖盘
10:36:58	18.22	--	89	162158	买盘
10:36:52	18.22	--	12	21864	买盘
10:36:43	18.22	--	7	12754	买盘
10:36:33	18.22	--	10	18220	买盘
10:36:28	18.22	--	12	21864	买盘
10:36:22	18.22	--	61	111142	买盘
10:36:03	18.22	0.01	30	54660	买盘
10:35:42	18.21	-0.01	8	14568	卖盘
10:35:37	18.22	0.01	4	7288	买盘
10:35:22	18.21	-0.01	17	30957	卖盘
10:35:13	18.22	--	5	9110	买盘
10:34:46	18.22	--	4	7288	买盘
10:34:37	18.22	--	85	154870	卖盘
10:34:28	18.22	--	1	1822	卖盘
10:34:22	18.22	--	10	18220	卖盘
10:34:12	18.22	--	10	18220	卖盘
10:34:01	18.22	-0.02	9	16398	卖盘
10:33:46	18.24	0.01	100	182399	买盘
10:33:37	18.23	0.01	4	7292	买盘
10:33:31	18.22	-0.01	6	10932	卖盘
10:33:27	18.23	--	1	1823	卖盘
10:33:07	18.23	--	115	209645	卖盘
10:32:42	18.23	-0.02	19	34637	卖盘
10:32:37	18.25	0.01	22	40150	买盘
10:32:31	18.24	--	2	3647	卖盘
10:32:16	18.24	-0.01	15	27359	卖盘
10:32:07	18.25	--	147	268275	卖盘
10:31:57	18.25	--	100	182500	卖盘
10:31:52	18.25	--	200	365000	卖盘
10:31:36	18.25	-0.01	6	10950	卖盘
10:31:07	18.26	--	1	1826	买盘
10:31:01	18.26	--	20	36520	买盘
10:30:37	18.26	0.01	30	54780	买盘
10:30:22	18.25	--	37	67525	买盘
10:30:11	18.25	--	1	1825	买盘
10:29:51	18.25	0.01	11	20075	买盘
10:29:16	18.24	0.01	2	3647	中性盘
10:29:11	18.23	--	43	78389	卖盘
10:29:07	18.23	-0.01	10	18230	卖盘
10:29:01	18.24	0.01	3	5471	买盘
10:28:51	18.23	-0.01	1	1823	卖盘
10:28:46	18.24	0.01	3	5471	买盘
10:28:36	18.23	-0.01	1	1823	卖盘
10:28:01	18.24	--	7	12767	卖盘
10:27:40	18.24	--	3	5471	卖盘
10:27:06	18.24	--	1	1823	卖盘
10:26:46	18.24	0.01	5	9120	卖盘
10:26:36	18.23	--	0	0	卖盘
10:26:31	18.23	--	0	0	卖盘
10:26:21	18.23	--	1	1823	卖盘
10:26:06	18.23	0.01	127	231521	买盘
10:26:01	18.22	-0.01	66	120251	卖盘
10:25:55	18.23	0.01	5	9115	买盘
10:25:51	18.22	-0.01	105	191310	卖盘
10:25:40	18.23	--	40	72920	买盘
10:25:36	18.23	0.01	10	18230	买盘
10:25:25	18.22	-0.01	50	91100	卖盘
10:25:21	18.23	--	16	29168	卖盘
10:25:10	18.23	--	5	9115	卖盘
10:25:06	18.23	--	32	58336	买盘
10:24:40	18.23	0.02	5	9115	买盘
10:24:25	18.21	--	0	0	卖盘
10:24:20	18.21	-0.03	6	10926	卖盘
10:24:16	18.24	0.03	40	72960	买盘
10:23:36	18.21	--	57	103797	买盘
10:23:25	18.21	-0.02	12	21852	卖盘
10:23:21	18.23	0.03	15	27345	买盘
10:23:16	18.2	-0.01	33	60060	卖盘
10:23:10	18.21	-0.01	58	105618	卖盘
10:23:01	18.22	--	5	9110	买盘
10:22:46	18.22	0.01	20	36440	买盘
10:22:34	18.21	--	31	56451	卖盘
10:22:24	18.21	-0.01	18	32778	卖盘
10:22:04	18.22	--	19	34618	买盘
10:22:00	18.22	--	16	29152	买盘
10:21:54	18.22	--	1	1822	买盘
10:21:40	18.22	-0.01	10	18220	卖盘
10:21:25	18.23	--	0	0	买盘
10:21:19	18.23	0.02	5	9115	买盘
10:21:04	18.21	-0.02	1	1821	卖盘
10:20:40	18.23	--	1	1823	卖盘
10:20:25	18.23	--	203	371618	中性盘
10:20:15	18.23	--	0	0	中性盘
10:20:04	18.23	0.01	5	9115	买盘
10:19:40	18.22	0.01	33	60125	卖盘
10:19:30	18.21	-0.01	18	32778	卖盘
10:19:19	18.22	--	77	140895	买盘
10:19:10	18.22	--	3	5466	买盘
10:18:55	18.22	0.01	10	18220	买盘
10:18:49	18.21	-0.02	100	182100	卖盘
10:18:45	18.23	-0.01	5	9115	买盘
10:18:33	18.24	--	0	0	买盘
10:18:25	18.24	--	12	21887	卖盘
10:18:19	18.24	--	5	9120	卖盘
10:18:10	18.24	0.01	3	5471	买盘
10:17:55	18.23	--	0	0	买盘
10:17:49	18.23	-0.01	18	32814	卖盘
10:17:40	18.24	0.01	4	7295	买盘
10:17:15	18.23	-0.01	50	91150	卖盘
10:17:04	18.24	-0.01	5	10342	卖盘
10:16:45	18.25	0.01	5	9125	买盘
10:16:24	18.24	--	20	36480	卖盘
10:16:19	18.24	--	42	76608	卖盘
10:15:34	18.24	--	3	5471	卖盘
10:15:24	18.24	--	120	218879	卖盘
10:14:49	18.24	-0.01	18	32832	卖盘
10:14:33	18.25	--	1	1825	买盘
10:14:04	18.25	-0.02	90	164523	卖盘
10:13:48	18.27	--	1	1827	卖盘
10:13:28	18.27	--	1	1827	卖盘
10:13:24	18.27	0.02	5	9135	卖盘
10:13:18	18.25	--	0	0	卖盘
10:12:48	18.25	-0.02	157	288094	卖盘
10:12:39	18.27	--	7	12789	卖盘
10:12:04	18.27	-0.01	7	12789	卖盘
10:11:42	18.28	0.01	9	16452	买盘
10:11:28	18.27	--	17	31059	买盘
10:10:54	18.27	--	9	16443	买盘
10:10:48	18.27	--	10	18270	买盘
10:10:43	18.27	0.01	11	20097	买盘
10:10:13	18.26	--	2	3652	卖盘
10:10:09	18.26	--	8	14608	买盘
10:09:34	18.26	--	9	16434	卖盘
10:09:21	18.26	-0.01	2	3652	卖盘
10:09:13	18.27	--	1	1827	买盘
10:08:58	18.27	--	1	1827	买盘
10:08:42	18.27	--	2	3654	买盘
10:08:33	18.27	--	12	21924	买盘
10:08:03	18.27	--	0	0	买盘
10:07:43	18.27	0.02	2	3654	买盘
10:07:33	18.25	--	11	21881	买盘
10:07:28	18.25	--	6	10950	买盘
10:07:07	18.25	--	12	21918	卖盘
10:06:58	18.25	--	6	12756	卖盘
10:06:37	18.25	0.01	1	1825	买盘
10:06:18	18.24	--	0	0	卖盘
10:06:13	18.24	-0.01	54	99097	卖盘
10:06:07	18.25	--	2	3650	买盘
10:06:03	18.25	0.01	2	3650	买盘
10:05:57	18.24	-0.01	40	72960	卖盘
10:05:48	18.25	--	4	7300	买盘
10:05:22	18.25	0.01	11	21297	卖盘
10:05:07	18.24	--	0	0	卖盘
10:04:43	18.24	--	5	9721	买盘
10:04:36	18.24	-0.01	20	37702	卖盘
10:04:33	18.25	--	81	147825	买盘
10:04:22	18.25	0.01	1	1825	买盘
10:04:07	18.24	-0.01	4	7897	卖盘
10:03:30	18.25	0.01	10	18250	买盘
10:03:27	18.24	--	2	3647	买盘
10:03:21	18.24	-0.01	3	5471	卖盘
10:03:06	18.25	0.01	6	10950	买盘
10:02:58	18.24	-0.01	24	43775	买盘
10:02:51	18.25	--	0	0	买盘
10:02:46	18.25	0.01	25	45625	买盘
10:02:30	18.24	--	3	5471	买盘
10:02:27	18.24	--	10	18240	买盘
10:02:22	18.24	0.02	5	9120	买盘
10:02:06	18.22	--	6	10932	卖盘
10:01:57	18.22	--	8	14576	卖盘
10:01:46	18.22	-0.01	15	27330	卖盘
10:01:37	18.23	0.01	50	91150	买盘
10:01:12	18.22	--	14	25508	买盘
10:01:06	18.22	0.02	7	12754	卖盘
10:01:01	18.2	--	0	0	卖盘
10:00:52	18.2	-0.02	301	547820	卖盘
10:00:45	18.22	0.01	9	16398	买盘
10:00:42	18.21	-0.01	6	10926	卖盘
10:00:37	18.22	0.01	50	91100	买盘
10:00:31	18.21	--	79	143859	卖盘
10:00:27	18.21	-0.01	50	91050	卖盘
10:00:06	18.22	--	20	36440	买盘
09:59:57	18.22	-0.01	55	100210	卖盘
09:59:51	18.23	0.01	3	5469	买盘
09:59:46	18.22	-0.01	2	3644	卖盘
09:59:36	18.23	--	0	0	买盘
09:59:27	18.23	--	50	91150	买盘
09:59:21	18.23	--	0	0	买盘
09:59:16	18.23	0.01	3	5469	买盘
09:59:11	18.22	-0.01	20	36440	卖盘
09:59:07	18.23	--	28	51044	买盘
09:59:01	18.23	--	56	102088	买盘
09:58:57	18.23	--	12	21876	买盘
09:58:46	18.23	--	4	7292	买盘
09:58:37	18.23	--	10	18230	买盘
09:58:31	18.23	--	10	18230	买盘
09:58:27	18.23	0.02	3	5469	买盘
09:58:21	18.21	--	80	146499	卖盘
09:58:16	18.21	-0.01	103	189201	卖盘
09:58:12	18.22	0.01	400	728800	买盘
09:58:07	18.21	--	2	3642	卖盘
09:58:01	18.21	--	203	369663	卖盘
09:57:51	18.21	--	3	5463	卖盘
09:57:42	18.21	0.01	183	333370	买盘
09:57:36	18.2	-0.01	9	16380	卖盘
09:57:31	18.21	0.01	10	18210	买盘
09:57:21	18.2	-0.01	4	7280	卖盘
09:57:16	18.21	--	46	83766	买盘
09:57:06	18.21	--	31	56451	买盘
09:57:01	18.21	--	4	7284	买盘
09:56:46	18.21	--	17	30957	买盘
09:56:37	18.21	--	130	238423	卖盘
09:56:31	18.21	--	46	83766	卖盘
09:56:25	18.21	--	40	72840	卖盘
09:56:21	18.21	--	5	9232	卖盘
09:56:16	18.21	--	23	41883	卖盘
09:56:10	18.21	-0.01	17	30957	卖盘
09:56:06	18.22	--	3	5466	买盘
09:56:01	18.22	--	39	71058	买盘
09:55:39	18.22	--	66	120251	卖盘
09:55:36	18.22	-0.01	4	7288	卖盘
09:55:21	18.23	--	143	260689	卖盘
09:55:15	18.23	-0.02	200	364600	卖盘
09:55:10	18.25	--	33	60225	买盘
09:55:00	18.25	--	55	100375	买盘
09:54:46	18.25	--	5	9125	买盘
09:54:36	18.25	--	10	18250	买盘
09:54:31	18.25	--	100	182500	买盘
09:54:16	18.25	--	1	1825	买盘
09:54:10	18.25	--	75	136875	卖盘
09:54:00	18.25	--	30	54750	卖盘
09:53:46	18.25	-0.01	90	164250	卖盘
09:53:40	18.26	--	10	18260	买盘
09:53:31	18.26	--	20	36520	买盘
09:53:16	18.26	--	10	18260	买盘
09:53:06	18.26	0.01	52	94952	买盘
09:53:01	18.25	--	4	7300	卖盘
09:52:51	18.25	0.01	63	114975	买盘
09:52:46	18.24	-0.01	34	62015	卖盘
09:52:31	18.25	0.01	1	1825	买盘
09:52:25	18.24	-0.01	12	21887	卖盘
09:52:15	18.25	--	9	16425	买盘
09:52:01	18.25	0.01	10	18250	买盘
09:51:54	18.24	--	0	0	卖盘
09:51:46	18.24	-0.01	7	12767	卖盘
09:51:40	18.25	--	3	5475	卖盘
09:51:36	18.25	--	1	1825	卖盘
09:51:30	18.25	0.01	26	47450	买盘
09:51:25	18.24	-0.01	10	18240	卖盘
09:51:21	18.25	--	21	38325	买盘
09:51:16	18.25	0.01	30	54750	买盘
09:51:06	18.24	-0.01	50	91199	卖盘
09:50:51	18.25	--	23	41975	买盘
09:50:45	18.25	--	5	9125	买盘
09:50:36	18.25	0.01	5	9125	买盘
09:50:30	18.24	-0.01	10	18240	卖盘
09:50:24	18.25	--	8	14600	买盘
09:50:03	18.25	-0.01	19	34675	卖盘
09:50:01	18.26	0.01	21	38346	买盘
09:49:55	18.25	--	29	52925	卖盘
09:49:40	18.25	--	4	7300	卖盘
09:49:30	18.25	--	3	5475	卖盘
09:49:24	18.25	--	5	9125	卖盘
09:49:10	18.25	--	11	20075	卖盘
09:49:04	18.25	--	22	40150	卖盘
09:48:55	18.25	--	5	9125	卖盘
09:48:39	18.25	-0.01	12	21900	卖盘
09:48:25	18.26	--	6	10956	买盘
09:48:09	18.26	--	175	320736	卖盘
09:48:00	18.26	-0.01	10	18260	卖盘
09:47:49	18.27	--	10	18270	买盘
09:47:40	18.27	--	0	0	卖盘
09:47:24	18.27	-0.01	26	47502	卖盘
09:47:18	18.28	0.02	5	9140	买盘
09:47:15	18.26	--	0	0	卖盘
09:47:10	18.26	-0.02	10	18899	卖盘
09:47:03	18.28	--	1	1828	买盘
09:47:00	18.28	--	10	18280	卖盘
09:46:54	18.28	--	1	1828	卖盘
09:46:45	18.28	0.01	105	191940	买盘
09:46:33	18.27	--	105	191835	买盘
09:46:18	18.27	--	74	135198	卖盘
09:46:03	18.27	--	2	3654	卖盘
09:45:54	18.27	-0.01	5	9135	卖盘
09:45:48	18.28	--	18	32904	买盘
09:45:40	18.28	-0.01	52	95056	卖盘
09:45:24	18.29	--	4	7316	买盘
09:45:04	18.29	0.01	5	9145	买盘
09:44:59	18.28	--	48	87744	买盘
09:44:55	18.28	-0.01	9	16452	卖盘
09:44:48	18.29	--	5	9145	卖盘
09:44:39	18.29	--	21	38409	买盘
09:44:33	18.29	0.01	4	7316	买盘
09:44:30	18.28	--	100	182800	卖盘
09:44:19	18.28	--	11	20108	卖盘
09:44:09	18.28	-0.01	194	354632	卖盘
09:43:54	18.29	-0.01	2	3658	卖盘
09:43:49	18.3	0.02	3	5490	买盘
09:43:34	18.28	--	17	31076	卖盘
09:43:27	18.28	--	11	20108	卖盘
09:43:24	18.28	--	26	47528	卖盘
09:43:13	18.28	-0.02	13	23764	卖盘
09:43:03	18.3	0.02	5	9150	买盘
09:42:57	18.28	-0.02	12	21936	卖盘
09:42:54	18.3	-0.01	25	45750	卖盘
09:42:42	18.31	0.01	40	73240	买盘
09:42:39	18.3	-0.01	13	23790	卖盘
09:42:34	18.31	0.01	5	9155	买盘
09:42:28	18.3	-0.01	19	34770	卖盘
09:42:09	18.31	--	110	201410	买盘
09:42:04	18.31	-0.01	20	36620	买盘
09:41:49	18.32	0.01	34	62288	买盘
09:41:34	18.31	--	56	102536	买盘
09:41:28	18.31	--	5	9155	买盘
09:41:13	18.31	--	10	18310	买盘
09:41:03	18.31	--	20	36620	买盘
09:40:58	18.31	--	40	73240	买盘
09:40:43	18.31	--	12	21972	买盘
09:40:39	18.31	--	10	18310	买盘
09:40:28	18.31	0.01	5	9155	买盘
09:40:24	18.3	--	9	16470	卖盘
09:40:13	18.3	--	15	27450	买盘
09:39:58	18.3	--	22	40260	买盘
09:39:54	18.3	--	0	0	买盘
09:39:39	18.3	--	38	69540	买盘
09:39:33	18.3	--	0	0	买盘
09:39:28	18.3	--	1	1830	买盘
09:39:18	18.3	-0.01	6	10980	买盘
09:39:09	18.31	--	0	0	买盘
09:39:04	18.31	0.01	5	9155	买盘
09:38:58	18.3	--	1	1830	买盘
09:38:53	18.3	-0.01	5	9150	卖盘
09:38:39	18.31	--	10	18310	买盘
09:38:34	18.31	0.02	3	5493	中性盘
09:38:28	18.29	--	0	0	卖盘
09:38:24	18.29	-0.02	50	91450	卖盘
09:38:13	18.31	0.01	22	40282	买盘
09:38:04	18.3	0.01	30	54900	买盘
09:37:48	18.29	0.03	23	42067	买盘
09:37:43	18.26	-0.03	100	182600	卖盘
09:37:39	18.29	0.03	18	32922	买盘
09:37:28	18.26	--	3	5478	卖盘
09:37:03	18.26	--	53	96778	买盘
09:36:57	18.26	0.02	3	5478	买盘
09:36:52	18.24	--	10	18240	卖盘
09:36:43	18.24	-0.01	10	18240	卖盘
09:36:37	18.25	--	5	9125	买盘
09:36:27	18.25	-0.01	30	54750	中性盘
09:36:22	18.26	0.02	10	18260	买盘
09:36:18	18.24	-0.02	20	36480	卖盘
09:36:12	18.26	--	14	25564	卖盘
09:36:03	18.26	--	4	7304	卖盘
09:35:57	18.26	--	4	7304	卖盘
09:35:37	18.26	-0.03	5	9130	卖盘
09:35:28	18.29	-0.04	3	5487	买盘
09:35:18	18.33	--	0	0	买盘
09:35:07	18.33	0.03	40	73320	买盘
09:34:57	18.3	-0.03	17	31110	卖盘
09:34:48	18.33	0.03	1	1832	买盘
09:34:36	18.3	--	80	146400	卖盘
09:34:27	18.3	0.06	12	21960	卖盘
09:34:21	18.24	-0.06	105	191519	卖盘
09:34:18	18.3	--	18	32940	买盘
09:34:13	18.3	--	50	91500	买盘
09:34:03	18.3	--	30	54900	买盘
09:33:58	18.3	-0.03	202	369660	卖盘
09:33:48	18.33	--	6	10997	卖盘
09:33:42	18.33	--	0	0	卖盘
09:33:33	18.33	0.02	8	14663	卖盘
09:33:28	18.31	-0.02	121	221550	卖盘
09:33:21	18.33	--	18	32994	买盘
09:33:18	18.33	--	2	3665	卖盘
09:33:13	18.33	--	8	14663	中性盘
09:33:07	18.33	--	40	73320	卖盘
09:33:03	18.33	0.02	7	12830	买盘
09:32:51	18.31	-0.02	1	1830	卖盘
09:32:48	18.33	0.02	3	5498	买盘
09:32:42	18.31	--	18	32958	卖盘
09:32:33	18.31	--	10	18310	卖盘
09:32:27	18.31	0.01	22	40282	买盘
09:32:21	18.3	--	108	197640	卖盘
09:32:13	18.3	--	5	9150	卖盘
09:32:07	18.3	--	60	109800	卖盘
09:32:03	18.3	-0.01	100	183000	卖盘
09:31:57	18.31	0.01	51	93381	买盘
09:31:48	18.3	0.06	82	150060	买盘
09:31:43	18.24	-0.06	29	52895	卖盘
09:31:36	18.3	--	34	62220	买盘
09:31:33	18.3	--	0	0	买盘
09:31:28	18.3	0.01	10	18300	买盘
09:31:17	18.29	--	7	12803	卖盘
09:31:12	18.29	--	15	27435	卖盘
09:31:06	18.29	--	3	5487	买盘
09:31:03	18.29	--	60	109740	买盘
09:30:57	18.29	--	14	26685	买盘
09:30:52	18.29	--	20	36580	买盘
09:30:36	18.29	--	29	53041	买盘
09:30:27	18.29	0.05	10	18290	中性盘
09:30:12	18.24	-0.04	50	91199	卖盘
09:30:07	18.28	0.04	98	179144	卖盘
09:30:01	18.24	0.01	25	45599	买盘
09:28:51	18.23	--	0	0	卖盘
09:25:01	18.23	18.23	1	1823	买盘
