成交时间	成交价	价格变动	成交量(手)	成交额(元)	性质
15:00:00	12.56	--	0	0	中性盘
15:00:00	12.56	0.02	99	124344	买盘
14:59:58	12.54	-0.02	278	348612	卖盘
14:59:52	12.56	--	880	1105280	卖盘
14:59:48	12.56	--	213	267528	卖盘
14:59:43	12.56	--	1080	1356480	买盘
14:59:37	12.56	--	307	385592	买盘
14:59:33	12.56	--	1090	1369040	买盘
14:59:28	12.56	-0.01	1560	1959360	中性盘
14:59:22	12.57	--	215	270255	买盘
14:59:18	12.57	--	690	867330	买盘
14:59:13	12.57	-0.01	346	434922	中性盘
14:59:07	12.58	0.02	362	455396	买盘
14:59:03	12.56	-0.02	1338	1681746	卖盘
14:58:58	12.58	--	582	732156	买盘
14:58:52	12.58	--	260	327080	买盘
14:58:47	12.58	--	418	525844	买盘
14:58:43	12.58	-0.01	686	864233	卖盘
14:58:37	12.59	-0.01	485	610615	中性盘
14:58:33	12.6	--	195	245700	买盘
14:58:28	12.6	--	428	539292	买盘
14:58:22	12.6	--	452	569520	买盘
14:58:18	12.6	--	880	1108800	买盘
14:58:13	12.6	--	422	531720	买盘
14:58:07	12.6	0.01	930	1171800	买盘
14:58:03	12.59	-0.01	346	435614	卖盘
14:57:58	12.6	--	980	1234800	买盘
14:57:52	12.6	--	327	412020	买盘
14:57:48	12.6	-0.02	2339	2947770	卖盘
14:57:43	12.62	0.02	352	444855	买盘
14:57:37	12.6	0.01	87	109620	买盘
14:57:33	12.59	-0.03	2176	2740213	卖盘
14:57:27	12.62	0.02	52	65624	中性盘
14:57:22	12.6	--	62	78120	卖盘
14:57:18	12.6	-0.03	1012	1275750	卖盘
14:57:12	12.63	0.03	2622	3311586	买盘
14:57:07	12.6	--	68	85680	买盘
14:57:02	12.6	--	2369	2985582	买盘
14:56:57	12.6	0.01	408	514080	买盘
14:56:52	12.59	--	513	645867	卖盘
14:56:48	12.59	-0.01	517	650903	卖盘
14:56:42	12.6	0.01	407	512820	买盘
14:56:37	12.59	--	652	820868	卖盘
14:56:32	12.59	-0.01	322	405398	卖盘
14:56:27	12.6	--	741	934315	买盘
14:56:22	12.6	0.01	353	444780	买盘
14:56:18	12.59	-0.01	750	945156	卖盘
14:56:12	12.6	--	348	438480	买盘
14:56:07	12.6	--	301	379260	买盘
14:56:03	12.6	-0.02	394	497397	卖盘
14:55:57	12.62	0.02	137	173196	买盘
14:55:52	12.6	-0.03	532	671277	卖盘
14:55:46	12.63	0.01	47	59361	买盘
14:55:42	12.62	--	594	749930	买盘
14:55:37	12.62	0.02	976	1231712	买盘
14:55:31	12.6	-0.02	350	441957	卖盘
14:55:27	12.62	--	146	184252	卖盘
14:55:22	12.62	0.01	1006	1269874	买盘
14:55:16	12.61	--	68	85748	买盘
14:55:12	12.61	--	627	790647	卖盘
14:55:07	12.61	--	731	921791	买盘
14:55:01	12.61	-0.01	140	176540	卖盘
14:54:57	12.62	0.01	475	599450	买盘
14:54:52	12.61	-0.01	2090	2635490	卖盘
14:54:46	12.62	0.01	53	66886	买盘
14:54:42	12.61	-0.01	230	290030	卖盘
14:54:37	12.62	0.01	50	63099	买盘
14:54:31	12.61	0.01	68	86101	买盘
14:54:27	12.6	-0.01	290	365400	卖盘
14:54:22	12.61	0.01	735	926835	买盘
14:54:16	12.6	-0.01	1382	1742227	卖盘
14:54:12	12.61	--	674	850267	买盘
14:54:07	12.61	--	154	195101	卖盘
14:54:01	12.61	--	214	270207	卖盘
14:53:57	12.61	--	499	629239	买盘
14:53:52	12.61	--	368	464048	买盘
14:53:46	12.61	0.01	179	225719	买盘
14:53:42	12.6	--	88	110880	卖盘
14:53:37	12.6	--	265	333900	买盘
14:53:31	12.6	--	190	239400	买盘
14:53:27	12.6	--	614	773640	买盘
14:53:22	12.6	--	1328	1674237	卖盘
14:53:16	12.6	--	93	117180	卖盘
14:53:12	12.6	--	263	331380	卖盘
14:53:07	12.6	-0.01	1182	1490126	卖盘
14:53:01	12.61	--	38	47918	买盘
14:52:56	12.61	-0.01	1813	2286193	卖盘
14:52:52	12.62	--	389	490917	买盘
14:52:46	12.62	--	98	123675	买盘
14:52:41	12.62	-0.01	1181	1490422	卖盘
14:52:37	12.63	--	212	267756	买盘
14:52:31	12.63	0.01	651	822213	买盘
14:52:27	12.62	--	120	151440	卖盘
14:52:22	12.62	-0.01	261	329382	卖盘
14:52:16	12.63	0.02	79	99777	买盘
14:52:11	12.61	-0.01	733	924313	卖盘
14:52:07	12.62	--	356	449272	买盘
14:52:01	12.62	--	341	430342	买盘
14:51:56	12.62	--	335	422770	买盘
14:51:52	12.62	--	639	807175	买盘
14:51:46	12.62	--	233	294550	卖盘
14:51:42	12.62	-0.01	374	471987	卖盘
14:51:37	12.63	--	233	294279	买盘
14:51:31	12.63	--	48	60624	买盘
14:51:26	12.63	--	1291	1630533	买盘
14:51:22	12.63	-0.02	284	358692	卖盘
14:51:16	12.65	-0.01	7	8855	买盘
14:51:11	12.66	--	1569	1986354	买盘
14:51:07	12.66	--	216	273456	买盘
14:51:01	12.66	--	192	243072	买盘
14:50:56	12.66	--	777	983682	卖盘
14:50:52	12.66	--	124	156984	卖盘
14:50:46	12.66	--	39	49374	卖盘
14:50:41	12.66	0.01	262	331692	买盘
14:50:37	12.65	-0.01	590	746350	卖盘
14:50:31	12.66	-0.01	19	24054	卖盘
14:50:27	12.67	0.01	331	419377	买盘
14:50:21	12.66	-0.01	63	79758	卖盘
14:50:16	12.67	--	43	54481	买盘
14:50:11	12.67	--	23	29141	买盘
14:50:06	12.67	-0.01	846	1071882	卖盘
14:49:56	12.68	--	428	543338	卖盘
14:49:51	12.68	-0.03	284	360112	卖盘
14:49:46	12.71	0.01	213	270723	买盘
14:49:42	12.7	--	185	234950	买盘
14:49:36	12.7	-0.01	701	890270	卖盘
14:49:31	12.71	--	12	15252	买盘
14:49:27	12.71	--	1387	1762877	买盘
14:49:21	12.71	-0.01	159	202089	卖盘
14:49:16	12.72	0.01	75	95400	买盘
14:49:11	12.71	-0.01	402	510942	卖盘
14:49:06	12.72	-0.01	520	661440	卖盘
14:49:01	12.73	--	10	12730	买盘
14:48:56	12.73	--	119	151487	买盘
14:48:51	12.73	--	158	201134	买盘
14:48:46	12.73	--	277	352621	买盘
14:48:40	12.73	--	36	45828	买盘
14:48:36	12.73	--	329	418817	卖盘
14:48:31	12.73	-0.01	44	56012	卖盘
14:48:25	12.74	--	20	25480	买盘
14:48:21	12.74	--	507	645918	卖盘
14:48:16	12.74	--	35	44590	卖盘
14:48:10	12.74	--	9	11466	卖盘
14:48:06	12.74	--	258	328692	卖盘
14:48:01	12.74	--	17	21658	卖盘
14:47:55	12.74	--	142	180908	买盘
14:47:51	12.74	0.01	564	718536	买盘
14:47:46	12.73	-0.01	314	399722	卖盘
14:47:40	12.74	--	150	191100	买盘
14:47:36	12.74	0.02	114	145236	买盘
14:47:31	12.72	-0.02	127	161544	卖盘
14:47:25	12.74	0.01	322	410228	买盘
14:47:21	12.73	--	116	147668	买盘
14:47:16	12.73	--	89	113297	买盘
14:47:10	12.73	--	60	76380	买盘
14:47:06	12.73	0.01	148	188404	买盘
14:47:01	12.72	--	107	136104	卖盘
14:46:55	12.72	--	15	19080	卖盘
14:46:51	12.72	--	1	1272	卖盘
14:46:46	12.72	0.01	904	1149888	买盘
14:46:40	12.71	--	5	6355	卖盘
14:46:36	12.71	--	271	344441	卖盘
14:46:31	12.71	-0.01	175	222425	卖盘
14:46:25	12.72	0.01	7	8904	买盘
14:46:21	12.71	--	157	199547	卖盘
14:46:16	12.71	--	244	310124	卖盘
14:46:10	12.71	--	122	155062	卖盘
14:46:06	12.71	--	53	67363	买盘
14:46:01	12.71	--	253	321563	卖盘
14:45:55	12.71	--	5	6355	卖盘
14:45:50	12.71	--	64	81344	卖盘
14:45:46	12.71	--	99	125829	买盘
14:45:40	12.71	-0.01	30	38130	中性盘
14:45:35	12.72	0.01	582	740304	买盘
14:45:31	12.71	--	72	91512	卖盘
14:45:25	12.71	--	75	95325	卖盘
14:45:20	12.71	--	225	285975	卖盘
14:45:16	12.71	--	69	87838	买盘
14:45:10	12.71	--	55	69905	买盘
14:45:05	12.71	--	724	921335	卖盘
14:45:01	12.71	--	267	339496	买盘
14:44:55	12.71	--	153	194463	买盘
14:44:50	12.71	0.01	613	779123	买盘
14:44:46	12.7	--	138	175260	卖盘
14:44:40	12.7	--	488	619760	卖盘
14:44:35	12.7	-0.01	428	543560	卖盘
14:44:31	12.71	--	68	86428	买盘
14:44:25	12.71	0.01	439	557969	买盘
14:44:20	12.7	-0.01	124	157480	卖盘
14:44:16	12.71	--	353	448663	买盘
14:44:10	12.71	0.01	69	87699	买盘
14:44:05	12.7	-0.01	105	133350	卖盘
14:44:01	12.71	0.01	50	63550	买盘
14:43:55	12.7	0.01	152	193040	卖盘
14:43:50	12.69	-0.01	242	307732	卖盘
14:43:46	12.7	--	164	208280	买盘
14:43:40	12.7	--	58	73660	买盘
14:43:35	12.7	--	187	237490	买盘
14:43:31	12.7	--	11	13970	买盘
14:43:25	12.7	--	15	19050	买盘
14:43:20	12.7	-0.01	1646	2091054	卖盘
14:43:15	12.71	-0.01	8	10168	卖盘
14:43:10	12.72	--	100	127200	卖盘
14:43:05	12.72	--	120	152640	买盘
14:43:01	12.72	0.01	136	172992	买盘
14:42:55	12.71	0.01	12	15252	卖盘
14:42:50	12.7	-0.02	15	19050	卖盘
14:42:45	12.72	0.01	2099	2669928	买盘
14:42:40	12.71	--	73	92783	卖盘
14:42:35	12.71	--	75	95325	卖盘
14:42:30	12.71	--	184	233864	卖盘
14:42:25	12.71	0.01	53	67363	买盘
14:42:20	12.7	-0.01	263	334010	卖盘
14:42:15	12.71	-0.01	122	155062	中性盘
14:42:10	12.72	0.01	564	717408	买盘
14:42:05	12.71	0.01	87	110577	买盘
14:42:00	12.7	-0.01	178	226060	卖盘
14:41:55	12.71	--	200	254200	买盘
14:41:50	12.71	0.01	152	193192	买盘
14:41:45	12.7	--	372	472440	卖盘
14:41:40	12.7	-0.02	31	39370	卖盘
14:41:34	12.72	0.01	138	175536	买盘
14:41:30	12.71	--	416	528736	卖盘
14:41:25	12.71	0.01	226	287246	买盘
14:41:19	12.7	--	20	25400	卖盘
14:41:15	12.7	--	453	575310	卖盘
14:41:10	12.7	--	87	110490	卖盘
14:41:04	12.7	--	167	212090	卖盘
14:41:00	12.7	-0.01	509	646430	卖盘
14:40:55	12.71	--	35	44485	买盘
14:40:49	12.71	-0.01	659	837589	卖盘
14:40:45	12.72	0.01	247	314184	买盘
14:40:40	12.71	-0.01	65	82615	卖盘
14:40:34	12.72	0.01	116	147552	买盘
14:40:30	12.71	--	1066	1354886	卖盘
14:40:25	12.71	-0.01	219	278349	卖盘
14:40:19	12.72	-0.01	3	3816	卖盘
14:40:15	12.73	-0.01	34	43282	卖盘
14:40:10	12.74	0.01	340	433160	买盘
14:40:04	12.73	0.03	6	7638	买盘
14:40:00	12.7	-0.04	108	137160	卖盘
14:39:55	12.74	--	121	154154	卖盘
14:39:49	12.74	--	29	36946	买盘
14:39:45	12.74	--	17	21658	买盘
14:39:40	12.74	0.02	7026	8951124	买盘
14:39:34	12.72	--	176	223872	卖盘
14:39:30	12.72	--	181	230232	卖盘
14:39:25	12.72	--	45	57240	卖盘
14:39:15	12.72	-0.01	47	59784	卖盘
14:39:10	12.73	-0.02	16	20368	卖盘
14:39:04	12.75	0.03	23	29325	买盘
14:39:00	12.72	-0.03	345	438840	卖盘
14:38:55	12.75	--	15	19125	买盘
14:38:49	12.75	-0.02	151	193774	卖盘
14:38:44	12.77	0.02	155	197935	买盘
14:38:40	12.75	--	229	291975	卖盘
14:38:34	12.75	--	287	365950	买盘
14:38:29	12.75	--	96	122400	买盘
14:38:25	12.75	-0.03	268	342949	卖盘
14:38:19	12.78	0.03	199	254322	买盘
14:38:14	12.75	-0.01	44	56100	卖盘
14:38:09	12.76	-0.02	728	928928	卖盘
14:38:04	12.78	--	27	34506	买盘
14:37:59	12.78	0.01	96	122688	买盘
14:37:55	12.77	--	13	16601	卖盘
14:37:49	12.77	-0.01	12	15324	卖盘
14:37:44	12.78	0.01	226	288828	中性盘
14:37:39	12.77	-0.01	365	466105	卖盘
14:37:34	12.78	0.01	100	127800	买盘
14:37:29	12.77	--	136	173672	买盘
14:37:25	12.77	--	157	200489	买盘
14:37:19	12.77	--	173	220921	卖盘
14:37:14	12.77	-0.01	415	529955	卖盘
14:37:10	12.78	0.01	111	141858	买盘
14:37:04	12.77	0.01	34	43418	卖盘
14:36:59	12.76	-0.01	260	331760	卖盘
14:36:55	12.77	-0.02	84	107268	卖盘
14:36:49	12.79	0.02	11	14068	买盘
14:36:44	12.77	-0.02	83	105991	卖盘
14:36:40	12.79	0.02	142	181618	买盘
14:36:29	12.77	--	20	26587	卖盘
14:36:24	12.77	--	166	211982	买盘
14:36:14	12.77	0.01	88	112376	买盘
14:36:09	12.76	--	11	14036	买盘
14:36:04	12.76	--	1	1276	买盘
14:35:59	12.76	--	816	1041216	卖盘
14:35:54	12.76	-0.01	205	261580	卖盘
14:35:49	12.77	0.01	18	22986	买盘
14:35:44	12.76	--	25	31900	买盘
14:35:39	12.76	--	69	88044	买盘
14:35:34	12.76	--	18	22968	买盘
14:35:29	12.76	-0.03	129	164604	卖盘
14:35:24	12.79	0.03	28	35812	买盘
14:35:19	12.76	-0.02	128	163328	卖盘
14:35:14	12.78	0.02	6	7668	买盘
14:35:09	12.76	--	0	0	卖盘
14:35:04	12.76	-0.03	14	17864	卖盘
14:34:59	12.79	0.02	92	117667	买盘
14:34:54	12.77	0.01	23	29371	买盘
14:34:44	12.76	--	10	12760	买盘
14:34:39	12.76	--	156	199056	买盘
14:34:34	12.76	-0.01	263	335588	卖盘
14:34:28	12.77	0.01	116	148132	买盘
14:34:24	12.76	-0.01	212	270512	卖盘
14:34:19	12.77	--	51	65127	买盘
14:34:13	12.77	--	282	360114	买盘
14:34:09	12.77	--	674	860698	买盘
14:34:04	12.77	--	281	358837	买盘
14:33:58	12.77	--	29	37033	买盘
14:33:54	12.77	0.01	41	52357	买盘
14:33:49	12.76	-0.01	128	163328	卖盘
14:33:43	12.77	-0.03	40	51080	卖盘
14:33:39	12.8	0.03	1526	1953280	买盘
14:33:34	12.77	--	98	125146	卖盘
14:33:28	12.77	--	127	162179	卖盘
14:33:24	12.77	0.01	281	358837	买盘
14:33:19	12.76	--	54	68904	卖盘
14:33:13	12.76	--	88	112288	卖盘
14:33:09	12.76	0.01	18	22968	买盘
14:33:04	12.75	-0.01	36	45900	卖盘
14:32:58	12.76	0.01	8	10208	买盘
14:32:54	12.75	-0.01	42	53805	卖盘
14:32:49	12.76	0.03	10	12760	买盘
14:32:43	12.73	-0.01	65	83636	卖盘
14:32:39	12.74	-0.01	58	73892	卖盘
14:32:34	12.75	--	86	109650	买盘
14:32:28	12.75	0.01	57	72675	买盘
14:32:24	12.74	-0.02	251	319774	卖盘
14:32:18	12.76	0.01	38	48488	买盘
14:32:13	12.75	--	45	57375	卖盘
14:32:09	12.75	--	198	252450	卖盘
14:32:04	12.75	--	22	28050	卖盘
14:31:58	12.75	-0.02	68	86700	卖盘
14:31:53	12.77	0.02	568	725336	买盘
14:31:49	12.75	--	55	70125	买盘
14:31:43	12.75	-0.02	334	425850	卖盘
14:31:38	12.77	--	39	49803	买盘
14:31:34	12.77	--	400	510800	买盘
14:31:28	12.77	-0.01	462	590433	卖盘
14:31:23	12.78	-0.01	337	430686	卖盘
14:31:19	12.79	0.01	41	52439	买盘
14:31:13	12.78	--	325	415350	买盘
14:31:08	12.78	--	468	598104	买盘
14:31:04	12.78	0.01	251	320778	买盘
14:30:58	12.77	--	2	2554	卖盘
14:30:53	12.77	--	243	311128	买盘
14:30:49	12.77	--	12	15324	买盘
14:30:43	12.77	--	77	98329	买盘
14:30:38	12.77	0.01	206	263062	买盘
14:30:34	12.76	-0.01	169	216103	卖盘
14:30:28	12.77	0.01	150	191550	买盘
14:30:23	12.76	--	206	262856	卖盘
14:30:19	12.76	0.04	765	976956	买盘
14:30:13	12.72	--	56	71232	买盘
14:30:08	12.72	-0.01	55	69960	中性盘
14:30:04	12.73	0.01	203	258419	买盘
14:29:58	12.72	0.01	4	5088	买盘
14:29:53	12.71	0.01	140	178956	买盘
14:29:49	12.7	-0.01	770	977900	卖盘
14:29:43	12.71	--	91	115661	买盘
14:29:38	12.71	--	50	63550	买盘
14:29:34	12.71	--	44	55924	买盘
14:29:28	12.71	--	85	108035	买盘
14:29:23	12.71	-0.02	241	306565	卖盘
14:29:19	12.73	--	97	123481	买盘
14:29:13	12.73	--	57	72561	买盘
14:29:08	12.73	0.01	15	19095	买盘
14:29:03	12.72	-0.01	291	371169	卖盘
14:28:58	12.73	0.01	56	71288	买盘
14:28:53	12.72	-0.01	238	302736	卖盘
14:28:48	12.73	-0.01	137	174401	中性盘
14:28:43	12.74	--	160	203840	买盘
14:28:38	12.74	0.01	73	93002	买盘
14:28:33	12.73	-0.01	118	150214	卖盘
14:28:28	12.74	--	152	193648	买盘
14:28:23	12.74	-0.01	654	833196	卖盘
14:28:18	12.75	--	93	118575	买盘
14:28:13	12.75	0.01	429	546975	买盘
14:28:08	12.74	-0.01	44	56056	卖盘
14:28:03	12.75	0.01	20	25500	买盘
14:27:58	12.74	--	77	98098	买盘
14:27:53	12.74	--	144	183456	买盘
14:27:48	12.74	--	380	484120	买盘
14:27:43	12.74	--	20	25480	买盘
14:27:38	12.74	--	218	277732	买盘
14:27:33	12.74	--	166	211484	买盘
14:27:28	12.74	--	179	228046	买盘
14:27:22	12.74	0.01	29	36946	买盘
14:27:18	12.73	-0.01	49	62377	卖盘
14:27:13	12.74	0.02	217	276458	买盘
14:27:07	12.72	-0.01	10	12720	卖盘
14:27:03	12.73	0.01	21	26733	买盘
14:26:58	12.72	0.01	7	8904	买盘
14:26:52	12.71	0.01	1	1271	买盘
14:26:48	12.7	--	164	208280	卖盘
14:26:43	12.7	--	64	81280	卖盘
14:26:37	12.7	--	313	397510	买盘
14:26:33	12.7	0.01	33	41910	买盘
14:26:28	12.69	--	57	72333	卖盘
14:26:22	12.69	0.01	776	984744	买盘
14:26:18	12.68	0.01	233	295444	买盘
14:26:13	12.67	-0.01	85	107695	卖盘
14:26:07	12.68	0.01	28	35504	卖盘
14:26:03	12.67	-0.01	311	394037	卖盘
14:25:58	12.68	--	9	11412	买盘
14:25:52	12.68	0.02	14	17752	买盘
14:25:48	12.66	--	127	161794	买盘
14:25:43	12.66	0.01	85	107610	买盘
14:25:37	12.65	0.01	289	365585	买盘
14:25:33	12.64	-0.01	230	290720	卖盘
14:25:28	12.65	0.01	564	714219	买盘
14:25:22	12.64	--	113	142832	卖盘
14:25:18	12.64	-0.01	28	35392	卖盘
14:25:13	12.65	0.01	67	84755	买盘
14:25:07	12.64	0.01	1103	1394192	买盘
14:25:03	12.63	0.02	86	108618	中性盘
14:24:58	12.61	--	439	553579	卖盘
14:24:52	12.61	--	15	18915	卖盘
14:24:47	12.61	-0.01	139	175783	卖盘
14:24:43	12.62	--	104	131248	卖盘
14:24:37	12.62	0.02	1416	1787749	买盘
14:24:32	12.6	-0.01	546	687960	卖盘
14:24:27	12.61	--	141	177801	卖盘
14:24:22	12.61	--	214	269854	买盘
14:24:17	12.61	-0.01	1043	1315223	卖盘
14:24:13	12.62	0.01	646	815252	买盘
14:24:07	12.61	-0.01	532	670852	卖盘
14:24:02	12.62	--	610	769820	买盘
14:23:58	12.62	-0.03	1946	2455852	卖盘
14:23:52	12.65	--	46	58190	买盘
14:23:47	12.65	-0.01	378	478170	卖盘
14:23:43	12.66	--	400	506400	买盘
14:23:37	12.66	--	3	3798	买盘
14:23:32	12.66	-0.03	2580	3266533	卖盘
14:23:27	12.69	--	67	85023	卖盘
14:23:22	12.69	-0.01	16	20304	卖盘
14:23:17	12.7	--	71	90170	买盘
14:23:13	12.7	--	66	83820	买盘
14:23:07	12.7	-0.03	636	807720	卖盘
14:23:02	12.73	0.02	663	843999	买盘
14:22:58	12.71	--	136	172856	卖盘
14:22:47	12.71	0.01	377	479167	卖盘
14:22:43	12.7	-0.01	29	36830	卖盘
14:22:37	12.71	-0.01	14	17794	中性盘
14:22:32	12.72	--	610	775920	卖盘
14:22:28	12.72	0.01	96	122112	中性盘
14:22:22	12.71	0.01	7	8897	卖盘
14:22:17	12.7	--	439	557530	卖盘
14:22:13	12.7	--	130	165100	卖盘
14:22:07	12.7	-0.02	130	165100	卖盘
14:22:02	12.72	0.01	14	17808	买盘
14:21:57	12.71	-0.02	14	17794	卖盘
14:21:52	12.73	--	6	7638	买盘
14:21:47	12.73	0.03	1155	1470315	中性盘
14:21:43	12.7	-0.04	457	580390	卖盘
14:21:37	12.74	0.04	555	707070	买盘
14:21:32	12.7	--	421	534670	卖盘
14:21:27	12.7	--	129	163830	卖盘
14:21:22	12.7	-0.04	107	135890	卖盘
14:21:17	12.74	--	424	540176	买盘
14:21:12	12.74	--	3527	4493398	卖盘
14:21:07	12.74	--	227	289198	卖盘
14:21:02	12.74	--	715	910910	卖盘
14:20:57	12.74	--	114	145236	卖盘
14:20:52	12.74	-0.01	30	38220	卖盘
14:20:47	12.75	-0.03	718	915909	卖盘
14:20:42	12.78	0.03	807	1031346	买盘
14:20:37	12.75	-0.01	112	142800	卖盘
14:20:32	12.76	--	122	155672	卖盘
14:20:27	12.76	--	94	119944	卖盘
14:20:22	12.76	0.01	2060	2629376	中性盘
14:20:17	12.75	-0.01	195	248625	卖盘
14:20:12	12.76	-0.01	61	77836	卖盘
14:20:07	12.77	--	564	720228	买盘
14:20:01	12.77	0.01	44	56188	买盘
14:19:57	12.76	0.01	423	539748	买盘
14:19:52	12.75	--	42	53550	卖盘
14:19:46	12.75	-0.01	54	68850	卖盘
14:19:42	12.76	0.01	242	308792	买盘
14:19:37	12.75	--	209	266475	买盘
14:19:31	12.75	--	0	0	买盘
14:19:27	12.75	0.02	619	789225	买盘
14:19:22	12.73	0.01	180	229140	买盘
14:19:16	12.72	--	23	29256	买盘
14:19:12	12.72	0.01	53	67416	买盘
14:19:07	12.71	0.01	114	144894	买盘
14:19:01	12.7	--	290	368300	买盘
14:18:57	12.7	--	777	986790	买盘
14:18:52	12.7	--	270	342900	买盘
14:18:46	12.7	--	10	12700	买盘
14:18:42	12.7	--	131	166370	买盘
14:18:37	12.7	0.01	247	314731	买盘
14:18:31	12.69	0.01	70	88830	买盘
14:18:27	12.68	0.01	125	158500	买盘
14:18:22	12.67	--	173	220204	买盘
14:18:16	12.67	0.01	102	129234	买盘
14:18:12	12.66	--	440	557040	卖盘
14:18:06	12.66	--	300	379800	买盘
14:18:01	12.66	0.01	40	50640	买盘
14:17:57	12.65	--	373	471845	买盘
14:17:52	12.65	0.01	98	123970	买盘
14:17:46	12.64	-0.01	17	21488	卖盘
14:17:42	12.65	--	195	246675	买盘
14:17:37	12.65	--	144	182160	买盘
14:17:31	12.65	--	217	274505	买盘
14:17:26	12.65	--	248	313720	买盘
14:17:22	12.65	--	570	721050	卖盘
14:17:11	12.65	-0.01	181	228965	卖盘
14:17:07	12.66	--	547	692502	卖盘
14:17:01	12.66	-0.01	97	122802	卖盘
14:16:56	12.67	0.01	25	31675	买盘
14:16:52	12.66	-0.02	202	255732	卖盘
14:16:46	12.68	--	36	45648	买盘
14:16:41	12.68	--	295	374060	买盘
14:16:37	12.68	--	50	63400	买盘
14:16:31	12.68	-0.02	574	728085	卖盘
14:16:26	12.7	0.01	284	360680	买盘
14:16:22	12.69	-0.01	372	472068	卖盘
14:16:16	12.7	--	111	140970	买盘
14:16:11	12.7	--	166	210820	买盘
14:16:07	12.7	--	1998	2537460	卖盘
14:16:01	12.7	--	26	33020	卖盘
14:15:56	12.7	--	302	383540	卖盘
14:15:52	12.7	-0.01	1039	1319530	卖盘
14:15:46	12.71	0.01	263	334273	中性盘
14:15:41	12.7	-0.02	91	115570	卖盘
14:15:37	12.72	0.02	375	477000	买盘
14:15:31	12.7	-0.02	148	187960	卖盘
14:15:26	12.72	--	277	352344	买盘
14:15:22	12.72	0.02	34	43248	卖盘
14:15:16	12.7	--	100	127000	卖盘
14:15:11	12.7	-0.03	1110	1409700	卖盘
14:15:07	12.73	--	91	115843	卖盘
14:15:01	12.73	--	413	525749	卖盘
14:14:56	12.73	--	1160	1476680	卖盘
14:14:51	12.73	0.05	1747	2223931	买盘
14:14:46	12.68	-0.02	3970	5033960	卖盘
14:14:41	12.7	--	1468	1864360	卖盘
14:14:36	12.7	--	483	613410	卖盘
14:14:31	12.7	--	1097	1393190	卖盘
14:14:26	12.7	-0.01	346	439420	卖盘
14:14:21	12.71	0.01	65	82615	买盘
14:14:16	12.7	-0.02	1308	1661160	卖盘
14:14:11	12.72	0.02	244	310368	卖盘
14:14:06	12.7	-0.04	2122	2694940	卖盘
14:14:01	12.74	0.01	10	12740	买盘
14:13:56	12.73	--	90	114570	买盘
14:13:51	12.73	--	25	31825	卖盘
14:13:46	12.73	-0.02	5	6365	卖盘
14:13:41	12.75	--	170	216750	买盘
14:13:36	12.75	--	230	293250	买盘
14:13:31	12.75	-0.01	69	89173	卖盘
14:13:26	12.76	--	111	141636	买盘
14:13:21	12.76	-0.01	314	400664	卖盘
14:13:16	12.77	--	205	261785	买盘
14:13:11	12.77	--	49	62573	买盘
14:13:06	12.77	--	684	873468	卖盘
14:13:01	12.77	-0.01	141	180057	卖盘
14:12:55	12.78	0.01	1	1278	买盘
14:12:51	12.77	--	12	15324	卖盘
14:12:46	12.77	0.01	110	140470	买盘
14:12:40	12.76	--	62	79112	卖盘
14:12:35	12.76	--	23	29348	中性盘
14:12:31	12.76	0.01	44	56144	买盘
14:12:25	12.75	--	3	3825	卖盘
14:12:21	12.75	-0.01	45	57375	卖盘
14:12:16	12.76	0.01	26	33176	买盘
14:12:10	12.75	0.03	1010	1287826	买盘
14:12:06	12.72	--	147	186984	卖盘
14:12:01	12.72	0.01	28	35616	中性盘
14:11:55	12.71	-0.01	510	648210	卖盘
14:11:51	12.72	0.01	118	150096	买盘
14:11:46	12.71	-0.01	43	54653	卖盘
14:11:40	12.72	0.01	12	15264	买盘
14:11:36	12.71	--	98	124558	卖盘
14:11:31	12.71	0.01	147	186837	买盘
14:11:25	12.7	--	69	87630	卖盘
14:11:21	12.7	--	127	161290	卖盘
14:11:16	12.7	-0.01	229	290830	卖盘
14:11:10	12.71	--	21	26691	买盘
14:11:06	12.71	-0.01	223	283433	买盘
14:11:01	12.72	0.01	556	707232	买盘
14:10:55	12.71	-0.01	11	13981	中性盘
14:10:51	12.72	0.02	268	340896	买盘
14:10:46	12.7	-0.02	476	604520	卖盘
14:10:40	12.72	0.01	191	242952	买盘
14:10:36	12.71	-0.02	295	374945	卖盘
14:10:30	12.73	-0.01	229	291517	卖盘
14:10:25	12.74	--	12	15288	买盘
14:10:20	12.74	--	102	129948	买盘
14:10:16	12.74	--	46	58604	买盘
14:10:10	12.74	--	3	3822	买盘
14:10:05	12.74	-0.02	292	372008	卖盘
14:10:00	12.76	0.03	59	75284	买盘
14:09:55	12.73	-0.02	43	54739	卖盘
14:09:50	12.75	0.01	655	835125	买盘
14:09:45	12.74	0.01	286	364364	买盘
14:09:40	12.73	-0.01	1	1273	卖盘
14:09:35	12.74	-0.01	162	206388	买盘
14:09:31	12.75	0.02	54	68850	买盘
14:09:25	12.73	-0.02	50	63650	卖盘
14:09:20	12.75	--	282	359550	买盘
14:09:16	12.75	--	448	571200	买盘
14:09:10	12.75	--	14	17850	买盘
14:09:05	12.75	0.03	20	25500	买盘
14:09:01	12.72	-0.02	95	120840	卖盘
14:08:55	12.74	0.02	31	39494	买盘
14:08:50	12.72	-0.03	64	81408	卖盘
14:08:46	12.75	--	364	464100	买盘
14:08:40	12.75	--	106	135150	买盘
14:08:35	12.75	--	164	209100	买盘
14:08:30	12.75	--	42	53550	买盘
14:08:25	12.75	0.01	123	156825	买盘
14:08:20	12.74	--	49	62426	买盘
14:08:15	12.74	--	138	175812	买盘
14:08:10	12.74	0.04	38	48412	买盘
14:08:05	12.7	-0.05	999	1269746	卖盘
14:08:00	12.75	0.04	1	1275	买盘
14:07:55	12.71	--	3	3813	卖盘
14:07:50	12.71	0.01	138	175398	中性盘
14:07:45	12.7	--	217	275590	卖盘
14:07:40	12.7	0.01	808	1026160	买盘
14:07:35	12.69	-0.01	576	730944	卖盘
14:07:30	12.7	0.01	908	1153160	买盘
14:07:25	12.69	-0.01	427	541863	卖盘
14:07:20	12.7	0.01	168	213360	买盘
14:07:15	12.69	-0.01	194	246186	卖盘
14:07:10	12.7	0.01	66	83820	买盘
14:07:05	12.69	0.01	199	252531	买盘
14:07:00	12.68	-0.02	102	129336	卖盘
14:06:55	12.7	--	2	2540	买盘
14:06:50	12.7	0.02	267	339090	买盘
14:06:45	12.68	-0.01	1438	1823384	卖盘
14:06:40	12.69	--	78	98982	卖盘
14:06:35	12.69	0.01	68	86292	买盘
14:06:30	12.68	-0.01	87	110316	卖盘
14:06:25	12.69	0.02	1023	1298187	买盘
14:06:20	12.67	-0.01	155	196385	卖盘
14:06:15	12.68	--	125	158500	买盘
14:06:10	12.68	-0.02	278	352504	卖盘
14:06:04	12.7	--	4	5080	买盘
14:06:00	12.7	--	279	354330	买盘
14:05:55	12.7	--	702	891540	买盘
14:05:49	12.7	--	2219	2818130	卖盘
14:05:45	12.7	-0.06	4243	5388610	卖盘
14:05:40	12.76	0.02	137	174812	买盘
14:05:34	12.74	-0.01	509	648466	卖盘
14:05:30	12.75	0.01	147	187425	中性盘
14:05:25	12.74	-0.01	212	270088	卖盘
14:05:19	12.75	--	50	63750	买盘
14:05:15	12.75	0.01	144	183600	买盘
14:05:10	12.74	-0.02	276	351624	卖盘
14:05:04	12.76	0.01	32	40832	买盘
14:05:00	12.75	--	193	246075	卖盘
14:04:55	12.75	-0.03	124	158100	卖盘
14:04:49	12.78	-0.01	922	1178316	买盘
14:04:45	12.79	--	82	104878	买盘
14:04:40	12.79	-0.01	328	419512	中性盘
14:04:34	12.8	--	132	168960	买盘
14:04:30	12.8	--	27	34560	买盘
14:04:25	12.8	--	300	384000	买盘
14:04:19	12.8	-0.03	823	1053440	卖盘
14:04:15	12.83	-0.01	222	284826	卖盘
14:04:10	12.84	--	68	87312	买盘
14:04:04	12.84	-0.01	398	511032	卖盘
14:04:00	12.85	-0.02	271	348235	卖盘
14:03:55	12.87	-0.01	132	169884	卖盘
14:03:49	12.88	--	22	28336	买盘
14:03:45	12.88	--	16	20608	卖盘
14:03:39	12.88	-0.01	61	78568	卖盘
14:03:34	12.89	0.01	5	6445	买盘
14:03:29	12.88	-0.01	119	153272	卖盘
14:03:24	12.89	0.01	39	50271	中性盘
14:03:19	12.88	-0.02	78	100464	卖盘
14:03:14	12.9	--	21	27090	买盘
14:03:10	12.9	-0.02	1287	1660230	卖盘
14:03:04	12.92	0.02	23	29716	买盘
14:02:59	12.9	--	38	49020	卖盘
14:02:55	12.9	--	917	1182930	卖盘
14:02:49	12.9	-0.02	123	158670	买盘
14:02:44	12.92	0.04	383	494836	买盘
14:02:39	12.88	-0.02	2942	3789553	卖盘
14:02:34	12.9	--	33	42570	卖盘
14:02:29	12.9	--	29	37410	卖盘
14:02:24	12.9	0.01	388	501552	买盘
14:02:19	12.89	0.03	2	2578	买盘
14:02:14	12.86	-0.04	32	41409	卖盘
14:02:10	12.9	0.01	1439	1857342	买盘
14:01:59	12.89	-0.01	10	12890	中性盘
14:01:54	12.9	0.03	1069	1379010	买盘
14:01:49	12.87	-0.03	436	561389	卖盘
14:01:44	12.9	0.03	1193	1540002	买盘
14:01:39	12.87	-0.02	1132	1456884	卖盘
14:01:34	12.89	0.02	56	72184	买盘
14:01:29	12.87	-0.02	82	105534	卖盘
14:01:25	12.89	--	80	104280	卖盘
14:01:19	12.89	-0.01	517	666928	卖盘
14:01:14	12.9	--	1118	1442220	卖盘
14:01:09	12.9	0.02	671	866493	买盘
14:01:04	12.88	-0.01	1238	1594544	卖盘
14:00:59	12.89	-0.01	367	473063	中性盘
14:00:54	12.9	--	1186	1529940	买盘
14:00:49	12.9	--	172	221880	买盘
14:00:44	12.9	-0.01	1754	2263047	卖盘
14:00:39	12.91	--	177	228507	买盘
14:00:34	12.91	0.01	40	51640	买盘
14:00:29	12.9	-0.01	132	170280	卖盘
14:00:24	12.91	0.01	41	52931	中性盘
14:00:19	12.9	-0.02	27	34830	卖盘
14:00:14	12.92	0.02	184	238632	买盘
14:00:09	12.9	--	667	860430	买盘
14:00:04	12.9	--	112	144480	买盘
13:59:59	12.9	--	282	363780	买盘
13:59:54	12.9	-0.02	356	459240	卖盘
13:59:49	12.92	0.02	107	138244	买盘
13:59:44	12.9	-0.02	485	625650	卖盘
13:59:39	12.92	-0.03	61	78812	中性盘
13:59:34	12.95	-0.01	1105	1430975	卖盘
13:59:29	12.96	0.06	394	510624	买盘
13:59:24	12.9	-0.02	2030	2618700	卖盘
13:59:19	12.92	--	18	23256	卖盘
13:59:14	12.92	0.01	322	416024	卖盘
13:59:09	12.91	--	600	774600	买盘
13:59:04	12.91	-0.01	339	437649	卖盘
13:58:58	12.92	0.01	415	536180	买盘
13:58:54	12.91	0.01	460	593860	买盘
13:58:49	12.9	--	1069	1379010	卖盘
13:58:43	12.9	-0.01	144	185760	卖盘
13:58:39	12.91	--	703	907573	买盘
13:58:34	12.91	--	284	366644	买盘
13:58:28	12.91	--	428	552548	买盘
13:58:24	12.91	0.01	297	383427	买盘
13:58:19	12.9	--	485	625650	卖盘
13:58:13	12.9	--	63	81270	卖盘
13:58:09	12.9	--	326	420540	卖盘
13:58:04	12.9	0.04	544	701760	买盘
13:57:58	12.86	--	26	33436	买盘
13:57:54	12.86	-0.04	327	420522	卖盘
13:57:49	12.9	0.02	1102	1421580	买盘
13:57:39	12.88	--	1067	1374296	买盘
13:57:34	12.88	--	324	417312	买盘
13:57:28	12.88	--	33	42504	买盘
13:57:24	12.88	--	136	175168	买盘
13:57:19	12.88	--	54	69552	买盘
13:57:13	12.88	--	40	51520	买盘
13:57:09	12.88	0.02	8	10304	买盘
13:57:03	12.86	-0.02	98	126028	卖盘
13:56:54	12.88	0.02	215	276920	买盘
13:56:48	12.86	--	28	36008	卖盘
13:56:43	12.86	--	165	212190	卖盘
13:56:38	12.86	--	51	65586	买盘
13:56:33	12.86	--	645	829470	卖盘
13:56:28	12.86	-0.02	10	12860	卖盘
13:56:23	12.88	0.02	747	962136	买盘
13:56:18	12.86	--	186	239196	买盘
13:56:13	12.86	0.01	47	60442	中性盘
13:56:08	12.85	--	670	860950	卖盘
13:56:03	12.85	-0.01	387	497295	卖盘
13:55:58	12.86	--	134	172324	买盘
13:55:53	12.86	--	261	335646	买盘
13:55:48	12.86	--	218	280348	买盘
13:55:43	12.86	-0.03	136	174896	中性盘
13:55:38	12.89	0.03	1038	1337982	买盘
13:55:34	12.86	0.01	189	243054	买盘
13:55:28	12.85	--	12	15420	卖盘
13:55:23	12.85	0.03	790	1015150	买盘
13:55:18	12.82	0.01	104	133328	买盘
13:55:13	12.81	--	260	333060	中性盘
13:55:08	12.81	--	265	339465	买盘
13:55:04	12.81	--	127	162687	卖盘
13:54:58	12.81	--	129	165249	卖盘
13:54:53	12.81	--	91	116571	卖盘
13:54:48	12.81	0.01	54	69174	中性盘
13:54:43	12.8	-0.01	85	108800	卖盘
13:54:38	12.81	--	176	225456	买盘
13:54:33	12.81	0.01	308	394548	买盘
13:54:28	12.8	--	38	48640	卖盘
13:54:23	12.8	-0.01	96	122880	卖盘
13:54:18	12.81	--	35	44835	卖盘
13:54:13	12.81	--	92	117852	卖盘
13:54:08	12.81	-0.01	43	55083	卖盘
13:54:03	12.82	0.02	261	334602	买盘
13:53:58	12.8	-0.01	5	6400	卖盘
13:53:53	12.81	-0.01	227	290787	卖盘
13:53:48	12.82	0.01	165	211530	买盘
13:53:43	12.81	-0.01	143	183183	卖盘
13:53:38	12.82	--	53	67946	买盘
13:53:33	12.82	-0.01	99	126918	卖盘
13:53:28	12.83	-0.02	13	16679	卖盘
13:53:23	12.85	0.01	235	301975	买盘
13:53:18	12.84	--	146	187464	买盘
13:53:13	12.84	-0.01	9	11556	卖盘
13:53:08	12.85	--	78	100230	买盘
13:53:03	12.85	0.01	307	394495	买盘
13:52:58	12.84	-0.02	63	80892	卖盘
13:52:53	12.86	--	118	151748	买盘
13:52:48	12.86	0.01	47	60442	买盘
13:52:43	12.85	-0.01	137	176045	卖盘
13:52:38	12.86	-0.01	47	60442	卖盘
13:52:33	12.87	-0.01	194	249677	卖盘
13:52:28	12.88	--	40	51520	买盘
13:52:23	12.88	--	76	97888	买盘
13:52:18	12.88	-0.01	206	265328	卖盘
13:52:13	12.89	-0.01	187	241043	卖盘
13:52:07	12.9	--	9	11610	买盘
13:52:03	12.9	--	175	225750	买盘
13:51:58	12.9	-0.02	335	432150	卖盘
13:51:52	12.92	--	363	468996	买盘
13:51:48	12.92	0.02	266	343672	买盘
13:51:43	12.9	-0.02	94	121260	卖盘
13:51:37	12.92	--	389	502588	买盘
13:51:33	12.92	-0.01	211	272612	卖盘
13:51:28	12.93	0.01	308	398244	买盘
13:51:22	12.92	-0.02	113	145996	卖盘
13:51:18	12.94	0.01	308	398552	中性盘
13:51:13	12.93	-0.01	714	923202	卖盘
13:51:07	12.94	--	55	71170	买盘
13:51:03	12.94	0.04	799	1033906	买盘
13:50:58	12.9	-0.03	460	593400	卖盘
13:50:52	12.93	-0.01	110	142230	中性盘
13:50:48	12.94	--	621	803574	买盘
13:50:43	12.94	--	432	559008	买盘
13:50:37	12.94	-0.01	306	395964	卖盘
13:50:33	12.95	--	769	995855	买盘
13:50:28	12.95	0.02	1297	1679615	买盘
13:50:22	12.93	-0.01	253	327129	卖盘
13:50:18	12.94	0.01	333	430902	买盘
13:50:13	12.93	0.01	1076	1391268	买盘
13:50:07	12.92	-0.01	90	116280	卖盘
13:50:03	12.93	--	443	572799	卖盘
13:49:57	12.93	--	1023	1322739	卖盘
13:49:52	12.93	0.01	1585	2049405	买盘
13:49:47	12.92	0.02	426	550392	卖盘
13:49:42	12.9	-0.01	2324	2997960	卖盘
13:49:37	12.91	--	539	695849	买盘
13:49:32	12.91	-0.01	196	253036	卖盘
13:49:27	12.92	--	668	863056	买盘
13:49:22	12.92	0.01	111	143412	买盘
13:49:17	12.91	0.02	143	184613	买盘
13:49:12	12.89	-0.03	134	172726	卖盘
13:49:07	12.92	--	94	121448	卖盘
13:49:02	12.92	0.05	2048	2646016	买盘
13:48:57	12.87	--	266	342342	买盘
13:48:52	12.87	-0.01	130	167310	卖盘
13:48:47	12.88	--	241	310408	买盘
13:48:42	12.88	--	712	917056	卖盘
13:48:37	12.88	-0.02	1102	1419376	卖盘
13:48:32	12.9	0.01	692	892680	买盘
13:48:27	12.89	--	282	363498	买盘
13:48:22	12.89	--	472	608408	卖盘
13:48:17	12.89	--	824	1062136	卖盘
13:48:12	12.89	--	1665	2146185	买盘
13:48:07	12.89	0.02	719	926791	买盘
13:48:02	12.87	0.01	1276	1642212	卖盘
13:47:57	12.86	--	1436	1846696	卖盘
13:47:52	12.86	-0.01	277	356222	卖盘
13:47:47	12.87	0.01	210	270270	买盘
13:47:42	12.86	--	451	579986	买盘
13:47:37	12.86	0.03	164	211071	买盘
13:47:32	12.83	-0.03	571	733709	卖盘
13:47:27	12.86	0.03	1173	1508478	买盘
13:47:22	12.83	--	506	649198	买盘
13:47:17	12.83	0.03	19	24377	买盘
13:47:12	12.8	--	891	1140646	买盘
13:47:07	12.8	--	1439	1841920	买盘
13:47:02	12.8	0.03	966	1236480	买盘
13:46:57	12.77	-0.03	211	269447	卖盘
13:46:52	12.8	-0.01	188	241228	卖盘
13:46:47	12.81	0.06	1834	2350045	买盘
13:46:42	12.75	-0.01	681	868275	卖盘
13:46:37	12.76	--	187	238612	买盘
13:46:32	12.76	--	1238	1579688	买盘
13:46:27	12.76	0.01	166	211816	买盘
13:46:22	12.75	--	159	202725	卖盘
13:46:17	12.75	0.01	1157	1475226	买盘
13:46:12	12.74	-0.01	876	1116024	卖盘
13:46:07	12.75	0.01	189	240975	买盘
13:46:02	12.74	-0.01	354	450996	卖盘
13:45:57	12.75	0.01	395	503625	买盘
13:45:52	12.74	--	722	919828	买盘
13:45:47	12.74	--	279	355446	买盘
13:45:42	12.74	--	653	831922	买盘
13:45:37	12.74	--	162	206388	买盘
13:45:32	12.74	0.01	744	947856	买盘
13:45:27	12.73	--	421	535933	卖盘
13:45:22	12.73	--	583	742159	卖盘
13:45:17	12.73	--	283	360259	买盘
13:45:12	12.73	-0.02	492	626316	卖盘
13:45:07	12.75	0.01	1856	2366400	买盘
13:45:01	12.74	--	273	347802	买盘
13:44:57	12.74	0.01	2350	2993900	买盘
13:44:52	12.73	-0.02	634	807082	卖盘
13:44:46	12.75	--	329	419475	买盘
13:44:42	12.75	-0.01	2701	3444999	卖盘
13:44:37	12.76	--	2514	3208336	买盘
13:44:31	12.76	--	1172	1495472	买盘
13:44:27	12.76	--	2181	2783172	买盘
13:44:22	12.76	--	541	690316	买盘
13:44:16	12.76	-0.03	600	765600	卖盘
13:44:12	12.79	--	40	51160	买盘
13:44:07	12.79	0.02	798	1020641	买盘
13:44:01	12.77	0.01	406	518462	买盘
13:43:57	12.76	0.01	183	233508	买盘
13:43:52	12.75	--	213	272620	卖盘
13:43:46	12.75	--	84	107100	卖盘
13:43:42	12.75	0.01	815	1039992	买盘
13:43:37	12.74	0.03	2072	2639728	买盘
13:43:31	12.71	--	119	151249	卖盘
13:43:27	12.71	0.01	1314	1671009	买盘
13:43:22	12.7	--	557	707390	卖盘
13:43:16	12.7	-0.01	246	312420	卖盘
13:43:12	12.71	-0.02	638	810898	卖盘
13:43:07	12.73	-0.01	180	229140	卖盘
13:43:01	12.74	--	5	6370	买盘
13:42:57	12.74	0.01	169	215306	中性盘
13:42:51	12.73	-0.02	406	516838	卖盘
13:42:46	12.75	-0.01	422	538458	卖盘
13:42:42	12.76	--	1149	1466124	买盘
13:42:36	12.76	-0.02	195	248820	中性盘
13:42:31	12.78	0.02	165	210870	买盘
13:42:26	12.76	-0.01	870	1110120	卖盘
13:42:21	12.77	-0.02	93	118761	中性盘
13:42:16	12.79	--	1074	1373646	卖盘
13:42:11	12.79	--	481	615199	卖盘
13:42:06	12.79	--	682	872278	卖盘
13:42:01	12.79	0.02	3507	4485453	买盘
13:41:56	12.77	--	326	416302	买盘
13:41:51	12.77	-0.01	593	757261	中性盘
13:41:46	12.78	--	1015	1298345	买盘
13:41:41	12.78	--	321	410238	买盘
13:41:36	12.78	-0.02	953	1218905	卖盘
13:41:31	12.8	0.01	58	74240	买盘
13:41:26	12.79	-0.01	137	175223	卖盘
13:41:21	12.8	-0.02	1748	2237440	卖盘
13:41:16	12.82	--	2643	3388326	买盘
13:41:11	12.82	-0.02	785	1006370	卖盘
13:41:06	12.84	--	240	308160	买盘
13:41:01	12.84	-0.01	1	1284	中性盘
13:40:56	12.85	--	77	98945	买盘
13:40:51	12.85	-0.01	401	515285	买盘
13:40:46	12.86	-0.01	2647	3404042	卖盘
13:40:41	12.87	0.01	910	1171170	买盘
13:40:36	12.86	0.01	984	1265424	买盘
13:40:31	12.85	--	227	291695	买盘
13:40:26	12.85	-0.01	127	163195	卖盘
13:40:21	12.86	--	191	245626	买盘
13:40:16	12.86	0.01	595	765170	买盘
13:40:11	12.85	-0.03	38	48830	卖盘
13:40:06	12.88	--	219	282072	买盘
13:40:01	12.88	0.04	191	246008	买盘
13:39:56	12.84	-0.02	1381	1773794	卖盘
13:39:51	12.86	-0.02	461	592846	卖盘
13:39:46	12.88	--	47	60536	买盘
13:39:41	12.88	--	58	74704	买盘
13:39:36	12.88	-0.01	159	204792	卖盘
13:39:31	12.89	0.04	176	227560	买盘
13:39:26	12.85	-0.01	501	644376	卖盘
13:39:21	12.86	-0.02	289	371654	卖盘
13:39:16	12.88	--	1	1288	买盘
13:39:11	12.88	0.02	158	203504	买盘
13:39:06	12.86	--	39	50154	卖盘
13:39:01	12.86	0.01	24	30864	中性盘
13:38:56	12.85	-0.01	3179	4085015	卖盘
13:38:51	12.86	--	78	100308	买盘
13:38:46	12.86	-0.04	619	796034	卖盘
13:38:41	12.9	0.01	108	139320	买盘
13:38:35	12.89	-0.01	94	121166	买盘
13:38:31	12.9	0.02	102	131580	买盘
13:38:26	12.88	-0.02	100	128800	中性盘
13:38:21	12.9	0.01	227	292830	买盘
13:38:16	12.89	0.03	8	10312	中性盘
13:38:11	12.86	-0.05	133	171346	卖盘
13:38:06	12.91	0.01	51	66822	买盘
13:38:01	12.9	-0.03	186	240249	卖盘
13:37:56	12.93	0.03	1498	1937896	买盘
13:37:51	12.9	-0.03	2073	2674479	卖盘
13:37:46	12.93	-0.01	95	122835	卖盘
13:37:40	12.94	0.01	1669	2159686	买盘
13:37:36	12.93	0.03	138	178434	卖盘
13:37:31	12.9	-0.05	1151	1484790	卖盘
13:37:25	12.95	0.02	305	394975	买盘
13:37:20	12.93	-0.04	2139	2765727	卖盘
13:37:16	12.97	-0.01	120	155640	卖盘
13:37:10	12.98	0.01	27	35046	买盘
13:37:06	12.97	--	765	992827	买盘
13:37:01	12.97	0.02	174	226041	买盘
13:36:55	12.95	--	40	51800	买盘
13:36:51	12.95	0.02	558	722610	买盘
13:36:46	12.93	0.01	314	406002	买盘
13:36:40	12.92	-0.01	243	313956	卖盘
13:36:36	12.93	0.02	283	365919	买盘
13:36:31	12.91	0.01	539	695849	买盘
13:36:25	12.9	--	59	76110	卖盘
13:36:21	12.9	--	618	797220	卖盘
13:36:16	12.9	0.02	1668	2151720	买盘
13:36:10	12.88	0.01	97	124936	买盘
13:36:06	12.87	--	112	144144	卖盘
13:36:01	12.87	0.01	200	257399	中性盘
13:35:55	12.86	0.01	299	384514	买盘
13:35:51	12.85	--	83	107348	卖盘
13:35:45	12.85	0.01	733	941905	买盘
13:35:40	12.84	--	83	106572	买盘
13:35:35	12.84	--	214	274776	买盘
13:35:30	12.84	--	2815	3614460	卖盘
13:35:25	12.84	-0.01	42	53928	卖盘
13:35:20	12.85	--	286	367510	买盘
13:35:15	12.85	0.01	294	377790	买盘
13:35:10	12.84	--	585	751140	买盘
13:35:05	12.84	-0.02	357	458388	卖盘
13:35:00	12.86	0.02	959	1233274	买盘
13:34:55	12.84	-0.01	64	82176	卖盘
13:34:50	12.85	--	402	516570	买盘
13:34:45	12.85	-0.01	791	1016435	中性盘
13:34:40	12.86	--	25	32150	买盘
13:34:35	12.86	0.02	182	234052	买盘
13:34:30	12.84	-0.01	240	308160	卖盘
13:34:25	12.85	0.02	23	29555	买盘
13:34:20	12.83	-0.06	129	165507	中性盘
13:34:15	12.89	0.08	406	523334	买盘
13:34:10	12.81	-0.07	74	94794	卖盘
13:34:05	12.88	0.03	1109	1428392	买盘
13:34:00	12.85	0.05	39	50115	买盘
13:33:55	12.8	-0.1	270	345600	卖盘
13:33:50	12.9	0.1	409	527610	买盘
13:33:45	12.8	-0.1	180	230400	卖盘
13:33:40	12.9	--	230	296700	买盘
13:33:35	12.9	0.1	497	641130	买盘
13:33:30	12.8	--	869	1112320	卖盘
13:33:25	12.8	0.02	281	359680	买盘
13:33:20	12.78	0.01	527	673506	买盘
13:33:15	12.77	-0.01	558	712566	卖盘
13:33:10	12.78	-0.01	311	397458	中性盘
13:33:05	12.79	-0.01	3602	4606958	卖盘
13:33:00	12.8	--	133	170240	买盘
13:32:55	12.8	-0.01	123	157440	卖盘
13:32:50	12.81	-0.04	1709	2189229	卖盘
13:32:45	12.85	-0.03	157	201745	中性盘
13:32:40	12.88	0.03	609	784392	买盘
13:32:35	12.85	-0.05	380	488300	卖盘
13:32:30	12.9	--	334	430860	买盘
13:32:25	12.9	0.01	36	46440	买盘
13:32:20	12.89	-0.04	288	371232	卖盘
13:32:15	12.93	-0.01	1856	2399808	中性盘
13:32:10	12.94	-0.01	1135	1468690	中性盘
13:32:05	12.95	--	322	416990	买盘
13:32:00	12.95	--	452	585340	买盘
13:31:55	12.95	-0.02	94	122662	卖盘
13:31:50	12.97	0.02	341	442277	买盘
13:31:45	12.95	-0.02	461	596995	卖盘
13:31:40	12.97	0.02	1086	1408542	买盘
13:31:35	12.95	-0.02	309	400155	卖盘
13:31:30	12.97	0.01	878	1138766	买盘
13:31:25	12.96	-0.01	39	50544	卖盘
13:31:20	12.97	--	461	597917	买盘
13:31:15	12.97	-0.02	1180	1530460	卖盘
13:31:10	12.99	--	796	1034004	买盘
13:31:05	12.99	--	643	835257	买盘
13:31:00	12.99	-0.01	527	684573	卖盘
13:30:55	13.0	0.01	811	1054300	买盘
13:30:50	12.99	--	452	587148	卖盘
13:30:45	12.99	--	258	335142	卖盘
13:30:40	12.99	0.01	432	561168	买盘
13:30:34	12.98	--	228	295944	卖盘
13:30:30	12.98	--	560	726880	买盘
13:30:25	12.98	0.01	227	294646	买盘
13:30:19	12.97	--	22	28534	卖盘
13:30:15	12.97	0.02	141	183240	买盘
13:30:10	12.95	-0.01	337	436415	卖盘
13:30:04	12.96	0.01	1123	1455408	中性盘
13:30:00	12.95	--	730	945350	卖盘
13:29:55	12.95	--	240	310800	卖盘
13:29:49	12.95	-0.01	97	125615	卖盘
13:29:44	12.96	0.01	224	290304	买盘
13:29:40	12.95	--	1723	2231285	买盘
13:29:34	12.95	--	80	103600	买盘
13:29:30	12.95	-0.01	524	679512	卖盘
13:29:25	12.96	-0.04	1666	2159136	卖盘
13:29:19	13.0	-0.05	254	330200	卖盘
13:29:14	13.05	0.05	1072	1398960	买盘
13:29:10	13.0	-0.03	731	950300	卖盘
13:29:04	13.03	0.01	729	949887	买盘
13:28:59	13.02	-0.03	989	1287678	卖盘
13:28:55	13.05	0.05	408	532440	买盘
13:28:49	13.0	-0.01	2471	3212300	卖盘
13:28:45	13.01	-0.01	184	239384	卖盘
13:28:39	13.02	--	532	692664	卖盘
13:28:34	13.02	-0.01	184	239568	卖盘
13:28:30	13.03	0.03	1287	1676961	买盘
13:28:24	13.0	--	455	591500	卖盘
13:28:19	13.0	0.01	314	408200	买盘
13:28:14	12.99	0.01	381	495984	卖盘
13:28:09	12.98	--	3472	4506656	卖盘
13:28:04	12.98	-0.02	1099	1426502	卖盘
13:27:59	13.0	--	2191	2848898	买盘
13:27:54	13.0	0.01	1667	2167100	买盘
13:27:49	12.99	0.03	622	807978	买盘
13:27:44	12.96	-0.02	423	548208	卖盘
13:27:39	12.98	--	581	754138	卖盘
13:27:34	12.98	-0.02	512	664576	中性盘
13:27:29	13.0	0.04	867	1127100	买盘
13:27:24	12.96	--	649	841104	买盘
13:27:19	12.96	-0.05	1427	1849392	卖盘
13:27:14	13.01	-0.03	743	967241	卖盘
13:27:09	13.04	0.04	448	584896	买盘
13:27:04	13.0	0.01	307	399100	买盘
13:26:59	12.99	-0.01	2077	2698620	卖盘
13:26:54	13.0	0.03	3314	4308902	买盘
13:26:49	12.97	0.04	197	255509	买盘
13:26:44	12.93	-0.04	248	320664	卖盘
13:26:39	12.97	0.06	1727	2239919	买盘
13:26:34	12.91	0.01	521	672611	卖盘
13:26:29	12.9	0.01	1948	2512920	买盘
13:26:24	12.89	-0.01	1928	2485192	卖盘
13:26:19	12.9	--	56	72240	卖盘
13:26:14	12.9	--	819	1056510	买盘
13:26:09	12.9	-0.05	1695	2186550	卖盘
13:26:04	12.95	0.03	632	818440	买盘
13:25:59	12.92	--	428	552976	卖盘
13:25:54	12.92	-0.06	403	520676	卖盘
13:25:49	12.98	0.06	261	338778	买盘
13:25:44	12.92	-0.05	517	667964	卖盘
13:25:39	12.97	-0.03	2523	3272797	卖盘
13:25:34	13.0	0.01	463	602732	买盘
13:25:29	12.99	--	4576	5944224	买盘
13:25:24	12.99	-0.03	1495	1942472	卖盘
13:25:19	13.02	0.02	877	1142687	买盘
13:25:14	13.0	--	286	371800	买盘
13:25:08	13.0	-0.05	1703	2214368	卖盘
13:25:04	13.05	--	170	221850	买盘
13:24:59	13.05	--	2570	3353850	买盘
13:24:54	13.05	-0.01	903	1178415	中性盘
13:24:49	13.06	-0.04	590	770540	中性盘
13:24:44	13.1	0.02	4121	5398510	买盘
13:24:38	13.08	-0.02	2441	3192828	卖盘
13:24:34	13.1	0.02	424	556278	买盘
13:24:29	13.08	-0.02	1541	2015628	卖盘
13:24:24	13.1	--	1687	2209970	卖盘
13:24:19	13.1	--	322	421820	卖盘
13:24:14	13.1	--	513	672030	卖盘
13:24:09	13.1	0.02	1106	1448860	买盘
13:24:04	13.08	0.03	363	474804	买盘
13:23:59	13.05	0.01	366	477630	中性盘
13:23:54	13.04	-0.04	1130	1473520	卖盘
13:23:49	13.08	0.05	766	1001928	中性盘
13:23:43	13.03	0.02	4991	6503273	买盘
13:23:39	13.01	--	455	591955	卖盘
13:23:34	13.01	-0.18	96	125364	卖盘
13:23:28	13.19	0.16	2622	3458418	买盘
13:23:24	13.03	-0.19	4876	6354131	卖盘
13:23:19	13.22	--	27469	36314018	卖盘
13:23:13	13.22	--	11958	15808476	卖盘
13:23:08	13.22	--	4160	5499652	卖盘
13:23:04	13.22	--	16308	21559176	卖盘
13:22:58	13.22	--	694	917468	卖盘
13:22:54	13.22	--	147	194334	卖盘
13:22:49	13.22	--	120	158640	卖盘
13:22:43	13.22	--	31	40982	卖盘
13:22:38	13.22	--	29	38338	卖盘
13:22:34	13.22	--	9	11898	卖盘
13:22:28	13.22	--	12	15864	卖盘
13:22:24	13.22	--	85	112370	卖盘
13:22:19	13.22	--	135	178470	卖盘
13:22:13	13.22	--	24	31728	卖盘
13:22:09	13.22	--	48	63456	卖盘
13:22:04	13.22	--	121	159962	卖盘
13:21:58	13.22	--	79	104438	卖盘
13:21:54	13.22	--	143	189046	卖盘
13:21:48	13.22	--	55	72710	卖盘
13:21:43	13.22	--	1	1322	卖盘
13:21:39	13.22	--	30	39660	卖盘
13:21:33	13.22	--	210	277620	卖盘
13:21:28	13.22	--	203	268366	卖盘
13:21:23	13.22	--	25	33050	卖盘
13:21:18	13.22	--	30	39660	卖盘
13:21:13	13.22	--	62	81964	卖盘
13:21:08	13.22	--	31	40982	卖盘
13:21:03	13.22	--	23	30406	卖盘
13:20:58	13.22	--	60	79320	卖盘
13:20:53	13.22	--	41	54202	卖盘
13:20:48	13.22	--	30	39660	卖盘
13:20:43	13.22	--	150	198300	卖盘
13:20:38	13.22	--	11	14542	卖盘
13:20:33	13.22	--	289	382058	卖盘
13:20:28	13.22	--	18	23796	卖盘
13:20:23	13.22	--	51	67422	卖盘
13:20:18	13.22	--	4	5288	卖盘
13:20:13	13.22	--	5	6610	卖盘
13:20:08	13.22	--	157	207554	卖盘
13:20:03	13.22	--	197	260434	卖盘
13:19:58	13.22	--	8	10576	卖盘
13:19:53	13.22	--	109	144098	卖盘
13:19:48	13.22	--	5	6610	卖盘
13:19:43	13.22	--	13	17186	卖盘
13:19:38	13.22	--	13	17186	卖盘
13:19:33	13.22	--	8	10576	卖盘
13:19:28	13.22	--	5	6610	卖盘
13:19:23	13.22	--	18	23796	卖盘
13:19:18	13.22	--	2	2644	卖盘
13:19:13	13.22	--	35	46270	卖盘
13:19:08	13.22	--	9	11898	卖盘
13:19:03	13.22	--	35	46270	卖盘
13:18:48	13.22	--	8	10576	卖盘
13:18:43	13.22	--	3	3966	卖盘
13:18:38	13.22	--	19	25118	卖盘
13:18:33	13.22	--	20	26440	卖盘
13:18:28	13.22	--	5	6610	卖盘
13:18:23	13.22	--	3	3966	卖盘
13:18:18	13.22	--	6	7932	卖盘
13:18:13	13.22	--	3	3966	卖盘
13:18:03	13.22	--	38	50236	卖盘
13:17:58	13.22	--	38	51293	卖盘
13:17:53	13.22	--	103	136166	卖盘
13:17:48	13.22	--	2	2644	卖盘
13:17:43	13.22	--	4	5288	卖盘
13:17:38	13.22	--	61	80642	卖盘
13:17:33	13.22	--	13	17186	卖盘
13:17:28	13.22	--	8	10576	卖盘
13:17:23	13.22	--	7	9254	卖盘
13:17:18	13.22	--	61	80642	卖盘
13:17:13	13.22	--	5	6610	卖盘
13:17:08	13.22	--	81	107082	卖盘
13:17:03	13.22	--	21	27762	卖盘
13:16:53	13.22	--	35	46270	卖盘
13:16:48	13.22	--	149	196978	卖盘
13:16:43	13.22	--	991	1310102	卖盘
13:16:33	13.22	--	118	155996	卖盘
13:16:28	13.22	--	2	3305	卖盘
13:16:22	13.22	--	22	29084	卖盘
13:16:18	13.22	--	13	17186	卖盘
13:16:13	13.22	--	2	2644	卖盘
13:16:07	13.22	--	5	6610	卖盘
13:16:03	13.22	--	23	30406	卖盘
13:15:58	13.22	--	14	18508	卖盘
13:15:52	13.22	--	39	51558	卖盘
13:15:48	13.22	--	20	26440	卖盘
13:15:43	13.22	--	34	44948	卖盘
13:15:37	13.22	--	1	1322	卖盘
13:15:33	13.22	--	29	38338	卖盘
13:15:28	13.22	--	18	23796	卖盘
13:15:22	13.22	--	10	13220	卖盘
13:15:18	13.22	--	3	3966	卖盘
13:15:13	13.22	--	55	72710	卖盘
13:15:07	13.22	--	113	149386	卖盘
13:15:03	13.22	--	40	52880	卖盘
13:14:58	13.22	--	3	3966	卖盘
13:14:52	13.22	--	10	13220	卖盘
13:14:48	13.22	--	6	7932	卖盘
13:14:42	13.22	--	62	81964	卖盘
13:14:32	13.22	--	51	67422	卖盘
13:14:27	13.22	--	54	71388	卖盘
13:14:22	13.22	--	102	134844	卖盘
13:14:17	13.22	--	19	25118	卖盘
13:14:12	13.22	--	26	34372	卖盘
13:14:07	13.22	--	9	11898	卖盘
13:14:02	13.22	--	15	19830	卖盘
13:13:57	13.22	--	60	79320	卖盘
13:13:52	13.22	--	22	29084	卖盘
13:13:47	13.22	--	23	30406	卖盘
13:13:42	13.22	--	11	14542	卖盘
13:13:37	13.22	--	2	2644	卖盘
13:13:32	13.22	--	12	15864	卖盘
13:13:27	13.22	--	150	198300	卖盘
13:13:22	13.22	--	190	251180	卖盘
13:13:17	13.22	--	100	132200	卖盘
13:13:12	13.22	--	40	52880	卖盘
13:13:02	13.22	--	17	22474	卖盘
13:12:57	13.22	--	5	6610	卖盘
13:12:42	13.22	--	5	6610	卖盘
13:12:37	13.22	--	7	9254	卖盘
13:12:32	13.22	--	21	27762	卖盘
13:12:27	13.22	--	123	162606	卖盘
13:12:17	13.22	--	12	15864	卖盘
13:12:12	13.22	--	11	14542	卖盘
13:12:07	13.22	--	10	13220	卖盘
13:12:02	13.22	--	10	13220	卖盘
13:11:57	13.22	--	49	64778	卖盘
13:11:52	13.22	--	15	19830	卖盘
13:11:47	13.22	--	39	51558	卖盘
13:11:42	13.22	--	1	1322	卖盘
13:11:37	13.22	--	34	44948	卖盘
13:11:32	13.22	--	14	18508	卖盘
13:11:27	13.22	--	25	33050	卖盘
13:11:22	13.22	--	7	9254	卖盘
13:11:17	13.22	--	28	37016	卖盘
13:11:12	13.22	--	40	52880	卖盘
13:11:07	13.22	--	2	2644	卖盘
13:11:01	13.22	--	15	19830	卖盘
13:10:57	13.22	--	22	29084	卖盘
13:10:52	13.22	--	1	1322	卖盘
13:10:46	13.22	--	5	6610	卖盘
13:10:42	13.22	--	3	3966	卖盘
13:10:32	13.22	--	12	15864	卖盘
13:10:27	13.22	--	3	3966	卖盘
13:10:12	13.22	--	2	2644	卖盘
13:10:02	13.22	--	19	25118	卖盘
13:09:52	13.22	--	52	68744	卖盘
13:09:47	13.22	--	4	5288	卖盘
13:09:42	13.22	--	43	56846	卖盘
13:09:37	13.22	--	8	10576	卖盘
13:09:32	13.22	--	11	14542	卖盘
13:09:27	13.22	--	13	17186	卖盘
13:09:16	13.22	--	20	26440	卖盘
13:09:12	13.22	--	19	25118	卖盘
13:09:07	13.22	--	20	26440	卖盘
13:08:57	13.22	--	121	159962	卖盘
13:08:52	13.22	--	11	14542	卖盘
13:08:42	13.22	--	7	9254	卖盘
13:08:37	13.22	--	10	13220	卖盘
13:08:31	13.22	--	15	19830	卖盘
13:08:27	13.22	--	17	22474	卖盘
13:08:22	13.22	--	8	11237	卖盘
13:08:16	13.22	--	6	7932	卖盘
13:08:12	13.22	--	76	100472	卖盘
13:08:07	13.22	--	5	6610	卖盘
13:08:01	13.22	--	101	133522	卖盘
13:07:56	13.22	--	25	33050	卖盘
13:07:42	13.22	--	19	25118	卖盘
13:07:36	13.22	--	1	1322	卖盘
13:07:31	13.22	--	13	17186	卖盘
13:07:26	13.22	--	14	18508	卖盘
13:07:21	13.22	--	3	3966	卖盘
13:07:16	13.22	--	107	141454	卖盘
13:07:11	13.22	--	30	39660	卖盘
13:07:06	13.22	--	3	3966	卖盘
13:07:01	13.22	--	1	1322	卖盘
13:06:56	13.22	--	128	169216	卖盘
13:06:51	13.22	--	31	40982	卖盘
13:06:41	13.22	--	33	43626	卖盘
13:06:36	13.22	--	25	33050	卖盘
13:06:31	13.22	--	3	3966	卖盘
13:06:26	13.22	--	146	193012	卖盘
13:06:21	13.22	--	34	44948	卖盘
13:06:06	13.22	--	11	14542	卖盘
13:06:01	13.22	--	2	2644	卖盘
13:05:56	13.22	--	11	14542	卖盘
13:05:51	13.22	--	79	104438	卖盘
13:05:46	13.22	--	1	1322	卖盘
13:05:41	13.22	--	1	1322	卖盘
13:05:36	13.22	--	12	15864	卖盘
13:05:31	13.22	--	18	23796	卖盘
13:05:26	13.22	--	18	23796	卖盘
13:05:21	13.22	--	13	17186	卖盘
13:05:11	13.22	--	50	66100	卖盘
13:05:06	13.22	--	96	126912	卖盘
13:05:01	13.22	--	10	13220	卖盘
13:04:56	13.22	--	1	1322	卖盘
13:04:51	13.22	--	32	42304	卖盘
13:04:46	13.22	--	42	55524	卖盘
13:04:41	13.22	--	24	31728	卖盘
13:04:36	13.22	--	11	14542	卖盘
13:04:26	13.22	--	70	92540	卖盘
13:04:21	13.22	--	6	7932	卖盘
13:04:16	13.22	--	7	9254	卖盘
13:04:11	13.22	--	36	47592	卖盘
13:04:06	13.22	--	49	64778	卖盘
13:03:56	13.22	--	177	233994	卖盘
13:03:50	13.22	--	75	99150	卖盘
13:03:41	13.22	--	49	64778	卖盘
13:03:36	13.22	--	54	71388	卖盘
13:03:31	13.22	--	50	66100	卖盘
13:03:26	13.22	--	28	37016	卖盘
13:03:21	13.22	--	24	31728	卖盘
13:03:16	13.22	--	18	23796	卖盘
13:03:11	13.22	--	374	494428	卖盘
13:03:06	13.22	--	141	186402	卖盘
13:03:01	13.22	--	76	100472	卖盘
13:02:56	13.22	--	104	137488	卖盘
13:02:51	13.22	--	2	2644	卖盘
13:02:41	13.22	--	59	77998	卖盘
13:02:35	13.22	--	98	129556	卖盘
13:02:31	13.22	--	132	174504	卖盘
13:02:26	13.22	--	1	1322	卖盘
13:02:21	13.22	--	30	39660	卖盘
13:02:16	13.22	--	144	190368	卖盘
13:02:10	13.22	--	9	11898	卖盘
13:02:06	13.22	--	229	302738	卖盘
13:02:01	13.22	--	27	36222	卖盘
13:01:55	13.22	--	15	19830	卖盘
13:01:50	13.22	--	9	11898	卖盘
13:01:46	13.22	--	12	15864	卖盘
13:01:40	13.22	--	18	23796	卖盘
13:01:36	13.22	--	506	668932	卖盘
13:01:31	13.22	--	10	13220	卖盘
13:01:21	13.22	--	351	464022	卖盘
13:01:16	13.22	--	7	9254	卖盘
13:01:10	13.22	--	15	19830	卖盘
13:01:06	13.22	--	78	103116	卖盘
13:01:01	13.22	--	32	42304	卖盘
13:00:55	13.22	--	1	1322	卖盘
13:00:51	13.22	--	94	124268	卖盘
13:00:46	13.22	--	66	87252	卖盘
13:00:40	13.22	--	4	5288	卖盘
13:00:36	13.22	--	87	115014	卖盘
13:00:31	13.22	--	36	47592	卖盘
13:00:25	13.22	--	51	67422	卖盘
13:00:19	13.22	--	16	21152	卖盘
13:00:15	13.22	--	64	84608	卖盘
13:00:10	13.22	--	170	224740	卖盘
13:00:06	13.22	--	10884	14389560	卖盘
11:30:00	13.22	--	0	0	卖盘
11:29:59	13.22	--	10	13220	卖盘
11:29:59	13.22	--	24	31728	卖盘
11:29:57	13.22	--	13	17186	卖盘
11:29:51	13.22	--	23	30406	卖盘
11:29:46	13.22	--	24	31728	卖盘
11:29:42	13.22	--	97	128234	卖盘
11:29:36	13.22	--	11	14542	卖盘
11:29:31	13.22	--	149	196978	卖盘
11:29:27	13.22	--	105	138810	卖盘
11:29:21	13.22	--	23	30406	卖盘
11:29:16	13.22	--	91	120302	卖盘
11:29:12	13.22	--	67	88574	卖盘
11:29:06	13.22	--	50	66100	卖盘
11:29:01	13.22	--	13	17186	卖盘
11:28:57	13.22	--	144	190368	卖盘
11:28:51	13.22	--	11	14542	卖盘
11:28:46	13.22	--	361	477242	卖盘
11:28:42	13.22	--	54	71388	卖盘
11:28:36	13.22	--	107	141454	卖盘
11:28:31	13.22	--	40	53541	卖盘
11:28:27	13.22	--	46	60812	卖盘
11:28:21	13.22	--	38	50236	卖盘
11:28:16	13.22	--	38	50236	卖盘
11:28:12	13.22	--	50	66100	卖盘
11:28:06	13.22	--	73	96506	卖盘
11:28:01	13.22	--	215	284230	卖盘
11:27:57	13.22	--	93	122946	卖盘
11:27:51	13.22	--	11	14542	卖盘
11:27:46	13.22	--	50	66100	卖盘
11:27:42	13.22	--	121	159962	卖盘
11:27:36	13.22	--	176	232672	卖盘
11:27:31	13.22	--	308	407176	卖盘
11:27:27	13.22	--	162	214164	卖盘
11:27:21	13.22	--	86	113692	卖盘
11:27:16	13.22	--	344	454768	卖盘
11:27:12	13.22	--	235	310670	卖盘
11:27:06	13.22	--	102	134844	卖盘
11:27:01	13.22	--	65	85930	卖盘
11:26:57	13.22	--	353	466666	卖盘
11:26:51	13.22	--	2	2644	卖盘
11:26:46	13.22	--	69	91218	卖盘
11:26:41	13.22	--	90	119508	卖盘
11:26:36	13.22	--	209	276298	卖盘
11:26:31	13.22	--	154	203588	卖盘
11:26:26	13.22	--	477	630594	卖盘
11:26:21	13.22	--	29	38338	卖盘
11:26:16	13.22	--	56	74032	卖盘
11:26:11	13.22	--	89	117658	卖盘
11:26:06	13.22	--	225	297450	卖盘
11:26:01	13.22	--	261	345042	卖盘
11:25:56	13.22	--	89	117658	卖盘
11:25:51	13.22	--	89	117658	卖盘
11:25:46	13.22	--	396	523512	卖盘
11:25:41	13.22	--	72	95184	卖盘
11:25:36	13.22	--	29	38338	卖盘
11:25:31	13.22	--	184	243248	卖盘
11:25:26	13.22	--	311	411142	卖盘
11:25:21	13.22	--	31	40982	卖盘
11:25:16	13.22	--	59	77998	卖盘
11:25:11	13.22	--	268	354296	卖盘
11:25:06	13.22	--	55	72710	卖盘
11:25:01	13.22	--	42	55524	卖盘
11:24:56	13.22	--	273	360906	卖盘
11:24:51	13.22	--	230	304060	卖盘
11:24:45	13.22	--	106	140132	卖盘
11:24:41	13.22	--	227	300094	卖盘
11:24:36	13.22	--	136	179792	卖盘
11:24:30	13.22	--	402	531444	卖盘
11:24:26	13.22	--	73	96506	卖盘
11:24:21	13.22	--	241	318602	卖盘
11:24:15	13.22	--	1861	2460242	卖盘
11:24:11	13.22	--	382	505004	卖盘
11:24:06	13.22	--	252	334201	卖盘
11:24:00	13.22	--	104	137488	卖盘
11:23:55	13.22	--	687	908214	卖盘
11:23:51	13.22	--	690	912180	卖盘
11:23:45	13.22	--	105	138810	卖盘
11:23:40	13.22	--	309	408498	卖盘
11:23:36	13.22	--	118	155996	卖盘
11:23:30	13.22	--	146	193012	卖盘
11:23:25	13.22	--	611	807742	卖盘
11:23:21	13.22	--	639	844758	卖盘
11:23:15	13.22	--	173	228706	卖盘
11:23:10	13.22	--	73	96506	卖盘
11:23:06	13.22	--	115	152030	卖盘
11:23:00	13.22	--	141	186402	卖盘
11:22:55	13.22	--	767	1013974	卖盘
11:22:51	13.22	--	1437	1899714	卖盘
11:22:45	13.22	--	342	452322	卖盘
11:22:40	13.22	--	1312	1734464	卖盘
11:22:36	13.22	--	482	637204	卖盘
11:22:30	13.22	--	113	149386	卖盘
11:22:25	13.22	--	1255	1659110	卖盘
11:22:21	13.22	--	584	772801	卖盘
11:22:15	13.22	--	94	124268	卖盘
11:22:10	13.22	--	1128	1491216	卖盘
11:22:06	13.22	--	910	1203020	卖盘
11:22:00	13.22	--	190	251180	卖盘
11:21:55	13.22	--	1912	2527664	卖盘
11:21:51	13.22	--	1571	2076875	卖盘
11:21:45	13.22	--	1168	1544096	卖盘
11:21:40	13.22	--	1624	2146928	卖盘
11:21:36	13.22	--	3655	4831910	卖盘
11:21:30	13.22	--	3331	4403582	卖盘
11:21:25	13.22	--	15436	20406392	卖盘
11:21:21	13.22	--	7852	10380344	卖盘
11:21:15	13.22	--	1773	2343906	卖盘
11:21:10	13.22	--	16087	21267014	卖盘
11:21:05	13.22	--	6964	9206408	卖盘
11:21:00	13.22	--	3071	4059862	卖盘
11:20:55	13.22	--	12358	16337276	卖盘
11:20:51	13.22	--	8088	10692336	卖盘
11:20:45	13.22	0.12	40131	53054173	卖盘
11:20:40	13.1	0.01	25226	33046322	买盘
11:20:36	13.09	0.02	778	1018402	买盘
11:20:30	13.07	-0.01	3707	4845049	中性盘
11:20:25	13.08	0.05	1442	1887012	买盘
11:20:20	13.03	0.05	7624	9934710	买盘
11:20:15	12.98	0.01	3897	5058306	中性盘
11:20:10	12.97	-0.01	5252	6811844	卖盘
11:20:05	12.98	0.03	4062	5272476	买盘
11:20:00	12.95	-0.01	157	203315	卖盘
11:19:55	12.96	--	3890	5041440	买盘
11:19:50	12.96	--	5107	6618672	买盘
11:19:45	12.96	0.01	284	368064	买盘
11:19:40	12.95	-0.01	1123	1454285	中性盘
11:19:35	12.96	0.01	2951	3824496	买盘
11:19:30	12.95	0.01	69	89355	中性盘
11:19:25	12.94	--	1351	1748194	卖盘
11:19:20	12.94	0.03	93	120342	买盘
11:19:15	12.91	--	1196	1544036	卖盘
11:19:10	12.91	0.01	93	120063	卖盘
11:19:05	12.9	--	334	430860	卖盘
11:19:00	12.9	-0.01	423	545670	卖盘
11:18:55	12.91	0.02	1733	2237303	买盘
11:18:50	12.89	-0.01	101	130189	卖盘
11:18:45	12.9	--	435	561150	买盘
11:18:40	12.9	--	299	385710	卖盘
11:18:35	12.9	-0.02	202	260580	卖盘
11:18:30	12.92	0.02	234	302328	买盘
11:18:25	12.9	-0.01	959	1237110	卖盘
11:18:20	12.91	0.01	83	107153	中性盘
11:18:15	12.9	--	237	305730	卖盘
11:18:09	12.9	--	70	90300	卖盘
11:18:05	12.9	0.02	111	143190	中性盘
11:18:00	12.88	-0.05	75	96600	卖盘
11:17:54	12.93	--	46	59478	买盘
11:17:50	12.93	0.02	116	149988	买盘
11:17:45	12.91	-0.03	183	236253	中性盘
11:17:39	12.94	0.01	2546	3294524	买盘
11:17:35	12.93	-0.02	122	157746	中性盘
11:17:30	12.95	0.01	1195	1547525	买盘
11:17:24	12.94	--	150	194100	卖盘
11:17:20	12.94	--	666	861804	买盘
11:17:15	12.94	--	1284	1661496	买盘
11:17:09	12.94	-0.01	277	358438	卖盘
11:17:04	12.95	--	4803	6219885	买盘
11:17:00	12.95	--	362	468790	买盘
11:16:54	12.95	--	118	152810	买盘
11:16:49	12.95	0.01	1011	1309245	卖盘
11:16:45	12.94	-0.01	1152	1490688	卖盘
11:16:39	12.95	0.02	116	150220	买盘
11:16:34	12.93	-0.01	3227	4172511	卖盘
11:16:30	12.94	--	337	436078	买盘
11:16:24	12.94	--	248	320912	买盘
11:16:19	12.94	0.01	309	399846	买盘
11:16:15	12.93	-0.02	164	212052	中性盘
11:16:09	12.95	0.03	3489	4518255	买盘
11:16:04	12.92	-0.01	1023	1321716	卖盘
11:16:00	12.93	0.02	504	651672	买盘
11:15:54	12.91	-0.02	146	188486	卖盘
11:15:49	12.93	--	390	504270	买盘
11:15:45	12.93	-0.02	863	1115859	中性盘
11:15:39	12.95	0.02	136	176120	买盘
11:15:34	12.93	-0.03	1520	1965360	卖盘
11:15:30	12.96	0.01	1963	2544048	买盘
11:15:24	12.95	0.02	3259	4220405	买盘
11:15:19	12.93	--	2526	3266118	卖盘
11:15:15	12.93	-0.04	1488	1923984	卖盘
11:15:09	12.97	0.02	1009	1308673	买盘
11:15:04	12.95	-0.02	2905	3761975	卖盘
11:15:00	12.97	--	3177	4120569	买盘
11:14:54	12.97	--	2000	2594000	买盘
11:14:49	12.97	0.07	4725	6128325	中性盘
11:14:45	12.9	-0.02	9569	12345119	中性盘
11:14:39	12.92	0.04	4375	5652500	买盘
11:14:34	12.88	0.05	13966	17988208	买盘
11:14:30	12.83	0.04	1146	1471228	买盘
11:14:24	12.79	-0.01	52	66508	中性盘
11:14:19	12.8	0.05	6295	8057600	买盘
11:14:15	12.75	--	73	93075	卖盘
11:14:09	12.75	-0.02	2	2550	卖盘
11:14:04	12.77	--	193	246461	买盘
11:14:00	12.77	0.05	1022	1305094	买盘
11:13:54	12.72	--	82	104304	卖盘
11:13:49	12.72	0.01	18	22896	卖盘
11:13:45	12.71	-0.01	334	424514	卖盘
11:13:39	12.72	0.01	51	64872	买盘
11:13:34	12.71	-0.01	16	20336	卖盘
11:13:29	12.72	0.01	154	195888	买盘
11:13:24	12.71	0.01	16	20336	卖盘
11:13:19	12.7	0.02	20	25400	买盘
11:13:14	12.68	-0.02	82	103976	卖盘
11:13:09	12.7	--	47	59690	卖盘
11:13:04	12.7	0.02	956	1214120	买盘
11:12:59	12.68	-0.01	10	12680	买盘
11:12:54	12.69	0.01	13	16497	买盘
11:12:49	12.68	-0.01	88	111584	卖盘
11:12:44	12.69	-0.01	1117	1417473	卖盘
11:12:39	12.7	--	15	19050	买盘
11:12:34	12.7	--	390	495300	买盘
11:12:29	12.7	-0.03	2074	2633980	卖盘
11:12:24	12.73	--	35	44555	买盘
11:12:19	12.73	-0.02	1158	1474134	卖盘
11:12:14	12.75	0.01	39	49725	买盘
11:12:09	12.74	-0.01	37	47138	卖盘
11:12:04	12.75	0.01	22	28050	买盘
11:11:59	12.74	--	1036	1319864	买盘
11:11:54	12.74	-0.01	469	597506	卖盘
11:11:49	12.75	0.01	88	112200	卖盘
11:11:44	12.74	-0.01	280	356720	卖盘
11:11:34	12.75	--	360	459000	中性盘
11:11:29	12.75	-0.01	373	475575	卖盘
11:11:24	12.76	--	298	380248	买盘
11:11:18	12.76	--	526	671176	卖盘
11:11:14	12.76	--	354	451704	卖盘
11:11:09	12.76	--	594	757944	卖盘
11:11:03	12.76	--	83	105908	卖盘
11:10:59	12.76	-0.01	98	125048	卖盘
11:10:54	12.77	0.03	270	344790	买盘
11:10:48	12.74	-0.01	70	89180	卖盘
11:10:44	12.75	0.01	472	601800	买盘
11:10:39	12.74	0.01	1538	1959412	买盘
11:10:33	12.73	--	165	210045	卖盘
11:10:28	12.73	0.01	984	1252632	中性盘
11:10:24	12.72	-0.01	1830	2327760	卖盘
11:10:18	12.73	0.01	114	145122	买盘
11:10:13	12.72	-0.01	671	853512	卖盘
11:10:09	12.73	0.01	637	810901	买盘
11:10:03	12.72	--	40	50880	卖盘
11:09:58	12.72	--	424	539328	卖盘
11:09:54	12.72	--	170	216240	卖盘
11:09:48	12.72	--	395	502440	买盘
11:09:43	12.72	--	22	27984	买盘
11:09:39	12.72	--	177	225144	卖盘
11:09:33	12.72	--	1378	1752816	卖盘
11:09:28	12.72	-0.01	117	148824	卖盘
11:09:24	12.73	-0.01	154	196042	买盘
11:09:18	12.74	0.01	53	67522	买盘
11:09:13	12.73	-0.01	38	48374	中性盘
11:09:09	12.74	0.01	117	149058	买盘
11:09:03	12.73	--	18	22914	卖盘
11:08:58	12.73	-0.02	237	301701	中性盘
11:08:54	12.75	0.03	60	76500	买盘
11:08:48	12.72	-0.03	204	259488	卖盘
11:08:43	12.75	-0.01	15	19125	买盘
11:08:39	12.76	0.01	88	112288	买盘
11:08:33	12.75	--	55	70125	卖盘
11:08:28	12.75	-0.01	855	1090125	卖盘
11:08:24	12.76	--	150	191400	买盘
11:08:18	12.76	0.01	89	113564	买盘
11:08:13	12.75	-0.01	159	202839	卖盘
11:08:09	12.76	-0.01	62	79112	卖盘
11:08:03	12.77	0.01	180	231022	买盘
11:07:58	12.76	-0.01	187	238612	中性盘
11:07:54	12.77	0.02	664	847928	买盘
11:07:48	12.75	--	71	90525	卖盘
11:07:43	12.75	-0.01	450	573750	卖盘
11:07:39	12.76	-0.01	34	43384	卖盘
11:07:33	12.77	--	143	182611	买盘
11:07:28	12.77	--	527	673132	卖盘
11:07:24	12.77	0.01	402	514477	买盘
11:07:18	12.76	--	33	42261	卖盘
11:07:13	12.76	-0.01	163	207988	卖盘
11:07:09	12.77	-0.01	592	755984	卖盘
11:07:03	12.78	0.02	1035	1322730	买盘
11:06:58	12.76	--	242	308792	卖盘
11:06:53	12.76	-0.01	369	470844	卖盘
11:06:48	12.77	--	298	380546	买盘
11:06:43	12.77	-0.01	141	180057	卖盘
11:06:38	12.78	--	384	490752	买盘
11:06:33	12.78	--	319	407682	买盘
11:06:28	12.78	--	325	415350	买盘
11:06:23	12.78	0.01	669	854982	买盘
11:06:18	12.77	--	161	205597	买盘
11:06:13	12.77	--	267	340959	买盘
11:06:08	12.77	0.02	297	380392	买盘
11:06:03	12.75	--	159	202725	卖盘
11:05:58	12.75	0.03	1562	1991550	买盘
11:05:53	12.72	0.02	805	1023960	买盘
11:05:48	12.7	--	145	184150	卖盘
11:05:43	12.7	-0.01	27	34290	卖盘
11:05:38	12.71	0.04	1115	1418080	买盘
11:05:33	12.67	--	3042	3854214	卖盘
11:05:28	12.67	0.01	370	468790	买盘
11:05:18	12.66	--	170	215220	卖盘
11:05:13	12.66	--	129	163314	卖盘
11:05:08	12.66	0.01	149	188634	卖盘
11:05:03	12.65	-0.01	58	73370	卖盘
11:04:58	12.66	--	19	24054	买盘
11:04:53	12.66	0.01	128	162048	买盘
11:04:48	12.65	--	543	686895	卖盘
11:04:43	12.65	0.01	24	30360	中性盘
11:04:38	12.64	--	1155	1459920	卖盘
11:04:33	12.64	--	309	390576	卖盘
11:04:27	12.64	0.01	196	247744	买盘
11:04:23	12.63	-0.01	887	1120281	卖盘
11:04:18	12.64	--	111	140304	买盘
11:04:08	12.64	--	176	222464	卖盘
11:04:03	12.64	-0.01	77	97328	卖盘
11:03:57	12.65	--	10	12650	买盘
11:03:53	12.65	-0.02	6	7944	卖盘
11:03:48	12.67	--	189	239463	买盘
11:03:42	12.67	--	44	55748	买盘
11:03:37	12.67	--	302	382634	买盘
11:03:33	12.67	0.02	251	318017	买盘
11:03:27	12.65	-0.02	66	83490	卖盘
11:03:22	12.67	--	146	184982	买盘
11:03:18	12.67	-0.01	646	818482	卖盘
11:03:12	12.68	--	41	51988	买盘
11:03:07	12.68	-0.01	603	764604	卖盘
11:03:03	12.69	0.01	222	281718	买盘
11:02:57	12.68	--	10	12680	卖盘
11:02:52	12.68	--	422	535096	卖盘
11:02:48	12.68	--	191	242188	买盘
11:02:42	12.68	--	81	102708	买盘
11:02:37	12.68	--	444	562992	买盘
11:02:33	12.68	-0.01	295	374060	卖盘
11:02:27	12.69	0.01	34	43146	买盘
11:02:22	12.68	-0.01	64	81152	卖盘
11:02:18	12.69	0.01	18	22842	买盘
11:02:07	12.68	-0.01	12	15216	中性盘
11:02:03	12.69	0.04	120	152280	买盘
11:01:57	12.65	--	35	44275	卖盘
11:01:52	12.65	-0.01	409	517385	卖盘
11:01:48	12.66	0.01	383	485042	买盘
11:01:42	12.65	-0.01	9	11385	卖盘
11:01:37	12.66	0.03	26	33662	买盘
11:01:33	12.63	-0.02	147	185661	中性盘
11:01:27	12.65	0.03	2084	2636260	买盘
11:01:22	12.62	0.02	8	10096	买盘
11:01:18	12.6	--	116	146160	卖盘
11:01:12	12.6	--	243	306180	买盘
11:01:07	12.6	0.01	158	199080	买盘
11:01:03	12.59	0.01	142	178778	卖盘
11:00:57	12.58	--	5	6290	卖盘
11:00:52	12.58	--	691	869278	买盘
11:00:48	12.58	--	294	369852	买盘
11:00:42	12.58	0.02	86	108188	买盘
11:00:37	12.56	--	77	96712	卖盘
11:00:33	12.56	0.02	131	164536	买盘
11:00:27	12.54	--	42	52668	卖盘
11:00:22	12.54	--	481	603174	卖盘
11:00:17	12.54	-0.01	60	75240	卖盘
11:00:12	12.55	--	99	124245	买盘
11:00:07	12.55	0.01	923	1158365	买盘
11:00:02	12.54	--	108	135432	买盘
10:59:57	12.54	--	44	55175	卖盘
10:59:52	12.54	--	103	129161	卖盘
10:59:47	12.54	--	88	110351	卖盘
10:59:42	12.54	-0.02	378	474011	卖盘
10:59:37	12.56	-0.01	2104	2642624	卖盘
10:59:32	12.57	--	291	365787	买盘
10:59:27	12.57	0.01	150	188550	买盘
10:59:22	12.56	-0.01	327	410712	卖盘
10:59:17	12.57	-0.01	274	344418	卖盘
10:59:12	12.58	-0.01	86	108188	卖盘
10:59:07	12.59	--	791	995869	买盘
10:59:02	12.59	0.01	76	95684	买盘
10:58:57	12.58	-0.01	292	367336	卖盘
10:58:52	12.59	-0.01	101	127159	卖盘
10:58:47	12.6	--	199	250740	买盘
10:58:42	12.6	--	11	13860	买盘
10:58:37	12.6	--	73	91980	买盘
10:58:32	12.6	-0.01	823	1036980	卖盘
10:58:27	12.61	--	123	155103	卖盘
10:58:22	12.61	-0.02	493	621673	卖盘
10:58:17	12.63	-0.01	300	378900	卖盘
10:58:12	12.64	--	91	115024	卖盘
10:58:07	12.64	-0.01	98	123872	卖盘
10:58:02	12.65	--	198	250470	买盘
10:57:57	12.65	0.01	105	132825	买盘
10:57:51	12.64	-0.01	41	51824	卖盘
10:57:47	12.65	--	121	153065	买盘
10:57:42	12.65	0.01	224	283360	买盘
10:57:36	12.64	--	103	130192	卖盘
10:57:32	12.64	-0.01	121	152944	卖盘
10:57:27	12.65	0.01	164	207460	买盘
10:57:21	12.64	--	80	101120	卖盘
10:57:17	12.64	--	49	61936	卖盘
10:57:12	12.64	-0.01	72	91008	卖盘
10:57:06	12.65	0.01	45	56925	买盘
10:57:02	12.64	--	198	250272	卖盘
10:56:57	12.64	0.01	108	136512	买盘
10:56:51	12.63	-0.01	9	11367	中性盘
10:56:46	12.64	0.01	1247	1576208	买盘
10:56:42	12.63	0.01	144	181872	买盘
10:56:36	12.62	0.01	13	16406	卖盘
10:56:31	12.61	--	2114	2665754	卖盘
10:56:27	12.61	0.01	44	55484	中性盘
10:56:21	12.6	-0.01	130	163800	卖盘
10:56:16	12.61	--	43	54223	买盘
10:56:12	12.61	0.01	544	685984	中性盘
10:56:06	12.6	--	106	133560	卖盘
10:56:01	12.6	--	228	287280	卖盘
10:55:57	12.6	0.01	127	160020	买盘
10:55:51	12.59	-0.01	174	219066	卖盘
10:55:46	12.6	--	54	68040	买盘
10:55:42	12.6	--	470	592200	买盘
10:55:36	12.6	0.01	209	263340	买盘
10:55:31	12.59	-0.01	54	67986	卖盘
10:55:27	12.6	-0.06	699	880740	卖盘
10:55:21	12.66	0.06	12	15192	中性盘
10:55:16	12.6	-0.08	5893	7425180	卖盘
10:55:12	12.68	0.02	26	32968	中性盘
10:55:06	12.66	-0.03	1136	1438176	卖盘
10:55:01	12.69	--	35	44415	买盘
10:54:57	12.69	0.01	71	90099	买盘
10:54:51	12.68	-0.01	35	44380	卖盘
10:54:46	12.69	-0.01	440	558360	卖盘
10:54:42	12.7	--	53	67310	买盘
10:54:36	12.7	--	25	31750	买盘
10:54:31	12.7	-0.01	697	885190	卖盘
10:54:27	12.71	--	794	1009174	买盘
10:54:21	12.71	--	105	133455	买盘
10:54:16	12.71	--	87	110577	买盘
10:54:12	12.71	--	249	316479	买盘
10:54:06	12.71	--	13	16523	买盘
10:54:01	12.71	--	203	258013	买盘
10:53:56	12.71	-0.01	425	540175	卖盘
10:53:51	12.72	--	38	48336	买盘
10:53:46	12.72	0.01	40	50880	买盘
10:53:42	12.71	-0.02	160	203360	卖盘
10:53:31	12.73	0.01	174	221502	买盘
10:53:26	12.72	--	84	106848	买盘
10:53:21	12.72	0.01	1019	1296168	卖盘
10:53:16	12.71	-0.03	1463	1859473	卖盘
10:53:11	12.74	0.02	67	85358	买盘
10:53:06	12.72	-0.01	331	421032	卖盘
10:53:01	12.73	--	125	159125	卖盘
10:52:56	12.73	--	70	89110	卖盘
10:52:51	12.73	--	20	25460	卖盘
10:52:46	12.73	--	545	693785	买盘
10:52:41	12.73	0.02	96	122208	买盘
10:52:36	12.71	-0.02	24	30504	中性盘
10:52:31	12.73	0.03	79	100567	买盘
10:52:26	12.7	-0.04	322	408940	卖盘
10:52:21	12.74	0.01	24	30576	买盘
10:52:16	12.73	--	229	291517	卖盘
10:52:11	12.73	0.03	766	975118	买盘
10:52:06	12.7	0.01	854	1084580	买盘
10:52:01	12.69	-0.01	316	401004	卖盘
10:51:56	12.7	--	1311	1664970	卖盘
10:51:51	12.7	--	31	39370	卖盘
10:51:46	12.7	--	277	351790	卖盘
10:51:41	12.7	--	453	575310	卖盘
10:51:36	12.7	--	50	63500	卖盘
10:51:31	12.7	-0.01	77	97790	卖盘
10:51:26	12.71	0.01	135	171585	买盘
10:51:21	12.7	-0.02	81	102870	卖盘
10:51:15	12.72	0.02	47	59784	买盘
10:51:11	12.7	-0.02	98	124460	卖盘
10:51:06	12.72	0.03	88	111936	买盘
10:51:00	12.69	-0.01	30	38070	卖盘
10:50:56	12.7	--	2371	3011170	买盘
10:50:51	12.7	0.01	469	595630	买盘
10:50:45	12.69	--	75	95175	卖盘
10:50:41	12.69	0.01	137	173853	买盘
10:50:36	12.68	-0.01	169	214292	卖盘
10:50:30	12.69	-0.01	52	65988	卖盘
10:50:26	12.7	--	18	22860	买盘
10:50:21	12.7	-0.01	515	654050	卖盘
10:50:15	12.71	--	180	228780	买盘
10:50:10	12.71	-0.01	131	166501	卖盘
10:50:06	12.72	--	199	253128	买盘
10:50:00	12.72	0.01	30	38160	买盘
10:49:55	12.71	-0.01	14	17794	卖盘
10:49:51	12.72	0.01	76	96672	买盘
10:49:45	12.71	-0.01	15	19065	卖盘
10:49:40	12.72	--	188	239136	卖盘
10:49:36	12.72	--	228	290016	卖盘
10:49:30	12.72	-0.01	89	113208	卖盘
10:49:25	12.73	0.01	114	145122	买盘
10:49:21	12.72	-0.01	123	156456	中性盘
10:49:15	12.73	0.01	100	127300	买盘
10:49:10	12.72	-0.01	222	282384	卖盘
10:49:06	12.73	--	470	598310	买盘
10:49:00	12.73	--	83	105659	买盘
10:48:55	12.73	-0.01	492	626316	中性盘
10:48:51	12.74	--	241	307034	买盘
10:48:45	12.74	0.01	40	50960	买盘
10:48:40	12.73	0.02	52	66196	买盘
10:48:36	12.71	-0.01	25	31775	中性盘
10:48:30	12.72	-0.02	624	793728	中性盘
10:48:25	12.74	0.03	261	332514	买盘
10:48:21	12.71	0.01	881	1119751	中性盘
10:48:15	12.7	-0.01	52	66040	卖盘
10:48:10	12.71	--	147	186837	买盘
10:48:06	12.71	0.01	641	814711	买盘
10:48:00	12.7	-0.01	377	478790	卖盘
10:47:55	12.71	-0.01	114	144894	卖盘
10:47:51	12.72	0.02	15	19080	买盘
10:47:45	12.7	--	0	0	卖盘
10:47:40	12.7	--	1126	1430020	买盘
10:47:36	12.7	--	42	53340	买盘
10:47:30	12.7	-0.01	112	142240	中性盘
10:47:25	12.71	0.01	104	132184	买盘
10:47:20	12.7	--	114	144780	卖盘
10:47:15	12.7	--	16	20320	卖盘
10:47:10	12.7	--	247	313690	买盘
10:47:06	12.7	0.02	1202	1526540	买盘
10:47:00	12.68	-0.01	510	646680	卖盘
10:46:55	12.69	0.01	68	86292	买盘
10:46:50	12.68	--	173	219364	卖盘
10:46:45	12.68	--	23	29164	卖盘
10:46:40	12.68	--	652	826736	卖盘
10:46:35	12.68	--	210	266280	买盘
10:46:30	12.68	--	458	580744	买盘
10:46:25	12.68	0.01	249	315732	买盘
10:46:20	12.67	-0.01	91	115297	卖盘
10:46:15	12.68	-0.01	1	1268	中性盘
10:46:10	12.69	0.01	496	629424	买盘
10:46:05	12.68	0.01	659	835612	买盘
10:46:00	12.67	-0.01	28	35476	卖盘
10:45:55	12.68	0.02	557	706276	买盘
10:45:50	12.66	-0.02	286	362076	卖盘
10:45:45	12.68	0.02	3	3804	买盘
10:45:40	12.66	-0.02	131	165846	卖盘
10:45:35	12.68	0.02	41	51988	买盘
10:45:30	12.66	--	2	2532	买盘
10:45:25	12.66	--	473	598818	买盘
10:45:20	12.66	--	230	291180	买盘
10:45:15	12.66	--	79	100014	买盘
10:45:10	12.66	-0.02	62	78492	卖盘
10:45:05	12.68	--	173	219364	买盘
10:45:00	12.68	0.01	13	16484	买盘
10:44:55	12.67	0.02	41	51947	买盘
10:44:50	12.65	-0.01	1097	1387705	卖盘
10:44:45	12.66	-0.02	91	115206	中性盘
10:44:39	12.68	--	106	134408	买盘
10:44:35	12.68	0.02	69	87492	买盘
10:44:30	12.66	-0.02	307	388662	卖盘
10:44:24	12.68	-0.01	15	19020	卖盘
10:44:20	12.69	--	2	2538	买盘
10:44:15	12.69	0.01	143	181467	买盘
10:44:09	12.68	-0.02	12	15216	买盘
10:44:05	12.7	0.01	71	90170	买盘
10:44:00	12.69	0.01	393	498717	买盘
10:43:54	12.68	-0.02	214	271352	卖盘
10:43:49	12.7	--	209	265430	买盘
10:43:45	12.7	-0.01	350	444500	卖盘
10:43:39	12.71	0.01	62	78802	买盘
10:43:34	12.7	-0.01	65	82550	卖盘
10:43:30	12.71	0.01	77	97867	买盘
10:43:24	12.7	--	59	74930	卖盘
10:43:19	12.7	--	266	338099	买盘
10:43:15	12.7	--	1243	1578610	买盘
10:43:09	12.7	0.02	69	87630	买盘
10:43:04	12.68	--	778	986504	卖盘
10:43:00	12.68	-0.02	102	129336	中性盘
10:42:54	12.7	0.04	484	614680	买盘
10:42:49	12.66	-0.02	112	141792	中性盘
10:42:45	12.68	0.03	429	543972	买盘
10:42:39	12.65	--	221	279565	卖盘
10:42:34	12.65	0.01	693	876645	中性盘
10:42:30	12.64	--	154	194656	卖盘
10:42:24	12.64	-0.01	1	1264	卖盘
10:42:19	12.65	0.01	556	703340	买盘
10:42:15	12.64	0.01	210	265440	买盘
10:42:09	12.63	-0.01	460	580980	卖盘
10:42:04	12.64	-0.01	81	102384	买盘
10:42:00	12.65	--	509	643885	买盘
10:41:54	12.65	0.01	70	88550	买盘
10:41:49	12.64	-0.01	647	817808	卖盘
10:41:44	12.65	--	107	135355	买盘
10:41:39	12.65	--	127	160655	买盘
10:41:34	12.65	--	133	168245	买盘
10:41:30	12.65	--	1065	1347225	买盘
10:41:24	12.65	--	871	1101815	卖盘
10:41:19	12.65	--	942	1191630	买盘
10:41:15	12.65	--	330	417450	买盘
10:41:09	12.65	--	608	769120	买盘
10:41:04	12.65	--	489	618585	买盘
10:41:00	12.65	--	368	465520	买盘
10:40:54	12.65	--	631	798215	买盘
10:40:49	12.65	-0.04	2264	2863960	卖盘
10:40:45	12.69	--	4400	5583600	买盘
10:40:39	12.69	0.03	1442	1829898	买盘
10:40:34	12.66	-0.02	856	1083696	卖盘
10:40:30	12.68	0.01	82	103976	买盘
10:40:24	12.67	-0.02	111	140637	卖盘
10:40:19	12.69	0.02	1181	1498689	买盘
10:40:14	12.67	-0.01	605	766535	卖盘
10:40:09	12.68	0.01	5	6340	买盘
10:40:04	12.67	--	434	549878	卖盘
10:39:59	12.67	0.01	46	58282	买盘
10:39:54	12.66	0.01	2	2532	中性盘
10:39:49	12.65	--	1515	1916475	买盘
10:39:44	12.65	--	391	494615	买盘
10:39:39	12.65	--	315	398475	买盘
10:39:34	12.65	0.02	190	240350	买盘
10:39:29	12.63	--	465	587295	卖盘
10:39:24	12.63	-0.05	537	678231	卖盘
10:39:19	12.68	0.05	227	287836	买盘
10:39:14	12.63	0.01	64	80832	中性盘
10:39:09	12.62	--	215	271330	卖盘
10:39:04	12.62	0.02	17	21454	买盘
10:38:59	12.6	--	541	681660	卖盘
10:38:54	12.6	0.01	351	442260	买盘
10:38:49	12.59	-0.01	1214	1528426	卖盘
10:38:44	12.6	--	506	637560	买盘
10:38:39	12.6	0.01	120	151200	买盘
10:38:34	12.59	--	507	638313	卖盘
10:38:29	12.59	0.01	188	236692	买盘
10:38:24	12.58	--	98	123284	卖盘
10:38:19	12.58	--	281	354554	卖盘
10:38:14	12.58	0.01	204	256632	买盘
10:38:09	12.57	-0.02	276	346932	卖盘
10:38:03	12.59	-0.01	102	128418	中性盘
10:37:59	12.6	0.05	476	599760	买盘
10:37:54	12.55	-0.05	1848	2319240	卖盘
10:37:48	12.6	--	88	110880	卖盘
10:37:44	12.6	--	2287	2881620	卖盘
10:37:39	12.6	-0.01	125	157500	卖盘
10:37:33	12.61	-0.02	97	122317	中性盘
10:37:28	12.63	--	1364	1722732	买盘
10:37:24	12.63	-0.01	1165	1471395	卖盘
10:37:18	12.64	--	229	289456	买盘
10:37:13	12.64	--	874	1104736	买盘
10:37:09	12.64	-0.05	506	639786	卖盘
10:37:03	12.69	-0.01	55	69795	中性盘
10:36:58	12.7	--	1830	2324100	卖盘
10:36:54	12.7	0.04	685	869950	买盘
10:36:48	12.66	-0.06	1440	1823040	卖盘
10:36:43	12.72	0.02	765	973080	买盘
10:36:39	12.7	-0.02	511	648970	卖盘
10:36:33	12.72	0.01	36	45792	卖盘
10:36:28	12.71	0.01	68	86428	买盘
10:36:24	12.7	0.01	2185	2774950	买盘
10:36:18	12.69	--	5	6345	卖盘
10:36:13	12.69	0.03	743	942867	买盘
10:36:09	12.66	-0.02	563	712758	卖盘
10:36:03	12.68	0.02	222	281496	买盘
10:35:58	12.66	--	336	425376	卖盘
10:35:54	12.66	--	308	389928	买盘
10:35:48	12.66	0.01	338	427908	买盘
10:35:43	12.65	-0.01	660	834900	卖盘
10:35:39	12.66	--	1149	1454634	买盘
10:35:33	12.66	--	102	129132	买盘
10:35:28	12.66	0.01	364	460824	买盘
10:35:24	12.65	-0.01	54	68310	卖盘
10:35:18	12.66	-0.01	189	239274	卖盘
10:35:13	12.67	--	1089	1379763	卖盘
10:35:09	12.67	-0.01	369	467523	卖盘
10:35:03	12.68	--	47	59596	买盘
10:34:58	12.68	-0.01	304	385472	卖盘
10:34:53	12.69	-0.01	731	927639	卖盘
10:34:48	12.7	0.01	160	203200	买盘
10:34:43	12.69	-0.01	832	1055808	卖盘
10:34:38	12.7	--	825	1047927	卖盘
10:34:33	12.7	-0.05	310	393700	卖盘
10:34:28	12.75	--	4633	5907075	卖盘
10:34:23	12.75	--	312	397800	卖盘
10:34:18	12.75	--	153	195075	卖盘
10:34:13	12.75	--	1017	1296675	买盘
10:34:08	12.75	-0.01	311	396525	中性盘
10:34:03	12.76	--	118	150568	买盘
10:33:58	12.76	0.01	1724	2199824	买盘
10:33:53	12.75	-0.01	816	1040400	卖盘
10:33:48	12.76	--	81	103356	买盘
10:33:43	12.76	0.01	1068	1362768	买盘
10:33:38	12.75	-0.01	956	1218900	卖盘
10:33:33	12.76	--	79	100804	买盘
10:33:28	12.76	--	432	551232	卖盘
10:33:23	12.76	--	177	225852	卖盘
10:33:18	12.76	--	45	57420	卖盘
10:33:13	12.76	0.01	355	452980	中性盘
10:33:08	12.75	--	1025	1306875	卖盘
10:33:03	12.75	--	1446	1843650	买盘
10:32:58	12.75	0.01	568	724200	买盘
10:32:53	12.74	-0.01	278	354172	卖盘
10:32:48	12.75	-0.03	374	476850	卖盘
10:32:43	12.78	-0.01	1231	1573371	卖盘
10:32:38	12.79	0.01	354	453891	买盘
10:32:33	12.78	-0.01	162	207036	卖盘
10:32:28	12.79	0.01	172	219987	买盘
10:32:23	12.78	-0.01	220	281160	卖盘
10:32:18	12.79	0.01	136	173944	买盘
10:32:13	12.78	--	3613	4617414	买盘
10:32:08	12.78	-0.02	1000	1278000	卖盘
10:32:03	12.8	0.02	354	453120	买盘
10:31:58	12.78	-0.02	230	293940	卖盘
10:31:53	12.8	--	667	853760	买盘
10:31:48	12.8	-0.02	1788	2289164	卖盘
10:31:42	12.82	0.04	843	1081482	买盘
10:31:38	12.78	-0.03	2608	3333547	卖盘
10:31:33	12.81	0.01	1134	1452654	买盘
10:31:27	12.8	--	451	577280	卖盘
10:31:23	12.8	0.01	602	770560	中性盘
10:31:18	12.79	--	1298	1660896	买盘
10:31:12	12.79	0.01	135	172665	买盘
10:31:08	12.78	-0.01	888	1134864	卖盘
10:31:03	12.79	-0.03	3274	4187445	卖盘
10:30:57	12.82	0.01	138	176916	买盘
10:30:52	12.81	0.01	868	1111908	中性盘
10:30:48	12.8	--	1532	1960960	卖盘
10:30:42	12.8	0.01	229	293120	买盘
10:30:37	12.79	-0.01	1294	1655026	卖盘
10:30:33	12.8	--	3024	3871820	买盘
10:30:27	12.8	--	309	395520	买盘
10:30:22	12.8	--	698	893440	买盘
10:30:18	12.8	0.01	867	1109760	买盘
10:30:12	12.79	-0.02	1373	1756450	卖盘
10:30:07	12.81	-0.02	2476	3171756	卖盘
10:30:03	12.83	0.02	1025	1315075	买盘
10:29:57	12.81	-0.01	376	481656	卖盘
10:29:52	12.82	0.02	3369	4319955	买盘
10:29:48	12.8	-0.05	5347	6844160	卖盘
10:29:42	12.85	0.01	2341	3008570	买盘
10:29:37	12.84	-0.02	4929	6328836	卖盘
10:29:33	12.86	0.02	3436	4419596	买盘
10:29:27	12.84	-0.02	4015	5155260	卖盘
10:29:22	12.86	0.02	1899	2442114	中性盘
10:29:18	12.84	0.01	5071	6511164	买盘
10:29:12	12.83	--	543	696669	卖盘
10:29:07	12.83	0.01	2414	3097162	买盘
10:29:03	12.82	0.02	1823	2337086	买盘
10:28:57	12.8	0.02	713	912640	买盘
10:28:52	12.78	-0.01	4092	5229576	卖盘
10:28:48	12.79	0.02	1798	2299642	买盘
10:28:42	12.77	-0.02	257	328189	中性盘
10:28:37	12.79	0.03	5912	7561447	买盘
10:28:33	12.76	0.03	1585	2022460	买盘
10:28:27	12.73	-0.01	215	273695	卖盘
10:28:22	12.74	0.01	2565	3267810	买盘
10:28:18	12.73	--	835	1062955	买盘
10:28:12	12.73	--	48	61104	买盘
10:28:07	12.73	0.02	1522	1937506	买盘
10:28:02	12.71	--	54	68634	卖盘
10:27:57	12.71	--	1312	1667552	买盘
10:27:52	12.71	0.01	1109	1409539	买盘
10:27:47	12.7	0.01	1091	1385570	买盘
10:27:42	12.69	--	220	279180	卖盘
10:27:37	12.69	-0.01	573	727137	卖盘
10:27:33	12.7	--	1462	1856740	买盘
10:27:27	12.7	0.01	984	1249680	买盘
10:27:22	12.69	--	682	865458	买盘
10:27:17	12.69	--	2762	3504978	卖盘
10:27:12	12.69	-0.01	362	459378	卖盘
10:27:07	12.7	0.01	706	896620	买盘
10:27:02	12.69	--	1008	1279152	卖盘
10:26:57	12.69	0.01	538	682722	买盘
10:26:52	12.68	-0.02	797	1010596	卖盘
10:26:47	12.7	0.01	1049	1332230	买盘
10:26:42	12.69	--	138	175122	卖盘
10:26:37	12.69	-0.01	1966	2494854	卖盘
10:26:32	12.7	-0.02	1650	2095499	卖盘
10:26:27	12.72	-0.02	1864	2371008	中性盘
10:26:22	12.74	0.01	2089	2661386	买盘
10:26:17	12.73	-0.02	2371	3018283	卖盘
10:26:12	12.75	--	1906	2430150	买盘
10:26:07	12.75	-0.02	2498	3184950	卖盘
10:26:02	12.77	0.01	902	1151854	买盘
10:25:57	12.76	0.01	359	458084	买盘
10:25:52	12.75	0.01	1212	1545300	买盘
10:25:47	12.74	0.03	1425	1815450	买盘
10:25:42	12.71	-0.02	1886	2397106	卖盘
10:25:37	12.73	0.01	5336	6792728	买盘
10:25:32	12.72	0.03	811	1031592	买盘
10:25:27	12.69	--	681	864189	卖盘
10:25:22	12.69	0.01	2539	3221991	卖盘
10:25:17	12.68	--	3068	3890224	买盘
10:25:12	12.68	0.02	34	43112	买盘
10:25:07	12.66	0.01	873	1105218	买盘
10:25:02	12.65	--	641	810865	买盘
10:24:57	12.65	0.01	372	470580	买盘
10:24:51	12.64	0.01	390	494021	买盘
10:24:47	12.63	0.01	1233	1557279	买盘
10:24:42	12.62	--	252	318024	买盘
10:24:36	12.62	0.01	142	179204	买盘
10:24:32	12.61	0.01	732	923052	买盘
10:24:27	12.6	-0.01	551	694260	卖盘
10:24:21	12.61	--	71	89531	买盘
10:24:16	12.61	0.01	1252	1578772	买盘
10:24:12	12.6	-0.01	2115	2664900	卖盘
10:24:06	12.61	--	71	89531	买盘
10:24:01	12.61	0.01	1394	1757834	买盘
10:23:57	12.6	--	1407	1772820	买盘
10:23:51	12.6	-0.01	1901	2395260	卖盘
10:23:46	12.61	0.01	1516	1911676	买盘
10:23:42	12.6	-0.01	441	555660	卖盘
10:23:36	12.61	0.01	61	76921	中性盘
10:23:31	12.6	-0.01	1445	1820700	卖盘
10:23:27	12.61	0.02	611	770471	买盘
10:23:21	12.59	-0.01	519	653421	卖盘
10:23:16	12.6	--	1712	2157120	卖盘
10:23:12	12.6	0.01	711	895860	卖盘
10:23:06	12.59	-0.06	243	305937	卖盘
10:23:01	12.65	0.05	620	784300	买盘
10:22:57	12.6	-0.03	4332	5458320	卖盘
10:22:51	12.63	-0.03	928	1172064	卖盘
10:22:46	12.66	-0.01	3491	4420859	卖盘
10:22:42	12.67	-0.03	2720	3446240	卖盘
10:22:36	12.7	0.01	1787	2269490	买盘
10:22:31	12.69	--	1075	1364175	买盘
10:22:27	12.69	--	1452	1842588	买盘
10:22:21	12.69	0.01	816	1035504	买盘
10:22:16	12.68	0.01	1358	1721944	中性盘
10:22:12	12.67	-0.01	3900	4941806	买盘
10:22:06	12.68	--	178	225704	买盘
10:22:01	12.68	0.02	1877	2380036	买盘
10:21:57	12.66	--	536	678576	卖盘
10:21:51	12.66	0.01	950	1202700	买盘
10:21:46	12.65	-0.01	2268	2870272	卖盘
10:21:42	12.66	0.01	2101	2660650	买盘
10:21:36	12.65	--	586	741290	买盘
10:21:31	12.65	--	494	624910	买盘
10:21:26	12.65	0.01	2479	3135935	买盘
10:21:21	12.64	0.01	231	291984	买盘
10:21:16	12.63	0.01	1400	1768200	中性盘
10:21:11	12.62	-0.02	326	411412	卖盘
10:21:06	12.64	0.02	366	462624	买盘
10:21:01	12.62	-0.02	797	1005813	卖盘
10:20:56	12.64	0.04	351	443664	买盘
10:20:51	12.6	-0.01	984	1240318	卖盘
10:20:46	12.61	0.01	865	1091546	买盘
10:20:41	12.6	-0.02	3076	3875760	卖盘
10:20:36	12.62	-0.02	615	776130	卖盘
10:20:31	12.64	0.03	2157	2726448	买盘
10:20:26	12.61	-0.01	2638	3326518	卖盘
10:20:21	12.62	0.01	396	499751	中性盘
10:20:16	12.61	--	2091	2636751	买盘
10:20:11	12.61	0.01	97	122317	买盘
10:20:06	12.6	--	250	315000	卖盘
10:20:01	12.6	0.03	1723	2170980	买盘
10:19:56	12.57	--	494	620958	卖盘
10:19:51	12.57	0.01	106	133242	中性盘
10:19:46	12.56	--	331	415736	卖盘
10:19:41	12.56	--	594	746064	卖盘
10:19:36	12.56	-0.01	264	331584	卖盘
10:19:31	12.57	0.02	189	237573	买盘
10:19:26	12.55	0.01	772	968860	中性盘
10:19:21	12.54	-0.01	2055	2576970	卖盘
10:19:16	12.55	0.01	1881	2360655	买盘
10:19:11	12.54	-0.01	396	496583	卖盘
10:19:06	12.55	-0.01	70	87850	中性盘
10:19:01	12.56	--	198	248688	买盘
10:18:56	12.56	-0.02	2571	3229176	卖盘
10:18:51	12.58	--	478	601324	买盘
10:18:46	12.58	--	2839	3571462	买盘
10:18:41	12.58	-0.02	2590	3258220	卖盘
10:18:36	12.6	0.01	697	878220	买盘
10:18:31	12.59	-0.02	2087	2627533	中性盘
10:18:26	12.61	0.01	2315	2919215	买盘
10:18:21	12.6	-0.02	2934	3696840	卖盘
10:18:15	12.62	-0.01	890	1123180	卖盘
10:18:11	12.63	0.02	2052	2591676	买盘
10:18:06	12.61	--	679	856219	卖盘
10:18:00	12.61	-0.01	329	414869	卖盘
10:17:56	12.62	0.04	2163	2729706	买盘
10:17:51	12.58	-0.02	1143	1437894	卖盘
10:17:45	12.6	0.01	839	1057140	卖盘
10:17:41	12.59	--	2440	3071960	卖盘
10:17:36	12.59	0.02	867	1091553	买盘
10:17:30	12.57	--	544	683808	买盘
10:17:25	12.57	-0.01	4395	5524515	卖盘
10:17:20	12.58	0.01	3119	3923702	买盘
10:17:15	12.57	--	513	644841	买盘
10:17:10	12.57	-0.01	1378	1732146	卖盘
10:17:06	12.58	0.01	829	1042882	买盘
10:17:00	12.57	--	49	61593	卖盘
10:16:55	12.57	0.02	965	1213005	买盘
10:16:51	12.55	0.02	1747	2192485	买盘
10:16:45	12.53	-0.01	297	372141	卖盘
10:16:40	12.54	0.01	761	954293	买盘
10:16:36	12.53	--	624	781872	买盘
10:16:30	12.53	-0.01	796	997388	卖盘
10:16:25	12.54	--	2123	2662242	买盘
10:16:21	12.54	--	641	803814	买盘
10:16:15	12.54	--	368	461471	买盘
10:16:10	12.54	-0.02	678	850212	卖盘
10:16:06	12.56	--	1164	1461984	买盘
10:16:00	12.56	--	594	746064	买盘
10:15:55	12.56	--	658	826448	买盘
10:15:51	12.56	-0.02	481	604136	卖盘
10:15:45	12.58	--	253	318274	买盘
10:15:40	12.58	-0.03	3085	3880930	卖盘
10:15:36	12.61	--	5552	7001072	卖盘
10:15:30	12.61	-0.01	968	1220648	卖盘
10:15:25	12.62	-0.01	3118	3934915	卖盘
10:15:21	12.63	-0.01	2309	2916683	卖盘
10:15:15	12.64	--	716	905024	买盘
10:15:10	12.64	0.02	4204	5313856	买盘
10:15:06	12.62	--	1498	1890475	买盘
10:15:00	12.62	-0.01	2601	3282462	卖盘
10:14:55	12.63	0.01	6712	8477256	买盘
10:14:50	12.62	0.01	1886	2380636	买盘
10:14:45	12.61	0.01	318	400998	买盘
10:14:40	12.6	0.01	6009	7571340	买盘
10:14:35	12.59	0.01	1467	1846953	买盘
10:14:30	12.58	--	2802	3524916	卖盘
10:14:25	12.58	0.02	3779	4753982	买盘
10:14:20	12.56	0.02	2248	2823513	买盘
10:14:15	12.54	--	2644	3315576	买盘
10:14:10	12.54	-0.01	2182	2736228	买盘
10:14:05	12.55	0.02	1928	2419640	买盘
10:14:00	12.53	--	46	57638	买盘
10:13:55	12.53	0.02	162	202986	买盘
10:13:50	12.51	-0.04	108	135108	卖盘
10:13:45	12.55	0.05	488	612440	买盘
10:13:40	12.5	0.02	399	498750	买盘
10:13:35	12.48	-0.02	3634	4535232	卖盘
10:13:30	12.5	--	2304	2880000	买盘
10:13:25	12.5	-0.01	6266	7832500	中性盘
10:13:20	12.51	--	2685	3358935	买盘
10:13:15	12.51	-0.01	320	400320	卖盘
10:13:10	12.52	0.01	780	976560	买盘
10:13:05	12.51	0.01	1501	1877751	买盘
10:13:00	12.5	-0.01	110	137500	卖盘
10:12:55	12.51	--	357	446607	卖盘
10:12:50	12.51	0.01	1013	1267263	买盘
10:12:45	12.5	--	138	172500	卖盘
10:12:40	12.5	--	5654	7067500	买盘
10:12:35	12.5	--	466	582500	买盘
10:12:30	12.5	--	428	535000	买盘
10:12:25	12.5	--	1001	1251375	买盘
10:12:20	12.5	--	539	673750	买盘
10:12:15	12.5	--	377	471250	买盘
10:12:10	12.5	0.01	1380	1725000	买盘
10:12:05	12.49	-0.01	2238	2795262	中性盘
10:12:00	12.5	--	301	376250	买盘
10:11:55	12.5	--	527	658750	买盘
10:11:49	12.5	0.01	284	355650	中性盘
10:11:45	12.49	-0.01	446	557054	卖盘
10:11:40	12.5	--	1000	1250000	卖盘
10:11:35	12.5	0.04	8481	10601850	买盘
10:11:30	12.46	--	889	1107694	买盘
10:11:24	12.46	--	811	1010506	买盘
10:11:20	12.46	0.01	333	414918	买盘
10:11:15	12.45	--	363	451935	卖盘
10:11:09	12.45	--	242	301290	卖盘
10:11:04	12.45	-0.01	339	422055	卖盘
10:11:00	12.46	0.02	1629	2029734	买盘
10:10:54	12.44	0.01	224	278656	买盘
10:10:49	12.43	-0.01	384	477312	卖盘
10:10:44	12.44	0.02	1313	1633372	买盘
10:10:39	12.42	-0.01	107	132894	卖盘
10:10:34	12.43	0.02	96	119328	买盘
10:10:30	12.41	--	265	328865	买盘
10:10:24	12.41	0.01	20	24820	买盘
10:10:19	12.4	--	551	683240	卖盘
10:10:14	12.4	--	1313	1628120	买盘
10:10:09	12.4	0.02	377	468348	买盘
10:10:04	12.38	0.01	1040	1287520	卖盘
10:10:00	12.37	-0.01	1422	1759014	卖盘
10:09:54	12.38	0.01	65	80470	买盘
10:09:49	12.37	-0.01	303	374811	卖盘
10:09:45	12.38	0.01	60	74280	买盘
10:09:39	12.37	--	604	747148	买盘
10:09:34	12.37	0.01	7	8659	买盘
10:09:30	12.36	--	128	158208	买盘
10:09:24	12.36	-0.01	307	379452	卖盘
10:09:19	12.37	0.01	985	1218445	买盘
10:09:15	12.36	--	292	360912	卖盘
10:09:09	12.36	--	321	396756	卖盘
10:09:04	12.36	--	423	522828	卖盘
10:09:00	12.36	--	364	449904	卖盘
10:08:54	12.36	-0.01	134	165624	卖盘
10:08:49	12.37	0.01	47	58138	买盘
10:08:45	12.36	-0.02	346	427656	卖盘
10:08:39	12.38	0.01	961	1189718	买盘
10:08:34	12.37	-0.01	458	566546	卖盘
10:08:29	12.38	--	477	590526	卖盘
10:08:24	12.38	0.01	106	131228	买盘
10:08:19	12.37	--	215	265955	卖盘
10:08:14	12.37	-0.01	401	496036	卖盘
10:08:09	12.38	--	131	162178	买盘
10:08:04	12.38	--	175	216650	卖盘
10:07:59	12.38	--	315	389970	卖盘
10:07:54	12.38	-0.01	478	591764	卖盘
10:07:49	12.39	--	273	338247	买盘
10:07:44	12.39	0.01	497	616154	买盘
10:07:39	12.38	-0.02	46	56948	卖盘
10:07:34	12.4	0.01	673	835388	买盘
10:07:29	12.39	--	478	592242	买盘
10:07:24	12.39	--	72	89208	买盘
10:07:19	12.39	-0.01	1318	1633002	卖盘
10:07:14	12.4	--	225	279000	卖盘
10:07:09	12.4	-0.01	203	251720	卖盘
10:07:04	12.41	--	375	465375	买盘
10:06:59	12.41	--	668	828988	卖盘
10:06:54	12.41	-0.01	72	89352	卖盘
10:06:49	12.42	--	352	437184	买盘
10:06:44	12.42	0.02	390	484380	买盘
10:06:39	12.4	-0.01	43	53320	卖盘
10:06:34	12.41	0.01	972	1206252	买盘
10:06:29	12.4	--	365	452600	买盘
10:06:24	12.4	--	552	684480	买盘
10:06:19	12.4	0.01	181	224440	买盘
10:06:14	12.39	0.01	130	161070	买盘
10:06:09	12.38	--	60	74280	卖盘
10:06:04	12.38	--	202	250076	买盘
10:05:59	12.38	0.01	561	694518	买盘
10:05:54	12.37	-0.01	460	569020	卖盘
10:05:49	12.38	-0.01	1806	2235828	卖盘
10:05:44	12.39	0.01	633	784287	买盘
10:05:39	12.38	--	89	110182	卖盘
10:05:34	12.38	0.01	232	287216	买盘
10:05:29	12.37	--	122	150914	买盘
10:05:24	12.37	-0.01	180	222660	卖盘
10:05:19	12.38	--	447	553386	买盘
10:05:14	12.38	0.01	1540	1906520	买盘
10:05:09	12.37	-0.01	128	158336	卖盘
10:05:03	12.38	0.01	1917	2373246	买盘
10:04:59	12.37	--	136	168232	卖盘
10:04:54	12.37	--	425	525725	买盘
10:04:48	12.37	--	610	754570	买盘
10:04:43	12.37	-0.01	224	277088	卖盘
10:04:39	12.38	0.01	231	285978	买盘
10:04:33	12.37	--	128	158336	卖盘
10:04:28	12.37	--	950	1175150	卖盘
10:04:24	12.37	--	383	473770	买盘
10:04:18	12.37	--	544	672928	买盘
10:04:13	12.37	--	126	155862	买盘
10:04:09	12.37	--	587	726119	卖盘
10:04:03	12.37	--	106	131122	卖盘
10:03:58	12.37	--	234	289458	卖盘
10:03:54	12.37	-0.02	661	817657	卖盘
10:03:48	12.39	--	214	265146	买盘
10:03:43	12.39	-0.01	2046	2534994	卖盘
10:03:38	12.4	--	769	953560	买盘
10:03:33	12.4	--	175	217000	买盘
10:03:28	12.4	-0.01	2279	2825960	卖盘
10:03:24	12.41	-0.01	1173	1455693	卖盘
10:03:18	12.42	--	232	288144	买盘
10:03:13	12.42	-0.01	716	889768	卖盘
10:03:08	12.43	--	1281	1593028	买盘
10:03:03	12.43	--	710	883027	卖盘
10:02:58	12.43	--	1076	1338213	买盘
10:02:54	12.43	-0.01	666	827838	买盘
10:02:48	12.44	0.01	147	182868	买盘
10:02:43	12.43	0.02	414	514602	中性盘
10:02:39	12.41	-0.02	888	1102008	卖盘
10:02:33	12.43	--	186	231198	买盘
10:02:28	12.43	0.01	866	1076438	买盘
10:02:23	12.42	0.02	348	432216	买盘
10:02:18	12.4	-0.01	104	128960	卖盘
10:02:13	12.41	0.01	22	27302	买盘
10:02:08	12.4	--	609	755160	买盘
10:02:03	12.4	0.01	277	343480	买盘
10:01:58	12.39	0.01	74	91686	中性盘
10:01:53	12.38	0.01	663	820794	买盘
10:01:48	12.37	-0.01	382	472533	卖盘
10:01:43	12.38	0.01	317	392446	买盘
10:01:38	12.37	0.01	1813	2242681	买盘
10:01:33	12.36	0.01	530	655080	买盘
10:01:28	12.35	0.01	407	502645	买盘
10:01:23	12.34	0.01	168	207312	中性盘
10:01:18	12.33	-0.02	57	70281	卖盘
10:01:13	12.35	0.02	439	542165	买盘
10:01:08	12.33	-0.01	1041	1283553	卖盘
10:01:03	12.34	--	170	209780	卖盘
10:00:58	12.34	-0.01	959	1183406	卖盘
10:00:53	12.35	--	533	658255	买盘
10:00:48	12.35	--	302	372970	买盘
10:00:43	12.35	0.01	705	870675	买盘
10:00:38	12.34	-0.01	336	414624	卖盘
10:00:33	12.35	-0.02	3518	4344730	卖盘
10:00:28	12.37	0.01	1224	1514533	买盘
10:00:23	12.36	-0.02	2191	2708867	卖盘
10:00:18	12.38	--	93	115134	买盘
10:00:13	12.38	--	3368	4169584	卖盘
10:00:08	12.38	-0.01	1019	1261522	卖盘
10:00:03	12.39	0.01	1642	2034933	买盘
09:59:58	12.38	-0.01	887	1098106	卖盘
09:59:53	12.39	--	1723	2134797	卖盘
09:59:48	12.39	-0.01	171	211869	卖盘
09:59:43	12.4	--	476	590240	买盘
09:59:38	12.4	--	530	657200	卖盘
09:59:33	12.4	--	307	380680	卖盘
09:59:28	12.4	-0.02	3980	4935200	卖盘
09:59:23	12.42	--	1891	2348622	买盘
09:59:18	12.42	-0.01	1677	2082834	卖盘
09:59:13	12.43	-0.01	630	783090	中性盘
09:59:08	12.44	--	2036	2532784	买盘
09:59:03	12.44	0.01	258	320952	中性盘
09:58:57	12.43	-0.02	257	319451	卖盘
09:58:53	12.45	--	450	560250	卖盘
09:58:48	12.45	0.03	1740	2166300	买盘
09:58:42	12.42	--	143	177606	买盘
09:58:38	12.42	0.01	546	678132	中性盘
09:58:33	12.41	-0.01	1288	1598408	卖盘
09:58:27	12.42	0.01	49	60858	卖盘
09:58:22	12.41	-0.01	725	899725	卖盘
09:58:17	12.42	--	749	930258	买盘
09:58:12	12.42	--	154	191268	卖盘
09:58:07	12.42	--	439	545238	卖盘
09:58:03	12.42	--	735	912870	买盘
09:57:57	12.42	--	2630	3266460	买盘
09:57:52	12.42	0.01	731	907902	买盘
09:57:48	12.41	--	771	957543	卖盘
09:57:42	12.41	-0.01	824	1022584	卖盘
09:57:37	12.42	--	889	1104138	买盘
09:57:33	12.42	-0.01	1165	1447439	卖盘
09:57:27	12.43	-0.01	409	508387	卖盘
09:57:22	12.44	--	1327	1651521	卖盘
09:57:18	12.44	-0.01	280	348320	卖盘
09:57:12	12.45	--	453	563985	买盘
09:57:07	12.45	0.01	710	883950	买盘
09:57:03	12.44	-0.02	1040	1293760	卖盘
09:56:57	12.46	0.01	380	473480	买盘
09:56:52	12.45	--	1145	1425525	卖盘
09:56:48	12.45	-0.01	1813	2257185	卖盘
09:56:42	12.46	--	272	338912	买盘
09:56:37	12.46	-0.03	3742	4662532	卖盘
09:56:33	12.49	0.01	813	1015437	买盘
09:56:27	12.48	-0.01	1530	1909440	中性盘
09:56:22	12.49	--	2062	2575438	卖盘
09:56:17	12.49	-0.01	1392	1738608	卖盘
09:56:12	12.5	--	742	927500	买盘
09:56:07	12.5	0.02	2900	3625000	买盘
09:56:02	12.48	-0.01	2552	3184896	卖盘
09:55:57	12.49	--	1616	2018384	买盘
09:55:52	12.49	0.01	2789	3483461	买盘
09:55:47	12.48	--	1609	2008032	买盘
09:55:42	12.48	-0.01	723	902304	卖盘
09:55:37	12.49	--	3206	4004294	买盘
09:55:32	12.49	--	1551	1937199	买盘
09:55:27	12.49	--	404	504596	买盘
09:55:22	12.49	0.03	1656	2068344	买盘
09:55:17	12.46	-0.01	1249	1556254	卖盘
09:55:12	12.47	--	619	771893	卖盘
09:55:07	12.47	0.01	797	993859	中性盘
09:55:02	12.46	--	11362	14157052	买盘
09:54:57	12.46	0.01	369	459774	买盘
09:54:52	12.45	0.01	2245	2795896	买盘
09:54:47	12.44	-0.01	1487	1849828	卖盘
09:54:42	12.45	--	572	712140	买盘
09:54:37	12.45	0.01	1547	1926015	买盘
09:54:32	12.44	0.01	3382	4207208	买盘
09:54:27	12.43	-0.01	115	142945	卖盘
09:54:22	12.44	0.01	1071	1332324	中性盘
09:54:17	12.43	--	1060	1317580	卖盘
09:54:12	12.43	--	321	399003	卖盘
09:54:07	12.43	-0.02	1080	1342440	卖盘
09:54:02	12.45	0.03	2153	2680485	买盘
09:53:57	12.42	-0.01	650	807300	卖盘
09:53:52	12.43	-0.02	2073	2576739	中性盘
09:53:47	12.45	0.02	5687	7080315	买盘
09:53:42	12.43	0.01	422	524546	买盘
09:53:37	12.42	-0.02	1398	1736316	卖盘
09:53:32	12.44	--	977	1215388	买盘
09:53:27	12.44	--	1044	1298736	买盘
09:53:22	12.44	0.03	993	1235292	买盘
09:53:17	12.41	-0.04	2264	2809624	卖盘
09:53:12	12.45	--	1043	1298535	买盘
09:53:07	12.45	-0.02	2103	2618235	卖盘
09:53:02	12.47	-0.01	6740	8404780	卖盘
09:52:57	12.48	-0.02	6067	7571616	卖盘
09:52:51	12.5	-0.02	2045	2557400	卖盘
09:52:47	12.52	0.01	7445	9321240	买盘
09:52:42	12.51	0.01	3146	3935646	中性盘
09:52:36	12.5	-0.02	1588	1985000	卖盘
09:52:32	12.52	0.02	1523	1906796	买盘
09:52:27	12.5	0.02	5223	6528750	买盘
09:52:21	12.48	--	5523	6892704	买盘
09:52:16	12.48	0.02	3755	4686240	买盘
09:52:11	12.46	--	1696	2113216	卖盘
09:52:06	12.46	--	1188	1480248	卖盘
09:52:01	12.46	0.01	4727	5890340	买盘
09:51:57	12.45	0.02	4779	5949855	买盘
09:51:51	12.43	--	5210	6476030	买盘
09:51:46	12.43	-0.01	5627	6994361	中性盘
09:51:42	12.44	--	1094	1360936	买盘
09:51:36	12.44	0.02	2607	3243530	买盘
09:51:31	12.42	--	10950	13600719	买盘
09:51:27	12.42	0.02	2298	2854116	买盘
09:51:21	12.4	-0.01	386	478640	卖盘
09:51:16	12.41	0.02	1458	1809799	买盘
09:51:12	12.39	0.02	7040	8722560	买盘
09:51:06	12.37	-0.01	1703	2106611	卖盘
09:51:01	12.38	0.02	4822	5970094	买盘
09:50:57	12.36	--	315	389340	卖盘
09:50:51	12.36	--	507	626652	卖盘
09:50:46	12.36	0.01	3691	4562570	买盘
09:50:42	12.35	--	2237	2762695	买盘
09:50:36	12.35	--	282	348270	买盘
09:50:31	12.35	--	3103	3832205	买盘
09:50:27	12.35	-0.01	1367	1688245	卖盘
09:50:21	12.36	--	411	507996	买盘
09:50:16	12.36	--	428	529008	买盘
09:50:11	12.36	0.01	1593	1968948	买盘
09:50:06	12.35	--	2271	2804685	卖盘
09:50:01	12.35	0.01	197	243295	中性盘
09:49:56	12.34	--	2646	3265164	卖盘
09:49:51	12.34	--	797	983498	卖盘
09:49:46	12.34	--	2838	3502092	买盘
09:49:41	12.34	--	2476	3055384	买盘
09:49:36	12.34	--	2278	2811989	买盘
09:49:31	12.34	--	575	709550	买盘
09:49:26	12.34	--	832	1026688	买盘
09:49:21	12.34	0.01	418	515812	买盘
09:49:16	12.33	-0.02	2050	2527650	卖盘
09:49:11	12.35	0.02	1543	1905605	买盘
09:49:06	12.33	--	640	789120	卖盘
09:49:01	12.33	--	1871	2306943	卖盘
09:48:56	12.33	--	2531	3121055	买盘
09:48:51	12.33	0.01	835	1029555	买盘
09:48:46	12.32	--	460	566720	中性盘
09:48:41	12.32	-0.02	2100	2588099	卖盘
09:48:36	12.34	--	208	256672	卖盘
09:48:31	12.34	--	1882	2322708	买盘
09:48:26	12.34	0.02	1666	2055856	买盘
09:48:21	12.32	-0.01	7902	9735264	卖盘
09:48:16	12.33	-0.01	2915	3594195	中性盘
09:48:11	12.34	-0.01	2882	3556388	卖盘
09:48:06	12.35	0.01	1360	1679600	买盘
09:48:01	12.34	-0.01	2438	3008492	卖盘
09:47:56	12.35	--	2051	2532985	买盘
09:47:51	12.35	-0.01	972	1200420	卖盘
09:47:46	12.36	0.01	2720	3361920	买盘
09:47:41	12.35	--	6731	8312785	卖盘
09:47:36	12.35	-0.01	1463	1806805	卖盘
09:47:31	12.36	--	5448	6733728	买盘
09:47:26	12.36	-0.01	3222	3982392	卖盘
09:47:21	12.37	--	578	714986	买盘
09:47:16	12.37	0.01	2833	3504421	买盘
09:47:11	12.36	-0.01	2788	3445968	卖盘
09:47:06	12.37	0.01	1266	1566042	买盘
09:47:01	12.36	0.01	3384	4182624	买盘
09:46:56	12.35	--	4988	6160180	买盘
09:46:51	12.35	0.01	2534	3129490	买盘
09:46:45	12.34	--	1360	1678240	买盘
09:46:41	12.34	--	2793	3446562	卖盘
09:46:36	12.34	--	4807	5931838	卖盘
09:46:30	12.34	--	724	893416	卖盘
09:46:25	12.34	0.01	1181	1457354	买盘
09:46:21	12.33	--	2158	2660814	卖盘
09:46:15	12.33	0.01	447	551151	买盘
09:46:10	12.32	--	757	932624	买盘
09:46:05	12.32	-0.01	787	969584	卖盘
09:46:00	12.33	0.03	461	568413	买盘
09:45:55	12.3	-0.01	1701	2092230	卖盘
09:45:50	12.31	-0.03	2256	2777136	卖盘
09:45:45	12.34	0.01	899	1109366	买盘
09:45:40	12.33	--	1645	2028285	买盘
09:45:36	12.33	-0.01	2133	2629989	中性盘
09:45:30	12.34	0.01	792	977328	买盘
09:45:25	12.33	-0.02	1913	2358729	卖盘
09:45:20	12.35	-0.02	5234	6463990	卖盘
09:45:15	12.37	0.01	1040	1286480	买盘
09:45:10	12.36	-0.02	3653	4515108	卖盘
09:45:05	12.38	--	3983	4930954	买盘
09:45:00	12.38	-0.01	2435	3014530	中性盘
09:44:55	12.39	-0.01	4563	5653557	卖盘
09:44:50	12.4	0.02	10448	12955520	买盘
09:44:45	12.38	-0.01	678	839364	卖盘
09:44:40	12.39	0.02	9736	12062904	买盘
09:44:36	12.37	0.02	5730	7088010	买盘
09:44:30	12.35	-0.03	539	665665	卖盘
09:44:25	12.38	0.01	3525	4363950	买盘
09:44:20	12.37	0.03	3326	4114261	买盘
09:44:15	12.34	0.02	473	583682	买盘
09:44:10	12.32	0.02	5350	6591200	买盘
09:44:05	12.3	0.02	4616	5677692	买盘
09:44:00	12.28	-0.01	1697	2084763	卖盘
09:43:55	12.29	0.01	1796	2207284	买盘
09:43:50	12.28	0.01	2126	2611108	买盘
09:43:45	12.27	--	1039	1274853	卖盘
09:43:40	12.27	--	3021	3706951	卖盘
09:43:35	12.27	--	1180	1447860	卖盘
09:43:30	12.27	0.01	3180	3901860	卖盘
09:43:25	12.26	-0.01	7069	8666594	卖盘
09:43:20	12.27	0.01	3375	4142057	买盘
09:43:15	12.26	0.02	1364	1672264	买盘
09:43:10	12.24	-0.02	2623	3210552	卖盘
09:43:05	12.26	--	2547	3122622	卖盘
09:43:00	12.26	--	571	700046	买盘
09:42:55	12.26	0.01	2897	3551722	买盘
09:42:50	12.25	--	2656	3253600	买盘
09:42:45	12.25	--	264	323400	买盘
09:42:40	12.25	-0.01	2641	3235225	卖盘
09:42:35	12.26	--	3220	3947720	卖盘
09:42:30	12.26	-0.01	1127	1381702	卖盘
09:42:25	12.27	--	1590	1950930	买盘
09:42:20	12.27	--	2739	3360753	卖盘
09:42:15	12.27	--	958	1175466	卖盘
09:42:10	12.27	--	2259	2772639	卖盘
09:42:05	12.27	--	2495	3061365	卖盘
09:42:00	12.27	-0.01	1347	1653149	卖盘
09:41:55	12.28	-0.01	2291	2813348	卖盘
09:41:50	12.29	-0.01	2481	3049149	卖盘
09:41:45	12.3	0.03	878	1079940	买盘
09:41:40	12.27	-0.02	6397	7849119	卖盘
09:41:35	12.29	--	1093	1343297	卖盘
09:41:30	12.29	-0.02	1563	1921775	卖盘
09:41:25	12.31	0.03	7066	8698627	买盘
09:41:20	12.28	--	4013	4927964	买盘
09:41:15	12.28	-0.01	2032	2495296	卖盘
09:41:10	12.29	--	3028	3721411	买盘
09:41:05	12.29	0.01	1961	2410069	买盘
09:41:00	12.28	0.01	189	232092	买盘
09:40:55	12.27	--	1199	1471173	卖盘
09:40:50	12.27	--	6889	8452803	卖盘
09:40:45	12.27	0.01	2611	3203697	买盘
09:40:39	12.26	-0.01	1286	1576636	卖盘
09:40:35	12.27	0.01	2223	2727621	买盘
09:40:30	12.26	--	708	868008	卖盘
09:40:24	12.26	--	1031	1264006	买盘
09:40:19	12.26	0.01	2299	2818574	买盘
09:40:15	12.25	--	1472	1803849	买盘
09:40:09	12.25	--	742	908950	买盘
09:40:04	12.25	0.02	1871	2291975	买盘
09:39:59	12.23	-0.02	2284	2793906	卖盘
09:39:54	12.25	--	838	1026550	买盘
09:39:49	12.25	-0.01	4985	6106625	卖盘
09:39:44	12.26	-0.02	7367	9031942	卖盘
09:39:39	12.28	-0.01	1893	2324604	中性盘
09:39:34	12.29	--	4737	5821773	买盘
09:39:29	12.29	0.01	5822	7155237	买盘
09:39:24	12.28	--	1682	2066343	卖盘
09:39:19	12.28	-0.05	4910	6029480	卖盘
09:39:14	12.33	0.03	5578	6877674	买盘
09:39:09	12.3	-0.05	4891	6015930	卖盘
09:39:04	12.35	0.01	13656	16865160	买盘
09:38:59	12.34	0.02	4799	5921966	中性盘
09:38:54	12.32	-0.04	1321	1627472	卖盘
09:38:49	12.36	0.04	4670	5772614	买盘
09:38:44	12.32	0.02	3090	3806880	买盘
09:38:39	12.3	--	319	392370	卖盘
09:38:34	12.3	0.02	8577	10550263	买盘
09:38:29	12.28	0.01	3992	4902176	买盘
09:38:24	12.27	0.01	1424	1748303	买盘
09:38:19	12.26	--	608	745408	买盘
09:38:14	12.26	0.04	4956	6076705	买盘
09:38:09	12.22	-0.01	3050	3727100	卖盘
09:38:04	12.23	0.02	5035	6157805	买盘
09:37:59	12.21	-0.02	2306	2815626	卖盘
09:37:54	12.23	--	1993	2437439	买盘
09:37:49	12.23	0.01	2408	2944984	买盘
09:37:44	12.22	--	3892	4756024	买盘
09:37:39	12.22	0.02	4871	5952362	买盘
09:37:34	12.2	-0.04	8940	10906800	卖盘
09:37:29	12.24	-0.01	6430	7870320	中性盘
09:37:24	12.25	0.01	3864	4733400	买盘
09:37:19	12.24	-0.03	6267	7670808	卖盘
09:37:14	12.27	-0.02	8089	9925203	卖盘
09:37:09	12.29	0.01	3718	4569422	买盘
09:37:04	12.28	-0.01	10909	13396252	卖盘
09:36:59	12.29	--	9648	11857392	买盘
09:36:54	12.29	-0.01	4958	6093382	买盘
09:36:49	12.3	0.01	7841	9644430	买盘
09:36:44	12.29	0.03	3279	4029890	买盘
09:36:39	12.26	-0.04	2094	2567244	卖盘
09:36:34	12.3	0.05	6704	8245920	买盘
09:36:29	12.25	0.01	6353	7782425	买盘
09:36:24	12.24	0.02	3637	4451688	买盘
09:36:19	12.22	-0.03	689	841958	卖盘
09:36:14	12.25	0.02	3030	3711750	买盘
09:36:09	12.23	0.08	5972	7303817	买盘
09:36:04	12.15	-0.06	6586	8001990	卖盘
09:35:59	12.21	0.01	4365	5329665	买盘
09:35:54	12.2	--	2269	2768180	卖盘
09:35:49	12.2	--	1837	2241140	买盘
09:35:44	12.2	0.01	1760	2147200	买盘
09:35:39	12.19	-0.02	2223	2709837	卖盘
09:35:34	12.21	--	2733	3336993	买盘
09:35:29	12.21	0.01	6034	7367514	买盘
09:35:24	12.2	-0.01	584	712480	卖盘
09:35:19	12.21	0.01	2923	3568983	买盘
09:35:14	12.2	-0.03	2842	3467240	卖盘
09:35:09	12.23	0.01	1998	2443554	买盘
09:35:04	12.22	-0.01	7050	8615100	卖盘
09:34:59	12.23	--	5838	7140730	卖盘
09:34:54	12.23	--	2380	2910740	买盘
09:34:49	12.23	-0.02	5855	7160665	卖盘
09:34:44	12.25	--	7271	8906975	买盘
09:34:39	12.25	0.03	5591	6848975	买盘
09:34:33	12.22	-0.01	1949	2381678	卖盘
09:34:29	12.23	--	5397	6601631	买盘
09:34:24	12.23	0.03	8050	9845150	买盘
09:34:18	12.2	0.03	3235	3946700	买盘
09:34:13	12.17	-0.01	4357	5302469	卖盘
09:34:09	12.18	0.01	5040	6138720	买盘
09:34:03	12.17	0.03	1005	1223085	买盘
09:33:58	12.14	0.02	3562	4324753	买盘
09:33:53	12.12	0.02	3741	4534092	买盘
09:33:48	12.1	-0.02	378	457380	卖盘
09:33:43	12.12	0.04	2030	2460360	买盘
09:33:38	12.08	--	1732	2092256	买盘
09:33:33	12.08	0.01	364	439712	买盘
09:33:28	12.07	0.01	407	491249	买盘
09:33:23	12.06	0.01	1854	2235924	买盘
09:33:18	12.05	--	233	280765	买盘
09:33:13	12.05	-0.01	3777	4551285	卖盘
09:33:08	12.06	0.01	964	1162584	买盘
09:33:03	12.05	--	189	227745	卖盘
09:32:58	12.05	--	848	1021840	买盘
09:32:53	12.05	--	1393	1678565	卖盘
09:32:48	12.05	-0.01	2177	2623285	卖盘
09:32:43	12.06	--	837	1009422	买盘
09:32:38	12.06	--	229	276174	买盘
09:32:33	12.06	0.01	556	670536	中性盘
09:32:28	12.05	--	5055	6091275	买盘
09:32:23	12.05	-0.01	1289	1553245	中性盘
09:32:18	12.06	0.01	1917	2311902	买盘
09:32:13	12.05	-0.01	373	449465	卖盘
09:32:08	12.06	0.02	592	713952	买盘
09:32:03	12.04	-0.01	396	476783	卖盘
09:31:58	12.05	0.01	1002	1207410	买盘
09:31:53	12.04	--	1744	2099776	买盘
09:31:48	12.04	--	403	485211	卖盘
09:31:43	12.04	-0.01	797	959587	卖盘
09:31:38	12.05	0.01	642	773610	买盘
09:31:33	12.04	-0.01	2025	2438100	卖盘
09:31:28	12.05	0.02	1618	1949690	买盘
09:31:23	12.03	-0.04	963	1158489	卖盘
09:31:18	12.07	0.01	1853	2236571	买盘
09:31:13	12.06	0.01	1014	1222884	买盘
09:31:08	12.05	0.01	1094	1318270	买盘
09:31:03	12.04	--	728	876511	买盘
09:30:58	12.04	0.01	2564	3087056	买盘
09:30:53	12.03	-0.01	424	510072	中性盘
09:30:48	12.04	0.01	781	940323	买盘
09:30:43	12.03	-0.01	349	419847	卖盘
09:30:38	12.04	--	872	1049888	买盘
09:30:33	12.04	--	281	338324	卖盘
09:30:28	12.04	--	2513	3025652	卖盘
09:30:23	12.04	--	3255	3919019	买盘
09:30:18	12.04	--	39	46956	买盘
09:30:13	12.04	0.03	319	384076	买盘
09:30:08	12.01	-0.01	6506	7814546	卖盘
09:30:03	12.02	--	2647	3181694	买盘
09:28:45	12.02	--	0	0	买盘
09:25:06	12.02	12.02	8164	9813128	买盘
