成交时间	成交价	价格变动	成交量(手)	成交额(元)	性质
15:00:00	5.78	--	0	0	买盘
15:00:00	5.78	--	0	0	买盘
14:59:59	5.78	--	267	154326	买盘
14:59:53	5.78	--	74	42772	买盘
14:59:49	5.78	--	3	1734	买盘
14:59:38	5.78	--	500	289000	买盘
14:59:34	5.78	--	435	251430	买盘
14:59:29	5.78	0.01	120	69360	买盘
14:59:23	5.77	-0.01	125	72125	卖盘
14:59:19	5.78	--	6	3468	买盘
14:59:14	5.78	0.01	2	1156	买盘
14:59:08	5.77	-0.01	314	181178	卖盘
14:59:04	5.78	--	288	166464	买盘
14:58:53	5.78	--	212	122536	买盘
14:58:49	5.78	0.01	102	58956	买盘
14:58:44	5.77	-0.01	10	5770	卖盘
14:58:38	5.78	--	310	179180	买盘
14:58:34	5.78	--	1447	836366	买盘
14:58:23	5.78	--	130	75140	买盘
14:58:19	5.78	--	64	36992	买盘
14:58:14	5.78	--	126	72828	买盘
14:58:08	5.78	0.01	144	83232	买盘
14:58:04	5.77	-0.01	477	275229	卖盘
14:57:53	5.78	--	3013	1741514	买盘
14:57:49	5.78	0.01	19	10982	买盘
14:57:44	5.77	-0.01	10	5770	卖盘
14:57:38	5.78	--	15	8670	买盘
14:57:34	5.78	--	1834	1060052	买盘
14:57:23	5.78	0.01	23	13294	买盘
14:57:19	5.77	-0.01	152	87704	卖盘
14:57:08	5.78	--	54	31212	买盘
14:57:04	5.78	--	5	2890	买盘
14:56:53	5.78	--	127	73406	买盘
14:56:49	5.78	--	5	2890	买盘
14:56:38	5.78	0.01	2	1156	买盘
14:56:34	5.77	--	202	116553	卖盘
14:56:29	5.77	--	10	5770	卖盘
14:56:23	5.77	--	43	24810	卖盘
14:56:19	5.77	-0.01	250	144250	卖盘
14:56:14	5.78	0.01	99	57222	买盘
14:56:08	5.77	-0.01	44	25387	卖盘
14:56:04	5.78	--	89	51442	买盘
14:55:59	5.78	--	10	5780	买盘
14:55:49	5.78	0.01	571	330038	买盘
14:55:44	5.77	--	191	110206	卖盘
14:55:38	5.77	-0.01	1796	1036291	卖盘
14:55:34	5.78	0.01	219	126582	买盘
14:55:29	5.77	-0.01	3	1730	卖盘
14:55:23	5.78	--	315	182070	买盘
14:55:19	5.78	--	100	57800	买盘
14:55:14	5.78	--	11	6358	买盘
14:55:08	5.78	--	822	475116	买盘
14:55:04	5.78	--	422	243916	买盘
14:54:59	5.78	--	319	184382	买盘
14:54:53	5.78	0.01	485	280330	买盘
14:54:49	5.77	--	10	5770	卖盘
14:54:34	5.77	--	20	11540	卖盘
14:54:29	5.77	-0.01	7	4038	卖盘
14:54:23	5.78	0.01	17	9826	买盘
14:54:18	5.77	-0.01	297	171369	卖盘
14:54:13	5.78	--	58	33524	买盘
14:54:08	5.78	--	73	42194	买盘
14:54:04	5.78	0.01	113	65314	买盘
14:53:58	5.77	--	71	40967	卖盘
14:53:53	5.77	-0.01	254	146558	卖盘
14:53:47	5.78	0.01	436	252008	买盘
14:53:32	5.77	-0.01	350	201949	卖盘
14:53:28	5.78	--	96	55488	买盘
14:53:23	5.78	--	75	43835	买盘
14:53:17	5.78	0.01	222	128316	买盘
14:53:13	5.77	-0.01	70	40390	卖盘
14:53:08	5.78	0.01	387	223686	买盘
14:53:02	5.77	--	704	406207	卖盘
14:52:58	5.77	--	264	152328	卖盘
14:52:53	5.77	--	120	69240	卖盘
14:52:47	5.77	--	104	60007	卖盘
14:52:43	5.77	--	2	1154	卖盘
14:52:38	5.77	-0.01	47	27118	卖盘
14:52:32	5.78	--	144	83232	买盘
14:52:23	5.78	0.01	10	5780	买盘
14:52:17	5.77	--	12	6923	卖盘
14:52:13	5.77	-0.01	11	6346	卖盘
14:52:02	5.78	--	574	332113	买盘
14:51:58	5.78	0.01	148	86093	买盘
14:51:53	5.77	-0.01	69	39813	卖盘
14:51:47	5.78	0.01	15	8670	买盘
14:51:43	5.77	--	1	577	卖盘
14:51:32	5.77	-0.01	379	218682	卖盘
14:51:28	5.78	--	10	5780	买盘
14:51:23	5.78	0.01	2	1156	买盘
14:51:13	5.77	-0.01	1	577	卖盘
14:51:08	5.78	0.01	40	23120	买盘
14:51:02	5.77	-0.01	269	155213	卖盘
14:50:58	5.78	--	48	27744	买盘
14:50:47	5.78	0.01	20	11560	买盘
14:50:43	5.77	-0.01	11	6346	卖盘
14:50:38	5.78	0.01	3	1734	买盘
14:50:32	5.77	-0.01	135	77895	卖盘
14:50:23	5.78	0.01	1	578	买盘
14:50:13	5.77	--	20	11540	卖盘
14:50:08	5.77	-0.01	1500	865499	卖盘
14:50:02	5.78	0.01	137	79186	买盘
14:49:58	5.77	--	60	34620	卖盘
14:49:43	5.77	-0.01	87	50198	卖盘
14:49:38	5.78	--	4	2312	买盘
14:49:32	5.78	0.01	483	279174	买盘
14:49:28	5.77	--	305	175985	卖盘
14:49:23	5.77	--	141	81357	卖盘
14:49:17	5.77	--	156	90012	卖盘
14:49:13	5.77	--	220	126939	卖盘
14:49:08	5.77	--	7000	4038999	卖盘
14:49:02	5.77	--	403	232530	卖盘
14:48:58	5.77	-0.01	6	3461	卖盘
14:48:47	5.78	0.01	6	3468	买盘
14:48:43	5.77	-0.01	142	81934	卖盘
14:48:32	5.78	--	189	109242	买盘
14:48:28	5.78	--	48	27744	买盘
14:48:23	5.78	0.01	20	11560	买盘
14:48:17	5.77	--	268	154636	卖盘
14:48:13	5.77	-0.01	2	1154	卖盘
14:48:08	5.78	--	312	180336	买盘
14:48:02	5.78	0.01	574	331772	买盘
14:47:57	5.77	-0.01	399	230222	卖盘
14:47:47	5.78	--	100	57800	买盘
14:47:42	5.78	0.01	29	16762	买盘
14:47:37	5.77	-0.01	7	4038	卖盘
14:47:32	5.78	0.01	208	120224	买盘
14:47:28	5.77	--	33	19041	卖盘
14:47:17	5.77	--	51	29426	卖盘
14:47:11	5.77	--	1	577	卖盘
14:47:02	5.77	--	204	117707	卖盘
14:46:56	5.77	-0.01	1	577	卖盘
14:46:52	5.78	--	137	79186	买盘
14:46:47	5.78	--	304	175712	买盘
14:46:41	5.78	0.01	13	7514	买盘
14:46:32	5.77	-0.01	118	68086	卖盘
14:46:26	5.78	0.01	10	5780	买盘
14:46:17	5.77	--	318	183486	卖盘
14:46:11	5.77	-0.01	23	13270	卖盘
14:46:07	5.78	0.01	647	373966	买盘
14:46:02	5.77	-0.01	145	83665	卖盘
14:45:52	5.78	--	12	6936	买盘
14:45:47	5.78	0.01	1198	692444	买盘
14:45:41	5.77	-0.01	1	577	卖盘
14:45:37	5.78	0.01	310	179180	买盘
14:45:32	5.77	-0.01	44	25387	卖盘
14:45:26	5.78	0.01	976	564128	买盘
14:45:17	5.77	--	200	115399	卖盘
14:45:11	5.77	-0.01	2	1154	卖盘
14:45:07	5.78	--	380	219640	买盘
14:45:02	5.78	--	6	3468	买盘
14:44:56	5.78	--	12	6936	买盘
14:44:52	5.78	--	57	32946	买盘
14:44:47	5.78	0.01	1266	731748	买盘
14:44:41	5.77	-0.01	1	577	卖盘
14:44:37	5.78	0.01	1489	860642	买盘
14:44:32	5.77	-0.01	93	53660	卖盘
14:44:26	5.78	--	179	103462	买盘
14:44:22	5.78	0.01	37	21386	买盘
14:44:17	5.77	-0.01	10	5770	卖盘
14:44:11	5.78	--	395	228310	买盘
14:44:07	5.78	--	204	117912	买盘
14:44:02	5.78	--	12	6936	买盘
14:43:56	5.78	--	18	10404	买盘
14:43:52	5.78	0.01	10	5780	买盘
14:43:41	5.77	--	2	1154	卖盘
14:43:37	5.77	-0.01	251	144827	卖盘
14:43:32	5.78	0.01	42	24276	买盘
14:43:22	5.77	--	24	13847	卖盘
14:43:11	5.77	-0.01	2	1154	卖盘
14:43:07	5.78	--	303	175134	买盘
14:42:56	5.78	--	10	5780	买盘
14:42:41	5.78	--	12	6936	买盘
14:42:37	5.78	0.01	87	50286	买盘
14:42:32	5.77	-0.01	54	31157	卖盘
14:42:26	5.78	--	84	48552	买盘
14:42:22	5.78	--	75	43350	买盘
14:42:17	5.78	0.01	7	4046	买盘
14:42:11	5.77	-0.01	64	36928	卖盘
14:42:07	5.78	--	148	85544	买盘
14:41:56	5.78	0.01	2	1156	买盘
14:41:52	5.77	-0.01	39	22503	卖盘
14:41:41	5.78	0.01	130	75140	买盘
14:41:37	5.77	-0.01	194	111937	卖盘
14:41:31	5.78	--	140	80920	买盘
14:41:21	5.78	--	146	84388	买盘
14:41:16	5.78	0.01	3	1734	买盘
14:41:11	5.77	--	13	7500	卖盘
14:41:05	5.77	-0.01	354	204257	卖盘
14:41:01	5.78	--	43	24854	买盘
14:40:56	5.78	--	193	111554	卖盘
14:40:50	5.78	--	210	121380	卖盘
14:40:41	5.78	--	545	315010	卖盘
14:40:35	5.78	-0.01	161	93058	卖盘
14:40:31	5.79	0.01	42	24318	买盘
14:40:26	5.78	-0.01	287	165886	卖盘
14:40:20	5.79	0.01	109	63111	买盘
14:40:16	5.78	--	16	9248	卖盘
14:40:11	5.78	--	3588	2073864	卖盘
14:40:05	5.78	--	7338	4241364	卖盘
14:40:01	5.78	--	43	24854	卖盘
14:39:50	5.78	-0.01	285	164730	卖盘
14:39:46	5.79	0.01	685	396615	买盘
14:39:41	5.78	-0.01	17	9826	卖盘
14:39:35	5.79	--	100	57900	买盘
14:39:31	5.79	0.01	42	24318	买盘
14:39:20	5.78	--	278	160684	卖盘
14:39:16	5.78	--	1	578	卖盘
14:39:11	5.78	--	5	2890	卖盘
14:39:05	5.78	-0.01	77	44506	卖盘
14:39:01	5.79	0.01	64	37056	买盘
14:38:50	5.78	--	67	38726	卖盘
14:38:46	5.78	-0.01	1	578	卖盘
14:38:41	5.79	--	200	115800	买盘
14:38:35	5.79	0.01	135	78165	买盘
14:38:31	5.78	--	107	61846	卖盘
14:38:20	5.78	--	67	38726	卖盘
14:38:16	5.78	--	1	578	卖盘
14:38:11	5.78	--	58	33524	卖盘
14:38:05	5.78	-0.01	260	150280	卖盘
14:38:01	5.79	0.01	113	65427	买盘
14:37:50	5.78	--	77	44506	卖盘
14:37:46	5.78	-0.01	95	54910	卖盘
14:37:35	5.79	--	82	47478	买盘
14:37:31	5.79	--	52	30108	买盘
14:37:20	5.79	0.01	126	72954	买盘
14:37:16	5.78	-0.01	10	5780	卖盘
14:37:11	5.79	--	1	579	买盘
14:37:05	5.79	--	69	39951	买盘
14:37:01	5.79	0.01	100	57900	买盘
14:36:56	5.78	--	5	2890	卖盘
14:36:50	5.78	--	70	40460	卖盘
14:36:46	5.78	-0.01	1	578	卖盘
14:36:35	5.79	--	80	46320	买盘
14:36:31	5.79	0.01	153	88587	买盘
14:36:20	5.78	-0.01	588	339864	卖盘
14:36:16	5.79	0.01	43	24897	买盘
14:36:05	5.78	-0.01	68	39304	卖盘
14:36:01	5.79	--	66	38214	买盘
14:35:50	5.79	0.01	69	39951	买盘
14:35:46	5.78	-0.01	1	578	卖盘
14:35:35	5.79	--	157	90903	买盘
14:35:31	5.79	0.01	43	24897	买盘
14:35:20	5.78	-0.01	67	38726	卖盘
14:35:15	5.79	--	22	12738	买盘
14:35:10	5.79	--	58	33582	买盘
14:35:05	5.79	0.01	89	51531	买盘
14:34:55	5.78	--	40	23120	卖盘
14:34:50	5.78	--	67	38726	卖盘
14:34:45	5.78	--	18	10404	卖盘
14:34:40	5.78	-0.01	76	43928	卖盘
14:34:35	5.79	0.01	91	52689	买盘
14:34:29	5.78	-0.01	203	117334	卖盘
14:34:25	5.79	0.01	1	579	买盘
14:34:20	5.78	--	223	128894	卖盘
14:34:14	5.78	-0.01	479	277151	卖盘
14:34:10	5.79	0.01	1	584	买盘
14:34:05	5.78	--	326	188428	卖盘
14:33:50	5.78	--	227	131206	卖盘
14:33:44	5.78	--	201	116178	卖盘
14:33:40	5.78	-0.01	24	13872	卖盘
14:33:35	5.79	0.01	71	41109	买盘
14:33:29	5.78	-0.01	121	69938	卖盘
14:33:25	5.79	0.01	2	1158	买盘
14:33:20	5.78	--	67	38726	卖盘
14:33:14	5.78	--	221	127738	卖盘
14:33:05	5.78	--	675	390150	卖盘
14:32:59	5.78	--	81	46818	卖盘
14:32:55	5.78	--	4	2312	卖盘
14:32:50	5.78	--	87	50286	卖盘
14:32:44	5.78	-0.01	51	29478	卖盘
14:32:40	5.79	0.01	68	39372	买盘
14:32:35	5.78	--	138	79764	卖盘
14:32:29	5.78	--	55	31790	卖盘
14:32:25	5.78	--	399	230622	卖盘
14:32:20	5.78	--	242	140217	卖盘
14:32:14	5.78	--	294	169932	卖盘
14:32:10	5.78	--	190	109820	卖盘
14:32:05	5.78	--	68	39304	卖盘
14:31:59	5.78	--	242	139876	卖盘
14:31:55	5.78	--	200	115600	卖盘
14:31:50	5.78	--	160	92653	卖盘
14:31:44	5.78	--	56	32368	卖盘
14:31:40	5.78	--	105	60690	卖盘
14:31:35	5.78	-0.01	89	51442	卖盘
14:31:29	5.79	0.01	215	124485	买盘
14:31:25	5.78	--	7	4046	卖盘
14:31:20	5.78	--	208	120224	卖盘
14:31:14	5.78	-0.01	257	148546	卖盘
14:31:10	5.79	0.01	58	33582	买盘
14:31:05	5.78	--	68	39304	卖盘
14:30:59	5.78	-0.01	1	578	卖盘
14:30:55	5.79	0.01	26	15054	买盘
14:30:50	5.78	-0.01	67	38726	卖盘
14:30:44	5.79	0.01	72	41688	买盘
14:30:35	5.78	-0.01	72	41616	卖盘
14:30:29	5.79	0.01	218	126222	买盘
14:30:25	5.78	--	154	89012	卖盘
14:30:20	5.78	--	67	38726	卖盘
14:30:14	5.78	--	21	12138	卖盘
14:30:10	5.78	--	49	28322	卖盘
14:30:05	5.78	--	86	49708	卖盘
14:29:59	5.78	--	87	50286	卖盘
14:29:50	5.78	-0.01	15	8670	卖盘
14:29:44	5.79	0.01	101	58479	买盘
14:29:40	5.78	0.01	4845	2800410	买盘
14:29:35	5.77	--	135	77895	卖盘
14:29:29	5.77	--	98	56545	卖盘
14:29:25	5.77	--	102	58853	卖盘
14:29:14	5.77	-0.01	464	267728	卖盘
14:29:09	5.78	0.01	440	254320	买盘
14:29:05	5.77	-0.01	135	77895	卖盘
14:28:59	5.78	--	66	38148	买盘
14:28:55	5.78	--	310	179180	买盘
14:28:44	5.78	0.01	52	30056	买盘
14:28:39	5.77	--	56	32311	卖盘
14:28:34	5.77	-0.01	126	72702	卖盘
14:28:29	5.78	--	54	31212	买盘
14:28:24	5.78	0.01	12	6936	买盘
14:28:19	5.77	-0.01	4	2308	卖盘
14:28:14	5.78	--	182	105196	买盘
14:28:08	5.78	0.01	22	12716	买盘
14:28:04	5.77	-0.01	92	53083	卖盘
14:27:59	5.78	--	100	57800	买盘
14:27:53	5.78	--	180	104040	买盘
14:27:49	5.78	0.01	50	28900	买盘
14:27:44	5.77	--	1	577	卖盘
14:27:38	5.77	-0.01	155	89435	卖盘
14:27:34	5.78	0.01	264	152592	买盘
14:27:29	5.77	-0.01	88	50775	卖盘
14:27:23	5.78	--	54	31212	买盘
14:27:19	5.78	0.01	143	82654	买盘
14:27:14	5.77	-0.01	161	92897	卖盘
14:27:08	5.78	0.01	59	34102	买盘
14:27:04	5.77	-0.01	104	60007	卖盘
14:26:53	5.78	--	64	36992	买盘
14:26:44	5.78	--	11	6358	买盘
14:26:38	5.78	0.01	120	69360	买盘
14:26:34	5.77	-0.01	31	17887	卖盘
14:26:29	5.78	0.01	848	490144	买盘
14:26:23	5.77	--	1	577	卖盘
14:26:19	5.77	-0.01	61	35197	卖盘
14:26:14	5.78	0.01	11	6358	买盘
14:26:08	5.77	--	558	321966	卖盘
14:26:04	5.77	-0.01	412	237723	卖盘
14:25:59	5.78	--	11	6358	买盘
14:25:53	5.78	0.01	62	35836	买盘
14:25:49	5.77	-0.01	247	142519	卖盘
14:25:44	5.78	0.01	7	4046	买盘
14:25:38	5.77	-0.01	189	109052	卖盘
14:25:34	5.78	--	217	125426	买盘
14:25:29	5.78	-0.01	4139	2392342	卖盘
14:25:19	5.79	--	15	8685	买盘
14:25:14	5.79	--	2	1158	买盘
14:25:08	5.79	0.01	2	1158	买盘
14:25:04	5.78	-0.01	202	116756	卖盘
14:24:53	5.79	0.01	261	151119	买盘
14:24:49	5.78	--	295	170510	卖盘
14:24:44	5.78	--	1	578	卖盘
14:24:38	5.78	--	180	104040	卖盘
14:24:34	5.78	--	900	520200	卖盘
14:24:29	5.78	--	150	86700	卖盘
14:24:23	5.78	-0.01	93	53754	卖盘
14:24:19	5.79	--	23	13317	买盘
14:24:14	5.79	0.01	5	2895	买盘
14:24:08	5.78	--	1057	610946	卖盘
14:24:04	5.78	-0.01	190	109820	卖盘
14:23:59	5.79	0.01	68	39372	买盘
14:23:53	5.78	--	655	378590	卖盘
14:23:49	5.78	--	418	241777	买盘
14:23:44	5.78	--	164	94792	买盘
14:23:38	5.78	0.01	1586	916708	买盘
14:23:34	5.77	-0.01	592	341584	卖盘
14:23:29	5.78	--	33	19074	买盘
14:23:23	5.78	--	6229	3600362	买盘
14:23:19	5.78	--	839	484942	买盘
14:23:14	5.78	--	53	30634	买盘
14:23:08	5.78	--	531	306918	买盘
14:23:04	5.78	--	2384	1377952	买盘
14:22:59	5.78	0.01	105	60690	买盘
14:22:53	5.77	-0.01	117	67509	卖盘
14:22:49	5.78	--	396	228888	买盘
14:22:43	5.78	--	87	50286	买盘
14:22:38	5.78	--	342	197676	买盘
14:22:34	5.78	--	515	297670	买盘
14:22:29	5.78	--	80	46240	买盘
14:22:23	5.78	--	918	530604	买盘
14:22:18	5.78	--	1273	735794	买盘
14:22:13	5.78	0.01	19	10982	买盘
14:22:08	5.77	-0.01	7	4038	卖盘
14:22:03	5.78	--	2694	1557132	买盘
14:21:58	5.78	--	5	2890	买盘
14:21:53	5.78	0.01	64	36992	买盘
14:21:48	5.77	-0.01	117	67509	卖盘
14:21:43	5.78	0.01	21	12138	买盘
14:21:38	5.77	-0.01	77	44429	卖盘
14:21:32	5.78	--	597	345066	买盘
14:21:23	5.78	--	40	23120	买盘
14:21:17	5.78	--	271	156638	买盘
14:21:13	5.78	--	3	1734	买盘
14:21:08	5.78	0.01	72	41616	买盘
14:21:02	5.77	-0.01	1371	791066	卖盘
14:20:58	5.78	--	1	578	买盘
14:20:53	5.78	--	515	297670	买盘
14:20:47	5.78	0.01	104	60112	买盘
14:20:43	5.77	-0.01	1	577	卖盘
14:20:38	5.78	0.01	2	1156	买盘
14:20:32	5.77	-0.01	110	63469	卖盘
14:20:23	5.78	0.01	141	81498	买盘
14:20:17	5.77	-0.01	85	49045	卖盘
14:20:13	5.78	0.01	3	1734	买盘
14:20:08	5.77	--	110	63469	卖盘
14:20:02	5.77	--	137	79049	卖盘
14:19:53	5.77	--	195	112514	卖盘
14:19:47	5.77	--	217	125208	卖盘
14:19:43	5.77	-0.01	2	1154	卖盘
14:19:38	5.78	0.01	63	36414	买盘
14:19:32	5.77	-0.01	221	127516	卖盘
14:19:28	5.78	--	5	2890	买盘
14:19:17	5.78	--	158	91324	买盘
14:19:13	5.78	--	98	56644	买盘
14:19:08	5.78	0.01	69	39882	买盘
14:19:02	5.77	--	178	102705	卖盘
14:18:58	5.77	-0.01	103	59430	卖盘
14:18:47	5.78	0.01	169	97682	买盘
14:18:43	5.77	-0.01	21	12117	卖盘
14:18:38	5.78	--	104	60112	买盘
14:18:32	5.78	0.01	175	101150	买盘
14:18:28	5.77	-0.01	57	32889	卖盘
14:18:23	5.78	0.01	11	6358	买盘
14:18:17	5.77	-0.01	67	38659	卖盘
14:18:13	5.78	--	3	1734	买盘
14:18:08	5.78	--	52	30056	买盘
14:18:02	5.78	0.01	162	93636	买盘
14:17:58	5.77	-0.01	42	24234	卖盘
14:17:53	5.78	0.01	11	6358	买盘
14:17:47	5.77	--	154	88858	卖盘
14:17:43	5.77	-0.01	2	1154	卖盘
14:17:38	5.78	0.01	20	11560	买盘
14:17:32	5.77	-0.01	310	178870	卖盘
14:17:28	5.78	0.01	30	17340	买盘
14:17:17	5.77	-0.01	68	39236	卖盘
14:17:13	5.78	--	59	34102	买盘
14:17:02	5.78	--	450	260100	买盘
14:16:47	5.78	0.01	100	57800	买盘
14:16:43	5.77	--	1	577	卖盘
14:16:37	5.77	--	71	40967	卖盘
14:16:32	5.77	-0.01	111	64046	卖盘
14:16:22	5.78	0.01	1476	853128	买盘
14:16:17	5.77	-0.01	72	41544	卖盘
14:16:13	5.78	--	120	69360	买盘
14:16:02	5.78	--	136	78608	买盘
14:15:58	5.78	0.01	200	115600	买盘
14:15:47	5.77	--	67	38659	卖盘
14:15:42	5.77	-0.01	88	50775	卖盘
14:15:37	5.78	0.01	66	38148	买盘
14:15:32	5.77	-0.01	68	39236	卖盘
14:15:28	5.78	--	42	24276	买盘
14:15:17	5.78	--	176	101728	买盘
14:15:12	5.78	0.01	76	43928	买盘
14:15:07	5.77	--	1	577	卖盘
14:15:02	5.77	-0.01	228	131556	卖盘
14:14:56	5.78	--	44	25432	买盘
14:14:52	5.78	0.01	22	12716	买盘
14:14:47	5.77	--	285	164445	卖盘
14:14:41	5.77	-0.01	31	17887	卖盘
14:14:37	5.78	0.01	117	67626	买盘
14:14:32	5.77	-0.01	227	130978	卖盘
14:14:26	5.78	0.01	423	244494	买盘
14:14:22	5.77	--	330	190410	卖盘
14:14:17	5.77	-0.01	173	99820	卖盘
14:14:11	5.78	--	27	15606	买盘
14:14:07	5.78	--	7	4046	买盘
14:14:02	5.78	0.01	69	39882	买盘
14:13:56	5.77	--	931	537187	买盘
14:13:52	5.77	--	15	8655	买盘
14:13:47	5.77	0.01	2177	1256129	买盘
14:13:41	5.76	-0.01	1	576	卖盘
14:13:37	5.77	0.01	311	179447	买盘
14:13:32	5.76	-0.01	222	127872	卖盘
14:13:26	5.77	--	2	1154	买盘
14:13:17	5.77	--	612	353124	买盘
14:13:11	5.77	0.01	58	33466	买盘
14:13:07	5.76	-0.01	145	83520	卖盘
14:13:02	5.77	--	67	38659	买盘
14:12:56	5.77	--	159	91743	买盘
14:12:52	5.77	0.01	20	11540	买盘
14:12:47	5.76	-0.01	20	11520	卖盘
14:12:41	5.77	0.01	2099	1211123	买盘
14:12:37	5.76	-0.01	155	89280	卖盘
14:12:32	5.77	--	68	39236	买盘
14:12:26	5.77	--	3	1730	买盘
14:12:17	5.77	0.01	10	5770	买盘
14:12:11	5.76	-0.01	4	2304	卖盘
14:12:07	5.77	--	176	101551	买盘
14:12:02	5.77	0.01	67	38659	买盘
14:11:56	5.76	--	82	47232	卖盘
14:11:52	5.76	--	34	19584	卖盘
14:11:41	5.76	-0.01	2	1152	卖盘
14:11:32	5.77	--	67	38659	买盘
14:11:26	5.77	--	110	63469	卖盘
14:11:22	5.77	--	92	53083	卖盘
14:11:11	5.77	--	2	1154	卖盘
14:11:07	5.77	-0.01	68	39236	卖盘
14:11:01	5.78	--	67	38726	买盘
14:10:56	5.78	0.01	58	33524	买盘
14:10:52	5.77	--	144	83088	卖盘
14:10:41	5.77	--	301	173677	卖盘
14:10:37	5.77	--	109	62892	卖盘
14:10:26	5.77	--	37	21349	卖盘
14:10:22	5.77	--	70	40390	卖盘
14:10:11	5.77	--	3	1730	卖盘
14:10:07	5.77	0.01	462	266574	卖盘
14:09:56	5.76	-0.01	723	416724	卖盘
14:09:51	5.77	--	60	34620	卖盘
14:09:46	5.77	0.01	4	2308	买盘
14:09:41	5.76	-0.01	3	1728	卖盘
14:09:36	5.77	--	111	64046	买盘
14:09:31	5.77	0.01	48	27695	买盘
14:09:26	5.76	-0.01	77	44352	卖盘
14:09:21	5.77	-0.01	20	11540	中性盘
14:09:16	5.78	--	23	13698	买盘
14:09:11	5.78	0.02	125	72250	买盘
14:09:07	5.76	-0.02	33	19008	卖盘
14:09:01	5.78	0.02	53	30634	买盘
14:08:56	5.76	-0.01	175	100800	卖盘
14:08:50	5.77	0.01	20	11540	卖盘
14:08:46	5.76	--	2	1152	卖盘
14:08:41	5.76	-0.01	187	107712	卖盘
14:08:35	5.77	--	140	81097	买盘
14:08:31	5.77	0.01	120	69240	买盘
14:08:20	5.76	-0.01	94	54144	卖盘
14:08:16	5.77	--	15	8655	买盘
14:08:11	5.77	--	24	13847	买盘
14:08:05	5.77	--	1	577	买盘
14:08:01	5.77	--	49	28272	买盘
14:07:56	5.77	0.01	196	113091	买盘
14:07:50	5.76	-0.01	16	9216	卖盘
14:07:46	5.77	0.01	2	1154	买盘
14:07:41	5.76	-0.01	2	1152	卖盘
14:07:35	5.77	--	159	91743	买盘
14:07:31	5.77	0.01	145	83665	买盘
14:07:26	5.76	-0.01	111	63936	卖盘
14:07:20	5.77	0.01	71	40967	买盘
14:07:11	5.76	--	122	70272	卖盘
14:07:05	5.76	--	165	95040	卖盘
14:07:01	5.76	-0.01	64	36864	卖盘
14:06:56	5.77	--	102	58853	买盘
14:06:50	5.77	0.01	30	17310	买盘
14:06:41	5.76	-0.01	262	151251	卖盘
14:06:35	5.77	0.01	5	2885	买盘
14:06:31	5.76	--	23	13248	卖盘
14:06:26	5.76	-0.01	69	39744	卖盘
14:06:20	5.77	--	570	329149	卖盘
14:06:16	5.77	-0.01	143	82828	卖盘
14:06:11	5.78	--	2	1156	买盘
14:06:05	5.78	--	79	45662	买盘
14:06:00	5.78	--	43	24854	买盘
14:05:56	5.78	0.01	58	33524	买盘
14:05:50	5.77	--	84	48468	卖盘
14:05:46	5.77	--	21	12117	卖盘
14:05:35	5.77	--	114	65778	卖盘
14:05:31	5.77	--	125	72125	卖盘
14:05:26	5.77	0.01	27	15578	买盘
14:05:20	5.76	-0.02	74	42624	卖盘
14:05:16	5.78	0.01	96	55488	买盘
14:05:11	5.77	-0.01	333	192141	卖盘
14:05:05	5.78	--	71	41038	买盘
14:05:01	5.78	--	43	24854	买盘
14:04:56	5.78	0.01	74	42772	买盘
14:04:50	5.77	--	86	49621	卖盘
14:04:46	5.77	--	12	6923	卖盘
14:04:35	5.77	--	68	39236	卖盘
14:04:31	5.77	--	18	10386	卖盘
14:04:20	5.77	--	173	99820	买盘
14:04:16	5.77	--	58	33466	买盘
14:04:10	5.77	--	21	12117	买盘
14:04:05	5.77	--	248	143228	买盘
14:04:01	5.77	--	117	67509	买盘
14:03:55	5.77	--	107	61738	买盘
14:03:50	5.77	0.01	1	577	买盘
14:03:46	5.76	-0.01	4	2304	卖盘
14:03:40	5.77	0.01	300	173100	买盘
14:03:35	5.76	-0.01	183	105408	卖盘
14:03:31	5.77	--	72	41544	买盘
14:03:25	5.77	--	5	2885	买盘
14:03:20	5.77	--	10	5770	买盘
14:03:15	5.77	--	215	124054	买盘
14:03:10	5.77	--	1	577	买盘
14:03:05	5.77	--	346	199641	买盘
14:03:00	5.77	--	93	53660	买盘
14:02:55	5.77	0.01	58	33466	买盘
14:02:50	5.76	--	17	9792	卖盘
14:02:45	5.76	-0.01	24	13824	卖盘
14:02:40	5.77	--	4	2308	买盘
14:02:35	5.77	0.01	188	108475	买盘
14:02:30	5.76	-0.01	248	142848	卖盘
14:02:25	5.77	0.01	20	11540	买盘
14:02:20	5.76	-0.01	31	17856	卖盘
14:02:15	5.77	--	127	73279	买盘
14:02:10	5.77	--	2	1154	买盘
14:02:05	5.77	--	140	80780	买盘
14:02:00	5.77	--	137	79049	买盘
14:01:55	5.77	--	130	75010	买盘
14:01:50	5.77	0.01	97	55968	买盘
14:01:44	5.76	-0.01	1	576	卖盘
14:01:40	5.77	--	2	1154	买盘
14:01:29	5.77	--	144	83088	买盘
14:01:25	5.77	-0.01	1	577	卖盘
14:01:14	5.78	--	103	59534	买盘
14:01:10	5.78	0.01	373	215594	买盘
14:01:05	5.77	--	90	51929	买盘
14:00:59	5.77	--	97	55968	买盘
14:00:55	5.77	0.01	59	34043	买盘
14:00:50	5.76	--	39	22464	卖盘
14:00:44	5.76	-0.01	356	205056	卖盘
14:00:35	5.77	--	68	39236	卖盘
14:00:29	5.77	--	10	5770	卖盘
14:00:20	5.77	-0.01	65	37505	卖盘
14:00:14	5.78	--	20	11560	买盘
14:00:09	5.78	0.01	100	57800	买盘
14:00:05	5.77	--	123	70971	买盘
13:59:59	5.77	--	67	38659	买盘
13:59:54	5.77	0.01	58	33466	买盘
13:59:50	5.76	--	14	8064	卖盘
13:59:44	5.76	--	1	576	卖盘
13:59:35	5.76	--	122	70272	卖盘
13:59:29	5.76	--	98	56448	卖盘
13:59:25	5.76	-0.01	93	53568	卖盘
13:59:20	5.77	--	67	38659	卖盘
13:59:14	5.77	--	290	167330	买盘
13:59:10	5.77	--	28	16155	买盘
13:59:05	5.77	--	158	91166	卖盘
13:58:59	5.77	-0.01	109	62892	卖盘
13:58:55	5.78	0.01	95	55146	买盘
13:58:44	5.77	--	1	577	卖盘
13:58:40	5.77	--	68	39236	卖盘
13:58:35	5.77	--	135	78235	买盘
13:58:29	5.77	--	37	21349	买盘
13:58:25	5.77	--	62	36010	卖盘
13:58:20	5.77	-0.01	25	14424	卖盘
13:58:14	5.78	0.01	5	2890	买盘
13:58:10	5.77	--	700	403899	卖盘
13:58:05	5.77	-0.01	202	116553	卖盘
13:57:54	5.78	0.01	159	91902	买盘
13:57:50	5.77	-0.01	20	11540	卖盘
13:57:44	5.78	0.01	3	1734	买盘
13:57:35	5.77	-0.01	135	77895	卖盘
13:57:29	5.78	--	31	17918	买盘
13:57:14	5.78	--	103	59534	买盘
13:57:04	5.78	0.01	62	35836	买盘
13:56:59	5.77	--	13	7841	买盘
13:56:55	5.77	--	163	94051	买盘
13:56:49	5.77	--	91	52506	买盘
13:56:44	5.77	0.01	310	178870	买盘
13:56:40	5.76	--	152	87552	卖盘
13:56:34	5.76	-0.01	135	77760	卖盘
13:56:29	5.77	--	20	11540	买盘
13:56:25	5.77	--	37	21349	买盘
13:56:19	5.77	--	30	17310	买盘
13:56:14	5.77	--	4	2308	买盘
13:56:09	5.77	0.01	2	1154	买盘
13:56:04	5.76	-0.01	145	83520	卖盘
13:55:59	5.77	--	423	244070	买盘
13:55:55	5.77	0.01	151	87127	买盘
13:55:49	5.76	-0.01	1	576	卖盘
13:55:44	5.77	0.01	1001	577577	买盘
13:55:34	5.76	-0.01	135	77760	卖盘
13:55:24	5.77	--	20	11540	买盘
13:55:19	5.77	0.01	424	244647	买盘
13:55:14	5.76	--	1	576	卖盘
13:55:09	5.76	--	2	1152	卖盘
13:55:04	5.76	-0.01	179	103104	卖盘
13:54:53	5.77	0.01	88	50775	买盘
13:54:44	5.76	-0.01	1	576	卖盘
13:54:38	5.77	--	122	70394	买盘
13:54:34	5.77	0.01	62	35774	买盘
13:54:29	5.76	--	18	10368	卖盘
13:54:23	5.76	--	1	576	卖盘
13:54:14	5.76	-0.01	1	576	卖盘
13:54:08	5.77	0.01	3	1730	买盘
13:54:04	5.76	-0.01	2135	1229760	卖盘
13:53:59	5.77	--	10	5770	买盘
13:53:53	5.77	--	80	46160	买盘
13:53:49	5.77	0.01	50	28849	买盘
13:53:44	5.76	--	2	1152	卖盘
13:53:38	5.76	--	17	9792	卖盘
13:53:34	5.76	-0.01	136	78336	卖盘
13:53:29	5.77	--	137	79049	买盘
13:53:23	5.77	--	522	301194	买盘
13:53:14	5.77	0.01	19	10963	买盘
13:53:08	5.76	--	6	3456	卖盘
13:53:04	5.76	-0.01	185	106560	卖盘
13:52:53	5.77	--	178	102705	买盘
13:52:49	5.77	0.01	18	10386	买盘
13:52:44	5.76	-0.01	1	576	卖盘
13:52:38	5.77	0.01	19	10963	买盘
13:52:34	5.76	-0.01	135	77760	卖盘
13:52:14	5.77	--	19	10963	买盘
13:52:08	5.77	--	2	1154	买盘
13:51:59	5.77	--	21	12117	买盘
13:51:53	5.77	--	59	34043	买盘
13:51:48	5.77	--	2447	1412155	卖盘
13:51:44	5.77	--	2	1154	卖盘
13:51:34	5.77	--	584	337308	买盘
13:51:29	5.77	--	108	62315	买盘
13:51:23	5.77	--	288	166176	买盘
13:51:19	5.77	--	21	12117	买盘
13:51:14	5.77	--	4	2308	买盘
13:51:08	5.77	0.01	2	1154	买盘
13:51:04	5.76	-0.01	144	82944	卖盘
13:50:59	5.77	--	4	2308	买盘
13:50:53	5.77	--	58	33466	买盘
13:50:48	5.77	0.01	97	55968	买盘
13:50:43	5.76	-0.01	22	12672	卖盘
13:50:38	5.77	--	368	212572	卖盘
13:50:34	5.77	--	187	107898	卖盘
13:50:29	5.77	--	4	2308	卖盘
13:50:23	5.77	--	2000	1154000	卖盘
13:50:18	5.77	-0.01	50	28849	卖盘
13:50:13	5.78	0.01	143	82654	买盘
13:50:08	5.77	-0.01	15	8995	卖盘
13:50:03	5.78	--	16	9248	买盘
13:49:58	5.78	--	10	5780	买盘
13:49:53	5.78	0.01	58	33524	买盘
13:49:43	5.77	--	147	84819	卖盘
13:49:38	5.77	0.01	977	563729	买盘
13:49:34	5.76	-0.01	198	114048	卖盘
13:49:13	5.77	--	130	75010	买盘
13:49:08	5.77	0.01	2	1154	买盘
13:49:03	5.76	-0.01	75	43200	卖盘
13:48:53	5.77	--	59	34043	买盘
13:48:48	5.77	--	1922	1108994	卖盘
13:48:43	5.77	0.01	51	29426	卖盘
13:48:33	5.76	-0.02	70	40320	卖盘
13:48:28	5.78	0.01	422	243916	买盘
13:48:18	5.77	--	466	268882	买盘
13:48:13	5.77	--	19	10963	买盘
13:48:02	5.77	--	85	49564	卖盘
13:47:53	5.77	--	60	34620	卖盘
13:47:47	5.77	--	378	218163	买盘
13:47:43	5.77	0.01	20	11540	买盘
13:47:32	5.76	-0.01	185	106560	卖盘
13:47:23	5.77	--	85	49045	买盘
13:47:17	5.77	0.01	2	1154	买盘
13:47:13	5.76	-0.01	51	29376	卖盘
13:47:08	5.77	--	57	32889	买盘
13:47:02	5.77	--	1442	832033	买盘
13:46:53	5.77	--	58	33466	买盘
13:46:47	5.77	--	124	71548	买盘
13:46:43	5.77	0.01	20	11540	买盘
13:46:32	5.76	-0.01	135	77760	卖盘
13:46:23	5.77	--	1	577	买盘
13:46:13	5.77	--	19	10963	买盘
13:46:08	5.77	0.01	1	577	买盘
13:46:02	5.76	-0.01	145	83520	卖盘
13:45:53	5.77	--	172	99243	买盘
13:45:47	5.77	0.01	1	577	买盘
13:45:42	5.76	--	21	12096	卖盘
13:45:32	5.76	-0.01	65	37440	卖盘
13:45:23	5.77	0.01	1	577	买盘
13:45:17	5.76	-0.01	158	91008	卖盘
13:45:12	5.77	--	72	41544	买盘
13:45:08	5.77	0.01	1	577	买盘
13:45:02	5.76	-0.01	120	69120	卖盘
13:44:58	5.77	--	158	91166	买盘
13:44:47	5.77	0.01	6	3461	买盘
13:44:42	5.76	--	1169	673758	卖盘
13:44:32	5.76	--	154	88704	卖盘
13:44:27	5.76	-0.01	33	19008	卖盘
13:44:17	5.77	--	2	1154	买盘
13:44:12	5.77	--	40	23080	买盘
13:44:08	5.77	--	184	106167	卖盘
13:44:02	5.77	0.01	20	11540	买盘
13:43:58	5.76	-0.02	9536	5492736	卖盘
13:43:47	5.78	0.01	75	43350	买盘
13:43:43	5.77	--	513	296001	卖盘
13:43:32	5.77	--	68	39236	卖盘
13:43:17	5.77	--	83	47891	卖盘
13:43:12	5.77	--	142	81934	卖盘
13:43:02	5.77	--	190	109629	卖盘
13:42:57	5.77	--	159	91743	卖盘
13:42:52	5.77	-0.01	50	28849	卖盘
13:42:47	5.78	0.01	125	72250	买盘
13:42:43	5.77	--	20	11540	卖盘
13:42:37	5.77	--	24	13847	卖盘
13:42:32	5.77	--	69	39813	卖盘
13:42:27	5.77	--	500	288500	卖盘
13:42:17	5.77	--	67	38659	卖盘
13:42:12	5.77	-0.01	29	16733	卖盘
13:42:07	5.78	0.01	1	578	买盘
13:42:02	5.77	--	249	143673	买盘
13:41:57	5.77	--	67	38659	买盘
13:41:52	5.77	--	9	5193	买盘
13:41:47	5.77	0.01	207	119438	买盘
13:41:42	5.76	-0.01	19	10944	卖盘
13:41:32	5.77	--	49	28272	买盘
13:41:27	5.77	--	86	49621	卖盘
13:41:17	5.77	--	67	38659	卖盘
13:41:12	5.77	--	70	40390	卖盘
13:41:07	5.77	--	68	39236	卖盘
13:41:02	5.77	-0.01	30	17310	卖盘
13:40:56	5.78	0.01	58	33524	买盘
13:40:52	5.77	--	72	41544	卖盘
13:40:47	5.77	--	98	56545	卖盘
13:40:41	5.77	--	124	71548	卖盘
13:40:37	5.77	--	97	55968	卖盘
13:40:32	5.77	--	141	81357	买盘
13:40:26	5.77	--	41	23657	买盘
13:40:17	5.77	0.01	10	5770	买盘
13:40:11	5.76	-0.01	207	119232	卖盘
13:40:07	5.77	--	1	577	买盘
13:40:02	5.77	--	375	216374	卖盘
13:39:56	5.77	0.01	120	69240	中性盘
13:39:52	5.76	-0.02	3124	1799424	卖盘
13:39:47	5.78	0.01	180	104040	买盘
13:39:41	5.77	--	19	10963	卖盘
13:39:37	5.77	--	150	86550	卖盘
13:39:32	5.77	-0.01	136	78472	卖盘
13:39:26	5.78	0.01	40	23120	买盘
13:39:21	5.77	--	3	1730	卖盘
13:39:11	5.77	--	388	223875	卖盘
13:39:02	5.77	-0.01	201	115976	卖盘
13:38:56	5.78	0.01	58	33524	买盘
13:38:47	5.77	--	3	1730	卖盘
13:38:41	5.77	--	193	111360	卖盘
13:38:32	5.77	-0.01	148	85396	卖盘
13:38:26	5.78	--	40	23120	买盘
13:38:21	5.78	0.01	20	11560	买盘
13:38:11	5.77	--	23	13270	卖盘
13:38:06	5.77	--	169	97513	卖盘
13:37:56	5.77	--	63	36351	卖盘
13:37:41	5.77	-0.01	28	16155	卖盘
13:37:36	5.78	--	220	127160	买盘
13:37:11	5.78	0.01	22	12716	买盘
13:37:06	5.77	--	145	83665	卖盘
13:36:56	5.77	--	231	133287	卖盘
13:36:51	5.77	-0.01	29	16733	卖盘
13:36:47	5.78	--	60	34680	买盘
13:36:41	5.78	0.01	24	13872	买盘
13:36:36	5.77	-0.01	135	77895	卖盘
13:36:21	5.78	0.01	135	78030	买盘
13:36:11	5.77	-0.01	43	24810	卖盘
13:36:07	5.78	--	259	149702	买盘
13:35:56	5.78	0.01	58	33524	买盘
13:35:52	5.77	--	189	109214	卖盘
13:35:46	5.77	-0.01	19	10963	卖盘
13:35:41	5.78	0.01	19	10982	买盘
13:35:36	5.77	-0.01	135	77895	卖盘
13:35:26	5.78	--	3	1734	买盘
13:35:21	5.78	0.01	178	102884	买盘
13:35:16	5.77	-0.01	11	6346	卖盘
13:35:11	5.78	--	17	9826	买盘
13:35:06	5.78	--	284	164152	买盘
13:34:56	5.78	--	58	33524	买盘
13:34:51	5.78	0.01	15	8670	买盘
13:34:46	5.77	-0.01	22	12693	卖盘
13:34:41	5.78	--	15	8670	买盘
13:34:36	5.78	--	138	79764	买盘
13:34:20	5.78	0.01	169	97682	买盘
13:34:16	5.77	-0.01	2	1154	卖盘
13:34:11	5.78	--	10	5780	买盘
13:34:05	5.78	--	228	131784	买盘
13:33:56	5.78	0.01	59	34102	买盘
13:33:50	5.77	-0.01	1	577	卖盘
13:33:41	5.78	--	8	4624	买盘
13:33:35	5.78	0.01	145	83810	买盘
13:33:26	5.77	-0.01	6	3461	卖盘
13:33:20	5.78	0.01	284	164152	买盘
13:33:16	5.77	-0.01	124	71548	卖盘
13:33:11	5.78	--	20	11560	买盘
13:33:05	5.78	--	179	103462	买盘
13:32:56	5.78	--	58	33524	买盘
13:32:50	5.78	0.01	1	578	买盘
13:32:46	5.77	-0.01	1	577	卖盘
13:32:35	5.78	0.01	153	88434	买盘
13:32:26	5.77	-0.01	2	1154	卖盘
13:32:20	5.78	0.01	242	139876	买盘
13:32:15	5.77	-0.01	12	6923	卖盘
13:32:11	5.78	--	5	2890	买盘
13:32:05	5.78	--	151	87278	买盘
13:31:56	5.78	0.01	58	33524	买盘
13:31:50	5.77	--	14	8077	卖盘
13:31:45	5.77	--	21	12117	卖盘
13:31:41	5.77	-0.01	240	138480	卖盘
13:31:35	5.78	0.01	138	79764	买盘
13:31:31	5.77	-0.01	33	19214	卖盘
13:31:20	5.78	0.01	213	123114	买盘
13:31:15	5.77	-0.01	99	57122	卖盘
13:31:05	5.78	--	153	88434	买盘
13:30:56	5.78	--	59	34102	买盘
13:30:50	5.78	0.01	25	14450	买盘
13:30:45	5.77	-0.01	29	16733	卖盘
13:30:35	5.78	0.01	153	88434	买盘
13:30:30	5.77	--	2	1154	卖盘
13:30:26	5.77	-0.01	21	12117	卖盘
13:30:20	5.78	0.01	282	162996	买盘
13:30:15	5.77	--	1	577	卖盘
13:30:10	5.77	-0.01	1305	752985	卖盘
13:30:05	5.78	0.01	156	90168	买盘
13:30:00	5.77	--	64	36928	卖盘
13:29:50	5.77	-0.01	2	1154	卖盘
13:29:40	5.78	--	3	1734	买盘
13:29:35	5.78	--	154	89012	买盘
13:29:25	5.78	--	20	11560	买盘
13:29:20	5.78	0.01	578	334084	买盘
13:29:15	5.77	-0.01	1	577	卖盘
13:29:05	5.78	0.01	153	88434	买盘
13:29:00	5.77	--	85	49045	卖盘
13:28:45	5.77	--	1	577	卖盘
13:28:40	5.77	-0.01	129	74433	卖盘
13:28:35	5.78	--	153	88434	买盘
13:28:25	5.78	--	100	57800	买盘
13:28:20	5.78	0.01	178	102884	买盘
13:28:15	5.77	-0.01	1	577	卖盘
13:28:05	5.78	--	159	91902	买盘
13:28:00	5.78	0.01	59	34102	买盘
13:27:45	5.77	-0.01	2002	1155154	卖盘
13:27:35	5.78	--	154	89012	买盘
13:27:29	5.78	--	415	239870	买盘
13:27:25	5.78	--	100	57800	买盘
13:27:20	5.78	0.01	169	97682	买盘
13:27:14	5.77	-0.01	31	17887	卖盘
13:27:05	5.78	0.01	168	97104	买盘
13:26:59	5.77	--	68	39236	卖盘
13:26:50	5.77	--	22	12693	卖盘
13:26:44	5.77	-0.01	1	577	卖盘
13:26:35	5.78	0.01	152	87856	买盘
13:26:29	5.77	--	498	287346	卖盘
13:26:20	5.77	--	645	372165	卖盘
13:26:14	5.77	-0.01	28	16155	卖盘
13:26:05	5.78	--	157	90746	买盘
13:25:55	5.78	0.01	58	33524	买盘
13:25:44	5.77	-0.01	502	289654	卖盘
13:25:39	5.78	0.01	60	34680	买盘
13:25:35	5.77	--	158	91166	卖盘
13:25:29	5.77	--	300	173100	卖盘
13:25:14	5.77	--	202	116553	卖盘
13:25:05	5.77	--	221	127516	卖盘
13:24:59	5.77	-0.01	85	49045	卖盘
13:24:54	5.78	0.01	1	578	买盘
13:24:44	5.77	--	1	577	卖盘
13:24:39	5.77	-0.01	2	1154	卖盘
13:24:35	5.78	--	183	105774	买盘
13:24:24	5.78	0.01	4	2312	买盘
13:24:14	5.77	-0.01	1	577	卖盘
13:24:09	5.78	--	7	4046	买盘
13:24:04	5.78	--	195	112710	买盘
13:23:59	5.78	0.01	58	33524	买盘
13:23:49	5.77	--	82	47314	卖盘
13:23:44	5.77	-0.01	24	13847	卖盘
13:23:39	5.78	--	123	71094	买盘
13:23:35	5.78	0.01	154	89012	买盘
13:23:14	5.77	-0.01	2	1154	卖盘
13:23:09	5.78	--	211	121958	买盘
13:23:04	5.78	0.01	127	73406	买盘
13:22:59	5.77	--	349	201372	卖盘
13:22:54	5.77	-0.01	1797	1036868	卖盘
13:22:49	5.78	0.01	6	3468	买盘
13:22:44	5.77	-0.01	57	32889	卖盘
13:22:39	5.78	--	98	56644	买盘
13:22:34	5.78	--	153	88434	买盘
13:22:19	5.78	0.01	366	211548	买盘
13:22:14	5.77	-0.01	3	1730	卖盘
13:22:09	5.78	--	124	71672	买盘
13:22:04	5.78	--	211	121958	买盘
13:21:59	5.78	0.01	59	34102	买盘
13:21:54	5.77	--	19	10963	卖盘
13:21:44	5.77	--	1	577	卖盘
13:21:34	5.77	-0.01	155	89435	卖盘
13:21:19	5.78	0.01	4	2312	买盘
13:21:14	5.77	--	11	6346	卖盘
13:21:09	5.77	--	10	5770	卖盘
13:21:04	5.77	--	155	89435	卖盘
13:20:59	5.77	-0.01	911	525647	卖盘
13:20:53	5.78	0.01	2	1156	买盘
13:20:49	5.77	--	1	577	卖盘
13:20:34	5.77	--	155	89435	卖盘
13:20:14	5.77	-0.01	152	87704	卖盘
13:20:08	5.78	0.01	1	578	买盘
13:20:04	5.77	--	284	163868	卖盘
13:19:59	5.77	--	1317	760428	卖盘
13:19:53	5.77	--	20	11540	卖盘
13:19:44	5.77	--	6	3461	卖盘
13:19:34	5.77	--	153	88281	卖盘
13:19:14	5.77	--	135	77895	卖盘
13:19:08	5.77	--	10	5770	卖盘
13:19:04	5.77	--	218	125785	卖盘
13:18:59	5.77	--	76	43852	卖盘
13:18:44	5.77	--	9	5193	卖盘
13:18:38	5.77	--	20	11540	卖盘
13:18:33	5.77	--	153	88281	卖盘
13:18:29	5.77	-0.01	12	6923	卖盘
13:18:23	5.78	0.01	100	57800	买盘
13:18:18	5.77	-0.01	1	577	卖盘
13:18:14	5.78	--	1	578	买盘
13:18:08	5.78	0.01	254	146812	买盘
13:18:03	5.77	--	26	15463	卖盘
13:17:58	5.77	--	68	39236	卖盘
13:17:48	5.77	-0.01	68	39236	卖盘
13:17:44	5.78	0.01	96	55488	买盘
13:17:38	5.77	--	20	11540	卖盘
13:17:33	5.77	--	107	61738	卖盘
13:17:18	5.77	-0.01	68	39236	卖盘
13:17:14	5.78	0.01	16	9248	买盘
13:17:03	5.77	-0.01	98	56545	卖盘
13:16:58	5.78	0.01	58	33524	买盘
13:16:48	5.77	-0.01	169	97513	卖盘
13:16:38	5.78	0.01	85	49130	买盘
13:16:33	5.77	0.01	73	42121	中性盘
13:16:28	5.76	-0.01	20	11520	卖盘
13:16:23	5.77	--	37	21349	买盘
13:16:18	5.77	--	2136	1232472	买盘
13:16:14	5.77	--	8	4616	买盘
13:16:08	5.77	0.01	447	257918	买盘
13:16:03	5.76	-0.01	153	88128	卖盘
13:15:58	5.77	--	27	15578	买盘
13:15:53	5.77	--	66	38082	买盘
13:15:48	5.77	--	192	110783	买盘
13:15:33	5.77	--	158	91166	买盘
13:15:18	5.77	--	75	43275	卖盘
13:15:08	5.77	--	1	577	卖盘
13:15:03	5.77	--	154	88858	中性盘
13:14:58	5.77	--	121	69817	买盘
13:14:53	5.77	--	146	84242	卖盘
13:14:48	5.77	--	25	14424	卖盘
13:14:43	5.77	--	50	28849	卖盘
13:14:33	5.77	-0.01	159	91743	卖盘
13:14:28	5.78	0.01	22	12716	买盘
13:14:23	5.77	--	2	1154	卖盘
13:14:18	5.77	-0.01	4	2308	卖盘
13:14:08	5.78	0.01	69	39882	买盘
13:14:02	5.77	-0.01	91	52807	卖盘
13:13:58	5.78	--	1219	704582	买盘
13:13:53	5.78	0.01	58	33524	买盘
13:13:47	5.77	--	25	14424	卖盘
13:13:43	5.77	--	25	14424	卖盘
13:13:38	5.77	--	331	190987	卖盘
13:13:32	5.77	--	68	39236	卖盘
13:13:23	5.77	--	1089	628353	买盘
13:13:17	5.77	--	240	138883	卖盘
13:13:08	5.77	0.01	363	209450	买盘
13:13:02	5.76	-0.01	276	158976	卖盘
13:12:53	5.77	0.01	63	36351	买盘
13:12:47	5.76	-0.01	1002	577152	卖盘
13:12:43	5.77	0.01	14	8077	买盘
13:12:38	5.76	--	337	194112	卖盘
13:12:32	5.76	-0.01	163	93888	卖盘
13:12:28	5.77	--	3	1730	买盘
13:12:23	5.77	0.01	100	57699	买盘
13:12:17	5.76	-0.01	1	576	卖盘
13:12:13	5.77	--	20	11540	买盘
13:12:08	5.77	0.01	29	16733	买盘
13:12:02	5.76	-0.01	2153	1240128	卖盘
13:11:57	5.77	--	69	39813	买盘
13:11:47	5.77	0.01	13	7500	买盘
13:11:38	5.76	--	20	11520	卖盘
13:11:32	5.76	-0.01	188	108288	卖盘
13:11:27	5.77	--	89	51352	卖盘
13:11:17	5.77	--	278	160406	卖盘
13:11:12	5.77	0.01	42	24234	卖盘
13:11:08	5.76	--	0	0	卖盘
13:11:02	5.76	-0.01	413	237888	卖盘
13:10:57	5.77	-0.01	60	34620	卖盘
13:10:47	5.78	--	3	1734	买盘
13:10:42	5.78	--	0	0	买盘
13:10:38	5.78	0.01	1	578	买盘
13:10:32	5.77	--	398	229645	卖盘
13:10:27	5.77	--	1	577	卖盘
13:10:17	5.77	-0.01	17	9809	卖盘
13:10:12	5.78	0.01	1	578	买盘
13:10:08	5.77	0.01	100	57699	中性盘
13:10:02	5.76	-0.02	158	91008	卖盘
13:09:57	5.78	0.01	79	45662	买盘
13:09:47	5.77	--	1	577	卖盘
13:09:42	5.77	0.01	5	2885	卖盘
13:09:37	5.76	-0.02	135	77760	卖盘
13:09:32	5.78	--	17	9826	买盘
13:09:27	5.78	0.01	61	35258	买盘
13:09:22	5.77	--	9	5193	卖盘
13:09:17	5.77	-0.01	21	12117	卖盘
13:09:07	5.78	0.02	1	578	买盘
13:09:02	5.76	-0.02	177	101952	卖盘
13:08:57	5.78	0.01	58	33524	买盘
13:08:52	5.77	-0.01	7	4038	卖盘
13:08:47	5.78	0.01	123	71094	买盘
13:08:42	5.77	--	22	12693	卖盘
13:08:32	5.77	-0.01	155	89435	卖盘
13:08:17	5.78	--	11	6358	买盘
13:08:07	5.78	0.01	1	578	买盘
13:08:02	5.77	-0.01	193	111360	卖盘
13:07:57	5.78	0.01	59	34102	买盘
13:07:52	5.77	--	26	15001	卖盘
13:07:47	5.77	-0.01	1	577	卖盘
13:07:42	5.78	0.01	15	8670	买盘
13:07:32	5.77	--	253	145981	卖盘
13:07:27	5.77	--	20	11540	卖盘
13:07:22	5.77	-0.01	20	11540	卖盘
13:07:17	5.78	0.01	6	3468	买盘
13:07:11	5.77	-0.01	1	577	卖盘
13:07:07	5.78	0.01	1	578	买盘
13:07:02	5.77	-0.01	190	109629	卖盘
13:06:56	5.78	--	59	34102	买盘
13:06:47	5.78	--	113	65314	买盘
13:06:41	5.78	0.01	4	2312	买盘
13:06:32	5.77	-0.01	349	201372	卖盘
13:06:26	5.78	--	13	7514	买盘
13:06:17	5.78	--	302	174556	买盘
13:06:11	5.78	0.01	4	2312	买盘
13:06:02	5.77	-0.01	374	215797	卖盘
13:05:56	5.78	0.01	66	38148	买盘
13:05:47	5.77	-0.01	11	6346	卖盘
13:05:32	5.78	--	335	193630	买盘
13:05:26	5.78	0.01	18	10404	买盘
13:05:17	5.77	--	701	404476	卖盘
13:05:11	5.77	--	30	17310	卖盘
13:05:02	5.77	-0.01	135	77895	卖盘
13:04:56	5.78	0.01	77	44506	买盘
13:04:47	5.77	--	1	577	卖盘
13:04:41	5.77	--	176	101551	买盘
13:04:36	5.77	-0.01	579	334083	卖盘
13:04:26	5.78	0.01	18	10404	买盘
13:04:21	5.77	--	20	11540	卖盘
13:04:16	5.77	-0.01	1	577	卖盘
13:04:06	5.78	--	136	78608	买盘
13:03:56	5.78	0.01	78	45084	买盘
13:03:46	5.77	--	2	1154	卖盘
13:03:36	5.77	-0.01	135	77895	卖盘
13:03:26	5.78	0.01	20	11560	买盘
13:03:21	5.77	0.01	1	577	卖盘
13:03:17	5.76	--	0	0	卖盘
13:03:06	5.76	-0.02	135	77760	卖盘
13:02:56	5.78	0.01	76	43928	买盘
13:02:46	5.77	0.01	1	577	卖盘
13:02:36	5.76	-0.02	135	77760	卖盘
13:02:26	5.78	0.01	18	10404	买盘
13:02:16	5.77	-0.01	11	6346	卖盘
13:02:11	5.78	0.02	1	578	买盘
13:02:06	5.76	-0.02	135	77760	卖盘
13:01:56	5.78	0.01	97	56066	买盘
13:01:51	5.77	--	2	1154	卖盘
13:01:36	5.77	-0.01	136	78472	卖盘
13:01:26	5.78	0.01	172	99416	买盘
13:01:16	5.77	--	1	577	卖盘
13:01:06	5.77	-0.01	222	128093	卖盘
13:01:01	5.78	--	1	578	买盘
13:00:56	5.78	0.01	18	10404	买盘
13:00:46	5.77	--	1	577	卖盘
13:00:35	5.77	--	169	97513	卖盘
13:00:16	5.77	-0.01	1	577	卖盘
13:00:11	5.78	0.01	82	47396	买盘
13:00:05	5.77	-0.01	1577	909928	卖盘
11:30:00	5.78	--	0	0	买盘
11:30:00	5.78	--	0	0	买盘
11:29:57	5.78	0.01	66	38148	买盘
11:29:46	5.77	0.01	34	19618	卖盘
11:29:37	5.76	-0.01	135	77760	卖盘
11:29:31	5.77	--	8	4616	买盘
11:29:27	5.77	--	210	121169	卖盘
11:29:16	5.77	--	121	69817	卖盘
11:28:57	5.77	--	69	39813	买盘
11:28:52	5.77	0.01	4	2308	买盘
11:28:46	5.76	-0.01	30	17280	卖盘
11:28:42	5.77	--	50	28849	买盘
11:28:37	5.77	0.01	4	2308	买盘
11:28:31	5.76	-0.02	148	85248	卖盘
11:28:27	5.78	0.02	19	10982	买盘
11:28:22	5.76	-0.01	16	9216	卖盘
11:28:16	5.77	-0.01	31	17887	卖盘
11:28:12	5.78	0.02	1	578	买盘
11:28:01	5.76	-0.01	135	77760	卖盘
11:27:57	5.77	--	96	55391	卖盘
11:27:52	5.77	--	5	3173	卖盘
11:27:46	5.77	0.01	2	1154	卖盘
11:27:42	5.76	--	0	0	卖盘
11:27:31	5.76	-0.02	152	87552	卖盘
11:27:27	5.78	--	40	23120	买盘
11:27:22	5.78	0.01	2	1156	买盘
11:27:16	5.77	--	22	12693	卖盘
11:27:10	5.77	0.01	30	17310	中性盘
11:27:01	5.76	-0.02	136	78336	卖盘
11:26:55	5.78	0.02	79	45662	买盘
11:26:52	5.76	--	0	0	卖盘
11:26:46	5.76	-0.02	1	576	卖盘
11:26:40	5.78	0.02	20	11560	买盘
11:26:31	5.76	-0.02	135	77760	卖盘
11:26:25	5.78	0.01	20	11560	买盘
11:26:21	5.77	--	8	4616	卖盘
11:26:16	5.77	-0.01	1	577	卖盘
11:26:10	5.78	0.02	3	1734	买盘
11:26:01	5.76	-0.01	135	77760	卖盘
11:25:55	5.77	--	133	76741	卖盘
11:25:46	5.77	-0.01	1	577	卖盘
11:25:25	5.78	--	6	3468	买盘
11:25:21	5.78	0.02	5	2890	买盘
11:25:16	5.76	-0.01	8	4608	卖盘
11:25:10	5.77	0.01	290	167330	买盘
11:25:01	5.76	--	111	63936	卖盘
11:24:55	5.76	--	79	45504	卖盘
11:24:46	5.76	-0.01	19	10944	卖盘
11:24:40	5.77	0.01	2	1154	买盘
11:24:31	5.76	-0.01	101	58176	卖盘
11:24:25	5.77	0.01	129	74433	买盘
11:24:16	5.76	-0.01	1	576	卖盘
11:24:10	5.77	--	1	577	买盘
11:24:06	5.77	0.01	4	2308	买盘
11:24:01	5.76	--	151	86976	卖盘
11:23:55	5.76	--	756	435456	卖盘
11:23:46	5.76	-0.01	18	10368	卖盘
11:23:40	5.77	--	134	77318	卖盘
11:23:36	5.77	0.01	7	4038	买盘
11:23:31	5.76	-0.01	90	51840	卖盘
11:23:25	5.77	--	50	28849	买盘
11:23:21	5.77	0.01	15	8655	买盘
11:23:16	5.76	--	9	5184	卖盘
11:23:10	5.76	-0.02	10	5760	卖盘
11:23:06	5.78	--	457	264146	买盘
11:22:55	5.78	0.01	350	202300	买盘
11:22:51	5.77	0.01	579	334083	买盘
11:22:46	5.76	--	3343	1925568	卖盘
11:22:40	5.76	--	11	6336	卖盘
11:22:36	5.76	--	321	184896	卖盘
11:22:31	5.76	-0.01	171	98496	卖盘
11:22:25	5.77	0.01	18	10386	买盘
11:22:21	5.76	-0.01	37	21312	卖盘
11:22:16	5.77	0.01	198	114245	买盘
11:22:10	5.76	-0.01	26	14976	卖盘
11:22:06	5.77	--	120	69240	买盘
11:22:01	5.77	--	48	27695	买盘
11:21:55	5.77	0.01	79	45583	买盘
11:21:51	5.76	--	101	58176	卖盘
11:21:46	5.76	-0.01	5	2880	卖盘
11:21:40	5.77	0.01	27	15578	买盘
11:21:36	5.76	--	140	80640	卖盘
11:21:25	5.76	--	112	64512	卖盘
11:21:21	5.76	--	79	45504	卖盘
11:21:10	5.76	-0.01	127	73152	卖盘
11:21:06	5.77	--	226	130401	买盘
11:20:55	5.77	0.01	76	43852	买盘
11:20:46	5.76	-0.01	131	75456	卖盘
11:20:34	5.77	--	137	79049	买盘
11:20:25	5.77	0.01	37	21349	买盘
11:20:19	5.76	-0.01	1	576	卖盘
11:20:16	5.77	--	50	28849	买盘
11:20:10	5.77	0.01	1	577	中性盘
11:20:04	5.76	-0.02	79	45504	卖盘
11:19:55	5.78	0.01	143	82654	买盘
11:19:49	5.77	-0.01	104	60007	卖盘
11:19:45	5.78	--	21	12138	买盘
11:19:40	5.78	0.01	190	109820	买盘
11:19:34	5.77	0.01	132	76164	买盘
11:19:30	5.76	--	33	19008	卖盘
11:19:25	5.76	-0.01	46	26496	卖盘
11:19:19	5.77	0.01	359	207142	买盘
11:19:15	5.76	-0.01	50	28800	卖盘
11:19:10	5.77	--	140	80780	买盘
11:19:04	5.77	--	141	81357	买盘
11:19:00	5.77	--	26	15001	买盘
11:18:55	5.77	0.01	77	44429	中性盘
11:18:49	5.76	-0.01	20	11520	卖盘
11:18:45	5.77	0.01	15	8655	买盘
11:18:40	5.76	--	0	0	卖盘
11:18:34	5.76	-0.01	135	77760	卖盘
11:18:30	5.77	-0.01	5	2885	卖盘
11:18:19	5.78	0.01	130	75140	买盘
11:18:15	5.77	--	2	1563	买盘
11:18:04	5.77	-0.01	273	157521	卖盘
11:17:55	5.78	0.01	76	43928	买盘
11:17:49	5.77	-0.01	1	577	卖盘
11:17:40	5.78	0.02	55	31790	买盘
11:17:34	5.76	-0.02	205	118080	卖盘
11:17:25	5.78	0.01	152	87856	买盘
11:17:19	5.77	-0.01	1	577	卖盘
11:17:10	5.78	--	50	28900	买盘
11:17:04	5.78	--	138	79764	买盘
11:17:00	5.78	0.01	23	13294	买盘
11:16:55	5.77	-0.01	106	61161	卖盘
11:16:49	5.78	0.01	5	2890	买盘
11:16:45	5.77	--	15	8655	卖盘
11:16:34	5.77	-0.01	135	77895	卖盘
11:16:25	5.78	--	15	8670	买盘
11:16:19	5.78	0.01	23	13294	买盘
11:16:04	5.77	-0.01	225	129824	卖盘
11:16:00	5.78	--	0	0	买盘
11:15:55	5.78	0.01	106	61268	买盘
11:15:49	5.77	0.01	3	1730	买盘
11:15:45	5.76	-0.01	60	34560	卖盘
11:15:40	5.77	0.01	1	577	卖盘
11:15:34	5.76	-0.01	85	48960	卖盘
11:15:30	5.77	--	183	105590	买盘
11:15:25	5.77	--	8	4616	买盘
11:15:19	5.77	0.01	10	5770	买盘
11:15:15	5.76	-0.01	77	44352	卖盘
11:15:04	5.77	0.01	369	212912	买盘
11:15:00	5.76	-0.01	30	17280	卖盘
11:14:55	5.77	--	69	39813	买盘
11:14:49	5.77	0.01	10	5770	买盘
11:14:45	5.76	--	0	0	卖盘
11:14:34	5.76	-0.02	144	82944	卖盘
11:14:25	5.78	--	6	3468	买盘
11:14:19	5.78	--	26	15028	买盘
11:14:15	5.78	--	0	0	买盘
11:14:04	5.78	0.01	92	53176	买盘
11:13:55	5.77	--	132	76164	买盘
11:13:49	5.77	0.01	56	32311	买盘
11:13:43	5.76	--	1	576	卖盘
11:13:34	5.76	-0.01	271	156096	卖盘
11:13:28	5.77	-0.01	17	9809	卖盘
11:13:24	5.78	--	10	5780	买盘
11:13:19	5.78	--	19	10982	买盘
11:13:04	5.78	--	109	63002	买盘
11:12:58	5.78	0.01	218	126004	买盘
11:12:54	5.77	--	159	91743	买盘
11:12:49	5.77	0.01	153	88281	买盘
11:12:43	5.76	-0.01	1	576	卖盘
11:12:39	5.77	--	10	5770	买盘
11:12:34	5.77	--	88	50775	买盘
11:12:28	5.77	--	148	85396	买盘
11:12:24	5.77	--	5	2885	买盘
11:12:19	5.77	--	107	61738	买盘
11:12:13	5.77	--	116	66932	买盘
11:12:04	5.77	--	182	105013	买盘
11:11:58	5.77	--	289	166753	买盘
11:11:54	5.77	--	107	61738	买盘
11:11:49	5.77	--	24	13847	买盘
11:11:43	5.77	--	47	27118	买盘
11:11:39	5.77	--	82	47314	买盘
11:11:34	5.77	--	221	127516	买盘
11:11:28	5.77	--	132	76164	买盘
11:11:24	5.77	--	578	333506	买盘
11:11:19	5.77	--	30	17310	买盘
11:11:09	5.77	--	30	17310	买盘
11:11:04	5.77	--	72	41544	买盘
11:10:58	5.77	--	29	16733	买盘
11:10:54	5.77	--	358	206565	买盘
11:10:49	5.77	0.01	82	47314	买盘
11:10:34	5.76	--	158	91008	卖盘
11:10:28	5.76	--	63	36288	卖盘
11:10:24	5.76	-0.01	57	32832	卖盘
11:10:19	5.77	0.01	17	9809	买盘
11:10:13	5.76	--	1	576	卖盘
11:10:09	5.76	-0.01	65	37440	卖盘
11:10:04	5.77	--	433	249840	买盘
11:09:58	5.77	--	122	70394	买盘
11:09:54	5.77	--	59	34043	买盘
11:09:49	5.77	--	349	201372	买盘
11:09:43	5.77	0.01	168	96936	买盘
11:09:39	5.76	--	68	39168	卖盘
11:09:34	5.76	--	228	131328	卖盘
11:09:24	5.76	-0.01	8069	4647744	卖盘
11:09:19	5.77	-0.01	1	577	卖盘
11:09:13	5.78	0.01	18	10404	买盘
11:09:09	5.77	-0.01	139	80203	卖盘
11:08:54	5.78	0.01	76	43928	买盘
11:08:43	5.77	--	1	577	卖盘
11:08:39	5.77	--	258	148866	卖盘
11:08:34	5.77	-0.01	143	82511	卖盘
11:08:24	5.78	0.01	20	11560	买盘
11:08:19	5.77	-0.01	1	577	卖盘
11:08:13	5.78	--	1001	578578	买盘
11:08:04	5.78	0.01	135	78030	买盘
11:07:58	5.77	--	126	72702	卖盘
11:07:54	5.77	--	69	39813	卖盘
11:07:43	5.77	--	203	117130	卖盘
11:07:34	5.77	--	24	13847	卖盘
11:07:28	5.77	-0.01	727	419478	卖盘
11:07:22	5.78	0.01	19	10982	买盘
11:07:19	5.77	--	1	577	卖盘
11:07:07	5.77	--	136	78472	卖盘
11:07:04	5.77	-0.01	117	67509	卖盘
11:06:58	5.78	--	1	578	买盘
11:06:52	5.78	--	59	34102	买盘
11:06:48	5.78	0.01	19	10982	买盘
11:06:43	5.77	--	16	9232	卖盘
11:06:33	5.77	-0.01	190	109629	卖盘
11:06:22	5.78	--	10	5780	买盘
11:06:18	5.78	0.01	160	92480	买盘
11:06:13	5.77	--	167	96359	卖盘
11:06:07	5.77	--	231	133287	卖盘
11:06:03	5.77	--	147	84819	卖盘
11:05:58	5.77	-0.01	290	167330	卖盘
11:05:52	5.78	--	122	70516	买盘
11:05:48	5.78	--	84	48552	买盘
11:05:43	5.78	0.01	64	36992	买盘
11:05:33	5.77	-0.01	136	78472	卖盘
11:05:22	5.78	--	1	578	买盘
11:05:18	5.78	0.01	18	10404	中性盘
11:05:13	5.77	--	1	577	卖盘
11:05:03	5.77	-0.02	6687	3858398	卖盘
11:04:52	5.79	--	58	33582	买盘
11:04:48	5.79	0.01	31	17949	买盘
11:04:37	5.78	--	135	78030	卖盘
11:04:28	5.78	-0.01	18	10404	卖盘
11:04:18	5.79	0.01	27	15633	买盘
11:04:03	5.78	--	138	79764	卖盘
11:03:58	5.78	-0.01	9	5202	卖盘
11:03:52	5.79	--	59	34161	买盘
11:03:48	5.79	0.01	18	10422	买盘
11:03:43	5.78	-0.01	29	16762	卖盘
11:03:37	5.79	0.01	8	4632	买盘
11:03:33	5.78	-0.01	135	78030	卖盘
11:03:18	5.79	--	20	11580	买盘
11:03:07	5.79	0.01	3	1737	买盘
11:03:03	5.78	-0.01	135	78030	卖盘
11:02:52	5.79	--	58	33582	买盘
11:02:48	5.79	0.02	21	12159	买盘
11:02:43	5.77	--	29	16733	卖盘
11:02:37	5.77	-0.02	135	77895	卖盘
11:02:33	5.79	--	9	5211	买盘
11:02:18	5.79	0.01	32	18528	买盘
11:02:03	5.78	--	150	86700	卖盘
11:01:58	5.78	-0.01	47	27166	卖盘
11:01:52	5.79	0.01	103	59637	买盘
11:01:48	5.78	--	34	19652	卖盘
11:01:22	5.78	--	1321	763827	买盘
11:01:18	5.78	--	39	22542	买盘
11:01:07	5.78	0.01	2007	1160046	买盘
11:01:03	5.77	--	236	136172	卖盘
11:00:58	5.77	-0.01	155	89435	卖盘
11:00:52	5.78	--	59	34102	买盘
11:00:46	5.78	--	29	16762	买盘
11:00:43	5.78	--	71	41038	买盘
11:00:37	5.78	0.01	40	23120	买盘
11:00:31	5.77	-0.01	206	118861	卖盘
11:00:27	5.78	--	5	2890	买盘
11:00:22	5.78	--	96	55488	买盘
11:00:16	5.78	-0.01	1565	905142	卖盘
11:00:12	5.79	0.01	12	6948	买盘
11:00:01	5.78	--	138	79764	卖盘
10:59:57	5.78	-0.01	100	57800	卖盘
10:59:52	5.79	--	74	42846	买盘
10:59:46	5.79	0.01	48	27792	买盘
10:59:31	5.78	-0.01	135	78030	卖盘
10:59:27	5.79	0.01	3	1737	买盘
10:59:22	5.78	--	33	19074	卖盘
10:59:16	5.78	-0.01	70	40460	卖盘
10:58:52	5.79	0.01	553	320192	买盘
10:58:46	5.78	--	21	12138	买盘
10:58:42	5.78	--	272	157216	买盘
10:58:37	5.78	0.01	130	75140	买盘
10:58:31	5.77	-0.01	3635	2097395	卖盘
10:58:22	5.78	--	40	23120	买盘
10:58:16	5.78	0.01	58	33524	买盘
10:58:12	5.77	-0.01	2866	1654253	卖盘
10:58:07	5.78	--	2600	1502800	卖盘
10:58:01	5.78	-0.01	135	78030	卖盘
10:57:52	5.79	0.01	138	79902	买盘
10:57:46	5.78	-0.01	179	103462	卖盘
10:57:42	5.79	0.01	117	67743	买盘
10:57:31	5.78	--	20	11560	卖盘
10:57:27	5.78	--	100	57800	卖盘
10:57:22	5.78	0.01	4026	2327033	买盘
10:57:16	5.77	-0.01	113	65200	卖盘
10:57:07	5.78	--	10	5780	买盘
10:57:01	5.78	--	200	115600	买盘
10:56:52	5.78	--	59	34102	买盘
10:56:46	5.78	--	112	64736	买盘
10:56:37	5.78	0.01	707	408646	买盘
10:56:31	5.77	--	137	79049	卖盘
10:56:22	5.77	--	557	321389	卖盘
10:56:16	5.77	--	221	127516	卖盘
10:56:01	5.77	-0.01	286	165022	卖盘
10:55:57	5.78	--	174	100572	买盘
10:55:52	5.78	0.01	4125	2384250	买盘
10:55:46	5.77	-0.01	39	22503	卖盘
10:55:42	5.78	0.01	56	32368	买盘
10:55:37	5.77	--	10	5770	卖盘
10:55:31	5.77	--	135	77895	卖盘
10:55:16	5.77	-0.01	19	10963	卖盘
10:55:12	5.78	0.01	10	5780	买盘
10:55:01	5.77	-0.01	462	266574	卖盘
10:54:57	5.78	--	65	37570	买盘
10:54:52	5.78	0.01	10	5780	买盘
10:54:46	5.77	-0.01	20	11540	卖盘
10:54:37	5.78	0.01	520	300560	买盘
10:54:31	5.77	-0.01	195	112514	卖盘
10:54:25	5.78	--	36	20808	买盘
10:54:16	5.78	--	30	17340	买盘
10:54:12	5.78	0.01	9	5202	买盘
10:54:01	5.77	-0.01	208	120015	卖盘
10:53:55	5.78	--	174	100572	买盘
10:53:46	5.78	0.01	61	35258	买盘
10:53:40	5.77	-0.01	18	10386	卖盘
10:53:36	5.78	0.01	117	67626	买盘
10:53:31	5.77	-0.01	135	77895	卖盘
10:53:21	5.78	0.01	60	34680	买盘
10:53:16	5.77	-0.01	50	28849	卖盘
10:53:06	5.78	0.01	1	578	买盘
10:53:01	5.77	-0.01	70	40390	卖盘
10:52:55	5.78	0.01	92	53176	买盘
10:52:46	5.77	--	87	50198	卖盘
10:52:40	5.77	--	68	39236	卖盘
10:52:31	5.77	--	209	120592	卖盘
10:52:25	5.77	-0.01	10	5770	卖盘
10:52:21	5.78	0.01	13	7514	买盘
10:52:16	5.77	--	105	60584	卖盘
10:52:10	5.77	--	224	129247	卖盘
10:52:06	5.77	--	30	17310	卖盘
10:52:01	5.77	-0.01	126	72702	卖盘
10:51:55	5.78	0.01	109	63002	买盘
10:51:46	5.77	--	181	104436	卖盘
10:51:40	5.77	--	385	222144	卖盘
10:51:31	5.77	--	68	39236	卖盘
10:51:21	5.77	--	17	9809	卖盘
10:51:16	5.77	-0.01	117	67509	卖盘
10:51:10	5.78	0.01	229	132362	买盘
10:51:06	5.77	--	78	45006	卖盘
10:51:01	5.77	-0.01	68	39236	卖盘
10:50:55	5.78	--	118	68204	买盘
10:50:51	5.78	0.01	500	289000	买盘
10:50:46	5.77	-0.01	126	72702	卖盘
10:50:40	5.78	0.01	56	32368	买盘
10:50:31	5.77	--	68	39236	卖盘
10:50:21	5.77	--	55	31734	卖盘
10:50:16	5.77	--	320	184640	卖盘
10:50:10	5.77	--	11	6346	卖盘
10:50:01	5.77	-0.01	68	39236	卖盘
10:49:55	5.78	0.01	76	43928	买盘
10:49:51	5.77	-0.01	68	39236	卖盘
10:49:46	5.78	--	19	10982	买盘
10:49:36	5.78	0.01	70	40460	买盘
10:49:31	5.77	--	56	32311	卖盘
10:49:21	5.77	-0.01	81	46737	卖盘
10:49:16	5.78	0.01	18	10404	买盘
10:49:06	5.77	-0.01	126	72702	卖盘
10:48:55	5.78	0.01	60	34680	买盘
10:48:51	5.77	-0.01	68	39236	卖盘
10:48:46	5.78	--	10	5780	买盘
10:48:40	5.78	0.01	1396	806888	买盘
10:48:36	5.77	--	68	39236	卖盘
10:48:31	5.77	--	1	577	卖盘
10:48:21	5.77	-0.01	79	45583	卖盘
10:48:16	5.78	--	6	3468	买盘
10:48:10	5.78	0.01	19	10982	买盘
10:48:06	5.77	--	885	510644	卖盘
10:48:01	5.77	--	1	577	卖盘
10:47:55	5.77	--	112	64623	卖盘
10:47:49	5.77	--	1	577	卖盘
10:47:40	5.77	--	35	20195	卖盘
10:47:34	5.77	--	325	187525	买盘
10:47:31	5.77	--	100	57699	买盘
10:47:25	5.77	--	93	53660	买盘
10:47:19	5.77	--	51	29426	买盘
10:47:15	5.77	--	10	5770	买盘
10:47:10	5.77	--	105	60584	买盘
10:47:04	5.77	--	819	472562	买盘
10:46:55	5.77	--	141	81357	买盘
10:46:49	5.77	--	51	29426	买盘
10:46:45	5.77	-0.01	543	313311	卖盘
10:46:40	5.78	0.01	29	16762	买盘
10:46:34	5.77	-0.01	74	42698	卖盘
10:46:30	5.78	0.01	30	17340	买盘
10:46:25	5.77	--	75	43275	卖盘
10:46:19	5.77	-0.01	104	60007	卖盘
10:46:10	5.78	0.01	27	15606	买盘
10:46:04	5.77	--	85	49045	卖盘
10:46:00	5.77	--	185	106744	买盘
10:45:55	5.77	--	309	178293	买盘
10:45:49	5.77	--	2091	1206507	买盘
10:45:45	5.77	--	10	5770	买盘
10:45:40	5.77	--	53	30580	买盘
10:45:34	5.77	--	172	99243	买盘
10:45:30	5.77	--	89	51352	卖盘
10:45:19	5.77	--	1	577	卖盘
10:45:15	5.77	--	120	69240	买盘
10:45:10	5.77	--	84	48468	买盘
10:45:04	5.77	-0.01	2970	1713689	卖盘
10:44:55	5.78	0.01	388	224264	买盘
10:44:49	5.77	--	11	6346	卖盘
10:44:45	5.77	-0.01	40	23080	卖盘
10:44:40	5.78	0.01	1373	793594	买盘
10:44:34	5.77	-0.01	451	260226	卖盘
10:44:30	5.78	0.01	816	471648	买盘
10:44:25	5.77	-0.01	100	57699	卖盘
10:44:19	5.78	--	24	13872	买盘
10:44:15	5.78	--	17	9826	买盘
10:44:10	5.78	0.01	110	63580	买盘
10:44:04	5.77	-0.01	67	38659	卖盘
10:43:55	5.78	0.01	120	69360	买盘
10:43:49	5.77	-0.01	2	1154	卖盘
10:43:40	5.78	0.01	136	78608	买盘
10:43:34	5.77	--	97	55968	卖盘
10:43:30	5.77	--	2483	1432691	卖盘
10:43:25	5.77	--	1	577	卖盘
10:43:19	5.77	-0.01	1	577	卖盘
10:43:10	5.78	0.01	88	50864	买盘
10:43:04	5.77	-0.01	85	49045	卖盘
10:42:55	5.78	--	59	34102	买盘
10:42:49	5.78	0.01	6	3468	买盘
10:42:45	5.77	--	171	98666	卖盘
10:42:40	5.77	--	106	61161	卖盘
10:42:34	5.77	-0.01	67	38659	卖盘
10:42:30	5.78	--	490	283220	买盘
10:42:25	5.78	0.01	23	13294	买盘
10:42:19	5.77	--	1	577	卖盘
10:42:15	5.77	-0.01	836	482371	卖盘
10:42:10	5.78	0.01	670	387260	买盘
10:42:04	5.77	-0.01	117	67509	卖盘
10:41:55	5.78	0.01	58	33524	买盘
10:41:49	5.77	-0.01	2	1154	卖盘
10:41:45	5.78	0.01	786	454308	买盘
10:41:40	5.77	--	202	116553	卖盘
10:41:34	5.77	--	650	375050	卖盘
10:41:30	5.77	-0.01	65	37505	卖盘
10:41:25	5.78	0.01	21	12138	买盘
10:41:19	5.77	--	803	463330	卖盘
10:41:15	5.77	-0.01	132	76164	卖盘
10:41:10	5.78	0.01	2	1156	买盘
10:41:04	5.77	-0.01	135	77895	卖盘
10:40:58	5.78	--	58	33524	买盘
10:40:55	5.78	0.01	58	33524	买盘
10:40:49	5.77	-0.01	16	9232	卖盘
10:40:43	5.78	0.01	17	9826	买盘
10:40:34	5.77	--	234	135018	卖盘
10:40:19	5.77	-0.01	21	12117	卖盘
10:40:13	5.78	0.01	23	13294	买盘
10:40:09	5.77	--	10	5770	卖盘
10:40:04	5.77	-0.01	352	203103	卖盘
10:39:54	5.78	0.01	59	34102	买盘
10:39:49	5.77	--	65	37505	卖盘
10:39:43	5.77	-0.01	142	81934	卖盘
10:39:39	5.78	0.01	10	5780	买盘
10:39:34	5.77	-0.01	195	112514	卖盘
10:39:28	5.78	0.01	2	1156	买盘
10:39:24	5.77	--	2	1154	卖盘
10:39:19	5.77	--	7	4038	卖盘
10:39:13	5.77	-0.01	15	8655	卖盘
10:39:09	5.78	0.01	30	17340	买盘
10:39:04	5.77	--	414	238877	卖盘
10:38:58	5.77	-0.01	353	203680	卖盘
10:38:54	5.78	0.01	58	33524	买盘
10:38:49	5.77	--	590	340430	卖盘
10:38:43	5.77	-0.01	13	7500	卖盘
10:38:39	5.78	0.01	129	74562	买盘
10:38:34	5.77	--	317	182909	卖盘
10:38:28	5.77	-0.01	178	102705	卖盘
10:38:19	5.78	--	19	10982	买盘
10:38:13	5.78	--	2414	1395292	买盘
10:38:09	5.78	0.01	311	179758	买盘
10:38:04	5.77	-0.01	135	77895	卖盘
10:37:58	5.78	--	605	349690	买盘
10:37:54	5.78	--	267	154326	买盘
10:37:49	5.78	--	67	38726	买盘
10:37:43	5.78	--	166	95948	买盘
10:37:39	5.78	--	51	29478	买盘
10:37:34	5.78	--	174	100572	买盘
10:37:28	5.78	0.01	115	66470	买盘
10:37:19	5.77	-0.01	558	321966	卖盘
10:37:13	5.78	--	20	11560	买盘
10:37:09	5.78	--	18	10404	买盘
10:37:04	5.78	--	143	82654	买盘
10:36:58	5.78	--	60	34680	买盘
10:36:54	5.78	0.01	65	37570	买盘
10:36:49	5.77	-0.01	1	577	卖盘
10:36:43	5.78	--	46	26588	买盘
10:36:39	5.78	0.01	20	11560	买盘
10:36:34	5.77	-0.01	294	169638	卖盘
10:36:28	5.78	--	22	12716	买盘
10:36:19	5.78	--	21	12138	买盘
10:36:13	5.78	--	6	3468	买盘
10:36:09	5.78	--	412	238136	买盘
10:36:04	5.78	0.01	473	273394	买盘
10:35:58	5.77	-0.01	95	54814	卖盘
10:35:54	5.78	0.01	158	91324	买盘
10:35:49	5.77	-0.01	1	577	卖盘
10:35:39	5.78	0.01	28	16184	买盘
10:35:34	5.77	-0.01	155	89435	卖盘
10:35:28	5.78	0.01	14	8092	买盘
10:35:24	5.77	-0.01	68	39236	卖盘
10:35:19	5.78	--	22	12716	买盘
10:35:09	5.78	--	414	239292	买盘
10:35:04	5.78	--	12	6936	买盘
10:34:52	5.78	0.01	125	72250	买盘
10:34:49	5.77	--	1	577	卖盘
10:34:43	5.77	--	66	38082	卖盘
10:34:37	5.77	--	108	62315	卖盘
10:34:33	5.77	-0.01	135	77895	卖盘
10:34:28	5.78	--	910	525980	买盘
10:34:22	5.78	--	136	78608	买盘
10:34:19	5.78	--	89	51442	买盘
10:34:13	5.78	--	17	9826	买盘
10:34:07	5.78	0.01	69	39882	买盘
10:34:03	5.77	-0.01	135	77895	卖盘
10:33:58	5.78	--	5	2890	买盘
10:33:52	5.78	--	233	134674	买盘
10:33:48	5.78	--	170	98260	买盘
10:33:43	5.78	-0.01	5704	3297484	卖盘
10:33:37	5.79	0.01	18	10422	买盘
10:33:33	5.78	--	135	78030	卖盘
10:33:22	5.78	--	0	5	卖盘
10:33:18	5.78	-0.01	2	1156	卖盘
10:33:07	5.79	0.01	23	13317	买盘
10:33:03	5.78	--	135	78030	卖盘
10:32:58	5.78	-0.01	29	16762	卖盘
10:32:52	5.79	0.01	63	36477	买盘
10:32:48	5.78	-0.01	1	578	卖盘
10:32:43	5.79	--	51	29529	买盘
10:32:37	5.79	0.01	21	12159	买盘
10:32:33	5.78	-0.01	336	194208	卖盘
10:32:22	5.79	0.01	300	173700	买盘
10:32:18	5.78	-0.01	1	578	卖盘
10:32:13	5.79	--	151	87429	买盘
10:32:07	5.79	0.01	19	11001	买盘
10:32:03	5.78	-0.01	363	209814	卖盘
10:31:58	5.79	--	12	6948	买盘
10:31:52	5.79	0.01	58	33582	买盘
10:31:48	5.78	-0.01	1	578	卖盘
10:31:43	5.79	--	100	57900	买盘
10:31:37	5.79	0.01	622	360138	买盘
10:31:33	5.78	-0.01	271	156638	卖盘
10:31:28	5.79	0.01	40	23160	买盘
10:31:18	5.78	-0.01	1	578	卖盘
10:31:07	5.79	0.01	175	101325	买盘
10:31:03	5.78	-0.01	31	17918	卖盘
10:30:52	5.79	0.01	93	53847	买盘
10:30:48	5.78	-0.01	31	17918	卖盘
10:30:37	5.79	0.01	155	89745	买盘
10:30:33	5.78	--	17	9826	卖盘
10:30:18	5.78	-0.01	1	578	卖盘
10:30:07	5.79	0.01	23	13317	买盘
10:30:03	5.78	-0.01	135	78030	卖盘
10:29:58	5.79	--	48	27792	买盘
10:29:52	5.79	0.01	73	42267	买盘
10:29:48	5.78	-0.01	1	578	卖盘
10:29:43	5.79	--	20	11580	买盘
10:29:37	5.79	0.01	92	53268	买盘
10:29:33	5.78	-0.01	152	87856	卖盘
10:29:22	5.79	0.01	8	4632	买盘
10:29:18	5.78	-0.01	827	478006	卖盘
10:29:13	5.79	0.01	5	2895	买盘
10:29:07	5.78	-0.01	168	97104	卖盘
10:29:03	5.79	0.01	101	58479	买盘
10:28:58	5.78	-0.01	6	3468	卖盘
10:28:52	5.79	--	118	68322	买盘
10:28:48	5.79	--	4	2316	买盘
10:28:43	5.79	--	10	5790	买盘
10:28:37	5.79	0.01	24	13896	买盘
10:28:33	5.78	-0.01	131	75718	卖盘
10:28:22	5.79	0.01	6	3474	买盘
10:28:16	5.78	-0.01	17	9826	卖盘
10:28:13	5.79	--	1	579	买盘
10:28:07	5.79	0.01	18	10422	买盘
10:28:01	5.78	-0.01	169	97682	卖盘
10:27:52	5.79	0.01	189	109431	买盘
10:27:46	5.78	-0.01	1	578	卖盘
10:27:37	5.79	0.01	18	10422	买盘
10:27:31	5.78	-0.01	201	116178	卖盘
10:27:22	5.79	0.01	20	11580	买盘
10:27:16	5.78	--	1	578	卖盘
10:27:07	5.78	-0.01	453	261834	卖盘
10:26:52	5.79	0.01	158	91482	买盘
10:26:46	5.78	-0.01	132	76296	卖盘
10:26:42	5.79	--	25	14475	买盘
10:26:37	5.79	0.01	17	9843	买盘
10:26:31	5.78	--	146	84388	卖盘
10:26:22	5.78	--	13	7514	卖盘
10:26:16	5.78	--	1	578	卖盘
10:26:07	5.78	--	247	142766	卖盘
10:26:01	5.78	-0.01	30	17340	卖盘
10:25:52	5.79	0.01	60	34740	买盘
10:25:46	5.78	-0.01	1	578	卖盘
10:25:42	5.79	--	8	4632	买盘
10:25:37	5.79	0.01	18	10422	买盘
10:25:31	5.78	--	135	78030	卖盘
10:25:22	5.78	-0.01	45	26010	卖盘
10:25:16	5.79	--	101	58479	买盘
10:25:07	5.79	--	173	100167	买盘
10:24:52	5.79	--	105	60795	买盘
10:24:46	5.79	--	15	8685	买盘
10:24:37	5.79	--	75	43425	买盘
10:24:31	5.79	--	133	77007	买盘
10:24:27	5.79	0.01	10	5790	买盘
10:24:22	5.78	-0.01	16	9248	卖盘
10:24:16	5.79	--	102	59058	买盘
10:24:12	5.79	--	8	4632	买盘
10:24:07	5.79	0.01	29	16791	买盘
10:24:01	5.78	-0.01	64	36992	卖盘
10:23:52	5.79	--	58	33582	买盘
10:23:46	5.79	--	26	15054	买盘
10:23:42	5.79	--	118	68322	买盘
10:23:37	5.79	0.01	18	10422	买盘
10:23:31	5.78	--	147	84966	卖盘
10:23:27	5.78	--	10	5780	卖盘
10:23:16	5.78	-0.01	55	31790	卖盘
10:23:06	5.79	0.01	18	10422	买盘
10:23:01	5.78	-0.02	19	10982	卖盘
10:22:57	5.8	0.01	109	63220	买盘
10:22:46	5.79	0.01	168	97272	买盘
10:22:42	5.78	--	31	17918	卖盘
10:22:37	5.78	--	47	27166	卖盘
10:22:31	5.78	--	67	38726	卖盘
10:22:27	5.78	-0.01	10	5780	卖盘
10:22:22	5.79	--	382	221178	买盘
10:22:16	5.79	--	81	46899	买盘
10:22:07	5.79	0.01	18	10422	买盘
10:22:01	5.78	-0.01	436	252008	卖盘
10:21:56	5.79	0.01	76	44004	买盘
10:21:46	5.78	-0.01	92	53176	卖盘
10:21:42	5.79	--	800	463200	买盘
10:21:36	5.79	--	763	441777	买盘
10:21:31	5.79	0.01	29	16791	买盘
10:21:25	5.78	--	16	9248	卖盘
10:21:16	5.78	--	101	58378	卖盘
10:21:10	5.78	-0.01	129	74562	卖盘
10:21:06	5.79	--	198	114642	买盘
10:20:55	5.79	0.01	165	95535	买盘
10:20:51	5.78	-0.01	56	32368	卖盘
10:20:46	5.79	--	158	91482	买盘
10:20:40	5.79	--	20	11580	买盘
10:20:36	5.79	0.01	154	89166	买盘
10:20:31	5.78	-0.01	17	9826	卖盘
10:20:25	5.79	--	157	90903	买盘
10:20:21	5.79	0.01	50	28950	买盘
10:20:16	5.78	-0.01	1	578	卖盘
10:20:06	5.79	0.01	37	21423	买盘
10:20:01	5.78	--	146	84388	卖盘
10:19:55	5.78	--	76	43928	卖盘
10:19:46	5.78	-0.01	12	6936	卖盘
10:19:36	5.79	--	16	9264	买盘
10:19:31	5.79	0.01	138	79902	买盘
10:19:25	5.78	-0.01	16	9248	卖盘
10:19:16	5.79	--	27	15633	买盘
10:19:10	5.79	--	18	10422	买盘
10:19:06	5.79	0.01	90	52110	买盘
10:19:01	5.78	--	175	101150	卖盘
10:18:55	5.78	--	117	67626	卖盘
10:18:46	5.78	--	1	578	卖盘
10:18:40	5.78	--	11	6358	卖盘
10:18:36	5.78	--	18	10404	卖盘
10:18:31	5.78	-0.01	156	90168	卖盘
10:18:25	5.79	0.01	51	29529	买盘
10:18:16	5.78	--	1	578	卖盘
10:18:10	5.78	--	10	5780	卖盘
10:18:06	5.78	--	192	110976	卖盘
10:18:01	5.78	-0.01	154	89012	卖盘
10:17:55	5.79	--	58	33582	买盘
10:17:46	5.79	--	70	40530	买盘
10:17:36	5.79	0.01	6	3474	买盘
10:17:31	5.78	--	154	89012	卖盘
10:17:25	5.78	--	52	30056	卖盘
10:17:21	5.78	--	5	2890	卖盘
10:17:16	5.78	--	1	578	卖盘
10:17:06	5.78	-0.01	94	54332	卖盘
10:16:55	5.79	0.01	58	33582	买盘
10:16:51	5.78	--	94	54332	卖盘
10:16:46	5.78	--	51	29478	卖盘
10:16:36	5.78	--	154	89012	卖盘
10:16:31	5.78	--	10	5780	卖盘
10:16:25	5.78	--	23	13294	卖盘
10:16:21	5.78	--	1	578	卖盘
10:16:06	5.78	--	145	83810	卖盘
10:15:55	5.78	--	107	61846	卖盘
10:15:51	5.78	--	152	87856	卖盘
10:15:34	5.78	-0.01	186	107508	卖盘
10:15:30	5.79	0.01	50	28950	买盘
10:15:25	5.78	-0.01	16	9248	卖盘
10:15:19	5.79	--	31	17949	买盘
10:15:10	5.79	--	50	28950	买盘
10:15:04	5.79	--	130	75270	买盘
10:14:55	5.79	0.01	63	36477	买盘
10:14:49	5.78	--	1	578	卖盘
10:14:34	5.78	--	70	40460	卖盘
10:14:30	5.78	-0.01	30	17340	卖盘
10:14:25	5.79	0.01	6	3474	买盘
10:14:19	5.78	--	12	6936	卖盘
10:14:10	5.78	--	150	86700	卖盘
10:14:04	5.78	--	170	98260	卖盘
10:14:00	5.78	-0.01	1	578	卖盘
10:13:55	5.79	--	458	265182	买盘
10:13:49	5.79	0.01	117	67743	买盘
10:13:45	5.78	--	30	17686	卖盘
10:13:40	5.78	--	17	9826	卖盘
10:13:34	5.78	-0.01	136	78608	卖盘
10:13:25	5.79	0.01	10	5790	买盘
10:13:19	5.78	-0.01	2	1156	卖盘
10:13:04	5.79	0.01	165	95535	买盘
10:12:55	5.78	--	215	124270	卖盘
10:12:49	5.78	-0.01	165	95370	卖盘
10:12:45	5.79	0.01	100	57900	买盘
10:12:40	5.78	-0.01	202	116756	卖盘
10:12:34	5.79	--	180	104220	买盘
10:12:19	5.79	--	14	8106	买盘
10:12:15	5.79	--	8	4632	买盘
10:12:10	5.79	--	8	4632	买盘
10:12:04	5.79	--	25	14475	买盘
10:11:55	5.79	--	58	33582	买盘
10:11:49	5.79	0.01	55	31845	买盘
10:11:45	5.78	-0.01	100	57800	卖盘
10:11:40	5.79	0.01	289	167331	买盘
10:11:34	5.78	--	235	135830	卖盘
10:11:25	5.78	--	1	578	卖盘
10:11:19	5.78	--	12	6936	卖盘
10:11:15	5.78	--	127	73406	卖盘
10:11:10	5.78	-0.01	949	548522	卖盘
10:11:04	5.79	0.01	263	152277	买盘
10:11:00	5.78	-0.01	100	57800	卖盘
10:10:55	5.79	0.01	110	63690	买盘
10:10:49	5.78	-0.01	46	26588	卖盘
10:10:45	5.79	--	50	28950	买盘
10:10:34	5.79	0.01	145	83955	买盘
10:10:30	5.78	--	20	11560	卖盘
10:10:19	5.78	--	840	485520	卖盘
10:10:15	5.78	--	500	289000	卖盘
10:10:10	5.78	-0.01	37	21386	卖盘
10:10:04	5.79	0.01	158	91482	买盘
10:09:55	5.78	--	77	44506	卖盘
10:09:49	5.78	--	135	78030	卖盘
10:09:45	5.78	--	117	67626	卖盘
10:09:34	5.78	-0.01	138	79764	卖盘
10:09:30	5.79	0.01	14	8106	买盘
10:09:25	5.78	--	212	122536	卖盘
10:09:19	5.78	--	11	6358	卖盘
10:09:14	5.78	--	102	58956	卖盘
10:09:04	5.78	-0.01	154	89012	卖盘
10:09:00	5.79	--	82	47478	买盘
10:08:54	5.79	0.01	459	265761	买盘
10:08:49	5.78	--	6	3468	卖盘
10:08:43	5.78	--	116	67048	卖盘
10:08:34	5.78	-0.01	171	98838	卖盘
10:08:28	5.79	0.01	9	5211	买盘
10:08:24	5.78	-0.01	5	2890	卖盘
10:08:19	5.79	0.01	1166	675114	买盘
10:08:13	5.78	--	101	58378	卖盘
10:08:09	5.78	-0.01	60	34680	卖盘
10:08:04	5.79	--	57	33003	买盘
10:07:58	5.79	--	112	64848	买盘
10:07:54	5.79	--	58	33582	买盘
10:07:49	5.79	0.01	89	51531	买盘
10:07:43	5.78	--	200	115721	买盘
10:07:39	5.78	--	115	66470	买盘
10:07:34	5.78	--	428	247384	买盘
10:07:28	5.78	--	1023	591294	买盘
10:07:24	5.78	--	1011	584358	买盘
10:07:19	5.78	0.01	485	280330	买盘
10:07:13	5.77	--	120	69240	卖盘
10:07:04	5.77	--	165	95205	卖盘
10:06:58	5.77	--	130	75010	卖盘
10:06:54	5.77	--	69	39813	卖盘
10:06:49	5.77	--	165	95205	卖盘
10:06:43	5.77	-0.01	130	75010	卖盘
10:06:39	5.78	0.01	87	50286	买盘
10:06:34	5.77	--	308	177716	卖盘
10:06:28	5.77	-0.01	101	58276	卖盘
10:06:19	5.78	--	60	34680	买盘
10:06:13	5.78	--	117	67626	买盘
10:06:09	5.78	--	519	299982	买盘
10:06:04	5.78	--	249	143922	买盘
10:05:58	5.78	--	225	130050	买盘
10:05:53	5.78	--	58	33524	买盘
10:05:49	5.78	--	5266	3044204	卖盘
10:05:43	5.78	--	153	88434	卖盘
10:05:34	5.78	--	121	69938	卖盘
10:05:28	5.78	-0.01	100	57800	卖盘
10:05:24	5.79	0.01	1020	590580	买盘
10:05:19	5.78	-0.01	142	82076	卖盘
10:05:13	5.79	0.01	108	62532	买盘
10:05:04	5.78	--	116	67048	卖盘
10:04:58	5.78	-0.01	219	126582	卖盘
10:04:54	5.79	0.01	1087	629373	买盘
10:04:49	5.78	--	26	15028	卖盘
10:04:43	5.78	-0.01	31	17918	卖盘
10:04:34	5.79	0.01	110	63690	买盘
10:04:28	5.78	--	141	81498	卖盘
10:04:24	5.78	-0.01	1010	583780	卖盘
10:04:19	5.79	0.01	7	4053	买盘
10:04:13	5.78	--	11	6358	卖盘
10:04:09	5.78	--	127	73406	卖盘
10:04:04	5.78	-0.01	83	47974	卖盘
10:03:58	5.79	--	10	5790	买盘
10:03:54	5.79	0.01	1229	711591	买盘
10:03:49	5.78	-0.01	1	578	卖盘
10:03:43	5.79	--	10	5790	买盘
10:03:39	5.79	0.01	37	21423	买盘
10:03:34	5.78	--	186	107508	卖盘
10:03:28	5.78	--	62	35836	卖盘
10:03:23	5.78	-0.01	1243	718454	卖盘
10:03:19	5.79	--	35	20265	买盘
10:03:09	5.79	--	77	44583	买盘
10:03:03	5.79	0.01	39	22581	买盘
10:02:58	5.78	-0.01	279	161262	卖盘
10:02:52	5.79	0.01	1118	647322	买盘
10:02:48	5.78	-0.01	102	58956	卖盘
10:02:43	5.79	0.01	12	6948	买盘
10:02:33	5.78	-0.01	16	9248	卖盘
10:02:28	5.79	--	127	73533	买盘
10:02:22	5.79	0.01	662	383298	买盘
10:02:18	5.78	-0.01	101	58378	卖盘
10:02:13	5.79	0.01	169	97851	买盘
10:02:07	5.78	-0.01	572	330616	卖盘
10:02:03	5.79	--	12	6948	卖盘
10:01:58	5.79	-0.01	33	19107	卖盘
10:01:52	5.8	0.01	158	91640	买盘
10:01:48	5.79	-0.01	173	100167	卖盘
10:01:43	5.8	0.01	5	2900	买盘
10:01:37	5.79	-0.01	144	83376	卖盘
10:01:28	5.8	0.01	52	30160	买盘
10:01:22	5.79	0.01	159	92061	卖盘
10:01:18	5.78	-0.01	101	58378	卖盘
10:01:13	5.79	0.01	129	74691	买盘
10:01:07	5.78	-0.01	54	31212	卖盘
10:01:03	5.79	--	28	16212	买盘
10:00:58	5.79	--	18	10422	买盘
10:00:52	5.79	0.01	217	125643	买盘
10:00:48	5.78	-0.01	17	9826	卖盘
10:00:43	5.79	--	30	17370	买盘
10:00:37	5.79	--	136	78744	买盘
10:00:33	5.79	--	211	122169	买盘
10:00:28	5.79	--	1	579	买盘
10:00:22	5.79	0.01	116	67164	买盘
10:00:18	5.78	--	2	1156	卖盘
10:00:13	5.78	-0.01	106	61268	卖盘
10:00:07	5.79	--	441	255339	卖盘
10:00:03	5.79	--	184	106536	卖盘
09:59:58	5.79	--	308	178332	卖盘
09:59:52	5.79	--	844	488676	卖盘
09:59:48	5.79	--	1	579	卖盘
09:59:43	5.79	--	2	1158	卖盘
09:59:37	5.79	--	156	90324	卖盘
09:59:28	5.79	--	190	110010	卖盘
09:59:18	5.79	--	65	37635	卖盘
09:59:07	5.79	--	10	5790	卖盘
09:59:03	5.79	--	240	138960	卖盘
09:58:58	5.79	--	175	101325	卖盘
09:58:52	5.79	--	218	126222	卖盘
09:58:48	5.79	--	801	463779	卖盘
09:58:37	5.79	--	327	189333	卖盘
09:58:28	5.79	-0.01	101	58479	卖盘
09:58:22	5.8	0.01	124	71920	买盘
09:58:18	5.79	--	206	119274	卖盘
09:58:13	5.79	-0.01	100	57900	卖盘
09:58:07	5.8	0.01	203	117740	买盘
09:58:03	5.79	-0.01	204	118579	卖盘
09:57:52	5.8	--	1510	875800	买盘
09:57:48	5.8	--	163	94540	买盘
09:57:37	5.8	0.01	481	278980	买盘
09:57:33	5.79	-0.01	118	68322	卖盘
09:57:22	5.8	0.01	102	59160	买盘
09:57:18	5.79	--	21	12159	卖盘
09:57:07	5.79	--	245	141855	卖盘
09:57:03	5.79	-0.01	205	118695	卖盘
09:56:52	5.8	0.01	188	109040	买盘
09:56:48	5.79	--	51	29529	卖盘
09:56:43	5.79	--	351	203524	卖盘
09:56:37	5.79	--	939	543681	卖盘
09:56:27	5.79	-0.01	100	57900	卖盘
09:56:22	5.8	0.01	4	2320	买盘
09:56:16	5.79	--	219	126801	卖盘
09:56:12	5.79	--	2	1158	卖盘
09:56:07	5.79	-0.01	165	95535	卖盘
09:56:01	5.8	0.01	110	63800	买盘
09:55:57	5.79	-0.01	1	1100	卖盘
09:55:52	5.8	--	108	62640	买盘
09:55:46	5.8	--	31	17980	买盘
09:55:42	5.8	0.01	103	59740	买盘
09:55:37	5.79	--	356	206124	卖盘
09:55:31	5.79	-0.01	303	175437	卖盘
09:55:22	5.8	0.01	221	128180	买盘
09:55:16	5.79	-0.01	118	68322	卖盘
09:55:12	5.8	--	39	22620	买盘
09:55:07	5.8	--	347	201260	买盘
09:55:01	5.8	--	984	570720	买盘
09:54:52	5.8	0.01	145	84100	买盘
09:54:46	5.79	-0.01	189	109431	卖盘
09:54:42	5.8	--	2	1160	买盘
09:54:37	5.8	--	356	206480	买盘
09:54:31	5.8	--	147	85260	买盘
09:54:27	5.8	0.01	8	4640	买盘
09:54:22	5.79	--	120	69480	卖盘
09:54:16	5.79	--	1	579	卖盘
09:54:07	5.79	-0.01	165	95535	卖盘
09:53:52	5.8	0.01	173	100340	买盘
09:53:46	5.79	-0.02	5240	3034180	卖盘
09:53:42	5.81	0.01	25	14524	买盘
09:53:37	5.8	--	15	9077	卖盘
09:53:31	5.8	-0.01	135	78300	卖盘
09:53:22	5.81	0.01	51	29630	买盘
09:53:16	5.8	-0.01	1001	580580	卖盘
09:53:12	5.81	0.01	99	57518	买盘
09:53:07	5.8	-0.01	275	159500	卖盘
09:53:01	5.81	--	122	70882	买盘
09:52:57	5.81	--	201	116780	买盘
09:52:52	5.81	0.01	169	98189	买盘
09:52:46	5.8	-0.01	1	580	卖盘
09:52:42	5.81	--	64	37184	买盘
09:52:37	5.81	0.01	164	95284	买盘
09:52:31	5.8	--	270	156600	卖盘
09:52:27	5.8	--	5	2900	卖盘
09:52:16	5.8	--	211	122380	卖盘
09:52:12	5.8	--	61	35380	卖盘
09:52:07	5.8	-0.01	135	78300	卖盘
09:52:01	5.81	--	65	37765	买盘
09:51:57	5.81	0.01	59	34279	买盘
09:51:52	5.8	-0.01	23	13340	卖盘
09:51:46	5.81	0.01	148	85988	买盘
09:51:42	5.8	--	297	172260	卖盘
09:51:37	5.8	--	135	78300	卖盘
09:51:31	5.8	--	68	39440	卖盘
09:51:27	5.8	-0.01	602	349160	卖盘
09:51:16	5.81	0.01	279	162099	买盘
09:51:07	5.8	-0.01	168	97440	卖盘
09:51:01	5.81	--	201	116780	买盘
09:50:57	5.81	0.01	112	65071	买盘
09:50:52	5.8	--	23	13902	卖盘
09:50:46	5.8	-0.01	330	191400	卖盘
09:50:41	5.81	0.01	88	51128	买盘
09:50:36	5.8	--	117	67860	卖盘
09:50:31	5.8	-0.01	33	19140	卖盘
09:50:26	5.81	0.01	20	11620	买盘
09:50:22	5.8	-0.01	80	46400	卖盘
09:50:16	5.81	--	122	70882	买盘
09:50:11	5.81	0.01	90	52290	买盘
09:50:06	5.8	-0.01	68	39440	卖盘
09:50:01	5.81	--	17	9877	买盘
09:49:55	5.81	0.01	125	72625	买盘
09:49:46	5.8	-0.01	47	27260	卖盘
09:49:40	5.81	--	78	45318	买盘
09:49:36	5.81	--	183	106323	买盘
09:49:31	5.81	--	72	41832	买盘
09:49:25	5.81	0.01	79	45899	买盘
09:49:16	5.8	-0.01	11	6380	卖盘
09:49:10	5.81	--	1579	917735	卖盘
09:49:06	5.81	--	234	135954	卖盘
09:49:01	5.81	--	453	263193	卖盘
09:48:55	5.81	--	2469	1434489	卖盘
09:48:51	5.81	--	2063	1198603	卖盘
09:48:46	5.81	--	142	82502	卖盘
09:48:40	5.81	-0.01	141	81921	卖盘
09:48:36	5.82	0.01	109	63438	买盘
09:48:31	5.81	--	234	135954	卖盘
09:48:25	5.81	-0.01	141	81921	卖盘
09:48:21	5.82	0.01	78	45396	买盘
09:48:16	5.81	-0.01	37	21497	卖盘
09:48:10	5.82	0.01	10	5820	买盘
09:48:06	5.81	--	126	73206	卖盘
09:48:01	5.81	--	158	91798	卖盘
09:47:55	5.81	--	108	62747	卖盘
09:47:51	5.81	--	168	97608	卖盘
09:47:46	5.81	--	164	95284	卖盘
09:47:36	5.81	-0.01	68	39508	卖盘
09:47:31	5.82	0.01	9	5238	买盘
09:47:16	5.81	-0.01	52	30211	卖盘
09:47:10	5.82	--	321	186822	买盘
09:47:06	5.82	0.01	26	15132	买盘
09:46:55	5.81	--	78	45318	卖盘
09:46:46	5.81	--	216	125495	卖盘
09:46:31	5.81	--	71	41251	卖盘
09:46:16	5.81	-0.01	1	581	卖盘
09:46:06	5.82	0.01	62	36084	买盘
09:46:01	5.81	--	2	1162	卖盘
09:45:55	5.81	--	137	79597	卖盘
09:45:51	5.81	--	3	1742	卖盘
09:45:40	5.81	--	32	18592	卖盘
09:45:36	5.81	-0.01	40	23240	卖盘
09:45:30	5.82	--	11	6402	买盘
09:45:21	5.82	--	32	18624	买盘
09:45:10	5.82	--	190	110580	买盘
09:44:55	5.82	--	108	62856	买盘
09:44:51	5.82	--	28	16296	买盘
09:44:25	5.82	--	20	11640	买盘
09:44:20	5.82	--	126	73332	买盘
09:44:16	5.82	--	10	5820	买盘
09:44:10	5.82	0.01	10	5820	买盘
09:44:04	5.81	-0.01	10	5810	卖盘
09:44:00	5.82	0.01	2	1164	买盘
09:43:55	5.81	--	60	34860	卖盘
09:43:49	5.81	--	21	12201	卖盘
09:43:45	5.81	--	52	30211	卖盘
09:43:34	5.81	-0.01	22	12782	卖盘
09:43:30	5.82	--	200	116400	买盘
09:43:25	5.82	--	28	16296	买盘
09:43:19	5.82	--	5	2910	买盘
09:43:15	5.82	--	23	13386	买盘
09:43:10	5.82	--	15	8730	买盘
09:43:04	5.82	0.01	28	16296	买盘
09:43:00	5.81	-0.01	102	59261	卖盘
09:42:55	5.82	--	60	34920	买盘
09:42:49	5.82	0.01	31	18042	买盘
09:42:40	5.81	-0.01	70	40670	卖盘
09:42:30	5.82	0.01	15	8730	买盘
09:42:19	5.81	-0.01	1	581	卖盘
09:42:10	5.82	0.01	62	36084	买盘
09:42:00	5.81	-0.01	25	14524	卖盘
09:41:55	5.82	--	198	115236	买盘
09:41:49	5.82	--	58	33756	买盘
09:41:40	5.82	0.01	25	14550	买盘
09:41:34	5.81	-0.01	19	11039	卖盘
09:41:30	5.82	--	10	5820	买盘
09:41:25	5.82	--	172	100104	买盘
09:41:19	5.82	--	77	44814	买盘
09:41:15	5.82	--	19	11058	买盘
09:41:10	5.82	--	40	23280	买盘
09:41:04	5.82	0.01	63	36666	买盘
09:41:00	5.81	--	213	123752	卖盘
09:40:55	5.81	--	75	43575	卖盘
09:40:49	5.81	-0.01	2	1162	卖盘
09:40:40	5.82	--	39	22698	买盘
09:40:34	5.82	0.01	27	15714	买盘
09:40:25	5.81	-0.01	6	3485	卖盘
09:40:19	5.82	--	7	4074	买盘
09:40:15	5.82	0.01	9	5238	买盘
09:40:09	5.81	-0.01	14	8133	卖盘
09:40:04	5.82	0.01	20	11640	买盘
09:40:00	5.81	-0.01	89	51709	卖盘
09:39:55	5.82	0.01	209	121638	买盘
09:39:49	5.81	--	95	55194	卖盘
09:39:45	5.81	--	7	4066	卖盘
09:39:40	5.81	-0.01	1120	650720	卖盘
09:39:30	5.82	--	117	68094	买盘
09:39:25	5.82	--	1110	646020	买盘
09:39:19	5.82	--	53	30846	买盘
09:39:04	5.82	--	37	21534	买盘
09:39:00	5.82	--	10	5820	买盘
09:38:54	5.82	--	58	33756	买盘
09:38:49	5.82	--	12	6984	买盘
09:38:40	5.82	--	13	7566	买盘
09:38:34	5.82	--	93	54126	卖盘
09:38:30	5.82	--	168	97776	卖盘
09:38:24	5.82	--	105	61110	卖盘
09:38:19	5.82	--	217	126294	买盘
09:38:15	5.82	0.01	20	11640	买盘
09:38:09	5.81	--	75	43575	卖盘
09:37:59	5.81	-0.01	201	116780	卖盘
09:37:54	5.82	--	58	33756	买盘
09:37:49	5.82	--	42	24444	买盘
09:37:44	5.82	--	328	190896	买盘
09:37:40	5.82	--	106	61692	买盘
09:37:28	5.82	--	40	23280	买盘
09:37:24	5.82	--	2	1164	买盘
09:37:19	5.82	-0.01	1640	954480	卖盘
09:37:13	5.83	--	15	8745	买盘
09:37:09	5.83	-0.01	457	266431	卖盘
09:37:04	5.84	0.01	21	12264	买盘
09:36:58	5.83	-0.01	24	13992	卖盘
09:36:54	5.84	0.01	59	34456	买盘
09:36:49	5.83	--	5	2915	卖盘
09:36:43	5.83	--	1	641	卖盘
09:36:39	5.83	-0.01	30	17490	卖盘
09:36:28	5.84	0.01	1	584	买盘
09:36:24	5.83	--	30	17490	卖盘
09:36:19	5.83	--	11	6413	卖盘
09:36:04	5.83	--	7	4081	卖盘
09:35:54	5.83	--	6233	3633839	买盘
09:35:49	5.83	--	2	1166	买盘
09:35:43	5.83	--	1	583	买盘
09:35:34	5.83	--	3	1749	买盘
09:35:28	5.83	0.01	498	290334	买盘
09:35:24	5.82	-0.01	50	29100	卖盘
09:35:19	5.83	0.01	151	88033	买盘
09:35:13	5.82	--	198	115236	卖盘
09:35:04	5.82	--	53	30846	买盘
09:34:58	5.82	-0.01	275	160050	中性盘
09:34:54	5.83	0.02	58	33814	买盘
09:34:49	5.81	--	199	115863	卖盘
09:34:43	5.81	--	525	305025	卖盘
09:34:39	5.81	-0.01	200	116199	卖盘
09:34:34	5.82	--	70	40740	买盘
09:34:28	5.82	--	191	111162	买盘
09:34:24	5.82	--	27	15714	买盘
09:34:19	5.82	--	1286	748452	买盘
09:34:13	5.82	-0.01	1111	646602	卖盘
09:34:09	5.83	-0.01	43	25069	卖盘
09:34:04	5.84	0.01	174	101616	买盘
09:33:58	5.83	--	306	178398	买盘
09:33:54	5.83	--	207	120681	买盘
09:33:49	5.83	-0.01	79	46057	卖盘
09:33:43	5.84	--	43	25112	买盘
09:33:33	5.84	0.01	37	21608	买盘
09:33:28	5.83	-0.01	258	150414	卖盘
09:33:18	5.84	0.01	220	128480	买盘
09:33:13	5.83	--	91	53053	卖盘
09:33:03	5.83	--	283	164989	买盘
09:32:54	5.83	0.01	68	39644	买盘
09:32:43	5.82	-0.01	6	3492	卖盘
09:32:39	5.83	0.01	1	583	买盘
09:32:33	5.82	-0.01	10	5820	卖盘
09:32:28	5.83	--	54	31482	买盘
09:32:23	5.83	0.01	65	37895	买盘
09:32:13	5.82	--	141	82062	卖盘
09:32:03	5.82	--	96	55872	卖盘
09:31:58	5.82	-0.01	53	30846	卖盘
09:31:52	5.83	--	52	30316	买盘
09:31:48	5.83	0.01	25	14575	买盘
09:31:43	5.82	-0.02	44	25608	卖盘
09:31:38	5.84	0.02	106	61904	买盘
09:31:33	5.82	--	89	51798	卖盘
09:31:28	5.82	--	5	2910	卖盘
09:31:22	5.82	--	0	0	卖盘
09:31:13	5.82	-0.01	1010	587820	卖盘
09:31:07	5.83	-0.01	40	23320	中性盘
09:31:03	5.84	0.01	3	1752	买盘
09:30:58	5.83	-0.01	211	123013	中性盘
09:30:52	5.84	0.02	686	400624	买盘
09:30:48	5.82	--	40	23280	卖盘
09:30:43	5.82	-0.01	1	582	卖盘
09:30:37	5.83	--	0	0	卖盘
09:30:28	5.83	--	660	385077	买盘
09:30:22	5.83	--	833	485639	买盘
09:30:18	5.83	0.02	186	108438	买盘
09:30:13	5.81	-0.02	403	234142	卖盘
09:30:07	5.83	0.01	139	81037	买盘
09:30:03	5.82	-0.01	20	11640	卖盘
09:28:47	5.83	--	0	0	买盘
09:25:06	5.83	5.83	371	216293	买盘
