成交时间	成交价	价格变动	成交量(手)	成交额(元)	性质
15:00:00	12.61	0.01	0	0	买盘
15:00:00	12.6	0.01	12	15120	买盘
14:59:59	12.59	-0.01	188	236692	卖盘
14:59:53	12.6	-0.01	1798	2265480	卖盘
14:59:49	12.61	--	128	161408	买盘
14:59:44	12.61	--	278	350558	买盘
14:59:38	12.61	-0.01	200	252200	卖盘
14:59:34	12.62	--	146	184252	买盘
14:59:29	12.62	--	1010	1274620	买盘
14:59:23	12.62	0.01	156	196872	买盘
14:59:19	12.61	-0.01	217	273637	卖盘
14:59:14	12.62	--	848	1070176	卖盘
14:59:08	12.62	-0.01	254	320548	卖盘
14:59:04	12.63	--	407	514041	买盘
14:58:59	12.63	--	269	339747	买盘
14:58:53	12.63	--	123	155349	买盘
14:58:49	12.63	--	209	263967	买盘
14:58:44	12.63	-0.02	2217	2800462	卖盘
14:58:38	12.65	--	347	438955	买盘
14:58:34	12.65	--	237	299805	买盘
14:58:29	12.65	0.01	520	657800	买盘
14:58:23	12.64	-0.01	345	436080	卖盘
14:58:19	12.65	--	153	193545	买盘
14:58:14	12.65	0.01	402	508530	买盘
14:58:08	12.64	--	404	510656	买盘
14:58:04	12.64	--	108	136512	买盘
14:57:59	12.64	-0.01	408	515712	卖盘
14:57:53	12.65	--	438	554070	买盘
14:57:49	12.65	0.01	172	217580	买盘
14:57:44	12.64	--	235	297040	卖盘
14:57:38	12.64	-0.01	285	360240	卖盘
14:57:34	12.65	0.02	3	3795	买盘
14:57:29	12.63	-0.01	697	881182	卖盘
14:57:23	12.64	--	90	113760	买盘
14:57:19	12.64	--	20	25280	买盘
14:57:14	12.64	--	474	600298	卖盘
14:57:08	12.64	-0.01	2741	3464712	卖盘
14:57:04	12.65	0.01	30	37950	买盘
14:56:59	12.64	--	99	125136	卖盘
14:56:53	12.64	0.01	182	230060	买盘
14:56:49	12.63	-0.01	168	212184	卖盘
14:56:44	12.64	--	229	289456	买盘
14:56:38	12.64	--	219	276816	买盘
14:56:34	12.64	--	74	93536	买盘
14:56:29	12.64	--	137	173168	买盘
14:56:23	12.64	--	1215	1535760	买盘
14:56:19	12.64	0.01	97	122608	买盘
14:56:14	12.63	--	30	37890	卖盘
14:56:08	12.63	-0.01	93	117459	卖盘
14:56:03	12.64	--	10	12640	买盘
14:55:59	12.64	0.01	145	183280	买盘
14:55:53	12.63	--	162	204606	卖盘
14:55:49	12.63	-0.01	11	13893	卖盘
14:55:44	12.64	--	126	159264	买盘
14:55:38	12.64	0.01	343	433552	买盘
14:55:33	12.63	--	32	40416	卖盘
14:55:28	12.63	0.01	230	291437	买盘
14:55:23	12.62	-0.01	80	100960	卖盘
14:55:19	12.63	--	20	25260	买盘
14:55:13	12.63	0.01	374	472362	买盘
14:55:08	12.62	--	10	12620	卖盘
14:55:02	12.62	--	11	13882	卖盘
14:54:58	12.62	--	61	76982	卖盘
14:54:53	12.62	0.01	115	145130	买盘
14:54:47	12.61	--	32	40352	卖盘
14:54:43	12.61	--	461	581321	卖盘
14:54:38	12.61	-0.01	287	361907	卖盘
14:54:32	12.62	--	240	302880	买盘
14:54:28	12.62	--	97	122413	买盘
14:54:23	12.62	--	89	112318	买盘
14:54:17	12.62	--	82	103484	买盘
14:54:13	12.62	--	113	142606	买盘
14:54:08	12.62	--	239	301618	买盘
14:54:02	12.62	--	15	18930	买盘
14:53:58	12.62	--	76	95912	买盘
14:53:53	12.62	-0.01	136	171632	卖盘
14:53:47	12.63	--	392	495096	买盘
14:53:43	12.63	--	9	11367	买盘
14:53:38	12.63	0.01	114	143982	买盘
14:53:32	12.62	--	127	160274	卖盘
14:53:28	12.62	-0.01	4	5048	卖盘
14:53:23	12.63	0.01	442	559483	买盘
14:53:17	12.62	--	443	559091	卖盘
14:53:13	12.62	-0.01	29	36598	卖盘
14:53:08	12.63	--	123	155349	买盘
14:53:02	12.63	--	178	224814	买盘
14:52:58	12.63	--	57	71991	买盘
14:52:53	12.63	--	710	897071	卖盘
14:52:47	12.63	-0.01	317	400371	卖盘
14:52:43	12.64	--	68	85952	买盘
14:52:38	12.64	--	458	578912	买盘
14:52:32	12.64	--	114	144096	买盘
14:52:28	12.64	--	315	398160	买盘
14:52:23	12.64	--	165	208560	买盘
14:52:17	12.64	--	89	112496	买盘
14:52:13	12.64	--	46	58144	买盘
14:52:08	12.64	--	445	562480	买盘
14:52:02	12.64	--	294	371616	买盘
14:51:58	12.64	--	20	25280	买盘
14:51:53	12.64	--	238	300832	买盘
14:51:47	12.64	--	389	491696	买盘
14:51:42	12.64	--	89	112496	买盘
14:51:38	12.64	0.01	22	27808	买盘
14:51:32	12.63	-0.01	22	27786	卖盘
14:51:28	12.64	0.01	40	50560	买盘
14:51:23	12.63	-0.01	26	32838	卖盘
14:51:17	12.64	0.01	86	108704	买盘
14:51:13	12.63	--	5	6315	卖盘
14:51:08	12.63	--	5	6315	卖盘
14:51:02	12.63	--	43	54309	卖盘
14:50:58	12.63	-0.01	371	468573	卖盘
14:50:53	12.64	--	75	94800	买盘
14:50:47	12.64	0.01	37	46768	买盘
14:50:43	12.63	-0.01	102	128826	卖盘
14:50:38	12.64	0.01	43	54352	买盘
14:50:32	12.63	-0.01	23	29049	卖盘
14:50:28	12.64	-0.01	56	70784	买盘
14:50:23	12.65	0.02	20	25300	买盘
14:50:17	12.63	--	15	18945	卖盘
14:50:13	12.63	--	411	520014	卖盘
14:50:08	12.63	-0.01	190	240311	卖盘
14:50:02	12.64	--	91	115946	买盘
14:49:58	12.64	0.01	25	31600	买盘
14:49:53	12.63	-0.01	263	332169	卖盘
14:49:47	12.64	--	10	12640	买盘
14:49:43	12.64	0.01	8	10112	买盘
14:49:38	12.63	-0.01	42	53046	卖盘
14:49:32	12.64	--	68	85952	买盘
14:49:28	12.64	--	10	12640	买盘
14:49:23	12.64	--	73	92272	买盘
14:49:17	12.64	0.01	56	70784	买盘
14:49:12	12.63	-0.01	10	12630	卖盘
14:49:08	12.64	--	173	218672	买盘
14:49:02	12.64	--	88	111232	买盘
14:48:58	12.64	--	10	12640	卖盘
14:48:53	12.64	--	152	192128	买盘
14:48:47	12.64	--	16	20224	买盘
14:48:42	12.64	--	25	31600	买盘
14:48:37	12.64	--	791	999824	卖盘
14:48:32	12.64	-0.01	257	324848	卖盘
14:48:22	12.65	--	22	27830	买盘
14:48:17	12.65	0.01	358	452870	买盘
14:48:11	12.64	--	25	31600	卖盘
14:48:07	12.64	-0.01	151	190864	卖盘
14:48:02	12.65	0.01	51	64515	买盘
14:47:56	12.64	-0.01	116	146624	卖盘
14:47:52	12.65	0.01	36	45540	买盘
14:47:47	12.64	-0.01	181	228784	卖盘
14:47:41	12.65	0.01	17	21505	买盘
14:47:37	12.64	-0.01	740	935360	卖盘
14:47:32	12.65	--	318	402270	买盘
14:47:26	12.65	--	4	5060	买盘
14:47:22	12.65	--	1130	1429652	卖盘
14:47:17	12.65	--	992	1254880	卖盘
14:47:11	12.65	--	366	462990	卖盘
14:47:02	12.65	--	668	846082	买盘
14:46:56	12.65	--	229	289685	买盘
14:46:47	12.65	--	155	196075	买盘
14:46:41	12.65	--	34	43010	买盘
14:46:36	12.65	--	41	51865	买盘
14:46:32	12.65	--	186	235290	买盘
14:46:26	12.65	--	271	342815	买盘
14:46:22	12.65	--	22	27830	买盘
14:46:17	12.65	-0.01	269	340285	买盘
14:46:11	12.66	--	269	340554	买盘
14:46:07	12.66	0.01	116	146856	买盘
14:46:02	12.65	--	196	247940	卖盘
14:45:56	12.65	--	35	44275	卖盘
14:45:52	12.65	--	10	12650	卖盘
14:45:47	12.65	--	197	249205	卖盘
14:45:41	12.65	--	60	75900	卖盘
14:45:37	12.65	--	75	94875	卖盘
14:45:32	12.65	0.02	2350	2972750	买盘
14:45:26	12.63	--	437	551931	卖盘
14:45:22	12.63	--	23	29049	卖盘
14:45:17	12.63	-0.01	14	17682	卖盘
14:45:11	12.64	0.01	76	96064	买盘
14:45:07	12.63	-0.01	3	3789	卖盘
14:45:02	12.64	--	459	580176	卖盘
14:44:56	12.64	--	11	13904	卖盘
14:44:52	12.64	--	183	231312	买盘
14:44:47	12.64	--	189	238896	卖盘
14:44:41	12.64	--	40	50560	卖盘
14:44:32	12.64	--	5	6320	卖盘
14:44:26	12.64	--	466	589024	买盘
14:44:22	12.64	--	15	18960	买盘
14:44:17	12.64	--	50	63200	买盘
14:44:11	12.64	--	35	44240	买盘
14:44:07	12.64	--	24	30336	买盘
14:44:02	12.64	0.01	41	51824	中性盘
14:43:56	12.63	-0.01	43	54309	卖盘
14:43:52	12.64	--	8	10112	买盘
14:43:47	12.64	0.01	643	812752	买盘
14:43:41	12.63	-0.01	10	12630	卖盘
14:43:37	12.64	0.01	14	17696	买盘
14:43:32	12.63	--	30	37890	卖盘
14:43:26	12.63	0.01	240	303120	买盘
14:43:22	12.62	--	216	272592	卖盘
14:43:17	12.62	--	68	85816	卖盘
14:43:07	12.62	-0.01	30	37860	卖盘
14:43:02	12.63	0.01	1	1263	买盘
14:42:56	12.62	--	77	97174	卖盘
14:42:52	12.62	--	33	41646	卖盘
14:42:47	12.62	-0.02	12	15143	卖盘
14:42:41	12.64	0.01	451	570064	买盘
14:42:37	12.63	0.01	1	1263	买盘
14:42:32	12.62	-0.01	39	49218	卖盘
14:42:26	12.63	0.01	45	56835	买盘
14:42:16	12.62	--	38	47956	卖盘
14:42:11	12.62	-0.02	53	66886	卖盘
14:42:05	12.64	0.02	161	203504	买盘
14:42:01	12.62	-0.01	45	56790	卖盘
14:41:56	12.63	--	94	118722	买盘
14:41:50	12.63	--	26	32838	买盘
14:41:46	12.63	--	284	358692	卖盘
14:41:41	12.63	--	52	65676	卖盘
14:41:35	12.63	-0.01	101	127563	卖盘
14:41:31	12.64	0.01	131	165584	买盘
14:41:26	12.63	--	87	109881	卖盘
14:41:20	12.63	--	64	80832	卖盘
14:41:16	12.63	--	224	282912	卖盘
14:41:11	12.63	--	99	125037	卖盘
14:41:05	12.63	--	90	113670	卖盘
14:41:01	12.63	-0.01	33	41679	卖盘
14:40:56	12.64	0.01	87	109968	买盘
14:40:50	12.63	-0.01	141	178083	卖盘
14:40:46	12.64	--	22	27808	卖盘
14:40:41	12.64	--	779	984656	卖盘
14:40:35	12.64	-0.01	22	27808	卖盘
14:40:31	12.65	0.01	533	674245	买盘
14:40:26	12.64	-0.01	43	54352	卖盘
14:40:20	12.65	--	969	1225785	卖盘
14:40:16	12.65	--	20	25300	卖盘
14:40:11	12.65	--	405	512325	卖盘
14:40:05	12.65	--	101	127765	卖盘
14:40:01	12.65	-0.01	107	135355	卖盘
14:39:56	12.66	0.01	127	160782	买盘
14:39:50	12.65	-0.01	165	208725	卖盘
14:39:46	12.66	0.01	100	126600	买盘
14:39:41	12.65	--	277	350405	卖盘
14:39:35	12.65	--	35	44275	卖盘
14:39:31	12.65	--	55	69575	卖盘
14:39:26	12.65	--	338	427570	卖盘
14:39:20	12.65	--	196	247940	卖盘
14:39:16	12.65	--	25	31625	卖盘
14:39:11	12.65	--	76	96140	卖盘
14:39:05	12.65	--	279	352935	买盘
14:39:01	12.65	--	3	3795	买盘
14:38:56	12.65	--	23	29095	买盘
14:38:50	12.65	--	73	92345	卖盘
14:38:41	12.65	-0.01	150	189750	卖盘
14:38:35	12.66	0.01	40	50640	买盘
14:38:31	12.65	--	5	6325	卖盘
14:38:26	12.65	--	53	67045	卖盘
14:38:20	12.65	0.01	58	73370	买盘
14:38:16	12.64	-0.01	38	48032	卖盘
14:38:11	12.65	--	57	72105	买盘
14:38:05	12.65	--	85	107525	买盘
14:38:01	12.65	--	24	30360	卖盘
14:37:56	12.65	--	196	247940	卖盘
14:37:50	12.65	--	408	516120	卖盘
14:37:46	12.65	--	12	15180	卖盘
14:37:41	12.65	--	14	17710	卖盘
14:37:35	12.65	--	68	87120	买盘
14:37:26	12.65	--	65	82225	买盘
14:37:20	12.65	0.01	80	101200	买盘
14:37:16	12.64	-0.01	12	15168	卖盘
14:37:11	12.65	0.01	73	92345	买盘
14:37:05	12.64	-0.01	75	94800	中性盘
14:37:01	12.65	0.01	70	88550	买盘
14:36:56	12.64	-0.01	181	228784	卖盘
14:36:50	12.65	0.01	650	822250	买盘
14:36:46	12.64	-0.01	215	271760	卖盘
14:36:41	12.65	--	6	7590	买盘
14:36:35	12.65	--	95	120175	卖盘
14:36:31	12.65	-0.01	202	255530	卖盘
14:36:26	12.66	0.01	153	193698	买盘
14:36:20	12.65	-0.01	21	26565	卖盘
14:36:16	12.66	0.01	284	359544	买盘
14:36:11	12.65	-0.01	138	174570	卖盘
14:36:05	12.66	0.01	206	260796	买盘
14:36:00	12.65	--	40	50600	卖盘
14:35:56	12.65	--	149	188485	买盘
14:35:50	12.65	0.01	531	671715	买盘
14:35:44	12.64	-0.01	44	55616	卖盘
14:35:40	12.65	0.01	37	46805	买盘
14:35:35	12.64	-0.02	77	97328	卖盘
14:35:29	12.66	0.01	14	17724	买盘
14:35:25	12.65	0.01	398	503470	买盘
14:35:20	12.64	--	2	2528	卖盘
14:35:10	12.64	--	58	73312	卖盘
14:35:05	12.64	-0.01	69	87216	卖盘
14:34:59	12.65	--	111	140415	买盘
14:34:55	12.65	--	10	12650	买盘
14:34:50	12.65	0.01	303	383295	买盘
14:34:44	12.64	--	7	8848	卖盘
14:34:40	12.64	-0.01	23	29072	卖盘
14:34:35	12.65	--	84	106260	买盘
14:34:29	12.65	--	204	258060	买盘
14:34:25	12.65	--	615	777975	买盘
14:34:20	12.65	--	16	20240	买盘
14:34:14	12.65	0.01	55	69575	买盘
14:34:10	12.64	--	128	161792	卖盘
14:34:05	12.64	-0.01	236	298304	卖盘
14:33:59	12.65	--	19	24035	卖盘
14:33:55	12.65	--	92	116380	卖盘
14:33:50	12.65	--	108	136620	买盘
14:33:44	12.65	--	19	24035	买盘
14:33:40	12.65	--	322	407330	买盘
14:33:35	12.65	--	298	376970	买盘
14:33:29	12.65	--	89	112585	买盘
14:33:25	12.65	--	15	18975	买盘
14:33:20	12.65	--	16	20240	买盘
14:33:14	12.65	0.01	110	139150	买盘
14:33:10	12.64	--	71	89744	卖盘
14:33:05	12.64	-0.01	6	7584	卖盘
14:32:59	12.65	0.01	31	39215	买盘
14:32:55	12.64	-0.01	5	6320	卖盘
14:32:50	12.65	--	336	425040	买盘
14:32:44	12.65	0.01	31	39215	买盘
14:32:40	12.64	--	55	69520	卖盘
14:32:35	12.64	--	17	21488	卖盘
14:32:29	12.64	--	17	21488	卖盘
14:32:25	12.64	--	101	127664	卖盘
14:32:20	12.64	-0.01	25	31600	卖盘
14:32:14	12.65	--	16	20240	买盘
14:32:05	12.65	--	73	92345	卖盘
14:31:59	12.65	--	217	274505	买盘
14:31:50	12.65	0.01	33	41745	中性盘
14:31:44	12.64	-0.01	76	96064	卖盘
14:31:40	12.65	-0.01	16	20240	中性盘
14:31:35	12.66	--	762	964692	买盘
14:31:29	12.66	0.01	125	158250	买盘
14:31:25	12.65	-0.01	242	306130	卖盘
14:31:20	12.66	--	19	24054	买盘
14:31:14	12.66	--	131	165846	买盘
14:31:05	12.66	--	23	29118	买盘
14:30:59	12.66	-0.01	31	39246	买盘
14:30:55	12.67	0.01	50	63350	买盘
14:30:50	12.66	-0.01	130	165820	卖盘
14:30:44	12.67	--	783	992061	买盘
14:30:40	12.67	--	43	54481	买盘
14:30:35	12.67	--	27	34209	买盘
14:30:29	12.67	--	79	100093	买盘
14:30:25	12.67	--	47	59549	买盘
14:30:19	12.67	--	18	22806	买盘
14:30:14	12.67	--	85	107695	买盘
14:30:09	12.67	--	10	12670	买盘
14:30:05	12.67	--	28	35476	卖盘
14:29:59	12.67	--	109	138103	卖盘
14:29:50	12.67	--	9	11403	卖盘
14:29:44	12.67	--	42	53214	买盘
14:29:40	12.67	--	30	38010	卖盘
14:29:29	12.67	--	21	26607	卖盘
14:29:19	12.67	--	39	49413	买盘
14:29:14	12.67	0.01	459	581553	买盘
14:29:08	12.66	--	27	34182	卖盘
14:29:04	12.66	--	54	68364	卖盘
14:28:59	12.66	--	19	24054	卖盘
14:28:53	12.66	--	402	508957	买盘
14:28:44	12.66	0.01	15	18990	买盘
14:28:38	12.65	-0.01	7	8855	卖盘
14:28:34	12.66	0.01	10	12660	买盘
14:28:29	12.65	--	30	37950	卖盘
14:28:23	12.65	--	10	12650	买盘
14:28:19	12.65	--	47	59455	卖盘
14:28:14	12.65	--	109	137885	卖盘
14:28:04	12.65	--	13	16445	卖盘
14:27:59	12.65	0.01	44	55660	买盘
14:27:53	12.64	-0.01	4	5056	卖盘
14:27:49	12.65	0.01	557	704605	买盘
14:27:44	12.64	-0.01	5	6320	卖盘
14:27:38	12.65	0.01	79	99935	买盘
14:27:29	12.64	-0.01	40	50560	卖盘
14:27:23	12.65	0.01	93	117645	买盘
14:27:19	12.64	-0.01	18	22752	卖盘
14:27:14	12.65	-0.01	14	17710	中性盘
14:27:08	12.66	0.01	41	51906	买盘
14:27:04	12.65	--	32	40480	买盘
14:26:59	12.65	--	69	88524	卖盘
14:26:53	12.65	--	21	26565	卖盘
14:26:49	12.65	-0.01	75	94875	卖盘
14:26:44	12.66	0.01	65	82290	买盘
14:26:38	12.65	--	4	5060	卖盘
14:26:29	12.65	--	25	31625	卖盘
14:26:23	12.65	--	0	0	卖盘
14:26:19	12.65	--	50	63250	卖盘
14:26:14	12.65	-0.01	421	532565	卖盘
14:26:08	12.66	--	203	256998	买盘
14:26:04	12.66	--	15	18990	买盘
14:25:59	12.66	--	38	48108	买盘
14:25:53	12.66	--	110	139260	买盘
14:25:49	12.66	0.01	201	254466	买盘
14:25:44	12.65	-0.01	63	79695	卖盘
14:25:38	12.66	--	436	551976	卖盘
14:25:23	12.66	--	23	29118	卖盘
14:25:19	12.66	-0.01	22	27852	卖盘
14:25:14	12.67	0.01	65	82355	买盘
14:25:08	12.66	--	100	126600	卖盘
14:25:04	12.66	-0.02	28	35448	卖盘
14:24:59	12.68	0.01	162	205416	买盘
14:24:53	12.67	0.01	19	24073	中性盘
14:24:49	12.66	-0.01	144	182304	卖盘
14:24:44	12.67	--	93	117831	买盘
14:24:38	12.67	0.01	149	188783	买盘
14:24:33	12.66	-0.01	26	32916	卖盘
14:24:29	12.67	--	47	59549	买盘
14:24:23	12.67	--	245	310415	买盘
14:24:14	12.67	--	558	706986	卖盘
14:24:08	12.67	--	254	321818	卖盘
14:24:04	12.67	-0.01	10	12670	卖盘
14:23:59	12.68	0.01	189	239652	买盘
14:23:53	12.67	-0.01	103	130501	卖盘
14:23:49	12.68	--	160	202880	卖盘
14:23:43	12.68	--	140	177520	卖盘
14:23:38	12.68	--	62	78616	卖盘
14:23:34	12.68	--	168	213024	卖盘
14:23:29	12.68	--	103	130604	买盘
14:23:23	12.68	-0.01	131	166108	买盘
14:23:19	12.69	0.01	159	201771	买盘
14:23:14	12.68	--	148	187664	买盘
14:23:08	12.68	--	371	470428	买盘
14:23:04	12.68	--	10	12680	买盘
14:22:59	12.68	0.01	30	38040	中性盘
14:22:53	12.67	-0.01	342	433314	卖盘
14:22:47	12.68	-0.01	30	38040	卖盘
14:22:43	12.69	--	164	208116	买盘
14:22:38	12.69	0.01	114	144666	买盘
14:22:28	12.68	-0.01	113	143284	卖盘
14:22:23	12.69	--	36	45684	买盘
14:22:17	12.69	--	4	5076	买盘
14:22:13	12.69	--	104	131976	买盘
14:22:08	12.69	0.01	35	44415	买盘
14:22:02	12.68	-0.01	5	6340	卖盘
14:21:58	12.69	0.02	398	505062	买盘
14:21:53	12.67	-0.01	43	54481	卖盘
14:21:47	12.68	--	103	130604	买盘
14:21:43	12.68	--	162	205416	买盘
14:21:38	12.68	0.01	5	6340	买盘
14:21:32	12.67	-0.01	30	38010	卖盘
14:21:28	12.68	0.01	66	83688	买盘
14:21:23	12.67	--	45	57015	卖盘
14:21:17	12.67	0.02	34	43078	卖盘
14:21:13	12.65	-0.03	598	756470	卖盘
14:21:08	12.68	--	270	342360	中性盘
14:21:02	12.68	--	163	206684	买盘
14:20:57	12.68	--	70	88760	买盘
14:20:53	12.68	0.01	71	90028	买盘
14:20:47	12.67	-0.01	33	41811	中性盘
14:20:38	12.68	0.01	169	214292	买盘
14:20:32	12.67	--	28	35476	卖盘
14:20:28	12.67	--	20	25340	卖盘
14:20:23	12.67	--	146	184982	买盘
14:20:17	12.67	0.01	50	63350	买盘
14:20:13	12.66	--	5	6330	卖盘
14:20:07	12.66	--	64	81024	卖盘
14:20:02	12.66	--	34	43044	卖盘
14:19:58	12.66	0.01	21	26586	买盘
14:19:53	12.65	-0.01	55	69575	卖盘
14:19:47	12.66	--	132	167112	买盘
14:19:43	12.66	0.01	276	349416	买盘
14:19:38	12.65	--	19	24035	卖盘
14:19:32	12.65	--	6	7590	卖盘
14:19:28	12.65	--	140	177100	卖盘
14:19:23	12.65	-0.01	24	30360	卖盘
14:19:17	12.66	--	102	129132	买盘
14:19:13	12.66	0.01	15	18990	买盘
14:19:08	12.65	-0.01	30	37950	卖盘
14:19:02	12.66	--	90	113940	卖盘
14:18:53	12.66	--	97	122802	卖盘
14:18:47	12.66	-0.01	25	31650	卖盘
14:18:43	12.67	--	7	8869	卖盘
14:18:38	12.67	--	92	116564	卖盘
14:18:32	12.67	--	111	140637	卖盘
14:18:28	12.67	-0.01	10	12670	卖盘
14:18:23	12.68	--	314	398152	卖盘
14:18:17	12.68	--	83	105244	卖盘
14:18:13	12.68	--	10	12680	卖盘
14:18:08	12.68	-0.01	15	19020	卖盘
14:18:02	12.69	--	467	592623	卖盘
14:17:57	12.69	-0.01	785	996165	卖盘
14:17:52	12.7	0.01	28	35560	买盘
14:17:47	12.69	-0.01	196	248724	卖盘
14:17:43	12.7	--	91	115570	买盘
14:17:38	12.7	--	145	184150	买盘
14:17:32	12.7	--	229	290830	买盘
14:17:28	12.7	--	92	116840	买盘
14:17:22	12.7	--	437	554990	卖盘
14:17:17	12.7	0.01	1606	2039620	买盘
14:17:13	12.69	--	252	319788	卖盘
14:17:07	12.69	--	393	498717	卖盘
14:17:02	12.69	-0.01	392	497448	卖盘
14:16:57	12.7	0.01	19	24130	买盘
14:16:53	12.69	--	160	203040	卖盘
14:16:47	12.69	0.01	1119	1420011	买盘
14:16:42	12.68	--	149	188932	卖盘
14:16:37	12.68	-0.01	424	537632	卖盘
14:16:32	12.69	0.02	1203	1526607	买盘
14:16:28	12.67	-0.01	83	105161	卖盘
14:16:22	12.68	0.01	109	138212	买盘
14:16:17	12.67	--	519	657573	卖盘
14:16:07	12.67	--	182	230594	买盘
14:16:02	12.67	--	215	272405	买盘
14:15:56	12.67	--	104	131768	买盘
14:15:52	12.67	0.01	103	130501	买盘
14:15:47	12.66	0.01	241	305106	买盘
14:15:41	12.65	--	87	110055	卖盘
14:15:37	12.65	-0.01	91	115115	卖盘
14:15:32	12.66	0.01	1344	1701504	买盘
14:15:26	12.65	--	1	1265	卖盘
14:15:22	12.65	--	14	17735	买盘
14:15:17	12.65	--	1122	1419330	买盘
14:15:07	12.65	0.01	335	423775	买盘
14:15:02	12.64	--	137	173168	买盘
14:14:56	12.64	--	79	99856	买盘
14:14:52	12.64	0.01	806	1018784	买盘
14:14:41	12.63	--	482	608766	买盘
14:14:37	12.63	--	319	402897	买盘
14:14:32	12.63	--	100	126300	买盘
14:14:26	12.63	--	16	20208	买盘
14:14:22	12.63	0.01	3	3789	买盘
14:14:17	12.62	--	7	8834	卖盘
14:14:02	12.62	0.01	342	431604	买盘
14:13:52	12.61	-0.01	415	523315	卖盘
14:13:47	12.62	--	43	54266	买盘
14:13:41	12.62	--	5	6310	买盘
14:13:32	12.62	0.01	5	6310	买盘
14:13:26	12.61	-0.01	20	25220	卖盘
14:13:22	12.62	0.01	32	40384	买盘
14:13:17	12.61	--	10	12610	卖盘
14:13:11	12.61	--	184	232024	卖盘
14:13:07	12.61	--	5	6305	卖盘
14:13:01	12.61	0.01	70	88270	买盘
14:12:56	12.6	-0.01	102	128520	卖盘
14:12:51	12.61	0.01	21	26481	买盘
14:12:47	12.6	-0.01	30	37800	卖盘
14:12:41	12.61	--	103	129883	买盘
14:12:37	12.61	--	13	16393	买盘
14:12:31	12.61	--	201	253461	买盘
14:12:21	12.61	0.01	17	21437	买盘
14:12:17	12.6	-0.01	284	357840	卖盘
14:12:11	12.61	0.01	32	40352	买盘
14:12:01	12.6	--	25	31500	买盘
14:11:56	12.6	--	529	666540	卖盘
14:11:51	12.6	--	209	263340	卖盘
14:11:46	12.6	--	69	86940	买盘
14:11:41	12.6	0.01	14	17640	中性盘
14:11:36	12.59	-0.01	545	686155	卖盘
14:11:31	12.6	--	42	52920	买盘
14:11:25	12.6	--	48	60480	买盘
14:11:22	12.6	--	24	30240	买盘
14:11:16	12.6	0.01	31	39060	买盘
14:11:06	12.59	--	1	1259	卖盘
14:11:01	12.59	--	2	2518	卖盘
14:10:52	12.59	-0.01	20	25180	卖盘
14:10:46	12.6	0.01	48	60480	买盘
14:10:41	12.59	--	36	45324	卖盘
14:10:37	12.59	-0.01	10	12590	卖盘
14:10:31	12.6	--	54	68040	买盘
14:10:26	12.6	--	18	22680	买盘
14:10:21	12.6	0.01	200	252000	买盘
14:10:16	12.59	-0.01	65	81835	卖盘
14:10:11	12.6	--	255	321300	卖盘
14:10:06	12.6	--	94	118440	卖盘
14:10:02	12.6	--	305	384300	卖盘
14:09:56	12.6	-0.01	13	16380	卖盘
14:09:46	12.61	--	1	1261	买盘
14:09:41	12.61	--	110	138710	卖盘
14:09:35	12.61	--	111	139971	卖盘
14:09:31	12.61	-0.01	10	12610	卖盘
14:09:25	12.62	0.01	47	59313	买盘
14:09:20	12.61	--	5	6305	卖盘
14:09:16	12.61	-0.01	90	113490	卖盘
14:09:10	12.62	--	73	92126	买盘
14:09:05	12.62	0.01	105	132510	买盘
14:09:01	12.61	-0.01	5	6305	卖盘
14:08:56	12.62	--	13	16406	买盘
14:08:46	12.62	-0.01	18	22716	卖盘
14:08:41	12.63	0.01	167	210921	买盘
14:08:31	12.62	--	175	220850	卖盘
14:08:26	12.62	--	215	271330	卖盘
14:08:20	12.62	--	3	3785	卖盘
14:08:15	12.62	-0.01	31	39122	卖盘
14:08:11	12.63	0.01	30	37890	买盘
14:08:05	12.62	-0.01	7	8834	卖盘
14:08:00	12.63	--	387	489437	卖盘
14:07:56	12.63	--	89	112407	卖盘
14:07:50	12.63	-0.01	429	541827	卖盘
14:07:46	12.64	--	52	65728	买盘
14:07:40	12.64	--	25	31600	买盘
14:07:35	12.64	0.01	10	12640	买盘
14:07:30	12.63	--	44	55572	卖盘
14:07:26	12.63	--	706	892284	买盘
14:07:20	12.63	--	73	92855	卖盘
14:07:16	12.63	-0.01	265	334695	卖盘
14:07:11	12.64	0.01	20	25280	买盘
14:07:05	12.63	-0.01	93	117459	卖盘
14:07:01	12.64	0.01	10	12640	买盘
14:06:55	12.63	-0.01	164	207132	卖盘
14:06:50	12.64	--	178	224992	买盘
14:06:45	12.64	--	12	15168	买盘
14:06:41	12.64	0.01	172	217408	买盘
14:06:35	12.63	-0.01	244	308172	卖盘
14:06:30	12.64	--	47	59408	买盘
14:06:25	12.64	0.01	102	128928	买盘
14:06:20	12.63	--	100	126300	卖盘
14:06:10	12.63	--	123	155955	买盘
14:06:05	12.63	--	65	82095	买盘
14:06:00	12.63	--	1	1263	买盘
14:05:56	12.63	0.01	133	167979	买盘
14:05:40	12.62	--	210	265020	买盘
14:05:35	12.62	--	13	16406	买盘
14:05:31	12.62	--	115	145130	买盘
14:05:26	12.62	0.01	3	3785	买盘
14:05:20	12.61	--	5	6305	卖盘
14:05:10	12.61	--	30	37830	买盘
14:05:05	12.61	0.01	19	23959	买盘
14:05:00	12.6	--	68	85680	卖盘
14:04:55	12.6	--	242	304920	卖盘
14:04:50	12.6	--	75	94500	卖盘
14:04:40	12.6	--	105	132300	卖盘
14:04:35	12.6	--	97	122270	买盘
14:04:30	12.6	--	59	74340	买盘
14:04:25	12.6	--	212	267120	买盘
14:04:20	12.6	--	67	84420	买盘
14:04:10	12.6	0.01	849	1069740	买盘
14:03:55	12.59	--	60	75540	卖盘
14:03:50	12.59	--	30	37770	卖盘
14:03:40	12.59	--	69	86871	卖盘
14:03:25	12.59	--	30	37770	卖盘
14:03:10	12.59	--	38	47842	买盘
14:03:05	12.59	--	6	7554	买盘
14:03:00	12.59	--	67	84353	买盘
14:02:55	12.59	--	1	1259	买盘
14:02:50	12.59	--	5	6295	买盘
14:02:40	12.59	0.01	41	51619	中性盘
14:02:35	12.58	-0.01	9	11322	卖盘
14:02:29	12.59	0.01	23	28957	买盘
14:02:25	12.58	-0.01	27	33966	卖盘
14:02:20	12.59	--	1	1259	买盘
14:02:14	12.59	--	15	18885	买盘
14:02:09	12.59	--	71	89389	买盘
14:02:05	12.59	--	64	80576	买盘
14:01:59	12.59	--	92	115828	卖盘
14:01:55	12.59	--	34	42806	卖盘
14:01:40	12.59	0.01	26	32734	买盘
14:01:35	12.58	-0.01	242	304436	卖盘
14:01:29	12.59	--	1	1259	买盘
14:01:25	12.59	0.01	30	37770	买盘
14:01:20	12.58	--	11	13838	卖盘
14:01:10	12.58	--	12	15096	卖盘
14:01:05	12.58	--	39	49062	卖盘
14:00:59	12.58	--	14	17612	卖盘
14:00:54	12.58	--	7	8806	卖盘
14:00:50	12.58	-0.01	3	3774	卖盘
14:00:44	12.59	0.01	28	35252	买盘
14:00:39	12.58	--	5	6290	卖盘
14:00:29	12.58	-0.01	13	16354	卖盘
14:00:24	12.59	--	3	3777	买盘
14:00:20	12.59	0.01	7	8813	买盘
14:00:14	12.58	--	44	55352	卖盘
14:00:09	12.58	-0.01	31	38998	卖盘
14:00:05	12.59	--	16	20144	买盘
13:59:59	12.59	--	53	66727	买盘
13:59:49	12.59	--	85	107015	卖盘
13:59:44	12.59	-0.01	1	1259	卖盘
13:59:39	12.6	--	6	7560	买盘
13:59:35	12.6	0.01	12	15120	买盘
13:59:29	12.59	--	61	76799	卖盘
13:59:24	12.59	--	2	2518	卖盘
13:59:19	12.59	--	2	2518	卖盘
13:59:14	12.59	--	23	28957	卖盘
13:59:09	12.59	--	124	156116	卖盘
13:59:04	12.59	--	12	15108	卖盘
13:58:55	12.59	-0.01	86	108274	卖盘
13:58:44	12.6	--	44	55440	买盘
13:58:39	12.6	--	4	5040	买盘
13:58:35	12.6	0.01	11	13860	买盘
13:58:29	12.59	--	2	2518	卖盘
13:58:25	12.59	--	240	302160	卖盘
13:58:20	12.59	-0.01	11	13849	卖盘
13:58:14	12.6	--	33	41580	买盘
13:58:09	12.6	--	7	8820	买盘
13:58:05	12.6	--	48	60480	买盘
13:57:59	12.6	--	19	23940	买盘
13:57:49	12.6	--	11	13860	买盘
13:57:44	12.6	--	6	7560	买盘
13:57:39	12.6	--	1	1260	买盘
13:57:34	12.6	--	42	52920	买盘
13:57:29	12.6	--	19	23940	买盘
13:57:24	12.6	--	61	76860	买盘
13:57:19	12.6	--	117	147420	买盘
13:57:14	12.6	--	1	1260	买盘
13:57:09	12.6	0.02	1	1260	买盘
13:57:04	12.58	-0.01	115	144670	卖盘
13:56:58	12.59	--	121	152339	买盘
13:56:54	12.59	--	3	3777	买盘
13:56:49	12.59	--	15	18885	买盘
13:56:44	12.59	0.01	137	172483	买盘
13:56:34	12.58	-0.01	83	104414	卖盘
13:56:29	12.59	0.01	11	13849	买盘
13:56:19	12.58	--	3	3774	卖盘
13:56:14	12.58	--	30	37740	卖盘
13:56:08	12.58	--	76	95608	买盘
13:56:04	12.58	0.01	145	182410	买盘
13:55:59	12.57	-0.01	608	764256	卖盘
13:55:54	12.58	--	109	137122	买盘
13:55:49	12.58	--	38	47804	买盘
13:55:44	12.58	0.01	401	504458	买盘
13:55:38	12.57	-0.01	62	77934	卖盘
13:55:34	12.58	--	86	108188	买盘
13:55:29	12.58	--	45	56610	买盘
13:55:23	12.58	--	19	23902	买盘
13:55:19	12.58	--	31	38998	买盘
13:55:14	12.58	0.01	46	57868	买盘
13:55:08	12.57	-0.01	20	25140	卖盘
13:55:04	12.58	--	44	55352	买盘
13:54:59	12.58	--	41	51578	买盘
13:54:49	12.58	--	27	33966	买盘
13:54:38	12.58	--	18	22644	买盘
13:54:34	12.58	--	17	21386	买盘
13:54:29	12.58	0.01	46	57868	买盘
13:54:23	12.57	--	19	23883	卖盘
13:54:19	12.57	-0.01	15	18855	卖盘
13:54:14	12.58	--	10	12580	买盘
13:54:08	12.58	--	5	6290	买盘
13:54:04	12.58	--	226	284308	买盘
13:53:53	12.58	--	115	144670	买盘
13:53:48	12.58	--	6	7548	买盘
13:53:44	12.58	0.01	2	2516	买盘
13:53:38	12.57	-0.01	94	118158	卖盘
13:53:34	12.58	--	3	3774	买盘
13:53:29	12.58	--	133	167314	买盘
13:53:23	12.58	0.01	55	69190	买盘
13:53:18	12.57	-0.01	50	62850	卖盘
13:53:14	12.58	0.01	365	459170	买盘
13:53:08	12.57	--	170	213690	卖盘
13:52:58	12.57	--	40	50280	卖盘
13:52:53	12.57	--	14	17598	卖盘
13:52:49	12.57	--	10	12570	卖盘
13:52:44	12.57	--	175	219975	卖盘
13:52:38	12.57	--	26	32682	卖盘
13:52:33	12.57	--	5	6285	卖盘
13:52:29	12.57	-0.01	197	247629	卖盘
13:52:22	12.58	--	266	334628	买盘
13:52:18	12.58	0.01	130	163540	买盘
13:52:14	12.57	-0.01	52	65364	卖盘
13:52:08	12.58	--	101	127058	买盘
13:52:03	12.58	--	10	12580	买盘
13:51:58	12.58	--	148	186184	卖盘
13:51:53	12.58	--	79	99382	卖盘
13:51:48	12.58	--	20	25160	卖盘
13:51:44	12.58	-0.01	97	122026	卖盘
13:51:33	12.59	0.01	35	44065	买盘
13:51:22	12.58	-0.01	23	28934	卖盘
13:51:18	12.59	0.01	3	3777	买盘
13:51:14	12.58	--	68	85544	卖盘
13:51:08	12.58	--	139	174862	卖盘
13:51:04	12.58	--	15	18870	卖盘
13:50:58	12.58	--	10	12580	卖盘
13:50:53	12.58	-0.01	9	11322	卖盘
13:50:43	12.59	--	98	123382	买盘
13:50:38	12.59	0.01	52	65468	买盘
13:50:33	12.58	-0.01	8	10064	卖盘
13:50:28	12.59	--	87	109533	买盘
13:50:23	12.59	--	7	8813	买盘
13:50:18	12.59	--	30	37770	买盘
13:50:13	12.59	--	23	28957	买盘
13:50:08	12.59	--	31	39029	买盘
13:50:03	12.59	--	2	2518	买盘
13:49:58	12.59	--	16	20144	买盘
13:49:53	12.59	-0.01	32	40288	买盘
13:49:48	12.6	0.02	15	18900	买盘
13:49:43	12.58	-0.01	300	377400	卖盘
13:49:37	12.59	-0.01	13	16367	卖盘
13:49:34	12.6	0.01	88	110880	买盘
13:49:28	12.59	--	31	39029	买盘
13:49:22	12.59	--	231	290829	买盘
13:49:18	12.59	--	23	28957	买盘
13:49:13	12.59	--	95	119605	买盘
13:49:08	12.59	--	28	35252	买盘
13:48:58	12.59	0.01	20	25180	买盘
13:48:53	12.58	-0.01	44	55352	卖盘
13:48:48	12.59	--	11	13849	买盘
13:48:43	12.59	--	102	128418	买盘
13:48:38	12.59	--	74	93166	买盘
13:48:32	12.59	--	47	59173	买盘
13:48:28	12.59	--	109	137231	买盘
13:48:23	12.59	--	53	66727	买盘
13:48:17	12.59	--	150	188850	买盘
13:48:12	12.59	0.01	24	30216	买盘
13:48:08	12.58	--	2	2516	卖盘
13:48:02	12.58	--	109	137122	卖盘
13:47:58	12.58	--	19	23902	卖盘
13:47:53	12.58	-0.01	35	44030	卖盘
13:47:47	12.59	0.01	27	33993	买盘
13:47:43	12.58	--	224	281792	卖盘
13:47:38	12.58	-0.01	100	125800	卖盘
13:47:28	12.59	--	2	2518	买盘
13:47:17	12.59	--	2	2518	买盘
13:47:08	12.59	--	50	62950	买盘
13:47:02	12.59	--	42	52878	买盘
13:46:57	12.59	--	449	565291	卖盘
13:46:52	12.59	-0.01	19	23921	卖盘
13:46:47	12.6	--	29	36540	买盘
13:46:38	12.6	--	78	98280	买盘
13:46:27	12.6	0.01	56	70560	买盘
13:46:23	12.59	--	60	75540	卖盘
13:46:17	12.59	-0.01	23	28957	卖盘
13:46:12	12.6	0.01	24	30240	买盘
13:46:07	12.59	--	31	39029	卖盘
13:46:02	12.59	-0.01	5	6295	卖盘
13:45:57	12.6	0.01	34	42840	买盘
13:45:52	12.59	--	32	40288	买盘
13:45:47	12.59	--	39	49101	卖盘
13:45:42	12.59	-0.01	2	2518	卖盘
13:45:38	12.6	0.01	50	63000	买盘
13:45:32	12.59	--	20	25180	卖盘
13:45:27	12.59	-0.01	11	13849	卖盘
13:45:23	12.6	0.01	143	180180	买盘
13:45:17	12.59	-0.01	87	109533	卖盘
13:45:12	12.6	0.01	184	231840	买盘
13:45:08	12.59	--	3	3777	卖盘
13:45:01	12.59	-0.01	90	113310	卖盘
13:44:52	12.6	0.02	22	27720	买盘
13:44:46	12.58	-0.02	14	17612	卖盘
13:44:42	12.6	0.01	18	22680	买盘
13:44:37	12.59	-0.01	219	275721	卖盘
13:44:32	12.6	--	59	74340	买盘
13:44:23	12.6	0.01	18	22680	买盘
13:44:16	12.59	--	47	59173	买盘
13:44:12	12.59	--	7	8813	中性盘
13:44:08	12.59	--	92	115828	买盘
13:44:01	12.59	--	261	328599	买盘
13:43:57	12.59	0.01	9	11331	买盘
13:43:52	12.58	-0.01	159	200022	卖盘
13:43:46	12.59	0.01	2	2518	买盘
13:43:42	12.58	-0.01	26	32708	卖盘
13:43:37	12.59	0.02	31	39029	买盘
13:43:32	12.57	-0.01	60	75420	卖盘
13:43:27	12.58	--	102	128316	买盘
13:43:22	12.58	--	9	11322	买盘
13:43:17	12.58	0.01	126	158508	买盘
13:43:12	12.57	-0.01	47	59079	卖盘
13:43:07	12.58	0.01	69	86802	买盘
13:43:02	12.57	--	93	116901	卖盘
13:42:57	12.57	--	8	10056	卖盘
13:42:47	12.57	-0.02	66	82962	卖盘
13:42:42	12.59	0.01	20	25180	买盘
13:42:37	12.58	--	116	145928	卖盘
13:42:31	12.58	--	1359	1709622	卖盘
13:42:22	12.58	-0.01	149	187442	卖盘
13:42:17	12.59	--	46	57914	买盘
13:42:12	12.59	--	85	107015	卖盘
13:42:07	12.59	-0.01	59	74281	卖盘
13:42:02	12.6	0.01	20	25200	买盘
13:41:57	12.59	-0.01	200	251800	卖盘
13:41:52	12.6	--	206	259560	买盘
13:41:46	12.6	--	38	47880	买盘
13:41:41	12.6	--	14	18849	卖盘
13:41:37	12.6	--	347	438202	卖盘
13:41:32	12.6	-0.01	116	146160	卖盘
13:41:26	12.61	0.01	32	40352	买盘
13:41:22	12.6	--	33	41580	卖盘
13:41:17	12.6	--	161	202860	卖盘
13:41:10	12.6	--	234	294840	卖盘
13:41:07	12.6	-0.01	281	354060	卖盘
13:41:02	12.61	0.01	53	66833	买盘
13:40:56	12.6	--	465	586227	卖盘
13:40:52	12.6	-0.01	1010	1272600	卖盘
13:40:41	12.61	--	33	41613	卖盘
13:40:37	12.61	-0.01	419	528359	卖盘
13:40:32	12.62	--	671	846802	卖盘
13:40:26	12.62	--	50	63099	卖盘
13:40:22	12.62	--	1027	1296074	卖盘
13:40:17	12.62	-0.01	22	27764	卖盘
13:40:11	12.63	0.01	24	30312	买盘
13:40:02	12.62	-0.01	356	449928	卖盘
13:39:55	12.63	--	166	209658	卖盘
13:39:41	12.63	--	67	84621	卖盘
13:39:32	12.63	--	13	16419	卖盘
13:39:21	12.63	--	203	256389	卖盘
13:39:17	12.63	-0.01	88	111144	卖盘
13:39:11	12.64	--	660	834240	买盘
13:39:06	12.64	--	2	2528	买盘
13:39:02	12.64	--	9	11376	买盘
13:38:56	12.64	0.01	212	267968	买盘
13:38:47	12.63	-0.01	3	3789	卖盘
13:38:41	12.64	--	1	1264	买盘
13:38:36	12.64	--	127	160528	买盘
13:38:31	12.64	--	5	6320	买盘
13:38:26	12.64	0.01	46	58144	买盘
13:38:16	12.63	-0.01	55	69465	卖盘
13:38:11	12.64	--	30	37920	买盘
13:38:01	12.64	--	3	3792	买盘
13:37:55	12.64	--	50	63200	买盘
13:37:51	12.64	0.01	26	32864	买盘
13:37:46	12.63	--	30	37890	卖盘
13:37:41	12.63	--	22	27786	卖盘
13:37:32	12.63	--	55	69465	卖盘
13:37:26	12.63	-0.01	16	20208	卖盘
13:37:21	12.64	0.01	2	2528	买盘
13:37:16	12.63	--	35	44205	卖盘
13:37:10	12.63	-0.01	2	3384	卖盘
13:37:06	12.64	--	69	87216	买盘
13:37:01	12.64	0.01	6	7584	买盘
13:36:55	12.63	-0.01	94	118722	卖盘
13:36:51	12.64	--	56	70784	买盘
13:36:46	12.64	--	3	3792	买盘
13:36:41	12.64	--	304	384256	买盘
13:36:36	12.64	--	63	79632	买盘
13:36:31	12.64	--	16	20224	买盘
13:36:26	12.64	--	139	176631	卖盘
13:36:21	12.64	0.01	37	47096	买盘
13:36:16	12.63	-0.01	153	193239	卖盘
13:36:11	12.64	--	140	176960	买盘
13:36:06	12.64	--	106	134919	卖盘
13:36:01	12.64	--	58	73312	卖盘
13:35:56	12.64	--	131	165912	买盘
13:35:51	12.64	0.01	23	29072	买盘
13:35:46	12.63	-0.01	93	118393	卖盘
13:35:41	12.64	--	278	351720	买盘
13:35:36	12.64	0.01	2	2528	买盘
13:35:31	12.63	-0.01	102	128826	卖盘
13:35:25	12.64	0.01	7	9859	买盘
13:35:16	12.63	--	106	133878	卖盘
13:35:11	12.63	-0.01	264	333432	卖盘
13:35:05	12.64	0.01	4	5056	买盘
13:35:01	12.63	-0.01	66	83358	卖盘
13:34:56	12.64	0.01	153	193392	买盘
13:34:50	12.63	-0.01	72	91870	卖盘
13:34:46	12.64	0.01	30	37920	买盘
13:34:40	12.63	--	95	119985	卖盘
13:34:35	12.63	--	345	435735	卖盘
13:34:31	12.63	-0.01	61	77043	卖盘
13:34:26	12.64	0.01	54	68256	买盘
13:34:20	12.63	-0.01	25	31575	卖盘
13:34:16	12.64	--	138	174432	卖盘
13:34:11	12.64	0.01	83	105063	买盘
13:34:05	12.63	-0.01	57	71991	卖盘
13:34:01	12.64	--	93	117552	买盘
13:33:56	12.64	--	68	85952	买盘
13:33:46	12.64	--	299	379048	卖盘
13:33:41	12.64	--	191	241424	卖盘
13:33:31	12.64	--	177	223879	买盘
13:33:25	12.64	--	187	236368	买盘
13:33:20	12.64	0.01	206	260384	买盘
13:33:15	12.63	--	61	77043	卖盘
13:33:11	12.63	--	5	6315	卖盘
13:33:05	12.63	-0.01	44	55572	卖盘
13:33:00	12.64	--	66	83424	买盘
13:32:56	12.64	--	10	12640	买盘
13:32:50	12.64	0.01	108	136512	买盘
13:32:40	12.63	-0.01	25	31575	卖盘
13:32:35	12.64	0.01	6	7760	买盘
13:32:25	12.63	--	20	25260	卖盘
13:32:20	12.63	-0.01	25	31575	卖盘
13:32:15	12.64	--	8	10112	买盘
13:32:10	12.64	0.01	58	73312	买盘
13:32:05	12.63	-0.01	51	64413	卖盘
13:32:00	12.64	--	20	25280	买盘
13:31:55	12.64	--	13	16432	买盘
13:31:50	12.64	0.01	1	1264	买盘
13:31:40	12.63	-0.01	34	42942	卖盘
13:31:35	12.64	--	158	199712	买盘
13:31:30	12.64	0.01	53	66992	买盘
13:31:26	12.63	--	171	215973	卖盘
13:31:15	12.63	-0.01	11	13893	卖盘
13:31:11	12.64	0.01	194	245216	买盘
13:31:05	12.63	-0.01	7	8841	卖盘
13:31:00	12.64	--	46	58144	买盘
13:30:50	12.64	--	13	16432	买盘
13:30:45	12.64	0.01	19	24016	买盘
13:30:41	12.63	-0.01	2	2526	卖盘
13:30:35	12.64	--	193	243952	买盘
13:30:25	12.64	0.01	401	506864	买盘
13:30:20	12.63	--	10	12630	卖盘
13:30:15	12.63	-0.01	16	20208	卖盘
13:30:10	12.64	0.01	9	11376	买盘
13:30:05	12.63	-0.01	58	73254	卖盘
13:30:00	12.64	--	4	5056	买盘
13:29:55	12.64	--	456	576384	买盘
13:29:50	12.64	--	11	13904	买盘
13:29:35	12.64	0.01	51	64464	买盘
13:29:30	12.63	--	6	7578	买盘
13:29:25	12.63	-0.01	44	55572	卖盘
13:29:20	12.64	--	30	37920	买盘
13:29:15	12.64	0.01	38	48032	买盘
13:29:10	12.63	--	136	171768	卖盘
13:29:05	12.63	--	37	46731	买盘
13:28:55	12.63	--	12	15156	买盘
13:28:50	12.63	--	20	25260	买盘
13:28:45	12.63	-0.01	211	266493	卖盘
13:28:40	12.64	--	18	22752	买盘
13:28:35	12.64	0.01	19	24016	买盘
13:28:30	12.63	--	2	2526	卖盘
13:28:25	12.63	--	50	63150	卖盘
13:28:20	12.63	--	20	25260	卖盘
13:28:10	12.63	--	12	15156	卖盘
13:27:54	12.63	0.01	15	18945	中性盘
13:27:50	12.62	--	309	389958	卖盘
13:27:44	12.62	-0.01	82	103484	卖盘
13:27:40	12.63	--	63	79569	买盘
13:27:34	12.63	0.01	201	253863	买盘
13:27:29	12.62	--	5	6310	卖盘
13:27:25	12.62	--	63	79506	卖盘
13:27:20	12.62	--	5	6310	卖盘
13:27:14	12.62	-0.01	91	114842	卖盘
13:27:10	12.63	--	9	11367	买盘
13:27:05	12.63	0.01	49	61887	买盘
13:26:49	12.62	--	3	3785	卖盘
13:26:44	12.62	--	31	39122	买盘
13:26:40	12.62	--	143	180466	买盘
13:26:35	12.62	--	76	95912	买盘
13:26:29	12.62	--	5	6310	买盘
13:26:24	12.62	--	7	8834	买盘
13:26:20	12.62	--	29	36598	买盘
13:26:14	12.62	--	307	387434	卖盘
13:26:05	12.62	-0.01	140	176680	卖盘
13:25:58	12.63	0.01	8	10104	买盘
13:25:54	12.62	--	5	6310	卖盘
13:25:50	12.62	--	60	75720	卖盘
13:25:44	12.62	--	28	35336	卖盘
13:25:39	12.62	--	18	22716	卖盘
13:25:34	12.62	--	53	66886	买盘
13:25:29	12.62	--	52	65624	买盘
13:25:24	12.62	--	12	15143	买盘
13:25:19	12.62	-0.01	135	170370	卖盘
13:25:14	12.63	--	13	16419	买盘
13:24:59	12.63	0.02	15	18945	买盘
13:24:49	12.61	-0.01	49	61789	卖盘
13:24:43	12.62	-0.01	67	84554	卖盘
13:24:39	12.63	0.01	211	266493	买盘
13:24:35	12.62	-0.01	10	12620	卖盘
13:24:29	12.63	0.01	86	108618	买盘
13:24:19	12.62	-0.01	44	55528	卖盘
13:24:14	12.63	--	103	130089	买盘
13:23:49	12.63	--	520	656760	买盘
13:23:44	12.63	0.01	126	160249	中性盘
13:23:35	12.62	-0.01	144	181728	卖盘
13:23:28	12.63	0.01	114	143982	中性盘
13:23:24	12.62	--	29	36749	买盘
13:23:19	12.62	-0.01	461	581782	卖盘
13:23:14	12.63	--	56	70728	买盘
13:23:09	12.63	0.01	136	171768	买盘
13:23:04	12.62	-0.01	142	179204	卖盘
13:22:59	12.63	-0.01	61	77043	买盘
13:22:54	12.64	0.02	7	8848	买盘
13:22:49	12.62	-0.01	456	575472	卖盘
13:22:44	12.63	-0.01	13	16419	卖盘
13:22:39	12.64	--	4	5056	买盘
13:22:34	12.64	0.01	16	20224	买盘
13:22:28	12.63	-0.01	119	150297	卖盘
13:22:24	12.64	--	248	313472	买盘
13:22:19	12.64	0.01	39	49296	买盘
13:22:14	12.63	-0.01	99	125037	卖盘
13:22:09	12.64	0.01	95	120080	买盘
13:22:04	12.63	-0.01	12	15156	卖盘
13:21:58	12.64	--	187	236368	买盘
13:21:54	12.64	0.01	28	35392	买盘
13:21:49	12.63	--	118	149034	卖盘
13:21:44	12.63	--	22	27786	卖盘
13:21:39	12.63	-0.01	5	6315	卖盘
13:21:34	12.64	0.01	52	65728	买盘
13:21:28	12.63	--	148	186924	买盘
13:21:23	12.63	0.01	48	60624	买盘
13:21:19	12.62	-0.01	172	217064	卖盘
13:21:13	12.63	--	1	1263	买盘
13:21:08	12.63	--	4	5052	买盘
13:21:03	12.63	--	10	12630	买盘
13:20:59	12.63	0.01	237	299331	买盘
13:20:53	12.62	-0.01	1	1262	卖盘
13:20:49	12.63	-0.01	313	395319	卖盘
13:20:43	12.64	--	73	92272	买盘
13:20:38	12.64	--	11	13904	买盘
13:20:34	12.64	--	52	65728	买盘
13:20:29	12.64	--	44	55616	买盘
13:20:23	12.64	--	16	20224	买盘
13:20:19	12.64	--	65	82160	买盘
13:20:13	12.64	--	177	223728	买盘
13:20:08	12.64	--	47	59408	买盘
13:20:04	12.64	--	91	115024	买盘
13:19:59	12.64	0.01	25	31600	买盘
13:19:53	12.63	-0.01	20	25260	卖盘
13:19:49	12.64	--	92	116288	买盘
13:19:44	12.64	--	101	127664	买盘
13:19:38	12.64	0.01	63	79632	买盘
13:19:33	12.63	-0.02	25	31575	卖盘
13:19:28	12.65	0.03	92	116380	买盘
13:19:23	12.62	--	7	8834	卖盘
13:19:18	12.62	-0.03	457	576734	卖盘
13:19:14	12.65	0.02	748	946220	买盘
13:19:08	12.63	--	122	154086	买盘
13:19:03	12.63	-0.01	29	36627	卖盘
13:18:59	12.64	0.01	332	419648	买盘
13:18:52	12.63	--	18	22734	卖盘
13:18:43	12.63	--	28	35364	买盘
13:18:38	12.63	--	52	65676	买盘
13:18:28	12.63	--	79	99777	买盘
13:18:23	12.63	--	222	280386	买盘
13:18:18	12.63	--	30	37890	买盘
13:18:13	12.63	0.01	10	12630	买盘
13:18:08	12.62	-0.01	24	30287	卖盘
13:18:03	12.63	0.01	10	12630	买盘
13:17:58	12.62	-0.01	1	1262	卖盘
13:17:53	12.63	0.01	37	46731	买盘
13:17:48	12.62	--	9	11358	买盘
13:17:43	12.62	0.01	27	34074	卖盘
13:17:38	12.61	-0.02	193	243373	卖盘
13:17:33	12.63	--	30	37890	买盘
13:17:29	12.63	--	27	34101	买盘
13:17:23	12.63	0.01	32	40416	买盘
13:17:18	12.62	0.01	20	25240	中性盘
13:17:13	12.61	-0.02	185	233285	卖盘
13:17:08	12.63	0.02	72	90936	买盘
13:17:03	12.61	-0.01	19	23959	卖盘
13:16:58	12.62	--	65	82030	买盘
13:16:48	12.62	--	15	18930	买盘
13:16:43	12.62	0.01	818	1032315	买盘
13:16:37	12.61	-0.01	270	340470	卖盘
13:16:33	12.62	--	31	39122	卖盘
13:16:28	12.62	-0.01	54	68148	卖盘
13:16:22	12.63	0.02	92	116196	买盘
13:16:18	12.61	-0.01	8	10088	卖盘
13:16:13	12.62	--	180	227160	买盘
13:16:08	12.62	--	111	140082	买盘
13:16:03	12.62	--	86	108532	卖盘
13:15:58	12.62	-0.01	58	73196	卖盘
13:15:53	12.63	--	815	1029345	买盘
13:15:48	12.63	--	67	84621	买盘
13:15:43	12.63	--	107	135141	买盘
13:15:38	12.63	--	638	805794	买盘
13:15:33	12.63	--	4	5052	买盘
13:15:28	12.63	--	125	157875	买盘
13:15:22	12.63	--	39	49257	买盘
13:15:18	12.63	--	50	63150	买盘
13:15:13	12.63	--	187	236181	买盘
13:15:08	12.63	--	28	35364	卖盘
13:15:03	12.63	-0.01	161	203343	卖盘
13:14:58	12.64	0.01	188	237632	买盘
13:14:53	12.63	-0.01	206	261415	卖盘
13:14:48	12.64	--	5	6320	买盘
13:14:43	12.64	--	507	640848	买盘
13:14:37	12.64	--	50	63200	买盘
13:14:32	12.64	--	23	29072	买盘
13:14:28	12.64	--	321	405744	卖盘
13:14:22	12.64	--	44	55616	卖盘
13:14:13	12.64	--	644	814016	买盘
13:14:08	12.64	--	91	115024	买盘
13:14:02	12.64	--	36	45504	买盘
13:13:57	12.64	0.01	20	25280	买盘
13:13:52	12.63	--	151	190738	卖盘
13:13:47	12.63	--	29	36627	卖盘
13:13:43	12.63	--	31	39153	卖盘
13:13:37	12.63	--	129	162927	买盘
13:13:32	12.63	--	92	116196	买盘
13:13:28	12.63	--	137	173031	买盘
13:13:22	12.63	--	233	294279	买盘
13:13:17	12.63	0.01	16	20208	买盘
13:13:13	12.62	-0.01	64	80768	卖盘
13:13:08	12.63	--	95	119985	买盘
13:12:58	12.63	--	101	127563	买盘
13:12:53	12.63	-0.01	264	333432	卖盘
13:12:47	12.64	--	42	53088	买盘
13:12:42	12.64	0.01	19	24016	买盘
13:12:38	12.63	--	383	483729	卖盘
13:12:32	12.63	--	22	27786	卖盘
13:12:27	12.63	--	100	126300	卖盘
13:12:23	12.63	--	51	64413	买盘
13:12:17	12.63	--	58	73254	买盘
13:12:12	12.63	--	75	94725	买盘
13:12:08	12.63	0.03	49	61887	买盘
13:12:02	12.6	-0.02	720	907200	卖盘
13:11:57	12.62	--	117	147654	卖盘
13:11:52	12.62	--	14	17668	卖盘
13:11:46	12.62	-0.01	21	26502	卖盘
13:11:42	12.63	0.01	58	73254	买盘
13:11:37	12.62	-0.01	457	576734	卖盘
13:11:32	12.63	0.01	260	328380	买盘
13:11:27	12.62	-0.01	14	17668	卖盘
13:11:22	12.63	--	53	66939	买盘
13:11:17	12.63	--	82	103566	买盘
13:11:12	12.63	0.01	119	150297	买盘
13:11:07	12.62	-0.02	568	716816	卖盘
13:11:02	12.64	--	151	190864	买盘
13:10:57	12.64	--	23	29072	买盘
13:10:53	12.64	--	41	51824	买盘
13:10:47	12.64	--	17	21488	买盘
13:10:42	12.64	--	44	55616	买盘
13:10:37	12.64	-0.01	186	235104	卖盘
13:10:32	12.65	0.01	226	285890	买盘
13:10:27	12.64	-0.01	95	120080	卖盘
13:10:22	12.65	--	40	50600	买盘
13:10:17	12.65	--	113	142945	买盘
13:10:12	12.65	--	70	88550	买盘
13:10:08	12.65	--	27	34155	买盘
13:10:02	12.65	--	137	173305	买盘
13:09:57	12.65	0.01	31	39215	买盘
13:09:52	12.64	-0.01	131	165584	卖盘
13:09:42	12.65	0.01	25	31625	买盘
13:09:37	12.64	--	304	384256	卖盘
13:09:32	12.64	--	89	112496	买盘
13:09:27	12.64	--	33	41712	买盘
13:09:22	12.64	-0.01	287	362768	卖盘
13:09:16	12.65	--	550	695750	买盘
13:09:12	12.65	--	9	11385	买盘
13:09:07	12.65	--	93	117645	买盘
13:09:02	12.65	--	17	21505	买盘
13:08:52	12.65	--	78	98670	买盘
13:08:47	12.65	--	62	78430	买盘
13:08:42	12.65	--	35	44275	买盘
13:08:37	12.65	--	416	526240	买盘
13:08:31	12.65	--	71	89815	买盘
13:08:27	12.65	--	126	159390	卖盘
13:08:22	12.65	--	85	107525	卖盘
13:08:17	12.65	--	105	132825	卖盘
13:08:12	12.65	--	52	65780	卖盘
13:08:07	12.65	--	17	21505	卖盘
13:08:02	12.65	--	13	16445	卖盘
13:07:56	12.65	0.01	17	21505	卖盘
13:07:52	12.64	-0.01	172	217408	卖盘
13:07:46	12.65	--	176	222640	买盘
13:07:41	12.65	--	133	168245	买盘
13:07:36	12.65	--	85	107525	买盘
13:07:32	12.65	--	189	239085	买盘
13:07:26	12.65	--	1	1265	买盘
13:07:21	12.65	--	87	110055	卖盘
13:07:16	12.65	--	68	86020	卖盘
13:07:11	12.65	--	6	7590	卖盘
13:07:07	12.65	0.01	39	49335	买盘
13:07:02	12.64	-0.01	63	79632	卖盘
13:06:56	12.65	0.01	70	88550	买盘
13:06:51	12.64	--	99	125136	卖盘
13:06:47	12.64	-0.01	149	188336	卖盘
13:06:41	12.65	--	11	13915	买盘
13:06:37	12.65	--	11	13915	买盘
13:06:31	12.65	--	240	303600	买盘
13:06:25	12.65	--	66	83490	买盘
13:06:22	12.65	--	21	26565	买盘
13:06:16	12.65	--	42	53130	买盘
13:06:11	12.65	0.01	45	56925	买盘
13:06:07	12.64	--	220	278080	卖盘
13:06:01	12.64	-0.01	173	218672	卖盘
13:05:56	12.65	--	202	255530	买盘
13:05:51	12.65	0.01	54	68310	买盘
13:05:47	12.64	-0.02	115	145360	卖盘
13:05:40	12.66	--	850	1076100	买盘
13:05:36	12.66	--	83	105078	买盘
13:05:32	12.66	0.01	502	635532	买盘
13:05:25	12.65	-0.01	513	648945	卖盘
13:05:16	12.66	--	610	772260	买盘
13:05:11	12.66	--	115	145590	买盘
13:05:06	12.66	--	149	188634	买盘
13:05:01	12.66	-0.01	840	1063440	卖盘
13:04:55	12.67	--	191	241997	买盘
13:04:51	12.67	--	35	44345	中性盘
13:04:46	12.67	--	246	311682	卖盘
13:04:41	12.67	-0.01	234	296478	卖盘
13:04:36	12.68	0.02	74	93832	买盘
13:04:31	12.66	-0.01	223	282318	卖盘
13:04:25	12.67	0.01	325	411775	买盘
13:04:21	12.66	-0.01	233	294978	卖盘
13:04:16	12.67	--	227	287609	买盘
13:04:10	12.67	--	120	152040	买盘
13:04:05	12.67	--	10	12670	买盘
13:04:01	12.67	0.01	114	144438	买盘
13:03:55	12.66	-0.01	187	236742	卖盘
13:03:51	12.67	0.01	42	53214	买盘
13:03:46	12.66	--	325	411450	买盘
13:03:40	12.66	0.01	250	316500	买盘
13:03:36	12.65	-0.01	162	204930	卖盘
13:03:31	12.66	0.01	341	431706	买盘
13:03:26	12.65	-0.01	341	431365	卖盘
13:03:20	12.66	--	236	298776	买盘
13:03:16	12.66	--	179	226614	买盘
13:03:11	12.66	0.01	113	143058	买盘
13:03:06	12.65	--	28	35420	卖盘
13:03:01	12.65	--	102	129030	买盘
13:02:56	12.65	--	326	412390	买盘
13:02:51	12.65	--	45	56925	买盘
13:02:46	12.65	0.01	85	107525	买盘
13:02:41	12.64	-0.02	172	217408	卖盘
13:02:36	12.66	0.01	58	73428	买盘
13:02:31	12.65	--	351	444015	卖盘
13:02:26	12.65	--	224	283360	卖盘
13:02:21	12.65	--	42	53130	卖盘
13:02:16	12.65	--	78	98670	卖盘
13:02:11	12.65	--	152	192280	买盘
13:02:06	12.65	--	290	366850	买盘
13:02:01	12.65	--	187	236555	买盘
13:01:56	12.65	--	203	256795	卖盘
13:01:51	12.65	-0.01	123	155595	卖盘
13:01:46	12.66	--	194	245604	买盘
13:01:40	12.66	--	271	343086	买盘
13:01:31	12.66	-0.01	411	520326	卖盘
13:01:25	12.67	--	1066	1350622	买盘
13:01:21	12.67	--	17	21539	买盘
13:01:16	12.67	-0.01	478	605626	卖盘
13:01:10	12.68	0.01	1103	1398604	买盘
13:01:05	12.67	-0.02	537	680379	卖盘
13:01:01	12.69	0.01	2103	2668707	买盘
13:00:56	12.68	-0.01	1176	1491168	卖盘
13:00:50	12.69	-0.01	308	390852	卖盘
13:00:46	12.7	--	503	638810	买盘
13:00:40	12.7	-0.01	2037	2586990	卖盘
13:00:34	12.71	--	569	723199	买盘
13:00:31	12.71	--	407	517297	买盘
13:00:25	12.71	--	329	418159	卖盘
13:00:19	12.71	-0.02	331	420701	卖盘
13:00:15	12.73	0.03	437	556301	买盘
13:00:10	12.7	-0.01	824	1046479	卖盘
13:00:05	12.71	0.02	5272	6700839	买盘
13:00:01	12.69	0.01	1643	2084967	买盘
11:30:00	12.68	--	0	0	买盘
11:29:59	12.68	-0.01	459	582012	中性盘
11:29:57	12.69	--	1209	1534221	买盘
11:29:52	12.69	0.01	387	491103	买盘
11:29:46	12.68	0.01	971	1231228	中性盘
11:29:42	12.67	--	529	670243	中性盘
11:29:37	12.67	0.01	1019	1291073	买盘
11:29:31	12.66	--	585	740610	卖盘
11:29:27	12.66	0.01	1701	2153466	买盘
11:29:22	12.65	-0.01	1228	1553420	卖盘
11:29:16	12.66	0.01	1462	1850892	买盘
11:29:12	12.65	0.02	16	20240	中性盘
11:29:07	12.63	-0.02	461	582243	卖盘
11:29:01	12.65	--	604	764060	买盘
11:28:57	12.65	0.03	1531	1936715	买盘
11:28:52	12.62	-0.01	186	234732	卖盘
11:28:46	12.63	--	225	284175	买盘
11:28:42	12.63	--	48	60624	买盘
11:28:37	12.63	0.01	245	309435	买盘
11:28:31	12.62	-0.01	309	389958	卖盘
11:28:27	12.63	--	91	114933	买盘
11:28:22	12.63	0.03	1883	2378229	买盘
11:28:16	12.6	-0.01	166	209160	卖盘
11:28:12	12.61	-0.01	147	185367	卖盘
11:28:07	12.62	0.02	457	576734	买盘
11:28:01	12.6	-0.02	1216	1532160	卖盘
11:27:56	12.62	-0.01	463	584306	卖盘
11:27:52	12.63	--	615	776745	买盘
11:27:46	12.63	-0.01	508	641604	买盘
11:27:40	12.64	0.01	1172	1481408	买盘
11:27:37	12.63	--	271	342273	卖盘
11:27:31	12.63	-0.01	394	497622	卖盘
11:27:25	12.64	0.01	228	288192	买盘
11:27:21	12.63	-0.01	3013	3805419	卖盘
11:27:16	12.64	--	1246	1574944	买盘
11:27:10	12.64	0.03	1526	1928864	买盘
11:27:06	12.61	-0.02	916	1155076	卖盘
11:27:01	12.63	0.02	415	524145	中性盘
11:26:55	12.61	0.02	937	1181557	中性盘
11:26:51	12.59	-0.03	352	443168	卖盘
11:26:46	12.62	0.04	2557	3226934	买盘
11:26:40	12.58	-0.01	172	216376	卖盘
11:26:36	12.59	0.01	438	551442	买盘
11:26:31	12.58	0.02	127	159766	买盘
11:26:25	12.56	--	137	172072	卖盘
11:26:21	12.56	-0.01	723	908088	卖盘
11:26:16	12.57	-0.01	1149	1444293	买盘
11:26:10	12.58	--	112	140896	买盘
11:26:06	12.58	0.01	489	615162	买盘
11:26:01	12.57	0.02	160	201120	中性盘
11:25:55	12.55	-0.01	530	665150	卖盘
11:25:52	12.56	--	369	463464	卖盘
11:25:46	12.56	--	82	102992	卖盘
11:25:40	12.56	-0.01	12	15072	卖盘
11:25:36	12.57	0.03	717	901269	买盘
11:25:31	12.54	-0.02	699	876545	中性盘
11:25:25	12.56	--	233	292648	买盘
11:25:21	12.56	0.01	289	362984	买盘
11:25:16	12.55	--	608	763040	卖盘
11:25:10	12.55	--	350	439250	买盘
11:25:06	12.55	--	22	27610	买盘
11:25:01	12.55	-0.05	109	136795	买盘
11:24:55	12.6	0.05	2836	3573360	买盘
11:24:51	12.55	-0.01	41	51455	卖盘
11:24:46	12.56	0.04	421	528776	买盘
11:24:40	12.52	-0.04	500	626000	卖盘
11:24:36	12.56	0.01	117	146952	买盘
11:24:31	12.55	--	687	862185	卖盘
11:24:25	12.55	--	22	27610	卖盘
11:24:21	12.55	--	74	92870	买盘
11:24:16	12.55	0.02	805	1010275	买盘
11:24:10	12.53	0.02	1104	1383312	买盘
11:24:06	12.51	--	44	55044	买盘
11:24:01	12.51	0.03	1578	1974628	买盘
11:23:55	12.48	0.01	654	816192	买盘
11:23:51	12.47	--	22	27434	卖盘
11:23:46	12.47	0.02	417	520123	买盘
11:23:40	12.45	-0.01	20	24900	卖盘
11:23:36	12.46	0.01	33	41118	买盘
11:23:31	12.45	-0.01	31	38595	卖盘
11:23:25	12.46	0.02	328	408688	买盘
11:23:21	12.44	-0.01	5	6220	卖盘
11:23:16	12.45	0.02	9	11205	买盘
11:23:06	12.43	--	10	12430	卖盘
11:23:01	12.43	-0.01	126	156792	卖盘
11:22:55	12.44	0.01	2	2488	买盘
11:22:51	12.43	--	5	6215	卖盘
11:22:46	12.43	--	10	12430	卖盘
11:22:40	12.43	0.01	40	49720	买盘
11:22:36	12.42	--	48	59616	买盘
11:22:31	12.42	--	24	29808	买盘
11:22:25	12.42	-0.02	8	9936	卖盘
11:22:21	12.44	0.02	380	472720	买盘
11:22:10	12.42	-0.01	101	126510	卖盘
11:22:06	12.43	--	40	49720	卖盘
11:22:01	12.43	--	55	68365	卖盘
11:21:55	12.43	--	20	24860	卖盘
11:21:51	12.43	--	30	37290	卖盘
11:21:46	12.43	--	76	94468	卖盘
11:21:40	12.43	--	223	277189	卖盘
11:21:31	12.43	--	120	149160	卖盘
11:21:25	12.43	-0.02	20	24860	卖盘
11:21:10	12.45	0.01	74	92130	买盘
11:21:01	12.44	--	43	53492	卖盘
11:20:55	12.44	-0.01	70	87080	卖盘
11:20:49	12.45	0.01	62	77190	买盘
11:20:45	12.44	--	153	190332	卖盘
11:20:40	12.44	--	10	12440	卖盘
11:20:30	12.44	--	0	0	卖盘
11:20:25	12.44	--	49	60956	卖盘
11:20:10	12.44	-0.01	8	9952	卖盘
11:20:04	12.45	0.01	12	14940	买盘
11:19:49	12.44	--	0	0	卖盘
11:19:45	12.44	-0.02	530	659320	卖盘
11:19:40	12.46	0.01	46	57316	买盘
11:19:30	12.45	--	44	54780	卖盘
11:19:25	12.45	--	43	53535	卖盘
11:19:19	12.45	--	323	402135	卖盘
11:19:10	12.45	--	58	72210	卖盘
11:19:04	12.45	0.02	124	154380	买盘
11:18:55	12.43	-0.02	1	1243	卖盘
11:18:45	12.45	0.02	20	24900	买盘
11:18:40	12.43	--	24	29832	卖盘
11:18:30	12.43	--	50	62150	卖盘
11:18:10	12.43	-0.02	48	59664	卖盘
11:18:04	12.45	0.02	1	1245	买盘
11:17:49	12.43	-0.02	54	67122	卖盘
11:17:45	12.45	0.02	2	2490	买盘
11:17:34	12.43	-0.02	9	11187	卖盘
11:17:25	12.45	0.01	30	37350	买盘
11:17:19	12.44	-0.02	35	43540	卖盘
11:17:10	12.46	--	0	0	买盘
11:17:04	12.46	--	40	49840	买盘
11:17:00	12.46	--	10	12460	买盘
11:16:55	12.46	--	139	173194	买盘
11:16:49	12.46	0.01	45	56070	买盘
11:16:40	12.45	--	2	2490	卖盘
11:16:34	12.45	-0.01	57	70965	卖盘
11:16:29	12.46	--	15	18690	买盘
11:16:25	12.46	--	25	31150	买盘
11:16:19	12.46	--	84	104664	卖盘
11:16:10	12.46	--	26	32396	卖盘
11:16:04	12.46	--	200	249200	卖盘
11:16:00	12.46	--	10	12460	卖盘
11:15:49	12.46	-0.01	6	7476	卖盘
11:15:40	12.47	0.01	33	41151	买盘
11:15:29	12.46	--	10	12460	卖盘
11:15:25	12.46	-0.01	32	39872	卖盘
11:15:15	12.47	0.01	8	9976	买盘
11:15:10	12.46	--	13	16198	卖盘
11:15:04	12.46	--	10	12460	卖盘
11:15:00	12.46	0.01	5	6230	买盘
11:14:54	12.45	--	12	14940	卖盘
11:14:49	12.45	-0.01	100	124500	卖盘
11:14:40	12.46	0.01	547	681562	买盘
11:14:34	12.45	--	10	12450	卖盘
11:14:28	12.45	--	325	404625	卖盘
11:14:25	12.45	--	50	62250	卖盘
11:14:19	12.45	--	13	16184	卖盘
11:14:04	12.45	--	124	154380	卖盘
11:13:58	12.45	--	5	6225	卖盘
11:13:49	12.45	--	3	3735	卖盘
11:13:43	12.45	--	26	32369	卖盘
11:13:39	12.45	--	10	12450	卖盘
11:13:34	12.45	0.02	51	63495	买盘
11:13:24	12.43	--	0	0	卖盘
11:13:19	12.43	-0.02	53	65879	卖盘
11:13:13	12.45	0.02	180	224274	买盘
11:13:09	12.43	--	10	12430	卖盘
11:12:49	12.43	0.01	17	21131	卖盘
11:12:39	12.42	--	325	403650	卖盘
11:12:34	12.42	-0.01	2	2484	卖盘
11:12:28	12.43	-0.01	5	6215	卖盘
11:12:24	12.44	0.01	228	283632	买盘
11:12:13	12.43	-0.01	32	40844	卖盘
11:12:09	12.44	--	95	118180	买盘
11:12:04	12.44	0.01	10	12440	买盘
11:11:58	12.43	--	22	27346	卖盘
11:11:54	12.43	--	56	69782	卖盘
11:11:49	12.43	-0.01	50	62150	卖盘
11:11:43	12.44	0.01	20	24880	买盘
11:11:34	12.43	--	17	21131	卖盘
11:11:28	12.43	--	7	8701	卖盘
11:11:19	12.43	0.01	30	37290	买盘
11:11:13	12.42	0.01	17	21114	卖盘
11:11:04	12.41	-0.02	1186	1471826	卖盘
11:10:58	12.43	--	106	131758	卖盘
11:10:49	12.43	--	9	11187	卖盘
11:10:43	12.43	--	10	12430	卖盘
11:10:39	12.43	--	32	39776	卖盘
11:10:28	12.43	-0.01	45	55935	卖盘
11:10:24	12.44	--	67	83348	买盘
11:10:19	12.44	--	10	12440	买盘
11:10:13	12.44	-0.01	72	89568	卖盘
11:10:04	12.45	--	5	6225	买盘
11:09:58	12.45	--	206	256469	卖盘
11:09:49	12.45	--	20	24900	卖盘
11:09:43	12.45	-0.01	79	98355	卖盘
11:09:34	12.46	--	11	13706	卖盘
11:09:28	12.46	--	1	1246	卖盘
11:09:24	12.46	--	10	12460	卖盘
11:09:13	12.46	--	27	33642	买盘
11:09:04	12.46	--	41	51086	买盘
11:08:58	12.46	-0.01	61	76006	买盘
11:08:34	12.47	0.01	100	124700	买盘
11:08:28	12.46	--	104	129584	卖盘
11:08:23	12.46	-0.01	36	44856	卖盘
11:08:19	12.47	--	16	19952	买盘
11:08:13	12.47	--	41	51127	买盘
11:08:07	12.47	--	15	18705	买盘
11:08:04	12.47	0.01	39	48633	买盘
11:07:58	12.46	-0.01	5	6230	卖盘
11:07:52	12.47	--	54	67338	买盘
11:07:49	12.47	0.01	18	22446	买盘
11:07:43	12.46	-0.02	91	113386	卖盘
11:07:37	12.48	--	0	0	买盘
11:07:33	12.48	0.03	100	124800	买盘
11:07:28	12.45	-0.02	520	647400	卖盘
11:07:22	12.47	-0.01	72	89784	卖盘
11:07:18	12.48	0.01	23	28704	买盘
11:07:13	12.47	--	10	12470	卖盘
11:07:03	12.47	--	141	175827	卖盘
11:06:58	12.47	-0.01	611	761917	买盘
11:06:48	12.48	0.01	43	53664	买盘
11:06:43	12.47	-0.01	94	117218	卖盘
11:06:37	12.48	0.01	3	3744	买盘
11:06:33	12.47	--	212	264364	买盘
11:06:28	12.47	-0.01	208	259376	卖盘
11:06:22	12.48	0.01	186	232128	买盘
11:06:18	12.47	--	42	52374	卖盘
11:06:03	12.47	0.01	23	28681	中性盘
11:05:58	12.46	--	88	109648	买盘
11:05:52	12.46	--	84	104664	卖盘
11:05:48	12.46	-0.03	120	149520	卖盘
11:05:43	12.49	0.03	906	1131594	买盘
11:05:37	12.46	-0.01	180	224280	卖盘
11:05:33	12.47	0.01	50	62350	买盘
11:05:28	12.46	-0.01	184	229264	卖盘
11:05:22	12.47	0.01	41	51127	买盘
11:05:13	12.46	--	8	9968	卖盘
11:05:07	12.46	0.01	201	250446	买盘
11:05:03	12.45	--	25	31125	卖盘
11:04:52	12.45	--	44	54780	卖盘
11:04:43	12.45	0.01	414	515429	买盘
11:04:33	12.44	--	35	43540	买盘
11:04:28	12.44	--	65	80860	买盘
11:04:22	12.44	--	66	82104	买盘
11:04:18	12.44	--	10	12440	买盘
11:04:12	12.44	--	401	498844	买盘
11:03:58	12.44	--	2	2488	买盘
11:03:43	12.44	0.01	16	19904	买盘
11:03:33	12.43	--	6	7458	卖盘
11:03:28	12.43	--	21	26103	卖盘
11:03:13	12.43	--	396	493458	买盘
11:03:03	12.43	--	7	8701	买盘
11:02:52	12.43	--	67	83293	卖盘
11:02:43	12.43	--	30	37290	卖盘
11:02:37	12.43	-0.01	120	149160	卖盘
11:02:28	12.44	--	69	85836	买盘
11:02:22	12.44	--	12	14928	买盘
11:02:13	12.44	--	10	12440	买盘
11:01:52	12.44	--	2	2488	买盘
11:01:37	12.44	0.01	30	37320	买盘
11:01:31	12.43	--	13	16159	卖盘
11:01:27	12.43	--	419	520817	卖盘
11:01:22	12.43	-0.01	35	43505	卖盘
11:00:37	12.44	--	3	3732	买盘
11:00:27	12.44	--	33	41052	买盘
11:00:16	12.44	--	6	7464	买盘
11:00:12	12.44	--	30	37320	买盘
11:00:07	12.44	-0.01	98	121912	卖盘
11:00:01	12.45	0.01	10	12450	买盘
10:59:57	12.44	-0.01	10	12440	卖盘
10:59:52	12.45	--	60	74700	买盘
10:59:46	12.45	--	21	26145	买盘
10:59:22	12.45	0.01	3	3735	买盘
10:59:07	12.44	--	18	22392	卖盘
10:59:01	12.44	0.01	81	100764	买盘
10:58:37	12.43	-0.01	21	26103	卖盘
10:58:31	12.44	--	51	63444	买盘
10:58:27	12.44	--	20	24880	买盘
10:58:22	12.44	0.01	7	8708	买盘
10:58:16	12.43	-0.01	22	27346	卖盘
10:58:07	12.44	0.01	8	9952	买盘
10:57:57	12.43	-0.01	10	12430	卖盘
10:57:52	12.44	0.01	18	22392	买盘
10:57:46	12.43	--	26	32318	卖盘
10:57:42	12.43	-0.01	44	54692	卖盘
10:57:37	12.44	0.01	5	6220	买盘
10:57:31	12.43	-0.01	1	1243	卖盘
10:57:27	12.44	--	10	12440	买盘
10:57:21	12.44	0.01	18	22392	买盘
10:57:16	12.43	-0.01	28	34804	卖盘
10:57:12	12.44	--	34	42296	买盘
10:57:07	12.44	0.01	10	12440	买盘
10:57:01	12.43	-0.01	278	345554	卖盘
10:56:57	12.44	--	3	3732	卖盘
10:56:52	12.44	-0.01	38	47272	卖盘
10:56:46	12.45	--	4	4980	买盘
10:56:42	12.45	--	5	6225	买盘
10:56:36	12.45	0.01	30	37350	买盘
10:56:22	12.44	--	50	62200	卖盘
10:56:12	12.44	--	229	286107	买盘
10:56:07	12.44	--	31	38564	买盘
10:56:01	12.44	0.01	10	12440	买盘
10:55:52	12.43	--	120	149160	卖盘
10:55:37	12.43	--	115	142945	卖盘
10:55:22	12.43	--	17	21131	买盘
10:55:16	12.43	--	33	41019	卖盘
10:55:12	12.43	--	19	23617	买盘
10:55:07	12.43	--	30	37290	买盘
10:54:55	12.43	--	228	283404	买盘
10:54:52	12.43	--	2	2486	买盘
10:54:46	12.43	--	3	3729	买盘
10:54:40	12.43	--	269	334367	卖盘
10:54:31	12.43	-0.01	22	27346	卖盘
10:54:25	12.44	0.01	10	12440	买盘
10:54:22	12.43	--	19	23617	卖盘
10:54:10	12.43	--	20	24860	卖盘
10:54:06	12.43	0.01	88	109384	买盘
10:54:01	12.42	--	65	80730	卖盘
10:53:46	12.42	--	74	91908	买盘
10:53:40	12.42	--	56	69552	卖盘
10:53:36	12.42	--	31	38502	买盘
10:53:31	12.42	--	7	8694	卖盘
10:53:25	12.42	--	6	7452	买盘
10:53:21	12.42	--	615	763830	卖盘
10:53:16	12.42	--	67	83214	卖盘
10:53:10	12.42	--	2	2484	卖盘
10:53:01	12.42	-0.01	5	6210	卖盘
10:52:55	12.43	0.01	116	144188	买盘
10:52:51	12.42	--	10	12420	卖盘
10:52:46	12.42	--	1	1242	卖盘
10:52:40	12.42	--	25	31050	买盘
10:52:36	12.42	--	85	105570	买盘
10:52:31	12.42	--	24	29808	买盘
10:52:25	12.42	--	67	83214	卖盘
10:52:16	12.42	0.01	1	1242	买盘
10:52:10	12.41	-0.02	492	610572	卖盘
10:51:55	12.43	0.01	101	125543	买盘
10:51:51	12.42	--	60	74520	卖盘
10:51:46	12.42	--	100	124200	卖盘
10:51:40	12.42	--	4	4968	卖盘
10:51:25	12.42	--	46	57132	卖盘
10:51:16	12.42	--	7	8694	卖盘
10:51:05	12.42	--	2	2484	卖盘
10:50:55	12.42	--	5	6210	卖盘
10:50:51	12.42	--	17	21114	买盘
10:50:46	12.42	--	298	370116	买盘
10:50:31	12.42	--	3	3726	买盘
10:50:21	12.42	--	9	11178	买盘
10:50:16	12.42	0.01	34	42228	买盘
10:50:10	12.41	-0.01	31	38471	卖盘
10:49:55	12.42	--	82	101844	卖盘
10:49:51	12.42	-0.01	74	91908	卖盘
10:49:46	12.43	0.01	12	14916	买盘
10:49:36	12.42	--	1	1242	卖盘
10:49:21	12.42	--	53	65826	卖盘
10:49:16	12.42	--	89	110538	卖盘
10:49:10	12.42	-0.01	5	6210	卖盘
10:49:01	12.43	0.01	20	24860	买盘
10:48:55	12.42	--	166	206172	卖盘
10:48:51	12.42	--	60	74520	卖盘
10:48:40	12.42	-0.01	10	12420	卖盘
10:48:31	12.43	--	96	119328	买盘
10:48:25	12.43	--	3	3729	买盘
10:48:16	12.43	0.01	88	109384	买盘
10:48:10	12.42	--	27	33534	卖盘
10:48:04	12.42	--	15	18630	卖盘
10:47:46	12.42	--	1	1242	卖盘
10:47:40	12.42	--	6	7452	卖盘
10:47:34	12.42	--	9	11178	卖盘
10:47:30	12.42	--	33	40986	买盘
10:47:25	12.42	--	5	6210	买盘
10:47:19	12.42	0.01	10	12420	买盘
10:47:15	12.41	-0.01	1	1241	卖盘
10:47:10	12.42	0.01	20	24840	买盘
10:47:04	12.41	-0.01	202	250682	卖盘
10:46:55	12.42	--	2	2484	买盘
10:46:49	12.42	0.01	1	1242	买盘
10:46:30	12.41	0.01	167	207247	买盘
10:46:24	12.4	-0.01	105	130200	卖盘
10:46:10	12.41	--	29	35989	卖盘
10:45:49	12.41	-0.01	29	35989	卖盘
10:45:40	12.42	0.01	20	24840	买盘
10:45:34	12.41	-0.01	510	632910	卖盘
10:45:25	12.42	0.01	3	3726	买盘
10:45:19	12.41	-0.01	20	24820	卖盘
10:45:09	12.42	--	184	228528	卖盘
10:45:04	12.42	0.01	361	448362	买盘
10:44:55	12.41	--	3	3723	卖盘
10:44:49	12.41	--	323	400843	卖盘
10:44:40	12.41	--	8	9928	卖盘
10:44:34	12.41	-0.01	111	137751	卖盘
10:44:30	12.42	0.01	267	331614	买盘
10:44:25	12.41	0.01	12	14892	卖盘
10:44:19	12.4	--	101	125351	卖盘
10:44:15	12.4	--	19	23560	卖盘
10:44:10	12.4	--	589	730360	卖盘
10:44:04	12.4	--	1	1240	卖盘
10:43:55	12.4	--	432	536771	买盘
10:43:44	12.4	--	15	18600	买盘
10:43:30	12.4	--	5	6200	买盘
10:43:25	12.4	--	4	4960	买盘
10:43:04	12.4	0.01	182	225680	买盘
10:42:54	12.39	--	12	14868	卖盘
10:42:49	12.39	-0.01	87	107793	卖盘
10:42:45	12.4	0.01	13	16120	买盘
10:42:34	12.39	-0.01	16	19824	卖盘
10:42:30	12.4	--	100	124000	买盘
10:42:25	12.4	0.01	1	1240	买盘
10:42:19	12.39	--	38	47082	卖盘
10:42:15	12.39	--	127	157353	卖盘
10:42:10	12.39	--	45	55755	卖盘
10:42:04	12.39	--	40	49560	卖盘
10:41:54	12.39	--	80	99120	卖盘
10:41:49	12.39	--	30	37170	卖盘
10:41:40	12.39	--	14	17346	卖盘
10:41:34	12.39	--	3	3717	卖盘
10:41:24	12.39	-0.01	41	50799	卖盘
10:41:19	12.4	0.01	16	19840	买盘
10:41:13	12.39	--	2	2478	卖盘
10:41:09	12.39	-0.01	11	13629	卖盘
10:41:04	12.4	0.01	15	18600	买盘
10:40:58	12.39	--	57	70623	卖盘
10:40:54	12.39	--	11	13629	卖盘
10:40:49	12.39	--	32	39648	卖盘
10:40:39	12.39	0.01	8	9912	卖盘
10:40:28	12.38	-0.01	197	243886	卖盘
10:40:24	12.39	0.01	52	64911	买盘
10:40:19	12.38	-0.01	118	146084	卖盘
10:40:09	12.39	--	16	19824	买盘
10:40:04	12.39	--	142	176693	卖盘
10:39:58	12.39	--	26	32214	卖盘
10:39:54	12.39	--	81	100842	买盘
10:39:49	12.39	--	56	69384	买盘
10:39:34	12.39	--	15	19340	卖盘
10:39:28	12.39	--	59	73101	卖盘
10:39:24	12.39	-0.01	198	245322	卖盘
10:39:19	12.4	0.01	8	9920	买盘
10:39:13	12.39	--	50	61950	卖盘
10:39:09	12.39	--	15	18585	卖盘
10:39:04	12.39	--	30	37170	卖盘
10:38:58	12.39	--	114	141246	卖盘
10:38:54	12.39	--	28	34692	卖盘
10:38:49	12.39	-0.01	230	284970	卖盘
10:38:43	12.4	--	69	85560	买盘
10:38:39	12.4	0.01	120	148800	买盘
10:38:28	12.39	-0.01	54	66906	卖盘
10:38:24	12.4	0.01	262	324880	买盘
10:38:19	12.39	-0.01	4	4956	卖盘
10:38:13	12.4	--	31	38588	卖盘
10:38:09	12.4	--	155	192200	卖盘
10:38:04	12.4	-0.01	81	100440	卖盘
10:37:58	12.41	0.01	98	121618	买盘
10:37:54	12.4	-0.01	56	69440	卖盘
10:37:49	12.41	0.01	20	24820	买盘
10:37:43	12.4	-0.01	29	35960	卖盘
10:37:39	12.41	0.01	21	26061	买盘
10:37:34	12.4	--	333	412920	卖盘
10:37:18	12.4	--	300	372000	卖盘
10:37:13	12.4	-0.01	80	99200	卖盘
10:37:09	12.41	0.01	290	359890	买盘
10:37:04	12.4	--	58	71920	卖盘
10:36:58	12.4	--	295	365800	卖盘
10:36:54	12.4	-0.01	7	8680	卖盘
10:36:49	12.41	0.01	20	24820	买盘
10:36:39	12.4	--	4	4960	卖盘
10:36:34	12.4	--	18	22320	卖盘
10:36:28	12.4	--	20	24800	卖盘
10:36:19	12.4	-0.01	31	38440	卖盘
10:36:12	12.41	0.01	90	111690	买盘
10:35:58	12.4	--	61	75640	卖盘
10:35:43	12.4	--	30	37200	卖盘
10:35:38	12.4	--	2	2480	卖盘
10:35:28	12.4	-0.01	4	4960	卖盘
10:35:22	12.41	--	2	2482	买盘
10:35:13	12.41	--	293	363613	卖盘
10:35:07	12.41	--	32	39712	卖盘
10:35:04	12.41	-0.01	5	6205	卖盘
10:34:52	12.42	0.01	90	111780	买盘
10:34:43	12.41	--	35	43435	卖盘
10:34:33	12.41	--	30	37230	卖盘
10:34:28	12.41	--	34	42194	卖盘
10:34:22	12.41	--	5	6205	卖盘
10:34:17	12.41	--	2	2482	卖盘
10:34:13	12.41	--	53	65773	卖盘
10:34:03	12.41	-0.01	28	34748	卖盘
10:33:48	12.42	--	10	12420	卖盘
10:33:43	12.42	--	7	8694	卖盘
10:33:37	12.42	--	40	49680	卖盘
10:33:33	12.42	0.01	144	178848	买盘
10:33:28	12.41	-0.01	10	12410	卖盘
10:33:22	12.42	--	119	147798	买盘
10:33:18	12.42	--	50	62100	买盘
10:33:13	12.42	0.01	10	12420	买盘
10:33:07	12.41	--	10	12410	卖盘
10:33:03	12.41	-0.01	1	1241	卖盘
10:32:52	12.42	--	42	52164	买盘
10:32:43	12.42	0.01	5	6210	买盘
10:32:37	12.41	-0.01	30	37230	卖盘
10:32:28	12.42	0.01	156	193752	买盘
10:32:22	12.41	-0.01	8	9928	卖盘
10:32:18	12.42	0.01	11	13662	买盘
10:32:13	12.41	-0.01	20	24820	卖盘
10:32:07	12.42	--	72	89424	买盘
10:32:03	12.42	--	40	49680	买盘
10:31:58	12.42	--	369	458298	买盘
10:31:52	12.42	--	278	345276	卖盘
10:31:48	12.42	--	10	12420	卖盘
10:31:43	12.42	--	25	31050	卖盘
10:31:37	12.42	--	4	4968	卖盘
10:31:33	12.42	--	30	37260	卖盘
10:31:18	12.42	--	4	4968	卖盘
10:31:12	12.42	--	10	12420	卖盘
10:31:07	12.42	0.01	86	106812	买盘
10:30:57	12.41	--	25	31025	卖盘
10:30:52	12.41	--	13	16133	卖盘
10:30:48	12.41	--	30	37230	卖盘
10:30:43	12.41	--	36	44676	买盘
10:30:37	12.41	--	20	24820	买盘
10:30:33	12.41	--	53	65773	买盘
10:30:28	12.41	--	14	17374	买盘
10:30:22	12.41	0.01	40	49640	买盘
10:30:18	12.4	-0.01	515	638600	卖盘
10:30:13	12.41	0.01	200	248200	买盘
10:30:07	12.4	-0.01	51	63240	卖盘
10:29:58	12.41	--	132	163812	卖盘
10:29:52	12.41	0.01	36	44676	买盘
10:29:37	12.4	-0.01	1	1240	卖盘
10:29:33	12.41	0.01	3	3723	买盘
10:29:22	12.4	-0.01	468	580320	卖盘
10:29:07	12.41	--	26	32266	卖盘
10:28:58	12.41	--	27	33507	卖盘
10:28:52	12.41	--	308	382228	买盘
10:28:45	12.41	--	8	9928	买盘
10:28:37	12.41	--	22	27302	买盘
10:28:31	12.41	--	154	191114	买盘
10:28:16	12.41	0.01	51	63291	买盘
10:28:12	12.4	-0.01	118	146320	卖盘
10:28:07	12.41	--	27	33507	买盘
10:28:01	12.41	--	48	59568	买盘
10:27:52	12.41	--	120	148920	买盘
10:27:46	12.41	--	162	201042	买盘
10:27:42	12.41	0.01	8	9928	买盘
10:27:27	12.4	-0.01	81	100440	卖盘
10:27:22	12.41	0.01	16	19856	买盘
10:27:12	12.4	--	1	1240	卖盘
10:27:07	12.4	-0.01	225	279000	卖盘
10:26:57	12.41	0.01	52	64532	买盘
10:26:52	12.4	-0.01	50	62000	卖盘
10:26:42	12.41	0.01	50	62050	买盘
10:26:36	12.4	-0.01	37	45880	卖盘
10:26:31	12.41	--	39	48399	买盘
10:26:27	12.41	0.01	10	12410	买盘
10:26:22	12.4	--	58	71920	卖盘
10:26:16	12.4	--	13	16120	卖盘
10:26:12	12.4	--	16	19840	卖盘
10:26:07	12.4	--	5	6200	卖盘
10:26:01	12.4	--	5	6200	卖盘
10:25:46	12.4	--	23	28520	卖盘
10:25:41	12.4	--	115	143691	买盘
10:25:37	12.4	--	23	28520	买盘
10:25:31	12.4	--	50	62000	买盘
10:25:22	12.4	--	9	11160	买盘
10:25:16	12.4	-0.02	19	23708	卖盘
10:25:07	12.42	0.02	10	12420	买盘
10:25:01	12.4	--	95	118891	买盘
10:24:57	12.4	0.01	202	250963	买盘
10:24:52	12.39	-0.01	435	539720	卖盘
10:24:46	12.4	--	153	189720	买盘
10:24:42	12.4	--	42	52080	买盘
10:24:37	12.4	0.01	57	70680	买盘
10:24:31	12.39	-0.01	264	327096	卖盘
10:24:27	12.4	-0.02	25	31148	卖盘
10:24:22	12.42	0.01	110	136620	买盘
10:24:16	12.41	-0.01	255	316455	卖盘
10:24:01	12.42	--	4	4968	买盘
10:23:57	12.42	--	9	11178	买盘
10:23:52	12.42	0.02	29	37110	买盘
10:23:46	12.4	-0.03	485	601548	卖盘
10:23:42	12.43	0.02	20	24860	买盘
10:23:36	12.41	-0.01	200	248200	卖盘
10:23:31	12.42	-0.01	2	2484	卖盘
10:23:26	12.43	--	0	0	中性盘
10:23:21	12.43	0.01	67	83281	买盘
10:23:16	12.42	--	292	362664	买盘
10:23:12	12.42	--	14	17388	买盘
10:23:06	12.42	-0.01	345	428490	卖盘
10:23:01	12.43	0.01	10	12430	买盘
10:22:56	12.42	--	52	64584	卖盘
10:22:46	12.42	--	73	90666	买盘
10:22:39	12.42	0.01	18	22356	买盘
10:22:36	12.41	--	220	273020	卖盘
10:22:31	12.41	--	94	116654	卖盘
10:22:25	12.41	--	5	6205	卖盘
10:22:21	12.41	--	38	48250	买盘
10:22:16	12.41	--	16	19856	买盘
10:22:10	12.41	--	0	0	买盘
10:22:06	12.41	0.01	340	421940	买盘
10:22:01	12.4	-0.01	374	463908	卖盘
10:21:36	12.41	--	40	49640	卖盘
10:21:21	12.41	-0.01	51	63291	卖盘
10:21:16	12.42	0.01	8	9936	买盘
10:21:09	12.41	--	8	9928	卖盘
10:21:06	12.41	--	109	135269	卖盘
10:21:01	12.41	--	85	105485	卖盘
10:20:55	12.41	--	91	112931	卖盘
10:20:51	12.41	0.01	60	74460	买盘
10:20:46	12.4	--	17	22171	买盘
10:20:36	12.4	--	58	72068	卖盘
10:20:31	12.4	--	32	39680	卖盘
10:20:21	12.4	--	8	9920	卖盘
10:20:16	12.4	-0.01	139	172360	卖盘
10:20:10	12.41	--	100	124100	卖盘
10:20:06	12.41	0.02	441	548373	买盘
10:20:01	12.39	-0.01	39	48321	卖盘
10:19:55	12.4	0.01	24	29760	中性盘
10:19:46	12.39	-0.01	402	498561	卖盘
10:19:31	12.4	--	20	24800	卖盘
10:19:25	12.4	--	40	49600	卖盘
10:19:16	12.4	--	157	194680	买盘
10:19:09	12.4	0.01	16	19840	买盘
10:19:06	12.39	-0.01	20	24780	卖盘
10:18:55	12.4	--	6	7440	买盘
10:18:46	12.4	--	4	4960	卖盘
10:18:40	12.4	--	20	24800	卖盘
10:18:36	12.4	--	56	69440	卖盘
10:18:31	12.4	--	36	44640	卖盘
10:18:21	12.4	--	112	138880	卖盘
10:18:16	12.4	--	25	31000	卖盘
10:18:10	12.4	--	10	12400	卖盘
10:18:01	12.4	-0.01	1	1240	卖盘
10:17:55	12.41	0.01	19	23579	买盘
10:17:31	12.4	--	22	27280	卖盘
10:17:25	12.4	--	111	137640	买盘
10:17:21	12.4	--	26	32240	买盘
10:17:16	12.4	--	48	59520	买盘
10:17:10	12.4	--	20	24800	买盘
10:17:06	12.4	0.01	4	4960	买盘
10:17:01	12.39	-0.01	27	33453	卖盘
10:16:55	12.4	0.01	1	1240	买盘
10:16:51	12.39	--	29	36154	卖盘
10:16:46	12.39	-0.01	42	52038	卖盘
10:16:40	12.4	0.01	6	7440	买盘
10:16:30	12.39	--	205	253995	卖盘
10:16:25	12.39	--	30	37170	卖盘
10:16:21	12.39	0.01	12	14868	卖盘
10:16:10	12.38	--	0	0	卖盘
10:16:04	12.38	-0.02	2	2476	卖盘
10:16:00	12.4	0.01	176	218240	买盘
10:15:55	12.39	--	44	54516	买盘
10:15:49	12.39	-0.01	485	600915	卖盘
10:15:45	12.4	-0.01	13	16120	卖盘
10:15:40	12.41	0.01	81	100521	买盘
10:15:34	12.4	--	11	13640	卖盘
10:15:25	12.4	--	23	28520	买盘
10:15:19	12.4	--	2	2480	买盘
10:15:15	12.4	--	25	31000	卖盘
10:15:10	12.4	-0.01	76	94240	卖盘
10:15:00	12.41	0.01	121	150161	买盘
10:14:55	12.4	--	14	17360	卖盘
10:14:45	12.4	--	12	14880	卖盘
10:14:40	12.4	--	123	152520	卖盘
10:14:30	12.4	--	60	74400	卖盘
10:14:25	12.4	--	45	55800	卖盘
10:14:15	12.4	--	6	7440	卖盘
10:14:10	12.4	--	129	159960	卖盘
10:14:00	12.4	--	26	32240	卖盘
10:13:55	12.4	--	1	1240	卖盘
10:13:40	12.4	-0.01	69	85560	卖盘
10:13:34	12.41	--	20	24820	卖盘
10:13:30	12.41	--	94	116654	卖盘
10:13:19	12.41	0.01	14	17374	买盘
10:13:15	12.4	--	7	8680	卖盘
10:13:10	12.4	-0.01	142	176080	卖盘
10:13:04	12.41	--	12	14892	卖盘
10:12:59	12.41	--	15	18615	卖盘
10:12:54	12.41	0.01	182	225862	买盘
10:12:49	12.4	--	7	8680	卖盘
10:12:45	12.4	--	32	39680	卖盘
10:12:40	12.4	--	34	42160	买盘
10:12:34	12.4	--	17	21080	买盘
10:12:25	12.4	--	33	40920	买盘
10:12:19	12.4	--	15	18600	买盘
10:12:10	12.4	--	26	32240	买盘
10:12:04	12.4	-0.01	202	250480	卖盘
10:11:54	12.41	--	22	27302	买盘
10:11:45	12.41	-0.01	186	230826	卖盘
10:11:34	12.42	0.01	17	21114	买盘
10:11:19	12.41	--	0	0	卖盘
10:11:15	12.41	--	8	9928	卖盘
10:11:03	12.41	-0.01	228	282948	卖盘
10:11:00	12.42	--	126	156492	买盘
10:10:55	12.42	0.01	130	161460	买盘
10:10:49	12.41	--	20	24820	卖盘
10:10:44	12.41	-0.01	9	11169	卖盘
10:10:34	12.42	--	5	6210	买盘
10:10:24	12.42	0.01	131	162702	买盘
10:10:09	12.41	-0.01	248	307768	卖盘
10:10:04	12.42	--	9	11178	卖盘
10:09:58	12.42	--	60	74520	卖盘
10:09:54	12.42	0.01	82	101844	买盘
10:09:49	12.41	--	0	0	卖盘
10:09:39	12.41	-0.01	201	249441	卖盘
10:09:34	12.42	0.01	133	165186	买盘
10:09:28	12.41	--	14	17374	卖盘
10:09:25	12.41	--	44	54604	卖盘
10:09:19	12.41	--	50	62050	卖盘
10:09:13	12.41	--	50	62050	卖盘
10:09:09	12.41	--	28	34748	卖盘
10:09:04	12.41	0.02	177	219657	买盘
10:08:58	12.39	--	45	55755	卖盘
10:08:54	12.39	--	100	123900	卖盘
10:08:48	12.39	--	22	27258	卖盘
10:08:43	12.39	--	19	23541	卖盘
10:08:39	12.39	--	15	18585	买盘
10:08:34	12.39	0.01	1	1239	买盘
10:08:28	12.38	--	10	12380	卖盘
10:08:24	12.38	0.01	36	44568	中性盘
10:08:19	12.37	-0.01	157	194839	卖盘
10:08:13	12.38	0.01	213	263694	买盘
10:08:09	12.37	--	297	367389	卖盘
10:08:04	12.37	--	351	434187	卖盘
10:07:58	12.37	--	21	25977	卖盘
10:07:54	12.37	--	190	235029	卖盘
10:07:49	12.37	--	362	447794	卖盘
10:07:43	12.37	--	15	18555	卖盘
10:07:39	12.37	-0.01	49	60612	卖盘
10:07:34	12.38	--	20	24760	买盘
10:07:28	12.38	-0.01	437	541006	卖盘
10:07:24	12.39	0.01	66	81774	买盘
10:07:19	12.38	-0.01	385	476630	卖盘
10:07:13	12.39	--	79	97881	卖盘
10:07:09	12.39	--	4	4956	卖盘
10:07:04	12.39	--	133	164787	卖盘
10:06:58	12.39	--	5	6195	卖盘
10:06:54	12.39	--	29	35931	卖盘
10:06:43	12.39	-0.01	23	28497	卖盘
10:06:34	12.4	0.01	20	24800	买盘
10:06:28	12.39	-0.01	100	123900	卖盘
10:06:24	12.4	0.01	235	291400	买盘
10:06:19	12.39	-0.02	69	85491	卖盘
10:06:13	12.41	0.01	101	125341	买盘
10:06:04	12.4	--	50	62000	买盘
10:05:58	12.4	-0.01	91	112840	卖盘
10:05:53	12.41	--	5	6205	买盘
10:05:49	12.41	--	279	346239	卖盘
10:05:43	12.41	--	13	16133	卖盘
10:05:34	12.41	--	217	269297	买盘
10:05:28	12.41	--	125	155125	买盘
10:05:23	12.41	0.01	46	57086	买盘
10:05:18	12.4	-0.01	12	14880	卖盘
10:05:13	12.41	0.01	35	43435	买盘
10:05:03	12.4	-0.01	309	383160	卖盘
10:04:58	12.41	0.01	118	146438	买盘
10:04:54	12.4	--	10	12400	卖盘
10:04:49	12.4	-0.01	23	28520	卖盘
10:04:43	12.41	--	23	28543	买盘
10:04:39	12.41	0.01	8	9928	买盘
10:04:33	12.4	--	53	65720	卖盘
10:04:28	12.4	-0.01	11	13640	卖盘
10:04:24	12.41	0.01	25	31025	买盘
10:04:18	12.4	-0.01	8	9920	卖盘
10:04:13	12.41	0.01	4	4964	买盘
10:04:08	12.4	-0.01	41	50840	卖盘
10:04:03	12.41	0.01	31	38471	买盘
10:03:58	12.4	-0.01	43	53320	卖盘
10:03:48	12.41	-0.01	142	176222	卖盘
10:03:43	12.42	--	14	17388	买盘
10:03:33	12.42	--	4	4968	买盘
10:03:18	12.42	-0.01	26	32292	卖盘
10:03:07	12.43	--	10	12430	买盘
10:03:03	12.43	--	275	341825	卖盘
10:02:52	12.43	--	19	23617	卖盘
10:02:48	12.43	--	20	24860	卖盘
10:02:43	12.43	--	49	60907	卖盘
10:02:37	12.43	0.02	468	581724	买盘
10:02:28	12.41	--	52	64532	卖盘
10:02:18	12.41	0.01	20	24820	买盘
10:02:13	12.4	--	29	35960	卖盘
10:02:07	12.4	-0.01	1	1240	卖盘
10:02:03	12.41	0.01	26	32266	买盘
10:01:58	12.4	--	7	8680	卖盘
10:01:48	12.4	--	0	0	卖盘
10:01:43	12.4	-0.01	195	241800	卖盘
10:01:33	12.41	0.01	153	189873	买盘
10:01:28	12.4	-0.01	6	7440	中性盘
10:01:22	12.41	--	713	884833	买盘
10:01:07	12.41	--	79	98039	卖盘
10:01:03	12.41	0.01	22	27302	买盘
10:00:58	12.4	-0.01	124	153760	卖盘
10:00:52	12.41	0.01	112	138992	中性盘
10:00:48	12.4	-0.01	65	80600	卖盘
10:00:43	12.41	--	35	43435	卖盘
10:00:37	12.41	0.01	225	279225	买盘
10:00:33	12.4	--	21	26040	买盘
10:00:28	12.4	--	60	74400	买盘
10:00:22	12.4	-0.02	1263	1566120	卖盘
10:00:18	12.42	--	12	14904	买盘
10:00:13	12.42	0.01	141	175122	买盘
10:00:07	12.41	-0.01	50	62050	卖盘
10:00:02	12.42	--	128	158976	卖盘
09:59:58	12.42	--	39	48438	卖盘
09:59:52	12.42	0.01	150	186300	买盘
09:59:47	12.41	--	65	80665	卖盘
09:59:42	12.41	--	39	48399	卖盘
09:59:37	12.41	-0.01	57	70737	卖盘
09:59:32	12.42	-0.01	40	49680	中性盘
09:59:28	12.43	--	266	330638	买盘
09:59:18	12.43	0.01	252	313236	买盘
09:59:07	12.42	-0.01	68	84456	卖盘
09:59:03	12.43	0.01	150	186450	买盘
09:58:57	12.42	--	83	103086	卖盘
09:58:52	12.42	--	4	4968	卖盘
09:58:42	12.42	--	145	180090	买盘
09:58:37	12.42	0.01	34	42228	买盘
09:58:33	12.41	-0.01	9	11169	卖盘
09:58:28	12.42	--	225	279450	买盘
09:58:22	12.42	--	59	73278	买盘
09:58:18	12.42	--	132	163944	卖盘
09:58:12	12.42	-0.01	1	1242	卖盘
09:58:02	12.43	--	17	21131	买盘
09:57:51	12.43	0.01	18	22374	买盘
09:57:42	12.42	-0.01	24	29808	卖盘
09:57:37	12.43	0.01	39	48477	买盘
09:57:30	12.42	-0.01	10	12420	卖盘
09:57:27	12.43	--	9	11187	买盘
09:57:07	12.43	0.01	196	243628	买盘
09:57:01	12.42	0.01	26	32292	买盘
09:56:57	12.41	--	105	130305	卖盘
09:56:52	12.41	--	12	14892	卖盘
09:56:46	12.41	-0.01	196	243236	卖盘
09:56:37	12.42	0.01	136	168912	买盘
09:56:31	12.41	--	33	40953	卖盘
09:56:22	12.41	0.01	32	39712	买盘
09:56:16	12.4	-0.01	20	24800	卖盘
09:56:12	12.41	--	10	12410	买盘
09:56:07	12.41	--	47	58327	买盘
09:56:01	12.41	--	9	11169	买盘
09:55:57	12.41	--	48	59568	卖盘
09:55:52	12.41	--	3	3723	卖盘
09:55:46	12.41	-0.01	16	19856	卖盘
09:55:42	12.42	--	71	88182	买盘
09:55:37	12.42	0.01	4	4968	买盘
09:55:27	12.41	0.02	70	86870	卖盘
09:55:22	12.39	-0.04	1015	1257585	卖盘
09:55:16	12.43	--	15	18645	买盘
09:55:12	12.43	0.01	208	258544	买盘
09:55:07	12.42	--	3	3726	买盘
09:55:01	12.42	0.02	48	59616	中性盘
09:54:57	12.4	--	5	6200	卖盘
09:54:52	12.4	-0.02	128	158720	卖盘
09:54:46	12.42	0.01	10	12420	中性盘
09:54:41	12.41	0.01	13	16133	中性盘
09:54:36	12.4	--	317	393080	卖盘
09:54:31	12.4	-0.01	66	81840	卖盘
09:54:26	12.41	0.01	10	12410	买盘
09:54:22	12.4	-0.01	30	37200	卖盘
09:54:16	12.41	-0.01	82	101762	卖盘
09:54:12	12.42	0.01	14	17388	买盘
09:54:07	12.41	--	39	48399	买盘
09:54:01	12.41	-0.01	3	3723	中性盘
09:53:57	12.42	0.02	64	79488	买盘
09:53:52	12.4	-0.02	134	166160	卖盘
09:53:46	12.42	0.01	15	18630	买盘
09:53:37	12.41	-0.01	486	603138	卖盘
09:53:30	12.42	--	42	52164	卖盘
09:53:27	12.42	--	20	24840	卖盘
09:53:22	12.42	--	15	18630	卖盘
09:53:16	12.42	--	20	24840	卖盘
09:53:12	12.42	--	23	28566	卖盘
09:53:06	12.42	0.01	56	69552	中性盘
09:53:01	12.41	-0.02	9	11169	卖盘
09:52:52	12.43	0.02	30	37290	买盘
09:52:46	12.41	--	118	146438	卖盘
09:52:41	12.41	--	5	6205	买盘
09:52:37	12.41	--	50	62050	买盘
09:52:31	12.41	0.01	6	7446	卖盘
09:52:26	12.4	--	0	0	卖盘
09:52:21	12.4	-0.01	347	430280	卖盘
09:52:06	12.41	0.01	325	403325	买盘
09:52:01	12.4	--	336	416640	卖盘
09:51:56	12.4	--	38	47120	卖盘
09:51:52	12.4	0.01	19	23560	中性盘
09:51:46	12.39	-0.01	215	266385	卖盘
09:51:42	12.4	--	54	66960	买盘
09:51:36	12.4	0.01	56	69440	买盘
09:51:31	12.39	--	49	60711	卖盘
09:51:26	12.39	0.01	50	61950	中性盘
09:51:21	12.38	-0.01	748	926024	卖盘
09:51:16	12.39	-0.01	119	147441	卖盘
09:51:09	12.4	0.01	50	62000	买盘
09:51:06	12.39	0.01	30	37170	中性盘
09:51:01	12.38	-0.02	90	111420	卖盘
09:50:55	12.4	--	24	29760	买盘
09:50:51	12.4	--	567	703080	卖盘
09:50:46	12.4	-0.01	140	173600	卖盘
09:50:40	12.41	--	28	34748	买盘
09:50:36	12.41	--	152	188632	买盘
09:50:31	12.41	--	49	60809	买盘
09:50:25	12.41	--	102	126582	卖盘
09:50:21	12.41	--	154	191114	卖盘
09:50:16	12.41	--	309	383469	卖盘
09:50:10	12.41	--	18	22338	卖盘
09:50:06	12.41	--	127	157607	卖盘
09:50:01	12.41	-0.01	17	21097	卖盘
09:49:55	12.42	--	858	1065636	卖盘
09:49:51	12.42	-0.02	308	382536	卖盘
09:49:46	12.44	0.01	52	64688	买盘
09:49:39	12.43	--	28	34804	卖盘
09:49:36	12.43	--	47	58421	卖盘
09:49:31	12.43	-0.01	20	24860	卖盘
09:49:25	12.44	--	11	13684	买盘
09:49:21	12.44	-0.01	53	65944	卖盘
09:49:15	12.45	0.01	35	43575	买盘
09:49:09	12.44	--	16	19904	卖盘
09:49:06	12.44	--	10	12440	卖盘
09:49:00	12.44	-0.01	140	174160	卖盘
09:48:55	12.45	0.01	1	1245	卖盘
09:48:51	12.44	-0.01	68	84592	卖盘
09:48:46	12.45	0.01	149	185505	买盘
09:48:40	12.44	-0.01	10	12440	卖盘
09:48:36	12.45	--	21	26145	买盘
09:48:31	12.45	0.01	10	12450	买盘
09:48:25	12.44	-0.01	25	31100	卖盘
09:48:21	12.45	--	64	79680	买盘
09:48:16	12.45	0.01	3	3735	买盘
09:48:10	12.44	-0.01	4	4976	卖盘
09:48:06	12.45	--	2	2490	买盘
09:48:01	12.45	--	170	211650	买盘
09:47:55	12.45	--	13	16184	买盘
09:47:51	12.45	0.01	1	1245	买盘
09:47:46	12.44	--	13	17403	卖盘
09:47:40	12.44	--	38	47272	卖盘
09:47:31	12.44	-0.01	6	7464	中性盘
09:47:25	12.45	0.01	148	184260	买盘
09:47:21	12.44	--	93	115692	买盘
09:47:16	12.44	--	28	34832	买盘
09:47:10	12.44	--	18	22392	买盘
09:47:06	12.44	--	17	21148	卖盘
09:47:00	12.44	0.01	33	41052	中性盘
09:46:55	12.43	-0.01	39	48477	卖盘
09:46:51	12.44	0.01	16	19904	卖盘
09:46:46	12.43	-0.01	20	24860	卖盘
09:46:40	12.44	--	317	394348	买盘
09:46:35	12.44	--	14	17416	买盘
09:46:30	12.44	--	158	196552	卖盘
09:46:25	12.44	--	47	58468	卖盘
09:46:21	12.44	--	100	124400	卖盘
09:46:16	12.44	-0.01	108	134352	卖盘
09:46:10	12.45	--	17	21165	买盘
09:46:06	12.45	--	10	12450	买盘
09:45:55	12.45	--	42	52290	买盘
09:45:45	12.45	--	214	266430	买盘
09:45:40	12.45	-0.01	78	97110	卖盘
09:45:36	12.46	0.01	14	17444	买盘
09:45:30	12.45	-0.01	102	126990	卖盘
09:45:25	12.46	--	26	32396	买盘
09:45:20	12.46	0.01	64	79744	买盘
09:45:16	12.45	-0.01	21	26145	卖盘
09:45:10	12.46	--	30	37380	卖盘
09:45:05	12.46	--	21	26166	卖盘
09:45:00	12.46	--	15	18690	卖盘
09:44:55	12.46	0.01	86	107156	买盘
09:44:45	12.45	--	40	49800	买盘
09:44:40	12.45	-0.01	598	744510	卖盘
09:44:30	12.46	--	381	474726	买盘
09:44:25	12.46	--	5	6230	买盘
09:44:19	12.46	--	7	8722	买盘
09:44:15	12.46	-0.01	228	284088	卖盘
09:44:10	12.47	--	48	59856	卖盘
09:44:04	12.47	0.01	248	309256	买盘
09:43:55	12.46	-0.01	118	147028	卖盘
09:43:45	12.47	--	79	98513	买盘
09:43:40	12.47	--	191	238177	卖盘
09:43:30	12.47	-0.01	57	71079	卖盘
09:43:25	12.48	0.01	44	54912	买盘
09:43:15	12.47	--	16	19952	卖盘
09:43:10	12.47	-0.01	15	18705	卖盘
09:43:04	12.48	0.02	2	2496	买盘
09:43:00	12.46	--	21	26166	卖盘
09:42:55	12.46	--	0	0	卖盘
09:42:49	12.46	--	5	6230	卖盘
09:42:45	12.46	-0.01	104	129584	卖盘
09:42:40	12.47	-0.01	40	49880	中性盘
09:42:34	12.48	0.01	100	124800	买盘
09:42:30	12.47	0.01	11	13717	买盘
09:42:25	12.46	-0.02	30	37380	卖盘
09:42:19	12.48	--	148	184704	买盘
09:42:15	12.48	0.01	10	12480	买盘
09:42:10	12.47	--	108	134676	卖盘
09:42:04	12.47	--	12	14964	买盘
09:41:59	12.47	0.01	337	420239	买盘
09:41:55	12.46	-0.01	125	155750	卖盘
09:41:49	12.47	0.01	69	86043	买盘
09:41:45	12.46	--	9	11214	卖盘
09:41:40	12.46	--	213	265398	卖盘
09:41:34	12.46	--	57	71022	卖盘
09:41:30	12.46	--	213	265398	买盘
09:41:25	12.46	0.01	15	18690	买盘
09:41:15	12.45	-0.01	17	21165	卖盘
09:41:10	12.46	0.01	16	19936	买盘
09:41:04	12.45	0.01	8	9960	买盘
09:40:55	12.44	-0.02	102	126888	卖盘
09:40:49	12.46	0.01	13	16198	中性盘
09:40:45	12.45	--	115	143175	卖盘
09:40:39	12.45	--	52	64739	卖盘
09:40:34	12.45	--	28	34860	卖盘
09:40:30	12.45	--	17	21165	卖盘
09:40:24	12.45	--	12	14940	卖盘
09:40:15	12.45	-0.01	1002	1247490	卖盘
09:40:09	12.46	-0.01	37	46102	卖盘
09:39:54	12.47	--	3	3741	买盘
09:39:49	12.47	--	25	31175	买盘
09:39:44	12.47	--	47	58609	卖盘
09:39:39	12.47	--	10	12470	卖盘
09:39:29	12.47	--	10	12470	卖盘
09:39:19	12.47	-0.01	41	51127	卖盘
09:39:09	12.48	0.01	11	13728	卖盘
09:39:04	12.47	-0.01	218	271846	卖盘
09:38:59	12.48	--	6	7488	买盘
09:38:54	12.48	--	127	158496	买盘
09:38:49	12.48	-0.01	31	38688	卖盘
09:38:44	12.49	0.01	63	78687	买盘
09:38:39	12.48	-0.01	10	12480	卖盘
09:38:33	12.49	--	0	0	买盘
09:38:28	12.49	0.02	7	8743	中性盘
09:38:24	12.47	-0.02	474	591078	卖盘
09:38:19	12.49	0.01	17	21233	买盘
09:38:13	12.48	-0.01	100	124800	卖盘
09:38:09	12.49	--	9	11241	买盘
09:38:04	12.49	--	41	51209	买盘
09:37:58	12.49	--	7	8743	买盘
09:37:54	12.49	0.01	32	39968	买盘
09:37:49	12.48	--	36	44928	卖盘
09:37:43	12.48	0.01	173	215904	买盘
09:37:39	12.47	--	258	321726	卖盘
09:37:34	12.47	--	45	56115	卖盘
09:37:24	12.47	--	1	1247	卖盘
09:37:19	12.47	--	172	214484	买盘
09:37:13	12.47	0.01	27	33669	买盘
09:37:09	12.46	--	157	195622	卖盘
09:37:04	12.46	--	97	120862	卖盘
09:36:58	12.46	--	33	41118	卖盘
09:36:54	12.46	--	20	24920	卖盘
09:36:39	12.46	0.01	4	4984	买盘
09:36:34	12.45	-0.02	5	6225	卖盘
09:36:28	12.47	0.02	283	352901	买盘
09:36:24	12.45	--	0	0	卖盘
09:36:19	12.45	-0.02	150	186750	卖盘
09:36:13	12.47	0.01	30	37410	买盘
09:36:09	12.46	-0.01	42	52332	卖盘
09:36:04	12.47	0.02	52	64844	买盘
09:35:58	12.45	-0.01	85	105825	卖盘
09:35:54	12.46	--	10	12460	买盘
09:35:49	12.46	--	7	8722	买盘
09:35:39	12.46	-0.01	145	180670	卖盘
09:35:34	12.47	--	20	24940	买盘
09:35:28	12.47	--	54	67338	买盘
09:35:23	12.47	--	8	9976	买盘
09:35:19	12.47	--	186	231942	卖盘
09:35:13	12.47	--	61	76067	卖盘
09:34:58	12.47	--	37	46139	买盘
09:34:48	12.47	--	244	304268	买盘
09:34:43	12.47	0.01	113	140911	买盘
09:34:38	12.46	-0.01	58	72268	卖盘
09:34:28	12.47	0.01	10	12470	买盘
09:34:23	12.46	--	30	37380	卖盘
09:34:13	12.46	--	62	77252	卖盘
09:34:09	12.46	-0.01	22	27412	卖盘
09:34:03	12.47	0.01	10	12470	买盘
09:33:58	12.46	--	51	63546	卖盘
09:33:48	12.46	--	23	28658	卖盘
09:33:43	12.46	0.01	48	59808	买盘
09:33:33	12.45	--	50	62250	卖盘
09:33:28	12.45	--	86	107070	卖盘
09:33:18	12.45	--	2	2490	卖盘
09:33:13	12.45	--	10	12450	卖盘
09:33:08	12.45	--	82	102090	买盘
09:33:03	12.45	--	12	14940	买盘
09:32:57	12.45	--	125	155625	买盘
09:32:53	12.45	--	9	11205	卖盘
09:32:48	12.45	--	5	6225	买盘
09:32:43	12.45	--	80	99600	买盘
09:32:38	12.45	--	65	80925	买盘
09:32:33	12.45	-0.02	58	72210	卖盘
09:32:28	12.47	--	25	31175	买盘
09:32:18	12.47	-0.01	183	228201	卖盘
09:32:13	12.48	--	11	13728	卖盘
09:32:07	12.48	-0.01	45	56160	卖盘
09:32:03	12.49	--	3	3747	买盘
09:31:52	12.49	--	15	18735	买盘
09:31:48	12.49	0.01	38	47462	买盘
09:31:43	12.48	--	4	4992	卖盘
09:31:33	12.48	-0.01	3	3744	卖盘
09:31:28	12.49	--	20	24980	买盘
09:31:22	12.49	-0.01	20	24980	卖盘
09:31:18	12.5	0.01	46	57500	买盘
09:31:13	12.49	-0.01	20	24980	卖盘
09:31:03	12.5	--	42	52500	买盘
09:30:58	12.5	--	5	6250	买盘
09:30:52	12.5	--	10	12500	买盘
09:30:48	12.5	-0.02	176	220000	卖盘
09:30:42	12.52	--	58	72616	买盘
09:30:37	12.52	0.02	209	261668	买盘
09:30:33	12.5	-0.03	11	13750	卖盘
09:30:22	12.53	--	0	0	买盘
09:30:17	12.53	0.02	29	36337	买盘
09:30:06	12.51	0.01	173	216423	中性盘
09:30:02	12.5	0.02	1	1250	买盘
09:28:52	12.48	--	0	0	卖盘
09:25:05	12.48	12.48	162	202176	买盘
