成交时间	成交价	价格变动	成交量(手)	成交额(元)	性质
15:00:00	9.84	--	0	0	中性盘
15:00:00	9.84	-0.03	0	0	中性盘
14:59:53	9.87	--	0	0	买盘
14:59:44	9.87	--	0	0	买盘
14:59:29	9.87	0.07	100	98699	买盘
14:59:23	9.8	-0.06	95	93835	卖盘
14:59:19	9.86	0.05	118	116594	买盘
14:59:08	9.81	--	44	43164	买盘
14:58:59	9.81	--	9	8829	买盘
14:58:34	9.81	0.01	8	7848	买盘
14:58:29	9.8	-0.01	15	14700	卖盘
14:58:23	9.81	--	10	9810	买盘
14:58:14	9.81	--	11	10791	买盘
14:57:59	9.81	--	90	88290	买盘
14:57:49	9.81	--	13	12753	买盘
14:57:44	9.81	--	12	11772	买盘
14:57:38	9.81	--	25	24525	买盘
14:57:19	9.81	--	2	1962	买盘
14:56:59	9.81	--	5	4905	买盘
14:56:44	9.81	-0.05	283	277623	卖盘
14:56:29	9.86	--	8	7888	买盘
14:55:49	9.86	--	0	0	买盘
14:55:44	9.86	--	40	39440	买盘
14:55:29	9.86	--	0	0	买盘
14:55:19	9.86	0.04	6	5916	买盘
14:55:14	9.82	--	0	0	卖盘
14:55:04	9.82	--	0	0	卖盘
14:54:59	9.82	--	0	0	卖盘
14:54:53	9.82	--	0	0	卖盘
14:54:28	9.82	-0.04	6	5892	卖盘
14:54:08	9.86	-0.01	174	171564	卖盘
14:53:58	9.87	0.01	91	89817	买盘
14:52:58	9.86	--	6	5916	卖盘
14:52:43	9.86	--	4	3944	卖盘
14:52:38	9.86	0.04	16	15776	卖盘
14:52:17	9.82	--	0	0	卖盘
14:52:08	9.82	-0.05	28	27496	卖盘
14:51:02	9.87	--	19	18753	卖盘
14:50:58	9.87	--	13	12830	卖盘
14:50:32	9.87	--	32	31583	卖盘
14:50:28	9.87	--	10	9870	卖盘
14:50:08	9.87	--	23	22701	卖盘
14:49:58	9.87	0.02	113	111530	买盘
14:49:32	9.85	--	98	96530	卖盘
14:48:58	9.85	0.03	133	131005	买盘
14:48:07	9.82	--	40	39280	买盘
14:48:02	9.82	--	10	9820	买盘
14:46:47	9.82	--	238	233716	卖盘
14:46:07	9.82	--	20	19640	卖盘
14:45:52	9.82	--	0	0	卖盘
14:45:32	9.82	-0.01	200	196400	卖盘
14:45:07	9.83	--	18	17694	买盘
14:44:52	9.83	--	5	4915	买盘
14:44:32	9.83	--	10	9830	买盘
14:44:17	9.83	--	1	983	买盘
14:44:11	9.83	0.01	26	25558	买盘
14:44:07	9.82	-0.01	20	19640	卖盘
14:43:07	9.83	0.01	5	4915	买盘
14:43:02	9.82	--	35	34370	卖盘
14:42:37	9.82	-0.01	50	49100	卖盘
14:42:02	9.83	-0.01	135	132705	卖盘
14:41:47	9.84	--	6	5904	卖盘
14:41:41	9.84	--	11	10824	卖盘
14:41:26	9.84	--	1	984	买盘
14:41:16	9.84	--	99	97416	卖盘
14:41:05	9.84	-0.01	19	18696	卖盘
14:40:41	9.85	--	34	33490	卖盘
14:40:35	9.85	--	9	8865	卖盘
14:40:31	9.85	--	100	98500	卖盘
14:39:26	9.85	-0.01	13	12805	卖盘
14:38:56	9.86	0.01	72	70992	买盘
14:38:05	9.85	--	88	86680	卖盘
14:38:01	9.85	--	50	49250	卖盘
14:37:11	9.85	-0.01	2	1970	卖盘
14:36:46	9.86	0.01	3	2958	卖盘
14:35:56	9.85	--	0	0	卖盘
14:35:20	9.85	--	39	38415	买盘
14:33:20	9.85	--	4	3940	买盘
14:31:55	9.85	--	22	21670	买盘
14:31:10	9.85	0.01	27	26595	买盘
14:30:50	9.84	-0.01	9	8856	卖盘
14:30:14	9.85	--	23	22655	卖盘
14:29:24	9.85	-0.02	17	16745	卖盘
14:28:44	9.87	--	0	0	买盘
14:28:19	9.87	0.03	1	986	买盘
14:27:44	9.84	-0.03	2	1968	卖盘
14:27:34	9.87	0.01	240	236879	买盘
14:27:14	9.86	--	0	0	卖盘
14:26:44	9.86	0.01	46	45356	中性盘
14:26:38	9.85	--	0	0	卖盘
14:26:14	9.85	0.01	6	5910	买盘
14:24:59	9.84	0.01	274	269616	买盘
14:24:53	9.83	--	18	17694	卖盘
14:24:04	9.83	-0.01	17	16711	卖盘
14:23:34	9.84	0.01	19	18696	买盘
14:22:53	9.83	--	38	37354	卖盘
14:22:43	9.83	--	37	36371	买盘
14:22:38	9.83	--	20	19660	买盘
14:22:23	9.83	--	97	95351	买盘
14:22:17	9.83	--	20	19660	买盘
14:22:13	9.83	--	1	983	买盘
14:21:58	9.83	--	5	4915	买盘
14:21:53	9.83	--	13	12779	卖盘
14:21:02	9.83	--	4	3932	卖盘
14:20:47	9.83	--	62	60946	卖盘
14:20:17	9.83	--	66	64878	买盘
14:20:13	9.83	--	20	19660	买盘
14:20:08	9.83	--	110	108130	卖盘
14:19:53	9.83	--	28	27524	卖盘
14:18:17	9.83	--	30	29490	卖盘
14:18:08	9.83	-0.01	274	269342	卖盘
14:18:02	9.84	--	40	39360	买盘
14:17:28	9.84	--	11	10824	买盘
14:17:13	9.84	0.01	15	14760	卖盘
14:16:42	9.83	--	0	0	卖盘
14:16:02	9.83	-0.04	193	189719	卖盘
14:15:52	9.87	--	0	0	买盘
14:15:17	9.87	--	13	12830	买盘
14:15:07	9.87	0.03	26	25661	买盘
14:14:52	9.84	--	21	20664	买盘
14:14:47	9.84	--	70	68880	买盘
14:14:37	9.84	--	40	39360	买盘
14:14:26	9.84	--	10	9840	买盘
14:14:11	9.84	--	71	69864	买盘
14:14:07	9.84	--	8	7872	卖盘
14:13:37	9.84	--	12	11808	买盘
14:13:32	9.84	0.01	7	6888	买盘
14:13:26	9.83	--	8	7864	买盘
14:13:22	9.83	--	12	11796	卖盘
14:12:32	9.83	--	50	49150	卖盘
14:12:07	9.83	--	4	3932	卖盘
14:10:46	9.83	--	38	37354	买盘
14:08:01	9.83	0.01	1	983	买盘
14:05:46	9.82	--	0	9	卖盘
14:04:56	9.82	-0.01	52	51064	卖盘
14:04:20	9.83	--	5	4915	买盘
14:01:50	9.83	--	60	58980	买盘
14:01:25	9.83	--	27	26541	买盘
14:01:10	9.83	--	4	3932	买盘
14:00:55	9.83	--	10	9830	买盘
14:00:50	9.83	--	361	354863	卖盘
14:00:05	9.83	-0.01	25	24575	卖盘
13:59:44	9.84	--	18	17712	买盘
13:59:20	9.84	--	98	96432	买盘
13:58:59	9.84	--	10	9840	买盘
13:58:55	9.84	-0.01	57	56088	卖盘
13:57:50	9.85	--	41	40385	买盘
13:57:44	9.85	-0.02	37	36445	卖盘
13:57:40	9.87	0.02	49	48362	买盘
13:56:34	9.85	--	173	170405	买盘
13:56:19	9.85	--	200	197000	买盘
13:55:04	9.85	--	72	70920	买盘
13:54:59	9.85	--	0	0	买盘
13:54:49	9.85	--	2	1970	买盘
13:54:19	9.85	--	0	0	买盘
13:52:59	9.85	--	60	59100	买盘
13:52:44	9.85	--	7	6895	卖盘
13:52:14	9.85	0.01	25	24625	买盘
13:51:44	9.84	0.02	3	2952	买盘
13:51:08	9.82	--	0	0	中性盘
13:50:53	9.82	--	13	12766	卖盘
13:50:18	9.82	-0.02	10	9820	卖盘
13:50:03	9.84	--	5	4920	买盘
13:49:53	9.84	-0.01	62	61008	卖盘
13:49:28	9.85	--	560	551600	买盘
13:49:03	9.85	-0.02	4	3940	卖盘
13:48:53	9.87	--	67	66129	买盘
13:48:38	9.87	0.02	36	35532	买盘
13:46:43	9.85	--	4	3940	卖盘
13:46:12	9.85	--	7	6895	买盘
13:45:42	9.85	--	13	12805	卖盘
13:45:23	9.85	--	20	19700	卖盘
13:43:47	9.85	-0.02	1	985	卖盘
13:42:43	9.87	--	10	9870	买盘
13:42:22	9.87	--	17	16779	买盘
13:42:02	9.87	-0.01	660	651420	卖盘
13:41:42	9.88	0.01	11	10868	买盘
13:41:27	9.87	--	40	39480	卖盘
13:41:22	9.87	--	98	96725	卖盘
13:40:17	9.87	--	0	0	卖盘
13:39:26	9.87	-0.01	7	6908	卖盘
13:39:21	9.88	--	5	4940	买盘
13:39:11	9.88	--	15	14820	买盘
13:39:02	9.88	--	5	4940	买盘
13:38:36	9.88	--	1	988	买盘
13:38:26	9.88	--	2	1976	买盘
13:38:17	9.88	0.01	1	988	买盘
13:37:47	9.87	--	30	29609	卖盘
13:37:41	9.87	--	1	986	卖盘
13:37:01	9.87	-0.01	162	159894	卖盘
13:36:51	9.88	0.01	820	810160	买盘
13:36:16	9.87	--	127	125348	买盘
13:35:46	9.87	0.01	20	19740	买盘
13:34:26	9.86	--	1	986	卖盘
13:34:11	9.86	--	1	986	买盘
13:33:46	9.86	-0.01	1	986	卖盘
13:32:15	9.87	--	25	24674	卖盘
13:32:11	9.87	--	20	19740	卖盘
13:31:20	9.87	--	25	24674	买盘
13:29:10	9.87	--	117	115478	买盘
13:28:45	9.87	--	22	21714	买盘
13:28:40	9.87	-0.01	25	24674	卖盘
13:28:10	9.88	0.01	10	9880	买盘
13:27:35	9.87	--	17	16779	卖盘
13:26:40	9.87	0.01	10	9870	卖盘
13:25:50	9.86	--	0	0	卖盘
13:25:05	9.86	-0.02	2	1972	卖盘
13:24:59	9.88	--	25	24700	买盘
13:24:50	9.88	--	1	988	买盘
13:24:35	9.88	--	70	69160	买盘
13:22:39	9.88	--	0	0	买盘
13:22:34	9.88	--	0	0	买盘
13:22:29	9.88	0.01	5	4940	买盘
13:22:19	9.87	--	0	0	卖盘
13:21:44	9.87	-0.01	12	11843	卖盘
13:21:39	9.88	--	100	98800	买盘
13:20:14	9.88	0.01	200	197600	买盘
13:19:59	9.87	-0.01	1	986	卖盘
13:19:34	9.88	--	79	78052	买盘
13:19:14	9.88	--	200	197600	买盘
13:19:04	9.88	--	22	21736	买盘
13:18:18	9.88	--	24	23712	买盘
13:17:48	9.88	--	15	14820	买盘
13:16:38	9.88	0.01	17	16796	买盘
13:15:38	9.87	--	5	4935	卖盘
13:15:33	9.87	--	1	986	卖盘
13:13:38	9.87	--	9	8883	买盘
13:13:23	9.87	-0.01	21	20727	卖盘
13:12:13	9.88	--	6	5928	卖盘
13:11:23	9.88	0.01	4	3952	买盘
13:10:42	9.87	0.02	9	8883	买盘
13:08:27	9.85	0.01	16	15760	买盘
13:04:36	9.84	--	2	1968	卖盘
13:04:21	9.84	--	6	5904	卖盘
13:04:01	9.84	--	15	14760	卖盘
13:03:06	9.84	--	2	1968	卖盘
13:03:01	9.84	--	2	1968	卖盘
13:00:05	9.84	--	0	669	买盘
11:30:00	9.84	--	0	0	买盘
11:30:00	9.84	--	0	0	买盘
11:28:42	9.84	--	9	8856	买盘
11:28:01	9.84	0.03	1	984	买盘
11:26:25	9.81	-0.03	12	11772	卖盘
11:25:36	9.84	--	27	26882	卖盘
11:25:01	9.84	0.01	41	40344	买盘
11:24:31	9.83	--	26	26226	买盘
11:23:06	9.83	--	12	12110	卖盘
11:22:36	9.83	0.01	54	53750	买盘
11:22:31	9.82	--	0	0	卖盘
11:22:25	9.82	--	8	7856	卖盘
11:22:01	9.82	--	0	0	中性盘
11:21:31	9.82	--	0	0	买盘
11:21:21	9.82	--	4	3928	卖盘
11:21:16	9.82	--	5	4910	卖盘
11:20:40	9.82	--	3	2946	卖盘
11:19:15	9.82	--	5	4910	卖盘
11:19:10	9.82	-0.01	10	9820	卖盘
11:17:25	9.83	--	4	4246	卖盘
11:16:00	9.83	0.01	9	9515	中性盘
11:14:45	9.82	-0.02	10	9820	卖盘
11:14:15	9.84	0.01	1	984	买盘
11:13:13	9.83	0.01	56	55048	买盘
11:12:24	9.82	--	0	0	卖盘
11:12:04	9.82	-0.01	3	2946	卖盘
11:11:58	9.83	--	0	0	买盘
11:11:34	9.83	--	16	15728	买盘
11:11:24	9.83	-0.01	3	2949	卖盘
11:11:04	9.84	-0.01	117	115128	卖盘
11:10:49	9.85	--	12	11820	买盘
11:10:04	9.85	--	49	48265	卖盘
11:09:49	9.85	--	3	2955	卖盘
11:09:39	9.85	-0.03	30	29550	卖盘
11:08:54	9.88	--	0	0	买盘
11:08:43	9.88	--	0	0	买盘
11:08:24	9.88	--	0	0	买盘
11:08:09	9.88	0.04	13	12844	买盘
11:05:48	9.84	-0.04	5	4920	卖盘
11:03:13	9.88	0.01	45	44460	买盘
11:02:58	9.87	--	2	1973	卖盘
11:02:07	9.87	-0.01	10	9870	卖盘
11:00:27	9.88	--	13	12844	卖盘
11:00:16	9.88	--	10	9880	卖盘
10:59:57	9.88	--	28	27664	卖盘
10:59:52	9.88	--	32	31616	买盘
10:59:22	9.88	--	0	0	买盘
10:58:42	9.88	--	37	36556	买盘
10:58:27	9.88	--	23	22724	买盘
10:58:22	9.88	0.01	20	19760	买盘
10:57:57	9.87	--	5	4935	买盘
10:57:46	9.87	--	4	3947	卖盘
10:57:22	9.87	--	6	5921	卖盘
10:57:16	9.87	--	30	29609	买盘
10:56:57	9.87	-0.01	42	41454	买盘
10:55:42	9.88	--	0	0	买盘
10:55:12	9.88	--	5	4940	买盘
10:55:07	9.88	--	19	18772	买盘
10:55:01	9.88	--	1	988	买盘
10:54:57	9.88	0.04	41	40508	买盘
10:54:52	9.84	--	10	9840	买盘
10:54:37	9.84	-0.05	10	9840	卖盘
10:54:31	9.89	--	3	2967	买盘
10:54:07	9.89	--	21	20769	买盘
10:53:55	9.89	--	12	11868	买盘
10:53:52	9.89	0.01	20	19780	买盘
10:53:31	9.88	--	0	0	买盘
10:53:21	9.88	--	21	20748	买盘
10:53:01	9.88	0.01	21	20748	买盘
10:52:51	9.87	0.02	21	20727	买盘
10:52:46	9.85	-0.02	60	59415	卖盘
10:52:36	9.87	0.01	33	32570	买盘
10:52:31	9.86	0.01	21	20706	买盘
10:51:55	9.85	--	21	21354	买盘
10:51:46	9.85	--	25	24625	买盘
10:51:16	9.85	--	36	35460	买盘
10:50:51	9.85	--	15	14775	买盘
10:50:46	9.85	0.02	25	24625	买盘
10:50:40	9.83	-0.01	12	11796	卖盘
10:49:21	9.84	--	1	984	买盘
10:48:10	9.84	--	1	984	买盘
10:48:01	9.84	0.01	1	984	买盘
10:47:49	9.83	--	77	75691	买盘
10:47:30	9.83	--	30	29490	买盘
10:47:00	9.83	--	1	983	买盘
10:46:49	9.83	--	12	11796	买盘
10:44:34	9.83	--	3	2949	买盘
10:44:30	9.83	--	28	27524	卖盘
10:44:10	9.83	-0.01	35	34405	卖盘
10:44:04	9.84	--	3	2952	买盘
10:43:34	9.84	--	3	2952	买盘
10:43:04	9.84	0.01	12	11808	买盘
10:43:00	9.83	--	0	0	买盘
10:42:34	9.83	--	3	2949	买盘
10:42:04	9.83	--	3	2949	买盘
10:41:34	9.83	--	2	1966	买盘
10:41:04	9.83	--	3	2949	买盘
10:40:49	9.83	0.01	21	20643	买盘
10:40:39	9.82	-0.01	20	19640	卖盘
10:40:34	9.83	0.01	3	2949	买盘
10:40:28	9.82	--	15	14730	卖盘
10:40:19	9.82	--	18	17676	买盘
10:40:04	9.82	--	3	2946	买盘
10:39:54	9.82	--	0	0	买盘
10:39:34	9.82	--	3	2946	买盘
10:39:04	9.82	--	3	2946	买盘
10:38:34	9.82	-0.03	3	2946	买盘
10:38:09	9.85	--	0	0	买盘
10:38:04	9.85	0.02	3	2955	买盘
10:37:54	9.83	--	20	19660	买盘
10:37:34	9.83	-0.01	3	2949	买盘
10:37:19	9.84	--	0	0	中性盘
10:37:04	9.84	0.05	3	2952	买盘
10:36:54	9.79	-0.04	32	31327	卖盘
10:36:39	9.83	--	13	12779	买盘
10:36:34	9.83	--	3	2949	买盘
10:36:04	9.83	--	3	2949	买盘
10:35:34	9.83	--	3	2949	买盘
10:35:04	9.83	0.02	3	2949	买盘
10:34:52	9.81	-0.02	3	2943	卖盘
10:34:33	9.83	--	3	2949	买盘
10:34:28	9.83	--	0	0	买盘
10:34:03	9.83	--	2	1966	买盘
10:33:52	9.83	--	1	983	买盘
10:33:48	9.83	--	0	0	买盘
10:33:33	9.83	--	3	2949	买盘
10:33:03	9.83	-0.01	3	2949	买盘
10:32:52	9.84	--	0	0	买盘
10:32:33	9.84	--	3	2952	买盘
10:32:13	9.84	--	0	0	买盘
10:32:03	9.84	--	3	2952	买盘
10:31:33	9.84	--	3	2952	买盘
10:31:03	9.84	--	3	2952	买盘
10:30:33	9.84	-0.01	3	2952	买盘
10:30:03	9.85	--	0	0	买盘
10:29:52	9.85	--	4	3940	买盘
10:29:33	9.85	--	0	0	买盘
10:29:22	9.85	0.06	3	2955	买盘
10:28:52	9.79	-0.06	14	13705	卖盘
10:28:22	9.85	0.06	3	2955	买盘
10:27:52	9.79	-0.06	203	198736	卖盘
10:27:22	9.85	--	4	3940	买盘
10:26:52	9.85	0.02	25	24625	买盘
10:26:22	9.83	--	4	3932	买盘
10:26:01	9.83	--	0	0	买盘
10:25:52	9.83	--	3	2949	买盘
10:25:42	9.83	--	1	983	买盘
10:25:37	9.83	--	0	0	买盘
10:25:22	9.83	0.04	129	126807	买盘
10:25:12	9.79	--	0	0	卖盘
10:24:27	9.79	--	10	9790	卖盘
10:23:46	9.79	-0.02	11	10768	卖盘
10:23:22	9.81	--	0	0	买盘
10:22:57	9.81	--	15	14715	买盘
10:22:37	9.81	--	0	0	买盘
10:20:46	9.81	0.03	4	3924	买盘
10:20:36	9.78	--	0	0	卖盘
10:20:31	9.78	-0.03	2	1955	卖盘
10:20:21	9.81	--	0	0	买盘
10:19:36	9.81	--	0	0	买盘
10:18:31	9.81	--	0	0	买盘
10:18:06	9.81	0.04	25	24525	买盘
10:16:55	9.77	-0.05	20	19540	卖盘
10:16:51	9.82	--	0	0	买盘
10:15:51	9.82	--	10	9820	买盘
10:15:40	9.82	--	0	0	中性盘
10:15:25	9.82	--	0	0	买盘
10:14:49	9.82	--	0	0	中性盘
10:14:45	9.82	--	0	0	卖盘
10:14:25	9.82	0.02	1	982	买盘
10:14:19	9.8	--	0	0	卖盘
10:13:49	9.8	--	0	0	中性盘
10:13:45	9.8	--	0	0	卖盘
10:13:19	9.8	0.04	29	28420	买盘
10:12:25	9.76	--	0	0	卖盘
10:12:00	9.76	-0.01	50	48800	卖盘
10:11:49	9.77	0.01	1	977	买盘
10:11:19	9.76	-0.01	51	49776	卖盘
10:11:10	9.77	--	27	26379	买盘
10:10:55	9.77	-0.03	22	21494	卖盘
10:10:19	9.8	0.04	1	980	买盘
10:10:15	9.76	--	55	53680	卖盘
10:10:04	9.76	--	0	0	卖盘
10:10:00	9.76	--	20	19520	卖盘
10:09:55	9.76	--	4	3904	卖盘
10:09:39	9.76	--	50	48800	卖盘
10:09:25	9.76	--	19	18544	买盘
10:09:13	9.76	-0.05	31	30256	卖盘
10:08:54	9.81	0.05	1	981	买盘
10:08:49	9.76	-0.05	185	180560	卖盘
10:08:28	9.81	-0.01	14	13734	卖盘
10:08:24	9.82	--	19	18658	买盘
10:08:09	9.82	--	1	982	买盘
10:07:39	9.82	0.01	3	2946	买盘
10:07:28	9.81	-0.01	2	1962	卖盘
10:07:24	9.82	-0.01	1	982	买盘
10:06:28	9.83	-0.02	4	3932	卖盘
10:06:24	9.85	0.01	3	2955	买盘
10:06:19	9.84	0.01	6	5904	卖盘
10:06:04	9.83	--	0	0	卖盘
10:05:39	9.83	-0.01	50	49150	卖盘
10:05:19	9.84	0.01	12	11808	买盘
10:04:54	9.83	--	2	1966	卖盘
10:02:33	9.83	--	18	17694	卖盘
10:01:43	9.83	-0.01	4	3932	卖盘
10:01:28	9.84	--	5	4920	买盘
10:00:58	9.84	0.01	10	9840	买盘
10:00:28	9.83	--	10	9830	卖盘
09:59:58	9.83	--	14	13762	买盘
09:59:03	9.83	--	2	1966	卖盘
09:58:48	9.83	--	3	2949	卖盘
09:58:43	9.83	--	2	1966	买盘
09:58:33	9.83	--	0	0	买盘
09:58:18	9.83	--	0	0	买盘
09:57:58	9.83	--	8	7864	卖盘
09:57:42	9.83	--	20	19660	买盘
09:57:12	9.83	0.01	5	4915	买盘
09:57:07	9.82	0.01	46	45172	买盘
09:57:03	9.81	--	0	0	卖盘
09:56:57	9.81	--	0	0	卖盘
09:56:37	9.81	--	7	6867	买盘
09:56:27	9.81	--	48	47088	卖盘
09:55:57	9.81	--	5	4905	卖盘
09:55:46	9.81	--	8	7848	卖盘
09:55:37	9.81	-0.01	50	49050	卖盘
09:55:07	9.82	--	10	9820	卖盘
09:54:42	9.82	-0.01	50	49100	卖盘
09:54:27	9.83	-0.01	20	19660	卖盘
09:54:12	9.84	--	30	29520	买盘
09:53:52	9.84	0.01	10	9840	买盘
09:53:42	9.83	--	10	9830	买盘
09:53:22	9.83	--	33	32439	卖盘
09:53:01	9.83	-0.01	7	6881	卖盘
09:52:52	9.84	--	3	2952	买盘
09:52:37	9.84	0.01	10	9840	买盘
09:52:27	9.83	--	0	0	卖盘
09:52:22	9.83	--	31	30473	卖盘
09:52:12	9.83	--	2	1966	卖盘
09:51:57	9.83	-0.01	10	9830	卖盘
09:51:52	9.84	--	4	3936	买盘
09:51:26	9.84	--	10	9840	买盘
09:51:22	9.84	0.01	3	2952	买盘
09:51:16	9.83	-0.01	6	5898	卖盘
09:50:56	9.84	-0.01	15	14760	卖盘
09:50:51	9.85	--	3	2955	买盘
09:50:21	9.85	--	4	3940	买盘
09:49:51	9.85	--	3	2955	买盘
09:49:21	9.85	--	3	2955	买盘
09:49:06	9.85	-0.02	3	2955	卖盘
09:48:51	9.87	--	4	3947	买盘
09:48:21	9.87	--	3	2960	买盘
09:48:10	9.87	--	0	0	买盘
09:47:51	9.87	--	3	2960	买盘
09:47:21	9.87	--	4	3947	买盘
09:47:06	9.87	--	5	4935	买盘
09:46:51	9.87	--	3	2960	买盘
09:46:31	9.87	--	0	0	买盘
09:46:21	9.87	0.04	4	3947	买盘
09:46:16	9.83	-0.04	60	58980	卖盘
09:45:51	9.87	0.04	3	2960	买盘
09:45:30	9.83	--	28	27524	买盘
09:45:21	9.83	--	11	10813	买盘
09:45:10	9.83	0.01	41	40303	买盘
09:45:00	9.82	-0.01	2	1964	卖盘
09:44:50	9.83	--	4	3932	买盘
09:44:19	9.83	--	3	2949	买盘
09:44:15	9.83	-0.01	77	75691	卖盘
09:44:10	9.84	--	3	2952	买盘
09:44:00	9.84	-0.03	14	13776	卖盘
09:43:49	9.87	0.03	3	2960	买盘
09:43:34	9.84	-0.03	15	14760	卖盘
09:43:19	9.87	--	4	3947	买盘
09:42:49	9.87	--	3	2960	买盘
09:42:19	9.87	--	3	2960	买盘
09:41:49	9.87	--	4	3947	买盘
09:41:19	9.87	--	3	2960	买盘
09:40:49	9.87	--	3	2960	买盘
09:40:40	9.87	--	9	8883	买盘
09:40:34	9.87	--	60	59219	买盘
09:40:19	9.87	0.03	4	3947	买盘
09:40:00	9.84	-0.03	1	984	卖盘
09:39:49	9.87	0.03	3	2960	买盘
09:39:19	9.84	--	13	12792	卖盘
09:39:10	9.84	-0.03	18	17712	卖盘
09:38:49	9.87	-0.01	13	12830	买盘
09:38:30	9.88	--	0	0	买盘
09:38:19	9.88	0.04	3	2964	买盘
09:38:14	9.84	-0.04	24	23616	卖盘
09:38:09	9.88	--	5	4940	买盘
09:37:49	9.88	--	14	13832	卖盘
09:37:28	9.88	0.03	9	8892	买盘
09:37:19	9.85	-0.03	10	9850	买盘
09:36:54	9.88	--	8	7904	买盘
09:36:49	9.88	0.03	8	7904	买盘
09:36:39	9.85	--	10	9850	买盘
09:36:19	9.85	0.01	4	3940	买盘
09:35:54	9.84	--	8	7872	买盘
09:35:49	9.84	--	23	22632	买盘
09:35:39	9.84	--	25	24600	卖盘
09:35:19	9.84	0.01	6	5904	买盘
09:34:58	9.83	--	7	6881	卖盘
09:34:54	9.83	-0.01	9	8847	中性盘
09:34:49	9.84	--	9	8856	买盘
09:34:43	9.84	--	8	7872	卖盘
09:34:39	9.84	-0.01	18	17712	卖盘
09:34:19	9.85	0.01	3	2955	买盘
09:34:09	9.84	-0.04	14	13776	卖盘
09:34:04	9.88	--	0	0	买盘
09:33:48	9.88	0.03	3	2964	买盘
09:33:39	9.85	-0.02	10	9850	卖盘
09:33:33	9.87	--	0	0	中性盘
09:33:28	9.87	--	0	0	买盘
09:33:18	9.87	-0.01	4	3947	买盘
09:33:09	9.88	--	0	0	买盘
09:32:58	9.88	--	0	0	买盘
09:32:54	9.88	--	0	0	买盘
09:32:48	9.88	0.04	3	2964	买盘
09:32:28	9.84	--	0	0	卖盘
09:32:23	9.84	-0.04	4	3936	卖盘
09:32:18	9.88	-0.01	3	2964	买盘
09:32:08	9.89	--	0	0	买盘
09:31:48	9.89	-0.01	4	3956	买盘
09:31:37	9.9	--	0	0	买盘
09:31:28	9.9	--	0	0	买盘
09:31:18	9.9	-0.03	4	3960	卖盘
09:31:03	9.93	--	0	0	买盘
09:30:58	9.93	--	5	4965	卖盘
09:30:52	9.93	--	15	14895	买盘
09:30:48	9.93	--	3	2979	买盘
09:30:43	9.93	--	14	13902	买盘
09:30:22	9.93	-0.01	73	72489	卖盘
09:30:18	9.94	0.01	21	20874	买盘
09:30:03	9.93	0.12	130	129090	买盘
09:28:47	9.81	--	0	0	卖盘
09:25:06	9.81	9.81	72	70632	买盘
