成交时间	成交价	价格变动	成交量(手)	成交额(元)	性质
15:00:00	16.15	--	0	0	卖盘
15:00:00	16.15	-0.01	0	0	卖盘
14:59:59	16.16	0.01	47	75952	买盘
14:59:49	16.15	--	2	3229	买盘
14:59:44	16.15	--	2	3229	买盘
14:59:29	16.15	--	43	69445	卖盘
14:59:19	16.15	--	14	22609	买盘
14:59:14	16.15	--	94	152617	买盘
14:59:08	16.15	--	5	8074	买盘
14:58:59	16.15	--	40	64599	买盘
14:58:44	16.15	--	2	3229	买盘
14:58:38	16.15	--	1	1614	买盘
14:58:29	16.15	--	55	88824	卖盘
14:58:19	16.15	--	110	177649	卖盘
14:58:14	16.15	--	1	1614	卖盘
14:57:59	16.15	--	12	19380	卖盘
14:57:49	16.15	--	27	43604	卖盘
14:57:29	16.15	--	31	50064	卖盘
14:57:23	16.15	--	210	339149	买盘
14:57:19	16.15	--	30	48449	买盘
14:57:14	16.15	0.01	1	1614	买盘
14:57:08	16.14	-0.01	10	16140	卖盘
14:57:04	16.15	--	27	43604	买盘
14:56:59	16.15	--	40	64599	买盘
14:56:53	16.15	--	10	16149	买盘
14:56:49	16.15	--	20	32299	买盘
14:56:44	16.15	0.01	40	64599	买盘
14:56:38	16.14	--	30	48420	卖盘
14:56:29	16.14	-0.01	62	100068	卖盘
14:56:23	16.15	0.01	5	8074	买盘
14:56:19	16.14	-0.01	6	9684	卖盘
14:56:14	16.15	--	8	12919	买盘
14:56:08	16.15	--	7	11304	买盘
14:56:04	16.15	--	3	4845	买盘
14:55:58	16.15	--	115	185724	买盘
14:55:53	16.15	--	10	16149	买盘
14:55:43	16.15	--	5	8074	买盘
14:55:38	16.15	--	47	75905	卖盘
14:55:32	16.15	--	3	4845	卖盘
14:55:28	16.15	--	3	4845	卖盘
14:55:23	16.15	--	6	9690	卖盘
14:55:17	16.15	-0.01	3	4845	卖盘
14:55:13	16.16	--	14	22624	买盘
14:54:53	16.16	--	19	30704	买盘
14:54:43	16.16	--	16	25856	买盘
14:54:38	16.16	--	5	8080	买盘
14:54:13	16.16	0.02	23	37168	买盘
14:53:47	16.14	--	70	112980	卖盘
14:53:43	16.14	-0.02	6	9684	卖盘
14:53:28	16.16	0.02	293	473633	买盘
14:53:08	16.14	-0.01	78	125892	卖盘
14:52:53	16.15	0.02	30	48449	买盘
14:52:47	16.13	--	28	46680	买盘
14:52:38	16.13	--	2	3226	买盘
14:52:32	16.13	--	39	63003	卖盘
14:52:28	16.13	--	50	80650	卖盘
14:52:17	16.13	--	21	34679	卖盘
14:52:02	16.13	--	19	30646	卖盘
14:51:58	16.13	-0.01	50	80650	卖盘
14:51:53	16.14	--	1	1614	买盘
14:51:47	16.14	--	9	14526	卖盘
14:51:38	16.14	--	57	91998	买盘
14:51:32	16.14	--	44	71016	卖盘
14:51:28	16.14	--	6	9684	卖盘
14:51:23	16.14	--	22	35508	卖盘
14:51:13	16.14	-0.01	82	132348	卖盘
14:51:08	16.15	--	30	48449	买盘
14:50:58	16.15	0.01	5	8074	买盘
14:50:53	16.14	-0.02	372	600408	卖盘
14:50:43	16.16	--	10	16160	买盘
14:50:38	16.16	--	40	64640	买盘
14:50:32	16.16	--	458	740128	买盘
14:50:23	16.16	-0.01	2	3232	中性盘
14:50:13	16.17	--	319	517294	买盘
14:50:08	16.17	0.01	12	19404	买盘
14:50:02	16.16	--	0	0	卖盘
14:49:58	16.16	-0.01	300	484800	卖盘
14:49:37	16.17	-0.01	500	808500	卖盘
14:49:32	16.18	--	99	160182	卖盘
14:49:26	16.18	--	200	323600	卖盘
14:49:17	16.18	--	77	124586	买盘
14:49:11	16.18	--	2	3236	买盘
14:49:07	16.18	--	12	19416	买盘
14:49:02	16.18	-0.01	409	661762	卖盘
14:48:56	16.19	0.01	15	24285	买盘
14:48:47	16.18	--	22	35596	卖盘
14:48:41	16.18	-0.01	7	11326	卖盘
14:48:37	16.19	--	103	166757	买盘
14:48:32	16.19	0.01	506	819214	买盘
14:48:22	16.18	--	67	108406	买盘
14:48:17	16.18	--	16	25888	买盘
14:48:11	16.18	0.01	3	4854	买盘
14:48:07	16.17	-0.01	23	37191	卖盘
14:48:02	16.18	0.01	516	834888	买盘
14:47:52	16.17	--	10	16170	卖盘
14:47:37	16.17	-0.01	5	8085	卖盘
14:47:32	16.18	--	5	8090	买盘
14:47:26	16.18	0.01	15	24270	买盘
14:47:22	16.17	-0.01	2	3234	卖盘
14:47:17	16.18	0.01	3	4854	买盘
14:47:07	16.17	--	19	30723	卖盘
14:47:02	16.17	--	4	6468	卖盘
14:46:56	16.17	--	10	16170	买盘
14:46:52	16.17	--	10	16170	买盘
14:46:26	16.17	--	3	4851	卖盘
14:46:22	16.17	-0.01	30	48510	卖盘
14:46:17	16.18	--	3	4854	买盘
14:46:07	16.18	0.01	50	80900	买盘
14:46:02	16.17	--	1	1617	卖盘
14:45:56	16.17	--	1	1617	卖盘
14:45:52	16.17	--	11	17787	卖盘
14:45:47	16.17	0.01	77	125576	买盘
14:45:37	16.16	-0.01	11	17776	卖盘
14:45:32	16.17	0.01	197	318549	买盘
14:45:17	16.16	-0.01	5	9033	卖盘
14:45:07	16.17	0.01	105	169785	买盘
14:44:47	16.16	--	234	378952	买盘
14:44:37	16.16	--	11	17776	买盘
14:44:32	16.16	--	8	12928	买盘
14:44:26	16.16	--	5	8080	买盘
14:44:22	16.16	0.01	10	16160	买盘
14:43:52	16.15	--	20	32299	卖盘
14:43:32	16.15	--	149	241442	买盘
14:43:17	16.15	0.01	20	32299	买盘
14:43:07	16.14	--	10	16140	卖盘
14:42:50	16.14	-0.01	3	4842	卖盘
14:42:35	16.15	0.01	5	8074	买盘
14:42:31	16.14	-0.01	8	12912	卖盘
14:42:26	16.15	0.01	3	4845	买盘
14:42:20	16.14	-0.01	3	4842	卖盘
14:42:01	16.15	--	10	16149	买盘
14:41:31	16.15	--	1	1614	买盘
14:41:16	16.15	0.01	100	161500	买盘
14:40:41	16.14	--	6	9684	卖盘
14:39:26	16.14	--	10	16140	卖盘
14:39:16	16.14	--	1	1614	卖盘
14:38:56	16.14	-0.01	10	16140	卖盘
14:38:50	16.15	0.01	10	16149	买盘
14:38:46	16.14	--	100	161400	卖盘
14:38:35	16.14	--	19	30666	卖盘
14:38:31	16.14	0.01	76	122664	买盘
14:38:26	16.13	-0.01	0	32	卖盘
14:38:11	16.14	--	1	1614	买盘
14:37:56	16.14	0.01	1	1614	中性盘
14:37:41	16.13	--	24	39373	卖盘
14:37:31	16.13	--	11	17743	卖盘
14:37:20	16.13	-0.01	55	88715	卖盘
14:37:16	16.14	--	4	6456	卖盘
14:37:11	16.14	--	15	24210	卖盘
14:37:05	16.14	--	54	87172	买盘
14:36:41	16.14	--	74	119436	买盘
14:36:35	16.14	--	127	206575	卖盘
14:36:25	16.14	-0.01	11	17754	卖盘
14:36:20	16.15	--	21	33915	买盘
14:36:14	16.15	0.01	65	104974	买盘
14:36:05	16.14	-0.01	17	27438	卖盘
14:35:40	16.15	--	15	24224	买盘
14:35:35	16.15	--	5	8074	买盘
14:35:05	16.15	0.01	2	3229	买盘
14:34:59	16.14	--	10	16140	卖盘
14:34:55	16.14	--	11	17754	卖盘
14:34:40	16.14	-0.01	3	4842	卖盘
14:34:05	16.15	--	29	46834	卖盘
14:33:59	16.15	-0.01	1	1614	卖盘
14:33:55	16.16	0.01	2	3232	买盘
14:33:50	16.15	--	1	1614	卖盘
14:33:40	16.15	--	28	45219	卖盘
14:33:29	16.15	--	40	64599	买盘
14:33:25	16.15	0.01	50	80750	买盘
14:33:20	16.14	--	27	43578	卖盘
14:33:14	16.14	--	2	3228	卖盘
14:33:10	16.14	--	10	16140	卖盘
14:32:59	16.14	--	48	77472	卖盘
14:32:55	16.14	--	6	9684	卖盘
14:32:35	16.14	-0.01	11	17754	卖盘
14:32:25	16.15	--	25	40375	买盘
14:32:20	16.15	--	29	46834	卖盘
14:32:14	16.15	--	22	35530	卖盘
14:32:05	16.15	--	27	43604	卖盘
14:31:55	16.15	--	5	8074	卖盘
14:31:40	16.15	--	16	25839	卖盘
14:31:35	16.15	--	0	0	卖盘
14:31:29	16.15	-0.01	32	51679	卖盘
14:31:25	16.16	--	15	24240	买盘
14:31:14	16.16	--	4	6464	买盘
14:31:05	16.16	--	42	67872	卖盘
14:30:55	16.16	-0.01	22	35552	卖盘
14:30:50	16.17	--	3	4851	买盘
14:30:20	16.17	--	12	19404	买盘
14:30:05	16.17	--	90	146338	卖盘
14:29:53	16.17	--	11	17787	卖盘
14:29:49	16.17	--	5	8085	卖盘
14:29:44	16.17	--	21	33957	卖盘
14:29:23	16.17	--	10	16170	卖盘
14:29:19	16.17	--	29	46893	卖盘
14:29:04	16.17	0.02	445	720373	买盘
14:28:59	16.15	-0.01	86	138890	卖盘
14:28:34	16.16	0.01	3	4848	买盘
14:28:29	16.15	--	5	8074	卖盘
14:28:08	16.15	--	2	3229	卖盘
14:28:04	16.15	--	52	83979	卖盘
14:27:59	16.15	--	20	32299	卖盘
14:27:44	16.15	--	32	51679	卖盘
14:27:38	16.15	-0.01	2	3229	卖盘
14:27:23	16.16	0.01	20	32320	买盘
14:27:19	16.15	-0.01	51	82365	卖盘
14:27:14	16.16	--	3	4848	买盘
14:27:08	16.16	0.01	3	4848	买盘
14:27:04	16.15	--	1	1614	卖盘
14:26:49	16.15	--	200	323000	买盘
14:26:29	16.15	0.01	51	82365	买盘
14:26:23	16.14	-0.01	11	17754	卖盘
14:26:14	16.15	--	4	6459	买盘
14:26:08	16.15	--	11	17765	买盘
14:26:04	16.15	--	640	1033599	买盘
14:25:14	16.15	--	190	306850	卖盘
14:24:49	16.15	-0.01	12	19380	卖盘
14:24:44	16.16	--	7	11312	买盘
14:24:34	16.16	0.01	24	38784	买盘
14:24:29	16.15	--	12	19380	卖盘
14:24:23	16.15	--	5	8074	卖盘
14:24:14	16.15	--	10	16149	卖盘
14:24:08	16.15	--	9	14534	卖盘
14:23:38	16.15	--	19	30684	卖盘
14:23:23	16.15	--	5	8074	卖盘
14:23:08	16.15	--	7	11304	卖盘
14:22:58	16.15	--	44	71060	卖盘
14:22:53	16.15	--	23	37145	卖盘
14:22:08	16.15	-0.01	1	1614	卖盘
14:21:53	16.16	--	222	359560	卖盘
14:21:38	16.16	--	22	35552	卖盘
14:21:23	16.16	-0.01	3	4848	卖盘
14:21:17	16.17	--	5	8085	买盘
14:21:13	16.17	--	18	29106	买盘
14:21:02	16.17	--	10	16170	买盘
14:20:53	16.17	0.01	1	1617	买盘
14:20:43	16.16	-0.01	100	161600	卖盘
14:20:38	16.17	0.01	2	3234	买盘
14:20:28	16.16	--	11	17776	卖盘
14:20:23	16.16	-0.01	10	16160	卖盘
14:20:17	16.17	0.01	3	4851	买盘
14:20:08	16.16	-0.01	11	17776	卖盘
14:19:58	16.17	0.01	1	1617	买盘
14:19:53	16.16	--	16	25856	卖盘
14:19:47	16.16	-0.01	57	92112	卖盘
14:19:43	16.17	--	3	4851	买盘
14:19:38	16.17	0.01	31	50127	买盘
14:19:23	16.16	--	97	156752	卖盘
14:19:13	16.16	-0.01	11	17776	卖盘
14:19:02	16.17	--	18	29106	买盘
14:18:43	16.17	0.01	2	3234	买盘
14:18:08	16.16	-0.01	24	38784	卖盘
14:18:02	16.17	--	5	8085	买盘
14:17:58	16.17	0.01	20	32340	买盘
14:17:53	16.16	--	17	27472	卖盘
14:17:38	16.16	-0.01	11	17776	卖盘
14:17:17	16.17	0.01	2	3234	买盘
14:17:11	16.16	--	16	26664	卖盘
14:17:07	16.16	-0.01	1	1616	卖盘
14:16:47	16.17	--	13	21021	买盘
14:16:22	16.17	--	175	282975	买盘
14:16:17	16.17	--	16	25872	买盘
14:15:52	16.17	--	3	4851	买盘
14:15:32	16.17	--	3	4851	买盘
14:15:22	16.17	--	5	8085	买盘
14:15:17	16.17	--	19	30723	买盘
14:15:11	16.17	--	5	8085	买盘
14:14:37	16.17	--	35	56595	买盘
14:14:32	16.17	--	5	8085	买盘
14:14:07	16.17	--	7	11319	买盘
14:13:41	16.17	--	10	16170	买盘
14:13:37	16.17	0.01	8	12936	买盘
14:13:26	16.16	--	10	16160	卖盘
14:12:37	16.16	-0.01	11	17776	卖盘
14:12:32	16.17	0.01	6	9702	买盘
14:12:26	16.16	--	30	48480	卖盘
14:12:17	16.16	-0.01	5	8080	卖盘
14:12:11	16.17	--	1	1617	买盘
14:12:07	16.17	--	5	8085	买盘
14:11:51	16.17	0.01	28	45276	买盘
14:11:32	16.16	--	11	17776	卖盘
14:11:01	16.16	-0.01	10	16160	卖盘
14:10:56	16.17	0.01	200	323400	买盘
14:10:31	16.16	-0.01	2	3232	卖盘
14:10:20	16.17	0.01	1	1617	买盘
14:10:11	16.16	--	5	8080	卖盘
14:10:05	16.16	--	12	20345	买盘
14:10:01	16.16	--	2	3232	买盘
14:09:56	16.16	--	10	16160	买盘
14:09:46	16.16	--	10	16160	买盘
14:09:41	16.16	0.01	3	4848	买盘
14:09:35	16.15	-0.02	68	110482	卖盘
14:09:31	16.17	0.01	25	40425	买盘
14:09:16	16.16	--	30	48480	卖盘
14:09:11	16.16	-0.01	26	42016	卖盘
14:09:05	16.17	--	39	63063	买盘
14:09:01	16.17	--	2	3234	买盘
14:08:46	16.17	--	15	24255	买盘
14:08:41	16.17	--	17	27489	买盘
14:08:20	16.17	0.01	82	132594	买盘
14:08:11	16.16	--	11	17776	卖盘
14:08:01	16.16	-0.01	26	42016	卖盘
14:07:26	16.17	0.01	49	80187	买盘
14:07:16	16.16	--	25	40400	买盘
14:07:11	16.16	--	168	272150	卖盘
14:07:05	16.16	--	10	16160	卖盘
14:06:46	16.16	--	2	3232	卖盘
14:06:41	16.16	0.01	14	23577	买盘
14:06:31	16.15	-0.01	72	116279	卖盘
14:06:26	16.16	0.01	6	9696	买盘
14:06:16	16.15	-0.01	11	17765	卖盘
14:06:01	16.16	--	11	18438	卖盘
14:05:56	16.16	--	10	16160	卖盘
14:05:50	16.16	0.01	17	28425	买盘
14:05:41	16.15	--	1	1614	卖盘
14:05:35	16.15	-0.01	5	8074	卖盘
14:05:30	16.16	--	3	4848	买盘
14:05:16	16.16	0.01	6	9696	买盘
14:05:11	16.15	-0.01	30	48449	卖盘
14:05:01	16.16	0.01	800	1292800	买盘
14:04:56	16.15	-0.01	10	16149	卖盘
14:04:35	16.16	0.01	24	38784	买盘
14:04:25	16.15	-0.01	5	8074	卖盘
14:04:20	16.16	--	30	48480	买盘
14:03:50	16.16	0.01	37	59792	买盘
14:03:40	16.15	--	7	11304	卖盘
14:03:25	16.15	0.01	136	219639	买盘
14:03:20	16.14	--	2	3228	卖盘
14:03:10	16.14	--	1	1614	卖盘
14:02:40	16.14	--	6	9684	卖盘
14:02:29	16.14	-0.01	2	3228	卖盘
14:02:25	16.15	0.01	2	3229	买盘
14:02:20	16.14	--	36	58104	卖盘
14:02:14	16.14	--	30	48420	卖盘
14:02:10	16.14	--	6	9684	卖盘
14:02:05	16.14	--	100	161400	卖盘
14:01:40	16.14	-0.01	98	158172	卖盘
14:01:35	16.15	0.01	30	48449	买盘
14:01:25	16.14	--	20	32280	卖盘
14:01:10	16.14	--	1	1614	卖盘
14:00:50	16.14	--	11	17754	卖盘
14:00:40	16.14	--	1	1614	卖盘
14:00:35	16.14	-0.01	0	16	卖盘
13:59:55	16.15	--	0	0	中性盘
13:59:50	16.15	0.01	11	17765	卖盘
13:59:44	16.14	--	0	0	卖盘
13:59:40	16.14	--	1	1614	卖盘
13:59:34	16.14	-0.02	10	16140	卖盘
13:59:29	16.16	--	2	3232	买盘
13:59:25	16.16	0.01	30	48480	买盘
13:59:10	16.15	--	1	1614	卖盘
13:59:05	16.15	--	44	71060	买盘
13:58:50	16.15	0.01	7	11304	买盘
13:58:44	16.14	--	7	11298	卖盘
13:58:29	16.14	0.01	43	69402	买盘
13:58:25	16.13	-0.01	2	3226	卖盘
13:58:20	16.14	--	7	11298	卖盘
13:58:14	16.14	--	24	38736	卖盘
13:58:04	16.14	--	66	106524	卖盘
13:57:49	16.14	-0.01	27	43578	卖盘
13:57:38	16.15	--	7	11304	买盘
13:57:19	16.15	--	6	9690	买盘
13:57:08	16.15	--	0	0	中性盘
13:57:04	16.15	--	8	12919	买盘
13:56:44	16.15	0.02	1	1614	买盘
13:56:38	16.13	-0.02	11	17743	卖盘
13:56:29	16.15	0.02	502	810729	买盘
13:56:23	16.13	--	2	3226	卖盘
13:56:14	16.13	--	5	8064	卖盘
13:56:04	16.13	--	11	17743	卖盘
13:55:44	16.13	--	11	17743	卖盘
13:55:14	16.13	--	11	17743	卖盘
13:55:04	16.13	-0.01	14	22582	卖盘
13:54:49	16.14	0.01	20	32280	买盘
13:54:44	16.13	--	1	1613	卖盘
13:54:34	16.13	--	10	16129	卖盘
13:54:29	16.13	--	2	3226	卖盘
13:54:14	16.13	--	1	1613	卖盘
13:53:59	16.13	--	2	3226	卖盘
13:53:43	16.13	--	1	1613	卖盘
13:53:29	16.13	--	20	32259	卖盘
13:53:19	16.13	--	10	16129	卖盘
13:53:13	16.13	--	1	1613	卖盘
13:53:08	16.13	--	2	3226	卖盘
13:53:04	16.13	--	21	33873	卖盘
13:52:43	16.13	--	17	27421	卖盘
13:52:13	16.13	--	2	3226	卖盘
13:52:08	16.13	--	24	38712	卖盘
13:52:03	16.13	--	3	4839	卖盘
13:51:43	16.13	--	1	1613	卖盘
13:51:13	16.13	--	1	1613	卖盘
13:51:08	16.13	--	11	17743	卖盘
13:50:47	16.13	--	10	16129	卖盘
13:50:43	16.13	--	1	1613	卖盘
13:50:23	16.13	--	2	3226	卖盘
13:50:13	16.13	--	9	14517	卖盘
13:50:02	16.13	--	10	16129	卖盘
13:49:58	16.13	--	16	25808	卖盘
13:49:43	16.13	--	1	1613	卖盘
13:49:38	16.13	-0.01	2	3226	卖盘
13:48:53	16.14	--	2	3228	买盘
13:48:38	16.14	--	0	0	买盘
13:48:28	16.14	0.02	5	8070	买盘
13:48:23	16.12	-0.01	158	254696	卖盘
13:48:02	16.13	--	2	3226	卖盘
13:47:38	16.13	--	20	32259	卖盘
13:47:27	16.13	0.01	35	56455	买盘
13:47:23	16.12	-0.01	5	8060	卖盘
13:47:07	16.13	--	21	33873	买盘
13:47:02	16.13	-0.01	94	151622	卖盘
13:46:58	16.14	--	5	8070	买盘
13:46:53	16.14	--	11	17754	买盘
13:46:47	16.14	--	5	8070	卖盘
13:46:13	16.14	--	13	20982	买盘
13:46:02	16.14	0.01	12	19368	买盘
13:45:47	16.13	-0.01	15	24195	卖盘
13:44:56	16.14	0.01	5	8070	买盘
13:44:37	16.13	--	17	27421	卖盘
13:44:17	16.13	-0.01	50	80650	卖盘
13:43:41	16.14	--	9	14526	买盘
13:43:32	16.14	0.01	2	3228	买盘
13:43:26	16.13	--	5	8064	卖盘
13:43:17	16.13	-0.01	7	11291	卖盘
13:43:11	16.14	0.01	185	298590	买盘
13:43:07	16.13	--	1	1613	卖盘
13:43:02	16.13	--	1	1613	卖盘
13:42:52	16.13	--	60	96780	卖盘
13:42:41	16.13	--	1	1613	卖盘
13:42:07	16.13	--	1	1613	卖盘
13:41:52	16.13	--	80	129039	卖盘
13:41:37	16.13	--	20	32259	卖盘
13:41:07	16.13	--	3	4839	卖盘
13:40:52	16.13	--	12	19356	卖盘
13:40:46	16.13	--	52	83876	卖盘
13:40:37	16.13	--	5	8064	卖盘
13:40:11	16.13	--	1	1613	卖盘
13:40:06	16.13	-0.01	10	16129	卖盘
13:39:51	16.14	0.01	20	32280	买盘
13:39:46	16.13	-0.01	100	161300	卖盘
13:39:41	16.14	--	6	9684	买盘
13:39:31	16.14	--	61	98454	卖盘
13:39:26	16.14	--	10	16140	卖盘
13:39:11	16.14	-0.01	1	1614	卖盘
13:38:56	16.15	--	8	12919	卖盘
13:38:50	16.15	--	2	3229	卖盘
13:38:46	16.15	--	20	32299	卖盘
13:38:41	16.15	--	11	17765	卖盘
13:38:26	16.15	--	2	3229	卖盘
13:38:16	16.15	--	5	8074	卖盘
13:38:11	16.15	--	1	1614	卖盘
13:37:41	16.15	--	16	25839	卖盘
13:37:35	16.15	--	1	1614	卖盘
13:37:26	16.15	--	15	24224	卖盘
13:37:16	16.15	--	10	16149	卖盘
13:37:11	16.15	--	1	1614	卖盘
13:36:56	16.15	--	6	9690	卖盘
13:36:46	16.15	--	20	32299	卖盘
13:36:41	16.15	--	19	30684	卖盘
13:36:35	16.15	0.01	304	490959	买盘
13:36:10	16.14	--	2	3228	卖盘
13:36:01	16.14	--	50	80700	卖盘
13:35:31	16.14	--	50	80700	卖盘
13:35:20	16.14	--	4	6456	卖盘
13:35:16	16.14	--	10	16140	卖盘
13:35:11	16.14	--	16	25824	卖盘
13:34:56	16.14	-0.01	20	32280	卖盘
13:34:45	16.15	0.01	5	8074	买盘
13:34:35	16.14	-0.01	2	3228	卖盘
13:34:25	16.15	--	3	4845	买盘
13:34:10	16.15	-0.01	32	51679	卖盘
13:33:20	16.16	0.01	11	17776	买盘
13:33:10	16.15	-0.01	1	1614	卖盘
13:33:01	16.16	--	1	1616	买盘
13:32:55	16.16	--	5	8080	买盘
13:32:10	16.16	--	87	141400	卖盘
13:32:05	16.16	--	2	3232	卖盘
13:31:59	16.16	--	6	9696	卖盘
13:31:50	16.16	--	5	8080	卖盘
13:31:35	16.16	--	7	11312	卖盘
13:31:25	16.16	--	31	50096	卖盘
13:31:10	16.16	--	1	1616	卖盘
13:30:59	16.16	--	32	52520	买盘
13:30:55	16.16	--	20	32320	买盘
13:30:44	16.16	0.02	6	9696	买盘
13:30:40	16.14	--	1	1614	卖盘
13:30:20	16.14	--	9	14526	卖盘
13:30:10	16.14	--	1	1614	卖盘
13:29:44	16.14	--	5	8070	卖盘
13:29:40	16.14	--	10	16140	卖盘
13:29:35	16.14	--	16	25824	卖盘
13:29:25	16.14	--	10	16140	卖盘
13:29:10	16.14	-0.01	37	59718	卖盘
13:29:05	16.15	--	0	0	卖盘
13:28:59	16.15	-0.02	33	53294	卖盘
13:28:55	16.17	0.01	28	45276	买盘
13:28:44	16.16	-0.01	21	33936	卖盘
13:28:39	16.17	0.01	11	17787	买盘
13:28:29	16.16	--	10	16160	卖盘
13:28:24	16.16	-0.01	10	16160	卖盘
13:28:20	16.17	--	20	32340	买盘
13:28:14	16.17	0.01	8	12936	买盘
13:28:10	16.16	-0.01	1	1616	卖盘
13:27:55	16.17	0.01	20	32340	买盘
13:27:39	16.16	--	16	25856	卖盘
13:27:34	16.16	--	5	8080	卖盘
13:27:29	16.16	--	10	16160	卖盘
13:27:19	16.16	--	22	35552	卖盘
13:27:14	16.16	--	2	3232	卖盘
13:27:09	16.16	--	2	4040	卖盘
13:26:59	16.16	--	10	16160	卖盘
13:26:49	16.16	--	4	6464	卖盘
13:26:40	16.16	-0.01	11	17776	卖盘
13:26:34	16.17	0.01	15	24255	买盘
13:26:29	16.16	--	10	16160	卖盘
13:26:24	16.16	0.01	136	221101	买盘
13:26:14	16.15	0.01	10	16149	买盘
13:26:08	16.14	-0.01	1	1614	卖盘
13:25:59	16.15	-0.01	50	80750	卖盘
13:25:49	16.16	--	0	0	买盘
13:25:44	16.16	0.01	510	824160	买盘
13:25:38	16.15	--	3	4845	买盘
13:25:29	16.15	--	12	19380	买盘
13:24:59	16.15	0.01	200	323000	买盘
13:24:53	16.14	--	1	1614	卖盘
13:24:34	16.14	0.01	4	6456	买盘
13:24:29	16.13	--	3	4839	卖盘
13:24:19	16.13	-0.02	3	4839	中性盘
13:24:14	16.15	0.02	800	1292000	买盘
13:23:59	16.13	--	3	4839	买盘
13:23:49	16.13	0.01	5	8064	买盘
13:23:08	16.12	--	200	322400	卖盘
13:22:44	16.12	-0.01	1	2418	卖盘
13:22:08	16.13	--	5	8064	买盘
13:22:04	16.13	--	13	20969	买盘
13:21:44	16.13	--	179	289533	卖盘
13:21:29	16.13	--	30	48390	卖盘
13:21:13	16.13	--	2	3226	卖盘
13:21:04	16.13	-0.01	50	80650	卖盘
13:20:28	16.14	0.01	3	4842	买盘
13:20:18	16.13	--	2	3226	卖盘
13:20:13	16.13	0.01	54	87908	买盘
13:20:07	16.12	--	2	3224	卖盘
13:19:58	16.12	--	4	6448	卖盘
13:19:48	16.12	--	11	17732	卖盘
13:18:58	16.12	--	11	17732	卖盘
13:17:53	16.12	-0.01	4	6448	卖盘
13:17:32	16.13	0.01	2	3226	买盘
13:17:28	16.12	-0.01	4	6448	卖盘
13:17:13	16.13	--	2	3226	买盘
13:16:58	16.13	--	6	10484	卖盘
13:16:47	16.13	--	20	32259	卖盘
13:16:13	16.13	--	3	5645	买盘
13:15:58	16.13	--	5	8064	买盘
13:15:53	16.13	--	47	75811	买盘
13:15:38	16.13	-0.01	252	407282	卖盘
13:15:28	16.14	--	63	101682	买盘
13:15:22	16.14	--	30	48420	买盘
13:15:17	16.14	--	20	32280	买盘
13:15:12	16.14	--	26	41964	买盘
13:14:57	16.14	--	11	17754	买盘
13:14:32	16.14	--	2	3228	买盘
13:13:52	16.14	0.01	7	11298	买盘
13:13:42	16.13	--	21	33873	卖盘
13:13:12	16.13	--	10	16129	卖盘
13:13:07	16.13	--	21	33873	卖盘
13:12:17	16.13	--	104	167752	卖盘
13:12:07	16.13	--	5	8064	卖盘
13:11:56	16.13	-0.01	1	1613	卖盘
13:11:37	16.14	--	20	32280	买盘
13:11:17	16.14	--	17	27438	买盘
13:11:02	16.14	0.01	3	4842	买盘
13:09:41	16.13	-0.01	1	1613	卖盘
13:09:32	16.14	0.01	8	12912	买盘
13:09:22	16.13	--	3	4839	卖盘
13:09:07	16.13	--	7	11291	卖盘
13:09:02	16.13	--	9	14517	卖盘
13:08:32	16.13	--	13	20969	卖盘
13:08:25	16.13	--	5	8064	卖盘
13:08:21	16.13	--	33	53229	卖盘
13:08:02	16.13	-0.01	50	80650	卖盘
13:07:21	16.14	--	28	45192	卖盘
13:06:51	16.14	--	11	17754	卖盘
13:06:41	16.14	--	14	22596	卖盘
13:06:36	16.14	-0.01	6	9684	卖盘
13:06:16	16.15	0.01	5	8074	买盘
13:06:01	16.14	--	50	80700	卖盘
13:05:41	16.14	--	50	80700	卖盘
13:05:35	16.14	--	6	9684	卖盘
13:05:20	16.14	--	2	3228	卖盘
13:05:16	16.14	-0.01	56	90384	买盘
13:05:05	16.15	--	0	0	买盘
13:05:01	16.15	--	1	1614	买盘
13:04:41	16.15	--	19	30684	买盘
13:04:11	16.15	--	2	3229	买盘
13:04:05	16.15	--	1	1614	买盘
13:03:46	16.15	--	2	3229	买盘
13:03:16	16.15	0.02	68	109819	买盘
13:03:11	16.13	--	10	16936	卖盘
13:03:01	16.13	-0.02	5	8064	卖盘
13:02:49	16.15	--	0	0	买盘
13:02:45	16.15	--	10	16149	买盘
13:02:15	16.15	--	3	4845	买盘
13:02:11	16.15	0.02	10	16149	买盘
13:00:35	16.13	-0.02	7	11291	卖盘
13:00:15	16.15	0.01	10	16149	买盘
13:00:10	16.14	--	30	48420	买盘
13:00:05	16.14	--	21	33894	买盘
11:30:00	16.14	--	0	0	买盘
11:29:59	16.14	--	0	0	买盘
11:29:46	16.14	--	7	11298	卖盘
11:29:31	16.14	--	11	17754	买盘
11:29:06	16.14	--	13	20982	卖盘
11:28:46	16.14	-0.01	5	8070	卖盘
11:28:40	16.15	--	0	0	买盘
11:28:36	16.15	0.01	17	27454	买盘
11:28:31	16.14	--	0	0	中性盘
11:28:25	16.14	--	0	0	卖盘
11:28:10	16.14	0.03	414	668212	买盘
11:27:55	16.11	-0.01	14	22554	卖盘
11:27:51	16.12	0.01	1	1612	买盘
11:27:40	16.11	--	8	12888	卖盘
11:27:36	16.11	--	8	12888	卖盘
11:27:06	16.11	0.01	72	115992	买盘
11:26:55	16.1	-0.01	100	161000	卖盘
11:26:46	16.11	--	1	1611	买盘
11:26:40	16.11	--	25	40275	买盘
11:26:36	16.11	--	50	80550	买盘
11:26:31	16.11	0.01	5	8055	买盘
11:26:21	16.1	--	13	20930	卖盘
11:25:55	16.1	--	4	6440	卖盘
11:25:40	16.1	-0.01	10	16100	卖盘
11:25:31	16.11	--	54	86994	买盘
11:25:19	16.11	--	7	11277	买盘
11:24:49	16.11	--	1	1611	卖盘
11:24:31	16.11	--	110	177210	卖盘
11:24:25	16.11	-0.01	38	61218	卖盘
11:24:15	16.12	--	4	6448	买盘
11:23:55	16.12	--	91	147481	卖盘
11:23:49	16.12	--	2	3224	卖盘
11:23:45	16.12	--	3	4836	卖盘
11:23:30	16.12	-0.01	1	1612	卖盘
11:23:25	16.13	0.01	3	4839	买盘
11:23:10	16.12	-0.01	50	80600	卖盘
11:23:00	16.13	--	10	16129	买盘
11:22:55	16.13	0.01	5	8064	买盘
11:22:30	16.12	-0.01	2	3224	卖盘
11:22:15	16.13	0.01	2	3226	买盘
11:22:04	16.12	--	4	6448	卖盘
11:22:00	16.12	--	6	9672	卖盘
11:21:49	16.12	--	50	80600	卖盘
11:21:40	16.12	--	48	77376	卖盘
11:21:30	16.12	--	20	32240	卖盘
11:21:25	16.12	--	4	6448	卖盘
11:21:04	16.12	--	2	3224	卖盘
11:21:00	16.12	--	25	40300	卖盘
11:20:55	16.12	-0.01	7	11284	卖盘
11:20:45	16.13	0.01	90	145170	买盘
11:20:25	16.12	--	68	109616	卖盘
11:20:19	16.12	--	50	80600	卖盘
11:20:00	16.12	-0.01	9	14508	卖盘
11:19:45	16.13	--	1	1613	买盘
11:19:19	16.13	--	15	24195	卖盘
11:19:13	16.13	-0.01	11	17743	卖盘
11:19:10	16.14	--	26	41964	买盘
11:18:39	16.14	0.01	20	32280	买盘
11:18:34	16.13	-0.01	15	24195	卖盘
11:18:25	16.14	--	15	24210	买盘
11:17:24	16.14	--	1	1614	买盘
11:17:04	16.14	--	17	27438	买盘
11:16:39	16.14	0.01	1	1614	买盘
11:16:28	16.13	-0.01	20	32259	卖盘
11:16:09	16.14	--	25	40350	买盘
11:15:39	16.14	0.01	9	14526	买盘
11:15:34	16.13	-0.01	12	19356	卖盘
11:15:28	16.14	0.01	10	16140	买盘
11:14:49	16.13	-0.01	1	1613	卖盘
11:14:19	16.14	--	20	32280	买盘
11:14:13	16.14	0.01	5	8070	买盘
11:13:54	16.13	--	2	3226	卖盘
11:13:43	16.13	--	2	3226	卖盘
11:13:13	16.13	--	101	162913	买盘
11:13:04	16.13	0.01	15	24195	买盘
11:12:58	16.12	-0.01	10	16120	卖盘
11:12:52	16.13	--	1	1613	买盘
11:12:43	16.13	0.01	10	16129	买盘
11:12:28	16.12	-0.01	17	27404	卖盘
11:12:22	16.13	0.01	7	11291	买盘
11:12:13	16.12	-0.01	10	16120	卖盘
11:11:58	16.13	--	59	95167	买盘
11:11:52	16.13	--	6	9678	买盘
11:11:49	16.13	0.01	5	8064	买盘
11:11:33	16.12	--	12	19344	卖盘
11:11:18	16.12	--	1	1612	卖盘
11:11:13	16.12	--	14	22568	卖盘
11:11:03	16.12	--	20	32240	卖盘
11:10:37	16.12	-0.01	4	6448	卖盘
11:10:33	16.13	0.01	15	24195	买盘
11:10:28	16.12	--	2	3224	卖盘
11:10:18	16.12	-0.01	1	1612	卖盘
11:10:13	16.13	0.01	11	17743	买盘
11:10:03	16.12	-0.01	6	9672	卖盘
11:09:52	16.13	--	5	8064	买盘
11:09:48	16.13	--	1	1613	买盘
11:09:28	16.13	0.01	12	19356	买盘
11:09:22	16.12	--	1	1612	卖盘
11:09:03	16.12	-0.01	27	43524	卖盘
11:08:58	16.13	--	21	33873	买盘
11:08:43	16.13	--	44	70972	卖盘
11:08:33	16.13	-0.01	100	161461	卖盘
11:08:22	16.14	--	50	80700	卖盘
11:08:13	16.14	--	3	4842	卖盘
11:08:07	16.14	--	46	74244	卖盘
11:07:22	16.14	--	10	16140	卖盘
11:07:18	16.14	-0.01	10	16140	卖盘
11:07:07	16.15	--	1	1614	买盘
11:06:52	16.15	--	50	80750	买盘
11:06:22	16.15	--	5	8074	买盘
11:06:13	16.15	0.01	10	16149	买盘
11:06:07	16.14	--	10	16140	卖盘
11:05:58	16.14	--	30	48420	卖盘
11:05:52	16.14	-0.01	1	1614	卖盘
11:05:46	16.15	0.01	15	24224	买盘
11:05:43	16.14	-0.01	1	1614	卖盘
11:05:37	16.15	0.01	100	161500	买盘
11:05:28	16.14	-0.01	4	6456	卖盘
11:05:22	16.15	--	3	4845	买盘
11:05:16	16.15	--	43	69445	买盘
11:05:07	16.15	0.01	13	20994	买盘
11:04:46	16.14	-0.01	36	58104	卖盘
11:04:42	16.15	0.01	10	16149	买盘
11:04:37	16.14	-0.01	6	9684	卖盘
11:04:01	16.15	0.01	2	3229	买盘
11:03:42	16.14	--	4	6456	卖盘
11:03:37	16.14	--	9	14526	卖盘
11:03:27	16.14	--	1	1614	卖盘
11:03:22	16.14	-0.01	10	16140	卖盘
11:03:16	16.15	--	1	1614	买盘
11:02:42	16.15	--	7	11304	买盘
11:02:37	16.15	--	3	4845	买盘
11:02:31	16.15	--	14	23417	卖盘
11:02:27	16.15	--	1	1614	卖盘
11:02:22	16.15	-0.01	6	9690	卖盘
11:02:12	16.16	0.01	6	9696	买盘
11:02:07	16.15	-0.01	105	169574	卖盘
11:01:52	16.16	0.01	10	16160	买盘
11:01:31	16.15	--	10	16149	卖盘
11:01:12	16.15	--	1	2422	卖盘
11:00:57	16.15	-0.01	5	8074	卖盘
11:00:46	16.16	0.01	48	77568	买盘
11:00:41	16.15	-0.01	10	16149	卖盘
11:00:37	16.16	0.01	60	96960	买盘
10:59:40	16.15	--	1	1614	卖盘
10:59:37	16.15	0.01	164	264860	买盘
10:59:25	16.14	--	2	4680	买盘
10:59:22	16.14	--	3	4842	买盘
10:59:10	16.14	0.01	12	19368	买盘
10:58:46	16.13	-0.01	1	1613	卖盘
10:58:31	16.14	0.01	4	6456	买盘
10:58:25	16.13	-0.01	4	6452	卖盘
10:58:21	16.14	--	2	3228	买盘
10:58:06	16.14	--	1	1614	买盘
10:57:46	16.14	0.01	2	3228	买盘
10:57:10	16.13	--	3	4839	卖盘
10:57:01	16.13	--	10	16129	卖盘
10:56:51	16.13	-0.01	10	16129	卖盘
10:56:16	16.14	0.01	6	9684	买盘
10:56:10	16.13	-0.01	4	6452	卖盘
10:56:06	16.14	--	5	8070	买盘
10:55:36	16.14	0.01	73	117822	买盘
10:55:31	16.13	--	16	26614	买盘
10:55:21	16.13	0.01	5	8064	买盘
10:55:10	16.12	-0.01	5	8060	卖盘
10:55:06	16.13	0.01	5	8064	买盘
10:54:46	16.12	--	100	161200	卖盘
10:54:36	16.12	--	50	80616	卖盘
10:54:25	16.12	--	5	8060	卖盘
10:54:10	16.12	-0.01	4	6448	卖盘
10:54:04	16.13	--	6	9678	买盘
10:53:55	16.13	--	5	8064	买盘
10:53:49	16.13	0.01	5	8064	买盘
10:53:46	16.12	-0.01	25	40300	卖盘
10:53:34	16.13	--	6	9678	买盘
10:53:31	16.13	-0.01	50	80650	卖盘
10:53:19	16.14	0.02	26	41964	买盘
10:53:16	16.12	--	0	0	卖盘
10:53:10	16.12	-0.01	4	6448	卖盘
10:53:04	16.13	-0.01	5	8064	卖盘
10:53:00	16.14	--	13	20982	买盘
10:52:55	16.14	0.01	8	12912	买盘
10:52:40	16.13	0.01	10	16129	卖盘
10:52:30	16.12	--	0	0	卖盘
10:52:10	16.12	-0.02	12	19344	卖盘
10:52:00	16.14	--	15	24210	买盘
10:51:55	16.14	--	32	51648	买盘
10:51:40	16.14	--	3	4842	买盘
10:51:30	16.14	0.01	16	25824	买盘
10:51:25	16.13	--	192	309857	卖盘
10:51:19	16.13	--	9	14517	卖盘
10:51:10	16.13	--	19	30646	卖盘
10:51:04	16.13	-0.01	22	35486	卖盘
10:51:00	16.14	0.01	4	7908	买盘
10:50:45	16.13	--	11	17743	卖盘
10:50:34	16.13	--	104	167752	卖盘
10:50:30	16.13	-0.01	32	51616	卖盘
10:50:25	16.14	0.01	10	16140	买盘
10:50:15	16.13	--	20	32259	卖盘
10:50:10	16.13	--	4	6452	卖盘
10:50:00	16.13	--	17	27421	卖盘
10:49:55	16.13	--	46	74198	卖盘
10:49:45	16.13	-0.01	4	6452	卖盘
10:49:34	16.14	--	82	132509	卖盘
10:49:30	16.14	--	2	3228	卖盘
10:49:15	16.14	--	43	69402	卖盘
10:49:10	16.14	-0.01	4	6456	卖盘
10:49:00	16.15	--	2	3229	买盘
10:48:55	16.15	--	3	5168	卖盘
10:48:49	16.15	--	9	14534	卖盘
10:48:40	16.15	--	5	8074	卖盘
10:48:34	16.15	-0.01	20	32299	卖盘
10:48:30	16.16	0.01	13	21008	买盘
10:48:19	16.15	--	1	1614	卖盘
10:48:15	16.15	--	4	6459	卖盘
10:48:10	16.15	--	4	6459	卖盘
10:47:49	16.15	-0.01	19	30684	卖盘
10:47:43	16.16	0.01	3	4848	买盘
10:47:40	16.15	-0.01	12	19380	卖盘
10:47:28	16.16	0.01	2	3232	买盘
10:47:25	16.15	-0.01	49	79135	卖盘
10:47:19	16.16	0.01	1	1616	买盘
10:47:04	16.15	-0.01	2	3229	卖盘
10:46:39	16.16	--	1	1616	买盘
10:46:34	16.16	--	1	1616	买盘
10:46:28	16.16	0.01	2	3232	买盘
10:46:04	16.15	-0.01	42	67830	卖盘
10:45:39	16.16	0.01	4	6464	买盘
10:45:28	16.15	--	6	9690	卖盘
10:45:24	16.15	-0.01	26	41989	卖盘
10:45:19	16.16	-0.01	2	3232	中性盘
10:45:09	16.17	0.01	32	51744	买盘
10:45:04	16.16	--	13	21008	卖盘
10:44:58	16.16	-0.01	5	8080	卖盘
10:44:54	16.17	0.01	1	1617	买盘
10:44:49	16.16	--	15	24240	卖盘
10:44:43	16.16	--	2	3232	卖盘
10:44:39	16.16	--	5	8080	卖盘
10:44:34	16.16	--	10	16160	卖盘
10:44:28	16.16	--	12	19392	买盘
10:44:24	16.16	0.01	1	1616	卖盘
10:44:04	16.15	--	4	7267	卖盘
10:43:58	16.15	--	0	484	卖盘
10:43:54	16.15	--	13	20994	卖盘
10:43:34	16.15	-0.02	10	16149	卖盘
10:43:28	16.17	--	2	3234	买盘
10:43:24	16.17	0.02	3	4851	买盘
10:43:19	16.15	--	32	51679	卖盘
10:43:13	16.15	-0.01	13	20994	卖盘
10:43:09	16.16	--	6	9696	卖盘
10:43:04	16.16	--	28	45248	卖盘
10:42:54	16.16	-0.01	2	3232	卖盘
10:42:49	16.17	0.01	15	24255	买盘
10:42:43	16.16	-0.01	7	11312	卖盘
10:42:39	16.17	--	0	0	买盘
10:42:34	16.17	--	13	21021	买盘
10:42:28	16.17	0.01	15	24255	买盘
10:42:24	16.16	--	8	12928	卖盘
10:42:19	16.16	--	2	3232	卖盘
10:42:13	16.16	--	4	6464	卖盘
10:42:09	16.16	--	1	1616	中性盘
10:41:58	16.16	--	5	8080	卖盘
10:41:54	16.16	--	22	35552	卖盘
10:41:49	16.16	--	46	74336	卖盘
10:41:34	16.16	-0.01	4	6464	卖盘
10:41:28	16.17	0.01	2	3234	买盘
10:41:19	16.16	--	15	24240	卖盘
10:41:13	16.16	--	13	21008	卖盘
10:41:07	16.16	--	10	16160	卖盘
10:41:04	16.16	--	20	32320	卖盘
10:40:58	16.16	--	10	16160	卖盘
10:40:37	16.16	--	197	318352	买盘
10:40:22	16.16	--	13	21008	买盘
10:40:13	16.16	--	13	21008	买盘
10:39:52	16.16	--	1	1616	买盘
10:39:48	16.16	0.01	9	14544	买盘
10:39:28	16.15	0.01	8	12919	买盘
10:39:22	16.14	-0.01	38	62784	卖盘
10:39:13	16.15	--	5	8074	卖盘
10:38:58	16.15	--	5	8074	卖盘
10:38:52	16.15	--	13	20994	买盘
10:38:48	16.15	--	27	43604	买盘
10:38:43	16.15	--	3	4845	买盘
10:38:37	16.15	--	21	33915	买盘
10:38:22	16.15	--	7	11304	买盘
10:38:18	16.15	--	2	3229	买盘
10:37:48	16.15	0.01	8	12919	买盘
10:37:43	16.14	-0.01	6	9684	卖盘
10:37:37	16.15	--	59	95284	买盘
10:37:18	16.15	--	0	0	中性盘
10:37:13	16.15	--	10	16149	卖盘
10:37:03	16.15	--	22	35530	买盘
10:36:52	16.15	--	18	29069	卖盘
10:36:48	16.15	--	18	29069	买盘
10:36:33	16.15	-0.01	27	43604	卖盘
10:36:28	16.16	--	32	51712	买盘
10:36:22	16.16	0.02	12	19392	买盘
10:36:18	16.14	-0.01	10	16140	卖盘
10:36:13	16.15	-0.01	1	1614	卖盘
10:36:07	16.16	0.02	46	74336	买盘
10:35:58	16.14	-0.01	58	93612	卖盘
10:35:52	16.15	--	6	9690	买盘
10:35:48	16.15	-0.01	31	50064	卖盘
10:35:42	16.16	--	49	79184	买盘
10:35:37	16.16	--	103	166448	买盘
10:35:28	16.16	--	35	56560	买盘
10:35:22	16.16	--	3	4848	买盘
10:35:18	16.16	--	28	45248	买盘
10:35:13	16.16	--	16	25856	买盘
10:35:07	16.16	--	51	82416	买盘
10:35:01	16.16	0.01	5	8080	买盘
10:34:58	16.15	-0.01	22	35530	卖盘
10:34:52	16.16	0.01	29	46864	买盘
10:34:46	16.15	-0.01	5	8074	卖盘
10:34:43	16.16	0.01	57	92112	买盘
10:34:37	16.15	--	27	43604	卖盘
10:34:31	16.15	-0.01	15	24224	卖盘
10:34:28	16.16	0.01	32	51712	买盘
10:34:22	16.15	-0.01	22	35530	卖盘
10:34:16	16.16	0.01	26	42016	买盘
10:34:13	16.15	--	13	20994	卖盘
10:34:07	16.15	-0.01	21	33915	卖盘
10:33:57	16.16	--	61	98576	买盘
10:33:37	16.16	-0.01	8	12928	卖盘
10:33:31	16.17	0.01	17	27489	买盘
10:33:27	16.16	--	58	93728	买盘
10:33:12	16.16	-0.01	38	61408	卖盘
10:33:07	16.17	0.01	11	17787	买盘
10:32:57	16.16	--	22	35552	卖盘
10:32:52	16.16	--	30	48480	卖盘
10:32:46	16.16	--	6	9696	卖盘
10:32:37	16.16	--	11	17776	卖盘
10:32:31	16.16	-0.01	13	21008	卖盘
10:32:27	16.17	--	39	63063	买盘
10:32:22	16.17	--	5	8085	买盘
10:32:16	16.17	--	2	3234	买盘
10:32:12	16.17	--	50	80850	买盘
10:32:07	16.17	--	32	51744	买盘
10:31:57	16.17	0.01	223	360591	买盘
10:31:52	16.16	-0.01	43	69488	卖盘
10:31:46	16.17	0.01	2	3234	买盘
10:31:42	16.16	-0.01	20	32320	卖盘
10:31:37	16.17	0.01	2	3234	买盘
10:31:31	16.16	-0.01	3	4848	卖盘
10:31:27	16.17	0.01	23	37191	买盘
10:31:22	16.16	--	67	108272	卖盘
10:31:12	16.16	--	10	16160	卖盘
10:31:07	16.16	0.01	350	565600	买盘
10:30:57	16.15	0.01	332	536180	买盘
10:30:52	16.14	--	7	11298	卖盘
10:30:31	16.14	0.01	198	319572	买盘
10:30:07	16.13	--	9	14517	卖盘
10:30:01	16.13	--	219	353247	卖盘
10:29:37	16.13	--	2	3226	卖盘
10:29:27	16.13	--	4	6452	卖盘
10:29:01	16.13	0.01	31	50003	买盘
10:28:56	16.12	-0.01	4	6448	卖盘
10:28:46	16.13	0.01	1	1613	买盘
10:28:40	16.12	-0.01	5	8060	卖盘
10:28:37	16.13	--	22	35486	买盘
10:28:25	16.13	--	50	80650	卖盘
10:28:21	16.13	--	1	1613	卖盘
10:28:10	16.13	--	2	3226	卖盘
10:28:06	16.13	--	3	4839	卖盘
10:27:40	16.13	--	1	1613	卖盘
10:27:36	16.13	-0.01	20	32259	卖盘
10:27:21	16.14	0.01	5	8070	买盘
10:27:16	16.13	--	93	150009	卖盘
10:27:01	16.13	--	28	45164	卖盘
10:26:55	16.13	--	7	11291	卖盘
10:26:46	16.13	0.01	134	216142	买盘
10:26:36	16.12	--	13	20956	卖盘
10:26:31	16.12	--	10	16120	卖盘
10:26:06	16.12	--	41	66092	卖盘
10:26:01	16.12	-0.01	5	8060	卖盘
10:25:46	16.13	--	12	19356	买盘
10:25:21	16.13	--	22	35486	买盘
10:25:16	16.13	--	40	64519	买盘
10:25:06	16.13	0.01	75	120974	买盘
10:25:01	16.12	--	1	1612	卖盘
10:24:51	16.12	--	2	3224	卖盘
10:24:40	16.12	-0.01	20	32240	卖盘
10:24:36	16.13	0.01	107	172591	买盘
10:24:16	16.12	--	21	33852	卖盘
10:24:06	16.12	--	39	62868	卖盘
10:24:01	16.12	0.01	252	407030	买盘
10:23:55	16.11	--	22	35442	卖盘
10:23:51	16.11	0.01	88	141768	买盘
10:23:46	16.1	--	2	3220	卖盘
10:23:31	16.1	--	31	49910	卖盘
10:23:21	16.1	--	22	35420	卖盘
10:23:01	16.1	--	2	3220	卖盘
10:22:55	16.1	-0.01	1	1610	卖盘
10:22:51	16.11	--	10	16110	买盘
10:22:46	16.11	--	1	1611	买盘
10:22:40	16.11	--	2	3222	买盘
10:22:31	16.11	0.01	35	56385	买盘
10:22:25	16.1	-0.01	115	185150	卖盘
10:22:15	16.11	--	100	161100	买盘
10:22:00	16.11	--	3	4833	买盘
10:21:55	16.11	--	5	8055	买盘
10:21:49	16.11	0.01	30	48330	买盘
10:21:40	16.1	--	20	32200	卖盘
10:21:30	16.1	--	2	3220	卖盘
10:21:19	16.1	--	4	6440	买盘
10:21:15	16.1	--	48	77280	卖盘
10:20:25	16.1	--	10	16100	卖盘
10:20:19	16.1	--	27	43470	卖盘
10:20:15	16.1	--	16	25760	卖盘
10:20:10	16.1	-0.02	5	8050	卖盘
10:19:40	16.12	0.01	50	80600	买盘
10:19:30	16.11	--	19	30609	卖盘
10:19:10	16.11	--	10	16110	卖盘
10:19:04	16.11	--	22	35442	买盘
10:18:55	16.11	--	2	3222	买盘
10:18:45	16.11	0.01	26	41886	买盘
10:18:40	16.1	--	4	6440	卖盘
10:18:30	16.1	--	2	3220	卖盘
10:18:25	16.1	-0.01	17	27370	卖盘
10:18:00	16.11	--	51	82161	买盘
10:17:55	16.11	--	13	20943	卖盘
10:17:45	16.11	--	63	102298	卖盘
10:17:30	16.11	-0.01	10	16110	卖盘
10:17:25	16.12	--	6	9672	买盘
10:17:15	16.12	0.01	10	16120	买盘
10:17:10	16.11	-0.01	1	1611	卖盘
10:17:00	16.12	0.01	5	8060	买盘
10:16:45	16.11	--	14	22554	卖盘
10:16:40	16.11	--	5	8055	卖盘
10:16:19	16.11	-0.01	32	51552	卖盘
10:16:10	16.12	0.01	6	9672	买盘
10:16:04	16.11	-0.01	4	6444	卖盘
10:15:34	16.12	--	6	9672	买盘
10:15:19	16.12	-0.01	36	58838	卖盘
10:15:09	16.13	0.01	1	1613	买盘
10:15:04	16.12	--	201	324012	卖盘
10:14:54	16.12	--	10	16120	卖盘
10:14:49	16.12	--	9	14508	卖盘
10:14:34	16.12	-0.01	5	8060	卖盘
10:14:13	16.13	--	52	83876	买盘
10:13:49	16.13	0.01	1	1613	买盘
10:13:34	16.12	-0.01	59	95914	卖盘
10:13:28	16.13	0.01	40	64519	买盘
10:12:49	16.12	-0.01	10	16120	卖盘
10:12:39	16.13	--	10	16129	买盘
10:12:34	16.13	--	5	8064	买盘
10:12:28	16.13	--	51	82263	买盘
10:12:24	16.13	--	6	9678	买盘
10:11:54	16.13	0.01	44	70972	买盘
10:11:39	16.12	-0.01	4	6448	卖盘
10:11:34	16.13	0.01	4	6452	买盘
10:11:24	16.12	--	13	20956	卖盘
10:11:13	16.12	0.01	157	253084	买盘
10:11:09	16.11	-0.01	4	6444	卖盘
10:11:03	16.12	--	3	4836	买盘
10:10:54	16.12	--	30	48360	买盘
10:10:33	16.12	--	6	9672	买盘
10:10:24	16.12	0.01	118	190216	买盘
10:10:09	16.11	--	2	3222	卖盘
10:09:52	16.11	-0.01	16	25776	卖盘
10:09:49	16.12	0.01	3	4836	买盘
10:09:28	16.11	-0.01	26	41886	卖盘
10:09:07	16.12	0.01	13	20956	买盘
10:09:03	16.11	--	10	16110	卖盘
10:08:58	16.11	--	6	9666	卖盘
10:08:43	16.11	-0.01	5	8055	卖盘
10:08:37	16.12	--	35	56420	买盘
10:08:33	16.12	--	1	1612	买盘
10:08:03	16.12	--	11	17732	买盘
10:07:48	16.12	--	8	12896	买盘
10:07:37	16.12	--	5	8060	买盘
10:07:22	16.12	0.01	4	6448	买盘
10:07:18	16.11	--	2	3222	卖盘
10:07:13	16.11	-0.01	19	30609	卖盘
10:07:07	16.12	0.01	5	8060	买盘
10:06:58	16.11	-0.01	2	3222	卖盘
10:06:48	16.12	0.01	10	16120	买盘
10:06:43	16.11	--	43	69273	卖盘
10:06:13	16.11	--	1	1611	卖盘
10:06:07	16.11	-0.01	15	24165	卖盘
10:06:03	16.12	--	5	8060	买盘
10:05:58	16.12	--	100	161200	买盘
10:05:48	16.12	0.01	7	11284	买盘
10:05:43	16.11	--	1	1611	卖盘
10:05:33	16.11	--	16	25776	卖盘
10:05:28	16.11	--	9	15304	买盘
10:05:22	16.11	--	5	8055	买盘
10:05:18	16.11	-0.01	15	24970	卖盘
10:05:13	16.12	0.01	19	31434	买盘
10:04:58	16.11	--	292	470412	卖盘
10:04:48	16.11	--	30	48330	卖盘
10:04:37	16.11	0.01	48	77328	买盘
10:04:33	16.1	-0.01	168	270480	卖盘
10:04:28	16.11	--	2	3222	买盘
10:04:22	16.11	-0.01	4	6444	买盘
10:04:18	16.12	--	241	388492	买盘
10:04:07	16.12	0.01	9	14508	买盘
10:04:03	16.11	--	12	19332	卖盘
10:03:57	16.11	--	42	67662	买盘
10:03:48	16.11	--	10	16110	买盘
10:03:43	16.11	--	5	8055	买盘
10:03:31	16.11	0.01	16	25776	买盘
10:03:22	16.1	--	4	6440	卖盘
10:03:13	16.1	-0.01	1	1610	卖盘
10:03:07	16.11	0.01	12	19332	买盘
10:02:58	16.1	--	70	112700	买盘
10:02:42	16.1	--	3	4830	买盘
10:02:37	16.1	--	10	16100	买盘
10:02:22	16.1	--	14	22540	买盘
10:02:16	16.1	--	5	8050	买盘
10:02:01	16.1	--	12	19320	买盘
10:01:57	16.1	-0.01	26	41860	卖盘
10:01:52	16.11	--	16	25776	买盘
10:01:42	16.11	--	13	20943	买盘
10:01:31	16.11	--	112	180432	卖盘
10:01:22	16.11	--	35	56385	卖盘
10:01:12	16.11	-0.01	1	1611	中性盘
10:01:07	16.12	--	3	4836	买盘
10:00:57	16.12	--	6	10478	卖盘
10:00:52	16.12	0.02	114	184574	买盘
10:00:46	16.1	-0.02	8	12880	卖盘
10:00:27	16.12	--	30	48360	买盘
10:00:22	16.12	--	363	585962	卖盘
10:00:16	16.12	-0.01	2	3224	卖盘
10:00:01	16.13	--	2	3226	卖盘
09:59:57	16.13	--	14	22582	卖盘
09:59:42	16.13	--	12	19356	卖盘
09:59:37	16.13	--	10	16129	卖盘
09:59:31	16.13	-0.01	5	8064	卖盘
09:59:27	16.14	--	2	3228	买盘
09:59:22	16.14	--	0	0	买盘
09:59:16	16.14	0.01	79	127506	买盘
09:59:07	16.13	-0.01	97	156461	卖盘
09:59:01	16.14	--	5	8070	买盘
09:58:52	16.14	0.01	5	8070	买盘
09:58:42	16.13	--	13	20969	卖盘
09:58:37	16.13	--	4	6452	买盘
09:58:22	16.13	--	8	12904	卖盘
09:58:16	16.13	--	10	16129	卖盘
09:58:12	16.13	-0.01	245	395185	卖盘
09:58:07	16.14	-0.01	7	11298	中性盘
09:57:57	16.15	--	30	48449	买盘
09:57:51	16.15	0.01	30	48449	买盘
09:57:46	16.14	-0.01	3	4842	卖盘
09:57:42	16.15	--	7	11304	买盘
09:57:36	16.15	--	24	38760	买盘
09:57:31	16.15	0.01	15	24224	买盘
09:57:27	16.14	-0.01	50	80700	卖盘
09:57:22	16.15	0.01	15	24224	买盘
09:57:12	16.14	-0.01	30	48420	卖盘
09:57:06	16.15	--	20	32299	买盘
09:57:01	16.15	0.01	1	1614	买盘
09:56:55	16.14	-0.01	13	20982	卖盘
09:56:51	16.15	--	10	16149	买盘
09:56:46	16.15	--	12	19380	买盘
09:56:40	16.15	--	2	3229	买盘
09:56:37	16.15	--	29	46834	买盘
09:56:31	16.15	--	0	0	买盘
09:56:25	16.15	0.01	101	163115	买盘
09:56:21	16.14	--	10	16140	卖盘
09:56:16	16.14	--	22	35508	卖盘
09:56:10	16.14	--	1	1614	买盘
09:56:06	16.14	--	9	14526	买盘
09:56:01	16.14	--	74	119436	买盘
09:55:55	16.14	--	10	16140	买盘
09:55:51	16.14	--	20	32280	买盘
09:55:36	16.14	--	2	3228	买盘
09:55:31	16.14	--	13	20982	买盘
09:55:25	16.14	--	4	6456	买盘
09:55:21	16.14	--	4	6456	卖盘
09:55:16	16.14	--	54	87156	买盘
09:55:10	16.14	--	15	24210	买盘
09:55:06	16.14	--	10	16140	买盘
09:55:01	16.14	--	58	93612	买盘
09:54:55	16.14	0.01	78	125892	买盘
09:54:51	16.13	-0.01	27	43551	卖盘
09:54:46	16.14	0.01	3	4842	买盘
09:54:36	16.13	0.01	30	48390	买盘
09:54:31	16.12	--	0	0	卖盘
09:54:25	16.12	-0.01	5	8060	卖盘
09:54:21	16.13	--	199	321793	买盘
09:54:16	16.13	0.01	6	9678	买盘
09:54:10	16.12	--	1	1612	卖盘
09:54:06	16.12	--	33	53196	卖盘
09:54:01	16.12	--	6	9672	卖盘
09:53:55	16.12	-0.01	33	53196	卖盘
09:53:51	16.13	0.01	24	38712	买盘
09:53:46	16.12	-0.01	40	64480	卖盘
09:53:40	16.13	0.02	684	1103292	买盘
09:53:31	16.11	--	29	46719	卖盘
09:53:21	16.11	--	12	19332	卖盘
09:53:01	16.11	--	100	161100	卖盘
09:52:51	16.11	--	1	1611	卖盘
09:52:40	16.11	--	17	27387	买盘
09:52:36	16.11	-0.01	11	17721	买盘
09:52:31	16.12	--	0	0	买盘
09:52:21	16.12	0.01	52	83824	买盘
09:52:10	16.11	--	6	9666	卖盘
09:52:06	16.11	--	7	11277	卖盘
09:52:01	16.11	--	15	24165	卖盘
09:51:55	16.11	--	7	11277	买盘
09:51:51	16.11	--	1	1611	买盘
09:51:40	16.11	--	31	49941	买盘
09:51:36	16.11	0.01	337	542907	买盘
09:51:31	16.1	-0.01	19	30590	卖盘
09:51:25	16.11	--	2	3222	买盘
09:51:21	16.11	--	27	43497	买盘
09:51:10	16.11	--	10	16110	买盘
09:51:00	16.11	--	9	14499	买盘
09:50:55	16.11	--	5	8055	买盘
09:50:51	16.11	--	55	88605	买盘
09:50:45	16.11	-0.01	228	367308	卖盘
09:50:36	16.12	--	31	49972	买盘
09:50:30	16.12	0.01	37	59644	买盘
09:50:25	16.11	--	80	128880	卖盘
09:50:21	16.11	--	60	96660	卖盘
09:50:15	16.11	--	100	161100	卖盘
09:50:10	16.11	--	110	177210	卖盘
09:50:01	16.11	--	40	64440	买盘
09:49:55	16.11	--	41	66051	买盘
09:49:49	16.11	--	37	59607	买盘
09:49:34	16.11	--	1	1611	买盘
09:49:30	16.11	--	20	32220	买盘
09:49:25	16.11	--	25	40275	买盘
09:49:19	16.11	0.01	11	17721	买盘
09:49:15	16.1	--	138	222180	买盘
09:49:00	16.1	0.01	2	3220	买盘
09:48:55	16.09	--	31	49879	卖盘
09:48:45	16.09	--	20	32180	卖盘
09:48:40	16.09	--	45	72405	买盘
09:48:30	16.09	--	39	62751	买盘
09:48:25	16.09	--	62	99758	买盘
09:48:15	16.09	0.01	8	12872	买盘
09:48:10	16.08	--	87	139895	买盘
09:48:04	16.08	--	16	25727	买盘
09:48:00	16.08	0.01	43	69143	买盘
09:47:55	16.07	-0.01	2	3214	卖盘
09:47:49	16.08	0.01	52	83615	买盘
09:47:34	16.07	-0.01	10	16070	卖盘
09:47:25	16.08	0.01	54	86831	买盘
09:47:19	16.07	--	11	17677	卖盘
09:47:15	16.07	--	4	6428	卖盘
09:47:10	16.07	--	23	36961	卖盘
09:47:00	16.07	0.01	45	72315	买盘
09:46:55	16.06	--	0	0	中性盘
09:46:45	16.06	-0.01	4	6423	卖盘
09:46:34	16.07	-0.01	55	88385	卖盘
09:46:30	16.08	0.01	2	3215	买盘
09:46:25	16.07	-0.01	10	16070	卖盘
09:46:19	16.08	0.01	10	16079	买盘
09:46:10	16.07	--	5	8035	卖盘
09:46:04	16.07	0.01	238	382466	买盘
09:46:00	16.06	--	18	28907	买盘
09:45:45	16.06	-0.01	7	11242	卖盘
09:45:40	16.07	0.01	5	8035	买盘
09:45:30	16.06	--	8	12847	卖盘
09:45:25	16.06	-0.01	43	69058	卖盘
09:45:19	16.07	0.01	6	9642	买盘
09:45:10	16.06	--	3	4818	卖盘
09:45:00	16.06	-0.01	3	4818	卖盘
09:44:55	16.07	--	14	22498	买盘
09:44:45	16.07	--	23	36961	买盘
09:44:40	16.07	--	93	149451	买盘
09:44:34	16.07	--	39	62673	买盘
09:44:30	16.07	--	3	4821	买盘
09:44:24	16.07	--	20	32140	买盘
09:44:15	16.07	--	3	4821	买盘
09:44:04	16.07	--	16	25712	买盘
09:43:54	16.07	--	3	4821	买盘
09:43:45	16.07	--	2	3214	买盘
09:43:28	16.07	--	40	64280	买盘
09:43:19	16.07	0.01	15	24105	买盘
09:43:13	16.06	-0.02	14	22484	卖盘
09:43:09	16.08	--	0	0	买盘
09:43:04	16.08	0.02	7	11255	买盘
09:42:58	16.06	--	3	4818	买盘
09:42:54	16.06	--	47	75482	卖盘
09:42:43	16.06	--	0	0	卖盘
09:42:39	16.06	-0.01	119	191113	卖盘
09:42:28	16.07	--	21	33747	买盘
09:42:24	16.07	--	2	3214	买盘
09:42:19	16.07	-0.01	96	154272	卖盘
09:42:09	16.08	--	54	86831	买盘
09:42:04	16.08	--	10	16079	买盘
09:41:54	16.08	--	24	38591	买盘
09:41:49	16.08	0.01	1	1607	买盘
09:41:39	16.07	--	23	36961	买盘
09:41:34	16.07	--	13	20891	买盘
09:41:28	16.07	--	22	35354	买盘
09:41:24	16.07	-0.01	53	85171	卖盘
09:41:19	16.08	--	10	16079	买盘
09:41:09	16.08	0.01	4	6431	买盘
09:41:04	16.07	--	47	75529	买盘
09:40:58	16.07	--	23	36961	买盘
09:40:49	16.07	--	27	43389	买盘
09:40:43	16.07	--	10	16070	买盘
09:40:39	16.07	--	2	3214	买盘
09:40:34	16.07	0.01	20	32140	买盘
09:40:24	16.06	-0.01	28	44968	卖盘
09:40:13	16.07	0.01	29	46603	买盘
09:40:09	16.06	0.01	2	3211	买盘
09:40:04	16.05	-0.01	48	77040	卖盘
09:39:58	16.06	--	6	9636	买盘
09:39:54	16.06	--	13	20878	买盘
09:39:34	16.06	0.02	22	35332	卖盘
09:39:24	16.04	--	0	0	卖盘
09:39:19	16.04	--	2	3208	卖盘
09:39:13	16.04	-0.02	9	14436	卖盘
09:39:09	16.06	--	82	131692	买盘
09:39:04	16.06	0.02	1	1605	买盘
09:38:58	16.04	--	2	3208	卖盘
09:38:49	16.04	--	19	30476	卖盘
09:38:39	16.04	--	2	3208	买盘
09:38:24	16.04	--	20	32080	买盘
09:38:19	16.04	--	62	99448	卖盘
09:38:13	16.04	-0.01	25	40100	卖盘
09:38:09	16.05	--	22	35310	买盘
09:38:04	16.05	0.01	7	11235	买盘
09:37:54	16.04	--	2	3208	卖盘
09:37:48	16.04	--	52	83408	卖盘
09:37:39	16.04	--	6	9624	卖盘
09:37:33	16.04	-0.01	32	51328	卖盘
09:37:24	16.05	--	30	48150	买盘
09:37:18	16.05	-0.01	85	136425	卖盘
09:37:13	16.06	--	77	123661	买盘
09:37:07	16.06	0.01	40	64239	买盘
09:37:03	16.05	--	100	160500	卖盘
09:36:58	16.05	-0.01	32	51360	卖盘
09:36:52	16.06	--	5	8029	买盘
09:36:48	16.06	--	3	4818	买盘
09:36:43	16.06	-0.01	20	32119	中性盘
09:36:33	16.07	0.01	35	56245	买盘
09:36:22	16.06	--	10	16059	买盘
09:36:18	16.06	-0.01	28	44968	卖盘
09:36:13	16.07	--	121	194447	买盘
09:36:03	16.07	0.01	5	8035	买盘
09:35:58	16.06	-0.01	24	38544	卖盘
09:35:52	16.07	--	3	4821	买盘
09:35:48	16.07	0.01	29	46603	买盘
09:35:43	16.06	--	0	0	卖盘
09:35:37	16.06	-0.01	17	27301	卖盘
09:35:33	16.07	0.01	30	48210	买盘
09:35:28	16.06	--	20	32119	卖盘
09:35:18	16.06	--	70	112419	卖盘
09:35:13	16.06	--	6	9636	买盘
09:35:07	16.06	--	5	8029	买盘
09:35:03	16.06	--	9	14453	买盘
09:34:58	16.06	--	10	16059	买盘
09:34:48	16.06	0.01	25	40150	买盘
09:34:43	16.05	--	43	69015	买盘
09:34:33	16.05	--	60	96300	买盘
09:34:28	16.05	0.01	5	8025	买盘
09:34:18	16.04	0.01	2	3208	买盘
09:34:07	16.03	--	11	17633	卖盘
09:34:03	16.03	--	3	6299	买盘
09:33:58	16.03	--	30	48090	买盘
09:33:43	16.03	--	5	8015	买盘
09:33:37	16.03	--	104	166712	买盘
09:33:33	16.03	--	50	80150	买盘
09:33:28	16.03	--	22	35266	买盘
09:33:22	16.03	--	20	32060	买盘
09:33:18	16.03	--	10	16030	买盘
09:33:13	16.03	--	8	12824	买盘
09:32:58	16.03	--	22	35266	买盘
09:32:48	16.03	0.01	3	4809	买盘
09:32:43	16.02	0.01	2	3204	卖盘
09:32:28	16.01	--	20	32020	卖盘
09:32:22	16.01	--	6	9606	卖盘
09:32:18	16.01	-0.01	66	105666	卖盘
09:32:07	16.02	--	7	11214	卖盘
09:32:03	16.02	--	3	4806	卖盘
09:31:58	16.02	0.01	21	33642	卖盘
09:31:52	16.01	--	0	0	卖盘
09:31:43	16.01	--	44	70444	卖盘
09:31:33	16.01	--	8	12808	卖盘
09:31:28	16.01	0.01	1	1601	卖盘
09:31:22	16.0	--	0	0	卖盘
09:31:18	16.0	-0.02	72	115200	卖盘
09:31:12	16.02	0.02	32	52065	买盘
09:31:03	16.0	-0.01	10	16000	卖盘
09:30:48	16.01	--	38	60838	买盘
09:30:42	16.01	-0.01	14	22414	卖盘
09:30:37	16.02	0.02	9	14418	买盘
09:30:31	16.0	--	0	0	卖盘
09:30:27	16.0	-0.03	2	3200	卖盘
09:30:22	16.03	--	8	12824	买盘
09:30:16	16.03	--	3	4809	买盘
09:30:07	16.03	-0.01	164	262892	中性盘
09:28:57	16.04	--	0	0	买盘
09:25:06	16.04	16.04	183	293532	买盘
