成交时间	成交价	价格变动	成交量(手)	成交额(元)	性质
15:00:00	29.35	--	0	0	买盘
15:00:00	29.35	--	0	0	买盘
14:59:59	29.35	--	5	14675	买盘
14:59:54	29.35	0.01	10	29350	买盘
14:59:49	29.34	-0.01	3	8802	卖盘
14:59:44	29.35	--	34	99790	卖盘
14:59:40	29.35	--	5	14675	卖盘
14:59:34	29.35	0.01	11	32285	买盘
14:59:29	29.34	--	0	0	中性盘
14:59:19	29.34	-0.01	39	114426	卖盘
14:59:14	29.35	-0.01	7	20545	买盘
14:58:59	29.36	0.01	121	355256	买盘
14:58:54	29.35	0.01	14	41090	买盘
14:58:49	29.34	-0.01	10	29340	卖盘
14:58:39	29.35	--	3	8805	买盘
14:58:34	29.35	0.01	3	8805	买盘
14:58:29	29.34	-0.01	6	17604	卖盘
14:58:19	29.35	--	20	58700	买盘
14:58:14	29.35	--	10	29350	买盘
14:58:04	29.35	--	7	20545	买盘
14:57:59	29.35	--	2	5870	卖盘
14:57:54	29.35	-0.01	33	96855	卖盘
14:57:29	29.36	0.01	3	8808	买盘
14:57:19	29.35	--	34	99790	卖盘
14:57:14	29.35	-0.01	5	14675	卖盘
14:57:04	29.36	--	3	8808	买盘
14:56:59	29.36	0.02	18	52848	买盘
14:56:54	29.34	--	0	0	卖盘
14:56:49	29.34	-0.02	2	5868	卖盘
14:56:39	29.36	--	3	8808	买盘
14:56:34	29.36	0.02	11	32296	卖盘
14:56:19	29.34	-0.02	24	70416	卖盘
14:56:14	29.36	--	10	29360	买盘
14:56:09	29.36	--	4	11744	买盘
14:56:04	29.36	--	2	5872	买盘
14:55:59	29.36	--	2	5872	买盘
14:55:49	29.36	--	0	0	买盘
14:55:44	29.36	-0.01	9	26424	卖盘
14:55:39	29.37	--	7	20559	中性盘
14:55:34	29.37	--	31	91047	买盘
14:55:24	29.37	--	2	5874	卖盘
14:55:14	29.37	--	2	5874	卖盘
14:54:59	29.37	0.01	22	64614	买盘
14:54:54	29.36	--	4	11744	中性盘
14:54:44	29.36	--	6	17616	卖盘
14:54:38	29.36	0.01	7	20552	买盘
14:54:29	29.35	--	0	0	卖盘
14:54:24	29.35	-0.02	30	88050	卖盘
14:54:19	29.37	--	2	5874	卖盘
14:54:13	29.37	0.02	8	23496	买盘
14:53:58	29.35	--	30	88050	卖盘
14:53:44	29.35	-0.01	10	29350	卖盘
14:53:33	29.36	--	1	2936	买盘
14:53:28	29.36	--	8	23488	买盘
14:53:23	29.36	0.01	20	58720	买盘
14:53:13	29.35	-0.01	1	2935	卖盘
14:53:08	29.36	--	5	14680	买盘
14:52:43	29.36	-0.01	26	76336	卖盘
14:52:38	29.37	0.01	6	17622	买盘
14:52:28	29.36	--	2	5872	卖盘
14:52:08	29.36	-0.01	15	44040	卖盘
14:52:02	29.37	--	6	17622	买盘
14:51:58	29.37	--	4	11748	买盘
14:51:53	29.37	-0.02	21	61677	卖盘
14:51:43	29.39	--	0	0	买盘
14:51:33	29.39	--	12	35268	买盘
14:51:28	29.39	--	0	0	买盘
14:51:02	29.39	--	36	105804	买盘
14:50:58	29.39	0.01	3	8817	买盘
14:50:53	29.38	--	10	29380	卖盘
14:50:47	29.38	--	2	5876	卖盘
14:50:43	29.38	--	17	49946	卖盘
14:50:38	29.38	-0.01	7	20566	卖盘
14:50:28	29.39	0.01	10	29390	买盘
14:50:13	29.38	--	5	14690	卖盘
14:50:02	29.38	0.02	45	132210	买盘
14:49:47	29.36	--	0	0	卖盘
14:49:38	29.36	--	2	5872	卖盘
14:49:32	29.36	-0.01	2	5872	卖盘
14:49:28	29.37	0.01	4	11748	买盘
14:49:17	29.36	-0.01	2	5872	卖盘
14:49:12	29.37	--	3	8811	买盘
14:49:08	29.37	0.01	3	8811	买盘
14:49:02	29.36	--	5	14680	卖盘
14:48:38	29.36	--	5	14680	卖盘
14:48:32	29.36	--	3	8808	卖盘
14:48:23	29.36	--	5	14680	卖盘
14:48:08	29.36	--	4	11744	买盘
14:48:02	29.36	--	9	26424	卖盘
14:47:53	29.36	0.01	4	11744	卖盘
14:47:47	29.35	--	0	0	卖盘
14:47:32	29.35	-0.02	15	44025	卖盘
14:47:17	29.37	0.02	5	14685	买盘
14:46:52	29.35	--	2	5870	卖盘
14:46:37	29.35	--	10	29350	卖盘
14:46:32	29.35	--	26	76310	卖盘
14:46:12	29.35	--	15	44025	买盘
14:46:07	29.35	0.01	5	14675	买盘
14:46:02	29.34	-0.01	20	58680	卖盘
14:45:47	29.35	--	70	205450	买盘
14:45:41	29.35	-0.01	21	61635	卖盘
14:45:37	29.36	0.01	1	2936	买盘
14:45:26	29.35	-0.01	10	29350	卖盘
14:45:17	29.36	0.01	9	26424	卖盘
14:45:07	29.35	--	0	0	卖盘
14:45:02	29.35	--	0	0	卖盘
14:44:52	29.35	-0.05	7	20545	卖盘
14:44:37	29.4	-0.01	2	5880	买盘
14:44:32	29.41	--	0	0	买盘
14:44:22	29.41	--	7	20587	卖盘
14:44:17	29.41	0.05	3	8823	买盘
14:44:07	29.36	-0.05	9	26424	卖盘
14:43:52	29.41	-0.02	3	8823	卖盘
14:43:37	29.43	--	154	455576	卖盘
14:43:32	29.43	--	2	5886	卖盘
14:43:22	29.43	-0.01	30	88290	卖盘
14:43:17	29.44	0.01	20	58880	买盘
14:43:07	29.43	--	70	206598	买盘
14:42:52	29.43	--	64	188352	买盘
14:42:47	29.43	--	3	8829	卖盘
14:42:32	29.43	--	12	35316	卖盘
14:42:26	29.43	-0.01	21	61803	卖盘
14:42:21	29.44	-0.01	3	8832	买盘
14:42:17	29.45	0.02	134	394630	买盘
14:42:11	29.43	--	20	58860	卖盘
14:42:06	29.43	--	4	11772	卖盘
14:42:02	29.43	-0.01	10	29430	卖盘
14:41:56	29.44	0.01	12	35328	买盘
14:41:51	29.43	--	10	29430	卖盘
14:41:41	29.43	0.01	93	273699	买盘
14:41:36	29.42	--	30	88260	卖盘
14:41:32	29.42	--	3	8826	卖盘
14:41:26	29.42	--	21	61782	卖盘
14:41:16	29.42	0.01	11	32362	卖盘
14:41:11	29.41	--	0	0	卖盘
14:41:06	29.41	-0.01	60	176460	卖盘
14:41:01	29.42	-0.02	5	14710	买盘
14:40:51	29.44	--	0	0	买盘
14:40:46	29.44	--	0	0	买盘
14:40:41	29.44	0.03	102	300288	买盘
14:40:36	29.41	-0.02	4	11764	卖盘
14:40:31	29.43	0.01	3	8829	买盘
14:40:21	29.42	--	52	152984	卖盘
14:40:11	29.42	--	4	11768	卖盘
14:40:06	29.42	0.01	43	126506	买盘
14:40:01	29.41	--	0	0	买盘
14:39:41	29.41	--	8	23528	卖盘
14:39:36	29.41	--	5	14705	卖盘
14:39:26	29.41	--	4	11764	卖盘
14:39:21	29.41	0.05	20	58820	买盘
14:39:16	29.36	--	0	0	卖盘
14:39:05	29.36	-0.04	100	293600	卖盘
14:38:50	29.4	0.03	58	170520	买盘
14:38:41	29.37	0.01	1	2937	买盘
14:38:35	29.36	--	10	29360	卖盘
14:38:31	29.36	--	5	14680	卖盘
14:38:26	29.36	0.01	5	14680	买盘
14:38:16	29.35	0.03	133	390355	买盘
14:38:01	29.32	--	4	11728	卖盘
14:37:56	29.32	--	4	11728	买盘
14:37:20	29.32	0.01	4	11728	买盘
14:37:11	29.31	--	19	55689	卖盘
14:36:56	29.31	--	1	2931	卖盘
14:36:50	29.31	--	34	99654	买盘
14:36:46	29.31	--	22	64482	买盘
14:36:30	29.31	0.01	5	14655	买盘
14:36:11	29.3	--	50	146500	卖盘
14:36:05	29.3	0.04	73	213890	买盘
14:35:45	29.26	--	0	0	卖盘
14:35:35	29.26	-0.03	125	365750	卖盘
14:35:26	29.29	--	44	128876	卖盘
14:35:20	29.29	--	44	128876	买盘
14:35:11	29.29	0.01	9	26361	买盘
14:34:50	29.28	--	12	35136	买盘
14:34:25	29.28	--	7	20496	买盘
14:34:10	29.28	0.03	11	32208	买盘
14:33:40	29.25	--	12	35100	卖盘
14:33:15	29.25	0.01	16	46800	买盘
14:33:05	29.24	-0.01	2	5848	卖盘
14:32:40	29.25	0.01	5	14625	买盘
14:32:35	29.24	--	10	29240	卖盘
14:32:29	29.24	--	5	14620	卖盘
14:32:20	29.24	0.02	10	29240	买盘
14:32:05	29.22	--	0	0	卖盘
14:31:44	29.22	--	5	14610	买盘
14:31:35	29.22	0.01	10	29220	买盘
14:31:25	29.21	--	0	0	卖盘
14:31:20	29.21	-0.04	93	271653	卖盘
14:31:14	29.25	0.03	23	67275	买盘
14:30:55	29.22	--	1	2922	买盘
14:30:49	29.22	--	2	5844	买盘
14:30:44	29.22	0.01	1	2922	买盘
14:30:40	29.21	--	0	0	卖盘
14:30:35	29.21	-0.04	50	146050	卖盘
14:30:04	29.25	--	0	0	买盘
14:29:54	29.25	0.01	6	17550	买盘
14:29:44	29.24	--	2	5848	买盘
14:29:34	29.24	0.02	10	29240	买盘
14:28:44	29.22	-0.02	30	87660	卖盘
14:28:09	29.24	0.02	5	14620	买盘
14:27:59	29.22	--	16	46752	卖盘
14:27:49	29.22	--	2	5844	卖盘
14:27:39	29.22	-0.01	21	61362	卖盘
14:26:44	29.23	-0.02	22	64306	卖盘
14:26:34	29.25	0.01	10	29250	买盘
14:26:14	29.24	--	2	5848	卖盘
14:26:04	29.24	--	1	2924	买盘
14:25:38	29.24	--	1	2924	买盘
14:25:23	29.24	--	18	52632	卖盘
14:25:19	29.24	-0.01	2	5848	卖盘
14:24:19	29.25	-0.01	3	8775	卖盘
14:24:13	29.26	0.01	2	5852	中性盘
14:23:38	29.25	--	5	14625	卖盘
14:23:23	29.25	--	2	5850	买盘
14:23:13	29.25	--	5	14625	买盘
14:23:08	29.25	--	10	29250	买盘
14:22:28	29.25	--	9	26325	卖盘
14:22:23	29.25	--	1	2925	卖盘
14:22:18	29.25	--	3	8775	买盘
14:21:58	29.25	0.01	5	14625	买盘
14:21:53	29.24	--	0	0	卖盘
14:21:43	29.24	-0.01	10	29240	卖盘
14:21:38	29.25	--	25	73125	买盘
14:21:23	29.25	--	7	20475	买盘
14:21:18	29.25	0.01	10	29250	卖盘
14:20:53	29.24	--	0	0	卖盘
14:20:33	29.24	0.01	8	23392	中性盘
14:19:53	29.23	--	83	242609	买盘
14:19:47	29.23	0.01	240	701520	买盘
14:19:23	29.22	--	20	58440	买盘
14:19:08	29.22	--	0	0	中性盘
14:18:53	29.22	--	0	0	买盘
14:18:38	29.22	0.02	6	17532	买盘
14:18:17	29.2	--	5	14600	卖盘
14:18:13	29.2	--	60	175200	买盘
14:17:58	29.2	--	1	2920	买盘
14:17:47	29.2	-0.02	39	113880	卖盘
14:17:38	29.22	0.02	6	17532	买盘
14:17:22	29.2	-0.02	4	11680	卖盘
14:17:17	29.22	0.02	1	2922	买盘
14:17:02	29.2	--	50	146000	卖盘
14:16:32	29.2	0.01	26	75920	买盘
14:16:22	29.19	--	0	0	买盘
14:16:17	29.19	--	17	49623	买盘
14:16:07	29.19	--	1	2919	买盘
14:15:37	29.19	-0.01	14	40866	卖盘
14:14:52	29.2	--	10	29200	买盘
14:14:47	29.2	-0.02	89	259880	卖盘
14:14:07	29.22	-0.01	20	58440	卖盘
14:13:56	29.23	--	3	8769	卖盘
14:13:52	29.23	--	10	29230	卖盘
14:13:47	29.23	--	100	292300	卖盘
14:13:41	29.23	--	0	0	卖盘
14:12:56	29.23	--	150	438450	卖盘
14:12:47	29.23	--	1	2923	卖盘
14:12:07	29.23	-0.01	7	20461	卖盘
14:11:52	29.24	--	5	14620	买盘
14:11:47	29.24	--	5	14620	买盘
14:11:32	29.24	-0.01	4	11696	卖盘
14:11:11	29.25	--	60	175500	买盘
14:10:46	29.25	--	5	14625	买盘
14:10:11	29.25	--	5	14625	买盘
14:10:01	29.25	--	10	29250	买盘
14:09:56	29.25	--	10	29250	买盘
14:09:36	29.25	-0.03	205	599625	卖盘
14:08:56	29.28	0.01	2	5856	卖盘
14:08:31	29.27	--	0	0	卖盘
14:08:26	29.27	-0.02	10	29270	卖盘
14:08:06	29.29	0.01	3	8787	卖盘
14:07:56	29.28	--	1	2928	买盘
14:07:51	29.28	-0.02	6	17568	卖盘
14:07:31	29.3	0.02	26	76180	买盘
14:07:26	29.28	--	0	0	卖盘
14:07:20	29.28	--	3	8784	卖盘
14:07:16	29.28	-0.02	4	11712	卖盘
14:06:46	29.3	--	17	49810	买盘
14:06:01	29.3	--	10	29300	买盘
14:05:16	29.3	-0.03	6	17580	卖盘
14:03:55	29.33	--	2	5866	买盘
14:03:50	29.33	--	0	0	买盘
14:03:35	29.33	0.03	47	137851	买盘
14:03:25	29.3	--	15	43950	买盘
14:03:05	29.3	--	2	5860	买盘
14:02:45	29.3	0.01	100	293000	买盘
14:02:40	29.29	--	7	20503	买盘
14:02:35	29.29	--	10	29290	买盘
14:02:05	29.29	--	0	0	买盘
14:02:00	29.29	0.01	2	5858	买盘
14:01:50	29.28	-0.01	2	5856	卖盘
14:01:40	29.29	0.01	10	29290	买盘
14:00:40	29.28	--	0	0	中性盘
14:00:30	29.28	--	1	2928	卖盘
14:00:25	29.28	--	4	11712	买盘
14:00:20	29.28	0.01	1	2928	买盘
14:00:14	29.27	--	3	8781	卖盘
13:59:59	29.27	--	21	61467	买盘
13:59:10	29.27	--	3	8781	卖盘
13:58:50	29.27	0.01	5	14635	卖盘
13:58:40	29.26	0.01	11	32186	买盘
13:58:34	29.25	--	0	0	卖盘
13:58:04	29.25	--	36	105300	买盘
13:57:54	29.25	0.01	2	5850	买盘
13:57:29	29.24	--	5	14620	卖盘
13:57:19	29.24	--	2	5848	卖盘
13:56:29	29.24	--	13	38012	卖盘
13:56:19	29.24	-0.01	7	20468	卖盘
13:55:59	29.25	--	11	32175	买盘
13:55:54	29.25	--	13	38025	买盘
13:55:39	29.25	--	5	14625	买盘
13:55:29	29.25	--	1	2925	买盘
13:55:14	29.25	0.02	10	29250	买盘
13:54:54	29.23	--	5	14615	卖盘
13:54:29	29.23	--	8	23384	卖盘
13:54:14	29.23	--	20	58460	卖盘
13:54:09	29.23	--	47	137381	卖盘
13:53:53	29.23	-0.01	30	87690	卖盘
13:53:29	29.24	-0.01	2	5848	卖盘
13:53:14	29.25	--	7	20475	买盘
13:53:08	29.25	0.01	24	70200	买盘
13:52:59	29.24	0.01	2	5848	卖盘
13:52:49	29.23	--	0	0	卖盘
13:52:44	29.23	-0.01	15	43845	卖盘
13:52:34	29.24	--	3	8772	买盘
13:52:29	29.24	--	2	5848	买盘
13:52:14	29.24	--	26	76024	卖盘
13:52:04	29.24	-0.01	5	14620	卖盘
13:51:59	29.25	0.01	20	58500	买盘
13:51:53	29.24	--	8	23392	卖盘
13:51:29	29.24	-0.01	2	5848	卖盘
13:51:08	29.25	-0.03	99	289575	卖盘
13:50:58	29.28	-0.02	1	2928	卖盘
13:50:38	29.3	--	36	107824	卖盘
13:50:23	29.3	-0.05	8	23440	卖盘
13:49:58	29.35	--	0	0	买盘
13:49:53	29.35	--	5	14675	买盘
13:49:43	29.35	0.05	3	8805	买盘
13:49:38	29.3	-0.05	8	23440	卖盘
13:49:28	29.35	0.05	2	5870	买盘
13:49:23	29.3	-0.03	40	117200	卖盘
13:49:08	29.33	--	30	88576	买盘
13:48:53	29.33	--	4	11732	买盘
13:48:48	29.33	--	2	5866	买盘
13:48:13	29.33	--	19	55727	买盘
13:48:08	29.33	--	0	0	买盘
13:47:58	29.33	--	0	0	买盘
13:47:53	29.33	0.03	15	43995	买盘
13:47:23	29.3	--	1	5274	卖盘
13:47:13	29.3	--	1	2930	卖盘
13:46:53	29.3	0.02	16	47466	买盘
13:46:43	29.28	-0.02	2	5856	卖盘
13:46:28	29.3	--	26	78524	卖盘
13:46:08	29.3	--	3	8790	卖盘
13:45:52	29.3	--	5	15236	买盘
13:45:43	29.3	--	20	58600	买盘
13:45:28	29.3	--	0	0	买盘
13:44:32	29.3	--	0	0	买盘
13:44:27	29.3	0.04	2	5860	买盘
13:44:22	29.26	--	0	0	卖盘
13:44:17	29.26	-0.04	84	248124	卖盘
13:44:12	29.3	--	19	56256	买盘
13:44:02	29.3	--	4	11720	买盘
13:43:47	29.3	--	19	55670	买盘
13:43:37	29.3	--	2	5860	买盘
13:43:27	29.3	--	20	58600	买盘
13:43:12	29.3	--	35	102550	买盘
13:43:07	29.3	0.06	12	35160	买盘
13:43:02	29.24	0.01	6	17544	卖盘
13:42:57	29.23	--	0	0	卖盘
13:42:52	29.23	--	12	35076	卖盘
13:42:47	29.23	--	113	330299	买盘
13:42:42	29.23	--	33	96459	买盘
13:42:37	29.23	--	35	102305	买盘
13:42:32	29.23	--	111	324453	买盘
13:42:22	29.23	--	200	584600	买盘
13:42:17	29.23	--	13	37999	买盘
13:42:07	29.23	0.02	1	2923	买盘
13:42:02	29.21	-0.02	7	20447	卖盘
13:41:57	29.23	--	1	2923	买盘
13:41:52	29.23	--	3	8769	买盘
13:41:42	29.23	--	5	14615	买盘
13:41:37	29.23	0.03	8	23384	买盘
13:41:22	29.2	--	14	40880	卖盘
13:41:17	29.2	--	80	233600	买盘
13:41:11	29.2	--	0	0	买盘
13:41:07	29.2	0.02	8	23360	买盘
13:40:47	29.18	--	2	5836	卖盘
13:40:41	29.18	--	15	43770	卖盘
13:40:37	29.18	-0.02	8	23344	卖盘
13:40:32	29.2	--	15	43800	买盘
13:40:22	29.2	-0.02	234	683309	卖盘
13:40:07	29.22	-0.01	23	67206	卖盘
13:40:02	29.23	--	5	14615	买盘
13:39:56	29.23	--	1	2923	买盘
13:39:37	29.23	-0.06	15	43845	卖盘
13:39:31	29.29	-0.01	0	2343	卖盘
13:39:16	29.3	--	8	23440	买盘
13:38:46	29.3	0.01	4	11720	买盘
13:38:31	29.29	--	1	2929	卖盘
13:38:26	29.29	--	1	2929	卖盘
13:38:01	29.29	--	3	8787	卖盘
13:37:41	29.29	0.06	23	67367	卖盘
13:37:26	29.23	--	18	53198	买盘
13:37:21	29.23	--	6	17538	买盘
13:37:16	29.23	-0.08	483	1414147	卖盘
13:37:11	29.31	--	5	14655	卖盘
13:36:56	29.31	0.01	18	52758	买盘
13:36:41	29.3	-0.02	10	29300	卖盘
13:36:31	29.32	0.02	34	99688	买盘
13:36:21	29.3	--	0	0	卖盘
13:36:01	29.3	-0.02	9	26956	卖盘
13:35:56	29.32	0.02	2	5864	买盘
13:35:46	29.3	--	5	14650	卖盘
13:35:26	29.3	--	15	43950	卖盘
13:35:06	29.3	--	0	0	卖盘
13:34:56	29.3	--	1	2930	卖盘
13:34:46	29.3	--	2	5860	卖盘
13:34:35	29.3	--	10	29300	卖盘
13:34:31	29.3	-0.01	33	96690	卖盘
13:34:11	29.31	-0.01	27	79137	卖盘
13:33:31	29.32	-0.02	4	14073	卖盘
13:33:26	29.34	--	2	5868	买盘
13:33:20	29.34	--	5	14670	买盘
13:33:10	29.34	-0.03	6	17604	卖盘
13:33:01	29.37	--	1	2937	买盘
13:32:56	29.37	--	0	0	买盘
13:32:50	29.37	--	15	44055	买盘
13:32:40	29.37	--	3	8811	买盘
13:32:35	29.37	--	2	5874	买盘
13:32:15	29.37	--	0	0	买盘
13:32:10	29.37	0.02	45	132165	买盘
13:32:05	29.35	--	0	0	买盘
13:32:00	29.35	0.02	6	17610	买盘
13:31:25	29.33	-0.02	1	2933	卖盘
13:31:10	29.35	--	21	61635	卖盘
13:31:00	29.35	--	4	11740	卖盘
13:30:45	29.35	0.03	3	8805	买盘
13:30:40	29.32	-0.03	0	586	卖盘
13:30:10	29.35	0.03	5	14675	买盘
13:30:05	29.32	-0.03	10	29320	卖盘
13:29:55	29.35	0.03	2	5870	买盘
13:29:50	29.32	-0.04	11	32252	卖盘
13:29:40	29.36	--	0	0	买盘
13:29:35	29.36	0.04	9	26424	买盘
13:29:05	29.32	-0.04	10	29320	卖盘
13:28:55	29.36	--	53	155608	买盘
13:28:30	29.36	--	53	155608	买盘
13:28:20	29.36	0.03	7	20552	买盘
13:28:14	29.33	-0.03	2	5866	卖盘
13:28:05	29.36	--	0	0	买盘
13:27:40	29.36	0.04	5	14680	买盘
13:27:35	29.32	0.01	8	23456	卖盘
13:27:25	29.31	--	0	0	卖盘
13:27:10	29.31	--	0	0	中性盘
13:26:59	29.31	--	0	0	中性盘
13:26:55	29.31	-0.05	4	11724	卖盘
13:26:50	29.36	--	3	8808	买盘
13:26:35	29.36	0.06	1	2936	买盘
13:26:25	29.3	--	25	73250	卖盘
13:26:10	29.3	--	11	32230	卖盘
13:26:04	29.3	--	11	34720	买盘
13:25:55	29.3	--	20	58600	买盘
13:25:44	29.3	--	2	5860	买盘
13:25:39	29.3	--	6	18019	卖盘
13:25:34	29.3	--	11	34632	卖盘
13:25:29	29.3	--	1	2930	卖盘
13:25:09	29.3	-0.03	100	293000	卖盘
13:25:04	29.33	-0.03	71	208243	卖盘
13:24:59	29.36	--	8	23488	卖盘
13:24:54	29.36	-0.02	1	2936	卖盘
13:24:34	29.38	-0.01	20	58760	卖盘
13:24:14	29.39	-0.01	75	220425	卖盘
13:23:54	29.4	--	0	0	中性盘
13:23:49	29.4	--	19	55860	卖盘
13:23:29	29.4	-0.01	124	364560	卖盘
13:23:24	29.41	--	39	114699	卖盘
13:23:14	29.41	--	71	208811	卖盘
13:23:04	29.41	--	2	5882	卖盘
13:22:59	29.41	--	21	61761	卖盘
13:22:49	29.41	--	4	11764	卖盘
13:22:34	29.41	--	83	244103	卖盘
13:22:29	29.41	--	0	0	卖盘
13:22:14	29.41	-0.01	10	29410	卖盘
13:22:04	29.42	--	5	14710	卖盘
13:21:59	29.42	-0.01	10	29420	卖盘
13:21:49	29.43	0.01	3	8829	买盘
13:21:34	29.42	--	0	0	卖盘
13:21:19	29.42	-0.02	19	55898	卖盘
13:21:04	29.44	-0.01	11	32384	卖盘
13:20:29	29.45	--	1	2945	买盘
13:20:04	29.45	0.01	80	235600	买盘
13:19:43	29.44	--	19	55936	卖盘
13:19:33	29.44	--	4	11776	卖盘
13:19:18	29.44	0.02	29	85376	买盘
13:19:13	29.42	-0.02	2	5884	卖盘
13:19:03	29.44	--	0	0	买盘
13:18:53	29.44	0.03	7	20608	买盘
13:18:38	29.41	-0.03	10	29410	卖盘
13:18:28	29.44	0.03	23	67712	买盘
13:17:58	29.41	--	8	23528	买盘
13:17:43	29.41	--	0	0	中性盘
13:17:38	29.41	-0.01	10	29410	买盘
13:17:28	29.42	0.01	2	5884	卖盘
13:17:23	29.41	-0.01	10	29410	卖盘
13:17:13	29.42	0.01	16	47072	买盘
13:17:08	29.41	--	4	11764	卖盘
13:17:03	29.41	--	0	0	卖盘
13:16:48	29.41	-0.03	20	58820	卖盘
13:16:43	29.44	0.02	8	23552	买盘
13:16:28	29.42	--	3	8826	卖盘
13:15:58	29.42	0.02	14	41188	买盘
13:15:38	29.4	--	0	0	卖盘
13:15:33	29.4	-0.02	5	14700	卖盘
13:15:23	29.42	0.01	8	23536	买盘
13:15:13	29.41	--	22	64702	买盘
13:15:08	29.41	-0.02	14	41174	卖盘
13:14:58	29.43	--	0	0	买盘
13:14:53	29.43	--	31	91233	买盘
13:14:23	29.43	--	0	0	买盘
13:13:37	29.43	0.03	163	479709	买盘
13:13:32	29.4	0.01	13	38220	买盘
13:13:22	29.39	--	16	47024	卖盘
13:13:17	29.39	--	2	5878	卖盘
13:13:13	29.39	-0.01	5	14695	卖盘
13:13:02	29.4	-0.03	57	167580	卖盘
13:12:57	29.43	0.03	7	20601	买盘
13:12:32	29.4	--	7	20580	卖盘
13:12:27	29.4	-0.04	1	2940	卖盘
13:12:22	29.44	0.03	8	23552	买盘
13:12:17	29.41	--	0	0	中性盘
13:12:07	29.41	-0.03	59	173519	卖盘
13:12:02	29.44	0.02	1	2944	买盘
13:11:47	29.42	-0.02	15	44130	卖盘
13:11:42	29.44	0.03	25	73600	买盘
13:11:32	29.41	--	0	0	卖盘
13:11:22	29.41	--	0	0	卖盘
13:11:02	29.41	--	8	23528	卖盘
13:10:57	29.41	--	0	0	卖盘
13:10:52	29.41	-0.04	1	2941	卖盘
13:10:47	29.45	0.02	4	11780	买盘
13:10:42	29.43	--	5	14715	买盘
13:10:27	29.43	--	5	14715	卖盘
13:10:17	29.43	--	0	0	卖盘
13:10:12	29.43	-0.03	2	5886	卖盘
13:09:42	29.46	--	1	2946	卖盘
13:09:37	29.46	0.02	4	11784	买盘
13:09:32	29.44	-0.03	5	14720	卖盘
13:09:22	29.47	0.01	1	2947	买盘
13:09:17	29.46	-0.01	1	2946	卖盘
13:09:12	29.47	--	3	8841	买盘
13:08:47	29.47	--	4	11788	买盘
13:08:37	29.47	0.01	5	14735	买盘
13:08:32	29.46	-0.01	4	11784	卖盘
13:07:56	29.47	--	7	20629	卖盘
13:07:52	29.47	-0.01	33	97251	卖盘
13:07:41	29.48	0.01	3	8844	买盘
13:07:37	29.47	--	4	11788	卖盘
13:07:31	29.47	--	10	29470	中性盘
13:07:26	29.47	--	3	8841	卖盘
13:07:22	29.47	-0.01	21	61887	买盘
13:07:01	29.48	--	0	0	买盘
13:06:56	29.48	0.01	8	23584	买盘
13:06:52	29.47	0.01	6	17682	卖盘
13:06:37	29.46	-0.02	5	14730	卖盘
13:06:31	29.48	0.02	10	29480	买盘
13:06:26	29.46	-0.01	3	8838	卖盘
13:06:21	29.47	0.01	12	35364	买盘
13:06:17	29.46	--	2	5892	卖盘
13:06:06	29.46	0.01	13	38298	买盘
13:06:01	29.45	--	2	5890	卖盘
13:05:56	29.45	--	10	29450	卖盘
13:05:51	29.45	--	2	5890	卖盘
13:05:31	29.45	0.01	10	29450	买盘
13:05:26	29.44	--	1	2944	买盘
13:05:21	29.44	-0.01	3	8832	卖盘
13:05:11	29.45	--	5	14725	买盘
13:04:56	29.45	--	6	17670	买盘
13:04:46	29.45	0.01	13	38285	买盘
13:04:26	29.44	0.03	2	5888	买盘
13:04:01	29.41	--	3	8823	买盘
13:03:41	29.41	0.01	1	2941	买盘
13:03:01	29.4	0.01	12	35280	买盘
13:02:46	29.39	-0.01	18	52902	卖盘
13:02:41	29.4	--	2	5880	买盘
13:02:35	29.4	0.01	7	20580	买盘
13:02:31	29.39	-0.01	2	5878	卖盘
13:02:11	29.4	0.01	105	308700	买盘
13:02:01	29.39	--	5	14695	买盘
13:01:46	29.39	--	1	2939	买盘
13:01:35	29.39	0.01	5	14695	买盘
13:01:11	29.38	-0.01	17	49946	卖盘
13:00:55	29.39	0.01	10	29390	买盘
13:00:50	29.38	--	31	91078	卖盘
13:00:46	29.38	--	62	182156	买盘
13:00:10	29.38	--	21	61698	买盘
13:00:05	29.38	--	100	293800	买盘
11:30:00	29.38	--	0	0	买盘
11:30:00	29.38	--	0	0	买盘
11:29:52	29.38	0.06	10	29380	买盘
11:29:42	29.32	--	0	0	卖盘
11:29:07	29.32	--	0	0	卖盘
11:28:37	29.32	--	0	0	卖盘
11:28:22	29.32	--	2	5864	卖盘
11:27:47	29.32	--	0	0	卖盘
11:27:42	29.32	-0.06	103	301996	卖盘
11:27:32	29.38	--	1	2938	卖盘
11:27:22	29.38	-0.01	2	5876	卖盘
11:27:12	29.39	-0.01	3	8817	买盘
11:27:06	29.4	--	0	0	买盘
11:26:56	29.4	--	0	0	买盘
11:26:52	29.4	0.02	236	693840	买盘
11:26:41	29.38	-0.02	3	8814	买盘
11:26:17	29.4	--	0	0	买盘
11:26:06	29.4	0.01	153	449820	买盘
11:25:57	29.39	--	0	0	买盘
11:25:46	29.39	0.07	4	11756	买盘
11:25:21	29.32	-0.07	99	290268	卖盘
11:25:16	29.39	0.07	3	8817	买盘
11:25:11	29.32	--	0	0	卖盘
11:25:01	29.32	--	0	0	卖盘
11:24:51	29.32	-0.05	285	835620	卖盘
11:24:41	29.37	--	0	0	买盘
11:24:21	29.37	--	0	0	买盘
11:24:11	29.37	--	10	29370	买盘
11:23:51	29.37	--	10	29370	买盘
11:23:31	29.37	--	0	0	买盘
11:23:16	29.37	0.07	18	52866	买盘
11:22:41	29.3	0.01	97	284297	买盘
11:22:31	29.29	0.01	2	5858	买盘
11:21:56	29.28	--	15	43920	买盘
11:21:41	29.28	--	7	20496	买盘
11:21:21	29.28	0.03	16	46848	买盘
11:21:15	29.25	--	10	29250	卖盘
11:21:01	29.25	--	1	2925	卖盘
11:20:55	29.25	-0.01	3	8775	卖盘
11:20:26	29.26	--	4	11704	卖盘
11:20:11	29.26	--	11	32186	卖盘
11:20:00	29.26	--	1	2926	卖盘
11:19:41	29.26	--	5	14630	卖盘
11:19:00	29.26	--	1	2926	卖盘
11:18:45	29.26	--	1	2926	买盘
11:18:40	29.26	--	10	29260	买盘
11:18:25	29.26	--	29	84854	卖盘
11:18:05	29.26	--	0	0	卖盘
11:17:40	29.26	-0.02	3	8778	卖盘
11:17:25	29.28	-0.01	3	8784	中性盘
11:17:20	29.29	0.01	13	38077	买盘
11:17:10	29.28	--	91	269288	卖盘
11:16:55	29.28	--	58	169911	买盘
11:16:20	29.28	0.04	20	58560	买盘
11:16:14	29.24	-0.02	2	5848	卖盘
11:16:05	29.26	0.02	11	32186	买盘
11:15:55	29.24	-0.02	12	35088	卖盘
11:15:50	29.26	--	4	11704	买盘
11:15:40	29.26	0.02	1	2926	买盘
11:15:25	29.24	-0.04	8	23392	卖盘
11:15:20	29.28	--	4	11712	买盘
11:14:35	29.28	--	10	29280	买盘
11:13:54	29.28	--	0	0	买盘
11:13:50	29.28	0.04	37	108336	买盘
11:13:45	29.24	--	3	8772	卖盘
11:13:30	29.24	-0.02	2	5848	卖盘
11:13:24	29.26	-0.02	6	17556	买盘
11:13:20	29.28	--	0	0	买盘
11:12:54	29.28	-0.02	5	14640	卖盘
11:12:44	29.3	0.05	18	52740	买盘
11:12:39	29.25	-0.05	15	43875	卖盘
11:12:24	29.3	--	0	0	买盘
11:12:19	29.3	0.04	4	11720	买盘
11:12:09	29.26	0.01	15	43890	买盘
11:11:59	29.25	0.03	6	17550	买盘
11:11:54	29.22	--	1	2922	卖盘
11:11:49	29.22	-0.02	24	70128	卖盘
11:11:44	29.24	--	5	14620	买盘
11:11:24	29.24	0.02	10	29240	卖盘
11:11:19	29.22	--	0	0	卖盘
11:11:04	29.22	--	4	11688	卖盘
11:10:49	29.22	-0.02	35	102270	卖盘
11:10:34	29.24	-0.03	53	154972	卖盘
11:10:29	29.27	-0.03	29	84883	卖盘
11:10:09	29.3	-0.01	2	5860	卖盘
11:10:04	29.31	0.01	2	5862	买盘
11:09:59	29.3	--	9	26370	卖盘
11:09:49	29.3	-0.01	6	17580	卖盘
11:09:39	29.31	0.01	4	11724	买盘
11:09:34	29.3	--	16	46880	卖盘
11:09:24	29.3	-0.01	5	14650	卖盘
11:09:14	29.31	--	3	8793	卖盘
11:09:09	29.31	-0.02	5	14655	卖盘
11:08:59	29.33	0.02	5	14665	买盘
11:08:39	29.31	--	8	23448	卖盘
11:08:19	29.31	--	2	5862	卖盘
11:07:59	29.31	--	0	0	卖盘
11:07:54	29.31	-0.04	10	29310	卖盘
11:07:13	29.35	-0.02	5	14675	卖盘
11:06:48	29.37	--	13	38181	买盘
11:06:43	29.37	0.02	15	44055	买盘
11:06:38	29.35	-0.02	15	44025	卖盘
11:06:33	29.37	0.02	11	32307	买盘
11:06:28	29.35	--	1	2935	卖盘
11:06:18	29.35	--	1	2935	卖盘
11:05:48	29.35	-0.01	12	35220	卖盘
11:05:43	29.36	--	10	29360	买盘
11:05:38	29.36	0.01	9	26424	买盘
11:05:28	29.35	--	5	14675	卖盘
11:05:23	29.35	-0.01	11	32285	卖盘
11:05:18	29.36	0.01	5	14680	买盘
11:04:58	29.35	-0.01	2	5870	卖盘
11:04:43	29.36	-0.01	15	44040	卖盘
11:04:28	29.37	0.01	3	8811	买盘
11:04:23	29.36	--	0	0	中性盘
11:04:18	29.36	--	0	0	买盘
11:03:58	29.36	-0.02	24	70464	卖盘
11:03:28	29.38	--	47	138086	买盘
11:03:13	29.38	0.01	11	32318	买盘
11:03:08	29.37	-0.01	5	14685	卖盘
11:03:02	29.38	--	14	41132	买盘
11:02:58	29.38	0.01	2	5876	买盘
11:02:53	29.37	-0.02	25	73425	卖盘
11:02:48	29.39	0.01	21	61719	买盘
11:02:43	29.38	0.01	8	23504	中性盘
11:02:38	29.37	-0.02	4	11748	卖盘
11:02:32	29.39	0.02	2	5878	买盘
11:02:13	29.37	--	52	152724	买盘
11:02:08	29.37	0.01	2	5874	买盘
11:01:57	29.36	0.01	3	8808	买盘
11:01:42	29.35	-0.02	16	46960	卖盘
11:01:38	29.37	0.02	3	8811	买盘
11:01:22	29.35	--	9	26415	买盘
11:01:17	29.35	0.09	5	14675	买盘
11:01:12	29.26	--	0	0	卖盘
11:01:08	29.26	--	0	0	卖盘
11:00:57	29.26	-0.09	1	2926	卖盘
11:00:53	29.35	0.09	40	117400	买盘
11:00:47	29.26	--	17	49742	卖盘
11:00:38	29.26	0.02	4	11704	中性盘
11:00:27	29.24	0.02	7	20468	卖盘
11:00:22	29.22	--	0	0	卖盘
11:00:07	29.22	--	0	0	卖盘
10:59:57	29.22	-0.03	10	29220	卖盘
10:59:42	29.25	-0.05	6	17550	卖盘
10:59:22	29.3	-0.01	3	8790	买盘
10:59:12	29.31	--	0	0	买盘
10:59:02	29.31	0.01	3	8793	卖盘
10:58:57	29.3	-0.01	15	43950	买盘
10:58:52	29.31	0.01	58	169998	中性盘
10:58:42	29.3	--	8	23440	卖盘
10:58:32	29.3	0.02	10	29300	卖盘
10:58:27	29.28	--	0	0	卖盘
10:58:22	29.28	--	45	131760	卖盘
10:58:17	29.28	-0.05	4	11712	卖盘
10:58:12	29.33	-0.01	3	8799	中性盘
10:58:07	29.34	--	0	0	买盘
10:58:02	29.34	0.05	10	29340	买盘
10:57:57	29.29	-0.05	66	193314	卖盘
10:57:47	29.34	--	5	14670	卖盘
10:57:36	29.34	--	2	5868	卖盘
10:57:32	29.34	--	0	0	卖盘
10:57:26	29.34	--	4	11736	卖盘
10:57:22	29.34	-0.02	13	38142	卖盘
10:57:17	29.36	0.01	61	179096	买盘
10:57:06	29.35	--	1	2935	买盘
10:57:02	29.35	-0.01	2	5870	卖盘
10:56:41	29.36	--	12	35232	卖盘
10:56:26	29.36	--	1	2936	买盘
10:56:21	29.36	--	5	14680	买盘
10:56:02	29.36	--	0	0	买盘
10:55:56	29.36	-0.03	4	11744	卖盘
10:55:51	29.39	0.05	7	20573	买盘
10:55:46	29.34	-0.05	43	126162	卖盘
10:55:36	29.39	--	0	0	买盘
10:55:32	29.39	--	0	0	买盘
10:55:16	29.39	-0.02	18	52902	买盘
10:55:06	29.41	--	0	0	买盘
10:55:01	29.41	0.03	3	8823	买盘
10:54:56	29.38	-0.02	31	91078	卖盘
10:54:51	29.4	--	28	82320	卖盘
10:54:46	29.4	-0.01	21	61740	卖盘
10:54:41	29.41	0.01	6	17646	买盘
10:54:36	29.4	--	7	20580	卖盘
10:54:26	29.4	0.01	32	94080	买盘
10:54:16	29.39	-0.01	3	8817	卖盘
10:54:11	29.4	--	4	11760	买盘
10:54:01	29.4	--	0	0	中性盘
10:53:51	29.4	0.01	5	14700	买盘
10:53:46	29.39	--	0	0	中性盘
10:53:41	29.39	-0.03	5	14695	买盘
10:53:21	29.42	--	0	0	买盘
10:52:51	29.42	--	0	0	买盘
10:52:41	29.42	--	1	2942	买盘
10:52:36	29.42	--	97	285374	买盘
10:52:26	29.42	--	6	17652	卖盘
10:52:21	29.42	-0.01	1	2942	卖盘
10:52:11	29.43	0.01	5	14715	买盘
10:52:06	29.42	--	1	2942	卖盘
10:52:00	29.42	--	10	29420	卖盘
10:51:20	29.42	--	4	11768	买盘
10:51:11	29.42	--	1	2942	买盘
10:51:00	29.42	-0.01	235	691370	卖盘
10:50:56	29.43	0.01	3	8829	买盘
10:50:45	29.42	--	27	79434	卖盘
10:50:35	29.42	-0.01	15	44130	卖盘
10:50:30	29.43	0.01	3	8829	买盘
10:50:20	29.42	0.01	18	52956	买盘
10:50:15	29.41	--	19	55879	卖盘
10:50:11	29.41	-0.01	15	44115	卖盘
10:49:50	29.42	0.01	19	55898	买盘
10:49:40	29.41	--	10	29410	卖盘
10:49:35	29.41	-0.01	35	102935	卖盘
10:49:30	29.42	--	8	23536	买盘
10:49:26	29.42	0.01	55	161810	卖盘
10:49:15	29.41	--	0	0	卖盘
10:49:10	29.41	-0.01	20	58820	卖盘
10:49:05	29.42	--	8	23536	卖盘
10:49:00	29.42	-0.04	1	2942	卖盘
10:48:45	29.46	0.04	3	8838	买盘
10:48:40	29.42	-0.05	19	55898	卖盘
10:48:30	29.47	--	0	0	买盘
10:48:20	29.47	--	6	17682	买盘
10:48:15	29.47	--	38	111986	买盘
10:48:10	29.47	0.06	6	17682	买盘
10:48:05	29.41	-0.06	14	41174	卖盘
10:48:00	29.47	--	0	0	买盘
10:47:55	29.47	--	0	0	中性盘
10:47:50	29.47	--	28	82516	卖盘
10:47:45	29.47	--	10	29470	卖盘
10:47:35	29.47	--	41	120827	买盘
10:47:15	29.47	--	2	5894	卖盘
10:47:10	29.47	0.05	35	103145	买盘
10:47:05	29.42	0.01	32	94144	买盘
10:47:00	29.41	--	20	58820	卖盘
10:46:55	29.41	--	3	8823	卖盘
10:46:50	29.41	-0.02	50	147050	卖盘
10:46:45	29.43	0.01	14	41202	买盘
10:46:40	29.42	-0.01	16	47072	卖盘
10:46:35	29.43	--	5	14715	买盘
10:46:30	29.43	-0.05	3	8829	卖盘
10:46:25	29.48	0.06	32	94336	买盘
10:46:15	29.42	-0.01	21	61782	卖盘
10:46:10	29.43	-0.05	21	61803	中性盘
10:46:00	29.48	0.06	11	32428	买盘
10:45:55	29.42	-0.06	5	14710	买盘
10:45:50	29.48	0.06	8	23584	买盘
10:45:45	29.42	--	10	29420	卖盘
10:45:40	29.42	-0.06	46	135332	卖盘
10:45:35	29.48	0.06	24	70752	中性盘
10:45:24	29.42	-0.07	24	70608	卖盘
10:45:20	29.49	0.08	32	94368	买盘
10:45:09	29.41	--	10	29410	卖盘
10:45:05	29.41	--	0	0	卖盘
10:44:59	29.41	-0.08	25	73525	卖盘
10:44:54	29.49	0.08	14	41286	买盘
10:44:50	29.41	--	15	44115	卖盘
10:44:44	29.41	-0.09	20	58820	卖盘
10:44:39	29.5	--	0	0	买盘
10:44:34	29.5	0.08	32	94400	买盘
10:44:29	29.42	-0.05	8	23536	卖盘
10:44:24	29.47	-0.02	9	26523	中性盘
10:44:20	29.49	0.01	62	182838	买盘
10:44:14	29.48	--	31	91388	卖盘
10:44:05	29.48	0.01	8	23584	买盘
10:43:59	29.47	--	33	97251	卖盘
10:43:50	29.47	0.07	170	500990	买盘
10:43:39	29.4	--	7	20580	卖盘
10:43:35	29.4	--	10	29400	卖盘
10:43:29	29.4	--	8	23520	卖盘
10:43:24	29.4	--	139	408660	买盘
10:43:09	29.4	--	1	2940	买盘
10:43:05	29.4	--	0	0	买盘
10:42:54	29.4	--	3	8820	卖盘
10:42:49	29.4	--	10	29400	卖盘
10:42:39	29.4	-0.01	13	38220	卖盘
10:42:34	29.41	--	3	8823	卖盘
10:42:29	29.41	-0.01	40	117640	卖盘
10:42:19	29.42	--	13	38246	买盘
10:42:14	29.42	-0.03	7	20594	卖盘
10:42:09	29.45	--	2	5890	买盘
10:42:04	29.45	--	11	32395	买盘
10:41:59	29.45	-0.01	4	11780	卖盘
10:41:54	29.46	-0.01	6	17676	买盘
10:41:49	29.47	0.01	13	38311	买盘
10:41:44	29.46	--	11	32406	卖盘
10:41:34	29.46	--	9	26514	卖盘
10:41:29	29.46	--	5	14730	买盘
10:41:24	29.46	--	21	61866	买盘
10:41:19	29.46	--	72	212112	买盘
10:41:14	29.46	--	3	8838	买盘
10:41:09	29.46	--	35	103110	买盘
10:41:04	29.46	-0.01	11	32406	买盘
10:40:59	29.47	--	0	0	买盘
10:40:54	29.47	0.01	78	229866	买盘
10:40:49	29.46	-0.01	5	14730	买盘
10:40:44	29.47	0.01	8	23576	买盘
10:40:39	29.46	-0.01	5	14730	卖盘
10:40:34	29.47	-0.02	20	58940	卖盘
10:40:24	29.49	0.02	2	5898	买盘
10:40:19	29.47	-0.02	1	2947	卖盘
10:40:14	29.49	0.02	9	26541	卖盘
10:40:04	29.47	-0.03	4	11788	中性盘
10:39:59	29.5	0.03	5	14750	买盘
10:39:54	29.47	--	5	14735	买盘
10:39:44	29.47	-0.03	5	14735	卖盘
10:39:39	29.5	--	11	32450	买盘
10:39:34	29.5	-0.02	46	135700	卖盘
10:39:29	29.52	--	6	17712	卖盘
10:39:24	29.52	0.02	14	41328	买盘
10:39:19	29.5	0.05	103	303850	买盘
10:39:14	29.45	-0.05	69	203205	卖盘
10:39:09	29.5	-0.05	35	103250	卖盘
10:39:04	29.55	--	22	65010	买盘
10:38:59	29.55	--	56	165480	买盘
10:38:53	29.55	-0.01	48	141840	卖盘
10:38:49	29.56	--	39	115284	买盘
10:38:44	29.56	--	23	67988	买盘
10:38:38	29.56	--	9	26604	买盘
10:38:34	29.56	--	47	138932	买盘
10:38:29	29.56	--	59	174404	买盘
10:38:23	29.56	--	114	336984	卖盘
10:38:18	29.56	--	38	112328	卖盘
10:38:14	29.56	--	37	109372	卖盘
10:38:08	29.56	--	27	79812	卖盘
10:38:04	29.56	--	71	209876	买盘
10:37:59	29.56	0.06	120	354720	买盘
10:37:53	29.5	-0.05	20	59000	卖盘
10:37:48	29.55	0.05	224	661920	买盘
10:37:44	29.5	0.02	187	551650	买盘
10:37:38	29.48	0.02	2	5896	买盘
10:37:33	29.46	0.03	157	462522	买盘
10:37:29	29.43	0.03	21	61803	买盘
10:37:23	29.4	--	51	149940	卖盘
10:37:18	29.4	--	2	5880	卖盘
10:37:13	29.4	0.04	60	176400	买盘
10:37:08	29.36	--	18	52848	买盘
10:37:03	29.36	0.02	72	211392	买盘
10:36:58	29.34	0.04	4	11736	中性盘
10:36:53	29.3	--	102	298860	买盘
10:36:48	29.3	--	11	32230	买盘
10:36:43	29.3	--	45	131850	买盘
10:36:38	29.3	0.02	110	322300	买盘
10:36:33	29.28	0.01	25	76098	买盘
10:36:28	29.27	-0.01	8	23416	卖盘
10:36:23	29.28	0.02	126	368928	买盘
10:36:18	29.26	-0.02	25	73150	卖盘
10:36:14	29.28	--	12	35136	买盘
10:36:08	29.28	--	10	29280	买盘
10:36:03	29.28	0.03	49	143472	买盘
10:35:58	29.25	-0.03	37	108254	卖盘
10:35:48	29.28	0.02	22	64416	买盘
10:35:43	29.26	-0.01	35	102410	卖盘
10:35:38	29.27	-0.01	8	23416	买盘
10:35:33	29.28	0.01	33	96624	买盘
10:35:28	29.27	0.01	150	439050	买盘
10:35:23	29.26	--	5	14630	卖盘
10:35:18	29.26	--	44	131640	买盘
10:35:13	29.26	--	10	29260	买盘
10:35:03	29.26	0.02	86	251636	买盘
10:34:58	29.24	-0.02	16	46784	卖盘
10:34:53	29.26	0.02	55	160930	买盘
10:34:48	29.24	--	5	14620	卖盘
10:34:43	29.24	-0.01	3	8772	中性盘
10:34:37	29.25	0.01	5	14625	买盘
10:34:33	29.24	--	3	8772	买盘
10:34:28	29.24	-0.01	5	14620	买盘
10:34:18	29.25	0.01	5	14625	买盘
10:34:13	29.24	-0.01	9	29210	卖盘
10:34:08	29.25	--	1	2925	卖盘
10:34:03	29.25	-0.01	18	52650	买盘
10:33:48	29.26	--	33	96616	卖盘
10:33:43	29.26	0.06	49	146270	买盘
10:33:23	29.2	0.01	20	58400	买盘
10:33:18	29.19	-0.01	39	116730	卖盘
10:33:08	29.2	-0.04	2	5840	卖盘
10:33:03	29.24	0.03	10	29240	买盘
10:32:52	29.21	-0.03	8	23368	卖盘
10:32:43	29.24	--	1	2924	卖盘
10:32:37	29.24	--	20	58480	买盘
10:32:33	29.24	--	21	61404	买盘
10:32:17	29.24	--	0	0	买盘
10:32:12	29.24	-0.01	99	289476	卖盘
10:32:08	29.25	--	23	67275	买盘
10:31:57	29.25	0.01	13	38025	买盘
10:31:52	29.24	--	4	11696	卖盘
10:31:42	29.24	-0.01	19	55556	卖盘
10:31:37	29.25	0.01	94	274950	买盘
10:31:32	29.24	--	5	14620	卖盘
10:31:27	29.24	0.02	73	213452	买盘
10:31:22	29.22	--	39	113958	卖盘
10:31:12	29.22	--	11	32142	卖盘
10:31:07	29.22	--	100	292200	卖盘
10:31:02	29.22	-0.02	50	146100	卖盘
10:30:57	29.24	--	3	8772	买盘
10:30:52	29.24	--	25	73100	买盘
10:30:37	29.24	--	2	5848	买盘
10:30:32	29.24	-0.01	6	17544	卖盘
10:30:27	29.25	0.01	30	87750	买盘
10:30:22	29.24	-0.01	37	108188	卖盘
10:30:17	29.25	--	201	587925	买盘
10:30:12	29.25	--	18	52650	买盘
10:30:07	29.25	--	118	345150	卖盘
10:30:02	29.25	--	0	0	卖盘
10:29:57	29.25	--	9	26325	卖盘
10:29:42	29.25	--	12	35100	买盘
10:29:37	29.25	--	18	52650	买盘
10:29:32	29.25	--	21	61425	买盘
10:29:27	29.25	--	42	122850	买盘
10:29:22	29.25	--	3	8775	买盘
10:29:17	29.25	-0.02	26	76050	卖盘
10:29:12	29.27	0.02	26	76102	买盘
10:29:07	29.25	0.03	16	46800	卖盘
10:29:02	29.22	-0.03	38	111036	卖盘
10:28:57	29.25	--	7	20475	买盘
10:28:52	29.25	--	20	58500	买盘
10:28:47	29.25	--	9	26325	买盘
10:28:42	29.25	--	34	99450	买盘
10:28:37	29.25	-0.04	5	14625	中性盘
10:28:32	29.29	0.07	72	210888	买盘
10:28:27	29.22	-0.04	60	175320	卖盘
10:28:22	29.26	--	15	43890	买盘
10:28:17	29.26	--	14	40964	买盘
10:28:12	29.26	0.01	11	32186	买盘
10:28:07	29.25	--	49	143325	卖盘
10:27:57	29.25	--	294	859950	卖盘
10:27:52	29.25	--	20	58500	卖盘
10:27:37	29.25	0.05	186	544050	买盘
10:27:27	29.2	0.01	32	93440	中性盘
10:27:22	29.19	-0.02	1	2919	卖盘
10:27:16	29.21	0.01	23	67183	买盘
10:27:12	29.2	0.01	10	29200	中性盘
10:27:07	29.19	-0.02	36	105084	卖盘
10:26:57	29.21	0.02	164	479044	买盘
10:26:46	29.19	--	10	29190	卖盘
10:26:42	29.19	--	23	67137	卖盘
10:26:37	29.19	--	90	262710	卖盘
10:26:31	29.19	0.01	65	189764	买盘
10:26:26	29.18	-0.01	1	2918	卖盘
10:26:22	29.19	--	50	145950	买盘
10:26:16	29.19	--	62	180978	买盘
10:26:12	29.19	--	1	2919	买盘
10:26:06	29.19	--	1	2919	买盘
10:26:01	29.19	--	4	11676	买盘
10:25:56	29.19	--	0	0	买盘
10:25:51	29.19	--	18	52542	买盘
10:25:46	29.19	0.01	39	113841	买盘
10:25:41	29.18	-0.01	8	23344	买盘
10:25:36	29.19	--	0	0	买盘
10:25:31	29.19	0.02	17	49623	买盘
10:25:26	29.17	-0.02	41	122484	卖盘
10:25:21	29.19	--	16	46704	买盘
10:25:16	29.19	0.01	23	67137	买盘
10:25:11	29.18	-0.01	50	145900	卖盘
10:25:06	29.19	0.01	12	35028	买盘
10:25:01	29.18	--	53	154654	卖盘
10:24:56	29.18	--	1	2918	卖盘
10:24:51	29.18	0.02	42	122585	买盘
10:24:46	29.16	--	1	2916	卖盘
10:24:36	29.16	-0.02	13	37908	卖盘
10:24:31	29.18	0.03	120	350160	买盘
10:24:16	29.15	0.02	2	5830	买盘
10:24:11	29.13	-0.02	33	96129	卖盘
10:24:06	29.15	--	11	32065	买盘
10:24:01	29.15	--	19	55385	买盘
10:23:56	29.15	-0.03	5	14575	卖盘
10:23:51	29.18	--	22	64196	买盘
10:23:46	29.18	--	24	70032	买盘
10:23:41	29.18	--	0	0	买盘
10:23:36	29.18	--	45	131310	买盘
10:23:31	29.18	--	23	67114	买盘
10:23:16	29.18	--	5	14590	卖盘
10:23:11	29.18	--	57	166326	卖盘
10:23:06	29.18	-0.05	10	29180	卖盘
10:22:56	29.23	0.01	22	64306	买盘
10:22:51	29.22	-0.01	31	90582	卖盘
10:22:46	29.23	-0.03	59	172457	卖盘
10:22:41	29.26	0.01	48	140448	买盘
10:22:36	29.25	-0.01	90	263250	卖盘
10:22:31	29.26	--	5	14630	卖盘
10:22:26	29.26	-0.01	112	327712	卖盘
10:22:21	29.27	--	5	14635	卖盘
10:22:16	29.27	0.04	24	70248	买盘
10:22:11	29.23	--	2	5846	买盘
10:22:06	29.23	--	58	169534	买盘
10:22:01	29.23	--	100	292300	买盘
10:21:56	29.23	--	1	2923	买盘
10:21:51	29.23	0.05	18	52614	买盘
10:21:46	29.18	--	1	2918	卖盘
10:21:40	29.18	-0.01	50	145900	卖盘
10:21:36	29.19	0.01	76	221844	买盘
10:21:25	29.18	0.02	8	23344	买盘
10:21:21	29.16	--	101	294516	卖盘
10:21:16	29.16	--	23	67068	卖盘
10:21:10	29.16	0.01	5	14580	买盘
10:21:06	29.15	--	13	37895	卖盘
10:21:01	29.15	--	22	64130	卖盘
10:20:55	29.15	--	5	14575	卖盘
10:20:51	29.15	0.02	89	259435	买盘
10:20:46	29.13	-0.02	20	58260	卖盘
10:20:40	29.15	0.02	28	81620	买盘
10:20:36	29.13	-0.01	112	326256	卖盘
10:20:31	29.14	0.02	129	375906	买盘
10:20:25	29.12	--	119	346528	卖盘
10:20:16	29.12	-0.01	26	75712	卖盘
10:20:10	29.13	0.06	60	174780	买盘
10:20:01	29.07	--	5	14535	卖盘
10:19:55	29.07	-0.03	7	20349	卖盘
10:19:51	29.1	0.04	146	424860	买盘
10:19:46	29.06	-0.01	2	5812	卖盘
10:19:40	29.07	0.01	13	37791	买盘
10:19:25	29.06	--	10	29060	卖盘
10:19:20	29.06	0.02	16	46496	买盘
10:19:16	29.04	-0.02	64	185856	卖盘
10:19:10	29.06	0.01	8	23248	买盘
10:19:05	29.05	-0.01	2	5810	买盘
10:19:00	29.06	--	0	0	买盘
10:18:55	29.06	0.03	1	2906	买盘
10:18:50	29.03	--	0	0	卖盘
10:18:45	29.03	-0.03	11	31933	卖盘
10:18:40	29.06	0.03	119	345814	买盘
10:18:30	29.03	--	12	34836	卖盘
10:18:25	29.03	0.03	156	452868	买盘
10:18:20	29.0	--	0	0	卖盘
10:18:15	29.0	--	30	87000	卖盘
10:18:10	29.0	-0.01	20	58000	卖盘
10:18:05	29.01	0.01	54	156654	买盘
10:18:00	29.0	--	4	11600	卖盘
10:17:55	29.0	--	6	17400	卖盘
10:17:50	29.0	--	2	5800	卖盘
10:17:45	29.0	--	53	153700	买盘
10:17:40	29.0	--	15	43500	买盘
10:17:30	29.0	--	0	0	买盘
10:17:25	29.0	--	2	5800	买盘
10:17:20	29.0	--	1	2900	买盘
10:17:15	29.0	--	1	2900	买盘
10:17:10	29.0	--	4	11600	买盘
10:17:05	29.0	--	3	8700	买盘
10:17:00	29.0	--	3	8700	买盘
10:16:55	29.0	--	4	11600	买盘
10:16:45	29.0	--	21	60900	买盘
10:16:30	29.0	0.1	10	29000	买盘
10:16:25	28.9	-0.1	7	20230	卖盘
10:16:20	29.0	--	10	29000	买盘
10:16:15	29.0	0.02	10	29000	买盘
10:16:05	28.98	-0.02	1	2898	买盘
10:16:00	29.0	0.05	200	580000	买盘
10:15:45	28.95	-0.04	1	2895	卖盘
10:15:40	28.99	--	0	0	买盘
10:15:30	28.99	0.04	200	579800	买盘
10:15:20	28.95	0.05	3	8685	买盘
10:15:15	28.9	--	5	14450	卖盘
10:15:10	28.9	-0.05	5	14450	卖盘
10:15:04	28.95	--	17	49215	买盘
10:14:50	28.95	0.05	10	28950	买盘
10:14:45	28.9	-0.06	82	236980	卖盘
10:14:34	28.96	0.01	31	89776	买盘
10:14:30	28.95	0.05	30	86850	买盘
10:14:25	28.9	-0.05	50	144500	卖盘
10:14:19	28.95	-0.01	20	57900	买盘
10:14:15	28.96	--	0	0	买盘
10:14:10	28.96	--	22	63712	买盘
10:14:04	28.96	-0.01	5	14480	卖盘
10:13:55	28.97	0.07	66	191202	买盘
10:13:45	28.9	-0.07	10	28900	卖盘
10:13:40	28.97	--	11	31867	买盘
10:13:34	28.97	--	2	5794	买盘
10:13:19	28.97	0.01	20	57940	买盘
10:13:14	28.96	0.06	34	98464	买盘
10:13:04	28.9	--	195	563550	买盘
10:12:49	28.9	0.01	37	106930	买盘
10:12:39	28.89	--	30	86670	卖盘
10:12:34	28.89	0.01	12	34668	买盘
10:12:24	28.88	--	35	101080	买盘
10:12:09	28.88	--	19	54872	买盘
10:12:04	28.88	--	25	72200	买盘
10:11:59	28.88	0.01	13	37544	买盘
10:11:54	28.87	--	36	103932	卖盘
10:11:39	28.87	--	85	245395	买盘
10:11:24	28.87	0.01	106	306022	买盘
10:11:19	28.86	0.01	22	63492	买盘
10:11:14	28.85	-0.01	47	135595	卖盘
10:11:09	28.86	0.01	2	5772	买盘
10:10:49	28.85	-0.01	17	49045	买盘
10:10:29	28.86	--	0	0	买盘
10:10:19	28.86	0.06	20	57720	买盘
10:10:14	28.8	0.01	5	14400	中性盘
10:10:09	28.79	-0.06	84	241836	卖盘
10:10:04	28.85	0.04	221	638739	买盘
10:09:54	28.81	--	30	86430	买盘
10:09:24	28.81	--	1	2881	买盘
10:09:19	28.81	0.01	5	14405	买盘
10:09:14	28.8	--	0	1094	卖盘
10:09:09	28.8	0.02	0	1785	卖盘
10:09:04	28.78	--	0	0	卖盘
10:08:49	28.78	-0.03	10	28780	卖盘
10:08:44	28.81	0.03	70	201670	买盘
10:08:39	28.78	--	33	94974	卖盘
10:08:34	28.78	0.06	10	28780	卖盘
10:08:28	28.72	--	0	0	卖盘
10:08:19	28.72	--	144	413568	卖盘
10:08:04	28.72	--	0	0	卖盘
10:07:54	28.72	-0.06	8	22976	卖盘
10:07:39	28.78	--	11	31658	卖盘
10:07:34	28.78	-0.02	10	28780	卖盘
10:07:28	28.8	0.02	15	43200	买盘
10:07:19	28.78	--	16	46048	卖盘
10:07:08	28.78	--	14	40292	卖盘
10:07:03	28.78	0.02	2	5756	卖盘
10:06:58	28.76	0.04	47	135172	买盘
10:06:48	28.72	-0.03	9	25848	卖盘
10:06:33	28.75	-0.01	4	11500	卖盘
10:06:18	28.76	--	11	31636	卖盘
10:06:03	28.76	-0.04	8	23008	卖盘
10:05:53	28.8	--	22	63360	卖盘
10:05:48	28.8	-0.01	8	23040	卖盘
10:05:38	28.81	--	6	17286	买盘
10:05:33	28.81	--	15	43215	卖盘
10:05:28	28.81	0.01	8	23048	卖盘
10:05:08	28.8	--	6	17280	卖盘
10:05:03	28.8	--	0	0	卖盘
10:04:58	28.8	--	4	11520	卖盘
10:04:53	28.8	--	5	14400	卖盘
10:04:43	28.8	-0.05	25	72000	卖盘
10:04:38	28.85	0.05	1	2885	买盘
10:04:33	28.8	-0.08	10	28800	卖盘
10:04:28	28.88	--	1	2888	买盘
10:04:18	28.88	0.08	3	8664	买盘
10:04:13	28.8	-0.09	5	14400	卖盘
10:04:03	28.89	--	26	75114	买盘
10:03:58	28.89	--	10	28890	买盘
10:03:53	28.89	0.09	37	106893	买盘
10:03:48	28.8	-0.09	10	28800	卖盘
10:03:33	28.89	--	93	268677	卖盘
10:03:23	28.89	--	3	8667	卖盘
10:03:13	28.89	--	1	2889	卖盘
10:03:08	28.89	0.09	97	280233	买盘
10:02:58	28.8	--	5	14400	卖盘
10:02:48	28.8	--	0	0	卖盘
10:02:43	28.8	0.02	9	25920	买盘
10:02:38	28.78	-0.1	20	57560	卖盘
10:02:33	28.88	0.1	135	389880	买盘
10:02:23	28.78	-0.04	5	14390	卖盘
10:02:18	28.82	0.04	15	43230	买盘
10:02:13	28.78	-0.02	4	11512	卖盘
10:02:03	28.8	0.04	100	288000	买盘
10:01:58	28.76	-0.02	16	46016	卖盘
10:01:33	28.78	-0.04	2	5756	卖盘
10:01:28	28.82	0.02	108	311256	买盘
10:01:02	28.8	--	1	2880	卖盘
10:00:57	28.8	--	100	288000	卖盘
10:00:52	28.8	--	1	2880	卖盘
10:00:47	28.8	--	1	2880	卖盘
10:00:43	28.8	--	29	83520	卖盘
10:00:37	28.8	-0.01	23	66240	卖盘
10:00:32	28.81	0.01	4	11524	买盘
10:00:28	28.8	--	20	57600	卖盘
10:00:12	28.8	--	19	54720	卖盘
09:59:52	28.8	-0.01	10	28800	卖盘
09:59:42	28.81	--	4	11524	卖盘
09:59:37	28.81	--	2	5762	卖盘
09:59:32	28.81	--	1	2881	买盘
09:59:17	28.81	--	0	0	中性盘
09:59:07	28.81	--	6	17286	卖盘
09:58:57	28.81	--	16	46096	卖盘
09:58:42	28.81	--	11	31691	卖盘
09:58:12	28.81	-0.01	80	230480	卖盘
09:58:07	28.82	0.01	3	8646	买盘
09:58:02	28.81	-0.01	1	2881	卖盘
09:57:47	28.82	0.01	1	2882	买盘
09:57:42	28.81	--	0	0	卖盘
09:57:37	28.81	-0.01	4	11524	卖盘
09:57:12	28.82	--	2	5764	卖盘
09:57:07	28.82	--	28	80696	买盘
09:57:02	28.82	--	2	5764	卖盘
09:56:57	28.82	--	6	17292	卖盘
09:56:37	28.82	-0.03	30	86460	卖盘
09:56:27	28.85	--	4	11540	买盘
09:55:57	28.85	-0.04	3	8655	卖盘
09:55:27	28.89	--	16	46224	买盘
09:54:57	28.89	0.04	55	158895	买盘
09:54:37	28.85	0.01	2	5770	买盘
09:54:26	28.84	--	9	25956	卖盘
09:54:22	28.84	0.02	35	100940	买盘
09:54:16	28.82	-0.02	3	8646	卖盘
09:53:51	28.84	0.02	10	28840	买盘
09:53:36	28.82	-0.02	6	17292	卖盘
09:53:21	28.84	-0.01	9	25956	卖盘
09:53:16	28.85	0.01	7	20195	买盘
09:53:06	28.84	--	2	5768	卖盘
09:53:01	28.84	--	8	23072	卖盘
09:52:56	28.84	-0.01	11	31724	卖盘
09:52:46	28.85	0.01	6	17310	买盘
09:52:36	28.84	--	22	63448	卖盘
09:52:16	28.84	--	19	54796	买盘
09:52:11	28.84	0.02	2	5768	买盘
09:52:06	28.82	--	0	0	卖盘
09:51:51	28.82	--	0	0	卖盘
09:51:46	28.82	-0.02	2	5764	卖盘
09:51:41	28.84	0.04	24	69216	买盘
09:51:36	28.8	-0.02	20	57600	卖盘
09:51:31	28.82	--	1	2882	卖盘
09:51:26	28.82	--	1	2882	卖盘
09:51:21	28.82	0.02	27	77814	买盘
09:51:06	28.8	-0.02	50	144000	卖盘
09:51:01	28.82	--	10	28820	卖盘
09:50:51	28.82	--	2	5764	卖盘
09:50:46	28.82	-0.02	3	8646	卖盘
09:50:31	28.84	--	2	5768	买盘
09:50:21	28.84	-0.01	31	89404	卖盘
09:50:16	28.85	--	22	63470	买盘
09:50:06	28.85	--	19	54815	买盘
09:50:01	28.85	--	8	23080	买盘
09:49:46	28.85	--	7	20195	买盘
09:49:31	28.85	-0.04	9	25965	卖盘
09:49:21	28.89	--	14	40446	卖盘
09:49:16	28.89	--	5	14445	卖盘
09:49:10	28.89	--	4	11556	卖盘
09:48:55	28.89	0.03	25	72225	买盘
09:48:51	28.86	--	6	17316	买盘
09:48:46	28.86	-0.04	10	28860	卖盘
09:48:25	28.9	--	0	0	买盘
09:48:21	28.9	--	2	5780	买盘
09:48:16	28.9	--	0	0	买盘
09:48:00	28.9	-0.08	110	317900	卖盘
09:47:55	28.98	--	7	20286	买盘
09:47:50	28.98	--	0	0	买盘
09:47:45	28.98	0.08	60	173880	买盘
09:47:40	28.9	--	32	92480	买盘
09:47:35	28.9	--	0	0	买盘
09:47:30	28.9	0.1	71	205190	买盘
09:47:15	28.8	--	0	0	卖盘
09:47:10	28.8	--	146	420480	卖盘
09:47:00	28.8	0.03	60	172800	买盘
09:46:45	28.77	0.01	2	5754	买盘
09:46:30	28.76	--	2	5752	中性盘
09:46:25	28.76	--	4	11504	买盘
09:46:15	28.76	--	2	5752	买盘
09:46:05	28.76	0.01	2	5752	买盘
09:46:00	28.75	-0.01	10	28750	卖盘
09:45:45	28.76	--	25	71900	买盘
09:45:20	28.76	-0.02	49	140924	卖盘
09:45:15	28.78	--	5	14390	买盘
09:45:10	28.78	--	5	14390	买盘
09:45:05	28.78	--	1	2878	买盘
09:45:00	28.78	--	2	5756	买盘
09:44:40	28.78	--	6	17268	卖盘
09:44:35	28.78	-0.02	18	51804	卖盘
09:44:30	28.8	0.02	4	11520	买盘
09:44:25	28.78	--	23	66194	卖盘
09:44:20	28.78	--	1	2878	卖盘
09:44:05	28.78	--	2	5756	卖盘
09:43:49	28.78	-0.03	10	28780	卖盘
09:43:45	28.81	0.01	3	8643	卖盘
09:43:40	28.8	--	7	20160	买盘
09:43:30	28.8	--	5	14400	卖盘
09:43:25	28.8	-0.07	50	144000	卖盘
09:43:19	28.87	--	26	75062	买盘
09:43:10	28.87	0.02	37	106819	买盘
09:43:04	28.85	-0.03	6	17310	买盘
09:43:00	28.88	-0.01	23	66424	卖盘
09:42:55	28.89	0.01	1	2889	买盘
09:42:49	28.88	--	2	5776	卖盘
09:42:45	28.88	0.03	10	28880	买盘
09:42:40	28.85	--	7	20195	卖盘
09:42:34	28.85	--	1	2885	卖盘
09:42:25	28.85	-0.03	1	2885	中性盘
09:42:19	28.88	0.07	14	40432	买盘
09:42:15	28.81	-0.04	91	262171	卖盘
09:42:09	28.85	--	22	63470	买盘
09:42:04	28.85	0.05	16	46160	买盘
09:41:59	28.8	-0.05	11	31680	卖盘
09:41:54	28.85	--	61	175985	买盘
09:41:49	28.85	0.02	9	25965	买盘
09:41:44	28.83	-0.02	3	8649	中性盘
09:41:40	28.85	0.05	12	34620	买盘
09:41:34	28.8	0.02	8	23040	卖盘
09:41:29	28.78	--	0	0	卖盘
09:41:24	28.78	0.02	2	5756	买盘
09:41:19	28.76	0.01	10	28760	卖盘
09:41:09	28.75	--	0	0	卖盘
09:41:04	28.75	--	0	0	卖盘
09:40:59	28.75	--	0	0	卖盘
09:40:54	28.75	-0.09	14	40250	卖盘
09:40:44	28.84	-0.01	1	2884	买盘
09:40:39	28.85	--	2	5770	买盘
09:40:29	28.85	-0.03	5	14425	中性盘
09:40:19	28.88	--	8	23104	卖盘
09:40:14	28.88	-0.01	16	46208	卖盘
09:40:09	28.89	--	73	210897	卖盘
09:40:04	28.89	--	14	40446	卖盘
09:39:59	28.89	--	2	5778	卖盘
09:39:54	28.89	--	0	0	卖盘
09:39:49	28.89	-0.06	36	104004	卖盘
09:39:44	28.95	-0.04	9	26055	买盘
09:39:39	28.99	--	0	0	买盘
09:39:34	28.99	--	0	0	买盘
09:39:24	28.99	--	3	8697	买盘
09:39:19	28.99	-0.02	52	150748	卖盘
09:39:14	29.01	0.01	8	23208	中性盘
09:39:09	29.0	-0.03	22	63800	卖盘
09:39:04	29.03	0.01	11	31933	卖盘
09:38:59	29.02	0.02	17	49334	买盘
09:38:54	29.0	0.11	25	72500	买盘
09:38:49	28.89	0.01	10	28890	卖盘
09:38:44	28.88	-0.12	10	28880	中性盘
09:38:39	29.0	0.14	200	580000	买盘
09:38:34	28.86	--	5	14430	卖盘
09:38:29	28.86	0.03	3	8658	买盘
09:38:24	28.83	--	4	11532	卖盘
09:38:19	28.83	0.04	20	57660	买盘
09:38:14	28.79	--	23	66217	卖盘
09:38:04	28.79	--	71	204409	卖盘
09:37:54	28.79	0.04	7	20153	买盘
09:37:49	28.75	--	28	80500	卖盘
09:37:39	28.75	--	11	31625	买盘
09:37:34	28.75	0.03	4	11500	买盘
09:37:29	28.72	0.02	1	2872	买盘
09:37:24	28.7	0.01	17	48790	买盘
09:37:19	28.69	0.03	53	152057	买盘
09:37:14	28.66	-0.02	1	2866	卖盘
09:37:09	28.68	--	66	189288	买盘
09:37:04	28.68	0.02	39	111852	买盘
09:36:58	28.66	--	17	48722	卖盘
09:36:54	28.66	0.02	161	461426	买盘
09:36:49	28.64	--	29	83056	卖盘
09:36:39	28.64	-0.01	11	31504	卖盘
09:36:34	28.65	--	2	5730	买盘
09:36:24	28.65	0.01	4	11460	买盘
09:36:19	28.64	0.01	78	223392	买盘
09:36:09	28.63	0.05	18	51534	买盘
09:36:04	28.58	-0.02	10	28580	卖盘
09:35:58	28.6	0.08	5	14300	买盘
09:35:54	28.52	--	0	0	卖盘
09:35:49	28.52	--	0	0	卖盘
09:35:43	28.52	--	0	0	卖盘
09:35:38	28.52	-0.08	10	28520	卖盘
09:35:33	28.6	0.02	90	257400	买盘
09:35:28	28.58	--	0	0	买盘
09:35:23	28.58	0.06	19	54302	买盘
09:35:13	28.52	--	7	19964	买盘
09:34:48	28.52	0.01	8	22816	买盘
09:34:38	28.51	-0.03	6	17106	卖盘
09:34:28	28.54	--	6	17124	买盘
09:34:18	28.54	0.02	15	42810	买盘
09:34:03	28.52	0.01	29	82708	买盘
09:33:48	28.51	0.03	95	270845	买盘
09:33:38	28.48	0.07	30	85440	买盘
09:33:23	28.41	--	1	2841	卖盘
09:33:13	28.41	--	0	0	卖盘
09:33:08	28.41	--	3	8523	买盘
09:32:43	28.41	-0.1	10	28410	卖盘
09:32:38	28.51	--	15	42765	卖盘
09:32:33	28.51	--	6	17106	买盘
09:32:28	28.51	--	5	14255	买盘
09:32:18	28.51	--	31	88381	卖盘
09:32:13	28.51	-0.03	25	71275	买盘
09:31:58	28.54	--	0	0	买盘
09:31:48	28.54	--	0	0	买盘
09:31:43	28.54	--	0	0	买盘
09:31:33	28.54	--	0	0	买盘
09:31:23	28.54	0.02	45	128430	买盘
09:31:18	28.52	0.06	85	242420	卖盘
09:31:03	28.46	0.04	15	42690	中性盘
09:30:57	28.42	--	286	812812	卖盘
09:30:37	28.42	-0.05	10	28420	卖盘
09:30:33	28.47	--	0	0	买盘
09:30:28	28.47	--	0	0	买盘
09:30:18	28.47	0.08	17	48399	买盘
09:30:07	28.39	--	0	0	卖盘
09:30:03	28.39	0.01	37	105043	买盘
09:28:49	28.38	--	0	0	卖盘
09:25:09	28.38	28.38	7	19866	买盘
