成交时间	成交价	价格变动	成交量(手)	成交额(元)	性质
15:00:00	11.56	--	0	0	买盘
15:00:00	11.56	0.01	0	0	买盘
14:59:59	11.55	-0.01	39	45045	卖盘
14:59:53	11.56	0.01	10	11560	买盘
14:59:49	11.55	-0.01	38	43890	卖盘
14:59:44	11.56	--	66	76296	卖盘
14:59:38	11.56	0.01	229	264955	买盘
14:59:34	11.55	-0.01	1	1155	卖盘
14:59:23	11.56	--	101	116756	买盘
14:59:19	11.56	0.01	201	232356	买盘
14:59:14	11.55	-0.01	71	82005	卖盘
14:59:08	11.56	0.01	6	6936	买盘
14:59:04	11.55	0.01	28	32340	买盘
14:58:59	11.54	--	44	50775	卖盘
14:58:53	11.54	-0.01	19	21926	卖盘
14:58:49	11.55	0.01	272	314160	买盘
14:58:44	11.54	--	11	12693	卖盘
14:58:38	11.54	--	52	60007	买盘
14:58:34	11.54	--	1	1154	买盘
14:58:29	11.54	--	2	2308	买盘
14:58:23	11.54	--	27	31157	买盘
14:58:19	11.54	--	102	117707	买盘
14:58:14	11.54	0.01	30	34620	买盘
14:58:08	11.53	-0.01	97	111841	卖盘
14:58:04	11.54	0.01	59	68086	买盘
14:57:49	11.53	--	54	62262	卖盘
14:57:44	11.53	--	10	11530	卖盘
14:57:38	11.53	--	45	51885	卖盘
14:57:34	11.53	-0.01	5	5765	卖盘
14:57:29	11.54	0.01	27	31157	买盘
14:57:23	11.53	0.01	30	34590	中性盘
14:57:19	11.52	-0.02	15	17280	卖盘
14:57:08	11.54	0.01	326	376204	买盘
14:57:04	11.53	--	27	31131	卖盘
14:56:59	11.53	--	55	63415	卖盘
14:56:53	11.53	--	40	46120	买盘
14:56:49	11.53	0.01	46	53038	买盘
14:56:38	11.52	--	33	38016	卖盘
14:56:34	11.52	--	20	23040	卖盘
14:56:29	11.52	-0.01	5	5760	卖盘
14:56:23	11.53	--	39	44967	买盘
14:56:19	11.53	0.02	142	163726	买盘
14:56:14	11.51	-0.01	5	5755	卖盘
14:56:08	11.52	--	110	126720	卖盘
14:56:04	11.52	-0.01	42	48384	卖盘
14:55:58	11.53	0.01	8	9224	买盘
14:55:53	11.52	--	2	2304	卖盘
14:55:47	11.52	-0.01	240	276480	卖盘
14:55:38	11.53	0.01	45	51885	买盘
14:55:32	11.52	-0.01	126	145152	卖盘
14:55:28	11.53	0.01	18	20754	买盘
14:55:17	11.52	-0.01	6	6912	卖盘
14:55:13	11.53	-0.01	20	23060	买盘
14:55:08	11.54	0.02	259	298886	买盘
14:55:02	11.52	-0.01	447	514944	卖盘
14:54:58	11.53	-0.01	104	119912	卖盘
14:54:53	11.54	0.01	90	103859	买盘
14:54:47	11.53	--	51	58803	卖盘
14:54:43	11.53	-0.01	50	57650	卖盘
14:54:38	11.54	--	20	23080	买盘
14:54:28	11.54	--	3	3461	买盘
14:54:17	11.54	--	29	33466	买盘
14:54:13	11.54	--	5	5770	买盘
14:54:08	11.54	-0.01	5	5770	卖盘
14:54:02	11.55	--	0	0	买盘
14:53:58	11.55	0.02	7	8085	买盘
14:53:53	11.53	-0.01	50	57650	卖盘
14:53:47	11.54	--	25	28849	买盘
14:53:38	11.54	0.01	17	19618	买盘
14:53:32	11.53	--	55	63415	卖盘
14:53:28	11.53	-0.01	1	1153	卖盘
14:53:23	11.54	--	11	12693	买盘
14:53:17	11.54	--	28	32311	买盘
14:53:13	11.54	--	67	77318	卖盘
14:53:08	11.54	--	50	57699	卖盘
14:53:02	11.54	--	100	115399	卖盘
14:52:53	11.54	--	221	255033	卖盘
14:52:47	11.54	0.01	25	28849	买盘
14:52:38	11.53	--	48	55344	卖盘
14:52:32	11.53	-0.01	20	23060	卖盘
14:52:28	11.54	0.01	10	11540	买盘
14:52:23	11.53	-0.01	14	16142	卖盘
14:52:17	11.54	0.01	34	39236	买盘
14:52:13	11.53	--	41	47273	卖盘
14:51:58	11.53	--	19	21907	卖盘
14:51:53	11.53	--	0	0	卖盘
14:51:47	11.53	--	1	1153	卖盘
14:51:32	11.53	-0.01	50	57650	卖盘
14:51:28	11.54	--	20	23080	卖盘
14:51:17	11.54	--	0	0	卖盘
14:51:13	11.54	-0.02	41	47314	卖盘
14:51:02	11.56	0.02	16	18496	买盘
14:50:58	11.54	-0.02	10	11540	卖盘
14:50:47	11.56	0.02	17	19652	买盘
14:50:38	11.54	-0.02	205	236569	卖盘
14:50:32	11.56	0.01	20	23120	买盘
14:50:27	11.55	-0.01	9	10395	卖盘
14:50:13	11.56	--	13	15028	买盘
14:50:08	11.56	--	23	27512	卖盘
14:50:02	11.56	--	4	4624	卖盘
14:49:58	11.56	-0.01	36	41616	卖盘
14:49:53	11.57	0.01	100	115700	买盘
14:49:42	11.56	-0.01	31	35836	卖盘
14:49:26	11.57	0.01	10	11570	买盘
14:49:22	11.56	-0.01	2	2312	卖盘
14:49:17	11.57	0.01	18	20826	买盘
14:49:11	11.56	-0.01	54	62424	卖盘
14:48:47	11.57	--	10	11570	买盘
14:48:41	11.57	--	91	105287	卖盘
14:48:32	11.57	--	20	23140	卖盘
14:48:26	11.57	--	115	133055	卖盘
14:48:17	11.57	--	22	25454	卖盘
14:48:11	11.57	--	5	5785	卖盘
14:48:07	11.57	--	20	23140	卖盘
14:48:02	11.57	-0.01	13	15041	卖盘
14:47:56	11.58	0.01	5	5790	买盘
14:47:52	11.57	0.01	33	38181	买盘
14:47:47	11.56	-0.01	14	16184	卖盘
14:47:37	11.57	--	22	25454	买盘
14:47:26	11.57	--	118	136526	卖盘
14:47:22	11.57	-0.01	14	16198	卖盘
14:47:17	11.58	0.01	130	150540	买盘
14:47:11	11.57	--	61	70577	卖盘
14:47:07	11.57	0.01	9	10413	中性盘
14:47:02	11.56	--	19	21964	卖盘
14:46:56	11.56	--	2	2312	卖盘
14:46:52	11.56	--	30	34680	卖盘
14:46:47	11.56	--	15	17340	卖盘
14:46:37	11.56	-0.01	19	21964	卖盘
14:46:32	11.57	-0.01	22	25454	卖盘
14:46:26	11.58	--	0	0	买盘
14:46:22	11.58	0.01	78	90324	买盘
14:46:17	11.57	--	344	398008	卖盘
14:46:11	11.57	0.01	82	95105	买盘
14:46:07	11.56	-0.01	64	73984	卖盘
14:46:02	11.57	0.01	2	2314	买盘
14:45:56	11.56	-0.01	76	87856	卖盘
14:45:52	11.57	0.01	85	98345	买盘
14:45:47	11.56	--	30	34680	卖盘
14:45:36	11.56	--	11	12716	卖盘
14:45:26	11.56	--	45	52020	卖盘
14:45:07	11.56	--	66	76296	卖盘
14:44:56	11.56	0.02	47	54332	买盘
14:44:52	11.54	--	0	0	卖盘
14:44:47	11.54	-0.02	5	5770	中性盘
14:44:41	11.56	0.01	80	92480	买盘
14:44:26	11.55	0.02	50	57750	买盘
14:44:17	11.53	-0.02	8	9224	卖盘
14:44:11	11.55	--	77	88935	买盘
14:43:56	11.55	--	36	41580	买盘
14:43:41	11.55	0.03	7	8085	买盘
14:43:26	11.52	-0.01	2	2304	卖盘
14:43:22	11.53	-0.01	60	69180	卖盘
14:43:17	11.54	0.01	155	178870	买盘
14:43:11	11.53	0.01	16	18448	买盘
14:43:07	11.52	-0.01	83	96353	卖盘
14:42:56	11.53	-0.02	89	102617	卖盘
14:42:50	11.55	--	178	205590	卖盘
14:42:46	11.55	--	5	5775	卖盘
14:42:35	11.55	--	37	42735	买盘
14:42:26	11.55	--	176	203280	买盘
14:42:20	11.55	0.02	70	80850	买盘
14:42:16	11.53	-0.02	49	56497	卖盘
14:42:11	11.55	--	103	118965	买盘
14:42:05	11.55	0.02	2	2310	买盘
14:42:01	11.53	-0.02	57	65721	卖盘
14:41:56	11.55	--	7	8085	买盘
14:41:41	11.55	0.02	10	11550	买盘
14:41:35	11.53	--	9	10377	卖盘
14:41:31	11.53	--	0	0	卖盘
14:41:26	11.53	--	76	87628	买盘
14:41:20	11.53	--	42	48426	卖盘
14:41:11	11.53	--	11	12683	买盘
14:41:05	11.53	--	55	63415	买盘
14:41:01	11.53	--	6	6918	买盘
14:40:56	11.53	--	31	35743	买盘
14:40:50	11.53	--	20	23060	买盘
14:40:41	11.53	0.01	64	73792	买盘
14:40:35	11.52	--	20	23040	买盘
14:40:26	11.52	-0.01	24	27648	卖盘
14:40:20	11.53	0.01	45	51885	买盘
14:40:16	11.52	--	217	249984	卖盘
14:40:11	11.52	-0.01	104	119808	卖盘
14:40:01	11.53	-0.01	415	478495	卖盘
14:39:56	11.54	-0.01	148	170792	卖盘
14:39:50	11.55	-0.01	252	291060	卖盘
14:39:46	11.56	-0.01	42	48552	卖盘
14:39:41	11.57	0.01	27	31239	买盘
14:39:35	11.56	--	108	124848	卖盘
14:39:26	11.56	--	18	20808	卖盘
14:39:16	11.56	--	2	2312	卖盘
14:39:11	11.56	-0.01	14	16184	卖盘
14:39:01	11.57	--	33	38181	买盘
14:38:50	11.57	--	397	460023	卖盘
14:38:46	11.57	--	10	11570	卖盘
14:38:41	11.57	--	8	9256	卖盘
14:38:35	11.57	-0.01	58	67106	卖盘
14:38:31	11.58	--	31	36361	买盘
14:38:26	11.58	-0.01	150	173700	卖盘
14:38:20	11.59	--	5	5795	买盘
14:38:16	11.59	--	7	8113	买盘
14:38:05	11.59	--	10	11590	买盘
14:38:01	11.59	--	39	45201	卖盘
14:37:56	11.59	--	143	165737	买盘
14:37:46	11.59	-0.01	109	126331	中性盘
14:37:35	11.6	0.01	199	230840	买盘
14:37:31	11.59	-0.01	70	81130	卖盘
14:37:26	11.6	0.01	12	13920	买盘
14:37:20	11.59	-0.01	25	28975	卖盘
14:37:15	11.6	0.01	6	6960	买盘
14:37:05	11.59	-0.01	29	33611	卖盘
14:37:01	11.6	0.01	7	8120	买盘
14:36:56	11.59	-0.01	20	23180	卖盘
14:36:50	11.6	0.01	14	16240	买盘
14:36:46	11.59	-0.01	1	1159	卖盘
14:36:41	11.6	0.01	15	17400	买盘
14:36:35	11.59	-0.01	35	41260	卖盘
14:36:29	11.6	0.01	131	152424	买盘
14:36:25	11.59	-0.01	12	13908	卖盘
14:36:20	11.6	0.01	474	549840	买盘
14:36:14	11.59	--	11	12749	买盘
14:36:10	11.59	--	67	77653	卖盘
14:36:05	11.59	--	77	89243	买盘
14:35:59	11.59	--	6	6954	买盘
14:35:50	11.59	--	50	57950	买盘
14:35:44	11.59	--	17	19703	买盘
14:35:35	11.59	0.01	36	41724	买盘
14:35:29	11.58	-0.01	10	11580	卖盘
14:35:20	11.59	0.01	120	139080	买盘
14:35:14	11.58	-0.01	7	8106	中性盘
14:35:10	11.59	--	7	8113	买盘
14:35:05	11.59	--	100	115900	买盘
14:34:59	11.59	--	22	25498	买盘
14:34:55	11.59	--	66	76494	买盘
14:34:50	11.59	--	12	13908	买盘
14:34:44	11.59	0.02	1	1159	买盘
14:34:35	11.57	-0.01	29	33553	卖盘
14:34:29	11.58	--	17	19686	买盘
14:34:20	11.58	--	34	39372	买盘
14:34:14	11.58	--	54	62532	买盘
14:34:10	11.58	0.01	35	40530	买盘
14:33:59	11.57	-0.01	30	34710	卖盘
14:33:55	11.58	--	12	13896	买盘
14:33:50	11.58	0.01	15	17370	买盘
14:33:29	11.57	--	129	149253	买盘
14:33:20	11.57	--	29	33553	买盘
14:33:14	11.57	--	10	11570	买盘
14:33:10	11.57	--	5	5785	买盘
14:32:59	11.57	0.01	10	11570	买盘
14:32:55	11.56	0.01	60	69360	买盘
14:32:50	11.55	-0.01	63	72765	卖盘
14:32:44	11.56	--	5	5780	买盘
14:32:40	11.56	--	44	50864	卖盘
14:32:35	11.56	--	46	53176	卖盘
14:32:29	11.56	-0.01	14	16184	卖盘
14:32:25	11.57	--	14	16198	买盘
14:32:20	11.57	0.01	8	9256	买盘
14:32:14	11.56	--	36	41616	卖盘
14:32:10	11.56	--	42	48552	卖盘
14:31:59	11.56	-0.02	45	52020	卖盘
14:31:54	11.58	0.02	6	6948	买盘
14:31:50	11.56	--	38	43928	卖盘
14:31:44	11.56	--	15	17340	卖盘
14:31:40	11.56	-0.01	147	169932	卖盘
14:31:35	11.57	--	20	23140	买盘
14:31:29	11.57	-0.01	181	209417	中性盘
14:31:25	11.58	0.02	127	147066	中性盘
14:31:20	11.56	-0.02	222	256632	卖盘
14:31:10	11.58	-0.02	5	5790	卖盘
14:31:05	11.6	0.02	20	23200	买盘
14:30:59	11.58	-0.02	117	136180	卖盘
14:30:55	11.6	--	81	94424	卖盘
14:30:50	11.6	-0.01	82	95120	卖盘
14:30:44	11.61	-0.01	51	59211	中性盘
14:30:40	11.62	0.01	41	47642	买盘
14:30:29	11.61	0.02	81	94041	买盘
14:30:25	11.59	-0.01	16	18544	卖盘
14:30:20	11.6	0.01	210	243600	买盘
14:30:14	11.59	-0.02	113	130967	卖盘
14:30:10	11.61	0.01	51	59211	买盘
14:30:05	11.6	-0.01	9	10440	卖盘
14:29:59	11.61	-0.01	123	143499	卖盘
14:29:53	11.62	-0.01	58	67396	卖盘
14:29:49	11.63	--	42	48846	卖盘
14:29:44	11.63	-0.01	28	32564	卖盘
14:29:38	11.64	0.02	50	58200	买盘
14:29:34	11.62	--	24	27887	卖盘
14:29:29	11.62	-0.02	22	25564	卖盘
14:29:23	11.64	0.02	110	128040	买盘
14:29:19	11.62	-0.02	9	10458	卖盘
14:29:14	11.64	0.02	14	16296	买盘
14:29:08	11.62	-0.01	345	400890	卖盘
14:29:04	11.63	--	114	132582	卖盘
14:28:59	11.63	-0.01	130	151190	卖盘
14:28:53	11.64	-0.02	159	185076	卖盘
14:28:49	11.66	0.01	22	25652	买盘
14:28:44	11.65	-0.01	46	53590	卖盘
14:28:38	11.66	-0.01	247	288002	卖盘
14:28:34	11.67	--	4	4668	买盘
14:28:29	11.67	-0.01	98	114366	中性盘
14:28:23	11.68	0.01	962	1123616	买盘
14:28:19	11.67	-0.01	497	579999	卖盘
14:28:14	11.68	0.01	97	113296	买盘
14:28:08	11.67	--	7	8169	卖盘
14:28:04	11.67	-0.01	282	329094	卖盘
14:27:59	11.68	0.01	314	366752	买盘
14:27:53	11.67	--	274	319758	买盘
14:27:49	11.67	--	22	25674	买盘
14:27:44	11.67	0.01	350	408450	买盘
14:27:38	11.66	0.01	236	275176	买盘
14:27:34	11.65	--	28	32620	卖盘
14:27:29	11.65	--	38	44270	卖盘
14:27:23	11.65	0.01	68	79220	中性盘
14:27:19	11.64	--	2555	2974020	卖盘
14:27:14	11.64	--	367	427188	买盘
14:27:08	11.64	0.01	244	284016	买盘
14:27:04	11.63	-0.01	42	48846	卖盘
14:26:59	11.64	0.01	31	36084	买盘
14:26:53	11.63	--	280	325640	买盘
14:26:49	11.63	0.01	12	13956	买盘
14:26:44	11.62	--	46	53452	卖盘
14:26:38	11.62	0.01	460	534520	买盘
14:26:23	11.61	0.02	338	392882	买盘
14:26:19	11.59	-0.01	110	127490	卖盘
14:26:14	11.6	--	640	742400	买盘
14:26:08	11.6	0.01	84	97440	买盘
14:26:04	11.59	--	82	95038	卖盘
14:25:53	11.59	-0.01	20	23180	买盘
14:25:49	11.6	0.01	107	124120	买盘
14:25:44	11.59	--	9	10431	买盘
14:25:38	11.59	--	9	10431	买盘
14:25:34	11.59	--	153	177327	买盘
14:25:29	11.59	--	9	10431	买盘
14:25:23	11.59	0.01	17	19703	买盘
14:25:19	11.58	--	17	19686	卖盘
14:25:14	11.58	-0.01	10	11580	卖盘
14:25:08	11.59	0.01	45	52155	买盘
14:25:04	11.58	--	41	47478	买盘
14:24:59	11.58	--	49	56742	卖盘
14:24:53	11.58	--	36	41688	买盘
14:24:49	11.58	0.02	47	54426	买盘
14:24:38	11.56	-0.02	59	68204	卖盘
14:24:34	11.58	--	47	54426	买盘
14:24:29	11.58	--	15	17370	买盘
14:24:23	11.58	0.01	7	8106	买盘
14:24:18	11.57	--	12	13884	卖盘
14:24:08	11.57	-0.01	26	30082	卖盘
14:24:04	11.58	--	31	35898	买盘
14:23:59	11.58	0.01	19	22002	买盘
14:23:53	11.57	-0.01	144	166608	卖盘
14:23:49	11.58	0.01	60	69480	买盘
14:23:38	11.57	-0.01	30	34710	卖盘
14:23:32	11.58	0.01	142	164436	买盘
14:23:28	11.57	--	5	5785	买盘
14:23:23	11.57	--	7	8099	买盘
14:23:17	11.57	--	205	237185	中性盘
14:23:08	11.57	--	157	181649	中性盘
14:23:02	11.57	--	0	0	买盘
14:22:58	11.57	--	14	16198	买盘
14:22:53	11.57	--	39	45123	卖盘
14:22:47	11.57	-0.01	5	5785	卖盘
14:22:43	11.58	--	16	18528	买盘
14:22:38	11.58	0.01	70	81060	买盘
14:22:32	11.57	--	14	16198	买盘
14:22:28	11.57	0.01	20	23140	卖盘
14:22:23	11.56	-0.02	57	65892	卖盘
14:22:17	11.58	0.03	85	98430	买盘
14:22:08	11.55	-0.03	4	4620	卖盘
14:22:02	11.58	0.02	217	251286	买盘
14:21:58	11.56	--	4	4624	买盘
14:21:53	11.56	--	14	16184	买盘
14:21:47	11.56	0.01	35	40460	买盘
14:21:38	11.55	-0.01	79	91245	卖盘
14:21:32	11.56	--	32	36992	卖盘
14:21:28	11.56	-0.02	5	5780	卖盘
14:21:23	11.58	--	100	115800	买盘
14:21:17	11.58	0.01	205	237390	买盘
14:21:13	11.57	0.01	20	23140	买盘
14:21:02	11.56	-0.02	10	11560	中性盘
14:20:58	11.58	0.02	200	231600	买盘
14:20:53	11.56	0.01	42	48552	买盘
14:20:47	11.55	--	4	4620	卖盘
14:20:43	11.55	--	61	70455	买盘
14:20:38	11.55	--	7	8085	买盘
14:20:32	11.55	--	26	31069	卖盘
14:20:28	11.55	-0.02	1	1155	卖盘
14:20:23	11.57	--	0	0	买盘
14:20:17	11.57	0.02	109	126113	买盘
14:20:08	11.55	--	55	63525	卖盘
14:20:02	11.55	-0.01	117	135135	卖盘
14:19:58	11.56	--	129	149124	买盘
14:19:53	11.56	0.01	6	6936	买盘
14:19:43	11.55	-0.01	38	43890	卖盘
14:19:38	11.56	0.01	16	18496	买盘
14:19:32	11.55	-0.01	5	5775	卖盘
14:19:28	11.56	-0.01	2	2312	卖盘
14:19:23	11.57	0.01	27	31239	买盘
14:19:17	11.56	--	11	12716	卖盘
14:19:13	11.56	--	46	53176	卖盘
14:19:02	11.56	--	15	17340	卖盘
14:18:53	11.56	--	15	17340	买盘
14:18:47	11.56	--	7	8092	买盘
14:18:43	11.56	-0.01	3	3468	买盘
14:18:38	11.57	--	7	8099	买盘
14:18:32	11.57	--	67	77634	买盘
14:18:17	11.57	0.03	15	17355	买盘
14:18:13	11.54	-0.01	136	156944	卖盘
14:18:02	11.55	-0.01	5	5775	买盘
14:17:58	11.56	-0.01	35	40460	中性盘
14:17:53	11.57	0.02	27	31239	买盘
14:17:47	11.55	-0.01	107	123585	卖盘
14:17:42	11.56	--	11	12716	卖盘
14:17:38	11.56	-0.01	14	16184	卖盘
14:17:32	11.57	0.01	10	11570	买盘
14:17:27	11.56	--	30	34680	卖盘
14:17:22	11.56	-0.01	6	6936	卖盘
14:17:11	11.57	0.01	84	97188	买盘
14:16:56	11.56	--	10	11560	卖盘
14:16:52	11.56	-0.01	80	92480	卖盘
14:16:47	11.57	--	7	8099	买盘
14:16:32	11.57	0.01	226	261482	买盘
14:16:26	11.56	-0.01	43	49708	中性盘
14:16:22	11.57	--	0	0	买盘
14:16:17	11.57	0.01	7	8099	买盘
14:16:11	11.56	-0.01	113	130628	买盘
14:16:02	11.57	--	0	0	买盘
14:15:56	11.57	0.01	21	24297	买盘
14:15:52	11.56	--	10	11560	买盘
14:15:47	11.56	-0.01	6	6936	买盘
14:15:41	11.57	0.01	16	18512	买盘
14:15:32	11.56	--	35	40460	买盘
14:15:26	11.56	--	5	5780	卖盘
14:15:17	11.56	-0.01	30	34680	中性盘
14:15:11	11.57	0.01	57	65949	买盘
14:15:07	11.56	-0.01	10	11560	买盘
14:14:56	11.57	--	140	161980	买盘
14:14:52	11.57	--	0	0	买盘
14:14:47	11.57	0.01	30	34710	买盘
14:14:41	11.56	0.02	43	49708	买盘
14:14:37	11.54	-0.02	4	4616	卖盘
14:14:32	11.56	--	113	130628	卖盘
14:14:26	11.56	--	21	24276	卖盘
14:14:17	11.56	0.01	281	324836	买盘
14:14:07	11.55	--	3	3465	卖盘
14:14:02	11.55	--	18	20790	买盘
14:13:56	11.55	--	5	5775	买盘
14:13:51	11.55	0.01	53	61215	买盘
14:13:47	11.54	-0.01	30	34620	卖盘
14:13:41	11.55	-0.01	14	16170	中性盘
14:13:37	11.56	0.01	143	165308	买盘
14:13:32	11.55	--	0	0	卖盘
14:13:17	11.55	--	7	8085	买盘
14:13:11	11.55	-0.01	7	8085	买盘
14:13:07	11.56	0.01	50	57800	买盘
14:13:02	11.55	-0.01	1	1155	卖盘
14:12:56	11.56	0.03	54	62424	买盘
14:12:47	11.53	-0.02	68	79430	卖盘
14:12:41	11.55	--	61	70582	卖盘
14:12:37	11.55	--	57	65835	买盘
14:12:32	11.55	--	97	112035	买盘
14:12:26	11.55	--	185	213675	买盘
14:12:22	11.55	--	7	8085	买盘
14:12:17	11.55	0.01	49	56595	买盘
14:12:11	11.54	--	115	132710	买盘
14:12:07	11.54	--	0	0	卖盘
14:11:56	11.54	-0.01	5	5770	买盘
14:11:51	11.55	--	0	0	买盘
14:11:41	11.55	0.01	47	54285	买盘
14:11:36	11.54	--	55	63469	买盘
14:11:32	11.54	--	5	5770	卖盘
14:11:26	11.54	--	19	21926	卖盘
14:11:22	11.54	--	26	30003	买盘
14:11:17	11.54	--	7	8077	买盘
14:11:11	11.54	--	74	85396	买盘
14:11:05	11.54	-0.01	147	169638	卖盘
14:11:01	11.55	--	9	10395	买盘
14:10:50	11.55	--	60	69300	买盘
14:10:46	11.55	--	7	8085	买盘
14:10:41	11.55	--	7	8085	买盘
14:10:35	11.55	--	110	127050	买盘
14:10:26	11.55	--	50	57750	买盘
14:10:20	11.55	--	82	94710	买盘
14:10:16	11.55	-0.01	15	17325	买盘
14:10:11	11.56	0.02	57	65892	买盘
14:10:05	11.54	-0.01	36	41544	卖盘
14:10:01	11.55	--	25	28875	卖盘
14:09:55	11.55	0.01	117	135135	买盘
14:09:46	11.54	-0.02	15	17310	卖盘
14:09:41	11.56	0.02	106	122536	买盘
14:09:35	11.54	--	24	27695	卖盘
14:09:26	11.54	--	10	11540	卖盘
14:09:20	11.54	--	117	135018	买盘
14:09:16	11.54	--	50	57699	买盘
14:09:11	11.54	-0.01	107	123477	买盘
14:09:05	11.55	0.01	110	127050	买盘
14:08:56	11.54	0.02	57	65778	卖盘
14:08:46	11.52	--	0	0	卖盘
14:08:41	11.52	-0.02	263	302976	卖盘
14:08:35	11.54	--	8	9232	卖盘
14:08:26	11.54	0.01	304	350816	买盘
14:08:20	11.53	--	0	0	卖盘
14:08:16	11.53	-0.01	67	77251	卖盘
14:08:11	11.54	0.01	73	84242	买盘
14:07:56	11.53	--	13	14989	卖盘
14:07:50	11.53	--	3	3459	卖盘
14:07:46	11.53	--	4	4612	买盘
14:07:41	11.53	--	16	18448	买盘
14:07:35	11.53	--	10	11530	卖盘
14:07:20	11.53	-0.01	20	23060	买盘
14:07:11	11.54	--	0	0	买盘
14:07:05	11.54	--	40	46160	买盘
14:06:56	11.54	--	10	11540	买盘
14:06:50	11.54	--	37	42698	买盘
14:06:46	11.54	--	20	23080	买盘
14:06:41	11.54	--	10	11540	买盘
14:06:35	11.54	--	67	77318	买盘
14:06:31	11.54	0.03	20	23080	买盘
14:06:20	11.51	-0.03	46	52946	卖盘
14:06:16	11.54	0.02	322	371588	买盘
14:06:05	11.52	--	27	31104	买盘
14:05:56	11.52	--	3	3456	买盘
14:05:46	11.52	0.01	315	362880	买盘
14:05:35	11.51	--	17	19567	买盘
14:05:26	11.51	0.01	10	11510	买盘
14:05:05	11.5	--	19	21850	卖盘
14:04:50	11.5	-0.01	30	34500	卖盘
14:04:44	11.51	0.01	8	9208	买盘
14:04:40	11.5	0.02	51	58650	买盘
14:04:35	11.48	--	0	0	卖盘
14:04:29	11.48	-0.02	126	144648	卖盘
14:04:20	11.5	--	6	6900	买盘
14:04:10	11.5	--	5	5750	买盘
14:03:59	11.5	--	2	2300	买盘
14:03:55	11.5	0.02	6	6900	买盘
14:03:50	11.48	--	13	14924	卖盘
14:03:35	11.48	0.01	28	32144	中性盘
14:03:29	11.47	--	35	40145	卖盘
14:03:25	11.47	-0.05	26	29822	卖盘
14:03:20	11.52	0.05	309	355968	买盘
14:03:14	11.47	-0.01	56	64232	卖盘
14:03:10	11.48	--	12	13776	买盘
14:02:59	11.48	0.01	26	29848	买盘
14:02:50	11.47	--	10	11470	卖盘
14:02:44	11.47	--	58	66526	卖盘
14:02:40	11.47	--	2	2294	卖盘
14:02:35	11.47	--	11	12617	卖盘
14:02:29	11.47	--	78	89466	卖盘
14:02:14	11.47	--	3	3441	卖盘
14:02:10	11.47	--	1	1147	卖盘
14:02:05	11.47	--	21	24087	卖盘
14:01:59	11.47	--	33	37851	卖盘
14:01:55	11.47	-0.01	16	18352	卖盘
14:01:50	11.48	0.01	16	18368	买盘
14:01:44	11.47	--	6	6882	卖盘
14:01:35	11.47	-0.01	33	37851	卖盘
14:01:29	11.48	0.01	29	33292	买盘
14:01:20	11.47	--	40	45880	卖盘
14:01:05	11.47	-0.01	26	29822	卖盘
14:00:59	11.48	--	6	6888	买盘
14:00:55	11.48	--	21	24108	卖盘
14:00:50	11.48	--	15	17220	卖盘
14:00:44	11.48	-0.01	3	3444	卖盘
14:00:35	11.49	0.02	13	14937	买盘
14:00:29	11.47	--	6	6882	卖盘
14:00:14	11.47	--	11	12617	卖盘
14:00:10	11.47	-0.01	8	9176	卖盘
14:00:05	11.48	--	55	63140	卖盘
13:59:59	11.48	-0.01	25	28700	卖盘
13:59:55	11.49	0.01	6	6894	买盘
13:59:50	11.48	-0.01	51	58548	卖盘
13:59:44	11.49	0.01	20	22980	买盘
13:59:34	11.48	--	8	9184	卖盘
13:59:14	11.48	-0.01	5	5740	卖盘
13:59:05	11.49	--	8	9192	买盘
13:58:55	11.49	--	7	8043	买盘
13:58:50	11.49	--	5	5745	买盘
13:58:35	11.49	--	2	2298	卖盘
13:58:14	11.49	0.01	44	50556	买盘
13:58:08	11.48	-0.01	49	56252	卖盘
13:57:59	11.49	0.01	6	6894	买盘
13:57:49	11.48	--	5	5740	卖盘
13:57:44	11.48	--	3	3444	卖盘
13:57:34	11.48	0.01	8	9184	卖盘
13:57:29	11.47	-0.02	66	75702	卖盘
13:57:23	11.49	0.01	56	64344	买盘
13:57:19	11.48	--	20	22960	卖盘
13:57:08	11.48	0.01	40	45920	买盘
13:57:04	11.47	--	8	9176	卖盘
13:56:59	11.47	0.01	20	22940	中性盘
13:56:44	11.46	-0.01	80	91680	卖盘
13:56:38	11.47	--	8	9176	买盘
13:56:34	11.47	--	50	57350	买盘
13:56:23	11.47	0.01	5	5735	卖盘
13:56:14	11.46	--	3	3438	卖盘
13:56:08	11.46	-0.01	203	233279	卖盘
13:56:04	11.47	-0.02	46	52762	卖盘
13:55:59	11.49	0.02	6	6894	买盘
13:55:53	11.47	-0.01	7	8029	卖盘
13:55:49	11.48	--	44	50512	买盘
13:55:44	11.48	--	9	10332	买盘
13:55:38	11.48	--	5	5740	买盘
13:55:29	11.48	--	87	99876	卖盘
13:55:14	11.48	-0.01	9	10332	卖盘
13:55:08	11.49	--	41	47109	卖盘
13:55:04	11.49	--	8	9192	卖盘
13:54:59	11.49	-0.01	8	9192	卖盘
13:54:53	11.5	--	5	5750	买盘
13:54:49	11.5	--	4	4600	买盘
13:54:33	11.5	--	43	49450	卖盘
13:54:29	11.5	-0.01	48	55200	卖盘
13:54:23	11.51	0.01	3	3453	买盘
13:54:14	11.5	-0.01	50	57500	卖盘
13:54:04	11.51	--	11	12661	买盘
13:53:59	11.51	-0.01	19	22375	卖盘
13:53:53	11.52	0.01	56	64512	买盘
13:53:49	11.51	--	21	24815	买盘
13:53:38	11.51	--	8	9714	卖盘
13:53:33	11.51	--	7	8057	卖盘
13:53:29	11.51	--	5	5755	卖盘
13:53:19	11.51	--	134	154234	卖盘
13:53:08	11.51	--	39	44889	卖盘
13:53:04	11.51	--	29	33379	卖盘
13:52:59	11.51	--	5	5755	卖盘
13:52:52	11.51	--	15	17265	卖盘
13:52:49	11.51	--	5	5755	卖盘
13:52:43	11.51	--	5	5755	卖盘
13:52:34	11.51	-0.01	22	25322	卖盘
13:52:23	11.52	0.01	58	66816	买盘
13:52:19	11.51	--	1	1151	卖盘
13:52:13	11.51	--	3	3453	卖盘
13:52:08	11.51	--	25	28775	卖盘
13:52:03	11.51	--	13	14963	卖盘
13:51:43	11.51	--	1	1151	卖盘
13:51:38	11.51	--	1	1151	卖盘
13:51:32	11.51	--	7	8057	卖盘
13:51:17	11.51	--	16	19049	卖盘
13:51:13	11.51	--	10	11510	卖盘
13:51:08	11.51	--	5	5755	卖盘
13:51:02	11.51	--	49	56399	卖盘
13:50:58	11.51	--	26	29926	卖盘
13:50:53	11.51	--	6	6906	卖盘
13:50:47	11.51	--	11	13144	卖盘
13:50:38	11.51	--	5	5755	卖盘
13:50:32	11.51	--	17	19567	卖盘
13:50:17	11.51	-0.01	21	24171	卖盘
13:50:13	11.52	--	37	42624	买盘
13:50:08	11.52	--	8	9216	买盘
13:50:02	11.52	--	14	16128	买盘
13:49:38	11.52	--	3	3456	买盘
13:49:32	11.52	--	10	11520	买盘
13:49:13	11.52	--	2	2304	买盘
13:49:08	11.52	0.01	37	42624	买盘
13:49:02	11.51	-0.01	19	21869	卖盘
13:48:53	11.52	0.01	10	11520	买盘
13:48:47	11.51	--	5	5755	卖盘
13:48:23	11.51	--	10	11510	卖盘
13:48:17	11.51	0.02	153	176103	买盘
13:48:13	11.49	--	1	1149	卖盘
13:48:08	11.49	--	29	33321	卖盘
13:48:02	11.49	--	41	47109	卖盘
13:47:38	11.49	--	3	3447	卖盘
13:47:27	11.49	-0.01	225	258525	卖盘
13:47:17	11.5	--	68	78200	卖盘
13:47:13	11.5	--	12	13800	卖盘
13:47:07	11.5	--	8	9200	卖盘
13:46:37	11.5	0.01	3	4370	买盘
13:46:28	11.49	-0.01	1	1149	卖盘
13:46:08	11.5	--	6	6900	买盘
13:45:58	11.5	--	10	11730	卖盘
13:45:37	11.5	--	4	5520	买盘
13:45:32	11.5	--	50	57500	买盘
13:45:17	11.5	--	10	11500	买盘
13:45:11	11.5	--	7	8050	买盘
13:45:07	11.5	0.01	90	103500	买盘
13:45:02	11.49	-0.01	5	5745	卖盘
13:44:52	11.5	--	8	9200	买盘
13:44:41	11.5	0.01	42	48300	买盘
13:44:37	11.49	--	20	22980	卖盘
13:44:26	11.49	--	13	14937	卖盘
13:44:22	11.49	-0.01	10	11490	卖盘
13:44:11	11.5	--	13	14950	买盘
13:44:02	11.5	0.01	36	41400	买盘
13:43:52	11.49	-0.01	10	11490	卖盘
13:43:41	11.5	--	10	11500	买盘
13:43:22	11.5	--	3	3450	买盘
13:43:11	11.5	--	37	42550	买盘
13:43:02	11.5	--	30	34500	买盘
13:42:47	11.5	0.01	15	17250	买盘
13:42:37	11.49	--	34	39973	卖盘
13:42:17	11.49	-0.01	10	11490	卖盘
13:42:11	11.5	0.01	6	6900	买盘
13:42:02	11.49	--	7	8043	卖盘
13:41:52	11.49	--	45	51705	买盘
13:41:47	11.49	--	1	1149	买盘
13:41:41	11.49	0.01	14	16086	买盘
13:41:32	11.48	-0.01	2	2296	卖盘
13:41:26	11.49	0.01	76	87324	买盘
13:41:17	11.48	--	8	9184	卖盘
13:41:11	11.48	-0.01	20	22960	卖盘
13:41:07	11.49	--	4	4596	买盘
13:40:52	11.49	-0.01	4	4596	中性盘
13:40:41	11.5	0.01	111	128420	买盘
13:40:26	11.49	--	3	3447	卖盘
13:40:21	11.49	--	25	29299	卖盘
13:40:11	11.49	--	56	64344	卖盘
13:39:51	11.49	0.01	158	182495	买盘
13:39:31	11.48	--	22	25887	卖盘
13:39:21	11.48	--	13	14924	卖盘
13:39:16	11.48	--	3	3960	买盘
13:39:11	11.48	--	28	32144	买盘
13:39:06	11.48	--	62	71176	卖盘
13:38:56	11.48	--	10	11480	卖盘
13:38:50	11.48	--	2	2296	卖盘
13:38:46	11.48	-0.01	5	5740	卖盘
13:38:34	11.49	0.02	6	6894	买盘
13:38:31	11.47	--	0	0	卖盘
13:38:26	11.47	-0.01	50	57350	卖盘
13:38:20	11.48	--	3	3444	卖盘
13:37:56	11.48	--	58	66584	买盘
13:37:50	11.48	0.01	38	43624	买盘
13:37:46	11.47	--	3	3441	卖盘
13:37:26	11.47	--	20	22940	卖盘
13:37:20	11.47	--	1	2179	卖盘
13:37:11	11.47	--	4	4588	卖盘
13:37:01	11.47	--	46	52876	卖盘
13:36:56	11.47	0.01	11	12617	买盘
13:36:50	11.46	-0.02	3	3438	卖盘
13:36:26	11.48	--	0	0	买盘
13:36:20	11.48	0.02	6	6888	买盘
13:36:16	11.46	-0.01	70	80220	卖盘
13:36:10	11.47	0.01	29	34008	卖盘
13:35:41	11.46	--	0	0	卖盘
13:35:35	11.46	--	1	1146	卖盘
13:35:31	11.46	--	0	0	卖盘
13:35:26	11.46	-0.02	5	5730	卖盘
13:35:20	11.48	--	5	5740	卖盘
13:35:11	11.48	0.01	308	354582	买盘
13:35:05	11.47	--	13	15002	卖盘
13:34:56	11.47	--	30	34410	卖盘
13:34:41	11.47	0.01	10	11470	中性盘
13:34:35	11.46	-0.02	2	2292	卖盘
13:34:25	11.48	0.01	6	6888	买盘
13:34:20	11.47	--	0	607	卖盘
13:34:16	11.47	--	9	10862	买盘
13:34:05	11.47	--	102	116994	卖盘
13:33:45	11.47	-0.01	5	5735	卖盘
13:33:40	11.48	0.01	5	5740	买盘
13:33:30	11.47	-0.01	10	11470	卖盘
13:33:20	11.48	0.01	7	8036	买盘
13:33:15	11.47	--	20	22940	卖盘
13:32:44	11.47	-0.01	9	10323	买盘
13:32:40	11.48	--	0	0	买盘
13:32:35	11.48	0.02	213	244524	买盘
13:32:25	11.46	-0.01	45	51570	卖盘
13:32:20	11.47	0.01	31	35557	买盘
13:32:14	11.46	-0.01	6	6876	卖盘
13:32:04	11.47	--	37	42439	卖盘
13:31:59	11.47	0.01	120	137685	买盘
13:31:50	11.46	--	10	11460	卖盘
13:31:29	11.46	-0.01	55	63030	卖盘
13:31:20	11.47	--	7	8029	买盘
13:31:13	11.47	0.01	36	41292	买盘
13:31:10	11.46	--	21	24066	卖盘
13:30:59	11.46	--	54	61884	卖盘
13:30:35	11.46	--	49	57288	卖盘
13:30:19	11.46	--	50	57300	卖盘
13:29:55	11.46	--	21	24157	买盘
13:29:50	11.46	--	36	42310	卖盘
13:29:43	11.46	-0.01	15	17190	卖盘
13:29:29	11.47	0.01	8	9176	买盘
13:29:25	11.46	-0.01	49	56245	卖盘
13:29:20	11.47	--	16	18352	买盘
13:29:14	11.47	0.01	43	49321	买盘
13:29:05	11.46	-0.01	10	11460	卖盘
13:28:59	11.47	--	7	8029	买盘
13:28:55	11.47	0.01	16	18352	买盘
13:28:50	11.46	-0.01	30	34380	卖盘
13:28:44	11.47	0.01	6	6882	买盘
13:28:35	11.46	-0.01	18	20628	卖盘
13:28:29	11.47	0.01	16	18352	买盘
13:28:24	11.46	--	30	34380	卖盘
13:28:20	11.46	--	3	3438	卖盘
13:28:14	11.46	--	45	51570	卖盘
13:28:09	11.46	--	2	2292	卖盘
13:28:04	11.46	--	4	4584	卖盘
13:27:59	11.46	-0.01	20	22920	卖盘
13:27:39	11.47	0.01	20	22940	买盘
13:27:34	11.46	--	12	13752	买盘
13:27:29	11.46	--	11	12606	中性盘
13:27:24	11.46	--	25	28650	卖盘
13:27:13	11.46	--	10	11460	卖盘
13:27:09	11.46	--	24	27504	卖盘
13:26:59	11.46	0.01	150	171900	买盘
13:26:54	11.45	--	74	84730	卖盘
13:26:49	11.45	-0.01	3	3435	卖盘
13:26:44	11.46	--	5	5730	买盘
13:26:40	11.46	--	31	35526	买盘
13:26:29	11.46	-0.01	126	144396	卖盘
13:26:24	11.47	0.01	60	68820	买盘
13:26:19	11.46	--	237	271602	卖盘
13:26:14	11.46	-0.01	24	27504	卖盘
13:26:04	11.47	--	10	11470	买盘
13:25:59	11.47	0.01	29	33263	买盘
13:25:49	11.46	-0.01	14	16044	卖盘
13:25:44	11.47	--	100	114700	买盘
13:25:38	11.47	0.01	47	53909	买盘
13:25:34	11.46	-0.01	95	108870	卖盘
13:25:29	11.47	--	7	8029	买盘
13:25:23	11.47	--	3	3441	买盘
13:25:08	11.47	--	10	11470	买盘
13:25:04	11.47	--	21	25119	卖盘
13:24:53	11.47	--	25	28789	买盘
13:24:49	11.47	0.01	20	22940	买盘
13:24:38	11.46	-0.01	32	36672	卖盘
13:24:33	11.47	--	38	43586	买盘
13:24:28	11.47	0.01	9	10323	买盘
13:24:23	11.46	--	58	66468	卖盘
13:24:08	11.46	--	20	22920	卖盘
13:24:04	11.46	--	61	69906	卖盘
13:23:59	11.46	--	30	34380	卖盘
13:23:53	11.46	--	72	82512	买盘
13:23:49	11.46	--	77	88242	买盘
13:23:44	11.46	--	15	17190	买盘
13:23:38	11.46	0.01	18	20628	买盘
13:23:34	11.45	-0.01	276	316020	卖盘
13:23:29	11.46	--	38	43548	买盘
13:23:23	11.46	--	112	128352	买盘
13:23:14	11.46	--	5	5730	买盘
13:23:08	11.46	-0.01	547	626862	卖盘
13:23:04	11.47	--	20	22940	买盘
13:22:59	11.47	0.01	37	42439	买盘
13:22:53	11.46	--	20	22920	卖盘
13:22:44	11.46	--	7	8022	卖盘
13:22:38	11.46	-0.01	10	11460	卖盘
13:22:34	11.47	--	7	8029	买盘
13:22:29	11.47	--	20	22940	买盘
13:22:19	11.47	--	50	57350	买盘
13:22:13	11.47	--	62	71114	卖盘
13:22:07	11.47	--	304	348688	卖盘
13:22:04	11.47	-0.01	150	172050	卖盘
13:21:59	11.48	--	20	22960	买盘
13:21:48	11.48	0.01	4	4592	买盘
13:21:37	11.47	-0.01	58	66526	卖盘
13:21:33	11.48	--	7	8036	买盘
13:21:29	11.48	-0.01	511	587603	卖盘
13:21:22	11.49	--	7	8043	买盘
13:21:18	11.49	0.01	39	44994	买盘
13:21:08	11.48	--	1	1148	卖盘
13:21:04	11.48	--	70	80360	卖盘
13:20:53	11.48	-0.01	168	192864	卖盘
13:20:38	11.49	--	11	12639	买盘
13:20:33	11.49	--	79	90771	买盘
13:20:28	11.49	--	3	3447	买盘
13:20:23	11.49	--	24	27576	买盘
13:20:18	11.49	--	10	11490	买盘
13:20:07	11.49	--	6	6894	买盘
13:20:03	11.49	--	476	548038	卖盘
13:19:58	11.49	--	37	42513	卖盘
13:19:53	11.49	--	100	114900	卖盘
13:19:43	11.49	--	80	91920	卖盘
13:19:38	11.49	-0.01	202	232098	卖盘
13:19:33	11.5	0.01	29	33350	买盘
13:19:13	11.49	--	10	11490	卖盘
13:19:08	11.49	-0.01	20	22980	卖盘
13:18:58	11.5	0.01	10	11500	买盘
13:18:52	11.49	-0.01	1	1149	卖盘
13:18:47	11.5	--	90	103500	买盘
13:18:43	11.5	--	52	59800	买盘
13:18:38	11.5	--	6	6900	买盘
13:18:32	11.5	--	5	5750	买盘
13:18:22	11.5	--	208	239832	卖盘
13:18:17	11.5	--	1	1150	卖盘
13:17:58	11.5	--	0	0	卖盘
13:17:53	11.5	--	42	48944	卖盘
13:17:38	11.5	--	104	119600	卖盘
13:17:32	11.5	--	20	23000	卖盘
13:17:23	11.5	-0.01	82	95323	卖盘
13:17:17	11.51	--	23	26473	买盘
13:17:13	11.51	0.01	8	9208	买盘
13:17:02	11.5	-0.01	12	13800	卖盘
13:16:58	11.51	--	4	4604	卖盘
13:16:53	11.51	0.01	15	17265	买盘
13:16:47	11.5	-0.01	15	17250	卖盘
13:16:38	11.51	0.01	34	39134	买盘
13:16:32	11.5	--	47	54050	买盘
13:16:28	11.5	0.01	30	34500	卖盘
13:16:17	11.49	-0.01	200	229800	卖盘
13:16:07	11.5	--	538	619114	买盘
13:15:58	11.5	--	20	23000	买盘
13:15:46	11.5	--	17	19550	买盘
13:15:43	11.5	--	26	29900	买盘
13:15:38	11.5	--	7	8050	买盘
13:15:32	11.5	--	5	5750	买盘
13:15:22	11.5	--	11	12650	买盘
13:15:17	11.5	--	20	23000	买盘
13:15:12	11.5	--	22	25300	买盘
13:15:08	11.5	--	17	19550	买盘
13:15:02	11.5	--	3	3450	买盘
13:14:57	11.5	--	7	8050	买盘
13:14:53	11.5	-0.01	254	292836	卖盘
13:14:42	11.51	0.01	29	34058	买盘
13:14:37	11.5	--	29	33350	卖盘
13:14:27	11.5	--	5	5750	卖盘
13:14:12	11.5	--	0	0	卖盘
13:14:07	11.5	--	30	34500	卖盘
13:13:46	11.5	-0.02	113	129950	卖盘
13:13:42	11.52	0.02	5	5760	买盘
13:13:12	11.5	--	71	82535	买盘
13:13:07	11.5	--	254	292100	买盘
13:13:02	11.5	--	30	34500	买盘
13:12:56	11.5	--	58	66700	买盘
13:12:52	11.5	--	17	19550	买盘
13:12:47	11.5	--	277	318550	买盘
13:12:41	11.5	--	21	24150	买盘
13:12:32	11.5	--	162	186300	买盘
13:12:26	11.5	--	60	69000	买盘
13:12:22	11.5	-0.02	591	679914	卖盘
13:12:11	11.52	0.01	3	3456	买盘
13:12:02	11.51	--	0	0	中性盘
13:11:55	11.51	0.01	50	57550	买盘
13:11:47	11.5	--	10	11500	卖盘
13:11:40	11.5	--	97	112435	买盘
13:11:37	11.5	--	124	142600	买盘
13:11:32	11.5	--	3	3450	买盘
13:11:26	11.5	0.01	30	34500	买盘
13:11:21	11.49	-0.01	316	363084	卖盘
13:11:16	11.5	--	311	357650	买盘
13:11:11	11.5	--	3	3450	买盘
13:11:02	11.5	0.01	70	80500	买盘
13:10:56	11.49	-0.01	203	233247	卖盘
13:10:47	11.5	--	110	126500	买盘
13:10:41	11.5	--	6	6900	买盘
13:10:32	11.5	--	112	129064	卖盘
13:10:25	11.5	--	98	112700	卖盘
13:10:11	11.5	--	12	14099	卖盘
13:09:52	11.5	0.01	3	4036	买盘
13:09:47	11.49	-0.01	51	58599	卖盘
13:09:41	11.5	0.01	7	8050	买盘
13:09:37	11.49	--	10	11490	卖盘
13:09:31	11.49	-0.01	5	5745	卖盘
13:09:22	11.5	--	20	23000	买盘
13:09:07	11.5	--	10	11500	买盘
13:08:52	11.5	--	10	11500	买盘
13:08:47	11.5	--	6	6900	买盘
13:08:21	11.5	0.01	5	5750	买盘
13:08:17	11.49	-0.01	219	251631	卖盘
13:07:55	11.5	0.01	30	34500	买盘
13:07:51	11.49	--	32	36768	卖盘
13:07:46	11.49	--	27	31792	卖盘
13:07:40	11.49	--	10	11490	卖盘
13:07:25	11.49	--	10	11490	卖盘
13:07:21	11.49	--	25	28725	卖盘
13:07:11	11.49	-0.01	33	38480	卖盘
13:07:01	11.5	--	30	35086	卖盘
13:06:56	11.5	--	21	24150	卖盘
13:06:51	11.5	--	19	21850	卖盘
13:06:46	11.5	--	78	89700	卖盘
13:06:40	11.5	--	5	5750	卖盘
13:06:25	11.5	-0.01	50	57500	卖盘
13:06:11	11.51	0.01	10	11510	买盘
13:06:06	11.5	--	7	8050	买盘
13:06:01	11.5	--	3	3450	卖盘
13:05:56	11.5	-0.01	3	3450	卖盘
13:05:49	11.51	0.01	7	8057	买盘
13:05:40	11.5	0.01	5	5750	买盘
13:05:35	11.49	-0.02	193	221757	卖盘
13:05:16	11.51	0.01	5	5755	买盘
13:05:05	11.5	--	30	34500	卖盘
13:05:01	11.5	-0.01	38	43700	卖盘
13:04:50	11.51	0.01	6	6906	买盘
13:04:41	11.5	--	2	2300	卖盘
13:04:35	11.5	-0.01	12	13800	卖盘
13:04:31	11.51	0.01	180	207180	买盘
13:04:26	11.5	-0.01	130	149500	卖盘
13:04:20	11.51	--	30	34530	买盘
13:04:16	11.51	--	5	5755	买盘
13:04:10	11.51	--	10	11510	买盘
13:04:05	11.51	--	86	99492	卖盘
13:04:01	11.51	-0.01	2	2302	卖盘
13:03:56	11.52	--	10	11520	买盘
13:03:50	11.52	0.01	7	8064	买盘
13:03:20	11.51	-0.01	110	126610	卖盘
13:03:11	11.52	0.01	54	62208	买盘
13:03:05	11.51	-0.01	25	29419	卖盘
13:02:56	11.52	0.01	6	6912	买盘
13:02:40	11.51	-0.01	54	62154	卖盘
13:01:56	11.52	0.01	7	8064	买盘
13:01:50	11.51	--	3	3453	卖盘
13:01:45	11.51	--	203	233653	卖盘
13:01:35	11.51	-0.01	35	40285	卖盘
13:01:15	11.52	0.01	6	6912	买盘
13:01:05	11.51	-0.01	2	2302	卖盘
13:00:15	11.52	--	1	1152	买盘
13:00:10	11.52	--	57	65664	买盘
13:00:05	11.52	--	254	292608	卖盘
11:30:00	11.52	--	0	0	卖盘
11:29:59	11.52	--	0	0	卖盘
11:29:36	11.52	--	124	142848	买盘
11:29:25	11.52	0.01	23	26496	买盘
11:28:55	11.51	--	5	5755	卖盘
11:28:40	11.51	0.01	14	16114	买盘
11:28:06	11.5	--	0	0	中性盘
11:28:01	11.5	--	0	0	买盘
11:27:55	11.5	--	7	8050	买盘
11:27:46	11.5	--	0	0	中性盘
11:27:40	11.5	-0.01	4	4600	买盘
11:27:31	11.51	--	0	0	买盘
11:27:25	11.51	0.01	27	31077	买盘
11:27:21	11.5	--	138	158700	卖盘
11:27:10	11.5	-0.01	4	4600	卖盘
11:27:01	11.51	--	6	6906	买盘
11:26:55	11.51	0.01	5	5755	买盘
11:26:46	11.5	--	21	24150	卖盘
11:26:40	11.5	-0.01	73	83950	卖盘
11:26:36	11.51	0.01	5	5755	买盘
11:26:25	11.5	-0.01	3	3450	卖盘
11:26:21	11.51	0.01	12	13812	买盘
11:26:10	11.5	-0.01	115	132250	卖盘
11:26:06	11.51	--	5	5755	买盘
11:25:55	11.51	--	49	56399	买盘
11:25:51	11.51	--	72	82872	买盘
11:25:46	11.51	--	5	5755	买盘
11:25:25	11.51	--	6	6906	买盘
11:25:19	11.51	-0.01	259	298109	卖盘
11:24:55	11.52	0.01	66	76032	买盘
11:24:49	11.51	--	18	20718	买盘
11:24:46	11.51	--	20	23020	买盘
11:24:40	11.51	--	66	75966	卖盘
11:24:34	11.51	--	9	10359	卖盘
11:24:31	11.51	-0.01	100	115100	卖盘
11:24:04	11.52	-0.01	7	8064	买盘
11:23:55	11.53	0.03	36	41508	买盘
11:23:40	11.5	--	0	0	卖盘
11:23:34	11.5	-0.01	8	9200	卖盘
11:23:30	11.51	0.01	2	2302	买盘
11:23:25	11.5	-0.01	201	231150	卖盘
11:23:19	11.51	0.01	21	24171	买盘
11:23:15	11.5	--	15	17250	卖盘
11:23:10	11.5	-0.01	39	44850	卖盘
11:23:00	11.51	0.02	17	19567	买盘
11:22:55	11.49	-0.04	141	162009	卖盘
11:22:49	11.53	0.01	87	100311	买盘
11:22:40	11.52	0.02	125	144000	买盘
11:22:34	11.5	--	30	34500	买盘
11:22:25	11.5	--	13	14950	卖盘
11:22:15	11.5	-0.01	20	23000	卖盘
11:22:04	11.51	--	15	17265	卖盘
11:22:00	11.51	--	20	23020	卖盘
11:21:49	11.51	--	28	32228	卖盘
11:21:45	11.51	--	8	9208	卖盘
11:21:40	11.51	--	20	23020	卖盘
11:21:34	11.51	0.01	42	48342	买盘
11:21:25	11.5	-0.01	46	52900	卖盘
11:21:19	11.51	0.01	14	16114	买盘
11:21:04	11.5	0.02	25	28750	买盘
11:20:55	11.48	-0.04	50	57400	卖盘
11:20:49	11.52	0.02	89	102528	买盘
11:20:45	11.5	-0.01	10	11500	买盘
11:20:40	11.51	0.02	41	47191	买盘
11:20:34	11.49	-0.01	681	782469	卖盘
11:20:30	11.5	-0.01	52	59800	卖盘
11:20:25	11.51	--	5	5755	卖盘
11:20:15	11.51	0.01	2	2417	中性盘
11:20:04	11.5	-0.02	320	368000	卖盘
11:19:55	11.52	--	40	46080	卖盘
11:19:49	11.52	--	13	14976	卖盘
11:19:40	11.52	--	12	13824	卖盘
11:19:34	11.52	--	127	147168	卖盘
11:19:19	11.52	-0.01	1	1313	卖盘
11:19:13	11.53	--	242	279187	卖盘
11:19:10	11.53	--	116	134082	卖盘
11:19:04	11.53	--	29	33437	卖盘
11:18:58	11.53	--	4	4612	卖盘
11:18:55	11.53	--	4	5269	卖盘
11:18:49	11.53	--	19	21907	卖盘
11:18:43	11.53	--	40	46120	卖盘
11:18:39	11.53	--	5	5765	卖盘
11:18:28	11.53	-0.01	13	14989	卖盘
11:18:19	11.54	0.01	90	103859	买盘
11:18:13	11.53	-0.01	75	86475	卖盘
11:18:10	11.54	0.01	9	10386	买盘
11:17:49	11.53	--	22	25366	卖盘
11:17:43	11.53	-0.01	9	10377	卖盘
11:17:13	11.54	-0.01	3	3461	卖盘
11:17:04	11.55	--	6	6930	买盘
11:16:58	11.55	--	0	0	买盘
11:16:43	11.55	--	5	5775	买盘
11:16:28	11.55	--	12	13860	买盘
11:16:19	11.55	0.01	98	113190	买盘
11:16:09	11.54	0.01	7	8077	买盘
11:16:04	11.53	--	18	20754	买盘
11:15:54	11.53	--	4	4612	卖盘
11:15:43	11.53	--	6	6918	买盘
11:15:34	11.53	0.01	15	17295	买盘
11:15:28	11.52	--	189	217728	卖盘
11:15:13	11.52	-0.01	9	10368	卖盘
11:15:09	11.53	0.02	79	91087	买盘
11:14:54	11.51	--	0	0	卖盘
11:14:49	11.51	-0.02	16	18416	卖盘
11:14:34	11.53	--	5	5765	买盘
11:14:28	11.53	-0.02	4	4612	卖盘
11:14:24	11.55	--	0	0	买盘
11:14:19	11.55	0.01	89	102795	买盘
11:14:13	11.54	0.01	74	85396	买盘
11:13:54	11.53	--	28	32284	买盘
11:13:43	11.53	--	7	8071	买盘
11:13:34	11.53	--	14	16142	卖盘
11:13:24	11.53	-0.01	30	34590	卖盘
11:13:13	11.54	--	6	6923	买盘
11:13:09	11.54	0.01	10	11540	买盘
11:12:43	11.53	--	14	16142	卖盘
11:12:37	11.53	0.01	45	52715	买盘
11:12:34	11.52	-0.01	18	21058	卖盘
11:12:13	11.53	0.01	202	233736	买盘
11:12:07	11.52	0.01	93	107136	买盘
11:11:58	11.51	--	8	9208	卖盘
11:11:52	11.51	--	15	17265	卖盘
11:11:43	11.51	--	11	12661	卖盘
11:11:33	11.51	0.01	22	25322	买盘
11:11:28	11.5	--	33	37950	卖盘
11:11:13	11.5	-0.01	5	5750	卖盘
11:11:07	11.51	0.01	93	107043	买盘
11:10:58	11.5	0.01	687	790050	买盘
11:10:52	11.49	--	110	126390	卖盘
11:10:43	11.49	-0.01	20	22980	卖盘
11:10:37	11.5	--	10	11500	买盘
11:10:18	11.5	--	0	0	买盘
11:10:13	11.5	--	363	417450	买盘
11:10:07	11.5	-0.01	23	26450	卖盘
11:10:03	11.51	0.01	3	3453	买盘
11:09:52	11.5	--	9	10350	卖盘
11:09:48	11.5	--	62	71300	卖盘
11:09:43	11.5	--	30	34500	买盘
11:09:28	11.5	-0.01	20	23000	卖盘
11:09:22	11.51	0.01	20	23020	买盘
11:09:18	11.5	-0.01	2	2300	卖盘
11:09:13	11.51	0.01	89	102439	买盘
11:09:03	11.5	--	62	71300	买盘
11:08:52	11.5	--	3	3450	买盘
11:08:48	11.5	--	20	23000	买盘
11:08:43	11.5	--	4	4600	卖盘
11:08:37	11.5	--	20	23000	卖盘
11:08:28	11.5	-0.01	9	10350	卖盘
11:08:22	11.51	0.01	6	6906	买盘
11:08:18	11.5	--	21	24150	卖盘
11:08:07	11.5	0.01	60	69000	买盘
11:07:48	11.49	--	14	16086	卖盘
11:07:33	11.49	-0.01	75	86175	卖盘
11:07:22	11.5	--	10	11500	买盘
11:07:18	11.5	--	11	12650	买盘
11:07:03	11.5	-0.02	15	17250	买盘
11:06:58	11.52	--	0	0	买盘
11:06:52	11.52	0.02	10	11520	买盘
11:06:48	11.5	--	10	11500	买盘
11:06:43	11.5	--	18	21022	卖盘
11:06:37	11.5	-0.02	5	5750	卖盘
11:06:22	11.52	0.02	89	102528	买盘
11:06:16	11.5	--	11	13478	买盘
11:06:07	11.5	--	7	8050	买盘
11:05:52	11.5	--	18	21022	卖盘
11:05:46	11.5	0.01	282	325128	买盘
11:05:37	11.49	-0.01	11	12639	卖盘
11:05:28	11.5	0.01	40	46000	买盘
11:05:22	11.49	-0.01	10	11490	卖盘
11:05:16	11.5	0.01	16	18400	买盘
11:05:07	11.49	--	50	57450	卖盘
11:05:01	11.49	--	9	10341	卖盘
11:04:57	11.49	--	42	48258	卖盘
11:04:52	11.49	--	68	78132	买盘
11:04:46	11.49	0.01	89	102261	买盘
11:04:37	11.48	--	3	3444	卖盘
11:04:31	11.48	-0.01	33	37884	卖盘
11:04:27	11.49	--	5	5745	买盘
11:04:22	11.49	0.01	56	64344	买盘
11:04:07	11.48	--	38	43624	卖盘
11:04:01	11.48	-0.01	30	34440	卖盘
11:03:52	11.49	0.01	20	22980	中性盘
11:03:46	11.48	-0.01	114	130872	卖盘
11:03:37	11.49	--	20	22980	买盘
11:03:31	11.49	--	164	188436	买盘
11:03:27	11.49	--	5	5745	买盘
11:03:22	11.49	--	56	64344	买盘
11:03:16	11.49	--	4	4596	买盘
11:03:12	11.49	--	30	34470	买盘
11:03:07	11.49	--	71	81579	卖盘
11:03:01	11.49	--	6	6894	卖盘
11:02:57	11.49	--	45	51705	卖盘
11:02:52	11.49	--	101	116049	卖盘
11:02:46	11.49	--	106	121794	卖盘
11:02:42	11.49	--	40	45960	卖盘
11:02:31	11.49	-0.01	60	68940	卖盘
11:02:22	11.5	0.01	17	19550	买盘
11:02:16	11.49	-0.01	33	38238	卖盘
11:02:12	11.5	--	47	54050	卖盘
11:02:07	11.5	--	104	119600	卖盘
11:01:52	11.5	-0.01	1	1150	卖盘
11:01:42	11.51	--	82	94382	买盘
11:01:37	11.51	--	52	59852	卖盘
11:01:31	11.51	--	54	62154	卖盘
11:01:27	11.51	--	66	75966	卖盘
11:01:16	11.51	--	20	23020	卖盘
11:01:12	11.51	--	13	14963	卖盘
11:01:07	11.51	--	8	9208	卖盘
11:01:01	11.51	--	30	34530	卖盘
11:00:46	11.51	--	3	3453	中性盘
11:00:41	11.51	0.01	106	122006	买盘
11:00:27	11.5	-0.01	66	75900	卖盘
11:00:22	11.51	0.01	10	11510	买盘
11:00:07	11.5	--	17	19550	卖盘
11:00:01	11.5	--	0	0	卖盘
10:59:46	11.5	-0.02	205	235750	卖盘
10:59:25	11.52	0.01	9	10368	买盘
10:59:10	11.51	-0.01	8	9208	卖盘
10:58:46	11.52	0.01	20	23040	买盘
10:58:36	11.51	-0.01	5	5755	卖盘
10:58:25	11.52	0.02	7	8064	买盘
10:58:16	11.5	-0.01	30	34500	卖盘
10:57:46	11.51	--	3	3453	卖盘
10:57:40	11.51	0.01	15	17265	中性盘
10:57:31	11.5	--	150	173328	卖盘
10:57:25	11.5	--	8	9200	卖盘
10:57:16	11.5	--	14	16100	卖盘
10:57:10	11.5	--	16	18400	卖盘
10:57:01	11.5	--	10	11500	卖盘
10:56:55	11.5	--	40	46000	卖盘
10:56:51	11.5	-0.02	20	23000	卖盘
10:56:16	11.52	0.02	130	149760	买盘
10:56:10	11.5	--	30	34500	卖盘
10:56:01	11.5	--	13	14950	卖盘
10:55:55	11.5	--	30	34500	买盘
10:55:51	11.5	--	30	34500	买盘
10:55:40	11.5	--	14	16100	买盘
10:55:36	11.5	-0.01	155	178250	卖盘
10:55:25	11.51	0.01	205	235955	买盘
10:55:21	11.5	-0.01	2	2300	卖盘
10:55:16	11.51	--	2	2302	买盘
10:55:10	11.51	0.01	83	95533	买盘
10:55:06	11.5	-0.02	60	69000	卖盘
10:54:55	11.52	0.02	40	46080	买盘
10:54:51	11.5	--	1	1150	卖盘
10:54:36	11.5	-0.02	6	6900	卖盘
10:54:31	11.52	0.02	7	8064	买盘
10:54:25	11.5	--	10	11500	卖盘
10:54:21	11.5	--	54	62100	买盘
10:54:10	11.5	--	40	46000	买盘
10:54:04	11.5	--	223	256450	卖盘
10:54:01	11.5	--	10	11500	卖盘
10:53:55	11.5	--	3	3450	卖盘
10:53:25	11.5	--	4	4600	卖盘
10:53:19	11.5	--	25	28750	买盘
10:53:10	11.5	--	25	28750	买盘
10:53:04	11.5	--	261	300150	卖盘
10:52:49	11.5	--	43	49450	买盘
10:52:45	11.5	--	14	16100	买盘
10:52:40	11.5	--	5	5750	买盘
10:52:34	11.5	--	37	42550	买盘
10:52:25	11.5	--	36	41400	卖盘
10:52:19	11.5	--	42	48300	卖盘
10:52:15	11.5	--	300	345000	卖盘
10:52:10	11.5	--	18	20700	卖盘
10:52:04	11.5	0.01	3	3450	卖盘
10:51:55	11.49	--	1	1149	卖盘
10:51:49	11.49	-0.01	60	68940	卖盘
10:51:45	11.5	0.01	14	16100	买盘
10:51:40	11.49	-0.01	28	32172	卖盘
10:51:34	11.5	0.01	16	18653	买盘
10:51:30	11.49	--	5	5745	卖盘
10:51:25	11.49	--	12	14684	卖盘
10:51:15	11.49	--	10	11490	卖盘
10:51:10	11.49	0.01	39	44811	中性盘
10:50:55	11.48	-0.02	40	45920	卖盘
10:50:49	11.5	0.02	1	1150	买盘
10:50:40	11.48	-0.04	50	57400	卖盘
10:50:34	11.52	0.04	171	196992	买盘
10:50:30	11.48	--	0	0	卖盘
10:50:25	11.48	-0.03	1578	1811544	卖盘
10:50:19	11.51	--	14	16114	卖盘
10:50:10	11.51	--	69	79419	卖盘
10:50:04	11.51	-0.01	10	11510	卖盘
10:50:00	11.52	--	2	2304	买盘
10:49:55	11.52	--	318	366336	卖盘
10:49:49	11.52	-0.01	23	26496	卖盘
10:49:45	11.53	0.01	41	47273	买盘
10:49:40	11.52	--	1	1152	卖盘
10:49:34	11.52	-0.01	87	100224	卖盘
10:49:25	11.53	--	50	57650	买盘
10:49:19	11.53	-0.01	73	84169	卖盘
10:49:15	11.54	0.01	22	25387	买盘
10:49:04	11.53	--	4	4612	卖盘
10:48:49	11.53	--	11	12683	卖盘
10:48:45	11.53	-0.01	10	11530	卖盘
10:48:40	11.54	0.01	7	8077	买盘
10:48:34	11.53	-0.01	10	11530	卖盘
10:48:25	11.54	0.01	30	34620	买盘
10:48:10	11.53	--	10	11530	卖盘
10:48:04	11.53	--	7	8071	中性盘
10:47:49	11.53	--	4	4612	买盘
10:47:34	11.53	-0.01	12	13836	中性盘
10:47:28	11.54	--	50	57699	买盘
10:47:25	11.54	--	10	11540	买盘
10:47:13	11.54	--	89	102705	买盘
10:47:10	11.54	0.02	7	8077	买盘
10:46:49	11.52	-0.02	102	117504	卖盘
10:46:43	11.54	--	12	13847	买盘
10:46:39	11.54	0.02	96	110783	买盘
10:46:34	11.52	-0.01	1	1152	卖盘
10:46:19	11.53	--	92	107113	卖盘
10:46:04	11.53	--	9	10377	卖盘
10:45:58	11.53	0.01	47	54306	买盘
10:45:49	11.52	--	10	11520	卖盘
10:45:43	11.52	-0.02	34	40204	卖盘
10:45:39	11.54	0.01	6	6923	买盘
10:45:34	11.53	--	44	50732	卖盘
10:45:24	11.53	--	11	12683	卖盘
10:45:19	11.53	--	28	32284	卖盘
10:45:13	11.53	--	15	17295	卖盘
10:45:09	11.53	--	40	46120	卖盘
10:44:54	11.53	-0.01	164	189092	卖盘
10:44:49	11.54	-0.01	10	11540	买盘
10:44:43	11.55	--	20	23100	买盘
10:44:39	11.55	--	31	35805	买盘
10:44:34	11.55	0.01	10	11550	买盘
10:44:28	11.54	-0.01	279	321966	卖盘
10:44:19	11.55	0.01	50	57750	买盘
10:44:13	11.54	--	36	41544	卖盘
10:43:58	11.54	--	18	20772	卖盘
10:43:43	11.54	--	12	13847	卖盘
10:43:19	11.54	-0.01	10	11540	中性盘
10:43:13	11.55	0.01	104	120120	买盘
10:42:58	11.54	-0.01	5	5770	买盘
10:42:43	11.55	--	13	15015	买盘
10:42:39	11.55	--	0	0	买盘
10:42:34	11.55	0.02	124	143220	买盘
10:42:28	11.53	-0.02	8	9224	卖盘
10:42:24	11.55	--	5	5775	买盘
10:42:19	11.55	0.02	1	1155	买盘
10:42:13	11.53	--	40	46120	卖盘
10:41:58	11.53	-0.01	31	35743	卖盘
10:41:43	11.54	--	24	27695	买盘
10:41:34	11.54	0.01	90	103859	买盘
10:41:28	11.53	--	14	16257	卖盘
10:41:22	11.53	--	0	0	卖盘
10:41:13	11.53	--	8	9224	买盘
10:40:58	11.53	-0.02	32	36896	卖盘
10:40:52	11.55	--	0	0	买盘
10:40:49	11.55	0.03	235	271425	买盘
10:40:43	11.52	-0.01	66	76032	卖盘
10:40:33	11.53	-0.01	64	73792	卖盘
10:40:07	11.54	0.02	50	57699	买盘
10:40:03	11.52	--	0	0	卖盘
10:39:52	11.52	-0.01	138	158976	卖盘
10:39:48	11.53	-0.01	10	11530	卖盘
10:39:43	11.54	0.01	30	34620	买盘
10:39:37	11.53	--	2	2306	买盘
10:39:33	11.53	0.01	50	57650	买盘
10:39:28	11.52	-0.01	11	12672	卖盘
10:39:22	11.53	0.01	16	18448	买盘
10:39:18	11.52	--	15	17280	卖盘
10:39:13	11.52	-0.01	5	5760	卖盘
10:39:07	11.53	--	5	5765	买盘
10:38:58	11.53	--	255	294015	买盘
10:38:52	11.53	-0.01	231	266343	卖盘
10:38:48	11.54	--	64	73856	买盘
10:38:43	11.54	0.01	7	8077	买盘
10:38:28	11.53	--	5	5765	卖盘
10:38:22	11.53	--	10	11530	卖盘
10:38:18	11.53	--	5	5765	卖盘
10:38:13	11.53	-0.01	15	17295	卖盘
10:38:07	11.54	0.01	89	102705	买盘
10:38:03	11.53	--	29	33437	买盘
10:37:58	11.53	0.01	10	11530	买盘
10:37:52	11.52	-0.01	50	57600	卖盘
10:37:48	11.53	0.01	6	6918	买盘
10:37:37	11.52	--	80	92160	卖盘
10:37:28	11.52	-0.02	113	130176	卖盘
10:37:22	11.54	0.01	89	102705	买盘
10:37:18	11.53	--	2	2306	买盘
10:37:13	11.53	--	30	34590	买盘
10:37:07	11.53	0.01	20	23060	买盘
10:36:58	11.52	-0.01	113	131224	卖盘
10:36:52	11.53	--	10	11530	买盘
10:36:48	11.53	0.01	7	8071	买盘
10:36:37	11.52	--	20	23040	卖盘
10:36:22	11.52	--	30	34560	卖盘
10:36:18	11.52	-0.01	54	62208	中性盘
10:36:13	11.53	0.02	89	102617	买盘
10:36:07	11.51	--	34	39134	卖盘
10:36:03	11.51	--	64	73664	卖盘
10:35:42	11.51	--	16	18416	买盘
10:35:37	11.51	0.01	2	2302	买盘
10:35:33	11.5	-0.01	281	323150	卖盘
10:35:28	11.51	0.01	27	31077	买盘
10:35:22	11.5	-0.01	11	12650	卖盘
10:35:16	11.51	--	28	32228	买盘
10:35:13	11.51	--	10	11510	买盘
10:35:07	11.51	-0.01	99	113949	中性盘
10:35:01	11.52	0.01	75	86400	买盘
10:34:58	11.51	-0.01	12	13812	卖盘
10:34:52	11.52	--	0	0	中性盘
10:34:46	11.52	0.02	8	9216	买盘
10:34:43	11.5	-0.02	5	5750	卖盘
10:34:37	11.52	0.02	256	294912	买盘
10:34:16	11.5	-0.02	27	31050	卖盘
10:34:07	11.52	0.02	20	23040	买盘
10:34:01	11.5	--	60	69000	卖盘
10:33:57	11.5	--	3	3450	卖盘
10:33:52	11.5	-0.03	156	179400	卖盘
10:33:46	11.53	--	0	0	买盘
10:33:42	11.53	0.03	103	118759	买盘
10:33:37	11.5	--	60	69000	卖盘
10:33:31	11.5	--	10	11500	卖盘
10:33:27	11.5	--	2	2300	卖盘
10:33:22	11.5	--	84	96600	卖盘
10:33:16	11.5	0.01	55	64032	买盘
10:33:12	11.49	-0.01	5	5745	卖盘
10:33:07	11.5	--	5	5750	买盘
10:33:01	11.5	0.01	10	11500	买盘
10:32:57	11.49	-0.01	101	116416	卖盘
10:32:52	11.5	--	203	233450	卖盘
10:32:46	11.5	--	54	62100	卖盘
10:32:37	11.5	-0.01	26	29900	卖盘
10:32:31	11.51	--	574	660674	卖盘
10:32:27	11.51	-0.01	70	80570	卖盘
10:32:22	11.52	-0.01	413	475776	卖盘
10:32:16	11.53	0.01	86	99158	中性盘
10:32:07	11.52	-0.01	231	266112	卖盘
10:32:01	11.53	--	40	46120	卖盘
10:31:57	11.53	-0.02	184	212152	卖盘
10:31:52	11.55	0.01	16	18480	买盘
10:31:46	11.54	--	41	47314	卖盘
10:31:42	11.54	-0.01	16	18464	卖盘
10:31:27	11.55	0.01	3	3465	买盘
10:31:22	11.54	--	116	133864	卖盘
10:31:16	11.54	0.01	48	55391	卖盘
10:31:07	11.53	--	48	55344	卖盘
10:31:01	11.53	--	12	13836	卖盘
10:30:57	11.53	-0.02	28	32284	卖盘
10:30:52	11.55	0.02	11	12705	买盘
10:30:46	11.53	--	8	9224	卖盘
10:30:42	11.53	--	142	163726	卖盘
10:30:37	11.53	--	33	38049	卖盘
10:30:27	11.53	-0.01	30	34590	卖盘
10:30:16	11.54	0.01	26	30003	卖盘
10:30:12	11.53	--	0	0	卖盘
10:30:07	11.53	-0.02	5	5765	卖盘
10:30:01	11.55	--	11	12705	买盘
10:29:57	11.55	--	10	11550	买盘
10:29:42	11.55	0.02	13	15015	买盘
10:29:27	11.53	--	0	0	卖盘
10:29:16	11.53	-0.01	176	202928	卖盘
10:29:01	11.54	--	5	5770	卖盘
10:28:56	11.54	-0.02	45	51929	卖盘
10:28:46	11.56	0.01	10	11560	买盘
10:28:36	11.55	-0.01	158	182490	卖盘
10:28:25	11.56	--	15	17340	卖盘
10:28:16	11.56	0.01	43	49708	买盘
10:28:10	11.55	-0.01	1	1155	卖盘
10:27:55	11.56	0.01	16	18496	中性盘
10:27:46	11.55	-0.01	202	233310	卖盘
10:27:40	11.56	-0.01	40	46240	卖盘
10:27:36	11.57	0.01	1	1157	买盘
10:27:31	11.56	--	10	11560	卖盘
10:27:25	11.56	--	0	0	卖盘
10:27:16	11.56	--	131	151436	卖盘
10:27:10	11.56	-0.01	1	1156	卖盘
10:27:01	11.57	0.02	7	8099	中性盘
10:26:55	11.55	-0.01	82	94710	卖盘
10:26:51	11.56	-0.01	272	314432	卖盘
10:26:46	11.57	-0.01	58	67106	买盘
10:26:40	11.58	0.02	208	240864	买盘
10:26:36	11.56	--	17	19652	卖盘
10:26:31	11.56	-0.01	60	69360	卖盘
10:26:25	11.57	0.01	14	16198	买盘
10:26:21	11.56	--	20	23120	卖盘
10:26:10	11.56	--	5	5780	卖盘
10:26:06	11.56	-0.01	25	28900	中性盘
10:26:01	11.57	--	38	43966	买盘
10:25:55	11.57	0.01	26	30082	买盘
10:25:46	11.56	-0.01	39	45084	卖盘
10:25:40	11.57	0.01	109	126113	买盘
10:25:31	11.56	-0.01	1	1156	卖盘
10:25:21	11.57	--	0	0	买盘
10:25:16	11.57	0.01	179	207103	买盘
10:25:10	11.56	--	0	0	买盘
10:25:06	11.56	0.01	179	206924	买盘
10:24:55	11.55	0.03	179	206745	买盘
10:24:46	11.52	--	108	124416	卖盘
10:24:40	11.52	-0.01	287	330624	卖盘
10:24:25	11.53	--	14	16142	卖盘
10:24:16	11.53	--	31	35743	卖盘
10:24:10	11.53	--	41	47273	买盘
10:24:01	11.53	--	8	9224	买盘
10:23:55	11.53	-0.01	81	93393	卖盘
10:23:51	11.54	0.01	2	2308	买盘
10:23:40	11.53	--	139	160267	卖盘
10:23:36	11.53	-0.01	56	64568	卖盘
10:23:25	11.54	0.01	30	34620	中性盘
10:23:21	11.53	-0.02	20	23060	卖盘
10:23:16	11.55	0.01	69	79695	买盘
10:23:10	11.54	0.01	29	33466	买盘
10:23:06	11.53	-0.01	8	9224	卖盘
10:22:51	11.54	--	22	25387	买盘
10:22:34	11.54	--	3	3461	买盘
10:22:31	11.54	--	5	5770	买盘
10:22:25	11.54	--	83	96012	卖盘
10:22:19	11.54	-0.01	2	2308	卖盘
10:22:04	11.55	--	6	6930	买盘
10:22:00	11.55	0.01	18	20790	买盘
10:21:49	11.54	--	204	236339	卖盘
10:21:34	11.54	--	2	2308	卖盘
10:21:19	11.54	--	17	19618	买盘
10:21:04	11.54	0.01	11	12693	买盘
10:21:00	11.53	-0.02	0	230	卖盘
10:20:55	11.55	--	89	102795	买盘
10:20:49	11.55	0.02	92	106260	买盘
10:20:45	11.53	--	37	42661	买盘
10:20:34	11.53	--	20	23060	买盘
10:20:25	11.53	0.01	2	2306	买盘
10:20:19	11.52	--	25	28800	卖盘
10:20:15	11.52	-0.01	50	57600	买盘
10:20:10	11.53	0.01	50	57650	买盘
10:20:04	11.52	0.01	72	82944	买盘
10:20:00	11.51	-0.01	2	2302	卖盘
10:19:55	11.52	0.01	138	158976	买盘
10:19:45	11.51	--	50	57550	卖盘
10:19:40	11.51	--	183	210633	卖盘
10:19:34	11.51	-0.01	63	72513	卖盘
10:19:30	11.52	--	20	23040	买盘
10:19:25	11.52	--	446	513792	卖盘
10:19:19	11.52	--	6	6912	卖盘
10:19:10	11.52	-0.01	25	28800	卖盘
10:19:04	11.53	--	644	742532	买盘
10:19:00	11.53	0.01	5	5765	买盘
10:18:49	11.52	--	101	116352	卖盘
10:18:40	11.52	--	1	1152	卖盘
10:18:30	11.52	-0.01	62	71424	卖盘
10:18:25	11.53	--	68	78404	卖盘
10:18:00	11.53	--	7	8071	卖盘
10:17:55	11.53	-0.01	24	27672	卖盘
10:17:49	11.54	0.01	42	48468	买盘
10:17:40	11.53	0.01	14	16142	卖盘
10:17:34	11.52	--	1	1152	卖盘
10:17:30	11.52	-0.02	134	154368	卖盘
10:17:25	11.54	0.01	1	1154	中性盘
10:17:19	11.53	-0.01	508	585724	卖盘
10:17:15	11.54	--	133	153482	卖盘
10:17:10	11.54	0.01	3	3461	中性盘
10:17:04	11.53	-0.01	226	260578	卖盘
10:16:59	11.54	--	89	102705	买盘
10:16:55	11.54	0.01	1	1154	买盘
10:16:49	11.53	--	230	265190	卖盘
10:16:45	11.53	--	100	115300	卖盘
10:16:40	11.53	-0.02	111	127983	卖盘
10:16:34	11.55	0.01	8	9240	买盘
10:16:30	11.54	--	80	92320	买盘
10:16:19	11.54	-0.01	203	234261	卖盘
10:16:13	11.55	-0.01	90	103950	卖盘
10:16:04	11.56	0.01	63	72828	买盘
10:15:58	11.55	-0.01	15	17325	卖盘
10:15:49	11.56	-0.01	15	17340	卖盘
10:15:43	11.57	--	50	57850	买盘
10:15:28	11.57	--	38	43966	卖盘
10:15:24	11.57	--	1	1157	卖盘
10:15:19	11.57	0.02	71	82147	买盘
10:15:13	11.55	-0.01	40	46200	卖盘
10:14:58	11.56	0.01	24	27744	买盘
10:14:49	11.55	--	18	20790	卖盘
10:14:34	11.55	0.01	104	120120	中性盘
10:14:28	11.54	-0.01	165	190410	卖盘
10:14:24	11.55	0.01	20	23100	中性盘
10:14:19	11.54	-0.01	61	70394	卖盘
10:14:13	11.55	0.01	5	5775	买盘
10:14:09	11.54	-0.01	5	5770	卖盘
10:14:04	11.55	0.02	12	13860	买盘
10:13:58	11.53	--	0	0	卖盘
10:13:54	11.53	-0.03	4	4612	卖盘
10:13:43	11.56	0.01	139	160684	买盘
10:13:39	11.55	0.02	46	53130	买盘
10:13:34	11.53	-0.02	31	35743	卖盘
10:13:28	11.55	0.02	107	123585	买盘
10:13:24	11.53	-0.02	5	5765	卖盘
10:13:19	11.55	0.03	15	17325	买盘
10:13:13	11.52	--	0	0	卖盘
10:13:04	11.52	--	91	104832	买盘
10:12:58	11.52	--	47	54144	买盘
10:12:54	11.52	--	224	258048	卖盘
10:12:49	11.52	--	20	23040	买盘
10:12:43	11.52	--	36	41472	买盘
10:12:39	11.52	--	53	61056	卖盘
10:12:34	11.52	--	26	29952	卖盘
10:12:28	11.52	--	55	63360	卖盘
10:12:24	11.52	--	45	51840	卖盘
10:12:19	11.52	0.01	55	63360	卖盘
10:12:13	11.51	--	95	109345	买盘
10:12:09	11.51	-0.04	229	263579	卖盘
10:12:04	11.55	0.03	43	49665	买盘
10:11:58	11.52	--	0	0	卖盘
10:11:54	11.52	--	0	0	中性盘
10:11:49	11.52	-0.03	17	19584	卖盘
10:11:43	11.55	-0.02	3	3465	卖盘
10:11:39	11.57	-0.01	28	32396	卖盘
10:11:34	11.58	--	30	34740	卖盘
10:11:28	11.58	--	17	19686	买盘
10:11:24	11.58	--	9	10422	买盘
10:11:19	11.58	--	1901	2201358	买盘
10:11:13	11.58	--	32	37056	买盘
10:11:09	11.58	--	9	10422	卖盘
10:11:03	11.58	0.01	111	128538	买盘
10:10:58	11.57	-0.01	131	151567	卖盘
10:10:54	11.58	--	14	16212	买盘
10:10:43	11.58	--	13	15054	买盘
10:10:39	11.58	--	20	23160	买盘
10:10:28	11.58	--	10	11580	买盘
10:10:24	11.58	--	7	8106	买盘
10:10:18	11.58	-0.01	132	152856	卖盘
10:10:13	11.59	0.01	6	6954	买盘
10:09:58	11.58	-0.02	20	23160	卖盘
10:09:52	11.6	0.03	30	34800	买盘
10:09:48	11.57	-0.01	191	220987	卖盘
10:09:43	11.58	-0.02	30	34740	卖盘
10:09:37	11.6	0.02	2	2320	买盘
10:09:22	11.58	-0.02	93	107694	卖盘
10:09:13	11.6	0.01	22	25520	买盘
10:09:03	11.59	--	22	25498	卖盘
10:08:58	11.59	-0.01	7	8113	卖盘
10:08:52	11.6	0.01	20	23200	买盘
10:08:43	11.59	-0.01	9	10431	卖盘
10:08:33	11.6	--	19	22040	卖盘
10:08:28	11.6	--	17	19720	买盘
10:08:22	11.6	-0.01	8	9280	卖盘
10:08:18	11.61	0.01	198	229878	买盘
10:08:13	11.6	--	5	5800	买盘
10:08:07	11.6	0.01	37	42920	买盘
10:08:03	11.59	-0.02	65	75335	卖盘
10:07:58	11.61	--	1	1161	买盘
10:07:52	11.61	--	6	6966	买盘
10:07:37	11.61	--	174	202014	卖盘
10:07:33	11.61	--	65	75465	卖盘
10:07:28	11.61	0.02	10	11610	中性盘
10:07:22	11.59	--	7	8113	卖盘
10:07:18	11.59	-0.02	65	75752	卖盘
10:07:13	11.61	--	117	135837	买盘
10:07:07	11.61	--	0	0	买盘
10:07:03	11.61	0.02	89	103329	买盘
10:06:58	11.59	0.01	26	30134	买盘
10:06:52	11.58	-0.01	2	2316	卖盘
10:06:43	11.59	--	4	4636	买盘
10:06:37	11.59	--	30	34770	买盘
10:06:22	11.59	-0.02	60	69540	卖盘
10:06:13	11.61	--	0	0	买盘
10:06:07	11.61	0.01	100	116100	买盘
10:06:03	11.6	0.02	89	103240	买盘
10:05:58	11.58	-0.01	20	23160	卖盘
10:05:52	11.59	--	0	0	买盘
10:05:48	11.59	--	208	241072	买盘
10:05:43	11.59	0.02	30	34770	买盘
10:05:37	11.57	-0.02	653	756608	卖盘
10:05:33	11.59	--	10	11590	买盘
10:05:28	11.59	--	32	37088	买盘
10:05:22	11.59	-0.01	523	606157	卖盘
10:05:18	11.6	--	98	113680	买盘
10:05:13	11.6	0.02	50	58000	中性盘
10:05:07	11.58	-0.02	191	221178	卖盘
10:05:03	11.6	--	6	6960	买盘
10:04:58	11.6	0.01	20	23200	买盘
10:04:52	11.59	-0.01	15	17385	卖盘
10:04:48	11.6	--	200	232000	买盘
10:04:43	11.6	0.01	5	5800	买盘
10:04:37	11.59	--	150	173850	卖盘
10:04:33	11.59	0.01	22	25498	买盘
10:04:28	11.58	--	9	10422	卖盘
10:04:22	11.58	--	11	12738	卖盘
10:04:07	11.58	--	3	3474	卖盘
10:04:03	11.58	0.01	195	225879	买盘
10:03:52	11.57	-0.01	41	47437	卖盘
10:03:48	11.58	--	89	103062	买盘
10:03:37	11.58	0.01	30	34740	买盘
10:03:31	11.57	--	140	161980	卖盘
10:03:27	11.57	0.01	36	41652	买盘
10:03:22	11.56	-0.01	109	126373	卖盘
10:03:16	11.57	-0.02	40	46280	卖盘
10:03:13	11.59	0.02	89	103151	买盘
10:03:06	11.57	0.02	24	27768	买盘
10:03:01	11.55	-0.03	342	395010	卖盘
10:02:58	11.58	--	6	6948	卖盘
10:02:52	11.58	--	10	11580	卖盘
10:02:46	11.58	0.01	280	324240	买盘
10:02:37	11.57	--	52	60164	买盘
10:02:31	11.57	-0.01	33	38181	中性盘
10:02:27	11.58	0.01	42	48636	买盘
10:02:22	11.57	--	105	121485	买盘
10:02:16	11.57	--	34	39338	卖盘
10:02:12	11.57	-0.01	2	2314	卖盘
10:02:07	11.58	0.01	6	6948	买盘
10:02:01	11.57	--	99	114543	卖盘
10:01:57	11.57	-0.01	34	39338	买盘
10:01:52	11.58	0.02	10	11580	买盘
10:01:46	11.56	-0.02	152	175712	卖盘
10:01:31	11.58	-0.01	2	2316	中性盘
10:01:27	11.59	0.02	1	1159	买盘
10:01:22	11.57	-0.02	317	366769	卖盘
10:01:07	11.59	--	15	17385	买盘
10:01:01	11.59	--	92	106628	卖盘
10:00:57	11.59	--	32	37088	卖盘
10:00:52	11.59	--	40	46360	卖盘
10:00:46	11.59	0.01	90	104310	买盘
10:00:42	11.58	--	70	81060	卖盘
10:00:37	11.58	--	5	5790	卖盘
10:00:31	11.58	0.01	97	112326	买盘
10:00:27	11.57	--	21	24297	卖盘
10:00:22	11.57	-0.01	156	180492	卖盘
10:00:12	11.58	--	30	34740	买盘
10:00:07	11.58	--	37	42846	卖盘
10:00:01	11.58	--	129	149382	卖盘
09:59:57	11.58	--	10	11580	卖盘
09:59:52	11.58	-0.01	100	115800	卖盘
09:59:46	11.59	0.01	125	144875	买盘
09:59:42	11.58	--	1	1158	卖盘
09:59:37	11.58	-0.01	42	48636	卖盘
09:59:31	11.59	--	22	25498	买盘
09:59:27	11.59	--	12	13908	买盘
09:59:22	11.59	--	85	98515	卖盘
09:59:16	11.59	-0.01	17	19703	卖盘
09:59:12	11.6	0.01	11	12760	买盘
09:59:07	11.59	--	37	42883	卖盘
09:59:01	11.59	-0.01	3	3477	卖盘
09:58:57	11.6	0.01	5	5800	买盘
09:58:52	11.59	--	354	410286	卖盘
09:58:46	11.59	-0.01	312	361608	卖盘
09:58:42	11.6	--	25	29000	卖盘
09:58:37	11.6	-0.02	39	45240	卖盘
09:58:31	11.62	-0.01	148	171976	卖盘
09:58:27	11.63	0.01	608	707104	买盘
09:58:22	11.62	--	20	23240	卖盘
09:58:16	11.62	--	5	5810	卖盘
09:58:12	11.62	-0.01	100	116199	卖盘
09:58:07	11.63	--	19	22097	卖盘
09:58:01	11.63	--	11	12793	卖盘
09:57:57	11.63	--	20	23260	买盘
09:57:51	11.63	0.01	25	29075	中性盘
09:57:46	11.62	-0.01	18	20916	卖盘
09:57:42	11.63	--	66	76758	买盘
09:57:31	11.63	0.01	25	29075	买盘
09:57:27	11.62	--	245	284690	卖盘
09:57:16	11.62	0.01	217	252153	买盘
09:57:12	11.61	--	202	234522	卖盘
09:57:06	11.61	--	10	11610	卖盘
09:57:01	11.61	--	12	13932	卖盘
09:56:55	11.61	--	52	60372	买盘
09:56:51	11.61	--	8	9288	卖盘
09:56:46	11.61	--	105	121905	卖盘
09:56:40	11.61	--	70	81270	卖盘
09:56:37	11.61	0.01	132	153577	买盘
09:56:31	11.6	-0.01	66	76560	卖盘
09:56:25	11.61	0.01	42	48762	买盘
09:56:21	11.6	-0.01	83	96280	卖盘
09:56:16	11.61	--	152	176472	买盘
09:56:10	11.61	0.01	225	261225	买盘
09:56:06	11.6	--	56	64960	卖盘
09:56:01	11.6	-0.01	68	78880	卖盘
09:55:55	11.61	--	110	127710	卖盘
09:55:51	11.61	--	50	58050	卖盘
09:55:46	11.61	0.01	78	90558	买盘
09:55:40	11.6	--	77	89320	买盘
09:55:36	11.6	--	75	87000	卖盘
09:55:31	11.6	-0.01	20	23200	卖盘
09:55:25	11.61	--	57	66177	买盘
09:55:21	11.61	0.01	18	20898	买盘
09:55:16	11.6	-0.01	198	229680	卖盘
09:55:10	11.61	-0.02	9	10449	中性盘
09:55:06	11.63	0.03	53	61639	买盘
09:55:01	11.6	-0.03	30	34800	卖盘
09:54:55	11.63	-0.01	73	84899	中性盘
09:54:51	11.64	--	0	0	买盘
09:54:40	11.64	-0.01	15	17460	买盘
09:54:31	11.65	0.01	568	661720	买盘
09:54:25	11.64	--	29	33756	卖盘
09:54:16	11.64	--	59	68676	卖盘
09:54:10	11.64	-0.01	231	268884	卖盘
09:54:06	11.65	--	10	11650	买盘
09:54:01	11.65	--	144	167760	买盘
09:53:55	11.65	-0.01	9	10485	买盘
09:53:46	11.66	--	156	181896	买盘
09:53:40	11.66	0.01	49	57134	买盘
09:53:31	11.65	--	19	22135	卖盘
09:53:25	11.65	-0.02	1	1165	卖盘
09:53:21	11.67	--	0	0	买盘
09:53:16	11.67	0.01	1033	1205511	买盘
09:53:10	11.66	-0.01	30	34980	卖盘
09:53:06	11.67	--	10	11670	买盘
09:53:01	11.67	--	48	56016	买盘
09:52:55	11.67	-0.01	839	979113	卖盘
09:52:51	11.68	--	4	4672	买盘
09:52:46	11.68	--	2	2336	买盘
09:52:40	11.68	--	79	92272	买盘
09:52:36	11.68	--	25	29200	卖盘
09:52:31	11.68	--	198	231264	卖盘
09:52:25	11.68	--	26	30368	卖盘
09:52:21	11.68	--	352	411136	卖盘
09:52:16	11.68	--	136	158848	卖盘
09:52:10	11.68	--	45	52560	卖盘
09:52:06	11.68	--	10	11680	卖盘
09:52:01	11.68	--	98	114464	卖盘
09:51:55	11.68	--	249	290832	买盘
09:51:46	11.68	--	34	39712	买盘
09:51:40	11.68	--	76	88768	买盘
09:51:36	11.68	--	73	85264	卖盘
09:51:31	11.68	-0.01	8	9344	中性盘
09:51:25	11.69	0.01	79	92351	买盘
09:51:21	11.68	--	135	157680	卖盘
09:51:16	11.68	--	123	143664	买盘
09:51:10	11.68	--	136	158848	买盘
09:51:06	11.68	--	132	154176	卖盘
09:51:00	11.68	0.01	135	157680	买盘
09:50:55	11.67	--	84	98028	卖盘
09:50:51	11.67	-0.01	167	194889	卖盘
09:50:45	11.68	0.01	2	2336	买盘
09:50:40	11.67	--	10	11670	卖盘
09:50:36	11.67	0.01	43	50181	买盘
09:50:30	11.66	--	74	86284	卖盘
09:50:25	11.66	--	189	220374	卖盘
09:50:15	11.66	--	1	1166	卖盘
09:50:10	11.66	--	12	13992	卖盘
09:50:04	11.66	--	37	43142	卖盘
09:49:55	11.66	0.01	58	67628	中性盘
09:49:49	11.65	--	104	121160	卖盘
09:49:45	11.65	--	12	13980	卖盘
09:49:40	11.65	-0.01	21	24465	卖盘
09:49:34	11.66	0.01	66	76956	买盘
09:49:30	11.65	--	8	9320	买盘
09:49:25	11.65	--	81	94365	买盘
09:49:19	11.65	--	102	118830	卖盘
09:49:15	11.65	--	77	89705	卖盘
09:49:10	11.65	--	37	43105	卖盘
09:49:04	11.65	0.01	55	64075	中性盘
09:49:00	11.64	-0.01	159	185076	卖盘
09:48:55	11.65	0.01	48	55920	买盘
09:48:49	11.64	-0.01	235	273540	卖盘
09:48:45	11.65	--	2	2330	买盘
09:48:40	11.65	-0.01	68	79220	卖盘
09:48:34	11.66	0.01	312	363792	买盘
09:48:30	11.65	--	5	5825	卖盘
09:48:25	11.65	--	65	75725	卖盘
09:48:19	11.65	--	704	820160	卖盘
09:48:10	11.65	-0.01	205	238825	卖盘
09:48:04	11.66	-0.01	18	20988	卖盘
09:48:00	11.67	--	7	8169	卖盘
09:47:55	11.67	--	352	410784	买盘
09:47:49	11.67	0.01	25	29175	买盘
09:47:45	11.66	--	32	37312	卖盘
09:47:40	11.66	--	42	48972	卖盘
09:47:34	11.66	0.01	158	184228	买盘
09:47:30	11.65	--	6	6990	卖盘
09:47:25	11.65	--	20	23300	卖盘
09:47:18	11.65	--	77	89705	买盘
09:47:15	11.65	--	49	57085	买盘
09:47:10	11.65	--	10	11650	买盘
09:47:04	11.65	-0.01	139	161935	卖盘
09:46:55	11.66	0.01	86	100276	买盘
09:46:49	11.65	-0.01	98	114170	卖盘
09:46:45	11.66	0.01	49	57134	买盘
09:46:40	11.65	--	64	74560	卖盘
09:46:34	11.65	--	24	27960	卖盘
09:46:30	11.65	-0.01	165	192225	卖盘
09:46:25	11.66	--	38	44308	买盘
09:46:19	11.66	--	70	81620	卖盘
09:46:15	11.66	--	70	81620	卖盘
09:46:10	11.66	--	20	23320	卖盘
09:46:04	11.66	0.01	125	145750	买盘
09:45:55	11.65	-0.01	92	107180	卖盘
09:45:49	11.66	0.02	60	69960	买盘
09:45:45	11.64	-0.02	12	13968	卖盘
09:45:40	11.66	--	80	93280	买盘
09:45:34	11.66	--	210	244860	买盘
09:45:30	11.66	--	0	0	买盘
09:45:25	11.66	0.02	35	40810	买盘
09:45:19	11.64	--	200	232800	卖盘
09:45:15	11.64	--	13	15562	卖盘
09:45:10	11.64	--	55	64020	卖盘
09:45:04	11.64	--	9	10476	卖盘
09:44:59	11.64	0.01	71	83377	买盘
09:44:55	11.63	-0.01	301	350063	卖盘
09:44:49	11.64	0.01	143	166452	买盘
09:44:45	11.63	-0.01	126	146538	卖盘
09:44:40	11.64	--	108	125712	买盘
09:44:34	11.64	--	57	66348	买盘
09:44:30	11.64	--	95	110580	卖盘
09:44:24	11.64	--	89	103596	卖盘
09:44:19	11.64	-0.03	163	189732	卖盘
09:44:15	11.67	0.01	48	56016	买盘
09:44:09	11.66	0.02	10	11660	买盘
09:44:04	11.64	-0.02	240	279360	卖盘
09:44:00	11.66	-0.01	53	61798	卖盘
09:43:54	11.67	--	98	114366	买盘
09:43:49	11.67	--	18	21006	买盘
09:43:45	11.67	-0.01	93	109231	卖盘
09:43:34	11.68	--	58	67744	买盘
09:43:28	11.68	--	52	60736	买盘
09:43:24	11.68	--	293	342224	卖盘
09:43:19	11.68	-0.01	86	100448	卖盘
09:43:13	11.69	0.01	468	547559	买盘
09:43:09	11.68	--	10	11680	卖盘
09:43:04	11.68	-0.01	85	99280	卖盘
09:42:58	11.69	--	27	31563	卖盘
09:42:54	11.69	0.01	23	26887	卖盘
09:42:49	11.68	--	126	147168	卖盘
09:42:43	11.68	--	47	54896	卖盘
09:42:39	11.68	--	85	99280	买盘
09:42:34	11.68	-0.01	295	344560	卖盘
09:42:28	11.69	0.01	15	17535	买盘
09:42:24	11.68	--	18	21024	卖盘
09:42:19	11.68	--	39	45552	卖盘
09:42:13	11.68	--	17	19856	卖盘
09:42:09	11.68	--	33	38544	买盘
09:42:04	11.68	-0.01	105	122640	卖盘
09:41:58	11.69	0.02	204	238476	买盘
09:41:54	11.67	-0.01	75	87525	卖盘
09:41:49	11.68	--	839	979952	卖盘
09:41:43	11.68	--	46	53728	卖盘
09:41:39	11.68	--	63	73584	卖盘
09:41:34	11.68	--	144	168192	买盘
09:41:28	11.68	--	198	231264	卖盘
09:41:24	11.68	-0.01	10	11680	卖盘
09:41:19	11.69	0.02	7	8183	买盘
09:41:13	11.67	0.01	26	30342	中性盘
09:41:09	11.66	-0.04	83	96778	卖盘
09:41:04	11.7	0.04	400	468315	买盘
09:40:58	11.66	--	100	116600	买盘
09:40:54	11.66	--	50	58300	买盘
09:40:49	11.66	--	133	155078	卖盘
09:40:43	11.66	-0.01	1087	1267442	卖盘
09:40:39	11.67	--	132	154044	买盘
09:40:34	11.67	--	171	200712	卖盘
09:40:28	11.67	--	607	708380	卖盘
09:40:24	11.67	0.01	54	63018	买盘
09:40:19	11.66	--	89	103774	卖盘
09:40:13	11.66	-0.01	4	4664	卖盘
09:40:09	11.67	0.01	40	46680	买盘
09:40:04	11.66	0.01	449	523534	买盘
09:39:58	11.65	-0.01	221	257465	卖盘
09:39:49	11.66	0.02	1064	1240624	中性盘
09:39:43	11.64	--	214	249096	卖盘
09:39:39	11.64	-0.03	14	16296	卖盘
09:39:34	11.67	0.01	107	124869	买盘
09:39:28	11.66	--	209	243694	卖盘
09:39:24	11.66	-0.02	6	6996	卖盘
09:39:19	11.68	--	103	120304	买盘
09:39:13	11.68	--	26	30368	买盘
09:39:09	11.68	-0.02	60	70080	卖盘
09:39:04	11.7	0.01	1115	1304550	买盘
09:38:58	11.69	--	174	203406	买盘
09:38:53	11.69	--	111	129759	买盘
09:38:49	11.69	--	53	61957	卖盘
09:38:43	11.69	--	194	226786	买盘
09:38:34	11.69	0.01	46	54066	买盘
09:38:28	11.68	0.05	918	1072224	买盘
09:38:24	11.63	--	117	136071	买盘
09:38:19	11.63	0.01	37	43031	买盘
09:38:13	11.62	-0.01	10	11620	卖盘
09:38:08	11.63	0.02	52	60476	买盘
09:38:04	11.61	0.03	73	84753	买盘
09:37:57	11.58	-0.04	116	134328	卖盘
09:37:54	11.62	0.05	189	219617	买盘
09:37:43	11.57	--	1	1157	卖盘
09:37:39	11.57	-0.05	26	30082	中性盘
09:37:33	11.62	0.07	112	130143	买盘
09:37:28	11.55	-0.06	15	17325	中性盘
09:37:24	11.61	0.06	599	695439	买盘
09:37:18	11.55	0.01	2	2310	买盘
09:37:13	11.54	-0.03	20	23080	中性盘
09:37:07	11.57	0.04	776	897832	买盘
09:36:58	11.53	-0.01	29	33437	中性盘
09:36:52	11.54	0.02	173	199641	买盘
09:36:48	11.52	-0.01	74	85248	卖盘
09:36:43	11.53	0.01	50	57650	买盘
09:36:37	11.52	-0.02	101	116352	卖盘
09:36:33	11.54	--	8	9232	买盘
09:36:28	11.54	--	69	79626	买盘
09:36:22	11.54	--	198	228491	买盘
09:36:13	11.54	0.01	27	31157	买盘
09:36:07	11.53	-0.02	95	109535	卖盘
09:36:03	11.55	--	83	95865	买盘
09:35:58	11.55	0.01	58	66990	买盘
09:35:48	11.54	--	78	90012	卖盘
09:35:43	11.54	-0.01	1	1154	卖盘
09:35:37	11.55	--	73	84315	买盘
09:35:28	11.55	0.02	58	66990	买盘
09:35:22	11.53	--	74	85322	卖盘
09:35:18	11.53	--	32	36896	卖盘
09:35:13	11.53	-0.01	35	40355	卖盘
09:35:07	11.54	--	119	137326	买盘
09:35:03	11.54	0.01	5	5770	中性盘
09:34:58	11.53	-0.01	118	136054	卖盘
09:34:52	11.54	-0.01	52	60007	卖盘
09:34:48	11.55	--	97	112035	买盘
09:34:43	11.55	--	58	66990	买盘
09:34:37	11.55	--	61	70455	买盘
09:34:33	11.55	0.01	104	120120	买盘
09:34:28	11.54	--	182	210027	卖盘
09:34:22	11.54	-0.01	57	65778	卖盘
09:34:18	11.55	0.01	3	3465	中性盘
09:34:13	11.54	-0.01	96	110783	卖盘
09:34:07	11.55	-0.01	20	23100	卖盘
09:34:03	11.56	-0.01	17	19652	买盘
09:33:58	11.57	0.01	99	114543	买盘
09:33:52	11.56	--	149	172244	卖盘
09:33:48	11.56	-0.01	63	72828	卖盘
09:33:43	11.57	--	61	70577	卖盘
09:33:37	11.57	--	80	92560	卖盘
09:33:28	11.57	--	26	30082	卖盘
09:33:22	11.57	0.02	374	432718	买盘
09:33:18	11.55	-0.01	8	9240	卖盘
09:33:13	11.56	--	69	79764	卖盘
09:33:07	11.56	0.02	113	130628	买盘
09:33:03	11.54	--	86	99243	买盘
09:32:58	11.54	--	13	15001	卖盘
09:32:51	11.54	--	4	4616	买盘
09:32:48	11.54	0.02	6	6923	买盘
09:32:43	11.52	-0.02	134	154368	卖盘
09:32:37	11.54	0.02	10	11540	中性盘
09:32:33	11.52	-0.02	6	6912	卖盘
09:32:28	11.54	--	0	0	卖盘
09:32:22	11.54	0.01	79	91373	买盘
09:32:18	11.53	--	10	11530	卖盘
09:32:13	11.53	0.02	45	51885	卖盘
09:32:07	11.51	--	292	336092	买盘
09:32:03	11.51	-0.02	6	6906	卖盘
09:31:58	11.53	-0.01	59	68027	中性盘
09:31:52	11.54	0.01	252	290808	买盘
09:31:48	11.53	--	11	12683	卖盘
09:31:43	11.53	--	125	144125	卖盘
09:31:37	11.53	0.01	33	38049	买盘
09:31:33	11.52	0.01	31	35712	卖盘
09:31:28	11.51	--	0	0	卖盘
09:31:22	11.51	-0.01	110	126610	中性盘
09:31:18	11.52	--	0	0	卖盘
09:31:07	11.52	0.02	27	31104	中性盘
09:31:03	11.5	-0.02	91	104650	卖盘
09:30:57	11.52	0.04	46	52992	买盘
09:30:52	11.48	-0.02	137	157276	卖盘
09:30:48	11.5	0.02	1	1150	买盘
09:30:42	11.48	--	10	11480	卖盘
09:30:37	11.48	--	83	95697	买盘
09:30:31	11.48	--	110	126280	买盘
09:30:27	11.48	--	3	3444	买盘
09:30:22	11.48	--	30	34440	买盘
09:30:16	11.48	--	75	86100	买盘
09:30:12	11.48	--	11	12628	买盘
09:30:07	11.48	-0.01	424	486752	卖盘
09:30:01	11.49	--	1	1149	买盘
09:28:51	11.49	--	0	0	买盘
09:25:05	11.49	11.49	313	359637	买盘
