成交时间	成交价	价格变动	成交量(手)	成交额(元)	性质
15:00:00	5.95	--	0	0	卖盘
15:00:00	5.95	-0.01	0	0	卖盘
14:59:59	5.96	--	135	80460	买盘
14:59:54	5.96	0.01	653	389188	买盘
14:59:49	5.95	-0.01	269	160055	卖盘
14:59:44	5.96	0.01	31	18476	买盘
14:59:39	5.95	--	447	265965	卖盘
14:59:33	5.95	--	219	130305	卖盘
14:59:29	5.95	-0.01	417	248115	卖盘
14:59:24	5.96	0.01	60	35760	买盘
14:59:19	5.95	--	212	126140	卖盘
14:59:14	5.95	--	20	12019	卖盘
14:59:09	5.95	--	41	24395	卖盘
14:59:04	5.95	--	186	110670	买盘
14:58:59	5.95	--	88	52360	买盘
14:58:54	5.95	--	363	215985	买盘
14:58:49	5.95	0.01	140	83300	买盘
14:58:44	5.94	-0.01	54	32076	卖盘
14:58:39	5.95	--	180	107100	买盘
14:58:34	5.95	0.01	360	214200	买盘
14:58:29	5.94	-0.01	51	30294	卖盘
14:58:24	5.95	--	1402	834190	买盘
14:58:19	5.95	0.01	422	251090	买盘
14:58:14	5.94	-0.01	143	84942	卖盘
14:58:09	5.95	--	100	59500	买盘
14:58:03	5.95	0.01	56	33320	买盘
14:57:59	5.94	-0.01	4	2376	卖盘
14:57:54	5.95	--	14	8330	买盘
14:57:49	5.95	--	268	159460	买盘
14:57:44	5.95	--	830	493850	买盘
14:57:39	5.95	--	31	18445	买盘
14:57:34	5.95	0.01	200	119000	买盘
14:57:29	5.94	-0.01	119	70686	卖盘
14:57:24	5.95	0.01	221	131495	买盘
14:57:19	5.94	-0.01	398	236412	卖盘
14:57:14	5.95	--	880	523600	买盘
14:57:09	5.95	--	1	595	买盘
14:57:03	5.95	0.01	47	27965	买盘
14:56:59	5.94	--	24	14256	卖盘
14:56:54	5.94	-0.01	75	44550	卖盘
14:56:48	5.95	--	55	32725	买盘
14:56:44	5.95	--	160	95200	买盘
14:56:39	5.95	0.01	85	50575	买盘
14:56:33	5.94	-0.01	79	46926	卖盘
14:56:28	5.95	--	2	1190	买盘
14:56:24	5.95	0.01	1	595	买盘
14:56:18	5.94	-0.01	142	84348	卖盘
14:56:13	5.95	--	5	2975	买盘
14:56:09	5.95	0.01	42	24990	买盘
14:56:04	5.94	--	35	20790	卖盘
14:55:58	5.94	--	13	7722	卖盘
14:55:53	5.94	-0.01	227	134838	卖盘
14:55:49	5.95	0.01	5	2975	买盘
14:55:43	5.94	--	8	4752	卖盘
14:55:38	5.94	-0.01	97	57618	卖盘
14:55:33	5.95	0.01	202	120190	买盘
14:55:28	5.94	--	70	41580	卖盘
14:55:23	5.94	--	751	446094	卖盘
14:55:18	5.94	--	7	4158	卖盘
14:55:13	5.94	--	2	1188	卖盘
14:55:08	5.94	-0.01	165	98010	卖盘
14:55:03	5.95	0.01	25	14875	买盘
14:54:58	5.94	--	282	167508	卖盘
14:54:53	5.94	-0.01	1	594	卖盘
14:54:47	5.95	0.01	51	30345	买盘
14:54:43	5.94	-0.01	30	17820	卖盘
14:54:38	5.95	--	172	102340	买盘
14:54:33	5.95	0.01	91	54145	买盘
14:54:23	5.94	-0.01	27	16038	卖盘
14:54:17	5.95	0.01	170	101150	买盘
14:54:13	5.94	--	70	41580	卖盘
14:54:08	5.94	--	120	71280	卖盘
14:54:02	5.94	--	171	101574	卖盘
14:53:58	5.94	--	14	8316	卖盘
14:53:53	5.94	--	125	74250	卖盘
14:53:47	5.94	--	10	5940	卖盘
14:53:43	5.94	--	100	59400	卖盘
14:53:38	5.94	-0.01	112	66528	卖盘
14:53:32	5.95	0.01	30	17850	买盘
14:53:28	5.94	--	43	25542	卖盘
14:53:23	5.94	--	215	127710	卖盘
14:53:17	5.94	-0.01	35	20790	卖盘
14:53:13	5.95	0.01	543	323085	买盘
14:53:08	5.94	-0.01	99	58806	卖盘
14:53:02	5.95	--	62	36890	买盘
14:52:58	5.95	0.01	18	10710	买盘
14:52:53	5.94	--	274	162756	卖盘
14:52:48	5.94	--	233	138402	卖盘
14:52:38	5.94	-0.01	172	102168	卖盘
14:52:32	5.95	0.01	322	191590	买盘
14:52:27	5.94	-0.01	17	10098	卖盘
14:52:23	5.95	0.01	5	2975	买盘
14:52:17	5.94	--	168	100089	卖盘
14:52:13	5.94	--	100	59400	卖盘
14:52:08	5.94	--	7	4158	卖盘
14:52:02	5.94	-0.01	731	434214	卖盘
14:51:57	5.95	0.01	662	393890	买盘
14:51:53	5.94	-0.01	496	294624	卖盘
14:51:47	5.95	0.01	156	92820	买盘
14:51:43	5.94	-0.01	38	22572	卖盘
14:51:38	5.95	0.01	20	11900	买盘
14:51:32	5.94	--	32	19008	卖盘
14:51:28	5.94	-0.01	787	467478	卖盘
14:51:23	5.95	0.01	30	17850	买盘
14:51:17	5.94	--	615	365310	卖盘
14:51:12	5.94	--	23	13662	卖盘
14:51:02	5.94	-0.01	10	5940	卖盘
14:50:57	5.95	0.01	497	295715	买盘
14:50:53	5.94	-0.01	61	36234	卖盘
14:50:47	5.95	0.01	200	119000	买盘
14:50:42	5.94	--	104	61776	卖盘
14:50:38	5.94	--	35	20790	卖盘
14:50:32	5.94	-0.01	5	2970	卖盘
14:50:27	5.95	--	205	121975	买盘
14:50:23	5.95	0.01	7	4165	买盘
14:50:17	5.94	--	4	2376	卖盘
14:50:02	5.94	-0.01	1	594	卖盘
14:49:57	5.95	--	10	5950	买盘
14:49:42	5.95	--	109	64855	买盘
14:49:38	5.95	--	50	29750	买盘
14:49:32	5.95	--	1057	628915	买盘
14:49:27	5.95	--	30	17850	买盘
14:49:22	5.95	--	30	17850	买盘
14:49:17	5.95	0.01	35	20825	买盘
14:49:12	5.94	-0.01	753	447282	卖盘
14:49:02	5.95	0.01	159	94605	买盘
14:48:47	5.94	-0.01	39	23166	卖盘
14:48:41	5.95	--	60	35700	买盘
14:48:37	5.95	0.01	536	318920	买盘
14:48:32	5.94	--	22	13068	卖盘
14:48:26	5.94	-0.01	400	237600	卖盘
14:48:22	5.95	0.01	2	1190	买盘
14:48:17	5.94	--	20	11880	卖盘
14:48:11	5.94	--	332	197208	卖盘
14:47:56	5.94	--	75	44550	卖盘
14:47:47	5.94	-0.01	10	5940	卖盘
14:47:41	5.95	0.01	980	583100	买盘
14:47:37	5.94	-0.01	30	17820	卖盘
14:47:32	5.95	--	19	11305	买盘
14:47:26	5.95	0.01	121	71995	买盘
14:47:22	5.94	--	32	19008	卖盘
14:47:17	5.94	--	29	17226	卖盘
14:47:11	5.94	--	10	5940	卖盘
14:47:07	5.94	--	60	35640	卖盘
14:47:02	5.94	--	50	29700	卖盘
14:46:56	5.94	--	18	10692	卖盘
14:46:47	5.94	--	118	70092	卖盘
14:46:37	5.94	--	28	16632	卖盘
14:46:32	5.94	-0.01	5	2970	卖盘
14:46:26	5.95	--	70	41650	买盘
14:46:17	5.95	--	29	17255	买盘
14:46:07	5.95	0.01	3	1785	买盘
14:46:02	5.94	--	17	10098	卖盘
14:45:56	5.94	--	200	118800	卖盘
14:45:51	5.94	-0.01	10	5940	卖盘
14:45:41	5.95	0.01	807	480165	买盘
14:45:36	5.94	--	20	11880	卖盘
14:45:26	5.94	--	72	42768	卖盘
14:45:21	5.94	-0.01	338	200772	卖盘
14:45:11	5.95	--	12	7140	买盘
14:45:06	5.95	0.02	16	9520	买盘
14:44:56	5.93	-0.01	200	118600	卖盘
14:44:51	5.94	--	40	23760	卖盘
14:44:47	5.94	--	4	2376	卖盘
14:44:41	5.94	--	101	59994	卖盘
14:44:36	5.94	--	11	6534	买盘
14:44:26	5.94	-0.01	24	14256	买盘
14:44:21	5.95	--	0	0	买盘
14:44:17	5.95	--	24	14280	买盘
14:44:11	5.95	--	104	61880	买盘
14:44:06	5.95	--	2	1190	买盘
14:44:01	5.95	0.01	20	11900	买盘
14:43:56	5.94	-0.01	208	123552	卖盘
14:43:51	5.95	0.01	120	71400	买盘
14:43:47	5.94	--	25	14850	卖盘
14:43:41	5.94	-0.01	8	4752	卖盘
14:43:36	5.95	0.02	230	136850	买盘
14:43:32	5.93	--	0	0	卖盘
14:43:26	5.93	-0.02	1006	596558	卖盘
14:43:21	5.95	0.01	5	2975	买盘
14:43:11	5.94	-0.02	40	23760	卖盘
14:43:06	5.96	0.02	186	110856	买盘
14:43:01	5.94	--	50	29700	卖盘
14:42:56	5.94	--	266	158004	卖盘
14:42:51	5.94	-0.01	82	48708	卖盘
14:42:46	5.95	--	120	71400	买盘
14:42:41	5.95	--	7	4165	买盘
14:42:31	5.95	0.01	301	179095	买盘
14:42:26	5.94	-0.01	67	39798	卖盘
14:42:21	5.95	--	10	5950	买盘
14:42:16	5.95	0.01	362	215390	买盘
14:42:11	5.94	-0.01	18	10692	卖盘
14:42:05	5.95	--	11	6545	买盘
14:42:01	5.95	0.01	5	2975	买盘
14:41:56	5.94	-0.01	236	140184	卖盘
14:41:50	5.95	--	25	14875	买盘
14:41:46	5.95	--	80	47600	买盘
14:41:41	5.95	--	2	1190	买盘
14:41:35	5.95	-0.01	40	23800	买盘
14:41:31	5.96	0.01	51	30396	买盘
14:41:26	5.95	--	5	2975	买盘
14:41:20	5.95	--	295	175887	卖盘
14:41:11	5.95	--	41	24395	卖盘
14:41:05	5.95	--	4	2380	卖盘
14:41:01	5.95	--	50	29750	卖盘
14:40:56	5.95	--	200	119000	卖盘
14:40:50	5.95	--	20	11900	卖盘
14:40:46	5.95	0.01	426	253702	买盘
14:40:41	5.94	-0.01	57	33858	卖盘
14:40:35	5.95	--	770	458150	买盘
14:40:26	5.95	--	6	3570	买盘
14:40:20	5.95	0.01	28	16660	买盘
14:40:01	5.94	--	11	6534	卖盘
14:39:56	5.94	-0.01	240	142560	卖盘
14:39:50	5.95	--	507	301665	买盘
14:39:46	5.95	--	126	74970	买盘
14:39:41	5.95	0.01	85	50575	买盘
14:39:35	5.94	-0.01	20	11880	卖盘
14:39:31	5.95	0.01	10	5950	买盘
14:39:26	5.94	--	50	29700	卖盘
14:39:20	5.94	--	186	110484	卖盘
14:39:15	5.94	--	130	77220	卖盘
14:39:10	5.94	--	112	66528	卖盘
14:39:05	5.94	-0.01	6	3564	卖盘
14:39:00	5.95	0.01	940	559300	买盘
14:38:55	5.94	-0.01	10	5940	卖盘
14:38:50	5.95	0.01	56	33320	买盘
14:38:45	5.94	--	20	11880	卖盘
14:38:40	5.94	--	30	17820	卖盘
14:38:35	5.94	-0.01	4	2376	卖盘
14:38:30	5.95	0.01	16	9520	买盘
14:38:26	5.94	--	74	43956	卖盘
14:38:20	5.94	--	53	31482	买盘
14:38:15	5.94	--	78	46332	卖盘
14:38:11	5.94	0.01	1	594	卖盘
14:38:05	5.93	-0.01	140	83020	卖盘
14:38:00	5.94	--	891	529254	买盘
14:37:56	5.94	--	50	29700	买盘
14:37:45	5.94	--	392	232848	买盘
14:37:35	5.94	--	5	2970	买盘
14:37:30	5.94	--	139	82566	买盘
14:37:20	5.94	--	108	64152	买盘
14:37:15	5.94	--	35	20790	买盘
14:37:10	5.94	--	170	100980	卖盘
14:37:05	5.94	--	166	98604	买盘
14:37:00	5.94	--	206	122364	买盘
14:36:56	5.94	--	828	491832	卖盘
14:36:45	5.94	-0.01	20	11880	卖盘
14:36:41	5.95	0.01	30	17850	买盘
14:36:35	5.94	-0.01	10	5940	卖盘
14:36:30	5.95	0.01	68	40460	买盘
14:36:20	5.94	--	120	71280	卖盘
14:36:00	5.94	--	210	124740	卖盘
14:35:44	5.94	--	287	170478	买盘
14:35:35	5.94	--	155	92070	买盘
14:35:29	5.94	--	94	55836	买盘
14:35:25	5.94	--	10	5940	买盘
14:35:20	5.94	--	112	66528	买盘
14:35:14	5.94	--	45	26730	买盘
14:35:10	5.94	-0.01	303	179982	卖盘
14:35:05	5.95	-0.01	355	211225	卖盘
14:34:59	5.96	0.01	1074	640104	买盘
14:34:50	5.95	--	30	17850	卖盘
14:34:44	5.95	--	17	10115	卖盘
14:34:40	5.95	--	91	54597	买盘
14:34:35	5.95	--	338	201110	买盘
14:34:29	5.95	--	436	259420	买盘
14:34:25	5.95	--	19	11305	买盘
14:34:20	5.95	0.01	2891	1720145	买盘
14:34:10	5.94	--	310	184140	卖盘
14:34:05	5.94	0.01	1238	735746	买盘
14:33:59	5.93	-0.01	231	136983	卖盘
14:33:55	5.94	0.01	7	4158	买盘
14:33:50	5.93	-0.01	36	21348	卖盘
14:33:44	5.94	0.01	228	135432	买盘
14:33:40	5.93	--	31	18383	卖盘
14:33:35	5.93	--	971	576141	买盘
14:33:29	5.93	--	509	301837	买盘
14:33:25	5.93	--	1000	593000	买盘
14:33:20	5.93	--	414	245502	买盘
14:33:14	5.93	--	45	26685	买盘
14:33:10	5.93	--	6	3558	买盘
14:33:05	5.93	--	38	22534	买盘
14:32:59	5.93	--	554	328522	买盘
14:32:54	5.93	--	1	593	买盘
14:32:44	5.93	--	1265	750145	买盘
14:32:35	5.93	0.01	42	24906	买盘
14:32:29	5.92	--	60	35520	卖盘
14:32:24	5.92	--	30	17760	卖盘
14:32:14	5.92	--	4	2368	卖盘
14:32:09	5.92	-0.01	20	11840	卖盘
14:32:05	5.93	0.01	3	1779	买盘
14:31:59	5.92	--	200	118400	卖盘
14:31:54	5.92	--	18	10656	卖盘
14:31:44	5.92	--	354	209970	买盘
14:31:39	5.92	--	329	194768	买盘
14:31:35	5.92	--	99	58608	买盘
14:31:29	5.92	--	63	37296	买盘
14:31:24	5.92	--	6	3552	买盘
14:31:19	5.92	--	14	8288	买盘
14:31:14	5.92	--	330	195360	买盘
14:31:09	5.92	--	139	82288	买盘
14:31:05	5.92	--	75	44400	买盘
14:30:59	5.92	--	286	169312	买盘
14:30:54	5.92	--	5	2960	买盘
14:30:49	5.92	--	6	3552	买盘
14:30:44	5.92	-0.01	432	256259	中性盘
14:30:39	5.93	0.01	1027	609117	买盘
14:30:34	5.92	--	296	175717	卖盘
14:30:24	5.92	--	1605	950160	卖盘
14:30:09	5.92	--	50	29600	卖盘
14:30:04	5.92	--	974	576714	买盘
14:29:59	5.92	--	223	132016	买盘
14:29:54	5.92	--	40	23680	买盘
14:29:44	5.92	--	702	415584	买盘
14:29:34	5.92	--	16	9472	买盘
14:29:29	5.92	0.01	57	33744	买盘
14:29:24	5.91	-0.01	1100	650100	卖盘
14:29:19	5.92	--	20	11840	买盘
14:29:14	5.92	--	6	3552	买盘
14:29:08	5.92	--	7	4144	买盘
14:28:59	5.92	-0.01	260	154405	卖盘
14:28:53	5.93	0.01	196	116228	买盘
14:28:49	5.92	-0.01	40	23680	卖盘
14:28:44	5.93	--	361	214476	买盘
14:28:38	5.93	--	12	7116	买盘
14:28:34	5.93	--	5	2965	买盘
14:28:29	5.93	0.01	19	11267	买盘
14:28:23	5.92	--	292	173106	卖盘
14:28:08	5.92	--	1	592	卖盘
14:28:04	5.92	--	295	175226	卖盘
14:27:59	5.92	--	205	121360	卖盘
14:27:53	5.92	-0.01	5	3019	卖盘
14:27:44	5.93	0.01	267	158918	买盘
14:27:38	5.92	-0.01	101	59792	卖盘
14:27:34	5.93	0.01	20	11860	买盘
14:27:29	5.92	--	194	114913	买盘
14:27:23	5.92	--	543	321456	买盘
14:27:19	5.92	--	29	17168	买盘
14:27:14	5.92	--	69	40848	买盘
14:27:08	5.92	--	500	296526	卖盘
14:27:04	5.92	--	1645	973875	卖盘
14:26:59	5.92	-0.01	244	144448	卖盘
14:26:53	5.93	0.01	96	56928	买盘
14:26:49	5.92	--	20	11840	卖盘
14:26:44	5.92	0.01	330	195389	卖盘
14:26:23	5.91	-0.01	500	295500	卖盘
14:26:18	5.92	--	370	219170	买盘
14:26:14	5.92	--	136	80512	买盘
14:26:08	5.92	--	290	171680	买盘
14:26:03	5.92	0.01	797	471824	买盘
14:25:58	5.91	--	200	118200	卖盘
14:25:53	5.91	-0.01	287	169617	卖盘
14:25:48	5.92	0.01	298	176416	买盘
14:25:43	5.91	-0.01	706	417246	卖盘
14:25:38	5.92	0.01	10	5920	买盘
14:25:33	5.91	-0.01	4	2364	卖盘
14:25:28	5.92	--	13	7696	买盘
14:25:23	5.92	--	580	343360	买盘
14:25:13	5.92	--	83	49136	买盘
14:25:08	5.92	--	51	30192	买盘
14:25:03	5.92	0.01	510	301920	买盘
14:24:58	5.91	-0.01	300	177300	卖盘
14:24:53	5.92	--	14	8288	买盘
14:24:48	5.92	--	109	64528	买盘
14:24:43	5.92	--	302	178784	买盘
14:24:38	5.92	-0.01	362	214765	卖盘
14:24:33	5.93	--	30	17790	买盘
14:24:28	5.93	--	43	25499	买盘
14:24:23	5.93	0.01	186	110375	买盘
14:24:18	5.92	-0.01	13	7696	卖盘
14:24:13	5.93	0.01	10	5930	买盘
14:24:03	5.92	--	255	151309	卖盘
14:23:58	5.92	-0.01	223	132016	卖盘
14:23:48	5.93	0.01	40	23720	买盘
14:23:43	5.92	-0.01	536	317477	卖盘
14:23:38	5.93	--	5	2965	买盘
14:23:23	5.93	0.01	339	201092	买盘
14:23:18	5.92	-0.01	112	66304	卖盘
14:23:08	5.93	0.01	75	44475	买盘
14:23:03	5.92	--	1036	613377	卖盘
14:22:58	5.92	--	200	118400	卖盘
14:22:43	5.92	-0.01	666	394846	卖盘
14:22:38	5.93	--	120	71160	买盘
14:22:32	5.93	--	53	31429	买盘
14:22:23	5.93	--	55	33071	买盘
14:22:17	5.93	--	115	68195	买盘
14:22:13	5.93	0.01	10	5930	买盘
14:22:08	5.92	--	56	33371	买盘
14:22:02	5.92	--	853	505295	卖盘
14:21:58	5.92	--	230	136160	卖盘
14:21:47	5.92	-0.01	8	4736	卖盘
14:21:43	5.93	--	671	398199	买盘
14:21:23	5.93	0.01	492	292016	买盘
14:21:17	5.92	-0.01	53	31376	卖盘
14:21:13	5.93	0.01	12	7116	买盘
14:21:08	5.92	--	25	14800	卖盘
14:21:02	5.92	--	500	296000	卖盘
14:20:58	5.92	--	232	137344	卖盘
14:20:53	5.92	--	84	49728	卖盘
14:20:43	5.92	--	578	342762	卖盘
14:20:38	5.92	-0.01	8	4736	卖盘
14:20:32	5.93	0.01	5	2965	买盘
14:20:23	5.92	-0.01	657	388944	卖盘
14:20:17	5.93	0.01	200	118600	买盘
14:20:08	5.92	--	33	19536	卖盘
14:20:02	5.92	--	500	296000	卖盘
14:19:57	5.92	-0.01	239	141488	卖盘
14:19:53	5.93	--	45	26685	买盘
14:19:47	5.93	0.01	20	11860	买盘
14:19:42	5.92	-0.01	693	410256	卖盘
14:19:32	5.93	--	15	8895	买盘
14:19:27	5.93	0.01	12	7116	买盘
14:19:22	5.92	-0.01	550	325600	卖盘
14:19:12	5.93	--	37	21941	买盘
14:19:02	5.93	0.01	635	376555	买盘
14:18:57	5.92	-0.01	200	118400	卖盘
14:18:47	5.93	0.01	95	56335	买盘
14:18:42	5.92	--	404	239221	卖盘
14:18:37	5.92	--	22	13024	卖盘
14:18:32	5.92	--	163	96496	卖盘
14:18:22	5.92	--	180	107004	卖盘
14:18:17	5.92	--	20	11840	卖盘
14:18:12	5.92	--	40	23680	卖盘
14:18:07	5.92	--	10	5920	卖盘
14:18:02	5.92	0.01	1237	732712	买盘
14:17:57	5.91	-0.01	260	153660	卖盘
14:17:47	5.92	0.01	6	3552	买盘
14:17:42	5.91	-0.01	837	494667	卖盘
14:17:37	5.92	0.01	56	33152	买盘
14:17:32	5.91	--	10	5910	卖盘
14:17:27	5.91	-0.01	19	11229	卖盘
14:17:22	5.92	--	527	311984	买盘
14:17:17	5.92	--	47	27824	买盘
14:17:12	5.92	--	20	11840	买盘
14:17:02	5.92	--	553	327376	买盘
14:16:57	5.92	--	365	216080	买盘
14:16:47	5.92	0.01	179	105968	买盘
14:16:42	5.91	-0.01	282	166662	卖盘
14:16:37	5.92	--	572	338866	卖盘
14:16:32	5.92	--	53	31725	买盘
14:16:26	5.92	-0.01	203	120418	卖盘
14:16:22	5.93	0.01	32	19456	买盘
14:16:17	5.92	--	8	4736	卖盘
14:16:11	5.92	--	16	9472	卖盘
14:16:02	5.92	-0.01	153	90664	卖盘
14:15:56	5.93	0.01	53	31429	买盘
14:15:52	5.92	--	116	68672	卖盘
14:15:47	5.92	--	210	124320	卖盘
14:15:41	5.92	--	465	275493	卖盘
14:15:32	5.92	--	365	216080	卖盘
14:15:26	5.92	--	10	5920	卖盘
14:15:22	5.92	--	471	278968	卖盘
14:15:17	5.92	--	6	3552	卖盘
14:15:11	5.92	--	1	592	卖盘
14:15:07	5.92	--	4	2368	卖盘
14:15:02	5.92	--	503	297776	卖盘
14:14:47	5.92	--	3	1776	卖盘
14:14:41	5.92	--	691	409072	卖盘
14:14:37	5.92	-0.01	508	300736	卖盘
14:14:32	5.93	0.01	85	50405	买盘
14:14:26	5.92	--	70	41440	卖盘
14:14:22	5.92	--	500	296000	卖盘
14:14:17	5.92	--	80	47360	卖盘
14:14:11	5.92	--	5	2960	卖盘
14:14:02	5.92	--	928	549376	卖盘
14:13:56	5.92	--	989	585488	卖盘
14:13:52	5.92	--	50	29600	卖盘
14:13:41	5.92	-0.01	690	408480	卖盘
14:13:36	5.93	--	6	3558	买盘
14:13:32	5.93	--	407	241605	卖盘
14:13:26	5.93	--	2075	1230475	卖盘
14:13:21	5.93	-0.01	186	110499	卖盘
14:13:11	5.94	0.01	222	131868	买盘
14:13:06	5.93	-0.01	21	12453	卖盘
14:13:01	5.94	0.01	263	156459	买盘
14:12:56	5.93	--	5	2965	卖盘
14:12:46	5.93	--	1	593	卖盘
14:12:41	5.93	-0.01	702	416286	卖盘
14:12:36	5.94	--	100	59400	买盘
14:12:31	5.94	--	60	35640	买盘
14:12:26	5.94	--	431	256014	买盘
14:12:21	5.94	--	566	336204	买盘
14:12:11	5.94	0.01	7	4158	买盘
14:12:06	5.93	--	10	5930	卖盘
14:12:01	5.93	-0.01	374	222036	卖盘
14:11:56	5.94	--	20	11880	买盘
14:11:51	5.94	0.01	9	5346	买盘
14:11:41	5.93	--	304	180681	卖盘
14:11:26	5.93	--	1	593	卖盘
14:11:21	5.93	--	22	13295	卖盘
14:11:11	5.93	-0.01	263	155959	卖盘
14:11:06	5.94	0.01	514	305316	买盘
14:11:01	5.93	-0.01	2	1357	卖盘
14:10:56	5.94	--	10	5940	买盘
14:10:51	5.94	0.01	8	4752	买盘
14:10:46	5.93	0.01	3	1779	中性盘
14:10:41	5.92	-0.01	744	440465	卖盘
14:10:36	5.93	--	20	11860	买盘
14:10:31	5.93	--	128	76479	卖盘
14:10:26	5.93	--	100	59300	卖盘
14:10:21	5.93	-0.01	38	22605	卖盘
14:10:16	5.94	0.01	140	83160	买盘
14:10:11	5.93	--	530	314290	卖盘
14:10:06	5.93	--	25	14825	卖盘
14:10:01	5.93	--	280	166289	卖盘
14:09:56	5.93	--	304	180272	卖盘
14:09:50	5.93	--	1	593	卖盘
14:09:41	5.93	-0.01	682	404947	卖盘
14:09:35	5.94	--	45	26730	买盘
14:09:31	5.94	0.01	10	5940	买盘
14:09:26	5.93	-0.01	1360	806480	卖盘
14:09:20	5.94	--	312	185571	卖盘
14:09:16	5.94	--	8	4752	卖盘
14:09:05	5.94	--	26	15444	卖盘
14:09:01	5.94	--	34	20546	卖盘
14:08:50	5.94	0.01	6	3564	卖盘
14:08:46	5.93	--	0	0	卖盘
14:08:41	5.93	-0.01	869	515317	卖盘
14:08:31	5.94	--	2	1188	买盘
14:08:26	5.94	--	50	29700	买盘
14:08:20	5.94	--	541	321354	买盘
14:08:11	5.94	--	104	61776	买盘
14:08:05	5.94	0.01	2	1188	买盘
14:08:01	5.93	-0.01	500	296500	卖盘
14:07:56	5.94	--	39	23166	买盘
14:07:50	5.94	0.01	140	83160	买盘
14:07:41	5.93	-0.01	758	449517	卖盘
14:07:35	5.94	--	31	18414	买盘
14:07:31	5.94	--	15	8910	买盘
14:07:26	5.94	--	20	11880	买盘
14:07:20	5.94	--	80	47520	买盘
14:07:16	5.94	--	327	194511	卖盘
14:07:11	5.94	--	51	30294	卖盘
14:07:05	5.94	-0.01	10	5940	卖盘
14:07:00	5.95	0.01	102	60814	买盘
14:06:45	5.94	--	257	152658	卖盘
14:06:40	5.94	--	267	159073	卖盘
14:06:25	5.94	--	12	7128	卖盘
14:06:20	5.94	--	405	240760	卖盘
14:06:10	5.94	--	3	1782	卖盘
14:06:05	5.94	--	1	594	卖盘
14:06:00	5.94	-0.01	356	211761	卖盘
14:05:55	5.95	0.01	5	2975	买盘
14:05:45	5.94	--	210	124740	卖盘
14:05:40	5.94	--	64	38229	卖盘
14:05:30	5.94	-0.01	20	11880	卖盘
14:05:25	5.95	0.01	96	57120	买盘
14:05:20	5.94	--	282	167704	卖盘
14:05:15	5.94	-0.01	500	297000	卖盘
14:05:05	5.95	0.01	56	33320	买盘
14:05:00	5.94	-0.01	317	188387	卖盘
14:04:55	5.95	--	50	29750	买盘
14:04:50	5.95	--	10	5950	买盘
14:04:45	5.95	0.01	221	131495	买盘
14:04:40	5.94	--	334	198740	卖盘
14:04:35	5.94	--	22	13068	卖盘
14:04:30	5.94	--	33	19602	卖盘
14:04:20	5.94	-0.01	381	226480	卖盘
14:04:15	5.95	0.01	123	73185	买盘
14:04:10	5.94	-0.01	100	59400	卖盘
14:04:05	5.95	0.01	10	5950	买盘
14:04:00	5.94	--	103	61288	卖盘
14:03:55	5.94	--	20	11880	卖盘
14:03:50	5.94	--	40	23760	卖盘
14:03:45	5.94	--	207	122958	卖盘
14:03:40	5.94	-0.01	3	2275	卖盘
14:03:35	5.95	0.01	232	138040	买盘
14:03:29	5.94	--	20	11880	卖盘
14:03:25	5.94	--	36	21384	买盘
14:03:20	5.94	--	1299	771938	买盘
14:03:10	5.94	--	55	32670	买盘
14:03:05	5.94	0.01	528	313632	买盘
14:02:59	5.93	-0.01	233	138281	卖盘
14:02:55	5.94	--	25	14850	买盘
14:02:50	5.94	--	56	33264	买盘
14:02:44	5.94	0.01	1068	634392	买盘
14:02:40	5.93	-0.01	484	287243	卖盘
14:02:35	5.94	--	1	594	买盘
14:02:29	5.94	0.01	35	20790	买盘
14:02:20	5.93	--	1064	630952	卖盘
14:02:14	5.93	--	17	10081	卖盘
14:01:59	5.93	--	520	308360	卖盘
14:01:44	5.93	--	219	129867	卖盘
14:01:40	5.93	--	657	389601	卖盘
14:01:35	5.93	--	101	60147	买盘
14:01:20	5.93	--	80	47440	买盘
14:01:14	5.93	--	217	129125	卖盘
14:01:05	5.93	--	2	1186	卖盘
14:00:59	5.93	--	183	108993	卖盘
14:00:44	5.93	--	257	152401	卖盘
14:00:39	5.93	--	387	229574	卖盘
14:00:24	5.93	--	1	593	卖盘
14:00:19	5.93	--	339	201614	卖盘
14:00:14	5.93	--	63	37359	卖盘
14:00:09	5.93	--	53	31429	卖盘
13:59:59	5.93	--	407	241683	卖盘
13:59:54	5.93	--	35	20755	卖盘
13:59:44	5.93	--	189	112077	卖盘
13:59:39	5.93	-0.01	134	79716	卖盘
13:59:34	5.94	--	3	1782	买盘
13:59:24	5.94	0.01	5	2970	买盘
13:59:19	5.93	--	303	179779	卖盘
13:59:14	5.93	-0.01	94	55742	卖盘
13:59:09	5.94	0.01	2	1188	买盘
13:58:59	5.93	--	497	294892	卖盘
13:58:44	5.93	--	227	134611	卖盘
13:58:39	5.93	-0.01	520	308360	卖盘
13:58:34	5.94	--	47	27918	买盘
13:58:29	5.94	--	9	5346	买盘
13:58:24	5.94	0.01	64	38016	买盘
13:58:19	5.93	--	517	306581	卖盘
13:58:14	5.93	-0.01	1	593	卖盘
13:58:04	5.94	0.01	21	12474	买盘
13:57:59	5.93	-0.01	97	58036	卖盘
13:57:54	5.94	0.01	34	20196	买盘
13:57:44	5.93	--	194	115042	卖盘
13:57:39	5.93	--	270	160448	卖盘
13:57:29	5.93	--	5	2965	卖盘
13:57:19	5.93	--	362	215104	卖盘
13:57:14	5.93	-0.01	1	593	卖盘
13:57:08	5.94	0.01	33	19602	买盘
13:57:04	5.93	--	892	529442	买盘
13:56:59	5.93	--	198	117935	卖盘
13:56:53	5.93	-0.02	59	34987	卖盘
13:56:49	5.95	0.01	1384	823480	买盘
13:56:44	5.94	0.01	199	118206	买盘
13:56:38	5.93	-0.01	135	80422	卖盘
13:56:34	5.94	0.01	10	5940	买盘
13:56:29	5.93	-0.01	53	31429	卖盘
13:56:23	5.94	0.01	6	3564	买盘
13:56:19	5.93	--	435	258162	卖盘
13:56:14	5.93	--	30	17790	卖盘
13:56:04	5.93	--	20	11860	卖盘
13:55:59	5.93	-0.01	500	296500	卖盘
13:55:53	5.94	0.01	54	32076	买盘
13:55:44	5.93	--	212	125716	卖盘
13:55:38	5.93	-0.01	500	296500	卖盘
13:55:29	5.94	0.01	8	4752	买盘
13:55:19	5.93	-0.01	500	296500	卖盘
13:55:14	5.94	--	1	594	买盘
13:55:08	5.94	0.01	135	80190	买盘
13:54:59	5.93	-0.01	111	65911	卖盘
13:54:53	5.94	0.02	65	38610	买盘
13:54:44	5.92	-0.01	190	112657	卖盘
13:54:38	5.93	-0.01	134	79835	卖盘
13:54:34	5.94	0.01	10	5940	买盘
13:54:29	5.93	--	60	35580	卖盘
13:54:18	5.93	--	50	29863	卖盘
13:54:14	5.93	--	414	245502	卖盘
13:53:59	5.93	-0.01	419	248882	卖盘
13:53:53	5.94	0.01	2	1188	买盘
13:53:48	5.93	--	5	2965	卖盘
13:53:43	5.93	--	193	114449	卖盘
13:53:38	5.93	--	179	106656	卖盘
13:53:33	5.93	--	28	16604	卖盘
13:53:28	5.93	--	8	4744	卖盘
13:53:23	5.93	--	17	10081	卖盘
13:53:18	5.93	--	152	90171	卖盘
13:53:08	5.93	-0.01	128	75904	卖盘
13:53:03	5.94	0.01	2	1188	买盘
13:52:58	5.93	--	265	157488	卖盘
13:52:48	5.93	0.01	111	66048	买盘
13:52:43	5.92	-0.01	189	111888	卖盘
13:52:38	5.93	--	521	309036	买盘
13:52:33	5.93	--	95	56335	买盘
13:52:28	5.93	--	182	107926	买盘
13:52:23	5.93	--	92	54556	买盘
13:52:18	5.93	-0.01	121	71753	卖盘
13:52:13	5.94	--	28	16632	买盘
13:52:08	5.94	--	9	5346	买盘
13:52:03	5.94	0.01	2234	1327506	买盘
13:51:58	5.93	--	502	297686	卖盘
13:51:53	5.93	-0.01	623	369439	卖盘
13:51:48	5.94	0.01	75	44550	中性盘
13:51:43	5.93	-0.01	189	112077	卖盘
13:51:38	5.94	-0.01	193	114980	卖盘
13:51:33	5.95	--	39	23205	买盘
13:51:23	5.95	0.01	8	4760	买盘
13:51:18	5.94	-0.01	45	26730	卖盘
13:51:13	5.95	--	30	17850	买盘
13:51:08	5.95	--	111	66045	买盘
13:51:03	5.95	--	65	38883	买盘
13:50:53	5.95	--	464	276080	买盘
13:50:43	5.95	--	398	236810	买盘
13:50:38	5.95	0.01	66	39270	买盘
13:50:32	5.94	--	28	16632	卖盘
13:50:23	5.94	--	50	29700	卖盘
13:50:13	5.94	--	6	3564	卖盘
13:50:08	5.94	--	36	21384	卖盘
13:50:02	5.94	--	596	354546	卖盘
13:49:58	5.94	-0.01	10	5940	卖盘
13:49:53	5.95	0.01	266	158270	买盘
13:49:47	5.94	--	1248	741312	卖盘
13:49:43	5.94	--	189	112266	卖盘
13:49:38	5.94	-0.01	7	4158	卖盘
13:49:32	5.95	0.01	32	19040	买盘
13:49:28	5.94	--	138	81972	卖盘
13:49:23	5.94	--	50	29700	卖盘
13:49:08	5.94	-0.01	73	43362	卖盘
13:49:02	5.95	--	40	23800	买盘
13:48:53	5.95	0.01	100	59500	买盘
13:48:47	5.94	--	215	127710	卖盘
13:48:43	5.94	--	200	119097	卖盘
13:48:32	5.94	--	51	30294	卖盘
13:48:23	5.94	-0.01	118	70092	卖盘
13:48:08	5.95	0.01	14	8330	买盘
13:48:02	5.94	--	10	5940	卖盘
13:47:53	5.94	--	1	594	卖盘
13:47:47	5.94	--	30	17820	卖盘
13:47:42	5.94	--	194	115236	卖盘
13:47:32	5.94	0.01	1160	689521	买盘
13:47:27	5.93	-0.01	226	134018	卖盘
13:47:23	5.94	--	55	32670	买盘
13:47:17	5.94	--	20	11880	买盘
13:47:12	5.94	--	620	368280	买盘
13:47:07	5.94	--	72	42768	买盘
13:47:02	5.94	--	34	20196	买盘
13:46:57	5.94	0.01	23	13662	买盘
13:46:52	5.93	-0.01	500	296500	卖盘
13:46:47	5.94	0.01	157	93258	买盘
13:46:42	5.93	--	327	193911	卖盘
13:46:32	5.93	-0.01	400	237757	卖盘
13:46:27	5.94	0.01	189	112266	买盘
13:46:22	5.93	--	85	50405	卖盘
13:46:17	5.93	--	30	17790	卖盘
13:46:12	5.93	-0.01	280	166164	卖盘
13:46:07	5.94	0.01	10	5940	买盘
13:45:57	5.93	--	965	572470	买盘
13:45:52	5.93	--	30	17790	买盘
13:45:47	5.93	--	318	188574	买盘
13:45:42	5.93	--	624	370032	买盘
13:45:37	5.93	--	600	355800	买盘
13:45:32	5.93	--	618	366474	买盘
13:45:27	5.93	--	121	71753	买盘
13:45:22	5.93	--	1127	668311	买盘
13:45:17	5.93	--	535	317255	买盘
13:45:12	5.93	-0.01	2445	1450252	卖盘
13:45:07	5.94	--	331	196614	卖盘
13:45:02	5.94	-0.01	30	17820	买盘
13:44:57	5.95	0.01	48	28560	买盘
13:44:52	5.94	--	112	66528	卖盘
13:44:47	5.94	--	135	80190	卖盘
13:44:42	5.94	0.01	189	112266	卖盘
13:44:32	5.93	-0.01	868	514724	卖盘
13:44:27	5.94	--	238	141372	买盘
13:44:22	5.94	--	37	21978	买盘
13:44:17	5.94	--	81	48114	买盘
13:44:12	5.94	-0.02	661	393103	卖盘
13:44:07	5.96	0.01	39	23244	买盘
13:44:02	5.95	0.01	10	5950	中性盘
13:43:56	5.94	-0.01	230	136637	卖盘
13:43:52	5.95	0.01	38	22610	买盘
13:43:47	5.94	--	14	8316	卖盘
13:43:41	5.94	--	188	111672	卖盘
13:43:32	5.94	-0.01	740	439619	卖盘
13:43:26	5.95	--	50	29750	买盘
13:43:22	5.95	--	13	7735	买盘
13:43:17	5.95	0.01	280	166600	买盘
13:43:11	5.94	-0.01	401	238437	卖盘
13:43:07	5.95	--	563	334985	买盘
13:43:02	5.95	0.01	14	8330	买盘
13:42:56	5.94	--	394	234095	卖盘
13:42:52	5.94	--	2	1188	卖盘
13:42:47	5.94	--	212	125928	卖盘
13:42:41	5.94	--	713	423860	买盘
13:42:37	5.94	--	255	151470	买盘
13:42:32	5.94	--	520	308880	买盘
13:42:26	5.94	--	20	11880	买盘
13:42:17	5.94	0.01	243	144342	买盘
13:42:11	5.93	-0.01	549	325557	卖盘
13:42:02	5.94	0.01	26	15444	买盘
13:41:56	5.93	-0.01	453	269121	卖盘
13:41:52	5.94	--	4	2376	买盘
13:41:47	5.94	0.01	644	382536	买盘
13:41:41	5.93	--	249	147657	卖盘
13:41:37	5.93	--	2	1186	卖盘
13:41:32	5.93	-0.01	365	216510	卖盘
13:41:26	5.94	0.01	222	131868	买盘
13:41:22	5.93	-0.01	10	5930	卖盘
13:41:17	5.94	--	5	2970	买盘
13:41:11	5.94	--	79	46973	买盘
13:41:02	5.94	0.01	191	113454	买盘
13:40:56	5.93	0.01	154	91535	买盘
13:40:51	5.92	-0.01	1522	901402	卖盘
13:40:41	5.93	-0.01	227	134611	卖盘
13:40:36	5.94	0.01	354	210751	买盘
13:40:31	5.93	-0.01	110	65230	卖盘
13:40:26	5.94	--	15	8910	买盘
13:40:21	5.94	0.01	657	390258	买盘
13:40:16	5.93	--	15	8895	卖盘
13:40:11	5.93	--	295	175350	卖盘
13:40:06	5.93	--	224	132832	卖盘
13:39:51	5.93	-0.01	363	215567	卖盘
13:39:46	5.94	0.01	2	1188	买盘
13:39:41	5.93	-0.01	189	112077	卖盘
13:39:36	5.94	0.01	510	302940	买盘
13:39:26	5.93	-0.01	2004	1188372	卖盘
13:39:21	5.94	0.01	261	155034	买盘
13:39:16	5.93	-0.01	3	1779	卖盘
13:39:11	5.94	0.01	609	361746	买盘
13:39:01	5.93	-0.01	165	97845	卖盘
13:38:56	5.94	0.01	15	8910	买盘
13:38:51	5.93	-0.01	537	318441	卖盘
13:38:46	5.94	0.01	10	5940	买盘
13:38:41	5.93	-0.01	216	128088	卖盘
13:38:36	5.94	--	660	392040	买盘
13:38:31	5.94	--	3	1782	买盘
13:38:26	5.94	--	1026	609444	买盘
13:38:21	5.94	--	45	26730	买盘
13:38:11	5.94	0.01	620	368280	买盘
13:37:56	5.93	--	100	59300	卖盘
13:37:51	5.93	-0.01	542	321406	卖盘
13:37:46	5.94	0.01	5	2970	买盘
13:37:41	5.93	--	227	134611	卖盘
13:37:35	5.93	--	266	158230	卖盘
13:37:26	5.93	--	500	296500	卖盘
13:37:20	5.93	--	10	5930	卖盘
13:37:11	5.93	-0.01	56	33540	卖盘
13:37:05	5.94	--	17	10098	买盘
13:37:01	5.94	0.01	50	29700	买盘
13:36:56	5.93	--	1000	593000	卖盘
13:36:50	5.93	--	610	361730	卖盘
13:36:46	5.93	-0.01	40	23720	卖盘
13:36:41	5.94	0.01	654	388476	买盘
13:36:35	5.93	--	1073	636793	卖盘
13:36:20	5.93	-0.01	332	196876	卖盘
13:36:16	5.94	0.01	10	5940	买盘
13:36:11	5.93	-0.01	416	246747	卖盘
13:36:05	5.94	0.01	15	8910	买盘
13:36:01	5.93	-0.01	2010	1191930	卖盘
13:35:56	5.94	0.01	13	7722	买盘
13:35:50	5.93	-0.01	592	351056	卖盘
13:35:46	5.94	0.01	20	11880	买盘
13:35:41	5.93	-0.02	368	218478	卖盘
13:35:35	5.95	--	254	151659	买盘
13:35:31	5.95	--	9	5355	买盘
13:35:26	5.95	0.01	200	119000	买盘
13:35:20	5.94	-0.01	1020	605880	卖盘
13:35:16	5.95	0.01	30	17850	买盘
13:35:11	5.94	--	325	193442	卖盘
13:35:05	5.94	--	10	5940	卖盘
13:35:01	5.94	--	4	2376	卖盘
13:34:56	5.94	--	106	62964	卖盘
13:34:50	5.94	-0.01	496	294790	卖盘
13:34:45	5.95	--	50	29750	买盘
13:34:41	5.95	0.01	556	330820	买盘
13:34:35	5.94	-0.01	500	297000	卖盘
13:34:25	5.95	--	50	29750	买盘
13:34:20	5.95	0.01	103	61285	买盘
13:34:15	5.94	-0.01	509	302346	卖盘
13:34:05	5.95	0.01	27	16065	买盘
13:34:00	5.94	-0.01	111	65934	卖盘
13:33:55	5.95	0.01	2	1190	买盘
13:33:50	5.94	-0.01	60	36192	卖盘
13:33:45	5.95	0.01	239	142205	买盘
13:33:40	5.94	--	80	47520	卖盘
13:33:35	5.94	--	28	16632	卖盘
13:33:30	5.94	--	205	121799	卖盘
13:33:15	5.94	--	302	179554	卖盘
13:33:10	5.94	-0.01	16	9504	卖盘
13:33:05	5.95	--	70	41650	买盘
13:33:00	5.95	--	459	273105	买盘
13:32:55	5.95	0.01	3	1785	买盘
13:32:50	5.94	--	262	155740	卖盘
13:32:45	5.94	-0.01	1314	780516	卖盘
13:32:40	5.95	--	15	8925	买盘
13:32:35	5.95	--	540	321300	买盘
13:32:30	5.95	0.01	200	119000	买盘
13:32:20	5.94	--	52	30888	卖盘
13:32:15	5.94	-0.01	500	297000	卖盘
13:32:05	5.95	--	16	9520	买盘
13:32:00	5.95	0.01	45	26775	买盘
13:31:55	5.94	--	10	5940	卖盘
13:31:50	5.94	-0.01	698	414612	卖盘
13:31:45	5.95	--	219	130305	买盘
13:31:40	5.95	--	16	9520	买盘
13:31:35	5.95	--	356	212165	卖盘
13:31:30	5.95	--	5	2975	卖盘
13:31:20	5.95	-0.01	20	11900	卖盘
13:31:14	5.96	0.01	737	439252	买盘
13:31:10	5.95	--	33	19635	买盘
13:31:05	5.95	--	629	374748	卖盘
13:30:59	5.95	--	1050	624750	卖盘
13:30:50	5.95	--	339	202014	卖盘
13:30:44	5.95	-0.01	196	116620	卖盘
13:30:35	5.96	0.01	72	43239	买盘
13:30:29	5.95	-0.01	73	43435	卖盘
13:30:20	5.96	0.01	90	53640	买盘
13:30:14	5.95	-0.01	27	16124	卖盘
13:30:10	5.96	--	170	101320	买盘
13:30:05	5.96	--	50	29800	买盘
13:29:59	5.96	0.02	10	5960	买盘
13:29:55	5.94	--	0	0	卖盘
13:29:50	5.94	--	500	297000	卖盘
13:29:44	5.94	-0.02	206	122364	卖盘
13:29:35	5.96	0.01	56	33376	买盘
13:29:29	5.95	--	199	118405	卖盘
13:29:20	5.95	0.01	33	19635	卖盘
13:29:14	5.94	-0.02	500	297000	卖盘
13:29:10	5.96	--	0	0	买盘
13:29:05	5.96	--	0	0	买盘
13:28:59	5.96	--	20	11920	买盘
13:28:55	5.96	0.02	269	160324	买盘
13:28:50	5.94	-0.02	503	298782	卖盘
13:28:44	5.96	--	238	141848	买盘
13:28:35	5.96	0.01	1001	596596	买盘
13:28:29	5.95	-0.01	500	297500	卖盘
13:28:24	5.96	--	95	56620	买盘
13:28:20	5.96	--	57	33972	买盘
13:28:14	5.96	--	609	362964	买盘
13:28:09	5.96	--	200	119200	买盘
13:28:04	5.96	0.01	5	2980	买盘
13:27:59	5.95	-0.01	285	169575	卖盘
13:27:54	5.96	0.01	504	300384	买盘
13:27:44	5.95	-0.01	274	163030	卖盘
13:27:39	5.96	0.01	122	72712	买盘
13:27:29	5.95	-0.01	467	278210	卖盘
13:27:24	5.96	--	3	1788	买盘
13:27:19	5.96	0.01	27	16092	买盘
13:27:14	5.95	--	513	305235	卖盘
13:27:09	5.95	--	680	404600	卖盘
13:27:04	5.95	--	205	121975	卖盘
13:26:54	5.95	--	336	200235	卖盘
13:26:44	5.95	--	189	112455	卖盘
13:26:39	5.95	--	10	5950	卖盘
13:26:34	5.95	--	6	3570	卖盘
13:26:29	5.95	--	557	331986	买盘
13:26:24	5.95	0.01	351	208845	买盘
13:26:19	5.94	-0.01	78	46332	卖盘
13:26:14	5.95	--	510	303450	买盘
13:26:09	5.95	--	144	85680	买盘
13:25:59	5.95	-0.01	487	289788	卖盘
13:25:54	5.96	0.01	731	436123	买盘
13:25:49	5.95	-0.01	28	16660	卖盘
13:25:44	5.96	0.01	249	148404	买盘
13:25:39	5.95	--	65	38675	卖盘
13:25:29	5.95	--	92	54912	卖盘
13:25:24	5.95	--	11	6545	卖盘
13:25:14	5.95	0.01	31	18992	中性盘
13:25:09	5.94	-0.02	238	141372	卖盘
13:24:59	5.96	0.01	306	182376	买盘
13:24:53	5.95	--	269	160293	卖盘
13:24:49	5.95	--	97	57715	卖盘
13:24:44	5.95	--	489	290955	卖盘
13:24:38	5.95	-0.01	125	74375	卖盘
13:24:34	5.96	0.01	22	13112	买盘
13:24:29	5.95	--	528	314160	卖盘
13:24:23	5.95	--	215	127925	卖盘
13:24:14	5.95	--	599	356547	买盘
13:24:08	5.95	--	750	446250	卖盘
13:23:59	5.95	--	21	12495	卖盘
13:23:53	5.95	--	820	487900	卖盘
13:23:49	5.95	-0.01	45	26775	卖盘
13:23:44	5.96	0.01	191	113836	买盘
13:23:38	5.95	--	71	42245	卖盘
13:23:29	5.95	-0.01	500	297500	卖盘
13:23:23	5.96	0.01	6	3576	买盘
13:23:14	5.95	--	16	9520	卖盘
13:23:08	5.95	--	617	367115	卖盘
13:23:04	5.95	-0.01	157	93415	卖盘
13:22:59	5.96	--	2078	1238488	卖盘
13:22:53	5.96	-0.01	15	8940	卖盘
13:22:49	5.97	--	1	597	卖盘
13:22:44	5.97	-0.01	210	125370	卖盘
13:22:34	5.98	0.02	30	17940	买盘
13:22:29	5.96	--	0	0	卖盘
13:22:23	5.96	-0.01	196	116816	卖盘
13:22:19	5.97	--	29	17313	买盘
13:22:14	5.97	--	715	426855	卖盘
13:22:03	5.97	-0.01	50	29850	卖盘
13:21:59	5.98	0.01	200	119600	买盘
13:21:53	5.97	--	312	186264	卖盘
13:21:48	5.97	--	13	7761	卖盘
13:21:43	5.97	--	189	112833	卖盘
13:21:38	5.97	-0.01	26	15522	卖盘
13:21:33	5.98	--	50	29900	买盘
13:21:23	5.98	0.01	108	64584	买盘
13:21:18	5.97	-0.01	19	11343	卖盘
13:21:13	5.98	--	25	14950	买盘
13:21:08	5.98	0.01	62	37076	买盘
13:21:03	5.97	--	30	17910	卖盘
13:20:53	5.97	--	310	185070	卖盘
13:20:43	5.97	-0.01	189	112833	卖盘
13:20:38	5.98	--	7	4186	买盘
13:20:23	5.98	--	40	23920	买盘
13:20:18	5.98	--	105	62790	买盘
13:20:13	5.98	0.01	50	29900	买盘
13:20:08	5.97	-0.01	83	49551	卖盘
13:20:03	5.98	--	501	299598	买盘
13:19:58	5.98	--	22	13156	买盘
13:19:48	5.98	0.01	44	26312	买盘
13:19:43	5.97	-0.01	204	121788	卖盘
13:19:38	5.98	0.01	298	178204	买盘
13:19:23	5.97	-0.01	48	28656	卖盘
13:19:18	5.98	0.01	3	1794	买盘
13:19:13	5.97	--	100	59700	卖盘
13:19:03	5.97	--	2	1552	卖盘
13:18:58	5.97	--	305	182085	卖盘
13:18:53	5.97	--	19	11343	卖盘
13:18:48	5.97	--	102	60894	卖盘
13:18:43	5.97	--	223	133131	卖盘
13:18:38	5.97	--	20	11940	卖盘
13:18:33	5.97	--	50	29850	卖盘
13:18:17	5.97	--	75	44775	买盘
13:18:13	5.97	--	40	23880	买盘
13:18:02	5.97	--	32	19104	买盘
13:17:53	5.97	-0.01	46	27462	卖盘
13:17:47	5.98	0.02	20	11960	买盘
13:17:43	5.96	-0.01	189	112644	卖盘
13:17:38	5.97	--	22	13134	卖盘
13:17:28	5.97	-0.01	810	483570	卖盘
13:17:23	5.98	--	141	84318	买盘
13:17:17	5.98	0.01	6	3588	买盘
13:17:13	5.97	--	30	17910	卖盘
13:17:08	5.97	-0.01	50	29850	卖盘
13:16:58	5.98	--	27	16146	买盘
13:16:53	5.98	0.01	709	423982	买盘
13:16:47	5.97	--	19	11343	卖盘
13:16:43	5.97	--	189	112833	卖盘
13:16:38	5.97	--	22	13134	卖盘
13:16:32	5.97	-0.01	30	17910	卖盘
13:16:28	5.98	0.01	20	11960	买盘
13:16:23	5.97	--	20	11940	卖盘
13:16:17	5.97	--	13	7761	卖盘
13:16:08	5.97	--	51	30447	买盘
13:16:02	5.97	0.01	410	244770	买盘
13:15:58	5.96	-0.01	30	17880	卖盘
13:15:53	5.97	--	26	15522	买盘
13:15:47	5.97	0.01	230	137310	买盘
13:15:43	5.96	--	189	112644	卖盘
13:15:32	5.96	-0.01	6	3576	卖盘
13:15:27	5.97	--	40	23880	买盘
13:15:22	5.97	--	52	31044	买盘
13:15:12	5.97	--	60	35820	买盘
13:15:07	5.97	--	190	113430	卖盘
13:15:02	5.97	-0.01	510	304470	卖盘
13:14:57	5.98	0.01	2	1196	买盘
13:14:42	5.97	-0.01	223	133131	卖盘
13:14:37	5.98	0.01	125	74750	买盘
13:14:32	5.97	--	68	40596	卖盘
13:14:27	5.97	--	196	117012	卖盘
13:14:12	5.97	--	534	318798	卖盘
13:14:07	5.97	-0.01	65	38805	卖盘
13:14:02	5.98	0.01	58	34684	买盘
13:13:57	5.97	-0.01	5	2985	卖盘
13:13:52	5.98	--	50	29900	买盘
13:13:47	5.98	0.01	4	2392	买盘
13:13:42	5.97	--	199	118803	卖盘
13:13:32	5.97	-0.01	500	298500	卖盘
13:13:27	5.98	0.01	5	2990	买盘
13:13:22	5.97	-0.01	10	5970	卖盘
13:13:17	5.98	0.01	5	2990	买盘
13:13:12	5.97	--	13	7761	卖盘
13:13:02	5.97	--	20	11940	卖盘
13:12:57	5.97	--	29	17313	卖盘
13:12:52	5.97	--	707	422079	买盘
13:12:47	5.97	0.01	215	128355	买盘
13:12:42	5.96	--	419	249724	卖盘
13:12:32	5.96	-0.01	109	64964	卖盘
13:12:27	5.97	--	70	41790	买盘
13:12:17	5.97	0.01	14	8358	买盘
13:12:07	5.96	-0.01	94	56024	卖盘
13:12:02	5.97	--	25	14925	买盘
13:11:57	5.97	--	75	44775	买盘
13:11:52	5.97	--	31	18507	买盘
13:11:47	5.97	0.01	22	13134	买盘
13:11:41	5.96	-0.01	1260	750960	卖盘
13:11:32	5.97	--	190	113430	卖盘
13:11:26	5.97	--	360	214920	卖盘
13:11:22	5.97	--	11	6567	卖盘
13:11:17	5.97	-0.01	25	14925	卖盘
13:11:11	5.98	--	37	22126	买盘
13:11:07	5.98	--	36	21528	买盘
13:10:56	5.98	--	135	80730	卖盘
13:10:41	5.98	-0.01	189	113022	卖盘
13:10:37	5.99	0.01	3	1797	买盘
13:10:32	5.98	-0.01	187	111826	卖盘
13:10:26	5.99	--	395	236605	买盘
13:10:17	5.99	0.01	321	192279	买盘
13:10:11	5.98	-0.01	193	115414	卖盘
13:10:07	5.99	0.01	30	17970	买盘
13:10:02	5.98	-0.01	33	19734	卖盘
13:09:56	5.99	--	47	28153	买盘
13:09:47	5.99	--	792	474408	卖盘
13:09:41	5.99	--	194	116206	卖盘
13:09:37	5.99	--	5	2995	卖盘
13:09:32	5.99	--	6	3594	卖盘
13:09:26	5.99	--	5	2995	卖盘
13:09:17	5.99	-0.01	64	38336	卖盘
13:09:11	6.0	0.01	310	186000	买盘
13:09:07	5.99	-0.01	122	73078	买盘
13:09:02	6.0	--	50	30000	买盘
13:08:56	6.0	0.01	147	88200	买盘
13:08:47	5.99	0.01	10	5990	中性盘
13:08:41	5.98	-0.01	188	112424	卖盘
13:08:36	5.99	-0.01	20	11980	卖盘
13:08:26	6.0	0.01	69	41400	买盘
13:08:21	5.99	--	79	47321	卖盘
13:08:16	5.99	--	14	8386	卖盘
13:08:11	5.99	--	168	100632	卖盘
13:08:06	5.99	--	55	32945	卖盘
13:08:01	5.99	--	9	5391	卖盘
13:07:56	5.99	--	152	91048	买盘
13:07:51	5.99	--	16	9584	买盘
13:07:46	5.99	--	131	78469	买盘
13:07:41	5.99	--	248	148552	买盘
13:07:36	5.99	--	542	324658	卖盘
13:07:31	5.99	--	2	1198	卖盘
13:07:26	5.99	--	23	13777	卖盘
13:07:21	5.99	--	451	270149	买盘
13:07:16	5.99	--	178	106622	买盘
13:07:11	5.99	--	65	38935	买盘
13:07:06	5.99	-0.01	132	79068	卖盘
13:07:01	6.0	0.01	25	15000	买盘
13:06:56	5.99	--	75	44925	买盘
13:06:51	5.99	-0.01	3	1797	买盘
13:06:46	6.0	--	16	9600	买盘
13:06:41	6.0	0.02	236	141600	买盘
13:06:26	5.98	0.01	1105	660790	买盘
13:06:21	5.97	-0.01	3	1791	卖盘
13:06:16	5.98	--	40	23920	买盘
13:06:11	5.98	-0.01	111	66378	卖盘
13:06:06	5.99	--	172	103028	买盘
13:06:01	5.99	0.01	130	77870	买盘
13:05:56	5.98	--	40	23920	买盘
13:05:51	5.98	0.01	23	13754	买盘
13:05:41	5.97	-0.01	197	117609	卖盘
13:05:31	5.98	0.01	4	2392	卖盘
13:05:26	5.97	--	3	1791	卖盘
13:05:21	5.97	-0.02	10	5970	卖盘
13:05:15	5.99	0.01	32	19168	买盘
13:05:05	5.98	0.01	281	168038	买盘
13:05:01	5.97	-0.01	250	149250	卖盘
13:04:50	5.98	0.01	19	11362	卖盘
13:04:41	5.97	-0.01	247	147459	卖盘
13:04:35	5.98	0.01	30	17940	买盘
13:04:31	5.97	-0.01	55	32835	卖盘
13:04:26	5.98	--	38	22724	买盘
13:04:20	5.98	--	52	31096	卖盘
13:04:11	5.98	--	140	83720	卖盘
13:04:05	5.98	-0.01	90	53820	买盘
13:04:01	5.99	0.01	2000	1198000	买盘
13:03:56	5.98	--	3	1794	买盘
13:03:50	5.98	--	67	40066	卖盘
13:03:46	5.98	-0.01	57	34086	卖盘
13:03:41	5.99	--	266	159334	买盘
13:03:35	5.99	0.01	282	168918	买盘
13:03:31	5.98	-0.01	3	1794	卖盘
13:03:26	5.99	--	49	29351	买盘
13:03:20	5.99	0.01	70	41930	买盘
13:03:16	5.98	--	50	29900	卖盘
13:03:11	5.98	-0.01	113	67574	卖盘
13:03:05	5.99	0.01	504	301896	买盘
13:02:55	5.98	-0.01	25	14950	卖盘
13:02:50	5.99	0.01	45	26955	买盘
13:02:41	5.98	--	416	248768	买盘
13:02:35	5.98	--	205	122590	买盘
13:02:31	5.98	--	12	7176	买盘
13:02:26	5.98	--	690	412620	卖盘
13:02:20	5.98	-0.01	300	179400	卖盘
13:02:15	5.99	0.01	10	5990	买盘
13:02:11	5.98	--	156	93288	卖盘
13:02:00	5.98	--	87	52026	卖盘
13:01:55	5.98	-0.01	68	40664	卖盘
13:01:50	5.99	0.01	154	92246	买盘
13:01:45	5.98	--	209	124982	卖盘
13:01:35	5.98	--	150	89700	卖盘
13:01:30	5.98	--	342	204516	买盘
13:01:25	5.98	--	321	191958	买盘
13:01:20	5.98	--	84	50232	买盘
13:01:15	5.98	--	18	10764	买盘
13:01:10	5.98	0.01	1005	600990	买盘
13:01:00	5.97	-0.01	525	313425	卖盘
13:00:55	5.98	--	124	74152	买盘
13:00:50	5.98	--	25	14950	买盘
13:00:45	5.98	--	18	10764	买盘
13:00:40	5.98	0.01	57	34086	买盘
13:00:35	5.97	-0.01	161	96117	中性盘
13:00:30	5.98	0.01	794	474812	买盘
13:00:20	5.97	0.01	293	174921	买盘
13:00:10	5.96	-0.01	324	193104	卖盘
13:00:05	5.97	0.03	3467	2069799	买盘
11:30:00	5.94	--	0	0	卖盘
11:30:00	5.94	--	0	0	卖盘
11:30:00	5.94	-0.01	45	26730	卖盘
11:29:57	5.95	--	74	44030	买盘
11:29:52	5.95	--	100	59500	买盘
11:29:47	5.95	--	52	30940	买盘
11:29:42	5.95	--	384	228480	买盘
11:29:37	5.95	--	31	18445	买盘
11:29:32	5.95	--	321	190995	买盘
11:29:26	5.95	0.01	22	13090	买盘
11:29:16	5.94	-0.01	5	2970	卖盘
11:29:12	5.95	--	407	242165	买盘
11:29:07	5.95	0.01	40	23800	买盘
11:29:01	5.94	-0.01	39	23166	卖盘
11:28:57	5.95	0.02	12	7140	买盘
11:28:41	5.93	-0.01	438	260030	卖盘
11:28:36	5.94	--	56	33264	买盘
11:28:31	5.94	--	166	98604	买盘
11:28:26	5.94	--	501	297594	买盘
11:28:21	5.94	--	5	2970	买盘
11:28:16	5.94	--	443	263142	买盘
11:28:11	5.94	--	195	115830	买盘
11:28:06	5.94	--	88	52272	买盘
11:28:01	5.94	--	22	13068	买盘
11:27:56	5.94	--	616	365904	买盘
11:27:51	5.94	--	200	118800	买盘
11:27:46	5.94	0.01	11	6534	买盘
11:27:41	5.93	--	189	112077	卖盘
11:27:36	5.93	-0.01	65	38545	卖盘
11:27:31	5.94	0.01	70	41580	买盘
11:27:26	5.93	-0.01	201	119193	卖盘
11:27:16	5.94	--	18	10692	买盘
11:27:11	5.94	--	312	185328	买盘
11:27:06	5.94	--	60	35640	买盘
11:27:01	5.94	--	90	53460	买盘
11:26:56	5.94	0.01	114	67716	买盘
11:26:51	5.93	--	10	5930	卖盘
11:26:40	5.93	--	190	112670	卖盘
11:26:36	5.93	--	20	11860	卖盘
11:26:31	5.93	--	28	16604	卖盘
11:26:26	5.93	--	5	2965	卖盘
11:26:16	5.93	--	40	23720	买盘
11:26:11	5.93	--	2	1186	买盘
11:26:01	5.93	--	240	142320	买盘
11:25:51	5.93	0.01	23	13639	中性盘
11:25:41	5.92	--	189	111888	卖盘
11:25:36	5.92	--	85	50320	卖盘
11:25:26	5.92	-0.01	987	584481	卖盘
11:25:21	5.93	--	105	62265	买盘
11:25:16	5.93	--	250	148250	买盘
11:25:11	5.93	--	71	42103	买盘
11:25:06	5.93	--	26	15418	买盘
11:25:01	5.93	--	27	16011	买盘
11:24:56	5.93	--	175	103775	买盘
11:24:51	5.93	-0.01	238	141134	中性盘
11:24:46	5.94	--	41	24354	买盘
11:24:41	5.94	--	193	114642	买盘
11:24:26	5.94	0.01	50	29700	买盘
11:24:11	5.93	-0.01	46	27278	卖盘
11:24:01	5.94	0.02	11	6534	买盘
11:23:55	5.92	--	0	0	卖盘
11:23:51	5.92	--	287	169904	卖盘
11:23:41	5.92	-0.02	247	146224	卖盘
11:23:31	5.94	0.02	80	47520	买盘
11:23:21	5.92	-0.01	43	25456	卖盘
11:23:16	5.93	--	0	0	买盘
11:23:11	5.93	0.01	4	2372	买盘
11:23:05	5.92	-0.01	310	183520	卖盘
11:23:01	5.93	-0.01	150	88950	卖盘
11:22:56	5.94	--	810	481140	买盘
11:22:46	5.94	0.02	218	129492	买盘
11:22:40	5.92	-0.01	220	130240	卖盘
11:22:20	5.93	--	26	15418	卖盘
11:22:06	5.93	0.01	116	68788	买盘
11:21:55	5.92	-0.01	90	53280	卖盘
11:21:50	5.93	0.01	30	17790	买盘
11:21:40	5.92	-0.01	228	134976	卖盘
11:21:35	5.93	--	75	44475	买盘
11:21:30	5.93	--	30	17790	买盘
11:21:25	5.93	0.01	181	107333	买盘
11:21:20	5.92	--	458	271136	卖盘
11:21:15	5.92	-0.01	120	71040	卖盘
11:21:10	5.93	--	935	554455	买盘
11:21:05	5.93	--	669	396717	买盘
11:21:00	5.93	--	641	380113	买盘
11:20:55	5.93	--	167	99031	买盘
11:20:50	5.93	--	343	203399	买盘
11:20:45	5.93	0.01	100	59300	买盘
11:20:40	5.92	-0.01	189	111888	卖盘
11:20:35	5.93	--	250	148250	买盘
11:20:30	5.93	0.01	13	7709	买盘
11:20:20	5.92	--	5	2960	卖盘
11:20:05	5.92	--	59	34928	卖盘
11:20:00	5.92	--	30	17760	卖盘
11:19:55	5.92	--	10	5920	卖盘
11:19:40	5.92	-0.01	194	114848	卖盘
11:19:35	5.93	--	40	23720	买盘
11:19:30	5.93	--	19	11267	买盘
11:19:25	5.93	--	190	112670	买盘
11:19:20	5.93	0.01	650	385450	买盘
11:19:10	5.92	-0.01	185	109520	卖盘
11:18:55	5.93	--	2	1186	买盘
11:18:50	5.93	0.01	2	1186	买盘
11:18:44	5.92	--	102	60384	卖盘
11:18:40	5.92	-0.01	219	129648	卖盘
11:18:35	5.93	0.01	150	88950	买盘
11:18:29	5.92	-0.01	1	592	卖盘
11:18:25	5.93	0.01	992	588256	买盘
11:18:20	5.92	--	146	86432	卖盘
11:18:14	5.92	--	20	11840	卖盘
11:18:10	5.92	-0.01	2	1184	卖盘
11:18:05	5.93	--	179	106147	买盘
11:17:49	5.93	--	27	16011	买盘
11:17:44	5.93	--	241	142913	买盘
11:17:40	5.93	--	0	0	买盘
11:17:35	5.93	0.01	550	326150	买盘
11:17:30	5.92	-0.01	330	195360	卖盘
11:17:25	5.93	0.01	1000	593000	买盘
11:17:20	5.92	--	147	87024	卖盘
11:17:15	5.92	-0.01	10	5920	卖盘
11:17:05	5.93	0.01	30	17790	买盘
11:16:44	5.92	-0.01	189	111888	卖盘
11:16:34	5.93	0.01	66	39138	买盘
11:16:29	5.92	--	147	87024	卖盘
11:16:14	5.92	-0.01	31	18352	卖盘
11:16:10	5.93	0.01	111	65823	买盘
11:15:45	5.92	--	189	111888	卖盘
11:15:24	5.92	-0.01	1	592	卖盘
11:15:19	5.93	0.01	1	593	买盘
11:15:13	5.92	-0.01	201	118992	卖盘
11:15:09	5.93	--	2	1186	买盘
11:15:04	5.93	0.01	43	25499	买盘
11:14:54	5.92	-0.01	3	1776	卖盘
11:14:49	5.93	0.01	119	70567	买盘
11:14:44	5.92	-0.01	269	159248	卖盘
11:14:34	5.93	0.01	52	30836	买盘
11:14:19	5.92	--	84	49728	卖盘
11:14:09	5.92	--	136	80512	买盘
11:13:59	5.92	--	158	93536	买盘
11:13:49	5.92	0.01	83	49136	买盘
11:13:44	5.91	-0.01	244	144204	卖盘
11:13:34	5.92	--	100	59200	买盘
11:13:29	5.92	--	367	217264	买盘
11:13:19	5.92	--	506	299552	买盘
11:13:08	5.92	0.01	973	576016	买盘
11:13:04	5.91	-0.01	1000	591000	卖盘
11:12:58	5.92	0.01	63	37296	买盘
11:12:54	5.91	-0.01	125	73875	卖盘
11:12:49	5.92	--	56	33152	买盘
11:12:44	5.92	0.01	205	121360	买盘
11:12:24	5.91	-0.01	300	177300	卖盘
11:12:19	5.92	0.01	3	1776	买盘
11:12:09	5.91	--	384	226944	卖盘
11:11:59	5.91	--	237	140067	卖盘
11:11:49	5.91	--	19	11229	卖盘
11:11:44	5.91	-0.01	264	156024	卖盘
11:11:29	5.92	--	205	121360	卖盘
11:11:23	5.92	--	50	29600	卖盘
11:11:18	5.92	--	200	118400	卖盘
11:11:14	5.92	--	5	2960	卖盘
11:11:08	5.92	--	200	118400	卖盘
11:10:58	5.92	-0.01	566	335072	卖盘
11:10:53	5.93	0.01	68	40324	买盘
11:10:49	5.92	--	10	5920	卖盘
11:10:43	5.92	-0.01	189	111888	卖盘
11:10:09	5.93	0.01	5	2965	买盘
11:10:04	5.92	--	11	6512	卖盘
11:09:58	5.92	-0.01	112	66304	卖盘
11:09:53	5.93	0.01	17	10081	买盘
11:09:43	5.92	-0.01	188	111296	卖盘
11:09:39	5.93	--	22	13046	买盘
11:09:34	5.93	--	84	49812	买盘
11:09:28	5.93	--	362	214666	卖盘
11:09:24	5.93	--	230	136390	卖盘
11:09:18	5.93	--	300	177900	卖盘
11:09:13	5.93	--	53	31429	卖盘
11:09:03	5.93	--	238	141134	卖盘
11:08:58	5.93	-0.01	239	141727	卖盘
11:08:53	5.94	0.01	130	77220	买盘
11:08:43	5.93	-0.01	289	171377	卖盘
11:08:37	5.94	--	20	11880	买盘
11:08:33	5.94	--	4	2376	买盘
11:08:28	5.94	--	198	117612	买盘
11:08:23	5.94	--	18	10692	买盘
11:08:13	5.94	0.01	50	29700	买盘
11:08:08	5.93	--	49	29057	卖盘
11:07:53	5.93	--	20	11860	卖盘
11:07:43	5.93	-0.01	301	178493	卖盘
11:07:38	5.94	0.01	23	13662	买盘
11:07:23	5.93	--	3	1779	卖盘
11:07:18	5.93	--	193	114449	卖盘
11:07:13	5.93	--	22	13046	卖盘
11:07:03	5.93	--	103	61079	卖盘
11:06:58	5.93	-0.01	24	14232	卖盘
11:06:52	5.94	--	39	23166	买盘
11:06:43	5.94	--	284	168696	买盘
11:06:37	5.94	0.01	39	23166	买盘
11:06:32	5.93	-0.01	1	593	卖盘
11:06:28	5.94	0.01	122	72468	买盘
11:06:22	5.93	-0.01	200	118600	卖盘
11:06:17	5.94	0.01	500	297000	买盘
11:06:12	5.93	-0.01	5	2965	卖盘
11:06:08	5.94	--	5	2970	买盘
11:06:03	5.94	0.01	463	275022	买盘
11:05:53	5.93	--	53	31429	卖盘
11:05:47	5.93	-0.01	133	78869	卖盘
11:05:42	5.94	0.01	191	113454	买盘
11:05:38	5.93	-0.01	50	29650	卖盘
11:05:32	5.94	--	20	11880	买盘
11:05:27	5.94	--	29	17226	买盘
11:05:23	5.94	--	112	66528	买盘
11:05:17	5.94	0.01	10	5940	买盘
11:05:08	5.93	--	20	11860	卖盘
11:05:02	5.93	--	25	14825	卖盘
11:04:57	5.93	--	5	2965	卖盘
11:04:52	5.93	--	200	118600	卖盘
11:04:43	5.93	--	198	117414	卖盘
11:04:38	5.93	-0.01	27	16011	卖盘
11:04:23	5.94	--	0	0	买盘
11:04:17	5.94	--	4	2376	买盘
11:04:12	5.94	0.01	859	510246	买盘
11:04:07	5.93	--	36	21348	买盘
11:04:02	5.93	-0.01	178	105554	卖盘
11:03:53	5.94	--	27	16038	买盘
11:03:48	5.94	--	0	0	买盘
11:03:43	5.94	--	360	213840	买盘
11:03:37	5.94	0.02	6	3564	买盘
11:03:32	5.92	-0.02	363	214896	卖盘
11:03:28	5.94	--	100	59400	买盘
11:03:22	5.94	--	45	26730	买盘
11:03:17	5.94	--	48	28512	买盘
11:03:12	5.94	0.01	23	13662	买盘
11:03:02	5.93	--	50	29650	卖盘
11:02:57	5.93	0.01	8	4744	买盘
11:02:52	5.92	-0.01	209	123728	卖盘
11:02:47	5.93	0.01	108	64044	中性盘
11:02:42	5.92	-0.02	189	111888	卖盘
11:02:37	5.94	0.01	53	31482	买盘
11:02:31	5.93	--	147	87171	卖盘
11:02:27	5.93	-0.01	7	4151	卖盘
11:02:22	5.94	--	186	110484	买盘
11:02:07	5.94	--	6	3564	买盘
11:02:01	5.94	--	6	3564	买盘
11:01:52	5.94	0.02	41	24354	买盘
11:01:42	5.92	-0.01	189	111888	卖盘
11:01:37	5.93	-0.01	110	65230	卖盘
11:01:32	5.94	0.01	223	132462	买盘
11:01:27	5.93	--	45	26685	卖盘
11:01:22	5.93	--	80	47440	卖盘
11:01:16	5.93	-0.01	472	279896	卖盘
11:01:12	5.94	0.01	232	137808	买盘
11:01:07	5.93	-0.01	40	23720	卖盘
11:01:02	5.94	0.01	708	420552	买盘
11:00:42	5.93	-0.01	267	158331	卖盘
11:00:37	5.94	--	20	11880	买盘
11:00:32	5.94	--	7	4158	买盘
11:00:26	5.94	0.01	4	2376	买盘
11:00:22	5.93	--	7	4151	卖盘
11:00:16	5.93	--	5	2965	卖盘
11:00:07	5.93	--	66	39138	卖盘
10:59:52	5.93	--	494	292942	卖盘
10:59:41	5.93	--	188	111484	卖盘
10:59:37	5.93	--	465	275745	买盘
10:59:32	5.93	0.01	187	110891	买盘
10:59:26	5.92	-0.01	235	139120	卖盘
10:59:21	5.93	--	52	30836	买盘
10:59:11	5.93	--	84	49812	买盘
10:59:07	5.93	--	100	59300	买盘
10:59:02	5.93	--	30	17790	买盘
10:58:56	5.93	--	308	182644	买盘
10:58:46	5.93	--	1	593	买盘
10:58:41	5.93	--	199	118007	买盘
10:58:36	5.93	--	200	118600	买盘
10:58:32	5.93	--	3	1779	买盘
10:58:26	5.93	--	165	97845	买盘
10:58:11	5.93	--	7	4151	买盘
10:58:02	5.93	0.01	59	34987	买盘
10:57:47	5.92	--	12	7104	卖盘
10:57:41	5.92	--	189	111888	卖盘
10:57:36	5.92	--	4	2368	卖盘
10:57:26	5.92	--	300	177600	卖盘
10:57:06	5.92	-0.01	41	24272	卖盘
10:57:01	5.93	--	30	17790	买盘
10:56:56	5.93	--	20	11860	买盘
10:56:51	5.93	--	0	0	买盘
10:56:41	5.93	0.01	229	135797	买盘
10:56:36	5.92	-0.01	15	8880	卖盘
10:56:26	5.93	--	0	0	买盘
10:56:11	5.93	0.01	2000	1186000	买盘
10:56:06	5.92	--	6	3552	买盘
10:56:01	5.92	--	41	24272	买盘
10:55:56	5.92	--	61	36112	买盘
10:55:46	5.92	0.01	16	9472	买盘
10:55:40	5.91	-0.01	189	111699	卖盘
10:55:31	5.92	0.01	55	32560	买盘
10:55:25	5.91	-0.01	48	28368	卖盘
10:55:21	5.92	0.01	54	31968	买盘
10:55:06	5.91	--	20	11820	卖盘
10:55:01	5.91	-0.01	0	177	卖盘
10:54:51	5.92	--	180	106560	买盘
10:54:46	5.92	0.01	21	12432	买盘
10:54:41	5.91	--	218	128838	卖盘
10:54:36	5.91	-0.01	10	5910	卖盘
10:54:31	5.92	--	70	41440	买盘
10:54:25	5.92	--	10	5920	买盘
10:54:21	5.92	--	22	13024	买盘
10:54:16	5.92	--	160	94720	买盘
10:54:11	5.92	--	10	5920	买盘
10:54:05	5.92	-0.01	18	10656	买盘
10:54:01	5.93	--	0	0	买盘
10:53:50	5.93	0.02	20	11860	买盘
10:53:46	5.91	-0.02	216	127656	卖盘
10:53:41	5.93	--	1019	604267	买盘
10:53:35	5.93	--	3	1779	买盘
10:53:31	5.93	--	1	593	买盘
10:53:26	5.93	--	10	5930	买盘
10:53:20	5.93	--	168	99624	买盘
10:53:15	5.93	0.01	6	3558	买盘
10:53:11	5.92	-0.01	19	11248	卖盘
10:53:05	5.93	0.01	8	4744	买盘
10:52:50	5.92	--	255	150960	卖盘
10:52:41	5.92	-0.01	229	135568	卖盘
10:52:35	5.93	0.01	569	337417	买盘
10:52:30	5.92	-0.01	162	95904	卖盘
10:52:25	5.93	0.01	107	63451	买盘
10:52:10	5.92	-0.01	1	592	卖盘
10:52:05	5.93	0.01	28	16604	买盘
10:52:00	5.92	-0.01	57	33744	卖盘
10:51:55	5.93	0.01	393	233049	买盘
10:51:50	5.92	0.01	2	1184	买盘
10:51:41	5.91	-0.02	207	122337	卖盘
10:51:25	5.93	0.02	134	79462	买盘
10:51:20	5.91	-0.01	216	127656	卖盘
10:51:11	5.92	-0.01	18	10656	卖盘
10:51:05	5.93	0.01	16	9488	买盘
10:51:00	5.92	-0.01	9	5328	卖盘
10:50:50	5.93	--	152	90136	买盘
10:50:45	5.93	0.01	11	6523	买盘
10:50:40	5.92	-0.01	199	117808	卖盘
10:50:30	5.93	--	7	4151	买盘
10:50:25	5.93	--	16	9488	买盘
10:50:20	5.93	0.01	100	59300	买盘
10:50:10	5.92	--	314	185888	买盘
10:50:05	5.92	--	371	219632	买盘
10:49:55	5.92	--	7	4144	买盘
10:49:49	5.92	0.02	11	6512	买盘
10:49:40	5.9	-0.01	190	112100	卖盘
10:49:34	5.91	-0.01	50	29550	卖盘
10:49:25	5.92	--	38	22496	买盘
10:49:19	5.92	--	6	3552	买盘
10:49:15	5.92	--	200	118400	买盘
10:49:10	5.92	--	3	1776	买盘
10:49:05	5.92	--	57	33744	买盘
10:49:00	5.92	0.01	588	348096	买盘
10:48:55	5.91	-0.01	16	9456	买盘
10:48:50	5.92	0.02	2	1184	买盘
10:48:40	5.9	--	1287	759330	卖盘
10:48:34	5.9	--	202	119180	卖盘
10:48:25	5.9	--	21	12390	卖盘
10:48:19	5.9	-0.01	285	168150	卖盘
10:48:15	5.91	--	16	9456	买盘
10:48:10	5.91	0.01	2	1182	买盘
10:48:04	5.9	-0.01	135	79650	卖盘
10:48:00	5.91	-0.01	1	591	买盘
10:47:50	5.92	0.02	10	5920	买盘
10:47:40	5.9	-0.01	190	112100	卖盘
10:47:25	5.91	-0.01	20	11820	卖盘
10:47:20	5.92	--	22	13024	买盘
10:47:14	5.92	--	3	1776	买盘
10:47:10	5.92	-0.01	336	198912	卖盘
10:47:05	5.93	0.01	113	67009	买盘
10:46:59	5.92	--	80	47360	卖盘
10:46:54	5.92	--	50	29600	卖盘
10:46:49	5.92	--	56	33152	卖盘
10:46:44	5.92	--	189	111888	卖盘
10:46:34	5.92	--	10	5920	卖盘
10:46:29	5.92	-0.01	167	98864	卖盘
10:46:24	5.93	0.01	8	4744	买盘
10:46:20	5.92	--	7	4144	卖盘
10:46:14	5.92	--	11	6512	卖盘
10:46:09	5.92	-0.01	24	14208	卖盘
10:46:05	5.93	0.01	18	10674	买盘
10:45:59	5.92	--	161	95312	卖盘
10:45:54	5.92	--	136	80512	买盘
10:45:49	5.92	--	3	1776	买盘
10:45:44	5.92	0.01	190	112480	买盘
10:45:35	5.91	-0.01	33	19503	卖盘
10:45:29	5.92	0.01	46	27232	买盘
10:45:24	5.91	-0.01	40	23640	卖盘
10:45:20	5.92	--	59	34928	买盘
10:45:14	5.92	--	100	59200	买盘
10:45:05	5.92	0.01	17	10064	买盘
10:44:59	5.91	--	163	96333	卖盘
10:44:50	5.91	-0.01	95	56145	卖盘
10:44:44	5.92	0.01	218	129056	买盘
10:44:29	5.91	--	65	38415	卖盘
10:44:14	5.91	-0.01	15	8865	卖盘
10:44:04	5.92	0.01	34	20128	买盘
10:43:59	5.91	--	100	59100	卖盘
10:43:49	5.91	-0.01	157	92787	卖盘
10:43:44	5.92	0.01	190	112480	买盘
10:43:34	5.91	--	295	174345	卖盘
10:43:28	5.91	-0.01	35	20685	卖盘
10:43:19	5.92	--	54	31968	卖盘
10:43:14	5.92	--	295	174640	卖盘
10:43:09	5.92	-0.01	20	11840	卖盘
10:43:04	5.93	0.01	231	136983	买盘
10:42:58	5.92	--	5	2960	卖盘
10:42:54	5.92	-0.01	10	5920	卖盘
10:42:49	5.93	--	35	20755	买盘
10:42:44	5.93	--	193	114449	买盘
10:42:39	5.93	--	54	32022	买盘
10:42:19	5.93	--	68	40324	卖盘
10:42:13	5.93	0.01	76	45068	买盘
10:42:09	5.92	--	50	29600	卖盘
10:42:04	5.92	--	1060	627520	卖盘
10:41:58	5.92	--	22	13024	卖盘
10:41:54	5.92	-0.01	100	59200	卖盘
10:41:49	5.93	0.01	101	59893	买盘
10:41:43	5.92	--	248	146816	买盘
10:41:34	5.92	-0.01	19	11248	卖盘
10:41:28	5.93	0.01	32	18976	买盘
10:41:23	5.92	--	25	14800	卖盘
10:41:19	5.92	--	1213	718096	卖盘
10:41:13	5.92	--	178	105376	卖盘
10:41:04	5.92	--	826	488992	买盘
10:40:59	5.92	--	3	1776	买盘
10:40:53	5.92	0.01	88	52096	买盘
10:40:49	5.91	-0.01	50	29550	卖盘
10:40:43	5.92	0.01	299	177008	买盘
10:40:34	5.91	-0.01	129	76239	卖盘
10:40:29	5.92	--	13	7696	买盘
10:40:23	5.92	--	87	51504	买盘
10:40:18	5.92	--	1	592	买盘
10:40:13	5.92	--	13	7696	买盘
10:40:08	5.92	--	50	29600	买盘
10:40:03	5.92	0.01	64	37888	买盘
10:39:58	5.91	-0.01	7	4137	卖盘
10:39:53	5.92	--	26	15392	买盘
10:39:44	5.92	--	766	453472	卖盘
10:39:38	5.92	-0.01	39	23088	卖盘
10:39:33	5.93	0.01	1087	644591	买盘
10:39:28	5.92	--	178	105376	卖盘
10:39:13	5.92	-0.01	43	25456	卖盘
10:39:08	5.93	--	2	1186	买盘
10:38:43	5.93	0.01	293	173749	买盘
10:38:33	5.92	--	7	4144	买盘
10:38:29	5.92	--	360	213120	买盘
10:38:18	5.92	0.01	171	101232	买盘
10:38:13	5.91	--	33	19503	卖盘
10:38:08	5.91	--	349	206329	买盘
10:38:03	5.91	--	50	29550	买盘
10:37:58	5.91	--	110	65010	买盘
10:37:53	5.91	--	98	57918	买盘
10:37:48	5.91	0.01	43	25413	买盘
10:37:43	5.9	-0.01	189	111510	卖盘
10:37:38	5.91	--	3	1773	买盘
10:37:33	5.91	--	203	119973	买盘
10:37:28	5.91	--	16	9456	买盘
10:37:23	5.91	--	56	33096	买盘
10:37:13	5.91	0.02	8	4728	买盘
10:37:08	5.89	--	0	0	卖盘
10:36:58	5.89	-0.01	665	391685	卖盘
10:36:53	5.9	0.01	196	115640	买盘
10:36:48	5.89	-0.01	240	141360	卖盘
10:36:43	5.9	--	237	139830	买盘
10:36:37	5.9	--	10	5900	买盘
10:36:33	5.9	--	110	64900	买盘
10:36:28	5.9	--	237	139830	买盘
10:36:22	5.9	--	10	5900	买盘
10:36:18	5.9	--	30	17700	买盘
10:36:13	5.9	--	177	104430	卖盘
10:35:52	5.9	--	575	339250	买盘
10:35:48	5.9	--	260	153400	卖盘
10:35:43	5.9	--	213	125670	卖盘
10:35:37	5.9	--	1	590	卖盘
10:35:28	5.9	0.01	318	187620	买盘
10:35:23	5.89	-0.01	10	5890	卖盘
10:35:13	5.9	--	9	5310	买盘
10:35:07	5.9	--	5	2950	买盘
10:34:58	5.9	--	60	35400	买盘
10:34:47	5.9	0.01	108	63720	买盘
10:34:43	5.89	--	188	110732	卖盘
10:34:37	5.89	-0.01	126	74214	卖盘
10:34:28	5.9	--	84	49560	买盘
10:34:22	5.9	--	80	47200	买盘
10:34:17	5.9	0.01	5	2950	买盘
10:34:13	5.89	-0.01	9	5301	卖盘
10:34:07	5.9	--	2	1180	买盘
10:34:02	5.9	--	33	19470	买盘
10:33:52	5.9	--	20	11800	买盘
10:33:47	5.9	0.01	194	114460	买盘
10:33:42	5.89	-0.02	192	113088	卖盘
10:33:37	5.91	0.01	42	24822	买盘
10:33:32	5.9	-0.01	806	475540	卖盘
10:33:27	5.91	--	9	5319	买盘
10:33:17	5.91	--	115	67965	买盘
10:33:12	5.91	--	8	4728	买盘
10:33:07	5.91	--	306	180846	卖盘
10:32:47	5.91	--	1	591	卖盘
10:32:42	5.91	--	500	295500	买盘
10:32:32	5.91	--	199	117609	卖盘
10:32:27	5.91	--	24	14184	卖盘
10:32:22	5.91	--	3	1773	卖盘
10:32:17	5.91	--	1668	985788	买盘
10:32:12	5.91	0.01	8	4728	买盘
10:32:07	5.9	--	519	306210	卖盘
10:32:02	5.9	--	10	5900	卖盘
10:31:52	5.9	--	21	12390	卖盘
10:31:47	5.9	0.01	316	186440	买盘
10:31:42	5.89	-0.01	189	111321	卖盘
10:31:37	5.9	--	309	182310	卖盘
10:31:32	5.9	0.01	6	3540	卖盘
10:31:22	5.89	-0.01	129	75981	卖盘
10:31:17	5.9	--	174	103014	买盘
10:31:12	5.9	--	9	5310	买盘
10:31:07	5.9	0.01	711	419490	买盘
10:31:02	5.89	-0.01	69	40641	卖盘
10:30:57	5.9	--	383	225970	买盘
10:30:52	5.9	0.01	190	112100	买盘
10:30:42	5.89	-0.01	191	112499	卖盘
10:30:37	5.9	--	3	1770	买盘
10:30:27	5.9	--	36	21240	买盘
10:30:16	5.9	--	59	34810	买盘
10:30:12	5.9	--	8	4720	买盘
10:30:07	5.9	0.01	46	27140	买盘
10:30:01	5.89	-0.01	30	17670	卖盘
10:29:46	5.9	0.01	30	17700	买盘
10:29:42	5.89	--	188	110732	卖盘
10:29:37	5.89	-0.01	220	129580	卖盘
10:29:31	5.9	--	67	39530	买盘
10:29:27	5.9	0.01	89	52510	买盘
10:29:22	5.89	-0.01	223	131347	卖盘
10:29:16	5.9	--	13	7670	买盘
10:29:12	5.9	--	19	11210	买盘
10:29:07	5.9	--	43	25370	买盘
10:29:01	5.9	-0.01	1229	725346	卖盘
10:28:52	5.91	--	10	5910	卖盘
10:28:46	5.91	0.01	17	10047	买盘
10:28:42	5.9	-0.01	189	111510	卖盘
10:28:37	5.91	--	10	5910	买盘
10:28:22	5.91	-0.01	10	5910	卖盘
10:28:16	5.92	0.01	234	138528	买盘
10:28:11	5.91	0.01	9	5319	买盘
10:28:07	5.9	--	0	0	卖盘
10:28:01	5.9	-0.01	175	103250	卖盘
10:27:56	5.91	--	30	17730	卖盘
10:27:52	5.91	--	702	414882	卖盘
10:27:46	5.91	--	16	9456	卖盘
10:27:41	5.91	-0.01	189	111699	卖盘
10:27:31	5.92	--	16	9472	买盘
10:27:26	5.92	--	4	2368	买盘
10:27:16	5.92	--	45	26640	买盘
10:27:11	5.92	--	8	4736	买盘
10:27:01	5.92	--	25	14800	买盘
10:26:46	5.92	--	145	85840	卖盘
10:26:41	5.92	--	224	132608	卖盘
10:26:36	5.92	--	17	10064	卖盘
10:26:31	5.92	--	15	8880	卖盘
10:26:26	5.92	--	113	66896	卖盘
10:26:16	5.92	-0.01	5	2960	卖盘
10:26:11	5.93	--	78	46254	买盘
10:26:01	5.93	--	48	28464	买盘
10:25:56	5.93	0.01	27	16011	买盘
10:25:41	5.92	-0.01	189	111888	卖盘
10:25:36	5.93	--	80	47440	买盘
10:25:31	5.93	0.01	473	280489	买盘
10:25:21	5.92	--	170	100640	卖盘
10:25:16	5.92	-0.01	20	11840	卖盘
10:25:11	5.93	0.01	18	10674	买盘
10:25:06	5.92	-0.01	49	29008	卖盘
10:25:01	5.93	--	23	13639	买盘
10:24:56	5.93	--	2	1186	买盘
10:24:51	5.93	--	60	35580	买盘
10:24:46	5.93	0.01	47	27871	买盘
10:24:41	5.92	--	204	120768	卖盘
10:24:36	5.92	-0.01	15	8880	卖盘
10:24:31	5.93	0.01	217	128681	买盘
10:24:26	5.92	-0.01	6	3552	卖盘
10:24:21	5.93	0.01	100	59300	买盘
10:24:16	5.92	-0.01	10	5920	卖盘
10:24:10	5.93	0.01	148	87764	买盘
10:24:01	5.92	--	336	198912	卖盘
10:23:55	5.92	--	10	5920	卖盘
10:23:46	5.92	--	370	219040	买盘
10:23:40	5.92	--	825	488400	买盘
10:23:36	5.92	--	45	26640	买盘
10:23:31	5.92	--	49	29008	买盘
10:23:25	5.92	0.01	163	96496	买盘
10:23:21	5.91	-0.01	70	41370	卖盘
10:23:16	5.92	0.01	77	45584	买盘
10:23:10	5.91	--	29	17139	卖盘
10:23:06	5.91	-0.01	6	3546	卖盘
10:23:01	5.92	--	31	18352	买盘
10:22:55	5.92	--	100	59200	买盘
10:22:51	5.92	--	23	13616	买盘
10:22:46	5.92	0.01	50	29600	买盘
10:22:40	5.91	--	220	130020	卖盘
10:22:36	5.91	--	74	44088	买盘
10:22:25	5.91	--	7	4373	卖盘
10:22:21	5.91	--	9	5673	买盘
10:22:16	5.91	--	14	8274	买盘
10:22:10	5.91	--	8	4728	买盘
10:22:01	5.91	--	22	13002	买盘
10:21:55	5.91	--	39	23049	买盘
10:21:50	5.91	-0.01	88	52244	卖盘
10:21:46	5.92	0.01	49	29008	买盘
10:21:40	5.91	-0.01	241	142431	卖盘
10:21:35	5.92	--	5	2960	买盘
10:21:31	5.92	--	300	177600	买盘
10:21:25	5.92	--	490	290080	买盘
10:21:20	5.92	--	44	26048	买盘
10:21:16	5.92	--	55	32560	买盘
10:21:10	5.92	--	79	46768	买盘
10:20:55	5.92	--	80	47360	买盘
10:20:50	5.92	--	44	26048	买盘
10:20:45	5.92	0.01	50	29600	买盘
10:20:40	5.91	-0.01	189	111699	卖盘
10:20:35	5.92	--	236	139712	卖盘
10:20:30	5.92	--	36	21312	买盘
10:20:25	5.92	-0.01	140	82880	买盘
10:20:20	5.93	0.02	20	11860	买盘
10:20:15	5.91	-0.01	50	29550	卖盘
10:20:10	5.92	-0.01	808	478336	中性盘
10:20:05	5.93	0.02	210	124530	买盘
10:19:55	5.91	-0.01	242	143022	卖盘
10:19:50	5.92	--	34	20128	买盘
10:19:40	5.92	0.01	226	133792	买盘
10:19:35	5.91	--	15	8865	卖盘
10:19:30	5.91	--	216	127656	卖盘
10:19:25	5.91	-0.01	90	53190	卖盘
10:19:20	5.92	--	170	100640	买盘
10:19:10	5.92	--	124	73408	卖盘
10:19:05	5.92	-0.01	14	8288	卖盘
10:19:00	5.93	--	15	8895	买盘
10:18:55	5.93	-0.01	59	34987	卖盘
10:18:50	5.94	--	28	16632	买盘
10:18:45	5.94	--	51	30294	买盘
10:18:40	5.94	--	1139	676566	卖盘
10:18:35	5.94	--	152	90288	卖盘
10:18:30	5.94	--	131	77814	卖盘
10:18:25	5.94	--	81	48114	卖盘
10:18:20	5.94	-0.01	88	52272	卖盘
10:18:15	5.95	--	256	152320	买盘
10:18:10	5.95	0.01	9	5355	买盘
10:18:05	5.94	-0.01	70	41580	卖盘
10:18:00	5.95	--	6	3570	买盘
10:17:55	5.95	0.01	296	176120	买盘
10:17:49	5.94	--	572	339768	买盘
10:17:40	5.94	0.01	201	119394	买盘
10:17:34	5.93	0.01	171	101403	中性盘
10:17:30	5.92	-0.01	200	118400	卖盘
10:17:25	5.93	0.01	965	572245	买盘
10:17:19	5.92	--	239	141488	卖盘
10:17:10	5.92	--	61	36112	买盘
10:17:04	5.92	0.01	17	10064	买盘
10:16:55	5.91	-0.01	65	38415	卖盘
10:16:49	5.92	--	29	17168	卖盘
10:16:45	5.92	0.01	2	1184	买盘
10:16:40	5.91	-0.01	247	145977	卖盘
10:16:34	5.92	--	309	182928	卖盘
10:16:30	5.92	--	9	5328	卖盘
10:16:25	5.92	--	116	68672	卖盘
10:16:19	5.92	0.01	295	174640	买盘
10:16:15	5.91	--	55	32505	卖盘
10:16:10	5.91	-0.01	22	13002	卖盘
10:16:04	5.92	--	32	18944	买盘
10:16:00	5.92	0.01	146	86432	买盘
10:15:55	5.91	-0.01	107	63237	卖盘
10:15:49	5.92	--	649	384208	买盘
10:15:44	5.92	0.01	20	11840	买盘
10:15:40	5.91	-0.01	248	146568	卖盘
10:15:34	5.92	--	426	252192	买盘
10:15:29	5.92	--	19	11248	买盘
10:15:25	5.92	0.01	65	38480	买盘
10:15:19	5.91	-0.01	4	2718	卖盘
10:15:14	5.92	--	30	17760	买盘
10:15:10	5.92	--	132	78144	买盘
10:15:04	5.92	--	14	8288	买盘
10:14:55	5.92	--	6	3552	买盘
10:14:49	5.92	-0.01	97	57424	卖盘
10:14:44	5.93	--	220	130460	买盘
10:14:39	5.93	0.01	1013	600709	买盘
10:14:34	5.92	-0.01	24	14208	卖盘
10:14:29	5.93	--	55	32615	买盘
10:14:24	5.93	--	256	151808	买盘
10:14:19	5.93	--	62	36766	买盘
10:14:14	5.93	--	159	94287	卖盘
10:14:09	5.93	--	333	197469	卖盘
10:14:04	5.93	--	96	56928	卖盘
10:13:59	5.93	--	294	174342	卖盘
10:13:49	5.93	--	286	169598	买盘
10:13:44	5.93	0.01	842	499306	买盘
10:13:39	5.92	-0.01	57	33744	卖盘
10:13:34	5.93	0.01	408	241944	买盘
10:13:29	5.92	-0.01	134	79328	卖盘
10:13:19	5.93	--	33	19569	买盘
10:13:14	5.93	0.01	305	180865	买盘
10:13:09	5.92	0.01	413	244496	买盘
10:13:04	5.91	--	61	36051	卖盘
10:12:59	5.91	--	151	89241	卖盘
10:12:54	5.91	-0.01	10	5910	卖盘
10:12:49	5.92	0.01	434	256928	买盘
10:12:44	5.91	--	285	168435	买盘
10:12:39	5.91	--	103	60873	买盘
10:12:34	5.91	0.01	341	201531	买盘
10:12:29	5.9	0.01	424	250160	买盘
10:12:24	5.89	-0.01	17	10013	卖盘
10:12:19	5.9	--	132	77880	买盘
10:12:14	5.9	--	40	23600	买盘
10:12:09	5.9	--	28	16520	买盘
10:12:04	5.9	0.01	7	4130	买盘
10:11:59	5.89	--	223	131347	买盘
10:11:49	5.89	0.01	110	64790	买盘
10:11:44	5.88	-0.01	283	166404	卖盘
10:11:39	5.89	--	10	5890	买盘
10:11:34	5.89	--	136	80104	买盘
10:11:28	5.89	0.01	281	165509	买盘
10:11:24	5.88	--	7	4116	买盘
10:11:19	5.88	--	119	69972	买盘
10:11:13	5.88	--	34	19992	买盘
10:11:09	5.88	--	28	16464	买盘
10:11:04	5.88	--	166	97608	买盘
10:10:58	5.88	--	164	96432	买盘
10:10:54	5.88	--	100	58800	买盘
10:10:49	5.88	0.01	85	49980	买盘
10:10:43	5.87	--	188	110356	卖盘
10:10:39	5.87	--	1	587	卖盘
10:10:34	5.87	--	132	77484	买盘
10:10:28	5.87	--	4	2348	买盘
10:10:24	5.87	--	64	37568	买盘
10:10:13	5.87	--	82	48134	买盘
10:10:09	5.87	--	100	58700	买盘
10:10:04	5.87	--	52	30524	买盘
10:09:58	5.87	--	88	51656	买盘
10:09:49	5.87	--	35	20545	买盘
10:09:43	5.87	--	220	129140	买盘
10:09:38	5.87	--	10	5870	买盘
10:09:34	5.87	--	44	25828	买盘
10:09:28	5.87	--	35	20545	买盘
10:09:23	5.87	--	113	66331	买盘
10:09:19	5.87	--	6	3522	买盘
10:09:13	5.87	--	367	215429	买盘
10:09:08	5.87	0.01	200	117400	买盘
10:09:04	5.86	--	13	7618	卖盘
10:08:58	5.86	--	1	586	卖盘
10:08:53	5.86	--	5	2930	卖盘
10:08:49	5.86	--	52	30472	卖盘
10:08:43	5.86	--	532	311857	买盘
10:08:28	5.86	0.01	529	309994	买盘
10:08:23	5.85	-0.01	6	3510	卖盘
10:08:18	5.86	--	1496	876656	买盘
10:07:58	5.86	0.01	13	7618	买盘
10:07:53	5.85	-0.01	1	585	卖盘
10:07:43	5.86	--	241	141226	买盘
10:07:33	5.86	--	98	57428	买盘
10:07:28	5.86	0.01	256	150016	买盘
10:07:23	5.85	-0.01	23	13455	卖盘
10:07:13	5.86	0.01	135	79110	买盘
10:07:08	5.85	--	20	11700	卖盘
10:06:58	5.85	--	12	7020	买盘
10:06:48	5.85	0.01	20	11700	买盘
10:06:43	5.84	-0.01	194	113296	卖盘
10:06:38	5.85	--	29	16965	卖盘
10:06:33	5.85	--	6	3510	卖盘
10:06:28	5.85	--	60	35100	卖盘
10:06:18	5.85	--	5	2925	卖盘
10:06:13	5.85	--	32	18720	卖盘
10:06:08	5.85	--	64	37440	卖盘
10:05:58	5.85	--	50	29250	卖盘
10:05:53	5.85	--	4	2340	卖盘
10:05:48	5.85	-0.01	14	8189	卖盘
10:05:42	5.86	0.01	191	111926	买盘
10:05:33	5.85	--	36	21060	买盘
10:05:28	5.85	0.01	25	14625	卖盘
10:05:22	5.84	--	0	0	卖盘
10:05:18	5.84	-0.01	165	96360	卖盘
10:05:13	5.85	--	171	100035	卖盘
10:05:07	5.85	--	98	57330	买盘
10:04:58	5.85	0.01	15	8775	卖盘
10:04:52	5.84	--	0	0	卖盘
10:04:48	5.84	-0.01	60	35040	卖盘
10:04:43	5.85	--	201	117585	买盘
10:04:37	5.85	--	3	1755	买盘
10:04:33	5.85	--	150	87750	买盘
10:04:28	5.85	--	20	11700	买盘
10:04:22	5.85	-0.01	1254	733590	卖盘
10:04:18	5.86	--	50	29300	卖盘
10:04:13	5.86	0.01	1658	971588	买盘
10:04:07	5.85	--	3	1755	卖盘
10:03:58	5.85	--	300	175500	卖盘
10:03:52	5.85	0.01	164	95940	买盘
10:03:48	5.84	--	127	74168	卖盘
10:03:43	5.84	-0.01	214	124976	卖盘
10:03:37	5.85	0.01	185	108225	买盘
10:03:28	5.84	-0.01	97	56648	卖盘
10:03:22	5.85	--	5	2925	买盘
10:03:13	5.85	--	20	11700	买盘
10:03:07	5.85	-0.01	586	342810	卖盘
10:02:52	5.86	0.02	39	22854	买盘
10:02:43	5.84	-0.02	210	122640	卖盘
10:02:37	5.86	0.01	1040	609592	买盘
10:02:32	5.85	-0.01	255	149175	卖盘
10:02:22	5.86	--	363	212718	买盘
10:02:17	5.86	0.01	328	192208	买盘
10:02:12	5.85	-0.01	393	229905	卖盘
10:02:02	5.86	--	63	36918	买盘
10:01:47	5.86	--	32	18752	买盘
10:01:42	5.86	--	190	111340	买盘
10:01:37	5.86	--	55	32230	买盘
10:01:32	5.86	0.01	8	4688	买盘
10:01:27	5.85	--	36	21060	卖盘
10:01:22	5.85	--	10	5850	买盘
10:01:17	5.85	--	68	39780	买盘
10:01:12	5.85	--	279	163215	卖盘
10:01:07	5.85	--	32	18720	卖盘
10:01:02	5.85	-0.01	14	8189	卖盘
10:00:57	5.86	0.01	50	29300	买盘
10:00:52	5.85	0.01	6	3510	卖盘
10:00:47	5.84	-0.02	100	58400	卖盘
10:00:42	5.86	--	278	162908	买盘
10:00:37	5.86	--	56	32816	买盘
10:00:32	5.86	--	33	19338	买盘
10:00:22	5.86	--	374	219164	买盘
10:00:17	5.86	0.01	310	181660	买盘
10:00:12	5.85	--	15	8775	卖盘
10:00:07	5.85	--	45	26325	卖盘
10:00:02	5.85	--	10	5850	卖盘
09:59:57	5.85	0.01	15	8775	卖盘
09:59:42	5.84	-0.01	189	110376	卖盘
09:59:37	5.85	--	89	52065	卖盘
09:59:32	5.85	-0.01	20	11700	卖盘
09:59:22	5.86	0.02	164	96104	买盘
09:59:17	5.84	--	0	0	卖盘
09:59:07	5.84	-0.01	1899	1109016	卖盘
09:58:52	5.85	--	7	4094	卖盘
09:58:46	5.85	--	22	12870	卖盘
09:58:42	5.85	--	288	168480	买盘
09:58:37	5.85	--	50	29250	买盘
09:58:31	5.85	--	636	372060	卖盘
09:58:22	5.85	--	2018	1180530	买盘
09:58:16	5.85	0.01	13	7604	买盘
09:58:12	5.84	--	28	16352	卖盘
09:58:07	5.84	--	40	23360	卖盘
09:58:01	5.84	--	85	49640	卖盘
09:57:57	5.84	-0.01	34	19856	卖盘
09:57:52	5.85	0.01	25	14625	买盘
09:57:46	5.84	-0.01	31	18104	卖盘
09:57:42	5.85	--	220	128699	买盘
09:57:37	5.85	0.01	1	585	买盘
09:57:31	5.84	--	4	2336	卖盘
09:57:27	5.84	-0.01	453	264552	卖盘
09:57:22	5.85	0.01	29	16965	买盘
09:57:16	5.84	-0.01	120	70080	卖盘
09:57:12	5.85	0.01	64	37440	买盘
09:57:01	5.84	-0.01	31	18104	卖盘
09:56:56	5.85	--	17	9945	买盘
09:56:52	5.85	0.01	4	2340	买盘
09:56:41	5.84	-0.01	239	139576	卖盘
09:56:37	5.85	--	29	16965	买盘
09:56:31	5.85	0.01	55	32174	买盘
09:56:22	5.84	--	357	208488	卖盘
09:56:16	5.84	--	1	584	卖盘
09:56:11	5.84	--	730	426337	买盘
09:56:07	5.84	--	174	102182	卖盘
09:55:56	5.84	--	102	59568	卖盘
09:55:46	5.84	--	131	76521	买盘
09:55:41	5.84	--	291	169944	买盘
09:55:36	5.84	--	5	2920	买盘
09:55:31	5.84	--	210	123206	卖盘
09:55:26	5.84	--	163	95209	买盘
09:55:21	5.84	--	51	29784	买盘
09:55:16	5.84	0.01	975	569400	买盘
09:55:11	5.83	-0.01	249	145167	卖盘
09:55:06	5.84	--	82	47888	买盘
09:55:01	5.84	--	27	15768	买盘
09:54:56	5.84	--	20	11680	买盘
09:54:51	5.84	--	36	21024	买盘
09:54:46	5.84	-0.01	1101	643334	卖盘
09:54:41	5.85	--	219	128114	买盘
09:54:36	5.85	0.01	20	11700	买盘
09:54:31	5.84	-0.01	31	18104	卖盘
09:54:21	5.85	--	20	11700	买盘
09:54:16	5.85	--	146	85410	买盘
09:54:11	5.85	--	218	127529	卖盘
09:54:06	5.85	--	10	5850	卖盘
09:54:01	5.85	--	5	2925	卖盘
09:53:56	5.85	0.01	178	104130	买盘
09:53:46	5.84	-0.01	1	584	卖盘
09:53:41	5.85	--	225	131625	买盘
09:53:36	5.85	--	11	6435	买盘
09:53:31	5.85	--	250	146250	买盘
09:53:21	5.85	0.01	50	29250	买盘
09:53:16	5.84	-0.01	60	35040	卖盘
09:52:56	5.85	0.01	22	12870	买盘
09:52:51	5.84	-0.01	6	3504	卖盘
09:52:46	5.85	--	111	64934	买盘
09:52:40	5.85	0.01	199	116415	买盘
09:52:31	5.84	-0.01	20	11680	卖盘
09:52:25	5.85	--	24	14040	买盘
09:52:21	5.85	--	20	11700	买盘
09:52:16	5.85	--	20	11700	买盘
09:52:06	5.85	--	10	5850	买盘
09:52:01	5.85	--	75	43875	买盘
09:51:51	5.85	--	84	49140	买盘
09:51:46	5.85	--	84	49140	买盘
09:51:40	5.85	--	225	131625	买盘
09:51:31	5.85	--	19	11115	买盘
09:51:25	5.85	--	177	103545	卖盘
09:51:16	5.85	--	100	58500	卖盘
09:51:10	5.85	--	511	298935	卖盘
09:51:06	5.85	--	10	5850	卖盘
09:50:55	5.85	--	290	169650	卖盘
09:50:51	5.85	--	10	5850	卖盘
09:50:46	5.85	--	57	33345	卖盘
09:50:40	5.85	--	188	109980	卖盘
09:50:35	5.85	-0.01	8	4680	卖盘
09:50:31	5.86	0.01	10	5860	买盘
09:50:25	5.85	--	130	76050	卖盘
09:50:20	5.85	--	23	13455	卖盘
09:50:16	5.85	--	27	15794	卖盘
09:50:05	5.85	-0.01	183	107055	卖盘
09:50:01	5.86	0.01	94	55084	买盘
09:49:55	5.85	-0.01	36	21060	卖盘
09:49:46	5.86	0.01	190	111340	买盘
09:49:40	5.85	-0.01	348	203580	卖盘
09:49:35	5.86	0.01	73	42778	买盘
09:49:30	5.85	--	8	4680	卖盘
09:49:25	5.85	--	5	2925	卖盘
09:49:20	5.85	--	14	8189	卖盘
09:49:10	5.85	--	33	19305	卖盘
09:49:05	5.85	0.01	20	11700	卖盘
09:48:55	5.84	-0.01	102	59568	卖盘
09:48:50	5.85	--	165	96525	买盘
09:48:45	5.85	0.01	10	5850	中性盘
09:48:40	5.84	-0.01	189	110376	卖盘
09:48:35	5.85	--	131	76869	买盘
09:48:30	5.85	--	70	40950	买盘
09:48:25	5.85	0.01	79	46215	买盘
09:48:15	5.84	-0.01	6	3504	卖盘
09:48:10	5.85	0.01	247	144495	买盘
09:48:05	5.84	-0.01	57	33288	卖盘
09:48:00	5.85	0.01	338	197730	买盘
09:47:55	5.84	-0.01	7	4088	卖盘
09:47:50	5.85	0.01	26	15209	买盘
09:47:45	5.84	-0.01	6	3504	卖盘
09:47:40	5.85	0.01	154	90090	买盘
09:47:35	5.84	--	25	14600	卖盘
09:47:30	5.84	--	7	4088	卖盘
09:47:25	5.84	--	20	11680	卖盘
09:47:15	5.84	-0.01	45	26280	卖盘
09:47:10	5.85	0.01	60	35100	买盘
09:47:05	5.84	-0.01	266	155344	卖盘
09:47:00	5.85	--	1	585	买盘
09:46:55	5.85	0.01	11	6435	买盘
09:46:50	5.84	--	150	87600	卖盘
09:46:35	5.84	0.01	4	2336	卖盘
09:46:25	5.83	-0.01	21	12243	卖盘
09:46:19	5.84	0.01	1311	765624	买盘
09:46:15	5.83	--	150	87450	卖盘
09:46:10	5.83	-0.01	35	20405	卖盘
09:46:04	5.84	0.01	161	94024	买盘
09:46:00	5.83	-0.01	3	1749	卖盘
09:45:55	5.84	0.01	33	19272	买盘
09:45:49	5.83	-0.01	23	13409	卖盘
09:45:40	5.84	--	22	12848	买盘
09:45:34	5.84	--	90	52560	卖盘
09:45:30	5.84	-0.01	63	36792	卖盘
09:45:25	5.85	0.01	112	65519	买盘
09:45:19	5.84	-0.01	512	299008	卖盘
09:45:10	5.85	0.01	55	32174	买盘
09:45:04	5.84	-0.01	10	5840	卖盘
09:44:54	5.85	0.01	187	109395	买盘
09:44:49	5.84	--	0	0	卖盘
09:44:45	5.84	-0.01	30	17520	卖盘
09:44:40	5.85	0.01	39	22815	卖盘
09:44:34	5.84	--	150	87600	卖盘
09:44:29	5.84	-0.01	116	68141	卖盘
09:44:25	5.85	0.01	249	145665	买盘
09:44:19	5.84	-0.01	262	153008	卖盘
09:44:14	5.85	0.01	349	204165	买盘
09:44:10	5.84	-0.01	60	35040	卖盘
09:44:04	5.85	0.01	676	395460	买盘
09:43:59	5.84	-0.01	3	1752	卖盘
09:43:55	5.85	--	38	22230	买盘
09:43:49	5.85	0.01	66	38610	买盘
09:43:44	5.84	--	30	17520	卖盘
09:43:40	5.84	--	800	467200	卖盘
09:43:34	5.84	-0.01	150	87600	卖盘
09:43:29	5.85	--	33	19305	买盘
09:43:25	5.85	-0.01	834	488077	卖盘
09:43:19	5.86	--	415	243190	买盘
09:43:14	5.86	--	436	255929	卖盘
09:43:09	5.86	--	15	8790	卖盘
09:43:04	5.86	--	79	46294	卖盘
09:42:59	5.86	0.01	584	342376	买盘
09:42:49	5.85	--	24	14040	卖盘
09:42:44	5.85	-0.01	13	7604	卖盘
09:42:39	5.86	--	1362	798132	买盘
09:42:24	5.86	0.01	124	72664	买盘
09:42:19	5.85	-0.02	641	375417	卖盘
09:42:14	5.87	0.01	8	4696	买盘
09:42:09	5.86	-0.01	116	67976	卖盘
09:42:04	5.87	--	233	136771	买盘
09:41:59	5.87	--	14	8218	买盘
09:41:49	5.87	--	775	454925	卖盘
09:41:39	5.87	--	60	35220	卖盘
09:41:34	5.87	--	100	58700	卖盘
09:41:29	5.87	--	56	32872	卖盘
09:41:24	5.87	0.01	273	160251	买盘
09:41:19	5.86	-0.01	240	140640	卖盘
09:41:14	5.87	--	105	61635	买盘
09:41:04	5.87	--	120	70440	卖盘
09:40:59	5.87	--	191	112117	买盘
09:40:49	5.87	--	50	29350	买盘
09:40:39	5.87	0.01	509	298783	买盘
09:40:34	5.86	-0.01	150	87900	卖盘
09:40:29	5.87	0.01	8	4696	买盘
09:40:24	5.86	--	2	1172	卖盘
09:40:19	5.86	-0.01	337	197482	卖盘
09:40:14	5.87	0.01	574	336938	买盘
09:40:09	5.86	--	11	6446	卖盘
09:40:04	5.86	-0.01	20	11720	卖盘
09:39:58	5.87	--	94	55178	买盘
09:39:49	5.87	--	3	1761	买盘
09:39:43	5.87	0.01	175	102725	买盘
09:39:39	5.86	-0.01	11	6446	卖盘
09:39:34	5.87	--	179	105073	买盘
09:39:28	5.87	-0.01	11	6457	卖盘
09:39:24	5.88	0.01	68	39984	买盘
09:39:19	5.87	--	200	117400	卖盘
09:39:13	5.87	--	1	587	卖盘
09:38:58	5.87	--	299	175513	买盘
09:38:49	5.87	--	115	67505	买盘
09:38:43	5.87	--	30	17610	买盘
09:38:39	5.87	--	14	8218	买盘
09:38:34	5.87	--	41	24219	买盘
09:38:28	5.87	0.01	91	53417	买盘
09:38:19	5.86	--	505	295930	卖盘
09:38:08	5.86	-0.01	10	5860	卖盘
09:38:04	5.87	0.01	6	3522	买盘
09:37:58	5.86	0.01	182	106652	买盘
09:37:49	5.85	-0.01	103	60254	卖盘
09:37:43	5.86	--	244	142984	买盘
09:37:38	5.86	--	340	199240	卖盘
09:37:28	5.86	--	56	32816	买盘
09:37:23	5.86	0.01	54	31644	买盘
09:37:19	5.85	-0.01	601	351585	卖盘
09:37:13	5.86	-0.01	153	89658	卖盘
09:37:03	5.87	0.01	200	117400	买盘
09:36:58	5.86	--	50	29300	卖盘
09:36:53	5.86	--	20	11720	卖盘
09:36:43	5.86	--	6	3516	卖盘
09:36:38	5.86	--	10	5860	卖盘
09:36:28	5.86	--	39	22854	卖盘
09:36:23	5.86	--	219	128334	卖盘
09:36:13	5.86	--	155	90830	卖盘
09:36:08	5.86	0.01	60	35160	买盘
09:36:03	5.85	-0.01	10	5850	卖盘
09:35:58	5.86	0.01	304	178144	买盘
09:35:53	5.85	-0.01	196	114660	卖盘
09:35:48	5.86	--	50	29300	买盘
09:35:43	5.86	--	57	33402	买盘
09:35:38	5.86	--	83	48638	卖盘
09:35:33	5.86	--	167	97862	买盘
09:35:28	5.86	0.01	40	23440	买盘
09:35:23	5.85	-0.01	239	139815	卖盘
09:35:18	5.86	--	3	1758	买盘
09:35:08	5.86	0.01	15	8790	买盘
09:34:58	5.85	-0.01	2	1170	卖盘
09:34:53	5.86	0.01	23	13478	买盘
09:34:43	5.85	-0.01	76	44460	卖盘
09:34:38	5.86	0.01	10	5860	卖盘
09:34:23	5.85	-0.01	200	117000	卖盘
09:34:18	5.86	--	50	29300	卖盘
09:34:13	5.86	--	10	5860	卖盘
09:34:08	5.86	--	82	48052	买盘
09:34:03	5.86	0.01	1	586	买盘
09:33:53	5.85	--	37	21645	卖盘
09:33:48	5.85	-0.01	91	53235	卖盘
09:33:43	5.86	0.01	301	176386	买盘
09:33:37	5.85	--	56	32759	卖盘
09:33:33	5.85	--	67	39592	买盘
09:33:28	5.85	0.01	12	7020	买盘
09:33:22	5.84	--	200	116800	卖盘
09:33:18	5.84	-0.01	15	8760	卖盘
09:33:13	5.85	--	149	87165	买盘
09:32:57	5.85	--	169	98865	买盘
09:32:52	5.85	--	11	6435	买盘
09:32:43	5.85	--	40	23400	买盘
09:32:37	5.85	--	120	70387	卖盘
09:32:33	5.85	--	3	1755	卖盘
09:32:22	5.85	--	300	175500	卖盘
09:32:17	5.85	--	62	36270	卖盘
09:32:13	5.85	--	131	76635	卖盘
09:32:07	5.85	-0.01	160	93600	卖盘
09:32:03	5.86	--	100	58600	买盘
09:31:58	5.86	--	69	40434	买盘
09:31:52	5.86	-0.01	114	66804	卖盘
09:31:47	5.87	--	17	9979	买盘
09:31:43	5.87	--	57	33459	买盘
09:31:37	5.87	--	63	36981	买盘
09:31:32	5.87	--	16	9392	买盘
09:31:27	5.87	--	3	1761	买盘
09:31:22	5.87	--	240	140880	买盘
09:31:13	5.87	0.01	47	27589	买盘
09:31:07	5.86	-0.01	15	8790	卖盘
09:30:57	5.87	--	4	2348	买盘
09:30:52	5.87	0.01	35	20545	买盘
09:30:47	5.86	--	1	586	卖盘
09:30:43	5.86	-0.02	404	236744	卖盘
09:30:32	5.88	--	231	135828	买盘
09:30:22	5.88	-0.01	68	39984	卖盘
09:30:07	5.89	0.02	360	212040	买盘
09:30:02	5.87	0.01	14	8218	买盘
09:28:55	5.86	--	0	0	卖盘
09:25:06	5.86	5.86	358	210186	买盘
