成交时间	成交价	价格变动	成交量(手)	成交额(元)	性质
15:00:00	2.57	--	0	0	卖盘
15:00:00	2.57	--	0	0	卖盘
15:00:00	2.57	--	4	1028	卖盘
14:59:59	2.57	--	35	8995	卖盘
14:59:54	2.57	--	22	5654	卖盘
14:59:49	2.57	--	60	15419	卖盘
14:59:44	2.57	--	1018	261625	买盘
14:59:39	2.57	--	700	179900	买盘
14:59:34	2.57	0.01	30	7709	买盘
14:59:29	2.56	--	329	84224	卖盘
14:59:24	2.56	-0.01	9	2304	卖盘
14:59:14	2.57	--	246	63221	买盘
14:59:09	2.57	--	1725	443325	买盘
14:59:04	2.57	--	3	771	买盘
14:58:59	2.57	--	50	12850	买盘
14:58:54	2.57	--	5917	1520669	卖盘
14:58:49	2.57	-0.01	275	70675	卖盘
14:58:44	2.58	0.01	40	10320	买盘
14:58:39	2.57	--	175	44975	卖盘
14:58:34	2.57	-0.01	674	173218	卖盘
14:58:29	2.58	0.01	669	172602	买盘
14:58:24	2.57	-0.01	51	13107	卖盘
14:58:19	2.58	0.01	420	108360	买盘
14:58:09	2.57	-0.01	22	5654	卖盘
14:58:03	2.58	--	6	1548	买盘
14:57:59	2.58	0.01	494	127452	买盘
14:57:54	2.57	-0.01	76	19532	卖盘
14:57:49	2.58	0.01	15	3870	买盘
14:57:44	2.57	-0.01	20	5140	卖盘
14:57:39	2.58	--	2	516	买盘
14:57:29	2.58	--	10	2580	买盘
14:57:24	2.58	--	160	41280	买盘
14:57:19	2.58	0.01	157	40506	买盘
14:57:09	2.57	--	4	1028	卖盘
14:57:04	2.57	--	81	20817	卖盘
14:56:59	2.57	--	100	25700	卖盘
14:56:54	2.57	-0.01	260	66820	卖盘
14:56:48	2.58	--	184	47472	买盘
14:56:44	2.58	0.01	121	31218	买盘
14:56:39	2.57	--	16	4112	卖盘
14:56:33	2.57	--	1648	423536	卖盘
14:56:28	2.57	--	100	25700	卖盘
14:56:24	2.57	--	200	51400	卖盘
14:56:18	2.57	--	401	103057	卖盘
14:56:13	2.57	--	75	19275	卖盘
14:56:09	2.57	--	3	771	卖盘
14:56:04	2.57	--	25	6425	卖盘
14:55:59	2.57	--	115	29554	卖盘
14:55:53	2.57	--	512	131584	卖盘
14:55:49	2.57	--	23	5911	卖盘
14:55:43	2.57	-0.01	151	38807	卖盘
14:55:38	2.58	0.01	138	35604	买盘
14:55:28	2.57	--	6	1542	卖盘
14:55:23	2.57	--	103	26471	卖盘
14:55:18	2.57	--	10	2570	卖盘
14:55:13	2.57	--	57	14648	卖盘
14:55:08	2.57	--	1	257	卖盘
14:55:03	2.57	--	183	47031	卖盘
14:54:58	2.57	--	3	771	卖盘
14:54:53	2.57	--	209	53713	卖盘
14:54:47	2.57	-0.01	296	76072	卖盘
14:54:43	2.58	0.01	20	5160	买盘
14:54:33	2.57	--	18	4626	卖盘
14:54:28	2.57	--	820	210740	卖盘
14:54:23	2.57	--	40	10280	卖盘
14:54:18	2.57	-0.01	20	5140	卖盘
14:54:13	2.58	0.01	31	7998	买盘
14:54:08	2.57	--	91	23387	卖盘
14:54:02	2.57	--	205	52685	卖盘
14:53:58	2.57	--	5	1285	卖盘
14:53:53	2.57	--	1	257	卖盘
14:53:47	2.57	--	10	2570	卖盘
14:53:43	2.57	--	26	6682	卖盘
14:53:28	2.57	-0.01	14	3598	卖盘
14:53:23	2.58	0.01	1	258	买盘
14:53:17	2.57	-0.01	117	30068	卖盘
14:53:13	2.58	0.01	23	5934	买盘
14:53:08	2.57	--	170	43690	卖盘
14:53:02	2.57	--	8	2056	卖盘
14:52:53	2.57	--	3112	799784	卖盘
14:52:48	2.57	--	38	9766	卖盘
14:52:43	2.57	--	10	2570	卖盘
14:52:38	2.57	--	59	15162	卖盘
14:52:28	2.57	-0.01	5	1285	卖盘
14:52:23	2.58	0.01	6	1548	买盘
14:52:17	2.57	-0.01	55	14135	卖盘
14:52:08	2.58	0.01	6	1548	买盘
14:52:02	2.57	-0.01	104	26728	卖盘
14:51:57	2.58	--	164	42312	买盘
14:51:53	2.58	0.01	2	516	买盘
14:51:43	2.57	--	42	10794	卖盘
14:51:32	2.57	--	51	13107	卖盘
14:51:28	2.57	-0.01	9	2313	卖盘
14:51:23	2.58	0.01	100	25800	买盘
14:51:12	2.57	--	60	15419	卖盘
14:51:02	2.57	-0.01	20	5140	卖盘
14:50:57	2.58	0.01	128	33024	买盘
14:50:53	2.57	-0.01	102	26214	卖盘
14:50:47	2.58	0.01	3	774	买盘
14:50:42	2.57	-0.01	5	1285	卖盘
14:50:32	2.58	0.01	3	774	买盘
14:50:27	2.57	--	22	5654	卖盘
14:50:23	2.57	--	4	1028	卖盘
14:50:17	2.57	--	131	33667	卖盘
14:50:08	2.57	-0.01	170	43690	卖盘
14:50:02	2.58	0.01	200	51600	买盘
14:49:57	2.57	-0.01	1	257	卖盘
14:49:47	2.58	--	21	5418	买盘
14:49:42	2.58	0.01	50	12900	买盘
14:49:38	2.57	-0.01	350	89950	卖盘
14:49:32	2.58	--	96	24768	买盘
14:49:17	2.58	0.01	118	30444	买盘
14:49:12	2.57	--	643	165251	卖盘
14:49:02	2.57	--	70	17990	卖盘
14:48:58	2.57	--	20	5140	卖盘
14:48:52	2.57	--	3	771	卖盘
14:48:41	2.57	--	1	257	卖盘
14:48:37	2.57	--	8	2056	卖盘
14:48:32	2.57	-0.01	151	38807	卖盘
14:48:26	2.58	0.01	120	30960	买盘
14:48:22	2.57	--	33	8481	卖盘
14:48:17	2.57	--	3	771	卖盘
14:48:11	2.57	--	600	154200	卖盘
14:48:07	2.57	--	80	20560	卖盘
14:47:56	2.57	--	100	25700	卖盘
14:47:47	2.57	--	263	67591	卖盘
14:47:41	2.57	--	184	47288	卖盘
14:47:37	2.57	--	146	37522	卖盘
14:47:32	2.57	--	50	12850	卖盘
14:47:26	2.57	--	180	46260	卖盘
14:47:22	2.57	--	17	4369	卖盘
14:47:11	2.57	--	122	31353	卖盘
14:47:02	2.57	-0.01	1	257	卖盘
14:46:56	2.58	0.01	47	12126	买盘
14:46:47	2.57	--	2	514	卖盘
14:46:41	2.57	--	108	27756	卖盘
14:46:37	2.57	--	7	1799	卖盘
14:46:32	2.57	-0.01	186	47802	卖盘
14:46:17	2.58	--	466	120228	买盘
14:46:11	2.58	0.01	35	9030	买盘
14:46:07	2.57	-0.01	2	514	卖盘
14:46:02	2.58	0.01	258	66564	买盘
14:45:56	2.57	--	26	6682	卖盘
14:45:51	2.57	--	197	50629	卖盘
14:45:47	2.57	--	5	1285	卖盘
14:45:41	2.57	--	149	38293	卖盘
14:45:37	2.57	--	20	5140	卖盘
14:45:32	2.57	--	47	12079	卖盘
14:45:26	2.57	--	16	4112	卖盘
14:45:21	2.57	--	332	85324	卖盘
14:45:06	2.57	-0.01	151	38807	卖盘
14:44:56	2.58	0.01	211	54438	买盘
14:44:47	2.57	-0.01	87	22359	卖盘
14:44:36	2.58	0.01	67	17286	买盘
14:44:26	2.57	-0.01	113	29041	卖盘
14:44:21	2.58	0.01	45	11610	买盘
14:44:17	2.57	-0.01	1	257	卖盘
14:44:01	2.58	--	46	11868	买盘
14:43:56	2.58	0.01	270	69660	买盘
14:43:51	2.57	-0.01	30	7709	卖盘
14:43:41	2.58	0.01	45	11610	买盘
14:43:36	2.57	-0.01	20	5140	卖盘
14:43:21	2.58	0.01	45	11610	买盘
14:43:17	2.57	--	24	6168	卖盘
14:43:11	2.57	--	7	1799	卖盘
14:43:06	2.57	--	48	12336	卖盘
14:43:01	2.57	-0.01	130	33410	卖盘
14:42:56	2.58	--	46	11868	买盘
14:42:46	2.58	--	21	5418	买盘
14:42:41	2.58	0.01	245	63210	买盘
14:42:36	2.57	--	501	128756	卖盘
14:42:31	2.57	-0.01	31	7966	卖盘
14:42:26	2.58	0.01	45	11610	买盘
14:42:21	2.57	--	30	7709	卖盘
14:42:06	2.57	-0.01	216	55512	卖盘
14:42:01	2.58	--	11	2838	买盘
14:41:51	2.58	--	62	15996	买盘
14:41:41	2.58	0.01	52	13416	买盘
14:41:35	2.57	-0.01	58	14905	卖盘
14:41:26	2.58	--	219	56502	买盘
14:41:20	2.58	0.01	45	11610	买盘
14:41:05	2.57	-0.01	12	3084	卖盘
14:41:01	2.58	0.01	46	11868	买盘
14:40:50	2.57	--	32	8224	卖盘
14:40:41	2.57	-0.01	65	16705	卖盘
14:40:35	2.58	--	3	774	买盘
14:40:26	2.58	--	46	11868	买盘
14:40:11	2.58	--	3	774	买盘
14:40:01	2.58	--	94	24252	买盘
14:39:56	2.58	--	49	12642	买盘
14:39:50	2.58	0.01	595	153510	买盘
14:39:41	2.57	--	46	11822	卖盘
14:39:35	2.57	--	142	36494	卖盘
14:39:31	2.57	--	11	2827	卖盘
14:39:26	2.57	-0.01	5	1285	卖盘
14:39:20	2.58	0.01	46	11868	买盘
14:39:10	2.57	-0.01	438	112566	卖盘
14:38:56	2.58	--	46	11868	买盘
14:38:50	2.58	0.01	3	774	买盘
14:38:41	2.57	--	898	230786	卖盘
14:38:30	2.57	-0.01	54	13878	卖盘
14:38:20	2.58	0.01	46	11868	买盘
14:38:15	2.57	-0.01	137	35209	卖盘
14:38:11	2.58	--	118	30444	买盘
14:38:05	2.58	0.01	45	11610	买盘
14:37:50	2.57	-0.01	318	81726	卖盘
14:37:45	2.58	0.01	51	13158	买盘
14:37:41	2.57	--	22	5654	卖盘
14:37:35	2.57	-0.01	1	257	卖盘
14:37:30	2.58	--	200	51600	买盘
14:37:26	2.58	0.01	531	136998	买盘
14:37:20	2.57	-0.01	30	7709	卖盘
14:37:15	2.58	--	17	4386	买盘
14:37:00	2.58	--	46	11868	买盘
14:36:56	2.58	0.01	20	5160	买盘
14:36:50	2.57	-0.01	200	51400	卖盘
14:36:45	2.58	--	7	1806	买盘
14:36:41	2.58	0.01	46	11868	买盘
14:36:30	2.57	-0.01	133	34181	卖盘
14:36:25	2.58	0.01	45	11610	买盘
14:36:20	2.57	-0.01	10	2570	卖盘
14:36:15	2.58	--	7	1806	买盘
14:36:00	2.58	--	108	27864	买盘
14:35:50	2.58	--	27	6966	买盘
14:35:45	2.58	0.01	82	21156	买盘
14:35:40	2.57	--	96	24672	卖盘
14:35:35	2.57	-0.01	100	25700	卖盘
14:35:20	2.58	0.01	50	12900	买盘
14:35:14	2.57	-0.01	3	771	卖盘
14:35:10	2.58	--	11	2838	买盘
14:34:59	2.58	--	153	39474	买盘
14:34:44	2.58	0.01	500	129000	买盘
14:34:40	2.57	--	61	15676	卖盘
14:34:35	2.57	-0.01	25	6425	卖盘
14:34:29	2.58	--	205	52890	买盘
14:34:20	2.58	0.01	45	11610	买盘
14:34:14	2.57	--	37	9509	卖盘
14:34:10	2.57	--	1	257	卖盘
14:34:05	2.57	-0.01	273	70161	卖盘
14:33:59	2.58	0.01	54	13932	买盘
14:33:44	2.57	-0.01	16	4112	卖盘
14:33:40	2.58	0.01	46	11868	买盘
14:33:29	2.57	-0.01	9	2313	卖盘
14:33:25	2.58	--	21	5418	买盘
14:33:20	2.58	0.01	45	11610	买盘
14:33:14	2.57	--	66	16962	卖盘
14:33:10	2.57	--	5	1285	卖盘
14:33:05	2.57	--	500	128499	卖盘
14:32:59	2.57	--	458	117705	买盘
14:32:50	2.57	--	1037	266509	买盘
14:32:44	2.57	--	402	103314	买盘
14:32:39	2.57	--	72	18504	买盘
14:32:35	2.57	0.01	1	257	买盘
14:32:29	2.56	-0.01	71	18176	卖盘
14:32:20	2.57	0.01	49	12593	买盘
14:32:05	2.56	-0.01	67	17152	卖盘
14:31:54	2.57	--	67	17219	买盘
14:31:39	2.57	--	45	11565	买盘
14:31:35	2.57	--	508	130555	买盘
14:31:29	2.57	0.01	45	11565	买盘
14:31:24	2.56	--	35	8960	卖盘
14:31:14	2.56	--	8	2048	卖盘
14:31:09	2.56	-0.01	5	1280	卖盘
14:31:05	2.57	--	60	15419	买盘
14:30:59	2.57	--	46	11822	买盘
14:30:39	2.57	--	45	11565	买盘
14:30:24	2.57	0.01	2	514	买盘
14:29:44	2.56	--	19	4864	卖盘
14:29:39	2.56	-0.01	131	33536	卖盘
14:29:24	2.57	0.01	170	43690	买盘
14:28:53	2.56	--	412	105472	卖盘
14:28:49	2.56	--	26	6656	卖盘
14:28:44	2.56	--	10	2560	卖盘
14:28:29	2.56	-0.01	10	2560	卖盘
14:28:19	2.57	--	212	54484	买盘
14:28:14	2.57	--	8	2056	买盘
14:28:08	2.57	--	28	7196	买盘
14:27:53	2.57	--	7	1799	买盘
14:27:49	2.57	--	8	2056	买盘
14:27:44	2.57	--	8	2056	买盘
14:27:38	2.57	--	100	25700	买盘
14:27:29	2.57	--	15	3854	买盘
14:27:23	2.57	--	92	23644	卖盘
14:27:19	2.57	--	80	20560	买盘
14:27:14	2.57	--	85	21845	买盘
14:26:59	2.57	--	122	31353	买盘
14:26:53	2.57	--	51	13107	买盘
14:26:49	2.57	0.01	3	771	买盘
14:26:44	2.56	-0.01	17	4352	卖盘
14:26:38	2.57	--	100	25700	买盘
14:26:23	2.57	--	5	1285	买盘
14:26:19	2.57	--	48	12336	买盘
14:26:14	2.57	--	100	25700	买盘
14:26:08	2.57	--	76	19532	卖盘
14:25:53	2.57	--	59	15162	卖盘
14:25:43	2.57	--	12	3084	卖盘
14:25:38	2.57	--	599	153943	买盘
14:25:18	2.57	--	2000	513999	买盘
14:25:08	2.57	--	3	771	买盘
14:25:03	2.57	0.01	18	4626	买盘
14:24:58	2.56	--	15	3840	卖盘
14:24:38	2.56	--	230	58880	卖盘
14:24:33	2.56	--	135	34560	卖盘
14:24:18	2.56	--	84	21504	卖盘
14:23:48	2.56	--	30	7680	卖盘
14:23:28	2.56	-0.01	10	2560	卖盘
14:23:23	2.57	0.01	121	31096	买盘
14:23:03	2.56	--	27	6912	卖盘
14:22:53	2.56	-0.01	50	12800	卖盘
14:22:38	2.57	--	23	5911	买盘
14:22:32	2.57	0.01	389	99973	买盘
14:22:23	2.56	-0.01	30	7680	卖盘
14:22:17	2.57	--	40	10280	买盘
14:22:02	2.57	--	70	17990	买盘
14:21:47	2.57	--	5	1285	买盘
14:21:38	2.57	--	100	25700	买盘
14:21:23	2.57	--	7	1799	买盘
14:21:17	2.57	--	1515	389355	买盘
14:21:02	2.57	--	100	25700	买盘
14:20:58	2.57	--	21	5397	买盘
14:20:53	2.57	--	7	1799	买盘
14:20:38	2.57	0.01	116	29811	买盘
14:20:32	2.56	-0.01	2	512	卖盘
14:20:23	2.57	--	2018	518625	买盘
14:20:17	2.57	--	10	2570	买盘
14:20:08	2.57	--	16	4112	买盘
14:19:53	2.57	0.01	196	50372	买盘
14:19:47	2.56	--	7	1792	卖盘
14:19:17	2.56	-0.01	35	8960	卖盘
14:19:12	2.57	0.01	266	68362	买盘
14:19:02	2.56	-0.01	26	6656	卖盘
14:18:57	2.57	0.01	82	21074	买盘
14:18:47	2.56	-0.01	43	11008	卖盘
14:18:37	2.57	--	25	6425	买盘
14:18:32	2.57	--	5	1285	卖盘
14:18:27	2.57	--	325	83525	卖盘
14:18:17	2.57	--	97	24929	卖盘
14:18:12	2.57	--	13	3341	卖盘
14:18:07	2.57	--	200	51400	卖盘
14:18:02	2.57	-0.01	57	14648	卖盘
14:17:57	2.58	0.01	256	66048	买盘
14:17:52	2.57	-0.01	10	2570	卖盘
14:17:47	2.58	0.01	100	25800	买盘
14:17:42	2.57	--	9	2313	卖盘
14:17:27	2.57	--	222	57054	买盘
14:17:22	2.57	--	1	257	买盘
14:17:12	2.57	--	111	28527	卖盘
14:17:07	2.57	-0.01	70	17990	卖盘
14:17:02	2.58	--	58	14964	买盘
14:16:57	2.58	0.01	16	4128	买盘
14:16:47	2.57	0.01	181	46517	买盘
14:16:22	2.56	--	0	0	卖盘
14:16:17	2.56	--	3247	831429	卖盘
14:16:02	2.56	-0.01	3	768	卖盘
14:15:56	2.57	0.01	16	4112	买盘
14:15:11	2.56	-0.01	10	2560	卖盘
14:14:56	2.57	0.01	16	4112	买盘
14:14:52	2.56	-0.01	50	12800	卖盘
14:14:47	2.57	0.01	25	6425	买盘
14:14:41	2.56	-0.01	45	11520	卖盘
14:14:11	2.57	--	30	7709	买盘
14:13:52	2.57	0.01	6	1542	买盘
14:13:47	2.56	-0.01	45	11520	卖盘
14:13:32	2.57	--	29	7452	买盘
14:13:26	2.57	--	8	2056	买盘
14:13:11	2.57	--	1	257	买盘
14:13:01	2.57	0.01	1	257	买盘
14:12:56	2.56	--	2	512	卖盘
14:12:51	2.56	--	1	256	卖盘
14:12:46	2.56	-0.01	1	256	卖盘
14:12:41	2.57	--	2	514	买盘
14:12:21	2.57	--	41	10537	买盘
14:12:11	2.57	--	4	1028	买盘
14:12:01	2.57	-0.01	1297	333388	卖盘
14:11:51	2.58	--	30	7740	买盘
14:11:36	2.58	--	13	3354	买盘
14:11:26	2.58	0.01	4	1032	买盘
14:11:16	2.57	--	167	42919	卖盘
14:11:11	2.57	--	539	138523	卖盘
14:11:06	2.57	--	66	16962	卖盘
14:11:01	2.57	--	115	29554	卖盘
14:10:56	2.57	--	5	1285	卖盘
14:10:46	2.57	--	120	30839	卖盘
14:10:36	2.57	--	504	129527	卖盘
14:10:26	2.57	--	342	87894	卖盘
14:10:16	2.57	--	66	16962	卖盘
14:09:56	2.57	--	1000	256999	卖盘
14:09:50	2.57	--	10	2570	卖盘
14:09:20	2.57	--	142	36494	卖盘
14:09:16	2.57	-0.01	619	159083	卖盘
14:09:05	2.58	0.01	222	57276	买盘
14:08:56	2.57	--	72	18504	卖盘
14:08:50	2.57	--	140	35980	卖盘
14:08:41	2.57	--	42	10794	卖盘
14:08:35	2.57	--	1	257	卖盘
14:08:26	2.57	--	194	49858	卖盘
14:08:20	2.57	--	3281	843217	卖盘
14:08:16	2.57	--	200	51400	卖盘
14:08:11	2.57	--	1	257	卖盘
14:08:05	2.57	-0.01	43	11051	卖盘
14:08:01	2.58	0.01	202	52116	买盘
14:07:56	2.57	-0.01	203	52171	卖盘
14:07:41	2.58	0.01	26	6708	买盘
14:07:35	2.57	--	5	1285	卖盘
14:07:20	2.57	--	240	61679	卖盘
14:07:11	2.57	-0.01	50	12850	卖盘
14:07:00	2.58	0.01	56	14448	买盘
14:06:56	2.57	-0.01	10	2570	卖盘
14:06:50	2.58	0.01	22	5676	买盘
14:06:46	2.57	--	5	1285	卖盘
14:06:41	2.57	--	1	257	卖盘
14:06:25	2.57	-0.01	42	10963	卖盘
14:06:20	2.58	0.01	22	5676	买盘
14:06:15	2.57	--	503	129270	卖盘
14:06:10	2.57	-0.01	3	771	卖盘
14:05:45	2.58	0.01	94	24252	买盘
14:05:25	2.57	--	200	51400	卖盘
14:05:20	2.57	--	1	257	卖盘
14:05:15	2.57	--	80	20560	卖盘
14:05:10	2.57	--	9	2313	卖盘
14:05:05	2.57	-0.01	110	28270	卖盘
14:05:00	2.58	--	24	6192	买盘
14:04:55	2.58	0.01	8	2064	买盘
14:04:50	2.57	--	35	8995	卖盘
14:04:45	2.57	--	93	23901	卖盘
14:04:35	2.57	--	50	12850	卖盘
14:04:20	2.57	--	20	5140	卖盘
14:04:15	2.57	--	10	2570	卖盘
14:04:00	2.57	--	16	4112	卖盘
14:03:55	2.57	--	50	12850	卖盘
14:03:50	2.57	--	30	7709	卖盘
14:03:40	2.57	--	50	12850	卖盘
14:03:35	2.57	--	550	141350	卖盘
14:03:29	2.57	--	110	28270	卖盘
14:03:20	2.57	-0.01	8	2056	卖盘
14:03:14	2.58	0.01	21	5418	买盘
14:03:05	2.57	--	12	3084	卖盘
14:03:00	2.57	--	41	10537	卖盘
14:02:55	2.57	--	134	34466	买盘
14:02:50	2.57	--	145	37265	买盘
14:02:44	2.57	--	30	7709	买盘
14:02:40	2.57	--	2	514	买盘
14:02:35	2.57	--	1280	328960	买盘
14:02:29	2.57	--	87	22359	买盘
14:02:20	2.57	0.01	1516	389612	买盘
14:02:14	2.56	--	63	16128	卖盘
14:02:10	2.56	-0.01	110	28160	卖盘
14:02:05	2.57	--	302	77614	买盘
14:01:59	2.57	0.01	16	4112	买盘
14:01:44	2.56	-0.01	9	2304	卖盘
14:01:40	2.57	--	30	7709	买盘
14:01:20	2.57	--	21	5397	买盘
14:01:05	2.57	0.01	110	28270	买盘
14:00:55	2.56	--	101	25856	卖盘
14:00:50	2.56	-0.01	30	7680	卖盘
14:00:25	2.57	0.01	92	23644	买盘
14:00:19	2.56	-0.01	50	12800	卖盘
14:00:14	2.57	--	138	35466	买盘
14:00:04	2.57	0.01	20	5140	买盘
13:59:49	2.56	-0.01	100	25600	卖盘
13:59:44	2.57	0.01	50	12850	买盘
13:59:39	2.56	--	1030	263680	卖盘
13:59:19	2.56	-0.01	4	1024	卖盘
13:59:14	2.57	--	148	38036	买盘
13:59:09	2.57	--	50	12850	买盘
13:58:54	2.57	0.01	40	10280	买盘
13:58:29	2.56	--	120	30720	卖盘
13:58:19	2.56	--	3	768	卖盘
13:58:14	2.56	--	2	512	卖盘
13:58:09	2.56	--	52	13312	卖盘
13:58:04	2.56	-0.01	2	512	卖盘
13:57:54	2.57	0.01	223	57311	买盘
13:57:44	2.56	--	20	5120	卖盘
13:57:39	2.56	--	701	179456	卖盘
13:57:29	2.56	--	500	128000	卖盘
13:57:24	2.56	--	223	57093	卖盘
13:57:19	2.56	-0.01	5	1280	卖盘
13:57:14	2.57	0.01	114	29297	买盘
13:57:08	2.56	--	9	2304	卖盘
13:57:04	2.56	--	20	5120	卖盘
13:56:59	2.56	-0.01	113	28928	卖盘
13:56:44	2.57	--	6	1542	买盘
13:56:08	2.57	--	42	10794	买盘
13:55:44	2.57	0.01	125	32124	买盘
13:55:38	2.56	-0.01	49	12544	卖盘
13:55:34	2.57	--	14	3598	买盘
13:55:19	2.57	--	21	5397	买盘
13:55:14	2.57	0.01	6	1542	买盘
13:54:44	2.56	--	200	51200	卖盘
13:54:38	2.56	--	20	5120	卖盘
13:54:29	2.56	-0.01	35	8960	卖盘
13:54:23	2.57	--	47	12079	买盘
13:54:18	2.57	--	30	7709	买盘
13:54:08	2.57	--	20	5140	买盘
13:54:03	2.57	--	5	1285	买盘
13:53:59	2.57	--	200	51400	买盘
13:53:44	2.57	0.01	1370	352090	买盘
13:53:38	2.56	-0.01	53	13568	卖盘
13:53:33	2.57	--	5	1285	买盘
13:53:28	2.57	0.01	6	1542	买盘
13:53:23	2.56	-0.01	25	6400	卖盘
13:53:18	2.57	0.01	10	2570	买盘
13:53:08	2.56	-0.01	80	20480	卖盘
13:53:03	2.57	--	17	4369	买盘
13:52:53	2.57	--	10	2570	买盘
13:52:48	2.57	--	42	10794	买盘
13:52:38	2.57	--	5	1285	买盘
13:52:33	2.57	0.01	19	4883	买盘
13:52:18	2.56	-0.01	50	12800	卖盘
13:52:03	2.57	--	89	22873	买盘
13:51:53	2.57	0.01	137	35209	买盘
13:51:33	2.56	--	928	237568	卖盘
13:51:23	2.56	-0.01	3542	906752	卖盘
13:51:18	2.57	--	10	2570	买盘
13:51:08	2.57	--	7	1799	买盘
13:51:03	2.57	--	78	20046	买盘
13:50:58	2.57	--	1	257	买盘
13:50:53	2.57	0.01	20	5140	买盘
13:50:48	2.56	-0.01	200	51200	卖盘
13:50:38	2.57	--	37	9509	买盘
13:50:32	2.57	--	10	2570	买盘
13:50:17	2.57	--	109	28013	买盘
13:50:08	2.57	--	1035	266231	卖盘
13:50:02	2.57	--	24	6168	卖盘
13:49:58	2.57	-0.01	33	8481	卖盘
13:49:53	2.58	0.01	12	3096	买盘
13:49:47	2.57	--	126	32402	买盘
13:49:43	2.57	--	188	48552	卖盘
13:49:38	2.57	--	70	17990	卖盘
13:49:32	2.57	--	241	61957	买盘
13:49:23	2.57	--	2	514	买盘
13:49:17	2.57	--	88	22616	买盘
13:49:08	2.57	--	324	83268	买盘
13:49:02	2.57	-0.01	3153	810557	卖盘
13:48:58	2.58	0.01	92	23736	买盘
13:48:53	2.57	--	300	77100	卖盘
13:48:47	2.57	--	53	13621	卖盘
13:48:43	2.57	-0.01	20	5140	卖盘
13:48:38	2.58	0.01	7	1806	买盘
13:48:32	2.57	--	8040	2066279	卖盘
13:48:08	2.57	--	101	25957	卖盘
13:47:53	2.57	-0.01	50	12850	卖盘
13:47:47	2.58	--	7	1806	买盘
13:47:32	2.58	--	74	19092	买盘
13:47:23	2.58	0.01	262	67596	买盘
13:47:07	2.57	--	14	3598	卖盘
13:46:57	2.57	-0.01	472	121303	卖盘
13:46:47	2.58	--	4	1032	买盘
13:46:42	2.58	--	10	2580	买盘
13:46:32	2.58	--	57	14706	买盘
13:46:27	2.58	--	6	1548	买盘
13:46:17	2.58	--	41	10578	买盘
13:46:07	2.58	--	2	516	买盘
13:45:47	2.58	--	5	1290	买盘
13:45:42	2.58	--	404	104232	买盘
13:45:27	2.58	--	63	16254	买盘
13:45:22	2.58	--	10	2580	买盘
13:45:17	2.58	--	5	1290	买盘
13:45:07	2.58	0.01	8	2064	买盘
13:45:02	2.57	-0.01	32	8224	卖盘
13:44:57	2.58	--	1	258	买盘
13:44:47	2.58	--	15	3870	买盘
13:44:42	2.58	--	6	1548	买盘
13:44:17	2.58	--	138	35604	买盘
13:44:12	2.58	0.01	46	11868	买盘
13:43:26	2.57	-0.01	48	12336	卖盘
13:43:17	2.58	--	87	22446	买盘
13:43:02	2.58	0.01	15	3870	买盘
13:42:56	2.57	-0.01	15	3937	卖盘
13:42:47	2.58	0.01	61	15738	买盘
13:42:32	2.57	--	16	4112	卖盘
13:42:11	2.57	-0.01	63	16190	卖盘
13:42:02	2.58	0.01	444	114552	买盘
13:41:56	2.57	--	424	108968	卖盘
13:41:47	2.57	-0.01	32	8224	卖盘
13:41:32	2.58	0.01	186	47988	买盘
13:41:11	2.57	--	100	25700	卖盘
13:40:56	2.57	--	224	57568	卖盘
13:40:51	2.57	-0.01	15	3854	卖盘
13:40:46	2.58	0.01	56	14448	买盘
13:40:41	2.57	--	50	12850	卖盘
13:40:31	2.57	--	0	12	卖盘
13:40:26	2.57	--	322	82754	卖盘
13:40:06	2.57	-0.01	17	4369	卖盘
13:40:01	2.58	--	12	3096	买盘
13:39:56	2.58	--	104	26832	买盘
13:39:51	2.58	--	50	12900	买盘
13:39:41	2.58	--	169	43602	买盘
13:39:36	2.58	--	15	3870	买盘
13:39:26	2.58	--	5	1290	买盘
13:39:21	2.58	0.01	40	10320	买盘
13:39:16	2.57	--	101	25957	卖盘
13:39:01	2.57	-0.01	77	19789	卖盘
13:38:56	2.58	0.01	200	51600	买盘
13:38:51	2.57	-0.01	112	28784	卖盘
13:38:41	2.58	--	51	13158	买盘
13:38:36	2.58	0.01	2	516	买盘
13:38:26	2.57	--	334	85838	卖盘
13:38:21	2.57	--	7	1799	卖盘
13:38:11	2.57	--	223	57311	卖盘
13:38:06	2.57	--	0	12	卖盘
13:38:01	2.57	--	50	12850	卖盘
13:37:56	2.57	--	288	74016	卖盘
13:37:41	2.57	--	73	18761	卖盘
13:37:26	2.57	--	783	201400	买盘
13:37:20	2.57	--	42	10794	买盘
13:37:16	2.57	--	45	11565	买盘
13:37:11	2.57	--	118	30325	买盘
13:37:05	2.57	--	500	128499	买盘
13:37:01	2.57	0.01	99	25443	买盘
13:36:50	2.56	-0.01	20	5120	卖盘
13:36:46	2.57	--	1900	488299	买盘
13:36:41	2.57	--	100	25700	买盘
13:36:35	2.57	--	800	205600	买盘
13:36:26	2.57	0.01	174	44718	买盘
13:36:20	2.56	-0.01	78	19968	卖盘
13:36:16	2.57	--	210	53970	买盘
13:36:11	2.57	0.01	1518	390126	买盘
13:36:05	2.56	--	60	15360	卖盘
13:35:50	2.56	--	54	13824	卖盘
13:35:46	2.56	-0.01	3	768	卖盘
13:35:35	2.57	--	59	15162	买盘
13:35:26	2.57	--	20	5140	买盘
13:35:20	2.57	--	3	771	买盘
13:35:16	2.57	--	57	14648	买盘
13:34:56	2.57	0.01	1	257	买盘
13:34:46	2.56	--	1	256	卖盘
13:34:41	2.56	-0.01	25	6400	卖盘
13:34:31	2.57	--	1775	456175	买盘
13:34:25	2.57	--	58	14905	买盘
13:34:20	2.57	0.01	104	26728	买盘
13:34:15	2.56	--	0	2	卖盘
13:34:10	2.56	--	28	7168	卖盘
13:34:05	2.56	--	247	63232	卖盘
13:34:00	2.56	-0.01	68	17408	卖盘
13:33:45	2.57	0.01	2	514	买盘
13:33:40	2.56	--	106	27136	卖盘
13:33:30	2.56	-0.01	26	6656	卖盘
13:33:25	2.57	--	50	12850	买盘
13:33:20	2.57	--	88	22616	买盘
13:33:15	2.57	--	12	3084	买盘
13:33:00	2.57	--	2	514	买盘
13:32:50	2.57	--	6	1542	买盘
13:32:45	2.57	--	7	1799	买盘
13:32:30	2.57	--	11	2827	买盘
13:32:20	2.57	--	50	12850	买盘
13:32:15	2.57	0.01	23	5911	买盘
13:32:05	2.56	-0.01	1	256	卖盘
13:31:55	2.57	0.01	1	257	买盘
13:31:45	2.56	--	25	6400	卖盘
13:31:40	2.56	-0.01	88	22528	卖盘
13:31:30	2.57	--	7	1799	买盘
13:31:15	2.57	0.01	6	1542	买盘
13:31:10	2.56	-0.01	3	768	卖盘
13:31:05	2.57	--	46	11822	买盘
13:30:59	2.57	0.01	40	10280	买盘
13:30:55	2.56	--	10	2560	卖盘
13:30:44	2.56	-0.01	47	12032	卖盘
13:30:35	2.57	--	50	12850	买盘
13:30:29	2.57	--	51	13107	买盘
13:30:25	2.57	0.01	13	3341	买盘
13:30:20	2.56	-0.01	6	1536	卖盘
13:30:10	2.57	0.01	427	109739	买盘
13:30:05	2.56	--	50	12800	卖盘
13:29:59	2.56	--	42	10752	卖盘
13:29:55	2.56	--	11	2816	卖盘
13:29:50	2.56	-0.01	18	4608	卖盘
13:29:44	2.57	0.01	53	13621	买盘
13:29:35	2.56	--	77	19712	卖盘
13:29:29	2.56	--	1000	256000	卖盘
13:29:25	2.56	--	3	768	卖盘
13:29:14	2.56	--	60	15360	卖盘
13:29:05	2.56	-0.01	15	3840	卖盘
13:28:59	2.57	0.01	120	30839	买盘
13:28:44	2.56	-0.01	11	2816	卖盘
13:28:40	2.57	0.01	45	11565	买盘
13:28:25	2.56	-0.01	3	768	卖盘
13:28:20	2.57	--	116	29811	买盘
13:28:05	2.57	--	111	28527	买盘
13:27:49	2.57	--	49	12593	买盘
13:27:44	2.57	--	30	7709	买盘
13:27:24	2.57	--	89	22873	买盘
13:27:14	2.57	0.01	2	514	买盘
13:27:09	2.56	--	10	2560	卖盘
13:26:59	2.56	--	29	7424	卖盘
13:26:54	2.56	--	50	12800	卖盘
13:26:44	2.56	--	100	25600	卖盘
13:26:39	2.56	--	60	15360	卖盘
13:26:34	2.56	--	103	26368	卖盘
13:26:24	2.56	-0.01	5	1280	卖盘
13:26:09	2.57	0.01	100	25700	买盘
13:26:04	2.56	-0.01	5	1280	卖盘
13:25:59	2.57	--	73	18761	买盘
13:25:54	2.57	0.01	280	71960	买盘
13:25:24	2.56	--	200	51200	卖盘
13:25:19	2.56	--	2	512	卖盘
13:25:14	2.56	-0.01	10	2560	卖盘
13:25:09	2.57	--	5	1285	买盘
13:25:04	2.57	0.01	11	2827	买盘
13:24:59	2.56	-0.01	159	40704	卖盘
13:24:54	2.57	0.01	96	24672	买盘
13:24:38	2.56	--	4	1024	卖盘
13:24:34	2.56	-0.01	213	54528	卖盘
13:24:23	2.57	--	4	1028	买盘
13:24:08	2.57	--	50	12850	买盘
13:23:44	2.57	--	110	28270	买盘
13:23:38	2.57	--	175	44975	买盘
13:23:23	2.57	--	568	145976	卖盘
13:23:14	2.57	--	1	257	卖盘
13:23:08	2.57	--	914	234897	卖盘
13:23:04	2.57	--	32	8224	卖盘
13:22:53	2.57	--	106	27242	卖盘
13:22:49	2.57	--	12	3084	卖盘
13:22:44	2.57	--	20	5140	卖盘
13:22:38	2.57	--	87	22359	卖盘
13:22:34	2.57	--	40	10280	卖盘
13:22:29	2.57	--	180	46260	卖盘
13:22:23	2.57	--	354	90978	卖盘
13:22:19	2.57	--	18	4626	卖盘
13:22:14	2.57	--	471	121046	卖盘
13:22:08	2.57	--	50	12850	卖盘
13:21:59	2.57	--	91	23387	卖盘
13:21:48	2.57	--	90	23130	卖盘
13:21:44	2.57	--	9	2313	卖盘
13:21:33	2.57	--	23	5911	卖盘
13:21:23	2.57	-0.01	352	90464	卖盘
13:21:18	2.58	0.01	16	4128	买盘
13:21:08	2.57	--	34	8738	卖盘
13:21:03	2.57	--	47	12079	卖盘
13:20:58	2.57	-0.01	16	4112	卖盘
13:20:53	2.58	0.01	100	25800	买盘
13:20:48	2.57	--	643	165251	卖盘
13:20:43	2.57	--	70	17990	卖盘
13:20:33	2.57	-0.01	9	2313	卖盘
13:20:28	2.58	0.01	2	516	买盘
13:20:18	2.57	--	2100	539700	卖盘
13:20:13	2.57	--	20	5140	卖盘
13:19:53	2.57	-0.01	76	19532	卖盘
13:19:48	2.58	0.01	193	49794	买盘
13:19:38	2.57	--	30	7709	卖盘
13:19:33	2.57	--	30	7709	卖盘
13:19:28	2.57	--	137	35209	卖盘
13:19:23	2.57	--	10	2570	卖盘
13:19:18	2.57	--	30	7709	卖盘
13:19:13	2.57	-0.01	11	2827	卖盘
13:19:08	2.58	0.01	42	10836	买盘
13:18:48	2.57	-0.01	51	13107	卖盘
13:18:38	2.58	0.01	56	14448	买盘
13:18:33	2.57	--	19	4883	卖盘
13:18:28	2.57	--	15	3854	卖盘
13:18:23	2.57	--	109	28013	卖盘
13:18:13	2.57	--	1	257	卖盘
13:18:08	2.57	--	10	2570	卖盘
13:18:02	2.57	--	20	5140	卖盘
13:17:58	2.57	--	2	514	卖盘
13:17:53	2.57	--	58	14905	卖盘
13:17:47	2.57	--	102	26214	卖盘
13:17:38	2.57	--	6	1542	卖盘
13:17:23	2.57	--	19	4883	卖盘
13:17:17	2.57	-0.01	312	80184	卖盘
13:17:02	2.58	0.01	66	17028	买盘
13:16:53	2.57	--	21	5397	卖盘
13:16:47	2.57	--	1	257	卖盘
13:16:43	2.57	--	20	5140	卖盘
13:16:38	2.57	--	5	1285	卖盘
13:16:32	2.57	-0.01	20	5140	卖盘
13:16:23	2.58	0.01	7	1806	买盘
13:16:13	2.57	--	130	33410	卖盘
13:16:02	2.57	-0.01	18	4626	卖盘
13:15:47	2.58	0.01	91	23478	买盘
13:15:43	2.57	--	36	9252	卖盘
13:15:38	2.57	--	27	6939	卖盘
13:15:32	2.57	-0.01	60	15419	卖盘
13:15:28	2.58	0.01	338	87204	买盘
13:15:22	2.57	--	104	26728	卖盘
13:15:17	2.57	--	650	167050	卖盘
13:15:08	2.57	--	50	12850	卖盘
13:15:02	2.57	--	10	2570	卖盘
13:14:52	2.57	--	7	1799	卖盘
13:14:47	2.57	-0.01	99	25443	卖盘
13:14:42	2.58	--	95	24510	买盘
13:14:32	2.58	0.01	12	3096	买盘
13:14:27	2.57	--	88	22616	卖盘
13:14:22	2.57	-0.01	1007	258798	卖盘
13:14:12	2.58	0.01	40	10320	买盘
13:14:07	2.57	--	79	20303	卖盘
13:13:57	2.57	--	8	2056	卖盘
13:13:52	2.57	--	7	1799	卖盘
13:13:47	2.57	--	10	2570	卖盘
13:13:27	2.57	--	50	12850	卖盘
13:13:22	2.57	--	15	3854	卖盘
13:13:17	2.57	--	26	6682	卖盘
13:13:12	2.57	--	33	8481	卖盘
13:13:02	2.57	--	66	16962	卖盘
13:12:47	2.57	-0.01	48	12336	卖盘
13:12:42	2.58	0.01	1	258	买盘
13:12:32	2.57	--	20	5140	卖盘
13:12:27	2.57	--	22	5654	卖盘
13:12:17	2.57	--	1	257	卖盘
13:12:12	2.57	-0.01	504	129527	卖盘
13:12:02	2.58	0.01	5	1290	买盘
13:11:57	2.57	--	10	2570	卖盘
13:11:47	2.57	-0.01	20	5140	卖盘
13:11:32	2.58	--	37	9546	买盘
13:11:27	2.58	0.01	3	774	买盘
13:11:17	2.57	-0.01	40	10280	卖盘
13:11:11	2.58	--	10	2580	买盘
13:10:56	2.58	--	50	12900	买盘
13:10:41	2.58	0.01	38	9804	买盘
13:10:32	2.57	--	1	257	卖盘
13:10:26	2.57	-0.01	31	7966	卖盘
13:10:11	2.58	--	106	27348	买盘
13:10:07	2.58	0.01	30	7740	买盘
13:10:02	2.57	-0.01	89	22873	卖盘
13:09:56	2.58	--	10	2580	买盘
13:09:52	2.58	--	13	3354	买盘
13:09:47	2.58	--	41	10578	买盘
13:09:22	2.58	0.01	30	7740	买盘
13:09:11	2.57	--	213	54843	买盘
13:09:07	2.57	--	435	111795	买盘
13:09:02	2.57	--	565	145205	买盘
13:08:51	2.57	--	10	2570	买盘
13:08:47	2.57	--	250	64249	买盘
13:08:41	2.57	-0.01	2663	684545	卖盘
13:08:37	2.58	--	1	258	买盘
13:08:21	2.58	0.01	11	2838	买盘
13:07:51	2.57	--	222	57054	卖盘
13:07:41	2.57	--	24	6168	卖盘
13:07:36	2.57	--	106	27242	卖盘
13:07:31	2.57	-0.01	10	2570	卖盘
13:07:21	2.58	--	54	13932	买盘
13:07:11	2.58	--	8100	2089800	买盘
13:07:06	2.58	--	24	6192	买盘
13:07:01	2.58	0.01	30	7740	买盘
13:06:56	2.57	--	100	25700	卖盘
13:06:51	2.57	--	40	10280	卖盘
13:06:46	2.57	--	17	4369	卖盘
13:06:41	2.57	--	88	22616	卖盘
13:06:36	2.57	--	611	157027	卖盘
13:06:26	2.57	--	90	23130	卖盘
13:06:11	2.57	--	10	2570	卖盘
13:06:01	2.57	-0.01	31	7966	卖盘
13:05:51	2.58	--	48	12384	买盘
13:05:46	2.58	--	122	31476	买盘
13:05:41	2.58	0.01	7	1806	买盘
13:05:21	2.57	--	100	25700	卖盘
13:05:16	2.57	--	97	24929	卖盘
13:05:05	2.57	--	116	29811	卖盘
13:05:01	2.57	--	50	12850	卖盘
13:04:56	2.57	-0.01	101	25957	卖盘
13:04:41	2.58	--	1	258	买盘
13:04:11	2.58	0.01	1	258	买盘
13:04:05	2.57	-0.01	6	1542	卖盘
13:04:01	2.58	--	53	13674	买盘
13:03:56	2.58	0.01	450	116100	买盘
13:03:46	2.57	--	18	4626	卖盘
13:03:31	2.57	--	1	257	卖盘
13:03:26	2.57	-0.01	23	5911	卖盘
13:03:11	2.58	--	10	2580	买盘
13:03:05	2.58	0.01	70	18060	买盘
13:03:01	2.57	-0.01	3	771	卖盘
13:02:56	2.58	--	595	153510	买盘
13:02:50	2.58	--	4	1032	买盘
13:02:41	2.58	0.01	1	258	买盘
13:02:35	2.57	-0.01	527	135439	卖盘
13:02:26	2.58	--	30	7740	买盘
13:02:20	2.58	--	100	25800	买盘
13:02:05	2.58	--	200	51600	买盘
13:02:00	2.58	--	100	25800	买盘
13:01:56	2.58	--	124	31992	买盘
13:01:50	2.58	--	242	62436	买盘
13:01:45	2.58	--	4	1032	买盘
13:01:40	2.58	--	5	1290	买盘
13:01:35	2.58	--	151	38958	买盘
13:01:30	2.58	--	26	6708	买盘
13:01:15	2.58	--	83	21414	买盘
13:01:05	2.58	--	266	68628	买盘
13:01:00	2.58	--	53	13674	买盘
13:00:35	2.58	0.01	118	30444	买盘
13:00:20	2.57	-0.01	24	6168	卖盘
13:00:15	2.58	--	6	1548	买盘
13:00:10	2.58	--	675	174150	买盘
13:00:05	2.58	--	6904	1781232	买盘
11:30:00	2.58	--	0	0	买盘
11:30:00	2.58	--	0	0	买盘
11:30:00	2.58	0.01	100	25800	买盘
11:29:57	2.57	-0.01	165	42405	卖盘
11:29:32	2.58	--	4	1032	买盘
11:29:22	2.58	0.01	7	1806	买盘
11:29:16	2.57	-0.01	10	2570	卖盘
11:29:12	2.58	--	17	4386	买盘
11:29:07	2.58	0.01	50	12900	买盘
11:29:01	2.57	-0.01	6	1542	卖盘
11:28:51	2.58	--	30	7740	买盘
11:28:46	2.58	--	15	3870	买盘
11:28:36	2.58	0.01	23	5934	买盘
11:28:31	2.57	--	151	38807	卖盘
11:28:16	2.57	--	60	15419	卖盘
11:28:01	2.57	--	5	1285	卖盘
11:27:56	2.57	--	5	1285	卖盘
11:27:41	2.57	-0.01	450	115650	卖盘
11:27:31	2.58	--	30	7740	买盘
11:27:26	2.58	0.01	45	11610	买盘
11:27:11	2.57	--	5	1285	卖盘
11:26:56	2.57	-0.01	200	51400	卖盘
11:26:46	2.58	0.01	30	7740	买盘
11:26:41	2.57	--	165	42405	卖盘
11:26:36	2.57	--	5	1285	卖盘
11:26:31	2.57	--	1	257	卖盘
11:26:26	2.57	--	153	39321	卖盘
11:26:21	2.57	--	50	12850	卖盘
11:26:16	2.57	--	119	30582	卖盘
11:26:11	2.57	--	1	359	卖盘
11:26:01	2.57	--	7	1799	卖盘
11:25:56	2.57	--	57	14648	卖盘
11:25:51	2.57	--	5	1285	卖盘
11:25:41	2.57	-0.01	20	5140	卖盘
11:25:36	2.58	0.01	21	5418	买盘
11:25:31	2.57	--	7	1799	卖盘
11:25:26	2.57	--	26	6682	卖盘
11:25:16	2.57	--	105	26985	卖盘
11:25:11	2.57	--	8	2056	卖盘
11:25:06	2.57	--	15	3854	卖盘
11:25:01	2.57	--	20	5140	卖盘
11:24:56	2.57	-0.01	30	7709	卖盘
11:24:36	2.58	0.01	1	258	买盘
11:24:26	2.57	-0.01	15	3854	卖盘
11:24:21	2.58	0.01	115	29670	买盘
11:24:16	2.57	--	147	37779	买盘
11:24:11	2.57	--	73	18761	中性盘
11:24:06	2.57	--	10	2570	卖盘
11:24:01	2.57	--	32	8224	买盘
11:23:55	2.57	--	1133	291181	买盘
11:23:51	2.57	--	100	25700	买盘
11:23:46	2.57	--	15	3854	买盘
11:23:41	2.57	0.01	230	59109	买盘
11:23:36	2.56	-0.01	30	7680	卖盘
11:23:31	2.57	--	80	20560	买盘
11:23:26	2.57	--	222	57054	买盘
11:23:21	2.57	--	265	68105	买盘
11:23:11	2.57	--	94	24158	买盘
11:23:06	2.57	--	770	197890	买盘
11:23:01	2.57	--	132	33924	买盘
11:22:56	2.57	--	256	65792	买盘
11:22:51	2.57	--	156	40092	买盘
11:22:46	2.57	--	237	60908	买盘
11:22:40	2.57	0.01	195	50115	买盘
11:22:36	2.56	-0.01	2	512	卖盘
11:22:25	2.57	0.01	126	32541	买盘
11:22:20	2.56	--	145	37120	买盘
11:22:16	2.56	--	80	20480	买盘
11:22:10	2.56	--	140	35937	卖盘
11:22:06	2.56	--	1742	446110	买盘
11:21:55	2.56	--	67	17152	买盘
11:21:50	2.56	0.01	60	15360	买盘
11:21:45	2.55	-0.01	3	765	卖盘
11:21:36	2.56	0.01	675	172800	买盘
11:21:30	2.55	-0.01	155	39525	卖盘
11:21:20	2.56	--	95	24320	买盘
11:21:05	2.56	0.01	2000	512000	买盘
11:21:00	2.55	--	50	12750	卖盘
11:20:55	2.55	--	59	15044	卖盘
11:20:50	2.55	--	51	13005	卖盘
11:20:40	2.55	-0.01	17	4335	卖盘
11:20:15	2.56	--	20	5120	买盘
11:20:10	2.56	--	17	4352	买盘
11:20:05	2.56	--	61	15616	买盘
11:19:55	2.56	--	150	38400	买盘
11:19:49	2.56	--	400	102400	买盘
11:19:45	2.56	0.01	300	76800	买盘
11:19:35	2.55	--	163	41565	卖盘
11:19:05	2.55	-0.01	20	5100	卖盘
11:19:00	2.56	0.01	64	16384	买盘
11:18:55	2.55	--	3	765	卖盘
11:18:35	2.55	--	98	24990	卖盘
11:18:29	2.55	--	1	254	卖盘
11:18:25	2.55	--	73	18615	卖盘
11:18:10	2.55	--	40	10200	卖盘
11:18:00	2.55	--	18	4590	卖盘
11:17:49	2.55	--	520	132605	卖盘
11:17:15	2.55	--	129	32895	卖盘
11:17:05	2.55	-0.01	100	25500	卖盘
11:17:00	2.56	0.01	10	2560	买盘
11:16:55	2.55	--	7	1784	卖盘
11:16:44	2.55	--	200	51000	卖盘
11:16:40	2.55	--	8	2039	卖盘
11:16:34	2.55	--	3	765	卖盘
11:16:29	2.55	--	28	7139	卖盘
11:16:25	2.55	--	18	4590	买盘
11:16:19	2.55	--	236	60179	买盘
11:16:14	2.55	--	69	17595	买盘
11:16:04	2.55	--	60	15299	买盘
11:16:00	2.55	--	100	25500	买盘
11:15:55	2.55	--	116	29579	买盘
11:15:49	2.55	--	40	10200	买盘
11:15:45	2.55	0.01	1126	287130	买盘
11:15:40	2.54	-0.01	19	4826	卖盘
11:15:34	2.55	--	30	7649	买盘
11:15:19	2.55	--	199	50745	买盘
11:15:04	2.55	0.01	10	2550	买盘
11:14:59	2.54	--	1	254	卖盘
11:14:49	2.54	-0.01	66	16764	卖盘
11:14:44	2.55	--	10	2550	买盘
11:14:24	2.55	--	29	7394	买盘
11:14:19	2.55	--	20	5100	买盘
11:14:14	2.55	--	150	38250	卖盘
11:14:09	2.55	--	200	51000	卖盘
11:14:04	2.55	--	50	12750	卖盘
11:13:59	2.55	--	42	10710	卖盘
11:13:34	2.55	--	2	509	卖盘
11:13:19	2.55	--	53	13514	卖盘
11:13:14	2.55	--	15	3824	买盘
11:13:04	2.55	--	35	8925	卖盘
11:12:58	2.55	--	35	8925	卖盘
11:12:49	2.55	--	259	66045	买盘
11:12:44	2.55	--	159	40545	卖盘
11:12:34	2.55	--	166	42330	卖盘
11:12:29	2.55	--	60	15299	卖盘
11:12:19	2.55	--	25	6375	卖盘
11:12:14	2.55	--	142	36210	卖盘
11:12:09	2.55	--	1	254	卖盘
11:12:03	2.55	--	164	41820	卖盘
11:11:59	2.55	--	289	73695	卖盘
11:11:53	2.55	--	2	509	卖盘
11:11:49	2.55	--	50	12750	卖盘
11:11:34	2.55	--	16	4079	卖盘
11:11:29	2.55	--	10	2550	卖盘
11:11:23	2.55	--	45	11475	卖盘
11:11:14	2.55	--	50	12750	卖盘
11:11:08	2.55	--	76	19380	卖盘
11:10:53	2.55	-0.01	2000	509999	卖盘
11:10:39	2.56	--	42	10752	买盘
11:10:29	2.56	0.01	3	768	买盘
11:10:09	2.55	--	114	29069	卖盘
11:09:54	2.55	--	25	6375	卖盘
11:09:49	2.55	-0.01	8	2039	卖盘
11:09:43	2.56	--	237	60672	买盘
11:09:39	2.56	--	46	11776	买盘
11:09:34	2.56	--	20	5120	买盘
11:09:13	2.56	--	20	5120	买盘
11:09:08	2.56	--	16	4096	买盘
11:08:53	2.56	0.01	121	30976	买盘
11:08:48	2.55	-0.01	35	8925	卖盘
11:08:43	2.56	--	41	10496	买盘
11:08:23	2.56	0.01	33	8448	买盘
11:08:08	2.55	-0.01	81	20655	卖盘
11:07:58	2.56	0.01	100	25600	买盘
11:07:53	2.55	-0.01	1	254	卖盘
11:07:48	2.56	0.01	10	2560	买盘
11:07:43	2.55	--	2005	511274	卖盘
11:07:28	2.55	--	54	13769	卖盘
11:07:18	2.55	-0.01	1	254	卖盘
11:07:13	2.56	--	1	256	买盘
11:06:53	2.56	--	34	8704	买盘
11:06:38	2.56	0.01	100	25600	买盘
11:06:22	2.55	--	75	19125	卖盘
11:06:18	2.55	--	12	3060	卖盘
11:06:13	2.55	-0.01	71	18105	卖盘
11:05:57	2.56	0.01	40	10240	买盘
11:05:53	2.55	-0.01	109	27794	卖盘
11:05:43	2.56	--	50	12800	买盘
11:05:38	2.56	--	1	256	买盘
11:05:32	2.56	0.01	528	135168	买盘
11:05:27	2.55	--	150	38250	卖盘
11:05:23	2.55	-0.01	118	30089	卖盘
11:05:17	2.56	--	2	512	买盘
11:05:08	2.56	--	501	128256	买盘
11:04:57	2.56	--	5	1280	买盘
11:04:53	2.56	--	31	7936	买盘
11:04:32	2.56	--	67	17152	买盘
11:04:17	2.56	0.01	57	14592	买盘
11:04:08	2.55	-0.01	2	509	卖盘
11:04:02	2.56	--	502	128512	买盘
11:03:53	2.56	--	46	11776	买盘
11:03:43	2.56	0.01	5	1280	买盘
11:03:22	2.55	-0.01	4	1019	卖盘
11:03:17	2.56	0.01	64	16384	买盘
11:02:57	2.55	-0.01	147	37485	卖盘
11:02:47	2.56	0.01	24	6144	买盘
11:02:37	2.55	-0.01	40	10200	卖盘
11:02:32	2.56	0.01	2	512	买盘
11:02:17	2.55	-0.01	200	51000	卖盘
11:01:52	2.56	0.01	123	31488	买盘
11:01:22	2.55	-0.01	122	31109	卖盘
11:01:16	2.56	--	1908	488448	买盘
11:00:57	2.56	0.01	168	43008	买盘
11:00:52	2.55	--	10	2550	卖盘
11:00:47	2.55	-0.01	200	51000	卖盘
11:00:42	2.56	0.01	771	197376	买盘
11:00:37	2.55	-0.01	1	254	卖盘
11:00:22	2.56	0.01	517	132352	买盘
11:00:16	2.55	--	19	4845	买盘
11:00:12	2.55	--	27	6884	买盘
11:00:07	2.55	--	108	27539	买盘
10:59:56	2.55	--	1229	313395	卖盘
10:59:37	2.55	--	42	10710	卖盘
10:59:32	2.55	--	7	1784	卖盘
10:59:16	2.55	--	23	5865	卖盘
10:59:11	2.55	--	12	3060	买盘
10:59:07	2.55	--	36	9180	买盘
10:58:56	2.55	0.01	8	2039	买盘
10:58:46	2.54	--	0	0	卖盘
10:58:41	2.54	-0.02	6751	1714754	卖盘
10:58:36	2.56	--	34	8704	买盘
10:57:56	2.56	0.01	81	20736	买盘
10:57:51	2.55	-0.01	5	1275	卖盘
10:57:47	2.56	0.01	8	2048	买盘
10:57:41	2.55	--	70	17850	卖盘
10:57:31	2.55	--	20	5100	卖盘
10:57:26	2.55	-0.01	3	765	卖盘
10:57:16	2.56	0.01	48	12288	买盘
10:57:11	2.55	--	150	38250	卖盘
10:57:01	2.55	--	18	4590	卖盘
10:56:41	2.55	-0.01	2	509	卖盘
10:56:31	2.56	--	91	23296	买盘
10:56:16	2.56	--	20	5120	买盘
10:55:46	2.56	--	10	2560	买盘
10:55:41	2.56	0.01	40	10240	买盘
10:55:31	2.55	-0.01	10	2550	卖盘
10:55:06	2.56	--	78	19968	买盘
10:54:46	2.56	0.01	2	512	买盘
10:54:41	2.55	-0.01	4	1019	卖盘
10:54:16	2.56	--	110	28160	买盘
10:53:55	2.56	--	5	1280	买盘
10:53:50	2.56	0.01	106	27136	买盘
10:53:46	2.55	--	4	1019	卖盘
10:53:41	2.55	--	12	3060	卖盘
10:53:11	2.55	--	3	765	卖盘
10:53:00	2.55	--	3	765	卖盘
10:52:55	2.55	-0.01	2	509	卖盘
10:52:50	2.56	0.01	439	112384	买盘
10:52:41	2.55	-0.01	190	48450	卖盘
10:52:35	2.56	--	5	1280	买盘
10:52:25	2.56	0.01	15	3840	买盘
10:52:20	2.55	-0.01	4	1019	卖盘
10:52:15	2.56	--	100	25600	买盘
10:51:56	2.56	0.01	16	4096	买盘
10:51:41	2.55	-0.01	162	41310	卖盘
10:51:30	2.56	--	93	23808	买盘
10:51:20	2.56	0.01	1	256	买盘
10:51:11	2.55	-0.01	40	10200	卖盘
10:51:05	2.56	0.01	1	256	买盘
10:51:00	2.55	-0.01	20	5100	卖盘
10:50:55	2.56	0.01	50	12800	买盘
10:50:50	2.55	--	211	53804	卖盘
10:50:35	2.55	--	50	12750	卖盘
10:50:30	2.55	--	19	4845	卖盘
10:50:15	2.55	--	15	3824	卖盘
10:50:05	2.55	--	235	59924	卖盘
10:49:45	2.55	--	64	16319	卖盘
10:49:34	2.55	--	119	30344	卖盘
10:49:10	2.55	-0.01	181	46155	卖盘
10:49:05	2.56	--	143	36608	买盘
10:49:00	2.56	--	137	35072	买盘
10:48:55	2.56	--	14	3584	买盘
10:48:50	2.56	--	29	7424	买盘
10:48:45	2.56	0.01	40	10240	买盘
10:48:34	2.55	--	312	79560	卖盘
10:48:19	2.55	-0.01	30	7649	卖盘
10:48:15	2.56	0.01	97	24832	买盘
10:48:10	2.55	-0.01	29	7394	卖盘
10:48:04	2.56	0.01	40	10240	买盘
10:47:55	2.55	--	109	27794	卖盘
10:47:50	2.55	--	2	509	卖盘
10:47:40	2.55	--	100	25500	卖盘
10:47:35	2.55	--	7	1784	卖盘
10:47:30	2.55	--	44	11220	买盘
10:47:25	2.55	--	132	33660	买盘
10:47:20	2.55	--	5	1275	买盘
10:47:14	2.55	--	67	17085	买盘
10:47:10	2.55	0.01	15	3824	买盘
10:47:05	2.54	-0.01	39	9906	卖盘
10:46:49	2.55	--	450	114749	买盘
10:46:44	2.55	--	1	254	买盘
10:46:39	2.55	--	1194	304470	买盘
10:46:20	2.55	--	260	66300	买盘
10:46:14	2.55	--	2	509	买盘
10:46:09	2.55	--	30	7649	买盘
10:46:05	2.55	0.01	163	41565	买盘
10:45:44	2.54	-0.01	399	101346	卖盘
10:45:35	2.55	--	7	1784	买盘
10:45:29	2.55	--	1	254	买盘
10:45:20	2.55	--	50	12750	买盘
10:45:14	2.55	--	244	62219	买盘
10:45:05	2.55	0.01	130	33150	买盘
10:44:59	2.54	--	243	61722	卖盘
10:44:54	2.54	-0.01	82	20828	卖盘
10:44:34	2.55	--	59	15044	买盘
10:44:29	2.55	--	100	25500	买盘
10:44:19	2.55	--	181	46155	买盘
10:44:04	2.55	--	10	2550	买盘
10:43:59	2.55	--	21	5355	买盘
10:43:49	2.55	--	1	254	买盘
10:43:44	2.55	--	70	17850	买盘
10:43:34	2.55	0.01	100	25500	买盘
10:43:28	2.54	-0.01	63	16002	卖盘
10:43:19	2.55	--	212	54059	买盘
10:43:14	2.55	--	281	71655	买盘
10:43:09	2.55	--	418	106589	买盘
10:43:04	2.55	0.01	190	48450	买盘
10:42:59	2.54	-0.01	36	9144	卖盘
10:42:49	2.55	0.01	195	49725	买盘
10:42:44	2.54	-0.01	110	27940	卖盘
10:42:28	2.55	--	30	7649	买盘
10:42:19	2.55	--	115	29324	买盘
10:42:09	2.55	--	62	15809	买盘
10:41:58	2.55	--	19	4845	买盘
10:41:49	2.55	--	380	96900	买盘
10:41:43	2.55	0.01	42	10710	买盘
10:41:39	2.54	-0.01	2	508	卖盘
10:41:34	2.55	--	60	15299	买盘
10:41:29	2.55	--	115	29324	买盘
10:41:19	2.55	--	118	30089	买盘
10:41:13	2.55	--	7	1784	买盘
10:41:08	2.55	--	60	15299	买盘
10:41:04	2.55	--	240	61199	买盘
10:40:59	2.55	--	120	30599	买盘
10:40:54	2.55	--	15	3824	买盘
10:40:44	2.55	--	29	7394	买盘
10:40:29	2.55	--	274	69870	买盘
10:40:18	2.55	--	118	30089	买盘
10:40:13	2.55	0.01	31	7904	买盘
10:40:08	2.54	--	3	762	卖盘
10:40:04	2.54	-0.01	30	7620	卖盘
10:39:44	2.55	--	383	97665	买盘
10:39:38	2.55	0.01	4	1019	买盘
10:39:28	2.54	-0.01	1	254	卖盘
10:39:23	2.55	--	30	7649	买盘
10:39:13	2.55	--	1	254	买盘
10:39:08	2.55	--	18	4590	买盘
10:39:03	2.55	--	51	13005	买盘
10:38:59	2.55	--	40	10200	买盘
10:38:43	2.55	--	161	41055	买盘
10:38:38	2.55	--	18	4590	买盘
10:38:33	2.55	--	49	12495	买盘
10:38:29	2.55	--	4	1019	买盘
10:38:23	2.55	--	69	17595	买盘
10:38:13	2.55	--	1	254	买盘
10:38:08	2.55	--	19	4845	买盘
10:38:03	2.55	--	31	7904	买盘
10:37:43	2.55	--	1	254	买盘
10:37:38	2.55	--	69	17595	买盘
10:37:33	2.55	--	41	10455	买盘
10:37:28	2.55	--	1	254	买盘
10:37:13	2.55	--	1	254	买盘
10:37:08	2.55	--	19	4845	买盘
10:37:03	2.55	--	32	8159	买盘
10:36:53	2.55	0.01	60	15299	买盘
10:36:48	2.54	--	20	5080	卖盘
10:36:33	2.54	-0.01	20	5080	卖盘
10:36:28	2.55	--	160	40800	买盘
10:36:13	2.55	--	55	14024	买盘
10:35:58	2.55	--	115	29324	买盘
10:35:43	2.55	0.01	540	137700	买盘
10:35:28	2.54	-0.01	70	17780	卖盘
10:35:18	2.55	0.01	46	11730	买盘
10:35:07	2.54	-0.01	1	254	卖盘
10:34:28	2.55	0.01	62	15809	买盘
10:34:22	2.54	--	119	30226	卖盘
10:34:17	2.54	-0.01	159	40386	卖盘
10:34:02	2.55	0.01	1	254	买盘
10:33:52	2.54	--	40	10160	卖盘
10:33:42	2.54	--	1501	381254	买盘
10:33:32	2.54	--	136	34544	买盘
10:33:23	2.54	0.01	20	5080	买盘
10:33:12	2.53	-0.01	1	252	卖盘
10:33:07	2.54	--	2	508	买盘
10:32:57	2.54	--	10	2540	买盘
10:32:52	2.54	--	102	25908	买盘
10:32:37	2.54	--	5	1270	买盘
10:32:32	2.54	--	200	50800	买盘
10:32:27	2.54	0.01	1	254	买盘
10:32:07	2.53	-0.01	1	252	卖盘
10:32:02	2.54	0.01	67	17018	买盘
10:31:42	2.53	-0.01	100	25299	卖盘
10:31:37	2.54	--	24	6096	买盘
10:31:17	2.54	--	119	30226	买盘
10:31:12	2.54	--	23	5842	买盘
10:31:07	2.54	--	78	19812	买盘
10:31:02	2.54	0.01	201	51054	买盘
10:30:47	2.53	-0.01	29	7336	卖盘
10:30:42	2.54	--	539	136906	买盘
10:30:27	2.54	0.01	171	43434	买盘
10:29:46	2.53	-0.01	157	39721	卖盘
10:29:22	2.54	--	6	1524	买盘
10:29:16	2.54	--	93	23622	买盘
10:29:12	2.54	--	8	2032	买盘
10:29:01	2.54	0.01	502	127508	买盘
10:28:57	2.53	--	1	252	卖盘
10:28:46	2.53	--	1	252	卖盘
10:28:37	2.53	--	20	5060	卖盘
10:28:22	2.53	--	5	1265	卖盘
10:28:07	2.53	--	5	1265	卖盘
10:28:01	2.53	--	56	14167	卖盘
10:27:01	2.53	-0.01	6	1517	卖盘
10:26:56	2.54	--	10	2540	买盘
10:26:46	2.54	--	1	254	买盘
10:26:41	2.54	--	66	16764	买盘
10:26:11	2.54	0.01	147	37338	买盘
10:25:46	2.53	-0.01	2	505	卖盘
10:25:36	2.54	0.01	45	11430	买盘
10:25:26	2.53	-0.01	400	101199	卖盘
10:25:21	2.54	--	152	38608	买盘
10:25:11	2.54	--	7	1778	买盘
10:25:06	2.54	--	12	3048	买盘
10:25:01	2.54	--	364	92456	买盘
10:24:56	2.54	--	201	51054	买盘
10:24:46	2.54	--	525	133350	买盘
10:24:36	2.54	--	12	3048	买盘
10:24:31	2.54	0.01	13	3302	买盘
10:24:26	2.53	-0.01	300	75900	卖盘
10:24:16	2.54	0.01	47	11938	买盘
10:24:06	2.53	--	34	8602	卖盘
10:23:55	2.53	-0.01	40	10120	卖盘
10:23:51	2.54	0.01	24	6096	买盘
10:23:40	2.53	-0.01	20	5060	卖盘
10:23:36	2.54	--	43	10922	买盘
10:23:31	2.54	0.01	5	1270	买盘
10:23:10	2.53	--	95	24034	卖盘
10:23:01	2.53	-0.01	1	252	卖盘
10:22:55	2.54	0.01	72	18288	买盘
10:22:36	2.53	--	45	11385	卖盘
10:22:21	2.53	-0.01	15	3794	卖盘
10:22:05	2.54	--	58	14732	买盘
10:21:35	2.54	--	6	1524	买盘
10:21:20	2.54	0.01	55	13970	买盘
10:21:16	2.53	-0.01	39	9867	卖盘
10:21:10	2.54	0.01	8	2032	买盘
10:21:05	2.53	-0.01	21	5313	卖盘
10:21:00	2.54	--	200	50800	买盘
10:20:55	2.54	0.01	1	254	买盘
10:20:46	2.53	--	14	3541	卖盘
10:20:35	2.53	-0.01	508	128523	卖盘
10:20:31	2.54	0.01	80	20320	买盘
10:20:20	2.53	--	22	5566	卖盘
10:19:50	2.53	-0.01	22	5566	卖盘
10:19:40	2.54	--	46	11684	买盘
10:19:35	2.54	0.01	1	254	买盘
10:19:25	2.53	--	21	5313	卖盘
10:19:10	2.53	--	206	52117	卖盘
10:18:45	2.53	--	37	9361	卖盘
10:18:30	2.53	-0.01	43	10879	卖盘
10:18:25	2.54	--	141	35814	买盘
10:18:20	2.54	--	4	1016	买盘
10:18:10	2.54	0.01	5	1270	买盘
10:17:55	2.53	--	14	3541	卖盘
10:17:49	2.53	--	136	34408	卖盘
10:17:45	2.53	-0.01	13	3288	卖盘
10:17:40	2.54	0.01	1	254	买盘
10:17:35	2.53	-0.01	87	22011	卖盘
10:17:30	2.54	--	20	5080	买盘
10:17:25	2.54	--	10	2540	买盘
10:17:19	2.54	--	30	7620	买盘
10:17:10	2.54	--	1	254	买盘
10:17:04	2.54	--	77	19558	买盘
10:17:00	2.54	--	10	2540	买盘
10:16:55	2.54	0.01	1	254	买盘
10:16:30	2.53	-0.01	100	25299	卖盘
10:16:19	2.54	0.01	1	254	买盘
10:16:10	2.53	--	50	12649	卖盘
10:15:55	2.53	--	2	505	卖盘
10:15:49	2.53	--	20	5060	卖盘
10:15:25	2.53	-0.01	317	80201	卖盘
10:15:19	2.54	0.01	500	127000	买盘
10:15:10	2.53	-0.01	30	7589	卖盘
10:15:04	2.54	0.01	8	2032	买盘
10:14:55	2.53	--	20	5060	卖盘
10:14:40	2.53	-0.01	30	7589	卖盘
10:14:34	2.54	0.01	100	25400	买盘
10:14:29	2.53	--	193	48828	卖盘
10:14:14	2.53	--	54	13661	卖盘
10:13:59	2.53	-0.01	22	5566	卖盘
10:13:49	2.54	0.01	1	254	买盘
10:13:39	2.53	--	10	2530	卖盘
10:13:34	2.53	--	4	1011	卖盘
10:13:29	2.53	--	6	1517	卖盘
10:13:24	2.53	0.01	2656	671968	买盘
10:13:14	2.52	--	28	7056	卖盘
10:13:04	2.52	--	21	5292	卖盘
10:12:49	2.52	--	162	40824	卖盘
10:12:44	2.52	-0.01	1201	302652	卖盘
10:12:39	2.53	0.01	10	2530	买盘
10:12:34	2.52	-0.01	28	7056	卖盘
10:12:29	2.53	0.01	94	23781	买盘
10:12:19	2.52	--	20	5040	卖盘
10:12:04	2.52	-0.01	135	34020	卖盘
10:11:59	2.53	0.01	10	2530	买盘
10:11:54	2.52	--	10	2520	卖盘
10:11:49	2.52	--	132	33264	卖盘
10:11:44	2.52	-0.01	1800	453600	卖盘
10:11:39	2.53	0.01	20	5060	买盘
10:11:19	2.52	--	109	27468	卖盘
10:11:13	2.52	-0.01	8	2016	卖盘
10:11:04	2.53	0.01	141	35673	买盘
10:10:58	2.52	-0.01	22	5544	卖盘
10:10:49	2.53	0.01	26	6577	买盘
10:10:43	2.52	--	588	148176	卖盘
10:10:39	2.52	--	100	25200	卖盘
10:10:28	2.52	-0.01	15	3780	卖盘
10:09:38	2.53	0.01	192	48575	买盘
10:09:19	2.52	--	24	6048	卖盘
10:09:04	2.52	--	74	18648	卖盘
10:08:49	2.52	--	1954	492408	卖盘
10:08:43	2.52	--	100	25200	卖盘
10:08:38	2.52	--	39	9828	卖盘
10:08:34	2.52	--	20	5040	卖盘
10:08:28	2.52	--	25	6300	卖盘
10:08:08	2.52	--	40	10080	卖盘
10:08:03	2.52	--	9	2268	卖盘
10:07:58	2.52	--	145	36540	卖盘
10:07:53	2.52	--	1	252	卖盘
10:07:38	2.52	--	137	34524	卖盘
10:07:08	2.52	--	10	2520	卖盘
10:06:58	2.52	--	4	1008	卖盘
10:06:53	2.52	--	142	35784	卖盘
10:06:43	2.52	--	623	156996	卖盘
10:06:38	2.52	--	37	9324	卖盘
10:06:33	2.52	--	1	252	卖盘
10:06:28	2.52	--	280	70560	卖盘
10:06:23	2.52	--	130	32760	卖盘
10:06:18	2.52	--	1000	252000	卖盘
10:06:08	2.52	--	275	69300	卖盘
10:06:03	2.52	--	22	5544	卖盘
10:05:48	2.52	-0.01	520	131040	卖盘
10:05:38	2.53	0.01	18	4554	买盘
10:05:28	2.52	--	20	5040	卖盘
10:05:22	2.52	--	20	5040	卖盘
10:05:18	2.52	-0.01	109	27468	卖盘
10:05:13	2.53	0.01	659	166727	买盘
10:05:07	2.52	--	33	8316	卖盘
10:05:03	2.52	-0.01	676	170352	卖盘
10:04:52	2.53	0.01	1	252	买盘
10:04:48	2.52	--	6	1512	卖盘
10:04:43	2.52	--	5010	1262520	卖盘
10:04:37	2.52	-0.01	5	1260	卖盘
10:04:22	2.53	--	20	5060	买盘
10:04:13	2.53	--	92	23276	买盘
10:04:03	2.53	--	8	2023	买盘
10:03:58	2.53	0.01	19	4807	买盘
10:03:43	2.52	-0.01	5	1260	卖盘
10:03:28	2.53	0.01	28	7083	买盘
10:03:22	2.52	--	18	4536	卖盘
10:03:03	2.52	--	266	67032	卖盘
10:02:52	2.52	--	500	126000	卖盘
10:02:37	2.52	--	237	59784	买盘
10:02:32	2.52	--	60	15120	买盘
10:02:28	2.52	-0.01	2619	659988	卖盘
10:02:22	2.53	0.01	154	38962	买盘
10:02:17	2.52	--	5	1260	卖盘
10:02:07	2.52	-0.01	288	72576	卖盘
10:01:58	2.53	0.01	5	1265	买盘
10:01:52	2.52	--	401	101052	卖盘
10:01:47	2.52	-0.01	2000	504000	卖盘
10:01:37	2.53	--	844	213531	买盘
10:01:32	2.53	0.01	1	252	买盘
10:01:17	2.52	--	3	756	买盘
10:01:12	2.52	--	164	41328	买盘
10:01:07	2.52	--	78	19656	卖盘
10:01:02	2.52	--	150	37800	卖盘
10:00:52	2.52	-0.01	132	33264	卖盘
10:00:42	2.53	0.01	35	8855	买盘
10:00:37	2.52	--	206	51912	卖盘
10:00:27	2.52	-0.01	2	504	卖盘
10:00:22	2.53	--	5004	1266012	买盘
10:00:17	2.53	0.01	220	55659	买盘
10:00:02	2.52	-0.01	60	15120	卖盘
09:59:52	2.53	--	30	7589	买盘
09:59:32	2.53	0.01	33	8349	买盘
09:59:22	2.52	--	75	18900	卖盘
09:59:17	2.52	-0.01	50	12600	卖盘
09:59:07	2.53	--	3295	833634	买盘
09:59:02	2.53	0.01	316	79948	买盘
09:58:52	2.52	-0.01	2	504	卖盘
09:58:46	2.53	--	59	14926	买盘
09:58:37	2.53	--	12	3035	买盘
09:58:31	2.53	--	137	34661	买盘
09:58:27	2.53	--	20	5060	买盘
09:58:22	2.53	--	82	20746	买盘
09:58:16	2.53	0.01	68	17204	买盘
09:58:12	2.52	--	4	1008	卖盘
09:58:07	2.52	-0.01	106	26712	卖盘
09:57:57	2.53	--	50	12649	买盘
09:57:46	2.53	--	1	252	买盘
09:57:42	2.53	--	13	3288	买盘
09:57:37	2.53	--	295	74635	买盘
09:57:31	2.53	--	10	2530	买盘
09:57:16	2.53	--	172	43516	买盘
09:57:07	2.53	--	34	8602	买盘
09:57:01	2.53	--	329	83237	买盘
09:56:57	2.53	0.01	11	2783	买盘
09:56:52	2.52	-0.01	175	44100	卖盘
09:56:46	2.53	--	50	12649	买盘
09:56:41	2.53	--	8	2023	买盘
09:56:37	2.53	--	36	9108	买盘
09:56:31	2.53	--	154	38962	买盘
09:56:27	2.53	0.01	55	13914	买盘
09:56:16	2.52	-0.01	104	26208	卖盘
09:56:11	2.53	0.01	500	126499	买盘
09:56:07	2.52	-0.01	44	11088	卖盘
09:56:01	2.53	0.01	1190	301070	买盘
09:55:56	2.52	-0.01	94	23688	卖盘
09:55:51	2.53	0.01	101	25552	买盘
09:55:46	2.52	-0.01	4	1008	卖盘
09:55:36	2.53	--	1165	294745	买盘
09:55:31	2.53	0.01	277	70081	买盘
09:55:26	2.52	--	450	113400	卖盘
09:55:16	2.52	-0.01	270	68040	卖盘
09:55:11	2.53	--	295	74635	买盘
09:55:06	2.53	--	22	5566	买盘
09:55:01	2.53	--	285	72105	买盘
09:54:56	2.53	--	1	252	买盘
09:54:46	2.53	--	26	6577	买盘
09:54:41	2.53	--	3869	979049	卖盘
09:54:31	2.53	--	49	12396	卖盘
09:54:21	2.53	--	37	9361	卖盘
09:54:16	2.53	--	23	5819	卖盘
09:54:11	2.53	--	7	1770	卖盘
09:53:51	2.53	--	1	252	卖盘
09:53:46	2.53	--	241	60972	卖盘
09:53:31	2.53	-0.01	372	94116	卖盘
09:53:21	2.54	--	25	6350	买盘
09:53:11	2.54	--	46	11684	买盘
09:52:56	2.54	--	17	4318	买盘
09:52:51	2.54	0.01	20	5080	买盘
09:52:46	2.53	-0.01	560	141680	卖盘
09:52:40	2.54	--	145	36830	买盘
09:52:36	2.54	--	2	508	买盘
09:52:25	2.54	0.01	112	28448	买盘
09:52:21	2.53	-0.01	1	252	卖盘
09:52:11	2.54	0.01	100	25400	买盘
09:52:06	2.53	--	24	6071	卖盘
09:52:01	2.53	-0.01	41	10373	卖盘
09:51:40	2.54	--	3	762	买盘
09:51:31	2.54	--	50	12700	买盘
09:51:25	2.54	0.01	167	42418	买盘
09:51:10	2.53	-0.01	40	10120	卖盘
09:50:55	2.54	--	19	4826	买盘
09:50:51	2.54	--	31	7874	卖盘
09:50:46	2.54	-0.01	270	68580	卖盘
09:50:40	2.55	0.02	49	12495	买盘
09:50:25	2.53	-0.01	115	29094	卖盘
09:50:21	2.54	0.01	1	254	中性盘
09:50:16	2.53	--	17	4301	卖盘
09:50:10	2.53	-0.01	552	139716	卖盘
09:49:55	2.54	--	168	42672	买盘
09:49:50	2.54	0.01	109	27686	买盘
09:49:46	2.53	--	203	51358	卖盘
09:49:40	2.53	-0.01	26	6577	卖盘
09:49:30	2.54	--	40	10160	买盘
09:49:25	2.54	--	100	25400	买盘
09:49:20	2.54	--	15	3810	买盘
09:49:16	2.54	--	172	43688	买盘
09:49:10	2.54	--	30	7620	买盘
09:49:05	2.54	--	10	2540	买盘
09:49:00	2.54	--	368	93472	买盘
09:48:55	2.54	--	210	53340	买盘
09:48:50	2.54	--	195	49530	买盘
09:48:45	2.54	0.01	20	5080	买盘
09:48:40	2.53	-0.01	36	9108	卖盘
09:48:35	2.54	0.01	18	4572	买盘
09:48:25	2.53	-0.01	2	505	卖盘
09:48:20	2.54	--	100	25400	买盘
09:48:15	2.54	--	9	2286	买盘
09:48:10	2.54	--	6	1524	买盘
09:48:05	2.54	--	211	53594	买盘
09:47:40	2.54	0.01	358	90932	买盘
09:47:35	2.53	--	147	37191	卖盘
09:47:30	2.53	--	100	25299	卖盘
09:47:25	2.53	-0.01	10	2530	卖盘
09:47:20	2.54	--	50	12700	买盘
09:47:15	2.54	--	150	38100	买盘
09:47:05	2.54	0.01	11	2794	买盘
09:46:50	2.53	-0.01	129	32636	卖盘
09:46:45	2.54	0.01	491	124714	买盘
09:46:40	2.53	-0.01	98	24793	卖盘
09:46:35	2.54	--	417	105918	买盘
09:46:19	2.54	0.01	16	4064	买盘
09:46:15	2.53	-0.01	37	9361	卖盘
09:46:10	2.54	0.01	1	254	买盘
09:46:04	2.53	--	20	5060	卖盘
09:45:49	2.53	--	423	107018	卖盘
09:45:45	2.53	-0.01	50	12649	卖盘
09:45:34	2.54	0.01	655	166370	买盘
09:45:30	2.53	-0.01	10	2530	卖盘
09:45:25	2.54	--	20	5080	买盘
09:45:19	2.54	0.01	153	38862	买盘
09:45:15	2.53	--	7	1770	卖盘
09:45:04	2.53	--	9	2277	卖盘
09:44:55	2.53	--	2	505	卖盘
09:44:40	2.53	-0.01	8	2023	卖盘
09:44:34	2.54	0.01	13	3302	买盘
09:44:30	2.53	--	40	10120	卖盘
09:44:19	2.53	--	48	12143	卖盘
09:44:15	2.53	--	10	2530	卖盘
09:44:10	2.53	-0.01	13	3288	卖盘
09:44:04	2.54	0.01	39	9906	买盘
09:44:00	2.53	--	49	12396	卖盘
09:43:55	2.53	--	4	1011	卖盘
09:43:49	2.53	-0.01	279	70587	卖盘
09:43:44	2.54	0.01	1	254	买盘
09:43:40	2.53	--	134	33902	卖盘
09:43:34	2.53	-0.01	5	1265	卖盘
09:43:29	2.54	--	23	5842	买盘
09:43:25	2.54	--	6	1524	买盘
09:43:19	2.54	0.01	3	762	买盘
09:43:14	2.53	-0.01	37	9361	卖盘
09:42:49	2.54	--	12	3048	买盘
09:42:44	2.54	0.01	31	7874	买盘
09:42:29	2.53	-0.01	112	28335	卖盘
09:42:24	2.54	--	10	2540	买盘
09:42:19	2.54	0.01	4	1016	买盘
09:42:14	2.53	-0.01	6	1517	卖盘
09:42:04	2.54	--	6	1524	买盘
09:41:54	2.54	--	10	2540	买盘
09:41:44	2.54	--	77	19558	买盘
09:41:34	2.54	--	2	508	买盘
09:41:29	2.54	--	58	14732	买盘
09:41:24	2.54	--	3134	796229	卖盘
09:41:19	2.54	--	60	15240	卖盘
09:41:04	2.54	-0.01	47	11938	卖盘
09:40:59	2.55	0.01	38	9690	买盘
09:40:49	2.54	-0.01	148	37592	卖盘
09:40:44	2.55	0.01	737	187935	买盘
09:40:39	2.54	--	11	2794	卖盘
09:40:34	2.54	-0.01	4	1016	卖盘
09:40:29	2.55	0.01	2	509	买盘
09:40:19	2.54	-0.01	17	4318	卖盘
09:40:14	2.55	--	171	43605	买盘
09:40:09	2.55	--	15	3824	买盘
09:39:58	2.55	--	390	99450	买盘
09:39:49	2.55	--	52	13259	买盘
09:39:34	2.55	--	130	33150	买盘
09:39:28	2.55	--	20	5100	买盘
09:39:19	2.55	--	53	13514	买盘
09:39:09	2.55	0.01	11	2805	买盘
09:38:58	2.54	-0.01	20	5080	卖盘
09:38:54	2.55	--	44	11220	买盘
09:38:49	2.55	--	74	18870	买盘
09:38:43	2.55	0.01	117	29834	买盘
09:38:39	2.54	--	319	81026	卖盘
09:38:34	2.54	-0.01	600	152400	卖盘
09:38:28	2.55	0.01	286	72930	买盘
09:38:19	2.54	-0.01	9	2286	卖盘
09:38:13	2.55	--	20	5100	买盘
09:38:09	2.55	--	26	6629	买盘
09:37:58	2.55	0.01	200	51000	买盘
09:37:49	2.54	--	282	71628	卖盘
09:37:43	2.54	--	78	19812	卖盘
09:37:39	2.54	-0.01	282	71628	卖盘
09:37:34	2.55	0.01	5	1275	买盘
09:37:28	2.54	-0.01	76	19304	卖盘
09:37:23	2.55	--	60	15299	买盘
09:37:19	2.55	--	51	13005	买盘
09:37:13	2.55	--	6	1530	买盘
09:37:08	2.55	0.01	49	12495	买盘
09:37:03	2.54	--	586	148844	卖盘
09:36:53	2.54	-0.01	468	118872	卖盘
09:36:48	2.55	--	59	15044	买盘
09:36:43	2.55	--	7	1784	买盘
09:36:38	2.55	--	213	54314	买盘
09:36:33	2.55	--	4	1019	买盘
09:36:28	2.55	--	510	130049	买盘
09:36:23	2.55	--	112	28559	买盘
09:36:13	2.55	--	17	4335	买盘
09:36:08	2.55	--	292	74460	买盘
09:35:58	2.55	--	15	3824	买盘
09:35:53	2.55	--	84	21420	买盘
09:35:38	2.55	--	26	6629	买盘
09:35:33	2.55	0.01	3	765	买盘
09:35:28	2.54	-0.01	143	36322	卖盘
09:35:18	2.55	--	200	51000	买盘
09:35:13	2.55	--	212	54121	买盘
09:34:58	2.55	--	713	181815	买盘
09:34:53	2.55	--	6	1530	买盘
09:34:48	2.55	0.01	4	1019	买盘
09:34:38	2.54	--	76	19304	卖盘
09:34:28	2.54	--	149	37846	买盘
09:34:23	2.54	--	50	12700	买盘
09:34:13	2.54	--	50	12700	买盘
09:34:08	2.54	--	62	15748	买盘
09:34:03	2.54	--	351	89154	买盘
09:33:58	2.54	--	111	28194	买盘
09:33:43	2.54	--	100	25400	买盘
09:33:33	2.54	-0.01	283	71882	卖盘
09:33:28	2.55	0.01	50	12750	买盘
09:33:23	2.54	-0.01	30	7620	卖盘
09:33:13	2.55	0.01	9	2295	买盘
09:33:03	2.54	--	55	13970	卖盘
09:32:57	2.54	--	500	127000	卖盘
09:32:52	2.54	-0.01	30	7620	卖盘
09:32:37	2.55	0.01	240	61199	买盘
09:32:28	2.54	--	213	54102	卖盘
09:32:18	2.54	--	352	89408	卖盘
09:32:13	2.54	--	158	40132	卖盘
09:32:07	2.54	--	714	181356	买盘
09:32:03	2.54	--	10	2540	买盘
09:31:58	2.54	--	3	762	买盘
09:31:52	2.54	--	100	25400	买盘
09:31:48	2.54	--	50	12700	买盘
09:31:43	2.54	--	22	5588	买盘
09:31:37	2.54	0.01	372	94488	买盘
09:31:27	2.53	-0.01	1	252	卖盘
09:31:17	2.54	--	196	49784	买盘
09:31:13	2.54	--	100	25400	买盘
09:31:07	2.54	0.01	40	10160	买盘
09:31:02	2.53	-0.01	27	6830	卖盘
09:30:57	2.54	--	68	17272	买盘
09:30:52	2.54	--	10	2540	买盘
09:30:47	2.54	--	206	52324	买盘
09:30:43	2.54	--	20	5080	买盘
09:30:32	2.54	--	72	18288	买盘
09:30:27	2.54	0.01	5	1270	买盘
09:30:22	2.53	--	5	1265	卖盘
09:30:17	2.53	--	149	37697	卖盘
09:30:12	2.53	-0.01	42	10626	卖盘
09:30:07	2.54	0.01	409	103886	买盘
09:30:02	2.53	--	91	23023	卖盘
09:28:55	2.53	--	0	0	卖盘
09:25:06	2.53	2.53	637	161161	买盘
