成交时间	成交价	价格变动	成交量(手)	成交额(元)	性质
15:00:00	12.79	--	0	0	卖盘
15:00:00	12.79	--	0	0	卖盘
14:59:52	12.79	-0.01	28	35812	卖盘
14:59:48	12.8	--	11	14080	买盘
14:59:37	12.8	0.01	14	17920	买盘
14:59:33	12.79	--	74	94646	卖盘
14:59:13	12.79	--	5	6395	卖盘
14:59:03	12.79	--	14	17906	卖盘
14:58:52	12.79	0.01	1	1279	买盘
14:58:43	12.78	--	12	15336	卖盘
14:58:28	12.78	--	0	0	卖盘
14:58:13	12.78	-0.01	100	127800	卖盘
14:58:07	12.79	--	2	2558	卖盘
14:57:52	12.79	--	3	3836	卖盘
14:57:33	12.79	--	19	24301	卖盘
14:57:28	12.79	--	1	1279	卖盘
14:57:22	12.79	--	1	1279	卖盘
14:57:02	12.79	--	8	10232	买盘
14:56:52	12.79	--	10	12790	买盘
14:56:48	12.79	--	2	2558	买盘
14:56:43	12.79	--	10	12790	买盘
14:56:37	12.79	--	10	12790	买盘
14:56:28	12.79	0.01	33	42207	买盘
14:56:07	12.78	--	19	24282	卖盘
14:56:03	12.78	--	6	7668	卖盘
14:55:52	12.78	-0.01	10	12780	卖盘
14:55:42	12.79	0.01	15	19185	买盘
14:55:37	12.78	--	16	20448	卖盘
14:55:32	12.78	-0.01	14	17892	卖盘
14:55:27	12.79	0.01	20	25580	买盘
14:55:22	12.78	-0.01	31	39618	卖盘
14:55:07	12.79	--	17	21743	买盘
14:54:42	12.79	-0.01	41	52439	卖盘
14:54:37	12.8	--	10	12800	买盘
14:54:22	12.8	--	37	47360	买盘
14:54:12	12.8	0.01	3	3840	买盘
14:54:01	12.79	-0.01	7	8953	卖盘
14:53:46	12.8	--	70	89600	卖盘
14:53:42	12.8	-0.01	20	25600	卖盘
14:53:31	12.81	--	30	38430	买盘
14:53:27	12.81	--	20	25620	买盘
14:53:22	12.81	0.01	2	2562	买盘
14:53:16	12.8	-0.01	20	25600	卖盘
14:53:07	12.81	0.01	1	1281	买盘
14:52:52	12.8	--	5	6400	卖盘
14:52:42	12.8	0.02	110	140800	买盘
14:52:27	12.78	--	61	78264	卖盘
14:51:42	12.78	--	1	1278	卖盘
14:51:16	12.78	--	0	0	卖盘
14:51:11	12.78	--	0	0	卖盘
14:51:07	12.78	-0.03	2	2556	卖盘
14:51:01	12.81	-0.03	2	2562	卖盘
14:50:46	12.84	--	20	26874	卖盘
14:50:41	12.84	--	4	5136	卖盘
14:50:37	12.84	--	35	44940	卖盘
14:50:31	12.84	--	23	29532	卖盘
14:50:22	12.84	--	17	21917	买盘
14:50:16	12.84	0.04	69	89790	买盘
14:50:11	12.8	--	0	0	卖盘
14:50:07	12.8	--	92	117760	卖盘
14:50:01	12.8	--	1	1280	卖盘
14:49:56	12.8	-0.01	123	157939	卖盘
14:49:46	12.81	0.01	37	47397	买盘
14:49:31	12.8	--	6	7680	卖盘
14:49:16	12.8	--	1	1280	卖盘
14:49:07	12.8	0.02	153	196710	买盘
14:48:52	12.78	-0.02	2	2556	卖盘
14:48:31	12.8	0.02	10	12800	买盘
14:48:16	12.78	--	1	1278	卖盘
14:48:11	12.78	--	12	15336	卖盘
14:48:06	12.78	--	20	25560	卖盘
14:48:01	12.78	0.07	238	304164	买盘
14:47:41	12.71	0.01	20	25420	中性盘
14:47:36	12.7	--	0	0	卖盘
14:47:31	12.7	--	1	1270	卖盘
14:47:25	12.7	--	21	27673	买盘
14:47:21	12.7	--	10	12700	买盘
14:47:16	12.7	--	26	33020	买盘
14:47:10	12.7	--	18	22860	买盘
14:47:06	12.7	0.01	34	43180	买盘
14:47:01	12.69	-0.01	1	1269	卖盘
14:46:55	12.7	0.01	18	22860	买盘
14:46:51	12.69	--	57	72333	卖盘
14:46:46	12.69	-0.01	12	15228	卖盘
14:46:31	12.7	--	20	25400	买盘
14:46:25	12.7	--	10	12700	买盘
14:46:21	12.7	0.01	50	63500	买盘
14:46:16	12.69	-0.01	27	34263	中性盘
14:46:10	12.7	--	15	19050	买盘
14:46:06	12.7	--	17	21590	买盘
14:46:01	12.7	--	1	1270	买盘
14:45:55	12.7	--	10	12700	买盘
14:45:51	12.7	-0.04	700	889266	卖盘
14:45:46	12.74	0.01	36	46870	买盘
14:45:40	12.73	-0.01	16	20368	卖盘
14:45:36	12.74	0.01	5	6370	买盘
14:45:31	12.73	--	5	6365	卖盘
14:45:21	12.73	--	4	5092	卖盘
14:45:16	12.73	-0.01	1	1273	卖盘
14:45:06	12.74	-0.01	79	100913	卖盘
14:44:51	12.75	--	75	95625	买盘
14:44:46	12.75	-0.01	1160	1479000	卖盘
14:44:40	12.76	-0.01	348	444048	卖盘
14:44:31	12.77	--	9	11493	买盘
14:44:25	12.77	--	17	21709	买盘
14:44:16	12.77	--	1	1277	买盘
14:44:10	12.77	--	5	6385	买盘
14:44:05	12.77	0.01	5	6385	买盘
14:44:01	12.76	-0.01	24	30624	卖盘
14:43:55	12.77	-0.01	174	222198	卖盘
14:43:40	12.78	--	1	1278	买盘
14:43:35	12.78	--	36	46008	卖盘
14:43:10	12.78	--	43	54954	卖盘
14:43:01	12.78	-0.01	113	144414	卖盘
14:42:55	12.79	--	10	12790	卖盘
14:42:40	12.79	-0.01	48	61391	卖盘
14:42:25	12.8	--	5	6400	买盘
14:42:20	12.8	--	228	292249	卖盘
14:42:16	12.8	--	22	28160	卖盘
14:42:10	12.8	--	5	6400	卖盘
14:42:05	12.8	-0.01	8	10240	卖盘
14:41:46	12.81	--	3	3843	买盘
14:41:30	12.81	-0.01	3	4624	卖盘
14:41:25	12.82	0.01	14	17948	买盘
14:41:15	12.81	--	2	2562	卖盘
14:41:00	12.81	--	12	15372	卖盘
14:40:50	12.81	--	100	128100	卖盘
14:40:25	12.81	-0.01	8	10248	卖盘
14:40:15	12.82	0.01	10	12820	买盘
14:40:10	12.81	--	6	7686	卖盘
14:40:00	12.81	-0.01	2	2562	卖盘
14:39:55	12.82	0.01	1	1282	买盘
14:39:34	12.81	-0.01	57	73017	卖盘
14:39:30	12.82	--	5	6410	买盘
14:39:15	12.82	--	0	0	中性盘
14:39:10	12.82	--	9	11538	买盘
14:39:04	12.82	--	0	0	中性盘
14:39:00	12.82	--	0	0	买盘
14:38:49	12.82	--	14	17948	买盘
14:38:45	12.82	--	0	0	中性盘
14:38:40	12.82	0.01	1	1282	买盘
14:38:34	12.81	--	0	0	卖盘
14:38:30	12.81	--	0	0	卖盘
14:38:25	12.81	--	0	0	卖盘
14:38:15	12.81	--	0	0	卖盘
14:38:10	12.81	--	0	0	卖盘
14:38:04	12.81	--	0	0	卖盘
14:38:00	12.81	-0.01	32	40992	卖盘
14:37:55	12.82	--	11	14102	卖盘
14:37:49	12.82	-0.02	6	7692	卖盘
14:37:45	12.84	--	0	0	买盘
14:37:40	12.84	--	0	0	买盘
14:37:34	12.84	--	0	0	买盘
14:36:55	12.84	--	5	6420	买盘
14:36:34	12.84	--	10	12840	买盘
14:36:04	12.84	0.02	1	1284	买盘
14:35:59	12.82	-0.02	1	1282	卖盘
14:35:49	12.84	--	0	0	中性盘
14:35:44	12.84	--	0	0	中性盘
14:35:34	12.84	0.03	5	6420	买盘
14:35:25	12.81	--	25	32025	卖盘
14:35:19	12.81	--	28	36367	买盘
14:35:04	12.81	0.01	23	29463	买盘
14:34:59	12.8	-0.01	15	19200	卖盘
14:34:55	12.81	--	43	55083	买盘
14:34:40	12.81	--	15	19996	卖盘
14:34:29	12.81	--	0	0	卖盘
14:34:19	12.81	--	42	53802	卖盘
14:34:14	12.81	--	3	3843	卖盘
14:33:54	12.81	--	0	0	卖盘
14:33:34	12.81	--	0	0	卖盘
14:33:29	12.81	--	7	9466	买盘
14:33:24	12.81	--	11	14091	买盘
14:33:14	12.81	-0.04	42	54583	卖盘
14:33:09	12.85	--	5	6425	买盘
14:33:04	12.85	0.04	5	6425	买盘
14:32:58	12.81	--	0	0	卖盘
14:32:54	12.81	--	30	38430	卖盘
14:32:24	12.81	--	88	113227	买盘
14:32:09	12.81	--	2	2562	买盘
14:32:04	12.81	--	30	39211	卖盘
14:31:49	12.81	--	10	12810	卖盘
14:31:34	12.81	--	81	103761	卖盘
14:31:28	12.81	--	15	19215	卖盘
14:30:49	12.81	-0.05	15	19215	卖盘
14:30:43	12.86	0.01	83	106738	买盘
14:30:34	12.85	--	0	0	卖盘
14:30:23	12.85	--	0	0	中性盘
14:30:19	12.85	--	0	0	卖盘
14:29:58	12.85	0.04	15	19275	买盘
14:29:49	12.81	-0.04	44	56364	卖盘
14:29:34	12.85	0.04	14	17990	买盘
14:29:04	12.81	--	9	11529	卖盘
14:27:58	12.81	--	22	28348	卖盘
14:27:43	12.81	--	30	38430	卖盘
14:27:38	12.81	--	4	5124	卖盘
14:27:33	12.81	--	34	43887	买盘
14:27:13	12.81	0.01	11	14091	买盘
14:26:58	12.8	-0.01	22	28352	卖盘
14:26:48	12.81	--	10	12810	买盘
14:26:43	12.81	--	136	175163	卖盘
14:26:28	12.81	--	32	40992	卖盘
14:25:58	12.81	--	22	28348	卖盘
14:25:43	12.81	--	6	7686	卖盘
14:25:22	12.81	0.01	2	2728	买盘
14:25:18	12.8	-0.01	50	64000	卖盘
14:24:58	12.81	--	20	25620	卖盘
14:24:33	12.81	0.01	18	23058	买盘
14:24:28	12.8	--	20	25600	卖盘
14:24:18	12.8	--	5	6400	卖盘
14:24:13	12.8	--	100	128000	卖盘
14:24:03	12.8	--	12	15360	卖盘
14:23:58	12.8	-0.01	31	39872	卖盘
14:23:43	12.81	--	1	1281	买盘
14:23:13	12.81	--	4	5124	卖盘
14:23:02	12.81	--	15	19215	卖盘
14:22:58	12.81	--	10	12810	卖盘
14:22:43	12.81	--	43	55083	卖盘
14:22:37	12.81	--	4	5124	卖盘
14:22:22	12.81	--	39	49959	卖盘
14:22:02	12.81	--	32	40992	卖盘
14:21:52	12.81	--	32	40992	卖盘
14:21:43	12.81	--	32	40992	卖盘
14:21:27	12.81	--	0	0	卖盘
14:21:22	12.81	--	5	6405	卖盘
14:20:58	12.81	0.01	13	16653	卖盘
14:20:43	12.8	--	60	76800	卖盘
14:20:37	12.8	--	32	40960	卖盘
14:20:22	12.8	--	32	40960	卖盘
14:20:12	12.8	-0.03	67	86246	卖盘
14:20:02	12.83	0.01	29	37207	买盘
14:19:57	12.82	--	40	51280	卖盘
14:19:52	12.82	--	30	38460	卖盘
14:19:42	12.82	--	12	15384	卖盘
14:19:27	12.82	0.01	10	12820	卖盘
14:19:22	12.81	--	0	0	卖盘
14:19:12	12.81	-0.01	10	12810	卖盘
14:18:37	12.82	-0.01	50	64100	买盘
14:18:07	12.83	--	0	0	买盘
14:18:01	12.83	--	0	0	买盘
14:17:52	12.83	0.03	10	12830	买盘
14:17:46	12.8	-0.02	500	640000	卖盘
14:17:27	12.82	-0.01	20	25640	卖盘
14:17:22	12.83	--	154	197582	买盘
14:17:16	12.83	--	5	6415	买盘
14:17:07	12.83	--	11	14113	买盘
14:17:01	12.83	--	62	79546	卖盘
14:16:57	12.83	--	26	33358	卖盘
14:16:37	12.83	--	15	19245	卖盘
14:16:27	12.83	-0.03	50	64150	卖盘
14:15:22	12.86	--	12	15432	卖盘
14:15:11	12.86	--	5	6430	卖盘
14:15:07	12.86	--	4	5144	卖盘
14:14:26	12.86	--	0	0	卖盘
14:14:16	12.86	-0.02	2	2572	卖盘
14:14:06	12.88	0.02	20	25760	买盘
14:13:51	12.86	--	7	9002	卖盘
14:13:11	12.86	--	1	1286	买盘
14:12:51	12.86	--	5	6430	买盘
14:12:31	12.86	0.03	1	1286	买盘
14:12:16	12.83	--	0	0	中性盘
14:12:11	12.83	--	0	0	中性盘
14:12:06	12.83	--	0	0	买盘
14:11:51	12.83	--	30	38490	买盘
14:11:36	12.83	--	14	17962	买盘
14:11:31	12.83	--	19	24377	卖盘
14:11:25	12.83	--	0	0	卖盘
14:11:16	12.83	--	10	12830	卖盘
14:11:06	12.83	-0.03	19	24377	卖盘
14:10:46	12.86	-0.01	11	14146	卖盘
14:10:40	12.87	--	5	6435	买盘
14:10:16	12.87	--	42	54054	卖盘
14:09:46	12.87	--	5	6435	卖盘
14:09:36	12.87	--	5	6435	卖盘
14:09:31	12.87	--	20	25740	卖盘
14:08:46	12.87	0.07	25	32174	中性盘
14:08:31	12.8	--	0	0	卖盘
14:08:25	12.8	-0.08	120	153600	卖盘
14:08:01	12.88	--	2	2576	卖盘
14:07:40	12.88	-0.01	17	21896	卖盘
14:07:35	12.89	--	40	51560	卖盘
14:07:15	12.89	-0.02	20	25780	卖盘
14:07:10	12.91	--	89	114899	买盘
14:07:00	12.91	-0.01	10	12910	卖盘
14:06:45	12.92	--	39	50388	卖盘
14:06:25	12.92	--	10	12920	买盘
14:06:20	12.92	--	0	0	中性盘
14:06:00	12.92	--	10	12920	卖盘
14:05:45	12.92	--	200	258400	卖盘
14:05:30	12.92	--	42	54264	卖盘
14:05:25	12.92	--	50	64600	卖盘
14:05:20	12.92	-0.01	5	6460	卖盘
14:04:40	12.93	-0.01	25	32325	卖盘
14:04:15	12.94	--	12	15528	卖盘
14:03:55	12.94	-0.01	8	10352	卖盘
14:02:39	12.95	--	0	0	买盘
14:02:04	12.95	0.02	300	388500	买盘
14:01:55	12.93	-0.01	3	3879	卖盘
14:01:49	12.94	0.01	1	1294	买盘
14:01:25	12.93	0.01	22	28446	买盘
14:01:09	12.92	--	2	2584	卖盘
14:01:04	12.92	--	15	19380	卖盘
14:00:55	12.92	-0.01	2	2584	卖盘
14:00:34	12.93	--	2	2586	买盘
14:00:19	12.93	--	3	3879	卖盘
14:00:04	12.93	--	12	15516	卖盘
13:59:49	12.93	--	20	25860	卖盘
13:59:44	12.93	0.01	15	19395	买盘
13:59:34	12.92	-0.01	19	24548	卖盘
13:59:24	12.93	--	20	25860	买盘
13:58:59	12.93	-0.01	42	54306	卖盘
13:58:49	12.94	--	9	11646	买盘
13:58:04	12.94	--	20	25880	卖盘
13:57:49	12.94	-0.01	10	12940	卖盘
13:57:39	12.95	0.01	12	15540	买盘
13:57:34	12.94	--	5	6470	卖盘
13:57:28	12.94	0.01	7	9058	买盘
13:57:09	12.93	-0.01	5	6465	卖盘
13:56:49	12.94	--	16	20704	买盘
13:56:13	12.94	--	100	129400	买盘
13:56:09	12.94	0.01	2	2588	买盘
13:55:54	12.93	--	30	38790	卖盘
13:55:48	12.93	--	36	46548	买盘
13:55:28	12.93	--	47	60771	卖盘
13:55:18	12.93	--	5	6465	卖盘
13:55:13	12.93	0.01	48	62064	买盘
13:54:43	12.92	--	49	63308	卖盘
13:54:28	12.92	--	1	1292	卖盘
13:54:18	12.92	-0.01	54	69768	卖盘
13:54:08	12.93	0.01	18	23274	买盘
13:53:48	12.92	0.03	65	83980	买盘
13:53:23	12.89	-0.02	13	16757	卖盘
13:53:04	12.91	--	14	18074	买盘
13:52:48	12.91	0.01	31	40021	买盘
13:52:33	12.9	0.01	17	21930	买盘
13:51:18	12.89	--	6	7734	卖盘
13:51:13	12.89	0.01	23	29647	买盘
13:50:43	12.88	--	30	38640	买盘
13:50:33	12.88	--	2	2576	买盘
13:50:28	12.88	--	35	45080	卖盘
13:49:48	12.88	-0.01	36	46368	买盘
13:49:33	12.89	--	0	0	买盘
13:49:18	12.89	0.02	4	5156	买盘
13:48:33	12.87	--	16	20592	买盘
13:48:27	12.87	--	50	64349	买盘
13:48:22	12.87	--	5	6435	买盘
13:48:12	12.87	0.01	2	2574	买盘
13:47:42	12.86	--	27	34722	买盘
13:47:22	12.86	--	3	3858	买盘
13:47:07	12.86	0.01	1	1286	买盘
13:46:52	12.85	0.03	10	12850	买盘
13:46:47	12.82	--	0	0	中性盘
13:46:27	12.82	0.02	10	12820	买盘
13:46:17	12.8	-0.02	13	16640	卖盘
13:46:07	12.82	--	11	14102	买盘
13:46:02	12.82	0.03	1	1282	买盘
13:45:52	12.79	-0.03	13	16627	卖盘
13:45:47	12.82	0.03	31	39742	买盘
13:45:27	12.79	--	461	589619	买盘
13:45:22	12.79	--	5	6395	买盘
13:45:12	12.79	--	54	69066	买盘
13:44:47	12.79	--	35	44765	卖盘
13:44:12	12.79	0.01	3	3836	买盘
13:44:07	12.78	-0.01	25	31950	卖盘
13:44:02	12.79	-0.01	10	12790	卖盘
13:43:52	12.8	--	0	0	买盘
13:43:37	12.8	-0.01	138	177344	卖盘
13:43:27	12.81	--	42	53802	卖盘
13:42:52	12.81	-0.01	38	48678	卖盘
13:42:42	12.82	0.01	10	12820	买盘
13:42:31	12.81	--	3	3843	卖盘
13:42:27	12.81	--	27	34587	卖盘
13:42:22	12.81	-0.01	147	188307	卖盘
13:42:12	12.82	0.01	41	52562	买盘
13:42:07	12.81	-0.01	20	25620	卖盘
13:42:01	12.82	--	5	6410	买盘
13:41:46	12.82	--	8	10256	买盘
13:41:37	12.82	--	5	6410	买盘
13:41:31	12.82	--	50	64100	买盘
13:41:27	12.82	--	5	6410	买盘
13:41:21	12.82	--	3	3846	买盘
13:41:16	12.82	--	1	1282	买盘
13:41:06	12.82	--	5	6410	买盘
13:40:51	12.82	0.01	34	43588	买盘
13:40:46	12.81	-0.01	110	140910	卖盘
13:40:36	12.82	--	54	69228	买盘
13:40:31	12.82	--	23	29486	买盘
13:40:16	12.82	--	5	6410	买盘
13:40:11	12.82	-0.01	123	157686	卖盘
13:39:56	12.83	--	60	76980	买盘
13:39:51	12.83	--	315	404145	卖盘
13:39:26	12.83	--	25	32075	卖盘
13:39:16	12.83	--	5	6415	买盘
13:39:11	12.83	--	9	11547	买盘
13:38:56	12.83	--	50	64150	买盘
13:38:51	12.83	-0.01	46	59018	卖盘
13:38:31	12.84	--	4	5136	买盘
13:38:01	12.84	-0.01	11	14124	卖盘
13:37:31	12.85	--	38	48830	买盘
13:37:26	12.85	--	48	61680	卖盘
13:37:01	12.85	-0.02	2	2570	卖盘
13:36:56	12.87	0.06	3	3860	买盘
13:36:51	12.81	--	0	0	卖盘
13:36:46	12.81	--	0	0	卖盘
13:36:41	12.81	-0.05	405	518805	卖盘
13:36:36	12.86	-0.02	36	46296	卖盘
13:36:31	12.88	--	23	29624	买盘
13:36:25	12.88	--	3	3864	买盘
13:36:21	12.88	-0.01	22	28336	卖盘
13:36:16	12.89	0.01	12	15468	买盘
13:35:51	12.88	-0.02	18	23184	卖盘
13:35:40	12.9	0.02	50	64500	买盘
13:35:36	12.88	-0.02	17	21896	卖盘
13:35:31	12.9	--	0	0	卖盘
13:35:25	12.9	-0.01	100	129000	卖盘
13:35:16	12.91	--	16	20656	卖盘
13:35:06	12.91	-0.01	3	3873	卖盘
13:34:40	12.92	--	13	16796	卖盘
13:34:36	12.92	-0.01	57	73644	卖盘
13:34:15	12.93	--	201	259893	卖盘
13:34:10	12.93	--	5	6465	卖盘
13:33:55	12.93	--	32	41376	卖盘
13:33:50	12.93	--	8	10344	卖盘
13:33:45	12.93	--	6	7758	卖盘
13:33:40	12.93	-0.01	34	43962	卖盘
13:33:30	12.94	0.01	1	1294	买盘
13:33:25	12.93	--	50	64650	卖盘
13:33:10	12.93	--	1	1293	卖盘
13:33:00	12.93	-0.01	16	20688	卖盘
13:32:30	12.94	-0.01	17	21998	卖盘
13:31:20	12.95	--	7	9065	买盘
13:30:25	12.95	0.01	10	12950	买盘
13:30:00	12.94	0.02	7	9058	买盘
13:29:45	12.92	--	0	0	卖盘
13:29:40	12.92	--	0	0	卖盘
13:29:20	12.92	--	20	25840	卖盘
13:29:10	12.92	--	91	117572	卖盘
13:29:00	12.92	-0.03	1	1292	卖盘
13:28:45	12.95	--	10	12950	买盘
13:28:40	12.95	-0.01	380	492100	卖盘
13:28:30	12.96	--	10	12960	买盘
13:28:10	12.96	--	126	163296	卖盘
13:28:00	12.96	--	22	28512	卖盘
13:27:45	12.96	--	5	6480	卖盘
13:27:39	12.96	--	4	5184	卖盘
13:27:30	12.96	--	18	23328	卖盘
13:27:09	12.96	-0.01	139	180144	卖盘
13:27:04	12.97	--	21	27237	买盘
13:26:59	12.97	--	3	3891	买盘
13:26:39	12.97	0.01	1	1297	买盘
13:26:34	12.96	-0.01	59	76464	卖盘
13:26:29	12.97	-0.01	83	108286	卖盘
13:26:04	12.98	0.01	27	35046	买盘
13:25:59	12.97	--	143	185471	卖盘
13:25:54	12.97	--	18	23346	卖盘
13:25:49	12.97	--	9	11673	卖盘
13:25:19	12.97	--	5	7146	卖盘
13:25:04	12.97	--	0	0	卖盘
13:24:49	12.97	-0.03	20	25940	卖盘
13:24:34	13.0	0.03	38	49400	买盘
13:24:24	12.97	--	29	37613	卖盘
13:24:19	12.97	-0.02	10	12970	卖盘
13:23:59	12.99	-0.01	45	58455	卖盘
13:23:54	13.0	0.01	1	1300	买盘
13:23:14	12.99	-0.01	10	12990	卖盘
13:23:09	13.0	0.01	15	19500	买盘
13:22:54	12.99	--	13	16887	买盘
13:22:49	12.99	--	12	15588	买盘
13:22:34	12.99	--	25	32475	买盘
13:22:24	12.99	--	10	12990	买盘
13:21:49	12.99	-0.01	41	53259	卖盘
13:21:39	13.0	--	26	33800	买盘
13:21:34	13.0	--	40	52000	买盘
13:21:19	13.0	--	5	6500	买盘
13:21:13	13.0	--	5	6500	买盘
13:21:04	13.0	--	17	22100	买盘
13:20:54	13.0	-0.02	597	776100	卖盘
13:20:49	13.02	-0.01	20	26040	卖盘
13:20:39	13.03	0.01	12	15636	买盘
13:20:33	13.02	-0.01	14	18228	卖盘
13:20:23	13.03	0.01	19	24757	买盘
13:20:18	13.02	--	0	0	卖盘
13:20:03	13.02	--	0	0	卖盘
13:19:58	13.02	-0.03	80	104160	卖盘
13:19:48	13.05	-0.01	11	14355	卖盘
13:19:38	13.06	--	185	241610	卖盘
13:19:33	13.06	-0.01	25	32650	卖盘
13:19:08	13.07	0.01	103	134621	买盘
13:19:03	13.06	--	0	0	卖盘
13:18:58	13.06	--	2	2612	卖盘
13:18:48	13.06	--	1	1306	卖盘
13:18:38	13.06	-0.02	3	3918	卖盘
13:18:33	13.08	0.02	17	22236	买盘
13:18:18	13.06	-0.02	112	146272	卖盘
13:18:03	13.08	--	66	86328	卖盘
13:17:53	13.08	--	27	35316	卖盘
13:17:48	13.08	--	2	2616	卖盘
13:17:43	13.08	--	16	20928	卖盘
13:17:23	13.08	--	1	1308	卖盘
13:17:18	13.08	0.01	92	120336	买盘
13:17:08	13.07	--	20	26140	买盘
13:16:43	13.07	-0.01	120	156840	卖盘
13:16:38	13.08	0.01	15	19620	买盘
13:16:28	13.07	--	2	2614	卖盘
13:16:18	13.07	--	10	13070	卖盘
13:16:13	13.07	--	8	10456	卖盘
13:16:08	13.07	--	1	1307	卖盘
13:16:03	13.07	0.01	78	101946	买盘
13:15:58	13.06	--	11	14366	卖盘
13:15:53	13.06	--	39	50934	卖盘
13:15:38	13.06	--	45	58770	买盘
13:15:33	13.06	--	20	26120	买盘
13:15:23	13.06	--	85	111010	卖盘
13:15:18	13.06	-0.01	22	28732	卖盘
13:15:13	13.07	0.01	9	11763	买盘
13:15:03	13.06	--	2	2612	卖盘
13:14:52	13.06	-0.01	17	22202	卖盘
13:14:48	13.07	0.01	1	1307	中性盘
13:14:37	13.06	-0.03	17	22202	卖盘
13:14:33	13.09	--	405	530145	卖盘
13:14:28	13.09	--	85	111265	卖盘
13:14:22	13.09	--	30	39270	卖盘
13:14:18	13.09	--	55	71995	卖盘
13:14:12	13.09	-0.01	10	13090	卖盘
13:14:07	13.1	0.01	70	91700	买盘
13:14:03	13.09	-0.01	105	137445	卖盘
13:13:58	13.1	0.01	103	134930	买盘
13:13:52	13.09	--	17	22253	卖盘
13:13:47	13.09	-0.01	1	1309	卖盘
13:13:42	13.1	0.01	30	39300	买盘
13:13:37	13.09	--	9	11781	卖盘
13:13:33	13.09	0.03	327	428043	买盘
13:13:27	13.06	0.06	269	351314	买盘
13:13:22	13.0	-0.04	17	22100	卖盘
13:12:57	13.04	--	0	0	买盘
13:12:52	13.04	0.05	17	22168	买盘
13:12:47	12.99	--	70	90930	卖盘
13:12:42	12.99	-0.05	1	1299	卖盘
13:12:32	13.04	0.05	32	41728	买盘
13:12:27	12.99	--	207	268893	卖盘
13:12:07	12.99	0.03	72	93528	买盘
13:11:57	12.96	--	0	0	卖盘
13:11:52	12.96	-0.03	17	22032	卖盘
13:11:47	12.99	-0.01	10	12990	中性盘
13:11:42	13.0	0.01	120	156000	买盘
13:11:32	12.99	-0.01	10	12990	卖盘
13:11:27	13.0	--	58	75400	买盘
13:10:57	13.0	--	386	501800	卖盘
13:10:52	13.0	0.01	2	2600	卖盘
13:10:47	12.99	0.03	110	142890	买盘
13:10:27	12.96	--	10	12960	卖盘
13:10:22	12.96	--	52	67392	卖盘
13:10:17	12.96	--	83	107568	卖盘
13:10:07	12.96	0.01	23	29808	买盘
13:10:02	12.95	0.05	138	178710	买盘
13:09:57	12.9	--	0	0	卖盘
13:09:52	12.9	-0.06	4000	5160000	卖盘
13:09:47	12.96	--	1	1296	买盘
13:09:42	12.96	--	14	18144	买盘
13:09:37	12.96	--	23	29808	卖盘
13:09:27	12.96	-0.03	17	22032	中性盘
13:09:12	12.99	--	58	75342	卖盘
13:09:07	12.99	--	70	90930	卖盘
13:09:02	12.99	--	7	9093	卖盘
13:08:57	12.99	--	14	18186	卖盘
13:08:52	12.99	0.05	67	87033	买盘
13:08:42	12.94	--	0	0	卖盘
13:08:37	12.94	-0.02	103	133282	卖盘
13:08:32	12.96	--	143	185328	买盘
13:08:27	12.96	--	4	5184	买盘
13:08:22	12.96	-0.04	283	366768	卖盘
13:08:12	13.0	--	1	1300	买盘
13:07:57	13.0	-0.03	1219	1584778	卖盘
13:07:52	13.03	--	30	39090	卖盘
13:07:42	13.03	--	28	36484	卖盘
13:07:37	13.03	--	5	6515	卖盘
13:07:27	13.03	--	17	22151	卖盘
13:07:16	13.03	--	2	2606	卖盘
13:07:12	13.03	-0.01	3	3909	卖盘
13:06:57	13.04	-0.01	75	97800	卖盘
13:06:51	13.05	0.01	2	2610	卖盘
13:06:42	13.04	-0.01	2	2608	买盘
13:06:31	13.05	--	6	7830	卖盘
13:06:26	13.05	--	34	44370	买盘
13:06:16	13.05	--	25	32625	买盘
13:06:01	13.05	--	10	13050	买盘
13:05:51	13.05	--	8	10440	买盘
13:05:46	13.05	0.04	1	1305	买盘
13:05:41	13.01	--	0	0	卖盘
13:05:31	13.01	--	5	6505	卖盘
13:05:21	13.01	0.01	3	3903	买盘
13:05:11	13.0	--	3	5122	买盘
13:05:06	13.0	--	120	156000	买盘
13:05:01	13.0	--	500	650000	买盘
13:04:51	13.0	0.03	516	670800	买盘
13:04:46	12.97	-0.02	5	6485	卖盘
13:04:36	12.99	0.03	14	18186	买盘
13:04:31	12.96	-0.03	17	22032	卖盘
13:04:21	12.99	--	25	32552	买盘
13:04:06	12.99	--	40	51960	卖盘
13:03:56	12.99	0.02	50	64950	买盘
13:03:46	12.97	-0.02	17	22049	卖盘
13:03:41	12.99	-0.01	50	64950	卖盘
13:03:31	13.0	--	55	71500	买盘
13:03:26	13.0	-0.01	98	127400	卖盘
13:03:16	13.01	--	88	114488	买盘
13:03:06	13.01	--	80	104080	买盘
13:03:01	13.01	-0.05	39	50739	卖盘
13:02:56	13.06	0.05	42	54852	买盘
13:02:51	13.01	--	170	221170	卖盘
13:02:46	13.01	--	0	0	卖盘
13:02:31	13.01	0.01	32	41632	卖盘
13:02:26	13.0	--	0	0	卖盘
13:02:21	13.0	--	0	0	卖盘
13:02:16	13.0	-0.07	200	260000	卖盘
13:02:06	13.07	0.06	64	83648	买盘
13:02:01	13.01	-0.06	232	301832	卖盘
13:01:56	13.07	--	368	480976	买盘
13:01:46	13.07	-0.01	315	412306	卖盘
13:01:41	13.08	-0.02	5	6540	卖盘
13:01:31	13.1	0.02	22	28820	买盘
13:01:26	13.08	-0.01	32	41856	卖盘
13:01:21	13.09	--	74	96866	买盘
13:01:16	13.09	0.01	26	34034	中性盘
13:01:06	13.08	-0.02	85	111180	卖盘
13:01:01	13.1	--	27	35370	买盘
13:00:56	13.1	--	100	131000	买盘
13:00:51	13.1	--	188	246280	买盘
13:00:46	13.1	0.01	57	74670	买盘
13:00:36	13.09	-0.01	10	13090	卖盘
13:00:31	13.1	0.02	16	20960	买盘
13:00:10	13.08	--	5	6540	卖盘
13:00:06	13.08	0.01	713	933310	买盘
11:30:00	13.07	--	0	0	买盘
11:29:59	13.07	--	0	0	买盘
11:29:57	13.07	--	47	61429	买盘
11:29:51	13.07	--	64	84236	买盘
11:29:47	13.07	--	5	6535	买盘
11:29:42	13.07	0.01	515	673105	买盘
11:29:27	13.06	0.01	165	216208	买盘
11:29:17	13.05	--	284	370620	卖盘
11:29:12	13.05	--	5	6525	卖盘
11:29:06	13.05	--	6	7830	卖盘
11:28:42	13.05	--	38	49590	买盘
11:28:27	13.05	--	11	14355	买盘
11:28:21	13.05	--	172	224460	买盘
11:28:16	13.05	-0.01	81	105705	卖盘
11:28:12	13.06	0.01	48	62688	买盘
11:28:06	13.05	--	300	391500	卖盘
11:28:01	13.05	--	32	41760	卖盘
11:27:57	13.05	--	42	54810	买盘
11:27:42	13.05	--	140	182700	卖盘
11:27:27	13.05	0.02	171	223155	买盘
11:27:12	13.03	-0.02	25	32575	卖盘
11:26:57	13.05	--	14	18270	买盘
11:26:51	13.05	--	32	41760	买盘
11:26:42	13.05	--	35	45675	卖盘
11:26:36	13.05	--	110	143550	买盘
11:26:31	13.05	--	20	26100	买盘
11:26:27	13.05	--	50	65250	买盘
11:26:16	13.05	--	153	199665	卖盘
11:26:12	13.05	--	21	27405	卖盘
11:26:06	13.05	--	126	164430	买盘
11:26:01	13.05	--	16	20880	买盘
11:25:51	13.05	0.01	1	1305	买盘
11:25:46	13.04	-0.01	5	6520	卖盘
11:25:41	13.05	--	304	396720	卖盘
11:25:36	13.05	-0.01	50	65250	卖盘
11:25:26	13.06	--	21	27426	买盘
11:25:21	13.06	0.02	74	96644	买盘
11:25:16	13.04	-0.02	5	6520	卖盘
11:25:11	13.06	0.01	35	45710	买盘
11:25:06	13.05	--	58	75690	买盘
11:24:56	13.05	-0.01	144	188507	卖盘
11:24:51	13.06	0.01	113	147578	买盘
11:24:46	13.05	--	10	13050	卖盘
11:24:41	13.05	0.02	269	351762	买盘
11:24:36	13.03	-0.01	62	80786	买盘
11:24:31	13.04	--	50	65199	买盘
11:24:21	13.04	--	37	48248	买盘
11:24:16	13.04	--	0	0	买盘
11:24:11	13.04	0.02	129	168802	买盘
11:24:06	13.02	-0.01	55	71610	卖盘
11:24:01	13.03	--	18	23454	买盘
11:23:56	13.03	--	14	18242	买盘
11:23:51	13.03	-0.01	68	88604	卖盘
11:23:41	13.04	0.01	23	29991	买盘
11:23:36	13.03	0.01	156	203268	买盘
11:23:30	13.02	--	30	39776	买盘
11:23:21	13.02	0.02	49	63798	买盘
11:23:11	13.0	-0.02	143	185900	卖盘
11:23:06	13.02	0.02	40	52080	买盘
11:22:56	13.0	0.02	113	146900	中性盘
11:22:51	12.98	-0.02	110	142780	卖盘
11:22:45	13.0	0.01	12	15600	买盘
11:22:40	12.99	--	2	2598	买盘
11:22:30	12.99	0.01	8	10392	中性盘
11:22:25	12.98	-0.02	20	25960	卖盘
11:22:21	13.0	0.02	200	260000	买盘
11:22:15	12.98	0.01	5	6490	买盘
11:22:06	12.97	-0.01	64	83008	卖盘
11:22:00	12.98	--	60	77880	买盘
11:21:51	12.98	0.01	44	57112	买盘
11:21:36	12.97	--	91	119246	买盘
11:21:25	12.97	--	10	12970	买盘
11:21:21	12.97	0.01	288	373536	买盘
11:21:15	12.96	0.01	5	6480	买盘
11:20:55	12.95	--	0	0	中性盘
11:20:51	12.95	0.01	100	129500	买盘
11:20:45	12.94	--	0	0	中性盘
11:20:36	12.94	--	0	0	中性盘
11:20:06	12.94	--	0	0	买盘
11:20:00	12.94	0.01	4	5176	买盘
11:19:45	12.93	--	10	12930	卖盘
11:19:30	12.93	-0.01	107	138351	卖盘
11:19:15	12.94	-0.02	37	47878	卖盘
11:19:00	12.96	--	0	0	买盘
11:18:50	12.96	0.01	73	94608	买盘
11:18:45	12.95	-0.01	1	1295	买盘
11:18:40	12.96	--	0	0	买盘
11:18:35	12.96	--	15	19440	买盘
11:18:15	12.96	--	22	28512	买盘
11:18:10	12.96	0.01	20	25920	买盘
11:18:05	12.95	-0.01	10	12950	卖盘
11:17:50	12.96	0.01	1	1296	买盘
11:17:15	12.95	--	10	12950	卖盘
11:17:10	12.95	0.01	56	72520	买盘
11:17:05	12.94	--	3	3882	卖盘
11:16:54	12.94	--	32	41408	卖盘
11:16:35	12.94	0.01	30	38820	买盘
11:16:30	12.93	--	5	6465	卖盘
11:16:24	12.93	-0.01	1	1293	卖盘
11:15:54	12.94	0.01	10	12940	买盘
11:15:45	12.93	--	1	1293	卖盘
11:15:30	12.93	-0.01	1	1293	卖盘
11:14:19	12.94	--	12	15528	卖盘
11:14:04	12.94	--	22	28468	卖盘
11:13:54	12.94	--	60	77640	卖盘
11:13:34	12.94	--	14	18116	买盘
11:12:39	12.94	-0.01	104	134576	卖盘
11:12:34	12.95	--	3	3962	卖盘
11:12:29	12.95	0.01	46	60787	买盘
11:12:04	12.94	-0.01	2	2588	卖盘
11:11:44	12.95	-0.01	78	101010	中性盘
11:11:39	12.96	--	52	67392	买盘
11:11:24	12.96	--	1	1296	买盘
11:11:19	12.96	-0.01	8	10368	卖盘
11:11:09	12.97	0.01	6	7782	中性盘
11:11:04	12.96	--	82	106272	卖盘
11:10:49	12.96	--	50	64800	卖盘
11:10:44	12.96	-0.01	50	64800	卖盘
11:10:39	12.97	0.01	5	6485	买盘
11:10:29	12.96	-0.03	10	12960	卖盘
11:10:24	12.99	0.03	200	259800	买盘
11:10:09	12.96	--	5	6480	卖盘
11:09:59	12.96	-0.01	32	41472	卖盘
11:09:54	12.97	--	25	32425	买盘
11:09:44	12.97	-0.01	30	38910	卖盘
11:09:33	12.98	--	6	7788	买盘
11:09:24	12.98	-0.01	25	32450	卖盘
11:09:18	12.99	--	43	55857	卖盘
11:09:13	12.99	--	10	12990	卖盘
11:09:09	12.99	--	32	41568	卖盘
11:09:03	12.99	-0.01	20	25980	卖盘
11:08:54	13.0	0.02	199	258700	买盘
11:08:48	12.98	--	1	1298	卖盘
11:08:39	12.98	--	10	12980	卖盘
11:08:33	12.98	0.02	105	136290	买盘
11:08:24	12.96	-0.01	50	64800	卖盘
11:08:18	12.97	--	50	64850	卖盘
11:08:13	12.97	0.01	5	6485	买盘
11:08:09	12.96	0.01	12	15552	买盘
11:07:54	12.95	--	74	95830	买盘
11:07:48	12.95	--	25	32375	买盘
11:07:33	12.95	0.01	38	49210	买盘
11:07:28	12.94	-0.01	8	10352	卖盘
11:07:18	12.95	0.01	52	67340	买盘
11:07:09	12.94	--	11	14234	卖盘
11:06:54	12.94	0.01	287	371378	买盘
11:06:48	12.93	-0.01	6	7758	买盘
11:06:33	12.94	--	0	0	买盘
11:06:13	12.94	0.03	50	64700	买盘
11:06:09	12.91	--	1	1291	卖盘
11:06:03	12.91	-0.03	10	13774	卖盘
11:05:39	12.94	0.03	95	122930	买盘
11:05:33	12.91	--	10	12910	卖盘
11:05:28	12.91	--	10	12910	卖盘
11:05:23	12.91	0.06	10	12910	买盘
11:05:13	12.85	--	32	41120	卖盘
11:04:43	12.85	--	5	7003	买盘
11:04:38	12.85	0.02	3	3855	买盘
11:04:23	12.83	-0.01	37	47471	卖盘
11:04:18	12.84	--	3	3852	买盘
11:04:03	12.84	--	5	6420	卖盘
11:03:48	12.84	--	0	0	中性盘
11:03:18	12.84	--	0	0	买盘
11:03:12	12.84	--	3	3852	买盘
11:03:08	12.84	--	5	6420	买盘
11:02:53	12.84	--	5	7498	买盘
11:02:42	12.84	0.01	10	12840	买盘
11:02:38	12.83	-0.01	22	28226	卖盘
11:02:33	12.84	--	6	7973	买盘
11:02:27	12.84	--	20	25680	买盘
11:02:23	12.84	--	100	128400	买盘
11:02:18	12.84	--	10	12840	买盘
11:02:12	12.84	--	10	12840	买盘
11:02:07	12.84	--	9	11556	买盘
11:02:03	12.84	-0.01	232	297888	卖盘
11:01:57	12.85	--	1	1285	买盘
11:01:52	12.85	--	15	19275	买盘
11:01:48	12.85	--	59	75815	买盘
11:01:42	12.85	--	10	12850	买盘
11:01:37	12.85	--	4	5140	买盘
11:01:33	12.85	--	155	199175	买盘
11:01:27	12.85	--	4	5140	买盘
11:01:22	12.85	--	20	25700	买盘
11:01:18	12.85	--	10	12850	买盘
11:01:12	12.85	-0.1	267	343531	卖盘
11:01:07	12.95	--	0	0	买盘
11:01:03	12.95	--	0	0	中性盘
11:00:52	12.95	0.08	1	1295	买盘
11:00:48	12.87	-0.08	600	772200	卖盘
11:00:37	12.95	--	0	0	买盘
11:00:18	12.95	0.04	101	130795	买盘
11:00:03	12.91	0.01	12	15492	买盘
10:59:37	12.9	0.02	1	1290	卖盘
10:59:33	12.88	--	0	0	卖盘
10:59:22	12.88	--	0	0	卖盘
10:59:12	12.88	--	32	41216	卖盘
10:58:42	12.88	--	15	19320	卖盘
10:58:22	12.88	--	29	37983	卖盘
10:58:02	12.88	-0.01	56	72128	卖盘
10:57:52	12.89	0.01	1	1289	中性盘
10:57:47	12.88	--	12	16460	卖盘
10:57:42	12.88	--	9	12364	卖盘
10:57:32	12.88	--	5	6710	买盘
10:57:12	12.88	--	0	51	卖盘
10:57:07	12.88	0.01	0	1236	中性盘
10:56:47	12.87	--	15	19305	卖盘
10:56:42	12.87	-0.01	17	21879	卖盘
10:55:51	12.88	--	8	10304	买盘
10:55:47	12.88	0.01	32	41216	买盘
10:55:36	12.87	-0.01	36	47078	卖盘
10:54:57	12.88	--	152	195776	卖盘
10:54:36	12.88	-0.01	44	57882	卖盘
10:54:27	12.89	--	9	11601	卖盘
10:54:21	12.89	-0.01	17	21913	卖盘
10:53:57	12.9	-0.01	100	129000	卖盘
10:53:46	12.91	0.01	1	1291	买盘
10:53:42	12.9	--	10	12900	卖盘
10:53:31	12.9	--	0	77	卖盘
10:53:12	12.9	0.01	6	7740	买盘
10:53:01	12.89	--	0	0	卖盘
10:52:57	12.89	-0.01	27	34803	卖盘
10:52:51	12.9	--	39	50310	卖盘
10:52:31	12.9	-0.01	32	41280	卖盘
10:52:21	12.91	-0.01	25	32275	卖盘
10:52:11	12.92	--	11	14212	买盘
10:52:06	12.92	--	4	5168	买盘
10:51:51	12.92	-0.03	2	2584	卖盘
10:51:46	12.95	--	0	0	买盘
10:51:36	12.95	--	87	112665	卖盘
10:51:31	12.95	--	29	37555	卖盘
10:51:26	12.95	-0.01	3	3885	卖盘
10:51:16	12.96	--	147	190512	卖盘
10:51:11	12.96	-0.01	10	12960	卖盘
10:50:56	12.97	0.02	8	10376	买盘
10:50:41	12.95	-0.02	48	62160	卖盘
10:50:21	12.97	--	23	29831	买盘
10:50:00	12.97	--	5	6485	买盘
10:49:51	12.97	0.01	3	3891	买盘
10:49:45	12.96	--	5	6480	卖盘
10:49:36	12.96	--	11	14256	卖盘
10:49:26	12.96	--	34	44064	买盘
10:49:21	12.96	--	0	0	买盘
10:49:11	12.96	--	0	0	买盘
10:49:06	12.96	0.03	9	11664	买盘
10:49:00	12.93	-0.03	2	2586	卖盘
10:48:51	12.96	--	25	32400	卖盘
10:48:45	12.96	-0.01	25	32400	卖盘
10:48:36	12.97	--	73	94681	买盘
10:48:25	12.97	--	0	0	中性盘
10:48:21	12.97	--	9	11673	卖盘
10:48:15	12.97	-0.01	4	5188	中性盘
10:48:10	12.98	--	4	5192	买盘
10:48:06	12.98	0.01	70	90860	买盘
10:47:55	12.97	--	1	1297	买盘
10:47:51	12.97	0.04	22	28534	买盘
10:47:45	12.93	-0.04	2	2586	卖盘
10:47:40	12.97	--	0	0	买盘
10:47:36	12.97	0.04	80	103760	买盘
10:47:25	12.93	--	0	0	中性盘
10:47:15	12.93	--	0	0	卖盘
10:47:10	12.93	--	28	36204	买盘
10:47:06	12.93	0.05	2	2586	买盘
10:46:51	12.88	-0.04	50	64400	卖盘
10:46:45	12.92	0.06	110	142120	买盘
10:46:30	12.86	--	1	1286	买盘
10:46:15	12.86	-0.07	58	74588	卖盘
10:46:06	12.93	--	0	0	买盘
10:45:55	12.93	--	0	0	买盘
10:45:51	12.93	--	0	0	买盘
10:45:45	12.93	--	10	12930	买盘
10:45:40	12.93	0.08	7	9051	买盘
10:45:35	12.85	-0.08	6	7710	卖盘
10:45:30	12.93	-0.05	2	2586	买盘
10:45:20	12.98	--	0	0	买盘
10:45:15	12.98	--	1	1298	买盘
10:45:10	12.98	-0.01	2	2596	买盘
10:45:05	12.99	--	0	0	买盘
10:45:00	12.99	-0.03	45	59442	卖盘
10:44:55	13.02	0.02	202	263004	买盘
10:44:50	13.0	0.01	355	461500	买盘
10:44:40	12.99	--	50	64950	卖盘
10:44:35	12.99	--	186	241614	卖盘
10:44:30	12.99	0.06	434	564077	买盘
10:44:20	12.93	0.01	22	28446	买盘
10:44:15	12.92	-0.06	9	11628	买盘
10:44:10	12.98	--	0	0	买盘
10:44:05	12.98	--	0	0	买盘
10:44:00	12.98	0.04	500	649000	买盘
10:43:55	12.94	--	0	0	买盘
10:43:50	12.94	0.01	235	304090	买盘
10:43:45	12.93	--	9	11637	卖盘
10:43:40	12.93	--	3	3879	卖盘
10:43:35	12.93	--	6	7758	卖盘
10:43:30	12.93	--	4	5172	卖盘
10:43:24	12.93	--	7	9051	卖盘
10:43:20	12.93	--	5	6465	卖盘
10:43:15	12.93	--	3	3879	卖盘
10:43:05	12.93	0.18	814	1052502	买盘
10:42:50	12.75	--	5	6910	买盘
10:42:45	12.75	--	10	12750	买盘
10:42:24	12.75	--	15	19125	买盘
10:42:09	12.75	-0.01	97	124414	卖盘
10:41:54	12.76	0.01	10	12760	买盘
10:41:49	12.75	-0.01	12	15835	卖盘
10:41:45	12.76	0.01	3	3828	买盘
10:41:39	12.75	--	21	26775	卖盘
10:41:34	12.75	-0.01	100	127500	卖盘
10:41:15	12.76	--	2	2552	买盘
10:41:09	12.76	0.01	42	53592	买盘
10:41:04	12.75	--	80	102000	卖盘
10:41:00	12.75	0.01	4	5100	卖盘
10:40:54	12.74	--	0	0	卖盘
10:40:49	12.74	-0.01	154	196196	卖盘
10:40:39	12.75	--	100	127500	买盘
10:40:24	12.75	0.01	14	18857	买盘
10:40:19	12.74	--	12	15288	买盘
10:40:15	12.74	0.01	10	12740	买盘
10:40:09	12.73	-0.02	150	190950	卖盘
10:40:00	12.75	0.01	24	30600	买盘
10:39:54	12.74	--	5	6370	买盘
10:39:45	12.74	--	81	103194	卖盘
10:39:39	12.74	--	6	7644	卖盘
10:39:30	12.74	--	31	39494	卖盘
10:39:24	12.74	-0.01	13	16562	卖盘
10:39:14	12.75	--	11	14025	买盘
10:39:09	12.75	--	24	30600	买盘
10:38:59	12.75	--	5	6375	买盘
10:38:54	12.75	--	39	49725	卖盘
10:38:49	12.75	-0.01	8	10200	卖盘
10:38:29	12.76	--	28	35728	卖盘
10:38:24	12.76	--	80	102080	卖盘
10:38:14	12.76	--	1	1276	卖盘
10:38:04	12.76	-0.01	5	6380	卖盘
10:37:59	12.77	--	11	14302	卖盘
10:37:54	12.77	--	10	12770	卖盘
10:37:49	12.77	-0.01	100	127700	卖盘
10:37:19	12.78	--	0	0	中性盘
10:37:09	12.78	-0.01	27	34506	卖盘
10:36:44	12.79	-0.03	47	60112	卖盘
10:36:39	12.82	0.03	2	2564	买盘
10:36:29	12.79	-0.03	32	40928	卖盘
10:36:24	12.82	0.02	51	65382	买盘
10:36:18	12.8	--	124	158720	卖盘
10:36:09	12.8	-0.03	33	42240	卖盘
10:36:03	12.83	--	0	0	买盘
10:35:48	12.83	0.01	40	51320	买盘
10:35:43	12.82	--	8	10256	卖盘
10:35:28	12.82	--	5	6410	卖盘
10:35:24	12.82	--	34	43588	卖盘
10:35:18	12.82	--	1	1282	卖盘
10:35:13	12.82	--	8	10256	卖盘
10:35:03	12.82	0.02	61	78202	买盘
10:34:48	12.8	--	32	40960	卖盘
10:34:39	12.8	-0.02	288	368640	卖盘
10:34:33	12.82	--	18	23076	卖盘
10:34:08	12.82	-0.01	32	41024	卖盘
10:33:58	12.83	--	10	12830	卖盘
10:33:18	12.83	--	15	19245	卖盘
10:33:09	12.83	--	1	1283	卖盘
10:33:03	12.83	-0.01	10	12830	卖盘
10:32:48	12.84	0.01	22	28248	买盘
10:32:43	12.83	--	1	1283	卖盘
10:32:33	12.83	--	11	14113	卖盘
10:32:23	12.83	--	3	3849	卖盘
10:32:03	12.83	--	1	1283	卖盘
10:31:43	12.83	--	4	5132	卖盘
10:30:38	12.83	-0.01	7	8981	卖盘
10:29:18	12.84	0.01	5	6420	买盘
10:29:12	12.83	-0.01	28	35924	中性盘
10:29:07	12.84	--	0	0	买盘
10:28:57	12.84	0.02	6	7704	买盘
10:28:52	12.82	-0.02	32	41024	卖盘
10:28:48	12.84	--	9	11556	买盘
10:27:48	12.84	-0.01	2	2568	买盘
10:27:12	12.85	--	0	0	买盘
10:26:27	12.85	0.02	1	1285	买盘
10:26:17	12.83	-0.02	5	6415	卖盘
10:25:57	12.85	--	0	0	买盘
10:25:47	12.85	--	5	6425	买盘
10:25:02	12.85	--	0	0	买盘
10:24:57	12.85	0.01	200	257000	买盘
10:24:47	12.84	-0.01	1	1284	卖盘
10:24:27	12.85	--	9	11565	卖盘
10:24:07	12.85	0.01	4	5140	买盘
10:23:57	12.84	--	9	11556	买盘
10:23:32	12.84	--	36	46224	卖盘
10:23:17	12.84	0.02	9	11556	买盘
10:23:01	12.82	-0.02	63	80766	卖盘
10:22:27	12.84	0.01	49	62916	买盘
10:21:51	12.83	--	1	1283	卖盘
10:21:46	12.83	--	13	16679	卖盘
10:21:42	12.83	--	5	6415	卖盘
10:21:27	12.83	--	2	2566	卖盘
10:21:12	12.83	--	5	6415	卖盘
10:20:46	12.83	--	13	16679	买盘
10:20:26	12.83	--	5	6415	中性盘
10:20:21	12.83	--	10	12830	买盘
10:19:51	12.83	0.01	20	25660	买盘
10:19:11	12.82	0.01	76	97432	买盘
10:18:41	12.81	--	12	15372	卖盘
10:18:26	12.81	--	20	25620	卖盘
10:18:21	12.81	0.01	29	37149	买盘
10:18:01	12.8	--	49	62720	卖盘
10:17:41	12.8	--	14	17920	卖盘
10:17:36	12.8	--	14	17920	卖盘
10:17:01	12.8	-0.01	30	38400	卖盘
10:16:45	12.81	--	64	81984	卖盘
10:16:36	12.81	--	0	0	卖盘
10:16:26	12.81	--	23	29463	卖盘
10:16:15	12.81	-0.01	4	5124	卖盘
10:16:06	12.82	--	0	0	买盘
10:16:00	12.82	--	8	10256	卖盘
10:15:45	12.82	--	20	25640	卖盘
10:14:51	12.82	-0.01	1	1282	卖盘
10:14:36	12.83	--	7	8981	卖盘
10:14:21	12.83	--	12	15396	卖盘
10:13:50	12.83	-0.01	57	73131	卖盘
10:13:45	12.84	--	6	7704	卖盘
10:13:35	12.84	--	3	3852	卖盘
10:13:25	12.84	--	20	25680	卖盘
10:13:20	12.84	--	6	7704	买盘
10:12:45	12.84	--	0	0	卖盘
10:12:30	12.84	-0.01	2	2568	卖盘
10:12:00	12.85	--	41	52685	卖盘
10:11:45	12.85	--	1	1285	卖盘
10:11:30	12.85	--	10	12850	卖盘
10:11:25	12.85	0.02	9	11565	买盘
10:11:20	12.83	--	0	0	卖盘
10:11:05	12.83	--	23	29509	卖盘
10:11:00	12.83	-0.03	1	1283	卖盘
10:10:55	12.86	0.04	2	2572	买盘
10:10:24	12.82	--	0	0	卖盘
10:10:15	12.82	--	13	16666	卖盘
10:10:00	12.82	--	14	17948	卖盘
10:09:54	12.82	--	31	39742	买盘
10:09:34	12.82	--	0	0	买盘
10:09:30	12.82	--	1	1282	买盘
10:09:15	12.82	-0.04	73	93586	卖盘
10:09:09	12.86	0.04	7	9002	买盘
10:09:04	12.82	--	3	3846	卖盘
10:08:54	12.82	--	21	26922	卖盘
10:08:45	12.82	--	13	16666	卖盘
10:08:39	12.82	--	11	14102	卖盘
10:08:30	12.82	--	0	0	卖盘
10:08:09	12.82	--	5	6410	卖盘
10:08:04	12.82	0.02	18	23076	卖盘
10:07:49	12.8	0.01	6	7680	买盘
10:07:39	12.79	--	41	52439	卖盘
10:07:29	12.79	-0.01	78	99762	卖盘
10:07:24	12.8	--	7	8960	买盘
10:07:19	12.8	-0.05	8	10240	卖盘
10:07:14	12.85	0.05	48	61680	买盘
10:07:09	12.8	--	140	179200	卖盘
10:06:39	12.8	--	10	12800	卖盘
10:06:24	12.8	--	0	0	卖盘
10:06:14	12.8	--	20	25600	卖盘
10:05:44	12.8	-0.05	255	326400	卖盘
10:05:39	12.85	0.04	20	25700	买盘
10:05:19	12.81	--	1	1281	卖盘
10:04:44	12.81	-0.04	33	42273	卖盘
10:04:39	12.85	--	0	0	买盘
10:04:14	12.85	--	1	1285	买盘
10:04:03	12.85	0.04	3	3855	买盘
10:03:59	12.81	--	0	0	卖盘
10:03:54	12.81	-0.04	95	121695	卖盘
10:03:48	12.85	--	2	2570	卖盘
10:03:33	12.85	-0.01	400	514000	卖盘
10:03:24	12.86	--	15	19290	卖盘
10:03:18	12.86	--	13	16718	买盘
10:03:13	12.86	0.01	5	6430	买盘
10:03:09	12.85	-0.01	33	42405	卖盘
10:02:48	12.86	0.01	10	12860	买盘
10:02:39	12.85	-0.01	29	37265	卖盘
10:02:33	12.86	0.01	26	33436	买盘
10:02:18	12.85	-0.01	21	26985	卖盘
10:02:13	12.86	--	2	2572	买盘
10:02:03	12.86	-0.02	10	12860	买盘
10:01:48	12.88	--	0	0	买盘
10:01:43	12.88	--	43	55384	卖盘
10:01:39	12.88	0.02	10	12880	买盘
10:01:33	12.86	--	27	34722	卖盘
10:01:28	12.86	0.01	5	6430	卖盘
10:01:24	12.85	--	0	0	卖盘
10:01:18	12.85	-0.01	40	51400	卖盘
10:01:08	12.86	--	10	12860	卖盘
10:01:03	12.86	-0.03	20	25720	卖盘
10:00:53	12.89	0.03	1	1289	中性盘
10:00:48	12.86	-0.03	64	82304	卖盘
10:00:38	12.89	0.03	1	1289	买盘
10:00:33	12.86	-0.04	11	14146	卖盘
10:00:28	12.9	--	0	0	买盘
10:00:23	12.9	--	100	129000	买盘
10:00:13	12.9	--	15	19350	买盘
09:59:53	12.9	--	56	72240	卖盘
09:59:48	12.9	--	16	20640	卖盘
09:59:43	12.9	-0.03	4	5160	卖盘
09:59:38	12.93	--	22	28446	买盘
09:59:33	12.93	0.03	57	73701	买盘
09:59:28	12.9	--	2	2580	卖盘
09:59:23	12.9	--	57	73530	卖盘
09:59:18	12.9	--	3	3870	卖盘
09:59:08	12.9	0.02	38	49020	买盘
09:58:53	12.88	0.01	6	7728	买盘
09:58:48	12.87	0.01	130	167310	买盘
09:58:43	12.86	--	30	38580	卖盘
09:58:33	12.86	0.03	55	70730	买盘
09:58:28	12.83	--	0	0	卖盘
09:58:23	12.83	--	0	0	卖盘
09:58:08	12.83	0.02	5	6415	卖盘
09:57:53	12.81	0.01	73	93513	买盘
09:57:48	12.8	-0.01	31	39680	卖盘
09:57:42	12.81	--	5	6405	买盘
09:57:38	12.81	--	10	12810	买盘
09:57:18	12.81	--	20	25620	买盘
09:57:03	12.81	0.01	4	5124	买盘
09:56:57	12.8	--	1	1280	卖盘
09:56:52	12.8	--	20	25600	卖盘
09:56:48	12.8	--	15	19200	卖盘
09:56:33	12.8	--	76	97280	买盘
09:56:27	12.8	0.01	2	2560	买盘
09:56:07	12.79	0.01	18	23022	买盘
09:55:57	12.78	-0.01	6	7668	卖盘
09:55:47	12.79	0.02	9	11511	买盘
09:55:32	12.77	-0.01	7	8939	卖盘
09:55:22	12.78	--	0	0	中性盘
09:55:18	12.78	--	7	8946	买盘
09:55:12	12.78	0.01	7	8946	买盘
09:55:02	12.77	--	9	11493	卖盘
09:54:57	12.77	-0.01	16	20432	卖盘
09:54:32	12.78	--	7	8946	卖盘
09:54:27	12.78	--	31	39618	卖盘
09:54:02	12.78	--	5	6390	卖盘
09:53:52	12.78	--	1	1278	卖盘
09:53:42	12.78	0.01	7	8946	买盘
09:53:32	12.77	--	0	1021	卖盘
09:53:12	12.77	--	6	7662	卖盘
09:53:02	12.77	--	31	39587	中性盘
09:52:52	12.77	--	19	24263	卖盘
09:52:47	12.77	0.01	40	51080	买盘
09:52:42	12.76	-0.01	10	12760	卖盘
09:52:32	12.77	0.01	30	38310	买盘
09:52:27	12.76	--	7	8932	卖盘
09:52:17	12.76	--	19	24244	卖盘
09:52:12	12.76	--	1	1276	卖盘
09:51:57	12.76	--	80	102080	卖盘
09:51:52	12.76	--	2	2552	卖盘
09:51:47	12.76	--	0	0	卖盘
09:51:42	12.76	-0.01	41	52316	卖盘
09:51:36	12.77	--	9	11493	买盘
09:51:32	12.77	0.01	1	1277	买盘
09:51:21	12.76	--	0	0	卖盘
09:51:12	12.76	-0.01	48	61248	卖盘
09:50:51	12.77	--	0	0	卖盘
09:50:42	12.77	--	21	26817	卖盘
09:50:36	12.77	--	39	49803	卖盘
09:50:27	12.77	--	50	63850	卖盘
09:50:12	12.77	--	11	14047	买盘
09:50:06	12.77	--	112	143024	买盘
09:50:01	12.77	--	13	16601	买盘
09:49:56	12.77	--	11	14047	买盘
09:49:41	12.77	--	6	7662	买盘
09:49:31	12.77	--	10	12770	买盘
09:49:21	12.77	0.01	5	6385	买盘
09:49:16	12.76	-0.01	2	2552	卖盘
09:49:06	12.77	--	16	20432	买盘
09:48:56	12.77	--	148	188996	买盘
09:48:51	12.77	--	5	6385	卖盘
09:48:26	12.77	0.01	17	21709	买盘
09:48:21	12.76	0.01	1	1276	中性盘
09:48:11	12.75	--	10	12750	卖盘
09:48:01	12.75	--	0	0	卖盘
09:47:56	12.75	-0.02	67	85425	卖盘
09:47:51	12.77	--	2	2554	买盘
09:47:36	12.77	--	54	68958	卖盘
09:47:11	12.77	0.01	22	28094	买盘
09:47:06	12.76	0.01	12	15312	中性盘
09:46:51	12.75	-0.02	22	28050	卖盘
09:46:41	12.77	0.02	24	30648	买盘
09:46:36	12.75	0.01	7	8925	卖盘
09:46:31	12.74	--	0	0	卖盘
09:46:11	12.74	-0.03	15	19110	卖盘
09:46:06	12.77	-0.03	15	19155	卖盘
09:45:51	12.8	0.05	5	6400	买盘
09:45:46	12.75	--	1	1275	卖盘
09:45:41	12.75	-0.06	20	25500	卖盘
09:45:36	12.81	--	4	5124	中性盘
09:45:30	12.81	0.06	32	40992	买盘
09:45:26	12.75	-0.06	32	40800	卖盘
09:45:15	12.81	0.01	11	14091	买盘
09:45:00	12.8	0.03	37	47360	买盘
09:44:50	12.77	0.03	6	7662	买盘
09:44:45	12.74	0.01	82	104468	中性盘
09:44:36	12.73	--	11	14003	卖盘
09:44:25	12.73	--	39	49647	买盘
09:44:20	12.73	--	10	12730	买盘
09:44:10	12.73	--	1	1273	卖盘
09:44:06	12.73	0.03	6	7638	买盘
09:44:00	12.7	--	3	3810	卖盘
09:43:50	12.7	--	5	6350	卖盘
09:43:45	12.7	--	8	10160	卖盘
09:43:40	12.7	0.03	5	6350	买盘
09:43:25	12.67	--	0	0	卖盘
09:43:20	12.67	-0.03	47	59549	卖盘
09:43:15	12.7	0.02	8	10160	买盘
09:43:10	12.68	--	14	17752	买盘
09:43:05	12.68	0.01	29	36772	卖盘
09:43:00	12.67	-0.03	1	1267	卖盘
09:42:50	12.7	0.03	33	41910	买盘
09:42:45	12.67	-0.01	19	24073	卖盘
09:42:35	12.68	0.02	31	39308	卖盘
09:42:30	12.66	-0.01	104	131664	卖盘
09:42:25	12.67	--	84	106428	卖盘
09:42:20	12.67	-0.03	115	145705	卖盘
09:42:15	12.7	0.03	71	90170	买盘
09:42:05	12.67	-0.03	65	82355	卖盘
09:42:00	12.7	-0.05	164	208280	卖盘
09:41:45	12.75	--	37	47175	卖盘
09:41:35	12.75	--	33	42075	卖盘
09:41:30	12.75	--	176	224400	买盘
09:41:15	12.75	-0.01	12	15300	卖盘
09:41:05	12.76	-0.01	22	28072	卖盘
09:41:00	12.77	-0.01	5	6385	买盘
09:40:50	12.78	--	13	16614	卖盘
09:40:45	12.78	--	16	20448	卖盘
09:40:40	12.78	-0.01	4	5112	卖盘
09:40:35	12.79	-0.01	8	10232	买盘
09:40:30	12.8	0.02	40	51200	买盘
09:40:25	12.78	-0.01	4	5112	卖盘
09:40:20	12.79	--	82	104878	卖盘
09:40:15	12.79	-0.01	15	19185	卖盘
09:40:05	12.8	0.01	2	2560	买盘
09:40:00	12.79	--	3	3836	卖盘
09:39:55	12.79	--	2	2558	卖盘
09:39:50	12.79	-0.01	25	31974	卖盘
09:39:45	12.8	--	3	3840	买盘
09:39:35	12.8	-0.01	91	116480	卖盘
09:39:20	12.81	--	27	34587	卖盘
09:39:15	12.81	-0.01	1	1281	卖盘
09:39:09	12.82	0.01	10	12820	买盘
09:38:59	12.81	-0.04	129	165249	卖盘
09:38:39	12.85	-0.02	17	21845	卖盘
09:38:29	12.87	0.02	4	5148	买盘
09:38:19	12.85	--	5	6425	卖盘
09:38:09	12.85	--	2	2570	买盘
09:37:59	12.85	--	34	43690	卖盘
09:37:49	12.85	-0.03	17	21845	卖盘
09:37:34	12.88	--	15	19320	卖盘
09:37:29	12.88	-0.02	10	12880	卖盘
09:37:24	12.9	0.02	1	1290	买盘
09:37:19	12.88	-0.01	24	30912	卖盘
09:37:09	12.89	-0.01	2	2578	中性盘
09:36:44	12.9	--	15	19350	买盘
09:36:39	12.9	0.02	4	5160	买盘
09:36:24	12.88	0.01	20	25760	买盘
09:36:14	12.87	0.02	31	39897	中性盘
09:35:59	12.85	--	77	98945	买盘
09:35:54	12.85	0.02	18	23130	买盘
09:35:44	12.83	--	0	0	卖盘
09:35:39	12.83	-0.02	60	76980	卖盘
09:35:34	12.85	--	1	1285	买盘
09:35:29	12.85	--	4	5140	中性盘
09:35:24	12.85	--	4	5140	买盘
09:35:19	12.85	-0.03	5	6425	卖盘
09:35:14	12.88	--	3	3864	买盘
09:35:09	12.88	0.04	3	3864	买盘
09:34:59	12.84	0.01	10	12840	卖盘
09:34:44	12.83	--	10	12830	卖盘
09:34:39	12.83	--	30	38490	卖盘
09:34:24	12.83	--	0	0	卖盘
09:34:19	12.83	0.01	24	30792	中性盘
09:34:14	12.82	-0.12	84	107688	卖盘
09:34:09	12.94	--	3	3882	买盘
09:33:49	12.94	0.04	94	121636	买盘
09:33:44	12.9	-0.02	55	70950	卖盘
09:33:39	12.92	--	4	5168	买盘
09:33:29	12.92	--	15	19380	卖盘
09:33:24	12.92	0.02	10	12920	卖盘
09:33:14	12.9	--	10	12900	买盘
09:33:09	12.9	--	8	10320	卖盘
09:33:03	12.9	-0.05	11	14190	卖盘
09:32:58	12.95	0.05	80	103600	买盘
09:32:48	12.9	-0.03	12	15480	卖盘
09:32:43	12.93	0.03	3	3879	中性盘
09:32:38	12.9	-0.02	33	42570	卖盘
09:32:33	12.92	-0.03	80	103360	卖盘
09:32:28	12.95	--	5	6475	买盘
09:32:23	12.95	--	23	29785	买盘
09:32:18	12.95	--	80	103600	卖盘
09:32:08	12.95	-0.03	25	32375	卖盘
09:32:03	12.98	--	15	19470	买盘
09:31:53	12.98	--	61	79178	买盘
09:31:48	12.98	--	33	42834	买盘
09:31:43	12.98	--	5	6490	买盘
09:31:38	12.98	-0.02	5	6490	卖盘
09:31:33	13.0	0.02	65	85085	买盘
09:31:23	12.98	--	10	12980	卖盘
09:31:18	12.98	0.04	199	259015	买盘
09:31:08	12.94	--	15	19410	卖盘
09:31:03	12.94	0.04	183	236802	买盘
09:30:58	12.9	--	0	0	买盘
09:30:53	12.9	--	5	6450	买盘
09:30:48	12.9	--	2	2580	买盘
09:30:38	12.9	-0.05	17	21930	卖盘
09:30:33	12.95	0.05	167	216265	买盘
09:30:28	12.9	0.02	3	3870	卖盘
09:30:18	12.88	0.03	122	157136	中性盘
09:30:13	12.85	--	0	0	卖盘
09:30:08	12.85	-0.1	131	168335	卖盘
09:30:03	12.95	0.1	162	209790	买盘
09:28:45	12.85	--	0	0	卖盘
09:25:06	12.85	12.85	121	155485	买盘
