成交时间	成交价	价格变动	成交量(手)	成交额(元)	性质
15:00:00	6.82	--	0	0	卖盘
15:00:00	6.82	--	0	0	卖盘
15:00:00	6.82	--	83	56606	卖盘
14:59:58	6.82	-0.01	20	13640	卖盘
14:59:52	6.83	0.01	239	163237	买盘
14:59:43	6.82	--	71	48422	卖盘
14:59:37	6.82	--	153	104346	卖盘
14:59:33	6.82	--	22	15004	卖盘
14:59:28	6.82	--	26	17732	卖盘
14:59:22	6.82	--	25	17050	卖盘
14:59:18	6.82	--	1	682	卖盘
14:59:13	6.82	--	14	9548	卖盘
14:59:07	6.82	--	81	55242	卖盘
14:58:58	6.82	--	21	14322	卖盘
14:58:52	6.82	--	20	13640	卖盘
14:58:48	6.82	--	6	4092	卖盘
14:58:43	6.82	--	2615	1783430	买盘
14:58:37	6.82	--	260	177320	买盘
14:58:33	6.82	--	40	27280	买盘
14:58:28	6.82	--	77	52514	买盘
14:58:22	6.82	--	17	11594	买盘
14:58:18	6.82	0.01	5	3410	中性盘
14:58:13	6.81	-0.01	277	188637	卖盘
14:58:07	6.82	0.01	129	87978	买盘
14:58:02	6.81	-0.01	1	681	卖盘
14:57:57	6.82	--	69	47058	买盘
14:57:52	6.82	0.01	139	94798	买盘
14:57:48	6.81	--	100	68100	卖盘
14:57:42	6.81	-0.01	23	15663	卖盘
14:57:37	6.82	0.01	136	92752	买盘
14:57:27	6.81	-0.01	298	202938	卖盘
14:57:22	6.82	--	40	27280	买盘
14:57:12	6.82	--	37	25234	买盘
14:57:07	6.82	--	13	8866	买盘
14:56:57	6.82	0.01	105	71610	买盘
14:56:52	6.81	-0.01	19	12939	卖盘
14:56:47	6.82	--	21	14322	买盘
14:56:42	6.82	-0.01	84	57288	卖盘
14:56:37	6.83	0.01	423	288909	买盘
14:56:32	6.82	--	45	30690	卖盘
14:56:27	6.82	--	2	1364	卖盘
14:56:22	6.82	--	210	143220	卖盘
14:56:17	6.82	--	6	4092	卖盘
14:56:12	6.82	--	36	24552	卖盘
14:56:07	6.82	--	1368	932976	卖盘
14:56:02	6.82	-0.01	5	3410	卖盘
14:55:57	6.83	0.01	43	29369	买盘
14:55:52	6.82	--	27	18414	卖盘
14:55:47	6.82	--	52	35464	卖盘
14:55:42	6.82	--	11	7502	卖盘
14:55:37	6.82	-0.01	59	40238	卖盘
14:55:32	6.83	0.01	7	4781	买盘
14:55:22	6.82	--	146	99572	卖盘
14:55:17	6.82	--	36	24552	卖盘
14:55:12	6.82	--	89	60698	买盘
14:55:07	6.82	-0.01	953	649946	卖盘
14:55:01	6.83	0.01	18	12294	买盘
14:54:57	6.82	-0.01	15	10230	卖盘
14:54:52	6.83	0.01	43	29369	买盘
14:54:46	6.82	--	56	38192	卖盘
14:54:42	6.82	-0.01	1	682	卖盘
14:54:31	6.83	0.01	70	47810	买盘
14:54:27	6.82	-0.01	178	121396	卖盘
14:54:22	6.83	--	335	228805	买盘
14:54:16	6.83	0.01	5	3415	买盘
14:54:12	6.82	--	9	6138	卖盘
14:54:07	6.82	--	17	11594	卖盘
14:54:01	6.82	-0.01	5	3410	卖盘
14:53:57	6.83	0.01	17	11611	买盘
14:53:52	6.82	--	174	118668	卖盘
14:53:46	6.82	-0.01	63	42966	卖盘
14:53:42	6.83	0.01	1	683	买盘
14:53:37	6.82	--	110	75020	卖盘
14:53:31	6.82	--	17	11594	卖盘
14:53:27	6.82	-0.01	108	73656	卖盘
14:53:22	6.83	0.01	217	148211	买盘
14:53:16	6.82	--	48	32736	卖盘
14:53:12	6.82	-0.01	141	96162	卖盘
14:53:07	6.83	0.01	28	19124	买盘
14:53:01	6.82	-0.01	2	1364	卖盘
14:52:57	6.83	--	46	31418	买盘
14:52:52	6.83	0.01	1507	1029281	买盘
14:52:46	6.82	--	9	6138	卖盘
14:52:42	6.82	--	25	17050	卖盘
14:52:37	6.82	-0.01	15	10230	卖盘
14:52:31	6.83	--	529	361307	买盘
14:52:27	6.83	--	197	134551	买盘
14:52:22	6.83	0.01	15	10245	买盘
14:52:16	6.82	-0.01	19	12958	卖盘
14:52:12	6.83	0.01	1	683	买盘
14:52:07	6.82	--	91	62062	卖盘
14:52:01	6.82	--	59	40238	卖盘
14:51:57	6.82	-0.01	125	85250	卖盘
14:51:52	6.83	--	43	29369	买盘
14:51:46	6.83	--	4	2732	买盘
14:51:42	6.83	0.01	19	12977	买盘
14:51:37	6.82	-0.01	454	309628	卖盘
14:51:31	6.83	0.01	23	15709	买盘
14:51:22	6.82	--	35	23870	卖盘
14:51:16	6.82	-0.01	15	10230	卖盘
14:51:06	6.83	0.01	25	17075	买盘
14:51:01	6.82	-0.01	6	4092	卖盘
14:50:51	6.83	0.01	39	26637	买盘
14:50:46	6.82	--	2	1364	卖盘
14:50:42	6.82	--	12	8184	卖盘
14:50:36	6.82	-0.01	135	92070	卖盘
14:50:31	6.83	--	276	188508	买盘
14:50:21	6.83	0.01	12	8196	买盘
14:50:16	6.82	-0.01	5	3410	卖盘
14:50:11	6.83	--	8	5464	买盘
14:50:06	6.83	--	2	1366	买盘
14:50:01	6.83	--	46	31418	买盘
14:49:56	6.83	0.01	372	254076	买盘
14:49:51	6.82	-0.01	39	26598	卖盘
14:49:46	6.83	0.01	140	95620	买盘
14:49:41	6.82	--	5	3410	卖盘
14:49:36	6.82	-0.01	30	20460	卖盘
14:49:31	6.83	0.01	8	5464	买盘
14:49:21	6.82	-0.01	25	17050	卖盘
14:49:11	6.83	--	16	10928	买盘
14:48:56	6.83	0.01	28	19124	买盘
14:48:51	6.82	-0.01	57	38874	卖盘
14:48:46	6.83	0.01	53	36199	买盘
14:48:40	6.82	-0.01	55	37510	卖盘
14:48:31	6.83	--	4	2732	买盘
14:48:10	6.83	--	2	1366	买盘
14:48:06	6.83	--	8	5464	买盘
14:48:01	6.83	--	115	78545	买盘
14:47:55	6.83	--	7	4781	买盘
14:47:51	6.83	--	5	3415	买盘
14:47:46	6.83	--	9	6147	买盘
14:47:40	6.83	0.01	24	16392	买盘
14:47:36	6.82	-0.01	2	1364	卖盘
14:47:31	6.83	--	342	233586	买盘
14:47:25	6.83	--	289	197387	买盘
14:47:16	6.83	--	328	224024	买盘
14:47:10	6.83	--	4	2732	买盘
14:47:01	6.83	0.01	551	376333	买盘
14:46:55	6.82	--	208	141856	卖盘
14:46:46	6.82	--	202	137764	卖盘
14:46:40	6.82	--	10	6820	卖盘
14:46:36	6.82	-0.01	59	40238	卖盘
14:46:31	6.83	0.01	67	45761	买盘
14:46:25	6.82	-0.01	471	321222	卖盘
14:46:21	6.83	0.01	14	9562	买盘
14:46:16	6.82	-0.01	57	38874	卖盘
14:46:10	6.83	0.01	2	1366	买盘
14:46:01	6.82	--	40	27280	卖盘
14:45:55	6.82	-0.01	62	42284	卖盘
14:45:51	6.83	0.01	2	1366	买盘
14:45:46	6.82	-0.01	41	27962	卖盘
14:45:40	6.83	0.01	5	3415	买盘
14:45:36	6.82	-0.01	24	16368	卖盘
14:45:25	6.83	0.01	13	8879	买盘
14:45:16	6.82	-0.01	54	36828	卖盘
14:45:10	6.83	0.01	1	683	买盘
14:45:01	6.82	-0.01	54	36828	卖盘
14:44:55	6.83	0.01	15	10245	买盘
14:44:36	6.82	--	190	129580	卖盘
14:44:31	6.82	--	30	20460	卖盘
14:44:25	6.82	--	4	2728	卖盘
14:44:21	6.82	--	21	14322	卖盘
14:44:15	6.82	--	6	4092	卖盘
14:44:10	6.82	--	87	59334	卖盘
14:44:00	6.82	--	7	4774	买盘
14:43:55	6.82	--	23	15686	卖盘
14:43:50	6.82	--	18	12276	卖盘
14:43:45	6.82	--	60	40920	卖盘
14:43:40	6.82	--	5	3410	卖盘
14:43:30	6.82	--	413	281666	买盘
14:43:25	6.82	--	11	7502	买盘
14:43:20	6.82	--	5	3410	买盘
14:43:15	6.82	--	157	107074	买盘
14:43:10	6.82	--	81	55242	买盘
14:43:05	6.82	0.01	9	6138	买盘
14:43:00	6.81	--	1	681	卖盘
14:42:55	6.81	-0.01	5	3405	卖盘
14:42:45	6.82	--	108	73656	买盘
14:42:40	6.82	0.01	27	18414	买盘
14:42:25	6.81	--	21	14301	卖盘
14:42:20	6.81	-0.01	9	6129	卖盘
14:42:15	6.82	0.01	9	6138	中性盘
14:42:10	6.81	-0.01	40	27240	卖盘
14:42:00	6.82	0.01	218	148676	卖盘
14:41:55	6.81	-0.01	70	47670	卖盘
14:41:50	6.82	0.01	116	79112	中性盘
14:41:45	6.81	-0.02	5	3405	卖盘
14:41:40	6.83	--	1	683	买盘
14:41:35	6.83	0.01	227	155041	买盘
14:41:30	6.82	--	3	2046	买盘
14:41:25	6.82	-0.01	421	287122	中性盘
14:41:19	6.83	0.01	60	40980	买盘
14:41:10	6.82	--	55	37510	卖盘
14:41:04	6.82	--	46	31372	卖盘
14:41:00	6.82	-0.01	12	8184	卖盘
14:40:49	6.83	0.01	117	79911	买盘
14:40:40	6.82	0.01	102	69564	买盘
14:40:34	6.81	--	25	17025	卖盘
14:40:30	6.81	--	25	17025	卖盘
14:40:25	6.81	--	50	34050	卖盘
14:40:19	6.81	--	16	10896	卖盘
14:40:10	6.81	-0.02	9	6129	卖盘
14:40:04	6.83	0.01	234	159822	买盘
14:39:55	6.82	--	7	4774	买盘
14:39:49	6.82	0.02	84	57288	买盘
14:39:45	6.8	--	0	0	卖盘
14:39:40	6.8	-0.02	198	134640	卖盘
14:39:34	6.82	--	67	45694	卖盘
14:39:30	6.82	0.01	982	669894	买盘
14:39:25	6.81	--	42	28602	买盘
14:39:19	6.81	--	2	1362	买盘
14:39:15	6.81	--	5	3405	买盘
14:39:10	6.81	-0.01	30	20940	卖盘
14:39:04	6.82	0.01	32	21824	买盘
14:39:00	6.81	--	30	20430	卖盘
14:38:55	6.81	--	945	643715	买盘
14:38:49	6.81	--	55	37455	买盘
14:38:40	6.81	-0.01	1709	1164339	卖盘
14:38:34	6.82	0.01	15	10230	买盘
14:38:19	6.81	--	515	350715	卖盘
14:38:15	6.81	-0.01	4	2724	卖盘
14:38:04	6.82	0.01	56	38192	买盘
14:38:00	6.81	-0.01	278	189318	卖盘
14:37:55	6.82	--	60	40920	买盘
14:37:49	6.82	-0.01	1	682	买盘
14:37:45	6.83	0.02	8	5464	买盘
14:37:39	6.81	-0.01	48	32687	卖盘
14:37:34	6.82	-0.01	50	34100	卖盘
14:37:29	6.83	0.01	54	36882	买盘
14:37:19	6.82	--	289	197718	买盘
14:37:14	6.82	--	19	12958	买盘
14:37:04	6.82	--	31	21203	卖盘
14:36:59	6.82	--	55	37510	卖盘
14:36:54	6.82	--	107	72974	卖盘
14:36:49	6.82	--	897	611754	卖盘
14:36:44	6.82	--	55	37510	卖盘
14:36:39	6.82	--	18	12276	卖盘
14:36:34	6.82	-0.01	127	86614	卖盘
14:36:29	6.83	0.01	92	62836	买盘
14:36:14	6.82	-0.02	28	19096	卖盘
14:36:09	6.84	0.01	74	50616	买盘
14:36:04	6.83	-0.01	874	596942	卖盘
14:35:59	6.84	--	10	6840	买盘
14:35:54	6.84	0.01	2	1368	买盘
14:35:49	6.83	-0.01	1	683	卖盘
14:35:44	6.84	0.01	6	4104	买盘
14:35:39	6.83	--	100	68300	卖盘
14:35:34	6.83	-0.01	32	21856	卖盘
14:35:28	6.84	--	55	37620	买盘
14:35:19	6.84	0.01	30	20520	买盘
14:35:13	6.83	--	16	10928	卖盘
14:35:09	6.83	--	82	56006	卖盘
14:34:49	6.83	--	31	21173	卖盘
14:34:34	6.83	-0.01	11	7513	卖盘
14:34:28	6.84	0.01	53	36252	买盘
14:34:23	6.83	--	12	8196	买盘
14:34:19	6.83	--	23	15709	卖盘
14:34:09	6.83	--	51	34833	买盘
14:34:04	6.83	-0.01	3	2049	卖盘
14:33:58	6.84	--	0	0	买盘
14:33:54	6.84	0.02	3	2052	买盘
14:33:49	6.82	-0.02	177	120714	卖盘
14:33:43	6.84	--	8	5472	买盘
14:33:38	6.84	0.01	130	88920	买盘
14:33:34	6.83	0.01	120	81960	买盘
14:33:28	6.82	-0.01	267	182094	卖盘
14:33:13	6.83	--	14	9562	买盘
14:33:09	6.83	0.01	2	1366	买盘
14:33:04	6.82	-0.01	4	2728	卖盘
14:32:58	6.83	--	24	16392	买盘
14:32:54	6.83	0.01	14	9562	买盘
14:32:49	6.82	-0.01	63	42966	卖盘
14:32:43	6.83	-0.01	1	683	卖盘
14:32:39	6.84	--	156	106704	买盘
14:32:34	6.84	0.01	31	21204	买盘
14:32:28	6.83	--	68	46444	卖盘
14:32:24	6.83	-0.01	122	83326	卖盘
14:32:19	6.84	--	392	268128	买盘
14:32:09	6.84	0.01	1	684	买盘
14:32:04	6.83	--	25	17075	卖盘
14:31:58	6.83	--	857	585331	买盘
14:31:49	6.83	--	137	94192	买盘
14:31:43	6.83	--	1000	683000	买盘
14:31:39	6.83	0.01	2	1366	买盘
14:31:34	6.82	--	7	4774	卖盘
14:31:28	6.82	-0.01	55	37510	卖盘
14:31:23	6.83	0.01	57	38931	买盘
14:31:18	6.82	-0.01	100	68200	卖盘
14:31:13	6.83	--	49	33467	买盘
14:31:08	6.83	0.01	2	1366	买盘
14:31:03	6.82	--	9	6138	卖盘
14:30:58	6.82	--	24	16368	卖盘
14:30:38	6.82	--	34	23188	卖盘
14:30:33	6.82	-0.01	5	3410	卖盘
14:30:28	6.83	--	164	112012	买盘
14:30:23	6.83	0.01	3	2049	买盘
14:30:18	6.82	--	1	682	卖盘
14:30:13	6.82	-0.01	2	1364	卖盘
14:30:08	6.83	--	1	683	买盘
14:30:03	6.83	--	91	62153	买盘
14:29:58	6.83	0.01	1	683	买盘
14:29:53	6.82	-0.01	103	70246	卖盘
14:29:48	6.83	--	4	2732	买盘
14:29:43	6.83	--	116	79228	买盘
14:29:33	6.83	0.01	35	23905	买盘
14:29:27	6.82	-0.01	11	7502	卖盘
14:29:23	6.83	--	1	683	买盘
14:29:18	6.83	--	75	51225	买盘
14:29:13	6.83	0.01	11	7513	买盘
14:29:03	6.82	--	61	41602	卖盘
14:28:58	6.82	-0.01	29	19778	卖盘
14:28:52	6.83	0.01	13	8879	买盘
14:28:47	6.82	-0.01	83	56606	卖盘
14:28:43	6.83	0.01	258	176214	买盘
14:28:37	6.82	--	1	682	卖盘
14:28:28	6.82	--	63	42966	卖盘
14:28:22	6.82	--	3	2046	卖盘
14:28:17	6.82	--	6	4092	卖盘
14:28:13	6.82	--	415	283030	卖盘
14:28:07	6.82	--	21	14322	卖盘
14:27:57	6.82	--	81	55242	卖盘
14:27:52	6.82	--	48	32736	卖盘
14:27:47	6.82	--	77	52514	卖盘
14:27:43	6.82	--	5	3410	卖盘
14:27:37	6.82	--	82	55924	卖盘
14:27:32	6.82	-0.01	135	92070	卖盘
14:27:28	6.83	--	33	22539	买盘
14:27:22	6.83	0.01	1	683	买盘
14:27:18	6.82	-0.01	67	45694	卖盘
14:27:13	6.83	--	22	15026	买盘
14:27:03	6.83	--	5	3415	买盘
14:26:58	6.83	0.01	35	23905	买盘
14:26:52	6.82	-0.01	3	2046	卖盘
14:26:48	6.83	0.01	20	13660	买盘
14:26:37	6.82	--	11	7502	卖盘
14:26:28	6.82	-0.01	6	4092	卖盘
14:26:22	6.83	--	69	47127	卖盘
14:26:13	6.83	--	44	30052	卖盘
14:25:58	6.83	--	11	7513	卖盘
14:25:43	6.83	--	23	15709	买盘
14:25:37	6.83	0.01	49	33467	买盘
14:25:28	6.82	--	6	4092	卖盘
14:25:22	6.82	--	0	0	卖盘
14:25:17	6.82	-0.02	3	2046	卖盘
14:25:13	6.84	0.02	98	67032	买盘
14:25:07	6.82	--	40	27280	卖盘
14:25:03	6.82	--	4	2728	卖盘
14:24:58	6.82	-0.02	30	20460	卖盘
14:24:52	6.84	0.02	23	15732	买盘
14:24:47	6.82	--	23	15686	卖盘
14:24:37	6.82	-0.01	73	49786	卖盘
14:24:28	6.83	--	143	97669	卖盘
14:24:22	6.83	--	98	66934	卖盘
14:24:18	6.83	--	28	19124	卖盘
14:24:12	6.83	--	9	6147	卖盘
14:24:07	6.83	--	42	28686	卖盘
14:24:02	6.83	--	3	2049	卖盘
14:23:57	6.83	--	21	14343	卖盘
14:23:52	6.83	--	35	23905	卖盘
14:23:47	6.83	--	89	60787	卖盘
14:23:42	6.83	-0.01	42	28686	卖盘
14:23:37	6.84	0.01	33	22572	买盘
14:23:32	6.83	--	40	27320	卖盘
14:23:27	6.83	-0.01	17	11611	卖盘
14:23:17	6.84	--	164	112176	买盘
14:23:12	6.84	--	75	51300	买盘
14:23:06	6.84	0.01	35	23940	买盘
14:23:02	6.83	-0.01	12	8196	卖盘
14:22:57	6.84	--	10	6840	买盘
14:22:52	6.84	0.01	20	13680	买盘
14:22:47	6.83	-0.01	16	10928	卖盘
14:22:37	6.84	0.01	2	1368	买盘
14:22:27	6.83	-0.01	11	7513	卖盘
14:22:22	6.84	0.01	25	17100	买盘
14:22:17	6.83	--	44	30052	卖盘
14:22:12	6.83	0.01	20	13660	卖盘
14:22:07	6.82	--	268	182776	卖盘
14:22:02	6.82	--	20	13640	卖盘
14:21:57	6.82	--	12	8184	卖盘
14:21:51	6.82	-0.03	43	29326	卖盘
14:21:47	6.85	0.03	2929	2006365	买盘
14:21:41	6.82	-0.01	18	12276	卖盘
14:21:37	6.83	0.01	2	1366	买盘
14:21:30	6.82	-0.01	142	96844	卖盘
14:21:26	6.83	0.01	62	42346	买盘
14:21:21	6.82	--	59	40238	卖盘
14:21:16	6.82	-0.01	41	27962	卖盘
14:21:07	6.83	--	282	192606	卖盘
14:21:01	6.83	--	76	51908	卖盘
14:20:51	6.83	--	22	15026	卖盘
14:20:46	6.83	-0.01	1	683	卖盘
14:20:41	6.84	0.01	19	12996	买盘
14:20:37	6.83	--	23	15709	卖盘
14:20:31	6.83	-0.01	5	3415	卖盘
14:20:21	6.84	--	73	49932	买盘
14:20:16	6.84	--	8	5472	买盘
14:20:07	6.84	--	2	1368	买盘
14:20:00	6.84	0.01	31	21204	买盘
14:19:51	6.83	-0.01	17	11611	卖盘
14:19:41	6.84	--	66	45144	买盘
14:19:37	6.84	0.01	50	34200	买盘
14:19:31	6.83	-0.01	12	8196	卖盘
14:19:27	6.84	--	4	2736	买盘
14:19:21	6.84	--	9	6156	买盘
14:19:15	6.84	0.01	75	51300	买盘
14:19:11	6.83	-0.01	30	20490	卖盘
14:19:06	6.84	0.01	67	45828	买盘
14:19:00	6.83	--	20	13660	卖盘
14:18:46	6.83	--	2	1366	买盘
14:18:42	6.83	0.01	8	5464	中性盘
14:18:36	6.82	-0.01	68	46376	卖盘
14:18:30	6.83	0.01	148	101084	买盘
14:18:26	6.82	-0.02	103	70246	卖盘
14:18:21	6.84	0.01	459	313956	买盘
14:18:15	6.83	--	32	21856	买盘
14:18:11	6.83	0.01	28	19124	买盘
14:18:07	6.82	-0.01	50	34100	卖盘
14:17:56	6.83	--	20	13660	买盘
14:17:46	6.83	0.01	2	1366	买盘
14:17:41	6.82	-0.01	11	7502	卖盘
14:17:37	6.83	--	100	68300	买盘
14:17:21	6.83	--	557	380431	买盘
14:17:15	6.83	0.01	11	7513	买盘
14:17:11	6.82	-0.01	35	23870	卖盘
14:17:06	6.83	--	28	19124	买盘
14:17:00	6.83	--	67	45761	买盘
14:16:46	6.83	--	13	8879	买盘
14:16:41	6.83	0.01	12	8196	买盘
14:16:30	6.82	--	30	20460	卖盘
14:16:26	6.82	-0.01	22	15004	卖盘
14:16:21	6.83	0.01	555	379065	买盘
14:16:15	6.82	-0.01	16	10912	卖盘
14:16:06	6.83	--	40	27320	买盘
14:16:00	6.83	0.01	11	7513	买盘
14:15:56	6.82	-0.01	4	2728	卖盘
14:15:45	6.83	--	16	10928	买盘
14:15:41	6.83	--	1	683	买盘
14:15:36	6.83	--	4	2732	买盘
14:15:26	6.83	--	28	19124	买盘
14:15:21	6.83	0.01	86	58738	买盘
14:15:15	6.82	-0.01	24	16368	卖盘
14:15:01	6.83	0.01	60	40980	买盘
14:14:54	6.82	-0.01	28	19096	卖盘
14:14:50	6.83	0.01	20	13660	买盘
14:14:46	6.82	-0.01	7	4774	卖盘
14:14:39	6.83	--	2	1366	买盘
14:14:31	6.83	--	33	22539	买盘
14:14:24	6.83	--	17	11611	买盘
14:14:09	6.83	--	2	1366	买盘
14:13:54	6.83	--	21	14343	买盘
14:13:39	6.83	--	12	8196	买盘
14:13:35	6.83	--	12	8196	买盘
14:13:30	6.83	--	20	13660	买盘
14:13:24	6.83	--	3	2049	买盘
14:13:20	6.83	--	18	12294	买盘
14:13:16	6.83	--	5	3415	买盘
14:13:09	6.83	0.01	117	79911	买盘
14:13:05	6.82	--	200	136400	卖盘
14:13:00	6.82	--	102	69795	卖盘
14:12:54	6.82	--	25	17050	卖盘
14:12:50	6.82	-0.01	1	682	卖盘
14:12:45	6.83	--	32	21856	买盘
14:12:40	6.83	--	127	86741	买盘
14:12:35	6.83	0.01	7	4781	买盘
14:12:30	6.82	-0.01	8	5456	卖盘
14:12:24	6.83	0.01	210	143430	买盘
14:12:09	6.82	-0.01	55	37510	卖盘
14:11:54	6.83	0.01	17	11611	买盘
14:11:45	6.82	-0.01	7	4774	卖盘
14:11:39	6.83	--	16	10928	买盘
14:11:35	6.83	0.01	305	208315	买盘
14:11:30	6.82	--	8	5456	卖盘
14:11:25	6.82	--	28	19096	卖盘
14:11:15	6.82	-0.01	13	8866	卖盘
14:11:09	6.83	--	12	8196	买盘
14:11:00	6.83	-0.01	5	3415	中性盘
14:10:54	6.84	0.01	57	38988	买盘
14:10:45	6.83	--	3	2049	卖盘
14:10:39	6.83	0.01	29	19807	中性盘
14:10:35	6.82	-0.01	50	34100	卖盘
14:10:30	6.83	--	130	88790	买盘
14:10:24	6.83	--	20	13660	买盘
14:10:20	6.83	--	69	47127	买盘
14:10:15	6.83	--	62	42346	买盘
14:10:09	6.83	--	1	683	买盘
14:10:05	6.83	--	10	6830	买盘
14:10:00	6.83	0.01	1	683	中性盘
14:09:54	6.82	-0.01	64	43648	卖盘
14:09:50	6.83	--	42	28686	买盘
14:09:45	6.83	--	5	3415	买盘
14:09:39	6.83	0.02	1	683	买盘
14:09:35	6.81	--	0	0	卖盘
14:09:30	6.81	-0.03	275	187275	卖盘
14:09:24	6.84	0.02	2	1368	买盘
14:09:20	6.82	--	0	0	卖盘
14:09:15	6.82	-0.01	36	24552	卖盘
14:09:09	6.83	--	105	71715	买盘
14:09:05	6.83	--	1	683	买盘
14:09:00	6.83	--	26	17758	买盘
14:08:54	6.83	--	57	38931	买盘
14:08:45	6.83	--	58	39614	买盘
14:08:39	6.83	0.01	26	17758	买盘
14:08:35	6.82	--	4	2728	买盘
14:08:30	6.82	--	12	8184	买盘
14:08:24	6.82	-0.01	27	18414	买盘
14:08:20	6.83	--	5	3415	买盘
14:08:15	6.83	0.01	73	49859	买盘
14:08:09	6.82	--	61	41602	买盘
14:08:03	6.82	--	35	23870	买盘
14:07:59	6.82	--	1	682	买盘
14:07:54	6.82	-0.01	60	40920	卖盘
14:07:48	6.83	--	8	5464	买盘
14:07:39	6.83	--	128	87424	买盘
14:07:33	6.83	--	24	16392	买盘
14:07:24	6.83	--	3	2049	买盘
14:07:18	6.83	--	44	30052	买盘
14:07:09	6.83	0.01	37	25271	买盘
14:07:03	6.82	-0.01	30	20460	卖盘
14:06:59	6.83	--	25	17075	买盘
14:06:54	6.83	--	14	9562	买盘
14:06:48	6.83	--	87	59421	买盘
14:06:44	6.83	--	0	0	买盘
14:06:33	6.83	0.02	34	23222	买盘
14:06:29	6.81	--	50	34050	卖盘
14:06:24	6.81	-0.02	34	23154	卖盘
14:06:18	6.83	--	0	0	买盘
14:06:14	6.83	0.02	36	24588	买盘
14:06:09	6.81	-0.02	10	6810	卖盘
14:06:03	6.83	--	53	36199	买盘
14:05:59	6.83	--	0	0	买盘
14:05:54	6.83	0.01	239	163237	买盘
14:05:48	6.82	0.01	1	682	卖盘
14:05:44	6.81	-0.01	419	285339	卖盘
14:05:39	6.82	--	227	154814	买盘
14:05:33	6.82	--	3	2046	买盘
14:05:29	6.82	--	26	17732	买盘
14:05:24	6.82	--	38	25916	卖盘
14:05:18	6.82	-0.01	25	17050	卖盘
14:05:09	6.83	--	28	19124	买盘
14:05:03	6.83	0.01	55	37565	买盘
14:04:59	6.82	-0.01	1	682	卖盘
14:04:54	6.83	--	29	19807	买盘
14:04:48	6.83	0.02	100	68300	买盘
14:04:39	6.81	-0.02	5	3405	卖盘
14:04:33	6.83	--	526	359258	买盘
14:04:29	6.83	0.02	129	88107	买盘
14:04:24	6.81	-0.01	115	78315	卖盘
14:04:18	6.82	--	158	107756	卖盘
14:04:14	6.82	--	25	17050	卖盘
14:04:09	6.82	-0.01	20	13640	卖盘
14:04:03	6.83	-0.01	39	26637	卖盘
14:03:59	6.84	--	0	0	买盘
14:03:54	6.84	0.01	154	105336	买盘
14:03:48	6.83	-0.01	32	21856	卖盘
14:03:44	6.84	--	0	0	买盘
14:03:39	6.84	0.02	25	17100	买盘
14:03:33	6.82	--	200	136400	卖盘
14:03:29	6.82	--	32	21824	卖盘
14:03:24	6.82	--	100	68200	卖盘
14:03:18	6.82	-0.02	34	23188	卖盘
14:03:14	6.84	--	0	0	买盘
14:03:09	6.84	0.01	110	75240	买盘
14:03:03	6.83	-0.01	36	24588	卖盘
14:02:54	6.84	0.01	102	69768	买盘
14:02:48	6.83	-0.01	16	10928	中性盘
14:02:44	6.84	0.01	79	54036	买盘
14:02:39	6.83	-0.01	6	4098	卖盘
14:02:33	6.84	0.01	1607	1099188	买盘
14:02:24	6.83	--	66	45078	买盘
14:02:18	6.83	--	20	13660	买盘
14:02:09	6.83	0.01	65	44395	买盘
14:02:03	6.82	--	37	25234	买盘
14:01:59	6.82	-0.02	91	62062	卖盘
14:01:54	6.84	--	0	0	买盘
14:01:48	6.84	0.02	243	166212	买盘
14:01:44	6.82	-0.02	51	34782	卖盘
14:01:39	6.84	0.02	225	153900	买盘
14:01:33	6.82	--	135	92070	卖盘
14:01:27	6.82	--	105	71610	卖盘
14:01:24	6.82	--	205	139810	卖盘
14:01:18	6.82	--	32	21824	卖盘
14:01:12	6.82	--	40	27280	卖盘
14:01:08	6.82	-0.02	210	143220	卖盘
14:01:03	6.84	0.02	33	22572	买盘
14:00:57	6.82	--	107	72974	卖盘
14:00:53	6.82	--	18	12276	卖盘
14:00:42	6.82	--	170	115940	卖盘
14:00:33	6.82	--	100	68200	卖盘
14:00:27	6.82	--	50	34100	卖盘
14:00:18	6.82	--	1	682	卖盘
14:00:12	6.82	-0.01	135	92070	卖盘
14:00:03	6.83	-0.01	151	103133	中性盘
13:59:57	6.84	0.02	171	116964	买盘
13:59:53	6.82	--	22	15004	卖盘
13:59:48	6.82	-0.02	82	55924	卖盘
13:59:38	6.84	0.02	77	52668	买盘
13:59:33	6.82	--	51	34782	卖盘
13:59:27	6.82	--	325	221650	卖盘
13:59:23	6.82	--	2	1364	卖盘
13:59:18	6.82	--	61	41602	卖盘
13:59:12	6.82	-0.01	225	153450	卖盘
13:59:08	6.83	--	20	13660	买盘
13:59:03	6.83	--	30	20490	买盘
13:58:57	6.83	--	19	12977	买盘
13:58:53	6.83	--	37	25271	卖盘
13:58:48	6.83	-0.01	15	10245	中性盘
13:58:42	6.84	--	164	112176	买盘
13:58:38	6.84	0.01	70	47880	买盘
13:58:33	6.83	--	78	53274	卖盘
13:58:27	6.83	-0.01	21	14343	卖盘
13:58:23	6.84	--	43	29412	买盘
13:58:18	6.84	--	27	18468	买盘
13:58:12	6.84	0.01	16	10944	买盘
13:58:08	6.83	0.01	4	2732	买盘
13:58:03	6.82	--	53	36146	买盘
13:57:57	6.82	--	749	510818	卖盘
13:57:53	6.82	--	1	682	卖盘
13:57:48	6.82	-0.01	113	77066	卖盘
13:57:42	6.83	--	86	58738	卖盘
13:57:38	6.83	-0.01	80	54640	卖盘
13:57:33	6.84	--	61	41724	买盘
13:57:27	6.84	0.01	33	22572	买盘
13:57:23	6.83	-0.01	1	683	卖盘
13:57:18	6.84	--	316	216144	买盘
13:57:12	6.84	--	27	18468	买盘
13:57:03	6.84	0.02	31	21204	买盘
13:56:57	6.82	-0.01	87	59334	卖盘
13:56:53	6.83	0.01	229	156407	买盘
13:56:48	6.82	--	2	1364	卖盘
13:56:42	6.82	-0.01	529	360778	卖盘
13:56:38	6.83	--	11	7513	买盘
13:56:33	6.83	0.01	114	77862	买盘
13:56:27	6.82	--	176	120032	卖盘
13:56:23	6.82	-0.01	11	7502	卖盘
13:56:18	6.83	0.01	48	32784	卖盘
13:56:12	6.82	-0.02	65	44330	卖盘
13:56:08	6.84	--	28	19152	买盘
13:56:03	6.84	--	301	205884	买盘
13:55:57	6.84	0.02	26	17784	买盘
13:55:48	6.82	-0.01	66	45012	卖盘
13:55:42	6.83	--	37	25271	买盘
13:55:38	6.83	-0.02	96	65568	卖盘
13:55:33	6.85	--	163	111655	买盘
13:55:27	6.85	0.01	249	170565	买盘
13:55:23	6.84	--	58	39672	买盘
13:55:18	6.84	0.01	310	212040	买盘
13:55:12	6.83	-0.01	107	73081	卖盘
13:55:08	6.84	--	1	684	买盘
13:55:03	6.84	--	43	29412	买盘
13:54:57	6.84	--	137	93708	卖盘
13:54:53	6.84	-0.01	88	60192	中性盘
13:54:48	6.85	--	32	21920	买盘
13:54:42	6.85	0.02	25	17125	买盘
13:54:36	6.83	-0.01	87	59421	卖盘
13:54:33	6.84	-0.01	22	15048	中性盘
13:54:27	6.85	0.01	348	238380	买盘
13:54:21	6.84	--	693	474012	买盘
13:54:12	6.84	--	363	248292	买盘
13:54:06	6.84	--	36	24624	买盘
13:53:57	6.84	--	231	158004	买盘
13:53:47	6.84	0.01	69	47196	买盘
13:53:42	6.83	--	277	189191	卖盘
13:53:36	6.83	-0.01	236	161188	卖盘
13:53:32	6.84	0.01	13	8892	买盘
13:53:27	6.83	-0.01	460	314180	卖盘
13:53:21	6.84	0.01	239	163476	买盘
13:53:17	6.83	-0.01	2	1366	卖盘
13:53:12	6.84	0.01	48	32832	买盘
13:53:06	6.83	-0.01	61	41663	卖盘
13:53:02	6.84	--	24	16416	买盘
13:52:57	6.84	--	346	236664	买盘
13:52:51	6.84	--	255	174420	买盘
13:52:47	6.84	--	10	6840	买盘
13:52:42	6.84	--	5	3420	买盘
13:52:36	6.84	--	33	22572	买盘
13:52:32	6.84	--	54	36936	买盘
13:52:27	6.84	--	268	183312	买盘
13:52:17	6.84	--	36	24624	买盘
13:52:12	6.84	0.01	212	145008	买盘
13:52:06	6.83	--	415	283445	卖盘
13:52:02	6.83	-0.01	1	683	卖盘
13:51:57	6.84	--	311	212724	卖盘
13:51:51	6.84	--	16	10944	买盘
13:51:42	6.84	0.01	82	56088	买盘
13:51:36	6.83	-0.01	29	19807	卖盘
13:51:32	6.84	--	29	19836	买盘
13:51:27	6.84	--	109	74556	买盘
13:51:21	6.84	--	86	58824	买盘
13:51:17	6.84	0.01	9	6156	买盘
13:51:12	6.83	-0.02	225	153675	卖盘
13:51:06	6.85	0.01	8	5480	买盘
13:51:02	6.84	--	53	36252	买盘
13:50:57	6.84	0.01	38	25992	买盘
13:50:51	6.83	--	145	99035	卖盘
13:50:42	6.83	-0.01	34	23222	卖盘
13:50:36	6.84	--	30	20520	买盘
13:50:32	6.84	--	1	684	买盘
13:50:27	6.84	--	81	55404	买盘
13:50:21	6.84	--	28	19152	买盘
13:50:17	6.84	0.01	28	19152	买盘
13:50:12	6.83	-0.01	102	69666	卖盘
13:50:06	6.84	0.01	81	55404	买盘
13:49:57	6.83	-0.01	60	40980	卖盘
13:49:51	6.84	0.01	28	19152	买盘
13:49:42	6.83	--	42	28686	卖盘
13:49:36	6.83	-0.01	1	683	卖盘
13:49:32	6.84	--	35	23940	买盘
13:49:27	6.84	-0.01	3	2052	卖盘
13:49:21	6.85	0.01	44	30140	买盘
13:49:12	6.84	--	28	19152	买盘
13:49:06	6.84	--	1018	696312	买盘
13:49:02	6.84	--	108	73872	买盘
13:48:57	6.84	0.01	28	19152	买盘
13:48:51	6.83	-0.01	12	8196	卖盘
13:48:47	6.84	--	26	17784	买盘
13:48:42	6.84	-0.01	25	17100	卖盘
13:48:36	6.85	0.01	27	18495	买盘
13:48:32	6.84	--	60	41040	卖盘
13:48:27	6.84	--	111	75924	卖盘
13:48:21	6.84	-0.01	1	684	卖盘
13:48:15	6.85	--	12	8220	买盘
13:48:12	6.85	0.02	28	19180	买盘
13:48:06	6.83	--	42	28686	卖盘
13:48:00	6.83	-0.01	57	38931	卖盘
13:47:51	6.84	0.01	39	26676	买盘
13:47:45	6.83	-0.01	509	347647	卖盘
13:47:41	6.84	0.01	25	17100	买盘
13:47:36	6.83	--	0	0	卖盘
13:47:30	6.83	-0.02	111	75813	卖盘
13:47:26	6.85	--	15	10275	买盘
13:47:21	6.85	0.02	41	28085	买盘
13:47:15	6.83	-0.02	47	32101	卖盘
13:47:06	6.85	0.01	28	19180	买盘
13:47:00	6.84	--	825	564300	卖盘
13:46:51	6.84	-0.01	1	684	卖盘
13:46:45	6.85	--	46	31510	买盘
13:46:36	6.85	--	25	17125	买盘
13:46:26	6.85	0.01	84	57540	买盘
13:46:21	6.84	-0.01	51	34884	卖盘
13:46:15	6.85	--	29	19865	买盘
13:46:11	6.85	--	1	685	买盘
13:46:06	6.85	--	67	45895	买盘
13:46:00	6.85	0.01	26	17810	买盘
13:45:51	6.84	--	60	41040	卖盘
13:45:45	6.84	-0.01	1	684	卖盘
13:45:41	6.85	--	29	19865	买盘
13:45:36	6.85	0.01	600	411000	买盘
13:45:30	6.84	--	45	30780	卖盘
13:45:21	6.84	-0.01	31	21204	卖盘
13:45:11	6.85	--	19	13015	买盘
13:45:06	6.85	--	31	21235	买盘
13:45:00	6.85	--	50	34250	买盘
13:44:56	6.85	0.01	27	18495	买盘
13:44:51	6.84	-0.01	3	2052	卖盘
13:44:45	6.85	0.01	27	18495	买盘
13:44:41	6.84	-0.01	2	1368	卖盘
13:44:36	6.85	0.01	39	26715	买盘
13:44:30	6.84	--	1	684	卖盘
13:44:26	6.84	-0.01	10	6840	卖盘
13:44:21	6.85	0.01	154	105490	买盘
13:44:15	6.84	-0.01	35	23940	卖盘
13:44:06	6.85	--	3	2055	买盘
13:44:00	6.85	0.01	28	19180	买盘
13:43:51	6.84	--	28	19152	卖盘
13:43:41	6.84	-0.01	43	29412	卖盘
13:43:36	6.85	--	302	206870	买盘
13:43:30	6.85	0.01	25	17125	买盘
13:43:21	6.84	-0.01	1	684	卖盘
13:43:15	6.85	--	41	28085	买盘
13:43:06	6.85	--	27	18495	买盘
13:42:56	6.85	0.01	29	19865	买盘
13:42:51	6.84	-0.01	1	684	中性盘
13:42:45	6.85	--	467	319895	买盘
13:42:41	6.85	--	3	2055	买盘
13:42:36	6.85	--	27	18495	买盘
13:42:30	6.85	0.01	34	23290	买盘
13:42:26	6.84	-0.01	6	4104	卖盘
13:42:21	6.85	--	86	58910	买盘
13:42:11	6.85	0.01	25	17125	买盘
13:42:06	6.84	-0.01	2	1368	卖盘
13:42:00	6.85	0.01	40	27400	买盘
13:41:56	6.84	-0.01	10	6840	卖盘
13:41:51	6.85	--	28	19180	买盘
13:41:36	6.85	--	32	21920	买盘
13:41:30	6.85	--	30	20550	买盘
13:41:15	6.85	0.01	90	61650	买盘
13:41:09	6.84	--	6	4104	买盘
13:41:06	6.84	--	29	19836	买盘
13:40:54	6.84	0.01	32	21888	中性盘
13:40:45	6.83	--	39	26637	卖盘
13:40:39	6.83	--	0	0	卖盘
13:40:30	6.83	-0.02	38	25954	卖盘
13:40:24	6.85	--	29	19865	买盘
13:40:15	6.85	--	67	45895	买盘
13:40:09	6.85	--	28	19180	买盘
13:40:00	6.85	--	44	30140	买盘
13:39:54	6.85	--	6	4110	买盘
13:39:45	6.85	--	58	39730	买盘
13:39:39	6.85	0.01	29	19865	买盘
13:39:35	6.84	--	6	4104	卖盘
13:39:30	6.84	-0.01	7	4788	卖盘
13:39:24	6.85	--	24	16440	买盘
13:39:15	6.85	0.01	26	17810	买盘
13:39:09	6.84	-0.01	1	684	中性盘
13:39:05	6.85	--	28	19180	买盘
13:38:54	6.85	0.02	27	18495	买盘
13:38:50	6.83	-0.02	20	13660	卖盘
13:38:45	6.85	--	0	0	买盘
13:38:39	6.85	0.02	38	26030	买盘
13:38:35	6.83	-0.02	1	683	卖盘
13:38:30	6.85	--	28	19180	买盘
13:38:24	6.85	--	0	0	买盘
13:38:20	6.85	--	41	28085	买盘
13:38:15	6.85	0.01	60	41100	买盘
13:38:09	6.84	--	27	18468	买盘
13:38:05	6.84	--	0	0	中性盘
13:38:00	6.84	--	48	32832	买盘
13:37:54	6.84	0.01	100	68400	买盘
13:37:50	6.83	-0.01	13	8879	卖盘
13:37:45	6.84	0.01	105	71820	买盘
13:37:39	6.83	--	33	22539	卖盘
13:37:30	6.83	-0.01	4	2732	卖盘
13:37:24	6.84	--	81	55404	买盘
13:37:15	6.84	--	81	55404	卖盘
13:37:09	6.84	0.01	15	10260	买盘
13:37:05	6.83	-0.02	35	23905	卖盘
13:37:00	6.85	0.01	26	17810	买盘
13:36:54	6.84	--	53	36252	买盘
13:36:45	6.84	--	121	82764	买盘
13:36:39	6.84	0.01	26	17784	买盘
13:36:35	6.83	-0.01	104	71032	卖盘
13:36:30	6.84	--	49	33516	买盘
13:36:20	6.84	--	25	17100	买盘
13:36:15	6.84	--	4	2736	买盘
13:36:09	6.84	0.01	92	62928	买盘
13:36:05	6.83	--	1	683	卖盘
13:36:00	6.83	-0.01	21	14343	卖盘
13:35:54	6.84	--	48	32832	买盘
13:35:50	6.84	--	4	2736	买盘
13:35:45	6.84	--	66	45144	买盘
13:35:39	6.84	0.01	170	116280	买盘
13:35:35	6.83	-0.01	28	19124	卖盘
13:35:30	6.84	--	10	6840	买盘
13:35:24	6.84	--	176	120384	卖盘
13:35:20	6.84	--	70	47880	卖盘
13:35:15	6.84	--	72	49248	卖盘
13:35:05	6.84	-0.01	15	10260	卖盘
13:35:00	6.85	--	24	16440	买盘
13:34:54	6.85	--	20	13700	买盘
13:34:50	6.85	--	26	17810	买盘
13:34:39	6.85	0.01	58	39730	买盘
13:34:33	6.84	-0.01	171	116964	卖盘
13:34:30	6.85	0.01	32	21920	买盘
13:34:24	6.84	--	28	19152	卖盘
13:34:18	6.84	--	38	25992	卖盘
13:34:09	6.84	--	77	52668	卖盘
13:33:54	6.84	--	1	684	卖盘
13:33:48	6.84	-0.01	1	684	卖盘
13:33:39	6.85	--	1	685	买盘
13:33:33	6.85	0.01	2	1370	买盘
13:33:24	6.84	0.01	37	25308	买盘
13:33:18	6.83	-0.01	1	683	卖盘
13:33:14	6.84	--	73	49932	买盘
13:33:09	6.84	--	27	18468	买盘
13:33:03	6.84	0.01	9	6156	买盘
13:32:54	6.83	-0.01	65	44395	卖盘
13:32:48	6.84	--	43	29412	买盘
13:32:44	6.84	0.01	1	684	卖盘
13:32:39	6.83	--	0	0	卖盘
13:32:33	6.83	--	47	32101	卖盘
13:32:29	6.83	-0.01	234	159822	卖盘
13:32:24	6.84	--	31	21204	卖盘
13:32:18	6.84	-0.01	1	684	卖盘
13:32:09	6.85	0.01	58	39730	买盘
13:32:03	6.84	--	22	15048	卖盘
13:31:59	6.84	-0.01	123	84132	卖盘
13:31:54	6.85	0.01	326	223310	买盘
13:31:48	6.84	-0.01	7	4788	卖盘
13:31:33	6.85	0.01	70	47950	买盘
13:31:24	6.84	--	7	4788	买盘
13:31:18	6.84	--	68	46512	买盘
13:31:14	6.84	--	81	55404	卖盘
13:31:09	6.84	-0.01	16	10944	卖盘
13:30:48	6.85	0.01	57	39045	买盘
13:30:44	6.84	0.01	20	13680	卖盘
13:30:39	6.83	-0.01	251	171433	卖盘
13:30:33	6.84	--	50	34200	买盘
13:30:24	6.84	--	242	165589	卖盘
13:30:18	6.84	-0.01	32	21888	卖盘
13:30:14	6.85	--	5	3425	买盘
13:30:09	6.85	0.01	53	36305	买盘
13:30:03	6.84	-0.01	77	52668	卖盘
13:29:59	6.85	0.01	3	2055	买盘
13:29:54	6.84	0.01	20	14302	买盘
13:29:48	6.83	-0.01	41	28003	卖盘
13:29:44	6.84	--	13	8892	买盘
13:29:33	6.84	-0.01	36	24760	卖盘
13:29:24	6.85	0.01	4	2740	买盘
13:29:18	6.84	-0.01	13	8892	卖盘
13:29:14	6.85	0.01	3	2055	买盘
13:29:09	6.84	--	35	23940	卖盘
13:29:03	6.84	--	72	49248	卖盘
13:28:59	6.84	--	228	155952	卖盘
13:28:54	6.84	--	12	8208	卖盘
13:28:48	6.84	--	4	2736	卖盘
13:28:44	6.84	--	33	22572	卖盘
13:28:39	6.84	--	42	28728	卖盘
13:28:33	6.84	--	42	28728	卖盘
13:28:29	6.84	--	234	160056	卖盘
13:28:18	6.84	--	4	2736	卖盘
13:28:09	6.84	--	7	4788	卖盘
13:28:03	6.84	--	309	211356	卖盘
13:27:57	6.84	--	10	6840	卖盘
13:27:54	6.84	--	2	1368	卖盘
13:27:48	6.84	--	1	684	卖盘
13:27:42	6.84	-0.01	1	684	卖盘
13:27:33	6.85	--	830	568550	买盘
13:27:27	6.85	--	23	15755	买盘
13:27:23	6.85	0.01	16	10960	买盘
13:27:18	6.84	-0.01	17	11628	卖盘
13:26:57	6.85	0.01	100	68500	买盘
13:26:48	6.84	--	45	30780	卖盘
13:26:42	6.84	--	146	99864	卖盘
13:26:33	6.84	--	15	10260	卖盘
13:26:27	6.84	--	238	162792	卖盘
13:26:18	6.84	--	12	8208	卖盘
13:26:12	6.84	--	27	18468	卖盘
13:26:03	6.84	-0.01	110	75240	卖盘
13:25:57	6.85	0.01	105	71925	买盘
13:25:48	6.84	--	49	33516	卖盘
13:25:42	6.84	--	22	15048	卖盘
13:25:33	6.84	-0.01	1	684	卖盘
13:25:27	6.85	--	2	1370	买盘
13:25:12	6.85	0.01	4	2740	买盘
13:25:03	6.84	0.01	228	156499	买盘
13:24:57	6.83	-0.01	2	1366	卖盘
13:24:53	6.84	--	131	89604	买盘
13:24:48	6.84	0.01	11	7524	买盘
13:24:42	6.83	-0.01	40	27320	卖盘
13:24:33	6.84	0.01	26	17784	买盘
13:24:27	6.83	-0.02	194	132638	卖盘
13:24:18	6.85	0.01	433	297153	买盘
13:24:08	6.84	0.01	6	4104	买盘
13:24:03	6.83	--	23	15709	卖盘
13:23:57	6.83	-0.01	72	49176	卖盘
13:23:48	6.84	--	25	17100	买盘
13:23:33	6.84	0.01	157	107388	买盘
13:23:27	6.83	--	13	8879	卖盘
13:23:12	6.83	--	5	3415	卖盘
13:23:03	6.83	-0.01	7	4781	卖盘
13:22:53	6.84	--	4	2736	买盘
13:22:42	6.84	0.01	51	34884	买盘
13:22:33	6.83	-0.01	1	683	卖盘
13:22:27	6.84	0.01	50	34200	买盘
13:22:23	6.83	-0.01	10	6830	卖盘
13:22:18	6.84	0.01	9	6156	买盘
13:22:03	6.83	-0.01	1	683	卖盘
13:21:57	6.84	--	68	46512	买盘
13:21:48	6.84	0.01	55	37620	买盘
13:21:33	6.83	--	5	3415	卖盘
13:21:27	6.83	-0.01	185	126355	卖盘
13:21:21	6.84	0.01	161	110124	买盘
13:21:18	6.83	--	10	6830	卖盘
13:21:12	6.83	--	46	31418	卖盘
13:21:03	6.83	-0.01	11	7513	卖盘
13:20:47	6.84	0.01	100	68400	买盘
13:20:36	6.83	-0.01	1	683	卖盘
13:20:27	6.84	--	32	21888	买盘
13:20:17	6.84	--	8	5608	卖盘
13:20:12	6.84	--	90	61560	卖盘
13:20:06	6.84	--	216	147744	卖盘
13:19:57	6.84	--	59	40356	卖盘
13:19:51	6.84	-0.01	291	199044	卖盘
13:19:42	6.85	0.01	134	91790	买盘
13:19:36	6.84	-0.01	521	356364	卖盘
13:19:32	6.85	0.01	5	3425	买盘
13:19:27	6.84	-0.01	28	19152	卖盘
13:19:21	6.85	--	12	8220	买盘
13:19:12	6.85	0.01	204	139740	买盘
13:19:06	6.84	-0.01	1	684	卖盘
13:18:57	6.85	--	10	6850	买盘
13:18:51	6.85	--	2	1370	买盘
13:18:42	6.85	0.01	6	4110	买盘
13:18:36	6.84	-0.01	48	32832	卖盘
13:18:32	6.85	0.01	9	6165	买盘
13:18:21	6.84	-0.01	151	103284	卖盘
13:18:12	6.85	--	21	14385	买盘
13:18:02	6.85	0.01	87	59595	买盘
13:17:51	6.84	-0.01	1	684	卖盘
13:17:47	6.85	--	57	39045	买盘
13:17:42	6.85	--	25	17125	买盘
13:17:36	6.85	0.01	18	12330	买盘
13:17:32	6.84	-0.01	36	24624	卖盘
13:17:21	6.85	--	120	82200	买盘
13:17:12	6.85	--	103	70555	买盘
13:17:02	6.85	--	213	145905	买盘
13:16:57	6.85	--	88	60280	买盘
13:16:51	6.85	--	26	17810	买盘
13:16:47	6.85	--	30	20550	买盘
13:16:42	6.85	--	304	208240	买盘
13:16:36	6.85	--	11	7535	买盘
13:16:32	6.85	0.01	20	13700	买盘
13:16:27	6.84	-0.01	82	56088	卖盘
13:16:21	6.85	--	6	4110	买盘
13:16:17	6.85	0.01	9	6165	买盘
13:16:06	6.84	-0.01	110	75240	卖盘
13:16:02	6.85	--	14	9590	买盘
13:15:57	6.85	--	92	63020	买盘
13:15:51	6.85	--	17	11645	买盘
13:15:42	6.85	--	87	59595	买盘
13:15:36	6.85	--	93	63705	买盘
13:15:27	6.85	0.01	68	46580	买盘
13:15:21	6.84	--	1	684	卖盘
13:15:06	6.84	--	10	6840	卖盘
13:15:02	6.84	--	64	43776	卖盘
13:14:57	6.84	--	342	234475	买盘
13:14:51	6.84	--	223	152532	买盘
13:14:42	6.84	--	122	83448	买盘
13:14:30	6.84	0.01	20	13680	买盘
13:14:27	6.83	-0.01	62	42346	卖盘
13:14:21	6.84	0.01	126	86184	买盘
13:14:06	6.83	-0.01	93	63519	卖盘
13:14:00	6.84	0.01	59	40356	买盘
13:13:51	6.83	-0.01	1	683	卖盘
13:13:45	6.84	--	84	57456	买盘
13:13:41	6.84	0.01	57	38988	买盘
13:13:36	6.83	--	459	313585	买盘
13:13:26	6.83	0.01	336	229488	买盘
13:13:21	6.82	-0.01	13	8866	卖盘
13:13:15	6.83	0.01	18	12294	买盘
13:13:00	6.82	--	7	4774	卖盘
13:12:51	6.82	--	1	682	卖盘
13:12:45	6.82	-0.01	22	15004	卖盘
13:12:36	6.83	--	45	30735	买盘
13:12:30	6.83	0.01	214	146162	买盘
13:12:21	6.82	-0.01	1	682	卖盘
13:12:15	6.83	--	9	6147	买盘
13:12:00	6.83	--	290	198070	卖盘
13:11:56	6.83	--	95	64885	卖盘
13:11:51	6.83	--	433	295739	卖盘
13:11:45	6.83	--	20	13660	卖盘
13:11:41	6.83	-0.01	52	35516	卖盘
13:11:36	6.84	0.01	60	41040	买盘
13:11:21	6.83	--	39	26637	卖盘
13:11:15	6.83	--	3	2049	卖盘
13:10:51	6.83	--	26	17758	卖盘
13:10:45	6.83	--	5	3415	卖盘
13:10:41	6.83	--	4	2732	卖盘
13:10:36	6.83	--	2	1366	卖盘
13:10:30	6.83	-0.01	160	109280	卖盘
13:10:26	6.84	--	27	18468	买盘
13:10:21	6.84	--	5	3420	买盘
13:10:06	6.84	--	31	21204	买盘
13:10:00	6.84	0.01	2	1368	买盘
13:09:51	6.83	--	28	19124	卖盘
13:09:45	6.83	-0.01	30	20490	卖盘
13:09:41	6.84	--	4	2736	买盘
13:09:36	6.84	--	57	38988	买盘
13:09:30	6.84	0.01	157	107388	买盘
13:09:26	6.83	--	4	2732	卖盘
13:09:21	6.83	--	1	683	卖盘
13:09:15	6.83	--	30	20490	卖盘
13:09:06	6.83	-0.01	1	683	卖盘
13:09:00	6.84	--	70	47880	买盘
13:08:56	6.84	--	23	15732	买盘
13:08:45	6.84	0.01	6	4104	买盘
13:08:36	6.83	-0.01	5	3415	卖盘
13:08:26	6.84	--	23	15732	买盘
13:08:15	6.84	--	2	1368	买盘
13:08:06	6.84	--	18	12312	买盘
13:08:00	6.84	--	2	1368	买盘
13:07:54	6.84	--	23	15732	买盘
13:07:51	6.84	--	2	1368	买盘
13:07:45	6.84	0.01	25	17100	买盘
13:07:35	6.83	--	58	39614	卖盘
13:07:30	6.83	-0.01	110	75130	卖盘
13:07:24	6.84	--	27	18468	买盘
13:07:20	6.84	--	10	6840	买盘
13:07:09	6.84	0.01	20	13680	买盘
13:07:05	6.83	-0.01	1	683	卖盘
13:07:00	6.84	0.01	14	9576	买盘
13:06:39	6.83	--	24	16392	卖盘
13:06:35	6.83	--	1	683	卖盘
13:06:30	6.83	-0.01	20	13660	卖盘
13:06:24	6.84	--	22	15048	买盘
13:06:15	6.84	0.01	22	15048	买盘
13:06:05	6.83	-0.01	1	683	卖盘
13:05:54	6.84	--	22	15048	买盘
13:05:39	6.84	0.01	1	684	买盘
13:05:35	6.83	-0.01	1	683	卖盘
13:05:30	6.84	--	658	450072	买盘
13:05:24	6.84	--	134	91656	买盘
13:05:09	6.84	0.01	2	1368	买盘
13:05:05	6.83	--	1	683	卖盘
13:05:00	6.83	--	3	2049	卖盘
13:04:45	6.83	-0.01	11	7513	中性盘
13:04:35	6.84	0.01	107	73188	买盘
13:04:30	6.83	--	65	44395	买盘
13:04:24	6.83	--	34	23222	卖盘
13:04:09	6.83	--	37	25271	卖盘
13:04:05	6.83	-0.01	1	683	卖盘
13:04:00	6.84	0.01	74	50616	买盘
13:03:54	6.83	-0.01	1	683	卖盘
13:03:45	6.84	0.01	46	31464	买盘
13:03:39	6.83	--	12	8196	卖盘
13:03:35	6.83	-0.01	1	683	卖盘
13:03:30	6.84	0.01	107	73188	买盘
13:03:24	6.83	--	209	142747	卖盘
13:03:20	6.83	-0.01	1	683	卖盘
13:03:15	6.84	0.01	62	42408	买盘
13:03:09	6.83	--	20	13660	卖盘
13:03:05	6.83	-0.01	1	683	卖盘
13:02:54	6.84	--	21	14364	买盘
13:02:50	6.84	0.01	10	6840	买盘
13:02:45	6.83	--	8	5464	卖盘
13:02:39	6.83	--	7	4781	卖盘
13:02:35	6.83	--	310	211730	买盘
13:02:30	6.83	0.01	3	2049	买盘
13:02:24	6.82	-0.01	100	68200	卖盘
13:02:15	6.83	--	5	3415	买盘
13:02:09	6.83	0.01	63	43029	买盘
13:02:05	6.82	-0.01	5	3410	卖盘
13:02:00	6.83	0.01	23	15709	买盘
13:01:54	6.82	-0.01	50	34100	卖盘
13:01:45	6.83	--	10	6830	买盘
13:01:39	6.83	0.01	1	683	买盘
13:01:35	6.82	-0.01	2	1364	卖盘
13:01:30	6.83	--	73	49859	买盘
13:01:18	6.83	--	9	6147	买盘
13:01:09	6.83	0.01	29	19807	买盘
13:01:03	6.82	--	1	682	卖盘
13:00:54	6.82	-0.01	170	115940	卖盘
13:00:48	6.83	0.01	1	683	买盘
13:00:39	6.82	--	10	6820	卖盘
13:00:33	6.82	--	1	682	卖盘
13:00:18	6.82	-0.01	1	682	卖盘
13:00:09	6.83	--	156	106548	买盘
13:00:03	6.83	-0.01	1035	706905	卖盘
11:30:00	6.84	--	0	0	买盘
11:30:00	6.84	--	0	0	买盘
11:29:56	6.84	0.01	664	454176	买盘
11:29:45	6.83	-0.01	10	6830	卖盘
11:29:30	6.84	--	5	3420	买盘
11:29:26	6.84	--	57	38988	买盘
11:29:15	6.84	0.01	35	23940	买盘
11:29:00	6.83	-0.01	13	8879	卖盘
11:28:56	6.84	0.01	135	92340	买盘
11:28:51	6.83	-0.01	28	19124	卖盘
11:28:36	6.84	0.01	1	684	买盘
11:28:30	6.83	--	7	4781	卖盘
11:28:15	6.83	-0.01	2	1366	卖盘
11:28:11	6.84	--	100	68400	买盘
11:28:06	6.84	0.01	103	70452	买盘
11:27:45	6.83	--	7	4781	卖盘
11:27:41	6.83	-0.01	68	46444	卖盘
11:27:30	6.84	--	424	290016	买盘
11:27:21	6.84	--	62	42408	买盘
11:27:11	6.84	0.01	1	684	买盘
11:27:06	6.83	--	42	28686	卖盘
11:27:00	6.83	0.01	123	84009	买盘
11:26:56	6.82	-0.01	703	479446	卖盘
11:26:45	6.83	0.01	20	13660	买盘
11:26:36	6.82	-0.01	58	39556	卖盘
11:26:30	6.83	0.01	31	21173	买盘
11:26:15	6.82	-0.01	50	34100	卖盘
11:26:11	6.83	0.01	1	683	买盘
11:25:55	6.82	--	84	57288	卖盘
11:25:50	6.82	--	1685	1149170	卖盘
11:25:45	6.82	-0.01	18	12276	卖盘
11:25:35	6.83	0.01	30	20490	买盘
11:25:30	6.82	-0.01	2	1364	卖盘
11:25:25	6.83	--	56	38248	买盘
11:25:20	6.83	0.01	57	38931	买盘
11:25:15	6.82	-0.01	3	2046	卖盘
11:25:11	6.83	--	1	683	买盘
11:25:00	6.83	--	102	69666	买盘
11:24:50	6.83	--	10	6830	买盘
11:24:35	6.83	--	89	60787	买盘
11:24:30	6.83	--	87	59421	买盘
11:24:15	6.83	--	24	16392	买盘
11:24:09	6.83	--	48	32784	买盘
11:24:05	6.83	--	5	3415	买盘
11:24:00	6.83	--	8	5464	买盘
11:23:54	6.83	0.01	365	249295	买盘
11:23:50	6.82	-0.01	47	32054	卖盘
11:23:45	6.83	--	20	13660	买盘
11:23:39	6.83	--	6	4098	买盘
11:23:30	6.83	--	36	24588	买盘
11:23:24	6.83	--	1	683	买盘
11:23:15	6.83	0.01	69	47127	买盘
11:23:05	6.82	--	12	8184	卖盘
11:23:00	6.82	-0.01	18	12276	卖盘
11:22:50	6.83	--	30	20490	买盘
11:22:39	6.83	--	6	4098	买盘
11:22:35	6.83	0.01	1	683	买盘
11:22:24	6.82	--	46	31372	卖盘
11:22:20	6.82	0.01	8	5456	买盘
11:22:15	6.81	-0.01	108	73548	卖盘
11:22:09	6.82	0.01	15	10230	买盘
11:22:05	6.81	--	25	17025	卖盘
11:22:00	6.81	--	283	192723	卖盘
11:21:50	6.81	--	0	0	卖盘
11:21:45	6.81	-0.02	50	34050	卖盘
11:21:39	6.83	0.01	316	215828	买盘
11:21:35	6.82	--	27	18414	买盘
11:21:30	6.82	0.01	10	6820	买盘
11:21:24	6.81	-0.01	1	681	卖盘
11:21:20	6.82	0.01	30	20460	买盘
11:21:15	6.81	-0.01	59	40179	卖盘
11:21:05	6.82	--	10	6820	买盘
11:21:00	6.82	0.01	5	3410	买盘
11:20:54	6.81	--	1	681	卖盘
11:20:45	6.81	-0.01	80	54480	卖盘
11:20:30	6.82	--	51	34782	买盘
11:20:24	6.82	--	52	35464	买盘
11:20:19	6.82	--	4	2728	买盘
11:20:15	6.82	0.01	1	682	买盘
11:20:09	6.81	--	140	95340	卖盘
11:20:05	6.81	-0.01	38	25878	卖盘
11:20:00	6.82	0.01	30	20460	买盘
11:19:54	6.81	-0.01	16	10896	卖盘
11:19:45	6.82	--	53	36146	买盘
11:19:29	6.82	0.01	55	37510	买盘
11:19:24	6.81	--	1	681	卖盘
11:19:20	6.81	-0.01	40	27240	卖盘
11:19:14	6.82	--	4	2728	买盘
11:19:09	6.82	--	53	36146	买盘
11:19:05	6.82	0.01	59	40238	买盘
11:18:59	6.81	-0.01	21	14301	卖盘
11:18:54	6.82	--	502	342364	买盘
11:18:39	6.82	--	2	1364	买盘
11:18:34	6.82	0.01	1	682	买盘
11:18:24	6.81	--	4	2724	卖盘
11:18:14	6.81	--	38	25878	卖盘
11:18:09	6.81	--	1	681	卖盘
11:18:03	6.81	-0.01	3	2042	卖盘
11:17:59	6.82	--	25	17050	买盘
11:17:54	6.82	--	200	136400	买盘
11:17:48	6.82	--	6	4092	买盘
11:17:44	6.82	--	1	682	买盘
11:17:39	6.82	0.01	44	30008	买盘
11:17:33	6.81	-0.01	46	31326	卖盘
11:17:29	6.82	--	205	139810	买盘
11:17:18	6.82	--	22	15004	买盘
11:17:09	6.82	--	58	39556	买盘
11:17:03	6.82	0.01	27	18414	买盘
11:16:59	6.81	-0.01	22	14982	卖盘
11:16:54	6.82	0.01	113	77066	买盘
11:16:39	6.81	--	34	23154	卖盘
11:16:14	6.81	--	17	11577	卖盘
11:16:09	6.81	--	13	8853	卖盘
11:15:59	6.81	--	3	2042	卖盘
11:15:54	6.81	-0.01	40	27240	卖盘
11:15:48	6.82	--	489	333498	买盘
11:15:44	6.82	0.01	10	6820	买盘
11:15:39	6.81	--	41	27921	卖盘
11:15:33	6.81	--	103	70143	卖盘
11:15:29	6.81	--	57	38817	卖盘
11:15:24	6.81	--	1	681	卖盘
11:15:09	6.81	-0.01	136	92616	卖盘
11:15:03	6.82	0.01	67	45694	买盘
11:14:54	6.81	--	34	23154	卖盘
11:14:48	6.81	--	1018	693734	买盘
11:14:39	6.81	0.01	31	21111	买盘
11:14:33	6.8	-0.01	11	7480	卖盘
11:14:29	6.81	--	21	14301	买盘
11:14:24	6.81	0.01	42	28602	买盘
11:14:18	6.8	--	3	2040	卖盘
11:14:09	6.8	-0.01	2	1360	卖盘
11:14:03	6.81	--	113	76953	买盘
11:13:59	6.81	0.01	3	2042	买盘
11:13:54	6.8	--	1	680	卖盘
11:13:48	6.8	-0.01	148	100640	卖盘
11:13:44	6.81	0.01	87	59247	买盘
11:13:39	6.8	-0.01	1	680	卖盘
11:13:33	6.81	--	33	22473	买盘
11:13:28	6.81	--	62	42222	买盘
11:13:24	6.81	0.01	4	2724	买盘
11:13:18	6.8	--	1	680	卖盘
11:13:09	6.8	-0.01	224	152320	卖盘
11:13:03	6.81	0.01	104	70824	买盘
11:12:58	6.8	-0.01	1	680	卖盘
11:12:53	6.81	0.01	28	19068	买盘
11:12:48	6.8	--	117	79560	卖盘
11:12:38	6.8	-0.01	6	4080	卖盘
11:12:33	6.81	0.01	1020	694620	买盘
11:12:23	6.8	--	10	6800	卖盘
11:12:18	6.8	--	38	25840	卖盘
11:12:13	6.8	--	7	4760	卖盘
11:12:08	6.8	--	5	3400	卖盘
11:12:03	6.8	--	5	3400	卖盘
11:11:58	6.8	--	120	81600	买盘
11:11:53	6.8	0.01	116	78880	买盘
11:11:48	6.79	--	103	69937	卖盘
11:11:42	6.79	--	7	4753	卖盘
11:11:38	6.79	-0.01	25	16975	卖盘
11:11:33	6.8	--	22	14960	买盘
11:11:23	6.8	0.01	6	4080	买盘
11:11:18	6.79	--	20	13580	卖盘
11:11:12	6.79	--	34	23086	卖盘
11:11:08	6.79	-0.01	132	89628	卖盘
11:11:03	6.8	--	12	8160	买盘
11:10:57	6.8	0.01	68	46240	买盘
11:10:53	6.79	-0.01	20	13580	卖盘
11:10:48	6.8	0.01	98	66640	买盘
11:10:42	6.79	-0.01	28	19012	卖盘
11:10:38	6.8	--	7	4760	买盘
11:10:27	6.8	-0.01	140	95200	卖盘
11:10:23	6.81	0.01	15	10215	买盘
11:10:18	6.8	--	270	183600	卖盘
11:10:12	6.8	--	32	21760	卖盘
11:10:08	6.8	-0.01	20	13600	卖盘
11:10:03	6.81	--	180	122580	买盘
11:09:57	6.81	0.01	18	12258	买盘
11:09:53	6.8	-0.01	62	42160	卖盘
11:09:48	6.81	0.01	243	165483	买盘
11:09:42	6.8	-0.01	190	129200	卖盘
11:09:38	6.81	0.01	25	17025	买盘
11:09:33	6.8	--	1027	698360	卖盘
11:09:27	6.8	--	68	46240	卖盘
11:09:18	6.8	--	325	221000	卖盘
11:09:12	6.8	--	192	130560	卖盘
11:09:08	6.8	--	2	1360	卖盘
11:09:03	6.8	-0.01	63	42840	卖盘
11:08:57	6.81	0.01	175	119175	买盘
11:08:53	6.8	--	1	680	卖盘
11:08:48	6.8	--	17	11560	卖盘
11:08:42	6.8	--	124	84320	卖盘
11:08:38	6.8	--	19	12920	卖盘
11:08:33	6.8	--	154	104720	卖盘
11:08:27	6.8	--	16	10880	卖盘
11:08:23	6.8	--	1	680	卖盘
11:08:18	6.8	--	45	30600	卖盘
11:08:12	6.8	--	390	265200	卖盘
11:08:08	6.8	--	30	20400	卖盘
11:08:03	6.8	--	46	31280	卖盘
11:07:57	6.8	--	17	11560	卖盘
11:07:53	6.8	--	20	13600	卖盘
11:07:48	6.8	-0.01	6	4080	卖盘
11:07:42	6.81	0.01	61	41541	买盘
11:07:38	6.8	--	16	10880	卖盘
11:07:27	6.8	--	71	48280	卖盘
11:07:18	6.8	--	197	133960	卖盘
11:07:12	6.8	--	424	288320	卖盘
11:07:03	6.8	-0.01	35	23800	卖盘
11:06:57	6.81	--	70	47670	买盘
11:06:52	6.81	0.01	28	19068	买盘
11:06:48	6.8	-0.01	172	116960	卖盘
11:06:42	6.81	0.01	10	6810	买盘
11:06:33	6.8	-0.01	10	6800	卖盘
11:06:27	6.81	--	92	62652	买盘
11:06:22	6.81	0.01	10	6810	买盘
11:06:12	6.8	-0.01	46	31280	卖盘
11:06:02	6.81	0.01	96	65375	买盘
11:05:57	6.8	--	17	11560	卖盘
11:05:52	6.8	--	13	8840	卖盘
11:05:47	6.8	--	40	27200	卖盘
11:05:42	6.8	0.01	584	397120	买盘
11:05:37	6.79	--	51	34629	卖盘
11:05:32	6.79	--	20	13580	卖盘
11:05:27	6.79	--	33	22407	卖盘
11:05:22	6.79	-0.01	30	20370	卖盘
11:05:12	6.8	0.01	132	89760	买盘
11:05:07	6.79	--	203	137837	卖盘
11:05:02	6.79	--	47	31913	卖盘
11:04:57	6.79	-0.01	50	33950	卖盘
11:04:51	6.8	--	57	38760	买盘
11:04:47	6.8	--	17	11560	买盘
11:04:36	6.8	0.01	2	1360	买盘
11:04:27	6.79	-0.01	4	2716	卖盘
11:04:17	6.8	--	4	2720	买盘
11:04:12	6.8	--	16	10880	买盘
11:04:06	6.8	--	35	23800	买盘
11:03:51	6.8	-0.01	737	501160	卖盘
11:03:42	6.81	--	93	63333	买盘
11:03:36	6.81	0.01	5	3405	买盘
11:03:27	6.8	--	19	12920	卖盘
11:03:21	6.8	--	419	284920	卖盘
11:03:17	6.8	--	16	10880	卖盘
11:03:12	6.8	--	4	2720	卖盘
11:03:06	6.8	--	5	3400	卖盘
11:02:57	6.8	--	98	66640	卖盘
11:02:51	6.8	--	431	293080	卖盘
11:02:47	6.8	-0.01	5	3400	卖盘
11:02:42	6.81	--	31	21111	买盘
11:02:36	6.81	--	40	27240	买盘
11:02:26	6.81	0.01	1	681	买盘
11:02:21	6.8	-0.01	32	21760	卖盘
11:02:12	6.81	--	6	4085	买盘
11:02:06	6.81	0.01	154	104874	买盘
11:02:02	6.8	-0.01	2910	1978800	卖盘
11:01:57	6.81	0.01	1	681	买盘
11:01:51	6.8	--	14	9520	卖盘
11:01:42	6.8	-0.01	26	17680	卖盘
11:01:36	6.81	--	123	83763	买盘
11:01:32	6.81	--	4	2724	买盘
11:01:27	6.81	0.01	508	345948	买盘
11:01:21	6.8	--	5	3400	卖盘
11:01:17	6.8	--	4	2720	卖盘
11:01:12	6.8	--	271	184280	买盘
11:01:06	6.8	--	92	62560	买盘
11:01:02	6.8	--	1	680	买盘
11:00:57	6.8	--	2	1360	买盘
11:00:47	6.8	--	179	121720	卖盘
11:00:42	6.8	--	7	4760	卖盘
11:00:36	6.8	-0.01	69	46920	卖盘
11:00:32	6.81	0.01	101	68781	买盘
11:00:27	6.8	--	69	46920	卖盘
11:00:21	6.8	-0.01	45	30600	卖盘
11:00:16	6.81	0.01	4	2724	买盘
11:00:12	6.8	--	477	324360	卖盘
11:00:06	6.8	--	702	477360	卖盘
11:00:01	6.8	--	13	8840	卖盘
10:59:57	6.8	--	47	31960	卖盘
10:59:51	6.8	--	313	212840	卖盘
10:59:46	6.8	--	146	99280	卖盘
10:59:42	6.8	--	540	367200	卖盘
10:59:36	6.8	--	29	19720	卖盘
10:59:26	6.8	--	222	150960	卖盘
10:59:11	6.8	-0.01	11	7480	卖盘
10:59:06	6.81	0.01	37	25197	买盘
10:59:01	6.8	--	4	2720	卖盘
10:58:56	6.8	-0.01	77	52360	卖盘
10:58:51	6.81	--	208	141648	买盘
10:58:46	6.81	--	3	2042	买盘
10:58:41	6.81	0.01	78	53118	买盘
10:58:36	6.8	--	101	68680	卖盘
10:58:30	6.8	--	95	64600	卖盘
10:58:21	6.8	--	65	44200	卖盘
10:58:14	6.8	--	36	24480	卖盘
10:58:11	6.8	--	69	46920	卖盘
10:58:06	6.8	-0.01	67	45560	卖盘
10:58:00	6.81	--	18	12258	买盘
10:57:51	6.81	--	15	10215	买盘
10:57:45	6.81	--	4	2724	买盘
10:57:41	6.81	0.01	3	2042	买盘
10:57:36	6.8	--	2	1360	卖盘
10:57:14	6.8	--	75	51000	卖盘
10:57:11	6.8	-0.01	700	476000	卖盘
10:57:06	6.81	--	3	2042	买盘
10:57:00	6.81	0.01	31	21111	买盘
10:56:56	6.8	--	205	139400	卖盘
10:56:51	6.8	--	30	20400	卖盘
10:56:45	6.8	-0.01	106	72080	卖盘
10:56:41	6.81	0.01	58	39498	买盘
10:56:36	6.8	--	103	70040	卖盘
10:56:29	6.8	--	15	10200	卖盘
10:56:21	6.8	--	5	3400	卖盘
10:56:15	6.8	--	24	16320	卖盘
10:56:11	6.8	-0.01	41	27880	卖盘
10:56:05	6.81	0.01	1122	764082	买盘
10:56:00	6.8	--	88	59840	卖盘
10:55:50	6.8	--	1	680	卖盘
10:55:45	6.8	--	21	14280	卖盘
10:55:30	6.8	--	11	7480	卖盘
10:55:26	6.8	--	23	15640	卖盘
10:55:21	6.8	--	10	6800	卖盘
10:55:15	6.8	--	145	98600	卖盘
10:55:06	6.8	--	5	3400	卖盘
10:55:00	6.8	-0.01	245	166600	卖盘
10:54:56	6.81	0.01	2	1362	买盘
10:54:51	6.8	-0.01	113	76840	卖盘
10:54:44	6.81	--	10	6810	买盘
10:54:41	6.81	--	5	3405	买盘
10:54:36	6.81	0.01	57	38817	买盘
10:54:30	6.8	--	1	680	卖盘
10:54:21	6.8	-0.01	61	41480	卖盘
10:54:15	6.81	--	1	681	买盘
10:54:11	6.81	0.01	26	17706	买盘
10:54:06	6.8	--	116	78880	卖盘
10:53:51	6.8	-0.01	71	48280	卖盘
10:53:45	6.81	0.01	1	681	买盘
10:53:40	6.8	--	96	65280	卖盘
10:53:36	6.8	--	3	2040	卖盘
10:53:30	6.8	--	14	9520	卖盘
10:53:21	6.8	-0.01	16	10880	卖盘
10:53:15	6.81	0.01	35	23835	买盘
10:53:10	6.8	--	11	7480	卖盘
10:53:06	6.8	--	3	2040	卖盘
10:52:55	6.8	--	27	18360	卖盘
10:52:50	6.8	--	18	12240	卖盘
10:52:40	6.8	-0.01	9	6120	卖盘
10:52:29	6.81	0.01	420	286020	买盘
10:52:20	6.8	--	2	1360	卖盘
10:52:15	6.8	-0.01	46	31280	卖盘
10:52:10	6.81	--	4	2724	买盘
10:52:05	6.81	0.01	63	42903	买盘
10:51:50	6.8	--	7	4760	卖盘
10:51:45	6.8	-0.01	37	25160	卖盘
10:51:39	6.81	0.01	90	61290	买盘
10:51:35	6.8	-0.01	112	76160	卖盘
10:51:29	6.81	0.01	28	19068	买盘
10:51:24	6.8	-0.01	38	25840	卖盘
10:51:20	6.81	0.01	6	4085	买盘
10:51:15	6.8	--	269	182920	卖盘
10:51:09	6.8	--	46	31280	卖盘
10:51:00	6.8	--	100	68000	卖盘
10:50:54	6.8	--	2	1360	卖盘
10:50:30	6.8	--	529	359720	卖盘
10:50:24	6.8	--	157	106760	卖盘
10:50:15	6.8	--	10	6800	卖盘
10:50:09	6.8	--	44	29920	卖盘
10:50:00	6.8	-0.01	20	13600	卖盘
10:49:54	6.81	0.01	8	5448	买盘
10:49:44	6.8	-0.01	16	10880	卖盘
10:49:39	6.81	--	3	2042	买盘
10:49:35	6.81	0.01	38	25878	买盘
10:49:30	6.8	-0.01	106	72080	卖盘
10:49:24	6.81	0.01	8	5448	买盘
10:49:14	6.8	--	76	51680	卖盘
10:49:09	6.8	-0.01	1	680	卖盘
10:49:00	6.81	0.01	5	3405	买盘
10:48:54	6.8	--	1	680	卖盘
10:48:50	6.8	--	269	182920	卖盘
10:48:45	6.8	--	1	680	卖盘
10:48:39	6.8	-0.01	9	6120	卖盘
10:48:30	6.81	--	70	47670	买盘
10:48:24	6.81	0.01	4	2724	买盘
10:48:20	6.8	-0.01	10	6800	卖盘
10:48:15	6.81	0.01	2	1362	买盘
10:48:09	6.8	--	1	680	卖盘
10:48:05	6.8	-0.01	13	8840	卖盘
10:48:00	6.81	--	80	54480	买盘
10:47:50	6.81	--	125	85125	买盘
10:47:45	6.81	--	11	7491	买盘
10:47:39	6.81	--	36	24516	买盘
10:47:35	6.81	0.01	10	6810	买盘
10:47:24	6.8	-0.01	504	342720	卖盘
10:47:14	6.81	0.01	10	6810	买盘
10:47:09	6.8	-0.01	39	26520	卖盘
10:46:49	6.81	0.01	55	37455	买盘
10:46:44	6.8	--	10	6800	卖盘
10:46:39	6.8	--	340	231200	卖盘
10:46:34	6.8	-0.01	2	1360	卖盘
10:46:30	6.81	--	12	8171	买盘
10:46:24	6.81	0.01	120	81720	买盘
10:46:19	6.8	--	20	13600	卖盘
10:46:14	6.8	-0.01	634	431120	卖盘
10:46:08	6.81	0.01	5	3405	买盘
10:46:04	6.8	--	70	47600	卖盘
10:45:59	6.8	--	888	603840	卖盘
10:45:53	6.8	--	5	3400	卖盘
10:45:44	6.8	--	36	24480	卖盘
10:45:38	6.8	-0.01	90	61200	卖盘
10:45:29	6.81	0.01	30	20430	买盘
10:45:24	6.8	-0.01	1	680	卖盘
10:45:14	6.81	--	478	325518	买盘
10:45:09	6.81	0.01	5	3405	买盘
10:45:03	6.8	--	5	3400	卖盘
10:44:54	6.8	--	5	3400	卖盘
10:44:48	6.8	--	126	85680	卖盘
10:44:39	6.8	--	6	4080	卖盘
10:44:33	6.8	--	60	40800	卖盘
10:44:29	6.8	-0.01	78	53040	卖盘
10:44:23	6.81	--	78	53118	买盘
10:44:14	6.81	--	34	23154	买盘
10:44:09	6.81	0.01	62	42222	买盘
10:43:54	6.8	-0.01	611	415480	卖盘
10:43:39	6.81	--	255	173655	买盘
10:43:33	6.81	0.01	26	17706	买盘
10:43:18	6.8	--	28	19040	卖盘
10:43:14	6.8	--	9	6120	卖盘
10:43:08	6.8	--	239	162520	卖盘
10:43:03	6.8	--	257	174760	卖盘
10:42:59	6.8	--	27	18360	卖盘
10:42:54	6.8	-0.01	415	282200	卖盘
10:42:47	6.81	--	3078	2096117	买盘
10:42:44	6.81	--	31	21111	买盘
10:42:38	6.81	--	9	6129	买盘
10:42:32	6.81	--	43	29283	买盘
10:42:29	6.81	--	44	29964	买盘
10:42:24	6.81	--	119	81039	买盘
10:42:17	6.81	0.01	31	21111	买盘
10:42:14	6.8	--	15	10200	卖盘
10:42:08	6.8	--	27	18360	卖盘
10:42:03	6.8	--	5	3400	卖盘
10:41:59	6.8	-0.01	33	22440	卖盘
10:41:53	6.81	--	19	12939	买盘
10:41:48	6.81	0.01	14	9534	买盘
10:41:38	6.8	--	1	680	卖盘
10:41:29	6.8	--	30	20400	卖盘
10:41:23	6.8	-0.01	14	9520	卖盘
10:41:18	6.81	0.01	170	115770	买盘
10:41:08	6.8	-0.01	4	2720	卖盘
10:41:02	6.81	--	6	4085	买盘
10:40:59	6.81	0.01	24	16343	买盘
10:40:53	6.8	--	16	10880	卖盘
10:40:23	6.8	-0.01	19	12920	卖盘
10:40:17	6.81	0.01	57	38817	买盘
10:40:13	6.8	-0.01	13	8840	卖盘
10:40:08	6.81	0.01	27	18387	买盘
10:40:02	6.8	-0.01	19	12920	卖盘
10:39:53	6.81	--	27	18387	买盘
10:39:47	6.81	0.01	34	23154	买盘
10:39:38	6.8	-0.01	10	6800	卖盘
10:39:28	6.81	0.01	100	68100	买盘
10:39:23	6.8	--	237	161160	卖盘
10:39:17	6.8	--	80	54400	卖盘
10:39:13	6.8	-0.01	7	4760	卖盘
10:39:08	6.81	--	79	53799	买盘
10:39:02	6.81	--	14	9534	买盘
10:38:53	6.81	--	10	6810	买盘
10:38:47	6.81	0.01	10	6810	买盘
10:38:38	6.8	-0.01	7	4760	卖盘
10:38:32	6.81	0.01	31	21111	买盘
10:38:23	6.8	--	555	377400	卖盘
10:38:17	6.8	--	146	99280	卖盘
10:38:11	6.8	-0.01	16	10880	卖盘
10:38:08	6.81	0.01	17	11577	买盘
10:38:02	6.8	--	26	17680	卖盘
10:37:56	6.8	--	66	44880	卖盘
10:37:53	6.8	-0.01	118	80240	卖盘
10:37:47	6.81	0.01	20	13620	买盘
10:37:38	6.8	--	5	3400	卖盘
10:37:32	6.8	--	7	4760	卖盘
10:37:26	6.8	-0.01	63	42840	卖盘
10:37:23	6.81	0.01	5	3405	买盘
10:37:17	6.8	--	65	44200	卖盘
10:37:11	6.8	--	35	23800	卖盘
10:36:56	6.8	0.01	662	450160	买盘
10:36:53	6.79	-0.01	17	11543	卖盘
10:36:47	6.8	--	3	2040	买盘
10:36:41	6.8	--	10	6800	买盘
10:36:26	6.8	--	17	11560	买盘
10:36:23	6.8	--	5199	3535320	卖盘
10:36:17	6.8	-0.01	6	4080	卖盘
10:36:11	6.81	--	89	60609	买盘
10:36:08	6.81	0.01	10	6810	买盘
10:36:02	6.8	-0.01	10	6800	卖盘
10:35:56	6.81	0.01	3	2042	买盘
10:35:53	6.8	-0.01	1	680	卖盘
10:35:47	6.81	--	9	6129	买盘
10:35:38	6.81	--	2	1362	买盘
10:35:32	6.81	--	26	17706	买盘
10:35:26	6.81	0.01	3	2042	买盘
10:35:22	6.8	--	1	680	卖盘
10:35:08	6.8	-0.01	100	68000	卖盘
10:35:02	6.81	--	4	2724	买盘
10:34:56	6.81	0.01	23	15663	买盘
10:34:53	6.8	-0.01	1	680	卖盘
10:34:47	6.81	--	15	10215	买盘
10:34:41	6.81	--	9	6129	买盘
10:34:32	6.81	0.01	79	53799	买盘
10:34:26	6.8	--	49	33320	卖盘
10:34:22	6.8	-0.01	11	7480	卖盘
10:34:17	6.81	--	4	2724	买盘
10:34:11	6.81	--	3	2042	买盘
10:34:08	6.81	--	74	50394	买盘
10:34:02	6.81	0.01	46	31326	买盘
10:33:56	6.8	-0.01	10	6800	卖盘
10:33:53	6.81	0.01	10	6810	买盘
10:33:47	6.8	--	24	16320	卖盘
10:33:41	6.8	--	9	6120	卖盘
10:33:37	6.8	--	3	2040	卖盘
10:33:32	6.8	--	9	6120	卖盘
10:33:26	6.8	--	15	10200	卖盘
10:33:22	6.8	-0.01	111	75480	卖盘
10:33:17	6.81	--	19	12939	买盘
10:33:11	6.81	0.01	3	2042	买盘
10:33:07	6.8	-0.01	1	680	卖盘
10:33:02	6.81	0.01	9	6129	买盘
10:32:56	6.8	--	1	680	卖盘
10:32:41	6.8	-0.01	513	348840	卖盘
10:32:37	6.81	--	15	10215	买盘
10:32:32	6.81	0.01	1	681	买盘
10:32:26	6.8	-0.01	36	24480	卖盘
10:32:11	6.81	0.01	10	6810	买盘
10:32:05	6.8	-0.01	86	58480	卖盘
10:32:02	6.81	0.01	10	6810	买盘
10:31:56	6.8	--	397	269960	卖盘
10:31:50	6.8	--	20	13600	卖盘
10:31:47	6.8	--	343	233240	卖盘
10:31:41	6.8	--	94	63920	卖盘
10:31:35	6.8	-0.01	31	21080	卖盘
10:31:32	6.81	0.01	18	12258	买盘
10:31:26	6.8	--	14	9520	卖盘
10:31:20	6.8	--	54	36720	卖盘
10:31:17	6.8	-0.01	20	13600	卖盘
10:31:11	6.81	0.01	125	85125	买盘
10:31:05	6.8	-0.01	157	106760	卖盘
10:31:02	6.81	0.01	100	68100	买盘
10:30:50	6.8	--	20	13600	卖盘
10:30:47	6.8	--	10	6800	卖盘
10:30:41	6.8	-0.01	65	44200	卖盘
10:30:35	6.81	0.01	34	23154	买盘
10:30:26	6.8	--	26	17680	卖盘
10:30:20	6.8	--	457	310760	买盘
10:30:11	6.8	0.01	46	31280	买盘
10:30:05	6.79	-0.01	23	15617	卖盘
10:30:02	6.8	0.01	507	345276	买盘
10:29:56	6.79	-0.01	130	88270	卖盘
10:29:47	6.8	0.01	4	2720	买盘
10:29:35	6.79	-0.01	6	4074	卖盘
10:29:26	6.8	--	5	3400	买盘
10:29:20	6.8	--	123	83640	买盘
10:29:16	6.8	-0.01	718	488240	卖盘
10:29:11	6.81	0.01	15	10215	买盘
10:29:05	6.8	--	25	17000	卖盘
10:29:02	6.8	--	67	45560	卖盘
10:28:56	6.8	--	16	10880	卖盘
10:28:50	6.8	--	44	29920	卖盘
10:28:46	6.8	--	20	13600	卖盘
10:28:41	6.8	--	27	18360	卖盘
10:28:35	6.8	-0.01	23	15640	卖盘
10:28:32	6.81	0.01	6	4085	买盘
10:28:26	6.8	--	10	6800	卖盘
10:28:20	6.8	-0.01	88	59840	卖盘
10:28:17	6.81	0.01	4	2724	买盘
10:28:11	6.8	-0.01	2164	1471520	卖盘
10:28:05	6.81	--	27	18387	买盘
10:28:01	6.81	0.01	57	38817	买盘
10:27:56	6.8	--	50	34000	卖盘
10:27:50	6.8	--	53	36040	卖盘
10:27:41	6.8	--	18	12240	卖盘
10:27:35	6.8	--	14	9520	卖盘
10:27:26	6.8	--	73	49640	卖盘
10:27:20	6.8	-0.01	2	1360	卖盘
10:27:17	6.81	--	4	2724	买盘
10:27:11	6.81	0.01	5	3405	买盘
10:27:05	6.8	--	11	7480	卖盘
10:27:01	6.8	-0.01	3	2040	卖盘
10:26:56	6.81	0.01	10	6810	买盘
10:26:50	6.8	--	4	2720	卖盘
10:26:46	6.8	-0.01	3	2040	卖盘
10:26:41	6.81	0.01	85	57885	买盘
10:26:35	6.8	--	1	680	卖盘
10:26:31	6.8	-0.01	100	68000	卖盘
10:26:26	6.81	0.01	16	10896	买盘
10:26:20	6.8	--	15	10200	卖盘
10:26:11	6.8	--	400	272000	卖盘
10:26:05	6.8	-0.01	1060	720800	卖盘
10:26:01	6.81	--	10	6810	买盘
10:25:56	6.81	0.01	57	38817	买盘
10:25:50	6.8	--	1	680	卖盘
10:25:46	6.8	--	5	3400	卖盘
10:25:41	6.8	-0.01	15	10200	卖盘
10:25:35	6.81	--	2	1362	买盘
10:25:29	6.81	0.01	22	14982	买盘
10:25:20	6.8	-0.01	1	680	卖盘
10:25:14	6.81	0.01	7	4767	买盘
10:25:11	6.8	--	10	6800	卖盘
10:25:05	6.8	--	12	8160	卖盘
10:24:59	6.8	--	10	6800	卖盘
10:24:56	6.8	--	4	2720	卖盘
10:24:50	6.8	--	213	144840	卖盘
10:24:44	6.8	--	45	30600	卖盘
10:24:35	6.8	-0.01	69	46920	卖盘
10:24:29	6.81	0.01	10	6810	买盘
10:24:20	6.8	-0.01	4	2720	卖盘
10:24:14	6.81	0.01	110	74910	买盘
10:24:05	6.8	-0.01	88	59840	卖盘
10:23:59	6.81	--	3	2042	买盘
10:23:56	6.81	0.01	72	49032	买盘
10:23:50	6.8	-0.01	43	29240	卖盘
10:23:44	6.81	0.01	4	2724	买盘
10:23:35	6.8	--	65	44200	卖盘
10:23:29	6.8	--	70	47600	卖盘
10:23:25	6.8	--	10	6800	卖盘
10:23:20	6.8	--	1	680	卖盘
10:23:14	6.8	-0.01	10	6800	卖盘
10:23:10	6.81	--	24	16343	买盘
10:23:05	6.81	--	263	179103	买盘
10:22:59	6.81	0.01	179	121899	买盘
10:22:50	6.8	--	29	19720	卖盘
10:22:44	6.8	--	83	56440	卖盘
10:22:35	6.8	-0.01	7	4760	卖盘
10:22:29	6.81	0.01	378	257417	买盘
10:22:20	6.8	--	9	6120	卖盘
10:22:14	6.8	-0.01	80	54400	卖盘
10:22:10	6.81	--	28	19068	买盘
10:22:05	6.81	0.01	50	34050	买盘
10:21:59	6.8	-0.01	5	3400	卖盘
10:21:55	6.81	0.01	32	21792	买盘
10:21:50	6.8	-0.01	141	95880	卖盘
10:21:44	6.81	--	10	6810	买盘
10:21:40	6.81	--	1	681	买盘
10:21:29	6.81	0.01	15	10215	买盘
10:21:25	6.8	-0.01	38	25840	卖盘
10:21:20	6.81	0.01	4	2724	买盘
10:21:14	6.8	-0.01	773	525640	卖盘
10:21:05	6.81	0.01	206	140286	买盘
10:20:59	6.8	--	112	76160	卖盘
10:20:55	6.8	-0.01	15	10200	卖盘
10:20:50	6.81	--	152	103512	买盘
10:20:44	6.81	0.01	20	13620	买盘
10:20:35	6.8	--	394	267920	卖盘
10:20:29	6.8	--	27	18360	卖盘
10:20:20	6.8	--	10	6800	卖盘
10:20:14	6.8	--	132	89760	卖盘
10:19:59	6.8	-0.01	26	17680	卖盘
10:19:55	6.81	0.01	25	17025	买盘
10:19:50	6.8	--	95	64600	卖盘
10:19:44	6.8	-0.01	34	23120	卖盘
10:19:40	6.81	0.01	30	20430	买盘
10:19:35	6.8	--	73	49640	卖盘
10:19:29	6.8	-0.01	1	680	卖盘
10:19:25	6.81	0.01	4	2724	买盘
10:19:20	6.8	-0.01	287	195160	卖盘
10:19:14	6.81	0.01	99	67419	买盘
10:19:05	6.8	-0.01	16	10880	卖盘
10:18:59	6.81	--	66	44946	买盘
10:18:53	6.81	0.01	20	13620	买盘
10:18:50	6.8	--	54	36720	卖盘
10:18:35	6.8	--	2	1360	卖盘
10:18:29	6.8	--	108	73440	买盘
10:18:23	6.8	--	10	6800	买盘
10:18:20	6.8	--	58	39440	买盘
10:18:14	6.8	--	309	210120	买盘
10:18:08	6.8	0.01	169	114920	买盘
10:18:05	6.79	-0.01	815	553385	卖盘
10:17:59	6.8	--	40	27200	买盘
10:17:53	6.8	--	8	5440	买盘
10:17:50	6.8	--	57	38760	买盘
10:17:44	6.8	--	160	108800	买盘
10:17:38	6.8	--	1532	1041760	卖盘
10:17:29	6.8	-0.01	20	13600	卖盘
10:17:23	6.81	0.01	920	626520	买盘
10:17:19	6.8	--	8	5440	卖盘
10:17:14	6.8	--	20	13600	卖盘
10:17:08	6.8	-0.01	5	3400	卖盘
10:16:59	6.81	0.01	843	574083	买盘
10:16:53	6.8	-0.02	18	12240	卖盘
10:16:49	6.82	0.02	5	3410	买盘
10:16:44	6.8	-0.02	776	527680	卖盘
10:16:38	6.82	--	28	19096	买盘
10:16:23	6.82	--	576	392832	卖盘
10:16:14	6.82	--	63	42966	卖盘
10:16:08	6.82	--	1	682	卖盘
10:16:04	6.82	--	10	6820	卖盘
10:15:59	6.82	--	210	143220	卖盘
10:15:53	6.82	--	104	70928	卖盘
10:15:49	6.82	-0.01	11	7502	卖盘
10:15:44	6.83	0.01	203	138649	买盘
10:15:38	6.82	-0.01	17	11594	卖盘
10:15:34	6.83	0.01	1	683	买盘
10:15:29	6.82	--	15	10230	卖盘
10:15:23	6.82	--	93	63426	卖盘
10:15:14	6.82	-0.01	80	54560	卖盘
10:15:08	6.83	0.01	98	66934	买盘
10:15:04	6.82	--	100	68200	卖盘
10:14:49	6.82	-0.01	200	136400	卖盘
10:14:44	6.83	0.01	60	40980	买盘
10:14:38	6.82	-0.01	6	4092	卖盘
10:14:29	6.83	--	10	6830	买盘
10:14:23	6.83	0.01	4	2732	买盘
10:14:19	6.82	--	15	10230	卖盘
10:14:14	6.82	-0.01	150	102300	卖盘
10:14:08	6.83	--	11	7513	买盘
10:14:04	6.83	--	110	75130	买盘
10:13:59	6.83	0.01	11	7513	买盘
10:13:53	6.82	-0.01	30	20460	卖盘
10:13:49	6.83	--	9	6147	买盘
10:13:44	6.83	--	13	8879	买盘
10:13:38	6.83	0.01	126	86058	买盘
10:13:34	6.82	--	10	6820	卖盘
10:13:29	6.82	--	51	34782	卖盘
10:13:14	6.82	0.01	2009	1370138	买盘
10:13:08	6.81	--	1	681	卖盘
10:13:04	6.81	--	47	32006	卖盘
10:12:59	6.81	--	72	49032	卖盘
10:12:53	6.81	-0.01	9	6129	卖盘
10:12:49	6.82	0.02	355	242110	买盘
10:12:44	6.8	--	151	102680	卖盘
10:12:38	6.8	--	92	62560	卖盘
10:12:29	6.8	--	98	66640	卖盘
10:12:24	6.8	--	41	27880	卖盘
10:12:19	6.8	--	1	680	卖盘
10:12:14	6.8	--	74	50320	卖盘
10:12:08	6.8	--	86	58480	卖盘
10:12:02	6.8	--	3	2040	卖盘
10:11:59	6.8	--	9	6120	卖盘
10:11:53	6.8	--	71	48280	卖盘
10:11:47	6.8	--	129	87720	买盘
10:11:44	6.8	--	29	19720	买盘
10:11:38	6.8	--	74	50320	买盘
10:11:23	6.8	--	56	38080	卖盘
10:11:17	6.8	--	170	115600	卖盘
10:11:08	6.8	-0.01	3	2040	卖盘
10:11:02	6.81	0.01	680	463080	买盘
10:10:53	6.8	--	9	6120	卖盘
10:10:44	6.8	--	369	250920	卖盘
10:10:38	6.8	--	1	680	卖盘
10:10:32	6.8	-0.01	15	10200	卖盘
10:10:29	6.81	0.01	47	32006	买盘
10:10:23	6.8	-0.01	5	3400	卖盘
10:10:17	6.81	--	271	184551	买盘
10:10:13	6.81	0.01	6	4085	买盘
10:10:08	6.8	-0.01	56	38080	卖盘
10:10:02	6.81	0.01	20	13620	买盘
10:09:58	6.8	-0.01	47	31960	卖盘
10:09:53	6.81	0.01	17	11577	买盘
10:09:47	6.8	--	1852	1259360	买盘
10:09:38	6.8	--	23	15640	买盘
10:09:32	6.8	0.01	71	48280	买盘
10:09:28	6.79	--	1	679	卖盘
10:09:23	6.79	--	15	10185	卖盘
10:09:17	6.79	--	38	25802	卖盘
10:09:13	6.79	-0.01	27	18333	卖盘
10:09:08	6.8	0.01	115	78200	买盘
10:09:02	6.79	--	190	129010	卖盘
10:08:58	6.79	--	40	27160	卖盘
10:08:53	6.79	--	177	120183	卖盘
10:08:47	6.79	0.01	453	307587	买盘
10:08:43	6.78	-0.01	42	28476	卖盘
10:08:38	6.79	0.01	40	27160	买盘
10:08:32	6.78	--	56	37968	卖盘
10:08:23	6.78	-0.01	82	55596	卖盘
10:08:17	6.79	0.01	37	25123	买盘
10:08:13	6.78	--	38	25764	卖盘
10:08:08	6.78	--	40	27120	卖盘
10:08:02	6.78	--	609	412902	卖盘
10:07:58	6.78	-0.01	39	26442	卖盘
10:07:53	6.79	0.01	130	88270	买盘
10:07:47	6.78	-0.01	16	10848	卖盘
10:07:43	6.79	0.01	643	436597	买盘
10:07:38	6.78	-0.01	51	34578	卖盘
10:07:32	6.79	--	60	40740	买盘
10:07:28	6.79	--	15	10185	买盘
10:07:23	6.79	--	115	78085	卖盘
10:07:17	6.79	--	37	25123	卖盘
10:07:13	6.79	--	10	6790	买盘
10:07:08	6.79	0.01	28	19012	买盘
10:07:02	6.78	-0.01	90	61020	卖盘
10:06:53	6.79	-0.01	110	74690	卖盘
10:06:47	6.8	0.01	1	680	买盘
10:06:43	6.79	-0.01	9	6111	卖盘
10:06:38	6.8	0.01	63	42840	买盘
10:06:28	6.79	--	2	1358	卖盘
10:06:23	6.79	--	37	25123	买盘
10:06:17	6.79	--	73	49567	买盘
10:06:13	6.79	--	34	23086	买盘
10:06:08	6.79	0.01	19	12901	卖盘
10:06:02	6.78	-0.02	108	73224	卖盘
10:05:58	6.8	0.01	400	272000	买盘
10:05:53	6.79	--	87	59073	买盘
10:05:47	6.79	--	85	57715	买盘
10:05:41	6.79	0.01	10	6790	买盘
10:05:38	6.78	-0.01	788	534264	卖盘
10:05:32	6.79	--	77	52283	卖盘
10:05:26	6.79	-0.01	72	48888	卖盘
10:05:23	6.8	0.01	205	139400	买盘
10:05:17	6.79	-0.01	11	7469	卖盘
10:05:11	6.8	--	29	19720	买盘
10:05:08	6.8	0.01	238	161840	买盘
10:05:02	6.79	--	39	26481	卖盘
10:04:56	6.79	-0.01	17	11543	卖盘
10:04:53	6.8	--	22	14960	买盘
10:04:47	6.8	0.01	21	14280	买盘
10:04:41	6.79	--	42	28518	卖盘
10:04:38	6.79	-0.01	822	558138	卖盘
10:04:32	6.8	--	26	17680	买盘
10:04:26	6.8	--	597	405960	买盘
10:04:23	6.8	--	11	7480	买盘
10:04:17	6.8	--	41	27880	买盘
10:04:11	6.8	0.01	72	48960	买盘
10:04:07	6.79	--	1	679	卖盘
10:04:02	6.79	-0.01	80	54320	卖盘
10:03:56	6.8	0.01	291	197880	买盘
10:03:53	6.79	--	108	73332	卖盘
10:03:47	6.79	-0.01	177	120183	卖盘
10:03:41	6.8	0.01	16	10880	买盘
10:03:38	6.79	-0.01	9	6111	卖盘
10:03:32	6.8	0.01	140	95200	买盘
10:03:26	6.79	-0.01	270	183330	卖盘
10:03:17	6.8	0.01	157	106760	买盘
10:03:11	6.79	--	49	33271	卖盘
10:03:07	6.79	--	1	679	卖盘
10:03:02	6.79	-0.01	88	59752	卖盘
10:02:56	6.8	--	10	6800	买盘
10:02:52	6.8	--	133	90440	买盘
10:02:47	6.8	0.01	29	19720	买盘
10:02:41	6.79	-0.01	174	118146	卖盘
10:02:37	6.8	--	71	48280	买盘
10:02:32	6.8	0.01	262	178160	买盘
10:02:26	6.79	--	40	27160	卖盘
10:02:22	6.79	--	11	7469	卖盘
10:02:11	6.79	--	26	18027	买盘
10:02:07	6.79	--	12	8148	买盘
10:02:02	6.79	--	141	95739	买盘
10:01:56	6.79	0.01	579	393141	买盘
10:01:52	6.78	-0.01	40	27120	卖盘
10:01:47	6.79	--	105	71295	买盘
10:01:41	6.79	--	216	146664	买盘
10:01:37	6.79	--	62	42098	买盘
10:01:32	6.79	--	53	35987	买盘
10:01:26	6.79	--	18	12222	买盘
10:01:22	6.79	--	143	97097	买盘
10:01:17	6.79	0.01	78	52962	买盘
10:01:11	6.78	--	79	53562	卖盘
10:01:07	6.78	-0.01	13	8814	卖盘
10:01:02	6.79	0.01	275	186725	买盘
10:00:56	6.78	--	114	77292	卖盘
10:00:52	6.78	--	45	30510	卖盘
10:00:47	6.78	-0.01	87	58986	卖盘
10:00:41	6.79	0.01	390	264810	买盘
10:00:37	6.78	--	70	47460	卖盘
10:00:32	6.78	--	64	43392	卖盘
10:00:26	6.78	--	116	78648	卖盘
10:00:22	6.78	-0.01	63	42714	卖盘
10:00:17	6.79	0.01	183	124257	买盘
10:00:11	6.78	--	61	41358	卖盘
10:00:07	6.78	-0.01	515	349170	卖盘
10:00:02	6.79	--	10	6790	买盘
09:59:56	6.79	--	39	26481	买盘
09:59:50	6.79	0.01	90	61110	买盘
09:59:47	6.78	--	10	6780	卖盘
09:59:41	6.78	-0.01	32	21696	卖盘
09:59:35	6.79	0.01	17	11543	买盘
09:59:32	6.78	--	348	235944	卖盘
09:59:26	6.78	-0.01	37	25086	卖盘
09:59:20	6.79	-0.01	167	113393	卖盘
09:59:17	6.8	0.01	147	99960	买盘
09:59:11	6.79	--	119	80801	买盘
09:59:05	6.79	--	293	198947	买盘
09:59:02	6.79	--	1774	1204715	买盘
09:58:56	6.79	--	260	176540	买盘
09:58:50	6.79	--	10	6790	买盘
09:58:47	6.79	--	265	179935	买盘
09:58:41	6.79	--	590	400610	卖盘
09:58:35	6.79	--	131	88949	卖盘
09:58:32	6.79	--	47	31913	卖盘
09:58:26	6.79	--	40	27160	卖盘
09:58:20	6.79	-0.01	106	71974	卖盘
09:58:17	6.8	0.01	4	2720	买盘
09:58:11	6.79	-0.01	87	59073	卖盘
09:58:05	6.8	--	41	27880	买盘
09:58:02	6.8	0.01	11	7480	买盘
09:57:56	6.79	--	83	56357	卖盘
09:57:50	6.79	--	307	208453	卖盘
09:57:47	6.79	--	13	8827	卖盘
09:57:41	6.79	-0.01	298	202342	卖盘
09:57:35	6.8	0.01	76	51680	买盘
09:57:32	6.79	--	731	496349	卖盘
09:57:26	6.79	--	97	65863	卖盘
09:57:20	6.79	--	191	129689	卖盘
09:57:16	6.79	--	50	33950	卖盘
09:57:11	6.79	--	59	40061	卖盘
09:57:05	6.79	--	391	265489	买盘
09:57:01	6.79	-0.01	26	17654	买盘
09:56:56	6.8	0.01	112	76160	买盘
09:56:50	6.79	--	285	193515	买盘
09:56:46	6.79	--	181	122899	卖盘
09:56:41	6.79	--	620	420980	卖盘
09:56:35	6.79	-0.01	30	20370	卖盘
09:56:31	6.8	0.01	29	19720	买盘
09:56:26	6.79	--	94	63826	卖盘
09:56:20	6.79	--	90	61110	卖盘
09:56:16	6.79	--	31	21049	卖盘
09:56:11	6.79	-0.01	106	71974	卖盘
09:56:05	6.8	0.01	37	25160	买盘
09:56:01	6.79	-0.01	477	323883	卖盘
09:55:56	6.8	--	118	80240	买盘
09:55:50	6.8	--	337	229160	买盘
09:55:46	6.8	--	121	82280	买盘
09:55:41	6.8	--	332	225760	买盘
09:55:35	6.8	--	36	24480	买盘
09:55:31	6.8	0.01	200	136000	买盘
09:55:26	6.79	-0.01	246	167034	卖盘
09:55:20	6.8	--	161	109480	卖盘
09:55:16	6.8	--	166	112880	卖盘
09:55:11	6.8	--	906	616080	卖盘
09:55:05	6.8	-0.01	3800	2584000	卖盘
09:55:01	6.81	--	5	3405	买盘
09:54:56	6.81	--	118	80358	买盘
09:54:50	6.81	--	1336	910326	卖盘
09:54:46	6.81	--	269	183189	卖盘
09:54:41	6.81	-0.01	321	218601	卖盘
09:54:35	6.82	0.01	200	136400	买盘
09:54:31	6.81	--	11	7491	卖盘
09:54:26	6.81	--	6174	4204494	卖盘
09:54:20	6.81	--	24	16343	卖盘
09:54:16	6.81	--	3	2042	卖盘
09:54:11	6.81	-0.01	20	13620	卖盘
09:54:05	6.82	--	52	35464	买盘
09:54:01	6.82	--	1	682	买盘
09:53:56	6.82	--	157	107074	买盘
09:53:50	6.82	--	91	62062	买盘
09:53:46	6.82	0.01	18	12276	买盘
09:53:41	6.81	-0.01	35	23835	卖盘
09:53:35	6.82	--	83	56606	买盘
09:53:26	6.82	--	288	196416	买盘
09:53:20	6.82	--	66	45012	买盘
09:53:14	6.82	--	715	487630	卖盘
09:53:11	6.82	--	167	113894	卖盘
09:53:05	6.82	--	77	52514	买盘
09:52:59	6.82	--	5	3410	买盘
09:52:56	6.82	0.01	95	64790	买盘
09:52:50	6.81	-0.01	224	152544	卖盘
09:52:46	6.82	-0.01	44	30008	卖盘
09:52:41	6.83	0.01	23	15709	买盘
09:52:35	6.82	--	70	47740	买盘
09:52:29	6.82	-0.01	34	23188	买盘
09:52:26	6.83	0.01	39	26637	买盘
09:52:20	6.82	--	28	19096	买盘
09:52:14	6.82	--	1350	920700	卖盘
09:52:11	6.82	--	76	51832	卖盘
09:52:05	6.82	--	155	105710	卖盘
09:51:59	6.82	--	10	6820	卖盘
09:51:56	6.82	-0.01	240	163680	卖盘
09:51:50	6.83	0.01	5	3415	买盘
09:51:44	6.82	-0.01	195	132990	卖盘
09:51:41	6.83	--	167	114061	买盘
09:51:35	6.83	0.01	37	25271	买盘
09:51:29	6.82	--	4	2728	卖盘
09:51:26	6.82	-0.01	36	24552	卖盘
09:51:20	6.83	0.01	64	43712	买盘
09:51:14	6.82	--	14	9548	卖盘
09:51:05	6.82	--	258	175956	卖盘
09:50:59	6.82	--	1350	920700	卖盘
09:50:56	6.82	--	2	1364	卖盘
09:50:50	6.82	--	34	23188	卖盘
09:50:44	6.82	--	41	27962	卖盘
09:50:40	6.82	-0.01	238	162316	卖盘
09:50:35	6.83	--	286	195338	买盘
09:50:29	6.83	0.01	75	51225	买盘
09:50:25	6.82	--	90	61380	卖盘
09:50:20	6.82	-0.01	21	14322	卖盘
09:50:14	6.83	--	54	36882	买盘
09:50:10	6.83	0.01	2	1366	买盘
09:50:05	6.82	--	17	11594	卖盘
09:49:59	6.82	-0.01	61	41602	卖盘
09:49:55	6.83	--	10	6830	买盘
09:49:50	6.83	-0.01	44	30052	卖盘
09:49:44	6.84	0.02	63	43092	买盘
09:49:35	6.82	-0.01	23	15686	卖盘
09:49:29	6.83	--	138	94254	卖盘
09:49:25	6.83	--	104	71032	买盘
09:49:20	6.83	--	80	54640	买盘
09:49:14	6.83	--	341	232903	卖盘
09:49:10	6.83	--	1	683	卖盘
09:49:05	6.83	--	93	63519	卖盘
09:48:59	6.83	--	91	62153	卖盘
09:48:55	6.83	--	16	10928	卖盘
09:48:50	6.83	--	40	27320	卖盘
09:48:44	6.83	0.01	44	30052	买盘
09:48:40	6.82	-0.01	191	130262	卖盘
09:48:35	6.83	--	42	28686	买盘
09:48:29	6.83	--	45	30735	买盘
09:48:25	6.83	0.01	6	4098	买盘
09:48:20	6.82	--	339	231198	卖盘
09:48:14	6.82	-0.01	25	17050	卖盘
09:48:10	6.83	--	158	107914	买盘
09:48:05	6.83	0.01	185	126355	买盘
09:47:59	6.82	--	20	13640	卖盘
09:47:55	6.82	-0.01	200	136400	卖盘
09:47:50	6.83	--	102	69666	买盘
09:47:44	6.83	--	24	16392	买盘
09:47:40	6.83	--	697	476051	卖盘
09:47:35	6.83	--	77	52591	卖盘
09:47:29	6.83	0.01	32	21856	卖盘
09:47:25	6.82	-0.01	9	6138	卖盘
09:47:20	6.83	0.01	135	92205	买盘
09:47:14	6.82	--	20	13640	卖盘
09:47:10	6.82	--	5	3410	卖盘
09:47:05	6.82	-0.01	149	101618	卖盘
09:46:59	6.83	--	310	211730	买盘
09:46:55	6.83	--	10	6830	买盘
09:46:50	6.83	--	53	36199	买盘
09:46:44	6.83	--	32	21856	买盘
09:46:40	6.83	0.01	12	8196	买盘
09:46:35	6.82	-0.01	34	23188	卖盘
09:46:29	6.83	--	3	2049	买盘
09:46:25	6.83	0.01	16	10928	卖盘
09:46:20	6.82	-0.02	86	58652	卖盘
09:46:14	6.84	0.01	122	83448	买盘
09:46:08	6.83	--	76	51908	买盘
09:46:05	6.83	--	21	14343	买盘
09:45:59	6.83	0.01	168	114744	买盘
09:45:53	6.82	-0.01	18	12276	卖盘
09:45:50	6.83	--	55	37565	买盘
09:45:44	6.83	0.01	30	20490	买盘
09:45:38	6.82	-0.01	123	83886	卖盘
09:45:35	6.83	--	28	19124	卖盘
09:45:29	6.83	-0.01	2	1366	卖盘
09:45:23	6.84	0.01	19	12996	买盘
09:45:20	6.83	--	48	32784	买盘
09:45:14	6.83	0.01	216	147528	买盘
09:45:08	6.82	--	32	21824	卖盘
09:45:05	6.82	--	1	682	卖盘
09:44:59	6.82	-0.01	12	8184	卖盘
09:44:53	6.83	0.01	83	56689	买盘
09:44:50	6.82	-0.01	50	34100	卖盘
09:44:44	6.83	0.01	83	56689	买盘
09:44:38	6.82	--	44	30008	卖盘
09:44:35	6.82	0.01	29	19778	中性盘
09:44:29	6.81	--	96	65375	卖盘
09:44:23	6.81	--	206	140456	卖盘
09:44:20	6.81	-0.01	231	157311	卖盘
09:44:14	6.82	0.01	228	155496	买盘
09:44:08	6.81	--	98	66738	卖盘
09:44:05	6.81	-0.01	576	392256	卖盘
09:43:59	6.82	--	114	77748	买盘
09:43:53	6.82	--	344	234608	买盘
09:43:49	6.82	0.01	258	175956	买盘
09:43:44	6.81	-0.01	88	59928	卖盘
09:43:38	6.82	0.01	180	122760	买盘
09:43:34	6.81	--	73	49713	卖盘
09:43:29	6.81	-0.01	242	164802	卖盘
09:43:23	6.82	0.01	113	77066	买盘
09:43:19	6.81	-0.01	40	27240	卖盘
09:43:14	6.82	--	137	93434	买盘
09:43:08	6.82	--	1631	1112853	卖盘
09:43:04	6.82	-0.01	1398	953436	卖盘
09:42:59	6.83	--	52	35516	买盘
09:42:53	6.83	0.01	157	107231	买盘
09:42:49	6.82	-0.01	344	234608	卖盘
09:42:44	6.83	--	190	129770	买盘
09:42:38	6.83	--	41	28003	买盘
09:42:34	6.83	--	45	30735	买盘
09:42:29	6.83	-0.01	195	133185	卖盘
09:42:23	6.84	0.01	231	158004	买盘
09:42:19	6.83	--	19	12977	卖盘
09:42:14	6.83	-0.01	91	62153	卖盘
09:42:08	6.84	0.01	95	64980	买盘
09:42:04	6.83	--	1216	830528	卖盘
09:41:59	6.83	--	41	28003	卖盘
09:41:49	6.83	--	1	683	卖盘
09:41:44	6.83	-0.01	127	86741	卖盘
09:41:38	6.84	0.01	489	334476	买盘
09:41:29	6.83	--	128	87424	卖盘
09:41:23	6.83	--	21	14343	卖盘
09:41:19	6.83	--	170	116110	卖盘
09:41:14	6.83	-0.01	157	107231	卖盘
09:41:08	6.84	--	30	20520	买盘
09:41:04	6.84	--	100	68400	买盘
09:40:59	6.84	--	133	90972	卖盘
09:40:53	6.84	--	170	116280	卖盘
09:40:49	6.84	--	5	3420	卖盘
09:40:44	6.84	--	323	220932	卖盘
09:40:38	6.84	--	27	18468	卖盘
09:40:34	6.84	--	11	7524	卖盘
09:40:29	6.84	--	52	35568	卖盘
09:40:23	6.84	--	148	101232	卖盘
09:40:19	6.84	--	51	34884	卖盘
09:40:14	6.84	--	6	4104	卖盘
09:39:59	6.84	--	43	29412	卖盘
09:39:53	6.84	0.01	148	101232	买盘
09:39:49	6.83	--	45	30735	卖盘
09:39:44	6.83	--	118	80594	卖盘
09:39:38	6.83	--	123	84009	卖盘
09:39:34	6.83	--	249	170067	卖盘
09:39:29	6.83	--	254	173482	买盘
09:39:23	6.83	0.01	1173	801159	买盘
09:39:17	6.82	-0.01	272	185504	卖盘
09:39:14	6.83	--	91	62153	买盘
09:39:08	6.83	--	82	56006	买盘
09:39:02	6.83	-0.02	562	383846	卖盘
09:38:59	6.85	0.02	1597	1093945	买盘
09:38:53	6.83	-0.01	30	20490	卖盘
09:38:47	6.84	0.01	45	30780	买盘
09:38:44	6.83	--	201	137283	卖盘
09:38:38	6.83	-0.01	208	142064	卖盘
09:38:32	6.84	0.01	266	181944	买盘
09:38:29	6.83	--	16	10928	买盘
09:38:23	6.83	--	970	662510	卖盘
09:38:17	6.83	--	14	9562	卖盘
09:38:14	6.83	--	21	14343	卖盘
09:38:08	6.83	--	128	87424	卖盘
09:38:02	6.83	--	55	37565	卖盘
09:37:59	6.83	--	78	53274	卖盘
09:37:53	6.83	--	168	114744	卖盘
09:37:47	6.83	--	31	21173	卖盘
09:37:43	6.83	-0.01	67	45761	卖盘
09:37:38	6.84	--	30	20520	买盘
09:37:32	6.84	0.02	81	55404	买盘
09:37:29	6.82	-0.01	670	456940	卖盘
09:37:23	6.83	--	100	68300	卖盘
09:37:17	6.83	-0.01	63	43029	卖盘
09:37:14	6.84	--	4	2736	买盘
09:37:08	6.84	--	20	13680	买盘
09:37:02	6.84	--	6	4104	卖盘
09:36:58	6.84	--	23	15732	卖盘
09:36:53	6.84	--	878	600552	买盘
09:36:47	6.84	-0.01	38	25992	中性盘
09:36:43	6.85	0.02	4	2740	买盘
09:36:38	6.83	-0.01	306	208998	卖盘
09:36:32	6.84	0.01	58	39672	卖盘
09:36:28	6.83	-0.02	20	13660	卖盘
09:36:23	6.85	0.02	49	33565	买盘
09:36:17	6.83	-0.02	53	36199	卖盘
09:36:13	6.85	0.02	11	7535	卖盘
09:36:08	6.83	-0.02	752	513616	卖盘
09:36:02	6.85	--	5	3425	卖盘
09:35:58	6.85	--	190	130321	买盘
09:35:53	6.85	0.01	679	465115	买盘
09:35:47	6.84	-0.01	45	30780	卖盘
09:35:43	6.85	0.01	41	28085	买盘
09:35:38	6.84	-0.01	267	182628	卖盘
09:35:32	6.85	--	79	54115	买盘
09:35:28	6.85	--	20	13700	买盘
09:35:23	6.85	-0.01	123	84768	卖盘
09:35:13	6.86	-0.01	7	4802	卖盘
09:35:08	6.87	0.01	53	36411	买盘
09:35:02	6.86	--	39	26754	卖盘
09:34:58	6.86	0.01	230	157951	买盘
09:34:53	6.85	--	34	23290	买盘
09:34:47	6.85	--	43	29729	卖盘
09:34:38	6.85	--	137	93845	卖盘
09:34:32	6.85	--	26	17810	卖盘
09:34:28	6.85	-0.01	27	18495	卖盘
09:34:23	6.86	0.01	737	505993	买盘
09:34:17	6.85	--	183	125355	买盘
09:34:13	6.85	--	29	19865	买盘
09:34:08	6.85	0.01	4	2740	买盘
09:34:02	6.84	-0.01	101	69084	卖盘
09:33:58	6.85	--	16	10960	买盘
09:33:53	6.85	--	261	178785	卖盘
09:33:47	6.85	--	1	685	卖盘
09:33:38	6.85	0.01	18	12330	买盘
09:33:32	6.84	-0.01	10	6840	卖盘
09:33:28	6.85	-0.01	154	105490	卖盘
09:33:23	6.86	--	20	13720	买盘
09:33:17	6.86	0.01	70	48020	买盘
09:33:13	6.85	-0.01	1	685	卖盘
09:33:08	6.86	0.01	42	28812	买盘
09:33:02	6.85	0.01	434	297290	买盘
09:32:53	6.84	-0.01	38	25992	卖盘
09:32:47	6.85	0.01	77	52745	买盘
09:32:38	6.84	--	15	10260	卖盘
09:32:32	6.84	--	79	54036	卖盘
09:32:26	6.84	--	68	46512	卖盘
09:32:23	6.84	--	44	30096	卖盘
09:32:17	6.84	--	75	51300	卖盘
09:32:11	6.84	-0.01	12	8208	卖盘
09:32:08	6.85	0.01	100	68500	买盘
09:32:02	6.84	--	106	72504	卖盘
09:31:56	6.84	0.01	123	84132	中性盘
09:31:53	6.83	-0.01	55	37565	卖盘
09:31:47	6.84	0.01	41	28044	中性盘
09:31:41	6.83	--	646	441218	卖盘
09:31:38	6.83	--	13	8879	卖盘
09:31:32	6.83	--	33	22539	卖盘
09:31:26	6.83	-0.01	205	140015	卖盘
09:31:23	6.84	0.01	10	6840	买盘
09:31:17	6.83	-0.01	185	126355	卖盘
09:31:11	6.84	0.01	4	2736	买盘
09:31:07	6.83	-0.01	22	15026	卖盘
09:31:02	6.84	--	26	17784	卖盘
09:30:56	6.84	--	10	6840	卖盘
09:30:53	6.84	--	2	1368	卖盘
09:30:47	6.84	0.01	113	77292	买盘
09:30:41	6.83	0.01	182	124306	中性盘
09:30:32	6.82	-0.01	71	48422	卖盘
09:30:26	6.83	--	29	19807	买盘
09:30:11	6.83	--	118	80594	买盘
09:30:07	6.83	-0.01	307	209681	卖盘
09:30:02	6.84	--	464	317376	买盘
09:29:01	6.84	--	0	0	买盘
09:25:08	6.84	6.84	974	666216	买盘
