成交时间	成交价	价格变动	成交量(手)	成交额(元)	性质
15:00:00	37.51	0.01	0	0	买盘
15:00:00	37.5	--	0	0	中性盘
14:59:59	37.5	--	194	727500	卖盘
14:59:55	37.5	--	6	22500	卖盘
14:59:49	37.5	-0.02	32	120000	卖盘
14:59:44	37.52	0.02	25	93800	买盘
14:59:38	37.5	--	62	232500	买盘
14:59:34	37.5	--	42	157500	卖盘
14:59:29	37.5	-0.02	56	210000	卖盘
14:59:24	37.52	0.02	64	240128	买盘
14:59:19	37.5	-0.02	3	11250	卖盘
14:59:14	37.52	--	40	150080	卖盘
14:59:08	37.52	--	31	116312	卖盘
14:59:04	37.52	--	269	1009288	买盘
14:58:59	37.52	0.01	18	70350	买盘
14:58:53	37.51	0.01	103	386353	买盘
14:58:49	37.5	0.01	10	37500	买盘
14:58:44	37.49	-0.01	27	101223	中性盘
14:58:38	37.5	0.01	42	157500	买盘
14:58:34	37.49	-0.01	358	1342142	卖盘
14:58:29	37.5	0.01	76	285000	买盘
14:58:23	37.49	-0.01	8	29992	卖盘
14:58:19	37.5	0.01	20	75000	买盘
14:58:14	37.49	--	106	397394	卖盘
14:58:08	37.49	--	165	618585	买盘
14:58:04	37.49	--	34	127466	买盘
14:57:59	37.49	-0.01	123	461127	中性盘
14:57:53	37.5	0.01	70	262500	买盘
14:57:49	37.49	-0.01	1	3749	中性盘
14:57:44	37.5	0.01	226	847500	买盘
14:57:38	37.49	-0.01	83	311167	卖盘
14:57:34	37.5	--	25	93750	买盘
14:57:29	37.5	0.01	47	176250	买盘
14:57:23	37.49	--	80	299920	买盘
14:57:19	37.49	--	22	82478	买盘
14:57:14	37.49	--	13	48737	卖盘
14:57:08	37.49	--	12	44988	卖盘
14:57:04	37.49	-0.01	34	127466	卖盘
14:56:59	37.5	0.01	46	172500	买盘
14:56:53	37.49	0.01	33	123717	买盘
14:56:49	37.48	-0.01	29	108691	卖盘
14:56:44	37.49	--	112	419888	买盘
14:56:38	37.49	0.01	37	138713	中性盘
14:56:34	37.48	-0.02	46	172408	卖盘
14:56:29	37.5	0.01	87	326250	买盘
14:56:23	37.49	0.01	81	303669	卖盘
14:56:19	37.48	-0.01	21	78708	卖盘
14:56:14	37.49	--	66	247434	买盘
14:56:08	37.49	--	82	307418	买盘
14:56:04	37.49	--	42	157458	买盘
14:55:59	37.49	-0.01	139	521111	卖盘
14:55:53	37.5	--	65	243750	买盘
14:55:49	37.5	0.01	96	360000	买盘
14:55:44	37.49	0.01	39	146211	买盘
14:55:38	37.48	-0.01	127	475995	卖盘
14:55:34	37.49	--	34	127466	卖盘
14:55:29	37.49	0.01	101	378649	买盘
14:55:23	37.48	--	63	236123	卖盘
14:55:19	37.48	--	9	33732	卖盘
14:55:14	37.48	--	85	318580	卖盘
14:55:08	37.48	--	24	89951	买盘
14:55:04	37.48	0.01	31	116187	买盘
14:54:59	37.47	-0.01	61	228567	买盘
14:54:53	37.48	0.01	27	101195	买盘
14:54:49	37.47	--	33	123651	卖盘
14:54:44	37.47	-0.01	53	198591	卖盘
14:54:38	37.48	-0.01	99	371051	卖盘
14:54:34	37.49	-0.01	2	7498	买盘
14:54:29	37.5	0.01	192	720000	买盘
14:54:23	37.49	-0.01	60	224940	卖盘
14:54:19	37.5	--	36	135000	买盘
14:54:14	37.5	--	32	120000	买盘
14:54:08	37.5	--	33	123750	买盘
14:54:04	37.5	--	99	372187	卖盘
14:53:59	37.5	-0.01	53	198750	卖盘
14:53:53	37.51	--	115	431365	买盘
14:53:49	37.51	0.01	3	11253	买盘
14:53:44	37.5	--	39	146250	卖盘
14:53:38	37.5	-0.02	94	352500	卖盘
14:53:34	37.52	--	21	78792	买盘
14:53:29	37.52	--	108	405216	买盘
14:53:23	37.52	--	42	157584	买盘
14:53:18	37.52	0.01	35	131320	买盘
14:53:14	37.51	-0.02	113	423863	卖盘
14:53:08	37.53	-0.01	90	337770	中性盘
14:53:04	37.54	0.02	13	48802	买盘
14:52:58	37.52	-0.01	13	48776	卖盘
14:52:53	37.53	0.01	69	258957	买盘
14:52:47	37.52	-0.01	54	202608	卖盘
14:52:43	37.53	--	5	18765	卖盘
14:52:38	37.53	0.01	5	18765	买盘
14:52:32	37.52	-0.01	15	56280	卖盘
14:52:28	37.53	0.01	6	22518	买盘
14:52:23	37.52	0.01	78	292656	买盘
14:52:17	37.51	-0.01	112	420112	卖盘
14:52:13	37.52	--	11	41272	卖盘
14:52:08	37.52	0.01	33	123816	中性盘
14:52:02	37.51	0.01	108	405108	中性盘
14:51:58	37.5	-0.01	438	1642500	卖盘
14:51:53	37.51	--	39	146289	卖盘
14:51:47	37.51	--	52	195052	卖盘
14:51:43	37.51	--	68	255068	卖盘
14:51:38	37.51	--	66	247566	买盘
14:51:32	37.51	-0.01	70	262570	卖盘
14:51:28	37.52	--	3	11256	买盘
14:51:23	37.52	--	54	202608	买盘
14:51:17	37.52	-0.01	147	551544	卖盘
14:51:13	37.53	0.01	21	78813	中性盘
14:51:08	37.52	-0.02	104	390208	卖盘
14:51:02	37.54	--	35	131390	卖盘
14:50:58	37.54	0.02	5	18770	卖盘
14:50:53	37.52	0.02	75	281400	中性盘
14:50:47	37.5	-0.02	159	596250	卖盘
14:50:43	37.52	--	2	7504	卖盘
14:50:38	37.52	--	27	101304	买盘
14:50:32	37.52	0.02	37	138824	买盘
14:50:28	37.5	--	13	48750	卖盘
14:50:23	37.5	--	14	52500	卖盘
14:50:17	37.5	--	136	512812	买盘
14:50:13	37.5	--	13	48750	买盘
14:50:08	37.5	0.01	164	615000	买盘
14:50:02	37.49	--	64	239936	卖盘
14:49:58	37.49	-0.01	21	78729	卖盘
14:49:53	37.5	0.01	42	157500	买盘
14:49:47	37.49	0.01	37	138713	买盘
14:49:43	37.48	-0.01	29	108691	卖盘
14:49:38	37.49	0.03	24	89976	买盘
14:49:32	37.46	--	145	543170	卖盘
14:49:28	37.46	--	60	224760	卖盘
14:49:23	37.46	--	44	164824	买盘
14:49:17	37.46	0.01	107	400822	买盘
14:49:13	37.45	--	9	33705	中性盘
14:49:08	37.45	--	146	546770	卖盘
14:49:02	37.45	--	42	157290	买盘
14:48:58	37.45	--	23	86135	买盘
14:48:53	37.45	0.01	79	295855	买盘
14:48:47	37.44	-0.02	90	336960	卖盘
14:48:43	37.46	0.01	7	26222	买盘
14:48:38	37.45	-0.03	77	288365	卖盘
14:48:32	37.48	0.02	103	386043	买盘
14:48:28	37.46	-0.02	21	78666	卖盘
14:48:23	37.48	0.03	42	157416	买盘
14:48:17	37.45	-0.03	183	685335	卖盘
14:48:13	37.48	--	16	59967	买盘
14:48:08	37.48	-0.01	135	505979	中性盘
14:48:02	37.49	-0.01	206	772294	买盘
14:47:58	37.5	--	4	15000	买盘
14:47:53	37.5	--	126	472500	买盘
14:47:47	37.5	-0.05	221	830625	卖盘
14:47:43	37.55	0.03	1108	4160539	买盘
14:47:38	37.52	-0.01	74	277648	卖盘
14:47:32	37.53	--	96	360288	买盘
14:47:28	37.53	-0.03	50	187650	卖盘
14:47:23	37.56	0.03	13	48828	买盘
14:47:17	37.53	-0.03	122	457866	卖盘
14:47:13	37.56	--	2	7512	买盘
14:47:08	37.56	-0.01	140	525840	卖盘
14:47:02	37.57	-0.01	52	195364	卖盘
14:46:58	37.58	--	8	30064	买盘
14:46:52	37.58	-0.01	95	357010	卖盘
14:46:47	37.59	0.01	50	187950	买盘
14:46:42	37.58	-0.01	17	63886	卖盘
14:46:38	37.59	--	42	157878	买盘
14:46:32	37.59	-0.01	79	296961	卖盘
14:46:28	37.6	--	90	338400	买盘
14:46:22	37.6	--	1	3760	买盘
14:46:17	37.6	-0.01	49	184240	卖盘
14:46:11	37.61	-0.01	41	154201	卖盘
14:46:07	37.62	0.02	154	579348	买盘
14:46:02	37.6	-0.02	34	127840	卖盘
14:45:56	37.62	--	10	37620	买盘
14:45:52	37.62	0.01	68	255815	买盘
14:45:47	37.61	-0.01	10	37610	卖盘
14:45:41	37.62	--	0	0	卖盘
14:45:37	37.62	-0.01	7	26334	卖盘
14:45:32	37.63	-0.01	3	11289	卖盘
14:45:26	37.64	--	210	790440	卖盘
14:45:22	37.64	--	4	15056	卖盘
14:45:11	37.64	-0.01	36	135504	卖盘
14:45:07	37.65	--	5	18825	卖盘
14:45:02	37.65	--	6	22590	卖盘
14:44:56	37.65	-0.01	31	116715	卖盘
14:44:52	37.66	-0.01	8	30127	卖盘
14:44:47	37.67	--	106	399302	买盘
14:44:41	37.67	--	9	33903	卖盘
14:44:37	37.67	--	2	7534	买盘
14:44:32	37.67	--	20	75340	买盘
14:44:26	37.67	--	27	101709	卖盘
14:44:22	37.67	--	12	45204	卖盘
14:44:17	37.67	0.01	45	169515	买盘
14:44:11	37.66	-0.02	15	56489	卖盘
14:44:07	37.68	0.02	19	71592	买盘
14:44:02	37.66	--	20	75320	卖盘
14:43:56	37.66	-0.02	25	94149	卖盘
14:43:52	37.68	0.01	9	33912	买盘
14:43:47	37.67	-0.01	19	71573	中性盘
14:43:41	37.68	--	22	82896	买盘
14:43:37	37.68	0.01	19	71592	买盘
14:43:32	37.67	-0.01	24	90408	卖盘
14:43:26	37.68	--	14	52752	买盘
14:43:22	37.68	0.01	12	45216	买盘
14:43:17	37.67	--	37	139379	卖盘
14:43:07	37.67	--	1	3767	卖盘
14:43:02	37.67	--	1	3767	买盘
14:42:56	37.67	0.02	40	150680	买盘
14:42:52	37.65	-0.02	79	297435	卖盘
14:42:47	37.67	--	35	131845	买盘
14:42:41	37.67	0.02	15	56505	买盘
14:42:37	37.65	--	3	11295	卖盘
14:42:32	37.65	0.03	56	210840	买盘
14:42:26	37.62	--	14	52668	卖盘
14:42:17	37.62	0.01	110	413820	买盘
14:42:11	37.61	--	44	165484	卖盘
14:42:07	37.61	0.01	34	127874	买盘
14:42:02	37.6	--	79	297040	买盘
14:41:56	37.6	--	75	282000	卖盘
14:41:47	37.6	0.01	8	30080	中性盘
14:41:41	37.59	-0.02	245	920955	卖盘
14:41:37	37.61	0.01	45	169245	买盘
14:41:32	37.6	--	50	188000	买盘
14:41:26	37.6	--	9	33840	中性盘
14:41:22	37.6	--	20	75200	买盘
14:41:17	37.6	0.02	96	360960	买盘
14:41:11	37.58	-0.02	56	210448	卖盘
14:41:07	37.6	-0.01	18	67680	卖盘
14:41:02	37.61	0.01	52	195572	买盘
14:40:56	37.6	--	311	1169360	卖盘
14:40:52	37.6	--	39	146640	卖盘
14:40:47	37.6	-0.01	44	165440	卖盘
14:40:41	37.61	--	0	0	卖盘
14:40:37	37.61	-0.01	56	210616	卖盘
14:40:32	37.62	-0.03	53	199386	卖盘
14:40:26	37.65	0.03	17	64005	中性盘
14:40:21	37.62	-0.02	10	37620	卖盘
14:40:17	37.64	-0.04	103	387692	卖盘
14:40:11	37.68	0.03	5	18840	买盘
14:40:07	37.65	--	0	0	卖盘
14:40:01	37.65	-0.03	248	933720	卖盘
14:39:56	37.68	-0.01	43	162024	卖盘
14:39:52	37.69	0.01	4	15076	买盘
14:39:46	37.68	--	3	11304	买盘
14:39:41	37.68	0.02	27	101736	中性盘
14:39:35	37.66	-0.04	200	753199	卖盘
14:39:31	37.7	0.02	5	18850	买盘
14:39:26	37.68	-0.02	12	45216	卖盘
14:39:20	37.7	0.01	9	33930	买盘
14:39:16	37.69	0.01	2	7538	中性盘
14:39:11	37.68	-0.01	136	512448	卖盘
14:39:05	37.69	-0.01	49	184681	卖盘
14:39:01	37.7	0.01	13	49010	买盘
14:38:56	37.69	-0.01	6	22614	中性盘
14:38:50	37.7	0.01	35	131950	买盘
14:38:41	37.69	-0.02	18	67842	卖盘
14:38:35	37.71	--	0	0	买盘
14:38:26	37.71	-0.01	50	188550	买盘
14:38:20	37.72	--	0	0	买盘
14:38:16	37.72	0.01	231	871332	买盘
14:38:11	37.71	--	66	248886	卖盘
14:38:05	37.71	-0.01	7	26397	卖盘
14:38:01	37.72	--	68	256496	买盘
14:37:56	37.72	--	35	132020	中性盘
14:37:50	37.72	--	50	188600	卖盘
14:37:46	37.72	--	5	18860	卖盘
14:37:41	37.72	-0.01	14	52808	卖盘
14:37:35	37.73	--	27	101870	买盘
14:37:31	37.73	--	4	15091	买盘
14:37:26	37.73	0.01	273	1030028	买盘
14:37:16	37.72	-0.01	14	52808	卖盘
14:37:11	37.73	-0.01	55	207514	卖盘
14:37:05	37.74	0.01	12	45288	买盘
14:36:56	37.73	-0.01	37	139601	卖盘
14:36:50	37.74	0.01	4	15096	买盘
14:36:46	37.73	--	1	3772	卖盘
14:36:41	37.73	--	1	3772	卖盘
14:36:35	37.73	--	4	15091	买盘
14:36:31	37.73	--	22	83006	买盘
14:36:26	37.73	0.01	8	30183	买盘
14:36:11	37.72	0.01	34	128248	买盘
14:36:05	37.71	--	2	7542	卖盘
14:36:01	37.71	--	4	15084	卖盘
14:35:56	37.71	--	47	177237	卖盘
14:35:50	37.71	--	8	30168	买盘
14:35:46	37.71	0.01	23	86733	买盘
14:35:41	37.7	--	18	67860	卖盘
14:35:35	37.7	-0.01	6	22620	卖盘
14:35:31	37.71	0.01	8	30168	买盘
14:35:26	37.7	-0.01	69	260130	卖盘
14:35:20	37.71	0.01	8	30168	买盘
14:35:11	37.7	--	4	15080	买盘
14:35:05	37.7	--	39	147030	买盘
14:35:01	37.7	--	2	7540	买盘
14:34:56	37.7	-0.01	14	52780	中性盘
14:34:50	37.71	-0.01	10	37710	买盘
14:34:46	37.72	0.02	5	18860	买盘
14:34:41	37.7	-0.01	46	173420	卖盘
14:34:35	37.71	0.01	21	79191	买盘
14:34:26	37.7	--	2	7540	卖盘
14:34:20	37.7	0.04	16	60320	买盘
14:34:16	37.66	-0.01	6	22595	卖盘
14:34:11	37.67	-0.05	10	37670	卖盘
14:34:05	37.72	--	22	82984	买盘
14:34:01	37.72	0.05	14	52808	买盘
14:33:56	37.67	-0.05	49	184583	卖盘
14:33:50	37.72	0.01	30	113160	买盘
14:33:46	37.71	--	5	18855	卖盘
14:33:41	37.71	--	58	218718	买盘
14:33:35	37.71	0.03	7	26397	买盘
14:33:31	37.68	--	0	0	卖盘
14:33:26	37.68	-0.02	118	444624	卖盘
14:33:20	37.7	0.02	86	326255	买盘
14:33:14	37.68	0.01	4	15072	买盘
14:33:10	37.67	-0.03	22	82874	卖盘
14:33:05	37.7	0.03	5	18850	买盘
14:32:59	37.67	0.01	5	18835	中性盘
14:32:55	37.66	-0.01	100	376599	卖盘
14:32:50	37.67	-0.01	17	64039	卖盘
14:32:44	37.68	--	15	56520	买盘
14:32:40	37.68	0.01	1	3768	买盘
14:32:35	37.67	-0.01	81	305127	卖盘
14:32:29	37.68	-0.02	19	71592	卖盘
14:32:20	37.7	0.02	7	26390	买盘
14:32:14	37.68	-0.01	14	52752	卖盘
14:32:10	37.69	--	24	90456	卖盘
14:32:05	37.69	-0.01	1	3769	卖盘
14:31:59	37.7	--	14	52780	买盘
14:31:55	37.7	0.03	46	173420	买盘
14:31:50	37.67	-0.01	102	384234	卖盘
14:31:44	37.68	-0.02	4	15072	中性盘
14:31:40	37.7	0.03	5	18850	买盘
14:31:35	37.67	--	8	30136	卖盘
14:31:29	37.67	-0.03	18	67806	卖盘
14:31:25	37.7	--	51	192270	卖盘
14:31:20	37.7	0.04	83	312910	买盘
14:31:14	37.66	0.01	6	22595	中性盘
14:31:10	37.65	-0.01	73	274845	卖盘
14:31:05	37.66	--	108	406727	卖盘
14:30:59	37.66	--	22	82851	卖盘
14:30:55	37.66	-0.01	18	67788	卖盘
14:30:50	37.67	0.01	19	71573	中性盘
14:30:44	37.66	-0.01	11	41425	卖盘
14:30:40	37.67	0.01	6	22602	卖盘
14:30:35	37.66	-0.03	7	26361	卖盘
14:30:29	37.69	0.03	24	90456	买盘
14:30:20	37.66	-0.06	140	527240	卖盘
14:30:14	37.72	0.02	21	79212	买盘
14:30:10	37.7	--	54	203580	买盘
14:30:05	37.7	-0.03	99	373230	卖盘
14:29:59	37.73	0.02	22	83006	买盘
14:29:55	37.71	-0.01	1	3771	卖盘
14:29:50	37.72	--	15	56580	买盘
14:29:44	37.72	-0.02	39	147108	卖盘
14:29:40	37.74	--	5	18870	买盘
14:29:35	37.74	0.02	24	90576	买盘
14:29:29	37.72	--	21	79212	卖盘
14:29:25	37.72	-0.01	30	113160	卖盘
14:29:20	37.73	--	20	75460	卖盘
14:29:14	37.73	-0.01	17	64140	买盘
14:29:05	37.74	0.01	15	56610	买盘
14:28:59	37.73	--	2	7545	卖盘
14:28:55	37.73	-0.02	4	15091	卖盘
14:28:50	37.75	0.01	1	3775	买盘
14:28:44	37.74	0.01	4	15096	买盘
14:28:40	37.73	--	8	30183	买盘
14:28:35	37.73	0.01	3	11318	中性盘
14:28:29	37.72	-0.04	35	132020	卖盘
14:28:25	37.76	0.01	12	45312	买盘
14:28:20	37.75	0.01	65	245375	买盘
14:28:14	37.74	-0.01	15	56610	卖盘
14:28:10	37.75	--	10	37750	卖盘
14:27:59	37.75	-0.02	11	41525	卖盘
14:27:55	37.77	--	10	37770	买盘
14:27:44	37.77	--	15	56655	买盘
14:27:39	37.77	0.03	10	37770	买盘
14:27:35	37.74	-0.01	2	7548	卖盘
14:27:29	37.75	--	11	41525	买盘
14:27:24	37.75	0.01	6	22650	中性盘
14:27:19	37.74	-0.01	5	18870	卖盘
14:27:14	37.75	--	3	11325	卖盘
14:27:08	37.75	0.01	3	11325	买盘
14:27:05	37.74	--	14	52836	卖盘
14:26:59	37.74	-0.02	28	105672	卖盘
14:26:49	37.76	0.02	4	15104	买盘
14:26:44	37.74	-0.01	40	150960	卖盘
14:26:38	37.75	-0.02	83	313325	卖盘
14:26:34	37.77	0.01	11	41547	买盘
14:26:29	37.76	-0.02	8	30208	卖盘
14:26:23	37.78	0.01	13	49114	买盘
14:26:14	37.77	--	22	83094	卖盘
14:26:04	37.77	-0.01	3	11331	卖盘
14:25:53	37.78	0.02	3	11334	买盘
14:25:49	37.76	--	10	37760	买盘
14:25:38	37.76	0.01	26	98176	中性盘
14:25:29	37.75	--	28	105700	卖盘
14:25:23	37.75	-0.01	11	41525	卖盘
14:25:19	37.76	--	1	3776	买盘
14:25:14	37.76	-0.01	16	60416	卖盘
14:25:08	37.77	0.01	13	49101	买盘
14:24:59	37.76	-0.01	20	75520	卖盘
14:24:53	37.77	--	2	7554	买盘
14:24:49	37.77	--	1	3777	买盘
14:24:44	37.77	--	12	45324	买盘
14:24:38	37.77	-0.01	20	75540	卖盘
14:24:34	37.78	--	0	0	中性盘
14:24:29	37.78	-0.02	24	90672	卖盘
14:24:23	37.8	0.03	45	170100	买盘
14:24:19	37.77	-0.01	22	83094	卖盘
14:24:08	37.78	-0.02	85	321130	卖盘
14:23:53	37.8	--	9	34020	卖盘
14:23:44	37.8	-0.04	38	143640	卖盘
14:23:38	37.84	0.03	2	7568	买盘
14:23:29	37.81	--	7	26467	买盘
14:23:23	37.81	0.01	8	30248	卖盘
14:23:19	37.8	-0.03	30	113399	卖盘
14:23:14	37.83	0.03	3	11349	买盘
14:23:08	37.8	--	64	241919	卖盘
14:23:04	37.8	-0.03	15	56699	卖盘
14:22:59	37.83	0.02	5	18915	买盘
14:22:44	37.81	-0.03	4	15124	卖盘
14:22:38	37.84	-0.01	5	20812	卖盘
14:22:34	37.85	--	25	94625	卖盘
14:22:29	37.85	0.05	40	153292	买盘
14:22:23	37.8	-0.05	47	177660	卖盘
14:22:19	37.85	--	2	9462	卖盘
14:22:14	37.85	--	52	198712	卖盘
14:22:08	37.85	-0.01	28	105980	卖盘
14:21:59	37.86	0.01	3	11358	中性盘
14:21:53	37.85	--	47	177895	卖盘
14:21:49	37.85	--	32	121120	卖盘
14:21:44	37.85	-0.01	51	193035	卖盘
14:21:38	37.86	0.01	9	34074	买盘
14:21:33	37.85	--	13	49205	卖盘
14:21:29	37.85	--	6	22710	卖盘
14:21:23	37.85	0.02	52	196820	买盘
14:21:19	37.83	-0.01	24	90792	卖盘
14:21:14	37.84	0.05	8	30272	中性盘
14:21:08	37.79	-0.06	304	1148816	卖盘
14:21:03	37.85	0.01	145	548825	买盘
14:20:58	37.84	--	190	718960	卖盘
14:20:53	37.84	--	14	52976	买盘
14:20:44	37.84	0.01	15	56760	买盘
14:20:32	37.83	--	1	3783	卖盘
14:20:28	37.83	0.02	23	87009	买盘
14:20:23	37.81	--	5	18905	卖盘
14:20:17	37.81	--	14	52934	卖盘
14:20:08	37.81	--	19	71839	买盘
14:20:02	37.81	0.02	1	3781	买盘
14:19:58	37.79	-0.02	30	113370	卖盘
14:19:53	37.81	0.01	9	34029	买盘
14:19:47	37.8	--	16	60479	买盘
14:19:38	37.8	0.01	15	56699	买盘
14:19:32	37.79	0.01	4	15116	买盘
14:19:28	37.78	--	24	90672	卖盘
14:19:23	37.78	--	15	56670	卖盘
14:19:17	37.78	--	28	107710	买盘
14:19:13	37.78	--	2	9407	卖盘
14:19:08	37.78	--	6	24594	买盘
14:19:02	37.78	--	13	49114	卖盘
14:18:58	37.78	--	19	71782	卖盘
14:18:53	37.78	-0.02	5	18890	卖盘
14:18:47	37.8	--	6	22680	买盘
14:18:43	37.8	--	7	26459	买盘
14:18:38	37.8	-0.02	61	232469	卖盘
14:18:32	37.82	0.01	14	54839	买盘
14:18:28	37.81	--	2	7562	卖盘
14:18:23	37.81	--	2	7562	卖盘
14:18:17	37.81	--	6	22686	卖盘
14:18:13	37.81	--	26	98306	卖盘
14:18:02	37.81	--	2	7562	买盘
14:17:58	37.81	--	6	22686	买盘
14:17:53	37.81	--	38	143678	买盘
14:17:47	37.81	0.01	34	128554	买盘
14:17:43	37.8	-0.01	7	26459	卖盘
14:17:38	37.81	--	123	465063	买盘
14:17:32	37.81	--	17	64277	买盘
14:17:28	37.81	--	22	83182	买盘
14:17:23	37.81	-0.01	46	173926	买盘
14:17:17	37.82	--	0	0	买盘
14:17:13	37.82	0.02	10	37820	买盘
14:17:02	37.8	--	25	94500	买盘
14:16:58	37.8	--	2	7559	买盘
14:16:53	37.8	--	31	117179	买盘
14:16:47	37.8	--	39	147420	买盘
14:16:38	37.8	--	18	68040	买盘
14:16:32	37.8	0.03	8	30239	买盘
14:16:23	37.77	0.01	40	151080	买盘
14:16:17	37.76	--	13	49088	卖盘
14:16:08	37.76	0.01	21	79296	买盘
14:16:02	37.75	--	2	7550	买盘
14:15:58	37.75	--	4	15100	卖盘
14:15:53	37.75	--	44	166100	买盘
14:15:47	37.75	0.02	50	188750	买盘
14:15:38	37.73	-0.01	28	105643	卖盘
14:15:32	37.74	0.01	17	64158	买盘
14:15:27	37.73	--	4	15091	买盘
14:15:17	37.73	0.01	11	41503	买盘
14:15:07	37.72	--	43	162196	买盘
14:15:02	37.72	0.01	4	15088	买盘
14:14:58	37.71	-0.01	4	15084	卖盘
14:14:53	37.72	0.01	11	41492	买盘
14:14:47	37.71	--	5	18855	卖盘
14:14:38	37.71	0.01	20	75420	买盘
14:14:32	37.7	0.01	14	52780	买盘
14:14:23	37.69	-0.01	1	3769	卖盘
14:14:17	37.7	0.02	33	124410	买盘
14:14:11	37.68	-0.02	2	7536	卖盘
14:14:02	37.7	0.01	2	7540	买盘
14:13:56	37.69	-0.01	25	94225	卖盘
14:13:47	37.7	--	13	49010	买盘
14:13:41	37.7	0.03	9	33930	买盘
14:13:32	37.67	-0.01	32	120544	卖盘
14:13:26	37.68	-0.01	31	116808	卖盘
14:13:17	37.69	0.01	5	18845	买盘
14:13:11	37.68	--	15	56520	卖盘
14:13:07	37.68	0.01	6	22608	卖盘
14:13:02	37.67	--	2	7534	卖盘
14:12:56	37.67	--	32	120544	卖盘
14:12:52	37.67	-0.01	4	15068	卖盘
14:12:47	37.68	--	24	90432	卖盘
14:12:41	37.68	-0.01	9	33912	卖盘
14:12:37	37.69	--	10	37690	买盘
14:12:32	37.69	0.01	7	26383	买盘
14:12:26	37.68	-0.01	10	37680	卖盘
14:12:22	37.69	--	2	7538	买盘
14:12:17	37.69	--	5	18845	买盘
14:12:11	37.69	0.02	10	37690	买盘
14:12:02	37.67	-0.02	2	7534	卖盘
14:11:47	37.69	0.02	23	86687	买盘
14:11:41	37.67	--	0	0	中性盘
14:11:37	37.67	-0.02	4	15068	卖盘
14:11:26	37.69	0.02	14	52766	买盘
14:11:22	37.67	--	0	0	卖盘
14:11:17	37.67	0.01	47	177049	买盘
14:11:11	37.66	--	144	542304	卖盘
14:11:07	37.66	-0.01	5	18830	卖盘
14:11:02	37.67	-0.03	16	60272	卖盘
14:10:56	37.7	0.03	34	128180	买盘
14:10:47	37.67	-0.03	10	37670	卖盘
14:10:41	37.7	--	5	18850	买盘
14:10:32	37.7	0.03	16	60320	买盘
14:10:26	37.67	-0.03	43	161981	卖盘
14:10:17	37.7	0.03	6	22620	买盘
14:10:11	37.67	-0.03	70	263690	卖盘
14:10:07	37.7	--	3	11310	卖盘
14:10:02	37.7	--	1	3770	卖盘
14:09:56	37.7	--	10	37700	卖盘
14:09:47	37.7	--	5	18850	卖盘
14:09:41	37.7	--	4	15080	卖盘
14:09:32	37.7	--	3	11310	卖盘
14:09:26	37.7	--	30	113100	买盘
14:09:17	37.7	--	37	139490	卖盘
14:09:11	37.7	-0.01	39	147030	卖盘
14:09:07	37.71	0.01	2	7542	中性盘
14:09:01	37.7	--	10	37700	卖盘
14:08:52	37.7	--	11	41470	卖盘
14:08:46	37.7	-0.03	3	11310	卖盘
14:08:36	37.73	--	11	41503	买盘
14:08:26	37.73	0.03	25	94324	买盘
14:08:16	37.7	-0.05	30	113100	卖盘
14:08:11	37.75	--	0	0	买盘
14:08:05	37.75	0.02	41	154775	买盘
14:07:56	37.73	--	3	11318	卖盘
14:07:50	37.73	--	24	90551	卖盘
14:07:41	37.73	-0.02	34	128281	卖盘
14:07:35	37.75	0.02	6	22650	买盘
14:07:26	37.73	--	3	11318	卖盘
14:07:16	37.73	-0.02	2	7545	卖盘
14:07:11	37.75	0.02	2	7550	买盘
14:07:05	37.73	--	6	22637	买盘
14:06:50	37.73	-0.02	12	45275	卖盘
14:06:46	37.75	0.02	3	11325	买盘
14:06:41	37.73	-0.02	6	22637	卖盘
14:06:31	37.75	--	13	49075	买盘
14:06:20	37.75	0.02	2	7550	买盘
14:06:16	37.73	-0.02	4	15091	卖盘
14:06:11	37.75	--	3	11325	买盘
14:06:05	37.75	--	19	71725	买盘
14:05:46	37.75	--	0	0	买盘
14:05:41	37.75	0.03	14	52850	买盘
14:05:35	37.72	-0.04	1	3772	卖盘
14:05:31	37.76	--	25	94400	卖盘
14:05:26	37.76	0.05	6	22656	买盘
14:05:20	37.71	--	0	0	卖盘
14:05:11	37.71	-0.02	38	143298	卖盘
14:05:05	37.73	--	6	22637	买盘
14:04:56	37.73	0.02	7	26410	买盘
14:04:50	37.71	-0.02	20	75420	卖盘
14:04:46	37.73	--	0	0	买盘
14:04:35	37.73	0.01	8	30183	买盘
14:04:31	37.72	--	8	30176	买盘
14:04:26	37.72	0.01	3	11316	买盘
14:04:20	37.71	--	3	11313	卖盘
14:04:11	37.71	--	19	71649	买盘
14:04:05	37.71	0.01	2	7542	买盘
14:03:56	37.7	-0.02	1	3770	卖盘
14:03:50	37.72	0.02	5	18860	买盘
14:03:35	37.7	0.01	67	252590	买盘
14:03:26	37.69	0.04	1	3769	买盘
14:03:20	37.65	-0.01	105	395325	卖盘
14:03:16	37.66	--	39	146874	买盘
14:03:11	37.66	--	23	86617	买盘
14:03:05	37.66	--	6	22595	买盘
14:03:01	37.66	--	2	7531	买盘
14:02:55	37.66	-0.01	24	90383	卖盘
14:02:50	37.67	0.01	61	229787	买盘
14:02:45	37.66	-0.01	6	22595	卖盘
14:02:40	37.67	--	2	7534	买盘
14:02:35	37.67	-0.03	62	233554	卖盘
14:02:30	37.7	--	42	158340	卖盘
14:02:25	37.7	--	23	86710	卖盘
14:02:20	37.7	--	15	56550	卖盘
14:02:10	37.7	--	8	30160	卖盘
14:02:05	37.7	-0.01	14	52780	卖盘
14:01:55	37.71	--	4	15084	买盘
14:01:50	37.71	--	1	3771	买盘
14:01:46	37.71	--	2	7542	卖盘
14:01:40	37.71	-0.01	14	52794	卖盘
14:01:35	37.72	-0.01	6	22632	买盘
14:01:29	37.73	0.02	6	22637	买盘
14:01:20	37.71	-0.02	20	75420	卖盘
14:01:14	37.73	-0.02	61	230152	卖盘
14:01:10	37.75	--	0	0	卖盘
14:01:05	37.75	--	13	49075	卖盘
14:00:59	37.75	--	36	135900	卖盘
14:00:50	37.75	--	0	0	卖盘
14:00:44	37.75	-0.04	5	18875	卖盘
14:00:40	37.79	0.04	10	37790	买盘
14:00:35	37.75	-0.02	43	162325	卖盘
14:00:29	37.77	0.01	23	86871	卖盘
14:00:20	37.76	--	18	67968	买盘
14:00:14	37.76	-0.01	2	7552	中性盘
14:00:10	37.77	0.02	4	15108	买盘
14:00:05	37.75	-0.02	11	41525	卖盘
13:59:44	37.77	-0.04	19	71763	卖盘
13:59:40	37.81	0.01	15	56715	买盘
13:59:29	37.8	-0.02	4	15119	中性盘
13:59:20	37.82	0.02	2	7564	买盘
13:59:14	37.8	--	1	3779	买盘
13:59:05	37.8	--	1	5670	卖盘
13:58:59	37.8	--	42	160650	卖盘
13:58:55	37.8	--	31	117179	卖盘
13:58:50	37.8	--	6	22680	卖盘
13:58:44	37.8	--	19	71820	卖盘
13:58:40	37.8	--	1	3779	卖盘
13:58:35	37.8	--	36	136080	买盘
13:58:29	37.8	--	6	22680	买盘
13:58:25	37.8	0.01	15	56699	买盘
13:58:20	37.79	-0.01	6	22674	卖盘
13:58:14	37.8	0.01	1	3779	买盘
13:58:10	37.79	--	22	83138	卖盘
13:58:05	37.79	--	3	11337	卖盘
13:57:59	37.79	-0.01	24	90696	卖盘
13:57:50	37.8	-0.01	23	86940	卖盘
13:57:44	37.81	0.01	21	79401	买盘
13:57:40	37.8	-0.01	3	11340	卖盘
13:57:29	37.81	--	20	75620	买盘
13:57:19	37.81	0.01	1	3781	买盘
13:57:14	37.8	-0.01	6	22680	卖盘
13:57:10	37.81	--	4	15124	买盘
13:57:04	37.81	--	19	71839	买盘
13:56:59	37.81	-0.03	59	223079	卖盘
13:56:50	37.84	--	7	26488	买盘
13:56:44	37.84	0.01	30	113520	买盘
13:56:39	37.83	--	0	0	中性盘
13:56:35	37.83	0.03	30	113490	买盘
13:56:29	37.8	-0.01	18	68040	卖盘
13:56:19	37.81	-0.01	76	287356	卖盘
13:56:14	37.82	--	39	147498	买盘
13:56:04	37.82	--	1	3782	买盘
13:55:55	37.82	--	18	68076	卖盘
13:55:49	37.82	--	21	79422	卖盘
13:55:44	37.82	--	10	37820	卖盘
13:55:39	37.82	--	5	18910	卖盘
13:55:34	37.82	--	13	49166	卖盘
13:55:29	37.82	--	10	37820	卖盘
13:55:24	37.82	--	5	18910	卖盘
13:55:19	37.82	0.02	17	64294	买盘
13:55:14	37.8	--	22	83160	卖盘
13:55:08	37.8	--	10	37800	卖盘
13:55:04	37.8	0.01	11	41580	买盘
13:54:59	37.79	--	28	105812	卖盘
13:54:53	37.79	--	27	102033	卖盘
13:54:44	37.79	-0.01	9	34011	卖盘
13:54:29	37.8	-0.03	8	30239	卖盘
13:54:23	37.83	0.02	42	158886	买盘
13:54:14	37.81	--	3	11343	买盘
13:54:04	37.81	--	4	15124	买盘
13:53:59	37.81	--	25	94525	买盘
13:53:49	37.81	--	3	11343	卖盘
13:53:38	37.81	--	6	22686	卖盘
13:53:34	37.81	--	6	22686	卖盘
13:53:23	37.81	-0.01	38	143678	卖盘
13:53:19	37.82	--	2	7564	买盘
13:53:14	37.82	--	16	60512	买盘
13:53:08	37.82	0.01	21	79422	买盘
13:52:59	37.81	-0.01	10	37810	卖盘
13:52:53	37.82	0.02	80	302560	买盘
13:52:49	37.8	0.01	3	11340	卖盘
13:52:44	37.79	-0.01	7	26453	卖盘
13:52:38	37.8	0.01	2	7559	中性盘
13:52:34	37.79	-0.02	10	37790	卖盘
13:52:29	37.81	0.02	91	344071	买盘
13:52:23	37.79	-0.01	6	22674	卖盘
13:52:19	37.8	-0.01	3	11340	买盘
13:52:14	37.81	0.01	9	34029	买盘
13:52:08	37.8	--	1	3779	买盘
13:52:04	37.8	0.01	8	30239	买盘
13:51:59	37.79	-0.03	1	3779	中性盘
13:51:53	37.82	--	0	0	买盘
13:51:49	37.82	0.02	20	75640	买盘
13:51:44	37.8	--	11	41580	卖盘
13:51:38	37.8	0.05	1	3779	卖盘
13:51:29	37.75	--	1	3775	买盘
13:51:23	37.75	-0.08	16	60400	卖盘
13:51:19	37.83	0.03	74	279942	买盘
13:51:14	37.8	0.04	3	11340	买盘
13:51:08	37.76	-0.04	12	45312	卖盘
13:51:04	37.8	0.02	15	56699	买盘
13:50:59	37.78	--	5	18890	卖盘
13:50:53	37.78	-0.02	1	3778	卖盘
13:50:38	37.8	--	5	18900	买盘
13:50:33	37.8	--	2	7559	买盘
13:50:29	37.8	--	8	30239	卖盘
13:50:23	37.8	--	3	11340	买盘
13:50:18	37.8	--	2	7559	买盘
13:50:13	37.8	--	36	136080	买盘
13:50:08	37.8	0.01	9	34020	买盘
13:50:04	37.79	-0.01	4	15116	卖盘
13:49:58	37.8	--	31	117179	买盘
13:49:53	37.8	0.01	4	15119	买盘
13:49:49	37.79	--	3	11337	卖盘
13:49:38	37.79	--	12	45348	买盘
13:49:23	37.79	--	0	0	买盘
13:49:18	37.79	0.09	2	7558	买盘
13:49:08	37.7	-0.1	5	18850	卖盘
13:48:58	37.8	0.11	3	11340	买盘
13:48:53	37.69	-0.11	10	37690	卖盘
13:48:43	37.8	0.1	16	60479	买盘
13:48:38	37.7	-0.08	87	327990	卖盘
13:48:28	37.78	-0.02	2	7556	卖盘
13:48:23	37.8	--	14	52919	买盘
13:48:13	37.8	--	7	26459	卖盘
13:48:08	37.8	-0.01	17	64259	卖盘
13:48:02	37.81	--	1	3781	卖盘
13:47:53	37.81	-0.01	12	45372	卖盘
13:47:47	37.82	-0.01	14	52948	卖盘
13:47:43	37.83	--	10	37830	买盘
13:47:38	37.83	--	1	3783	买盘
13:47:28	37.83	-0.01	3	11349	买盘
13:47:23	37.84	0.01	35	132440	买盘
13:47:17	37.83	--	1	3783	卖盘
13:47:13	37.83	0.01	2	7566	卖盘
13:47:08	37.82	-0.02	7	26474	卖盘
13:47:02	37.84	--	7	26488	买盘
13:46:58	37.84	--	30	113520	卖盘
13:46:53	37.84	0.02	80	302720	买盘
13:46:47	37.82	-0.02	1	3782	卖盘
13:46:43	37.84	--	4	15136	卖盘
13:46:38	37.84	0.01	13	49192	买盘
13:46:32	37.83	--	47	177801	卖盘
13:46:28	37.83	-0.01	10	37830	卖盘
13:46:17	37.84	--	10	37840	买盘
13:46:08	37.84	--	17	64328	买盘
13:46:02	37.84	0.01	18	68112	买盘
13:45:58	37.83	-0.01	8	30264	卖盘
13:45:53	37.84	-0.01	28	105952	买盘
13:45:47	37.85	0.02	71	268735	买盘
13:45:43	37.83	-0.01	4	15132	卖盘
13:45:38	37.84	--	11	41624	卖盘
13:45:32	37.84	-0.01	1	3784	中性盘
13:45:28	37.85	0.01	49	185465	买盘
13:45:23	37.84	0.03	80	302720	买盘
13:45:17	37.81	-0.02	8	30248	卖盘
13:45:13	37.83	-0.01	88	332904	卖盘
13:45:08	37.84	0.01	38	143792	买盘
13:44:58	37.83	--	6	22698	买盘
13:44:53	37.83	0.02	44	166452	卖盘
13:44:47	37.81	--	0	0	卖盘
13:44:43	37.81	-0.03	1	3781	卖盘
13:44:38	37.84	0.02	55	208120	买盘
13:44:32	37.82	0.01	1	3782	买盘
13:44:28	37.81	--	1	3781	卖盘
13:44:23	37.81	0.01	14	52934	买盘
13:44:13	37.8	--	6	22680	卖盘
13:44:07	37.8	0.02	50	189000	买盘
13:44:02	37.78	0.03	19	71782	买盘
13:43:52	37.75	--	23	86825	买盘
13:43:47	37.75	0.01	3	11325	买盘
13:43:37	37.74	0.04	33	124542	买盘
13:43:32	37.7	0.01	1	3770	买盘
13:43:27	37.69	-0.05	3	11307	卖盘
13:43:22	37.74	0.05	2	7548	卖盘
13:43:17	37.69	--	16	60304	卖盘
13:43:07	37.69	--	5	18845	卖盘
13:43:02	37.69	--	8	30152	卖盘
13:42:47	37.69	0.01	1	3769	卖盘
13:42:41	37.68	-0.05	10	37680	卖盘
13:42:37	37.73	0.06	131	494262	买盘
13:42:22	37.67	-0.01	3	11301	卖盘
13:42:17	37.68	--	53	199704	买盘
13:42:11	37.68	--	48	180864	买盘
13:42:07	37.68	--	45	169560	买盘
13:42:02	37.68	--	2	7536	买盘
13:41:56	37.68	--	2	7536	卖盘
13:41:52	37.68	0.01	45	169560	卖盘
13:41:47	37.67	-0.02	33	124311	卖盘
13:41:41	37.69	--	21	79149	买盘
13:41:37	37.69	-0.01	3	11307	卖盘
13:41:32	37.7	--	9	33930	买盘
13:41:22	37.7	--	0	0	买盘
13:41:17	37.7	--	19	71630	买盘
13:41:11	37.7	0.01	39	147030	买盘
13:41:02	37.69	--	4	15076	卖盘
13:40:56	37.69	-0.01	2	7538	中性盘
13:40:52	37.7	0.03	20	75400	买盘
13:40:47	37.67	-0.02	30	113010	卖盘
13:40:41	37.69	0.01	33	124376	买盘
13:40:37	37.68	--	0	0	买盘
13:40:26	37.68	-0.02	13	48984	买盘
13:40:17	37.7	--	0	0	买盘
13:40:11	37.7	0.04	85	320450	买盘
13:40:07	37.66	--	12	45191	买盘
13:40:02	37.66	0.01	15	56489	买盘
13:39:52	37.65	-0.04	51	192015	卖盘
13:39:47	37.69	0.04	6	22614	买盘
13:39:41	37.65	--	12	45180	卖盘
13:39:37	37.65	-0.04	1	3765	卖盘
13:39:32	37.69	--	14	52766	买盘
13:39:26	37.69	0.04	9	33921	买盘
13:39:22	37.65	--	30	112950	卖盘
13:39:17	37.65	--	11	41415	卖盘
13:39:07	37.65	-0.01	13	48945	卖盘
13:39:02	37.66	0.01	11	41425	卖盘
13:38:56	37.65	--	0	0	卖盘
13:38:52	37.65	-0.04	6	22590	卖盘
13:38:47	37.69	0.04	20	75380	买盘
13:38:41	37.65	-0.03	8	30120	卖盘
13:38:37	37.68	--	10	37680	卖盘
13:38:31	37.68	0.03	15	56520	买盘
13:38:26	37.65	--	10	37650	卖盘
13:38:22	37.65	--	4	15060	卖盘
13:38:17	37.65	--	2	7530	卖盘
13:38:11	37.65	--	20	75300	买盘
13:38:02	37.65	0.01	17	64005	买盘
13:37:56	37.64	--	6	22584	卖盘
13:37:52	37.64	--	21	79044	卖盘
13:37:46	37.64	0.01	53	199492	买盘
13:37:41	37.63	--	7	26341	买盘
13:37:36	37.63	--	11	41393	买盘
13:37:31	37.63	--	8	30104	买盘
13:37:26	37.63	--	20	75260	买盘
13:37:16	37.63	--	16	60208	卖盘
13:37:11	37.63	--	30	112890	卖盘
13:37:06	37.63	--	16	60208	买盘
13:37:01	37.63	0.02	19	71497	买盘
13:36:56	37.61	-0.01	19	71459	卖盘
13:36:51	37.62	--	2	7523	买盘
13:36:46	37.62	-0.01	27	101574	卖盘
13:36:41	37.63	--	8	30104	买盘
13:36:36	37.63	--	4	15052	买盘
13:36:31	37.63	-0.01	8	30104	卖盘
13:36:26	37.64	0.01	13	48932	买盘
13:36:16	37.63	0.01	4	15052	卖盘
13:36:11	37.62	--	4	15047	卖盘
13:36:06	37.62	--	12	45144	卖盘
13:36:01	37.62	--	14	52668	卖盘
13:35:56	37.62	0.01	2	7523	中性盘
13:35:46	37.61	--	16	60176	卖盘
13:35:41	37.61	0.01	3	11283	卖盘
13:35:35	37.6	--	0	0	卖盘
13:35:31	37.6	--	20	75200	卖盘
13:35:26	37.6	--	7	26320	买盘
13:35:20	37.6	0.01	72	270720	买盘
13:35:16	37.59	-0.01	1	3759	卖盘
13:35:11	37.6	--	2	7520	买盘
13:35:05	37.6	--	12	45120	买盘
13:35:01	37.6	0.01	45	169200	买盘
13:34:56	37.59	-0.01	21	78939	卖盘
13:34:50	37.6	--	22	82720	买盘
13:34:46	37.6	--	11	41360	买盘
13:34:41	37.6	--	56	210560	买盘
13:34:35	37.6	-0.02	75	282000	卖盘
13:34:31	37.62	0.02	4	15047	买盘
13:34:26	37.6	--	16	60160	卖盘
13:34:20	37.6	--	0	0	卖盘
13:34:16	37.6	-0.01	11	41360	卖盘
13:34:11	37.61	--	19	71459	买盘
13:34:05	37.61	0.01	5	18805	买盘
13:34:01	37.6	-0.01	4	15040	卖盘
13:33:56	37.61	-0.01	12	45132	中性盘
13:33:50	37.62	0.02	9	33858	买盘
13:33:46	37.6	--	35	131600	买盘
13:33:41	37.6	-0.02	130	488800	卖盘
13:33:35	37.62	-0.02	1	3761	中性盘
13:33:31	37.64	0.02	3	11292	买盘
13:33:26	37.62	-0.03	5	18810	卖盘
13:33:20	37.65	--	15	56475	买盘
13:33:16	37.65	--	5	18825	买盘
13:33:11	37.65	0.04	77	289905	买盘
13:33:01	37.61	--	9	33849	卖盘
13:32:56	37.61	0.01	5	18805	买盘
13:32:50	37.6	--	35	131600	卖盘
13:32:46	37.6	-0.01	13	48880	卖盘
13:32:41	37.61	0.01	41	154201	买盘
13:32:35	37.6	-0.01	22	82720	卖盘
13:32:31	37.61	--	1	3761	买盘
13:32:26	37.61	0.01	46	173006	卖盘
13:32:20	37.6	-0.05	195	733200	卖盘
13:32:16	37.65	--	2	7530	卖盘
13:32:10	37.65	0.04	61	229665	买盘
13:32:05	37.61	-0.04	2	7522	卖盘
13:31:55	37.65	-0.02	110	414150	卖盘
13:31:50	37.67	--	15	56505	买盘
13:31:40	37.67	--	2	7534	买盘
13:31:35	37.67	--	21	79107	卖盘
13:31:25	37.67	-0.01	3	11301	卖盘
13:31:20	37.68	0.03	2	7536	买盘
13:31:15	37.65	-0.02	143	538395	卖盘
13:30:55	37.67	0.02	20	75340	买盘
13:30:50	37.65	--	0	0	卖盘
13:30:45	37.65	--	2	7530	卖盘
13:30:40	37.65	--	8	30120	卖盘
13:30:35	37.65	0.02	1	3765	卖盘
13:30:30	37.63	-0.02	81	304803	卖盘
13:30:20	37.65	--	92	346380	买盘
13:30:14	37.65	--	1	3765	买盘
13:30:10	37.65	--	0	0	买盘
13:30:05	37.65	--	2	7530	买盘
13:29:55	37.65	0.03	10	37650	买盘
13:29:50	37.62	--	4	15047	卖盘
13:29:45	37.62	-0.03	1	3761	卖盘
13:29:40	37.65	--	6	22590	卖盘
13:29:35	37.65	0.04	5	18825	买盘
13:29:29	37.61	-0.04	13	48893	卖盘
13:29:25	37.65	0.04	43	161895	买盘
13:29:14	37.61	-0.01	10	37610	卖盘
13:29:10	37.62	0.02	61	229481	买盘
13:29:05	37.6	--	28	105280	卖盘
13:28:59	37.6	--	7	26320	卖盘
13:28:55	37.6	--	128	481280	买盘
13:28:50	37.6	--	114	428640	卖盘
13:28:44	37.6	--	43	161680	卖盘
13:28:40	37.6	--	33	124080	卖盘
13:28:35	37.6	--	13	48880	卖盘
13:28:29	37.6	--	49	184240	卖盘
13:28:25	37.6	--	50	188000	卖盘
13:28:20	37.6	--	59	221840	卖盘
13:28:14	37.6	-0.01	9	33840	卖盘
13:28:10	37.61	-0.01	52	195572	中性盘
13:28:05	37.62	--	119	447677	买盘
13:27:59	37.62	--	11	41382	买盘
13:27:55	37.62	--	7	26334	卖盘
13:27:50	37.62	--	7	26334	卖盘
13:27:44	37.62	-0.03	26	97812	卖盘
13:27:40	37.65	--	69	259785	买盘
13:27:35	37.65	--	13	48945	买盘
13:27:24	37.65	-0.01	24	90360	卖盘
13:27:20	37.66	--	21	79086	买盘
13:27:14	37.66	-0.02	24	90383	卖盘
13:27:05	37.68	0.01	10	37680	买盘
13:26:59	37.67	-0.02	8	30136	卖盘
13:26:55	37.69	0.01	26	97994	买盘
13:26:50	37.68	-0.01	75	282600	卖盘
13:26:35	37.69	-0.01	28	105532	卖盘
13:26:29	37.7	--	18	67860	卖盘
13:26:25	37.7	--	0	0	卖盘
13:26:20	37.7	-0.01	3	11310	卖盘
13:26:14	37.71	-0.01	227	856017	卖盘
13:26:05	37.72	0.01	16	60352	卖盘
13:25:59	37.71	-0.01	12	45252	卖盘
13:25:55	37.72	0.01	9	33948	买盘
13:25:44	37.71	-0.02	10	37710	卖盘
13:25:39	37.73	--	0	0	中性盘
13:25:34	37.73	--	5	18865	买盘
13:25:29	37.73	--	57	215060	买盘
13:25:25	37.73	--	5	18865	买盘
13:25:20	37.73	--	4	15091	卖盘
13:25:14	37.73	-0.02	1	3772	卖盘
13:25:09	37.75	0.03	1	3775	买盘
13:25:05	37.72	-0.01	7	26404	卖盘
13:24:59	37.73	0.01	28	105643	买盘
13:24:44	37.72	--	0	0	卖盘
13:24:39	37.72	-0.03	6	22632	卖盘
13:24:34	37.75	--	0	0	买盘
13:24:24	37.75	--	2	7550	买盘
13:24:14	37.75	0.04	2	7550	买盘
13:24:09	37.71	--	1	3771	卖盘
13:24:04	37.71	--	3	11313	卖盘
13:23:49	37.71	--	17	64107	买盘
13:23:44	37.71	--	8	30168	买盘
13:23:39	37.71	0.01	2	7542	买盘
13:23:34	37.7	-0.01	28	105560	卖盘
13:23:29	37.71	--	2	7542	买盘
13:23:24	37.71	0.01	6	22626	买盘
13:23:14	37.7	--	18	67860	买盘
13:23:09	37.7	--	0	0	买盘
13:23:04	37.7	0.01	16	60320	买盘
13:22:59	37.69	--	11	41459	卖盘
13:22:49	37.69	-0.01	2	7538	卖盘
13:22:44	37.7	--	13	49010	卖盘
13:22:38	37.7	--	1	3770	卖盘
13:22:34	37.7	--	18	67860	卖盘
13:22:29	37.7	--	3	11310	卖盘
13:22:23	37.7	--	2	7540	卖盘
13:22:19	37.7	--	38	143260	卖盘
13:22:14	37.7	-0.01	20	75400	卖盘
13:22:08	37.71	--	2	7542	买盘
13:22:04	37.71	--	15	56565	买盘
13:21:59	37.71	--	1	3771	买盘
13:21:53	37.71	-0.02	40	150840	卖盘
13:21:49	37.73	0.02	1	3772	卖盘
13:21:44	37.71	--	0	0	卖盘
13:21:38	37.71	0.01	21	79191	卖盘
13:21:34	37.7	--	4	15080	卖盘
13:21:29	37.7	-0.09	21	79170	卖盘
13:21:23	37.79	--	6	22674	买盘
13:21:19	37.79	0.09	3	11337	买盘
13:21:14	37.7	-0.09	24	90480	卖盘
13:21:08	37.79	0.04	102	385458	买盘
13:20:59	37.75	-0.04	2	7550	中性盘
13:20:53	37.79	-0.01	8	30232	卖盘
13:20:49	37.8	0.08	1	3779	买盘
13:20:44	37.72	-0.08	46	173512	卖盘
13:20:38	37.8	--	14	52919	买盘
13:20:34	37.8	0.05	10	37800	买盘
13:20:29	37.75	--	17	64175	卖盘
13:20:14	37.75	--	2	7550	卖盘
13:20:04	37.75	-0.05	2	7550	卖盘
13:19:58	37.8	0.05	6	22680	买盘
13:19:53	37.75	0.03	97	366175	买盘
13:19:44	37.72	--	11	41492	卖盘
13:19:38	37.72	-0.03	5	18860	卖盘
13:19:34	37.75	0.04	7	26425	买盘
13:19:23	37.71	--	0	0	卖盘
13:19:19	37.71	-0.01	10	37710	卖盘
13:19:14	37.72	--	3	11316	买盘
13:19:08	37.72	0.02	12	45264	买盘
13:19:04	37.7	-0.01	25	94250	卖盘
13:18:58	37.71	--	30	113130	买盘
13:18:53	37.71	--	7	26397	买盘
13:18:43	37.71	-0.01	16	60336	卖盘
13:18:38	37.72	--	68	256496	买盘
13:18:34	37.72	0.01	3	11316	买盘
13:18:28	37.71	-0.01	10	37710	卖盘
13:18:23	37.72	0.01	22	82984	买盘
13:18:19	37.71	--	6	22626	卖盘
13:18:13	37.71	--	10	37710	买盘
13:18:04	37.71	0.01	3	11313	买盘
13:17:58	37.7	-0.01	47	177190	卖盘
13:17:53	37.71	--	0	0	卖盘
13:17:43	37.71	0.01	76	286596	中性盘
13:17:38	37.7	--	22	82940	卖盘
13:17:33	37.7	--	0	0	卖盘
13:17:28	37.7	--	5	18850	卖盘
13:17:23	37.7	-0.01	62	233740	卖盘
13:17:18	37.71	--	0	0	卖盘
13:17:13	37.71	-0.02	15	56565	卖盘
13:17:08	37.73	--	22	83006	买盘
13:16:58	37.73	0.01	23	86779	买盘
13:16:53	37.72	--	1	3772	卖盘
13:16:43	37.72	0.02	3	11316	卖盘
13:16:38	37.7	--	13	49010	卖盘
13:16:32	37.7	-0.01	19	71630	卖盘
13:16:28	37.71	0.01	1	3771	中性盘
13:16:23	37.7	0.02	21	79170	买盘
13:16:17	37.68	-0.02	42	158256	卖盘
13:16:13	37.7	--	8	30160	买盘
13:16:08	37.7	--	4	15080	卖盘
13:16:02	37.7	--	15	56550	卖盘
13:15:58	37.7	--	11	41470	卖盘
13:15:53	37.7	-0.03	1	3770	卖盘
13:15:47	37.73	--	5	18865	买盘
13:15:43	37.73	0.03	35	132055	买盘
13:15:38	37.7	-0.04	13	49010	卖盘
13:15:28	37.74	0.04	4	15096	买盘
13:15:23	37.7	-0.04	3	11310	中性盘
13:15:17	37.74	0.11	5	18870	买盘
13:15:13	37.63	-0.11	28	105364	卖盘
13:15:02	37.74	0.11	9	33966	买盘
13:14:58	37.63	--	0	0	卖盘
13:14:53	37.63	0.04	51	191913	中性盘
13:14:47	37.59	--	0	0	卖盘
13:14:38	37.59	--	0	0	卖盘
13:14:32	37.59	-0.16	265	996247	卖盘
13:14:28	37.75	0.02	1	3775	中性盘
13:14:23	37.73	-0.07	68	256563	卖盘
13:14:17	37.8	--	2	7559	买盘
13:14:13	37.8	-0.01	5	18900	卖盘
13:14:08	37.81	--	15	56715	买盘
13:14:02	37.81	-0.01	18	68058	卖盘
13:13:53	37.82	--	159	601338	买盘
13:13:47	37.82	--	4	15128	卖盘
13:13:43	37.82	--	21	79422	卖盘
13:13:38	37.82	-0.03	2	7564	卖盘
13:13:32	37.85	0.04	55	208175	买盘
13:13:28	37.81	--	0	0	卖盘
13:13:23	37.81	--	10	37810	卖盘
13:13:17	37.81	--	24	90744	卖盘
13:13:08	37.81	0.07	18	68058	买盘
13:13:02	37.74	-0.11	63	237762	卖盘
13:12:58	37.85	0.05	11	41635	买盘
13:12:53	37.8	-0.03	71	268380	卖盘
13:12:47	37.83	0.04	15	56745	买盘
13:12:38	37.79	--	2	7558	卖盘
13:12:32	37.79	0.03	36	136044	买盘
13:12:28	37.76	--	0	0	卖盘
13:12:22	37.76	-0.02	66	249216	卖盘
13:12:17	37.78	0.03	20	75560	买盘
13:12:13	37.75	--	0	0	卖盘
13:12:02	37.75	--	6	22650	买盘
13:11:57	37.75	--	11	41525	买盘
13:11:52	37.75	0.01	4	15100	买盘
13:11:47	37.74	0.02	6	22644	中性盘
13:11:42	37.72	-0.01	10	37720	卖盘
13:11:37	37.73	0.01	15	56594	买盘
13:11:32	37.72	0.01	2	7544	卖盘
13:11:22	37.71	0.01	9	33939	买盘
13:11:17	37.7	--	7	26390	买盘
13:11:07	37.7	0.02	5	18850	买盘
13:11:02	37.68	--	22	82896	卖盘
13:10:52	37.68	0.04	12	45216	买盘
13:10:47	37.64	--	2	7528	卖盘
13:10:42	37.64	0.03	5	18820	中性盘
13:10:37	37.61	-0.04	16	60176	卖盘
13:10:32	37.65	0.05	11	41415	买盘
13:10:27	37.6	--	2	7520	卖盘
13:10:22	37.6	--	7	26320	卖盘
13:10:17	37.6	--	20	75200	卖盘
13:10:12	37.6	--	13	48880	买盘
13:10:07	37.6	--	77	289520	买盘
13:10:02	37.6	0.01	4	15040	买盘
13:09:56	37.59	--	21	78939	买盘
13:09:47	37.59	0.02	10	37590	买盘
13:09:41	37.57	--	0	0	卖盘
13:09:37	37.57	0.01	25	93925	买盘
13:09:32	37.56	-0.01	237	892050	卖盘
13:09:26	37.57	--	3	11271	买盘
13:09:22	37.57	--	23	86411	买盘
13:09:17	37.57	--	16	60112	买盘
13:09:11	37.57	--	63	236691	买盘
13:09:07	37.57	--	38	144644	卖盘
13:09:02	37.57	-0.02	70	262990	卖盘
13:08:56	37.59	--	68	255612	卖盘
13:08:52	37.59	0.01	61	229299	买盘
13:08:47	37.58	-0.01	38	142804	卖盘
13:08:41	37.59	0.01	30	112770	买盘
13:08:37	37.58	-0.02	67	253665	卖盘
13:08:32	37.6	--	7	26320	买盘
13:08:26	37.6	-0.07	660	2481600	卖盘
13:08:22	37.67	--	23	86641	卖盘
13:08:17	37.67	-0.02	5	18835	卖盘
13:08:11	37.69	--	1	3769	买盘
13:08:07	37.69	0.02	7	26383	卖盘
13:08:02	37.67	-0.03	49	184583	卖盘
13:07:56	37.7	0.01	17	64090	买盘
13:07:52	37.69	--	12	45228	卖盘
13:07:47	37.69	-0.01	10	37690	卖盘
13:07:41	37.7	--	64	241280	卖盘
13:07:37	37.7	-0.01	24	90480	卖盘
13:07:32	37.71	--	13	49023	买盘
13:07:26	37.71	--	2	7542	买盘
13:07:22	37.71	--	1	3771	买盘
13:07:17	37.71	-0.07	20	75420	卖盘
13:07:11	37.78	--	9	34002	买盘
13:07:07	37.78	0.07	2	7556	买盘
13:06:56	37.71	--	0	0	卖盘
13:06:52	37.71	0.01	2	7542	买盘
13:06:47	37.7	-0.01	7	26390	卖盘
13:06:41	37.71	--	11	41481	卖盘
13:06:37	37.71	0.01	4	15084	买盘
13:06:32	37.7	-0.09	2	7540	卖盘
13:06:22	37.79	0.09	32	120928	买盘
13:06:17	37.7	-0.09	31	116870	卖盘
13:06:11	37.79	0.09	12	45348	买盘
13:06:07	37.7	--	25	94250	卖盘
13:06:02	37.7	-0.09	3	11310	卖盘
13:05:56	37.79	--	2	7558	中性盘
13:05:51	37.79	0.09	4	15116	买盘
13:05:47	37.7	--	28	105560	卖盘
13:05:41	37.7	-0.03	18	67860	卖盘
13:05:36	37.73	--	0	0	买盘
13:05:31	37.73	0.03	21	79233	买盘
13:05:21	37.7	--	11	41470	卖盘
13:05:16	37.7	--	70	263900	买盘
13:05:06	37.7	--	16	60320	买盘
13:05:01	37.7	0.04	43	162110	买盘
13:04:56	37.66	-0.01	78	293748	卖盘
13:04:51	37.67	--	0	0	卖盘
13:04:46	37.67	-0.03	10	37670	卖盘
13:04:41	37.7	0.01	16	60320	买盘
13:04:36	37.69	--	12	45228	买盘
13:04:31	37.69	0.01	20	75380	买盘
13:04:26	37.68	-0.01	30	113040	卖盘
13:04:16	37.69	--	9	33921	买盘
13:04:11	37.69	-0.01	8	30152	卖盘
13:04:06	37.7	--	5	18850	买盘
13:04:01	37.7	--	9	33930	买盘
13:03:51	37.7	--	5	18850	买盘
13:03:46	37.7	--	10	37700	买盘
13:03:41	37.7	--	50	188500	买盘
13:03:36	37.7	-0.06	31	116870	卖盘
13:03:31	37.76	--	5	18880	中性盘
13:03:26	37.76	-0.04	1	3776	卖盘
13:03:16	37.8	--	0	0	买盘
13:03:11	37.8	0.08	56	211679	买盘
13:03:01	37.72	-0.07	45	169740	卖盘
13:02:56	37.79	--	6	22674	卖盘
13:02:50	37.79	--	1	3779	卖盘
13:02:41	37.79	--	4	15116	卖盘
13:02:35	37.79	-0.01	4	15116	卖盘
13:02:31	37.8	--	7	26459	买盘
13:02:26	37.8	-0.05	108	408239	卖盘
13:02:11	37.85	0.01	54	204390	买盘
13:02:05	37.84	-0.01	4	15136	卖盘
13:02:01	37.85	--	3	11355	买盘
13:01:56	37.85	0.01	57	215745	卖盘
13:01:46	37.84	--	0	0	卖盘
13:01:35	37.84	-0.01	50	189200	卖盘
13:01:31	37.85	0.01	1	3785	买盘
13:01:20	37.84	0.01	43	162712	买盘
13:01:11	37.83	0.01	38	143754	卖盘
13:00:56	37.82	--	2	7564	买盘
13:00:50	37.82	0.01	3	11346	买盘
13:00:41	37.81	--	10	37810	卖盘
13:00:35	37.81	0.01	5	18905	买盘
13:00:30	37.8	--	2	7559	卖盘
13:00:26	37.8	--	34	128519	卖盘
13:00:15	37.8	0.01	130	491399	买盘
13:00:11	37.79	0.07	72	272088	买盘
13:00:05	37.72	--	142	535624	卖盘
11:30:00	37.72	--	0	0	卖盘
11:29:59	37.72	--	0	0	卖盘
11:29:57	37.72	--	4	15088	买盘
11:29:52	37.72	--	30	113160	买盘
11:29:42	37.72	0.01	7	26404	买盘
11:29:37	37.71	-0.01	56	211176	卖盘
11:29:31	37.72	0.01	1	3772	中性盘
11:29:22	37.71	0.01	14	52794	卖盘
11:29:16	37.7	--	0	0	卖盘
11:28:55	37.7	--	12	45240	买盘
11:28:52	37.7	--	39	147030	卖盘
11:28:46	37.7	--	29	109330	卖盘
11:28:40	37.7	--	5	18850	卖盘
11:28:36	37.7	--	12	45240	卖盘
11:28:25	37.7	0.03	4	15080	买盘
11:28:21	37.67	-0.03	138	519846	卖盘
11:28:16	37.7	--	17	64090	买盘
11:28:10	37.7	0.03	10	37700	中性盘
11:28:06	37.67	-0.04	141	531147	卖盘
11:28:01	37.71	--	14	52794	中性盘
11:27:55	37.71	0.01	29	109359	买盘
11:27:51	37.7	-0.01	42	158340	卖盘
11:27:46	37.71	-0.03	1	3771	卖盘
11:27:40	37.74	--	1	3774	卖盘
11:27:36	37.74	0.04	11	41514	买盘
11:27:31	37.7	--	0	0	卖盘
11:27:25	37.7	0.02	2	7540	卖盘
11:27:10	37.68	--	0	0	中性盘
11:27:01	37.68	-0.11	75	282600	卖盘
11:26:55	37.79	0.08	6	22674	买盘
11:26:46	37.71	-0.08	138	520398	卖盘
11:26:40	37.79	--	15	56685	买盘
11:26:36	37.79	0.05	1	3779	卖盘
11:26:31	37.74	--	7	26418	买盘
11:26:25	37.74	-0.06	6	22644	卖盘
11:26:21	37.8	0.07	3	11340	买盘
11:26:16	37.73	-0.01	22	83006	卖盘
11:26:10	37.74	--	10	37740	卖盘
11:25:55	37.74	-0.06	3	11322	中性盘
11:25:51	37.8	0.06	228	861839	买盘
11:25:40	37.74	0.01	5	18870	买盘
11:25:31	37.73	-0.04	3	11318	卖盘
11:25:25	37.77	0.04	2	7554	买盘
11:25:21	37.73	--	0	0	卖盘
11:25:16	37.73	-0.01	2	7545	卖盘
11:25:10	37.74	0.01	4	15096	买盘
11:25:06	37.73	0.05	7	26410	买盘
11:25:01	37.68	-0.02	14	52752	卖盘
11:24:55	37.7	--	7	26390	卖盘
11:24:51	37.7	0.03	5	18850	买盘
11:24:46	37.67	--	0	0	卖盘
11:24:40	37.67	-0.03	5	18835	卖盘
11:24:36	37.7	--	10	37700	买盘
11:24:31	37.7	--	26	98020	买盘
11:24:25	37.7	-0.03	6	22620	卖盘
11:24:21	37.73	--	11	41503	买盘
11:24:16	37.73	--	28	105643	卖盘
11:24:06	37.73	--	20	75460	卖盘
11:24:01	37.73	0.06	16	60367	买盘
11:23:55	37.67	-0.06	323	1216741	卖盘
11:23:46	37.73	0.03	24	90551	买盘
11:23:40	37.7	--	15	56550	买盘
11:23:36	37.7	0.02	1	3770	买盘
11:23:31	37.68	-0.01	44	165792	卖盘
11:23:25	37.69	--	17	64072	买盘
11:23:21	37.69	--	5	18845	买盘
11:23:16	37.69	--	49	184681	买盘
11:23:10	37.69	--	13	48997	买盘
11:23:06	37.69	0.02	14	52766	买盘
11:23:01	37.67	-0.02	2	7534	卖盘
11:22:55	37.69	0.03	41	154529	买盘
11:22:51	37.66	-0.01	22	82851	卖盘
11:22:46	37.67	0.02	44	165748	买盘
11:22:40	37.65	--	22	82830	卖盘
11:22:31	37.65	0.01	19	71535	买盘
11:22:25	37.64	0.01	13	48932	中性盘
11:22:19	37.63	--	5	18815	卖盘
11:22:16	37.63	-0.02	45	169335	卖盘
11:22:10	37.65	0.02	30	112950	买盘
11:22:04	37.63	-0.02	4	15052	卖盘
11:22:01	37.65	0.01	25	94125	买盘
11:21:55	37.64	-0.02	84	316176	卖盘
11:21:49	37.66	--	23	86617	买盘
11:21:45	37.66	0.02	31	116745	买盘
11:21:40	37.64	-0.02	122	459208	卖盘
11:21:34	37.66	0.01	21	79086	买盘
11:21:31	37.65	--	32	120480	卖盘
11:21:25	37.65	--	6	22590	卖盘
11:21:19	37.65	--	17	64005	卖盘
11:21:16	37.65	-0.01	32	120480	卖盘
11:21:10	37.66	--	152	572432	买盘
11:21:04	37.66	-0.01	26	97915	卖盘
11:21:00	37.67	0.01	7	26369	买盘
11:20:55	37.66	--	49	184533	卖盘
11:20:49	37.66	-0.01	71	267386	卖盘
11:20:45	37.67	--	5	18835	买盘
11:20:40	37.67	-0.01	17	64039	买盘
11:20:34	37.68	0.01	45	169560	买盘
11:20:30	37.67	--	34	128078	卖盘
11:20:25	37.67	--	19	71573	卖盘
11:20:19	37.67	--	19	71573	卖盘
11:20:10	37.67	-0.01	49	184583	卖盘
11:20:04	37.68	-0.01	30	113040	卖盘
11:20:00	37.69	-0.01	22	82918	买盘
11:19:55	37.7	0.01	37	139490	买盘
11:19:49	37.69	-0.01	3	11307	卖盘
11:19:40	37.7	-0.01	49	184730	卖盘
11:19:34	37.71	0.01	18	67878	中性盘
11:19:30	37.7	--	23	86710	卖盘
11:19:25	37.7	--	25	94250	卖盘
11:19:19	37.7	-0.03	70	263900	卖盘
11:19:15	37.73	--	0	0	买盘
11:19:10	37.73	0.02	42	158466	买盘
11:19:04	37.71	-0.01	6	22626	卖盘
11:19:00	37.72	--	23	86756	买盘
11:18:55	37.72	-0.01	31	116932	卖盘
11:18:45	37.73	0.01	2	7545	中性盘
11:18:40	37.72	--	12	45264	卖盘
11:18:34	37.72	--	8	30176	卖盘
11:18:30	37.72	-0.02	11	41492	卖盘
11:18:25	37.74	0.02	15	56610	买盘
11:18:19	37.72	-0.01	24	90528	卖盘
11:18:15	37.73	-0.01	4	15091	中性盘
11:18:10	37.74	--	17	64158	买盘
11:18:04	37.74	0.02	2	7548	买盘
11:18:00	37.72	-0.02	17	64124	卖盘
11:17:55	37.74	--	29	109446	买盘
11:17:49	37.74	--	6	22644	买盘
11:17:45	37.74	--	10	37740	卖盘
11:17:40	37.74	--	10	37740	卖盘
11:17:34	37.74	-0.01	6	22644	卖盘
11:17:25	37.75	0.01	3	11325	中性盘
11:17:19	37.74	-0.04	12	45288	卖盘
11:17:10	37.78	--	49	185122	买盘
11:17:04	37.78	0.03	11	41558	买盘
11:17:00	37.75	--	1	3775	卖盘
11:16:49	37.75	-0.03	3	11325	买盘
11:16:40	37.78	--	3	11334	买盘
11:16:34	37.78	0.04	110	415580	买盘
11:16:28	37.74	--	8	30192	卖盘
11:16:19	37.74	--	18	67932	卖盘
11:16:13	37.74	0.01	13	49062	卖盘
11:16:09	37.73	--	0	0	卖盘
11:16:04	37.73	-0.02	14	52821	卖盘
11:15:58	37.75	-0.03	5	18875	卖盘
11:15:55	37.78	0.05	4	15112	买盘
11:15:49	37.73	-0.02	23	86779	卖盘
11:15:43	37.75	0.02	18	67950	卖盘
11:15:39	37.73	--	0	0	卖盘
11:15:34	37.73	-0.02	19	71687	卖盘
11:15:28	37.75	--	4	15100	买盘
11:15:24	37.75	--	10	37750	买盘
11:15:19	37.75	--	4	15100	买盘
11:15:13	37.75	0.03	5	18875	买盘
11:15:10	37.72	-0.03	2	7544	卖盘
11:15:04	37.75	--	4	15100	买盘
11:14:58	37.75	0.03	8	30200	买盘
11:14:54	37.72	-0.03	6	22632	卖盘
11:14:49	37.75	0.03	44	166100	买盘
11:14:43	37.72	-0.03	54	203688	中性盘
11:14:28	37.75	0.05	14	52850	买盘
11:14:24	37.7	--	0	0	卖盘
11:14:19	37.7	--	14	52780	卖盘
11:14:13	37.7	-0.05	15	56550	卖盘
11:14:09	37.75	-0.03	5	18875	卖盘
11:13:54	37.78	-0.02	30	113340	卖盘
11:13:49	37.8	--	1	3779	买盘
11:13:43	37.8	--	11	41580	买盘
11:13:39	37.8	-0.05	10	37800	中性盘
11:13:34	37.85	-0.01	14	52990	卖盘
11:13:28	37.86	--	12	45432	买盘
11:13:24	37.86	--	7	26502	买盘
11:13:19	37.86	--	26	98436	买盘
11:13:13	37.86	--	53	200658	买盘
11:13:09	37.86	-0.02	109	412674	卖盘
11:13:04	37.88	--	2	7576	卖盘
11:12:58	37.88	--	4	15152	买盘
11:12:54	37.88	0.01	6	22728	买盘
11:12:49	37.87	--	17	64378	卖盘
11:12:43	37.87	-0.01	40	151480	卖盘
11:12:39	37.88	0.02	79	299252	买盘
11:12:34	37.86	--	20	75720	卖盘
11:12:28	37.86	-0.02	10	37860	卖盘
11:12:24	37.88	0.03	47	178036	买盘
11:12:13	37.85	0.02	40	151400	买盘
11:12:09	37.83	-0.03	7	26481	卖盘
11:12:04	37.86	0.01	16	60576	买盘
11:11:58	37.85	-0.02	39	147615	卖盘
11:11:54	37.87	--	4	15147	买盘
11:11:49	37.87	--	8	30295	买盘
11:11:43	37.87	0.02	1	3786	买盘
11:11:28	37.85	--	33	124905	买盘
11:11:24	37.85	0.06	9	34065	买盘
11:11:19	37.79	--	0	0	卖盘
11:11:09	37.79	0.01	1	3779	买盘
11:10:58	37.78	0.06	14	52892	买盘
11:10:54	37.72	--	0	0	中性盘
11:10:49	37.72	0.01	16	60352	卖盘
11:10:43	37.71	--	9	33939	卖盘
11:10:34	37.71	0.01	1	7504	卖盘
11:10:28	37.7	--	34	128180	买盘
11:10:23	37.7	--	13	49010	买盘
11:10:19	37.7	--	52	196040	卖盘
11:10:13	37.7	--	0	0	卖盘
11:10:04	37.7	--	3	11310	卖盘
11:09:58	37.7	--	1	3770	买盘
11:09:52	37.7	0.02	5	18850	买盘
11:09:49	37.68	--	45	169560	卖盘
11:09:43	37.68	0.01	14	52752	卖盘
11:09:33	37.67	--	2	7534	卖盘
11:09:28	37.67	--	0	0	中性盘
11:09:22	37.67	--	7	26369	买盘
11:09:19	37.67	0.01	22	82874	买盘
11:09:13	37.66	0.01	58	218427	卖盘
11:09:07	37.65	--	0	0	卖盘
11:09:04	37.65	--	42	158130	卖盘
11:08:58	37.65	--	25	94125	卖盘
11:08:52	37.65	0.01	14	52710	卖盘
11:08:49	37.64	--	17	63988	卖盘
11:08:43	37.64	-0.01	69	259716	卖盘
11:08:37	37.65	0.01	26	97890	买盘
11:08:28	37.64	-0.01	52	195728	卖盘
11:08:22	37.65	-0.01	90	338850	卖盘
11:08:18	37.66	--	12	45191	买盘
11:08:13	37.66	--	22	82851	买盘
11:08:07	37.66	--	44	165703	买盘
11:08:03	37.66	-0.01	4	15063	卖盘
11:07:58	37.67	--	59	222253	卖盘
11:07:48	37.67	-0.01	1	3767	卖盘
11:07:43	37.68	0.01	6	22608	买盘
11:07:37	37.67	--	15	56505	卖盘
11:07:33	37.67	-0.01	5	18835	卖盘
11:07:28	37.68	-0.01	13	48984	卖盘
11:07:22	37.69	0.02	9	33921	买盘
11:07:18	37.67	--	9	33903	卖盘
11:07:13	37.67	--	23	86641	卖盘
11:07:07	37.67	-0.01	35	131845	卖盘
11:07:03	37.68	-0.01	3	11304	卖盘
11:06:58	37.69	-0.01	7	26383	卖盘
11:06:43	37.7	-0.04	45	169650	卖盘
11:06:37	37.74	-0.01	26	98124	卖盘
11:06:33	37.75	--	15	56625	买盘
11:06:28	37.75	--	94	354887	卖盘
11:06:22	37.75	-0.01	3	11325	卖盘
11:06:18	37.76	--	5	18880	卖盘
11:06:13	37.76	0.01	3	11328	中性盘
11:06:07	37.75	-0.02	112	426537	卖盘
11:06:03	37.77	0.02	9	33993	中性盘
11:05:58	37.75	--	17	64175	卖盘
11:05:52	37.75	--	21	79275	卖盘
11:05:43	37.75	-0.02	16	60400	卖盘
11:05:37	37.77	0.02	175	660975	中性盘
11:05:33	37.75	--	8	30200	买盘
11:05:28	37.75	0.01	61	230275	卖盘
11:05:18	37.74	--	0	0	卖盘
11:05:13	37.74	-0.01	80	301920	卖盘
11:05:07	37.75	0.01	1	3775	买盘
11:05:03	37.74	0.1	74	279276	买盘
11:04:58	37.64	--	10	37640	卖盘
11:04:52	37.64	--	57	214548	卖盘
11:04:48	37.64	0.02	49	184436	卖盘
11:04:43	37.62	--	42	158004	卖盘
11:04:37	37.62	--	50	188100	卖盘
11:04:28	37.62	0.02	86	323532	买盘
11:04:22	37.6	--	99	372240	卖盘
11:04:18	37.6	--	18	67680	卖盘
11:04:13	37.6	-0.01	8	30080	卖盘
11:04:07	37.61	--	23	86503	买盘
11:04:01	37.61	0.01	33	124113	买盘
11:03:58	37.6	-0.02	622	2338720	卖盘
11:03:52	37.62	--	29	109097	买盘
11:03:47	37.62	--	14	52668	买盘
11:03:43	37.62	--	28	105336	买盘
11:03:37	37.62	-0.14	895	3366990	卖盘
11:03:31	37.76	0.01	4	15104	买盘
11:03:28	37.75	--	80	302000	卖盘
11:03:22	37.75	-0.01	50	188750	卖盘
11:03:16	37.76	--	24	90624	卖盘
11:03:12	37.76	-0.02	40	151040	卖盘
11:03:07	37.78	--	17	64226	卖盘
11:03:01	37.78	-0.02	2	7556	卖盘
11:02:57	37.8	--	4	15119	买盘
11:02:52	37.8	-0.03	222	841049	卖盘
11:02:46	37.83	-0.03	16	60528	卖盘
11:02:42	37.86	0.01	65	246090	买盘
11:02:37	37.85	-0.01	23	87055	卖盘
11:02:31	37.86	--	15	56790	卖盘
11:02:28	37.86	--	57	215802	买盘
11:02:22	37.86	--	16	60576	买盘
11:02:16	37.86	0.01	10	37860	买盘
11:02:12	37.85	--	7	26495	卖盘
11:02:07	37.85	-0.01	2	7570	卖盘
11:02:01	37.86	0.01	17	64362	买盘
11:01:57	37.85	-0.03	71	268735	卖盘
11:01:52	37.88	--	1	3788	买盘
11:01:46	37.88	0.01	15	56820	中性盘
11:01:42	37.87	-0.01	2	7573	卖盘
11:01:37	37.88	0.01	9	34092	中性盘
11:01:31	37.87	-0.02	18	68166	卖盘
11:01:27	37.89	-0.01	14	53046	卖盘
11:01:22	37.9	--	1	3790	买盘
11:01:07	37.9	-0.03	38	144020	卖盘
11:01:01	37.93	0.02	12	45516	买盘
11:00:57	37.91	--	14	53073	买盘
11:00:52	37.91	--	40	151640	买盘
11:00:46	37.91	--	2	7581	买盘
11:00:42	37.91	--	4	15163	买盘
11:00:37	37.91	--	6	22745	买盘
11:00:31	37.91	-0.01	15	56864	卖盘
11:00:27	37.92	-0.01	20	75840	卖盘
11:00:22	37.93	0.02	3	11379	中性盘
11:00:16	37.91	--	12	45491	买盘
11:00:12	37.91	--	15	56864	卖盘
11:00:01	37.91	0.01	11	41700	买盘
10:59:52	37.9	-0.01	1	3790	卖盘
10:59:46	37.91	-0.03	6	22745	卖盘
10:59:37	37.94	-0.01	15	56910	卖盘
10:59:31	37.95	--	38	144210	买盘
10:59:27	37.95	--	7	26565	买盘
10:59:22	37.95	--	2	7590	买盘
10:59:12	37.95	-0.05	56	212520	卖盘
10:59:07	38.0	--	0	0	买盘
10:59:01	38.0	0.03	1	3800	买盘
10:58:52	37.97	-0.03	118	448046	卖盘
10:58:46	38.0	--	34	129200	卖盘
10:58:37	38.0	--	3	11400	卖盘
10:58:27	38.0	--	48	182400	买盘
10:58:22	38.0	0.01	5	19000	买盘
10:58:16	37.99	-0.01	11	41789	卖盘
10:58:11	38.0	--	5	19000	买盘
10:58:07	38.0	0.01	1	3800	买盘
10:58:01	37.99	-0.01	62	235538	卖盘
10:57:52	38.0	0.01	4	15200	买盘
10:57:46	37.99	--	11	41789	卖盘
10:57:40	37.99	--	1	3799	买盘
10:57:37	37.99	--	7	26593	买盘
10:57:31	37.99	--	1	3799	买盘
10:57:25	37.99	0.01	3	11397	买盘
10:57:22	37.98	-0.01	2	7595	卖盘
10:57:10	37.99	--	0	0	买盘
10:57:07	37.99	0.03	35	132965	买盘
10:57:01	37.96	--	16	60736	买盘
10:56:55	37.96	--	20	75920	买盘
10:56:51	37.96	--	5	18980	买盘
10:56:40	37.96	--	64	242944	卖盘
10:56:37	37.96	0.02	23	87308	买盘
10:56:31	37.94	--	2	7588	卖盘
10:56:21	37.94	--	0	0	卖盘
10:56:16	37.94	-0.01	13	49322	卖盘
10:56:10	37.95	0.01	2	7590	买盘
10:56:07	37.94	--	0	0	卖盘
10:56:01	37.94	--	0	0	卖盘
10:55:55	37.94	--	8	30352	卖盘
10:55:46	37.94	0.01	13	49322	买盘
10:55:40	37.93	--	3	11379	买盘
10:55:36	37.93	--	17	64481	卖盘
10:55:31	37.93	--	6	22758	卖盘
10:55:25	37.93	--	9	34137	卖盘
10:55:21	37.93	--	1	3793	买盘
10:55:10	37.93	--	1	3793	买盘
10:55:01	37.93	--	70	265510	买盘
10:54:55	37.93	-0.01	5	18965	卖盘
10:54:46	37.94	0.03	17	64497	买盘
10:54:40	37.91	-0.02	1	3790	卖盘
10:54:31	37.93	-0.01	16	60688	买盘
10:54:25	37.94	--	24	91056	买盘
10:54:21	37.94	--	17	64497	买盘
10:54:16	37.94	--	4	15176	买盘
10:54:10	37.94	--	3	11382	买盘
10:54:06	37.94	0.05	15	56910	买盘
10:54:01	37.89	-0.02	19	71991	卖盘
10:53:55	37.91	0.01	6	22745	中性盘
10:53:51	37.9	--	2	7580	卖盘
10:53:46	37.9	--	60	227400	卖盘
10:53:40	37.9	--	10	37900	卖盘
10:53:25	37.9	0.01	3	11370	买盘
10:53:21	37.89	--	5	18945	卖盘
10:53:16	37.89	--	32	121248	买盘
10:53:10	37.89	--	3	11367	买盘
10:53:06	37.89	0.01	15	56835	买盘
10:53:01	37.88	-0.01	8	30304	卖盘
10:52:55	37.89	--	36	136404	买盘
10:52:51	37.89	--	17	64413	买盘
10:52:46	37.89	--	6	22734	买盘
10:52:40	37.89	--	9	34101	买盘
10:52:36	37.89	0.01	3	11367	买盘
10:52:31	37.88	--	2	7576	买盘
10:52:25	37.88	0.02	1	3788	买盘
10:52:21	37.86	--	20	75720	卖盘
10:52:16	37.86	--	6	22716	卖盘
10:52:10	37.86	0.06	18	68148	卖盘
10:52:06	37.8	-0.06	87	328860	卖盘
10:52:01	37.86	0.06	27	102222	买盘
10:51:55	37.8	-0.06	103	391229	卖盘
10:51:51	37.86	--	1	3786	买盘
10:51:46	37.86	-0.01	20	75720	卖盘
10:51:40	37.87	0.01	30	113609	买盘
10:51:31	37.86	--	13	49218	卖盘
10:51:25	37.86	--	79	299094	买盘
10:51:19	37.86	--	1	3786	买盘
10:51:16	37.86	-0.02	34	128724	卖盘
10:51:01	37.88	--	32	121216	买盘
10:50:55	37.88	--	100	378800	卖盘
10:50:49	37.88	-0.01	27	102276	卖盘
10:50:45	37.89	--	2	7578	买盘
10:50:40	37.89	-0.01	35	132615	卖盘
10:50:31	37.9	--	36	136440	买盘
10:50:25	37.9	0.01	5	18950	买盘
10:50:19	37.89	-0.07	159	602451	卖盘
10:50:16	37.96	--	0	0	买盘
10:50:10	37.96	0.01	29	110084	买盘
10:50:04	37.95	--	29	110055	卖盘
10:50:00	37.95	-0.01	2	7590	卖盘
10:49:55	37.96	--	5	18980	买盘
10:49:49	37.96	-0.03	107	406172	卖盘
10:49:46	37.99	--	0	0	买盘
10:49:40	37.99	--	13	49387	买盘
10:49:30	37.99	--	0	0	中性盘
10:49:19	37.99	0.04	7	26593	买盘
10:49:15	37.95	--	20	75900	卖盘
10:49:10	37.95	-0.04	33	125235	卖盘
10:49:04	37.99	0.03	12	45588	买盘
10:49:00	37.96	--	0	0	中性盘
10:48:55	37.96	--	4	15184	卖盘
10:48:49	37.96	-0.02	5	18980	卖盘
10:48:40	37.98	-0.01	16	60767	中性盘
10:48:34	37.99	0.03	8	30392	买盘
10:48:30	37.96	-0.04	5	18980	卖盘
10:48:25	38.0	--	0	0	买盘
10:48:19	38.0	--	2	7600	买盘
10:48:10	38.0	--	18	68400	买盘
10:48:04	38.0	0.01	50	190000	买盘
10:48:00	37.99	0.05	2	7598	卖盘
10:47:55	37.94	-0.05	3	11382	卖盘
10:47:49	37.99	0.04	10	37990	买盘
10:47:45	37.95	0.02	8	30360	买盘
10:47:40	37.93	0.01	4	15172	卖盘
10:47:34	37.92	-0.03	2	7584	卖盘
10:47:19	37.95	--	20	75900	卖盘
10:47:15	37.95	--	0	0	卖盘
10:47:10	37.95	-0.05	3	11385	卖盘
10:47:04	38.0	--	15	57000	买盘
10:46:55	38.0	--	0	0	买盘
10:46:49	38.0	0.05	20	76000	买盘
10:46:40	37.95	--	0	0	卖盘
10:46:34	37.95	-0.05	6	22770	卖盘
10:46:30	38.0	--	0	0	买盘
10:46:25	38.0	--	17	64600	买盘
10:46:19	38.0	--	4	15200	买盘
10:46:15	38.0	--	15	57000	买盘
10:46:10	38.0	--	20	76000	卖盘
10:46:04	38.0	--	12	45600	卖盘
10:46:00	38.0	--	12	45600	卖盘
10:45:55	38.0	--	3	11400	卖盘
10:45:49	38.0	--	139	528200	买盘
10:45:40	38.0	--	0	0	买盘
10:45:25	38.0	0.05	50	190000	买盘
10:45:19	37.95	0.03	1	3795	卖盘
10:45:15	37.92	--	0	0	卖盘
10:45:10	37.92	-0.03	10	37920	卖盘
10:45:04	37.95	--	10	37950	卖盘
10:44:59	37.95	-0.05	20	75900	卖盘
10:44:55	38.0	0.01	35	133000	买盘
10:44:49	37.99	0.01	63	239337	买盘
10:44:43	37.98	--	5	18990	买盘
10:44:39	37.98	-0.01	10	37980	卖盘
10:44:34	37.99	--	13	49387	买盘
10:44:28	37.99	--	2	7598	买盘
10:44:24	37.99	--	3	11397	买盘
10:44:19	37.99	-0.01	38	144362	卖盘
10:44:13	38.0	0.01	6	22800	买盘
10:44:09	37.99	-0.01	66	250734	卖盘
10:44:04	38.0	--	21	79800	买盘
10:43:58	38.0	--	12	45600	买盘
10:43:54	38.0	--	18	68400	买盘
10:43:49	38.0	--	1	3800	买盘
10:43:43	38.0	--	10	38000	买盘
10:43:39	38.0	-0.01	3	11400	买盘
10:43:34	38.01	0.01	6	22806	买盘
10:43:28	38.0	--	17	64600	买盘
10:43:24	38.0	-0.05	2	7600	卖盘
10:43:19	38.05	0.05	46	175030	买盘
10:43:13	38.0	--	17	64600	卖盘
10:43:04	38.0	-0.01	39	148200	卖盘
10:42:58	38.01	0.01	5	19005	买盘
10:42:49	38.0	-0.01	6	22800	卖盘
10:42:43	38.01	-0.03	8	30408	卖盘
10:42:34	38.04	-0.02	8	30432	卖盘
10:42:28	38.06	-0.04	18	68508	卖盘
10:42:19	38.1	--	4	15240	卖盘
10:42:13	38.1	-0.02	18	68580	卖盘
10:42:09	38.12	0.01	48	182976	买盘
10:42:04	38.11	--	1	6707	卖盘
10:41:58	38.11	--	39	148629	卖盘
10:41:54	38.11	-0.01	33	125763	卖盘
10:41:49	38.12	-0.01	12	45744	卖盘
10:41:43	38.13	--	2	7626	卖盘
10:41:39	38.13	0.02	1	3813	中性盘
10:41:34	38.11	-0.02	8	30488	卖盘
10:41:28	38.13	0.02	15	57195	买盘
10:41:24	38.11	--	25	95275	卖盘
10:41:19	38.11	-0.02	4	15244	卖盘
10:41:13	38.13	--	20	76260	买盘
10:41:09	38.13	--	5	19065	买盘
10:41:04	38.13	0.02	9	34317	买盘
10:40:58	38.11	--	5	19055	卖盘
10:40:54	38.11	-0.02	6	22866	卖盘
10:40:49	38.13	0.02	18	69549	买盘
10:40:43	38.11	--	83	316313	买盘
10:40:39	38.11	--	13	49543	买盘
10:40:34	38.11	-0.01	171	651681	卖盘
10:40:28	38.12	0.01	9	34308	买盘
10:40:24	38.11	--	4	15244	买盘
10:40:19	38.11	--	32	121952	买盘
10:40:13	38.11	--	12	45732	买盘
10:40:04	38.11	0.01	50	190550	买盘
10:39:58	38.1	0.01	53	201930	买盘
10:39:43	38.09	0.07	181	689429	买盘
10:39:39	38.02	-0.03	5	19010	卖盘
10:39:34	38.05	0.01	58	220689	买盘
10:39:28	38.04	0.02	20	76080	买盘
10:39:24	38.02	--	10	38020	卖盘
10:39:19	38.02	-0.01	13	49426	卖盘
10:39:13	38.03	0.02	10	38030	买盘
10:39:09	38.01	-0.01	1	3801	中性盘
10:39:04	38.02	0.02	7	26614	买盘
10:38:58	38.0	-0.02	100	380000	卖盘
10:38:54	38.02	0.02	41	155882	买盘
10:38:48	38.0	0.02	83	315400	买盘
10:38:43	37.98	--	5	18990	卖盘
10:38:33	37.98	--	20	75960	买盘
10:38:28	37.98	0.01	40	151920	买盘
10:38:22	37.97	--	5	18985	买盘
10:38:18	37.97	0.01	12	45564	买盘
10:38:13	37.96	0.04	71	269516	买盘
10:38:07	37.92	0.02	11	41712	买盘
10:38:03	37.9	--	4	15160	卖盘
10:37:58	37.9	--	60	227400	买盘
10:37:52	37.9	--	51	193290	买盘
10:37:48	37.9	0.02	3	11370	买盘
10:37:43	37.88	--	7	26516	卖盘
10:37:37	37.88	--	55	208340	买盘
10:37:33	37.88	--	35	132580	买盘
10:37:28	37.88	-0.02	39	147732	卖盘
10:37:22	37.9	--	22	83380	卖盘
10:37:19	37.9	--	6	22740	中性盘
10:37:13	37.9	0.02	2	7580	卖盘
10:37:03	37.88	0.03	26	98488	买盘
10:36:58	37.85	--	5	18925	卖盘
10:36:52	37.85	--	44	166540	买盘
10:36:48	37.85	0.01	36	136260	买盘
10:36:43	37.84	0.01	17	64328	中性盘
10:36:37	37.83	--	46	174018	卖盘
10:36:33	37.83	--	3	11349	卖盘
10:36:28	37.83	--	16	63630	买盘
10:36:22	37.83	--	14	52962	买盘
10:36:18	37.83	-0.05	18	68774	买盘
10:36:13	37.88	--	0	0	买盘
10:36:07	37.88	-0.07	35	135686	卖盘
10:36:03	37.95	0.07	80	303600	买盘
10:35:52	37.88	-0.1	4	15152	卖盘
10:35:48	37.98	--	0	0	买盘
10:35:43	37.98	0.08	100	379799	买盘
10:35:37	37.9	-0.06	12	45480	卖盘
10:35:28	37.96	-0.02	8	30368	卖盘
10:35:22	37.98	--	0	0	买盘
10:35:13	37.98	0.08	6	22787	买盘
10:35:03	37.9	-0.08	9	34110	卖盘
10:34:58	37.98	--	6	22787	卖盘
10:34:52	37.98	--	27	102545	卖盘
10:34:48	37.98	--	6	22787	卖盘
10:34:37	37.98	--	2	7595	卖盘
10:34:33	37.98	0.08	6	22787	买盘
10:34:28	37.9	--	20	75800	卖盘
10:34:22	37.9	--	33	125070	卖盘
10:34:18	37.9	--	4	15160	卖盘
10:34:13	37.9	0.09	84	318360	买盘
10:34:07	37.81	-0.01	1	3781	卖盘
10:34:03	37.82	0.05	10	37820	买盘
10:33:58	37.77	-0.01	16	60432	买盘
10:33:52	37.78	0.01	112	423136	中性盘
10:33:48	37.77	--	10	37770	卖盘
10:33:43	37.77	--	39	147303	卖盘
10:33:37	37.77	--	25	94425	卖盘
10:33:33	37.77	0.01	25	94425	买盘
10:33:28	37.76	0.01	53	200128	卖盘
10:33:22	37.75	-0.02	90	339750	卖盘
10:33:18	37.77	--	3	11331	卖盘
10:33:13	37.77	0.01	32	120864	买盘
10:33:07	37.76	0.01	11	41536	中性盘
10:33:03	37.75	-0.02	14	52850	卖盘
10:32:58	37.77	0.02	33	124641	买盘
10:32:52	37.75	-0.01	55	207625	卖盘
10:32:48	37.76	-0.01	5	18880	卖盘
10:32:43	37.77	--	6	22662	买盘
10:32:37	37.77	-0.01	188	710076	卖盘
10:32:33	37.78	-0.01	36	136008	买盘
10:32:28	37.79	0.01	23	86917	买盘
10:32:22	37.78	-0.01	7	26446	卖盘
10:32:18	37.79	0.01	43	162497	买盘
10:32:12	37.78	-0.01	11	41558	卖盘
10:32:07	37.79	-0.01	10	37790	卖盘
10:31:57	37.8	-0.02	155	585900	卖盘
10:31:52	37.82	--	21	79422	买盘
10:31:46	37.82	--	3	11346	买盘
10:31:42	37.82	-0.01	10	37820	卖盘
10:31:37	37.83	0.01	4	15132	买盘
10:31:31	37.82	--	8	30256	卖盘
10:31:27	37.82	-0.01	20	75640	卖盘
10:31:22	37.83	-0.02	5	18915	卖盘
10:31:16	37.85	--	1	3785	买盘
10:31:12	37.85	--	1	3785	中性盘
10:31:07	37.85	-0.03	2	7570	卖盘
10:31:01	37.88	--	0	0	买盘
10:30:57	37.88	--	6	22728	卖盘
10:30:52	37.88	-0.02	54	204552	卖盘
10:30:46	37.9	--	1	3790	买盘
10:30:42	37.9	--	8	30320	卖盘
10:30:37	37.9	-0.01	15	56850	卖盘
10:30:22	37.91	--	21	79611	卖盘
10:30:16	37.91	-0.01	106	401845	卖盘
10:30:07	37.92	--	5	18960	买盘
10:30:01	37.92	-0.01	33	125136	卖盘
10:29:52	37.93	-0.02	1	3793	买盘
10:29:46	37.95	--	29	110055	卖盘
10:29:42	37.95	-0.01	14	53130	卖盘
10:29:37	37.96	-0.02	5	18980	中性盘
10:29:31	37.98	0.02	35	132930	买盘
10:29:27	37.96	--	12	45552	卖盘
10:29:22	37.96	-0.02	13	49348	卖盘
10:29:16	37.98	--	10	37980	买盘
10:29:12	37.98	0.02	6	22787	买盘
10:29:07	37.96	-0.02	3	11388	卖盘
10:29:01	37.98	0.07	24	91151	买盘
10:28:57	37.91	--	4	15163	买盘
10:28:52	37.91	-0.01	18	68238	卖盘
10:28:46	37.92	0.01	5	18960	买盘
10:28:42	37.91	-0.01	10	37910	中性盘
10:28:37	37.92	0.04	23	87216	买盘
10:28:31	37.88	--	0	0	卖盘
10:28:27	37.88	-0.01	23	87124	卖盘
10:28:22	37.89	0.04	5	18945	买盘
10:28:16	37.85	-0.03	10	37850	卖盘
10:28:12	37.88	0.06	3	11364	买盘
10:28:07	37.82	--	26	98332	卖盘
10:28:01	37.82	--	11	41602	卖盘
10:27:57	37.82	--	10	37820	卖盘
10:27:52	37.82	0.01	2	7564	中性盘
10:27:46	37.81	--	21	79401	卖盘
10:27:42	37.81	--	4	15124	卖盘
10:27:37	37.81	0.02	22	83182	买盘
10:27:31	37.79	-0.01	25	94475	卖盘
10:27:22	37.8	0.02	21	79380	买盘
10:27:16	37.78	--	40	151120	卖盘
10:27:12	37.78	--	2	7556	卖盘
10:27:06	37.78	--	38	143564	买盘
10:27:01	37.78	0.02	8	30224	买盘
10:26:57	37.76	-0.02	55	207680	卖盘
10:26:51	37.78	--	21	79338	买盘
10:26:46	37.78	0.03	17	64226	中性盘
10:26:42	37.75	-0.06	2	7550	卖盘
10:26:37	37.81	0.01	53	200393	买盘
10:26:31	37.8	-0.01	52	196559	卖盘
10:26:27	37.81	--	4	15124	卖盘
10:26:21	37.81	--	41	155021	卖盘
10:26:16	37.81	-0.08	15	56715	卖盘
10:26:12	37.89	--	19	71991	买盘
10:26:06	37.89	-0.06	58	219762	中性盘
10:26:01	37.95	0.05	104	394680	买盘
10:25:55	37.9	0.01	18	68220	买盘
10:25:51	37.89	-0.01	12	45468	卖盘
10:25:40	37.9	-0.05	96	363840	卖盘
10:25:36	37.95	-0.01	10	37950	卖盘
10:25:31	37.96	-0.01	10	37960	卖盘
10:25:21	37.97	-0.02	84	318948	卖盘
10:25:16	37.99	0.01	46	174754	买盘
10:25:10	37.98	-0.01	3	11393	卖盘
10:25:06	37.99	--	50	189950	卖盘
10:25:01	37.99	-0.01	149	566051	卖盘
10:24:55	38.0	--	79	300200	买盘
10:24:46	38.0	-0.01	38	144400	卖盘
10:24:40	38.01	--	1	3801	买盘
10:24:36	38.01	-0.01	3	11403	买盘
10:24:31	38.02	--	17	64634	卖盘
10:24:25	38.02	--	2	7604	买盘
10:24:16	38.02	--	85	323170	买盘
10:24:10	38.02	--	10	38020	买盘
10:24:01	38.02	0.02	34	129268	买盘
10:23:55	38.0	-0.02	210	798000	卖盘
10:23:51	38.02	--	5	19010	卖盘
10:23:46	38.02	--	11	41822	卖盘
10:23:40	38.02	--	23	87446	卖盘
10:23:36	38.02	0.01	5	19010	卖盘
10:23:31	38.01	-0.01	11	41811	卖盘
10:23:25	38.02	0.01	14	53228	买盘
10:23:21	38.01	--	11	41811	卖盘
10:23:16	38.01	--	9	34209	卖盘
10:23:10	38.01	--	16	60816	卖盘
10:23:01	38.01	0.01	75	285075	买盘
10:22:55	38.0	-0.01	16	60800	卖盘
10:22:51	38.01	--	10	38010	买盘
10:22:46	38.01	--	14	53214	买盘
10:22:40	38.01	-0.01	5	19005	卖盘
10:22:36	38.02	0.01	5	19010	买盘
10:22:31	38.01	-0.01	29	110229	卖盘
10:22:25	38.02	0.01	30	114060	买盘
10:22:21	38.01	--	0	0	卖盘
10:22:16	38.01	-0.01	19	72219	卖盘
10:22:10	38.02	--	76	288952	买盘
10:22:01	38.02	--	7	26614	买盘
10:21:55	38.02	-0.01	54	205308	卖盘
10:21:51	38.03	0.01	18	68454	买盘
10:21:46	38.02	-0.01	25	95050	卖盘
10:21:40	38.03	--	6	22818	买盘
10:21:36	38.03	--	2	7606	买盘
10:21:31	38.03	--	8	30424	卖盘
10:21:25	38.03	--	17	64651	卖盘
10:21:21	38.03	-0.02	25	95075	卖盘
10:21:16	38.05	--	2	7609	买盘
10:21:10	38.05	0.02	23	87515	中性盘
10:21:06	38.03	-0.02	22	83666	卖盘
10:21:00	38.05	0.03	28	106539	买盘
10:20:55	38.02	-0.05	34	129268	卖盘
10:20:51	38.07	0.02	2	7614	买盘
10:20:45	38.05	-0.02	1	3804	卖盘
10:20:36	38.07	--	10	38070	卖盘
10:20:30	38.07	-0.01	29	110403	卖盘
10:20:25	38.08	0.01	46	175168	买盘
10:20:15	38.07	--	0	0	卖盘
10:20:10	38.07	-0.03	227	864189	卖盘
10:20:00	38.1	--	69	262890	买盘
10:19:55	38.1	0.02	9	34290	买盘
10:19:51	38.08	-0.02	1	3808	卖盘
10:19:45	38.1	--	40	152400	卖盘
10:19:40	38.1	0.02	4	15240	买盘
10:19:30	38.08	--	31	118048	卖盘
10:19:25	38.08	-0.02	31	118048	中性盘
10:19:19	38.1	0.02	225	857250	买盘
10:19:15	38.08	0.01	57	217056	买盘
10:19:10	38.07	--	67	255069	买盘
10:19:04	38.07	0.02	10	38070	买盘
10:19:00	38.05	--	26	98929	卖盘
10:18:55	38.05	--	69	266159	卖盘
10:18:49	38.05	0.04	82	312010	买盘
10:18:45	38.01	-0.02	33	125433	卖盘
10:18:40	38.03	0.02	23	87469	买盘
10:18:34	38.01	--	12	45612	卖盘
10:18:30	38.01	--	23	87423	卖盘
10:18:25	38.01	--	13	49413	卖盘
10:18:19	38.01	--	40	152040	卖盘
10:18:15	38.01	0.01	34	129234	买盘
10:18:10	38.0	--	15	57000	卖盘
10:18:04	38.0	-0.01	45	171000	卖盘
10:17:55	38.01	-0.02	34	129234	卖盘
10:17:49	38.03	-0.02	18	68454	卖盘
10:17:40	38.05	-0.01	66	251129	卖盘
10:17:34	38.06	-0.01	59	227446	卖盘
10:17:30	38.07	-0.01	5	19035	卖盘
10:17:25	38.08	--	63	239904	卖盘
10:17:19	38.08	--	30	114240	卖盘
10:17:15	38.08	--	14	53312	卖盘
10:17:10	38.08	--	15	57120	卖盘
10:17:04	38.08	0.01	34	129472	中性盘
10:17:00	38.07	-0.03	5	19035	卖盘
10:16:55	38.1	--	24	91440	中性盘
10:16:49	38.1	--	25	95250	卖盘
10:16:45	38.1	--	30	114300	卖盘
10:16:40	38.1	-0.02	17	64770	卖盘
10:16:34	38.12	-0.02	19	72428	卖盘
10:16:30	38.14	-0.01	32	122048	中性盘
10:16:25	38.15	0.01	143	545545	买盘
10:16:19	38.14	--	38	144932	买盘
10:16:15	38.14	-0.01	25	95350	中性盘
10:16:10	38.15	-0.01	32	122080	买盘
10:16:04	38.16	0.01	48	183167	买盘
10:16:00	38.15	--	30	114450	卖盘
10:15:55	38.15	--	10	38150	卖盘
10:15:49	38.15	-0.02	36	137340	卖盘
10:15:45	38.17	0.02	31	118327	买盘
10:15:40	38.15	0.01	135	515025	中性盘
10:15:34	38.14	-0.03	68	259352	卖盘
10:15:30	38.17	-0.01	2	7634	买盘
10:15:25	38.18	--	21	80178	买盘
10:15:19	38.18	-0.01	45	171810	卖盘
10:15:15	38.19	0.01	8	30552	买盘
10:15:10	38.18	--	56	213808	卖盘
10:15:04	38.18	--	70	267260	卖盘
10:15:00	38.18	--	80	305440	卖盘
10:14:55	38.18	0.04	47	179446	买盘
10:14:49	38.14	-0.02	81	308934	卖盘
10:14:45	38.16	--	3	11447	卖盘
10:14:40	38.16	--	27	103031	卖盘
10:14:34	38.16	--	63	240407	卖盘
10:14:30	38.16	--	13	49607	卖盘
10:14:24	38.16	0.01	6	22895	买盘
10:14:19	38.15	0.01	5	19075	买盘
10:14:15	38.14	--	29	110606	卖盘
10:14:09	38.14	-0.01	119	453866	卖盘
10:14:04	38.15	0.01	16	61040	买盘
10:13:54	38.14	--	26	99164	卖盘
10:13:49	38.14	--	37	141118	买盘
10:13:45	38.14	0.01	42	160188	买盘
10:13:39	38.13	--	10	38130	买盘
10:13:34	38.13	0.01	44	167772	买盘
10:13:30	38.12	--	28	106736	卖盘
10:13:24	38.12	--	42	160104	买盘
10:13:19	38.12	0.01	17	64803	买盘
10:13:13	38.11	-0.01	48	182928	卖盘
10:13:09	38.12	--	67	255403	买盘
10:13:04	38.12	0.01	17	64803	买盘
10:12:58	38.11	-0.01	23	87653	卖盘
10:12:54	38.12	0.02	26	99112	买盘
10:12:49	38.1	-0.01	34	129540	卖盘
10:12:43	38.11	0.04	21	80031	买盘
10:12:39	38.07	-0.03	44	167508	卖盘
10:12:34	38.1	--	68	259994	卖盘
10:12:28	38.1	0.03	3	11430	买盘
10:12:24	38.07	-0.03	51	194157	卖盘
10:12:19	38.1	0.04	120	457200	买盘
10:12:13	38.06	-0.02	6	22836	卖盘
10:12:09	38.08	-0.02	77	293216	卖盘
10:12:04	38.1	--	25	95250	卖盘
10:11:58	38.1	--	3	11430	卖盘
10:11:54	38.1	--	80	304800	卖盘
10:11:49	38.1	0.02	34	129540	买盘
10:11:43	38.08	0.03	2	7616	买盘
10:11:39	38.05	-0.13	73	277765	卖盘
10:11:34	38.18	0.09	37	141266	买盘
10:11:28	38.09	-0.01	43	163787	中性盘
10:11:24	38.1	--	5	19050	买盘
10:11:19	38.1	-0.15	155	590550	卖盘
10:11:13	38.25	0.04	142	543150	买盘
10:11:09	38.21	0.01	34	129914	买盘
10:11:04	38.2	-0.02	74	282680	买盘
10:10:58	38.22	0.02	85	324870	中性盘
10:10:54	38.2	--	219	836580	买盘
10:10:49	38.2	--	51	194820	卖盘
10:10:43	38.2	-0.05	227	867140	卖盘
10:10:39	38.25	--	26	99450	买盘
10:10:34	38.25	-0.01	125	478125	卖盘
10:10:28	38.26	0.01	284	1086584	买盘
10:10:24	38.25	-0.01	58	221850	卖盘
10:10:19	38.26	-0.01	159	608334	中性盘
10:10:13	38.27	0.02	33	126291	买盘
10:10:09	38.25	--	43	164475	卖盘
10:10:04	38.25	0.06	84	321300	买盘
10:09:58	38.19	0.04	71	271149	买盘
10:09:54	38.15	-0.06	21	80115	卖盘
10:09:49	38.21	0.06	173	661033	买盘
10:09:43	38.15	--	29	110635	卖盘
10:09:39	38.15	0.06	146	556990	买盘
10:09:34	38.09	0.01	62	236158	卖盘
10:09:28	38.08	-0.02	28	106624	卖盘
10:09:24	38.1	0.03	14	53340	买盘
10:09:19	38.07	0.01	30	114210	中性盘
10:09:13	38.06	--	52	197912	卖盘
10:09:09	38.06	--	68	258808	买盘
10:09:04	38.06	0.01	9	34254	买盘
10:08:58	38.05	--	30	114149	买盘
10:08:54	38.05	--	17	64684	买盘
10:08:49	38.05	0.02	25	95125	买盘
10:08:43	38.03	0.03	28	106484	买盘
10:08:39	38.0	--	501	1903800	买盘
10:08:34	38.0	--	138	524400	买盘
10:08:28	38.0	--	44	167200	买盘
10:08:24	38.0	--	13	49400	买盘
10:08:19	38.0	0.01	48	182400	买盘
10:08:09	37.99	0.01	6	22794	买盘
10:08:04	37.98	0.03	80	303840	买盘
10:07:58	37.95	--	55	208725	卖盘
10:07:48	37.95	0.02	403	1529385	买盘
10:07:43	37.93	--	33	125169	买盘
10:07:39	37.93	--	10	37930	买盘
10:07:33	37.93	-0.01	12	45516	中性盘
10:07:28	37.94	0.04	22	83468	买盘
10:07:24	37.9	-0.03	17	64430	卖盘
10:07:18	37.93	0.03	31	117583	买盘
10:07:13	37.9	--	19	72010	买盘
10:07:09	37.9	--	21	79590	买盘
10:07:03	37.9	--	27	102330	买盘
10:06:58	37.9	--	8	30320	买盘
10:06:52	37.9	0.01	6	22740	买盘
10:06:48	37.89	--	21	79569	买盘
10:06:43	37.89	--	14	53046	买盘
10:06:37	37.89	0.01	17	64413	买盘
10:06:33	37.88	0.05	90	340920	买盘
10:06:28	37.83	0.01	12	45396	买盘
10:06:22	37.82	-0.01	8	30256	卖盘
10:06:18	37.83	0.01	10	37830	中性盘
10:06:13	37.82	0.02	29	109678	买盘
10:06:07	37.8	-0.03	228	861839	卖盘
10:06:03	37.83	0.01	13	49179	买盘
10:05:58	37.82	--	18	68076	买盘
10:05:52	37.82	0.01	3	11346	买盘
10:05:48	37.81	--	3	11343	买盘
10:05:43	37.81	0.01	1	3781	买盘
10:05:37	37.8	--	6	22680	卖盘
10:05:33	37.8	--	5	18900	卖盘
10:05:28	37.8	0.07	1	3779	买盘
10:05:22	37.73	-0.07	116	437667	卖盘
10:05:18	37.8	0.01	25	94500	买盘
10:05:13	37.79	-0.01	15	56685	中性盘
10:05:07	37.8	0.1	52	196559	买盘
10:05:03	37.7	-0.1	33	124410	卖盘
10:04:58	37.8	0.02	40	151200	买盘
10:04:52	37.78	--	163	615814	卖盘
10:04:43	37.78	0.02	41	154898	买盘
10:04:37	37.76	--	93	351168	买盘
10:04:28	37.76	0.01	10	37760	中性盘
10:04:22	37.75	0.05	206	777650	买盘
10:04:18	37.7	-0.01	20	75400	中性盘
10:04:13	37.71	0.01	63	237573	买盘
10:04:07	37.7	--	16	60320	卖盘
10:04:03	37.7	--	5	18850	卖盘
10:03:58	37.7	-0.01	51	192270	卖盘
10:03:52	37.71	--	62	233802	卖盘
10:03:48	37.71	-0.02	12	45252	卖盘
10:03:43	37.73	0.02	20	75460	买盘
10:03:37	37.71	--	38	143298	卖盘
10:03:33	37.71	-0.02	33	124443	卖盘
10:03:28	37.73	-0.01	6	22637	中性盘
10:03:22	37.74	0.02	74	279276	买盘
10:03:18	37.72	-0.02	9	33948	卖盘
10:03:13	37.74	0.01	6	22644	买盘
10:03:07	37.73	-0.02	35	132055	卖盘
10:03:03	37.75	0.01	68	256700	买盘
10:02:58	37.74	--	28	105672	卖盘
10:02:52	37.74	-0.01	14	52836	中性盘
10:02:48	37.75	0.01	14	52850	买盘
10:02:43	37.74	--	12	45288	买盘
10:02:37	37.74	-0.02	26	98124	卖盘
10:02:33	37.76	-0.02	47	177472	中性盘
10:02:28	37.78	0.02	13	49114	买盘
10:02:22	37.76	-0.03	18	67968	卖盘
10:02:18	37.79	--	7	26453	买盘
10:02:13	37.79	0.03	61	230519	买盘
10:02:07	37.76	-0.04	62	234112	卖盘
10:01:58	37.8	--	10	37800	买盘
10:01:52	37.8	--	24	90720	买盘
10:01:48	37.8	--	50	189000	买盘
10:01:43	37.8	--	4	15119	买盘
10:01:37	37.8	--	43	162540	买盘
10:01:33	37.8	--	6	22680	买盘
10:01:28	37.8	--	22	83160	买盘
10:01:22	37.8	--	15	56699	买盘
10:01:18	37.8	--	40	151200	买盘
10:01:12	37.8	-0.01	76	287280	卖盘
10:01:07	37.81	0.01	16	60496	买盘
10:01:03	37.8	0.04	46	173880	买盘
10:00:57	37.76	-0.04	94	354944	卖盘
10:00:52	37.8	--	23	86940	卖盘
10:00:48	37.8	0.03	6	22680	卖盘
10:00:42	37.77	-0.02	138	521226	卖盘
10:00:37	37.79	0.02	91	343889	买盘
10:00:32	37.77	-0.01	8	30216	中性盘
10:00:27	37.78	--	20	75560	买盘
10:00:22	37.78	0.01	37	139786	买盘
10:00:16	37.77	0.01	2	7554	中性盘
10:00:12	37.76	0.01	31	117056	中性盘
10:00:07	37.75	--	116	437900	买盘
10:00:01	37.75	--	28	105700	买盘
09:59:57	37.75	--	19	71725	买盘
09:59:52	37.75	0.01	20	75500	买盘
09:59:46	37.74	0.03	20	75480	买盘
09:59:42	37.71	--	5	18855	卖盘
09:59:37	37.71	0.02	37	139527	买盘
09:59:31	37.69	-0.01	50	188450	卖盘
09:59:27	37.7	0.02	16	60320	买盘
09:59:22	37.68	--	42	158256	卖盘
09:59:16	37.68	--	91	342888	卖盘
09:59:12	37.68	0.02	241	908088	买盘
09:59:07	37.66	--	20	75320	卖盘
09:59:01	37.66	--	10	37660	卖盘
09:58:57	37.66	--	72	271152	买盘
09:58:52	37.66	--	70	263620	买盘
09:58:46	37.66	-0.01	39	146874	卖盘
09:58:42	37.67	-0.01	65	244855	卖盘
09:58:37	37.68	--	58	218544	买盘
09:58:31	37.68	--	19	71592	买盘
09:58:27	37.68	--	9	33912	买盘
09:58:22	37.68	0.02	61	229848	买盘
09:58:16	37.66	-0.05	54	203363	卖盘
09:58:12	37.71	0.01	122	460062	买盘
09:58:07	37.7	0.01	34	128180	买盘
09:58:01	37.69	0.01	10	37690	买盘
09:57:52	37.68	0.05	54	203472	买盘
09:57:46	37.63	-0.01	58	218254	卖盘
09:57:42	37.64	0.04	5	18820	买盘
09:57:37	37.6	--	40	150400	卖盘
09:57:31	37.6	-0.01	2	7520	卖盘
09:57:27	37.61	0.03	21	78981	买盘
09:57:22	37.58	--	72	270576	卖盘
09:57:16	37.58	--	79	296882	买盘
09:57:12	37.58	0.01	22	82676	买盘
09:57:07	37.57	-0.01	80	300560	卖盘
09:57:01	37.58	0.02	73	274334	买盘
09:56:57	37.56	--	11	41316	卖盘
09:56:52	37.56	0.03	30	112680	中性盘
09:56:46	37.53	-0.03	116	437787	卖盘
09:56:42	37.56	0.03	67	251652	买盘
09:56:37	37.53	--	265	994545	卖盘
09:56:31	37.53	0.01	242	908226	买盘
09:56:27	37.52	--	177	664104	卖盘
09:56:22	37.52	--	121	453992	卖盘
09:56:16	37.52	-0.01	143	536536	卖盘
09:56:12	37.53	0.01	30	112590	买盘
09:56:07	37.52	-0.01	35	131320	卖盘
09:56:01	37.53	-0.02	314	1178442	卖盘
09:55:57	37.55	--	22	82610	买盘
09:55:52	37.55	0.01	32	120159	买盘
09:55:46	37.54	-0.02	553	2077275	卖盘
09:55:42	37.56	--	55	206580	买盘
09:55:37	37.56	-0.01	80	300480	买盘
09:55:31	37.57	-0.01	99	371943	中性盘
09:55:27	37.58	--	42	157836	买盘
09:55:22	37.58	--	45	171552	卖盘
09:55:16	37.58	--	36	135288	卖盘
09:55:12	37.58	--	4	15032	卖盘
09:55:07	37.58	-0.02	277	1040966	卖盘
09:55:01	37.6	-0.01	132	496320	卖盘
09:54:52	37.61	--	68	255748	卖盘
09:54:46	37.61	--	94	353534	卖盘
09:54:42	37.61	-0.02	8	30088	卖盘
09:54:36	37.63	0.01	122	459086	买盘
09:54:31	37.62	-0.02	122	458963	卖盘
09:54:27	37.64	-0.01	26	97864	卖盘
09:54:21	37.65	-0.01	43	161895	卖盘
09:54:16	37.66	0.01	34	128043	买盘
09:54:12	37.65	-0.01	4	15060	卖盘
09:54:06	37.66	-0.02	118	444425	卖盘
09:54:01	37.68	--	17	64056	买盘
09:53:55	37.68	--	1	3768	买盘
09:53:51	37.68	-0.01	26	97968	卖盘
09:53:46	37.69	--	12	45228	买盘
09:53:42	37.69	0.01	14	52766	买盘
09:53:37	37.68	-0.01	41	154488	卖盘
09:53:31	37.69	-0.01	37	139453	卖盘
09:53:21	37.7	--	21	79170	买盘
09:53:16	37.7	-0.01	86	324220	卖盘
09:53:11	37.71	--	19	71649	买盘
09:53:06	37.71	--	35	131985	买盘
09:53:01	37.71	--	34	128214	卖盘
09:52:55	37.71	-0.01	16	60336	卖盘
09:52:51	37.72	--	69	260268	卖盘
09:52:46	37.72	0.01	26	98072	中性盘
09:52:40	37.71	-0.01	25	94275	卖盘
09:52:36	37.72	--	44	165968	买盘
09:52:31	37.72	--	43	162196	卖盘
09:52:25	37.72	--	6	22632	卖盘
09:52:21	37.72	-0.03	120	452640	买盘
09:52:16	37.75	0.04	70	264250	买盘
09:52:10	37.71	-0.01	37	139527	卖盘
09:52:06	37.72	--	40	150880	买盘
09:52:01	37.72	-0.01	19	71668	卖盘
09:51:55	37.73	0.03	11	41503	卖盘
09:51:51	37.7	--	40	150800	卖盘
09:51:46	37.7	0.01	67	252590	买盘
09:51:40	37.69	--	50	188450	卖盘
09:51:36	37.69	--	0	0	卖盘
09:51:31	37.69	0.02	75	282675	买盘
09:51:25	37.67	--	10	37670	买盘
09:51:21	37.67	--	120	452040	卖盘
09:51:16	37.67	-0.03	11	41437	卖盘
09:51:10	37.7	0.03	77	290290	买盘
09:51:06	37.67	0.03	9	37632	买盘
09:51:01	37.64	-0.02	182	685048	卖盘
09:50:55	37.66	0.01	17	64021	买盘
09:50:51	37.65	--	8	30120	卖盘
09:50:46	37.65	--	52	195780	卖盘
09:50:40	37.65	0.01	29	109185	卖盘
09:50:36	37.64	0.02	36	135504	卖盘
09:50:31	37.62	--	145	545490	卖盘
09:50:25	37.62	--	101	379962	卖盘
09:50:21	37.62	-0.01	29	109097	卖盘
09:50:16	37.63	0.02	218	820334	买盘
09:50:10	37.61	-0.01	180	676980	卖盘
09:50:06	37.62	--	24	90288	卖盘
09:50:01	37.62	--	151	568062	卖盘
09:49:55	37.62	--	145	545490	卖盘
09:49:51	37.62	--	126	474011	卖盘
09:49:46	37.62	--	139	522917	买盘
09:49:40	37.62	0.01	11	41382	买盘
09:49:36	37.61	-0.01	19	71459	卖盘
09:49:31	37.62	-0.03	82	308484	卖盘
09:49:25	37.65	-0.01	238	896070	卖盘
09:49:21	37.66	-0.01	105	395429	卖盘
09:49:16	37.67	--	65	244855	买盘
09:49:10	37.67	--	46	173282	卖盘
09:49:06	37.67	-0.01	17	64039	卖盘
09:49:01	37.68	--	22	82896	中性盘
09:48:55	37.68	-0.02	94	354192	卖盘
09:48:51	37.7	0.01	90	339300	买盘
09:48:46	37.69	--	63	237447	买盘
09:48:40	37.69	-0.01	73	275137	中性盘
09:48:36	37.7	--	124	467480	买盘
09:48:31	37.7	-0.02	48	180960	卖盘
09:48:25	37.72	0.02	79	297988	买盘
09:48:21	37.7	--	22	82940	卖盘
09:48:16	37.7	-0.01	48	180960	卖盘
09:48:10	37.71	--	30	113130	卖盘
09:48:06	37.71	0.01	2	7542	中性盘
09:48:01	37.7	-0.03	42	158340	卖盘
09:47:55	37.73	0.01	88	332024	中性盘
09:47:51	37.72	-0.01	48	181056	卖盘
09:47:45	37.73	0.03	125	471624	买盘
09:47:40	37.7	0.03	34	128180	中性盘
09:47:36	37.67	-0.03	79	297593	卖盘
09:47:30	37.7	--	190	716300	买盘
09:47:25	37.7	--	231	870870	买盘
09:47:21	37.7	--	35	131950	买盘
09:47:15	37.7	-0.01	109	410930	卖盘
09:47:10	37.71	0.01	145	546795	买盘
09:47:04	37.7	--	31	116870	卖盘
09:47:00	37.7	-0.02	69	260130	卖盘
09:46:55	37.72	--	22	82984	买盘
09:46:50	37.72	0.02	18	67896	买盘
09:46:45	37.7	-0.02	90	339300	卖盘
09:46:40	37.72	-0.01	36	135792	卖盘
09:46:34	37.73	-0.01	10	37730	中性盘
09:46:30	37.74	-0.01	84	317016	卖盘
09:46:25	37.75	-0.01	258	973950	卖盘
09:46:19	37.76	-0.02	8	30208	卖盘
09:46:15	37.78	0.02	48	181344	买盘
09:46:10	37.76	-0.04	228	860928	卖盘
09:46:04	37.8	0.02	48	181440	买盘
09:46:00	37.78	-0.01	42	158676	卖盘
09:45:55	37.79	-0.01	67	253193	卖盘
09:45:49	37.8	-0.01	98	370440	卖盘
09:45:45	37.81	0.01	40	151240	买盘
09:45:40	37.8	--	47	177660	卖盘
09:45:34	37.8	-0.02	28	105839	卖盘
09:45:30	37.82	0.01	109	412238	中性盘
09:45:25	37.81	--	102	385662	买盘
09:45:19	37.81	-0.01	14	52934	卖盘
09:45:15	37.82	-0.01	51	192882	卖盘
09:45:10	37.83	--	36	136188	买盘
09:45:04	37.83	--	1	3783	买盘
09:45:00	37.83	-0.01	47	177801	卖盘
09:44:55	37.84	0.01	101	382184	买盘
09:44:49	37.83	-0.01	22	83226	卖盘
09:44:45	37.84	-0.02	51	192984	卖盘
09:44:40	37.86	0.02	49	185514	中性盘
09:44:34	37.84	-0.04	98	370832	卖盘
09:44:30	37.88	0.02	26	98488	买盘
09:44:25	37.86	--	208	787488	买盘
09:44:19	37.86	--	144	545184	买盘
09:44:15	37.86	0.03	42	159012	中性盘
09:44:10	37.83	-0.05	121	457743	卖盘
09:44:04	37.88	--	76	287888	买盘
09:44:00	37.88	--	31	117428	买盘
09:43:55	37.88	-0.01	237	897756	卖盘
09:43:49	37.89	0.02	101	382689	买盘
09:43:45	37.87	-0.01	39	147693	卖盘
09:43:40	37.88	0.02	48	181824	买盘
09:43:34	37.86	0.03	54	204444	中性盘
09:43:30	37.83	-0.03	129	488007	卖盘
09:43:25	37.86	-0.01	76	287736	卖盘
09:43:19	37.87	0.04	98	371126	买盘
09:43:15	37.83	0.02	174	658242	买盘
09:43:10	37.81	--	128	483968	买盘
09:43:04	37.81	-0.02	109	412129	卖盘
09:43:00	37.83	-0.01	19	71877	卖盘
09:42:55	37.84	0.03	80	302720	买盘
09:42:49	37.81	0.03	244	922564	中性盘
09:42:45	37.78	-0.05	54	204012	卖盘
09:42:40	37.83	0.05	87	329121	买盘
09:42:34	37.78	-0.01	150	566700	卖盘
09:42:30	37.79	-0.01	32	120928	卖盘
09:42:25	37.8	0.01	83	313740	卖盘
09:42:19	37.79	-0.01	96	362784	中性盘
09:42:15	37.8	--	30	113399	卖盘
09:42:10	37.8	--	113	427139	买盘
09:42:04	37.8	-0.06	280	1058400	卖盘
09:42:00	37.86	0.01	66	249876	买盘
09:41:55	37.85	0.05	98	370930	买盘
09:41:49	37.8	-0.05	81	306180	卖盘
09:41:45	37.85	-0.01	52	196820	卖盘
09:41:40	37.86	0.01	47	177942	买盘
09:41:34	37.85	--	84	317940	卖盘
09:41:30	37.85	-0.05	65	246025	卖盘
09:41:25	37.9	--	94	356260	买盘
09:41:19	37.9	-0.09	197	746630	卖盘
09:41:15	37.99	0.06	34	129166	买盘
09:41:09	37.93	-0.02	15	56895	中性盘
09:41:04	37.95	-0.09	70	265650	卖盘
09:41:00	38.04	0.12	30	114120	买盘
09:40:54	37.92	0.01	121	458832	买盘
09:40:49	37.91	-0.08	192	727871	卖盘
09:40:45	37.99	0.08	4	15196	买盘
09:40:39	37.91	--	83	314653	卖盘
09:40:34	37.91	0.01	177	671006	买盘
09:40:29	37.9	--	39	147810	买盘
09:40:24	37.9	0.07	37	140230	中性盘
09:40:19	37.83	-0.07	83	313989	卖盘
09:40:13	37.9	0.12	17	64430	买盘
09:40:09	37.78	-0.02	160	604480	卖盘
09:40:04	37.8	0.02	161	608580	买盘
09:39:58	37.78	0.02	30	113340	中性盘
09:39:54	37.76	0.06	157	592832	买盘
09:39:49	37.7	-0.01	261	983970	卖盘
09:39:43	37.71	-0.03	43	162153	卖盘
09:39:39	37.74	0.04	165	622710	中性盘
09:39:34	37.7	0.01	181	682370	买盘
09:39:28	37.69	--	235	885715	卖盘
09:39:24	37.69	--	158	595502	卖盘
09:39:19	37.69	0.01	181	682189	买盘
09:39:13	37.68	-0.01	90	339120	中性盘
09:39:09	37.69	-0.01	218	821642	卖盘
09:39:04	37.7	-0.01	89	335530	中性盘
09:38:58	37.71	0.01	137	516627	买盘
09:38:54	37.7	-0.01	250	942500	卖盘
09:38:49	37.71	-0.03	151	569421	卖盘
09:38:43	37.74	-0.02	122	460428	买盘
09:38:39	37.76	--	214	808064	买盘
09:38:34	37.76	--	108	407808	卖盘
09:38:28	37.76	-0.02	60	226560	卖盘
09:38:24	37.78	-0.02	51	192678	卖盘
09:38:19	37.8	-0.01	158	597240	卖盘
09:38:13	37.81	-0.01	52	196612	卖盘
09:38:09	37.82	--	63	238266	买盘
09:38:04	37.82	-0.04	67	253394	卖盘
09:37:58	37.86	-0.05	150	567900	卖盘
09:37:54	37.91	--	30	113729	卖盘
09:37:49	37.91	-0.09	74	280534	卖盘
09:37:43	38.0	--	50	190000	买盘
09:37:39	38.0	--	122	463600	卖盘
09:37:34	38.0	-0.02	78	296400	卖盘
09:37:28	38.02	-0.01	49	186298	买盘
09:37:24	38.03	-0.08	64	243392	卖盘
09:37:19	38.11	0.01	208	792688	中性盘
09:37:13	38.1	--	230	876300	卖盘
09:37:09	38.1	-0.01	41	156210	卖盘
09:37:04	38.11	-0.02	62	236282	卖盘
09:36:58	38.13	-0.03	41	156333	卖盘
09:36:54	38.16	0.03	63	240407	卖盘
09:36:49	38.13	-0.03	113	430869	卖盘
09:36:43	38.16	-0.02	50	190799	卖盘
09:36:39	38.18	-0.02	56	213808	卖盘
09:36:34	38.2	0.02	121	462220	买盘
09:36:28	38.18	-0.02	82	313076	卖盘
09:36:24	38.2	-0.01	48	183360	卖盘
09:36:19	38.21	-0.02	106	405026	卖盘
09:36:13	38.23	0.02	136	519927	买盘
09:36:09	38.21	-0.01	21	80241	卖盘
09:36:04	38.22	0.01	111	424242	中性盘
09:35:58	38.21	0.01	79	301859	买盘
09:35:54	38.2	-0.01	19	72580	卖盘
09:35:49	38.21	0.01	9	34389	买盘
09:35:43	38.2	--	61	233020	买盘
09:35:39	38.2	0.04	26	99320	买盘
09:35:34	38.16	-0.04	43	164087	卖盘
09:35:28	38.2	0.04	21	80220	买盘
09:35:24	38.16	--	47	179351	买盘
09:35:19	38.16	--	72	274752	买盘
09:35:13	38.16	0.03	187	713591	买盘
09:35:09	38.13	--	1	3813	卖盘
09:35:04	38.13	0.02	69	263097	卖盘
09:34:58	38.11	0.04	22	83842	卖盘
09:34:54	38.07	--	15	57105	卖盘
09:34:49	38.07	-0.06	92	350244	卖盘
09:34:43	38.13	0.06	69	263097	买盘
09:34:39	38.07	-0.02	16	60912	买盘
09:34:33	38.09	-0.11	228	868452	卖盘
09:34:28	38.2	0.05	45	171900	买盘
09:34:24	38.15	-0.06	33	125895	中性盘
09:34:18	38.21	--	66	252186	买盘
09:34:13	38.21	-0.02	232	886472	中性盘
09:34:09	38.23	--	6	22937	买盘
09:34:03	38.23	-0.06	62	237025	中性盘
09:33:58	38.29	0.01	149	570521	买盘
09:33:52	38.28	-0.01	22	84216	中性盘
09:33:48	38.29	-0.01	160	612640	卖盘
09:33:43	38.3	-0.09	264	1011119	中性盘
09:33:38	38.39	--	5	19195	买盘
09:33:33	38.39	-0.01	79	303281	卖盘
09:33:28	38.4	-0.03	52	199680	卖盘
09:33:23	38.43	0.03	125	480375	买盘
09:33:18	38.4	-0.08	58	222720	卖盘
09:33:13	38.48	0.03	500	1924808	买盘
09:33:07	38.45	--	90	346050	买盘
09:33:03	38.45	-0.01	119	457555	中性盘
09:32:58	38.46	--	219	842274	买盘
09:32:52	38.46	-0.02	27	103842	中性盘
09:32:48	38.48	0.02	92	354016	买盘
09:32:43	38.46	-0.02	119	457674	中性盘
09:32:37	38.48	0.02	125	480999	买盘
09:32:33	38.46	--	230	884580	卖盘
09:32:28	38.46	0.01	105	403830	买盘
09:32:22	38.45	--	49	188405	卖盘
09:32:18	38.45	--	70	269150	卖盘
09:32:13	38.45	0.02	285	1095825	买盘
09:32:07	38.43	0.02	53	203679	买盘
09:32:03	38.41	-0.02	210	806609	卖盘
09:31:58	38.43	--	67	257481	买盘
09:31:52	38.43	0.02	32	122976	买盘
09:31:48	38.41	0.01	323	1240643	中性盘
09:31:43	38.4	-0.05	170	652800	卖盘
09:31:37	38.45	0.05	45	173025	买盘
09:31:33	38.4	0.01	196	752640	买盘
09:31:28	38.39	--	79	303281	买盘
09:31:22	38.39	0.03	64	245696	买盘
09:31:18	38.36	--	28	107408	中性盘
09:31:13	38.36	--	69	264684	买盘
09:31:07	38.36	--	20	76720	买盘
09:31:03	38.36	0.08	12	46032	买盘
09:30:58	38.28	0.08	45	172260	买盘
09:30:52	38.2	0.05	184	702880	买盘
09:30:43	38.15	0.05	44	167860	买盘
09:30:37	38.1	0.01	5	19050	买盘
09:30:33	38.09	--	11	41899	卖盘
09:30:28	38.09	0.04	204	777036	买盘
09:30:22	38.05	-0.04	55	209274	卖盘
09:30:18	38.09	0.01	3	11427	买盘
09:30:13	38.08	0.07	97	369376	买盘
09:30:07	38.01	-0.05	637	2421237	中性盘
09:30:03	38.06	0.01	37	140822	买盘
09:28:57	38.05	--	0	0	买盘
09:25:09	38.05	38.05	424	1613319	买盘
