成交时间	成交价	价格变动	成交量(手)	成交额(元)	性质
15:00:00	7.89	--	0	0	卖盘
15:00:00	7.89	--	0	0	卖盘
14:59:59	7.89	0.01	919	725493	买盘
14:59:53	7.88	-0.01	25	19700	卖盘
14:59:49	7.89	--	19	14991	买盘
14:59:44	7.89	0.01	30	23670	买盘
14:59:38	7.88	-0.01	252	198576	卖盘
14:59:34	7.89	0.01	34	26826	买盘
14:59:29	7.88	-0.01	137	107956	卖盘
14:59:23	7.89	0.01	32	25642	买盘
14:59:19	7.88	--	123	96924	卖盘
14:59:14	7.88	--	60	47280	卖盘
14:59:08	7.88	--	300	236794	卖盘
14:59:04	7.88	-0.01	113	89044	卖盘
14:58:59	7.89	--	45	35505	买盘
14:58:53	7.89	--	154	121506	买盘
14:58:49	7.89	--	6	4734	买盘
14:58:44	7.89	--	1121	884855	卖盘
14:58:38	7.89	-0.01	86	67854	卖盘
14:58:34	7.9	0.01	956	755642	买盘
14:58:29	7.89	0.01	313	246957	买盘
14:58:23	7.88	-0.01	285	224580	卖盘
14:58:19	7.89	0.01	5	3945	买盘
14:58:14	7.88	-0.01	174	137112	卖盘
14:58:08	7.89	--	155	122295	买盘
14:58:04	7.89	0.01	29	22881	买盘
14:57:59	7.88	-0.01	46	36248	卖盘
14:57:53	7.89	--	21	16569	买盘
14:57:49	7.89	--	15	11835	买盘
14:57:44	7.89	--	57	44973	买盘
14:57:38	7.89	0.01	81	63909	买盘
14:57:34	7.88	-0.01	20	15760	卖盘
14:57:29	7.89	--	17	13413	买盘
14:57:23	7.89	--	22	17358	买盘
14:57:14	7.89	-0.01	159	125451	卖盘
14:57:08	7.9	0.01	48	37920	买盘
14:57:04	7.89	-0.01	11	8679	卖盘
14:56:53	7.9	0.02	2083	1645570	买盘
14:56:49	7.88	--	68	53584	买盘
14:56:44	7.88	--	110	86680	卖盘
14:56:38	7.88	--	140	110320	卖盘
14:56:34	7.88	--	191	150508	卖盘
14:56:29	7.88	--	0	0	中性盘
14:56:23	7.88	0.01	38	29944	买盘
14:56:19	7.87	-0.01	32	25184	卖盘
14:56:14	7.88	--	10	7880	买盘
14:56:08	7.88	--	170	133960	卖盘
14:56:04	7.88	--	161	126962	买盘
14:55:53	7.88	0.01	29	22852	买盘
14:55:49	7.87	--	43	33841	卖盘
14:55:44	7.87	--	40	31480	卖盘
14:55:38	7.87	-0.01	93	73191	卖盘
14:55:34	7.88	0.01	28	22458	买盘
14:55:29	7.87	--	10	7870	买盘
14:55:23	7.87	-0.01	285	224688	卖盘
14:55:19	7.88	--	132	104016	买盘
14:55:14	7.88	0.01	42	33096	买盘
14:55:08	7.87	-0.01	61	48007	卖盘
14:55:04	7.88	--	4	3152	买盘
14:54:59	7.88	--	287	226156	买盘
14:54:53	7.88	--	20	15760	买盘
14:54:49	7.88	0.01	83	65404	买盘
14:54:44	7.87	-0.01	35	27545	卖盘
14:54:38	7.88	0.01	110	86680	买盘
14:54:34	7.87	-0.01	50	39350	卖盘
14:54:29	7.88	--	9	7092	买盘
14:54:23	7.88	--	123	96924	买盘
14:54:14	7.88	0.01	1	788	买盘
14:54:08	7.87	-0.01	29	22823	卖盘
14:53:59	7.88	0.01	144	113472	买盘
14:53:49	7.87	--	217	171172	买盘
14:53:43	7.87	--	112	88144	买盘
14:53:38	7.87	--	19	14953	买盘
14:53:34	7.87	--	8	6296	买盘
14:53:28	7.87	--	44	34628	卖盘
14:53:23	7.87	-0.01	137	107819	卖盘
14:53:18	7.88	0.01	24	18912	买盘
14:53:13	7.87	-0.01	72	56664	卖盘
14:53:08	7.88	0.01	52	40976	买盘
14:53:03	7.87	--	362	285287	卖盘
14:52:53	7.87	--	55	43285	卖盘
14:52:48	7.87	--	8	6296	卖盘
14:52:43	7.87	-0.01	6	4722	卖盘
14:52:38	7.88	--	172	135536	买盘
14:52:32	7.88	0.01	159	125292	买盘
14:52:28	7.87	--	25	19675	卖盘
14:52:23	7.87	-0.01	135	106638	卖盘
14:52:17	7.88	0.01	36	28368	买盘
14:52:13	7.87	-0.01	60	47220	卖盘
14:52:08	7.88	--	192	151296	买盘
14:52:02	7.88	--	124	97712	买盘
14:51:58	7.88	--	2	1576	买盘
14:51:53	7.88	--	45	35460	买盘
14:51:47	7.88	--	831	655521	卖盘
14:51:38	7.88	--	47	37036	卖盘
14:51:32	7.88	--	21	16548	卖盘
14:51:28	7.88	--	21	16548	卖盘
14:51:23	7.88	--	18	14184	卖盘
14:51:17	7.88	-0.01	10	7880	卖盘
14:51:13	7.89	0.01	33	26037	买盘
14:51:08	7.88	--	63	49644	卖盘
14:51:02	7.88	--	149	117412	卖盘
14:50:53	7.88	-0.01	31	24428	卖盘
14:50:47	7.89	0.01	8	6312	买盘
14:50:43	7.88	-0.01	34	26792	卖盘
14:50:38	7.89	0.01	28	22092	买盘
14:50:28	7.88	-0.01	30	23640	卖盘
14:50:23	7.89	0.01	11	8679	买盘
14:50:17	7.88	-0.01	23	18124	卖盘
14:50:13	7.89	0.01	5	3945	买盘
14:49:53	7.88	--	36	28368	卖盘
14:49:47	7.88	--	44	34672	卖盘
14:49:38	7.88	-0.01	1	788	卖盘
14:49:28	7.89	--	75	59175	买盘
14:49:17	7.89	--	3	2367	买盘
14:49:08	7.89	--	13	10257	买盘
14:48:58	7.89	0.01	1	789	买盘
14:48:53	7.88	--	130	102440	卖盘
14:48:47	7.88	-0.01	16	12608	卖盘
14:48:43	7.89	0.01	25	19725	买盘
14:48:32	7.88	--	8	6304	卖盘
14:48:28	7.88	--	11	8668	卖盘
14:48:23	7.88	--	5	3940	卖盘
14:48:17	7.88	-0.01	49	38612	卖盘
14:48:08	7.89	0.01	15	11835	买盘
14:47:58	7.88	--	0	0	卖盘
14:47:53	7.88	-0.02	71	55948	卖盘
14:47:47	7.9	0.01	53	41870	买盘
14:47:43	7.89	--	12	9468	买盘
14:47:38	7.89	0.01	10	7890	买盘
14:47:32	7.88	-0.01	66	52008	卖盘
14:47:22	7.89	--	5	3945	买盘
14:47:17	7.89	-0.01	34	26826	卖盘
14:47:07	7.9	0.01	105	82950	买盘
14:47:02	7.89	-0.01	7	5523	中性盘
14:46:47	7.9	0.02	10	7900	买盘
14:46:43	7.88	--	30	23640	卖盘
14:46:37	7.88	-0.02	50	39400	卖盘
14:46:32	7.9	--	16	12640	买盘
14:46:28	7.9	0.02	73	57670	买盘
14:46:22	7.88	--	58	45704	卖盘
14:46:17	7.88	-0.02	90	70920	卖盘
14:46:12	7.9	--	128	101120	买盘
14:46:07	7.9	0.01	11	8690	买盘
14:46:02	7.89	0.01	183	144481	买盘
14:45:56	7.88	--	21	16548	买盘
14:45:52	7.88	--	17	13396	买盘
14:45:47	7.88	--	1	788	买盘
14:45:41	7.88	--	247	195329	卖盘
14:45:37	7.88	--	87	68556	卖盘
14:45:32	7.88	--	5	3940	卖盘
14:45:26	7.88	-0.01	2	1576	卖盘
14:45:22	7.89	0.01	5	3945	买盘
14:45:11	7.88	--	42	33190	买盘
14:44:56	7.88	--	369	290772	买盘
14:44:47	7.88	0.01	31	24428	买盘
14:44:41	7.87	--	22	17314	卖盘
14:44:37	7.87	-0.01	5	3935	卖盘
14:44:32	7.88	0.01	664	523232	买盘
14:44:26	7.87	--	2	1574	卖盘
14:44:17	7.87	--	4	3148	卖盘
14:44:11	7.87	0.01	522	411207	买盘
14:44:07	7.86	-0.01	2	1572	卖盘
14:43:56	7.87	0.01	420	330540	买盘
14:43:41	7.86	-0.01	296	233049	卖盘
14:43:37	7.87	--	155	122378	买盘
14:43:32	7.87	--	10	7870	买盘
14:43:26	7.87	--	21	16527	买盘
14:43:22	7.87	--	6	4722	买盘
14:43:17	7.87	--	6	4722	买盘
14:43:11	7.87	-0.01	66	52335	卖盘
14:43:07	7.88	--	82	64616	买盘
14:43:02	7.88	--	9	7092	买盘
14:42:56	7.88	0.01	20	15760	买盘
14:42:52	7.87	-0.01	27	21249	卖盘
14:42:47	7.88	0.01	7	5516	买盘
14:42:41	7.87	-0.01	8	6296	卖盘
14:42:32	7.88	--	6	4728	买盘
14:42:26	7.88	0.01	3	2364	买盘
14:42:22	7.87	--	19	15346	卖盘
14:42:17	7.87	--	50	39350	卖盘
14:42:11	7.87	--	490	385630	买盘
14:42:07	7.87	0.01	30	23610	买盘
14:41:56	7.86	--	15	11790	卖盘
14:41:52	7.86	-0.01	237	186282	卖盘
14:41:47	7.87	0.01	20	15740	买盘
14:41:41	7.86	--	30	23580	卖盘
14:41:37	7.86	--	70	55020	卖盘
14:41:32	7.86	--	2	1572	卖盘
14:41:22	7.86	-0.01	8	6288	卖盘
14:41:17	7.87	0.01	32	25184	买盘
14:41:11	7.86	--	155	121830	卖盘
14:41:07	7.86	-0.01	50	39300	卖盘
14:40:56	7.87	--	57	44859	卖盘
14:40:52	7.87	--	20	15740	卖盘
14:40:46	7.87	-0.01	106	83422	卖盘
14:40:41	7.88	--	103	81164	买盘
14:40:36	7.88	0.01	113	89044	买盘
14:40:31	7.87	--	11	8657	卖盘
14:40:26	7.87	-0.01	148	116476	卖盘
14:40:06	7.88	0.01	16	12608	买盘
14:40:01	7.87	--	3	2361	卖盘
14:39:56	7.87	--	316	248692	卖盘
14:39:51	7.87	-0.01	23	18101	卖盘
14:39:46	7.88	0.01	20	15760	买盘
14:39:41	7.87	--	52	40924	卖盘
14:39:35	7.87	--	8	6296	卖盘
14:39:31	7.87	-0.01	9	7083	卖盘
14:39:26	7.88	--	46	36642	买盘
14:39:20	7.88	--	5	3940	买盘
14:39:11	7.88	-0.01	986	776968	卖盘
14:39:05	7.89	--	120	94680	买盘
14:39:01	7.89	--	3	2367	买盘
14:38:56	7.89	--	50	39450	买盘
14:38:50	7.89	--	85	67065	买盘
14:38:46	7.89	--	35	27615	买盘
14:38:41	7.89	--	38	29982	买盘
14:38:35	7.89	--	11	8679	买盘
14:38:26	7.89	--	55	43395	买盘
14:38:16	7.89	--	37	29193	买盘
14:38:11	7.89	--	13	10257	买盘
14:38:05	7.89	--	106	83634	买盘
14:38:01	7.89	--	40	31560	买盘
14:37:56	7.89	--	135	106515	买盘
14:37:50	7.89	--	23	18147	买盘
14:37:46	7.89	-0.01	238	187782	卖盘
14:37:35	7.9	--	166	131140	买盘
14:37:31	7.9	0.01	10	7900	买盘
14:37:26	7.89	-0.01	1	1183	卖盘
14:37:16	7.9	--	15	11850	买盘
14:37:11	7.9	--	67	52930	买盘
14:37:05	7.9	--	15	11850	买盘
14:36:56	7.9	--	300	237000	买盘
14:36:50	7.9	--	1	790	买盘
14:36:46	7.9	0.01	49	38710	买盘
14:36:35	7.89	-0.01	587	463537	卖盘
14:36:31	7.9	0.01	4	3160	买盘
14:36:16	7.89	-0.01	5	3945	卖盘
14:36:05	7.9	--	107	84530	买盘
14:36:01	7.9	--	29	22910	买盘
14:35:50	7.9	--	6	4740	买盘
14:35:41	7.9	0.01	47	37130	买盘
14:35:35	7.89	--	7	5523	卖盘
14:35:20	7.89	-0.02	95	74955	卖盘
14:35:16	7.91	0.02	530	419230	买盘
14:35:11	7.89	-0.01	5	3945	卖盘
14:35:05	7.9	0.01	14	11060	买盘
14:35:01	7.89	--	5	3945	卖盘
14:34:56	7.89	-0.01	16	12624	卖盘
14:34:50	7.9	--	20	15800	买盘
14:34:46	7.9	--	20	15800	买盘
14:34:41	7.9	0.01	10	7900	买盘
14:34:35	7.89	-0.01	23	18147	卖盘
14:34:20	7.9	--	6	4740	买盘
14:34:10	7.9	--	10	7900	买盘
14:34:05	7.9	--	30	23700	买盘
14:34:00	7.9	--	140	110995	卖盘
14:33:55	7.9	--	6	4740	卖盘
14:33:40	7.9	-0.01	3	2370	卖盘
14:33:35	7.91	0.01	14	11074	买盘
14:33:29	7.9	--	258	203820	卖盘
14:33:25	7.9	--	10	7900	卖盘
14:33:20	7.9	--	16	12640	卖盘
14:33:05	7.9	--	187	148125	卖盘
14:32:59	7.9	-0.01	12	9480	卖盘
14:32:44	7.91	0.01	14	11074	买盘
14:32:40	7.9	--	12	9480	卖盘
14:32:35	7.9	-0.01	16	12640	卖盘
14:32:25	7.91	--	4	3164	买盘
14:32:20	7.91	--	45	35595	买盘
14:32:14	7.91	--	98	77518	卖盘
14:32:10	7.91	--	10	7910	卖盘
14:32:05	7.91	--	63	49833	买盘
14:31:59	7.91	--	20	15820	买盘
14:31:55	7.91	--	10	7910	买盘
14:31:40	7.91	0.01	20	15820	买盘
14:31:35	7.9	-0.01	15	11850	卖盘
14:31:29	7.91	0.01	5	3955	买盘
14:31:25	7.9	--	50	39500	卖盘
14:31:20	7.9	--	29	22910	卖盘
14:30:59	7.9	--	84	66360	买盘
14:30:44	7.9	--	13	10270	买盘
14:30:40	7.9	--	12	9480	买盘
14:30:29	7.9	--	120	94800	卖盘
14:30:20	7.9	--	34	26860	买盘
14:30:14	7.9	--	14	11060	买盘
14:30:10	7.9	--	26	20540	买盘
14:30:05	7.9	--	10	7900	买盘
14:29:59	7.9	--	41	32390	卖盘
14:29:55	7.9	--	54	42660	卖盘
14:29:44	7.9	--	10	7900	卖盘
14:29:35	7.9	--	1	790	卖盘
14:29:25	7.9	--	17	13430	卖盘
14:29:20	7.9	-0.01	13	10270	卖盘
14:29:14	7.91	0.01	5	3955	买盘
14:29:10	7.9	--	20	15800	买盘
14:28:55	7.9	--	10	7900	买盘
14:28:40	7.9	0.01	5	3950	买盘
14:28:14	7.89	-0.01	4	3156	卖盘
14:28:10	7.9	0.01	44	34760	买盘
14:28:04	7.89	--	72	56808	卖盘
14:27:59	7.89	--	10	7890	卖盘
14:27:55	7.89	-0.01	360	284040	卖盘
14:27:44	7.9	0.01	48	37920	买盘
14:27:40	7.89	-0.01	24	18936	卖盘
14:27:29	7.9	--	14	11060	买盘
14:27:24	7.9	--	13	10270	买盘
14:27:14	7.9	--	2	1580	买盘
14:27:09	7.9	--	30	23700	买盘
14:27:04	7.9	--	10	7900	买盘
14:26:59	7.9	--	30	23700	买盘
14:26:53	7.9	0.01	41	32390	买盘
14:26:38	7.89	--	198	156222	卖盘
14:26:34	7.89	--	3	2367	卖盘
14:26:23	7.89	--	44	34716	卖盘
14:26:08	7.89	--	51	40239	卖盘
14:26:04	7.89	--	26	20514	卖盘
14:25:59	7.89	-0.01	5	3945	卖盘
14:25:53	7.9	0.01	8	6320	买盘
14:25:49	7.89	-0.01	3	2367	卖盘
14:25:44	7.9	--	5	3950	买盘
14:25:34	7.9	0.01	1	790	买盘
14:25:29	7.89	-0.01	3	2367	卖盘
14:25:23	7.9	--	107	84530	买盘
14:25:19	7.9	-0.01	243	191970	卖盘
14:25:14	7.91	-0.01	100	79100	买盘
14:25:08	7.92	0.01	87	68904	买盘
14:25:04	7.91	-0.01	10	7910	卖盘
14:24:59	7.92	--	23	18216	买盘
14:24:53	7.92	0.02	3	2376	买盘
14:24:44	7.9	-0.01	25	19750	卖盘
14:24:38	7.91	--	5	3955	卖盘
14:24:34	7.91	--	7	5537	买盘
14:24:29	7.91	--	5	3955	买盘
14:24:19	7.91	0.01	22	17402	买盘
14:24:14	7.9	-0.02	3	2370	卖盘
14:24:04	7.92	0.02	31	24552	买盘
14:23:59	7.9	-0.02	1	790	卖盘
14:23:49	7.92	--	5	3960	买盘
14:23:38	7.92	0.04	3	2376	买盘
14:23:29	7.88	0.01	33	26004	卖盘
14:23:19	7.87	-0.01	642	505647	卖盘
14:23:14	7.88	--	10	7880	买盘
14:23:08	7.88	--	147	115836	买盘
14:23:04	7.88	--	1	788	买盘
14:22:53	7.88	--	25	19700	买盘
14:22:49	7.88	--	13	10244	买盘
14:22:44	7.88	-0.05	1185	934174	卖盘
14:22:38	7.93	--	0	0	买盘
14:22:34	7.93	--	58	45994	买盘
14:22:23	7.93	0.01	20	15860	买盘
14:22:19	7.92	--	31	24552	买盘
14:22:14	7.92	--	19	15048	买盘
14:22:04	7.92	--	7	5544	买盘
14:21:53	7.92	--	11	8712	卖盘
14:21:49	7.92	-0.01	101	79992	卖盘
14:21:43	7.93	--	7	5551	卖盘
14:21:38	7.93	0.01	23	18239	买盘
14:21:34	7.92	-0.01	69	54648	卖盘
14:21:23	7.93	0.01	200	158600	买盘
14:21:18	7.92	--	64	50688	卖盘
14:21:03	7.92	--	2	1584	卖盘
14:20:53	7.92	-0.01	4	3168	卖盘
14:20:48	7.93	0.01	12	9516	买盘
14:20:43	7.92	0.01	1	792	中性盘
14:20:38	7.91	-0.01	49	38759	卖盘
14:20:33	7.92	0.01	38	30096	买盘
14:20:23	7.91	--	75	59325	卖盘
14:20:17	7.91	-0.01	34	26894	卖盘
14:20:08	7.92	-0.01	49	38808	卖盘
14:20:02	7.93	--	5	3965	买盘
14:19:58	7.93	--	18	14274	卖盘
14:19:53	7.93	--	38	30134	卖盘
14:19:47	7.93	--	91	72163	卖盘
14:19:43	7.93	-0.01	245	194285	卖盘
14:19:38	7.94	--	58	46052	买盘
14:19:32	7.94	--	55	43670	卖盘
14:19:23	7.94	--	56	44464	卖盘
14:19:17	7.94	-0.01	78	61932	卖盘
14:19:13	7.95	0.01	4	3180	买盘
14:19:08	7.94	-0.01	97	77018	卖盘
14:19:02	7.95	--	35	27825	买盘
14:18:58	7.95	--	47	37365	买盘
14:18:53	7.95	0.01	79	62805	买盘
14:18:47	7.94	--	5	3970	卖盘
14:18:43	7.94	-0.01	22	17468	卖盘
14:18:38	7.95	--	3	2385	买盘
14:18:32	7.95	--	58	46110	买盘
14:18:28	7.95	--	80	63600	买盘
14:18:23	7.95	0.01	166	131970	买盘
14:18:17	7.94	-0.01	36	28584	卖盘
14:18:13	7.95	0.01	25	19875	买盘
14:18:08	7.94	-0.01	1	794	卖盘
14:18:02	7.95	--	20	15900	买盘
14:17:58	7.95	--	41	32595	买盘
14:17:53	7.95	--	200	159000	买盘
14:17:47	7.95	--	80	63600	买盘
14:17:43	7.95	0.01	1025	814875	买盘
14:17:38	7.94	0.01	2	1588	买盘
14:17:32	7.93	--	66	52338	买盘
14:17:28	7.93	--	61	48373	买盘
14:17:23	7.93	--	6	4758	买盘
14:17:17	7.93	0.01	182	144326	买盘
14:17:13	7.92	--	2	1584	卖盘
14:17:08	7.92	--	7	5544	卖盘
14:17:02	7.92	--	21	16632	卖盘
14:16:58	7.92	--	159	125928	买盘
14:16:53	7.92	--	10	7920	买盘
14:16:47	7.92	--	6	4752	买盘
14:16:38	7.92	--	10	7920	买盘
14:16:32	7.92	--	26	20592	买盘
14:16:28	7.92	0.01	35	27720	买盘
14:16:22	7.91	-0.01	40	31640	卖盘
14:16:17	7.92	0.01	3	2376	买盘
14:16:08	7.91	--	210	166505	买盘
14:16:02	7.91	--	48	37968	买盘
14:15:58	7.91	0.01	7	5537	买盘
14:15:47	7.9	-0.01	40	31600	卖盘
14:15:37	7.91	--	5	3955	买盘
14:15:32	7.91	0.01	10	7910	买盘
14:15:23	7.9	--	1	790	卖盘
14:15:17	7.9	--	59	47005	买盘
14:15:13	7.9	--	122	96380	买盘
14:15:07	7.9	0.01	369	291510	买盘
14:15:02	7.89	-0.01	12	9468	卖盘
14:14:57	7.9	--	46	36340	买盘
14:14:47	7.9	--	24	18960	买盘
14:14:37	7.9	0.01	9	7110	买盘
14:14:32	7.89	-0.01	19	14991	卖盘
14:14:12	7.9	0.01	2	1580	买盘
14:14:07	7.89	-0.01	28	22092	卖盘
14:14:02	7.9	0.02	107	84530	买盘
14:13:52	7.88	--	0	0	卖盘
14:13:47	7.88	-0.02	40	31520	卖盘
14:13:41	7.9	0.02	20	15800	买盘
14:13:32	7.88	-0.01	166	130808	卖盘
14:13:26	7.89	--	13	10257	买盘
14:13:17	7.89	--	20	15780	买盘
14:13:07	7.89	0.01	26	20514	买盘
14:13:02	7.88	-0.01	16	12608	卖盘
14:12:56	7.89	--	1	789	买盘
14:12:41	7.89	--	39	30771	卖盘
14:12:32	7.89	0.01	11	8679	买盘
14:12:26	7.88	-0.01	41	32308	卖盘
14:12:22	7.89	0.01	11	8679	买盘
14:12:11	7.88	-0.01	5	3940	卖盘
14:12:07	7.89	0.01	50	39450	买盘
14:11:52	7.88	--	2	1576	卖盘
14:11:41	7.88	-0.02	32	25610	卖盘
14:11:37	7.9	0.02	54	42660	买盘
14:11:32	7.88	-0.01	50	39400	卖盘
14:11:22	7.89	--	50	39450	买盘
14:11:11	7.89	--	0	0	中性盘
14:11:02	7.89	0.01	110	86790	买盘
14:10:52	7.88	--	2	1576	卖盘
14:10:26	7.88	-0.01	50	39400	卖盘
14:10:22	7.89	--	7	5523	卖盘
14:10:17	7.89	--	1	789	卖盘
14:10:11	7.89	0.01	92	72588	买盘
14:10:02	7.88	--	43	33884	卖盘
14:09:41	7.88	-0.01	10	7880	卖盘
14:09:31	7.89	0.01	8	6312	买盘
14:09:22	7.88	--	0	0	卖盘
14:09:11	7.88	--	52	40976	卖盘
14:08:56	7.88	--	20	15760	卖盘
14:08:46	7.88	--	0	0	卖盘
14:08:41	7.88	-0.02	152	120170	卖盘
14:08:36	7.9	0.01	20	15800	买盘
14:08:11	7.89	--	1	789	卖盘
14:08:06	7.89	--	100	78900	卖盘
14:07:26	7.89	-0.01	1	789	卖盘
14:07:21	7.9	0.01	25	19750	买盘
14:07:16	7.89	--	132	104148	卖盘
14:07:11	7.89	--	14	11046	卖盘
14:06:50	7.89	-0.01	10	7890	卖盘
14:06:41	7.9	--	2	1580	买盘
14:06:31	7.9	0.01	20	15800	买盘
14:06:16	7.89	-0.01	10	7890	卖盘
14:06:05	7.9	0.01	15	11850	买盘
14:06:01	7.89	--	5	3945	买盘
14:05:56	7.89	0.01	8	6312	买盘
14:05:50	7.88	--	47	37036	卖盘
14:05:35	7.88	--	6	4728	卖盘
14:05:11	7.88	-0.01	11	8668	卖盘
14:04:46	7.89	--	13	10257	卖盘
14:04:41	7.89	-0.01	5	3945	卖盘
14:04:31	7.9	0.01	7	5530	买盘
14:04:26	7.89	--	7	5523	卖盘
14:04:05	7.89	--	57	44973	买盘
14:03:46	7.89	0.01	25	19725	买盘
14:03:41	7.88	--	33	26004	卖盘
14:03:35	7.88	-0.02	128	100864	卖盘
14:03:31	7.9	--	0	0	买盘
14:03:26	7.9	--	11	8690	买盘
14:03:16	7.9	--	59	46610	买盘
14:03:11	7.9	0.02	38	30020	买盘
14:03:05	7.88	-0.02	8	6698	卖盘
14:02:50	7.9	--	1	790	中性盘
14:02:46	7.9	--	4	3160	卖盘
14:02:35	7.9	-0.01	406	320740	卖盘
14:02:25	7.91	--	24	18984	买盘
14:02:16	7.91	--	5	3955	买盘
14:02:10	7.91	--	10	7910	买盘
14:02:05	7.91	--	31	24521	买盘
14:02:01	7.91	--	16	12656	买盘
14:01:55	7.91	0.01	22	17402	买盘
14:01:50	7.9	--	3	2370	卖盘
14:01:35	7.9	0.01	894	706260	买盘
14:01:25	7.89	--	3	2367	买盘
14:01:20	7.89	--	69	54441	买盘
14:01:10	7.89	0.01	18	14202	买盘
14:01:05	7.88	--	78	61464	卖盘
14:01:00	7.88	--	30	23640	卖盘
14:00:55	7.88	-0.01	2	1576	卖盘
14:00:50	7.89	0.01	22	17358	买盘
14:00:35	7.88	-0.01	18	14184	卖盘
14:00:25	7.89	0.01	6	4734	买盘
14:00:20	7.88	--	1	788	卖盘
14:00:15	7.88	--	10	7880	卖盘
14:00:05	7.88	-0.01	14	11032	卖盘
13:59:59	7.89	--	22	17358	买盘
13:59:44	7.89	0.01	1	789	买盘
13:59:20	7.88	--	76	59888	买盘
13:59:10	7.88	--	105	82740	买盘
13:59:05	7.88	--	4	3152	买盘
13:58:55	7.88	--	15	11820	买盘
13:58:44	7.88	--	18	14184	买盘
13:58:29	7.88	--	64	50432	买盘
13:58:20	7.88	0.01	10	7880	买盘
13:58:14	7.87	--	9	7083	卖盘
13:58:05	7.87	-0.01	90	70830	卖盘
13:57:59	7.88	0.01	15	11820	买盘
13:57:40	7.87	--	176	138512	买盘
13:57:25	7.87	0.01	50	39350	买盘
13:57:14	7.86	-0.01	5	3930	卖盘
13:57:05	7.87	0.01	32	25184	买盘
13:56:59	7.86	-0.01	4	3144	卖盘
13:56:55	7.87	--	1	787	买盘
13:56:50	7.87	--	9	7083	买盘
13:56:29	7.87	0.01	71	55877	买盘
13:56:25	7.86	-0.01	8	6288	卖盘
13:56:14	7.87	0.01	19	14953	买盘
13:55:59	7.86	-0.01	141	110826	卖盘
13:55:55	7.87	0.01	4	3148	买盘
13:55:29	7.86	--	7	5502	卖盘
13:55:25	7.86	-0.01	50	39300	卖盘
13:55:19	7.87	0.01	7	5509	买盘
13:55:10	7.86	--	20	15720	卖盘
13:54:54	7.86	--	11	8646	卖盘
13:54:44	7.86	--	72	56592	买盘
13:54:39	7.86	--	10	7860	买盘
13:54:29	7.86	--	23	18078	买盘
13:54:24	7.86	--	25	19650	买盘
13:54:14	7.86	--	6	4716	买盘
13:54:08	7.86	--	1	786	买盘
13:54:04	7.86	--	150	117900	买盘
13:53:59	7.86	0.01	4	3144	买盘
13:53:54	7.85	-0.01	1	785	卖盘
13:53:49	7.86	--	1	786	买盘
13:53:39	7.86	--	68	53448	买盘
13:53:29	7.86	0.01	5	3930	买盘
13:53:14	7.85	-0.01	15	11775	卖盘
13:53:09	7.86	0.01	101	79386	买盘
13:53:04	7.85	--	17	13737	卖盘
13:52:59	7.85	-0.01	80	62800	卖盘
13:52:53	7.86	--	1	786	买盘
13:52:44	7.86	--	23	18078	买盘
13:52:38	7.86	0.01	9	7074	买盘
13:52:23	7.85	--	2	1570	卖盘
13:52:14	7.85	0.01	275	215875	买盘
13:52:08	7.84	--	270	211680	买盘
13:52:04	7.84	--	10	7840	买盘
13:51:59	7.84	0.01	17	13328	买盘
13:51:53	7.83	-0.01	85	66555	卖盘
13:51:38	7.84	--	149	116816	卖盘
13:51:34	7.84	-0.01	8	6272	卖盘
13:51:29	7.85	--	6	4710	买盘
13:51:23	7.85	0.01	17	13345	买盘
13:51:14	7.84	--	14	10976	卖盘
13:51:08	7.84	0.01	6	4704	买盘
13:50:53	7.83	--	36	28188	卖盘
13:50:48	7.83	-0.01	255	199665	卖盘
13:50:43	7.84	--	24	18816	买盘
13:50:38	7.84	--	1	784	买盘
13:50:34	7.84	0.01	5	3920	买盘
13:50:23	7.83	-0.02	120	93960	卖盘
13:50:18	7.85	0.01	51	40035	买盘
13:50:08	7.84	-0.01	5	3920	中性盘
13:50:03	7.85	--	432	339120	买盘
13:49:59	7.85	--	5	3925	买盘
13:49:53	7.85	--	384	301440	卖盘
13:49:44	7.85	-0.01	50	39250	卖盘
13:49:34	7.86	--	80	62880	卖盘
13:49:28	7.86	-0.01	140	110040	卖盘
13:49:23	7.87	0.01	1	787	买盘
13:49:19	7.86	--	50	39300	卖盘
13:49:14	7.86	-0.01	14	11004	卖盘
13:49:08	7.87	0.01	1	787	买盘
13:49:03	7.86	-0.01	38	29868	卖盘
13:48:59	7.87	0.01	20	15740	买盘
13:48:53	7.86	--	10	7860	卖盘
13:48:43	7.86	-0.01	18	14148	中性盘
13:48:38	7.87	0.01	151	118837	买盘
13:48:33	7.86	--	60	47160	卖盘
13:48:28	7.86	--	16	12576	卖盘
13:48:23	7.86	--	1	786	卖盘
13:48:18	7.86	--	356	279816	买盘
13:48:13	7.86	0.02	5	3930	买盘
13:48:08	7.84	-0.01	70	55272	卖盘
13:48:03	7.85	--	70	54950	买盘
13:47:58	7.85	--	25	19625	买盘
13:47:53	7.85	--	49	38465	买盘
13:47:49	7.85	-0.01	531	417227	卖盘
13:47:38	7.86	0.01	8	6288	买盘
13:47:28	7.85	-0.01	55	43175	卖盘
13:47:23	7.86	-0.01	10	7860	中性盘
13:47:18	7.87	--	11	8657	买盘
13:47:08	7.87	0.02	15	11805	买盘
13:47:03	7.85	-0.02	200	157000	卖盘
13:46:43	7.87	0.02	17	13379	买盘
13:46:33	7.85	--	9	7065	卖盘
13:46:23	7.85	--	32	25512	买盘
13:46:17	7.85	--	10	7850	买盘
13:46:13	7.85	--	54	42390	买盘
13:46:08	7.85	--	43	33755	买盘
13:46:02	7.85	--	12	9420	买盘
13:45:58	7.85	0.01	2	1570	买盘
13:45:53	7.84	--	106	83496	买盘
13:45:47	7.84	--	203	159152	买盘
13:45:43	7.84	--	95	74480	买盘
13:45:38	7.84	--	232	181888	买盘
13:45:32	7.84	--	41	32144	买盘
13:45:27	7.84	--	7	5488	买盘
13:45:23	7.84	--	38	29792	买盘
13:45:17	7.84	-0.01	104	81536	卖盘
13:45:12	7.85	0.01	7	5495	买盘
13:45:08	7.84	--	16	12936	买盘
13:45:02	7.84	--	135	105840	买盘
13:44:58	7.84	--	12	9408	买盘
13:44:53	7.84	-0.01	163	128184	卖盘
13:44:47	7.85	0.01	36	28260	买盘
13:44:43	7.84	--	1	784	卖盘
13:44:38	7.84	-0.01	62	49000	卖盘
13:44:32	7.85	--	16	12560	买盘
13:44:23	7.85	0.01	3	2355	中性盘
13:44:17	7.84	--	157	123088	卖盘
13:44:13	7.84	-0.01	60	47040	卖盘
13:44:08	7.85	-0.02	4	3140	卖盘
13:44:02	7.87	0.02	9	7083	买盘
13:43:58	7.85	-0.02	10	7850	卖盘
13:43:53	7.87	0.03	1	787	买盘
13:43:47	7.84	-0.03	24	18816	中性盘
13:43:43	7.87	-0.01	77	60599	中性盘
13:43:32	7.88	--	0	0	买盘
13:43:27	7.88	0.04	15	11820	卖盘
13:43:23	7.84	--	0	0	卖盘
13:43:17	7.84	-0.05	5289	4146576	卖盘
13:43:12	7.89	0.01	7	5523	买盘
13:42:57	7.88	-0.01	14	11032	卖盘
13:42:47	7.89	--	10	7890	买盘
13:42:43	7.89	--	2	1578	买盘
13:42:37	7.89	0.01	1	789	买盘
13:42:27	7.88	-0.01	52	40976	卖盘
13:42:12	7.89	--	17	13413	卖盘
13:42:02	7.89	--	14	11046	买盘
13:41:52	7.89	-0.01	16	12624	卖盘
13:41:47	7.9	--	12	9480	买盘
13:41:42	7.9	0.01	15	11850	买盘
13:41:27	7.89	--	32	25248	买盘
13:41:07	7.89	--	20	15780	买盘
13:41:02	7.89	--	5	3945	买盘
13:40:57	7.89	-0.01	287	226837	卖盘
13:40:52	7.9	--	241	190390	买盘
13:40:47	7.9	--	10	7900	买盘
13:40:37	7.9	--	13	10270	买盘
13:40:32	7.9	--	586	463335	卖盘
13:40:12	7.9	--	2	1580	卖盘
13:40:02	7.9	-0.01	15	11850	卖盘
13:39:57	7.91	0.01	43	34013	买盘
13:39:47	7.9	--	50	39500	卖盘
13:39:37	7.9	--	200	158000	卖盘
13:39:22	7.9	--	8	6320	卖盘
13:39:17	7.9	--	4	3160	卖盘
13:39:11	7.9	--	11	8690	卖盘
13:39:07	7.9	--	10	7900	卖盘
13:38:56	7.9	--	150	118500	卖盘
13:38:52	7.9	--	0	395	买盘
13:38:47	7.9	--	2	1975	卖盘
13:38:41	7.9	--	16	12640	卖盘
13:38:36	7.9	--	4	3555	卖盘
13:38:26	7.9	0.01	25	19750	卖盘
13:38:11	7.89	--	131	103359	卖盘
13:38:06	7.89	-0.01	3	2367	卖盘
13:38:02	7.9	--	15	11850	买盘
13:37:56	7.9	--	20	15800	买盘
13:37:51	7.9	--	66	52140	买盘
13:37:47	7.9	0.01	43	33970	买盘
13:37:41	7.89	--	6	4734	卖盘
13:37:37	7.89	--	50	39450	卖盘
13:37:26	7.89	-0.01	3	2367	卖盘
13:37:17	7.9	0.01	1	790	买盘
13:37:11	7.89	--	14	11046	卖盘
13:36:51	7.89	-0.01	23	18147	卖盘
13:36:26	7.9	0.01	5	3950	买盘
13:36:21	7.89	-0.01	32	25248	卖盘
13:36:17	7.9	0.01	9	7110	买盘
13:36:11	7.89	-0.01	3	2367	卖盘
13:36:07	7.9	0.01	35	28045	买盘
13:36:02	7.89	--	3	2761	卖盘
13:35:52	7.89	--	8	6312	卖盘
13:35:47	7.89	--	18	14202	卖盘
13:35:36	7.89	-0.01	3	2367	卖盘
13:35:31	7.9	0.01	215	169850	买盘
13:35:11	7.89	--	69	54835	买盘
13:34:51	7.89	--	8	6706	卖盘
13:34:41	7.89	-0.01	7	5523	卖盘
13:34:36	7.9	--	21	16985	买盘
13:34:31	7.9	--	5	3950	买盘
13:34:16	7.9	0.02	10	7900	买盘
13:34:11	7.88	-0.03	28	22064	卖盘
13:34:06	7.91	0.02	40	31640	买盘
13:34:01	7.89	-0.01	4	3156	卖盘
13:33:56	7.9	0.01	210	165900	中性盘
13:33:51	7.89	-0.02	10	7890	卖盘
13:33:41	7.91	0.03	100	79100	买盘
13:33:36	7.88	-0.01	69	54372	卖盘
13:33:31	7.89	--	6	5128	买盘
13:33:26	7.89	0.01	12	9468	买盘
13:33:21	7.88	-0.01	20	15760	卖盘
13:33:16	7.89	0.01	14	11046	买盘
13:33:11	7.88	--	20	15760	卖盘
13:33:05	7.88	-0.01	95	74860	卖盘
13:32:56	7.89	--	221	174369	买盘
13:32:50	7.89	--	3	2367	买盘
13:32:46	7.89	0.01	6	4734	买盘
13:32:35	7.88	-0.01	3	2364	卖盘
13:32:31	7.89	--	3	2367	买盘
13:32:26	7.89	--	23	18147	买盘
13:32:20	7.89	--	2	1578	买盘
13:32:16	7.89	--	2	1578	买盘
13:32:11	7.89	--	23	18147	买盘
13:32:05	7.89	--	3	2367	买盘
13:32:00	7.89	--	7	5917	卖盘
13:31:56	7.89	--	0	394	卖盘
13:31:46	7.89	--	9	7101	买盘
13:31:41	7.89	--	12	9468	买盘
13:31:35	7.89	--	62	48918	买盘
13:31:20	7.89	--	22	17358	买盘
13:31:11	7.89	--	29	22881	买盘
13:31:05	7.89	--	10	7890	买盘
13:30:50	7.89	--	143	112827	买盘
13:30:45	7.89	--	9	7101	买盘
13:30:41	7.89	--	10	7890	买盘
13:30:35	7.89	--	4	3156	买盘
13:30:26	7.89	--	4	3156	买盘
13:30:15	7.89	--	10	7890	买盘
13:30:05	7.89	--	19	14991	买盘
13:30:00	7.89	--	77	60753	卖盘
13:29:56	7.89	-0.01	10	7890	卖盘
13:29:45	7.9	0.01	278	219620	买盘
13:29:41	7.89	--	1	789	卖盘
13:29:35	7.89	-0.01	15	11835	卖盘
13:29:30	7.9	0.01	1	790	买盘
13:29:15	7.89	-0.01	7	5523	卖盘
13:29:00	7.9	0.01	1	790	买盘
13:28:55	7.89	--	0	0	卖盘
13:28:50	7.89	-0.01	27	21303	卖盘
13:28:45	7.9	-0.01	53	41870	卖盘
13:28:30	7.91	0.01	8	6328	买盘
13:28:15	7.9	--	2	1580	买盘
13:28:05	7.9	--	2	1580	买盘
13:28:00	7.9	--	96	75840	卖盘
13:27:45	7.9	--	34	26860	卖盘
13:27:40	7.9	-0.01	24	18960	卖盘
13:27:35	7.91	--	6	4746	买盘
13:27:25	7.91	0.01	8	6328	买盘
13:27:10	7.9	-0.01	2	1580	卖盘
13:27:05	7.91	--	0	0	买盘
13:27:00	7.91	0.02	6	4746	买盘
13:26:45	7.89	-0.02	90	71010	卖盘
13:26:40	7.91	0.01	4	3164	买盘
13:26:35	7.9	--	30	23700	卖盘
13:26:14	7.9	0.01	124	98355	买盘
13:26:05	7.89	-0.01	202	159378	卖盘
13:25:55	7.9	0.01	30	23700	买盘
13:25:50	7.89	--	61	48129	卖盘
13:25:45	7.89	-0.01	3	2367	卖盘
13:25:35	7.9	--	50	39500	买盘
13:25:29	7.9	0.01	37	29230	买盘
13:25:20	7.89	-0.01	33	26037	卖盘
13:25:14	7.9	--	34	26860	卖盘
13:25:09	7.9	--	193	152470	买盘
13:25:05	7.9	--	53	41870	买盘
13:24:59	7.9	--	30	23700	买盘
13:24:44	7.9	0.01	12	9480	买盘
13:24:40	7.89	--	1	789	卖盘
13:24:35	7.89	--	46	36688	卖盘
13:24:20	7.89	--	74	58386	卖盘
13:24:14	7.89	--	18	14202	卖盘
13:24:05	7.89	-0.01	46	36294	卖盘
13:23:59	7.9	--	50	39500	买盘
13:23:54	7.9	--	2	1580	买盘
13:23:50	7.9	0.01	3	2370	买盘
13:23:35	7.89	-0.01	10	7890	卖盘
13:23:29	7.9	0.01	16	12640	买盘
13:23:24	7.89	--	100	78900	卖盘
13:23:20	7.89	-0.01	7	5523	卖盘
13:23:09	7.9	0.01	5	3950	买盘
13:22:54	7.89	--	2	1578	卖盘
13:22:44	7.89	--	35	27615	买盘
13:22:39	7.89	--	27	21303	买盘
13:22:35	7.89	--	9	7101	买盘
13:22:14	7.89	--	12	9468	卖盘
13:22:09	7.89	--	18	14202	买盘
13:21:59	7.89	--	32	25248	卖盘
13:21:54	7.89	--	5	3945	卖盘
13:21:50	7.89	-0.01	15	11835	卖盘
13:21:29	7.9	0.01	4	3160	买盘
13:21:24	7.89	--	8	6312	卖盘
13:21:20	7.89	--	13	10257	卖盘
13:21:14	7.89	--	10	7890	卖盘
13:21:09	7.89	--	3	2367	卖盘
13:20:59	7.89	0.01	5	3945	买盘
13:20:44	7.88	-0.01	16	12608	卖盘
13:20:39	7.89	--	153	120717	卖盘
13:20:34	7.89	--	50	39450	卖盘
13:20:29	7.89	--	49	38661	卖盘
13:20:19	7.89	-0.01	5	3945	卖盘
13:20:14	7.9	--	10	7900	买盘
13:20:09	7.9	0.01	11	8690	买盘
13:19:44	7.89	-0.01	1	789	卖盘
13:19:39	7.9	--	2	1580	买盘
13:19:34	7.9	0.01	25	19750	买盘
13:19:23	7.89	-0.01	103	81267	卖盘
13:19:14	7.9	0.01	23	18170	买盘
13:18:59	7.89	--	16	12624	卖盘
13:18:38	7.89	--	10	7890	卖盘
13:18:29	7.89	--	40	31560	买盘
13:18:14	7.89	0.01	91	71799	买盘
13:18:08	7.88	-0.01	2	1576	卖盘
13:18:04	7.89	--	10	7890	买盘
13:17:59	7.89	--	80	63120	买盘
13:17:53	7.89	--	2	1578	买盘
13:17:44	7.89	--	10	7890	买盘
13:17:38	7.89	--	4	3156	买盘
13:17:33	7.89	--	164	129396	卖盘
13:17:08	7.89	-0.01	11	8679	卖盘
13:16:59	7.9	--	10	7900	买盘
13:16:53	7.9	-0.01	4	3160	卖盘
13:16:44	7.91	0.01	12	9492	买盘
13:16:38	7.9	0.01	1	790	买盘
13:16:28	7.89	-0.01	20	15780	卖盘
13:16:23	7.9	0.01	1	790	中性盘
13:16:18	7.89	-0.01	32	25248	卖盘
13:16:08	7.9	0.01	53	41870	买盘
13:15:59	7.89	--	50	39450	卖盘
13:15:53	7.89	--	15	11835	卖盘
13:15:48	7.89	0.01	119	93891	买盘
13:15:38	7.88	-0.01	2	1576	卖盘
13:15:33	7.89	--	30	23670	买盘
13:15:03	7.89	--	140	110460	买盘
13:14:48	7.89	0.01	75	59175	买盘
13:14:38	7.88	--	59	46492	卖盘
13:14:33	7.88	-0.01	20	15760	卖盘
13:14:23	7.89	0.01	301	237489	买盘
13:14:13	7.88	--	100	78800	卖盘
13:14:03	7.88	--	21	16548	买盘
13:13:53	7.88	--	15	11820	买盘
13:13:48	7.88	--	23	18124	卖盘
13:13:33	7.88	--	90	70920	买盘
13:13:23	7.88	--	34	26792	买盘
13:13:18	7.88	0.01	10	7880	买盘
13:13:13	7.87	-0.01	4	3148	卖盘
13:13:08	7.88	0.01	6	4728	买盘
13:12:58	7.87	--	50	39350	卖盘
13:12:48	7.87	--	20	15740	卖盘
13:12:38	7.87	-0.01	3	2361	卖盘
13:12:32	7.88	0.01	1	788	买盘
13:12:23	7.87	-0.01	73	57451	卖盘
13:12:13	7.88	--	23	18124	买盘
13:12:08	7.88	--	306	241128	卖盘
13:12:02	7.88	-0.01	26	20488	卖盘
13:11:47	7.89	0.01	5	3945	买盘
13:11:17	7.88	-0.01	16	12608	卖盘
13:11:12	7.89	--	2	1578	买盘
13:11:08	7.89	0.01	10	7890	买盘
13:11:02	7.88	-0.01	4	3152	卖盘
13:10:58	7.89	--	16	12624	买盘
13:10:47	7.89	--	20	15780	买盘
13:10:38	7.89	-0.01	150	118744	卖盘
13:10:32	7.9	--	64	50560	卖盘
13:10:23	7.9	--	97	76630	买盘
13:10:17	7.9	--	1	790	买盘
13:10:12	7.9	0.01	1	790	买盘
13:10:02	7.89	--	1	789	卖盘
13:09:47	7.89	--	10	7890	卖盘
13:09:42	7.89	0.01	11	9073	买盘
13:09:37	7.88	-0.01	170	133960	卖盘
13:09:32	7.89	0.01	23	18147	买盘
13:09:27	7.88	--	58	45704	卖盘
13:09:17	7.88	0.01	347	273436	买盘
13:09:12	7.87	-0.01	74	58238	卖盘
13:09:02	7.88	--	150	118200	买盘
13:08:32	7.88	0.01	3	2364	买盘
13:08:27	7.87	--	14	11018	卖盘
13:08:17	7.87	-0.01	60	47220	卖盘
13:08:12	7.88	0.01	10	7880	买盘
13:07:52	7.87	-0.01	2	1574	卖盘
13:07:47	7.88	0.01	64	50432	买盘
13:07:42	7.87	-0.01	1	787	卖盘
13:07:27	7.88	--	2	1576	买盘
13:07:17	7.88	--	8	6304	买盘
13:07:12	7.88	--	120	94560	买盘
13:07:07	7.88	--	3	2364	买盘
13:06:57	7.88	-0.02	314	247432	卖盘
13:06:52	7.9	0.01	31	24490	买盘
13:06:47	7.89	--	1	789	卖盘
13:06:37	7.89	--	62	48918	卖盘
13:06:32	7.89	0.01	31	24853	买盘
13:06:17	7.88	-0.01	195	153660	卖盘
13:06:12	7.89	--	24	18936	买盘
13:06:07	7.89	--	15	11835	买盘
13:05:56	7.89	--	60	47340	买盘
13:05:47	7.89	--	9	7495	卖盘
13:05:41	7.89	--	7	5523	卖盘
13:05:37	7.89	--	30	23670	卖盘
13:05:17	7.89	--	9	7101	卖盘
13:05:02	7.89	--	10	7890	卖盘
13:04:47	7.89	--	8	6312	卖盘
13:04:37	7.89	--	16	12624	卖盘
13:04:32	7.89	--	1	1183	卖盘
13:04:26	7.89	-0.01	3	2367	卖盘
13:04:21	7.9	0.01	12	9480	买盘
13:04:17	7.89	-0.01	22	17358	卖盘
13:04:06	7.9	--	67	52930	卖盘
13:03:47	7.9	--	13	10270	买盘
13:03:36	7.9	--	47	37130	买盘
13:03:17	7.9	--	0	0	卖盘
13:03:11	7.9	--	5	3950	卖盘
13:03:06	7.9	--	32	25280	卖盘
13:02:56	7.9	--	20	15800	卖盘
13:02:36	7.9	-0.01	6	4740	卖盘
13:02:26	7.91	--	16	12656	买盘
13:02:21	7.91	--	15	11865	买盘
13:02:06	7.91	0.01	2	1582	买盘
13:01:56	7.9	-0.01	10	7900	卖盘
13:01:21	7.91	0.01	14	11074	买盘
13:00:36	7.9	-0.01	6	4740	卖盘
13:00:31	7.91	--	31	24521	卖盘
13:00:16	7.91	0.01	5	3955	卖盘
13:00:06	7.9	--	206	162740	卖盘
11:30:00	7.9	--	0	0	卖盘
11:30:00	7.9	--	10	7900	卖盘
11:29:42	7.9	0.01	21	16590	买盘
11:29:37	7.89	0.01	1	789	卖盘
11:29:31	7.88	--	0	0	卖盘
11:29:27	7.88	-0.01	90	70920	卖盘
11:29:22	7.89	-0.01	5	3945	卖盘
11:29:16	7.9	--	0	0	买盘
11:28:57	7.9	--	16	12640	买盘
11:28:52	7.9	0.01	21	16590	买盘
11:28:46	7.89	-0.01	1	789	卖盘
11:28:42	7.9	--	10	7900	买盘
11:28:27	7.9	--	85	67545	卖盘
11:28:22	7.9	--	47	37130	卖盘
11:28:16	7.9	--	0	0	卖盘
11:28:01	7.9	--	106	84135	卖盘
11:27:46	7.9	--	0	0	卖盘
11:27:42	7.9	--	170	134300	卖盘
11:27:31	7.9	-0.01	30	23700	卖盘
11:27:27	7.91	0.01	56	44296	买盘
11:27:22	7.9	--	50	39500	卖盘
11:27:16	7.9	-0.01	1	790	卖盘
11:27:07	7.91	--	50	39550	买盘
11:26:57	7.91	--	21	17006	卖盘
11:26:52	7.91	--	19	15029	卖盘
11:26:46	7.91	0.01	10	8305	买盘
11:26:12	7.9	--	26	20540	卖盘
11:26:01	7.9	0.02	267	211325	买盘
11:25:52	7.88	0.01	111	87468	买盘
11:25:46	7.87	--	20	15740	买盘
11:25:42	7.87	--	26	20462	卖盘
11:25:21	7.87	-0.01	2	1574	卖盘
11:25:10	7.88	0.01	25	19700	买盘
11:25:01	7.87	0.01	5	3935	买盘
11:24:55	7.86	0.01	7	5502	卖盘
11:24:51	7.85	--	80	62800	卖盘
11:24:46	7.85	-0.01	122	95770	卖盘
11:24:40	7.86	--	49	38514	买盘
11:24:36	7.86	0.01	6	4716	买盘
11:24:31	7.85	-0.01	146	114610	卖盘
11:24:25	7.86	--	106	83316	买盘
11:24:16	7.86	--	20	15720	中性盘
11:24:10	7.86	-0.02	50	39300	卖盘
11:24:06	7.88	0.02	45	35460	买盘
11:24:01	7.86	--	20	15720	卖盘
11:23:55	7.86	--	200	157200	卖盘
11:23:46	7.86	--	33	25938	卖盘
11:23:40	7.86	-0.02	300	235800	卖盘
11:23:36	7.88	0.02	18	14184	买盘
11:23:31	7.86	--	0	0	卖盘
11:23:25	7.86	--	60	47160	卖盘
11:23:16	7.86	-0.01	30	23580	卖盘
11:23:10	7.87	--	1	787	卖盘
11:23:07	7.87	--	19	14953	买盘
11:23:01	7.87	0.01	83	65321	买盘
11:22:55	7.86	--	29	22794	卖盘
11:22:51	7.86	-0.01	29	22794	卖盘
11:22:46	7.87	0.01	39	30693	买盘
11:22:40	7.86	--	10	7860	卖盘
11:22:36	7.86	-0.01	105	82530	卖盘
11:22:31	7.87	0.01	24	18888	买盘
11:22:25	7.86	-0.01	7	5502	卖盘
11:22:16	7.87	0.01	13	10231	买盘
11:22:10	7.86	-0.01	228	179208	卖盘
11:22:06	7.87	--	1	787	卖盘
11:22:01	7.87	--	34	26758	卖盘
11:21:51	7.87	--	24	18888	卖盘
11:21:46	7.87	--	1	787	卖盘
11:21:40	7.87	-0.01	177	139299	卖盘
11:21:36	7.88	0.01	60	47280	买盘
11:21:25	7.87	--	6	4722	卖盘
11:21:21	7.87	--	26	20462	卖盘
11:21:16	7.87	--	59	46433	卖盘
11:21:10	7.87	--	5	3935	卖盘
11:21:06	7.87	-0.01	7	5509	卖盘
11:20:55	7.88	0.01	5	3940	买盘
11:20:51	7.87	--	2	1574	卖盘
11:20:40	7.87	--	7	5509	卖盘
11:20:36	7.87	-0.01	138	108606	卖盘
11:20:25	7.88	0.01	12	9456	买盘
11:20:21	7.87	-0.01	14	11018	卖盘
11:20:06	7.88	--	20	15760	卖盘
11:19:51	7.88	-0.01	100	78800	卖盘
11:19:46	7.89	0.01	50	39450	买盘
11:19:40	7.88	--	10	7880	卖盘
11:19:36	7.88	--	26	20488	卖盘
11:19:25	7.88	--	14	11032	买盘
11:19:20	7.88	--	59	46492	卖盘
11:19:16	7.88	--	15	11820	卖盘
11:19:10	7.88	--	12	9456	买盘
11:19:04	7.88	--	2	1576	买盘
11:19:01	7.88	--	6	4728	买盘
11:18:55	7.88	--	3	2364	买盘
11:18:49	7.88	--	5	3940	买盘
11:18:45	7.88	-0.01	93	73284	卖盘
11:18:40	7.89	0.01	2	1578	买盘
11:18:34	7.88	--	51	40188	卖盘
11:18:30	7.88	-0.01	6	4728	卖盘
11:18:15	7.89	0.01	1	789	买盘
11:18:10	7.88	--	98	77224	卖盘
11:18:00	7.88	--	8	6304	卖盘
11:17:40	7.88	-0.01	10	7880	卖盘
11:17:34	7.89	--	28	22092	买盘
11:17:25	7.89	--	66	52468	卖盘
11:17:19	7.89	--	33	26037	卖盘
11:17:10	7.89	0.01	2	1972	卖盘
11:17:04	7.88	--	0	0	卖盘
11:16:55	7.88	--	0	0	卖盘
11:16:49	7.88	-0.03	3	2364	卖盘
11:16:45	7.91	0.03	50	39550	买盘
11:16:40	7.88	-0.01	26	20488	卖盘
11:16:34	7.89	0.01	4	3156	买盘
11:16:25	7.88	-0.01	26	20488	卖盘
11:16:19	7.89	0.01	173	136497	买盘
11:16:04	7.88	--	20	15760	卖盘
11:15:55	7.88	-0.01	316	249008	卖盘
11:15:49	7.89	--	2	1578	买盘
11:15:45	7.89	--	46	36294	买盘
11:15:40	7.89	--	10	7890	买盘
11:15:34	7.89	-0.01	86	67854	卖盘
11:15:10	7.9	--	59	46610	卖盘
11:15:04	7.9	0.01	46	36340	买盘
11:14:55	7.89	-0.01	21	16569	卖盘
11:14:49	7.9	0.01	5	3950	买盘
11:14:34	7.89	--	0	0	卖盘
11:14:25	7.89	-0.01	29	22881	卖盘
11:14:19	7.9	0.01	103	81370	买盘
11:14:04	7.89	--	6	4734	卖盘
11:14:00	7.89	--	3	2367	卖盘
11:13:55	7.89	--	18	14202	卖盘
11:13:49	7.89	--	2	1578	卖盘
11:13:45	7.89	0.01	23	18147	买盘
11:13:40	7.88	--	28	22064	卖盘
11:13:34	7.88	-0.01	20	15760	卖盘
11:13:30	7.89	0.01	1	789	买盘
11:13:25	7.88	--	6	4728	卖盘
11:13:19	7.88	--	10	7880	卖盘
11:13:15	7.88	--	17	13396	卖盘
11:13:04	7.88	0.01	24	18912	买盘
11:13:00	7.87	-0.01	3	2361	卖盘
11:12:54	7.88	0.01	1	788	买盘
11:12:49	7.87	-0.01	6	4722	卖盘
11:12:44	7.88	--	3	2364	买盘
11:12:40	7.88	--	433	341204	卖盘
11:12:34	7.88	--	65	51220	卖盘
11:12:29	7.88	-0.01	11	8668	卖盘
11:12:25	7.89	--	20	15780	买盘
11:12:19	7.89	--	76	59964	买盘
11:12:15	7.89	--	19	14991	卖盘
11:12:09	7.89	--	112	88368	买盘
11:11:49	7.89	--	41	32349	卖盘
11:11:43	7.89	-0.01	10	7890	卖盘
11:11:34	7.9	0.01	35	27650	买盘
11:11:28	7.89	--	68	53652	卖盘
11:11:19	7.89	--	10	7890	卖盘
11:11:13	7.89	-0.01	15	11835	卖盘
11:10:58	7.9	--	32	25280	卖盘
11:10:54	7.9	-0.01	2	1580	卖盘
11:10:49	7.91	0.01	21	16611	买盘
11:10:43	7.9	--	55	43450	卖盘
11:10:34	7.9	--	54	42660	卖盘
11:10:28	7.9	--	31	24490	卖盘
11:10:24	7.9	--	69	54510	卖盘
11:10:19	7.9	--	33	26070	卖盘
11:10:13	7.9	--	3	2370	卖盘
11:09:58	7.9	-0.01	20	15800	卖盘
11:09:49	7.91	0.01	10	7910	买盘
11:09:43	7.9	-0.01	6	4740	卖盘
11:09:39	7.91	0.01	4	3164	买盘
11:09:34	7.9	-0.01	15	11850	卖盘
11:09:19	7.91	0.01	7	5537	买盘
11:09:13	7.9	--	22	17380	卖盘
11:09:04	7.9	--	6	4740	卖盘
11:08:54	7.9	--	43	33970	买盘
11:08:49	7.9	--	64	50560	买盘
11:08:39	7.9	--	33	26070	卖盘
11:08:13	7.9	--	10	7900	卖盘
11:07:58	7.9	--	5	3950	买盘
11:07:54	7.9	--	3	2370	买盘
11:07:49	7.9	--	2	1580	卖盘
11:07:43	7.9	--	6	4740	卖盘
11:07:34	7.9	--	7	5530	买盘
11:07:24	7.9	-0.01	10	7900	卖盘
11:07:13	7.91	0.01	34	26894	买盘
11:07:09	7.9	--	16	12640	买盘
11:07:04	7.9	--	1	790	买盘
11:06:58	7.9	--	1	790	买盘
11:06:54	7.9	--	55	43450	卖盘
11:06:48	7.9	--	4	3555	卖盘
11:06:39	7.9	--	15	11850	卖盘
11:06:28	7.9	--	2	1580	卖盘
11:06:23	7.9	--	9	7110	卖盘
11:06:19	7.9	--	23	18170	卖盘
11:06:13	7.9	--	17	13430	卖盘
11:06:08	7.9	--	152	120080	卖盘
11:05:58	7.9	-0.01	47	37130	卖盘
11:05:53	7.91	--	331	261821	卖盘
11:05:43	7.91	--	50	39550	卖盘
11:05:37	7.91	--	1	791	卖盘
11:05:22	7.91	--	10	7910	卖盘
11:05:18	7.91	--	4	3164	卖盘
11:05:13	7.91	-0.01	16	12656	卖盘
11:04:58	7.92	-0.01	174	137808	卖盘
11:04:52	7.93	0.01	2	1586	买盘
11:04:43	7.92	-0.01	43	34056	卖盘
11:04:37	7.93	--	20	15860	买盘
11:04:28	7.93	--	2	1586	买盘
11:04:07	7.93	--	12	9516	卖盘
11:03:58	7.93	--	30	23790	卖盘
11:03:48	7.93	--	31	24583	卖盘
11:03:43	7.93	--	32	25376	买盘
11:03:33	7.93	--	10	7930	买盘
11:03:28	7.93	--	16	12688	买盘
11:03:13	7.93	--	50	39650	买盘
11:03:03	7.93	--	2	1586	买盘
11:02:52	7.93	--	72	57096	卖盘
11:02:43	7.93	--	5	3965	卖盘
11:02:37	7.93	--	20	15860	卖盘
11:02:33	7.93	--	1	793	卖盘
11:02:28	7.93	--	70	55510	卖盘
11:02:07	7.93	--	17	13481	卖盘
11:01:52	7.93	--	17	13481	卖盘
11:01:22	7.93	--	40	31720	卖盘
11:01:18	7.93	--	8	6344	卖盘
11:00:52	7.93	--	278	220454	卖盘
11:00:33	7.93	--	1	793	卖盘
11:00:03	7.93	0.01	113	89609	买盘
10:59:52	7.92	-0.01	37	29304	卖盘
10:59:48	7.93	--	151	119743	买盘
10:59:37	7.93	--	16	12688	买盘
10:59:31	7.93	--	64	50752	买盘
10:59:22	7.93	--	100	79300	买盘
10:59:17	7.93	0.01	5	3965	买盘
10:59:01	7.92	--	20	15840	卖盘
10:58:52	7.92	--	3	2376	卖盘
10:58:46	7.92	-0.01	52	41184	卖盘
10:58:42	7.93	--	1	793	买盘
10:58:31	7.93	0.01	5	3965	买盘
10:58:27	7.92	-0.01	1	792	卖盘
10:58:12	7.93	--	9	7137	买盘
10:58:01	7.93	--	1	793	买盘
10:57:52	7.93	0.01	20	15860	中性盘
10:57:37	7.92	--	142	112464	买盘
10:57:31	7.92	--	5	3960	买盘
10:57:27	7.92	-0.01	373	295416	卖盘
10:57:07	7.93	-0.01	6	4758	卖盘
10:56:52	7.94	--	31	24614	买盘
10:56:37	7.94	--	8	6352	买盘
10:56:27	7.94	0.01	9	7146	买盘
10:56:22	7.93	-0.02	32	25376	卖盘
10:56:16	7.95	0.01	10	7950	买盘
10:56:12	7.94	-0.01	1	794	卖盘
10:56:01	7.95	--	0	0	买盘
10:55:52	7.95	0.01	40	31800	买盘
10:55:42	7.94	--	11	8734	买盘
10:55:37	7.94	--	10	7940	买盘
10:55:31	7.94	0.01	47	37318	卖盘
10:55:22	7.93	-0.01	100	79300	卖盘
10:55:12	7.94	-0.01	3	2382	卖盘
10:55:07	7.95	0.02	219	174105	买盘
10:54:46	7.93	--	0	0	卖盘
10:54:42	7.93	-0.02	0	396	卖盘
10:54:37	7.95	--	8	6360	买盘
10:54:27	7.95	--	10	7950	买盘
10:54:16	7.95	--	58	46110	买盘
10:54:12	7.95	--	6	4770	买盘
10:54:07	7.95	0.01	158	125610	买盘
10:53:52	7.94	--	15	11910	卖盘
10:53:46	7.94	0.02	160	127040	买盘
10:53:41	7.92	--	1	792	买盘
10:53:37	7.92	-0.01	64	50688	卖盘
10:53:31	7.93	0.01	11	8723	买盘
10:53:27	7.92	-0.01	12	9504	卖盘
10:53:21	7.93	--	50	39650	买盘
10:53:07	7.93	--	15	11895	买盘
10:53:01	7.93	0.01	55	43615	买盘
10:52:40	7.92	0.01	213	168696	买盘
10:52:25	7.91	--	14	11074	卖盘
10:52:21	7.91	-0.01	50	39550	卖盘
10:52:16	7.92	0.01	540	427680	买盘
10:52:06	7.91	--	1	791	卖盘
10:52:01	7.91	--	9	7119	卖盘
10:51:55	7.91	--	24	18984	卖盘
10:51:46	7.91	--	14	11074	卖盘
10:51:25	7.91	--	10	7910	卖盘
10:51:21	7.91	0.01	2	1582	买盘
10:51:16	7.9	--	267	210930	卖盘
10:51:10	7.9	--	16	12640	卖盘
10:51:06	7.9	--	25	19750	卖盘
10:50:55	7.9	--	50	39500	卖盘
10:50:51	7.9	--	5	3950	卖盘
10:50:31	7.9	--	0	0	卖盘
10:50:16	7.9	-0.02	5	3950	卖盘
10:50:10	7.92	0.01	30	23760	买盘
10:50:06	7.91	-0.01	1	791	卖盘
10:50:01	7.92	--	20	15840	买盘
10:49:40	7.92	0.02	20	15840	买盘
10:49:36	7.9	--	0	0	卖盘
10:49:31	7.9	--	3	2370	卖盘
10:49:25	7.9	--	31	24490	卖盘
10:49:16	7.9	-0.02	120	94800	卖盘
10:49:06	7.92	0.01	15	11880	买盘
10:48:55	7.91	--	127	100457	卖盘
10:48:51	7.91	--	104	82264	卖盘
10:48:46	7.91	--	1	791	卖盘
10:48:31	7.91	-0.01	5	3955	卖盘
10:48:25	7.92	--	6	4752	买盘
10:48:21	7.92	0.01	6	4752	买盘
10:48:16	7.91	-0.01	4	3164	卖盘
10:48:10	7.92	--	2	1584	买盘
10:47:55	7.92	--	22	17424	买盘
10:47:40	7.92	-0.01	326	258588	卖盘
10:47:36	7.93	--	14	11498	卖盘
10:47:25	7.93	--	5	3965	卖盘
10:47:21	7.93	--	30	23790	卖盘
10:47:10	7.93	--	15	11895	卖盘
10:47:06	7.93	--	67	53131	买盘
10:46:40	7.93	0.01	68	53924	买盘
10:46:36	7.92	--	15	12276	卖盘
10:46:25	7.92	-0.01	50	39600	卖盘
10:46:19	7.93	0.01	5	3965	买盘
10:46:15	7.92	-0.01	19	15048	卖盘
10:46:10	7.93	0.01	78	61854	买盘
10:45:49	7.92	--	114	90288	卖盘
10:45:45	7.92	--	8	6732	买盘
10:45:40	7.92	--	19	15048	买盘
10:45:34	7.92	--	2	1584	买盘
10:45:30	7.92	--	26	20592	卖盘
10:45:15	7.92	0.01	5	3960	卖盘
10:45:10	7.91	-0.01	60	47460	卖盘
10:45:04	7.92	--	36	28512	买盘
10:44:55	7.92	--	28	22176	买盘
10:44:49	7.92	--	10	7920	买盘
10:44:40	7.92	--	33	26136	买盘
10:44:34	7.92	--	1	792	卖盘
10:44:25	7.92	--	4	3168	卖盘
10:44:19	7.92	--	5	3960	卖盘
10:44:10	7.92	--	125	99000	买盘
10:44:04	7.92	0.01	36	28512	买盘
10:44:00	7.91	--	20	15820	卖盘
10:43:45	7.91	-0.01	7	5537	卖盘
10:43:40	7.92	--	415	328680	买盘
10:43:34	7.92	--	21	16632	买盘
10:43:30	7.92	--	5	3960	买盘
10:43:25	7.92	--	5	3960	买盘
10:43:15	7.92	--	10	7920	买盘
10:43:10	7.92	--	240	190080	卖盘
10:43:04	7.92	--	51	40392	卖盘
10:42:55	7.92	--	74	58608	卖盘
10:42:49	7.92	--	17	13464	买盘
10:42:40	7.92	--	48	38016	买盘
10:42:19	7.92	--	33	26136	卖盘
10:42:15	7.92	--	10	7920	卖盘
10:42:04	7.92	0.02	34	26928	买盘
10:41:55	7.9	-0.02	75	59250	卖盘
10:41:45	7.92	-0.01	233	184536	买盘
10:41:34	7.93	0.01	22	17446	买盘
10:41:30	7.92	0.01	11	8712	中性盘
10:41:25	7.91	--	5	3955	卖盘
10:41:19	7.91	-0.01	19	15029	卖盘
10:41:15	7.92	0.01	43	34056	买盘
10:41:10	7.91	0.02	15	12260	卖盘
10:41:04	7.89	--	0	0	卖盘
10:41:00	7.89	0.01	20	15780	卖盘
10:40:44	7.88	-0.01	25	19700	卖盘
10:40:40	7.89	--	80	63120	买盘
10:40:34	7.89	0.01	33	26037	买盘
10:40:30	7.88	-0.01	16	12608	卖盘
10:40:24	7.89	0.01	6	4734	买盘
10:40:15	7.88	--	20	15760	卖盘
10:40:04	7.88	--	65	51220	买盘
10:39:59	7.88	--	1	788	买盘
10:39:55	7.88	--	234	184392	卖盘
10:39:43	7.88	--	2	1576	卖盘
10:39:39	7.88	--	2	1576	卖盘
10:39:34	7.88	-0.01	47	37036	卖盘
10:39:28	7.89	0.01	3	2367	中性盘
10:39:19	7.88	--	153	120564	卖盘
10:39:13	7.88	-0.01	222	174936	卖盘
10:38:58	7.89	-0.01	577	455253	卖盘
10:38:49	7.9	-0.01	9	7110	卖盘
10:38:43	7.91	0.01	33	26103	买盘
10:38:39	7.9	--	11	8690	卖盘
10:38:34	7.9	-0.01	20	15800	卖盘
10:38:13	7.91	0.01	30	23730	买盘
10:38:09	7.9	--	40	31600	卖盘
10:38:04	7.9	-0.01	100	79000	卖盘
10:37:49	7.91	-0.01	26	20566	卖盘
10:37:43	7.92	0.02	28	22176	买盘
10:37:39	7.9	--	2	1580	买盘
10:37:34	7.9	-0.02	398	314420	卖盘
10:37:24	7.92	--	3	2376	卖盘
10:37:13	7.92	0.01	4	3168	中性盘
10:37:09	7.91	-0.01	112	88592	卖盘
10:37:04	7.92	--	56	44352	卖盘
10:36:58	7.92	--	4	3168	卖盘
10:36:49	7.92	--	27	21384	卖盘
10:36:43	7.92	-0.02	15	11880	卖盘
10:36:39	7.94	--	38	30172	买盘
10:36:34	7.94	--	13	10322	买盘
10:36:28	7.94	--	0	0	中性盘
10:36:24	7.94	--	20	15880	买盘
10:36:19	7.94	-0.01	3	2382	卖盘
10:36:13	7.95	--	17	13515	买盘
10:36:04	7.95	--	0	0	中性盘
10:35:58	7.95	--	7	5565	卖盘
10:35:54	7.95	--	13	10335	卖盘
10:35:49	7.95	--	7	5565	卖盘
10:35:43	7.95	0.01	81	64395	买盘
10:35:34	7.94	--	3	2382	卖盘
10:35:28	7.94	0.02	17	13498	买盘
10:35:24	7.92	-0.02	199	157608	卖盘
10:35:13	7.94	--	390	309660	买盘
10:35:09	7.94	--	2	1588	买盘
10:35:04	7.94	--	43	34142	买盘
10:34:58	7.94	--	6	4764	买盘
10:34:43	7.94	--	1402	1113188	卖盘
10:34:39	7.94	-0.01	185	146890	卖盘
10:34:34	7.95	0.01	25	19875	买盘
10:34:28	7.94	-0.01	50	39700	卖盘
10:34:23	7.95	0.01	2	1590	买盘
10:34:13	7.94	--	252	200088	买盘
10:34:09	7.94	--	0	0	买盘
10:34:03	7.94	--	187	148478	买盘
10:33:54	7.94	0.01	178	141332	买盘
10:33:49	7.93	-0.01	7	5551	卖盘
10:33:43	7.94	--	19	15086	买盘
10:33:38	7.94	--	28	22232	买盘
10:33:34	7.94	--	62	49228	买盘
10:33:28	7.94	-0.01	78	61932	卖盘
10:33:23	7.95	--	6	4770	买盘
10:33:18	7.95	--	42	33390	买盘
10:33:13	7.95	--	16	12720	卖盘
10:33:07	7.95	--	95	75525	买盘
10:33:04	7.95	--	13	10335	买盘
10:32:58	7.95	0.01	2	1590	买盘
10:32:52	7.94	--	14	11116	卖盘
10:32:48	7.94	--	68	53992	买盘
10:32:43	7.94	0.01	379	300926	买盘
10:32:37	7.93	--	8	6344	卖盘
10:32:28	7.93	0.01	2	1586	买盘
10:32:22	7.92	--	0	0	卖盘
10:32:13	7.92	--	70	55440	卖盘
10:32:07	7.92	--	17	13464	买盘
10:32:03	7.92	--	33	26136	卖盘
10:31:52	7.92	0.01	30	23760	中性盘
10:31:48	7.91	-0.02	30	23730	卖盘
10:31:43	7.93	0.01	92	72956	买盘
10:31:33	7.92	--	16	12672	卖盘
10:31:22	7.92	--	0	0	卖盘
10:31:18	7.92	-0.01	6	4752	卖盘
10:31:13	7.93	--	0	0	买盘
10:31:07	7.93	0.01	115	91195	买盘
10:31:03	7.92	--	55	43560	卖盘
10:30:58	7.92	--	81	64152	卖盘
10:30:52	7.92	--	10	7920	卖盘
10:30:37	7.92	--	114	90288	买盘
10:30:28	7.92	--	45	35640	买盘
10:30:22	7.92	--	35	27720	买盘
10:30:13	7.92	-0.01	714	565488	卖盘
10:30:07	7.93	-0.01	20	15860	买盘
10:30:03	7.94	--	0	0	买盘
10:29:58	7.94	--	82	65108	买盘
10:29:48	7.94	--	353	280282	卖盘
10:29:43	7.94	-0.01	10	7940	卖盘
10:29:37	7.95	--	655	520725	买盘
10:29:33	7.95	--	92	73140	买盘
10:29:28	7.95	0.01	19	15105	买盘
10:29:22	7.94	--	27	21438	卖盘
10:29:13	7.94	--	31	24614	卖盘
10:29:07	7.94	0.01	212	168328	买盘
10:29:03	7.93	--	5	3965	卖盘
10:28:58	7.93	--	20	15860	卖盘
10:28:52	7.93	-0.01	13	10309	卖盘
10:28:48	7.94	0.01	16	12704	买盘
10:28:43	7.93	-0.01	11	8723	卖盘
10:28:37	7.94	--	28	22232	卖盘
10:28:33	7.94	--	14	11116	买盘
10:28:22	7.94	0.01	45	35730	买盘
10:28:18	7.93	-0.01	2	1586	卖盘
10:28:13	7.94	--	13	10322	买盘
10:28:07	7.94	--	185	146890	买盘
10:28:03	7.94	0.01	30	23820	买盘
10:27:58	7.93	-0.01	31	24583	卖盘
10:27:52	7.94	--	88	69872	买盘
10:27:48	7.94	--	0	0	买盘
10:27:43	7.94	0.01	32	25408	买盘
10:27:37	7.93	-0.01	151	119743	卖盘
10:27:33	7.94	--	10	7940	买盘
10:27:27	7.94	--	36	28584	买盘
10:27:22	7.94	--	46	36524	卖盘
10:27:17	7.94	--	6	4764	卖盘
10:27:13	7.94	--	81	64314	买盘
10:27:07	7.94	0.01	128	101632	买盘
10:27:02	7.93	--	22	17446	卖盘
10:26:47	7.93	--	11	8723	卖盘
10:26:42	7.93	0.01	57	45201	买盘
10:26:37	7.92	--	4	3168	卖盘
10:26:31	7.92	--	233	184536	卖盘
10:26:22	7.92	0.01	511	404712	买盘
10:26:12	7.91	--	10	7910	卖盘
10:26:01	7.91	--	63	49833	买盘
10:25:52	7.91	--	17	13447	买盘
10:25:46	7.91	--	8	6328	买盘
10:25:42	7.91	--	52	41132	买盘
10:25:31	7.91	0.01	9	7119	买盘
10:25:27	7.9	-0.01	11	8690	卖盘
10:25:16	7.91	--	10	7910	买盘
10:25:12	7.91	--	36	28476	买盘
10:25:07	7.91	0.01	5	4350	买盘
10:25:01	7.9	-0.01	10	7900	卖盘
10:24:52	7.91	0.01	223	176393	买盘
10:24:46	7.9	--	57	45030	卖盘
10:24:42	7.9	--	20	15800	买盘
10:24:37	7.9	--	20	15800	买盘
10:24:31	7.9	--	2	1580	买盘
10:24:16	7.9	0.01	10	7900	买盘
10:24:12	7.89	0.01	30	23670	中性盘
10:24:07	7.88	-0.01	159	125292	卖盘
10:24:01	7.89	--	42	33138	买盘
10:23:57	7.89	--	48	37872	买盘
10:23:52	7.89	--	161	127029	买盘
10:23:46	7.89	--	42	33138	买盘
10:23:42	7.89	--	257	202773	买盘
10:23:37	7.89	-0.01	385	304159	卖盘
10:23:31	7.9	--	154	121660	卖盘
10:23:27	7.9	--	190	150495	买盘
10:23:22	7.9	--	30	23700	买盘
10:23:16	7.9	--	15	11850	买盘
10:23:12	7.9	--	884	698360	买盘
10:23:07	7.9	--	21	16590	买盘
10:23:01	7.9	0.01	25	19750	买盘
10:22:57	7.89	--	13	10257	卖盘
10:22:52	7.89	-0.01	156	123084	卖盘
10:22:46	7.9	--	40	31600	买盘
10:22:42	7.9	--	184	145360	买盘
10:22:37	7.9	0.03	15	11850	买盘
10:22:31	7.87	--	0	0	卖盘
10:22:27	7.87	-0.02	300	236100	卖盘
10:22:12	7.89	--	0	394	买盘
10:22:01	7.89	--	16	12624	买盘
10:21:57	7.89	--	1	1183	卖盘
10:21:52	7.89	--	8	6706	买盘
10:21:42	7.89	--	0	0	买盘
10:21:31	7.89	0.01	50	39450	买盘
10:21:27	7.88	--	43	33884	买盘
10:21:22	7.88	--	2	1576	买盘
10:21:16	7.88	0.01	32	25216	买盘
10:21:11	7.87	-0.01	769	605203	卖盘
10:21:01	7.88	--	100	78800	买盘
10:20:57	7.88	--	378	298258	卖盘
10:20:51	7.88	-0.01	26	20488	卖盘
10:20:46	7.89	--	31	24459	买盘
10:20:42	7.89	--	123	97047	买盘
10:20:36	7.89	0.01	20	15780	买盘
10:20:31	7.88	--	1	788	卖盘
10:20:27	7.88	--	113	89438	买盘
10:20:16	7.88	--	23	18124	买盘
10:20:11	7.88	0.01	643	506684	买盘
10:20:06	7.87	--	34	26758	卖盘
10:20:01	7.87	--	41	32267	卖盘
10:19:55	7.87	-0.01	10	7870	卖盘
10:19:46	7.88	--	7	5516	买盘
10:19:40	7.88	0.01	218	171784	买盘
10:19:36	7.87	-0.01	15	11805	卖盘
10:19:25	7.88	--	25	19700	卖盘
10:19:21	7.88	0.01	1	788	中性盘
10:19:16	7.87	-0.01	21	16527	卖盘
10:19:10	7.88	--	22	17336	买盘
10:19:01	7.88	--	2	1576	买盘
10:18:55	7.88	--	5	3940	买盘
10:18:46	7.88	--	2	1576	卖盘
10:18:40	7.88	-0.01	64	50432	卖盘
10:18:16	7.89	-0.01	12	9468	卖盘
10:18:10	7.9	0.03	56	44240	买盘
10:18:06	7.87	-0.01	81	63747	卖盘
10:18:01	7.88	-0.02	68	53584	卖盘
10:17:55	7.9	0.02	11	8690	买盘
10:17:46	7.88	-0.02	1	788	卖盘
10:17:40	7.9	--	107	84530	买盘
10:17:31	7.9	--	19	15010	买盘
10:17:16	7.9	--	37	29230	买盘
10:17:10	7.9	--	194	153260	买盘
10:16:55	7.9	0.01	86	67940	买盘
10:16:46	7.89	--	0	0	中性盘
10:16:40	7.89	--	26	20514	买盘
10:16:31	7.89	0.01	5	3945	买盘
10:16:25	7.88	--	0	0	卖盘
10:16:21	7.88	--	30	23640	卖盘
10:16:16	7.88	0.02	10	8274	买盘
10:16:10	7.86	-0.01	111	87246	卖盘
10:15:51	7.87	-0.01	8	6296	中性盘
10:15:40	7.88	0.01	14	11032	买盘
10:15:36	7.87	--	40	31873	卖盘
10:15:31	7.87	-0.01	20	15740	卖盘
10:15:21	7.88	--	153	120564	卖盘
10:15:16	7.88	-0.01	1	788	卖盘
10:15:10	7.89	0.01	43	33927	买盘
10:15:06	7.88	--	1	1182	卖盘
10:14:55	7.88	-0.01	1	788	卖盘
10:14:40	7.89	0.01	81	63909	买盘
10:14:36	7.88	--	72	56736	卖盘
10:14:31	7.88	--	10	7880	卖盘
10:14:25	7.88	--	36	28368	卖盘
10:14:20	7.88	--	30	23640	卖盘
10:14:10	7.88	--	58	45704	卖盘
10:13:55	7.88	-0.01	18	14184	卖盘
10:13:40	7.89	0.01	21	16569	买盘
10:13:34	7.88	-0.02	233	183604	卖盘
10:13:30	7.9	--	19	15010	买盘
10:13:25	7.9	--	63	49770	买盘
10:13:19	7.9	--	36	28440	卖盘
10:13:15	7.9	0.01	6	4740	卖盘
10:13:10	7.89	-0.01	70	55230	卖盘
10:13:04	7.9	0.01	21	16590	买盘
10:13:00	7.89	-0.01	100	78900	卖盘
10:12:55	7.9	--	12	9480	买盘
10:12:40	7.9	--	53	41870	买盘
10:12:34	7.9	--	10	7900	买盘
10:12:25	7.9	--	50	39500	卖盘
10:12:15	7.9	-0.01	4	3160	卖盘
10:12:10	7.91	0.01	20	15820	买盘
10:11:55	7.9	--	57	45030	买盘
10:11:49	7.9	--	30	23700	买盘
10:11:45	7.9	--	10	7900	买盘
10:11:40	7.9	0.01	149	117710	买盘
10:11:34	7.89	--	12	9468	卖盘
10:11:25	7.89	0.01	38	29982	买盘
10:11:15	7.88	--	0	0	卖盘
10:11:10	7.88	--	115	90620	买盘
10:11:04	7.88	--	1	788	买盘
10:11:00	7.88	-0.01	42	33096	卖盘
10:10:55	7.89	--	22	17358	买盘
10:10:49	7.89	--	23	18147	买盘
10:10:45	7.89	--	5	3945	买盘
10:10:40	7.89	0.01	57	44973	买盘
10:10:34	7.88	-0.01	1	788	卖盘
10:10:30	7.89	0.01	19	14991	买盘
10:10:25	7.88	0.01	37	29156	买盘
10:10:19	7.87	-0.01	33	25971	卖盘
10:10:15	7.88	0.01	7	5516	买盘
10:10:10	7.87	--	156	122772	卖盘
10:10:04	7.87	--	9	7083	卖盘
10:09:55	7.87	--	32	25184	买盘
10:09:49	7.87	--	137	107819	买盘
10:09:45	7.87	--	12	9444	买盘
10:09:40	7.87	0.02	41	32267	买盘
10:09:34	7.85	--	0	0	卖盘
10:09:30	7.85	-0.01	23	18055	卖盘
10:09:19	7.86	0.01	35	27510	买盘
10:09:15	7.85	-0.01	40	31400	卖盘
10:09:09	7.86	0.02	69	54234	买盘
10:09:04	7.84	-0.01	204	159936	卖盘
10:09:00	7.85	--	29	22765	买盘
10:08:54	7.85	0.01	9	7065	买盘
10:08:49	7.84	--	5	3920	卖盘
10:08:45	7.84	--	8	6272	卖盘
10:08:40	7.84	--	142	111328	买盘
10:08:34	7.84	--	28	21952	买盘
10:08:30	7.84	--	922	723240	买盘
10:08:24	7.84	--	10	7840	买盘
10:08:19	7.84	--	26	20384	买盘
10:08:15	7.84	-0.01	401	314776	卖盘
10:08:09	7.85	--	76	59660	买盘
10:08:04	7.85	0.01	44	34540	买盘
10:08:00	7.84	--	24	18816	卖盘
10:07:55	7.84	--	1	784	卖盘
10:07:49	7.84	--	18	14112	卖盘
10:07:45	7.84	-0.01	93	72912	卖盘
10:07:39	7.85	0.01	5	3925	买盘
10:07:34	7.84	-0.01	171	134064	卖盘
10:07:28	7.85	--	52	40820	买盘
10:07:24	7.85	0.01	10	7850	买盘
10:07:19	7.84	--	34	26656	卖盘
10:07:13	7.84	-0.01	50	39200	卖盘
10:07:09	7.85	0.01	27	21587	买盘
10:07:04	7.84	-0.01	123	96432	卖盘
10:06:58	7.85	--	33	25905	买盘
10:06:54	7.85	--	12	9420	买盘
10:06:49	7.85	--	25	20017	卖盘
10:06:43	7.85	-0.01	210	164850	卖盘
10:06:39	7.86	0.01	65	51090	买盘
10:06:34	7.85	--	101	79285	卖盘
10:06:28	7.85	-0.01	55	43175	卖盘
10:06:19	7.86	-0.01	48	37728	卖盘
10:06:13	7.87	0.01	3	2361	买盘
10:06:09	7.86	--	94	73884	卖盘
10:06:04	7.86	--	33	25938	卖盘
10:05:49	7.86	--	114	89604	买盘
10:05:39	7.86	0.01	77	60522	买盘
10:05:34	7.85	--	45	35325	卖盘
10:05:28	7.85	--	475	372875	卖盘
10:05:13	7.85	-0.01	152	119320	卖盘
10:05:04	7.86	--	55	43230	卖盘
10:04:58	7.86	--	78	61701	买盘
10:04:54	7.86	--	43	33798	买盘
10:04:49	7.86	--	5	3930	买盘
10:04:43	7.86	--	1	786	买盘
10:04:39	7.86	--	8	6288	买盘
10:04:34	7.86	--	5	3930	买盘
10:04:28	7.86	--	4	3144	买盘
10:04:24	7.86	0.01	217	170562	买盘
10:04:13	7.85	-0.01	149	116965	卖盘
10:04:04	7.86	--	84	66024	买盘
10:03:58	7.86	--	20	15720	买盘
10:03:54	7.86	0.01	11	8646	买盘
10:03:49	7.85	-0.01	41	32185	卖盘
10:03:43	7.86	--	85	66810	买盘
10:03:39	7.86	--	10	7860	买盘
10:03:28	7.86	--	26	20436	买盘
10:03:24	7.86	0.01	5	3930	买盘
10:03:19	7.85	--	2	1570	卖盘
10:03:13	7.85	-0.01	13	10205	卖盘
10:03:09	7.86	--	100	78600	买盘
10:03:03	7.86	0.01	2	1572	买盘
10:02:54	7.85	--	72	56520	卖盘
10:02:48	7.85	-0.01	72	56520	卖盘
10:02:43	7.86	--	60	47160	买盘
10:02:39	7.86	--	23	18078	买盘
10:02:28	7.86	-0.01	148	116721	卖盘
10:02:24	7.87	0.01	3	2361	买盘
10:02:18	7.86	--	10	7860	卖盘
10:02:13	7.86	-0.01	3	2358	卖盘
10:02:09	7.87	0.01	25	20068	买盘
10:02:03	7.86	-0.01	104	82137	卖盘
10:01:58	7.87	--	20	15740	买盘
10:01:53	7.87	--	127	99949	买盘
10:01:49	7.87	--	5	3935	买盘
10:01:43	7.87	--	66	51942	买盘
10:01:38	7.87	--	20	15740	买盘
10:01:33	7.87	--	68	53516	买盘
10:01:22	7.87	0.01	50	39350	买盘
10:01:13	7.86	-0.01	1	786	卖盘
10:01:07	7.87	0.01	19	14953	买盘
10:00:58	7.86	--	0	0	卖盘
10:00:52	7.86	-0.01	41	32226	卖盘
10:00:43	7.87	--	33	25971	买盘
10:00:37	7.87	0.01	322	253414	买盘
10:00:28	7.86	-0.01	46	36156	卖盘
10:00:18	7.87	0.01	7	5509	买盘
10:00:13	7.86	-0.01	23	18078	卖盘
10:00:03	7.87	0.01	25	20068	买盘
09:59:58	7.86	--	81	63666	卖盘
09:59:52	7.86	--	36	28296	卖盘
09:59:48	7.86	--	15	11790	卖盘
09:59:43	7.86	0.01	125	98250	买盘
09:59:37	7.85	-0.01	4	3140	卖盘
09:59:33	7.86	--	10	7860	买盘
09:59:28	7.86	--	26	20436	卖盘
09:59:22	7.86	-0.01	30	23580	卖盘
09:59:13	7.87	0.01	156	122772	买盘
09:59:07	7.86	-0.01	107	84102	卖盘
09:58:58	7.87	--	62	48794	买盘
09:58:52	7.87	0.01	13	10231	买盘
09:58:43	7.86	-0.01	10	7860	卖盘
09:58:37	7.87	0.01	20	15740	买盘
09:58:28	7.86	-0.01	99	77814	卖盘
09:58:22	7.87	--	35	27545	卖盘
09:58:18	7.87	-0.01	60	47220	卖盘
09:58:13	7.88	--	5	3940	买盘
09:58:07	7.88	--	102	80376	买盘
09:57:52	7.88	--	274	215912	买盘
09:57:48	7.88	--	35	27974	卖盘
09:57:33	7.88	--	8	6304	卖盘
09:57:28	7.88	--	140	110714	买盘
09:57:22	7.88	--	9	7092	买盘
09:57:18	7.88	--	38	30338	卖盘
09:57:13	7.88	--	1	788	卖盘
09:57:07	7.88	--	20	15760	卖盘
09:57:03	7.88	--	5	4334	买盘
09:56:58	7.88	--	24	18912	买盘
09:56:52	7.88	--	82	64616	买盘
09:56:48	7.88	--	2	1576	买盘
09:56:43	7.88	0.01	5	3940	买盘
09:56:37	7.87	-0.01	3	2361	卖盘
09:56:33	7.88	--	66	52008	买盘
09:56:27	7.88	--	20	15760	买盘
09:56:22	7.88	0.02	100	78800	买盘
09:56:18	7.86	-0.02	25	19650	卖盘
09:56:07	7.88	0.01	40	31520	买盘
09:56:03	7.87	--	28	22036	卖盘
09:55:57	7.87	0.01	16	12592	买盘
09:55:52	7.86	--	6	4716	卖盘
09:55:48	7.86	0.01	90	70740	买盘
09:55:42	7.85	-0.01	268	210380	卖盘
09:55:37	7.86	0.01	16	12969	中性盘
09:55:32	7.85	--	73	57305	卖盘
09:55:27	7.85	-0.02	44	34540	卖盘
09:55:22	7.87	0.02	28	22036	买盘
09:55:17	7.85	-0.02	3	2355	卖盘
09:55:12	7.87	0.01	40	31480	买盘
09:55:07	7.86	0.01	5	3930	中性盘
09:55:01	7.85	-0.01	122	95770	卖盘
09:54:57	7.86	0.01	12	9432	买盘
09:54:52	7.85	--	159	125207	卖盘
09:54:37	7.85	-0.01	100	78500	卖盘
09:54:31	7.86	--	48	38121	买盘
09:54:27	7.86	--	77	60522	买盘
09:54:22	7.86	--	72	56592	买盘
09:54:16	7.86	0.01	42	33012	买盘
09:54:07	7.85	--	192	150720	卖盘
09:54:01	7.85	-0.01	94	73790	卖盘
09:53:57	7.86	--	12	9432	买盘
09:53:52	7.86	--	37	29082	买盘
09:53:46	7.86	--	22	17685	买盘
09:53:42	7.86	0.01	1	786	买盘
09:53:37	7.85	-0.01	114	89490	卖盘
09:53:31	7.86	0.01	6	4716	买盘
09:53:27	7.85	-0.01	11	8635	卖盘
09:53:16	7.86	0.01	42	33012	买盘
09:53:12	7.85	--	29	22765	卖盘
09:53:07	7.85	--	55	43175	卖盘
09:53:01	7.85	-0.01	60	47492	卖盘
09:52:57	7.86	0.01	19	14934	买盘
09:52:52	7.85	-0.01	181	142085	卖盘
09:52:46	7.86	--	76	59736	买盘
09:52:42	7.86	--	22	17292	买盘
09:52:37	7.86	--	19	14934	买盘
09:52:31	7.86	0.01	11	8646	买盘
09:52:22	7.85	--	138	108330	卖盘
09:52:16	7.85	--	51	40035	卖盘
09:52:12	7.85	--	73	57305	卖盘
09:52:07	7.85	-0.01	19	14915	卖盘
09:52:01	7.86	0.01	114	89997	买盘
09:51:57	7.85	--	2	1570	卖盘
09:51:52	7.85	-0.01	23	18055	卖盘
09:51:46	7.86	0.01	99	77814	买盘
09:51:42	7.85	--	37	29045	卖盘
09:51:37	7.85	--	115	90275	卖盘
09:51:31	7.85	--	120	94200	买盘
09:51:27	7.85	-0.01	146	115002	卖盘
09:51:22	7.86	0.01	6	4716	买盘
09:51:16	7.85	-0.01	99	77715	卖盘
09:51:12	7.86	--	101	79386	买盘
09:51:07	7.86	--	55	43230	买盘
09:51:01	7.86	--	387	304182	买盘
09:50:57	7.86	--	125	98250	买盘
09:50:52	7.86	0.01	42	33012	买盘
09:50:46	7.85	-0.01	81	63585	卖盘
09:50:42	7.86	--	49	38514	买盘
09:50:37	7.86	--	19	14934	买盘
09:50:31	7.86	-0.01	22	17292	卖盘
09:50:27	7.87	0.01	7	5509	买盘
09:50:22	7.86	-0.01	7	5502	卖盘
09:50:16	7.87	0.01	77	60599	买盘
09:50:12	7.86	--	28	22008	卖盘
09:50:06	7.86	--	39	30654	卖盘
09:50:01	7.86	0.01	204	160344	买盘
09:49:57	7.85	--	154	120890	卖盘
09:49:51	7.85	--	23	18055	卖盘
09:49:46	7.85	-0.01	26	20410	卖盘
09:49:42	7.86	0.01	20	15720	买盘
09:49:36	7.85	--	179	140515	卖盘
09:49:31	7.85	-0.01	123	96555	卖盘
09:49:26	7.86	0.01	55	43230	卖盘
09:49:21	7.85	--	241	189577	卖盘
09:49:16	7.85	-0.01	45	35325	卖盘
09:49:10	7.86	--	34	26724	买盘
09:49:06	7.86	--	103	80958	卖盘
09:49:01	7.86	-0.01	60	47160	卖盘
09:48:56	7.87	0.01	41	32267	买盘
09:48:51	7.86	--	4	3144	卖盘
09:48:46	7.86	-0.01	157	123402	卖盘
09:48:40	7.87	0.01	43	33841	买盘
09:48:36	7.86	--	2	1572	卖盘
09:48:31	7.86	-0.01	153	120258	卖盘
09:48:25	7.87	0.01	176	138512	买盘
09:48:21	7.86	-0.01	1	786	卖盘
09:48:16	7.87	0.01	119	93653	买盘
09:48:10	7.86	-0.01	47	36942	卖盘
09:48:06	7.87	0.01	5	3935	买盘
09:48:01	7.86	-0.01	10	7860	卖盘
09:47:55	7.87	--	83	65321	卖盘
09:47:51	7.87	--	33	25971	卖盘
09:47:46	7.87	--	2	1574	卖盘
09:47:40	7.87	--	48	37776	卖盘
09:47:36	7.87	--	87	68469	买盘
09:47:31	7.87	--	327	257349	买盘
09:47:25	7.87	0.01	20	15740	买盘
09:47:21	7.86	--	212	166632	卖盘
09:47:16	7.86	-0.02	154	121044	卖盘
09:47:10	7.88	0.01	65	51220	买盘
09:47:06	7.87	--	63	49581	卖盘
09:47:01	7.87	--	72	56664	卖盘
09:46:55	7.87	--	16	12592	卖盘
09:46:51	7.87	-0.01	49	38563	卖盘
09:46:46	7.88	--	39	30732	买盘
09:46:40	7.88	--	47	37036	买盘
09:46:36	7.88	--	78	61858	卖盘
09:46:31	7.88	--	49	39006	买盘
09:46:25	7.88	--	15	11820	买盘
09:46:21	7.88	--	33	26004	买盘
09:46:16	7.88	-0.01	156	122928	卖盘
09:46:10	7.89	--	31	24459	买盘
09:46:01	7.89	0.01	9	7101	买盘
09:45:55	7.88	--	84	66192	卖盘
09:45:51	7.88	-0.01	75	59100	卖盘
09:45:46	7.89	0.01	66	52074	买盘
09:45:40	7.88	-0.01	151	118988	卖盘
09:45:36	7.89	--	28	22092	买盘
09:45:31	7.89	0.01	53	41817	买盘
09:45:25	7.88	-0.01	3	2364	卖盘
09:45:16	7.89	0.01	218	172002	买盘
09:45:10	7.88	--	139	109532	买盘
09:45:06	7.88	--	1	788	买盘
09:45:01	7.88	--	195	153660	买盘
09:44:55	7.88	--	35	27580	买盘
09:44:51	7.88	--	67	52796	卖盘
09:44:46	7.88	-0.01	89	70132	卖盘
09:44:40	7.89	--	2	1578	买盘
09:44:36	7.89	--	52	41028	买盘
09:44:30	7.89	0.03	101	79689	买盘
09:44:25	7.86	-0.02	99	77814	卖盘
09:44:21	7.88	0.01	154	121352	买盘
09:44:16	7.87	0.01	30	23610	卖盘
09:44:10	7.86	--	5	3930	卖盘
09:44:05	7.86	0.01	125	98250	买盘
09:44:00	7.85	-0.01	141	110685	卖盘
09:43:55	7.86	0.01	108	84888	中性盘
09:43:50	7.85	-0.02	5	3925	卖盘
09:43:45	7.87	--	10	7870	买盘
09:43:40	7.87	0.03	5	3935	买盘
09:43:35	7.84	-0.03	163	127792	卖盘
09:43:30	7.87	0.02	30	23610	买盘
09:43:25	7.85	0.01	27	21587	中性盘
09:43:20	7.84	-0.03	161	126224	卖盘
09:43:10	7.87	0.02	142	112147	买盘
09:43:05	7.85	0.01	135	105975	买盘
09:43:00	7.84	--	81	63504	卖盘
09:42:55	7.84	-0.01	111	87024	卖盘
09:42:50	7.85	0.01	102	80070	买盘
09:42:45	7.84	--	57	44688	卖盘
09:42:40	7.84	--	97	76048	卖盘
09:42:35	7.84	--	134	105056	买盘
09:42:30	7.84	0.01	84	65856	买盘
09:42:25	7.83	--	242	189486	卖盘
09:42:19	7.83	--	47	36801	卖盘
09:42:15	7.83	--	97	76342	买盘
09:42:10	7.83	--	162	126846	买盘
09:42:04	7.83	-0.01	416	325728	卖盘
09:42:00	7.84	--	123	96432	买盘
09:41:55	7.84	--	179	140336	买盘
09:41:49	7.84	--	219	171696	卖盘
09:41:45	7.84	0.01	56	43904	卖盘
09:41:40	7.83	--	541	423603	卖盘
09:41:34	7.83	--	150	117450	卖盘
09:41:30	7.83	-0.02	125	97875	卖盘
09:41:25	7.85	--	397	311645	卖盘
09:41:19	7.85	--	262	205670	卖盘
09:41:15	7.85	-0.03	516	405060	卖盘
09:41:10	7.88	0.01	23	18124	买盘
09:41:04	7.87	-0.02	575	452525	卖盘
09:41:00	7.89	0.01	64	50496	买盘
09:40:55	7.88	-0.02	69	54372	卖盘
09:40:49	7.9	--	135	106650	买盘
09:40:45	7.9	--	237	187625	卖盘
09:40:40	7.9	--	552	436080	卖盘
09:40:34	7.9	-0.01	3012	2379480	卖盘
09:40:30	7.91	0.01	558	441378	买盘
09:40:25	7.9	--	85	67150	卖盘
09:40:19	7.9	--	40	31600	卖盘
09:40:15	7.9	-0.01	73	57670	卖盘
09:40:10	7.91	0.01	41	32431	买盘
09:40:04	7.9	-0.01	78	61620	卖盘
09:40:00	7.91	0.01	2	1582	买盘
09:39:55	7.9	-0.01	156	123240	卖盘
09:39:49	7.91	--	147	116277	卖盘
09:39:45	7.91	--	18	14238	卖盘
09:39:40	7.91	--	230	182325	卖盘
09:39:34	7.91	--	206	162946	卖盘
09:39:30	7.91	--	11	8701	卖盘
09:39:25	7.91	--	49	38759	卖盘
09:39:19	7.91	--	117	92547	卖盘
09:39:15	7.91	-0.01	558	441378	卖盘
09:39:10	7.92	0.01	191	151668	买盘
09:39:04	7.91	-0.01	18	14238	卖盘
09:38:55	7.92	0.01	35	27720	卖盘
09:38:49	7.91	--	67	52997	卖盘
09:38:45	7.91	-0.01	73	57743	卖盘
09:38:40	7.92	--	85	67320	买盘
09:38:34	7.92	-0.01	777	615384	卖盘
09:38:30	7.93	--	9	7137	买盘
09:38:24	7.93	--	273	216489	买盘
09:38:19	7.93	--	23	18239	买盘
09:38:15	7.93	--	116	91988	买盘
09:38:10	7.93	-0.01	151	119743	卖盘
09:38:04	7.94	--	96	76224	买盘
09:38:00	7.94	0.01	248	196912	买盘
09:37:54	7.93	-0.01	69	54717	卖盘
09:37:49	7.94	0.01	10	7940	买盘
09:37:45	7.93	-0.01	64	50752	卖盘
09:37:34	7.94	--	13	10322	买盘
09:37:30	7.94	--	51	40494	买盘
09:37:24	7.94	0.01	65	51610	买盘
09:37:19	7.93	-0.01	4	3172	卖盘
09:37:14	7.94	0.01	217	172298	买盘
09:37:09	7.93	-0.01	7	5551	卖盘
09:37:04	7.94	--	104	82576	买盘
09:37:00	7.94	0.01	36	28584	买盘
09:36:54	7.93	--	17	13481	买盘
09:36:49	7.93	-0.01	461	365969	卖盘
09:36:44	7.94	0.01	72	57565	买盘
09:36:40	7.93	--	33	26169	买盘
09:36:34	7.93	--	62	49562	卖盘
09:36:30	7.93	--	82	65026	卖盘
09:36:24	7.93	0.01	45	36081	买盘
09:36:19	7.92	-0.01	423	335016	卖盘
09:36:13	7.93	--	32	25376	买盘
09:36:09	7.93	--	104	82868	卖盘
09:36:04	7.93	-0.02	108	85644	卖盘
09:35:58	7.95	0.02	12	9540	买盘
09:35:54	7.93	-0.01	122	96746	卖盘
09:35:49	7.94	--	20	16277	买盘
09:35:43	7.94	--	33	26202	买盘
09:35:34	7.94	--	231	183414	买盘
09:35:28	7.94	0.01	87	69078	买盘
09:35:24	7.93	--	60	47580	买盘
09:35:19	7.93	-0.01	115	91591	卖盘
09:35:13	7.94	0.01	15	11910	买盘
09:35:09	7.93	--	39	30927	卖盘
09:35:04	7.93	--	69	55113	买盘
09:34:58	7.93	--	234	185562	买盘
09:34:54	7.93	0.01	60	47580	买盘
09:34:49	7.92	-0.01	129	102564	卖盘
09:34:39	7.93	--	28	22204	卖盘
09:34:34	7.93	--	2	1982	卖盘
09:34:28	7.93	0.01	73	57889	买盘
09:34:24	7.92	-0.01	304	240768	卖盘
09:34:19	7.93	0.01	35	27755	买盘
09:34:13	7.92	--	305	241560	卖盘
09:34:09	7.92	--	7	5544	卖盘
09:34:04	7.92	-0.01	79	62568	买盘
09:33:58	7.93	0.03	159	126087	买盘
09:33:54	7.9	-0.02	84	66755	卖盘
09:33:49	7.92	0.01	204	161568	买盘
09:33:43	7.91	--	59	46669	卖盘
09:33:39	7.91	--	49	38759	买盘
09:33:34	7.91	--	393	310863	买盘
09:33:28	7.91	--	216	170856	卖盘
09:33:24	7.91	--	27	21357	买盘
09:33:19	7.91	--	167	132097	卖盘
09:33:13	7.91	--	237	187467	买盘
09:33:09	7.91	--	204	161364	买盘
09:33:04	7.91	-0.01	123	97293	卖盘
09:32:58	7.92	0.01	655	518760	买盘
09:32:54	7.91	--	30	23730	卖盘
09:32:49	7.91	--	124	98084	卖盘
09:32:43	7.91	-0.01	226	178766	卖盘
09:32:39	7.92	0.01	58	45936	买盘
09:32:34	7.91	-0.01	217	171647	卖盘
09:32:28	7.92	--	215	170280	买盘
09:32:24	7.92	--	87	68904	买盘
09:32:19	7.92	--	315	249480	买盘
09:32:13	7.92	-0.01	318	251856	卖盘
09:32:09	7.93	--	46	36478	买盘
09:32:03	7.93	0.01	21	16653	买盘
09:31:58	7.92	-0.01	67	53064	卖盘
09:31:54	7.93	0.02	61	48373	买盘
09:31:48	7.91	--	445	351995	卖盘
09:31:43	7.91	-0.01	276	218316	卖盘
09:31:39	7.92	-0.01	134	106128	中性盘
09:31:33	7.93	0.02	161	127673	买盘
09:31:28	7.91	-0.01	30	23730	卖盘
09:31:23	7.92	-0.01	235	186120	卖盘
09:31:18	7.93	--	52	41236	买盘
09:31:13	7.93	--	112	88816	买盘
09:31:08	7.93	--	166	131638	卖盘
09:31:03	7.93	-0.02	39	30927	卖盘
09:30:58	7.95	0.01	194	154230	买盘
09:30:53	7.94	--	168	133392	卖盘
09:30:48	7.94	--	88	69872	卖盘
09:30:43	7.94	--	155	123070	买盘
09:30:37	7.94	-0.01	60	47640	卖盘
09:30:33	7.95	-0.02	58	46110	中性盘
09:30:28	7.97	--	177	141069	买盘
09:30:22	7.97	0.01	80	63760	买盘
09:30:18	7.96	--	15	11940	卖盘
09:30:13	7.96	-0.01	425	338300	卖盘
09:30:08	7.97	-0.02	907	722879	卖盘
09:30:03	7.99	-0.01	388	310012	卖盘
09:28:47	8.0	--	0	0	买盘
09:25:06	8.0	8	729	583200	买盘
