成交时间	成交价	价格变动	成交量(手)	成交额(元)	性质
15:00:00	8.46	--	0	0	买盘
15:00:00	8.46	--	0	0	买盘
15:00:00	8.46	--	68	57528	买盘
14:59:58	8.46	0.01	124	104904	买盘
14:59:52	8.45	-0.01	76	64219	卖盘
14:59:48	8.46	--	58	49068	买盘
14:59:43	8.46	0.01	189	159894	买盘
14:59:37	8.45	-0.01	20	16900	卖盘
14:59:33	8.46	--	157	132822	买盘
14:59:28	8.46	--	252	213192	买盘
14:59:22	8.46	0.01	65	54990	买盘
14:59:18	8.45	-0.01	427	360814	卖盘
14:59:12	8.46	--	1261	1066806	买盘
14:59:07	8.46	0.01	180	152280	买盘
14:59:02	8.45	--	120	101399	卖盘
14:58:57	8.45	--	313	264485	卖盘
14:58:52	8.45	--	67	56614	卖盘
14:58:48	8.45	0.01	1189	1004704	买盘
14:58:42	8.44	--	715	603460	卖盘
14:58:37	8.44	-0.01	248	209312	卖盘
14:58:33	8.45	--	18	15209	买盘
14:58:27	8.45	--	77	65064	买盘
14:58:22	8.45	0.01	214	180829	买盘
14:58:18	8.44	--	243	205092	卖盘
14:58:12	8.44	--	322	271768	卖盘
14:58:07	8.44	--	245	206780	卖盘
14:58:02	8.44	-0.01	24	20256	卖盘
14:57:57	8.45	0.01	75	63374	买盘
14:57:52	8.44	--	60	50640	卖盘
14:57:47	8.44	0.01	494	416936	买盘
14:57:42	8.43	-0.01	139	117177	卖盘
14:57:37	8.44	--	116	97904	买盘
14:57:32	8.44	0.01	138	116472	买盘
14:57:27	8.43	--	243	204849	卖盘
14:57:22	8.43	--	47	39621	卖盘
14:57:17	8.43	--	113	95259	卖盘
14:57:12	8.43	--	25	21075	卖盘
14:57:07	8.43	-0.01	215	181245	卖盘
14:57:02	8.44	0.01	212	178928	买盘
14:56:57	8.43	--	106	89358	卖盘
14:56:52	8.43	--	31	26133	卖盘
14:56:47	8.43	--	73	61539	卖盘
14:56:42	8.43	--	181	152583	卖盘
14:56:37	8.43	--	3	2529	卖盘
14:56:32	8.43	--	30	25290	卖盘
14:56:27	8.43	0.01	281	236883	买盘
14:56:22	8.42	-0.01	211	177662	卖盘
14:56:16	8.43	--	76	64068	买盘
14:56:12	8.43	--	10	8430	买盘
14:56:07	8.43	--	18	15174	买盘
14:56:01	8.43	0.01	62	52266	买盘
14:55:57	8.42	--	372	313224	卖盘
14:55:52	8.42	--	128	107776	卖盘
14:55:46	8.42	-0.01	22	18524	卖盘
14:55:42	8.43	--	173	145839	买盘
14:55:37	8.43	--	6	5058	买盘
14:55:31	8.43	--	37	31191	买盘
14:55:27	8.43	0.01	1	843	买盘
14:55:22	8.42	-0.01	37	31154	卖盘
14:55:16	8.43	--	16	13488	买盘
14:55:12	8.43	0.01	253	213279	买盘
14:55:07	8.42	-0.01	52	43784	卖盘
14:55:01	8.43	0.01	28	23604	买盘
14:54:57	8.42	--	83	69886	卖盘
14:54:46	8.42	0.01	2	1684	卖盘
14:54:37	8.41	-0.02	246	206886	卖盘
14:54:31	8.43	0.02	10	8430	买盘
14:54:27	8.41	-0.01	510	428910	卖盘
14:54:22	8.42	0.01	105	88410	中性盘
14:54:16	8.41	-0.02	69	58029	卖盘
14:54:12	8.43	0.01	2966	2500338	买盘
14:54:07	8.42	--	77	64834	买盘
14:54:01	8.42	0.01	12	10104	买盘
14:53:57	8.41	--	56	47096	卖盘
14:53:52	8.41	--	24	20184	卖盘
14:53:46	8.41	--	121	101761	卖盘
14:53:42	8.41	-0.02	65	54665	卖盘
14:53:37	8.43	0.02	602	507486	买盘
14:53:31	8.41	--	252	211932	买盘
14:53:27	8.41	--	149	125309	买盘
14:53:22	8.41	-0.02	93	78213	中性盘
14:53:16	8.43	0.03	151	127293	买盘
14:53:12	8.4	-0.02	3734	3136560	卖盘
14:53:07	8.42	-0.01	398	335116	卖盘
14:53:01	8.43	0.01	28	23604	买盘
14:52:57	8.42	--	138	116196	卖盘
14:52:52	8.42	--	50	42100	卖盘
14:52:46	8.42	0.01	276	232392	买盘
14:52:42	8.41	--	274	230434	卖盘
14:52:37	8.41	--	371	312011	卖盘
14:52:31	8.41	-0.01	31	26071	卖盘
14:52:27	8.42	--	30	25260	买盘
14:52:22	8.42	0.01	22	18524	买盘
14:52:16	8.41	-0.01	86	72326	卖盘
14:52:11	8.42	0.01	52	43784	买盘
14:52:07	8.41	-0.01	50	42050	卖盘
14:52:01	8.42	0.01	164	138088	买盘
14:51:57	8.41	-0.01	268	225388	卖盘
14:51:51	8.42	0.01	70	58940	买盘
14:51:46	8.41	--	30	25230	卖盘
14:51:41	8.41	--	95	79895	卖盘
14:51:36	8.41	--	693	582813	卖盘
14:51:31	8.41	-0.01	570	479370	卖盘
14:51:26	8.42	--	59	49678	买盘
14:51:21	8.42	--	23	19366	买盘
14:51:16	8.42	--	6	5052	买盘
14:51:11	8.42	--	18	15156	买盘
14:51:06	8.42	--	382	321644	卖盘
14:51:01	8.42	--	152	127984	卖盘
14:50:56	8.42	--	117	98514	卖盘
14:50:51	8.42	--	326	274492	卖盘
14:50:46	8.42	--	76	63992	卖盘
14:50:36	8.42	--	15	12630	卖盘
14:50:31	8.42	--	61	51362	卖盘
14:50:26	8.42	--	6	5052	卖盘
14:50:16	8.42	0.01	290	244180	买盘
14:50:11	8.41	-0.01	205	172405	卖盘
14:50:06	8.42	0.01	127	106934	买盘
14:50:01	8.41	-0.01	48	40368	卖盘
14:49:56	8.42	0.01	249	209658	买盘
14:49:51	8.41	-0.01	211	177451	卖盘
14:49:46	8.42	--	62	52204	买盘
14:49:41	8.42	--	14	11788	买盘
14:49:36	8.42	--	3	2526	买盘
14:49:31	8.42	--	24	20208	买盘
14:49:21	8.42	--	207	174294	买盘
14:49:15	8.42	--	41	34522	卖盘
14:49:10	8.42	0.01	15	12630	卖盘
14:49:05	8.41	-0.01	224	188384	卖盘
14:49:01	8.42	--	7	5894	卖盘
14:48:50	8.42	--	941	792322	卖盘
14:48:46	8.42	--	203	170926	卖盘
14:48:40	8.42	--	160	134720	卖盘
14:48:31	8.42	--	10	8420	卖盘
14:48:25	8.42	-0.01	80	67360	卖盘
14:48:20	8.43	--	10	8430	买盘
14:48:16	8.43	0.01	152	128136	买盘
14:48:10	8.42	-0.01	11	9262	中性盘
14:48:06	8.43	--	423	356589	买盘
14:48:01	8.43	--	32	26976	买盘
14:47:54	8.43	0.01	58	48894	买盘
14:47:50	8.42	--	67	56414	卖盘
14:47:46	8.42	--	66	55572	卖盘
14:47:31	8.42	--	800	673600	买盘
14:47:25	8.42	--	1	842	买盘
14:47:21	8.42	--	47	39574	买盘
14:47:16	8.42	--	87	73254	买盘
14:47:06	8.42	--	162	136404	买盘
14:47:01	8.42	--	93	78306	买盘
14:46:55	8.42	0.01	392	330064	买盘
14:46:51	8.41	-0.01	1301	1094141	卖盘
14:46:46	8.42	--	34	28628	买盘
14:46:40	8.42	0.01	131	110302	买盘
14:46:25	8.41	--	68	57188	卖盘
14:46:20	8.41	--	56	47096	卖盘
14:46:16	8.41	-0.01	4	3364	卖盘
14:46:10	8.42	0.01	12	10104	买盘
14:46:05	8.41	--	74	62234	卖盘
14:46:01	8.41	--	428	359948	卖盘
14:45:51	8.41	-0.01	60	50460	卖盘
14:45:46	8.42	--	10	8420	买盘
14:45:40	8.42	0.01	164	138088	买盘
14:45:36	8.41	--	118	99238	卖盘
14:45:30	8.41	--	86	72326	买盘
14:45:25	8.41	--	142	119422	卖盘
14:45:21	8.41	--	215	180815	卖盘
14:45:16	8.41	--	214	179974	卖盘
14:45:10	8.41	--	104	87464	卖盘
14:45:06	8.41	--	93	78213	卖盘
14:45:00	8.41	-0.01	7	5887	卖盘
14:44:55	8.42	0.02	224	188608	买盘
14:44:50	8.4	-0.01	51	42840	卖盘
14:44:45	8.41	--	854	718214	卖盘
14:44:40	8.41	-0.01	735	618135	卖盘
14:44:35	8.42	0.01	59	49678	买盘
14:44:30	8.41	--	308	259028	卖盘
14:44:25	8.41	--	379	318739	卖盘
14:44:20	8.41	--	23	19343	卖盘
14:44:15	8.41	--	11	9251	卖盘
14:44:10	8.41	-0.01	55	46255	卖盘
14:44:05	8.42	0.01	136	114512	买盘
14:44:00	8.41	--	97	81577	卖盘
14:43:55	8.41	-0.01	243	204363	卖盘
14:43:50	8.42	0.01	30	25260	买盘
14:43:45	8.41	-0.01	103	86623	卖盘
14:43:40	8.42	--	109	91778	中性盘
14:43:35	8.42	0.01	118	99356	买盘
14:43:30	8.41	-0.01	384	322944	卖盘
14:43:25	8.42	--	157	132194	买盘
14:43:20	8.42	--	103	86726	买盘
14:43:15	8.42	--	32	26944	买盘
14:43:10	8.42	--	217	182714	卖盘
14:42:59	8.42	--	8	6736	卖盘
14:42:54	8.42	--	22	18524	卖盘
14:42:50	8.42	--	59	49678	卖盘
14:42:45	8.42	--	292	245864	买盘
14:42:40	8.42	--	225	189450	买盘
14:42:34	8.42	0.01	6	5052	买盘
14:42:29	8.41	-0.01	342	287622	卖盘
14:42:25	8.42	--	61	51362	卖盘
14:42:19	8.42	-0.01	102	85884	卖盘
14:42:15	8.43	0.01	103	86829	买盘
14:42:10	8.42	-0.01	28	23576	卖盘
14:42:04	8.43	--	15	12645	买盘
14:41:59	8.43	0.01	157	132351	买盘
14:41:55	8.42	-0.01	463	389846	卖盘
14:41:49	8.43	0.01	11	9273	买盘
14:41:45	8.42	--	41	34522	卖盘
14:41:40	8.42	--	41	34522	卖盘
14:41:33	8.42	--	18	15156	买盘
14:41:30	8.42	-0.01	78	65676	卖盘
14:41:25	8.43	0.01	4035	3401505	买盘
14:41:18	8.42	--	233	196186	卖盘
14:41:15	8.42	-0.01	7	5894	卖盘
14:41:10	8.43	--	147	123921	买盘
14:41:04	8.43	0.01	27	22761	买盘
14:41:00	8.42	--	51	42942	卖盘
14:40:54	8.42	--	20	16840	卖盘
14:40:49	8.42	--	3	2526	卖盘
14:40:44	8.42	--	171	143982	卖盘
14:40:40	8.42	-0.01	126	106092	卖盘
14:40:34	8.43	0.01	42	35406	买盘
14:40:30	8.42	--	12	10104	卖盘
14:40:25	8.42	--	25	21050	卖盘
14:40:19	8.42	--	86	72412	卖盘
14:40:15	8.42	--	75	63150	卖盘
14:40:10	8.42	--	20	16840	卖盘
14:40:04	8.42	--	74	62308	卖盘
14:40:00	8.42	0.01	191	160822	买盘
14:39:55	8.41	--	72	60552	卖盘
14:39:49	8.41	--	54	45414	卖盘
14:39:44	8.41	--	10	8410	卖盘
14:39:40	8.41	--	45	37845	卖盘
14:39:34	8.41	--	248	208568	买盘
14:39:29	8.41	--	1370	1152178	卖盘
14:39:25	8.41	0.01	108	90828	买盘
14:39:19	8.4	--	55	46200	卖盘
14:39:15	8.4	-0.01	122	102480	卖盘
14:39:10	8.41	--	115	96925	买盘
14:39:03	8.41	0.01	220	185020	买盘
14:39:00	8.4	-0.01	702	589680	卖盘
14:38:55	8.41	0.01	41	34481	买盘
14:38:49	8.4	-0.01	139	116760	卖盘
14:38:45	8.41	--	20	16820	买盘
14:38:40	8.41	--	51	43521	卖盘
14:38:34	8.41	--	35	29435	卖盘
14:38:30	8.41	--	39	32799	卖盘
14:38:24	8.41	-0.01	1892	1591172	卖盘
14:38:19	8.42	--	23	19366	买盘
14:38:14	8.42	--	1016	855472	卖盘
14:38:09	8.42	--	384	323328	卖盘
14:38:03	8.42	--	157	132194	卖盘
14:37:59	8.42	-0.01	106	89252	卖盘
14:37:54	8.43	0.01	134	112962	买盘
14:37:49	8.42	-0.01	100	84200	卖盘
14:37:44	8.43	0.01	12	10116	买盘
14:37:39	8.42	--	316	266072	卖盘
14:37:33	8.42	-0.01	23	19366	卖盘
14:37:29	8.43	--	18	15174	买盘
14:37:24	8.43	--	13	10959	买盘
14:37:19	8.43	--	45	37935	买盘
14:37:14	8.43	--	302	254586	卖盘
14:37:09	8.43	-0.01	136	114648	卖盘
14:37:04	8.44	0.01	101	85244	买盘
14:36:54	8.43	--	96	80928	卖盘
14:36:49	8.43	0.01	87	73341	中性盘
14:36:44	8.42	-0.01	82	69044	卖盘
14:36:39	8.43	-0.01	14	11802	买盘
14:36:33	8.44	0.01	7	5908	买盘
14:36:29	8.43	--	14	11802	买盘
14:36:24	8.43	--	23	19389	买盘
14:36:19	8.43	0.01	4	3372	中性盘
14:36:14	8.42	-0.01	276	232392	卖盘
14:36:08	8.43	0.01	237	199791	买盘
14:36:04	8.42	-0.01	11	9262	卖盘
14:35:49	8.43	--	51	42993	卖盘
14:35:43	8.43	0.01	4	3372	卖盘
14:35:39	8.42	-0.01	261	219762	卖盘
14:35:28	8.43	--	109	91887	卖盘
14:35:23	8.43	--	3	2529	卖盘
14:35:19	8.43	--	73	61539	卖盘
14:35:08	8.43	--	106	89358	买盘
14:35:03	8.43	--	444	374292	卖盘
14:34:58	8.43	--	18	15174	卖盘
14:34:54	8.43	--	355	299265	卖盘
14:34:49	8.43	--	112	94416	卖盘
14:34:43	8.43	-0.01	358	301794	卖盘
14:34:38	8.44	0.01	101	85244	买盘
14:34:34	8.43	-0.01	408	343944	卖盘
14:34:28	8.44	0.01	60	50640	买盘
14:34:23	8.43	-0.01	431	363333	卖盘
14:34:19	8.44	--	130	109720	买盘
14:34:13	8.44	--	10	8440	买盘
14:34:09	8.44	--	65	54860	买盘
14:34:04	8.44	-0.01	34	28696	买盘
14:33:58	8.45	0.01	200	169000	买盘
14:33:54	8.44	--	123	103812	卖盘
14:33:38	8.44	--	50	42200	卖盘
14:33:33	8.44	--	97	81868	卖盘
14:33:28	8.44	--	7	5908	卖盘
14:33:23	8.44	--	11	9284	卖盘
14:33:19	8.44	--	125	105500	卖盘
14:33:13	8.44	--	225	189900	卖盘
14:33:09	8.44	--	390	329160	卖盘
14:33:04	8.44	--	224	189056	卖盘
14:32:54	8.44	--	221	186524	买盘
14:32:49	8.44	0.01	300	253199	买盘
14:32:39	8.43	-0.01	58	48894	卖盘
14:32:34	8.44	0.01	2	1688	买盘
14:32:24	8.43	-0.01	60	50580	卖盘
14:32:18	8.44	0.01	20	16880	卖盘
14:32:12	8.43	-0.01	912	768816	卖盘
14:32:09	8.44	0.01	55	46420	买盘
14:32:04	8.43	--	15	12645	卖盘
14:31:58	8.43	--	80	67440	卖盘
14:31:53	8.43	--	53	44679	卖盘
14:31:48	8.43	--	39	32877	卖盘
14:31:38	8.43	--	49	41307	卖盘
14:31:33	8.43	--	215	181245	卖盘
14:31:28	8.43	--	407	343101	卖盘
14:31:23	8.43	--	15	12645	卖盘
14:31:18	8.43	-0.01	182	153426	卖盘
14:31:13	8.44	0.01	119	100436	买盘
14:31:03	8.43	--	144	121392	卖盘
14:30:58	8.43	--	42	35406	卖盘
14:30:48	8.43	-0.01	1	843	卖盘
14:30:43	8.44	0.01	91	76804	买盘
14:30:38	8.43	--	10	8430	卖盘
14:30:33	8.43	--	60	50580	卖盘
14:30:28	8.43	-0.01	25	21075	卖盘
14:30:23	8.44	0.01	24	20256	买盘
14:30:18	8.43	--	140	118020	卖盘
14:30:13	8.43	-0.01	129	108747	卖盘
14:30:08	8.44	--	3	2532	买盘
14:30:03	8.44	--	30	25320	买盘
14:29:58	8.44	--	15	12660	卖盘
14:29:48	8.44	--	64	54016	卖盘
14:29:43	8.44	-0.01	20	16880	卖盘
14:29:32	8.45	--	0	0	买盘
14:29:27	8.45	0.01	328	277160	买盘
14:29:18	8.44	--	2	1688	卖盘
14:29:12	8.44	--	210	177240	卖盘
14:29:07	8.44	--	337	284428	卖盘
14:29:03	8.44	--	282	238008	卖盘
14:28:58	8.44	--	5	4220	卖盘
14:28:52	8.44	-0.01	80	67520	卖盘
14:28:47	8.45	0.01	165	139425	买盘
14:28:43	8.44	--	257	216908	卖盘
14:28:37	8.44	--	200	168800	卖盘
14:28:33	8.44	--	83	70052	卖盘
14:28:27	8.44	-0.01	94	79336	卖盘
14:28:21	8.45	0.01	14	11829	买盘
14:28:17	8.44	-0.01	67	56548	卖盘
14:28:13	8.45	0.01	132	111539	买盘
14:28:06	8.44	--	10	8440	卖盘
14:28:02	8.44	-0.01	163	137572	卖盘
14:27:57	8.45	--	10	8450	买盘
14:27:52	8.45	0.01	9	7604	买盘
14:27:47	8.44	--	10	8440	卖盘
14:27:36	8.44	--	10	8440	卖盘
14:27:32	8.44	--	75	63299	卖盘
14:27:28	8.44	--	3	2532	卖盘
14:27:21	8.44	-0.01	255	215220	卖盘
14:27:17	8.45	0.01	60	50699	买盘
14:27:13	8.44	-0.01	240	202560	卖盘
14:27:07	8.45	--	50	42250	买盘
14:27:03	8.45	0.01	34	28729	买盘
14:26:57	8.44	--	43	36292	卖盘
14:26:48	8.44	-0.01	20	16880	卖盘
14:26:43	8.45	0.01	10	8450	买盘
14:26:32	8.44	-0.01	60	50640	卖盘
14:26:27	8.45	--	48	40560	买盘
14:26:21	8.45	--	4	3379	买盘
14:26:18	8.45	--	69	58304	买盘
14:26:12	8.45	--	1816	1534519	卖盘
14:26:02	8.45	--	146	123369	卖盘
14:25:47	8.45	--	1	844	卖盘
14:25:43	8.45	-0.01	42	35490	卖盘
14:25:37	8.46	--	51	43146	买盘
14:25:32	8.46	--	27	22842	买盘
14:25:28	8.46	0.01	38	32148	买盘
14:25:17	8.45	-0.01	141	119144	卖盘
14:25:13	8.46	0.01	50	42300	买盘
14:25:03	8.45	-0.01	190	160854	卖盘
14:24:58	8.46	--	263	223039	买盘
14:24:52	8.46	0.01	314	265644	买盘
14:24:47	8.45	--	109	92104	卖盘
14:24:42	8.45	--	35	29574	卖盘
14:24:37	8.45	--	50	42250	卖盘
14:24:32	8.45	--	192	162240	卖盘
14:24:27	8.45	--	24	20280	卖盘
14:24:12	8.45	-0.01	21	17745	卖盘
14:24:06	8.46	--	7	5922	买盘
14:23:57	8.46	--	202	171196	卖盘
14:23:51	8.46	--	16	13536	卖盘
14:23:42	8.46	--	444	375624	卖盘
14:23:21	8.46	--	141	119286	卖盘
14:23:12	8.46	--	30	25380	卖盘
14:23:06	8.46	-0.01	511	432306	卖盘
14:22:57	8.47	--	23	19481	买盘
14:22:51	8.47	0.01	218	184646	买盘
14:22:47	8.46	--	5	4230	卖盘
14:22:41	8.46	-0.01	82	69372	卖盘
14:22:37	8.47	--	50	42350	买盘
14:22:30	8.47	0.01	7	5929	买盘
14:22:22	8.46	--	22	18612	卖盘
14:22:16	8.46	-0.01	16	13536	卖盘
14:22:11	8.47	--	48	40656	买盘
14:22:06	8.47	--	96	81312	买盘
14:22:00	8.47	0.01	133	112651	买盘
14:21:56	8.46	--	29	24534	卖盘
14:21:51	8.46	-0.01	10	8460	卖盘
14:21:45	8.47	--	21	17787	买盘
14:21:41	8.47	--	6	5082	买盘
14:21:36	8.47	--	110	93170	买盘
14:21:30	8.47	--	46	38962	买盘
14:21:26	8.47	0.01	464	393008	买盘
14:21:16	8.46	-0.01	5	4230	卖盘
14:21:11	8.47	--	45	38115	买盘
14:21:07	8.47	--	506	428582	买盘
14:21:01	8.47	0.01	10	8470	买盘
14:20:56	8.46	-0.01	33	27918	卖盘
14:20:51	8.47	--	18	15246	买盘
14:20:41	8.47	--	100	84700	买盘
14:20:37	8.47	--	1	847	买盘
14:20:21	8.47	--	20	16940	买盘
14:20:16	8.47	0.01	22	18634	买盘
14:20:07	8.46	-0.01	34	28764	卖盘
14:19:56	8.47	0.01	82	69454	买盘
14:19:51	8.46	-0.01	34	28764	卖盘
14:19:45	8.47	--	86	72842	买盘
14:19:41	8.47	0.01	12	10164	买盘
14:19:36	8.46	-0.01	81	69067	卖盘
14:19:30	8.47	--	276	233772	买盘
14:19:26	8.47	0.01	120	101640	买盘
14:19:21	8.46	--	138	116748	卖盘
14:19:11	8.46	--	10	8460	卖盘
14:19:06	8.46	--	1	846	卖盘
14:18:56	8.46	--	11	9306	买盘
14:18:51	8.46	--	10	8460	买盘
14:18:45	8.46	--	28	23688	买盘
14:18:42	8.46	--	191	161586	卖盘
14:18:36	8.46	--	38	32148	卖盘
14:18:26	8.46	--	26	21996	卖盘
14:18:21	8.46	0.01	33	27918	买盘
14:18:15	8.45	-0.01	83	70135	卖盘
14:18:06	8.46	--	37	31302	买盘
14:18:00	8.46	--	4	3384	买盘
14:17:51	8.46	--	335	283410	买盘
14:17:46	8.46	--	505	427230	买盘
14:17:36	8.46	0.01	9	7614	买盘
14:17:30	8.45	--	14	11829	卖盘
14:17:21	8.45	--	5	4225	卖盘
14:17:15	8.45	--	52	43939	卖盘
14:17:06	8.45	-0.01	265	223924	卖盘
14:17:00	8.46	--	466	394236	买盘
14:16:56	8.46	0.01	48	40608	买盘
14:16:45	8.45	-0.01	69	58304	卖盘
14:16:36	8.46	0.01	44	37224	买盘
14:16:21	8.45	--	44	37180	卖盘
14:16:11	8.45	--	55	46474	卖盘
14:16:06	8.45	--	38	32109	卖盘
14:16:00	8.45	--	203	171535	卖盘
14:15:55	8.45	-0.01	20	16900	卖盘
14:15:51	8.46	0.01	197	166662	买盘
14:15:45	8.45	--	8	6759	卖盘
14:15:39	8.45	--	5	4225	卖盘
14:15:35	8.45	-0.01	37	31264	卖盘
14:15:31	8.46	--	47	39762	买盘
14:15:20	8.46	--	227	192042	买盘
14:15:15	8.46	--	137	115902	买盘
14:15:09	8.46	--	100	84600	买盘
14:15:05	8.46	--	17	14382	买盘
14:15:01	8.46	--	13	10998	买盘
14:14:50	8.46	--	4	3384	买盘
14:14:45	8.46	0.01	1	846	买盘
14:14:39	8.45	-0.01	60	50699	卖盘
14:14:30	8.46	0.01	60	50760	买盘
14:14:24	8.45	--	94	79430	卖盘
14:14:20	8.45	-0.01	72	60839	卖盘
14:14:15	8.46	0.01	20	16920	买盘
14:14:09	8.45	--	10	8450	卖盘
14:14:00	8.45	--	126	106469	卖盘
14:13:54	8.45	--	119	100554	买盘
14:13:50	8.45	--	40	33800	买盘
14:13:45	8.45	--	123	103934	买盘
14:13:39	8.45	--	27	22814	买盘
14:13:35	8.45	--	246	207869	买盘
14:13:30	8.45	--	101	85345	买盘
14:13:20	8.45	--	152	128439	买盘
14:13:09	8.45	--	120	101399	买盘
14:13:05	8.45	--	273	230684	买盘
14:13:00	8.45	--	36	30419	买盘
14:12:54	8.45	--	67	56614	买盘
14:12:50	8.45	--	82	69290	买盘
14:12:30	8.45	0.01	80	67600	买盘
14:12:24	8.44	-0.01	60	50640	卖盘
14:12:20	8.45	--	125	105624	买盘
14:12:16	8.45	0.01	9	7604	买盘
14:12:09	8.44	-0.01	8	6752	卖盘
14:12:05	8.45	0.01	110	92949	买盘
14:11:54	8.44	--	1004	847376	买盘
14:11:50	8.44	--	565	476860	买盘
14:11:45	8.44	--	16	13504	买盘
14:11:39	8.44	--	56	47264	买盘
14:11:35	8.44	--	27	22788	买盘
14:11:30	8.44	-0.01	75	63299	卖盘
14:11:24	8.45	--	49	41405	买盘
14:11:20	8.45	--	3041	2569645	买盘
14:11:15	8.45	--	30	25349	买盘
14:11:09	8.45	--	93	78585	买盘
14:11:05	8.45	--	41	34645	买盘
14:11:00	8.45	--	17	14364	买盘
14:10:54	8.45	0.01	30	25349	买盘
14:10:50	8.44	--	2	1688	卖盘
14:10:45	8.44	-0.01	78	65832	卖盘
14:10:39	8.45	--	90	76050	买盘
14:10:30	8.45	--	88	74360	买盘
14:10:24	8.45	--	90	76050	买盘
14:10:20	8.45	--	2	1689	买盘
14:10:15	8.45	--	11	9295	买盘
14:10:09	8.45	--	311	262795	买盘
14:10:05	8.45	0.01	29	24504	买盘
14:10:00	8.44	-0.01	283	238852	卖盘
14:09:54	8.45	--	5	4225	买盘
14:09:50	8.45	--	28	23659	买盘
14:09:45	8.45	--	37	31264	买盘
14:09:39	8.45	--	814	687830	卖盘
14:09:35	8.45	--	10	8450	卖盘
14:09:30	8.45	--	10	8450	卖盘
14:09:24	8.45	--	20	16900	卖盘
14:09:20	8.45	--	3	2535	卖盘
14:09:15	8.45	--	72	60839	卖盘
14:09:09	8.45	--	61	51544	卖盘
14:09:05	8.45	--	20	16900	卖盘
14:09:00	8.45	-0.01	26	21969	卖盘
14:08:54	8.46	--	53	44838	买盘
14:08:48	8.46	0.01	10	8460	买盘
14:08:39	8.45	--	6	5070	卖盘
14:08:33	8.45	-0.01	5	4225	卖盘
14:08:29	8.46	--	347	293562	买盘
14:08:24	8.46	0.01	25	21150	买盘
14:08:18	8.45	--	16	13519	卖盘
14:08:14	8.45	-0.01	21	17745	卖盘
14:08:09	8.46	0.01	65	54990	买盘
14:08:03	8.45	--	10	8450	卖盘
14:07:59	8.45	--	226	190969	卖盘
14:07:54	8.45	--	411	347294	买盘
14:07:48	8.45	--	61	51544	买盘
14:07:44	8.45	0.01	13	10984	买盘
14:07:39	8.44	-0.01	40	33760	卖盘
14:07:33	8.45	0.01	46	38870	买盘
14:07:29	8.44	--	73	61612	卖盘
14:07:24	8.44	--	121	102124	卖盘
14:07:14	8.44	-0.01	71	59924	卖盘
14:07:09	8.45	--	10	8450	买盘
14:07:03	8.45	0.01	44	37180	买盘
14:06:59	8.44	--	70	59080	卖盘
14:06:54	8.44	-0.01	64	54016	卖盘
14:06:48	8.45	0.01	170	143650	买盘
14:06:39	8.44	-0.01	2	1688	卖盘
14:06:24	8.45	--	773	653185	卖盘
14:06:18	8.45	-0.01	2	1689	卖盘
14:06:14	8.46	--	4	3384	买盘
14:06:09	8.46	0.01	10	8460	买盘
14:06:03	8.45	--	146	123369	卖盘
14:05:59	8.45	--	163	137735	卖盘
14:05:54	8.45	--	38	32109	卖盘
14:05:44	8.45	--	25	21125	卖盘
14:05:39	8.45	--	9	7604	卖盘
14:05:33	8.45	--	9	7604	卖盘
14:05:29	8.45	--	70	59149	卖盘
14:05:24	8.45	--	160	135200	卖盘
14:05:14	8.45	--	10	8450	卖盘
14:05:09	8.45	--	41	34645	卖盘
14:05:03	8.45	-0.01	5	4225	卖盘
14:04:59	8.46	--	2	1692	买盘
14:04:54	8.46	0.01	46	38916	买盘
14:04:48	8.45	-0.01	120	101399	卖盘
14:04:44	8.46	0.01	7	5922	买盘
14:04:33	8.45	--	30	25349	卖盘
14:04:29	8.45	--	50	42250	卖盘
14:04:24	8.45	-0.01	38	32109	卖盘
14:04:18	8.46	0.01	94	79524	买盘
14:04:09	8.45	-0.01	1	844	卖盘
14:04:03	8.46	--	41	34686	买盘
14:03:54	8.46	--	714	604044	买盘
14:03:48	8.46	--	52	43992	买盘
14:03:44	8.46	0.01	10	8460	买盘
14:03:39	8.45	--	441	372644	卖盘
14:03:33	8.45	--	65	54924	卖盘
14:03:24	8.45	--	27	22814	卖盘
14:03:18	8.45	--	110	92949	卖盘
14:03:14	8.45	--	18	15209	卖盘
14:03:09	8.45	-0.01	54	45629	卖盘
14:03:03	8.46	0.01	64	54144	买盘
14:02:54	8.45	-0.01	80	67600	卖盘
14:02:48	8.46	-0.01	73	61758	卖盘
14:02:44	8.47	0.01	145	122815	买盘
14:02:39	8.46	--	172	145512	卖盘
14:02:33	8.46	--	63	53298	卖盘
14:02:29	8.46	-0.01	161	136206	卖盘
14:02:24	8.47	0.01	65	55055	买盘
14:02:18	8.46	--	121	102366	卖盘
14:02:14	8.46	--	643	543978	卖盘
14:02:09	8.46	-0.01	33	27918	卖盘
14:02:03	8.47	0.01	1	847	买盘
14:01:53	8.46	--	56	47376	卖盘
14:01:33	8.46	-0.01	59	49914	卖盘
14:01:27	8.47	0.01	5	4235	买盘
14:01:23	8.46	-0.01	31	26226	卖盘
14:01:18	8.47	0.01	58	49126	买盘
14:01:12	8.46	-0.01	57	48222	卖盘
14:01:03	8.47	--	117	99099	买盘
14:00:57	8.47	--	21	17787	买盘
14:00:53	8.47	--	10	8470	买盘
14:00:33	8.47	--	601	509047	卖盘
14:00:27	8.47	--	45	38115	卖盘
14:00:23	8.47	--	125	105875	卖盘
14:00:18	8.47	--	83	70301	卖盘
14:00:12	8.47	--	50	42350	卖盘
14:00:08	8.47	--	19	16093	卖盘
14:00:03	8.47	--	218	184646	买盘
13:59:53	8.47	0.01	60	50820	买盘
13:59:48	8.46	-0.01	11	9306	卖盘
13:59:38	8.47	--	714	604758	买盘
13:59:33	8.47	-0.01	140	118580	卖盘
13:59:27	8.48	0.01	14	11872	买盘
13:59:23	8.47	--	99	83853	买盘
13:59:18	8.47	--	144	121968	买盘
13:59:12	8.47	--	58	49126	买盘
13:59:08	8.47	--	251	212597	卖盘
13:59:03	8.47	--	154	130438	买盘
13:58:57	8.47	--	16	13552	买盘
13:58:53	8.47	-0.01	59	49973	卖盘
13:58:48	8.48	--	23	19504	买盘
13:58:42	8.48	--	287	243376	买盘
13:58:38	8.48	--	163	138224	买盘
13:58:33	8.48	--	3	2544	买盘
13:58:23	8.48	0.01	193	163664	买盘
13:58:18	8.47	--	875	741125	买盘
13:58:12	8.47	--	57	48279	买盘
13:58:08	8.47	0.01	514	435358	买盘
13:58:03	8.46	--	48	40608	卖盘
13:57:53	8.46	-0.01	40	33840	卖盘
13:57:48	8.47	--	1304	1104488	买盘
13:57:38	8.47	--	1	847	买盘
13:57:33	8.47	--	78	66066	买盘
13:57:27	8.47	--	53	44891	买盘
13:57:18	8.47	--	461	390467	买盘
13:57:12	8.47	--	10	8470	买盘
13:57:08	8.47	--	2	1694	买盘
13:57:03	8.47	--	307	260029	买盘
13:56:57	8.47	--	393	332871	买盘
13:56:53	8.47	--	55	46585	买盘
13:56:42	8.47	--	112	94864	买盘
13:56:33	8.47	0.01	10	8470	买盘
13:56:27	8.46	--	9	7614	卖盘
13:56:23	8.46	--	360	304560	卖盘
13:56:18	8.46	-0.01	233	197118	卖盘
13:56:12	8.47	0.01	71	60137	买盘
13:56:08	8.46	-0.01	352	297792	卖盘
13:55:57	8.47	0.01	57	48279	买盘
13:55:48	8.46	--	15	12690	卖盘
13:55:42	8.46	--	3	2538	卖盘
13:55:33	8.46	--	106	89676	卖盘
13:55:27	8.46	--	60	50760	买盘
13:55:21	8.46	--	60	50760	买盘
13:55:18	8.46	0.01	1	846	买盘
13:55:12	8.45	-0.01	123	103934	卖盘
13:55:06	8.46	--	24	20304	买盘
13:55:02	8.46	0.01	82	69372	买盘
13:54:57	8.45	-0.01	760	642200	卖盘
13:54:51	8.46	--	338	285948	买盘
13:54:47	8.46	0.01	172	145512	买盘
13:54:42	8.45	--	80	67600	卖盘
13:54:32	8.45	-0.01	12	10140	卖盘
13:54:17	8.46	--	120	101520	买盘
13:54:12	8.46	--	43	36378	买盘
13:54:06	8.46	--	441	373086	买盘
13:54:02	8.46	0.01	28	23688	买盘
13:53:57	8.45	-0.01	525	443624	卖盘
13:53:47	8.46	0.01	164	138744	买盘
13:53:42	8.45	--	7	5914	卖盘
13:53:36	8.45	-0.01	27	22814	卖盘
13:53:27	8.46	0.01	2290	1937340	买盘
13:53:12	8.45	-0.01	209	176604	卖盘
13:53:06	8.46	0.01	10	8460	买盘
13:52:57	8.45	--	44	37180	卖盘
13:52:47	8.45	--	27	22814	卖盘
13:52:36	8.45	--	27	22814	卖盘
13:52:32	8.45	--	121	102244	买盘
13:52:27	8.45	--	152	128439	买盘
13:52:21	8.45	--	61	51544	买盘
13:52:17	8.45	--	46	38870	买盘
13:52:12	8.45	--	143	120834	买盘
13:52:06	8.45	--	354	299130	买盘
13:52:02	8.45	0.01	63	53234	买盘
13:51:57	8.44	-0.01	474	400056	卖盘
13:51:51	8.45	--	100	84500	买盘
13:51:42	8.45	--	50	42250	买盘
13:51:36	8.45	0.01	13	10984	买盘
13:51:32	8.44	--	70	59080	卖盘
13:51:27	8.44	-0.01	33	27852	卖盘
13:51:21	8.45	0.01	106	89569	买盘
13:51:12	8.44	--	18	15192	卖盘
13:51:02	8.44	--	258	217752	买盘
13:50:57	8.44	--	19	16035	买盘
13:50:42	8.44	--	25	21100	买盘
13:50:36	8.44	--	10	8440	买盘
13:50:32	8.44	0.01	12	10128	买盘
13:50:27	8.43	-0.01	117	98631	卖盘
13:50:17	8.44	-0.01	15	12660	卖盘
13:50:06	8.45	0.01	39	32955	买盘
13:50:02	8.44	--	192	162048	卖盘
13:49:57	8.44	--	5	4220	卖盘
13:49:51	8.44	--	2	1688	卖盘
13:49:47	8.44	--	125	105500	卖盘
13:49:42	8.44	--	1	844	卖盘
13:49:36	8.44	-0.01	148	124911	卖盘
13:49:32	8.45	0.01	98	82810	买盘
13:49:27	8.44	-0.01	100	84400	卖盘
13:49:21	8.45	0.01	86	72670	买盘
13:49:17	8.44	-0.01	26	21944	卖盘
13:49:06	8.45	0.01	47	39715	买盘
13:48:57	8.44	--	51	43044	卖盘
13:48:51	8.44	--	339	286116	卖盘
13:48:45	8.44	--	42	35448	卖盘
13:48:42	8.44	--	901	760444	买盘
13:48:36	8.44	--	10	8440	买盘
13:48:30	8.44	--	15	12660	买盘
13:48:26	8.44	0.01	119	100436	买盘
13:48:21	8.43	-0.01	55	46365	卖盘
13:48:15	8.44	--	140	118160	买盘
13:48:06	8.44	0.01	105	88620	买盘
13:48:00	8.43	-0.01	50	42150	卖盘
13:47:56	8.44	--	16	13504	买盘
13:47:51	8.44	--	15	12660	买盘
13:47:41	8.44	--	90	75960	买盘
13:47:36	8.44	--	12	10128	买盘
13:47:21	8.44	--	72	60768	卖盘
13:47:15	8.44	-0.01	4	3376	卖盘
13:47:11	8.45	0.01	9	7604	买盘
13:47:06	8.44	--	100	84400	买盘
13:47:00	8.44	--	149	125755	卖盘
13:46:56	8.44	--	100	84400	卖盘
13:46:51	8.44	--	10	8440	卖盘
13:46:45	8.44	-0.01	388	327472	卖盘
13:46:41	8.45	0.01	15	12674	买盘
13:46:36	8.44	--	59	49796	卖盘
13:46:30	8.44	--	3	2532	卖盘
13:46:26	8.44	-0.01	28	23632	卖盘
13:46:21	8.45	--	85	71825	买盘
13:46:11	8.45	0.01	41	34645	买盘
13:46:06	8.44	--	39	32916	卖盘
13:45:56	8.44	--	106	89464	卖盘
13:45:51	8.44	--	25	21100	卖盘
13:45:45	8.44	--	63	53172	卖盘
13:45:41	8.44	-0.01	100	84400	卖盘
13:45:36	8.45	0.01	13	10984	买盘
13:45:26	8.44	-0.01	30	25320	卖盘
13:45:21	8.45	0.01	708	598260	买盘
13:45:11	8.44	--	125	105500	卖盘
13:45:00	8.44	-0.01	289	243916	卖盘
13:44:45	8.45	--	171	144495	买盘
13:44:41	8.45	0.01	40	33800	买盘
13:44:36	8.44	-0.01	10	8440	卖盘
13:44:21	8.45	0.01	5	4225	买盘
13:44:11	8.44	--	12	10128	卖盘
13:44:06	8.44	--	76	64143	卖盘
13:44:00	8.44	-0.01	11	9284	卖盘
13:43:56	8.45	0.01	83	70135	买盘
13:43:51	8.44	--	6	5064	卖盘
13:43:45	8.44	--	50	42200	卖盘
13:43:36	8.44	--	128	108032	卖盘
13:43:30	8.44	--	22	18568	卖盘
13:43:21	8.44	--	286	241384	卖盘
13:43:15	8.44	-0.01	416	351104	卖盘
13:43:11	8.45	0.01	10	8450	买盘
13:43:06	8.44	--	21	17724	卖盘
13:43:00	8.44	--	30	25320	卖盘
13:42:51	8.44	--	4	3376	卖盘
13:42:45	8.44	--	31	26164	卖盘
13:42:36	8.44	--	71	59924	卖盘
13:42:30	8.44	--	48	40512	卖盘
13:42:15	8.44	--	206	173864	买盘
13:42:10	8.44	--	25	21100	买盘
13:42:06	8.44	--	6	5064	买盘
13:42:00	8.44	--	11	9284	买盘
13:41:54	8.44	--	3	2532	卖盘
13:41:51	8.44	--	82	69208	卖盘
13:41:35	8.44	-0.01	407	343508	卖盘
13:41:24	8.45	0.01	1	844	买盘
13:41:20	8.44	--	8	6752	卖盘
13:41:09	8.44	--	20	16880	卖盘
13:41:05	8.44	-0.01	150	126599	卖盘
13:41:00	8.45	0.01	10	8450	买盘
13:40:54	8.44	--	6	5064	卖盘
13:40:45	8.44	--	60	50640	卖盘
13:40:35	8.44	--	36	30384	卖盘
13:40:30	8.44	--	32	27008	卖盘
13:40:24	8.44	-0.01	52	43888	卖盘
13:40:20	8.45	--	20	16900	买盘
13:40:15	8.45	0.01	20	16900	买盘
13:40:09	8.44	--	502	423688	卖盘
13:40:05	8.44	--	71	59924	卖盘
13:40:00	8.44	--	118	99592	卖盘
13:39:50	8.44	-0.01	17	14348	卖盘
13:39:45	8.45	0.01	8	6759	买盘
13:39:35	8.44	--	179	151076	卖盘
13:39:30	8.44	--	96	81024	卖盘
13:39:24	8.44	--	7	5908	卖盘
13:39:20	8.44	-0.01	390	329160	卖盘
13:39:15	8.45	--	57	48164	买盘
13:39:09	8.45	0.01	35	29574	买盘
13:39:05	8.44	-0.01	10	8440	卖盘
13:38:45	8.45	0.01	94	79430	买盘
13:38:35	8.44	-0.01	143	120692	卖盘
13:38:30	8.45	--	200	169000	买盘
13:38:20	8.45	0.01	24	20280	买盘
13:38:15	8.44	--	531	448164	卖盘
13:38:09	8.44	--	190	160360	卖盘
13:38:05	8.44	-0.01	3	2532	卖盘
13:38:00	8.45	--	34	28729	买盘
13:37:50	8.45	0.01	60	50699	买盘
13:37:39	8.44	-0.01	30	25320	卖盘
13:37:30	8.45	--	12	10140	买盘
13:37:24	8.45	--	99	83655	买盘
13:37:20	8.45	0.01	5	4225	买盘
13:37:15	8.44	-0.01	2	1688	卖盘
13:37:05	8.45	--	49	41405	买盘
13:37:00	8.45	--	1	844	买盘
13:36:50	8.45	--	2	1689	买盘
13:36:45	8.45	--	37	31264	买盘
13:36:35	8.45	0.01	111	93794	买盘
13:36:30	8.44	-0.01	55	46420	卖盘
13:36:15	8.45	--	35	29574	买盘
13:36:09	8.45	--	100	84500	买盘
13:36:05	8.45	--	77	65064	买盘
13:36:00	8.45	0.01	5	4225	买盘
13:35:45	8.44	-0.01	22	18568	卖盘
13:35:39	8.45	--	51	43095	买盘
13:35:35	8.45	0.01	2	1689	买盘
13:35:30	8.44	--	20	16880	卖盘
13:35:24	8.44	-0.01	45	37980	卖盘
13:35:18	8.45	0.01	10	8450	买盘
13:35:15	8.44	-0.01	25	21100	卖盘
13:35:09	8.45	--	3	2535	买盘
13:35:00	8.45	--	3	2535	买盘
13:34:54	8.45	--	3	2535	买盘
13:34:44	8.45	--	76	64219	买盘
13:34:39	8.45	--	21	17745	买盘
13:34:29	8.45	--	18	15209	买盘
13:34:24	8.45	--	205	173224	买盘
13:34:18	8.45	--	66	55769	买盘
13:34:09	8.45	--	37	31264	买盘
13:33:59	8.45	--	118	99709	买盘
13:33:54	8.45	--	6	5070	买盘
13:33:44	8.45	--	155	130974	买盘
13:33:39	8.45	--	25	21125	买盘
13:33:33	8.45	--	8	6759	买盘
13:33:29	8.45	--	512	432639	卖盘
13:33:24	8.45	--	111	93794	卖盘
13:33:18	8.45	--	8	6759	卖盘
13:33:14	8.45	--	52	43939	卖盘
13:33:09	8.45	--	21	17745	卖盘
13:32:59	8.45	--	220	185899	卖盘
13:32:54	8.45	--	5	4225	卖盘
13:32:48	8.45	--	138	116609	卖盘
13:32:44	8.45	--	11	9295	卖盘
13:32:39	8.45	-0.01	65	54924	卖盘
13:32:33	8.46	0.01	22	18612	买盘
13:32:29	8.45	-0.01	34	28729	卖盘
13:32:24	8.46	0.01	223	188658	买盘
13:32:18	8.45	--	500	422499	卖盘
13:32:09	8.45	--	6	5070	卖盘
13:31:59	8.45	--	98	82810	卖盘
13:31:54	8.45	--	1	844	卖盘
13:31:48	8.45	-0.01	4	3379	卖盘
13:31:44	8.46	0.01	30	25380	买盘
13:31:39	8.45	--	135	114074	卖盘
13:31:33	8.45	-0.01	20	16900	卖盘
13:31:29	8.46	0.01	50	42300	买盘
13:31:18	8.45	-0.01	50	42250	卖盘
13:31:09	8.46	--	5	4230	买盘
13:31:03	8.46	--	23	19458	买盘
13:30:59	8.46	0.01	20	16920	买盘
13:30:54	8.45	-0.01	29	24504	卖盘
13:30:48	8.46	0.01	92	77832	买盘
13:30:44	8.45	-0.01	47	39715	卖盘
13:30:39	8.46	0.01	13	10998	买盘
13:30:33	8.45	--	24	20280	卖盘
13:30:29	8.45	-0.01	248	209559	卖盘
13:30:24	8.46	0.01	1	846	买盘
13:30:18	8.45	--	15	12674	卖盘
13:30:14	8.45	--	30	25349	卖盘
13:30:09	8.45	--	48	40560	卖盘
13:30:03	8.45	--	320	270400	卖盘
13:29:59	8.45	--	40	33800	卖盘
13:29:54	8.45	--	91	76895	卖盘
13:29:48	8.45	--	22	18590	卖盘
13:29:44	8.45	-0.01	26	21969	卖盘
13:29:39	8.46	--	23	19458	买盘
13:29:33	8.46	0.01	43	36378	买盘
13:29:24	8.45	-0.01	30	25349	卖盘
13:29:18	8.46	0.01	20	16920	买盘
13:29:14	8.45	-0.01	5	4225	卖盘
13:29:09	8.46	0.01	603	510138	买盘
13:29:03	8.45	-0.01	94	79430	卖盘
13:28:59	8.46	0.01	611	516906	买盘
13:28:54	8.45	-0.01	33	27884	卖盘
13:28:48	8.46	0.01	20	16920	买盘
13:28:44	8.45	-0.01	361	305045	卖盘
13:28:39	8.46	0.01	4	3384	买盘
13:28:33	8.45	-0.01	13	10984	卖盘
13:28:27	8.46	0.01	95	80370	买盘
13:28:24	8.45	--	40	33800	卖盘
13:28:12	8.45	--	10	8450	卖盘
13:28:09	8.45	-0.01	69	58304	卖盘
13:28:03	8.46	--	10	8460	买盘
13:27:57	8.46	0.01	140	118440	买盘
13:27:53	8.45	-0.01	99	83655	卖盘
13:27:48	8.46	0.01	189	159894	买盘
13:27:42	8.45	-0.01	15	12674	卖盘
13:27:38	8.46	--	100	84600	买盘
13:27:33	8.46	--	121	102366	买盘
13:27:27	8.46	0.01	402	340092	买盘
13:27:23	8.45	--	68	57459	卖盘
13:27:18	8.45	-0.01	10	8450	卖盘
13:27:12	8.46	--	5	4230	买盘
13:27:08	8.46	0.01	2	1692	买盘
13:27:03	8.45	--	32	27039	卖盘
13:26:57	8.45	--	5	4225	卖盘
13:26:53	8.45	--	1709	1444104	买盘
13:26:48	8.45	--	70	59149	买盘
13:26:42	8.45	--	11	9295	买盘
13:26:38	8.45	0.01	49	41405	买盘
13:26:33	8.44	-0.01	55	46420	卖盘
13:26:27	8.45	0.01	70	59149	买盘
13:26:23	8.44	-0.01	157	132508	卖盘
13:26:18	8.45	0.01	10	8450	买盘
13:26:12	8.44	--	44	37136	卖盘
13:26:08	8.44	-0.01	116	97904	卖盘
13:26:03	8.45	0.01	23	19435	买盘
13:25:57	8.44	--	32	27008	卖盘
13:25:48	8.44	--	137	115628	卖盘
13:25:42	8.44	0.01	4	3376	卖盘
13:25:38	8.43	--	0	0	卖盘
13:25:33	8.43	-0.01	76	64068	卖盘
13:25:27	8.44	--	105	88620	卖盘
13:25:23	8.44	0.01	61	51484	买盘
13:25:18	8.43	-0.01	112	94416	卖盘
13:25:12	8.44	--	144	121536	卖盘
13:25:03	8.44	--	25	21100	买盘
13:24:53	8.44	0.01	95	80180	买盘
13:24:48	8.43	-0.01	2	1686	卖盘
13:24:42	8.44	--	110	92840	买盘
13:24:33	8.44	--	1	844	买盘
13:24:27	8.44	--	200	168800	买盘
13:24:18	8.44	--	220	185680	卖盘
13:24:12	8.44	--	10	8440	卖盘
13:24:08	8.44	--	55	46420	卖盘
13:23:57	8.44	--	8	6752	卖盘
13:23:48	8.44	-0.01	115	97060	卖盘
13:23:42	8.45	0.01	11	9295	买盘
13:23:33	8.44	--	71	59924	买盘
13:23:18	8.44	--	28	23632	买盘
13:23:12	8.44	-0.01	980	827120	卖盘
13:23:08	8.45	0.01	1	844	买盘
13:23:03	8.44	--	232	195808	卖盘
13:22:57	8.44	-0.01	77	64987	卖盘
13:22:48	8.45	--	20	16900	买盘
13:22:42	8.45	0.01	4	3379	买盘
13:22:33	8.44	-0.01	38	32071	卖盘
13:22:27	8.45	--	116	98019	买盘
13:22:23	8.45	0.01	1	844	买盘
13:22:18	8.44	--	8	6752	卖盘
13:22:12	8.44	-0.01	100	84400	卖盘
13:22:08	8.45	0.01	10	8450	买盘
13:22:03	8.44	--	10	8440	卖盘
13:21:51	8.44	--	7	5908	卖盘
13:21:48	8.44	--	8	6752	卖盘
13:21:42	8.44	--	140	118160	卖盘
13:21:36	8.44	-0.01	11	9284	卖盘
13:21:33	8.45	0.01	102	86190	买盘
13:21:27	8.44	--	67	56548	卖盘
13:21:21	8.44	--	42	35448	卖盘
13:21:12	8.44	--	31	26164	卖盘
13:21:06	8.44	-0.01	100	84400	卖盘
13:21:02	8.45	0.01	16	13519	买盘
13:20:57	8.44	--	6	5064	卖盘
13:20:51	8.44	--	20	16880	卖盘
13:20:47	8.44	--	54	45576	卖盘
13:20:32	8.44	--	110	92840	卖盘
13:20:27	8.44	-0.01	85	71740	卖盘
13:20:21	8.45	--	3	2535	买盘
13:20:17	8.45	--	40	33800	买盘
13:20:12	8.45	--	15	12674	买盘
13:20:02	8.45	--	146	123369	卖盘
13:19:57	8.45	--	274	231529	卖盘
13:19:51	8.45	--	205	173224	卖盘
13:19:47	8.45	--	237	200264	卖盘
13:19:42	8.45	--	234	197729	卖盘
13:19:36	8.45	--	110	92949	卖盘
13:19:32	8.45	--	483	408134	卖盘
13:19:27	8.45	--	8	6759	卖盘
13:19:21	8.45	-0.01	17	14364	卖盘
13:19:17	8.46	--	10	8460	买盘
13:19:12	8.46	0.01	158	133668	买盘
13:19:06	8.45	-0.01	55	46474	卖盘
13:19:02	8.46	0.01	28	23688	买盘
13:18:57	8.45	--	72	60839	卖盘
13:18:51	8.45	-0.01	1	844	卖盘
13:18:47	8.46	--	206	174276	买盘
13:18:42	8.46	0.01	500	423000	买盘
13:18:36	8.45	--	5	4225	卖盘
13:18:32	8.45	-0.01	31	26194	卖盘
13:18:27	8.46	0.01	8	6768	买盘
13:18:17	8.45	--	22	18590	卖盘
13:18:12	8.45	-0.01	86	72670	卖盘
13:18:06	8.46	0.01	179	151434	买盘
13:18:02	8.45	-0.01	83	70135	卖盘
13:17:57	8.46	0.01	31	26226	买盘
13:17:51	8.45	-0.01	3	2535	卖盘
13:17:47	8.46	--	41	34686	买盘
13:17:42	8.46	0.01	6	5076	买盘
13:17:36	8.45	-0.01	7	5914	卖盘
13:17:32	8.46	--	41	34686	买盘
13:17:27	8.46	--	50	42300	买盘
13:17:21	8.46	--	232	196272	买盘
13:17:17	8.46	--	6	5076	买盘
13:17:12	8.46	--	103	87138	买盘
13:17:06	8.46	--	91	76986	买盘
13:17:02	8.46	0.01	30	25380	买盘
13:16:57	8.45	-0.01	10	8450	卖盘
13:16:51	8.46	--	17	14382	买盘
13:16:42	8.46	0.01	218	184428	买盘
13:16:36	8.45	--	41	34645	卖盘
13:16:32	8.45	-0.01	75	63374	卖盘
13:16:21	8.46	0.01	290	245340	买盘
13:16:12	8.45	--	1	844	卖盘
13:16:06	8.45	--	24	20280	买盘
13:16:01	8.45	0.01	94	79430	买盘
13:15:57	8.44	-0.01	88	74272	卖盘
13:15:51	8.45	--	158	133510	买盘
13:15:47	8.45	--	8	6759	买盘
13:15:36	8.45	--	1	844	买盘
13:15:27	8.45	--	153	129284	买盘
13:15:12	8.45	--	25	21125	买盘
13:15:06	8.45	--	250	211249	买盘
13:14:56	8.45	0.01	155	130974	买盘
13:14:51	8.44	-0.01	178	150232	卖盘
13:14:45	8.45	--	44	37180	买盘
13:14:41	8.45	0.01	30	25349	买盘
13:14:36	8.44	--	152	128287	卖盘
13:14:30	8.44	--	9	7596	买盘
13:14:26	8.44	-0.01	282	238008	卖盘
13:14:21	8.45	0.01	33	27884	买盘
13:14:15	8.44	-0.01	5	4220	卖盘
13:14:11	8.45	0.01	27	22814	买盘
13:14:06	8.44	--	38	32071	卖盘
13:13:56	8.44	0.01	13	10972	买盘
13:13:51	8.43	-0.01	231	194733	卖盘
13:13:41	8.44	0.01	34	28696	买盘
13:13:36	8.43	--	52	43836	卖盘
13:13:30	8.43	--	71	59853	卖盘
13:13:26	8.43	--	66	55638	买盘
13:13:21	8.43	--	109	91887	买盘
13:13:06	8.43	--	44	37092	买盘
13:12:56	8.43	--	239	201477	买盘
13:12:51	8.43	--	20	16860	买盘
13:12:41	8.43	--	1	843	买盘
13:12:30	8.43	--	8	6744	买盘
13:12:26	8.43	0.01	65	54795	买盘
13:12:21	8.42	--	63	53046	卖盘
13:12:11	8.42	--	15	12630	卖盘
13:12:06	8.42	--	119	100198	卖盘
13:11:56	8.42	--	12	10104	卖盘
13:11:41	8.42	0.01	38	31996	卖盘
13:11:36	8.41	-0.01	105	88305	卖盘
13:11:30	8.42	--	44	37048	卖盘
13:11:26	8.42	--	22	18524	买盘
13:11:21	8.42	--	10	8420	买盘
13:11:11	8.42	--	50	42100	买盘
13:11:06	8.42	--	116	97672	卖盘
13:11:00	8.42	--	20	16840	卖盘
13:10:51	8.42	--	20	16840	买盘
13:10:45	8.42	--	30	25260	买盘
13:10:36	8.42	--	17	14314	买盘
13:10:30	8.42	--	100	84200	买盘
13:10:26	8.42	0.01	3	2526	买盘
13:10:21	8.41	--	9	7569	卖盘
13:10:15	8.41	--	14	11774	卖盘
13:10:06	8.41	--	67	56347	卖盘
13:09:56	8.41	--	1	841	卖盘
13:09:51	8.41	--	93	78213	卖盘
13:09:41	8.41	--	21	17661	卖盘
13:09:30	8.41	0.01	406	341656	买盘
13:09:26	8.4	-0.01	10	8400	卖盘
13:09:21	8.41	--	12	10092	买盘
13:09:15	8.41	--	435	365835	买盘
13:09:06	8.41	--	35	29435	买盘
13:09:00	8.41	-0.02	1886	1586756	卖盘
13:08:51	8.43	0.01	9	7587	买盘
13:08:45	8.42	-0.01	28	23576	卖盘
13:08:39	8.43	--	4	3372	买盘
13:08:30	8.43	--	100	84300	买盘
13:08:21	8.43	--	38	32034	买盘
13:08:09	8.43	0.01	161	135723	买盘
13:08:05	8.42	-0.01	53	44626	卖盘
13:08:00	8.43	0.01	70	59010	买盘
13:07:50	8.42	--	57	47994	卖盘
13:07:39	8.42	--	33	27786	卖盘
13:07:20	8.42	-0.01	40	33680	卖盘
13:07:05	8.43	0.01	2	1686	买盘
13:07:00	8.42	-0.01	20	16840	卖盘
13:06:45	8.43	0.01	33	27819	买盘
13:06:39	8.42	--	13	10946	卖盘
13:06:35	8.42	--	1	842	卖盘
13:06:30	8.42	--	40	33680	卖盘
13:06:20	8.42	-0.01	17	14314	卖盘
13:06:00	8.43	--	120	101160	买盘
13:05:50	8.43	0.01	20	16860	买盘
13:05:45	8.42	-0.01	126	106092	卖盘
13:05:30	8.43	--	2	1686	卖盘
13:05:24	8.43	-0.01	31	26133	卖盘
13:05:20	8.44	0.01	30	25320	买盘
13:05:15	8.43	--	278	234354	卖盘
13:05:05	8.43	-0.01	180	151740	卖盘
13:05:00	8.44	0.01	168	141792	买盘
13:04:45	8.43	--	173	145839	卖盘
13:04:39	8.43	--	56	47208	卖盘
13:04:35	8.43	--	4	3372	卖盘
13:04:30	8.43	--	52	43836	卖盘
13:04:20	8.43	--	97	81771	卖盘
13:04:15	8.43	--	55	46365	卖盘
13:04:09	8.43	--	170	143310	卖盘
13:04:00	8.43	-0.01	2	1686	卖盘
13:03:54	8.44	0.01	15	12660	买盘
13:03:50	8.43	--	1	843	卖盘
13:03:45	8.43	--	15	12645	卖盘
13:03:30	8.43	-0.01	65	54795	卖盘
13:03:15	8.44	--	13	10972	买盘
13:03:09	8.44	--	10	8440	买盘
13:03:05	8.44	--	16	13504	卖盘
13:02:54	8.44	-0.01	19	16035	卖盘
13:02:45	8.45	0.01	2	1689	买盘
13:02:39	8.44	-0.01	10	8440	卖盘
13:02:30	8.45	0.01	13	10984	买盘
13:02:19	8.44	--	10	8440	卖盘
13:02:15	8.44	--	8	6752	卖盘
13:02:05	8.44	-0.01	68	57392	卖盘
13:02:00	8.45	0.02	8	6759	中性盘
13:01:54	8.43	-0.02	110	92730	卖盘
13:01:48	8.45	--	0	0	买盘
13:01:45	8.45	--	12	10140	买盘
13:01:39	8.45	-0.01	53	44784	卖盘
13:01:33	8.46	0.01	232	196272	买盘
13:01:30	8.45	--	383	323635	卖盘
13:01:24	8.45	--	33	27884	卖盘
13:01:18	8.45	-0.01	91	76895	卖盘
13:01:14	8.46	0.01	19	16074	买盘
13:01:09	8.45	--	300	253499	卖盘
13:01:03	8.45	--	10	8450	卖盘
13:00:59	8.45	--	10	8450	卖盘
13:00:44	8.45	--	629	531505	买盘
13:00:39	8.45	0.01	14	11829	买盘
13:00:24	8.44	--	6	5064	卖盘
13:00:14	8.44	-0.01	10	8440	卖盘
13:00:09	8.45	0.01	389	328705	买盘
13:00:03	8.44	0.01	265	223660	买盘
11:30:00	8.43	--	0	0	卖盘
11:30:00	8.43	--	0	0	卖盘
11:29:55	8.43	--	6	5058	买盘
11:29:51	8.43	--	20	16860	买盘
11:29:45	8.43	--	158	133194	买盘
11:29:41	8.43	--	160	134880	买盘
11:29:36	8.43	--	849	715707	卖盘
11:29:26	8.43	-0.02	30	25290	卖盘
11:29:21	8.45	0.02	4	3379	买盘
11:29:15	8.43	-0.02	30	25290	卖盘
11:29:11	8.45	--	3	2535	买盘
11:29:06	8.45	--	8	6759	买盘
11:29:00	8.45	--	50	42250	买盘
11:28:51	8.45	0.02	32	27039	买盘
11:28:41	8.43	-0.01	940	792420	卖盘
11:28:36	8.44	0.01	8	6752	买盘
11:28:30	8.43	-0.01	126	106218	卖盘
11:28:26	8.44	--	75	63299	买盘
11:28:21	8.44	--	25	21100	买盘
11:28:15	8.44	--	117	98748	买盘
11:28:10	8.44	0.01	11	9284	买盘
11:28:06	8.43	--	33	27819	卖盘
11:27:56	8.43	--	26	21918	卖盘
11:27:51	8.43	--	125	105375	卖盘
11:27:45	8.43	--	18	15174	卖盘
11:27:36	8.43	--	64	53952	卖盘
11:27:30	8.43	--	65	54795	买盘
11:27:21	8.43	--	3	2529	买盘
11:27:15	8.43	--	154	129822	买盘
11:27:11	8.43	0.01	1	843	买盘
11:27:06	8.42	-0.01	12	10104	卖盘
11:27:00	8.43	--	3	2529	买盘
11:26:55	8.43	--	2	1686	买盘
11:26:50	8.43	--	40	33720	买盘
11:26:45	8.43	--	100	84300	买盘
11:26:35	8.43	0.01	11	9273	买盘
11:26:30	8.42	-0.01	63	53046	卖盘
11:26:20	8.43	0.01	130	109590	买盘
11:26:15	8.42	-0.01	17	14314	卖盘
11:26:10	8.43	0.01	10	8430	买盘
11:26:05	8.42	--	148	124616	卖盘
11:26:00	8.42	--	27	22734	卖盘
11:25:55	8.42	0.01	25	21260	买盘
11:25:50	8.41	-0.01	91	76531	卖盘
11:25:45	8.42	0.01	36	30312	买盘
11:25:39	8.41	-0.01	1555	1307755	卖盘
11:25:35	8.42	0.01	49	41258	买盘
11:25:30	8.41	-0.01	10	8410	卖盘
11:25:20	8.42	0.01	92	77464	买盘
11:25:15	8.41	--	3	2523	卖盘
11:25:09	8.41	--	101	84941	卖盘
11:25:05	8.41	-0.01	5	4205	卖盘
11:24:54	8.42	--	7	5894	买盘
11:24:50	8.42	0.01	1	842	买盘
11:24:45	8.41	--	50	42050	卖盘
11:24:35	8.41	-0.01	2	1682	卖盘
11:24:30	8.42	0.01	30	25260	买盘
11:24:24	8.41	--	193	162313	卖盘
11:24:20	8.41	-0.01	21	17661	卖盘
11:24:15	8.42	--	46	38732	买盘
11:24:09	8.42	0.01	44	37048	买盘
11:24:05	8.41	-0.01	50	42050	卖盘
11:24:00	8.42	0.01	30	25260	买盘
11:23:54	8.41	-0.01	19	15979	卖盘
11:23:50	8.42	0.01	10	8420	买盘
11:23:44	8.41	-0.01	19	15979	卖盘
11:23:39	8.42	0.01	14	11788	买盘
11:23:35	8.41	-0.01	2	1682	卖盘
11:23:30	8.42	--	25	21050	买盘
11:23:24	8.42	0.01	130	109460	买盘
11:23:20	8.41	--	45	37845	卖盘
11:23:15	8.41	--	35	29435	卖盘
11:23:09	8.41	--	98	82418	卖盘
11:23:00	8.41	-0.01	27	22707	卖盘
11:22:54	8.42	0.01	12	10104	买盘
11:22:49	8.41	--	4	3364	卖盘
11:22:45	8.41	--	16	13456	卖盘
11:22:39	8.41	--	8	6728	买盘
11:22:35	8.41	--	22	18502	卖盘
11:22:30	8.41	--	28	23548	买盘
11:22:20	8.41	-0.01	89	74849	卖盘
11:22:15	8.42	--	642	540564	买盘
11:22:05	8.42	--	9	7578	买盘
11:22:00	8.42	--	10	8420	买盘
11:21:50	8.42	--	27	22734	买盘
11:21:45	8.42	--	4	3368	买盘
11:21:14	8.42	0.01	5	4210	买盘
11:21:04	8.41	--	33	27753	卖盘
11:21:00	8.41	--	149	125309	卖盘
11:20:45	8.41	-0.01	1	841	卖盘
11:20:30	8.42	--	29	24418	买盘
11:20:24	8.42	--	9	7578	买盘
11:20:19	8.42	--	1	842	买盘
11:20:14	8.42	--	6	5052	买盘
11:20:08	8.42	--	360	303751	买盘
11:19:59	8.42	0.01	20	16840	买盘
11:19:54	8.41	--	130	109330	卖盘
11:19:44	8.41	--	24	20184	卖盘
11:19:39	8.41	-0.01	60	50460	卖盘
11:19:34	8.42	0.01	54	45468	买盘
11:19:24	8.41	--	19	15979	卖盘
11:19:03	8.41	--	95	79895	卖盘
11:18:59	8.41	-0.01	108	90828	卖盘
11:18:54	8.42	--	145	122090	买盘
11:18:48	8.42	--	3	2526	买盘
11:18:44	8.42	--	14	11788	买盘
11:18:39	8.42	--	30	25260	买盘
11:18:29	8.42	--	115	96830	买盘
11:18:24	8.42	--	13	10946	买盘
11:18:18	8.42	--	18	15156	买盘
11:18:03	8.42	0.01	20	16840	买盘
11:17:54	8.41	--	11	9251	卖盘
11:17:48	8.41	-0.01	10	8410	卖盘
11:17:44	8.42	0.01	7	5894	买盘
11:17:33	8.41	--	33	27753	卖盘
11:17:29	8.41	--	308	259028	卖盘
11:17:24	8.41	--	15	12615	卖盘
11:17:18	8.41	-0.01	9	7569	卖盘
11:17:14	8.42	0.01	10	8420	买盘
11:17:09	8.41	-0.01	17	14297	卖盘
11:17:03	8.42	0.01	129	108618	买盘
11:16:54	8.41	--	1	841	卖盘
11:16:48	8.41	--	20	16820	卖盘
11:16:44	8.41	-0.01	4	3364	卖盘
11:16:39	8.42	--	22	18524	买盘
11:16:33	8.42	0.01	10	8420	买盘
11:16:29	8.41	--	312	262392	卖盘
11:16:24	8.41	--	84	70644	卖盘
11:16:13	8.41	--	371	312221	买盘
11:16:09	8.41	--	9	7569	买盘
11:16:03	8.41	--	10	8410	买盘
11:15:59	8.41	--	277	232957	买盘
11:15:54	8.41	--	13	10933	买盘
11:15:48	8.41	--	100	84100	买盘
11:15:44	8.41	--	1	841	买盘
11:15:39	8.41	--	312	263022	卖盘
11:15:29	8.41	--	28	23548	卖盘
11:15:24	8.41	--	151	126991	卖盘
11:15:18	8.41	--	6	5046	卖盘
11:15:09	8.41	-0.01	1	841	卖盘
11:15:03	8.42	0.01	101	85042	买盘
11:14:54	8.41	--	73	61393	卖盘
11:14:47	8.41	--	21	17661	卖盘
11:14:44	8.41	--	10	8410	卖盘
11:14:39	8.41	--	41	34481	卖盘
11:14:33	8.41	--	202	169882	卖盘
11:14:29	8.41	--	159	133719	卖盘
11:14:24	8.41	-0.01	20	16820	卖盘
11:14:18	8.42	0.01	111	93462	买盘
11:14:13	8.41	--	24	20184	卖盘
11:14:09	8.41	--	59	49619	卖盘
11:14:03	8.41	--	21	17661	卖盘
11:13:58	8.41	-0.01	20	16820	卖盘
11:13:53	8.42	--	4	3368	买盘
11:13:48	8.42	--	24	20208	买盘
11:13:39	8.42	0.01	95	79990	买盘
11:13:33	8.41	-0.01	16	13456	卖盘
11:13:23	8.42	0.01	2	1684	买盘
11:13:18	8.41	-0.02	576	484416	卖盘
11:13:13	8.43	0.01	4	3372	买盘
11:13:08	8.42	--	10	8420	卖盘
11:13:02	8.42	--	15	12630	卖盘
11:12:53	8.42	--	47	39574	卖盘
11:12:48	8.42	--	130	109460	卖盘
11:12:43	8.42	--	2	1684	卖盘
11:12:38	8.42	--	4	3368	卖盘
11:12:33	8.42	--	136	114512	卖盘
11:12:28	8.42	--	20	16840	卖盘
11:12:23	8.42	--	154	129668	卖盘
11:12:18	8.42	--	78	65676	卖盘
11:12:12	8.42	0.01	465	391740	买盘
11:12:08	8.41	--	22	18502	卖盘
11:12:03	8.41	--	38	31958	卖盘
11:11:53	8.41	--	5	4205	卖盘
11:11:48	8.41	0.01	166	139606	卖盘
11:11:38	8.4	--	0	0	卖盘
11:11:33	8.4	--	6	5040	卖盘
11:11:23	8.4	--	5	4200	卖盘
11:11:17	8.4	-0.02	42	35280	卖盘
11:11:12	8.42	0.02	158	133036	买盘
11:11:08	8.4	0.01	559	469560	买盘
11:11:03	8.39	--	42	35238	卖盘
11:10:57	8.39	-0.01	40	33560	卖盘
11:10:53	8.4	0.01	1070	898800	买盘
11:10:48	8.39	--	55	46145	卖盘
11:10:41	8.39	--	7	5873	卖盘
11:10:38	8.39	--	343	287777	买盘
11:10:33	8.39	--	216	181224	买盘
11:10:27	8.39	--	11	9229	买盘
11:10:23	8.39	--	159	133401	买盘
11:10:18	8.39	--	419	351541	买盘
11:10:12	8.39	0.01	102	85578	买盘
11:10:08	8.38	--	1111	931018	卖盘
11:10:03	8.38	--	231	193578	卖盘
11:09:57	8.38	--	161	134918	卖盘
11:09:53	8.38	0.01	240	201120	买盘
11:09:48	8.37	-0.01	580	485459	卖盘
11:09:42	8.38	--	33	27654	买盘
11:09:38	8.38	--	24	20112	买盘
11:09:33	8.38	--	220	184360	买盘
11:09:27	8.38	--	30	25140	买盘
11:09:22	8.38	--	488	408944	卖盘
11:09:18	8.38	--	120	100560	卖盘
11:09:11	8.38	--	5	4190	卖盘
11:09:08	8.38	--	247	206986	卖盘
11:09:02	8.38	--	713	597494	卖盘
11:08:57	8.38	--	138	115644	卖盘
11:08:53	8.38	--	250	209500	卖盘
11:08:48	8.38	--	201	168438	卖盘
11:08:42	8.38	--	38	31844	卖盘
11:08:38	8.38	-0.01	348	291624	卖盘
11:08:33	8.39	--	476	399364	卖盘
11:08:27	8.39	-0.01	41	34399	卖盘
11:08:23	8.4	0.01	1337	1123080	买盘
11:08:18	8.39	-0.01	37	31043	卖盘
11:08:12	8.4	--	9	7560	买盘
11:08:08	8.4	--	7	5880	买盘
11:08:03	8.4	--	710	597030	卖盘
11:07:57	8.4	--	1437	1207080	卖盘
11:07:53	8.4	--	796	668640	卖盘
11:07:48	8.4	--	477	400680	卖盘
11:07:41	8.4	--	59	49560	卖盘
11:07:37	8.4	--	5	4200	卖盘
11:07:33	8.4	--	91	76440	卖盘
11:07:27	8.4	-0.01	222	186480	卖盘
11:07:22	8.41	--	50	42050	买盘
11:07:18	8.41	--	332	279212	买盘
11:07:12	8.41	--	145	121945	买盘
11:07:03	8.41	--	13	10933	买盘
11:06:56	8.41	--	603	507123	卖盘
11:06:52	8.41	-0.01	105	88305	卖盘
11:06:47	8.42	0.01	69	58098	买盘
11:06:42	8.41	-0.01	17	14297	卖盘
11:06:32	8.42	0.01	308	259336	买盘
11:06:27	8.41	-0.01	589	495349	卖盘
11:06:22	8.42	0.01	6	5052	买盘
11:06:17	8.41	-0.01	208	174928	卖盘
11:06:12	8.42	0.01	314	264388	买盘
11:06:02	8.41	--	616	518056	卖盘
11:05:57	8.41	-0.01	27	22707	卖盘
11:05:47	8.42	--	42	35364	买盘
11:05:41	8.42	--	120	101040	买盘
11:05:32	8.42	0.01	129	108618	买盘
11:05:27	8.41	--	65	54665	卖盘
11:05:20	8.41	--	48	40368	卖盘
11:05:17	8.41	--	632	531512	卖盘
11:05:11	8.41	--	3	2523	卖盘
11:05:05	8.41	--	76	63916	卖盘
11:05:02	8.41	--	2	1682	卖盘
11:04:56	8.41	--	38	31958	买盘
11:04:51	8.41	--	30	25230	买盘
11:04:47	8.41	--	154	129514	买盘
11:04:42	8.41	0.01	32	26912	买盘
11:04:36	8.4	-0.01	5	4200	卖盘
11:04:32	8.41	--	23	19343	买盘
11:04:27	8.41	--	37	31117	卖盘
11:04:21	8.41	0.01	3	2523	中性盘
11:04:17	8.4	-0.01	525	441000	卖盘
11:04:12	8.41	--	97	81577	卖盘
11:04:02	8.41	0.01	9	7569	卖盘
11:03:56	8.4	-0.01	310	260400	卖盘
11:03:51	8.41	--	7	5887	买盘
11:03:47	8.41	--	40	33640	买盘
11:03:42	8.41	--	28	23548	买盘
11:03:36	8.41	0.01	198	166518	买盘
11:03:32	8.4	-0.01	31	26040	卖盘
11:03:27	8.41	0.01	243	204363	买盘
11:03:16	8.4	--	135	113400	卖盘
11:03:12	8.4	-0.01	102	85680	卖盘
11:03:02	8.41	0.01	210	176610	买盘
11:02:57	8.4	--	30	25200	卖盘
11:02:51	8.4	-0.01	25	21000	卖盘
11:02:47	8.41	--	335	281735	卖盘
11:02:31	8.41	--	267	224547	卖盘
11:02:26	8.41	--	12	10092	买盘
11:02:21	8.41	--	41	34481	卖盘
11:02:17	8.41	--	31	26071	卖盘
11:02:12	8.41	--	60	50460	卖盘
11:02:06	8.41	-0.01	32	26912	卖盘
11:02:02	8.42	0.01	7	5894	买盘
11:01:57	8.41	-0.01	103	86623	卖盘
11:01:51	8.42	0.02	52	43784	买盘
11:01:47	8.4	-0.01	255	214200	卖盘
11:01:41	8.41	--	158	132878	卖盘
11:01:36	8.41	--	10	8410	卖盘
11:01:32	8.41	--	28	23548	卖盘
11:01:26	8.41	--	123	103443	卖盘
11:01:21	8.41	--	24	20184	卖盘
11:01:17	8.41	--	10	8410	卖盘
11:01:12	8.41	--	78	65598	卖盘
11:01:02	8.41	--	121	101761	卖盘
11:00:57	8.41	--	42	35322	卖盘
11:00:50	8.41	-0.01	283	238003	卖盘
11:00:46	8.42	0.01	1	842	买盘
11:00:41	8.41	--	15	12615	卖盘
11:00:35	8.41	--	74	62234	卖盘
11:00:31	8.41	--	267	224547	卖盘
11:00:27	8.41	-0.01	9	7569	卖盘
11:00:21	8.42	0.01	15	12630	买盘
11:00:16	8.41	--	44	37004	卖盘
11:00:11	8.41	--	140	117740	卖盘
11:00:06	8.41	-0.01	485	407885	卖盘
11:00:01	8.42	0.01	224	188608	买盘
10:59:56	8.41	-0.01	103	86623	卖盘
10:59:51	8.42	0.01	94	79148	买盘
10:59:46	8.41	--	95	79895	卖盘
10:59:41	8.41	--	47	39527	卖盘
10:59:36	8.41	--	451	379291	卖盘
10:59:31	8.41	--	182	153062	卖盘
10:59:26	8.41	--	92	77372	卖盘
10:59:21	8.41	--	101	84941	卖盘
10:59:15	8.41	--	10	8410	卖盘
10:59:11	8.41	--	149	125309	卖盘
10:59:05	8.41	--	182	153062	卖盘
10:58:59	8.41	--	37	31117	卖盘
10:58:56	8.41	--	16	13456	卖盘
10:58:51	8.41	--	261	219501	卖盘
10:58:44	8.41	--	30	25230	卖盘
10:58:41	8.41	--	142	119422	卖盘
10:58:36	8.41	--	276	232116	卖盘
10:58:29	8.41	0.01	400	336400	买盘
10:58:26	8.4	-0.01	10	8400	卖盘
10:58:21	8.41	0.01	475	399475	买盘
10:58:14	8.4	-0.01	27	22680	卖盘
10:58:11	8.41	--	211	177451	买盘
10:58:06	8.41	0.01	253	212773	买盘
10:58:00	8.4	-0.01	93	78120	卖盘
10:57:56	8.41	0.01	88	74008	买盘
10:57:51	8.4	-0.01	316	265440	卖盘
10:57:45	8.41	--	647	544127	买盘
10:57:41	8.41	--	96	80736	买盘
10:57:36	8.41	--	96	80736	买盘
10:57:29	8.41	0.01	22	18502	买盘
10:57:26	8.4	--	472	396480	卖盘
10:57:21	8.4	--	431	362040	卖盘
10:57:14	8.4	--	140	117600	卖盘
10:57:10	8.4	-0.01	309	259560	卖盘
10:57:06	8.41	0.01	45	37845	买盘
10:57:00	8.4	--	150	126000	卖盘
10:56:56	8.4	-0.01	222	186480	卖盘
10:56:51	8.41	--	88	74008	买盘
10:56:44	8.41	0.01	162	136242	中性盘
10:56:41	8.4	-0.01	145	121800	卖盘
10:56:35	8.41	--	200	168200	买盘
10:56:29	8.41	--	155	130355	买盘
10:56:26	8.41	--	132	111012	买盘
10:56:21	8.41	0.01	108	90828	买盘
10:56:15	8.4	--	139	116760	卖盘
10:56:10	8.4	--	80	67200	卖盘
10:56:05	8.4	-0.02	70	58800	卖盘
10:55:56	8.42	0.02	8	6736	中性盘
10:55:50	8.4	-0.03	1200	1008000	卖盘
10:55:41	8.43	0.03	17	14331	买盘
10:55:35	8.4	-0.04	9000	7560000	卖盘
10:55:26	8.44	--	124	104656	买盘
10:55:14	8.44	--	4	3376	买盘
10:55:11	8.44	--	30	25320	买盘
10:55:05	8.44	--	6	5064	买盘
10:54:59	8.44	--	169	142636	买盘
10:54:56	8.44	--	22	18568	卖盘
10:54:51	8.44	--	41	34604	卖盘
10:54:41	8.44	--	10	8440	卖盘
10:54:36	8.44	--	50	42200	卖盘
10:54:29	8.44	--	6	5064	卖盘
10:54:20	8.44	--	1	844	卖盘
10:54:15	8.44	--	4	3376	卖盘
10:54:10	8.44	--	10	8440	卖盘
10:53:59	8.44	--	97	81868	买盘
10:53:50	8.44	0.01	300	253199	买盘
10:53:45	8.43	-0.01	22	18546	卖盘
10:53:40	8.44	0.01	13	10972	买盘
10:53:35	8.43	-0.01	21	17703	卖盘
10:53:30	8.44	--	10	8440	买盘
10:53:25	8.44	--	1	844	买盘
10:53:20	8.44	--	2	1688	买盘
10:53:15	8.44	--	294	248135	卖盘
10:53:10	8.44	-0.01	6	5064	卖盘
10:53:05	8.45	0.01	54	45629	买盘
10:53:00	8.44	--	21	17724	卖盘
10:52:55	8.44	--	456	384864	卖盘
10:52:50	8.44	-0.01	51	43044	卖盘
10:52:44	8.45	0.01	20	16900	买盘
10:52:35	8.44	--	15	12660	卖盘
10:52:29	8.44	--	36	30384	卖盘
10:52:20	8.44	-0.01	25	21100	卖盘
10:52:14	8.45	--	30	25349	买盘
10:52:00	8.45	0.01	32	27039	买盘
10:51:53	8.44	-0.01	2	1688	卖盘
10:51:50	8.45	--	527	445314	买盘
10:51:29	8.45	0.01	50	42250	买盘
10:51:20	8.44	--	58	48952	卖盘
10:51:15	8.44	-0.01	18	15192	卖盘
10:51:09	8.45	0.01	30	25349	买盘
10:51:00	8.44	-0.01	54	45576	卖盘
10:50:50	8.45	0.01	40	33800	买盘
10:50:44	8.44	--	4	3376	卖盘
10:50:34	8.44	--	69	58236	卖盘
10:50:30	8.44	--	31	26164	卖盘
10:50:20	8.44	-0.01	209	176396	卖盘
10:50:15	8.45	0.01	51	43095	买盘
10:50:04	8.44	--	93	78492	卖盘
10:49:59	8.44	-0.01	5	4220	卖盘
10:49:54	8.45	0.01	5	4225	买盘
10:49:49	8.44	--	2	1688	卖盘
10:49:44	8.44	--	75	63299	卖盘
10:49:35	8.44	-0.01	31	26164	卖盘
10:49:29	8.45	0.01	23	19435	买盘
10:49:20	8.44	--	67	56548	卖盘
10:49:14	8.44	--	20	16880	卖盘
10:49:09	8.44	-0.01	5	4220	卖盘
10:49:05	8.45	--	1	844	买盘
10:49:00	8.45	0.01	11	9295	买盘
10:48:54	8.44	--	7	5908	卖盘
10:48:50	8.44	--	35	29540	卖盘
10:48:45	8.44	--	100	84400	卖盘
10:48:39	8.44	--	237	200028	卖盘
10:48:35	8.44	--	23	19412	卖盘
10:48:24	8.44	--	23	19412	卖盘
10:48:20	8.44	--	180	151920	卖盘
10:48:14	8.44	--	32	27008	卖盘
10:48:04	8.44	--	150	126599	卖盘
10:47:53	8.44	--	21	17724	卖盘
10:47:50	8.44	--	37	31227	卖盘
10:47:45	8.44	--	133	112252	卖盘
10:47:38	8.44	--	13	10972	卖盘
10:47:34	8.44	--	3	2532	买盘
10:47:14	8.44	--	103	86932	买盘
10:46:59	8.44	-0.01	51	43044	卖盘
10:46:53	8.45	--	398	336310	买盘
10:46:49	8.45	0.01	2	1689	买盘
10:46:44	8.44	--	32	27008	卖盘
10:46:39	8.44	--	6	5064	卖盘
10:46:29	8.44	--	3	2532	卖盘
10:46:23	8.44	--	40	33760	卖盘
10:46:19	8.44	--	53	44732	买盘
10:46:14	8.44	--	30	25320	买盘
10:46:08	8.44	--	27	22788	卖盘
10:46:04	8.44	--	90	75960	卖盘
10:45:59	8.44	--	77	64987	卖盘
10:45:53	8.44	--	18	15192	卖盘
10:45:48	8.44	--	73	61612	买盘
10:45:44	8.44	--	152	128287	买盘
10:45:38	8.44	0.01	41	34604	买盘
10:45:33	8.43	-0.01	10	8430	卖盘
10:45:29	8.44	--	10	8440	买盘
10:45:23	8.44	--	82	69208	买盘
10:45:17	8.44	-0.01	406	342664	卖盘
10:45:14	8.45	--	58	49009	买盘
10:45:08	8.45	0.01	23	19435	买盘
10:45:03	8.44	--	10	8440	卖盘
10:44:59	8.44	-0.01	62	52328	卖盘
10:44:53	8.45	--	50	42250	买盘
10:44:48	8.45	--	8	6759	买盘
10:44:44	8.45	--	292	246739	卖盘
10:44:33	8.45	--	10	8450	卖盘
10:44:29	8.45	--	64	54079	卖盘
10:44:23	8.45	--	18	15209	卖盘
10:44:17	8.45	--	76	64219	卖盘
10:44:14	8.45	--	165	139425	卖盘
10:44:08	8.45	--	49	41405	卖盘
10:44:03	8.45	--	62	52389	卖盘
10:43:59	8.45	--	66	55769	卖盘
10:43:54	8.45	--	100	84500	卖盘
10:43:47	8.45	--	20	16900	卖盘
10:43:43	8.45	--	271	228994	买盘
10:43:39	8.45	0.01	68	57459	买盘
10:43:33	8.44	--	70	59080	卖盘
10:43:28	8.44	-0.01	100	84400	卖盘
10:43:23	8.45	--	1238	1046109	买盘
10:43:17	8.45	0.01	109	92104	买盘
10:43:13	8.44	-0.01	73	61612	卖盘
10:43:08	8.45	--	32	27039	买盘
10:43:02	8.45	--	2	1689	买盘
10:42:47	8.45	--	54	45629	买盘
10:42:44	8.45	0.01	35	29574	买盘
10:42:38	8.44	-0.01	1	844	卖盘
10:42:32	8.45	0.01	455	384474	买盘
10:42:29	8.44	--	80	67520	卖盘
10:42:23	8.44	--	41	34604	卖盘
10:42:17	8.44	-0.01	116	97904	卖盘
10:42:14	8.45	0.01	6	5070	买盘
10:42:08	8.44	-0.01	1	844	中性盘
10:42:03	8.45	--	3	2535	买盘
10:41:59	8.45	--	51	43095	买盘
10:41:53	8.45	0.01	65	54924	买盘
10:41:44	8.44	--	28	23632	卖盘
10:41:38	8.44	-0.01	31	26164	卖盘
10:41:32	8.45	0.01	100	84500	买盘
10:41:28	8.44	--	29	24476	卖盘
10:41:23	8.44	--	46	38824	买盘
10:41:14	8.44	--	14	11816	卖盘
10:41:08	8.44	--	41	34604	卖盘
10:41:02	8.44	--	773	652412	卖盘
10:40:58	8.44	0.01	707	596708	买盘
10:40:47	8.43	-0.01	104	87672	卖盘
10:40:43	8.44	--	53	44732	买盘
10:40:38	8.44	0.01	58	48952	买盘
10:40:23	8.43	--	49	41307	卖盘
10:40:17	8.43	--	4	3372	卖盘
10:40:13	8.43	--	5	4215	卖盘
10:40:08	8.43	-0.01	10	8430	卖盘
10:40:02	8.44	0.01	34	28696	买盘
10:39:58	8.43	--	231	194733	卖盘
10:39:53	8.43	-0.01	60	50580	卖盘
10:39:43	8.44	--	49	41356	买盘
10:39:38	8.44	0.01	10	8440	买盘
10:39:32	8.43	--	68	57324	卖盘
10:39:23	8.43	--	200	168600	卖盘
10:39:17	8.43	-0.01	103	86829	卖盘
10:39:11	8.44	0.01	40	33760	买盘
10:39:08	8.43	-0.01	14	11802	卖盘
10:39:02	8.44	0.01	1	844	买盘
10:38:56	8.43	-0.01	30	25290	卖盘
10:38:53	8.44	0.01	4	3376	买盘
10:38:47	8.43	-0.01	47	39621	卖盘
10:38:41	8.44	0.02	111	93684	买盘
10:38:38	8.42	-0.02	20	16840	卖盘
10:38:32	8.44	0.01	40	33760	买盘
10:38:26	8.43	--	75	63225	卖盘
10:38:23	8.43	-0.01	100	84300	卖盘
10:38:17	8.44	--	20	16880	买盘
10:38:11	8.44	--	3	2532	买盘
10:38:08	8.44	0.01	10	8440	买盘
10:38:02	8.43	-0.01	8	6744	卖盘
10:37:47	8.44	0.01	119	100436	买盘
10:37:37	8.43	--	66	55638	卖盘
10:37:32	8.43	--	18	15174	卖盘
10:37:26	8.43	--	3	2529	卖盘
10:37:22	8.43	-0.01	86	72498	卖盘
10:37:17	8.44	0.01	2	1688	买盘
10:37:02	8.43	--	2	1686	卖盘
10:36:56	8.43	--	4	3372	买盘
10:36:52	8.43	--	23	19389	买盘
10:36:47	8.43	--	92	77556	卖盘
10:36:41	8.43	--	198	166914	卖盘
10:36:37	8.43	-0.01	125	105375	卖盘
10:36:32	8.44	0.01	10	8440	买盘
10:36:26	8.43	--	10	8430	卖盘
10:36:23	8.43	--	192	161856	卖盘
10:36:17	8.43	--	44	37092	卖盘
10:36:07	8.43	--	91	76713	卖盘
10:36:02	8.43	--	482	406326	卖盘
10:35:53	8.43	--	31	26133	卖盘
10:35:41	8.43	-0.01	50	42150	卖盘
10:35:37	8.44	0.01	29	24476	买盘
10:35:32	8.43	--	150	126450	卖盘
10:35:26	8.43	-0.01	40	33720	卖盘
10:35:17	8.44	--	107	90308	买盘
10:35:08	8.44	--	25	21100	买盘
10:35:02	8.44	0.01	4	3376	买盘
10:34:56	8.43	--	19	16017	卖盘
10:34:52	8.43	-0.01	18	15174	卖盘
10:34:37	8.44	0.01	159	134196	买盘
10:34:32	8.43	-0.01	12	10116	卖盘
10:34:26	8.44	--	61	51484	买盘
10:34:17	8.44	--	353	297932	卖盘
10:34:11	8.44	-0.01	15	12660	卖盘
10:34:07	8.45	--	14	11829	买盘
10:34:02	8.45	0.01	10	8450	买盘
10:33:56	8.44	--	59	49796	卖盘
10:33:47	8.44	--	24	20256	卖盘
10:33:37	8.44	--	32	27008	卖盘
10:33:32	8.44	--	323	272612	卖盘
10:33:26	8.44	--	74	62455	卖盘
10:33:22	8.44	--	8	6752	卖盘
10:33:11	8.44	0.01	80	67520	卖盘
10:33:02	8.43	--	98	82614	卖盘
10:32:56	8.43	--	20	16860	卖盘
10:32:50	8.43	--	180	151740	卖盘
10:32:47	8.43	-0.01	65	54795	卖盘
10:32:41	8.44	--	132	111408	买盘
10:32:32	8.44	0.01	503	424532	买盘
10:32:26	8.43	-0.01	121	102003	卖盘
10:32:20	8.44	0.01	9	7596	买盘
10:32:17	8.43	--	5	4215	卖盘
10:32:11	8.43	--	158	133194	卖盘
10:32:05	8.43	--	139	117177	买盘
10:32:02	8.43	0.01	226	190518	买盘
10:31:56	8.42	-0.01	1164	980088	卖盘
10:31:47	8.43	0.01	55	46365	买盘
10:31:41	8.42	-0.01	4	3368	卖盘
10:31:35	8.43	--	21	17703	买盘
10:31:32	8.43	0.01	15	12645	买盘
10:31:26	8.42	--	528	444576	卖盘
10:31:20	8.42	-0.01	12	10104	卖盘
10:31:17	8.43	--	267	225081	买盘
10:31:11	8.43	0.01	42	35406	买盘
10:31:05	8.42	-0.01	25	21050	卖盘
10:31:01	8.43	0.01	190	160170	买盘
10:30:56	8.42	--	24	20208	卖盘
10:30:50	8.42	--	1	842	卖盘
10:30:46	8.42	--	80	67360	卖盘
10:30:41	8.42	--	24	20208	卖盘
10:30:31	8.42	--	332	279544	卖盘
10:30:26	8.42	--	20	16840	卖盘
10:30:20	8.42	--	141	118722	卖盘
10:30:17	8.42	--	438	368796	卖盘
10:30:11	8.42	--	262	220604	卖盘
10:30:05	8.42	--	87	73254	卖盘
10:30:01	8.42	--	9	7578	卖盘
10:29:56	8.42	-0.01	129	108618	卖盘
10:29:50	8.43	--	228	192204	买盘
10:29:47	8.43	0.01	218	183774	买盘
10:29:41	8.42	-0.01	67	56414	卖盘
10:29:35	8.43	--	50	42150	买盘
10:29:31	8.43	--	5	4215	买盘
10:29:26	8.43	--	475	400425	卖盘
10:29:20	8.43	--	46	38778	卖盘
10:29:16	8.43	--	23	19389	卖盘
10:29:11	8.43	--	113	95259	卖盘
10:29:02	8.43	-0.01	122	102846	卖盘
10:28:56	8.44	0.02	187	157828	买盘
10:28:50	8.42	--	3	2526	卖盘
10:28:46	8.42	-0.01	113	95146	卖盘
10:28:26	8.43	--	355	299265	买盘
10:28:20	8.43	--	314	264702	卖盘
10:28:11	8.43	-0.01	71	59853	卖盘
10:28:05	8.44	--	200	168800	买盘
10:28:01	8.44	0.01	34	28696	买盘
10:27:56	8.43	--	206	173658	卖盘
10:27:50	8.43	-0.01	9	7587	卖盘
10:27:41	8.44	--	333	281052	买盘
10:27:31	8.44	--	10	8440	买盘
10:27:26	8.44	--	72	60768	买盘
10:27:20	8.44	--	10	8440	买盘
10:27:16	8.44	--	44	37136	买盘
10:27:11	8.44	--	44	37136	买盘
10:27:05	8.44	--	3	2532	买盘
10:27:01	8.44	--	45	37980	买盘
10:26:56	8.44	--	7	5908	买盘
10:26:50	8.44	--	36	30384	买盘
10:26:41	8.44	0.01	17	14348	买盘
10:26:35	8.43	-0.01	85	71655	卖盘
10:26:31	8.44	--	3	2532	卖盘
10:26:26	8.44	--	88	74272	买盘
10:26:20	8.44	--	40	33760	卖盘
10:26:14	8.44	--	8	6752	卖盘
10:26:11	8.44	--	8	6752	卖盘
10:26:05	8.44	--	79	66676	卖盘
10:25:50	8.44	--	605	510619	卖盘
10:25:41	8.44	--	109	91996	卖盘
10:25:35	8.44	--	15	12660	卖盘
10:25:14	8.44	--	10	8440	卖盘
10:25:11	8.44	0.01	3732	3150255	买盘
10:25:05	8.43	--	23	19389	买盘
10:24:56	8.43	--	1970	1660710	卖盘
10:24:50	8.43	--	46	38778	卖盘
10:24:44	8.43	-0.01	1	843	卖盘
10:24:41	8.44	0.01	35	29540	买盘
10:24:35	8.43	--	27	22761	卖盘
10:24:29	8.43	--	12	10116	卖盘
10:24:25	8.43	--	105	88515	卖盘
10:24:20	8.43	-0.01	203	171129	卖盘
10:24:14	8.44	--	20	16880	买盘
10:24:10	8.44	--	246	208020	卖盘
10:24:05	8.44	--	54	45576	卖盘
10:23:56	8.44	0.01	306	258711	买盘
10:23:50	8.43	-0.01	2	1686	卖盘
10:23:44	8.44	--	673	568012	买盘
10:23:40	8.44	0.01	170	143480	买盘
10:23:35	8.43	-0.01	29	24447	卖盘
10:23:29	8.44	0.01	23	19412	买盘
10:23:20	8.43	-0.01	24	20232	卖盘
10:23:14	8.44	0.01	123	103812	买盘
10:23:10	8.43	--	178	150054	卖盘
10:23:05	8.43	-0.01	586	493998	卖盘
10:22:55	8.44	--	32	27008	买盘
10:22:50	8.44	--	135	113940	买盘
10:22:44	8.44	--	414	349812	卖盘
10:22:40	8.44	-0.01	170	143480	卖盘
10:22:35	8.45	0.01	8	6759	买盘
10:22:29	8.44	--	5	4220	卖盘
10:22:25	8.44	--	502	424135	买盘
10:22:20	8.44	--	32	27008	买盘
10:22:14	8.44	--	44	37136	买盘
10:22:10	8.44	--	68	57392	买盘
10:22:05	8.44	--	114	96216	买盘
10:21:59	8.44	0.01	5	4220	买盘
10:21:50	8.43	--	50	42150	卖盘
10:21:40	8.43	--	75	63225	买盘
10:21:35	8.43	--	5	4215	买盘
10:21:29	8.43	0.01	660	556380	买盘
10:21:25	8.42	--	505	425210	卖盘
10:21:20	8.42	--	2	1684	卖盘
10:21:14	8.42	-0.01	135	113670	卖盘
10:21:10	8.43	--	127	107061	买盘
10:21:05	8.43	--	26	21918	买盘
10:20:59	8.43	0.01	47	39621	买盘
10:20:55	8.42	-0.01	67	56414	卖盘
10:20:50	8.43	-0.01	560	472080	卖盘
10:20:44	8.44	0.01	63	53172	买盘
10:20:40	8.43	-0.01	12	10116	卖盘
10:20:35	8.44	--	5	4220	买盘
10:20:29	8.44	--	13	10972	买盘
10:20:25	8.44	0.01	24	20256	买盘
10:20:20	8.43	--	33	27819	卖盘
10:20:14	8.43	--	132	111276	卖盘
10:20:10	8.43	--	10	8430	卖盘
10:20:05	8.43	--	184	155112	卖盘
10:19:59	8.43	0.01	588	495684	买盘
10:19:55	8.42	--	800	673600	卖盘
10:19:50	8.42	--	22	18524	卖盘
10:19:44	8.42	--	69	58098	卖盘
10:19:38	8.42	--	176	148192	卖盘
10:19:35	8.42	--	273	229866	卖盘
10:19:29	8.42	-0.01	253	213026	卖盘
10:19:23	8.43	--	1	843	买盘
10:19:20	8.43	--	628	529404	买盘
10:19:14	8.43	--	192	161856	买盘
10:19:08	8.43	--	62	52266	买盘
10:19:05	8.43	--	392	330456	买盘
10:18:59	8.43	--	81	68283	买盘
10:18:53	8.43	--	63	53109	买盘
10:18:50	8.43	0.01	73	61960	买盘
10:18:44	8.42	-0.01	65	54730	卖盘
10:18:38	8.43	0.01	56	47208	买盘
10:18:35	8.42	--	299	251758	买盘
10:18:29	8.42	--	231	194502	卖盘
10:18:23	8.42	--	48	40416	卖盘
10:18:20	8.42	-0.01	182	153244	卖盘
10:18:14	8.43	--	12	10116	买盘
10:18:08	8.43	0.01	31	26133	买盘
10:18:05	8.42	--	123	103566	卖盘
10:17:59	8.42	--	200	168400	卖盘
10:17:53	8.42	--	176	148192	卖盘
10:17:49	8.42	--	126	106092	卖盘
10:17:44	8.42	--	77	64834	卖盘
10:17:38	8.42	--	87	73254	卖盘
10:17:34	8.42	-0.01	100	84200	卖盘
10:17:29	8.43	--	61	51423	买盘
10:17:23	8.43	0.01	10	8430	买盘
10:17:19	8.42	--	61	51362	卖盘
10:17:14	8.42	--	118	99356	卖盘
10:17:08	8.42	-0.01	46	38732	卖盘
10:17:04	8.43	0.01	41	34563	买盘
10:16:59	8.42	-0.01	28	23576	卖盘
10:16:53	8.43	--	62	52266	买盘
10:16:49	8.43	--	290	244470	买盘
10:16:44	8.43	0.01	101	85143	买盘
10:16:29	8.42	--	647	544774	买盘
10:16:23	8.42	--	5	4210	买盘
10:16:19	8.42	--	25	21050	买盘
10:16:14	8.42	--	42	35364	买盘
10:16:08	8.42	-0.01	511	430262	卖盘
10:16:04	8.43	--	14	11802	卖盘
10:15:59	8.43	--	12	10116	卖盘
10:15:49	8.43	--	185	155955	买盘
10:15:44	8.43	-0.01	51	42993	买盘
10:15:34	8.44	--	0	0	买盘
10:15:29	8.44	0.02	9	7596	买盘
10:15:23	8.42	-0.01	100	84200	卖盘
10:15:19	8.43	--	30	25290	卖盘
10:15:14	8.43	-0.01	20	16860	中性盘
10:15:08	8.44	0.01	228	192432	买盘
10:15:04	8.43	0.01	40	33720	买盘
10:14:59	8.42	-0.01	60	50520	卖盘
10:14:53	8.43	--	29	24447	买盘
10:14:49	8.43	--	65	54795	卖盘
10:14:44	8.43	0.01	225	189675	买盘
10:14:38	8.42	0.01	44	37048	中性盘
10:14:34	8.41	-0.02	30	25230	卖盘
10:14:29	8.43	--	111	93573	买盘
10:14:23	8.43	--	1725	1454175	买盘
10:14:19	8.43	-0.01	20	16860	中性盘
10:14:14	8.44	0.01	61	51484	买盘
10:14:08	8.43	--	136	114648	卖盘
10:14:04	8.43	--	55	46365	卖盘
10:13:59	8.43	0.01	450	379350	买盘
10:13:53	8.42	-0.01	41	34522	卖盘
10:13:44	8.43	--	423	356589	卖盘
10:13:38	8.43	0.01	69	58167	买盘
10:13:34	8.42	-0.01	35	29470	卖盘
10:13:29	8.43	--	92	77556	买盘
10:13:23	8.43	0.01	34	28662	中性盘
10:13:17	8.42	-0.01	200	168400	卖盘
10:13:14	8.43	--	27	22761	买盘
10:13:08	8.43	--	183	154269	买盘
10:13:02	8.43	0.01	45	37935	买盘
10:12:59	8.42	--	160	134720	卖盘
10:12:53	8.42	--	3	2526	卖盘
10:12:44	8.42	-0.01	71	59782	卖盘
10:12:32	8.43	--	202	170286	买盘
10:12:29	8.43	0.01	49	41307	买盘
10:12:24	8.42	--	93	78306	卖盘
10:12:17	8.42	-0.01	45	37890	卖盘
10:12:14	8.43	--	344	289992	买盘
10:12:08	8.43	0.01	106	89358	买盘
10:12:02	8.42	--	145	122090	卖盘
10:11:59	8.42	--	1054	887468	卖盘
10:11:53	8.42	--	100	84200	卖盘
10:11:47	8.42	--	45	37890	卖盘
10:11:44	8.42	--	78	65676	卖盘
10:11:38	8.42	0.01	218	183556	买盘
10:11:32	8.41	-0.01	60	50460	卖盘
10:11:29	8.42	0.01	116	97672	买盘
10:11:23	8.41	-0.01	105	88305	卖盘
10:11:17	8.42	--	18	15156	卖盘
10:11:13	8.42	0.01	108	90936	买盘
10:11:08	8.41	-0.01	101	84941	卖盘
10:11:02	8.42	0.01	3	2526	卖盘
10:10:58	8.41	-0.01	476	400316	卖盘
10:10:53	8.42	--	315	265230	买盘
10:10:47	8.42	--	42	35364	买盘
10:10:43	8.42	0.01	612	515304	买盘
10:10:38	8.41	--	70	58870	卖盘
10:10:32	8.41	--	185	155585	卖盘
10:10:28	8.41	--	68	57188	卖盘
10:10:23	8.41	-0.01	206	173246	卖盘
10:10:17	8.42	0.01	50	42100	买盘
10:10:13	8.41	-0.01	162	136242	卖盘
10:10:08	8.42	--	55	46310	买盘
10:09:58	8.42	-0.01	153	128826	卖盘
10:09:53	8.43	0.02	100	84300	买盘
10:09:47	8.41	--	75	63075	卖盘
10:09:43	8.41	-0.01	1118	940238	卖盘
10:09:38	8.42	0.01	90	75780	买盘
10:09:32	8.41	-0.01	560	470960	卖盘
10:09:28	8.42	0.01	89	74938	买盘
10:09:23	8.41	--	337	283417	卖盘
10:09:17	8.41	--	107	89987	卖盘
10:09:13	8.41	--	349	293509	卖盘
10:09:08	8.41	--	384	322944	卖盘
10:09:02	8.41	--	1	841	卖盘
10:08:58	8.41	-0.01	104	87464	卖盘
10:08:53	8.42	--	83	69886	买盘
10:08:47	8.42	0.01	15	12630	卖盘
10:08:43	8.41	-0.01	702	590382	卖盘
10:08:38	8.42	-0.01	69	58098	卖盘
10:08:32	8.43	0.02	335	283037	买盘
10:08:28	8.41	-0.01	40	33640	卖盘
10:08:23	8.42	--	70	58940	买盘
10:08:17	8.42	-0.01	2177	1833244	卖盘
10:08:13	8.43	--	27	22761	卖盘
10:08:08	8.43	--	86	72498	卖盘
10:08:02	8.43	--	710	598530	卖盘
10:07:58	8.43	--	126	106218	卖盘
10:07:53	8.43	--	75	63225	卖盘
10:07:47	8.43	--	139	117177	卖盘
10:07:43	8.43	--	155	130665	卖盘
10:07:38	8.43	--	23	19389	卖盘
10:07:32	8.43	--	50	42150	卖盘
10:07:28	8.43	--	60	50580	卖盘
10:07:23	8.43	-0.01	1230	1036890	卖盘
10:07:17	8.44	--	15	12660	买盘
10:07:13	8.44	0.01	10	8440	买盘
10:07:08	8.43	-0.01	88	74184	卖盘
10:07:02	8.44	--	169	142636	买盘
10:06:56	8.44	--	631	532564	卖盘
10:06:53	8.44	-0.01	42	35448	卖盘
10:06:41	8.45	--	19	16054	买盘
10:06:38	8.45	--	182	153790	卖盘
10:06:32	8.45	--	505	426724	卖盘
10:06:23	8.45	--	107	90414	卖盘
10:06:17	8.45	--	532	449539	买盘
10:06:11	8.45	--	5	4225	买盘
10:06:08	8.45	-0.01	66	55769	买盘
10:06:02	8.46	0.01	150	126900	买盘
10:05:56	8.45	--	173	146185	卖盘
10:05:53	8.45	--	114	96329	卖盘
10:05:47	8.45	--	203	171535	买盘
10:05:38	8.45	--	510	430949	买盘
10:05:32	8.45	--	42	35490	买盘
10:05:26	8.45	--	115	97174	卖盘
10:05:23	8.45	--	5	4225	卖盘
10:05:17	8.45	--	47	39715	卖盘
10:05:11	8.45	-0.01	11	9295	卖盘
10:05:08	8.46	--	68	57528	买盘
10:05:02	8.46	--	22	18612	买盘
10:04:56	8.46	--	89	75294	买盘
10:04:52	8.46	--	10	8460	买盘
10:04:47	8.46	0.01	115	97290	买盘
10:04:41	8.45	--	12	10140	买盘
10:04:37	8.45	--	163	137735	卖盘
10:04:32	8.45	--	185	156325	卖盘
10:04:22	8.45	--	35	29574	卖盘
10:04:17	8.45	--	95	80275	卖盘
10:04:11	8.45	--	1017	859364	卖盘
10:04:07	8.45	--	118	99709	卖盘
10:04:02	8.45	--	40	33800	卖盘
10:03:56	8.45	--	13	10984	卖盘
10:03:52	8.45	--	73	61684	卖盘
10:03:47	8.45	--	47	39715	卖盘
10:03:41	8.45	--	55	46474	卖盘
10:03:37	8.45	0.01	400	338000	买盘
10:03:32	8.44	--	534	450696	卖盘
10:03:26	8.44	--	111	93684	卖盘
10:03:22	8.44	--	63	53172	卖盘
10:03:17	8.44	--	77	64987	卖盘
10:03:11	8.44	--	21	17724	卖盘
10:03:07	8.44	-0.01	94	79336	卖盘
10:03:02	8.45	--	26	21969	买盘
10:02:52	8.45	0.01	198	167310	买盘
10:02:47	8.44	--	82	69208	买盘
10:02:41	8.44	--	156	131664	买盘
10:02:37	8.44	--	222	187368	买盘
10:02:32	8.44	--	50	42200	买盘
10:02:26	8.44	--	44	37136	买盘
10:02:22	8.44	--	43	36292	买盘
10:02:17	8.44	0.01	140	118160	中性盘
10:02:11	8.43	--	50	42150	卖盘
10:02:07	8.43	-0.01	139	117177	卖盘
10:02:02	8.44	--	8	7385	买盘
10:01:56	8.44	0.01	4	3376	买盘
10:01:52	8.43	--	6	5058	卖盘
10:01:47	8.43	--	400	337200	卖盘
10:01:41	8.43	--	919	774717	卖盘
10:01:37	8.43	--	60	50580	卖盘
10:01:32	8.43	-0.01	5	4215	卖盘
10:01:26	8.44	0.02	138	116472	买盘
10:01:22	8.42	0.01	35	29470	卖盘
10:01:17	8.41	-0.01	1111	934351	卖盘
10:01:11	8.42	--	142	119985	卖盘
10:01:07	8.42	--	5	4210	卖盘
10:01:02	8.42	--	135	113670	卖盘
10:00:56	8.42	--	89	74938	卖盘
10:00:52	8.42	-0.01	97	81674	卖盘
10:00:47	8.43	0.01	155	130665	买盘
10:00:41	8.42	0.01	929	782218	买盘
10:00:37	8.41	-0.01	115	96715	卖盘
10:00:32	8.42	--	1803	1518547	卖盘
10:00:26	8.42	--	74	62308	卖盘
10:00:20	8.42	--	19	15998	卖盘
10:00:17	8.42	--	133	111986	卖盘
10:00:11	8.42	-0.01	1756	1478552	卖盘
10:00:05	8.43	0.01	547	461121	买盘
10:00:02	8.42	--	234	197449	卖盘
09:59:56	8.42	-0.01	187	157454	卖盘
09:59:50	8.43	0.01	261	220023	买盘
09:59:47	8.42	--	55	46310	卖盘
09:59:41	8.42	-0.01	294	247548	卖盘
09:59:35	8.43	-0.01	63	53109	卖盘
09:59:32	8.44	--	155	130819	买盘
09:59:26	8.44	--	3	2532	买盘
09:59:20	8.44	--	3483	2939652	买盘
09:59:17	8.44	--	153	129131	卖盘
09:59:11	8.44	--	30	25320	卖盘
09:59:05	8.44	--	6	5064	卖盘
09:59:02	8.44	--	85	71740	卖盘
09:58:56	8.44	--	314	265016	卖盘
09:58:50	8.44	-0.01	110	92840	卖盘
09:58:47	8.45	0.01	10	8450	买盘
09:58:41	8.44	-0.01	121	102124	卖盘
09:58:35	8.45	--	16	13519	卖盘
09:58:32	8.45	0.01	814	687830	买盘
09:58:26	8.44	--	114	96216	卖盘
09:58:20	8.44	--	57	48108	卖盘
09:58:16	8.44	--	22	18568	卖盘
09:58:11	8.44	--	98	82712	卖盘
09:58:05	8.44	--	110	92840	卖盘
09:58:01	8.44	--	392	330848	买盘
09:57:56	8.44	0.01	33	27852	买盘
09:57:50	8.43	-0.01	44	37092	卖盘
09:57:46	8.44	--	40	33760	买盘
09:57:41	8.44	--	99	83556	卖盘
09:57:35	8.44	-0.01	68	57392	卖盘
09:57:31	8.45	--	80	67600	买盘
09:57:26	8.45	--	128	108159	买盘
09:57:20	8.45	0.01	85	71825	买盘
09:57:16	8.44	-0.01	137	115628	卖盘
09:57:11	8.45	0.01	55	46474	买盘
09:57:05	8.44	--	70	59080	卖盘
09:57:01	8.44	--	147	124067	卖盘
09:56:56	8.44	0.01	524	442256	买盘
09:56:46	8.43	-0.01	552	465336	卖盘
09:56:41	8.44	--	301	254043	买盘
09:56:35	8.44	0.01	174	146856	买盘
09:56:31	8.43	-0.01	168	141624	卖盘
09:56:26	8.44	--	41	34604	买盘
09:56:20	8.44	--	10	8440	买盘
09:56:16	8.44	0.01	120	101280	买盘
09:56:11	8.43	-0.01	10	8430	卖盘
09:56:05	8.44	--	4	3376	买盘
09:56:01	8.44	0.01	62	52328	中性盘
09:55:56	8.43	-0.01	355	299265	卖盘
09:55:50	8.44	--	40	33760	卖盘
09:55:46	8.44	0.01	279	235476	买盘
09:55:41	8.43	-0.02	193	162699	卖盘
09:55:35	8.45	0.02	5	4225	买盘
09:55:31	8.43	--	113	95259	卖盘
09:55:26	8.43	-0.02	239	201477	卖盘
09:55:20	8.45	0.02	1647	1391714	买盘
09:55:16	8.43	--	391	329613	卖盘
09:55:11	8.43	--	31	26133	卖盘
09:55:05	8.43	-0.01	277	233511	卖盘
09:55:01	8.44	--	53	44732	买盘
09:54:56	8.44	--	465	392460	买盘
09:54:50	8.44	0.01	97	81868	买盘
09:54:46	8.43	-0.01	38	32034	卖盘
09:54:41	8.44	--	1260	1063440	卖盘
09:54:35	8.44	--	21	17724	卖盘
09:54:31	8.44	-0.01	20	16880	卖盘
09:54:26	8.45	--	124	104779	买盘
09:54:20	8.45	0.01	119	100554	买盘
09:54:16	8.44	--	82	69208	卖盘
09:54:11	8.44	--	22	18568	卖盘
09:54:05	8.44	--	41	34604	卖盘
09:54:01	8.44	-0.01	200	168800	卖盘
09:53:56	8.45	--	565	477424	买盘
09:53:50	8.45	--	83	70135	买盘
09:53:44	8.45	--	41	34645	买盘
09:53:41	8.45	-0.01	200	169000	卖盘
09:53:35	8.46	0.01	1129	955134	买盘
09:53:29	8.45	--	111	93794	卖盘
09:53:26	8.45	--	29	24504	卖盘
09:53:20	8.45	--	17	14364	卖盘
09:53:14	8.45	--	15	12674	卖盘
09:53:11	8.45	-0.01	34	28729	卖盘
09:53:05	8.46	--	4	3384	买盘
09:52:59	8.46	--	65	54990	买盘
09:52:56	8.46	0.01	120	101520	买盘
09:52:50	8.45	--	211	178294	卖盘
09:52:44	8.45	-0.01	44	37180	卖盘
09:52:41	8.46	0.01	24	20304	买盘
09:52:35	8.45	-0.01	31	26194	卖盘
09:52:29	8.46	0.01	59	49914	买盘
09:52:26	8.45	0.01	424	358279	买盘
09:52:20	8.44	--	97	81868	卖盘
09:52:14	8.44	-0.01	34	28696	卖盘
09:52:11	8.45	0.01	152	128439	买盘
09:52:05	8.44	-0.01	385	324940	卖盘
09:51:59	8.45	0.01	356	300820	买盘
09:51:56	8.44	-0.01	294	248135	卖盘
09:51:50	8.45	0.01	51	43095	买盘
09:51:44	8.44	--	86	72584	卖盘
09:51:40	8.44	--	131	110564	卖盘
09:51:35	8.44	-0.02	119	100436	卖盘
09:51:29	8.46	0.02	198	167508	买盘
09:51:25	8.44	-0.01	112	94528	卖盘
09:51:20	8.45	--	98	82810	买盘
09:51:14	8.45	--	20	16900	买盘
09:51:10	8.45	--	124	104779	卖盘
09:51:05	8.45	--	124	104779	卖盘
09:50:59	8.45	--	480	405599	卖盘
09:50:55	8.45	--	7	5914	卖盘
09:50:50	8.45	-0.01	16	13519	卖盘
09:50:44	8.46	0.01	2	1692	买盘
09:50:40	8.45	--	226	190969	卖盘
09:50:35	8.45	--	171	144495	卖盘
09:50:25	8.45	--	120	101399	卖盘
09:50:20	8.45	-0.01	81	68445	卖盘
09:50:14	8.46	0.01	77	65142	买盘
09:50:10	8.45	--	27	22814	卖盘
09:50:05	8.45	--	508	429259	卖盘
09:49:59	8.45	-0.01	21	17745	卖盘
09:49:55	8.46	0.01	237	200502	买盘
09:49:50	8.45	-0.01	70	59149	卖盘
09:49:44	8.46	--	5	4230	买盘
09:49:40	8.46	--	96	81216	买盘
09:49:35	8.46	--	5	4230	买盘
09:49:29	8.46	--	5	4230	买盘
09:49:25	8.46	--	40	33840	卖盘
09:49:20	8.46	--	90	76140	卖盘
09:49:10	8.46	0.01	200	169200	买盘
09:49:05	8.45	--	556	469819	买盘
09:48:59	8.45	-0.01	694	586430	卖盘
09:48:55	8.46	0.01	62	52452	买盘
09:48:50	8.45	--	1671	1411994	卖盘
09:48:44	8.45	-0.01	738	623610	卖盘
09:48:40	8.46	0.01	25	21150	买盘
09:48:35	8.45	--	55	46474	卖盘
09:48:29	8.45	-0.01	113	95484	卖盘
09:48:25	8.46	--	499	422154	买盘
09:48:20	8.46	-0.01	1291	1092186	卖盘
09:48:14	8.47	0.01	15	12705	买盘
09:48:10	8.46	--	166	140436	卖盘
09:48:05	8.46	-0.01	418	353628	卖盘
09:47:59	8.47	--	285	241395	卖盘
09:47:55	8.47	--	707	598829	卖盘
09:47:50	8.47	--	273	231231	买盘
09:47:44	8.47	--	66	55902	买盘
09:47:40	8.47	0.01	36	30492	买盘
09:47:35	8.46	-0.01	206	174276	卖盘
09:47:29	8.47	--	802	679294	买盘
09:47:23	8.47	--	41	34727	买盘
09:47:20	8.47	-0.01	388	328636	卖盘
09:47:14	8.48	--	1184	1004032	买盘
09:47:08	8.48	--	1011	857328	买盘
09:47:05	8.48	--	1254	1063392	买盘
09:46:59	8.48	--	226	191648	买盘
09:46:53	8.48	0.01	30	25440	买盘
09:46:50	8.47	--	114	96558	卖盘
09:46:44	8.47	-0.01	25	21175	卖盘
09:46:38	8.48	--	61	51728	买盘
09:46:35	8.48	0.01	216	183168	买盘
09:46:29	8.47	--	134	113498	买盘
09:46:23	8.47	-0.01	77	65219	卖盘
09:46:20	8.48	--	131	111088	买盘
09:46:14	8.48	0.02	196	166208	买盘
09:46:08	8.46	-0.01	225	190350	卖盘
09:46:05	8.47	--	221	187187	买盘
09:45:59	8.47	--	443	375221	买盘
09:45:53	8.47	--	46	38962	买盘
09:45:50	8.47	--	208	176176	卖盘
09:45:44	8.47	-0.01	628	531916	卖盘
09:45:38	8.48	0.01	89	75472	买盘
09:45:35	8.47	--	107	90629	卖盘
09:45:29	8.47	-0.01	325	275275	卖盘
09:45:23	8.48	0.01	27	22896	买盘
09:45:20	8.47	--	813	688611	买盘
09:45:14	8.47	-0.01	300	254100	中性盘
09:45:08	8.48	0.01	1288	1092224	买盘
09:45:04	8.47	-0.01	417	353199	卖盘
09:44:59	8.48	0.01	1343	1138864	买盘
09:44:53	8.47	-0.01	561	475167	卖盘
09:44:49	8.48	0.01	90	76320	买盘
09:44:44	8.47	--	39	33033	卖盘
09:44:38	8.47	--	86	72842	卖盘
09:44:34	8.47	--	259	219373	买盘
09:44:29	8.47	0.01	47	39809	买盘
09:44:23	8.46	--	215	181890	卖盘
09:44:19	8.46	-0.01	150	126900	卖盘
09:44:14	8.47	0.02	295	249865	买盘
09:44:08	8.45	--	48	40560	卖盘
09:44:04	8.45	--	73	61684	卖盘
09:43:59	8.45	--	155	130974	买盘
09:43:53	8.45	--	451	381094	卖盘
09:43:49	8.45	--	33	27884	卖盘
09:43:44	8.45	--	2711	2290795	卖盘
09:43:38	8.45	0.01	5766	4873072	买盘
09:43:34	8.44	-0.01	30	25320	卖盘
09:43:29	8.45	0.01	343	289835	买盘
09:43:23	8.44	--	120	101280	卖盘
09:43:19	8.44	--	50	42200	卖盘
09:43:14	8.44	--	246	207624	买盘
09:43:08	8.44	--	154	129975	卖盘
09:43:04	8.44	--	305	257419	卖盘
09:42:59	8.44	--	327	275988	卖盘
09:42:53	8.44	-0.01	23	19412	卖盘
09:42:49	8.45	0.01	1684	1422979	买盘
09:42:44	8.44	--	153	129131	买盘
09:42:38	8.44	--	182	153608	买盘
09:42:34	8.44	--	906	764664	卖盘
09:42:29	8.44	-0.01	465	392460	卖盘
09:42:23	8.45	--	61	51544	买盘
09:42:19	8.45	0.01	363	306735	买盘
09:42:14	8.44	-0.01	57	48150	卖盘
09:42:08	8.45	--	352	297440	卖盘
09:42:04	8.45	--	457	386967	买盘
09:41:59	8.45	0.01	83	70135	买盘
09:41:53	8.44	-0.01	531	448164	中性盘
09:41:49	8.45	0.02	475	401374	买盘
09:41:44	8.43	--	266	224238	卖盘
09:41:38	8.43	--	316	266388	卖盘
09:41:34	8.43	-0.02	750	632250	卖盘
09:41:29	8.45	0.02	34	28729	买盘
09:41:23	8.43	--	232	195576	卖盘
09:41:19	8.43	-0.02	13	10959	卖盘
09:41:14	8.45	0.02	344	290680	买盘
09:41:08	8.43	--	171	144153	买盘
09:41:04	8.43	-0.02	4655	3924165	卖盘
09:40:59	8.45	-0.01	274	231529	卖盘
09:40:53	8.46	0.01	237	200502	买盘
09:40:49	8.45	-0.01	58	49009	卖盘
09:40:44	8.46	0.01	260	219960	买盘
09:40:38	8.45	--	376	317720	买盘
09:40:32	8.45	0.01	42	35490	买盘
09:40:29	8.44	-0.01	542	457448	卖盘
09:40:23	8.45	--	200	169000	买盘
09:40:17	8.45	--	20	16900	买盘
09:40:14	8.45	--	92	77740	买盘
09:40:08	8.45	-0.01	492	415739	卖盘
09:40:02	8.46	0.01	115	97290	买盘
09:39:59	8.45	--	578	488409	卖盘
09:39:53	8.45	--	36	30419	卖盘
09:39:47	8.45	--	2	1689	卖盘
09:39:44	8.45	0.01	535	452074	买盘
09:39:38	8.44	-0.01	274	231256	卖盘
09:39:32	8.45	0.01	186	157170	买盘
09:39:29	8.44	--	25	21100	卖盘
09:39:23	8.44	--	122	102968	卖盘
09:39:17	8.44	--	215	181460	卖盘
09:39:14	8.44	0.01	50	42200	卖盘
09:39:08	8.43	-0.02	289	243627	卖盘
09:39:02	8.45	0.01	65	54924	买盘
09:38:59	8.44	0.01	239	201716	买盘
09:38:53	8.43	--	98	82614	卖盘
09:38:47	8.43	--	116	97788	买盘
09:38:44	8.43	--	377	317811	卖盘
09:38:38	8.43	0.01	243	204849	买盘
09:38:32	8.42	--	265	223130	卖盘
09:38:29	8.42	-0.01	842	708964	卖盘
09:38:23	8.43	0.01	1149	968607	买盘
09:38:17	8.42	--	562	473204	卖盘
09:38:13	8.42	--	456	383952	买盘
09:38:08	8.42	0.01	1455	1225110	买盘
09:38:02	8.41	-0.01	109	91669	卖盘
09:37:58	8.42	--	214	180188	买盘
09:37:53	8.42	0.01	963	810846	买盘
09:37:47	8.41	-0.01	247	207727	卖盘
09:37:43	8.42	0.01	384	323328	买盘
09:37:38	8.41	--	1494	1256454	卖盘
09:37:32	8.41	--	370	311170	卖盘
09:37:28	8.41	--	735	618135	买盘
09:37:23	8.41	0.01	619	520579	买盘
09:37:17	8.4	-0.01	896	752640	卖盘
09:37:13	8.41	--	318	267438	买盘
09:37:08	8.41	--	489	411249	买盘
09:37:02	8.41	--	427	359107	买盘
09:36:58	8.41	-0.01	1134	953694	卖盘
09:36:53	8.42	--	267	224814	买盘
09:36:47	8.42	0.01	15	12630	买盘
09:36:43	8.41	-0.01	568	477688	卖盘
09:36:38	8.42	-0.01	2026	1705892	卖盘
09:36:32	8.43	0.01	124	104532	买盘
09:36:28	8.42	--	1261	1061762	卖盘
09:36:23	8.42	--	606	510252	卖盘
09:36:17	8.42	--	73	61466	卖盘
09:36:13	8.42	-0.01	147	123774	卖盘
09:36:08	8.43	0.01	498	419814	买盘
09:36:02	8.42	-0.01	93	78306	卖盘
09:35:58	8.43	--	258	217494	买盘
09:35:53	8.43	-0.01	1452	1224036	卖盘
09:35:47	8.44	--	489	413112	卖盘
09:35:43	8.44	-0.01	571	481924	卖盘
09:35:38	8.45	0.01	270	228149	买盘
09:35:32	8.44	-0.01	824	695456	卖盘
09:35:28	8.45	--	48	40560	买盘
09:35:23	8.45	--	998	843309	卖盘
09:35:17	8.45	--	631	533195	卖盘
09:35:13	8.45	--	372	314340	卖盘
09:35:08	8.45	--	87	73515	卖盘
09:35:02	8.45	--	526	444469	卖盘
09:34:58	8.45	-0.01	222	187589	卖盘
09:34:53	8.46	--	283	239418	卖盘
09:34:47	8.46	--	722	610812	卖盘
09:34:43	8.46	-0.01	396	335016	卖盘
09:34:38	8.47	--	281	238007	买盘
09:34:32	8.47	--	609	515823	卖盘
09:34:28	8.47	-0.01	129	109263	卖盘
09:34:23	8.48	0.01	91	77168	买盘
09:34:17	8.47	-0.01	215	182105	卖盘
09:34:08	8.48	0.01	431	365488	买盘
09:34:02	8.47	--	324	274428	卖盘
09:33:56	8.47	--	298	252406	卖盘
09:33:53	8.47	--	90	76230	卖盘
09:33:47	8.47	--	481	407407	卖盘
09:33:41	8.47	--	32	27104	卖盘
09:33:38	8.47	-0.01	186	157542	卖盘
09:33:32	8.48	0.02	557	472336	买盘
09:33:26	8.46	-0.01	399	337554	卖盘
09:33:23	8.47	0.01	142	120274	买盘
09:33:17	8.46	-0.02	146	123516	卖盘
09:33:11	8.48	0.01	122	103456	买盘
09:33:08	8.47	--	492	416724	买盘
09:33:02	8.47	-0.01	797	675059	卖盘
09:32:56	8.48	0.01	327	277296	买盘
09:32:53	8.47	--	148	125356	卖盘
09:32:47	8.47	--	68	57596	卖盘
09:32:41	8.47	--	874	740278	买盘
09:32:38	8.47	--	157	132979	卖盘
09:32:32	8.47	--	232	196504	卖盘
09:32:26	8.47	--	185	156695	卖盘
09:32:23	8.47	0.01	195	165165	中性盘
09:32:17	8.46	-0.01	368	311328	卖盘
09:32:11	8.47	--	89	75383	卖盘
09:32:08	8.47	0.01	633	536151	买盘
09:32:02	8.46	--	723	611658	卖盘
09:31:56	8.46	0.01	246	208116	买盘
09:31:52	8.45	--	431	364194	卖盘
09:31:47	8.45	--	425	359124	卖盘
09:31:41	8.45	--	633	534885	卖盘
09:31:37	8.45	0.01	282	238289	买盘
09:31:32	8.44	--	264	222816	卖盘
09:31:26	8.44	--	67	56548	卖盘
09:31:22	8.44	0.01	573	484059	买盘
09:31:17	8.43	-0.01	431	363729	卖盘
09:31:11	8.44	-0.01	268	226192	卖盘
09:31:07	8.45	0.02	822	695037	买盘
09:31:02	8.43	-0.02	157	132351	卖盘
09:30:56	8.45	0.01	462	390389	买盘
09:30:52	8.44	-0.01	626	528344	卖盘
09:30:47	8.45	--	248	209559	买盘
09:30:41	8.45	--	326	275470	买盘
09:30:37	8.45	-0.03	3014	2547227	卖盘
09:30:32	8.48	0.01	268	227264	买盘
09:30:26	8.47	--	171	144837	卖盘
09:30:22	8.47	--	179	152061	买盘
09:30:17	8.47	--	120	101640	买盘
09:30:11	8.47	0.01	40	33880	买盘
09:30:07	8.46	-0.01	1554	1314684	卖盘
09:30:02	8.47	-0.03	546	462462	卖盘
09:28:43	8.5	--	0	0	买盘
09:25:05	8.5	8.5	1950	1657500	买盘
