成交时间	成交价	价格变动	成交量(手)	成交额(元)	性质
15:00:00	18.73	--	0	0	买盘
15:00:00	18.73	--	10	18730	买盘
14:59:59	18.73	-0.01	18	33714	卖盘
14:59:49	18.74	0.03	4	7495	买盘
14:59:44	18.71	-0.03	60	112260	卖盘
14:59:38	18.74	0.01	3	5621	买盘
14:59:34	18.73	0.02	30	56190	中性盘
14:59:29	18.71	-0.02	115	215165	卖盘
14:59:19	18.73	-0.02	18	33714	卖盘
14:59:14	18.75	0.02	2	3750	买盘
14:59:08	18.73	--	0	0	中性盘
14:59:04	18.73	-0.01	8	14984	买盘
14:58:59	18.74	0.01	2	3747	卖盘
14:58:44	18.73	--	20	37460	买盘
14:58:34	18.73	--	11	20603	买盘
14:58:29	18.73	--	11	20603	买盘
14:58:19	18.73	-0.02	104	194792	卖盘
14:58:14	18.75	0.01	72	135000	买盘
14:57:59	18.74	0.01	11	20614	中性盘
14:57:49	18.73	--	20	37460	买盘
14:57:44	18.73	--	5	9365	买盘
14:57:38	18.73	--	24	44952	买盘
14:57:34	18.73	0.01	5	9365	买盘
14:57:29	18.72	--	40	74880	卖盘
14:57:23	18.72	-0.01	2	3744	卖盘
14:57:19	18.73	--	5	9365	买盘
14:57:14	18.73	-0.02	55	103015	卖盘
14:57:08	18.75	0.02	1	1875	买盘
14:57:04	18.73	-0.01	101	189173	卖盘
14:56:49	18.74	--	9	16866	买盘
14:56:44	18.74	--	31	58093	买盘
14:56:38	18.74	--	10	18740	买盘
14:56:34	18.74	-0.01	36	67464	卖盘
14:56:29	18.75	--	5	9375	买盘
14:56:23	18.75	0.01	6	11250	买盘
14:56:14	18.74	--	24	44975	卖盘
14:56:08	18.74	-0.01	24	44975	卖盘
14:55:59	18.75	0.01	78	146250	买盘
14:55:44	18.74	--	57	106817	卖盘
14:55:33	18.74	--	71	133054	买盘
14:55:23	18.74	--	3	5621	买盘
14:55:19	18.74	-0.01	36	67464	卖盘
14:55:02	18.75	0.01	27	50625	买盘
14:54:53	18.74	-0.01	10	18740	卖盘
14:54:38	18.75	--	0	0	买盘
14:54:32	18.75	0.02	5	9375	买盘
14:54:28	18.73	-0.02	7	13111	卖盘
14:54:17	18.75	0.01	61	114375	买盘
14:54:13	18.74	--	12	22487	买盘
14:54:08	18.74	-0.01	26	48723	卖盘
14:53:53	18.75	--	11	20625	买盘
14:53:28	18.75	0.01	30	56250	买盘
14:53:23	18.74	--	11	20614	买盘
14:53:17	18.74	-0.01	46	86204	卖盘
14:53:13	18.75	--	6	11250	买盘
14:53:08	18.75	0.01	42	78750	买盘
14:53:02	18.74	--	6	11243	卖盘
14:52:58	18.74	--	23	43102	卖盘
14:52:43	18.74	--	16	29983	卖盘
14:52:38	18.74	-0.01	6	11243	卖盘
14:52:28	18.75	--	12	22500	买盘
14:52:02	18.75	0.02	2	3750	买盘
14:51:58	18.73	--	22	41206	卖盘
14:51:53	18.73	-0.02	15	28095	卖盘
14:51:47	18.75	--	64	120000	买盘
14:51:38	18.75	0.02	4	7500	买盘
14:51:23	18.73	-0.02	27	50571	卖盘
14:51:08	18.75	0.02	5	9375	买盘
14:50:53	18.73	--	5	9365	卖盘
14:50:43	18.73	-0.02	42	78666	卖盘
14:50:38	18.75	0.01	31	58125	卖盘
14:50:28	18.74	-0.01	92	172408	卖盘
14:50:23	18.75	--	16	30000	卖盘
14:50:17	18.75	-0.01	30	56250	卖盘
14:50:08	18.76	0.01	8	15008	买盘
14:49:53	18.75	--	0	0	卖盘
14:49:47	18.75	--	18	33750	卖盘
14:49:43	18.75	--	9	16875	卖盘
14:49:38	18.75	-0.01	1	1875	卖盘
14:49:32	18.76	0.01	18	33768	买盘
14:49:23	18.75	--	19	35625	卖盘
14:49:08	18.75	0.01	38	71250	中性盘
14:48:58	18.74	--	0	0	卖盘
14:48:53	18.74	-0.02	61	114313	卖盘
14:48:47	18.76	--	4	7504	卖盘
14:48:42	18.76	--	12	22512	卖盘
14:48:37	18.76	-0.01	3	5628	卖盘
14:48:22	18.77	--	24	45048	买盘
14:48:17	18.77	--	52	97604	卖盘
14:48:02	18.77	--	0	0	卖盘
14:47:52	18.77	-0.01	38	71326	卖盘
14:47:47	18.78	--	21	39438	买盘
14:47:17	18.78	0.02	13	24414	买盘
14:47:07	18.76	--	26	48776	买盘
14:47:02	18.76	0.01	30	56280	买盘
14:46:52	18.75	-0.01	4	7500	中性盘
14:46:47	18.76	0.01	58	108808	买盘
14:46:41	18.75	0.01	68	127500	买盘
14:46:36	18.74	-0.01	7	13117	卖盘
14:46:32	18.75	--	6	11250	买盘
14:46:17	18.75	--	22	41250	买盘
14:46:07	18.75	0.02	36	67500	买盘
14:46:02	18.73	--	1	1873	卖盘
14:45:47	18.73	--	15	28095	买盘
14:45:41	18.73	0.01	2	3746	买盘
14:45:37	18.72	--	5	9360	卖盘
14:45:32	18.72	--	10	18720	卖盘
14:45:22	18.72	--	20	37440	卖盘
14:45:07	18.72	--	2	3744	卖盘
14:45:02	18.72	-0.03	14	26208	卖盘
14:44:56	18.75	0.03	5	9375	买盘
14:44:32	18.72	--	4	7488	卖盘
14:44:17	18.72	0.01	6	11232	买盘
14:44:07	18.71	--	9	16839	卖盘
14:43:52	18.71	--	0	0	卖盘
14:43:32	18.71	--	5	9355	卖盘
14:43:26	18.71	-0.05	4	7484	卖盘
14:43:22	18.76	0.06	14	26264	买盘
14:42:52	18.7	--	0	0	卖盘
14:42:47	18.7	-0.03	172	323285	卖盘
14:42:37	18.73	--	0	0	卖盘
14:42:26	18.73	--	0	0	卖盘
14:42:11	18.73	-0.01	19	35587	卖盘
14:42:05	18.74	-0.01	12	23387	卖盘
14:42:01	18.75	--	10	18750	买盘
14:41:56	18.75	0.01	14	26250	买盘
14:41:46	18.74	--	17	31857	中性盘
14:41:41	18.74	--	3	5621	卖盘
14:41:35	18.74	--	4	7495	卖盘
14:41:31	18.74	-0.01	3	5621	卖盘
14:41:26	18.75	--	30	56250	卖盘
14:41:16	18.75	-0.02	26	48750	卖盘
14:41:11	18.77	--	2	3754	卖盘
14:41:05	18.77	--	1	1877	卖盘
14:41:01	18.77	0.02	29	54433	买盘
14:40:56	18.75	-0.02	40	75000	卖盘
14:40:50	18.77	--	5	9385	卖盘
14:40:35	18.77	--	5	9385	卖盘
14:40:31	18.77	--	8	15016	卖盘
14:40:11	18.77	-0.01	10	18770	卖盘
14:39:41	18.78	--	0	0	买盘
14:39:35	18.78	0.03	20	37560	买盘
14:39:31	18.75	-0.02	70	131250	卖盘
14:39:26	18.77	--	3	5631	卖盘
14:39:20	18.77	0.02	29	54433	买盘
14:39:05	18.75	--	12	22500	卖盘
14:39:01	18.75	--	141	264375	买盘
14:38:50	18.75	--	33	61875	买盘
14:38:46	18.75	--	0	0	买盘
14:38:31	18.75	--	4	7500	买盘
14:38:20	18.75	--	19	35625	买盘
14:38:11	18.75	--	4	7500	买盘
14:38:05	18.75	0.05	4	7500	买盘
14:37:46	18.7	--	21	39270	卖盘
14:37:41	18.7	--	0	0	卖盘
14:37:31	18.7	--	30	56100	买盘
14:37:20	18.7	--	5	9350	买盘
14:37:16	18.7	--	12	22440	买盘
14:37:01	18.7	-0.01	368	688160	卖盘
14:36:56	18.71	-0.01	50	93550	卖盘
14:36:46	18.72	-0.03	55	102960	卖盘
14:36:26	18.75	-0.02	178	333750	卖盘
14:36:20	18.77	-0.01	35	65695	卖盘
14:36:11	18.78	--	28	52584	买盘
14:36:05	18.78	--	5	9390	买盘
14:35:56	18.78	0.01	30	56340	买盘
14:35:40	18.77	-0.01	35	65695	卖盘
14:35:35	18.78	--	11	20658	买盘
14:35:25	18.78	-0.01	21	39438	卖盘
14:35:05	18.79	0.02	25	46975	买盘
14:34:59	18.77	-0.01	11	20647	卖盘
14:34:50	18.78	-0.02	100	187800	卖盘
14:34:44	18.8	0.01	5	9400	买盘
14:34:40	18.79	-0.02	8	15032	卖盘
14:34:29	18.81	--	20	37620	卖盘
14:34:20	18.81	0.03	45	84645	买盘
14:34:05	18.78	--	0	0	卖盘
14:33:59	18.78	-0.04	4	7512	卖盘
14:33:44	18.82	--	0	0	买盘
14:33:40	18.82	0.03	31	58342	买盘
14:33:35	18.79	-0.03	48	90192	卖盘
14:33:14	18.82	0.03	27	50814	买盘
14:33:10	18.79	-0.03	12	22548	卖盘
14:32:55	18.82	--	0	0	买盘
14:32:40	18.82	0.02	28	52696	买盘
14:32:35	18.8	--	9	16920	买盘
14:32:29	18.8	-0.01	121	228720	卖盘
14:32:20	18.81	--	22	42360	卖盘
14:32:14	18.81	--	2	3761	卖盘
14:32:05	18.81	--	10	18810	卖盘
14:31:50	18.81	--	2	3761	卖盘
14:31:44	18.81	--	10	18810	卖盘
14:31:35	18.81	-0.01	1	1880	卖盘
14:31:29	18.82	--	10	18820	买盘
14:31:25	18.82	-0.01	98	184436	卖盘
14:30:44	18.83	-0.01	12	22595	买盘
14:30:35	18.84	--	0	0	买盘
14:29:59	18.84	0.04	2	3768	买盘
14:29:40	18.8	--	0	0	卖盘
14:29:14	18.8	--	0	0	卖盘
14:28:23	18.8	--	0	0	卖盘
14:28:19	18.8	-0.01	24	45120	卖盘
14:28:08	18.81	--	47	88407	卖盘
14:28:04	18.81	0.01	50	94050	买盘
14:27:59	18.8	-0.01	2	3760	卖盘
14:27:53	18.81	--	22	41382	买盘
14:27:49	18.81	--	30	56429	买盘
14:27:34	18.81	-0.01	198	372438	卖盘
14:27:29	18.82	-0.01	30	56460	卖盘
14:26:49	18.83	-0.03	110	207129	卖盘
14:25:49	18.86	0.01	2	3772	买盘
14:25:44	18.85	--	4	7540	卖盘
14:25:23	18.85	-0.02	8	15080	卖盘
14:25:14	18.87	--	13	24531	买盘
14:25:04	18.87	--	2	3774	买盘
14:24:49	18.87	--	0	0	买盘
14:24:38	18.87	--	0	0	买盘
14:24:34	18.87	--	70	132090	买盘
14:24:23	18.87	0.01	8	15096	买盘
14:24:19	18.86	--	36	67896	卖盘
14:23:43	18.86	--	12	22632	买盘
14:23:29	18.86	0.01	20	37720	买盘
14:23:14	18.85	--	10	18850	卖盘
14:22:53	18.85	-0.02	11	20735	卖盘
14:22:47	18.87	0.01	46	86802	买盘
14:22:43	18.86	-0.01	7	13202	卖盘
14:22:32	18.87	0.01	2	3774	买盘
14:22:28	18.86	--	1	1886	买盘
14:22:23	18.86	--	8	15088	买盘
14:22:13	18.86	--	30	56580	买盘
14:22:02	18.86	0.02	8	15088	买盘
14:21:58	18.84	--	0	0	卖盘
14:21:53	18.84	-0.02	7	13188	卖盘
14:21:43	18.86	--	10	18860	买盘
14:21:32	18.86	--	0	0	买盘
14:21:23	18.86	--	0	0	买盘
14:21:13	18.86	0.05	3	5658	买盘
14:20:53	18.81	--	0	0	卖盘
14:20:28	18.81	--	35	65835	卖盘
14:20:13	18.81	0.01	56	105336	卖盘
14:20:08	18.8	--	0	0	卖盘
14:19:43	18.8	--	0	0	卖盘
14:19:38	18.8	-0.04	113	212440	卖盘
14:19:13	18.84	-0.02	32	60288	卖盘
14:18:58	18.86	--	0	0	买盘
14:18:47	18.86	-0.01	7	13202	卖盘
14:18:43	18.87	--	69	130203	买盘
14:18:38	18.87	0.01	9	16983	买盘
14:18:23	18.86	-0.01	15	28290	卖盘
14:18:17	18.87	--	30	56610	买盘
14:18:02	18.87	--	0	0	买盘
14:17:58	18.87	0.03	176	332112	买盘
14:17:52	18.84	--	0	0	卖盘
14:17:43	18.84	-0.02	31	58404	卖盘
14:17:38	18.86	--	35	66010	买盘
14:17:28	18.86	--	235	443210	买盘
14:17:13	18.86	0.01	12	22632	买盘
14:17:02	18.85	--	13	24505	买盘
14:16:57	18.85	--	13	24505	买盘
14:16:53	18.85	0.01	7	13195	买盘
14:16:42	18.84	--	2	3768	卖盘
14:16:07	18.84	0.02	116	218544	买盘
14:15:47	18.82	--	40	75280	买盘
14:15:32	18.82	--	10	18820	买盘
14:15:17	18.82	--	14	26348	买盘
14:15:02	18.82	--	10	18820	买盘
14:14:47	18.82	--	41	77162	卖盘
14:14:22	18.82	-0.02	1	1882	卖盘
14:14:17	18.84	--	0	0	中性盘
14:13:52	18.84	--	4	7536	买盘
14:13:47	18.84	0.03	6	11304	买盘
14:13:37	18.81	--	6	11286	卖盘
14:13:32	18.81	--	0	1542	买盘
14:13:22	18.81	--	105	197505	买盘
14:12:56	18.81	--	40	75240	买盘
14:12:52	18.81	0.01	2	3761	买盘
14:12:47	18.8	-0.01	20	37600	卖盘
14:12:37	18.81	--	2	3761	买盘
14:12:17	18.81	--	21	39839	卖盘
14:12:07	18.81	--	0	0	卖盘
14:12:01	18.81	--	21	39501	卖盘
14:11:52	18.81	--	0	0	卖盘
14:11:46	18.81	--	9	16929	卖盘
14:11:16	18.81	--	0	0	卖盘
14:10:37	18.81	--	0	0	卖盘
14:10:02	18.81	-0.02	40	75240	卖盘
14:09:46	18.83	0.01	3	5648	卖盘
14:09:20	18.82	--	4	7528	卖盘
14:09:01	18.82	--	1	1882	卖盘
14:08:26	18.82	--	1	1882	卖盘
14:07:41	18.82	--	2	3764	卖盘
14:07:20	18.82	-0.01	150	282300	卖盘
14:07:16	18.83	-0.03	5	9415	卖盘
14:07:05	18.86	0.03	2	3772	买盘
14:06:55	18.83	--	0	0	中性盘
14:06:50	18.83	--	0	0	买盘
14:06:45	18.83	-0.04	9	16947	卖盘
14:06:30	18.87	--	0	0	买盘
14:05:56	18.87	--	0	0	买盘
14:05:26	18.87	--	0	0	买盘
14:05:05	18.87	--	0	0	买盘
14:04:45	18.87	0.04	22	41514	买盘
14:04:40	18.83	-0.02	100	188299	卖盘
14:03:50	18.85	-0.02	2	3770	卖盘
14:03:46	18.87	--	0	0	买盘
14:03:05	18.87	0.02	5	9435	买盘
14:03:00	18.85	--	5	9425	卖盘
14:02:55	18.85	--	7	13195	中性盘
14:02:29	18.85	--	0	0	卖盘
14:02:09	18.85	--	5	9425	卖盘
14:02:05	18.85	--	8	15080	买盘
14:01:35	18.85	--	60	113100	买盘
14:00:39	18.85	0.01	3	5655	买盘
14:00:35	18.84	--	1	1884	卖盘
14:00:14	18.84	--	8	15072	买盘
14:00:09	18.84	--	5	9420	买盘
14:00:05	18.84	--	35	65940	买盘
13:59:35	18.84	0.01	105	197820	买盘
13:58:50	18.83	--	8	15063	卖盘
13:58:20	18.83	--	1	1882	卖盘
13:57:49	18.83	-0.01	20	37660	卖盘
13:57:39	18.84	--	50	94200	买盘
13:57:34	18.84	--	6	11304	买盘
13:55:54	18.84	-0.01	23	43332	买盘
13:55:19	18.85	--	0	0	买盘
13:55:14	18.85	0.04	9	16965	买盘
13:54:53	18.81	--	0	0	卖盘
13:54:29	18.81	--	50	95592	买盘
13:54:14	18.81	0.01	4	7523	买盘
13:53:59	18.8	-0.01	1	1880	卖盘
13:53:53	18.81	0.01	3	5643	买盘
13:53:34	18.8	0.01	10	18800	中性盘
13:53:08	18.79	-0.01	30	56370	卖盘
13:53:04	18.8	0.01	24	45120	买盘
13:52:29	18.79	--	2	3758	卖盘
13:51:59	18.79	--	10	18790	卖盘
13:51:44	18.79	--	28	52612	买盘
13:51:29	18.79	-0.01	22	41338	卖盘
13:51:08	18.8	--	3	5640	买盘
13:50:53	18.8	--	1	1880	卖盘
13:50:43	18.8	-0.01	200	376000	卖盘
13:50:23	18.81	--	61	115079	卖盘
13:49:03	18.81	-0.04	92	173052	卖盘
13:48:43	18.85	0.02	6	11310	买盘
13:48:32	18.83	0.01	38	73098	买盘
13:48:28	18.82	-0.01	1	1882	卖盘
13:48:23	18.83	0.01	70	131810	买盘
13:47:23	18.82	-0.01	5	9410	卖盘
13:46:57	18.83	-0.01	36	68126	卖盘
13:46:32	18.84	--	0	0	买盘
13:46:08	18.84	-0.01	10	18840	卖盘
13:45:32	18.85	--	1	1885	卖盘
13:44:42	18.85	--	5	9425	卖盘
13:44:38	18.85	--	4	7540	卖盘
13:44:23	18.85	--	4	7540	买盘
13:44:17	18.85	0.01	9	16965	买盘
13:44:08	18.84	-0.01	50	94200	卖盘
13:43:52	18.85	--	5	9425	买盘
13:43:12	18.85	--	21	39585	买盘
13:42:52	18.85	-0.02	13	24505	卖盘
13:42:47	18.87	--	21	39627	买盘
13:42:37	18.87	--	5	9435	卖盘
13:42:22	18.87	-0.01	5	9435	卖盘
13:41:07	18.88	-0.03	7	13216	卖盘
13:40:52	18.91	--	0	0	买盘
13:40:32	18.91	--	23	44079	卖盘
13:40:26	18.91	--	12	22692	卖盘
13:40:22	18.91	--	10	18910	卖盘
13:39:52	18.91	--	1	1891	卖盘
13:39:47	18.91	--	3	5673	卖盘
13:39:02	18.91	0.01	32	61816	买盘
13:38:56	18.9	0.02	14	26459	买盘
13:38:47	18.88	--	0	0	中性盘
13:38:41	18.88	--	0	0	卖盘
13:37:55	18.88	--	1	2737	买盘
13:37:21	18.88	0.01	13	24544	买盘
13:36:36	18.87	--	33	62271	买盘
13:36:01	18.87	--	3	5661	买盘
13:35:26	18.87	0.03	4	7548	买盘
13:35:21	18.84	--	50	94200	卖盘
13:35:11	18.84	--	29	54636	卖盘
13:34:31	18.84	-0.03	38	71592	卖盘
13:34:26	18.87	--	0	0	买盘
13:34:20	18.87	0.01	20	37740	买盘
13:34:16	18.86	--	2	3772	买盘
13:33:41	18.86	--	54	101844	买盘
13:33:26	18.86	--	50	94300	买盘
13:33:11	18.86	--	8	15088	买盘
13:33:05	18.86	0.02	25	47150	买盘
13:32:11	18.84	--	0	0	卖盘
13:32:05	18.84	-0.03	35	65940	卖盘
13:31:45	18.87	-0.01	3	5661	买盘
13:30:56	18.88	--	0	0	买盘
13:30:41	18.88	--	14	26432	买盘
13:29:45	18.88	--	1	1888	买盘
13:28:30	18.88	--	0	0	买盘
13:28:20	18.88	0.04	15	28320	买盘
13:28:14	18.84	0.01	92	173328	卖盘
13:25:58	18.83	--	0	0	卖盘
13:23:49	18.83	-0.04	61	114862	卖盘
13:23:35	18.87	-0.01	95	179265	卖盘
13:23:24	18.88	--	3	5664	买盘
13:22:19	18.88	-0.01	5	10176	卖盘
13:22:04	18.89	--	52	98228	买盘
13:21:49	18.89	--	1	1889	买盘
13:21:39	18.89	-0.01	4	7556	卖盘
13:21:19	18.9	0.01	1	1889	买盘
13:20:44	18.89	--	46	86894	买盘
13:20:29	18.89	--	2	3778	买盘
13:20:19	18.89	0.01	12	22668	买盘
13:20:13	18.88	-0.01	8	15104	卖盘
13:19:59	18.89	0.01	20	37780	买盘
13:19:14	18.88	--	1	3039	买盘
13:18:48	18.88	0.01	2	3776	买盘
13:18:43	18.87	-0.01	5	9435	卖盘
13:18:14	18.88	0.01	8	15104	卖盘
13:17:23	18.87	--	0	0	卖盘
13:17:03	18.87	--	0	0	卖盘
13:16:58	18.87	--	0	1547	买盘
13:15:43	18.87	--	0	0	中性盘
13:14:13	18.87	--	2	3774	买盘
13:13:47	18.87	--	2	3774	卖盘
13:12:32	18.87	--	2	3774	卖盘
13:11:52	18.87	--	0	0	中性盘
13:11:47	18.87	--	0	0	中性盘
13:11:42	18.87	--	52	98124	卖盘
13:11:23	18.87	--	0	0	卖盘
13:11:12	18.87	--	4	7548	卖盘
13:10:53	18.87	-0.03	3	5661	卖盘
13:10:08	18.9	0.03	50	94500	买盘
13:09:52	18.87	0.06	7	13209	买盘
13:09:07	18.81	--	0	0	卖盘
13:07:02	18.81	--	0	0	卖盘
13:06:16	18.81	--	9	16929	卖盘
13:06:01	18.81	0.01	2	3761	卖盘
13:05:16	18.8	--	0	0	卖盘
13:04:56	18.8	--	300	564000	卖盘
13:04:46	18.8	--	0	0	卖盘
13:04:31	18.8	--	0	0	卖盘
13:04:21	18.8	--	3	5640	卖盘
13:04:01	18.8	-0.08	400	752000	卖盘
13:03:36	18.88	-0.01	10	18880	买盘
13:03:01	18.89	--	0	0	买盘
13:01:16	18.89	--	0	585	卖盘
13:00:40	18.89	0.04	49	93864	买盘
13:00:11	18.85	--	0	0	买盘
13:00:05	18.85	0.03	401	755885	买盘
11:30:00	18.82	--	0	0	卖盘
11:30:00	18.82	--	0	0	卖盘
11:29:57	18.82	-0.03	1	1882	中性盘
11:29:22	18.85	--	27	50895	买盘
11:28:27	18.85	0.03	18	33930	买盘
11:28:22	18.82	-0.03	66	124212	卖盘
11:27:31	18.85	--	16	30160	买盘
11:27:01	18.85	--	3	5655	买盘
11:25:46	18.85	--	34	64090	买盘
11:25:40	18.85	-0.01	8	15080	买盘
11:25:36	18.86	0.04	14	26404	买盘
11:25:10	18.82	--	15	28230	卖盘
11:24:40	18.82	--	5	9410	卖盘
11:24:31	18.82	0.01	5	9410	卖盘
11:24:25	18.81	-0.01	56	105336	卖盘
11:24:16	18.82	-0.01	44	82808	卖盘
11:24:06	18.83	--	0	0	卖盘
11:24:01	18.83	0.02	1	1882	中性盘
11:23:51	18.81	-0.05	34	63953	卖盘
11:23:46	18.86	--	0	0	买盘
11:23:36	18.86	0.03	50	94300	买盘
11:23:31	18.83	0.02	13	24478	买盘
11:23:25	18.81	--	37	69597	卖盘
11:23:21	18.81	-0.02	21	39501	卖盘
11:23:16	18.83	0.02	10	18830	买盘
11:23:06	18.81	--	31	58310	卖盘
11:23:01	18.81	0.01	4	7523	买盘
11:22:51	18.8	-0.03	10	18800	卖盘
11:22:46	18.83	0.03	24	45191	买盘
11:22:36	18.8	-0.01	96	180480	卖盘
11:22:31	18.81	--	109	205029	卖盘
11:22:25	18.81	--	0	0	卖盘
11:22:21	18.81	-0.01	100	188100	卖盘
11:22:16	18.82	--	34	63988	卖盘
11:21:40	18.82	--	0	0	卖盘
11:21:36	18.82	-0.01	100	188200	卖盘
11:21:19	18.83	-0.01	5	9415	卖盘
11:21:16	18.84	--	9	16956	卖盘
11:20:55	18.84	-0.01	18	33912	卖盘
11:20:25	18.85	--	199	375699	卖盘
11:20:10	18.85	--	0	1300	买盘
11:19:45	18.85	-0.01	32	60904	卖盘
11:19:40	18.86	--	1	1886	卖盘
11:18:15	18.86	--	1	1886	卖盘
11:18:10	18.86	-0.04	5	9430	卖盘
11:16:40	18.9	--	1	1889	买盘
11:16:00	18.9	0.04	27	51029	买盘
11:15:45	18.86	--	0	1301	买盘
11:15:25	18.86	-0.02	3	5658	买盘
11:14:34	18.88	--	0	604	卖盘
11:14:28	18.88	--	9	18275	买盘
11:13:54	18.88	--	0	0	买盘
11:13:13	18.88	--	9	17596	卖盘
11:13:09	18.88	-0.02	10	18880	卖盘
11:12:54	18.9	0.02	6	11340	买盘
11:12:49	18.88	0.02	22	42819	买盘
11:12:39	18.86	-0.02	5	9430	卖盘
11:12:34	18.88	--	0	0	买盘
11:11:49	18.88	0.04	32	60416	买盘
11:11:34	18.84	-0.03	28	52752	卖盘
11:11:24	18.87	0.01	40	75480	买盘
11:11:09	18.86	--	0	0	卖盘
11:11:04	18.86	--	28	52808	卖盘
11:10:49	18.86	-0.02	60	113160	卖盘
11:10:34	18.88	-0.01	68	128384	卖盘
11:10:24	18.89	--	3	5667	卖盘
11:08:58	18.89	-0.01	3	5667	卖盘
11:07:58	18.9	--	0	0	买盘
11:07:37	18.9	--	2	3779	买盘
11:07:33	18.9	--	0	0	中性盘
11:06:52	18.9	--	0	0	中性盘
11:06:48	18.9	--	0	0	卖盘
11:06:43	18.9	-0.01	51	96390	卖盘
11:06:13	18.91	-0.07	40	75640	卖盘
11:05:37	18.98	--	6	11388	卖盘
11:05:22	18.98	--	1	1898	卖盘
11:05:18	18.98	0.07	1	1898	买盘
11:04:52	18.91	-0.08	5	9455	卖盘
11:04:28	18.99	--	0	0	买盘
11:03:52	18.99	--	6	11393	卖盘
11:03:48	18.99	--	5	9495	卖盘
11:03:43	18.99	--	3	5696	卖盘
11:03:33	18.99	--	4	7595	卖盘
11:03:28	18.99	--	30	56969	买盘
11:02:58	18.99	--	136	258263	卖盘
11:02:28	18.99	--	84	159516	买盘
11:02:03	18.99	--	0	0	中性盘
11:01:47	18.99	--	2	3797	卖盘
11:01:42	18.99	--	10	18990	卖盘
11:01:31	18.99	-0.01	10	18990	卖盘
11:01:01	19.0	0.01	40	76000	买盘
11:00:37	18.99	-0.01	101	191798	卖盘
11:00:31	19.0	--	12	22800	买盘
11:00:16	19.0	--	1	1900	买盘
11:00:12	19.0	--	4	7600	买盘
11:00:01	19.0	0.01	5	9500	买盘
10:59:52	18.99	--	115	218384	卖盘
10:59:42	18.99	--	20	37980	卖盘
10:59:37	18.99	0.08	155	294345	买盘
10:59:22	18.91	-0.06	16	30256	卖盘
10:59:12	18.97	-0.02	40	75880	卖盘
10:58:57	18.99	0.02	21	39879	买盘
10:58:52	18.97	-0.02	10	18970	买盘
10:58:27	18.99	--	0	0	买盘
10:58:07	18.99	0.01	8	15191	买盘
10:57:57	18.98	--	11	20878	买盘
10:57:52	18.98	0.07	21	39858	买盘
10:57:42	18.91	--	43	81502	买盘
10:57:22	18.91	0.03	7	13237	买盘
10:57:07	18.88	--	9	16992	卖盘
10:56:52	18.88	--	1	1888	卖盘
10:56:37	18.88	-0.03	6	11328	卖盘
10:56:16	18.91	--	22	41602	买盘
10:56:07	18.91	--	10	18910	买盘
10:55:46	18.91	--	0	0	买盘
10:55:37	18.91	--	10	18910	买盘
10:55:12	18.91	--	0	0	买盘
10:55:07	18.91	--	5	9455	买盘
10:54:37	18.91	--	7	13237	买盘
10:54:22	18.91	--	8	15128	买盘
10:54:16	18.91	--	23	43493	买盘
10:54:10	18.91	0.04	18	34038	买盘
10:54:06	18.87	--	3	5661	买盘
10:53:40	18.87	-0.04	3	5661	卖盘
10:53:31	18.91	--	0	0	买盘
10:53:21	18.91	--	0	0	买盘
10:53:10	18.91	--	0	0	买盘
10:53:06	18.91	0.02	150	283650	买盘
10:52:51	18.89	--	17	32113	买盘
10:52:31	18.89	0.04	19	35891	买盘
10:52:16	18.85	--	0	508	买盘
10:52:10	18.85	--	4	7540	买盘
10:52:06	18.85	--	10	18850	买盘
10:52:01	18.85	--	1	1885	买盘
10:51:51	18.85	--	2	3770	买盘
10:51:46	18.85	-0.04	39	74891	卖盘
10:51:31	18.89	0.04	17	32113	买盘
10:51:21	18.85	--	0	0	卖盘
10:51:16	18.85	-0.05	13	24505	卖盘
10:51:05	18.9	--	19	35910	买盘
10:51:01	18.9	--	0	0	买盘
10:50:51	18.9	--	8	15119	买盘
10:50:46	18.9	0.05	11	20790	买盘
10:50:40	18.85	-0.03	38	72138	卖盘
10:50:16	18.88	0.03	2	3776	买盘
10:50:06	18.85	--	1	1885	卖盘
10:49:55	18.85	--	7	13195	卖盘
10:49:46	18.85	0.01	8	15080	卖盘
10:49:21	18.84	--	0	0	卖盘
10:49:01	18.84	--	0	942	卖盘
10:48:31	18.84	-0.04	0	942	卖盘
10:48:01	18.88	--	2	3776	卖盘
10:47:40	18.88	-0.02	7	13216	卖盘
10:47:19	18.9	--	20	37800	买盘
10:47:15	18.9	--	67	126629	买盘
10:46:40	18.9	-0.01	2	3779	买盘
10:46:30	18.91	--	0	0	买盘
10:46:25	18.91	0.03	50	94550	买盘
10:45:55	18.88	0.04	48	90624	买盘
10:45:45	18.84	--	1	1884	买盘
10:45:15	18.84	--	1	1884	买盘
10:44:55	18.84	--	0	0	买盘
10:44:40	18.84	0.01	50	94200	买盘
10:44:30	18.83	--	0	0	中性盘
10:44:04	18.83	0.01	6	11297	买盘
10:44:00	18.82	-0.01	12	22584	卖盘
10:43:55	18.83	0.01	2	3765	买盘
10:43:45	18.82	-0.01	4	7528	卖盘
10:43:40	18.83	--	10	18830	买盘
10:42:10	18.83	--	11	20712	买盘
10:42:04	18.83	--	106	199597	买盘
10:41:58	18.83	--	0	0	买盘
10:41:54	18.83	0.02	27	50840	买盘
10:41:24	18.81	--	0	0	中性盘
10:41:04	18.81	--	4	7523	买盘
10:40:54	18.81	--	26	48906	卖盘
10:40:49	18.81	--	0	0	卖盘
10:40:39	18.81	-0.01	5	9405	卖盘
10:40:34	18.82	0.01	2	3764	买盘
10:40:28	18.81	--	10	18810	卖盘
10:40:19	18.81	--	0	0	卖盘
10:40:04	18.81	--	10	18810	卖盘
10:39:39	18.81	-0.01	13	24453	卖盘
10:39:34	18.82	--	1	1882	买盘
10:39:24	18.82	0.02	10	18820	买盘
10:39:09	18.8	--	2	3760	卖盘
10:39:04	18.8	--	50	94000	卖盘
10:38:58	18.8	-0.02	2	3760	卖盘
10:38:54	18.82	0.02	10	18820	买盘
10:38:43	18.8	--	0	0	卖盘
10:38:39	18.8	-0.01	72	135360	卖盘
10:38:34	18.81	--	4	7523	卖盘
10:38:28	18.81	--	21	39501	卖盘
10:38:19	18.81	--	6	11286	卖盘
10:38:04	18.81	-0.01	111	208791	卖盘
10:37:49	18.82	--	2	3764	卖盘
10:37:34	18.82	-0.01	52	97864	卖盘
10:37:24	18.83	0.02	20	37660	买盘
10:37:19	18.81	-0.02	3	5643	卖盘
10:36:49	18.83	0.01	28	52723	买盘
10:36:43	18.82	--	1	1882	卖盘
10:36:39	18.82	--	14	26348	卖盘
10:36:34	18.82	--	40	75280	卖盘
10:36:28	18.82	--	4	7528	卖盘
10:36:19	18.82	-0.01	6	11292	卖盘
10:36:04	18.83	0.01	10	18830	买盘
10:35:54	18.82	--	60	112920	卖盘
10:35:39	18.82	--	4	7528	卖盘
10:35:34	18.82	-0.01	3	5646	卖盘
10:35:28	18.83	--	2	3765	买盘
10:35:22	18.83	--	40	75320	买盘
10:35:07	18.83	-0.01	6	11297	卖盘
10:34:58	18.84	--	15	28260	买盘
10:34:22	18.84	--	3	5652	买盘
10:34:17	18.84	--	4	7536	买盘
10:34:13	18.84	0.01	1	1884	买盘
10:33:58	18.83	--	20	37660	卖盘
10:33:07	18.83	-0.01	2	3765	卖盘
10:32:13	18.84	0.01	1	1884	买盘
10:32:03	18.83	-0.01	4	7531	卖盘
10:31:48	18.84	--	17	32028	卖盘
10:30:48	18.84	0.01	34	64056	买盘
10:30:33	18.83	-0.01	48	90383	卖盘
10:29:48	18.84	--	0	0	买盘
10:29:43	18.84	0.03	3	5652	买盘
10:29:22	18.81	--	0	0	卖盘
10:28:42	18.81	--	12	22572	卖盘
10:28:31	18.81	--	31	58310	卖盘
10:27:46	18.81	0.01	8	15047	买盘
10:27:42	18.8	--	65	122200	卖盘
10:27:37	18.8	--	9	16920	卖盘
10:27:27	18.8	-0.01	69	129720	卖盘
10:27:22	18.81	0.01	2	3761	买盘
10:27:12	18.8	-0.01	96	180480	卖盘
10:26:57	18.81	--	122	229481	卖盘
10:26:46	18.81	-0.03	79	148599	卖盘
10:26:42	18.84	0.02	7	13188	买盘
10:26:37	18.82	--	8	15056	卖盘
10:26:31	18.82	-0.02	4	7528	卖盘
10:26:16	18.84	--	0	0	买盘
10:26:12	18.84	0.03	3	5652	买盘
10:26:07	18.81	-0.03	70	131670	卖盘
10:26:01	18.84	--	59	111156	买盘
10:25:42	18.84	--	5	9420	买盘
10:25:27	18.84	--	25	47100	买盘
10:25:22	18.84	0.02	9	16956	买盘
10:25:16	18.82	0.01	1	1882	卖盘
10:24:57	18.81	--	0	0	卖盘
10:24:46	18.81	--	0	0	卖盘
10:24:42	18.81	-0.03	64	120383	卖盘
10:24:37	18.84	--	5	9420	卖盘
10:24:22	18.84	--	0	0	买盘
10:24:07	18.84	-0.02	104	195936	卖盘
10:24:01	18.86	0.01	19	35834	卖盘
10:23:26	18.85	--	0	0	卖盘
10:23:22	18.85	-0.05	9	16965	卖盘
10:22:56	18.9	--	14	26459	买盘
10:22:40	18.9	--	0	0	买盘
10:22:21	18.9	--	43	81270	买盘
10:22:16	18.9	--	0	0	买盘
10:22:10	18.9	0.05	2	3779	买盘
10:21:16	18.85	--	5	9425	买盘
10:21:06	18.85	-0.05	5	9425	买盘
10:21:01	18.9	0.05	27	51029	买盘
10:20:51	18.85	--	17	32045	买盘
10:20:46	18.85	--	2	5466	卖盘
10:20:40	18.85	-0.02	30	56550	卖盘
10:20:21	18.87	0.02	10	18870	买盘
10:20:16	18.85	--	11	20735	卖盘
10:19:55	18.85	--	3	5843	买盘
10:19:51	18.85	0.01	10	18850	买盘
10:19:46	18.84	-0.01	33	62172	卖盘
10:19:36	18.85	--	19	37511	卖盘
10:19:25	18.85	--	10	18850	卖盘
10:19:21	18.85	--	0	0	卖盘
10:19:10	18.85	-0.03	10	18850	卖盘
10:19:06	18.88	0.03	5	9440	买盘
10:19:01	18.85	-0.03	100	188500	卖盘
10:18:36	18.88	-0.02	12	22656	卖盘
10:18:31	18.9	--	1	1889	买盘
10:18:16	18.9	--	20	37800	卖盘
10:18:10	18.9	--	200	378000	卖盘
10:18:06	18.9	-0.01	9	17010	卖盘
10:17:35	18.91	--	16	30256	买盘
10:17:21	18.91	0.01	9	17019	买盘
10:17:16	18.9	-0.01	33	62369	卖盘
10:17:10	18.91	--	50	94550	买盘
10:17:01	18.91	0.01	18	34038	买盘
10:16:51	18.9	--	2	3779	卖盘
10:16:46	18.9	--	21	39690	买盘
10:16:21	18.9	-0.01	3	5670	卖盘
10:16:10	18.91	--	35	66185	买盘
10:16:04	18.91	--	10	18910	买盘
10:15:40	18.91	0.01	7	13237	买盘
10:15:00	18.9	0.02	11	20790	买盘
10:14:30	18.88	--	0	0	卖盘
10:13:55	18.88	-0.03	8	15104	卖盘
10:13:49	18.91	--	6	11346	买盘
10:13:45	18.91	--	0	0	买盘
10:13:19	18.91	0.01	190	359290	买盘
10:13:15	18.9	--	7	13229	买盘
10:13:04	18.9	--	10	18900	买盘
10:12:55	18.9	--	3	5670	买盘
10:12:45	18.9	--	18	34020	买盘
10:12:10	18.9	--	35	66150	买盘
10:12:04	18.9	0.03	19	35910	买盘
10:11:45	18.87	--	0	0	卖盘
10:11:40	18.87	--	9	16983	卖盘
10:11:34	18.87	--	11	20945	买盘
10:11:25	18.87	-0.01	19	35853	买盘
10:11:15	18.88	0.01	9	18691	卖盘
10:11:00	18.87	--	6	11510	买盘
10:10:55	18.87	--	17	32079	买盘
10:10:49	18.87	--	49	94161	买盘
10:10:40	18.87	--	23	43401	买盘
10:10:34	18.87	-0.03	42	79254	卖盘
10:10:24	18.9	0.02	5	9450	买盘
10:10:15	18.88	--	51	96288	卖盘
10:10:04	18.88	-0.02	1	1888	卖盘
10:09:43	18.9	--	33	62369	买盘
10:09:39	18.9	--	39	73710	卖盘
10:09:34	18.9	--	9	17010	买盘
10:09:28	18.9	0.03	11	20790	买盘
10:09:04	18.87	0.01	4	7548	买盘
10:08:58	18.86	--	52	98072	卖盘
10:08:54	18.86	--	56	105616	卖盘
10:08:28	18.86	--	4	7732	买盘
10:08:24	18.86	--	20	37720	卖盘
10:08:19	18.86	--	13	24518	卖盘
10:08:13	18.86	--	0	0	卖盘
10:08:09	18.86	--	85	160310	卖盘
10:07:58	18.86	--	1	1886	卖盘
10:07:54	18.86	--	2	3772	卖盘
10:07:39	18.86	0.02	8	15088	买盘
10:07:28	18.84	--	0	0	卖盘
10:07:24	18.84	-0.04	23	43332	卖盘
10:07:13	18.88	-0.02	5	9440	卖盘
10:07:09	18.9	--	7	13229	买盘
10:06:54	18.9	--	22	41580	卖盘
10:06:49	18.9	-0.01	17	32129	卖盘
10:06:39	18.91	--	15	30237	卖盘
10:06:28	18.91	-0.01	101	190991	卖盘
10:06:24	18.92	--	2	3784	买盘
10:06:09	18.92	--	4	7568	卖盘
10:06:04	18.92	--	10	18920	卖盘
10:05:58	18.92	--	10	18920	卖盘
10:05:34	18.92	--	2	3784	卖盘
10:05:28	18.92	--	7	13244	卖盘
10:05:03	18.92	--	30	56760	买盘
10:04:54	18.92	--	22	41624	卖盘
10:04:49	18.92	--	4	7568	卖盘
10:04:39	18.92	--	10	19544	卖盘
10:04:24	18.92	--	29	55511	卖盘
10:03:58	18.92	-0.01	10	19544	卖盘
10:03:48	18.93	--	2	3786	买盘
10:03:37	18.93	--	3	5679	买盘
10:03:33	18.93	--	6	11358	卖盘
10:03:22	18.93	--	0	0	卖盘
10:03:18	18.93	--	20	37860	卖盘
10:03:13	18.93	--	10	18930	卖盘
10:02:52	18.93	--	8	15144	卖盘
10:02:48	18.93	0.01	5	9465	买盘
10:02:43	18.92	--	10	18920	卖盘
10:02:28	18.92	--	39	73788	卖盘
10:02:18	18.92	--	30	56760	卖盘
10:02:13	18.92	--	0	0	卖盘
10:02:07	18.92	-0.01	20	37840	卖盘
10:01:58	18.93	0.01	3	5679	卖盘
10:01:33	18.92	--	25	47300	卖盘
10:01:07	18.92	--	5	9460	卖盘
10:00:58	18.92	--	10	18920	卖盘
10:00:52	18.92	--	10	18920	卖盘
10:00:43	18.92	-0.06	4	7568	卖盘
10:00:37	18.98	0.06	5	9490	买盘
10:00:18	18.92	-0.01	35	66220	卖盘
10:00:07	18.93	--	1	1893	卖盘
09:59:32	18.93	-0.05	50	94650	卖盘
09:58:47	18.98	--	0	0	买盘
09:58:33	18.98	--	0	0	买盘
09:58:18	18.98	0.01	10	18980	买盘
09:58:13	18.97	--	8	15176	卖盘
09:58:07	18.97	--	1	1897	卖盘
09:57:58	18.97	0.04	13	24661	买盘
09:57:52	18.93	--	1	1893	卖盘
09:57:48	18.93	-0.04	7	13251	卖盘
09:57:37	18.97	0.04	11	20867	买盘
09:57:31	18.93	--	1	1893	卖盘
09:57:22	18.93	-0.04	10	18930	卖盘
09:56:22	18.97	--	11	20867	买盘
09:56:12	18.97	--	5	9485	买盘
09:56:01	18.97	--	1	1897	买盘
09:55:46	18.97	--	8	15176	买盘
09:55:42	18.97	--	24	45528	卖盘
09:55:22	18.97	0.04	6	11382	买盘
09:55:07	18.93	--	1	1893	卖盘
09:54:52	18.93	--	0	0	卖盘
09:54:41	18.93	-0.05	4	7572	卖盘
09:54:37	18.98	0.01	13	24674	买盘
09:54:22	18.97	-0.01	8	15176	卖盘
09:54:07	18.98	--	55	104390	买盘
09:53:57	18.98	-0.02	170	324368	卖盘
09:53:42	19.0	0.02	29	55100	买盘
09:53:31	18.98	--	8	15184	卖盘
09:53:27	18.98	--	18	34164	卖盘
09:53:22	18.98	--	16	30368	卖盘
09:53:16	18.98	--	18	34164	卖盘
09:53:12	18.98	-0.01	56	106288	卖盘
09:52:57	18.99	0.01	10	18990	买盘
09:52:52	18.98	--	2	3796	卖盘
09:52:42	18.98	-0.01	3	5694	卖盘
09:52:31	18.99	0.01	52	98747	买盘
09:52:22	18.98	-0.01	12	24123	卖盘
09:52:12	18.99	--	5	9495	买盘
09:52:01	18.99	--	18	34182	买盘
09:51:56	18.99	--	64	121535	卖盘
09:51:37	18.99	--	10	18990	卖盘
09:51:16	18.99	--	4	7595	卖盘
09:51:10	18.99	--	10	18990	卖盘
09:51:06	18.99	0.01	12	22787	买盘
09:50:51	18.98	--	46	87308	卖盘
09:50:46	18.98	--	4	7592	卖盘
09:50:31	18.98	--	50	94900	卖盘
09:50:16	18.98	-0.02	20	37960	卖盘
09:50:10	19.0	--	7	13300	买盘
09:50:01	19.0	--	9	17100	卖盘
09:49:55	19.0	--	17	32300	卖盘
09:49:40	19.0	-0.01	37	70300	卖盘
09:49:36	19.01	0.01	28	53228	买盘
09:49:21	19.0	--	50	95000	卖盘
09:49:16	19.0	--	10	19000	卖盘
09:49:06	19.0	--	45	85500	卖盘
09:48:36	19.0	--	57	108300	卖盘
09:48:16	19.0	-0.02	8	15200	卖盘
09:48:10	19.02	0.02	14	26628	买盘
09:48:06	19.0	--	11	20900	卖盘
09:48:01	19.0	-0.01	37	70300	卖盘
09:47:55	19.01	0.01	10	19010	买盘
09:47:51	19.0	-0.01	50	95000	卖盘
09:47:31	19.01	--	37	70337	卖盘
09:47:16	19.01	-0.01	15	28515	卖盘
09:47:10	19.02	--	3	5706	卖盘
09:47:06	19.02	--	1	1902	卖盘
09:46:46	19.02	--	11	20922	买盘
09:46:36	19.02	0.01	4	7608	买盘
09:46:16	19.01	--	2	3802	卖盘
09:45:55	19.01	--	13	24713	买盘
09:45:51	19.01	--	39	74139	买盘
09:45:46	19.01	--	10	19010	买盘
09:45:36	19.01	--	10	19010	买盘
09:45:30	19.01	0.01	6	11406	买盘
09:45:25	19.0	--	34	64600	卖盘
09:45:20	19.0	--	33	62700	卖盘
09:45:00	19.0	0.02	106	201400	买盘
09:44:55	18.98	-0.01	10	18980	卖盘
09:44:49	18.99	--	126	240014	买盘
09:44:15	18.99	0.07	47	89252	买盘
09:44:10	18.92	--	100	189200	卖盘
09:43:55	18.92	--	0	0	卖盘
09:43:49	18.92	--	0	0	卖盘
09:43:30	18.92	-0.08	20	37840	卖盘
09:43:10	19.0	--	0	0	买盘
09:43:00	19.0	--	0	0	买盘
09:42:45	19.0	--	3	5700	中性盘
09:42:40	19.0	--	0	0	买盘
09:42:30	19.0	0.01	27	51300	买盘
09:42:25	18.99	--	0	0	买盘
09:42:15	18.99	0.08	9	17091	买盘
09:42:04	18.91	-0.01	80	151280	卖盘
09:41:59	18.92	--	9	17028	卖盘
09:41:45	18.92	0.01	6	11352	买盘
09:41:34	18.91	-0.01	3	5673	卖盘
09:41:30	18.92	0.01	27	51084	买盘
09:41:25	18.91	--	17	32165	买盘
09:41:15	18.91	0.01	25	47275	买盘
09:41:10	18.9	--	23	43470	卖盘
09:41:00	18.9	--	401	757890	卖盘
09:40:55	18.9	-0.01	54	102059	卖盘
09:40:45	18.91	--	9	17019	卖盘
09:40:39	18.91	--	1	1891	卖盘
09:40:25	18.91	-0.01	43	81313	卖盘
09:40:15	18.92	--	4	7568	买盘
09:40:04	18.92	--	10	18920	买盘
09:39:59	18.92	--	27	51084	买盘
09:39:54	18.92	--	3	5676	买盘
09:39:45	18.92	-0.07	23	43516	卖盘
09:39:39	18.99	--	0	0	买盘
09:39:29	18.99	--	7	13292	买盘
09:39:10	18.99	0.07	1	1898	买盘
09:38:59	18.92	-0.08	36	68112	卖盘
09:38:49	19.0	--	0	0	买盘
09:38:44	19.0	0.08	3	5700	买盘
09:38:34	18.92	-0.07	70	132440	卖盘
09:38:28	18.99	--	10	18990	卖盘
09:38:13	18.99	-0.01	1	1898	卖盘
09:37:54	19.0	-0.01	26	49400	卖盘
09:37:49	19.01	--	12	22812	买盘
09:37:43	19.01	--	3	5703	买盘
09:37:19	19.01	0.01	8	15208	卖盘
09:37:04	19.0	-0.01	35	66500	卖盘
09:36:58	19.01	--	9	17109	卖盘
09:36:39	19.01	--	0	0	卖盘
09:36:34	19.01	-0.04	13	24713	卖盘
09:36:09	19.05	0.04	3	5715	中性盘
09:35:54	19.01	-0.05	25	47525	卖盘
09:35:39	19.06	--	5	9530	买盘
09:35:34	19.06	--	0	0	买盘
09:35:28	19.06	--	5	9530	买盘
09:35:19	19.06	--	7	13342	买盘
09:35:09	19.06	0.05	3	5718	中性盘
09:35:04	19.01	--	4	7604	买盘
09:34:54	19.01	--	5	9505	买盘
09:34:49	19.01	--	0	0	买盘
09:34:43	19.01	-0.08	11	20911	卖盘
09:34:38	19.09	0.08	3	5727	买盘
09:34:33	19.01	-0.05	23	43723	卖盘
09:34:18	19.06	--	10	19060	买盘
09:34:13	19.06	0.06	15	28589	买盘
09:34:09	19.0	--	0	0	卖盘
09:34:03	19.0	--	10	19000	卖盘
09:33:58	19.0	-0.06	50	95000	卖盘
09:33:54	19.06	0.06	27	51462	买盘
09:33:48	19.0	--	1	1900	卖盘
09:33:39	19.0	--	120	228000	卖盘
09:33:33	19.0	-0.03	38	72200	卖盘
09:33:23	19.03	--	0	0	买盘
09:33:03	19.03	0.04	5	9515	中性盘
09:32:58	18.99	-0.01	50	94949	卖盘
09:32:53	19.0	0.01	6	11400	卖盘
09:32:48	18.99	--	0	0	卖盘
09:32:33	18.99	--	0	0	卖盘
09:32:22	18.99	--	20	37980	卖盘
09:32:13	18.99	0.01	10	18990	买盘
09:32:03	18.98	0.02	90	170820	买盘
09:31:58	18.96	0.03	20	37920	买盘
09:31:48	18.93	0.01	13	24609	中性盘
09:31:43	18.92	-0.04	1	1892	卖盘
09:31:18	18.96	--	0	0	买盘
09:31:07	18.96	0.06	2	3792	买盘
09:31:03	18.9	-0.06	80	151200	卖盘
09:30:58	18.96	--	21	39816	买盘
09:30:42	18.96	0.06	16	30336	买盘
09:30:37	18.9	-0.06	100	189000	卖盘
09:30:33	18.96	--	5	9480	买盘
09:30:28	18.96	-0.19	2	3792	中性盘
09:30:12	19.15	--	200	383000	买盘
09:30:07	19.15	0.25	626	1198790	买盘
09:30:02	18.9	--	383	723870	卖盘
09:28:47	18.9	--	0	0	卖盘
09:25:05	18.9	18.9	49	92610	买盘
