成交时间	成交价	价格变动	成交量(手)	成交额(元)	性质
15:00:00	66.35	--	0	0	买盘
15:00:00	66.35	0.05	0	0	买盘
15:00:00	66.3	-0.06	30	198900	卖盘
14:59:58	66.36	--	22	145992	买盘
14:59:53	66.36	-0.01	18	119448	卖盘
14:59:43	66.37	-0.01	6	39822	中性盘
14:59:37	66.38	--	13	86294	买盘
14:59:33	66.38	0.04	35	232329	买盘
14:59:28	66.34	--	11	72974	卖盘
14:59:18	66.34	--	7	46438	卖盘
14:59:13	66.34	0.04	17	112778	买盘
14:59:07	66.3	--	1	6630	卖盘
14:59:03	66.3	-0.04	153	1014390	卖盘
14:58:58	66.34	0.04	1	6634	买盘
14:58:52	66.3	-0.04	4	26520	卖盘
14:58:48	66.34	0.08	1	6634	买盘
14:58:43	66.26	0.03	3	19878	买盘
14:58:37	66.23	-0.07	100	662300	卖盘
14:58:33	66.3	--	3	19890	买盘
14:58:28	66.3	--	2	13260	买盘
14:58:22	66.3	--	0	0	买盘
14:58:13	66.3	0.07	3	19890	买盘
14:58:07	66.23	--	2	13246	卖盘
14:58:03	66.23	--	6	39738	卖盘
14:57:58	66.23	--	66	437118	卖盘
14:57:52	66.23	-0.03	13	86099	卖盘
14:57:48	66.26	0.03	25	165650	买盘
14:57:43	66.23	--	0	0	卖盘
14:57:37	66.23	--	5	33115	卖盘
14:57:33	66.23	--	2	13246	卖盘
14:57:28	66.23	--	15	99345	买盘
14:57:22	66.23	0.01	2	13246	买盘
14:57:18	66.22	0.01	85	567836	买盘
14:57:13	66.21	--	10	66210	买盘
14:57:07	66.21	0.01	1	6620	买盘
14:56:58	66.2	0.01	2	13240	买盘
14:56:52	66.19	--	3	19857	卖盘
14:56:43	66.19	0.01	10	67844	买盘
14:56:37	66.18	--	43	284574	卖盘
14:56:33	66.18	--	7	46326	卖盘
14:56:28	66.18	0.03	14	92652	买盘
14:56:18	66.15	--	10	66150	卖盘
14:56:13	66.15	0.01	59	390285	买盘
14:56:07	66.14	-0.01	7	46298	卖盘
14:56:03	66.15	--	3	19845	买盘
14:55:58	66.15	--	14	92610	买盘
14:55:52	66.15	--	3	19845	买盘
14:55:48	66.15	--	17	112455	卖盘
14:55:43	66.15	--	30	198450	卖盘
14:55:37	66.15	--	3	19845	卖盘
14:55:28	66.15	0.01	60	396900	买盘
14:55:22	66.14	--	28	185192	卖盘
14:55:18	66.14	--	1	6614	卖盘
14:55:13	66.14	-0.01	11	72754	卖盘
14:55:07	66.15	--	9	59535	买盘
14:55:03	66.15	--	3	19845	买盘
14:54:58	66.15	--	45	297675	卖盘
14:54:52	66.15	--	17	112455	卖盘
14:54:43	66.15	--	13	85995	卖盘
14:54:37	66.15	--	2	13230	买盘
14:54:32	66.15	--	5	33075	买盘
14:54:28	66.15	--	17	112455	买盘
14:54:22	66.15	-0.03	96	635040	卖盘
14:54:17	66.18	0.01	32	211776	买盘
14:54:13	66.17	-0.01	8	52936	卖盘
14:54:07	66.18	--	12	79416	买盘
14:54:02	66.18	--	5	33090	买盘
14:53:58	66.18	0.01	47	311046	买盘
14:53:52	66.17	-0.01	48	317616	卖盘
14:53:47	66.18	--	6	39708	卖盘
14:53:42	66.18	--	2	13236	买盘
14:53:37	66.18	0.01	15	99270	买盘
14:53:27	66.17	-0.01	2	13234	卖盘
14:53:22	66.18	--	41	271338	卖盘
14:53:17	66.18	--	8	52944	买盘
14:53:12	66.18	--	15	99270	买盘
14:53:07	66.18	--	1	6618	买盘
14:53:02	66.18	--	2	13236	买盘
14:52:57	66.18	-0.01	28	190267	卖盘
14:52:52	66.19	--	5	33095	买盘
14:52:47	66.19	0.01	36	238284	买盘
14:52:42	66.18	--	22	147250	卖盘
14:52:37	66.18	-0.01	15	99270	卖盘
14:52:27	66.19	--	1	6619	买盘
14:52:22	66.19	--	15	99285	卖盘
14:52:07	66.19	-0.01	41	271379	卖盘
14:51:57	66.2	--	33	218460	买盘
14:51:52	66.2	0.02	11	72820	买盘
14:51:46	66.18	--	0	0	卖盘
14:51:42	66.18	--	2	13236	卖盘
14:51:37	66.18	-0.04	66	436788	卖盘
14:51:27	66.22	0.03	38	251636	买盘
14:51:22	66.19	-0.01	24	160510	卖盘
14:51:16	66.2	--	2	13240	卖盘
14:51:12	66.2	--	2	18205	买盘
14:51:07	66.2	0.01	53	350860	买盘
14:51:01	66.19	-0.01	20	132380	卖盘
14:50:57	66.2	--	59	390580	买盘
14:50:52	66.2	--	6	39720	买盘
14:50:46	66.2	--	2	13240	买盘
14:50:42	66.2	-0.01	2	14895	卖盘
14:50:37	66.21	0.01	8	52967	买盘
14:50:31	66.2	--	7	46340	卖盘
14:50:27	66.2	--	16	105920	卖盘
14:50:22	66.2	--	41	276385	买盘
14:50:16	66.2	0.02	6	39720	买盘
14:50:12	66.18	-0.01	1	6618	卖盘
14:50:07	66.19	-0.01	1	6619	买盘
14:50:01	66.2	--	0	0	买盘
14:49:57	66.2	0.02	2	13240	买盘
14:49:52	66.18	-0.02	8	52944	卖盘
14:49:46	66.2	--	1	6620	买盘
14:49:37	66.2	--	5	33100	买盘
14:49:31	66.2	--	3	19860	买盘
14:49:22	66.2	--	225	1489500	卖盘
14:49:11	66.2	--	0	0	卖盘
14:49:07	66.2	-0.02	9	59580	买盘
14:49:01	66.22	0.03	5	33110	买盘
14:48:56	66.19	-0.02	50	330950	卖盘
14:48:46	66.21	0.01	2	13241	买盘
14:48:42	66.2	-0.01	16	105920	卖盘
14:48:37	66.21	-0.01	10	66210	卖盘
14:48:31	66.22	--	0	0	买盘
14:48:26	66.22	--	1	6622	买盘
14:48:22	66.22	0.02	1	6622	买盘
14:48:16	66.2	-0.02	24	158880	卖盘
14:48:11	66.22	0.02	1	6622	买盘
14:48:01	66.2	--	1	6620	卖盘
14:47:51	66.2	-0.02	13	86060	卖盘
14:47:46	66.22	0.02	14	92708	买盘
14:47:41	66.2	--	19	125780	买盘
14:47:37	66.2	0.01	11	72820	卖盘
14:47:31	66.19	0.01	9	59571	卖盘
14:47:26	66.18	-0.02	77	509586	卖盘
14:47:21	66.2	--	8	52960	买盘
14:47:16	66.2	--	14	92680	买盘
14:47:11	66.2	--	1	6620	买盘
14:47:07	66.2	--	18	119160	卖盘
14:47:01	66.2	-0.02	5	33100	卖盘
14:46:56	66.22	0.02	10	66220	买盘
14:46:51	66.2	0.01	4	26480	卖盘
14:46:46	66.19	-0.03	1	6619	卖盘
14:46:36	66.22	--	50	331100	买盘
14:46:31	66.22	0.02	17	112574	买盘
14:46:21	66.2	0.02	10	66200	中性盘
14:46:16	66.18	-0.02	63	416934	卖盘
14:46:06	66.2	-0.02	40	264800	卖盘
14:46:01	66.22	-0.01	30	198660	中性盘
14:45:56	66.23	0.03	32	211936	买盘
14:45:51	66.2	--	1	6620	卖盘
14:45:46	66.2	--	10	66200	卖盘
14:45:41	66.2	0.02	2	13240	卖盘
14:45:36	66.18	-0.02	31	205158	卖盘
14:45:31	66.2	--	12	79440	买盘
14:45:26	66.2	--	1	6620	买盘
14:45:21	66.2	--	3	19860	买盘
14:45:16	66.2	--	32	211840	买盘
14:45:10	66.2	0.03	3	19860	买盘
14:45:06	66.17	--	0	0	卖盘
14:45:01	66.17	-0.03	10	66170	卖盘
14:44:55	66.2	--	3	19860	买盘
14:44:51	66.2	0.01	8	52960	买盘
14:44:46	66.19	-0.01	2	13238	卖盘
14:44:40	66.2	--	2	13240	买盘
14:44:36	66.2	--	10	66200	买盘
14:44:31	66.2	-0.01	18	119160	卖盘
14:44:25	66.21	0.01	2	13241	买盘
14:44:21	66.2	--	20	132400	卖盘
14:44:16	66.2	-0.01	7	46340	卖盘
14:44:10	66.21	0.05	4	26483	买盘
14:44:06	66.16	--	83	549128	买盘
14:44:01	66.16	--	36	238176	买盘
14:43:55	66.16	-0.04	81	535896	卖盘
14:43:51	66.2	--	11	72820	买盘
14:43:46	66.2	--	3	19860	卖盘
14:43:36	66.2	--	6	39720	卖盘
14:43:31	66.2	0.01	10	66200	买盘
14:43:21	66.19	--	1	6619	卖盘
14:43:16	66.19	0.03	2	13238	买盘
14:43:10	66.16	--	2	13232	买盘
14:43:06	66.16	--	22	145552	卖盘
14:42:46	66.16	0.01	1	6616	卖盘
14:42:36	66.15	--	4	26460	买盘
14:42:31	66.15	--	5	33075	买盘
14:42:25	66.15	--	6	39690	卖盘
14:42:20	66.15	-0.05	25	165375	卖盘
14:42:16	66.2	--	0	0	买盘
14:42:10	66.2	0.04	14	92680	买盘
14:42:01	66.16	--	10	66160	卖盘
14:41:55	66.16	-0.05	4	26464	卖盘
14:41:50	66.21	0.01	2	13241	买盘
14:41:40	66.2	0.02	1	6620	买盘
14:41:35	66.18	-0.02	4	26472	中性盘
14:41:31	66.2	0.02	20	132400	买盘
14:41:25	66.18	--	1	6618	卖盘
14:41:16	66.18	--	5	33090	卖盘
14:41:10	66.18	-0.02	5	33090	卖盘
14:41:01	66.2	--	0	0	买盘
14:40:55	66.2	--	3	19860	买盘
14:40:46	66.2	--	21	139020	卖盘
14:40:40	66.2	--	17	112540	卖盘
14:40:31	66.2	--	43	284660	卖盘
14:40:25	66.2	--	0	0	卖盘
14:40:20	66.2	-0.01	10	66200	卖盘
14:40:16	66.21	-0.01	7	46346	卖盘
14:40:10	66.22	0.01	7	46354	买盘
14:40:05	66.21	-0.01	1	6620	卖盘
14:39:55	66.22	-0.01	5	33110	卖盘
14:39:50	66.23	--	6	39738	卖盘
14:39:31	66.23	--	3	19869	卖盘
14:39:25	66.23	-0.03	8	52984	卖盘
14:39:15	66.26	--	47	311422	买盘
14:39:00	66.26	-0.03	47	311422	卖盘
14:38:50	66.29	-0.01	11	72919	卖盘
14:38:45	66.3	--	4	26520	买盘
14:38:35	66.3	--	5	33150	卖盘
14:38:30	66.3	--	10	66300	买盘
14:38:25	66.3	--	4	26520	卖盘
14:38:20	66.3	-0.01	5	33150	卖盘
14:38:15	66.31	--	18	119358	买盘
14:38:10	66.31	--	6	39786	买盘
14:38:04	66.31	--	1	6631	卖盘
14:38:00	66.31	--	2	13262	卖盘
14:37:55	66.31	--	4	26524	卖盘
14:37:45	66.31	--	1	6631	卖盘
14:37:40	66.31	-0.01	7	46417	卖盘
14:37:34	66.32	--	3	19895	买盘
14:37:25	66.32	--	14	92847	卖盘
14:37:19	66.32	-0.01	1	6631	卖盘
14:37:15	66.33	--	1	6633	买盘
14:36:49	66.33	--	21	139293	卖盘
14:36:34	66.33	-0.01	3	19899	卖盘
14:36:25	66.34	0.01	2	13268	中性盘
14:36:15	66.33	-0.01	11	72963	卖盘
14:36:10	66.34	--	0	0	中性盘
14:36:00	66.34	-0.04	2	13268	卖盘
14:35:55	66.38	--	1	6638	买盘
14:35:49	66.38	0.01	1	6638	买盘
14:35:45	66.37	-0.01	4	26548	卖盘
14:35:40	66.38	--	12	79656	买盘
14:35:30	66.38	-0.02	4	26552	卖盘
14:35:25	66.4	0.02	5	33200	买盘
14:35:19	66.38	-0.02	6	39828	卖盘
14:35:10	66.4	--	12	79680	卖盘
14:35:04	66.4	--	0	0	卖盘
14:34:55	66.4	--	12	79680	卖盘
14:34:49	66.4	--	0	0	卖盘
14:34:34	66.4	0.03	3	19920	买盘
14:34:29	66.37	-0.03	2	13274	卖盘
14:34:25	66.4	0.03	5	33200	买盘
14:34:10	66.37	0.03	30	199110	买盘
14:34:04	66.34	-0.03	1	6634	卖盘
14:33:49	66.37	-0.01	19	126103	买盘
14:33:40	66.38	--	0	0	买盘
14:33:34	66.38	--	2	13276	买盘
14:33:25	66.38	--	1	6638	买盘
14:33:14	66.38	--	0	0	买盘
14:33:10	66.38	-0.02	1	6638	卖盘
14:32:59	66.4	--	1	6640	买盘
14:32:49	66.4	--	1	6640	买盘
14:32:39	66.4	-0.1	4	26560	买盘
14:32:24	66.5	--	0	0	买盘
14:32:09	66.5	--	0	0	买盘
14:31:59	66.5	--	0	0	买盘
14:31:49	66.5	--	3	19950	买盘
14:31:34	66.5	0.2	2	13300	买盘
14:31:19	66.3	--	0	0	卖盘
14:31:04	66.3	-0.06	26	172380	卖盘
14:30:58	66.36	0.06	3	19908	买盘
14:30:54	66.3	--	3	19890	买盘
14:30:49	66.3	--	18	119340	买盘
14:30:43	66.3	--	1	6630	买盘
14:30:39	66.3	--	2	13260	买盘
14:30:34	66.3	--	28	185640	买盘
14:30:28	66.3	-0.03	63	417690	卖盘
14:30:19	66.33	0.03	4	26532	买盘
14:30:09	66.3	--	0	0	卖盘
14:29:54	66.3	--	3	19890	买盘
14:29:49	66.3	0.01	4	26520	买盘
14:29:34	66.29	--	14	92806	买盘
14:29:28	66.29	--	19	125951	买盘
14:29:24	66.29	--	8	53032	买盘
14:29:19	66.29	--	3	19887	买盘
14:29:13	66.29	--	3	19887	买盘
14:29:09	66.29	0.02	5	33145	买盘
14:28:58	66.27	--	6	39762	买盘
14:28:54	66.27	--	20	132540	买盘
14:28:49	66.27	--	11	72897	买盘
14:28:34	66.27	--	5	33135	买盘
14:28:28	66.27	--	32	212064	买盘
14:28:13	66.27	--	2	13254	买盘
14:28:08	66.27	0.02	7	46389	买盘
14:28:04	66.25	-0.02	8	53000	卖盘
14:27:58	66.27	0.02	2	13254	买盘
14:27:49	66.25	-0.02	5	33125	卖盘
14:27:43	66.27	0.01	16	106032	买盘
14:27:38	66.26	--	2	13252	买盘
14:27:34	66.26	-0.01	21	139146	卖盘
14:27:28	66.27	--	30	198810	买盘
14:27:19	66.27	0.01	23	152421	买盘
14:27:13	66.26	-0.01	16	106016	卖盘
14:27:08	66.27	--	6	39762	买盘
14:27:04	66.27	--	17	112659	买盘
14:26:58	66.27	0.02	2	13254	买盘
14:26:49	66.25	--	0	0	卖盘
14:26:33	66.25	--	0	0	卖盘
14:26:28	66.25	--	0	0	中性盘
14:26:23	66.25	--	0	0	中性盘
14:26:19	66.25	--	7	46375	买盘
14:26:13	66.25	0.04	1	6625	买盘
14:26:08	66.21	-0.04	16	105935	卖盘
14:26:04	66.25	--	1	6625	买盘
14:25:58	66.25	--	14	92750	买盘
14:25:48	66.25	0.05	3	19875	买盘
14:25:43	66.2	0.01	10	66200	买盘
14:25:33	66.19	--	2	13238	买盘
14:25:28	66.19	-0.01	13	86047	买盘
14:25:23	66.2	--	0	0	买盘
14:25:18	66.2	0.04	5	33100	买盘
14:25:13	66.16	-0.02	10	66160	卖盘
14:25:03	66.18	--	0	0	中性盘
14:24:58	66.18	0.03	14	92652	买盘
14:24:53	66.15	--	0	0	卖盘
14:24:38	66.15	--	0	0	卖盘
14:24:33	66.15	--	23	152145	卖盘
14:24:28	66.15	--	3	19845	卖盘
14:24:23	66.15	--	13	85995	卖盘
14:24:18	66.15	--	7	46305	买盘
14:24:13	66.15	--	1	6615	买盘
14:24:03	66.15	0.03	25	165375	买盘
14:23:58	66.12	--	4	26448	卖盘
14:23:52	66.12	-0.03	5	33060	卖盘
14:23:43	66.15	--	5	33075	买盘
14:23:33	66.15	0.03	41	271215	买盘
14:23:28	66.12	-0.06	2	14546	卖盘
14:23:22	66.18	--	0	0	买盘
14:23:13	66.18	0.05	2	13236	买盘
14:23:07	66.13	--	0	0	中性盘
14:23:03	66.13	-0.03	40	264520	卖盘
14:22:58	66.16	-0.04	11	72776	中性盘
14:22:48	66.2	--	0	0	买盘
14:22:43	66.2	0.02	19	131076	买盘
14:22:33	66.18	-0.07	103	681654	卖盘
14:22:18	66.25	0.01	3	19875	卖盘
14:22:07	66.24	--	1	6623	买盘
14:22:03	66.24	-0.03	17	112607	卖盘
14:21:58	66.27	-0.01	4	26508	买盘
14:21:48	66.28	-0.01	10	66280	卖盘
14:21:43	66.29	--	5	33145	买盘
14:21:37	66.29	0.01	20	132580	买盘
14:21:33	66.28	-0.01	1	6628	卖盘
14:21:28	66.29	--	2	13258	买盘
14:21:22	66.29	--	26	172354	买盘
14:21:17	66.29	0.01	10	66290	买盘
14:21:13	66.28	--	7	46396	买盘
14:21:07	66.28	--	6	39768	买盘
14:21:02	66.28	0.01	5	33140	买盘
14:20:58	66.27	--	0	0	中性盘
14:20:52	66.27	-0.01	5	33135	卖盘
14:20:37	66.28	--	9	59652	买盘
14:20:32	66.28	--	0	0	买盘
14:20:27	66.28	-0.01	51	338028	卖盘
14:20:22	66.29	--	4	26516	买盘
14:20:13	66.29	0.03	5	33145	买盘
14:20:07	66.26	-0.03	10	66260	卖盘
14:20:02	66.29	--	1	6629	买盘
14:19:57	66.29	0.03	5	33145	买盘
14:19:52	66.26	-0.03	4	26504	卖盘
14:19:47	66.29	--	3	19887	买盘
14:19:32	66.29	--	20	132580	买盘
14:19:28	66.29	--	0	0	买盘
14:19:22	66.29	--	5	33145	买盘
14:19:12	66.29	0.04	88	583352	买盘
14:19:07	66.25	--	13	86125	买盘
14:19:02	66.25	--	5	33125	中性盘
14:18:57	66.25	--	10	66250	买盘
14:18:52	66.25	0.01	16	106000	买盘
14:18:47	66.24	-0.01	1	6623	卖盘
14:18:42	66.25	0.03	14	92750	买盘
14:18:37	66.22	-0.02	48	317856	卖盘
14:18:32	66.24	-0.01	2	13247	卖盘
14:18:27	66.25	0.01	4	26500	买盘
14:18:22	66.24	--	4	27820	买盘
14:18:17	66.24	--	30	198719	买盘
14:18:12	66.24	--	5	33120	买盘
14:18:07	66.24	--	0	0	买盘
14:18:02	66.24	0.04	93	616032	中性盘
14:17:57	66.2	-0.05	61	403820	卖盘
14:17:42	66.25	-0.05	30	198750	卖盘
14:17:37	66.3	0.01	10	66300	买盘
14:17:32	66.29	-0.01	2	13258	卖盘
14:17:27	66.3	-0.03	3	19890	中性盘
14:17:22	66.33	--	0	0	买盘
14:17:12	66.33	0.03	6	39798	买盘
14:17:07	66.3	--	8	53040	卖盘
14:16:57	66.3	--	0	0	卖盘
14:16:52	66.3	-0.04	18	119340	卖盘
14:16:42	66.34	-0.01	4	26536	卖盘
14:16:31	66.35	--	1	6634	买盘
14:16:22	66.35	-0.05	45	298575	卖盘
14:16:12	66.4	--	6	39840	卖盘
14:16:07	66.4	0.02	16	106240	买盘
14:16:01	66.38	--	2	13276	卖盘
14:15:57	66.38	-0.01	7	46466	卖盘
14:15:52	66.39	--	9	59751	卖盘
14:15:46	66.39	--	2	13278	卖盘
14:15:37	66.39	--	11	73029	卖盘
14:15:31	66.39	--	0	0	卖盘
14:15:27	66.39	-0.07	3	19917	卖盘
14:15:16	66.46	--	0	0	买盘
14:15:12	66.46	0.06	34	225963	买盘
14:15:07	66.4	-0.05	16	106240	卖盘
14:15:01	66.45	--	2	13290	卖盘
14:14:57	66.45	-0.01	17	112965	卖盘
14:14:52	66.46	-0.01	15	99689	卖盘
14:14:46	66.47	0.01	1	6647	买盘
14:14:42	66.46	-0.01	1	6645	卖盘
14:14:27	66.47	-0.03	48	319056	卖盘
14:14:22	66.5	--	10	66500	卖盘
14:14:12	66.5	0.02	5	33250	卖盘
14:14:07	66.48	-0.02	3	19944	买盘
14:14:01	66.5	--	72	478800	买盘
14:13:52	66.5	--	7	46550	买盘
14:13:46	66.5	0.03	1	6650	买盘
14:13:41	66.47	-0.03	1	6647	卖盘
14:13:31	66.5	--	0	0	买盘
14:13:16	66.5	--	2	13300	买盘
14:13:06	66.5	--	10	66500	买盘
14:12:46	66.5	-0.06	16	106400	卖盘
14:12:36	66.56	0.06	5	33280	买盘
14:12:16	66.5	--	1	6650	中性盘
14:12:06	66.5	--	0	0	中性盘
14:12:01	66.5	0.05	1	6650	买盘
14:11:56	66.45	--	5	33225	买盘
14:11:51	66.45	-0.15	6	39870	卖盘
14:11:46	66.6	--	0	0	买盘
14:11:41	66.6	--	0	0	买盘
14:11:31	66.6	0.15	53	352979	买盘
14:11:16	66.45	0.05	1	6645	中性盘
14:11:06	66.4	--	0	0	卖盘
14:11:01	66.4	-0.02	5	33200	卖盘
14:10:56	66.42	0.02	1	6642	卖盘
14:10:51	66.4	0.02	20	132800	卖盘
14:10:41	66.38	--	0	0	卖盘
14:10:31	66.38	--	0	0	卖盘
14:10:26	66.38	-0.02	5	33190	卖盘
14:10:21	66.4	--	10	66400	卖盘
14:10:16	66.4	--	4	26560	买盘
14:10:11	66.4	0.02	1	6640	买盘
14:10:06	66.38	-0.02	31	205778	卖盘
14:10:01	66.4	0.02	10	66400	买盘
14:09:51	66.38	-0.01	14	92932	卖盘
14:09:46	66.39	-0.01	9	59751	中性盘
14:09:40	66.4	0.01	10	66400	买盘
14:09:36	66.39	0.01	3	19917	卖盘
14:09:31	66.38	-0.02	5	33190	卖盘
14:09:21	66.4	--	2	13280	买盘
14:09:10	66.4	-0.21	54	358560	卖盘
14:09:06	66.61	-0.02	6	39966	卖盘
14:08:40	66.63	0.03	19	126596	买盘
14:08:36	66.6	--	3	19980	卖盘
14:08:31	66.6	--	0	0	卖盘
14:08:16	66.6	-0.01	2	13319	卖盘
14:08:05	66.61	-0.02	4	26644	卖盘
14:08:01	66.63	--	7	46641	买盘
14:07:55	66.63	--	0	0	买盘
14:07:51	66.63	--	27	179901	买盘
14:07:31	66.63	--	20	133260	买盘
14:07:20	66.63	--	0	0	买盘
14:07:16	66.63	--	0	0	买盘
14:07:05	66.63	0.03	1	6663	买盘
14:07:01	66.6	--	5	33300	卖盘
14:06:55	66.6	0.02	1	6659	卖盘
14:06:45	66.58	--	0	0	卖盘
14:06:35	66.58	-0.02	14	93212	卖盘
14:06:31	66.6	0.01	20	133200	买盘
14:06:25	66.59	-0.01	2	13318	买盘
14:06:20	66.6	--	0	0	买盘
14:06:16	66.6	--	9	59939	买盘
14:05:55	66.6	--	2	13319	买盘
14:05:45	66.6	-0.04	1	6659	卖盘
14:05:30	66.64	-0.04	19	126616	卖盘
14:05:15	66.68	-0.02	15	100020	卖盘
14:04:55	66.7	--	10	66700	卖盘
14:04:45	66.7	-0.03	4	26680	卖盘
14:04:25	66.73	-0.02	1	6673	卖盘
14:04:15	66.75	0.01	3	20025	买盘
14:04:05	66.74	-0.01	1	6673	卖盘
14:04:00	66.75	0.01	9	60075	买盘
14:03:55	66.74	-0.01	3	20022	卖盘
14:03:50	66.75	0.01	4	26700	买盘
14:03:40	66.74	-0.01	1	6673	卖盘
14:03:15	66.75	--	16	106800	卖盘
14:03:10	66.75	--	1	6675	卖盘
14:03:05	66.75	--	2	13350	卖盘
14:03:00	66.75	--	5	33375	卖盘
14:02:55	66.75	--	3	20025	卖盘
14:02:34	66.75	--	2	13350	卖盘
14:02:15	66.75	-0.05	15	100125	卖盘
14:02:10	66.8	0.06	32	213760	买盘
14:02:04	66.74	-0.01	5	33370	卖盘
14:02:00	66.75	-0.14	5	33375	卖盘
14:01:55	66.89	--	0	0	中性盘
14:01:49	66.89	0.14	4	26756	买盘
14:01:45	66.75	-0.15	2	13350	卖盘
14:01:40	66.9	--	0	0	买盘
14:01:30	66.9	0.15	3	20070	买盘
14:01:25	66.75	--	0	0	卖盘
14:01:15	66.75	-0.18	14	93450	卖盘
14:01:09	66.93	--	0	0	买盘
14:01:00	66.93	--	10	66930	买盘
14:00:55	66.93	0.18	1	6693	买盘
14:00:45	66.75	-0.18	6	40050	卖盘
14:00:40	66.93	--	0	0	买盘
14:00:30	66.93	0.23	4	26772	买盘
14:00:25	66.7	--	30	200100	买盘
14:00:19	66.7	-0.03	70	466900	卖盘
14:00:14	66.73	--	0	0	卖盘
14:00:09	66.73	0.03	7	46711	买盘
14:00:04	66.7	--	2	13340	买盘
13:59:59	66.7	0.05	3	20010	买盘
13:59:55	66.65	--	0	0	中性盘
13:59:49	66.65	--	16	106640	买盘
13:59:44	66.65	--	6	39990	买盘
13:59:40	66.65	0.06	5	33325	买盘
13:59:34	66.59	-0.06	68	452812	卖盘
13:59:29	66.65	0.06	50	333250	买盘
13:59:25	66.59	--	7	46613	买盘
13:59:09	66.59	--	6	39954	买盘
13:59:04	66.59	--	4	26636	买盘
13:58:59	66.59	0.13	4	26636	买盘
13:58:54	66.46	-0.19	25	166149	卖盘
13:58:49	66.65	--	22	146630	买盘
13:58:44	66.65	0.05	36	239940	买盘
13:58:39	66.6	0.06	2	13319	买盘
13:58:34	66.54	0.04	2	13308	买盘
13:58:24	66.5	0.05	28	186200	买盘
13:58:19	66.45	--	17	112965	买盘
13:58:14	66.45	--	58	385410	买盘
13:58:09	66.45	--	49	325605	买盘
13:58:04	66.45	--	16	106320	买盘
13:57:59	66.45	0.03	40	265800	买盘
13:57:55	66.42	--	5	33210	卖盘
13:57:39	66.42	0.02	31	205902	买盘
13:57:34	66.4	-0.02	2	13280	卖盘
13:57:29	66.42	0.02	5	33210	买盘
13:57:24	66.4	--	2	13280	卖盘
13:57:14	66.4	--	19	126160	买盘
13:57:09	66.4	--	17	112880	买盘
13:56:54	66.4	--	0	0	买盘
13:56:49	66.4	0.02	10	66400	买盘
13:56:39	66.38	-0.03	1	6638	卖盘
13:56:34	66.41	--	4	26564	买盘
13:56:29	66.41	--	1	6641	买盘
13:56:24	66.41	--	18	119538	买盘
13:56:19	66.41	-0.01	12	79692	卖盘
13:56:04	66.42	--	5	33210	卖盘
13:55:44	66.42	--	0	0	卖盘
13:55:39	66.42	-0.03	2	13284	卖盘
13:55:34	66.45	--	0	0	买盘
13:55:18	66.45	-0.03	7	46515	卖盘
13:55:09	66.48	--	0	0	买盘
13:55:04	66.48	--	5	33240	买盘
13:54:54	66.48	-0.03	8	53184	卖盘
13:54:39	66.51	0.06	4	26604	买盘
13:54:33	66.45	--	0	0	卖盘
13:54:28	66.45	--	21	139545	卖盘
13:54:24	66.45	-0.05	14	93030	卖盘
13:54:13	66.5	0.04	3	19950	买盘
13:54:08	66.46	-0.08	2	13291	卖盘
13:53:54	66.54	-0.04	3	19962	卖盘
13:53:43	66.58	--	7	46606	买盘
13:53:33	66.58	--	1	6658	卖盘
13:53:28	66.58	--	1	6658	卖盘
13:53:23	66.58	0.03	1	6658	卖盘
13:53:18	66.55	--	0	0	中性盘
13:53:13	66.55	--	7	46585	卖盘
13:52:58	66.55	--	4	26620	卖盘
13:52:48	66.55	0.1	51	339405	买盘
13:52:43	66.45	--	0	0	卖盘
13:52:38	66.45	--	0	0	卖盘
13:52:33	66.45	--	0	0	卖盘
13:52:23	66.45	--	3	19935	卖盘
13:52:18	66.45	--	24	159480	卖盘
13:52:03	66.45	--	1	6645	买盘
13:51:58	66.45	--	3	19935	买盘
13:51:53	66.45	--	39	259155	买盘
13:51:43	66.45	0.02	2	13290	买盘
13:51:33	66.43	--	3	19929	卖盘
13:51:28	66.43	0.03	5	33215	买盘
13:51:23	66.4	0.02	3	19920	买盘
13:51:18	66.38	--	17	112845	卖盘
13:51:13	66.38	-0.02	16	106208	卖盘
13:51:03	66.4	0.01	32	212480	买盘
13:50:58	66.39	-0.01	1	6639	买盘
13:50:53	66.4	--	0	0	买盘
13:50:48	66.4	0.05	5	33200	买盘
13:50:43	66.35	-0.05	5	33175	卖盘
13:50:33	66.4	0.02	27	179280	买盘
13:50:28	66.38	-0.02	1	6638	卖盘
13:50:13	66.4	0.05	5	33200	买盘
13:50:08	66.35	--	0	0	卖盘
13:50:03	66.35	-0.06	4	26539	卖盘
13:49:48	66.41	0.06	3	19923	买盘
13:49:43	66.35	--	0	0	卖盘
13:49:38	66.35	-0.1	51	338385	卖盘
13:49:28	66.45	0.01	5	33225	买盘
13:49:18	66.44	0.02	8	53152	卖盘
13:49:13	66.42	-0.03	2	13284	中性盘
13:49:08	66.45	--	5	33225	买盘
13:49:03	66.45	--	0	0	买盘
13:48:48	66.45	0.05	51	338895	买盘
13:48:43	66.4	-0.13	38	252320	卖盘
13:48:37	66.53	0.13	8	53224	买盘
13:48:28	66.4	--	0	0	卖盘
13:48:22	66.4	--	0	0	卖盘
13:48:18	66.4	-0.05	5	33200	卖盘
13:48:13	66.45	0.04	8	53160	买盘
13:47:58	66.41	-0.04	16	106256	卖盘
13:47:52	66.45	0.05	20	132900	买盘
13:47:33	66.4	--	6	39840	买盘
13:47:28	66.4	0.03	5	33200	买盘
13:47:22	66.37	-0.03	16	106192	卖盘
13:47:18	66.4	--	0	0	买盘
13:47:12	66.4	0.02	27	179280	买盘
13:47:03	66.38	0.02	10	66380	买盘
13:46:57	66.36	--	0	0	卖盘
13:46:52	66.36	-0.04	1	6636	卖盘
13:46:42	66.4	--	3	19920	买盘
13:46:33	66.4	0.18	4	26560	买盘
13:46:27	66.22	--	0	0	卖盘
13:46:22	66.22	0.03	12	79464	卖盘
13:46:07	66.19	-0.17	120	794280	卖盘
13:46:02	66.36	0.17	4	26544	卖盘
13:45:57	66.19	0.01	2	13238	中性盘
13:45:52	66.18	--	4	26472	卖盘
13:45:42	66.18	--	26	172068	买盘
13:45:37	66.18	--	26	172068	买盘
13:45:32	66.18	--	42	277956	买盘
13:45:27	66.18	--	11	72798	买盘
13:45:22	66.18	0.01	31	205158	买盘
13:45:17	66.17	0.04	48	317616	买盘
13:45:12	66.13	-0.05	123	813399	卖盘
13:44:57	66.18	--	53	350754	买盘
13:44:52	66.18	0.08	71	469878	买盘
13:44:47	66.1	-0.01	2	13219	卖盘
13:44:42	66.11	0.01	3	19833	买盘
13:44:37	66.1	-0.08	3	19830	买盘
13:44:32	66.18	0.05	18	119124	买盘
13:44:27	66.13	--	6	39678	卖盘
13:44:22	66.13	-0.05	49	324037	中性盘
13:44:12	66.18	0.07	18	119124	买盘
13:44:07	66.11	--	20	132220	卖盘
13:44:02	66.11	-0.18	1	6611	卖盘
13:43:57	66.29	0.11	2	13258	买盘
13:43:52	66.18	0.07	3	19854	买盘
13:43:42	66.11	0.05	7	46277	中性盘
13:43:37	66.06	-0.12	32	211392	卖盘
13:43:27	66.18	0.08	39	258102	买盘
13:43:22	66.1	-0.08	11	72710	卖盘
13:43:17	66.18	--	11	72798	买盘
13:43:12	66.18	--	3	19854	买盘
13:43:07	66.18	-0.12	50	330900	卖盘
13:43:02	66.3	0.09	23	152490	买盘
13:42:57	66.21	-0.09	4	26483	卖盘
13:42:52	66.3	--	11	72930	买盘
13:42:47	66.3	--	3	19890	买盘
13:42:42	66.3	--	64	424320	卖盘
13:42:37	66.3	--	8	53040	卖盘
13:42:32	66.3	-0.06	3	19890	卖盘
13:42:27	66.36	--	57	378252	买盘
13:42:22	66.36	--	10	66360	买盘
13:42:17	66.36	0.06	6	39816	中性盘
13:42:12	66.3	-0.1	75	497250	卖盘
13:42:07	66.4	0.04	2	13280	买盘
13:41:57	66.36	--	13	86268	卖盘
13:41:52	66.36	--	55	364980	卖盘
13:41:42	66.36	0.01	13	86268	卖盘
13:41:37	66.35	-0.01	3	19905	卖盘
13:41:32	66.36	--	5	33180	买盘
13:41:27	66.36	-0.04	5	33180	卖盘
13:41:22	66.4	0.04	2	13280	买盘
13:41:17	66.36	-0.04	1	6636	卖盘
13:41:12	66.4	--	2	13280	买盘
13:41:07	66.4	--	14	92960	买盘
13:40:57	66.4	0.06	6	39840	买盘
13:40:52	66.34	--	0	0	卖盘
13:40:46	66.34	-0.06	12	79608	卖盘
13:40:42	66.4	0.01	10	66400	买盘
13:40:37	66.39	--	1	6639	卖盘
13:40:31	66.39	0.07	1	6639	买盘
13:40:27	66.32	-0.01	15	99479	卖盘
13:40:21	66.33	-0.05	11	72963	卖盘
13:40:16	66.38	0.03	4	26552	卖盘
13:40:06	66.35	--	1	6634	买盘
13:40:01	66.35	-0.04	3	19905	卖盘
13:39:57	66.39	0.01	4	26556	买盘
13:39:51	66.38	-0.01	17	112845	卖盘
13:39:41	66.39	--	4	26556	卖盘
13:39:36	66.39	-0.01	13	86307	中性盘
13:39:31	66.4	--	1	6640	买盘
13:39:27	66.4	--	35	232400	买盘
13:39:21	66.4	--	5	33200	买盘
13:39:16	66.4	--	15	99600	买盘
13:39:11	66.4	--	1	6640	买盘
13:39:06	66.4	-0.15	177	1175280	卖盘
13:39:01	66.55	0.03	1	6655	买盘
13:38:56	66.52	--	4	26608	卖盘
13:38:46	66.52	0.11	8	53216	买盘
13:38:36	66.41	-0.11	200	1328200	卖盘
13:38:31	66.52	0.02	11	73172	买盘
13:38:26	66.5	--	0	0	中性盘
13:38:21	66.5	--	5	33250	卖盘
13:38:16	66.5	-0.02	2	13300	卖盘
13:38:11	66.52	--	8	53216	买盘
13:38:06	66.52	0.02	9	59868	买盘
13:38:01	66.5	-0.02	10	66500	卖盘
13:37:56	66.52	--	5	33260	买盘
13:37:51	66.52	0.02	19	126387	买盘
13:37:46	66.5	-0.02	10	66500	卖盘
13:37:41	66.52	--	2	13304	买盘
13:37:36	66.52	--	5	33260	买盘
13:37:26	66.52	--	0	0	买盘
13:37:21	66.52	0.01	13	86476	买盘
13:37:16	66.51	--	17	113067	卖盘
13:37:11	66.51	-0.01	2	13302	卖盘
13:37:06	66.52	--	3	19956	买盘
13:37:01	66.52	0.01	11	73172	买盘
13:36:56	66.51	--	4	26604	卖盘
13:36:51	66.51	-0.01	14	93114	卖盘
13:36:46	66.52	--	4	26608	买盘
13:36:41	66.52	-0.01	10	66520	卖盘
13:36:36	66.53	0.01	32	212896	买盘
13:36:31	66.52	--	0	0	卖盘
13:36:26	66.52	-0.01	15	99780	卖盘
13:36:16	66.53	-0.07	3	19959	卖盘
13:36:11	66.6	--	0	0	中性盘
13:36:06	66.6	--	7	46619	卖盘
13:36:01	66.6	-0.05	1	6659	卖盘
13:35:51	66.65	-0.01	47	313255	买盘
13:35:46	66.66	0.01	57	379962	中性盘
13:35:41	66.65	-0.01	32	213280	卖盘
13:35:26	66.66	-0.04	30	199980	卖盘
13:35:21	66.7	--	0	0	买盘
13:35:16	66.7	0.02	1	6670	买盘
13:35:11	66.68	-0.02	2	13336	卖盘
13:35:01	66.7	--	8	53360	卖盘
13:34:56	66.7	-0.01	25	166750	卖盘
13:34:36	66.71	--	2	13341	买盘
13:34:31	66.71	0.01	2	13341	卖盘
13:34:25	66.7	--	0	0	卖盘
13:34:16	66.7	--	24	160080	卖盘
13:34:10	66.7	--	0	0	卖盘
13:34:01	66.7	--	0	0	卖盘
13:33:55	66.7	--	16	106720	卖盘
13:33:45	66.7	--	7	46690	卖盘
13:33:40	66.7	--	4	26680	卖盘
13:33:36	66.7	0.02	24	160080	买盘
13:33:31	66.68	-0.02	3	20004	卖盘
13:33:21	66.7	0.02	1	6670	买盘
13:32:55	66.68	--	1	6668	卖盘
13:32:51	66.68	--	2	13336	卖盘
13:32:45	66.68	-0.02	6	40008	卖盘
13:32:36	66.7	--	1	6670	买盘
13:32:20	66.7	-0.27	5	33350	买盘
13:32:15	66.97	--	0	0	买盘
13:32:10	66.97	--	0	0	买盘
13:32:05	66.97	0.27	5	33485	买盘
13:31:55	66.7	-0.28	26	173420	卖盘
13:31:45	66.98	0.18	3	20094	买盘
13:31:40	66.8	-0.19	1	6680	卖盘
13:31:25	66.99	-0.01	10	66990	卖盘
13:31:15	67.0	--	9	60300	买盘
13:31:10	67.0	-0.04	74	495800	卖盘
13:31:05	67.04	0.04	2	13408	买盘
13:30:55	67.0	--	2	13400	卖盘
13:30:45	67.0	--	100	670000	卖盘
13:30:40	67.0	0.01	27	180900	买盘
13:30:35	66.99	--	2	13397	卖盘
13:30:30	66.99	-0.01	8	53591	卖盘
13:30:25	67.0	--	1	6700	买盘
13:30:10	67.0	0.01	1	6700	买盘
13:30:00	66.99	--	0	0	中性盘
13:29:55	66.99	0.31	1	6698	买盘
13:29:40	66.68	--	6	40008	买盘
13:29:35	66.68	--	3	20004	买盘
13:29:25	66.68	0.01	15	100020	买盘
13:29:15	66.67	--	0	0	中性盘
13:29:10	66.67	--	5	33335	买盘
13:29:00	66.67	0.03	4	26668	买盘
13:28:55	66.64	-0.02	67	446488	卖盘
13:28:50	66.66	0.02	11	73326	买盘
13:28:45	66.64	--	1	6664	卖盘
13:28:35	66.64	--	1	6664	买盘
13:28:30	66.64	0.02	1	6664	买盘
13:28:25	66.62	--	0	0	买盘
13:28:20	66.62	0.02	3	19986	卖盘
13:28:15	66.6	-0.02	3	19980	卖盘
13:28:10	66.62	0.02	2	16921	买盘
13:28:00	66.6	--	10	66600	卖盘
13:27:55	66.6	-0.01	30	202663	卖盘
13:27:45	66.61	0.01	32	213152	买盘
13:27:40	66.6	--	4	26639	卖盘
13:27:35	66.6	--	1	6659	卖盘
13:27:30	66.6	--	5	33300	卖盘
13:27:15	66.6	--	14	93239	买盘
13:27:10	66.6	--	6	39960	买盘
13:27:00	66.6	--	2	13319	买盘
13:26:55	66.6	-0.02	6	39960	卖盘
13:26:45	66.62	--	1	6662	买盘
13:26:34	66.62	-0.02	1	9726	卖盘
13:26:25	66.64	0.02	2	13328	买盘
13:26:15	66.62	-0.02	22	150161	中性盘
13:26:00	66.64	-0.02	8	53312	中性盘
13:25:49	66.66	--	8	53328	买盘
13:25:44	66.66	0.02	2	13332	买盘
13:25:39	66.64	0.02	2	13328	中性盘
13:25:34	66.62	-0.02	7	46634	卖盘
13:25:29	66.64	0.03	14	93296	买盘
13:25:24	66.61	--	0	0	中性盘
13:25:19	66.61	-0.01	4	26644	买盘
13:25:14	66.62	0.02	22	146564	卖盘
13:25:09	66.6	-0.01	2	13319	卖盘
13:25:04	66.61	0.01	9	59949	买盘
13:24:49	66.6	--	11	73260	卖盘
13:24:44	66.6	0.02	49	326340	买盘
13:24:34	66.58	--	2	13316	买盘
13:24:29	66.58	--	5	33290	买盘
13:24:24	66.58	-0.01	4	26632	买盘
13:24:19	66.59	0.01	30	199770	买盘
13:24:09	66.58	--	7	46606	卖盘
13:24:04	66.58	--	7	46606	买盘
13:23:49	66.58	-0.01	3	19974	买盘
13:23:44	66.59	--	0	0	买盘
13:23:39	66.59	--	6	39954	买盘
13:23:34	66.59	0.09	25	166475	买盘
13:23:19	66.5	-0.09	4	26600	卖盘
13:23:14	66.59	0.09	2	13318	买盘
13:23:04	66.5	-0.09	100	665000	卖盘
13:22:59	66.59	0.01	5	33295	买盘
13:22:54	66.58	--	0	0	中性盘
13:22:49	66.58	0.08	1	6658	买盘
13:22:39	66.5	--	17	113050	卖盘
13:22:34	66.5	--	0	0	卖盘
13:22:24	66.5	--	0	0	卖盘
13:22:19	66.5	--	32	212800	买盘
13:22:14	66.5	0.01	22	146300	买盘
13:22:09	66.49	--	1	6648	买盘
13:22:04	66.49	0.06	1	6648	买盘
13:21:54	66.43	-0.06	10	66430	卖盘
13:21:49	66.49	0.05	24	159576	买盘
13:21:44	66.44	--	2	13288	买盘
13:21:39	66.44	0.01	3	19932	买盘
13:21:34	66.43	--	8	53144	卖盘
13:21:29	66.43	--	1	6643	卖盘
13:21:24	66.43	0.01	7	46501	买盘
13:21:19	66.42	--	2	13284	卖盘
13:21:09	66.42	0.02	112	743904	买盘
13:21:04	66.4	-0.01	22	146080	卖盘
13:20:54	66.41	0.01	3	19923	卖盘
13:20:49	66.4	-0.01	40	265600	卖盘
13:20:44	66.41	--	3	19923	卖盘
13:20:39	66.41	--	12	79692	卖盘
13:20:34	66.41	-0.01	9	59769	中性盘
13:20:29	66.42	0.01	12	79704	买盘
13:20:24	66.41	-0.02	22	146102	卖盘
13:20:19	66.43	0.02	22	146146	买盘
13:20:13	66.41	-0.01	5	33205	卖盘
13:20:09	66.42	--	2	13284	买盘
13:20:04	66.42	-0.01	18	119556	卖盘
13:19:48	66.43	0.02	3	19929	卖盘
13:19:38	66.41	-0.09	4	26564	卖盘
13:19:33	66.5	0.08	23	152950	买盘
13:19:28	66.42	--	0	0	卖盘
13:19:18	66.42	0.01	1	6642	卖盘
13:19:13	66.41	-0.09	4	26564	卖盘
13:19:08	66.5	0.09	3	19950	卖盘
13:19:03	66.41	-0.09	13	86333	卖盘
13:18:58	66.5	--	47	312550	买盘
13:18:53	66.5	--	40	266000	卖盘
13:18:43	66.5	--	4	26600	买盘
13:18:38	66.5	-0.01	29	192850	卖盘
13:18:33	66.51	0.01	6	39906	中性盘
13:18:28	66.5	--	5	33250	卖盘
13:18:24	66.5	--	13	86450	卖盘
13:18:18	66.5	--	32	212800	卖盘
13:18:13	66.5	--	25	166250	卖盘
13:18:08	66.5	-0.01	3	19950	卖盘
13:18:03	66.51	-0.01	2	13302	买盘
13:17:58	66.52	--	0	0	买盘
13:17:53	66.52	-0.05	20	133040	买盘
13:17:48	66.57	--	0	0	买盘
13:17:43	66.57	0.06	10	66570	买盘
13:17:38	66.51	--	0	0	卖盘
13:17:33	66.51	-0.02	6	39906	卖盘
13:17:28	66.53	0.03	11	73183	买盘
13:17:23	66.5	-0.07	298	1981700	卖盘
13:17:18	66.57	0.02	14	93197	买盘
13:17:13	66.55	0.01	78	519090	买盘
13:17:08	66.54	0.01	1	6654	中性盘
13:17:03	66.53	0.01	22	146366	买盘
13:16:58	66.52	--	4	26608	卖盘
13:16:53	66.52	--	8	53216	卖盘
13:16:48	66.52	--	13	86476	卖盘
13:16:43	66.52	-0.06	10	66520	卖盘
13:16:38	66.58	0.03	5	33290	买盘
13:16:33	66.55	-0.02	10	66550	卖盘
13:16:28	66.57	-0.01	39	259622	卖盘
13:16:23	66.58	-0.02	9	59922	卖盘
13:16:18	66.6	0.01	1	6659	买盘
13:16:13	66.59	-0.01	113	752467	卖盘
13:16:08	66.6	--	139	925739	卖盘
13:16:03	66.6	-0.01	6	39960	卖盘
13:15:48	66.61	-0.04	50	333050	卖盘
13:15:43	66.65	--	2	13330	买盘
13:15:38	66.65	-0.01	2	13330	卖盘
13:15:33	66.66	--	1	6666	买盘
13:15:28	66.66	--	5	33330	买盘
13:15:18	66.66	-0.01	21	139986	卖盘
13:15:13	66.67	-0.01	6	40002	卖盘
13:15:08	66.68	--	2	13336	买盘
13:15:03	66.68	0.01	13	86684	买盘
13:14:58	66.67	-0.01	7	46669	卖盘
13:14:48	66.68	--	10	66680	买盘
13:14:38	66.68	--	6	40008	卖盘
13:14:23	66.68	-0.01	1	6668	卖盘
13:14:18	66.69	--	11	73359	买盘
13:14:13	66.69	--	2	13338	买盘
13:14:08	66.69	--	1	6669	买盘
13:14:03	66.69	0.02	3	20007	买盘
13:13:58	66.67	-0.01	3	20001	卖盘
13:13:48	66.68	0.01	7	46676	买盘
13:13:43	66.67	--	7	46669	买盘
13:13:37	66.67	0.01	3	20001	买盘
13:13:23	66.66	--	15	99990	买盘
13:13:13	66.66	0.01	1	6666	买盘
13:13:07	66.65	0.01	2	13330	卖盘
13:13:03	66.64	-0.01	18	119952	卖盘
13:12:58	66.65	--	8	53320	卖盘
13:12:52	66.65	--	2	13330	买盘
13:12:48	66.65	--	2	13330	买盘
13:12:42	66.65	--	1	6665	买盘
13:12:37	66.65	--	3	19995	买盘
13:12:33	66.65	-0.01	6	39990	卖盘
13:12:22	66.66	--	2	13332	买盘
13:12:18	66.66	-0.03	41	273306	卖盘
13:12:12	66.69	-0.01	2	13338	卖盘
13:12:02	66.7	--	8	53360	卖盘
13:11:57	66.7	--	1	6670	卖盘
13:11:52	66.7	0.01	12	80040	买盘
13:11:42	66.69	--	13	86697	卖盘
13:11:37	66.69	-0.01	1	6669	卖盘
13:11:32	66.7	-0.04	54	360180	卖盘
13:11:27	66.74	-0.01	17	113457	卖盘
13:11:02	66.75	-0.01	41	273675	卖盘
13:10:57	66.76	--	7	46732	买盘
13:10:52	66.76	--	13	86788	卖盘
13:10:47	66.76	-0.01	3	20028	卖盘
13:10:42	66.77	0.01	1	6677	卖盘
13:10:37	66.76	--	0	0	卖盘
13:10:32	66.76	-0.01	20	133520	卖盘
13:10:27	66.77	--	2	13354	卖盘
13:10:22	66.77	-0.01	2	13354	卖盘
13:10:07	66.78	-0.01	9	60102	卖盘
13:09:37	66.79	0.02	4	26716	买盘
13:09:32	66.77	-0.02	12	80124	卖盘
13:09:27	66.79	--	0	0	买盘
13:09:17	66.79	0.02	50	333950	买盘
13:09:12	66.77	-0.02	28	186956	卖盘
13:09:07	66.79	--	1	6679	买盘
13:08:57	66.79	0.01	1	6679	买盘
13:08:52	66.78	--	10	66780	卖盘
13:08:47	66.78	-0.01	10	66780	卖盘
13:08:42	66.79	--	5	33395	买盘
13:08:37	66.79	--	2	13358	买盘
13:08:32	66.79	0.01	3	20037	买盘
13:08:12	66.78	-0.01	3	20034	卖盘
13:08:07	66.79	0.01	4	26716	买盘
13:07:57	66.78	--	5	33390	卖盘
13:07:52	66.78	--	2	13356	卖盘
13:07:47	66.78	--	1	6678	买盘
13:07:42	66.78	0.01	10	66780	买盘
13:07:37	66.77	-0.01	3	20031	卖盘
13:07:27	66.78	0.01	10	66780	买盘
13:07:17	66.77	--	8	53416	卖盘
13:07:12	66.77	--	2	13354	中性盘
13:07:07	66.77	--	0	0	买盘
13:06:57	66.77	--	5	33385	买盘
13:06:47	66.77	--	1	6677	买盘
13:06:42	66.77	-0.02	1	6677	买盘
13:06:37	66.79	--	0	0	买盘
13:06:32	66.79	0.01	4	26716	买盘
13:06:27	66.78	0.01	20	133560	买盘
13:06:22	66.77	-0.02	4	30046	卖盘
13:06:12	66.79	0.02	10	66790	买盘
13:06:01	66.77	-0.02	4	26708	卖盘
13:05:57	66.79	0.04	6	43413	买盘
13:05:51	66.75	-0.04	31	210262	卖盘
13:05:46	66.79	0.02	45	300555	买盘
13:05:36	66.77	0.01	4	30046	买盘
13:05:31	66.76	-0.01	1	6676	卖盘
13:05:26	66.77	--	5	33385	买盘
13:05:22	66.77	-0.02	7	46739	卖盘
13:05:06	66.79	0.02	4	26716	买盘
13:04:56	66.77	-0.02	7	46739	卖盘
13:04:41	66.79	--	12	80615	卖盘
13:04:36	66.79	-0.01	1	6679	卖盘
13:04:31	66.8	0.01	7	46760	买盘
13:04:26	66.79	-0.01	0	6211	卖盘
13:04:01	66.8	0.03	5	33400	买盘
13:03:51	66.77	--	0	0	卖盘
13:03:46	66.77	-0.01	10	66770	卖盘
13:03:36	66.78	-0.02	2	13356	卖盘
13:03:21	66.8	0.03	2	13360	买盘
13:03:06	66.77	--	5	33385	卖盘
13:03:01	66.77	--	1	6677	卖盘
13:02:51	66.77	-0.03	10	66770	卖盘
13:02:31	66.8	0.02	20	133600	卖盘
13:02:21	66.78	0.01	1	6678	买盘
13:02:16	66.77	--	0	0	卖盘
13:02:11	66.77	-0.13	7	46739	卖盘
13:01:56	66.9	0.03	2	13848	卖盘
13:01:31	66.87	0.09	11	79775	买盘
13:01:21	66.78	--	3	20034	买盘
13:01:06	66.78	-0.02	1	6678	卖盘
13:00:51	66.8	--	4	26720	买盘
13:00:36	66.8	--	1	6680	买盘
13:00:21	66.8	0.01	32	213760	买盘
13:00:16	66.79	-0.01	3	20037	卖盘
13:00:06	66.8	-0.08	132	882227	卖盘
11:30:00	66.88	--	0	0	买盘
11:29:59	66.88	--	0	0	买盘
11:29:59	66.88	--	3	20064	买盘
11:29:52	66.88	0.07	1	6688	买盘
11:29:47	66.81	--	5	33405	卖盘
11:29:37	66.81	-0.06	12	80172	卖盘
11:29:32	66.87	--	1	6687	卖盘
11:29:27	66.87	--	28	187236	卖盘
11:29:22	66.87	--	30	206828	买盘
11:29:12	66.87	0.01	1	6687	买盘
11:29:02	66.86	--	7	46802	卖盘
11:28:57	66.86	0.05	6	40116	买盘
11:28:52	66.81	-0.04	10	66810	卖盘
11:28:47	66.85	0.02	2	13369	买盘
11:28:37	66.83	--	0	0	中性盘
11:28:32	66.83	-0.02	2	13366	卖盘
11:28:22	66.85	--	3	20055	买盘
11:28:17	66.85	-0.01	9	60164	卖盘
11:28:12	66.86	0.01	11	73546	买盘
11:28:02	66.85	-0.02	2	13369	卖盘
11:27:57	66.87	0.01	3	20061	买盘
11:27:47	66.86	-0.01	10	66860	卖盘
11:27:42	66.87	0.01	1	6687	买盘
11:27:36	66.86	--	3	20058	卖盘
11:27:31	66.86	--	2	13372	卖盘
11:27:16	66.86	-0.01	5	33430	卖盘
11:27:12	66.87	-0.01	16	106992	卖盘
11:27:06	66.88	--	1	6688	买盘
11:27:01	66.88	-0.03	25	167200	卖盘
11:26:57	66.91	--	2	13382	买盘
11:26:51	66.91	0.01	18	120438	买盘
11:26:42	66.9	--	41	274290	卖盘
11:26:36	66.9	-0.01	9	60210	卖盘
11:26:31	66.91	--	6	40146	买盘
11:26:21	66.91	-0.05	32	214112	卖盘
11:26:16	66.96	--	0	0	买盘
11:26:12	66.96	0.01	5	33480	买盘
11:26:06	66.95	--	20	133900	卖盘
11:25:51	66.95	--	5	33475	买盘
11:25:46	66.95	0.05	1	6695	买盘
11:25:36	66.9	--	0	0	卖盘
11:25:31	66.9	--	0	0	卖盘
11:25:27	66.9	-0.06	81	541890	卖盘
11:25:21	66.96	-0.04	2	13391	卖盘
11:25:16	67.0	-0.05	3	20100	卖盘
11:25:06	67.05	--	0	0	买盘
11:24:57	67.05	0.05	2	13410	买盘
11:24:51	67.0	-0.05	12	80400	卖盘
11:24:46	67.05	--	5	33525	买盘
11:24:41	67.05	--	2	13410	买盘
11:24:36	67.05	0.04	1	6705	买盘
11:24:31	67.01	-0.05	2	13402	卖盘
11:24:27	67.06	--	4	26824	卖盘
11:24:11	67.06	--	7	46942	卖盘
11:24:06	67.06	-0.01	1	6706	卖盘
11:23:57	67.07	0.01	3	20120	买盘
11:23:51	67.06	0.06	7	46942	买盘
11:23:31	67.0	0.03	2	13400	买盘
11:23:21	66.97	--	20	133940	买盘
11:23:11	66.97	--	5	33485	买盘
11:23:06	66.97	0.01	1	6697	买盘
11:22:56	66.96	0.09	2	13391	中性盘
11:22:51	66.87	--	0	0	卖盘
11:22:46	66.87	-0.05	13	86931	卖盘
11:22:41	66.92	0.03	20	133840	买盘
11:22:36	66.89	--	6	40134	买盘
11:22:31	66.89	--	4	26756	买盘
11:22:26	66.89	0.04	54	361206	买盘
11:22:21	66.85	--	0	0	卖盘
11:22:16	66.85	-0.01	25	167125	卖盘
11:22:11	66.86	--	16	106976	买盘
11:22:06	66.86	--	4	26744	买盘
11:22:01	66.86	--	0	0	买盘
11:21:56	66.86	0.06	2	13372	买盘
11:21:51	66.8	--	0	0	卖盘
11:21:46	66.8	-0.01	2	13360	卖盘
11:21:41	66.81	0.01	4	26724	买盘
11:21:30	66.8	--	7	46760	买盘
11:21:26	66.8	--	20	133600	买盘
11:21:21	66.8	--	12	80160	买盘
11:21:15	66.8	--	7	46760	买盘
11:21:10	66.8	--	7	46760	买盘
11:21:06	66.8	--	11	73480	买盘
11:20:51	66.8	--	15	100200	买盘
11:20:45	66.8	0.02	6	40080	买盘
11:20:40	66.78	0.01	7	46746	买盘
11:20:36	66.77	-0.03	4	26708	卖盘
11:20:30	66.8	0.02	1	6680	买盘
11:20:25	66.78	-0.02	2	13356	卖盘
11:20:21	66.8	0.05	21	140280	买盘
11:20:15	66.75	-0.05	31	206925	卖盘
11:20:10	66.8	--	3	20040	买盘
11:20:06	66.8	--	2	13360	买盘
11:20:00	66.8	-0.01	56	374080	卖盘
11:19:45	66.81	--	0	0	卖盘
11:19:40	66.81	-0.01	15	100215	卖盘
11:19:36	66.82	-0.03	44	294007	卖盘
11:19:30	66.85	-0.03	50	334250	卖盘
11:19:21	66.88	--	3	20064	卖盘
11:19:15	66.88	-0.01	2	13376	卖盘
11:19:10	66.89	0.04	5	33445	买盘
11:19:06	66.85	-0.04	38	254029	卖盘
11:19:00	66.89	-0.01	1	6689	卖盘
11:18:45	66.9	-0.02	4	26760	卖盘
11:18:40	66.92	--	4	26768	买盘
11:18:36	66.92	0.02	3	20076	买盘
11:18:30	66.9	--	0	0	卖盘
11:18:25	66.9	-0.01	6	40140	卖盘
11:18:20	66.91	-0.05	15	100365	卖盘
11:18:15	66.96	0.04	3	20087	中性盘
11:18:06	66.92	-0.05	7	46844	卖盘
11:17:50	66.97	-0.03	5	33485	卖盘
11:17:45	67.0	--	12	80400	卖盘
11:17:40	67.0	0.04	10	67000	卖盘
11:17:36	66.96	--	0	0	卖盘
11:17:20	66.96	--	12	80351	卖盘
11:17:15	66.96	--	0	0	卖盘
11:17:10	66.96	-0.04	10	66960	卖盘
11:17:05	67.0	--	0	0	中性盘
11:16:55	67.0	0.04	5	33500	中性盘
11:16:50	66.96	-0.04	19	127223	卖盘
11:16:45	67.0	-0.09	1	6700	卖盘
11:16:35	67.09	--	0	0	中性盘
11:16:30	67.09	0.13	24	161016	中性盘
11:16:20	66.96	--	0	0	卖盘
11:16:05	66.96	-0.04	8	53567	卖盘
11:16:00	67.0	--	0	0	卖盘
11:15:55	67.0	--	0	0	买盘
11:15:45	67.0	--	9	60300	卖盘
11:15:40	67.0	--	1	6700	卖盘
11:15:35	67.0	--	7	46900	卖盘
11:15:30	67.0	--	3	20100	卖盘
11:15:20	67.0	--	4	26800	买盘
11:15:15	67.0	--	3	20100	买盘
11:14:50	67.0	--	27	180900	卖盘
11:14:45	67.0	--	4	26800	卖盘
11:14:34	67.0	--	0	0	卖盘
11:14:30	67.0	--	1	6700	卖盘
11:14:24	67.0	--	3	20100	买盘
11:14:19	67.0	--	3	20100	买盘
11:14:15	67.0	--	17	113900	卖盘
11:14:04	67.0	--	0	0	买盘
11:14:00	67.0	--	10	67000	买盘
11:13:54	67.0	--	17	113900	卖盘
11:13:49	67.0	--	3	20100	卖盘
11:13:45	67.0	--	0	0	卖盘
11:13:30	67.0	0.15	2	13400	卖盘
11:13:24	66.85	--	0	0	卖盘
11:13:19	66.85	--	0	0	卖盘
11:13:15	66.85	-0.15	102	681870	卖盘
11:13:04	67.0	--	0	0	卖盘
11:12:49	67.0	--	57	381900	买盘
11:12:39	67.0	0.16	1	6700	买盘
11:12:34	66.84	-0.16	3	20052	卖盘
11:12:30	67.0	0.19	2	13400	买盘
11:12:24	66.81	0.01	5	33405	卖盘
11:12:15	66.8	--	46	307280	卖盘
11:12:00	66.8	--	26	173680	卖盘
11:11:54	66.8	0.04	12	80160	卖盘
11:11:49	66.76	--	0	0	卖盘
11:11:39	66.76	-0.24	7	46732	中性盘
11:11:29	67.0	0.25	3	20100	买盘
11:11:24	66.75	-0.35	11	73425	卖盘
11:11:19	67.1	-0.05	4	26839	卖盘
11:11:15	67.15	0.4	11	73865	买盘
11:11:09	66.75	-0.35	184	1228200	卖盘
11:11:00	67.1	-0.08	11	73810	卖盘
11:10:44	67.18	--	1	6718	卖盘
11:10:39	67.18	--	1	6718	卖盘
11:10:34	67.18	-0.03	1	6718	卖盘
11:10:30	67.21	--	4	26883	买盘
11:10:24	67.21	-0.09	7	47046	卖盘
11:10:19	67.3	--	0	0	卖盘
11:10:14	67.3	-0.08	8	53840	卖盘
11:09:59	67.38	-0.01	1	6738	卖盘
11:09:54	67.39	--	26	175214	卖盘
11:09:49	67.39	-0.03	10	67390	卖盘
11:09:44	67.42	-0.01	6	40452	卖盘
11:09:39	67.43	--	4	26972	卖盘
11:09:34	67.43	--	2	13486	卖盘
11:09:29	67.43	--	1	6743	卖盘
11:09:19	67.43	-0.02	4	26972	卖盘
11:09:09	67.45	--	22	148390	买盘
11:09:04	67.45	-0.04	16	107920	卖盘
11:08:59	67.49	--	10	67490	买盘
11:08:54	67.49	--	1	6748	买盘
11:08:49	67.49	--	7	47243	买盘
11:08:44	67.49	--	1	6748	卖盘
11:08:39	67.49	--	7	47243	买盘
11:08:34	67.49	0.04	2	13497	买盘
11:08:28	67.45	-0.04	3	20235	卖盘
11:08:18	67.49	--	2	13497	买盘
11:08:14	67.49	--	1	6748	买盘
11:08:03	67.49	0.01	1	6748	买盘
11:07:59	67.48	--	2	13496	中性盘
11:07:54	67.48	0.03	21	141708	买盘
11:07:44	67.45	--	2	13490	买盘
11:07:39	67.45	--	15	101175	卖盘
11:07:29	67.45	--	4	26980	卖盘
11:07:24	67.45	0.02	98	661010	买盘
11:07:18	67.43	--	4	26972	买盘
11:07:14	67.43	-0.02	2	13486	卖盘
11:07:09	67.45	--	1	6745	买盘
11:06:58	67.45	--	1	6745	买盘
11:06:54	67.45	--	2	13490	买盘
11:06:48	67.45	--	3	20235	买盘
11:06:43	67.45	0.01	5	33725	买盘
11:06:39	67.44	--	0	0	中性盘
11:06:33	67.44	--	1	6744	卖盘
11:06:24	67.44	0.03	1	6744	买盘
11:06:18	67.41	-0.01	35	235935	卖盘
11:06:13	67.42	0.01	20	134840	买盘
11:06:09	67.41	-0.01	5	33705	卖盘
11:06:03	67.42	--	24	161808	买盘
11:05:54	67.42	0.01	2	13484	买盘
11:05:43	67.41	0.02	1	6741	买盘
11:05:33	67.39	0.08	28	192061	买盘
11:05:13	67.31	-0.08	8	53848	卖盘
11:05:09	67.39	0.08	60	404340	买盘
11:05:03	67.31	--	0	0	卖盘
11:04:54	67.31	-0.07	1	6731	卖盘
11:04:33	67.38	-0.01	1	6738	卖盘
11:04:18	67.39	--	10	67390	卖盘
11:04:13	67.39	-0.03	1	6739	卖盘
11:04:08	67.42	0.03	3	20226	买盘
11:04:03	67.39	-0.02	6	40434	卖盘
11:03:53	67.41	--	5	33705	卖盘
11:03:48	67.41	--	1	6741	买盘
11:03:43	67.41	-0.01	10	67410	卖盘
11:03:38	67.42	0.01	4	26968	买盘
11:03:33	67.41	--	0	0	中性盘
11:03:23	67.41	--	3	20223	买盘
11:03:08	67.41	0.03	4	26964	买盘
11:02:58	67.38	--	0	0	卖盘
11:02:53	67.38	--	15	101070	卖盘
11:02:43	67.38	0.03	1	6738	买盘
11:02:38	67.35	--	0	0	中性盘
11:02:33	67.35	--	0	0	中性盘
11:02:23	67.35	0.06	32	215519	买盘
11:02:18	67.29	--	9	60561	中性盘
11:02:13	67.29	--	5	33645	卖盘
11:02:08	67.29	0.02	5	33645	买盘
11:02:03	67.27	-0.02	20	134540	卖盘
11:01:53	67.29	0.02	3	20187	中性盘
11:01:48	67.27	--	6	40362	卖盘
11:01:38	67.27	0.12	16	107632	买盘
11:01:33	67.15	--	0	0	卖盘
11:01:27	67.15	--	0	0	卖盘
11:01:23	67.15	-0.09	5	33575	卖盘
11:01:12	67.24	--	0	0	卖盘
11:01:08	67.24	0.04	5	33620	中性盘
11:01:03	67.2	-0.04	22	147840	卖盘
11:00:48	67.24	--	5	33620	卖盘
11:00:37	67.24	0.04	4	26895	买盘
11:00:33	67.2	0.01	3	20160	卖盘
11:00:27	67.19	-0.02	18	120942	买盘
11:00:22	67.21	0.01	59	396538	买盘
11:00:07	67.2	--	1	6720	买盘
11:00:03	67.2	0.01	4	26880	买盘
10:59:57	67.19	-0.01	5	33595	卖盘
10:59:42	67.2	--	4	26880	卖盘
10:59:33	67.2	-0.08	22	147840	卖盘
10:59:27	67.28	--	2	13456	买盘
10:59:22	67.28	--	3	20184	买盘
10:59:18	67.28	--	4	26912	买盘
10:59:12	67.28	--	2	13456	买盘
10:59:07	67.28	--	1	6728	买盘
10:59:03	67.28	--	3	20184	买盘
10:58:57	67.28	-0.02	1	6728	卖盘
10:58:33	67.3	-0.08	14	94220	卖盘
10:58:27	67.38	0.07	2	13476	买盘
10:58:22	67.31	--	0	0	卖盘
10:58:18	67.31	-0.08	2	13462	卖盘
10:58:03	67.39	--	1	6739	卖盘
10:57:48	67.39	-0.01	1	6739	卖盘
10:57:37	67.4	--	3	20220	买盘
10:57:33	67.4	--	12	80880	买盘
10:57:12	67.4	-0.01	12	80880	卖盘
10:56:57	67.41	--	7	47187	卖盘
10:56:52	67.41	0.02	1	6741	买盘
10:56:42	67.39	--	0	0	卖盘
10:56:37	67.39	-0.01	1	6739	卖盘
10:56:32	67.4	0.01	1	6740	买盘
10:56:27	67.39	--	2	13478	卖盘
10:56:22	67.39	-0.01	1	6739	卖盘
10:56:17	67.4	0.01	50	337000	买盘
10:56:07	67.39	--	2	13478	买盘
10:56:02	67.39	--	6	40434	买盘
10:55:57	67.39	--	1	6739	买盘
10:55:52	67.39	--	0	0	买盘
10:55:47	67.39	--	21	141519	买盘
10:55:42	67.39	--	0	0	买盘
10:55:37	67.39	0.1	3	20217	买盘
10:55:32	67.29	--	20	134580	卖盘
10:55:27	67.29	--	2	13458	卖盘
10:55:12	67.29	0.08	14	94206	买盘
10:55:07	67.21	--	3	20162	卖盘
10:55:02	67.21	-0.08	5	33605	卖盘
10:54:47	67.29	--	1	6729	买盘
10:54:42	67.29	--	3	20187	卖盘
10:54:36	67.29	-0.01	2	13458	卖盘
10:54:32	67.3	--	0	0	中性盘
10:54:27	67.3	-0.09	2	13460	卖盘
10:54:21	67.39	0.09	19	128041	买盘
10:54:16	67.3	--	1	6730	卖盘
10:54:01	67.3	--	21	141330	卖盘
10:53:57	67.3	--	0	0	卖盘
10:53:46	67.3	-0.1	2	13460	卖盘
10:53:36	67.4	--	10	67400	买盘
10:53:27	67.4	--	2	13480	卖盘
10:53:21	67.4	--	10	67400	卖盘
10:53:12	67.4	--	2	13480	卖盘
10:53:06	67.4	-0.01	14	94360	卖盘
10:53:01	67.41	-0.01	5	33705	卖盘
10:52:57	67.42	0.01	6	40452	买盘
10:52:51	67.41	--	3	20223	卖盘
10:52:36	67.41	-0.02	1	6741	卖盘
10:52:27	67.43	-0.02	2	13486	卖盘
10:52:21	67.45	0.04	11	74195	买盘
10:52:16	67.41	-0.04	14	94374	卖盘
10:52:01	67.45	0.02	3	20235	买盘
10:51:57	67.43	-0.08	1	6743	卖盘
10:51:46	67.51	--	0	0	买盘
10:51:42	67.51	0.06	5	33755	买盘
10:51:36	67.45	-0.06	11	74195	卖盘
10:51:31	67.51	0.01	9	60759	买盘
10:51:26	67.5	-0.01	1	6750	卖盘
10:51:21	67.51	0.01	25	169652	卖盘
10:51:06	67.5	0.01	34	235372	买盘
10:51:01	67.49	-0.08	13	87737	买盘
10:50:46	67.57	--	0	0	买盘
10:50:41	67.57	-0.01	4	27027	卖盘
10:50:36	67.58	0.08	35	236530	买盘
10:50:31	67.5	--	1	6750	卖盘
10:50:21	67.5	--	5	33750	卖盘
10:50:16	67.5	--	0	0	卖盘
10:50:11	67.5	0.01	3	20250	卖盘
10:50:06	67.49	0.07	10	67490	买盘
10:50:01	67.42	--	8	53936	买盘
10:49:56	67.42	-0.07	9	60678	买盘
10:49:51	67.49	--	0	0	买盘
10:49:46	67.49	0.07	6	40494	买盘
10:49:41	67.42	-0.08	7	47194	卖盘
10:49:36	67.5	--	0	0	买盘
10:49:26	67.5	0.14	7	47250	买盘
10:49:21	67.36	--	0	0	卖盘
10:49:11	67.36	--	3	20208	卖盘
10:48:56	67.36	--	17	114512	买盘
10:48:51	67.36	--	3	20208	买盘
10:48:41	67.36	0.01	2	13472	买盘
10:48:36	67.35	--	1	6734	卖盘
10:48:31	67.35	0.1	1	6734	买盘
10:48:16	67.25	--	0	0	卖盘
10:48:06	67.25	--	1	6725	卖盘
10:48:01	67.25	0.05	7	47075	买盘
10:47:56	67.2	--	8	53760	买盘
10:47:51	67.2	0.01	30	201600	买盘
10:47:45	67.19	0.01	2	13438	买盘
10:47:36	67.18	--	4	26872	卖盘
10:47:30	67.18	0.08	25	167950	买盘
10:47:15	67.1	0.01	4	26839	买盘
10:47:06	67.09	0.03	26	174434	买盘
10:47:00	67.06	--	6	40236	卖盘
10:46:55	67.06	-0.02	20	134120	卖盘
10:46:51	67.08	--	5	33540	买盘
10:46:45	67.08	--	3	20124	买盘
10:46:36	67.08	--	11	73788	卖盘
10:46:25	67.08	--	26	174408	卖盘
10:46:21	67.08	0.03	20	134160	卖盘
10:46:15	67.05	--	0	0	卖盘
10:46:06	67.05	--	0	0	卖盘
10:46:00	67.05	--	3	20115	卖盘
10:45:55	67.05	-0.04	2	13410	卖盘
10:45:51	67.09	0.04	10	67090	买盘
10:45:45	67.05	--	4	26820	卖盘
10:45:40	67.05	--	15	100575	卖盘
10:45:36	67.05	-0.03	10	67050	卖盘
10:45:30	67.08	0.01	6	40248	中性盘
10:45:25	67.07	-0.02	6	40241	卖盘
10:45:21	67.09	--	8	53672	买盘
10:45:15	67.09	--	4	26836	买盘
10:45:06	67.09	--	17	114053	买盘
10:45:00	67.09	--	14	93926	买盘
10:44:55	67.09	-0.01	14	93926	卖盘
10:44:50	67.1	--	11	73810	买盘
10:44:45	67.1	-0.08	9	60389	卖盘
10:44:40	67.18	0.07	4	26872	买盘
10:44:35	67.11	0.01	13	87243	买盘
10:44:30	67.1	--	7	46969	中性盘
10:44:25	67.1	--	4	26839	买盘
10:44:20	67.1	-0.08	12	80520	卖盘
10:44:15	67.18	0.08	1	6718	买盘
10:44:05	67.1	0.01	8	53679	买盘
10:44:00	67.09	--	2	13418	卖盘
10:43:55	67.09	--	3	20127	卖盘
10:43:50	67.09	0.04	33	221397	买盘
10:43:45	67.05	-0.04	4	26820	卖盘
10:43:40	67.09	--	2	13418	买盘
10:43:30	67.09	--	0	0	买盘
10:43:25	67.09	0.05	11	73799	买盘
10:43:20	67.04	--	5	33520	卖盘
10:43:15	67.04	0.04	20	134080	买盘
10:43:10	67.0	--	2	13400	卖盘
10:43:05	67.0	--	3	20100	卖盘
10:43:00	67.0	0.01	2	13400	买盘
10:42:55	66.99	--	5	33495	卖盘
10:42:50	66.99	-0.01	10	66990	卖盘
10:42:45	67.0	0.01	32	214400	买盘
10:42:35	66.99	--	10	66990	买盘
10:42:30	66.99	--	11	73689	买盘
10:42:25	66.99	--	4	26795	买盘
10:42:15	66.99	0.07	4	26795	买盘
10:42:05	66.92	-0.08	17	113764	卖盘
10:42:00	67.0	--	13	87100	卖盘
10:41:50	67.0	--	22	147400	卖盘
10:41:45	67.0	-0.01	19	127300	卖盘
10:41:39	67.01	--	2	13402	中性盘
10:41:30	67.01	-0.01	10	67010	卖盘
10:41:24	67.02	-0.03	1	6702	卖盘
10:41:20	67.05	-0.04	10	67050	卖盘
10:41:15	67.09	-0.01	4	26836	买盘
10:41:09	67.1	--	12	80520	买盘
10:41:04	67.1	0.08	24	161040	买盘
10:41:00	67.02	-0.08	1	6702	卖盘
10:40:54	67.1	--	2	13419	买盘
10:40:50	67.1	--	49	328790	买盘
10:40:45	67.1	-0.1	10	67100	卖盘
10:40:39	67.2	--	1	6720	买盘
10:40:34	67.2	--	0	0	买盘
10:40:30	67.2	-0.02	22	147840	中性盘
10:40:24	67.22	0.12	19	127718	买盘
10:40:15	67.1	--	0	0	中性盘
10:40:09	67.1	0.15	9	60389	买盘
10:40:00	66.95	0.05	6	40170	卖盘
10:39:54	66.9	--	4	26760	卖盘
10:39:49	66.9	--	2	13380	卖盘
10:39:45	66.9	--	40	267600	买盘
10:39:39	66.9	--	20	133800	买盘
10:39:30	66.9	0.1	6	40140	买盘
10:39:24	66.8	-0.05	24	160320	卖盘
10:39:19	66.85	--	1	6684	买盘
10:39:15	66.85	0.05	23	153755	买盘
10:39:09	66.8	--	7	46760	买盘
10:39:04	66.8	--	8	53440	中性盘
10:39:00	66.8	0.1	1	6680	买盘
10:38:54	66.7	--	50	333500	卖盘
10:38:49	66.7	0.02	3	20010	买盘
10:38:45	66.68	0.01	15	100020	卖盘
10:38:39	66.67	--	0	0	卖盘
10:38:34	66.67	--	1	6667	卖盘
10:38:29	66.67	0.06	24	160008	买盘
10:38:24	66.61	--	44	293084	买盘
10:38:19	66.61	0.02	22	146542	买盘
10:38:14	66.59	-0.02	23	153157	卖盘
10:38:09	66.61	-0.06	17	113237	卖盘
10:38:04	66.67	--	4	26668	卖盘
10:38:00	66.67	0.08	1	6667	中性盘
10:37:54	66.59	0.06	80	532720	中性盘
10:37:49	66.53	-0.05	65	432445	卖盘
10:37:44	66.58	--	26	173108	买盘
10:37:39	66.58	--	74	492692	买盘
10:37:34	66.58	-0.02	32	213056	卖盘
10:37:29	66.6	0.01	81	539460	买盘
10:37:24	66.59	-0.08	26	173134	卖盘
10:37:19	66.67	0.06	21	140007	买盘
10:37:14	66.61	-0.06	15	99915	卖盘
10:37:09	66.67	--	15	100005	买盘
10:37:04	66.67	--	10	66670	买盘
10:36:59	66.67	-0.16	103	686701	卖盘
10:36:54	66.83	0.02	44	294052	买盘
10:36:44	66.81	0.01	37	247197	买盘
10:36:39	66.8	-0.05	17	113560	卖盘
10:36:34	66.85	--	2	13369	买盘
10:36:29	66.85	-0.03	59	394414	卖盘
10:36:24	66.88	-0.02	22	147136	买盘
10:36:19	66.9	0.05	10	66900	中性盘
10:36:14	66.85	-0.15	52	347619	卖盘
10:36:09	67.0	0.02	28	187600	买盘
10:36:04	66.98	-0.01	8	53584	买盘
10:35:59	66.99	0.01	13	87087	买盘
10:35:54	66.98	-0.02	32	214336	卖盘
10:35:49	67.0	--	15	100500	卖盘
10:35:44	67.0	--	26	174200	卖盘
10:35:39	67.0	-0.01	69	462300	卖盘
10:35:34	67.01	-0.02	15	100515	卖盘
10:35:29	67.03	--	10	67030	中性盘
10:35:24	67.03	-0.05	26	174278	卖盘
10:35:19	67.08	--	2	13416	买盘
10:35:14	67.08	-0.01	42	281736	买盘
10:35:09	67.09	-0.01	3	20127	卖盘
10:35:03	67.1	--	2	13419	买盘
10:34:59	67.1	-0.05	29	194589	卖盘
10:34:54	67.15	-0.1	3	20145	卖盘
10:34:44	67.25	--	7	47075	买盘
10:34:39	67.25	--	2	13450	中性盘
10:34:33	67.25	-0.01	36	242100	卖盘
10:34:29	67.26	-0.02	2	13452	买盘
10:34:24	67.28	-0.08	11	74008	卖盘
10:34:18	67.36	--	15	101040	买盘
10:34:13	67.36	0.06	1	6736	买盘
10:34:09	67.3	-0.07	16	107680	卖盘
10:34:03	67.37	--	4	26948	买盘
10:33:54	67.37	-0.03	78	527843	卖盘
10:33:48	67.4	--	14	94360	卖盘
10:33:43	67.4	-0.03	20	134800	卖盘
10:33:33	67.43	--	71	478753	买盘
10:33:28	67.43	-0.03	21	141603	卖盘
10:33:24	67.46	-0.03	7	47221	卖盘
10:33:18	67.49	--	29	195720	买盘
10:33:13	67.49	0.03	11	74239	买盘
10:33:09	67.46	-0.03	4	26983	卖盘
10:33:03	67.49	--	3	20247	买盘
10:32:54	67.49	-0.05	16	107983	卖盘
10:32:48	67.54	-0.06	51	344454	卖盘
10:32:39	67.6	--	12	81120	卖盘
10:32:33	67.6	--	5	33800	卖盘
10:32:28	67.6	--	6	40560	卖盘
10:32:23	67.6	0.01	2	13519	买盘
10:32:18	67.59	0.02	13	87867	买盘
10:32:13	67.57	-0.03	29	195952	卖盘
10:32:08	67.6	--	32	216319	买盘
10:32:03	67.6	--	2	13519	买盘
10:31:58	67.6	0.03	1	6759	买盘
10:31:53	67.57	--	1	6756	卖盘
10:31:48	67.57	0.01	3	20270	中性盘
10:31:38	67.56	0.06	17	114852	买盘
10:31:33	67.5	--	2	13500	卖盘
10:31:28	67.5	--	2	13500	卖盘
10:31:23	67.5	0.01	15	101250	买盘
10:31:18	67.49	0.04	9	60740	买盘
10:31:13	67.45	--	1	6745	卖盘
10:31:09	67.45	--	2	13490	中性盘
10:31:03	67.45	0.02	1	6745	买盘
10:30:53	67.43	--	4	26972	买盘
10:30:48	67.43	--	1	6743	买盘
10:30:43	67.43	0.01	1	6743	买盘
10:30:38	67.42	--	0	0	中性盘
10:30:33	67.42	0.01	82	552844	买盘
10:30:28	67.41	-0.01	7	47187	卖盘
10:30:23	67.42	--	3	20226	买盘
10:30:18	67.42	0.01	1	6742	买盘
10:30:13	67.41	--	1	6741	卖盘
10:30:08	67.41	--	19	128079	卖盘
10:30:03	67.41	--	61	411201	卖盘
10:29:53	67.41	0.01	13	87633	卖盘
10:29:48	67.4	--	0	0	卖盘
10:29:43	67.4	-0.01	16	107840	卖盘
10:29:38	67.41	-0.02	15	101115	中性盘
10:29:33	67.43	0.03	6	40458	买盘
10:29:28	67.4	-0.03	17	114580	卖盘
10:29:23	67.43	--	6	40458	卖盘
10:29:18	67.43	--	7	47201	卖盘
10:29:08	67.43	0.02	15	101145	买盘
10:29:03	67.41	0.01	1	6741	卖盘
10:28:58	67.4	--	5	33700	卖盘
10:28:53	67.4	--	64	431360	卖盘
10:28:48	67.4	-0.01	3	20220	卖盘
10:28:43	67.41	0.01	12	80892	中性盘
10:28:38	67.4	-0.01	36	242640	卖盘
10:28:33	67.41	-0.03	18	121338	卖盘
10:28:27	67.44	--	14	94416	卖盘
10:28:23	67.44	-0.02	9	60696	卖盘
10:28:18	67.46	0.01	4	26983	买盘
10:28:12	67.45	--	1	6745	卖盘
10:28:07	67.45	-0.02	6	40470	卖盘
10:28:03	67.47	-0.03	4	26988	中性盘
10:27:57	67.5	--	0	0	买盘
10:27:48	67.5	0.03	12	81000	买盘
10:27:42	67.47	-0.03	15	101205	卖盘
10:27:37	67.5	--	24	162000	买盘
10:27:33	67.5	0.01	2	13500	买盘
10:27:27	67.49	-0.01	3	20247	卖盘
10:27:18	67.5	-0.06	39	266355	卖盘
10:27:12	67.56	-0.02	4	30672	卖盘
10:27:07	67.58	--	4	27032	买盘
10:27:03	67.58	-0.01	11	74338	卖盘
10:26:52	67.59	--	11	74349	卖盘
10:26:48	67.59	-0.05	52	354577	卖盘
10:26:42	67.64	0.03	6	40584	买盘
10:26:37	67.61	--	0	0	卖盘
10:26:33	67.61	-0.09	50	338050	卖盘
10:26:27	67.7	0.06	4	27080	买盘
10:26:22	67.64	-0.02	2	13528	卖盘
10:26:18	67.66	--	1	6766	买盘
10:26:07	67.66	--	1	6766	卖盘
10:26:03	67.66	-0.04	15	101490	卖盘
10:25:57	67.7	0.02	4	27080	中性盘
10:25:52	67.68	--	0	0	中性盘
10:25:48	67.68	-0.04	12	81216	卖盘
10:25:42	67.72	-0.01	7	47404	卖盘
10:25:33	67.73	--	4	27092	买盘
10:25:27	67.73	--	2	13546	买盘
10:25:22	67.73	-0.03	1	6773	卖盘
10:25:12	67.76	0.03	4	27104	买盘
10:25:07	67.73	-0.03	16	108368	卖盘
10:25:03	67.76	--	2	13552	买盘
10:24:47	67.76	0.04	10	67760	买盘
10:24:42	67.72	-0.04	3	20316	卖盘
10:24:37	67.76	--	30	203280	买盘
10:24:27	67.76	0.05	5	33880	买盘
10:24:17	67.71	0.01	4	27083	买盘
10:24:12	67.7	-0.02	9	60930	卖盘
10:24:02	67.72	--	0	0	中性盘
10:23:52	67.72	0.02	1	6772	买盘
10:23:47	67.7	--	0	0	卖盘
10:23:42	67.7	-0.02	107	724390	卖盘
10:23:27	67.72	0.01	19	128668	买盘
10:23:17	67.71	--	1	6770	卖盘
10:23:12	67.71	0.01	5	33855	买盘
10:22:57	67.7	0.04	6	40620	买盘
10:22:47	67.66	-0.04	1	6766	卖盘
10:22:42	67.7	0.04	13	88010	买盘
10:22:32	67.66	--	17	115022	买盘
10:22:27	67.66	0.02	14	94724	买盘
10:22:22	67.64	0.02	2	13528	卖盘
10:22:07	67.62	--	6	40572	卖盘
10:22:02	67.62	-0.02	5	33810	卖盘
10:21:57	67.64	--	9	64528	买盘
10:21:51	67.64	--	10	67640	买盘
10:21:47	67.64	--	9	60876	买盘
10:21:42	67.64	--	6	43695	卖盘
10:21:36	67.64	-0.02	5	33820	卖盘
10:21:27	67.66	-0.02	2	13532	买盘
10:21:17	67.68	--	0	0	买盘
10:21:12	67.68	--	4	27072	买盘
10:21:06	67.68	0.04	7	47376	买盘
10:21:01	67.64	--	5	37472	买盘
10:20:56	67.64	--	3	23403	卖盘
10:20:51	67.64	-0.06	10	67640	卖盘
10:20:42	67.7	--	16	108320	买盘
10:20:36	67.7	0.02	13	88010	买盘
10:20:31	67.68	--	5	33840	卖盘
10:20:26	67.68	-0.02	25	169200	卖盘
10:20:21	67.7	0.06	6	40620	买盘
10:20:12	67.64	-0.06	4	27056	卖盘
10:20:06	67.7	0.06	1	6770	买盘
10:20:01	67.64	-0.04	6	40584	卖盘
10:19:51	67.68	0.04	5	37494	买盘
10:19:46	67.64	0.01	2	13528	买盘
10:19:42	67.63	0.01	1	6763	买盘
10:19:36	67.62	--	28	189336	卖盘
10:19:26	67.62	--	2	13524	卖盘
10:19:21	67.62	--	5	33810	卖盘
10:19:12	67.62	0.01	1	6762	中性盘
10:19:06	67.61	--	0	0	卖盘
10:19:01	67.61	-0.03	10	67610	卖盘
10:18:56	67.64	-0.07	6	40584	中性盘
10:18:51	67.71	--	6	40625	买盘
10:18:46	67.71	--	3	20312	买盘
10:18:36	67.71	--	8	54167	买盘
10:18:31	67.71	--	24	162503	卖盘
10:18:11	67.71	--	5	33855	买盘
10:18:06	67.71	--	10	67710	买盘
10:18:01	67.71	--	3	20312	买盘
10:17:51	67.71	0.01	5	33855	买盘
10:17:46	67.7	--	2	13540	买盘
10:17:41	67.7	0.11	8	54160	买盘
10:17:36	67.59	--	1	6759	卖盘
10:17:31	67.59	--	1	6759	卖盘
10:17:26	67.59	-0.01	11	74349	卖盘
10:17:21	67.6	0.01	47	317720	买盘
10:17:16	67.59	0.03	3	20277	买盘
10:17:11	67.56	--	1	6756	卖盘
10:16:56	67.56	0.01	9	60804	买盘
10:16:51	67.55	-0.01	4	27020	卖盘
10:16:46	67.56	--	10	67560	买盘
10:16:41	67.56	0.01	1	6756	买盘
10:16:36	67.55	0.01	5	33775	买盘
10:16:26	67.54	--	7	47278	卖盘
10:16:21	67.54	-0.01	36	243144	卖盘
10:16:16	67.55	0.01	5	33775	买盘
10:16:11	67.54	0.04	11	74294	买盘
10:16:06	67.5	-0.04	4	27000	卖盘
10:16:01	67.54	0.04	2	13508	买盘
10:15:56	67.5	0.02	11	74250	买盘
10:15:51	67.48	0.04	3	20244	买盘
10:15:46	67.44	--	8	53952	卖盘
10:15:41	67.44	-0.06	53	357432	卖盘
10:15:36	67.5	0.01	5	33750	买盘
10:15:30	67.49	0.07	2	13497	买盘
10:15:26	67.42	--	3	20226	卖盘
10:15:21	67.42	--	23	155066	卖盘
10:15:16	67.42	--	10	67420	卖盘
10:15:11	67.42	--	18	121356	卖盘
10:15:06	67.42	0.03	31	209002	买盘
10:15:01	67.39	-0.01	30	202170	卖盘
10:14:56	67.4	--	10	67400	买盘
10:14:51	67.4	--	61	411140	卖盘
10:14:45	67.4	-0.02	6	40440	卖盘
10:14:41	67.42	0.02	19	128098	买盘
10:14:36	67.4	0.02	2	13480	卖盘
10:14:30	67.38	--	1	6738	卖盘
10:14:26	67.38	--	18	125663	卖盘
10:14:21	67.38	-0.02	22	148236	卖盘
10:14:15	67.4	--	43	289820	买盘
10:14:10	67.4	--	1	6740	买盘
10:14:06	67.4	--	18	121320	买盘
10:14:00	67.4	-0.1	133	898779	卖盘
10:13:55	67.5	--	3	20250	买盘
10:13:51	67.5	--	54	368887	买盘
10:13:45	67.5	--	4	27000	买盘
10:13:40	67.5	0.07	30	202500	买盘
10:13:36	67.43	-0.07	35	236005	卖盘
10:13:30	67.5	--	0	0	买盘
10:13:25	67.5	0.07	87	587250	买盘
10:13:20	67.43	-0.07	51	343893	卖盘
10:13:15	67.5	--	9	60750	买盘
10:13:10	67.5	--	2	13500	买盘
10:13:06	67.5	--	1	6750	买盘
10:13:00	67.5	0.02	54	364500	买盘
10:12:55	67.48	-0.02	37	249676	卖盘
10:12:51	67.5	--	56	378000	买盘
10:12:45	67.5	--	11	74250	买盘
10:12:40	67.5	--	7	47250	买盘
10:12:36	67.5	-0.05	115	776250	卖盘
10:12:30	67.55	--	101	682255	买盘
10:12:25	67.55	0.03	6	40530	买盘
10:12:20	67.52	-0.03	12	81024	卖盘
10:12:15	67.55	-0.01	12	81060	买盘
10:12:10	67.56	--	0	0	买盘
10:12:05	67.56	-0.03	20	135120	中性盘
10:12:00	67.59	0.07	9	60831	买盘
10:11:55	67.52	--	2	13504	卖盘
10:11:50	67.52	-0.04	8	54016	卖盘
10:11:45	67.56	-0.03	1	6756	卖盘
10:11:40	67.59	--	5	33795	买盘
10:11:35	67.59	--	11	74349	卖盘
10:11:30	67.59	--	7	47313	卖盘
10:11:25	67.59	-0.12	26	175734	卖盘
10:11:20	67.71	0.1	13	88022	买盘
10:11:15	67.61	-0.11	4	27044	卖盘
10:11:10	67.72	--	17	115124	买盘
10:11:00	67.72	-0.04	14	94808	卖盘
10:10:55	67.76	0.04	4	27104	买盘
10:10:50	67.72	-0.04	6	40632	卖盘
10:10:45	67.76	0.03	6	40656	买盘
10:10:40	67.73	--	6	40638	买盘
10:10:35	67.73	-0.03	13	88049	中性盘
10:10:30	67.76	0.01	47	318472	买盘
10:10:25	67.75	--	15	101625	买盘
10:10:20	67.75	-0.01	22	149050	卖盘
10:10:15	67.76	--	6	40656	买盘
10:10:10	67.76	--	1	6776	买盘
10:10:05	67.76	0.01	7	47432	中性盘
10:10:00	67.75	0.05	21	142275	卖盘
10:09:50	67.7	0.11	4	27080	中性盘
10:09:45	67.59	-0.11	3	20277	卖盘
10:09:35	67.7	0.2	55	372350	买盘
10:09:30	67.5	--	0	0	中性盘
10:09:25	67.5	--	2	13500	卖盘
10:09:20	67.5	--	13	87750	卖盘
10:09:15	67.5	0.07	26	175500	买盘
10:09:10	67.43	--	5	33715	卖盘
10:09:05	67.43	-0.07	12	80916	卖盘
10:09:00	67.5	0.07	1	6750	中性盘
10:08:55	67.43	-0.08	12	80916	卖盘
10:08:50	67.51	0.08	45	303795	买盘
10:08:45	67.43	0.01	12	80916	买盘
10:08:40	67.42	-0.01	1	6742	卖盘
10:08:35	67.43	-0.08	6	40458	买盘
10:08:30	67.51	0.01	25	168775	买盘
10:08:24	67.5	0.07	25	168750	买盘
10:08:20	67.43	--	19	128117	卖盘
10:08:15	67.43	-0.06	13	87659	卖盘
10:08:09	67.49	-0.01	21	141729	中性盘
10:08:04	67.5	-0.01	24	162000	中性盘
10:08:00	67.51	0.01	18	121518	中性盘
10:07:54	67.5	-0.02	9	60750	卖盘
10:07:49	67.52	--	0	0	中性盘
10:07:45	67.52	0.01	57	384864	买盘
10:07:39	67.51	--	10	67510	卖盘
10:07:34	67.51	-0.01	13	87763	卖盘
10:07:30	67.52	-0.07	28	189056	卖盘
10:07:24	67.59	-0.01	25	168975	中性盘
10:07:19	67.6	-0.1	15	101399	卖盘
10:07:15	67.7	-0.04	12	81240	买盘
10:07:09	67.74	--	12	81288	买盘
10:07:04	67.74	0.03	12	81288	买盘
10:07:00	67.71	-0.04	16	108335	卖盘
10:06:54	67.75	-0.2	14	94850	中性盘
10:06:49	67.95	0.09	11	74745	买盘
10:06:45	67.86	0.06	41	278226	买盘
10:06:39	67.8	-0.1	41	277980	卖盘
10:06:24	67.9	-0.1	103	699370	卖盘
10:06:19	68.0	0.05	19	129200	买盘
10:06:15	67.95	0.01	4	27180	卖盘
10:06:09	67.94	-0.02	4	27176	卖盘
10:06:04	67.96	-0.03	2	13591	买盘
10:05:59	67.99	0.02	1	6798	卖盘
10:05:54	67.97	-0.02	3	20391	卖盘
10:05:49	67.99	--	6	40794	卖盘
10:05:44	67.99	0.03	12	81588	买盘
10:05:39	67.96	-0.01	71	485642	卖盘
10:05:34	67.97	-0.02	45	305865	买盘
10:05:29	67.99	0.03	9	61190	买盘
10:05:24	67.96	-0.01	5	37649	卖盘
10:05:19	67.97	0.01	30	203910	买盘
10:05:14	67.96	-0.01	28	190287	中性盘
10:05:09	67.97	0.04	15	101955	买盘
10:05:04	67.93	-0.04	38	258134	卖盘
10:04:59	67.97	-0.02	14	95158	买盘
10:04:54	67.99	--	21	142779	买盘
10:04:49	67.99	--	7	47593	买盘
10:04:44	67.99	0.02	12	81588	买盘
10:04:39	67.97	0.02	8	54376	中性盘
10:04:34	67.95	0.02	1	6795	卖盘
10:04:29	67.93	-0.02	20	135860	卖盘
10:04:24	67.95	--	6	40770	买盘
10:04:19	67.95	-0.04	12	81540	卖盘
10:04:14	67.99	--	5	33995	买盘
10:04:09	67.99	0.01	8	54391	买盘
10:04:04	67.98	0.05	5	33990	买盘
10:03:59	67.93	-0.06	13	88309	卖盘
10:03:54	67.99	0.01	11	74789	买盘
10:03:49	67.98	0.05	2	13596	买盘
10:03:44	67.93	-0.07	18	122274	卖盘
10:03:39	68.0	--	6	40800	买盘
10:03:34	68.0	--	7	47600	买盘
10:03:29	68.0	--	12	81600	买盘
10:03:24	68.0	--	31	213928	卖盘
10:03:19	68.0	--	2	13600	卖盘
10:03:14	68.0	--	38	258400	卖盘
10:03:09	68.0	--	15	105672	卖盘
10:03:04	68.0	-0.02	32	217600	卖盘
10:02:59	68.02	0.02	27	183654	中性盘
10:02:54	68.0	-0.01	53	360400	卖盘
10:02:48	68.01	-0.01	7	47607	卖盘
10:02:44	68.02	0.02	5	34010	卖盘
10:02:39	68.0	--	0	0	中性盘
10:02:34	68.0	-0.08	105	714000	卖盘
10:02:29	68.08	0.07	17	115736	卖盘
10:02:24	68.01	-0.07	40	272040	卖盘
10:02:19	68.08	--	0	0	买盘
10:02:14	68.08	--	14	95312	买盘
10:02:09	68.08	-0.02	4	27232	中性盘
10:01:59	68.1	--	7	47669	买盘
10:01:54	68.1	0.09	11	74910	买盘
10:01:48	68.01	0.01	5	34005	中性盘
10:01:43	68.0	-0.1	7	47600	卖盘
10:01:39	68.1	0.1	9	61289	买盘
10:01:33	68.0	--	31	210800	卖盘
10:01:28	68.0	--	29	197200	卖盘
10:01:24	68.0	0.11	30	204000	买盘
10:01:18	67.89	-0.01	42	285138	卖盘
10:01:09	67.9	--	12	81480	卖盘
10:01:03	67.9	0.07	1	6790	买盘
10:00:58	67.83	--	1	6783	卖盘
10:00:54	67.83	-0.07	21	142443	卖盘
10:00:48	67.9	-0.1	7	47530	买盘
10:00:43	68.0	--	17	115600	买盘
10:00:39	68.0	--	33	224400	买盘
10:00:33	68.0	-0.21	21	142800	卖盘
10:00:24	68.21	0.01	73	497932	买盘
10:00:18	68.2	-0.2	29	197780	卖盘
10:00:09	68.4	0.19	2	13680	买盘
10:00:03	68.21	-0.19	19	129598	卖盘
09:59:58	68.4	--	10	68400	卖盘
09:59:54	68.4	-0.02	33	225720	卖盘
09:59:48	68.42	-0.06	5	34210	卖盘
09:59:43	68.48	0.01	11	75328	买盘
09:59:38	68.47	-0.03	3	20541	买盘
09:59:33	68.5	0.02	19	130150	买盘
09:59:28	68.48	-0.02	1	6848	卖盘
09:59:23	68.5	--	2	13700	买盘
09:59:18	68.5	0.01	26	178100	买盘
09:59:13	68.49	-0.2	7	47943	卖盘
09:59:03	68.69	--	4	27476	买盘
09:58:58	68.69	-0.01	2	13738	买盘
09:58:53	68.7	--	0	0	买盘
09:58:48	68.7	--	0	0	买盘
09:58:43	68.7	0.2	5	34350	买盘
09:58:38	68.5	-0.19	76	520600	卖盘
09:58:28	68.69	0.04	1	6869	卖盘
09:58:23	68.65	--	0	0	卖盘
09:58:18	68.65	-0.03	59	405035	卖盘
09:58:13	68.68	0.03	3	20604	买盘
09:58:08	68.65	--	15	102975	卖盘
09:58:03	68.65	-0.03	27	185355	卖盘
09:57:58	68.68	--	2	13736	买盘
09:57:53	68.68	0.03	7	48076	买盘
09:57:48	68.65	-0.03	7	48055	卖盘
09:57:43	68.68	0.03	3	20604	买盘
09:57:38	68.65	--	14	96110	买盘
09:57:28	68.65	0.1	12	82380	买盘
09:57:23	68.55	--	1	6855	卖盘
09:57:18	68.55	0.05	9	61695	买盘
09:57:13	68.5	-0.01	7	47950	卖盘
09:57:08	68.51	0.01	4	27404	买盘
09:57:03	68.5	--	8	54800	卖盘
09:56:53	68.5	-0.01	23	157550	中性盘
09:56:48	68.51	0.01	2	13702	买盘
09:56:38	68.5	--	28	191800	买盘
09:56:33	68.5	--	8	54800	买盘
09:56:23	68.5	--	10	68500	买盘
09:56:18	68.5	--	14	95900	买盘
09:56:13	68.5	0.02	8	54800	买盘
09:56:08	68.48	-0.01	21	143808	卖盘
09:56:03	68.49	-0.01	27	184923	中性盘
09:55:52	68.5	0.04	3	20550	买盘
09:55:48	68.46	0.01	22	150612	买盘
09:55:42	68.45	-0.01	32	219040	卖盘
09:55:38	68.46	--	32	219071	买盘
09:55:33	68.46	--	28	191687	买盘
09:55:27	68.46	-0.02	8	54767	卖盘
09:55:22	68.48	--	22	150656	买盘
09:55:18	68.48	--	10	68480	买盘
09:55:12	68.48	-0.02	7	47936	卖盘
09:55:03	68.5	-0.01	9	61650	中性盘
09:54:57	68.51	--	53	363103	买盘
09:54:52	68.51	--	5	34255	买盘
09:54:47	68.51	--	10	68510	卖盘
09:54:42	68.51	--	3	20553	卖盘
09:54:37	68.51	--	7	47957	卖盘
09:54:32	68.51	-0.04	9	61659	卖盘
09:54:27	68.55	--	7	47985	买盘
09:54:22	68.55	--	3	20565	买盘
09:54:17	68.55	--	42	287910	买盘
09:54:12	68.55	-0.05	44	301620	卖盘
09:54:07	68.6	--	3	20580	买盘
09:54:02	68.6	-0.08	10	68600	卖盘
09:53:57	68.68	0.08	7	48076	买盘
09:53:52	68.6	-0.06	15	102899	卖盘
09:53:47	68.66	-0.04	5	34330	卖盘
09:53:42	68.7	--	9	61830	买盘
09:53:32	68.7	--	3	20610	买盘
09:53:27	68.7	--	47	322890	卖盘
09:53:22	68.7	--	5	34350	买盘
09:53:17	68.7	--	0	0	中性盘
09:53:12	68.7	0.04	1	6870	买盘
09:53:02	68.66	-0.03	6	41196	卖盘
09:52:57	68.69	0.03	5	34345	买盘
09:52:52	68.66	--	3	20598	卖盘
09:52:42	68.66	-0.02	5	34330	卖盘
09:52:32	68.68	0.11	68	467024	买盘
09:52:27	68.57	-0.01	5	34285	卖盘
09:52:22	68.58	-0.02	3	20574	买盘
09:52:17	68.6	--	18	123479	卖盘
09:52:12	68.6	0.05	14	96039	中性盘
09:52:07	68.55	-0.13	18	123390	卖盘
09:52:02	68.68	--	28	192304	买盘
09:51:57	68.68	0.01	47	322796	买盘
09:51:47	68.67	0.08	3	20601	中性盘
09:51:42	68.59	-0.1	7	48013	卖盘
09:51:32	68.69	0.01	1	6869	买盘
09:51:27	68.68	-0.03	1	6868	买盘
09:51:22	68.71	--	0	0	买盘
09:51:17	68.71	--	0	0	买盘
09:51:12	68.71	-0.04	11	75581	卖盘
09:51:07	68.75	0.2	17	116875	买盘
09:51:02	68.55	-0.23	15	102825	卖盘
09:50:57	68.78	--	16	110048	买盘
09:50:52	68.78	0.08	20	137560	买盘
09:50:47	68.7	--	13	89310	卖盘
09:50:42	68.7	--	23	158010	卖盘
09:50:27	68.7	0.15	47	322890	买盘
09:50:22	68.55	-0.03	2	13710	卖盘
09:50:17	68.58	-0.02	3	20574	卖盘
09:50:12	68.6	0.05	4	27439	中性盘
09:50:07	68.55	-0.05	5	34275	卖盘
09:50:01	68.6	0.02	11	75460	买盘
09:49:57	68.58	-0.02	1	6858	中性盘
09:49:51	68.6	--	14	96039	买盘
09:49:47	68.6	--	32	219519	买盘
09:49:42	68.6	-0.07	31	212659	中性盘
09:49:36	68.67	-0.02	13	89271	买盘
09:49:31	68.69	--	0	0	买盘
09:49:27	68.69	0.19	4	27476	买盘
09:49:21	68.5	0.06	17	116450	卖盘
09:49:16	68.44	--	0	0	卖盘
09:49:11	68.44	-0.25	1	6844	卖盘
09:49:06	68.69	--	0	0	中性盘
09:49:01	68.69	0.25	9	61821	买盘
09:48:57	68.44	-0.26	81	554364	卖盘
09:48:51	68.7	--	5	34350	卖盘
09:48:46	68.7	-0.07	18	123660	卖盘
09:48:42	68.77	-0.02	24	165048	中性盘
09:48:36	68.79	-0.01	1	6879	中性盘
09:48:31	68.8	0.09	3	20640	买盘
09:48:26	68.71	-0.11	19	130548	卖盘
09:48:21	68.82	0.02	24	165167	买盘
09:48:16	68.8	-0.09	20	137600	卖盘
09:48:11	68.89	0.04	30	206670	买盘
09:48:06	68.85	--	13	89504	卖盘
09:48:01	68.85	-0.05	3	20655	卖盘
09:47:57	68.9	-0.02	1	6890	卖盘
09:47:51	68.92	0.07	13	89596	买盘
09:47:46	68.85	-0.05	78	537030	中性盘
09:47:42	68.9	-0.06	6	41340	买盘
09:47:36	68.96	0.04	43	296528	买盘
09:47:31	68.92	-0.04	7	48244	中性盘
09:47:26	68.96	0.01	22	151712	买盘
09:47:21	68.95	0.05	6	41370	买盘
09:47:16	68.9	0.02	16	110240	买盘
09:47:11	68.88	-0.09	10	68880	中性盘
09:47:06	68.97	0.05	55	379335	卖盘
09:47:01	68.92	--	0	0	卖盘
09:46:56	68.92	0.01	46	317032	卖盘
09:46:51	68.91	-0.07	4	27564	卖盘
09:46:46	68.98	--	11	75878	买盘
09:46:41	68.98	0.06	3	20694	买盘
09:46:36	68.92	0.02	9	62028	卖盘
09:46:31	68.9	--	0	0	中性盘
09:46:26	68.9	-0.07	2	13780	买盘
09:46:21	68.97	0.07	19	131043	买盘
09:46:11	68.9	0.01	26	179140	卖盘
09:46:06	68.89	-0.01	44	303116	卖盘
09:46:01	68.9	0.01	148	1023165	买盘
09:45:56	68.89	0.02	9	62001	买盘
09:45:51	68.87	0.01	20	137740	买盘
09:45:46	68.86	0.01	9	61974	买盘
09:45:41	68.85	-0.02	35	240974	卖盘
09:45:36	68.87	0.01	39	268593	买盘
09:45:31	68.86	--	7	48202	卖盘
09:45:26	68.86	--	11	75746	买盘
09:45:21	68.86	0.02	15	103290	买盘
09:45:16	68.84	-0.01	32	220288	卖盘
09:45:11	68.85	0.01	33	227204	买盘
09:45:06	68.84	--	5	34420	卖盘
09:45:01	68.84	0.04	2	13768	买盘
09:44:56	68.8	-0.02	16	110080	卖盘
09:44:51	68.82	0.01	15	103229	买盘
09:44:46	68.81	--	4	27524	买盘
09:44:41	68.81	--	5	34405	买盘
09:44:36	68.81	0.02	17	116977	买盘
09:44:31	68.79	-0.01	22	151338	卖盘
09:44:26	68.8	0.03	33	227040	买盘
09:44:21	68.77	--	5	34385	卖盘
09:44:16	68.77	0.01	9	61893	卖盘
09:44:06	68.76	--	32	220032	买盘
09:44:01	68.76	--	1	6876	买盘
09:43:56	68.76	0.07	13	89388	买盘
09:43:51	68.69	-0.01	9	61821	买盘
09:43:45	68.7	-0.06	1	6870	中性盘
09:43:41	68.76	0.1	43	295668	买盘
09:43:36	68.66	--	5	34330	卖盘
09:43:30	68.66	-0.04	55	377630	卖盘
09:43:25	68.7	--	31	212970	卖盘
09:43:20	68.7	--	14	96180	卖盘
09:43:15	68.7	--	20	137400	卖盘
09:43:10	68.7	0.04	65	446550	买盘
09:43:05	68.66	0.04	19	130454	买盘
09:43:00	68.62	0.02	23	157826	卖盘
09:42:55	68.6	--	0	0	卖盘
09:42:51	68.6	-0.02	8	54879	卖盘
09:42:45	68.62	0.07	21	144102	买盘
09:42:35	68.55	-0.05	13	89115	卖盘
09:42:30	68.6	0.05	4	27439	买盘
09:42:25	68.55	0.05	4	27420	买盘
09:42:20	68.5	0.06	6	41100	卖盘
09:42:15	68.44	-0.16	9	61596	中性盘
09:42:10	68.6	0.17	11	75460	买盘
09:42:05	68.43	0.01	35	239505	买盘
09:42:00	68.42	0.01	20	136840	买盘
09:41:55	68.41	-0.01	6	41046	卖盘
09:41:50	68.42	--	5	34210	买盘
09:41:45	68.42	-0.01	22	150524	卖盘
09:41:40	68.43	0.01	11	75273	卖盘
09:41:35	68.42	-0.01	56	383152	卖盘
09:41:30	68.43	--	42	287406	卖盘
09:41:25	68.43	0.03	9	61587	中性盘
09:41:20	68.4	-0.05	125	855000	卖盘
09:41:15	68.45	0.05	8	54760	买盘
09:41:10	68.4	--	5	34200	卖盘
09:41:05	68.4	-0.1	74	506160	卖盘
09:41:00	68.5	-0.1	9	61650	卖盘
09:40:55	68.6	-0.02	17	116619	卖盘
09:40:50	68.62	--	44	301928	卖盘
09:40:45	68.62	-0.02	18	123516	卖盘
09:40:40	68.64	-0.06	2	13728	卖盘
09:40:35	68.7	--	4	27480	卖盘
09:40:30	68.7	-0.08	28	192360	卖盘
09:40:25	68.78	--	5	34390	买盘
09:40:20	68.78	-0.02	45	309510	卖盘
09:40:15	68.8	-0.04	19	130720	卖盘
09:40:10	68.84	0.04	34	234056	买盘
09:40:05	68.8	--	37	254560	卖盘
09:40:00	68.8	-0.01	38	261440	卖盘
09:39:55	68.81	--	0	0	中性盘
09:39:50	68.81	-0.06	25	172025	中性盘
09:39:45	68.87	0.07	137	943519	买盘
09:39:40	68.8	-0.07	12	82560	卖盘
09:39:35	68.87	0.07	41	282367	买盘
09:39:30	68.8	--	24	165120	买盘
09:39:25	68.8	0.02	10	68800	买盘
09:39:20	68.78	-0.09	41	281998	卖盘
09:39:15	68.87	0.08	127	874649	买盘
09:39:10	68.79	--	9	61911	卖盘
09:39:05	68.79	0.01	32	220128	买盘
09:39:00	68.78	0.03	53	364534	买盘
09:38:55	68.75	-0.03	9	61875	卖盘
09:38:50	68.78	0.01	14	96292	买盘
09:38:45	68.77	-0.01	1	6877	买盘
09:38:40	68.78	-0.02	30	206340	卖盘
09:38:35	68.8	-0.08	9	61920	买盘
09:38:30	68.88	0.12	101	695688	买盘
09:38:25	68.76	--	11	75636	买盘
09:38:20	68.76	-0.14	26	178776	卖盘
09:38:15	68.9	0.12	130	899145	买盘
09:38:10	68.78	0.02	24	165072	买盘
09:38:05	68.76	0.06	35	240660	卖盘
09:38:00	68.7	-0.06	108	741960	卖盘
09:37:55	68.76	--	32	223470	买盘
09:37:50	68.76	0.06	86	591336	买盘
09:37:45	68.7	0.02	75	515250	中性盘
09:37:39	68.68	-0.02	25	171700	卖盘
09:37:34	68.7	0.02	19	130530	买盘
09:37:29	68.68	0.1	8	54944	买盘
09:37:25	68.58	0.01	4	27432	买盘
09:37:19	68.57	0.07	65	445704	买盘
09:37:15	68.5	0.02	23	157550	买盘
09:37:10	68.48	0.03	18	123264	买盘
09:37:04	68.45	0.02	18	123210	买盘
09:36:59	68.43	0.13	24	164232	买盘
09:36:54	68.3	0.05	7	47810	买盘
09:36:44	68.25	0.01	12	81900	中性盘
09:36:39	68.24	--	39	266136	卖盘
09:36:34	68.24	0.02	17	116007	买盘
09:36:29	68.22	0.02	4	27288	买盘
09:36:24	68.2	--	30	204600	卖盘
09:36:19	68.2	--	78	531960	买盘
09:36:14	68.2	0.02	12	81840	买盘
09:36:09	68.18	-0.02	4	27272	中性盘
09:36:04	68.2	--	3	20460	买盘
09:35:59	68.2	0.03	14	95480	买盘
09:35:54	68.17	-0.03	27	184059	买盘
09:35:49	68.2	--	0	0	买盘
09:35:44	68.2	0.19	48	327360	买盘
09:35:39	68.01	-0.09	23	156423	中性盘
09:35:34	68.1	-0.09	31	211109	买盘
09:35:29	68.19	0.19	104	709176	买盘
09:35:24	68.0	-0.06	20	136000	卖盘
09:35:19	68.06	0.01	10	68060	买盘
09:35:14	68.05	-0.01	23	156515	卖盘
09:35:09	68.06	0.05	48	326688	买盘
09:35:04	68.01	-0.04	13	88413	卖盘
09:34:59	68.05	--	6	40830	卖盘
09:34:54	68.05	0.05	33	224565	买盘
09:34:49	68.0	--	12	81600	卖盘
09:34:44	68.0	--	0	0	卖盘
09:34:39	68.0	--	19	129200	买盘
09:34:34	68.0	--	2	13600	中性盘
09:34:29	68.0	--	27	183600	买盘
09:34:24	68.0	0.16	3	20400	中性盘
09:34:19	67.84	--	0	0	卖盘
09:34:14	67.84	-0.16	61	413824	卖盘
09:34:09	68.0	0.2	20	136000	买盘
09:34:04	67.8	--	10	67800	卖盘
09:33:59	67.8	--	25	169500	卖盘
09:33:54	67.8	-0.18	9	61020	卖盘
09:33:49	67.98	0.18	6	40788	中性盘
09:33:44	67.8	-0.2	15	101700	卖盘
09:33:39	68.0	0.2	133	904400	买盘
09:33:29	67.8	0.06	15	101700	中性盘
09:33:24	67.74	--	51	345474	卖盘
09:33:19	67.74	-0.03	5	33870	卖盘
09:33:14	67.77	0.03	30	203310	中性盘
09:33:09	67.74	--	13	88062	卖盘
09:33:04	67.74	0.02	13	88062	中性盘
09:32:59	67.72	-0.28	24	162528	卖盘
09:32:54	68.0	0.18	22	149600	买盘
09:32:49	67.82	-0.18	3	20345	卖盘
09:32:44	68.0	-0.08	14	95200	卖盘
09:32:39	68.08	-0.02	27	183816	买盘
09:32:34	68.1	--	1	10623	卖盘
09:32:29	68.1	0.02	73	497129	中性盘
09:32:24	68.08	--	162	1102896	卖盘
09:32:19	68.08	-0.02	78	531024	卖盘
09:32:14	68.1	0.02	15	102149	买盘
09:32:09	68.08	-0.02	41	279128	卖盘
09:32:04	68.1	--	27	183869	买盘
09:31:59	68.1	--	131	892109	卖盘
09:31:54	68.1	-0.07	62	422219	卖盘
09:31:49	68.17	0.02	12	81804	买盘
09:31:44	68.15	--	31	211265	卖盘
09:31:39	68.15	--	92	626980	卖盘
09:31:34	68.15	-0.02	7	47705	卖盘
09:31:29	68.17	0.01	97	661249	买盘
09:31:24	68.16	-0.01	9	61344	卖盘
09:31:18	68.17	0.01	138	940746	买盘
09:31:13	68.16	0.06	42	286272	买盘
09:31:08	68.1	--	48	326880	卖盘
09:31:03	68.1	-0.06	40	272400	卖盘
09:30:58	68.16	0.02	26	177216	买盘
09:30:53	68.14	0.04	23	156722	中性盘
09:30:48	68.1	0.02	41	279210	买盘
09:30:38	68.08	--	17	118731	卖盘
09:30:33	68.08	0.08	82	558256	买盘
09:30:28	68.0	--	33	224400	买盘
09:30:23	68.0	--	29	197200	卖盘
09:30:18	68.0	-0.08	2	13600	卖盘
09:30:08	68.08	0.08	243	1654344	买盘
09:30:03	68.0	-0.2	35	238000	卖盘
09:28:45	68.2	--	0	0	买盘
09:25:11	68.2	68.2	176	1200320	买盘
