成交时间	成交价	价格变动	成交量(手)	成交额(元)	性质
15:00:00	8.68	--	0	0	卖盘
15:00:00	8.68	--	0	0	卖盘
14:59:59	8.68	-0.01	3	2604	卖盘
14:59:53	8.69	--	348	302412	买盘
14:59:49	8.69	0.01	10	8690	买盘
14:59:44	8.68	-0.01	111	96348	卖盘
14:59:38	8.69	--	75	65174	买盘
14:59:34	8.69	--	33	28677	买盘
14:59:29	8.69	--	28	24332	买盘
14:59:23	8.69	0.01	12	10428	买盘
14:59:19	8.68	--	10	8680	卖盘
14:59:14	8.68	-0.01	71	61628	卖盘
14:59:08	8.69	0.01	26	22594	买盘
14:59:04	8.68	--	42	36456	卖盘
14:58:59	8.68	-0.01	15	13020	卖盘
14:58:49	8.69	0.01	39	33891	买盘
14:58:44	8.68	--	27	23436	卖盘
14:58:38	8.68	--	3	2604	卖盘
14:58:23	8.68	--	54	46872	卖盘
14:58:19	8.68	-0.01	63	54684	卖盘
14:58:14	8.69	0.01	24	20856	买盘
14:58:04	8.68	-0.01	20	17360	卖盘
14:57:59	8.69	0.01	25	21725	买盘
14:57:53	8.68	-0.01	24	20832	卖盘
14:57:44	8.69	--	33	28677	买盘
14:57:38	8.69	--	1	869	买盘
14:57:29	8.69	--	20	17380	买盘
14:57:23	8.69	0.01	74	64305	买盘
14:57:19	8.68	-0.01	241	209188	卖盘
14:57:14	8.69	0.01	10	8690	买盘
14:57:08	8.68	-0.01	47	40796	卖盘
14:56:59	8.69	--	19	16511	买盘
14:56:49	8.69	--	6	5214	买盘
14:56:38	8.69	0.01	21	18249	买盘
14:56:34	8.68	-0.01	53	46004	卖盘
14:56:29	8.69	--	64	55616	买盘
14:56:08	8.69	0.01	4	3476	买盘
14:56:04	8.68	-0.01	30	26040	卖盘
14:55:59	8.69	--	6	5214	买盘
14:55:48	8.69	0.01	26	22594	买盘
14:55:44	8.68	-0.01	75	65100	卖盘
14:55:38	8.69	--	252	218988	买盘
14:55:34	8.69	--	139	120791	买盘
14:55:28	8.69	--	1	869	买盘
14:55:23	8.69	--	908	789052	买盘
14:55:17	8.69	0.01	46	39974	买盘
14:55:13	8.68	-0.01	40	34720	卖盘
14:55:08	8.69	--	529	459701	买盘
14:54:58	8.69	0.01	6	5214	买盘
14:54:53	8.68	--	60	52080	卖盘
14:54:47	8.68	-0.01	93	80724	卖盘
14:54:43	8.69	--	10	8690	买盘
14:54:23	8.69	0.01	5	4345	买盘
14:54:17	8.68	-0.01	13	11284	卖盘
14:54:02	8.69	--	50	43450	买盘
14:53:47	8.69	--	39	33891	买盘
14:53:43	8.69	--	28	24332	买盘
14:53:38	8.69	--	36	31284	买盘
14:53:32	8.69	--	15	13035	买盘
14:53:23	8.69	--	10	8690	买盘
14:53:17	8.69	--	129	112101	买盘
14:53:08	8.69	--	50	43450	买盘
14:52:43	8.69	0.01	60	52140	买盘
14:52:38	8.68	-0.01	100	86800	卖盘
14:52:32	8.69	0.01	2	1738	买盘
14:52:23	8.68	-0.01	4	3472	卖盘
14:52:17	8.69	--	69	59961	买盘
14:52:13	8.69	--	20	17380	买盘
14:52:02	8.69	0.01	39	33891	买盘
14:51:58	8.68	-0.01	60	52080	卖盘
14:51:47	8.69	0.01	130	112970	买盘
14:51:43	8.68	-0.01	2	1736	卖盘
14:51:38	8.69	--	20	17380	买盘
14:51:32	8.69	0.01	60	52140	买盘
14:51:28	8.68	-0.01	10	8680	卖盘
14:51:17	8.69	--	98	85162	买盘
14:51:13	8.69	--	50	43450	买盘
14:51:08	8.69	--	1	869	买盘
14:50:47	8.69	--	21	18249	买盘
14:50:43	8.69	--	1	869	买盘
14:50:38	8.69	-0.01	45	39105	卖盘
14:50:32	8.7	0.01	1	869	买盘
14:50:28	8.69	--	111	96459	卖盘
14:50:17	8.69	0.01	301	262264	买盘
14:50:08	8.68	-0.01	4	3472	卖盘
14:49:58	8.69	--	3	2607	买盘
14:49:43	8.69	0.01	20	17380	买盘
14:49:38	8.68	--	5	4340	卖盘
14:49:32	8.68	--	224	194432	卖盘
14:49:27	8.68	-0.01	6	5208	卖盘
14:49:22	8.69	0.01	20	17380	买盘
14:49:12	8.68	--	8	6944	卖盘
14:48:58	8.68	-0.01	10	8680	卖盘
14:48:47	8.69	0.01	15	13035	买盘
14:48:41	8.68	-0.01	50	43400	卖盘
14:48:32	8.69	0.01	18	15642	买盘
14:48:26	8.68	-0.01	66	57288	卖盘
14:48:22	8.69	0.01	20	17380	买盘
14:48:11	8.68	-0.01	50	43400	卖盘
14:48:07	8.69	--	100	86900	买盘
14:48:02	8.69	--	12	10428	买盘
14:47:56	8.69	--	9	7994	卖盘
14:47:52	8.69	-0.01	20	17380	卖盘
14:47:41	8.7	0.01	22	19140	买盘
14:47:17	8.69	-0.01	1	869	卖盘
14:47:11	8.7	--	4	3479	买盘
14:46:56	8.7	0.01	22	19140	买盘
14:46:52	8.69	-0.01	20	17380	卖盘
14:46:41	8.7	--	47	40890	买盘
14:46:32	8.7	0.01	6	5220	买盘
14:46:26	8.69	--	184	159896	卖盘
14:46:17	8.69	--	155	134695	卖盘
14:46:11	8.69	--	20	17380	卖盘
14:46:02	8.69	--	10	8690	卖盘
14:45:52	8.69	-0.01	163	141647	卖盘
14:45:47	8.7	0.01	10	8700	买盘
14:45:41	8.69	--	10	8690	卖盘
14:45:32	8.69	--	2	1738	卖盘
14:45:26	8.69	-0.01	26	22594	卖盘
14:45:22	8.7	--	166	144420	买盘
14:45:17	8.7	0.01	87	75690	买盘
14:45:11	8.69	--	17	14773	卖盘
14:45:07	8.69	--	250	217250	卖盘
14:44:56	8.69	-0.01	1	869	卖盘
14:44:47	8.7	--	10	8700	买盘
14:44:11	8.7	0.01	162	140940	买盘
14:43:56	8.69	--	7	6083	卖盘
14:43:41	8.69	-0.01	12	10428	卖盘
14:43:37	8.7	--	10	8700	买盘
14:43:07	8.7	--	9	7829	买盘
14:43:02	8.7	--	14	12179	买盘
14:42:56	8.7	--	35	30449	卖盘
14:42:47	8.7	--	355	308850	卖盘
14:42:37	8.7	--	3	2610	卖盘
14:42:26	8.7	--	1	869	卖盘
14:42:16	8.7	--	32	27839	卖盘
14:42:11	8.7	--	8	6959	卖盘
14:42:05	8.7	--	3	2610	卖盘
14:41:41	8.7	--	40	34800	卖盘
14:41:35	8.7	--	51	44370	卖盘
14:41:26	8.7	-0.01	2	1739	卖盘
14:41:11	8.71	0.01	99	86229	买盘
14:40:41	8.7	--	8	6959	卖盘
14:40:31	8.7	-0.01	13	11309	卖盘
14:40:20	8.71	0.01	1	871	买盘
14:40:11	8.7	-0.01	56	48719	卖盘
14:39:41	8.71	0.01	86	74906	买盘
14:39:31	8.7	-0.01	5	4350	卖盘
14:39:05	8.71	--	25	21775	卖盘
14:38:20	8.71	-0.01	18	15678	卖盘
14:38:11	8.72	0.01	118	102896	买盘
14:37:46	8.71	--	10	8710	卖盘
14:37:41	8.71	-0.01	10	8710	卖盘
14:37:31	8.72	--	12	10464	买盘
14:37:11	8.72	0.01	63	54936	买盘
14:37:05	8.71	--	0	0	中性盘
14:37:01	8.71	--	0	0	卖盘
14:36:56	8.71	0.01	38	33098	买盘
14:36:46	8.7	--	6	5220	卖盘
14:36:31	8.7	--	45	39150	买盘
14:36:26	8.7	--	5	4350	卖盘
14:36:11	8.7	-0.01	2	1739	卖盘
14:36:05	8.71	--	35	30485	买盘
14:36:00	8.71	--	17	14807	买盘
14:35:50	8.71	--	97	84487	买盘
14:35:44	8.71	--	4	3484	卖盘
14:35:40	8.71	--	40	34840	卖盘
14:35:35	8.71	--	5	4355	卖盘
14:35:25	8.71	-0.01	10	8710	卖盘
14:35:05	8.72	--	10	8720	买盘
14:34:55	8.72	0.01	20	17440	买盘
14:34:50	8.71	--	2	1742	买盘
14:34:44	8.71	-0.01	4	3484	卖盘
14:34:35	8.72	0.02	178	155216	买盘
14:34:20	8.7	-0.01	20	17400	买盘
14:34:14	8.71	0.02	14	12194	中性盘
14:34:10	8.69	-0.03	100	86900	卖盘
14:34:05	8.72	0.01	316	275552	买盘
14:33:59	8.71	0.01	957	833547	买盘
14:33:55	8.7	0.01	10	8700	买盘
14:33:50	8.69	-0.01	3	2607	卖盘
14:33:40	8.7	--	17	14789	买盘
14:33:29	8.7	--	111	96569	买盘
14:33:20	8.7	--	67	58289	买盘
14:33:05	8.7	0.01	157	136590	买盘
14:32:59	8.69	-0.01	134	116446	卖盘
14:32:50	8.7	--	87	75690	买盘
14:32:40	8.7	0.01	8	7655	买盘
14:32:29	8.69	-0.01	19	16511	卖盘
14:32:25	8.7	--	16	13919	买盘
14:32:20	8.7	--	38	33060	买盘
14:32:14	8.7	--	155	134850	卖盘
14:32:05	8.7	-0.01	8	6959	卖盘
14:31:50	8.71	0.01	14	12194	买盘
14:31:40	8.7	--	10	8700	卖盘
14:31:35	8.7	--	10	8700	卖盘
14:31:29	8.7	--	2	1739	卖盘
14:31:25	8.7	--	15	13049	卖盘
14:31:10	8.7	--	10	8700	卖盘
14:30:59	8.7	--	76	66120	卖盘
14:30:50	8.7	-0.01	15	13049	卖盘
14:30:40	8.71	--	31	27001	买盘
14:30:29	8.71	--	100	87100	买盘
14:30:10	8.71	0.01	5	4355	买盘
14:29:59	8.7	-0.01	100	87000	卖盘
14:29:55	8.71	--	4	3484	买盘
14:29:29	8.71	-0.01	2	1742	卖盘
14:29:20	8.72	--	0	0	买盘
14:29:08	8.72	0.01	62	54064	买盘
14:29:04	8.71	--	0	0	卖盘
14:28:59	8.71	0.01	25	21775	买盘
14:28:49	8.7	--	10	8700	卖盘
14:28:23	8.7	-0.01	30	26099	卖盘
14:28:04	8.71	0.01	13	11323	买盘
14:27:59	8.7	-0.01	16	13919	卖盘
14:27:44	8.71	-0.01	15	13065	买盘
14:27:38	8.72	--	0	0	买盘
14:27:34	8.72	0.01	54	47088	买盘
14:27:29	8.71	--	0	0	卖盘
14:27:23	8.71	--	33	28743	买盘
14:27:04	8.71	--	4	3484	买盘
14:26:53	8.71	0.01	1	871	买盘
14:26:38	8.7	-0.01	30	26099	卖盘
14:26:08	8.71	--	1	871	买盘
14:25:49	8.71	0.01	87	75777	买盘
14:25:34	8.7	--	5	4350	卖盘
14:25:29	8.7	--	10	8700	卖盘
14:25:14	8.7	--	18	15659	买盘
14:25:08	8.7	--	44	38280	买盘
14:25:04	8.7	-0.01	444	386279	卖盘
14:24:59	8.71	0.01	18	15678	买盘
14:24:38	8.7	-0.01	1	869	卖盘
14:24:29	8.71	0.01	68	59228	买盘
14:24:23	8.7	-0.01	7	6089	卖盘
14:24:19	8.71	--	66	57486	卖盘
14:23:59	8.71	0.01	20	17420	卖盘
14:23:53	8.7	-0.02	7	6089	卖盘
14:23:49	8.72	--	87	75864	买盘
14:23:44	8.72	0.02	6	5232	买盘
14:23:38	8.7	-0.01	809	703830	卖盘
14:23:23	8.71	-0.01	53	46163	卖盘
14:23:13	8.72	0.01	45	39240	买盘
14:23:08	8.71	-0.01	5	4355	卖盘
14:22:58	8.72	--	8	6976	买盘
14:22:43	8.72	--	13	11336	买盘
14:22:38	8.72	0.01	87	75864	买盘
14:22:32	8.71	-0.01	1	871	卖盘
14:22:28	8.72	0.01	10	8720	买盘
14:22:23	8.71	--	4	3484	卖盘
14:22:17	8.71	--	20	17420	卖盘
14:21:58	8.71	--	7	6097	买盘
14:21:47	8.71	0.01	13	11323	买盘
14:21:43	8.7	-0.02	21	18270	卖盘
14:21:23	8.72	--	0	0	买盘
14:21:17	8.72	0.01	87	75864	买盘
14:21:13	8.71	-0.01	47	40937	卖盘
14:20:47	8.72	--	37	32264	买盘
14:19:58	8.72	--	10	8720	买盘
14:19:47	8.72	0.01	47	40984	买盘
14:19:32	8.71	--	40	34840	买盘
14:19:28	8.71	--	6	5226	买盘
14:19:17	8.71	-0.01	6	5226	卖盘
14:18:58	8.72	--	20	17440	买盘
14:18:47	8.72	--	9	7848	买盘
14:18:43	8.72	--	13	11336	买盘
14:18:28	8.72	0.01	87	75864	买盘
14:18:23	8.71	-0.01	20	17420	卖盘
14:18:08	8.72	--	1	872	买盘
14:18:02	8.72	0.01	2	1744	买盘
14:17:47	8.71	-0.01	27	23517	卖盘
14:17:43	8.72	--	11	9592	买盘
14:17:22	8.72	--	291	253752	买盘
14:17:17	8.72	0.01	10	8720	买盘
14:17:13	8.71	-0.01	40	34840	卖盘
14:16:58	8.72	0.01	57	49704	买盘
14:16:53	8.71	-0.01	3	2613	卖盘
14:16:41	8.72	0.01	14	12208	买盘
14:16:37	8.71	--	15	13065	卖盘
14:16:32	8.71	--	53	46163	卖盘
14:16:26	8.71	--	5	4355	卖盘
14:16:17	8.71	-0.01	127	110617	卖盘
14:15:32	8.72	0.01	113	98536	买盘
14:15:26	8.71	-0.01	25	21775	卖盘
14:15:17	8.72	--	87	75864	买盘
14:15:11	8.72	--	302	263344	买盘
14:14:56	8.72	--	23	20056	买盘
14:14:47	8.72	--	28	24416	买盘
14:14:17	8.72	--	29	25288	买盘
14:14:07	8.72	--	5	4360	买盘
14:13:56	8.72	--	18	15696	买盘
14:13:41	8.72	--	87	75864	买盘
14:13:17	8.72	0.01	5	4360	买盘
14:12:47	8.71	--	102	88842	卖盘
14:12:41	8.71	--	20	17420	卖盘
14:12:37	8.71	--	15	13065	卖盘
14:12:17	8.71	-0.01	10	8710	卖盘
14:12:07	8.72	--	87	75864	买盘
14:11:52	8.72	--	55	47960	买盘
14:11:26	8.72	--	5	4360	买盘
14:11:17	8.72	--	11	9592	买盘
14:10:46	8.72	--	2	1744	买盘
14:10:26	8.72	--	20	17440	买盘
14:10:16	8.72	--	18	15696	买盘
14:10:05	8.72	--	0	0	买盘
14:09:56	8.72	--	2	1744	买盘
14:09:50	8.72	0.01	76	66272	买盘
14:09:41	8.71	-0.01	25	21775	中性盘
14:09:35	8.72	0.02	29	25288	买盘
14:09:16	8.7	-0.01	11	9570	卖盘
14:09:11	8.71	-0.01	13	11323	买盘
14:09:05	8.72	--	4	3488	买盘
14:08:56	8.72	0.02	50	43600	买盘
14:08:50	8.7	--	0	0	卖盘
14:08:35	8.7	-0.01	106	92219	卖盘
14:08:26	8.71	-0.01	28	24388	买盘
14:08:20	8.72	--	0	0	买盘
14:08:05	8.72	--	7	6104	买盘
14:07:56	8.72	--	18	15696	买盘
14:07:26	8.72	0.02	2	1744	买盘
14:07:11	8.7	-0.01	20	17400	卖盘
14:07:05	8.71	--	2	1742	买盘
14:07:01	8.71	--	87	75777	买盘
14:06:56	8.71	0.01	20	17420	买盘
14:06:41	8.7	--	300	260999	卖盘
14:06:31	8.7	--	1	869	卖盘
14:06:05	8.7	--	131	113969	卖盘
14:05:56	8.7	--	45	39150	卖盘
14:05:46	8.7	-0.01	10	8700	卖盘
14:05:35	8.71	--	28	24388	买盘
14:05:30	8.71	--	11	9581	买盘
14:05:26	8.71	--	10	8710	买盘
14:05:16	8.71	0.01	14	12194	买盘
14:05:05	8.7	-0.01	21	18270	卖盘
14:05:01	8.71	--	30	26130	买盘
14:04:46	8.71	0.01	87	75777	买盘
14:04:25	8.7	-0.01	5	4350	卖盘
14:03:55	8.71	0.01	4	3484	买盘
14:03:50	8.7	-0.01	10	8700	卖盘
14:03:35	8.71	--	3	2613	买盘
14:03:25	8.71	0.01	18	15678	买盘
14:03:20	8.7	--	32	27839	卖盘
14:03:05	8.7	-0.01	11	9570	卖盘
14:02:55	8.71	--	13	11323	买盘
14:02:44	8.71	--	107	93197	买盘
14:02:40	8.71	--	1	871	买盘
14:02:29	8.71	--	2	1742	买盘
14:02:25	8.71	0.01	21	18291	买盘
14:02:05	8.7	--	1	869	卖盘
14:01:55	8.7	--	7	6089	卖盘
14:01:50	8.7	--	2	1739	卖盘
14:01:40	8.7	--	11	9570	卖盘
14:01:35	8.7	--	6	5220	卖盘
14:01:29	8.7	--	50	43500	卖盘
14:01:14	8.7	-0.01	3	2610	卖盘
14:01:05	8.71	--	9	7839	买盘
14:00:50	8.71	0.01	20	17420	买盘
14:00:44	8.7	--	0	0	卖盘
14:00:40	8.7	-0.01	34	29579	卖盘
14:00:35	8.71	-0.01	22	19162	卖盘
14:00:29	8.72	--	9	7848	买盘
14:00:10	8.72	--	57	49704	买盘
13:59:59	8.72	-0.01	138	121199	卖盘
13:59:55	8.73	0.01	10	8730	买盘
13:59:25	8.72	-0.01	30	26168	卖盘
13:59:10	8.73	0.01	153	133569	买盘
13:58:59	8.72	-0.01	10	8720	卖盘
13:58:35	8.73	--	18	15714	买盘
13:58:25	8.73	0.01	87	75951	买盘
13:58:14	8.72	0.01	140	122080	买盘
13:58:09	8.71	-0.01	29	25259	买盘
13:57:59	8.72	--	0	0	买盘
13:57:44	8.72	--	0	0	买盘
13:57:38	8.72	0.01	34	29648	买盘
13:57:23	8.71	0.01	53	46163	买盘
13:57:14	8.7	--	6	5220	买盘
13:57:08	8.7	-0.02	201	174870	卖盘
13:56:59	8.72	--	2	1744	买盘
13:56:38	8.72	--	13	11336	买盘
13:56:29	8.72	--	19	16568	卖盘
13:56:14	8.72	--	20	17440	卖盘
13:55:59	8.72	-0.01	5	4360	卖盘
13:55:53	8.73	0.02	26	22698	买盘
13:55:44	8.71	-0.02	41	35711	卖盘
13:55:29	8.73	0.01	23	20079	买盘
13:55:23	8.72	--	68	59296	卖盘
13:55:19	8.72	--	7	6104	卖盘
13:55:08	8.72	--	25	21800	卖盘
13:54:59	8.72	--	3	2616	卖盘
13:54:49	8.72	--	44	38368	卖盘
13:54:38	8.72	-0.01	11	9592	卖盘
13:54:29	8.73	--	87	75951	买盘
13:54:14	8.73	0.01	12	10476	买盘
13:54:08	8.72	--	10	8720	卖盘
13:53:53	8.72	0.01	160	139520	买盘
13:53:49	8.71	--	15	13065	卖盘
13:53:44	8.71	--	100	87100	卖盘
13:53:19	8.71	-0.01	5	4355	卖盘
13:53:04	8.72	--	10	8720	买盘
13:52:59	8.72	--	10	8720	买盘
13:52:53	8.72	--	10	8720	买盘
13:52:49	8.72	--	520	453440	卖盘
13:52:43	8.72	-0.01	15	13080	卖盘
13:52:38	8.73	--	5	4365	买盘
13:52:34	8.73	--	65	56745	买盘
13:52:23	8.73	0.01	140	122220	买盘
13:52:19	8.72	--	47	40984	买盘
13:52:13	8.72	--	63	54936	买盘
13:52:08	8.72	0.01	62	54064	买盘
13:52:03	8.71	--	5	4355	卖盘
13:51:59	8.71	--	184	160264	买盘
13:51:53	8.71	0.01	30	26130	买盘
13:51:48	8.7	--	23	20010	卖盘
13:51:28	8.7	--	10	8700	卖盘
13:51:23	8.7	0.01	217	188789	中性盘
13:51:17	8.69	--	130	112970	卖盘
13:51:02	8.69	-0.01	1	869	卖盘
13:50:58	8.7	--	2	1739	买盘
13:50:53	8.7	--	6	5220	买盘
13:50:47	8.7	--	132	114839	买盘
13:50:32	8.7	--	7	6089	买盘
13:50:28	8.7	0.01	97	84390	买盘
13:50:23	8.69	--	90	78210	买盘
13:50:17	8.69	0.02	10	8690	买盘
13:50:08	8.67	--	0	0	卖盘
13:50:02	8.67	--	90	78801	买盘
13:49:58	8.67	--	24	20808	买盘
13:49:53	8.67	--	55	47685	买盘
13:49:38	8.67	0.01	30	26010	买盘
13:49:32	8.66	-0.01	5	4330	卖盘
13:49:28	8.67	--	1	867	买盘
13:49:17	8.67	--	201	174267	买盘
13:49:13	8.67	0.01	5	4335	买盘
13:49:08	8.66	-0.01	28	24248	卖盘
13:49:02	8.67	0.01	100	86700	买盘
13:48:58	8.66	--	54	46764	卖盘
13:48:47	8.66	--	4	3464	卖盘
13:48:32	8.66	0.01	31	26993	买盘
13:48:28	8.65	-0.01	37	32005	卖盘
13:48:17	8.66	-0.01	13	11976	卖盘
13:48:13	8.67	0.01	13	11271	买盘
13:48:08	8.66	-0.01	110	95260	卖盘
13:48:02	8.67	--	10	8670	买盘
13:47:58	8.67	--	7	6069	买盘
13:47:47	8.67	--	63	54768	买盘
13:47:43	8.67	0.01	1	867	买盘
13:47:38	8.66	--	97	84002	卖盘
13:47:32	8.66	-0.01	1	866	卖盘
13:47:23	8.67	--	52	45084	买盘
13:47:13	8.67	--	12	10404	买盘
13:47:07	8.67	--	30	26010	买盘
13:47:02	8.67	--	8	6936	买盘
13:46:58	8.67	-0.02	2686	2328857	卖盘
13:46:53	8.69	--	18	15642	买盘
13:46:47	8.69	--	27	23463	买盘
13:46:43	8.69	-0.01	293	254616	卖盘
13:46:08	8.7	--	10	8700	买盘
13:45:58	8.7	0.01	5	4350	买盘
13:45:53	8.69	-0.01	8	6952	卖盘
13:45:42	8.7	--	50	43500	买盘
13:45:37	8.7	--	7	6089	买盘
13:45:26	8.7	0.01	10	8700	买盘
13:45:02	8.69	-0.01	90	78210	卖盘
13:44:56	8.7	--	66	57419	买盘
13:44:47	8.7	--	71	61769	买盘
13:44:41	8.7	0.01	72	62639	买盘
13:44:37	8.69	--	10	8690	卖盘
13:44:32	8.69	-0.01	12	10428	卖盘
13:44:26	8.7	0.01	47	40890	买盘
13:44:11	8.69	--	28	24332	买盘
13:44:07	8.69	--	12	10428	买盘
13:43:47	8.69	--	27	23463	买盘
13:43:41	8.69	--	10	8690	买盘
13:43:26	8.69	--	100	86900	买盘
13:43:22	8.69	0.01	100	86900	买盘
13:43:17	8.68	-0.01	4	3472	卖盘
13:43:07	8.69	--	7	6083	买盘
13:43:02	8.69	0.01	28	24332	买盘
13:42:32	8.68	--	59	51212	卖盘
13:42:17	8.68	-0.01	38	32984	卖盘
13:42:11	8.69	0.01	20	17380	买盘
13:42:02	8.68	-0.01	1000	868000	卖盘
13:41:56	8.69	0.01	62	53878	买盘
13:41:41	8.68	--	3	2604	卖盘
13:41:32	8.68	-0.01	11	9548	卖盘
13:41:17	8.69	--	5	4345	买盘
13:40:56	8.69	--	81	70389	买盘
13:40:46	8.69	0.01	9	7821	买盘
13:40:41	8.68	-0.01	11	9548	卖盘
13:40:37	8.69	--	1	869	买盘
13:40:32	8.69	--	82	71258	买盘
13:40:26	8.69	--	23	19987	买盘
13:40:16	8.69	--	40	34760	买盘
13:40:11	8.69	0.01	236	205084	买盘
13:39:56	8.68	-0.01	14	12152	卖盘
13:39:51	8.69	--	18	15642	买盘
13:39:41	8.69	--	31	26939	买盘
13:39:36	8.69	--	3	2607	买盘
13:39:26	8.69	0.01	7	6083	买盘
13:39:22	8.68	--	400	347200	卖盘
13:39:11	8.68	--	279	242172	卖盘
13:38:51	8.68	--	200	173600	卖盘
13:38:46	8.68	-0.01	10	8680	卖盘
13:38:41	8.69	--	39	33891	买盘
13:38:20	8.69	0.01	27	23463	买盘
13:38:16	8.68	-0.01	20	17360	卖盘
13:38:01	8.69	0.01	89	77341	买盘
13:37:56	8.68	-0.01	20	17360	卖盘
13:37:50	8.69	--	12	10428	买盘
13:37:41	8.69	--	16	13904	买盘
13:37:26	8.69	--	18	15642	买盘
13:37:16	8.69	0.01	21	18249	买盘
13:37:11	8.68	-0.01	35	30380	卖盘
13:36:56	8.69	--	73	63437	买盘
13:36:41	8.69	--	2	1738	买盘
13:36:26	8.69	--	1	869	买盘
13:35:56	8.69	--	10	8690	买盘
13:35:50	8.69	0.01	9	7821	买盘
13:35:41	8.68	--	20	17360	卖盘
13:35:35	8.68	-0.01	113	98084	卖盘
13:35:26	8.69	0.01	1	869	买盘
13:35:01	8.68	-0.01	8	6944	卖盘
13:34:41	8.69	--	9	7821	买盘
13:34:35	8.69	0.01	7	6083	买盘
13:34:25	8.68	--	9	7812	卖盘
13:33:55	8.68	--	10	8680	卖盘
13:33:50	8.68	--	3	2604	卖盘
13:33:45	8.68	--	20	17360	卖盘
13:33:40	8.68	--	1	868	卖盘
13:33:35	8.68	-0.01	10	8680	卖盘
13:33:31	8.69	0.01	7	6083	买盘
13:33:20	8.68	--	1	868	卖盘
13:33:05	8.68	--	3	2604	卖盘
13:33:01	8.68	-0.01	20	17360	卖盘
13:32:50	8.69	--	18	15642	买盘
13:32:45	8.69	0.01	110	95590	买盘
13:32:29	8.68	-0.01	13	11284	卖盘
13:32:25	8.69	--	50	43450	买盘
13:32:20	8.69	--	892	775148	买盘
13:32:05	8.69	0.01	2	1738	买盘
13:31:59	8.68	-0.01	5	4340	卖盘
13:31:55	8.69	0.01	11	9559	买盘
13:31:44	8.68	-0.01	100	86800	卖盘
13:31:35	8.69	0.01	10	8690	买盘
13:31:29	8.68	--	10	8680	卖盘
13:31:20	8.68	-0.01	26	22568	卖盘
13:31:05	8.69	--	255	221595	买盘
13:30:59	8.69	--	24	20856	买盘
13:30:55	8.69	--	24	20856	买盘
13:30:50	8.69	-0.01	11	9559	卖盘
13:30:44	8.7	--	4	3479	买盘
13:30:29	8.7	--	39	33930	买盘
13:30:20	8.7	--	0	0	买盘
13:30:14	8.7	--	5	4350	买盘
13:30:10	8.7	0.02	3	2610	买盘
13:30:05	8.68	-0.02	200	173600	卖盘
13:29:59	8.7	--	0	0	买盘
13:29:50	8.7	--	27	23489	买盘
13:29:44	8.7	--	4	3479	买盘
13:29:35	8.7	--	5	4350	买盘
13:29:20	8.7	0.01	161	140070	买盘
13:29:14	8.69	--	38	33022	买盘
13:29:10	8.69	--	51	44319	卖盘
13:29:05	8.69	-0.01	200	173800	卖盘
13:28:55	8.7	0.01	4	3479	买盘
13:28:44	8.69	--	3	2607	卖盘
13:28:39	8.69	-0.01	20	17380	卖盘
13:28:35	8.7	0.01	7	6089	买盘
13:28:20	8.69	0.01	89	77341	买盘
13:28:14	8.68	-0.01	210	182280	卖盘
13:28:10	8.69	0.01	7	6083	买盘
13:28:05	8.68	-0.01	28	24304	卖盘
13:27:43	8.69	--	20	17380	买盘
13:27:34	8.69	0.01	20	17380	买盘
13:27:29	8.68	-0.01	286	248248	卖盘
13:27:24	8.69	--	25	21725	买盘
13:27:14	8.69	0.01	84	72996	买盘
13:27:09	8.68	-0.01	3	2604	卖盘
13:27:04	8.69	--	1	869	买盘
13:26:49	8.69	--	2	1738	买盘
13:26:34	8.69	-0.01	1	869	卖盘
13:26:29	8.7	0.01	1	869	买盘
13:26:24	8.69	--	30	26070	卖盘
13:26:19	8.69	-0.01	10	8690	卖盘
13:26:14	8.7	--	0	0	买盘
13:26:09	8.7	0.02	207	180089	买盘
13:26:04	8.68	--	1774	1539832	卖盘
13:25:59	8.68	--	158	137144	卖盘
13:25:44	8.68	--	100	86800	卖盘
13:25:29	8.68	--	59	51212	卖盘
13:25:23	8.68	-0.02	3204	2781844	卖盘
13:25:14	8.7	0.01	53	46109	买盘
13:25:08	8.69	-0.01	4	3476	卖盘
13:24:59	8.7	--	7	6089	买盘
13:24:53	8.7	--	77	66990	买盘
13:24:49	8.7	--	14	12179	买盘
13:24:44	8.7	--	32	27839	买盘
13:24:38	8.7	--	32	27839	买盘
13:24:34	8.7	--	74	64379	卖盘
13:24:23	8.7	-0.01	13	11309	卖盘
13:24:14	8.71	--	327	284817	买盘
13:23:44	8.71	0.01	47	40937	买盘
13:23:38	8.7	--	5	4350	卖盘
13:23:29	8.7	--	2	1739	买盘
13:23:23	8.7	-0.01	298	259259	卖盘
13:23:14	8.71	--	8	6968	买盘
13:23:08	8.71	0.01	8	6968	买盘
13:23:04	8.7	-0.01	573	498509	卖盘
13:22:59	8.71	--	96	83616	买盘
13:22:53	8.71	-0.01	79	68809	卖盘
13:22:49	8.72	--	340	296480	买盘
13:22:34	8.72	--	158	137776	卖盘
13:22:08	8.72	--	130	113360	买盘
13:21:53	8.72	0.01	100	87200	买盘
13:21:34	8.71	--	10	8710	卖盘
13:21:29	8.71	-0.01	31	27001	卖盘
13:21:08	8.72	--	20	17440	买盘
13:21:04	8.72	-0.01	191	166552	卖盘
13:20:58	8.73	--	65	56745	买盘
13:20:33	8.73	--	37	32318	卖盘
13:20:23	8.73	--	68	60062	卖盘
13:20:18	8.73	--	20	17460	卖盘
13:19:53	8.73	--	1	873	卖盘
13:19:48	8.73	0.01	373	325786	买盘
13:19:43	8.72	--	1	872	卖盘
13:19:33	8.72	-0.01	170	148240	卖盘
13:19:28	8.73	0.01	3	2619	买盘
13:19:23	8.72	-0.01	8	6976	卖盘
13:19:02	8.73	0.01	1	873	买盘
13:18:53	8.72	-0.01	6	5232	卖盘
13:18:38	8.73	0.01	10	8730	买盘
13:18:32	8.72	-0.01	16	13952	卖盘
13:18:17	8.73	0.01	1	873	买盘
13:17:47	8.72	--	5	4360	卖盘
13:17:38	8.72	--	17	14824	卖盘
13:16:43	8.72	-0.01	20	17440	卖盘
13:16:38	8.73	--	6	5238	买盘
13:16:02	8.73	--	65	56745	买盘
13:15:46	8.73	--	13	11349	买盘
13:15:43	8.73	--	14	12222	买盘
13:15:32	8.73	--	8	6984	买盘
13:15:02	8.73	0.01	5	4365	买盘
13:14:32	8.72	0.01	5	4360	中性盘
13:14:23	8.71	-0.01	92	80132	卖盘
13:14:17	8.72	--	47	40984	卖盘
13:14:12	8.72	--	81	70632	买盘
13:13:57	8.72	0.01	39	34008	买盘
13:13:52	8.71	-0.01	6	5226	卖盘
13:13:47	8.72	--	50	43600	买盘
13:13:42	8.72	--	6	5232	买盘
13:13:27	8.72	--	9	7848	买盘
13:13:17	8.72	-0.01	217	189224	卖盘
13:13:02	8.73	--	24	20952	买盘
13:12:42	8.73	--	13	11349	买盘
13:12:37	8.73	--	10	8730	买盘
13:12:32	8.73	--	3	2619	买盘
13:12:17	8.73	0.01	2	1746	买盘
13:12:11	8.72	-0.01	5	4360	卖盘
13:12:02	8.73	--	168	146664	买盘
13:11:32	8.73	--	65	56745	买盘
13:11:26	8.73	--	0	0	买盘
13:11:21	8.73	0.01	75	65475	买盘
13:11:11	8.72	--	6	5232	买盘
13:10:56	8.72	--	133	115976	买盘
13:10:47	8.72	0.01	62	54064	买盘
13:10:17	8.71	--	157	136747	卖盘
13:10:02	8.71	--	71	61841	卖盘
13:09:47	8.71	--	310	270010	卖盘
13:09:17	8.71	-0.01	3	2613	卖盘
13:09:11	8.72	0.01	25	21800	买盘
13:09:02	8.71	--	17	14807	买盘
13:08:52	8.71	--	56	48776	买盘
13:08:37	8.71	--	86	74906	卖盘
13:08:32	8.71	--	20	17420	卖盘
13:08:21	8.71	--	6	5226	卖盘
13:08:11	8.71	--	373	324883	卖盘
13:08:02	8.71	--	103	89713	卖盘
13:07:55	8.71	--	82	71422	卖盘
13:07:31	8.71	--	2	1742	卖盘
13:07:16	8.71	--	40	34840	卖盘
13:07:06	8.71	--	0	0	卖盘
13:07:01	8.71	--	22	19162	卖盘
13:06:56	8.71	--	20	17420	卖盘
13:06:51	8.71	--	5	4355	卖盘
13:06:41	8.71	--	20	17420	卖盘
13:05:35	8.71	-0.01	40	34840	卖盘
13:05:20	8.72	--	6	5232	买盘
13:05:11	8.72	--	480	418560	卖盘
13:05:05	8.72	-0.01	63	54936	卖盘
13:04:41	8.73	0.01	10	8730	买盘
13:04:35	8.72	--	11	9592	卖盘
13:04:31	8.72	-0.01	17	14824	卖盘
13:04:20	8.73	0.01	53	46269	买盘
13:04:05	8.72	-0.01	20	17440	卖盘
13:03:46	8.73	--	9	7857	买盘
13:03:16	8.73	--	13	11349	买盘
13:03:05	8.73	0.01	12	10476	买盘
13:02:41	8.72	-0.01	20	17440	卖盘
13:02:31	8.73	0.01	100	87300	买盘
13:01:41	8.72	--	82	71504	买盘
13:01:05	8.72	0.01	47	40984	买盘
13:00:49	8.71	--	1	871	卖盘
13:00:45	8.71	--	5	4355	卖盘
13:00:15	8.71	--	48	41808	卖盘
13:00:10	8.71	--	36	31356	卖盘
13:00:05	8.71	--	174	151554	卖盘
11:30:00	8.71	--	0	0	卖盘
11:29:59	8.71	-0.01	18	15678	卖盘
11:29:25	8.72	--	17	14824	买盘
11:29:21	8.72	--	10	8720	买盘
11:28:25	8.72	0.01	21	18312	买盘
11:28:10	8.71	-0.01	16	13936	卖盘
11:27:55	8.72	--	12	10464	买盘
11:27:51	8.72	0.01	3	2616	买盘
11:27:46	8.71	--	4	3484	卖盘
11:27:31	8.71	--	10	8710	卖盘
11:26:55	8.71	-0.01	5	4355	卖盘
11:26:25	8.72	0.01	2	1744	中性盘
11:26:06	8.71	-0.01	15	13065	卖盘
11:25:51	8.72	0.01	19	16568	买盘
11:25:16	8.71	-0.01	20	17420	卖盘
11:24:49	8.72	0.01	15	13080	买盘
11:24:25	8.71	--	10	8710	卖盘
11:24:10	8.71	--	12	10452	买盘
11:24:04	8.71	--	18	15678	卖盘
11:24:01	8.71	--	232	202072	买盘
11:23:55	8.71	--	50	43550	买盘
11:23:45	8.71	0.01	26	22646	买盘
11:23:40	8.7	-0.01	20	17400	卖盘
11:23:34	8.71	--	3	2613	买盘
11:23:19	8.71	--	50	43550	买盘
11:22:55	8.71	-0.02	97	84487	卖盘
11:22:49	8.73	0.02	402	350946	买盘
11:22:40	8.71	-0.01	60	52260	卖盘
11:22:34	8.72	0.01	249	217128	买盘
11:22:25	8.71	--	131	114101	卖盘
11:22:19	8.71	--	2	1742	卖盘
11:22:10	8.71	-0.01	1	871	卖盘
11:21:49	8.72	--	167	145624	卖盘
11:21:40	8.72	--	19	16568	卖盘
11:21:34	8.72	--	15	13080	卖盘
11:21:30	8.72	--	55	47960	卖盘
11:21:25	8.72	--	20	17440	卖盘
11:21:19	8.72	--	20	17440	卖盘
11:21:10	8.72	--	54	47088	卖盘
11:21:04	8.72	--	5	4360	卖盘
11:20:55	8.72	-0.01	43	37496	卖盘
11:20:15	8.73	--	55	48102	卖盘
11:20:04	8.73	--	15	13095	卖盘
11:20:00	8.73	--	50	43650	卖盘
11:19:40	8.73	--	28	24444	卖盘
11:19:34	8.73	--	13	11349	卖盘
11:19:30	8.73	--	2	1746	卖盘
11:19:25	8.73	--	20	17460	卖盘
11:19:19	8.73	--	25	21825	卖盘
11:19:13	8.73	--	8	6984	卖盘
11:18:58	8.73	--	20	17460	卖盘
11:18:43	8.73	--	20	17460	卖盘
11:18:39	8.73	--	13	11349	卖盘
11:17:34	8.73	-0.01	13	11349	卖盘
11:16:34	8.74	0.01	6	5244	买盘
11:16:28	8.73	--	125	109125	卖盘
11:16:24	8.73	-0.01	10	8730	卖盘
11:16:19	8.74	--	3	2622	买盘
11:16:04	8.74	0.01	91	79534	买盘
11:15:58	8.73	-0.01	6	5238	卖盘
11:15:54	8.74	0.01	101	88274	买盘
11:15:49	8.73	--	2	1746	卖盘
11:14:58	8.73	--	3	2619	卖盘
11:14:54	8.73	--	2	1746	卖盘
11:14:28	8.73	-0.01	20	17460	卖盘
11:14:13	8.74	0.01	60	52440	买盘
11:13:58	8.73	--	50	43650	卖盘
11:13:54	8.73	--	6	5238	卖盘
11:13:39	8.73	--	3	3404	卖盘
11:13:13	8.73	--	17	14841	卖盘
11:12:52	8.73	-0.01	3	2619	卖盘
11:12:19	8.74	0.01	10	8740	买盘
11:12:13	8.73	0.01	16	13968	卖盘
11:11:52	8.72	--	10	8720	卖盘
11:11:43	8.72	--	0	0	卖盘
11:11:37	8.72	--	10	8720	卖盘
11:11:22	8.72	--	0	0	卖盘
11:11:07	8.72	-0.02	68	59296	卖盘
11:11:03	8.74	--	68	59432	买盘
11:10:52	8.74	--	0	0	买盘
11:10:48	8.74	0.02	85	74290	买盘
11:10:43	8.72	--	14	12208	卖盘
11:10:18	8.72	-0.01	20	17440	卖盘
11:10:07	8.73	--	50	43650	买盘
11:10:03	8.73	--	1	873	买盘
11:09:52	8.73	0.01	36	31428	买盘
11:09:48	8.72	-0.01	24	20928	卖盘
11:09:43	8.73	0.01	57	49761	买盘
11:09:22	8.72	--	20	17440	卖盘
11:08:52	8.72	--	39	34008	卖盘
11:08:48	8.72	--	39	34008	卖盘
11:08:43	8.72	--	113	98536	卖盘
11:08:37	8.72	--	100	87200	卖盘
11:08:28	8.72	--	18	15696	卖盘
11:08:22	8.72	--	10	8720	卖盘
11:08:03	8.72	--	5	4360	卖盘
11:07:58	8.72	--	23	20056	卖盘
11:07:52	8.72	--	102	88944	卖盘
11:07:37	8.72	--	1	872	卖盘
11:07:33	8.72	--	54	47088	卖盘
11:07:13	8.72	--	5	4360	卖盘
11:06:58	8.72	--	10	8720	卖盘
11:06:52	8.72	--	10	8720	卖盘
11:06:32	8.72	--	5	4360	卖盘
11:06:22	8.72	--	201	175272	卖盘
11:06:16	8.72	--	5	4360	卖盘
11:06:01	8.72	--	19	16568	卖盘
11:05:28	8.72	--	5	4360	卖盘
11:04:52	8.72	--	3	2616	卖盘
11:04:37	8.72	--	8	6976	卖盘
11:04:27	8.72	--	20	17440	卖盘
11:04:16	8.72	--	14	12208	卖盘
11:04:01	8.72	--	12	11074	卖盘
11:03:57	8.72	--	30	26160	卖盘
11:03:37	8.72	-0.01	5	4360	卖盘
11:03:22	8.73	--	2	2007	卖盘
11:03:07	8.73	0.01	47	41642	买盘
11:03:01	8.72	--	78	68016	卖盘
11:02:42	8.72	-0.01	31	27032	卖盘
11:02:37	8.73	--	12	10476	买盘
11:02:22	8.73	--	27	23832	卖盘
11:02:16	8.73	--	121	105633	卖盘
11:02:12	8.73	-0.01	50	43650	卖盘
11:02:07	8.74	0.01	92	80408	买盘
11:01:52	8.73	-0.01	5	4365	卖盘
11:01:16	8.74	0.01	50	43700	买盘
11:00:41	8.73	--	0	611	卖盘
11:00:27	8.73	--	135	117855	买盘
10:59:46	8.73	--	1	873	买盘
10:59:07	8.73	0.01	39	34047	买盘
10:59:01	8.72	--	20	17440	卖盘
10:58:46	8.72	-0.01	37	32264	卖盘
10:58:40	8.73	0.01	14	12222	买盘
10:58:16	8.72	-0.01	38	33136	卖盘
10:58:10	8.73	0.01	5	4365	买盘
10:58:01	8.72	--	8	6976	卖盘
10:57:40	8.72	--	11	9592	卖盘
10:57:31	8.72	--	27	23544	卖盘
10:57:21	8.72	-0.01	50	43600	卖盘
10:57:16	8.73	0.01	10	8730	买盘
10:57:10	8.72	--	9	7848	卖盘
10:55:51	8.72	-0.01	9	7848	卖盘
10:55:46	8.73	0.01	5	4365	买盘
10:55:40	8.72	-0.01	5	4360	卖盘
10:55:31	8.73	0.01	40	34920	买盘
10:55:25	8.72	-0.01	10	8720	卖盘
10:55:21	8.73	--	20	17460	买盘
10:55:16	8.73	--	70	61110	卖盘
10:55:10	8.73	--	18	15714	卖盘
10:55:06	8.73	--	50	43650	卖盘
10:54:25	8.73	--	13	11349	卖盘
10:54:04	8.73	-0.01	50	43650	卖盘
10:53:25	8.74	--	3	2622	买盘
10:53:19	8.74	--	95	83030	买盘
10:53:16	8.74	--	68	59432	买盘
10:53:10	8.74	0.01	16	13984	买盘
10:53:04	8.73	-0.01	40	34920	卖盘
10:53:00	8.74	0.01	72	62928	买盘
10:52:49	8.73	--	5	4365	卖盘
10:52:25	8.73	--	10	8730	卖盘
10:52:04	8.73	--	15	13095	卖盘
10:52:00	8.73	-0.01	10	8730	卖盘
10:51:34	8.74	0.01	3	2622	买盘
10:51:30	8.73	--	20	17460	卖盘
10:51:19	8.73	--	96	83808	卖盘
10:51:15	8.73	-0.01	10	8730	卖盘
10:51:10	8.74	--	5	4370	买盘
10:51:04	8.74	0.01	26	22724	买盘
10:50:40	8.73	--	14	12222	卖盘
10:50:30	8.73	-0.01	5	4365	卖盘
10:50:19	8.74	0.01	2	1748	买盘
10:49:45	8.73	--	1	873	卖盘
10:49:04	8.73	--	48	41904	买盘
10:48:55	8.73	--	26	22698	买盘
10:48:30	8.73	0.01	27	23571	买盘
10:48:04	8.72	--	50	43600	卖盘
10:47:49	8.72	--	8	6976	卖盘
10:47:40	8.72	--	24	20928	卖盘
10:47:13	8.72	--	1	872	卖盘
10:46:43	8.72	--	50	43600	卖盘
10:46:24	8.72	-0.01	5	4360	卖盘
10:46:19	8.73	0.01	7	6111	买盘
10:45:54	8.72	-0.01	5	4360	卖盘
10:45:43	8.73	0.01	5	4365	买盘
10:45:28	8.72	--	100	87200	卖盘
10:45:24	8.72	--	29	25288	卖盘
10:45:19	8.72	--	20	17440	卖盘
10:45:04	8.72	--	10	8720	卖盘
10:44:49	8.72	0.01	5	4360	卖盘
10:44:43	8.71	-0.01	105	91455	卖盘
10:44:34	8.72	--	56	48832	买盘
10:44:28	8.72	--	15	13080	买盘
10:44:04	8.72	0.01	15	13080	买盘
10:43:58	8.71	-0.01	200	174200	卖盘
10:43:49	8.72	--	17	14824	买盘
10:43:43	8.72	--	20	17440	买盘
10:43:39	8.72	--	2	1744	买盘
10:43:34	8.72	--	12	10464	买盘
10:43:28	8.72	--	129	112488	卖盘
10:43:19	8.72	-0.01	7	6104	卖盘
10:43:09	8.73	0.01	22	19206	买盘
10:43:04	8.72	--	1	872	卖盘
10:42:58	8.72	--	2	1744	卖盘
10:42:54	8.72	--	3	2616	卖盘
10:42:43	8.72	--	100	87200	卖盘
10:42:34	8.72	-0.01	146	127312	卖盘
10:42:28	8.73	--	1	873	买盘
10:42:19	8.73	--	100	87300	买盘
10:42:13	8.73	--	58	50634	卖盘
10:42:04	8.73	--	200	174600	卖盘
10:41:39	8.73	-0.01	200	174600	卖盘
10:41:24	8.74	0.01	3	2622	买盘
10:41:19	8.73	--	18	15714	卖盘
10:41:13	8.73	--	17	14841	卖盘
10:41:09	8.73	--	20	17460	卖盘
10:41:04	8.73	--	16	13968	卖盘
10:40:52	8.73	--	145	126585	卖盘
10:40:49	8.73	--	2	1746	卖盘
10:40:28	8.73	--	11	9603	卖盘
10:40:07	8.73	--	5	4365	买盘
10:39:58	8.73	--	50	43650	买盘
10:39:52	8.73	--	3	2619	买盘
10:39:48	8.73	--	14	12222	卖盘
10:39:43	8.73	--	70	61110	卖盘
10:39:33	8.73	--	57	49761	卖盘
10:39:28	8.73	--	5	4365	卖盘
10:39:22	8.73	--	1	873	卖盘
10:39:13	8.73	-0.01	61	53253	卖盘
10:39:03	8.74	--	74	64676	买盘
10:38:58	8.74	0.02	4	3496	买盘
10:38:48	8.72	--	0	0	卖盘
10:38:43	8.72	-0.01	85	74120	卖盘
10:38:37	8.73	0.01	20	17460	买盘
10:38:28	8.72	--	11	9592	卖盘
10:38:22	8.72	--	40	34880	卖盘
10:38:03	8.72	--	1	872	卖盘
10:37:58	8.72	-0.02	46	40112	卖盘
10:37:52	8.74	0.02	6	5244	买盘
10:37:48	8.72	--	0	0	卖盘
10:37:43	8.72	-0.01	54	47088	卖盘
10:37:37	8.73	-0.01	3	2619	中性盘
10:37:28	8.74	0.01	5	4370	买盘
10:37:22	8.73	--	12	10554	卖盘
10:37:13	8.73	-0.01	641	560387	卖盘
10:37:07	8.74	0.01	6	5244	买盘
10:37:03	8.73	--	20	17460	卖盘
10:36:52	8.73	--	20	17460	卖盘
10:36:48	8.73	--	31	27063	卖盘
10:36:37	8.73	-0.01	60	52380	卖盘
10:36:22	8.74	--	4	3496	买盘
10:36:07	8.74	--	50	43700	卖盘
10:36:03	8.74	--	42	36708	卖盘
10:35:58	8.74	--	158	138092	卖盘
10:35:52	8.74	--	15	13110	卖盘
10:35:48	8.74	--	80	69920	卖盘
10:35:37	8.74	--	13	11362	卖盘
10:35:33	8.74	--	30	26220	卖盘
10:35:18	8.74	--	20	17480	卖盘
10:35:13	8.74	--	6	5244	卖盘
10:35:07	8.74	--	3	2622	卖盘
10:35:03	8.74	--	20	17480	卖盘
10:34:52	8.74	--	14	12236	卖盘
10:34:48	8.74	--	143	124982	买盘
10:34:43	8.74	0.01	70	61180	买盘
10:34:37	8.73	--	9	7857	卖盘
10:34:31	8.73	--	120	104760	卖盘
10:34:28	8.73	--	45	39285	卖盘
10:34:22	8.73	--	2	1746	卖盘
10:34:16	8.73	--	20	17460	卖盘
10:34:01	8.73	--	3	2619	卖盘
10:33:57	8.73	-0.01	10	8730	卖盘
10:33:52	8.74	-0.01	28	24472	中性盘
10:33:46	8.75	0.01	17	14875	买盘
10:33:42	8.74	-0.01	100	87400	卖盘
10:33:37	8.75	--	163	142625	买盘
10:33:27	8.75	--	15	13125	买盘
10:33:16	8.75	--	124	108500	卖盘
10:33:12	8.75	--	36	31500	卖盘
10:33:07	8.75	--	110	96250	卖盘
10:33:01	8.75	--	7	6125	卖盘
10:32:57	8.75	--	35	30625	卖盘
10:32:52	8.75	--	163	142625	卖盘
10:32:46	8.75	--	115	100625	卖盘
10:32:42	8.75	--	23	20125	卖盘
10:32:37	8.75	--	10	8750	卖盘
10:32:31	8.75	--	39	34125	卖盘
10:32:16	8.75	-0.01	3	2625	卖盘
10:32:07	8.76	--	25	21900	卖盘
10:31:57	8.76	--	10	8760	卖盘
10:31:46	8.76	--	17	14892	卖盘
10:31:37	8.76	--	2	1752	卖盘
10:31:31	8.76	-0.01	4	3504	卖盘
10:31:27	8.77	0.01	106	92962	买盘
10:31:22	8.76	--	13	11388	卖盘
10:31:16	8.76	--	6	5256	卖盘
10:30:52	8.76	--	50	43800	卖盘
10:30:46	8.76	--	9	7884	卖盘
10:30:37	8.76	--	5	4380	卖盘
10:30:31	8.76	--	18	15768	卖盘
10:30:22	8.76	--	2	1752	卖盘
10:30:16	8.76	--	10	8760	卖盘
10:30:12	8.76	--	6	5256	卖盘
10:30:07	8.76	--	9	7884	卖盘
10:29:52	8.76	--	25	21900	卖盘
10:29:46	8.76	--	5	4380	卖盘
10:29:42	8.76	-0.01	17	14892	卖盘
10:29:37	8.77	0.01	50	43850	买盘
10:29:31	8.76	-0.01	6	5256	卖盘
10:29:27	8.77	--	14	12278	买盘
10:29:12	8.77	--	19	16663	买盘
10:29:01	8.77	--	2	1754	买盘
10:28:52	8.77	--	3	2631	买盘
10:28:46	8.77	--	60	52620	卖盘
10:28:42	8.77	--	22	19294	卖盘
10:28:31	8.77	--	5	4385	卖盘
10:28:16	8.77	--	7	6139	卖盘
10:28:10	8.77	--	10	8770	卖盘
10:28:01	8.77	--	17	14909	卖盘
10:27:51	8.77	--	23	20171	卖盘
10:27:46	8.77	--	2	1754	卖盘
10:27:40	8.77	--	5	4385	买盘
10:27:31	8.77	0.01	33	28941	买盘
10:27:25	8.76	--	24	21024	卖盘
10:27:10	8.76	-0.01	47	41172	卖盘
10:27:01	8.77	--	5	4385	买盘
10:26:55	8.77	--	7	6139	卖盘
10:26:51	8.77	--	50	43850	卖盘
10:26:46	8.77	--	60	52620	卖盘
10:26:36	8.77	--	1	877	卖盘
10:26:31	8.77	-0.01	20	17540	卖盘
10:26:25	8.78	0.01	12	10536	买盘
10:26:10	8.77	--	30	26310	卖盘
10:25:55	8.77	--	10	8770	卖盘
10:25:51	8.77	--	95	83315	卖盘
10:25:46	8.77	--	30	26310	卖盘
10:25:40	8.77	--	4	3508	卖盘
10:25:31	8.77	--	4	3508	卖盘
10:25:16	8.77	--	45	39465	卖盘
10:25:10	8.77	-0.01	10	8770	卖盘
10:24:55	8.78	--	2	1755	买盘
10:24:51	8.78	--	2	1755	买盘
10:24:46	8.78	--	53	46534	卖盘
10:24:31	8.78	-0.01	118	103603	卖盘
10:24:25	8.79	0.01	143	125696	买盘
10:24:21	8.78	--	10	8780	卖盘
10:24:10	8.78	--	1	877	卖盘
10:24:06	8.78	-0.01	10	8780	卖盘
10:24:01	8.79	0.01	410	361049	买盘
10:23:55	8.78	0.01	3	2634	买盘
10:23:51	8.77	--	10	8770	卖盘
10:23:46	8.77	-0.01	10	8770	卖盘
10:23:25	8.78	--	0	0	买盘
10:23:21	8.78	0.01	7	6146	买盘
10:23:16	8.77	0.01	91	79807	买盘
10:23:10	8.76	--	12	10512	卖盘
10:23:01	8.76	-0.01	2	1752	卖盘
10:22:55	8.77	0.01	4	3508	买盘
10:22:40	8.76	--	50	43800	买盘
10:22:36	8.76	--	11	9636	买盘
10:22:25	8.76	-0.01	695	608820	中性盘
10:22:10	8.77	0.01	87	76299	买盘
10:22:04	8.76	-0.01	101	88476	卖盘
10:21:55	8.77	--	555	486735	买盘
10:21:40	8.77	--	141	123657	买盘
10:21:34	8.77	0.02	130	114010	买盘
10:21:30	8.75	--	77	67375	卖盘
10:21:25	8.75	--	2	1750	卖盘
10:21:19	8.75	--	34	29750	卖盘
10:21:10	8.75	--	8	7000	卖盘
10:20:55	8.75	0.01	18	15750	买盘
10:20:49	8.74	0.01	36	31464	卖盘
10:20:40	8.73	--	0	0	卖盘
10:20:34	8.73	-0.02	6	5238	卖盘
10:20:30	8.75	0.01	6	5250	买盘
10:20:19	8.74	--	50	43700	中性盘
10:20:15	8.74	--	45	39330	买盘
10:20:10	8.74	-0.01	40	34960	卖盘
10:20:04	8.75	--	26	22750	买盘
10:19:49	8.75	-0.02	51	44625	卖盘
10:19:30	8.77	--	0	0	买盘
10:19:25	8.77	--	1113	976714	卖盘
10:19:19	8.77	--	198	173909	买盘
10:19:10	8.77	--	556	488225	卖盘
10:19:04	8.77	--	113	99101	卖盘
10:19:00	8.77	--	2	1754	卖盘
10:18:55	8.77	--	20	17540	卖盘
10:18:49	8.77	0.04	326	286165	买盘
10:18:45	8.73	-0.02	50	43650	卖盘
10:18:40	8.75	0.02	900	787500	买盘
10:18:34	8.73	-0.01	2	1746	卖盘
10:18:30	8.74	0.01	3	2622	买盘
10:18:25	8.73	--	1	873	卖盘
10:18:19	8.73	--	12	10476	卖盘
10:18:15	8.73	--	58	50634	卖盘
10:18:10	8.73	0.01	56	48888	买盘
10:18:04	8.72	-0.01	11	9592	卖盘
10:18:00	8.73	0.01	10	8730	买盘
10:17:55	8.72	--	6	5232	卖盘
10:17:49	8.72	--	13	11336	卖盘
10:17:40	8.72	-0.02	9	7848	卖盘
10:17:34	8.74	0.01	49	42826	买盘
10:17:25	8.73	-0.01	93	81800	卖盘
10:17:19	8.74	-0.01	81	70794	卖盘
10:17:15	8.75	0.01	44	38500	买盘
10:17:10	8.74	--	20	17480	卖盘
10:17:04	8.74	--	8	6992	卖盘
10:16:55	8.74	-0.01	8	6992	卖盘
10:16:40	8.75	--	316	276500	卖盘
10:16:34	8.75	--	21	18375	卖盘
10:16:30	8.75	-0.01	105	91875	卖盘
10:16:25	8.76	--	5	4380	买盘
10:16:19	8.76	--	3	2628	买盘
10:16:10	8.76	--	3	2628	买盘
10:16:04	8.76	-0.01	110	96360	卖盘
10:16:00	8.77	--	14	12278	买盘
10:15:43	8.77	--	379	332681	卖盘
10:15:34	8.77	--	229	200833	卖盘
10:15:28	8.77	-0.01	5	4385	卖盘
10:15:24	8.78	0.01	8	7023	买盘
10:15:19	8.77	--	206	180662	卖盘
10:15:13	8.77	--	2	1754	卖盘
10:15:09	8.77	--	53	46481	卖盘
10:15:04	8.77	--	17	14909	卖盘
10:14:58	8.77	--	14	12278	卖盘
10:14:49	8.77	--	50	43850	卖盘
10:14:43	8.77	-0.01	26	22802	卖盘
10:14:39	8.78	0.01	1	877	买盘
10:14:34	8.77	--	120	105240	卖盘
10:14:24	8.77	--	130	114010	卖盘
10:14:13	8.77	-0.01	16	14032	卖盘
10:14:09	8.78	0.01	17	14925	买盘
10:14:04	8.77	-0.01	41	35957	卖盘
10:13:58	8.78	0.01	40	35120	买盘
10:13:49	8.77	--	37	32449	卖盘
10:13:43	8.77	-0.01	4	3508	卖盘
10:13:39	8.78	0.01	5	4390	买盘
10:13:34	8.77	-0.01	15	13155	卖盘
10:13:28	8.78	--	150	131700	买盘
10:13:24	8.78	--	72	63215	卖盘
10:13:09	8.78	-0.01	18	15803	卖盘
10:13:04	8.79	0.01	35	30764	买盘
10:12:54	8.78	--	37	32485	买盘
10:12:43	8.78	0.01	53	46534	买盘
10:12:39	8.77	-0.01	8	7016	卖盘
10:12:34	8.78	--	9	7901	买盘
10:12:28	8.78	0.01	6	5268	买盘
10:12:24	8.77	-0.01	110	96470	卖盘
10:12:19	8.78	--	3	2634	买盘
10:12:13	8.78	--	272	238815	买盘
10:11:54	8.78	0.01	38	33364	买盘
10:11:49	8.77	-0.01	40	35080	卖盘
10:11:39	8.78	--	200	175600	买盘
10:11:34	8.78	--	50	43900	买盘
10:11:28	8.78	0.01	17	14925	买盘
10:11:19	8.77	--	5	4385	卖盘
10:11:09	8.77	-0.01	115	100855	卖盘
10:11:04	8.78	0.01	220	193160	买盘
10:10:58	8.77	--	3	2631	卖盘
10:10:49	8.77	--	84	73668	卖盘
10:10:43	8.77	-0.01	25	21925	卖盘
10:10:33	8.78	--	15	13169	买盘
10:10:18	8.78	--	55	48290	买盘
10:10:13	8.78	0.01	11	9658	买盘
10:10:09	8.77	-0.01	14	12278	卖盘
10:09:58	8.78	--	18	15803	买盘
10:09:38	8.78	--	11	9658	买盘
10:09:28	8.78	--	67	58825	买盘
10:09:23	8.78	-0.01	2	1755	买盘
10:09:18	8.79	0.01	23	20216	买盘
10:09:13	8.78	--	223	195794	卖盘
10:09:07	8.78	--	3	2634	卖盘
10:09:03	8.78	--	22	19316	卖盘
10:08:58	8.78	--	21	18438	卖盘
10:08:52	8.78	--	20	17560	卖盘
10:08:48	8.78	--	8	7023	卖盘
10:08:43	8.78	--	103	90434	卖盘
10:08:37	8.78	-0.01	12	10536	卖盘
10:08:33	8.79	--	2	1757	买盘
10:08:28	8.79	0.01	133	116906	买盘
10:08:22	8.78	--	31	27217	卖盘
10:08:18	8.78	-0.01	10	8780	卖盘
10:08:13	8.79	--	8	7031	买盘
10:08:07	8.79	0.01	63	55376	买盘
10:07:58	8.78	-0.01	100	87800	卖盘
10:07:52	8.79	0.01	85	74715	买盘
10:07:43	8.78	--	516	453047	卖盘
10:07:37	8.78	--	49	43022	卖盘
10:07:33	8.78	--	10	8780	卖盘
10:07:28	8.78	0.01	41	35998	卖盘
10:07:18	8.77	-0.01	114	100556	卖盘
10:07:13	8.78	--	138	121163	买盘
10:07:07	8.78	--	309	271302	买盘
10:06:58	8.78	--	84	73752	买盘
10:06:52	8.78	--	26	22828	买盘
10:06:48	8.78	--	41	35998	买盘
10:06:43	8.78	0.01	175	153650	买盘
10:06:37	8.77	--	30	26310	卖盘
10:06:33	8.77	--	20	17540	卖盘
10:06:28	8.77	0.01	30	26310	买盘
10:06:22	8.76	-0.01	947	829572	卖盘
10:06:18	8.77	0.01	5	4385	买盘
10:06:13	8.76	-0.01	73	63948	卖盘
10:06:07	8.77	--	50	43850	买盘
10:06:03	8.77	0.01	45	39465	买盘
10:05:58	8.76	--	249	218124	买盘
10:05:52	8.76	0.01	14	12264	买盘
10:05:43	8.75	--	5	4375	卖盘
10:05:37	8.75	-0.01	57	49875	卖盘
10:05:33	8.76	--	9	7884	买盘
10:05:28	8.76	-0.02	92	80592	中性盘
10:05:22	8.78	0.03	443	388954	买盘
10:05:18	8.75	-0.02	41	35875	卖盘
10:05:13	8.77	--	116	101732	卖盘
10:05:07	8.77	0.01	65	57005	卖盘
10:04:58	8.76	-0.01	65	56940	卖盘
10:04:52	8.77	0.01	64	56128	买盘
10:04:48	8.76	-0.01	20	17520	卖盘
10:04:37	8.77	0.03	532	466564	买盘
10:04:28	8.74	-0.01	53	46322	买盘
10:04:22	8.75	0.02	301	263375	买盘
10:04:18	8.73	-0.01	30	26190	卖盘
10:04:13	8.74	0.01	10	8740	买盘
10:04:07	8.73	-0.01	5	4365	卖盘
10:04:03	8.74	0.01	45	39330	买盘
10:03:57	8.73	--	1	1396	卖盘
10:03:52	8.73	--	45	39896	卖盘
10:03:48	8.73	0.01	142	123966	买盘
10:03:43	8.72	-0.01	123	107256	卖盘
10:03:37	8.73	--	26	22698	买盘
10:03:22	8.73	--	6	5238	买盘
10:03:17	8.73	--	5	4365	买盘
10:03:13	8.73	--	520	453960	买盘
10:03:07	8.73	-0.01	6	5238	卖盘
10:03:02	8.74	--	20	17480	买盘
10:02:58	8.74	0.01	1	874	买盘
10:02:52	8.73	-0.01	42	36666	卖盘
10:02:46	8.74	--	5	4370	买盘
10:02:37	8.74	--	37	32338	买盘
10:02:31	8.74	--	28	24472	买盘
10:02:27	8.74	-0.01	15	13110	卖盘
10:02:22	8.75	--	0	0	买盘
10:02:16	8.75	0.01	25	21875	买盘
10:02:12	8.74	--	31	27094	买盘
10:02:07	8.74	-0.01	34	29716	中性盘
10:02:01	8.75	--	224	196000	买盘
10:01:57	8.75	--	50	43750	买盘
10:01:52	8.75	--	0	0	买盘
10:01:46	8.75	--	0	0	买盘
10:01:42	8.75	--	0	0	买盘
10:01:37	8.75	--	98	85750	买盘
10:01:31	8.75	0.03	8	7000	买盘
10:01:27	8.72	--	6	5232	买盘
10:01:22	8.72	0.02	9	7848	中性盘
10:01:16	8.7	-0.03	506	440219	卖盘
10:01:07	8.73	--	0	0	买盘
10:01:01	8.73	0.03	400	349200	买盘
10:00:57	8.7	0.01	7	6089	买盘
10:00:52	8.69	-0.03	12	10428	卖盘
10:00:46	8.72	0.02	410	357520	买盘
10:00:37	8.7	--	500	434999	买盘
10:00:31	8.7	--	0	0	买盘
10:00:27	8.7	0.02	218	189659	买盘
10:00:16	8.68	--	5	4340	卖盘
10:00:12	8.68	0.01	24	20832	买盘
10:00:01	8.67	-0.02	18	15606	卖盘
09:59:57	8.69	--	20	17380	买盘
09:59:52	8.69	0.02	10	8690	买盘
09:59:46	8.67	-0.03	510	442170	卖盘
09:59:42	8.7	--	0	0	买盘
09:59:31	8.7	0.02	600	521999	买盘
09:59:27	8.68	-0.02	183	159625	卖盘
09:59:22	8.7	0.02	509	442829	买盘
09:59:16	8.68	-0.02	539	467852	卖盘
09:59:12	8.7	0.02	500	434999	买盘
09:59:07	8.68	--	115	99820	卖盘
09:59:01	8.68	--	510	442680	卖盘
09:58:52	8.68	--	25	21700	卖盘
09:58:37	8.68	--	93	80724	卖盘
09:58:31	8.68	-0.01	10	8680	卖盘
09:58:27	8.69	0.01	5	4345	买盘
09:58:22	8.68	--	37	32116	卖盘
09:58:16	8.68	-0.01	420	364560	卖盘
09:58:07	8.69	--	14	12166	买盘
09:57:57	8.69	--	15	13035	买盘
09:57:52	8.69	-0.01	77	66913	卖盘
09:57:46	8.7	0.02	125	108749	买盘
09:57:36	8.68	--	0	0	卖盘
09:57:31	8.68	-0.01	1000	868000	卖盘
09:57:27	8.69	--	10	8690	卖盘
09:57:22	8.69	-0.01	10	8690	中性盘
09:57:16	8.7	0.01	36	31319	买盘
09:57:12	8.69	--	15	13035	买盘
09:57:01	8.69	--	34	29546	卖盘
09:56:56	8.69	--	10	8690	卖盘
09:56:51	8.69	--	9	7821	卖盘
09:56:46	8.69	--	11	9559	卖盘
09:56:42	8.69	--	60	52140	卖盘
09:56:31	8.69	--	31	26939	卖盘
09:56:27	8.69	-0.01	54	46926	卖盘
09:56:21	8.7	0.01	17	14789	买盘
09:56:16	8.69	0.01	175	152075	买盘
09:56:10	8.68	-0.01	157	136276	卖盘
09:56:07	8.69	--	213	185097	买盘
09:56:01	8.69	0.01	16	13904	买盘
09:55:55	8.68	--	27	23436	卖盘
09:55:51	8.68	--	60	52080	卖盘
09:55:46	8.68	-0.01	30	26040	卖盘
09:55:40	8.69	--	411	357159	买盘
09:55:36	8.69	0.01	28	24332	买盘
09:55:31	8.68	-0.01	98	85064	卖盘
09:55:21	8.69	0.01	130	112970	买盘
09:55:16	8.68	--	59	51212	卖盘
09:55:10	8.68	--	36	31248	卖盘
09:55:06	8.68	-0.01	31	26908	卖盘
09:54:55	8.69	--	64	55616	买盘
09:54:46	8.69	--	10	8690	买盘
09:54:40	8.69	--	67	58223	买盘
09:54:31	8.69	-0.01	136	118184	卖盘
09:54:25	8.7	--	22	19140	买盘
09:54:21	8.7	0.01	6	5220	买盘
09:54:06	8.69	-0.01	30	26070	卖盘
09:54:01	8.7	0.01	70	60899	买盘
09:53:55	8.69	--	3	2607	卖盘
09:53:51	8.69	0.01	24	20856	买盘
09:53:46	8.68	-0.02	25	21700	卖盘
09:53:40	8.7	--	0	0	买盘
09:53:36	8.7	0.01	128	111359	买盘
09:53:31	8.69	--	10	8690	买盘
09:53:25	8.69	-0.01	16	13904	卖盘
09:53:21	8.7	--	105	91349	买盘
09:53:16	8.7	0.01	4	3479	买盘
09:53:10	8.69	--	108	93852	卖盘
09:53:01	8.69	-0.01	52	45188	卖盘
09:52:55	8.7	--	27	23489	买盘
09:52:51	8.7	--	52	45239	买盘
09:52:46	8.7	--	6	5220	卖盘
09:52:40	8.7	0.01	47	40890	买盘
09:52:36	8.69	-0.01	7	6083	卖盘
09:52:31	8.7	--	10	8700	买盘
09:52:25	8.7	--	41	35670	买盘
09:52:21	8.7	--	25	21750	买盘
09:52:16	8.7	--	2	1739	买盘
09:52:10	8.7	-0.01	16	14093	卖盘
09:52:06	8.71	0.01	114	99294	买盘
09:51:55	8.7	-0.01	40	34800	卖盘
09:51:51	8.71	--	30	26130	买盘
09:51:46	8.71	--	36	31356	买盘
09:51:40	8.71	0.01	27	23517	买盘
09:51:36	8.7	-0.01	209	181829	卖盘
09:51:31	8.71	0.01	39	33969	买盘
09:51:25	8.7	-0.02	11	9570	卖盘
09:51:21	8.72	0.01	139	121208	买盘
09:51:10	8.71	-0.01	15	13065	买盘
09:51:06	8.72	0.01	66	57552	买盘
09:51:01	8.71	0.01	36	31356	买盘
09:50:55	8.7	--	0	0	卖盘
09:50:46	8.7	-0.01	51	44370	卖盘
09:50:40	8.71	--	170	148070	买盘
09:50:36	8.71	--	25	21775	买盘
09:50:30	8.71	--	50	43550	买盘
09:50:25	8.71	--	66	57486	买盘
09:50:21	8.71	--	170	148070	卖盘
09:50:06	8.71	--	120	104520	卖盘
09:50:01	8.71	--	7	6097	卖盘
09:49:55	8.71	--	9	7839	卖盘
09:49:50	8.71	--	35	30485	卖盘
09:49:46	8.71	-0.01	8	6968	卖盘
09:49:40	8.72	0.01	2	1744	买盘
09:49:34	8.71	-0.01	1137	990327	卖盘
09:49:30	8.72	0.02	60	52320	买盘
09:49:25	8.7	-0.01	66	57419	卖盘
09:49:19	8.71	--	6	5226	买盘
09:49:15	8.71	--	48	41808	卖盘
09:49:10	8.71	0.01	12	10452	中性盘
09:49:04	8.7	-0.01	100	87000	卖盘
09:49:00	8.71	0.01	18	15678	买盘
09:48:55	8.7	-0.01	55	47849	卖盘
09:48:49	8.71	0.01	50	43550	买盘
09:48:45	8.7	--	5	4350	卖盘
09:48:40	8.7	--	89	78126	卖盘
09:48:34	8.7	0.01	62	53939	买盘
09:48:30	8.69	--	10	8690	买盘
09:48:25	8.69	--	10	8690	买盘
09:48:19	8.69	-0.01	441	383229	卖盘
09:48:15	8.7	0.01	1000	869999	买盘
09:48:10	8.69	--	20	17380	卖盘
09:48:04	8.69	-0.01	21	18249	卖盘
09:47:55	8.7	0.01	10	8700	买盘
09:47:49	8.69	--	6	5214	卖盘
09:47:45	8.69	--	25	21725	买盘
09:47:40	8.69	--	54	47186	卖盘
09:47:34	8.69	0.01	48	42407	买盘
09:47:30	8.68	-0.01	160	138880	卖盘
09:47:25	8.69	--	27	23463	买盘
09:47:10	8.69	--	10	8690	买盘
09:46:55	8.69	--	74	64479	卖盘
09:46:49	8.69	0.01	43	38062	买盘
09:46:45	8.68	--	68	59024	卖盘
09:46:40	8.68	--	10	8680	卖盘
09:46:34	8.68	--	277	240436	卖盘
09:46:30	8.68	--	10	8680	卖盘
09:46:25	8.68	--	1117	969556	卖盘
09:46:19	8.68	--	20	17360	卖盘
09:46:15	8.68	--	45	39060	卖盘
09:46:10	8.68	--	128	111104	买盘
09:46:04	8.68	--	231	200508	买盘
09:46:00	8.68	--	15	13020	买盘
09:45:55	8.68	-0.01	217	188356	卖盘
09:45:49	8.69	--	228	198132	买盘
09:45:40	8.69	0.01	802	696938	买盘
09:45:34	8.68	--	24	20832	卖盘
09:45:30	8.68	-0.01	243	210924	卖盘
09:45:25	8.69	--	1016	882904	买盘
09:45:19	8.69	--	16	13904	买盘
09:45:15	8.69	0.01	10	8690	买盘
09:45:10	8.68	--	1020	885360	卖盘
09:45:00	8.68	--	250	217000	卖盘
09:44:55	8.68	0.06	218	189224	买盘
09:44:49	8.62	-0.06	41	35342	卖盘
09:44:45	8.68	--	0	0	买盘
09:44:40	8.68	0.03	1019	884492	买盘
09:44:25	8.65	--	33	28545	卖盘
09:44:19	8.65	--	12	10380	卖盘
09:44:10	8.65	--	151	130615	买盘
09:44:04	8.65	0.03	20	17300	中性盘
09:44:00	8.62	-0.03	436	375831	卖盘
09:43:49	8.65	--	30	25950	卖盘
09:43:45	8.65	--	10	8650	卖盘
09:43:39	8.65	--	5	4325	卖盘
09:43:34	8.65	--	3	2595	卖盘
09:43:30	8.65	--	20	17300	卖盘
09:43:09	8.65	--	35	30275	买盘
09:43:04	8.65	0.01	22	19030	买盘
09:42:58	8.64	-0.01	24	20736	卖盘
09:42:49	8.65	--	161	139265	买盘
09:42:43	8.65	--	10	8650	买盘
09:42:39	8.65	--	55	47575	买盘
09:42:28	8.65	--	60	51900	买盘
09:42:13	8.65	--	1	865	买盘
09:42:09	8.65	--	1	865	买盘
09:42:04	8.65	--	26	22490	买盘
09:41:58	8.65	0.01	5	4325	买盘
09:41:54	8.64	0.01	5	4320	买盘
09:41:49	8.63	-0.02	2	1726	卖盘
09:41:43	8.65	0.02	60	51900	买盘
09:41:39	8.63	-0.02	10	8630	卖盘
09:41:28	8.65	--	0	0	买盘
09:41:19	8.65	0.03	50	43250	买盘
09:41:13	8.62	--	0	0	卖盘
09:41:04	8.62	-0.03	320	275840	卖盘
09:40:58	8.65	0.03	1500	1297500	买盘
09:40:54	8.62	0.01	4	3447	买盘
09:40:43	8.61	--	5	4305	卖盘
09:40:39	8.61	-0.01	12	10332	卖盘
09:40:28	8.62	0.01	30	25859	买盘
09:40:24	8.61	--	7	6027	买盘
09:40:19	8.61	-0.01	29	24969	卖盘
09:40:13	8.62	--	271	233601	买盘
09:40:09	8.62	--	10	8620	买盘
09:40:04	8.62	0.01	10	8620	买盘
09:39:58	8.61	--	23	19803	卖盘
09:39:49	8.61	--	1	861	卖盘
09:39:43	8.61	-0.01	20	17220	卖盘
09:39:39	8.62	0.01	23	19826	买盘
09:39:34	8.61	-0.01	2	1722	卖盘
09:39:28	8.62	0.01	14	12067	买盘
09:39:19	8.61	--	61	52521	卖盘
09:39:13	8.61	--	19	16358	买盘
09:39:09	8.61	--	2	1722	买盘
09:39:04	8.61	--	3	2583	卖盘
09:38:58	8.61	--	7	6027	买盘
09:38:54	8.61	0.01	32	27552	买盘
09:38:49	8.6	-0.01	73	62780	卖盘
09:38:43	8.61	0.01	13	11193	卖盘
09:38:39	8.6	--	0	0	卖盘
09:38:34	8.6	-0.01	53	45580	卖盘
09:38:28	8.61	--	20	17220	卖盘
09:38:24	8.61	0.01	16	13776	买盘
09:38:19	8.6	--	10	8600	卖盘
09:38:04	8.6	--	39	33540	卖盘
09:37:58	8.6	-0.01	4	3440	卖盘
09:37:49	8.61	0.01	21	18081	买盘
09:37:43	8.6	-0.01	6	5160	卖盘
09:37:33	8.61	--	35	30134	买盘
09:37:28	8.61	--	50	43050	买盘
09:37:19	8.61	--	1	861	买盘
09:37:13	8.61	-0.01	189	162729	卖盘
09:37:09	8.62	0.01	43	37066	卖盘
09:36:48	8.61	--	0	0	卖盘
09:36:43	8.61	--	22	18942	卖盘
09:36:22	8.61	-0.02	13	11193	卖盘
09:36:18	8.63	--	0	0	买盘
09:36:13	8.63	0.02	40	34520	买盘
09:36:07	8.61	--	20	17220	买盘
09:35:58	8.61	--	38	32717	卖盘
09:35:48	8.61	--	0	0	中性盘
09:35:43	8.61	--	20	17220	卖盘
09:35:37	8.61	0.02	10	8610	买盘
09:35:28	8.59	--	165	141735	卖盘
09:35:18	8.59	--	0	0	卖盘
09:35:13	8.59	-0.01	7	6013	卖盘
09:35:07	8.6	--	44	37840	卖盘
09:35:03	8.6	0.01	12	10320	中性盘
09:34:58	8.59	-0.01	202	173518	卖盘
09:34:48	8.6	--	59	50740	买盘
09:34:43	8.6	--	32	27520	买盘
09:34:37	8.6	0.01	26	22360	中性盘
09:34:33	8.59	--	6	5154	卖盘
09:34:28	8.59	--	78	67002	卖盘
09:34:22	8.59	--	0	0	卖盘
09:34:18	8.59	-0.02	160	137440	卖盘
09:34:13	8.61	--	92	79212	买盘
09:34:07	8.61	0.01	12	10332	中性盘
09:34:03	8.6	--	75	64500	卖盘
09:33:58	8.6	-0.01	104	89440	卖盘
09:33:48	8.61	0.02	4	3444	买盘
09:33:43	8.59	-0.02	201	172659	卖盘
09:33:37	8.61	0.01	80	68880	买盘
09:33:28	8.6	-0.01	155	133300	卖盘
09:33:22	8.61	0.01	105	90405	买盘
09:33:18	8.6	-0.02	40	34400	卖盘
09:33:13	8.62	0.02	178	153436	买盘
09:33:07	8.6	-0.02	289	248540	卖盘
09:33:03	8.62	0.01	30	25859	买盘
09:32:58	8.61	--	16	13776	卖盘
09:32:48	8.61	-0.01	3	2583	卖盘
09:32:43	8.62	--	5	4310	买盘
09:32:37	8.62	0.01	4	3447	卖盘
09:32:28	8.61	-0.01	203	174783	卖盘
09:32:22	8.62	-0.01	13	11205	卖盘
09:32:13	8.63	--	29	25027	买盘
09:32:07	8.63	--	110	94930	买盘
09:32:03	8.63	--	11	9493	买盘
09:31:58	8.63	--	1	863	买盘
09:31:52	8.63	--	102	88026	卖盘
09:31:48	8.63	--	11	9493	卖盘
09:31:43	8.63	-0.02	20	17260	中性盘
09:31:37	8.65	0.01	54	46710	买盘
09:31:28	8.64	--	53	45792	买盘
09:31:22	8.64	-0.01	37	31968	卖盘
09:31:07	8.65	0.01	100	86500	买盘
09:31:03	8.64	--	0	0	中性盘
09:30:52	8.64	0.02	43	37152	中性盘
09:30:48	8.62	-0.03	12	10343	卖盘
09:30:42	8.65	--	53	45845	买盘
09:30:37	8.65	--	0	0	买盘
09:30:33	8.65	--	11	9515	买盘
09:30:22	8.65	--	1	865	卖盘
09:30:07	8.65	-0.01	632	546680	中性盘
09:28:51	8.66	--	0	0	买盘
09:25:06	8.66	8.66	176	152416	买盘
