成交时间	成交价	价格变动	成交量(手)	成交额(元)	性质
15:00:00	4.56	--	0	0	买盘
15:00:00	4.56	--	0	0	买盘
15:00:00	4.56	--	1	455	买盘
14:59:52	4.56	--	558	254447	买盘
14:59:43	4.56	--	1349	615144	卖盘
14:59:37	4.56	--	41	18696	卖盘
14:59:33	4.56	--	541	246695	卖盘
14:59:28	4.56	--	67	30551	卖盘
14:59:22	4.56	--	10	4560	卖盘
14:59:13	4.56	--	174	79344	买盘
14:59:07	4.56	0.01	9	4104	买盘
14:58:58	4.55	-0.01	561	255255	卖盘
14:58:52	4.56	--	123	56087	卖盘
14:58:47	4.56	--	16	7295	买盘
14:58:43	4.56	0.01	344	156864	买盘
14:58:37	4.55	-0.01	50	22750	卖盘
14:58:33	4.56	0.01	206	93935	买盘
14:58:28	4.55	--	25	11375	卖盘
14:58:22	4.55	-0.01	3667	1668485	卖盘
14:58:18	4.56	--	57	25991	买盘
14:58:13	4.56	0.01	51	23255	买盘
14:58:07	4.55	-0.01	13	5915	卖盘
14:58:03	4.56	0.01	20	9120	买盘
14:57:58	4.55	-0.01	7	3185	卖盘
14:57:52	4.56	0.01	202	92111	买盘
14:57:48	4.55	-0.01	206	93730	卖盘
14:57:43	4.56	0.01	123	56087	买盘
14:57:37	4.55	-0.01	550	250250	卖盘
14:57:28	4.56	0.01	43	19608	买盘
14:57:22	4.55	--	2	910	卖盘
14:57:18	4.55	--	30	13650	卖盘
14:57:13	4.55	--	82	37310	卖盘
14:56:52	4.55	--	30	13650	卖盘
14:56:48	4.55	--	58	26390	卖盘
14:56:43	4.55	-0.01	11	5005	卖盘
14:56:37	4.56	0.01	148	67488	买盘
14:56:33	4.55	--	1	455	卖盘
14:56:27	4.55	--	10	4550	卖盘
14:56:22	4.55	-0.01	49	22295	卖盘
14:56:18	4.56	--	95	43319	买盘
14:56:07	4.56	--	8	3647	买盘
14:56:03	4.56	--	10	4560	买盘
14:55:57	4.56	0.01	34	15503	买盘
14:55:52	4.55	--	30	13650	卖盘
14:55:42	4.55	-0.01	350	159250	卖盘
14:55:37	4.56	--	127	57911	买盘
14:55:32	4.56	--	26	11855	买盘
14:55:27	4.56	0.01	1	455	买盘
14:55:22	4.55	-0.01	358	162890	卖盘
14:55:12	4.56	--	50	22799	买盘
14:55:07	4.56	--	360	164160	买盘
14:54:57	4.56	--	5	2280	买盘
14:54:52	4.56	--	180	82080	买盘
14:54:46	4.56	0.01	200	91199	买盘
14:54:42	4.55	-0.01	5	2275	卖盘
14:54:27	4.56	--	55	25079	买盘
14:54:22	4.56	0.01	1	455	买盘
14:54:12	4.55	--	20	9100	卖盘
14:54:07	4.55	--	120	54600	卖盘
14:54:01	4.55	-0.01	50	22750	卖盘
14:53:57	4.56	0.01	121	55175	买盘
14:53:52	4.55	--	20	9100	卖盘
14:53:42	4.55	-0.01	20	9100	卖盘
14:53:37	4.56	--	10	4560	买盘
14:53:31	4.56	--	10	4560	买盘
14:53:27	4.56	0.01	5	2280	买盘
14:53:16	4.55	--	1	455	卖盘
14:53:12	4.55	--	103	46865	卖盘
14:53:07	4.55	-0.01	5	2275	卖盘
14:53:01	4.56	0.01	43	19608	买盘
14:52:57	4.55	--	5	2275	卖盘
14:52:52	4.55	--	313	142415	卖盘
14:52:42	4.55	--	40	18200	卖盘
14:52:31	4.55	--	20	9100	卖盘
14:52:27	4.55	-0.01	6	2730	卖盘
14:52:16	4.56	--	284	129503	买盘
14:52:11	4.56	0.01	51	23538	买盘
14:52:07	4.55	--	20	9100	卖盘
14:51:56	4.55	-0.01	5	2275	卖盘
14:51:52	4.56	0.01	10	4560	买盘
14:51:46	4.55	-0.01	3	1365	卖盘
14:51:37	4.56	0.01	66	30095	买盘
14:51:31	4.55	-0.01	200	91000	卖盘
14:51:27	4.56	--	106	48335	买盘
14:51:22	4.56	0.01	50	22799	买盘
14:51:11	4.55	-0.01	390	177450	卖盘
14:51:07	4.56	--	2	911	买盘
14:51:01	4.56	--	1	455	买盘
14:50:57	4.56	0.01	30	13679	买盘
14:50:52	4.55	--	39	17745	卖盘
14:50:46	4.55	-0.01	21	9555	卖盘
14:50:31	4.56	0.01	2	911	买盘
14:50:22	4.55	-0.01	63	28665	卖盘
14:50:16	4.56	--	14	6383	买盘
14:50:11	4.56	--	10	4560	买盘
14:50:01	4.56	--	63	28727	买盘
14:49:52	4.56	0.01	81	36936	买盘
14:49:46	4.55	-0.01	20	9100	卖盘
14:49:37	4.56	--	38	17328	买盘
14:49:21	4.56	--	89	40584	买盘
14:49:16	4.56	--	30	13679	买盘
14:49:06	4.56	--	36	16416	买盘
14:49:01	4.56	0.01	26	11855	买盘
14:48:51	4.55	-0.01	20	9100	卖盘
14:48:36	4.56	--	372	169632	买盘
14:48:31	4.56	0.01	358	163248	买盘
14:48:21	4.55	--	68	30940	卖盘
14:48:16	4.55	--	20	9100	卖盘
14:48:06	4.55	-0.01	147	66885	卖盘
14:48:01	4.56	0.01	50	22799	买盘
14:47:55	4.55	--	680	309400	卖盘
14:47:51	4.55	--	40	18200	卖盘
14:47:46	4.55	--	135	61425	卖盘
14:47:40	4.55	-0.01	90	40950	卖盘
14:47:36	4.56	--	140	63839	买盘
14:47:31	4.56	0.01	116	52895	买盘
14:47:21	4.55	-0.01	130	59150	卖盘
14:47:16	4.56	--	50	22799	买盘
14:47:06	4.56	0.01	69	31463	买盘
14:47:01	4.55	-0.01	128	58240	卖盘
14:46:51	4.56	0.01	5	2280	买盘
14:46:40	4.55	--	50	22750	卖盘
14:46:25	4.55	-0.01	490	222950	卖盘
14:45:46	4.56	0.01	564	257183	买盘
14:45:36	4.55	-0.01	40	18200	卖盘
14:45:25	4.56	--	23	10488	买盘
14:45:10	4.56	--	43	19608	买盘
14:45:01	4.56	--	5	2280	买盘
14:44:55	4.56	--	212	96671	买盘
14:44:50	4.56	0.01	20	9120	买盘
14:44:40	4.55	--	27	12285	卖盘
14:44:31	4.55	--	80	36400	卖盘
14:44:25	4.55	-0.01	12	5460	卖盘
14:44:20	4.56	0.01	10	4560	买盘
14:44:01	4.55	-0.01	257	116935	卖盘
14:43:55	4.56	0.01	62	28271	买盘
14:43:46	4.55	-0.01	20	9100	卖盘
14:43:40	4.56	0.01	1	455	买盘
14:43:35	4.55	--	100	45500	卖盘
14:43:25	4.55	--	77	35035	卖盘
14:43:16	4.55	--	4	1820	卖盘
14:43:10	4.55	--	376	171080	卖盘
14:43:01	4.55	--	50	22750	卖盘
14:42:55	4.55	--	7	3185	卖盘
14:42:50	4.55	-0.01	2	910	卖盘
14:42:40	4.56	0.01	19	8664	买盘
14:42:31	4.55	--	12	5460	卖盘
14:42:10	4.55	--	28	12740	卖盘
14:41:55	4.55	--	78	35490	卖盘
14:41:50	4.55	--	10	4550	卖盘
14:41:40	4.55	--	240	109200	卖盘
14:41:35	4.55	--	421	191555	卖盘
14:41:25	4.55	-0.01	33	15015	卖盘
14:41:20	4.56	0.01	34	15503	买盘
14:41:15	4.55	--	29	13195	卖盘
14:40:49	4.55	--	61	27755	卖盘
14:40:40	4.55	--	120	54600	卖盘
14:40:34	4.55	-0.01	100	45500	卖盘
14:40:25	4.56	0.01	32	14591	买盘
14:40:00	4.55	-0.01	200	91000	卖盘
14:39:55	4.56	0.01	2	911	买盘
14:39:49	4.55	--	3	1365	卖盘
14:39:45	4.55	--	13	5915	卖盘
14:39:30	4.55	--	6	2730	卖盘
14:39:25	4.55	--	10	4550	卖盘
14:39:10	4.55	-0.01	250	113750	卖盘
14:39:00	4.56	0.01	75	34200	买盘
14:38:45	4.55	--	170	77350	卖盘
14:38:40	4.55	-0.01	36	16380	卖盘
14:38:30	4.56	--	51	23255	买盘
14:38:25	4.56	0.01	15	6839	买盘
14:38:19	4.55	--	1207	549185	卖盘
14:37:59	4.55	-0.01	30	13650	卖盘
14:37:55	4.56	--	33	15047	买盘
14:37:49	4.56	0.01	20	9120	买盘
14:37:44	4.55	-0.01	1	455	卖盘
14:37:40	4.56	0.01	43	19608	买盘
14:37:34	4.55	-0.01	301	137127	卖盘
14:37:25	4.56	--	67	30551	买盘
14:37:19	4.56	--	8	3647	买盘
14:37:10	4.56	--	45	20520	买盘
14:37:04	4.56	0.01	2	911	买盘
14:36:49	4.55	-0.01	68	30940	卖盘
14:36:44	4.56	--	1005	458279	买盘
14:36:40	4.56	0.01	10	4560	买盘
14:36:34	4.55	-0.01	37	16835	卖盘
14:36:25	4.56	--	20	9120	买盘
14:36:19	4.56	--	10	4560	买盘
14:36:04	4.56	--	56	25535	买盘
14:35:55	4.56	0.01	4	1823	买盘
14:35:40	4.55	-0.01	40	18200	卖盘
14:35:34	4.56	0.01	3029	1381223	买盘
14:35:04	4.55	--	135	61425	卖盘
14:34:49	4.55	--	77	35035	卖盘
14:34:39	4.55	-0.01	13	5915	卖盘
14:34:34	4.56	--	7	3191	买盘
14:34:29	4.56	0.01	26	11855	买盘
14:34:24	4.55	--	454	206570	卖盘
14:34:19	4.55	--	43	19565	卖盘
14:34:14	4.55	--	21	9555	卖盘
14:33:59	4.55	--	13	5915	卖盘
14:33:54	4.55	--	55	25025	卖盘
14:33:49	4.55	--	1	455	卖盘
14:33:43	4.55	--	4	1820	卖盘
14:33:39	4.55	-0.01	40	18200	卖盘
14:33:34	4.56	0.01	4	1823	买盘
14:33:28	4.55	-0.01	6	2730	卖盘
14:33:09	4.56	0.01	19	8664	买盘
14:32:58	4.55	--	9	4095	卖盘
14:32:54	4.55	--	20	9100	卖盘
14:32:49	4.55	--	20	9100	卖盘
14:32:39	4.55	--	12	5460	卖盘
14:32:24	4.55	--	240	109200	卖盘
14:32:13	4.55	--	29	13195	卖盘
14:32:04	4.55	--	22	10010	卖盘
14:31:58	4.55	--	70	31850	卖盘
14:31:54	4.55	--	20	9100	卖盘
14:31:49	4.55	--	2	910	卖盘
14:31:43	4.55	--	100	45500	卖盘
14:31:24	4.55	-0.01	3	1365	卖盘
14:31:19	4.56	0.01	11	5016	买盘
14:31:08	4.55	--	5	2275	卖盘
14:31:04	4.55	-0.01	201	91455	卖盘
14:30:58	4.56	0.01	70	31919	买盘
14:30:49	4.55	--	70	31850	卖盘
14:30:43	4.55	--	81	36855	卖盘
14:30:28	4.55	--	250	113750	卖盘
14:30:23	4.55	--	8	3640	卖盘
14:30:19	4.55	-0.01	5	2275	卖盘
14:30:13	4.56	--	20	9120	买盘
14:29:58	4.56	0.01	3	1367	买盘
14:29:49	4.55	--	52	23660	卖盘
14:29:28	4.55	--	3	1365	卖盘
14:29:13	4.55	--	782	355810	卖盘
14:29:04	4.55	--	10	4550	卖盘
14:28:58	4.55	--	13	5915	卖盘
14:28:43	4.55	-0.01	18	8190	卖盘
14:28:34	4.56	0.01	50	22799	买盘
14:28:18	4.55	-0.01	8	3640	卖盘
14:27:43	4.56	0.01	5	2280	买盘
14:27:38	4.55	-0.01	39	17745	卖盘
14:27:33	4.56	--	130	59279	买盘
14:27:28	4.56	0.01	270	123119	买盘
14:27:18	4.55	-0.01	253	115115	卖盘
14:27:13	4.56	0.01	736	335844	买盘
14:27:03	4.55	--	60	27300	卖盘
14:26:48	4.55	--	1	455	卖盘
14:26:43	4.55	--	151	68705	卖盘
14:26:37	4.55	--	31	14105	卖盘
14:26:33	4.55	--	14	6370	卖盘
14:26:18	4.55	--	23	10465	卖盘
14:25:58	4.55	-0.01	30	13650	卖盘
14:25:52	4.56	0.01	11	5016	买盘
14:25:37	4.55	--	14	6370	卖盘
14:25:28	4.55	--	20	9100	卖盘
14:25:18	4.55	-0.01	10	4550	卖盘
14:25:13	4.56	0.01	10	4560	买盘
14:25:07	4.55	--	60	27300	卖盘
14:24:58	4.55	--	30	13650	卖盘
14:24:52	4.55	--	10	4550	卖盘
14:24:48	4.55	--	116	52780	卖盘
14:24:43	4.55	--	141	64155	卖盘
14:24:37	4.55	--	5	2275	卖盘
14:24:28	4.55	--	141	64155	卖盘
14:24:18	4.55	--	4	1820	卖盘
14:24:13	4.55	--	3	1365	卖盘
14:23:58	4.55	-0.01	170	77350	卖盘
14:23:52	4.56	0.01	20	9120	买盘
14:23:43	4.55	--	10	4550	卖盘
14:23:28	4.55	--	118	53690	卖盘
14:23:07	4.55	-0.01	201	91455	卖盘
14:23:02	4.56	0.01	33	15047	买盘
14:22:58	4.55	--	25	11375	卖盘
14:22:52	4.55	--	9	4095	卖盘
14:22:47	4.55	--	1	455	卖盘
14:22:43	4.55	--	80	36400	卖盘
14:22:37	4.55	--	12	5460	卖盘
14:22:32	4.55	--	7	3185	卖盘
14:22:28	4.55	--	1	455	卖盘
14:22:22	4.55	--	589	267995	卖盘
14:22:17	4.55	--	37	16835	卖盘
14:22:13	4.55	-0.01	36	16380	卖盘
14:22:07	4.56	0.01	100	45599	买盘
14:22:02	4.55	--	20	9100	卖盘
14:21:58	4.55	-0.01	29	13195	卖盘
14:21:37	4.56	0.01	111	50615	买盘
14:21:27	4.55	-0.01	50	22750	卖盘
14:21:22	4.56	--	1	455	买盘
14:21:13	4.56	0.01	162	73872	买盘
14:21:02	4.55	--	35	15925	卖盘
14:20:52	4.55	--	11	5005	卖盘
14:20:47	4.55	--	31	14105	卖盘
14:20:42	4.55	--	41	18655	卖盘
14:20:37	4.55	--	69	31395	卖盘
14:20:27	4.55	--	20	9100	卖盘
14:20:22	4.55	--	107	48685	卖盘
14:20:12	4.55	--	16	7280	卖盘
14:19:57	4.55	--	61	27755	卖盘
14:19:47	4.55	-0.01	42	19110	卖盘
14:19:42	4.56	0.01	104	47423	买盘
14:19:37	4.55	--	22	10010	卖盘
14:19:22	4.55	--	5	2275	卖盘
14:19:16	4.55	--	25	11375	卖盘
14:19:12	4.55	--	1	455	卖盘
14:18:46	4.55	--	8	3640	卖盘
14:18:42	4.55	--	5	2275	卖盘
14:18:22	4.55	--	11	5005	卖盘
14:18:12	4.55	-0.01	4	1820	卖盘
14:18:07	4.56	--	111	50615	买盘
14:18:01	4.56	0.01	11	5016	买盘
14:17:57	4.55	--	61	27755	卖盘
14:17:46	4.55	--	636	289380	卖盘
14:17:27	4.55	--	11	5305	卖盘
14:17:22	4.55	--	30	13650	卖盘
14:17:12	4.55	-0.01	11	5005	卖盘
14:17:01	4.56	0.01	20	9120	买盘
14:16:56	4.55	-0.01	80	36400	卖盘
14:16:52	4.56	0.01	50	22799	买盘
14:16:46	4.55	--	22	10010	卖盘
14:16:41	4.55	--	25	11375	卖盘
14:16:37	4.55	--	4	1820	卖盘
14:16:31	4.55	--	2	910	卖盘
14:16:26	4.55	--	50	22750	卖盘
14:16:22	4.55	--	302	137410	卖盘
14:16:16	4.55	--	1	455	卖盘
14:16:07	4.55	--	30	13650	卖盘
14:16:01	4.55	--	14	6370	卖盘
14:15:41	4.55	--	3	1365	卖盘
14:15:31	4.55	-0.01	3	1365	卖盘
14:15:26	4.56	--	19	8664	买盘
14:15:16	4.56	--	35	15959	买盘
14:15:11	4.56	--	50	22799	卖盘
14:15:01	4.56	--	0	0	中性盘
14:14:56	4.56	-0.01	25	11399	卖盘
14:14:46	4.57	0.01	52	23764	买盘
14:14:37	4.56	--	62	28271	卖盘
14:14:31	4.56	--	1	455	卖盘
14:14:26	4.56	0.01	230	104879	买盘
14:14:16	4.55	-0.01	4	1820	卖盘
14:14:01	4.56	0.01	10	4560	买盘
14:13:51	4.55	--	39	17745	卖盘
14:13:46	4.55	--	47	21385	卖盘
14:13:41	4.55	-0.02	29	13195	卖盘
14:13:36	4.57	0.01	2000	914000	买盘
14:13:31	4.56	0.01	4	1823	买盘
14:13:16	4.55	-0.01	105	47775	卖盘
14:13:11	4.56	--	20	9120	买盘
14:13:06	4.56	0.01	20	9120	买盘
14:12:51	4.55	-0.01	145	65975	卖盘
14:12:25	4.56	0.01	99	45143	买盘
14:11:55	4.55	-0.01	2	955	卖盘
14:11:40	4.56	--	35	15959	买盘
14:11:36	4.56	--	3	1367	买盘
14:11:16	4.56	--	6	2735	卖盘
14:11:01	4.56	-0.01	45	20520	卖盘
14:10:51	4.57	0.01	1	457	买盘
14:10:46	4.56	--	1	455	买盘
14:10:36	4.56	--	1	455	买盘
14:10:31	4.56	--	28	12767	卖盘
14:10:25	4.56	--	72	32832	买盘
14:10:21	4.56	--	162	73872	买盘
14:10:16	4.56	0.01	1	455	买盘
14:10:10	4.55	-0.01	30	13650	卖盘
14:10:06	4.56	--	31	14135	买盘
14:09:50	4.56	--	10	4560	买盘
14:09:46	4.56	--	50	22799	买盘
14:09:31	4.56	--	37	16872	买盘
14:09:20	4.56	--	100	45599	买盘
14:09:10	4.56	--	1600	729599	买盘
14:09:05	4.56	--	24	10943	买盘
14:09:01	4.56	0.01	29	13223	买盘
14:08:55	4.55	-0.01	15	6825	卖盘
14:08:46	4.56	--	53	24167	买盘
14:08:35	4.56	--	235	107159	买盘
14:08:20	4.56	--	239	108983	买盘
14:08:16	4.56	--	31	14135	买盘
14:08:10	4.56	--	20	9120	买盘
14:08:05	4.56	--	1546	704975	卖盘
14:08:01	4.56	-0.01	1	455	卖盘
14:07:50	4.57	0.01	30	13710	买盘
14:07:46	4.56	--	10	4560	卖盘
14:07:25	4.56	--	4	1823	卖盘
14:07:20	4.56	--	58	26447	卖盘
14:06:45	4.56	-0.01	22	10032	卖盘
14:06:40	4.57	0.01	23	10511	买盘
14:06:25	4.56	--	20	9120	卖盘
14:06:05	4.56	--	50	22799	卖盘
14:06:00	4.56	--	3	1367	卖盘
14:05:55	4.56	--	10	4560	卖盘
14:05:45	4.56	--	20	9120	卖盘
14:05:40	4.56	--	48	21887	卖盘
14:05:25	4.56	--	30	13679	卖盘
14:05:00	4.56	-0.01	5	2280	卖盘
14:04:49	4.57	0.01	10	4570	买盘
14:04:30	4.56	--	17	7751	卖盘
14:04:15	4.56	--	5	2280	卖盘
14:04:10	4.56	--	373	170087	买盘
14:04:04	4.56	0.01	170	77520	买盘
14:03:55	4.55	-0.01	39	17745	卖盘
14:03:45	4.56	--	101	46055	买盘
14:03:34	4.56	--	1	455	买盘
14:03:30	4.56	--	19	8664	买盘
14:03:25	4.56	--	6	2735	买盘
14:03:19	4.56	--	54	24623	买盘
14:03:10	4.56	0.01	54	24623	买盘
14:02:55	4.55	--	48	21840	卖盘
14:02:49	4.55	-0.01	29	13195	卖盘
14:02:44	4.56	-0.01	309	140904	卖盘
14:02:29	4.57	0.02	1	457	买盘
14:02:19	4.55	-0.01	370	168350	卖盘
14:02:14	4.56	--	356	162550	买盘
14:02:10	4.56	--	320	145920	买盘
14:01:59	4.56	--	60	27359	买盘
14:01:55	4.56	--	90	41040	买盘
14:01:49	4.56	--	34	15503	买盘
14:01:44	4.56	--	15	6839	买盘
14:01:34	4.56	--	230	104879	买盘
14:01:29	4.56	--	184	83904	卖盘
14:01:25	4.56	--	35	15959	卖盘
14:01:19	4.56	--	2	911	卖盘
14:01:04	4.56	--	401	182855	买盘
14:00:59	4.56	0.01	89	40584	买盘
14:00:54	4.55	-0.01	61	27755	卖盘
14:00:49	4.56	--	704	321024	买盘
14:00:44	4.56	0.01	8	3647	买盘
14:00:39	4.55	-0.01	186	84630	卖盘
14:00:34	4.56	--	100	45599	买盘
14:00:24	4.56	--	256	116735	买盘
14:00:19	4.56	0.01	50	22799	买盘
14:00:14	4.55	--	3	1365	卖盘
14:00:04	4.55	--	1001	455455	卖盘
13:59:49	4.55	-0.01	106	48230	卖盘
13:59:39	4.56	--	60	27359	买盘
13:59:29	4.56	0.01	127	57911	买盘
13:59:24	4.55	-0.01	700	318500	卖盘
13:59:19	4.56	--	146	66576	买盘
13:59:14	4.56	0.01	68	31007	买盘
13:59:04	4.55	-0.01	29	13195	卖盘
13:58:49	4.56	--	40	18240	买盘
13:58:39	4.56	--	146	66576	买盘
13:58:34	4.56	--	9	4104	买盘
13:58:19	4.56	--	39	17784	买盘
13:58:09	4.56	0.01	8	3647	买盘
13:58:04	4.55	-0.01	9	4095	卖盘
13:57:54	4.56	0.01	95	43319	买盘
13:57:43	4.55	--	216	98280	卖盘
13:57:34	4.55	-0.01	1366	621530	卖盘
13:57:19	4.56	0.01	20	9120	买盘
13:57:09	4.55	-0.01	3	1365	卖盘
13:56:39	4.56	--	32	14591	买盘
13:56:28	4.56	0.01	1	455	买盘
13:56:13	4.55	-0.01	100	45500	卖盘
13:55:58	4.56	0.01	262	119471	买盘
13:55:18	4.55	-0.01	30	13650	卖盘
13:55:13	4.56	--	76	34656	买盘
13:55:08	4.56	0.01	15	6839	买盘
13:55:04	4.55	-0.01	10	4550	卖盘
13:54:43	4.56	0.01	100	45599	买盘
13:54:33	4.55	--	35	15925	卖盘
13:54:23	4.55	--	79	35945	卖盘
13:53:58	4.55	-0.01	50	22750	卖盘
13:53:48	4.56	--	313	142728	买盘
13:53:43	4.56	--	11	5016	买盘
13:53:23	4.56	--	200	91199	买盘
13:53:03	4.56	--	130	59279	买盘
13:52:53	4.56	--	12	5471	买盘
13:52:48	4.56	0.01	12	5471	买盘
13:52:28	4.55	-0.01	104	47320	卖盘
13:52:13	4.56	--	9	4104	买盘
13:52:03	4.56	--	204	93023	买盘
13:51:58	4.56	0.01	467	212951	买盘
13:51:53	4.55	-0.01	20	9100	卖盘
13:51:48	4.56	--	232	105791	买盘
13:51:43	4.56	0.01	300	136800	买盘
13:51:33	4.55	-0.01	660	300300	卖盘
13:51:18	4.56	--	122	55631	买盘
13:51:13	4.56	--	90	41040	买盘
13:51:07	4.56	0.01	30	13679	买盘
13:51:03	4.55	-0.01	5	2275	卖盘
13:50:58	4.56	--	19	8664	买盘
13:50:52	4.56	0.01	129	58823	买盘
13:50:48	4.55	-0.01	29	13195	卖盘
13:50:43	4.56	0.01	6	2735	买盘
13:50:28	4.55	-0.01	13	5915	卖盘
13:50:18	4.56	0.01	1134	517103	买盘
13:50:13	4.55	-0.01	50	22750	卖盘
13:50:03	4.56	--	10	4560	买盘
13:49:58	4.56	--	61	27815	买盘
13:49:52	4.56	--	1	455	买盘
13:49:48	4.56	0.01	2	911	买盘
13:49:43	4.55	-0.01	9	4095	卖盘
13:49:33	4.56	0.01	150	68400	买盘
13:49:28	4.55	--	700	318500	卖盘
13:49:18	4.55	-0.01	11	5005	卖盘
13:49:12	4.56	0.01	117	53351	买盘
13:49:02	4.55	--	300	136500	卖盘
13:48:57	4.55	-0.01	41	18655	卖盘
13:48:37	4.56	0.01	10	4560	买盘
13:48:27	4.55	--	35	15925	卖盘
13:48:12	4.55	--	100	45500	卖盘
13:47:57	4.55	-0.01	8	3640	卖盘
13:47:52	4.56	0.01	6	2735	买盘
13:47:47	4.55	--	10	4550	卖盘
13:47:37	4.55	-0.01	74	33670	卖盘
13:47:32	4.56	0.01	60	27359	买盘
13:47:22	4.55	-0.01	7	3185	卖盘
13:47:12	4.56	0.01	5	2280	买盘
13:47:07	4.55	-0.01	30	13650	卖盘
13:47:02	4.56	--	13	5927	买盘
13:46:57	4.56	0.01	40	18240	买盘
13:46:42	4.55	--	5	2275	卖盘
13:46:37	4.55	-0.01	40	18200	卖盘
13:46:32	4.56	0.01	40	18240	买盘
13:46:27	4.55	--	21	9555	卖盘
13:46:22	4.55	--	262	119210	卖盘
13:46:17	4.55	--	132	60060	卖盘
13:46:12	4.55	--	22	10010	卖盘
13:46:02	4.55	--	34	15470	卖盘
13:45:42	4.55	-0.01	5	2275	卖盘
13:45:32	4.56	0.01	20	9120	买盘
13:45:27	4.55	-0.01	405	184275	卖盘
13:45:17	4.56	--	152	69312	买盘
13:44:52	4.56	0.01	69	31463	买盘
13:44:47	4.55	--	5	2275	卖盘
13:44:42	4.55	--	99	45045	卖盘
13:44:37	4.55	-0.01	26	11830	卖盘
13:44:32	4.56	0.01	18	8208	买盘
13:44:27	4.55	--	12	5460	卖盘
13:44:22	4.55	--	14	6370	卖盘
13:44:16	4.55	0.01	207	94185	买盘
13:44:07	4.54	-0.01	35	15890	卖盘
13:44:01	4.55	--	15	6825	买盘
13:43:57	4.55	--	50	22750	买盘
13:43:42	4.55	0.01	755	343525	买盘
13:43:37	4.54	-0.01	500	227000	卖盘
13:43:31	4.55	0.01	230	104650	买盘
13:43:27	4.54	--	107	48578	卖盘
13:43:22	4.54	--	38	17252	卖盘
13:43:07	4.54	-0.01	4444	2017576	卖盘
13:43:01	4.55	--	203	92365	卖盘
13:42:57	4.55	--	1	455	卖盘
13:42:52	4.55	-0.01	736	334880	卖盘
13:42:46	4.56	0.01	5	2280	买盘
13:42:42	4.55	--	1348	613340	卖盘
13:42:37	4.55	--	203	92365	卖盘
13:42:27	4.55	--	1	455	卖盘
13:42:16	4.55	--	100	45500	卖盘
13:42:06	4.55	--	6	2730	卖盘
13:41:57	4.55	-0.01	1	455	卖盘
13:41:51	4.56	--	4482	2043791	卖盘
13:41:46	4.56	--	68	31007	卖盘
13:41:41	4.56	--	11	5016	卖盘
13:41:36	4.56	-0.01	113	51527	卖盘
13:41:31	4.57	0.01	5	2285	买盘
13:41:26	4.56	--	900	410399	卖盘
13:41:21	4.56	--	80	36480	卖盘
13:41:16	4.56	--	2	911	卖盘
13:41:06	4.56	-0.01	50	22799	卖盘
13:40:36	4.57	0.01	3	1371	买盘
13:40:31	4.56	-0.01	100	45599	卖盘
13:40:21	4.57	--	330	150810	买盘
13:40:06	4.57	--	7	3199	买盘
13:40:01	4.57	--	51	23307	买盘
13:39:46	4.57	--	13	5941	买盘
13:39:31	4.57	0.01	5	2285	买盘
13:39:26	4.56	-0.01	400	182399	卖盘
13:39:21	4.57	--	520	237640	买盘
13:39:16	4.57	0.01	20	9140	买盘
13:39:06	4.56	--	129	58823	卖盘
13:39:01	4.56	--	30	13679	卖盘
13:38:51	4.56	-0.01	61	27815	卖盘
13:38:46	4.57	0.01	5	2285	买盘
13:38:36	4.56	--	90	41040	卖盘
13:38:31	4.56	-0.01	5	2280	卖盘
13:38:26	4.57	0.01	50	22850	买盘
13:38:21	4.56	--	9	4104	卖盘
13:38:06	4.56	--	18	8208	卖盘
13:38:01	4.56	-0.01	5	2280	卖盘
13:37:56	4.57	0.01	3	1371	买盘
13:37:46	4.56	-0.01	5	2280	卖盘
13:37:41	4.57	0.01	16	7312	买盘
13:37:16	4.56	-0.01	1	455	卖盘
13:37:06	4.57	--	2	914	买盘
13:37:01	4.57	--	318	145326	买盘
13:36:55	4.57	--	18	8226	买盘
13:36:46	4.57	0.01	1	457	买盘
13:36:40	4.56	--	2	911	卖盘
13:36:36	4.56	--	30	13679	卖盘
13:36:31	4.56	--	24	10943	卖盘
13:36:25	4.56	--	10	4560	卖盘
13:36:21	4.56	--	149	67944	卖盘
13:36:06	4.56	-0.01	72	32832	卖盘
13:35:51	4.57	0.01	25	11425	买盘
13:35:46	4.56	-0.01	1	455	卖盘
13:35:36	4.57	0.01	82	37474	买盘
13:35:31	4.56	-0.01	11	5016	卖盘
13:35:25	4.57	0.01	1	457	买盘
13:35:21	4.56	--	177	80712	卖盘
13:35:15	4.56	--	20	9120	卖盘
13:34:45	4.56	-0.01	60	27359	卖盘
13:34:40	4.57	0.01	10	4570	买盘
13:34:35	4.56	--	501	228455	卖盘
13:34:30	4.56	--	1428	651168	卖盘
13:34:25	4.56	--	12	5471	卖盘
13:34:15	4.56	-0.01	6	2735	卖盘
13:34:10	4.57	--	380	173660	买盘
13:33:55	4.57	--	831	380173	卖盘
13:33:50	4.57	--	1385	632945	卖盘
13:33:45	4.57	--	3057	1397049	卖盘
13:33:40	4.57	--	10	4570	卖盘
13:33:30	4.57	--	217	99169	卖盘
13:33:25	4.57	--	52	23764	卖盘
13:33:20	4.57	--	2	914	卖盘
13:33:10	4.57	-0.01	200	91400	卖盘
13:33:00	4.58	0.01	83	38014	买盘
13:32:45	4.57	-0.01	20	9140	卖盘
13:32:40	4.58	0.01	40	18320	买盘
13:32:15	4.57	--	1	457	卖盘
13:32:05	4.57	--	100	45700	卖盘
13:32:00	4.57	--	65	29705	卖盘
13:31:55	4.57	--	11	5027	卖盘
13:31:40	4.57	-0.01	5	2285	卖盘
13:31:20	4.58	0.01	1	458	买盘
13:31:10	4.57	--	38	17366	卖盘
13:31:00	4.57	-0.01	36	16452	卖盘
13:30:40	4.58	0.01	405	185490	买盘
13:30:30	4.57	-0.01	350	159950	卖盘
13:30:25	4.58	0.01	38	17404	买盘
13:30:20	4.57	--	2	914	卖盘
13:30:15	4.57	--	79	36103	卖盘
13:30:10	4.57	-0.01	228	104196	卖盘
13:30:00	4.58	--	46	21068	买盘
13:29:55	4.58	0.01	63	28854	买盘
13:29:40	4.57	--	497	227129	卖盘
13:29:15	4.57	--	1207	551599	卖盘
13:29:00	4.57	-0.01	20	9140	卖盘
13:28:55	4.58	0.01	1	458	买盘
13:28:45	4.57	--	20	9140	卖盘
13:28:15	4.57	-0.01	6	2742	卖盘
13:28:09	4.58	0.01	22	10076	买盘
13:28:04	4.57	-0.01	12	5484	卖盘
13:28:00	4.58	--	12	5496	买盘
13:27:54	4.58	--	30	13740	买盘
13:27:49	4.58	0.01	56	25648	买盘
13:27:29	4.57	-0.01	370	169090	卖盘
13:27:24	4.58	--	20	9160	买盘
13:27:19	4.58	--	18	8244	买盘
13:27:14	4.58	--	4	1832	买盘
13:27:04	4.58	--	8	3664	买盘
13:26:54	4.58	0.01	66	30228	买盘
13:26:49	4.57	-0.01	10	4570	卖盘
13:26:39	4.58	--	2	916	买盘
13:26:34	4.58	--	4	1832	买盘
13:26:29	4.58	--	5	2290	买盘
13:26:19	4.58	--	51	23358	买盘
13:26:09	4.58	--	30	13740	买盘
13:25:24	4.58	0.01	50	22900	买盘
13:25:19	4.57	--	105	47985	卖盘
13:25:14	4.57	-0.01	30	13710	卖盘
13:25:09	4.58	--	98	44884	买盘
13:25:04	4.58	0.01	4	1832	买盘
13:24:54	4.57	--	16	7312	卖盘
13:24:49	4.57	--	65	29705	卖盘
13:24:44	4.57	--	10	4570	卖盘
13:24:39	4.57	--	28	12796	卖盘
13:24:34	4.57	-0.01	10	4570	卖盘
13:24:29	4.58	0.01	10	4580	买盘
13:24:04	4.57	--	1	457	卖盘
13:23:54	4.57	--	21	9597	卖盘
13:23:49	4.57	-0.01	282	128874	卖盘
13:23:34	4.58	--	56	25648	买盘
13:23:29	4.58	0.01	26	11908	买盘
13:23:24	4.57	--	116	53012	卖盘
13:23:19	4.57	-0.01	25	11425	卖盘
13:23:14	4.58	--	21	9618	买盘
13:23:09	4.58	0.01	75	34350	买盘
13:23:04	4.57	-0.01	121	55297	卖盘
13:22:39	4.58	--	21	9618	买盘
13:22:34	4.58	--	26	11908	买盘
13:22:24	4.58	--	78	35724	买盘
13:22:19	4.58	0.01	28	12824	买盘
13:22:04	4.57	-0.01	68	31076	卖盘
13:21:54	4.58	0.01	30	13740	卖盘
13:21:49	4.57	--	0	0	卖盘
13:21:43	4.57	--	60	27420	卖盘
13:21:39	4.57	-0.01	36	16502	卖盘
13:21:34	4.58	--	30	13740	买盘
13:21:24	4.58	--	160	73280	买盘
13:21:19	4.58	--	172	78776	卖盘
13:21:13	4.58	--	465	212970	卖盘
13:20:48	4.58	--	198	90684	卖盘
13:20:43	4.58	--	42	19236	卖盘
13:20:38	4.58	--	1	458	卖盘
13:20:28	4.58	--	162	74196	卖盘
13:20:18	4.58	--	10	4580	卖盘
13:20:13	4.58	--	96	43968	卖盘
13:20:03	4.58	--	280	128240	卖盘
13:19:48	4.58	-0.01	1	458	卖盘
13:19:43	4.59	--	24	11016	买盘
13:19:38	4.59	--	1	459	买盘
13:19:28	4.59	0.01	114	52326	买盘
13:18:33	4.58	--	150	68700	卖盘
13:18:23	4.58	-0.01	500	229000	卖盘
13:18:18	4.59	0.01	212	97308	买盘
13:18:03	4.58	-0.01	1644	752952	卖盘
13:17:53	4.59	0.01	159	72981	买盘
13:17:48	4.58	--	2	916	卖盘
13:17:33	4.58	--	603	276174	卖盘
13:17:28	4.58	--	20	9160	卖盘
13:17:23	4.58	--	28	12824	卖盘
13:17:18	4.58	--	22	10076	卖盘
13:17:13	4.58	--	28	12824	卖盘
13:17:03	4.58	--	28	12824	卖盘
13:16:58	4.58	--	201	92332	卖盘
13:16:48	4.58	--	166	76028	卖盘
13:16:28	4.58	--	2121	971418	卖盘
13:16:18	4.58	-0.01	259	118622	卖盘
13:16:13	4.59	--	8	3672	买盘
13:16:08	4.59	0.01	3	1377	买盘
13:15:37	4.58	--	166	76028	卖盘
13:15:33	4.58	-0.01	7	3206	卖盘
13:15:28	4.59	0.01	10	4590	买盘
13:15:18	4.58	-0.01	211	96638	卖盘
13:15:13	4.59	--	50	22950	买盘
13:15:03	4.59	0.01	100	45900	买盘
13:14:43	4.58	--	10	4580	卖盘
13:14:22	4.58	-0.01	15	6870	卖盘
13:14:18	4.59	--	67	30753	买盘
13:13:57	4.59	0.01	8	3672	买盘
13:13:52	4.58	-0.01	557	255106	卖盘
13:13:32	4.59	0.01	5	2295	买盘
13:13:07	4.58	--	38	17404	卖盘
13:12:32	4.58	-0.01	10	4580	卖盘
13:12:27	4.59	--	100	45900	买盘
13:12:22	4.59	--	100	45900	买盘
13:12:07	4.59	--	40	18360	买盘
13:11:42	4.59	--	2	918	买盘
13:11:27	4.59	--	110	50490	买盘
13:11:22	4.59	0.01	12	5508	买盘
13:11:12	4.58	--	254	116332	卖盘
13:11:02	4.58	--	4	1832	卖盘
13:10:52	4.58	--	133	60914	卖盘
13:10:42	4.58	-0.01	201	92058	卖盘
13:10:37	4.59	0.01	25	11475	买盘
13:10:32	4.58	-0.01	28	12824	卖盘
13:10:22	4.59	0.01	50	22950	买盘
13:10:12	4.58	--	28	12824	卖盘
13:09:57	4.58	--	144	65952	卖盘
13:09:52	4.58	-0.01	64	29312	卖盘
13:09:47	4.59	--	1	459	卖盘
13:09:42	4.59	0.01	99	45441	买盘
13:09:37	4.58	-0.01	101	46258	卖盘
13:09:32	4.59	0.01	33	15147	买盘
13:09:27	4.58	-0.01	347	158926	卖盘
13:09:22	4.59	0.01	20	9180	买盘
13:08:52	4.58	-0.01	253	115874	卖盘
13:08:22	4.59	--	300	137700	买盘
13:08:12	4.59	--	317	145503	卖盘
13:07:42	4.59	--	15	6885	卖盘
13:07:22	4.59	--	267	122553	买盘
13:07:12	4.59	--	37	16983	买盘
13:07:06	4.59	--	12	5508	买盘
13:06:57	4.59	--	3	1377	买盘
13:06:51	4.59	--	9	4131	买盘
13:06:36	4.59	0.01	36	16524	买盘
13:06:31	4.58	--	2	916	卖盘
13:06:21	4.58	-0.01	914	418612	卖盘
13:06:16	4.59	--	200	91800	买盘
13:06:06	4.59	0.01	114	52326	买盘
13:05:46	4.58	-0.01	30	13740	卖盘
13:05:41	4.59	0.01	21	9639	买盘
13:05:36	4.58	-0.01	1	458	卖盘
13:05:26	4.59	0.01	20	9180	买盘
13:05:11	4.58	--	23	10534	卖盘
13:05:01	4.58	-0.01	766	350828	卖盘
13:04:31	4.59	--	10	4590	买盘
13:04:26	4.59	0.01	2	918	买盘
13:04:21	4.58	-0.01	100	45800	卖盘
13:04:11	4.59	--	800	367200	买盘
13:03:56	4.59	--	14	6426	买盘
13:03:51	4.59	--	116	53244	买盘
13:03:46	4.59	0.01	48	22032	买盘
13:03:31	4.58	--	10	4580	卖盘
13:03:26	4.58	--	146	66868	卖盘
13:03:16	4.58	--	29	13282	卖盘
13:03:06	4.58	--	35	16030	卖盘
13:02:56	4.58	-0.01	42	19236	卖盘
13:02:51	4.59	0.01	33	15147	买盘
13:02:36	4.58	-0.01	52	23816	卖盘
13:02:31	4.59	--	65	29835	买盘
13:02:16	4.59	--	8	3672	买盘
13:01:56	4.59	--	3225	1480683	卖盘
13:01:51	4.59	-0.01	453	207927	卖盘
13:01:46	4.6	--	50	23000	买盘
13:01:36	4.6	--	13	5979	买盘
13:00:51	4.6	--	30	13799	买盘
13:00:36	4.6	--	9	4140	买盘
13:00:15	4.6	--	9	4140	买盘
13:00:10	4.6	--	39	17940	买盘
13:00:06	4.6	0.01	693	318830	买盘
11:30:00	4.59	--	0	0	卖盘
11:29:59	4.59	--	0	0	卖盘
11:29:57	4.59	--	28	12852	卖盘
11:29:51	4.59	--	239	109701	卖盘
11:29:42	4.59	-0.01	3	1377	卖盘
11:29:31	4.6	--	0	0	买盘
11:29:27	4.6	0.01	356	163760	买盘
11:29:21	4.59	--	78	36031	卖盘
11:29:16	4.59	--	10	4590	卖盘
11:29:12	4.59	--	654	300186	卖盘
11:29:06	4.59	-0.01	100	45900	卖盘
11:29:01	4.6	0.01	11	5060	买盘
11:28:57	4.59	-0.01	100	45900	卖盘
11:28:46	4.6	0.01	129	59339	买盘
11:28:42	4.59	--	10	4590	卖盘
11:28:36	4.59	--	444	203796	卖盘
11:28:27	4.59	--	2245	1030455	卖盘
11:28:06	4.59	--	398	182682	卖盘
11:27:51	4.59	-0.01	5	2295	卖盘
11:27:46	4.6	0.01	4	1839	买盘
11:27:42	4.59	--	407	186813	卖盘
11:27:36	4.59	--	50	22950	卖盘
11:27:27	4.59	--	17	7803	卖盘
11:27:12	4.59	--	46	21114	卖盘
11:27:06	4.59	-0.01	427	195993	卖盘
11:27:01	4.6	--	9	4140	买盘
11:26:57	4.6	--	50	23000	买盘
11:26:36	4.6	0.01	49	22540	买盘
11:26:31	4.59	--	29	13311	卖盘
11:26:21	4.59	--	109	50031	卖盘
11:26:06	4.59	--	114	52326	卖盘
11:25:56	4.59	-0.01	30	13770	卖盘
11:25:46	4.6	--	80	36800	买盘
11:25:21	4.6	0.01	8	3679	买盘
11:25:01	4.59	--	5	2295	卖盘
11:24:36	4.59	-0.01	1	459	卖盘
11:24:26	4.6	0.01	201	92460	买盘
11:24:11	4.59	--	2	918	卖盘
11:24:06	4.59	--	719	330021	卖盘
11:24:00	4.59	-0.01	18	8262	卖盘
11:23:51	4.6	0.01	169	77740	买盘
11:23:45	4.59	-0.01	17	7803	卖盘
11:23:41	4.6	--	32	14719	买盘
11:23:30	4.6	--	430	197799	买盘
11:23:10	4.6	0.01	10	4600	买盘
11:23:06	4.59	--	2	1147	卖盘
11:22:51	4.59	-0.01	30	13770	卖盘
11:22:45	4.6	0.01	30	13799	买盘
11:22:30	4.59	--	20	9180	卖盘
11:22:25	4.59	-0.01	1	459	卖盘
11:22:21	4.6	--	50	23000	买盘
11:22:15	4.6	--	2	919	买盘
11:22:06	4.6	--	1	459	买盘
11:22:00	4.6	0.01	42	19320	买盘
11:21:51	4.59	-0.01	15	6885	卖盘
11:21:36	4.6	--	243	111779	买盘
11:21:30	4.6	0.01	10	4600	买盘
11:21:25	4.59	-0.01	70	32130	卖盘
11:21:15	4.6	0.01	60	27599	买盘
11:21:06	4.59	-0.01	20	9180	卖盘
11:21:00	4.6	--	10	4600	买盘
11:20:55	4.6	0.01	500	229999	买盘
11:20:51	4.59	-0.01	200	91800	卖盘
11:20:36	4.6	0.01	200	92000	买盘
11:20:30	4.59	-0.01	5	2295	卖盘
11:20:25	4.6	0.01	30	13799	买盘
11:20:21	4.59	-0.01	5	2295	卖盘
11:20:15	4.6	0.01	67	30819	买盘
11:20:06	4.59	-0.01	20	9180	卖盘
11:20:00	4.6	0.01	82	37720	买盘
11:19:40	4.59	--	8	3672	卖盘
11:19:30	4.59	--	160	73440	买盘
11:19:15	4.59	-0.01	235	107865	卖盘
11:19:05	4.6	0.01	10	4600	买盘
11:18:50	4.59	--	10	4590	卖盘
11:18:35	4.59	--	280	128520	买盘
11:18:25	4.59	--	187	85833	买盘
11:18:20	4.59	--	30	13770	买盘
11:18:15	4.59	--	60	27540	买盘
11:18:10	4.59	--	1	459	买盘
11:17:50	4.59	0.01	340	156060	买盘
11:17:45	4.58	-0.01	10	4580	卖盘
11:17:40	4.59	0.01	103	47277	买盘
11:17:30	4.58	-0.01	232	106256	卖盘
11:17:24	4.59	--	50	22950	买盘
11:16:54	4.59	--	17	7803	买盘
11:16:50	4.59	0.01	33	15147	买盘
11:16:45	4.58	--	16	7328	卖盘
11:16:39	4.58	-0.01	32	14656	卖盘
11:16:30	4.59	--	39	17901	买盘
11:16:24	4.59	0.01	68	31212	买盘
11:16:19	4.58	-0.01	12	5496	卖盘
11:16:15	4.59	--	12	5508	买盘
11:16:09	4.59	--	39	17901	买盘
11:15:54	4.59	--	50	22950	买盘
11:15:45	4.59	0.01	12	5508	买盘
11:15:30	4.58	--	93	42594	卖盘
11:15:24	4.58	-0.01	10	4580	卖盘
11:15:15	4.59	--	484	222156	买盘
11:15:00	4.59	--	12	5508	买盘
11:14:54	4.59	--	265	121635	卖盘
11:14:49	4.59	--	3	1377	卖盘
11:14:45	4.59	--	238	109242	卖盘
11:14:34	4.59	--	5	2295	卖盘
11:14:15	4.59	0.01	86	39474	买盘
11:14:04	4.58	-0.01	1	458	卖盘
11:14:00	4.59	0.01	58	26622	买盘
11:13:54	4.58	-0.01	193	88394	卖盘
11:13:39	4.59	--	117	53703	买盘
11:13:24	4.59	--	64	29376	卖盘
11:13:15	4.59	-0.01	80	36720	卖盘
11:12:54	4.6	0.01	112	51519	买盘
11:12:49	4.59	--	30	13770	买盘
11:12:44	4.59	--	6	2754	买盘
11:12:39	4.59	--	6	2754	卖盘
11:12:34	4.59	--	46	21114	卖盘
11:12:29	4.59	--	30	13770	卖盘
11:12:24	4.59	--	32	14688	卖盘
11:12:14	4.59	--	10	4590	卖盘
11:12:09	4.59	--	54	24786	卖盘
11:12:04	4.59	--	2	918	卖盘
11:11:59	4.59	--	60	27540	卖盘
11:11:54	4.59	--	20	9180	卖盘
11:11:49	4.59	--	50	22950	卖盘
11:11:44	4.59	--	250	114750	卖盘
11:11:39	4.59	--	322	147798	卖盘
11:11:34	4.59	--	100	45900	卖盘
11:11:24	4.59	--	100	45900	卖盘
11:11:14	4.59	--	38	17442	卖盘
11:11:09	4.59	--	53	24327	卖盘
11:11:04	4.59	--	6	2754	卖盘
11:10:59	4.59	--	66	30294	卖盘
11:10:54	4.59	--	50	22950	卖盘
11:10:44	4.59	--	2	918	卖盘
11:10:39	4.59	--	11	5049	卖盘
11:10:24	4.59	--	651	298809	买盘
11:10:18	4.59	0.01	1	459	买盘
11:10:14	4.58	-0.01	10	4580	卖盘
11:09:59	4.59	--	15	6885	买盘
11:09:54	4.59	--	23	10557	买盘
11:09:48	4.59	--	31	14229	卖盘
11:09:43	4.59	--	100	45900	卖盘
11:09:39	4.59	--	20	9180	卖盘
11:09:33	4.59	--	130	59670	卖盘
11:09:24	4.59	--	15	6885	卖盘
11:09:13	4.59	--	10	4590	卖盘
11:09:09	4.59	--	351	161109	卖盘
11:09:03	4.59	--	42	19278	卖盘
11:08:54	4.59	--	720	330480	卖盘
11:08:18	4.59	--	6	2754	卖盘
11:07:48	4.59	--	10	4590	卖盘
11:07:43	4.59	--	18	8262	卖盘
11:07:39	4.59	--	20	9180	卖盘
11:07:33	4.59	--	12	5508	卖盘
11:07:09	4.59	--	6	2754	卖盘
11:07:03	4.59	--	7	3213	卖盘
11:06:58	4.59	--	5	2295	卖盘
11:06:54	4.59	--	15	6885	卖盘
11:06:43	4.59	--	50	22950	卖盘
11:06:33	4.59	--	73	33507	卖盘
11:06:24	4.59	0.01	55	25245	买盘
11:06:13	4.58	--	1	458	卖盘
11:06:08	4.58	-0.01	30	13740	卖盘
11:05:43	4.59	--	5	2295	买盘
11:05:33	4.59	--	36	16524	买盘
11:05:28	4.59	--	28	12852	买盘
11:05:23	4.59	--	10	4590	买盘
11:05:08	4.59	--	21	9639	买盘
11:04:48	4.59	--	30	13770	买盘
11:04:38	4.59	--	30	13770	买盘
11:04:23	4.59	--	237	108783	买盘
11:04:18	4.59	--	100	45900	买盘
11:04:13	4.59	--	9	4131	买盘
11:04:08	4.59	0.01	147	67473	买盘
11:04:03	4.58	--	926	424108	卖盘
11:03:57	4.58	-0.01	10	4580	卖盘
11:03:53	4.59	0.01	4	1836	买盘
11:03:48	4.58	-0.01	950	435100	卖盘
11:03:38	4.59	0.01	20	9180	买盘
11:03:33	4.58	--	312	142896	卖盘
11:03:23	4.58	--	180	82440	卖盘
11:03:18	4.58	--	30	13740	卖盘
11:03:12	4.58	-0.01	600	274800	卖盘
11:03:08	4.59	0.01	13	5967	买盘
11:03:03	4.58	--	500	229000	卖盘
11:02:52	4.58	--	83	38014	卖盘
11:02:48	4.58	--	512	234496	卖盘
11:02:42	4.58	--	1	458	卖盘
11:02:37	4.58	--	150	68700	卖盘
11:02:22	4.58	--	500	229000	卖盘
11:02:07	4.58	-0.01	42	19236	卖盘
11:02:03	4.59	--	29	13311	买盘
11:01:57	4.59	--	18	8262	买盘
11:01:42	4.59	--	20	9180	买盘
11:01:37	4.59	--	3	1377	买盘
11:01:33	4.59	-0.01	319	146421	卖盘
11:01:27	4.6	0.01	25	11500	买盘
11:01:22	4.59	--	10	4590	卖盘
11:01:18	4.59	--	5	2295	卖盘
11:01:03	4.59	--	568	260712	买盘
11:00:42	4.59	0.01	52	23868	买盘
11:00:37	4.58	-0.01	26	11908	卖盘
11:00:33	4.59	0.01	3	1377	买盘
11:00:27	4.58	-0.01	200	91600	卖盘
11:00:22	4.59	0.01	9	4131	买盘
11:00:18	4.58	--	1	458	卖盘
11:00:12	4.58	-0.01	495	226710	卖盘
10:59:57	4.59	--	27	12393	买盘
10:59:48	4.59	0.01	7	3213	买盘
10:59:17	4.58	-0.01	2	916	卖盘
10:59:12	4.59	--	13	5967	买盘
10:58:57	4.59	--	1	459	买盘
10:58:37	4.59	--	300	137700	买盘
10:58:32	4.59	0.01	49	22491	买盘
10:58:17	4.58	--	11	5038	卖盘
10:58:12	4.58	-0.01	173	79234	卖盘
10:58:07	4.59	0.01	55	25245	买盘
10:58:02	4.58	-0.01	26	11908	卖盘
10:57:57	4.59	--	20	9180	买盘
10:57:47	4.59	--	5	2295	买盘
10:57:32	4.59	0.01	5	2295	买盘
10:57:17	4.58	--	3	1374	卖盘
10:56:57	4.58	--	104	47632	卖盘
10:56:42	4.58	-0.01	28	12824	卖盘
10:56:32	4.59	--	230	105570	买盘
10:56:27	4.59	--	1501	688959	买盘
10:56:21	4.59	0.01	1952	895968	买盘
10:56:01	4.58	--	205	93890	卖盘
10:55:57	4.58	--	80	36640	卖盘
10:55:42	4.58	-0.01	600	274800	卖盘
10:55:31	4.59	0.01	52	23868	买盘
10:55:27	4.58	-0.01	71	32518	卖盘
10:55:21	4.59	--	14	6426	买盘
10:55:12	4.59	0.01	38	17442	买盘
10:55:06	4.58	-0.01	800	366400	卖盘
10:54:57	4.59	--	28	12852	买盘
10:54:51	4.59	0.01	20	9180	买盘
10:54:46	4.58	-0.01	8	3664	卖盘
10:54:42	4.59	--	200	91800	买盘
10:54:31	4.59	--	14	6426	买盘
10:54:27	4.59	--	986	452574	卖盘
10:54:21	4.59	--	213	97767	卖盘
10:54:06	4.59	--	10	4590	卖盘
10:54:01	4.59	--	578	265302	卖盘
10:53:51	4.59	-0.01	21	9639	卖盘
10:53:46	4.6	0.01	25	11500	买盘
10:53:31	4.59	--	2	918	卖盘
10:53:12	4.59	-0.01	135	61965	卖盘
10:53:06	4.6	0.01	10	4600	买盘
10:52:57	4.59	--	1	459	卖盘
10:52:46	4.59	--	138	63342	卖盘
10:52:26	4.59	--	30	13770	卖盘
10:52:21	4.59	--	43	19737	卖盘
10:52:06	4.59	--	102	46818	卖盘
10:52:01	4.59	--	20	9180	卖盘
10:51:51	4.59	--	20	9180	卖盘
10:51:46	4.59	--	213	97767	卖盘
10:51:41	4.59	--	11	5049	卖盘
10:51:36	4.59	--	560	257040	卖盘
10:51:26	4.59	--	5	2295	卖盘
10:51:11	4.59	-0.01	11	5049	卖盘
10:50:21	4.6	--	60	27599	买盘
10:49:56	4.6	--	16	7359	买盘
10:49:51	4.6	--	10	4600	买盘
10:49:10	4.6	--	2	919	买盘
10:48:51	4.6	--	5	2300	买盘
10:48:45	4.6	--	4	1839	买盘
10:48:36	4.6	0.01	21	9660	买盘
10:48:30	4.59	-0.01	150	68850	卖盘
10:48:15	4.6	0.01	39	17940	买盘
10:48:06	4.59	--	5	2295	卖盘
10:48:00	4.59	-0.01	93	42687	卖盘
10:47:55	4.6	--	29	13339	买盘
10:47:51	4.6	0.01	100	46000	买盘
10:47:45	4.59	--	61	27999	卖盘
10:47:15	4.59	--	16	7344	买盘
10:47:10	4.59	--	20	9180	买盘
10:47:06	4.59	--	156	71604	买盘
10:47:00	4.59	--	110	50490	买盘
10:46:55	4.59	--	20	9180	买盘
10:46:51	4.59	--	11	5049	买盘
10:46:45	4.59	0.01	16	7344	买盘
10:46:40	4.58	-0.01	3	1374	卖盘
10:46:35	4.59	--	20	9180	买盘
10:46:25	4.59	--	20	9180	买盘
10:46:21	4.59	--	26	11934	买盘
10:46:15	4.59	--	354	162486	卖盘
10:46:05	4.59	--	8	3672	卖盘
10:46:00	4.59	--	262	120258	买盘
10:45:30	4.59	--	22	10098	买盘
10:45:25	4.59	--	36	16524	买盘
10:45:20	4.59	--	39	17901	买盘
10:45:15	4.59	--	35	16065	买盘
10:45:05	4.59	--	126	57834	买盘
10:45:00	4.59	--	40	18360	买盘
10:44:55	4.59	--	10	4590	买盘
10:44:45	4.59	0.01	10	4590	买盘
10:44:30	4.58	-0.01	121	55418	卖盘
10:44:25	4.59	--	1008	462672	买盘
10:44:20	4.59	0.01	10	4590	买盘
10:44:15	4.58	-0.01	34	15572	卖盘
10:44:05	4.59	--	10	4590	买盘
10:43:54	4.59	--	13	5967	买盘
10:43:45	4.59	0.01	19	8721	买盘
10:43:39	4.58	--	1	458	卖盘
10:43:35	4.58	--	30	13740	卖盘
10:43:30	4.58	-0.01	134	61372	卖盘
10:43:24	4.59	--	460	211140	买盘
10:43:20	4.59	0.01	7	3213	买盘
10:43:00	4.58	--	155	70990	卖盘
10:42:54	4.58	-0.01	314	143812	卖盘
10:42:49	4.59	--	6	2754	买盘
10:42:39	4.59	--	240	110160	买盘
10:42:09	4.59	--	308	141372	买盘
10:42:04	4.59	0.01	64	29376	买盘
10:41:54	4.58	-0.01	1	458	卖盘
10:41:49	4.59	--	2	918	买盘
10:41:45	4.59	--	4	1836	买盘
10:41:39	4.59	0.01	15	6885	买盘
10:41:34	4.58	-0.01	20	9160	卖盘
10:41:24	4.59	--	20	9180	买盘
10:41:04	4.59	--	3	1377	买盘
10:40:54	4.59	0.01	19	8721	买盘
10:40:34	4.58	--	62	28396	卖盘
10:40:30	4.58	-0.01	8	3664	卖盘
10:40:24	4.59	--	2	918	买盘
10:40:09	4.59	0.01	30	13770	买盘
10:39:54	4.58	-0.01	78	35724	卖盘
10:39:44	4.59	0.01	20	9180	买盘
10:39:39	4.58	-0.01	9	4122	卖盘
10:39:34	4.59	--	200	91800	买盘
10:39:29	4.59	--	9	4131	买盘
10:39:24	4.59	0.01	8	3672	买盘
10:39:19	4.58	--	100	45800	卖盘
10:39:14	4.58	-0.01	324	148392	卖盘
10:39:09	4.59	--	65	29835	买盘
10:38:59	4.59	--	10	4590	买盘
10:38:54	4.59	0.01	20	9180	买盘
10:38:49	4.58	--	10	4580	卖盘
10:38:44	4.58	--	196	89768	卖盘
10:38:39	4.58	--	9	4122	卖盘
10:38:34	4.58	--	20	9160	卖盘
10:38:29	4.58	--	299	136942	卖盘
10:38:09	4.58	--	20	9160	卖盘
10:37:44	4.58	--	149	68242	卖盘
10:37:39	4.58	--	10	4580	卖盘
10:37:24	4.58	-0.01	2	916	卖盘
10:37:09	4.59	0.01	8	3672	买盘
10:37:03	4.58	--	50	22900	卖盘
10:36:59	4.58	-0.01	100	46065	卖盘
10:36:54	4.59	0.01	4	1836	买盘
10:36:33	4.58	-0.01	10	4580	卖盘
10:36:28	4.59	0.01	50	22950	买盘
10:35:54	4.58	-0.01	122	55876	卖盘
10:35:48	4.59	-0.01	8455	3881138	卖盘
10:35:39	4.6	--	10	4600	买盘
10:35:33	4.6	0.01	55	25299	买盘
10:35:24	4.59	--	0	4	卖盘
10:35:18	4.59	-0.01	637	292383	卖盘
10:35:09	4.6	--	1	459	买盘
10:34:39	4.6	0.01	129	59339	买盘
10:34:33	4.59	--	10	4590	卖盘
10:34:18	4.59	--	45	20655	卖盘
10:34:08	4.59	-0.01	16	7344	卖盘
10:34:03	4.6	0.01	30	13799	买盘
10:33:58	4.59	-0.01	1	459	卖盘
10:33:54	4.6	--	33	15179	买盘
10:33:38	4.6	0.01	12	5520	买盘
10:33:28	4.59	-0.01	1	459	卖盘
10:33:18	4.6	0.01	96	44160	买盘
10:33:13	4.59	--	7	3213	卖盘
10:33:08	4.59	-0.01	5	2295	卖盘
10:33:03	4.6	0.01	10	4600	买盘
10:32:43	4.59	--	7	3213	卖盘
10:32:23	4.59	--	12	5508	卖盘
10:32:18	4.59	--	200	91800	卖盘
10:32:13	4.59	-0.01	1	459	卖盘
10:32:08	4.6	--	136	62559	买盘
10:31:53	4.6	--	84	38640	买盘
10:31:48	4.6	0.01	10	4600	买盘
10:31:38	4.59	--	29	13311	卖盘
10:31:23	4.59	-0.01	30	13770	卖盘
10:31:18	4.6	0.01	3	1380	买盘
10:31:08	4.59	--	130	59670	卖盘
10:31:03	4.59	-0.01	120	55080	卖盘
10:30:53	4.6	0.01	73	33580	买盘
10:30:48	4.59	-0.01	6	2754	卖盘
10:30:42	4.6	--	16	7359	买盘
10:30:38	4.6	--	112	51519	买盘
10:30:23	4.6	--	300	138000	买盘
10:30:12	4.6	--	42	19320	买盘
10:30:07	4.6	--	120	55199	买盘
10:30:03	4.6	0.01	42	19320	买盘
10:29:57	4.59	-0.01	10	4590	卖盘
10:29:52	4.6	0.01	11	5060	买盘
10:29:48	4.59	-0.01	5	2295	卖盘
10:29:42	4.6	--	20	9200	买盘
10:29:33	4.6	--	810	372600	买盘
10:28:52	4.6	0.01	4	1839	买盘
10:27:33	4.59	-0.01	2	918	卖盘
10:27:27	4.6	--	1220	561200	卖盘
10:27:18	4.6	--	75	34500	买盘
10:27:12	4.6	--	151	69460	买盘
10:27:07	4.6	--	3	1380	买盘
10:26:47	4.6	--	1	459	买盘
10:26:42	4.6	--	40	18400	买盘
10:26:32	4.6	--	20	9200	卖盘
10:26:22	4.6	0.01	4784	2200640	买盘
10:26:17	4.59	--	121	55539	卖盘
10:26:02	4.59	--	20	9180	卖盘
10:25:57	4.59	-0.01	43	19737	卖盘
10:25:52	4.6	--	3	1380	买盘
10:25:32	4.6	--	530	243799	买盘
10:25:27	4.6	--	2	919	买盘
10:25:22	4.6	0.01	3	1380	买盘
10:25:17	4.59	-0.01	10	4590	卖盘
10:25:12	4.6	--	187	86020	买盘
10:25:07	4.6	--	100	46000	买盘
10:25:02	4.6	--	30	13799	买盘
10:24:57	4.6	--	500	229999	买盘
10:24:47	4.6	--	49	22540	买盘
10:24:27	4.6	--	10	4600	买盘
10:24:21	4.6	--	202	92920	买盘
10:24:17	4.6	--	286	131560	买盘
10:24:12	4.6	--	23	10580	买盘
10:24:06	4.6	--	100	46000	买盘
10:23:57	4.6	--	40	18400	买盘
10:23:42	4.6	--	100	46000	买盘
10:23:36	4.6	--	200	92000	买盘
10:23:27	4.6	--	23	10580	买盘
10:23:16	4.6	--	35	16099	买盘
10:23:12	4.6	--	16	7359	买盘
10:23:06	4.6	--	12	5520	买盘
10:23:01	4.6	--	40	18400	买盘
10:22:51	4.6	--	140	64399	买盘
10:22:42	4.6	--	50	23000	买盘
10:22:36	4.6	-0.01	1928	886879	卖盘
10:22:21	4.61	0.01	54	24894	买盘
10:22:12	4.6	-0.01	27	12419	卖盘
10:21:51	4.61	0.01	165	76065	买盘
10:21:42	4.6	--	1	459	卖盘
10:21:36	4.6	--	62	28519	卖盘
10:21:26	4.6	--	51	23460	卖盘
10:21:21	4.6	-0.01	41	18860	卖盘
10:21:16	4.61	0.01	122	56242	买盘
10:21:12	4.6	-0.01	21	9660	卖盘
10:21:06	4.61	0.01	1	461	买盘
10:20:56	4.6	-0.01	150	69000	卖盘
10:20:51	4.61	0.01	19	8759	买盘
10:20:46	4.6	--	50	23000	卖盘
10:20:36	4.6	--	10	4600	卖盘
10:20:31	4.6	-0.01	22	10120	卖盘
10:20:26	4.61	0.01	73	33653	买盘
10:20:21	4.6	--	10	4600	卖盘
10:20:16	4.6	--	100	46000	卖盘
10:20:11	4.6	--	20	9200	卖盘
10:20:06	4.6	--	60	27599	卖盘
10:20:01	4.6	-0.01	3	1380	买盘
10:19:56	4.61	0.01	300	138300	买盘
10:19:46	4.6	--	195	89700	买盘
10:19:41	4.6	--	18	8280	买盘
10:19:36	4.6	--	60	27599	买盘
10:19:31	4.6	--	5	2300	买盘
10:19:21	4.6	--	14	6439	买盘
10:19:16	4.6	--	3	1380	买盘
10:19:11	4.6	--	90	41400	买盘
10:19:06	4.6	-0.01	29	13339	买盘
10:18:56	4.61	0.01	200	92200	买盘
10:18:51	4.6	--	127	58419	卖盘
10:18:46	4.6	--	72	33120	卖盘
10:18:41	4.6	--	24	11040	卖盘
10:18:36	4.6	--	115	52899	买盘
10:18:26	4.6	0.01	99	45540	买盘
10:18:21	4.59	-0.01	216	99144	卖盘
10:18:16	4.6	--	28	12879	卖盘
10:18:11	4.6	--	252	115919	买盘
10:18:06	4.6	--	195	89700	买盘
10:18:01	4.6	--	243	111779	买盘
10:17:51	4.6	--	26	11959	买盘
10:17:46	4.6	--	41	18860	买盘
10:17:41	4.6	--	2	919	买盘
10:17:36	4.6	--	14	6439	买盘
10:17:30	4.6	--	276	126959	卖盘
10:17:15	4.6	--	1	459	卖盘
10:17:11	4.6	--	11	5060	卖盘
10:17:00	4.6	--	100	46000	卖盘
10:16:51	4.6	--	196	90160	买盘
10:16:45	4.6	--	53	24379	买盘
10:16:40	4.6	--	20	9200	买盘
10:16:36	4.6	--	1085	499099	买盘
10:16:30	4.6	--	13	5979	买盘
10:16:25	4.6	--	8	3679	买盘
10:16:21	4.6	--	18	8280	买盘
10:16:15	4.6	--	121	55659	买盘
10:16:10	4.6	--	20	9200	买盘
10:16:00	4.6	--	10	4600	买盘
10:15:36	4.6	--	500	229999	买盘
10:15:30	4.6	--	20	9200	买盘
10:15:15	4.6	--	100	46000	买盘
10:15:06	4.6	--	7	3219	买盘
10:15:00	4.6	--	87	40020	买盘
10:14:51	4.6	--	122	56119	买盘
10:14:45	4.6	--	50	23000	买盘
10:14:40	4.6	0.01	2	919	买盘
10:14:36	4.59	-0.01	55	25405	卖盘
10:14:30	4.6	--	15	6899	买盘
10:14:25	4.6	--	5	2300	买盘
10:14:20	4.6	--	201	92460	买盘
10:14:05	4.6	0.01	5	2300	买盘
10:14:00	4.59	-0.01	10	4590	卖盘
10:13:50	4.6	0.01	1	459	买盘
10:13:45	4.59	--	37	16983	卖盘
10:13:35	4.59	-0.01	239	109701	卖盘
10:13:30	4.6	--	39	17940	买盘
10:13:25	4.6	--	30	13799	买盘
10:13:20	4.6	--	79	36340	买盘
10:13:10	4.6	--	100	46000	买盘
10:13:00	4.6	--	48	22080	买盘
10:12:50	4.6	--	108	49679	买盘
10:12:45	4.6	--	20	9200	买盘
10:12:35	4.6	--	573	263580	买盘
10:12:30	4.6	--	87	40020	买盘
10:12:20	4.6	--	72	33120	买盘
10:12:15	4.6	-0.01	1275	586500	卖盘
10:12:10	4.61	0.01	39	17979	买盘
10:12:00	4.6	-0.01	480	220799	卖盘
10:11:55	4.61	0.01	512	236032	买盘
10:11:50	4.6	-0.01	77	35420	卖盘
10:11:45	4.61	0.01	1	461	买盘
10:11:40	4.6	-0.01	60	27599	卖盘
10:11:30	4.61	0.01	500	230500	买盘
10:11:25	4.6	--	10	4600	买盘
10:11:20	4.6	--	190	87400	卖盘
10:11:15	4.6	--	83	38180	买盘
10:11:10	4.6	--	50	23000	买盘
10:11:05	4.6	--	675	310500	买盘
10:11:00	4.6	--	760	349600	买盘
10:10:50	4.6	--	700	322000	买盘
10:10:45	4.6	--	57	26219	买盘
10:10:39	4.6	--	500	229999	买盘
10:10:35	4.6	--	115	52899	买盘
10:10:24	4.6	--	100	46000	买盘
10:10:19	4.6	0.01	27	12419	买盘
10:10:15	4.59	--	54	24786	卖盘
10:10:09	4.59	-0.01	245	112455	卖盘
10:10:04	4.6	--	38	17480	买盘
10:10:00	4.6	--	11	5060	买盘
10:09:54	4.6	--	73	33580	买盘
10:09:49	4.6	0.01	11	5060	买盘
10:09:45	4.59	-0.01	40	18360	卖盘
10:09:39	4.6	--	21	9660	买盘
10:09:15	4.6	--	132	60719	买盘
10:09:09	4.6	--	286	131560	买盘
10:08:49	4.6	--	31	14259	买盘
10:08:39	4.6	0.01	200	92000	买盘
10:08:30	4.59	-0.01	15	6885	卖盘
10:08:24	4.6	0.01	395	181700	买盘
10:08:19	4.59	-0.01	210	96390	卖盘
10:08:15	4.6	--	12	5520	买盘
10:08:09	4.6	--	3	1380	买盘
10:07:59	4.6	--	10	4600	买盘
10:07:54	4.6	--	21	9660	买盘
10:07:39	4.6	--	14	6439	买盘
10:07:34	4.6	--	380	174800	买盘
10:07:24	4.6	--	50	23000	买盘
10:07:14	4.6	0.01	119	54739	买盘
10:07:04	4.59	--	52	23868	卖盘
10:06:59	4.59	-0.01	210	96390	卖盘
10:06:49	4.6	0.01	20	9200	买盘
10:06:44	4.59	-0.01	53	24327	卖盘
10:06:39	4.6	0.01	2016	927359	买盘
10:06:34	4.59	-0.01	5	2295	卖盘
10:06:29	4.6	--	135	62099	买盘
10:06:24	4.6	--	38	17480	买盘
10:06:14	4.6	--	5	2300	买盘
10:06:09	4.6	--	136	62559	买盘
10:06:04	4.6	0.01	210	96599	买盘
10:05:59	4.59	-0.01	2336	1072224	卖盘
10:05:49	4.6	--	20	9200	买盘
10:05:44	4.6	--	2062	948519	买盘
10:05:39	4.6	0.01	1057	486219	买盘
10:05:29	4.59	-0.01	83	38097	卖盘
10:05:24	4.6	0.01	8	3679	买盘
10:05:14	4.59	--	24	11016	卖盘
10:05:09	4.59	--	22	10098	卖盘
10:04:59	4.59	--	209	95931	卖盘
10:04:54	4.59	-0.01	100	45900	卖盘
10:04:49	4.6	0.01	205	94299	买盘
10:04:44	4.59	--	245	112455	卖盘
10:04:39	4.59	--	35	16065	卖盘
10:04:18	4.59	--	32	14688	卖盘
10:04:14	4.59	--	553	253827	卖盘
10:04:09	4.59	--	312	143208	买盘
10:04:03	4.59	--	99	45441	买盘
10:03:58	4.59	--	59	27081	买盘
10:03:48	4.59	--	283	129897	买盘
10:03:43	4.59	--	100	45900	买盘
10:03:28	4.59	0.01	1000	459000	买盘
10:03:18	4.58	--	175	80150	卖盘
10:03:09	4.58	--	101	46258	卖盘
10:03:03	4.58	--	6	2748	卖盘
10:02:48	4.58	-0.01	50	22900	卖盘
10:02:43	4.59	0.01	10	4590	买盘
10:02:39	4.58	--	13	5954	卖盘
10:02:33	4.58	-0.01	2153	986284	卖盘
10:02:24	4.59	--	5	2295	买盘
10:02:09	4.59	--	73	33507	买盘
10:02:03	4.59	--	484	222156	卖盘
10:01:58	4.59	--	16	7344	卖盘
10:01:48	4.59	--	115	52785	卖盘
10:01:43	4.59	--	10	4590	卖盘
10:01:38	4.59	--	76	34884	卖盘
10:01:28	4.59	--	10	4590	卖盘
10:01:23	4.59	--	123	56457	卖盘
10:01:18	4.59	--	4	1836	卖盘
10:01:13	4.59	--	1457	668763	卖盘
10:01:08	4.59	-0.01	10	4590	卖盘
10:01:03	4.6	0.01	79	36340	买盘
10:00:58	4.59	--	80	36720	卖盘
10:00:53	4.59	--	381	174879	卖盘
10:00:48	4.59	--	344	157896	卖盘
10:00:43	4.59	--	258	118422	卖盘
10:00:33	4.59	--	188	86292	卖盘
10:00:28	4.59	--	111	50949	卖盘
10:00:23	4.59	--	127	58293	卖盘
10:00:18	4.59	--	28	12852	卖盘
10:00:08	4.59	--	429	196911	卖盘
10:00:03	4.59	-0.01	120	55080	卖盘
09:59:58	4.6	--	10	4600	买盘
09:59:48	4.6	--	30	13799	买盘
09:59:43	4.6	--	18	8280	买盘
09:59:38	4.6	0.01	145	66700	买盘
09:59:33	4.59	--	90	41310	卖盘
09:59:23	4.59	-0.01	33	15147	卖盘
09:59:18	4.6	0.01	40	18400	买盘
09:59:13	4.59	--	37	16983	卖盘
09:59:08	4.59	-0.01	49	22491	卖盘
09:59:03	4.6	--	20	9200	买盘
09:58:53	4.6	--	20	9200	买盘
09:58:48	4.6	0.01	70	32199	买盘
09:58:43	4.59	--	3	1377	卖盘
09:58:38	4.59	-0.01	13	5967	卖盘
09:58:33	4.6	--	140	64399	买盘
09:58:27	4.6	--	20	9200	买盘
09:58:23	4.6	-0.01	288	132480	卖盘
09:58:18	4.61	0.01	130	59930	买盘
09:58:12	4.6	--	34	15639	买盘
09:58:08	4.6	--	686	315560	卖盘
09:58:03	4.6	--	40	18400	买盘
09:57:57	4.6	--	440	202399	买盘
09:57:52	4.6	--	129	59339	买盘
09:57:48	4.6	--	12	5520	买盘
09:57:42	4.6	--	500	229999	买盘
09:57:37	4.6	--	189	86940	买盘
09:57:33	4.6	--	100	46000	买盘
09:57:27	4.6	--	98	45080	买盘
09:57:18	4.6	--	370	170200	买盘
09:57:12	4.6	--	103	47379	买盘
09:57:07	4.6	0.01	423	194579	买盘
09:57:03	4.59	-0.01	101	46359	卖盘
09:56:57	4.6	--	478	219879	卖盘
09:56:52	4.6	--	30	13799	卖盘
09:56:48	4.6	--	852	391919	买盘
09:56:42	4.6	--	58	26679	买盘
09:56:37	4.6	--	2	919	买盘
09:56:27	4.6	--	244	112239	买盘
09:56:22	4.6	--	230	105799	买盘
09:56:18	4.6	0.01	100	46000	买盘
09:56:12	4.59	-0.01	11	5049	卖盘
09:56:03	4.6	--	223	102579	买盘
09:55:57	4.6	--	53	24379	买盘
09:55:52	4.6	--	391	179860	买盘
09:55:47	4.6	--	105	48299	买盘
09:55:37	4.6	--	20	9200	买盘
09:55:27	4.6	--	1080	496799	买盘
09:55:22	4.6	--	200	92000	买盘
09:55:17	4.6	--	72	33120	买盘
09:55:07	4.6	--	35	16099	买盘
09:55:02	4.6	--	249	114539	买盘
09:54:47	4.6	--	514	236439	买盘
09:54:37	4.6	--	20	9200	买盘
09:54:32	4.6	--	599	275540	买盘
09:54:27	4.6	--	56	25759	买盘
09:54:12	4.6	--	84	38640	买盘
09:53:57	4.6	0.01	17	7819	买盘
09:53:52	4.59	-0.01	4	1836	卖盘
09:53:47	4.6	0.01	20	9200	买盘
09:53:42	4.59	--	121	55539	卖盘
09:53:32	4.59	--	500	229500	卖盘
09:53:27	4.59	-0.01	110	50490	卖盘
09:53:17	4.6	0.01	600	276000	买盘
09:53:12	4.59	-0.01	20	9180	卖盘
09:53:02	4.6	0.01	428	196879	买盘
09:52:57	4.59	--	30	13770	卖盘
09:52:47	4.59	--	111	50949	卖盘
09:52:42	4.59	--	50	22950	卖盘
09:52:32	4.59	-0.01	5	2295	卖盘
09:52:17	4.6	--	16	7359	买盘
09:52:12	4.6	--	296	136160	买盘
09:52:06	4.6	0.01	5	2300	买盘
09:52:02	4.59	--	50	22950	卖盘
09:51:57	4.59	-0.01	24	11016	卖盘
09:51:51	4.6	--	8	3679	买盘
09:51:42	4.6	--	4	1839	买盘
09:51:36	4.6	--	6	2760	买盘
09:51:31	4.6	--	6	2760	买盘
09:51:27	4.6	--	475	218499	卖盘
09:51:21	4.6	--	523	240579	卖盘
09:51:12	4.6	--	1664	765439	卖盘
09:51:06	4.6	--	50	23000	卖盘
09:51:01	4.6	--	11	5060	卖盘
09:50:57	4.6	--	3	1380	卖盘
09:50:51	4.6	--	55	25299	卖盘
09:50:46	4.6	--	55	25299	卖盘
09:50:42	4.6	--	50	23000	卖盘
09:50:36	4.6	-0.01	100	46000	卖盘
09:50:31	4.61	0.01	21	9681	买盘
09:50:27	4.6	--	126	57959	卖盘
09:50:21	4.6	--	10	4600	卖盘
09:50:16	4.6	-0.01	17	7819	卖盘
09:50:12	4.61	--	125	57625	买盘
09:50:06	4.61	0.01	596	274756	买盘
09:49:56	4.6	-0.01	187	86020	卖盘
09:49:51	4.61	--	5	2305	买盘
09:49:46	4.61	--	9	4149	买盘
09:49:41	4.61	--	124	57164	买盘
09:49:31	4.61	--	110	50710	买盘
09:49:26	4.61	0.01	202	93122	买盘
09:49:21	4.6	--	10	4600	卖盘
09:49:16	4.6	-0.01	13	5979	卖盘
09:49:11	4.61	--	421	194081	买盘
09:49:06	4.61	--	102	47022	买盘
09:49:01	4.61	--	71	32731	买盘
09:48:56	4.61	--	61	28121	买盘
09:48:51	4.61	--	1057	487277	买盘
09:48:46	4.61	--	48	22128	买盘
09:48:41	4.61	--	768	354048	买盘
09:48:36	4.61	--	631	290891	买盘
09:48:31	4.61	--	5	2305	买盘
09:48:26	4.61	--	60	27660	买盘
09:48:21	4.61	--	2	922	买盘
09:48:11	4.61	--	671	309331	买盘
09:48:06	4.61	0.01	103	47483	买盘
09:48:01	4.6	-0.01	246	113159	卖盘
09:47:56	4.61	0.01	50	23050	买盘
09:47:51	4.6	-0.01	151	69460	卖盘
09:47:46	4.61	0.01	19	8759	买盘
09:47:41	4.6	--	679	312340	卖盘
09:47:31	4.6	--	610	280600	卖盘
09:47:26	4.6	--	245	112699	买盘
09:47:21	4.6	--	434	199639	买盘
09:47:16	4.6	--	72	33120	买盘
09:47:11	4.6	--	240	110399	买盘
09:47:06	4.6	--	1878	863879	买盘
09:47:01	4.6	--	358	164680	买盘
09:46:56	4.6	--	736	338560	买盘
09:46:51	4.6	--	10	4600	买盘
09:46:46	4.6	--	354	162840	买盘
09:46:41	4.6	--	385	177100	买盘
09:46:36	4.6	--	15	6899	买盘
09:46:31	4.6	--	40	18400	买盘
09:46:26	4.6	--	333	153180	买盘
09:46:21	4.6	--	342	157320	买盘
09:46:11	4.6	--	411	189059	买盘
09:46:06	4.6	0.01	67	30819	买盘
09:46:00	4.59	-0.01	41	18819	卖盘
09:45:56	4.6	--	5	2300	买盘
09:45:51	4.6	--	244	112239	买盘
09:45:45	4.6	--	29	13339	买盘
09:45:40	4.6	--	505	232299	买盘
09:45:36	4.6	0.01	62	28519	买盘
09:45:25	4.59	-0.01	5	2295	卖盘
09:45:20	4.6	0.01	15	6899	买盘
09:45:10	4.59	--	26	11934	买盘
09:45:00	4.59	--	2303	1057077	买盘
09:44:50	4.59	0.01	101	46359	买盘
09:44:36	4.58	--	2588	1185304	买盘
09:44:30	4.58	0.01	10	4580	买盘
09:44:20	4.57	-0.01	250	114250	卖盘
09:44:15	4.58	--	7	3206	买盘
09:44:10	4.58	0.01	52	23816	买盘
09:44:00	4.57	-0.01	36	16452	卖盘
09:43:55	4.58	--	4	1832	买盘
09:43:50	4.58	0.01	11	5038	买盘
09:43:45	4.57	--	80	36560	卖盘
09:43:40	4.57	-0.01	6	2742	卖盘
09:43:35	4.58	0.01	330	151140	买盘
09:43:25	4.57	-0.01	70	31990	卖盘
09:43:20	4.58	0.01	12	5496	买盘
09:43:15	4.57	-0.01	27	12339	卖盘
09:43:05	4.58	0.01	48	21984	买盘
09:43:00	4.57	--	122	55754	卖盘
09:42:50	4.57	--	29	13253	卖盘
09:42:45	4.57	--	10	4570	卖盘
09:42:35	4.57	-0.01	20	9140	卖盘
09:42:25	4.58	--	98	44884	买盘
09:42:10	4.58	--	5	2290	买盘
09:42:05	4.58	--	90	41220	买盘
09:41:35	4.58	0.01	16	7328	买盘
09:41:30	4.57	-0.01	151	69007	卖盘
09:41:10	4.58	0.01	140	64120	买盘
09:41:00	4.57	--	56	25592	卖盘
09:40:50	4.57	--	120	54840	卖盘
09:40:40	4.57	--	70	31990	卖盘
09:40:35	4.57	--	20	9140	卖盘
09:40:30	4.57	-0.01	111	50727	卖盘
09:40:20	4.58	--	220	100760	买盘
09:40:15	4.58	--	13	5954	买盘
09:40:05	4.58	0.01	2	916	买盘
09:40:00	4.57	-0.01	1000	457000	卖盘
09:39:54	4.58	--	129	59082	买盘
09:39:45	4.58	--	53	24274	买盘
09:39:39	4.58	--	25	11450	买盘
09:39:29	4.58	--	250	114500	买盘
09:39:24	4.58	--	50	22900	买盘
09:39:14	4.58	--	79	36182	买盘
09:39:09	4.58	--	28	12824	买盘
09:38:59	4.58	--	111	50838	买盘
09:38:44	4.58	0.01	46	21068	买盘
09:38:39	4.57	-0.01	18	8226	卖盘
09:38:34	4.58	--	100	45800	买盘
09:38:29	4.58	0.01	7	3206	买盘
09:38:24	4.57	--	1778	812546	卖盘
09:38:19	4.57	-0.01	30	13710	卖盘
09:38:14	4.58	--	20	9160	买盘
09:38:04	4.58	0.01	20	9160	买盘
09:37:59	4.57	-0.01	109	49813	卖盘
09:37:54	4.58	0.01	169	77402	买盘
09:37:44	4.57	--	122	55754	卖盘
09:37:39	4.57	-0.01	7	3199	卖盘
09:37:24	4.58	--	5	2290	买盘
09:37:14	4.58	0.01	303	138774	买盘
09:37:09	4.57	--	100	45700	卖盘
09:36:59	4.57	--	145	66265	卖盘
09:36:49	4.57	--	2	914	卖盘
09:36:44	4.57	--	38	17366	卖盘
09:36:34	4.57	-0.01	10	4570	卖盘
09:36:24	4.58	0.01	10	4580	买盘
09:36:19	4.57	--	83	37931	买盘
09:36:14	4.57	--	117	53469	卖盘
09:35:44	4.57	--	19	8683	卖盘
09:35:34	4.57	0.01	10	4570	卖盘
09:35:29	4.56	--	139	63383	卖盘
09:35:19	4.56	-0.02	3	1367	卖盘
09:35:14	4.58	0.02	40	18320	买盘
09:35:09	4.56	--	16	7364	买盘
09:34:59	4.56	--	64	29183	买盘
09:34:54	4.56	-0.02	421	192363	卖盘
09:34:44	4.58	--	40	18320	买盘
09:34:39	4.58	--	68	31144	买盘
09:34:34	4.58	--	4505	2063290	买盘
09:34:29	4.58	--	95	43510	买盘
09:34:24	4.58	--	40	18320	买盘
09:34:09	4.58	--	109	49922	买盘
09:33:59	4.58	--	23	10534	买盘
09:33:54	4.58	--	11	5038	买盘
09:33:39	4.58	--	100	45800	买盘
09:33:33	4.58	0.01	41	18778	买盘
09:33:18	4.57	-0.01	250	114250	卖盘
09:33:08	4.58	--	11	5038	买盘
09:32:53	4.58	0.01	3	1374	买盘
09:32:33	4.57	-0.01	33	15149	卖盘
09:32:23	4.58	0.01	36	16488	买盘
09:32:13	4.57	--	50	22850	卖盘
09:32:08	4.57	--	16	7312	卖盘
09:31:58	4.57	0.01	100	45700	买盘
09:31:53	4.56	-0.01	3	1367	卖盘
09:31:48	4.57	--	83	37931	买盘
09:31:38	4.57	--	298	136186	卖盘
09:31:23	4.57	--	328	149896	买盘
09:31:13	4.57	--	50	22850	买盘
09:31:08	4.57	--	58	26506	买盘
09:31:03	4.57	0.01	102	46614	买盘
09:30:53	4.56	-0.01	203	92567	卖盘
09:30:33	4.57	--	60	27420	买盘
09:30:23	4.57	--	10	4570	买盘
09:30:18	4.57	--	14	6398	买盘
09:30:13	4.57	--	19	8683	买盘
09:30:08	4.57	-0.01	989	451973	中性盘
09:30:03	4.58	--	555	254190	买盘
09:28:45	4.58	--	0	0	买盘
09:25:06	4.58	4.58	223	102134	买盘
