成交时间	成交价	价格变动	成交量(手)	成交额(元)	性质
15:00:00	6.62	--	0	0	卖盘
15:00:00	6.62	--	0	0	卖盘
14:59:59	6.62	--	105	69510	卖盘
14:59:53	6.62	--	2	1324	卖盘
14:59:49	6.62	--	249	164838	卖盘
14:59:44	6.62	--	140	92680	卖盘
14:59:38	6.62	--	134	88708	卖盘
14:59:34	6.62	-0.01	161	106588	卖盘
14:59:29	6.63	0.01	123	81549	买盘
14:59:23	6.62	--	26	17212	卖盘
14:59:19	6.62	--	161	106582	卖盘
14:59:14	6.62	--	141	93342	卖盘
14:59:08	6.62	-0.01	17	11254	卖盘
14:59:04	6.63	0.01	50	33150	买盘
14:58:59	6.62	-0.01	419	277378	卖盘
14:58:53	6.63	--	64	42432	买盘
14:58:49	6.63	--	223	147849	买盘
14:58:44	6.63	--	114	75582	买盘
14:58:38	6.63	--	20	13260	买盘
14:58:34	6.63	--	759	503217	买盘
14:58:29	6.63	--	11	7293	买盘
14:58:23	6.63	-0.01	2	1326	买盘
14:58:19	6.64	0.01	637	422968	买盘
14:58:14	6.63	--	38	25194	卖盘
14:58:08	6.63	--	81	53703	卖盘
14:58:04	6.63	--	25	16575	卖盘
14:57:59	6.63	--	71	47073	卖盘
14:57:53	6.63	--	25	16575	卖盘
14:57:49	6.63	--	34	22542	卖盘
14:57:44	6.63	--	545	361335	买盘
14:57:38	6.63	0.01	22	14586	买盘
14:57:34	6.62	--	10	6620	卖盘
14:57:29	6.62	--	526	348212	卖盘
14:57:23	6.62	--	50	33100	卖盘
14:57:19	6.62	--	51	33762	卖盘
14:57:14	6.62	-0.01	25	16550	卖盘
14:57:08	6.63	--	20	13260	买盘
14:57:04	6.63	0.01	87	57681	买盘
14:56:59	6.62	-0.01	5	3310	卖盘
14:56:53	6.63	0.01	300	198900	买盘
14:56:44	6.62	--	12	7944	卖盘
14:56:38	6.62	--	151	99962	卖盘
14:56:34	6.62	--	86	56932	卖盘
14:56:29	6.62	--	129	85398	卖盘
14:56:23	6.62	-0.01	72	47664	卖盘
14:56:19	6.63	0.01	16	10608	买盘
14:56:14	6.62	--	48	31776	卖盘
14:56:08	6.62	-0.01	276	182712	卖盘
14:56:04	6.63	--	35	23205	买盘
14:55:53	6.63	0.01	9	5967	买盘
14:55:49	6.62	-0.01	51	33762	卖盘
14:55:44	6.63	0.01	29	19227	买盘
14:55:38	6.62	--	78	51636	卖盘
14:55:34	6.62	-0.01	172	113864	卖盘
14:55:28	6.63	--	193	127959	买盘
14:55:23	6.63	--	10	6630	买盘
14:55:17	6.63	--	1255	832065	买盘
14:55:13	6.63	0.01	131	86853	买盘
14:55:08	6.62	--	38	25156	卖盘
14:55:02	6.62	-0.01	1	662	卖盘
14:54:58	6.63	0.01	59	39117	买盘
14:54:53	6.62	-0.01	86	56932	卖盘
14:54:47	6.63	--	54	35802	买盘
14:54:43	6.63	0.01	5	3315	买盘
14:54:38	6.62	--	71	47002	卖盘
14:54:32	6.62	--	25	16550	卖盘
14:54:28	6.62	--	265	175430	卖盘
14:54:23	6.62	-0.01	20	13240	卖盘
14:54:17	6.63	0.01	1	663	买盘
14:54:13	6.62	--	161	106582	卖盘
14:54:08	6.62	--	15	9930	卖盘
14:54:02	6.62	--	20	13240	卖盘
14:53:58	6.62	--	72	47664	卖盘
14:53:53	6.62	--	32	21184	卖盘
14:53:47	6.62	--	124	82088	卖盘
14:53:32	6.62	--	125	82750	买盘
14:53:28	6.62	--	120	79440	卖盘
14:53:23	6.62	-0.01	2	1324	卖盘
14:53:17	6.63	0.01	36	23868	买盘
14:53:13	6.62	--	179	118498	卖盘
14:53:08	6.62	0.01	339	224418	买盘
14:53:02	6.61	--	214	141454	卖盘
14:52:58	6.61	--	560	370160	卖盘
14:52:53	6.61	--	20	13220	卖盘
14:52:47	6.61	--	72	47592	卖盘
14:52:43	6.61	-0.01	398	263078	卖盘
14:52:38	6.62	0.01	5	3310	买盘
14:52:32	6.61	-0.01	7	4627	卖盘
14:52:28	6.62	--	390	258180	买盘
14:52:23	6.62	0.01	10	6620	买盘
14:52:13	6.61	--	20	13220	卖盘
14:52:08	6.61	--	23	15203	卖盘
14:52:02	6.61	-0.01	30	19830	卖盘
14:51:58	6.62	0.01	123	81426	买盘
14:51:53	6.61	--	10	6610	卖盘
14:51:47	6.61	--	1	661	卖盘
14:51:43	6.61	-0.01	61	40321	卖盘
14:51:38	6.62	--	36	23832	买盘
14:51:28	6.62	--	200	132400	买盘
14:51:23	6.62	--	45	29790	买盘
14:51:17	6.62	0.01	100	66200	买盘
14:51:13	6.61	--	6	3966	卖盘
14:51:08	6.61	-0.01	57	37677	卖盘
14:50:53	6.62	--	196	129752	买盘
14:50:43	6.62	0.01	16	10592	买盘
14:50:38	6.61	--	11	7271	卖盘
14:50:28	6.61	-0.01	45	29745	卖盘
14:50:23	6.62	--	13	8606	买盘
14:50:17	6.62	--	10	6620	买盘
14:50:13	6.62	--	20	13240	买盘
14:50:08	6.62	-0.01	468	309816	卖盘
14:50:02	6.63	0.01	20	13260	买盘
14:49:58	6.62	--	732	484584	卖盘
14:49:53	6.62	--	84	55608	卖盘
14:49:47	6.62	--	245	162190	卖盘
14:49:43	6.62	--	10	6620	卖盘
14:49:38	6.62	-0.01	18	11916	卖盘
14:49:32	6.63	0.01	44	29172	买盘
14:49:23	6.62	-0.01	19	12578	卖盘
14:49:17	6.63	0.01	10	6630	买盘
14:49:07	6.62	--	4	2648	卖盘
14:49:02	6.62	--	28	18536	卖盘
14:48:58	6.62	--	9	5958	卖盘
14:48:52	6.62	--	103	68186	卖盘
14:48:47	6.62	--	24	15888	卖盘
14:48:41	6.62	-0.01	80	52960	卖盘
14:48:37	6.63	0.01	34	22542	买盘
14:48:32	6.62	--	6	3972	卖盘
14:48:26	6.62	-0.01	53	35086	卖盘
14:48:22	6.63	--	44	29172	买盘
14:48:17	6.63	--	7	4641	买盘
14:48:07	6.63	--	8	5304	买盘
14:48:02	6.63	--	118	78234	买盘
14:47:56	6.63	--	16	10608	买盘
14:47:47	6.63	-0.01	192	127296	中性盘
14:47:41	6.64	0.01	11	7304	买盘
14:47:37	6.63	--	215	142545	卖盘
14:47:32	6.63	--	5	3315	卖盘
14:47:26	6.63	--	10	6630	卖盘
14:47:22	6.63	--	8	5304	卖盘
14:47:17	6.63	--	81	53703	卖盘
14:47:11	6.63	--	10	6630	卖盘
14:47:07	6.63	--	1	1239	买盘
14:47:02	6.63	--	18	11934	买盘
14:46:56	6.63	--	100	66300	买盘
14:46:52	6.63	--	405	268601	卖盘
14:46:47	6.63	--	7	4641	卖盘
14:46:41	6.63	-0.01	3	1989	卖盘
14:46:37	6.64	--	98	65072	买盘
14:46:32	6.64	0.01	31	20584	买盘
14:46:22	6.63	--	28	18564	卖盘
14:46:17	6.63	--	43	28509	卖盘
14:46:11	6.63	--	107	70941	卖盘
14:46:07	6.63	--	10	6630	卖盘
14:46:02	6.63	--	29	19227	卖盘
14:45:56	6.63	--	42	27846	卖盘
14:45:52	6.63	--	50	33150	卖盘
14:45:47	6.63	--	79	52377	卖盘
14:45:41	6.63	-0.01	4	2652	卖盘
14:45:37	6.64	0.01	6	3984	买盘
14:45:32	6.63	--	266	176358	卖盘
14:45:22	6.63	--	20	13260	卖盘
14:45:17	6.63	--	417	277047	卖盘
14:45:11	6.63	--	60	39780	卖盘
14:45:07	6.63	--	33	21879	卖盘
14:44:56	6.63	--	1	663	卖盘
14:44:52	6.63	--	17	11271	卖盘
14:44:47	6.63	-0.01	34	22542	卖盘
14:44:41	6.64	0.01	20	13280	买盘
14:44:32	6.63	-0.01	6	3978	卖盘
14:44:22	6.64	0.01	12	7968	买盘
14:44:11	6.63	--	1	663	买盘
14:44:07	6.63	0.01	6	3978	买盘
14:44:02	6.62	-0.02	6	3972	卖盘
14:43:52	6.64	0.01	58	38512	买盘
14:43:41	6.63	--	20	13260	卖盘
14:43:37	6.63	-0.02	10	6630	卖盘
14:43:32	6.65	0.02	477	317205	买盘
14:43:26	6.63	--	100	66300	卖盘
14:43:17	6.63	-0.01	29	19227	卖盘
14:43:11	6.64	--	18	11952	买盘
14:43:02	6.64	0.01	12	7968	买盘
14:42:56	6.63	--	9	6053	买盘
14:42:52	6.63	--	238	157794	卖盘
14:42:47	6.63	--	15	9945	卖盘
14:42:41	6.63	-0.02	39	25857	卖盘
14:42:37	6.65	0.02	61	40565	买盘
14:42:32	6.63	-0.01	54	35802	卖盘
14:42:20	6.64	--	83	55112	买盘
14:42:16	6.64	--	33	21912	买盘
14:42:11	6.64	--	6	3984	买盘
14:42:01	6.64	--	74	49713	卖盘
14:41:56	6.64	-0.01	3	1992	卖盘
14:41:50	6.65	0.01	8	5320	买盘
14:41:46	6.64	-0.01	107	71048	卖盘
14:41:41	6.65	0.01	196	130340	买盘
14:41:35	6.64	--	2	1328	卖盘
14:41:31	6.64	--	10	6640	卖盘
14:41:16	6.64	-0.01	57	37848	卖盘
14:41:11	6.65	0.01	5	3325	买盘
14:41:01	6.64	--	1	664	卖盘
14:40:56	6.64	--	15	9960	卖盘
14:40:46	6.64	-0.01	48	31872	卖盘
14:40:41	6.65	--	7	4655	买盘
14:40:35	6.65	0.01	41	27265	买盘
14:40:16	6.64	-0.01	4	2656	卖盘
14:40:11	6.65	0.01	25	16625	买盘
14:40:05	6.64	-0.01	10	6640	卖盘
14:40:01	6.65	--	524	348460	买盘
14:39:56	6.65	0.01	421	279965	买盘
14:39:50	6.64	-0.01	25	16600	卖盘
14:39:46	6.65	0.01	8	5320	买盘
14:39:41	6.64	-0.01	35	23240	卖盘
14:39:35	6.65	--	200	133000	买盘
14:39:31	6.65	0.01	50	33250	买盘
14:39:26	6.64	-0.01	40	26560	卖盘
14:39:11	6.65	0.01	18	11970	买盘
14:39:01	6.64	-0.01	965	640760	卖盘
14:38:56	6.65	0.01	124	82460	买盘
14:38:50	6.64	-0.01	316	209824	卖盘
14:38:46	6.65	--	8	5320	买盘
14:38:41	6.65	0.01	5	3325	买盘
14:38:31	6.64	-0.01	20	13280	卖盘
14:38:26	6.65	--	9	5985	买盘
14:38:11	6.65	--	20	13300	买盘
14:38:05	6.65	0.01	20	13300	买盘
14:38:01	6.64	--	5	3320	卖盘
14:37:56	6.64	--	87	57768	卖盘
14:37:50	6.64	-0.01	40	26560	卖盘
14:37:46	6.65	--	8	5320	买盘
14:37:41	6.65	0.01	82	54616	买盘
14:37:31	6.64	--	86	57104	卖盘
14:37:20	6.64	-0.01	1	664	卖盘
14:37:11	6.65	0.01	11	7315	买盘
14:37:01	6.64	-0.01	58	38512	卖盘
14:36:56	6.65	--	138	91770	买盘
14:36:50	6.65	--	307	204155	买盘
14:36:41	6.65	0.01	13	8645	买盘
14:36:26	6.64	--	223	148072	卖盘
14:36:20	6.64	-0.01	5	3320	卖盘
14:36:11	6.65	--	28	18620	买盘
14:36:05	6.65	0.01	488	324520	买盘
14:36:01	6.64	-0.01	110	73040	卖盘
14:35:56	6.65	0.02	281	186865	买盘
14:35:50	6.63	-0.01	4	2652	买盘
14:35:44	6.64	--	300	199200	买盘
14:35:40	6.64	-0.01	14	9296	中性盘
14:35:35	6.65	--	337	224105	买盘
14:35:25	6.65	0.02	464	308560	买盘
14:35:20	6.63	-0.01	6	3978	卖盘
14:35:10	6.64	0.01	592	393088	买盘
14:35:05	6.63	0.02	30	19890	卖盘
14:34:55	6.61	--	0	0	卖盘
14:34:50	6.61	-0.01	458	302738	卖盘
14:34:44	6.62	--	526	348212	买盘
14:34:40	6.62	0.01	94	62228	买盘
14:34:35	6.61	-0.01	92	61096	卖盘
14:34:29	6.62	--	37	24494	卖盘
14:34:25	6.62	--	141	93719	买盘
14:34:20	6.62	0.01	53	35086	买盘
14:34:14	6.61	--	10	6610	卖盘
14:34:10	6.61	--	225	148725	卖盘
14:34:05	6.61	-0.01	31	20491	卖盘
14:33:50	6.62	0.01	71	47002	买盘
14:33:44	6.61	-0.01	50	33050	卖盘
14:33:40	6.62	--	25	16550	买盘
14:33:35	6.62	--	131	86722	买盘
14:33:29	6.62	--	2	1324	买盘
14:33:10	6.62	0.01	71	47002	买盘
14:33:05	6.61	-0.01	61	40321	卖盘
14:32:59	6.62	--	1	662	买盘
14:32:55	6.62	--	1761	1166066	卖盘
14:32:50	6.62	-0.01	62	41044	卖盘
14:32:44	6.63	0.01	10	6630	买盘
14:32:40	6.62	-0.01	36	24163	卖盘
14:32:35	6.63	--	89	59007	买盘
14:32:25	6.63	--	24	15912	买盘
14:32:20	6.63	0.01	10	6630	买盘
14:32:14	6.62	--	100	66200	卖盘
14:32:10	6.62	--	18	11916	卖盘
14:32:05	6.62	--	50	33100	卖盘
14:31:55	6.62	-0.01	135	89370	卖盘
14:31:50	6.63	--	62	41106	买盘
14:31:40	6.63	0.01	17	11271	买盘
14:31:35	6.62	-0.01	21	13902	卖盘
14:31:29	6.63	0.01	20	13260	买盘
14:31:25	6.62	--	160	105920	卖盘
14:31:20	6.62	-0.01	48	31776	卖盘
14:31:14	6.63	0.01	12	7956	买盘
14:31:10	6.62	--	32	21184	卖盘
14:30:59	6.62	--	57	37734	卖盘
14:30:55	6.62	-0.01	792	524873	卖盘
14:30:50	6.63	--	21	13923	卖盘
14:30:44	6.63	--	85	56355	卖盘
14:30:40	6.63	-0.01	279	184977	卖盘
14:30:29	6.64	0.01	36	23904	买盘
14:30:25	6.63	-0.01	448	297024	卖盘
14:30:20	6.64	--	50	33200	卖盘
14:30:14	6.64	-0.01	618	410352	卖盘
14:30:10	6.65	0.01	39	25935	买盘
14:30:05	6.64	-0.01	14	9296	卖盘
14:29:59	6.65	0.01	3	1995	买盘
14:29:50	6.64	--	14	9296	卖盘
14:29:44	6.64	--	22	14608	卖盘
14:29:40	6.64	--	23	15272	卖盘
14:29:35	6.64	--	42	27888	卖盘
14:29:29	6.64	--	66	43824	卖盘
14:29:25	6.64	-0.01	19	12616	卖盘
14:29:20	6.65	0.01	164	109060	买盘
14:29:14	6.64	-0.01	22	14608	卖盘
14:29:08	6.65	--	8	5320	买盘
14:29:04	6.65	0.01	17	11305	买盘
14:28:49	6.64	-0.01	2	1328	卖盘
14:28:44	6.65	--	14	9310	买盘
14:28:29	6.65	--	8	5320	买盘
14:28:19	6.65	-0.01	532	353780	卖盘
14:28:14	6.66	--	5	3330	买盘
14:27:59	6.66	0.01	8	5328	买盘
14:27:49	6.65	-0.01	10	6650	卖盘
14:27:44	6.66	0.01	25	16650	买盘
14:27:38	6.65	--	26	17290	卖盘
14:27:34	6.65	--	1	665	卖盘
14:27:29	6.65	-0.01	129	85785	卖盘
14:27:08	6.66	0.01	5	3330	买盘
14:27:04	6.65	--	16	10640	卖盘
14:26:59	6.65	-0.01	773	514045	卖盘
14:26:38	6.66	0.01	5	3330	买盘
14:26:34	6.65	--	3	1995	卖盘
14:26:29	6.65	-0.01	21	13965	卖盘
14:26:19	6.66	--	6	3996	买盘
14:26:08	6.66	--	26	17316	买盘
14:25:38	6.66	0.01	5	3330	买盘
14:25:34	6.65	--	23	15295	卖盘
14:25:29	6.65	-0.01	105	69825	卖盘
14:25:19	6.66	0.01	8	5328	买盘
14:25:14	6.65	-0.01	26	17290	卖盘
14:25:08	6.66	0.01	5	3330	买盘
14:25:04	6.65	--	11	7315	卖盘
14:24:59	6.65	-0.01	20	13300	卖盘
14:24:53	6.66	0.01	7	4662	买盘
14:24:44	6.65	-0.01	44	29260	卖盘
14:24:19	6.66	--	8	5328	买盘
14:24:08	6.66	--	5	3330	买盘
14:23:59	6.66	0.01	30	19980	买盘
14:23:44	6.65	-0.01	21	13965	卖盘
14:23:38	6.66	--	6	3996	买盘
14:23:34	6.66	0.01	5	3330	买盘
14:23:23	6.65	-0.01	1000	665000	卖盘
14:23:19	6.66	--	8	5328	买盘
14:23:14	6.66	0.01	8	5328	买盘
14:23:08	6.65	--	27	17955	卖盘
14:22:58	6.65	-0.01	5	3325	卖盘
14:22:53	6.66	--	2	1332	买盘
14:22:43	6.66	--	6	3996	买盘
14:22:38	6.66	0.01	471	313686	买盘
14:22:23	6.65	--	12	7980	卖盘
14:22:17	6.65	-0.01	50	33250	卖盘
14:22:08	6.66	0.01	83	55278	买盘
14:21:58	6.65	-0.01	20	13300	卖盘
14:21:47	6.66	0.01	5	3330	买盘
14:21:43	6.65	-0.01	26	17290	卖盘
14:21:38	6.66	0.01	10	6660	买盘
14:21:28	6.65	-0.01	96	63840	卖盘
14:21:23	6.66	--	20	13320	买盘
14:21:08	6.66	--	15	9990	买盘
14:20:58	6.66	--	374	249084	买盘
14:20:47	6.66	0.01	300	199800	买盘
14:20:43	6.65	--	395	262675	卖盘
14:20:38	6.65	-0.01	64	42560	卖盘
14:20:32	6.66	0.01	15	9990	买盘
14:20:28	6.65	-0.01	766	509390	卖盘
14:20:23	6.66	--	10	6660	买盘
14:20:17	6.66	--	2	1332	买盘
14:20:13	6.66	--	15	9990	买盘
14:20:08	6.66	--	8	5328	买盘
14:20:02	6.66	0.01	125	83250	买盘
14:19:58	6.65	-0.01	5	3325	卖盘
14:19:53	6.66	--	143	95238	买盘
14:19:38	6.66	--	5	3330	买盘
14:19:28	6.66	0.01	21	13986	买盘
14:19:17	6.65	--	13	8645	卖盘
14:19:13	6.65	-0.01	69	45885	卖盘
14:19:02	6.66	0.01	7	4662	买盘
14:18:47	6.65	-0.01	85	56525	卖盘
14:18:43	6.66	--	5	3330	买盘
14:18:38	6.66	0.01	5	3330	买盘
14:18:32	6.65	--	148	98420	卖盘
14:18:23	6.65	--	39	25935	卖盘
14:18:13	6.65	-0.01	8	5320	卖盘
14:18:08	6.66	--	8	5328	买盘
14:18:02	6.66	0.01	20	13320	买盘
14:17:43	6.65	-0.01	3	1995	卖盘
14:17:38	6.66	0.01	56	37296	买盘
14:17:32	6.65	-0.01	6	3990	卖盘
14:17:23	6.66	0.01	57	37962	买盘
14:17:17	6.65	-0.01	11	7315	卖盘
14:17:13	6.66	0.01	5	3330	买盘
14:17:07	6.65	-0.01	50	33250	卖盘
14:17:02	6.66	--	201	133866	买盘
14:16:53	6.66	--	52	34632	买盘
14:16:47	6.66	0.01	1	666	买盘
14:16:41	6.65	-0.01	20	13300	卖盘
14:16:37	6.66	--	89	59274	买盘
14:16:32	6.66	0.01	40	26640	买盘
14:16:26	6.65	-0.01	30	19950	卖盘
14:16:11	6.66	0.01	5	3330	买盘
14:16:02	6.65	--	10	6650	卖盘
14:15:56	6.65	--	10	6650	卖盘
14:15:52	6.65	--	12	7980	买盘
14:15:47	6.65	--	5	3325	买盘
14:15:37	6.65	--	5	3325	买盘
14:15:32	6.65	--	237	157605	买盘
14:15:07	6.65	-0.01	137	91105	卖盘
14:14:52	6.66	0.01	5	3330	买盘
14:14:47	6.65	-0.01	18	11970	卖盘
14:14:37	6.66	0.01	26	17316	买盘
14:14:22	6.65	--	1	665	卖盘
14:14:17	6.65	-0.01	2	1330	卖盘
14:14:07	6.66	0.02	88	58608	买盘
14:14:02	6.64	--	140	92960	卖盘
14:13:56	6.64	-0.01	2	1328	卖盘
14:13:47	6.65	0.01	107	71155	买盘
14:13:41	6.64	-0.01	4	2656	卖盘
14:13:37	6.65	--	56	37240	买盘
14:13:26	6.65	--	20	13300	买盘
14:13:22	6.65	--	10	6650	买盘
14:13:17	6.65	0.01	300	199500	买盘
14:13:11	6.64	-0.01	10	6640	卖盘
14:13:07	6.65	--	1	665	买盘
14:13:02	6.65	--	65	43225	买盘
14:12:37	6.65	--	53	35245	买盘
14:12:17	6.65	--	8	5320	买盘
14:12:11	6.65	--	5	3325	买盘
14:12:02	6.65	--	12	7980	买盘
14:11:52	6.65	--	46	30590	买盘
14:11:47	6.65	--	100	66500	买盘
14:11:37	6.65	--	6	3990	买盘
14:11:17	6.65	--	4	2660	买盘
14:11:11	6.65	--	15	9975	买盘
14:10:56	6.65	--	120	79800	买盘
14:10:47	6.65	--	320	212800	买盘
14:10:41	6.65	0.01	5	3325	买盘
14:10:31	6.64	-0.01	20	13280	卖盘
14:10:11	6.65	0.01	406	269990	买盘
14:10:01	6.64	--	90	59760	卖盘
14:09:56	6.64	--	20	13280	卖盘
14:09:41	6.64	--	41	27224	卖盘
14:09:31	6.64	--	110	73040	卖盘
14:09:16	6.64	-0.01	45	29880	卖盘
14:09:11	6.65	0.01	17	11305	买盘
14:09:05	6.64	-0.01	6	3984	卖盘
14:09:01	6.65	--	49	32585	买盘
14:08:41	6.65	0.01	5	3325	买盘
14:08:31	6.64	--	1	664	卖盘
14:08:26	6.64	-0.01	3	1992	卖盘
14:08:16	6.65	--	40	26600	买盘
14:08:11	6.65	--	5	3325	买盘
14:08:05	6.65	--	500	332500	买盘
14:07:56	6.65	0.01	13	8645	买盘
14:07:46	6.64	-0.01	13	8632	卖盘
14:07:41	6.65	0.01	5	3325	买盘
14:07:31	6.64	-0.01	8	5312	卖盘
14:07:26	6.65	0.01	7	4655	买盘
14:07:16	6.64	-0.01	3	1992	卖盘
14:07:11	6.65	0.01	5	3325	买盘
14:07:01	6.64	--	67	44488	买盘
14:06:46	6.64	--	13	8632	买盘
14:06:41	6.64	0.01	7	4648	买盘
14:06:31	6.63	-0.01	10	6630	卖盘
14:06:16	6.64	--	160	106240	买盘
14:06:11	6.64	--	20	13280	买盘
14:05:56	6.64	--	20	13280	买盘
14:05:50	6.64	--	5	3320	买盘
14:05:41	6.64	--	106	70384	卖盘
14:05:26	6.64	0.01	60	39840	买盘
14:05:20	6.63	-0.01	3	1989	卖盘
14:05:11	6.64	0.01	5	3320	买盘
14:04:46	6.63	-0.01	4	2652	卖盘
14:04:41	6.64	0.01	5	3320	中性盘
14:04:31	6.63	-0.01	32	21216	卖盘
14:04:26	6.64	--	5	3320	卖盘
14:04:20	6.64	--	5	3412	买盘
14:04:10	6.64	0.01	5	3320	买盘
14:04:05	6.63	-0.01	552	365976	卖盘
14:03:55	6.64	-0.01	32	21819	卖盘
14:03:40	6.65	0.01	6	3990	买盘
14:03:35	6.64	-0.01	20	13280	卖盘
14:03:29	6.65	0.01	76	50540	买盘
14:03:25	6.64	-0.01	4	2656	卖盘
14:03:20	6.65	0.01	5	3325	买盘
14:03:10	6.64	--	10	6640	卖盘
14:03:05	6.64	--	27	17928	卖盘
14:02:44	6.64	-0.01	23	15272	卖盘
14:02:40	6.65	0.01	16	10640	买盘
14:02:35	6.64	--	4	2656	卖盘
14:02:25	6.64	--	107	71048	卖盘
14:02:20	6.64	--	13	8632	卖盘
14:02:10	6.64	--	14	9296	卖盘
14:02:05	6.64	--	22	14608	卖盘
14:01:59	6.64	--	101	67064	卖盘
14:01:50	6.64	--	108	71712	卖盘
14:01:44	6.64	-0.01	28	18592	卖盘
14:01:40	6.65	0.01	5	3325	买盘
14:01:35	6.64	--	35	23240	卖盘
14:01:25	6.64	-0.01	81	53784	卖盘
14:01:20	6.65	--	40	26600	卖盘
14:01:14	6.65	--	7	4655	卖盘
14:01:10	6.65	--	78	51870	卖盘
14:01:05	6.65	--	1	665	卖盘
14:00:55	6.65	--	21	13965	卖盘
14:00:50	6.65	--	14	9310	卖盘
14:00:40	6.65	--	7	4655	卖盘
14:00:35	6.65	0.01	379	252035	买盘
14:00:25	6.64	-0.01	13	8632	卖盘
14:00:20	6.65	0.01	1	665	买盘
14:00:14	6.64	--	18	11952	卖盘
14:00:10	6.64	--	15	9960	卖盘
14:00:05	6.64	--	208	138112	卖盘
13:59:55	6.64	--	17	11288	卖盘
13:59:50	6.64	--	14	9296	卖盘
13:59:44	6.64	--	14	9296	卖盘
13:59:40	6.64	--	35	23240	卖盘
13:59:20	6.64	-0.01	14	9296	卖盘
13:59:10	6.65	--	5	3325	买盘
13:59:05	6.65	--	50	33250	买盘
13:58:55	6.65	0.01	1	665	买盘
13:58:50	6.64	--	9	5976	卖盘
13:58:44	6.64	-0.01	1	664	卖盘
13:58:40	6.65	--	9	5985	买盘
13:58:29	6.65	-0.01	2	1330	买盘
13:58:25	6.66	--	0	0	买盘
13:58:09	6.66	--	32	21312	买盘
13:57:59	6.66	0.02	10	6660	买盘
13:57:55	6.64	--	0	0	卖盘
13:57:49	6.64	-0.02	145	96280	卖盘
13:57:44	6.66	--	1	666	买盘
13:57:38	6.66	--	15	9990	买盘
13:57:34	6.66	--	8	5328	买盘
13:57:29	6.66	0.01	31	20646	买盘
13:57:23	6.65	--	19	12635	卖盘
13:57:14	6.65	-0.01	9	5985	卖盘
13:57:08	6.66	--	9	5994	买盘
13:57:04	6.66	0.01	18	11988	买盘
13:56:49	6.65	-0.01	50	33250	卖盘
13:56:44	6.66	0.01	5	3330	买盘
13:56:38	6.65	--	8	5320	卖盘
13:56:34	6.65	0.01	2	1330	卖盘
13:56:29	6.64	--	9	5976	卖盘
13:56:19	6.64	--	15	9960	卖盘
13:56:14	6.64	-0.02	14	9296	卖盘
13:56:08	6.66	0.01	5	3330	买盘
13:56:04	6.65	0.01	15	9975	买盘
13:55:59	6.64	-0.02	10	6640	卖盘
13:55:53	6.66	0.01	92	61272	买盘
13:55:44	6.65	-0.01	1	665	卖盘
13:55:38	6.66	0.02	5	3330	买盘
13:55:29	6.64	-0.02	29	19256	卖盘
13:55:23	6.66	0.02	3	1998	买盘
13:55:19	6.64	--	8	5312	卖盘
13:55:14	6.64	-0.02	16	10624	卖盘
13:55:08	6.66	0.02	49	32634	买盘
13:55:04	6.64	-0.01	470	312080	卖盘
13:54:59	6.65	0.01	16	10640	买盘
13:54:49	6.64	-0.01	1450	962800	卖盘
13:54:44	6.65	0.01	7	4655	买盘
13:54:38	6.64	--	25	16600	卖盘
13:54:34	6.64	--	22	14608	卖盘
13:54:19	6.64	--	41	27224	卖盘
13:54:14	6.64	--	25	16600	卖盘
13:54:08	6.64	--	22	14700	买盘
13:53:59	6.64	--	51	34435	卖盘
13:53:53	6.64	--	14	9296	卖盘
13:53:49	6.64	-0.01	54	35856	卖盘
13:53:44	6.65	0.01	34	22610	买盘
13:53:38	6.64	--	5	3320	卖盘
13:53:29	6.64	--	23	15272	卖盘
13:53:23	6.64	--	3	1992	卖盘
13:53:19	6.64	--	264	175296	卖盘
13:53:13	6.64	-0.01	202	134128	卖盘
13:53:08	6.65	0.01	19	12635	买盘
13:53:04	6.64	--	50	33200	卖盘
13:52:59	6.64	-0.01	23	15272	卖盘
13:52:53	6.65	0.01	26	17290	买盘
13:52:49	6.64	--	14	9296	卖盘
13:52:44	6.64	-0.01	73	48564	卖盘
13:52:38	6.65	0.01	225	149625	买盘
13:52:34	6.64	-0.01	86	57104	卖盘
13:52:29	6.65	--	78	51870	买盘
13:52:19	6.65	--	163	108395	买盘
13:52:13	6.65	--	75	49875	买盘
13:52:08	6.65	--	362	240730	卖盘
13:51:59	6.65	--	32	21280	卖盘
13:51:53	6.65	--	195	129675	买盘
13:51:38	6.65	--	40	26600	买盘
13:51:28	6.65	0.01	6	3990	买盘
13:51:23	6.64	--	50	33200	卖盘
13:51:13	6.64	-0.01	10	6640	卖盘
13:51:08	6.65	0.02	386	256690	买盘
13:50:47	6.63	-0.02	4	2652	卖盘
13:50:43	6.65	--	0	0	买盘
13:50:38	6.65	0.02	243	161595	买盘
13:50:32	6.63	0.01	15	9945	卖盘
13:50:28	6.62	--	2	1324	卖盘
13:50:23	6.62	--	9	5958	卖盘
13:50:08	6.62	--	159	105304	买盘
13:50:02	6.62	--	412	272744	买盘
13:49:53	6.62	--	186	123132	买盘
13:49:38	6.62	--	910	602420	买盘
13:49:32	6.62	-0.03	5577	3692357	卖盘
13:49:13	6.65	-0.01	25	16625	卖盘
13:49:02	6.66	--	1	666	买盘
13:48:58	6.66	0.01	15	9990	买盘
13:48:53	6.65	-0.01	134	89110	卖盘
13:48:43	6.66	0.01	14	9324	买盘
13:48:38	6.65	-0.01	1	665	卖盘
13:48:32	6.66	0.01	42	27972	买盘
13:48:23	6.65	--	23	15295	卖盘
13:48:17	6.65	-0.01	300	199500	卖盘
13:48:13	6.66	--	3	1998	买盘
13:48:08	6.66	--	114	75924	买盘
13:48:02	6.66	--	2	1332	买盘
13:47:53	6.66	--	121	80586	买盘
13:47:47	6.66	0.01	19	12654	买盘
13:47:43	6.65	-0.01	61	40565	卖盘
13:47:38	6.66	0.01	6	3996	买盘
13:47:28	6.65	-0.01	165	109725	卖盘
13:47:23	6.66	--	119	79254	买盘
13:47:08	6.66	--	455	303030	买盘
13:47:02	6.66	0.01	30	19980	买盘
13:46:58	6.65	-0.01	69	45885	卖盘
13:46:53	6.66	-0.01	55	36630	卖盘
13:46:47	6.67	0.01	33	22011	买盘
13:46:43	6.66	-0.01	88	58608	卖盘
13:46:37	6.67	--	106	70702	买盘
13:46:32	6.67	0.01	15	10005	买盘
13:46:28	6.66	-0.01	9	5994	卖盘
13:46:23	6.67	--	830	553610	买盘
13:46:08	6.67	--	7	4669	买盘
13:45:53	6.67	--	59	39353	买盘
13:45:37	6.67	0.01	11	7337	买盘
13:45:32	6.66	-0.01	20	13320	卖盘
13:45:07	6.67	0.02	154	102718	买盘
13:45:02	6.65	-0.01	11	7315	卖盘
13:44:57	6.66	0.01	27	17982	买盘
13:44:52	6.65	-0.01	258	171570	卖盘
13:44:47	6.66	--	49	32634	买盘
13:44:41	6.66	--	17	11322	买盘
13:44:37	6.66	--	86	57276	买盘
13:44:22	6.66	--	32	21312	买盘
13:44:07	6.66	--	5	3330	买盘
13:43:47	6.66	--	224	149184	卖盘
13:43:41	6.66	-0.01	20	13320	卖盘
13:43:37	6.67	0.02	137	91379	买盘
13:43:32	6.65	-0.01	8	5320	卖盘
13:43:22	6.66	--	100	66600	买盘
13:43:17	6.66	0.01	39	25974	买盘
13:43:11	6.65	-0.01	56	37240	卖盘
13:43:07	6.66	0.01	5	3330	买盘
13:43:02	6.65	--	108	71820	卖盘
13:42:52	6.65	--	26	17290	卖盘
13:42:47	6.65	-0.01	9	5985	卖盘
13:42:37	6.66	--	5	3330	买盘
13:42:32	6.66	0.01	89	59274	买盘
13:42:26	6.65	-0.01	9	5985	卖盘
13:42:22	6.66	--	200	133200	买盘
13:42:07	6.66	--	14	9324	买盘
13:42:02	6.66	0.01	19	12654	买盘
13:41:56	6.65	-0.01	9	5985	卖盘
13:41:52	6.66	0.01	50	33300	买盘
13:41:47	6.65	-0.01	31	20615	卖盘
13:41:37	6.66	--	105	69930	买盘
13:41:22	6.66	--	1	666	买盘
13:41:17	6.66	0.01	41	27306	买盘
13:41:11	6.65	-0.01	19	12635	卖盘
13:41:07	6.66	--	5	3330	买盘
13:41:02	6.66	--	26	17316	买盘
13:40:52	6.66	0.01	206	137196	买盘
13:40:46	6.65	-0.01	10	6650	卖盘
13:40:37	6.66	0.01	5	3330	买盘
13:40:22	6.65	--	30	19950	卖盘
13:40:11	6.65	-0.01	12	7980	卖盘
13:40:07	6.66	0.01	1258	837828	买盘
13:39:56	6.65	-0.01	100	66500	卖盘
13:39:37	6.66	--	430	286380	买盘
13:39:31	6.66	--	140	93240	买盘
13:39:22	6.66	0.01	27	17982	买盘
13:39:16	6.65	-0.01	10	6650	卖盘
13:39:07	6.66	--	8	5328	买盘
13:38:56	6.66	--	2	1332	买盘
13:38:41	6.66	0.01	5	3330	买盘
13:38:31	6.65	--	131	87115	卖盘
13:38:16	6.65	-0.01	20	13300	卖盘
13:38:11	6.66	0.01	6	3996	买盘
13:38:01	6.65	--	5	3325	卖盘
13:37:56	6.65	--	20	13300	卖盘
13:37:46	6.65	-0.01	13	8645	中性盘
13:37:41	6.66	--	5	3330	买盘
13:37:35	6.66	0.01	136	90576	买盘
13:37:31	6.65	--	3	1995	买盘
13:37:16	6.65	-0.01	7	4655	卖盘
13:37:11	6.66	0.01	9	5994	买盘
13:37:05	6.65	--	20	13300	卖盘
13:37:01	6.65	-0.01	252	167580	卖盘
13:36:46	6.66	--	6	3996	买盘
13:36:41	6.66	--	13	8658	买盘
13:36:26	6.66	0.01	1	666	买盘
13:36:11	6.65	-0.01	543	361095	卖盘
13:36:05	6.66	--	39	25974	买盘
13:36:01	6.66	0.01	5	3330	买盘
13:35:50	6.65	--	12	7980	卖盘
13:35:41	6.65	--	10	6650	卖盘
13:35:35	6.65	--	45	29925	卖盘
13:35:26	6.65	--	62	41230	卖盘
13:35:20	6.65	--	14	9310	卖盘
13:35:16	6.65	-0.01	8	5320	卖盘
13:35:11	6.66	0.01	56	37296	买盘
13:35:05	6.65	--	71	47215	卖盘
13:34:56	6.65	-0.01	12	7980	卖盘
13:34:50	6.66	--	6	3996	买盘
13:34:41	6.66	--	5	3330	买盘
13:34:11	6.66	--	5	3330	买盘
13:33:55	6.66	--	20	13320	买盘
13:33:50	6.66	--	250	166500	卖盘
13:33:45	6.66	-0.01	95	63270	卖盘
13:33:40	6.67	0.01	28	18676	买盘
13:33:31	6.66	--	60	39960	卖盘
13:33:25	6.66	--	17	11322	卖盘
13:33:20	6.66	--	35	23310	卖盘
13:33:10	6.66	--	715	476190	买盘
13:33:05	6.66	--	25	16650	买盘
13:32:55	6.66	0.01	10	6660	买盘
13:32:46	6.65	--	5	3325	卖盘
13:32:40	6.65	-0.01	23	15295	卖盘
13:32:35	6.66	0.01	10	6660	买盘
13:32:30	6.65	--	206	136990	卖盘
13:32:20	6.65	-0.01	26	17290	卖盘
13:32:10	6.66	--	5	3330	买盘
13:31:55	6.66	0.01	1	666	买盘
13:31:50	6.65	--	21	13965	卖盘
13:31:40	6.65	--	18	11970	卖盘
13:31:35	6.65	--	41	27265	卖盘
13:31:29	6.65	--	51	33915	卖盘
13:31:25	6.65	-0.01	4	2660	卖盘
13:31:14	6.66	--	550	366300	买盘
13:31:10	6.66	--	6	3996	买盘
13:31:05	6.66	--	17	11322	买盘
13:30:40	6.66	--	16	10656	买盘
13:30:35	6.66	--	28	18648	买盘
13:30:29	6.66	--	61	40626	买盘
13:30:25	6.66	--	6	3996	买盘
13:30:20	6.66	--	6	3996	买盘
13:30:14	6.66	--	1	666	买盘
13:30:10	6.66	--	9	5994	买盘
13:30:05	6.66	--	77	51282	买盘
13:29:55	6.66	0.01	39	25974	买盘
13:29:40	6.65	--	39	25935	卖盘
13:29:35	6.65	-0.01	27	17955	卖盘
13:29:10	6.66	0.01	99	65934	买盘
13:28:55	6.65	--	40	26600	卖盘
13:28:50	6.65	-0.01	65	43225	卖盘
13:28:44	6.66	--	12	7992	买盘
13:28:40	6.66	0.01	6	3996	买盘
13:28:35	6.65	--	106	70490	卖盘
13:28:20	6.65	--	5	3325	卖盘
13:28:14	6.65	0.02	185	123025	买盘
13:28:10	6.63	--	59	39117	卖盘
13:27:59	6.63	--	28	18564	卖盘
13:27:50	6.63	-0.02	6	3978	卖盘
13:27:44	6.65	0.02	24	15960	买盘
13:27:39	6.63	--	25	16575	卖盘
13:27:35	6.63	--	200	132600	卖盘
13:27:24	6.63	--	3	1989	卖盘
13:27:19	6.63	--	103	68289	卖盘
13:27:14	6.63	--	10	6630	卖盘
13:27:09	6.63	--	162	107472	卖盘
13:26:55	6.63	-0.02	18	11934	卖盘
13:26:49	6.65	--	0	0	买盘
13:26:44	6.65	0.02	2	1330	买盘
13:26:40	6.63	-0.01	41	27183	卖盘
13:26:34	6.64	--	9	5976	买盘
13:26:29	6.64	0.01	3	1992	买盘
13:26:24	6.63	-0.02	1622	1075386	卖盘
13:26:19	6.65	--	437	290605	卖盘
13:26:14	6.65	-0.01	5	3325	卖盘
13:26:09	6.66	0.01	6	3996	买盘
13:26:04	6.65	--	34	22610	卖盘
13:25:59	6.65	-0.01	218	144970	卖盘
13:25:54	6.66	0.01	81	53946	买盘
13:25:49	6.65	-0.01	22	14630	卖盘
13:25:44	6.66	--	2	1332	买盘
13:25:39	6.66	--	5	3330	买盘
13:25:23	6.66	-0.01	159	105894	卖盘
13:25:19	6.67	--	208	138736	买盘
13:25:08	6.67	--	43	28681	买盘
13:25:04	6.67	--	85	56695	卖盘
13:24:59	6.67	--	62	41354	卖盘
13:24:53	6.67	--	814	542938	卖盘
13:24:49	6.67	--	148	98716	买盘
13:24:38	6.67	--	5	3335	买盘
13:24:29	6.67	--	0	0	买盘
13:24:23	6.67	--	330	220110	买盘
13:24:19	6.67	--	10	6670	卖盘
13:24:14	6.67	--	954	636318	买盘
13:24:08	6.67	0.01	11	7337	买盘
13:24:04	6.66	0.01	3	1998	买盘
13:23:53	6.65	-0.02	29	19285	卖盘
13:23:49	6.67	0.01	79	52693	买盘
13:23:38	6.66	--	5	3330	买盘
13:23:29	6.66	--	475	316350	买盘
13:23:23	6.66	--	4	2664	买盘
13:23:19	6.66	--	1	666	买盘
13:23:08	6.66	--	6	3996	买盘
13:22:59	6.66	--	8	5328	买盘
13:22:49	6.66	--	10	6660	买盘
13:22:38	6.66	0.01	5	3330	买盘
13:22:29	6.65	-0.01	13	8645	卖盘
13:22:19	6.66	0.01	17	11322	买盘
13:22:14	6.65	-0.01	122	81130	卖盘
13:22:08	6.66	--	5	3330	买盘
13:22:04	6.66	0.01	20	13320	买盘
13:21:53	6.65	--	96	64052	买盘
13:21:49	6.65	--	299	198835	买盘
13:21:38	6.65	0.01	5	3325	买盘
13:21:34	6.64	-0.01	1	664	卖盘
13:21:29	6.65	0.01	4	2660	买盘
13:21:23	6.64	--	200	132800	卖盘
13:21:13	6.64	-0.01	134	88976	卖盘
13:21:08	6.65	--	5	3325	买盘
13:20:59	6.65	--	30	19950	买盘
13:20:53	6.65	--	3	1995	买盘
13:20:48	6.65	--	51	33915	买盘
13:20:38	6.65	0.01	25	16625	买盘
13:20:33	6.64	-0.01	3	1992	卖盘
13:20:28	6.65	--	436	289940	买盘
13:20:23	6.65	0.01	13	8645	买盘
13:20:18	6.64	-0.01	34	22576	卖盘
13:20:13	6.65	--	20	13300	买盘
13:20:08	6.65	0.01	5	3325	买盘
13:20:03	6.64	--	11	7304	卖盘
13:19:58	6.64	-0.01	15	9960	卖盘
13:19:53	6.65	--	24	15960	买盘
13:19:48	6.65	--	77	51205	卖盘
13:19:43	6.65	--	513	341145	卖盘
13:19:38	6.65	-0.01	27	17955	卖盘
13:19:33	6.66	--	41	27306	买盘
13:19:28	6.66	--	60	39960	买盘
13:19:18	6.66	--	1	666	买盘
13:19:13	6.66	--	8	5328	买盘
13:19:08	6.66	0.01	40	26640	买盘
13:19:03	6.65	--	23	15295	卖盘
13:18:58	6.65	-0.01	1	665	卖盘
13:18:53	6.66	--	22	14652	买盘
13:18:43	6.66	0.01	20	13320	买盘
13:18:38	6.65	--	13	8645	卖盘
13:18:32	6.65	--	3	1995	卖盘
13:18:28	6.65	--	185	123025	买盘
13:18:23	6.65	--	45	29925	买盘
13:18:13	6.65	--	32	21280	买盘
13:18:08	6.65	--	30	19950	买盘
13:18:02	6.65	--	15	9975	买盘
13:17:58	6.65	-0.01	67	44555	卖盘
13:17:53	6.66	0.02	90	59940	买盘
13:17:47	6.64	-0.02	131	86984	卖盘
13:17:43	6.66	--	320	213120	买盘
13:17:38	6.66	0.01	9	5994	买盘
13:17:28	6.65	-0.01	30	19950	卖盘
13:17:17	6.66	--	103	68598	买盘
13:17:13	6.66	--	27	17982	买盘
13:17:08	6.66	0.01	9	5994	买盘
13:17:02	6.65	-0.01	79	52535	卖盘
13:16:43	6.66	0.01	260	173160	买盘
13:16:38	6.65	0.02	8	5320	买盘
13:16:32	6.63	-0.02	1582	1048866	卖盘
13:16:28	6.65	--	7	4655	买盘
13:16:23	6.65	--	181	120365	买盘
13:16:17	6.65	-0.02	6	3990	卖盘
13:16:08	6.67	--	100	66700	买盘
13:15:58	6.67	0.03	125	83375	买盘
13:15:53	6.64	-0.03	38	25232	卖盘
13:15:43	6.67	--	151	100717	卖盘
13:15:38	6.67	0.03	649	432883	买盘
13:15:28	6.64	--	20	13280	卖盘
13:15:13	6.64	0.01	563	373832	买盘
13:15:08	6.63	--	124	82212	买盘
13:15:02	6.63	--	0	0	买盘
13:14:58	6.63	0.02	2413	1599819	买盘
13:14:53	6.61	-0.02	2906	1920866	卖盘
13:14:47	6.63	-0.01	610	404430	卖盘
13:14:38	6.64	0.01	40	26560	买盘
13:14:32	6.63	--	1122	743886	买盘
13:14:23	6.63	0.01	22	14586	买盘
13:14:07	6.62	--	48	31776	卖盘
13:14:02	6.62	--	82	54284	卖盘
13:13:47	6.62	--	103	68186	买盘
13:13:42	6.62	0.01	61	40382	买盘
13:13:37	6.61	-0.01	140	92540	卖盘
13:13:32	6.62	--	5	3310	买盘
13:13:27	6.62	--	5	3310	买盘
13:13:22	6.62	0.01	44	29128	买盘
13:13:17	6.61	-0.01	112	74032	卖盘
13:13:12	6.62	--	542	358804	买盘
13:13:07	6.62	0.01	60	39720	买盘
13:12:57	6.61	--	33	21813	卖盘
13:12:52	6.61	--	39	25779	卖盘
13:12:47	6.61	--	10	6610	卖盘
13:12:42	6.61	-0.01	18	11898	卖盘
13:12:37	6.62	--	186	123132	买盘
13:12:32	6.62	0.01	20	13240	买盘
13:12:27	6.61	--	0	0	卖盘
13:12:22	6.61	-0.02	1239	818979	卖盘
13:12:17	6.63	--	19	12597	买盘
13:12:07	6.63	0.01	6	3978	买盘
13:12:02	6.62	-0.01	100	66200	卖盘
13:11:56	6.63	0.01	39	25857	买盘
13:11:52	6.62	--	7	4634	卖盘
13:11:47	6.62	--	231	152922	卖盘
13:11:41	6.62	--	256	169518	买盘
13:11:37	6.62	--	243	160866	买盘
13:11:32	6.62	--	293	193966	买盘
13:11:22	6.62	--	154	101948	买盘
13:11:17	6.62	--	71	47002	买盘
13:11:11	6.62	0.01	22	14564	买盘
13:11:07	6.61	-0.01	6	3966	卖盘
13:11:02	6.62	--	146	96652	买盘
13:10:56	6.62	--	74	48988	买盘
13:10:52	6.62	-0.01	79	52913	卖盘
13:10:47	6.63	0.01	80	53040	买盘
13:10:41	6.62	--	380	251606	买盘
13:10:37	6.62	-0.01	630	417675	卖盘
13:10:32	6.63	0.01	66	43758	买盘
13:10:26	6.62	-0.01	5	3310	卖盘
13:10:17	6.63	--	73	48399	买盘
13:10:07	6.63	0.01	5	3315	买盘
13:10:02	6.62	-0.01	115	76130	卖盘
13:09:52	6.63	0.01	12	7956	买盘
13:09:47	6.62	--	82	54284	卖盘
13:09:41	6.62	-0.01	0	46	卖盘
13:09:37	6.63	0.01	105	69615	买盘
13:09:32	6.62	--	85	56270	卖盘
13:09:22	6.62	-0.01	21	13902	卖盘
13:09:17	6.63	--	71	47073	买盘
13:09:07	6.63	--	21	13923	买盘
13:09:02	6.63	--	84	55692	买盘
13:08:52	6.63	0.01	11	7293	买盘
13:08:47	6.62	-0.01	89	58918	卖盘
13:08:37	6.63	0.01	65	43095	买盘
13:08:32	6.62	--	206	136372	买盘
13:08:22	6.62	--	20	13240	买盘
13:08:17	6.62	--	34	22508	买盘
13:08:11	6.62	--	3	1986	买盘
13:08:07	6.62	--	55	36410	买盘
13:08:02	6.62	--	6639	4395018	买盘
13:07:56	6.62	-0.01	255	168810	卖盘
13:07:47	6.63	0.01	79	52377	买盘
13:07:41	6.62	-0.01	963	637506	卖盘
13:07:36	6.63	0.01	5	3315	买盘
13:07:31	6.62	--	94	62228	卖盘
13:07:26	6.62	--	109	72158	卖盘
13:07:21	6.62	-0.01	22	14564	卖盘
13:07:16	6.63	0.01	88	58344	买盘
13:07:11	6.62	-0.01	2	1324	卖盘
13:07:06	6.63	--	16	10608	买盘
13:07:01	6.63	--	221	146523	买盘
13:06:56	6.63	--	6	3978	买盘
13:06:51	6.63	--	9	5967	买盘
13:06:46	6.63	--	108	71604	买盘
13:06:36	6.63	--	21	13923	买盘
13:06:31	6.63	--	109	72267	买盘
13:06:25	6.63	--	10	6630	买盘
13:06:16	6.63	0.01	126	83538	买盘
13:06:11	6.62	-0.01	20	13240	卖盘
13:06:06	6.63	0.01	35	23205	买盘
13:06:01	6.62	-0.01	124	82088	卖盘
13:05:56	6.63	0.01	8	5304	买盘
13:05:51	6.62	-0.01	36	23832	卖盘
13:05:46	6.63	--	111	73593	买盘
13:05:41	6.63	--	55	36465	买盘
13:05:36	6.63	--	15	9945	买盘
13:05:31	6.63	0.01	77	51051	买盘
13:05:26	6.62	--	2	1324	卖盘
13:05:16	6.62	--	19	12578	买盘
13:05:11	6.62	--	98	64876	买盘
13:05:05	6.62	--	200	132400	买盘
13:05:01	6.62	0.01	111	73482	买盘
13:04:56	6.61	-0.01	320	211520	卖盘
13:04:50	6.62	0.01	100	66200	买盘
13:04:46	6.61	-0.01	82	54202	卖盘
13:04:41	6.62	--	16	10592	买盘
13:04:35	6.62	--	100	66200	买盘
13:04:31	6.62	--	84	55608	买盘
13:04:26	6.62	--	15	9930	买盘
13:04:16	6.62	--	72	47664	买盘
13:04:11	6.62	0.01	5	3310	买盘
13:04:01	6.61	--	1	971	买盘
13:03:56	6.61	--	160	105760	买盘
13:03:50	6.61	--	2711	1791971	买盘
13:03:46	6.61	--	182	120302	买盘
13:03:41	6.61	0.01	227	150047	买盘
13:03:31	6.6	--	129	85140	卖盘
13:03:26	6.6	-0.01	41	27060	卖盘
13:03:20	6.61	--	2	1322	买盘
13:03:16	6.61	--	851	562511	买盘
13:03:11	6.61	--	26	17186	买盘
13:03:01	6.61	--	151	99811	买盘
13:02:56	6.61	--	47	31417	卖盘
13:02:46	6.61	--	570	377080	买盘
13:02:41	6.61	--	35	23135	买盘
13:02:35	6.61	--	78	51908	卖盘
13:02:31	6.61	--	9	5949	卖盘
13:02:26	6.61	0.01	4	2954	买盘
13:02:20	6.6	-0.01	5039	3325740	卖盘
13:02:16	6.61	-0.01	89	59179	卖盘
13:02:11	6.62	--	1025	678550	买盘
13:02:05	6.62	0.01	18	11916	买盘
13:02:01	6.61	-0.01	86	56846	卖盘
13:01:56	6.62	--	4435	2936274	买盘
13:01:50	6.62	--	10	6620	买盘
13:01:46	6.62	-0.01	1922	1272364	卖盘
13:01:41	6.63	--	6	3978	买盘
13:01:35	6.63	--	7	4641	买盘
13:01:31	6.63	--	83	55029	买盘
13:01:26	6.63	--	34	22542	买盘
13:01:15	6.63	-0.01	230	152490	卖盘
13:01:11	6.64	--	5	3320	买盘
13:01:00	6.64	0.01	20	13280	买盘
13:00:55	6.63	--	484	320892	买盘
13:00:41	6.63	0.01	5	3315	买盘
13:00:35	6.62	--	7	4634	卖盘
13:00:25	6.62	--	11	7282	卖盘
13:00:15	6.62	-0.01	14	9268	卖盘
13:00:10	6.63	0.01	143	94809	中性盘
13:00:05	6.62	-0.01	924	611688	卖盘
13:00:00	6.63	0.01	1065	706095	买盘
11:30:00	6.62	--	0	0	买盘
11:29:59	6.62	--	0	0	买盘
11:29:59	6.62	-0.01	935	618970	卖盘
11:29:55	6.63	--	11	7293	买盘
11:29:46	6.63	--	82	54366	买盘
11:29:40	6.63	--	7	4641	买盘
11:29:36	6.63	0.01	80	53040	买盘
11:29:31	6.62	--	162	107244	买盘
11:29:25	6.62	--	55	36410	买盘
11:29:21	6.62	--	20	13240	买盘
11:29:16	6.62	--	126	83412	买盘
11:29:10	6.62	--	11	7282	买盘
11:29:06	6.62	-0.01	3730	2469260	卖盘
11:29:01	6.63	-0.01	2771	1837173	卖盘
11:28:55	6.64	0.01	20	13280	买盘
11:28:51	6.63	-0.01	3	1989	卖盘
11:28:46	6.64	--	81	53784	买盘
11:28:36	6.64	--	30	19920	买盘
11:28:31	6.64	-0.01	1239	822696	卖盘
11:28:25	6.65	--	54	35910	买盘
11:28:16	6.65	-0.01	1734	1153110	卖盘
11:28:06	6.66	-0.01	288	191808	卖盘
11:28:01	6.67	--	72	48024	买盘
11:27:55	6.67	-0.01	560	373520	卖盘
11:27:51	6.68	--	509	340012	卖盘
11:27:46	6.68	-0.01	153	102204	卖盘
11:27:36	6.69	--	5	3345	买盘
11:27:31	6.69	0.01	231	154539	买盘
11:27:25	6.68	--	50	33400	卖盘
11:27:21	6.68	--	101	67468	卖盘
11:27:16	6.68	-0.01	100	66800	卖盘
11:27:06	6.69	0.01	31	20739	买盘
11:27:01	6.68	--	208	138944	买盘
11:26:55	6.68	--	478	319304	买盘
11:26:51	6.68	0.01	1064	710752	买盘
11:26:40	6.67	--	45	30015	买盘
11:26:36	6.67	--	621	414207	买盘
11:26:31	6.67	0.01	949	632983	买盘
11:26:25	6.66	--	40	26640	买盘
11:26:21	6.66	0.02	4	2664	中性盘
11:26:16	6.64	--	5	3320	卖盘
11:26:10	6.64	-0.03	8	5312	卖盘
11:26:06	6.67	0.02	1439	959813	买盘
11:26:01	6.65	--	351	233415	买盘
11:25:51	6.65	--	133	88445	买盘
11:25:46	6.65	--	72	47880	买盘
11:25:40	6.65	--	9	5985	买盘
11:25:36	6.65	--	46	30590	买盘
11:25:31	6.65	0.01	1109	737485	买盘
11:25:25	6.64	-0.01	82	54448	卖盘
11:25:21	6.65	0.01	4	2660	买盘
11:25:10	6.64	--	54	35856	卖盘
11:24:55	6.64	--	7	4648	卖盘
11:24:49	6.64	--	212	140768	卖盘
11:24:46	6.64	--	15	9960	卖盘
11:24:40	6.64	--	61	40504	买盘
11:24:34	6.64	--	9	5976	买盘
11:24:31	6.64	--	45	29880	买盘
11:24:25	6.64	--	31	20584	买盘
11:24:19	6.64	0.01	58	38512	买盘
11:24:16	6.63	-0.01	169	112047	卖盘
11:24:10	6.64	--	16	10624	卖盘
11:24:01	6.64	--	9	5976	卖盘
11:23:55	6.64	0.01	15	9960	买盘
11:23:49	6.63	--	123	81549	卖盘
11:23:46	6.63	-0.01	466	308958	卖盘
11:23:40	6.64	0.01	40	26560	买盘
11:23:34	6.63	-0.01	19	12597	卖盘
11:23:30	6.64	0.01	417	276888	买盘
11:23:25	6.63	-0.01	310	205530	卖盘
11:23:19	6.64	0.01	20	13280	买盘
11:23:15	6.63	--	0	0	中性盘
11:23:10	6.63	-0.01	600	397800	卖盘
11:23:00	6.64	--	31	20584	中性盘
11:22:55	6.64	-0.01	20	13280	中性盘
11:22:49	6.65	0.03	161	107065	买盘
11:22:45	6.62	-0.02	176	116512	卖盘
11:22:40	6.64	--	2694	1788822	买盘
11:22:30	6.64	0.02	188	124832	买盘
11:22:25	6.62	--	34	22508	卖盘
11:22:15	6.62	--	197	130414	买盘
11:22:10	6.62	0.01	46	30452	买盘
11:22:00	6.61	--	640	423040	卖盘
11:21:55	6.61	--	625	413125	卖盘
11:21:49	6.61	0.01	153	101133	中性盘
11:21:45	6.6	-0.01	1051	693660	卖盘
11:21:40	6.61	0.01	560	370226	买盘
11:21:34	6.6	-0.01	63	41580	卖盘
11:21:30	6.61	--	5149	3403489	买盘
11:21:25	6.61	--	42	27762	买盘
11:21:19	6.61	-0.01	4399	2908333	卖盘
11:21:15	6.62	-0.02	438	289956	卖盘
11:21:10	6.64	0.01	5141	3413624	买盘
11:21:04	6.63	--	30	19890	买盘
11:21:00	6.63	-0.01	2902	1924026	卖盘
11:20:55	6.64	--	480	318720	买盘
11:20:49	6.64	--	10	6640	买盘
11:20:45	6.64	--	10	6640	买盘
11:20:40	6.64	--	5	3320	买盘
11:20:34	6.64	--	305	202520	卖盘
11:20:30	6.64	--	66	43824	卖盘
11:20:25	6.64	--	1	664	卖盘
11:20:19	6.64	--	60	39840	卖盘
11:20:15	6.64	--	87	57768	卖盘
11:20:10	6.64	0.01	318	211152	买盘
11:20:00	6.63	-0.01	180	119340	卖盘
11:19:45	6.64	--	6	3984	买盘
11:19:40	6.64	--	224	148736	卖盘
11:19:34	6.64	0.01	26	17264	卖盘
11:19:30	6.63	--	105	69615	买盘
11:19:25	6.63	-0.01	1998	1324674	卖盘
11:19:19	6.64	-0.01	166	110224	卖盘
11:19:15	6.65	--	2	1330	买盘
11:19:10	6.65	--	69	46543	卖盘
11:19:04	6.65	--	71	47221	买盘
11:19:00	6.65	0.01	110	73150	买盘
11:18:55	6.64	-0.01	2447	1625465	卖盘
11:18:49	6.65	-0.01	2239	1488935	卖盘
11:18:45	6.66	0.01	39	25974	买盘
11:18:40	6.65	--	218	144970	卖盘
11:18:34	6.65	-0.01	30	19950	卖盘
11:18:25	6.66	0.01	1	666	买盘
11:18:19	6.65	-0.01	2	1330	卖盘
11:18:13	6.66	--	226	150516	卖盘
11:18:10	6.66	0.01	422	281052	买盘
11:18:04	6.65	-0.01	23	15295	卖盘
11:17:54	6.66	--	143	95238	卖盘
11:17:49	6.66	--	6	3996	卖盘
11:17:39	6.66	--	1058	704628	买盘
11:17:34	6.66	--	20	13320	买盘
11:17:25	6.66	--	162	107892	买盘
11:17:19	6.66	--	35	23310	买盘
11:17:13	6.66	0.01	10	6660	买盘
11:17:09	6.65	-0.01	13	8645	卖盘
11:17:04	6.66	--	400	266400	买盘
11:16:58	6.66	--	104	69264	卖盘
11:16:54	6.66	--	12	7992	卖盘
11:16:49	6.66	--	563	374958	买盘
11:16:43	6.66	--	5	3330	买盘
11:16:39	6.66	--	5	3330	买盘
11:16:34	6.66	--	72	47952	卖盘
11:16:28	6.66	--	130	86580	卖盘
11:16:24	6.66	--	500	333000	卖盘
11:16:19	6.66	--	297	197802	买盘
11:16:13	6.66	0.01	12	7992	买盘
11:16:09	6.65	-0.01	476	316540	卖盘
11:16:04	6.66	--	10	6660	买盘
11:15:58	6.66	--	22	14652	买盘
11:15:54	6.66	--	355	236430	卖盘
11:15:43	6.66	--	602	400932	买盘
11:15:39	6.66	--	69	45954	卖盘
11:15:34	6.66	0.01	259	172494	买盘
11:15:28	6.65	--	6	3990	卖盘
11:15:24	6.65	-0.01	291	193515	卖盘
11:15:19	6.66	--	211	140526	买盘
11:15:13	6.66	0.01	1	666	买盘
11:15:09	6.65	-0.01	8	5320	卖盘
11:15:04	6.66	--	2063	1373958	买盘
11:14:58	6.66	--	26	17316	买盘
11:14:54	6.66	--	127	84582	买盘
11:14:49	6.66	--	221	147186	卖盘
11:14:43	6.66	--	20	13320	卖盘
11:14:39	6.66	--	105	69930	卖盘
11:14:34	6.66	-0.01	20	13320	卖盘
11:14:28	6.67	0.01	30	20010	买盘
11:14:24	6.66	-0.01	2	1332	卖盘
11:14:19	6.67	0.01	1	667	买盘
11:14:13	6.66	--	1	666	卖盘
11:14:09	6.66	--	517	344322	卖盘
11:14:04	6.66	-0.01	18	11988	卖盘
11:13:58	6.67	--	124	82708	买盘
11:13:54	6.67	0.01	351	234117	买盘
11:13:49	6.66	-0.01	319	212454	卖盘
11:13:43	6.67	--	19	12673	买盘
11:13:39	6.67	0.01	471	314157	买盘
11:13:34	6.66	-0.01	503	334998	卖盘
11:13:28	6.67	--	26	17342	买盘
11:13:24	6.67	--	230	153410	卖盘
11:13:19	6.67	--	67	44689	卖盘
11:13:13	6.67	0.01	576	384192	买盘
11:13:09	6.66	-0.01	57	37962	卖盘
11:13:04	6.67	--	2	1334	买盘
11:12:58	6.67	--	79	52693	买盘
11:12:54	6.67	0.01	146	97382	买盘
11:12:49	6.66	-0.01	362	241092	卖盘
11:12:43	6.67	--	532	354844	买盘
11:12:39	6.67	--	12	8004	买盘
11:12:34	6.67	--	30	20010	买盘
11:12:28	6.67	0.01	24	16008	买盘
11:12:22	6.66	--	20	13320	卖盘
11:12:19	6.66	-0.01	3	1998	卖盘
11:12:13	6.67	--	345	230115	买盘
11:12:07	6.67	--	505	336835	买盘
11:12:04	6.67	--	69	46023	买盘
11:11:58	6.67	--	15	10005	买盘
11:11:52	6.67	0.01	43	28681	买盘
11:11:49	6.66	-0.01	117	77922	卖盘
11:11:37	6.67	0.01	505	336835	买盘
11:11:34	6.66	--	402	267732	买盘
11:11:28	6.66	--	1515	1008990	买盘
11:11:22	6.66	--	30	19980	买盘
11:11:19	6.66	--	409	272394	买盘
11:11:13	6.66	-0.01	130	86580	卖盘
11:11:07	6.67	--	85	56695	买盘
11:11:03	6.67	0.01	135	90045	买盘
11:10:58	6.66	--	482	321012	买盘
11:10:52	6.66	0.02	50	33300	中性盘
11:10:48	6.64	-0.03	265	175966	卖盘
11:10:43	6.67	0.01	1144	763048	买盘
11:10:37	6.66	-0.01	1951	1299366	卖盘
11:10:33	6.67	-0.01	703	469561	卖盘
11:10:28	6.68	0.01	98	65464	买盘
11:10:18	6.67	-0.01	46	30682	卖盘
11:10:13	6.68	0.01	8	5344	买盘
11:10:07	6.67	--	263	175421	卖盘
11:10:03	6.67	-0.01	64	42688	卖盘
11:09:58	6.68	--	12	8016	买盘
11:09:48	6.68	0.01	5	3340	买盘
11:09:43	6.67	--	55	36685	卖盘
11:09:37	6.67	--	24	16008	卖盘
11:09:33	6.67	--	15	10005	卖盘
11:09:22	6.67	--	3	2001	卖盘
11:09:18	6.67	--	153	102051	卖盘
11:09:13	6.67	--	3	2001	卖盘
11:09:07	6.67	--	36	24012	卖盘
11:09:03	6.67	--	2	1334	卖盘
11:08:58	6.67	--	64	42688	卖盘
11:08:52	6.67	-0.01	60	40020	卖盘
11:08:48	6.68	0.01	51	34068	买盘
11:08:43	6.67	-0.01	53	35351	卖盘
11:08:37	6.68	--	5	3340	买盘
11:08:33	6.68	0.01	8	5344	买盘
11:08:22	6.67	--	38	25346	卖盘
11:08:07	6.67	--	104	69368	卖盘
11:08:03	6.67	--	9	6003	卖盘
11:07:58	6.67	-0.01	22	14674	卖盘
11:07:52	6.68	--	10	6680	买盘
11:07:43	6.68	--	1015	678020	买盘
11:07:37	6.68	--	27	18036	卖盘
11:07:33	6.68	--	642	428856	卖盘
11:07:28	6.68	--	10	6680	卖盘
11:07:22	6.68	--	12	8016	卖盘
11:07:18	6.68	--	141	94188	卖盘
11:07:13	6.68	--	46	30728	买盘
11:07:07	6.68	--	65	43420	卖盘
11:07:03	6.68	--	4	2672	卖盘
11:06:58	6.68	--	671	448228	卖盘
11:06:52	6.68	--	25	16700	卖盘
11:06:48	6.68	--	39	26052	卖盘
11:06:43	6.68	-0.01	220	146960	卖盘
11:06:37	6.69	--	5	3345	买盘
11:06:33	6.69	0.01	55	36795	买盘
11:06:22	6.68	--	225	150300	卖盘
11:06:18	6.68	-0.01	10	6680	卖盘
11:06:13	6.69	0.01	37	24753	买盘
11:06:07	6.68	--	69	46092	卖盘
11:06:01	6.68	-0.01	11	7348	卖盘
11:05:58	6.69	0.01	2	1338	买盘
11:05:52	6.68	--	31	20708	卖盘
11:05:46	6.68	--	1	668	卖盘
11:05:43	6.68	--	85	56780	卖盘
11:05:37	6.68	--	562	375416	卖盘
11:05:31	6.68	--	47	31396	卖盘
11:05:28	6.68	--	20	13360	卖盘
11:05:22	6.68	--	43	28724	卖盘
11:05:16	6.68	--	100	66800	卖盘
11:05:13	6.68	--	4	2672	卖盘
11:05:07	6.68	--	52	34736	卖盘
11:05:01	6.68	--	14	9352	卖盘
11:04:58	6.68	--	10	6680	卖盘
11:04:52	6.68	--	299	199732	买盘
11:04:46	6.68	0.01	22	14696	买盘
11:04:42	6.67	-0.01	38	25346	卖盘
11:04:37	6.68	--	89	59452	卖盘
11:04:31	6.68	--	76	50768	买盘
11:04:27	6.68	--	20	13360	买盘
11:04:22	6.68	--	59	39418	卖盘
11:04:16	6.68	--	39	26052	买盘
11:04:12	6.68	--	71	47428	卖盘
11:04:07	6.68	--	51	34068	卖盘
11:04:01	6.68	--	46	30728	卖盘
11:03:52	6.68	--	156	104208	卖盘
11:03:42	6.68	-0.01	96	64128	卖盘
11:03:37	6.69	0.01	63	42147	买盘
11:03:31	6.68	--	24	16032	卖盘
11:03:27	6.68	--	41	27388	卖盘
11:03:22	6.68	--	15	10020	卖盘
11:03:16	6.68	--	389	259852	卖盘
11:03:12	6.68	-0.01	634	423512	卖盘
11:03:07	6.69	0.01	10	6690	买盘
11:03:01	6.68	-0.01	90	60120	卖盘
11:02:57	6.69	--	50	33450	买盘
11:02:52	6.69	--	79	52851	买盘
11:02:46	6.69	0.01	25	16725	买盘
11:02:42	6.68	-0.01	71	47428	卖盘
11:02:37	6.69	0.01	5	3345	买盘
11:02:31	6.68	-0.01	295	197060	卖盘
11:02:27	6.69	--	4	2676	卖盘
11:02:22	6.69	--	120	80280	卖盘
11:02:12	6.69	-0.01	450	301050	卖盘
11:02:07	6.7	0.01	25	16750	买盘
11:02:01	6.69	--	5	3345	卖盘
11:01:57	6.69	-0.01	250	167250	卖盘
11:01:42	6.7	--	371	248570	买盘
11:01:37	6.7	0.01	13	8710	买盘
11:01:31	6.69	--	93	62217	卖盘
11:01:27	6.69	--	112	74928	卖盘
11:01:22	6.69	-0.01	40	26760	卖盘
11:01:12	6.7	0.01	322	215740	买盘
11:01:07	6.69	-0.01	6	4014	卖盘
11:01:01	6.7	--	2	1340	买盘
11:00:57	6.7	--	236	158120	卖盘
11:00:52	6.7	--	57	38190	卖盘
11:00:46	6.7	--	6	4020	卖盘
11:00:42	6.7	--	32	21440	卖盘
11:00:37	6.7	--	180	120600	卖盘
11:00:27	6.7	--	80	53600	卖盘
11:00:22	6.7	--	50	33500	卖盘
11:00:11	6.7	--	200	134000	卖盘
11:00:07	6.7	--	28	18760	卖盘
11:00:01	6.7	--	265	177550	买盘
10:59:57	6.7	--	20	13400	买盘
10:59:52	6.7	--	2	1340	买盘
10:59:46	6.7	--	1049	702830	买盘
10:59:40	6.7	0.01	44	29480	买盘
10:59:37	6.69	--	214	143166	卖盘
10:59:31	6.69	-0.01	258	172602	卖盘
10:59:22	6.7	0.01	1	670	买盘
10:59:10	6.69	--	100	66900	卖盘
10:59:07	6.69	--	10	6690	卖盘
10:59:01	6.69	-0.01	73	48837	卖盘
10:58:52	6.7	--	5	3350	买盘
10:58:46	6.7	--	1	670	买盘
10:58:36	6.7	--	7	4690	买盘
10:58:31	6.7	--	704	471680	卖盘
10:58:25	6.7	--	148	99160	卖盘
10:58:21	6.7	0.01	20	13400	卖盘
10:58:16	6.69	-0.02	10	6690	卖盘
10:58:10	6.71	0.02	1535	1029985	买盘
10:58:06	6.69	--	20	13380	卖盘
10:58:01	6.69	-0.01	243	162567	卖盘
10:57:55	6.7	--	445	298150	买盘
10:57:51	6.7	--	230	154100	买盘
10:57:46	6.7	--	258	172860	买盘
10:57:40	6.7	--	5	3350	买盘
10:57:36	6.7	--	791	529970	卖盘
10:57:31	6.7	0.01	129	86430	买盘
10:57:25	6.69	-0.01	600	401400	卖盘
10:57:21	6.7	--	39	26130	买盘
10:57:16	6.7	--	60	40200	买盘
10:57:10	6.7	0.01	25	16750	买盘
10:57:06	6.69	-0.01	34	22746	卖盘
10:57:01	6.7	--	283	189610	卖盘
10:56:55	6.7	--	43	28810	卖盘
10:56:51	6.7	-0.01	1080	723600	卖盘
10:56:46	6.71	0.01	116	77836	买盘
10:56:40	6.7	--	10	6700	卖盘
10:56:36	6.7	-0.01	106	71020	卖盘
10:56:31	6.71	--	50	33550	买盘
10:56:21	6.71	--	29	19459	买盘
10:56:16	6.71	--	20	13420	买盘
10:56:06	6.71	--	5	3355	买盘
10:56:01	6.71	0.01	78	52338	买盘
10:55:55	6.7	-0.01	12	8040	卖盘
10:55:51	6.71	--	10	6710	买盘
10:55:46	6.71	--	14	9394	买盘
10:55:40	6.71	--	0	0	买盘
10:55:36	6.71	0.01	3286	2204906	买盘
10:55:31	6.7	-0.01	163	109210	卖盘
10:55:25	6.71	--	130	87230	买盘
10:55:21	6.71	0.01	37	24827	买盘
10:55:16	6.7	--	636	426120	卖盘
10:55:10	6.7	--	30	20100	卖盘
10:55:06	6.7	--	54	36180	卖盘
10:55:01	6.7	-0.01	145	97150	卖盘
10:54:55	6.71	0.01	46	30866	买盘
10:54:46	6.7	--	11	7370	卖盘
10:54:40	6.7	--	139	93130	买盘
10:54:36	6.7	--	282	188940	买盘
10:54:31	6.7	--	281	188270	买盘
10:54:25	6.7	--	60	40200	买盘
10:54:21	6.7	0.01	117	78390	买盘
10:54:16	6.69	-0.01	754	504426	卖盘
10:54:10	6.7	--	196	131320	买盘
10:54:06	6.7	--	181	121270	买盘
10:54:01	6.7	--	322	215740	买盘
10:53:55	6.7	0.01	678	454260	买盘
10:53:51	6.69	-0.01	45	30105	卖盘
10:53:46	6.7	0.01	23	15410	买盘
10:53:40	6.69	-0.01	15	10035	卖盘
10:53:34	6.7	--	30	20100	买盘
10:53:31	6.7	--	175	117250	买盘
10:53:25	6.7	--	68	45560	买盘
10:53:19	6.7	--	25	16750	买盘
10:53:16	6.7	--	211	141370	买盘
10:53:10	6.7	-0.01	2645	1772150	卖盘
10:53:04	6.71	-0.01	2565	1721115	卖盘
10:53:01	6.72	--	100	67200	买盘
10:52:55	6.72	-0.01	1677	1126944	卖盘
10:52:49	6.73	-0.01	1924	1294852	卖盘
10:52:40	6.74	0.01	14	9436	中性盘
10:52:34	6.73	-0.01	20	13460	卖盘
10:52:30	6.74	0.01	20	13480	买盘
10:52:25	6.73	-0.01	212	142676	卖盘
10:52:19	6.74	--	37	24938	买盘
10:52:15	6.74	--	317	213658	买盘
10:52:10	6.74	0.01	361	243314	买盘
10:52:00	6.73	--	72	48456	卖盘
10:51:45	6.73	-0.01	133	89509	卖盘
10:51:40	6.74	0.01	28	18872	买盘
10:51:34	6.73	--	50	33650	卖盘
10:51:30	6.73	-0.01	1	673	卖盘
10:51:25	6.74	0.01	333	224442	买盘
10:51:15	6.73	-0.01	77	51821	卖盘
10:51:10	6.74	--	6	4044	买盘
10:51:00	6.74	-0.01	78	52572	买盘
10:50:45	6.75	0.01	125	84375	买盘
10:50:40	6.74	--	4	2696	买盘
10:50:34	6.74	-0.01	13	8762	买盘
10:50:30	6.75	0.01	749	505575	买盘
10:50:25	6.74	-0.01	8	5392	卖盘
10:50:19	6.75	0.01	11	7425	买盘
10:50:15	6.74	--	172	115928	卖盘
10:50:10	6.74	-0.01	32	21568	卖盘
10:50:04	6.75	--	26	17550	买盘
10:50:00	6.75	--	12	8100	买盘
10:49:55	6.75	--	10	6750	买盘
10:49:45	6.75	--	60	40500	买盘
10:49:40	6.75	-0.01	1183	798525	卖盘
10:49:34	6.76	0.01	139	93964	买盘
10:49:30	6.75	--	99	66825	卖盘
10:49:25	6.75	-0.01	33	22275	卖盘
10:49:15	6.76	0.01	363	245388	买盘
10:49:10	6.75	-0.01	41	27675	卖盘
10:49:04	6.76	0.01	36	24336	买盘
10:49:00	6.75	--	23	15525	卖盘
10:48:55	6.75	-0.01	112	75600	卖盘
10:48:45	6.76	0.01	40	27040	买盘
10:48:40	6.75	--	58	39150	卖盘
10:48:34	6.75	--	61	41175	卖盘
10:48:25	6.75	-0.01	6	4050	卖盘
10:48:19	6.76	0.01	483	326508	买盘
10:48:15	6.75	-0.01	57	38475	卖盘
10:48:10	6.76	0.01	8	5408	买盘
10:48:04	6.75	--	20	13500	卖盘
10:48:00	6.75	--	223	150525	卖盘
10:47:55	6.75	--	28	18900	卖盘
10:47:49	6.75	0.01	23	15525	买盘
10:47:45	6.74	-0.01	79	53246	卖盘
10:47:40	6.75	0.01	1860	1255500	买盘
10:47:34	6.74	--	15	10110	卖盘
10:47:30	6.74	--	211	142214	卖盘
10:47:25	6.74	--	28	18872	卖盘
10:47:19	6.74	--	192	129408	卖盘
10:47:13	6.74	--	5	3370	卖盘
10:47:10	6.74	-0.01	123	82902	卖盘
10:47:04	6.75	0.01	545	367875	买盘
10:46:58	6.74	--	10	6740	卖盘
10:46:55	6.74	--	143	96382	卖盘
10:46:49	6.74	--	50	33700	卖盘
10:46:43	6.74	--	1	674	卖盘
10:46:40	6.74	-0.01	228	153672	卖盘
10:46:34	6.75	--	14	9450	买盘
10:46:28	6.75	0.01	5	3375	买盘
10:46:25	6.74	-0.01	48	32352	卖盘
10:46:13	6.75	--	2	1350	买盘
10:46:09	6.75	--	670	452250	卖盘
10:45:58	6.75	--	246	166050	卖盘
10:45:55	6.75	--	25	16875	卖盘
10:45:49	6.75	--	548	369900	卖盘
10:45:43	6.75	-0.01	5	3375	卖盘
10:45:39	6.76	--	20	13520	买盘
10:45:34	6.76	0.01	11	7436	买盘
10:45:28	6.75	--	530	357750	卖盘
10:45:24	6.75	-0.01	151	101925	卖盘
10:45:19	6.76	0.01	27	18252	买盘
10:45:13	6.75	-0.01	57	38475	卖盘
10:45:09	6.76	--	1	676	买盘
10:45:04	6.76	--	20	13520	买盘
10:44:58	6.76	0.01	169	114244	买盘
10:44:54	6.75	--	33	22275	卖盘
10:44:49	6.75	--	103	69525	卖盘
10:44:43	6.75	-0.01	17	11475	卖盘
10:44:39	6.76	--	7	4732	卖盘
10:44:34	6.76	0.01	587	396812	买盘
10:44:28	6.75	-0.01	200	135000	卖盘
10:44:24	6.76	--	159	107484	买盘
10:44:19	6.76	--	83	56108	买盘
10:44:09	6.76	0.01	6	4056	买盘
10:44:04	6.75	-0.01	159	107325	卖盘
10:43:58	6.76	0.01	294	198744	买盘
10:43:54	6.75	0.01	404	272700	买盘
10:43:49	6.74	-0.01	80	53920	卖盘
10:43:43	6.75	--	12	8100	买盘
10:43:39	6.75	--	25	16875	买盘
10:43:34	6.75	--	53	35775	买盘
10:43:28	6.75	0.01	88	59400	买盘
10:43:24	6.74	-0.01	60	40440	卖盘
10:43:19	6.75	--	8	5400	买盘
10:43:13	6.75	--	10	6750	买盘
10:43:09	6.75	--	8	5400	买盘
10:43:04	6.75	-0.01	47	31725	卖盘
10:42:58	6.76	--	21	14196	买盘
10:42:54	6.76	--	472	319072	买盘
10:42:49	6.76	--	100	67600	买盘
10:42:43	6.76	0.01	27	18252	买盘
10:42:39	6.75	-0.01	17	11475	卖盘
10:42:34	6.76	--	26	17576	买盘
10:42:28	6.76	0.01	34	22984	买盘
10:42:24	6.75	-0.01	267	180225	卖盘
10:42:19	6.76	0.01	268	181168	买盘
10:42:13	6.75	-0.01	80	54000	卖盘
10:42:09	6.76	--	240	162240	买盘
10:42:04	6.76	--	1138	769288	买盘
10:41:58	6.76	-0.01	404	273104	卖盘
10:41:54	6.77	--	123	83271	买盘
10:41:49	6.77	0.01	253	171281	买盘
10:41:43	6.76	--	15	10140	卖盘
10:41:39	6.76	--	201	135876	卖盘
10:41:34	6.76	0.01	341	230516	买盘
10:41:28	6.75	-0.01	11	7425	卖盘
10:41:24	6.76	0.01	1	676	买盘
10:41:19	6.75	--	1533	1034775	卖盘
10:41:13	6.75	--	21	14175	卖盘
10:41:09	6.75	-0.01	45	30375	卖盘
10:41:04	6.76	0.01	139	93964	买盘
10:40:58	6.75	--	243	164025	卖盘
10:40:49	6.75	--	631	425925	买盘
10:40:43	6.75	0.01	1456	982800	买盘
10:40:37	6.74	-0.01	232	156368	卖盘
10:40:34	6.75	0.02	435	293625	买盘
10:40:28	6.73	-0.01	223	150079	卖盘
10:40:22	6.74	--	25	16850	买盘
10:40:19	6.74	--	711	479214	买盘
10:40:13	6.74	0.01	164	110536	买盘
10:40:07	6.73	-0.01	39	26247	卖盘
10:40:03	6.74	0.01	309	208266	买盘
10:39:58	6.73	--	114	76722	卖盘
10:39:52	6.73	-0.01	20	13460	卖盘
10:39:48	6.74	0.01	2	1348	中性盘
10:39:43	6.73	-0.01	1310	881630	卖盘
10:39:33	6.74	--	231	155694	买盘
10:39:22	6.74	0.01	88	59312	买盘
10:39:18	6.73	-0.01	1726	1161598	卖盘
10:39:13	6.74	-0.01	821	553354	买盘
10:39:07	6.75	--	0	0	买盘
10:39:03	6.75	0.01	161	108675	买盘
10:38:58	6.74	-0.01	1128	760272	卖盘
10:38:52	6.75	0.01	114	76950	买盘
10:38:37	6.74	-0.01	105	70770	卖盘
10:38:33	6.75	--	116	78300	卖盘
10:38:28	6.75	--	378	255150	卖盘
10:38:22	6.75	--	20	13500	卖盘
10:38:18	6.75	--	206	139050	卖盘
10:38:13	6.75	--	467	315225	卖盘
10:38:07	6.75	--	805	543375	卖盘
10:38:03	6.75	--	276	186300	卖盘
10:37:58	6.75	--	444	299700	卖盘
10:37:52	6.75	--	49	33075	卖盘
10:37:48	6.75	--	164	110700	卖盘
10:37:43	6.75	0.01	1752	1182600	买盘
10:37:37	6.74	--	8	5392	卖盘
10:37:33	6.74	0.01	196	132104	买盘
10:37:28	6.73	-0.01	550	370150	中性盘
10:37:22	6.74	--	514	346436	买盘
10:37:18	6.74	--	497	334978	买盘
10:37:13	6.74	0.01	273	184002	买盘
10:37:03	6.73	0.01	224	150752	买盘
10:36:58	6.72	0.01	338	227136	买盘
10:36:52	6.71	-0.02	581	389851	卖盘
10:36:48	6.73	0.01	110	74030	中性盘
10:36:43	6.72	--	103	69216	卖盘
10:36:37	6.72	-0.01	432	290304	中性盘
10:36:33	6.73	--	565	380245	卖盘
10:36:28	6.73	0.02	96	64608	买盘
10:36:22	6.71	-0.01	10	6710	卖盘
10:36:18	6.72	0.01	220	147840	买盘
10:36:13	6.71	--	6	4026	卖盘
10:36:07	6.71	--	10	6710	卖盘
10:36:03	6.71	--	262	175802	买盘
10:35:58	6.71	--	887	595177	卖盘
10:35:52	6.71	--	65	43615	卖盘
10:35:48	6.71	--	194	130174	卖盘
10:35:43	6.71	0.01	588	394548	买盘
10:35:37	6.7	-0.01	20	13400	卖盘
10:35:33	6.71	0.01	232	155672	买盘
10:35:28	6.7	--	219	146730	卖盘
10:35:22	6.7	--	132	88440	卖盘
10:35:18	6.7	-0.01	381	255270	卖盘
10:35:13	6.71	0.01	565	379115	买盘
10:35:07	6.7	--	254	170180	卖盘
10:35:03	6.7	--	843	564810	卖盘
10:34:58	6.7	--	572	383240	卖盘
10:34:52	6.7	--	84	56280	卖盘
10:34:48	6.7	--	319	213730	卖盘
10:34:43	6.7	-0.01	526	352420	卖盘
10:34:37	6.71	--	223	149633	买盘
10:34:31	6.71	0.01	284	190564	买盘
10:34:28	6.7	-0.01	424	284080	卖盘
10:34:22	6.71	-0.01	613	411323	卖盘
10:34:16	6.72	0.01	215	144480	买盘
10:34:13	6.71	--	476	319396	卖盘
10:34:07	6.71	--	645	432795	卖盘
10:34:01	6.71	--	205	137555	卖盘
10:33:57	6.71	--	561	376431	卖盘
10:33:52	6.71	-0.01	40	26840	卖盘
10:33:46	6.72	--	165	110880	买盘
10:33:42	6.72	--	1753	1178016	卖盘
10:33:37	6.72	--	309	207648	卖盘
10:33:31	6.72	-0.01	399	268128	卖盘
10:33:27	6.73	0.01	19	12787	买盘
10:33:22	6.72	-0.01	173	116256	卖盘
10:33:12	6.73	-0.01	277	186421	卖盘
10:33:07	6.74	--	4616	3111244	卖盘
10:33:01	6.74	--	156	105144	卖盘
10:32:57	6.74	--	30	20220	卖盘
10:32:52	6.74	--	577	388898	卖盘
10:32:46	6.74	--	30	20220	卖盘
10:32:42	6.74	-0.01	1248	841165	卖盘
10:32:37	6.75	--	1236	834300	卖盘
10:32:31	6.75	--	100	67500	卖盘
10:32:27	6.75	--	677	456975	卖盘
10:32:22	6.75	-0.01	146	98550	卖盘
10:32:16	6.76	0.01	100	67600	买盘
10:32:12	6.75	--	212	143100	卖盘
10:32:07	6.75	-0.01	378	255150	卖盘
10:32:01	6.76	--	14	9464	买盘
10:31:57	6.76	--	46	31096	买盘
10:31:52	6.76	--	262	177112	卖盘
10:31:46	6.76	--	251	169676	卖盘
10:31:42	6.76	--	58	39208	卖盘
10:31:37	6.76	--	101	68276	卖盘
10:31:31	6.76	--	500	338000	卖盘
10:31:27	6.76	--	31	20956	卖盘
10:31:22	6.76	-0.01	36	24336	卖盘
10:31:16	6.77	--	95	64314	买盘
10:31:12	6.77	--	282	190914	买盘
10:31:07	6.77	0.01	151	102227	买盘
10:31:01	6.76	--	106	71656	卖盘
10:30:57	6.76	--	131	88556	卖盘
10:30:52	6.76	-0.01	25	16900	卖盘
10:30:42	6.77	--	332	224764	买盘
10:30:37	6.77	0.01	35	23695	买盘
10:30:27	6.76	-0.01	52	35152	卖盘
10:30:22	6.77	--	312	211224	卖盘
10:30:16	6.77	--	88	59575	卖盘
10:30:12	6.77	--	169	114413	卖盘
10:30:07	6.77	--	242	163834	卖盘
10:30:01	6.77	--	605	409585	卖盘
10:29:57	6.77	--	40	27080	卖盘
10:29:52	6.77	--	23	15570	卖盘
10:29:46	6.77	--	309	209193	卖盘
10:29:42	6.77	-0.01	621	420417	卖盘
10:29:37	6.78	0.01	262	177636	买盘
10:29:31	6.77	--	30	20310	卖盘
10:29:27	6.77	--	227	153679	卖盘
10:29:22	6.77	--	106	71762	卖盘
10:29:16	6.77	--	18	12186	卖盘
10:29:12	6.77	--	15	10155	卖盘
10:29:07	6.77	--	205	138785	买盘
10:28:57	6.77	--	14	9478	买盘
10:28:52	6.77	--	45	30464	买盘
10:28:46	6.77	--	14	9478	买盘
10:28:42	6.77	-0.01	651	440727	中性盘
10:28:37	6.78	0.01	1387	940386	买盘
10:28:31	6.77	--	17	11509	卖盘
10:28:27	6.77	--	37	25049	卖盘
10:28:21	6.77	--	89	60252	卖盘
10:28:16	6.77	--	59	39943	买盘
10:28:10	6.77	--	67	45359	卖盘
10:28:07	6.77	-0.01	56	37912	中性盘
10:28:01	6.78	0.01	100	67800	买盘
10:27:55	6.77	--	301	203777	卖盘
10:27:52	6.77	-0.01	292	197684	卖盘
10:27:46	6.78	0.01	126	85428	买盘
10:27:40	6.77	--	68	46036	卖盘
10:27:36	6.77	--	11	7446	卖盘
10:27:31	6.77	--	293	198361	买盘
10:27:21	6.77	--	68	46036	买盘
10:27:16	6.77	--	99	67023	买盘
10:27:06	6.77	-0.01	315	213255	卖盘
10:27:01	6.78	0.01	176	119328	买盘
10:26:55	6.77	--	165	111705	卖盘
10:26:51	6.77	--	74	50098	卖盘
10:26:46	6.77	--	547	370319	买盘
10:26:40	6.77	0.01	32	21664	买盘
10:26:36	6.76	--	998	674648	卖盘
10:26:31	6.76	-0.01	110	74360	卖盘
10:26:25	6.77	--	867	586959	买盘
10:26:21	6.77	0.01	2	1354	买盘
10:26:16	6.76	--	76	51376	卖盘
10:26:10	6.76	--	105	70980	卖盘
10:26:06	6.76	--	40	27040	卖盘
10:26:01	6.76	--	85	57460	卖盘
10:25:55	6.76	-0.01	1	676	卖盘
10:25:51	6.77	0.01	318	215286	买盘
10:25:46	6.76	--	334	225784	买盘
10:25:40	6.76	0.01	32	21632	买盘
10:25:36	6.75	--	129	87075	卖盘
10:25:31	6.75	-0.01	717	483975	卖盘
10:25:25	6.76	0.01	43	29068	买盘
10:25:21	6.75	--	142	95850	卖盘
10:25:16	6.75	--	80	54000	卖盘
10:25:10	6.75	-0.01	1	675	卖盘
10:25:06	6.76	--	131	88556	买盘
10:25:01	6.76	--	113	76388	卖盘
10:24:55	6.76	--	125	84500	卖盘
10:24:51	6.76	0.01	110	74360	买盘
10:24:46	6.75	-0.01	10	6750	卖盘
10:24:36	6.76	0.01	51	34476	买盘
10:24:31	6.75	-0.01	1160	783000	卖盘
10:24:25	6.76	--	264	179065	买盘
10:24:21	6.76	--	88	59488	买盘
10:24:16	6.76	--	883	596908	买盘
10:24:10	6.76	--	21	14196	买盘
10:24:06	6.76	0.01	166	112216	买盘
10:24:01	6.75	-0.01	36	24300	卖盘
10:23:51	6.76	0.01	7	4732	买盘
10:23:46	6.75	0.01	145	97875	买盘
10:23:40	6.74	-0.01	7	4718	卖盘
10:23:36	6.75	--	159	107325	买盘
10:23:31	6.75	-0.01	39	26325	卖盘
10:23:25	6.76	0.01	1380	932880	买盘
10:23:21	6.75	-0.01	81	54675	卖盘
10:23:16	6.76	0.01	185	125060	买盘
10:23:10	6.75	--	141	95175	卖盘
10:23:06	6.75	--	1030	695250	买盘
10:23:01	6.75	--	288	194400	买盘
10:22:55	6.75	--	222	149850	卖盘
10:22:51	6.75	--	1153	778275	卖盘
10:22:46	6.75	-0.01	247	166725	卖盘
10:22:40	6.76	--	321	216996	买盘
10:22:36	6.76	0.01	1751	1183676	买盘
10:22:31	6.75	--	1530	1032750	卖盘
10:22:25	6.75	-0.01	86	58050	卖盘
10:22:16	6.76	--	32	21632	买盘
10:22:10	6.76	0.01	221	149396	买盘
10:22:04	6.75	--	550	371250	卖盘
10:22:00	6.75	-0.01	544	367200	卖盘
10:21:55	6.76	--	284	191984	卖盘
10:21:49	6.76	--	201	135876	卖盘
10:21:45	6.76	--	323	218348	买盘
10:21:40	6.76	0.01	800	540800	买盘
10:21:34	6.75	-0.01	231	155925	卖盘
10:21:30	6.76	--	300	202800	买盘
10:21:25	6.76	--	163	110188	买盘
10:21:19	6.76	--	154	104104	买盘
10:21:15	6.76	--	754	509704	买盘
10:21:10	6.76	--	88	59488	买盘
10:21:04	6.76	0.01	286	193336	买盘
10:21:00	6.75	-0.01	358	241650	卖盘
10:20:55	6.76	0.01	150	101400	买盘
10:20:49	6.75	-0.02	55	37125	卖盘
10:20:45	6.77	0.02	409	276893	买盘
10:20:40	6.75	-0.01	24	16200	卖盘
10:20:34	6.76	--	209	141284	买盘
10:20:30	6.76	--	1061	717236	卖盘
10:20:25	6.76	-0.01	1252	846352	卖盘
10:20:19	6.77	--	238	161126	买盘
10:20:15	6.77	--	7	4739	买盘
10:20:10	6.77	--	655	443435	买盘
10:20:04	6.77	--	12	8123	买盘
10:20:00	6.77	--	357	241688	买盘
10:19:55	6.77	--	381	257936	买盘
10:19:49	6.77	--	136	92072	买盘
10:19:45	6.77	-0.01	198	134709	卖盘
10:19:40	6.78	--	158	107124	买盘
10:19:34	6.78	0.01	128	86784	买盘
10:19:30	6.77	--	438	296526	卖盘
10:19:25	6.77	0.01	1769	1197626	买盘
10:19:19	6.76	-0.01	333	225108	卖盘
10:19:15	6.77	--	751	508426	买盘
10:19:10	6.77	--	445	301265	买盘
10:19:04	6.77	--	63	42651	买盘
10:19:00	6.77	0.01	278	188206	买盘
10:18:55	6.76	--	716	484016	买盘
10:18:49	6.76	--	12	8112	买盘
10:18:45	6.76	0.01	223	150748	买盘
10:18:40	6.75	--	147	99225	买盘
10:18:34	6.75	--	2294	1548450	买盘
10:18:30	6.75	0.01	1958	1321650	买盘
10:18:25	6.74	--	255	171870	卖盘
10:18:19	6.74	0.01	1639	1104686	买盘
10:18:15	6.73	0.01	264	177672	买盘
10:18:10	6.72	-0.01	1	672	卖盘
10:18:04	6.73	-0.01	6	4038	卖盘
10:18:00	6.74	0.01	262	176588	买盘
10:17:55	6.73	--	677	455621	买盘
10:17:49	6.73	--	45	30285	买盘
10:17:45	6.73	0.01	174	117102	买盘
10:17:40	6.72	-0.01	1005	675360	卖盘
10:17:34	6.73	--	199	133927	卖盘
10:17:30	6.73	--	193	129889	卖盘
10:17:25	6.73	--	209	140657	卖盘
10:17:19	6.73	--	24	16152	卖盘
10:17:15	6.73	--	504	339192	卖盘
10:17:10	6.73	--	10	6730	卖盘
10:17:04	6.73	--	94	63262	卖盘
10:17:00	6.73	-0.01	187	125851	卖盘
10:16:55	6.74	0.01	499	336326	买盘
10:16:49	6.73	-0.01	110	74030	买盘
10:16:45	6.74	0.02	980	660520	买盘
10:16:40	6.72	-0.02	289	194208	卖盘
10:16:34	6.74	0.01	10	6740	买盘
10:16:30	6.73	--	744	500712	买盘
10:16:25	6.73	--	30	20190	买盘
10:16:15	6.73	0.01	7	4711	买盘
10:16:10	6.72	-0.01	104	69888	卖盘
10:16:04	6.73	--	221	148733	买盘
10:16:00	6.73	--	122	82106	买盘
10:15:55	6.73	0.01	511	343903	买盘
10:15:49	6.72	-0.01	230	154560	卖盘
10:15:45	6.73	--	16	10768	买盘
10:15:39	6.73	--	90	60570	买盘
10:15:34	6.73	--	116	78068	买盘
10:15:24	6.73	--	269	181037	买盘
10:15:19	6.73	--	346	232858	卖盘
10:15:13	6.73	--	39	26247	卖盘
10:15:09	6.73	-0.01	349	234877	卖盘
10:15:04	6.74	0.01	173	116602	买盘
10:14:58	6.73	-0.01	104	69992	卖盘
10:14:54	6.74	0.01	108	72792	买盘
10:14:49	6.73	-0.01	635	427355	卖盘
10:14:43	6.74	--	2	1348	买盘
10:14:39	6.74	--	297	200178	买盘
10:14:34	6.74	0.01	94	63356	买盘
10:14:28	6.73	--	444	298812	卖盘
10:14:24	6.73	-0.01	385	259105	卖盘
10:14:19	6.74	--	89	59986	买盘
10:14:13	6.74	0.01	42	28308	买盘
10:14:09	6.73	-0.01	176	118448	卖盘
10:14:04	6.74	0.01	186	125364	买盘
10:13:54	6.73	--	671	451583	卖盘
10:13:49	6.73	--	670	450910	卖盘
10:13:39	6.73	-0.01	75	50475	卖盘
10:13:34	6.74	0.01	397	267578	买盘
10:13:28	6.73	--	137	92201	卖盘
10:13:24	6.73	--	110	74030	卖盘
10:13:19	6.73	--	290	195170	卖盘
10:13:13	6.73	0.01	504	339192	买盘
10:13:09	6.72	--	73	49056	卖盘
10:13:04	6.72	-0.01	633	425376	卖盘
10:12:58	6.73	0.01	164	110372	买盘
10:12:54	6.72	--	544	365568	卖盘
10:12:49	6.72	--	585	393120	卖盘
10:12:43	6.72	--	50	33600	卖盘
10:12:39	6.72	-0.01	10	6720	卖盘
10:12:34	6.73	0.01	387	260451	买盘
10:12:28	6.72	-0.01	674	452928	卖盘
10:12:24	6.73	--	10	6730	买盘
10:12:19	6.73	--	102	68646	买盘
10:12:13	6.73	0.01	21	14133	买盘
10:12:09	6.72	-0.01	472	317184	卖盘
10:12:04	6.73	--	72	48456	买盘
10:11:54	6.73	0.01	319	214687	买盘
10:11:49	6.72	-0.01	220	147840	卖盘
10:11:43	6.73	0.01	32	21536	买盘
10:11:39	6.72	-0.01	502	337344	卖盘
10:11:34	6.73	--	189	127197	买盘
10:11:28	6.73	--	7	4711	买盘
10:11:24	6.73	0.01	519	349287	买盘
10:11:19	6.72	--	1	672	卖盘
10:11:13	6.72	-0.01	23	15456	卖盘
10:11:09	6.73	0.01	103	69319	买盘
10:11:04	6.72	0.01	1606	1079232	买盘
10:10:58	6.71	--	200	134200	卖盘
10:10:54	6.71	--	21	14091	卖盘
10:10:49	6.71	-0.01	55	36905	卖盘
10:10:43	6.72	0.01	6	4032	买盘
10:10:39	6.71	-0.01	11	7381	卖盘
10:10:34	6.72	0.01	65	43680	买盘
10:10:28	6.71	-0.01	1	671	卖盘
10:10:24	6.72	--	29	19488	买盘
10:10:18	6.72	0.01	199	133728	买盘
10:10:13	6.71	-0.01	11	7381	卖盘
10:10:09	6.72	--	21	14112	买盘
10:10:04	6.72	--	615	413280	买盘
10:09:58	6.72	0.01	1055	708960	买盘
10:09:54	6.71	-0.01	34	22814	卖盘
10:09:49	6.72	0.01	250	168000	买盘
10:09:43	6.71	--	130	87230	卖盘
10:09:38	6.71	-0.01	16	10736	卖盘
10:09:34	6.72	--	7	4704	买盘
10:09:28	6.72	--	1813	1218336	买盘
10:09:24	6.72	--	233	156576	卖盘
10:09:19	6.72	--	1038	697536	卖盘
10:09:13	6.72	--	384	258048	卖盘
10:09:07	6.72	-0.01	9	6048	卖盘
10:09:04	6.73	0.01	66	44418	买盘
10:08:58	6.72	-0.01	211	141792	卖盘
10:08:52	6.73	0.01	72	48456	买盘
10:08:48	6.72	-0.01	181	121632	卖盘
10:08:43	6.73	--	155	104315	买盘
10:08:37	6.73	0.01	2	1346	买盘
10:08:33	6.72	-0.01	457	307104	卖盘
10:08:28	6.73	--	342	230166	买盘
10:08:22	6.73	0.01	3	2019	买盘
10:08:18	6.72	-0.02	365	245280	卖盘
10:08:13	6.74	0.01	741	499434	买盘
10:08:07	6.73	--	86	57878	卖盘
10:08:03	6.73	-0.01	641	431393	卖盘
10:07:58	6.74	--	925	623450	买盘
10:07:52	6.74	--	95	64030	买盘
10:07:48	6.74	-0.01	284	191416	买盘
10:07:43	6.75	0.02	220	148500	买盘
10:07:37	6.73	-0.01	840	565320	卖盘
10:07:33	6.74	--	116	78184	卖盘
10:07:28	6.74	--	599	403726	卖盘
10:07:22	6.74	0.01	1614	1087836	买盘
10:07:18	6.73	0.01	273	183735	买盘
10:07:13	6.72	-0.01	729	489888	卖盘
10:07:07	6.73	--	73	49129	买盘
10:07:03	6.73	0.01	311	209303	买盘
10:06:58	6.72	-0.01	7	4704	卖盘
10:06:48	6.73	0.01	158	106334	买盘
10:06:43	6.72	--	410	275520	买盘
10:06:37	6.72	--	60	40320	买盘
10:06:33	6.72	--	238	159936	买盘
10:06:28	6.72	--	1537	1032864	买盘
10:06:22	6.72	--	33	22176	买盘
10:06:18	6.72	--	833	559776	买盘
10:06:13	6.72	--	630	423360	买盘
10:06:07	6.72	--	692	465024	买盘
10:06:03	6.72	0.01	610	409920	买盘
10:05:58	6.71	-0.01	494	331474	卖盘
10:05:52	6.72	0.01	33	22176	买盘
10:05:48	6.71	0.01	2996	2010316	买盘
10:05:43	6.7	--	1521	1019070	卖盘
10:05:37	6.7	-0.01	7	4690	卖盘
10:05:33	6.71	--	984	660264	买盘
10:05:28	6.71	0.01	429	287859	买盘
10:05:22	6.7	--	89	59630	卖盘
10:05:18	6.7	-0.01	88	58960	卖盘
10:05:13	6.71	0.01	1031	691801	买盘
10:05:07	6.7	--	1289	863630	买盘
10:05:03	6.7	0.01	558	373860	买盘
10:04:58	6.69	-0.01	8	5352	卖盘
10:04:52	6.7	--	134	89780	买盘
10:04:48	6.7	0.01	353	236510	买盘
10:04:43	6.69	--	87	58203	卖盘
10:04:37	6.69	-0.01	400	267600	卖盘
10:04:33	6.7	0.01	15	10050	买盘
10:04:28	6.69	--	386	258234	买盘
10:04:22	6.69	--	311	208059	买盘
10:04:18	6.69	--	1726	1154694	买盘
10:04:13	6.69	0.01	162	108378	买盘
10:04:03	6.68	--	51	34068	卖盘
10:03:57	6.68	--	54	36072	卖盘
10:03:52	6.68	--	346	231729	买盘
10:03:48	6.68	0.01	231	154308	买盘
10:03:43	6.67	-0.01	1206	804402	卖盘
10:03:37	6.68	--	1000	668000	买盘
10:03:33	6.68	--	15	10020	买盘
10:03:27	6.68	0.01	78	52104	买盘
10:03:22	6.67	-0.01	23	15341	卖盘
10:03:18	6.68	0.01	762	509016	买盘
10:03:13	6.67	--	264	176088	卖盘
10:03:07	6.67	-0.01	24	16008	卖盘
10:03:03	6.68	0.01	80	53440	买盘
10:02:58	6.67	--	249	166083	卖盘
10:02:52	6.67	--	225	150075	买盘
10:02:46	6.67	--	50	33350	买盘
10:02:42	6.67	0.01	107	71369	买盘
10:02:37	6.66	-0.02	36	23976	卖盘
10:02:31	6.68	0.01	211	140948	买盘
10:02:27	6.67	--	84	56028	卖盘
10:02:22	6.67	0.01	915	610305	买盘
10:02:16	6.66	-0.01	8	5328	卖盘
10:02:12	6.67	--	76	50692	买盘
10:02:07	6.67	0.01	6	4002	买盘
10:01:57	6.66	-0.01	944	628704	卖盘
10:01:52	6.67	0.01	56	37352	买盘
10:01:42	6.66	--	29	19314	卖盘
10:01:37	6.66	-0.01	42	27972	卖盘
10:01:31	6.67	--	3	2001	买盘
10:01:27	6.67	0.01	139	92713	买盘
10:01:22	6.66	--	146	97236	卖盘
10:01:16	6.66	--	66	43956	卖盘
10:01:12	6.66	--	109	72594	卖盘
10:01:07	6.66	0.01	2469	1644354	买盘
10:01:01	6.65	0.01	166	110390	买盘
10:00:57	6.64	-0.01	59	39176	卖盘
10:00:52	6.65	--	333	221445	买盘
10:00:46	6.65	--	50	33250	买盘
10:00:42	6.65	--	316	210140	卖盘
10:00:37	6.65	-0.01	1162	772730	卖盘
10:00:31	6.66	--	10	6660	买盘
10:00:27	6.66	--	650	432900	买盘
10:00:22	6.66	--	826	550116	卖盘
10:00:16	6.66	-0.01	430	286380	卖盘
10:00:12	6.67	0.01	325	216775	买盘
10:00:07	6.66	--	152	101232	卖盘
10:00:01	6.66	-0.01	30	19980	卖盘
09:59:57	6.67	--	151	100717	买盘
09:59:46	6.67	0.01	10	6670	买盘
09:59:42	6.66	-0.01	242	161172	卖盘
09:59:37	6.67	--	44	29348	买盘
09:59:31	6.67	--	12	8004	买盘
09:59:27	6.67	--	175	116725	买盘
09:59:22	6.67	--	15	10005	买盘
09:59:16	6.67	--	105	70035	买盘
09:59:12	6.67	--	356	237452	卖盘
09:59:07	6.67	--	130	86710	买盘
09:59:01	6.67	--	227	151409	卖盘
09:58:57	6.67	--	375	250125	买盘
09:58:46	6.67	--	50	33350	买盘
09:58:42	6.67	--	458	305486	卖盘
09:58:37	6.67	--	118	78706	卖盘
09:58:31	6.67	--	110	73370	卖盘
09:58:27	6.67	--	214	142738	卖盘
09:58:22	6.67	--	115	76705	卖盘
09:58:16	6.67	--	41	27347	卖盘
09:58:12	6.67	0.01	1941	1294647	买盘
09:58:07	6.66	-0.01	70	46620	卖盘
09:58:01	6.67	--	371	247457	买盘
09:57:57	6.67	0.01	7	4669	买盘
09:57:52	6.66	--	95	63270	卖盘
09:57:46	6.66	-0.01	124	82584	卖盘
09:57:42	6.67	0.01	41	27347	买盘
09:57:37	6.66	--	138	91908	卖盘
09:57:31	6.66	--	30	19980	卖盘
09:57:27	6.66	--	369	245800	买盘
09:57:22	6.66	0.01	93	61938	买盘
09:57:16	6.65	-0.01	2	1330	卖盘
09:57:12	6.66	--	95	63270	买盘
09:57:06	6.66	--	52	35251	卖盘
09:57:01	6.66	--	123	81964	买盘
09:56:57	6.66	--	71	47286	买盘
09:56:51	6.66	--	131	87246	买盘
09:56:46	6.66	--	57	37962	买盘
09:56:42	6.66	0.02	50	33300	买盘
09:56:37	6.64	--	115	76360	卖盘
09:56:31	6.64	-0.01	3976	2640064	卖盘
09:56:27	6.65	0.01	14	9310	买盘
09:56:22	6.64	--	270	179280	卖盘
09:56:16	6.64	--	110	73040	卖盘
09:56:10	6.64	-0.01	1	664	卖盘
09:56:07	6.65	0.01	37	24605	买盘
09:56:01	6.64	--	191	126824	卖盘
09:55:55	6.64	-0.01	116	77024	卖盘
09:55:51	6.65	--	21	13965	买盘
09:55:46	6.65	0.01	205	136331	买盘
09:55:40	6.64	--	28	18592	卖盘
09:55:36	6.64	--	25	16600	卖盘
09:55:31	6.64	-0.01	84	55776	卖盘
09:55:25	6.65	0.01	131	87115	买盘
09:55:21	6.64	--	18	11952	卖盘
09:55:16	6.64	--	62	41168	卖盘
09:55:10	6.64	0.01	1298	861872	买盘
09:55:06	6.63	--	44	29172	卖盘
09:55:01	6.63	-0.01	20	13260	卖盘
09:54:55	6.64	--	218	144752	卖盘
09:54:51	6.64	--	190	126160	卖盘
09:54:46	6.64	--	318	211152	卖盘
09:54:36	6.64	--	958	636112	买盘
09:54:31	6.64	0.01	313	207832	买盘
09:54:25	6.63	-0.01	38	25194	卖盘
09:54:21	6.64	--	224	148736	买盘
09:54:16	6.64	--	81	53784	买盘
09:54:10	6.64	--	2	1328	买盘
09:54:06	6.64	--	509	337976	买盘
09:54:01	6.64	--	116	77024	买盘
09:53:55	6.64	-0.01	324	215136	卖盘
09:53:51	6.65	0.01	487	323855	买盘
09:53:46	6.64	-0.01	933	619512	卖盘
09:53:40	6.65	0.01	39	25935	买盘
09:53:36	6.64	--	174	115536	卖盘
09:53:31	6.64	--	64	42496	卖盘
09:53:25	6.64	--	298	197872	卖盘
09:53:21	6.64	--	134	88976	卖盘
09:53:16	6.64	--	170	112880	卖盘
09:53:10	6.64	--	1	664	卖盘
09:53:06	6.64	--	60	39840	卖盘
09:53:01	6.64	--	199	132136	卖盘
09:52:55	6.64	0.01	175	116200	买盘
09:52:51	6.63	--	10	6630	卖盘
09:52:46	6.63	--	1505	997815	卖盘
09:52:40	6.63	0.01	883	585429	买盘
09:52:36	6.62	--	6	3972	卖盘
09:52:31	6.62	-0.01	125	82750	卖盘
09:52:25	6.63	0.01	63	41769	买盘
09:52:21	6.62	--	1030	681860	卖盘
09:52:16	6.62	-0.01	52	34424	卖盘
09:52:06	6.63	--	75	49725	买盘
09:52:01	6.63	--	252	167076	买盘
09:51:55	6.63	--	80	53040	买盘
09:51:51	6.63	--	140	92820	买盘
09:51:46	6.63	-0.01	22	14586	买盘
09:51:40	6.64	--	0	0	买盘
09:51:36	6.64	0.01	135	89640	买盘
09:51:31	6.63	--	78	51714	卖盘
09:51:25	6.63	-0.01	962	637806	卖盘
09:51:21	6.64	--	436	289504	买盘
09:51:16	6.64	--	355	235720	买盘
09:51:10	6.64	0.01	368	244352	买盘
09:51:06	6.63	-0.01	236	156468	卖盘
09:51:01	6.64	0.01	12	7968	买盘
09:50:55	6.63	--	207	137241	卖盘
09:50:51	6.63	-0.01	28	18564	卖盘
09:50:46	6.64	0.01	60	39840	买盘
09:50:40	6.63	-0.01	10	6630	卖盘
09:50:36	6.64	0.01	157	104248	买盘
09:50:30	6.63	-0.01	502	332826	卖盘
09:50:25	6.64	0.01	5	3320	买盘
09:50:21	6.63	--	98	64974	卖盘
09:50:15	6.63	--	129	85527	卖盘
09:50:06	6.63	--	62	41106	卖盘
09:50:01	6.63	-0.01	110	72930	卖盘
09:49:55	6.64	--	50	33200	买盘
09:49:51	6.64	--	58	38512	买盘
09:49:46	6.64	0.01	34	22576	买盘
09:49:40	6.63	-0.01	10	6630	卖盘
09:49:34	6.64	--	64	42496	买盘
09:49:30	6.64	--	307	203848	买盘
09:49:25	6.64	0.01	41	27224	买盘
09:49:19	6.63	-0.01	9	5967	卖盘
09:49:10	6.64	--	119	79016	买盘
09:49:04	6.64	--	5	3320	买盘
09:49:01	6.64	--	266	176624	买盘
09:48:45	6.64	--	275	182600	买盘
09:48:40	6.64	--	91	60424	买盘
09:48:34	6.64	0.01	81	53784	买盘
09:48:30	6.63	-0.02	230	152490	卖盘
09:48:25	6.65	0.01	143	95095	买盘
09:48:15	6.64	0.01	244	162016	买盘
09:48:10	6.63	--	111	73593	卖盘
09:48:04	6.63	-0.01	283	187629	卖盘
09:48:00	6.64	0.01	507	336648	买盘
09:47:55	6.63	--	333	220779	卖盘
09:47:49	6.63	--	264	175032	卖盘
09:47:45	6.63	--	173	114699	卖盘
09:47:40	6.63	-0.01	51	33813	卖盘
09:47:34	6.64	0.01	48	31872	买盘
09:47:30	6.63	-0.01	10	6630	卖盘
09:47:25	6.64	0.01	98	65072	买盘
09:47:19	6.63	--	14	9282	卖盘
09:47:15	6.63	--	73	48399	卖盘
09:47:10	6.63	-0.01	111	73593	卖盘
09:47:04	6.64	0.01	5	3320	买盘
09:47:00	6.63	-0.01	30	19890	卖盘
09:46:55	6.64	--	139	92296	买盘
09:46:49	6.64	--	50	33200	买盘
09:46:45	6.64	0.01	623	413672	买盘
09:46:40	6.63	-0.01	118	78234	卖盘
09:46:34	6.64	--	6	3984	买盘
09:46:30	6.64	--	711	472104	买盘
09:46:25	6.64	0.01	125	83000	买盘
09:46:15	6.63	-0.01	343	227409	卖盘
09:46:10	6.64	--	85	56440	买盘
09:46:04	6.64	--	131	86984	买盘
09:46:00	6.64	--	210	139440	买盘
09:45:55	6.64	--	28	18592	买盘
09:45:49	6.64	--	123	81672	买盘
09:45:45	6.64	0.01	93	61752	买盘
09:45:40	6.63	-0.01	134	88842	卖盘
09:45:34	6.64	--	14	9296	买盘
09:45:30	6.64	--	37	24568	买盘
09:45:25	6.64	--	169	112216	买盘
09:45:19	6.64	-0.01	766	508624	卖盘
09:45:15	6.65	0.01	707	470155	买盘
09:45:10	6.64	--	236	156704	卖盘
09:45:04	6.64	--	1021	677944	卖盘
09:44:55	6.64	-0.01	169	112216	卖盘
09:44:49	6.65	0.01	74	49210	买盘
09:44:45	6.64	-0.01	118	78352	卖盘
09:44:40	6.65	--	1092	726180	买盘
09:44:34	6.65	0.01	225	149625	买盘
09:44:30	6.64	-0.01	260	172640	卖盘
09:44:25	6.65	--	2	1330	买盘
09:44:19	6.65	0.01	20	13300	买盘
09:44:15	6.64	--	261	173304	卖盘
09:44:10	6.64	-0.01	19	12616	卖盘
09:44:04	6.65	--	6	3990	买盘
09:44:00	6.65	-0.01	2646	1759590	卖盘
09:43:54	6.66	--	218	145188	买盘
09:43:49	6.66	--	34	22644	买盘
09:43:45	6.66	--	221	147186	买盘
09:43:39	6.66	--	5	3330	买盘
09:43:34	6.66	--	59	39294	买盘
09:43:30	6.66	--	24	15984	买盘
09:43:24	6.66	0.01	79	52614	买盘
09:43:19	6.65	-0.01	128	85120	卖盘
09:43:15	6.66	--	200	133200	买盘
09:43:09	6.66	0.01	79	52614	买盘
09:43:04	6.65	-0.01	253	168245	卖盘
09:42:58	6.66	0.01	17	11322	买盘
09:42:54	6.65	-0.01	225	149625	卖盘
09:42:49	6.66	--	39	25974	买盘
09:42:39	6.66	--	27	17982	买盘
09:42:34	6.66	--	62	41292	买盘
09:42:24	6.66	0.01	126	83916	买盘
09:42:19	6.65	--	10	6650	卖盘
09:42:13	6.65	--	447	297255	买盘
09:42:09	6.65	0.01	59	39235	买盘
09:42:04	6.64	--	52	34528	卖盘
09:41:58	6.64	-0.01	78	51792	卖盘
09:41:54	6.65	--	490	325850	买盘
09:41:49	6.65	--	416	276640	买盘
09:41:43	6.65	--	8	5320	买盘
09:41:39	6.65	--	94	62510	买盘
09:41:34	6.65	--	170	113050	买盘
09:41:28	6.65	--	22	14630	买盘
09:41:24	6.65	--	438	291270	买盘
09:41:19	6.65	-0.01	1307	869155	卖盘
09:41:13	6.66	--	149	99234	买盘
09:41:09	6.66	--	203	135198	买盘
09:41:04	6.66	-0.01	561	373626	买盘
09:40:58	6.67	0.01	114	76038	买盘
09:40:54	6.66	--	370	246420	卖盘
09:40:49	6.66	--	140	93240	卖盘
09:40:43	6.66	-0.01	10	6660	卖盘
09:40:39	6.67	0.01	47	31349	买盘
09:40:34	6.66	--	35	23310	买盘
09:40:24	6.66	-0.01	78	51948	中性盘
09:40:19	6.67	0.02	58	38686	买盘
09:40:09	6.65	-0.02	87	57855	卖盘
09:40:04	6.67	0.02	2042	1362014	买盘
09:39:58	6.65	--	85	56525	买盘
09:39:54	6.65	--	112	74480	买盘
09:39:49	6.65	--	302	200830	买盘
09:39:43	6.65	--	106	70490	买盘
09:39:39	6.65	--	280	186200	买盘
09:39:34	6.65	--	38	25270	买盘
09:39:28	6.65	0.01	26	17290	买盘
09:39:24	6.64	--	204	135456	买盘
09:39:19	6.64	--	351	233064	买盘
09:39:13	6.64	--	67	44488	买盘
09:39:09	6.64	--	50	33200	买盘
09:39:04	6.64	--	270	179280	买盘
09:38:58	6.64	--	458	304112	买盘
09:38:54	6.64	--	50	33200	买盘
09:38:49	6.64	--	50	33200	买盘
09:38:43	6.64	0.01	93	61752	买盘
09:38:39	6.63	--	57	37791	卖盘
09:38:34	6.63	0.01	306	202878	买盘
09:38:28	6.62	--	5	3310	卖盘
09:38:24	6.62	-0.01	282	186684	卖盘
09:38:19	6.63	0.01	266	176358	买盘
09:38:09	6.62	-0.01	325	215150	卖盘
09:38:04	6.63	--	45	29835	买盘
09:37:58	6.63	--	17	11271	买盘
09:37:54	6.63	0.01	94	62322	买盘
09:37:49	6.62	--	220	145640	卖盘
09:37:43	6.62	--	20	13240	卖盘
09:37:39	6.62	-0.01	61	40382	卖盘
09:37:34	6.63	0.01	29	19227	买盘
09:37:28	6.62	--	142	94004	卖盘
09:37:24	6.62	-0.01	10	6620	卖盘
09:37:19	6.63	--	199	131937	买盘
09:37:13	6.63	0.01	11	7293	买盘
09:37:09	6.62	-0.01	288	190656	卖盘
09:37:03	6.63	0.01	21	13923	买盘
09:36:54	6.62	--	26	17212	卖盘
09:36:48	6.62	--	72	47664	卖盘
09:36:43	6.62	--	3	1986	卖盘
09:36:39	6.62	--	100	66200	买盘
09:36:33	6.62	--	303	200586	买盘
09:36:28	6.62	--	425	281350	买盘
09:36:22	6.62	--	142	94004	买盘
09:36:18	6.62	--	25	16550	买盘
09:36:13	6.62	--	93	61566	卖盘
09:36:07	6.62	-0.01	50	33100	卖盘
09:36:03	6.63	0.01	356	236028	买盘
09:35:58	6.62	--	31	20522	卖盘
09:35:52	6.62	--	10	6620	卖盘
09:35:48	6.62	--	351	232362	卖盘
09:35:43	6.62	--	377	249574	买盘
09:35:37	6.62	--	87	57594	买盘
09:35:33	6.62	0.01	20	13240	买盘
09:35:28	6.61	-0.01	200	132200	卖盘
09:35:22	6.62	--	37	24494	买盘
09:35:18	6.62	--	155	102610	买盘
09:35:13	6.62	0.01	39	25818	买盘
09:35:07	6.61	-0.02	357	235977	卖盘
09:35:03	6.63	0.01	149	98787	买盘
09:34:52	6.62	--	77	50974	卖盘
09:34:48	6.62	--	134	88708	卖盘
09:34:43	6.62	--	402	266124	买盘
09:34:37	6.62	--	150	99300	买盘
09:34:33	6.62	--	72	47664	买盘
09:34:28	6.62	0.01	256	169472	买盘
09:34:22	6.61	--	9	5949	卖盘
09:34:18	6.61	-0.01	139	91879	卖盘
09:34:13	6.62	--	147	97314	买盘
09:34:07	6.62	--	10	6620	买盘
09:34:03	6.62	--	353	233686	买盘
09:33:58	6.62	--	384	254208	买盘
09:33:48	6.62	--	325	215150	买盘
09:33:43	6.62	--	51	33762	买盘
09:33:33	6.62	0.01	5	3310	买盘
09:33:28	6.61	--	22	14542	卖盘
09:33:22	6.61	--	102	67422	卖盘
09:33:18	6.61	--	30	19830	卖盘
09:33:13	6.61	--	2	1322	卖盘
09:33:07	6.61	--	100	66100	卖盘
09:33:03	6.61	--	79	52219	卖盘
09:32:58	6.61	--	140	92606	卖盘
09:32:52	6.61	-0.01	35	23135	卖盘
09:32:48	6.62	0.01	30	19860	买盘
09:32:43	6.61	--	337	222757	买盘
09:32:37	6.61	--	3	1983	买盘
09:32:33	6.61	--	131	86591	买盘
09:32:22	6.61	-0.01	339	224079	卖盘
09:32:18	6.62	--	167	110554	买盘
09:32:13	6.62	--	337	223094	买盘
09:32:07	6.62	0.01	63	41706	买盘
09:32:03	6.61	--	42	27762	卖盘
09:31:58	6.61	-0.01	5	3305	中性盘
09:31:48	6.62	0.02	571	378002	买盘
09:31:43	6.6	--	68	44880	买盘
09:31:37	6.6	--	228	150480	买盘
09:31:33	6.6	0.01	131	86460	买盘
09:31:28	6.59	-0.01	70	46130	卖盘
09:31:22	6.6	-0.01	123	81180	卖盘
09:31:18	6.61	0.01	14	9254	买盘
09:31:13	6.6	--	109	71940	卖盘
09:31:07	6.6	-0.01	1	660	中性盘
09:31:03	6.61	0.01	545	360839	买盘
09:30:58	6.6	-0.01	148	97680	卖盘
09:30:52	6.61	0.01	60	39660	买盘
09:30:48	6.6	-0.01	237	156420	卖盘
09:30:42	6.61	--	107	70727	卖盘
09:30:37	6.61	-0.01	156	103116	卖盘
09:30:33	6.62	0.02	350	231700	买盘
09:30:27	6.6	-0.02	247	163086	卖盘
09:30:22	6.62	0.01	325	215150	买盘
09:30:18	6.61	0.01	199	131539	中性盘
09:30:12	6.6	-0.01	518	341880	卖盘
09:30:07	6.61	0.01	2853	1885833	买盘
09:28:57	6.6	--	0	0	卖盘
09:25:06	6.6	6.6	907	598620	买盘
