成交时间	成交价	价格变动	成交量(手)	成交额(元)	性质
15:00:00	19.11	--	0	0	卖盘
15:00:00	19.11	-0.01	20	38602	卖盘
14:59:59	19.12	--	6	11472	买盘
14:59:49	19.12	0.01	4	7648	买盘
14:59:44	19.11	-0.01	30	57330	卖盘
14:59:38	19.12	--	14	26768	买盘
14:59:34	19.12	--	88	168256	买盘
14:59:29	19.12	0.01	34	65008	买盘
14:59:23	19.11	--	13	24843	卖盘
14:59:19	19.11	--	37	72235	卖盘
14:59:14	19.11	-0.01	38	72618	卖盘
14:59:08	19.12	--	1	1912	买盘
14:59:04	19.12	--	2	3824	买盘
14:58:59	19.12	--	22	42064	买盘
14:58:49	19.12	--	18	34416	卖盘
14:58:44	19.12	--	60	114720	卖盘
14:58:34	19.12	--	15	28680	卖盘
14:58:29	19.12	--	25	47800	卖盘
14:58:19	19.12	--	49	93688	卖盘
14:58:14	19.12	-0.01	11	21032	卖盘
14:58:08	19.13	--	2	3826	买盘
14:58:04	19.13	--	9	17217	买盘
14:57:59	19.13	--	63	121666	卖盘
14:57:53	19.13	-0.01	9	18747	卖盘
14:57:49	19.14	--	49	93786	买盘
14:57:44	19.14	-0.01	221	422994	卖盘
14:57:14	19.15	0.01	10	19150	买盘
14:56:59	19.14	-0.01	8	15312	中性盘
14:56:53	19.15	--	15	28724	买盘
14:56:49	19.15	0.02	3	5745	买盘
14:56:44	19.13	-0.02	7	13391	卖盘
14:56:29	19.15	0.02	6	11490	买盘
14:56:19	19.13	-0.02	50	95650	卖盘
14:56:08	19.15	0.01	52	99579	买盘
14:55:59	19.14	--	1	1914	卖盘
14:55:53	19.14	--	2	3828	卖盘
14:55:49	19.14	--	15	28710	卖盘
14:55:44	19.14	-0.01	22	42108	卖盘
14:55:38	19.15	0.01	8	15319	买盘
14:55:34	19.14	--	36	68904	卖盘
14:55:14	19.14	--	28	53592	卖盘
14:55:04	19.14	--	4	7656	卖盘
14:54:59	19.14	-0.01	7	13398	卖盘
14:54:49	19.15	0.01	4	7659	买盘
14:54:44	19.14	--	2	3828	卖盘
14:54:23	19.14	--	1	1914	卖盘
14:54:19	19.14	--	2	3828	卖盘
14:54:08	19.14	--	2	3828	卖盘
14:54:04	19.14	--	11	21054	卖盘
14:53:49	19.14	--	5	9570	卖盘
14:53:44	19.14	--	9	17226	卖盘
14:53:38	19.14	--	19	36366	卖盘
14:53:18	19.14	--	2	4976	买盘
14:53:14	19.14	--	17	32538	买盘
14:53:08	19.14	--	7	13398	买盘
14:53:04	19.14	0.01	15	28710	买盘
14:52:58	19.13	-0.01	10	19130	卖盘
14:52:43	19.14	-0.01	69	132831	卖盘
14:52:32	19.15	--	1	1914	买盘
14:52:17	19.15	--	9	18001	卖盘
14:52:13	19.15	--	9	17235	卖盘
14:52:08	19.15	-0.01	38	72770	卖盘
14:51:58	19.16	0.01	1	1916	买盘
14:51:53	19.15	--	2	3829	卖盘
14:51:43	19.15	-0.01	47	90005	卖盘
14:51:38	19.16	--	10	19160	卖盘
14:51:32	19.16	0.01	62	118792	买盘
14:51:28	19.15	-0.01	5	9575	卖盘
14:51:17	19.16	0.01	11	21076	买盘
14:51:08	19.15	--	0	0	卖盘
14:51:02	19.15	--	36	68940	卖盘
14:50:58	19.15	-0.01	27	52087	卖盘
14:50:43	19.16	--	0	0	买盘
14:50:38	19.16	--	3	5748	买盘
14:50:13	19.16	--	0	1532	卖盘
14:50:08	19.16	--	18	35637	卖盘
14:50:02	19.16	--	20	38320	卖盘
14:49:53	19.16	--	5	9580	卖盘
14:49:38	19.16	--	4	8813	卖盘
14:49:28	19.16	-0.01	8	15711	卖盘
14:49:13	19.17	0.01	8	15336	买盘
14:49:08	19.16	--	0	1532	卖盘
14:48:58	19.16	-0.01	50	95800	卖盘
14:48:53	19.17	0.01	3	5751	买盘
14:48:43	19.16	-0.01	6	11496	卖盘
14:48:32	19.17	0.01	2	3834	买盘
14:48:23	19.16	--	10	19160	卖盘
14:47:58	19.16	--	10	19160	卖盘
14:47:43	19.16	--	9	18336	卖盘
14:47:13	19.16	--	8	15328	卖盘
14:47:08	19.16	-0.02	6	11496	卖盘
14:47:02	19.18	0.01	55	105490	买盘
14:46:42	19.17	-0.01	6	11885	卖盘
14:46:28	19.18	0.01	5	9590	买盘
14:46:11	19.17	--	3	5751	卖盘
14:46:07	19.17	--	3	5751	卖盘
14:46:02	19.17	--	79	151443	卖盘
14:45:52	19.17	--	2	3834	卖盘
14:45:41	19.17	--	5	9585	卖盘
14:45:37	19.17	--	67	129972	买盘
14:45:22	19.17	--	2	3834	买盘
14:45:17	19.17	--	19	36806	卖盘
14:45:11	19.17	-0.01	3	5751	卖盘
14:45:07	19.18	0.01	3	5754	买盘
14:45:02	19.17	--	20	38340	卖盘
14:44:52	19.17	--	47	90099	卖盘
14:44:47	19.17	--	16	30672	卖盘
14:44:32	19.17	--	6	11502	卖盘
14:44:26	19.17	--	25	47925	卖盘
14:44:07	19.17	--	5	9585	卖盘
14:44:02	19.17	-0.01	18	35656	卖盘
14:43:56	19.18	0.01	8	15344	买盘
14:43:52	19.17	--	1	1917	卖盘
14:43:47	19.17	--	20	38340	卖盘
14:43:41	19.17	-0.01	17	32589	卖盘
14:43:26	19.18	--	7	13426	买盘
14:43:11	19.18	0.01	7	13426	买盘
14:43:02	19.17	--	1	1917	卖盘
14:42:56	19.17	--	16	30672	卖盘
14:42:47	19.17	0.01	12	23387	买盘
14:42:37	19.16	-0.01	19	37170	卖盘
14:42:17	19.17	--	4	7668	买盘
14:42:07	19.17	--	10	19170	买盘
14:41:47	19.17	--	4	7668	买盘
14:41:26	19.17	0.01	1	1917	买盘
14:41:22	19.16	-0.01	1	1916	卖盘
14:41:17	19.17	--	10	19170	买盘
14:41:02	19.17	0.01	13	24921	买盘
14:40:01	19.16	--	5	9580	卖盘
14:39:56	19.16	--	6	11496	卖盘
14:39:46	19.16	--	2	3832	卖盘
14:39:41	19.16	--	10	19160	卖盘
14:39:35	19.16	--	26	50007	买盘
14:39:31	19.16	0.01	6	11496	买盘
14:39:26	19.15	-0.01	6	11490	卖盘
14:39:20	19.16	0.01	7	13412	买盘
14:39:11	19.15	-0.01	30	59173	卖盘
14:39:01	19.16	--	10	19160	卖盘
14:38:35	19.16	--	0	0	卖盘
14:38:11	19.16	-0.02	10	19160	卖盘
14:37:56	19.18	--	23	45264	卖盘
14:37:46	19.18	--	10	19180	卖盘
14:37:31	19.18	-0.01	20	38360	卖盘
14:37:26	19.19	--	32	61408	买盘
14:37:05	19.19	0.01	13	24947	买盘
14:37:01	19.18	--	2	3836	卖盘
14:36:50	19.18	--	10	19180	卖盘
14:36:46	19.18	0.02	8	16111	卖盘
14:36:41	19.16	-0.02	183	351586	卖盘
14:36:35	19.18	--	3	5754	卖盘
14:36:26	19.18	--	56	107408	买盘
14:36:11	19.18	--	15	28770	买盘
14:36:05	19.18	0.01	3	5754	买盘
14:35:46	19.17	--	60	116170	买盘
14:35:41	19.17	--	92	176364	买盘
14:35:05	19.17	0.01	5	9585	买盘
14:34:56	19.16	--	10	19160	卖盘
14:34:46	19.16	-0.01	2	3832	卖盘
14:34:41	19.17	0.02	80	153360	买盘
14:34:26	19.15	-0.01	10	19150	卖盘
14:34:20	19.16	0.01	30	57480	买盘
14:34:16	19.15	-0.01	5	9575	卖盘
14:34:11	19.16	0.01	20	38320	买盘
14:34:05	19.15	-0.01	52	99579	卖盘
14:34:01	19.16	--	48	91968	买盘
14:33:41	19.16	--	38	73957	卖盘
14:33:31	19.16	--	10	19160	卖盘
14:33:20	19.16	--	28	53648	卖盘
14:33:10	19.16	--	144	275904	卖盘
14:32:59	19.16	--	8	15328	卖盘
14:32:50	19.16	-0.01	17	32572	卖盘
14:32:40	19.17	--	9	17253	买盘
14:32:35	19.17	--	8	15336	买盘
14:32:29	19.17	--	2	3834	卖盘
14:32:20	19.17	--	18	34506	卖盘
14:32:10	19.17	-0.01	25	47925	卖盘
14:31:50	19.18	--	33	64061	卖盘
14:31:40	19.18	--	30	57540	卖盘
14:31:20	19.18	-0.01	50	95900	卖盘
14:31:14	19.19	--	7	13433	卖盘
14:31:05	19.19	--	3	5757	卖盘
14:30:59	19.19	--	3	5757	卖盘
14:30:55	19.19	--	25	47975	卖盘
14:30:50	19.19	--	11	21109	卖盘
14:30:40	19.19	--	13	24947	卖盘
14:30:25	19.19	--	4	7676	卖盘
14:30:10	19.19	-0.01	9	17271	卖盘
14:29:35	19.2	--	4	7680	买盘
14:29:29	19.2	--	16	30720	买盘
14:29:25	19.2	0.01	7	13440	买盘
14:29:20	19.19	-0.01	63	120897	卖盘
14:29:10	19.2	--	20	38400	买盘
14:28:50	19.2	--	31	59520	卖盘
14:28:25	19.2	-0.01	6	11520	卖盘
14:28:09	19.21	--	5	9605	买盘
14:27:50	19.21	-0.01	0	826	卖盘
14:27:29	19.22	0.01	6	11532	买盘
14:27:24	19.21	--	28	53788	卖盘
14:27:14	19.21	-0.01	8	16520	卖盘
14:26:59	19.22	0.01	12	23064	买盘
14:26:34	19.21	--	5	9605	卖盘
14:26:19	19.21	--	11	21131	卖盘
14:26:08	19.21	--	12	23052	卖盘
14:26:04	19.21	--	1	1921	卖盘
14:25:53	19.21	--	5	9605	卖盘
14:25:29	19.21	--	30	57630	卖盘
14:25:04	19.21	0.01	50	97913	买盘
14:24:59	19.2	-0.01	6	11520	卖盘
14:24:49	19.21	--	18	34578	买盘
14:24:29	19.21	--	9	17289	买盘
14:24:23	19.21	0.01	20	38420	买盘
14:24:19	19.2	-0.01	48	92160	卖盘
14:23:34	19.21	--	32	61529	卖盘
14:23:14	19.21	--	15	28815	卖盘
14:22:53	19.21	--	8	17231	买盘
14:22:49	19.21	0.01	9	17289	买盘
14:22:44	19.2	-0.01	29	55680	卖盘
14:22:19	19.21	--	11	21188	卖盘
14:22:04	19.21	--	10	19210	卖盘
14:21:59	19.21	--	21	42204	买盘
14:21:43	19.21	0.01	30	57630	买盘
14:21:33	19.2	-0.01	50	96000	卖盘
14:21:29	19.21	--	5	9605	买盘
14:21:03	19.21	0.01	3	5763	买盘
14:20:58	19.2	--	0	0	中性盘
14:20:53	19.2	--	11	21120	买盘
14:20:47	19.2	--	16	30720	买盘
14:20:38	19.2	--	50	96000	买盘
14:20:02	19.2	--	14	26880	卖盘
14:19:43	19.2	--	9	17280	买盘
14:19:38	19.2	--	18	34560	买盘
14:19:28	19.2	--	36	69120	买盘
14:19:17	19.2	-0.01	20	38400	卖盘
14:19:08	19.21	--	6	11526	买盘
14:19:02	19.21	--	12	23052	买盘
14:18:38	19.21	--	20	38420	买盘
14:18:32	19.21	--	2	3842	买盘
14:18:23	19.21	--	2	3842	买盘
14:18:17	19.21	--	2	3842	买盘
14:17:53	19.21	--	22	43472	卖盘
14:17:38	19.21	0.01	7	14157	买盘
14:16:58	19.2	-0.01	15	28800	卖盘
14:16:53	19.21	0.01	30	57630	买盘
14:16:38	19.2	--	20	38400	卖盘
14:15:43	19.2	--	1	1920	卖盘
14:15:13	19.2	--	19	36480	卖盘
14:14:57	19.2	-0.01	8	15360	卖盘
14:14:47	19.21	--	2	3842	买盘
14:14:38	19.21	--	38	72998	买盘
14:14:17	19.21	--	24	46545	卖盘
14:14:02	19.21	--	2	3842	卖盘
14:13:37	19.21	--	6	11526	卖盘
14:13:32	19.21	--	2	3842	卖盘
14:13:22	19.21	0.01	24	47583	买盘
14:12:47	19.2	--	3	5760	卖盘
14:12:32	19.2	--	6	11520	买盘
14:12:07	19.2	-0.01	99	190080	买盘
14:11:52	19.21	0.01	14	26894	买盘
14:11:41	19.2	-0.01	43	83001	卖盘
14:11:37	19.21	--	1	1921	买盘
14:11:32	19.21	0.01	15	28815	买盘
14:11:17	19.2	--	1	1920	卖盘
14:10:56	19.2	--	2	3840	卖盘
14:10:52	19.2	--	5	9600	卖盘
14:10:41	19.2	--	5	9600	卖盘
14:10:37	19.2	-0.01	14	28358	卖盘
14:10:32	19.21	--	0	0	买盘
14:10:17	19.21	--	58	111418	买盘
14:10:11	19.21	--	0	0	买盘
14:10:07	19.21	--	39	74919	买盘
14:10:02	19.21	--	31	59551	买盘
14:09:41	19.21	0.01	16	30736	买盘
14:09:37	19.2	0.01	2	3840	买盘
14:09:32	19.19	--	5	9595	卖盘
14:09:22	19.19	-0.01	3	5757	卖盘
14:09:17	19.2	--	1	1920	买盘
14:09:11	19.2	-0.01	57	110092	卖盘
14:09:07	19.21	0.01	2	3842	买盘
14:08:52	19.2	--	0	115	卖盘
14:08:46	19.2	--	2	3840	卖盘
14:08:36	19.2	--	2	3840	卖盘
14:08:31	19.2	--	4	7680	卖盘
14:08:16	19.2	--	2	4992	买盘
14:08:01	19.2	--	26	49920	买盘
14:07:41	19.2	--	134	257280	买盘
14:07:31	19.2	--	26	49920	买盘
14:07:20	19.2	--	32	61440	买盘
14:07:16	19.2	0.01	8	15360	买盘
14:07:01	19.19	-0.01	7	14584	买盘
14:06:46	19.2	--	18	34560	买盘
14:06:41	19.2	--	10	19200	买盘
14:06:26	19.2	--	10	19200	买盘
14:06:05	19.2	--	0	0	买盘
14:06:01	19.2	--	0	768	卖盘
14:05:56	19.2	--	16	30720	卖盘
14:05:26	19.2	--	3	5760	卖盘
14:05:20	19.2	0.03	145	279552	买盘
14:05:16	19.17	--	2	4600	卖盘
14:05:05	19.17	-0.03	1	1917	中性盘
14:05:01	19.2	--	0	0	买盘
14:04:31	19.2	0.04	500	960000	买盘
14:04:16	19.16	-0.01	200	383200	卖盘
14:04:05	19.17	0.01	10	19170	买盘
14:04:01	19.16	--	0	0	卖盘
14:03:56	19.16	-0.01	37	70892	卖盘
14:03:50	19.17	0.01	2	3834	买盘
14:03:26	19.16	-0.01	6	11496	卖盘
14:03:20	19.17	--	22	42174	卖盘
14:03:16	19.17	--	4	7668	卖盘
14:03:10	19.17	--	10	19170	卖盘
14:03:05	19.17	--	12	23004	卖盘
14:03:01	19.17	--	5	9585	卖盘
14:02:55	19.17	--	10	19170	卖盘
14:02:50	19.17	--	9	17253	卖盘
14:02:10	19.17	--	1	1917	卖盘
14:02:05	19.17	--	1	1917	卖盘
14:01:55	19.17	-0.01	9	17253	卖盘
14:01:46	19.18	--	7	13426	买盘
14:01:35	19.18	--	23	44497	卖盘
14:01:29	19.18	--	24	46799	卖盘
14:01:25	19.18	--	5	9590	卖盘
14:01:20	19.18	--	1	1918	卖盘
14:01:10	19.18	--	2	4603	卖盘
14:01:05	19.18	--	5	9590	卖盘
14:00:59	19.18	-0.01	3	5754	卖盘
14:00:55	19.19	--	5	9595	买盘
14:00:50	19.19	--	47	90960	卖盘
14:00:40	19.19	-0.01	4	7676	卖盘
14:00:05	19.2	--	1	1920	买盘
13:59:35	19.2	--	9	17280	买盘
13:59:10	19.2	0.01	15	28800	买盘
13:58:59	19.19	-0.01	3	5757	卖盘
13:58:55	19.2	--	1	1920	买盘
13:58:44	19.2	0.01	11	21120	买盘
13:58:29	19.19	--	1	1919	卖盘
13:58:10	19.19	--	10	20341	买盘
13:57:25	19.19	-0.01	39	75608	卖盘
13:57:14	19.2	0.01	1	1920	买盘
13:57:04	19.19	--	20	38380	卖盘
13:56:50	19.19	--	1	1919	卖盘
13:56:14	19.19	--	15	28785	卖盘
13:56:09	19.19	--	16	30704	卖盘
13:55:55	19.19	--	4	7676	卖盘
13:55:14	19.19	-0.01	5	9595	卖盘
13:55:08	19.2	0.01	1	1920	买盘
13:54:34	19.19	-0.01	24	46056	卖盘
13:54:14	19.2	--	53	101760	卖盘
13:54:04	19.2	--	2	3840	卖盘
13:53:53	19.2	--	5	9600	卖盘
13:53:34	19.2	--	28	53760	卖盘
13:53:19	19.2	-0.01	7	13440	卖盘
13:52:49	19.21	--	87	167127	卖盘
13:52:29	19.21	--	6	11526	卖盘
13:52:19	19.21	-0.01	2	3842	卖盘
13:52:14	19.22	--	13	24986	买盘
13:51:49	19.22	0.01	10	19220	买盘
13:51:34	19.21	--	26	49946	卖盘
13:51:29	19.21	--	10	19210	卖盘
13:51:14	19.21	0.01	57	109497	买盘
13:50:53	19.2	--	6	11520	卖盘
13:50:43	19.2	--	26	51072	买盘
13:50:18	19.2	--	8	15360	买盘
13:50:13	19.2	--	3	5760	卖盘
13:50:04	19.2	-0.01	96	184320	卖盘
13:49:58	19.21	--	24	46104	买盘
13:49:49	19.21	0.01	32	61472	买盘
13:49:23	19.2	--	12	23040	卖盘
13:49:18	19.2	0.01	2	3840	买盘
13:48:47	19.19	-0.02	8	15352	卖盘
13:48:32	19.21	--	0	0	买盘
13:48:28	19.21	0.02	1	1921	买盘
13:47:58	19.19	-0.01	10	19190	卖盘
13:47:53	19.2	0.01	38	73728	买盘
13:47:47	19.19	--	2	3838	卖盘
13:47:43	19.19	-0.01	1	1919	卖盘
13:47:38	19.2	0.01	5	9600	买盘
13:47:23	19.19	--	1	1919	卖盘
13:47:17	19.19	0.01	29	56034	买盘
13:47:13	19.18	-0.01	10	19180	卖盘
13:47:02	19.19	--	18	34542	买盘
13:46:58	19.19	--	10	19190	买盘
13:45:43	19.19	--	5	9595	买盘
13:45:38	19.19	--	0	0	买盘
13:45:23	19.19	0.01	8	15352	买盘
13:45:17	19.18	--	2	3836	买盘
13:45:08	19.18	--	77	149220	卖盘
13:44:32	19.18	--	9	17645	买盘
13:44:07	19.18	0.01	21	40278	买盘
13:43:32	19.17	-0.01	50	95850	卖盘
13:43:27	19.18	0.01	84	161112	买盘
13:43:07	19.17	--	10	19170	卖盘
13:42:56	19.17	--	5	9585	卖盘
13:42:37	19.17	--	6	11502	卖盘
13:42:26	19.17	--	20	38340	卖盘
13:42:17	19.17	-0.01	3	5751	卖盘
13:42:02	19.18	--	0	0	买盘
13:40:52	19.18	--	2	3836	买盘
13:40:47	19.18	--	6	11508	买盘
13:40:32	19.18	0.01	18	34524	买盘
13:40:26	19.17	0.01	5	9585	买盘
13:40:22	19.16	--	5	9580	卖盘
13:40:02	19.16	0.01	102	196198	买盘
13:39:52	19.15	-0.01	15	28724	卖盘
13:39:47	19.16	0.01	73	139868	买盘
13:39:32	19.15	--	2	4596	买盘
13:39:17	19.15	--	10	19150	买盘
13:39:07	19.15	--	18	35619	卖盘
13:39:02	19.15	--	5	9575	卖盘
13:38:52	19.15	--	5	9575	卖盘
13:38:37	19.15	--	2	4596	买盘
13:38:22	19.15	--	22	43279	卖盘
13:38:06	19.15	--	5	9575	卖盘
13:37:52	19.15	-0.01	20	38300	卖盘
13:37:46	19.16	0.01	10	19160	买盘
13:37:36	19.15	--	20	38300	卖盘
13:37:31	19.15	--	12	22980	卖盘
13:37:21	19.15	-0.01	112	214479	卖盘
13:37:11	19.16	0.01	16	32188	买盘
13:37:06	19.15	-0.01	9	17235	卖盘
13:36:56	19.16	--	7	13412	买盘
13:36:31	19.16	--	52	101164	卖盘
13:36:21	19.16	--	4	7664	卖盘
13:36:05	19.16	--	4	7664	卖盘
13:36:01	19.16	--	15	29123	卖盘
13:35:56	19.16	--	5	9580	卖盘
13:35:16	19.16	-0.01	4	7664	卖盘
13:35:05	19.17	--	17	33739	卖盘
13:35:01	19.17	--	21	40640	卖盘
13:34:35	19.17	-0.01	7	13419	卖盘
13:34:26	19.18	0.01	6	11508	中性盘
13:34:11	19.17	-0.02	100	191700	卖盘
13:33:56	19.19	--	10	19190	买盘
13:33:46	19.19	--	12	23028	买盘
13:33:41	19.19	0.01	6	11514	买盘
13:33:35	19.18	-0.01	9	17262	卖盘
13:33:26	19.19	0.01	81	155439	买盘
13:33:11	19.18	-0.01	36	69048	卖盘
13:33:01	19.19	0.01	7	13433	买盘
13:32:56	19.18	-0.01	1	2301	卖盘
13:32:41	19.19	0.01	12	23028	买盘
13:32:10	19.18	--	5	9590	卖盘
13:32:05	19.18	-0.01	5	9590	卖盘
13:32:01	19.19	0.01	65	124735	买盘
13:31:40	19.18	--	34	65212	卖盘
13:31:31	19.18	--	23	45264	买盘
13:31:20	19.18	--	2	3836	买盘
13:31:15	19.18	0.01	1	1918	买盘
13:31:05	19.17	--	33	64794	卖盘
13:30:55	19.17	-0.01	3	5751	卖盘
13:30:35	19.18	--	5	9590	买盘
13:30:20	19.18	--	12	23016	买盘
13:30:10	19.18	--	7	13426	买盘
13:29:55	19.18	--	3	5754	买盘
13:29:40	19.18	0.01	57	109326	买盘
13:29:35	19.17	-0.01	17	32589	卖盘
13:29:25	19.18	0.01	4	7672	买盘
13:29:10	19.17	--	3	5751	卖盘
13:28:59	19.17	--	1	1917	卖盘
13:28:35	19.17	-0.01	90	172530	卖盘
13:28:25	19.18	--	20	38360	买盘
13:28:20	19.18	--	25	47950	买盘
13:27:59	19.18	--	13	25701	卖盘
13:27:55	19.18	--	6	11508	卖盘
13:27:50	19.18	--	7	13426	卖盘
13:27:40	19.18	-0.02	4	7672	卖盘
13:27:35	19.2	0.01	69	132480	买盘
13:27:24	19.19	--	45	86355	卖盘
13:27:10	19.19	--	3	5757	卖盘
13:27:05	19.19	-0.01	5	9595	卖盘
13:26:55	19.2	--	1	2304	卖盘
13:26:50	19.2	0.01	67	130176	买盘
13:26:44	19.19	--	1	1919	卖盘
13:26:35	19.19	--	5	9595	卖盘
13:26:25	19.19	0.01	18	34542	买盘
13:26:14	19.18	-0.01	0	1150	卖盘
13:26:05	19.19	--	1	1919	买盘
13:25:55	19.19	-0.01	5	9595	卖盘
13:25:49	19.2	--	2	3840	卖盘
13:25:39	19.2	0.01	57	109440	买盘
13:25:34	19.19	--	10	19190	卖盘
13:25:04	19.19	-0.01	12	23028	卖盘
13:24:24	19.2	--	1	1920	买盘
13:24:19	19.2	--	2	3840	卖盘
13:24:04	19.2	--	3	5760	买盘
13:23:59	19.2	-0.01	68	130560	卖盘
13:23:39	19.21	-0.02	2	3842	卖盘
13:23:23	19.23	-0.01	2	3846	买盘
13:23:14	19.24	--	0	0	买盘
13:22:23	19.24	--	0	0	买盘
13:22:04	19.24	--	5	9620	买盘
13:21:49	19.24	0.01	10	19240	买盘
13:21:44	19.23	--	5	9615	卖盘
13:21:19	19.23	-0.01	21	40383	卖盘
13:20:34	19.24	--	7	13467	买盘
13:20:19	19.24	--	1	1923	买盘
13:20:08	19.24	--	23	44252	卖盘
13:20:04	19.24	--	4	7695	卖盘
13:19:38	19.24	-0.01	2	3847	卖盘
13:19:34	19.25	0.01	13	25025	买盘
13:19:14	19.24	--	20	38480	卖盘
13:18:58	19.24	-0.01	2	3847	卖盘
13:18:53	19.25	--	1	1925	买盘
13:17:38	19.25	--	42	82005	卖盘
13:17:08	19.25	--	5	10395	买盘
13:17:03	19.25	--	1	1925	买盘
13:16:53	19.25	-0.01	6	11550	中性盘
13:16:43	19.26	--	55	105930	买盘
13:16:28	19.26	0.01	24	47379	买盘
13:16:23	19.25	--	1	2310	卖盘
13:15:58	19.25	--	2	3850	卖盘
13:15:53	19.25	--	20	38500	卖盘
13:15:38	19.25	--	1	2310	卖盘
13:15:28	19.25	--	5	9625	卖盘
13:15:23	19.25	0.01	68	130900	买盘
13:15:13	19.24	--	9	17316	卖盘
13:15:02	19.24	-0.01	2	3847	卖盘
13:14:58	19.25	--	10	19250	买盘
13:14:53	19.25	0.01	8	15400	买盘
13:14:43	19.24	--	1	1923	卖盘
13:14:17	19.24	0.01	2	3847	买盘
13:14:13	19.23	--	7	13461	买盘
13:13:57	19.23	--	4	7692	卖盘
13:13:43	19.23	-0.01	13	25383	卖盘
13:13:38	19.24	0.01	8	15391	买盘
13:13:28	19.23	--	18	36152	卖盘
13:13:23	19.23	--	5	9615	卖盘
13:13:13	19.23	-0.01	10	19230	卖盘
13:13:08	19.24	--	0	0	买盘
13:13:02	19.24	--	8	15391	买盘
13:12:53	19.24	--	0	0	买盘
13:12:42	19.24	-0.01	3	5771	卖盘
13:12:38	19.25	-0.01	2	3850	买盘
13:12:17	19.26	--	0	0	买盘
13:12:12	19.26	--	0	0	买盘
13:12:07	19.26	0.03	20	38520	买盘
13:11:42	19.23	-0.01	31	59997	卖盘
13:11:37	19.24	--	5	9620	买盘
13:10:57	19.24	--	5	9620	卖盘
13:10:52	19.24	-0.02	61	117363	卖盘
13:10:42	19.26	--	0	0	买盘
13:10:37	19.26	--	17	32742	买盘
13:10:27	19.26	0.01	2	3852	买盘
13:10:22	19.25	-0.01	2	4620	卖盘
13:10:17	19.26	0.01	2	3852	买盘
13:10:11	19.25	--	8	15400	卖盘
13:10:02	19.25	--	3	6930	买盘
13:09:56	19.25	--	4	7700	买盘
13:09:37	19.25	0.01	20	38500	买盘
13:09:32	19.24	--	5	9620	卖盘
13:09:22	19.24	--	45	86580	卖盘
13:09:17	19.24	-0.01	9	17316	卖盘
13:09:11	19.25	0.01	115	221375	买盘
13:09:07	19.24	--	8	15391	卖盘
13:08:52	19.24	--	1	1923	买盘
13:08:41	19.24	--	5	9620	买盘
13:08:22	19.24	--	0	0	中性盘
13:08:17	19.24	--	0	0	买盘
13:08:07	19.24	0.01	11	21164	买盘
13:07:52	19.23	-0.01	6	11538	卖盘
13:07:47	19.24	0.01	62	119287	买盘
13:07:32	19.23	--	33	63459	卖盘
13:07:17	19.23	--	7	14999	买盘
13:07:11	19.23	--	7	13461	买盘
13:06:47	19.23	--	17	32691	买盘
13:06:11	19.23	--	15	28845	买盘
13:05:41	19.23	--	31	59613	买盘
13:05:11	19.23	--	27	51921	买盘
13:05:06	19.23	--	1	1923	买盘
13:04:41	19.23	--	0	0	买盘
13:04:36	19.23	0.03	37	71151	买盘
13:04:31	19.2	--	6	11520	卖盘
13:04:16	19.2	--	9	17280	买盘
13:04:11	19.2	-0.03	5	9600	卖盘
13:03:41	19.23	--	1	1923	买盘
13:03:36	19.23	0.03	12	23076	买盘
13:03:26	19.2	-0.01	1	1920	卖盘
13:03:16	19.21	-0.02	3	5763	买盘
13:03:01	19.23	--	0	0	买盘
13:02:41	19.23	-0.01	8	15384	买盘
13:02:20	19.24	--	0	0	买盘
13:02:16	19.24	0.01	10	19240	买盘
13:02:11	19.23	-0.01	3	5769	卖盘
13:01:46	19.24	--	5	9620	买盘
13:01:41	19.24	--	10	19240	买盘
13:01:31	19.24	--	11	21164	卖盘
13:01:01	19.24	-0.01	3	5771	买盘
13:00:46	19.25	0.02	49	94325	买盘
13:00:15	19.23	0.05	6	11538	卖盘
13:00:11	19.18	-0.06	152	293070	卖盘
13:00:05	19.24	0.01	252	485617	买盘
13:00:00	19.23	--	4	7692	卖盘
11:30:00	19.23	--	0	0	卖盘
11:29:59	19.23	--	0	0	卖盘
11:29:52	19.23	0.01	16	30768	买盘
11:29:42	19.22	--	3	5766	买盘
11:29:37	19.22	--	1	1922	买盘
11:29:22	19.22	0.02	5	9610	买盘
11:29:16	19.2	-0.02	10	19200	卖盘
11:28:51	19.22	--	3	5766	买盘
11:28:31	19.22	--	1	1922	买盘
11:28:10	19.22	0.02	14	26908	买盘
11:27:51	19.2	--	10	19584	买盘
11:27:25	19.2	--	1	1920	买盘
11:27:21	19.2	--	0	0	买盘
11:27:16	19.2	0.02	8	15360	买盘
11:27:06	19.18	-0.02	100	191800	卖盘
11:26:46	19.2	--	27	51840	买盘
11:26:16	19.2	-0.01	4	9216	卖盘
11:26:10	19.21	0.01	2	3842	买盘
11:25:51	19.2	0.02	0	384	买盘
11:25:06	19.18	--	0	0	卖盘
11:24:51	19.18	-0.02	23	44114	卖盘
11:24:46	19.2	--	77	147840	买盘
11:24:31	19.2	--	10	19200	买盘
11:24:25	19.2	0.02	12	23040	买盘
11:24:06	19.18	-0.02	4	7672	卖盘
11:23:51	19.2	--	0	0	买盘
11:23:31	19.2	0.02	61	117120	买盘
11:23:01	19.18	--	2	3836	买盘
11:22:50	19.18	--	1	1918	卖盘
11:22:46	19.18	--	6	11508	买盘
11:22:36	19.18	0.01	31	59458	买盘
11:22:31	19.17	-0.02	11	21087	卖盘
11:22:16	19.19	0.01	58	111302	买盘
11:22:10	19.18	--	98	189498	卖盘
11:22:04	19.18	--	1	1918	卖盘
11:22:01	19.18	--	0	383	卖盘
11:21:55	19.18	-0.01	3	5754	卖盘
11:21:40	19.19	--	8	16887	卖盘
11:21:34	19.19	--	4	8059	卖盘
11:21:31	19.19	--	9	17271	卖盘
11:21:19	19.19	-0.01	2	3838	卖盘
11:20:55	19.2	--	4	8448	卖盘
11:20:45	19.2	--	10	19200	卖盘
11:20:40	19.2	-0.01	10	19200	卖盘
11:20:25	19.21	-0.01	21	40341	卖盘
11:20:19	19.22	--	51	98022	卖盘
11:20:10	19.22	--	0	0	卖盘
11:20:04	19.22	-0.01	20	38440	卖盘
11:20:00	19.23	--	16	30768	卖盘
11:19:40	19.23	--	5	9615	卖盘
11:19:25	19.23	-0.02	10	19230	卖盘
11:19:10	19.25	--	0	0	买盘
11:19:04	19.25	--	63	121275	卖盘
11:19:00	19.25	--	19	36575	卖盘
11:18:55	19.25	--	30	57750	卖盘
11:18:49	19.25	0.02	56	107800	买盘
11:18:45	19.23	-0.01	5	9615	卖盘
11:18:40	19.24	--	95	182779	卖盘
11:18:30	19.24	-0.02	5	9620	卖盘
11:18:19	19.26	0.02	11	21186	买盘
11:18:15	19.24	-0.01	240	461759	卖盘
11:18:10	19.25	--	6	11550	卖盘
11:18:04	19.25	--	1	2310	卖盘
11:17:55	19.25	-0.01	10	19250	卖盘
11:17:45	19.26	--	8	15408	卖盘
11:17:40	19.26	0.01	34	65484	买盘
11:17:34	19.25	-0.01	5	9625	卖盘
11:17:30	19.26	--	1	1926	买盘
11:17:25	19.26	0.01	13	25038	买盘
11:17:15	19.25	-0.01	39	75075	卖盘
11:17:10	19.26	--	29	55854	买盘
11:17:00	19.26	0.02	19	36594	买盘
11:16:55	19.24	-0.02	37	71188	卖盘
11:16:49	19.26	--	0	0	买盘
11:16:43	19.26	0.01	30	57780	买盘
11:16:40	19.25	--	5	9625	买盘
11:16:34	19.25	0.01	5	9625	买盘
11:16:25	19.24	-0.02	24	46175	卖盘
11:16:19	19.26	--	0	0	买盘
11:16:13	19.26	0.02	16	30816	买盘
11:15:58	19.24	--	0	0	卖盘
11:15:55	19.24	--	10	19240	卖盘
11:15:39	19.24	--	0	1539	买盘
11:15:24	19.24	--	47	90427	卖盘
11:15:19	19.24	-0.02	26	50023	卖盘
11:15:13	19.26	0.02	5	9630	买盘
11:14:58	19.24	-0.02	5	9620	卖盘
11:14:49	19.26	0.02	215	414090	买盘
11:14:43	19.24	0.01	53	101971	买盘
11:14:34	19.23	-0.01	2	3846	卖盘
11:14:28	19.24	0.01	12	23087	买盘
11:14:24	19.23	-0.01	5	9615	卖盘
11:14:19	19.24	0.01	24	46175	买盘
11:13:58	19.23	--	5	9615	卖盘
11:13:49	19.23	0.01	102	196146	买盘
11:13:39	19.22	--	34	66116	卖盘
11:13:24	19.22	--	16	31905	买盘
11:13:19	19.22	--	40	76880	买盘
11:12:58	19.22	--	150	288300	买盘
11:12:54	19.22	--	0	0	买盘
11:12:49	19.22	0.01	17	32673	买盘
11:12:34	19.21	--	16	30736	买盘
11:12:28	19.21	-0.01	10	19978	卖盘
11:12:19	19.22	0.01	86	165292	买盘
11:12:04	19.21	--	4	8836	卖盘
11:11:54	19.21	0.01	41	78761	买盘
11:11:49	19.2	--	2	4992	买盘
11:11:34	19.2	0.01	55	105600	买盘
11:11:28	19.19	--	10	19190	卖盘
11:11:24	19.19	-0.01	12	23028	卖盘
11:11:19	19.2	0.03	90	172800	买盘
11:11:09	19.17	--	0	0	卖盘
11:11:04	19.17	--	1	1917	卖盘
11:10:43	19.17	--	15	28755	卖盘
11:10:39	19.17	--	62	120004	买盘
11:10:34	19.17	0.01	5	9585	买盘
11:10:28	19.16	-0.01	26	49816	卖盘
11:10:23	19.17	--	1	1917	买盘
11:10:19	19.17	--	275	527175	买盘
11:10:13	19.17	--	1	1917	买盘
11:10:07	19.17	--	0	0	买盘
11:09:49	19.17	--	53	102751	买盘
11:09:43	19.17	-0.01	153	294067	卖盘
11:09:28	19.18	--	32	61376	卖盘
11:09:19	19.18	-0.02	2	3836	卖盘
11:09:13	19.2	0.02	18	34560	买盘
11:09:03	19.18	-0.02	20	38360	卖盘
11:08:58	19.2	--	99	190080	买盘
11:08:28	19.2	--	3	5760	买盘
11:08:13	19.2	--	30	57600	买盘
11:07:48	19.2	-0.01	12	23808	卖盘
11:07:43	19.21	0.01	37	71077	买盘
11:07:33	19.2	--	5	9600	卖盘
11:07:28	19.2	--	61	117120	卖盘
11:07:22	19.2	--	20	38400	卖盘
11:07:18	19.2	0.02	54	104832	买盘
11:07:03	19.18	--	0	1150	买盘
11:06:58	19.18	--	5	9590	买盘
11:06:43	19.18	--	2	3836	买盘
11:06:28	19.18	--	15	29537	卖盘
11:06:22	19.18	-0.02	8	15344	卖盘
11:06:13	19.2	0.02	79	151680	买盘
11:06:03	19.18	--	15	29920	买盘
11:05:52	19.18	--	1	1918	买盘
11:05:48	19.18	--	1	1918	买盘
11:05:43	19.18	0.01	1	1918	买盘
11:05:37	19.17	-0.01	3	5751	卖盘
11:05:33	19.18	--	1	1918	买盘
11:05:28	19.18	--	1	1918	买盘
11:05:22	19.18	--	1	1918	买盘
11:05:18	19.18	0.01	15	28770	买盘
11:05:07	19.17	--	49	93933	买盘
11:05:03	19.17	--	1	1917	买盘
11:04:58	19.17	--	1	1917	买盘
11:04:48	19.17	0.02	2	3834	买盘
11:04:43	19.15	-0.02	11	21065	卖盘
11:04:33	19.17	--	0	0	买盘
11:04:28	19.17	--	196	376882	买盘
11:04:22	19.17	0.01	1	1917	买盘
11:04:18	19.16	--	2	3832	卖盘
11:04:07	19.16	--	2	3832	卖盘
11:03:58	19.16	-0.01	5	9580	卖盘
11:03:16	19.17	0.01	2	3834	买盘
11:03:12	19.16	--	10	19160	卖盘
11:02:57	19.16	--	33	63228	卖盘
11:02:22	19.16	-0.01	39	74724	卖盘
11:02:16	19.17	--	6	11502	买盘
11:02:07	19.17	--	102	195534	卖盘
11:01:42	19.17	-0.01	4	7668	卖盘
11:01:27	19.18	--	5	9590	买盘
11:01:01	19.18	0.01	10	19180	买盘
11:00:57	19.17	--	6	11502	卖盘
11:00:42	19.17	-0.01	2	3834	卖盘
11:00:31	19.18	--	1	1918	买盘
11:00:27	19.18	0.01	12	23016	买盘
11:00:12	19.17	-0.01	12	23004	卖盘
10:59:37	19.18	-0.01	113	218268	卖盘
10:58:57	19.19	0.01	48	92112	买盘
10:58:46	19.18	--	2	3836	卖盘
10:58:16	19.18	--	1	1918	卖盘
10:58:07	19.18	--	10	19180	卖盘
10:58:01	19.18	0.01	7	13809	买盘
10:57:55	19.17	-0.01	33	64794	卖盘
10:57:52	19.18	--	14	26852	买盘
10:57:25	19.18	0.01	10	19180	买盘
10:57:22	19.17	-0.01	7	13802	卖盘
10:57:16	19.18	0.01	1	1918	买盘
10:56:25	19.17	--	4	7668	卖盘
10:56:21	19.17	0.01	1	1917	卖盘
10:56:16	19.16	-0.01	26	49816	卖盘
10:55:55	19.17	--	4	7668	买盘
10:55:51	19.17	-0.01	4	7668	卖盘
10:55:16	19.18	0.01	4	7672	买盘
10:55:10	19.17	--	10	19170	卖盘
10:55:06	19.17	-0.01	2	3834	卖盘
10:55:01	19.18	--	22	42196	买盘
10:54:55	19.18	0.01	1	1918	买盘
10:54:46	19.17	-0.01	6	11502	卖盘
10:54:40	19.18	0.01	13	24934	买盘
10:54:36	19.17	-0.01	16	30672	卖盘
10:54:31	19.18	0.01	5	9590	买盘
10:54:25	19.17	-0.01	2	3834	卖盘
10:54:10	19.18	--	0	0	中性盘
10:53:55	19.18	--	8	15344	买盘
10:53:21	19.18	-0.01	2	3836	买盘
10:52:06	19.19	--	0	0	买盘
10:52:01	19.19	--	21	40299	买盘
10:51:31	19.19	--	0	0	买盘
10:51:19	19.19	0.02	11	21109	买盘
10:51:00	19.17	-0.02	5	9585	卖盘
10:50:49	19.19	0.03	3	5757	买盘
10:50:31	19.16	--	0	0	卖盘
10:50:16	19.16	-0.02	210	402360	卖盘
10:50:10	19.18	-0.01	3	6521	卖盘
10:50:04	19.19	--	2	5373	卖盘
10:50:00	19.19	--	0	383	买盘
10:49:55	19.19	--	17	32623	买盘
10:49:40	19.19	-0.01	9	18038	卖盘
10:49:25	19.2	0.01	5	9600	买盘
10:49:15	19.19	-0.01	3	6908	卖盘
10:49:10	19.2	--	1	1920	买盘
10:49:04	19.2	--	5	9600	卖盘
10:48:55	19.2	--	7	13440	买盘
10:48:49	19.2	--	8	15360	买盘
10:48:45	19.2	-0.01	92	176640	卖盘
10:48:40	19.21	0.01	21	40341	买盘
10:48:34	19.2	--	10	19200	卖盘
10:48:30	19.2	--	6	11520	卖盘
10:48:15	19.2	--	30	57600	卖盘
10:48:10	19.2	--	1	1920	卖盘
10:48:04	19.2	--	1	1920	卖盘
10:47:45	19.2	--	50	96000	卖盘
10:47:40	19.2	--	5	9600	卖盘
10:47:30	19.2	--	25	48000	卖盘
10:47:25	19.2	--	1	1920	买盘
10:47:10	19.2	0.01	4	7680	买盘
10:47:00	19.19	-0.02	12	23028	卖盘
10:46:49	19.21	--	0	0	买盘
10:46:40	19.21	0.01	77	147917	买盘
10:46:30	19.2	--	21	40320	卖盘
10:46:10	19.2	-0.01	18	36096	买盘
10:45:45	19.21	--	57	109881	卖盘
10:45:40	19.21	0.01	10	20746	买盘
10:45:34	19.2	--	1	1920	卖盘
10:45:29	19.2	--	2	3840	卖盘
10:45:14	19.2	--	3	5760	买盘
10:45:10	19.2	--	26	49920	买盘
10:44:59	19.2	--	110	211200	买盘
10:44:54	19.2	--	45	86400	买盘
10:44:39	19.2	--	61	117120	买盘
10:44:34	19.2	--	0	0	买盘
10:44:24	19.2	0.01	25	48000	买盘
10:44:09	19.19	--	0	383	卖盘
10:44:04	19.19	--	10	19190	卖盘
10:43:58	19.19	--	2	3838	卖盘
10:43:54	19.19	--	2	3838	卖盘
10:43:49	19.19	-0.01	20	38380	卖盘
10:43:43	19.2	0.01	34	65280	买盘
10:43:24	19.19	--	1	1919	卖盘
10:43:04	19.19	-0.01	3	5757	卖盘
10:42:58	19.2	0.01	34	65280	买盘
10:42:49	19.19	-0.01	16	30704	卖盘
10:42:39	19.2	0.01	30	57600	买盘
10:42:24	19.19	-0.01	6	11514	卖盘
10:42:09	19.2	-0.01	10	19200	中性盘
10:42:04	19.21	--	3	5763	买盘
10:41:58	19.21	--	0	0	买盘
10:41:54	19.21	0.01	26	49946	买盘
10:41:49	19.2	--	16	31488	卖盘
10:41:43	19.2	--	1	1920	卖盘
10:41:39	19.2	--	7	13440	卖盘
10:41:24	19.2	--	11	22272	买盘
10:41:19	19.2	--	25	48000	买盘
10:41:09	19.2	--	5	9600	买盘
10:40:43	19.2	0.01	4	7680	买盘
10:40:39	19.19	--	12	23028	卖盘
10:40:34	19.19	--	10	19190	卖盘
10:40:24	19.19	--	7	13433	卖盘
10:40:19	19.19	-0.01	2	3838	卖盘
10:40:13	19.2	--	10	19200	买盘
10:40:04	19.2	--	17	33408	卖盘
10:39:54	19.2	--	70	134400	卖盘
10:39:43	19.2	--	10	19200	卖盘
10:39:39	19.2	--	62	119424	卖盘
10:39:19	19.2	--	21	41088	买盘
10:39:09	19.2	--	15	28800	买盘
10:38:58	19.2	--	11	21120	买盘
10:38:54	19.2	--	50	96000	买盘
10:38:39	19.2	--	2	3840	买盘
10:38:33	19.2	--	17	32640	买盘
10:38:28	19.2	--	13	24960	买盘
10:38:13	19.2	--	2	3840	买盘
10:37:52	19.2	0.01	24	46080	买盘
10:37:43	19.19	--	1	1919	卖盘
10:37:33	19.19	--	10	19190	卖盘
10:37:28	19.19	--	5	9595	卖盘
10:37:13	19.19	--	11	22644	买盘
10:36:58	19.19	0.01	39	74841	买盘
10:36:52	19.18	--	24	46032	卖盘
10:36:48	19.18	0.01	12	23399	买盘
10:36:37	19.17	-0.01	1	1917	卖盘
10:36:33	19.18	0.01	22	42196	买盘
10:36:28	19.17	-0.01	24	46774	卖盘
10:36:18	19.18	0.01	16	31838	中性盘
10:36:13	19.17	--	0	0	卖盘
10:36:03	19.17	--	1	1917	卖盘
10:35:58	19.17	--	42	80514	卖盘
10:35:52	19.17	--	20	38340	卖盘
10:35:48	19.17	--	30	57510	卖盘
10:35:37	19.17	--	1	1917	卖盘
10:35:33	19.17	0.01	87	166779	买盘
10:35:28	19.16	-0.01	9	18010	卖盘
10:35:03	19.17	--	6	11502	买盘
10:34:52	19.17	--	20	38340	买盘
10:34:33	19.17	-0.01	53	101601	卖盘
10:34:28	19.18	0.01	8	15344	买盘
10:34:03	19.17	-0.01	12	23004	卖盘
10:33:58	19.18	--	3	5754	买盘
10:33:33	19.18	--	0	0	买盘
10:33:28	19.18	--	58	111244	买盘
10:33:13	19.18	0.01	243	466074	买盘
10:33:07	19.17	0.01	10	19170	买盘
10:33:03	19.16	-0.01	11	21076	卖盘
10:32:58	19.17	--	76	146458	卖盘
10:32:48	19.17	-0.01	1	1917	卖盘
10:32:43	19.18	--	5	9590	买盘
10:32:37	19.18	--	17	32606	买盘
10:32:33	19.18	-0.01	43	83624	卖盘
10:32:22	19.19	--	13	24947	卖盘
10:32:17	19.19	--	2	4605	卖盘
10:32:12	19.19	-0.01	10	19190	卖盘
10:31:52	19.2	-0.01	5	9600	卖盘
10:31:42	19.21	--	0	0	中性盘
10:31:31	19.21	-0.01	5	9605	卖盘
10:31:27	19.22	0.01	50	96100	买盘
10:31:16	19.21	--	1	1921	卖盘
10:31:07	19.21	-0.01	2	3842	卖盘
10:30:52	19.22	--	0	0	买盘
10:30:42	19.22	0.02	67	128773	买盘
10:30:31	19.2	-0.02	5	9600	卖盘
10:30:16	19.22	--	12	23064	卖盘
10:30:07	19.22	-0.01	8	15376	卖盘
10:29:57	19.23	--	0	0	买盘
10:29:37	19.23	--	5	9615	卖盘
10:29:27	19.23	0.03	18	34614	买盘
10:29:22	19.2	--	5	9600	卖盘
10:29:16	19.2	--	0	0	中性盘
10:29:12	19.2	-0.03	1	1920	卖盘
10:28:52	19.23	0.01	9	17307	卖盘
10:28:37	19.22	-0.01	2	3844	买盘
10:28:16	19.23	-0.02	3	5769	买盘
10:28:01	19.25	--	0	0	买盘
10:27:57	19.25	--	0	0	买盘
10:27:52	19.25	0.07	6	11550	买盘
10:27:46	19.18	-0.07	3	5754	卖盘
10:27:42	19.25	--	9	17325	买盘
10:27:37	19.25	--	44	86201	卖盘
10:27:31	19.25	-0.01	5	9625	卖盘
10:27:27	19.26	--	10	19260	买盘
10:27:06	19.26	0.01	52	100575	买盘
10:26:57	19.25	--	0	0	买盘
10:26:51	19.25	0.04	350	673750	买盘
10:26:46	19.21	0.01	24	46104	买盘
10:26:37	19.2	--	2	4608	卖盘
10:26:21	19.2	0.03	347	667392	买盘
10:26:06	19.17	--	2	4217	卖盘
10:25:46	19.17	-0.01	5	9585	卖盘
10:25:40	19.18	0.01	16	30688	买盘
10:25:36	19.17	--	12	23004	卖盘
10:25:10	19.17	--	9	17253	卖盘
10:25:06	19.17	-0.01	10	19170	卖盘
10:25:01	19.18	0.01	3	5754	买盘
10:24:51	19.17	--	1	1917	卖盘
10:24:46	19.17	--	37	70929	卖盘
10:24:31	19.17	--	8	15719	卖盘
10:24:21	19.17	--	0	383	卖盘
10:24:16	19.17	--	3	5751	卖盘
10:23:16	19.17	--	23	44091	卖盘
10:22:51	19.17	--	2	3834	卖盘
10:22:31	19.17	--	40	76680	买盘
10:22:16	19.17	0.01	51	97767	买盘
10:22:01	19.16	--	10	19160	卖盘
10:21:46	19.16	--	14	26824	卖盘
10:21:21	19.16	--	40	76640	买盘
10:21:16	19.16	0.01	23	44068	买盘
10:20:45	19.15	-0.02	5	9575	卖盘
10:20:36	19.17	--	0	0	买盘
10:20:30	19.17	--	66	127288	买盘
10:20:21	19.17	--	10	19170	买盘
10:20:10	19.17	--	14	26838	买盘
10:20:00	19.17	0.01	36	69012	买盘
10:19:50	19.16	--	31	59396	卖盘
10:19:45	19.16	-0.01	50	96949	卖盘
10:19:40	19.17	--	100	191700	买盘
10:19:25	19.17	--	9	17253	买盘
10:19:19	19.17	0.01	1	1917	买盘
10:19:15	19.16	-0.01	5	9580	卖盘
10:19:10	19.17	0.01	13	24921	买盘
10:18:55	19.16	--	13	24908	买盘
10:18:49	19.16	-0.01	2	3832	买盘
10:18:45	19.17	--	0	0	买盘
10:18:40	19.17	0.01	5	9585	买盘
10:18:34	19.16	-0.01	1	1916	中性盘
10:18:30	19.17	0.01	1	1917	买盘
10:18:25	19.16	-0.01	3	5748	卖盘
10:18:19	19.17	--	13	24921	买盘
10:18:15	19.17	--	48	92016	买盘
10:18:04	19.17	--	1	1917	买盘
10:18:00	19.17	--	3	5751	买盘
10:17:55	19.17	0.02	9	17253	买盘
10:17:49	19.15	-0.02	4	7659	卖盘
10:17:45	19.17	0.02	16	30672	买盘
10:17:30	19.15	--	12	22980	卖盘
10:17:25	19.15	-0.02	1	1914	卖盘
10:17:15	19.17	--	51	99300	买盘
10:17:10	19.17	--	15	28755	买盘
10:17:04	19.17	0.01	15	28755	买盘
10:17:00	19.16	-0.01	12	22992	卖盘
10:16:55	19.17	--	1	1917	买盘
10:16:45	19.17	-0.02	115	220455	卖盘
10:16:40	19.19	--	19	36461	买盘
10:16:30	19.19	-0.01	1	1919	买盘
10:16:25	19.2	0.02	32	61440	买盘
10:16:15	19.18	--	3	5754	卖盘
10:16:10	19.18	-0.01	2	3836	卖盘
10:16:04	19.19	0.01	9	17271	买盘
10:16:00	19.18	-0.02	1	1918	卖盘
10:15:55	19.2	--	3	5760	买盘
10:15:49	19.2	--	0	0	买盘
10:15:40	19.2	--	31	59520	买盘
10:15:30	19.2	0.04	12	23040	买盘
10:15:25	19.16	--	47	90435	卖盘
10:15:19	19.16	--	1	1916	买盘
10:15:15	19.16	--	10	19160	买盘
10:15:10	19.16	-0.04	9	17244	买盘
10:15:00	19.2	--	0	0	买盘
10:14:55	19.2	0.05	18	34560	买盘
10:14:49	19.15	--	0	383	卖盘
10:14:45	19.15	-0.05	8	15319	卖盘
10:14:40	19.2	0.05	310	595200	买盘
10:14:34	19.15	--	25	47875	卖盘
10:14:30	19.15	-0.02	9	17235	卖盘
10:14:24	19.17	0.01	38	72846	买盘
10:14:09	19.16	--	20	38320	卖盘
10:14:04	19.16	--	25	47900	卖盘
10:14:00	19.16	--	36	68976	卖盘
10:13:54	19.16	--	10	19543	卖盘
10:13:49	19.16	-0.01	60	114960	卖盘
10:13:45	19.17	--	19	36423	买盘
10:13:39	19.17	0.01	2	3834	买盘
10:13:34	19.16	--	4	7664	卖盘
10:13:29	19.16	--	45	86220	卖盘
10:13:24	19.16	-0.01	0	1532	卖盘
10:12:54	19.17	--	6	11502	卖盘
10:12:39	19.17	--	1	2300	卖盘
10:12:34	19.17	--	10	19170	卖盘
10:12:28	19.17	--	7	14952	买盘
10:12:24	19.17	--	10	19170	买盘
10:12:09	19.17	--	4	7668	买盘
10:12:04	19.17	--	8	15719	卖盘
10:11:58	19.17	--	1	1917	卖盘
10:11:49	19.17	-0.01	12	24537	卖盘
10:11:34	19.18	--	3	5754	买盘
10:11:19	19.18	--	9	17262	买盘
10:10:39	19.18	--	20	38360	买盘
10:10:34	19.18	0.01	2	3836	卖盘
10:10:24	19.17	-0.01	55	105435	卖盘
10:10:19	19.18	--	9	17262	买盘
10:10:09	19.18	0.01	3	5754	买盘
10:09:54	19.17	0.01	5	9585	卖盘
10:09:39	19.16	-0.01	18	34488	卖盘
10:09:28	19.17	--	3	5751	买盘
10:09:19	19.17	--	3	5751	买盘
10:09:13	19.17	--	2	3834	买盘
10:09:09	19.17	-0.01	182	348894	卖盘
10:08:54	19.18	--	45	86310	买盘
10:08:49	19.18	--	10	19180	买盘
10:08:39	19.18	0.01	53	101654	买盘
10:08:34	19.17	0.01	41	78597	买盘
10:08:28	19.16	-0.01	100	191600	卖盘
10:08:24	19.17	--	6	11502	买盘
10:08:19	19.17	--	10	19170	买盘
10:08:04	19.17	--	25	47925	卖盘
10:07:33	19.17	0.01	2	3834	买盘
10:07:24	19.16	--	0	0	卖盘
10:07:09	19.16	--	2	3832	卖盘
10:07:03	19.16	-0.02	33	63228	卖盘
10:06:58	19.18	0.01	63	120834	买盘
10:06:48	19.17	--	7	13419	买盘
10:06:43	19.17	--	2	3834	买盘
10:06:28	19.17	0.01	6	11502	买盘
10:06:22	19.16	-0.01	3	5748	卖盘
10:06:13	19.17	--	16	30672	买盘
10:06:03	19.17	--	8	15336	买盘
10:05:48	19.17	--	17	32589	卖盘
10:05:33	19.17	0.01	30	57510	买盘
10:05:18	19.16	-0.02	22	42152	卖盘
10:05:13	19.18	--	2	3836	买盘
10:05:03	19.18	--	20	38360	买盘
10:04:58	19.18	0.02	75	143850	买盘
10:04:48	19.16	--	2	3832	卖盘
10:04:28	19.16	-0.02	42	80472	卖盘
10:04:18	19.18	--	3	5754	买盘
10:04:13	19.18	--	19	36442	卖盘
10:04:07	19.18	--	21	40278	卖盘
10:04:03	19.18	--	7	13426	卖盘
10:03:52	19.18	-0.01	5	9590	卖盘
10:03:48	19.19	--	4	7676	买盘
10:03:43	19.19	--	2	3838	买盘
10:03:07	19.19	--	1	1919	买盘
10:02:58	19.19	0.01	13	24947	买盘
10:02:52	19.18	0.02	88	168784	买盘
10:02:48	19.16	--	5	9580	卖盘
10:02:33	19.16	--	5	9580	买盘
10:02:22	19.16	--	4	7664	买盘
10:02:13	19.16	0.01	12	22992	买盘
10:01:48	19.15	-0.01	5	9575	卖盘
10:01:43	19.16	-0.01	1	1916	买盘
10:01:28	19.17	0.01	38	72846	买盘
10:01:22	19.16	-0.01	17	34104	卖盘
10:01:12	19.17	--	40	76680	买盘
10:01:07	19.17	-0.01	132	253810	卖盘
10:00:57	19.18	0.01	5	9590	买盘
10:00:48	19.17	--	5	9585	卖盘
10:00:42	19.17	-0.01	4	7668	卖盘
10:00:22	19.18	--	42	80556	买盘
10:00:12	19.18	--	4	7672	买盘
10:00:01	19.18	0.01	50	95900	买盘
09:59:57	19.17	-0.01	3	5751	卖盘
09:59:46	19.18	--	2	3836	买盘
09:59:42	19.18	--	2	3836	买盘
09:59:37	19.18	--	1	1918	买盘
09:59:31	19.18	--	37	70966	卖盘
09:59:12	19.18	--	33	63294	卖盘
09:59:07	19.18	-0.01	3	5754	卖盘
09:59:01	19.19	0.02	10	19190	买盘
09:58:57	19.17	--	0	0	卖盘
09:58:52	19.17	-0.01	100	191700	卖盘
09:58:42	19.18	--	3	6904	买盘
09:58:31	19.18	0.01	3	5754	买盘
09:58:16	19.17	--	40	76680	卖盘
09:58:12	19.17	-0.01	7	13419	卖盘
09:58:07	19.18	0.01	34	65212	买盘
09:57:57	19.17	--	6	11502	卖盘
09:57:52	19.17	--	49	93933	卖盘
09:57:42	19.17	--	31	59427	卖盘
09:57:37	19.17	0.01	9	17253	中性盘
09:57:27	19.16	-0.01	7	13412	卖盘
09:57:22	19.17	0.01	11	21087	买盘
09:57:07	19.16	-0.01	2	3832	买盘
09:57:01	19.17	--	5	9585	买盘
09:56:57	19.17	0.01	13	24921	买盘
09:56:52	19.16	--	14	26824	卖盘
09:56:42	19.16	0.01	6	11496	卖盘
09:56:31	19.15	-0.01	17	32554	卖盘
09:56:22	19.16	--	10	19160	卖盘
09:56:07	19.16	-0.01	27	53264	卖盘
09:55:57	19.17	0.03	129	247676	买盘
09:55:52	19.14	--	37	71966	卖盘
09:55:37	19.14	-0.03	6	11484	卖盘
09:55:31	19.17	--	5	9585	买盘
09:55:27	19.17	0.04	51	97767	买盘
09:55:16	19.13	-0.04	7	13391	卖盘
09:55:07	19.17	--	8	16102	卖盘
09:54:57	19.17	0.03	36	70162	买盘
09:54:46	19.14	--	6	12249	卖盘
09:54:42	19.14	--	5	9570	卖盘
09:54:36	19.14	--	10	19140	卖盘
09:54:27	19.14	-0.01	20	38280	卖盘
09:54:21	19.15	0.01	8	15319	买盘
09:54:16	19.14	-0.01	3	5742	卖盘
09:54:12	19.15	-0.02	140	269249	卖盘
09:54:06	19.17	0.02	5	9585	买盘
09:53:55	19.15	-0.03	100	191500	卖盘
09:53:51	19.18	--	6	11508	买盘
09:53:46	19.18	--	35	67130	卖盘
09:53:40	19.18	--	2	3836	卖盘
09:53:37	19.18	--	75	143850	卖盘
09:53:31	19.18	--	9	17262	卖盘
09:53:21	19.18	--	10	19180	卖盘
09:53:10	19.18	--	20	38360	卖盘
09:53:01	19.18	-0.01	50	95900	卖盘
09:52:55	19.19	--	6	11514	买盘
09:52:51	19.19	0.01	12	23028	买盘
09:52:46	19.18	-0.02	10	19180	卖盘
09:52:40	19.2	--	0	0	买盘
09:52:36	19.2	0.02	30	57600	买盘
09:52:21	19.18	--	112	214816	卖盘
09:52:16	19.18	--	53	101654	买盘
09:52:06	19.18	--	1	1918	卖盘
09:52:01	19.18	-0.01	100	192567	卖盘
09:51:46	19.19	-0.01	14	26866	买盘
09:51:40	19.2	0.02	90	172800	买盘
09:51:36	19.18	-0.01	5	9590	卖盘
09:51:31	19.19	-0.01	2	3838	卖盘
09:51:25	19.2	--	0	0	买盘
09:51:21	19.2	0.01	79	151680	买盘
09:51:10	19.19	--	19	36461	买盘
09:51:06	19.19	--	10	19190	买盘
09:51:01	19.19	--	22	42218	买盘
09:50:51	19.19	0.01	2	3838	买盘
09:50:46	19.18	--	3	6904	买盘
09:50:40	19.18	--	29	56389	卖盘
09:50:36	19.18	--	5	9590	卖盘
09:50:31	19.18	--	21	40278	卖盘
09:50:25	19.18	--	17	32606	卖盘
09:50:21	19.18	--	14	28002	买盘
09:50:16	19.18	--	4	7672	买盘
09:50:06	19.18	0.01	3	5754	买盘
09:50:01	19.17	--	41	79363	卖盘
09:49:51	19.17	-0.01	8	15336	卖盘
09:49:46	19.18	--	10	19180	买盘
09:49:36	19.18	--	1	1918	买盘
09:49:31	19.18	--	34	65212	卖盘
09:49:21	19.18	--	13	24934	卖盘
09:49:16	19.18	--	18	34524	卖盘
09:49:10	19.18	--	2	3836	卖盘
09:49:06	19.18	--	20	38360	卖盘
09:49:01	19.18	--	16	30688	卖盘
09:48:55	19.18	--	1	1918	卖盘
09:48:51	19.18	-0.02	6	11508	卖盘
09:48:46	19.2	--	25	48000	买盘
09:48:40	19.2	--	3	5760	卖盘
09:48:36	19.2	-0.01	91	174720	卖盘
09:48:30	19.21	-0.01	1	1921	买盘
09:48:25	19.22	-0.01	2	3844	买盘
09:48:21	19.23	--	28	55343	卖盘
09:48:16	19.23	0.01	65	125418	买盘
09:48:06	19.22	-0.01	5	9610	买盘
09:48:01	19.23	--	0	0	买盘
09:47:55	19.23	--	86	166877	卖盘
09:47:51	19.23	-0.01	27	51921	卖盘
09:47:45	19.24	0.01	23	44252	中性盘
09:47:40	19.23	--	12	23076	卖盘
09:47:36	19.23	0.01	45	86535	卖盘
09:47:30	19.22	--	6	11954	买盘
09:47:21	19.22	-0.01	72	138384	卖盘
09:47:15	19.23	0.01	3	5769	买盘
09:47:10	19.22	--	3	5766	卖盘
09:47:04	19.22	--	30	57660	卖盘
09:47:00	19.22	0.02	74	142228	买盘
09:46:55	19.2	--	10	19200	卖盘
09:46:49	19.2	--	94	182016	买盘
09:46:45	19.2	0.02	2	3840	买盘
09:46:40	19.18	-0.02	467	895706	卖盘
09:46:30	19.2	--	4	7680	买盘
09:46:25	19.2	--	46	88320	卖盘
09:46:19	19.2	--	12	23040	卖盘
09:46:15	19.2	--	83	159360	卖盘
09:46:10	19.2	-0.01	43	82560	卖盘
09:46:04	19.21	0.01	25	48025	买盘
09:46:00	19.2	--	130	249600	卖盘
09:45:55	19.2	-0.02	5	9600	卖盘
09:45:49	19.22	0.01	7	13454	买盘
09:45:45	19.21	-0.01	13	24973	卖盘
09:45:40	19.22	--	39	74958	买盘
09:45:34	19.22	0.02	10	19220	买盘
09:45:30	19.2	-0.02	20	38400	卖盘
09:45:25	19.22	--	122	234484	买盘
09:45:19	19.22	--	55	105710	买盘
09:45:15	19.22	0.01	10	19220	买盘
09:45:10	19.21	--	64	122944	卖盘
09:45:04	19.21	-0.02	1	1921	卖盘
09:45:00	19.23	0.03	80	153840	买盘
09:44:55	19.2	--	5	9600	卖盘
09:44:49	19.2	-0.03	14	26880	卖盘
09:44:45	19.23	0.03	11	21153	中性盘
09:44:40	19.2	-0.03	21	40320	卖盘
09:44:34	19.23	--	14	26922	卖盘
09:44:30	19.23	0.02	17	32691	买盘
09:44:25	19.21	0.01	45	86445	买盘
09:44:19	19.2	0.01	16	31872	买盘
09:44:15	19.19	0.02	109	209171	买盘
09:44:10	19.17	--	4	7668	卖盘
09:44:04	19.17	-0.01	1	1917	卖盘
09:44:00	19.18	0.01	10	19180	买盘
09:43:55	19.17	-0.01	165	316305	卖盘
09:43:49	19.18	--	0	0	买盘
09:43:45	19.18	0.04	70	134260	买盘
09:43:40	19.14	-0.03	1	2679	卖盘
09:43:34	19.17	0.03	2	3834	买盘
09:43:30	19.14	-0.03	2	3828	卖盘
09:43:25	19.17	-0.01	2	3834	中性盘
09:43:19	19.18	0.03	79	151522	买盘
09:43:15	19.15	0.01	1	1914	买盘
09:43:10	19.14	0.02	32	62396	买盘
09:43:04	19.12	--	81	154872	买盘
09:43:00	19.12	--	13	24856	买盘
09:42:49	19.12	--	30	57360	买盘
09:42:45	19.12	0.01	5	9560	买盘
09:42:40	19.11	--	10	19110	卖盘
09:42:30	19.11	--	109	208299	买盘
09:42:25	19.11	0.01	40	76440	买盘
09:42:10	19.1	--	105	201314	买盘
09:42:04	19.1	0.01	12	22920	买盘
09:42:00	19.09	-0.01	35	66815	卖盘
09:41:55	19.1	0.01	2	3820	买盘
09:41:45	19.09	--	34	64906	买盘
09:41:40	19.09	--	130	248170	买盘
09:41:30	19.09	--	121	230989	买盘
09:41:15	19.09	0.01	5	9545	买盘
09:41:09	19.08	--	32	62200	买盘
09:41:00	19.08	--	100	190799	买盘
09:40:54	19.08	0.01	31	59147	买盘
09:40:49	19.07	--	10	19070	卖盘
09:40:45	19.07	--	24	45768	买盘
09:40:39	19.07	--	16	30512	买盘
09:40:24	19.07	0.01	1	1907	买盘
09:40:13	19.06	--	42	81519	买盘
09:40:09	19.06	--	6	11436	买盘
09:39:58	19.06	--	3	5718	买盘
09:39:54	19.06	-0.01	35	67148	卖盘
09:39:49	19.07	--	62	118234	买盘
09:39:43	19.07	0.01	32	61024	买盘
09:39:39	19.06	--	1	1905	卖盘
09:39:28	19.06	--	2	3811	卖盘
09:39:24	19.06	--	3	7185	买盘
09:39:19	19.06	--	7	13342	买盘
09:39:13	19.06	0.01	10	19060	买盘
09:39:09	19.05	-0.01	54	104013	卖盘
09:39:04	19.06	--	73	139138	买盘
09:38:54	19.06	0.01	10	19060	买盘
09:38:49	19.05	-0.01	3	5715	卖盘
09:38:34	19.06	--	43	81958	买盘
09:38:28	19.06	-0.01	26	49994	卖盘
09:38:24	19.07	--	200	381400	买盘
09:38:19	19.07	0.01	7	13349	买盘
09:38:13	19.06	--	48	92955	买盘
09:38:09	19.06	--	32	60991	买盘
09:38:04	19.06	--	10	19498	卖盘
09:37:54	19.06	--	8	16010	卖盘
09:37:49	19.06	--	105	200454	卖盘
09:37:43	19.06	--	3	5718	卖盘
09:37:19	19.06	--	0	0	卖盘
09:37:09	19.06	-0.01	58	110547	卖盘
09:37:04	19.07	0.01	75	143025	买盘
09:36:58	19.06	--	3	5718	卖盘
09:36:49	19.06	--	31	59467	卖盘
09:36:39	19.06	0.02	41	78146	买盘
09:36:34	19.04	--	2	3808	卖盘
09:36:19	19.04	--	10	19040	卖盘
09:36:04	19.04	-0.02	5	9520	卖盘
09:35:58	19.06	-0.01	84	160866	卖盘
09:35:54	19.07	--	41	78187	买盘
09:35:49	19.07	--	12	22884	买盘
09:35:24	19.07	0.01	6	11442	卖盘
09:35:13	19.06	--	1	2287	卖盘
09:35:09	19.06	--	3	6480	买盘
09:34:58	19.06	-0.03	18	34308	卖盘
09:34:48	19.09	--	0	0	买盘
09:34:43	19.09	0.03	40	76360	买盘
09:34:33	19.06	-0.03	20	38120	卖盘
09:34:24	19.09	--	0	0	买盘
09:34:09	19.09	-0.01	5	9545	买盘
09:34:03	19.1	--	16	31706	卖盘
09:33:58	19.1	--	30	57300	卖盘
09:33:52	19.1	--	6	11460	卖盘
09:33:48	19.1	--	46	89388	卖盘
09:33:43	19.1	--	35	67996	买盘
09:33:33	19.1	--	0	0	买盘
09:33:28	19.1	0.04	21	40110	买盘
09:33:18	19.06	--	20	38120	卖盘
09:33:03	19.06	--	243	463157	卖盘
09:32:58	19.06	0.02	10	19060	买盘
09:32:48	19.04	-0.05	10	19040	卖盘
09:32:43	19.09	0.02	41	78269	买盘
09:32:28	19.07	0.03	56	106792	买盘
09:32:18	19.04	-0.05	1	1904	卖盘
09:32:13	19.09	--	0	0	买盘
09:32:07	19.09	0.05	218	416162	买盘
09:32:03	19.04	0.02	17	32368	买盘
09:31:52	19.02	--	9	17118	卖盘
09:31:48	19.02	--	0	0	卖盘
09:31:43	19.02	--	106	201612	卖盘
09:31:28	19.02	-0.02	3	5706	卖盘
09:31:22	19.04	--	0	0	买盘
09:31:18	19.04	0.02	10	19040	买盘
09:31:13	19.02	-0.01	6	11412	买盘
09:31:07	19.03	--	6	11798	卖盘
09:31:03	19.03	0.01	37	71172	买盘
09:30:58	19.02	-0.01	12	23204	卖盘
09:30:48	19.03	-0.01	21	39963	卖盘
09:30:43	19.04	--	20	38080	买盘
09:30:37	19.04	--	2	3808	买盘
09:30:33	19.04	--	22	41888	卖盘
09:30:18	19.04	0.02	5	9520	卖盘
09:30:13	19.02	--	4	7608	卖盘
09:30:07	19.02	0.01	69	132759	买盘
09:30:03	19.01	-0.01	153	290853	卖盘
09:28:57	19.02	--	0	0	买盘
09:25:09	19.02	19.02	31	58962	买盘
