成交时间	成交价	价格变动	成交量(手)	成交额(元)	性质
15:00:00	14.02	--	0	0	卖盘
15:00:00	14.02	--	0	0	卖盘
15:00:00	14.02	--	7	9814	买盘
14:59:58	14.02	-0.01	43	60286	卖盘
14:59:52	14.03	0.02	128	179584	买盘
14:59:48	14.01	--	65	91065	买盘
14:59:43	14.01	-0.01	303	424503	卖盘
14:59:37	14.02	--	2	2804	卖盘
14:59:33	14.02	--	80	112160	卖盘
14:59:28	14.02	0.01	141	197682	买盘
14:59:22	14.01	--	52	72852	卖盘
14:59:18	14.01	--	54	75654	卖盘
14:59:13	14.01	--	26	36426	卖盘
14:59:07	14.01	-0.01	9	12609	中性盘
14:59:03	14.02	-0.01	27	37854	买盘
14:58:58	14.03	0.02	212	297436	买盘
14:58:43	14.01	-0.01	391	547791	卖盘
14:58:37	14.02	--	1	1402	买盘
14:58:33	14.02	0.01	30	42060	买盘
14:58:27	14.01	0.01	81	113481	买盘
14:58:22	14.0	--	15	21000	买盘
14:58:18	14.0	--	3	4200	买盘
14:58:12	14.0	-0.01	85	119000	卖盘
14:58:07	14.01	--	152	212952	买盘
14:58:02	14.01	--	470	658470	买盘
14:57:57	14.01	-0.01	45	63045	卖盘
14:57:52	14.02	0.01	11	15422	卖盘
14:57:42	14.01	0.02	29	40629	中性盘
14:57:37	13.99	-0.03	387	541413	卖盘
14:57:32	14.02	0.01	34	47668	买盘
14:57:27	14.01	--	11	15411	卖盘
14:57:22	14.01	-0.01	30	42030	卖盘
14:57:18	14.02	0.01	5	7010	买盘
14:57:12	14.01	0.02	80	112080	买盘
14:57:07	13.99	--	2	2798	买盘
14:57:02	13.99	-0.03	1	1399	买盘
14:56:57	14.02	0.03	471	660342	买盘
14:56:52	13.99	--	44	61556	买盘
14:56:47	13.99	-0.01	4	5596	中性盘
14:56:42	14.0	0.01	290	406000	买盘
14:56:27	13.99	-0.01	5	6995	卖盘
14:56:22	14.0	--	8	11200	买盘
14:56:17	14.0	0.01	15	21000	买盘
14:56:12	13.99	-0.01	111	155289	卖盘
14:56:07	14.0	--	49	68600	卖盘
14:56:02	14.0	-0.01	5	7000	卖盘
14:55:52	14.01	--	14	19614	买盘
14:55:42	14.01	0.01	110	154110	买盘
14:55:37	14.0	--	14	19600	买盘
14:55:31	14.0	--	1	1400	买盘
14:55:27	14.0	0.01	1	1400	买盘
14:55:22	13.99	-0.01	204	285396	卖盘
14:55:12	14.0	0.01	32	44800	买盘
14:55:07	13.99	-0.01	110	153890	卖盘
14:55:01	14.0	--	6	8400	买盘
14:54:52	14.0	--	43	60200	买盘
14:54:46	14.0	--	11	15400	买盘
14:54:42	14.0	--	28	39200	买盘
14:54:37	14.0	--	2	2800	买盘
14:54:31	14.0	-0.01	3	4200	买盘
14:54:27	14.01	0.01	8	11208	买盘
14:54:22	14.0	--	3	4200	卖盘
14:54:16	14.0	--	13	18200	卖盘
14:54:12	14.0	--	20	28000	买盘
14:54:07	14.0	--	13	18200	买盘
14:53:57	14.0	0.01	5	7000	买盘
14:53:52	13.99	0.01	488	682712	买盘
14:53:46	13.98	-0.01	25	34950	卖盘
14:53:37	13.99	--	20	27980	买盘
14:53:31	13.99	-0.01	91	127309	卖盘
14:53:27	14.0	--	10	14000	买盘
14:53:22	14.0	--	16	22400	买盘
14:53:16	14.0	--	5	7000	买盘
14:53:12	14.0	-0.01	240	336000	卖盘
14:53:07	14.01	0.01	1	1401	买盘
14:52:57	14.0	-0.01	202	282800	卖盘
14:52:52	14.01	--	40	56040	买盘
14:52:42	14.01	--	216	302616	卖盘
14:52:37	14.01	--	10	14010	卖盘
14:52:31	14.01	-0.01	37	51837	卖盘
14:52:27	14.02	--	11	15422	买盘
14:52:16	14.02	--	15	21030	买盘
14:52:12	14.02	0.01	29	40658	买盘
14:52:07	14.01	--	20	28020	卖盘
14:52:01	14.01	-0.01	10	14010	卖盘
14:51:57	14.02	--	11	15422	买盘
14:51:46	14.02	-0.01	4	5608	卖盘
14:51:42	14.03	--	80	112240	卖盘
14:51:37	14.03	--	4	5612	卖盘
14:51:31	14.03	--	10	14030	卖盘
14:51:27	14.03	0.01	277	388631	买盘
14:51:22	14.02	0.02	3	4206	买盘
14:51:12	14.0	--	0	0	卖盘
14:51:06	14.0	--	0	0	卖盘
14:51:01	14.0	-0.01	135	189000	卖盘
14:50:56	14.01	--	1	1401	买盘
14:50:51	14.01	--	6	8406	买盘
14:50:46	14.01	-0.02	33	46233	卖盘
14:50:36	14.03	--	3	4209	买盘
14:50:31	14.03	--	1	1403	买盘
14:50:26	14.03	--	57	79971	买盘
14:50:21	14.03	--	273	383019	卖盘
14:50:16	14.03	--	5	7015	卖盘
14:50:11	14.03	--	50	70150	卖盘
14:50:06	14.03	--	28	39284	卖盘
14:50:01	14.03	0.01	139	195017	买盘
14:49:56	14.02	-0.01	12	16824	卖盘
14:49:46	14.03	0.02	29	40687	买盘
14:49:41	14.01	--	0	0	卖盘
14:49:36	14.01	-0.02	208	291408	卖盘
14:49:31	14.03	--	4	5612	买盘
14:49:16	14.03	--	114	159942	卖盘
14:49:11	14.03	--	86	120658	买盘
14:49:06	14.03	--	24	33672	卖盘
14:49:01	14.03	--	99	138897	卖盘
14:48:51	14.03	--	9	12627	卖盘
14:48:46	14.03	0.03	220	308660	买盘
14:48:40	14.0	--	22	30800	买盘
14:48:36	14.0	-0.01	103	144200	卖盘
14:48:31	14.01	--	1	1401	买盘
14:48:21	14.01	--	13	18213	买盘
14:48:16	14.01	--	4	5604	卖盘
14:48:06	14.01	--	2	2802	卖盘
14:47:55	14.01	--	0	0	卖盘
14:47:51	14.01	0.01	35	49035	卖盘
14:47:46	14.0	--	50	70000	卖盘
14:47:40	14.0	--	0	0	卖盘
14:47:31	14.0	--	12	16800	卖盘
14:47:21	14.0	-0.03	20	28000	卖盘
14:47:16	14.03	0.03	10	14030	买盘
14:47:10	14.0	-0.03	7	9800	卖盘
14:47:01	14.03	--	193	270779	卖盘
14:46:51	14.03	-0.01	8	11224	卖盘
14:46:46	14.04	--	396	555984	卖盘
14:46:31	14.04	-0.01	78	109512	卖盘
14:46:21	14.05	--	17	23885	买盘
14:46:16	14.05	-0.01	96	134880	卖盘
14:46:06	14.06	-0.02	5	7030	卖盘
14:45:55	14.08	--	2	2816	买盘
14:45:51	14.08	--	20	28160	卖盘
14:45:46	14.08	--	17	23936	卖盘
14:45:40	14.08	--	12	16896	卖盘
14:45:36	14.08	--	33	46464	卖盘
14:45:31	14.08	--	66	92928	卖盘
14:45:25	14.08	-0.01	15	21120	卖盘
14:45:21	14.09	--	70	98630	买盘
14:45:16	14.09	0.03	133	187397	买盘
14:45:10	14.06	--	4	5624	卖盘
14:45:06	14.06	--	16	22496	卖盘
14:45:01	14.06	--	3	4218	卖盘
14:44:55	14.06	-0.03	10	14060	卖盘
14:44:50	14.09	--	143	201487	买盘
14:44:46	14.09	0.04	35	49315	买盘
14:44:21	14.05	-0.04	53	74465	卖盘
14:44:15	14.09	--	87	122583	卖盘
14:44:10	14.09	--	76	107084	卖盘
14:44:00	14.09	--	8	11272	卖盘
14:43:55	14.09	--	69	97221	卖盘
14:43:50	14.09	0.05	877	1235693	买盘
14:43:45	14.04	--	17	23868	买盘
14:43:40	14.04	--	230	322920	卖盘
14:43:35	14.04	--	94	131976	卖盘
14:43:25	14.04	-0.01	50	70200	卖盘
14:43:20	14.05	--	100	140500	买盘
14:43:10	14.05	-0.01	81	113805	卖盘
14:43:00	14.06	--	8	11248	买盘
14:42:55	14.06	-0.01	9	12654	买盘
14:42:40	14.07	0.02	388	545916	买盘
14:42:35	14.05	--	2	2810	卖盘
14:42:30	14.05	--	0	0	卖盘
14:42:25	14.05	-0.01	5	7025	卖盘
14:42:20	14.06	--	11	15466	卖盘
14:42:15	14.06	--	22	30932	卖盘
14:42:10	14.06	--	10	14060	卖盘
14:42:04	14.06	0.02	379	532874	买盘
14:42:00	14.04	--	25	35100	卖盘
14:41:55	14.04	-0.01	191	268164	买盘
14:41:40	14.05	--	203	285215	买盘
14:41:34	14.05	0.01	66	92730	买盘
14:41:30	14.04	--	15	21060	卖盘
14:41:25	14.04	--	402	564408	卖盘
14:41:15	14.04	--	332	466128	卖盘
14:41:10	14.04	--	124	174096	买盘
14:41:04	14.04	0.01	4	5616	买盘
14:41:00	14.03	--	12	16836	卖盘
14:40:55	14.03	-0.01	122	171166	卖盘
14:40:49	14.04	0.02	74	103896	买盘
14:40:40	14.02	--	0	0	买盘
14:40:34	14.02	0.01	56	78512	买盘
14:40:30	14.01	0.02	87	121887	买盘
14:40:25	13.99	-0.02	50	69950	卖盘
14:40:19	14.01	0.02	94	132086	买盘
14:40:15	13.99	--	16	22384	卖盘
14:40:10	13.99	--	24	33576	卖盘
14:40:04	13.99	-0.01	27	37773	卖盘
14:40:00	14.0	0.02	134	187600	买盘
14:39:55	13.98	--	1	1398	买盘
14:39:49	13.98	0.01	3	4194	买盘
14:39:45	13.97	0.01	4	5588	买盘
14:39:40	13.96	--	48	67008	买盘
14:39:34	13.96	--	29	40484	买盘
14:39:29	13.96	--	17	23732	买盘
14:39:25	13.96	0.01	15	20940	买盘
14:39:19	13.95	--	24	33480	卖盘
14:39:15	13.95	--	2	2790	买盘
14:39:10	13.95	--	178	248310	买盘
14:39:00	13.95	--	59	82305	卖盘
14:38:55	13.95	--	542	756090	卖盘
14:38:45	13.95	--	160	223200	卖盘
14:38:40	13.95	-0.01	31	43245	卖盘
14:38:34	13.96	0.01	1	1396	买盘
14:38:30	13.95	-0.02	83	115785	卖盘
14:38:19	13.97	-0.02	23	32131	卖盘
14:38:15	13.99	--	9	12591	卖盘
14:38:10	13.99	0.01	47	65753	买盘
14:38:03	13.98	-0.01	17	23766	卖盘
14:37:59	13.99	--	8	11192	买盘
14:37:49	13.99	--	4	5596	卖盘
14:37:39	13.99	-0.03	450	629550	卖盘
14:37:34	14.02	--	11	15422	买盘
14:37:29	14.02	--	63	88326	买盘
14:37:24	14.02	--	65	91130	卖盘
14:37:19	14.02	--	5	7010	卖盘
14:37:09	14.02	-0.01	1	1402	卖盘
14:37:04	14.03	--	101	141703	卖盘
14:36:59	14.03	-0.01	9	12627	卖盘
14:36:54	14.04	0.01	24	33696	买盘
14:36:49	14.03	-0.01	11	15433	卖盘
14:36:44	14.04	--	3	4212	买盘
14:36:39	14.04	--	45	63179	卖盘
14:36:34	14.04	-0.01	99	138996	卖盘
14:36:29	14.05	0.01	6	8430	买盘
14:36:24	14.04	-0.01	1	1404	卖盘
14:36:19	14.05	-0.01	21	29505	卖盘
14:36:09	14.06	0.01	43	60458	买盘
14:36:04	14.05	--	24	33720	卖盘
14:35:59	14.05	--	15	21075	买盘
14:35:54	14.05	--	21	29505	买盘
14:35:49	14.05	0.01	31	43555	买盘
14:35:39	14.04	--	21	29484	卖盘
14:35:34	14.04	--	25	35100	卖盘
14:35:28	14.04	--	1	1404	卖盘
14:35:19	14.04	--	14	19656	卖盘
14:35:08	14.04	--	8	11232	卖盘
14:35:04	14.04	--	1	1404	卖盘
14:34:58	14.04	--	5	7020	卖盘
14:34:54	14.04	--	1	1404	卖盘
14:34:49	14.04	-0.01	1	1404	卖盘
14:34:38	14.05	--	0	0	中性盘
14:34:34	14.05	--	1	1405	卖盘
14:34:28	14.05	--	4	5620	卖盘
14:34:23	14.05	0.01	15	21075	买盘
14:34:19	14.04	--	15	21060	卖盘
14:34:13	14.04	-0.01	1	1404	卖盘
14:34:09	14.05	--	5	7025	买盘
14:34:04	14.05	0.02	479	672995	买盘
14:33:58	14.03	--	0	0	中性盘
14:33:49	14.03	--	1	1403	卖盘
14:33:43	14.03	--	33	46299	卖盘
14:33:38	14.03	--	61	85583	卖盘
14:33:28	14.03	--	31	43493	卖盘
14:33:23	14.03	-0.01	129	180987	卖盘
14:33:19	14.04	--	58	81432	买盘
14:33:09	14.04	0.01	200	280800	买盘
14:33:04	14.03	-0.01	36	50508	卖盘
14:32:58	14.04	--	20	28080	卖盘
14:32:54	14.04	--	1	1404	卖盘
14:32:43	14.04	-0.01	422	592488	卖盘
14:32:39	14.05	-0.02	5	7025	卖盘
14:32:34	14.07	0.02	5	7035	买盘
14:32:28	14.05	--	2	2810	卖盘
14:32:24	14.05	--	164	230420	卖盘
14:32:18	14.05	--	140	196700	卖盘
14:32:12	14.05	--	88	123640	卖盘
14:32:09	14.05	--	51	71655	卖盘
14:32:04	14.05	--	11	15455	卖盘
14:31:49	14.05	--	207	290835	卖盘
14:31:39	14.05	-0.02	1	1405	卖盘
14:31:34	14.07	-0.01	112	158597	卖盘
14:31:28	14.08	0.01	6	8448	买盘
14:31:23	14.07	-0.01	10	14070	卖盘
14:31:18	14.08	0.01	65	91520	买盘
14:31:13	14.07	--	0	0	卖盘
14:31:08	14.07	-0.01	26	36582	卖盘
14:31:03	14.08	--	69	97152	卖盘
14:30:58	14.08	--	92	129536	买盘
14:30:48	14.08	0.01	16	22528	买盘
14:30:43	14.07	--	111	156177	卖盘
14:30:33	14.07	-0.01	62	87234	卖盘
14:30:28	14.08	--	111	156288	卖盘
14:30:23	14.08	--	1	1408	卖盘
14:30:18	14.08	--	25	35200	卖盘
14:30:13	14.08	--	11	15488	卖盘
14:30:03	14.08	--	23	32384	卖盘
14:29:58	14.08	-0.01	19	26752	卖盘
14:29:48	14.09	0.01	35	49315	卖盘
14:29:43	14.08	-0.01	31	43648	卖盘
14:29:38	14.09	--	1	1409	卖盘
14:29:33	14.09	0.01	4	5636	卖盘
14:29:27	14.08	-0.01	21	29568	卖盘
14:29:23	14.09	--	4	5636	卖盘
14:29:18	14.09	-0.01	15	21135	卖盘
14:29:13	14.1	0.01	133	187530	买盘
14:29:03	14.09	-0.01	177	249393	卖盘
14:28:58	14.1	0.01	7	9870	买盘
14:28:52	14.09	-0.01	1	1409	卖盘
14:28:47	14.1	-0.01	336	473760	卖盘
14:28:43	14.11	--	96	135456	卖盘
14:28:37	14.11	--	40	56440	卖盘
14:28:33	14.11	-0.01	42	59262	卖盘
14:28:27	14.12	0.01	38	53656	买盘
14:28:21	14.11	--	10	14110	卖盘
14:28:17	14.11	--	1	1411	卖盘
14:28:13	14.11	--	38	53618	卖盘
14:28:07	14.11	--	2	2822	买盘
14:28:03	14.11	-0.02	10	14110	卖盘
14:27:57	14.13	0.03	201	284013	买盘
14:27:47	14.1	--	1	1410	卖盘
14:27:43	14.1	0.01	44	62040	买盘
14:27:37	14.09	--	1	1409	卖盘
14:27:32	14.09	--	1	1409	卖盘
14:27:28	14.09	-0.01	11	15499	卖盘
14:27:22	14.1	--	10	14100	买盘
14:27:18	14.1	0.01	25	35250	买盘
14:27:13	14.09	--	34	47906	卖盘
14:27:03	14.09	-0.03	181	255029	卖盘
14:26:57	14.12	--	23	32476	卖盘
14:26:48	14.12	--	84	118608	卖盘
14:26:43	14.12	--	23	32476	卖盘
14:26:37	14.12	--	5	7060	卖盘
14:26:32	14.12	0.03	812	1146544	买盘
14:26:28	14.09	--	1	1409	卖盘
14:26:18	14.09	-0.01	11	15499	卖盘
14:26:13	14.1	0.01	3	4230	买盘
14:26:06	14.09	--	10	14090	卖盘
14:26:03	14.09	--	2	2818	卖盘
14:25:57	14.09	--	1	1409	卖盘
14:25:43	14.09	--	62	87358	卖盘
14:25:37	14.09	--	50	70450	卖盘
14:25:32	14.09	-0.01	6	8454	卖盘
14:25:28	14.1	0.01	5	7050	买盘
14:25:22	14.09	-0.01	6	8454	卖盘
14:25:17	14.1	0.02	1	1410	买盘
14:25:13	14.08	-0.04	1	1408	卖盘
14:25:03	14.12	0.03	219	309228	买盘
14:24:58	14.09	--	10	14090	卖盘
14:24:52	14.09	--	17	23953	买盘
14:24:47	14.09	-0.01	88	123992	卖盘
14:24:42	14.1	0.02	64	90240	买盘
14:24:37	14.08	--	1	1408	卖盘
14:24:28	14.08	-0.02	1	1408	卖盘
14:24:18	14.1	--	510	719100	买盘
14:24:06	14.1	--	30	42300	买盘
14:24:02	14.1	--	252	355320	卖盘
14:23:57	14.1	--	26	36660	卖盘
14:23:52	14.1	--	88	124080	卖盘
14:23:42	14.1	--	71	100110	买盘
14:23:37	14.1	0.02	300	423000	买盘
14:23:32	14.08	--	1	1408	卖盘
14:23:27	14.08	-0.01	99	139392	卖盘
14:23:21	14.09	--	1	1409	卖盘
14:23:12	14.09	0.01	29	40861	买盘
14:23:06	14.08	--	55	77440	卖盘
14:22:57	14.08	-0.01	28	39424	卖盘
14:22:52	14.09	--	25	35225	卖盘
14:22:47	14.09	-0.01	6	8454	卖盘
14:22:42	14.1	--	18	25380	买盘
14:22:37	14.1	--	19	26790	买盘
14:22:32	14.1	--	54	76140	卖盘
14:22:27	14.1	--	0	0	卖盘
14:22:22	14.1	--	435	613350	卖盘
14:22:12	14.1	--	1	1410	卖盘
14:22:02	14.1	-0.03	8	11280	卖盘
14:21:57	14.13	0.03	50	70650	买盘
14:21:51	14.1	-0.03	1	1410	卖盘
14:21:41	14.13	--	56	79128	买盘
14:21:37	14.13	0.03	32	45216	买盘
14:21:26	14.1	-0.03	227	320070	卖盘
14:21:16	14.13	0.01	53	74889	买盘
14:21:11	14.12	--	2	2824	卖盘
14:21:07	14.12	--	448	632576	买盘
14:21:01	14.12	--	10	14120	买盘
14:20:56	14.12	0.01	21	29652	买盘
14:20:51	14.11	--	2	2822	卖盘
14:20:45	14.11	--	1	1411	卖盘
14:20:41	14.11	-0.01	1	1411	卖盘
14:20:37	14.12	--	6	8472	买盘
14:20:31	14.12	0.02	2	2824	买盘
14:20:26	14.1	--	7	9870	卖盘
14:20:21	14.1	-0.03	6	8460	卖盘
14:20:16	14.13	--	0	0	买盘
14:20:11	14.13	--	31	43803	买盘
14:20:07	14.13	0.01	401	566627	买盘
14:20:00	14.12	--	1	1412	卖盘
14:19:56	14.12	--	8	11296	卖盘
14:19:51	14.12	--	1	1412	卖盘
14:19:41	14.12	0.01	59	83308	买盘
14:19:36	14.11	0.01	83	118509	买盘
14:19:27	14.1	--	16	22560	卖盘
14:19:21	14.1	--	10	14100	卖盘
14:19:15	14.1	0.02	780	1099814	买盘
14:19:11	14.08	--	2	2816	卖盘
14:19:06	14.08	--	101	142208	卖盘
14:18:56	14.08	-0.01	1	1408	卖盘
14:18:51	14.09	--	20	28180	卖盘
14:18:42	14.09	-0.01	61	85949	卖盘
14:18:36	14.1	0.01	61	86010	买盘
14:18:30	14.09	--	12	16908	卖盘
14:18:21	14.09	--	44	61996	卖盘
14:18:11	14.09	0.01	16	22544	买盘
14:18:06	14.08	--	51	71808	卖盘
14:17:56	14.08	-0.01	1	1408	卖盘
14:17:51	14.09	--	51	71859	买盘
14:17:46	14.09	--	49	69041	卖盘
14:17:36	14.09	0.01	1	1409	卖盘
14:17:30	14.08	--	0	0	卖盘
14:17:26	14.08	-0.02	16	22528	卖盘
14:17:21	14.1	0.02	11	15510	买盘
14:17:15	14.08	-0.02	1	1408	卖盘
14:17:11	14.1	--	51	71910	卖盘
14:17:06	14.1	--	18	25380	卖盘
14:17:00	14.1	--	50	70500	卖盘
14:16:56	14.1	0.02	222	313020	买盘
14:16:51	14.08	--	21	30412	买盘
14:16:45	14.08	--	73	103347	卖盘
14:16:41	14.08	--	0	0	卖盘
14:16:30	14.08	-0.01	76	107008	卖盘
14:16:26	14.09	0.01	5	7045	买盘
14:16:21	14.08	--	6	8448	卖盘
14:16:15	14.08	--	17	23936	卖盘
14:16:11	14.08	-0.01	1	1408	卖盘
14:16:00	14.09	--	8	11272	买盘
14:15:56	14.09	-0.01	6	8454	买盘
14:15:51	14.1	--	14	19740	卖盘
14:15:45	14.1	--	1	1410	卖盘
14:15:40	14.1	--	27	38070	买盘
14:15:36	14.1	0.02	64	90240	买盘
14:15:31	14.08	-0.01	14	19712	卖盘
14:15:26	14.09	--	16	22544	卖盘
14:15:21	14.09	--	20	28180	卖盘
14:15:15	14.09	--	120	169080	买盘
14:15:11	14.09	0.01	10	14090	买盘
14:15:05	14.08	--	17	23936	卖盘
14:15:01	14.08	--	34	47872	卖盘
14:14:50	14.08	--	1	1408	卖盘
14:14:45	14.08	-0.02	123	173184	卖盘
14:14:39	14.1	--	1	1410	卖盘
14:14:30	14.1	--	38	53580	买盘
14:14:24	14.1	0.01	50	70500	买盘
14:14:20	14.09	--	24	33816	卖盘
14:14:15	14.09	-0.01	115	162035	卖盘
14:14:09	14.1	0.01	28	39480	中性盘
14:14:05	14.09	--	70	98630	卖盘
14:14:00	14.09	-0.01	30	42270	卖盘
14:13:54	14.1	--	24	33840	卖盘
14:13:50	14.1	--	121	170610	卖盘
14:13:45	14.1	--	19	26790	卖盘
14:13:39	14.1	0.01	190	267900	买盘
14:13:35	14.09	--	108	152172	卖盘
14:13:30	14.09	--	18	25362	卖盘
14:13:24	14.09	-0.01	1	1409	卖盘
14:13:20	14.1	0.01	50	70500	买盘
14:13:16	14.09	-0.01	6	8454	卖盘
14:13:09	14.1	--	319	449790	卖盘
14:13:05	14.1	--	50	70500	卖盘
14:13:00	14.1	-0.01	60	84600	卖盘
14:12:54	14.11	0.01	1	1411	买盘
14:12:50	14.1	--	11	15510	卖盘
14:12:45	14.1	-0.01	275	387750	卖盘
14:12:39	14.11	--	1	1411	卖盘
14:12:35	14.11	-0.02	146	206006	中性盘
14:12:30	14.13	--	60	84780	买盘
14:12:24	14.13	0.01	90	127170	买盘
14:12:20	14.12	--	129	182148	卖盘
14:12:16	14.12	-0.01	7	9884	卖盘
14:12:09	14.13	--	2	2826	买盘
14:12:00	14.13	0.01	155	219015	中性盘
14:11:54	14.12	-0.01	45	63540	卖盘
14:11:50	14.13	-0.01	85	120105	卖盘
14:11:45	14.14	--	45	63630	买盘
14:11:39	14.14	0.01	65	91910	买盘
14:11:35	14.13	-0.02	355	501615	卖盘
14:11:30	14.15	0.01	259	366485	买盘
14:11:20	14.14	--	79	111706	卖盘
14:11:15	14.14	0.02	41	57974	买盘
14:11:09	14.12	0.01	45	63540	卖盘
14:11:05	14.11	--	113	159443	卖盘
14:11:00	14.11	-0.01	118	166498	卖盘
14:10:54	14.12	0.01	15	21180	买盘
14:10:50	14.11	0.01	306	431766	买盘
14:10:45	14.1	--	75	105750	买盘
14:10:39	14.1	--	271	382110	买盘
14:10:35	14.1	--	81	114210	买盘
14:10:30	14.1	0.01	369	520290	买盘
14:10:24	14.09	--	436	614324	卖盘
14:10:20	14.09	0.01	28	39452	买盘
14:10:15	14.08	-0.01	151	212608	卖盘
14:10:09	14.09	0.01	342	481878	买盘
14:10:05	14.08	--	10	14080	卖盘
14:10:00	14.08	--	109	153472	卖盘
14:09:54	14.08	0.01	713	1004748	买盘
14:09:50	14.07	-0.01	100	140700	卖盘
14:09:45	14.08	--	147	206976	买盘
14:09:35	14.08	0.01	42	59136	买盘
14:09:30	14.07	0.02	191	269693	买盘
14:09:24	14.05	--	2	2810	卖盘
14:09:20	14.05	--	6	8430	卖盘
14:09:09	14.05	0.01	46	64630	买盘
14:09:00	14.04	--	801	1124604	买盘
14:08:54	14.04	0.01	25	35100	买盘
14:08:50	14.03	-0.01	1	1403	卖盘
14:08:45	14.04	--	165	231660	卖盘
14:08:39	14.04	--	1	1404	卖盘
14:08:35	14.04	0.01	6	8424	买盘
14:08:29	14.03	-0.01	111	155733	卖盘
14:08:24	14.04	--	100	140400	买盘
14:08:14	14.04	-0.01	3	4212	中性盘
14:08:09	14.05	0.01	444	623820	买盘
14:08:03	14.04	--	20	28080	卖盘
14:07:59	14.04	0.03	75	105300	买盘
14:07:54	14.01	-0.02	32	44832	卖盘
14:07:48	14.03	--	70	98210	卖盘
14:07:44	14.03	--	28	39284	卖盘
14:07:29	14.03	-0.01	1	1403	卖盘
14:07:24	14.04	--	85	119901	卖盘
14:07:18	14.04	--	35	49140	卖盘
14:07:14	14.04	--	20	28080	卖盘
14:07:09	14.04	0.01	100	141242	买盘
14:07:03	14.03	--	24	33672	卖盘
14:06:59	14.03	--	23	32269	卖盘
14:06:54	14.03	0.03	112	157136	买盘
14:06:48	14.0	--	1	1400	卖盘
14:06:44	14.0	-0.03	1	1400	卖盘
14:06:39	14.03	--	11	15433	卖盘
14:06:33	14.03	--	99	138897	买盘
14:06:29	14.03	--	11	15433	卖盘
14:06:24	14.03	--	1	1403	卖盘
14:06:18	14.03	0.01	248	347944	买盘
14:06:14	14.02	0.02	64	89728	买盘
14:06:09	14.0	--	5	7000	卖盘
14:06:03	14.0	-0.01	201	281400	卖盘
14:05:59	14.01	--	0	0	卖盘
14:05:54	14.01	--	7	9807	卖盘
14:05:48	14.01	--	10	14010	买盘
14:05:44	14.01	-0.02	26	36426	卖盘
14:05:39	14.03	--	104	145912	卖盘
14:05:33	14.03	--	6	8418	卖盘
14:05:29	14.03	0.02	44	61732	卖盘
14:05:24	14.01	--	31	43431	卖盘
14:05:18	14.01	-0.03	1	1401	卖盘
14:05:09	14.04	0.01	161	226044	买盘
14:04:59	14.03	--	22	30866	卖盘
14:04:54	14.03	--	58	81374	买盘
14:04:48	14.03	--	6	8418	卖盘
14:04:44	14.03	--	120	169580	卖盘
14:04:39	14.03	--	103	144509	卖盘
14:04:29	14.03	--	2	2806	卖盘
14:04:24	14.03	0.01	45	63135	买盘
14:04:18	14.02	--	7	9814	卖盘
14:04:14	14.02	--	1	1402	卖盘
14:04:09	14.02	--	35	49813	买盘
14:04:03	14.02	--	166	233390	卖盘
14:03:59	14.02	0.01	70	98140	买盘
14:03:54	14.01	--	1	1401	卖盘
14:03:44	14.01	--	9	12609	卖盘
14:03:39	14.01	--	26	36426	卖盘
14:03:33	14.01	--	104	145704	卖盘
14:03:29	14.01	--	10	14010	卖盘
14:03:24	14.01	--	70	98070	卖盘
14:03:18	14.01	0.01	73	103015	买盘
14:03:14	14.0	--	3	4200	卖盘
14:03:09	14.0	--	1	1400	卖盘
14:02:59	14.0	-0.01	202	282800	卖盘
14:02:48	14.01	--	23	32881	卖盘
14:02:39	14.01	--	22	30822	卖盘
14:02:33	14.01	-0.01	26	36426	卖盘
14:02:29	14.02	0.01	10	14020	买盘
14:02:24	14.01	--	9	12609	卖盘
14:02:14	14.01	-0.01	21	29421	卖盘
14:02:09	14.02	0.01	24	33648	买盘
14:02:03	14.01	-0.01	11	15411	卖盘
14:01:54	14.02	--	4	5608	买盘
14:01:48	14.02	--	289	405178	卖盘
14:01:44	14.02	--	5	7010	卖盘
14:01:39	14.02	--	1	1402	卖盘
14:01:33	14.02	--	78	109356	卖盘
14:01:27	14.02	--	1	1402	卖盘
14:01:23	14.02	--	10	14020	卖盘
14:01:18	14.02	--	8	11216	卖盘
14:01:08	14.02	--	1	1402	卖盘
14:01:03	14.02	-0.01	100	140200	卖盘
14:00:53	14.03	0.01	1	1403	中性盘
14:00:48	14.02	--	41	57482	卖盘
14:00:42	14.02	--	46	64492	卖盘
14:00:38	14.02	-0.01	83	116366	卖盘
14:00:33	14.03	--	1	1403	买盘
14:00:23	14.03	-0.01	75	105225	卖盘
14:00:18	14.04	--	103	144612	买盘
14:00:08	14.04	--	10	14040	卖盘
13:59:57	14.04	-0.01	101	141804	卖盘
13:59:53	14.05	0.01	24	33720	买盘
13:59:48	14.04	-0.01	1	1404	卖盘
13:59:42	14.05	-0.01	38	53390	中性盘
13:59:38	14.06	--	113	158906	买盘
13:59:33	14.06	0.01	65	91390	买盘
13:59:27	14.05	--	12	16860	卖盘
13:59:23	14.05	-0.01	51	73031	卖盘
13:59:18	14.06	0.01	44	61864	中性盘
13:59:12	14.05	--	11	15455	卖盘
13:59:08	14.05	-0.01	125	175625	卖盘
13:59:03	14.06	0.01	333	468198	买盘
13:58:57	14.05	--	45	63225	卖盘
13:58:53	14.05	-0.01	43	60415	卖盘
13:58:48	14.06	--	2	2812	买盘
13:58:42	14.06	0.01	12	16872	买盘
13:58:38	14.05	--	1	1405	卖盘
13:58:33	14.05	0.02	704	989120	买盘
13:58:27	14.03	--	9	12627	卖盘
13:58:18	14.03	--	3	4209	卖盘
13:58:08	14.03	0.02	490	687484	买盘
13:58:03	14.01	0.01	40	56782	买盘
13:57:57	14.0	--	21	29400	卖盘
13:57:53	14.0	-0.01	4	5600	卖盘
13:57:48	14.01	--	29	40629	买盘
13:57:38	14.01	0.01	30	42030	买盘
13:57:33	14.0	--	170	238000	买盘
13:57:27	14.0	0.01	14	19600	买盘
13:57:23	13.99	-0.01	6	8394	卖盘
13:57:18	14.0	--	0	0	买盘
13:57:12	14.0	--	11	15400	买盘
13:57:08	14.0	--	0	0	买盘
13:57:03	14.0	0.02	4	5600	买盘
13:56:53	13.98	--	3	4194	卖盘
13:56:48	13.98	--	1	1398	卖盘
13:56:42	13.98	--	46	64308	中性盘
13:56:38	13.98	0.02	145	202710	买盘
13:56:33	13.96	--	0	0	卖盘
13:56:27	13.96	-0.01	179	249884	卖盘
13:56:23	13.97	-0.01	9	12573	卖盘
13:56:18	13.98	--	13	18174	买盘
13:56:12	13.98	0.01	9	12582	买盘
13:56:08	13.97	--	71	99187	卖盘
13:56:03	13.97	-0.01	118	164846	卖盘
13:55:57	13.98	-0.01	7	9786	买盘
13:55:53	13.99	--	0	0	买盘
13:55:48	13.99	--	26	36374	卖盘
13:55:42	13.99	--	21	29379	卖盘
13:55:33	13.99	-0.01	49	68551	卖盘
13:55:27	14.0	--	692	969458	卖盘
13:55:23	14.0	--	3	4200	卖盘
13:55:18	14.0	--	40	56000	卖盘
13:55:12	14.0	--	74	103600	卖盘
13:55:03	14.0	-0.01	45	63000	卖盘
13:54:57	14.01	0.01	5	7005	买盘
13:54:47	14.0	-0.02	129	180600	卖盘
13:54:42	14.02	0.01	11	15422	买盘
13:54:36	14.01	-0.01	1	1401	卖盘
13:54:33	14.02	--	21	29442	卖盘
13:54:27	14.02	--	36	50472	卖盘
13:54:21	14.02	--	10	14020	卖盘
13:54:17	14.02	--	21	29442	卖盘
13:54:12	14.02	--	9	12618	卖盘
13:54:02	14.02	-0.01	235	329470	卖盘
13:53:57	14.03	--	10	14030	卖盘
13:53:51	14.03	--	5	7015	卖盘
13:53:47	14.03	--	7	9821	卖盘
13:53:42	14.03	--	3	4209	卖盘
13:53:32	14.03	--	24	33672	卖盘
13:53:27	14.03	--	80	112240	卖盘
13:53:21	14.03	--	1	1403	卖盘
13:53:17	14.03	-0.02	15	21045	卖盘
13:53:12	14.05	0.01	144	202320	买盘
13:53:06	14.04	0.01	1	1404	中性盘
13:52:57	14.03	-0.01	139	195017	卖盘
13:52:51	14.04	0.01	2	2808	中性盘
13:52:47	14.03	-0.02	21	29463	卖盘
13:52:42	14.05	0.01	500	702500	买盘
13:52:36	14.04	-0.01	1	1404	卖盘
13:52:32	14.05	--	32	44960	买盘
13:52:27	14.05	0.02	48	67440	买盘
13:52:21	14.03	--	25	35075	卖盘
13:52:17	14.03	--	8	11224	卖盘
13:52:12	14.03	--	6	8418	卖盘
13:52:06	14.03	--	5	7015	卖盘
13:52:02	14.03	--	33	46299	买盘
13:51:57	14.03	0.01	68	95404	买盘
13:51:51	14.02	0.01	5	7010	卖盘
13:51:47	14.01	--	52	72852	卖盘
13:51:42	14.01	-0.01	98	137298	卖盘
13:51:36	14.02	--	66	92532	买盘
13:51:32	14.02	--	35	49070	买盘
13:51:27	14.02	-0.01	574	804748	中性盘
13:51:21	14.03	--	27	37881	买盘
13:51:17	14.03	0.03	21	29463	买盘
13:51:12	14.0	--	0	0	卖盘
13:51:06	14.0	-0.03	240	336000	卖盘
13:51:02	14.03	--	23	32269	买盘
13:50:57	14.03	-0.01	13	18239	卖盘
13:50:51	14.04	--	6	8424	买盘
13:50:47	14.04	-0.01	328	460512	中性盘
13:50:42	14.05	0.01	232	325960	买盘
13:50:36	14.04	-0.01	57	80028	卖盘
13:50:32	14.05	--	156	219180	买盘
13:50:27	14.05	-0.01	244	342820	卖盘
13:50:21	14.06	--	5	7030	买盘
13:50:17	14.06	0.01	309	434454	买盘
13:50:12	14.05	-0.02	401	563405	卖盘
13:50:06	14.07	--	387	544509	买盘
13:50:02	14.07	0.01	51	71757	买盘
13:49:57	14.06	-0.01	474	666444	卖盘
13:49:51	14.07	0.01	793	1115751	买盘
13:49:47	14.06	-0.01	120	168720	卖盘
13:49:42	14.07	0.01	63	88641	买盘
13:49:36	14.06	--	196	275576	卖盘
13:49:32	14.06	--	68	95608	卖盘
13:49:27	14.06	0.01	351	494813	买盘
13:49:21	14.05	-0.01	304	427120	卖盘
13:49:17	14.06	--	91	127946	买盘
13:49:12	14.06	0.01	130	182780	买盘
13:49:06	14.05	0.04	306	429930	买盘
13:49:02	14.01	--	58	81258	买盘
13:48:57	14.01	0.01	163	228363	买盘
13:48:51	14.0	--	10	14000	卖盘
13:48:47	14.0	--	125	175742	买盘
13:48:42	14.0	--	1143	1600200	买盘
13:48:36	14.0	0.01	610	854000	买盘
13:48:32	13.99	--	67	93733	买盘
13:48:27	13.99	0.01	415	580585	买盘
13:48:21	13.98	-0.01	606	847188	卖盘
13:48:15	13.99	0.02	285	398715	买盘
13:48:12	13.97	--	1140	1592580	买盘
13:48:06	13.97	0.01	13	18161	买盘
13:48:00	13.96	-0.01	15	20940	卖盘
13:47:57	13.97	0.02	85	118745	买盘
13:47:51	13.95	--	6	8370	卖盘
13:47:45	13.95	0.01	170	237150	买盘
13:47:41	13.94	-0.03	409	570327	卖盘
13:47:36	13.97	0.03	569	794893	买盘
13:47:30	13.94	--	26	36244	卖盘
13:47:26	13.94	--	32	44608	卖盘
13:47:21	13.94	--	129	181150	卖盘
13:47:15	13.94	--	55	76670	卖盘
13:47:11	13.94	--	17	23698	卖盘
13:47:06	13.94	--	94	131036	卖盘
13:47:00	13.94	--	18	25092	卖盘
13:46:56	13.94	0.02	127	177038	买盘
13:46:45	13.92	-0.02	71	98832	卖盘
13:46:41	13.94	0.02	370	515780	买盘
13:46:36	13.92	-0.01	152	211584	卖盘
13:46:30	13.93	0.01	21	29253	买盘
13:46:26	13.92	-0.01	14	19488	卖盘
13:46:21	13.93	--	91	126763	卖盘
13:46:15	13.93	--	53	73829	卖盘
13:46:06	13.93	--	17	23681	卖盘
13:46:00	13.93	--	7	9751	卖盘
13:45:56	13.93	--	36	50148	卖盘
13:45:51	13.93	0.01	13	18109	中性盘
13:45:45	13.92	--	52	72384	卖盘
13:45:41	13.92	-0.01	34	47328	卖盘
13:45:36	13.93	--	85	118405	买盘
13:45:30	13.93	--	152	211736	买盘
13:45:26	13.93	0.01	274	381682	买盘
13:45:21	13.92	--	76	105792	卖盘
13:45:15	13.92	-0.01	1	1392	卖盘
13:45:11	13.93	--	105	146265	卖盘
13:45:06	13.93	--	37	51541	卖盘
13:45:00	13.93	0.01	53	73829	买盘
13:44:56	13.92	--	139	193488	卖盘
13:44:51	13.92	-0.02	6	8352	卖盘
13:44:45	13.94	0.02	301	419594	买盘
13:44:41	13.92	--	20	27840	卖盘
13:44:36	13.92	--	5	6960	卖盘
13:44:30	13.92	-0.01	11	15312	卖盘
13:44:26	13.93	--	10	13930	卖盘
13:44:21	13.93	--	27	37611	卖盘
13:44:15	13.93	--	24	33432	卖盘
13:44:11	13.93	-0.02	28	39004	卖盘
13:44:06	13.95	--	117	163215	买盘
13:44:00	13.95	0.01	11	15345	买盘
13:43:56	13.94	-0.01	8	11152	卖盘
13:43:51	13.95	--	122	170190	买盘
13:43:45	13.95	-0.01	66	92070	卖盘
13:43:41	13.96	0.01	179	249884	中性盘
13:43:36	13.95	-0.02	777	1083915	卖盘
13:43:26	13.97	0.03	24	33528	买盘
13:43:21	13.94	-0.01	126	175644	卖盘
13:43:15	13.95	0.01	89	124155	中性盘
13:43:11	13.94	0.01	109	151946	卖盘
13:43:06	13.93	-0.01	1602	2231586	卖盘
13:43:00	13.94	--	149	207706	买盘
13:42:56	13.94	0.01	102	142188	买盘
13:42:51	13.93	0.01	105	146265	买盘
13:42:45	13.92	0.01	166	231072	买盘
13:42:41	13.91	--	76	105716	卖盘
13:42:36	13.91	0.01	438	609258	买盘
13:42:30	13.9	--	170	236300	买盘
13:42:26	13.9	0.01	138	191820	买盘
13:42:21	13.89	0.01	53	73617	买盘
13:42:15	13.88	-0.02	256	355328	中性盘
13:42:11	13.9	0.03	1205	1674950	买盘
13:42:00	13.87	--	75	104025	卖盘
13:41:56	13.87	0.01	398	552026	买盘
13:41:51	13.86	-0.01	177	245322	卖盘
13:41:45	13.87	0.01	269	373103	买盘
13:41:41	13.86	-0.01	26	36036	卖盘
13:41:35	13.87	--	155	214985	买盘
13:41:30	13.87	0.01	40	55480	买盘
13:41:24	13.86	--	10	13860	卖盘
13:41:20	13.86	--	5	6930	卖盘
13:41:15	13.86	0.01	478	662508	买盘
13:41:09	13.85	0.01	25	34625	买盘
13:41:05	13.84	0.02	10	13840	买盘
13:40:54	13.82	--	0	0	卖盘
13:40:45	13.82	-0.03	68	93976	卖盘
13:40:39	13.85	--	0	0	中性盘
13:40:35	13.85	-0.01	5	6925	中性盘
13:40:30	13.86	--	12	16632	买盘
13:40:24	13.86	--	20	27720	买盘
13:40:20	13.86	--	4	5544	买盘
13:40:15	13.86	--	127	176022	卖盘
13:40:00	13.86	0.01	12	16632	中性盘
13:39:54	13.85	--	69	95565	卖盘
13:39:50	13.85	-0.01	11	15235	卖盘
13:39:45	13.86	--	100	138600	买盘
13:39:39	13.86	--	211	292446	买盘
13:39:35	13.86	0.01	31	42966	买盘
13:39:30	13.85	--	50	69250	卖盘
13:39:24	13.85	--	32	44320	卖盘
13:39:20	13.85	--	247	342524	买盘
13:39:15	13.85	-0.01	13	18005	买盘
13:39:09	13.86	--	0	0	买盘
13:38:50	13.86	--	0	0	买盘
13:38:35	13.86	-0.01	5	6930	卖盘
13:38:30	13.87	0.07	147	203889	买盘
13:38:20	13.8	-0.06	16	22080	买盘
13:38:15	13.86	--	0	0	买盘
13:38:05	13.86	--	436	604296	卖盘
13:38:00	13.86	0.07	2565	3555090	买盘
13:37:54	13.79	--	5	6895	卖盘
13:37:35	13.79	-0.01	68	93772	卖盘
13:37:30	13.8	--	74	102120	买盘
13:37:20	13.8	0.01	65	89700	买盘
13:37:15	13.79	-0.01	46	63433	卖盘
13:37:09	13.8	0.01	4	5520	买盘
13:37:00	13.79	-0.01	100	137900	卖盘
13:36:45	13.8	0.01	5	6900	买盘
13:36:35	13.79	-0.01	31	42749	卖盘
13:36:30	13.8	--	15	20700	买盘
13:36:05	13.8	--	22	30360	卖盘
13:36:00	13.8	--	168	231840	卖盘
13:35:54	13.8	--	22	30360	卖盘
13:35:50	13.8	--	101	139380	卖盘
13:35:45	13.8	--	42	57960	卖盘
13:35:39	13.8	--	220	303600	卖盘
13:35:30	13.8	--	11	15180	卖盘
13:35:24	13.8	--	41	56580	卖盘
13:35:15	13.8	--	3	4140	卖盘
13:35:09	13.8	--	20	27600	卖盘
13:35:05	13.8	-0.01	6	8280	卖盘
13:35:00	13.81	--	4	5524	买盘
13:34:44	13.81	--	26	35906	卖盘
13:34:39	13.81	--	8	11048	卖盘
13:34:33	13.81	-0.01	10	13810	卖盘
13:34:30	13.82	0.01	20	27640	买盘
13:34:24	13.81	--	236	325916	卖盘
13:34:18	13.81	--	9	12429	卖盘
13:34:14	13.81	--	50	69050	卖盘
13:34:09	13.81	--	52	71812	卖盘
13:34:03	13.81	--	3	4143	卖盘
13:33:59	13.81	--	28	38668	卖盘
13:33:54	13.81	-0.01	10	13810	卖盘
13:33:39	13.82	--	8	11056	买盘
13:33:09	13.82	--	22	30404	买盘
13:33:03	13.82	--	79	109178	卖盘
13:32:59	13.82	-0.01	45	62190	卖盘
13:32:48	13.83	0.01	5	6915	买盘
13:32:39	13.82	--	9	12438	卖盘
13:32:18	13.82	--	5	6910	卖盘
13:32:14	13.82	--	10	13820	卖盘
13:32:03	13.82	--	31	42842	卖盘
13:31:59	13.82	--	53	73246	卖盘
13:31:54	13.82	--	32	44224	卖盘
13:31:39	13.82	-0.01	2	2764	卖盘
13:31:09	13.83	--	11	15213	买盘
13:30:29	13.83	0.01	28	38724	买盘
13:30:24	13.82	--	157	216974	卖盘
13:30:18	13.82	--	40	55280	卖盘
13:29:44	13.82	--	5	6910	卖盘
13:29:39	13.82	--	7	9674	卖盘
13:29:33	13.82	--	1	1382	卖盘
13:29:29	13.82	--	5	6910	卖盘
13:29:09	13.82	-0.01	11	15202	卖盘
13:29:03	13.83	--	3	4149	卖盘
13:28:59	13.83	0.01	40	55320	买盘
13:28:54	13.82	--	50	69100	卖盘
13:28:39	13.82	--	21	29022	卖盘
13:28:24	13.82	-0.01	15	20730	卖盘
13:28:18	13.83	-0.01	48	66384	卖盘
13:28:09	13.84	--	2	2768	买盘
13:27:54	13.84	0.01	1	1384	买盘
13:27:08	13.83	0.01	16	22128	卖盘
13:26:48	13.82	--	0	0	卖盘
13:26:18	13.82	--	10	13820	卖盘
13:25:48	13.82	0.01	7	9674	买盘
13:25:42	13.81	--	60	82860	卖盘
13:25:38	13.81	--	334	461254	卖盘
13:25:33	13.81	-0.01	5	6905	卖盘
13:25:27	13.82	0.01	10	13820	买盘
13:25:18	13.81	--	171	236151	卖盘
13:25:12	13.81	-0.01	10	13810	卖盘
13:25:08	13.82	0.01	2	2764	买盘
13:25:03	13.81	--	7	9667	卖盘
13:24:53	13.81	-0.01	82	113242	卖盘
13:24:48	13.82	--	447	617754	卖盘
13:24:42	13.82	-0.01	39	53898	卖盘
13:24:38	13.83	-0.01	211	291813	卖盘
13:24:33	13.84	0.01	11	15224	买盘
13:24:23	13.83	--	16	22128	卖盘
13:24:18	13.83	--	77	106491	卖盘
13:24:03	13.83	--	5	6915	卖盘
13:23:53	13.83	-0.01	15	20745	卖盘
13:23:42	13.84	--	0	0	中性盘
13:23:38	13.84	--	5	6920	卖盘
13:23:18	13.84	--	21	29064	卖盘
13:23:03	13.84	0.01	5	6920	买盘
13:22:57	13.83	--	0	0	卖盘
13:22:53	13.83	-0.01	8	11064	卖盘
13:22:48	13.84	-0.02	4	5536	中性盘
13:22:42	13.86	0.03	92	127512	买盘
13:22:33	13.83	-0.01	113	156279	卖盘
13:22:27	13.84	0.01	3	4152	买盘
13:22:23	13.83	-0.01	12	16596	卖盘
13:22:18	13.84	--	76	105184	买盘
13:22:03	13.84	-0.02	43	59512	卖盘
13:21:57	13.86	--	39	54054	卖盘
13:21:53	13.86	0.01	613	849618	买盘
13:21:42	13.85	--	15	20775	卖盘
13:21:18	13.85	0.01	95	131575	买盘
13:21:12	13.84	-0.01	9	12456	卖盘
13:21:06	13.85	0.01	50	69250	买盘
13:21:03	13.84	-0.01	24	33216	卖盘
13:20:57	13.85	--	126	174510	买盘
13:20:47	13.85	--	86	119110	买盘
13:20:27	13.85	0.01	2	2770	买盘
13:20:21	13.84	--	7	9688	卖盘
13:20:17	13.84	-0.01	34	47056	卖盘
13:20:06	13.85	0.01	25	34625	买盘
13:20:02	13.84	--	125	173000	卖盘
13:19:42	13.84	0.01	109	150856	买盘
13:19:36	13.83	--	5	6915	卖盘
13:19:32	13.83	-0.01	20	27660	卖盘
13:19:12	13.84	-0.01	10	13840	买盘
13:18:57	13.85	--	0	0	买盘
13:18:51	13.85	--	23	31855	卖盘
13:18:47	13.85	0.02	357	494445	买盘
13:18:36	13.83	--	0	0	卖盘
13:18:32	13.83	--	0	0	卖盘
13:18:27	13.83	--	1	1383	买盘
13:18:17	13.83	0.01	20	27660	买盘
13:17:57	13.82	-0.01	16	22112	卖盘
13:17:51	13.83	--	45	62235	买盘
13:17:47	13.83	--	81	112023	卖盘
13:17:42	13.83	-0.01	203	280749	卖盘
13:17:32	13.84	-0.01	29	40136	卖盘
13:17:27	13.85	0.02	239	331015	买盘
13:17:21	13.83	-0.01	16	22128	卖盘
13:17:12	13.84	-0.01	74	102416	卖盘
13:16:57	13.85	0.01	231	319935	买盘
13:16:51	13.84	--	71	98264	卖盘
13:16:47	13.84	--	20	27680	卖盘
13:16:42	13.84	0.01	20	27680	卖盘
13:16:36	13.83	-0.02	35	48405	卖盘
13:16:32	13.85	0.02	179	247915	买盘
13:16:27	13.83	-0.01	10	13830	卖盘
13:16:21	13.84	0.01	23	31832	买盘
13:16:12	13.83	--	0	0	卖盘
13:16:06	13.83	-0.02	60	82980	卖盘
13:15:57	13.85	0.01	17	23545	买盘
13:15:51	13.84	-0.01	20	27680	卖盘
13:15:36	13.85	--	32	44320	卖盘
13:15:32	13.85	--	99	137115	卖盘
13:15:21	13.85	-0.01	96	132960	卖盘
13:15:17	13.86	--	25	34650	买盘
13:15:12	13.86	0.01	27	37422	买盘
13:15:02	13.85	-0.01	6	8310	卖盘
13:14:56	13.86	0.01	32	44352	买盘
13:14:51	13.85	-0.01	6	8310	卖盘
13:14:45	13.86	--	48	66528	买盘
13:14:42	13.86	0.01	100	138600	买盘
13:14:36	13.85	-0.02	5	6925	卖盘
13:14:30	13.87	0.02	45	62415	买盘
13:14:26	13.85	--	193	267305	卖盘
13:14:21	13.85	--	44	60940	卖盘
13:14:15	13.85	-0.01	184	254840	卖盘
13:14:11	13.86	0.01	112	155232	买盘
13:14:06	13.85	0.01	330	457050	买盘
13:13:56	13.84	--	3	4152	卖盘
13:13:41	13.84	0.01	3	4152	买盘
13:13:26	13.83	--	13	17979	卖盘
13:13:15	13.83	--	1	1383	卖盘
13:13:11	13.83	-0.01	5	6915	卖盘
13:12:56	13.84	--	1	1384	买盘
13:12:41	13.84	-0.01	85	117640	卖盘
13:12:36	13.85	--	117	162045	卖盘
13:12:30	13.85	--	54	74790	卖盘
13:12:26	13.85	0.01	320	443200	买盘
13:12:11	13.84	--	30	41520	卖盘
13:12:06	13.84	0.02	160	221440	买盘
13:12:00	13.82	-0.01	6	8292	卖盘
13:11:56	13.83	0.01	35	48405	买盘
13:11:51	13.82	--	2	2764	卖盘
13:11:45	13.82	-0.01	36	49752	卖盘
13:11:41	13.83	--	24	33192	卖盘
13:11:36	13.83	--	282	390006	卖盘
13:11:30	13.83	-0.01	15	20745	卖盘
13:11:26	13.84	0.01	6	8304	买盘
13:11:11	13.83	--	10	13830	卖盘
13:11:00	13.83	-0.01	2	2766	卖盘
13:10:56	13.84	--	11	15224	买盘
13:10:45	13.84	0.01	1	1384	买盘
13:10:41	13.83	-0.02	33	45639	卖盘
13:10:36	13.85	--	7	9695	卖盘
13:10:21	13.85	0.01	84	116340	买盘
13:10:11	13.84	0.01	26	35984	买盘
13:10:06	13.83	-0.02	38	52554	卖盘
13:10:00	13.85	0.01	263	364255	买盘
13:09:51	13.84	--	12	16608	卖盘
13:09:45	13.84	-0.01	50	69200	卖盘
13:09:36	13.85	0.01	6	8310	买盘
13:09:26	13.84	0.01	8	11072	卖盘
13:09:21	13.83	--	0	0	卖盘
13:09:11	13.83	--	0	0	卖盘
13:09:06	13.83	-0.02	301	416283	卖盘
13:09:00	13.85	--	0	0	买盘
13:08:56	13.85	0.01	50	69250	买盘
13:08:51	13.84	-0.01	5	6920	卖盘
13:08:36	13.85	--	2	2770	买盘
13:08:21	13.85	--	16	22160	卖盘
13:08:09	13.85	--	11	15235	卖盘
13:08:06	13.85	0.02	373	516605	买盘
13:08:00	13.83	--	59	81597	卖盘
13:07:54	13.83	--	19	26277	卖盘
13:07:39	13.83	--	33	45639	卖盘
13:07:35	13.83	-0.01	180	248940	卖盘
13:07:30	13.84	-0.02	39	53976	卖盘
13:07:24	13.86	0.02	270	374220	买盘
13:07:15	13.84	--	10	13840	卖盘
13:07:09	13.84	-0.01	13	17992	卖盘
13:07:05	13.85	--	71	98335	买盘
13:07:00	13.85	-0.01	381	527685	卖盘
13:06:39	13.86	0.01	1	1386	买盘
13:06:30	13.85	--	11	15235	卖盘
13:06:20	13.85	--	5	6925	卖盘
13:06:15	13.85	--	126	174510	卖盘
13:06:05	13.85	-0.01	36	49860	卖盘
13:06:00	13.86	0.01	62	85932	买盘
13:05:54	13.85	-0.01	6	8310	卖盘
13:05:50	13.86	--	31	42966	买盘
13:05:45	13.86	0.01	5	6930	中性盘
13:05:39	13.85	--	45	62325	卖盘
13:05:35	13.85	--	2	2770	买盘
13:05:30	13.85	--	125	173125	卖盘
13:05:24	13.85	-0.02	1	1385	卖盘
13:05:20	13.87	-0.01	6	8322	卖盘
13:05:15	13.88	0.02	700	971600	买盘
13:05:09	13.86	--	37	51282	卖盘
13:05:05	13.86	--	48	66528	卖盘
13:05:00	13.86	--	29	40194	卖盘
13:04:54	13.86	--	134	185724	卖盘
13:04:50	13.86	0.01	243	336798	买盘
13:04:45	13.85	-0.01	6	8310	卖盘
13:04:35	13.86	--	5	6930	买盘
13:04:24	13.86	--	21	29106	卖盘
13:04:20	13.86	-0.01	47	65142	卖盘
13:04:15	13.87	0.01	70	97090	买盘
13:04:05	13.86	-0.01	56	77616	卖盘
13:04:00	13.87	--	71	98477	买盘
13:03:54	13.87	0.01	110	152570	买盘
13:03:50	13.86	-0.03	80	110880	卖盘
13:03:45	13.89	--	0	0	买盘
13:03:35	13.89	--	0	0	买盘
13:03:30	13.89	0.04	774	1075086	买盘
13:03:24	13.85	--	4	5540	买盘
13:03:15	13.85	-0.01	54	74790	卖盘
13:03:00	13.86	0.01	93	128898	买盘
13:02:54	13.85	-0.04	17	23545	卖盘
13:02:50	13.89	--	0	0	买盘
13:02:45	13.89	0.04	611	848679	买盘
13:02:39	13.85	-0.01	46	63710	卖盘
13:02:35	13.86	0.01	36	49896	买盘
13:02:30	13.85	-0.01	23	31855	卖盘
13:02:24	13.86	--	150	207900	买盘
13:02:09	13.86	-0.02	32	44352	卖盘
13:02:05	13.88	-0.01	18	24984	卖盘
13:02:00	13.89	0.04	353	490317	买盘
13:01:54	13.85	--	1	1385	卖盘
13:01:50	13.85	-0.02	44	60940	卖盘
13:01:45	13.87	0.02	30	41610	买盘
13:01:35	13.85	--	8	11080	卖盘
13:01:30	13.85	-0.03	5	6925	卖盘
13:01:24	13.88	0.03	446	619048	买盘
13:01:15	13.85	--	11	15235	卖盘
13:01:09	13.85	--	29	40165	卖盘
13:01:03	13.85	--	2	2770	卖盘
13:00:59	13.85	-0.03	20	27700	卖盘
13:00:54	13.88	--	0	0	买盘
13:00:44	13.88	--	0	0	买盘
13:00:39	13.88	0.03	300	416400	买盘
13:00:33	13.85	--	76	105260	卖盘
13:00:24	13.85	-0.02	5	6925	卖盘
13:00:14	13.87	0.02	355	492385	买盘
13:00:09	13.85	--	409	566465	卖盘
13:00:03	13.85	0.02	803	1112155	买盘
11:30:00	13.83	--	0	0	买盘
11:30:00	13.83	--	0	0	买盘
11:29:56	13.83	--	112	154896	买盘
11:29:51	13.83	--	37	51171	卖盘
11:29:45	13.83	0.02	7	9681	卖盘
11:29:36	13.81	-0.02	37	51097	买盘
11:29:26	13.83	0.03	500	691500	买盘
11:29:21	13.8	--	20	27600	卖盘
11:29:15	13.8	--	33	45540	卖盘
11:29:11	13.8	-0.01	2	2760	卖盘
11:29:06	13.81	0.01	57	78717	买盘
11:28:56	13.8	--	11	15180	卖盘
11:28:51	13.8	--	10	13800	卖盘
11:28:41	13.8	--	10	13800	卖盘
11:28:36	13.8	0.04	1339	1849048	买盘
11:28:21	13.76	0.03	226	310976	买盘
11:28:11	13.73	-0.01	2	2746	卖盘
11:28:06	13.74	--	0	0	中性盘
11:27:51	13.74	-0.03	1	1374	卖盘
11:27:36	13.77	0.01	11	15147	买盘
11:27:21	13.76	--	18	24768	买盘
11:27:06	13.76	0.01	94	129344	买盘
11:26:55	13.75	--	147	202125	卖盘
11:26:45	13.75	--	17	23375	卖盘
11:26:25	13.75	--	20	27500	卖盘
11:26:20	13.75	0.02	324	445500	买盘
11:26:05	13.73	-0.01	8	10984	买盘
11:26:00	13.74	--	0	0	买盘
11:25:50	13.74	--	0	0	买盘
11:25:45	13.74	0.04	100	137400	买盘
11:25:35	13.7	--	0	0	卖盘
11:25:20	13.7	--	200	274000	卖盘
11:25:15	13.7	--	119	163030	买盘
11:25:11	13.7	--	92	126040	买盘
11:25:05	13.7	--	13	17810	卖盘
11:24:50	13.7	--	0	0	卖盘
11:24:45	13.7	--	5	6850	卖盘
11:24:35	13.7	--	5	6850	卖盘
11:24:30	13.7	--	4	5480	卖盘
11:24:15	13.7	--	0	0	中性盘
11:24:09	13.7	--	0	0	买盘
11:24:05	13.7	--	8	10960	买盘
11:24:00	13.7	-0.03	17	23290	买盘
11:23:54	13.73	-0.02	186	255378	卖盘
11:23:35	13.75	--	10	13750	卖盘
11:23:30	13.75	--	51	70125	卖盘
11:23:24	13.75	0.05	271	372625	买盘
11:23:20	13.7	-0.03	8	10960	卖盘
11:23:15	13.73	0.03	24	32952	买盘
11:23:05	13.7	--	5	6850	卖盘
11:22:35	13.7	--	4	5480	买盘
11:22:05	13.7	-0.04	8	10960	买盘
11:22:00	13.74	--	0	0	买盘
11:21:54	13.74	0.06	70	96180	买盘
11:21:50	13.68	-0.04	20	27360	卖盘
11:21:35	13.72	--	9	12348	买盘
11:21:30	13.72	--	1	1372	卖盘
11:21:20	13.72	-0.01	8	10976	卖盘
11:21:15	13.73	--	1	1373	买盘
11:21:05	13.73	--	0	0	买盘
11:21:00	13.73	0.01	30	41190	买盘
11:20:50	13.72	--	12	16464	卖盘
11:20:45	13.72	--	131	179732	卖盘
11:20:39	13.72	--	59	80948	卖盘
11:20:35	13.72	0.03	307	421204	买盘
11:20:30	13.69	-0.01	41	56129	卖盘
11:20:05	13.7	--	9	12330	买盘
11:19:34	13.7	--	9	12330	买盘
11:19:04	13.7	--	9	12330	买盘
11:18:54	13.7	0.01	10	13700	买盘
11:18:18	13.69	0.01	49	67081	买盘
11:17:54	13.68	0.01	6	8208	买盘
11:17:44	13.67	0.02	5	6835	买盘
11:17:39	13.65	-0.01	4	5460	卖盘
11:17:29	13.66	--	12	16392	买盘
11:17:03	13.66	--	13	17758	买盘
11:16:54	13.66	--	32	43712	卖盘
11:16:33	13.66	--	3	4098	买盘
11:16:14	13.66	-0.01	34	46444	卖盘
11:16:03	13.67	--	9	12303	买盘
11:15:59	13.67	--	140	191380	买盘
11:15:33	13.67	--	9	12303	买盘
11:15:29	13.67	-0.01	127	173609	卖盘
11:15:24	13.68	0.01	100	136800	买盘
11:15:09	13.67	0.01	45	61515	买盘
11:15:03	13.66	--	12	16392	卖盘
11:14:59	13.66	-0.01	2	2732	卖盘
11:14:54	13.67	--	39	53313	买盘
11:14:33	13.67	--	9	12303	买盘
11:14:14	13.67	--	20	27340	买盘
11:14:09	13.67	--	30	41010	买盘
11:14:03	13.67	--	9	12303	买盘
11:13:59	13.67	--	0	0	买盘
11:13:48	13.67	0.01	170	232390	买盘
11:13:33	13.66	-0.01	9	12294	买盘
11:13:09	13.67	--	0	0	买盘
11:13:02	13.67	-0.01	30	41010	卖盘
11:12:58	13.68	0.01	89	121752	买盘
11:12:48	13.67	0.03	15	20505	买盘
11:12:43	13.64	-0.03	30	40920	卖盘
11:12:38	13.67	-0.01	35	47845	卖盘
11:12:33	13.68	0.01	1	1368	买盘
11:12:28	13.67	--	1	1367	买盘
11:12:08	13.67	--	9	12303	买盘
11:12:03	13.67	0.01	17	23239	买盘
11:11:53	13.66	0.01	20	27320	买盘
11:11:41	13.65	-0.01	23	31395	卖盘
11:11:33	13.66	--	1	1366	买盘
11:11:23	13.66	--	0	0	买盘
11:11:08	13.66	--	22	30052	买盘
11:11:03	13.66	0.02	17	23222	买盘
11:10:42	13.64	0.01	11	15004	买盘
11:10:33	13.63	--	19	25897	卖盘
11:10:27	13.63	-0.02	117	159471	卖盘
11:10:23	13.65	--	10	13650	卖盘
11:10:18	13.65	--	5	6825	卖盘
11:10:12	13.65	0.01	87	118755	买盘
11:10:08	13.64	--	29	39556	卖盘
11:10:03	13.64	--	38	51832	卖盘
11:09:53	13.64	--	10	13640	卖盘
11:09:48	13.64	--	2	2728	买盘
11:09:42	13.64	--	60	81840	买盘
11:09:38	13.64	--	56	76384	买盘
11:09:33	13.64	0.01	9	12276	买盘
11:09:27	13.63	0.02	15	20445	买盘
11:09:23	13.61	-0.03	116	157876	卖盘
11:09:18	13.64	0.01	20	27280	买盘
11:09:11	13.63	--	10	13630	卖盘
11:09:08	13.63	-0.02	89	121307	卖盘
11:09:03	13.65	--	0	204	买盘
11:08:57	13.65	--	4	6620	卖盘
11:08:53	13.65	-0.01	503	686595	卖盘
11:08:38	13.66	-0.02	999	1364634	卖盘
11:08:33	13.68	0.01	17	23256	买盘
11:08:27	13.67	-0.01	16	21872	卖盘
11:08:23	13.68	0.01	5	6840	买盘
11:08:18	13.67	0.01	34	46478	卖盘
11:07:57	13.66	--	0	0	卖盘
11:07:53	13.66	-0.02	5	6830	卖盘
11:07:42	13.68	0.01	206	281808	买盘
11:07:38	13.67	-0.02	505	690335	卖盘
11:07:33	13.69	--	69	94461	买盘
11:07:23	13.69	--	142	194398	卖盘
11:07:18	13.69	-0.01	30	41070	卖盘
11:07:08	13.7	--	9	12330	卖盘
11:07:03	13.7	0.01	191	261670	买盘
11:06:52	13.69	-0.02	1	1369	卖盘
11:06:42	13.71	0.01	60	82260	买盘
11:06:33	13.7	--	9	12330	买盘
11:06:27	13.7	--	64	87680	卖盘
11:06:22	13.7	--	100	137000	卖盘
11:06:17	13.7	-0.01	21	28770	卖盘
11:06:12	13.71	--	14	19194	买盘
11:06:02	13.71	--	34	46614	买盘
11:05:57	13.71	--	5	6855	买盘
11:05:47	13.71	--	0	0	买盘
11:05:37	13.71	0.01	10	13710	买盘
11:05:32	13.7	--	9	12330	买盘
11:05:27	13.7	-0.01	41	56170	卖盘
11:05:22	13.71	--	283	387993	卖盘
11:05:12	13.71	--	34	46614	卖盘
11:05:02	13.71	--	37	50727	卖盘
11:04:57	13.71	--	16	21936	卖盘
11:04:51	13.71	0.01	2	2742	买盘
11:04:36	13.7	-0.01	26	35620	卖盘
11:04:32	13.71	-0.01	182	249522	卖盘
11:04:27	13.72	0.01	41	56252	买盘
11:04:17	13.71	-0.01	6	8226	卖盘
11:04:12	13.72	0.01	28	38416	买盘
11:04:06	13.71	--	6	8226	卖盘
11:04:02	13.71	--	131	179601	卖盘
11:03:51	13.71	-0.01	15	20565	卖盘
11:03:47	13.72	0.02	82	112504	买盘
11:03:42	13.7	--	123	168510	卖盘
11:03:27	13.7	--	10	13700	卖盘
11:03:21	13.7	--	23	31510	卖盘
11:03:17	13.7	--	137	187703	买盘
11:03:02	13.7	0.01	9	12330	买盘
11:02:57	13.69	-0.01	1	1369	卖盘
11:02:42	13.7	--	10	13700	买盘
11:02:32	13.7	--	9	12330	买盘
11:02:26	13.7	--	10	13700	买盘
11:02:17	13.7	--	0	0	买盘
11:02:02	13.7	--	19	26030	买盘
11:01:51	13.7	--	0	0	买盘
11:01:47	13.7	0.03	200	274000	买盘
11:01:36	13.67	-0.03	1	1367	卖盘
11:01:32	13.7	--	9	12330	买盘
11:01:26	13.7	0.02	52	71240	买盘
11:01:21	13.68	0.01	5	6840	买盘
11:01:17	13.67	--	5	6835	卖盘
11:01:02	13.67	--	0	0	中性盘
11:00:57	13.67	0.01	1	1367	买盘
11:00:47	13.66	-0.02	245	334670	卖盘
11:00:32	13.68	0.01	32	43776	买盘
11:00:27	13.67	--	20	27340	卖盘
11:00:06	13.67	0.01	1	1367	中性盘
10:59:51	13.66	--	100	136600	卖盘
10:59:36	13.66	-0.01	200	273200	卖盘
10:59:26	13.67	0.01	4	5468	中性盘
10:59:21	13.66	-0.01	65	88790	卖盘
10:59:11	13.67	--	20	27340	卖盘
10:59:06	13.67	-0.02	109	149003	卖盘
10:58:36	13.69	--	9	12321	买盘
10:58:29	13.69	0.02	34	46546	买盘
10:58:21	13.67	--	21	28707	卖盘
10:58:14	13.67	--	0	0	卖盘
10:58:11	13.67	--	5	6835	卖盘
10:58:06	13.67	--	5	6835	卖盘
10:57:56	13.67	-0.03	10	13670	卖盘
10:57:36	13.7	--	9	12330	买盘
10:57:29	13.7	--	0	0	买盘
10:57:11	13.7	--	414	568536	卖盘
10:57:06	13.7	--	57	78090	卖盘
10:57:00	13.7	0.05	529	724743	买盘
10:56:56	13.65	--	10	13650	卖盘
10:56:51	13.65	-0.01	80	109200	卖盘
10:56:45	13.66	0.01	1	1570	买盘
10:56:41	13.65	-0.01	64	88520	卖盘
10:56:36	13.66	--	28	38452	卖盘
10:56:26	13.66	--	137	187142	买盘
10:56:15	13.66	--	1	1366	买盘
10:56:11	13.66	-0.03	192	262272	卖盘
10:56:05	13.69	0.01	9	12321	买盘
10:56:00	13.68	-0.01	30	41040	卖盘
10:55:56	13.69	--	60	82140	卖盘
10:55:50	13.69	--	160	219040	卖盘
10:55:45	13.69	--	60	82140	卖盘
10:55:41	13.69	-0.01	60	82140	卖盘
10:55:26	13.7	-0.01	6	8220	卖盘
10:55:21	13.71	--	12	16452	买盘
10:55:11	13.71	--	0	0	买盘
10:55:06	13.71	--	9	12339	买盘
10:54:56	13.71	--	0	0	买盘
10:54:44	13.71	0.02	30	41130	买盘
10:54:41	13.69	-0.01	134	183446	卖盘
10:54:36	13.7	--	1	1370	卖盘
10:54:21	13.7	--	10	13700	卖盘
10:54:15	13.7	--	60	82200	卖盘
10:54:06	13.7	-0.01	12	16440	卖盘
10:53:59	13.71	--	3	4113	买盘
10:53:56	13.71	0.01	19	26049	买盘
10:53:51	13.7	-0.01	64	87680	卖盘
10:53:35	13.71	--	236	323556	卖盘
10:53:10	13.71	-0.01	18	24678	卖盘
10:53:06	13.72	--	98	135622	卖盘
10:53:00	13.72	--	5	6860	卖盘
10:52:55	13.72	--	14	19208	卖盘
10:52:50	13.72	--	77	105644	卖盘
10:52:25	13.72	--	0	0	卖盘
10:52:15	13.72	-0.01	391	537302	卖盘
10:52:00	13.73	0.01	9	12357	中性盘
10:51:54	13.72	--	52	71344	卖盘
10:51:50	13.72	-0.01	300	411600	卖盘
10:51:35	13.73	0.01	2	2746	卖盘
10:51:24	13.72	--	0	0	卖盘
10:51:05	13.72	-0.03	44	60368	卖盘
10:51:00	13.75	--	281	386375	买盘
10:50:54	13.75	0.02	252	346500	买盘
10:50:35	13.73	0.01	84	115332	卖盘
10:50:30	13.72	--	0	0	卖盘
10:50:24	13.72	-0.03	36	49392	卖盘
10:50:20	13.75	0.03	200	275000	买盘
10:50:09	13.72	--	5	6860	卖盘
10:50:05	13.72	--	23	31556	卖盘
10:49:50	13.72	--	118	161896	卖盘
10:49:44	13.72	0.02	242	332751	买盘
10:49:39	13.7	-0.01	13	17810	卖盘
10:49:35	13.71	0.01	50	68550	买盘
10:49:29	13.7	--	21	28770	卖盘
10:49:20	13.7	--	160	219200	买盘
10:49:14	13.7	--	30	41100	买盘
10:49:09	13.7	0.01	45	61650	买盘
10:48:54	13.69	--	8	10952	买盘
10:48:50	13.69	--	3	4107	买盘
10:48:45	13.69	--	5	6845	买盘
10:48:39	13.69	0.01	1	1369	买盘
10:48:35	13.68	--	74	101327	买盘
10:48:29	13.68	-0.01	16	23160	卖盘
10:48:24	13.69	--	28	38332	买盘
10:48:20	13.69	0.01	56	76664	中性盘
10:48:15	13.68	--	87	119111	买盘
10:48:09	13.68	--	74	102504	卖盘
10:48:05	13.68	--	0	0	卖盘
10:47:59	13.68	-0.01	24	32832	卖盘
10:47:53	13.69	--	10	13690	买盘
10:47:50	13.69	--	2	2738	买盘
10:47:45	13.69	0.01	147	201338	买盘
10:47:38	13.68	--	10	13680	买盘
10:47:35	13.68	--	11	15048	买盘
10:47:29	13.68	--	57	77976	买盘
10:47:19	13.68	-0.01	43	60096	卖盘
10:47:09	13.69	--	5	6845	买盘
10:47:05	13.69	-0.01	37	50653	卖盘
10:46:59	13.7	--	50	68500	中性盘
10:46:54	13.7	--	370	506900	买盘
10:46:44	13.7	--	3	4726	卖盘
10:46:39	13.7	--	24	33633	卖盘
10:46:29	13.7	--	146	200020	卖盘
10:46:24	13.7	-0.01	114	156180	卖盘
10:46:19	13.71	--	44	60324	卖盘
10:46:14	13.71	--	1	1371	卖盘
10:46:08	13.71	--	1	1371	卖盘
10:46:04	13.71	--	5	6855	卖盘
10:45:59	13.71	--	15	20565	卖盘
10:45:53	13.71	--	14	19194	卖盘
10:45:49	13.71	--	0	0	卖盘
10:45:44	13.71	-0.02	81	111051	卖盘
10:45:38	13.73	-0.01	515	707712	卖盘
10:45:34	13.74	--	120	164880	卖盘
10:45:24	13.74	--	15	20610	卖盘
10:45:17	13.74	-0.01	61	83814	卖盘
10:45:14	13.75	--	61	83875	卖盘
10:45:09	13.75	--	200	275000	卖盘
10:44:59	13.75	-0.03	7	9625	卖盘
10:44:53	13.78	0.03	21	28938	买盘
10:44:48	13.75	--	0	0	中性盘
10:44:33	13.75	0.01	13	17875	买盘
10:44:29	13.74	-0.01	232	318768	卖盘
10:44:23	13.75	-0.03	148	203500	卖盘
10:44:08	13.78	0.02	23	31694	买盘
10:44:03	13.76	--	73	100448	卖盘
10:43:59	13.76	--	0	0	卖盘
10:43:54	13.76	--	354	487104	卖盘
10:43:44	13.76	--	2	2752	卖盘
10:43:23	13.76	-0.03	14	19264	卖盘
10:43:18	13.79	0.04	13	17927	买盘
10:43:14	13.75	-0.04	10	13750	中性盘
10:43:08	13.79	0.05	54	74466	买盘
10:43:02	13.74	--	0	0	卖盘
10:42:54	13.74	-0.02	153	210222	卖盘
10:42:47	13.76	-0.04	500	688000	卖盘
10:42:44	13.8	-0.02	22	30360	卖盘
10:42:38	13.82	--	15	20730	买盘
10:42:17	13.82	--	0	0	买盘
10:42:14	13.82	--	0	0	中性盘
10:42:08	13.82	--	0	0	买盘
10:41:59	13.82	0.02	205	283310	买盘
10:41:53	13.8	0.01	235	324300	买盘
10:41:38	13.79	0.01	5	6895	买盘
10:41:23	13.78	--	0	0	卖盘
10:41:18	13.78	-0.04	83	114374	卖盘
10:41:14	13.82	0.03	447	617754	买盘
10:41:08	13.79	-0.01	5	6895	卖盘
10:41:02	13.8	--	3	4140	买盘
10:40:53	13.8	0.02	20	27600	买盘
10:40:43	13.78	-0.02	62	85436	卖盘
10:40:38	13.8	--	37	51060	买盘
10:40:23	13.8	-0.01	18	24840	卖盘
10:40:17	13.81	0.01	1	1381	买盘
10:40:02	13.8	--	1	1380	卖盘
10:39:58	13.8	--	15	20700	卖盘
10:39:53	13.8	--	10	13800	卖盘
10:39:47	13.8	--	5	6900	卖盘
10:39:17	13.8	0.02	164	226320	买盘
10:39:13	13.78	-0.01	12	16536	卖盘
10:39:08	13.79	--	77	106183	卖盘
10:39:02	13.79	--	29	39991	卖盘
10:38:47	13.79	--	122	168238	卖盘
10:38:41	13.79	-0.01	5	6895	卖盘
10:38:38	13.8	--	0	0	买盘
10:38:32	13.8	0.02	17	23460	买盘
10:38:26	13.78	-0.01	59	81302	卖盘
10:38:23	13.79	0.01	1	1379	买盘
10:38:08	13.78	--	37	50986	卖盘
10:38:02	13.78	0.01	2	2756	卖盘
10:37:53	13.77	--	0	0	卖盘
10:37:38	13.77	--	4	5508	卖盘
10:37:17	13.77	--	72	99144	买盘
10:37:08	13.77	0.01	14	19278	买盘
10:37:02	13.76	--	63	86688	卖盘
10:36:53	13.76	--	36	49536	卖盘
10:36:47	13.76	-0.02	287	394912	卖盘
10:36:38	13.78	--	242	333476	卖盘
10:36:32	13.78	--	22	30316	买盘
10:36:26	13.78	0.01	5	6890	买盘
10:36:23	13.77	-0.02	206	283662	卖盘
10:36:17	13.79	0.01	23	31716	买盘
10:36:11	13.78	--	78	107484	卖盘
10:36:08	13.78	--	21	28938	卖盘
10:35:53	13.78	--	34	46852	中性盘
10:35:47	13.78	--	172	237016	买盘
10:35:41	13.78	0.01	81	111618	买盘
10:35:38	13.77	--	19	26163	卖盘
10:35:32	13.77	0.02	127	174879	买盘
10:35:17	13.75	0.01	6	8250	买盘
10:35:11	13.74	-0.01	9	12366	卖盘
10:35:08	13.75	--	33	45375	买盘
10:35:02	13.75	0.01	4	5500	买盘
10:34:47	13.74	-0.02	424	582576	卖盘
10:34:41	13.76	-0.02	5	6880	卖盘
10:34:37	13.78	0.02	10	13780	买盘
10:34:32	13.76	--	15	20640	卖盘
10:34:26	13.76	--	20	27520	卖盘
10:34:22	13.76	--	100	137600	卖盘
10:34:17	13.76	--	17	23392	卖盘
10:34:02	13.76	-0.02	89	122464	卖盘
10:33:56	13.78	0.04	478	658684	买盘
10:33:47	13.74	-0.02	257	353118	卖盘
10:33:41	13.76	--	110	151360	卖盘
10:33:32	13.76	-0.01	11	15136	卖盘
10:33:26	13.77	0.03	50	68850	买盘
10:33:22	13.74	--	20	27480	卖盘
10:33:17	13.74	--	50	68700	卖盘
10:33:11	13.74	--	24	32976	卖盘
10:33:07	13.74	0.01	25	34350	中性盘
10:33:02	13.73	-0.01	141	194348	卖盘
10:32:56	13.74	--	29	39846	卖盘
10:32:52	13.74	-0.01	10	13740	卖盘
10:32:47	13.75	-0.01	358	492250	卖盘
10:32:41	13.76	0.01	99	136224	买盘
10:32:32	13.75	--	28	38500	卖盘
10:32:26	13.75	--	7	9625	买盘
10:32:17	13.75	--	25	34375	买盘
10:32:05	13.75	--	10	13750	买盘
10:32:02	13.75	0.01	6	8250	买盘
10:31:56	13.74	-0.01	11	15114	卖盘
10:31:50	13.75	0.01	10	13750	买盘
10:31:47	13.74	-0.01	52	71448	卖盘
10:31:41	13.75	-0.01	273	375375	卖盘
10:31:26	13.76	--	67	92192	买盘
10:31:20	13.76	-0.01	321	441696	卖盘
10:31:17	13.77	--	5	6885	卖盘
10:31:11	13.77	--	122	167994	卖盘
10:31:02	13.77	--	10	13770	卖盘
10:30:56	13.77	0.01	11	15147	卖盘
10:30:50	13.76	--	17	23392	卖盘
10:30:47	13.76	-0.02	161	221536	卖盘
10:30:41	13.78	0.02	47	64766	买盘
10:30:35	13.76	-0.01	15	20640	卖盘
10:30:31	13.77	-0.01	65	89505	卖盘
10:30:26	13.78	--	3	4134	买盘
10:30:17	13.78	--	24	33072	卖盘
10:30:11	13.78	0.01	35	48230	卖盘
10:29:47	13.77	--	0	0	卖盘
10:29:41	13.77	-0.03	6	8262	卖盘
10:29:35	13.8	0.03	30	41400	买盘
10:29:26	13.77	--	33	45441	卖盘
10:29:20	13.77	-0.01	21	28917	卖盘
10:29:16	13.78	--	119	163982	卖盘
10:29:11	13.78	--	45	62010	卖盘
10:29:05	13.78	--	6	8268	卖盘
10:29:02	13.78	--	21	28938	卖盘
10:28:56	13.78	--	15	20670	卖盘
10:28:41	13.78	--	142	195676	卖盘
10:28:32	13.78	-0.01	142	195676	卖盘
10:28:26	13.79	0.01	34	46886	中性盘
10:28:20	13.78	--	18	24804	卖盘
10:28:17	13.78	--	100	137800	卖盘
10:28:11	13.78	--	119	163982	卖盘
10:28:05	13.78	0.01	3	4134	中性盘
10:28:01	13.77	--	14	19278	卖盘
10:27:56	13.77	--	76	104652	卖盘
10:27:47	13.77	-0.01	12	16524	卖盘
10:27:41	13.78	--	70	96460	卖盘
10:27:35	13.78	--	0	0	卖盘
10:27:31	13.78	--	0	0	卖盘
10:27:26	13.78	-0.03	35	48230	卖盘
10:27:20	13.81	0.01	1	1381	买盘
10:27:16	13.8	--	17	23460	卖盘
10:27:11	13.8	-0.01	28	38640	卖盘
10:27:05	13.81	0.01	15	20715	买盘
10:26:46	13.8	--	0	0	卖盘
10:26:41	13.8	0.02	1	1380	买盘
10:26:26	13.78	-0.01	32	44096	卖盘
10:26:20	13.79	--	0	0	卖盘
10:25:56	13.79	-0.01	59	81361	卖盘
10:25:41	13.8	--	0	0	卖盘
10:25:35	13.8	--	48	66240	卖盘
10:25:29	13.8	--	250	345000	卖盘
10:25:26	13.8	--	2	2760	卖盘
10:25:20	13.8	--	40	55200	卖盘
10:25:11	13.8	-0.04	16	22080	卖盘
10:25:05	13.84	--	125	173000	买盘
10:24:59	13.84	0.01	6	8304	买盘
10:24:56	13.83	-0.01	28	38724	卖盘
10:24:50	13.84	0.01	10	13840	买盘
10:24:44	13.83	--	1	1383	卖盘
10:24:41	13.83	--	10	13830	卖盘
10:24:35	13.83	--	10	13830	卖盘
10:24:29	13.83	--	8	11064	卖盘
10:24:26	13.83	0.02	192	265536	买盘
10:24:20	13.81	-0.02	25	34525	卖盘
10:24:11	13.83	--	4	5532	买盘
10:23:44	13.83	--	0	0	买盘
10:23:40	13.83	--	55	76065	卖盘
10:23:35	13.83	--	50	69150	卖盘
10:23:20	13.83	--	5	6915	卖盘
10:23:10	13.83	-0.01	14	19362	卖盘
10:23:05	13.84	--	38	52592	买盘
10:22:59	13.84	0.01	31	42904	买盘
10:22:56	13.83	--	16	22128	卖盘
10:22:50	13.83	--	35	48405	卖盘
10:22:40	13.83	--	2	2766	卖盘
10:22:29	13.83	--	7	9681	卖盘
10:22:25	13.83	--	61	84363	卖盘
10:22:20	13.83	0.03	261	360963	买盘
10:22:10	13.8	--	2	2760	卖盘
10:21:55	13.8	-0.03	30	41400	卖盘
10:21:50	13.83	0.01	13	17979	买盘
10:21:44	13.82	--	0	0	卖盘
10:21:40	13.82	-0.01	372	514104	卖盘
10:21:35	13.83	--	87	120321	卖盘
10:21:29	13.83	--	8	11064	卖盘
10:21:25	13.83	-0.01	17	23511	卖盘
10:21:10	13.84	0.01	4	5536	买盘
10:21:05	13.83	-0.01	34	47022	卖盘
10:20:59	13.84	-0.01	1	1384	卖盘
10:20:50	13.85	0.01	1	1385	买盘
10:20:40	13.84	-0.01	5	6920	卖盘
10:20:35	13.85	--	5	6925	卖盘
10:20:25	13.85	-0.01	2	2770	卖盘
10:20:20	13.86	--	34	47124	卖盘
10:20:14	13.86	--	72	99792	买盘
10:20:10	13.86	--	36	49896	卖盘
10:20:05	13.86	--	83	115038	卖盘
10:19:59	13.86	--	32	44352	卖盘
10:19:55	13.86	--	8	11088	卖盘
10:19:50	13.86	--	87	120582	卖盘
10:19:40	13.86	--	10	13860	卖盘
10:19:35	13.86	--	57	79002	卖盘
10:19:29	13.86	--	65	90090	买盘
10:19:25	13.86	0.01	51	70686	买盘
10:19:20	13.85	-0.02	70	96950	卖盘
10:19:14	13.87	0.02	257	356459	买盘
10:19:05	13.85	-0.01	12	16620	卖盘
10:18:59	13.86	-0.01	18	24948	卖盘
10:18:53	13.87	0.01	106	147022	买盘
10:18:50	13.86	--	32	44352	买盘
10:18:38	13.86	0.01	8	11088	买盘
10:18:35	13.85	0.01	26	36010	买盘
10:18:29	13.84	--	3	4152	卖盘
10:18:20	13.84	--	82	113488	卖盘
10:18:14	13.84	-0.01	32	44288	卖盘
10:18:08	13.85	0.01	5	6925	买盘
10:18:05	13.84	--	0	0	卖盘
10:17:59	13.84	0.01	5	6920	中性盘
10:17:53	13.83	--	248	342984	卖盘
10:17:44	13.83	--	73	100959	卖盘
10:17:38	13.83	--	340	470220	买盘
10:17:35	13.83	--	31	42873	买盘
10:17:29	13.83	0.01	4	5532	买盘
10:17:19	13.82	-0.01	61	84302	卖盘
10:17:14	13.83	--	181	250323	卖盘
10:17:08	13.83	-0.01	219	302877	卖盘
10:17:04	13.84	0.01	136	188224	买盘
10:16:59	13.83	--	44	60852	卖盘
10:16:53	13.83	--	36	49788	买盘
10:16:49	13.83	0.01	12	16596	买盘
10:16:38	13.82	--	31	42842	卖盘
10:16:34	13.82	0.01	134	185188	买盘
10:16:29	13.81	0.01	10	13810	买盘
10:16:23	13.8	--	20	28428	卖盘
10:16:08	13.8	--	11	15180	卖盘
10:16:04	13.8	--	62	85560	卖盘
10:15:59	13.8	--	113	155940	买盘
10:15:53	13.8	0.01	210	289800	买盘
10:15:34	13.79	--	14	19306	买盘
10:15:29	13.79	--	21	28959	买盘
10:15:23	13.79	0.01	100	137900	买盘
10:15:14	13.78	0.02	166	228748	买盘
10:15:08	13.76	--	34	46784	卖盘
10:15:04	13.76	-0.02	173	238048	卖盘
10:14:53	13.78	0.02	16	22048	买盘
10:14:49	13.76	--	46	63296	卖盘
10:14:44	13.76	0.01	41	56416	卖盘
10:14:38	13.75	-0.01	201	276375	卖盘
10:14:23	13.76	--	10	13760	卖盘
10:14:19	13.76	-0.03	11	15136	卖盘
10:14:14	13.79	0.03	8	11032	买盘
10:14:08	13.76	--	0	0	卖盘
10:13:59	13.76	-0.04	429	590304	卖盘
10:13:53	13.8	--	15	20700	卖盘
10:13:44	13.8	--	14	19320	卖盘
10:13:38	13.8	--	84	115920	卖盘
10:13:29	13.8	-0.01	77	106260	卖盘
10:13:23	13.81	0.01	13	17953	买盘
10:13:19	13.8	--	30	41400	卖盘
10:13:14	13.8	--	25	34500	卖盘
10:13:08	13.8	--	23	31740	卖盘
10:13:04	13.8	--	12	16560	卖盘
10:12:59	13.8	--	36	49680	卖盘
10:12:53	13.8	--	91	125580	卖盘
10:12:44	13.8	--	15	20700	卖盘
10:12:38	13.8	0.02	253	349140	买盘
10:12:32	13.78	--	12	16536	卖盘
10:12:29	13.78	-0.02	148	203944	卖盘
10:12:24	13.8	--	3	4140	买盘
10:12:17	13.8	0.02	10	13800	买盘
10:12:14	13.78	-0.02	136	187408	卖盘
10:12:08	13.8	--	30	41400	卖盘
10:12:02	13.8	--	5	6900	卖盘
10:11:59	13.8	--	19	26220	买盘
10:11:53	13.8	0.02	168	231840	买盘
10:11:47	13.78	-0.02	6	8268	卖盘
10:11:44	13.8	0.02	15	20700	买盘
10:11:38	13.78	-0.02	121	166738	中性盘
10:11:32	13.8	0.03	558	770040	买盘
10:11:23	13.77	--	21	28917	卖盘
10:11:17	13.77	0.01	6	8262	买盘
10:11:14	13.76	--	10	13760	卖盘
10:11:08	13.76	--	13	17888	卖盘
10:11:02	13.76	0.01	50	68800	买盘
10:10:59	13.75	--	27	37125	卖盘
10:10:53	13.75	--	153	210375	买盘
10:10:47	13.75	--	5	6875	买盘
10:10:38	13.75	0.01	20	27500	买盘
10:10:28	13.74	0.01	35	48090	卖盘
10:10:23	13.73	0.01	64	87872	卖盘
10:10:17	13.72	--	0	0	卖盘
10:10:13	13.72	--	1	1372	卖盘
10:09:58	13.72	0.02	2	2744	买盘
10:09:43	13.7	0.04	7	9590	买盘
10:09:38	13.66	-0.07	72	98352	卖盘
10:09:28	13.73	0.03	24	32952	买盘
10:09:23	13.7	-0.08	95	130150	中性盘
10:09:17	13.78	0.01	760	1047583	买盘
10:09:13	13.77	-0.01	6	8262	卖盘
10:09:08	13.78	0.03	13	17914	买盘
10:09:02	13.75	--	26	35750	卖盘
10:08:58	13.75	-0.02	870	1196250	卖盘
10:08:53	13.77	0.01	39	53703	中性盘
10:08:47	13.76	--	0	0	卖盘
10:08:43	13.76	-0.01	5	6880	卖盘
10:08:38	13.77	0.02	8	11016	买盘
10:08:32	13.75	0.02	112	154866	买盘
10:08:23	13.73	--	21	28833	卖盘
10:08:17	13.73	--	119	163387	卖盘
10:08:13	13.73	-0.05	817	1121741	卖盘
10:08:08	13.78	0.03	176	242858	买盘
10:08:02	13.75	--	0	0	卖盘
10:07:58	13.75	--	6	8250	卖盘
10:07:53	13.75	--	27	37125	卖盘
10:07:47	13.75	--	22	30250	卖盘
10:07:38	13.75	0.01	99	136125	买盘
10:07:32	13.74	--	106	145644	卖盘
10:07:28	13.74	-0.01	38	52212	卖盘
10:07:17	13.75	--	9	12375	卖盘
10:07:13	13.75	--	16	22000	卖盘
10:07:08	13.75	-0.03	688	946000	卖盘
10:07:02	13.78	0.01	147	202566	买盘
10:06:58	13.77	--	25	34425	卖盘
10:06:53	13.77	--	138	190026	卖盘
10:06:47	13.77	--	9	12393	卖盘
10:06:43	13.77	--	56	77112	卖盘
10:06:38	13.77	--	84	115668	卖盘
10:06:32	13.77	-0.01	99	136323	卖盘
10:06:28	13.78	-0.02	444	611832	卖盘
10:06:23	13.8	--	203	280140	卖盘
10:06:17	13.8	--	27	37260	卖盘
10:06:11	13.8	-0.01	150	207000	卖盘
10:06:08	13.81	0.01	30	41430	买盘
10:06:02	13.8	-0.01	176	242880	卖盘
10:05:56	13.81	--	11	15191	卖盘
10:05:53	13.81	0.01	57	78717	买盘
10:05:47	13.8	--	17	23460	卖盘
10:05:38	13.8	-0.01	5	6900	卖盘
10:05:32	13.81	-0.01	8	11048	卖盘
10:05:26	13.82	0.02	26	35932	买盘
10:05:23	13.8	--	20	27600	卖盘
10:05:17	13.8	--	10	13800	卖盘
10:05:08	13.8	-0.03	65	89700	卖盘
10:05:02	13.83	0.03	200	276600	买盘
10:04:56	13.8	--	0	0	卖盘
10:04:53	13.8	-0.03	50	69000	卖盘
10:04:47	13.83	0.03	74	102342	买盘
10:04:41	13.8	--	117	161460	卖盘
10:04:38	13.8	-0.02	765	1055700	卖盘
10:04:32	13.82	-0.01	32	44224	卖盘
10:04:26	13.83	0.02	10	13830	买盘
10:04:22	13.81	-0.02	23	31763	卖盘
10:04:17	13.83	--	142	196386	买盘
10:04:11	13.83	0.02	59	81597	买盘
10:04:07	13.81	--	23	31763	卖盘
10:03:56	13.81	--	0	0	卖盘
10:03:47	13.81	--	13	17953	卖盘
10:03:41	13.81	-0.01	15	20715	卖盘
10:03:37	13.82	-0.01	604	834728	卖盘
10:03:32	13.83	-0.01	8	11064	卖盘
10:03:22	13.84	0.03	242	334928	中性盘
10:03:17	13.81	0.01	95	131195	中性盘
10:03:11	13.8	--	5	6900	卖盘
10:03:07	13.8	-0.01	562	775560	卖盘
10:03:02	13.81	0.01	30	41430	中性盘
10:02:52	13.8	-0.03	104	143520	卖盘
10:02:47	13.83	--	623	861609	卖盘
10:02:41	13.83	0.05	30	41490	卖盘
10:02:37	13.78	-0.05	29	39962	卖盘
10:02:32	13.83	--	122	168726	买盘
10:02:26	13.83	0.05	99	136917	买盘
10:02:22	13.78	-0.01	22	30316	卖盘
10:02:17	13.79	0.01	45	62054	中性盘
10:02:11	13.78	-0.06	10	13780	卖盘
10:02:07	13.84	0.04	125	173000	买盘
10:02:02	13.8	-0.04	763	1052940	卖盘
10:01:56	13.84	--	21	29064	卖盘
10:01:52	13.84	--	81	112104	卖盘
10:01:47	13.84	0.01	415	574360	买盘
10:01:41	13.83	--	12	16596	卖盘
10:01:37	13.83	--	123	170109	卖盘
10:01:32	13.83	0.02	958	1324914	买盘
10:01:26	13.81	--	11	15191	卖盘
10:01:22	13.81	--	89	122909	卖盘
10:01:17	13.81	--	126	174006	卖盘
10:01:11	13.81	--	65	89765	卖盘
10:01:07	13.81	--	266	367346	买盘
10:01:02	13.81	0.06	524	723644	买盘
10:00:56	13.75	--	1000	1376347	卖盘
10:00:52	13.75	--	177	243375	卖盘
10:00:47	13.75	0.01	158	217250	买盘
10:00:41	13.74	-0.01	615	845010	卖盘
10:00:32	13.75	--	89	122375	卖盘
10:00:26	13.75	0.01	60	82500	买盘
10:00:22	13.74	--	11	15114	卖盘
10:00:17	13.74	--	65	89310	卖盘
10:00:11	13.74	--	196	269304	买盘
10:00:07	13.74	0.01	251	344874	买盘
10:00:02	13.73	-0.01	172	236156	卖盘
09:59:56	13.74	-0.01	265	364110	卖盘
09:59:50	13.75	-0.03	16	22000	卖盘
09:59:47	13.78	0.03	165	227370	买盘
09:59:41	13.75	-0.04	52	71500	卖盘
09:59:35	13.79	--	18	24822	卖盘
09:59:32	13.79	--	80	110320	卖盘
09:59:26	13.79	0.04	15	20685	中性盘
09:59:20	13.75	-0.05	28	38500	卖盘
09:59:17	13.8	-0.01	172	237360	中性盘
09:59:11	13.81	0.08	269	371489	买盘
09:59:02	13.73	-0.03	100	137300	卖盘
09:58:56	13.76	--	606	833856	卖盘
09:58:50	13.76	0.01	67	92192	买盘
09:58:47	13.75	0.02	27	37125	卖盘
09:58:41	13.73	--	0	0	卖盘
09:58:35	13.73	--	10	13730	卖盘
09:58:32	13.73	--	36	49428	卖盘
09:58:26	13.73	--	16	21968	卖盘
09:58:20	13.73	0.01	52	71396	买盘
09:58:17	13.72	0.02	143	196196	买盘
09:58:11	13.7	--	5	6850	卖盘
09:58:05	13.7	--	16	21920	卖盘
09:58:02	13.7	0.01	138	189060	买盘
09:57:56	13.69	-0.01	22	30118	中性盘
09:57:50	13.7	0.01	19	26030	买盘
09:57:47	13.69	--	335	458615	买盘
09:57:41	13.69	0.01	10	13690	买盘
09:57:31	13.68	-0.01	28	38304	中性盘
09:57:26	13.69	--	32	43808	买盘
09:57:20	13.69	0.01	60	82140	买盘
09:57:16	13.68	--	11	15048	卖盘
09:57:11	13.68	--	60	82080	卖盘
09:57:01	13.68	--	43	58824	买盘
09:56:50	13.68	--	37	50616	买盘
09:56:46	13.68	--	40	54720	买盘
09:56:35	13.68	--	0	0	买盘
09:56:20	13.68	--	10	13680	买盘
09:56:16	13.68	--	49	67032	买盘
09:56:11	13.68	--	0	0	买盘
09:56:05	13.68	0.01	70	95760	买盘
09:55:56	13.67	-0.01	18	24606	卖盘
09:55:46	13.68	0.02	20	27360	买盘
09:55:41	13.66	--	0	0	卖盘
09:55:35	13.66	--	1	1366	买盘
09:55:31	13.66	-0.01	70	95620	卖盘
09:55:26	13.67	--	10	13670	卖盘
09:55:20	13.67	--	15	20505	卖盘
09:55:16	13.67	--	98	133966	买盘
09:55:05	13.67	0.01	12	16404	买盘
09:55:01	13.66	--	19	25954	买盘
09:54:56	13.66	-0.01	200	273200	中性盘
09:54:50	13.67	--	5	6835	买盘
09:54:41	13.67	--	29	39643	卖盘
09:54:35	13.67	--	18	24606	卖盘
09:54:26	13.67	--	26	35542	买盘
09:54:16	13.67	--	10	13670	买盘
09:54:11	13.67	--	71	97057	卖盘
09:54:05	13.67	-0.01	50	68350	卖盘
09:53:56	13.68	0.01	2	2736	买盘
09:53:50	13.67	--	10	13670	卖盘
09:53:46	13.67	0.01	43	58781	买盘
09:53:26	13.66	0.01	26	36280	买盘
09:53:20	13.65	--	12	16380	卖盘
09:53:11	13.65	--	1	1365	卖盘
09:53:05	13.65	--	7	9555	卖盘
09:52:56	13.65	0.03	254	346710	买盘
09:52:41	13.62	--	70	95340	卖盘
09:52:35	13.62	--	33	44946	卖盘
09:52:26	13.62	0.01	8	10896	卖盘
09:52:20	13.61	--	0	0	卖盘
09:52:14	13.61	-0.03	20	27220	卖盘
09:52:11	13.64	0.03	100	136400	买盘
09:52:05	13.61	--	0	0	卖盘
09:51:59	13.61	--	17	23137	卖盘
09:51:41	13.61	-0.03	149	202789	卖盘
09:51:35	13.64	--	176	240064	卖盘
09:51:26	13.64	--	219	298716	买盘
09:51:14	13.64	--	20	27280	买盘
09:51:10	13.64	--	303	413292	卖盘
09:51:05	13.64	--	28	38192	卖盘
09:50:59	13.64	--	36	49104	买盘
09:50:55	13.64	--	23	31372	买盘
09:50:50	13.64	-0.01	91	124124	买盘
09:50:44	13.65	--	0	0	买盘
09:50:29	13.65	0.01	30	40950	买盘
09:50:20	13.64	-0.01	80	109120	卖盘
09:50:14	13.65	--	31	42315	买盘
09:50:10	13.65	0.01	26	35490	买盘
09:49:59	13.64	--	49	66836	卖盘
09:49:55	13.64	0.03	45	61380	买盘
09:49:40	13.61	-0.01	188	255868	卖盘
09:49:35	13.62	0.01	194	264228	买盘
09:49:20	13.61	-0.01	69	93909	卖盘
09:49:10	13.62	--	142	193404	卖盘
09:48:55	13.62	-0.02	105	143010	卖盘
09:48:50	13.64	0.01	1	1364	买盘
09:48:40	13.63	0.01	47	64061	卖盘
09:48:35	13.62	-0.03	30	40860	卖盘
09:48:29	13.65	0.03	2	2730	买盘
09:48:25	13.62	--	10	13620	卖盘
09:48:20	13.62	-0.03	10	13620	卖盘
09:48:14	13.65	0.02	114	155610	买盘
09:48:05	13.63	--	60	81780	卖盘
09:47:50	13.63	-0.02	240	327120	卖盘
09:47:44	13.65	--	4	5460	买盘
09:47:35	13.65	--	54	74310	卖盘
09:47:20	13.65	--	25	34889	买盘
09:47:14	13.65	0.02	25	34125	买盘
09:47:10	13.63	-0.02	19	25897	卖盘
09:46:59	13.65	--	9	12885	卖盘
09:46:55	13.65	-0.01	20	27300	卖盘
09:46:50	13.66	0.01	13	17758	买盘
09:46:44	13.65	--	23	31395	卖盘
09:46:38	13.65	--	5	7589	买盘
09:46:29	13.65	0.03	422	576125	买盘
09:46:23	13.62	--	2	2724	卖盘
09:46:20	13.62	--	29	39498	卖盘
09:46:14	13.62	--	5	6810	买盘
09:46:05	13.62	-0.01	75	102150	卖盘
09:45:53	13.63	0.01	1	1363	买盘
09:45:50	13.62	--	15	20430	买盘
09:45:38	13.62	--	2	2724	买盘
09:45:29	13.62	-0.01	45	61290	买盘
09:45:23	13.63	--	0	0	买盘
09:45:20	13.63	0.03	195	265785	买盘
09:45:14	13.6	-0.03	26	35360	卖盘
09:45:05	13.63	0.02	20	27260	买盘
09:44:59	13.61	-0.02	125	170125	卖盘
09:44:50	13.63	--	30	40890	买盘
09:44:44	13.63	--	116	158108	卖盘
09:44:38	13.63	--	5	6815	卖盘
09:44:34	13.63	0.02	249	339387	买盘
09:44:23	13.61	--	18	24498	卖盘
09:44:19	13.61	0.01	12	16332	卖盘
09:44:04	13.6	-0.01	300	408000	卖盘
09:43:59	13.61	--	0	0	卖盘
09:43:49	13.61	--	16	21776	卖盘
09:43:34	13.61	--	12	16332	买盘
09:43:29	13.61	--	53	72133	卖盘
09:43:23	13.61	--	30	40830	卖盘
09:43:19	13.61	-0.01	8	10888	卖盘
09:43:14	13.62	0.01	2	2724	中性盘
09:43:08	13.61	-0.01	61	83021	卖盘
09:43:04	13.62	0.02	10	13620	中性盘
09:42:49	13.6	-0.01	598	813280	卖盘
09:42:44	13.61	--	15	20415	卖盘
09:42:34	13.61	--	57	77577	卖盘
09:42:19	13.61	--	0	0	卖盘
09:42:14	13.61	-0.02	40	54440	卖盘
09:42:04	13.63	--	12	16356	买盘
09:41:59	13.63	-0.01	99	134937	卖盘
09:41:53	13.64	--	24	32736	买盘
09:41:14	13.64	-0.01	42	57888	卖盘
09:41:04	13.65	0.01	3	4095	买盘
09:40:59	13.64	-0.01	3	4092	卖盘
09:40:44	13.65	--	11	15015	买盘
09:40:38	13.65	--	37	50505	买盘
09:40:34	13.65	-0.01	39	53235	卖盘
09:40:29	13.66	--	52	71032	买盘
09:40:23	13.66	--	54	73764	买盘
09:40:19	13.66	0.01	9	12294	买盘
09:40:14	13.65	-0.01	25	34125	卖盘
09:40:08	13.66	--	2	2732	买盘
09:40:02	13.66	--	0	0	买盘
09:39:59	13.66	0.01	26	35516	卖盘
09:39:53	13.65	-0.01	20	27300	卖盘
09:39:47	13.66	0.02	2	2732	买盘
09:39:44	13.64	-0.02	10	13640	卖盘
09:39:38	13.66	0.03	16	22620	买盘
09:39:32	13.63	-0.01	68	92684	卖盘
09:39:29	13.64	-0.02	6	8184	卖盘
09:39:14	13.66	0.02	20	27320	买盘
09:39:08	13.64	--	22	30008	买盘
09:38:59	13.64	--	64	87296	卖盘
09:38:53	13.64	-0.01	15	20460	卖盘
09:38:44	13.65	--	39	53235	买盘
09:38:32	13.65	0.01	2	2730	买盘
09:38:29	13.64	--	10	13640	卖盘
09:38:17	13.64	-0.01	16	21824	卖盘
09:38:14	13.65	--	19	25935	买盘
09:38:08	13.65	--	23	31395	买盘
09:38:02	13.65	--	7	9555	买盘
09:37:59	13.65	--	14	19110	买盘
09:37:53	13.65	--	31	42915	卖盘
09:37:47	13.65	--	65	88725	卖盘
09:37:43	13.65	--	513	700245	卖盘
09:37:38	13.65	--	10	13650	卖盘
09:37:32	13.65	--	51	69615	卖盘
09:37:28	13.65	-0.01	4	6224	卖盘
09:37:23	13.66	--	25	34150	买盘
09:37:17	13.66	-0.01	5	6830	卖盘
09:37:13	13.67	--	5	6835	买盘
09:37:08	13.67	-0.03	78	106626	卖盘
09:37:02	13.7	0.03	95	130150	买盘
09:36:58	13.67	--	115	157205	卖盘
09:36:53	13.67	-0.03	105	143535	卖盘
09:36:47	13.7	--	0	0	买盘
09:36:43	13.7	--	6	8220	买盘
09:36:38	13.7	0.03	48	65760	买盘
09:36:32	13.67	--	2	2734	卖盘
09:36:28	13.67	-0.03	141	192747	卖盘
09:36:23	13.7	0.03	235	321950	买盘
09:36:17	13.67	--	80	109360	卖盘
09:36:13	13.67	-0.02	46	62882	买盘
09:36:08	13.69	0.04	180	246420	买盘
09:36:02	13.65	--	0	0	卖盘
09:35:58	13.65	-0.03	22	30030	卖盘
09:35:53	13.68	0.01	116	158688	买盘
09:35:47	13.67	-0.01	4	5468	卖盘
09:35:38	13.68	--	14	19152	买盘
09:35:32	13.68	--	8	10944	买盘
09:35:28	13.68	-0.02	2	2736	中性盘
09:35:23	13.7	0.01	650	890500	买盘
09:35:17	13.69	--	27	36963	买盘
09:35:13	13.69	-0.01	15	20535	中性盘
09:35:08	13.7	--	17	23290	买盘
09:35:02	13.7	--	59	80830	卖盘
09:34:58	13.7	--	108	147960	卖盘
09:34:53	13.7	--	115	157550	卖盘
09:34:47	13.7	--	3	4110	卖盘
09:34:43	13.7	0.09	515	705550	买盘
09:34:38	13.61	-0.03	22	29942	中性盘
09:34:23	13.64	-0.01	2	2728	中性盘
09:34:17	13.65	--	100	136500	买盘
09:34:13	13.65	--	4	5460	买盘
09:34:08	13.65	0.05	8	10920	买盘
09:34:02	13.6	-0.05	1248	1697280	卖盘
09:33:58	13.65	--	10	13650	卖盘
09:33:53	13.65	--	10	13650	卖盘
09:33:47	13.65	0.06	234	319410	买盘
09:33:43	13.59	0.02	4	5436	卖盘
09:33:32	13.57	--	0	0	卖盘
09:33:26	13.57	-0.02	120	162840	卖盘
09:33:23	13.59	--	0	0	卖盘
09:33:17	13.59	0.02	2	2718	买盘
09:33:08	13.57	--	20	27140	卖盘
09:33:02	13.57	0.04	323	438311	买盘
09:32:56	13.53	0.01	33	44770	买盘
09:32:53	13.52	-0.01	15	20280	卖盘
09:32:47	13.53	0.01	3	4059	买盘
09:32:41	13.52	-0.01	3	4056	卖盘
09:32:38	13.53	--	5	6765	买盘
09:32:32	13.53	--	5	6765	买盘
09:32:23	13.53	0.01	11	14883	买盘
09:32:17	13.52	-0.02	3	4056	卖盘
09:32:08	13.54	--	10	13540	买盘
09:32:02	13.54	--	24	32495	买盘
09:31:53	13.54	0.02	85	115090	买盘
09:31:47	13.52	--	6	8112	卖盘
09:31:41	13.52	-0.02	6	8112	卖盘
09:31:38	13.54	0.02	3	4061	买盘
09:31:32	13.52	--	2	2704	卖盘
09:31:23	13.52	--	16	21632	卖盘
09:30:56	13.52	0.02	10	13520	卖盘
09:30:47	13.5	-0.05	122	164700	卖盘
09:30:37	13.55	0.05	18	24390	买盘
09:30:32	13.5	--	0	0	卖盘
09:30:22	13.5	-0.04	302	407700	卖盘
09:30:17	13.54	-0.01	8	10832	卖盘
09:30:07	13.55	-0.04	394	533870	卖盘
09:30:02	13.59	0.04	21	28539	买盘
09:28:43	13.55	--	0	0	卖盘
09:25:05	13.55	13.55	125	169375	买盘
