成交时间	成交价	价格变动	成交量(手)	成交额(元)	性质
15:00:00	9.69	--	0	0	卖盘
15:00:00	9.69	-0.01	1	969	卖盘
14:59:58	9.7	--	6	5820	买盘
14:59:52	9.7	0.01	2	1939	买盘
14:59:48	9.69	--	11	10659	卖盘
14:59:43	9.69	--	102	98838	卖盘
14:59:37	9.69	--	12	11628	卖盘
14:59:28	9.69	-0.01	12	11628	卖盘
14:59:22	9.7	--	5	4850	买盘
14:59:18	9.7	-0.01	40	38800	卖盘
14:59:03	9.71	0.01	10	9710	买盘
14:58:52	9.7	--	0	0	中性盘
14:58:48	9.7	--	40	38800	卖盘
14:58:43	9.7	--	17	16490	卖盘
14:58:28	9.7	0.01	71	68870	买盘
14:58:13	9.69	--	157	152133	买盘
14:58:07	9.69	--	1	969	买盘
14:58:03	9.69	0.01	47	45543	买盘
14:57:58	9.68	-0.01	61	59048	卖盘
14:57:52	9.69	--	6	5814	买盘
14:57:48	9.69	--	47	45543	买盘
14:57:42	9.69	--	20	19380	买盘
14:57:37	9.69	0.01	5	4845	买盘
14:57:28	9.68	-0.01	44	42592	卖盘
14:57:22	9.69	--	56	54264	买盘
14:57:03	9.69	0.01	20	19380	买盘
14:56:57	9.68	--	2	1936	卖盘
14:56:48	9.68	--	99	95832	买盘
14:56:42	9.68	--	160	154880	买盘
14:56:37	9.68	--	5	4840	买盘
14:56:32	9.68	--	45	43560	买盘
14:56:28	9.68	--	30	29040	买盘
14:56:22	9.68	0.01	9	8712	买盘
14:56:17	9.67	--	21	20307	卖盘
14:56:12	9.67	-0.01	59	57053	卖盘
14:56:02	9.68	--	194	187792	卖盘
14:55:57	9.68	-0.01	4	3872	卖盘
14:55:52	9.69	0.01	10	9690	买盘
14:55:47	9.68	-0.01	62	60016	卖盘
14:55:32	9.69	0.01	20	19380	买盘
14:55:27	9.68	--	0	0	卖盘
14:55:18	9.68	-0.02	1	968	卖盘
14:55:12	9.7	--	51	49470	买盘
14:55:07	9.7	--	10	9700	买盘
14:55:02	9.7	-0.01	658	638260	卖盘
14:54:57	9.71	--	0	0	买盘
14:54:52	9.71	--	0	0	买盘
14:54:47	9.71	0.01	139	134969	买盘
14:54:42	9.7	0.03	46	44620	买盘
14:54:27	9.67	--	75	72989	买盘
14:54:16	9.67	--	653	631451	买盘
14:54:12	9.67	--	55	53185	买盘
14:54:07	9.67	--	55	53185	买盘
14:54:02	9.67	--	17	16439	买盘
14:53:57	9.67	--	120	116040	买盘
14:53:46	9.67	--	5	4835	买盘
14:53:42	9.67	--	51	49317	买盘
14:53:27	9.67	-0.02	978	946228	卖盘
14:53:22	9.69	--	5	5310	买盘
14:53:12	9.69	--	40	38760	买盘
14:53:01	9.69	--	14	13566	买盘
14:52:57	9.69	--	45	43605	买盘
14:52:46	9.69	0.01	3	2907	买盘
14:52:42	9.68	-0.01	19	18392	卖盘
14:52:31	9.69	--	21	20349	买盘
14:52:27	9.69	--	10	9690	买盘
14:52:22	9.69	--	62	60078	买盘
14:52:16	9.69	--	30	29070	买盘
14:52:07	9.69	-0.01	160	155543	卖盘
14:51:57	9.7	--	0	0	买盘
14:51:52	9.7	-0.01	11	10670	卖盘
14:51:46	9.71	0.01	18	17478	买盘
14:51:27	9.7	--	70	67900	买盘
14:51:22	9.7	--	3	2910	买盘
14:51:12	9.7	--	4	3879	买盘
14:51:07	9.7	--	5	4850	买盘
14:50:57	9.7	--	5	4850	买盘
14:50:37	9.7	--	35	33950	买盘
14:50:22	9.7	-0.01	6	5820	买盘
14:50:16	9.71	0.01	5	4855	买盘
14:50:12	9.7	0.01	47	45861	买盘
14:50:07	9.69	--	81	78489	卖盘
14:49:56	9.69	--	20	19990	卖盘
14:49:52	9.69	-0.01	23	22287	卖盘
14:49:46	9.7	0.01	5	4850	买盘
14:49:21	9.69	-0.02	38	36822	卖盘
14:49:11	9.71	0.02	8	7768	买盘
14:48:56	9.69	-0.01	120	116280	卖盘
14:48:36	9.7	-0.01	50	48500	卖盘
14:48:26	9.71	--	71	68941	买盘
14:48:21	9.71	--	3	2913	买盘
14:48:06	9.71	--	58	56318	买盘
14:47:56	9.71	--	55	53405	买盘
14:47:51	9.71	--	45	43695	买盘
14:47:31	9.71	0.01	56	54376	买盘
14:47:16	9.7	--	4	3879	卖盘
14:47:10	9.7	--	51	49470	卖盘
14:47:06	9.7	-0.01	16	15519	卖盘
14:46:55	9.71	0.01	5	4855	买盘
14:46:51	9.7	--	3	2910	卖盘
14:46:46	9.7	--	12	12183	买盘
14:46:40	9.7	--	72	69840	买盘
14:46:36	9.7	--	46	45046	卖盘
14:46:25	9.7	--	53	51409	卖盘
14:46:21	9.7	0.01	0	543	中性盘
14:45:46	9.69	--	57	55233	卖盘
14:45:36	9.69	-0.01	9	8730	卖盘
14:45:31	9.7	--	11	11630	卖盘
14:45:25	9.7	--	30	29099	卖盘
14:45:21	9.7	--	0	591	卖盘
14:45:16	9.7	-0.01	12	11640	卖盘
14:45:10	9.71	0.01	1	971	买盘
14:44:46	9.7	-0.01	5	4850	卖盘
14:44:31	9.71	0.01	18	17478	买盘
14:44:16	9.7	-0.01	21	20758	卖盘
14:44:10	9.71	--	51	49521	买盘
14:43:55	9.71	--	43	41753	买盘
14:43:51	9.71	0.01	45	43695	买盘
14:43:46	9.7	--	41	39770	买盘
14:43:40	9.7	--	45	43650	买盘
14:43:36	9.7	--	70	67900	卖盘
14:43:31	9.7	--	13	12609	卖盘
14:43:20	9.7	-0.01	100	97000	卖盘
14:43:15	9.71	--	8	7768	买盘
14:43:05	9.71	0.01	30	29130	买盘
14:43:01	9.7	-0.01	106	102819	卖盘
14:42:35	9.71	0.01	2	1942	买盘
14:42:25	9.7	--	5	4850	卖盘
14:42:21	9.7	--	10	9700	卖盘
14:42:10	9.7	-0.01	124	120279	卖盘
14:41:45	9.71	--	100	97100	买盘
14:41:25	9.71	0.01	5	4855	买盘
14:41:20	9.7	-0.01	24	23280	卖盘
14:41:15	9.71	0.01	31	30101	买盘
14:41:05	9.7	--	5	4850	卖盘
14:41:00	9.7	-0.01	4	3879	卖盘
14:40:50	9.71	--	1	971	买盘
14:40:40	9.71	--	91	88361	买盘
14:40:30	9.71	--	67	65057	买盘
14:40:25	9.71	--	0	0	买盘
14:40:20	9.71	0.01	132	128172	买盘
14:40:15	9.7	--	37	35890	卖盘
14:40:10	9.7	--	15	14549	卖盘
14:40:04	9.7	--	64	62079	卖盘
14:40:00	9.7	--	1556	1509320	卖盘
14:39:45	9.7	-0.01	5	4850	卖盘
14:39:40	9.71	0.01	96	93216	买盘
14:39:30	9.7	--	11	10670	卖盘
14:39:19	9.7	-0.01	220	213399	卖盘
14:39:10	9.71	0.01	10	9710	买盘
14:39:04	9.7	-0.01	23	22310	卖盘
14:39:00	9.71	0.01	10	9710	买盘
14:38:55	9.7	-0.01	701	679970	卖盘
14:38:45	9.71	--	101	98071	卖盘
14:38:34	9.71	--	7	6797	卖盘
14:38:30	9.71	--	23	22333	卖盘
14:38:25	9.71	--	3	2913	卖盘
14:38:10	9.71	--	30	29130	卖盘
14:37:55	9.71	--	10	9710	卖盘
14:37:45	9.71	-0.01	2	1942	卖盘
14:37:40	9.72	--	0	0	中性盘
14:37:34	9.72	-0.01	10	9720	买盘
14:37:30	9.73	0.02	3	2919	买盘
14:37:25	9.71	-0.02	106	102926	卖盘
14:37:10	9.73	--	1	973	买盘
14:37:00	9.73	0.02	16	15568	买盘
14:36:54	9.71	-0.02	16	15536	卖盘
14:36:49	9.73	--	0	0	买盘
14:36:34	9.73	--	0	0	买盘
14:36:29	9.73	0.01	3	2919	买盘
14:36:14	9.72	0.01	1	972	买盘
14:36:09	9.71	--	0	0	卖盘
14:35:59	9.71	--	22	21362	卖盘
14:35:49	9.71	-0.01	20	19420	卖盘
14:35:39	9.72	--	11	10692	买盘
14:35:29	9.72	--	14	13608	买盘
14:35:24	9.72	--	15	14580	买盘
14:35:14	9.72	--	0	0	中性盘
14:35:09	9.72	--	10	9720	买盘
14:34:44	9.72	-0.01	48	46656	卖盘
14:34:34	9.73	--	15	14595	买盘
14:34:24	9.73	0.01	3	2919	买盘
14:34:19	9.72	--	12	11664	卖盘
14:34:13	9.72	--	10	9720	卖盘
14:34:04	9.72	-0.01	4	3888	卖盘
14:33:54	9.73	--	2	1946	买盘
14:33:39	9.73	0.01	2	1946	买盘
14:33:24	9.72	--	25	24300	卖盘
14:33:13	9.72	-0.01	2	1944	卖盘
14:33:09	9.73	--	23	22379	买盘
14:32:58	9.73	--	17	16541	卖盘
14:32:43	9.73	--	14	13622	卖盘
14:32:39	9.73	0.01	134	130382	买盘
14:32:34	9.72	-0.01	15	14580	卖盘
14:32:28	9.73	0.01	40	38920	买盘
14:32:24	9.72	-0.01	44	42768	卖盘
14:32:09	9.73	-0.01	10	9730	买盘
14:31:43	9.74	0.01	46	44804	买盘
14:31:39	9.73	0.01	91	88543	买盘
14:31:34	9.72	--	15	14580	卖盘
14:30:49	9.72	0.01	25	24300	买盘
14:30:38	9.71	-0.01	8	7768	卖盘
14:30:33	9.72	--	33	32076	买盘
14:30:24	9.72	0.01	2	1944	买盘
14:30:19	9.71	--	4	3884	卖盘
14:30:08	9.71	--	10	9710	卖盘
14:30:03	9.71	--	10	9710	卖盘
14:29:48	9.71	--	1	971	卖盘
14:29:43	9.71	--	7	6797	卖盘
14:29:33	9.71	-0.01	21	20391	卖盘
14:29:08	9.72	--	49	47628	卖盘
14:29:03	9.72	--	32	31104	卖盘
14:28:18	9.72	--	231	224532	卖盘
14:28:08	9.72	-0.01	41	39852	卖盘
14:28:03	9.73	--	75	72975	买盘
14:27:32	9.73	0.01	20	19460	买盘
14:27:18	9.72	-0.01	1	972	卖盘
14:27:07	9.73	--	14	13622	买盘
14:26:58	9.73	--	24	23352	卖盘
14:26:28	9.73	--	26	25298	买盘
14:26:18	9.73	--	14	13622	卖盘
14:26:13	9.73	--	1	973	卖盘
14:26:07	9.73	--	20	19460	卖盘
14:25:52	9.73	--	40	38920	卖盘
14:25:43	9.73	--	5	4865	卖盘
14:25:28	9.73	--	22	21406	卖盘
14:25:13	9.73	--	7	6811	卖盘
14:24:47	9.73	--	1	973	卖盘
14:24:37	9.73	--	2	1946	卖盘
14:24:32	9.73	--	10	9730	卖盘
14:24:28	9.73	--	23	22379	卖盘
14:24:02	9.73	-0.01	47	45731	卖盘
14:23:47	9.74	--	85	82790	卖盘
14:23:43	9.74	--	18	17532	卖盘
14:23:32	9.74	-0.01	60	58440	卖盘
14:23:27	9.75	--	3	2925	买盘
14:23:22	9.75	--	10	9750	买盘
14:23:17	9.75	--	59	57525	买盘
14:23:03	9.75	--	6	5850	买盘
14:22:58	9.75	0.01	10	9750	买盘
14:22:47	9.74	--	27	26298	卖盘
14:22:27	9.74	-0.01	13	12662	卖盘
14:22:12	9.75	0.01	100	97500	买盘
14:22:02	9.74	--	153	149022	买盘
14:21:57	9.74	--	29	28246	买盘
14:21:47	9.74	--	1	974	买盘
14:21:42	9.74	--	94	91556	买盘
14:21:21	9.74	0.01	5	4870	买盘
14:21:12	9.73	--	18	17514	买盘
14:21:07	9.73	-0.01	7	6811	卖盘
14:21:02	9.74	0.01	42	40908	买盘
14:20:47	9.73	--	9	8757	卖盘
14:20:42	9.73	--	12	11676	卖盘
14:20:26	9.73	--	20	19460	卖盘
14:20:21	9.73	--	1	973	卖盘
14:20:11	9.73	--	22	21406	买盘
14:20:07	9.73	-0.01	23	22379	买盘
14:19:52	9.74	--	0	0	买盘
14:19:37	9.74	0.02	2	1948	买盘
14:19:22	9.72	--	40	38880	卖盘
14:19:11	9.72	-0.03	85	82620	卖盘
14:18:56	9.75	0.02	18	17550	买盘
14:18:52	9.73	--	18	17514	买盘
14:18:42	9.73	--	160	155680	买盘
14:18:36	9.73	-0.02	86	83678	卖盘
14:18:26	9.75	--	162	157950	买盘
14:18:21	9.75	0.01	49	47775	买盘
14:18:11	9.74	--	142	138308	买盘
14:18:07	9.74	0.01	20	19480	买盘
14:17:51	9.73	--	41	39893	买盘
14:17:46	9.73	--	73	71029	买盘
14:17:37	9.73	0.01	40	38920	买盘
14:17:26	9.72	--	345	335340	买盘
14:17:21	9.72	--	175	170100	买盘
14:17:01	9.72	--	0	0	买盘
14:16:56	9.72	0.01	88	85536	买盘
14:16:52	9.71	--	106	102926	买盘
14:16:46	9.71	0.01	45	43695	买盘
14:16:37	9.7	0.01	66	64019	买盘
14:16:26	9.69	-0.01	10	9690	中性盘
14:16:21	9.7	0.01	79	76630	买盘
14:16:15	9.69	--	4	3876	买盘
14:16:11	9.69	0.01	10	9690	中性盘
14:16:06	9.68	-0.01	200	193600	卖盘
14:15:51	9.69	--	19	18411	卖盘
14:15:26	9.69	-0.01	18	17442	卖盘
14:15:21	9.7	0.01	15	14549	买盘
14:15:11	9.69	--	5	4845	卖盘
14:15:06	9.69	-0.01	5	4845	中性盘
14:14:51	9.7	--	3	2910	买盘
14:14:46	9.7	-0.01	205	198849	中性盘
14:14:41	9.71	0.01	557	540847	买盘
14:14:21	9.7	--	51	49470	买盘
14:13:30	9.7	--	359	348230	卖盘
14:13:24	9.7	-0.01	21	20370	卖盘
14:13:20	9.71	0.01	82	79622	买盘
14:13:16	9.7	-0.01	20	19400	卖盘
14:13:09	9.71	--	45	43695	买盘
14:13:00	9.71	--	279	270909	卖盘
14:12:30	9.71	--	79	76709	卖盘
14:12:20	9.71	--	42	40782	买盘
14:12:16	9.71	0.01	10	9710	买盘
14:11:50	9.7	-0.01	6	5820	卖盘
14:11:46	9.71	--	2	1942	买盘
14:11:39	9.71	--	46	44666	卖盘
14:11:30	9.71	-0.01	6	5826	卖盘
14:11:25	9.72	0.01	2	1944	买盘
14:11:15	9.71	--	40	38840	卖盘
14:11:05	9.71	--	48	46608	卖盘
14:10:50	9.71	--	40	38840	卖盘
14:10:30	9.71	-0.01	5	4855	卖盘
14:10:20	9.72	0.01	20	19440	买盘
14:10:15	9.71	--	28	27188	卖盘
14:10:09	9.71	--	3	2913	卖盘
14:10:05	9.71	-0.01	9	8739	卖盘
14:09:54	9.72	0.01	30	29160	买盘
14:09:45	9.71	--	21	20391	卖盘
14:09:39	9.71	--	15	14565	卖盘
14:09:35	9.71	--	6	5826	卖盘
14:09:30	9.71	--	12	11652	卖盘
14:09:20	9.71	--	7	6797	卖盘
14:09:00	9.71	--	50	48550	卖盘
14:08:30	9.71	--	30	29130	买盘
14:08:15	9.71	--	90	87390	卖盘
14:08:05	9.71	--	18	17478	卖盘
14:08:00	9.71	--	5	4855	卖盘
14:07:30	9.71	0.01	276	267996	买盘
14:07:15	9.7	0.01	17	16490	买盘
14:06:24	9.69	--	10	9690	中性盘
14:06:14	9.69	--	103	99807	买盘
14:06:09	9.69	-0.01	7	6783	卖盘
14:06:03	9.7	--	72	69840	买盘
14:05:44	9.7	0.01	1	969	买盘
14:05:39	9.69	-0.01	15	14535	卖盘
14:05:24	9.7	0.01	4	3879	买盘
14:05:03	9.69	--	18	17442	卖盘
14:04:54	9.69	0.01	24	23256	中性盘
14:04:44	9.68	--	2	1936	卖盘
14:04:39	9.68	--	70	67760	卖盘
14:04:18	9.68	-0.01	17	16456	卖盘
14:04:09	9.69	-0.01	434	420546	卖盘
14:03:44	9.7	0.01	17	16490	买盘
14:03:14	9.69	--	5	4845	卖盘
14:03:09	9.69	--	2	1938	卖盘
14:03:03	9.69	--	2	1938	卖盘
14:02:59	9.69	--	11	10659	卖盘
14:02:54	9.69	-0.01	41	39729	卖盘
14:02:44	9.7	--	12	11640	卖盘
14:02:29	9.7	--	12	11640	卖盘
14:02:24	9.7	--	21	20370	卖盘
14:02:09	9.7	--	1	969	卖盘
14:02:03	9.7	--	6	5820	卖盘
14:01:24	9.7	--	17	16490	卖盘
14:01:03	9.7	--	13	12609	买盘
14:00:44	9.7	--	60	58199	买盘
14:00:39	9.7	0.01	74	71780	买盘
14:00:24	9.69	--	5	4845	买盘
14:00:12	9.69	--	5	4845	卖盘
14:00:09	9.69	--	80	77520	卖盘
13:59:38	9.69	--	0	0	中性盘
13:59:18	9.69	--	4	3876	买盘
13:58:48	9.69	--	15	14535	卖盘
13:58:03	9.69	--	103	99807	卖盘
13:57:57	9.69	--	16	15504	卖盘
13:57:53	9.69	--	95	92055	卖盘
13:57:42	9.69	-0.01	9	8721	卖盘
13:57:33	9.7	--	74	71780	卖盘
13:57:23	9.7	-0.01	7	6789	卖盘
13:57:03	9.71	0.01	7	6797	买盘
13:56:33	9.7	--	4	3879	卖盘
13:56:23	9.7	-0.01	5	4850	卖盘
13:56:08	9.71	0.01	10	9710	买盘
13:55:57	9.7	--	30	29099	卖盘
13:55:42	9.7	--	27	26189	卖盘
13:55:38	9.7	-0.01	1	969	卖盘
13:55:23	9.71	0.01	21	20391	买盘
13:55:18	9.7	--	0	0	卖盘
13:55:12	9.7	--	9	8730	卖盘
13:55:08	9.7	-0.02	88	85360	卖盘
13:54:33	9.72	0.01	20	19440	买盘
13:54:27	9.71	--	13	12623	买盘
13:54:23	9.71	--	2	1942	买盘
13:54:18	9.71	--	5	4855	买盘
13:54:03	9.71	0.01	55	53405	买盘
13:53:18	9.7	--	36	34920	买盘
13:52:57	9.7	0.01	36	34920	买盘
13:52:32	9.69	--	6	5814	中性盘
13:52:27	9.69	--	62	60078	买盘
13:52:17	9.69	--	20	19380	买盘
13:52:12	9.69	--	6	5814	买盘
13:52:06	9.69	--	3	2907	买盘
13:51:47	9.69	0.01	45	43605	买盘
13:51:27	9.68	--	26	25168	卖盘
13:51:21	9.68	--	15	14520	卖盘
13:51:17	9.68	-0.01	29	28072	卖盘
13:51:06	9.69	--	36	34884	买盘
13:50:57	9.69	--	11	10659	买盘
13:50:36	9.69	0.01	2	1938	买盘
13:50:06	9.68	--	1	968	卖盘
13:49:51	9.68	--	25	24200	卖盘
13:49:47	9.68	--	13	12584	买盘
13:49:42	9.68	--	0	0	买盘
13:49:12	9.68	--	236	228448	买盘
13:49:06	9.68	--	10	9680	买盘
13:48:47	9.68	--	430	416240	买盘
13:48:42	9.68	--	4	3872	卖盘
13:48:21	9.68	0.01	4	3872	中性盘
13:48:12	9.67	-0.01	57	55119	卖盘
13:47:47	9.68	--	52	50336	买盘
13:47:27	9.68	--	130	125840	卖盘
13:46:57	9.68	--	335	324280	卖盘
13:46:45	9.68	-0.01	106	102608	卖盘
13:46:26	9.69	--	12	11628	买盘
13:46:06	9.69	--	103	99807	卖盘
13:45:56	9.69	--	30	29070	卖盘
13:45:36	9.69	-0.01	69	66861	卖盘
13:45:30	9.7	0.01	20	19400	买盘
13:45:11	9.69	-0.01	8	7752	卖盘
13:44:51	9.7	0.01	25	24250	买盘
13:44:41	9.69	-0.01	1	969	卖盘
13:44:15	9.7	0.01	10	9700	买盘
13:44:11	9.69	--	14	13566	卖盘
13:44:06	9.69	-0.01	3	2907	卖盘
13:43:41	9.7	0.01	100	97000	买盘
13:43:26	9.69	-0.01	20	19380	卖盘
13:43:11	9.7	0.01	10	9700	买盘
13:43:06	9.69	--	5	4845	卖盘
13:43:00	9.69	-0.01	56	54264	卖盘
13:42:56	9.7	0.01	4	3879	买盘
13:42:41	9.69	-0.01	16	15504	卖盘
13:42:36	9.7	0.01	3	2910	买盘
13:42:30	9.69	-0.01	43	41667	卖盘
13:42:15	9.7	0.01	3	2910	买盘
13:42:11	9.69	--	1	969	卖盘
13:41:21	9.69	-0.01	2	1938	卖盘
13:41:11	9.7	0.01	1	969	买盘
13:40:36	9.69	--	16	15504	卖盘
13:40:26	9.69	--	18	17442	卖盘
13:40:15	9.69	--	10	9690	卖盘
13:39:54	9.69	--	6	5814	卖盘
13:39:20	9.69	-0.01	100	96900	卖盘
13:39:15	9.7	--	5	4850	买盘
13:39:00	9.7	--	2	1939	买盘
13:38:45	9.7	--	154	149380	卖盘
13:38:30	9.7	--	32	31039	卖盘
13:38:15	9.7	-0.01	10	9700	卖盘
13:38:05	9.71	0.01	4	3884	买盘
13:37:50	9.7	--	67	64989	卖盘
13:37:30	9.7	--	6	5820	卖盘
13:36:54	9.7	--	5	4850	卖盘
13:36:45	9.7	--	18	17460	卖盘
13:36:15	9.7	--	88	85360	买盘
13:36:05	9.7	--	52	50439	买盘
13:36:00	9.7	--	20	19400	买盘
13:35:30	9.7	--	70	67900	卖盘
13:35:15	9.7	--	9	8730	卖盘
13:35:00	9.7	--	31	30069	卖盘
13:34:54	9.7	-0.01	10	9700	卖盘
13:34:50	9.71	--	5	4855	买盘
13:34:39	9.71	0.01	57	55347	买盘
13:34:15	9.7	-0.01	276	267720	卖盘
13:32:39	9.71	--	45	43695	卖盘
13:32:29	9.71	--	50	48550	卖盘
13:31:24	9.71	--	10	9710	卖盘
13:31:09	9.71	--	227	220417	卖盘
13:30:24	9.71	--	5	4855	卖盘
13:30:14	9.71	--	6	5826	卖盘
13:30:09	9.71	--	30	29130	卖盘
13:30:03	9.71	--	37	35927	卖盘
13:29:24	9.71	--	18	17478	卖盘
13:29:14	9.71	--	30	29130	卖盘
13:29:03	9.71	--	6	5826	卖盘
13:28:59	9.71	--	10	9710	卖盘
13:28:48	9.71	--	80	77680	卖盘
13:28:33	9.71	--	21	20391	卖盘
13:28:18	9.71	-0.01	15	14565	卖盘
13:28:14	9.72	--	1	972	买盘
13:27:54	9.72	--	3	2916	买盘
13:27:48	9.72	--	0	0	买盘
13:27:44	9.72	--	31	30132	买盘
13:27:24	9.72	--	4	3888	买盘
13:27:14	9.72	--	1	972	买盘
13:26:42	9.72	--	10	9720	买盘
13:26:12	9.72	0.02	74	71928	买盘
13:26:08	9.7	--	0	0	卖盘
13:25:48	9.7	--	18	17460	卖盘
13:25:42	9.7	--	0	0	卖盘
13:25:38	9.7	--	13	12609	卖盘
13:25:27	9.7	-0.01	7	6789	卖盘
13:25:12	9.71	--	4	3884	卖盘
13:24:38	9.71	--	20	19420	卖盘
13:24:33	9.71	0.01	77	74767	买盘
13:24:23	9.7	-0.01	32	31039	卖盘
13:24:18	9.71	--	1	971	买盘
13:23:48	9.71	--	10	9710	买盘
13:23:23	9.71	--	20	19420	买盘
13:23:12	9.71	--	1	971	买盘
13:23:08	9.71	--	8	7768	卖盘
13:23:03	9.71	--	42	40782	买盘
13:22:42	9.71	--	37	35927	买盘
13:21:12	9.71	--	1	971	买盘
13:20:42	9.71	--	4	3884	卖盘
13:20:33	9.71	--	31	30101	买盘
13:20:23	9.71	0.01	4	3884	买盘
13:20:12	9.7	-0.01	9	8730	卖盘
13:19:27	9.71	--	0	0	中性盘
13:19:12	9.71	--	5	4855	卖盘
13:18:51	9.71	--	16	15536	买盘
13:18:32	9.71	--	38	36898	卖盘
13:18:27	9.71	--	21	20391	卖盘
13:18:02	9.71	-0.01	15	14565	卖盘
13:17:12	9.72	--	1	972	买盘
13:16:51	9.72	0.01	50	48600	买盘
13:16:47	9.71	--	8	7768	卖盘
13:15:57	9.71	--	5	4855	买盘
13:15:51	9.71	--	75	72825	买盘
13:15:47	9.71	--	17	16507	买盘
13:15:42	9.71	0.01	10	9710	买盘
13:15:17	9.7	--	153	148410	买盘
13:15:12	9.7	--	151	146470	买盘
13:15:02	9.7	--	529	513129	买盘
13:14:12	9.7	0.01	6	5820	买盘
13:13:47	9.69	--	10	9690	卖盘
13:13:06	9.69	0.01	35	33915	买盘
13:12:06	9.68	--	1	968	卖盘
13:11:51	9.68	--	43	41624	卖盘
13:11:41	9.68	-0.01	1	968	卖盘
13:11:36	9.69	--	50	48450	买盘
13:11:11	9.69	--	1	969	买盘
13:11:06	9.69	--	8	7752	卖盘
13:10:36	9.69	--	6	5814	卖盘
13:09:56	9.69	--	3	2907	卖盘
13:08:36	9.69	-0.01	24	23256	卖盘
13:08:26	9.7	--	1	969	买盘
13:07:21	9.7	0.01	20	19400	买盘
13:06:56	9.69	-0.01	2	1938	卖盘
13:06:50	9.7	0.01	3	2910	买盘
13:05:54	9.69	--	6	5814	卖盘
13:05:50	9.69	--	10	9690	卖盘
13:05:35	9.69	--	9	8721	卖盘
13:05:00	9.69	--	2	1938	卖盘
13:04:50	9.69	--	13	12597	卖盘
13:04:39	9.69	--	10	9690	卖盘
13:04:15	9.69	--	10	9690	卖盘
13:03:45	9.69	--	18	17442	卖盘
13:03:20	9.69	-0.01	20	19380	卖盘
13:03:15	9.7	--	1	969	买盘
13:03:05	9.7	--	5	4850	买盘
13:02:15	9.7	0.01	92	89240	买盘
13:01:05	9.69	--	0	0	中性盘
13:00:54	9.69	--	70	67830	买盘
13:00:45	9.69	--	43	41667	卖盘
13:00:14	9.69	-0.01	12	11628	卖盘
13:00:05	9.7	--	195	189150	卖盘
11:30:00	9.7	--	0	0	卖盘
11:30:00	9.7	--	0	0	卖盘
11:29:45	9.7	--	43	41710	卖盘
11:29:41	9.7	--	11	10670	卖盘
11:29:30	9.7	--	12	11640	卖盘
11:29:11	9.7	--	5	4850	卖盘
11:28:56	9.7	--	5	4850	卖盘
11:28:41	9.7	--	5	4850	卖盘
11:28:30	9.7	-0.01	30	29099	卖盘
11:27:51	9.71	--	1	971	卖盘
11:27:26	9.71	--	27	26217	卖盘
11:27:06	9.71	--	21	20391	买盘
11:26:30	9.71	--	9	8739	卖盘
11:26:21	9.71	-0.01	18	17478	卖盘
11:26:00	9.72	0.01	51	49572	买盘
11:25:40	9.71	0.01	112	108752	买盘
11:25:36	9.7	--	60	58199	卖盘
11:25:15	9.7	-0.01	3	2910	卖盘
11:25:11	9.71	--	6	5826	买盘
11:24:55	9.71	0.01	12	11652	买盘
11:24:45	9.7	--	31	30069	卖盘
11:24:25	9.7	--	106	102819	买盘
11:23:50	9.7	0.01	50	48500	买盘
11:23:39	9.69	--	26	25194	卖盘
11:23:20	9.69	0.01	125	121125	买盘
11:23:09	9.68	--	1	968	卖盘
11:22:50	9.68	--	16	15488	买盘
11:22:45	9.68	0.01	6	5808	买盘
11:22:30	9.67	--	10	9670	卖盘
11:22:00	9.67	--	2	1934	卖盘
11:21:39	9.67	0.01	28	27076	买盘
11:20:54	9.66	-0.01	5	4830	卖盘
11:20:45	9.67	0.01	8	7736	买盘
11:20:30	9.66	--	1	966	卖盘
11:20:15	9.66	-0.01	8	7728	卖盘
11:19:30	9.67	--	26	25142	卖盘
11:19:24	9.67	--	5	4835	卖盘
11:19:20	9.67	--	25	24175	卖盘
11:19:15	9.67	--	41	39647	买盘
11:19:05	9.67	0.01	5	4835	买盘
11:19:00	9.66	--	74	71484	卖盘
11:18:30	9.66	0.01	1	966	卖盘
11:16:54	9.65	--	0	0	卖盘
11:16:39	9.65	-0.01	6	5790	卖盘
11:16:24	9.66	--	1	1391	卖盘
11:16:18	9.66	--	3	3438	买盘
11:16:03	9.66	--	3	2898	买盘
11:15:14	9.66	--	1	966	买盘
11:14:59	9.66	--	10	9660	买盘
11:14:54	9.66	0.01	22	21252	买盘
11:13:14	9.65	--	0	0	中性盘
11:12:44	9.65	0.01	82	79130	买盘
11:12:39	9.64	-0.01	53	51092	卖盘
11:12:13	9.65	--	20	19300	买盘
11:11:43	9.65	--	10	9650	卖盘
11:11:39	9.65	--	7	6755	买盘
11:11:33	9.65	--	20	19300	买盘
11:11:28	9.65	0.01	10	9650	买盘
11:11:09	9.64	-0.01	13	12532	卖盘
11:10:48	9.65	--	10	9650	买盘
11:10:43	9.65	--	7	6755	卖盘
11:10:38	9.65	--	19	18335	买盘
11:10:33	9.65	-0.01	14	13510	卖盘
11:10:27	9.66	0.01	45	43470	买盘
11:10:23	9.65	0.01	16	15440	卖盘
11:10:18	9.64	--	0	0	卖盘
11:10:12	9.64	-0.01	25	24100	卖盘
11:09:57	9.65	--	52	50180	买盘
11:09:53	9.65	0.01	2	1930	买盘
11:09:48	9.64	--	19	18316	卖盘
11:09:42	9.64	-0.01	10	9640	卖盘
11:09:38	9.65	0.01	4	3860	买盘
11:09:33	9.64	--	0	0	卖盘
11:09:27	9.64	--	2	1928	卖盘
11:09:18	9.64	-0.01	48	46272	卖盘
11:09:12	9.65	-0.01	1	965	买盘
11:09:08	9.66	0.01	48	46368	买盘
11:09:03	9.65	-0.01	16	15440	买盘
11:08:57	9.66	0.02	41	39606	买盘
11:08:42	9.64	-0.01	116	111824	卖盘
11:08:33	9.65	0.01	4	3860	买盘
11:08:12	9.64	-0.01	180	173520	卖盘
11:08:03	9.65	--	12	11580	买盘
11:07:53	9.65	-0.01	147	141855	卖盘
11:07:48	9.66	0.01	4	3864	买盘
11:07:42	9.65	-0.01	18	17370	卖盘
11:07:23	9.66	0.01	32	30912	买盘
11:07:18	9.65	--	34	32810	卖盘
11:07:08	9.65	-0.01	10	9650	卖盘
11:06:48	9.66	--	41	40475	卖盘
11:06:08	9.66	--	43	41538	卖盘
11:05:37	9.66	-0.01	0	96	卖盘
11:05:22	9.67	0.01	1	967	买盘
11:05:12	9.66	--	10	9660	卖盘
11:05:03	9.66	--	11	10626	买盘
11:04:57	9.66	-0.01	20	19320	卖盘
11:04:47	9.67	--	0	0	买盘
11:03:47	9.67	0.02	64	61888	买盘
11:03:36	9.65	-0.01	15	14475	卖盘
11:03:32	9.66	--	22	21252	买盘
11:03:27	9.66	--	12	11592	买盘
11:03:12	9.66	0.01	26	25116	买盘
11:03:02	9.65	--	50	48250	卖盘
11:02:57	9.65	-0.01	10	9650	卖盘
11:02:47	9.66	0.01	1	966	买盘
11:01:27	9.65	--	2	1930	卖盘
11:01:02	9.65	0.01	17	16405	买盘
11:00:47	9.64	-0.01	150	144600	卖盘
11:00:32	9.65	--	0	0	中性盘
11:00:27	9.65	--	5	4825	买盘
11:00:17	9.65	--	20	19300	买盘
11:00:12	9.65	--	4	3860	买盘
11:00:06	9.65	--	1	965	买盘
11:00:02	9.65	--	30	28950	买盘
10:59:57	9.65	--	12	11580	买盘
10:59:42	9.65	--	50	48250	买盘
10:59:32	9.65	0.01	44	42460	卖盘
10:58:57	9.64	--	0	0	卖盘
10:58:51	9.64	-0.01	101	97364	卖盘
10:58:42	9.65	--	76	73340	买盘
10:58:31	9.65	--	21	20265	买盘
10:58:21	9.65	-0.01	103	99395	卖盘
10:58:16	9.66	--	2	1932	买盘
10:58:11	9.66	0.01	20	19320	买盘
10:58:06	9.65	--	45	43425	卖盘
10:58:01	9.65	--	40	38600	卖盘
10:57:31	9.65	0.01	3	2895	卖盘
10:57:26	9.64	-0.02	143	137852	卖盘
10:57:11	9.66	-0.01	5	4830	卖盘
10:57:06	9.67	0.01	3	2901	买盘
10:56:45	9.66	0.01	1	966	中性盘
10:56:41	9.65	-0.02	358	345470	卖盘
10:56:36	9.67	0.01	10	9670	买盘
10:56:11	9.66	--	31	29946	卖盘
10:56:06	9.66	-0.01	141	136206	卖盘
10:56:00	9.67	--	1	967	卖盘
10:55:56	9.67	--	9	8703	卖盘
10:55:50	9.67	-0.01	30	29010	卖盘
10:55:45	9.68	--	1	968	买盘
10:55:41	9.68	--	7	6776	卖盘
10:55:36	9.68	--	11	10648	卖盘
10:55:30	9.68	--	146	141328	卖盘
10:55:21	9.68	-0.01	30	29040	卖盘
10:55:11	9.69	--	2	1938	买盘
10:54:44	9.69	--	10	9690	买盘
10:54:36	9.69	-0.01	24	23256	卖盘
10:54:21	9.7	0.01	5	4850	买盘
10:54:11	9.69	-0.01	1	969	卖盘
10:53:41	9.7	0.01	1	969	买盘
10:53:26	9.69	--	56	54264	卖盘
10:52:25	9.69	--	22	21318	卖盘
10:52:20	9.69	-0.01	2	1938	卖盘
10:52:10	9.7	--	9	8730	买盘
10:51:50	9.7	--	6	5820	卖盘
10:51:29	9.7	0.01	40	38800	买盘
10:51:25	9.69	-0.01	30	29070	卖盘
10:51:15	9.7	--	181	175570	买盘
10:51:10	9.7	--	5	4850	买盘
10:50:30	9.7	--	17	16490	卖盘
10:50:15	9.7	--	18	17460	卖盘
10:50:09	9.7	--	5	4850	卖盘
10:50:00	9.7	--	20	19400	卖盘
10:49:20	9.7	--	10	9700	卖盘
10:49:14	9.7	--	59	57229	买盘
10:48:50	9.7	--	15	14549	卖盘
10:48:30	9.7	--	15	14549	买盘
10:47:53	9.7	--	6	5820	卖盘
10:47:35	9.7	--	20	19400	卖盘
10:47:20	9.7	-0.01	11	10670	卖盘
10:47:15	9.71	--	1	971	买盘
10:46:19	9.71	0.01	1	971	买盘
10:46:04	9.7	--	10	9700	卖盘
10:46:00	9.7	--	6	5820	卖盘
10:45:54	9.7	--	5	4850	卖盘
10:45:19	9.7	--	1	969	卖盘
10:45:04	9.7	--	2	1939	卖盘
10:44:34	9.7	0.01	4	3879	买盘
10:44:29	9.69	--	21	20349	卖盘
10:44:23	9.69	--	5	4845	卖盘
10:44:19	9.69	--	9	8721	卖盘
10:44:09	9.69	--	0	0	卖盘
10:43:54	9.69	--	21	20349	卖盘
10:43:18	9.69	--	15	14535	卖盘
10:43:14	9.69	--	0	0	卖盘
10:43:03	9.69	-0.02	15	14535	卖盘
10:42:59	9.71	--	22	21362	买盘
10:42:29	9.71	--	54	52434	卖盘
10:42:17	9.71	--	1	971	卖盘
10:41:32	9.71	0.01	158	153418	买盘
10:41:29	9.7	--	57	55289	买盘
10:41:23	9.7	-0.01	21	20370	卖盘
10:41:14	9.71	--	6	5826	买盘
10:40:59	9.71	--	10	9710	买盘
10:40:44	9.71	--	4	3884	买盘
10:40:38	9.71	-0.01	23	22333	卖盘
10:40:17	9.72	0.01	40	38880	买盘
10:39:58	9.71	-0.01	10	9710	卖盘
10:39:53	9.72	0.01	30	29160	买盘
10:39:38	9.71	--	10	9710	买盘
10:39:28	9.71	0.01	5	4855	买盘
10:39:08	9.7	0.02	1	969	买盘
10:38:47	9.68	--	2	1936	买盘
10:38:32	9.68	--	3	2904	卖盘
10:38:28	9.68	--	9	8712	卖盘
10:38:23	9.68	0.01	46	44528	买盘
10:38:13	9.67	-0.01	17	16439	卖盘
10:37:58	9.68	--	68	65824	买盘
10:37:38	9.68	--	158	152944	卖盘
10:37:23	9.68	--	0	0	卖盘
10:37:17	9.68	-0.03	80	77440	卖盘
10:37:11	9.71	-0.01	1	971	买盘
10:37:02	9.72	--	0	0	买盘
10:36:53	9.72	--	86	83592	买盘
10:36:41	9.72	--	0	0	买盘
10:36:38	9.72	--	61	59292	卖盘
10:36:32	9.72	--	50	48600	卖盘
10:36:11	9.72	0.03	431	418932	买盘
10:36:08	9.69	--	10	9690	卖盘
10:36:02	9.69	--	13	12597	卖盘
10:35:38	9.69	--	9	8721	卖盘
10:35:32	9.69	-0.01	26	25194	卖盘
10:35:26	9.7	--	12	11640	买盘
10:35:22	9.7	--	1	969	买盘
10:35:17	9.7	--	1	969	买盘
10:34:56	9.7	0.01	1	969	买盘
10:34:37	9.69	--	9	8721	卖盘
10:34:32	9.69	--	35	33915	卖盘
10:34:22	9.69	--	19	18411	买盘
10:34:08	9.69	0.01	2	1938	买盘
10:33:53	9.68	0.02	280	271040	买盘
10:33:32	9.66	--	28	27048	买盘
10:33:23	9.66	--	10	9660	买盘
10:33:17	9.66	--	3	2898	买盘
10:33:11	9.66	--	1	966	买盘
10:32:41	9.66	0.01	114	110124	买盘
10:32:26	9.65	--	4	3860	卖盘
10:32:07	9.65	-0.01	8	8492	卖盘
10:32:02	9.66	0.02	24	23184	买盘
10:31:52	9.64	-0.01	21	20244	卖盘
10:31:47	9.65	0.01	1355	1307893	买盘
10:31:41	9.64	--	2	1928	卖盘
10:31:37	9.64	-0.01	25	24100	卖盘
10:31:22	9.65	--	349	336785	卖盘
10:31:07	9.65	--	110	106150	卖盘
10:30:56	9.65	-0.01	100	96500	卖盘
10:30:47	9.66	0.01	13	12558	买盘
10:30:35	9.65	--	10	9650	卖盘
10:30:26	9.65	--	0	0	卖盘
10:30:20	9.65	--	15	14475	卖盘
10:30:17	9.65	-0.02	525	506625	卖盘
10:30:02	9.67	0.01	5	4835	买盘
10:29:56	9.66	-0.01	15	14490	卖盘
10:29:47	9.67	--	6	5802	卖盘
10:29:35	9.67	--	10	9670	卖盘
10:29:32	9.67	-0.01	6	5802	卖盘
10:29:26	9.68	0.01	1	968	买盘
10:29:17	9.67	--	67	64789	卖盘
10:29:02	9.67	-0.01	4	3868	卖盘
10:28:56	9.68	--	221	213928	买盘
10:27:56	9.68	0.01	1	968	买盘
10:27:35	9.67	--	24	23208	卖盘
10:27:31	9.67	-0.01	50	48350	卖盘
10:27:26	9.68	--	7	6776	买盘
10:27:20	9.68	0.01	20	19360	买盘
10:27:17	9.67	--	50	48350	卖盘
10:27:11	9.67	--	22	21274	卖盘
10:27:05	9.67	-0.01	46	44482	卖盘
10:26:41	9.68	--	4	3872	买盘
10:26:26	9.68	0.01	4	3872	买盘
10:26:17	9.67	--	10	9670	卖盘
10:26:05	9.67	--	15	14505	卖盘
10:25:56	9.67	-0.01	5	4835	卖盘
10:25:50	9.68	0.01	1	968	买盘
10:25:35	9.67	--	2	1934	卖盘
10:25:26	9.67	--	38	36746	买盘
10:25:11	9.67	--	43	41581	买盘
10:24:56	9.67	--	1	967	买盘
10:24:41	9.67	-0.01	10	9670	卖盘
10:24:26	9.68	--	4	3872	买盘
10:23:35	9.68	0.01	112	108416	买盘
10:23:26	9.67	0.01	1	967	买盘
10:23:20	9.66	--	200	193200	卖盘
10:23:14	9.66	--	100	96600	卖盘
10:23:05	9.66	--	3	2898	卖盘
10:22:59	9.66	--	1	966	卖盘
10:22:50	9.66	-0.01	46	44436	卖盘
10:22:40	9.67	--	5	4835	买盘
10:22:35	9.67	--	8	7736	买盘
10:22:20	9.67	0.01	20	19340	买盘
10:21:59	9.66	--	47	45402	卖盘
10:21:55	9.66	--	70	67620	卖盘
10:21:50	9.66	-0.01	7	6762	卖盘
10:21:44	9.67	0.01	5	4835	买盘
10:21:20	9.66	--	35	33810	卖盘
10:21:10	9.66	--	30	28980	卖盘
10:21:05	9.66	--	4	3864	卖盘
10:20:55	9.66	--	210	202860	卖盘
10:20:44	9.66	--	3	2898	卖盘
10:20:25	9.66	--	6	5796	卖盘
10:19:55	9.66	--	3	2898	卖盘
10:19:50	9.66	--	22	21252	卖盘
10:19:44	9.66	--	11	10626	卖盘
10:19:40	9.66	--	11	10626	卖盘
10:19:35	9.66	-0.01	52	50232	卖盘
10:19:25	9.67	--	100	96700	买盘
10:19:14	9.67	0.01	1	967	买盘
10:19:10	9.66	--	81	78246	卖盘
10:19:05	9.66	--	11	10626	卖盘
10:18:35	9.66	--	34	32844	买盘
10:18:14	9.66	-0.01	36	34776	卖盘
10:18:05	9.67	--	51	49317	买盘
10:17:59	9.67	--	4	3868	买盘
10:17:50	9.67	--	4	3868	买盘
10:17:44	9.67	--	135	130545	买盘
10:17:35	9.67	--	1	967	买盘
10:17:20	9.67	--	2	1934	买盘
10:17:14	9.67	--	1	967	买盘
10:17:05	9.67	--	1	967	买盘
10:16:59	9.67	--	2	1934	买盘
10:16:35	9.67	0.02	1	967	买盘
10:16:23	9.65	--	0	0	卖盘
10:16:20	9.65	-0.01	15	14475	卖盘
10:16:14	9.66	--	5	4830	卖盘
10:16:08	9.66	0.01	62	59892	买盘
10:16:04	9.65	--	3	2895	卖盘
10:15:59	9.65	--	47	45355	卖盘
10:15:49	9.65	-0.01	20	19300	卖盘
10:15:44	9.66	--	20	19320	买盘
10:15:34	9.66	0.01	50	48300	买盘
10:15:19	9.65	-0.01	5	4825	卖盘
10:15:14	9.66	--	1	966	买盘
10:15:08	9.66	--	5	4830	买盘
10:15:04	9.66	--	90	86940	卖盘
10:14:59	9.66	-0.01	62	59892	卖盘
10:14:53	9.67	--	20	19340	买盘
10:14:29	9.67	-0.01	4	3868	卖盘
10:14:23	9.68	--	2	1936	买盘
10:14:04	9.68	0.02	2	1936	买盘
10:13:59	9.66	-0.02	33	31878	卖盘
10:13:53	9.68	--	1	968	买盘
10:13:49	9.68	--	16	15488	买盘
10:13:44	9.68	--	12	11616	买盘
10:13:34	9.68	0.01	5	4840	买盘
10:13:29	9.67	0.01	12	11604	卖盘
10:13:19	9.66	-0.01	54	52164	卖盘
10:13:08	9.67	--	52	50284	卖盘
10:12:53	9.67	--	3	2901	卖盘
10:12:44	9.67	--	35	33845	卖盘
10:12:38	9.67	-0.01	5	4835	卖盘
10:12:34	9.68	0.01	4	3872	买盘
10:12:24	9.67	--	10	9670	卖盘
10:12:19	9.67	--	24	23208	卖盘
10:12:08	9.67	--	6	5802	买盘
10:12:04	9.67	--	31	29977	卖盘
10:11:59	9.67	--	64	61888	卖盘
10:11:53	9.67	-0.01	10	9670	卖盘
10:11:44	9.68	0.01	5	4840	买盘
10:11:38	9.67	--	1	967	卖盘
10:11:34	9.67	0.01	1	967	买盘
10:11:23	9.66	-0.01	7	6762	卖盘
10:11:18	9.67	--	2	1934	买盘
10:11:14	9.67	--	37	35779	买盘
10:11:02	9.67	--	0	0	买盘
10:10:59	9.67	0.02	4	3868	买盘
10:10:53	9.65	--	0	0	卖盘
10:10:44	9.65	--	5	4825	卖盘
10:10:38	9.65	--	7	6755	买盘
10:10:32	9.65	--	231	222915	买盘
10:10:29	9.65	0.01	54	52110	买盘
10:10:23	9.64	-0.01	37	35668	卖盘
10:10:17	9.65	0.01	10	9650	买盘
10:10:08	9.64	-0.01	26	25064	卖盘
10:09:59	9.65	0.02	50	48250	买盘
10:09:53	9.63	--	43	41409	卖盘
10:09:47	9.63	--	74	71262	卖盘
10:09:44	9.63	-0.01	43	41409	卖盘
10:09:32	9.64	--	23	22172	买盘
10:09:29	9.64	-0.01	138	133032	卖盘
10:09:23	9.65	0.01	52	50180	买盘
10:09:13	9.64	-0.01	28	26992	卖盘
10:09:08	9.65	--	10	9650	买盘
10:08:58	9.65	-0.02	1234	1190810	卖盘
10:08:47	9.67	-0.01	24	23208	卖盘
10:08:38	9.68	--	104	100672	卖盘
10:08:32	9.68	--	37	35816	卖盘
10:08:28	9.68	--	10	9680	卖盘
10:08:23	9.68	--	48	46464	卖盘
10:08:17	9.68	--	53	51304	卖盘
10:08:13	9.68	-0.01	400	387200	卖盘
10:08:02	9.69	0.01	7	6783	买盘
10:07:58	9.68	-0.01	19	18392	卖盘
10:07:53	9.69	--	478	463182	卖盘
10:07:43	9.69	-0.01	74	71706	卖盘
10:07:38	9.7	--	1	969	买盘
10:07:28	9.7	--	40	38800	买盘
10:07:23	9.7	--	17	16490	卖盘
10:07:13	9.7	--	14	13579	卖盘
10:07:08	9.7	-0.01	1	969	卖盘
10:06:53	9.71	0.02	5	4855	买盘
10:06:43	9.69	-0.02	3	2907	卖盘
10:06:28	9.71	--	370	359920	卖盘
10:06:13	9.71	--	14	13594	卖盘
10:06:08	9.71	--	312	302952	买盘
10:05:47	9.71	--	40	38840	卖盘
10:05:43	9.71	-0.01	41	39811	卖盘
10:05:28	9.72	--	3	2916	卖盘
10:05:13	9.72	--	15	14580	卖盘
10:05:08	9.72	0.01	183	177876	买盘
10:05:02	9.71	-0.01	15	14565	卖盘
10:04:53	9.72	0.01	4	3888	买盘
10:04:41	9.71	--	20	19420	卖盘
10:04:23	9.71	--	26	25246	卖盘
10:04:17	9.71	--	6	5826	买盘
10:04:08	9.71	0.01	20	19420	买盘
10:04:02	9.7	-0.01	7	7110	卖盘
10:03:56	9.71	--	20	19420	买盘
10:03:53	9.71	--	10	9710	买盘
10:03:41	9.71	--	5	4855	买盘
10:03:38	9.71	--	54	52434	买盘
10:03:26	9.71	--	20	19420	买盘
10:03:23	9.71	--	100	97100	买盘
10:03:17	9.71	--	126	122346	卖盘
10:03:11	9.71	--	4	3884	卖盘
10:03:08	9.71	--	4	3884	卖盘
10:02:53	9.71	--	4	3884	卖盘
10:02:47	9.71	-0.01	44	42724	卖盘
10:02:41	9.72	0.01	100	97200	买盘
10:02:37	9.71	-0.01	20	19420	卖盘
10:02:07	9.72	0.01	78	75816	买盘
10:02:02	9.71	-0.01	3	2913	卖盘
10:01:52	9.72	--	100	97200	买盘
10:01:26	9.72	0.01	15	14580	买盘
10:01:17	9.71	--	10	9710	卖盘
10:00:41	9.71	--	20	19420	买盘
10:00:32	9.71	--	4	3884	买盘
10:00:22	9.71	0.01	45	43695	买盘
10:00:17	9.7	--	94	91180	卖盘
09:59:56	9.7	--	34	32980	卖盘
09:59:52	9.7	--	13	12609	卖盘
09:59:47	9.7	-0.01	49	47530	卖盘
09:59:17	9.71	-0.01	14	13594	卖盘
09:59:11	9.72	0.01	103	100116	买盘
09:59:07	9.71	--	106	102926	卖盘
09:59:02	9.71	--	3	2913	卖盘
09:58:56	9.71	--	6	5826	卖盘
09:58:52	9.71	0.01	81	78651	买盘
09:58:37	9.7	--	0	0	卖盘
09:58:26	9.7	--	13	12609	卖盘
09:58:20	9.7	-0.02	1	969	卖盘
09:58:17	9.72	--	1	972	买盘
09:58:02	9.72	-0.01	3	2916	买盘
09:57:47	9.73	--	0	0	买盘
09:57:17	9.73	--	1	973	买盘
09:57:11	9.73	-0.01	6	5838	买盘
09:56:56	9.74	0.01	75	73050	买盘
09:56:47	9.73	--	0	0	卖盘
09:56:41	9.73	--	50	48650	卖盘
09:56:35	9.73	0.05	525	510893	买盘
09:56:31	9.68	-0.01	20	19360	卖盘
09:56:20	9.69	--	8	7752	买盘
09:56:16	9.69	--	14	13566	买盘
09:56:05	9.69	--	21	20349	买盘
09:56:01	9.69	--	70	67830	卖盘
09:55:56	9.69	0.01	72	69768	买盘
09:55:50	9.68	-0.01	12	11616	卖盘
09:55:46	9.69	--	10	9690	买盘
09:55:41	9.69	--	3	2907	买盘
09:55:35	9.69	--	25	24225	买盘
09:55:20	9.69	--	75	72675	买盘
09:55:16	9.69	--	269	260661	卖盘
09:55:11	9.69	-0.01	3	2907	卖盘
09:55:01	9.7	--	25	24250	买盘
09:54:46	9.7	--	10	9700	买盘
09:54:41	9.7	--	34	32980	买盘
09:54:35	9.7	--	109	106632	卖盘
09:54:11	9.7	--	100	97000	卖盘
09:53:56	9.7	--	4	3879	卖盘
09:53:35	9.7	--	3	2910	卖盘
09:53:11	9.7	-0.02	59	57229	卖盘
09:53:05	9.72	--	20	19440	买盘
09:53:01	9.72	0.01	30	29160	买盘
09:52:56	9.71	--	4	3884	卖盘
09:52:50	9.71	--	10	9710	卖盘
09:52:46	9.71	0.01	3	2913	卖盘
09:52:16	9.7	--	0	0	卖盘
09:52:11	9.7	--	9	8730	卖盘
09:52:05	9.7	--	19	18430	卖盘
09:51:59	9.7	--	0	0	卖盘
09:51:56	9.7	--	0	0	卖盘
09:51:50	9.7	--	4	3879	卖盘
09:51:44	9.7	-0.04	4	3879	卖盘
09:51:41	9.74	0.04	357	347718	买盘
09:51:35	9.7	--	2	1939	卖盘
09:51:29	9.7	--	14	13579	卖盘
09:51:26	9.7	--	0	0	卖盘
09:51:11	9.7	-0.01	50	48500	卖盘
09:51:05	9.71	0.01	158	153534	买盘
09:50:59	9.7	--	41	39770	卖盘
09:50:35	9.7	--	2	1939	卖盘
09:50:26	9.7	--	12	11640	卖盘
09:50:20	9.7	-0.01	1	969	卖盘
09:50:05	9.71	0.01	2	1942	买盘
09:49:56	9.7	--	8	7759	卖盘
09:49:40	9.7	--	4	3879	卖盘
09:49:35	9.7	--	1	969	卖盘
09:49:29	9.7	-0.01	71	68870	卖盘
09:49:25	9.71	0.01	40	38840	买盘
09:49:20	9.7	-0.01	13	12609	卖盘
09:49:10	9.71	--	10	9710	买盘
09:48:59	9.71	-0.01	6	6680	卖盘
09:48:44	9.72	0.01	3	2916	买盘
09:48:40	9.71	--	56	54376	卖盘
09:48:35	9.71	-0.01	11	10797	卖盘
09:48:29	9.72	0.01	17	16524	买盘
09:48:20	9.71	--	33	32043	卖盘
09:48:14	9.71	--	4	3884	卖盘
09:48:10	9.71	--	49	47579	卖盘
09:48:05	9.71	--	2	1942	卖盘
09:47:55	9.71	-0.01	517	502007	卖盘
09:47:50	9.72	0.01	11	10692	买盘
09:47:44	9.71	--	3	2913	卖盘
09:47:40	9.71	-0.01	13	12623	卖盘
09:47:25	9.72	--	33	32076	买盘
09:47:20	9.72	0.01	102	99144	买盘
09:47:14	9.71	-0.01	11	10681	卖盘
09:47:10	9.72	--	20	19440	买盘
09:47:05	9.72	--	13	12636	买盘
09:46:55	9.72	--	97	94284	买盘
09:46:50	9.72	--	10	9720	买盘
09:46:44	9.72	--	1	972	买盘
09:46:29	9.72	--	324	314928	买盘
09:46:20	9.72	0.01	1	972	买盘
09:46:10	9.71	--	5	4855	卖盘
09:46:05	9.71	--	8	7768	卖盘
09:45:59	9.71	--	14	13594	卖盘
09:45:55	9.71	--	18	17478	卖盘
09:45:35	9.71	--	12	11652	卖盘
09:45:14	9.71	--	8	7768	卖盘
09:45:08	9.71	-0.01	9	8739	卖盘
09:45:05	9.72	--	66	64152	买盘
09:44:59	9.72	--	3	2916	买盘
09:44:53	9.72	--	64	62208	买盘
09:44:50	9.72	--	1	972	买盘
09:44:44	9.72	--	3	2916	买盘
09:44:29	9.72	-0.01	92	89424	卖盘
09:44:20	9.73	--	6	5838	买盘
09:44:14	9.73	0.01	1	973	买盘
09:43:59	9.72	--	18	17496	买盘
09:43:53	9.72	--	55	53460	买盘
09:43:44	9.72	-0.02	112	108864	卖盘
09:43:35	9.74	--	24	23376	买盘
09:43:14	9.74	0.02	13	12662	买盘
09:43:08	9.72	--	15	14580	买盘
09:43:04	9.72	-0.02	274	266328	卖盘
09:42:49	9.74	0.02	50	48700	买盘
09:42:44	9.72	--	0	0	卖盘
09:42:34	9.72	--	480	466560	买盘
09:42:29	9.72	--	7	6804	买盘
09:42:14	9.72	--	20	19440	买盘
09:42:08	9.72	--	1	972	买盘
09:41:59	9.72	0.01	13	12636	买盘
09:41:49	9.71	--	0	0	中性盘
09:41:34	9.71	--	20	19420	买盘
09:41:29	9.71	--	324	315526	买盘
09:41:19	9.71	--	5	4855	买盘
09:41:14	9.71	--	50	48550	买盘
09:41:04	9.71	0.01	21	20391	买盘
09:40:59	9.7	-0.01	5	4850	卖盘
09:40:49	9.71	0.01	18	17478	买盘
09:40:38	9.7	--	12	11640	卖盘
09:40:23	9.7	-0.01	70	67900	卖盘
09:40:19	9.71	--	0	0	买盘
09:40:14	9.71	0.01	10	9710	买盘
09:40:08	9.7	-0.01	10	9700	中性盘
09:40:04	9.71	0.01	14	13594	买盘
09:39:59	9.7	--	17	16490	买盘
09:39:53	9.7	-0.01	7	6789	买盘
09:39:49	9.71	0.01	114	110694	买盘
09:39:44	9.7	--	194	188228	卖盘
09:39:34	9.7	--	13	12609	卖盘
09:39:29	9.7	--	7	7711	卖盘
09:39:19	9.7	--	9	8730	卖盘
09:39:14	9.7	--	2	1939	卖盘
09:39:04	9.7	--	10	9700	卖盘
09:38:59	9.7	--	126	122219	卖盘
09:38:47	9.7	--	8	7759	卖盘
09:38:44	9.7	--	100	97000	卖盘
09:38:34	9.7	-0.01	10	9700	卖盘
09:38:29	9.71	--	8	7768	买盘
09:38:23	9.71	--	16	15536	买盘
09:38:19	9.71	--	5	4855	买盘
09:38:14	9.71	--	280	271880	卖盘
09:38:08	9.71	--	53	51463	买盘
09:38:02	9.71	0.01	21	20391	买盘
09:37:59	9.7	-0.01	115	111549	卖盘
09:37:53	9.71	--	63	61173	买盘
09:37:47	9.71	--	3	2913	买盘
09:37:44	9.71	--	11	10681	买盘
09:37:38	9.71	--	25	24275	买盘
09:37:32	9.71	--	5	4855	买盘
09:37:23	9.71	-0.01	36	34956	卖盘
09:37:17	9.72	0.01	20	19440	买盘
09:37:14	9.71	-0.01	30	29130	卖盘
09:37:08	9.72	0.01	13	12636	买盘
09:37:02	9.71	--	10	9710	卖盘
09:36:59	9.71	--	36	34956	卖盘
09:36:53	9.71	--	18	17478	买盘
09:36:44	9.71	--	27	26217	买盘
09:36:38	9.71	--	13	12623	买盘
09:36:32	9.71	0.01	52	50492	买盘
09:36:28	9.7	--	67	64989	卖盘
09:36:08	9.7	0.01	102	98940	买盘
09:35:53	9.69	--	44	42636	买盘
09:35:38	9.69	0.01	73	70737	买盘
09:35:32	9.68	0.01	55	53240	买盘
09:35:23	9.67	-0.01	68	65756	卖盘
09:35:13	9.68	--	2	1936	买盘
09:35:02	9.68	0.01	3	2904	买盘
09:34:53	9.67	-0.01	30	29010	卖盘
09:34:43	9.68	0.02	25	24200	买盘
09:34:38	9.66	-0.01	23	22218	卖盘
09:34:23	9.67	--	6	5802	买盘
09:34:17	9.67	--	12	11604	买盘
09:34:13	9.67	--	1	967	买盘
09:34:08	9.67	0.01	5	4835	买盘
09:33:58	9.66	-0.01	3	2898	卖盘
09:33:53	9.67	--	5	4835	买盘
09:33:38	9.67	--	47	45449	买盘
09:33:32	9.67	--	79	76393	卖盘
09:33:23	9.67	-0.01	5	4835	卖盘
09:33:17	9.68	0.01	6	5808	买盘
09:33:13	9.67	--	88	85096	卖盘
09:32:53	9.67	--	43	41581	买盘
09:32:47	9.67	0.01	10	9670	买盘
09:32:38	9.66	-0.01	24	23184	卖盘
09:32:32	9.67	0.01	10	9670	买盘
09:32:28	9.66	--	110	106260	卖盘
09:32:23	9.66	--	85	82110	卖盘
09:32:17	9.66	0.01	10	9660	卖盘
09:32:13	9.65	--	179	172735	卖盘
09:32:08	9.65	--	0	0	卖盘
09:32:02	9.65	-0.01	58	55970	卖盘
09:31:56	9.66	0.01	50	48300	买盘
09:31:47	9.65	-0.01	5	4825	卖盘
09:31:42	9.66	--	22	21252	买盘
09:31:38	9.66	-0.01	268	258888	卖盘
09:31:32	9.67	--	41	39647	买盘
09:31:26	9.67	--	6	5802	买盘
09:31:23	9.67	-0.01	11	10637	卖盘
09:31:11	9.68	--	15	14520	买盘
09:31:08	9.68	--	0	0	买盘
09:31:02	9.68	-0.02	5	4840	买盘
09:30:47	9.7	0.02	254	246379	买盘
09:30:32	9.68	--	33	31944	买盘
09:30:26	9.68	0.01	50	48400	买盘
09:30:23	9.67	-0.01	26	25142	中性盘
09:30:17	9.68	--	20	19360	买盘
09:30:08	9.68	0.02	584	565312	中性盘
09:30:02	9.66	-0.03	86	83076	卖盘
09:28:43	9.69	--	0	0	买盘
09:25:09	9.69	9.69	1032	1000008	买盘
