成交时间	成交价	价格变动	成交量(手)	成交额(元)	性质
15:00:00	18.89	0.03	0	0	买盘
15:00:00	18.86	--	0	0	卖盘
14:59:58	18.86	-0.04	10	18860	卖盘
14:59:52	18.9	--	30	56699	买盘
14:59:48	18.9	--	7	13229	买盘
14:59:43	18.9	--	11	20790	买盘
14:59:37	18.9	--	40	75600	买盘
14:59:33	18.9	--	36	69684	卖盘
14:59:28	18.9	--	20	37800	卖盘
14:59:22	18.9	--	34	64259	卖盘
14:59:18	18.9	0.02	136	257285	买盘
14:59:12	18.88	-0.01	155	294282	卖盘
14:59:07	18.89	--	20	37780	卖盘
14:59:02	18.89	--	41	77449	买盘
14:58:57	18.89	--	26	49114	买盘
14:58:52	18.89	--	7	13223	买盘
14:58:48	18.89	0.01	18	34002	买盘
14:58:42	18.88	--	1	1888	卖盘
14:58:37	18.88	--	23	43424	卖盘
14:58:33	18.88	0.03	170	321205	买盘
14:58:27	18.85	-0.01	14	26390	卖盘
14:58:22	18.86	--	0	0	卖盘
14:58:18	18.86	0.01	10	18860	卖盘
14:58:12	18.85	-0.01	163	307255	卖盘
14:58:07	18.86	0.01	36	67896	买盘
14:58:02	18.85	--	121	228085	卖盘
14:57:57	18.85	--	50	94250	卖盘
14:57:52	18.85	--	22	41470	卖盘
14:57:47	18.85	--	92	173420	买盘
14:57:42	18.85	0.01	12	22620	买盘
14:57:37	18.84	-0.01	21	39564	卖盘
14:57:32	18.85	0.01	58	109330	买盘
14:57:22	18.84	--	30	56520	卖盘
14:57:17	18.84	--	53	99852	买盘
14:57:07	18.84	--	69	129996	买盘
14:57:02	18.84	--	30	56520	买盘
14:56:52	18.84	0.01	40	75360	买盘
14:56:37	18.83	--	11	20712	卖盘
14:56:32	18.83	0.01	80	150640	买盘
14:56:01	18.82	-0.01	3	5646	卖盘
14:55:57	18.83	0.02	5	9415	买盘
14:55:52	18.81	-0.01	7	13167	卖盘
14:55:31	18.82	0.01	54	101628	买盘
14:55:27	18.81	--	3	5643	卖盘
14:55:01	18.81	--	1	1880	卖盘
14:54:57	18.81	0.01	9	16929	买盘
14:54:46	18.8	--	29	54520	卖盘
14:54:42	18.8	-0.01	10	18800	卖盘
14:54:37	18.81	--	109	205029	买盘
14:54:31	18.81	0.01	10	18810	买盘
14:54:22	18.8	--	3	7501	买盘
14:54:16	18.8	0.01	113	213455	买盘
14:54:07	18.79	--	9	16911	卖盘
14:53:22	18.79	--	17	31943	卖盘
14:53:16	18.79	--	9	16911	买盘
14:53:07	18.79	-0.01	4	7516	卖盘
14:53:01	18.8	0.01	50	94000	买盘
14:52:52	18.79	--	10	18790	卖盘
14:52:37	18.79	0.01	36	67644	买盘
14:52:16	18.78	0.03	1	1878	买盘
14:52:11	18.75	-0.01	8	15000	卖盘
14:51:21	18.76	--	0	0	卖盘
14:51:16	18.76	--	36	67536	卖盘
14:51:06	18.76	--	99	185724	买盘
14:50:46	18.76	-0.04	81	151956	卖盘
14:50:41	18.8	--	0	0	买盘
14:50:36	18.8	0.01	33	62040	买盘
14:50:31	18.79	-0.01	16	30064	卖盘
14:50:16	18.8	0.02	48	90240	买盘
14:50:06	18.78	--	10	18780	卖盘
14:49:56	18.78	--	19	35682	买盘
14:49:51	18.78	--	3	5634	买盘
14:49:21	18.78	--	3	5634	买盘
14:49:16	18.78	0.06	39	73242	买盘
14:49:10	18.72	-0.06	30	56160	卖盘
14:49:01	18.78	0.07	2	3756	买盘
14:48:55	18.71	--	10	18710	卖盘
14:48:40	18.71	-0.07	220	411620	卖盘
14:48:31	18.78	-0.02	30	56340	卖盘
14:48:16	18.8	0.02	28	52640	中性盘
14:48:10	18.78	--	30	56340	卖盘
14:48:01	18.78	--	1	1878	卖盘
14:47:54	18.78	0.06	9	16902	买盘
14:47:50	18.72	-0.06	300	561600	卖盘
14:47:31	18.78	-0.04	1	1878	买盘
14:47:21	18.82	--	0	0	买盘
14:47:16	18.82	0.07	17	31994	买盘
14:46:55	18.75	--	0	0	卖盘
14:46:51	18.75	--	0	0	卖盘
14:46:46	18.75	-0.02	180	337500	卖盘
14:46:25	18.77	-0.05	8	15016	卖盘
14:46:16	18.82	0.05	45	84690	买盘
14:45:46	18.77	-0.03	120	225240	卖盘
14:45:40	18.8	--	10	18800	买盘
14:45:30	18.8	--	1	1880	买盘
14:45:21	18.8	--	120	225600	买盘
14:45:16	18.8	0.01	183	344040	买盘
14:45:00	18.79	--	2	3758	卖盘
14:44:50	18.79	--	50	93950	卖盘
14:44:30	18.79	--	40	75160	买盘
14:44:25	18.79	--	20	37580	买盘
14:44:15	18.79	--	23	43217	买盘
14:44:10	18.79	-0.01	5	9395	中性盘
14:43:50	18.8	--	3	5640	买盘
14:43:30	18.8	-0.02	21	41115	卖盘
14:43:15	18.82	0.02	50	94100	买盘
14:43:10	18.8	--	278	522884	买盘
14:42:54	18.8	0.02	2	3760	买盘
14:42:50	18.78	--	10	18780	卖盘
14:42:34	18.78	--	19	35682	买盘
14:42:29	18.78	--	5	9390	买盘
14:42:19	18.78	--	39	73242	买盘
14:42:15	18.78	--	15	28170	买盘
14:42:10	18.78	0.01	32	60096	买盘
14:42:04	18.77	-0.01	5	9385	卖盘
14:41:55	18.78	0.01	50	93900	买盘
14:41:40	18.77	-0.02	40	75080	卖盘
14:41:33	18.79	0.02	22	41338	中性盘
14:41:30	18.77	-0.03	43	80711	卖盘
14:41:25	18.8	--	0	0	买盘
14:41:18	18.8	0.02	28	52640	买盘
14:41:15	18.78	--	1	1878	卖盘
14:41:10	18.78	--	5	9390	卖盘
14:41:04	18.78	--	0	0	中性盘
14:40:54	18.78	--	30	56340	买盘
14:40:49	18.78	0.01	10	18780	买盘
14:40:44	18.77	-0.01	33	61941	卖盘
14:40:34	18.78	--	97	182166	买盘
14:40:25	18.78	-0.02	76	142728	卖盘
14:40:19	18.8	0.01	15	28200	买盘
14:39:44	18.79	-0.01	4	7516	卖盘
14:39:25	18.8	--	23	44875	卖盘
14:39:19	18.8	--	96	180724	卖盘
14:39:03	18.8	-0.01	23	43240	卖盘
14:38:45	18.81	--	16	30095	卖盘
14:38:40	18.81	--	12	22572	卖盘
14:38:34	18.81	-0.01	10	18810	卖盘
14:38:30	18.82	--	3	5646	买盘
14:38:19	18.82	--	33	62106	买盘
14:38:09	18.82	--	32	60224	卖盘
14:37:59	18.82	--	4	7528	卖盘
14:37:49	18.82	--	24	45168	卖盘
14:37:39	18.82	-0.02	2	3764	卖盘
14:37:34	18.84	--	0	0	买盘
14:37:29	18.84	--	0	0	中性盘
14:37:24	18.84	--	10	18840	卖盘
14:37:19	18.84	--	77	145068	卖盘
14:37:09	18.84	0.01	334	629256	买盘
14:37:04	18.83	--	200	376599	卖盘
14:36:54	18.83	-0.01	5	9415	卖盘
14:36:49	18.84	0.01	5	9420	卖盘
14:36:33	18.83	--	0	0	卖盘
14:36:24	18.83	-0.03	68	128043	卖盘
14:36:19	18.86	0.02	51	96186	买盘
14:36:14	18.84	--	26	48984	买盘
14:35:49	18.84	--	10	18840	卖盘
14:35:34	18.84	-0.01	5	9420	卖盘
14:35:28	18.85	--	2	3770	买盘
14:35:19	18.85	0.01	39	73515	买盘
14:35:13	18.84	0.01	11	20724	卖盘
14:34:23	18.83	-0.02	8	15063	卖盘
14:34:19	18.85	0.02	26	49010	买盘
14:33:58	18.83	--	63	118628	卖盘
14:33:49	18.83	--	0	0	卖盘
14:33:33	18.83	-0.03	26	48957	卖盘
14:33:19	18.86	0.03	17	32062	买盘
14:33:13	18.83	-0.01	11	20712	卖盘
14:33:04	18.84	--	20	37680	卖盘
14:32:58	18.84	0.01	40	75360	买盘
14:32:49	18.83	--	0	0	卖盘
14:32:43	18.83	-0.02	22	41425	卖盘
14:32:39	18.85	--	0	0	买盘
14:32:18	18.85	0.01	42	79170	买盘
14:32:04	18.84	--	1	1884	买盘
14:31:58	18.84	-0.01	14	26376	卖盘
14:31:48	18.85	-0.01	40	75400	买盘
14:31:18	18.86	--	31	58466	买盘
14:30:53	18.86	--	0	0	中性盘
14:30:48	18.86	--	17	32062	卖盘
14:30:33	18.86	--	29	54694	卖盘
14:30:28	18.86	--	19	35834	卖盘
14:30:18	18.86	--	33	62238	买盘
14:30:03	18.86	-0.01	6	11316	卖盘
14:29:48	18.87	--	0	0	买盘
14:29:18	18.87	0.04	46	86802	买盘
14:29:07	18.83	--	11	20712	卖盘
14:28:37	18.83	0.01	26	48957	卖盘
14:28:21	18.82	-0.04	3	5646	卖盘
14:28:17	18.86	0.04	34	64124	买盘
14:28:13	18.82	--	12	22584	卖盘
14:28:06	18.82	-0.01	10	18820	卖盘
14:27:42	18.83	--	2	3765	中性盘
14:27:36	18.83	-0.04	10	18830	中性盘
14:27:32	18.87	0.05	50	94350	买盘
14:27:28	18.82	-0.05	50	94100	卖盘
14:27:17	18.87	0.04	34	64158	买盘
14:27:13	18.83	--	11	20712	卖盘
14:27:03	18.83	-0.05	1	1882	卖盘
14:26:57	18.88	--	0	0	买盘
14:26:27	18.88	--	0	0	买盘
14:26:18	18.88	0.06	30	56640	买盘
14:25:57	18.82	--	94	176908	买盘
14:25:51	18.82	--	8	15056	买盘
14:25:48	18.82	--	6	11292	买盘
14:25:43	18.82	--	17	31994	买盘
14:25:28	18.82	-0.05	52	97864	卖盘
14:25:17	18.87	0.07	16	30192	买盘
14:24:58	18.8	--	0	0	卖盘
14:24:22	18.8	-0.09	317	595960	卖盘
14:24:17	18.89	0.03	43	81227	买盘
14:24:12	18.86	--	2	3772	卖盘
14:23:57	18.86	-0.02	2	3772	卖盘
14:23:36	18.88	-0.01	92	173696	卖盘
14:23:21	18.89	-0.03	25	47225	卖盘
14:23:17	18.92	0.03	49	92708	买盘
14:23:12	18.89	-0.01	12	22668	卖盘
14:22:51	18.9	--	25	47250	买盘
14:22:47	18.9	--	21	39690	卖盘
14:22:26	18.9	--	148	279720	卖盘
14:22:22	18.9	-0.02	2	3779	卖盘
14:22:16	18.92	0.02	45	85140	买盘
14:22:11	18.9	--	20	37800	卖盘
14:22:06	18.9	--	23	43470	卖盘
14:21:45	18.9	--	42	79380	买盘
14:21:36	18.9	--	0	0	买盘
14:21:16	18.9	0.01	35	66150	买盘
14:21:07	18.89	--	0	0	中性盘
14:21:01	18.89	0.01	31	58559	卖盘
14:20:45	18.88	--	0	0	卖盘
14:20:37	18.88	-0.02	1	1888	卖盘
14:20:26	18.9	-0.02	30	56699	买盘
14:20:21	18.92	--	0	0	买盘
14:20:16	18.92	0.05	18	34056	买盘
14:20:11	18.87	--	0	0	卖盘
14:20:07	18.87	-0.05	23	43401	卖盘
14:20:00	18.92	--	0	0	买盘
14:19:45	18.92	--	2	3784	买盘
14:19:30	18.92	--	1	1892	中性盘
14:19:21	18.92	0.02	2	3784	卖盘
14:19:15	18.9	-0.01	201	379890	卖盘
14:19:06	18.91	-0.01	23	43493	卖盘
14:19:00	18.92	-0.01	2	3784	买盘
14:18:45	18.93	--	0	0	买盘
14:18:42	18.93	0.02	4	7572	买盘
14:18:36	18.91	--	0	0	中性盘
14:18:30	18.91	--	7	13237	买盘
14:18:15	18.91	--	123	232593	卖盘
14:18:11	18.91	-0.01	38	71858	卖盘
14:18:06	18.92	-0.01	35	66220	卖盘
14:18:00	18.93	0.01	19	35967	买盘
14:17:56	18.92	--	8	15136	卖盘
14:17:51	18.92	-0.01	12	22704	卖盘
14:17:46	18.93	--	1	1893	买盘
14:17:36	18.93	-0.01	4	7572	卖盘
14:17:30	18.94	-0.01	15	28410	买盘
14:17:21	18.95	--	0	0	买盘
14:17:15	18.95	0.01	60	113700	买盘
14:17:11	18.94	--	32	60608	卖盘
14:17:06	18.94	0.01	7	13258	买盘
14:17:00	18.93	-0.02	48	90864	卖盘
14:16:56	18.95	0.01	50	94750	买盘
14:16:51	18.94	--	8	15152	买盘
14:16:45	18.94	--	9	17046	卖盘
14:16:36	18.94	--	43	81442	卖盘
14:16:30	18.94	--	20	37880	卖盘
14:16:26	18.94	0.02	11	20834	买盘
14:16:21	18.92	--	12	22704	买盘
14:16:15	18.92	-0.01	38	71896	卖盘
14:16:11	18.93	0.01	107	202551	买盘
14:16:00	18.92	--	4	7568	卖盘
14:15:51	18.92	0.04	107	202444	买盘
14:15:45	18.88	-0.02	100	188800	卖盘
14:15:35	18.9	0.02	158	298620	买盘
14:15:31	18.88	--	130	245440	买盘
14:15:24	18.88	--	14	26432	买盘
14:15:15	18.88	0.01	41	77408	买盘
14:15:01	18.87	0.01	99	186813	买盘
14:14:54	18.86	-0.01	10	18860	卖盘
14:14:45	18.87	--	2	3774	买盘
14:14:39	18.87	0.01	1	1887	买盘
14:14:24	18.86	--	78	147108	买盘
14:14:15	18.86	--	67	126362	买盘
14:14:09	18.86	--	10	18860	买盘
14:13:54	18.86	--	1	1886	买盘
14:13:45	18.86	0.01	8	15088	买盘
14:13:24	18.85	--	3	5655	卖盘
14:13:20	18.85	--	69	130065	买盘
14:13:15	18.85	--	44	82940	买盘
14:13:00	18.85	--	10	18850	买盘
14:12:30	18.85	--	25	47125	买盘
14:12:24	18.85	--	2	3770	买盘
14:12:16	18.85	0.01	17	32045	买盘
14:12:09	18.84	--	24	45216	卖盘
14:11:45	18.84	0.01	13	24492	买盘
14:11:39	18.83	--	5	9415	卖盘
14:11:20	18.83	--	25	47074	买盘
14:11:15	18.83	--	38	71554	买盘
14:11:00	18.83	--	37	69671	卖盘
14:10:54	18.83	--	18	33894	卖盘
14:10:39	18.83	--	1	1882	卖盘
14:10:30	18.83	--	3	5648	卖盘
14:10:24	18.83	-0.02	2	3765	卖盘
14:10:20	18.85	--	0	0	买盘
14:10:15	18.85	0.01	24	45240	买盘
14:10:05	18.84	--	6	11304	买盘
14:10:00	18.84	--	1	1884	卖盘
14:09:50	18.84	--	17	32028	卖盘
14:09:24	18.84	--	12	22608	中性盘
14:09:15	18.84	0.01	53	99852	买盘
14:09:09	18.83	--	11	20712	卖盘
14:09:00	18.83	--	36	67788	买盘
14:08:54	18.83	--	2	3765	买盘
14:08:18	18.83	0.03	27	50840	买盘
14:08:09	18.8	--	9	16920	卖盘
14:07:54	18.8	-0.02	10	18800	卖盘
14:07:33	18.82	--	30	56460	买盘
14:07:18	18.82	--	19	35758	买盘
14:07:03	18.82	0.01	5	9410	买盘
14:06:54	18.81	-0.01	20	37620	卖盘
14:06:48	18.82	--	2	3764	买盘
14:06:39	18.82	--	8	15056	卖盘
14:06:33	18.82	-0.01	13	24466	卖盘
14:06:24	18.83	--	17	32010	买盘
14:06:18	18.83	--	29	54606	买盘
14:06:03	18.83	--	19	35777	买盘
14:05:48	18.83	--	0	0	买盘
14:05:24	18.83	--	0	0	买盘
14:05:18	18.83	0.03	41	77203	买盘
14:05:09	18.8	--	0	0	卖盘
14:05:03	18.8	-0.03	10	18800	卖盘
14:04:39	18.83	0.02	6	11297	买盘
14:04:33	18.81	-0.02	18	33858	卖盘
14:04:29	18.83	--	5	9415	买盘
14:04:24	18.83	-0.02	35	65905	卖盘
14:04:18	18.85	0.02	31	58435	买盘
14:04:09	18.83	--	3	5648	卖盘
14:03:59	18.83	-0.01	43	80968	卖盘
14:03:48	18.84	-0.01	24	45216	卖盘
14:03:39	18.85	--	5	9425	买盘
14:03:33	18.85	--	5	9425	买盘
14:03:29	18.85	0.01	2	3770	买盘
14:03:18	18.84	-0.01	33	62172	卖盘
14:03:09	18.85	--	0	0	中性盘
14:03:03	18.85	-0.01	53	99905	卖盘
14:02:59	18.86	--	20	37720	卖盘
14:02:54	18.86	--	5	9430	卖盘
14:02:48	18.86	--	86	162196	卖盘
14:02:44	18.86	0.01	5	9430	卖盘
14:02:33	18.85	-0.01	49	92365	卖盘
14:02:24	18.86	--	1	1886	卖盘
14:02:18	18.86	--	50	94300	卖盘
14:02:14	18.86	--	4	7544	卖盘
14:02:09	18.86	0.01	129	243294	买盘
14:01:57	18.85	--	25	47125	买盘
14:01:53	18.85	--	9	16965	买盘
14:01:48	18.85	0.01	89	167765	中性盘
14:01:42	18.84	-0.01	20	37680	卖盘
14:01:38	18.85	--	6	11310	卖盘
14:01:33	18.85	0.01	91	171535	买盘
14:01:27	18.84	--	20	37680	卖盘
14:01:23	18.84	0.01	48	90432	买盘
14:01:18	18.83	0.02	12	22595	买盘
14:01:12	18.81	--	0	0	卖盘
14:01:03	18.81	-0.03	10	18810	卖盘
14:00:57	18.84	--	0	0	买盘
14:00:53	18.84	0.01	7	13188	买盘
14:00:48	18.83	--	32	60255	买盘
14:00:38	18.83	--	12	22595	买盘
14:00:18	18.83	0.01	39	73437	买盘
14:00:12	18.82	0.02	17	31994	买盘
14:00:08	18.8	-0.01	13	24440	卖盘
14:00:03	18.81	0.01	27	50787	买盘
13:59:57	18.8	--	2	3760	卖盘
13:59:53	18.8	--	2	3760	卖盘
13:59:48	18.8	0.01	334	627920	买盘
13:59:33	18.79	--	91	170989	买盘
13:59:27	18.79	--	33	62007	买盘
13:59:18	18.79	0.01	29	54491	买盘
13:58:33	18.78	--	45	84510	买盘
13:58:27	18.78	--	6	11268	买盘
13:58:18	18.78	--	37	69486	买盘
13:57:48	18.78	0.02	2	3756	买盘
13:57:42	18.76	--	11	20636	卖盘
13:57:33	18.76	-0.02	4	7504	买盘
13:57:23	18.78	--	0	0	买盘
13:57:18	18.78	0.02	65	122070	买盘
13:57:08	18.76	-0.02	10	18760	卖盘
13:56:57	18.78	0.02	20	37560	买盘
13:56:42	18.76	-0.02	1	1876	卖盘
13:56:33	18.78	-0.01	12	22536	买盘
13:56:18	18.79	0.02	15	28185	买盘
13:56:12	18.77	--	0	0	买盘
13:56:08	18.77	--	2	3754	买盘
13:55:53	18.77	--	15	28155	卖盘
13:55:38	18.77	--	0	0	卖盘
13:55:21	18.77	-0.02	1	1877	卖盘
13:55:18	18.79	0.02	42	78918	买盘
13:55:12	18.77	-0.01	11	20647	卖盘
13:55:06	18.78	--	35	65730	卖盘
13:54:57	18.78	--	38	71364	卖盘
13:54:42	18.78	0.05	50	93900	买盘
13:54:32	18.73	-0.04	29	54317	卖盘
13:54:21	18.77	-0.01	14	26278	卖盘
13:54:17	18.78	0.01	31	58218	买盘
13:54:12	18.77	--	14	26278	卖盘
13:54:06	18.77	--	5	9385	买盘
13:54:02	18.77	0.05	19	35663	买盘
13:53:57	18.72	--	12	22464	卖盘
13:53:51	18.72	--	13	24336	卖盘
13:53:42	18.72	--	0	0	卖盘
13:53:36	18.72	--	14	26208	卖盘
13:53:27	18.72	-0.06	12	22464	卖盘
13:53:21	18.78	--	1	1878	买盘
13:53:17	18.78	0.01	34	63852	买盘
13:53:06	18.77	--	12	22524	卖盘
13:52:51	18.77	0.05	53	99481	买盘
13:52:47	18.72	--	0	0	卖盘
13:52:42	18.72	-0.05	14	26208	卖盘
13:52:36	18.77	0.01	80	150160	买盘
13:52:32	18.76	--	12	22512	卖盘
13:52:27	18.76	0.05	1	1876	中性盘
13:52:21	18.71	-0.06	19	35549	卖盘
13:52:17	18.77	0.06	28	52556	买盘
13:52:12	18.71	-0.01	13	24323	卖盘
13:51:57	18.72	--	12	22464	卖盘
13:51:51	18.72	--	1	1872	卖盘
13:51:47	18.72	0.01	12	22464	卖盘
13:51:42	18.71	--	0	0	卖盘
13:51:36	18.71	--	13	24323	卖盘
13:51:27	18.71	-0.06	14	26194	卖盘
13:51:17	18.77	0.06	16	30032	买盘
13:51:12	18.71	--	11	20581	卖盘
13:51:06	18.71	--	13	24323	卖盘
13:50:51	18.71	--	12	22452	卖盘
13:50:42	18.71	--	12	22452	卖盘
13:50:32	18.71	--	13	24323	卖盘
13:50:21	18.71	-0.06	13	24323	卖盘
13:50:17	18.77	0.06	24	45048	买盘
13:50:06	18.71	--	13	24323	卖盘
13:50:02	18.71	--	5	9355	卖盘
13:49:57	18.71	--	13	24323	卖盘
13:49:47	18.71	--	13	24323	卖盘
13:49:36	18.71	--	13	24323	卖盘
13:49:27	18.71	-0.06	14	26194	卖盘
13:49:17	18.77	0.06	34	63818	买盘
13:49:12	18.71	--	14	26194	卖盘
13:49:02	18.71	-0.01	14	26194	卖盘
13:48:51	18.72	--	14	26208	卖盘
13:48:42	18.72	--	16	29952	卖盘
13:48:30	18.72	--	14	26208	卖盘
13:48:26	18.72	--	0	0	中性盘
13:48:21	18.72	-0.05	13	24336	卖盘
13:48:15	18.77	0.05	21	39417	买盘
13:48:06	18.72	--	13	24336	卖盘
13:47:56	18.72	--	13	24336	卖盘
13:47:45	18.72	--	13	24336	卖盘
13:47:36	18.72	--	13	24336	卖盘
13:47:21	18.72	-0.05	76	142272	卖盘
13:47:15	18.77	0.01	63	118251	买盘
13:47:06	18.76	0.04	6	11256	买盘
13:47:00	18.72	--	14	26208	卖盘
13:46:51	18.72	0.01	14	26208	卖盘
13:46:45	18.71	--	0	0	卖盘
13:46:41	18.71	--	12	22452	卖盘
13:46:30	18.71	--	14	26194	卖盘
13:46:15	18.71	--	53	99163	卖盘
13:46:06	18.71	--	12	22452	卖盘
13:45:56	18.71	--	12	22452	卖盘
13:45:45	18.71	-0.06	14	26194	卖盘
13:45:36	18.77	0.06	14	26278	买盘
13:45:30	18.71	--	1	1871	卖盘
13:45:21	18.71	-0.06	11	20581	卖盘
13:45:15	18.77	0.06	28	52556	买盘
13:45:11	18.71	--	15	28065	卖盘
13:45:00	18.71	--	13	24323	卖盘
13:44:51	18.71	0.01	12	22452	卖盘
13:44:41	18.7	--	0	0	卖盘
13:44:36	18.7	--	14	26180	卖盘
13:44:30	18.7	-0.07	12	22440	卖盘
13:44:15	18.77	0.07	28	52556	买盘
13:44:11	18.7	--	0	0	卖盘
13:44:06	18.7	--	52	97240	卖盘
13:43:56	18.7	--	14	26180	卖盘
13:43:45	18.7	--	13	24310	卖盘
13:43:30	18.7	-0.01	13	24310	卖盘
13:43:21	18.71	-0.05	33	61743	卖盘
13:43:15	18.76	0.05	45	84420	买盘
13:43:11	18.71	--	12	22452	卖盘
13:43:06	18.71	0.01	5	9355	中性盘
13:43:00	18.7	--	14	26180	卖盘
13:42:51	18.7	-0.06	14	26180	卖盘
13:42:45	18.76	0.06	30	56280	买盘
13:42:36	18.7	-0.01	13	24310	卖盘
13:42:26	18.71	-0.05	12	22452	中性盘
13:42:15	18.76	0.06	26	48776	买盘
13:42:06	18.7	--	13	24310	卖盘
13:41:51	18.7	--	12	22440	卖盘
13:41:45	18.7	--	14	26180	卖盘
13:41:30	18.7	0.01	13	24310	中性盘
13:41:20	18.69	-0.07	14	26166	卖盘
13:41:15	18.76	0.07	41	76916	买盘
13:41:09	18.69	-0.01	12	22428	卖盘
13:41:00	18.7	--	14	26180	卖盘
13:40:45	18.7	--	14	26180	卖盘
13:40:39	18.7	-0.06	13	24310	卖盘
13:40:35	18.76	0.06	6	11256	买盘
13:40:30	18.7	--	1	1870	卖盘
13:40:24	18.7	-0.07	15	28050	卖盘
13:40:15	18.77	0.07	42	78834	买盘
13:40:05	18.7	--	13	24310	卖盘
13:39:54	18.7	-0.01	15	28050	卖盘
13:39:45	18.71	--	0	0	卖盘
13:39:39	18.71	0.01	13	24323	卖盘
13:39:30	18.7	--	12	22440	卖盘
13:39:20	18.7	-0.07	13	24310	卖盘
13:39:15	18.77	0.06	37	69449	买盘
13:39:09	18.71	-0.04	2	3742	卖盘
13:39:05	18.75	--	10	18750	卖盘
13:39:00	18.75	--	5	9375	卖盘
13:38:54	18.75	--	17	31875	卖盘
13:38:50	18.75	--	17	31875	卖盘
13:38:45	18.75	--	14	26250	卖盘
13:38:39	18.75	--	50	93750	卖盘
13:38:35	18.75	--	14	26250	卖盘
13:38:30	18.75	0.04	3	5625	买盘
13:38:24	18.71	-0.04	13	24323	卖盘
13:38:15	18.75	0.05	61	114375	买盘
13:38:09	18.7	--	0	0	卖盘
13:38:00	18.7	-0.05	12	22440	卖盘
13:37:54	18.75	0.05	25	46875	买盘
13:37:50	18.7	--	12	22440	卖盘
13:37:39	18.7	-0.04	25	46750	卖盘
13:37:30	18.74	--	14	26235	卖盘
13:37:20	18.74	-0.01	12	22487	卖盘
13:37:15	18.75	0.05	38	71250	买盘
13:37:09	18.7	--	14	26180	卖盘
13:37:05	18.7	--	0	0	卖盘
13:36:54	18.7	--	13	25768	卖盘
13:36:45	18.7	--	14	26180	卖盘
13:36:35	18.7	--	12	22440	卖盘
13:36:24	18.7	-0.05	13	24310	卖盘
13:36:20	18.75	--	0	0	买盘
13:36:15	18.75	0.06	23	43125	买盘
13:36:09	18.69	--	15	28035	卖盘
13:36:00	18.69	--	13	24297	卖盘
13:35:50	18.69	-0.01	13	24297	卖盘
13:35:39	18.7	0.01	13	24310	中性盘
13:35:30	18.69	--	13	24297	卖盘
13:35:15	18.69	--	14	26166	卖盘
13:35:03	18.69	--	12	22428	卖盘
13:34:54	18.69	--	198	370062	买盘
13:34:44	18.69	0.01	27	50463	买盘
13:34:39	18.68	--	5	9340	卖盘
13:34:33	18.68	-0.01	12	22416	卖盘
13:34:29	18.69	0.01	1	1869	买盘
13:34:24	18.68	--	12	22416	卖盘
13:34:18	18.68	--	3	5604	卖盘
13:34:09	18.68	--	12	22416	卖盘
13:33:59	18.68	-0.01	12	22416	卖盘
13:33:54	18.69	--	29	54201	卖盘
13:33:48	18.69	--	14	26166	卖盘
13:33:39	18.69	-0.01	14	26166	卖盘
13:33:33	18.7	0.01	6	11220	买盘
13:33:29	18.69	0.01	44	82236	中性盘
13:33:24	18.68	-0.02	11	20548	卖盘
13:33:18	18.7	0.02	18	33660	买盘
13:33:09	18.68	--	0	0	卖盘
13:33:03	18.68	--	14	26152	卖盘
13:32:54	18.68	--	13	24284	卖盘
13:32:48	18.68	--	26	48568	买盘
13:32:44	18.68	--	23	42964	买盘
13:32:39	18.68	--	5	9340	买盘
13:32:33	18.68	--	39	72852	卖盘
13:32:24	18.68	--	0	0	卖盘
13:32:18	18.68	--	11	20548	卖盘
13:32:09	18.68	-0.02	43	80324	卖盘
13:31:59	18.7	--	14	26180	卖盘
13:31:48	18.7	-0.01	13	24310	卖盘
13:31:39	18.71	--	13	24323	卖盘
13:31:33	18.71	--	0	0	卖盘
13:31:24	18.71	--	14	26194	卖盘
13:31:14	18.71	--	12	22452	卖盘
13:31:03	18.71	--	0	0	卖盘
13:30:59	18.71	-0.02	207	387297	卖盘
13:30:54	18.73	0.01	12	22476	卖盘
13:30:48	18.72	--	0	0	卖盘
13:30:39	18.72	--	15	28080	卖盘
13:30:33	18.72	--	14	26208	卖盘
13:30:24	18.72	--	0	0	卖盘
13:30:18	18.72	-0.01	13	24336	卖盘
13:30:09	18.73	--	14	26222	卖盘
13:29:59	18.73	--	13	24349	卖盘
13:29:48	18.73	--	12	22476	卖盘
13:29:33	18.73	-0.02	13	24349	卖盘
13:29:29	18.75	0.01	1	1875	买盘
13:29:24	18.74	--	12	22487	卖盘
13:29:18	18.74	--	0	0	卖盘
13:29:14	18.74	--	13	24361	卖盘
13:29:03	18.74	-0.01	19	35606	卖盘
13:28:54	18.75	--	13	24375	卖盘
13:28:39	18.75	0.02	128	240000	买盘
13:28:33	18.73	--	0	0	卖盘
13:28:27	18.73	--	12	22476	卖盘
13:28:18	18.73	-0.02	14	26222	卖盘
13:28:12	18.75	0.02	10	18750	买盘
13:28:09	18.73	-0.01	13	24349	卖盘
13:27:57	18.74	--	14	26235	卖盘
13:27:48	18.74	--	14	26235	卖盘
13:27:33	18.74	--	13	24361	卖盘
13:27:23	18.74	--	14	26235	卖盘
13:27:12	18.74	-0.01	14	26235	卖盘
13:27:03	18.75	0.01	16	30000	买盘
13:26:57	18.74	--	1	1873	卖盘
13:26:53	18.74	--	2	3747	买盘
13:26:33	18.74	--	0	0	中性盘
13:26:27	18.74	-0.01	10	18740	卖盘
13:26:23	18.75	--	37	69375	买盘
13:26:08	18.75	-0.01	113	211875	卖盘
13:26:03	18.76	--	12	22512	买盘
13:25:53	18.76	--	42	78792	买盘
13:25:18	18.76	--	3	5628	买盘
13:24:12	18.76	--	87	163212	卖盘
13:23:57	18.76	--	2	3752	卖盘
13:23:53	18.76	0.01	76	142576	买盘
13:23:42	18.75	-0.01	5	9375	卖盘
13:23:18	18.76	--	20	37520	买盘
13:22:38	18.76	--	6	11256	买盘
13:22:27	18.76	0.01	2	3752	买盘
13:22:12	18.75	-0.01	10	18750	卖盘
13:21:57	18.76	--	7	13132	卖盘
13:21:27	18.76	-0.01	3	5628	买盘
13:20:51	18.77	--	0	0	买盘
13:20:47	18.77	--	4	7508	买盘
13:20:42	18.77	0.02	1	1877	买盘
13:20:27	18.75	-0.02	3	5625	卖盘
13:20:06	18.77	-0.01	22	41294	卖盘
13:20:02	18.78	0.01	34	63852	买盘
13:19:47	18.77	-0.01	2	3754	卖盘
13:19:27	18.78	--	10	18780	买盘
13:18:57	18.78	--	14	26292	卖盘
13:18:42	18.78	--	1	1878	卖盘
13:18:36	18.78	0.01	54	101412	买盘
13:18:06	18.77	--	70	131390	卖盘
13:17:51	18.77	0.02	398	747046	买盘
13:17:06	18.75	--	1	1875	卖盘
13:16:42	18.75	--	11	20625	卖盘
13:16:21	18.75	-0.01	5	9375	卖盘
13:16:12	18.76	--	12	22512	买盘
13:16:01	18.76	--	20	37520	买盘
13:15:47	18.76	0.01	1	1876	买盘
13:15:36	18.75	-0.01	43	80625	买盘
13:15:12	18.76	--	0	0	买盘
13:14:56	18.76	0.01	10	18760	买盘
13:14:51	18.75	--	0	0	中性盘
13:14:36	18.75	0.01	94	176250	买盘
13:14:26	18.74	--	51	95573	买盘
13:14:06	18.74	--	10	18740	买盘
13:13:56	18.74	0.01	4	7495	买盘
13:13:51	18.73	0.01	20	37460	买盘
13:13:45	18.72	-0.01	12	22464	卖盘
13:13:41	18.73	--	0	0	中性盘
13:13:30	18.73	--	0	0	买盘
13:13:21	18.73	0.01	5	9365	买盘
13:13:00	18.72	--	64	119808	买盘
13:12:51	18.72	0.01	10	18720	买盘
13:12:00	18.71	0.01	336	628656	买盘
13:11:56	18.7	--	10	18700	卖盘
13:11:51	18.7	-0.01	120	224400	卖盘
13:11:06	18.71	0.01	2	3742	买盘
13:11:00	18.7	-0.01	10	18700	卖盘
13:10:51	18.71	0.01	10	18710	买盘
13:10:45	18.7	-0.01	113	211310	卖盘
13:10:30	18.71	0.01	100	187100	买盘
13:10:21	18.7	--	100	187000	卖盘
13:09:56	18.7	--	10	18700	卖盘
13:09:30	18.7	0.02	53	99110	买盘
13:08:45	18.68	--	33	61644	卖盘
13:08:36	18.68	--	2	3736	卖盘
13:08:24	18.68	0.02	116	216688	买盘
13:08:09	18.66	--	15	27990	卖盘
13:07:50	18.66	-0.01	160	298560	卖盘
13:07:45	18.67	--	6	11202	卖盘
13:07:39	18.67	0.01	2	3734	卖盘
13:05:20	18.66	--	0	0	卖盘
13:05:05	18.66	--	1	1866	买盘
13:04:45	18.66	--	10	18660	买盘
13:04:39	18.66	--	5	9330	卖盘
13:04:24	18.66	--	15	27990	买盘
13:04:15	18.66	--	7	13062	卖盘
13:04:05	18.66	-0.01	143	266838	卖盘
13:03:50	18.67	--	1	1867	买盘
13:03:45	18.67	-0.03	43	80281	卖盘
13:02:24	18.7	0.02	230	430100	买盘
13:02:09	18.68	0.02	20	37360	买盘
13:02:00	18.66	-0.01	166	309756	卖盘
13:01:18	18.67	--	0	0	卖盘
13:01:09	18.67	--	0	0	卖盘
13:00:33	18.67	-0.03	80	149360	卖盘
13:00:09	18.7	--	61	114070	买盘
13:00:03	18.7	--	112	209440	买盘
11:30:00	18.7	--	0	0	买盘
11:30:00	18.7	--	0	0	买盘
11:29:51	18.7	--	1	1870	买盘
11:29:41	18.7	--	2	3740	买盘
11:29:36	18.7	--	0	0	中性盘
11:29:26	18.7	--	0	0	买盘
11:29:21	18.7	0.05	2	3740	买盘
11:29:11	18.65	--	0	0	卖盘
11:28:10	18.65	0.03	128	240510	买盘
11:28:06	18.62	--	0	0	卖盘
11:28:00	18.62	--	0	0	卖盘
11:27:30	18.62	--	59	109858	买盘
11:27:25	18.62	0.01	72	134064	买盘
11:27:06	18.61	--	79	147019	买盘
11:27:00	18.61	0.01	13	24193	买盘
11:26:35	18.6	--	3	5580	卖盘
11:26:30	18.6	--	5	9300	买盘
11:26:25	18.6	0.01	64	119040	买盘
11:26:20	18.59	-0.01	35	65065	卖盘
11:26:00	18.6	0.01	46	85560	买盘
11:25:50	18.59	--	52	96668	卖盘
11:25:39	18.59	--	0	0	卖盘
11:25:20	18.59	-0.02	100	185900	卖盘
11:25:09	18.61	--	5	9305	买盘
11:25:00	18.61	-0.01	35	65135	卖盘
11:24:50	18.62	--	21	39102	买盘
11:24:45	18.62	--	4	7448	买盘
11:24:39	18.62	--	2	3724	买盘
11:24:30	18.62	--	12	22344	卖盘
11:24:24	18.62	--	50	93100	卖盘
11:23:54	18.62	--	4	7448	卖盘
11:23:30	18.62	--	11	20482	买盘
11:23:15	18.62	--	70	130340	买盘
11:23:00	18.62	-0.03	57	106134	卖盘
11:22:54	18.65	--	13	24244	买盘
11:22:39	18.65	--	3	5595	买盘
11:22:05	18.65	0.03	2	3729	买盘
11:22:00	18.62	0.01	5	9310	卖盘
11:21:45	18.61	-0.04	5	9305	卖盘
11:21:19	18.65	0.04	130	242449	买盘
11:21:15	18.61	-0.03	105	195405	卖盘
11:21:09	18.64	0.03	200	372800	买盘
11:20:50	18.61	--	5	9305	卖盘
11:20:14	18.61	--	1	1861	买盘
11:20:04	18.61	--	6	11166	买盘
11:19:59	18.61	-0.01	43	80023	卖盘
11:19:54	18.62	0.01	113	210406	买盘
11:19:44	18.61	0.01	5	9305	买盘
11:19:39	18.6	-0.01	100	186000	卖盘
11:19:34	18.61	--	100	186100	买盘
11:19:24	18.61	-0.01	11	20471	卖盘
11:19:20	18.62	0.01	3	5586	买盘
11:18:24	18.61	0.01	27	50247	买盘
11:17:59	18.6	0.01	100	186000	买盘
11:17:54	18.59	-0.01	3	5577	卖盘
11:17:39	18.6	--	0	0	买盘
11:17:33	18.6	--	14	26040	买盘
11:17:18	18.6	-0.01	292	543120	卖盘
11:17:09	18.61	-0.01	1	1861	卖盘
11:16:29	18.62	--	110	204820	卖盘
11:15:03	18.62	--	0	0	中性盘
11:14:54	18.62	0.01	22	40964	买盘
11:14:39	18.61	0.01	9	16749	卖盘
11:14:24	18.6	--	0	0	卖盘
11:14:18	18.6	-0.01	330	613800	卖盘
11:13:53	18.61	--	0	0	中性盘
11:13:48	18.61	--	7	13027	买盘
11:13:43	18.61	--	10	18610	买盘
11:13:28	18.61	--	0	0	买盘
11:13:23	18.61	0.03	5	9305	买盘
11:13:13	18.58	-0.01	120	222959	卖盘
11:13:08	18.59	--	0	0	卖盘
11:13:02	18.59	-0.02	6	11154	卖盘
11:12:53	18.61	--	0	0	中性盘
11:12:48	18.61	-0.01	3	5583	买盘
11:12:18	18.62	--	0	0	买盘
11:11:53	18.62	0.04	20	37240	买盘
11:11:48	18.58	--	0	0	卖盘
11:11:33	18.58	-0.01	120	222959	卖盘
11:11:23	18.59	0.01	14	26026	卖盘
11:10:57	18.58	--	0	0	卖盘
11:10:41	18.58	-0.02	36	66888	卖盘
11:10:33	18.6	--	39	72540	买盘
11:10:18	18.6	--	3	5580	买盘
11:10:03	18.6	--	10	18600	买盘
11:09:57	18.6	--	14	26040	买盘
11:09:48	18.6	--	20	37200	买盘
11:09:27	18.6	--	25	46500	买盘
11:09:11	18.6	--	0	0	卖盘
11:09:02	18.6	--	10	18600	卖盘
11:08:57	18.6	--	15	27900	卖盘
11:08:48	18.6	--	10	18600	卖盘
11:08:27	18.6	--	20	37200	卖盘
11:08:08	18.6	--	2	3720	卖盘
11:07:53	18.6	--	2	3720	卖盘
11:07:41	18.6	0.02	25	47448	买盘
11:07:33	18.58	-0.02	215	400380	卖盘
11:07:27	18.6	0.01	30	55800	买盘
11:07:22	18.59	--	5	9295	卖盘
11:07:12	18.59	-0.01	22	40898	卖盘
11:06:56	18.6	0.01	5	9300	买盘
11:06:47	18.59	-0.01	11	20449	卖盘
11:06:37	18.6	--	3	5580	卖盘
11:06:32	18.6	0.01	2	3720	中性盘
11:06:17	18.59	-0.01	199	369941	卖盘
11:06:02	18.6	0.01	18	34428	买盘
11:05:47	18.59	-0.01	11	20449	卖盘
11:05:32	18.6	--	12	22320	买盘
11:05:11	18.6	0.01	100	186000	买盘
11:05:06	18.59	-0.01	16	29744	卖盘
11:04:47	18.6	-0.02	99	185051	卖盘
11:04:36	18.62	--	14	26068	买盘
11:04:17	18.62	--	100	186200	买盘
11:04:05	18.62	--	5	9310	买盘
11:03:51	18.62	--	20	37240	买盘
11:03:47	18.62	--	4	7448	买盘
11:03:42	18.62	-0.01	4	7448	卖盘
11:03:12	18.63	--	68	126684	卖盘
11:02:57	18.63	--	36	67068	买盘
11:02:51	18.63	0.03	1	1863	买盘
11:02:35	18.6	--	0	0	卖盘
11:02:31	18.6	--	0	0	卖盘
11:02:26	18.6	-0.01	260	483600	卖盘
11:02:06	18.61	0.01	20	37220	中性盘
11:01:51	18.6	--	26	49308	买盘
11:01:41	18.6	--	10	18600	买盘
11:01:36	18.6	--	63	117180	买盘
11:01:32	18.6	--	5	9300	买盘
11:01:12	18.6	--	5	9300	买盘
11:01:05	18.6	--	14	26951	卖盘
11:00:46	18.6	0.01	0	948	买盘
11:00:35	18.59	-0.01	0	18	卖盘
11:00:31	18.6	0.01	39	72540	买盘
11:00:21	18.59	--	27	50193	卖盘
11:00:06	18.59	-0.01	11	20449	卖盘
10:59:56	18.6	--	456	848160	买盘
10:59:31	18.6	-0.02	94	175751	卖盘
10:59:26	18.62	-0.01	6	11172	卖盘
10:59:11	18.63	--	3	5589	买盘
10:59:05	18.63	-0.02	5	9315	卖盘
10:58:51	18.65	--	20	37374	卖盘
10:58:44	18.65	-0.01	20	37300	卖盘
10:58:41	18.66	0.01	1	1866	买盘
10:58:29	18.65	-0.01	10	18650	卖盘
10:58:21	18.66	--	10	18660	买盘
10:58:14	18.66	--	4	7464	卖盘
10:58:11	18.66	--	15	27990	卖盘
10:57:45	18.66	-0.02	60	111960	卖盘
10:57:36	18.68	0.02	5	9340	买盘
10:57:14	18.66	0.01	19	35454	买盘
10:56:51	18.65	-0.01	31	57814	卖盘
10:56:44	18.66	0.01	10	18660	买盘
10:56:26	18.65	-0.01	20	37300	卖盘
10:56:15	18.66	-0.02	31	57846	卖盘
10:55:50	18.68	-0.02	16	29888	卖盘
10:55:26	18.7	--	70	130900	卖盘
10:55:14	18.7	--	0	0	卖盘
10:55:06	18.7	--	0	0	卖盘
10:54:36	18.7	--	0	0	卖盘
10:54:29	18.7	-0.03	110	205700	卖盘
10:54:15	18.73	--	30	56190	卖盘
10:54:06	18.73	--	10	18730	卖盘
10:53:30	18.73	--	0	0	中性盘
10:53:20	18.73	-0.01	5	9365	买盘
10:53:10	18.74	--	0	0	买盘
10:53:05	18.74	--	0	0	买盘
10:53:00	18.74	--	12	22487	买盘
10:52:40	18.74	--	0	0	买盘
10:52:35	18.74	--	2	3747	卖盘
10:52:29	18.74	--	0	0	中性盘
10:52:20	18.74	--	17	31857	买盘
10:51:50	18.74	0.01	10	18740	买盘
10:51:15	18.73	0.01	17	31841	买盘
10:50:20	18.72	--	20	37440	卖盘
10:49:54	18.72	0.01	7	13104	买盘
10:49:20	18.71	-0.01	10	18710	买盘
10:49:09	18.72	--	0	0	买盘
10:48:39	18.72	0.01	9	16848	买盘
10:48:24	18.71	0.01	45	84195	买盘
10:48:04	18.7	--	3	5610	卖盘
10:47:59	18.7	--	12	22440	买盘
10:47:38	18.7	--	3	5610	卖盘
10:47:14	18.7	-0.01	20	37400	卖盘
10:46:59	18.71	--	75	140325	卖盘
10:45:59	18.71	--	10	18710	卖盘
10:45:44	18.71	--	22	41162	卖盘
10:45:14	18.71	--	2	3742	卖盘
10:45:08	18.71	--	20	37420	卖盘
10:45:03	18.71	--	8	14968	卖盘
10:44:59	18.71	--	2	3742	卖盘
10:44:48	18.71	--	1	1871	卖盘
10:44:38	18.71	-0.01	10	18710	卖盘
10:44:14	18.72	--	2	3744	卖盘
10:44:03	18.72	-0.01	110	205920	卖盘
10:43:54	18.73	-0.01	132	247236	卖盘
10:43:47	18.74	0.01	2	3747	买盘
10:43:43	18.73	--	8	14984	卖盘
10:43:39	18.73	--	13	24349	卖盘
10:43:33	18.73	--	20	37460	卖盘
10:43:28	18.73	-0.01	200	374600	卖盘
10:43:23	18.74	--	6	11243	买盘
10:42:54	18.74	--	10	18740	买盘
10:42:47	18.74	0.01	11	20614	买盘
10:42:32	18.73	--	10	18730	卖盘
10:42:29	18.73	--	20	37460	卖盘
10:42:23	18.73	--	5	9365	卖盘
10:42:14	18.73	0.01	38	71174	买盘
10:42:03	18.72	--	10	18720	卖盘
10:41:59	18.72	0.02	26	48672	买盘
10:41:47	18.7	-0.01	50	93500	卖盘
10:41:32	18.71	0.01	30	56130	买盘
10:41:23	18.7	0.01	66	123420	买盘
10:40:47	18.69	--	5	9345	买盘
10:40:38	18.69	--	43	80367	买盘
10:40:17	18.69	--	42	78498	买盘
10:39:58	18.69	0.01	12	22428	买盘
10:39:53	18.68	--	0	0	中性盘
10:39:32	18.68	0.01	28	52304	买盘
10:39:28	18.67	0.01	4	7468	买盘
10:39:23	18.66	-0.01	31	57846	卖盘
10:39:02	18.67	--	0	0	买盘
10:38:38	18.67	--	8	14936	卖盘
10:38:02	18.67	-0.01	22	41074	卖盘
10:37:17	18.68	--	0	0	中性盘
10:36:41	18.68	-0.01	4	7472	买盘
10:36:37	18.69	--	0	0	买盘
10:36:32	18.69	0.02	3	5607	买盘
10:36:11	18.67	--	1	1867	卖盘
10:36:02	18.67	-0.01	5	9335	卖盘
10:35:47	18.68	--	5	9340	买盘
10:35:37	18.68	0.01	26	48568	买盘
10:35:17	18.67	0.02	8	14936	买盘
10:34:52	18.65	-0.01	5	9325	卖盘
10:34:41	18.66	--	143	266838	买盘
10:34:17	18.66	-0.01	7	13062	卖盘
10:33:56	18.67	--	0	0	中性盘
10:33:32	18.67	--	0	0	中性盘
10:33:17	18.67	0.02	36	67212	买盘
10:33:02	18.65	-0.02	62	115629	卖盘
10:32:41	18.67	0.02	26	48542	买盘
10:32:32	18.65	--	11	20515	卖盘
10:32:20	18.65	-0.02	12	22380	卖盘
10:31:47	18.67	--	7	13069	买盘
10:31:26	18.67	--	32	59744	卖盘
10:31:11	18.67	--	5	9335	卖盘
10:30:50	18.67	--	12	22404	卖盘
10:30:46	18.67	--	1	1867	卖盘
10:30:41	18.67	--	10	18670	卖盘
10:30:26	18.67	--	4	7468	卖盘
10:30:20	18.67	0.02	46	85882	买盘
10:29:56	18.65	--	6	11190	卖盘
10:29:41	18.65	--	5	9325	卖盘
10:29:20	18.65	--	11	20515	卖盘
10:29:05	18.65	--	10	18650	卖盘
10:28:50	18.65	--	2	3729	卖盘
10:28:41	18.65	0.02	147	275945	买盘
10:28:31	18.63	--	51	95013	卖盘
10:28:26	18.63	-0.01	8	14904	卖盘
10:28:17	18.64	--	52	98512	卖盘
10:28:11	18.64	--	14	26375	卖盘
10:28:05	18.64	-0.01	13	24232	买盘
10:27:50	18.65	--	19	35789	卖盘
10:27:41	18.65	--	5	10835	买盘
10:27:26	18.65	0.02	50	93250	买盘
10:27:20	18.63	-0.02	100	186300	卖盘
10:27:01	18.65	--	82	153284	卖盘
10:26:56	18.65	-0.01	7	13054	卖盘
10:26:35	18.66	--	167	313208	卖盘
10:26:31	18.66	--	7	13341	卖盘
10:26:14	18.66	--	0	0	卖盘
10:26:11	18.66	-0.02	40	74640	卖盘
10:25:56	18.68	0.01	2	3736	买盘
10:25:50	18.67	0.01	94	175498	买盘
10:25:41	18.66	-0.01	182	339612	卖盘
10:25:35	18.67	--	5	9335	买盘
10:25:26	18.67	--	8	14936	买盘
10:25:14	18.67	-0.02	11	20537	卖盘
10:25:11	18.69	0.02	30	56070	买盘
10:25:05	18.67	-0.01	10	18670	卖盘
10:24:41	18.68	--	8	14944	卖盘
10:24:20	18.68	-0.01	4	7472	卖盘
10:24:10	18.69	--	0	0	买盘
10:24:05	18.69	0.02	42	78498	买盘
10:23:59	18.67	--	0	0	卖盘
10:23:50	18.67	--	8	14936	卖盘
10:23:44	18.67	-0.02	4	7468	卖盘
10:23:35	18.69	0.02	48	89712	买盘
10:23:29	18.67	0.01	3	5601	买盘
10:23:05	18.66	--	0	0	卖盘
10:22:50	18.66	0.01	17	33233	买盘
10:22:40	18.65	--	3	5595	卖盘
10:22:10	18.65	0.02	67	124954	买盘
10:22:05	18.63	-0.02	7	13041	卖盘
10:21:59	18.65	0.01	100	186500	买盘
10:21:35	18.64	0.01	41	76424	买盘
10:21:14	18.63	-0.01	31	57753	卖盘
10:21:10	18.64	--	10	18640	买盘
10:20:50	18.64	--	20	37280	买盘
10:20:35	18.64	-0.01	24	44736	卖盘
10:20:29	18.65	-0.01	10	18650	中性盘
10:20:25	18.66	0.01	18	33588	买盘
10:20:14	18.65	--	16	29839	买盘
10:20:10	18.65	--	30	55949	卖盘
10:19:50	18.65	--	24	44760	卖盘
10:19:38	18.65	0.01	40	74600	买盘
10:19:14	18.64	--	1	1864	买盘
10:18:59	18.64	0.02	18	33552	买盘
10:18:50	18.62	-0.02	10	18620	卖盘
10:18:38	18.64	--	6	11184	买盘
10:18:14	18.64	--	20	37280	买盘
10:18:05	18.64	-0.01	1	1864	买盘
10:17:59	18.65	--	10	18650	买盘
10:17:53	18.65	--	0	0	买盘
10:17:44	18.65	0.02	24	44760	买盘
10:17:38	18.63	-0.01	73	135999	卖盘
10:17:29	18.64	--	19	35416	买盘
10:17:23	18.64	--	114	212496	买盘
10:16:59	18.64	0.01	17	31688	卖盘
10:16:53	18.63	--	20	37260	卖盘
10:16:44	18.63	--	5	9315	卖盘
10:16:38	18.63	-0.02	6	11178	卖盘
10:16:34	18.65	0.02	12	22380	买盘
10:16:08	18.63	--	2	3726	卖盘
10:15:59	18.63	--	3	5589	卖盘
10:15:53	18.63	0.03	13	24219	买盘
10:15:49	18.6	--	10	18600	卖盘
10:15:38	18.6	--	18	33480	卖盘
10:15:29	18.6	-0.03	5	9300	卖盘
10:15:23	18.63	--	3	5589	买盘
10:15:08	18.63	--	7	13041	卖盘
10:15:04	18.63	0.03	3	5589	买盘
10:14:59	18.6	-0.03	100	186000	卖盘
10:14:53	18.63	--	5	9315	买盘
10:14:44	18.63	0.02	5	9315	买盘
10:14:29	18.61	--	6	11166	卖盘
10:14:14	18.61	--	0	0	卖盘
10:13:59	18.61	--	1	1861	卖盘
10:13:53	18.61	0.01	40	74440	买盘
10:13:29	18.6	0.02	317	590568	买盘
10:13:23	18.58	-0.01	276	512807	卖盘
10:13:14	18.59	-0.01	5	9295	卖盘
10:13:08	18.6	--	10	18600	买盘
10:13:02	18.6	--	0	0	买盘
10:12:53	18.6	--	28	52080	买盘
10:12:44	18.6	--	0	0	买盘
10:12:38	18.6	--	5	9300	买盘
10:12:08	18.6	-0.04	688	1279680	卖盘
10:11:59	18.64	0.03	3	5592	买盘
10:11:08	18.61	--	10	18610	卖盘
10:10:53	18.61	0.01	11	20471	卖盘
10:10:47	18.6	--	0	0	卖盘
10:10:38	18.6	--	500	930000	卖盘
10:10:23	18.6	-0.05	25	46500	卖盘
10:10:17	18.65	0.05	3	5595	买盘
10:10:13	18.6	0.03	435	809100	买盘
10:10:08	18.57	-0.01	269	499533	卖盘
10:10:02	18.58	--	51	94757	买盘
10:09:53	18.58	0.01	1	1857	买盘
10:09:38	18.57	--	10	18570	卖盘
10:09:28	18.57	--	30	55710	卖盘
10:09:23	18.57	--	52	96564	买盘
10:09:08	18.57	0.01	7	12999	买盘
10:09:02	18.56	0.01	14	25984	卖盘
10:08:58	18.55	--	0	0	卖盘
10:08:53	18.55	--	0	0	卖盘
10:08:38	18.55	--	3	5565	卖盘
10:08:32	18.55	--	141	261555	买盘
10:08:28	18.55	--	110	204050	买盘
10:08:23	18.55	0.01	169	313495	买盘
10:08:17	18.54	-0.01	3	5562	卖盘
10:08:08	18.55	-0.01	12	22260	卖盘
10:08:02	18.56	0.01	40	74240	卖盘
10:07:58	18.55	--	50	92750	买盘
10:07:53	18.55	-0.02	170	315350	卖盘
10:07:43	18.57	--	0	0	中性盘
10:07:38	18.57	-0.01	12	22284	卖盘
10:07:32	18.58	--	8	14863	买盘
10:07:28	18.58	0.01	30	55739	买盘
10:07:23	18.57	-0.01	38	70566	卖盘
10:07:17	18.58	--	290	538820	卖盘
10:07:13	18.58	--	6	11147	卖盘
10:07:08	18.58	--	65	120769	卖盘
10:07:02	18.58	--	27	50165	卖盘
10:06:56	18.58	-0.01	10	18580	卖盘
10:06:53	18.59	--	2	3718	中性盘
10:06:41	18.59	--	333	619047	买盘
10:06:38	18.59	--	0	0	买盘
10:06:26	18.59	0.01	63	117117	买盘
10:06:23	18.58	--	10	18580	买盘
10:06:17	18.58	-0.02	696	1293167	卖盘
10:06:08	18.6	-0.04	2	3720	卖盘
10:05:47	18.64	0.05	20	37280	买盘
10:05:26	18.59	-0.01	41	76219	卖盘
10:05:23	18.6	0.01	183	340380	买盘
10:05:17	18.59	--	36	66924	买盘
10:05:11	18.59	--	39	72501	买盘
10:05:08	18.59	-0.01	127	236093	卖盘
10:05:02	18.6	--	131	243660	买盘
10:04:56	18.6	--	14	26040	买盘
10:04:52	18.6	--	42	78120	买盘
10:04:47	18.6	--	48	89280	买盘
10:04:41	18.6	--	90	167400	卖盘
10:04:26	18.6	--	305	567300	买盘
10:04:17	18.6	--	17	31620	买盘
10:04:11	18.6	--	15	27900	买盘
10:04:02	18.6	--	139	258540	买盘
10:03:56	18.6	--	26	48360	卖盘
10:03:41	18.6	--	74	137640	卖盘
10:03:37	18.6	--	31	57660	卖盘
10:03:22	18.6	0.01	3	5580	中性盘
10:03:17	18.59	-0.01	28	52052	卖盘
10:03:11	18.6	--	79	146940	买盘
10:03:07	18.6	--	10	18600	买盘
10:03:02	18.6	--	33	61380	买盘
10:02:56	18.6	--	164	305040	卖盘
10:02:47	18.6	-0.02	100	186000	卖盘
10:02:41	18.62	0.02	603	1122786	中性盘
10:02:32	18.6	--	0	0	卖盘
10:02:26	18.6	--	59	109740	买盘
10:02:22	18.6	--	37	68820	买盘
10:02:17	18.6	--	116	215760	买盘
10:02:11	18.6	--	85	158100	买盘
10:02:07	18.6	0.02	113	210180	卖盘
10:02:02	18.58	-0.03	232	431055	卖盘
10:01:56	18.61	0.01	35	65135	买盘
10:01:52	18.6	--	13	24180	买盘
10:01:47	18.6	-0.05	180	334800	卖盘
10:01:41	18.65	0.05	305	568825	中性盘
10:01:37	18.6	-0.06	200	372000	卖盘
10:01:26	18.66	0.06	25	46650	买盘
10:01:22	18.6	-0.05	500	930000	卖盘
10:01:02	18.65	0.01	167	311455	买盘
10:00:56	18.64	0.04	3	5592	买盘
10:00:47	18.6	--	10	18600	卖盘
10:00:41	18.6	--	32	59520	买盘
10:00:37	18.6	0.01	40	74400	买盘
10:00:32	18.59	-0.01	12	22308	卖盘
10:00:26	18.6	--	62	115320	买盘
10:00:20	18.6	--	33	61380	买盘
10:00:17	18.6	-0.04	631	1173660	卖盘
10:00:11	18.64	-0.01	18	33552	卖盘
10:00:05	18.65	0.01	20	37300	买盘
10:00:02	18.64	-0.01	56	104384	卖盘
09:59:56	18.65	0.01	10	18650	买盘
09:59:50	18.64	-0.01	3	5592	卖盘
09:59:47	18.65	--	708	1320420	卖盘
09:59:41	18.65	-0.01	3	5595	卖盘
09:59:35	18.66	-0.02	30	55980	卖盘
09:59:32	18.68	--	5	9340	买盘
09:59:26	18.68	--	33	61644	买盘
09:59:20	18.68	0.02	10	18680	买盘
09:59:11	18.66	-0.02	414	772524	卖盘
09:58:56	18.68	-0.03	178	332504	卖盘
09:58:50	18.71	--	0	0	中性盘
09:58:47	18.71	0.01	5	9355	卖盘
09:58:32	18.7	--	0	0	卖盘
09:58:11	18.7	-0.03	17	31790	卖盘
09:58:05	18.73	0.03	1	1873	买盘
09:57:56	18.7	-0.01	10	18700	卖盘
09:57:50	18.71	--	20	37420	买盘
09:57:41	18.71	--	10	18710	卖盘
09:57:35	18.71	0.01	10	18710	卖盘
09:57:26	18.7	--	0	0	卖盘
09:57:20	18.7	--	0	0	卖盘
09:57:11	18.7	0.02	4	7480	中性盘
09:57:05	18.68	--	56	104608	卖盘
09:56:41	18.68	-0.02	18	33624	卖盘
09:56:35	18.7	--	16	29920	买盘
09:56:31	18.7	0.02	20	37400	买盘
09:56:16	18.68	--	3	5604	卖盘
09:56:11	18.68	-0.01	11	20548	卖盘
09:56:05	18.69	--	9	16821	买盘
09:56:01	18.69	--	5	9345	买盘
09:55:56	18.69	--	15	28035	买盘
09:55:50	18.69	0.01	57	106533	卖盘
09:55:35	18.68	--	0	0	卖盘
09:55:31	18.68	-0.01	7	13076	卖盘
09:55:26	18.69	--	0	0	买盘
09:55:20	18.69	--	10	18690	买盘
09:55:16	18.69	0.01	20	37380	买盘
09:55:11	18.68	-0.02	98	183064	卖盘
09:55:05	18.7	0.01	9	16830	买盘
09:55:01	18.69	-0.01	26	48594	卖盘
09:54:56	18.7	--	10	18700	买盘
09:54:50	18.7	--	8	14960	买盘
09:54:46	18.7	--	97	181390	买盘
09:54:41	18.7	--	36	67320	买盘
09:54:35	18.7	--	4	7480	买盘
09:54:20	18.7	--	82	153340	买盘
09:54:11	18.7	0.01	13	24310	买盘
09:54:05	18.69	-0.01	5	9345	卖盘
09:53:56	18.7	--	16	29920	买盘
09:53:41	18.7	-0.03	289	540430	卖盘
09:53:35	18.73	--	25	46825	卖盘
09:52:59	18.73	--	3	5619	买盘
09:52:41	18.73	--	5	9365	买盘
09:52:20	18.73	-0.04	1	1873	卖盘
09:52:05	18.77	--	0	0	买盘
09:51:56	18.77	0.05	39	73203	买盘
09:51:50	18.72	-0.06	10	18720	卖盘
09:51:20	18.78	--	0	0	买盘
09:51:14	18.78	0.08	103	193434	买盘
09:51:10	18.7	--	0	0	卖盘
09:50:55	18.7	--	0	0	卖盘
09:50:50	18.7	0.01	19	35530	买盘
09:50:44	18.69	--	3	5607	卖盘
09:50:35	18.69	--	70	130830	卖盘
09:50:29	18.69	-0.01	4	7476	卖盘
09:50:25	18.7	--	200	374000	买盘
09:50:20	18.7	--	5	9350	买盘
09:50:14	18.7	-0.05	302	564740	卖盘
09:49:59	18.75	-0.01	16	30000	卖盘
09:49:44	18.76	0.01	1	1876	卖盘
09:49:40	18.75	--	0	0	卖盘
09:49:10	18.75	--	10	18750	买盘
09:48:59	18.75	0.04	20	37500	买盘
09:48:50	18.71	-0.02	100	187100	卖盘
09:48:44	18.73	--	25	46825	卖盘
09:48:20	18.73	-0.02	32	59936	卖盘
09:48:14	18.75	-0.02	3	5625	卖盘
09:48:10	18.77	0.02	17	31909	买盘
09:48:05	18.75	--	17	31875	卖盘
09:47:59	18.75	--	10	18750	卖盘
09:47:55	18.75	-0.02	30	56250	卖盘
09:47:50	18.77	--	226	424202	买盘
09:47:44	18.77	-0.03	55	103235	卖盘
09:47:40	18.8	--	36	67680	卖盘
09:47:35	18.8	-0.02	5	9400	卖盘
09:47:29	18.82	--	15	28587	卖盘
09:47:23	18.82	--	10	18820	卖盘
09:47:20	18.82	--	63	118566	卖盘
09:47:14	18.82	--	4	7528	卖盘
09:47:08	18.82	--	15	28230	卖盘
09:47:05	18.82	--	10	18820	卖盘
09:46:59	18.82	-0.01	7	13174	卖盘
09:46:50	18.83	--	20	37660	买盘
09:46:20	18.83	--	20	37660	买盘
09:46:14	18.83	--	4	7531	卖盘
09:45:50	18.83	--	19	35777	买盘
09:45:35	18.83	--	12	22595	买盘
09:45:20	18.83	--	5	9415	卖盘
09:45:14	18.83	--	0	0	中性盘
09:45:08	18.83	0.01	10	18830	买盘
09:44:59	18.82	--	20	37640	卖盘
09:44:53	18.82	-0.01	4	7528	卖盘
09:44:38	18.83	--	5	9415	买盘
09:44:34	18.83	0.01	2	3765	买盘
09:44:23	18.82	--	21	39522	卖盘
09:44:14	18.82	--	55	105034	卖盘
09:43:59	18.82	--	12	22584	卖盘
09:43:53	18.82	0.03	82	154324	买盘
09:43:49	18.79	--	29	54491	买盘
09:43:23	18.79	0.01	31	58249	买盘
09:43:14	18.78	--	10	18780	卖盘
09:42:59	18.78	--	1	1878	卖盘
09:42:49	18.78	--	8	15024	卖盘
09:42:44	18.78	--	24	45072	卖盘
09:42:29	18.78	--	28	52584	买盘
09:42:19	18.78	-0.01	5	9390	卖盘
09:42:08	18.79	--	5	9395	买盘
09:42:04	18.79	--	0	0	买盘
09:41:53	18.79	--	10	18790	买盘
09:41:19	18.79	0.02	20	37580	买盘
09:40:53	18.77	-0.01	70	131390	卖盘
09:40:32	18.78	--	0	0	中性盘
09:40:29	18.78	--	8	15024	卖盘
09:40:23	18.78	--	42	78876	买盘
09:40:14	18.78	--	31	58218	买盘
09:39:47	18.78	--	8	15024	买盘
09:39:44	18.78	--	11	20658	买盘
09:39:38	18.78	0.01	10	18780	买盘
09:39:17	18.77	-0.02	16	30032	卖盘
09:38:59	18.79	0.01	10	18790	买盘
09:38:53	18.78	--	10	18780	卖盘
09:38:47	18.78	--	10	18780	卖盘
09:38:44	18.78	0.01	20	37560	买盘
09:38:29	18.77	--	6	11262	卖盘
09:38:23	18.77	0.02	36	67572	买盘
09:38:17	18.75	-0.01	1	1875	卖盘
09:38:08	18.76	--	5	9380	买盘
09:37:58	18.76	-0.01	2	3752	买盘
09:37:47	18.77	--	6	12857	卖盘
09:37:43	18.77	--	10	18770	卖盘
09:37:32	18.77	0.05	25	47206	买盘
09:37:23	18.72	-0.04	50	93600	卖盘
09:37:17	18.76	--	1	1876	卖盘
09:37:13	18.76	--	20	37520	卖盘
09:37:08	18.76	0.01	57	106932	买盘
09:37:02	18.75	--	21	39375	买盘
09:36:58	18.75	--	23	43125	买盘
09:36:53	18.75	-0.01	74	138750	卖盘
09:36:38	18.76	-0.02	62	116312	卖盘
09:36:28	18.78	--	1	1878	买盘
09:36:23	18.78	--	27	50706	卖盘
09:36:17	18.78	-0.01	20	37560	卖盘
09:36:08	18.79	0.01	60	112740	买盘
09:35:53	18.78	0.03	15	28170	买盘
09:35:38	18.75	--	21	39375	卖盘
09:35:23	18.75	--	0	0	卖盘
09:35:17	18.75	-0.01	30	56250	卖盘
09:35:13	18.76	-0.02	100	187600	卖盘
09:35:08	18.78	-0.02	6	11268	中性盘
09:35:02	18.8	--	50	94000	买盘
09:34:58	18.8	--	11	20680	买盘
09:34:53	18.8	--	20	37600	买盘
09:34:47	18.8	-0.02	76	142880	卖盘
09:34:38	18.82	0.02	10	18820	买盘
09:34:32	18.8	-0.02	29	54520	买盘
09:34:17	18.82	--	12	22584	买盘
09:34:11	18.82	--	12	22584	卖盘
09:34:08	18.82	--	18	33876	买盘
09:34:02	18.82	--	0	0	买盘
09:33:53	18.82	--	0	0	买盘
09:33:47	18.82	0.04	66	124212	买盘
09:33:38	18.78	-0.04	42	78876	卖盘
09:33:17	18.82	--	0	0	买盘
09:33:08	18.82	--	2	3764	买盘
09:33:02	18.82	--	3	5646	买盘
09:32:56	18.82	--	5	9410	买盘
09:32:53	18.82	--	31	58342	买盘
09:32:47	18.82	--	0	0	买盘
09:32:41	18.82	--	6	11292	卖盘
09:32:32	18.82	--	7	13174	买盘
09:32:23	18.82	0.02	3	5646	买盘
09:32:17	18.8	--	0	0	买盘
09:32:02	18.8	--	22	41360	买盘
09:31:56	18.8	0.03	35	65800	买盘
09:31:52	18.77	0.02	141	264657	买盘
09:31:47	18.75	--	0	0	卖盘
09:31:41	18.75	--	58	108750	卖盘
09:31:37	18.75	--	9	16875	卖盘
09:31:32	18.75	--	12	22500	卖盘
09:31:17	18.75	-0.02	3	5625	卖盘
09:31:02	18.77	--	0	0	中性盘
09:30:56	18.77	--	1	1877	卖盘
09:30:41	18.77	--	0	0	卖盘
09:30:17	18.77	--	0	0	中性盘
09:30:11	18.77	--	16	30032	买盘
09:30:07	18.77	-0.03	33	61941	卖盘
09:30:02	18.8	0.03	39	73320	买盘
09:28:49	18.77	--	0	0	卖盘
09:25:02	18.77	18.77	23	43171	买盘
