成交时间	成交价	价格变动	成交量(手)	成交额(元)	性质
15:00:00	7.95	--	0	0	买盘
15:00:00	7.95	--	0	0	买盘
14:59:37	7.95	--	15	11925	买盘
14:59:33	7.95	--	223	177285	买盘
14:59:28	7.95	--	0	0	买盘
14:59:22	7.95	0.01	94	74730	买盘
14:59:18	7.94	--	36	28584	买盘
14:59:13	7.94	--	81	64711	卖盘
14:59:07	7.94	-0.01	1	794	卖盘
14:58:58	7.95	0.01	1	795	买盘
14:58:52	7.94	-0.01	30	23820	卖盘
14:58:47	7.95	--	27	21465	买盘
14:58:43	7.95	0.01	20	15900	买盘
14:58:37	7.94	--	20	15880	卖盘
14:58:33	7.94	--	10	7940	卖盘
14:58:22	7.94	-0.01	10	7940	卖盘
14:58:13	7.95	--	50	39750	买盘
14:58:07	7.95	0.01	10	7950	买盘
14:58:03	7.94	-0.01	150	119100	卖盘
14:57:58	7.95	0.01	99	78705	买盘
14:57:22	7.94	-0.01	100	79400	卖盘
14:57:18	7.95	0.01	7	5565	买盘
14:56:52	7.94	-0.01	12	9528	卖盘
14:56:48	7.95	--	75	59625	买盘
14:55:47	7.95	--	1	795	买盘
14:55:42	7.95	0.01	10	7950	买盘
14:55:16	7.94	-0.01	6	4764	卖盘
14:55:07	7.95	0.01	4	3180	买盘
14:55:01	7.94	-0.01	48	38112	卖盘
14:54:52	7.95	0.01	5	3975	买盘
14:54:37	7.94	-0.01	3	2382	卖盘
14:54:31	7.95	0.01	1	795	买盘
14:54:22	7.94	--	1	794	卖盘
14:54:16	7.94	--	35	27790	卖盘
14:54:01	7.94	--	98	77812	卖盘
14:53:57	7.94	--	31	24614	卖盘
14:53:31	7.94	--	10	7940	卖盘
14:53:16	7.94	--	50	39700	卖盘
14:53:12	7.94	--	2	1588	卖盘
14:53:01	7.94	--	1	794	卖盘
14:52:57	7.94	--	7	5558	卖盘
14:52:46	7.94	-0.01	17	13498	卖盘
14:52:42	7.95	0.01	23	18285	买盘
14:52:31	7.94	--	74	58756	卖盘
14:52:22	7.94	-0.01	5	3970	卖盘
14:52:01	7.95	--	15	11925	买盘
14:51:56	7.95	0.01	210	166950	买盘
14:51:42	7.94	-0.01	150	119100	卖盘
14:51:37	7.95	0.01	11	8745	买盘
14:51:22	7.94	--	35	27790	卖盘
14:51:01	7.94	--	3	2382	卖盘
14:50:57	7.94	--	300	238200	卖盘
14:50:46	7.94	--	55	43670	卖盘
14:50:41	7.94	-0.01	210	167137	卖盘
14:50:37	7.95	0.01	5	3975	买盘
14:50:01	7.94	-0.01	2	1588	卖盘
14:49:46	7.95	--	7	5565	买盘
14:49:42	7.95	0.01	20	15900	买盘
14:49:31	7.94	-0.01	39	30966	卖盘
14:49:27	7.95	--	436	346620	买盘
14:49:21	7.95	0.01	28	22260	买盘
14:49:16	7.94	0.01	102	80988	买盘
14:49:11	7.93	-0.01	2	1586	卖盘
14:49:06	7.94	--	20	15880	买盘
14:49:01	7.94	--	173	137362	买盘
14:48:56	7.94	-0.01	10	7940	中性盘
14:48:51	7.95	0.01	213	169335	买盘
14:48:46	7.94	--	89	70666	卖盘
14:48:31	7.94	--	1	794	卖盘
14:48:26	7.94	--	100	79400	卖盘
14:48:16	7.94	--	156	123864	买盘
14:48:10	7.94	--	15	11910	买盘
14:47:55	7.94	--	36	28584	买盘
14:47:51	7.94	--	93	73842	卖盘
14:47:46	7.94	--	42	33348	卖盘
14:47:40	7.94	--	21	16674	卖盘
14:47:25	7.94	--	100	79400	卖盘
14:47:16	7.94	--	23	18262	卖盘
14:47:10	7.94	--	280	222320	买盘
14:47:06	7.94	--	64	50816	买盘
14:46:06	7.94	--	6	4764	买盘
14:46:01	7.94	0.01	50	39700	卖盘
14:45:55	7.93	-0.01	47	37271	卖盘
14:45:51	7.94	--	59	46846	卖盘
14:45:40	7.94	--	200	158800	卖盘
14:45:16	7.94	--	1	794	卖盘
14:45:10	7.94	--	133	105602	卖盘
14:45:05	7.94	0.01	861	683634	买盘
14:44:50	7.93	-0.01	9	7137	卖盘
14:44:40	7.94	--	17	13498	买盘
14:44:16	7.94	--	1	794	买盘
14:44:10	7.94	--	30	23820	买盘
14:43:46	7.94	--	18	14292	卖盘
14:43:35	7.94	--	5	3970	卖盘
14:43:01	7.94	--	58	46052	卖盘
14:42:55	7.94	-0.01	437	346978	卖盘
14:42:40	7.95	--	10	7950	买盘
14:42:15	7.95	0.01	1	795	买盘
14:42:05	7.94	--	64	50816	卖盘
14:41:15	7.94	--	50	39700	卖盘
14:41:10	7.94	-0.01	7	5558	卖盘
14:40:30	7.95	0.01	24	19080	买盘
14:40:10	7.94	--	3	2382	卖盘
14:39:34	7.94	--	14	11116	买盘
14:38:55	7.94	--	6	4764	卖盘
14:38:45	7.94	-0.01	10	7940	卖盘
14:38:34	7.95	--	3	2385	买盘
14:37:04	7.95	0.02	10	7950	买盘
14:36:25	7.93	--	0	0	卖盘
14:35:49	7.93	-0.02	290	229970	卖盘
14:34:54	7.95	0.01	29	23055	买盘
14:34:19	7.94	--	45	35730	买盘
14:34:04	7.94	--	10	7940	买盘
14:33:34	7.94	0.01	80	63520	买盘
14:33:19	7.93	-0.01	70	55510	卖盘
14:33:04	7.94	0.01	10	7940	卖盘
14:32:24	7.93	--	0	0	卖盘
14:32:19	7.93	--	31	24583	卖盘
14:32:13	7.93	--	0	0	卖盘
14:32:04	7.93	--	3	2379	卖盘
14:31:54	7.93	--	31	24583	卖盘
14:31:43	7.93	--	31	24583	卖盘
14:31:34	7.93	-0.01	31	24583	卖盘
14:31:28	7.94	--	7	5558	卖盘
14:31:24	7.94	-0.01	10	7940	卖盘
14:31:13	7.95	0.01	1	795	买盘
14:30:43	7.94	--	31	24614	卖盘
14:30:28	7.94	--	30	23820	卖盘
14:29:49	7.94	-0.01	100	79400	卖盘
14:29:43	7.95	--	5	3975	买盘
14:29:13	7.95	--	5	3975	买盘
14:29:08	7.95	--	8	6360	卖盘
14:29:04	7.95	0.01	95	75525	买盘
14:28:58	7.94	-0.01	10	7940	卖盘
14:28:53	7.95	0.01	6	4770	买盘
14:27:48	7.94	--	31	24614	买盘
14:27:23	7.94	--	3	2382	卖盘
14:26:53	7.94	0.01	2	1588	买盘
14:26:48	7.93	-0.01	50	39650	卖盘
14:26:43	7.94	--	13	10322	买盘
14:26:37	7.94	--	20	15880	买盘
14:24:37	7.94	0.01	4	3176	买盘
14:24:22	7.93	--	0	0	卖盘
14:24:02	7.93	--	10	7930	卖盘
14:23:47	7.93	--	50	39650	卖盘
14:23:37	7.93	--	13	10309	卖盘
14:23:32	7.93	--	20	15860	买盘
14:23:28	7.93	--	30	23790	卖盘
14:23:02	7.93	--	83	65819	卖盘
14:22:28	7.93	--	57	45201	卖盘
14:22:22	7.93	--	58	45994	卖盘
14:22:17	7.93	--	16	12688	卖盘
14:22:07	7.93	--	120	95160	卖盘
14:22:02	7.93	--	60	47580	卖盘
14:21:52	7.93	--	0	0	卖盘
14:21:47	7.93	-0.02	150	118950	卖盘
14:20:37	7.95	0.01	8	6360	买盘
14:20:27	7.94	-0.01	123	97662	卖盘
14:20:22	7.95	-0.01	3	2385	卖盘
14:20:12	7.96	0.01	1	796	买盘
14:19:52	7.95	--	0	0	中性盘
14:19:22	7.95	--	0	0	买盘
14:19:16	7.95	0.01	10	7950	买盘
14:19:01	7.94	--	5	3970	卖盘
14:18:12	7.94	--	42	33348	卖盘
14:18:07	7.94	0.01	72	57168	买盘
14:18:01	7.93	--	3	2379	卖盘
14:17:57	7.93	--	1	793	卖盘
14:17:52	7.93	--	50	39650	卖盘
14:17:46	7.93	--	107	84851	卖盘
14:17:37	7.93	--	49	38857	卖盘
14:17:31	7.93	-0.01	200	158600	卖盘
14:17:01	7.94	--	89	70666	卖盘
14:16:56	7.94	-0.01	22	17468	卖盘
14:16:31	7.95	0.01	2	1590	买盘
14:16:26	7.94	-0.01	27	21438	卖盘
14:15:52	7.95	--	19	15105	卖盘
14:14:56	7.95	-0.01	19	15105	买盘
14:14:52	7.96	--	0	0	买盘
14:14:31	7.96	--	407	323972	买盘
14:14:01	7.96	--	1	796	卖盘
14:13:31	7.96	--	20	15920	买盘
14:13:26	7.96	0.01	5	3980	买盘
14:12:46	7.95	-0.01	16	12720	卖盘
14:12:31	7.96	--	100	79600	买盘
14:12:25	7.96	--	8	6368	卖盘
14:11:25	7.96	-0.01	2	1592	卖盘
14:11:16	7.97	--	5	3985	买盘
14:10:46	7.97	0.01	39	31083	买盘
14:10:06	7.96	--	30	23880	卖盘
14:09:55	7.96	--	90	71640	卖盘
14:09:40	7.96	-0.01	71	56516	卖盘
14:09:20	7.97	--	77	61369	卖盘
14:08:50	7.97	--	1	797	卖盘
14:08:20	7.97	--	19	15143	买盘
14:07:10	7.97	--	71	56587	卖盘
14:06:10	7.97	--	15	11955	卖盘
14:05:30	7.97	0.01	67	53399	买盘
14:05:25	7.96	-0.01	50	39800	卖盘
14:05:19	7.97	0.01	65	51805	买盘
14:04:40	7.96	--	80	63680	卖盘
14:04:30	7.96	-0.01	40	31840	卖盘
14:03:49	7.97	--	3	2391	卖盘
14:03:45	7.97	--	10	7970	卖盘
14:03:34	7.97	-0.01	8	6376	卖盘
14:03:14	7.98	--	30	23940	买盘
14:03:10	7.98	--	11	8778	买盘
14:03:04	7.98	--	37	29526	买盘
14:02:29	7.98	--	0	0	买盘
14:02:14	7.98	0.02	30	23940	买盘
14:02:04	7.96	--	2	1592	卖盘
14:01:49	7.96	--	11	8756	卖盘
14:01:39	7.96	--	3	2388	卖盘
14:01:34	7.96	--	2	1592	卖盘
14:01:19	7.96	--	0	0	卖盘
14:01:14	7.96	-0.02	109	86764	卖盘
14:01:09	7.98	0.02	128	102144	买盘
14:00:29	7.96	-0.02	10	7960	卖盘
14:00:09	7.98	0.01	30	23940	买盘
14:00:04	7.97	--	29	23113	卖盘
13:59:29	7.97	--	0	0	中性盘
13:59:14	7.97	--	8	6376	卖盘
13:59:09	7.97	--	30	23910	买盘
13:58:44	7.97	--	30	23910	买盘
13:58:34	7.97	--	50	39850	卖盘
13:58:24	7.97	--	0	0	中性盘
13:58:09	7.97	-0.01	4	3188	卖盘
13:57:58	7.98	0.01	200	159600	买盘
13:57:03	7.97	--	2	1594	卖盘
13:56:54	7.97	--	78	62166	买盘
13:56:48	7.97	--	40	31880	买盘
13:56:24	7.97	0.01	6	4782	买盘
13:55:13	7.96	--	11	8756	卖盘
13:54:13	7.96	--	8	6368	卖盘
13:53:08	7.96	--	15	11940	卖盘
13:53:03	7.96	--	64	50944	买盘
13:52:23	7.96	--	5	3980	买盘
13:52:08	7.96	--	49	39004	买盘
13:52:03	7.96	--	23	18308	买盘
13:51:58	7.96	--	9	7164	卖盘
13:51:48	7.96	-0.01	100	79600	卖盘
13:51:22	7.97	--	3	2391	买盘
13:50:52	7.97	--	5	3985	买盘
13:50:33	7.97	-0.01	171	136287	卖盘
13:50:22	7.98	--	46	36708	买盘
13:49:57	7.98	0.01	29	23142	买盘
13:49:37	7.97	-0.01	100	79700	卖盘
13:49:22	7.98	--	27	21546	卖盘
13:49:07	7.98	--	100	79800	卖盘
13:48:57	7.98	--	223	177954	买盘
13:48:32	7.98	0.01	21	16758	买盘
13:48:22	7.97	-0.01	30	23910	卖盘
13:48:12	7.98	0.01	50	39900	买盘
13:47:32	7.97	--	25	19925	买盘
13:47:07	7.97	--	41	32677	卖盘
13:46:42	7.97	--	19	15143	买盘
13:46:07	7.97	0.01	2	1594	买盘
13:46:02	7.96	-0.01	1	796	卖盘
13:45:57	7.97	0.01	400	318800	买盘
13:45:37	7.96	--	1	796	买盘
13:45:27	7.96	-0.01	19	15124	卖盘
13:45:22	7.97	0.01	7	5579	买盘
13:45:17	7.96	--	5	3980	卖盘
13:44:57	7.96	--	66	52536	卖盘
13:44:47	7.96	0.01	120	95520	买盘
13:44:37	7.95	--	61	48495	卖盘
13:44:22	7.95	--	6	4770	买盘
13:44:16	7.95	--	123	97785	买盘
13:44:07	7.95	-0.01	429	341055	卖盘
13:44:01	7.96	--	5	3980	卖盘
13:43:46	7.96	-0.01	78	62088	卖盘
13:43:42	7.97	--	69	54993	买盘
13:43:22	7.97	--	12	9564	卖盘
13:43:12	7.97	-0.01	7	5579	卖盘
13:42:46	7.98	0.01	10	7980	买盘
13:42:31	7.97	-0.01	100	79700	卖盘
13:42:21	7.98	--	4	3192	卖盘
13:42:06	7.98	--	103	82194	卖盘
13:41:56	7.98	--	93	74214	买盘
13:41:46	7.98	--	20	15960	买盘
13:41:26	7.98	-0.01	91	72618	卖盘
13:41:16	7.99	0.01	34	27166	买盘
13:40:46	7.98	-0.01	5	3990	卖盘
13:40:41	7.99	0.01	195	155805	买盘
13:40:21	7.98	--	125	99750	买盘
13:39:56	7.98	--	6	4788	买盘
13:39:31	7.98	-0.01	70	55860	卖盘
13:39:11	7.99	--	0	0	买盘
13:38:51	7.99	--	58	46342	买盘
13:38:26	7.99	0.01	50	39950	买盘
13:38:16	7.98	--	80	63840	卖盘
13:38:11	7.98	--	11	8778	卖盘
13:37:51	7.98	-0.01	50	39900	卖盘
13:37:46	7.99	0.01	70	55930	买盘
13:37:41	7.98	-0.01	50	39900	卖盘
13:37:26	7.99	0.01	6	4794	买盘
13:37:16	7.98	-0.01	9	7182	卖盘
13:37:06	7.99	0.01	10	7990	买盘
13:36:46	7.98	0.01	80	63840	买盘
13:36:10	7.97	--	50	39850	卖盘
13:36:06	7.97	--	7	5579	卖盘
13:36:01	7.97	--	13	10361	买盘
13:35:45	7.97	--	7	5579	卖盘
13:35:30	7.97	--	341	271777	卖盘
13:35:25	7.97	--	7	5579	卖盘
13:35:21	7.97	0.01	245	195265	买盘
13:35:06	7.96	--	5	3980	买盘
13:34:50	7.96	--	11	8756	买盘
13:34:40	7.96	-0.01	64	50944	卖盘
13:34:35	7.97	0.01	40	31880	买盘
13:34:10	7.96	--	5	3980	卖盘
13:34:05	7.96	--	29	23084	卖盘
13:33:55	7.96	-0.01	100	79600	卖盘
13:33:40	7.97	--	320	255040	卖盘
13:33:30	7.97	--	100	79700	卖盘
13:33:20	7.97	-0.01	50	39850	卖盘
13:33:10	7.98	--	1	798	买盘
13:33:05	7.98	--	5	3990	买盘
13:32:55	7.98	--	47	37506	卖盘
13:32:35	7.98	-0.01	284	226632	卖盘
13:32:25	7.99	0.01	30	23970	买盘
13:32:15	7.98	-0.01	109	86982	卖盘
13:31:25	7.99	--	20	15980	买盘
13:30:50	7.99	--	30	23970	买盘
13:30:40	7.99	--	33	27054	卖盘
13:30:30	7.99	--	6	4794	卖盘
13:30:20	7.99	--	50	39950	卖盘
13:30:15	7.99	0.01	169	135142	买盘
13:29:49	7.98	-0.01	30	23940	卖盘
13:28:04	7.99	--	162	129438	买盘
13:27:49	7.99	0.01	39	31161	买盘
13:27:24	7.98	--	20	15960	卖盘
13:27:14	7.98	--	8	6384	卖盘
13:26:34	7.98	--	4	3192	卖盘
13:26:14	7.98	-0.01	111	88578	卖盘
13:25:39	7.99	--	2	1598	买盘
13:24:59	7.99	--	20	15980	卖盘
13:24:29	7.99	--	5	3995	卖盘
13:24:19	7.99	-0.01	43	34357	卖盘
13:23:59	8.0	--	0	0	买盘
13:23:34	8.0	0.01	50	40000	买盘
13:23:29	7.99	--	164	131036	卖盘
13:23:14	7.99	-0.01	30	23970	卖盘
13:23:09	8.0	0.01	29	23200	买盘
13:23:04	7.99	--	3	2397	卖盘
13:22:28	7.99	-0.01	32	25568	卖盘
13:22:13	8.0	--	12	9600	卖盘
13:22:04	8.0	--	4	3200	卖盘
13:21:58	8.0	--	14	11200	卖盘
13:21:54	8.0	--	70	56000	卖盘
13:21:43	8.0	--	55	44000	卖盘
13:21:28	8.0	--	74	59200	买盘
13:21:24	8.0	--	26	20800	卖盘
13:21:19	8.0	-0.01	25	20000	卖盘
13:20:58	8.01	0.01	50	40050	买盘
13:20:33	8.0	-0.01	15	12000	卖盘
13:20:28	8.01	--	0	0	买盘
13:20:23	8.01	--	6	4806	买盘
13:19:53	8.01	0.01	20	16020	买盘
13:19:48	8.0	-0.01	31	24800	卖盘
13:19:28	8.01	0.01	25	20025	买盘
13:19:03	8.0	-0.01	5	4000	卖盘
13:18:53	8.01	--	0	0	买盘
13:18:43	8.01	--	15	12015	买盘
13:18:38	8.01	--	108	86508	买盘
13:18:28	8.01	0.01	86	68886	买盘
13:18:23	8.0	-0.01	166	132800	卖盘
13:18:18	8.01	0.01	16	12816	买盘
13:18:08	8.0	--	307	245600	卖盘
13:18:03	8.0	--	2	1600	卖盘
13:17:53	8.0	-0.01	60	48000	卖盘
13:17:48	8.01	--	0	0	中性盘
13:17:43	8.01	-0.01	100	80100	买盘
13:17:38	8.02	--	30	24060	买盘
13:17:23	8.02	0.02	99	79398	买盘
13:17:13	8.0	-0.02	15	12000	卖盘
13:17:08	8.02	--	0	0	买盘
13:16:53	8.02	0.02	244	195688	买盘
13:16:48	8.0	-0.01	31	24800	卖盘
13:16:43	8.01	0.01	100	80100	买盘
13:16:33	8.0	--	5	4000	卖盘
13:16:28	8.0	0.02	64	51200	买盘
13:16:18	7.98	--	0	0	卖盘
13:16:08	7.98	-0.02	3	2394	卖盘
13:16:03	8.0	0.02	419	335200	买盘
13:15:37	7.98	-0.01	60	47880	卖盘
13:15:28	7.99	--	3	2397	买盘
13:15:18	7.99	--	10	7990	买盘
13:15:13	7.99	--	36	28764	卖盘
13:14:52	7.99	-0.01	135	107865	卖盘
13:14:33	8.0	0.01	31	24800	买盘
13:14:27	7.99	-0.01	40	31960	卖盘
13:14:17	8.0	--	100	80000	买盘
13:13:52	8.0	0.01	66	52800	买盘
13:13:47	7.99	-0.01	39	31161	卖盘
13:13:37	8.0	0.01	50	40000	买盘
13:13:32	7.99	-0.01	100	79900	卖盘
13:13:22	8.0	--	5	4000	买盘
13:13:07	8.0	--	5	4000	买盘
13:13:02	8.0	--	2	1600	买盘
13:12:07	8.0	0.01	100	80000	买盘
13:11:57	7.99	--	100	79900	卖盘
13:11:17	7.99	--	11	8789	买盘
13:11:12	7.99	--	31	24769	买盘
13:11:07	7.99	--	12	9588	买盘
13:10:37	7.99	0.01	16	12784	买盘
13:10:17	7.98	-0.01	16	12768	卖盘
13:09:57	7.99	--	3	2397	买盘
13:09:52	7.99	--	5	3995	买盘
13:09:22	7.99	--	30	23970	买盘
13:09:16	7.99	--	41	32759	卖盘
13:09:02	7.99	--	11	8789	买盘
13:08:57	7.99	--	70	55930	买盘
13:08:52	7.99	--	81	64719	卖盘
13:08:46	7.99	--	17	13583	卖盘
13:08:42	7.99	-0.01	10	7990	卖盘
13:08:37	8.0	0.01	22	17600	买盘
13:08:31	7.99	--	70	55930	买盘
13:08:27	7.99	--	97	77503	买盘
13:08:22	7.99	--	30	23970	买盘
13:08:16	7.99	-0.01	4	3196	卖盘
13:08:12	8.0	0.01	57	45600	买盘
13:08:07	7.99	-0.01	220	175780	卖盘
13:08:01	8.0	--	20	16000	买盘
13:07:56	8.0	--	78	62400	买盘
13:07:37	8.0	--	60	48000	买盘
13:07:31	8.0	--	160	128000	买盘
13:07:26	8.0	--	10	8000	买盘
13:07:21	8.0	--	55	44000	买盘
13:07:06	8.0	--	500	400000	买盘
13:07:01	8.0	--	11	8800	买盘
13:06:56	8.0	0.01	500	400000	买盘
13:06:31	7.99	--	8	6392	卖盘
13:06:26	7.99	-0.01	20	15980	卖盘
13:06:11	8.0	0.01	100	80000	买盘
13:06:06	7.99	--	5	3995	卖盘
13:05:56	7.99	--	69	55131	买盘
13:05:31	7.99	0.01	28	22372	买盘
13:05:16	7.98	--	226	180348	卖盘
13:05:01	7.98	--	5	3990	卖盘
13:03:56	7.98	-0.01	24	19152	卖盘
13:03:31	7.99	0.01	60	47940	买盘
13:03:21	7.98	-0.01	32	25536	卖盘
13:02:26	7.99	--	30	23970	卖盘
13:02:21	7.99	--	10	7990	卖盘
13:02:16	7.99	--	50	39950	卖盘
13:02:10	7.99	--	10	7990	卖盘
13:02:06	7.99	--	20	15980	卖盘
13:02:01	7.99	--	10	7990	卖盘
13:01:56	7.99	-0.01	32	25568	卖盘
13:01:46	8.0	0.01	145	116000	买盘
13:01:41	7.99	--	80	63920	卖盘
13:01:31	7.99	--	66	52734	卖盘
13:01:25	7.99	--	49	39151	买盘
13:01:16	7.99	--	126	100674	买盘
13:01:10	7.99	--	30	23970	买盘
13:01:06	7.99	--	330	263670	买盘
13:01:01	7.99	0.01	20	15980	买盘
13:00:51	7.98	-0.01	39	31122	卖盘
13:00:46	7.99	--	12	9588	买盘
13:00:31	7.99	0.01	10	7990	买盘
13:00:10	7.98	0.02	2716	2167368	买盘
13:00:06	7.96	--	28	22288	买盘
11:30:00	7.96	--	0	0	买盘
11:29:59	7.96	--	0	0	买盘
11:29:36	7.96	--	3	2388	买盘
11:29:16	7.96	--	10	7960	买盘
11:28:51	7.96	--	2	1592	买盘
11:28:16	7.96	--	20	15920	买盘
11:28:12	7.96	--	50	39800	买盘
11:27:46	7.96	--	10	7960	买盘
11:27:36	7.96	--	65	51740	买盘
11:27:31	7.96	--	2	1592	买盘
11:26:51	7.96	--	20	15920	买盘
11:26:31	7.96	--	30	23880	买盘
11:26:21	7.96	--	50	39800	买盘
11:26:01	7.96	--	24	19104	买盘
11:25:41	7.96	0.01	5	3980	买盘
11:25:21	7.95	-0.01	59	46905	卖盘
11:25:01	7.96	0.01	110	87560	买盘
11:24:00	7.95	--	3	2385	卖盘
11:23:00	7.95	0.01	139	110505	买盘
11:22:10	7.94	--	741	588354	买盘
11:21:45	7.94	--	10	7940	买盘
11:21:05	7.94	--	100	79400	买盘
11:21:00	7.94	-0.01	673	534362	卖盘
11:20:45	7.95	0.01	100	79500	买盘
11:20:30	7.94	--	10	7940	卖盘
11:19:30	7.94	--	200	158800	卖盘
11:18:55	7.94	--	80	63520	买盘
11:18:30	7.94	--	50	39700	卖盘
11:18:15	7.94	--	90	71460	买盘
11:17:50	7.94	0.01	15	11910	买盘
11:17:39	7.93	-0.01	21	16653	卖盘
11:17:30	7.94	--	2	1588	买盘
11:17:24	7.94	-0.01	37	29378	卖盘
11:16:34	7.95	--	3	2385	买盘
11:16:09	7.95	--	30	23850	买盘
11:16:00	7.95	--	4	3180	买盘
11:15:19	7.95	--	35	27825	买盘
11:15:09	7.95	--	3	2385	买盘
11:15:00	7.95	--	20	15900	买盘
11:14:49	7.95	--	20	15900	买盘
11:13:29	7.95	--	5	3975	买盘
11:13:15	7.95	--	20	15900	买盘
11:12:49	7.95	0.01	11	8745	买盘
11:11:24	7.94	--	17	13498	卖盘
11:10:39	7.94	--	30	23820	卖盘
11:09:33	7.94	--	8	6352	卖盘
11:09:28	7.94	-0.01	8	6352	卖盘
11:09:13	7.95	0.01	1	795	买盘
11:09:03	7.94	--	10	7940	买盘
11:08:48	7.94	--	10	7940	买盘
11:08:43	7.94	--	23	18262	买盘
11:08:03	7.94	--	13	10322	买盘
11:07:43	7.94	--	2	1588	买盘
11:07:28	7.94	0.01	17	13498	买盘
11:07:18	7.93	-0.01	25	19825	卖盘
11:07:13	7.94	--	7	5558	买盘
11:06:33	7.94	--	79	62726	卖盘
11:06:13	7.94	--	32	25408	买盘
11:06:08	7.94	--	7	5558	买盘
11:05:33	7.94	--	10	7940	买盘
11:05:13	7.94	0.01	67	53198	买盘
11:05:03	7.93	--	30	23790	卖盘
11:04:33	7.93	-0.01	1	793	卖盘
11:03:33	7.94	0.01	69	54786	买盘
11:03:27	7.93	-0.01	32	25376	卖盘
11:03:08	7.94	--	3	2382	买盘
11:02:48	7.94	0.01	100	79400	买盘
11:02:27	7.93	--	20	15860	卖盘
11:02:22	7.93	--	55	43615	卖盘
11:01:48	7.93	--	9	7137	卖盘
11:01:42	7.93	--	35	27755	卖盘
11:01:27	7.93	--	9	7137	卖盘
11:01:18	7.93	--	10	7930	卖盘
11:00:48	7.93	--	57	45201	卖盘
10:58:52	7.93	-0.01	20	15860	卖盘
10:58:27	7.94	0.01	3	2382	买盘
10:57:57	7.93	--	7	5551	买盘
10:57:27	7.93	--	10	7930	买盘
10:57:12	7.93	--	62	49166	买盘
10:57:06	7.93	0.01	13	10309	买盘
10:56:57	7.92	-0.01	1	792	卖盘
10:56:46	7.93	--	10	7930	买盘
10:56:31	7.93	--	4	3172	卖盘
10:56:27	7.93	--	1	793	买盘
10:56:21	7.93	--	105	83265	卖盘
10:55:21	7.93	-0.01	19	15067	卖盘
10:55:06	7.94	-0.01	39	30966	卖盘
10:54:16	7.95	0.01	1	795	买盘
10:53:36	7.94	--	68	53992	卖盘
10:51:51	7.94	-0.01	20	15880	卖盘
10:51:26	7.95	0.01	4	3180	买盘
10:50:56	7.94	--	165	131010	卖盘
10:50:30	7.94	--	4	3176	卖盘
10:50:00	7.94	-0.01	2	1588	卖盘
10:49:30	7.95	0.01	7	5565	买盘
10:49:21	7.94	--	11	8734	卖盘
10:49:10	7.94	--	17	13498	卖盘
10:48:40	7.94	--	8	6352	卖盘
10:48:30	7.94	--	0	0	中性盘
10:48:15	7.94	--	0	0	买盘
10:47:15	7.94	0.01	200	158800	买盘
10:46:55	7.93	--	7	5551	买盘
10:46:35	7.93	--	3	2379	买盘
10:46:25	7.93	-0.01	40	31720	卖盘
10:45:40	7.94	0.01	5	3970	买盘
10:44:55	7.93	--	60	47580	买盘
10:44:09	7.93	0.01	15	11895	买盘
10:43:54	7.92	-0.01	10	7920	卖盘
10:43:39	7.93	--	10	7930	买盘
10:43:24	7.93	0.01	12	9516	买盘
10:43:15	7.92	--	117	92664	卖盘
10:42:49	7.92	--	10	7920	卖盘
10:42:39	7.92	-0.01	163	129096	卖盘
10:42:34	7.93	--	23	18239	买盘
10:42:24	7.93	--	3	2379	买盘
10:42:19	7.93	0.01	5	3965	买盘
10:42:15	7.92	-0.01	65	51480	卖盘
10:42:09	7.93	--	100	79300	买盘
10:42:04	7.93	0.01	10	7930	买盘
10:41:49	7.92	-0.01	10	7920	卖盘
10:41:19	7.93	0.01	6	4758	买盘
10:40:39	7.92	--	0	0	卖盘
10:40:30	7.92	-0.01	20	15840	卖盘
10:40:09	7.93	--	58	45994	买盘
10:40:04	7.93	--	0	0	买盘
10:39:59	7.93	0.02	19	15067	买盘
10:39:54	7.91	-0.02	600	474600	卖盘
10:39:49	7.93	--	20	15860	买盘
10:39:14	7.93	--	5	3965	买盘
10:39:09	7.93	--	90	71370	买盘
10:38:44	7.93	--	88	69784	卖盘
10:37:54	7.93	--	8	6344	卖盘
10:37:44	7.93	--	2	1586	卖盘
10:36:54	7.93	--	20	15860	卖盘
10:36:33	7.93	--	40	31720	卖盘
10:36:24	7.93	-0.01	58	45994	卖盘
10:35:58	7.94	--	32	25408	买盘
10:35:18	7.94	0.01	20	15880	买盘
10:35:13	7.93	--	15	11895	卖盘
10:34:03	7.93	--	25	19825	卖盘
10:33:48	7.93	--	137	108641	卖盘
10:32:38	7.93	-0.01	60	47580	卖盘
10:31:58	7.94	0.01	1	794	买盘
10:31:48	7.93	-0.01	6	4758	卖盘
10:31:43	7.94	0.01	14	11116	买盘
10:31:18	7.93	-0.01	457	362401	卖盘
10:30:57	7.94	--	14	11116	卖盘
10:30:33	7.94	--	15	11910	卖盘
10:30:07	7.94	--	126	100044	卖盘
10:29:57	7.94	--	49	38906	卖盘
10:29:12	7.94	-0.01	17	13498	卖盘
10:28:27	7.95	--	2	1590	卖盘
10:28:03	7.95	--	63	50085	卖盘
10:27:52	7.95	-0.01	5	3975	卖盘
10:27:42	7.96	0.01	15	11940	买盘
10:27:33	7.95	--	3	2385	卖盘
10:27:27	7.95	0.01	37	29415	买盘
10:27:22	7.94	-0.01	50	39700	卖盘
10:26:57	7.95	--	6	4770	买盘
10:26:47	7.95	--	11	8745	买盘
10:25:22	7.95	0.01	30	23850	买盘
10:25:12	7.94	-0.01	500	397000	卖盘
10:24:57	7.95	-0.01	20	15900	卖盘
10:23:36	7.96	--	16	12736	买盘
10:23:31	7.96	--	5	3980	买盘
10:23:27	7.96	--	43	34228	买盘
10:23:12	7.96	--	6	4776	卖盘
10:23:01	7.96	--	113	89948	卖盘
10:22:51	7.96	-0.01	100	79600	卖盘
10:22:42	7.97	0.01	6	4782	买盘
10:22:01	7.96	0.03	918	730728	买盘
10:21:31	7.93	--	24	19032	卖盘
10:21:06	7.93	--	98	77714	买盘
10:20:56	7.93	--	2	1586	卖盘
10:20:51	7.93	--	28	22204	买盘
10:20:36	7.93	--	50	39650	买盘
10:20:06	7.93	--	205	162565	卖盘
10:19:46	7.93	-0.01	1	793	卖盘
10:19:31	7.94	--	4	3176	卖盘
10:19:21	7.94	--	10	7940	卖盘
10:18:26	7.94	0.01	96	76224	买盘
10:18:16	7.93	--	10	7930	卖盘
10:18:06	7.93	--	2	1586	卖盘
10:17:51	7.93	--	22	17446	卖盘
10:17:36	7.93	--	30	23790	卖盘
10:17:21	7.93	--	5	3965	卖盘
10:17:15	7.93	--	2	1586	卖盘
10:17:11	7.93	--	31	24583	卖盘
10:17:00	7.93	--	67	53131	买盘
10:16:55	7.93	--	83	65819	卖盘
10:16:45	7.93	--	77	61061	卖盘
10:16:40	7.93	--	150	118950	卖盘
10:16:21	7.93	--	50	39650	卖盘
10:15:55	7.93	--	30	23790	卖盘
10:15:45	7.93	-0.01	150	118950	卖盘
10:14:45	7.94	--	5	3970	买盘
10:14:05	7.94	--	2	1588	买盘
10:13:50	7.94	--	4	3176	买盘
10:13:30	7.94	--	40	31760	买盘
10:12:50	7.94	--	66	52404	卖盘
10:12:25	7.94	--	16	12704	卖盘
10:12:15	7.94	--	2	1588	卖盘
10:12:10	7.94	--	3	2382	卖盘
10:11:30	7.94	--	125	99250	买盘
10:11:25	7.94	--	63	50022	卖盘
10:11:15	7.94	--	100	79400	卖盘
10:11:00	7.94	--	9	7146	卖盘
10:10:54	7.94	--	170	134980	卖盘
10:10:35	7.94	--	25	19850	卖盘
10:10:30	7.94	--	7	5558	卖盘
10:10:00	7.94	--	10	7940	卖盘
10:09:19	7.94	--	11	8734	买盘
10:08:04	7.94	--	27	21438	卖盘
10:07:59	7.94	--	3	2382	卖盘
10:07:34	7.94	--	10	7940	卖盘
10:07:29	7.94	-0.01	204	161976	卖盘
10:07:04	7.95	0.03	3	2385	买盘
10:06:59	7.92	--	0	0	卖盘
10:06:54	7.92	-0.02	330	261360	卖盘
10:06:24	7.94	--	8	6352	买盘
10:05:39	7.94	--	10	7940	买盘
10:05:34	7.94	0.01	3	2382	卖盘
10:05:09	7.93	--	0	0	卖盘
10:04:54	7.93	0.01	4	3172	卖盘
10:04:24	7.92	-0.01	140	110880	卖盘
10:03:33	7.93	--	2	1586	买盘
10:03:28	7.93	--	37	29341	买盘
10:03:13	7.93	--	461	365573	卖盘
10:03:03	7.93	--	0	0	卖盘
10:02:48	7.93	--	105	83265	卖盘
10:02:28	7.93	--	35	27755	卖盘
10:02:03	7.93	-0.02	330	261690	卖盘
10:01:58	7.95	--	2	1590	买盘
10:01:33	7.95	0.01	2	1590	买盘
10:01:23	7.94	--	94	74636	卖盘
10:01:18	7.94	--	11	8734	卖盘
10:01:03	7.94	--	33	26202	卖盘
10:00:53	7.94	--	38	30172	卖盘
10:00:48	7.94	-0.01	19	15086	卖盘
10:00:43	7.95	0.01	50	39750	买盘
10:00:38	7.94	--	5	3970	卖盘
10:00:08	7.94	--	30	23820	卖盘
09:59:58	7.94	--	49	38906	卖盘
09:59:38	7.94	-0.01	10	7940	卖盘
09:59:13	7.95	--	10	7950	买盘
09:58:33	7.95	--	200	159000	买盘
09:58:23	7.95	--	244	193980	买盘
09:57:52	7.95	--	280	222600	卖盘
09:57:42	7.95	--	0	0	卖盘
09:57:37	7.95	--	2	1590	卖盘
09:57:12	7.95	-0.01	46	36570	卖盘
09:57:03	7.96	--	1	796	买盘
09:56:37	7.96	--	9	7164	卖盘
09:56:22	7.96	--	11	8756	买盘
09:56:02	7.96	--	67	53332	卖盘
09:55:57	7.96	-0.01	1	796	卖盘
09:55:52	7.97	0.01	10	7970	买盘
09:55:07	7.96	--	3	2388	卖盘
09:54:52	7.96	--	80	63680	卖盘
09:53:12	7.96	--	5	3980	卖盘
09:52:57	7.96	0.01	87	69252	买盘
09:52:37	7.95	--	1	795	卖盘
09:52:22	7.95	--	8	6360	卖盘
09:52:06	7.95	-0.01	1	795	卖盘
09:51:57	7.96	--	6	4776	买盘
09:51:46	7.96	--	110	87560	买盘
09:51:36	7.96	--	2	1592	买盘
09:51:21	7.96	--	56	44576	卖盘
09:51:16	7.96	-0.01	50	39800	卖盘
09:50:51	7.97	--	2	1594	买盘
09:50:21	7.97	0.01	1	797	买盘
09:50:11	7.96	--	65	51740	卖盘
09:50:01	7.96	--	27	21492	卖盘
09:49:36	7.96	--	105	83580	买盘
09:49:31	7.96	--	10	7960	买盘
09:49:21	7.96	--	9	7164	买盘
09:49:16	7.96	--	11	8756	买盘
09:49:06	7.96	--	7	5572	买盘
09:48:51	7.96	--	33	26268	买盘
09:48:46	7.96	0.01	4	3184	买盘
09:48:31	7.95	-0.01	32	25440	卖盘
09:48:26	7.96	--	47	37412	买盘
09:48:16	7.96	--	10	7960	买盘
09:48:11	7.96	--	30	23880	买盘
09:48:01	7.96	0.01	3	2388	买盘
09:47:51	7.95	-0.01	10	7950	卖盘
09:47:46	7.96	0.01	20	15920	买盘
09:47:41	7.95	0.01	30	23850	卖盘
09:46:56	7.94	--	0	0	卖盘
09:46:46	7.94	-0.01	110	87340	卖盘
09:46:31	7.95	--	37	29415	卖盘
09:46:21	7.95	--	4	3180	买盘
09:46:15	7.95	--	16	12720	买盘
09:45:56	7.95	--	100	79500	买盘
09:45:51	7.95	0.02	39	31005	卖盘
09:45:30	7.93	--	135	107055	卖盘
09:45:15	7.93	--	0	0	卖盘
09:45:10	7.93	--	10	7930	卖盘
09:45:00	7.93	--	1	793	卖盘
09:44:55	7.93	--	438	347334	买盘
09:44:50	7.93	--	5	3965	买盘
09:44:45	7.93	--	40	31720	买盘
09:44:40	7.93	--	50	39650	买盘
09:44:36	7.93	--	28	22204	买盘
09:44:30	7.93	--	20	15860	买盘
09:44:25	7.93	-0.03	419	332267	卖盘
09:44:20	7.96	0.01	61	48556	买盘
09:44:06	7.95	--	20	15900	买盘
09:43:55	7.95	--	9	7155	买盘
09:43:45	7.95	--	0	0	中性盘
09:43:35	7.95	-0.01	10	7950	中性盘
09:43:25	7.96	--	30	23880	买盘
09:43:15	7.96	--	0	0	买盘
09:43:05	7.96	--	10	7960	买盘
09:43:00	7.96	0.01	2038	1622248	买盘
09:42:45	7.95	-0.01	5	3975	卖盘
09:42:40	7.96	0.04	2	1592	买盘
09:42:30	7.92	--	0	0	卖盘
09:42:15	7.92	--	0	0	卖盘
09:42:05	7.92	-0.04	30	23760	卖盘
09:42:00	7.96	--	0	0	买盘
09:41:55	7.96	--	0	0	中性盘
09:41:50	7.96	--	0	0	买盘
09:41:45	7.96	--	0	0	买盘
09:41:40	7.96	0.05	10	7960	中性盘
09:41:35	7.91	-0.06	1000	791000	卖盘
09:41:30	7.97	--	2	1594	买盘
09:41:00	7.97	-0.01	2	1594	卖盘
09:40:30	7.98	--	0	0	中性盘
09:40:15	7.98	--	7	5586	卖盘
09:40:00	7.98	0.03	22	17556	卖盘
09:39:49	7.95	--	0	0	卖盘
09:39:45	7.95	--	0	0	卖盘
09:39:34	7.95	-0.04	503	399885	卖盘
09:39:29	7.99	-0.01	5	4786	卖盘
09:39:19	8.0	--	39	31200	买盘
09:39:09	8.0	0.01	125	100000	买盘
09:39:04	7.99	-0.01	6	4794	卖盘
09:38:54	8.0	0.01	74	59200	买盘
09:38:49	7.99	--	100	79900	卖盘
09:38:39	7.99	--	15	11985	卖盘
09:38:24	7.99	-0.01	10	7990	卖盘
09:38:19	8.0	--	39	31200	买盘
09:38:14	8.0	0.01	40	32000	买盘
09:37:49	7.99	--	32	25568	买盘
09:37:24	7.99	--	10	7990	卖盘
09:37:19	7.99	--	50	39950	卖盘
09:37:09	7.99	--	6	4794	卖盘
09:36:54	7.99	--	129	103071	买盘
09:36:49	7.99	--	88	70312	买盘
09:36:44	7.99	0.01	10	7990	买盘
09:36:39	7.98	-0.01	35	27930	卖盘
09:36:34	7.99	--	161	128639	买盘
09:36:14	7.99	0.01	60	47940	买盘
09:36:09	7.98	--	27	21546	卖盘
09:35:59	7.98	--	157	125286	买盘
09:35:34	7.98	--	56	44688	卖盘
09:35:19	7.98	--	20	15960	卖盘
09:35:09	7.98	--	10	7980	卖盘
09:35:04	7.98	--	4	3192	买盘
09:34:54	7.98	--	8	6384	买盘
09:34:44	7.98	--	2	1596	买盘
09:34:39	7.98	--	36	28728	卖盘
09:34:34	7.98	--	8	6384	买盘
09:33:58	7.98	0.02	5	3990	买盘
09:33:44	7.96	-0.02	1	796	卖盘
09:33:33	7.98	--	45	35910	买盘
09:33:28	7.98	--	2	1596	买盘
09:33:23	7.98	-0.01	30	23940	卖盘
09:33:18	7.99	--	63	50337	买盘
09:33:13	7.99	--	5	3995	买盘
09:32:53	7.99	0.01	40	31960	买盘
09:32:43	7.98	-0.01	28	22344	卖盘
09:32:33	7.99	0.01	300	239700	买盘
09:32:28	7.98	--	93	74214	买盘
09:32:23	7.98	0.01	53	42294	买盘
09:32:13	7.97	--	53	42241	卖盘
09:32:08	7.97	--	45	35865	卖盘
09:31:53	7.97	--	117	93249	买盘
09:31:43	7.97	--	10	7970	买盘
09:30:48	7.97	--	4	3188	买盘
09:30:33	7.97	-0.01	10	7970	买盘
09:30:28	7.98	--	0	0	买盘
09:30:13	7.98	0.03	4	3192	买盘
09:30:03	7.95	0.01	1	795	中性盘
09:28:57	7.94	--	0	0	卖盘
09:25:09	7.94	7.94	32	25408	买盘
