成交时间	成交价	价格变动	成交量(手)	成交额(元)	性质
15:00:00	10.5	--	0	0	卖盘
15:00:00	10.5	-0.01	18	18900	卖盘
14:59:59	10.51	-0.01	14	14714	卖盘
14:59:54	10.52	0.01	192	201984	买盘
14:59:49	10.51	--	66	69366	买盘
14:59:44	10.51	--	74	77774	买盘
14:59:38	10.51	--	20	21020	买盘
14:59:33	10.51	0.01	24	25224	买盘
14:59:29	10.5	0.01	38	39900	买盘
14:59:24	10.49	-0.01	349	366101	卖盘
14:59:18	10.5	--	151	158550	买盘
14:59:14	10.5	--	9	9450	买盘
14:59:09	10.5	--	19	19950	买盘
14:59:04	10.5	--	2	2100	买盘
14:58:59	10.5	0.01	23	24150	买盘
14:58:54	10.49	-0.01	3	3147	卖盘
14:58:44	10.5	--	2	2100	买盘
14:58:39	10.5	0.01	770	808500	买盘
14:58:34	10.49	-0.01	271	284279	卖盘
14:58:19	10.5	--	6	6300	买盘
14:58:03	10.5	0.01	2	2100	买盘
14:57:53	10.49	--	5	5245	卖盘
14:57:48	10.49	--	78	81822	卖盘
14:57:44	10.49	-0.01	5	5245	卖盘
14:57:34	10.5	0.01	2	2100	买盘
14:57:14	10.49	--	90	94410	卖盘
14:56:48	10.49	--	96	100704	卖盘
14:56:39	10.49	--	18	18882	卖盘
14:56:18	10.49	--	2	2098	卖盘
14:56:13	10.49	--	18	18882	卖盘
14:56:09	10.49	--	18	18882	卖盘
14:56:04	10.49	--	12	12588	卖盘
14:55:43	10.49	-0.01	51	53499	卖盘
14:55:38	10.5	0.01	38	39900	买盘
14:55:23	10.49	0.01	20	20980	买盘
14:55:18	10.48	--	0	0	卖盘
14:55:08	10.48	-0.01	28	29344	卖盘
14:54:58	10.49	--	218	228682	卖盘
14:54:33	10.49	--	8	8622	买盘
14:54:13	10.49	--	13	14455	卖盘
14:53:58	10.49	--	89	93361	卖盘
14:53:38	10.49	--	197	206883	买盘
14:53:28	10.49	--	59	61891	买盘
14:53:23	10.49	--	30	31470	买盘
14:53:17	10.49	--	42	44058	买盘
14:53:13	10.49	0.01	30	31470	买盘
14:53:02	10.48	-0.01	10	10480	卖盘
14:52:53	10.49	--	15	15735	买盘
14:52:48	10.49	--	10	10490	买盘
14:52:32	10.49	--	7	7343	买盘
14:52:23	10.49	--	5	5517	卖盘
14:52:02	10.49	--	6	6294	卖盘
14:51:57	10.49	--	24	25176	卖盘
14:51:47	10.49	--	17	17833	卖盘
14:51:32	10.49	--	18	18882	卖盘
14:51:27	10.49	--	0	776	买盘
14:51:23	10.49	--	10	10490	买盘
14:51:17	10.49	--	27	28323	买盘
14:51:12	10.49	--	21	22301	卖盘
14:51:02	10.49	--	2	2874	卖盘
14:50:47	10.49	-0.01	173	181477	卖盘
14:50:42	10.5	--	8	8400	买盘
14:49:57	10.5	0.01	10	10500	买盘
14:49:38	10.49	--	9	9441	卖盘
14:49:32	10.49	--	9	9441	卖盘
14:49:12	10.49	-0.01	111	116439	卖盘
14:49:07	10.5	--	65	68250	买盘
14:48:41	10.5	--	60	63000	买盘
14:48:37	10.5	--	13	13650	买盘
14:48:32	10.5	0.01	50	52500	买盘
14:48:26	10.49	-0.01	14	14686	卖盘
14:48:02	10.5	0.01	1	1050	买盘
14:47:52	10.49	--	1	1049	卖盘
14:47:41	10.49	--	60	62940	卖盘
14:47:37	10.49	--	100	104900	卖盘
14:47:32	10.49	-0.01	20	20980	卖盘
14:47:02	10.5	0.01	2	2100	买盘
14:46:32	10.49	--	4	4196	卖盘
14:46:26	10.49	--	75	78675	买盘
14:46:11	10.49	--	1	1049	买盘
14:46:07	10.49	--	164	172036	卖盘
14:45:56	10.49	-0.01	40	41960	卖盘
14:45:51	10.5	0.01	5	5250	买盘
14:45:41	10.49	-0.01	4	4196	卖盘
14:45:36	10.5	--	144	151200	买盘
14:45:31	10.5	--	13	13650	买盘
14:45:26	10.5	--	43	45150	买盘
14:45:16	10.5	--	7	7350	买盘
14:45:11	10.5	--	908	953400	卖盘
14:45:02	10.5	--	15	15750	卖盘
14:44:56	10.5	--	10	10500	卖盘
14:44:41	10.5	-0.01	52	54600	卖盘
14:44:11	10.51	0.01	10	10510	买盘
14:43:56	10.5	--	105	110250	卖盘
14:43:41	10.5	--	60	63000	卖盘
14:43:21	10.5	--	5	5250	卖盘
14:43:11	10.5	-0.01	1	1050	卖盘
14:43:06	10.51	--	14	14714	买盘
14:42:56	10.51	0.01	6	6306	买盘
14:42:46	10.5	--	15	15750	卖盘
14:42:36	10.5	--	170	178500	卖盘
14:42:26	10.5	--	8	8400	卖盘
14:42:21	10.5	-0.01	12	12600	卖盘
14:42:16	10.51	0.01	30	31530	买盘
14:42:05	10.5	-0.01	60	63000	卖盘
14:42:01	10.51	--	14	14714	买盘
14:41:50	10.51	--	10	10510	买盘
14:41:46	10.51	--	40	42040	买盘
14:41:11	10.51	0.01	20	21020	买盘
14:40:56	10.5	--	5	5250	卖盘
14:40:35	10.5	--	5	5250	卖盘
14:40:26	10.5	--	43	45150	买盘
14:40:01	10.5	--	4	4200	买盘
14:39:50	10.5	--	27	28350	买盘
14:39:46	10.5	--	130	136500	卖盘
14:39:31	10.5	--	22	23100	卖盘
14:39:15	10.5	--	40	42000	卖盘
14:38:55	10.5	-0.01	3	3150	卖盘
14:38:45	10.51	0.01	3	3153	买盘
14:38:40	10.5	-0.01	1	1050	卖盘
14:38:00	10.51	--	300	315300	买盘
14:37:45	10.51	--	199	209149	买盘
14:37:30	10.51	--	7	7357	买盘
14:37:15	10.51	--	63	66213	买盘
14:37:00	10.51	--	6	6306	买盘
14:36:50	10.51	--	5	5255	买盘
14:36:45	10.51	--	1	1051	买盘
14:36:35	10.51	--	35	36785	买盘
14:36:30	10.51	--	9	9459	买盘
14:36:25	10.51	--	47	49397	买盘
14:36:20	10.51	--	65	68315	买盘
14:36:15	10.51	--	48	50448	买盘
14:36:05	10.51	--	129	135579	买盘
14:36:00	10.51	--	6	6306	买盘
14:35:50	10.51	0.01	2	2102	买盘
14:35:44	10.5	0.01	223	234150	买盘
14:35:35	10.49	--	2	2098	买盘
14:35:25	10.49	--	7000	7343000	买盘
14:35:05	10.49	--	10	10490	买盘
14:34:44	10.49	--	18	18882	买盘
14:34:14	10.49	--	37	38813	买盘
14:33:55	10.49	--	20	20980	买盘
14:33:44	10.49	--	2	2098	买盘
14:33:29	10.49	--	300	314700	买盘
14:33:25	10.49	0.01	4	4196	买盘
14:32:59	10.48	--	11	11528	卖盘
14:32:35	10.48	--	5	5240	卖盘
14:32:29	10.48	-0.01	9	9432	卖盘
14:32:14	10.49	0.01	35	36715	买盘
14:31:49	10.48	-0.01	5	5240	卖盘
14:31:14	10.49	--	2	2098	买盘
14:30:44	10.49	0.01	4	4196	买盘
14:30:39	10.48	-0.01	10	10480	卖盘
14:30:14	10.49	--	14	14686	买盘
14:29:59	10.49	0.01	4	4196	买盘
14:29:44	10.48	-0.01	20	20960	卖盘
14:29:29	10.49	--	9	9441	买盘
14:29:04	10.49	0.01	9	9441	买盘
14:28:44	10.48	--	57	59736	卖盘
14:28:08	10.48	--	2	2096	买盘
14:27:49	10.48	--	39	40872	卖盘
14:27:08	10.48	--	19	19912	卖盘
14:27:04	10.48	-0.01	37	38776	卖盘
14:26:49	10.49	--	1	1049	买盘
14:25:13	10.49	--	0	0	买盘
14:25:08	10.49	0.01	100	104900	买盘
14:25:03	10.48	--	20	20960	买盘
14:24:58	10.48	--	11	11528	卖盘
14:24:33	10.48	--	9	9432	买盘
14:24:28	10.48	--	60	62880	卖盘
14:24:18	10.48	--	190	199120	买盘
14:24:03	10.48	--	70	73360	买盘
14:23:53	10.48	--	6	6288	买盘
14:23:48	10.48	--	37	38776	卖盘
14:23:33	10.48	--	42	44016	卖盘
14:22:47	10.48	--	3	3144	卖盘
14:22:32	10.48	--	288	301824	卖盘
14:22:13	10.48	--	142	148816	卖盘
14:21:58	10.48	--	195	204360	卖盘
14:21:43	10.48	--	8	8384	卖盘
14:21:28	10.48	--	109	114232	卖盘
14:20:47	10.48	-0.01	59	61832	卖盘
14:20:13	10.49	-0.01	2	2098	卖盘
14:19:53	10.5	--	0	0	买盘
14:19:47	10.5	0.01	28	29400	买盘
14:19:22	10.49	--	1	1049	买盘
14:18:57	10.49	--	1	1049	买盘
14:18:12	10.49	0.01	4	4196	买盘
14:17:57	10.48	-0.01	47	49256	卖盘
14:17:42	10.49	--	46	48254	卖盘
14:17:32	10.49	--	50	52450	卖盘
14:17:17	10.49	0.01	10	10490	买盘
14:17:12	10.48	-0.01	5	5240	卖盘
14:16:47	10.49	--	0	0	卖盘
14:15:41	10.49	-0.01	147	154203	卖盘
14:15:07	10.5	0.01	10	10500	买盘
14:14:11	10.49	-0.01	70	73430	卖盘
14:12:56	10.5	--	0	0	中性盘
14:12:51	10.5	--	9	9450	买盘
14:12:36	10.5	--	40	42000	买盘
14:12:21	10.5	-0.01	21	22050	卖盘
14:12:01	10.51	--	85	89335	卖盘
14:11:56	10.51	--	20	21020	卖盘
14:11:41	10.51	--	10	10510	卖盘
14:11:36	10.51	--	30	31530	卖盘
14:11:31	10.51	--	10	10510	卖盘
14:11:21	10.51	--	10	10510	卖盘
14:10:46	10.51	0.01	189	198639	买盘
14:10:41	10.5	--	65	68250	卖盘
14:10:31	10.5	--	10	10500	卖盘
14:09:56	10.5	--	46	48300	卖盘
14:08:56	10.5	0.01	5	5250	卖盘
14:08:01	10.49	--	0	0	卖盘
14:07:56	10.49	-0.03	121	126929	卖盘
14:07:50	10.52	0.01	44	46288	买盘
14:07:46	10.51	0.01	1	1051	买盘
14:07:31	10.5	--	0	0	中性盘
14:07:15	10.5	--	110	115500	卖盘
14:07:00	10.5	-0.02	11	11550	卖盘
14:06:30	10.52	0.02	44	46288	买盘
14:06:05	10.5	-0.02	8	8400	卖盘
14:06:00	10.52	--	0	0	买盘
14:05:50	10.52	--	21	22092	买盘
14:05:45	10.52	0.03	1	1052	买盘
14:05:35	10.49	-0.03	17	17833	卖盘
14:05:05	10.52	0.02	2	2104	买盘
14:05:00	10.5	-0.02	10	10500	卖盘
14:04:55	10.52	0.02	2	2104	买盘
14:04:50	10.5	--	7	7350	买盘
14:04:45	10.5	--	25	26250	卖盘
14:04:35	10.5	--	8	8400	买盘
14:04:20	10.5	-0.02	5	5250	中性盘
14:04:15	10.52	--	5	5260	买盘
14:04:00	10.52	0.03	2	2104	买盘
14:03:50	10.49	--	40	41960	买盘
14:03:40	10.49	--	40	41960	买盘
14:03:35	10.49	-0.03	101	105949	卖盘
14:03:29	10.52	--	1	1052	买盘
14:03:20	10.52	0.01	30	31560	买盘
14:03:10	10.51	--	2	2102	买盘
14:02:59	10.51	--	1	1051	买盘
14:02:35	10.51	0.02	2	2102	买盘
14:02:29	10.49	-0.01	55	57695	卖盘
14:02:25	10.5	--	2	2100	卖盘
14:02:14	10.5	--	11	11550	买盘
14:02:05	10.5	--	2	2100	买盘
14:01:59	10.5	--	24	25200	买盘
14:01:44	10.5	--	8	8400	买盘
14:01:14	10.5	--	0	0	中性盘
14:01:05	10.5	--	1	1050	买盘
14:00:59	10.5	--	2	2100	买盘
14:00:55	10.5	--	10	10500	买盘
14:00:44	10.5	--	9	9450	买盘
14:00:29	10.5	--	4	4200	买盘
14:00:24	10.5	--	6	6300	买盘
14:00:19	10.5	--	22	23100	买盘
14:00:09	10.5	--	23	24150	买盘
13:59:59	10.5	--	4	4200	买盘
13:59:44	10.5	0.01	9	9450	买盘
13:59:39	10.49	--	0	0	卖盘
13:59:09	10.49	-0.02	300	314700	卖盘
13:59:04	10.51	0.01	38	39938	买盘
13:58:49	10.5	-0.01	4	4200	卖盘
13:58:39	10.51	0.01	6	6306	买盘
13:58:14	10.5	-0.01	12	12600	卖盘
13:58:04	10.51	0.01	14	14714	买盘
13:57:59	10.5	--	26	27300	卖盘
13:57:24	10.5	-0.01	28	29400	卖盘
13:57:19	10.51	0.01	6	6306	买盘
13:57:08	10.5	--	3	3150	卖盘
13:56:53	10.5	--	28	29400	卖盘
13:56:34	10.5	--	34	35700	卖盘
13:56:19	10.5	--	267	280350	买盘
13:56:08	10.5	--	1202	1262100	买盘
13:56:04	10.5	--	10	10500	买盘
13:55:59	10.5	--	27	28350	买盘
13:55:53	10.5	0.02	10	10500	买盘
13:55:38	10.48	--	0	0	卖盘
13:55:34	10.48	-0.02	134	140432	卖盘
13:55:23	10.5	0.01	23	24150	买盘
13:55:19	10.49	--	9	9441	中性盘
13:55:08	10.49	--	47	49303	卖盘
13:54:49	10.49	--	2	2098	卖盘
13:54:44	10.49	--	2	2098	卖盘
13:54:38	10.49	--	38	39862	卖盘
13:54:23	10.49	--	260	272740	卖盘
13:54:08	10.49	-0.01	20	20980	卖盘
13:53:53	10.5	--	5	5250	买盘
13:53:48	10.5	--	28	29400	买盘
13:53:43	10.5	--	10	10500	买盘
13:53:33	10.5	--	1	1050	买盘
13:53:23	10.5	--	20	21000	买盘
13:53:08	10.5	--	75	78750	买盘
13:53:03	10.5	--	21	22050	买盘
13:52:58	10.5	-0.01	343	360150	卖盘
13:52:53	10.51	--	1	1051	买盘
13:52:48	10.51	0.01	44	46244	买盘
13:52:43	10.5	--	26	27300	买盘
13:52:38	10.5	--	4	4200	卖盘
13:52:33	10.5	--	31	32550	卖盘
13:52:03	10.5	--	38	39900	卖盘
13:51:38	10.5	-0.01	270	283500	卖盘
13:51:33	10.51	--	19	19969	买盘
13:51:23	10.51	0.01	3	3153	买盘
13:51:13	10.5	--	10	10500	卖盘
13:51:03	10.5	--	1	1050	卖盘
13:50:58	10.5	-0.01	13	13650	卖盘
13:50:53	10.51	0.01	3	3153	买盘
13:50:48	10.5	-0.01	420	441000	卖盘
13:50:38	10.51	0.01	35	36785	买盘
13:50:32	10.5	-0.01	88	92400	卖盘
13:50:17	10.51	--	154	161854	卖盘
13:50:13	10.51	-0.01	50	52550	卖盘
13:49:58	10.52	--	10	10520	买盘
13:49:32	10.52	0.01	38	39976	买盘
13:49:28	10.51	-0.01	200	210200	卖盘
13:49:17	10.52	0.01	8	8416	买盘
13:49:13	10.51	-0.01	170	178670	卖盘
13:48:32	10.52	--	1	1052	买盘
13:48:28	10.52	0.01	56	58912	买盘
13:48:17	10.51	--	221	232271	卖盘
13:48:02	10.51	-0.01	1	1051	卖盘
13:47:42	10.52	--	3	3156	买盘
13:47:32	10.52	--	61	64172	买盘
13:47:27	10.52	0.01	39	41028	买盘
13:46:57	10.51	-0.01	20	21020	卖盘
13:46:32	10.52	--	0	0	买盘
13:46:17	10.52	0.01	40	42080	买盘
13:45:52	10.51	-0.01	12	12612	卖盘
13:45:32	10.52	--	17	17884	买盘
13:45:17	10.52	--	1	1052	买盘
13:45:12	10.52	0.01	40	42080	买盘
13:45:02	10.51	--	160	168160	卖盘
13:44:42	10.51	--	1	1051	卖盘
13:44:32	10.51	--	27	28377	买盘
13:44:27	10.51	--	18	18918	买盘
13:44:22	10.51	--	45	47295	买盘
13:44:17	10.51	--	9	9459	买盘
13:44:11	10.51	0.01	5	5255	买盘
13:43:56	10.5	--	3	3150	卖盘
13:43:37	10.5	-0.01	1030	1081500	卖盘
13:43:22	10.51	--	17	17867	买盘
13:43:11	10.51	-0.01	895	940645	卖盘
13:43:07	10.52	--	1	1052	买盘
13:42:56	10.52	--	12	12624	买盘
13:42:52	10.52	0.01	86	90472	卖盘
13:42:11	10.51	--	24	25224	卖盘
13:42:07	10.51	--	5	5255	卖盘
13:41:52	10.51	--	1	1051	卖盘
13:41:37	10.51	--	0	0	卖盘
13:41:32	10.51	-0.01	115	120865	卖盘
13:41:11	10.52	--	29	30508	买盘
13:40:51	10.52	--	9	9468	卖盘
13:40:46	10.52	--	4	4208	卖盘
13:40:41	10.52	--	70	73640	卖盘
13:40:21	10.52	--	16	16832	卖盘
13:40:16	10.52	--	177	186204	卖盘
13:40:11	10.52	-0.01	2	2104	卖盘
13:40:06	10.53	0.01	42	44226	买盘
13:39:56	10.52	--	16	16832	卖盘
13:39:51	10.52	--	3	3156	卖盘
13:39:46	10.52	--	300	315600	卖盘
13:39:26	10.52	--	10	10520	卖盘
13:39:16	10.52	--	5	5260	卖盘
13:39:06	10.52	--	41	43132	卖盘
13:38:51	10.52	--	87	91524	卖盘
13:38:26	10.52	--	5	5260	卖盘
13:37:56	10.52	--	17	17884	卖盘
13:37:35	10.52	-0.01	7	7364	卖盘
13:37:31	10.53	--	1	1053	买盘
13:37:16	10.53	--	5	5265	买盘
13:37:05	10.53	--	134	141102	买盘
13:37:01	10.53	0.01	2	2106	买盘
13:36:46	10.52	--	19	19988	卖盘
13:36:35	10.52	-0.01	100	105200	卖盘
13:36:31	10.53	0.01	26	27378	买盘
13:36:25	10.52	-0.01	3	3156	卖盘
13:36:05	10.53	--	1	1053	买盘
13:36:01	10.53	-0.01	41	43173	卖盘
13:35:46	10.54	0.01	2	2108	买盘
13:35:35	10.53	-0.01	1	1053	卖盘
13:35:31	10.54	0.01	1	1054	买盘
13:35:20	10.53	--	11	11583	卖盘
13:35:16	10.53	--	1	1053	买盘
13:35:11	10.53	-0.01	4	4212	卖盘
13:35:01	10.54	0.01	5	5270	买盘
13:34:50	10.53	--	19	20007	卖盘
13:34:45	10.53	--	1	1053	卖盘
13:34:35	10.53	-0.01	4	4212	卖盘
13:34:30	10.54	--	37	38998	买盘
13:34:20	10.54	0.01	30	31619	买盘
13:34:05	10.53	--	32	33696	卖盘
13:34:00	10.53	--	28	29484	卖盘
13:33:55	10.53	--	1	1053	卖盘
13:33:50	10.53	--	247	260090	买盘
13:33:20	10.53	--	15	15794	买盘
13:33:15	10.53	--	4	4212	买盘
13:33:00	10.53	--	1	1053	买盘
13:32:50	10.53	--	30	31589	买盘
13:32:45	10.53	--	10	10530	买盘
13:32:40	10.53	--	90	94770	买盘
13:32:30	10.53	-0.01	3	3159	卖盘
13:32:20	10.54	0.01	18	18972	买盘
13:32:05	10.53	-0.01	15	15794	卖盘
13:32:00	10.54	0.01	53	55861	买盘
13:31:25	10.53	--	13	13689	卖盘
13:31:20	10.53	0.01	2	2106	卖盘
13:31:10	10.52	-0.01	9	9468	卖盘
13:30:55	10.53	--	118	124253	买盘
13:30:44	10.53	--	1	1053	买盘
13:30:40	10.53	0.01	12	12636	买盘
13:30:29	10.52	-0.01	51	53652	卖盘
13:30:10	10.53	--	20	21060	买盘
13:30:05	10.53	0.01	114	120041	买盘
13:29:40	10.52	-0.01	2	2104	卖盘
13:29:35	10.53	--	5	5265	买盘
13:29:25	10.53	--	61	64232	买盘
13:29:20	10.53	--	0	0	卖盘
13:29:14	10.53	--	5	5265	卖盘
13:28:59	10.53	-0.01	77	81081	卖盘
13:28:55	10.54	0.01	10	10540	买盘
13:28:44	10.53	0.01	6	6318	卖盘
13:28:40	10.52	--	0	0	卖盘
13:28:35	10.52	-0.01	9	9468	卖盘
13:28:20	10.53	-0.01	1	1053	卖盘
13:28:09	10.54	--	0	0	买盘
13:27:59	10.54	0.02	67	70618	买盘
13:27:54	10.52	-0.01	27	28404	卖盘
13:27:39	10.53	-0.01	4	4212	卖盘
13:27:34	10.54	0.01	42	44268	买盘
13:27:24	10.53	--	5	5265	卖盘
13:27:19	10.53	--	95	100035	卖盘
13:27:14	10.53	--	14	14742	卖盘
13:27:09	10.53	--	42	44226	卖盘
13:26:54	10.53	--	97	102141	卖盘
13:26:39	10.53	--	1	1053	卖盘
13:26:24	10.53	--	100	105300	买盘
13:26:19	10.53	0.01	2	2106	买盘
13:26:14	10.52	-0.01	21	22092	卖盘
13:25:54	10.53	-0.01	35	36855	卖盘
13:25:44	10.54	0.01	13	13701	买盘
13:25:39	10.53	--	10	10530	卖盘
13:25:19	10.53	-0.01	10	10530	卖盘
13:25:09	10.54	0.01	35	36890	买盘
13:24:59	10.53	--	25	26325	卖盘
13:24:49	10.53	--	24	25272	卖盘
13:24:44	10.53	--	29	30536	卖盘
13:24:34	10.53	--	2	2106	卖盘
13:24:29	10.53	--	10	10530	卖盘
13:24:23	10.53	--	5	5265	卖盘
13:24:14	10.53	--	5	5265	卖盘
13:24:08	10.53	--	8	8424	卖盘
13:24:03	10.53	--	1	1053	卖盘
13:23:38	10.53	--	18	18954	卖盘
13:23:34	10.53	--	5	5265	卖盘
13:23:08	10.53	--	6	6318	卖盘
13:23:04	10.53	-0.01	6	6318	卖盘
13:22:53	10.54	0.01	30	31619	买盘
13:22:44	10.53	-0.01	8	8424	中性盘
13:22:38	10.54	0.01	61	64293	买盘
13:22:34	10.53	--	5	5265	卖盘
13:22:29	10.53	-0.01	6	6318	卖盘
13:22:19	10.54	0.01	40	42160	买盘
13:22:03	10.53	0.01	516	543348	买盘
13:21:59	10.52	-0.01	1	1052	卖盘
13:21:53	10.53	0.01	10	10530	买盘
13:21:38	10.52	--	40	42080	卖盘
13:21:18	10.52	-0.01	7	7364	卖盘
13:21:03	10.53	0.01	10	10530	买盘
13:20:48	10.52	--	27	28404	卖盘
13:20:38	10.52	-0.01	54	56808	卖盘
13:20:18	10.53	--	10	10530	买盘
13:20:08	10.53	0.01	1	1053	买盘
13:20:03	10.52	-0.01	9	9468	卖盘
13:19:58	10.53	0.01	12	12636	买盘
13:19:53	10.52	-0.01	50	52600	卖盘
13:19:48	10.53	0.01	57	60020	买盘
13:19:08	10.52	--	11	11572	卖盘
13:19:03	10.52	--	10	10520	卖盘
13:18:53	10.52	--	1	1052	卖盘
13:18:33	10.52	--	86	90472	卖盘
13:18:23	10.52	-0.01	19	19988	卖盘
13:18:13	10.53	--	12	12636	买盘
13:17:47	10.53	0.01	75	78975	买盘
13:17:32	10.52	--	32	33664	卖盘
13:17:28	10.52	--	6	6312	卖盘
13:17:17	10.52	-0.01	1	1052	卖盘
13:17:13	10.53	0.01	13	13689	买盘
13:17:02	10.52	--	60	63120	卖盘
13:16:58	10.52	--	14	14728	卖盘
13:16:47	10.52	-0.01	201	211452	卖盘
13:16:43	10.53	0.01	5	5265	买盘
13:16:13	10.52	--	1	1052	卖盘
13:16:02	10.52	-0.01	14	14728	卖盘
13:15:22	10.53	--	10	10530	买盘
13:15:12	10.53	0.01	45	47385	买盘
13:14:57	10.52	--	84	88368	买盘
13:14:52	10.52	--	15	15780	买盘
13:14:42	10.52	0.01	1	1052	卖盘
13:14:37	10.51	--	0	0	卖盘
13:14:32	10.51	-0.02	19	19969	卖盘
13:14:27	10.53	0.01	277	291681	买盘
13:14:17	10.52	-0.01	20	21040	卖盘
13:14:12	10.53	--	13	13689	买盘
13:14:07	10.53	0.01	1	1053	买盘
13:13:52	10.52	-0.01	10	10520	卖盘
13:13:47	10.53	0.01	31	32642	买盘
13:13:27	10.52	-0.01	30	31560	卖盘
13:12:57	10.53	--	21	22113	买盘
13:12:32	10.53	--	10	10530	买盘
13:12:22	10.53	--	17	17901	买盘
13:12:02	10.53	--	5	5265	买盘
13:11:47	10.53	--	5	5265	买盘
13:11:41	10.53	--	30	31589	买盘
13:11:31	10.53	--	5	5265	买盘
13:11:11	10.53	--	6	6318	买盘
13:11:02	10.53	0.01	20	21060	买盘
13:10:56	10.52	--	46	48392	买盘
13:10:37	10.52	--	20	21040	买盘
13:10:32	10.52	--	3	3156	买盘
13:10:26	10.52	--	10	10520	买盘
13:10:16	10.52	--	77	81004	买盘
13:10:11	10.52	--	10	10520	买盘
13:10:07	10.52	--	31	32612	买盘
13:09:56	10.52	0.01	50	52600	买盘
13:09:52	10.51	--	1	1051	卖盘
13:09:26	10.51	-0.01	2	2102	卖盘
13:09:22	10.52	--	65	68380	买盘
13:09:11	10.52	--	3	3156	买盘
13:09:07	10.52	0.01	9	9468	买盘
13:08:56	10.51	--	20	21020	卖盘
13:08:51	10.51	--	5	5255	卖盘
13:08:41	10.51	-0.01	22	23122	卖盘
13:08:21	10.52	--	518	544936	买盘
13:07:51	10.52	--	13	13676	买盘
13:07:41	10.52	--	6	6312	买盘
13:07:36	10.52	0.01	35	36820	买盘
13:07:26	10.51	--	11	11561	卖盘
13:07:21	10.51	--	26	27326	买盘
13:07:16	10.51	--	22	23122	买盘
13:07:11	10.51	--	11	11561	买盘
13:07:06	10.51	--	12	12612	买盘
13:07:01	10.51	--	16	16816	买盘
13:06:51	10.51	--	5	5255	买盘
13:06:41	10.51	0.01	18	18918	买盘
13:06:36	10.5	-0.01	9	9450	卖盘
13:06:26	10.51	--	20	21020	买盘
13:06:11	10.51	0.01	81	85131	买盘
13:05:56	10.5	--	50	52500	卖盘
13:05:51	10.5	--	1	1050	卖盘
13:05:46	10.5	-0.01	14	14700	卖盘
13:05:41	10.51	--	35	36785	买盘
13:05:11	10.51	--	12	12612	买盘
13:05:05	10.51	0.01	1	1051	买盘
13:04:50	10.5	-0.01	13	13650	卖盘
13:04:45	10.51	0.01	75	78825	买盘
13:04:25	10.5	-0.02	30	31500	卖盘
13:04:20	10.52	--	0	0	买盘
13:04:05	10.52	0.02	9	9468	买盘
13:03:56	10.5	-0.02	11	11550	卖盘
13:03:50	10.52	0.01	141	148332	买盘
13:03:46	10.51	--	10	10510	卖盘
13:03:35	10.51	--	4	4204	卖盘
13:03:20	10.51	--	10	10510	卖盘
13:03:10	10.51	--	0	0	卖盘
13:03:05	10.51	-0.02	13	13663	卖盘
13:03:01	10.53	-0.01	4	4212	卖盘
13:02:31	10.54	0.01	15	15809	买盘
13:02:20	10.53	--	45	47385	卖盘
13:02:15	10.53	-0.01	61	64232	卖盘
13:01:45	10.54	--	21	22134	卖盘
13:01:30	10.54	-0.01	9	9486	卖盘
13:01:25	10.55	0.01	44	46420	买盘
13:01:15	10.54	0.01	10	10540	买盘
13:00:55	10.53	-0.01	2	2106	卖盘
13:00:50	10.54	0.01	10	10540	买盘
13:00:35	10.53	-0.02	5	5265	卖盘
13:00:30	10.55	--	10	10550	买盘
13:00:20	10.55	--	16	16880	买盘
13:00:15	10.55	0.02	308	324940	买盘
13:00:10	10.53	-0.02	3	3159	卖盘
13:00:05	10.55	--	231	243705	买盘
11:30:00	10.55	--	0	0	买盘
11:30:00	10.55	--	10	10550	买盘
11:29:56	10.55	--	47	50629	卖盘
11:29:51	10.55	--	55	58035	买盘
11:29:47	10.55	0.01	23	24265	买盘
11:29:42	10.54	-0.01	34	35836	卖盘
11:29:32	10.55	--	62	65410	买盘
11:29:26	10.55	--	10	10550	买盘
11:29:22	10.55	--	3	3165	买盘
11:29:16	10.55	0.02	23	24265	买盘
11:29:12	10.53	-0.02	47	49491	卖盘
11:29:06	10.55	--	79	83345	买盘
11:29:01	10.55	0.02	23	24265	买盘
11:28:56	10.53	-0.03	22	23166	中性盘
11:28:51	10.56	0.07	40	42240	买盘
11:28:46	10.49	-0.04	3	3147	卖盘
11:28:36	10.53	-0.02	116	122147	卖盘
11:28:31	10.55	0.02	5	5275	卖盘
11:28:26	10.53	0.01	1010	1063530	买盘
11:28:21	10.52	--	0	0	买盘
11:28:16	10.52	--	28	29456	买盘
11:28:11	10.52	0.04	1500	1578000	买盘
11:28:06	10.48	0.01	125	131000	买盘
11:27:36	10.47	--	19	19893	买盘
11:27:31	10.47	--	12	12564	买盘
11:27:25	10.47	--	5	5235	买盘
11:27:21	10.47	--	10	10470	买盘
11:27:16	10.47	--	14	14658	买盘
11:27:10	10.47	0.01	56	58632	买盘
11:26:56	10.46	--	40	41840	卖盘
11:26:46	10.46	--	1	1046	卖盘
11:26:36	10.46	-0.01	22	23012	卖盘
11:26:25	10.47	--	42	43974	买盘
11:26:16	10.47	--	11	11517	买盘
11:26:11	10.47	--	10	10470	买盘
11:26:06	10.47	--	8	8376	买盘
11:25:56	10.47	--	51	53397	买盘
11:25:51	10.47	--	127	132969	买盘
11:25:46	10.47	--	11	11517	买盘
11:25:41	10.47	0.01	40	41880	买盘
11:25:36	10.46	-0.01	3	3138	卖盘
11:25:20	10.47	0.01	54	56538	买盘
11:25:10	10.46	-0.01	21	21966	卖盘
11:25:05	10.47	0.01	91	95277	买盘
11:24:56	10.46	-0.01	20	20920	卖盘
11:24:46	10.47	--	40	41880	买盘
11:24:21	10.47	0.01	40	41880	买盘
11:24:11	10.46	--	4	4184	买盘
11:23:55	10.46	--	4	4184	卖盘
11:23:35	10.46	0.01	27	28242	买盘
11:23:31	10.45	-0.01	1	1045	卖盘
11:23:15	10.46	--	10	10460	买盘
11:22:56	10.46	--	84	87864	卖盘
11:22:45	10.46	-0.01	15	15690	卖盘
11:22:20	10.47	--	34	35598	买盘
11:22:15	10.47	--	5	5235	买盘
11:22:06	10.47	0.01	9	9423	买盘
11:22:00	10.46	-0.01	1	1046	卖盘
11:21:50	10.47	0.01	16	16752	买盘
11:21:30	10.46	-0.01	100	104600	卖盘
11:21:25	10.47	--	40	41880	买盘
11:21:00	10.47	0.01	20	20940	买盘
11:20:45	10.46	-0.01	14	14644	卖盘
11:20:20	10.47	--	37	38739	买盘
11:20:00	10.47	--	6	6282	买盘
11:19:55	10.47	0.01	1	1047	买盘
11:19:49	10.46	--	14	14644	卖盘
11:19:30	10.46	-0.01	95	99370	卖盘
11:19:25	10.47	0.01	43	45021	买盘
11:19:00	10.46	-0.01	15	15690	卖盘
11:18:39	10.47	--	16	16752	买盘
11:18:20	10.47	0.01	62	64914	买盘
11:18:05	10.46	--	10	10460	卖盘
11:17:35	10.46	-0.01	2	2092	卖盘
11:17:19	10.47	0.01	56	58632	买盘
11:16:44	10.46	-0.01	33	34518	卖盘
11:16:24	10.47	--	36	37692	买盘
11:16:19	10.47	0.02	9	9423	买盘
11:16:10	10.45	-0.02	12	12540	卖盘
11:16:00	10.47	0.02	16	16752	买盘
11:15:55	10.45	--	10	10450	卖盘
11:15:49	10.45	-0.01	32	33440	卖盘
11:15:45	10.46	--	90	94140	买盘
11:15:39	10.46	0.01	180	188280	买盘
11:15:28	10.45	-0.01	7	7377	卖盘
11:14:58	10.46	0.01	30	31380	卖盘
11:14:43	10.45	--	0	0	卖盘
11:14:39	10.45	-0.02	15	15674	卖盘
11:14:34	10.47	0.01	44	46068	买盘
11:14:29	10.46	0.01	150	156900	买盘
11:14:24	10.45	--	46	48070	买盘
11:14:09	10.45	-0.01	10	10450	买盘
11:13:54	10.46	--	0	0	买盘
11:13:24	10.46	0.02	7	7322	买盘
11:13:19	10.44	-0.02	1	1044	卖盘
11:13:14	10.46	--	0	0	买盘
11:12:54	10.46	0.01	34	35564	买盘
11:12:38	10.45	-0.01	5	5225	卖盘
11:12:14	10.46	0.02	6	6276	买盘
11:11:53	10.44	--	5	5220	卖盘
11:11:49	10.44	--	9	9396	卖盘
11:11:28	10.44	--	0	0	中性盘
11:11:14	10.44	--	35	36540	卖盘
11:10:53	10.44	-0.01	7	7308	卖盘
11:10:43	10.45	--	13	13584	买盘
11:10:39	10.45	--	10	10450	买盘
11:10:18	10.45	0.01	30	31349	买盘
11:10:09	10.44	-0.01	23	24012	卖盘
11:09:39	10.45	0.01	25	26125	买盘
11:09:28	10.44	-0.01	20	20880	卖盘
11:09:13	10.45	-0.02	144	150480	卖盘
11:09:08	10.47	--	27	28269	买盘
11:08:58	10.47	--	16	16752	买盘
11:08:53	10.47	0.02	27	28269	买盘
11:08:48	10.45	-0.02	2	2090	卖盘
11:08:43	10.47	-0.01	27	28269	卖盘
11:08:13	10.48	--	41	42968	买盘
11:07:53	10.48	--	5	5240	买盘
11:07:38	10.48	--	132	138336	卖盘
11:07:33	10.48	--	200	209600	卖盘
11:07:18	10.48	--	88	92224	卖盘
11:07:13	10.48	--	483	506184	买盘
11:07:08	10.48	0.01	64	67072	买盘
11:07:03	10.47	-0.01	10	10470	卖盘
11:06:58	10.48	0.01	100	104800	买盘
11:06:52	10.47	0.01	348	364659	买盘
11:06:47	10.46	--	38	39748	买盘
11:06:43	10.46	0.01	2	2092	买盘
11:06:32	10.45	--	1	1045	卖盘
11:06:17	10.45	--	384	401280	买盘
11:06:12	10.45	--	2	2090	买盘
11:05:53	10.45	--	19	19855	买盘
11:05:42	10.45	0.01	2	2090	买盘
11:05:38	10.44	-0.01	4	4176	卖盘
11:05:23	10.45	--	14	14629	买盘
11:05:17	10.45	0.01	38	39710	买盘
11:05:07	10.44	-0.01	22	22968	卖盘
11:05:02	10.45	--	41	42845	买盘
11:04:52	10.45	-0.01	42	43890	卖盘
11:04:42	10.46	--	46	48116	买盘
11:04:23	10.46	--	11	11506	买盘
11:04:17	10.46	0.01	6	6276	买盘
11:04:07	10.45	-0.01	10	10450	卖盘
11:04:02	10.46	0.01	33	34518	买盘
11:03:57	10.45	-0.01	7	7314	卖盘
11:03:53	10.46	0.01	29	30334	买盘
11:03:47	10.45	-0.01	687	717915	卖盘
11:03:42	10.46	--	6	6276	买盘
11:03:27	10.46	0.01	11	11506	买盘
11:03:17	10.45	--	17	17765	卖盘
11:03:12	10.45	-0.01	20	20900	卖盘
11:03:02	10.46	0.01	26	27196	买盘
11:02:52	10.45	-0.01	10	10450	卖盘
11:02:42	10.46	0.01	6	6276	买盘
11:02:31	10.45	--	244	254979	买盘
11:02:27	10.45	--	72	75240	买盘
11:02:17	10.45	-0.01	11	11495	买盘
11:02:12	10.46	--	0	0	买盘
11:02:07	10.46	0.02	60	62760	买盘
11:02:01	10.44	--	11	11484	卖盘
11:01:57	10.44	--	96	100224	买盘
11:01:42	10.44	-0.01	54	56376	卖盘
11:01:36	10.45	0.01	9	9405	买盘
11:01:16	10.44	--	300	313200	卖盘
11:01:12	10.44	0.01	69	72036	买盘
11:00:57	10.43	--	275	286825	卖盘
11:00:42	10.43	--	0	0	卖盘
11:00:32	10.43	-0.02	13	13559	卖盘
11:00:16	10.45	--	10	10450	买盘
10:59:52	10.45	--	10	10450	买盘
10:59:46	10.45	--	5	5225	买盘
10:59:37	10.45	--	20	20900	买盘
10:59:16	10.45	-0.01	100	104500	买盘
10:59:11	10.46	--	0	0	买盘
10:59:07	10.46	0.01	150	156900	买盘
10:59:02	10.45	-0.01	180	188100	卖盘
10:58:56	10.46	0.01	140	146440	买盘
10:58:46	10.45	-0.01	180	188100	卖盘
10:58:41	10.46	--	0	0	买盘
10:58:36	10.46	0.03	150	156900	买盘
10:58:32	10.43	-0.02	1	1043	中性盘
10:58:26	10.45	-0.01	60	62699	买盘
10:58:21	10.46	--	0	0	买盘
10:58:16	10.46	0.01	200	209200	买盘
10:58:06	10.45	0.01	200	209000	买盘
10:58:01	10.44	0.04	27	28188	买盘
10:57:56	10.4	-0.03	20	20800	卖盘
10:57:51	10.43	--	0	0	买盘
10:57:47	10.43	0.03	41	42763	买盘
10:57:36	10.4	--	862	896480	买盘
10:57:31	10.4	--	5	5200	买盘
10:57:26	10.4	--	80	83200	买盘
10:57:21	10.4	-0.05	653	679120	卖盘
10:57:11	10.45	--	0	0	买盘
10:57:06	10.45	--	6	6270	买盘
10:57:01	10.45	--	60	62699	买盘
10:56:56	10.45	--	56	58519	买盘
10:56:51	10.45	-0.01	17	17765	买盘
10:56:46	10.46	--	0	0	买盘
10:56:41	10.46	0.03	100	104600	买盘
10:56:31	10.43	-0.02	24	25032	卖盘
10:56:21	10.45	--	22	22990	卖盘
10:56:11	10.45	--	97	101365	买盘
10:56:06	10.45	--	4	4180	买盘
10:56:01	10.45	--	50	52250	买盘
10:55:56	10.45	--	60	62699	买盘
10:55:51	10.45	-0.01	80	83600	买盘
10:55:46	10.46	--	0	0	买盘
10:55:40	10.46	--	30	31380	买盘
10:55:36	10.46	--	80	83680	买盘
10:55:31	10.46	--	13	13598	买盘
10:55:25	10.46	--	70	73220	买盘
10:55:21	10.46	--	47	49162	买盘
10:55:10	10.46	0.03	60	62760	买盘
10:55:06	10.43	-0.03	19	19817	卖盘
10:55:01	10.46	--	13	13598	买盘
10:54:55	10.46	--	0	0	买盘
10:54:51	10.46	0.01	50	52300	买盘
10:54:41	10.45	--	6	6270	买盘
10:54:36	10.45	0.02	44	45980	买盘
10:54:30	10.43	-0.02	4	4172	卖盘
10:54:21	10.45	--	5	5225	买盘
10:54:16	10.45	--	25	26125	买盘
10:54:11	10.45	--	25	26125	买盘
10:54:05	10.45	0.02	5	5225	买盘
10:53:55	10.43	-0.02	46	47978	卖盘
10:53:35	10.45	--	11	11495	买盘
10:53:31	10.45	--	5	5225	买盘
10:53:15	10.45	--	2	2090	买盘
10:53:11	10.45	--	18	18810	卖盘
10:53:05	10.45	--	8	8360	卖盘
10:52:55	10.45	--	9	9405	卖盘
10:52:45	10.45	-0.01	1	1045	卖盘
10:52:41	10.46	--	14	14644	买盘
10:52:35	10.46	--	0	0	买盘
10:52:30	10.46	--	27	28242	买盘
10:52:25	10.46	--	50	52300	买盘
10:52:20	10.46	0.01	52	54392	买盘
10:52:15	10.45	-0.01	20	20900	卖盘
10:52:10	10.46	--	6	6276	买盘
10:51:50	10.46	--	5	5230	买盘
10:51:45	10.46	--	24	25104	买盘
10:51:35	10.46	0.01	10	10460	买盘
10:51:30	10.45	-0.01	56	58519	卖盘
10:51:25	10.46	--	13	13598	买盘
10:51:20	10.46	--	43	44978	买盘
10:51:15	10.46	--	0	0	买盘
10:51:11	10.46	0.01	500	523000	买盘
10:51:05	10.45	0.02	24	25080	买盘
10:50:55	10.43	0.02	1054	1099322	买盘
10:50:50	10.41	0.01	848	882768	买盘
10:50:40	10.4	--	42	43680	买盘
10:50:35	10.4	--	23	23920	买盘
10:50:30	10.4	0.01	5	5200	买盘
10:50:20	10.39	-0.01	100	103900	卖盘
10:50:05	10.4	0.01	5	5200	买盘
10:50:00	10.39	-0.01	1	1039	卖盘
10:49:55	10.4	--	62	64480	买盘
10:49:49	10.4	0.01	48	49920	买盘
10:49:45	10.39	--	5	5195	买盘
10:49:34	10.39	-0.01	266	276374	卖盘
10:49:30	10.4	0.01	4	4160	买盘
10:49:15	10.39	-0.01	170	176630	卖盘
10:49:05	10.4	--	17	17680	买盘
10:48:45	10.4	--	5	5200	买盘
10:48:34	10.4	0.01	4	4160	买盘
10:48:19	10.39	--	132	137148	买盘
10:48:10	10.39	0.01	10	10390	买盘
10:48:04	10.38	-0.01	22	22836	卖盘
10:47:44	10.39	0.01	6	6234	买盘
10:47:20	10.38	-0.01	301	312438	卖盘
10:47:05	10.39	--	31	32209	买盘
10:46:44	10.39	0.01	6	6234	买盘
10:46:29	10.38	-0.01	16	16608	卖盘
10:46:14	10.39	0.01	35	36365	买盘
10:45:59	10.38	-0.01	62	64356	卖盘
10:45:49	10.39	--	30	31170	买盘
10:45:29	10.39	-0.01	87	90393	卖盘
10:45:14	10.4	0.01	6	6240	买盘
10:44:54	10.39	-0.01	14	14546	卖盘
10:44:49	10.4	--	37	38480	买盘
10:44:24	10.4	--	18	18720	买盘
10:44:19	10.4	--	0	0	买盘
10:44:14	10.4	0.01	72	74880	买盘
10:44:09	10.39	--	39	40521	卖盘
10:43:59	10.39	--	6	6234	买盘
10:43:54	10.39	--	15	15585	买盘
10:43:44	10.39	--	37	38443	买盘
10:43:39	10.39	--	20	20780	买盘
10:43:24	10.39	0.01	50	51950	买盘
10:43:09	10.38	-0.01	14	14532	卖盘
10:42:58	10.39	--	38	39482	买盘
10:42:44	10.39	--	13	13507	买盘
10:42:39	10.39	--	131	136109	买盘
10:42:28	10.39	--	30	31170	买盘
10:42:24	10.39	--	15	15585	买盘
10:42:19	10.39	--	60	62340	卖盘
10:42:09	10.39	-0.01	14	14546	卖盘
10:41:49	10.4	--	13	13520	买盘
10:41:43	10.4	--	20	20800	买盘
10:41:39	10.4	0.01	6	6240	买盘
10:41:34	10.39	--	5	5195	卖盘
10:41:28	10.39	-0.01	36	37404	卖盘
10:41:23	10.4	--	10	10400	买盘
10:41:04	10.4	--	20	20800	买盘
10:40:59	10.4	--	15	15600	买盘
10:40:53	10.4	--	6	6240	买盘
10:40:43	10.4	--	19	19760	买盘
10:40:34	10.4	0.01	10	10400	买盘
10:40:28	10.39	-0.01	1000	1039000	卖盘
10:40:18	10.4	--	10	10400	买盘
10:40:13	10.4	--	17	17680	买盘
10:39:58	10.4	--	44	45760	买盘
10:39:38	10.4	--	65	67600	买盘
10:39:28	10.4	--	7	7280	买盘
10:39:23	10.4	--	45	46800	买盘
10:39:13	10.4	--	30	31200	买盘
10:38:58	10.4	--	2	2080	买盘
10:38:48	10.4	--	1	1040	买盘
10:38:43	10.4	0.02	53	55120	买盘
10:38:38	10.38	-0.02	2	2076	卖盘
10:38:28	10.4	--	1	1040	买盘
10:38:18	10.4	--	3	3120	买盘
10:38:03	10.4	--	2	2080	买盘
10:37:48	10.4	--	0	0	买盘
10:37:38	10.4	--	4	4160	买盘
10:37:33	10.4	--	5	5200	买盘
10:37:13	10.4	0.01	96	99840	买盘
10:37:08	10.39	--	67	69613	买盘
10:37:03	10.39	--	2	2078	买盘
10:36:53	10.39	--	6	6234	买盘
10:36:43	10.39	--	1	1039	买盘
10:36:37	10.39	0.01	35	36365	买盘
10:36:22	10.38	--	40	41520	买盘
10:35:58	10.38	0.01	2	2076	买盘
10:35:52	10.37	-0.01	16	16592	卖盘
10:35:28	10.38	0.01	3	3114	买盘
10:35:22	10.37	-0.01	116	120291	卖盘
10:35:07	10.38	--	10	10380	买盘
10:34:52	10.38	--	13	13494	买盘
10:34:37	10.38	0.01	79	82002	买盘
10:34:17	10.37	-0.01	1	1037	卖盘
10:34:02	10.38	--	18	18684	买盘
10:33:52	10.38	--	17	17646	买盘
10:33:32	10.38	--	11	11418	买盘
10:33:22	10.38	--	5	5190	买盘
10:33:17	10.38	0.01	9	9342	买盘
10:33:07	10.37	-0.01	12	12443	卖盘
10:33:02	10.38	0.01	137	142206	买盘
10:32:47	10.37	-0.01	6	6221	卖盘
10:32:37	10.38	0.01	29	30102	买盘
10:32:17	10.37	-0.01	12	12443	卖盘
10:32:07	10.38	--	4	4152	买盘
10:32:02	10.38	-0.01	55	57090	卖盘
10:31:57	10.39	--	9	9351	买盘
10:31:42	10.39	--	11	11429	买盘
10:31:32	10.39	0.02	10	10390	买盘
10:31:17	10.37	-0.02	16	16592	卖盘
10:31:07	10.39	--	41	42599	买盘
10:31:02	10.39	--	6	6234	买盘
10:30:57	10.39	--	5	5195	买盘
10:30:27	10.39	--	32	33248	买盘
10:30:16	10.39	--	4	4156	买盘
10:30:01	10.39	--	64	66496	买盘
10:29:57	10.39	0.02	3	3117	买盘
10:29:42	10.37	-0.02	9	9333	卖盘
10:29:27	10.39	--	3	3117	买盘
10:29:22	10.39	-0.01	2	2078	买盘
10:29:01	10.4	--	0	0	买盘
10:28:57	10.4	0.01	56	58240	买盘
10:28:41	10.39	--	1	1039	买盘
10:28:31	10.39	--	5	5195	买盘
10:28:11	10.39	--	27	28053	买盘
10:27:56	10.39	0.02	40	41560	买盘
10:27:16	10.37	-0.02	10	10370	卖盘
10:27:11	10.39	0.02	28	29092	买盘
10:26:56	10.37	-0.02	4	4148	卖盘
10:26:21	10.39	0.02	10	10390	买盘
10:26:06	10.37	0.01	12	12443	卖盘
10:25:46	10.36	--	0	0	卖盘
10:25:26	10.36	-0.01	14	14504	卖盘
10:25:21	10.37	-0.02	4	4148	卖盘
10:25:01	10.39	--	2	2078	买盘
10:24:46	10.39	0.02	42	43638	买盘
10:24:26	10.37	-0.02	14	14517	卖盘
10:24:21	10.39	0.02	19	19741	买盘
10:24:10	10.37	-0.02	123	127550	卖盘
10:24:01	10.39	--	10	10390	买盘
10:23:40	10.39	--	25	25975	买盘
10:23:36	10.39	0.01	77	80003	买盘
10:23:31	10.38	--	20	20760	买盘
10:23:21	10.38	--	10	10380	买盘
10:23:10	10.38	--	17	17646	买盘
10:23:06	10.38	--	5	5190	买盘
10:22:55	10.38	-0.01	4	4152	卖盘
10:22:40	10.39	--	8	8312	买盘
10:22:36	10.39	0.01	39	40521	买盘
10:22:25	10.38	-0.01	21	21798	卖盘
10:22:21	10.39	0.01	3	3117	买盘
10:22:10	10.38	--	0	0	中性盘
10:22:05	10.38	--	3	3114	买盘
10:22:01	10.38	-0.01	317	329046	卖盘
10:21:55	10.39	--	20	20780	买盘
10:21:40	10.39	--	6	6234	买盘
10:21:25	10.39	--	109	113251	卖盘
10:21:20	10.39	--	144	149616	卖盘
10:21:00	10.39	--	4	4156	卖盘
10:20:35	10.39	--	19	19741	卖盘
10:20:20	10.39	--	1	1039	卖盘
10:20:15	10.39	-0.01	6	6234	卖盘
10:20:00	10.4	--	14	14560	买盘
10:19:50	10.4	--	13	13520	买盘
10:19:40	10.4	--	18	18720	买盘
10:19:35	10.4	--	11	11440	买盘
10:19:25	10.4	0.01	20	20800	买盘
10:19:00	10.39	0.01	145	150655	买盘
10:18:45	10.38	--	2	2076	卖盘
10:18:40	10.38	--	4	4152	卖盘
10:18:35	10.38	--	0	0	卖盘
10:18:30	10.38	--	2	2076	卖盘
10:18:20	10.38	--	22	22836	买盘
10:18:10	10.38	-0.02	216	224208	卖盘
10:18:05	10.4	0.02	40	41600	买盘
10:18:00	10.38	--	2	2076	卖盘
10:17:55	10.38	--	0	0	卖盘
10:17:34	10.38	-0.01	1320	1370160	卖盘
10:17:30	10.39	--	43	44677	买盘
10:17:10	10.39	--	16	16624	买盘
10:17:04	10.39	--	22	22858	买盘
10:16:49	10.39	--	2	2078	买盘
10:16:45	10.39	--	45	46755	买盘
10:16:40	10.39	--	20	20780	买盘
10:16:34	10.39	--	16	16624	买盘
10:16:30	10.39	--	32	33248	买盘
10:16:19	10.39	--	3	3117	买盘
10:16:15	10.39	--	29	30131	卖盘
10:16:00	10.39	--	133	138187	买盘
10:15:04	10.39	-0.01	50	51950	卖盘
10:14:55	10.4	--	56	58240	买盘
10:14:44	10.4	--	108	112320	买盘
10:14:39	10.4	--	200	208000	卖盘
10:14:29	10.4	-0.01	5	5200	卖盘
10:14:19	10.41	--	29	30189	买盘
10:14:14	10.41	0.01	24	24984	买盘
10:14:09	10.4	-0.01	29	30160	买盘
10:14:04	10.41	--	0	0	买盘
10:13:59	10.41	--	82	85362	买盘
10:13:49	10.41	0.01	12	12492	买盘
10:13:44	10.4	0.02	6	6240	买盘
10:13:39	10.38	--	0	0	卖盘
10:13:34	10.38	-0.03	10	10380	卖盘
10:13:29	10.41	--	0	0	买盘
10:13:19	10.41	0.01	46	47886	买盘
10:13:04	10.4	--	0	0	卖盘
10:12:59	10.4	--	4	4160	买盘
10:12:49	10.4	--	43	44720	买盘
10:12:44	10.4	--	10	10400	买盘
10:12:39	10.4	-0.01	49	50960	卖盘
10:12:29	10.41	0.01	10	10410	买盘
10:12:19	10.4	--	71	73840	买盘
10:12:14	10.4	0.01	44	45760	买盘
10:12:09	10.39	-0.01	2	2078	中性盘
10:12:04	10.4	0.01	72	74880	买盘
10:11:59	10.39	--	0	0	买盘
10:11:54	10.39	0.03	4	4156	买盘
10:11:24	10.36	--	1	1036	卖盘
10:11:09	10.36	-0.03	6	6216	卖盘
10:10:58	10.39	0.02	9	9351	买盘
10:10:43	10.37	-0.01	5	5185	卖盘
10:10:39	10.38	--	13	13494	卖盘
10:10:28	10.38	--	27	28026	卖盘
10:10:13	10.38	--	0	0	卖盘
10:10:09	10.38	-0.02	6	6228	卖盘
10:09:54	10.4	--	20	20800	买盘
10:09:49	10.4	--	4	4160	买盘
10:09:43	10.4	--	43	44720	买盘
10:09:19	10.4	--	40	41600	买盘
10:09:13	10.4	0.01	26	27040	买盘
10:09:04	10.39	--	0	0	中性盘
10:08:58	10.39	-0.01	39	40521	买盘
10:08:53	10.4	--	0	0	买盘
10:08:43	10.4	0.03	5	5200	买盘
10:08:38	10.37	--	0	0	卖盘
10:08:28	10.37	-0.03	4	4148	卖盘
10:08:23	10.4	0.01	38	39520	买盘
10:07:58	10.39	--	27	28053	买盘
10:07:43	10.39	--	3	3117	买盘
10:07:33	10.39	--	4	4156	买盘
10:07:23	10.39	--	31	32209	买盘
10:07:08	10.39	--	5	5195	买盘
10:06:58	10.39	--	20	20780	买盘
10:06:53	10.39	-0.01	4	4156	卖盘
10:06:48	10.4	--	28	29120	买盘
10:06:43	10.4	--	27	28080	买盘
10:06:38	10.4	0.05	18	18720	买盘
10:06:13	10.35	--	0	0	卖盘
10:06:08	10.35	--	0	0	卖盘
10:05:48	10.35	--	5	5175	卖盘
10:05:42	10.35	--	10	10350	卖盘
10:05:38	10.35	-0.05	5	5175	卖盘
10:05:33	10.4	0.05	33	34320	买盘
10:05:13	10.35	-0.02	8	8280	买盘
10:04:48	10.37	-0.03	31	32146	卖盘
10:04:33	10.4	0.01	21	21840	买盘
10:04:28	10.39	0.02	10	10390	卖盘
10:04:22	10.37	0.03	5	5185	卖盘
10:04:18	10.34	-0.04	430	444620	卖盘
10:04:12	10.38	0.01	20	20760	买盘
10:04:07	10.37	--	2	2074	卖盘
10:03:58	10.37	-0.01	245	254064	卖盘
10:03:48	10.38	--	231	239778	卖盘
10:03:33	10.38	--	20	20760	卖盘
10:03:28	10.38	-0.01	1	1038	卖盘
10:03:07	10.39	-0.01	23	23897	卖盘
10:03:02	10.4	--	80	83200	买盘
10:02:47	10.4	--	17	17680	买盘
10:02:37	10.4	--	54	56160	买盘
10:02:32	10.4	0.01	24	24960	买盘
10:01:47	10.39	0.01	20	20780	中性盘
10:01:17	10.38	--	13	13494	卖盘
10:01:07	10.38	--	73	75774	卖盘
10:00:52	10.38	-0.01	50	51900	卖盘
10:00:47	10.39	0.01	30	31170	买盘
10:00:12	10.38	-0.01	5	5190	卖盘
09:59:42	10.39	--	28	29092	买盘
09:59:27	10.39	--	3	3117	买盘
09:59:17	10.39	0.01	60	62340	买盘
09:58:46	10.38	--	0	0	卖盘
09:58:37	10.38	-0.01	40	41520	卖盘
09:58:31	10.39	--	3	3117	卖盘
09:58:27	10.39	--	2	2078	卖盘
09:58:16	10.39	-0.01	15	15585	卖盘
09:58:12	10.4	--	29	30160	买盘
09:58:01	10.4	0.01	2	2080	买盘
09:57:57	10.39	--	0	0	中性盘
09:57:42	10.39	--	0	0	买盘
09:57:36	10.39	--	3	3117	买盘
09:57:31	10.39	-0.01	30	31170	买盘
09:57:12	10.4	0.02	64	66560	买盘
09:57:07	10.38	-0.01	3	3114	卖盘
09:56:56	10.39	--	0	0	买盘
09:56:52	10.39	0.02	8	8312	卖盘
09:56:41	10.37	-0.03	2	2074	卖盘
09:56:37	10.4	0.01	243	252720	买盘
09:56:26	10.39	--	100	103900	卖盘
09:56:16	10.39	--	41	42599	卖盘
09:56:11	10.39	-0.01	194	201566	卖盘
09:56:07	10.4	--	28	29120	买盘
09:55:36	10.4	--	79	82160	买盘
09:55:31	10.4	--	87	90480	买盘
09:55:26	10.4	--	2	2080	买盘
09:55:21	10.4	--	34	35360	买盘
09:55:16	10.4	0.01	99	102960	买盘
09:55:11	10.39	-0.01	165	171435	卖盘
09:55:06	10.4	--	4	4160	买盘
09:55:01	10.4	--	48	49920	买盘
09:54:51	10.4	--	16	16640	买盘
09:54:46	10.4	--	8	8320	买盘
09:54:41	10.4	--	71	73840	买盘
09:54:31	10.4	--	27	28080	买盘
09:54:26	10.4	0.01	42	43680	买盘
09:54:21	10.39	-0.01	19	19741	卖盘
09:54:16	10.4	--	3	3120	买盘
09:54:11	10.4	0.01	32	33280	买盘
09:53:51	10.39	--	88	91432	卖盘
09:53:36	10.39	-0.01	120	124680	卖盘
09:53:06	10.4	-0.01	1499	1558960	卖盘
09:53:01	10.41	--	2	2082	卖盘
09:52:40	10.41	--	8	8328	卖盘
09:52:25	10.41	--	5	5205	卖盘
09:52:06	10.41	--	21	21861	买盘
09:51:40	10.41	--	3	3123	买盘
09:51:31	10.41	--	10	10410	买盘
09:51:10	10.41	--	31	32271	卖盘
09:50:55	10.41	-0.01	100	104100	卖盘
09:50:51	10.42	--	18	18756	买盘
09:50:46	10.42	--	25	26050	买盘
09:50:35	10.42	--	45	46890	卖盘
09:50:16	10.42	-0.01	15	15630	卖盘
09:50:10	10.43	--	50	52150	买盘
09:50:05	10.43	--	78	81354	卖盘
09:49:50	10.43	--	18	18774	卖盘
09:49:40	10.43	--	146	152278	卖盘
09:49:35	10.43	-0.01	14	14602	卖盘
09:49:30	10.44	--	288	301194	卖盘
09:49:25	10.44	--	10	10440	卖盘
09:49:20	10.44	--	38	39672	卖盘
09:49:10	10.44	--	41	42804	卖盘
09:48:55	10.44	-0.01	44	46458	卖盘
09:48:50	10.45	-0.01	25	26125	卖盘
09:48:40	10.46	0.01	79	82634	买盘
09:48:35	10.45	--	19	19855	卖盘
09:48:25	10.45	-0.01	3	3135	卖盘
09:48:20	10.46	--	12	12552	卖盘
09:48:15	10.46	--	4	4184	卖盘
09:48:10	10.46	--	5	5230	卖盘
09:48:05	10.46	-0.01	65	67990	中性盘
09:47:55	10.47	0.01	27	28269	买盘
09:47:50	10.46	--	38	39748	买盘
09:47:45	10.46	-0.01	16	16736	买盘
09:47:40	10.47	0.01	27	28269	买盘
09:47:35	10.46	-0.01	2	2092	卖盘
09:47:30	10.47	--	18	18846	买盘
09:47:25	10.47	0.01	34	35598	买盘
09:47:20	10.46	-0.02	57	59622	卖盘
09:47:15	10.48	0.01	200	209600	买盘
09:47:10	10.47	--	36	37692	卖盘
09:47:05	10.47	--	30	31410	卖盘
09:47:00	10.47	0.01	66	69102	买盘
09:46:55	10.46	0.01	9	9414	买盘
09:46:50	10.45	--	131	136895	买盘
09:46:40	10.45	0.01	20	20900	买盘
09:46:35	10.44	0.01	176	183744	买盘
09:46:30	10.43	--	44	45892	卖盘
09:46:19	10.43	--	400	417200	买盘
09:46:15	10.43	0.01	13	13559	买盘
09:46:10	10.42	-0.01	16	16672	卖盘
09:46:04	10.43	0.03	48	50064	买盘
09:46:00	10.4	-0.02	50	52000	卖盘
09:45:49	10.42	0.01	719	749198	买盘
09:45:45	10.41	--	9	9369	买盘
09:45:30	10.41	0.01	3	3123	买盘
09:45:25	10.4	-0.01	50	52000	卖盘
09:45:19	10.41	0.01	10	10410	买盘
09:45:15	10.4	-0.01	10	10400	卖盘
09:45:10	10.41	--	50	52050	买盘
09:45:00	10.41	0.01	1	1041	买盘
09:44:49	10.4	0.01	38	39520	买盘
09:44:45	10.39	--	0	0	卖盘
09:44:40	10.39	-0.01	153	158967	卖盘
09:44:34	10.4	--	6	6240	卖盘
09:44:29	10.4	--	109	113360	卖盘
09:44:25	10.4	--	52	54080	卖盘
09:44:19	10.4	-0.01	100	104000	卖盘
09:44:14	10.41	--	8	8328	买盘
09:44:04	10.41	--	1	1041	买盘
09:43:59	10.41	0.01	12	12492	买盘
09:43:55	10.4	-0.01	18	18720	卖盘
09:43:49	10.41	0.01	20	20820	买盘
09:43:44	10.4	--	21	21840	卖盘
09:43:29	10.4	-0.01	7	7280	卖盘
09:43:25	10.41	0.01	3	3123	买盘
09:43:14	10.4	--	66	68640	买盘
09:43:04	10.4	0.01	48	49920	买盘
09:42:49	10.39	-0.01	57	59223	卖盘
09:42:34	10.4	--	20	20800	买盘
09:42:29	10.4	--	76	79040	买盘
09:42:24	10.4	0.01	6	6240	买盘
09:42:19	10.39	--	79	82081	卖盘
09:42:14	10.39	--	10	10390	卖盘
09:42:09	10.39	--	23	23897	卖盘
09:42:04	10.39	--	3	3117	卖盘
09:41:59	10.39	-0.02	2	2078	卖盘
09:41:49	10.41	0.01	39	40599	买盘
09:41:44	10.4	0.01	3	3120	买盘
09:41:39	10.39	-0.01	50	51950	卖盘
09:41:34	10.4	0.01	73	75920	买盘
09:41:24	10.39	-0.01	5	5195	卖盘
09:41:19	10.4	0.01	39	40560	买盘
09:41:14	10.39	-0.01	20	20780	卖盘
09:41:09	10.4	0.01	128	133120	买盘
09:40:59	10.39	--	50	51950	卖盘
09:40:54	10.39	0.01	163	169357	买盘
09:40:49	10.38	--	39	40482	买盘
09:40:44	10.38	--	58	60204	卖盘
09:40:14	10.38	0.01	162	168156	买盘
09:39:58	10.37	-0.01	46	47702	卖盘
09:39:54	10.38	--	157	162966	买盘
09:39:49	10.38	0.01	90	93420	买盘
09:39:43	10.37	-0.01	18	18666	卖盘
09:39:39	10.38	0.01	39	40482	买盘
09:39:34	10.37	--	18	18666	中性盘
09:39:28	10.37	--	0	0	卖盘
09:39:19	10.37	--	18	18666	卖盘
09:39:13	10.37	--	33	34221	卖盘
09:39:09	10.37	--	1	1037	买盘
09:39:04	10.37	-0.01	19	19703	买盘
09:38:43	10.38	0.01	11	11418	买盘
09:38:34	10.37	--	39	40443	买盘
09:38:28	10.37	-0.01	62	64293	卖盘
09:38:24	10.38	0.01	14	14532	买盘
09:38:13	10.37	0.02	25	25924	买盘
09:38:04	10.35	-0.02	5	5175	卖盘
09:37:58	10.37	--	67	69479	买盘
09:37:53	10.37	--	26	26961	买盘
09:37:43	10.37	--	0	0	买盘
09:37:38	10.37	0.02	128	132736	买盘
09:37:28	10.35	--	58	60030	买盘
09:37:23	10.35	--	3	3105	买盘
09:37:13	10.35	-0.01	31	32085	卖盘
09:37:08	10.36	0.02	13	13468	卖盘
09:36:58	10.34	-0.03	5	5170	卖盘
09:36:53	10.37	0.01	39	40443	买盘
09:36:43	10.36	0.01	75	77700	买盘
09:36:38	10.35	-0.01	18	18630	卖盘
09:36:33	10.36	--	24	24864	买盘
09:36:28	10.36	0.01	20	20720	买盘
09:36:23	10.35	--	158	163530	买盘
09:36:18	10.35	0.01	75	77625	买盘
09:36:13	10.34	--	23	23782	买盘
09:36:08	10.34	--	15	15510	买盘
09:36:03	10.34	--	85	87890	买盘
09:35:58	10.34	--	29	29986	买盘
09:35:43	10.34	--	2	2068	买盘
09:35:28	10.34	-0.01	11	11374	买盘
09:35:13	10.35	--	0	0	买盘
09:35:08	10.35	--	32	33120	买盘
09:35:03	10.35	--	1	1035	买盘
09:34:53	10.35	--	0	0	买盘
09:34:48	10.35	0.02	38	39330	买盘
09:34:43	10.33	--	19	19627	买盘
09:34:38	10.33	--	14	14462	卖盘
09:33:57	10.33	--	8	8264	买盘
09:33:43	10.33	--	58	59914	买盘
09:33:28	10.33	0.01	11	11363	买盘
09:33:18	10.32	-0.03	18	18576	卖盘
09:33:13	10.35	--	0	0	买盘
09:32:57	10.35	--	26	26910	买盘
09:32:37	10.35	--	3	3105	买盘
09:32:33	10.35	--	0	0	买盘
09:32:22	10.35	--	61	63135	买盘
09:32:03	10.35	--	11	11385	买盘
09:31:58	10.35	--	30	31050	买盘
09:31:43	10.35	--	11	11385	卖盘
09:31:37	10.35	--	44	45540	卖盘
09:31:22	10.35	--	47	48645	买盘
09:30:52	10.35	-0.01	3	3105	买盘
09:30:47	10.36	--	0	0	买盘
09:30:22	10.36	--	3	3108	买盘
09:30:17	10.36	--	30	31080	买盘
09:30:07	10.36	-0.01	84	87024	买盘
09:30:02	10.37	--	0	0	买盘
09:28:40	10.37	--	0	0	买盘
09:25:01	10.37	10.37	17	17629	买盘
