成交时间	成交价	价格变动	成交量(手)	成交额(元)	性质
15:00:00	16.42	--	0	0	卖盘
15:00:00	16.42	-0.01	0	0	卖盘
15:00:00	16.43	--	6	9858	买盘
14:59:59	16.43	--	157	257951	买盘
14:59:49	16.43	--	25	41075	买盘
14:59:44	16.43	--	70	115010	买盘
14:59:38	16.43	--	10	16430	买盘
14:59:34	16.43	--	4	6572	买盘
14:59:29	16.43	--	30	49290	买盘
14:59:23	16.43	0.01	257	423483	买盘
14:59:19	16.42	--	12	19704	卖盘
14:59:14	16.42	0.01	472	776009	买盘
14:59:08	16.41	-0.01	59	96819	卖盘
14:59:04	16.42	0.01	103	169126	买盘
14:58:59	16.41	-0.02	1759	2887175	卖盘
14:58:53	16.43	0.01	198	325314	买盘
14:58:49	16.42	--	18	29556	卖盘
14:58:44	16.42	-0.01	20	32840	卖盘
14:58:38	16.43	0.02	680	1118225	买盘
14:58:34	16.41	-0.01	17	27897	卖盘
14:58:29	16.42	-0.01	20	33496	卖盘
14:58:23	16.43	0.02	91	150498	买盘
14:58:19	16.41	0.01	24	39384	买盘
14:58:14	16.4	-0.01	2031	3330839	卖盘
14:58:08	16.41	--	67	109947	卖盘
14:58:04	16.41	-0.01	237	390065	卖盘
14:57:59	16.42	--	1732	2843944	买盘
14:57:53	16.42	0.01	36	59112	买盘
14:57:49	16.41	-0.01	148	244016	卖盘
14:57:44	16.42	0.01	121	198682	买盘
14:57:38	16.41	--	84	137844	卖盘
14:57:34	16.41	--	4	6564	卖盘
14:57:29	16.41	-0.01	14	22974	卖盘
14:57:23	16.42	0.01	44	72248	买盘
14:57:19	16.41	--	18	29538	卖盘
14:57:14	16.41	--	32	52512	卖盘
14:57:08	16.41	0.01	367	602247	买盘
14:57:04	16.4	-0.01	73	119719	卖盘
14:56:59	16.41	--	49	80409	买盘
14:56:53	16.41	0.01	64	105024	买盘
14:56:44	16.4	-0.01	58	95119	卖盘
14:56:38	16.41	--	8	13128	卖盘
14:56:34	16.41	0.01	27	44307	中性盘
14:56:29	16.4	-0.01	59	96759	卖盘
14:56:23	16.41	0.01	10	16410	中性盘
14:56:19	16.4	--	200	328000	卖盘
14:56:14	16.4	--	106	173839	卖盘
14:56:08	16.4	-0.01	53	86919	卖盘
14:56:04	16.41	0.01	56	91896	买盘
14:55:59	16.4	-0.01	9	14759	卖盘
14:55:53	16.41	0.01	25	41189	买盘
14:55:49	16.4	--	50	82000	卖盘
14:55:44	16.4	--	22	36080	卖盘
14:55:38	16.4	--	31	50839	卖盘
14:55:34	16.4	-0.01	14	22959	卖盘
14:55:29	16.41	--	82	134562	买盘
14:55:23	16.41	--	30	49230	卖盘
14:55:19	16.41	--	22	36102	买盘
14:55:14	16.41	0.01	23	37743	买盘
14:55:08	16.4	--	34	55759	卖盘
14:55:04	16.4	-0.01	4	6559	卖盘
14:54:59	16.41	0.01	7	11487	中性盘
14:54:53	16.4	-0.01	44	72160	卖盘
14:54:49	16.41	0.01	4	6564	卖盘
14:54:44	16.4	--	17	27879	卖盘
14:54:38	16.4	--	50	82000	卖盘
14:54:34	16.4	--	90	147600	卖盘
14:54:29	16.4	--	27	44279	卖盘
14:54:23	16.4	--	106	173839	卖盘
14:54:19	16.4	-0.01	8	13119	卖盘
14:54:14	16.41	0.01	43	70563	中性盘
14:54:08	16.4	--	34	55759	卖盘
14:54:04	16.4	--	308	505119	卖盘
14:53:58	16.4	--	323	529720	卖盘
14:53:53	16.4	--	27	44279	卖盘
14:53:47	16.4	--	0	0	卖盘
14:53:43	16.4	--	142	233995	卖盘
14:53:38	16.4	-0.02	298	488719	卖盘
14:53:32	16.42	0.01	40	65680	买盘
14:53:28	16.41	0.01	373	612093	买盘
14:53:23	16.4	-0.01	115	188599	卖盘
14:53:17	16.41	--	38	62522	卖盘
14:53:13	16.41	0.01	146	240898	买盘
14:53:08	16.4	--	41	68617	买盘
14:53:02	16.4	0.01	151	247639	买盘
14:52:58	16.39	-0.01	88	144232	卖盘
14:52:53	16.4	--	235	385662	卖盘
14:52:47	16.4	--	47	77080	卖盘
14:52:43	16.4	--	28	45919	卖盘
14:52:38	16.4	--	91	149240	卖盘
14:52:32	16.4	--	87	144057	买盘
14:52:28	16.4	--	34	55759	买盘
14:52:23	16.4	--	38	62319	买盘
14:52:17	16.4	--	229	375559	买盘
14:52:13	16.4	0.01	5	8200	买盘
14:52:08	16.39	-0.01	39	63921	卖盘
14:52:02	16.4	--	44	72520	买盘
14:51:58	16.4	-0.01	1732	2840742	卖盘
14:51:53	16.41	--	173	283893	卖盘
14:51:47	16.41	-0.01	56	91896	卖盘
14:51:43	16.42	--	22	36124	买盘
14:51:38	16.42	--	21	34482	买盘
14:51:32	16.42	0.01	354	581268	买盘
14:51:28	16.41	-0.01	23	37743	卖盘
14:51:23	16.42	0.01	33	54186	买盘
14:51:17	16.41	--	42	68922	卖盘
14:51:13	16.41	-0.01	21	34461	卖盘
14:51:08	16.42	--	20	32840	买盘
14:51:02	16.42	--	34	55828	买盘
14:50:58	16.42	-0.01	24	39408	中性盘
14:50:53	16.43	0.02	27	44361	买盘
14:50:47	16.41	--	24	39384	卖盘
14:50:43	16.41	--	13	21333	卖盘
14:50:38	16.41	--	27	44307	卖盘
14:50:32	16.41	--	33	54153	卖盘
14:50:23	16.41	0.01	47	77127	买盘
14:50:17	16.4	--	10	16400	卖盘
14:50:13	16.4	-0.03	369	605160	卖盘
14:50:08	16.43	0.03	364	598052	买盘
14:50:02	16.4	-0.03	35	57399	卖盘
14:49:58	16.43	0.03	6	9858	买盘
14:49:53	16.4	--	18	29519	卖盘
14:49:47	16.4	-0.01	21	34440	卖盘
14:49:43	16.41	--	6	9846	买盘
14:49:38	16.41	--	2011	3300051	卖盘
14:49:32	16.41	--	105	172305	卖盘
14:49:28	16.41	-0.01	10	16410	卖盘
14:49:23	16.42	--	199	326758	买盘
14:49:17	16.42	0.01	98	160916	买盘
14:49:13	16.41	-0.01	17	27897	卖盘
14:49:08	16.42	0.01	45	73890	买盘
14:49:02	16.41	-0.01	13	21333	卖盘
14:48:58	16.42	--	18	29556	买盘
14:48:53	16.42	-0.01	82	135218	卖盘
14:48:47	16.43	--	70	115010	买盘
14:48:43	16.43	0.01	50	82150	买盘
14:48:38	16.42	--	26	42692	卖盘
14:48:32	16.42	--	39	65105	卖盘
14:48:28	16.42	--	25	41050	卖盘
14:48:23	16.42	--	13	21346	卖盘
14:48:17	16.42	--	60	98520	卖盘
14:48:13	16.42	-0.01	32	52544	中性盘
14:48:08	16.43	0.02	62	101866	买盘
14:48:02	16.41	-0.01	215	353307	卖盘
14:47:58	16.42	--	16	26272	卖盘
14:47:53	16.42	0.01	167	274214	买盘
14:47:47	16.41	-0.01	29	47589	卖盘
14:47:43	16.42	0.01	4	6568	买盘
14:47:38	16.41	-0.01	19	31179	卖盘
14:47:32	16.42	--	51	84464	买盘
14:47:22	16.42	--	14	22988	买盘
14:47:17	16.42	0.01	632	1037744	买盘
14:47:11	16.41	-0.01	5	8205	卖盘
14:47:07	16.42	0.01	82	134644	买盘
14:47:02	16.41	-0.01	37	60717	卖盘
14:46:52	16.42	0.01	30	49260	买盘
14:46:47	16.41	--	40	65640	卖盘
14:46:41	16.41	--	169	277329	卖盘
14:46:37	16.41	--	75	123075	卖盘
14:46:32	16.41	-0.01	156	255996	卖盘
14:46:26	16.42	0.01	13	21346	买盘
14:46:22	16.41	-0.01	32	52512	卖盘
14:46:17	16.42	0.01	5	8210	买盘
14:46:11	16.41	-0.01	5	8205	卖盘
14:46:07	16.42	0.01	41	67322	买盘
14:45:56	16.41	-0.01	10	16410	卖盘
14:45:47	16.42	0.01	68	111656	买盘
14:45:41	16.41	--	16	27404	卖盘
14:45:37	16.41	-0.01	35	57435	卖盘
14:45:32	16.42	--	26	42692	买盘
14:45:26	16.42	0.01	51	83742	买盘
14:45:11	16.41	-0.01	5	8205	卖盘
14:45:07	16.42	--	1	1642	买盘
14:45:02	16.42	-0.01	4	6568	卖盘
14:44:56	16.43	0.01	46	75578	买盘
14:44:47	16.42	--	29	47618	卖盘
14:44:41	16.42	-0.01	15	24630	卖盘
14:44:32	16.43	0.02	477	784368	买盘
14:44:26	16.41	--	16	26256	买盘
14:44:22	16.41	--	2	3282	买盘
14:44:17	16.41	--	68	111588	买盘
14:44:11	16.41	--	67	109947	买盘
14:44:07	16.41	--	70	114870	买盘
14:44:02	16.41	0.01	26	42666	买盘
14:43:56	16.4	--	87	142680	卖盘
14:43:47	16.4	-0.01	44	72160	卖盘
14:43:41	16.41	--	36	59076	买盘
14:43:37	16.41	--	10	16410	买盘
14:43:32	16.41	0.01	272	446352	买盘
14:43:26	16.4	-0.01	32	52479	卖盘
14:43:22	16.41	--	50	82050	买盘
14:43:17	16.41	0.01	100	164100	买盘
14:43:11	16.4	--	26	42639	卖盘
14:43:02	16.4	-0.01	39	63959	卖盘
14:42:56	16.41	0.01	133	218253	买盘
14:42:47	16.4	-0.01	64	104959	卖盘
14:42:41	16.41	--	580	951780	买盘
14:42:37	16.41	--	1	1641	买盘
14:42:32	16.41	--	109	178869	买盘
14:42:26	16.41	0.01	19	31179	买盘
14:42:22	16.4	--	4	6559	卖盘
14:42:17	16.4	--	26	42639	卖盘
14:42:11	16.4	--	21	34440	卖盘
14:42:07	16.4	--	40	65600	卖盘
14:42:02	16.4	--	77	126279	卖盘
14:41:56	16.4	--	352	577280	卖盘
14:41:52	16.4	--	27	44279	卖盘
14:41:47	16.4	--	42	68880	卖盘
14:41:41	16.4	--	65	106599	卖盘
14:41:37	16.4	--	7	11479	卖盘
14:41:32	16.4	-0.01	106	173839	卖盘
14:41:26	16.41	--	20	32820	买盘
14:41:21	16.41	0.01	16	26256	买盘
14:41:17	16.4	--	91	149240	卖盘
14:41:11	16.4	--	82	134480	卖盘
14:41:06	16.4	--	161	264040	卖盘
14:41:01	16.4	--	247	405079	卖盘
14:40:56	16.4	--	100	164000	卖盘
14:40:50	16.4	--	0	0	卖盘
14:40:46	16.4	-0.01	2177	3570279	卖盘
14:40:41	16.41	--	129	211689	卖盘
14:40:35	16.41	-0.01	12	19692	卖盘
14:40:31	16.42	--	576	947204	卖盘
14:40:26	16.42	--	125	205250	卖盘
14:40:20	16.42	-0.01	8	13136	卖盘
14:40:16	16.43	0.01	8	13144	买盘
14:40:11	16.42	-0.01	77	126434	卖盘
14:40:05	16.43	0.01	87	142941	买盘
14:40:01	16.42	--	22	36124	卖盘
14:39:56	16.42	-0.01	13	21346	卖盘
14:39:46	16.43	--	20	32860	买盘
14:39:41	16.43	0.01	28	46004	买盘
14:39:35	16.42	--	70	114940	卖盘
14:39:31	16.42	--	22	36124	卖盘
14:39:26	16.42	-0.01	35	57470	卖盘
14:39:20	16.43	0.01	71	116653	买盘
14:39:11	16.42	-0.01	116	190472	卖盘
14:39:05	16.43	0.01	25	41075	买盘
14:38:56	16.42	-0.01	28	45976	卖盘
14:38:50	16.43	0.01	23	37789	买盘
14:38:46	16.42	--	131	215102	卖盘
14:38:41	16.42	-0.01	58	95236	卖盘
14:38:35	16.43	0.01	34	55862	买盘
14:38:31	16.42	-0.01	44	72248	卖盘
14:38:26	16.43	0.01	20	32860	买盘
14:38:20	16.42	--	1	1642	卖盘
14:38:16	16.42	--	58	95236	卖盘
14:38:11	16.42	-0.01	62	101804	卖盘
14:38:05	16.43	--	24	39432	买盘
14:38:01	16.43	0.01	9	14787	买盘
14:37:56	16.42	--	17	27914	卖盘
14:37:50	16.42	--	25	41050	卖盘
14:37:41	16.42	-0.01	11	18062	卖盘
14:37:35	16.43	0.01	69	114517	买盘
14:37:31	16.42	--	44	72904	卖盘
14:37:26	16.42	--	173	284066	卖盘
14:37:20	16.42	--	23	37766	卖盘
14:37:16	16.42	--	4	6568	卖盘
14:37:11	16.42	-0.01	26	42692	卖盘
14:37:05	16.43	0.01	16	26288	买盘
14:36:56	16.42	--	15	24630	卖盘
14:36:50	16.42	--	64	105153	卖盘
14:36:41	16.42	--	87	142854	买盘
14:36:35	16.42	0.01	85	139570	买盘
14:36:31	16.41	-0.01	22	36102	卖盘
14:36:26	16.42	--	154	252868	买盘
14:36:20	16.42	--	10	16420	买盘
14:36:16	16.42	--	41	67322	卖盘
14:36:11	16.42	--	14	22988	卖盘
14:36:05	16.42	-0.01	629	1032982	卖盘
14:36:01	16.43	0.01	158	259594	买盘
14:35:56	16.42	-0.01	100	164200	卖盘
14:35:50	16.43	--	16	26288	买盘
14:35:46	16.43	0.01	15	24645	买盘
14:35:41	16.42	-0.01	11	18062	卖盘
14:35:35	16.43	--	24	39432	买盘
14:35:31	16.43	0.01	71	116653	买盘
14:35:26	16.42	--	174	286529	卖盘
14:35:10	16.42	-0.01	13	21346	卖盘
14:35:05	16.43	0.01	16	26288	买盘
14:34:55	16.42	--	134	220028	卖盘
14:34:50	16.42	-0.01	12	19704	卖盘
14:34:45	16.43	--	18	29574	买盘
14:34:40	16.43	--	15	25137	买盘
14:34:35	16.43	--	22	36146	买盘
14:34:29	16.43	0.01	59	96937	买盘
14:34:25	16.42	--	1	1642	卖盘
14:34:20	16.42	-0.01	19	31198	卖盘
14:34:14	16.43	0.01	34	55862	买盘
14:34:10	16.42	--	48	78816	卖盘
14:34:05	16.42	-0.01	13	21346	卖盘
14:33:59	16.43	0.01	16	26288	买盘
14:33:55	16.42	--	114	187188	卖盘
14:33:50	16.42	-0.01	22	36124	卖盘
14:33:44	16.43	0.01	107	175801	买盘
14:33:40	16.42	-0.01	5	8210	卖盘
14:33:35	16.43	--	34	55862	买盘
14:33:29	16.43	0.01	50	82150	买盘
14:33:25	16.42	--	17	27914	卖盘
14:33:20	16.42	-0.01	17	27914	卖盘
14:33:14	16.43	0.01	89	146227	买盘
14:33:10	16.42	-0.01	11	18062	卖盘
14:33:05	16.43	--	30	49290	买盘
14:32:59	16.43	--	7	11501	买盘
14:32:55	16.43	0.01	127	208661	买盘
14:32:50	16.42	--	24	39408	卖盘
14:32:44	16.42	--	102	167484	卖盘
14:32:40	16.42	-0.01	53	87026	卖盘
14:32:35	16.43	--	60	98580	买盘
14:32:29	16.43	--	57	93651	买盘
14:32:25	16.43	0.01	48	78864	买盘
14:32:20	16.42	-0.01	4	6568	卖盘
14:32:14	16.43	0.01	72	118296	买盘
14:32:10	16.42	-0.02	21	34482	卖盘
14:32:05	16.44	0.01	20	32880	买盘
14:31:59	16.43	0.01	18	29574	中性盘
14:31:55	16.42	-0.01	132	216744	卖盘
14:31:50	16.43	-0.02	109	179087	卖盘
14:31:44	16.45	--	18	29610	买盘
14:31:35	16.45	--	17	27965	买盘
14:31:29	16.45	0.03	252	414540	买盘
14:31:20	16.42	-0.03	47	77174	卖盘
14:31:14	16.45	0.02	23	37835	中性盘
14:31:10	16.43	--	1	1643	卖盘
14:31:05	16.43	0.01	76	124868	中性盘
14:30:59	16.42	-0.05	1559	2561191	卖盘
14:30:55	16.47	0.01	79	130112	买盘
14:30:50	16.46	-0.01	102	167892	卖盘
14:30:44	16.47	--	23	37881	买盘
14:30:40	16.47	--	18	29645	买盘
14:30:35	16.47	--	11	18117	买盘
14:30:29	16.47	--	20	32940	买盘
14:30:25	16.47	--	15	24705	买盘
14:30:20	16.47	0.01	75	123524	买盘
14:30:14	16.46	-0.01	1	1646	卖盘
14:30:10	16.47	0.01	6	9882	买盘
14:30:05	16.46	-0.01	65	106990	卖盘
14:29:59	16.47	--	78	128465	买盘
14:29:55	16.47	0.01	32	52704	买盘
14:29:50	16.46	--	17	27982	卖盘
14:29:44	16.46	-0.01	70	115220	卖盘
14:29:35	16.47	--	7	11529	买盘
14:29:29	16.47	0.01	20	32940	买盘
14:29:20	16.46	0.01	189	311587	买盘
14:29:14	16.45	--	149	245105	卖盘
14:29:10	16.45	-0.01	321	528045	卖盘
14:29:05	16.46	--	23	37858	买盘
14:28:59	16.46	--	6	9876	买盘
14:28:55	16.46	--	59	97114	买盘
14:28:49	16.46	--	29	47734	买盘
14:28:44	16.46	--	81	133326	买盘
14:28:39	16.46	--	18	29628	买盘
14:28:35	16.46	--	100	164600	买盘
14:28:29	16.46	--	40	65840	买盘
14:28:24	16.46	0.01	20	32920	买盘
14:28:19	16.45	-0.01	107	176015	卖盘
14:28:14	16.46	0.01	22	36212	买盘
14:28:08	16.45	--	2	3290	卖盘
14:28:04	16.45	-0.01	302	496790	卖盘
14:27:59	16.46	0.01	161	265006	买盘
14:27:53	16.45	-0.01	95	156275	卖盘
14:27:49	16.46	--	606	997476	买盘
14:27:44	16.46	-0.01	827	1362394	卖盘
14:27:38	16.47	0.01	20	32940	买盘
14:27:34	16.46	-0.01	2	3292	卖盘
14:27:29	16.47	--	76	125171	买盘
14:27:23	16.47	--	130	214109	买盘
14:27:19	16.47	0.01	58	96020	买盘
14:27:14	16.46	--	47	77362	卖盘
14:27:08	16.46	--	1	1646	卖盘
14:27:04	16.46	--	10	16460	卖盘
14:26:59	16.46	--	43	70778	卖盘
14:26:49	16.46	--	11	18106	卖盘
14:26:44	16.46	0.01	299	492154	买盘
14:26:38	16.45	--	56	92120	卖盘
14:26:34	16.45	--	8	13160	卖盘
14:26:29	16.45	-0.01	102	167790	卖盘
14:26:19	16.46	0.01	18	29628	买盘
14:26:14	16.45	-0.01	8	13160	卖盘
14:26:08	16.46	0.01	48	79008	买盘
14:25:53	16.45	-0.01	16	26320	卖盘
14:25:49	16.46	0.01	138	227148	买盘
14:25:44	16.45	-0.01	122	200690	卖盘
14:25:38	16.46	--	26	42796	买盘
14:25:29	16.46	--	20	32920	买盘
14:25:23	16.46	0.01	409	673214	买盘
14:25:19	16.45	-0.01	1	1645	卖盘
14:25:14	16.46	0.01	13	21398	买盘
14:25:08	16.45	-0.01	2	3290	卖盘
14:24:59	16.46	--	77	126742	买盘
14:24:53	16.46	0.01	207	340722	买盘
14:24:49	16.45	--	11	18095	卖盘
14:24:44	16.45	-0.02	19	31255	卖盘
14:24:38	16.47	0.02	130	214109	买盘
14:24:34	16.45	-0.02	2	3290	卖盘
14:24:29	16.47	--	85	139995	买盘
14:24:23	16.47	-0.01	58	95526	中性盘
14:24:19	16.48	0.01	470	774560	买盘
14:24:14	16.47	0.02	56	92232	中性盘
14:24:08	16.45	-0.03	125	205625	卖盘
14:24:04	16.48	0.01	487	802576	买盘
14:23:59	16.47	0.01	19	31292	买盘
14:23:53	16.46	-0.02	209	344014	卖盘
14:23:49	16.48	0.01	50	82400	买盘
14:23:44	16.47	-0.01	103	169641	卖盘
14:23:29	16.48	0.01	183	301584	买盘
14:23:23	16.47	0.01	231	380457	买盘
14:23:19	16.46	--	39	64194	买盘
14:23:14	16.46	0.01	32	52672	买盘
14:23:08	16.45	-0.01	37	60865	卖盘
14:23:04	16.46	--	48	79008	买盘
14:22:59	16.46	--	15	24690	买盘
14:22:53	16.46	0.01	34	55964	买盘
14:22:43	16.45	--	11	18095	卖盘
14:22:38	16.45	--	80	131600	买盘
14:22:34	16.45	--	5	8225	买盘
14:22:29	16.45	-0.03	20	32900	买盘
14:22:23	16.48	0.03	825	1359600	买盘
14:22:18	16.45	--	4	6580	买盘
14:22:14	16.45	0.01	53	87185	买盘
14:22:08	16.44	-0.01	42	69048	卖盘
14:21:58	16.45	--	14	23030	买盘
14:21:53	16.45	--	198	325710	买盘
14:21:48	16.45	--	17	27965	买盘
14:21:43	16.45	--	47	77315	买盘
14:21:32	16.45	--	51	83895	买盘
14:21:28	16.45	--	198	325710	买盘
14:21:23	16.45	0.01	109	179305	买盘
14:21:08	16.44	--	19	31236	卖盘
14:20:53	16.44	--	96	157824	卖盘
14:20:43	16.44	0.01	78	128232	买盘
14:20:38	16.43	-0.01	19	31217	卖盘
14:20:32	16.44	--	2	3288	买盘
14:20:28	16.44	-0.01	82	134808	卖盘
14:20:23	16.45	0.01	97	159565	买盘
14:20:08	16.44	0.01	41	67404	买盘
14:20:02	16.43	0.01	10	16430	买盘
14:19:58	16.42	--	355	582910	卖盘
14:19:53	16.42	-0.01	192	315264	卖盘
14:19:47	16.43	0.01	17	27931	买盘
14:19:43	16.42	-0.01	6	9852	卖盘
14:19:38	16.43	--	27	44361	买盘
14:19:32	16.43	--	20	32860	买盘
14:19:28	16.43	--	106	174158	买盘
14:19:23	16.43	--	2	3286	买盘
14:19:17	16.43	0.01	42	69006	买盘
14:19:13	16.42	0.01	35	57470	买盘
14:19:08	16.41	-0.01	604	991492	卖盘
14:19:02	16.42	--	67	110014	卖盘
14:18:58	16.42	0.01	52	85384	卖盘
14:18:53	16.41	-0.02	114	187074	卖盘
14:18:47	16.43	0.01	35	57505	买盘
14:18:43	16.42	--	1	1642	中性盘
14:18:38	16.42	--	117	192114	买盘
14:18:32	16.42	--	70	114940	买盘
14:18:28	16.42	-0.01	72	118224	卖盘
14:18:23	16.43	0.01	55	90365	买盘
14:18:17	16.42	--	12	19704	卖盘
14:18:13	16.42	--	63	103446	卖盘
14:18:08	16.42	-0.01	7	11494	卖盘
14:18:02	16.43	--	19	31217	买盘
14:17:53	16.43	-0.02	619	1017017	卖盘
14:17:47	16.45	--	1067	1755215	买盘
14:17:43	16.45	0.01	5	8225	卖盘
14:17:38	16.44	-0.02	134	220296	卖盘
14:17:32	16.46	0.02	40	65840	买盘
14:17:28	16.44	--	20	32880	买盘
14:17:23	16.44	--	661	1086684	买盘
14:17:17	16.44	--	92	151248	卖盘
14:17:13	16.44	--	78	128232	买盘
14:17:08	16.44	--	52	85488	买盘
14:17:02	16.44	--	63	103572	买盘
14:16:58	16.44	--	10	16440	买盘
14:16:53	16.44	--	82	134808	买盘
14:16:47	16.44	0.01	318	522792	买盘
14:16:43	16.43	-0.01	101	165943	卖盘
14:16:37	16.44	--	32	52608	买盘
14:16:32	16.44	--	77	126588	卖盘
14:16:28	16.44	--	89	146316	买盘
14:16:22	16.44	-0.01	62	101928	卖盘
14:16:17	16.45	0.01	78	128310	买盘
14:16:13	16.44	--	2	3288	卖盘
14:16:08	16.44	-0.01	56	92064	卖盘
14:16:02	16.45	--	30	49350	买盘
14:15:58	16.45	--	5	8225	买盘
14:15:52	16.45	--	15	24675	买盘
14:15:47	16.45	0.01	194	319130	买盘
14:15:43	16.44	0.01	34	55896	买盘
14:15:37	16.43	-0.01	27	44361	卖盘
14:15:32	16.44	--	27	44388	卖盘
14:15:22	16.44	-0.01	5	8220	卖盘
14:15:17	16.45	0.01	41	67445	买盘
14:15:12	16.44	--	7	11508	卖盘
14:15:07	16.44	0.02	4	6576	中性盘
14:15:02	16.42	0.01	23	37766	卖盘
14:14:56	16.41	-0.01	15	24615	卖盘
14:14:52	16.42	0.01	52	85384	中性盘
14:14:47	16.41	--	145	237945	卖盘
14:14:41	16.41	--	0	0	卖盘
14:14:37	16.41	-0.01	346	567786	卖盘
14:14:32	16.42	0.01	17	27914	中性盘
14:14:26	16.41	--	171	280611	卖盘
14:14:22	16.41	--	11	18051	卖盘
14:14:17	16.41	-0.01	109	178869	卖盘
14:14:11	16.42	--	33	54186	卖盘
14:14:07	16.42	--	105	172410	卖盘
14:14:02	16.42	-0.01	6	10180	卖盘
14:13:56	16.43	--	6	9858	买盘
14:13:52	16.43	0.02	39	64077	买盘
14:13:47	16.41	0.02	234	383994	中性盘
14:13:41	16.39	--	1	1639	卖盘
14:13:37	16.39	-0.02	1404	2301156	卖盘
14:13:32	16.41	--	38	62358	买盘
14:13:26	16.41	--	82	134627	买盘
14:13:22	16.41	0.01	1	1641	买盘
14:13:17	16.4	--	207	339479	卖盘
14:13:11	16.4	--	33	54119	卖盘
14:13:07	16.4	--	47	77080	卖盘
14:13:02	16.4	-0.01	51	83640	卖盘
14:12:56	16.41	--	114	187074	卖盘
14:12:52	16.41	0.01	26	42666	中性盘
14:12:47	16.4	-0.01	2790	4575600	卖盘
14:12:41	16.41	-0.01	22	36102	卖盘
14:12:37	16.42	0.01	100	164200	买盘
14:12:32	16.41	--	33	54153	卖盘
14:12:26	16.41	-0.01	39	63999	卖盘
14:12:22	16.42	0.01	57	93594	买盘
14:12:17	16.41	--	9	14769	卖盘
14:12:11	16.41	-0.01	45	73845	卖盘
14:12:07	16.42	--	99	162558	买盘
14:12:02	16.42	0.01	28	45976	买盘
14:11:56	16.41	--	44	72204	卖盘
14:11:52	16.41	--	6	9846	卖盘
14:11:47	16.41	--	38	62358	卖盘
14:11:41	16.41	-0.01	105	172305	卖盘
14:11:37	16.42	--	104	170768	买盘
14:11:32	16.42	--	43	70606	买盘
14:11:26	16.42	--	20	32840	买盘
14:11:22	16.42	0.01	38	62396	买盘
14:11:16	16.41	--	74	121434	卖盘
14:11:11	16.41	--	61	100101	卖盘
14:11:07	16.41	-0.01	55	90255	卖盘
14:11:02	16.42	--	11	18062	买盘
14:10:56	16.42	--	51	83742	买盘
14:10:47	16.42	0.01	34	55828	买盘
14:10:41	16.41	-0.01	141	231381	卖盘
14:10:37	16.42	--	72	118224	买盘
14:10:31	16.42	--	24	39408	买盘
14:10:26	16.42	0.01	3	4926	买盘
14:10:22	16.41	--	1	1641	卖盘
14:10:16	16.41	--	7	11487	卖盘
14:10:11	16.41	--	68	111588	卖盘
14:10:07	16.41	-0.01	41	67281	卖盘
14:10:02	16.42	--	29	47618	买盘
14:09:56	16.42	--	48	78816	卖盘
14:09:51	16.42	--	2	3284	买盘
14:09:46	16.42	0.01	45	73890	买盘
14:09:41	16.41	--	68	111588	卖盘
14:09:36	16.41	-0.01	55	90255	卖盘
14:09:31	16.42	--	18	29556	卖盘
14:09:26	16.42	--	0	0	中性盘
14:09:16	16.42	--	26	42692	卖盘
14:09:11	16.42	0.01	64	105088	买盘
14:09:07	16.41	-0.01	78	127998	卖盘
14:09:01	16.42	--	38	62396	卖盘
14:08:56	16.42	--	30	49260	卖盘
14:08:50	16.42	--	11	18062	卖盘
14:08:46	16.42	--	60	98520	卖盘
14:08:41	16.42	--	67	110014	卖盘
14:08:36	16.42	--	132	216744	卖盘
14:08:31	16.42	--	4	6568	卖盘
14:08:26	16.42	--	19	31198	卖盘
14:08:20	16.42	--	41	67322	卖盘
14:08:16	16.42	--	7	11494	卖盘
14:08:11	16.42	-0.03	92	151064	卖盘
14:08:05	16.45	0.03	100	164500	买盘
14:08:01	16.42	--	260	426920	卖盘
14:07:56	16.42	--	31	50902	卖盘
14:07:50	16.42	--	5	8210	卖盘
14:07:46	16.42	--	20	32840	卖盘
14:07:41	16.42	-0.01	105	172410	卖盘
14:07:35	16.43	--	23	37789	买盘
14:07:31	16.43	0.01	94	154442	买盘
14:07:26	16.42	--	42	68964	卖盘
14:07:20	16.42	--	1	1642	卖盘
14:07:16	16.42	--	2	3284	卖盘
14:07:11	16.42	--	13	21346	卖盘
14:07:05	16.42	--	56	91952	卖盘
14:07:01	16.42	-0.01	95	155990	卖盘
14:06:56	16.43	--	56	92008	买盘
14:06:46	16.43	0.01	12	19716	买盘
14:06:41	16.42	--	43	70606	卖盘
14:06:35	16.42	--	32	52544	卖盘
14:06:20	16.42	--	1	1642	卖盘
14:06:16	16.42	--	2	3284	卖盘
14:06:11	16.42	--	97	159438	卖盘
14:06:05	16.42	-0.02	142	233164	卖盘
14:06:01	16.44	0.01	17	27948	买盘
14:05:56	16.43	--	34	55862	卖盘
14:05:50	16.43	--	72	118296	卖盘
14:05:46	16.43	--	5	8215	买盘
14:05:41	16.43	--	10	16430	卖盘
14:05:35	16.43	0.01	12	19716	中性盘
14:05:31	16.42	-0.01	94	154348	卖盘
14:05:26	16.43	--	15	24645	买盘
14:05:20	16.43	0.01	1	1643	卖盘
14:05:16	16.42	-0.02	32	52544	卖盘
14:05:11	16.44	0.02	372	612801	买盘
14:05:05	16.42	-0.02	48	78816	卖盘
14:05:01	16.44	--	18	29592	买盘
14:04:56	16.44	0.01	36	59184	买盘
14:04:50	16.43	--	7	11501	卖盘
14:04:46	16.43	--	45	73935	卖盘
14:04:41	16.43	--	15	24645	卖盘
14:04:31	16.43	--	5	8215	卖盘
14:04:26	16.43	0.01	34	55862	买盘
14:04:20	16.42	--	44	72248	卖盘
14:04:16	16.42	-0.01	12	19704	卖盘
14:04:11	16.43	0.01	66	108438	买盘
14:04:05	16.42	-0.01	71	116582	卖盘
14:04:01	16.43	0.01	1	1643	中性盘
14:03:56	16.42	-0.01	51	83742	卖盘
14:03:50	16.43	--	2	3286	卖盘
14:03:46	16.43	--	7	11501	卖盘
14:03:40	16.43	--	21	34503	卖盘
14:03:35	16.43	--	43	70813	卖盘
14:03:31	16.43	--	5	8215	卖盘
14:03:20	16.43	--	16	26288	卖盘
14:03:15	16.43	--	8	13308	卖盘
14:03:10	16.43	-0.01	24	39432	卖盘
14:03:05	16.44	--	58	95352	买盘
14:02:55	16.44	0.01	19	31236	买盘
14:02:50	16.43	--	5	8215	卖盘
14:02:45	16.43	--	25	41075	卖盘
14:02:40	16.43	--	13	21359	卖盘
14:02:35	16.43	--	50	82150	卖盘
14:02:31	16.43	--	5	8215	卖盘
14:02:25	16.43	--	23	37789	卖盘
14:02:20	16.43	--	23	37789	卖盘
14:02:16	16.43	--	1	1643	卖盘
14:02:10	16.43	-0.01	1	1643	卖盘
14:02:05	16.44	--	82	134808	买盘
14:01:55	16.44	--	87	143028	买盘
14:01:40	16.44	0.01	7	11508	买盘
14:01:35	16.43	--	17	27931	卖盘
14:01:30	16.43	--	10	16430	卖盘
14:01:20	16.43	--	42	70320	买盘
14:01:14	16.43	0.01	29	47647	买盘
14:01:10	16.42	-0.01	138	226596	卖盘
14:01:05	16.43	0.01	66	108438	买盘
14:00:59	16.42	-0.01	15	24630	卖盘
14:00:55	16.43	0.01	127	208661	买盘
14:00:50	16.42	0.01	5	8210	中性盘
14:00:44	16.41	-0.01	59	96819	卖盘
14:00:40	16.42	0.01	1	1642	卖盘
14:00:35	16.41	--	49	80409	卖盘
14:00:29	16.41	-0.01	50	82050	卖盘
14:00:10	16.42	-0.01	25	41050	中性盘
14:00:05	16.43	--	188	308884	买盘
13:59:55	16.43	--	73	119939	买盘
13:59:50	16.43	0.01	3	4929	买盘
13:59:40	16.42	--	37	60754	卖盘
13:59:35	16.42	--	120	197040	卖盘
13:59:29	16.42	--	10	16420	卖盘
13:59:25	16.42	--	31	50902	卖盘
13:59:20	16.42	--	29	47618	卖盘
13:59:14	16.42	-0.01	117	192114	卖盘
13:59:10	16.43	0.01	19	31217	买盘
13:59:05	16.42	--	55	90310	卖盘
13:58:59	16.42	-0.01	55	90310	卖盘
13:58:55	16.43	--	42	69006	买盘
13:58:50	16.43	--	10	16430	买盘
13:58:44	16.43	0.01	27	44361	买盘
13:58:40	16.42	--	40	65680	卖盘
13:58:35	16.42	--	34	55828	卖盘
13:58:29	16.42	--	5	8210	卖盘
13:58:14	16.42	-0.01	82	134644	卖盘
13:58:10	16.43	--	18	29574	卖盘
13:58:05	16.43	--	118	193874	卖盘
13:57:59	16.43	-0.01	12	19716	卖盘
13:57:54	16.44	0.01	19	31236	买盘
13:57:50	16.43	-0.01	8	13144	卖盘
13:57:44	16.44	--	56	92064	买盘
13:57:35	16.44	0.01	22	36168	买盘
13:57:29	16.43	--	38	62434	卖盘
13:57:25	16.43	-0.01	254	417322	卖盘
13:57:20	16.44	0.01	16	26304	买盘
13:57:14	16.43	-0.01	14	23002	卖盘
13:57:10	16.44	0.01	28	46032	买盘
13:57:05	16.43	-0.01	31	50933	卖盘
13:56:55	16.44	0.01	19	31236	买盘
13:56:49	16.43	--	12	19716	卖盘
13:56:44	16.43	-0.01	7	11501	卖盘
13:56:34	16.44	0.01	59	96996	买盘
13:56:29	16.43	-0.01	5	8215	卖盘
13:56:25	16.44	0.01	11	18084	买盘
13:56:19	16.43	--	5	8215	卖盘
13:56:14	16.43	0.01	29	47647	买盘
13:56:09	16.42	--	2	3284	卖盘
13:56:04	16.42	-0.01	37	60754	卖盘
13:55:55	16.43	0.01	49	80507	买盘
13:55:49	16.42	--	45	73890	卖盘
13:55:44	16.42	--	19	31198	卖盘
13:55:34	16.42	-0.01	55	90310	卖盘
13:55:29	16.43	--	17	27931	买盘
13:55:24	16.43	--	24	39432	买盘
13:55:19	16.43	--	157	257951	买盘
13:55:14	16.43	0.01	21	34503	买盘
13:55:10	16.42	--	2	3284	卖盘
13:55:04	16.42	--	56	91952	卖盘
13:54:59	16.42	--	56	91952	卖盘
13:54:54	16.42	--	137	224954	卖盘
13:54:44	16.42	--	13	21346	卖盘
13:54:39	16.42	--	10	16420	卖盘
13:54:34	16.42	-0.02	72	118224	卖盘
13:54:29	16.44	--	24	39456	买盘
13:54:19	16.44	--	5	8220	买盘
13:54:14	16.44	0.02	21	34524	买盘
13:54:08	16.42	--	4	6568	卖盘
13:54:04	16.42	-0.02	17	27914	卖盘
13:53:59	16.44	--	9	14796	买盘
13:53:53	16.44	0.02	20	32880	买盘
13:53:44	16.42	-0.02	71	116582	卖盘
13:53:38	16.44	0.01	30	49320	买盘
13:53:34	16.43	--	89	146227	卖盘
13:53:29	16.43	--	22	36146	卖盘
13:53:23	16.43	--	1	1643	卖盘
13:53:14	16.43	-0.01	20	32860	卖盘
13:53:08	16.44	0.01	13	21372	买盘
13:53:04	16.43	-0.01	36	59148	卖盘
13:52:59	16.44	--	1	1644	买盘
13:52:53	16.44	0.01	18	29592	买盘
13:52:49	16.43	--	56	92008	卖盘
13:52:44	16.43	-0.01	2	3286	卖盘
13:52:38	16.44	0.01	12	19728	买盘
13:52:34	16.43	--	16	26288	卖盘
13:52:29	16.43	-0.01	16	26288	卖盘
13:52:19	16.44	0.01	17	27948	买盘
13:52:14	16.43	--	61	100223	卖盘
13:52:08	16.43	-0.01	75	123225	卖盘
13:51:53	16.44	0.01	20	32880	买盘
13:51:44	16.43	0.01	8	13144	卖盘
13:51:38	16.42	--	0	0	卖盘
13:51:29	16.42	--	114	187188	卖盘
13:51:23	16.42	--	68	111656	买盘
13:51:19	16.42	--	28	45976	买盘
13:51:14	16.42	0.01	1	1642	买盘
13:51:08	16.41	-0.01	87	142767	卖盘
13:51:04	16.42	--	11	18062	买盘
13:50:53	16.42	-0.02	35	57470	卖盘
13:50:48	16.44	0.02	10	16440	买盘
13:50:43	16.42	--	1	1642	卖盘
13:50:38	16.42	--	54	88668	卖盘
13:50:34	16.42	0.01	20	32840	买盘
13:50:29	16.41	-0.01	235	385635	卖盘
13:50:23	16.42	--	22	36124	买盘
13:50:18	16.42	0.01	38	62396	买盘
13:50:13	16.41	--	13	21333	卖盘
13:50:08	16.41	-0.01	16	26256	卖盘
13:50:03	16.42	-0.02	16	26272	卖盘
13:49:59	16.44	--	0	0	买盘
13:49:53	16.44	0.03	28	46032	买盘
13:49:48	16.41	--	96	157536	卖盘
13:49:44	16.41	--	12	19692	卖盘
13:49:38	16.41	--	265	434865	卖盘
13:49:23	16.41	--	0	0	卖盘
13:49:19	16.41	--	76	124716	卖盘
13:49:13	16.41	--	7	12307	卖盘
13:49:08	16.41	--	38	62358	卖盘
13:49:03	16.41	-0.03	2	3282	卖盘
13:48:58	16.44	--	59	96996	买盘
13:48:53	16.44	0.01	634	1042296	买盘
13:48:48	16.43	--	29	47647	卖盘
13:48:43	16.43	--	22	36146	卖盘
13:48:38	16.43	--	108	177444	卖盘
13:48:28	16.43	-0.01	5	8215	卖盘
13:48:23	16.44	0.01	17	27948	买盘
13:48:13	16.43	--	62	101866	卖盘
13:48:08	16.43	--	78	128154	卖盘
13:48:03	16.43	--	32	52576	卖盘
13:47:58	16.43	-0.01	16	26288	卖盘
13:47:53	16.44	--	119	196605	买盘
13:47:47	16.44	0.01	3	4932	买盘
13:47:43	16.43	--	1	1643	卖盘
13:47:38	16.43	-0.01	27	44361	卖盘
13:47:23	16.44	--	16	26304	买盘
13:47:17	16.44	--	18	29592	买盘
13:47:13	16.44	0.01	166	272904	买盘
13:47:08	16.43	--	39	64077	卖盘
13:47:02	16.43	-0.01	2	3286	卖盘
13:46:58	16.44	--	13	21372	买盘
13:46:53	16.44	0.01	36	59184	买盘
13:46:47	16.43	--	24	39432	卖盘
13:46:43	16.43	-0.01	1	1643	卖盘
13:46:38	16.44	--	28	46032	买盘
13:46:23	16.44	--	17	27948	买盘
13:46:13	16.44	0.01	11	18084	买盘
13:46:08	16.43	--	20	32860	卖盘
13:46:02	16.43	--	2	3286	卖盘
13:45:58	16.43	-0.01	5	9693	卖盘
13:45:53	16.44	0.01	20	32880	买盘
13:45:43	16.43	0.01	58	95951	买盘
13:45:38	16.42	-0.01	14	22988	卖盘
13:45:32	16.43	-0.01	29	48632	卖盘
13:45:27	16.44	--	10	16440	买盘
13:45:23	16.44	--	34	55896	买盘
13:45:17	16.44	0.01	49	80556	买盘
13:45:12	16.43	--	1	1643	卖盘
13:45:08	16.43	--	21	34503	卖盘
13:45:02	16.43	-0.01	3	4929	卖盘
13:44:53	16.44	0.01	30	49320	买盘
13:44:42	16.43	--	44	72292	卖盘
13:44:38	16.43	-0.01	13	21359	卖盘
13:44:27	16.44	--	34	55896	买盘
13:44:23	16.44	--	27	44388	买盘
13:44:17	16.44	0.01	1	1644	买盘
13:44:12	16.43	-0.01	1	1643	卖盘
13:44:08	16.44	0.01	11	18084	买盘
13:44:02	16.43	--	32	53233	买盘
13:43:53	16.43	--	18	29574	买盘
13:43:47	16.43	0.01	66	108438	买盘
13:43:43	16.42	--	1	1642	卖盘
13:43:38	16.42	-0.01	10	16420	卖盘
13:43:32	16.43	-0.01	10	17908	卖盘
13:43:27	16.44	0.01	124	203856	买盘
13:43:23	16.43	--	2	3286	卖盘
13:43:17	16.43	-0.01	10	16430	卖盘
13:43:12	16.44	0.01	12	19892	买盘
13:43:07	16.43	0.01	36	59148	买盘
13:43:02	16.42	-0.02	39	64038	卖盘
13:42:53	16.44	0.02	19	31236	买盘
13:42:43	16.42	--	1	1642	卖盘
13:42:37	16.42	-0.02	109	178978	卖盘
13:42:22	16.44	-0.01	29	47676	中性盘
13:42:17	16.45	0.01	40	65800	买盘
13:42:12	16.44	0.02	2	3288	中性盘
13:42:07	16.42	--	11	18062	卖盘
13:42:02	16.42	--	2	3284	卖盘
13:41:57	16.42	--	1	1642	卖盘
13:41:52	16.42	--	288	472896	卖盘
13:41:47	16.42	--	34	57256	卖盘
13:41:37	16.42	-0.01	9	14778	卖盘
13:41:32	16.43	0.01	12	19716	卖盘
13:41:27	16.42	--	0	0	卖盘
13:41:22	16.42	--	12	19704	卖盘
13:41:17	16.42	--	3	4926	卖盘
13:41:12	16.42	--	2	3284	卖盘
13:41:07	16.42	--	78	128076	卖盘
13:41:02	16.42	-0.03	15	24630	卖盘
13:40:52	16.45	0.03	18	29610	买盘
13:40:47	16.42	-0.03	1	1806	卖盘
13:40:42	16.45	0.03	14	23030	买盘
13:40:37	16.42	-0.01	426	699492	卖盘
13:40:32	16.43	-0.02	10	16430	卖盘
13:40:26	16.45	--	17	27965	买盘
13:40:22	16.45	0.03	100	164500	买盘
13:40:17	16.42	--	9	14778	卖盘
13:40:11	16.42	--	2	3284	卖盘
13:40:07	16.42	--	172	282424	卖盘
13:40:02	16.42	--	31	50902	卖盘
13:39:56	16.42	-0.03	36	59112	卖盘
13:39:52	16.45	0.03	87	143115	买盘
13:39:47	16.42	-0.03	1123	1843966	卖盘
13:39:41	16.45	--	1	1645	卖盘
13:39:37	16.45	--	72	118440	卖盘
13:39:32	16.45	-0.01	5	8225	卖盘
13:39:26	16.46	--	318	523428	买盘
13:39:17	16.46	0.01	1	1646	买盘
13:39:11	16.45	--	33	54285	卖盘
13:39:07	16.45	--	11	18095	卖盘
13:39:02	16.45	-0.01	306	503370	卖盘
13:38:52	16.46	0.01	118	194228	买盘
13:38:41	16.45	--	25	41125	卖盘
13:38:36	16.45	--	37	60865	卖盘
13:38:32	16.45	-0.01	2	3290	卖盘
13:38:26	16.46	--	39	64194	买盘
13:38:21	16.46	0.01	21	34566	买盘
13:38:11	16.45	--	21	34545	卖盘
13:38:06	16.45	0.01	3	4935	卖盘
13:38:02	16.44	-0.02	12	19728	卖盘
13:37:56	16.46	0.02	18	29628	买盘
13:37:47	16.44	--	58	95352	卖盘
13:37:32	16.44	--	50	82200	买盘
13:37:21	16.44	--	50	82200	买盘
13:37:17	16.44	0.01	18	29592	买盘
13:37:11	16.43	-0.03	2	3286	卖盘
13:37:02	16.46	--	0	0	买盘
13:36:56	16.46	0.01	30	49906	买盘
13:36:51	16.45	0.01	1	1645	买盘
13:36:47	16.44	--	9	15913	买盘
13:36:41	16.44	0.01	336	552384	买盘
13:36:36	16.43	-0.01	23	37789	卖盘
13:36:31	16.44	--	19	31236	买盘
13:36:26	16.44	0.01	60	98640	买盘
13:36:17	16.43	--	10	16430	卖盘
13:36:11	16.43	-0.01	12	19716	中性盘
13:36:07	16.44	--	114	187416	买盘
13:35:56	16.44	0.01	18	29592	买盘
13:35:46	16.43	-0.01	74	121582	卖盘
13:35:41	16.44	0.01	5	8220	买盘
13:35:36	16.43	--	30	49290	卖盘
13:35:31	16.43	-0.02	10	16430	卖盘
13:35:26	16.45	--	0	0	买盘
13:35:21	16.45	0.02	69	113505	买盘
13:35:11	16.43	0.01	291	478934	买盘
13:35:06	16.42	--	120	197040	卖盘
13:35:01	16.42	-0.01	35	57634	卖盘
13:34:56	16.43	--	28	46004	买盘
13:34:46	16.43	--	4	6572	买盘
13:34:41	16.43	--	67	110081	卖盘
13:34:36	16.43	-0.01	24	39432	卖盘
13:34:31	16.44	--	54	88776	买盘
13:34:21	16.44	--	53	87132	买盘
13:34:16	16.44	0.01	51	83844	买盘
13:34:11	16.43	--	26	42718	卖盘
13:34:06	16.43	-0.01	68	111724	卖盘
13:33:56	16.44	--	36	59184	买盘
13:33:50	16.44	0.01	6	9864	买盘
13:33:46	16.43	--	11	18073	卖盘
13:33:41	16.43	--	4	6572	卖盘
13:33:35	16.43	--	67	110081	卖盘
13:33:31	16.43	-0.01	31	50933	卖盘
13:33:26	16.44	--	55	90420	买盘
13:33:20	16.44	0.01	24	39456	买盘
13:33:16	16.43	--	46	75578	卖盘
13:33:11	16.43	--	7	11501	卖盘
13:33:05	16.43	--	49	80507	卖盘
13:33:01	16.43	--	105	172515	卖盘
13:32:56	16.43	-0.01	77	126511	卖盘
13:32:41	16.44	0.01	17	27948	买盘
13:32:35	16.43	--	245	402535	卖盘
13:32:31	16.43	--	12	19716	卖盘
13:32:26	16.43	-0.01	276	453468	卖盘
13:32:20	16.44	0.01	15	24660	买盘
13:32:16	16.43	-0.01	17	27931	卖盘
13:32:11	16.44	0.01	71	116724	买盘
13:32:05	16.43	-0.01	22	36146	卖盘
13:31:56	16.44	-0.01	1236	2033512	卖盘
13:31:50	16.45	-0.01	32	53084	卖盘
13:31:45	16.46	--	56	92176	买盘
13:31:35	16.46	0.01	41	67486	买盘
13:31:31	16.45	-0.01	34	55930	卖盘
13:31:20	16.46	--	67	110282	买盘
13:31:11	16.46	0.01	60	98760	买盘
13:31:05	16.45	--	84	138180	卖盘
13:30:56	16.45	--	29	47705	卖盘
13:30:50	16.45	-0.01	22	36190	卖盘
13:30:41	16.46	0.01	22	36212	买盘
13:30:35	16.45	--	74	121730	卖盘
13:30:26	16.45	-0.01	29	47705	卖盘
13:30:20	16.46	0.01	144	237024	买盘
13:30:15	16.45	-0.01	12	19740	卖盘
13:30:10	16.46	0.01	7	11522	买盘
13:30:05	16.45	-0.01	120	197400	卖盘
13:29:56	16.46	0.01	41	67486	买盘
13:29:50	16.45	--	1	1645	卖盘
13:29:35	16.45	-0.01	51	83895	卖盘
13:29:25	16.46	--	128	210688	买盘
13:29:20	16.46	0.01	161	265006	买盘
13:29:05	16.45	-0.01	20	32900	卖盘
13:28:55	16.46	0.01	19	31274	买盘
13:28:45	16.45	-0.01	100	164500	卖盘
13:28:40	16.46	0.01	8	13168	买盘
13:28:35	16.45	-0.01	93	152985	卖盘
13:28:30	16.46	--	117	192582	买盘
13:28:25	16.46	0.01	50	82300	买盘
13:28:20	16.45	--	3	4935	卖盘
13:28:10	16.45	--	8	13160	卖盘
13:28:05	16.45	-0.01	55	90475	卖盘
13:28:00	16.46	0.01	5	8230	买盘
13:27:55	16.45	--	30	49843	卖盘
13:27:50	16.45	-0.01	1	1645	卖盘
13:27:40	16.46	0.01	218	358828	买盘
13:27:35	16.45	--	21	34545	卖盘
13:27:29	16.45	--	24	39480	卖盘
13:27:25	16.45	--	171	281295	卖盘
13:27:10	16.45	--	2	3290	卖盘
13:27:05	16.45	-0.01	63	103635	卖盘
13:26:55	16.46	--	59	97114	买盘
13:26:50	16.46	0.01	2	3292	买盘
13:26:35	16.45	--	55	90475	买盘
13:26:25	16.45	--	273	449085	买盘
13:26:14	16.45	0.01	2	3290	买盘
13:26:10	16.44	--	12	20550	卖盘
13:26:05	16.44	-0.02	38	62472	卖盘
13:25:55	16.46	0.02	23	37858	买盘
13:25:50	16.44	-0.01	50	82200	卖盘
13:25:44	16.45	--	59	98321	买盘
13:25:40	16.45	0.01	18	29610	买盘
13:25:35	16.44	-0.01	32	52608	卖盘
13:25:25	16.45	--	50	82250	买盘
13:25:20	16.45	0.01	168	276360	买盘
13:25:09	16.44	--	1	1644	卖盘
13:25:05	16.44	-0.01	102	167688	卖盘
13:24:59	16.45	--	18	29610	买盘
13:24:54	16.45	--	10	16450	买盘
13:24:50	16.45	--	11	18095	买盘
13:24:44	16.45	0.01	27	44415	买盘
13:24:39	16.44	-0.01	10	16440	卖盘
13:24:35	16.45	--	117	192465	买盘
13:24:29	16.45	0.01	140	230300	买盘
13:24:20	16.44	-0.01	3	4932	卖盘
13:24:09	16.45	0.01	10	16450	买盘
13:24:04	16.44	-0.01	67	110148	卖盘
13:23:59	16.45	--	18	29610	买盘
13:23:49	16.45	--	32	52640	买盘
13:23:44	16.45	0.01	54	88830	买盘
13:23:39	16.44	--	2	3288	卖盘
13:23:35	16.44	--	121	198924	卖盘
13:23:29	16.44	-0.01	12	19728	卖盘
13:23:24	16.45	0.01	22	36190	买盘
13:23:14	16.44	--	1	1644	卖盘
13:23:09	16.44	--	2	3288	卖盘
13:23:05	16.44	-0.02	80	131520	卖盘
13:22:59	16.46	0.01	19	31274	买盘
13:22:54	16.45	--	17	27965	买盘
13:22:49	16.45	--	17	27965	买盘
13:22:44	16.45	--	52	85540	卖盘
13:22:39	16.45	--	10	16450	卖盘
13:22:35	16.45	--	76	125020	卖盘
13:22:29	16.45	--	162	266490	卖盘
13:22:14	16.45	--	25	41125	买盘
13:22:09	16.45	0.01	4	6580	中性盘
13:22:04	16.44	-0.01	45	74358	卖盘
13:21:59	16.45	--	18	29610	买盘
13:21:49	16.45	--	568	934360	买盘
13:21:44	16.45	--	57	93765	买盘
13:21:39	16.45	0.01	72	118440	买盘
13:21:34	16.44	-0.01	80	131520	卖盘
13:21:29	16.45	--	100	164500	买盘
13:21:24	16.45	0.01	6	9870	买盘
13:21:19	16.44	-0.01	13	21372	卖盘
13:21:14	16.45	--	603	993201	卖盘
13:21:04	16.45	-0.01	91	149695	卖盘
13:20:59	16.46	--	36	59782	卖盘
13:20:54	16.46	-0.01	2	3292	卖盘
13:20:49	16.47	0.01	27	44469	买盘
13:20:34	16.46	--	91	149786	卖盘
13:20:29	16.46	-0.01	215	355009	卖盘
13:20:19	16.47	0.01	20	32940	买盘
13:20:14	16.46	--	13	21398	卖盘
13:20:04	16.46	-0.01	45	74070	卖盘
13:19:59	16.47	0.01	18	29645	买盘
13:19:53	16.46	--	3	5003	卖盘
13:19:49	16.46	--	26	42796	卖盘
13:19:38	16.46	0.01	59	98694	买盘
13:19:34	16.45	-0.01	132	217205	卖盘
13:19:29	16.46	--	41	68885	卖盘
13:19:14	16.46	--	37	60902	卖盘
13:19:08	16.46	--	1	1646	卖盘
13:19:04	16.46	-0.01	34	55964	卖盘
13:18:59	16.47	0.01	18	29645	买盘
13:18:48	16.46	--	233	383699	买盘
13:18:44	16.46	0.01	17	27982	买盘
13:18:38	16.45	--	1	1645	卖盘
13:18:34	16.45	-0.01	118	194110	卖盘
13:18:29	16.46	0.01	8	13168	买盘
13:18:14	16.45	-0.01	1	1645	卖盘
13:18:08	16.46	0.01	180	296280	买盘
13:18:03	16.45	--	4	6580	卖盘
13:17:59	16.45	-0.01	31	50995	卖盘
13:17:53	16.46	--	24	39504	买盘
13:17:48	16.46	--	19	31274	买盘
13:17:44	16.46	0.01	71	116866	买盘
13:17:38	16.45	-0.01	90	148050	卖盘
13:17:29	16.46	--	45	74070	买盘
13:17:23	16.46	0.01	32	52672	买盘
13:17:18	16.45	-0.01	1	1645	卖盘
13:17:08	16.46	0.01	94	154724	买盘
13:17:03	16.45	-0.01	3	4935	卖盘
13:16:58	16.46	0.01	18	29628	买盘
13:16:53	16.45	-0.01	86	141470	卖盘
13:16:44	16.46	--	2	3292	买盘
13:16:38	16.46	--	34	57593	卖盘
13:16:33	16.46	--	24	39504	卖盘
13:16:28	16.46	-0.01	4	6584	卖盘
13:16:23	16.47	0.01	13	21411	买盘
13:16:18	16.46	-0.01	1	1646	卖盘
13:16:14	16.47	--	49	80703	买盘
13:16:08	16.47	0.01	251	413413	买盘
13:16:03	16.46	--	27	44442	卖盘
13:15:58	16.46	-0.01	24	39504	卖盘
13:15:53	16.47	0.01	18	29645	买盘
13:15:44	16.46	--	21	34566	卖盘
13:15:38	16.46	-0.01	108	177768	卖盘
13:15:28	16.47	0.01	21	34587	买盘
13:15:23	16.46	--	14	23044	卖盘
13:15:18	16.46	--	1	1646	卖盘
13:15:13	16.46	--	1	1646	卖盘
13:15:08	16.46	-0.01	91	149786	卖盘
13:15:03	16.47	--	21	34587	买盘
13:14:58	16.47	--	21	34587	买盘
13:14:53	16.47	0.01	17	27998	买盘
13:14:48	16.46	--	1	1646	卖盘
13:14:43	16.46	--	12	19752	卖盘
13:14:38	16.46	--	101	166246	卖盘
13:14:28	16.46	-0.01	2	3292	卖盘
13:14:23	16.47	0.01	10	16470	买盘
13:14:13	16.46	--	96	158016	卖盘
13:14:08	16.46	-0.01	61	100406	中性盘
13:14:02	16.47	--	6	9882	买盘
13:13:58	16.47	0.01	678	1116666	买盘
13:13:53	16.46	--	18	29628	买盘
13:13:47	16.46	--	12	19752	买盘
13:13:43	16.46	--	10	16460	买盘
13:13:38	16.46	0.01	256	421376	买盘
13:13:28	16.45	--	12	19740	卖盘
13:13:23	16.45	--	19	31255	卖盘
13:13:17	16.45	--	1	1645	卖盘
13:13:13	16.45	--	1	1645	卖盘
13:13:08	16.45	--	91	149695	卖盘
13:13:02	16.45	-0.01	24	39480	卖盘
13:12:58	16.46	--	18	29628	买盘
13:12:53	16.46	0.01	17	27982	买盘
13:12:38	16.45	-0.01	175	287875	卖盘
13:12:32	16.46	0.01	11	18106	买盘
13:12:23	16.45	-0.01	77	126665	卖盘
13:12:17	16.46	0.01	3	4938	买盘
13:12:13	16.45	--	11	18095	卖盘
13:12:08	16.45	-0.01	91	149695	卖盘
13:12:02	16.46	-0.01	34	55964	卖盘
13:11:58	16.47	--	24	39528	买盘
13:11:53	16.47	--	18	29645	买盘
13:11:47	16.47	--	0	0	买盘
13:11:43	16.47	0.01	59	97173	买盘
13:11:38	16.46	--	104	171184	卖盘
13:11:27	16.46	-0.01	1	1646	卖盘
13:11:23	16.47	0.01	94	154818	买盘
13:11:17	16.46	--	413	679798	买盘
13:11:12	16.46	-0.01	8	13168	中性盘
13:11:08	16.47	0.01	96	158112	买盘
13:11:02	16.46	-0.01	158	260068	卖盘
13:10:57	16.47	0.01	18	29645	买盘
13:10:47	16.46	--	201	330846	卖盘
13:10:38	16.46	--	150	246900	卖盘
13:10:32	16.46	--	174	287391	买盘
13:10:27	16.46	--	28	46088	买盘
13:10:23	16.46	--	273	449358	买盘
13:10:17	16.46	--	217	357182	买盘
13:10:12	16.46	0.01	6	9876	买盘
13:10:08	16.45	-0.01	90	148050	卖盘
13:10:02	16.46	-0.01	4	6584	卖盘
13:09:57	16.47	--	18	29645	买盘
13:09:53	16.47	0.01	18	29645	买盘
13:09:47	16.46	--	1	1646	卖盘
13:09:37	16.46	-0.01	104	171184	卖盘
13:09:32	16.47	0.01	2	3294	买盘
13:09:23	16.46	--	16	26336	卖盘
13:09:17	16.46	--	1	1646	卖盘
13:09:12	16.46	0.01	1	1646	卖盘
13:09:07	16.45	-0.01	103	169435	卖盘
13:09:02	16.46	-0.01	25	41150	卖盘
13:08:57	16.47	0.01	56	92232	买盘
13:08:52	16.46	--	10	16460	卖盘
13:08:47	16.46	--	12	19752	卖盘
13:08:38	16.46	--	227	373642	卖盘
13:08:17	16.46	--	43	70778	卖盘
13:08:07	16.46	-0.01	92	151432	卖盘
13:08:02	16.47	0.01	37	60938	买盘
13:07:57	16.46	--	147	241962	卖盘
13:07:47	16.46	-0.01	3	4938	卖盘
13:07:37	16.47	--	127	209169	买盘
13:07:22	16.47	0.01	3	4941	买盘
13:07:17	16.46	--	1	1646	卖盘
13:07:12	16.46	-0.01	5	8230	卖盘
13:07:07	16.47	--	73	120230	买盘
13:07:02	16.47	--	9	14822	买盘
13:06:56	16.47	--	36	59291	买盘
13:06:52	16.47	0.01	31	51057	买盘
13:06:47	16.46	-0.01	1	1646	卖盘
13:06:41	16.47	--	6	9882	买盘
13:06:37	16.47	--	63	103761	买盘
13:06:32	16.47	--	61	100467	买盘
13:06:17	16.47	--	50	82350	买盘
13:06:07	16.47	--	252	415044	买盘
13:06:02	16.47	--	18	29645	买盘
13:05:56	16.47	0.01	18	29645	买盘
13:05:47	16.46	--	108	177768	卖盘
13:05:41	16.46	-0.01	1	1810	卖盘
13:05:37	16.47	--	11	18117	买盘
13:05:32	16.47	--	10	16470	买盘
13:05:21	16.47	--	0	0	买盘
13:05:17	16.47	0.02	403	663741	买盘
13:05:06	16.45	-0.02	110	180950	卖盘
13:04:56	16.47	0.01	75	123524	买盘
13:04:51	16.46	0.01	13	21398	中性盘
13:04:47	16.45	--	218	358610	卖盘
13:04:41	16.45	--	0	0	卖盘
13:04:36	16.45	-0.01	147	241815	卖盘
13:04:16	16.46	-0.01	1	1646	卖盘
13:04:11	16.47	0.02	25	41175	买盘
13:04:06	16.45	-0.02	193	317485	卖盘
13:04:01	16.47	--	282	464453	买盘
13:03:56	16.47	--	19	31292	买盘
13:03:46	16.47	--	2	3294	买盘
13:03:41	16.47	0.01	32	52704	买盘
13:03:36	16.46	-0.01	45	74070	卖盘
13:03:31	16.47	0.01	31	51057	买盘
13:03:17	16.46	-0.01	14	23044	卖盘
13:03:11	16.47	--	40	65880	买盘
13:03:06	16.47	--	18	29645	卖盘
13:03:01	16.47	--	42	69174	买盘
13:02:56	16.47	--	317	522922	卖盘
13:02:51	16.47	--	45	74115	卖盘
13:02:46	16.47	-0.01	12	19764	卖盘
13:02:41	16.48	--	59	97232	买盘
13:02:36	16.48	--	50	82400	买盘
13:02:31	16.48	--	11	18128	买盘
13:02:26	16.48	0.01	260	428480	买盘
13:02:21	16.47	--	47	77409	卖盘
13:02:06	16.47	-0.01	79	130112	卖盘
13:02:01	16.48	--	14	23072	买盘
13:01:56	16.48	0.01	18	29664	买盘
13:01:51	16.47	--	45	74115	卖盘
13:01:46	16.47	--	81	133407	卖盘
13:01:41	16.47	--	1	1647	卖盘
13:01:36	16.47	-0.01	56	92232	卖盘
13:01:31	16.48	0.01	16	27192	买盘
13:01:21	16.47	--	62	102114	卖盘
13:01:16	16.47	--	127	209169	买盘
13:01:11	16.47	--	0	0	中性盘
13:01:06	16.47	--	45	74115	卖盘
13:01:01	16.47	--	338	556686	买盘
13:00:56	16.47	--	193	317871	买盘
13:00:46	16.47	--	135	222344	买盘
13:00:41	16.47	0.01	4	6588	买盘
13:00:35	16.46	-0.01	45	74070	卖盘
13:00:31	16.47	--	86	141642	买盘
13:00:20	16.47	--	350	576450	买盘
13:00:16	16.47	0.01	116	191052	卖盘
13:00:11	16.46	-0.01	161	265499	卖盘
13:00:05	16.47	0.01	570	939827	买盘
13:00:01	16.46	--	32	52836	卖盘
11:30:00	16.46	--	0	0	卖盘
11:30:00	16.46	--	0	0	卖盘
11:29:57	16.46	--	48	79008	卖盘
11:29:52	16.46	--	49	80654	买盘
11:29:46	16.46	--	28	46088	买盘
11:29:37	16.46	--	23	37858	买盘
11:29:31	16.46	--	5	8230	买盘
11:29:27	16.46	0.01	116	190936	买盘
11:29:22	16.45	0.01	0	164	买盘
11:29:16	16.44	-0.01	96	157824	卖盘
11:29:12	16.45	-0.01	4	8060	卖盘
11:29:07	16.46	--	111	182870	买盘
11:28:57	16.46	0.01	18	29628	买盘
11:28:52	16.45	--	10	16450	卖盘
11:28:46	16.45	--	1	1645	卖盘
11:28:42	16.45	-0.01	10	16450	卖盘
11:28:37	16.46	--	43	70778	买盘
11:28:31	16.46	--	28	46088	买盘
11:28:16	16.46	0.01	1	1646	买盘
11:28:12	16.45	--	19	32735	卖盘
11:28:07	16.45	-0.01	135	222075	卖盘
11:27:57	16.46	0.01	119	195874	买盘
11:27:46	16.45	--	1	1645	卖盘
11:27:37	16.45	-0.01	90	148050	卖盘
11:27:16	16.46	--	103	169538	买盘
11:27:07	16.46	0.01	123	202951	买盘
11:26:57	16.45	--	68	111860	卖盘
11:26:46	16.45	-0.01	1	1645	卖盘
11:26:42	16.46	0.01	10	16460	买盘
11:26:37	16.45	--	112	184240	卖盘
11:26:31	16.45	--	15	24675	卖盘
11:26:21	16.45	--	2	3290	卖盘
11:26:16	16.45	-0.01	1	1645	卖盘
11:26:10	16.46	0.01	88	144848	买盘
11:26:07	16.45	-0.01	98	161210	卖盘
11:25:55	16.46	--	18	29628	买盘
11:25:52	16.46	0.01	2	3292	买盘
11:25:46	16.45	--	60	98700	卖盘
11:25:37	16.45	-0.01	92	151340	卖盘
11:25:31	16.46	0.01	1	1646	买盘
11:25:21	16.45	--	9	14805	卖盘
11:25:16	16.45	--	38	62510	卖盘
11:25:07	16.45	-0.01	61	100345	卖盘
11:24:55	16.46	--	19	31274	买盘
11:24:51	16.46	0.01	18	29628	买盘
11:24:46	16.45	-0.02	3	4935	卖盘
11:24:40	16.47	--	0	0	买盘
11:24:36	16.47	0.01	91	149877	买盘
11:24:31	16.46	0.01	22	36212	买盘
11:24:25	16.45	--	111	182595	卖盘
11:24:21	16.45	-0.01	20	32900	卖盘
11:24:16	16.46	0.01	28	46088	买盘
11:24:06	16.45	-0.01	58	96232	卖盘
11:24:01	16.46	-0.01	16	26336	卖盘
11:23:55	16.47	0.01	28	46116	买盘
11:23:46	16.46	0.01	422	695435	买盘
11:23:40	16.45	--	142	233590	卖盘
11:23:31	16.45	--	52	86198	买盘
11:23:25	16.45	0.01	106	174370	买盘
11:23:21	16.44	-0.01	3	4932	卖盘
11:23:16	16.45	0.01	38	62510	买盘
11:23:10	16.44	--	25	41100	卖盘
11:23:06	16.44	--	65	106860	卖盘
11:23:01	16.44	--	129	212898	卖盘
11:22:55	16.44	--	160	263040	卖盘
11:22:46	16.44	--	181	297564	卖盘
11:22:40	16.44	--	25	41100	卖盘
11:22:36	16.44	--	148	243312	卖盘
11:22:31	16.44	--	47	77268	卖盘
11:22:25	16.44	--	10	16440	卖盘
11:22:21	16.44	--	3	4932	卖盘
11:22:16	16.44	--	140	230160	卖盘
11:22:10	16.44	--	17	27948	卖盘
11:22:06	16.44	-0.01	34	55896	卖盘
11:21:55	16.45	--	36	59220	买盘
11:21:51	16.45	--	57	93765	买盘
11:21:46	16.45	--	3	4935	买盘
11:21:40	16.45	0.01	14	23030	买盘
11:21:36	16.44	--	91	149604	卖盘
11:21:25	16.44	--	103	169332	卖盘
11:21:21	16.44	-0.02	38	62472	卖盘
11:21:16	16.46	0.02	18	29628	买盘
11:21:10	16.44	--	26	42744	卖盘
11:21:06	16.44	-0.01	116	190704	卖盘
11:21:01	16.45	-0.01	20	32900	卖盘
11:20:55	16.46	0.01	18	29628	买盘
11:20:46	16.45	--	85	139825	卖盘
11:20:36	16.45	--	93	152985	卖盘
11:20:31	16.45	--	47	77315	卖盘
11:20:21	16.45	--	3	4935	卖盘
11:20:16	16.45	--	136	223720	卖盘
11:20:10	16.45	--	1	1645	卖盘
11:20:04	16.45	-0.01	95	156275	卖盘
11:20:01	16.46	--	6	9876	买盘
11:19:55	16.46	0.01	39	64194	买盘
11:19:49	16.45	--	3	4935	卖盘
11:19:45	16.45	--	52	85540	卖盘
11:19:34	16.45	-0.01	91	149695	卖盘
11:19:25	16.46	0.01	3	4938	买盘
11:19:19	16.45	-0.01	3	4935	卖盘
11:19:15	16.46	0.01	29	47734	买盘
11:19:10	16.45	--	114	187530	卖盘
11:19:04	16.45	-0.01	292	480340	卖盘
11:19:00	16.46	--	3	4938	买盘
11:18:55	16.46	0.01	28	46088	买盘
11:18:49	16.45	--	5	8225	卖盘
11:18:45	16.45	--	41	67445	卖盘
11:18:40	16.45	--	11	18095	卖盘
11:18:34	16.45	--	90	148050	卖盘
11:18:30	16.45	--	1	1645	卖盘
11:18:25	16.45	--	10	16450	卖盘
11:18:19	16.45	-0.01	5	8225	卖盘
11:18:15	16.46	0.01	19	31274	买盘
11:18:04	16.45	-0.01	91	149695	卖盘
11:18:00	16.46	--	3	4938	买盘
11:17:55	16.46	0.01	18	29628	买盘
11:17:45	16.45	--	5	8225	卖盘
11:17:34	16.45	--	91	149695	卖盘
11:17:30	16.45	--	50	82250	卖盘
11:17:19	16.45	-0.01	21	34545	卖盘
11:17:15	16.46	0.01	22	36212	买盘
11:17:04	16.45	--	92	151340	卖盘
11:16:55	16.45	--	90	148543	卖盘
11:16:40	16.45	--	27	45237	卖盘
11:16:34	16.45	--	90	148050	卖盘
11:16:30	16.45	0.01	210	345450	卖盘
11:16:25	16.44	--	0	0	卖盘
11:16:19	16.44	--	17	27948	卖盘
11:16:10	16.44	--	0	0	卖盘
11:16:04	16.44	-0.02	115	189060	卖盘
11:15:55	16.46	0.02	18	29628	买盘
11:15:49	16.44	-0.02	1	1644	卖盘
11:15:34	16.46	--	140	230440	买盘
11:15:19	16.46	0.01	28	46088	买盘
11:15:15	16.45	--	205	337225	卖盘
11:15:10	16.45	0.01	10	16450	卖盘
11:15:04	16.44	-0.02	91	149604	卖盘
11:15:00	16.46	--	10	16460	买盘
11:14:55	16.46	--	18	29628	买盘
11:14:49	16.46	0.02	3	4938	买盘
11:14:34	16.44	-0.01	90	147960	卖盘
11:14:30	16.45	-0.01	7	11515	卖盘
11:14:25	16.46	0.01	218	358828	买盘
11:14:19	16.45	--	5	8225	卖盘
11:14:04	16.45	-0.01	22	36190	卖盘
11:13:55	16.46	-0.01	113	186327	卖盘
11:13:49	16.47	0.01	8	13176	买盘
11:13:44	16.46	--	76	125096	卖盘
11:13:40	16.46	0.01	358	590584	买盘
11:13:34	16.45	-0.01	67	110215	卖盘
11:13:28	16.46	--	93	153078	买盘
11:13:24	16.46	0.01	17	27982	买盘
11:13:19	16.45	-0.01	9	14805	卖盘
11:13:10	16.46	--	20	32920	买盘
11:13:04	16.46	0.01	183	301218	买盘
11:12:58	16.45	-0.01	67	110215	卖盘
11:12:54	16.46	0.01	24	39504	买盘
11:12:43	16.45	-0.01	10	16450	卖盘
11:12:39	16.46	0.01	1	1646	买盘
11:12:34	16.45	-0.01	22	36190	卖盘
11:12:24	16.46	0.01	54	88884	买盘
11:12:19	16.45	--	64	105280	卖盘
11:12:09	16.45	-0.01	31	50995	卖盘
11:12:04	16.46	--	44	72424	买盘
11:11:54	16.46	--	43	70778	买盘
11:11:49	16.46	--	86	141556	买盘
11:11:43	16.46	--	41	67486	买盘
11:11:39	16.46	0.01	59	97114	买盘
11:11:34	16.45	--	265	435925	卖盘
11:11:24	16.45	--	244	401380	买盘
11:11:19	16.45	--	323	531335	卖盘
11:11:13	16.45	--	38	62510	卖盘
11:11:09	16.45	--	31	50995	卖盘
11:11:04	16.45	--	215	353675	卖盘
11:10:58	16.45	--	49	80605	卖盘
11:10:49	16.45	--	5	8225	卖盘
11:10:43	16.45	0.04	2229	3667692	买盘
11:10:34	16.41	-0.01	50	82050	卖盘
11:10:28	16.42	--	543	891606	卖盘
11:10:24	16.42	--	0	0	卖盘
11:10:19	16.42	--	3	4926	卖盘
11:10:13	16.42	--	115	188830	卖盘
11:10:04	16.42	-0.01	64	105088	卖盘
11:09:58	16.43	--	166	273559	卖盘
11:09:54	16.43	--	352	579157	卖盘
11:09:49	16.43	--	92	151156	卖盘
11:09:43	16.43	--	29	47647	卖盘
11:09:34	16.43	--	29	47647	卖盘
11:09:28	16.43	-0.01	452	742636	卖盘
11:09:19	16.44	--	4	6576	卖盘
11:09:13	16.44	-0.01	45	73980	卖盘
11:09:09	16.45	0.01	49	80605	买盘
11:09:04	16.44	--	50	82200	卖盘
11:08:58	16.44	--	23	37812	卖盘
11:08:43	16.44	--	54	88776	卖盘
11:08:34	16.44	-0.01	281	461964	卖盘
11:08:28	16.45	0.01	68	111860	买盘
11:08:24	16.44	--	54	88776	卖盘
11:08:19	16.44	--	23	37812	卖盘
11:08:13	16.44	-0.01	6	9864	卖盘
11:08:09	16.45	0.01	4	6580	买盘
11:08:04	16.44	-0.01	94	154536	卖盘
11:07:58	16.45	--	353	580685	卖盘
11:07:49	16.45	-0.01	9	14805	卖盘
11:07:43	16.46	0.01	39	64194	买盘
11:07:34	16.45	0.01	166	273070	卖盘
11:07:28	16.44	--	0	0	卖盘
11:07:24	16.44	-0.01	62	101928	卖盘
11:07:19	16.45	--	13	21385	卖盘
11:07:13	16.45	--	27	44415	卖盘
11:07:04	16.45	--	53	87185	卖盘
11:06:58	16.45	--	20	32900	卖盘
11:06:52	16.45	--	217	356965	买盘
11:06:48	16.45	-0.01	24	39480	卖盘
11:06:43	16.46	--	1	1646	买盘
11:06:37	16.46	--	156	257599	卖盘
11:06:34	16.46	--	45	74070	卖盘
11:06:28	16.46	--	13	21398	卖盘
11:06:22	16.46	0.02	316	520959	买盘
11:06:18	16.44	-0.01	47	77268	卖盘
11:06:13	16.45	--	16	26320	卖盘
11:06:07	16.45	--	32	52640	卖盘
11:06:03	16.45	-0.01	131	215495	卖盘
11:05:58	16.46	--	257	423845	卖盘
11:05:48	16.46	--	56	92176	卖盘
11:05:43	16.46	--	32	52672	卖盘
11:05:33	16.46	-0.01	99	162954	卖盘
11:05:28	16.47	--	30	49410	买盘
11:05:18	16.47	--	37	60938	卖盘
11:05:03	16.47	-0.02	338	556686	卖盘
11:04:58	16.49	0.01	18	29681	买盘
11:04:52	16.48	0.01	640	1054720	买盘
11:04:48	16.47	-0.01	110	181170	卖盘
11:04:43	16.48	0.01	10	16480	买盘
11:04:33	16.47	--	9	14822	卖盘
11:04:28	16.47	--	54	88938	卖盘
11:04:22	16.47	0.01	1	1976	买盘
11:04:18	16.46	--	384	632064	卖盘
11:04:13	16.46	--	26	43619	卖盘
11:04:07	16.46	-0.01	55	90530	卖盘
11:03:58	16.47	--	18	29645	买盘
11:03:52	16.47	0.01	122	200934	买盘
11:03:48	16.46	-0.01	1	1646	卖盘
11:03:43	16.47	--	417	688116	卖盘
11:03:37	16.47	--	125	205875	卖盘
11:03:28	16.47	-0.01	13	21411	卖盘
11:03:22	16.48	0.01	98	161504	买盘
11:03:18	16.47	--	24	39528	卖盘
11:03:13	16.47	--	21	34587	卖盘
11:03:07	16.47	-0.01	77	126818	卖盘
11:03:03	16.48	--	2	3296	买盘
11:02:58	16.48	0.01	19	31312	买盘
11:02:52	16.47	--	12	19764	卖盘
11:02:48	16.47	-0.01	1	1647	卖盘
11:02:43	16.48	0.01	20	32960	买盘
11:02:37	16.47	-0.01	108	177876	卖盘
11:02:33	16.48	0.01	14	23072	买盘
11:02:22	16.47	--	9	15152	卖盘
11:02:07	16.47	--	108	177876	卖盘
11:01:58	16.47	-0.01	159	261872	卖盘
11:01:52	16.48	0.01	10	16480	买盘
11:01:48	16.47	--	1	1647	卖盘
11:01:43	16.47	--	105	172935	卖盘
11:01:37	16.47	--	108	177876	卖盘
11:01:33	16.47	-0.01	3	4941	卖盘
11:01:28	16.48	--	110	181280	买盘
11:01:22	16.48	0.01	1	1648	买盘
11:01:18	16.47	-0.01	1	1647	卖盘
11:01:13	16.48	--	10	16480	买盘
11:01:07	16.48	0.01	42	69216	买盘
11:00:58	16.47	--	340	559980	卖盘
11:00:52	16.47	--	22	36234	卖盘
11:00:43	16.47	--	1	1647	卖盘
11:00:37	16.47	-0.01	83	136701	卖盘
11:00:33	16.48	0.01	18	29664	买盘
11:00:28	16.47	-0.01	53	87291	卖盘
11:00:22	16.48	--	10	16480	买盘
11:00:16	16.48	0.01	81	133488	买盘
11:00:12	16.47	--	50	82350	卖盘
11:00:07	16.47	-0.01	45	74115	卖盘
10:59:58	16.48	--	36	59328	买盘
10:59:52	16.48	--	24	39552	买盘
10:59:46	16.48	--	41	67568	买盘
10:59:43	16.48	-0.01	131	215888	卖盘
10:59:37	16.49	0.01	143	235806	买盘
10:59:22	16.48	--	407	670736	卖盘
10:59:16	16.48	-0.01	1	1648	卖盘
10:59:12	16.49	0.01	102	168197	买盘
10:59:07	16.48	--	39	64272	买盘
10:59:01	16.48	-0.01	52	85696	卖盘
10:58:57	16.49	0.01	490	808009	买盘
10:58:52	16.48	0.01	72	118656	买盘
10:58:46	16.47	-0.01	1	1647	卖盘
10:58:42	16.48	0.01	18	29664	买盘
10:58:37	16.47	--	217	357399	卖盘
10:58:31	16.47	-0.01	57	93879	卖盘
10:58:27	16.48	0.01	54	88992	买盘
10:58:22	16.47	-0.01	10	16470	卖盘
10:58:16	16.48	--	600	988800	买盘
10:58:07	16.48	0.01	36	59328	买盘
10:58:01	16.47	--	518	853145	卖盘
10:57:57	16.47	--	29	47763	卖盘
10:57:52	16.47	--	65	107054	卖盘
10:57:46	16.47	-0.01	1	1647	卖盘
10:57:42	16.48	--	73	120304	买盘
10:57:37	16.48	0.01	104	171392	买盘
10:57:31	16.47	--	3	4941	卖盘
10:57:22	16.47	0.01	129	212792	买盘
10:57:16	16.46	--	1	1646	卖盘
10:57:07	16.46	-0.01	7	11522	卖盘
10:57:01	16.47	-0.01	97	159759	卖盘
10:56:57	16.48	--	28	46144	买盘
10:56:52	16.48	0.01	505	832240	买盘
10:56:46	16.47	--	69	113642	卖盘
10:56:37	16.47	--	55	90585	卖盘
10:56:31	16.47	--	13	21411	卖盘
10:56:27	16.47	-0.01	65	107054	卖盘
10:56:22	16.48	0.01	8	13184	买盘
10:56:16	16.47	--	23	37881	买盘
10:56:12	16.47	0.02	23	37881	卖盘
10:56:07	16.45	-0.03	679	1116955	卖盘
10:56:01	16.48	0.01	51	84048	买盘
10:55:57	16.47	-0.01	70	115289	卖盘
10:55:52	16.48	0.01	1	1648	买盘
10:55:46	16.47	-0.01	25	41175	卖盘
10:55:42	16.48	--	3	4944	买盘
10:55:37	16.48	-0.01	550	907059	卖盘
10:55:31	16.49	--	23	37927	买盘
10:55:27	16.49	--	100	164899	买盘
10:55:22	16.49	0.01	117	192932	买盘
10:55:16	16.48	--	3	4944	卖盘
10:55:07	16.48	--	1910	3148668	买盘
10:55:01	16.48	--	67	110416	买盘
10:54:57	16.48	0.01	19	31312	买盘
10:54:52	16.47	0.01	1	2865	买盘
10:54:46	16.46	-0.01	19	31274	卖盘
10:54:42	16.47	--	126	207950	卖盘
10:54:37	16.47	--	388	639036	卖盘
10:54:31	16.47	0.01	220	363558	买盘
10:54:27	16.46	-0.01	178	292988	卖盘
10:54:22	16.47	0.01	53	87291	买盘
10:54:12	16.46	--	5	8230	卖盘
10:54:07	16.46	--	621	1022989	买盘
10:54:01	16.46	--	123	202458	买盘
10:53:57	16.46	--	59	97114	买盘
10:53:52	16.46	--	5	8230	买盘
10:53:46	16.46	--	42	69132	买盘
10:53:40	16.46	--	581	957149	卖盘
10:53:36	16.46	-0.01	182	299572	卖盘
10:53:31	16.47	--	110	181170	买盘
10:53:25	16.47	0.01	101	166347	买盘
10:53:16	16.46	-0.01	82	135795	卖盘
10:53:10	16.47	--	10	16470	买盘
10:53:06	16.47	0.01	233	383751	买盘
10:53:01	16.46	--	30	49380	卖盘
10:52:55	16.46	-0.01	208	342368	卖盘
10:52:51	16.47	--	198	326106	买盘
10:52:46	16.47	--	10	16470	买盘
10:52:40	16.47	0.01	69	113642	买盘
10:52:36	16.46	-0.01	101	166246	卖盘
10:52:31	16.47	0.01	49	80703	买盘
10:52:21	16.46	--	132	217272	卖盘
10:52:16	16.46	--	105	172830	卖盘
10:52:10	16.46	--	520	855920	买盘
10:52:06	16.46	0.01	67	110282	买盘
10:52:01	16.45	-0.01	1	1645	卖盘
10:51:55	16.46	0.01	20	32920	买盘
10:51:40	16.45	--	5	8225	卖盘
10:51:36	16.45	--	42	70060	买盘
10:51:21	16.45	0.01	30	49350	买盘
10:51:16	16.44	-0.01	1	1644	卖盘
10:51:06	16.45	--	72	118440	买盘
10:50:55	16.45	--	22	36190	买盘
10:50:51	16.45	0.01	8	13160	买盘
10:50:46	16.44	-0.01	1	1644	卖盘
10:50:40	16.45	0.01	54	88830	买盘
10:50:36	16.44	--	100	164400	买盘
10:50:31	16.44	--	52	85488	买盘
10:50:21	16.44	0.01	5	8220	买盘
10:50:16	16.43	--	57	93651	卖盘
10:50:06	16.43	-0.01	19	31217	卖盘
10:50:01	16.44	--	260	427440	买盘
10:49:55	16.44	--	22	36168	买盘
10:49:51	16.44	0.01	17	27948	买盘
10:49:46	16.43	--	2	3286	卖盘
10:49:40	16.43	--	21	34503	卖盘
10:49:36	16.43	-0.01	68	111724	卖盘
10:49:31	16.44	0.01	24	39456	买盘
10:49:16	16.43	--	1	1643	卖盘
10:49:10	16.43	--	170	279310	卖盘
10:49:06	16.43	-0.01	7	11501	卖盘
10:48:55	16.44	--	19	31236	买盘
10:48:51	16.44	--	29	47676	买盘
10:48:46	16.44	--	330	542520	买盘
10:48:40	16.44	--	31	51259	卖盘
10:48:21	16.44	0.01	59	98344	买盘
10:48:16	16.43	--	11	18073	卖盘
10:48:10	16.43	--	1	1643	卖盘
10:48:06	16.43	--	47	77221	卖盘
10:48:01	16.43	-0.01	8	13144	卖盘
10:47:55	16.44	0.01	52	85488	买盘
10:47:51	16.43	-0.01	1	1643	卖盘
10:47:46	16.44	--	17	27948	买盘
10:47:40	16.44	0.01	10	16440	买盘
10:47:34	16.43	-0.01	100	164300	卖盘
10:47:16	16.44	--	6	9864	买盘
10:47:10	16.44	--	73	120340	卖盘
10:47:04	16.44	-0.01	78	128232	卖盘
10:47:01	16.45	0.01	5	8225	买盘
10:46:55	16.44	-0.01	39	64116	卖盘
10:46:49	16.45	0.01	7	11515	买盘
10:46:45	16.44	--	1	1644	卖盘
10:46:40	16.44	0.01	9	16111	中性盘
10:46:34	16.43	-0.02	8	13144	卖盘
10:46:19	16.45	--	10	16450	买盘
10:46:15	16.45	0.02	50	82250	买盘
10:46:04	16.43	-0.02	72	118296	卖盘
10:45:55	16.45	0.02	20	32900	买盘
10:45:45	16.43	--	1	1643	卖盘
10:45:30	16.43	0.01	64	106137	买盘
10:45:25	16.42	--	15	25451	卖盘
10:45:15	16.42	--	80	131360	卖盘
10:45:10	16.42	--	82	135185	卖盘
10:45:04	16.42	-0.01	278	456476	卖盘
10:44:55	16.43	--	114	187302	卖盘
10:44:45	16.43	-0.01	1	1643	卖盘
10:44:34	16.44	0.01	658	1081752	买盘
10:44:25	16.43	0.01	2	3286	买盘
10:44:19	16.42	-0.01	12	19704	卖盘
10:44:15	16.43	--	20	32860	买盘
10:44:10	16.43	--	450	739350	买盘
10:44:04	16.43	--	10	16430	买盘
10:44:00	16.43	0.01	17	27931	买盘
10:43:55	16.42	-0.01	24	39408	卖盘
10:43:40	16.43	0.01	25	41075	买盘
10:43:34	16.42	-0.01	47	77174	卖盘
10:43:25	16.43	0.01	20	32860	买盘
10:43:19	16.42	--	1	1642	卖盘
10:43:10	16.42	-0.01	10	16420	卖盘
10:43:04	16.43	-0.01	72	119446	卖盘
10:43:00	16.44	0.01	18	29592	买盘
10:42:55	16.43	--	39	64077	卖盘
10:42:49	16.43	--	30	49290	卖盘
10:42:34	16.43	--	20	32860	卖盘
10:42:30	16.43	--	30	49290	卖盘
10:42:25	16.43	--	78	128154	卖盘
10:42:19	16.43	-0.01	7	11501	卖盘
10:42:15	16.44	0.01	6	9864	买盘
10:42:10	16.43	--	20	34010	卖盘
10:42:04	16.43	-0.01	31	50933	卖盘
10:42:00	16.44	0.01	17	27948	买盘
10:41:55	16.43	--	21	34503	卖盘
10:41:49	16.43	-0.01	1	1643	卖盘
10:41:40	16.44	0.01	60	98640	买盘
10:41:34	16.43	-0.01	31	50933	卖盘
10:41:30	16.44	--	20	32880	买盘
10:41:25	16.44	0.01	124	203856	买盘
10:41:19	16.43	--	2	3286	卖盘
10:41:15	16.43	--	40	65720	卖盘
10:41:00	16.43	0.01	82	135711	买盘
10:40:55	16.42	-0.01	46	75532	卖盘
10:40:49	16.43	--	12	19716	买盘
10:40:43	16.43	0.01	1	1643	买盘
10:40:40	16.42	--	15	24630	卖盘
10:40:34	16.42	--	34	55828	卖盘
10:40:28	16.42	-0.01	9	14778	卖盘
10:40:24	16.43	0.01	105	172515	买盘
10:40:19	16.42	--	6	9852	卖盘
10:40:09	16.42	--	58	95236	卖盘
10:40:04	16.42	--	67	110014	卖盘
10:39:58	16.42	-0.01	1	1642	卖盘
10:39:54	16.43	--	82	134726	买盘
10:39:39	16.43	--	112	184016	卖盘
10:39:34	16.43	--	32	52576	卖盘
10:39:19	16.43	--	11	18073	卖盘
10:39:09	16.43	--	169	277667	卖盘
10:39:04	16.43	--	104	170872	卖盘
10:38:58	16.43	-0.01	104	170872	买盘
10:38:54	16.44	0.01	73	120012	买盘
10:38:49	16.43	-0.01	35	57505	卖盘
10:38:39	16.44	0.01	6	9864	买盘
10:38:34	16.43	-0.01	40	65720	卖盘
10:38:24	16.44	0.01	45	73980	买盘
10:38:19	16.43	--	1	1643	卖盘
10:38:09	16.43	--	246	404178	卖盘
10:38:04	16.43	-0.01	219	359817	卖盘
10:37:58	16.44	--	104	170976	买盘
10:37:54	16.44	0.01	75	123300	买盘
10:37:49	16.43	--	25	41239	卖盘
10:37:34	16.43	--	65	106795	卖盘
10:37:28	16.43	-0.01	37	60791	卖盘
10:37:19	16.44	--	86	141384	买盘
10:37:13	16.44	--	374	616335	卖盘
10:37:04	16.44	-0.01	25	41100	卖盘
10:36:58	16.45	0.01	166	273070	买盘
10:36:54	16.44	-0.01	7	11508	卖盘
10:36:49	16.45	0.01	4	6580	买盘
10:36:43	16.44	--	2	3288	卖盘
10:36:34	16.44	-0.01	65	107024	卖盘
10:36:28	16.45	0.01	6	9870	买盘
10:36:19	16.44	--	21	34524	卖盘
10:36:13	16.44	-0.01	3	4932	卖盘
10:36:09	16.45	0.01	17	27965	买盘
10:36:04	16.44	-0.01	34	55896	卖盘
10:35:58	16.45	0.01	18	29610	买盘
10:35:54	16.44	-0.01	92	151248	卖盘
10:35:43	16.45	0.01	38	63332	买盘
10:35:34	16.44	-0.01	116	190704	卖盘
10:35:28	16.45	--	17	27965	买盘
10:35:19	16.45	--	30	49350	买盘
10:35:13	16.45	--	65	106925	买盘
10:35:09	16.45	0.01	65	106925	买盘
10:35:04	16.44	-0.01	23	37812	卖盘
10:34:58	16.45	--	309	508305	买盘
10:34:53	16.45	--	42	69090	买盘
10:34:49	16.45	--	20	32900	买盘
10:34:43	16.45	0.01	9	14805	卖盘
10:34:37	16.44	--	0	0	卖盘
10:34:33	16.44	-0.01	243	399492	卖盘
10:34:13	16.45	0.01	40	65800	卖盘
10:34:07	16.44	--	0	0	卖盘
10:33:58	16.44	-0.02	153	252354	卖盘
10:33:52	16.46	0.01	320	526720	买盘
10:33:49	16.45	--	96	157920	买盘
10:33:43	16.45	--	4	6580	买盘
10:33:37	16.45	0.01	10	16450	买盘
10:33:33	16.44	-0.01	107	175908	卖盘
10:33:28	16.45	--	101	166145	买盘
10:33:22	16.45	--	13	21385	买盘
10:33:13	16.45	0.01	18	29610	买盘
10:33:07	16.44	-0.01	3	4932	卖盘
10:32:58	16.45	--	69	113505	买盘
10:32:52	16.45	-0.01	10	16450	中性盘
10:32:48	16.46	0.01	66	108636	买盘
10:32:43	16.45	--	4	6580	买盘
10:32:37	16.45	--	45	74847	卖盘
10:32:33	16.45	--	101	166145	卖盘
10:32:28	16.45	--	27	44415	卖盘
10:32:18	16.45	--	112	184240	卖盘
10:32:13	16.45	-0.01	59	97055	卖盘
10:32:07	16.46	0.01	57	93822	买盘
10:32:03	16.45	-0.01	80	131600	卖盘
10:31:58	16.46	--	19	31274	买盘
10:31:52	16.46	--	1	1646	买盘
10:31:48	16.46	-0.01	71	116866	卖盘
10:31:43	16.47	0.02	50	82350	买盘
10:31:37	16.45	-0.02	67	110215	卖盘
10:31:33	16.47	0.01	59	97173	买盘
10:31:22	16.46	--	69	113574	卖盘
10:31:18	16.46	--	11	18106	卖盘
10:31:07	16.46	--	205	338582	卖盘
10:31:03	16.46	--	40	65840	卖盘
10:30:58	16.46	--	31	51026	卖盘
10:30:48	16.46	--	21	34566	卖盘
10:30:43	16.46	0.01	149	245254	买盘
10:30:37	16.45	-0.01	134	220430	卖盘
10:30:33	16.46	0.01	90	148140	买盘
10:30:22	16.45	--	320	526400	卖盘
10:30:18	16.45	--	1	1645	卖盘
10:30:13	16.45	-0.01	181	297745	卖盘
10:30:07	16.46	--	38	62548	买盘
10:29:58	16.46	--	19	31274	买盘
10:29:52	16.46	0.01	60	98760	买盘
10:29:48	16.45	--	1	1645	卖盘
10:29:43	16.45	--	142	233590	卖盘
10:29:37	16.45	-0.01	91	149695	卖盘
10:29:28	16.46	0.01	4	7077	买盘
10:29:22	16.45	-0.01	23	37835	卖盘
10:29:13	16.46	0.01	48	79008	买盘
10:29:07	16.45	-0.01	27	45073	卖盘
10:28:58	16.46	0.01	103	169538	买盘
10:28:52	16.45	--	93	152985	卖盘
10:28:48	16.45	--	1	1645	卖盘
10:28:43	16.45	--	5	8225	卖盘
10:28:37	16.45	--	121	199045	卖盘
10:28:33	16.45	--	13	21385	卖盘
10:28:22	16.45	0.01	202	333606	买盘
10:28:18	16.44	-0.01	7	11508	卖盘
10:28:13	16.45	0.01	17	27965	买盘
10:28:07	16.44	-0.01	178	292632	卖盘
10:28:03	16.45	--	200	329000	买盘
10:27:58	16.45	0.01	19	31255	买盘
10:27:52	16.44	--	66	108504	卖盘
10:27:42	16.44	-0.01	58	95352	卖盘
10:27:37	16.45	--	71	116795	买盘
10:27:31	16.45	--	57	93765	买盘
10:27:27	16.45	0.01	1	1645	买盘
10:27:22	16.44	--	209	343596	卖盘
10:27:16	16.44	-0.01	1	1644	卖盘
10:27:12	16.45	0.01	18	29610	买盘
10:27:07	16.44	--	130	213720	卖盘
10:26:57	16.44	-0.01	33	54252	卖盘
10:26:46	16.45	--	10	16450	买盘
10:26:37	16.45	--	72	118440	买盘
10:26:27	16.45	0.01	217	356965	买盘
10:26:16	16.44	-0.01	1	1644	卖盘
10:26:12	16.45	0.01	129	212205	中性盘
10:26:07	16.44	-0.01	230	378120	卖盘
10:26:01	16.45	-0.01	216	355320	卖盘
10:25:57	16.46	0.01	18	29628	买盘
10:25:52	16.45	--	205	337225	卖盘
10:25:46	16.45	-0.01	1	1645	卖盘
10:25:42	16.46	-0.01	175	288050	卖盘
10:25:37	16.47	0.01	185	304695	买盘
10:25:31	16.46	--	1	1646	卖盘
10:25:27	16.46	-0.01	141	232086	卖盘
10:25:22	16.47	0.01	72	118583	买盘
10:25:12	16.46	--	18	29628	卖盘
10:25:01	16.46	--	11	18106	卖盘
10:24:57	16.46	--	139	228794	买盘
10:24:52	16.46	0.01	18	29628	买盘
10:24:46	16.45	-0.01	63	103635	卖盘
10:24:42	16.46	--	1	1646	买盘
10:24:37	16.46	0.01	109	179414	买盘
10:24:31	16.45	--	346	569170	卖盘
10:24:27	16.45	--	12	19740	卖盘
10:24:22	16.45	-0.01	6	9870	卖盘
10:24:16	16.46	0.01	128	210688	买盘
10:24:07	16.45	-0.01	47	77315	卖盘
10:24:01	16.46	--	124	204104	买盘
10:23:57	16.46	--	34	55964	买盘
10:23:52	16.46	--	5	8230	买盘
10:23:46	16.46	--	20	32920	买盘
10:23:42	16.46	--	104	171184	买盘
10:23:37	16.46	0.01	129	212334	买盘
10:23:22	16.45	--	23	37835	卖盘
10:23:16	16.45	--	1	1645	卖盘
10:23:12	16.45	0.01	355	583975	买盘
10:23:01	16.44	--	2	3616	卖盘
10:22:57	16.44	0.01	250	411000	买盘
10:22:52	16.43	--	137	226569	买盘
10:22:37	16.43	--	152	249736	买盘
10:22:31	16.43	--	67	110081	买盘
10:22:27	16.43	--	6	9858	买盘
10:22:22	16.43	0.01	14	23002	买盘
10:22:16	16.42	0.01	20	32840	卖盘
10:22:07	16.41	-0.01	143	234663	卖盘
10:22:01	16.42	--	185	303770	卖盘
10:21:56	16.42	--	35	58291	卖盘
10:21:52	16.42	--	67	110014	卖盘
10:21:46	16.42	-0.01	3	4926	卖盘
10:21:42	16.43	0.01	18	29574	买盘
10:21:36	16.42	-0.01	94	154348	卖盘
10:21:31	16.43	0.01	34	55862	买盘
10:21:22	16.42	--	4	6568	卖盘
10:21:16	16.42	--	60	98520	卖盘
10:21:06	16.42	--	3	4926	卖盘
10:21:01	16.42	--	30	49260	卖盘
10:20:55	16.42	--	41	67322	买盘
10:20:51	16.42	0.01	152	249584	买盘
10:20:46	16.41	-0.01	29	48409	卖盘
10:20:40	16.42	0.01	9	14778	买盘
10:20:36	16.41	--	18	29538	卖盘
10:20:25	16.41	--	180	295380	买盘
10:20:21	16.41	0.01	22	36102	买盘
10:20:16	16.4	-0.01	70	114799	卖盘
10:20:06	16.41	--	99	162459	买盘
10:20:01	16.41	--	74	121434	买盘
10:19:55	16.41	0.01	87	142767	买盘
10:19:51	16.4	--	198	324720	卖盘
10:19:46	16.4	--	6	9840	卖盘
10:19:36	16.4	-0.01	111	182039	卖盘
10:19:31	16.41	0.01	8	13128	买盘
10:19:21	16.4	--	90	147600	卖盘
10:19:16	16.4	-0.01	68	111519	卖盘
10:19:10	16.41	0.01	3	4923	买盘
10:19:06	16.4	-0.01	93	152520	卖盘
10:19:01	16.41	--	24	39384	卖盘
10:18:55	16.41	--	113	185433	卖盘
10:18:36	16.41	--	56	91896	卖盘
10:18:25	16.41	-0.01	292	479172	卖盘
10:18:21	16.42	0.01	81	133002	买盘
10:18:16	16.41	--	1	1641	卖盘
10:18:10	16.41	-0.01	3	4923	买盘
10:18:01	16.42	--	0	0	买盘
10:17:55	16.42	0.01	23	37766	买盘
10:17:51	16.41	0.01	107	175587	买盘
10:17:46	16.4	--	2	3443	卖盘
10:17:40	16.4	--	20	32800	卖盘
10:17:36	16.4	--	70	115619	卖盘
10:17:31	16.4	-0.01	204	334560	卖盘
10:17:25	16.41	0.01	33	54153	买盘
10:17:21	16.4	--	13	21319	卖盘
10:17:16	16.4	--	10	16400	卖盘
10:17:10	16.4	--	66	108239	卖盘
10:17:06	16.4	--	47	77080	卖盘
10:17:01	16.4	--	5	8200	卖盘
10:16:55	16.4	--	94	154160	卖盘
10:16:51	16.4	--	46	75440	卖盘
10:16:46	16.4	--	86	141040	卖盘
10:16:40	16.4	--	155	254199	卖盘
10:16:36	16.4	--	47	77080	卖盘
10:16:31	16.4	--	14	22959	卖盘
10:16:25	16.4	-0.01	47	77080	卖盘
10:16:10	16.41	0.01	18	29538	买盘
10:16:06	16.4	-0.01	28	45919	卖盘
10:16:01	16.41	--	3	4923	买盘
10:15:55	16.41	-0.01	19	31179	中性盘
10:15:51	16.42	0.02	100	164200	买盘
10:15:46	16.4	-0.01	9	14759	卖盘
10:15:40	16.41	--	50	82050	卖盘
10:15:34	16.41	--	20	32820	卖盘
10:15:31	16.41	--	177	290457	卖盘
10:15:25	16.41	-0.01	41	67281	卖盘
10:15:20	16.42	0.01	25	41050	买盘
10:15:15	16.41	-0.01	1	1641	卖盘
10:15:10	16.42	0.01	2	3284	买盘
10:15:04	16.41	-0.01	90	147690	卖盘
10:14:55	16.42	--	55	90310	买盘
10:14:49	16.42	--	6	9852	买盘
10:14:45	16.42	0.01	25	41871	买盘
10:14:40	16.41	--	57	93537	卖盘
10:14:34	16.41	-0.01	3	4923	卖盘
10:14:25	16.42	--	131	215102	买盘
10:14:19	16.42	0.01	35	57470	买盘
10:14:15	16.41	-0.01	49	80409	卖盘
10:14:10	16.42	--	10	16420	买盘
10:14:04	16.42	--	143	234806	买盘
10:13:55	16.42	0.01	18	29556	买盘
10:13:49	16.41	--	29	47589	卖盘
10:13:45	16.41	-0.01	15	24615	卖盘
10:13:40	16.42	0.01	12	19704	买盘
10:13:19	16.41	0.01	44	72204	买盘
10:13:15	16.4	-0.01	115	188599	卖盘
10:13:10	16.41	0.01	10	16410	买盘
10:13:04	16.4	-0.01	85	139400	卖盘
10:13:00	16.41	--	8	13128	买盘
10:12:55	16.41	--	20	32820	买盘
10:12:49	16.41	0.01	3	4923	买盘
10:12:45	16.4	-0.01	13	21319	卖盘
10:12:40	16.41	0.01	2	3282	买盘
10:12:34	16.4	-0.01	101	165640	卖盘
10:12:30	16.41	--	17	27897	买盘
10:12:19	16.41	0.01	1	1641	买盘
10:12:15	16.4	-0.01	10	17548	卖盘
10:12:10	16.41	0.01	1	1641	买盘
10:12:04	16.4	-0.01	186	305040	卖盘
10:12:00	16.41	0.01	10	16410	买盘
10:11:55	16.4	-0.01	24	40180	卖盘
10:11:49	16.41	0.01	12	19692	买盘
10:11:45	16.4	-0.01	12	19680	卖盘
10:11:40	16.41	0.01	50	82050	买盘
10:11:34	16.4	-0.01	93	152520	卖盘
10:11:25	16.41	0.01	18	29538	买盘
10:11:19	16.4	-0.01	1	1639	卖盘
10:11:10	16.41	--	50	82050	买盘
10:11:04	16.41	0.01	115	188715	买盘
10:11:00	16.4	-0.01	2	3279	卖盘
10:10:55	16.41	--	22	36102	买盘
10:10:49	16.41	--	3	4923	买盘
10:10:45	16.41	0.01	3	4923	买盘
10:10:40	16.4	-0.02	238	391779	卖盘
10:10:34	16.42	--	150	246300	买盘
10:10:30	16.42	--	17	27914	买盘
10:10:25	16.42	0.02	10	16420	买盘
10:10:19	16.4	-0.02	31	50839	卖盘
10:10:15	16.42	--	50	82100	买盘
10:10:10	16.42	--	6	9852	买盘
10:10:04	16.42	--	97	159274	买盘
10:10:00	16.42	0.01	11	18062	买盘
10:09:55	16.41	-0.01	111	182151	卖盘
10:09:49	16.42	0.01	48	79144	买盘
10:09:45	16.41	--	61	100101	卖盘
10:09:40	16.41	--	62	101742	卖盘
10:09:30	16.41	--	26	42666	卖盘
10:09:25	16.41	0.01	1917	3147421	买盘
10:09:14	16.4	--	12	19680	买盘
10:09:09	16.4	-0.01	14	22959	卖盘
10:09:04	16.41	--	101	165741	买盘
10:08:49	16.41	--	1306	2143654	卖盘
10:08:43	16.41	--	205	336405	卖盘
10:08:39	16.41	--	52	85332	卖盘
10:08:34	16.41	0.01	1881	3087853	买盘
10:08:28	16.4	-0.01	21	34440	卖盘
10:08:24	16.41	0.01	611	1003307	买盘
10:08:13	16.4	0.02	50	82820	买盘
10:08:09	16.38	--	21	34398	卖盘
10:08:04	16.38	-0.01	116	190335	卖盘
10:07:58	16.39	--	27	44253	买盘
10:07:54	16.39	0.01	29	47531	买盘
10:07:49	16.38	--	248	406224	卖盘
10:07:43	16.38	-0.01	24	39312	卖盘
10:07:39	16.39	0.02	77	126203	买盘
10:07:34	16.37	-0.01	415	680664	卖盘
10:07:28	16.38	0.01	134	219492	买盘
10:07:24	16.37	--	31	50747	卖盘
10:07:19	16.37	--	39	64006	卖盘
10:07:09	16.37	--	142	232454	卖盘
10:07:04	16.37	--	294	481867	买盘
10:06:58	16.37	--	38	62206	买盘
10:06:54	16.37	--	29	47473	买盘
10:06:49	16.37	0.01	53	86761	买盘
10:06:43	16.36	-0.01	405	662580	卖盘
10:06:39	16.37	0.01	64	104768	买盘
10:06:34	16.36	--	74	122143	卖盘
10:06:28	16.36	-0.01	13	21268	卖盘
10:06:24	16.37	0.01	6	9822	买盘
10:06:19	16.36	--	44	71984	卖盘
10:06:13	16.36	-0.01	157	256852	卖盘
10:06:09	16.37	0.01	199	327072	买盘
10:06:04	16.36	-0.01	163	266668	卖盘
10:05:58	16.37	--	4	6548	买盘
10:05:49	16.37	--	534	874485	卖盘
10:05:43	16.37	-0.01	62	101494	卖盘
10:05:39	16.38	0.01	20	32759	买盘
10:05:34	16.37	-0.01	93	152241	卖盘
10:05:28	16.38	0.01	12	19656	买盘
10:05:24	16.37	-0.01	16	26192	卖盘
10:05:19	16.38	0.01	152	248975	买盘
10:05:13	16.37	-0.01	85	139145	卖盘
10:05:04	16.38	--	124	203112	买盘
10:04:58	16.38	--	10	16379	买盘
10:04:49	16.38	--	16	26208	买盘
10:04:43	16.38	-0.01	24	39312	卖盘
10:04:39	16.39	0.01	17	27863	买盘
10:04:34	16.38	--	178	291564	卖盘
10:04:28	16.38	--	16	26208	卖盘
10:04:24	16.38	--	5	8189	卖盘
10:04:19	16.38	--	21	34398	卖盘
10:04:13	16.38	-0.01	11	18018	卖盘
10:04:09	16.39	--	4	6556	买盘
10:04:04	16.39	--	141	231099	买盘
10:03:58	16.39	0.01	40	65560	买盘
10:03:54	16.38	--	2	3439	卖盘
10:03:49	16.38	-0.01	15	24570	卖盘
10:03:43	16.39	0.01	15	24585	买盘
10:03:39	16.38	--	74	121211	卖盘
10:03:34	16.38	--	93	152334	卖盘
10:03:23	16.38	--	3	4914	卖盘
10:03:19	16.38	-0.01	49	80262	卖盘
10:03:13	16.39	--	14	22946	买盘
10:03:03	16.39	0.01	27	44253	买盘
10:02:58	16.38	--	113	185094	卖盘
10:02:53	16.38	-0.01	11	18018	卖盘
10:02:48	16.39	0.01	13	21307	买盘
10:02:43	16.38	--	40	65519	卖盘
10:02:38	16.38	-0.01	3	4914	卖盘
10:02:33	16.39	0.02	85	139315	买盘
10:02:28	16.37	-0.02	11	18007	卖盘
10:02:22	16.39	--	6	9834	买盘
10:02:18	16.39	0.01	144	236016	买盘
10:02:13	16.38	0.01	54	89598	卖盘
10:02:03	16.37	-0.02	256	419072	卖盘
10:01:58	16.39	0.01	64	104896	买盘
10:01:52	16.38	-0.01	22	36036	卖盘
10:01:48	16.39	--	122	199958	卖盘
10:01:37	16.39	--	21	34419	买盘
10:01:33	16.39	0.01	4	6556	中性盘
10:01:28	16.38	--	506	828828	卖盘
10:01:22	16.38	-0.01	119	194922	卖盘
10:01:18	16.39	--	242	396638	买盘
10:01:13	16.39	0.01	22	36058	买盘
10:01:03	16.38	-0.01	189	309582	卖盘
10:00:58	16.39	--	12	19668	买盘
10:00:52	16.39	--	58	95062	买盘
10:00:48	16.39	--	18	29502	买盘
10:00:43	16.39	-0.01	34	55726	卖盘
10:00:33	16.4	--	96	157440	买盘
10:00:28	16.4	0.01	11	18040	买盘
10:00:18	16.39	-0.01	145	237655	卖盘
10:00:13	16.4	--	47	77080	买盘
10:00:07	16.4	--	9	14759	买盘
10:00:03	16.4	0.01	851	1396459	买盘
09:59:58	16.39	-0.01	81	133578	卖盘
09:59:52	16.4	--	106	174987	卖盘
09:59:48	16.4	--	23	38212	买盘
09:59:43	16.4	--	28	45919	买盘
09:59:37	16.4	--	43	70520	买盘
09:59:33	16.4	--	4	6559	买盘
09:59:28	16.4	0.01	11	18040	买盘
09:59:22	16.39	-0.01	42	68838	卖盘
09:59:18	16.4	--	10	16400	买盘
09:59:13	16.4	--	11	18040	买盘
09:59:07	16.4	0.01	30	49199	买盘
09:58:58	16.39	-0.01	177	290103	卖盘
09:58:52	16.4	--	85	140548	卖盘
09:58:48	16.4	-0.01	15	24599	卖盘
09:58:43	16.41	0.01	19	31179	买盘
09:58:37	16.4	--	47	77080	卖盘
09:58:33	16.4	--	57	93479	卖盘
09:58:28	16.4	0.01	318	522011	买盘
09:58:22	16.39	--	20	32780	卖盘
09:58:18	16.39	--	1	1639	卖盘
09:58:13	16.39	--	74	121286	卖盘
09:58:07	16.39	--	18	29502	卖盘
09:58:03	16.39	-0.01	27	44253	卖盘
09:57:58	16.4	--	78	127919	买盘
09:57:52	16.4	--	46	75440	买盘
09:57:48	16.4	--	880	1443199	买盘
09:57:43	16.4	--	18	29519	买盘
09:57:37	16.4	--	184	301760	买盘
09:57:33	16.4	--	5	8200	买盘
09:57:28	16.4	--	56	91839	买盘
09:57:22	16.4	0.01	106	173839	买盘
09:57:18	16.39	-0.01	3	4917	卖盘
09:57:13	16.4	-0.01	831	1362839	卖盘
09:57:07	16.41	0.01	65	106665	买盘
09:57:03	16.4	-0.01	20	32800	卖盘
09:56:58	16.41	0.01	182	298662	买盘
09:56:52	16.4	--	61	100039	卖盘
09:56:48	16.4	-0.01	51	83640	卖盘
09:56:43	16.41	0.01	53	86973	买盘
09:56:37	16.4	-0.01	189	309960	卖盘
09:56:27	16.41	--	165	270765	买盘
09:56:22	16.41	0.01	116	190356	买盘
09:56:16	16.4	-0.01	25	41000	卖盘
09:56:12	16.41	0.01	5	8205	买盘
09:56:07	16.4	-0.01	144	236159	卖盘
09:56:01	16.41	0.01	3	4923	买盘
09:55:57	16.4	-0.01	209	342759	卖盘
09:55:52	16.41	--	5	8205	买盘
09:55:46	16.41	0.01	53	86973	买盘
09:55:42	16.4	-0.01	277	454279	卖盘
09:55:37	16.41	--	234	383994	买盘
09:55:31	16.41	--	338	555494	卖盘
09:55:27	16.41	--	32	53004	卖盘
09:55:22	16.41	--	132	217432	卖盘
09:55:12	16.41	--	37	60717	卖盘
09:55:07	16.41	--	3	4923	卖盘
09:55:01	16.41	--	58	95178	卖盘
09:54:57	16.41	-0.01	355	583359	卖盘
09:54:52	16.42	--	64	105088	买盘
09:54:46	16.42	--	19	31198	买盘
09:54:42	16.42	0.01	22	36124	买盘
09:54:37	16.41	-0.01	451	740091	卖盘
09:54:31	16.42	--	8	13136	买盘
09:54:27	16.42	0.01	118	193756	买盘
09:54:22	16.41	-0.02	239	393675	卖盘
09:54:16	16.43	--	22	36146	买盘
09:54:12	16.43	0.01	4	6572	买盘
09:54:07	16.42	--	63	103446	卖盘
09:54:01	16.42	-0.01	5	8210	卖盘
09:53:57	16.43	--	401	659007	买盘
09:53:52	16.43	--	28	46004	买盘
09:53:46	16.43	0.01	18	29574	买盘
09:53:42	16.42	-0.01	19	31198	卖盘
09:53:37	16.43	--	93	152799	买盘
09:53:31	16.43	--	40	67198	卖盘
09:53:27	16.43	--	28	46004	卖盘
09:53:22	16.43	-0.01	27	44361	卖盘
09:53:16	16.44	--	22	36168	买盘
09:53:12	16.44	0.01	10	16440	买盘
09:53:07	16.43	-0.01	228	374604	卖盘
09:53:01	16.44	--	87	143028	买盘
09:52:57	16.44	--	80	131520	买盘
09:52:52	16.44	--	68	111792	买盘
09:52:46	16.44	--	22	36168	买盘
09:52:37	16.44	--	30	49320	买盘
09:52:31	16.44	-0.01	317	521148	卖盘
09:52:27	16.45	0.01	109	179305	买盘
09:52:22	16.44	-0.01	61	100284	卖盘
09:52:16	16.45	--	32	52640	买盘
09:52:12	16.45	--	72	118440	买盘
09:52:07	16.45	0.01	7	11515	买盘
09:52:01	16.44	-0.01	56	92064	中性盘
09:51:57	16.45	--	30	49350	买盘
09:51:52	16.45	0.01	111	183253	买盘
09:51:46	16.44	--	5	8220	卖盘
09:51:42	16.44	0.01	35	58526	买盘
09:51:37	16.43	--	45	73935	卖盘
09:51:22	16.43	-0.01	23	37953	卖盘
09:51:16	16.44	0.01	65	106860	买盘
09:51:07	16.43	--	111	182373	卖盘
09:51:01	16.43	--	86	141298	卖盘
09:50:57	16.43	-0.01	95	156085	卖盘
09:50:52	16.44	0.01	36	59184	买盘
09:50:46	16.43	--	64	105152	卖盘
09:50:36	16.43	--	0	0	中性盘
09:50:31	16.43	-0.01	111	182373	卖盘
09:50:27	16.44	0.01	9	14796	买盘
09:50:22	16.43	-0.01	67	110081	卖盘
09:50:16	16.44	0.01	2	3288	买盘
09:50:11	16.43	--	23	37789	卖盘
09:50:06	16.43	-0.01	103	169229	卖盘
09:50:01	16.44	--	1	1644	买盘
09:49:51	16.44	-0.01	43	70692	中性盘
09:49:46	16.45	--	211	347095	买盘
09:49:31	16.45	0.01	6	9870	买盘
09:49:21	16.44	--	145	238380	卖盘
09:49:16	16.44	-0.01	1	1644	卖盘
09:49:10	16.45	--	37	60865	卖盘
09:49:06	16.45	-0.01	110	180950	卖盘
09:49:01	16.46	0.01	413	679798	买盘
09:48:55	16.45	-0.01	47	77315	卖盘
09:48:51	16.46	--	312	513552	卖盘
09:48:46	16.46	-0.01	49	80654	卖盘
09:48:40	16.47	--	50	82350	买盘
09:48:31	16.47	0.01	70	115289	中性盘
09:48:25	16.46	-0.01	81	133326	卖盘
09:48:21	16.47	--	14	24046	卖盘
09:48:16	16.47	--	50	82350	卖盘
09:48:10	16.47	--	3	4941	卖盘
09:48:06	16.47	--	32	52704	卖盘
09:48:01	16.47	--	15	24705	卖盘
09:47:55	16.47	-0.01	30	49410	卖盘
09:47:51	16.48	0.01	147	242256	买盘
09:47:46	16.47	--	58	95526	卖盘
09:47:40	16.47	-0.01	25	41175	卖盘
09:47:36	16.48	--	107	176336	买盘
09:47:16	16.48	--	150	247364	卖盘
09:47:10	16.48	-0.01	79	130192	卖盘
09:47:06	16.49	0.01	10	16490	买盘
09:47:01	16.48	-0.01	356	588171	卖盘
09:46:55	16.49	--	35	57714	买盘
09:46:51	16.49	0.01	6	9893	买盘
09:46:46	16.48	-0.01	28	46144	卖盘
09:46:40	16.49	--	12	19787	买盘
09:46:36	16.49	0.01	3	4946	买盘
09:46:31	16.48	--	24	39552	卖盘
09:46:25	16.48	--	1	1648	卖盘
09:46:16	16.48	--	31	51088	买盘
09:46:10	16.48	--	32	52736	买盘
09:46:01	16.48	--	5	8240	买盘
09:45:55	16.48	0.01	38	62624	买盘
09:45:46	16.47	-0.01	59	97173	卖盘
09:45:40	16.48	--	31	51088	买盘
09:45:36	16.48	--	31	51088	买盘
09:45:30	16.48	--	39	64272	买盘
09:45:25	16.48	--	77	126896	卖盘
09:45:21	16.48	-0.01	2	3296	卖盘
09:45:16	16.49	--	102	168197	买盘
09:45:10	16.49	0.02	51	84098	买盘
09:45:06	16.47	-0.01	24	39528	卖盘
09:45:00	16.48	--	189	311472	买盘
09:44:55	16.48	0.01	51	84048	买盘
09:44:51	16.47	-0.01	109	179523	卖盘
09:44:45	16.48	0.01	54	88992	买盘
09:44:40	16.47	--	62	102114	卖盘
09:44:25	16.47	--	43	70821	卖盘
09:44:21	16.47	-0.01	21	34587	卖盘
09:44:16	16.48	--	24	39881	卖盘
09:44:10	16.48	0.01	114	189190	买盘
09:44:04	16.47	-0.01	5	8235	卖盘
09:44:00	16.48	--	81	133488	买盘
09:43:55	16.48	0.01	49	80752	买盘
09:43:49	16.47	-0.01	114	187758	卖盘
09:43:45	16.48	--	28	46144	买盘
09:43:40	16.48	--	1	1648	买盘
09:43:34	16.48	--	24	39552	买盘
09:43:30	16.48	-0.01	110	181280	中性盘
09:43:25	16.49	0.02	28	46171	买盘
09:43:19	16.47	-0.01	48	79056	卖盘
09:43:15	16.48	--	147	242256	买盘
09:43:10	16.48	--	1	1648	买盘
09:43:00	16.48	--	78	128544	卖盘
09:42:55	16.48	-0.01	47	77456	卖盘
09:42:49	16.49	0.02	160	263840	买盘
09:42:45	16.47	-0.01	2	3294	卖盘
09:42:34	16.48	--	14	23072	买盘
09:42:30	16.48	--	61	100528	卖盘
09:42:25	16.48	-0.01	70	115360	买盘
09:42:19	16.49	--	0	0	买盘
09:42:15	16.49	0.01	250	412249	买盘
09:42:10	16.48	--	31	51088	卖盘
09:42:04	16.48	-0.01	1	1812	卖盘
09:42:00	16.49	0.01	22	36278	买盘
09:41:55	16.48	--	455	749840	卖盘
09:41:49	16.48	--	31	51088	卖盘
09:41:45	16.48	--	169	278512	卖盘
09:41:34	16.48	--	149	245552	买盘
09:41:30	16.48	--	34	56032	买盘
09:41:25	16.48	--	114	187872	买盘
09:41:19	16.48	0.01	78	128544	买盘
09:41:15	16.47	-0.01	69	113642	卖盘
09:41:10	16.48	0.01	19	31312	买盘
09:41:04	16.47	-0.01	68	111995	卖盘
09:41:00	16.48	--	118	194464	买盘
09:40:55	16.48	0.01	24	39552	买盘
09:40:49	16.47	-0.01	41	67527	卖盘
09:40:40	16.48	--	8	13184	买盘
09:40:30	16.48	--	9	14832	买盘
09:40:25	16.48	--	33	54384	买盘
09:40:19	16.48	--	85	140080	买盘
09:40:10	16.48	--	22	36256	卖盘
09:40:04	16.48	-0.01	29	47792	卖盘
09:40:00	16.49	0.01	3	4946	买盘
09:39:55	16.48	0.01	81	134312	中性盘
09:39:49	16.47	-0.02	589	970082	卖盘
09:39:45	16.49	0.01	16	26383	买盘
09:39:40	16.48	--	60	98880	卖盘
09:39:34	16.48	-0.01	2	3296	卖盘
09:39:30	16.49	0.01	11	18139	买盘
09:39:19	16.48	--	138	227424	卖盘
09:39:15	16.48	--	26	42848	卖盘
09:39:10	16.48	--	30	49440	卖盘
09:39:04	16.48	--	20	32960	卖盘
09:39:00	16.48	--	178	294003	买盘
09:38:54	16.48	0.01	219	360912	买盘
09:38:49	16.47	--	9	14822	卖盘
09:38:45	16.47	0.01	249	410597	买盘
09:38:40	16.46	-0.01	15	24690	卖盘
09:38:34	16.47	--	65	107054	买盘
09:38:30	16.47	--	9	14822	买盘
09:38:24	16.47	0.01	15	24705	买盘
09:38:19	16.46	-0.01	17	27982	卖盘
09:38:09	16.47	0.01	13	21411	卖盘
09:38:04	16.46	--	0	0	卖盘
09:37:59	16.46	-0.01	112	184352	卖盘
09:37:54	16.47	--	38	62585	买盘
09:37:49	16.47	--	15	24705	买盘
09:37:44	16.47	--	2	3294	买盘
09:37:34	16.47	--	12	19764	买盘
09:37:28	16.47	--	9	14822	买盘
09:37:24	16.47	--	116	192040	卖盘
09:37:19	16.47	-0.01	164	270108	卖盘
09:37:09	16.48	0.01	21	34608	买盘
09:37:04	16.47	-0.01	297	489158	卖盘
09:36:58	16.48	--	10	16480	买盘
09:36:54	16.48	0.01	100	164800	买盘
09:36:49	16.47	-0.01	22	36234	卖盘
09:36:43	16.48	0.01	9	14832	买盘
09:36:39	16.47	-0.01	112	184464	卖盘
09:36:34	16.48	--	117	192816	买盘
09:36:28	16.48	0.01	45	74160	买盘
09:36:19	16.47	-0.01	3	4941	卖盘
09:36:13	16.48	0.01	39	64272	买盘
09:36:09	16.47	-0.01	74	122536	卖盘
09:36:04	16.48	--	35	57680	买盘
09:35:58	16.48	--	3	4944	买盘
09:35:54	16.48	--	21	34608	买盘
09:35:49	16.48	--	233	383984	买盘
09:35:43	16.48	0.01	19	31312	买盘
09:35:39	16.47	--	71	116936	卖盘
09:35:34	16.47	--	253	416691	买盘
09:35:24	16.47	--	30	49410	买盘
09:35:19	16.47	-0.01	67	110348	卖盘
09:35:13	16.48	--	39	64272	买盘
09:35:09	16.48	--	23	37904	买盘
09:35:04	16.48	--	43	70864	卖盘
09:34:58	16.48	-0.01	10	16480	卖盘
09:34:54	16.49	0.02	18	29681	买盘
09:34:49	16.47	-0.02	11	18117	卖盘
09:34:43	16.49	0.03	23	37927	买盘
09:34:34	16.46	--	363	597498	卖盘
09:34:28	16.46	-0.01	145	238670	卖盘
09:34:24	16.47	0.01	17	27998	买盘
09:34:19	16.46	--	21	34566	卖盘
09:34:13	16.46	--	10	16460	卖盘
09:34:04	16.46	--	105	172830	买盘
09:33:58	16.46	0.01	2	3292	买盘
09:33:54	16.45	-0.01	154	253659	卖盘
09:33:49	16.46	0.01	1	1646	买盘
09:33:43	16.45	--	16	26978	卖盘
09:33:33	16.45	--	11	18095	买盘
09:33:28	16.45	--	391	643195	卖盘
09:33:18	16.45	-0.01	1	1645	中性盘
09:33:13	16.46	0.03	68	111928	买盘
09:33:09	16.43	-0.02	73	119939	卖盘
09:33:03	16.45	0.01	344	565880	买盘
09:32:58	16.44	-0.01	13	21372	中性盘
09:32:54	16.45	0.01	23	37835	买盘
09:32:48	16.44	--	31	50964	卖盘
09:32:43	16.44	--	103	169332	卖盘
09:32:39	16.44	-0.01	2	3288	卖盘
09:32:33	16.45	-0.01	35	57575	买盘
09:32:28	16.46	--	0	0	买盘
09:32:24	16.46	0.01	302	497092	买盘
09:32:18	16.45	-0.01	56	92120	卖盘
09:32:13	16.46	--	156	256776	买盘
09:32:09	16.46	--	314	516844	买盘
09:32:03	16.46	0.01	127	209042	买盘
09:31:58	16.45	-0.01	219	360255	卖盘
09:31:53	16.46	-0.02	184	302864	卖盘
09:31:48	16.48	--	77	126896	买盘
09:31:43	16.48	0.01	19	31312	买盘
09:31:33	16.47	-0.01	10	16470	中性盘
09:31:28	16.48	--	204	336192	买盘
09:31:22	16.48	0.01	181	298288	买盘
09:31:18	16.47	-0.02	108	177876	卖盘
09:31:13	16.49	--	46	75854	买盘
09:31:07	16.49	--	115	189634	买盘
09:30:58	16.49	0.03	154	253945	买盘
09:30:52	16.46	--	149	245254	卖盘
09:30:48	16.46	0.01	150	246900	买盘
09:30:43	16.45	-0.01	104	172560	卖盘
09:30:28	16.46	0.01	8	13168	买盘
09:30:22	16.45	--	1	1809	买盘
09:30:18	16.45	--	144	236880	买盘
09:30:13	16.45	0.01	266	438063	买盘
09:30:07	16.44	0.01	390	642146	买盘
09:30:03	16.43	--	486	798498	卖盘
09:28:52	16.43	--	0	0	卖盘
09:25:06	16.43	16.43	444	729820	买盘
