成交时间	成交价	价格变动	成交量(手)	成交额(元)	性质
15:00:00	33.68	--	0	0	卖盘
15:00:00	33.68	0.02	0	0	卖盘
14:59:59	33.66	-0.01	7	23561	卖盘
14:59:53	33.67	0.01	11	37037	买盘
14:59:49	33.66	--	15	50489	卖盘
14:59:44	33.66	--	10	33660	买盘
14:59:38	33.66	-0.04	14	47123	卖盘
14:59:34	33.7	0.04	2	6740	买盘
14:59:29	33.66	0.01	75	252449	买盘
14:59:23	33.65	--	31	104315	买盘
14:59:19	33.65	-0.01	76	255740	买盘
14:59:14	33.66	-0.12	49	164933	买盘
14:59:08	33.78	0.12	246	830988	买盘
14:59:04	33.66	0.01	7	23561	买盘
14:58:59	33.65	-0.01	4	13460	卖盘
14:58:53	33.66	-0.01	61	205325	卖盘
14:58:49	33.67	--	88	296296	卖盘
14:58:44	33.67	0.02	66	222222	卖盘
14:58:38	33.65	-0.04	78	262470	卖盘
14:58:34	33.69	--	2	6738	买盘
14:58:29	33.69	--	37	124652	买盘
14:58:23	33.69	-0.03	147	495242	卖盘
14:58:14	33.72	-0.02	17	57324	卖盘
14:58:04	33.74	-0.02	2	6748	卖盘
14:57:59	33.76	0.01	54	182304	买盘
14:57:53	33.75	--	20	67500	卖盘
14:57:49	33.75	-0.01	35	118125	卖盘
14:57:44	33.76	0.01	94	317344	买盘
14:57:38	33.75	0.01	73	246375	买盘
14:57:34	33.74	-0.01	4	13496	卖盘
14:57:29	33.75	-0.01	32	108000	卖盘
14:57:23	33.76	-0.02	11	37136	卖盘
14:57:19	33.78	--	0	0	买盘
14:57:14	33.78	0.02	54	182412	买盘
14:57:08	33.76	-0.02	1	3376	卖盘
14:56:59	33.78	0.02	31	104718	买盘
14:56:53	33.76	-0.01	50	168800	卖盘
14:56:44	33.77	-0.01	22	74294	卖盘
14:56:38	33.78	0.02	6	20268	买盘
14:56:34	33.76	--	29	97904	卖盘
14:56:29	33.76	--	11	37136	中性盘
14:56:23	33.76	--	0	0	中性盘
14:56:19	33.76	--	2	6752	卖盘
14:56:14	33.76	-0.02	45	151920	卖盘
14:56:08	33.78	--	142	479676	卖盘
14:56:04	33.78	0.03	35	118230	买盘
14:55:58	33.75	--	147	496125	卖盘
14:55:53	33.75	-0.03	10	33750	卖盘
14:55:48	33.78	0.01	84	283752	买盘
14:55:43	33.77	0.01	25	84425	卖盘
14:55:38	33.76	0.01	10	33760	卖盘
14:55:33	33.75	--	4	13500	卖盘
14:55:28	33.75	-0.04	47	158625	卖盘
14:55:23	33.79	0.01	24	81096	买盘
14:55:17	33.78	0.03	2	6756	买盘
14:55:13	33.75	-0.05	91	307125	卖盘
14:55:08	33.8	0.02	36	121679	买盘
14:55:02	33.78	-0.01	28	94584	卖盘
14:54:58	33.79	-0.01	4	13516	买盘
14:54:53	33.8	0.02	1	3379	买盘
14:54:47	33.78	-0.01	15	50670	卖盘
14:54:43	33.79	-0.01	16	55145	卖盘
14:54:38	33.8	-0.03	27	91259	卖盘
14:54:32	33.83	0.01	46	155618	买盘
14:54:28	33.82	--	43	147725	卖盘
14:54:23	33.82	-0.02	15	50730	卖盘
14:54:17	33.84	0.01	11	37224	买盘
14:54:13	33.83	-0.02	113	382279	卖盘
14:54:08	33.85	-0.02	32	108320	卖盘
14:54:02	33.87	0.02	29	98222	买盘
14:53:58	33.85	-0.03	23	77855	卖盘
14:53:53	33.88	--	13	44044	买盘
14:53:47	33.88	0.03	20	67760	买盘
14:53:43	33.85	--	18	64078	卖盘
14:53:38	33.85	-0.03	31	104935	卖盘
14:53:28	33.88	-0.01	14	47432	买盘
14:53:23	33.89	--	0	0	买盘
14:53:17	33.89	0.01	50	169450	买盘
14:53:13	33.88	--	43	145684	卖盘
14:53:08	33.88	--	28	94864	卖盘
14:53:02	33.88	--	5	16940	卖盘
14:52:58	33.88	--	23	77924	卖盘
14:52:53	33.88	--	4	13552	卖盘
14:52:47	33.88	0.01	77	260876	买盘
14:52:43	33.87	-0.01	20	67740	卖盘
14:52:38	33.88	-0.01	66	223608	卖盘
14:52:32	33.89	--	75	254175	买盘
14:52:28	33.89	0.01	25	84725	买盘
14:52:23	33.88	-0.01	39	132132	卖盘
14:52:17	33.89	0.01	41	138949	买盘
14:52:13	33.88	--	7	23716	卖盘
14:52:02	33.88	0.03	42	142296	买盘
14:51:58	33.85	--	0	0	卖盘
14:51:53	33.85	--	50	169486	卖盘
14:51:47	33.85	0.01	80	270800	买盘
14:51:43	33.84	-0.02	11	37224	卖盘
14:51:32	33.86	0.02	45	152370	买盘
14:51:28	33.84	0.02	1	3384	卖盘
14:51:23	33.82	--	0	0	卖盘
14:51:17	33.82	--	29	98078	卖盘
14:51:13	33.82	--	5	16910	卖盘
14:51:08	33.82	--	1	3382	卖盘
14:51:02	33.82	--	16	54112	卖盘
14:50:58	33.82	--	1	3382	卖盘
14:50:53	33.82	--	5	16910	卖盘
14:50:47	33.82	0.01	15	50730	买盘
14:50:43	33.81	-0.01	3	10143	卖盘
14:50:38	33.82	0.01	17	57494	买盘
14:50:32	33.81	--	2	6762	卖盘
14:50:27	33.81	--	17	57477	卖盘
14:50:23	33.81	0.01	9	30429	中性盘
14:50:17	33.8	-0.02	57	192659	卖盘
14:50:13	33.82	--	12	40584	买盘
14:50:08	33.82	--	0	0	买盘
14:50:02	33.82	--	7	23674	卖盘
14:49:53	33.82	0.02	18	60876	买盘
14:49:47	33.8	-0.02	3	10140	卖盘
14:49:43	33.82	0.02	11	37202	买盘
14:49:37	33.8	-0.02	12	40560	卖盘
14:49:32	33.82	-0.06	35	118370	卖盘
14:49:26	33.88	0.02	11	37268	买盘
14:49:22	33.86	--	10	33860	卖盘
14:49:17	33.86	-0.04	75	253950	卖盘
14:49:11	33.9	--	177	600030	买盘
14:49:07	33.9	0.02	24	81360	买盘
14:49:02	33.88	--	8	27104	卖盘
14:48:56	33.88	-0.03	5	16940	卖盘
14:48:52	33.91	--	11	37300	卖盘
14:48:47	33.91	0.01	86	291625	买盘
14:48:41	33.9	--	39	132210	卖盘
14:48:37	33.9	-0.04	28	94920	卖盘
14:48:32	33.94	-0.01	17	57697	卖盘
14:48:26	33.95	0.01	3	10185	买盘
14:48:22	33.94	-0.02	8	27152	中性盘
14:48:17	33.96	0.03	57	193572	买盘
14:48:11	33.93	--	0	0	卖盘
14:48:07	33.93	-0.03	56	190008	卖盘
14:48:02	33.96	0.05	36	122256	买盘
14:47:56	33.91	--	6	20345	卖盘
14:47:52	33.91	0.01	3	10172	卖盘
14:47:47	33.9	-0.01	19	64410	卖盘
14:47:41	33.91	0.01	4	13563	买盘
14:47:37	33.9	0.02	19	64410	买盘
14:47:32	33.88	--	8	27104	卖盘
14:47:26	33.88	-0.02	9	30492	卖盘
14:47:22	33.9	0.04	74	250860	买盘
14:47:17	33.86	-0.01	11	37246	卖盘
14:47:07	33.87	0.01	21	71127	买盘
14:47:02	33.86	0.01	48	162528	买盘
14:46:52	33.85	0.01	60	203100	买盘
14:46:47	33.84	--	41	138744	买盘
14:46:37	33.84	0.01	24	81216	买盘
14:46:32	33.83	0.02	53	179299	买盘
14:46:26	33.81	--	1	3381	卖盘
14:46:22	33.81	-0.01	14	47334	卖盘
14:46:17	33.82	0.01	23	77786	买盘
14:46:11	33.81	0.01	6	20286	买盘
14:46:02	33.8	--	2	6759	卖盘
14:45:56	33.8	-0.01	2	6759	卖盘
14:45:52	33.81	--	4	13524	买盘
14:45:47	33.81	0.03	1	3381	买盘
14:45:41	33.78	--	0	0	卖盘
14:45:32	33.78	-0.01	113	381714	卖盘
14:45:26	33.79	--	3	10137	买盘
14:45:22	33.79	0.01	5	16895	买盘
14:45:17	33.78	--	5	16890	卖盘
14:45:11	33.78	--	19	64182	卖盘
14:45:07	33.78	-0.01	7	23646	卖盘
14:45:02	33.79	0.02	14	47306	买盘
14:44:56	33.77	--	2	6754	卖盘
14:44:47	33.77	0.01	5	16885	买盘
14:44:41	33.76	--	7	23632	买盘
14:44:37	33.76	--	8	27008	买盘
14:44:32	33.76	--	20	67520	买盘
14:44:26	33.76	-0.02	10	33760	中性盘
14:44:22	33.78	0.01	22	74316	买盘
14:44:17	33.77	0.01	30	101310	买盘
14:44:02	33.76	--	10	33760	卖盘
14:43:56	33.76	--	11	37136	买盘
14:43:47	33.76	0.01	3	10128	买盘
14:43:41	33.75	--	2	6750	卖盘
14:43:32	33.75	0.05	136	459000	买盘
14:43:26	33.7	--	22	74140	卖盘
14:43:22	33.7	0.01	25	84250	卖盘
14:43:17	33.69	-0.01	100	336900	卖盘
14:43:02	33.7	0.01	6	20220	买盘
14:42:56	33.69	-0.01	100	336900	卖盘
14:42:46	33.7	0.01	57	192090	买盘
14:42:41	33.69	0.02	23	77487	买盘
14:42:35	33.67	--	2	6734	卖盘
14:42:31	33.67	-0.02	3	10101	卖盘
14:42:26	33.69	--	2	6738	买盘
14:42:20	33.69	--	0	0	买盘
14:42:16	33.69	-0.01	32	107808	买盘
14:42:11	33.7	--	0	0	买盘
14:42:05	33.7	--	0	0	买盘
14:41:46	33.7	0.05	4	13480	中性盘
14:41:41	33.65	-0.05	28	94220	卖盘
14:41:35	33.7	--	10	33700	卖盘
14:41:31	33.7	--	7	23590	卖盘
14:41:26	33.7	-0.04	12	40440	买盘
14:41:20	33.74	0.04	134	452116	买盘
14:41:11	33.7	--	15	50550	卖盘
14:41:05	33.7	--	56	188720	卖盘
14:41:01	33.7	--	29	97730	卖盘
14:40:56	33.7	-0.02	75	252750	卖盘
14:40:46	33.72	0.02	24	80928	买盘
14:40:41	33.7	--	10	33700	卖盘
14:40:35	33.7	-0.03	100	337000	卖盘
14:40:31	33.73	--	0	0	买盘
14:40:26	33.73	--	5	16865	买盘
14:40:20	33.73	0.01	215	725194	买盘
14:40:16	33.72	-0.01	25	84300	卖盘
14:40:11	33.73	-0.02	12	40475	卖盘
14:39:56	33.75	--	0	0	买盘
14:39:50	33.75	--	65	219375	买盘
14:39:46	33.75	--	21	70875	买盘
14:39:41	33.75	--	14	47250	买盘
14:39:35	33.75	--	6	20250	买盘
14:39:31	33.75	--	4	13500	买盘
14:39:26	33.75	--	11	37125	卖盘
14:39:20	33.75	--	4	13500	买盘
14:39:16	33.75	0.02	9	30375	买盘
14:39:11	33.73	-0.02	19	64086	卖盘
14:39:05	33.75	--	5	16875	买盘
14:39:01	33.75	0.02	15	50625	买盘
14:38:56	33.73	--	3	10118	卖盘
14:38:50	33.73	--	5	16865	卖盘
14:38:41	33.73	--	7	23610	买盘
14:38:35	33.73	--	10	33730	买盘
14:38:26	33.73	--	0	0	买盘
14:38:20	33.73	--	12	40475	买盘
14:38:16	33.73	--	43	145039	卖盘
14:38:11	33.73	--	0	0	卖盘
14:38:05	33.73	0.01	13	43848	卖盘
14:37:56	33.72	-0.03	5	16860	中性盘
14:37:50	33.75	0.02	3	10125	买盘
14:37:46	33.73	0.03	10	33730	买盘
14:37:41	33.7	--	6	20220	卖盘
14:37:35	33.7	--	9	30330	卖盘
14:37:26	33.7	--	16	55739	买盘
14:37:20	33.7	--	9	30330	买盘
14:37:16	33.7	--	100	337000	买盘
14:37:05	33.7	--	32	107840	买盘
14:37:01	33.7	-0.02	3	11660	卖盘
14:36:56	33.72	0.02	1	3372	买盘
14:36:41	33.7	0.05	114	385999	买盘
14:36:29	33.65	-0.03	1	3365	买盘
14:36:25	33.68	--	8	26944	买盘
14:36:10	33.68	0.05	10	33680	买盘
14:36:05	33.63	--	17	57171	卖盘
14:35:55	33.63	--	7	23541	买盘
14:35:44	33.63	--	4	13452	买盘
14:35:40	33.63	0.03	3	10089	买盘
14:35:35	33.6	--	6	20160	卖盘
14:35:25	33.6	--	37	124320	买盘
14:35:20	33.6	--	28	94080	买盘
14:35:14	33.6	0.01	5	16800	买盘
14:34:55	33.59	--	41	137719	卖盘
14:34:50	33.59	0.02	35	117565	买盘
14:34:40	33.57	--	43	144351	卖盘
14:34:29	33.57	--	0	0	卖盘
14:34:25	33.57	--	9	30213	卖盘
14:34:20	33.57	--	5	16785	卖盘
14:34:05	33.57	0.01	22	73854	买盘
14:33:55	33.56	--	1	3356	卖盘
14:33:50	33.56	--	44	147664	卖盘
14:33:44	33.56	-0.01	46	154376	卖盘
14:33:25	33.57	0.01	22	73854	卖盘
14:33:14	33.56	--	55	184580	卖盘
14:33:10	33.56	--	3	10068	卖盘
14:32:59	33.56	--	0	0	卖盘
14:32:55	33.56	--	6	20136	卖盘
14:32:50	33.56	--	6	20136	卖盘
14:32:44	33.56	--	0	0	卖盘
14:32:40	33.56	--	1	3356	卖盘
14:32:35	33.56	-0.03	1	3356	卖盘
14:32:29	33.59	0.01	5	16795	买盘
14:32:25	33.58	--	22	73876	买盘
14:32:20	33.58	--	1	3358	卖盘
14:32:10	33.58	--	14	47012	卖盘
14:32:05	33.58	--	8	26864	卖盘
14:31:59	33.58	--	10	33580	卖盘
14:31:50	33.58	-0.01	3	10074	卖盘
14:31:35	33.59	0.01	7	23513	买盘
14:31:29	33.58	--	0	0	卖盘
14:31:25	33.58	-0.01	15	50370	卖盘
14:31:20	33.59	--	13	43667	卖盘
14:31:14	33.59	--	1	3359	卖盘
14:31:10	33.59	--	2	6718	卖盘
14:30:50	33.59	0.01	1	3359	卖盘
14:30:35	33.58	--	0	0	卖盘
14:30:29	33.58	-0.01	15	50370	卖盘
14:30:25	33.59	0.01	23	77257	买盘
14:30:05	33.58	-0.01	2	6716	卖盘
14:29:59	33.59	--	10	33590	买盘
14:29:44	33.59	0.01	26	87334	买盘
14:29:38	33.58	--	2	6716	卖盘
14:29:29	33.58	-0.01	10	33580	卖盘
14:29:04	33.59	--	2	6718	买盘
14:28:59	33.59	--	15	50385	买盘
14:28:49	33.59	--	10	33590	卖盘
14:28:44	33.59	-0.01	19	63821	卖盘
14:28:34	33.6	--	1	3360	买盘
14:28:29	33.6	0.02	4	13440	买盘
14:28:23	33.58	-0.02	5	16790	卖盘
14:28:14	33.6	0.02	10	33600	买盘
14:27:59	33.58	-0.02	3	10074	卖盘
14:27:53	33.6	0.03	83	278880	买盘
14:27:49	33.57	--	0	0	卖盘
14:27:44	33.57	-0.01	1	3357	卖盘
14:27:38	33.58	0.01	10	33580	买盘
14:27:34	33.57	-0.01	0	2349	卖盘
14:27:14	33.58	-0.02	13	43654	卖盘
14:26:59	33.6	--	4	13440	买盘
14:26:53	33.6	-0.01	9	30240	卖盘
14:26:49	33.61	0.04	14	47054	买盘
14:26:38	33.57	-0.03	10	33570	卖盘
14:26:34	33.6	--	5	16800	买盘
14:26:23	33.6	--	0	0	买盘
14:26:19	33.6	0.04	5	16800	买盘
14:26:08	33.56	--	18	60408	卖盘
14:26:04	33.56	0.03	39	131454	买盘
14:25:59	33.53	0.01	33	110649	卖盘
14:25:53	33.52	--	0	0	卖盘
14:25:49	33.52	--	12	40224	卖盘
14:25:44	33.52	0.01	2	6704	卖盘
14:25:38	33.51	-0.01	10	33510	卖盘
14:25:29	33.52	--	36	120672	买盘
14:25:23	33.52	0.01	2	6704	买盘
14:25:14	33.51	0.01	4	13404	买盘
14:25:08	33.5	--	3	10050	卖盘
14:24:59	33.5	--	0	0	卖盘
14:24:53	33.5	-0.02	44	147400	卖盘
14:24:44	33.52	--	1	3352	买盘
14:24:23	33.52	--	5	16760	卖盘
14:24:19	33.52	-0.04	2	6704	卖盘
14:23:53	33.56	--	48	161088	卖盘
14:23:38	33.56	--	18	60408	卖盘
14:23:32	33.56	-0.01	3	10068	卖盘
14:23:23	33.57	-0.04	1	3357	卖盘
14:23:08	33.61	0.01	4	13444	买盘
14:22:58	33.6	--	2	6720	卖盘
14:22:47	33.6	-0.04	10	33600	卖盘
14:22:38	33.64	--	0	0	买盘
14:22:32	33.64	0.04	40	134560	买盘
14:22:28	33.6	-0.04	143	480480	卖盘
14:22:23	33.64	--	34	114376	买盘
14:22:08	33.64	--	2	6728	买盘
14:22:02	33.64	--	6	20184	卖盘
14:21:53	33.64	--	6	20184	卖盘
14:21:43	33.64	0.03	41	137924	卖盘
14:21:28	33.61	--	0	0	卖盘
14:21:23	33.61	-0.01	20	67220	卖盘
14:21:17	33.62	0.01	1	3361	卖盘
14:21:13	33.61	--	5	16805	卖盘
14:21:08	33.61	--	2	6722	卖盘
14:20:58	33.61	--	0	0	卖盘
14:20:53	33.61	-0.03	14	47054	卖盘
14:20:47	33.64	0.03	1	3364	买盘
14:20:38	33.61	-0.03	6	20166	卖盘
14:20:28	33.64	-0.01	2	6728	买盘
14:20:23	33.65	--	0	0	买盘
14:20:17	33.65	--	9	30285	买盘
14:20:08	33.65	--	4	13460	买盘
14:20:02	33.65	0.01	25	84125	买盘
14:19:53	33.64	--	5	16820	卖盘
14:19:38	33.64	--	16	53824	卖盘
14:19:28	33.64	0.03	17	57188	买盘
14:19:23	33.61	-0.05	6	20166	卖盘
14:19:17	33.66	0.01	8	26927	买盘
14:19:13	33.65	-0.01	4	13460	卖盘
14:19:08	33.66	--	20	67320	买盘
14:18:58	33.66	0.01	30	100979	买盘
14:18:47	33.65	-0.03	35	119322	卖盘
14:18:38	33.68	0.01	25	84200	买盘
14:18:28	33.67	--	10	33670	买盘
14:18:23	33.67	0.01	8	26936	卖盘
14:17:53	33.66	--	0	0	卖盘
14:17:43	33.66	-0.02	1	3365	卖盘
14:17:38	33.68	--	27	90936	买盘
14:17:32	33.68	0.02	2	6736	买盘
14:17:17	33.66	-0.02	5	16830	卖盘
14:17:02	33.68	--	7	23576	买盘
14:16:56	33.68	-0.01	8	26944	卖盘
14:16:52	33.69	--	5	16845	买盘
14:16:47	33.69	--	4	13476	卖盘
14:16:17	33.69	0.03	6	20214	买盘
14:16:07	33.66	-0.02	40	134640	卖盘
14:16:02	33.68	--	2	6736	卖盘
14:15:52	33.68	--	4	15290	买盘
14:15:47	33.68	--	26	87568	买盘
14:15:37	33.68	--	12	40416	买盘
14:15:17	33.68	0.02	2	6736	买盘
14:14:56	33.66	-0.02	2	6731	卖盘
14:14:52	33.68	0.02	4	13472	买盘
14:14:47	33.66	--	5	16830	卖盘
14:14:26	33.66	-0.02	5	16830	卖盘
14:14:17	33.68	-0.02	25	84200	卖盘
14:14:11	33.7	0.02	24	80880	买盘
14:14:02	33.68	0.02	5	16840	卖盘
14:13:56	33.66	--	0	0	卖盘
14:13:52	33.66	-0.02	8	26927	卖盘
14:13:47	33.68	--	55	185240	卖盘
14:13:37	33.68	-0.01	15	50520	卖盘
14:13:32	33.69	--	3	10107	买盘
14:13:26	33.69	0.01	62	208878	买盘
14:13:17	33.68	--	9	30312	卖盘
14:13:07	33.68	--	11	37048	卖盘
14:13:02	33.68	--	3	10104	买盘
14:12:32	33.68	--	13	43784	买盘
14:12:26	33.68	--	10	33680	买盘
14:12:17	33.68	0.02	5	16840	买盘
14:12:11	33.66	--	0	0	卖盘
14:12:07	33.66	-0.01	2	6731	卖盘
14:11:56	33.67	--	40	134680	买盘
14:11:52	33.67	0.01	10	33670	买盘
14:11:47	33.66	--	15	50489	卖盘
14:11:41	33.66	--	1	3365	卖盘
14:11:32	33.66	-0.01	1	3365	卖盘
14:11:26	33.67	0.01	5	16835	买盘
14:11:22	33.66	-0.01	2	6731	卖盘
14:11:11	33.67	0.01	2	6734	买盘
14:10:56	33.66	-0.01	20	67320	卖盘
14:10:50	33.67	0.01	2	6734	买盘
14:10:41	33.66	--	10	33660	卖盘
14:10:35	33.66	--	6	20195	卖盘
14:10:31	33.66	--	30	100979	买盘
14:10:26	33.66	0.09	3	10097	买盘
14:10:16	33.57	-0.09	8	26856	卖盘
14:10:11	33.66	--	0	0	买盘
14:10:01	33.66	--	13	43757	卖盘
14:09:56	33.66	-0.01	7	23561	卖盘
14:09:50	33.67	0.01	4	13468	买盘
14:09:46	33.66	-0.02	10	33660	买盘
14:09:41	33.68	--	0	0	买盘
14:09:35	33.68	0.12	16	53888	买盘
14:09:31	33.56	--	0	0	卖盘
14:09:20	33.56	-0.1	25	83900	卖盘
14:09:16	33.66	-0.03	4	13463	卖盘
14:09:11	33.69	--	13	43797	买盘
14:09:01	33.69	--	11	37059	买盘
14:08:56	33.69	-0.01	18	60641	卖盘
14:08:46	33.7	--	87	293190	买盘
14:08:41	33.7	-0.06	90	304479	卖盘
14:08:35	33.76	--	1	3376	卖盘
14:08:31	33.76	--	5	16880	卖盘
14:08:26	33.76	-0.01	30	104352	卖盘
14:08:20	33.77	0.02	23	80169	买盘
14:08:16	33.75	-0.01	3	10125	卖盘
14:08:05	33.76	0.01	1	3376	买盘
14:08:01	33.75	--	2	6750	买盘
14:07:56	33.75	--	31	104625	买盘
14:07:50	33.75	0.01	10	33750	买盘
14:07:46	33.74	0.08	11	37114	买盘
14:07:41	33.66	-0.02	5	16830	卖盘
14:07:35	33.68	0.03	4	13472	买盘
14:07:31	33.65	--	0	0	卖盘
14:07:26	33.65	-0.05	20	67300	卖盘
14:07:20	33.7	0.05	3	10110	买盘
14:07:16	33.65	--	14	47110	卖盘
14:07:11	33.65	0.05	41	137965	买盘
14:07:05	33.6	--	1	3360	卖盘
14:07:01	33.6	--	3	10080	买盘
14:06:56	33.6	0.01	3	10080	买盘
14:06:50	33.59	-0.01	14	47026	卖盘
14:06:41	33.6	--	0	0	买盘
14:06:35	33.6	--	3	10080	买盘
14:06:31	33.6	--	0	0	买盘
14:06:26	33.6	0.02	32	107520	买盘
14:06:20	33.58	0.01	20	67160	买盘
14:06:11	33.57	-0.01	2	6714	卖盘
14:06:05	33.58	--	0	0	买盘
14:06:01	33.58	0.02	11	36938	买盘
14:05:56	33.56	--	16	53696	卖盘
14:05:50	33.56	0.01	25	83900	买盘
14:05:41	33.55	0.05	4	13419	买盘
14:05:35	33.5	-0.05	4	13400	卖盘
14:05:26	33.55	--	1	3354	买盘
14:05:11	33.55	0.05	3	10065	买盘
14:04:56	33.5	--	2	6700	卖盘
14:04:40	33.5	--	34	113900	卖盘
14:04:35	33.5	--	10	33500	卖盘
14:04:25	33.5	--	0	0	卖盘
14:04:10	33.5	-0.01	5	16750	卖盘
14:04:05	33.51	--	0	0	卖盘
14:03:55	33.51	--	0	0	卖盘
14:03:50	33.51	-0.03	19	63668	卖盘
14:03:40	33.54	0.03	2	6708	买盘
14:03:35	33.51	--	13	43563	卖盘
14:03:25	33.51	--	0	0	卖盘
14:02:59	33.51	-0.05	1	3351	卖盘
14:02:55	33.56	0.05	4	13424	买盘
14:02:40	33.51	--	1	3351	卖盘
14:02:10	33.51	--	0	0	卖盘
14:01:50	33.51	0.01	2	6702	买盘
14:01:44	33.5	--	0	2914	卖盘
14:01:40	33.5	--	3	10050	卖盘
14:01:29	33.5	--	12	40200	卖盘
14:01:25	33.5	--	7	23450	卖盘
14:01:20	33.5	0.01	22	75911	买盘
14:00:59	33.49	--	10	33490	买盘
14:00:50	33.49	--	2	7836	卖盘
14:00:44	33.49	--	15	50235	卖盘
14:00:35	33.49	--	1	3349	卖盘
14:00:29	33.49	--	12	40188	卖盘
14:00:20	33.49	0.02	19	65841	买盘
14:00:14	33.47	0.01	8	26776	卖盘
14:00:05	33.46	-0.02	178	595588	卖盘
13:59:59	33.48	--	0	0	买盘
13:59:55	33.48	0.01	2	6695	买盘
13:59:50	33.47	--	1	3347	卖盘
13:59:34	33.47	--	3	10041	卖盘
13:59:29	33.47	--	0	0	卖盘
13:59:25	33.47	-0.02	0	2309	卖盘
13:59:05	33.49	0.01	11	36839	买盘
13:58:55	33.48	0.01	1	3347	卖盘
13:58:50	33.47	-0.02	3	10041	卖盘
13:58:40	33.49	0.01	4	13396	买盘
13:58:35	33.48	--	1	4486	卖盘
13:58:20	33.48	--	9	32341	买盘
13:58:14	33.48	0.02	100	334799	买盘
13:58:08	33.46	--	1	3346	卖盘
13:58:04	33.46	-0.02	18	60228	卖盘
13:57:59	33.48	--	20	66960	买盘
13:57:49	33.48	--	50	167399	买盘
13:57:34	33.48	0.01	9	30131	买盘
13:57:19	33.47	-0.01	5	16735	卖盘
13:57:14	33.48	--	20	66960	买盘
13:57:08	33.48	--	3	10043	买盘
13:57:04	33.48	-0.01	120	402898	卖盘
13:56:49	33.49	--	42	140658	买盘
13:56:44	33.49	--	40	133960	买盘
13:56:38	33.49	--	3	10047	买盘
13:56:34	33.49	--	3	10047	买盘
13:56:29	33.49	--	18	60282	买盘
13:56:23	33.49	--	5	16745	买盘
13:56:14	33.49	0.01	55	186405	买盘
13:56:08	33.48	--	2	6695	卖盘
13:56:04	33.48	0.01	10	33480	卖盘
13:55:49	33.47	-0.02	1	3347	中性盘
13:55:38	33.49	0.01	95	318155	买盘
13:55:29	33.48	0.01	12	40175	买盘
13:55:19	33.47	-0.02	1	3347	卖盘
13:55:14	33.49	--	0	0	买盘
13:54:59	33.49	--	7	23443	买盘
13:54:53	33.49	--	0	0	买盘
13:54:49	33.49	--	0	0	买盘
13:54:38	33.49	--	9	30141	买盘
13:54:34	33.49	--	1	3349	买盘
13:54:29	33.49	--	14	46886	买盘
13:54:23	33.49	--	10	33490	买盘
13:54:08	33.49	--	5	16745	买盘
13:53:59	33.49	--	30	100470	买盘
13:53:53	33.49	--	3	10047	买盘
13:53:49	33.49	--	160	535840	买盘
13:53:43	33.49	0.02	50	167450	买盘
13:53:38	33.47	--	7	23429	卖盘
13:53:23	33.47	--	7	23429	卖盘
13:53:13	33.47	--	9	30123	买盘
13:52:59	33.47	0.02	12	40164	买盘
13:52:49	33.45	--	20	66900	卖盘
13:52:43	33.45	--	0	0	卖盘
13:52:34	33.45	--	13	43485	买盘
13:52:19	33.45	--	2	6690	买盘
13:52:13	33.45	--	20	66900	买盘
13:52:08	33.45	0.01	50	167250	买盘
13:52:03	33.44	--	0	234	卖盘
13:51:47	33.44	--	18	62934	买盘
13:51:43	33.44	--	0	0	买盘
13:51:32	33.44	0.02	1	3344	买盘
13:51:28	33.42	--	12	40104	卖盘
13:51:17	33.42	--	3	10026	买盘
13:51:13	33.42	-0.02	5	16710	卖盘
13:50:58	33.44	0.04	5	16720	买盘
13:50:47	33.4	--	0	0	卖盘
13:50:38	33.4	--	60	200400	买盘
13:50:32	33.4	--	2	6680	买盘
13:50:17	33.4	--	0	0	买盘
13:50:08	33.4	--	13	43420	卖盘
13:49:53	33.4	--	5	16700	卖盘
13:49:43	33.4	--	16	53440	买盘
13:49:38	33.4	--	8	26720	买盘
13:49:17	33.4	--	2	6680	买盘
13:49:13	33.4	--	25	83500	卖盘
13:48:58	33.4	--	0	0	卖盘
13:48:53	33.4	--	3	10020	卖盘
13:48:32	33.4	--	6	22010	买盘
13:48:28	33.4	-0.02	3	11389	卖盘
13:48:17	33.42	0.02	0	1971	买盘
13:48:13	33.4	--	6	20040	买盘
13:47:58	33.4	0.04	2	6680	买盘
13:47:53	33.36	--	4	13344	卖盘
13:47:32	33.36	--	1	3336	买盘
13:47:23	33.36	0.01	3	10008	买盘
13:47:17	33.35	0.01	14	49858	买盘
13:46:53	33.34	0.04	26	86684	买盘
13:46:47	33.3	--	5	16650	卖盘
13:46:17	33.3	--	5	18814	买盘
13:46:13	33.3	--	4	13319	买盘
13:46:02	33.3	--	18	59939	买盘
13:45:53	33.3	0.01	5	16650	买盘
13:45:37	33.29	--	6	19974	卖盘
13:45:17	33.29	-0.01	42	142481	卖盘
13:45:07	33.3	0.01	13	43289	买盘
13:44:47	33.29	--	2	6658	卖盘
13:44:37	33.29	--	0	3029	卖盘
13:44:32	33.29	--	4	13316	卖盘
13:44:26	33.29	--	2	6658	卖盘
13:44:11	33.29	--	0	965	卖盘
13:43:56	33.29	--	11	38583	买盘
13:43:52	33.29	0.01	1	3329	买盘
13:43:32	33.28	0.01	23	77109	买盘
13:43:22	33.27	-0.01	6	19962	卖盘
13:43:17	33.28	--	1	3328	买盘
13:43:07	33.28	--	9	29952	买盘
13:43:02	33.28	-0.01	17	58306	卖盘
13:42:56	33.29	-0.01	8	26632	卖盘
13:42:41	33.3	--	14	47785	卖盘
13:42:32	33.3	--	0	0	卖盘
13:42:22	33.3	-0.04	18	59939	卖盘
13:42:17	33.34	0.04	31	103354	买盘
13:42:02	33.3	-0.03	3	9990	卖盘
13:41:56	33.33	0.03	4	13332	买盘
13:41:47	33.3	--	0	0	卖盘
13:41:41	33.3	-0.04	5	16650	卖盘
13:41:37	33.34	0.04	2	6668	买盘
13:41:32	33.3	--	5	16650	卖盘
13:41:26	33.3	--	0	0	卖盘
13:41:11	33.3	0.01	2	8824	买盘
13:40:56	33.29	-0.01	4	13316	中性盘
13:40:41	33.3	0.02	10	33300	卖盘
13:40:31	33.28	--	0	0	卖盘
13:40:26	33.28	--	3	11581	买盘
13:40:16	33.28	--	4	13312	卖盘
13:40:11	33.28	-0.04	10	33280	卖盘
13:40:01	33.32	0.04	2	6664	买盘
13:39:56	33.28	-0.04	1	3328	卖盘
13:39:36	33.32	0.04	3	9996	买盘
13:39:31	33.28	--	2	6656	中性盘
13:39:26	33.28	--	7	23296	买盘
13:39:11	33.28	--	9	29952	买盘
13:39:06	33.28	0.03	4	13312	买盘
13:39:01	33.25	--	6	19950	卖盘
13:38:56	33.25	--	1	3325	卖盘
13:38:50	33.25	--	16	55760	买盘
13:38:46	33.25	--	17	56525	买盘
13:38:41	33.25	--	10	33250	买盘
13:38:35	33.25	--	5	16625	买盘
13:38:31	33.25	--	73	243157	卖盘
13:38:26	33.25	--	1	3325	卖盘
13:38:20	33.25	--	15	49875	卖盘
13:37:31	33.25	--	10	36142	买盘
13:37:26	33.25	-0.07	89	296357	卖盘
13:37:16	33.32	--	0	0	买盘
13:37:05	33.32	0.06	4	13328	买盘
13:36:56	33.26	--	0	0	卖盘
13:36:50	33.26	-0.04	90	299340	卖盘
13:36:46	33.3	--	1	3329	卖盘
13:36:41	33.3	-0.02	1	3329	卖盘
13:36:26	33.32	0.04	1	3332	买盘
13:36:16	33.28	-0.07	100	332800	卖盘
13:36:10	33.35	--	0	0	买盘
13:35:41	33.35	0.05	5	16675	买盘
13:35:35	33.3	-0.05	100	333000	卖盘
13:35:16	33.35	--	11	36851	卖盘
13:35:11	33.35	--	0	3168	买盘
13:35:05	33.35	0.02	14	46690	买盘
13:35:01	33.33	-0.02	50	166650	卖盘
13:34:50	33.35	--	7	24078	买盘
13:34:45	33.35	0.02	40	136001	买盘
13:34:41	33.33	-0.01	20	66660	卖盘
13:34:10	33.34	0.01	23	76948	买盘
13:33:55	33.33	0.03	3	9999	买盘
13:33:50	33.3	-0.03	12	39960	卖盘
13:33:45	33.33	0.03	3	9999	买盘
13:33:40	33.3	-0.03	25	83250	卖盘
13:33:35	33.33	--	0	0	买盘
13:33:25	33.33	0.03	4	13332	买盘
13:33:20	33.3	0.03	33	110988	买盘
13:33:10	33.27	--	3	11278	买盘
13:33:05	33.27	0.01	11	36597	买盘
13:32:55	33.26	-0.01	7	23282	卖盘
13:32:50	33.27	0.01	18	60118	买盘
13:32:45	33.26	--	8	26608	卖盘
13:32:40	33.26	-0.01	5	16630	卖盘
13:32:35	33.27	0.01	12	39924	买盘
13:32:29	33.26	--	4	13304	卖盘
13:32:25	33.26	--	19	63193	买盘
13:32:10	33.26	--	19	63193	卖盘
13:31:59	33.26	--	11	36586	卖盘
13:31:55	33.26	-0.01	48	159648	卖盘
13:31:50	33.27	0.02	17	56559	买盘
13:31:44	33.25	--	25	83125	卖盘
13:31:40	33.25	-0.01	9	29925	卖盘
13:31:35	33.26	--	6	19956	买盘
13:31:29	33.26	--	30	99780	买盘
13:31:20	33.26	-0.01	57	189582	卖盘
13:31:14	33.27	-0.03	11	36597	卖盘
13:31:10	33.3	--	0	0	买盘
13:31:05	33.3	0.02	40	133200	买盘
13:30:55	33.28	-0.01	14	48821	卖盘
13:30:50	33.29	--	12	39948	买盘
13:30:40	33.29	-0.04	18	59922	卖盘
13:30:35	33.33	0.02	30	99990	买盘
13:30:29	33.31	--	1	3331	卖盘
13:30:14	33.31	--	0	1099	卖盘
13:30:10	33.31	0.01	18	60191	买盘
13:29:59	33.3	-0.01	5	19746	卖盘
13:29:55	33.31	0.01	1	3331	卖盘
13:29:50	33.3	--	0	0	卖盘
13:29:44	33.3	-0.03	6	19980	卖盘
13:29:29	33.33	0.02	2	6666	买盘
13:29:20	33.31	0.01	5	16655	卖盘
13:29:05	33.3	-0.03	73	243089	卖盘
13:28:59	33.33	0.02	11	36663	买盘
13:28:55	33.31	-0.01	10	33310	买盘
13:28:35	33.32	--	31	104891	卖盘
13:28:24	33.32	--	50	168332	买盘
13:28:20	33.32	0.01	3	9996	买盘
13:28:14	33.31	-0.01	11	36641	卖盘
13:28:04	33.32	--	60	199920	卖盘
13:27:59	33.32	--	6	19992	卖盘
13:27:49	33.32	--	0	866	卖盘
13:27:43	33.32	--	4	13328	卖盘
13:27:39	33.32	--	4	13328	卖盘
13:27:34	33.32	--	57	189924	卖盘
13:27:29	33.32	-0.01	31	103292	卖盘
13:27:24	33.33	0.01	26	86658	买盘
13:27:04	33.32	-0.01	20	66640	卖盘
13:26:59	33.33	--	19	63327	买盘
13:26:55	33.33	0.01	2	6666	买盘
13:26:49	33.32	--	10	35585	卖盘
13:26:40	33.32	-0.01	5	16660	卖盘
13:26:08	33.33	--	2	6666	买盘
13:25:49	33.33	-0.01	83	277705	卖盘
13:25:44	33.34	--	2	6668	买盘
13:25:38	33.34	0.01	11	36674	买盘
13:25:29	33.33	--	0	1833	卖盘
13:25:19	33.33	--	9	29997	卖盘
13:25:14	33.33	--	3	9999	卖盘
13:25:08	33.33	-0.01	10	33330	卖盘
13:25:04	33.34	--	19	63346	买盘
13:24:44	33.34	--	1	3334	买盘
13:24:34	33.34	-0.01	10	33340	卖盘
13:24:19	33.35	--	1	3335	买盘
13:24:04	33.35	--	21	70035	买盘
13:23:59	33.35	0.01	3	10005	买盘
13:23:49	33.34	-0.01	7	23338	卖盘
13:23:38	33.35	--	5	16675	买盘
13:23:34	33.35	--	23	79473	卖盘
13:23:14	33.35	--	5	16675	卖盘
13:23:08	33.35	--	1	3335	卖盘
13:23:04	33.35	-0.01	9	30015	卖盘
13:22:44	33.36	--	23	76728	卖盘
13:22:34	33.36	--	0	0	卖盘
13:22:29	33.36	0.01	1	3336	卖盘
13:22:08	33.35	--	0	0	卖盘
13:22:04	33.35	--	0	0	卖盘
13:21:59	33.35	-0.04	20	66700	卖盘
13:21:48	33.39	--	2	6678	买盘
13:21:38	33.39	--	3	10017	买盘
13:21:33	33.39	--	2	6678	卖盘
13:21:29	33.39	-0.01	1	3339	卖盘
13:21:23	33.4	--	0	0	买盘
13:21:19	33.4	0.05	10	33400	买盘
13:21:13	33.35	-0.04	100	333500	卖盘
13:21:08	33.39	--	4	14424	卖盘
13:20:58	33.39	0.02	8	26712	买盘
13:20:53	33.37	--	3	10011	卖盘
13:20:43	33.37	-0.01	5	16685	卖盘
13:20:38	33.38	--	0	0	中性盘
13:20:33	33.38	0.01	5	16690	买盘
13:20:18	33.37	--	0	0	卖盘
13:20:13	33.37	-0.02	3	10011	卖盘
13:20:03	33.39	0.02	1	3339	买盘
13:19:58	33.37	-0.02	0	3270	卖盘
13:19:48	33.39	0.02	9	30051	买盘
13:19:43	33.37	-0.02	6	20022	卖盘
13:19:28	33.39	0.02	21	70119	买盘
13:19:13	33.37	-0.02	2	6673	卖盘
13:19:02	33.39	--	0	0	买盘
13:18:47	33.39	0.03	5	16695	买盘
13:18:43	33.36	-0.03	13	43368	卖盘
13:18:38	33.39	--	2	6678	买盘
13:18:28	33.39	0.03	4	13356	买盘
13:18:13	33.36	-0.03	5	16680	卖盘
13:18:02	33.39	--	15	50085	卖盘
13:17:58	33.39	--	1	3339	卖盘
13:17:53	33.39	0.04	2	6678	买盘
13:17:43	33.35	--	16	53360	卖盘
13:17:32	33.35	--	6	22911	买盘
13:17:28	33.35	--	2	6670	买盘
13:17:17	33.35	--	7	23345	买盘
13:17:13	33.35	-0.02	79	263898	卖盘
13:17:08	33.37	0.01	14	46718	买盘
13:16:38	33.36	0.03	0	2902	卖盘
13:16:17	33.33	--	0	0	卖盘
13:16:13	33.33	--	43	143319	卖盘
13:16:08	33.33	--	11	36663	卖盘
13:15:58	33.33	0.01	0	433	卖盘
13:15:46	33.32	--	0	0	卖盘
13:15:43	33.32	--	13	43316	卖盘
13:15:28	33.32	0.01	0	999	卖盘
13:15:23	33.31	--	0	0	卖盘
13:15:17	33.31	--	0	0	卖盘
13:15:12	33.31	--	12	39972	卖盘
13:15:08	33.31	0.01	4	13324	卖盘
13:15:02	33.3	-0.01	2	6659	卖盘
13:14:57	33.31	0.01	10	33310	卖盘
13:14:53	33.3	--	0	0	卖盘
13:14:47	33.3	--	0	0	卖盘
13:14:42	33.3	--	7	23309	卖盘
13:14:27	33.3	0.01	23	79353	买盘
13:14:17	33.29	0.01	1	3329	买盘
13:14:12	33.28	-0.02	2	6656	卖盘
13:14:07	33.3	0.02	1	3329	买盘
13:14:02	33.28	-0.02	6	19968	卖盘
13:13:57	33.3	--	4	13319	买盘
13:13:52	33.3	--	26	86579	买盘
13:13:47	33.3	-0.01	98	326906	卖盘
13:13:42	33.31	-0.06	51	169881	卖盘
13:13:37	33.37	--	1	3336	买盘
13:13:27	33.37	-0.02	10	33370	卖盘
13:13:17	33.39	--	1	3672	卖盘
13:13:12	33.39	--	2	6678	卖盘
13:13:07	33.39	0.03	4	16361	买盘
13:13:02	33.36	-0.03	2	6672	卖盘
13:12:57	33.39	0.03	2	8380	买盘
13:12:52	33.36	--	0	0	买盘
13:12:47	33.36	--	9	30657	卖盘
13:12:41	33.36	-0.03	27	90072	卖盘
13:12:37	33.39	--	8	26712	买盘
13:12:32	33.39	-0.01	6	20367	卖盘
13:12:17	33.4	--	2	6680	买盘
13:12:07	33.4	--	2	6680	买盘
13:11:56	33.4	0.01	3	10020	买盘
13:11:52	33.39	0.02	5	19700	买盘
13:11:41	33.37	-0.01	4	13347	卖盘
13:11:37	33.38	--	17	56746	买盘
13:11:32	33.38	0.01	5	16690	买盘
13:11:21	33.37	--	3	10011	卖盘
13:11:17	33.37	--	3	10011	卖盘
13:11:11	33.37	0.06	26	89464	买盘
13:11:02	33.31	--	0	1065	卖盘
13:10:56	33.31	--	0	0	中性盘
13:10:52	33.31	--	15	49965	卖盘
13:10:47	33.31	--	0	0	卖盘
13:10:41	33.31	--	6	19986	卖盘
13:10:26	33.31	--	1	3331	中性盘
13:10:22	33.31	0.01	5	16655	卖盘
13:10:17	33.3	--	6	19980	卖盘
13:10:11	33.3	--	1	3329	卖盘
13:10:07	33.3	--	22	73260	买盘
13:10:02	33.3	--	2	6659	买盘
13:09:52	33.3	--	9	29969	买盘
13:09:47	33.3	--	26	89177	卖盘
13:09:41	33.3	--	17	56609	卖盘
13:09:32	33.3	--	26	89610	卖盘
13:09:11	33.3	--	12	39960	卖盘
13:09:07	33.3	--	7	23309	卖盘
13:09:02	33.3	--	5	16650	卖盘
13:08:55	33.3	--	0	1032	卖盘
13:08:52	33.3	0.01	10	33300	买盘
13:08:41	33.29	-0.01	3	9987	卖盘
13:08:32	33.3	-0.03	14	46619	卖盘
13:08:11	33.33	-0.04	1	3966	卖盘
13:08:06	33.37	-0.01	5	16685	卖盘
13:07:46	33.38	--	18	60417	卖盘
13:07:40	33.38	--	8	26804	卖盘
13:07:36	33.38	-0.01	1	3338	卖盘
13:07:31	33.39	0.01	1	3339	买盘
13:07:25	33.38	--	6	20028	卖盘
13:07:21	33.38	--	9	30042	卖盘
13:07:11	33.38	-0.02	6	20028	卖盘
13:06:46	33.4	0.01	3	10020	买盘
13:06:41	33.39	-0.01	3	10017	卖盘
13:06:31	33.4	--	1	3340	中性盘
13:06:25	33.4	--	0	1269	卖盘
13:06:16	33.4	0.01	1	3340	卖盘
13:06:11	33.39	-0.01	2	6678	卖盘
13:06:06	33.4	-0.02	1	3340	买盘
13:06:01	33.42	--	0	0	买盘
13:05:56	33.42	--	0	0	买盘
13:05:50	33.42	--	0	0	买盘
13:05:46	33.42	0.04	3	10026	买盘
13:05:26	33.38	-0.04	4	13352	卖盘
13:05:11	33.42	0.04	11	39669	买盘
13:04:41	33.38	-0.04	4	13352	卖盘
13:04:35	33.42	--	15	51500	卖盘
13:03:56	33.42	-0.01	30	100260	卖盘
13:03:46	33.43	--	2	8658	买盘
13:03:41	33.43	0.01	18	60174	买盘
13:03:31	33.42	--	8	26736	卖盘
13:03:20	33.42	0.05	46	153732	买盘
13:03:16	33.37	-0.01	21	70077	卖盘
13:03:11	33.38	--	0	0	卖盘
13:03:01	33.38	--	0	2703	卖盘
13:02:46	33.38	0.01	2	6676	买盘
13:02:41	33.37	-0.01	11	36707	卖盘
13:02:26	33.38	--	4	13352	卖盘
13:02:01	33.38	-0.04	9	30042	卖盘
13:01:56	33.42	0.04	3	10026	买盘
13:01:45	33.38	-0.04	1	3338	卖盘
13:01:41	33.42	--	4	13368	买盘
13:01:10	33.42	--	7	23394	买盘
13:01:05	33.42	--	12	40104	买盘
13:00:55	33.42	--	1	3342	买盘
13:00:49	33.42	0.05	10	33420	卖盘
13:00:45	33.37	--	0	0	卖盘
13:00:40	33.37	-0.05	15	50054	卖盘
13:00:35	33.42	0.05	9	30078	买盘
13:00:25	33.37	--	7	23359	卖盘
13:00:15	33.37	--	5	16685	卖盘
13:00:10	33.37	--	23	76751	卖盘
13:00:05	33.37	0.01	82	273634	买盘
11:30:00	33.36	--	0	0	卖盘
11:29:59	33.36	--	0	0	卖盘
11:29:51	33.36	-0.02	1	3336	卖盘
11:29:46	33.38	0.02	13	43394	买盘
11:29:40	33.36	--	3	10008	卖盘
11:29:36	33.36	--	6	20016	买盘
11:29:25	33.36	--	0	0	买盘
11:29:16	33.36	0.08	5	16680	买盘
11:29:10	33.28	-0.08	7	23296	卖盘
11:29:01	33.36	0.08	10	33360	买盘
11:28:51	33.28	-0.07	0	1098	卖盘
11:28:46	33.35	0.07	6	20010	买盘
11:28:40	33.28	-0.07	5	16640	卖盘
11:28:31	33.35	0.07	8	26680	买盘
11:28:16	33.28	--	1	3328	中性盘
11:28:10	33.28	--	5	16640	买盘
11:28:06	33.28	0.03	9	29952	买盘
11:27:55	33.25	--	0	0	卖盘
11:27:40	33.25	--	16	53200	卖盘
11:27:36	33.25	--	0	0	卖盘
11:27:16	33.25	--	10	33250	卖盘
11:27:10	33.25	--	6	19950	卖盘
11:26:55	33.25	--	3	9975	卖盘
11:26:51	33.25	-0.13	2	6650	卖盘
11:26:46	33.38	0.13	6	20028	买盘
11:26:40	33.25	0.01	6	19950	卖盘
11:26:36	33.24	--	0	0	卖盘
11:26:25	33.24	--	0	0	卖盘
11:26:10	33.24	0.02	29	96396	买盘
11:25:55	33.22	-0.02	1	3322	卖盘
11:25:51	33.24	0.02	2	6648	买盘
11:25:46	33.22	--	38	126236	买盘
11:25:40	33.22	--	41	136202	买盘
11:25:34	33.22	--	3	9966	买盘
11:25:19	33.22	-0.02	5	16610	卖盘
11:25:16	33.24	0.04	5	16620	买盘
11:25:10	33.2	--	0	0	卖盘
11:25:04	33.2	-0.18	163	541160	卖盘
11:25:01	33.38	0.15	4	13352	买盘
11:24:55	33.23	--	0	0	卖盘
11:24:40	33.23	--	3	9968	卖盘
11:24:34	33.23	0.03	5	16615	卖盘
11:24:31	33.2	--	0	0	卖盘
11:24:25	33.2	-0.03	21	69720	卖盘
11:24:19	33.23	0.01	9	32233	买盘
11:24:10	33.22	0.02	1	3322	中性盘
11:24:04	33.2	-0.03	7	23240	卖盘
11:24:00	33.23	0.01	30	99689	买盘
11:23:55	33.22	0.02	2	6644	买盘
11:23:45	33.2	--	35	116200	卖盘
11:23:40	33.2	--	7	23240	卖盘
11:23:30	33.2	--	4	13280	卖盘
11:23:25	33.2	0.01	19	63080	买盘
11:23:19	33.19	--	7	23233	卖盘
11:23:15	33.19	--	36	119483	卖盘
11:23:10	33.19	-0.01	12	39828	卖盘
11:23:04	33.2	--	5	16600	买盘
11:23:00	33.2	--	14	46480	卖盘
11:22:55	33.2	-0.02	8	26560	中性盘
11:22:49	33.22	0.03	43	142846	买盘
11:22:45	33.19	--	16	53104	买盘
11:22:40	33.19	-0.02	65	218888	卖盘
11:22:34	33.21	--	10	33210	卖盘
11:22:30	33.21	0.01	8	26568	买盘
11:22:25	33.2	--	19	63246	买盘
11:22:19	33.2	--	77	258794	卖盘
11:22:10	33.2	--	5	16600	卖盘
11:22:04	33.2	-0.03	50	166000	卖盘
11:22:00	33.23	0.03	35	116304	买盘
11:21:55	33.2	-0.01	111	368520	卖盘
11:21:49	33.21	-0.01	6	19926	卖盘
11:21:45	33.22	0.01	4	13288	买盘
11:21:40	33.21	-0.03	108	358668	卖盘
11:21:34	33.24	0.01	117	388908	买盘
11:21:30	33.23	--	2	6645	卖盘
11:21:25	33.23	--	5	16615	卖盘
11:21:10	33.23	--	45	149535	卖盘
11:21:04	33.23	-0.01	1	3322	卖盘
11:20:55	33.24	--	0	0	买盘
11:20:45	33.24	-0.06	84	279216	卖盘
11:20:40	33.3	0.02	14	46619	买盘
11:20:34	33.28	0.02	2	6656	买盘
11:20:30	33.26	-0.02	4	13304	卖盘
11:20:25	33.28	--	0	0	买盘
11:20:19	33.28	--	0	0	买盘
11:20:15	33.28	0.04	4	13312	买盘
11:20:10	33.24	--	17	56508	卖盘
11:20:04	33.24	-0.02	33	109692	卖盘
11:20:00	33.26	0.01	11	36586	买盘
11:19:55	33.25	--	2	6650	卖盘
11:19:49	33.25	--	22	73150	卖盘
11:19:45	33.25	-0.01	5	16625	卖盘
11:19:40	33.26	--	17	56542	买盘
11:19:34	33.26	-0.02	25	83150	卖盘
11:19:30	33.28	-0.02	15	49920	卖盘
11:19:25	33.3	0.02	10	33300	买盘
11:19:19	33.28	--	16	53248	卖盘
11:19:13	33.28	--	2	6656	卖盘
11:19:10	33.28	--	7	23296	卖盘
11:19:04	33.28	-0.01	16	53248	卖盘
11:18:58	33.29	0.01	1	3329	中性盘
11:18:55	33.28	--	9	29952	卖盘
11:18:49	33.28	-0.07	6	19968	卖盘
11:18:43	33.35	0.07	5	16675	买盘
11:18:39	33.28	-0.01	1	3328	卖盘
11:18:34	33.29	-0.06	1	3329	卖盘
11:18:28	33.35	0.07	1	3335	买盘
11:18:25	33.28	-0.01	5	16640	卖盘
11:18:19	33.29	0.01	3	9987	卖盘
11:18:13	33.28	--	7	23296	卖盘
11:18:10	33.28	--	43	143104	卖盘
11:18:04	33.28	--	26	86528	卖盘
11:17:58	33.28	--	16	53248	卖盘
11:17:54	33.28	0.04	54	179712	买盘
11:17:49	33.24	-0.01	5	16620	卖盘
11:17:43	33.25	--	16	53200	卖盘
11:17:39	33.25	-0.03	43	142975	卖盘
11:17:34	33.28	0.03	16	53248	买盘
11:17:28	33.25	--	1	3325	卖盘
11:17:24	33.25	-0.01	4	13300	卖盘
11:17:19	33.26	--	1	3326	卖盘
11:17:13	33.26	0.01	4	13304	中性盘
11:17:09	33.25	--	4	13300	卖盘
11:17:04	33.25	-0.02	1	3325	卖盘
11:16:58	33.27	0.02	2	6654	中性盘
11:16:54	33.25	-0.01	6	19950	卖盘
11:16:49	33.26	--	6	19956	卖盘
11:16:43	33.26	-0.01	17	56542	卖盘
11:16:39	33.27	-0.03	22	73194	卖盘
11:16:34	33.3	-0.01	198	659340	卖盘
11:16:28	33.31	--	19	63289	买盘
11:16:24	33.31	0.01	5	16655	买盘
11:16:19	33.3	-0.01	17	56609	卖盘
11:16:13	33.31	-0.09	46	153226	卖盘
11:16:09	33.4	0.1	221	738140	买盘
11:16:04	33.3	--	23	76590	卖盘
11:15:58	33.3	--	62	206459	卖盘
11:15:54	33.3	0.02	88	293040	买盘
11:15:49	33.28	-0.02	12	39936	中性盘
11:15:43	33.3	0.02	15	49949	买盘
11:15:39	33.28	--	33	109824	卖盘
11:15:34	33.28	--	2	6656	卖盘
11:15:28	33.28	-0.02	5	16640	卖盘
11:15:24	33.3	-0.01	17	56609	卖盘
11:15:19	33.31	-0.01	9	29979	卖盘
11:15:13	33.32	--	8	26656	中性盘
11:15:09	33.32	--	13	43316	卖盘
11:15:04	33.32	--	1	3332	卖盘
11:14:58	33.32	0.01	1	3332	卖盘
11:14:54	33.31	--	3	9993	卖盘
11:14:49	33.31	0.02	10	33310	卖盘
11:14:43	33.29	-0.01	35	116515	卖盘
11:14:39	33.3	-0.01	117	389609	卖盘
11:14:34	33.31	0.01	8	26648	买盘
11:14:28	33.3	--	1	3329	卖盘
11:14:24	33.3	--	4	13319	卖盘
11:14:19	33.3	--	14	46619	卖盘
11:14:13	33.3	-0.01	10	33300	卖盘
11:14:09	33.31	--	31	103261	卖盘
11:14:04	33.31	--	2	6662	卖盘
11:13:58	33.31	-0.01	2	6662	卖盘
11:13:43	33.32	--	2	6664	卖盘
11:13:39	33.32	--	4	13328	卖盘
11:13:34	33.32	--	1	3332	卖盘
11:13:28	33.32	0.02	5	16660	中性盘
11:13:24	33.3	--	17	56609	卖盘
11:13:19	33.3	-0.01	60	199799	卖盘
11:13:13	33.31	--	17	56627	卖盘
11:13:09	33.31	-0.01	15	49965	卖盘
11:13:04	33.32	--	18	59976	卖盘
11:12:58	33.32	--	1	3332	卖盘
11:12:52	33.32	--	4	13328	卖盘
11:12:49	33.32	0.01	34	113288	买盘
11:12:43	33.31	-0.04	9	29979	卖盘
11:12:37	33.35	--	31	103385	买盘
11:12:34	33.35	0.03	7	23345	买盘
11:12:28	33.32	-0.03	20	66640	卖盘
11:12:22	33.35	0.02	13	43355	买盘
11:12:19	33.33	0.01	7	23331	中性盘
11:12:13	33.32	--	20	66640	卖盘
11:12:07	33.32	-0.01	8	26656	卖盘
11:12:04	33.33	--	3	9999	卖盘
11:11:58	33.33	--	1	3333	卖盘
11:11:52	33.33	--	3	9999	卖盘
11:11:49	33.33	--	10	33330	卖盘
11:11:43	33.33	--	70	233310	卖盘
11:11:37	33.33	-0.02	44	146652	卖盘
11:11:33	33.35	0.01	19	63365	买盘
11:11:28	33.34	--	10	33340	卖盘
11:11:22	33.34	--	12	40008	买盘
11:11:18	33.34	0.01	9	30006	中性盘
11:11:13	33.33	--	44	146652	卖盘
11:11:07	33.33	-0.02	25	83325	卖盘
11:11:03	33.35	0.01	21	70035	买盘
11:10:58	33.34	-0.01	69	230046	卖盘
11:10:52	33.35	--	0	0	卖盘
11:10:48	33.35	--	2	6670	卖盘
11:10:43	33.35	--	5	16675	卖盘
11:10:37	33.35	--	17	56695	中性盘
11:10:22	33.35	-0.1	2	6670	卖盘
11:10:18	33.45	0.1	6	20070	买盘
11:10:13	33.35	0.02	2	6670	中性盘
11:10:07	33.33	--	8	26664	卖盘
11:10:03	33.33	--	14	46662	卖盘
11:09:58	33.33	--	2	6666	卖盘
11:09:52	33.33	--	8	26664	卖盘
11:09:48	33.33	-0.01	26	86658	卖盘
11:09:43	33.34	-0.01	30	100020	卖盘
11:09:37	33.35	-0.01	117	390195	卖盘
11:09:33	33.36	--	10	33360	中性盘
11:09:28	33.36	-0.01	9	30024	卖盘
11:09:22	33.37	0.01	1	3336	卖盘
11:09:18	33.36	-0.01	2	6672	卖盘
11:09:13	33.37	0.01	7	23359	中性盘
11:09:07	33.36	-0.09	23	76728	卖盘
11:09:03	33.45	0.09	13	43485	买盘
11:08:48	33.36	-0.09	2	6672	卖盘
11:08:43	33.45	0.09	4	13380	买盘
11:08:37	33.36	--	7	23352	卖盘
11:08:33	33.36	--	2	6672	卖盘
11:08:28	33.36	--	12	40032	卖盘
11:08:22	33.36	0.01	21	70056	中性盘
11:08:18	33.35	--	1	3335	卖盘
11:08:13	33.35	--	6	20010	卖盘
11:08:07	33.35	--	18	60030	卖盘
11:07:52	33.35	0.02	1	3335	中性盘
11:07:48	33.33	--	2	6666	卖盘
11:07:43	33.33	-0.02	23	76659	卖盘
11:07:37	33.35	-0.01	58	193430	卖盘
11:07:33	33.36	--	2	6672	买盘
11:07:18	33.36	--	1	3336	卖盘
11:07:07	33.36	0.02	1	3336	卖盘
11:06:58	33.34	--	0	0	卖盘
11:06:52	33.34	--	1	3334	卖盘
11:06:48	33.34	0.02	1	3334	卖盘
11:06:43	33.32	-0.01	4	13328	卖盘
11:06:37	33.33	0.01	15	49995	卖盘
11:06:16	33.32	--	0	0	卖盘
11:06:07	33.32	--	8	26656	卖盘
11:06:01	33.32	--	2	6664	卖盘
11:05:58	33.32	--	21	69972	卖盘
11:05:43	33.32	--	2	6664	卖盘
11:05:37	33.32	--	221	736372	卖盘
11:05:28	33.32	--	1	3332	买盘
11:05:22	33.32	0.02	5	16660	买盘
11:05:16	33.3	-0.02	1	3329	卖盘
11:05:07	33.32	-0.02	52	173264	卖盘
11:04:52	33.34	0.01	7	23338	买盘
11:04:37	33.33	-0.01	4	13332	卖盘
11:04:31	33.34	--	4	13336	卖盘
11:04:22	33.34	--	14	46676	卖盘
11:04:16	33.34	--	2	6668	卖盘
11:04:12	33.34	--	5	16670	卖盘
11:04:07	33.34	-0.01	100	333400	卖盘
11:04:01	33.35	0.01	3	10005	买盘
11:03:52	33.34	-0.01	20	66680	卖盘
11:03:42	33.35	--	6	20010	卖盘
11:03:37	33.35	-0.01	5	16675	卖盘
11:03:31	33.36	-0.02	2	6672	卖盘
11:03:22	33.38	--	1	3338	买盘
11:03:16	33.38	0.03	3	10014	买盘
11:03:12	33.35	--	5	16675	卖盘
11:03:07	33.35	-0.03	92	306820	卖盘
11:02:46	33.38	0.03	2	6676	买盘
11:02:37	33.35	-0.03	27	90045	卖盘
11:02:16	33.38	0.03	17	56746	买盘
11:02:07	33.35	--	45	150075	卖盘
11:01:37	33.35	--	4	13340	卖盘
11:01:31	33.35	--	1	3335	卖盘
11:01:22	33.35	--	1	3335	买盘
11:01:16	33.35	--	2	6670	卖盘
11:01:07	33.35	--	16	53360	卖盘
11:01:01	33.35	--	1	3335	卖盘
11:00:46	33.35	-0.01	1	3335	卖盘
11:00:37	33.36	-0.06	24	80064	卖盘
11:00:10	33.42	0.02	2	6684	买盘
11:00:07	33.4	-0.01	65	217100	卖盘
11:00:01	33.41	--	0	0	中性盘
10:59:37	33.41	--	3	10022	卖盘
10:59:31	33.41	-0.01	4	13363	卖盘
10:59:25	33.42	--	2	6684	卖盘
10:59:22	33.42	--	3	10026	卖盘
10:59:07	33.42	--	8	26736	卖盘
10:58:36	33.42	-0.01	2	6684	卖盘
10:58:31	33.43	-0.02	6	20058	卖盘
10:58:16	33.45	0.02	4	13380	卖盘
10:58:06	33.43	-0.02	105	351015	卖盘
10:58:01	33.45	0.02	1	3345	买盘
10:57:46	33.43	--	20	66860	卖盘
10:57:36	33.43	0.02	48	160464	买盘
10:57:31	33.41	--	8	26727	卖盘
10:57:21	33.41	--	2	6681	买盘
10:57:16	33.41	-0.01	3	10022	卖盘
10:57:06	33.42	--	8	26736	卖盘
10:56:55	33.42	-0.01	1	3342	卖盘
10:56:46	33.43	--	13	43459	卖盘
10:56:36	33.43	--	93	310899	卖盘
10:56:25	33.43	--	5	16715	卖盘
10:56:16	33.43	0.01	8	26744	买盘
10:56:10	33.42	-0.06	6	20052	卖盘
10:55:55	33.48	--	17	56915	买盘
10:55:46	33.48	--	0	0	买盘
10:55:40	33.48	--	4	13391	买盘
10:55:31	33.48	-0.03	2	6695	卖盘
10:55:25	33.51	0.03	1	3351	买盘
10:55:21	33.48	--	3	10043	卖盘
10:55:16	33.48	--	1	3347	卖盘
10:55:10	33.48	0.01	8	26783	买盘
10:54:55	33.47	--	2	6694	卖盘
10:54:40	33.47	--	8	26776	卖盘
10:54:31	33.47	0.06	14	46858	买盘
10:54:25	33.41	-0.03	12	40091	卖盘
10:54:10	33.44	-0.01	139	464815	卖盘
10:54:01	33.45	--	5	16725	卖盘
10:53:55	33.45	--	7	23415	卖盘
10:53:46	33.45	0.01	8	26760	买盘
10:53:31	33.44	--	16	53504	买盘
10:53:25	33.44	0.02	22	73568	买盘
10:53:19	33.42	--	1	3342	卖盘
10:53:10	33.42	-0.02	3	10026	卖盘
10:53:04	33.44	--	21	70224	买盘
10:53:00	33.44	-0.01	1	3344	卖盘
10:52:55	33.45	--	3	10035	买盘
10:52:49	33.45	-0.01	2	6690	卖盘
10:52:46	33.46	0.01	3	10038	买盘
10:52:40	33.45	-0.01	19	63555	卖盘
10:52:25	33.46	--	26	86996	买盘
10:52:19	33.46	0.01	2	6692	中性盘
10:52:15	33.45	--	3	10035	卖盘
10:52:10	33.45	-0.01	2	6690	卖盘
10:52:04	33.46	-0.01	2	6692	卖盘
10:51:55	33.47	--	13	43511	买盘
10:51:45	33.47	--	1	3347	卖盘
10:51:40	33.47	--	10	33470	卖盘
10:51:30	33.47	-0.01	8	26776	卖盘
10:51:25	33.48	--	4	13391	卖盘
10:51:19	33.48	--	0	0	卖盘
10:51:10	33.48	-0.07	20	66960	卖盘
10:50:55	33.55	--	0	0	买盘
10:50:45	33.55	-0.01	4	13419	买盘
10:50:40	33.56	-0.01	13	43628	中性盘
10:50:30	33.57	--	17	57069	卖盘
10:50:25	33.57	--	6	20142	卖盘
10:50:19	33.57	--	2	6714	卖盘
10:50:15	33.57	0.02	43	144351	买盘
10:50:10	33.55	-0.02	27	90584	卖盘
10:50:04	33.57	--	6	20142	买盘
10:50:00	33.57	--	15	50355	买盘
10:49:55	33.57	--	0	0	买盘
10:49:45	33.57	--	0	0	买盘
10:49:40	33.57	0.03	8	26856	买盘
10:49:34	33.54	-0.01	16	53664	卖盘
10:49:30	33.55	--	1	3354	买盘
10:49:25	33.55	0.01	1	3354	中性盘
10:49:19	33.54	--	25	83850	卖盘
10:49:10	33.54	--	11	36894	卖盘
10:49:04	33.54	--	24	80496	买盘
10:48:55	33.54	0.01	2	6708	买盘
10:48:45	33.53	0.03	3	10059	买盘
10:48:40	33.5	--	8	26800	卖盘
10:48:34	33.5	-0.02	1	3350	卖盘
10:48:30	33.52	--	8	26816	卖盘
10:48:25	33.52	0.06	3	10056	买盘
10:48:15	33.46	--	2	6692	卖盘
10:48:10	33.46	0.02	4	13384	买盘
10:48:04	33.44	--	0	0	卖盘
10:47:58	33.44	--	3	10032	卖盘
10:47:49	33.44	--	3	10032	卖盘
10:47:43	33.44	0.03	9	30095	买盘
10:47:40	33.41	-0.03	2	6681	卖盘
10:47:34	33.44	0.04	8	26752	买盘
10:47:19	33.4	--	0	0	卖盘
10:47:13	33.4	--	0	0	卖盘
10:47:10	33.4	-0.01	79	263860	卖盘
10:47:04	33.41	0.01	1	3340	买盘
10:46:54	33.4	--	7	23380	卖盘
10:46:49	33.4	--	7	23380	卖盘
10:46:43	33.4	0.04	22	73480	买盘
10:46:40	33.36	--	9	30024	卖盘
10:46:34	33.36	0.01	1	3336	卖盘
10:46:24	33.35	--	0	0	卖盘
10:46:09	33.35	-0.02	5	16675	卖盘
10:45:54	33.37	--	0	0	中性盘
10:45:43	33.37	--	3	10011	卖盘
10:45:39	33.37	--	36	120131	卖盘
10:45:28	33.37	0.04	6	20022	买盘
10:45:09	33.33	-0.01	6	19998	卖盘
10:45:04	33.34	-0.03	5	16670	卖盘
10:44:58	33.37	0.03	5	16685	买盘
10:44:49	33.34	--	0	0	中性盘
10:44:39	33.34	--	3	10002	卖盘
10:44:28	33.34	0.01	5	16670	卖盘
10:44:24	33.33	--	0	0	卖盘
10:44:13	33.33	-0.04	10	33330	卖盘
10:44:09	33.37	--	9	30032	买盘
10:43:49	33.37	-0.06	4	13347	卖盘
10:43:39	33.43	0.05	36	120348	买盘
10:43:34	33.38	--	0	0	中性盘
10:43:28	33.38	-0.01	12	40056	卖盘
10:43:24	33.39	--	1	3339	买盘
10:43:19	33.39	--	0	0	中性盘
10:43:09	33.39	--	8	26712	卖盘
10:42:54	33.39	--	2	6678	买盘
10:42:39	33.39	--	0	0	中性盘
10:42:34	33.39	--	7	23373	卖盘
10:42:13	33.39	--	0	0	卖盘
10:42:09	33.39	--	28	93492	卖盘
10:42:04	33.39	-0.01	6	20034	卖盘
10:41:58	33.4	0.01	21	70140	买盘
10:41:54	33.39	-0.04	5	16695	卖盘
10:41:49	33.43	0.04	1	3343	买盘
10:41:39	33.39	-0.01	75	250425	卖盘
10:41:34	33.4	--	8	26720	买盘
10:41:28	33.4	--	13	43420	买盘
10:41:22	33.4	--	8	26720	买盘
10:41:19	33.4	0.01	26	86840	买盘
10:41:13	33.39	--	6	20034	卖盘
10:41:07	33.39	-0.01	97	323883	卖盘
10:41:04	33.4	--	10	33400	买盘
10:40:58	33.4	0.01	2	6680	买盘
10:40:49	33.39	-0.01	39	130221	卖盘
10:40:43	33.4	0.02	8	26720	买盘
10:40:37	33.38	-0.01	73	243674	卖盘
10:40:28	33.39	0.01	19	63441	买盘
10:40:19	33.38	--	19	63422	卖盘
10:40:13	33.38	0.05	5	16690	买盘
10:40:07	33.33	-0.03	33	109989	卖盘
10:40:03	33.36	--	5	16680	卖盘
10:39:58	33.36	0.04	4	13344	买盘
10:39:48	33.32	0.02	18	59976	买盘
10:39:43	33.3	--	0	0	卖盘
10:39:37	33.3	--	65	216449	卖盘
10:39:33	33.3	--	4	13319	卖盘
10:39:28	33.3	--	3	9990	买盘
10:39:18	33.3	--	32	106559	买盘
10:39:13	33.3	0.02	3	9990	买盘
10:39:07	33.28	0.01	10	33280	卖盘
10:39:03	33.27	0.01	3	9981	买盘
10:38:58	33.26	0.01	107	355882	买盘
10:38:52	33.25	0.03	1	3325	卖盘
10:38:48	33.22	--	13	43352	买盘
10:38:43	33.22	--	16	53152	买盘
10:38:37	33.22	--	14	46508	买盘
10:38:33	33.22	--	218	727351	卖盘
10:38:22	33.22	--	0	0	卖盘
10:38:18	33.22	-0.05	102	338844	卖盘
10:38:13	33.27	0.03	4	13474	买盘
10:38:07	33.24	0.01	17	56508	买盘
10:38:03	33.23	-0.01	146	485157	卖盘
10:37:58	33.24	-0.05	4	13296	卖盘
10:37:52	33.29	0.07	119	396151	买盘
10:37:48	33.22	--	7	23254	卖盘
10:37:43	33.22	--	5	16610	卖盘
10:37:37	33.22	-0.02	32	106304	卖盘
10:37:33	33.24	--	24	79776	买盘
10:37:28	33.24	--	21	69804	买盘
10:37:22	33.24	--	80	265920	买盘
10:37:18	33.24	0.04	10	33240	买盘
10:37:13	33.2	--	9	29880	卖盘
10:37:07	33.2	--	0	0	卖盘
10:37:03	33.2	-0.1	16	53120	卖盘
10:36:58	33.3	0.06	12	39960	买盘
10:36:52	33.24	--	1	3324	买盘
10:36:48	33.24	-0.03	6	19944	卖盘
10:36:43	33.27	0.02	2	6654	卖盘
10:36:37	33.25	--	22	73150	买盘
10:36:33	33.25	--	7	23275	买盘
10:36:28	33.25	-0.05	38	126350	卖盘
10:36:22	33.3	--	0	0	买盘
10:36:18	33.3	0.03	23	76590	买盘
10:36:07	33.27	-0.03	30	99810	卖盘
10:36:03	33.3	--	2	6659	买盘
10:35:52	33.3	--	17	56609	卖盘
10:35:48	33.3	--	0	0	卖盘
10:35:42	33.3	--	62	206459	卖盘
10:35:37	33.3	--	249	829169	卖盘
10:35:33	33.3	-0.02	8	26639	卖盘
10:35:28	33.32	0.02	3	9996	买盘
10:35:22	33.3	-0.02	2	6659	卖盘
10:35:18	33.32	--	8	26656	买盘
10:35:13	33.32	--	12	39984	卖盘
10:35:07	33.32	--	59	196588	卖盘
10:34:52	33.32	--	11	36652	买盘
10:34:46	33.32	--	5	16660	买盘
10:34:43	33.32	--	25	83300	卖盘
10:34:37	33.32	-0.02	48	159936	卖盘
10:34:31	33.34	0.02	1	3334	买盘
10:34:28	33.32	--	30	99960	卖盘
10:34:22	33.32	--	4	13328	卖盘
10:34:13	33.32	-0.02	30	99960	卖盘
10:34:07	33.34	0.01	77	256718	买盘
10:33:57	33.33	-0.01	13	43329	卖盘
10:33:46	33.34	-0.01	2	6668	卖盘
10:33:42	33.35	0.01	6	20010	买盘
10:33:37	33.34	-0.02	23	76682	卖盘
10:33:27	33.36	--	4	13344	买盘
10:33:16	33.36	0.01	2	6672	买盘
10:33:12	33.35	-0.01	1	3335	卖盘
10:33:07	33.36	-0.03	10	33360	卖盘
10:32:52	33.39	0.01	6	20034	买盘
10:32:46	33.38	--	33	110154	卖盘
10:32:42	33.38	--	0	0	卖盘
10:32:37	33.38	-0.01	14	46732	卖盘
10:32:31	33.39	-0.01	2	6678	卖盘
10:32:27	33.4	0.01	2	6680	买盘
10:32:22	33.39	--	9	30051	卖盘
10:32:12	33.39	--	7	23373	买盘
10:32:07	33.39	-0.01	7	23373	卖盘
10:32:01	33.4	-0.01	3	10020	卖盘
10:31:57	33.41	0.01	3	10022	买盘
10:31:52	33.4	--	14	46760	卖盘
10:31:37	33.4	-0.03	4	13360	中性盘
10:31:31	33.43	0.05	5	16715	买盘
10:31:27	33.38	-0.04	3	10014	卖盘
10:31:22	33.42	0.03	40	133680	买盘
10:31:16	33.39	--	3	10017	买盘
10:31:12	33.39	--	2	6678	买盘
10:31:07	33.39	0.01	9	30051	中性盘
10:31:01	33.38	-0.02	206	687628	卖盘
10:30:57	33.4	0.01	6	20040	卖盘
10:30:42	33.39	--	3	10017	卖盘
10:30:37	33.39	-0.01	25	83475	卖盘
10:30:27	33.4	--	0	0	中性盘
10:30:22	33.4	--	1	3340	买盘
10:30:16	33.4	--	4	13360	卖盘
10:30:07	33.4	--	19	63460	卖盘
10:29:52	33.4	0.04	8	26720	中性盘
10:29:46	33.36	--	0	0	卖盘
10:29:37	33.36	-0.02	45	150120	卖盘
10:29:31	33.38	0.01	1	3338	买盘
10:29:22	33.37	-0.01	2	6673	卖盘
10:29:16	33.38	--	11	36718	卖盘
10:29:12	33.38	0.01	4	13352	卖盘
10:29:07	33.37	-0.01	60	200219	卖盘
10:29:01	33.38	--	50	166900	买盘
10:28:57	33.38	--	9	30042	买盘
10:28:52	33.38	--	33	110154	买盘
10:28:46	33.38	0.01	4	13352	买盘
10:28:40	33.37	--	1	3336	卖盘
10:28:37	33.37	--	7	23359	卖盘
10:28:31	33.37	--	34	113457	卖盘
10:28:25	33.37	-0.01	9	30032	卖盘
10:28:21	33.38	--	0	0	买盘
10:28:16	33.38	0.04	4	13352	买盘
10:28:07	33.34	-0.03	40	133360	卖盘
10:28:01	33.37	0.02	2	6673	买盘
10:27:51	33.35	--	20	66700	卖盘
10:27:36	33.35	0.01	162	540270	买盘
10:27:31	33.34	--	3	13302	买盘
10:27:21	33.34	-0.03	26	86717	卖盘
10:27:16	33.37	0.02	9	30032	买盘
10:27:10	33.35	0.01	3	10005	买盘
10:27:06	33.34	-0.01	43	143362	卖盘
10:27:01	33.35	--	21	70035	买盘
10:26:55	33.35	-0.02	10	33350	卖盘
10:26:51	33.37	0.02	4	13347	买盘
10:26:40	33.35	--	2	6670	卖盘
10:26:36	33.35	-0.05	17	56695	卖盘
10:26:31	33.4	0.02	8	26720	买盘
10:26:25	33.38	0.03	20	66760	买盘
10:26:21	33.35	-0.03	37	123395	卖盘
10:26:16	33.38	--	35	116830	买盘
10:26:10	33.38	0.03	1	3338	买盘
10:26:06	33.35	-0.03	33	110055	卖盘
10:25:55	33.38	0.03	19	63422	买盘
10:25:51	33.35	-0.03	29	96715	卖盘
10:25:46	33.38	--	12	40056	买盘
10:25:36	33.38	0.03	4	13352	买盘
10:25:21	33.35	--	1	3335	卖盘
10:25:16	33.35	--	24	80040	卖盘
10:25:10	33.35	0.01	8	26680	买盘
10:25:06	33.34	--	12	40008	卖盘
10:25:01	33.34	-0.01	18	60012	卖盘
10:24:51	33.35	--	35	116725	卖盘
10:24:46	33.35	--	2	6670	卖盘
10:24:40	33.35	--	2	6670	买盘
10:24:36	33.35	0.01	1	3335	买盘
10:24:31	33.34	--	63	210042	卖盘
10:24:21	33.34	-0.01	1	3334	卖盘
10:24:16	33.35	--	11	36685	买盘
10:24:10	33.35	--	2	6670	买盘
10:24:06	33.35	--	17	56695	买盘
10:24:01	33.35	--	43	143405	卖盘
10:23:55	33.35	--	1	3335	卖盘
10:23:51	33.35	--	10	33350	卖盘
10:23:46	33.35	0.01	9	30015	卖盘
10:23:40	33.34	--	10	33340	卖盘
10:23:31	33.34	-0.01	17	56678	卖盘
10:23:25	33.35	--	0	3301	卖盘
10:23:21	33.35	-0.02	3	10005	卖盘
10:23:16	33.37	--	0	0	中性盘
10:23:10	33.37	--	17	56728	买盘
10:23:06	33.37	--	7	23359	买盘
10:23:01	33.37	--	4	13347	卖盘
10:22:55	33.37	-0.01	2	6673	卖盘
10:22:51	33.38	--	8	26704	买盘
10:22:46	33.38	--	22	73436	买盘
10:22:40	33.38	--	68	226984	卖盘
10:22:31	33.38	--	86	287068	卖盘
10:22:25	33.38	-0.01	69	230322	卖盘
10:22:10	33.39	-0.01	12	40068	卖盘
10:22:00	33.4	0.02	32	106880	买盘
10:21:55	33.38	--	6	20028	卖盘
10:21:49	33.38	--	16	53408	卖盘
10:21:45	33.38	-0.02	84	280392	卖盘
10:21:40	33.4	--	83	277220	买盘
10:21:30	33.4	0.02	2	6680	中性盘
10:21:25	33.38	0.04	58	193604	中性盘
10:21:19	33.34	-0.04	12	40008	卖盘
10:21:15	33.38	0.04	1	3338	买盘
10:21:10	33.34	0.01	2	6668	卖盘
10:21:04	33.33	-0.01	5	16665	卖盘
10:21:00	33.34	0.01	31	103354	买盘
10:20:55	33.33	-0.01	9	29997	卖盘
10:20:49	33.34	--	9	30006	买盘
10:20:45	33.34	--	13	43342	买盘
10:20:40	33.34	--	4	13336	买盘
10:20:30	33.34	--	6	20004	买盘
10:20:15	33.34	--	0	0	买盘
10:20:10	33.34	0.02	31	103354	买盘
10:20:04	33.32	0.01	1	3332	卖盘
10:20:00	33.31	-0.02	61	203191	卖盘
10:19:55	33.33	0.02	72	239976	中性盘
10:19:49	33.31	-0.02	36	119916	卖盘
10:19:45	33.33	--	14	46662	买盘
10:19:40	33.33	-0.01	15	49995	买盘
10:19:30	33.34	--	19	63346	买盘
10:19:25	33.34	--	11	36674	卖盘
10:19:15	33.34	-0.08	2	6668	卖盘
10:19:04	33.42	--	0	0	买盘
10:19:00	33.42	--	3	10026	卖盘
10:18:55	33.42	--	1	3342	卖盘
10:18:45	33.42	--	22	73524	卖盘
10:18:40	33.42	0.1	33	110286	买盘
10:18:34	33.32	--	22	73304	卖盘
10:18:30	33.32	-0.08	93	309876	卖盘
10:18:25	33.4	0.01	19	63460	买盘
10:18:19	33.39	-0.01	132	440748	卖盘
10:18:15	33.4	--	16	53440	买盘
10:18:04	33.4	-0.03	37	123580	卖盘
10:18:00	33.43	0.02	30	100290	买盘
10:17:55	33.41	-0.05	10	33410	中性盘
10:17:49	33.46	0.05	22	73612	买盘
10:17:40	33.41	-0.05	8	26727	卖盘
10:17:34	33.46	--	12	40152	买盘
10:17:25	33.46	-0.01	1	3346	中性盘
10:17:19	33.47	--	2	6694	买盘
10:17:15	33.47	0.02	13	43511	买盘
10:17:10	33.45	-0.01	65	217425	卖盘
10:17:04	33.46	0.03	1	3346	买盘
10:17:00	33.43	-0.02	12	40116	卖盘
10:16:55	33.45	--	1	3345	卖盘
10:16:49	33.45	0.13	12	40140	买盘
10:16:40	33.32	--	0	0	卖盘
10:16:34	33.32	-0.04	15	49980	卖盘
10:16:30	33.36	--	14	46704	卖盘
10:16:19	33.36	-0.03	30	100080	中性盘
10:16:10	33.39	0.09	10	33390	买盘
10:16:04	33.3	-0.01	4	13319	卖盘
10:15:58	33.31	0.01	4	13324	中性盘
10:15:55	33.3	--	19	63269	卖盘
10:15:49	33.3	--	2	6659	卖盘
10:15:39	33.3	-0.06	26	86579	卖盘
10:15:34	33.36	-0.03	15	50040	卖盘
10:15:28	33.39	-0.02	22	73458	买盘
10:15:19	33.41	0.06	3	10022	卖盘
10:15:13	33.35	-0.04	9	30015	卖盘
10:15:09	33.39	-0.06	54	180306	卖盘
10:15:04	33.45	--	0	0	买盘
10:14:58	33.45	--	1	3345	买盘
10:14:54	33.45	--	29	97005	买盘
10:14:49	33.45	--	78	260910	卖盘
10:14:43	33.45	--	5	16725	卖盘
10:14:39	33.45	--	17	56865	卖盘
10:14:34	33.45	--	19	63555	卖盘
10:14:24	33.45	--	2	6690	卖盘
10:14:19	33.45	--	6	20070	卖盘
10:14:09	33.45	--	11	36795	卖盘
10:14:04	33.45	-0.02	1	3345	卖盘
10:13:58	33.47	0.01	4	13388	中性盘
10:13:54	33.46	-0.01	24	80304	卖盘
10:13:49	33.47	--	72	240984	卖盘
10:13:39	33.47	--	7	23429	卖盘
10:13:28	33.47	-0.01	33	110451	卖盘
10:13:24	33.48	--	23	77004	买盘
10:13:19	33.48	--	1	3347	买盘
10:13:13	33.48	--	16	53567	买盘
10:13:09	33.48	--	10	33480	卖盘
10:13:04	33.48	-0.01	1	3347	卖盘
10:12:58	33.49	-0.01	11	36839	买盘
10:12:54	33.5	0.03	14	46900	中性盘
10:12:49	33.47	-0.03	10	33470	卖盘
10:12:43	33.5	--	18	60300	买盘
10:12:39	33.5	--	6	20100	买盘
10:12:28	33.5	--	19	63650	买盘
10:12:24	33.5	-0.1	75	251250	卖盘
10:12:19	33.6	--	20	67200	买盘
10:12:13	33.6	0.1	1	3360	买盘
10:12:09	33.5	--	10	33500	卖盘
10:12:04	33.5	-0.01	50	167500	卖盘
10:11:58	33.51	0.01	5	16755	买盘
10:11:49	33.5	-0.01	16	53600	卖盘
10:11:43	33.51	0.01	5	16755	卖盘
10:11:28	33.5	--	0	0	卖盘
10:11:24	33.5	-0.01	9	30150	卖盘
10:11:13	33.51	-0.09	3	10053	中性盘
10:11:09	33.6	0.09	34	114240	买盘
10:11:03	33.51	-0.07	16	53616	卖盘
10:10:58	33.58	0.07	1	3358	买盘
10:10:54	33.51	--	0	0	卖盘
10:10:43	33.51	-0.09	9	30159	卖盘
10:10:39	33.6	0.09	4	13440	买盘
10:10:33	33.51	-0.09	5	16755	卖盘
10:10:24	33.6	--	17	57120	买盘
10:10:13	33.6	0.02	3	10080	买盘
10:10:04	33.58	0.07	6	20148	卖盘
10:09:58	33.51	--	0	0	卖盘
10:09:52	33.51	-0.14	8	26808	卖盘
10:09:34	33.65	--	0	0	买盘
10:09:28	33.65	0.05	116	390340	买盘
10:09:18	33.6	--	50	168000	卖盘
10:09:13	33.6	-0.01	14	47040	卖盘
10:09:03	33.61	--	2	6722	买盘
10:08:58	33.61	--	26	87386	卖盘
10:08:52	33.61	--	9	30249	卖盘
10:08:48	33.61	-0.02	8	26888	卖盘
10:08:43	33.63	--	6	20178	卖盘
10:08:37	33.63	-0.03	6	20178	卖盘
10:08:22	33.66	-0.01	2	6731	卖盘
10:08:18	33.67	--	1	3367	卖盘
10:08:13	33.67	--	4	13468	卖盘
10:08:07	33.67	-0.01	21	70707	卖盘
10:08:03	33.68	0.01	20	67360	买盘
10:07:52	33.67	-0.01	1	3367	卖盘
10:07:48	33.68	0.01	2	6736	买盘
10:07:43	33.67	0.01	14	47138	中性盘
10:07:33	33.66	-0.01	5	16830	买盘
10:07:28	33.67	0.01	10	33670	买盘
10:07:22	33.66	-0.01	4	13463	卖盘
10:07:18	33.67	--	4	13468	买盘
10:07:13	33.67	--	6	20202	买盘
10:06:58	33.67	0.01	3	10101	买盘
10:06:52	33.66	0.03	20	67320	卖盘
10:06:48	33.63	-0.07	3	10089	卖盘
10:06:43	33.7	0.03	21	70770	买盘
10:06:28	33.67	0.01	7	23569	中性盘
10:06:22	33.66	-0.12	5	16830	卖盘
10:06:18	33.78	0.15	66	222948	买盘
10:06:13	33.63	-0.03	22	73986	卖盘
10:06:07	33.66	--	4	13463	买盘
10:06:03	33.66	-0.02	72	242351	卖盘
10:05:58	33.68	0.02	16	53888	买盘
10:05:43	33.66	--	0	0	卖盘
10:05:37	33.66	-0.02	10	33660	卖盘
10:05:33	33.68	0.05	38	127984	买盘
10:05:28	33.63	--	6	20178	买盘
10:05:22	33.63	-0.06	1	3363	买盘
10:05:18	33.69	--	0	0	买盘
10:05:13	33.69	--	59	198771	买盘
10:05:07	33.69	0.09	5	16845	买盘
10:05:03	33.6	--	0	0	卖盘
10:04:58	33.6	--	7	23520	卖盘
10:04:52	33.6	--	0	0	卖盘
10:04:48	33.6	--	9	30240	卖盘
10:04:43	33.6	-0.08	12	40320	卖盘
10:04:37	33.68	0.08	3	10104	买盘
10:04:33	33.6	--	0	0	卖盘
10:04:28	33.6	-0.09	5	16800	卖盘
10:04:22	33.69	0.09	26	87594	买盘
10:04:13	33.6	0.1	40	134400	买盘
10:03:57	33.5	0.04	117	391950	买盘
10:03:48	33.46	--	0	0	中性盘
10:03:37	33.46	--	11	36806	买盘
10:03:16	33.46	-0.01	8	26768	卖盘
10:03:13	33.47	0.01	7	23429	买盘
10:03:07	33.46	-0.01	1	3346	卖盘
10:03:01	33.47	--	3	10041	买盘
10:02:52	33.47	--	5	16735	买盘
10:02:46	33.47	--	7	23429	买盘
10:02:42	33.47	0.03	10	33470	买盘
10:02:37	33.44	-0.03	15	50160	卖盘
10:02:31	33.47	--	0	0	买盘
10:02:22	33.47	--	22	73634	买盘
10:02:12	33.47	--	16	53552	买盘
10:01:57	33.47	0.06	17	56899	买盘
10:01:52	33.41	-0.03	15	50114	卖盘
10:01:46	33.44	0.02	5	16720	买盘
10:01:42	33.42	0.01	5	16710	买盘
10:01:37	33.41	0.01	26	86865	买盘
10:01:31	33.4	--	2	6680	卖盘
10:01:27	33.4	0.02	6	20040	买盘
10:01:22	33.38	--	81	270378	卖盘
10:01:16	33.38	--	15	50070	卖盘
10:01:12	33.38	-0.01	13	43394	卖盘
10:01:07	33.39	--	70	233730	买盘
10:00:57	33.39	--	3	10017	买盘
10:00:52	33.39	0.01	8	26712	卖盘
10:00:46	33.38	-0.02	14	46732	卖盘
10:00:42	33.4	0.01	4	13360	中性盘
10:00:37	33.39	-0.01	57	190690	卖盘
10:00:31	33.4	--	4	13360	卖盘
10:00:27	33.4	--	11	36740	买盘
10:00:22	33.4	0.02	11	36740	买盘
10:00:16	33.38	-0.02	12	40056	卖盘
10:00:12	33.4	0.02	3	10020	买盘
09:59:57	33.38	--	2	6676	卖盘
09:59:52	33.38	--	30	102376	买盘
09:59:46	33.38	0.02	2	6676	买盘
09:59:42	33.36	-0.04	49	164564	卖盘
09:59:37	33.4	-0.04	13	45657	卖盘
09:59:31	33.44	0.04	5	16720	买盘
09:59:27	33.4	--	13	43420	卖盘
09:59:12	33.4	--	5	16700	卖盘
09:58:57	33.4	-0.03	2	6680	买盘
09:58:52	33.43	0.08	55	183865	买盘
09:58:46	33.35	-0.05	5	16675	卖盘
09:58:37	33.4	0.02	4	13360	买盘
09:58:31	33.38	0.03	34	113492	买盘
09:58:27	33.35	-0.02	6	20010	买盘
09:58:22	33.37	--	135	450494	中性盘
09:58:16	33.37	-0.03	4	13347	中性盘
09:58:12	33.4	0.01	9	30060	买盘
09:58:07	33.39	-0.01	18	60102	中性盘
09:58:01	33.4	0.01	26	86840	买盘
09:57:57	33.39	0.01	1	3339	卖盘
09:57:51	33.38	--	3	10014	买盘
09:57:46	33.38	0.04	30	100140	买盘
09:57:42	33.34	--	3	10002	买盘
09:57:36	33.34	-0.03	32	106688	中性盘
09:57:31	33.37	-0.01	35	116794	卖盘
09:57:27	33.38	-0.01	10	33380	中性盘
09:57:22	33.39	-0.01	4	13356	中性盘
09:57:12	33.4	--	11	36740	买盘
09:57:06	33.4	--	40	133600	卖盘
09:57:01	33.4	--	5	16700	卖盘
09:56:55	33.4	--	4	13360	卖盘
09:56:51	33.4	-0.02	74	247160	卖盘
09:56:46	33.42	0.01	10	33420	买盘
09:56:40	33.41	0.31	6	20045	买盘
09:56:37	33.1	-0.31	1025	3392750	卖盘
09:56:31	33.41	0.01	3	10022	中性盘
09:56:25	33.4	--	0	0	卖盘
09:56:21	33.4	--	3	10020	买盘
09:56:16	33.4	--	35	116900	卖盘
09:56:10	33.4	--	1	3340	买盘
09:56:06	33.4	-0.1	25	83500	卖盘
09:56:01	33.5	0.09	2	6700	买盘
09:55:51	33.41	-0.09	1	3340	中性盘
09:55:46	33.5	0.13	10	33500	买盘
09:55:40	33.37	-0.04	20	66740	卖盘
09:55:36	33.41	0.04	40	133640	买盘
09:55:31	33.37	--	16	53391	买盘
09:55:25	33.37	-0.03	5	16685	卖盘
09:55:21	33.4	0.05	10	33400	买盘
09:55:16	33.35	--	52	173420	卖盘
09:55:06	33.35	--	29	96715	卖盘
09:55:01	33.35	--	44	146740	卖盘
09:54:51	33.35	--	128	426880	中性盘
09:54:46	33.35	--	23	76705	卖盘
09:54:40	33.35	--	9	30015	买盘
09:54:36	33.35	0.05	23	80006	买盘
09:54:31	33.3	-0.02	69	229769	卖盘
09:54:25	33.32	-0.03	26	86632	卖盘
09:54:21	33.35	-0.05	43	143438	中性盘
09:54:16	33.4	0.06	73	247126	买盘
09:54:10	33.34	-0.01	4	13336	卖盘
09:54:06	33.35	0.02	80	266800	买盘
09:54:01	33.33	-0.02	21	69993	卖盘
09:53:55	33.35	-0.06	9	30015	中性盘
09:53:51	33.41	0.06	60	200459	买盘
09:53:46	33.35	-0.01	33	110055	卖盘
09:53:40	33.36	-0.02	2	6672	卖盘
09:53:31	33.38	-0.03	53	176914	卖盘
09:53:25	33.41	-0.06	46	153685	卖盘
09:53:21	33.47	0.03	5	16735	买盘
09:53:16	33.44	-0.03	17	56847	卖盘
09:53:10	33.47	--	12	40164	卖盘
09:53:06	33.47	-0.02	12	40164	卖盘
09:53:01	33.49	-0.01	96	323814	卖盘
09:52:55	33.5	--	33	110550	卖盘
09:52:51	33.5	--	197	660620	卖盘
09:52:46	33.5	--	15	50250	卖盘
09:52:40	33.5	--	15	50250	卖盘
09:52:36	33.5	--	10	33500	卖盘
09:52:31	33.5	--	70	234500	卖盘
09:52:25	33.5	-0.02	7	23450	卖盘
09:52:21	33.52	0.02	94	315088	买盘
09:52:16	33.5	-0.02	5	17118	卖盘
09:52:10	33.52	0.02	13	43576	买盘
09:52:06	33.5	-0.02	202	676700	卖盘
09:52:01	33.52	-0.01	4	13408	卖盘
09:51:55	33.53	-0.01	32	107296	中性盘
09:51:51	33.54	0.01	10	33540	买盘
09:51:46	33.53	--	25	83858	卖盘
09:51:40	33.53	-0.01	58	194474	卖盘
09:51:31	33.54	--	4	13416	卖盘
09:51:25	33.54	0.01	3	10062	中性盘
09:51:21	33.53	--	12	40236	卖盘
09:51:16	33.53	--	16	53648	卖盘
09:51:10	33.53	-0.01	8	26824	卖盘
09:51:06	33.54	--	6	20124	买盘
09:51:00	33.54	--	32	107328	买盘
09:50:55	33.54	0.01	6	20124	中性盘
09:50:51	33.53	-0.02	15	50295	卖盘
09:50:45	33.55	--	51	171105	买盘
09:50:40	33.55	--	12	40260	买盘
09:50:30	33.55	--	17	57034	买盘
09:50:25	33.55	-0.05	33	113700	卖盘
09:50:21	33.6	-0.06	26	87360	卖盘
09:50:15	33.66	0.1	21	71056	买盘
09:50:10	33.56	--	25	83900	中性盘
09:50:04	33.56	-0.04	18	60408	卖盘
09:50:01	33.6	0.04	10	33600	买盘
09:49:55	33.56	0.01	5	16780	卖盘
09:49:46	33.55	-0.05	40	134200	卖盘
09:49:40	33.6	0.04	23	77280	买盘
09:49:34	33.56	--	13	43628	卖盘
09:49:30	33.56	0.01	7	23492	买盘
09:49:25	33.55	0.02	18	60389	买盘
09:49:19	33.53	-0.02	16	53648	卖盘
09:49:15	33.55	--	48	161040	买盘
09:49:10	33.55	0.02	24	80520	买盘
09:49:00	33.53	-0.01	9	30177	卖盘
09:48:55	33.54	--	154	519836	买盘
09:48:45	33.54	--	250	838500	买盘
09:48:40	33.54	0.01	7	23478	买盘
09:48:34	33.53	--	27	90531	卖盘
09:48:30	33.53	--	5	16765	卖盘
09:48:25	33.53	-0.01	35	117355	卖盘
09:48:19	33.54	0.01	7	23478	买盘
09:48:15	33.53	0.01	42	140826	买盘
09:48:10	33.52	-0.01	21	70392	卖盘
09:48:04	33.53	--	20	67060	卖盘
09:48:00	33.53	-0.01	39	130767	卖盘
09:47:55	33.54	--	9	30186	买盘
09:47:45	33.54	-0.02	43	144255	卖盘
09:47:40	33.56	0.01	20	67120	中性盘
09:47:34	33.55	-0.02	11	36905	卖盘
09:47:30	33.57	0.02	26	87282	买盘
09:47:25	33.55	0.01	32	110681	买盘
09:47:19	33.54	-0.01	30	100620	卖盘
09:47:15	33.55	--	31	104004	买盘
09:47:10	33.55	--	15	50324	卖盘
09:47:04	33.55	-0.01	16	53679	卖盘
09:47:00	33.56	0.01	20	67120	买盘
09:46:55	33.55	--	70	234849	卖盘
09:46:49	33.55	-0.01	13	43614	卖盘
09:46:45	33.56	--	22	73832	买盘
09:46:40	33.56	--	51	171156	买盘
09:46:34	33.56	-0.01	69	231765	卖盘
09:46:30	33.57	--	39	130923	买盘
09:46:25	33.57	--	64	214848	买盘
09:46:19	33.57	--	9	30213	买盘
09:46:15	33.57	0.01	45	151065	卖盘
09:46:10	33.56	-0.09	56	187936	卖盘
09:46:04	33.65	0.08	1	3365	买盘
09:46:00	33.57	-0.08	172	580559	卖盘
09:45:55	33.65	0.05	42	141330	买盘
09:45:49	33.6	0.03	71	238560	买盘
09:45:45	33.57	0.01	15	50355	卖盘
09:45:40	33.56	--	314	1053784	卖盘
09:45:34	33.56	-0.02	240	805440	卖盘
09:45:30	33.58	0.05	156	523848	买盘
09:45:25	33.53	-0.03	76	254828	卖盘
09:45:19	33.56	0.01	36	120816	中性盘
09:45:15	33.55	--	21	70455	卖盘
09:45:10	33.55	-0.05	77	258334	卖盘
09:45:04	33.6	--	18	60480	买盘
09:45:00	33.6	-0.04	8	26880	中性盘
09:44:55	33.64	--	37	124468	买盘
09:44:49	33.64	-0.01	43	144652	卖盘
09:44:45	33.65	--	9	30285	卖盘
09:44:40	33.65	--	33	111045	卖盘
09:44:34	33.65	--	0	0	卖盘
09:44:30	33.65	-0.07	28	94220	卖盘
09:44:24	33.72	0.02	12	40464	中性盘
09:44:19	33.7	-0.05	79	266230	卖盘
09:44:15	33.75	-0.03	12	40500	卖盘
09:44:09	33.78	0.03	5	16890	买盘
09:44:04	33.75	-0.04	21	70875	卖盘
09:43:54	33.79	-0.01	10	33790	卖盘
09:43:49	33.8	--	35	118299	卖盘
09:43:45	33.8	--	208	703039	卖盘
09:43:39	33.8	--	54	182519	卖盘
09:43:34	33.8	-0.01	8	27039	卖盘
09:43:28	33.81	--	0	0	中性盘
09:43:24	33.81	--	44	148764	卖盘
09:43:19	33.81	--	51	172431	卖盘
09:43:13	33.81	-0.01	35	118335	卖盘
09:43:09	33.82	--	31	104842	卖盘
09:43:04	33.82	-0.01	16	56817	卖盘
09:42:58	33.83	--	28	94724	卖盘
09:42:54	33.83	-0.02	2	6766	卖盘
09:42:49	33.85	0.02	17	57545	买盘
09:42:43	33.83	--	2	6766	卖盘
09:42:39	33.83	--	61	207039	买盘
09:42:34	33.83	--	72	243576	买盘
09:42:28	33.83	--	1	3383	买盘
09:42:24	33.83	--	8	27064	买盘
09:42:19	33.83	-0.02	15	53451	卖盘
09:42:13	33.85	--	6	20310	买盘
09:42:09	33.85	--	43	145555	买盘
09:42:04	33.85	--	1	3385	买盘
09:41:58	33.85	--	22	74470	买盘
09:41:54	33.85	-0.01	8	27080	买盘
09:41:49	33.86	--	20	67720	买盘
09:41:43	33.86	--	5	16930	买盘
09:41:39	33.86	0.01	14	47404	买盘
09:41:34	33.85	-0.01	19	64315	卖盘
09:41:24	33.86	--	11	37246	买盘
09:41:19	33.86	-0.01	37	125282	卖盘
09:41:13	33.87	--	0	0	卖盘
09:41:09	33.87	--	3	10161	买盘
09:41:04	33.87	0.01	16	54191	中性盘
09:40:58	33.86	-0.02	31	104966	卖盘
09:40:54	33.88	0.02	15	50820	买盘
09:40:49	33.86	-0.01	28	94808	卖盘
09:40:43	33.87	0.01	6	20322	买盘
09:40:39	33.86	--	4	13544	卖盘
09:40:34	33.86	--	3	10158	卖盘
09:40:28	33.86	--	33	111738	卖盘
09:40:24	33.86	--	12	40632	买盘
09:40:19	33.86	0.01	27	91422	买盘
09:40:13	33.85	--	4	13540	卖盘
09:40:09	33.85	--	4	13540	卖盘
09:40:04	33.85	0.01	63	213255	买盘
09:39:58	33.84	--	3	10152	卖盘
09:39:54	33.84	0.01	6	20304	中性盘
09:39:49	33.83	--	20	67660	卖盘
09:39:43	33.83	-0.01	40	135320	卖盘
09:39:39	33.84	0.01	23	77832	买盘
09:39:34	33.83	--	17	57511	卖盘
09:39:24	33.83	--	95	322061	卖盘
09:39:19	33.83	-0.02	2	6766	卖盘
09:39:13	33.85	--	32	108320	买盘
09:39:09	33.85	0.02	6	20310	买盘
09:39:04	33.83	-0.02	3	10149	中性盘
09:38:58	33.85	--	34	115090	买盘
09:38:54	33.85	--	6	20310	买盘
09:38:49	33.85	--	1	3385	买盘
09:38:43	33.85	-0.02	75	253875	卖盘
09:38:39	33.87	0.01	5	16935	买盘
09:38:28	33.86	0.01	1	3386	中性盘
09:38:24	33.85	--	10	33850	卖盘
09:38:19	33.85	--	0	0	卖盘
09:38:13	33.85	-0.02	10	33850	卖盘
09:38:09	33.87	0.01	3	10161	卖盘
09:38:04	33.86	0.01	2	6772	中性盘
09:37:58	33.85	-0.01	31	104935	卖盘
09:37:54	33.86	--	12	40632	卖盘
09:37:48	33.86	--	32	108352	买盘
09:37:39	33.86	0.01	12	40632	买盘
09:37:33	33.85	--	13	44005	卖盘
09:37:28	33.85	--	0	0	卖盘
09:37:18	33.85	-0.01	26	88010	卖盘
09:37:13	33.86	-0.04	45	152370	卖盘
09:37:07	33.9	--	1	3390	卖盘
09:37:03	33.9	0.04	26	88140	买盘
09:36:58	33.86	0.01	1	3386	卖盘
09:36:52	33.85	--	0	0	卖盘
09:36:48	33.85	--	7	23695	买盘
09:36:43	33.85	--	1	3385	卖盘
09:36:37	33.85	--	16	54160	卖盘
09:36:33	33.85	--	0	0	卖盘
09:36:28	33.85	0.01	24	81240	买盘
09:36:22	33.84	-0.01	1	3384	中性盘
09:36:18	33.85	0.05	26	88010	买盘
09:36:13	33.8	-0.03	122	414658	卖盘
09:36:07	33.83	-0.02	19	64277	卖盘
09:36:03	33.85	--	17	57545	买盘
09:35:58	33.85	--	40	135400	买盘
09:35:52	33.85	--	19	64315	买盘
09:35:48	33.85	-0.15	24	81240	买盘
09:35:43	34.0	0.15	86	292400	买盘
09:35:37	33.85	--	2	6770	卖盘
09:35:33	33.85	--	27	91395	卖盘
09:35:28	33.85	0.01	10	33850	买盘
09:35:18	33.84	0.01	31	104904	买盘
09:35:13	33.83	--	2	6766	卖盘
09:35:07	33.83	--	61	206363	买盘
09:35:03	33.83	0.02	13	43979	买盘
09:34:58	33.81	-0.03	73	246813	卖盘
09:34:52	33.84	0.01	3	10152	买盘
09:34:48	33.83	0.01	8	27064	中性盘
09:34:43	33.82	-0.01	20	67640	卖盘
09:34:37	33.83	0.01	5	16915	买盘
09:34:33	33.82	-0.02	44	148808	卖盘
09:34:28	33.84	0.01	1	3384	中性盘
09:34:22	33.83	--	53	179299	卖盘
09:34:18	33.83	--	4	13532	卖盘
09:34:13	33.83	-0.02	20	67660	卖盘
09:34:03	33.85	0.02	17	57545	买盘
09:33:58	33.83	--	31	104873	卖盘
09:33:52	33.83	-0.02	45	152235	卖盘
09:33:48	33.85	0.02	10	33850	买盘
09:33:43	33.83	-0.02	8	27064	卖盘
09:33:37	33.85	-0.15	5	16925	买盘
09:33:33	34.0	0.1	100	340000	买盘
09:33:28	33.9	0.08	34	115260	买盘
09:33:22	33.82	-0.05	9	30438	卖盘
09:33:18	33.87	0.05	17	57578	买盘
09:33:13	33.82	--	39	131898	卖盘
09:33:07	33.82	--	0	0	卖盘
09:33:03	33.82	-0.18	5	16910	卖盘
09:32:58	34.0	0.13	3	10200	中性盘
09:32:51	33.87	-0.15	2	6773	卖盘
09:32:48	34.02	0.02	15	51030	买盘
09:32:43	34.0	0.13	85	289000	买盘
09:32:33	33.87	0.02	12	42337	中性盘
09:32:28	33.85	0.03	14	47390	买盘
09:32:22	33.82	-0.18	4	13528	卖盘
09:32:18	34.0	-0.02	7	23800	买盘
09:32:13	34.02	0.02	6	20412	买盘
09:32:07	34.0	0.14	56	190400	买盘
09:31:58	33.86	-0.13	26	88036	卖盘
09:31:52	33.99	0.13	1	3399	买盘
09:31:48	33.86	-0.23	1	3386	卖盘
09:31:43	34.09	0.07	10	34090	买盘
09:31:37	34.02	--	58	197316	买盘
09:31:33	34.02	--	8	27216	买盘
09:31:28	34.02	-0.08	31	105462	中性盘
09:31:22	34.1	0.1	6	20460	买盘
09:31:18	34.0	-0.07	17	57800	卖盘
09:31:12	34.07	0.05	90	306630	买盘
09:31:07	34.02	--	11	37422	卖盘
09:31:03	34.02	0.02	4	13608	买盘
09:30:57	34.0	--	12	40800	卖盘
09:30:52	34.0	--	4	13600	卖盘
09:30:48	34.0	0.05	11	37400	买盘
09:30:42	33.95	0.09	9	30555	买盘
09:30:37	33.86	0.05	74	252561	买盘
09:30:31	33.81	--	8	28434	卖盘
09:30:27	33.81	--	44	148764	卖盘
09:30:22	33.81	--	13	43953	卖盘
09:30:16	33.81	--	15	52709	卖盘
09:30:12	33.81	--	23	77763	卖盘
09:30:07	33.81	-0.05	196	662676	卖盘
09:28:57	33.86	--	0	0	卖盘
09:25:06	33.86	33.86	159	538374	买盘
