成交时间	成交价	价格变动	成交量(手)	成交额(元)	性质
15:00:00	10.05	--	0	0	买盘
15:00:00	10.05	--	0	0	买盘
14:59:54	10.05	--	19	19095	买盘
14:59:39	10.05	--	10	10050	买盘
14:59:34	10.05	--	20	20100	买盘
14:59:24	10.05	0.01	65	65325	买盘
14:59:19	10.04	-0.01	57	57227	卖盘
14:59:14	10.05	--	9	9045	买盘
14:59:04	10.05	--	25	25125	买盘
14:58:54	10.05	0.01	63	63315	买盘
14:58:39	10.04	--	3	3011	卖盘
14:58:19	10.04	-0.01	65	65259	卖盘
14:58:09	10.05	0.01	27	27135	买盘
14:57:59	10.04	-0.01	19	19076	卖盘
14:57:49	10.05	0.01	5	5025	买盘
14:57:44	10.04	-0.01	8	8031	卖盘
14:57:24	10.05	0.01	102	102510	买盘
14:57:04	10.04	--	10	10040	卖盘
14:56:49	10.04	-0.01	104	104415	卖盘
14:56:39	10.05	--	9	9045	卖盘
14:56:34	10.05	--	12	12060	卖盘
14:56:24	10.05	--	52	52260	卖盘
14:56:18	10.05	--	22	22110	买盘
14:56:04	10.05	0.01	23	23115	买盘
14:55:59	10.04	-0.01	30	30119	卖盘
14:55:44	10.05	--	10	10050	买盘
14:55:39	10.05	--	3	3015	买盘
14:55:34	10.05	--	12	12060	买盘
14:55:24	10.05	-0.01	6	6030	卖盘
14:55:14	10.06	0.01	53	53318	买盘
14:55:03	10.05	--	8	8040	卖盘
14:54:49	10.05	--	5	5025	买盘
14:54:28	10.05	0.01	300	301500	买盘
14:54:24	10.04	--	5	5020	买盘
14:54:19	10.04	-0.02	30	30722	卖盘
14:54:13	10.06	0.01	2	2012	买盘
14:54:08	10.05	--	32	32160	卖盘
14:53:53	10.05	-0.01	74	74370	卖盘
14:53:43	10.06	0.01	16	16498	买盘
14:53:33	10.05	-0.01	61	61305	买盘
14:53:28	10.06	--	0	0	买盘
14:53:23	10.06	--	8	8048	买盘
14:53:13	10.06	0.02	25	25150	买盘
14:53:08	10.04	-0.02	29	29115	卖盘
14:53:02	10.06	0.02	320	321920	买盘
14:52:58	10.04	--	31	31123	买盘
14:52:53	10.04	--	56	56223	买盘
14:52:48	10.04	--	0	0	买盘
14:52:43	10.04	--	20	20080	买盘
14:52:32	10.04	0.02	8	8031	买盘
14:52:28	10.02	-0.02	10	10020	卖盘
14:52:13	10.04	--	6	6023	买盘
14:52:02	10.04	--	12	12047	卖盘
14:51:58	10.04	--	10	10040	卖盘
14:51:47	10.04	0.03	78	78312	买盘
14:51:17	10.01	--	0	0	卖盘
14:51:13	10.01	--	0	0	卖盘
14:51:02	10.01	-0.03	174	174174	卖盘
14:50:58	10.04	--	0	0	买盘
14:50:47	10.04	0.01	7	7027	买盘
14:50:43	10.03	0.01	21	21063	买盘
14:50:27	10.02	--	10	10020	卖盘
14:50:08	10.02	--	0	0	中性盘
14:50:02	10.02	--	10	10020	买盘
14:49:47	10.02	-0.01	2	2004	买盘
14:49:38	10.03	-0.01	5	5015	卖盘
14:49:27	10.04	0.02	230	230919	买盘
14:49:12	10.02	--	114	114228	卖盘
14:48:58	10.02	--	0	0	卖盘
14:48:53	10.02	-0.01	20	20040	卖盘
14:48:32	10.03	--	100	100300	卖盘
14:48:17	10.03	--	12	12036	卖盘
14:48:12	10.03	--	10	10030	卖盘
14:48:02	10.03	--	20	20060	卖盘
14:47:56	10.03	--	10	10030	卖盘
14:47:47	10.03	--	10	10030	卖盘
14:47:27	10.03	--	28	28084	卖盘
14:46:56	10.03	--	10	10030	卖盘
14:46:37	10.03	--	10	10030	卖盘
14:46:32	10.03	0.01	57	57772	买盘
14:46:07	10.02	0.01	10	10020	买盘
14:45:56	10.01	--	5	5005	卖盘
14:45:41	10.01	--	20	20020	卖盘
14:45:37	10.01	-0.01	40	40040	卖盘
14:45:26	10.02	-0.02	4	4008	买盘
14:45:22	10.04	0.03	500	501999	买盘
14:45:17	10.01	-0.01	12	12012	卖盘
14:45:11	10.02	--	3	3006	买盘
14:45:07	10.02	--	13	13026	买盘
14:44:56	10.02	--	204	204408	卖盘
14:43:51	10.02	-0.01	21	21042	卖盘
14:43:47	10.03	0.01	6	6018	买盘
14:43:36	10.02	--	40	40080	卖盘
14:43:21	10.02	0.01	9	9018	卖盘
14:43:17	10.01	--	0	0	卖盘
14:43:11	10.01	--	30	30030	卖盘
14:43:06	10.01	--	9	9009	卖盘
14:42:56	10.01	--	100	100100	卖盘
14:42:51	10.01	-0.02	136	136136	卖盘
14:42:41	10.03	--	7	7021	买盘
14:42:36	10.03	0.01	42	42126	买盘
14:42:32	10.02	-0.01	11	11022	卖盘
14:42:21	10.03	--	57	57170	买盘
14:42:17	10.03	--	262	263187	卖盘
14:42:11	10.03	--	1	1002	卖盘
14:42:06	10.03	--	104	104312	卖盘
14:42:01	10.03	--	18	18655	卖盘
14:41:56	10.03	--	43	43129	卖盘
14:41:41	10.03	-0.01	555	556665	卖盘
14:41:31	10.04	0.01	5	5020	买盘
14:41:26	10.03	-0.01	10	10030	卖盘
14:41:21	10.04	-0.01	50	50199	卖盘
14:40:51	10.05	--	10	10050	买盘
14:40:01	10.05	-0.01	2	2010	卖盘
14:39:31	10.06	--	0	0	买盘
14:38:50	10.06	--	2	2012	买盘
14:38:46	10.06	--	0	0	买盘
14:38:20	10.06	--	3	3018	买盘
14:38:05	10.06	0.03	30	30180	买盘
14:38:01	10.03	-0.01	5	5015	卖盘
14:37:50	10.04	--	24	24095	买盘
14:37:46	10.04	--	83	83332	买盘
14:37:30	10.04	-0.02	71	71284	卖盘
14:37:20	10.06	--	96	96576	买盘
14:37:00	10.06	0.01	93	93558	买盘
14:36:50	10.05	-0.01	6	6030	卖盘
14:36:25	10.06	0.01	29	29174	买盘
14:36:15	10.05	-0.01	52	52260	卖盘
14:36:05	10.06	--	29	29174	买盘
14:35:55	10.06	--	10	10060	买盘
14:35:40	10.06	-0.01	6	6036	卖盘
14:35:35	10.07	--	24	24168	买盘
14:35:15	10.07	--	59	59413	买盘
14:35:00	10.07	0.01	30	30210	买盘
14:34:55	10.06	-0.01	20	20120	卖盘
14:34:20	10.07	--	1	1007	买盘
14:34:15	10.07	0.01	28	28196	买盘
14:34:05	10.06	--	0	0	中性盘
14:33:44	10.06	--	16	16096	买盘
14:33:40	10.06	0.02	16	16096	买盘
14:33:25	10.04	--	0	0	卖盘
14:33:14	10.04	-0.02	20	20080	卖盘
14:33:10	10.06	--	0	0	买盘
14:33:05	10.06	--	40	40240	买盘
14:32:50	10.06	--	0	0	买盘
14:32:44	10.06	0.01	29	29174	买盘
14:32:40	10.05	--	1	1005	卖盘
14:32:25	10.05	--	5	5025	买盘
14:32:20	10.05	--	5	5025	买盘
14:32:14	10.05	--	22	22110	买盘
14:31:55	10.05	--	0	0	买盘
14:31:50	10.05	--	0	0	买盘
14:31:44	10.05	0.01	16	16080	买盘
14:31:29	10.04	-0.01	9	9036	卖盘
14:31:19	10.05	--	0	0	买盘
14:31:14	10.05	0.01	10	10050	买盘
14:31:09	10.04	--	1	1003	卖盘
14:31:05	10.04	--	1	1003	卖盘
14:30:59	10.04	--	129	129515	买盘
14:30:44	10.04	0.01	16	16063	买盘
14:30:14	10.03	-0.01	9	9027	卖盘
14:29:39	10.04	0.01	46	46183	买盘
14:28:39	10.03	--	10	10030	卖盘
14:28:34	10.03	--	10	10030	卖盘
14:28:24	10.03	--	20	20060	卖盘
14:28:14	10.03	--	22	22066	卖盘
14:27:59	10.03	--	5	5015	卖盘
14:27:44	10.03	--	50	50150	卖盘
14:27:34	10.03	-0.01	7	7021	卖盘
14:27:19	10.04	--	1	1003	买盘
14:27:04	10.04	0.01	10	10040	买盘
14:26:53	10.03	-0.01	3	3009	卖盘
14:26:49	10.04	--	5	5020	买盘
14:26:38	10.04	--	1	1003	买盘
14:26:08	10.04	--	32	32127	买盘
14:25:53	10.04	--	6	6023	买盘
14:25:49	10.04	--	16	16063	买盘
14:25:29	10.04	0.01	51	51203	卖盘
14:24:28	10.03	-0.01	35	35105	卖盘
14:24:13	10.04	--	0	0	卖盘
14:24:03	10.04	-0.03	100	100399	卖盘
14:23:23	10.07	--	2	2014	买盘
14:22:53	10.07	--	2	2014	买盘
14:22:18	10.07	0.01	150	151050	买盘
14:22:03	10.06	--	0	0	买盘
14:21:58	10.06	0.01	30	30180	买盘
14:21:23	10.05	0.01	36	36180	买盘
14:21:02	10.04	--	23	23091	卖盘
14:20:43	10.04	--	8	8031	买盘
14:20:38	10.04	--	11	11043	买盘
14:20:28	10.04	--	2	2007	买盘
14:20:13	10.04	--	0	0	买盘
14:20:08	10.04	0.01	40	40160	买盘
14:20:02	10.03	--	5	5015	买盘
14:19:58	10.03	--	2	2005	买盘
14:19:53	10.03	--	10	10030	买盘
14:19:47	10.03	--	10	10030	买盘
14:19:43	10.03	-0.01	142	142426	卖盘
14:19:32	10.04	0.01	7	7027	中性盘
14:19:17	10.03	--	10	10030	卖盘
14:19:13	10.03	--	9	9027	卖盘
14:18:47	10.03	--	50	50150	卖盘
14:18:32	10.03	-0.02	20	20060	卖盘
14:18:28	10.05	--	25	25125	买盘
14:18:12	10.05	--	20	20100	买盘
14:18:02	10.05	0.01	60	60300	买盘
14:17:57	10.04	--	19	19076	卖盘
14:17:52	10.04	-0.01	45	45179	卖盘
14:17:47	10.05	--	10	10050	买盘
14:17:37	10.05	--	10	10050	买盘
14:17:32	10.05	--	68	68340	卖盘
14:17:27	10.05	--	9	9045	卖盘
14:17:17	10.05	--	20	20100	卖盘
14:16:57	10.05	--	17	17085	卖盘
14:16:52	10.05	--	140	140700	卖盘
14:16:47	10.05	--	20	20100	卖盘
14:16:42	10.05	-0.01	10	10050	卖盘
14:16:37	10.06	0.01	5	5030	买盘
14:16:32	10.05	-0.01	212	213060	卖盘
14:16:27	10.06	--	1	1006	买盘
14:16:22	10.06	--	55	55330	卖盘
14:16:12	10.06	--	45	45270	卖盘
14:16:02	10.06	--	3	3018	卖盘
14:15:57	10.06	-0.01	25	25150	卖盘
14:15:52	10.07	--	5	5035	买盘
14:15:22	10.07	--	0	0	买盘
14:15:11	10.07	0.02	150	151050	买盘
14:14:47	10.05	-0.02	114	114570	卖盘
14:14:07	10.07	--	14	14098	买盘
14:13:56	10.07	0.02	15	15105	买盘
14:13:47	10.05	-0.01	210	211050	卖盘
14:13:41	10.06	--	3	3018	卖盘
14:13:37	10.06	--	22	22132	买盘
14:13:11	10.06	0.01	10	10060	买盘
14:13:07	10.05	--	4	4020	卖盘
14:13:02	10.05	-0.01	120	120600	卖盘
14:12:56	10.06	0.01	20	20120	买盘
14:12:52	10.05	--	50	50250	卖盘
14:12:37	10.05	--	31	31155	买盘
14:12:32	10.05	--	9	9045	卖盘
14:12:26	10.05	--	46	46230	卖盘
14:12:11	10.05	--	10	10050	卖盘
14:12:06	10.05	--	1	1005	卖盘
14:11:56	10.05	-0.01	30	30150	卖盘
14:11:52	10.06	--	5	5030	买盘
14:11:41	10.06	--	14	14084	买盘
14:11:36	10.06	--	3	3018	买盘
14:11:31	10.06	--	31	31186	买盘
14:11:21	10.06	0.01	1	1006	买盘
14:11:11	10.05	--	47	47235	买盘
14:10:51	10.05	--	3	3015	买盘
14:10:46	10.05	--	69	69345	卖盘
14:10:26	10.05	--	6	6030	卖盘
14:10:11	10.05	-0.01	10	10050	卖盘
14:10:01	10.06	0.01	14	14084	买盘
14:09:56	10.05	-0.01	25	25125	卖盘
14:09:51	10.06	--	3	3018	买盘
14:09:46	10.06	-0.01	15	15090	卖盘
14:09:31	10.07	0.01	3	3021	买盘
14:09:16	10.06	-0.01	17	17102	卖盘
14:08:41	10.07	0.01	21	21147	买盘
14:08:35	10.06	--	3	3018	卖盘
14:08:31	10.06	--	3	3018	卖盘
14:08:26	10.06	--	14	14084	买盘
14:08:11	10.06	--	33	33198	买盘
14:08:01	10.06	--	28	28168	卖盘
14:07:56	10.06	--	23	23138	卖盘
14:07:41	10.06	-0.02	45	45270	卖盘
14:07:20	10.08	--	39	39312	买盘
14:07:16	10.08	--	499	503496	卖盘
14:07:11	10.08	--	10	10080	卖盘
14:07:05	10.08	-0.01	101	101808	卖盘
14:07:01	10.09	--	4	4036	买盘
14:06:50	10.09	--	24	24216	买盘
14:06:46	10.09	--	0	0	中性盘
14:06:41	10.09	0.01	3	3027	买盘
14:06:35	10.08	-0.02	1	1008	卖盘
14:06:31	10.1	--	17	17170	卖盘
14:06:26	10.1	0.01	32	32320	买盘
14:06:20	10.09	-0.01	42	42378	卖盘
14:06:16	10.1	0.01	119	120190	买盘
14:06:11	10.09	--	10	10090	卖盘
14:06:05	10.09	-0.01	9	9081	卖盘
14:06:01	10.1	0.01	69	69690	买盘
14:05:50	10.09	--	10	10090	卖盘
14:05:45	10.09	--	32	32288	买盘
14:05:35	10.09	0.01	26	26234	买盘
14:05:26	10.08	0.01	156	157752	买盘
14:05:20	10.07	0.01	14	14098	中性盘
14:05:15	10.06	-0.02	5	5030	卖盘
14:05:05	10.08	--	71	71568	买盘
14:04:50	10.08	0.02	237	238896	买盘
14:04:35	10.06	--	340	342040	买盘
14:04:30	10.06	--	0	0	买盘
14:04:20	10.06	--	99	99594	买盘
14:04:05	10.06	--	2	2012	买盘
14:03:50	10.06	0.03	135	135810	买盘
14:03:45	10.03	-0.01	7	7021	卖盘
14:03:40	10.04	--	17	17078	买盘
14:03:35	10.04	--	184	184735	买盘
14:03:30	10.04	--	34	34136	买盘
14:03:20	10.04	-0.01	197	197787	卖盘
14:03:05	10.05	--	12	12060	买盘
14:02:50	10.05	--	147	147735	买盘
14:02:35	10.05	--	32	32160	买盘
14:02:30	10.05	--	0	0	买盘
14:02:20	10.05	0.02	70	70350	买盘
14:02:10	10.03	-0.01	2	2005	卖盘
14:02:05	10.04	0.01	155	155620	买盘
14:02:00	10.03	--	64	64191	买盘
14:01:50	10.03	--	13	13039	买盘
14:01:29	10.03	--	19	19057	买盘
14:01:14	10.03	--	19	19057	卖盘
14:01:10	10.03	--	275	275825	卖盘
14:01:05	10.03	-0.01	153	153459	卖盘
14:00:29	10.04	-0.02	4	4015	买盘
14:00:25	10.06	0.02	143	143858	买盘
14:00:20	10.04	--	4	4015	卖盘
14:00:14	10.04	-0.01	24	24095	卖盘
14:00:05	10.05	0.01	29	29145	买盘
13:59:59	10.04	-0.01	26	26103	卖盘
13:59:55	10.05	0.01	3	3015	买盘
13:59:50	10.04	--	13	13051	卖盘
13:59:44	10.04	-0.01	17	17068	卖盘
13:59:40	10.05	0.01	204	205020	买盘
13:59:29	10.04	-0.01	11	11043	买盘
13:59:09	10.05	--	0	0	买盘
13:59:05	10.05	--	131	131655	买盘
13:58:54	10.05	--	35	35175	买盘
13:58:44	10.05	--	5	5025	买盘
13:58:34	10.05	0.02	121	121605	买盘
13:58:29	10.03	--	0	0	卖盘
13:58:24	10.03	-0.02	5	5015	卖盘
13:58:04	10.05	--	167	167835	买盘
13:57:54	10.05	0.01	100	100500	买盘
13:57:49	10.04	-0.01	9	9538	卖盘
13:57:44	10.05	0.01	10	10050	买盘
13:57:39	10.04	-0.01	56	56223	卖盘
13:57:29	10.05	0.01	224	225120	买盘
13:57:24	10.04	--	30	30119	卖盘
13:57:19	10.04	0.01	121	121985	买盘
13:57:09	10.03	-0.01	10	10030	卖盘
13:56:59	10.04	0.01	224	225397	买盘
13:56:54	10.03	0.01	16	16549	中性盘
13:56:39	10.02	-0.02	16	16032	卖盘
13:56:34	10.04	--	21	21084	买盘
13:56:24	10.04	--	11	11043	买盘
13:56:09	10.04	--	212	212847	买盘
13:55:59	10.04	--	41	41164	买盘
13:55:54	10.04	--	200	200799	买盘
13:55:44	10.04	--	0	0	买盘
13:55:39	10.04	--	2	2007	买盘
13:55:34	10.04	--	0	0	买盘
13:55:24	10.04	0.02	232	232927	买盘
13:55:19	10.02	--	40	40080	买盘
13:55:08	10.02	--	2	2004	买盘
13:54:53	10.02	--	14	14028	买盘
13:54:38	10.02	--	2	2004	中性盘
13:54:34	10.02	--	0	0	中性盘
13:54:29	10.02	--	0	0	卖盘
13:54:19	10.02	-0.01	225	225450	卖盘
13:54:08	10.03	0.01	14	14042	买盘
13:53:53	10.02	-0.01	30	30060	买盘
13:53:38	10.03	--	237	237710	买盘
13:53:34	10.03	--	0	0	买盘
13:53:29	10.03	0.01	41	41123	买盘
13:53:19	10.02	0.01	127	127254	买盘
13:53:08	10.01	-0.01	15	15015	卖盘
13:53:04	10.02	--	300	300600	买盘
13:52:59	10.02	--	4	4008	买盘
13:52:53	10.02	--	44	44088	买盘
13:52:49	10.02	0.01	58	58116	买盘
13:52:44	10.01	--	1	1001	卖盘
13:52:38	10.01	-0.01	35	35035	卖盘
13:52:34	10.02	0.01	7	7014	买盘
13:52:28	10.01	-0.01	110	110110	卖盘
13:52:23	10.02	0.01	20	20040	买盘
13:52:18	10.01	--	16	16016	卖盘
13:52:14	10.01	--	53	53053	卖盘
13:52:08	10.01	-0.01	50	50050	卖盘
13:51:53	10.02	0.01	33	33066	买盘
13:51:38	10.01	-0.01	32	32032	卖盘
13:51:33	10.02	0.02	2	2004	买盘
13:51:18	10.0	--	0	0	卖盘
13:51:08	10.0	-0.03	30	30000	卖盘
13:50:53	10.03	--	40	40120	买盘
13:50:48	10.03	--	12	12036	买盘
13:50:38	10.03	--	0	0	买盘
13:50:18	10.03	--	54	54162	买盘
13:50:03	10.03	--	0	0	买盘
13:49:58	10.03	0.04	542	543626	买盘
13:49:23	9.99	-0.01	5	4995	卖盘
13:48:53	10.0	--	178	178000	卖盘
13:48:47	10.0	-0.01	10	10000	卖盘
13:48:32	10.01	0.01	14	14014	买盘
13:48:28	10.0	--	5	5000	卖盘
13:48:17	10.0	--	12	12000	卖盘
13:48:02	10.0	--	27	27000	买盘
13:47:58	10.0	--	50	50000	买盘
13:47:47	10.0	--	4	4000	买盘
13:47:32	10.0	--	20	20000	买盘
13:47:28	10.0	--	7	7000	买盘
13:47:17	10.0	0.01	14	14000	买盘
13:47:13	9.99	-0.01	3	2997	卖盘
13:46:53	10.0	-0.01	122	122000	卖盘
13:46:47	10.01	--	2	2002	买盘
13:46:32	10.01	0.02	14	14014	买盘
13:46:27	9.99	-0.02	500	499500	卖盘
13:46:17	10.01	0.01	24	24024	买盘
13:46:13	10.0	--	9	9000	卖盘
13:46:08	10.0	--	65	65000	买盘
13:46:02	10.0	--	14	14000	买盘
13:45:57	10.0	--	5	5000	买盘
13:45:47	10.0	--	53	53000	买盘
13:45:42	10.0	--	50	50000	买盘
13:45:37	10.0	--	13	13000	卖盘
13:45:27	10.0	0.01	88	88000	买盘
13:45:22	9.99	-0.01	5	4995	卖盘
13:45:17	10.0	--	33	33000	买盘
13:45:12	10.0	--	14	14000	买盘
13:45:07	10.0	--	20	20000	买盘
13:44:57	10.0	0.01	95	95000	买盘
13:44:52	9.99	--	5	4995	卖盘
13:44:42	9.99	--	297	296703	买盘
13:44:17	9.99	--	36	35964	买盘
13:44:02	9.99	0.01	10	9990	买盘
13:43:57	9.98	--	57	57265	买盘
13:43:52	9.98	--	10	9980	买盘
13:43:47	9.98	--	92	91816	买盘
13:43:27	9.98	--	5	4990	买盘
13:43:22	9.98	--	14	13972	买盘
13:42:57	9.98	--	0	0	买盘
13:42:17	9.98	--	0	0	买盘
13:42:07	9.98	0.02	500	499000	买盘
13:42:02	9.96	--	28	27888	买盘
13:41:47	9.96	--	10	9960	买盘
13:41:26	9.96	--	5	4980	卖盘
13:39:41	9.96	--	7	6972	买盘
13:39:21	9.96	0.01	371	369516	买盘
13:39:11	9.95	-0.01	39	38805	卖盘
13:39:06	9.96	--	32	31872	买盘
13:38:36	9.96	--	5	4980	买盘
13:38:06	9.96	-0.01	103	102588	卖盘
13:37:36	9.97	--	3	2991	买盘
13:37:21	9.97	-0.01	17	16949	卖盘
13:37:11	9.98	--	11	10978	买盘
13:37:06	9.98	--	14	13972	买盘
13:37:01	9.98	--	20	19960	买盘
13:36:26	9.98	--	0	618	卖盘
13:36:01	9.98	--	4	3992	卖盘
13:35:46	9.98	-0.01	6	5988	卖盘
13:35:41	9.99	0.01	14	13986	买盘
13:35:31	9.98	--	43	43293	买盘
13:35:20	9.98	--	15	14970	买盘
13:35:05	9.98	--	11	10978	买盘
13:34:50	9.98	--	3	2994	买盘
13:34:46	9.98	--	14	13972	买盘
13:34:35	9.98	0.01	80	79840	买盘
13:34:16	9.97	-0.01	5	4985	卖盘
13:34:11	9.98	--	0	0	买盘
13:34:05	9.98	0.01	27	26946	买盘
13:34:01	9.97	0.01	14	13958	买盘
13:33:50	9.96	-0.01	2	1992	卖盘
13:33:46	9.97	0.01	4	3988	买盘
13:33:41	9.96	--	57	56772	买盘
13:33:31	9.96	--	100	99600	买盘
13:33:16	9.96	0.01	1	996	买盘
13:33:10	9.95	-0.01	29	28854	卖盘
13:33:01	9.96	--	5	4980	买盘
13:32:50	9.96	--	5	4980	买盘
13:32:45	9.96	--	2	1992	买盘
13:32:20	9.96	--	5	4980	买盘
13:32:15	9.96	--	2	1992	买盘
13:32:05	9.96	--	21	20916	卖盘
13:32:00	9.96	-0.01	50	49800	卖盘
13:31:45	9.97	--	3	2991	买盘
13:31:30	9.97	0.01	15	14955	买盘
13:31:25	9.96	-0.01	31	30876	卖盘
13:31:15	9.97	--	2	1994	买盘
13:31:10	9.97	--	2	1994	买盘
13:30:45	9.97	--	2	1994	买盘
13:30:15	9.97	-0.01	4	4606	卖盘
13:30:05	9.98	0.01	10	9980	买盘
13:29:59	9.97	--	66	65802	卖盘
13:29:50	9.97	-0.01	10	9970	卖盘
13:29:14	9.98	--	7	6986	买盘
13:29:10	9.98	--	20	19960	买盘
13:28:59	9.98	--	230	229540	买盘
13:28:40	9.98	0.01	14	13972	买盘
13:28:35	9.97	-0.01	1	997	卖盘
13:28:25	9.98	--	154	153692	买盘
13:27:59	9.98	0.01	11	10978	买盘
13:27:55	9.97	0.01	188	187814	买盘
13:27:40	9.96	-0.01	5	4980	卖盘
13:27:35	9.97	--	10	9970	买盘
13:27:29	9.97	0.01	14	13958	买盘
13:27:14	9.96	--	10	9960	卖盘
13:27:04	9.96	-0.01	5	4980	卖盘
13:26:55	9.97	--	33	32901	买盘
13:26:29	9.97	0.01	40	39880	买盘
13:25:44	9.96	0.01	35	34860	买盘
13:25:29	9.95	--	9	8955	卖盘
13:25:24	9.95	-0.01	7	6964	卖盘
13:25:14	9.96	0.01	14	13944	买盘
13:24:54	9.95	-0.01	218	217437	卖盘
13:24:49	9.96	--	1	996	买盘
13:24:29	9.96	-0.01	5	4980	卖盘
13:24:14	9.97	0.01	14	13958	买盘
13:24:04	9.96	-0.01	21	20916	卖盘
13:23:54	9.97	0.01	41	40877	买盘
13:23:29	9.96	-0.01	57	56772	卖盘
13:23:04	9.97	--	216	215970	卖盘
13:22:53	9.97	-0.01	30	29910	卖盘
13:22:44	9.98	--	27	26946	买盘
13:22:34	9.98	0.01	14	13972	买盘
13:22:14	9.97	--	10	9970	卖盘
13:21:59	9.97	--	10	9970	卖盘
13:21:49	9.97	-0.01	20	19940	卖盘
13:21:38	9.98	0.01	18	17964	买盘
13:21:34	9.97	--	5	4985	卖盘
13:21:29	9.97	-0.01	27	26919	卖盘
13:21:23	9.98	0.01	10	9980	买盘
13:21:19	9.97	--	22	21934	卖盘
13:21:14	9.97	--	2	1994	卖盘
13:21:08	9.97	-0.01	234	233298	卖盘
13:20:53	9.98	0.01	20	19960	买盘
13:20:49	9.97	-0.01	2	1994	卖盘
13:20:43	9.98	--	50	49900	买盘
13:20:28	9.98	--	41	40918	买盘
13:20:18	9.98	--	500	499000	买盘
13:19:59	9.98	0.01	5	4990	买盘
13:19:48	9.97	--	26	25922	卖盘
13:19:23	9.97	--	154	153916	买盘
13:19:13	9.97	--	24	23928	买盘
13:18:53	9.97	0.02	30	29910	买盘
13:18:48	9.95	--	0	0	卖盘
13:18:43	9.95	-0.02	1	1771	卖盘
13:18:33	9.97	0.02	14	13958	买盘
13:18:28	9.95	-0.01	5	4975	卖盘
13:17:58	9.96	--	8	7968	买盘
13:17:23	9.96	--	22	21912	卖盘
13:17:08	9.96	--	10	9960	卖盘
13:16:53	9.96	--	30	29880	中性盘
13:16:38	9.96	-0.01	5	4980	卖盘
13:16:23	9.97	--	0	0	买盘
13:16:17	9.97	0.03	240	239280	买盘
13:16:02	9.94	--	0	0	卖盘
13:15:58	9.94	--	64	63616	卖盘
13:15:47	9.94	--	100	99400	卖盘
13:15:32	9.94	--	10	9940	卖盘
13:15:28	9.94	-0.02	44	43736	卖盘
13:15:13	9.96	0.02	19	18924	买盘
13:14:53	9.94	--	47	46718	买盘
13:14:47	9.94	-0.02	3	2982	卖盘
13:14:08	9.96	--	0	0	买盘
13:13:57	9.96	0.02	160	159360	买盘
13:13:53	9.94	--	10	9940	买盘
13:13:47	9.94	--	35	34790	卖盘
13:13:32	9.94	-0.01	15	14910	卖盘
13:13:02	9.95	--	0	0	买盘
13:12:57	9.95	--	154	153230	卖盘
13:12:32	9.95	--	8	7959	买盘
13:11:57	9.95	-0.01	92	91540	卖盘
13:11:52	9.96	0.01	15	14940	买盘
13:11:32	9.95	-0.01	15	14924	卖盘
13:11:17	9.96	--	30	29880	买盘
13:10:47	9.96	--	3	2988	买盘
13:10:41	9.96	-0.01	20	19920	买盘
13:10:17	9.97	--	0	0	买盘
13:10:12	9.97	0.01	4	3988	买盘
13:10:07	9.96	-0.01	30	29880	卖盘
13:10:02	9.97	--	80	79760	买盘
13:09:57	9.97	0.01	74	73778	买盘
13:09:37	9.96	-0.01	5	4980	买盘
13:09:17	9.97	--	0	0	买盘
13:09:07	9.97	0.02	7	6979	买盘
13:09:02	9.95	-0.02	10	9950	卖盘
13:08:47	9.97	0.01	80	79760	买盘
13:08:26	9.96	--	44	43824	卖盘
13:08:17	9.96	--	40	39840	卖盘
13:08:07	9.96	--	48	47808	买盘
13:08:02	9.96	--	12	11952	卖盘
13:07:52	9.96	-0.01	100	99600	卖盘
13:07:41	9.97	0.01	10	9970	买盘
13:07:31	9.96	--	11	10956	卖盘
13:07:26	9.96	--	7	6972	买盘
13:07:16	9.96	--	12	11952	买盘
13:07:11	9.96	--	23	22908	买盘
13:07:06	9.96	--	1	996	买盘
13:07:01	9.96	--	50	49800	买盘
13:06:56	9.96	-0.01	27	26892	卖盘
13:06:51	9.97	0.01	7	6979	买盘
13:06:47	9.96	--	13	12948	买盘
13:06:41	9.96	--	0	0	买盘
13:06:36	9.96	0.01	12	11952	买盘
13:06:26	9.95	--	37	36815	卖盘
13:06:21	9.95	-0.01	83	82585	卖盘
13:06:16	9.96	--	13	12948	买盘
13:06:11	9.96	0.01	383	381468	买盘
13:06:06	9.95	-0.01	19	18905	卖盘
13:05:51	9.96	0.01	100	99600	买盘
13:05:36	9.95	--	10	9950	卖盘
13:05:31	9.95	0.02	11	10945	买盘
13:05:21	9.93	--	2	1986	卖盘
13:05:11	9.93	--	107	106251	卖盘
13:05:06	9.93	--	0	0	卖盘
13:04:41	9.93	--	0	0	卖盘
13:04:36	9.93	--	19	18867	买盘
13:04:26	9.93	-0.01	35	34755	买盘
13:04:11	9.94	-0.02	43	42742	中性盘
13:04:01	9.96	0.03	500	498000	买盘
13:03:46	9.93	--	5	4965	买盘
13:03:21	9.93	-0.01	163	162474	卖盘
13:03:01	9.94	0.01	8	7952	买盘
13:02:41	9.93	--	20	19860	卖盘
13:01:50	9.93	--	76	75845	买盘
13:01:26	9.93	--	60	59580	买盘
13:00:20	9.93	--	21	20853	买盘
13:00:15	9.93	0.01	6	5958	买盘
13:00:10	9.92	0.01	87	86304	买盘
13:00:05	9.91	--	187	185317	卖盘
11:30:00	9.91	--	0	0	卖盘
11:30:00	9.91	--	0	0	卖盘
11:29:52	9.91	--	0	0	中性盘
11:29:47	9.91	--	3	2973	卖盘
11:29:27	9.91	--	2	1982	买盘
11:29:02	9.91	0.01	7	6937	买盘
11:28:57	9.9	-0.01	45	44550	卖盘
11:28:47	9.91	--	5	4955	买盘
11:28:42	9.91	--	18	17838	买盘
11:28:32	9.91	0.01	10	9910	买盘
11:28:27	9.9	-0.01	242	239580	卖盘
11:28:12	9.91	--	1	991	买盘
11:27:57	9.91	--	11	10901	买盘
11:27:52	9.91	--	10	9910	买盘
11:27:42	9.91	0.01	1	991	买盘
11:27:01	9.9	-0.01	1	990	卖盘
11:26:56	9.91	--	8	7928	买盘
11:26:31	9.91	--	2	1982	买盘
11:26:26	9.91	--	8	7928	买盘
11:26:21	9.91	0.01	6	5946	买盘
11:26:01	9.9	--	20	19800	卖盘
11:25:56	9.9	--	22	21799	卖盘
11:25:46	9.9	-0.01	40	39600	卖盘
11:25:41	9.91	--	19	18829	买盘
11:25:26	9.91	--	19	18829	买盘
11:25:06	9.91	0.01	19	18829	买盘
11:24:56	9.9	-0.01	100	99000	卖盘
11:24:46	9.91	--	19	18829	买盘
11:24:31	9.91	--	5	4955	买盘
11:24:21	9.91	--	19	18829	买盘
11:24:11	9.91	--	27	26757	买盘
11:23:46	9.91	--	14	13874	买盘
11:23:21	9.91	0.02	10	9910	买盘
11:22:31	9.89	--	0	0	卖盘
11:22:26	9.89	--	62	61318	买盘
11:22:21	9.89	-0.01	320	316480	卖盘
11:21:36	9.9	--	18	17820	买盘
11:21:25	9.9	--	10	9900	买盘
11:21:21	9.9	-0.01	30	29700	卖盘
11:21:15	9.91	--	15	14865	买盘
11:21:10	9.91	0.01	31	30721	买盘
11:20:55	9.9	--	20	19800	买盘
11:20:45	9.9	--	50	49500	买盘
11:20:30	9.9	--	100	99000	买盘
11:20:15	9.9	--	100	99000	买盘
11:20:05	9.9	--	87	86130	买盘
11:19:55	9.9	--	2	1980	买盘
11:19:50	9.9	0.01	60	59400	买盘
11:19:05	9.89	-0.01	10	9890	卖盘
11:18:55	9.9	--	10	9900	买盘
11:18:45	9.9	0.01	16	15840	买盘
11:18:20	9.89	--	50	49450	卖盘
11:18:05	9.89	--	94	92966	买盘
11:17:35	9.89	--	50	49450	买盘
11:17:30	9.89	--	60	59340	买盘
11:17:10	9.89	--	30	29670	买盘
11:17:00	9.89	--	7	6923	买盘
11:16:20	9.89	--	10	9890	买盘
11:16:14	9.89	--	50	49450	买盘
11:16:10	9.89	--	19	18791	买盘
11:16:00	9.89	--	140	138460	买盘
11:15:00	9.89	--	40	39560	买盘
11:14:19	9.89	0.01	20	19780	买盘
11:13:59	9.88	-0.01	6	5928	卖盘
11:12:54	9.89	0.01	30	29670	买盘
11:12:39	9.88	0.01	22	21736	买盘
11:12:29	9.87	-0.01	10	9870	卖盘
11:12:24	9.88	--	40	39520	买盘
11:11:44	9.88	--	6	5928	卖盘
11:11:29	9.88	--	15	14820	卖盘
11:11:24	9.88	--	208	205504	卖盘
11:10:44	9.88	-0.01	106	104728	卖盘
11:10:39	9.89	--	41	40549	买盘
11:10:29	9.89	--	10	9890	买盘
11:10:09	9.89	--	3	2967	买盘
11:09:44	9.89	--	40	39560	买盘
11:09:39	9.89	--	50	49450	买盘
11:09:29	9.89	--	1	989	买盘
11:09:24	9.89	--	72	71208	卖盘
11:09:19	9.89	--	29	28681	买盘
11:08:43	9.89	0.01	43	42527	买盘
11:08:39	9.88	-0.01	5	4940	卖盘
11:08:28	9.89	0.01	11	10879	买盘
11:08:03	9.88	--	20	19760	卖盘
11:07:53	9.88	-0.01	1	988	卖盘
11:07:48	9.89	--	9	8901	买盘
11:07:43	9.89	-0.01	10	9890	买盘
11:07:38	9.9	0.01	100	99000	买盘
11:07:33	9.89	--	38	37582	卖盘
11:07:18	9.89	--	3	2967	买盘
11:07:08	9.89	-0.01	55	54395	卖盘
11:06:53	9.9	--	10	9900	买盘
11:06:38	9.9	--	54	53460	买盘
11:06:33	9.9	--	18	17820	卖盘
11:06:23	9.9	--	5	4950	买盘
11:05:53	9.9	--	6	5940	买盘
11:05:33	9.9	--	99	98010	卖盘
11:05:28	9.9	--	3	2970	买盘
11:05:23	9.9	--	33	32670	买盘
11:05:02	9.9	--	10	9900	买盘
11:04:53	9.9	--	6	5940	买盘
11:04:33	9.9	--	2	1980	买盘
11:04:23	9.9	--	7	6930	买盘
11:04:18	9.9	--	4	3960	买盘
11:04:12	9.9	--	4	3960	买盘
11:03:58	9.9	--	0	0	买盘
11:03:53	9.9	--	24	23760	买盘
11:03:48	9.9	0.01	180	178200	买盘
11:03:38	9.89	-0.01	4	3956	中性盘
11:03:32	9.9	--	28	27720	买盘
11:03:23	9.9	0.01	7	6930	买盘
11:03:18	9.89	--	33	32637	买盘
11:02:48	9.89	-0.01	61	60329	卖盘
11:02:38	9.9	--	4	3960	买盘
11:02:32	9.9	0.01	3	2970	买盘
11:02:28	9.89	-0.01	20	19780	卖盘
11:02:23	9.9	0.01	59	58410	买盘
11:02:17	9.89	--	5	4945	卖盘
11:02:07	9.89	--	0	0	中性盘
11:02:02	9.89	--	22	21758	买盘
11:01:22	9.89	--	8	7912	买盘
11:01:12	9.89	--	28	27692	买盘
11:01:07	9.89	--	15	14835	买盘
11:01:02	9.89	--	47	46483	卖盘
11:00:57	9.89	--	8	7912	卖盘
11:00:47	9.89	--	49	48461	买盘
11:00:42	9.89	--	51	50439	买盘
11:00:32	9.89	--	6	5934	买盘
11:00:27	9.89	0.01	1	989	买盘
11:00:22	9.88	--	16	15808	买盘
11:00:17	9.88	--	100	98800	买盘
11:00:02	9.88	0.01	59	58292	买盘
10:59:32	9.87	--	41	40467	卖盘
10:58:52	9.87	--	105	103634	卖盘
10:58:42	9.87	-0.01	5	4935	卖盘
10:58:37	9.88	0.01	20	19760	买盘
10:58:07	9.87	-0.01	32	31583	卖盘
10:58:02	9.88	0.01	1	988	买盘
10:57:06	9.87	-0.01	15	14804	卖盘
10:57:02	9.88	0.01	2	1976	买盘
10:56:46	9.87	-0.01	20	19740	卖盘
10:56:11	9.88	--	44	43472	买盘
10:56:06	9.88	-0.01	51	50388	卖盘
10:56:02	9.89	--	2	1978	买盘
10:55:41	9.89	0.01	8	7912	买盘
10:55:36	9.88	--	2	1976	卖盘
10:55:31	9.88	0.01	12	11856	买盘
10:54:56	9.87	--	1	986	卖盘
10:54:51	9.87	--	22	21714	卖盘
10:54:31	9.87	--	1	986	卖盘
10:54:06	9.87	--	51	50336	买盘
10:53:56	9.87	0.01	5	4935	买盘
10:53:26	9.86	-0.01	10	9860	卖盘
10:53:11	9.87	--	2	1973	买盘
10:53:01	9.87	--	11	10857	卖盘
10:52:51	9.87	--	0	0	卖盘
10:52:41	9.87	-0.02	19	18753	卖盘
10:52:36	9.89	--	69	68241	买盘
10:52:21	9.89	--	0	0	买盘
10:52:11	9.89	--	3	2967	买盘
10:52:00	9.89	--	0	0	买盘
10:51:56	9.89	0.01	44	43516	买盘
10:51:50	9.88	-0.01	10	9880	卖盘
10:51:46	9.89	--	42	41538	买盘
10:51:35	9.89	--	0	0	买盘
10:51:30	9.89	0.01	200	197800	买盘
10:51:26	9.88	-0.01	195	192660	卖盘
10:51:00	9.89	--	16	15824	买盘
10:50:50	9.89	0.01	18	17802	买盘
10:50:26	9.88	-0.01	22	21736	卖盘
10:50:20	9.89	0.01	84	83076	买盘
10:50:15	9.88	--	57	56316	买盘
10:50:05	9.88	--	48	47424	买盘
10:49:50	9.88	--	3	2964	买盘
10:49:40	9.88	-0.01	69	68172	卖盘
10:49:35	9.89	0.01	50	49450	买盘
10:49:15	9.88	0.01	48	47424	买盘
10:49:05	9.87	--	60	59219	卖盘
10:49:00	9.87	-0.01	50	49349	卖盘
10:48:55	9.88	--	50	49400	买盘
10:48:40	9.88	--	6	5928	买盘
10:48:35	9.88	0.01	36	35568	买盘
10:48:20	9.87	--	8	7895	买盘
10:48:15	9.87	--	50	49349	买盘
10:48:10	9.87	--	57	56258	买盘
10:48:00	9.87	--	50	49349	买盘
10:47:55	9.87	--	50	49349	买盘
10:47:45	9.87	--	52	51323	买盘
10:47:40	9.87	0.01	50	49349	买盘
10:47:20	9.86	--	3	2958	买盘
10:47:15	9.86	--	56	55216	买盘
10:47:10	9.86	--	29	28594	卖盘
10:47:05	9.86	--	21	20706	买盘
10:46:55	9.86	--	50	49300	买盘
10:46:50	9.86	--	50	49300	买盘
10:46:45	9.86	--	3	2958	买盘
10:45:50	9.86	--	9	8874	买盘
10:45:44	9.86	--	46	45356	买盘
10:45:35	9.86	--	76	74936	卖盘
10:45:29	9.86	--	24	23664	卖盘
10:45:24	9.86	--	100	98600	卖盘
10:44:34	9.86	0.01	100	98600	买盘
10:43:54	9.85	--	1	985	买盘
10:43:50	9.85	-0.01	10	9850	卖盘
10:43:39	9.86	--	1	986	买盘
10:43:35	9.86	--	20	19720	买盘
10:43:24	9.86	--	0	0	买盘
10:43:14	9.86	--	20	19720	买盘
10:43:04	9.86	--	7	6902	买盘
10:42:39	9.86	-0.01	2	1972	买盘
10:42:29	9.87	--	0	0	买盘
10:41:59	9.87	0.01	42	41454	买盘
10:41:54	9.86	-0.01	3	2958	中性盘
10:41:43	9.87	0.01	62	61193	买盘
10:41:39	9.86	--	86	84796	卖盘
10:41:14	9.86	--	9	8874	卖盘
10:41:09	9.86	--	130	128179	买盘
10:40:54	9.86	0.01	410	404260	买盘
10:40:39	9.85	-0.01	15	14775	卖盘
10:40:04	9.86	--	27	26622	买盘
10:39:59	9.86	0.01	14	13804	买盘
10:39:44	9.85	0.01	12	11820	买盘
10:39:29	9.84	-0.01	10	9840	卖盘
10:39:14	9.85	--	88	86680	买盘
10:38:44	9.85	--	10	9850	卖盘
10:38:38	9.85	--	10	9850	卖盘
10:38:29	9.85	--	59	58115	卖盘
10:38:18	9.85	0.01	15	14775	买盘
10:38:14	9.84	-0.01	56	55104	卖盘
10:38:08	9.85	--	37	36445	买盘
10:37:53	9.85	--	20	19700	买盘
10:37:44	9.85	--	15	14775	买盘
10:37:13	9.85	0.02	104	102440	买盘
10:37:03	9.83	--	4	3932	买盘
10:36:53	9.83	--	4	3932	买盘
10:36:38	9.83	--	4	3932	买盘
10:36:23	9.83	-0.03	16	15728	卖盘
10:33:02	9.86	--	2	1972	买盘
10:32:52	9.86	--	12	11832	买盘
10:32:43	9.86	--	0	0	买盘
10:32:32	9.86	--	6	5916	买盘
10:32:17	9.86	--	8	7888	买盘
10:32:02	9.86	0.01	7	6902	买盘
10:31:32	9.85	--	6	5910	买盘
10:31:27	9.85	0.01	3	2955	买盘
10:31:02	9.84	--	38	37392	买盘
10:30:32	9.84	0.01	6	5904	买盘
10:30:07	9.83	-0.03	100	98300	卖盘
10:30:02	9.86	0.01	18	17748	买盘
10:29:52	9.85	--	19	18715	买盘
10:29:47	9.85	--	2	1970	买盘
10:29:32	9.85	--	6	5910	买盘
10:29:22	9.85	--	3	2955	买盘
10:29:01	9.85	0.02	6	5910	买盘
10:28:42	9.83	-0.03	37	36371	卖盘
10:28:31	9.86	--	6	5916	买盘
10:28:27	9.86	--	0	0	买盘
10:28:16	9.86	0.04	27	26622	买盘
10:27:11	9.82	--	0	0	卖盘
10:26:57	9.82	--	0	0	卖盘
10:26:31	9.82	-0.04	106	104092	卖盘
10:26:26	9.86	-0.01	5	4930	卖盘
10:26:16	9.87	0.01	41	40467	买盘
10:26:06	9.86	--	10	9860	卖盘
10:25:56	9.86	0.01	22	21692	中性盘
10:25:51	9.85	-0.01	217	213745	卖盘
10:25:46	9.86	--	47	46342	买盘
10:25:36	9.86	--	5	4930	卖盘
10:25:21	9.86	0.01	4	4535	买盘
10:25:01	9.85	-0.01	5	4925	中性盘
10:24:56	9.86	--	23	22678	买盘
10:24:41	9.86	--	5	4930	买盘
10:24:31	9.86	--	50	49300	买盘
10:24:26	9.86	--	134	132124	买盘
10:24:16	9.86	0.01	55	54230	买盘
10:24:11	9.85	--	36	35460	买盘
10:24:01	9.85	--	5	4925	买盘
10:23:56	9.85	--	34	33490	卖盘
10:23:46	9.85	--	3	2955	卖盘
10:23:41	9.85	--	22	21670	买盘
10:23:36	9.85	--	6	5910	买盘
10:23:26	9.85	-0.01	45	44325	中性盘
10:23:16	9.86	--	0	0	买盘
10:23:11	9.86	0.01	8	7888	买盘
10:23:06	9.85	-0.01	5	4925	卖盘
10:23:01	9.86	0.01	14	13804	买盘
10:22:56	9.85	--	102	100470	买盘
10:22:51	9.85	--	20	19700	买盘
10:22:41	9.85	-0.01	11	10835	卖盘
10:22:36	9.86	0.01	10	9860	买盘
10:22:25	9.85	--	83	81755	卖盘
10:22:10	9.85	0.01	37	36445	买盘
10:22:06	9.84	-0.01	4	3936	卖盘
10:22:01	9.85	--	23	22655	买盘
10:21:55	9.85	--	0	0	买盘
10:21:46	9.85	--	50	49250	买盘
10:21:40	9.85	--	0	0	买盘
10:21:31	9.85	-0.01	15	14775	卖盘
10:20:55	9.86	--	16	15776	买盘
10:20:40	9.86	0.02	41	40426	买盘
10:20:36	9.84	--	0	0	卖盘
10:20:25	9.84	-0.01	117	115128	卖盘
10:20:21	9.85	--	34	33490	买盘
10:20:16	9.85	0.01	1	985	买盘
10:20:10	9.84	--	14	13776	买盘
10:20:05	9.84	-0.01	34	33456	买盘
10:19:55	9.85	--	135	132975	买盘
10:19:50	9.85	--	0	0	买盘
10:19:20	9.85	--	0	0	买盘
10:19:15	9.85	--	1	985	买盘
10:19:05	9.85	0.01	50	49250	买盘
10:18:55	9.84	--	12	11808	买盘
10:18:50	9.84	-0.01	84	82656	卖盘
10:18:35	9.85	--	7	6895	买盘
10:18:25	9.85	0.01	21	20685	买盘
10:18:10	9.84	--	46	45264	买盘
10:18:05	9.84	--	7	6888	买盘
10:18:00	9.84	0.01	60	59040	买盘
10:17:50	9.83	-0.01	3	2949	卖盘
10:17:40	9.84	--	0	0	买盘
10:17:35	9.84	--	7	6888	买盘
10:17:25	9.84	--	40	39360	买盘
10:17:20	9.84	--	0	0	买盘
10:17:15	9.84	--	30	29520	买盘
10:17:10	9.84	--	10	9840	买盘
10:17:05	9.84	--	8	7872	买盘
10:16:45	9.84	--	0	0	买盘
10:16:40	9.84	0.02	213	209592	买盘
10:16:35	9.82	--	50	49100	卖盘
10:16:30	9.82	--	60	58920	卖盘
10:16:05	9.82	--	2	1964	买盘
10:16:00	9.82	--	18	17676	卖盘
10:15:49	9.82	--	50	49100	买盘
10:15:40	9.82	--	30	29460	买盘
10:15:19	9.82	--	31	30442	买盘
10:15:15	9.82	--	14	13748	买盘
10:15:00	9.82	--	34	33388	买盘
10:14:45	9.82	0.01	23	22586	买盘
10:14:34	9.81	-0.01	2	1962	卖盘
10:14:29	9.82	0.01	22	21604	买盘
10:14:19	9.81	--	55	53955	卖盘
10:14:15	9.81	-0.01	5	4905	卖盘
10:14:04	9.82	--	30	29460	买盘
10:13:40	9.82	--	28	27496	买盘
10:13:29	9.82	0.01	35	34370	买盘
10:13:24	9.81	0.01	182	178934	买盘
10:13:19	9.8	--	14	13720	买盘
10:13:04	9.8	--	36	35280	买盘
10:12:59	9.8	--	10	9800	买盘
10:12:49	9.8	--	7	6860	买盘
10:12:44	9.8	0.01	57	56771	买盘
10:12:39	9.79	--	0	0	买盘
10:12:29	9.79	--	50	48949	买盘
10:12:24	9.79	--	50	48949	买盘
10:12:19	9.79	--	14	13705	买盘
10:12:04	9.79	0.01	87	85172	买盘
10:11:34	9.78	--	10	9780	买盘
10:11:24	9.78	--	30	29339	买盘
10:11:09	9.78	0.01	14	13692	买盘
10:10:59	9.77	--	0	0	中性盘
10:10:54	9.77	--	39	38103	买盘
10:09:49	9.77	--	7	6839	卖盘
10:09:43	9.77	-0.01	4	3908	卖盘
10:09:28	9.78	0.01	1	977	买盘
10:08:43	9.77	--	1	977	卖盘
10:08:23	9.77	-0.01	1	977	卖盘
10:08:13	9.78	0.01	194	189732	买盘
10:08:09	9.77	0.01	27	26379	买盘
10:07:38	9.76	--	8	7808	卖盘
10:06:38	9.76	--	0	0	卖盘
10:06:23	9.76	-0.02	10	9760	卖盘
10:06:08	9.78	--	11	10758	卖盘
10:06:03	9.78	-0.01	2	1955	卖盘
10:05:53	9.79	0.01	44	43075	买盘
10:05:43	9.78	--	37	36186	买盘
10:05:38	9.78	0.03	23	22494	买盘
10:05:33	9.75	--	4	3900	卖盘
10:05:28	9.75	--	0	0	卖盘
10:05:13	9.75	--	20	19500	卖盘
10:05:03	9.75	-0.01	25	24375	卖盘
10:04:58	9.76	0.01	14	13664	买盘
10:04:53	9.75	-0.01	12	11700	卖盘
10:04:38	9.76	--	4	3904	买盘
10:04:28	9.76	-0.02	7	6832	卖盘
10:04:23	9.78	--	30	29339	买盘
10:04:13	9.78	--	6	5868	买盘
10:03:53	9.78	--	0	0	买盘
10:03:48	9.78	0.01	18	17604	买盘
10:03:43	9.77	--	3	2931	卖盘
10:03:37	9.77	--	8	7816	卖盘
10:03:28	9.77	--	5	4885	卖盘
10:03:22	9.77	-0.01	10	9770	卖盘
10:02:52	9.78	--	0	0	买盘
10:02:48	9.78	--	14	13692	卖盘
10:02:37	9.78	-0.01	2	1955	卖盘
10:02:22	9.79	--	37	36223	买盘
10:01:52	9.79	0.01	36	35244	买盘
10:01:37	9.78	--	5	4890	卖盘
10:01:22	9.78	-0.01	10	9780	卖盘
10:01:13	9.79	--	79	77341	买盘
10:00:57	9.79	0.01	61	59718	买盘
10:00:47	9.78	--	3	2934	卖盘
10:00:32	9.78	-0.01	10	9780	卖盘
10:00:28	9.79	--	41	40139	买盘
10:00:07	9.79	0.01	40	39160	买盘
09:59:52	9.78	--	194	189732	买盘
09:59:47	9.78	0.01	10	9780	买盘
09:59:42	9.77	-0.01	20	19540	卖盘
09:59:32	9.78	0.02	9	8802	买盘
09:58:52	9.76	--	6	6051	买盘
09:58:47	9.76	--	23	23228	卖盘
09:58:37	9.76	--	157	153232	卖盘
09:58:32	9.76	-0.01	22	21472	卖盘
09:58:27	9.77	--	2	1954	买盘
09:58:22	9.77	--	5	4885	买盘
09:58:02	9.77	-0.01	24	23448	卖盘
09:57:42	9.78	0.02	20	19560	买盘
09:57:37	9.76	0.01	24	23619	买盘
09:57:32	9.75	--	5	4875	卖盘
09:57:27	9.75	--	30	29250	卖盘
09:57:22	9.75	-0.01	110	107250	卖盘
09:57:12	9.76	--	0	0	买盘
09:57:07	9.76	0.02	100	97600	买盘
09:57:01	9.74	--	3	2922	卖盘
09:56:57	9.74	--	13	12662	卖盘
09:56:27	9.74	0.01	4	3896	买盘
09:56:22	9.73	-0.01	1	973	卖盘
09:56:07	9.74	--	20	19480	买盘
09:56:01	9.74	--	27	26298	买盘
09:55:57	9.74	--	80	77920	买盘
09:55:52	9.74	-0.01	119	115906	卖盘
09:55:46	9.75	--	10	9750	买盘
09:55:11	9.75	--	20	19500	买盘
09:55:07	9.75	--	60	58500	买盘
09:54:52	9.75	--	0	0	买盘
09:54:41	9.75	0.02	2	1950	买盘
09:54:37	9.73	-0.02	8	7784	卖盘
09:54:31	9.75	--	31	30225	买盘
09:54:26	9.75	--	20	19500	买盘
09:54:16	9.75	--	0	0	买盘
09:54:11	9.75	--	4	3900	买盘
09:54:01	9.75	--	61	59475	卖盘
09:53:56	9.75	-0.01	20	19500	卖盘
09:53:46	9.76	0.01	20	19520	买盘
09:53:36	9.75	-0.01	1	975	卖盘
09:53:31	9.76	--	1	976	卖盘
09:53:21	9.76	--	12	11712	买盘
09:52:41	9.76	--	8	7808	卖盘
09:52:31	9.76	-0.01	7	6832	卖盘
09:51:56	9.77	-0.01	175	170975	卖盘
09:51:46	9.78	--	20	19560	买盘
09:51:36	9.78	--	30	29339	买盘
09:51:26	9.78	0.01	8	7823	买盘
09:51:11	9.77	-0.01	200	195400	卖盘
09:50:56	9.78	--	5	4890	买盘
09:50:40	9.78	0.01	3	2934	买盘
09:50:36	9.77	--	1	977	卖盘
09:49:40	9.77	-0.01	12	11724	卖盘
09:49:25	9.78	--	274	267972	卖盘
09:48:55	9.78	-0.01	8	7823	卖盘
09:48:40	9.79	--	10	9790	买盘
09:48:35	9.79	0.01	129	126290	买盘
09:48:25	9.78	-0.01	50	48900	卖盘
09:47:40	9.79	0.01	67	65593	买盘
09:47:35	9.78	--	10	9780	卖盘
09:47:30	9.78	--	31	30317	卖盘
09:47:25	9.78	--	53	51834	卖盘
09:47:20	9.78	--	7	6846	卖盘
09:47:10	9.78	--	316	309048	买盘
09:46:50	9.78	--	37	36186	买盘
09:46:45	9.78	-0.01	22	21516	买盘
09:46:35	9.79	0.02	25	24474	买盘
09:46:30	9.77	-0.01	10	9770	卖盘
09:46:25	9.78	--	35	34298	卖盘
09:46:20	9.78	--	29	28361	卖盘
09:45:25	9.78	--	50	48900	卖盘
09:45:05	9.78	-0.01	26	25428	卖盘
09:44:45	9.79	--	21	20559	买盘
09:44:19	9.79	--	4	3915	买盘
09:44:00	9.79	--	1	978	买盘
09:43:49	9.79	0.01	4	3915	买盘
09:42:34	9.78	--	8	8733	买盘
09:42:19	9.78	--	1	1046	卖盘
09:42:14	9.78	-0.01	20	19560	卖盘
09:41:54	9.79	--	30	29369	买盘
09:41:34	9.79	0.01	23	22516	买盘
09:41:29	9.78	--	12	11736	卖盘
09:40:49	9.78	-0.01	4	3911	卖盘
09:40:44	9.79	--	10	9790	买盘
09:40:34	9.79	0.01	67	65593	买盘
09:40:14	9.78	-0.02	50	48900	卖盘
09:39:59	9.8	0.02	3	2940	买盘
09:39:54	9.78	-0.02	30	29339	卖盘
09:39:49	9.8	-0.01	39	38220	卖盘
09:39:39	9.81	0.01	4	3924	买盘
09:39:19	9.8	--	5	4900	卖盘
09:39:09	9.8	--	10	9800	卖盘
09:39:04	9.8	--	12	11760	买盘
09:38:39	9.8	--	9	8820	卖盘
09:38:24	9.8	--	7	6860	卖盘
09:38:19	9.8	--	2	1960	买盘
09:38:13	9.8	-0.01	98	96040	买盘
09:38:09	9.81	--	0	0	买盘
09:38:04	9.81	0.01	28	27468	买盘
09:37:58	9.8	--	46	45080	卖盘
09:37:54	9.8	-0.01	50	49000	卖盘
09:37:34	9.81	0.01	20	19620	买盘
09:37:09	9.8	--	5	4900	卖盘
09:36:58	9.8	-0.01	5	4900	卖盘
09:36:43	9.81	0.01	71	69651	买盘
09:36:34	9.8	--	3	2940	买盘
09:36:23	9.8	0.02	61	59780	买盘
09:36:08	9.78	-0.02	10	9780	卖盘
09:36:04	9.8	0.02	18	17640	买盘
09:35:33	9.78	--	0	29	卖盘
09:35:23	9.78	--	0	880	卖盘
09:35:18	9.78	-0.02	4	3911	卖盘
09:35:08	9.8	0.01	34	33320	买盘
09:34:58	9.79	--	4	3915	买盘
09:34:38	9.79	--	8	7831	买盘
09:33:53	9.79	-0.02	149	145871	卖盘
09:33:48	9.81	--	0	0	买盘
09:33:43	9.81	--	61	59841	买盘
09:33:23	9.81	--	0	0	买盘
09:33:18	9.81	--	34	33354	买盘
09:32:57	9.81	0.02	28	27468	买盘
09:32:48	9.79	--	0	0	卖盘
09:32:38	9.79	-0.02	44	43075	卖盘
09:32:23	9.81	--	1	1922	卖盘
09:32:18	9.81	--	2	2001	买盘
09:32:03	9.81	0.04	42	41202	买盘
09:31:52	9.77	--	0	0	卖盘
09:30:52	9.77	-0.02	20	19540	卖盘
09:30:37	9.79	0.03	11	10768	买盘
09:30:22	9.76	--	0	0	卖盘
09:30:07	9.76	--	62	60512	卖盘
09:28:40	9.76	--	0	0	卖盘
09:25:09	9.76	9.76	44	42944	买盘
