成交时间	成交价	价格变动	成交量(手)	成交额(元)	性质
15:00:00	12.96	0.02	0	0	中性盘
15:00:00	12.94	--	0	0	卖盘
14:59:59	12.94	-0.01	288	372672	卖盘
14:59:53	12.95	0.01	13	16835	中性盘
14:59:49	12.94	-0.03	9	11646	卖盘
14:59:44	12.97	0.01	209	271073	买盘
14:59:38	12.96	-0.01	9	11664	卖盘
14:59:29	12.97	--	0	0	买盘
14:59:23	12.97	0.02	312	404664	中性盘
14:59:19	12.95	--	27	34965	卖盘
14:59:14	12.95	-0.03	36	46620	卖盘
14:59:08	12.98	--	20	25960	买盘
14:58:59	12.98	0.01	83	107734	买盘
14:58:53	12.97	-0.01	3	3891	卖盘
14:58:49	12.98	--	1	1298	卖盘
14:58:44	12.98	--	29	37642	买盘
14:58:34	12.98	--	31	40238	买盘
14:58:29	12.98	0.01	30	38940	买盘
14:58:14	12.97	0.01	29	37613	中性盘
14:58:04	12.96	-0.02	3	3888	卖盘
14:57:59	12.98	0.02	13	16874	买盘
14:57:53	12.96	-0.02	44	57024	卖盘
14:57:38	12.98	--	16	20768	卖盘
14:57:34	12.98	--	53	68794	买盘
14:56:49	12.98	0.02	50	64900	买盘
14:56:38	12.96	-0.02	6	7776	卖盘
14:56:29	12.98	--	0	0	买盘
14:56:14	12.98	--	0	0	买盘
14:56:08	12.98	0.03	52	67496	买盘
14:55:53	12.95	-0.03	1	1295	卖盘
14:55:34	12.98	-0.01	4	5192	中性盘
14:55:23	12.99	--	22	28578	买盘
14:55:08	12.99	-0.01	50	65261	卖盘
14:55:04	13.0	0.01	31	40300	买盘
14:54:53	12.99	-0.01	22	28578	卖盘
14:54:34	13.0	0.01	5	6500	买盘
14:54:29	12.99	--	0	0	卖盘
14:54:23	12.99	-0.01	11	14289	卖盘
14:54:19	13.0	0.01	178	232388	买盘
14:54:14	12.99	--	20	25980	卖盘
14:54:04	12.99	-0.01	60	77940	卖盘
14:53:59	13.0	--	10	13000	买盘
14:53:49	13.0	--	520	676000	买盘
14:53:43	13.0	--	0	0	买盘
14:53:38	13.0	--	592	769600	买盘
14:53:33	13.0	--	43	55900	买盘
14:53:23	13.0	0.02	60	78000	买盘
14:53:17	12.98	--	0	0	卖盘
14:53:13	12.98	0.01	9	11682	中性盘
14:53:08	12.97	-0.03	310	402070	卖盘
14:53:02	13.0	0.02	570	741000	买盘
14:52:58	12.98	--	8	10384	买盘
14:52:53	12.98	0.01	41	53218	买盘
14:52:38	12.97	0.01	20	25940	中性盘
14:52:32	12.96	-0.02	201	260496	卖盘
14:52:28	12.98	0.02	500	649000	买盘
14:52:17	12.96	--	38	49649	卖盘
14:52:08	12.96	--	65	84240	卖盘
14:52:02	12.96	--	5	6959	卖盘
14:51:53	12.96	--	20	25920	卖盘
14:51:38	12.96	--	10	12960	卖盘
14:51:32	12.96	--	2	2592	卖盘
14:51:28	12.96	--	35	45360	卖盘
14:51:23	12.96	--	15	19440	卖盘
14:51:17	12.96	0.02	531	688176	买盘
14:51:13	12.94	--	3	3882	卖盘
14:51:08	12.94	-0.01	3	3882	卖盘
14:51:02	12.95	--	85	110075	卖盘
14:50:47	12.95	--	74	95830	卖盘
14:50:32	12.95	--	10	12950	卖盘
14:50:28	12.95	--	47	60865	卖盘
14:50:17	12.95	--	47	60865	卖盘
14:50:13	12.95	0.01	241	312095	买盘
14:50:08	12.94	--	11	14234	卖盘
14:49:58	12.94	--	30	38820	卖盘
14:49:43	12.94	--	168	217392	卖盘
14:49:13	12.94	0.01	112	144928	买盘
14:49:08	12.93	-0.01	6	7758	卖盘
14:49:02	12.94	0.01	49	64078	买盘
14:48:58	12.93	--	6	7758	卖盘
14:48:53	12.93	--	6	7758	卖盘
14:48:47	12.93	--	6	7758	卖盘
14:48:43	12.93	--	33	42669	卖盘
14:48:38	12.93	--	6	7758	卖盘
14:48:32	12.93	--	21	27153	卖盘
14:48:28	12.93	--	8	10344	卖盘
14:48:13	12.93	--	9	11637	卖盘
14:48:08	12.93	--	6	7758	卖盘
14:48:02	12.93	--	155	200415	卖盘
14:47:58	12.93	0.01	273	353583	买盘
14:47:47	12.92	-0.01	23	29716	卖盘
14:47:43	12.93	0.01	8	10344	买盘
14:46:41	12.92	--	1	1292	卖盘
14:46:17	12.92	0.01	6	7752	买盘
14:46:07	12.91	--	5	6455	卖盘
14:46:02	12.91	--	6	7746	卖盘
14:45:56	12.91	--	4	5164	卖盘
14:45:47	12.91	--	8	10328	卖盘
14:45:11	12.91	--	49	63259	买盘
14:44:47	12.91	--	50	64550	买盘
14:44:32	12.91	--	10	12910	买盘
14:44:11	12.91	--	130	167830	卖盘
14:44:07	12.91	--	20	25820	卖盘
14:43:56	12.91	--	21	27111	卖盘
14:43:52	12.91	-0.01	3	3873	卖盘
14:43:17	12.92	--	13	17416	卖盘
14:43:11	12.92	--	30	38760	卖盘
14:43:02	12.92	--	30	38760	卖盘
14:42:56	12.92	-0.01	30	38760	卖盘
14:42:41	12.93	--	1	1293	买盘
14:42:37	12.93	--	120	155160	卖盘
14:42:17	12.93	--	6	7758	卖盘
14:42:07	12.93	--	9	11637	卖盘
14:42:02	12.93	--	6	7758	卖盘
14:41:52	12.93	--	11	14223	卖盘
14:41:47	12.93	--	4	5172	卖盘
14:41:37	12.93	--	7	9051	卖盘
14:41:17	12.93	--	2	2586	卖盘
14:41:11	12.93	--	12	15516	卖盘
14:41:06	12.93	--	6	7758	卖盘
14:40:51	12.93	-0.01	63	81459	卖盘
14:40:46	12.94	--	19	24586	卖盘
14:40:41	12.94	--	3	3882	卖盘
14:40:36	12.94	--	6	7764	卖盘
14:40:31	12.94	--	9	11646	卖盘
14:40:26	12.94	0.01	53	68582	卖盘
14:40:20	12.93	--	0	0	卖盘
14:40:11	12.93	--	60	77580	卖盘
14:39:41	12.93	--	100	129300	卖盘
14:39:26	12.93	--	20	25860	卖盘
14:38:41	12.93	--	30	38790	卖盘
14:38:31	12.93	--	0	0	卖盘
14:38:20	12.93	-0.02	49	63357	卖盘
14:37:56	12.95	0.02	20	25900	买盘
14:37:46	12.93	--	4	5172	卖盘
14:36:35	12.93	--	339	438805	买盘
14:36:20	12.93	0.01	166	214638	买盘
14:36:11	12.92	--	67	87235	卖盘
14:35:05	12.92	--	110	142120	卖盘
14:35:00	12.92	-0.01	50	64600	卖盘
14:34:30	12.93	--	39	50427	买盘
14:34:25	12.93	--	40	51720	买盘
14:34:10	12.93	0.01	18	23274	买盘
14:34:05	12.92	--	6	7752	卖盘
14:34:00	12.92	-0.01	9	11628	卖盘
14:33:10	12.93	-0.03	100	130114	卖盘
14:33:05	12.96	0.03	10	12960	买盘
14:32:59	12.93	--	500	646500	卖盘
14:32:40	12.93	--	3	3879	卖盘
14:32:35	12.93	--	106	137058	卖盘
14:32:29	12.93	-0.01	3	3879	卖盘
14:32:25	12.94	0.01	6	7764	中性盘
14:32:20	12.93	--	11	14701	卖盘
14:32:10	12.93	--	3	3879	卖盘
14:31:59	12.93	--	3	3879	卖盘
14:31:55	12.93	-0.03	6	7758	卖盘
14:31:35	12.96	0.01	10	12960	买盘
14:31:29	12.95	-0.01	1	1295	卖盘
14:31:25	12.96	--	55	71280	卖盘
14:31:20	12.96	--	50	64800	卖盘
14:31:14	12.96	-0.01	3	3888	卖盘
14:31:10	12.97	0.01	20	25940	买盘
14:30:44	12.96	--	27	34992	买盘
14:30:35	12.96	--	30	38880	买盘
14:30:29	12.96	0.01	50	64800	买盘
14:30:25	12.95	--	10	12950	卖盘
14:29:40	12.95	--	116	150220	卖盘
14:29:29	12.95	0.02	293	380587	买盘
14:29:25	12.93	-0.01	90	116370	卖盘
14:29:14	12.94	0.01	15	19410	买盘
14:28:59	12.93	-0.01	50	64650	卖盘
14:28:55	12.94	0.01	10	12940	买盘
14:28:39	12.93	--	3	3879	卖盘
14:28:14	12.93	0.01	2	2586	买盘
14:27:55	12.92	0.01	46	59432	卖盘
14:27:34	12.91	--	0	0	卖盘
14:27:23	12.91	--	30	38730	卖盘
14:27:19	12.91	--	1	1291	卖盘
14:27:08	12.91	--	10	12910	卖盘
14:26:53	12.91	--	50	64550	卖盘
14:26:49	12.91	--	0	0	卖盘
14:26:44	12.91	--	100	129100	卖盘
14:26:14	12.91	--	0	0	卖盘
14:26:08	12.91	--	10	12910	卖盘
14:25:44	12.91	--	23	29693	卖盘
14:25:29	12.91	--	1	1291	卖盘
14:25:19	12.91	-0.03	4	5164	卖盘
14:25:08	12.94	0.03	30	38820	买盘
14:24:38	12.91	--	20	25820	卖盘
14:24:34	12.91	--	45	58095	卖盘
14:24:29	12.91	--	3	3873	卖盘
14:24:23	12.91	--	3	3873	卖盘
14:24:19	12.91	-0.03	39	50349	卖盘
14:24:08	12.94	0.03	13	16822	买盘
14:24:04	12.91	-0.01	57	73587	卖盘
14:23:59	12.92	--	3	3876	卖盘
14:23:53	12.92	--	6	7752	卖盘
14:23:49	12.92	-0.02	133	171836	卖盘
14:23:38	12.94	--	26	33644	卖盘
14:23:34	12.94	--	44	56936	买盘
14:23:23	12.94	0.01	14	18116	买盘
14:23:19	12.93	0.01	53	68529	卖盘
14:23:08	12.92	--	60	77520	卖盘
14:22:38	12.92	--	0	0	买盘
14:22:23	12.92	--	5	6460	买盘
14:22:19	12.92	0.01	10	12920	买盘
14:22:08	12.91	--	30	38730	卖盘
14:21:53	12.91	-0.02	17	21947	卖盘
14:21:28	12.93	--	0	0	买盘
14:21:02	12.93	--	0	0	买盘
14:20:47	12.93	--	10	12930	卖盘
14:20:43	12.93	-0.01	20	25860	卖盘
14:20:38	12.94	0.04	2	2588	买盘
14:20:02	12.9	--	0	0	卖盘
14:19:53	12.9	--	11	14190	卖盘
14:19:32	12.9	-0.01	120	154800	卖盘
14:19:08	12.91	-0.01	24	30984	卖盘
14:19:02	12.92	-0.01	3	3876	卖盘
14:18:58	12.93	0.01	3	3879	中性盘
14:18:53	12.92	--	33	42636	卖盘
14:18:47	12.92	--	15	19380	卖盘
14:18:43	12.92	--	6	7752	卖盘
14:18:38	12.92	--	15	19380	卖盘
14:18:32	12.92	--	55	71060	卖盘
14:18:28	12.92	-0.02	6	7752	卖盘
14:18:23	12.94	0.02	14	18116	买盘
14:18:17	12.92	--	21	27132	卖盘
14:18:13	12.92	-0.02	6	7752	卖盘
14:18:08	12.94	-0.01	5	7207	卖盘
14:18:02	12.95	0.01	40	51800	买盘
14:17:53	12.94	--	3	3882	卖盘
14:17:47	12.94	-0.01	3	3882	卖盘
14:17:43	12.95	--	20	25900	买盘
14:17:32	12.95	--	20	25900	买盘
14:17:28	12.95	--	21	27195	买盘
14:17:13	12.95	--	10	12950	买盘
14:17:02	12.95	--	12	15540	买盘
14:16:58	12.95	--	5	6475	买盘
14:16:47	12.95	--	10	12950	买盘
14:16:28	12.95	--	5	6475	买盘
14:16:13	12.95	0.01	10	12950	买盘
14:15:58	12.94	--	48	62112	卖盘
14:15:32	12.94	-0.01	19	24586	卖盘
14:15:28	12.95	0.01	202	261590	买盘
14:15:17	12.94	--	106	137164	卖盘
14:15:13	12.94	--	274	355112	买盘
14:14:57	12.94	0.02	4	5176	买盘
14:14:43	12.92	--	77	99484	卖盘
14:14:26	12.92	--	0	0	中性盘
14:14:17	12.92	--	0	0	卖盘
14:14:11	12.92	--	4	5168	卖盘
14:13:52	12.92	--	2	2584	买盘
14:13:41	12.92	0.02	12	15504	买盘
14:13:26	12.9	-0.02	13	16770	卖盘
14:12:56	12.92	-0.01	3	3876	买盘
14:12:52	12.93	--	35	45255	买盘
14:12:41	12.93	0.01	84	109206	买盘
14:12:37	12.92	--	2	2584	卖盘
14:12:32	12.92	--	18	23953	买盘
14:12:26	12.92	--	3	3876	买盘
14:12:11	12.92	0.02	1	1292	买盘
14:12:07	12.9	--	2	2580	卖盘
14:11:56	12.9	--	82	105780	卖盘
14:09:51	12.9	--	20	25800	卖盘
14:09:37	12.9	--	3	3870	卖盘
14:09:31	12.9	--	3	3870	卖盘
14:09:07	12.9	--	6	7740	卖盘
14:09:01	12.9	0.01	3	3870	卖盘
14:08:56	12.89	--	0	0	卖盘
14:08:41	12.89	-0.04	3	3867	卖盘
14:08:36	12.93	0.04	1	1293	买盘
14:08:16	12.89	-0.01	18	23202	卖盘
14:08:05	12.9	--	3	3870	卖盘
14:07:56	12.9	--	3	3870	卖盘
14:07:46	12.9	--	2	2580	卖盘
14:07:41	12.9	--	0	0	卖盘
14:07:35	12.9	--	3	3870	卖盘
14:07:31	12.9	-0.02	3	3870	卖盘
14:07:26	12.92	0.02	1	1292	中性盘
14:07:20	12.9	-0.02	206	265740	卖盘
14:06:41	12.92	-0.01	5	6938	卖盘
14:06:26	12.93	--	1	1293	买盘
14:05:56	12.93	--	1	1293	买盘
14:05:50	12.93	--	67	86773	卖盘
14:05:31	12.93	-0.01	7	9051	卖盘
14:05:26	12.94	--	1	1294	买盘
14:05:01	12.94	0.01	5	6470	买盘
14:04:50	12.93	--	20	25860	卖盘
14:04:35	12.93	--	12	15516	卖盘
14:04:31	12.93	--	10	12930	卖盘
14:04:05	12.93	--	4	6322	卖盘
14:04:01	12.93	0.01	90	116370	买盘
14:03:50	12.92	--	49	63308	买盘
14:03:31	12.92	0.01	20	25840	买盘
14:02:20	12.91	-0.01	3	3873	卖盘
14:01:55	12.92	--	3	3876	买盘
14:01:25	12.92	--	1	1292	买盘
14:01:15	12.92	0.01	32	41344	买盘
14:01:10	12.91	--	10	12910	卖盘
14:00:44	12.91	0.01	24	30984	买盘
14:00:20	12.9	-0.01	7	9030	卖盘
13:59:20	12.91	--	0	0	中性盘
13:59:05	12.91	--	0	0	卖盘
13:58:59	12.91	0.01	128	165248	买盘
13:58:40	12.9	--	8	11042	买盘
13:58:29	12.9	--	50	64500	买盘
13:58:25	12.9	--	5	6450	买盘
13:57:44	12.9	0.01	9	11610	买盘
13:57:29	12.89	-0.01	1	1289	卖盘
13:57:14	12.9	--	30	38700	买盘
13:56:55	12.9	0.01	12	15480	买盘
13:56:50	12.89	--	10	12890	卖盘
13:56:29	12.89	-0.01	10	12890	卖盘
13:56:25	12.9	--	20	25800	买盘
13:55:49	12.9	--	6	8307	卖盘
13:55:44	12.9	0.01	3	4592	买盘
13:55:29	12.89	-0.01	11	14179	卖盘
13:55:19	12.9	--	89	114810	买盘
13:54:19	12.9	--	4	5160	买盘
13:54:14	12.9	--	30	38700	买盘
13:54:08	12.9	--	70	90867	卖盘
13:53:44	12.9	--	5	6450	卖盘
13:53:29	12.9	--	10	12900	卖盘
13:52:23	12.9	--	35	45150	卖盘
13:52:14	12.9	-0.01	3	3870	卖盘
13:51:38	12.91	0.01	12	15492	买盘
13:51:29	12.9	--	0	0	卖盘
13:51:14	12.9	--	3	3870	卖盘
13:51:04	12.9	--	6	7740	卖盘
13:50:43	12.9	--	0	0	卖盘
13:50:34	12.9	--	3	3870	卖盘
13:50:08	12.9	--	89	114810	卖盘
13:49:53	12.9	--	20	25800	卖盘
13:49:34	12.9	--	20	25800	卖盘
13:49:23	12.9	-0.02	169	218010	卖盘
13:49:19	12.92	--	0	0	买盘
13:49:13	12.92	--	0	0	买盘
13:48:48	12.92	--	0	0	买盘
13:48:33	12.92	0.02	40	51680	买盘
13:47:23	12.9	--	1	1290	卖盘
13:47:17	12.9	--	1	1290	卖盘
13:46:53	12.9	--	5	6450	卖盘
13:46:47	12.9	--	3	3870	卖盘
13:46:38	12.9	--	3	3870	卖盘
13:46:23	12.9	--	150	193500	卖盘
13:46:02	12.9	--	0	0	卖盘
13:45:32	12.9	--	1	1290	卖盘
13:45:17	12.9	--	1	1290	卖盘
13:44:58	12.9	--	4	5160	卖盘
13:44:47	12.9	--	1	1290	卖盘
13:44:32	12.9	-0.01	20	25800	卖盘
13:44:27	12.91	0.01	3	4441	买盘
13:43:27	12.9	--	8	10320	卖盘
13:43:07	12.9	--	28	36120	卖盘
13:42:57	12.9	--	111	143190	卖盘
13:42:32	12.9	--	3	3870	卖盘
13:42:27	12.9	-0.01	3	3870	卖盘
13:41:57	12.91	--	2	3304	卖盘
13:41:27	12.91	-0.01	1	1949	卖盘
13:41:22	12.92	-0.02	8	10336	卖盘
13:41:17	12.94	0.03	15	19410	买盘
13:41:02	12.91	0.01	0	1200	买盘
13:40:57	12.9	--	4	6024	卖盘
13:40:37	12.9	--	0	296	卖盘
13:40:32	12.9	--	0	0	卖盘
13:40:26	12.9	-0.01	9	11610	卖盘
13:40:17	12.91	--	0	0	卖盘
13:40:11	12.91	0.01	6	7746	买盘
13:40:02	12.9	--	3	3870	卖盘
13:39:57	12.9	-0.01	9	11610	卖盘
13:39:52	12.91	--	1	1291	卖盘
13:39:47	12.91	--	0	0	中性盘
13:39:32	12.91	--	67	86497	买盘
13:39:11	12.91	-0.03	227	294051	卖盘
13:39:02	12.94	0.02	2	2588	买盘
13:38:52	12.92	--	1	1589	卖盘
13:38:41	12.92	--	8	10336	卖盘
13:38:26	12.92	--	2	2584	卖盘
13:38:21	12.92	--	3	3876	卖盘
13:37:47	12.92	--	1	1292	卖盘
13:37:21	12.92	--	2	2584	卖盘
13:36:56	12.92	-0.02	4	5168	卖盘
13:36:36	12.94	--	14	18116	卖盘
13:36:26	12.94	--	10	12940	卖盘
13:36:21	12.94	--	26	33644	买盘
13:36:07	12.94	--	0	0	买盘
13:35:56	12.94	0.01	43	55642	买盘
13:35:26	12.93	0.01	19	25549	买盘
13:35:01	12.92	-0.01	0	1098	卖盘
13:34:51	12.93	0.01	7	9051	买盘
13:34:36	12.92	--	4	5168	卖盘
13:34:11	12.92	--	2	2584	卖盘
13:33:50	12.92	--	72	93024	卖盘
13:33:16	12.92	--	1	1356	卖盘
13:33:01	12.92	--	8	11563	买盘
13:32:50	12.92	--	3	3876	买盘
13:32:46	12.92	--	1	1356	卖盘
13:32:26	12.92	--	17	23191	买盘
13:31:50	12.92	0.02	19	24548	买盘
13:31:35	12.9	-0.02	10	12900	卖盘
13:31:11	12.92	0.02	19	24548	买盘
13:31:00	12.9	--	54	69943	买盘
13:30:45	12.9	--	56	73246	卖盘
13:30:26	12.9	--	20	25800	卖盘
13:30:05	12.9	--	1	1290	卖盘
13:30:00	12.9	--	10	12900	卖盘
13:29:56	12.9	--	20	26083	买盘
13:29:35	12.9	--	200	258000	买盘
13:29:20	12.9	--	29	37410	买盘
13:29:15	12.9	--	10	12900	买盘
13:29:00	12.9	--	10	12900	买盘
13:28:50	12.9	--	23	29670	买盘
13:28:30	12.9	--	20	25800	买盘
13:28:15	12.9	--	15	19350	买盘
13:28:10	12.9	0.01	1	1290	买盘
13:27:45	12.89	--	1	2268	卖盘
13:27:35	12.89	--	5	6445	卖盘
13:27:05	12.89	--	45	58005	卖盘
13:27:00	12.89	-0.01	3	3867	卖盘
13:26:29	12.9	--	15	19350	买盘
13:25:50	12.9	--	15	19350	买盘
13:25:14	12.9	--	15	19350	买盘
13:25:05	12.9	--	105	136159	卖盘
13:24:59	12.9	--	1	1290	卖盘
13:24:05	12.9	--	15	19350	卖盘
13:23:59	12.9	--	10	12900	卖盘
13:23:24	12.9	--	8	10320	卖盘
13:23:09	12.9	--	4	5160	卖盘
13:22:59	12.9	--	3	3870	卖盘
13:22:54	12.9	--	1	1290	卖盘
13:22:29	12.9	--	0	1148	卖盘
13:21:59	12.9	--	0	0	卖盘
13:21:54	12.9	--	12	16150	卖盘
13:21:14	12.9	--	1	1290	卖盘
13:20:54	12.9	--	53	69118	卖盘
13:20:39	12.9	-0.01	88	114513	卖盘
13:20:29	12.91	--	1	2207	买盘
13:20:24	12.91	0.01	10	14175	买盘
13:19:59	12.9	--	3	3870	卖盘
13:19:38	12.9	--	1	1290	卖盘
13:19:29	12.9	--	20	25800	卖盘
13:19:23	12.9	--	33	42570	卖盘
13:18:29	12.9	-0.01	2	2580	卖盘
13:18:03	12.91	--	16	20656	买盘
13:17:38	12.91	0.01	100	129100	买盘
13:17:33	12.9	-0.01	64	82560	卖盘
13:17:29	12.91	--	16	20656	买盘
13:17:03	12.91	--	105	135851	卖盘
13:16:33	12.91	--	5	6455	卖盘
13:16:03	12.91	--	19	25523	卖盘
13:15:58	12.91	-0.01	2	2582	卖盘
13:15:53	12.92	0.01	10	12920	买盘
13:15:48	12.91	--	1	1291	卖盘
13:15:44	12.91	--	12	15492	卖盘
13:15:33	12.91	--	2	2582	卖盘
13:13:53	12.91	--	17	21947	卖盘
13:13:02	12.91	--	0	0	卖盘
13:12:53	12.91	--	16	20656	卖盘
13:12:02	12.91	--	3	3873	卖盘
13:11:43	12.91	--	10	12910	卖盘
13:11:32	12.91	--	123	158793	卖盘
13:10:32	12.91	-0.01	20	25820	卖盘
13:10:23	12.92	0.01	6	7752	买盘
13:09:42	12.91	--	2	2582	买盘
13:09:27	12.91	--	5	6455	卖盘
13:09:17	12.91	--	16	20656	买盘
13:09:12	12.91	--	29	37439	买盘
13:09:02	12.91	--	16	20656	买盘
13:08:27	12.91	--	16	20656	买盘
13:08:17	12.91	--	21	27111	卖盘
13:07:52	12.91	0.01	19	24529	买盘
13:07:42	12.9	--	46	59340	卖盘
13:07:32	12.9	-0.01	1	1290	卖盘
13:07:17	12.91	0.01	16	20656	买盘
13:07:12	12.9	--	10	12900	卖盘
13:06:26	12.9	--	19	24510	卖盘
13:05:41	12.9	--	16	20640	卖盘
13:05:11	12.9	-0.01	7	9030	卖盘
13:04:32	12.91	--	4	5164	卖盘
13:04:21	12.91	0.01	6	7746	卖盘
13:04:16	12.9	--	0	0	卖盘
13:03:41	12.9	--	6	7740	卖盘
13:02:36	12.9	0.01	2	2580	买盘
13:02:06	12.89	--	0	0	卖盘
13:01:46	12.89	--	15	19335	卖盘
13:00:16	12.89	--	24	30936	卖盘
13:00:11	12.89	-0.01	352	453728	卖盘
13:00:06	12.9	0.01	52	67080	中性盘
11:30:00	12.89	--	0	0	卖盘
11:30:00	12.89	--	0	0	卖盘
11:29:37	12.89	--	12	15468	卖盘
11:29:31	12.89	-0.03	43	55465	卖盘
11:29:12	12.92	0.03	14	18088	买盘
11:29:01	12.89	--	18	23202	卖盘
11:28:57	12.89	-0.01	100	128900	卖盘
11:28:46	12.9	0.01	11	14190	买盘
11:28:27	12.89	--	5	6445	卖盘
11:28:07	12.89	--	4	5156	卖盘
11:27:57	12.89	--	200	257800	卖盘
11:27:31	12.89	--	26	33514	卖盘
11:27:27	12.89	-0.01	21	27069	卖盘
11:27:16	12.9	--	28	36120	卖盘
11:26:01	12.9	0.01	2	2580	买盘
11:25:55	12.89	--	10	12890	卖盘
11:25:37	12.89	--	65	84158	买盘
11:25:31	12.89	--	5	6445	买盘
11:25:07	12.89	--	10	12890	买盘
11:24:16	12.89	--	40	51560	买盘
11:24:10	12.89	--	15	19335	买盘
11:23:55	12.89	--	203	261667	买盘
11:23:25	12.89	0.03	12	15468	买盘
11:23:06	12.86	--	0	0	卖盘
11:22:55	12.86	--	20	25720	卖盘
11:22:46	12.86	-0.03	440	567074	卖盘
11:22:40	12.89	--	0	0	买盘
11:22:31	12.89	0.01	12	15468	买盘
11:22:25	12.88	--	12	15456	买盘
11:22:16	12.88	0.02	30	38640	卖盘
11:22:10	12.86	--	0	0	卖盘
11:22:06	12.86	--	25	32150	卖盘
11:21:55	12.86	--	300	385800	卖盘
11:21:51	12.86	-0.01	5	6430	卖盘
11:21:16	12.87	--	898	1155726	卖盘
11:21:10	12.87	--	0	0	卖盘
11:21:06	12.87	-0.01	1022	1315314	卖盘
11:20:51	12.88	--	16	20608	卖盘
11:20:46	12.88	--	5	6440	卖盘
11:20:40	12.88	--	6	7728	卖盘
11:20:25	12.88	--	79	101752	卖盘
11:20:21	12.88	--	30	38640	卖盘
11:20:16	12.88	--	8	10304	卖盘
11:20:10	12.88	-0.01	50	64400	卖盘
11:19:15	12.89	--	505	651860	卖盘
11:18:45	12.89	--	10	12890	卖盘
11:18:34	12.89	--	5	6445	卖盘
11:18:04	12.89	--	0	567	卖盘
11:17:34	12.89	--	4	5156	卖盘
11:17:30	12.89	--	0	1095	卖盘
11:17:25	12.89	--	0	0	卖盘
11:17:15	12.89	--	8	10312	卖盘
11:17:04	12.89	--	10	12890	卖盘
11:17:00	12.89	-0.01	9	11601	卖盘
11:16:34	12.9	--	6	7740	卖盘
11:16:30	12.9	0.02	20	25800	卖盘
11:16:25	12.88	--	16	20608	卖盘
11:16:04	12.88	-0.07	10	12880	卖盘
11:16:00	12.95	0.07	61	78995	买盘
11:15:49	12.88	-0.03	259	333592	卖盘
11:15:30	12.91	--	11	14201	卖盘
11:14:45	12.91	0.01	29	37439	买盘
11:14:19	12.9	--	7	9030	买盘
11:14:04	12.9	0.01	3	3870	买盘
11:13:04	12.89	--	5	6445	卖盘
11:13:00	12.89	--	0	0	卖盘
11:12:39	12.89	--	5	6445	买盘
11:12:34	12.89	-0.02	5	6445	买盘
11:12:28	12.91	--	0	0	买盘
11:12:19	12.91	--	0	0	买盘
11:12:09	12.91	0.03	7	9037	买盘
11:12:04	12.88	-0.01	95	122360	卖盘
11:11:49	12.89	--	3	3867	卖盘
11:11:24	12.89	-0.01	49	63161	卖盘
11:11:09	12.9	-0.01	99	127710	卖盘
11:10:54	12.91	--	6	7746	卖盘
11:10:34	12.91	--	4	5164	卖盘
11:10:28	12.91	--	1	1291	卖盘
11:10:04	12.91	--	20	25820	卖盘
11:09:49	12.91	--	27	34857	卖盘
11:09:43	12.91	--	1	1291	卖盘
11:08:39	12.91	--	20	25820	卖盘
11:08:24	12.91	--	3	3873	卖盘
11:06:43	12.91	--	20	25820	卖盘
11:06:38	12.91	--	134	172994	卖盘
11:06:34	12.91	--	1	1291	卖盘
11:06:28	12.91	--	0	0	卖盘
11:06:22	12.91	--	10	12910	卖盘
11:06:07	12.91	-0.01	2	2582	卖盘
11:05:43	12.92	-0.01	66	85272	卖盘
11:05:37	12.93	-0.01	12	15516	卖盘
11:05:22	12.94	-0.01	3	3882	卖盘
11:04:43	12.95	--	0	0	买盘
11:04:28	12.95	0.04	24	31080	买盘
11:02:43	12.91	--	0	0	卖盘
11:02:07	12.91	--	0	0	卖盘
11:01:33	12.91	--	6	7746	卖盘
11:01:28	12.91	--	13	16783	卖盘
11:00:58	12.91	-0.05	5	6455	卖盘
11:00:52	12.96	--	20	25920	买盘
11:00:33	12.96	--	0	0	中性盘
11:00:13	12.96	0.05	30	38880	买盘
10:59:31	12.91	--	0	0	卖盘
10:58:57	12.91	--	0	0	卖盘
10:58:52	12.91	--	0	0	卖盘
10:58:31	12.91	-0.06	5	6455	卖盘
10:58:12	12.97	--	4	5188	买盘
10:58:07	12.97	0.01	48	62256	买盘
10:58:01	12.96	0.05	15	19440	买盘
10:57:57	12.91	-0.01	5	6455	卖盘
10:56:42	12.92	--	10	12920	买盘
10:56:16	12.92	--	9	11628	买盘
10:56:01	12.92	--	28	36176	买盘
10:55:57	12.92	--	5	6460	买盘
10:55:52	12.92	--	20	25840	买盘
10:55:46	12.92	--	20	25840	买盘
10:55:31	12.92	--	6	7752	卖盘
10:54:52	12.92	-0.04	10	12920	卖盘
10:54:27	12.96	--	26	33696	买盘
10:54:16	12.96	0.04	30	38880	买盘
10:54:01	12.92	0.03	1	1292	买盘
10:53:57	12.89	--	0	0	卖盘
10:53:52	12.89	-0.08	14	18046	卖盘
10:53:46	12.97	--	0	0	买盘
10:53:31	12.97	--	0	0	买盘
10:53:25	12.97	0.08	30	38910	买盘
10:53:16	12.89	-0.06	56	72184	买盘
10:53:10	12.95	-0.02	231	299145	卖盘
10:53:06	12.97	0.02	15	19455	买盘
10:52:40	12.95	0.02	422	546490	买盘
10:52:25	12.93	--	0	0	中性盘
10:52:16	12.93	--	10	12930	买盘
10:52:10	12.93	0.01	19	24567	买盘
10:51:46	12.92	0.04	24	31008	买盘
10:51:21	12.88	--	0	0	卖盘
10:51:16	12.88	--	0	0	卖盘
10:50:51	12.88	-0.06	500	644000	卖盘
10:50:40	12.94	0.01	24	31056	买盘
10:50:16	12.93	0.01	29	37497	买盘
10:50:10	12.92	--	5	6460	卖盘
10:49:46	12.92	--	15	19380	卖盘
10:49:16	12.92	0.02	10	12920	买盘
10:48:55	12.9	-0.03	12	15480	卖盘
10:48:46	12.93	--	0	0	买盘
10:48:10	12.93	0.03	5	6465	买盘
10:48:06	12.9	--	5	6450	卖盘
10:47:40	12.9	--	3	3870	买盘
10:46:55	12.9	--	12	15480	买盘
10:46:15	12.9	--	2	2580	买盘
10:45:49	12.9	--	20	25800	买盘
10:45:25	12.9	--	4	5160	买盘
10:44:25	12.9	--	0	0	买盘
10:43:55	12.9	0.02	4	5160	买盘
10:43:00	12.88	-0.02	5	6440	卖盘
10:42:49	12.9	--	10	12900	买盘
10:42:34	12.9	--	14	18060	买盘
10:41:55	12.9	--	40	51600	买盘
10:39:49	12.9	0.02	10	12900	买盘
10:39:43	12.88	--	107	137816	卖盘
10:39:34	12.88	--	30	38640	卖盘
10:39:24	12.88	--	0	0	卖盘
10:37:43	12.88	--	6	7728	卖盘
10:37:34	12.88	-0.06	75	96600	卖盘
10:36:54	12.94	--	0	0	买盘
10:36:04	12.94	--	0	0	买盘
10:35:43	12.94	--	0	0	买盘
10:35:28	12.94	--	55	71170	买盘
10:35:04	12.94	--	0	0	买盘
10:34:49	12.94	0.07	50	64700	买盘
10:34:28	12.87	-0.01	500	643500	卖盘
10:34:23	12.88	--	341	439208	买盘
10:33:58	12.88	0.01	5	6440	卖盘
10:33:13	12.87	--	0	0	卖盘
10:33:03	12.87	0.01	5	6435	卖盘
10:32:52	12.86	--	0	0	卖盘
10:32:33	12.86	--	0	0	卖盘
10:32:22	12.86	-0.05	301	387086	卖盘
10:32:13	12.91	0.03	371	478961	买盘
10:32:07	12.88	--	17	21896	卖盘
10:31:52	12.88	-0.02	1	1288	卖盘
10:31:33	12.9	--	33	42570	买盘
10:30:43	12.9	--	43	55470	买盘
10:30:22	12.9	0.02	5	6450	买盘
10:29:33	12.88	--	8	10304	买盘
10:29:22	12.88	0.01	1	1288	买盘
10:28:33	12.87	-0.01	10	12870	卖盘
10:28:18	12.88	--	7	9016	买盘
10:28:07	12.88	--	1	1288	买盘
10:28:03	12.88	--	120	154560	卖盘
10:27:58	12.88	-0.01	25	32200	卖盘
10:27:46	12.89	--	6	7734	买盘
10:27:31	12.89	-0.01	14	18046	卖盘
10:27:13	12.9	0.01	10	12900	买盘
10:26:37	12.89	-0.01	10	12890	卖盘
10:26:27	12.9	0.01	8	10320	买盘
10:26:07	12.89	--	5	6445	买盘
10:25:52	12.89	--	2	2578	买盘
10:25:37	12.89	0.01	19	24491	买盘
10:25:31	12.88	--	0	0	中性盘
10:25:27	12.88	-0.01	11	14168	卖盘
10:25:22	12.89	0.01	10	12890	买盘
10:25:01	12.88	--	28	36064	买盘
10:24:37	12.88	--	22	28336	买盘
10:24:22	12.88	--	2	2576	买盘
10:24:12	12.88	--	4	5152	买盘
10:24:01	12.88	--	23	29624	卖盘
10:23:42	12.88	--	12	15456	买盘
10:23:27	12.88	--	6	7728	买盘
10:23:22	12.88	--	10	12880	买盘
10:23:16	12.88	--	1	1288	买盘
10:22:57	12.88	0.02	61	78568	买盘
10:22:31	12.86	--	43	55298	买盘
10:22:27	12.86	--	114	146604	买盘
10:22:16	12.86	0.01	28	36008	买盘
10:21:42	12.85	-0.01	4	5140	卖盘
10:21:31	12.86	-0.02	75	96450	卖盘
10:21:25	12.88	0.01	33	42504	买盘
10:21:10	12.87	-0.01	43	55341	卖盘
10:20:56	12.88	--	40	51520	买盘
10:20:51	12.88	--	12	15456	买盘
10:20:36	12.88	--	2	2576	买盘
10:20:25	12.88	--	33	42504	卖盘
10:20:16	12.88	--	4	5152	卖盘
10:19:55	12.88	-0.01	7	9016	卖盘
10:19:46	12.89	--	13	16757	买盘
10:19:21	12.89	-0.01	25	32225	卖盘
10:18:51	12.9	--	5	6450	卖盘
10:18:40	12.9	-0.01	20	25800	卖盘
10:18:31	12.91	0.01	10	12910	买盘
10:18:21	12.9	--	21	27090	卖盘
10:18:10	12.9	-0.01	25	32250	卖盘
10:18:01	12.91	--	10	12910	买盘
10:17:46	12.91	0.01	50	64550	买盘
10:17:06	12.9	0.01	72	92880	买盘
10:16:46	12.89	--	2	2578	买盘
10:16:10	12.89	0.01	5	6445	买盘
10:16:06	12.88	--	27	34776	卖盘
10:15:25	12.88	--	20	25760	卖盘
10:15:10	12.88	--	3	3864	卖盘
10:14:50	12.88	--	0	0	卖盘
10:14:34	12.88	--	2	2576	卖盘
10:14:19	12.88	--	0	0	卖盘
10:14:15	12.88	-0.01	100	128800	卖盘
10:14:10	12.89	0.01	1	1289	卖盘
10:14:00	12.88	--	0	0	卖盘
10:13:45	12.88	-0.01	69	88872	卖盘
10:13:30	12.89	--	40	51560	卖盘
10:12:55	12.89	--	15	19335	卖盘
10:12:49	12.89	-0.01	10	12890	卖盘
10:12:40	12.9	0.01	5	6450	买盘
10:12:34	12.89	-0.01	10	12890	卖盘
10:12:15	12.9	0.01	20	25800	买盘
10:12:04	12.89	-0.01	2	2578	卖盘
10:12:00	12.9	--	10	12900	买盘
10:11:19	12.9	--	38	49020	买盘
10:11:15	12.9	0.01	5	6450	买盘
10:10:55	12.89	-0.01	6	7734	卖盘
10:10:49	12.9	0.01	20	25800	买盘
10:10:34	12.89	-0.01	80	103120	卖盘
10:10:19	12.9	--	0	0	中性盘
10:10:15	12.9	0.01	10	12900	买盘
10:09:55	12.89	--	0	0	卖盘
10:09:49	12.89	--	103	132767	买盘
10:09:30	12.89	--	20	25780	卖盘
10:09:19	12.89	--	13	16757	卖盘
10:09:00	12.89	-0.03	8	10312	中性盘
10:08:54	12.92	0.02	81	104652	买盘
10:08:49	12.9	--	12	15480	买盘
10:08:43	12.9	0.02	20	25800	买盘
10:08:34	12.88	-0.02	6	7728	卖盘
10:08:29	12.9	0.02	15	19350	买盘
10:08:24	12.88	--	4	5152	卖盘
10:08:09	12.88	-0.03	12	15456	卖盘
10:08:04	12.91	--	0	0	中性盘
10:07:54	12.91	--	0	0	中性盘
10:07:39	12.91	0.03	12	15492	买盘
10:07:34	12.88	--	12	15456	买盘
10:07:24	12.88	0.01	8	10304	买盘
10:07:19	12.87	--	10	12870	卖盘
10:07:04	12.87	-0.01	10	12870	卖盘
10:06:58	12.88	-0.02	36	46368	卖盘
10:06:54	12.9	0.01	16	20640	买盘
10:06:49	12.89	0.01	53	68317	卖盘
10:06:43	12.88	--	0	0	卖盘
10:06:39	12.88	--	5	6440	卖盘
10:06:28	12.88	--	0	0	卖盘
10:06:24	12.88	-0.03	203	261464	卖盘
10:06:09	12.91	--	6	7746	卖盘
10:05:58	12.91	--	39	50349	买盘
10:05:49	12.91	--	2	2582	卖盘
10:05:43	12.91	--	13	16783	卖盘
10:05:34	12.91	--	24	30984	卖盘
10:05:28	12.91	--	224	289184	卖盘
10:05:24	12.91	--	10	12910	卖盘
10:05:19	12.91	--	28	36148	卖盘
10:05:04	12.91	--	50	64550	卖盘
10:04:49	12.91	--	21	27111	卖盘
10:04:43	12.91	--	33	42603	卖盘
10:04:34	12.91	--	13	16783	卖盘
10:04:19	12.91	--	10	12910	卖盘
10:04:09	12.91	-0.01	5	6455	卖盘
10:03:58	12.92	--	110	142120	买盘
10:03:54	12.92	0.01	20	25840	买盘
10:03:49	12.91	-0.01	3	3873	卖盘
10:03:34	12.92	--	30	38760	买盘
10:03:13	12.92	0.01	8	10336	买盘
10:03:09	12.91	-0.01	1	1291	卖盘
10:03:03	12.92	-0.01	381	492949	卖盘
10:02:39	12.93	--	66	85932	买盘
10:01:52	12.93	0.01	29	37497	买盘
10:01:48	12.92	-0.01	101	130492	卖盘
10:01:37	12.93	-0.01	236	305846	卖盘
10:01:28	12.94	0.01	5	6470	买盘
10:01:22	12.93	-0.01	12	15516	卖盘
10:01:13	12.94	--	12	15528	买盘
10:01:07	12.94	0.01	29	37526	买盘
10:01:03	12.93	-0.01	60	77580	卖盘
10:00:52	12.94	--	81	104814	卖盘
10:00:28	12.94	--	5	6470	卖盘
10:00:22	12.94	-0.01	30	38820	卖盘
09:58:58	12.95	--	60	77700	卖盘
09:57:52	12.95	-0.01	1	1295	卖盘
09:57:37	12.96	--	10	12960	买盘
09:56:48	12.96	0.02	20	25920	买盘
09:56:33	12.94	-0.02	20	25880	卖盘
09:56:03	12.96	--	29	37584	买盘
09:55:46	12.96	0.03	30	38880	买盘
09:55:27	12.93	-0.02	10	12930	卖盘
09:55:22	12.95	--	18	23905	买盘
09:55:01	12.95	--	5	6475	买盘
09:54:57	12.95	0.02	7	9065	买盘
09:54:22	12.93	-0.02	1	1293	卖盘
09:54:12	12.95	--	0	0	买盘
09:54:07	12.95	0.02	131	169645	买盘
09:53:46	12.93	--	1	1293	买盘
09:53:31	12.93	--	281	363333	卖盘
09:53:22	12.93	--	50	64650	卖盘
09:52:46	12.93	-0.02	20	25860	卖盘
09:52:16	12.95	--	34	44030	卖盘
09:51:42	12.95	--	24	31080	卖盘
09:51:07	12.95	--	0	0	卖盘
09:50:57	12.95	-0.02	101	130795	卖盘
09:50:42	12.97	--	20	25940	卖盘
09:50:01	12.97	0.01	10	12970	卖盘
09:49:56	12.96	--	0	0	卖盘
09:49:51	12.96	--	0	0	卖盘
09:49:46	12.96	-0.02	44	57024	卖盘
09:49:40	12.98	0.02	15	19470	买盘
09:49:16	12.96	-0.04	3	3888	卖盘
09:49:06	13.0	--	0	0	买盘
09:48:36	13.0	--	0	0	买盘
09:48:16	13.0	0.04	50	65000	买盘
09:48:10	12.96	--	1	1296	卖盘
09:48:06	12.96	-0.03	20	25920	卖盘
09:47:55	12.99	--	20	25980	卖盘
09:47:40	12.99	--	3	3897	卖盘
09:47:31	12.99	--	29	37671	买盘
09:47:21	12.99	--	0	0	买盘
09:47:06	12.99	--	0	0	买盘
09:47:01	12.99	--	61	79239	买盘
09:46:51	12.99	0.03	61	79239	买盘
09:46:40	12.96	-0.02	9	11664	卖盘
09:46:31	12.98	--	0	0	买盘
09:46:25	12.98	--	13	16874	买盘
09:46:16	12.98	0.01	3	3894	买盘
09:46:01	12.97	--	0	0	卖盘
09:45:55	12.97	0.01	9	11673	买盘
09:45:40	12.96	-0.01	1	1296	卖盘
09:45:36	12.97	0.02	9	11673	买盘
09:45:06	12.95	-0.02	38	49210	卖盘
09:44:55	12.97	--	0	0	买盘
09:44:51	12.97	--	0	0	买盘
09:44:36	12.97	-0.01	26	33722	买盘
09:44:25	12.98	--	0	0	买盘
09:44:21	12.98	0.01	272	353056	买盘
09:43:50	12.97	-0.01	4	5188	卖盘
09:43:40	12.98	0.01	23	29854	买盘
09:43:35	12.97	0.01	10	12970	买盘
09:43:19	12.96	-0.01	2	2592	卖盘
09:42:55	12.97	0.02	10	12970	买盘
09:42:49	12.95	--	0	0	卖盘
09:42:40	12.95	--	0	0	卖盘
09:42:19	12.95	--	4	5180	卖盘
09:41:34	12.95	-0.01	13	16835	卖盘
09:41:25	12.96	0.02	58	75168	买盘
09:41:15	12.94	--	0	0	卖盘
09:40:49	12.94	--	10	12940	卖盘
09:40:25	12.94	--	20	25880	卖盘
09:39:49	12.94	--	15	19410	卖盘
09:39:04	12.94	-0.01	50	64700	卖盘
09:39:00	12.95	--	5	6475	卖盘
09:38:45	12.95	--	59	76405	卖盘
09:38:40	12.95	-0.01	12	15540	卖盘
09:38:34	12.96	-0.01	151	195696	卖盘
09:38:30	12.97	--	20	25940	卖盘
09:38:24	12.97	-0.01	6	7782	卖盘
09:37:54	12.98	0.01	30	38940	买盘
09:37:45	12.97	--	105	136185	卖盘
09:37:34	12.97	-0.01	1	1297	卖盘
09:37:04	12.98	--	1	1921	卖盘
09:36:59	12.98	--	8	10384	卖盘
09:36:49	12.98	-0.01	100	129800	卖盘
09:36:43	12.99	0.01	40	51960	买盘
09:36:04	12.98	--	0	674	买盘
09:35:54	12.98	--	0	0	买盘
09:35:39	12.98	--	6	7788	买盘
09:35:09	12.98	0.03	10	12980	买盘
09:34:58	12.95	0.01	17	22015	买盘
09:34:54	12.94	-0.01	28	36232	卖盘
09:34:34	12.95	--	10	12950	买盘
09:34:28	12.95	--	20	26521	卖盘
09:34:09	12.95	--	0	0	卖盘
09:33:54	12.95	--	20	26573	卖盘
09:33:49	12.95	-0.04	5	6475	卖盘
09:33:34	12.99	0.05	190	246810	买盘
09:33:28	12.94	-0.03	3	3882	卖盘
09:33:09	12.97	--	0	0	买盘
09:33:04	12.97	-0.01	89	115433	卖盘
09:32:58	12.98	--	0	0	中性盘
09:32:54	12.98	--	69	89562	卖盘
09:32:43	12.98	--	0	0	卖盘
09:32:39	12.98	-0.02	26	33748	卖盘
09:32:13	13.0	--	10	13000	买盘
09:32:09	13.0	--	10	13000	买盘
09:31:58	13.0	--	7	9100	买盘
09:31:43	13.0	--	10	13000	买盘
09:31:38	13.0	0.02	100	130000	买盘
09:31:23	12.98	0.01	20	25960	买盘
09:31:08	12.97	0.01	111	143967	买盘
09:30:58	12.96	0.01	12	15552	买盘
09:30:53	12.95	--	0	0	中性盘
09:30:43	12.95	--	22	28490	买盘
09:30:37	12.95	0.03	3	3885	中性盘
09:30:33	12.92	--	0	0	卖盘
09:30:22	12.92	--	3	3876	卖盘
09:30:07	12.92	0.01	3	3876	中性盘
09:30:03	12.91	--	0	0	卖盘
09:28:47	12.91	--	0	0	卖盘
09:25:06	12.91	12.91	84	108444	买盘
