成交时间	成交价	价格变动	成交量(手)	成交额(元)	性质
15:00:00	22.74	--	0	0	卖盘
15:00:00	22.74	-0.01	0	0	卖盘
14:59:59	22.75	--	8	18200	卖盘
14:59:53	22.75	--	37	84175	买盘
14:59:49	22.75	0.01	14	31850	买盘
14:59:44	22.74	--	12	27287	卖盘
14:59:38	22.74	--	36	81864	卖盘
14:59:34	22.74	--	17	38658	卖盘
14:59:29	22.74	--	3	6821	卖盘
14:59:23	22.74	--	94	213755	买盘
14:59:19	22.74	--	33	75042	买盘
14:59:14	22.74	--	8	18192	买盘
14:59:08	22.74	--	10	22740	买盘
14:59:04	22.74	0.01	17	38658	买盘
14:58:59	22.73	--	27	61371	卖盘
14:58:53	22.73	--	5	11365	卖盘
14:58:49	22.73	--	43	97739	卖盘
14:58:44	22.73	--	76	172748	买盘
14:58:38	22.73	--	33	75009	卖盘
14:58:34	22.73	-0.01	29	65917	卖盘
14:58:29	22.74	0.01	5	11370	买盘
14:58:14	22.73	0.01	1	2273	买盘
14:58:08	22.72	-0.01	17	38624	卖盘
14:58:04	22.73	0.01	5	11365	买盘
14:57:59	22.72	--	2	4544	卖盘
14:57:53	22.72	--	32	72704	买盘
14:57:44	22.72	--	2	4544	买盘
14:57:38	22.72	--	186	422592	卖盘
14:57:34	22.72	-0.01	20	45440	卖盘
14:57:29	22.73	--	46	104558	买盘
14:57:23	22.73	-0.01	2	4546	买盘
14:57:19	22.74	0.01	21	47754	买盘
14:57:14	22.73	0.01	52	118196	卖盘
14:57:08	22.72	--	12	27264	卖盘
14:56:53	22.72	-0.01	12	27264	卖盘
14:56:49	22.73	--	22	50006	买盘
14:56:44	22.73	0.01	33	75009	买盘
14:56:38	22.72	-0.01	96	218112	卖盘
14:56:29	22.73	--	103	234119	卖盘
14:56:23	22.73	-0.01	6	13638	卖盘
14:56:14	22.74	0.01	6	13643	买盘
14:56:08	22.73	0.01	39	88647	买盘
14:55:59	22.72	-0.01	20	45440	卖盘
14:55:53	22.73	0.01	71	161383	买盘
14:55:44	22.72	--	32	72704	卖盘
14:55:38	22.72	-0.02	56	127232	卖盘
14:55:34	22.74	--	12	27287	买盘
14:55:29	22.74	--	104	236495	买盘
14:55:23	22.74	--	4	9096	卖盘
14:55:19	22.74	0.01	44	100056	买盘
14:55:14	22.73	--	22	50006	卖盘
14:55:08	22.73	--	9	20457	卖盘
14:55:04	22.73	--	28	63644	卖盘
14:54:59	22.73	-0.01	5	11365	卖盘
14:54:53	22.74	--	12	27287	买盘
14:54:49	22.74	--	15	34110	买盘
14:54:44	22.74	--	1	2274	买盘
14:54:34	22.74	-0.01	36	81864	卖盘
14:54:29	22.75	0.02	24	54600	中性盘
14:54:23	22.73	-0.01	192	436416	卖盘
14:54:19	22.74	-0.01	30	68220	卖盘
14:54:14	22.75	--	1	2275	买盘
14:54:08	22.75	--	64	145600	买盘
14:54:04	22.75	--	45	102375	买盘
14:53:53	22.75	--	67	152425	买盘
14:53:49	22.75	0.01	145	329875	买盘
14:53:38	22.74	0.01	14	31835	买盘
14:53:34	22.73	--	62	140926	卖盘
14:53:29	22.73	--	23	52279	卖盘
14:53:18	22.73	-0.01	5	11365	卖盘
14:53:13	22.74	--	6	13643	买盘
14:53:08	22.74	--	63	143262	卖盘
14:53:03	22.74	-0.01	52	118247	卖盘
14:52:58	22.75	0.01	11	25025	买盘
14:52:53	22.74	-0.01	114	259235	卖盘
14:52:47	22.75	--	24	54600	买盘
14:52:43	22.75	--	5	11375	买盘
14:52:32	22.75	--	34	77350	买盘
14:52:28	22.75	--	159	361725	卖盘
14:52:13	22.75	--	5	11375	卖盘
14:52:08	22.75	--	67	152425	买盘
14:52:02	22.75	0.01	8	18200	买盘
14:51:58	22.74	-0.01	20	45480	卖盘
14:51:53	22.75	-0.01	62	141050	卖盘
14:51:47	22.76	0.01	5	11380	买盘
14:51:43	22.75	-0.01	3	6825	卖盘
14:51:38	22.76	--	119	270844	买盘
14:51:28	22.76	--	10	22760	买盘
14:51:23	22.76	-0.02	86	195736	卖盘
14:51:17	22.78	--	45	102510	买盘
14:51:08	22.78	0.01	19	43282	买盘
14:51:02	22.77	0.01	37	84249	买盘
14:50:58	22.76	-0.01	15	34140	卖盘
14:50:53	22.77	--	34	77418	买盘
14:50:47	22.77	0.01	4	9108	买盘
14:50:38	22.76	--	54	122904	卖盘
14:50:32	22.76	-0.02	17	38692	卖盘
14:50:28	22.78	0.01	16	36448	买盘
14:50:17	22.77	--	2	4554	买盘
14:50:08	22.77	-0.01	3	6831	中性盘
14:50:02	22.78	--	76	173128	卖盘
14:49:58	22.78	-0.01	1	2278	卖盘
14:49:47	22.79	0.01	2	4558	买盘
14:49:43	22.78	-0.01	100	227800	卖盘
14:49:38	22.79	-0.01	58	132182	卖盘
14:49:28	22.8	--	50	114000	卖盘
14:49:13	22.8	--	1	2280	卖盘
14:49:02	22.8	--	48	109440	卖盘
14:48:47	22.8	-0.01	3	6840	卖盘
14:48:38	22.81	0.01	1	2281	买盘
14:48:32	22.8	--	5	11400	卖盘
14:48:28	22.8	--	2	4560	卖盘
14:48:23	22.8	--	0	0	卖盘
14:48:13	22.8	--	95	216600	买盘
14:48:08	22.8	-0.01	4	9120	卖盘
14:48:02	22.81	--	5	11405	卖盘
14:47:58	22.81	0.02	4	9124	买盘
14:47:53	22.79	--	0	0	卖盘
14:47:47	22.79	-0.04	7	15953	卖盘
14:47:38	22.83	--	0	0	买盘
14:47:32	22.83	0.04	10	22830	买盘
14:47:28	22.79	-0.01	12	27348	卖盘
14:47:17	22.8	-0.03	2	4560	卖盘
14:47:07	22.83	-0.01	20	45660	买盘
14:47:02	22.84	0.04	36	82224	买盘
14:46:47	22.8	-0.04	200	456000	卖盘
14:46:26	22.84	--	10	22840	买盘
14:45:56	22.84	--	4	9136	卖盘
14:45:47	22.84	--	6	13704	买盘
14:45:41	22.84	--	10	22840	买盘
14:45:37	22.84	0.01	3	6852	买盘
14:45:32	22.83	-0.01	1	2283	买盘
14:45:26	22.84	--	0	0	买盘
14:45:17	22.84	0.01	50	114200	买盘
14:45:11	22.83	-0.01	5	11415	卖盘
14:44:56	22.84	-0.02	31	70804	卖盘
14:44:32	22.86	--	10	22860	买盘
14:44:26	22.86	--	0	1920	卖盘
14:44:22	22.86	--	9	20939	买盘
14:44:17	22.86	--	3	6858	买盘
14:44:11	22.86	--	15	36210	卖盘
14:43:56	22.86	--	4	9509	买盘
14:43:47	22.86	--	13	31638	卖盘
14:43:41	22.86	0.04	36	82661	买盘
14:43:32	22.82	-0.04	4	9128	卖盘
14:43:26	22.86	0.05	4	9144	买盘
14:43:07	22.81	--	15	34215	卖盘
14:42:47	22.81	--	116	264596	买盘
14:42:41	22.81	0.01	1	2281	买盘
14:42:37	22.8	--	14	31920	卖盘
14:42:32	22.8	--	1	2280	卖盘
14:42:26	22.8	0.02	28	63840	买盘
14:42:22	22.78	-0.01	110	250580	卖盘
14:42:11	22.79	--	4	9116	卖盘
14:41:56	22.79	0.01	12	27348	买盘
14:41:52	22.78	0.02	9	20502	买盘
14:41:47	22.76	-0.02	19	43244	卖盘
14:41:41	22.78	0.02	7	15946	买盘
14:41:26	22.76	--	132	300432	卖盘
14:41:22	22.76	--	28	63728	买盘
14:41:17	22.76	--	1	2276	买盘
14:41:11	22.76	0.01	6	13656	中性盘
14:41:07	22.75	-0.01	43	97825	卖盘
14:40:56	22.76	--	23	52348	买盘
14:40:52	22.76	--	42	95592	卖盘
14:40:37	22.76	--	28	63728	卖盘
14:40:32	22.76	0.01	3	6828	买盘
14:40:26	22.75	-0.01	50	113750	卖盘
14:40:21	22.76	0.01	4	9104	买盘
14:40:16	22.75	-0.01	13	29575	卖盘
14:40:11	22.76	--	10	22760	买盘
14:40:06	22.76	--	0	0	中性盘
14:40:01	22.76	0.01	40	91040	卖盘
14:39:50	22.75	-0.01	22	50050	卖盘
14:39:41	22.76	--	2	4552	买盘
14:39:35	22.76	-0.03	39	88764	卖盘
14:39:20	22.79	0.02	124	282596	买盘
14:39:16	22.77	-0.01	80	182160	卖盘
14:39:11	22.78	-0.01	60	136680	卖盘
14:39:05	22.79	-0.01	11	25069	卖盘
14:39:01	22.8	--	14	31920	买盘
14:38:56	22.8	0.01	24	54720	买盘
14:38:50	22.79	-0.01	24	54696	卖盘
14:38:46	22.8	--	6	13680	买盘
14:38:41	22.8	--	10	22800	买盘
14:38:35	22.8	--	39	88920	买盘
14:38:31	22.8	--	2	4560	买盘
14:38:26	22.8	--	64	145920	买盘
14:38:20	22.8	--	10	22800	买盘
14:38:11	22.8	--	1	2280	买盘
14:38:05	22.8	-0.01	58	134155	卖盘
14:38:01	22.81	0.01	5	11405	买盘
14:37:50	22.8	-0.01	3	6840	卖盘
14:37:35	22.81	-0.01	28	63868	卖盘
14:37:26	22.82	0.01	5	11410	买盘
14:37:16	22.81	--	15	34215	卖盘
14:37:05	22.81	--	5	11405	买盘
14:37:01	22.81	--	2	4562	买盘
14:36:56	22.81	0.01	54	123174	买盘
14:36:46	22.8	--	1	2280	卖盘
14:36:41	22.8	0.01	7	16324	买盘
14:36:35	22.79	-0.01	30	68370	卖盘
14:36:31	22.8	--	16	36480	买盘
14:36:16	22.8	0.01	4	9120	买盘
14:36:11	22.79	--	84	191436	买盘
14:36:05	22.79	--	34	77486	买盘
14:35:56	22.79	0.01	1	2279	买盘
14:35:50	22.78	--	15	34170	买盘
14:35:46	22.78	-0.01	31	70618	卖盘
14:35:41	22.79	--	23	52417	买盘
14:35:35	22.79	0.01	3	6837	买盘
14:35:31	22.78	-0.01	30	68340	卖盘
14:35:20	22.79	0.01	10	22790	卖盘
14:35:16	22.78	--	0	0	卖盘
14:35:11	22.78	-0.01	3	6834	卖盘
14:35:05	22.79	--	35	79765	买盘
14:35:01	22.79	--	10	22790	买盘
14:34:56	22.79	--	3	6837	买盘
14:34:50	22.79	-0.01	1	2279	买盘
14:34:46	22.8	--	0	0	买盘
14:34:41	22.8	--	0	0	买盘
14:34:35	22.8	--	6	13680	买盘
14:34:30	22.8	0.03	43	98040	买盘
14:34:25	22.77	-0.03	100	227700	卖盘
14:34:20	22.8	--	10	22800	买盘
14:34:16	22.8	--	2	4560	卖盘
14:34:05	22.8	--	1	2280	卖盘
14:34:01	22.8	-0.01	93	212040	卖盘
14:33:50	22.81	--	9	20529	卖盘
14:33:46	22.81	--	1	2281	卖盘
14:33:41	22.81	0.01	13	29653	买盘
14:33:35	22.8	--	308	702240	买盘
14:33:25	22.8	-0.01	15	34200	卖盘
14:33:20	22.81	0.02	5	11405	买盘
14:33:14	22.79	--	30	68370	卖盘
14:33:05	22.79	--	0	0	卖盘
14:32:59	22.79	-0.02	4	9116	卖盘
14:32:40	22.81	--	61	139141	买盘
14:32:35	22.81	0.01	20	45620	买盘
14:32:29	22.8	--	125	285000	卖盘
14:32:25	22.8	-0.01	2	4560	卖盘
14:32:20	22.81	--	20	45620	买盘
14:32:14	22.81	-0.01	4	9124	买盘
14:32:10	22.82	--	0	0	买盘
14:32:05	22.82	--	105	239610	买盘
14:31:59	22.82	0.01	5	11410	买盘
14:31:50	22.81	--	2	4562	卖盘
14:31:44	22.81	-0.01	39	88959	卖盘
14:31:35	22.82	0.01	16	36512	买盘
14:31:29	22.81	-0.01	28	63868	卖盘
14:31:25	22.82	0.01	2	4564	买盘
14:31:20	22.81	-0.01	26	59306	卖盘
14:31:05	22.82	--	1	2282	买盘
14:30:59	22.82	-0.02	10	22820	卖盘
14:30:55	22.84	0.02	4	9136	买盘
14:30:50	22.82	-0.01	120	273840	卖盘
14:30:44	22.83	-0.01	80	182640	卖盘
14:30:40	22.84	-0.01	96	219264	卖盘
14:30:35	22.85	-0.02	67	153095	卖盘
14:30:29	22.87	--	27	61749	卖盘
14:30:20	22.87	--	17	38879	卖盘
14:30:14	22.87	-0.01	9	20583	卖盘
14:30:10	22.88	--	10	22880	买盘
14:30:05	22.88	--	5	11440	中性盘
14:29:59	22.88	--	4	9152	买盘
14:29:55	22.88	-0.01	9	20592	卖盘
14:29:50	22.89	0.01	2	4578	买盘
14:29:35	22.88	--	5	11440	买盘
14:29:29	22.88	-0.01	8	18304	卖盘
14:29:25	22.89	0.01	5	11445	买盘
14:29:20	22.88	--	5	11440	卖盘
14:29:14	22.88	0.03	21	48048	买盘
14:28:59	22.85	--	0	0	卖盘
14:28:55	22.85	-0.02	550	1256750	卖盘
14:28:40	22.87	--	15	34305	卖盘
14:28:35	22.87	--	2	4574	买盘
14:28:25	22.87	--	2	4574	买盘
14:28:20	22.87	-0.01	34	77758	卖盘
14:28:09	22.88	--	1	2288	买盘
14:28:05	22.88	0.01	1	2288	买盘
14:27:59	22.87	-0.01	2	4574	卖盘
14:27:50	22.88	0.01	1	2288	买盘
14:27:44	22.87	-0.01	11	25157	卖盘
14:27:39	22.88	0.01	17	38896	买盘
14:27:29	22.87	--	10	22870	卖盘
14:27:23	22.87	0.01	4	9148	卖盘
14:27:14	22.86	--	0	0	卖盘
14:27:04	22.86	-0.02	18	41148	卖盘
14:26:59	22.88	0.01	6	13728	买盘
14:26:53	22.87	-0.01	7	16009	卖盘
14:26:44	22.88	0.01	6	13728	买盘
14:26:38	22.87	--	1	2287	卖盘
14:26:23	22.87	--	9	20583	买盘
14:26:14	22.87	--	5	11435	买盘
14:26:08	22.87	--	10	22870	买盘
14:25:59	22.87	0.01	6	13722	买盘
14:25:44	22.86	--	5	11430	卖盘
14:25:29	22.86	--	6	13716	卖盘
14:25:14	22.86	-0.01	30	68580	卖盘
14:25:08	22.87	0.01	13	29731	买盘
14:25:04	22.86	-0.01	30	68580	卖盘
14:24:53	22.87	-0.01	18	41166	中性盘
14:24:49	22.88	0.02	19	43472	买盘
14:24:38	22.86	-0.02	60	137160	卖盘
14:24:29	22.88	-0.01	9	20592	卖盘
14:24:19	22.89	0.01	27	61803	买盘
14:23:49	22.88	-0.01	30	68640	卖盘
14:23:29	22.89	--	10	22890	买盘
14:23:23	22.89	-0.01	19	43491	卖盘
14:23:19	22.9	0.01	10	22900	买盘
14:23:04	22.89	-0.01	1	2289	卖盘
14:22:59	22.9	0.01	5	11450	买盘
14:22:53	22.89	--	2	4578	卖盘
14:22:44	22.89	-0.01	1	2289	卖盘
14:22:19	22.9	--	4	9160	买盘
14:22:14	22.9	--	1	2290	买盘
14:22:08	22.9	--	5	11450	买盘
14:22:04	22.9	--	4	9160	卖盘
14:21:43	22.9	--	0	0	中性盘
14:21:38	22.9	--	3	6870	卖盘
14:21:33	22.9	--	4	9160	卖盘
14:21:23	22.9	-0.01	1	2290	卖盘
14:21:14	22.91	0.01	10	22910	买盘
14:21:08	22.9	--	16	36640	买盘
14:21:02	22.9	--	10	22900	买盘
14:20:58	22.9	--	10	22900	买盘
14:20:53	22.9	--	10	22900	买盘
14:20:47	22.9	--	3	6870	买盘
14:20:28	22.9	--	0	0	买盘
14:20:23	22.9	0.02	70	160300	买盘
14:20:17	22.88	-0.02	56	128128	卖盘
14:20:02	22.9	--	0	0	买盘
14:19:58	22.9	0.02	20	45800	买盘
14:19:53	22.88	--	3	6864	买盘
14:19:47	22.88	0.01	20	45760	买盘
14:19:38	22.87	-0.01	2	4574	卖盘
14:19:32	22.88	--	12	27456	卖盘
14:19:17	22.88	--	0	0	中性盘
14:19:08	22.88	-0.02	22	50336	中性盘
14:19:02	22.9	--	11	25190	买盘
14:18:53	22.9	0.02	10	22900	买盘
14:18:38	22.88	--	26	59488	卖盘
14:18:32	22.88	-0.02	4	9152	卖盘
14:18:28	22.9	--	10	22900	买盘
14:18:13	22.9	-0.01	85	194650	卖盘
14:18:08	22.91	0.01	1	2291	买盘
14:17:47	22.9	-0.01	31	70990	卖盘
14:17:32	22.91	--	9	20619	买盘
14:17:28	22.91	--	5	11455	买盘
14:17:23	22.91	-0.04	15	34365	卖盘
14:17:17	22.95	--	1	2295	买盘
14:17:13	22.95	0.04	4	9180	买盘
14:17:08	22.91	-0.01	20	45820	卖盘
14:17:02	22.92	--	17	38964	买盘
14:16:47	22.92	-0.03	3	6876	卖盘
14:16:43	22.95	--	3	6885	买盘
14:16:38	22.95	0.05	3	6885	买盘
14:16:23	22.9	--	5	11450	买盘
14:16:17	22.9	-0.02	15	34350	卖盘
14:16:13	22.92	-0.03	1	2292	买盘
14:15:58	22.95	0.06	1	2295	买盘
14:15:53	22.89	--	0	0	卖盘
14:15:27	22.89	--	14	32046	买盘
14:15:17	22.89	--	3	6867	买盘
14:15:02	22.89	--	12	27468	买盘
14:14:57	22.89	0.01	1	2289	买盘
14:14:37	22.88	--	10	22880	卖盘
14:14:32	22.88	0.01	42	96096	买盘
14:14:22	22.87	--	4	9148	卖盘
14:14:17	22.87	0.01	0	274	卖盘
14:14:11	22.86	--	0	0	卖盘
14:14:07	22.86	--	0	0	卖盘
14:13:56	22.86	--	6	13716	买盘
14:13:52	22.86	--	12	27432	买盘
14:13:47	22.86	--	10	22860	买盘
14:13:41	22.86	--	12	27432	卖盘
14:13:37	22.86	0.01	3	6858	买盘
14:13:32	22.85	--	27	61695	卖盘
14:13:26	22.85	--	33	75405	卖盘
14:13:07	22.85	--	44	100540	买盘
14:13:02	22.85	--	4	9140	买盘
14:12:56	22.85	--	26	59410	买盘
14:12:52	22.85	--	10	22850	买盘
14:12:47	22.85	0.01	33	75405	买盘
14:12:41	22.84	-0.01	18	41112	卖盘
14:12:37	22.85	--	22	50270	买盘
14:12:32	22.85	--	12	27420	买盘
14:12:26	22.85	-0.01	183	418155	卖盘
14:12:22	22.86	-0.01	5	11430	卖盘
14:12:17	22.87	--	0	0	买盘
14:12:11	22.87	0.02	10	22870	买盘
14:11:47	22.85	--	10	22850	卖盘
14:11:32	22.85	-0.02	23	52555	卖盘
14:11:26	22.87	--	0	0	买盘
14:11:22	22.87	--	4	9148	买盘
14:11:17	22.87	0.01	5	11435	买盘
14:10:52	22.86	--	118	269748	买盘
14:10:47	22.86	--	41	93726	买盘
14:10:41	22.86	--	2	4572	买盘
14:10:32	22.86	0.01	10	22860	买盘
14:10:17	22.85	-0.01	2	4570	卖盘
14:10:11	22.86	--	2	4572	买盘
14:10:02	22.86	0.01	6	13716	买盘
14:09:52	22.85	-0.01	1	2285	卖盘
14:09:47	22.86	--	5	13441	卖盘
14:09:41	22.86	--	5	11704	买盘
14:09:37	22.86	0.01	15	34290	买盘
14:09:32	22.85	-0.01	2	4570	卖盘
14:09:26	22.86	--	5	11430	买盘
14:09:22	22.86	--	3	6858	买盘
14:09:11	22.86	0.01	19	43434	卖盘
14:09:07	22.85	--	40	91400	卖盘
14:09:01	22.85	--	0	0	卖盘
14:08:56	22.85	-0.01	100	228500	卖盘
14:08:41	22.86	0.01	10	22860	买盘
14:08:35	22.85	--	3	6855	买盘
14:08:31	22.85	--	32	73120	买盘
14:08:20	22.85	--	33	75405	买盘
14:08:16	22.85	--	38	86830	卖盘
14:08:05	22.85	-0.01	37	84545	卖盘
14:07:56	22.86	-0.01	2	4572	中性盘
14:07:50	22.87	0.01	70	160090	买盘
14:07:46	22.86	--	0	0	卖盘
14:07:31	22.86	0.01	2	4572	卖盘
14:07:20	22.85	--	0	0	卖盘
14:07:11	22.85	--	7	15995	卖盘
14:06:41	22.85	0.01	19	43415	买盘
14:06:35	22.84	-0.01	60	137040	卖盘
14:06:31	22.85	0.01	35	79975	买盘
14:06:20	22.84	--	27	61668	卖盘
14:06:16	22.84	0.01	3	6852	买盘
14:06:11	22.83	-0.01	49	111866	卖盘
14:06:05	22.84	--	60	137040	卖盘
14:06:01	22.84	-0.01	6	13704	卖盘
14:05:50	22.85	--	3	6855	买盘
14:05:41	22.85	-0.03	337	770045	卖盘
14:05:26	22.88	--	48	109824	卖盘
14:05:20	22.88	0.01	27	61776	买盘
14:05:11	22.87	-0.01	4	9148	卖盘
14:04:35	22.88	--	0	0	买盘
14:04:31	22.88	--	22	50336	卖盘
14:04:20	22.88	--	2	4576	卖盘
14:04:11	22.88	-0.01	8	18304	买盘
14:04:01	22.89	--	0	0	买盘
14:03:41	22.89	0.03	30	68670	买盘
14:03:20	22.86	0.01	20	45720	买盘
14:03:16	22.85	-0.01	98	223930	卖盘
14:03:10	22.86	-0.03	6	13716	卖盘
14:03:05	22.89	--	3	6867	买盘
14:02:50	22.89	--	0	0	买盘
14:02:45	22.89	0.03	2	4578	买盘
14:02:40	22.86	--	11	25146	买盘
14:02:35	22.86	-0.02	9	20574	卖盘
14:02:25	22.88	0.01	49	112112	买盘
14:02:20	22.87	0.01	31	70897	买盘
14:02:14	22.86	0.01	30	68580	买盘
14:02:05	22.85	-0.01	10	22850	卖盘
14:01:59	22.86	--	26	59436	卖盘
14:01:50	22.86	--	18	41148	卖盘
14:01:46	22.86	--	17	38862	卖盘
14:01:40	22.86	--	3	6858	卖盘
14:01:35	22.86	--	0	0	卖盘
14:01:25	22.86	-0.02	100	228600	卖盘
14:01:14	22.88	--	5	11440	卖盘
14:00:59	22.88	-0.01	3	6864	卖盘
14:00:55	22.89	--	6	13734	卖盘
14:00:50	22.89	--	5	11445	卖盘
14:00:40	22.89	--	40	91560	卖盘
14:00:35	22.89	-0.01	21	48069	卖盘
14:00:29	22.9	0.01	4	9160	买盘
14:00:25	22.89	-0.01	18	41202	卖盘
14:00:20	22.9	--	1	2290	买盘
14:00:05	22.9	--	2	4580	买盘
13:59:59	22.9	-0.01	50	116515	卖盘
13:59:50	22.91	--	4	9438	买盘
13:59:44	22.91	--	2	4582	中性盘
13:59:35	22.91	0.01	20	45820	买盘
13:59:29	22.9	-0.01	23	52670	卖盘
13:59:14	22.91	--	10	22910	买盘
13:58:59	22.91	--	4	9164	卖盘
13:58:50	22.91	-0.01	4	9164	卖盘
13:58:44	22.92	--	2	4584	买盘
13:58:20	22.92	0.01	1	2292	卖盘
13:58:05	22.91	-0.01	40	91640	卖盘
13:57:44	22.92	--	23	52716	卖盘
13:57:35	22.92	--	0	0	卖盘
13:57:29	22.92	-0.03	8	18336	卖盘
13:56:50	22.95	--	0	0	买盘
13:56:39	22.95	--	1	2295	买盘
13:56:19	22.95	--	20	45900	买盘
13:56:09	22.95	--	1	2295	买盘
13:55:59	22.95	-0.01	3	6885	买盘
13:55:55	22.96	--	0	0	中性盘
13:55:44	22.96	0.01	50	114800	买盘
13:55:19	22.95	0.01	5	11475	买盘
13:55:14	22.94	--	2	4588	卖盘
13:54:59	22.94	--	0	0	卖盘
13:54:49	22.94	--	2	4588	卖盘
13:54:38	22.94	--	1	2294	买盘
13:54:14	22.94	--	0	0	买盘
13:54:08	22.94	0.02	10	22940	买盘
13:53:53	22.92	--	6	13752	卖盘
13:53:23	22.92	--	2	4584	卖盘
13:53:19	22.92	--	1	2292	卖盘
13:52:44	22.92	-0.04	2	4584	卖盘
13:52:29	22.96	0.05	16	36736	买盘
13:52:23	22.91	--	0	0	卖盘
13:52:14	22.91	-0.05	10	22910	卖盘
13:51:59	22.96	-0.01	2	4592	买盘
13:51:49	22.97	--	0	0	买盘
13:51:34	22.97	0.01	20	45940	买盘
13:51:29	22.96	-0.01	9	20664	买盘
13:51:14	22.97	0.01	23	52831	买盘
13:51:03	22.96	--	10	22960	卖盘
13:50:49	22.96	0.05	5	11480	买盘
13:50:38	22.91	-0.07	26	59566	卖盘
13:50:33	22.98	0.01	11	25278	买盘
13:50:29	22.97	--	2	4594	卖盘
13:50:18	22.97	-0.01	10	22970	卖盘
13:50:13	22.98	0.01	4	9192	买盘
13:50:08	22.97	--	0	0	卖盘
13:49:53	22.97	--	0	0	卖盘
13:49:33	22.97	0.03	29	66613	买盘
13:49:23	22.94	0.02	19	43586	买盘
13:49:17	22.92	0.01	9	20628	买盘
13:49:02	22.91	0.05	22	50402	买盘
13:48:47	22.86	--	0	0	卖盘
13:48:43	22.86	-0.05	10	22860	卖盘
13:48:32	22.91	0.06	2	4582	买盘
13:48:23	22.85	-0.01	100	228500	卖盘
13:48:17	22.86	--	196	448056	买盘
13:48:13	22.86	--	50	114300	买盘
13:48:08	22.86	--	18	41148	买盘
13:48:02	22.86	0.01	25	57150	买盘
13:47:47	22.85	-0.01	163	372455	卖盘
13:47:43	22.86	--	2	4572	买盘
13:47:38	22.86	--	21	48006	买盘
13:47:28	22.86	0.01	5	11430	买盘
13:47:23	22.85	-0.01	7	15995	卖盘
13:47:08	22.86	0.01	18	41148	中性盘
13:47:02	22.85	--	100	228500	卖盘
13:46:53	22.85	--	0	0	卖盘
13:46:47	22.85	--	8	18280	卖盘
13:46:38	22.85	--	50	114250	卖盘
13:46:32	22.85	--	89	203365	买盘
13:46:28	22.85	--	8	18280	买盘
13:46:23	22.85	--	62	141670	买盘
13:46:17	22.85	--	35	79975	买盘
13:46:13	22.85	--	2	4570	买盘
13:46:08	22.85	--	28	63980	买盘
13:46:02	22.85	--	46	105110	买盘
13:45:38	22.85	-0.06	292	667220	卖盘
13:45:32	22.91	0.02	35	80185	买盘
13:45:23	22.89	-0.01	22	50358	卖盘
13:45:17	22.9	--	2	4580	卖盘
13:45:02	22.9	--	5	11450	卖盘
13:44:58	22.9	--	2	4580	买盘
13:44:47	22.9	0.01	23	52670	买盘
13:44:43	22.89	--	5	11445	卖盘
13:44:32	22.89	--	9	20601	买盘
13:44:17	22.89	0.02	2	4578	卖盘
13:44:02	22.87	--	0	0	卖盘
13:43:52	22.87	--	2	4574	卖盘
13:43:47	22.87	--	1	2287	卖盘
13:43:42	22.87	-0.02	12	27444	卖盘
13:43:37	22.89	--	20	45780	买盘
13:43:27	22.89	--	2	4578	买盘
13:43:17	22.89	--	5	11445	买盘
13:43:12	22.89	--	3	6867	买盘
13:43:07	22.89	--	16	36624	卖盘
13:42:56	22.89	--	10	22890	卖盘
13:42:52	22.89	--	24	54936	买盘
13:42:41	22.89	--	0	0	买盘
13:42:26	22.89	--	2	4578	买盘
13:42:17	22.89	0.02	50	114450	买盘
13:42:11	22.87	--	0	0	卖盘
13:42:02	22.87	-0.01	32	73184	卖盘
13:41:56	22.88	0.01	1	2288	中性盘
13:41:52	22.87	--	5	11435	卖盘
13:41:47	22.87	--	3	6861	卖盘
13:41:26	22.87	--	34	77758	买盘
13:41:22	22.87	0.01	30	68610	买盘
13:41:17	22.86	-0.01	7	16002	卖盘
13:41:11	22.87	--	11	25157	买盘
13:41:07	22.87	--	49	112063	卖盘
13:40:47	22.87	--	21	48027	买盘
13:40:37	22.87	--	3	6861	买盘
13:40:32	22.87	-0.02	7	16009	卖盘
13:40:22	22.89	--	15	34335	买盘
13:40:17	22.89	--	14	32046	买盘
13:40:11	22.89	--	15	34335	买盘
13:40:07	22.89	0.02	6	13734	买盘
13:39:52	22.87	0.01	3	6861	卖盘
13:39:47	22.86	--	17	38862	买盘
13:39:41	22.86	-0.03	18	41148	卖盘
13:39:32	22.89	0.03	20	45780	买盘
13:39:26	22.86	--	3	6858	买盘
13:39:22	22.86	0.01	5	11430	买盘
13:39:17	22.85	--	12	27420	卖盘
13:39:11	22.85	--	6	13710	卖盘
13:39:02	22.85	--	3	6855	买盘
13:38:56	22.85	0.01	13	29705	中性盘
13:38:52	22.84	-0.01	13	29692	卖盘
13:38:47	22.85	--	3	6855	卖盘
13:38:41	22.85	0.01	2	4570	中性盘
13:38:37	22.84	--	5	11420	卖盘
13:38:31	22.84	0.03	8	18272	买盘
13:38:26	22.81	-0.03	132	301092	卖盘
13:38:21	22.84	--	46	105064	买盘
13:38:16	22.84	0.01	17	38828	买盘
13:38:11	22.83	-0.01	10	22830	卖盘
13:38:06	22.84	--	27	61668	卖盘
13:38:01	22.84	--	5	11420	卖盘
13:37:56	22.84	0.01	4	9136	中性盘
13:37:52	22.83	-0.01	70	159810	卖盘
13:37:46	22.84	0.01	1	2284	中性盘
13:37:41	22.83	--	30	68490	卖盘
13:37:26	22.83	--	0	0	卖盘
13:37:21	22.83	-0.08	500	1141500	卖盘
13:37:11	22.91	--	16	36656	卖盘
13:37:06	22.91	--	10	22910	卖盘
13:36:56	22.91	--	5	11455	买盘
13:36:41	22.91	--	48	109968	卖盘
13:36:35	22.91	--	21	48111	卖盘
13:36:26	22.91	--	60	137460	卖盘
13:36:16	22.91	--	21	48111	卖盘
13:36:11	22.91	0.01	30	68730	买盘
13:36:05	22.9	--	2	4580	卖盘
13:36:01	22.9	--	9	20610	卖盘
13:35:56	22.9	--	66	151140	卖盘
13:35:50	22.9	-0.01	48	109920	卖盘
13:35:41	22.91	--	10	22910	买盘
13:35:26	22.91	--	3	6873	买盘
13:35:20	22.91	-0.01	70	160370	卖盘
13:35:11	22.92	--	25	57300	买盘
13:35:05	22.92	--	10	22920	买盘
13:34:56	22.92	0.01	50	114600	买盘
13:34:41	22.91	-0.01	4	9164	卖盘
13:34:20	22.92	--	9	20628	买盘
13:34:16	22.92	--	5	11460	买盘
13:34:11	22.92	--	2	4584	买盘
13:34:05	22.92	0.01	3	6876	卖盘
13:34:01	22.91	-0.02	45	103095	卖盘
13:33:50	22.93	0.01	11	25223	买盘
13:33:41	22.92	--	2	4584	卖盘
13:33:35	22.92	--	2	4584	卖盘
13:33:26	22.92	--	4	9168	卖盘
13:33:20	22.92	--	4	9168	卖盘
13:33:16	22.92	--	33	75636	卖盘
13:33:11	22.92	0.01	151	346092	买盘
13:33:05	22.91	-0.01	30	68730	卖盘
13:32:50	22.92	-0.01	10	22920	卖盘
13:32:41	22.93	0.01	70	160510	买盘
13:32:35	22.92	--	55	126060	买盘
13:32:31	22.92	0.01	5	11460	买盘
13:32:26	22.91	-0.01	9	20619	卖盘
13:32:20	22.92	0.01	2	4584	中性盘
13:32:10	22.91	-0.02	50	114550	卖盘
13:32:05	22.93	0.03	16	36688	买盘
13:32:01	22.9	-0.02	8	18320	卖盘
13:31:50	22.92	--	24	55008	买盘
13:31:45	22.92	-0.01	59	135228	卖盘
13:31:40	22.93	--	10	22930	买盘
13:31:35	22.93	0.01	17	38981	买盘
13:31:31	22.92	-0.01	7	16044	卖盘
13:31:25	22.93	--	3	6879	买盘
13:31:20	22.93	-0.01	10	22930	卖盘
13:31:15	22.94	0.01	5	11470	买盘
13:31:10	22.93	--	5	11465	卖盘
13:31:05	22.93	0.01	10	22930	买盘
13:31:00	22.92	0.01	10	22920	买盘
13:30:55	22.91	--	0	0	卖盘
13:30:35	22.91	0.01	33	77664	买盘
13:30:30	22.9	--	20	45800	卖盘
13:30:20	22.9	--	19	43510	买盘
13:30:14	22.9	--	47	107630	卖盘
13:30:10	22.9	-0.01	22	50380	卖盘
13:30:05	22.91	0.01	52	119132	买盘
13:29:59	22.9	0.01	18	41220	中性盘
13:29:55	22.89	-0.01	31	70959	卖盘
13:29:50	22.9	--	34	77860	买盘
13:29:44	22.9	--	75	171750	买盘
13:29:40	22.9	--	74	169460	卖盘
13:29:35	22.9	--	6	13740	卖盘
13:29:29	22.9	-0.01	27	61829	卖盘
13:29:25	22.91	-0.03	62	142042	卖盘
13:29:20	22.94	0.03	10	22940	买盘
13:29:14	22.91	-0.03	50	114550	卖盘
13:29:05	22.94	--	21	48403	卖盘
13:28:55	22.94	--	0	0	卖盘
13:28:50	22.94	-0.03	50	114700	卖盘
13:28:44	22.97	-0.01	58	133226	卖盘
13:28:40	22.98	-0.01	10	22980	卖盘
13:28:20	22.99	-0.01	1	2299	卖盘
13:28:05	23.0	--	6	13800	卖盘
13:27:59	23.0	--	3	6900	卖盘
13:27:50	23.0	--	34	78200	卖盘
13:27:44	23.0	-0.01	5	11500	卖盘
13:27:35	23.01	--	70	161070	买盘
13:27:14	23.01	--	30	69030	买盘
13:27:10	23.01	-0.03	40	92040	卖盘
13:27:05	23.04	--	0	0	买盘
13:26:49	23.04	--	0	0	买盘
13:26:29	23.04	--	9	20736	卖盘
13:26:25	23.04	--	1	2304	卖盘
13:26:20	23.04	0.04	11	25344	卖盘
13:26:14	23.0	--	0	0	卖盘
13:25:59	23.0	-0.05	122	280600	卖盘
13:25:49	23.05	--	0	0	卖盘
13:25:39	23.05	--	1	2305	卖盘
13:25:25	23.05	--	2	4610	卖盘
13:25:14	23.05	--	14	32270	买盘
13:24:14	23.05	--	0	0	买盘
13:23:59	23.05	--	5	11525	买盘
13:23:39	23.05	0.05	10	23050	买盘
13:23:23	23.0	-0.01	40	92920	卖盘
13:23:14	23.01	0.01	3	6903	买盘
13:22:53	23.0	-0.01	26	59800	卖盘
13:22:44	23.01	--	10	23010	买盘
13:22:38	23.01	--	5	11505	买盘
13:22:19	23.01	-0.01	32	73632	卖盘
13:22:14	23.02	-0.03	14	32228	卖盘
13:22:08	23.05	0.03	2	4610	买盘
13:21:59	23.02	--	5	11510	卖盘
13:21:49	23.02	--	21	48342	卖盘
13:21:44	23.02	--	2	4604	卖盘
13:21:38	23.02	--	4	9208	卖盘
13:21:29	23.02	--	34	78268	卖盘
13:21:14	23.02	--	14	32228	卖盘
13:21:08	23.02	--	15	34530	买盘
13:20:53	23.02	0.01	10	23020	买盘
13:20:49	23.01	--	20	46020	卖盘
13:20:29	23.01	-0.01	26	59826	卖盘
13:20:14	23.02	0.01	10	23020	买盘
13:20:04	23.01	-0.01	10	23010	卖盘
13:19:53	23.02	-0.02	10	23020	卖盘
13:19:44	23.04	-0.01	8	18432	中性盘
13:19:38	23.05	--	0	0	中性盘
13:19:23	23.05	--	8	18440	买盘
13:19:14	23.05	-0.03	16	36880	卖盘
13:19:03	23.08	--	2	4616	买盘
13:18:53	23.08	--	4	9232	买盘
13:18:43	23.08	0.03	4	9232	买盘
13:18:38	23.05	--	10	23050	卖盘
13:18:34	23.05	--	23	53015	卖盘
13:18:23	23.05	-0.01	29	66845	卖盘
13:18:13	23.06	--	5	11530	买盘
13:18:08	23.06	-0.02	1	2306	卖盘
13:17:53	23.08	--	5	11540	买盘
13:17:48	23.08	-0.01	26	60007	卖盘
13:17:23	23.09	-0.01	16	38975	卖盘
13:16:53	23.1	--	26	60060	买盘
13:16:47	23.1	--	8	18480	卖盘
13:16:28	23.1	-0.01	10	23100	卖盘
13:16:23	23.11	--	4	9244	买盘
13:16:17	23.11	--	21	48531	买盘
13:16:08	23.11	--	3	6933	买盘
13:16:02	23.11	-0.03	18	41598	卖盘
13:15:53	23.14	0.01	3	6942	卖盘
13:15:47	23.13	--	7	16191	买盘
13:15:38	23.13	-0.01	15	34695	卖盘
13:15:32	23.14	0.01	10	23140	买盘
13:15:23	23.13	--	24	55512	卖盘
13:15:17	23.13	--	6	13878	买盘
13:15:13	23.13	--	2	4626	买盘
13:15:08	23.13	--	5	11565	买盘
13:15:02	23.13	--	7	16191	卖盘
13:14:53	23.13	--	1	2313	卖盘
13:14:43	23.13	0.03	2	4626	买盘
13:14:32	23.1	-0.03	15	34650	卖盘
13:14:28	23.13	0.03	2	4626	买盘
13:14:13	23.1	--	50	115500	卖盘
13:14:02	23.1	--	26	60060	买盘
13:13:47	23.1	--	16	36960	买盘
13:13:43	23.1	0.01	27	62370	买盘
13:13:23	23.09	-0.01	1	2309	卖盘
13:13:17	23.1	--	1	2310	买盘
13:13:08	23.1	0.01	5	11550	买盘
13:12:53	23.09	0.01	13	30294	买盘
13:12:47	23.08	-0.01	6	13847	卖盘
13:12:42	23.09	--	7	16163	买盘
13:12:38	23.09	0.01	7	16163	买盘
13:12:17	23.08	--	7	16155	买盘
13:12:12	23.08	--	19	43852	买盘
13:12:02	23.08	0.02	10	23080	买盘
13:11:32	23.06	--	0	0	中性盘
13:11:17	23.06	--	0	0	卖盘
13:11:07	23.06	--	0	0	中性盘
13:11:02	23.06	--	5	11530	买盘
13:10:42	23.06	--	14	32284	卖盘
13:09:47	23.06	--	3	6918	买盘
13:09:41	23.06	0.01	39	89934	买盘
13:09:17	23.05	--	6	13830	卖盘
13:09:07	23.05	0.05	37	85285	买盘
13:08:56	23.0	-0.05	10	23000	卖盘
13:08:41	23.05	-0.01	8	18440	卖盘
13:08:22	23.06	--	14	32284	买盘
13:08:11	23.06	0.01	1	2306	买盘
13:07:56	23.05	0.01	16	36880	买盘
13:07:41	23.04	--	4	9216	卖盘
13:07:37	23.04	--	1	2304	买盘
13:07:32	23.04	--	2	4608	买盘
13:07:17	23.04	--	0	0	买盘
13:07:02	23.04	0.01	9	20736	买盘
13:06:56	23.03	0.02	10	23030	买盘
13:06:47	23.01	--	0	0	卖盘
13:06:36	23.01	--	0	0	中性盘
13:06:32	23.01	0.01	100	230100	卖盘
13:06:22	23.0	--	0	0	中性盘
13:06:17	23.0	--	3	6900	卖盘
13:06:11	23.0	0.01	297	683100	买盘
13:06:01	22.99	-0.01	6	13793	卖盘
13:05:56	23.0	0.01	1	2300	买盘
13:05:51	22.99	-0.01	4	9196	卖盘
13:05:46	23.0	--	1	2300	买盘
13:05:21	23.0	--	8	18400	买盘
13:04:56	23.0	--	23	52900	买盘
13:04:46	23.0	--	5	11500	买盘
13:04:41	23.0	--	2	4600	买盘
13:04:36	23.0	--	2	4600	买盘
13:04:26	23.0	0.02	5	11500	买盘
13:04:21	22.98	-0.02	12	27576	卖盘
13:04:11	23.0	0.02	31	71300	买盘
13:03:56	22.98	--	5	11490	买盘
13:03:51	22.98	0.01	42	96516	买盘
13:03:46	22.97	--	15	34455	卖盘
13:03:41	22.97	-0.01	3	6891	卖盘
13:03:36	22.98	0.01	1	2298	买盘
13:03:26	22.97	--	1	2297	卖盘
13:03:16	22.97	0.01	1	2297	中性盘
13:02:46	22.96	--	24	55104	卖盘
13:02:41	22.96	--	14	32144	卖盘
13:01:56	22.96	-0.01	26	59696	卖盘
13:01:41	22.97	-0.01	27	62019	卖盘
13:01:35	22.98	0.01	30	68940	买盘
13:01:26	22.97	--	6	13782	卖盘
13:01:05	22.97	--	2	4594	买盘
13:00:56	22.97	-0.01	2	4594	卖盘
13:00:41	22.98	--	5	11490	买盘
13:00:15	22.98	--	5	11490	买盘
13:00:11	22.98	--	3	6894	买盘
13:00:05	22.98	-0.02	103	236694	卖盘
11:30:00	23.0	--	0	0	买盘
11:29:59	23.0	--	0	0	买盘
11:29:46	23.0	--	1	2300	买盘
11:29:42	23.0	-0.04	111	255300	卖盘
11:29:25	23.04	--	36	82944	买盘
11:28:51	23.04	0.02	10	23040	买盘
11:28:36	23.02	-0.02	2	4604	买盘
11:28:21	23.04	0.04	5	11520	买盘
11:28:10	23.0	--	50	115000	卖盘
11:28:01	23.0	-0.02	65	149500	卖盘
11:27:31	23.02	0.01	1	2302	买盘
11:27:25	23.01	-0.01	10	23010	卖盘
11:27:10	23.02	0.01	2	4604	买盘
11:27:01	23.01	-0.01	6	13806	中性盘
11:26:55	23.02	0.02	17	39134	中性盘
11:26:46	23.0	--	5	11500	卖盘
11:26:25	23.0	-0.04	9	20700	卖盘
11:26:21	23.04	0.03	7	16128	买盘
11:26:10	23.01	-0.04	6	13806	卖盘
11:26:01	23.05	--	0	0	买盘
11:25:40	23.05	--	0	0	买盘
11:25:31	23.05	-0.01	2	4610	买盘
11:25:21	23.06	--	0	0	买盘
11:25:10	23.06	--	6	13836	买盘
11:25:01	23.06	--	0	0	买盘
11:24:55	23.06	--	2	4612	买盘
11:24:46	23.06	--	0	0	买盘
11:24:40	23.06	0.01	6	13836	买盘
11:24:36	23.05	0.05	511	1177855	买盘
11:24:21	23.0	--	0	0	卖盘
11:24:10	23.0	--	5	11500	卖盘
11:24:06	23.0	--	20	48070	买盘
11:23:55	23.0	0.03	19	43700	买盘
11:23:51	22.97	-0.03	16	36752	卖盘
11:23:46	23.0	--	3	6900	买盘
11:23:40	23.0	--	0	0	买盘
11:23:35	23.0	0.05	5	11500	买盘
11:23:31	22.95	--	0	0	卖盘
11:23:25	22.95	0.01	5	11475	卖盘
11:23:21	22.94	--	0	0	卖盘
11:23:10	22.94	--	0	0	中性盘
11:23:06	22.94	--	8	18352	买盘
11:23:01	22.94	--	2	4588	买盘
11:22:55	22.94	--	26	59644	买盘
11:22:50	22.94	-0.04	69	158286	卖盘
11:22:46	22.98	-0.02	18	41364	卖盘
11:22:40	23.0	--	7	16100	买盘
11:22:31	23.0	--	20	46000	买盘
11:22:16	23.0	--	11	25300	买盘
11:22:10	23.0	-0.06	217	499100	卖盘
11:22:04	23.06	-0.01	13	29978	卖盘
11:21:40	23.07	--	3	6921	卖盘
11:21:34	23.07	-0.01	17	39219	卖盘
11:21:30	23.08	-0.01	1	2308	买盘
11:21:19	23.09	0.01	15	34635	买盘
11:21:15	23.08	-0.01	7	16155	卖盘
11:21:00	23.09	--	9	20781	买盘
11:20:45	23.09	--	60	140571	卖盘
11:20:40	23.09	--	10	23090	卖盘
11:20:34	23.09	--	19	44148	卖盘
11:20:25	23.09	--	1	2309	卖盘
11:20:19	23.09	-0.01	24	55416	卖盘
11:20:10	23.1	--	5	11550	买盘
11:20:04	23.1	0.01	1	2310	买盘
11:19:55	23.09	-0.01	12	27708	卖盘
11:19:49	23.1	--	5	11550	买盘
11:19:45	23.1	--	3	6930	买盘
11:19:34	23.1	-0.03	112	258720	卖盘
11:19:25	23.13	--	3	6939	买盘
11:19:19	23.13	-0.03	11	25443	卖盘
11:19:10	23.16	-0.03	3	6948	买盘
11:19:04	23.19	0.06	43	99717	买盘
11:18:49	23.13	-0.01	139	321507	卖盘
11:18:40	23.14	-0.03	27	62478	卖盘
11:18:15	23.17	-0.01	15	34755	买盘
11:18:10	23.18	--	0	0	买盘
11:17:34	23.18	--	1	2318	买盘
11:17:30	23.18	--	12	27816	卖盘
11:17:19	23.18	--	5	11590	卖盘
11:17:04	23.18	--	24	55632	卖盘
11:16:34	23.18	--	6	13908	买盘
11:16:25	23.18	--	0	0	买盘
11:16:13	23.18	0.03	49	113582	买盘
11:15:58	23.15	--	0	0	卖盘
11:15:43	23.15	0.01	23	53337	买盘
11:15:34	23.14	-0.01	4	9256	卖盘
11:15:13	23.15	0.02	1	2315	买盘
11:14:54	23.13	--	20	46260	卖盘
11:14:19	23.13	0.01	11	25443	买盘
11:14:04	23.12	--	0	0	卖盘
11:13:24	23.12	--	17	39304	卖盘
11:13:13	23.12	0.01	112	258944	买盘
11:13:09	23.11	-0.01	2	4622	卖盘
11:13:04	23.12	--	89	205768	买盘
11:12:49	23.12	-0.02	11	25432	卖盘
11:12:43	23.14	0.01	2	4628	买盘
11:12:34	23.13	--	2	6846	卖盘
11:12:28	23.13	--	2	4626	卖盘
11:12:13	23.13	-0.01	3	6939	卖盘
11:11:58	23.14	0.01	8	18512	买盘
11:11:49	23.13	0.01	18	41726	买盘
11:11:43	23.12	-0.01	7	16184	卖盘
11:11:34	23.13	--	0	0	买盘
11:11:28	23.13	0.01	10	23130	买盘
11:11:13	23.12	--	10	23120	买盘
11:11:09	23.12	--	6	13872	买盘
11:10:54	23.12	0.01	17	39304	买盘
11:10:49	23.11	--	6	13866	买盘
11:10:43	23.11	--	1	2311	买盘
11:10:39	23.11	--	8	18488	买盘
11:10:34	23.11	--	30	69330	卖盘
11:10:28	23.11	0.02	52	120172	买盘
11:10:22	23.09	-0.02	6	13854	卖盘
11:10:13	23.11	0.02	18	41598	买盘
11:10:07	23.09	--	30	69270	卖盘
11:09:58	23.09	--	5	11545	卖盘
11:09:52	23.09	0.01	9	20781	买盘
11:09:43	23.08	--	3	6923	卖盘
11:09:33	23.08	--	9	20772	卖盘
11:09:28	23.08	--	7	16155	买盘
11:09:22	23.08	0.02	10	23080	买盘
11:09:18	23.06	-0.02	1	2306	卖盘
11:09:13	23.08	0.02	53	122323	买盘
11:09:03	23.06	--	16	36896	卖盘
11:08:58	23.06	--	10	23060	卖盘
11:08:52	23.06	--	11	25366	买盘
11:08:43	23.06	--	29	66874	买盘
11:08:37	23.06	0.01	22	50732	买盘
11:08:33	23.05	-0.01	6	13830	卖盘
11:08:28	23.06	0.01	11	25366	买盘
11:08:22	23.05	--	5	11525	买盘
11:08:18	23.05	--	10	23050	买盘
11:08:13	23.05	--	15	34575	卖盘
11:08:07	23.05	--	5	11525	卖盘
11:08:03	23.05	-0.03	25	57625	卖盘
11:07:58	23.08	0.02	8	18464	买盘
11:07:43	23.06	-0.02	36	83016	卖盘
11:07:37	23.08	--	5	11540	买盘
11:07:28	23.08	--	16	36928	卖盘
11:07:22	23.08	--	10	23080	买盘
11:07:13	23.08	-0.01	12	27695	买盘
11:07:07	23.09	0.01	109	251681	买盘
11:06:58	23.08	--	19	43852	卖盘
11:06:52	23.08	-0.02	20	46160	卖盘
11:06:43	23.1	--	50	115500	买盘
11:06:37	23.1	--	12	27720	买盘
11:06:33	23.1	--	1	2310	买盘
11:06:22	23.1	--	15	34650	买盘
11:06:13	23.1	-0.02	39	90090	卖盘
11:06:03	23.12	0.02	29	67048	买盘
11:05:58	23.1	--	0	0	卖盘
11:05:52	23.1	-0.03	68	157080	卖盘
11:05:43	23.13	-0.01	2	4626	卖盘
11:05:37	23.14	--	3	6942	买盘
11:05:22	23.14	-0.01	21	48594	卖盘
11:05:07	23.15	--	3	6945	买盘
11:04:58	23.15	-0.01	8	18520	卖盘
11:04:52	23.16	0.01	2	4632	买盘
11:04:48	23.15	--	1	2315	卖盘
11:04:43	23.15	--	1	2315	卖盘
11:04:33	23.15	--	0	0	卖盘
11:04:22	23.15	-0.01	5	11575	卖盘
11:04:01	23.16	-0.01	100	231600	卖盘
11:03:58	23.17	--	5	11585	卖盘
11:03:52	23.17	--	1	2317	卖盘
11:03:46	23.17	--	3	6951	卖盘
11:03:43	23.17	--	32	74144	卖盘
11:03:37	23.17	--	12	27804	卖盘
11:03:31	23.17	--	7	16219	卖盘
11:03:22	23.17	-0.01	10	23170	卖盘
11:03:01	23.18	--	3	6954	买盘
11:02:57	23.18	--	8	18544	买盘
11:02:37	23.18	0.01	28	64904	买盘
11:02:31	23.17	-0.01	36	83412	卖盘
11:02:22	23.18	--	20	46360	卖盘
11:02:01	23.18	--	27	62586	卖盘
11:01:52	23.18	0.01	4	9272	买盘
11:01:46	23.17	--	111	257187	买盘
11:01:22	23.17	0.01	51	118167	买盘
11:01:07	23.16	-0.01	10	23160	卖盘
11:00:52	23.17	--	20	46340	买盘
11:00:46	23.17	-0.01	21	48657	卖盘
11:00:27	23.18	--	3	6954	买盘
11:00:22	23.18	-0.01	5	11590	卖盘
11:00:07	23.19	0.01	1	2319	买盘
11:00:01	23.18	--	1	2318	卖盘
10:59:46	23.18	--	1	2318	买盘
10:59:31	23.18	--	1	2318	买盘
10:59:16	23.18	-0.01	1	2318	买盘
10:58:52	23.19	--	0	0	买盘
10:58:46	23.19	0.02	11	25509	买盘
10:58:42	23.17	-0.02	1	2317	卖盘
10:58:31	23.19	-0.01	5	11595	买盘
10:58:27	23.2	--	0	0	买盘
10:58:07	23.2	--	1	2320	买盘
10:57:46	23.2	--	12	27840	卖盘
10:57:16	23.2	--	20	46400	卖盘
10:57:10	23.2	--	8	18560	卖盘
10:57:07	23.2	-0.01	7	16240	卖盘
10:57:01	23.21	--	24	55704	买盘
10:56:31	23.21	--	48	111408	卖盘
10:56:25	23.21	--	4	9284	卖盘
10:56:21	23.21	--	2	4642	卖盘
10:56:01	23.21	--	0	0	卖盘
10:55:46	23.21	-0.02	14	32494	卖盘
10:55:21	23.23	--	9	20907	买盘
10:55:01	23.23	0.02	2	4646	买盘
10:54:55	23.21	0.01	23	53383	买盘
10:54:51	23.2	--	9	20880	卖盘
10:54:40	23.2	-0.01	7	16240	卖盘
10:54:36	23.21	0.01	16	37136	买盘
10:54:16	23.2	--	20	46400	买盘
10:54:06	23.2	0.03	50	116000	买盘
10:53:40	23.17	-0.03	26	60242	卖盘
10:53:31	23.2	--	8	18560	买盘
10:53:10	23.2	0.03	15	34800	买盘
10:53:01	23.17	--	0	0	卖盘
10:52:55	23.17	-0.01	25	57925	卖盘
10:52:51	23.18	--	8	18544	卖盘
10:52:40	23.18	0.01	2	4636	卖盘
10:52:36	23.17	--	0	0	卖盘
10:52:31	23.17	-0.01	126	291942	卖盘
10:52:16	23.18	0.01	10	23180	卖盘
10:52:10	23.17	--	0	0	卖盘
10:51:55	23.17	--	0	0	卖盘
10:51:49	23.17	--	10	23170	卖盘
10:51:31	23.17	--	8	18536	买盘
10:51:16	23.17	0.01	20	46340	买盘
10:51:10	23.16	--	26	60216	买盘
10:51:04	23.16	--	4	9264	买盘
10:51:00	23.16	--	8	18528	买盘
10:50:55	23.16	--	12	27792	买盘
10:50:40	23.16	--	13	30108	买盘
10:50:34	23.16	0.05	57	132012	买盘
10:50:30	23.11	-0.03	55	127105	卖盘
10:50:25	23.14	--	0	0	卖盘
10:50:16	23.14	--	18	41652	卖盘
10:50:10	23.14	--	28	64792	卖盘
10:50:04	23.14	--	0	0	卖盘
10:50:00	23.14	--	2	4628	卖盘
10:49:55	23.14	-0.01	20	46280	卖盘
10:49:49	23.15	--	20	46300	买盘
10:49:45	23.15	0.01	10	23150	买盘
10:49:40	23.14	--	20	46280	卖盘
10:49:10	23.14	--	2	4628	买盘
10:49:04	23.14	--	8	18512	买盘
10:48:49	23.14	-0.01	3	6942	卖盘
10:48:40	23.15	0.01	1	2315	买盘
10:48:34	23.14	--	1	2314	中性盘
10:48:15	23.14	--	3	6942	卖盘
10:48:00	23.14	-0.01	2	4628	卖盘
10:47:55	23.15	--	27	62504	卖盘
10:47:25	23.15	-0.01	59	136585	卖盘
10:47:10	23.16	--	1	2316	买盘
10:47:04	23.16	--	3	6948	买盘
10:46:55	23.16	-0.02	25	57900	卖盘
10:46:49	23.18	--	5	11590	卖盘
10:46:45	23.18	--	2	4636	卖盘
10:46:34	23.18	--	1	2318	卖盘
10:46:30	23.18	-0.02	50	115900	卖盘
10:46:19	23.2	-0.01	15	34800	卖盘
10:46:15	23.21	0.01	5	11605	买盘
10:46:10	23.2	-0.01	5	11600	卖盘
10:46:00	23.21	--	13	30173	卖盘
10:45:40	23.21	-0.02	1	2321	卖盘
10:45:34	23.23	-0.02	217	504091	卖盘
10:45:13	23.25	0.02	9	20925	买盘
10:44:58	23.23	-0.01	5	11615	卖盘
10:44:54	23.24	--	0	0	中性盘
10:44:49	23.24	--	21	48804	买盘
10:44:28	23.24	0.01	1	2324	买盘
10:44:19	23.23	--	60	139380	卖盘
10:44:13	23.23	--	23	53429	买盘
10:44:04	23.23	--	7	16261	买盘
10:43:58	23.23	0.02	32	74336	买盘
10:43:54	23.21	-0.02	6	13926	卖盘
10:43:34	23.23	--	20	46460	买盘
10:43:28	23.23	--	12	27876	买盘
10:43:24	23.23	--	6	13938	买盘
10:43:19	23.23	--	0	0	买盘
10:43:13	23.23	--	0	0	买盘
10:43:09	23.23	0.01	8	18584	买盘
10:43:04	23.22	-0.01	3	6966	买盘
10:42:58	23.23	--	0	0	买盘
10:42:49	23.23	--	0	0	买盘
10:42:43	23.23	--	18	41814	买盘
10:42:34	23.23	0.02	29	67367	买盘
10:42:28	23.21	--	2	4642	卖盘
10:42:19	23.21	--	6	13926	买盘
10:42:13	23.21	--	15	34815	卖盘
10:42:09	23.21	--	35	81235	买盘
10:42:04	23.21	--	0	0	买盘
10:41:58	23.21	0.01	88	204248	买盘
10:41:54	23.2	0.02	2	4640	中性盘
10:41:43	23.18	--	20	46360	卖盘
10:41:39	23.18	-0.04	2	4636	卖盘
10:41:34	23.22	0.02	50	116100	买盘
10:41:28	23.2	-0.01	19	44080	卖盘
10:41:13	23.21	-0.02	3	6963	卖盘
10:41:04	23.23	--	13	30199	卖盘
10:40:54	23.23	--	10	23230	卖盘
10:40:34	23.23	--	0	0	卖盘
10:40:28	23.23	-0.02	82	190486	卖盘
10:40:19	23.25	0.02	50	116250	买盘
10:40:04	23.23	-0.02	7	16261	卖盘
10:39:58	23.25	0.02	10	23250	买盘
10:39:54	23.23	-0.01	3	6969	卖盘
10:39:49	23.24	-0.02	12	27887	卖盘
10:39:39	23.26	--	0	0	买盘
10:39:24	23.26	--	27	62802	买盘
10:39:13	23.26	0.03	20	46520	买盘
10:39:09	23.23	--	14	32522	卖盘
10:38:58	23.23	--	1	2323	卖盘
10:38:53	23.23	0.01	9	20907	买盘
10:38:43	23.22	0.02	10	23220	中性盘
10:38:38	23.2	-0.03	10	23200	卖盘
10:38:33	23.23	0.02	5	11615	买盘
10:38:22	23.21	-0.02	1	2321	卖盘
10:38:18	23.23	0.03	3	6969	买盘
10:38:13	23.2	--	0	0	卖盘
10:38:03	23.2	--	0	0	卖盘
10:37:58	23.2	0.02	23	53360	买盘
10:37:52	23.18	-0.02	7	16226	卖盘
10:37:48	23.2	0.02	10	23200	买盘
10:37:43	23.18	--	2	4636	卖盘
10:37:37	23.18	--	22	50996	卖盘
10:37:28	23.18	--	5	11590	卖盘
10:37:22	23.18	0.03	24	55632	买盘
10:37:18	23.15	--	14	32409	买盘
10:37:13	23.15	--	38	87970	卖盘
10:37:03	23.15	--	8	18520	买盘
10:36:52	23.15	0.01	69	159735	买盘
10:36:48	23.14	-0.01	41	94874	卖盘
10:36:43	23.15	0.03	55	127324	买盘
10:36:22	23.12	--	11	25432	买盘
10:36:18	23.12	--	5	11560	买盘
10:36:13	23.12	--	14	32368	买盘
10:36:03	23.12	0.01	1	2312	买盘
10:35:58	23.11	0.01	5	11555	卖盘
10:35:52	23.1	-0.01	19	43890	卖盘
10:35:48	23.11	0.01	7	18256	买盘
10:35:37	23.1	-0.01	23	53130	卖盘
10:35:28	23.11	0.01	1	2311	买盘
10:35:22	23.1	-0.01	10	23100	卖盘
10:35:18	23.11	0.01	3	6933	买盘
10:35:13	23.1	--	14	32340	卖盘
10:35:03	23.1	-0.01	25	57750	买盘
10:34:58	23.11	--	3	6933	买盘
10:34:52	23.11	--	4	9475	卖盘
10:34:43	23.11	-0.01	63	145593	卖盘
10:34:37	23.12	--	1	2312	买盘
10:34:28	23.12	0.01	5	11560	买盘
10:34:22	23.11	0.01	11	25421	卖盘
10:34:13	23.1	-0.01	130	300300	卖盘
10:34:07	23.11	0.01	133	309442	买盘
10:34:03	23.1	-0.01	35	80850	卖盘
10:33:58	23.11	0.01	2	4622	买盘
10:33:48	23.1	-0.01	8	18480	卖盘
10:33:43	23.11	--	2	4622	买盘
10:33:37	23.11	-0.01	2	4622	买盘
10:33:28	23.12	0.01	103	238136	买盘
10:33:22	23.11	--	10	23110	卖盘
10:33:18	23.11	--	1	2311	卖盘
10:33:07	23.11	--	10	23110	卖盘
10:33:03	23.11	-0.01	45	103995	卖盘
10:32:58	23.12	-0.01	3	6936	卖盘
10:32:52	23.13	-0.01	9	20817	卖盘
10:32:48	23.14	--	16	37024	买盘
10:32:37	23.14	--	5	11570	买盘
10:32:33	23.14	--	24	55536	买盘
10:32:28	23.14	-0.01	24	55536	卖盘
10:32:16	23.15	--	10	23150	买盘
10:32:12	23.15	--	43	99545	卖盘
10:32:07	23.15	--	34	78710	卖盘
10:32:01	23.15	--	5	11575	卖盘
10:31:52	23.15	0.01	2	4630	卖盘
10:31:46	23.14	--	0	0	卖盘
10:31:37	23.14	-0.02	9	20826	卖盘
10:31:31	23.16	--	4	9264	买盘
10:31:16	23.16	--	10	23160	卖盘
10:31:07	23.16	-0.01	9	20844	卖盘
10:31:01	23.17	--	10	23170	买盘
10:30:52	23.17	--	1	2317	卖盘
10:30:46	23.17	--	2	4634	卖盘
10:30:42	23.17	--	1	2317	卖盘
10:30:37	23.17	-0.01	1	2317	卖盘
10:30:22	23.18	-0.01	47	108946	卖盘
10:30:16	23.19	-0.01	14	32466	卖盘
10:30:07	23.2	--	6	13920	买盘
10:29:52	23.2	--	46	106720	卖盘
10:29:46	23.2	--	20	46400	卖盘
10:29:42	23.2	--	46	106720	卖盘
10:29:37	23.2	-0.01	20	46400	卖盘
10:29:27	23.21	--	1	2321	买盘
10:29:22	23.21	--	1	4363	卖盘
10:29:12	23.21	--	4	9284	卖盘
10:29:07	23.21	--	24	55704	卖盘
10:28:57	23.21	--	10	23210	卖盘
10:28:52	23.21	-0.02	40	93118	卖盘
10:28:37	23.23	--	12	27876	卖盘
10:28:31	23.23	--	4	9292	卖盘
10:28:22	23.23	--	1	2323	卖盘
10:28:07	23.23	--	5	11615	卖盘
10:27:52	23.23	-0.01	4	9292	买盘
10:27:42	23.24	--	0	0	买盘
10:27:37	23.24	-0.03	4	9296	卖盘
10:27:31	23.27	--	0	0	买盘
10:27:27	23.27	0.03	38	88426	买盘
10:27:22	23.24	0.04	25	58099	买盘
10:27:16	23.2	--	0	0	卖盘
10:27:12	23.2	-0.01	18	41760	卖盘
10:27:06	23.21	0.01	1	2321	买盘
10:27:01	23.2	-0.04	5	11600	卖盘
10:26:51	23.24	0.03	40	92960	买盘
10:26:42	23.21	--	6	13926	卖盘
10:26:37	23.21	--	5	11605	卖盘
10:26:31	23.21	-0.01	9	20889	卖盘
10:26:25	23.22	0.01	2	4644	买盘
10:26:21	23.21	-0.02	5	11605	卖盘
10:26:16	23.23	--	10	23230	卖盘
10:26:10	23.23	--	17	39491	卖盘
10:26:06	23.23	0.01	8	18584	买盘
10:26:01	23.22	--	15	34830	卖盘
10:25:55	23.22	--	8	18576	卖盘
10:25:46	23.22	-0.02	12	27864	卖盘
10:25:31	23.24	--	0	0	买盘
10:25:25	23.24	-0.01	2	4648	卖盘
10:25:16	23.25	-0.03	4	9300	买盘
10:25:10	23.28	--	17	39576	买盘
10:25:01	23.28	-0.02	6	13968	卖盘
10:24:55	23.3	0.02	1	2330	买盘
10:24:46	23.28	--	15	34920	卖盘
10:24:40	23.28	--	43	100104	卖盘
10:24:36	23.28	--	25	58200	卖盘
10:24:31	23.28	--	10	23280	卖盘
10:24:25	23.28	--	42	97776	买盘
10:24:21	23.28	0.02	40	93120	买盘
10:24:16	23.26	-0.02	15	34890	卖盘
10:24:10	23.28	--	1	2328	买盘
10:24:06	23.28	--	2	4656	买盘
10:24:01	23.28	-0.02	31	72168	卖盘
10:23:51	23.3	0.02	2	4660	买盘
10:23:40	23.28	-0.03	4	9312	卖盘
10:23:36	23.31	0.03	1	2331	买盘
10:23:25	23.28	--	60	139680	卖盘
10:23:21	23.28	-0.03	30	69840	卖盘
10:23:16	23.31	0.03	29	67599	买盘
10:23:06	23.28	--	0	0	卖盘
10:23:01	23.28	-0.02	26	60528	卖盘
10:22:55	23.3	0.02	44	102520	买盘
10:22:46	23.28	-0.01	50	116400	卖盘
10:22:36	23.29	--	10	23290	卖盘
10:22:31	23.29	0.01	15	34935	买盘
10:22:25	23.28	-0.01	1	2328	卖盘
10:22:21	23.29	--	6	13974	买盘
10:22:16	23.29	0.02	64	149056	买盘
10:22:10	23.27	-0.02	50	116350	卖盘
10:22:06	23.29	--	20	46580	买盘
10:22:01	23.29	0.02	45	104805	买盘
10:21:55	23.27	--	20	46540	卖盘
10:21:40	23.27	--	31	72137	买盘
10:21:31	23.27	0.01	4	9308	买盘
10:21:25	23.26	-0.01	22	51172	卖盘
10:21:16	23.27	0.01	10	23270	买盘
10:21:10	23.26	-0.01	49	113974	卖盘
10:21:00	23.27	0.02	2	4654	买盘
10:20:55	23.25	-0.01	55	127875	卖盘
10:20:51	23.26	--	24	55824	买盘
10:20:45	23.26	--	10	23260	买盘
10:20:40	23.26	0.01	5	11630	买盘
10:20:36	23.25	--	28	65100	中性盘
10:20:30	23.25	0.01	6	13950	买盘
10:20:21	23.24	--	0	0	卖盘
10:20:15	23.24	--	4	9296	卖盘
10:20:10	23.24	--	2	4648	卖盘
10:20:04	23.24	0.02	41	95284	买盘
10:20:00	23.22	-0.02	3	6966	买盘
10:19:55	23.24	0.02	12	27887	买盘
10:19:49	23.22	--	2	4644	卖盘
10:19:45	23.22	-0.02	2	4644	买盘
10:19:40	23.24	0.03	108	250991	买盘
10:19:34	23.21	-0.01	38	88198	卖盘
10:19:25	23.22	-0.01	10	23220	买盘
10:19:19	23.23	--	15	34845	卖盘
10:19:10	23.23	0.01	81	188163	买盘
10:19:04	23.22	--	18	41796	卖盘
10:18:55	23.22	-0.01	21	48762	卖盘
10:18:49	23.23	--	10	23230	买盘
10:18:40	23.23	-0.04	47	109181	卖盘
10:18:34	23.27	0.03	53	123331	买盘
10:18:25	23.24	--	12	27887	买盘
10:18:19	23.24	-0.03	25	58099	卖盘
10:18:15	23.27	--	0	0	买盘
10:18:10	23.27	0.03	7	16289	买盘
10:18:04	23.24	-0.03	113	262612	卖盘
10:18:00	23.27	--	37	86099	买盘
10:17:55	23.27	0.01	3	6981	买盘
10:17:49	23.26	--	20	46520	卖盘
10:17:45	23.26	--	16	37216	卖盘
10:17:34	23.26	--	30	69780	卖盘
10:17:30	23.26	0.01	1	2326	买盘
10:17:25	23.25	-0.01	5	11625	卖盘
10:17:19	23.26	0.01	31	72106	卖盘
10:17:15	23.25	--	4	9300	买盘
10:17:10	23.25	-0.02	106	246450	卖盘
10:17:04	23.27	0.01	5	11635	买盘
10:17:00	23.26	-0.01	21	48846	卖盘
10:16:55	23.27	--	5	11635	卖盘
10:16:49	23.27	0.01	79	183833	买盘
10:16:40	23.26	-0.01	26	60476	卖盘
10:16:34	23.27	--	2	4654	卖盘
10:16:30	23.27	-0.01	4	9308	卖盘
10:16:25	23.28	0.01	56	130368	买盘
10:16:19	23.27	-0.01	5	11635	卖盘
10:16:15	23.28	--	102	237456	卖盘
10:16:10	23.28	-0.02	34	79152	卖盘
10:16:04	23.3	0.01	26	60580	买盘
10:16:00	23.29	-0.01	2	4658	卖盘
10:15:55	23.3	--	24	55920	买盘
10:15:49	23.3	--	34	79220	卖盘
10:15:45	23.3	-0.01	1	2330	卖盘
10:15:40	23.31	0.01	28	65268	中性盘
10:15:34	23.3	-0.02	35	81550	卖盘
10:15:30	23.32	--	13	30316	卖盘
10:15:25	23.32	-0.01	5	11660	卖盘
10:15:19	23.33	--	26	60657	买盘
10:15:15	23.33	--	15	34995	卖盘
10:15:10	23.33	-0.01	93	216968	卖盘
10:15:04	23.34	0.01	103	240402	买盘
10:15:00	23.33	--	33	76989	卖盘
10:14:55	23.33	0.01	39	90987	卖盘
10:14:49	23.32	--	0	0	卖盘
10:14:45	23.32	-0.03	2	4664	卖盘
10:14:40	23.35	--	34	79390	买盘
10:14:34	23.35	-0.01	42	98070	卖盘
10:14:30	23.36	0.01	123	287328	买盘
10:14:24	23.35	--	0	0	中性盘
10:14:19	23.35	--	51	119085	卖盘
10:14:15	23.35	--	27	63045	卖盘
10:14:09	23.35	--	507	1183845	买盘
10:14:04	23.35	--	60	140100	卖盘
10:14:00	23.35	--	39	91065	卖盘
10:13:54	23.35	--	11	25685	卖盘
10:13:49	23.35	0.02	38	88730	买盘
10:13:44	23.33	-0.03	21	48993	卖盘
10:13:39	23.36	0.01	21	49056	买盘
10:13:34	23.35	0.05	56	130760	买盘
10:13:28	23.3	-0.03	101	235330	卖盘
10:13:24	23.33	0.02	17	39661	买盘
10:13:19	23.31	0.03	32	74592	中性盘
10:13:13	23.28	-0.02	10	23280	卖盘
10:13:09	23.3	--	21	48930	卖盘
10:13:04	23.3	0.01	104	242320	买盘
10:12:58	23.29	0.01	59	137411	买盘
10:12:54	23.28	0.01	10	23280	买盘
10:12:49	23.27	0.01	54	125658	买盘
10:12:43	23.26	0.01	58	134908	买盘
10:12:39	23.25	--	18	41850	卖盘
10:12:34	23.25	--	55	127875	卖盘
10:12:28	23.25	--	32	74400	买盘
10:12:24	23.25	0.02	5	11625	买盘
10:12:19	23.23	0.01	21	48783	买盘
10:12:13	23.22	0.01	17	39474	中性盘
10:12:09	23.21	-0.04	16	37136	卖盘
10:12:04	23.25	0.04	119	276675	买盘
10:11:58	23.21	0.02	42	97482	买盘
10:11:49	23.19	-0.01	43	99717	买盘
10:11:43	23.2	0.06	176	408320	买盘
10:11:39	23.14	-0.04	2	4628	卖盘
10:11:34	23.18	0.05	81	187758	中性盘
10:11:28	23.13	-0.01	23	53199	卖盘
10:11:13	23.14	-0.06	20	46280	卖盘
10:11:04	23.2	--	7	16240	买盘
10:10:58	23.2	-0.01	14	32480	卖盘
10:10:54	23.21	--	16	37136	卖盘
10:10:49	23.21	0.01	25	58025	买盘
10:10:43	23.2	-0.01	56	129920	卖盘
10:10:39	23.21	0.08	20	46420	买盘
10:10:34	23.13	-0.07	8	18504	卖盘
10:10:28	23.2	0.02	49	113680	买盘
10:10:24	23.18	0.02	207	479826	买盘
10:10:19	23.16	0.03	74	171384	买盘
10:10:13	23.13	-0.03	11	25443	买盘
10:10:09	23.16	--	0	0	买盘
10:10:04	23.16	--	147	340452	买盘
10:09:58	23.16	0.03	22	50952	买盘
10:09:54	23.13	--	106	245178	卖盘
10:09:49	23.13	--	8	18504	卖盘
10:09:43	23.13	--	39	90207	卖盘
10:09:39	23.13	--	5	11565	中性盘
10:09:34	23.13	-0.04	38	87894	卖盘
10:09:28	23.17	0.04	69	159873	买盘
10:09:24	23.13	0.01	4	9252	买盘
10:09:19	23.12	-0.01	64	147968	卖盘
10:09:13	23.13	0.01	6	13878	买盘
10:09:09	23.12	0.02	67	156152	买盘
10:09:04	23.1	-0.01	33	76230	卖盘
10:08:58	23.11	0.01	10	23110	买盘
10:08:54	23.1	--	45	103950	卖盘
10:08:43	23.1	0.05	68	157080	买盘
10:08:39	23.05	--	33	76065	买盘
10:08:34	23.05	0.03	5	11525	买盘
10:08:28	23.02	-0.03	6	13812	中性盘
10:08:24	23.05	0.05	2	4610	买盘
10:08:13	23.0	0.01	188	432952	买盘
10:08:09	22.99	--	5	11495	买盘
10:08:04	22.99	--	19	43681	买盘
10:07:58	22.99	0.02	21	48279	买盘
10:07:54	22.97	--	54	124038	买盘
10:07:48	22.97	--	0	0	买盘
10:07:43	22.97	0.01	16	36752	买盘
10:07:39	22.96	0.01	6	13776	买盘
10:07:28	22.95	--	75	172125	买盘
10:07:24	22.95	0.01	35	80325	买盘
10:07:13	22.94	0.01	13	29822	买盘
10:07:03	22.93	0.02	7	16051	买盘
10:06:58	22.91	0.01	95	218790	买盘
10:06:48	22.9	--	5	11450	卖盘
10:06:43	22.9	--	101	231290	买盘
10:06:37	22.9	--	25	57250	买盘
10:06:28	22.9	--	24	54960	买盘
10:06:22	22.9	0.01	90	206100	买盘
10:06:13	22.89	--	7	16023	买盘
10:06:07	22.89	--	0	0	买盘
10:06:03	22.89	0.02	5	11445	买盘
10:05:43	22.87	--	16	36592	买盘
10:05:33	22.87	0.02	6	13722	买盘
10:05:28	22.85	-0.01	48	109680	卖盘
10:05:22	22.86	--	17	38862	卖盘
10:05:18	22.86	0.01	1	2286	中性盘
10:05:13	22.85	-0.01	1	2285	卖盘
10:05:07	22.86	--	17	38862	卖盘
10:05:03	22.86	--	4	9144	买盘
10:04:58	22.86	--	0	0	中性盘
10:04:48	22.86	-0.01	8	18288	卖盘
10:04:28	22.87	0.01	30	68610	买盘
10:04:13	22.86	--	14	32004	卖盘
10:04:07	22.86	--	11	25146	卖盘
10:03:58	22.86	--	5	11430	卖盘
10:03:43	22.86	--	35	80010	买盘
10:03:33	22.86	--	1	2286	买盘
10:03:22	22.86	-0.04	3	6858	卖盘
10:03:18	22.9	0.03	30	68700	买盘
10:03:13	22.87	--	6	13722	买盘
10:03:07	22.87	0.02	49	112063	买盘
10:03:03	22.85	-0.02	28	63980	卖盘
10:02:58	22.87	0.02	12	27444	买盘
10:02:52	22.85	--	22	50270	卖盘
10:02:37	22.85	--	10	22850	卖盘
10:02:33	22.85	--	3	6855	卖盘
10:02:28	22.85	-0.01	5	11425	卖盘
10:02:22	22.86	0.01	5	11430	买盘
10:02:13	22.85	-0.01	5	11425	卖盘
10:02:07	22.86	-0.01	3	6858	买盘
10:02:03	22.87	--	0	0	买盘
10:01:57	22.87	0.01	15	34305	买盘
10:01:52	22.86	-0.01	70	160020	卖盘
10:01:37	22.87	--	10	22870	买盘
10:01:33	22.87	-0.02	125	285875	卖盘
10:01:28	22.89	0.01	11	25179	买盘
10:01:22	22.88	--	3	6864	卖盘
10:01:18	22.88	--	2	4576	卖盘
10:01:07	22.88	--	0	0	卖盘
10:01:03	22.88	--	31	70928	卖盘
10:00:48	22.88	-0.02	11	25168	卖盘
10:00:22	22.9	--	0	0	买盘
10:00:16	22.9	0.02	56	128239	买盘
10:00:12	22.88	-0.02	15	34320	卖盘
09:59:57	22.9	-0.01	31	70990	卖盘
09:59:52	22.91	0.01	3	6873	买盘
09:59:46	22.9	--	29	66410	卖盘
09:59:37	22.9	--	54	123659	买盘
09:59:31	22.9	0.01	36	82440	买盘
09:59:12	22.89	0.01	44	100716	买盘
09:59:01	22.88	-0.01	15	34320	卖盘
09:58:57	22.89	--	26	59514	卖盘
09:58:52	22.89	--	4	9156	卖盘
09:58:37	22.89	0.01	3	6867	买盘
09:58:31	22.88	-0.01	1	2288	买盘
09:58:22	22.89	0.02	30	68670	买盘
09:58:16	22.87	-0.02	27	61749	卖盘
09:58:07	22.89	--	11	25179	买盘
09:58:01	22.89	--	30	68670	买盘
09:57:52	22.89	-0.01	25	57225	买盘
09:57:42	22.9	--	0	0	买盘
09:57:31	22.9	0.04	60	137400	买盘
09:57:27	22.86	--	0	0	卖盘
09:57:16	22.86	-0.04	12	27432	卖盘
09:57:12	22.9	0.04	30	68700	买盘
09:56:57	22.86	-0.04	5	11430	卖盘
09:56:37	22.9	0.01	50	114500	买盘
09:56:22	22.89	0.01	36	82404	买盘
09:56:16	22.88	0.02	15	34320	买盘
09:56:12	22.86	--	5	11430	卖盘
09:56:07	22.86	0.01	15	34290	卖盘
09:56:01	22.85	--	0	0	卖盘
09:55:52	22.85	-0.01	54	123390	卖盘
09:55:46	22.86	0.01	4	9144	买盘
09:55:31	22.85	--	0	0	卖盘
09:55:27	22.85	--	1	2285	卖盘
09:55:22	22.85	--	0	0	中性盘
09:55:16	22.85	--	20	45700	买盘
09:55:12	22.85	--	1	2285	买盘
09:55:01	22.85	-0.05	20	45700	卖盘
09:54:36	22.9	--	22	50380	卖盘
09:54:31	22.9	--	7	16029	卖盘
09:54:21	22.9	0.05	43	98470	买盘
09:54:16	22.85	-0.06	26	59410	卖盘
09:54:12	22.91	--	0	0	买盘
09:54:01	22.91	0.01	87	199317	买盘
09:53:51	22.9	-0.01	1	2290	中性盘
09:53:46	22.91	0.05	60	137460	买盘
09:53:40	22.86	-0.03	20	45720	卖盘
09:53:31	22.89	-0.01	13	29757	买盘
09:53:25	22.9	--	0	0	买盘
09:53:16	22.9	--	20	45800	买盘
09:53:10	22.9	0.03	21	48090	买盘
09:53:06	22.87	-0.04	13	29731	卖盘
09:53:01	22.91	0.01	46	105386	买盘
09:52:55	22.9	--	51	116790	买盘
09:52:51	22.9	--	16	36640	买盘
09:52:46	22.9	0.01	12	27480	买盘
09:52:40	22.89	0.03	2	4578	卖盘
09:52:36	22.86	-0.04	30	68580	卖盘
09:52:31	22.9	--	0	0	买盘
09:52:21	22.9	-0.01	7	16029	买盘
09:52:16	22.91	--	0	0	买盘
09:52:10	22.91	0.04	203	465073	买盘
09:51:51	22.87	--	0	0	卖盘
09:51:46	22.87	-0.03	3	6861	卖盘
09:51:40	22.9	0.01	30	68700	买盘
09:51:31	22.89	--	0	0	买盘
09:51:25	22.89	-0.01	27	61803	买盘
09:51:16	22.9	--	0	0	买盘
09:51:10	22.9	--	5	11450	买盘
09:51:06	22.9	--	4	9160	买盘
09:51:01	22.9	--	2	4580	买盘
09:50:55	22.9	--	0	0	买盘
09:50:46	22.9	--	18	41220	买盘
09:50:36	22.9	--	0	0	买盘
09:50:31	22.9	--	30	68700	买盘
09:50:25	22.9	0.03	90	206100	买盘
09:50:10	22.87	--	6	13722	卖盘
09:50:01	22.87	-0.03	5	11435	卖盘
09:49:55	22.9	0.01	91	208390	买盘
09:49:51	22.89	0.02	20	45780	买盘
09:49:46	22.87	-0.03	55	125785	卖盘
09:49:40	22.9	0.01	33	75570	买盘
09:49:31	22.89	--	10	22890	卖盘
09:49:25	22.89	-0.01	22	50358	卖盘
09:49:21	22.9	0.01	9	20610	买盘
09:49:16	22.89	-0.01	119	272391	卖盘
09:49:10	22.9	--	5	11450	卖盘
09:49:01	22.9	--	10	22900	买盘
09:48:51	22.9	--	30	68700	买盘
09:48:46	22.9	--	6	13740	买盘
09:48:40	22.9	0.01	10	22900	买盘
09:48:15	22.89	--	30	68670	卖盘
09:48:10	22.89	0.05	77	176253	买盘
09:48:01	22.84	--	20	45680	买盘
09:47:55	22.84	0.01	1	2284	中性盘
09:47:51	22.83	--	18	41094	卖盘
09:47:45	22.83	-0.01	5	11415	卖盘
09:47:40	22.84	--	2	4568	买盘
09:47:36	22.84	--	9	20556	卖盘
09:47:25	22.84	--	13	29692	卖盘
09:47:21	22.84	0.01	20	45680	买盘
09:47:10	22.83	-0.01	37	84471	卖盘
09:47:04	22.84	--	68	155312	买盘
09:47:00	22.84	--	3	6852	买盘
09:46:49	22.84	0.01	2	4568	买盘
09:46:45	22.83	-0.01	5	11415	卖盘
09:46:40	22.84	--	50	114200	买盘
09:46:34	22.84	0.01	32	73088	买盘
09:46:25	22.83	-0.01	11	25112	卖盘
09:46:19	22.84	--	19	43396	买盘
09:46:15	22.84	--	145	331180	买盘
09:46:04	22.84	--	23	52532	买盘
09:46:00	22.84	0.01	3	6852	买盘
09:45:55	22.83	--	6	13697	卖盘
09:45:49	22.83	--	10	22830	卖盘
09:45:45	22.83	--	9	20547	卖盘
09:45:40	22.83	--	28	63923	卖盘
09:45:34	22.83	--	38	86754	买盘
09:45:30	22.83	0.01	52	118715	买盘
09:45:25	22.82	-0.01	25	57050	卖盘
09:45:19	22.83	--	14	31961	买盘
09:45:15	22.83	--	1	2283	买盘
09:45:10	22.83	-0.01	79	180357	卖盘
09:45:00	22.84	--	6	13704	买盘
09:44:55	22.84	0.01	33	75372	买盘
09:44:49	22.83	-0.01	6	13697	卖盘
09:44:45	22.84	--	3	6852	买盘
09:44:40	22.84	--	69	157596	卖盘
09:44:34	22.84	--	0	0	卖盘
09:44:30	22.84	--	2	4568	卖盘
09:44:25	22.84	0.01	12	27408	卖盘
09:44:15	22.83	--	0	0	卖盘
09:44:10	22.83	--	5	11415	买盘
09:43:55	22.83	--	61	139263	卖盘
09:43:49	22.83	-0.02	21	47943	卖盘
09:43:45	22.85	--	12	27420	买盘
09:43:40	22.85	--	13	29705	买盘
09:43:34	22.85	0.02	52	118820	买盘
09:43:30	22.83	-0.02	2	4566	卖盘
09:43:25	22.85	--	40	91400	买盘
09:43:19	22.85	--	55	125675	卖盘
09:43:15	22.85	-0.02	14	31990	卖盘
09:43:10	22.87	0.02	10	22870	卖盘
09:43:04	22.85	-0.02	27	61695	卖盘
09:43:00	22.87	0.02	47	107489	买盘
09:42:55	22.85	--	20	45700	卖盘
09:42:49	22.85	-0.02	42	95970	卖盘
09:42:40	22.87	0.01	32	73184	买盘
09:42:25	22.86	-0.01	1	2286	卖盘
09:42:19	22.87	0.01	14	32018	中性盘
09:42:15	22.86	-0.02	70	160020	卖盘
09:42:10	22.88	--	30	68640	买盘
09:42:00	22.88	-0.03	125	286000	卖盘
09:41:49	22.91	--	22	50402	买盘
09:41:40	22.91	-0.01	41	93931	卖盘
09:41:30	22.92	--	12	27504	买盘
09:41:19	22.92	--	11	25212	买盘
09:41:14	22.92	--	8	18336	买盘
09:41:04	22.92	--	8	18336	买盘
09:41:00	22.92	--	33	75636	卖盘
09:40:49	22.92	0.01	57	130644	买盘
09:40:34	22.91	--	16	36656	买盘
09:40:29	22.91	--	47	107677	买盘
09:40:24	22.91	0.01	15	34365	买盘
09:40:19	22.9	--	5	11450	卖盘
09:39:58	22.9	--	22	50380	买盘
09:39:49	22.9	0.04	25	57250	买盘
09:39:43	22.86	-0.03	35	80010	卖盘
09:39:34	22.89	0.01	8	18312	买盘
09:39:28	22.88	-0.01	4	9152	卖盘
09:39:24	22.89	--	6	13734	买盘
09:39:19	22.89	0.01	46	105294	中性盘
09:39:13	22.88	-0.02	1	2288	卖盘
09:39:09	22.9	0.01	54	123659	买盘
09:39:04	22.89	0.01	52	119028	买盘
09:38:58	22.88	-0.02	37	84656	卖盘
09:38:54	22.9	--	6	13740	买盘
09:38:49	22.9	--	16	36640	买盘
09:38:43	22.9	--	2	4580	买盘
09:38:39	22.9	--	20	45800	买盘
09:38:34	22.9	--	38	87020	买盘
09:38:28	22.9	--	42	96180	买盘
09:38:19	22.9	-0.01	100	229000	卖盘
09:38:13	22.91	0.01	36	82476	买盘
09:38:09	22.9	--	11	25190	卖盘
09:38:04	22.9	-0.01	12	27480	卖盘
09:37:58	22.91	0.01	5	11455	买盘
09:37:54	22.9	-0.01	1	2290	卖盘
09:37:49	22.91	-0.01	119	272629	卖盘
09:37:43	22.92	0.01	35	80220	买盘
09:37:39	22.91	-0.01	13	29783	卖盘
09:37:34	22.92	0.01	17	38964	买盘
09:37:24	22.91	-0.01	18	41238	卖盘
09:37:19	22.92	--	32	73344	卖盘
09:37:13	22.92	-0.01	10	22920	卖盘
09:37:04	22.93	0.01	16	36688	中性盘
09:36:58	22.92	-0.01	16	36672	卖盘
09:36:54	22.93	-0.01	7	16051	卖盘
09:36:49	22.94	0.01	7	16058	买盘
09:36:43	22.93	-0.01	3	6879	卖盘
09:36:34	22.94	-0.01	49	112406	卖盘
09:36:28	22.95	0.02	14	32130	买盘
09:36:24	22.93	-0.03	10	22930	卖盘
09:36:19	22.96	--	16	36736	买盘
09:36:13	22.96	0.01	24	55104	中性盘
09:36:09	22.95	-0.02	25	57375	卖盘
09:36:04	22.97	0.03	20	45940	买盘
09:35:58	22.94	-0.04	23	52762	卖盘
09:35:54	22.98	0.04	23	52854	买盘
09:35:49	22.94	-0.03	25	57350	卖盘
09:35:43	22.97	--	23	52831	买盘
09:35:34	22.97	0.03	10	22970	买盘
09:35:28	22.94	-0.03	24	55056	卖盘
09:35:18	22.97	0.04	79	181463	买盘
09:35:13	22.93	--	11	25223	卖盘
09:35:09	22.93	--	20	45860	卖盘
09:35:04	22.93	--	20	45860	卖盘
09:34:58	22.93	0.02	44	100892	买盘
09:34:48	22.91	-0.02	53	121423	卖盘
09:34:43	22.93	0.03	38	87134	买盘
09:34:38	22.9	--	0	0	卖盘
09:34:33	22.9	-0.03	16	36640	卖盘
09:34:28	22.93	--	22	50446	买盘
09:34:23	22.93	-0.02	6	13758	中性盘
09:34:13	22.95	0.02	16	36720	买盘
09:34:09	22.93	-0.02	20	45860	卖盘
09:33:58	22.95	0.01	5	11475	买盘
09:33:52	22.94	0.05	17	38998	买盘
09:33:48	22.89	-0.05	9	20601	卖盘
09:33:43	22.94	0.04	24	55056	买盘
09:33:37	22.9	--	1	2290	卖盘
09:33:33	22.9	0.02	17	38930	买盘
09:33:22	22.88	-0.01	5	11440	卖盘
09:33:18	22.89	--	1	2289	买盘
09:33:13	22.89	0.01	21	48069	买盘
09:33:07	22.88	0.01	14	32032	买盘
09:32:52	22.87	--	12	27444	卖盘
09:32:43	22.87	--	2	4574	买盘
09:32:37	22.87	--	8	18296	买盘
09:32:33	22.87	0.01	6	13722	买盘
09:32:28	22.86	--	21	48006	卖盘
09:32:13	22.86	0.01	6	13716	买盘
09:32:03	22.85	--	16	36560	卖盘
09:31:58	22.85	--	19	43415	买盘
09:31:52	22.85	0.02	7	15995	买盘
09:31:43	22.83	--	3	6848	卖盘
09:31:37	22.83	-0.02	11	25112	卖盘
09:31:33	22.85	--	0	0	买盘
09:31:28	22.85	0.08	37	84545	买盘
09:31:22	22.77	--	2	4554	卖盘
09:31:13	22.77	--	14	31878	卖盘
09:31:07	22.77	0.02	11	25047	买盘
09:30:58	22.75	-0.02	4	9100	卖盘
09:30:52	22.77	--	13	29601	买盘
09:30:48	22.77	0.02	10	22770	买盘
09:30:43	22.75	-0.08	14	31850	卖盘
09:30:37	22.83	--	40	91320	买盘
09:30:28	22.83	--	0	0	买盘
09:30:22	22.83	--	2	4566	买盘
09:30:13	22.83	0.1	9	20547	买盘
09:30:07	22.73	--	357	811461	买盘
09:30:03	22.73	--	7	15911	卖盘
09:28:51	22.73	--	0	0	卖盘
09:25:07	22.73	22.73	159	361407	买盘
