成交时间	成交价	价格变动	成交量(手)	成交额(元)	性质
15:00:00	6.24	--	0	0	买盘
15:00:00	6.24	--	10	6240	买盘
14:59:59	6.24	--	384	239616	买盘
14:59:54	6.24	--	235	146640	买盘
14:59:49	6.24	0.01	159	99216	买盘
14:59:44	6.23	-0.01	319	198737	卖盘
14:59:39	6.24	0.01	68	42432	买盘
14:59:34	6.23	--	97	60431	卖盘
14:59:29	6.23	-0.01	39	24297	卖盘
14:59:24	6.24	--	42	26208	买盘
14:59:19	6.24	0.01	542	338208	买盘
14:59:14	6.23	-0.01	197	122731	卖盘
14:59:09	6.24	--	138	86112	卖盘
14:59:04	6.24	--	348	217152	买盘
14:58:59	6.24	--	167	104208	买盘
14:58:54	6.24	--	40	24960	买盘
14:58:49	6.24	-0.01	471	293904	卖盘
14:58:44	6.25	0.01	133	83125	买盘
14:58:39	6.24	--	284	177216	卖盘
14:58:34	6.24	--	128	79872	卖盘
14:58:29	6.24	--	371	231504	卖盘
14:58:24	6.24	--	15	9360	卖盘
14:58:19	6.24	-0.01	348	217152	卖盘
14:58:14	6.25	0.01	191	119375	买盘
14:58:09	6.24	0.01	58	36192	买盘
14:58:04	6.23	-0.01	98	61054	卖盘
14:57:59	6.24	--	315	196560	买盘
14:57:54	6.24	--	22	13728	买盘
14:57:49	6.24	--	538	335712	卖盘
14:57:44	6.24	--	81	50544	卖盘
14:57:39	6.24	-0.01	37	23088	卖盘
14:57:34	6.25	0.01	83	51875	买盘
14:57:29	6.24	--	106	66144	卖盘
14:57:24	6.24	--	48	29952	卖盘
14:57:19	6.24	0.01	1336	833664	买盘
14:57:14	6.23	-0.01	160	99680	卖盘
14:57:09	6.24	-0.01	43	26832	卖盘
14:57:04	6.25	0.01	195	121875	买盘
14:56:59	6.24	--	420	262080	卖盘
14:56:54	6.24	-0.01	58	36192	卖盘
14:56:49	6.25	0.01	10	6250	买盘
14:56:44	6.24	--	212	132288	卖盘
14:56:39	6.24	--	136	84864	卖盘
14:56:34	6.24	-0.01	172	107328	卖盘
14:56:29	6.25	0.01	174	108750	买盘
14:56:24	6.24	--	62	38688	卖盘
14:56:18	6.24	--	202	126048	卖盘
14:56:14	6.24	--	637	397488	卖盘
14:56:09	6.24	--	41	25584	卖盘
14:56:04	6.24	--	96	59904	卖盘
14:55:59	6.24	--	22	13728	卖盘
14:55:54	6.24	-0.01	86	53664	卖盘
14:55:49	6.25	--	115	71875	买盘
14:55:44	6.25	0.01	174	108750	买盘
14:55:39	6.24	--	1497	934128	卖盘
14:55:34	6.24	-0.01	57	35568	卖盘
14:55:29	6.25	0.01	264	165000	买盘
14:55:24	6.24	--	31	19344	卖盘
14:55:19	6.24	--	21	13104	卖盘
14:55:14	6.24	--	46	28704	卖盘
14:55:09	6.24	--	91	56784	卖盘
14:55:03	6.24	--	5	3120	卖盘
14:54:54	6.24	--	70	43680	卖盘
14:54:49	6.24	--	1	624	卖盘
14:54:43	6.24	-0.01	281	175344	卖盘
14:54:38	6.25	--	166	104031	卖盘
14:54:33	6.25	--	528	330000	卖盘
14:54:29	6.25	--	321	200625	卖盘
14:54:24	6.25	--	189	118125	卖盘
14:54:19	6.25	--	48	30000	卖盘
14:54:13	6.25	-0.01	386	241250	卖盘
14:54:08	6.26	0.01	1522	952772	买盘
14:54:03	6.25	--	77	48125	卖盘
14:53:58	6.25	--	1633	1020625	卖盘
14:53:53	6.25	-0.01	493	308125	卖盘
14:53:48	6.26	0.01	389	243514	买盘
14:53:43	6.25	--	1340	837500	卖盘
14:53:38	6.25	--	195	121875	卖盘
14:53:33	6.25	--	166	103750	卖盘
14:53:28	6.25	--	209	130625	卖盘
14:53:23	6.25	--	266	166250	卖盘
14:53:17	6.25	-0.01	114	71250	卖盘
14:53:13	6.26	0.01	391	244766	买盘
14:53:08	6.25	-0.01	184	115000	卖盘
14:53:02	6.26	0.01	132	82632	买盘
14:52:58	6.25	--	283	176875	卖盘
14:52:53	6.25	--	333	208125	卖盘
14:52:48	6.25	--	77	48125	卖盘
14:52:43	6.25	--	318	198750	卖盘
14:52:38	6.25	--	270	168750	卖盘
14:52:32	6.25	--	30	18750	卖盘
14:52:28	6.25	--	180	112500	卖盘
14:52:23	6.25	--	159	99375	卖盘
14:52:17	6.25	--	39	24375	卖盘
14:52:13	6.25	--	74	46250	卖盘
14:52:08	6.25	-0.01	1107	691875	卖盘
14:51:58	6.26	0.01	115	71990	买盘
14:51:53	6.25	-0.01	877	548162	卖盘
14:51:47	6.26	--	252	157752	卖盘
14:51:43	6.26	--	175	109550	卖盘
14:51:38	6.26	--	390	244140	卖盘
14:51:33	6.26	--	282	176532	卖盘
14:51:28	6.26	--	248	155248	卖盘
14:51:23	6.26	--	161	100786	卖盘
14:51:17	6.26	--	2518	1576268	卖盘
14:51:13	6.26	--	672	421260	卖盘
14:51:08	6.26	--	2376	1487376	卖盘
14:51:02	6.26	--	111	69486	卖盘
14:50:58	6.26	--	1931	1208806	卖盘
14:50:53	6.26	--	199	124574	卖盘
14:50:47	6.26	-0.01	124	77624	卖盘
14:50:43	6.27	0.01	305	191235	买盘
14:50:38	6.26	--	189	118314	卖盘
14:50:32	6.26	--	356	222856	卖盘
14:50:27	6.26	--	131	82006	卖盘
14:50:23	6.26	0.01	1278	800028	买盘
14:50:17	6.25	--	88	55000	卖盘
14:50:13	6.25	--	25	15625	卖盘
14:50:08	6.25	--	95	59375	卖盘
14:50:02	6.25	--	236	147500	卖盘
14:49:58	6.25	-0.01	86	53750	卖盘
14:49:53	6.26	0.01	2738	1713988	买盘
14:49:47	6.25	--	75	46875	卖盘
14:49:42	6.25	--	18	11250	卖盘
14:49:38	6.25	-0.01	38	23750	卖盘
14:49:32	6.26	0.01	364	227864	买盘
14:49:27	6.25	--	126	78750	卖盘
14:49:23	6.25	--	94	58750	卖盘
14:49:17	6.25	--	38	23750	卖盘
14:49:12	6.25	--	35	21875	卖盘
14:49:08	6.25	--	199	124375	卖盘
14:49:02	6.25	-0.01	141	88125	卖盘
14:48:58	6.26	0.01	1380	864224	买盘
14:48:53	6.25	--	269	168125	卖盘
14:48:47	6.25	--	1789	1118125	卖盘
14:48:42	6.25	--	168	105000	卖盘
14:48:38	6.25	--	160	100000	买盘
14:48:32	6.25	0.01	15	9375	买盘
14:48:27	6.24	-0.01	368	229632	卖盘
14:48:23	6.25	-0.01	116	72500	中性盘
14:48:17	6.26	0.01	1524	954024	买盘
14:48:12	6.25	--	30	18750	卖盘
14:48:07	6.25	--	157	98125	卖盘
14:48:02	6.25	--	1423	889375	卖盘
14:47:56	6.25	--	1237	773125	卖盘
14:47:53	6.25	--	102	63750	卖盘
14:47:47	6.25	--	336	210000	卖盘
14:47:42	6.25	--	13	8125	卖盘
14:47:37	6.25	--	41	25625	卖盘
14:47:32	6.25	0.01	707	441875	买盘
14:47:22	6.24	-0.01	36	22464	卖盘
14:47:17	6.25	--	280	175000	卖盘
14:47:12	6.25	--	1605	1003125	卖盘
14:47:07	6.25	--	197	123125	卖盘
14:47:02	6.25	--	5	3125	卖盘
14:46:56	6.25	--	50	31250	卖盘
14:46:52	6.25	--	42	26250	卖盘
14:46:47	6.25	-0.01	41	25625	卖盘
14:46:41	6.26	--	80	50080	买盘
14:46:37	6.26	0.01	922	577172	买盘
14:46:32	6.25	-0.01	85	53125	卖盘
14:46:27	6.26	0.01	29	18154	买盘
14:46:22	6.25	-0.01	90	56250	卖盘
14:46:17	6.26	0.01	69	43194	买盘
14:46:11	6.25	-0.01	70	43750	卖盘
14:46:07	6.26	0.01	307	192182	买盘
14:46:02	6.25	--	6	3750	卖盘
14:45:56	6.25	--	17	10625	卖盘
14:45:52	6.25	--	16	10000	卖盘
14:45:47	6.25	-0.01	105	65625	卖盘
14:45:41	6.26	--	506	316756	买盘
14:45:37	6.26	--	889	556514	买盘
14:45:32	6.26	--	20	12520	买盘
14:45:26	6.26	--	685	428810	买盘
14:45:22	6.26	0.01	1373	859498	买盘
14:45:17	6.25	-0.01	86	54031	卖盘
14:45:11	6.26	0.01	235	147110	买盘
14:45:07	6.25	-0.01	619	386875	卖盘
14:45:02	6.26	0.01	20	12520	买盘
14:44:56	6.25	--	210	131250	卖盘
14:44:52	6.25	--	262	163750	卖盘
14:44:47	6.25	-0.01	46	28750	卖盘
14:44:41	6.26	0.01	42	26292	买盘
14:44:37	6.25	-0.01	42	26250	卖盘
14:44:32	6.26	0.01	175	109550	买盘
14:44:26	6.25	-0.01	110	68750	卖盘
14:44:22	6.26	0.01	269	168738	买盘
14:44:17	6.25	-0.01	672	420000	卖盘
14:44:11	6.26	0.01	1902	1190652	买盘
14:44:06	6.25	-0.01	57	35625	卖盘
14:44:02	6.26	0.01	36	22536	买盘
14:43:56	6.25	--	241	150625	卖盘
14:43:51	6.25	-0.01	278	173750	卖盘
14:43:47	6.26	--	220	137720	卖盘
14:43:41	6.26	0.01	1605	1004730	买盘
14:43:36	6.25	--	121	75625	卖盘
14:43:32	6.25	--	95	59375	卖盘
14:43:26	6.25	--	882	551250	买盘
14:43:21	6.25	--	105	65625	买盘
14:43:17	6.25	--	121	75625	买盘
14:43:11	6.25	0.01	126	78750	买盘
14:43:06	6.24	-0.03	22	13728	卖盘
14:43:01	6.27	0.02	553	346731	买盘
14:42:56	6.25	--	1766	1103750	卖盘
14:42:51	6.25	--	1621	1013125	卖盘
14:42:47	6.25	-0.01	50	31250	卖盘
14:42:41	6.26	0.01	2333	1460458	买盘
14:42:36	6.25	--	216	135000	卖盘
14:42:32	6.25	-0.01	73	45625	卖盘
14:42:26	6.26	--	20	12520	买盘
14:42:21	6.26	0.01	40	25040	买盘
14:42:17	6.25	-0.01	371	231875	卖盘
14:42:11	6.26	--	459	287334	买盘
14:42:02	6.26	--	684	428184	买盘
14:41:56	6.26	0.01	1549	969674	买盘
14:41:51	6.25	--	59	36875	卖盘
14:41:46	6.25	-0.01	159	99375	卖盘
14:41:41	6.26	0.01	319	199694	买盘
14:41:36	6.25	--	53	33125	卖盘
14:41:31	6.25	--	345	215625	卖盘
14:41:26	6.25	--	61	38125	买盘
14:41:16	6.25	--	172	107500	卖盘
14:41:11	6.25	0.01	549	343125	买盘
14:41:06	6.24	-0.01	214	133536	卖盘
14:41:01	6.25	0.01	136	85000	买盘
14:40:56	6.24	-0.01	284	177216	卖盘
14:40:51	6.25	0.01	505	315625	买盘
14:40:46	6.24	-0.01	28	17472	卖盘
14:40:31	6.25	--	73	45625	卖盘
14:40:26	6.25	--	464	290000	卖盘
14:40:20	6.25	--	30	18750	卖盘
14:40:16	6.25	--	43	26875	卖盘
14:40:11	6.25	--	66	41250	买盘
14:40:05	6.25	0.01	2	1250	卖盘
14:40:01	6.24	--	22	13728	卖盘
14:39:56	6.24	--	392	244608	卖盘
14:39:50	6.24	-0.01	2	1248	卖盘
14:39:46	6.25	0.01	20	12500	买盘
14:39:41	6.24	-0.02	83	51792	卖盘
14:39:35	6.26	0.01	331	207206	买盘
14:39:31	6.25	--	343	214825	卖盘
14:39:26	6.25	-0.01	451	281875	卖盘
14:39:20	6.26	0.01	388	242888	买盘
14:39:16	6.25	--	5	3125	卖盘
14:39:11	6.25	--	70	43750	卖盘
14:39:05	6.25	-0.01	2	1250	卖盘
14:39:01	6.26	--	516	323016	买盘
14:38:56	6.26	--	21	13146	买盘
14:38:46	6.26	--	992	621455	卖盘
14:38:41	6.26	--	172	108010	卖盘
14:38:35	6.26	-0.01	573	359305	卖盘
14:38:31	6.27	--	520	326040	买盘
14:38:26	6.27	0.01	183	114740	买盘
14:38:20	6.26	-0.01	189	118314	卖盘
14:38:16	6.27	0.01	608	381410	买盘
14:38:11	6.26	--	68	42568	卖盘
14:38:05	6.26	-0.01	1	626	卖盘
14:38:01	6.27	--	621	389367	买盘
14:37:56	6.27	--	1415	887204	买盘
14:37:50	6.27	--	316	198132	买盘
14:37:46	6.27	0.01	466	292182	买盘
14:37:41	6.26	-0.01	650	406900	卖盘
14:37:35	6.27	0.01	184	115367	买盘
14:37:30	6.26	--	94	58844	卖盘
14:37:26	6.26	--	498	311748	卖盘
14:37:20	6.26	--	1481	927287	卖盘
14:37:15	6.26	-0.01	211	132086	卖盘
14:37:11	6.27	0.01	401	251426	买盘
14:37:05	6.26	-0.01	309	193434	卖盘
14:37:00	6.27	--	118	73986	买盘
14:36:56	6.27	0.01	583	365541	买盘
14:36:50	6.26	--	53	33178	卖盘
14:36:45	6.26	-0.01	95	59470	卖盘
14:36:41	6.27	0.01	473	296571	买盘
14:36:35	6.26	--	224	140224	卖盘
14:36:30	6.26	--	20	12520	卖盘
14:36:25	6.26	--	180	112680	卖盘
14:36:20	6.26	--	4067	2546035	买盘
14:36:15	6.26	--	487	305037	买盘
14:36:11	6.26	0.01	969	606594	买盘
14:36:05	6.25	--	182	113750	卖盘
14:36:00	6.25	--	138	86250	卖盘
14:35:55	6.25	-0.01	97	60625	卖盘
14:35:50	6.26	0.01	1957	1225082	买盘
14:35:45	6.25	--	92	57500	买盘
14:35:40	6.25	--	43	26875	中性盘
14:35:35	6.25	--	546	341250	卖盘
14:35:30	6.25	--	897	561000	买盘
14:35:25	6.25	0.01	478	298750	买盘
14:35:20	6.24	--	12	7668	卖盘
14:35:15	6.24	-0.01	20	12480	卖盘
14:35:10	6.25	0.01	169	105625	买盘
14:35:05	6.24	--	322	200928	卖盘
14:35:00	6.24	--	2	1248	卖盘
14:34:56	6.24	-0.01	10	6240	卖盘
14:34:45	6.25	--	5	3125	买盘
14:34:40	6.25	--	444	277500	买盘
14:34:35	6.25	--	323	201875	买盘
14:34:30	6.25	--	11	6875	买盘
14:34:25	6.25	0.01	1410	881431	买盘
14:34:20	6.24	--	1	624	卖盘
14:34:15	6.24	--	21	13104	卖盘
14:34:10	6.24	-0.01	51	31824	卖盘
14:34:05	6.25	--	450	281250	买盘
14:33:59	6.25	--	6	3750	买盘
14:33:55	6.25	0.01	511	319375	买盘
14:33:50	6.24	-0.01	70	43680	卖盘
14:33:44	6.25	--	866	541250	买盘
14:33:40	6.25	--	1476	922750	买盘
14:33:35	6.25	0.01	9	5625	买盘
14:33:29	6.24	--	2	1248	卖盘
14:33:25	6.24	-0.01	38	23892	卖盘
14:33:20	6.25	--	22	13750	买盘
14:33:10	6.25	--	8	5000	买盘
14:33:05	6.25	0.01	917	573125	买盘
14:32:59	6.24	--	3	1872	卖盘
14:32:55	6.24	--	43	27025	买盘
14:32:50	6.24	0.01	364	227136	买盘
14:32:44	6.23	--	5	3115	卖盘
14:32:40	6.23	-0.01	61	38003	卖盘
14:32:35	6.24	0.01	92	57408	买盘
14:32:29	6.23	-0.01	64	39872	卖盘
14:32:25	6.24	0.01	1187	740868	买盘
14:32:20	6.23	-0.01	35	21805	卖盘
14:32:14	6.24	--	12	7488	买盘
14:32:10	6.24	0.01	22	13728	买盘
14:32:05	6.23	-0.01	10	6230	中性盘
14:31:59	6.24	0.02	66	41184	买盘
14:31:55	6.22	-0.02	18	11196	卖盘
14:31:50	6.24	--	198	123552	买盘
14:31:44	6.24	0.01	67	41808	买盘
14:31:40	6.23	--	348	216804	买盘
14:31:35	6.23	--	108	67284	卖盘
14:31:29	6.23	--	52	32396	卖盘
14:31:25	6.23	--	302	188320	卖盘
14:31:19	6.23	--	1005	626115	买盘
14:31:14	6.23	0.01	50	31150	买盘
14:31:09	6.22	--	35	21770	卖盘
14:31:05	6.22	-0.01	33	20526	卖盘
14:30:59	6.23	0.01	131	81613	买盘
14:30:54	6.22	--	1	622	卖盘
14:30:49	6.22	--	163	101386	卖盘
14:30:44	6.22	--	2222	1382084	卖盘
14:30:39	6.22	--	527	327794	卖盘
14:30:35	6.22	--	20	12440	卖盘
14:30:29	6.22	--	29	18218	卖盘
14:30:24	6.22	--	66	41052	卖盘
14:30:19	6.22	--	230	143060	卖盘
14:30:14	6.22	-0.01	10	6220	卖盘
14:30:09	6.23	0.01	101	62923	买盘
14:30:04	6.22	-0.01	8	4976	卖盘
14:29:59	6.23	0.01	140	87220	买盘
14:29:54	6.22	--	5	3110	卖盘
14:29:50	6.22	--	38	23636	卖盘
14:29:44	6.22	--	13	8086	卖盘
14:29:39	6.22	-0.01	104	64688	卖盘
14:29:34	6.23	0.01	128	79744	买盘
14:29:29	6.22	-0.01	46	28792	卖盘
14:29:24	6.23	--	1000	623000	买盘
14:29:19	6.23	0.01	18	11214	买盘
14:29:14	6.22	-0.01	215	133730	卖盘
14:29:09	6.23	0.01	21	13083	买盘
14:29:04	6.22	--	199	123778	卖盘
14:28:59	6.22	-0.01	45	27990	卖盘
14:28:54	6.23	0.01	100	62300	买盘
14:28:49	6.22	-0.01	24	14928	卖盘
14:28:44	6.23	0.01	432	269136	买盘
14:28:39	6.22	-0.01	829	515638	卖盘
14:28:34	6.23	0.01	162	100926	买盘
14:28:29	6.22	-0.01	76	47452	卖盘
14:28:24	6.23	0.01	333	207459	买盘
14:28:19	6.22	-0.01	62	38564	卖盘
14:28:14	6.23	--	117	72891	买盘
14:28:09	6.23	0.01	5	3115	买盘
14:28:04	6.22	-0.01	2	1244	卖盘
14:27:59	6.23	--	19	11837	买盘
14:27:54	6.23	--	20	12460	买盘
14:27:49	6.23	0.01	21	13083	买盘
14:27:44	6.22	--	1083	673626	卖盘
14:27:34	6.22	-0.01	58	36250	卖盘
14:27:29	6.23	0.01	4	2492	买盘
14:27:19	6.22	--	16	9952	卖盘
14:27:14	6.22	--	45	27990	卖盘
14:27:04	6.22	-0.01	20	12440	卖盘
14:26:59	6.23	--	19	11837	买盘
14:26:53	6.23	--	10	6230	买盘
14:26:49	6.23	--	273	170521	卖盘
14:26:44	6.23	-0.01	111	69333	卖盘
14:26:38	6.24	0.01	99	61776	买盘
14:26:34	6.23	-0.01	15	9345	卖盘
14:26:29	6.24	0.01	106	66144	买盘
14:26:23	6.23	--	52	32396	卖盘
14:26:19	6.23	--	34	21182	卖盘
14:26:14	6.23	--	51	31773	卖盘
14:25:59	6.23	--	197	122731	买盘
14:25:53	6.23	0.01	77	47971	买盘
14:25:49	6.22	--	10	6220	卖盘
14:25:44	6.22	-0.01	6	3732	卖盘
14:25:38	6.23	0.01	22	13706	买盘
14:25:34	6.22	-0.02	2	1424	卖盘
14:25:29	6.24	--	0	0	买盘
14:25:23	6.24	0.02	5	3120	买盘
14:25:19	6.22	--	227	141194	卖盘
14:25:14	6.22	--	6	3732	卖盘
14:25:08	6.22	--	16	9952	卖盘
14:25:04	6.22	-0.01	44	27368	卖盘
14:24:59	6.23	--	20	12460	买盘
14:24:53	6.23	--	11	6853	卖盘
14:24:49	6.23	0.01	62	38626	买盘
14:24:43	6.22	-0.01	262	163144	卖盘
14:24:38	6.23	--	17	10591	卖盘
14:24:33	6.23	--	6	3738	卖盘
14:24:28	6.23	--	19	11837	卖盘
14:24:23	6.23	--	1086	676578	买盘
14:24:18	6.23	--	102	63546	买盘
14:24:13	6.23	--	144	89712	买盘
14:24:08	6.23	0.01	164	102172	买盘
14:24:03	6.22	-0.01	24	14928	卖盘
14:23:58	6.23	0.01	58	36134	买盘
14:23:53	6.22	--	132	82104	卖盘
14:23:48	6.22	--	37	23014	卖盘
14:23:43	6.22	-0.01	52	32524	卖盘
14:23:38	6.23	--	32	19936	买盘
14:23:23	6.23	--	20	12460	买盘
14:23:08	6.23	0.01	285	177567	买盘
14:22:58	6.22	--	117	72774	买盘
14:22:53	6.22	--	7	4354	买盘
14:22:48	6.22	--	69	42918	买盘
14:22:43	6.22	--	33	20700	买盘
14:22:38	6.22	--	36	22392	买盘
14:22:28	6.22	-0.01	4261	2650684	卖盘
14:22:23	6.23	0.01	3	1869	买盘
14:22:18	6.22	--	51	31722	卖盘
14:22:13	6.22	-0.01	120	74640	卖盘
14:22:08	6.23	--	35	21805	买盘
14:21:58	6.23	0.01	3	1869	买盘
14:21:53	6.22	-0.01	2	1424	卖盘
14:21:48	6.23	--	10	6230	买盘
14:21:43	6.23	--	206	128338	卖盘
14:21:38	6.23	-0.01	36	22428	卖盘
14:21:28	6.24	--	261	162864	买盘
14:21:18	6.24	0.01	42	26208	买盘
14:21:13	6.23	--	20	12460	卖盘
14:21:08	6.23	0.01	39	24297	卖盘
14:21:02	6.22	-0.01	220	136840	卖盘
14:20:58	6.23	-0.01	43	26789	卖盘
14:20:53	6.24	0.01	56	34944	买盘
14:20:43	6.23	--	48	30084	买盘
14:20:38	6.23	-0.01	26	16198	中性盘
14:20:32	6.24	0.01	123	77369	买盘
14:20:28	6.23	--	110	68536	买盘
14:20:23	6.23	0.01	147	91581	买盘
14:20:17	6.22	-0.01	6	3732	卖盘
14:20:13	6.23	--	57	35511	买盘
14:20:08	6.23	--	121	75383	买盘
14:20:02	6.23	0.01	58	36134	买盘
14:19:58	6.22	-0.01	5038	3133636	卖盘
14:19:53	6.23	0.01	73	45659	买盘
14:19:47	6.22	-0.01	44	27368	卖盘
14:19:43	6.23	0.01	76	47348	买盘
14:19:38	6.22	-0.01	256	159232	卖盘
14:19:32	6.23	--	129	80367	买盘
14:19:28	6.23	0.01	8	4984	买盘
14:19:23	6.22	--	80	49760	卖盘
14:19:17	6.22	-0.01	4	2488	卖盘
14:19:13	6.23	0.01	36	22428	买盘
14:19:08	6.22	--	85	52870	卖盘
14:19:02	6.22	--	1	622	卖盘
14:18:58	6.22	-0.01	32	19904	卖盘
14:18:53	6.23	0.01	9	5787	买盘
14:18:43	6.22	-0.01	69	42918	卖盘
14:18:38	6.23	0.01	45	28035	买盘
14:18:28	6.22	--	112	69844	买盘
14:18:23	6.22	--	116	72152	买盘
14:18:17	6.22	0.01	126	78372	买盘
14:18:12	6.21	-0.01	1	621	卖盘
14:18:08	6.22	--	1259	783539	卖盘
14:18:02	6.22	-0.01	144	89568	卖盘
14:17:57	6.23	--	22	13706	买盘
14:17:52	6.23	--	81	51079	卖盘
14:17:47	6.23	--	32	20110	卖盘
14:17:42	6.23	0.01	75	47179	买盘
14:17:37	6.22	-0.01	29	18038	卖盘
14:17:32	6.23	--	1547	963781	买盘
14:17:27	6.23	--	1	623	买盘
14:17:22	6.23	--	29	18067	买盘
14:17:17	6.23	-0.01	50	31318	卖盘
14:17:12	6.24	0.01	14	8736	买盘
14:17:07	6.23	--	89	55447	卖盘
14:17:02	6.23	--	207	128961	卖盘
14:16:57	6.23	--	2	1246	卖盘
14:16:52	6.23	--	76	47528	卖盘
14:16:47	6.23	-0.01	44	27412	卖盘
14:16:42	6.24	0.01	18	11232	买盘
14:16:37	6.23	-0.01	3	1869	卖盘
14:16:32	6.24	0.01	52	32448	买盘
14:16:22	6.23	--	88	54824	卖盘
14:16:17	6.23	--	38	23674	卖盘
14:16:12	6.23	-0.01	10	6230	卖盘
14:16:07	6.24	0.01	36	22464	买盘
14:16:02	6.23	--	10	6230	卖盘
14:15:57	6.23	--	216	134842	买盘
14:15:52	6.23	0.01	98	61234	买盘
14:15:47	6.22	-0.01	171	106362	卖盘
14:15:42	6.23	-0.01	306	190986	卖盘
14:15:37	6.24	0.01	215	134160	买盘
14:15:32	6.23	--	80	49840	卖盘
14:15:27	6.23	--	106	66038	卖盘
14:15:22	6.23	--	13	8099	卖盘
14:15:17	6.23	--	1664	1036672	卖盘
14:15:11	6.23	-0.01	10	6230	卖盘
14:15:07	6.24	0.01	166	103584	买盘
14:15:02	6.23	-0.01	80	49840	卖盘
14:14:57	6.24	0.01	14	8736	买盘
14:14:52	6.23	--	7	4541	卖盘
14:14:47	6.23	-0.01	90	56070	卖盘
14:14:42	6.24	--	45	28080	卖盘
14:14:37	6.24	--	167	104208	买盘
14:14:32	6.24	0.01	5	3120	买盘
14:14:26	6.23	-0.01	10	6230	卖盘
14:14:22	6.24	--	72	44928	买盘
14:14:17	6.24	0.01	236	147264	买盘
14:14:11	6.23	--	30	18690	卖盘
14:14:07	6.23	-0.01	163	101549	卖盘
14:14:02	6.24	--	26	16224	买盘
14:13:56	6.24	--	28	17652	买盘
14:13:52	6.24	0.01	113	70512	买盘
14:13:47	6.23	-0.01	7	4361	卖盘
14:13:41	6.24	-0.01	26	16224	卖盘
14:13:37	6.25	0.02	15	9375	买盘
14:13:32	6.23	-0.02	110	68530	卖盘
14:13:22	6.25	0.01	156	97500	买盘
14:13:17	6.24	-0.01	26	16224	卖盘
14:13:11	6.25	0.01	9	5625	买盘
14:13:07	6.24	-0.01	142	88608	卖盘
14:13:02	6.25	0.01	459	286875	买盘
14:12:56	6.24	-0.01	7	4542	卖盘
14:12:52	6.25	0.01	139	86875	买盘
14:12:47	6.24	-0.01	56	34944	卖盘
14:12:37	6.25	0.01	40	25000	买盘
14:12:32	6.24	-0.01	276	172224	卖盘
14:12:26	6.25	--	53	33125	买盘
14:12:22	6.25	--	50	31250	买盘
14:12:17	6.25	--	118	73750	买盘
14:12:11	6.25	0.01	41	25625	买盘
14:12:07	6.24	--	56	34944	卖盘
14:12:02	6.24	-0.01	181	113305	卖盘
14:11:56	6.25	--	16	10000	买盘
14:11:52	6.25	--	6	3750	买盘
14:11:47	6.25	--	485	303568	卖盘
14:11:41	6.25	-0.01	125	78125	卖盘
14:11:36	6.26	--	143	89518	买盘
14:11:31	6.26	--	13	8138	买盘
14:11:26	6.26	--	214	133964	买盘
14:11:21	6.26	0.01	10	6260	买盘
14:11:16	6.25	-0.01	26	16250	卖盘
14:11:11	6.26	-0.01	28	17528	买盘
14:11:06	6.27	0.01	162	101574	买盘
14:11:01	6.26	--	178	111609	买盘
14:10:56	6.26	0.01	133	83258	买盘
14:10:51	6.25	-0.02	285	178125	卖盘
14:10:46	6.27	0.01	539	337953	买盘
14:10:41	6.26	--	38	23788	卖盘
14:10:36	6.26	-0.01	118	73868	卖盘
14:10:31	6.27	--	293	183711	买盘
14:10:26	6.27	--	99	62072	买盘
14:10:21	6.27	--	30	18810	买盘
14:10:16	6.27	--	55	34485	买盘
14:10:11	6.27	--	353	221330	卖盘
14:10:06	6.27	--	950	595650	卖盘
14:10:01	6.27	-0.01	652	408804	卖盘
14:09:56	6.28	0.01	403	253084	买盘
14:09:51	6.27	-0.01	365	228854	卖盘
14:09:46	6.28	0.01	623	391244	买盘
14:09:41	6.27	-0.01	519	325413	卖盘
14:09:36	6.28	0.01	774	486072	买盘
14:09:31	6.27	-0.01	473	296571	卖盘
14:09:26	6.28	0.01	1036	650608	买盘
14:09:21	6.27	--	199	124772	卖盘
14:09:16	6.27	--	479	300333	买盘
14:09:11	6.27	--	130	81510	买盘
14:09:06	6.27	--	1695	1062765	买盘
14:09:01	6.27	--	301	188727	买盘
14:08:56	6.27	--	3246	2035241	买盘
14:08:51	6.27	--	62	38874	买盘
14:08:46	6.27	--	453	284031	买盘
14:08:41	6.27	--	518	324786	买盘
14:08:36	6.27	--	341	213807	买盘
14:08:31	6.27	--	149	93423	买盘
14:08:26	6.27	--	1332	835164	买盘
14:08:21	6.27	--	170	106590	买盘
14:08:16	6.27	--	189	118502	买盘
14:08:11	6.27	--	227	142329	买盘
14:08:05	6.27	0.01	3065	1921754	买盘
14:08:01	6.26	--	154	96404	卖盘
14:07:56	6.26	--	329	205954	卖盘
14:07:50	6.26	0.01	12561	7863186	买盘
14:07:46	6.25	--	136	85000	卖盘
14:07:41	6.25	--	202	126675	买盘
14:07:35	6.25	--	249	155625	买盘
14:07:31	6.25	--	364	227500	买盘
14:07:26	6.25	0.01	624	390000	买盘
14:07:20	6.24	-0.01	671	418704	卖盘
14:07:16	6.25	0.01	865	540625	买盘
14:07:11	6.24	--	5194	3241056	卖盘
14:07:05	6.24	--	74	46176	卖盘
14:07:01	6.24	-0.01	1614	1007136	卖盘
14:06:56	6.25	--	966	603750	买盘
14:06:50	6.25	--	48	30000	买盘
14:06:46	6.25	--	2374	1483750	买盘
14:06:41	6.25	--	501	313125	买盘
14:06:35	6.25	0.01	77	48125	买盘
14:06:31	6.24	-0.01	27	16848	卖盘
14:06:26	6.25	--	1096	685000	买盘
14:06:20	6.25	0.01	50	31250	买盘
14:06:16	6.24	--	136	84864	卖盘
14:06:11	6.24	--	41	25584	卖盘
14:06:05	6.24	--	26	16224	卖盘
14:06:01	6.24	--	3485	2174802	买盘
14:05:56	6.24	--	618	385632	买盘
14:05:50	6.24	--	6	3744	买盘
14:05:46	6.24	0.01	128	79872	买盘
14:05:41	6.23	--	22	13706	卖盘
14:05:35	6.23	-0.01	313	194999	卖盘
14:05:31	6.24	0.01	4564	2847936	买盘
14:05:26	6.23	--	266	165718	买盘
14:05:20	6.23	--	6	3738	买盘
14:05:10	6.23	--	503	313369	买盘
14:05:05	6.23	--	431	268513	买盘
14:05:00	6.23	--	34	21182	买盘
14:04:55	6.23	--	1378	858494	买盘
14:04:50	6.23	0.01	28	17444	买盘
14:04:45	6.22	--	140	87080	卖盘
14:04:40	6.22	--	40	24880	卖盘
14:04:35	6.22	--	50	31100	卖盘
14:04:30	6.22	-0.01	1	622	卖盘
14:04:25	6.23	--	100	62300	买盘
14:04:20	6.23	0.01	40	24920	买盘
14:04:15	6.22	--	101	62822	卖盘
14:04:05	6.22	-0.01	35	21770	卖盘
14:03:55	6.23	0.01	23	14329	买盘
14:03:50	6.22	--	14	8708	卖盘
14:03:45	6.22	--	119	74018	卖盘
14:03:40	6.22	--	87	54114	卖盘
14:03:30	6.22	-0.01	43	26746	卖盘
14:03:25	6.23	--	7	4361	买盘
14:03:20	6.23	--	9	5607	买盘
14:03:15	6.23	0.01	293	182539	买盘
14:03:10	6.22	-0.01	123	76506	卖盘
14:03:05	6.23	0.01	170	105910	买盘
14:03:00	6.22	-0.01	42	26124	卖盘
14:02:55	6.23	--	95	59185	买盘
14:02:50	6.23	0.01	684	426692	买盘
14:02:45	6.22	--	28	17416	买盘
14:02:40	6.22	--	1136	706654	卖盘
14:02:35	6.22	-0.01	54	33588	卖盘
14:02:25	6.23	0.01	19	11837	买盘
14:02:15	6.22	-0.01	10	6220	卖盘
14:02:10	6.23	--	171	106533	买盘
14:02:05	6.23	0.01	86	53578	买盘
14:02:00	6.22	--	33	20526	卖盘
14:01:55	6.22	--	4	2488	卖盘
14:01:44	6.22	--	104	64688	卖盘
14:01:40	6.22	--	95	59090	卖盘
14:01:35	6.22	--	15	9330	卖盘
14:01:29	6.22	-0.01	9	5598	卖盘
14:01:25	6.23	0.01	53	33019	买盘
14:01:14	6.22	--	129	80238	卖盘
14:01:10	6.22	--	219	136218	卖盘
14:01:05	6.22	-0.01	280	174160	卖盘
14:00:59	6.23	0.01	14	8722	买盘
14:00:55	6.22	--	34	21148	卖盘
14:00:50	6.22	--	132	82104	卖盘
14:00:44	6.22	--	86	53492	卖盘
14:00:40	6.22	--	50	31100	卖盘
14:00:35	6.22	--	60	37320	卖盘
14:00:29	6.22	--	121	75821	卖盘
14:00:25	6.22	--	856	532432	卖盘
14:00:20	6.22	0.01	3244	2017768	买盘
14:00:10	6.21	--	193	119853	卖盘
14:00:05	6.21	--	139	86319	卖盘
13:59:59	6.21	--	50	31050	卖盘
13:59:55	6.21	-0.01	5	3105	卖盘
13:59:50	6.22	0.01	64	39808	买盘
13:59:44	6.21	-0.01	23	14283	卖盘
13:59:29	6.22	--	10	6220	买盘
13:59:25	6.22	0.01	10	6220	买盘
13:59:20	6.21	--	30	18630	卖盘
13:59:14	6.21	-0.01	110	68310	卖盘
13:59:09	6.22	0.01	39	24258	买盘
13:59:05	6.21	-0.01	34	21114	卖盘
13:58:59	6.22	0.01	108	67176	买盘
13:58:50	6.21	--	112	69552	卖盘
13:58:44	6.21	-0.01	8	4968	卖盘
13:58:34	6.22	--	38	23636	买盘
13:58:24	6.22	--	22	13684	买盘
13:58:19	6.22	--	620	385640	卖盘
13:58:14	6.22	-0.01	80	49760	卖盘
13:58:09	6.23	0.01	14	8722	买盘
13:58:04	6.22	-0.01	40	24880	卖盘
13:57:59	6.23	0.01	4	2492	买盘
13:57:54	6.22	--	64	39808	卖盘
13:57:49	6.22	--	60	37320	卖盘
13:57:44	6.22	--	8	4976	卖盘
13:57:34	6.22	-0.01	55	34210	卖盘
13:57:29	6.23	0.01	74	46102	买盘
13:57:24	6.22	--	538	334636	卖盘
13:57:19	6.22	--	72	44784	卖盘
13:57:14	6.22	--	459	285498	买盘
13:57:04	6.22	--	15	9330	买盘
13:56:59	6.22	--	553	343966	卖盘
13:56:54	6.22	--	38	23636	卖盘
13:56:49	6.22	-0.01	23	14306	卖盘
13:56:44	6.23	0.01	136	84728	买盘
13:56:39	6.22	--	2	1244	卖盘
13:56:34	6.22	--	123	76506	卖盘
13:56:29	6.22	--	170	105740	卖盘
13:56:24	6.22	--	118	73396	卖盘
13:56:19	6.22	--	63	39186	卖盘
13:56:14	6.22	--	132	82620	卖盘
13:56:09	6.22	-0.01	322	200284	卖盘
13:56:04	6.23	0.01	109	67907	买盘
13:55:59	6.22	--	338	210236	卖盘
13:55:49	6.22	--	415	258130	卖盘
13:55:44	6.22	--	248	154256	卖盘
13:55:39	6.22	--	40	24880	卖盘
13:55:34	6.22	-0.01	385	239470	卖盘
13:55:29	6.23	--	11	6853	买盘
13:55:24	6.23	--	450	280350	买盘
13:55:19	6.23	--	84	52332	买盘
13:55:14	6.23	0.01	421	262283	买盘
13:55:08	6.22	--	8	4976	卖盘
13:55:04	6.22	--	474	294828	卖盘
13:54:59	6.22	--	62	38564	卖盘
13:54:53	6.22	-0.01	158	98276	卖盘
13:54:49	6.23	0.01	349	217427	买盘
13:54:44	6.22	--	464	288608	卖盘
13:54:38	6.22	--	10	6220	卖盘
13:54:34	6.22	--	10	6220	卖盘
13:54:29	6.22	--	364	226408	卖盘
13:54:23	6.22	--	551	342722	卖盘
13:54:19	6.22	-0.01	18	11196	卖盘
13:54:14	6.23	0.01	34	21182	买盘
13:54:08	6.22	--	70	43540	卖盘
13:54:04	6.22	--	135	83970	卖盘
13:53:59	6.22	--	731	454682	卖盘
13:53:49	6.22	-0.01	39	24258	卖盘
13:53:44	6.23	-0.01	638	397542	卖盘
13:53:38	6.24	0.01	38	23712	买盘
13:53:34	6.23	--	156	97188	卖盘
13:53:29	6.23	--	452	281596	卖盘
13:53:23	6.23	--	52	32396	卖盘
13:53:19	6.23	--	75	46725	卖盘
13:53:14	6.23	--	187	116501	卖盘
13:53:08	6.23	-0.01	36	22428	卖盘
13:53:04	6.24	0.01	73	45552	买盘
13:52:59	6.23	--	455	283465	卖盘
13:52:53	6.23	--	147	91581	卖盘
13:52:49	6.23	--	279	173817	卖盘
13:52:44	6.23	-0.01	670	417410	卖盘
13:52:38	6.24	0.01	11	6864	买盘
13:52:34	6.23	--	98	61054	卖盘
13:52:28	6.23	--	230	143290	卖盘
13:52:23	6.23	--	31	19313	卖盘
13:52:18	6.23	--	144	89712	卖盘
13:52:14	6.23	--	573	356979	卖盘
13:52:08	6.23	--	659	410557	卖盘
13:52:03	6.23	--	60	37380	卖盘
13:51:58	6.23	--	99	61677	卖盘
13:51:53	6.23	--	88	54824	卖盘
13:51:48	6.23	--	175	109025	卖盘
13:51:43	6.23	-0.01	46	28658	卖盘
13:51:38	6.24	0.01	143	89232	买盘
13:51:33	6.23	--	606	377538	卖盘
13:51:28	6.23	--	5	3115	卖盘
13:51:23	6.23	--	9	5607	卖盘
13:51:18	6.23	--	160	99680	卖盘
13:51:13	6.23	--	349	217427	卖盘
13:51:08	6.23	--	139	86597	卖盘
13:51:03	6.23	--	107	66661	卖盘
13:50:58	6.23	-0.01	226	140798	卖盘
13:50:53	6.24	0.01	72	44928	买盘
13:50:48	6.23	--	23	14329	卖盘
13:50:43	6.23	--	25	15575	卖盘
13:50:38	6.23	--	154	95942	卖盘
13:50:33	6.23	--	37	23051	卖盘
13:50:28	6.23	--	122	76006	卖盘
13:50:23	6.23	--	33	20559	卖盘
13:50:18	6.23	-0.01	20	12460	卖盘
13:50:13	6.24	0.01	547	341328	买盘
13:50:08	6.23	--	124	77252	卖盘
13:50:03	6.23	--	23	14329	卖盘
13:49:58	6.23	--	101	62923	卖盘
13:49:53	6.23	--	77	47971	卖盘
13:49:48	6.23	--	22	13706	卖盘
13:49:43	6.23	--	432	269136	卖盘
13:49:38	6.23	--	313	194999	卖盘
13:49:28	6.23	--	113	70399	卖盘
13:49:23	6.23	--	1101	685923	卖盘
13:49:13	6.23	-0.01	2002	1247246	卖盘
13:49:08	6.24	0.01	28	17472	买盘
13:49:03	6.23	--	28	17444	卖盘
13:48:58	6.23	-0.01	78	48594	卖盘
13:48:43	6.24	--	112	69888	买盘
13:48:38	6.24	--	38	23712	买盘
13:48:32	6.24	0.01	32	19968	买盘
13:48:28	6.23	-0.01	51	31773	卖盘
13:48:23	6.24	--	97	60528	买盘
13:48:17	6.24	0.01	30	18720	买盘
13:48:13	6.23	--	80	49840	卖盘
13:48:08	6.23	--	54	33642	卖盘
13:47:58	6.23	-0.01	201	125223	卖盘
13:47:53	6.24	--	172	107328	买盘
13:47:47	6.24	--	311	194064	买盘
13:47:43	6.24	0.01	5	3120	买盘
13:47:38	6.23	-0.01	19	11837	卖盘
13:47:28	6.24	--	660	411840	买盘
13:47:23	6.24	0.01	11	6864	买盘
13:47:17	6.23	-0.01	5	3115	卖盘
13:47:13	6.24	0.01	91	56784	买盘
13:47:08	6.23	-0.01	221	137683	卖盘
13:47:02	6.24	0.01	22	13728	买盘
13:46:58	6.23	-0.01	565	351995	卖盘
13:46:53	6.24	--	83	51792	买盘
13:46:47	6.24	--	310	193440	买盘
13:46:43	6.24	--	205	127920	买盘
13:46:38	6.24	--	900	561600	买盘
13:46:27	6.24	--	8	4992	买盘
13:46:23	6.24	0.01	203	126672	买盘
13:46:17	6.23	--	532	331436	卖盘
13:46:13	6.23	--	300	186900	卖盘
13:46:08	6.23	--	516	321468	卖盘
13:46:02	6.23	--	59	36757	卖盘
13:45:57	6.23	-0.01	50	31150	卖盘
13:45:52	6.24	0.01	462	288288	买盘
13:45:47	6.23	--	4	2492	卖盘
13:45:37	6.23	--	31	19313	卖盘
13:45:32	6.23	--	914	569976	买盘
13:45:27	6.23	0.01	60	37380	买盘
13:45:22	6.22	--	711	442242	卖盘
13:45:17	6.22	--	561	348942	卖盘
13:45:12	6.22	--	5	3110	卖盘
13:45:07	6.22	--	109	67798	卖盘
13:45:02	6.22	--	15	9330	卖盘
13:44:57	6.22	--	100	62200	卖盘
13:44:52	6.22	--	193	120046	卖盘
13:44:47	6.22	--	276	171672	卖盘
13:44:42	6.22	-0.01	34	21148	卖盘
13:44:37	6.23	0.01	5	3115	买盘
13:44:32	6.22	--	503	312866	卖盘
13:44:27	6.22	--	191	118802	卖盘
13:44:22	6.22	--	265	164830	买盘
13:44:17	6.22	--	23	14306	买盘
13:44:07	6.22	--	456	283632	买盘
13:44:02	6.22	--	69	42918	买盘
13:43:57	6.22	0.01	22	13684	买盘
13:43:52	6.21	--	4	2484	卖盘
13:43:47	6.21	--	38	23598	卖盘
13:43:42	6.21	-0.01	42	26082	卖盘
13:43:37	6.22	--	7	4354	买盘
13:43:32	6.22	0.01	4	2488	中性盘
13:43:27	6.21	-0.01	404	250884	卖盘
13:43:22	6.22	--	15	9330	卖盘
13:43:17	6.22	0.01	154	95788	卖盘
13:43:12	6.21	--	0	0	卖盘
13:43:07	6.21	--	5700	3539700	卖盘
13:43:02	6.21	--	282	175122	卖盘
13:42:57	6.21	-0.01	2	1242	卖盘
13:42:52	6.22	--	92	57224	买盘
13:42:47	6.22	--	87	54114	买盘
13:42:42	6.22	--	89	55358	买盘
13:42:37	6.22	0.01	85	52870	买盘
13:42:32	6.21	-0.01	10	6210	卖盘
13:42:27	6.22	--	29	18038	买盘
13:42:22	6.22	0.01	35	21770	买盘
13:42:17	6.21	-0.01	23	14283	卖盘
13:42:11	6.22	0.01	250	155500	买盘
13:42:07	6.21	--	189	117369	卖盘
13:42:02	6.21	--	180	111780	卖盘
13:41:56	6.21	-0.01	26	16146	卖盘
13:41:52	6.22	0.01	44	27368	买盘
13:41:47	6.21	--	241	149661	买盘
13:41:37	6.21	0.01	34	21114	买盘
13:41:32	6.2	-0.02	34	21080	卖盘
13:41:26	6.22	0.01	63	39186	买盘
13:41:22	6.21	-0.01	2130	1322730	卖盘
13:41:17	6.22	--	193	120046	买盘
13:41:07	6.22	0.01	40	24880	买盘
13:41:02	6.21	--	134	83214	卖盘
13:40:56	6.21	--	12	7452	卖盘
13:40:52	6.21	--	164	101844	卖盘
13:40:47	6.21	--	43	26703	卖盘
13:40:41	6.21	-0.01	125	77625	卖盘
13:40:37	6.22	0.01	344	213968	买盘
13:40:32	6.21	0.01	500	310500	买盘
13:40:26	6.2	--	82	50840	卖盘
13:40:22	6.2	--	22	13640	卖盘
13:40:17	6.2	--	530	328600	卖盘
13:40:11	6.2	--	1438	891560	卖盘
13:40:07	6.2	-0.01	93	57660	卖盘
13:40:02	6.21	--	500	310500	买盘
13:39:56	6.21	--	151	93771	买盘
13:39:52	6.21	--	433	268893	卖盘
13:39:46	6.21	-0.01	742	460782	卖盘
13:39:41	6.22	0.01	33	20526	买盘
13:39:36	6.21	--	40	24840	卖盘
13:39:31	6.21	-0.01	833	517293	卖盘
13:39:26	6.22	0.01	11	6842	买盘
13:39:21	6.21	-0.01	46	28566	卖盘
13:39:16	6.22	--	19	11818	买盘
13:39:11	6.22	--	75	46650	买盘
13:39:06	6.22	--	3	1866	买盘
13:39:01	6.22	--	52	32344	买盘
13:38:56	6.22	--	1032	641904	卖盘
13:38:51	6.22	--	75	46650	卖盘
13:38:46	6.22	--	3646	2267812	卖盘
13:38:41	6.22	--	23	14306	卖盘
13:38:36	6.22	-0.01	440	273680	卖盘
13:38:31	6.23	0.01	87	54201	买盘
13:38:26	6.22	-0.01	1566	974052	卖盘
13:38:21	6.23	0.01	19	11837	买盘
13:38:16	6.22	-0.01	30	18660	卖盘
13:38:11	6.23	--	43	26789	买盘
13:38:06	6.23	--	9	5607	买盘
13:38:01	6.23	--	1495	931453	卖盘
13:37:56	6.23	--	55	34265	卖盘
13:37:51	6.23	--	20	12460	卖盘
13:37:46	6.23	--	2142	1334466	卖盘
13:37:41	6.23	--	70	43610	卖盘
13:37:36	6.23	--	50	31150	卖盘
13:37:31	6.23	-0.01	3466	2159318	卖盘
13:37:26	6.24	--	11	6864	买盘
13:37:21	6.24	0.01	57	35568	买盘
13:37:16	6.23	--	292	181916	卖盘
13:37:11	6.23	-0.01	20	12460	卖盘
13:37:06	6.24	0.01	168	104832	买盘
13:37:01	6.23	--	158	98440	卖盘
13:36:56	6.23	-0.01	109	67907	卖盘
13:36:51	6.24	0.01	9	5616	买盘
13:36:46	6.23	--	14	8722	卖盘
13:36:41	6.23	--	135	84105	卖盘
13:36:36	6.23	--	784	488432	卖盘
13:36:31	6.23	-0.01	35	21805	卖盘
13:36:26	6.24	--	50	31200	买盘
13:36:16	6.24	--	397	247728	买盘
13:36:11	6.24	0.01	52	32448	买盘
13:36:06	6.23	--	97	60742	卖盘
13:36:01	6.23	--	19	11837	卖盘
13:35:56	6.23	--	121	75383	卖盘
13:35:51	6.23	--	534	332682	卖盘
13:35:46	6.23	0.01	10167	6334277	买盘
13:35:41	6.22	--	663	412386	卖盘
13:35:35	6.22	-0.01	31	19282	卖盘
13:35:31	6.23	0.01	20	12460	买盘
13:35:26	6.22	-0.01	45	27990	卖盘
13:35:20	6.23	0.01	45	28035	买盘
13:35:16	6.22	-0.01	609	378798	卖盘
13:35:11	6.23	--	72	44856	买盘
13:35:05	6.23	0.01	61	38003	买盘
13:35:01	6.22	-0.01	13	8086	卖盘
13:34:56	6.23	0.01	18	11214	买盘
13:34:46	6.22	--	7	4354	卖盘
13:34:41	6.22	-0.01	175	108850	卖盘
13:34:35	6.23	--	18	11214	买盘
13:34:31	6.23	0.01	204	127092	买盘
13:34:26	6.22	--	117	72774	卖盘
13:34:20	6.22	--	16	9952	卖盘
13:34:16	6.22	--	50	31100	卖盘
13:34:11	6.22	--	18	11196	卖盘
13:34:05	6.22	--	113	70286	卖盘
13:34:01	6.22	--	119	74018	卖盘
13:33:56	6.22	--	58	36076	卖盘
13:33:50	6.22	--	4169	2593671	买盘
13:33:46	6.22	0.01	325	202150	买盘
13:33:41	6.21	--	41	25461	卖盘
13:33:35	6.21	-0.01	8	4968	卖盘
13:33:31	6.22	0.01	89	55358	买盘
13:33:26	6.21	--	155	96255	卖盘
13:33:20	6.21	-0.01	97	60237	卖盘
13:33:16	6.22	0.01	73	45406	买盘
13:33:10	6.21	--	287	178227	卖盘
13:33:05	6.21	--	110	68310	卖盘
13:32:56	6.21	--	116	72036	卖盘
13:32:50	6.21	--	5	3105	卖盘
13:32:45	6.21	--	12	7452	卖盘
13:32:40	6.21	--	301	186921	卖盘
13:32:35	6.21	--	296	183816	卖盘
13:32:30	6.21	--	5	3105	卖盘
13:32:25	6.21	--	16	9936	卖盘
13:32:20	6.21	--	82	50922	卖盘
13:32:15	6.21	-0.01	383	237843	卖盘
13:32:10	6.22	0.01	14	8708	买盘
13:32:05	6.21	--	95	58995	卖盘
13:32:00	6.21	--	100	62100	卖盘
13:31:55	6.21	--	35	21735	卖盘
13:31:50	6.21	-0.01	15	9315	卖盘
13:31:45	6.22	--	54	33588	买盘
13:31:40	6.22	0.01	10	6220	买盘
13:31:35	6.21	--	117	72657	卖盘
13:31:30	6.21	-0.01	6	3726	卖盘
13:31:25	6.22	--	31	19282	买盘
13:31:20	6.22	0.01	51	31722	买盘
13:31:15	6.21	--	58	36018	卖盘
13:31:05	6.21	-0.01	137	85077	卖盘
13:31:00	6.22	--	9	5598	买盘
13:30:55	6.22	--	56	34832	买盘
13:30:50	6.22	--	5	3110	买盘
13:30:45	6.22	--	3	1866	买盘
13:30:40	6.22	--	19	11818	买盘
13:30:35	6.22	--	222	138084	买盘
13:30:30	6.22	--	35	21770	买盘
13:30:25	6.22	0.01	5	3110	买盘
13:30:20	6.21	-0.01	52	32292	卖盘
13:30:15	6.22	--	224	139396	卖盘
13:30:10	6.22	--	176	110025	买盘
13:30:05	6.22	--	128	79684	卖盘
13:30:00	6.22	--	60	37320	卖盘
13:29:55	6.22	-0.01	58	36076	卖盘
13:29:50	6.23	0.01	208	129584	买盘
13:29:45	6.22	--	55	34210	卖盘
13:29:40	6.22	--	13	8086	卖盘
13:29:35	6.22	--	25	15550	卖盘
13:29:25	6.22	--	16	9952	卖盘
13:29:20	6.22	--	238	148036	卖盘
13:29:14	6.22	--	10	6220	卖盘
13:29:10	6.22	--	106	65932	卖盘
13:29:05	6.22	--	127	78994	卖盘
13:28:59	6.22	--	37	23014	卖盘
13:28:55	6.22	--	31	19282	卖盘
13:28:50	6.22	--	45	28543	买盘
13:28:44	6.22	--	78	48516	买盘
13:28:40	6.22	--	1007	626422	卖盘
13:28:35	6.22	-0.01	48	29856	卖盘
13:28:29	6.23	0.01	23	14329	买盘
13:28:25	6.22	--	98	60956	卖盘
13:28:20	6.22	-0.01	303	188466	卖盘
13:28:14	6.23	--	254	158242	买盘
13:28:10	6.23	0.01	103	64169	买盘
13:28:05	6.22	--	33	20526	卖盘
13:27:59	6.22	--	87	54114	卖盘
13:27:55	6.22	--	511	317842	卖盘
13:27:50	6.22	--	30	18660	卖盘
13:27:44	6.22	--	22	13684	卖盘
13:27:40	6.22	--	83	52179	买盘
13:27:35	6.22	-0.01	10	6288	卖盘
13:27:29	6.23	0.01	10	6230	买盘
13:27:25	6.22	--	691	429802	卖盘
13:27:20	6.22	--	1136	706592	卖盘
13:27:14	6.22	-0.01	10	6220	卖盘
13:27:10	6.23	--	68	42364	买盘
13:27:04	6.23	--	53	33019	买盘
13:26:59	6.23	0.01	59	36757	买盘
13:26:55	6.22	--	38	23636	卖盘
13:26:50	6.22	-0.01	34	21148	卖盘
13:26:44	6.23	0.01	91	56693	买盘
13:26:40	6.22	--	87	54114	卖盘
13:26:35	6.22	--	21	13062	卖盘
13:26:29	6.22	-0.01	118	73396	卖盘
13:26:24	6.23	--	128	79744	卖盘
13:26:19	6.23	0.01	79	49217	买盘
13:26:14	6.22	--	878	546116	卖盘
13:26:09	6.22	--	95	59090	卖盘
13:26:04	6.22	--	122	75884	卖盘
13:25:59	6.22	-0.01	111	69042	卖盘
13:25:54	6.23	0.01	64	39872	买盘
13:25:49	6.22	-0.01	60	37320	卖盘
13:25:44	6.23	0.01	413	257299	买盘
13:25:39	6.22	-0.01	29	18038	卖盘
13:25:34	6.23	0.01	112	69776	买盘
13:25:29	6.22	-0.01	86	53492	卖盘
13:25:24	6.23	0.01	354	220542	买盘
13:25:19	6.22	--	433	269388	卖盘
13:25:14	6.22	--	12	7464	卖盘
13:25:09	6.22	--	49	30478	卖盘
13:25:04	6.22	--	60	37320	卖盘
13:24:59	6.22	--	208	129376	卖盘
13:24:49	6.22	--	614	381908	卖盘
13:24:44	6.22	--	380	236360	卖盘
13:24:39	6.22	-0.01	5	3110	卖盘
13:24:34	6.23	--	1001	623623	买盘
13:24:29	6.23	--	174	108402	买盘
13:24:24	6.23	--	34	21182	买盘
13:24:19	6.23	0.01	1082	674086	买盘
13:24:14	6.22	-0.01	96	59712	卖盘
13:24:09	6.23	0.01	24	14952	买盘
13:23:59	6.22	-0.01	59	36698	卖盘
13:23:54	6.23	--	61	38003	卖盘
13:23:49	6.23	--	305	190015	卖盘
13:23:44	6.23	--	111	69153	卖盘
13:23:39	6.23	--	348	216804	卖盘
13:23:34	6.23	--	119	74137	卖盘
13:23:29	6.23	--	90	56070	卖盘
13:23:24	6.23	--	150	93450	卖盘
13:23:19	6.23	--	100	62300	卖盘
13:23:14	6.23	--	6	3738	卖盘
13:23:08	6.23	--	258	160734	卖盘
13:23:04	6.23	--	15	9345	卖盘
13:22:59	6.23	--	21	13083	卖盘
13:22:53	6.23	-0.01	2880	1794240	卖盘
13:22:49	6.24	0.01	137	85488	买盘
13:22:44	6.23	--	19	11837	卖盘
13:22:38	6.23	-0.01	6	3738	卖盘
13:22:29	6.24	--	1631	1017943	卖盘
13:22:23	6.24	--	1275	795600	卖盘
13:22:19	6.24	-0.01	54	33696	卖盘
13:22:14	6.25	0.01	413	258125	买盘
13:22:08	6.24	--	78	48672	卖盘
13:22:04	6.24	--	55	34320	卖盘
13:21:59	6.24	--	22	13728	卖盘
13:21:53	6.24	--	31	19344	卖盘
13:21:49	6.24	--	139	86736	卖盘
13:21:44	6.24	-0.01	21	13104	卖盘
13:21:38	6.25	--	80	50000	买盘
13:21:34	6.25	--	12	7500	买盘
13:21:29	6.25	--	566	353750	买盘
13:21:14	6.25	0.01	17	10625	买盘
13:21:08	6.24	--	10	6240	卖盘
13:21:04	6.24	--	25	15600	卖盘
13:20:59	6.24	-0.01	200	124800	卖盘
13:20:53	6.25	0.01	35	21875	买盘
13:20:49	6.24	-0.01	100	62400	卖盘
13:20:43	6.25	--	15	9375	买盘
13:20:38	6.25	--	46	28750	买盘
13:20:33	6.25	0.01	53	33125	买盘
13:20:28	6.24	-0.01	123	76752	卖盘
13:20:23	6.25	--	77	48125	卖盘
13:20:18	6.25	--	79	49375	买盘
13:20:13	6.25	--	60	37500	买盘
13:20:08	6.25	--	457	285625	卖盘
13:20:03	6.25	--	24	15000	卖盘
13:19:59	6.25	--	349	218125	卖盘
13:19:53	6.25	--	3314	2071675	买盘
13:19:48	6.25	0.01	9	5625	买盘
13:19:43	6.24	--	67	41808	卖盘
13:19:38	6.24	--	501	312624	卖盘
13:19:33	6.24	-0.01	4	2496	卖盘
13:19:28	6.25	0.01	189	118125	买盘
13:19:23	6.24	--	67	41808	卖盘
13:19:18	6.24	0.01	61	38064	买盘
13:19:13	6.23	-0.01	342	213066	卖盘
13:19:08	6.24	--	243	151632	买盘
13:19:03	6.24	--	10	6240	买盘
13:18:58	6.24	0.01	10	6240	买盘
13:18:53	6.23	-0.01	99	61677	卖盘
13:18:48	6.24	--	40	24960	卖盘
13:18:43	6.24	--	137	85488	买盘
13:18:38	6.24	0.01	52	32448	买盘
13:18:33	6.23	-0.02	30	18690	卖盘
13:18:28	6.25	0.01	135	84375	买盘
13:18:23	6.24	0.01	110	68640	买盘
13:18:18	6.23	-0.01	1640	1021720	卖盘
13:18:13	6.24	--	1637	1021488	卖盘
13:18:08	6.24	--	395	246480	卖盘
13:18:03	6.24	--	114	71136	卖盘
13:17:58	6.24	--	190	118560	卖盘
13:17:53	6.24	--	432	269568	卖盘
13:17:48	6.24	--	101	63024	卖盘
13:17:43	6.24	--	136	84864	卖盘
13:17:38	6.24	0.01	515	321360	买盘
13:17:33	6.23	--	45	28035	卖盘
13:17:28	6.23	--	409	254807	卖盘
13:17:23	6.23	-0.01	20	12460	卖盘
13:17:18	6.24	0.01	127	79248	买盘
13:17:13	6.23	-0.01	234	145782	卖盘
13:17:08	6.24	--	102	63648	卖盘
13:17:03	6.24	--	97	60528	卖盘
13:16:58	6.24	--	38	23712	买盘
13:16:53	6.24	0.01	113	70512	买盘
13:16:43	6.23	-0.01	136	84728	卖盘
13:16:38	6.24	0.01	113	70512	买盘
13:16:32	6.23	-0.02	2	1246	卖盘
13:16:28	6.25	0.01	940	587500	买盘
13:16:23	6.24	-0.01	188	117312	卖盘
13:16:17	6.25	0.01	43	26875	买盘
13:16:13	6.24	--	262	163488	卖盘
13:16:08	6.24	-0.01	629	392496	卖盘
13:16:02	6.25	0.01	18	11250	买盘
13:15:58	6.24	--	68	42432	卖盘
13:15:53	6.24	--	30	18720	卖盘
13:15:47	6.24	--	35	21840	卖盘
13:15:43	6.24	--	13	8112	卖盘
13:15:38	6.24	--	32	19968	卖盘
13:15:32	6.24	--	334	208416	卖盘
13:15:28	6.24	-0.01	178	111072	卖盘
13:15:23	6.25	--	94	58750	买盘
13:15:17	6.25	--	135	84375	买盘
13:15:13	6.25	0.01	54	33750	买盘
13:15:08	6.24	-0.01	69	43056	卖盘
13:15:02	6.25	--	174	108950	卖盘
13:14:58	6.25	--	473	295625	卖盘
13:14:53	6.25	--	1545	966050	买盘
13:14:47	6.25	0.01	300	187500	买盘
13:14:43	6.24	-0.01	183	114192	卖盘
13:14:38	6.25	0.01	252	157500	买盘
13:14:32	6.24	--	85	53040	卖盘
13:14:28	6.24	-0.01	65	40560	卖盘
13:14:23	6.25	0.01	418	261250	买盘
13:14:17	6.24	--	110	68640	卖盘
13:14:12	6.24	--	100	62400	卖盘
13:14:08	6.24	--	35	21840	卖盘
13:14:02	6.24	-0.01	264	164736	卖盘
13:13:58	6.25	0.01	1367	854375	买盘
13:13:53	6.24	--	3233	2017392	卖盘
13:13:47	6.24	--	68	42432	卖盘
13:13:42	6.24	--	17	10608	卖盘
13:13:37	6.24	-0.01	75	46800	卖盘
13:13:32	6.25	0.01	51	31875	买盘
13:13:22	6.24	--	10	6240	卖盘
13:13:17	6.24	--	161	100464	卖盘
13:13:12	6.24	--	63	39312	卖盘
13:13:07	6.24	-0.01	86	53664	卖盘
13:13:02	6.25	--	1293	808125	买盘
13:12:57	6.25	0.01	238	148750	买盘
13:12:52	6.24	-0.01	615	383760	卖盘
13:12:47	6.25	0.01	275	171875	买盘
13:12:42	6.24	--	115	71760	卖盘
13:12:37	6.24	--	52	32448	卖盘
13:12:32	6.24	--	34	21216	卖盘
13:12:27	6.24	--	75	46800	卖盘
13:12:22	6.24	--	8	4992	卖盘
13:12:17	6.24	--	8	4992	卖盘
13:12:12	6.24	--	60	37440	卖盘
13:12:07	6.24	--	214	133536	买盘
13:11:57	6.24	--	3	1872	买盘
13:11:52	6.24	--	9	5616	卖盘
13:11:47	6.24	--	1639	1022736	卖盘
13:11:37	6.24	--	46	28704	卖盘
13:11:32	6.24	--	222	138528	卖盘
13:11:27	6.24	-0.01	14	8736	卖盘
13:11:22	6.25	0.01	10	6250	买盘
13:11:17	6.24	-0.01	52	32448	卖盘
13:11:12	6.25	--	193	120625	买盘
13:11:07	6.25	-0.01	459	286875	卖盘
13:11:02	6.26	0.01	86	53836	买盘
13:10:57	6.25	--	10	6250	卖盘
13:10:52	6.25	--	239	149375	卖盘
13:10:47	6.25	--	906	566250	买盘
13:10:37	6.25	--	203	126875	买盘
13:10:32	6.25	--	1205	753125	买盘
13:10:27	6.25	--	48	30000	买盘
13:10:22	6.25	--	1643	1026875	卖盘
13:10:17	6.25	-0.01	21	13125	卖盘
13:10:12	6.26	0.01	179	112054	买盘
13:10:07	6.25	-0.01	753	470625	卖盘
13:10:02	6.26	0.01	58	36308	买盘
13:09:57	6.25	--	308	192500	卖盘
13:09:52	6.25	--	2672	1670000	买盘
13:09:47	6.25	--	383	239375	买盘
13:09:41	6.25	--	68	42500	买盘
13:09:37	6.25	0.01	90	56250	买盘
13:09:32	6.24	--	210	131040	卖盘
13:09:26	6.24	-0.01	111	69264	卖盘
13:09:22	6.25	--	281	175625	买盘
13:09:17	6.25	0.01	196	122500	买盘
13:09:12	6.24	--	868	541632	买盘
13:09:07	6.24	--	21	13104	买盘
13:09:02	6.24	--	1122	700128	卖盘
13:08:56	6.24	--	6	3744	卖盘
13:08:52	6.24	--	46	28704	卖盘
13:08:47	6.24	--	44	27456	卖盘
13:08:41	6.24	--	25	15600	卖盘
13:08:37	6.24	0.01	3106	1938144	买盘
13:08:32	6.23	--	1	623	卖盘
13:08:26	6.23	-0.01	10	6230	卖盘
13:08:22	6.24	0.01	93	58032	买盘
13:08:17	6.23	--	29	18067	卖盘
13:08:11	6.23	--	56	34888	卖盘
13:08:07	6.23	--	38	23674	卖盘
13:08:02	6.23	--	544	338912	卖盘
13:07:52	6.23	--	301	187523	卖盘
13:07:46	6.23	--	51	31773	卖盘
13:07:36	6.23	-0.01	372	231756	卖盘
13:07:31	6.24	--	166	103584	买盘
13:07:26	6.24	0.01	228	142272	买盘
13:07:21	6.23	-0.01	262	163226	卖盘
13:07:16	6.24	0.01	1408	878592	买盘
13:07:11	6.23	--	297	185031	卖盘
13:07:06	6.23	--	69	42987	卖盘
13:07:01	6.23	--	173	107779	卖盘
13:06:56	6.23	--	241	150143	卖盘
13:06:51	6.23	-0.01	60	37380	卖盘
13:06:47	6.24	--	473	295152	买盘
13:06:41	6.24	--	41	25584	买盘
13:06:36	6.24	--	34	21216	买盘
13:06:31	6.24	--	30	18720	买盘
13:06:26	6.24	0.01	163	101712	买盘
13:06:21	6.23	-0.02	66	41118	卖盘
13:06:16	6.25	0.01	34	21250	买盘
13:06:11	6.24	--	15	9360	卖盘
13:06:06	6.24	-0.01	257	160368	卖盘
13:06:01	6.25	0.01	8	5000	买盘
13:05:56	6.24	--	463	288912	买盘
13:05:51	6.24	--	335	209040	买盘
13:05:41	6.24	--	545	340080	买盘
13:05:36	6.24	--	36	22464	买盘
13:05:31	6.24	0.01	77	48048	买盘
13:05:26	6.23	-0.01	52	32396	卖盘
13:05:21	6.24	--	5	3120	买盘
13:05:16	6.24	--	62	38688	买盘
13:05:11	6.24	-0.01	30	18720	买盘
13:05:06	6.25	0.02	100	62500	买盘
13:05:01	6.23	-0.01	130	80990	卖盘
13:04:56	6.24	--	221	137904	卖盘
13:04:51	6.24	--	35	21840	卖盘
13:04:46	6.24	0.01	65	40560	买盘
13:04:41	6.23	-0.02	11	6853	卖盘
13:04:31	6.25	0.01	74	46250	买盘
13:04:26	6.24	--	22	13728	卖盘
13:04:21	6.24	--	41	25584	卖盘
13:04:16	6.24	--	158	98592	卖盘
13:04:11	6.24	--	32	19968	卖盘
13:04:06	6.24	--	80	49920	卖盘
13:04:01	6.24	--	91	56784	卖盘
13:03:56	6.24	--	664	414336	卖盘
13:03:51	6.24	--	11	6864	卖盘
13:03:46	6.24	--	87	54288	卖盘
13:03:41	6.24	--	20	12480	卖盘
13:03:36	6.24	--	20	12480	卖盘
13:03:31	6.24	--	189	117936	买盘
13:03:26	6.24	--	5	3120	买盘
13:03:16	6.24	--	89	55536	卖盘
13:03:05	6.24	--	42	26208	卖盘
13:03:01	6.24	-0.01	132	82368	卖盘
13:02:56	6.25	--	30	18750	买盘
13:02:50	6.25	--	29	18125	买盘
13:02:46	6.25	-0.01	583	364687	卖盘
13:02:41	6.26	0.01	50	31300	买盘
13:02:35	6.25	-0.01	500	312500	卖盘
13:02:31	6.26	-0.01	71	44446	卖盘
13:02:26	6.27	0.01	285	178695	买盘
13:02:20	6.26	--	149	93274	买盘
13:02:16	6.26	--	523	327398	卖盘
13:02:11	6.26	--	61	38186	卖盘
13:02:05	6.26	-0.01	253	158378	卖盘
13:02:01	6.27	0.01	590	369930	买盘
13:01:56	6.26	-0.01	114	71364	卖盘
13:01:50	6.27	0.01	79	49533	买盘
13:01:46	6.26	--	136	85136	卖盘
13:01:41	6.26	--	131	82006	买盘
13:01:35	6.26	--	24	15024	买盘
13:01:31	6.26	--	102	63852	卖盘
13:01:26	6.26	--	173	108298	卖盘
13:01:20	6.26	--	299	187174	买盘
13:01:16	6.26	0.01	1364	853864	买盘
13:01:11	6.25	--	75	46875	卖盘
13:01:05	6.25	-0.01	26	16250	卖盘
13:01:01	6.26	--	3370	2109620	买盘
13:00:55	6.26	--	68	42568	买盘
13:00:50	6.26	0.01	801	501426	买盘
13:00:45	6.25	--	133	83125	卖盘
13:00:40	6.25	-0.01	12	7500	卖盘
13:00:35	6.26	0.01	218	136468	买盘
13:00:25	6.25	-0.01	111	69375	卖盘
13:00:20	6.26	0.01	355	222543	买盘
13:00:15	6.25	0.01	94	58750	买盘
13:00:10	6.24	--	4704	2935296	卖盘
13:00:05	6.24	--	12109	7556016	买盘
11:30:00	6.24	--	0	0	买盘
11:30:00	6.24	--	0	0	买盘
11:30:00	6.24	0.01	455	283920	买盘
11:29:57	6.23	-0.01	105	65415	卖盘
11:29:52	6.24	0.01	1202	750048	买盘
11:29:47	6.23	--	890	554470	卖盘
11:29:42	6.23	--	80	49840	卖盘
11:29:37	6.23	--	16	9968	卖盘
11:29:32	6.23	--	239	148897	卖盘
11:29:27	6.23	--	1463	911449	买盘
11:29:22	6.23	--	332	206836	买盘
11:29:17	6.23	--	73	45479	买盘
11:29:07	6.23	0.01	98	61054	买盘
11:29:02	6.22	--	133	82726	卖盘
11:28:57	6.22	--	34	21148	卖盘
11:28:52	6.22	-0.01	150	93300	卖盘
11:28:47	6.23	0.01	55	34265	买盘
11:28:42	6.22	--	30	18660	卖盘
11:28:37	6.22	--	16	9952	卖盘
11:28:32	6.22	--	451	281013	卖盘
11:28:27	6.22	-0.01	37	23014	卖盘
11:28:22	6.23	--	306	190638	买盘
11:28:17	6.23	--	281	175063	买盘
11:28:12	6.23	--	1	623	买盘
11:28:07	6.23	--	51	31773	买盘
11:28:01	6.23	--	50	31150	买盘
11:27:57	6.23	--	82	51086	买盘
11:27:52	6.23	--	1513	942599	卖盘
11:27:47	6.23	-0.01	748	466004	卖盘
11:27:42	6.24	0.01	51	31824	买盘
11:27:37	6.23	-0.01	264	164472	卖盘
11:27:31	6.24	0.01	77	48048	买盘
11:27:27	6.23	--	5	3115	卖盘
11:27:22	6.23	-0.01	224	139552	卖盘
11:27:16	6.24	0.02	122	76128	买盘
11:27:12	6.22	-0.01	25	15550	卖盘
11:27:06	6.23	--	65	40495	卖盘
11:27:01	6.23	--	217	135191	卖盘
11:26:56	6.23	--	35	21805	卖盘
11:26:51	6.23	-0.01	282	175686	买盘
11:26:46	6.24	0.01	1445	901680	买盘
11:26:41	6.23	--	295	183785	买盘
11:26:36	6.23	--	80	49840	买盘
11:26:31	6.23	--	56	34888	买盘
11:26:26	6.23	0.01	33	20559	买盘
11:26:21	6.22	--	257	159854	卖盘
11:26:16	6.22	-0.01	165	102630	卖盘
11:26:11	6.23	--	234	145782	买盘
11:26:06	6.23	--	106	66038	买盘
11:26:01	6.23	--	1239	771897	买盘
11:25:56	6.23	--	189	117747	卖盘
11:25:51	6.23	--	1000	623000	卖盘
11:25:46	6.23	--	216	134568	卖盘
11:25:41	6.23	-0.01	261	162603	卖盘
11:25:36	6.24	--	27	16848	买盘
11:25:31	6.24	--	165	102960	买盘
11:25:26	6.24	--	985	614640	买盘
11:25:21	6.24	--	593	370032	买盘
11:25:16	6.24	--	626	390624	买盘
11:25:11	6.24	--	262	163488	买盘
11:25:06	6.24	--	414	258336	买盘
11:25:01	6.24	0.01	934	582816	买盘
11:24:56	6.23	-0.01	1135	707105	卖盘
11:24:51	6.24	0.01	45	28080	买盘
11:24:46	6.23	--	197	122731	卖盘
11:24:41	6.23	--	949	591227	买盘
11:24:36	6.23	0.01	53	33019	买盘
11:24:31	6.22	--	55	34210	卖盘
11:24:21	6.22	0.02	160	99520	买盘
11:24:16	6.2	-0.03	54	33480	卖盘
11:24:11	6.23	0.03	604	376292	买盘
11:24:06	6.2	--	705	437100	卖盘
11:24:01	6.2	--	565	350300	卖盘
11:23:56	6.2	-0.02	10	6200	卖盘
11:23:51	6.22	0.02	533	331526	买盘
11:23:46	6.2	--	2895	1794900	买盘
11:23:41	6.2	0.01	4736	2936320	买盘
11:23:36	6.19	-0.01	100	61900	卖盘
11:23:31	6.2	--	463	287060	买盘
11:23:26	6.2	--	1322	819640	买盘
11:23:21	6.2	0.01	32	19840	买盘
11:23:16	6.19	--	21	12999	卖盘
11:23:11	6.19	--	35	21665	卖盘
11:23:06	6.19	-0.01	65	40235	卖盘
11:23:01	6.2	0.01	53	32860	买盘
11:22:56	6.19	--	31	19189	卖盘
11:22:51	6.19	--	10	6190	卖盘
11:22:46	6.19	--	3	1857	卖盘
11:22:41	6.19	-0.01	15	9285	卖盘
11:22:36	6.2	0.01	20	12400	买盘
11:22:31	6.19	-0.01	88	54472	卖盘
11:22:26	6.2	0.01	53	32860	买盘
11:22:21	6.19	-0.01	100	61900	卖盘
11:22:16	6.2	0.01	192	119040	买盘
11:22:11	6.19	--	83	51377	卖盘
11:22:06	6.19	--	24	14856	卖盘
11:22:01	6.19	--	115	71185	卖盘
11:21:56	6.19	--	28	17332	卖盘
11:21:51	6.19	--	65	40235	卖盘
11:21:46	6.19	-0.01	1	619	卖盘
11:21:41	6.2	0.01	356	220720	买盘
11:21:36	6.19	--	42	25998	卖盘
11:21:31	6.19	--	33	20427	卖盘
11:21:21	6.19	--	150	92850	卖盘
11:21:15	6.19	-0.01	60	37140	卖盘
11:21:11	6.2	0.01	37	22940	买盘
11:21:06	6.19	--	69	42711	卖盘
11:21:01	6.19	--	22	13618	卖盘
11:20:51	6.19	--	102	63138	卖盘
11:20:40	6.19	--	87	53853	卖盘
11:20:35	6.19	--	12	7428	卖盘
11:20:31	6.19	0.01	1357	839983	买盘
11:20:25	6.18	-0.01	139	85902	卖盘
11:20:21	6.19	0.01	555	343545	买盘
11:20:15	6.18	-0.01	120	74160	卖盘
11:20:05	6.19	--	26	16094	买盘
11:20:00	6.19	--	91	56329	买盘
11:19:55	6.19	--	53	32807	买盘
11:19:45	6.19	0.01	214	132466	买盘
11:19:40	6.18	--	41	25338	卖盘
11:19:35	6.18	-0.01	10	6180	卖盘
11:19:30	6.19	0.01	23	14237	买盘
11:19:25	6.18	--	340	210120	卖盘
11:19:15	6.18	--	19	11742	卖盘
11:19:10	6.18	-0.01	30	18540	卖盘
11:19:05	6.19	--	39	24141	买盘
11:19:00	6.19	0.01	659	407921	买盘
11:18:55	6.18	--	3	1854	卖盘
11:18:50	6.18	--	1	618	卖盘
11:18:45	6.18	-0.01	20	12360	卖盘
11:18:40	6.19	0.01	1	619	买盘
11:18:35	6.18	--	30	18540	卖盘
11:18:30	6.18	-0.01	97	59946	卖盘
11:18:25	6.19	--	2	1238	买盘
11:18:15	6.19	0.01	72	44568	买盘
11:18:10	6.18	--	60	37080	卖盘
11:18:05	6.18	--	29	17922	卖盘
11:18:00	6.18	--	1	618	卖盘
11:17:55	6.18	--	108	67053	买盘
11:17:50	6.18	--	5	3090	买盘
11:17:45	6.18	--	19	11742	买盘
11:17:40	6.18	--	9	5562	买盘
11:17:35	6.18	-0.01	201	124527	卖盘
11:17:25	6.19	--	126	77994	买盘
11:17:20	6.19	0.01	711	440109	买盘
11:17:15	6.18	-0.01	64	39552	卖盘
11:17:10	6.19	--	5	3095	买盘
11:17:05	6.19	--	71	43949	买盘
11:17:00	6.19	0.01	14	8666	买盘
11:16:50	6.18	-0.01	2164	1337352	卖盘
11:16:35	6.19	--	4	2476	买盘
11:16:30	6.19	0.01	30	18570	买盘
11:16:25	6.18	-0.01	6	3708	卖盘
11:16:20	6.19	--	40	24760	买盘
11:16:10	6.19	0.01	30	18570	买盘
11:16:05	6.18	--	73	45114	卖盘
11:16:00	6.18	-0.01	9	5562	卖盘
11:15:55	6.19	--	10	6190	买盘
11:15:50	6.19	0.01	207	128133	买盘
11:15:45	6.18	--	10	6180	卖盘
11:15:34	6.18	--	548	338973	买盘
11:15:30	6.18	--	211	130707	卖盘
11:15:25	6.18	--	18	11124	卖盘
11:15:19	6.18	--	17	10506	卖盘
11:15:15	6.18	--	140	86520	卖盘
11:15:10	6.18	--	37	22866	卖盘
11:15:05	6.18	--	25	15450	卖盘
11:14:55	6.18	--	168	103824	卖盘
11:14:50	6.18	--	52	32136	卖盘
11:14:45	6.18	--	432	267285	买盘
11:14:40	6.18	--	321	198378	买盘
11:14:35	6.18	0.01	115	71070	买盘
11:14:30	6.17	--	21	12957	卖盘
11:14:24	6.17	-0.01	6	3702	卖盘
11:14:19	6.18	--	33	20394	买盘
11:14:10	6.18	0.01	57	35226	买盘
11:14:04	6.17	--	46	28382	卖盘
11:13:54	6.17	-0.01	63	38871	卖盘
11:13:49	6.18	--	51	31518	买盘
11:13:45	6.18	--	3368	2081424	买盘
11:13:39	6.18	0.01	126	77868	买盘
11:13:34	6.17	--	56	34552	卖盘
11:13:24	6.17	--	32	19744	卖盘
11:13:19	6.17	--	18	11106	卖盘
11:13:09	6.17	--	17	10489	卖盘
11:13:04	6.17	--	25	15425	卖盘
11:12:59	6.17	--	824	508408	卖盘
11:12:54	6.17	--	30	18510	卖盘
11:12:49	6.17	--	33	20361	卖盘
11:12:44	6.17	--	73	45041	卖盘
11:12:39	6.17	-0.01	337	207929	卖盘
11:12:34	6.18	0.01	126	77868	买盘
11:12:24	6.17	--	187	115736	卖盘
11:12:19	6.17	--	605	373285	卖盘
11:12:14	6.17	--	79	48743	卖盘
11:12:09	6.17	--	350	215950	卖盘
11:12:04	6.17	--	130	80210	卖盘
11:11:54	6.17	--	20	12340	卖盘
11:11:49	6.17	--	61	37637	卖盘
11:11:44	6.17	--	170	104890	卖盘
11:11:34	6.17	--	14	8638	卖盘
11:11:29	6.17	-0.01	42	25914	卖盘
11:11:24	6.18	0.01	10	6180	买盘
11:11:19	6.17	--	5	3085	卖盘
11:11:08	6.17	-0.01	103	63551	卖盘
11:11:04	6.18	--	562	347316	买盘
11:10:53	6.18	--	50	30900	买盘
11:10:49	6.18	0.01	2	1236	买盘
11:10:44	6.17	-0.01	38	23446	卖盘
11:10:39	6.18	--	10	6180	买盘
11:10:24	6.18	--	8	4944	买盘
11:10:19	6.18	--	499	308382	卖盘
11:10:14	6.18	--	127	78486	卖盘
11:10:09	6.18	--	57	35226	卖盘
11:10:04	6.18	--	63	38934	卖盘
11:09:59	6.18	--	10	6180	卖盘
11:09:54	6.18	--	55	33990	卖盘
11:09:49	6.18	--	166	102588	卖盘
11:09:44	6.18	--	507	313326	买盘
11:09:39	6.18	0.01	20	12360	买盘
11:09:34	6.17	--	43	26531	卖盘
11:09:29	6.17	-0.01	10	6170	卖盘
11:09:24	6.18	--	29	17922	买盘
11:09:19	6.18	0.01	101	62418	买盘
11:09:14	6.17	-0.01	18	11106	卖盘
11:09:09	6.18	0.01	61	37698	买盘
11:09:04	6.17	--	99	61083	卖盘
11:08:59	6.17	--	82	50594	卖盘
11:08:49	6.17	-0.01	192	118464	卖盘
11:08:43	6.18	--	250	154500	卖盘
11:08:39	6.18	--	33	20394	卖盘
11:08:34	6.18	--	70	43260	卖盘
11:08:28	6.18	--	109	67362	卖盘
11:08:23	6.18	--	200	123600	卖盘
11:08:19	6.18	--	222	137196	卖盘
11:08:13	6.18	--	89	55002	卖盘
11:08:03	6.18	-0.01	220	135960	卖盘
11:07:58	6.19	0.01	156	96564	买盘
11:07:48	6.18	--	305	188490	卖盘
11:07:43	6.18	-0.01	72	44496	卖盘
11:07:39	6.19	0.01	39	24141	买盘
11:07:33	6.18	--	75	46350	卖盘
11:07:28	6.18	0.01	2504	1547472	买盘
11:07:24	6.17	-0.01	342	211014	卖盘
11:07:18	6.18	0.01	15	9270	买盘
11:07:13	6.17	-0.01	1	617	卖盘
11:07:08	6.18	0.01	10	6180	买盘
11:07:03	6.17	-0.01	125	77125	卖盘
11:06:58	6.18	0.01	205	126690	买盘
11:06:53	6.17	-0.01	18	11106	卖盘
11:06:48	6.18	--	1	618	买盘
11:06:43	6.18	0.01	13	8034	买盘
11:06:38	6.17	-0.01	2	1234	卖盘
11:06:33	6.18	--	56	34608	买盘
11:06:28	6.18	0.01	30	18540	买盘
11:06:23	6.17	--	7	4319	卖盘
11:06:18	6.17	--	8	4936	卖盘
11:06:13	6.17	--	156	96252	卖盘
11:06:08	6.17	--	21	12957	卖盘
11:06:03	6.17	-0.01	24	14808	卖盘
11:05:58	6.18	--	5	3090	买盘
11:05:53	6.18	0.01	58	35844	买盘
11:05:48	6.17	--	20	12340	卖盘
11:05:43	6.17	-0.01	305	188185	卖盘
11:05:38	6.18	--	25	15450	买盘
11:05:33	6.18	0.01	10	6180	买盘
11:05:28	6.17	--	395	243715	卖盘
11:05:23	6.17	-0.01	5	3085	卖盘
11:05:13	6.18	--	25	15450	买盘
11:05:08	6.18	--	280	173040	买盘
11:05:02	6.18	0.01	13	8034	买盘
11:04:58	6.17	--	68	41956	卖盘
11:04:47	6.17	-0.01	24	14808	卖盘
11:04:43	6.18	--	55	33990	买盘
11:04:38	6.18	0.01	89	55002	买盘
11:04:33	6.17	-0.01	62	38254	卖盘
11:04:28	6.18	0.01	200	123600	买盘
11:04:23	6.17	-0.01	138	85146	卖盘
11:04:18	6.18	--	2	1236	买盘
11:04:12	6.18	0.01	93	57474	买盘
11:04:08	6.17	-0.01	62	38254	卖盘
11:03:58	6.18	0.01	192	118656	买盘
11:03:53	6.17	-0.01	93	57381	卖盘
11:03:48	6.18	--	30	18540	买盘
11:03:38	6.18	--	87	53766	买盘
11:03:33	6.18	0.01	929	574122	买盘
11:03:28	6.17	-0.01	27	16659	卖盘
11:03:23	6.18	0.01	708	437544	买盘
11:03:18	6.17	-0.01	57	35169	卖盘
11:03:13	6.18	0.01	158	97644	买盘
11:03:08	6.17	--	30	18510	卖盘
11:03:02	6.17	-0.01	39	24063	卖盘
11:02:58	6.18	0.01	239	147702	买盘
11:02:53	6.17	-0.01	11	6787	卖盘
11:02:48	6.18	0.01	350	216300	买盘
11:02:43	6.17	-0.01	521	321457	卖盘
11:02:38	6.18	--	116	71688	买盘
11:02:32	6.18	0.01	18	11124	买盘
11:02:28	6.17	-0.01	218	134506	卖盘
11:02:23	6.18	0.01	228	140904	买盘
11:02:17	6.17	-0.01	15	9255	卖盘
11:02:13	6.18	0.01	269	166242	买盘
11:02:08	6.17	-0.01	529	326393	卖盘
11:01:57	6.18	0.01	84	51912	买盘
11:01:53	6.17	--	50	30850	卖盘
11:01:42	6.17	--	540	333180	买盘
11:01:37	6.17	--	670	413390	买盘
11:01:32	6.17	--	17	10489	买盘
11:01:27	6.17	--	1	617	买盘
11:01:22	6.17	--	574	354158	买盘
11:01:17	6.17	--	41	25297	买盘
11:01:12	6.17	--	70	43190	买盘
11:01:07	6.17	--	83	51211	买盘
11:01:02	6.17	--	42	25914	买盘
11:00:57	6.17	--	150	92550	买盘
11:00:52	6.17	--	276	170292	买盘
11:00:42	6.17	0.01	22	13574	买盘
11:00:37	6.16	--	207	127512	卖盘
11:00:32	6.16	--	15	9240	卖盘
11:00:22	6.16	0.01	640	394240	买盘
11:00:17	6.15	-0.01	5	3075	卖盘
11:00:12	6.16	--	255	157080	买盘
11:00:07	6.16	--	409	251944	买盘
11:00:02	6.16	--	151	93016	买盘
10:59:57	6.16	--	42	25872	买盘
10:59:52	6.16	--	507	312312	买盘
10:59:47	6.16	--	100	61600	买盘
10:59:42	6.16	--	222	136752	买盘
10:59:37	6.16	0.01	30	18480	买盘
10:59:32	6.15	--	5	3075	卖盘
10:59:27	6.15	--	30	18450	卖盘
10:59:22	6.15	--	81	49815	卖盘
10:59:12	6.15	--	133	81795	卖盘
10:59:07	6.15	--	60	36900	卖盘
10:59:02	6.15	--	2	1230	卖盘
10:58:52	6.15	0.01	401	246615	买盘
10:58:47	6.14	-0.01	162	99468	卖盘
10:58:42	6.15	--	2	1230	买盘
10:58:37	6.15	0.01	39	23985	买盘
10:58:32	6.14	-0.01	92	56488	卖盘
10:58:26	6.15	--	60	36900	买盘
10:58:22	6.15	--	10	6150	买盘
10:58:17	6.15	--	30	18450	买盘
10:58:11	6.15	--	67	41205	买盘
10:58:07	6.15	--	84	51660	买盘
10:58:02	6.15	0.01	47	28905	买盘
10:57:56	6.14	-0.01	606	372084	卖盘
10:57:51	6.15	--	233	143295	买盘
10:57:47	6.15	--	6	3690	买盘
10:57:41	6.15	--	15	9225	买盘
10:57:36	6.15	--	61	37515	买盘
10:57:32	6.15	0.01	11	6765	买盘
10:57:26	6.14	--	10	6140	卖盘
10:57:21	6.14	-0.01	108	66312	卖盘
10:57:17	6.15	--	31	19065	买盘
10:57:11	6.15	0.01	80	49200	买盘
10:57:06	6.14	--	60	36840	卖盘
10:57:02	6.14	-0.01	10	6140	卖盘
10:56:56	6.15	--	39	23985	买盘
10:56:51	6.15	--	116	71340	买盘
10:56:46	6.15	--	140	86100	买盘
10:56:41	6.15	--	50	30750	买盘
10:56:36	6.15	--	21	12915	买盘
10:56:32	6.15	0.01	59	36285	买盘
10:56:26	6.14	-0.01	14	8596	卖盘
10:56:21	6.15	0.01	9	5535	买盘
10:56:16	6.14	--	394	241916	卖盘
10:56:11	6.14	-0.01	258	158412	卖盘
10:56:06	6.15	0.01	31	19065	买盘
10:56:02	6.14	--	68	41752	卖盘
10:55:51	6.14	-0.01	1	614	卖盘
10:55:46	6.15	0.01	2	1230	买盘
10:55:41	6.14	-0.01	4	2456	卖盘
10:55:36	6.15	--	515	316725	买盘
10:55:32	6.15	--	107	65805	买盘
10:55:26	6.15	--	68	41820	买盘
10:55:21	6.15	0.01	145	89175	买盘
10:55:16	6.14	-0.01	393	241302	卖盘
10:55:11	6.15	0.01	30	18450	买盘
10:55:06	6.14	--	37	22718	卖盘
10:55:01	6.14	--	17	10438	卖盘
10:54:56	6.14	--	5	3070	卖盘
10:54:51	6.14	--	366	224724	卖盘
10:54:46	6.14	-0.01	23	14122	卖盘
10:54:41	6.15	0.01	524	322260	买盘
10:54:36	6.14	--	221	135694	卖盘
10:54:31	6.14	-0.01	10	6140	卖盘
10:54:21	6.15	--	158	97170	买盘
10:54:16	6.15	--	124	76260	买盘
10:54:06	6.15	--	58	35670	买盘
10:54:01	6.15	--	57	35055	买盘
10:53:51	6.15	--	1	615	买盘
10:53:31	6.15	--	2	1230	买盘
10:53:26	6.15	--	50	30750	买盘
10:53:21	6.15	--	126	77490	买盘
10:53:16	6.15	--	49	30135	买盘
10:53:11	6.15	--	1852	1138980	卖盘
10:53:06	6.15	--	131	80565	卖盘
10:53:01	6.15	--	11	6765	卖盘
10:52:56	6.15	--	1	615	卖盘
10:52:51	6.15	-0.01	15	9225	卖盘
10:52:46	6.16	0.01	200	123200	买盘
10:52:41	6.15	--	35	21525	卖盘
10:52:36	6.15	--	45	27675	卖盘
10:52:31	6.15	--	170	104550	卖盘
10:52:26	6.15	-0.01	1	615	卖盘
10:52:21	6.16	--	304	187264	买盘
10:52:16	6.16	0.01	62	38192	买盘
10:52:11	6.15	--	95	58425	卖盘
10:52:05	6.15	-0.01	24	14760	卖盘
10:52:00	6.16	0.01	125	77000	买盘
10:51:46	6.15	--	16	9840	卖盘
10:51:41	6.15	--	205	126075	卖盘
10:51:30	6.15	--	6	3690	卖盘
10:51:26	6.15	--	18	11070	卖盘
10:51:20	6.15	-0.01	10	6150	卖盘
10:51:15	6.16	0.01	10	6160	买盘
10:51:11	6.15	0.01	63	38745	买盘
10:51:05	6.14	-0.01	25	15350	卖盘
10:50:56	6.15	--	106	65190	买盘
10:50:50	6.15	--	233	143295	卖盘
10:50:45	6.15	--	4	2460	卖盘
10:50:41	6.15	--	62	38130	卖盘
10:50:35	6.15	--	5	3075	卖盘
10:50:30	6.15	-0.01	46	28290	卖盘
10:50:26	6.16	0.01	40	24640	买盘
10:50:20	6.15	-0.01	178	109470	卖盘
10:50:15	6.16	0.01	88	54208	买盘
10:50:11	6.15	--	9	5535	卖盘
10:50:05	6.15	--	46	28290	买盘
10:50:00	6.15	0.01	61	37515	中性盘
10:49:56	6.14	--	152	93328	卖盘
10:49:45	6.14	-0.01	201	123414	卖盘
10:49:40	6.15	--	16	9840	买盘
10:49:30	6.15	--	35	21525	买盘
10:49:25	6.15	0.01	10	6150	买盘
10:49:20	6.14	-0.01	5	3070	卖盘
10:49:15	6.15	--	247	151905	买盘
10:49:10	6.15	0.01	75	46125	买盘
10:49:05	6.14	--	25	15350	卖盘
10:49:00	6.14	--	102	62628	卖盘
10:48:45	6.14	--	35	21490	卖盘
10:48:40	6.14	-0.01	261	160254	卖盘
10:48:35	6.15	--	50	30750	买盘
10:48:30	6.15	--	100	61500	买盘
10:48:25	6.15	--	127	78105	买盘
10:48:20	6.15	0.01	20	12300	买盘
10:48:15	6.14	--	92	56488	卖盘
10:48:10	6.14	-0.01	49	30086	卖盘
10:48:00	6.15	0.01	2	1230	买盘
10:47:55	6.14	-0.01	42	25788	卖盘
10:47:45	6.15	-0.01	86	52890	卖盘
10:47:40	6.16	0.01	171	105336	买盘
10:47:35	6.15	--	218	134070	卖盘
10:47:30	6.15	-0.01	220	135300	卖盘
10:47:25	6.16	0.01	11	6776	买盘
10:47:20	6.15	--	10	6150	卖盘
10:47:15	6.15	-0.01	11	6765	卖盘
10:47:10	6.16	0.01	100	61600	买盘
10:47:05	6.15	-0.01	40	24600	卖盘
10:46:55	6.16	--	228	140448	买盘
10:46:45	6.16	--	42	25872	买盘
10:46:30	6.16	--	0	0	买盘
10:46:25	6.16	--	74	45584	买盘
10:46:20	6.16	0.02	300	184800	买盘
10:46:15	6.14	-0.01	295	181130	卖盘
10:46:10	6.15	--	48	29520	中性盘
10:46:05	6.15	0.01	128	78720	买盘
10:45:59	6.14	--	56	34384	卖盘
10:45:55	6.14	-0.01	142	87188	卖盘
10:45:50	6.15	--	138	84870	买盘
10:45:44	6.15	--	150	92250	中性盘
10:45:40	6.15	--	161	99015	卖盘
10:45:35	6.15	-0.01	2	1230	卖盘
10:45:29	6.16	--	20	12320	买盘
10:45:24	6.16	0.01	32	19712	买盘
10:45:20	6.15	--	61	37515	卖盘
10:45:14	6.15	-0.01	46	28290	卖盘
10:45:09	6.16	0.01	41	25256	买盘
10:45:05	6.15	--	165	101475	卖盘
10:44:59	6.15	-0.01	160	98400	卖盘
10:44:54	6.16	--	324	199584	买盘
10:44:50	6.16	0.01	50	30800	买盘
10:44:39	6.15	-0.01	15	9225	卖盘
10:44:34	6.16	0.01	30	18480	买盘
10:44:24	6.15	-0.01	6	3690	卖盘
10:44:20	6.16	--	112	68992	买盘
10:44:14	6.16	--	384	236544	买盘
10:44:09	6.16	0.01	31	19096	买盘
10:44:05	6.15	--	24	14760	卖盘
10:43:59	6.15	-0.01	5	3075	卖盘
10:43:54	6.16	0.01	4319	2660818	买盘
10:43:50	6.15	-0.01	200	123000	中性盘
10:43:44	6.16	--	67	41272	买盘
10:43:39	6.16	--	41	25256	买盘
10:43:35	6.16	--	1844	1135904	卖盘
10:43:29	6.16	--	785	483560	买盘
10:43:24	6.16	--	515	317240	买盘
10:43:20	6.16	0.01	101	62216	买盘
10:43:14	6.15	--	50	30750	卖盘
10:43:09	6.15	-0.01	39	23985	卖盘
10:43:04	6.16	0.01	181	111496	买盘
10:42:59	6.15	--	137	84255	买盘
10:42:54	6.15	--	131	80565	买盘
10:42:49	6.15	--	2735	1682025	卖盘
10:42:44	6.15	-0.01	32	19680	中性盘
10:42:39	6.16	0.01	47	28952	买盘
10:42:34	6.15	--	67	41205	买盘
10:42:29	6.15	--	29	17835	卖盘
10:42:24	6.15	--	8	4920	买盘
10:42:19	6.15	0.03	876	538740	买盘
10:42:14	6.12	-0.03	3704	2266848	卖盘
10:42:09	6.15	-0.01	121	74415	买盘
10:42:04	6.16	0.02	243	149688	买盘
10:41:54	6.14	-0.02	44	27016	卖盘
10:41:49	6.16	--	3	1848	买盘
10:41:34	6.16	--	14	8624	买盘
10:41:29	6.16	0.04	15	9240	买盘
10:41:24	6.12	-0.05	3087	1889244	卖盘
10:41:19	6.17	--	54	33318	买盘
10:41:09	6.17	--	380	234460	卖盘
10:41:04	6.17	--	143	88231	卖盘
10:40:59	6.17	--	101	62317	卖盘
10:40:54	6.17	0.06	1093	674381	买盘
10:40:49	6.11	-0.05	3862	2359682	卖盘
10:40:44	6.16	-0.01	36	22176	中性盘
10:40:34	6.17	--	4841	2986897	买盘
10:40:29	6.17	--	0	0	买盘
10:40:24	6.17	0.02	193	119081	买盘
10:40:19	6.15	-0.02	51	31365	中性盘
10:40:09	6.17	--	6061	3739637	买盘
10:40:04	6.17	--	96	59232	买盘
10:39:59	6.17	--	0	0	买盘
10:39:53	6.17	-0.01	2	1234	卖盘
10:39:49	6.18	0.01	24	14832	买盘
10:39:44	6.17	-0.01	23	14191	中性盘
10:39:38	6.18	--	7569	4677642	买盘
10:39:34	6.18	--	60	37080	买盘
10:39:29	6.18	--	2	1236	买盘
10:39:23	6.18	--	10	6180	买盘
10:39:19	6.18	0.01	14	8652	买盘
10:39:14	6.17	-0.01	83	51211	卖盘
10:39:08	6.18	0.01	202	124836	买盘
10:39:04	6.17	--	90	55530	卖盘
10:38:59	6.17	--	170	104890	卖盘
10:38:53	6.17	--	20	12340	卖盘
10:38:49	6.17	--	121	74657	卖盘
10:38:44	6.17	--	354	218418	买盘
10:38:38	6.17	--	400	246800	买盘
10:38:33	6.17	--	410	252970	买盘
10:38:29	6.17	--	269	165973	买盘
10:38:18	6.17	--	155	95635	买盘
10:38:14	6.17	--	299	184483	买盘
10:38:08	6.17	0.01	17	10489	买盘
10:38:03	6.16	-0.01	107	65912	卖盘
10:37:59	6.17	--	106	65402	买盘
10:37:53	6.17	0.01	81	49977	买盘
10:37:48	6.16	--	41	25256	卖盘
10:37:44	6.16	--	50	30800	卖盘
10:37:33	6.16	--	314	193424	卖盘
10:37:28	6.16	-0.01	91	56056	卖盘
10:37:18	6.17	--	55	33935	买盘
10:37:13	6.17	--	78	48126	买盘
10:37:08	6.17	--	15	9255	买盘
10:37:03	6.17	--	154	95018	买盘
10:36:58	6.17	--	31	19127	买盘
10:36:53	6.17	0.01	50	30850	买盘
10:36:48	6.16	--	309	190344	卖盘
10:36:38	6.16	-0.01	224	137984	卖盘
10:36:28	6.17	--	12	7404	买盘
10:36:23	6.17	0.01	14	8638	买盘
10:36:18	6.16	-0.01	81	49896	卖盘
10:36:13	6.17	0.01	46	28382	买盘
10:36:08	6.16	--	15	9240	卖盘
10:36:03	6.16	--	170	104720	卖盘
10:35:58	6.16	--	125	77000	卖盘
10:35:53	6.16	-0.01	100	61600	卖盘
10:35:48	6.17	0.01	76	46892	买盘
10:35:43	6.16	--	58	35728	卖盘
10:35:38	6.16	--	8	4928	卖盘
10:35:33	6.16	--	25	15400	卖盘
10:35:28	6.16	--	23	14168	卖盘
10:35:23	6.16	--	25	15400	卖盘
10:35:18	6.16	--	15	9240	卖盘
10:35:08	6.16	--	50	30800	卖盘
10:35:03	6.16	--	202	124432	卖盘
10:34:58	6.16	--	7	4312	卖盘
10:34:33	6.16	-0.01	118	72688	卖盘
10:34:28	6.17	0.01	1	617	买盘
10:34:22	6.16	--	114	70224	卖盘
10:34:18	6.16	-0.01	55	33880	卖盘
10:34:13	6.17	0.01	50	30850	买盘
10:34:03	6.16	--	49	30184	卖盘
10:33:58	6.16	-0.01	60	36960	卖盘
10:33:48	6.17	--	33	20361	买盘
10:33:43	6.17	0.01	80	49360	买盘
10:33:37	6.16	--	25	15400	卖盘
10:33:28	6.16	-0.01	63	38808	卖盘
10:33:18	6.17	--	110	67870	买盘
10:33:13	6.17	--	0	0	买盘
10:33:08	6.17	--	113	69721	买盘
10:33:02	6.17	--	122	75274	买盘
10:32:58	6.17	0.01	21	12957	买盘
10:32:52	6.16	--	279	171864	买盘
10:32:47	6.16	--	830	511280	买盘
10:32:43	6.16	0.01	427	263032	买盘
10:32:37	6.15	-0.01	92	56580	卖盘
10:32:32	6.16	--	15	9240	买盘
10:32:27	6.16	0.01	67	41272	买盘
10:32:22	6.15	-0.01	221	135915	卖盘
10:32:17	6.16	0.01	300	184800	买盘
10:32:12	6.15	--	3	1845	卖盘
10:32:07	6.15	--	24	14760	卖盘
10:32:02	6.15	-0.01	4	2460	卖盘
10:31:57	6.16	0.01	35	21560	买盘
10:31:52	6.15	-0.01	119	73185	卖盘
10:31:47	6.16	--	38	23408	买盘
10:31:42	6.16	0.01	3	1848	买盘
10:31:37	6.15	-0.01	10	6150	卖盘
10:31:27	6.16	--	175	107800	买盘
10:31:22	6.16	--	62	38192	买盘
10:31:12	6.16	0.01	6	3696	买盘
10:31:07	6.15	--	25	15375	卖盘
10:31:02	6.15	-0.01	10	6150	卖盘
10:30:57	6.16	0.01	40	24640	买盘
10:30:52	6.15	-0.01	20	12300	卖盘
10:30:42	6.16	0.01	46	28336	买盘
10:30:32	6.15	--	12	7380	卖盘
10:30:27	6.15	--	12	7380	卖盘
10:30:22	6.15	--	36	22140	卖盘
10:30:17	6.15	--	17	10455	卖盘
10:30:12	6.15	--	54	33210	买盘
10:30:07	6.15	0.01	43	26445	买盘
10:30:02	6.14	-0.01	341	209374	卖盘
10:29:57	6.15	--	28	17220	买盘
10:29:52	6.15	--	36	22140	买盘
10:29:42	6.15	--	105	64575	买盘
10:29:37	6.15	0.01	13	7995	买盘
10:29:32	6.14	-0.01	200	122800	卖盘
10:29:27	6.15	-0.01	262	161130	卖盘
10:29:22	6.16	0.01	18	11088	买盘
10:29:17	6.15	--	10	6150	卖盘
10:29:12	6.15	--	2	1230	卖盘
10:29:07	6.15	--	77	47355	卖盘
10:28:57	6.15	--	5	3075	卖盘
10:28:52	6.15	--	104	63960	卖盘
10:28:47	6.15	--	200	123000	卖盘
10:28:42	6.15	--	35	21525	卖盘
10:28:37	6.15	-0.01	70	43050	卖盘
10:28:31	6.16	--	5	3080	买盘
10:28:27	6.16	--	20	12320	买盘
10:28:22	6.16	0.01	66	40656	买盘
10:28:16	6.15	--	65	39975	卖盘
10:28:12	6.15	--	65	39975	卖盘
10:28:07	6.15	--	62	38130	卖盘
10:27:57	6.15	--	2	1230	卖盘
10:27:52	6.15	-0.01	30	18450	卖盘
10:27:46	6.16	--	20	12320	买盘
10:27:42	6.16	0.01	47	28952	买盘
10:27:37	6.15	--	1	615	卖盘
10:27:31	6.15	-0.01	212	130380	卖盘
10:27:27	6.16	--	32	19712	卖盘
10:27:22	6.16	-0.01	8	4928	中性盘
10:27:16	6.17	0.02	170	104890	买盘
10:27:11	6.15	--	218	134070	卖盘
10:27:07	6.15	--	142	87330	卖盘
10:27:01	6.15	-0.02	76	46740	卖盘
10:26:57	6.17	--	3	1851	买盘
10:26:52	6.17	0.02	79	48743	买盘
10:26:46	6.15	-0.02	10	6150	卖盘
10:26:37	6.17	0.01	311	191887	买盘
10:26:31	6.16	--	67	41272	买盘
10:26:26	6.16	--	17	10472	买盘
10:26:22	6.16	--	222	136752	卖盘
10:26:16	6.16	-0.01	33	20328	卖盘
10:26:11	6.17	0.01	30	18510	买盘
10:26:06	6.16	--	246	151536	卖盘
10:26:01	6.16	--	427	263032	卖盘
10:25:56	6.16	--	40	24640	卖盘
10:25:51	6.16	--	99	60984	卖盘
10:25:46	6.16	--	25	15400	卖盘
10:25:41	6.16	0.01	438	269808	买盘
10:25:36	6.15	0.01	145	89175	卖盘
10:25:31	6.14	-0.01	4000	2456000	卖盘
10:25:26	6.15	-0.01	5	3075	卖盘
10:25:21	6.16	--	4	2464	买盘
10:25:16	6.16	--	65	40040	买盘
10:25:11	6.16	--	135	83160	买盘
10:25:06	6.16	0.01	275	169400	买盘
10:25:01	6.15	-0.01	161	99015	卖盘
10:24:56	6.16	--	41	25256	买盘
10:24:51	6.16	0.01	49	30184	买盘
10:24:46	6.15	--	411	252765	卖盘
10:24:41	6.15	-0.01	123	75645	卖盘
10:24:36	6.16	0.01	134	82544	买盘
10:24:31	6.15	-0.01	275	169125	卖盘
10:24:26	6.16	0.01	1	616	买盘
10:24:21	6.15	--	9	5535	卖盘
10:24:16	6.15	-0.01	49	30135	卖盘
10:24:11	6.16	0.01	30	18480	买盘
10:24:06	6.15	--	32	19680	卖盘
10:24:01	6.15	--	431	265065	买盘
10:23:56	6.15	--	307	188805	买盘
10:23:51	6.15	--	221	135915	买盘
10:23:46	6.15	--	306	188190	买盘
10:23:41	6.15	--	10	6150	买盘
10:23:36	6.15	--	428	263220	买盘
10:23:31	6.15	--	474	291510	买盘
10:23:26	6.15	--	248	152520	买盘
10:23:21	6.15	0.01	176	108240	买盘
10:23:16	6.14	-0.01	41	25174	卖盘
10:23:11	6.15	--	30	18450	买盘
10:23:06	6.15	0.01	365	224475	买盘
10:22:56	6.14	--	27	16578	卖盘
10:22:51	6.14	--	20	12280	卖盘
10:22:46	6.14	--	270	165780	买盘
10:22:41	6.14	--	578	354892	买盘
10:22:36	6.14	--	1286	789604	买盘
10:22:31	6.14	--	79	48506	买盘
10:22:25	6.14	--	52	31928	买盘
10:22:21	6.14	--	29	17806	买盘
10:22:16	6.14	--	41	25174	买盘
10:22:10	6.14	--	10	6140	买盘
10:22:06	6.14	0.01	61	37454	买盘
10:22:01	6.13	-0.01	204	125052	卖盘
10:21:55	6.14	0.01	442	271388	买盘
10:21:46	6.13	--	40	24520	卖盘
10:21:40	6.13	--	988	606226	买盘
10:21:36	6.13	--	333	204129	买盘
10:21:31	6.13	--	824	505112	买盘
10:21:25	6.13	--	247	151411	买盘
10:21:21	6.13	--	226	138538	买盘
10:21:16	6.13	--	283	173509	卖盘
10:21:10	6.13	--	3	1839	卖盘
10:21:06	6.13	0.01	875	536957	买盘
10:21:01	6.12	-0.01	49	29988	卖盘
10:20:55	6.13	--	117	71721	买盘
10:20:51	6.13	-0.01	1988	1218674	卖盘
10:20:46	6.14	--	957	587598	买盘
10:20:40	6.14	--	452	277528	买盘
10:20:36	6.14	--	48	29472	买盘
10:20:31	6.14	--	3029	1859806	买盘
10:20:25	6.14	-0.01	608	373312	卖盘
10:20:21	6.15	0.01	1	615	买盘
10:20:16	6.14	-0.01	200	122800	卖盘
10:20:10	6.15	0.01	119	73185	买盘
10:20:05	6.14	--	111	68154	卖盘
10:20:01	6.14	-0.01	1238	760132	卖盘
10:19:55	6.15	--	55	33825	买盘
10:19:45	6.15	--	292	179580	买盘
10:19:40	6.15	--	270	166050	买盘
10:19:35	6.15	--	1369	841935	买盘
10:19:31	6.15	-0.02	1016	624840	卖盘
10:19:25	6.17	0.03	53	32701	买盘
10:19:20	6.14	-0.03	5200	3192800	卖盘
10:19:15	6.17	--	1043	643531	买盘
10:19:10	6.17	--	25	15425	买盘
10:19:05	6.17	0.01	216	133272	买盘
10:19:00	6.16	-0.01	2125	1309000	卖盘
10:18:55	6.17	0.01	829	511493	买盘
10:18:50	6.16	-0.01	3	1848	卖盘
10:18:45	6.17	0.02	535	330095	买盘
10:18:40	6.15	--	52	31980	卖盘
10:18:35	6.15	--	1045	642675	卖盘
10:18:30	6.15	-0.01	679	417585	卖盘
10:18:25	6.16	--	52	32032	买盘
10:18:20	6.16	0.01	5	3080	买盘
10:18:15	6.15	-0.01	23	14145	卖盘
10:18:10	6.16	0.01	177	109032	买盘
10:18:05	6.15	--	58	35670	卖盘
10:18:00	6.15	--	17	10455	卖盘
10:17:55	6.15	--	152	93480	卖盘
10:17:50	6.15	--	1563	961245	买盘
10:17:45	6.15	--	340	209100	买盘
10:17:40	6.15	--	75	46125	买盘
10:17:35	6.15	-0.02	3458	2126670	卖盘
10:17:30	6.17	--	64	39488	买盘
10:17:25	6.17	--	120	74040	买盘
10:17:20	6.17	--	127	78359	买盘
10:17:15	6.17	--	157	96869	买盘
10:17:10	6.17	--	337	207929	买盘
10:17:05	6.17	--	35	21595	买盘
10:17:00	6.17	--	223	137591	买盘
10:16:55	6.17	0.02	183	112911	买盘
10:16:50	6.15	-0.01	34	20910	卖盘
10:16:45	6.16	0.01	68	41888	中性盘
10:16:40	6.15	--	491	301965	卖盘
10:16:35	6.15	--	45	27675	卖盘
10:16:30	6.15	--	89	54735	卖盘
10:16:15	6.15	0.01	2362	1452630	买盘
10:16:10	6.14	--	306	187884	卖盘
10:16:05	6.14	--	70	42980	卖盘
10:16:00	6.14	-0.01	763	468482	卖盘
10:15:55	6.15	--	1776	1092240	买盘
10:15:49	6.15	0.01	183	112545	买盘
10:15:45	6.14	-0.01	227	139378	卖盘
10:15:40	6.15	--	258	158670	买盘
10:15:34	6.15	--	152	93480	买盘
10:15:30	6.15	0.01	844	519060	买盘
10:15:25	6.14	-0.01	42	25788	卖盘
10:15:19	6.15	--	39	23985	买盘
10:15:15	6.15	--	46	28290	买盘
10:15:10	6.15	-0.02	521	320415	卖盘
10:15:04	6.17	0.01	121	74657	买盘
10:15:00	6.16	0.03	103	63448	卖盘
10:14:55	6.13	-0.05	10195	6249535	卖盘
10:14:49	6.18	0.01	462	285516	买盘
10:14:45	6.17	--	323	199291	卖盘
10:14:40	6.17	--	199	122783	卖盘
10:14:34	6.17	-0.01	171	105507	卖盘
10:14:30	6.18	0.01	62	38316	买盘
10:14:25	6.17	--	303	186951	买盘
10:14:19	6.17	--	236	145612	卖盘
10:14:15	6.17	-0.01	446	275182	卖盘
10:14:10	6.18	--	1111	686598	买盘
10:14:04	6.18	0.01	567	350406	买盘
10:13:59	6.17	--	127	78359	卖盘
10:13:55	6.17	0.01	3223	1988665	买盘
10:13:49	6.16	0.01	1853	1141448	买盘
10:13:44	6.15	--	56	34440	卖盘
10:13:40	6.15	--	103	63345	卖盘
10:13:34	6.15	0.01	2912	1790880	买盘
10:13:29	6.14	-0.01	63	38682	卖盘
10:13:24	6.15	0.01	1329	817335	买盘
10:13:19	6.14	--	119	73575	卖盘
10:13:14	6.14	-0.01	104	63856	卖盘
10:13:10	6.15	--	1312	806880	买盘
10:13:04	6.15	--	528	324720	买盘
10:12:59	6.15	-0.01	1164	715860	卖盘
10:12:54	6.16	--	142	87472	卖盘
10:12:49	6.16	-0.01	730	449680	卖盘
10:12:44	6.17	--	184	113528	买盘
10:12:39	6.17	--	148	91316	卖盘
10:12:34	6.17	--	5420	3344140	卖盘
10:12:29	6.17	0.01	167	103039	买盘
10:12:24	6.16	--	69	42504	卖盘
10:12:19	6.16	-0.01	64	39424	卖盘
10:12:14	6.17	-0.01	58	35786	买盘
10:12:09	6.18	0.03	64	39552	买盘
10:12:04	6.15	--	453	278595	买盘
10:11:59	6.15	--	1712	1052880	买盘
10:11:54	6.15	-0.03	9929	6106335	卖盘
10:11:49	6.18	--	487	300966	买盘
10:11:44	6.18	--	5	3090	买盘
10:11:39	6.18	--	160	98880	买盘
10:11:34	6.18	-0.01	2076	1282968	卖盘
10:11:29	6.19	0.01	9	5571	买盘
10:11:24	6.18	--	252	155736	卖盘
10:11:19	6.18	--	96	59328	卖盘
10:11:14	6.18	--	122	75396	卖盘
10:11:09	6.18	--	388	239784	卖盘
10:11:04	6.18	--	229	141522	卖盘
10:10:59	6.18	-0.01	127	78486	卖盘
10:10:54	6.19	0.01	39	24141	买盘
10:10:49	6.18	--	368	227424	卖盘
10:10:44	6.18	--	73	45114	卖盘
10:10:39	6.18	--	117	72306	卖盘
10:10:34	6.18	--	298	184164	卖盘
10:10:29	6.18	--	61	37698	卖盘
10:10:24	6.18	--	114	70452	卖盘
10:10:19	6.18	--	142	87756	卖盘
10:10:14	6.18	--	2	1236	卖盘
10:10:09	6.18	-0.01	102	63036	卖盘
10:10:04	6.19	0.01	89	55091	买盘
10:09:59	6.18	--	466	287988	卖盘
10:09:54	6.18	--	95	58710	卖盘
10:09:49	6.18	-0.01	136	84048	卖盘
10:09:43	6.19	--	20	12380	买盘
10:09:39	6.19	--	301	186319	买盘
10:09:34	6.19	--	231	142989	买盘
10:09:28	6.19	--	327	202413	买盘
10:09:24	6.19	0.01	977	604763	买盘
10:09:19	6.18	--	235	145230	卖盘
10:09:13	6.18	-0.01	472	291696	卖盘
10:09:09	6.19	0.01	77	47663	买盘
10:09:04	6.18	-0.01	538	332484	卖盘
10:08:58	6.19	--	315	194985	买盘
10:08:54	6.19	-0.01	1886	1167978	卖盘
10:08:49	6.2	--	13	8060	买盘
10:08:43	6.2	0.01	40	24800	买盘
10:08:39	6.19	--	166	102754	卖盘
10:08:34	6.19	--	38	23522	卖盘
10:08:28	6.19	--	22	13618	卖盘
10:08:23	6.19	0.01	196	121398	买盘
10:08:19	6.18	-0.01	780	482040	卖盘
10:08:13	6.19	--	326	201794	买盘
10:08:04	6.19	0.01	85	52615	买盘
10:07:58	6.18	--	696	430128	买盘
10:07:54	6.18	--	336	207648	买盘
10:07:49	6.18	--	201	124218	买盘
10:07:43	6.18	--	1139	703902	买盘
10:07:38	6.18	0.01	269	166242	买盘
10:07:34	6.17	-0.01	214	132038	卖盘
10:07:28	6.18	--	320	197760	买盘
10:07:23	6.18	0.01	74	45732	买盘
10:07:19	6.17	-0.01	1050	647850	卖盘
10:07:13	6.18	--	66	40788	买盘
10:07:08	6.18	0.01	202	124836	买盘
10:07:03	6.17	--	236	145612	卖盘
10:06:58	6.17	-0.01	880	542960	卖盘
10:06:53	6.18	--	438	270684	买盘
10:06:48	6.18	--	824	509232	买盘
10:06:43	6.18	--	157	97026	买盘
10:06:38	6.18	--	196	121128	买盘
10:06:33	6.18	--	271	167478	买盘
10:06:28	6.18	--	2614	1615452	卖盘
10:06:23	6.18	--	30	18540	卖盘
10:06:18	6.18	-0.01	212	131016	卖盘
10:06:13	6.19	0.01	2592	1604448	买盘
10:06:08	6.18	--	749	462882	买盘
10:06:03	6.18	0.01	162	100116	买盘
10:05:58	6.17	--	518	319606	卖盘
10:05:53	6.17	-0.01	129	79593	卖盘
10:05:48	6.18	--	369	228042	买盘
10:05:43	6.18	0.01	154	95172	买盘
10:05:38	6.17	-0.01	12	7404	卖盘
10:05:33	6.18	--	339	209502	买盘
10:05:28	6.18	-0.01	392	242256	买盘
10:05:23	6.19	0.01	316	195604	买盘
10:05:18	6.18	--	2407	1488069	卖盘
10:05:13	6.18	--	126	77868	卖盘
10:05:08	6.18	--	102	63036	卖盘
10:05:03	6.18	-0.01	628	388178	卖盘
10:04:58	6.19	--	1016	628904	买盘
10:04:53	6.19	--	219	135561	买盘
10:04:48	6.19	--	218	134942	买盘
10:04:43	6.19	--	1437	889503	卖盘
10:04:38	6.19	--	22	13618	卖盘
10:04:33	6.19	--	652	403588	卖盘
10:04:28	6.19	--	611	378209	卖盘
10:04:23	6.19	-0.01	542	335498	卖盘
10:04:18	6.2	--	66	40920	买盘
10:04:13	6.2	--	803	497860	卖盘
10:04:08	6.2	--	1009	625580	卖盘
10:04:03	6.2	--	594	368280	卖盘
10:03:58	6.2	--	3638	2255560	卖盘
10:03:53	6.2	--	553	342860	卖盘
10:03:48	6.2	-0.01	490	303800	卖盘
10:03:43	6.21	0.01	203	126063	买盘
10:03:38	6.2	-0.01	33	20460	卖盘
10:03:33	6.21	0.01	279	173259	买盘
10:03:28	6.2	-0.01	2969	1840780	卖盘
10:03:22	6.21	--	201	124821	卖盘
10:03:18	6.21	--	580	360180	卖盘
10:03:13	6.21	-0.01	183	113643	卖盘
10:03:07	6.22	0.01	183	113826	买盘
10:03:03	6.21	--	270	167670	卖盘
10:02:58	6.21	-0.01	258	160218	卖盘
10:02:52	6.22	0.01	143	88946	买盘
10:02:48	6.21	-0.01	103	63963	卖盘
10:02:43	6.22	0.01	83	51626	买盘
10:02:37	6.21	-0.01	58	36018	卖盘
10:02:33	6.22	--	91	56602	买盘
10:02:28	6.22	--	147	91434	卖盘
10:02:22	6.22	--	61	37942	买盘
10:02:18	6.22	0.01	292	181624	买盘
10:02:13	6.21	-0.01	275	170775	卖盘
10:02:07	6.22	0.01	491	305402	买盘
10:02:03	6.21	-0.01	147	91287	卖盘
10:01:58	6.22	--	80	49760	买盘
10:01:52	6.22	-0.01	775	482050	卖盘
10:01:48	6.23	0.01	610	380030	买盘
10:01:43	6.22	--	535	332770	卖盘
10:01:37	6.22	--	319	198418	卖盘
10:01:32	6.22	-0.01	311	193442	卖盘
10:01:28	6.23	0.01	222	138306	买盘
10:01:22	6.22	-0.01	180	112252	卖盘
10:01:17	6.23	0.01	53	33019	买盘
10:01:13	6.22	--	303	188466	卖盘
10:01:07	6.22	-0.01	45	27990	卖盘
10:01:02	6.23	--	367	228641	买盘
10:00:57	6.23	0.01	687	428001	买盘
10:00:52	6.22	-0.01	616	383152	卖盘
10:00:47	6.23	--	30	18690	买盘
10:00:43	6.23	--	251	156373	买盘
10:00:37	6.23	--	1284	800480	卖盘
10:00:28	6.23	--	160	99680	卖盘
10:00:22	6.23	--	386	240478	卖盘
10:00:17	6.23	--	308	191884	卖盘
10:00:12	6.23	--	108	67284	卖盘
10:00:07	6.23	-0.01	199	123977	卖盘
10:00:02	6.24	0.01	159	99216	买盘
09:59:57	6.23	--	639	398097	卖盘
09:59:52	6.23	--	63	39323	买盘
09:59:47	6.23	0.01	249	155127	买盘
09:59:42	6.22	-0.01	186	116239	卖盘
09:59:37	6.23	--	470	292810	卖盘
09:59:32	6.23	--	32	19936	卖盘
09:59:27	6.23	--	111	69153	卖盘
09:59:22	6.23	--	152	94696	卖盘
09:59:17	6.23	-0.01	1055	657265	卖盘
09:59:12	6.24	--	63	39312	买盘
09:59:07	6.24	--	30	18720	买盘
09:59:02	6.24	--	33	20592	买盘
09:58:57	6.24	--	75	46800	买盘
09:58:52	6.24	-0.01	563	351312	卖盘
09:58:47	6.25	0.01	442	276250	买盘
09:58:42	6.24	--	465	290160	卖盘
09:58:37	6.24	--	295	184080	卖盘
09:58:32	6.24	--	148	92352	卖盘
09:58:27	6.24	--	743	463632	卖盘
09:58:22	6.24	--	184	114816	卖盘
09:58:17	6.24	-0.01	14	8736	卖盘
09:58:12	6.25	0.01	556	347500	买盘
09:58:07	6.24	--	442	275808	卖盘
09:58:02	6.24	--	218	136032	卖盘
09:57:57	6.24	-0.01	2720	1697280	卖盘
09:57:52	6.25	0.01	284	177500	买盘
09:57:47	6.24	-0.01	151	94224	卖盘
09:57:42	6.25	0.01	388	242500	买盘
09:57:37	6.24	0.01	1393	869232	买盘
09:57:32	6.23	--	278	173268	买盘
09:57:27	6.23	0.01	40	24920	买盘
09:57:22	6.22	-0.01	88	54736	卖盘
09:57:17	6.23	-0.01	925	576823	卖盘
09:57:12	6.24	--	78	48672	买盘
09:57:07	6.24	0.01	352	219648	买盘
09:57:01	6.23	--	353	219919	卖盘
09:56:57	6.23	--	173	107779	卖盘
09:56:52	6.23	--	65	40495	卖盘
09:56:46	6.23	--	868	540838	买盘
09:56:42	6.23	--	441	274743	买盘
09:56:37	6.23	--	457	284711	买盘
09:56:31	6.23	--	102	63546	买盘
09:56:27	6.23	--	1040	647920	买盘
09:56:22	6.23	--	474	295302	买盘
09:56:16	6.23	--	311	193753	买盘
09:56:12	6.23	-0.02	3814	2376670	卖盘
09:56:07	6.25	0.01	69	43125	买盘
09:56:01	6.24	0.01	430	268320	买盘
09:55:57	6.23	-0.01	1055	657265	卖盘
09:55:52	6.24	--	438	273312	买盘
09:55:46	6.24	0.01	44	27456	买盘
09:55:42	6.23	--	768	478464	卖盘
09:55:37	6.23	--	99	61751	卖盘
09:55:31	6.23	--	591	368193	买盘
09:55:27	6.23	--	737	459151	买盘
09:55:22	6.23	--	646	402458	买盘
09:55:16	6.23	--	182	113386	买盘
09:55:11	6.23	0.01	190	118370	买盘
09:55:07	6.22	-0.01	561	348942	卖盘
09:55:01	6.23	0.01	1213	755699	买盘
09:54:56	6.22	-0.01	397	246934	卖盘
09:54:52	6.23	0.01	212	132076	买盘
09:54:46	6.22	-0.01	345	214590	卖盘
09:54:41	6.23	--	323	201229	买盘
09:54:37	6.23	--	724	451052	买盘
09:54:31	6.23	-0.01	1219	759437	卖盘
09:54:26	6.24	0.01	552	344448	买盘
09:54:22	6.23	--	1096	682808	卖盘
09:54:16	6.23	-0.01	81	50463	卖盘
09:54:11	6.24	--	109	68016	买盘
09:54:06	6.24	--	404	252096	买盘
09:54:01	6.24	--	102	63648	买盘
09:53:56	6.24	0.01	226	141024	买盘
09:53:51	6.23	-0.01	353	219919	卖盘
09:53:46	6.24	0.01	1108	691392	买盘
09:53:41	6.23	--	36	22428	卖盘
09:53:36	6.23	-0.01	148	92204	卖盘
09:53:31	6.24	--	217	135408	买盘
09:53:26	6.24	0.01	20	12480	买盘
09:53:21	6.23	--	336	209328	卖盘
09:53:16	6.23	-0.01	48	29904	卖盘
09:53:11	6.24	0.01	58	36192	买盘
09:53:06	6.23	-0.01	526	327698	卖盘
09:53:01	6.24	-0.01	134	83616	卖盘
09:52:56	6.25	0.01	407	254375	买盘
09:52:51	6.24	--	73	45552	卖盘
09:52:46	6.24	-0.01	204	127296	卖盘
09:52:41	6.25	--	128	80000	买盘
09:52:36	6.25	--	374	233750	卖盘
09:52:31	6.25	-0.01	2326	1453750	卖盘
09:52:26	6.26	0.01	287	179662	买盘
09:52:21	6.25	--	2168	1355000	卖盘
09:52:16	6.25	--	515	321875	卖盘
09:52:11	6.25	-0.01	326	203750	卖盘
09:52:06	6.26	0.01	766	479516	买盘
09:52:01	6.25	--	1066	666250	卖盘
09:51:56	6.25	--	295	184375	卖盘
09:51:51	6.25	-0.01	1374	858750	卖盘
09:51:46	6.26	--	666	416916	买盘
09:51:41	6.26	0.01	135	84510	买盘
09:51:36	6.25	--	577	360625	卖盘
09:51:31	6.25	--	952	595000	卖盘
09:51:26	6.25	--	485	303125	卖盘
09:51:21	6.25	-0.01	377	235625	卖盘
09:51:16	6.26	--	297	185922	买盘
09:51:11	6.26	0.01	51	31926	买盘
09:51:06	6.25	0.01	2548	1592500	买盘
09:51:01	6.24	-0.01	1012	631488	卖盘
09:50:56	6.25	-0.02	27199	16999375	卖盘
09:50:51	6.27	--	604	378708	买盘
09:50:46	6.27	--	414	259577	买盘
09:50:40	6.27	--	155	97185	买盘
09:50:36	6.27	-0.01	783	490940	卖盘
09:50:31	6.28	--	606	380568	买盘
09:50:25	6.28	--	135	84780	买盘
09:50:21	6.28	0.01	1574	988472	买盘
09:50:16	6.27	-0.01	426	267102	卖盘
09:50:10	6.28	0.01	802	503656	买盘
09:50:06	6.27	--	476	298452	卖盘
09:50:01	6.27	-0.01	1210	758670	卖盘
09:49:55	6.28	0.01	133	83524	买盘
09:49:51	6.27	-0.01	732	458963	卖盘
09:49:46	6.28	--	1047	657516	买盘
09:49:40	6.28	0.01	115	72220	买盘
09:49:36	6.27	-0.01	1195	749885	卖盘
09:49:31	6.28	--	1292	811376	买盘
09:49:25	6.28	--	1110	697080	买盘
09:49:21	6.28	--	143	89804	买盘
09:49:16	6.28	--	1138	714664	卖盘
09:49:10	6.28	--	593	372404	买盘
09:49:06	6.28	--	275	172700	买盘
09:49:01	6.28	--	1589	997892	卖盘
09:48:55	6.28	--	2922	1835016	卖盘
09:48:50	6.28	-0.01	622	390616	卖盘
09:48:46	6.29	--	518	325822	买盘
09:48:40	6.29	0.01	1219	766757	买盘
09:48:35	6.28	--	177	111156	买盘
09:48:31	6.28	0.01	321	201588	买盘
09:48:25	6.27	-0.01	1641	1028906	卖盘
09:48:20	6.28	-0.01	129	81012	卖盘
09:48:16	6.29	0.01	3316	2085764	买盘
09:48:10	6.28	0.01	1380	866640	中性盘
09:48:05	6.27	-0.01	227	142329	卖盘
09:48:00	6.28	0.01	5875	3689500	买盘
09:47:55	6.27	--	1421	890966	卖盘
09:47:50	6.27	--	300	188100	买盘
09:47:45	6.27	--	1113	697851	买盘
09:47:40	6.27	0.01	2149	1347423	买盘
09:47:35	6.26	--	269	168394	卖盘
09:47:30	6.26	-0.01	451	282326	卖盘
09:47:25	6.27	0.01	412	258323	买盘
09:47:20	6.26	--	158	98908	卖盘
09:47:15	6.26	--	2854	1786604	买盘
09:47:10	6.26	0.01	398	249148	买盘
09:47:05	6.25	--	420	262500	买盘
09:47:00	6.25	0.01	1370	856250	买盘
09:46:55	6.24	-0.01	239	149136	卖盘
09:46:50	6.25	--	167	104375	买盘
09:46:45	6.25	--	873	545625	买盘
09:46:40	6.25	0.01	708	442500	买盘
09:46:35	6.24	--	311	194064	卖盘
09:46:30	6.24	--	576	359424	卖盘
09:46:25	6.24	--	3230	2015520	买盘
09:46:20	6.24	--	550	343200	买盘
09:46:15	6.24	--	1260	786240	买盘
09:46:10	6.24	--	224	139776	买盘
09:46:05	6.24	--	141	87984	买盘
09:46:00	6.24	--	876	546624	卖盘
09:45:55	6.24	0.01	498	310752	买盘
09:45:50	6.23	-0.01	337	209951	卖盘
09:45:45	6.24	0.01	1460	911040	买盘
09:45:40	6.23	-0.01	842	524566	卖盘
09:45:35	6.24	0.01	44	27456	买盘
09:45:30	6.23	-0.02	741	461643	卖盘
09:45:25	6.25	0.02	514	321250	买盘
09:45:20	6.23	--	161	100303	卖盘
09:45:15	6.23	-0.02	1415	881545	卖盘
09:45:10	6.25	--	306	191250	买盘
09:45:05	6.25	--	226	141250	买盘
09:45:00	6.25	-0.01	15209	9505625	卖盘
09:44:55	6.26	0.01	815	510190	买盘
09:44:50	6.25	-0.01	115	71875	卖盘
09:44:45	6.26	--	2583	1616958	买盘
09:44:40	6.26	--	709	443834	买盘
09:44:34	6.26	--	327	204702	卖盘
09:44:30	6.26	-0.01	1460	913960	卖盘
09:44:25	6.27	--	3452	2164404	买盘
09:44:19	6.27	0.01	1638	1027025	买盘
09:44:15	6.26	--	1305	816930	卖盘
09:44:10	6.26	--	860	538360	卖盘
09:44:04	6.26	--	210	131460	卖盘
09:44:00	6.26	--	717	448842	卖盘
09:43:55	6.26	0.01	2457	1538082	买盘
09:43:49	6.25	--	181	113125	卖盘
09:43:45	6.25	--	11589	7243125	卖盘
09:43:40	6.25	--	1954	1221250	卖盘
09:43:34	6.25	0.02	4866	3041250	买盘
09:43:30	6.23	-0.01	1470	915810	卖盘
09:43:25	6.24	--	583	363792	卖盘
09:43:19	6.24	-0.01	613	382512	中性盘
09:43:15	6.25	0.01	1794	1121250	买盘
09:43:10	6.24	--	571	356304	卖盘
09:43:04	6.24	-0.01	1377	859248	卖盘
09:43:00	6.25	0.01	982	613750	买盘
09:42:55	6.24	--	561	350064	卖盘
09:42:49	6.24	-0.01	1926	1201824	卖盘
09:42:45	6.25	--	110	68850	卖盘
09:42:40	6.25	-0.01	4262	2663750	卖盘
09:42:34	6.26	--	463	289838	买盘
09:42:29	6.26	0.01	520	325520	买盘
09:42:25	6.25	-0.01	1936	1210000	卖盘
09:42:19	6.26	0.01	1647	1031022	买盘
09:42:14	6.25	--	517	323125	卖盘
09:42:09	6.25	-0.01	1989	1243125	卖盘
09:42:04	6.26	--	4219	2641094	买盘
09:41:59	6.26	--	1669	1044794	买盘
09:41:54	6.26	--	1771	1108646	买盘
09:41:49	6.26	--	5927	3710302	买盘
09:41:44	6.26	0.01	1040	651040	买盘
09:41:40	6.25	-0.01	1285	803125	卖盘
09:41:34	6.26	--	1028	643528	买盘
09:41:29	6.26	--	1131	708006	买盘
09:41:24	6.26	--	1563	978438	买盘
09:41:19	6.26	0.01	2660	1665160	买盘
09:41:14	6.25	-0.02	1143	714375	卖盘
09:41:09	6.27	0.01	2203	1381281	买盘
09:41:04	6.26	0.01	3724	2331224	买盘
09:40:59	6.25	--	738	461250	卖盘
09:40:54	6.25	--	938	586250	卖盘
09:40:49	6.25	-0.01	987	616875	卖盘
09:40:44	6.26	0.01	2202	1378452	买盘
09:40:39	6.25	--	5990	3744275	买盘
09:40:34	6.25	0.02	915	571875	买盘
09:40:29	6.23	-0.02	412	256676	卖盘
09:40:24	6.25	0.04	920	575000	买盘
09:40:19	6.21	-0.04	848	526707	卖盘
09:40:14	6.25	--	186	116250	卖盘
09:40:09	6.25	0.04	9726	6079275	买盘
09:40:04	6.21	-0.01	1424	884869	卖盘
09:39:59	6.22	0.01	1037	645014	中性盘
09:39:54	6.21	--	2880	1788535	买盘
09:39:49	6.21	--	2082	1293487	卖盘
09:39:44	6.21	-0.01	1005	624105	卖盘
09:39:39	6.22	0.01	2830	1760260	买盘
09:39:34	6.21	--	1546	960066	卖盘
09:39:29	6.21	--	347	215487	卖盘
09:39:24	6.21	0.01	947	588087	买盘
09:39:19	6.2	--	1463	907060	卖盘
09:39:14	6.2	--	629	389980	卖盘
09:39:09	6.2	--	1475	914555	卖盘
09:39:04	6.2	0.01	502	311240	中性盘
09:38:59	6.19	--	2426	1501694	卖盘
09:38:54	6.19	--	531	328689	卖盘
09:38:49	6.19	--	1057	654283	卖盘
09:38:44	6.19	0.01	2153	1332707	买盘
09:38:39	6.18	-0.01	2434	1504212	卖盘
09:38:34	6.19	--	1015	628285	买盘
09:38:29	6.19	0.01	282	174558	买盘
09:38:24	6.18	--	718	443724	卖盘
09:38:19	6.18	--	3429	2119122	买盘
09:38:13	6.18	--	132	81576	买盘
09:38:09	6.18	--	3185	1968330	买盘
09:38:04	6.18	0.01	480	296640	买盘
09:37:58	6.17	--	82	50594	卖盘
09:37:54	6.17	-0.01	1044	644148	卖盘
09:37:49	6.18	--	1310	809580	买盘
09:37:43	6.18	--	265	163770	买盘
09:37:39	6.18	--	1316	813288	卖盘
09:37:34	6.18	-0.01	1076	664968	卖盘
09:37:28	6.19	0.01	609	376971	买盘
09:37:24	6.18	--	1058	653844	买盘
09:37:19	6.18	--	2831	1749558	卖盘
09:37:13	6.18	--	5193	3209274	卖盘
09:37:09	6.18	-0.01	2019	1247742	卖盘
09:37:04	6.19	--	2476	1532644	买盘
09:36:58	6.19	0.01	968	599192	买盘
09:36:54	6.18	--	436	269448	卖盘
09:36:49	6.18	--	1424	880032	买盘
09:36:43	6.18	--	635	392430	买盘
09:36:38	6.18	--	1054	651372	买盘
09:36:34	6.18	--	729	450522	买盘
09:36:28	6.18	--	2021	1248978	卖盘
09:36:23	6.18	--	840	519305	买盘
09:36:19	6.18	0.02	988	611016	买盘
09:36:13	6.16	-0.01	1169	720104	卖盘
09:36:08	6.17	--	286	176462	买盘
09:36:04	6.17	--	2198	1356166	买盘
09:35:58	6.17	--	3859	2381003	买盘
09:35:53	6.17	0.01	108	66636	卖盘
09:35:49	6.16	--	1382	851312	卖盘
09:35:43	6.16	--	2583	1591128	卖盘
09:35:38	6.16	0.03	3788	2333592	买盘
09:35:33	6.13	--	828	507564	卖盘
09:35:28	6.13	-0.01	909	557217	中性盘
09:35:23	6.14	0.03	2825	1734550	买盘
09:35:18	6.11	--	716	437476	卖盘
09:35:13	6.11	-0.01	1402	856622	卖盘
09:35:08	6.12	0.02	1145	700740	买盘
09:35:03	6.1	--	348	212280	卖盘
09:34:58	6.1	-0.02	652	397720	卖盘
09:34:53	6.12	--	416	254592	买盘
09:34:48	6.12	--	1473	901476	买盘
09:34:43	6.12	0.01	2674	1636488	买盘
09:34:38	6.11	0.01	607	370877	买盘
09:34:33	6.1	--	557	339770	买盘
09:34:28	6.1	0.01	1558	950380	买盘
09:34:23	6.09	--	576	350784	卖盘
09:34:18	6.09	--	616	375144	卖盘
09:34:13	6.09	--	888	540792	卖盘
09:34:08	6.09	-0.01	575	350175	卖盘
09:34:03	6.1	--	1003	611830	买盘
09:33:58	6.1	--	1218	742980	卖盘
09:33:53	6.1	-0.01	567	345870	卖盘
09:33:48	6.11	--	294	179634	买盘
09:33:43	6.11	--	852	520572	买盘
09:33:38	6.11	0.01	557	340327	买盘
09:33:33	6.1	--	1542	940620	卖盘
09:33:28	6.1	-0.01	796	485560	卖盘
09:33:23	6.11	--	482	294502	买盘
09:33:18	6.11	--	2541	1552551	卖盘
09:33:13	6.11	-0.01	1952	1192672	卖盘
09:33:08	6.12	0.01	173	105876	买盘
09:33:03	6.11	-0.01	916	559676	卖盘
09:32:57	6.12	--	1362	833544	买盘
09:32:53	6.12	-0.01	1270	777240	卖盘
09:32:48	6.13	0.01	1714	1050682	买盘
09:32:43	6.12	-0.01	2526	1545912	卖盘
09:32:38	6.13	--	4185	2565405	卖盘
09:32:33	6.13	--	1428	875364	卖盘
09:32:28	6.13	0.01	1658	1016354	买盘
09:32:23	6.12	--	357	218484	卖盘
09:32:18	6.12	0.01	766	468792	买盘
09:32:13	6.11	-0.01	761	464971	卖盘
09:32:08	6.12	--	176	107712	卖盘
09:32:03	6.12	-0.01	868	531216	卖盘
09:31:58	6.13	0.01	4370	2678810	买盘
09:31:52	6.12	--	751	459612	买盘
09:31:48	6.12	0.01	660	403920	中性盘
09:31:43	6.11	--	509	310999	卖盘
09:31:37	6.11	--	86	52546	卖盘
09:31:33	6.11	--	488	298168	卖盘
09:31:28	6.11	-0.01	1604	980044	卖盘
09:31:22	6.12	--	2521	1542852	买盘
09:31:18	6.12	-0.01	1422	870264	卖盘
09:31:13	6.13	--	572	350636	卖盘
09:31:07	6.13	--	781	478753	买盘
09:31:03	6.13	--	1424	872912	买盘
09:30:57	6.13	--	792	485496	买盘
09:30:52	6.13	0.03	1546	947698	买盘
09:30:48	6.1	-0.01	4667	2846870	卖盘
09:30:43	6.11	-0.02	2233	1364363	卖盘
09:30:37	6.13	0.02	1172	718436	买盘
09:30:33	6.11	-0.01	259	158249	卖盘
09:30:28	6.12	-0.01	2820	1725840	卖盘
09:30:22	6.13	--	1148	703724	卖盘
09:30:17	6.13	--	180	110340	卖盘
09:30:13	6.13	0.01	1021	625873	买盘
09:30:07	6.12	--	6815	4170780	卖盘
09:30:02	6.12	0.02	830	507960	买盘
09:28:49	6.1	--	0	0	卖盘
09:25:07	6.1	6.1	4298	2621780	买盘
