成交时间	成交价	价格变动	成交量(手)	成交额(元)	性质
15:00:00	37.99	--	0	0	买盘
15:00:00	37.99	0.01	0	0	买盘
14:59:59	37.98	-0.01	26	98747	卖盘
14:59:54	37.99	0.01	50	189950	买盘
14:59:50	37.98	-0.02	22	86708	卖盘
14:59:44	38.0	0.01	48	183046	买盘
14:59:40	37.99	0.01	164	623036	买盘
14:59:34	37.98	-0.01	168	638064	卖盘
14:59:29	37.99	-0.01	73	277327	中性盘
14:59:24	38.0	--	60	228000	买盘
14:59:19	38.0	0.01	105	399000	买盘
14:59:15	37.99	-0.01	38	144362	卖盘
14:59:09	38.0	--	129	490200	买盘
14:59:04	38.0	0.01	56	212800	买盘
14:58:59	37.99	--	38	144362	卖盘
14:58:54	37.99	--	113	429287	卖盘
14:58:49	37.99	--	50	189950	卖盘
14:58:44	37.99	0.01	275	1044725	买盘
14:58:39	37.98	-0.01	173	657054	卖盘
14:58:34	37.99	--	120	455880	卖盘
14:58:29	37.99	--	75	284925	卖盘
14:58:24	37.99	0.01	1	3799	卖盘
14:58:19	37.98	--	11	41778	卖盘
14:58:14	37.98	--	256	972287	卖盘
14:58:09	37.98	-0.01	40	151920	卖盘
14:58:04	37.99	--	14	53186	买盘
14:57:59	37.99	-0.01	92	349508	卖盘
14:57:54	38.0	0.01	143	543400	买盘
14:57:49	37.99	-0.01	28	106372	卖盘
14:57:44	38.0	--	45	171000	买盘
14:57:39	38.0	--	104	395200	买盘
14:57:34	38.0	0.01	21	79800	买盘
14:57:29	37.99	-0.01	15	56985	卖盘
14:57:24	38.0	--	26	98800	买盘
14:57:19	38.0	0.01	67	254600	买盘
14:57:14	37.99	-0.01	70	265930	卖盘
14:57:09	38.0	--	45	171000	买盘
14:57:04	38.0	--	57	216600	买盘
14:56:59	38.0	--	35	133000	卖盘
14:56:54	38.0	0.01	39	148200	买盘
14:56:49	37.99	-0.01	94	357106	卖盘
14:56:44	38.0	--	113	429400	买盘
14:56:39	38.0	0.01	88	334400	买盘
14:56:34	37.99	--	13	49387	卖盘
14:56:29	37.99	-0.01	120	455880	中性盘
14:56:24	38.0	0.01	62	235600	买盘
14:56:19	37.99	0.01	4	15196	买盘
14:56:14	37.98	-0.01	28	106343	卖盘
14:56:09	37.99	--	41	155759	买盘
14:56:04	37.99	0.01	228	866172	买盘
14:55:59	37.98	-0.02	53	201293	卖盘
14:55:54	38.0	0.01	95	361000	买盘
14:55:49	37.99	0.01	58	220342	中性盘
14:55:44	37.98	-0.01	45	170910	卖盘
14:55:39	37.99	-0.01	42	159558	中性盘
14:55:34	38.0	0.01	26	98800	买盘
14:55:29	37.99	0.01	75	284925	买盘
14:55:24	37.98	-0.02	27	102545	卖盘
14:55:19	38.0	0.01	17	64600	买盘
14:55:14	37.99	-0.01	97	368503	卖盘
14:55:09	38.0	--	198	752400	买盘
14:55:03	38.0	0.01	76	288800	买盘
14:54:59	37.99	--	32	121568	买盘
14:54:54	37.99	0.01	27	102573	买盘
14:54:49	37.98	--	3	11393	卖盘
14:54:44	37.98	-0.02	84	319032	卖盘
14:54:38	38.0	0.01	209	794200	买盘
14:54:33	37.99	--	35	132965	卖盘
14:54:29	37.99	--	7	26593	卖盘
14:54:24	37.99	0.01	148	562252	买盘
14:54:19	37.98	-0.01	29	110141	卖盘
14:54:14	37.99	--	126	478674	买盘
14:54:09	37.99	-0.01	42	159558	卖盘
14:54:03	38.0	0.01	27	102600	买盘
14:53:58	37.99	-0.01	17	64583	卖盘
14:53:53	38.0	--	27	102600	买盘
14:53:48	38.0	--	65	247000	买盘
14:53:44	38.0	0.01	73	277400	买盘
14:53:39	37.99	--	60	227940	卖盘
14:53:33	37.99	-0.02	57	216543	卖盘
14:53:29	38.01	0.01	178	676578	买盘
14:53:23	38.0	-0.01	109	417050	卖盘
14:53:19	38.01	0.01	23	87423	买盘
14:53:14	38.0	--	60	228000	卖盘
14:53:08	38.0	--	82	311600	卖盘
14:53:03	38.0	--	21	79800	卖盘
14:52:59	38.0	0.01	152	578550	买盘
14:52:53	37.99	-0.01	140	531860	卖盘
14:52:48	38.0	0.01	91	345800	买盘
14:52:43	37.99	-0.01	4	15196	卖盘
14:52:38	38.0	--	11	41800	买盘
14:52:33	38.0	0.02	15	57000	买盘
14:52:28	37.98	-0.02	14	53171	中性盘
14:52:24	38.0	0.01	49	186200	买盘
14:52:17	37.99	-0.01	85	322915	中性盘
14:52:13	38.0	--	43	163400	买盘
14:52:08	38.0	0.01	72	273600	买盘
14:52:02	37.99	-0.01	62	235538	卖盘
14:51:58	38.0	--	105	399000	卖盘
14:51:53	38.0	-0.02	50	190000	卖盘
14:51:47	38.02	0.01	77	292754	买盘
14:51:43	38.01	--	19	72219	卖盘
14:51:38	38.01	0.01	143	543543	买盘
14:51:33	38.0	-0.02	99	376200	卖盘
14:51:28	38.02	--	9	34218	买盘
14:51:23	38.02	-0.01	74	281348	卖盘
14:51:17	38.03	--	29	110287	买盘
14:51:13	38.03	--	46	174938	卖盘
14:51:08	38.03	-0.03	99	376497	卖盘
14:51:02	38.06	-0.02	14	53284	卖盘
14:50:58	38.08	--	0	0	买盘
14:50:53	38.08	0.02	131	498848	买盘
14:50:47	38.06	-0.02	834	3174204	卖盘
14:50:43	38.08	-0.01	75	285600	卖盘
14:50:38	38.09	--	78	297102	买盘
14:50:32	38.09	0.01	33	125697	买盘
14:50:28	38.08	0.01	30	114240	买盘
14:50:23	38.07	-0.02	148	563436	卖盘
14:50:17	38.09	--	179	681811	买盘
14:50:13	38.09	--	14	53326	买盘
14:50:08	38.09	0.01	61	232349	买盘
14:50:02	38.08	--	25	95200	卖盘
14:49:58	38.08	0.01	14	53312	中性盘
14:49:53	38.07	-0.01	225	856575	中性盘
14:49:47	38.08	0.02	62	236096	买盘
14:49:43	38.06	-0.01	9	34254	卖盘
14:49:38	38.07	--	68	258876	卖盘
14:49:32	38.07	0.03	573	2181411	中性盘
14:49:28	38.04	-0.02	80	304320	卖盘
14:49:23	38.06	--	35	133210	卖盘
14:49:17	38.06	0.02	41	156046	买盘
14:49:12	38.04	--	105	399420	卖盘
14:49:08	38.04	-0.01	21	79884	卖盘
14:49:02	38.05	0.02	153	582165	买盘
14:48:58	38.03	--	9	34227	卖盘
14:48:53	38.03	0.01	27	102681	买盘
14:48:47	38.02	--	172	653944	卖盘
14:48:42	38.02	--	21	79842	卖盘
14:48:38	38.02	--	37	140674	买盘
14:48:32	38.02	0.01	29	110258	买盘
14:48:27	38.01	--	21	79821	卖盘
14:48:23	38.01	0.01	45	171045	买盘
14:48:17	38.0	-0.01	15	57000	卖盘
14:48:12	38.01	--	33	125433	卖盘
14:48:08	38.01	--	160	608160	买盘
14:48:02	38.01	0.01	443	1683843	买盘
14:47:57	38.0	--	23	87400	卖盘
14:47:53	38.0	--	19	72200	卖盘
14:47:47	38.0	--	83	315400	买盘
14:47:43	38.0	--	147	558600	买盘
14:47:37	38.0	0.02	200	760000	买盘
14:47:32	37.98	0.01	2	7595	卖盘
14:47:27	37.97	-0.02	45	170865	卖盘
14:47:23	37.99	0.03	93	353307	买盘
14:47:17	37.96	-0.01	36	136656	卖盘
14:47:12	37.97	0.01	10	37970	买盘
14:47:07	37.96	--	11	41756	买盘
14:47:02	37.96	0.01	36	136656	买盘
14:46:52	37.95	--	37	140415	买盘
14:46:47	37.95	--	0	0	买盘
14:46:42	37.95	0.02	5	18975	买盘
14:46:37	37.93	-0.01	36	136548	卖盘
14:46:32	37.94	0.03	52	197288	买盘
14:46:27	37.91	-0.02	32	121311	卖盘
14:46:22	37.93	--	128	485504	买盘
14:46:17	37.93	0.03	35	132755	买盘
14:46:12	37.9	-0.01	61	231190	卖盘
14:46:07	37.91	0.01	32	121311	买盘
14:46:02	37.9	0.01	45	170550	买盘
14:45:57	37.89	--	12	45468	卖盘
14:45:52	37.89	--	17	64413	卖盘
14:45:47	37.89	--	41	155349	卖盘
14:45:41	37.89	0.01	74	280386	买盘
14:45:37	37.88	--	6	22728	卖盘
14:45:32	37.88	--	16	60608	卖盘
14:45:26	37.88	0.05	23	87124	买盘
14:45:22	37.83	--	28	105924	卖盘
14:45:17	37.83	--	5	18915	买盘
14:45:11	37.83	--	39	147537	卖盘
14:45:07	37.83	0.01	41	155103	中性盘
14:45:02	37.82	-0.02	59	223138	卖盘
14:44:56	37.84	0.01	12	45408	中性盘
14:44:52	37.83	-0.01	63	238329	卖盘
14:44:47	37.84	0.01	52	196768	买盘
14:44:41	37.83	--	34	129832	买盘
14:44:37	37.83	0.02	5	18915	买盘
14:44:32	37.81	-0.02	44	166364	卖盘
14:44:26	37.83	0.02	5	18915	买盘
14:44:22	37.81	-0.02	27	102087	卖盘
14:44:17	37.83	0.02	6	22698	买盘
14:44:11	37.81	--	1	3781	卖盘
14:44:07	37.81	0.01	59	223079	卖盘
14:44:02	37.8	--	46	173880	卖盘
14:43:56	37.8	--	123	464939	卖盘
14:43:52	37.8	-0.03	5	18900	卖盘
14:43:47	37.83	0.01	25	94575	买盘
14:43:41	37.82	-0.01	36	136152	买盘
14:43:37	37.83	0.03	55	208065	买盘
14:43:32	37.8	--	28	105839	买盘
14:43:26	37.8	--	73	277376	卖盘
14:43:22	37.8	-0.02	73	275940	卖盘
14:43:17	37.82	-0.01	37	139934	中性盘
14:43:11	37.83	0.03	32	121056	买盘
14:43:07	37.8	-0.03	27	102059	卖盘
14:43:01	37.83	0.03	25	94575	买盘
14:42:56	37.8	--	2	7559	卖盘
14:42:52	37.8	--	2	7559	卖盘
14:42:47	37.8	-0.04	225	850499	卖盘
14:42:41	37.84	-0.02	46	174064	卖盘
14:42:36	37.86	-0.02	9	34074	卖盘
14:42:32	37.88	-0.01	19	71972	买盘
14:42:26	37.89	--	20	75780	卖盘
14:42:21	37.89	-0.01	12	45468	卖盘
14:42:17	37.9	--	1	3790	买盘
14:42:11	37.9	-0.01	98	371420	卖盘
14:42:02	37.91	-0.03	49	185758	卖盘
14:41:56	37.94	0.01	4	15176	买盘
14:41:46	37.93	-0.03	4	15172	卖盘
14:41:41	37.96	0.02	14	53144	买盘
14:41:32	37.94	-0.02	84	318696	卖盘
14:41:26	37.96	0.01	3	11388	买盘
14:41:21	37.95	-0.01	24	91080	卖盘
14:41:17	37.96	--	22	83512	卖盘
14:41:11	37.96	--	25	94900	卖盘
14:41:06	37.96	--	3	11388	卖盘
14:41:01	37.96	-0.01	10	37960	卖盘
14:40:56	37.97	--	8	30376	买盘
14:40:51	37.97	--	11	41767	卖盘
14:40:46	37.97	-0.01	32	121504	卖盘
14:40:41	37.98	--	23	87354	中性盘
14:40:36	37.98	0.01	6	22787	中性盘
14:40:31	37.97	--	1	3797	卖盘
14:40:26	37.97	-0.01	47	178459	卖盘
14:40:17	37.98	--	13	49373	卖盘
14:40:11	37.98	-0.04	2	7595	卖盘
14:40:01	38.02	0.02	31	117862	买盘
14:39:56	38.0	-0.02	69	262200	卖盘
14:39:51	38.02	0.01	4	15208	买盘
14:39:46	38.01	--	4	15204	卖盘
14:39:41	38.01	-0.01	10	38010	中性盘
14:39:36	38.02	0.01	11	41822	买盘
14:39:26	38.01	-0.07	109	414309	卖盘
14:39:21	38.08	0.06	289	1100512	买盘
14:39:16	38.02	-0.02	4	15208	卖盘
14:39:11	38.04	--	7	26628	卖盘
14:39:05	38.04	-0.01	6	22824	买盘
14:39:01	38.05	--	0	0	买盘
14:38:56	38.05	0.03	55	209274	买盘
14:38:50	38.02	-0.03	67	254734	卖盘
14:38:46	38.05	--	2	7609	买盘
14:38:41	38.05	-0.01	23	87515	买盘
14:38:35	38.06	--	46	175076	买盘
14:38:31	38.06	0.01	10	38060	买盘
14:38:26	38.05	-0.01	52	197859	卖盘
14:38:20	38.06	0.01	15	57090	买盘
14:38:16	38.05	--	6	22830	买盘
14:38:11	38.05	--	51	194055	买盘
14:38:05	38.05	--	22	83710	买盘
14:38:01	38.05	--	15	57074	买盘
14:37:56	38.05	--	28	106539	买盘
14:37:50	38.05	--	4	15219	买盘
14:37:46	38.05	--	21	79905	买盘
14:37:41	38.05	--	8	30439	买盘
14:37:35	38.05	0.01	37	140785	买盘
14:37:31	38.04	0.01	3	11412	中性盘
14:37:26	38.03	0.01	10	38030	中性盘
14:37:20	38.02	-0.01	38	144476	卖盘
14:37:16	38.03	0.01	4	15212	买盘
14:37:11	38.02	0.01	11	41822	中性盘
14:37:05	38.01	--	69	262269	卖盘
14:37:01	38.01	--	5	19005	中性盘
14:36:56	38.01	--	178	676578	买盘
14:36:50	38.01	0.01	17	64617	买盘
14:36:46	38.0	-0.01	4	15200	卖盘
14:36:41	38.01	0.01	15	57015	买盘
14:36:35	38.0	--	65	247000	卖盘
14:36:25	38.0	--	249	946200	买盘
14:36:20	38.0	0.01	65	247000	买盘
14:36:15	37.99	--	1	3799	卖盘
14:36:11	37.99	--	28	106372	卖盘
14:36:05	37.99	0.02	23	87377	买盘
14:36:00	37.97	-0.01	5	18985	卖盘
14:35:55	37.98	--	39	148122	买盘
14:35:50	37.98	0.01	32	121535	买盘
14:35:45	37.97	--	3	11391	买盘
14:35:35	37.97	--	48	182256	卖盘
14:35:26	37.97	0.02	31	117707	买盘
14:35:20	37.95	--	3	11385	买盘
14:35:15	37.95	--	0	0	买盘
14:35:11	37.95	0.04	2	7590	买盘
14:35:05	37.91	--	17	64446	买盘
14:35:00	37.91	--	6	22745	买盘
14:34:50	37.91	--	41	155431	卖盘
14:34:45	37.91	--	2	7581	卖盘
14:34:41	37.91	0.02	8	30327	买盘
14:34:35	37.89	-0.01	10	37890	卖盘
14:34:30	37.9	--	5	18950	买盘
14:34:26	37.9	0.01	50	189500	买盘
14:34:20	37.89	-0.01	1	3789	卖盘
14:34:15	37.9	--	8	30320	买盘
14:34:10	37.9	--	3	11370	买盘
14:34:05	37.9	0.02	34	128860	买盘
14:34:00	37.88	--	1	3788	卖盘
14:33:55	37.88	--	13	49244	卖盘
14:33:50	37.88	0.03	161	609868	买盘
14:33:45	37.85	-0.01	14	52990	卖盘
14:33:40	37.86	--	2	7572	卖盘
14:33:35	37.86	0.01	10	37860	买盘
14:33:25	37.85	--	82	310370	买盘
14:33:20	37.85	--	20	75700	买盘
14:33:15	37.85	0.01	26	98410	买盘
14:33:10	37.84	-0.01	9	34056	卖盘
14:33:05	37.85	--	11	41635	买盘
14:33:00	37.85	0.01	1	3785	买盘
14:32:55	37.84	-0.01	7	26488	卖盘
14:32:50	37.85	0.01	34	128690	买盘
14:32:45	37.84	0.01	7	26488	中性盘
14:32:40	37.83	-0.01	13	49179	卖盘
14:32:35	37.84	0.01	34	128656	买盘
14:32:29	37.83	--	10	37830	卖盘
14:32:25	37.83	--	10	37830	买盘
14:32:20	37.83	--	5	18915	买盘
14:32:14	37.83	--	14	52962	买盘
14:32:10	37.83	--	7	26481	买盘
14:32:05	37.83	--	84	317772	买盘
14:31:59	37.83	--	2	7566	买盘
14:31:55	37.83	-0.01	17	64311	卖盘
14:31:50	37.84	0.03	2	7568	买盘
14:31:40	37.81	-0.02	40	151240	卖盘
14:31:35	37.83	0.01	16	62873	买盘
14:31:29	37.82	-0.01	47	177754	卖盘
14:31:25	37.83	0.01	5	18915	买盘
14:31:20	37.82	--	1	3782	卖盘
14:31:14	37.82	--	11	41602	买盘
14:31:10	37.82	--	2	7564	买盘
14:31:05	37.82	0.01	13	49166	买盘
14:30:59	37.81	-0.01	1	3781	卖盘
14:30:49	37.82	-0.01	29	109678	卖盘
14:30:44	37.83	--	1	3783	买盘
14:30:40	37.83	-0.04	90	341907	卖盘
14:30:35	37.87	--	4	15147	买盘
14:30:29	37.87	0.01	18	68166	买盘
14:30:25	37.86	--	0	0	中性盘
14:30:19	37.86	-0.01	4	17491	中性盘
14:30:14	37.87	0.05	43	162841	买盘
14:30:10	37.82	--	1	3782	卖盘
14:30:04	37.82	--	3	11346	卖盘
14:29:59	37.82	-0.04	1	3782	卖盘
14:29:55	37.86	0.05	1	3786	买盘
14:29:50	37.81	--	70	264670	卖盘
14:29:44	37.81	--	8	30248	卖盘
14:29:34	37.81	-0.06	9	34029	卖盘
14:29:29	37.87	0.07	23	87101	买盘
14:29:24	37.8	-0.01	1	3779	卖盘
14:29:19	37.81	--	9	34029	买盘
14:29:14	37.81	--	7	26467	买盘
14:29:09	37.81	--	2	7562	买盘
14:29:04	37.81	--	9	34029	买盘
14:28:59	37.81	-0.01	31	117211	卖盘
14:28:54	37.82	--	10	37820	卖盘
14:28:49	37.82	0.01	73	276086	买盘
14:28:44	37.81	--	34	128554	卖盘
14:28:39	37.81	-0.01	3	11343	卖盘
14:28:29	37.82	0.01	6	22692	中性盘
14:28:24	37.81	--	0	0	卖盘
14:28:14	37.81	-0.06	63	238203	卖盘
14:28:09	37.87	-0.01	2	7573	买盘
14:27:59	37.88	--	21	79548	卖盘
14:27:54	37.88	0.01	6	22728	买盘
14:27:49	37.87	-0.01	62	234793	卖盘
14:27:44	37.88	--	25	94700	买盘
14:27:39	37.88	--	22	83336	买盘
14:27:34	37.88	--	20	75760	买盘
14:27:29	37.88	--	16	60608	卖盘
14:27:24	37.88	--	2	7576	卖盘
14:27:19	37.88	-0.01	18	68184	卖盘
14:27:14	37.89	0.01	1	3789	买盘
14:27:09	37.88	--	28	106064	买盘
14:27:04	37.88	--	7	26516	买盘
14:26:59	37.88	--	5	18940	买盘
14:26:54	37.88	-0.02	14	53032	卖盘
14:26:49	37.9	0.02	15	56850	买盘
14:26:44	37.88	-0.01	9	34092	卖盘
14:26:39	37.89	-0.01	14	53046	卖盘
14:26:34	37.9	--	8	30320	卖盘
14:26:29	37.9	--	14	53060	买盘
14:26:24	37.9	0.01	29	109910	买盘
14:26:19	37.89	--	10	37890	买盘
14:26:14	37.89	-0.01	16	60624	卖盘
14:26:08	37.9	0.01	39	147810	买盘
14:26:04	37.89	-0.01	10	37890	卖盘
14:25:59	37.9	0.01	12	45480	买盘
14:25:53	37.89	--	23	87147	买盘
14:25:49	37.89	0.01	3	11367	买盘
14:25:44	37.88	--	8	30304	卖盘
14:25:38	37.88	--	1	3788	卖盘
14:25:34	37.88	--	1	3788	卖盘
14:25:29	37.88	-0.01	15	56820	卖盘
14:25:23	37.89	0.02	327	1239003	买盘
14:25:19	37.87	-0.01	2	7573	卖盘
14:25:14	37.88	0.01	1	3788	买盘
14:25:08	37.87	0.04	41	155267	买盘
14:25:04	37.83	-0.04	29	109707	卖盘
14:24:59	37.87	--	7	26509	买盘
14:24:53	37.87	0.02	64	242367	买盘
14:24:43	37.85	--	8	30280	卖盘
14:24:38	37.85	--	101	382285	买盘
14:24:34	37.85	0.03	64	242240	买盘
14:24:29	37.82	-0.01	4	15128	卖盘
14:24:23	37.83	0.01	3	11349	买盘
14:24:13	37.82	--	1	3782	卖盘
14:24:08	37.82	0.02	35	132370	买盘
14:24:04	37.8	--	10	37800	卖盘
14:23:58	37.8	--	0	0	卖盘
14:23:49	37.8	--	10	37800	买盘
14:23:43	37.8	--	10	37800	卖盘
14:23:38	37.8	--	15	56699	买盘
14:23:34	37.8	0.02	1	3779	买盘
14:23:29	37.78	--	6	22668	买盘
14:23:23	37.78	--	4	15112	卖盘
14:23:18	37.78	-0.01	10	37780	卖盘
14:23:13	37.79	0.01	12	45348	买盘
14:23:08	37.78	--	10	37780	卖盘
14:22:58	37.78	0.01	33	124674	中性盘
14:22:53	37.77	-0.01	23	86871	卖盘
14:22:48	37.78	--	3	11334	卖盘
14:22:43	37.78	-0.01	2	7556	卖盘
14:22:38	37.79	0.02	12	45348	卖盘
14:22:33	37.77	--	0	0	卖盘
14:22:28	37.77	-0.02	34	128418	卖盘
14:22:23	37.79	0.01	32	120928	买盘
14:22:18	37.78	--	2	7556	卖盘
14:22:13	37.78	-0.01	71	268238	卖盘
14:22:08	37.79	0.01	9	34011	买盘
14:22:03	37.78	--	20	75560	卖盘
14:21:58	37.78	-0.01	34	128452	卖盘
14:21:53	37.79	--	23	86917	买盘
14:21:48	37.79	--	15	56685	买盘
14:21:43	37.79	-0.02	44	166276	卖盘
14:21:38	37.81	--	2	7562	买盘
14:21:33	37.81	0.01	4	15124	买盘
14:21:28	37.8	-0.01	8	30239	卖盘
14:21:23	37.81	0.01	1	3781	买盘
14:21:13	37.8	-0.03	1	3779	卖盘
14:21:08	37.83	0.02	13	49179	买盘
14:21:03	37.81	--	22	83182	买盘
14:20:58	37.81	--	49	185269	卖盘
14:20:53	37.81	-0.04	90	340290	中性盘
14:20:48	37.85	0.02	14	52990	买盘
14:20:43	37.83	--	14	52962	卖盘
14:20:38	37.83	0.02	19	71877	买盘
14:20:33	37.81	-0.02	6	22686	卖盘
14:20:28	37.83	--	10	37830	买盘
14:20:23	37.83	0.02	6	22698	买盘
14:20:18	37.81	-0.02	1	3781	卖盘
14:20:13	37.83	0.02	4	15132	买盘
14:20:08	37.81	-0.02	32	120992	卖盘
14:20:03	37.83	-0.02	30	113490	卖盘
14:19:58	37.85	--	0	0	中性盘
14:19:53	37.85	-0.02	6	22710	卖盘
14:19:47	37.87	--	2	7573	买盘
14:19:43	37.87	0.02	10	37870	买盘
14:19:38	37.85	-0.03	2	7570	卖盘
14:19:32	37.88	--	33	125004	买盘
14:19:23	37.88	--	3	11364	买盘
14:19:17	37.88	-0.01	2	7576	卖盘
14:19:13	37.89	0.06	1	3789	买盘
14:19:08	37.83	-0.05	72	272376	卖盘
14:19:02	37.88	--	63	238644	卖盘
14:18:53	37.88	--	22	83336	卖盘
14:18:47	37.88	0.03	6	22728	买盘
14:18:38	37.85	--	11	41635	卖盘
14:18:32	37.85	--	48	181680	买盘
14:18:28	37.85	--	15	56775	买盘
14:18:23	37.85	0.01	18	68130	买盘
14:18:17	37.84	--	5	18920	卖盘
14:18:08	37.84	0.01	2	7568	卖盘
14:18:02	37.83	--	71	268593	卖盘
14:17:58	37.83	--	21	79443	卖盘
14:17:52	37.83	--	31	117273	卖盘
14:17:47	37.83	0.03	2	7566	买盘
14:17:43	37.8	--	3	11340	卖盘
14:17:38	37.8	0.01	31	117179	买盘
14:17:32	37.79	-0.01	8	30232	卖盘
14:17:28	37.8	--	2	7559	卖盘
14:17:22	37.8	--	1	3779	卖盘
14:17:17	37.8	0.01	69	260819	买盘
14:17:12	37.79	-0.01	7	26453	买盘
14:17:07	37.8	--	20	75600	买盘
14:17:02	37.8	0.01	18	68040	买盘
14:16:57	37.79	0.01	5	18895	中性盘
14:16:53	37.78	-0.01	32	120896	卖盘
14:16:47	37.79	0.01	19	71801	买盘
14:16:42	37.78	0.02	12	45336	买盘
14:16:37	37.76	--	2	7552	卖盘
14:16:32	37.76	-0.02	12	45312	卖盘
14:16:27	37.78	0.02	40	151120	买盘
14:16:22	37.76	0.01	227	857152	中性盘
14:16:17	37.75	-0.03	45	169875	卖盘
14:16:12	37.78	0.02	71	268238	买盘
14:16:07	37.76	0.01	1	3776	买盘
14:16:02	37.75	--	5	18875	卖盘
14:15:57	37.75	-0.02	46	173650	卖盘
14:15:52	37.77	--	5	18885	卖盘
14:15:47	37.77	-0.01	8	30216	中性盘
14:15:42	37.78	--	44	166232	买盘
14:15:37	37.78	--	39	147342	买盘
14:15:32	37.78	0.01	5	18890	买盘
14:15:27	37.77	--	8	30216	卖盘
14:15:22	37.77	-0.01	63	237951	卖盘
14:15:17	37.78	--	14	52892	卖盘
14:15:12	37.78	--	2	7556	卖盘
14:15:07	37.78	--	43	162454	卖盘
14:15:02	37.78	--	5	18890	卖盘
14:14:52	37.78	--	35	132230	卖盘
14:14:47	37.78	0.01	48	181344	买盘
14:14:42	37.77	-0.01	35	132195	卖盘
14:14:37	37.78	0.01	15	56670	买盘
14:14:32	37.77	-0.01	62	234174	卖盘
14:14:27	37.78	--	2	7556	卖盘
14:14:22	37.78	--	85	321130	卖盘
14:14:17	37.78	--	83	313574	卖盘
14:14:12	37.78	--	10	37780	卖盘
14:14:07	37.78	--	52	196456	卖盘
14:14:02	37.78	--	52	196456	卖盘
14:13:57	37.78	--	5	18890	卖盘
14:13:52	37.78	-0.01	1	3778	卖盘
14:13:47	37.79	--	2	7558	买盘
14:13:42	37.79	0.01	35	132265	买盘
14:13:37	37.78	-0.02	33	124674	卖盘
14:13:32	37.8	--	1	3779	买盘
14:13:26	37.8	--	9	34020	买盘
14:13:22	37.8	0.01	1	3779	卖盘
14:13:17	37.79	-0.01	142	536618	卖盘
14:13:11	37.8	--	54	204119	卖盘
14:13:07	37.8	--	30	113399	卖盘
14:13:02	37.8	--	67	253259	卖盘
14:12:56	37.8	--	22	83160	卖盘
14:12:52	37.8	--	6	22680	卖盘
14:12:47	37.8	0.01	16	60479	买盘
14:12:41	37.79	--	17	64243	买盘
14:12:37	37.79	--	9	34011	买盘
14:12:32	37.79	-0.02	48	181392	卖盘
14:12:26	37.81	0.02	68	257108	买盘
14:12:22	37.79	-0.02	1	3779	卖盘
14:12:17	37.81	0.01	23	86963	买盘
14:12:11	37.8	--	64	241919	卖盘
14:12:07	37.8	-0.02	38	143640	卖盘
14:12:02	37.82	0.01	51	192882	买盘
14:11:56	37.81	-0.01	11	41591	卖盘
14:11:52	37.82	-0.01	8	30256	买盘
14:11:47	37.83	0.02	11	41613	买盘
14:11:41	37.81	-0.03	40	151240	卖盘
14:11:32	37.84	--	29	109736	买盘
14:11:26	37.84	-0.01	91	344344	卖盘
14:11:22	37.85	--	3	11355	卖盘
14:11:16	37.85	-0.01	10	37850	卖盘
14:11:11	37.86	0.01	55	208230	买盘
14:11:07	37.85	--	8	30280	买盘
14:11:01	37.85	0.02	19	71915	中性盘
14:10:56	37.83	-0.03	119	450177	卖盘
14:10:52	37.86	--	0	0	买盘
14:10:46	37.86	0.01	129	488394	买盘
14:10:41	37.85	0.01	18	68130	买盘
14:10:36	37.84	0.02	2	7568	买盘
14:10:31	37.82	-0.02	11	41602	卖盘
14:10:26	37.84	--	2	7568	买盘
14:10:21	37.84	0.02	3	11352	买盘
14:10:16	37.82	0.02	41	155062	卖盘
14:10:11	37.8	--	6	22680	买盘
14:10:06	37.8	-0.02	64	241919	卖盘
14:10:01	37.82	0.02	12	45497	买盘
14:09:56	37.8	--	17	64259	卖盘
14:09:51	37.8	--	8	30239	卖盘
14:09:46	37.8	0.02	26	98279	卖盘
14:09:41	37.78	-0.02	110	415580	卖盘
14:09:36	37.8	0.02	8	30239	买盘
14:09:31	37.78	-0.02	19	71782	卖盘
14:09:26	37.8	--	118	446039	买盘
14:09:16	37.8	--	44	166320	买盘
14:09:11	37.8	0.01	18	68040	买盘
14:09:06	37.79	0.01	2	7558	中性盘
14:09:01	37.78	-0.04	22	83116	卖盘
14:08:56	37.82	--	16	64180	卖盘
14:08:51	37.82	--	6	22692	卖盘
14:08:46	37.82	0.02	86	325365	买盘
14:08:41	37.8	-0.02	46	173880	卖盘
14:08:36	37.82	--	2	7564	买盘
14:08:31	37.82	--	47	177754	买盘
14:08:26	37.82	-0.04	7	26474	买盘
14:08:21	37.86	0.01	10	37860	卖盘
14:08:16	37.85	0.03	53	200605	买盘
14:08:11	37.82	-0.04	66	249612	卖盘
14:08:06	37.86	0.01	2	7572	中性盘
14:08:01	37.85	-0.03	12	45420	卖盘
14:07:56	37.88	-0.04	41	155308	卖盘
14:07:51	37.92	-0.03	24	91008	买盘
14:07:36	37.95	-0.01	8	30360	卖盘
14:07:31	37.96	--	18	68328	卖盘
14:07:26	37.96	-0.01	5	18980	卖盘
14:07:21	37.97	-0.01	22	83534	卖盘
14:07:11	37.98	--	5	18990	买盘
14:07:06	37.98	--	13	49373	卖盘
14:07:01	37.98	--	5	18990	卖盘
14:06:50	37.98	-0.02	19	72162	卖盘
14:06:46	38.0	0.01	3	11400	买盘
14:06:41	37.99	--	11	41789	买盘
14:06:35	37.99	--	20	75980	卖盘
14:06:31	37.99	--	7	26593	卖盘
14:06:26	37.99	-0.01	10	37990	卖盘
14:06:20	38.0	--	6	22800	买盘
14:06:11	38.0	--	36	136800	买盘
14:06:05	38.0	-0.01	94	357200	卖盘
14:06:01	38.01	-0.01	80	304080	卖盘
14:05:56	38.02	--	12	45624	买盘
14:05:50	38.02	0.01	12	45624	买盘
14:05:46	38.01	--	2	7602	卖盘
14:05:41	38.01	--	0	0	卖盘
14:05:35	38.01	-0.02	13	49413	卖盘
14:05:31	38.03	--	0	0	买盘
14:05:26	38.03	-0.02	29	110287	卖盘
14:05:20	38.05	0.02	74	281570	买盘
14:05:16	38.03	--	0	0	卖盘
14:05:10	38.03	-0.03	28	106484	卖盘
14:05:05	38.06	0.02	4	15224	买盘
14:05:01	38.04	-0.02	1	3804	卖盘
14:04:55	38.06	-0.01	11	41866	买盘
14:04:50	38.07	--	26	98982	买盘
14:04:46	38.07	-0.01	52	197964	买盘
14:04:40	38.08	0.01	13	49504	买盘
14:04:35	38.07	-0.01	8	30456	卖盘
14:04:31	38.08	0.01	1	3808	买盘
14:04:25	38.07	-0.01	16	60912	卖盘
14:04:20	38.08	0.01	5	19040	买盘
14:04:16	38.07	--	16	60912	买盘
14:04:10	38.07	--	2	7614	买盘
14:04:05	38.07	--	3	11421	卖盘
14:04:00	38.07	0.02	48	182736	买盘
14:03:55	38.05	0.01	13	49464	中性盘
14:03:50	38.04	-0.01	68	258672	卖盘
14:03:45	38.05	0.01	25	95125	买盘
14:03:40	38.04	-0.01	8	30432	卖盘
14:03:35	38.05	0.01	23	87515	买盘
14:03:30	38.04	0.02	20	76080	买盘
14:03:25	38.02	-0.02	18	68436	卖盘
14:03:20	38.04	0.03	119	452676	买盘
14:03:15	38.01	0.01	34	129234	买盘
14:03:10	38.0	--	242	919600	买盘
14:03:05	38.0	--	96	364800	买盘
14:03:00	38.0	--	10	38000	买盘
14:02:55	38.0	--	50	190000	买盘
14:02:50	38.0	--	0	0	买盘
14:02:45	38.0	0.02	11	41800	买盘
14:02:40	37.98	0.01	37	140526	买盘
14:02:35	37.97	0.01	9	34173	买盘
14:02:30	37.96	--	1	3796	买盘
14:02:25	37.96	0.01	10	37960	买盘
14:02:15	37.95	0.07	39	148118	买盘
14:02:10	37.88	--	26	98488	卖盘
14:02:05	37.88	0.02	4	15152	买盘
14:02:00	37.86	--	1	3786	卖盘
14:01:55	37.86	0.01	8	30288	买盘
14:01:50	37.85	--	10	37850	买盘
14:01:45	37.85	--	2	7570	买盘
14:01:40	37.85	0.02	24	90840	买盘
14:01:35	37.83	--	34	128622	买盘
14:01:30	37.83	--	26	98358	买盘
14:01:25	37.83	--	6	22698	卖盘
14:01:20	37.83	--	13	49179	卖盘
14:01:10	37.83	--	31	117273	买盘
14:00:55	37.83	-0.01	4	15132	卖盘
14:00:50	37.84	0.01	53	200552	买盘
14:00:45	37.83	--	1	3783	买盘
14:00:40	37.83	--	3	11349	买盘
14:00:35	37.83	-0.01	21	79443	买盘
14:00:30	37.84	--	47	177848	买盘
14:00:25	37.84	0.01	29	109736	买盘
14:00:20	37.83	-0.01	13	49179	卖盘
14:00:14	37.84	0.01	38	143792	买盘
14:00:10	37.83	--	7	26481	卖盘
13:59:55	37.83	-0.01	10	37830	卖盘
13:59:50	37.84	--	2	7568	买盘
13:59:44	37.84	--	1	3784	买盘
13:59:40	37.84	-0.05	9	34056	卖盘
13:59:35	37.89	--	0	0	买盘
13:59:29	37.89	--	6	22734	买盘
13:59:25	37.89	--	32	121248	买盘
13:59:20	37.89	0.01	5	18945	买盘
13:59:14	37.88	--	10	37880	卖盘
13:59:05	37.88	-0.03	11	41668	卖盘
13:58:59	37.91	--	5	18955	买盘
13:58:50	37.91	--	33	125102	卖盘
13:58:44	37.91	-0.02	5	18955	卖盘
13:58:40	37.93	--	6	22758	买盘
13:58:34	37.93	--	5	18965	买盘
13:58:29	37.93	--	18	68274	买盘
13:58:25	37.93	-0.01	17	64481	卖盘
13:58:19	37.94	-0.01	10	41620	卖盘
13:58:14	37.95	--	16	60720	中性盘
13:58:10	37.95	0.01	2	7590	卖盘
13:58:04	37.94	--	33	125201	卖盘
13:57:59	37.94	--	5	18970	卖盘
13:57:55	37.94	--	3	11382	卖盘
13:57:49	37.94	0.01	18	68405	买盘
13:57:44	37.93	--	4	15172	卖盘
13:57:39	37.93	--	5	18965	卖盘
13:57:34	37.93	--	22	83446	买盘
13:57:29	37.93	-0.01	12	45516	买盘
13:57:24	37.94	0.02	30	113820	买盘
13:57:19	37.92	--	4	15168	中性盘
13:57:14	37.92	-0.01	2	7584	中性盘
13:57:09	37.93	--	13	49309	卖盘
13:57:04	37.93	-0.01	23	87239	卖盘
13:56:59	37.94	0.03	9	34146	买盘
13:56:49	37.91	-0.02	2	7581	中性盘
13:56:44	37.93	0.03	60	227580	买盘
13:56:39	37.9	--	26	98540	买盘
13:56:34	37.9	0.03	2	7580	买盘
13:56:29	37.87	0.02	33	124970	买盘
13:56:24	37.85	-0.02	40	151400	卖盘
13:56:19	37.87	0.01	15	56804	买盘
13:56:14	37.86	0.01	9	34074	买盘
13:56:09	37.85	--	26	98410	买盘
13:56:04	37.85	--	3	11355	买盘
13:55:59	37.85	0.02	7	26495	买盘
13:55:49	37.83	0.06	2	7566	买盘
13:55:44	37.77	--	15	56655	卖盘
13:55:39	37.77	0.01	1	3777	中性盘
13:55:34	37.76	-0.08	8	30208	中性盘
13:55:29	37.84	0.09	78	295152	买盘
13:55:24	37.75	--	0	0	中性盘
13:55:19	37.75	--	50	188750	买盘
13:55:14	37.75	-0.01	23	86825	卖盘
13:55:09	37.76	-0.02	11	41536	卖盘
13:55:04	37.78	0.02	55	207790	买盘
13:54:59	37.76	0.01	130	490880	买盘
13:54:54	37.75	--	9	33975	卖盘
13:54:49	37.75	-0.03	7	26425	卖盘
13:54:44	37.78	--	25	94450	买盘
13:54:39	37.78	-0.01	11	41558	卖盘
13:54:34	37.79	--	19	71801	买盘
13:54:29	37.79	-0.01	15	56685	卖盘
13:54:24	37.8	--	2	7559	买盘
13:54:19	37.8	--	14	52919	买盘
13:54:14	37.8	--	34	128519	卖盘
13:54:09	37.8	--	16	60479	卖盘
13:53:59	37.8	-0.05	60	226799	卖盘
13:53:53	37.85	-0.01	19	71915	卖盘
13:53:49	37.86	--	1	3786	买盘
13:53:44	37.86	-0.01	31	117366	卖盘
13:53:38	37.87	-0.01	11	41657	卖盘
13:53:34	37.88	--	6	22728	买盘
13:53:29	37.88	-0.01	13	49244	卖盘
13:53:23	37.89	0.01	38	143982	中性盘
13:53:19	37.88	-0.02	15	56820	卖盘
13:53:14	37.9	0.01	23	87170	买盘
13:53:08	37.89	--	59	227226	卖盘
13:53:04	37.89	-0.01	12	45468	卖盘
13:52:59	37.9	-0.01	104	394160	中性盘
13:52:53	37.91	0.01	41	155431	买盘
13:52:49	37.9	--	12	45480	买盘
13:52:44	37.9	--	20	75800	买盘
13:52:38	37.9	--	24	90960	卖盘
13:52:34	37.9	--	18	68220	卖盘
13:52:29	37.9	-0.01	22	83380	卖盘
13:52:23	37.91	0.01	90	341189	买盘
13:52:19	37.9	--	3	11483	卖盘
13:52:14	37.9	--	47	178130	卖盘
13:52:08	37.9	-0.01	44	166760	卖盘
13:52:04	37.91	--	1	3790	卖盘
13:51:59	37.91	-0.01	14	53073	卖盘
13:51:53	37.92	0.01	11	41712	中性盘
13:51:49	37.91	-0.01	54	204713	卖盘
13:51:43	37.92	--	6	22752	卖盘
13:51:38	37.92	-0.02	41	155472	卖盘
13:51:34	37.94	--	11	41734	卖盘
13:51:29	37.94	--	10	37940	卖盘
13:51:23	37.94	--	48	182112	卖盘
13:51:19	37.94	-0.01	40	151760	卖盘
13:51:13	37.95	--	16	60720	买盘
13:51:03	37.95	-0.01	48	182160	卖盘
13:50:58	37.96	--	1	3796	卖盘
13:50:53	37.96	--	7	26572	卖盘
13:50:48	37.96	-0.01	6	22776	卖盘
13:50:43	37.97	--	1	3797	卖盘
13:50:38	37.97	-0.01	8	30376	卖盘
13:50:28	37.98	-0.02	22	83556	卖盘
13:50:18	38.0	--	3	11400	买盘
13:50:13	38.0	--	4	15200	买盘
13:50:08	38.0	-0.01	75	285000	卖盘
13:50:03	38.01	-0.02	29	110229	卖盘
13:49:58	38.03	0.01	73	277619	买盘
13:49:48	38.02	-0.01	6	22812	卖盘
13:49:43	38.03	0.01	17	64651	买盘
13:49:38	38.02	--	51	193902	卖盘
13:49:28	38.02	-0.01	15	57030	卖盘
13:49:23	38.03	--	29	110287	买盘
13:49:13	38.03	--	6	22818	卖盘
13:49:03	38.03	-0.01	3	11409	卖盘
13:48:58	38.04	0.01	15	57060	买盘
13:48:53	38.03	-0.01	10	38030	卖盘
13:48:43	38.04	-0.01	10	38040	卖盘
13:48:38	38.05	0.01	9	34245	买盘
13:48:28	38.04	--	17	64668	卖盘
13:48:23	38.04	-0.01	3	11412	中性盘
13:48:18	38.05	--	27	102734	卖盘
13:48:13	38.05	--	5	19025	卖盘
13:48:08	38.05	--	113	429964	卖盘
13:48:03	38.05	--	3	11415	卖盘
13:47:58	38.05	--	21	79905	卖盘
13:47:53	38.05	--	73	277765	买盘
13:47:48	38.05	0.01	5	19025	买盘
13:47:43	38.04	-0.01	3	11412	卖盘
13:47:38	38.05	--	1	3804	买盘
13:47:33	38.05	--	12	45660	卖盘
13:47:28	38.05	--	30	114149	卖盘
13:47:23	38.05	--	28	106539	卖盘
13:47:17	38.05	-0.01	34	129369	卖盘
13:47:13	38.06	--	5	19030	卖盘
13:47:08	38.06	0.01	45	171270	买盘
13:47:02	38.05	-0.01	2	7609	卖盘
13:46:58	38.06	0.01	40	152240	买盘
13:46:53	38.05	-0.01	31	117954	卖盘
13:46:47	38.06	0.01	6	22836	中性盘
13:46:43	38.05	--	29	110344	卖盘
13:46:38	38.05	-0.01	50	190250	卖盘
13:46:32	38.06	0.01	12	45672	买盘
13:46:28	38.05	--	2	7609	卖盘
13:46:23	38.05	-0.01	20	76100	卖盘
13:46:17	38.06	--	11	41866	买盘
13:46:13	38.06	0.01	7	26642	买盘
13:46:08	38.05	-0.01	11	41855	卖盘
13:46:02	38.06	--	12	45672	买盘
13:45:58	38.06	--	16	60896	卖盘
13:45:52	38.06	-0.01	2	7612	卖盘
13:45:43	38.07	-0.01	10	38070	卖盘
13:45:32	38.08	--	2	7616	买盘
13:45:22	38.08	0.02	3	11424	买盘
13:45:17	38.06	-0.03	62	235972	卖盘
13:45:13	38.09	0.01	14	53326	买盘
13:45:07	38.08	--	3	11424	卖盘
13:45:02	38.08	--	18	68544	卖盘
13:44:57	38.08	--	5	19040	买盘
13:44:52	38.08	--	29	110432	买盘
13:44:47	38.08	-0.01	39	148512	买盘
13:44:43	38.09	0.03	12	45708	买盘
13:44:37	38.06	-0.01	9	34254	卖盘
13:44:32	38.07	-0.01	58	220806	卖盘
13:44:27	38.08	0.02	80	304640	买盘
13:44:22	38.06	0.01	3	11418	买盘
13:44:17	38.05	-0.01	5	19025	卖盘
13:44:07	38.06	--	13	49478	卖盘
13:44:02	38.06	--	9	34254	买盘
13:43:57	38.06	-0.03	5	19030	卖盘
13:43:52	38.09	0.03	20	76180	买盘
13:43:47	38.06	-0.02	14	53284	卖盘
13:43:42	38.08	0.02	2	7616	买盘
13:43:37	38.06	-0.02	14	53284	卖盘
13:43:32	38.08	-0.01	17	64736	卖盘
13:43:27	38.09	--	11	41899	买盘
13:43:22	38.09	--	5	19045	买盘
13:43:17	38.09	-0.01	60	228540	卖盘
13:43:12	38.1	0.01	77	293370	买盘
13:43:07	38.09	-0.01	3	11427	卖盘
13:43:02	38.1	0.01	345	1314450	买盘
13:42:57	38.09	-0.01	22	83798	卖盘
13:42:52	38.1	--	109	415290	买盘
13:42:47	38.1	--	50	190500	买盘
13:42:42	38.1	0.01	23	87630	买盘
13:42:37	38.09	--	52	198068	卖盘
13:42:32	38.09	0.01	30	114270	买盘
13:42:27	38.08	0.03	6	22848	买盘
13:42:22	38.05	--	1	3804	卖盘
13:42:07	38.05	--	46	175030	买盘
13:42:02	38.05	0.02	24	91320	买盘
13:41:57	38.03	-0.01	4	15212	中性盘
13:41:52	38.04	0.01	50	190200	买盘
13:41:47	38.03	-0.01	7	26621	卖盘
13:41:42	38.04	0.01	12	45648	买盘
13:41:37	38.03	-0.01	14	53242	卖盘
13:41:32	38.04	0.02	11	41844	买盘
13:41:22	38.02	0.02	12	45624	买盘
13:41:17	38.0	--	4	15200	卖盘
13:41:12	38.0	--	1	3800	卖盘
13:41:07	38.0	--	62	235600	买盘
13:41:02	38.0	--	35	133000	买盘
13:40:56	38.0	0.04	17	64600	买盘
13:40:52	37.96	-0.01	23	87308	卖盘
13:40:47	37.97	-0.03	10	37970	卖盘
13:40:41	38.0	0.04	86	326800	买盘
13:40:37	37.96	0.01	5	18980	卖盘
13:40:32	37.95	-0.01	24	91080	卖盘
13:40:26	37.96	--	23	87308	买盘
13:40:22	37.96	--	10	37960	买盘
13:40:17	37.96	0.02	8	30368	买盘
13:40:07	37.94	--	1	3794	卖盘
13:40:02	37.94	-0.01	17	64497	卖盘
13:39:56	37.95	0.01	33	125235	买盘
13:39:52	37.94	--	6	22764	买盘
13:39:47	37.94	--	72	273168	卖盘
13:39:41	37.94	0.01	24	91056	买盘
13:39:37	37.93	--	3	11379	卖盘
13:39:31	37.93	-0.01	6	22758	中性盘
13:39:26	37.94	0.02	12	45528	买盘
13:39:22	37.92	--	41	155472	买盘
13:39:16	37.92	0.01	23	87216	中性盘
13:39:11	37.91	-0.02	109	413218	卖盘
13:39:07	37.93	--	2	7586	买盘
13:39:01	37.93	--	121	458953	买盘
13:38:56	37.93	--	30	113790	买盘
13:38:46	37.93	--	38	144134	买盘
13:38:41	37.93	0.01	12	45516	买盘
13:38:37	37.92	-0.01	9	34128	卖盘
13:38:31	37.93	-0.01	17	64481	卖盘
13:38:26	37.94	--	0	0	中性盘
13:38:22	37.94	-0.01	7	26558	卖盘
13:38:16	37.95	0.01	38	144210	买盘
13:38:11	37.94	-0.01	26	98644	卖盘
13:38:06	37.95	--	1	3795	买盘
13:38:01	37.95	--	3	11385	买盘
13:37:56	37.95	-0.01	12	45540	卖盘
13:37:51	37.96	0.01	41	155636	买盘
13:37:46	37.95	-0.01	17	64515	卖盘
13:37:41	37.96	0.01	5	18980	买盘
13:37:31	37.95	-0.01	66	250470	卖盘
13:37:26	37.96	--	73	277108	卖盘
13:37:21	37.96	--	3	11388	卖盘
13:37:16	37.96	-0.01	45	170820	卖盘
13:37:11	37.97	0.01	5	18985	买盘
13:37:06	37.96	--	1	3796	卖盘
13:37:01	37.96	-0.01	29	110084	卖盘
13:36:56	37.97	--	4	15188	卖盘
13:36:46	37.97	0.01	15	56955	买盘
13:36:41	37.96	-0.01	8	30368	卖盘
13:36:36	37.97	--	27	102519	买盘
13:36:31	37.97	--	92	349324	卖盘
13:36:26	37.97	--	47	178459	卖盘
13:36:21	37.97	--	0	0	卖盘
13:36:16	37.97	--	6	22782	卖盘
13:36:11	37.97	--	101	383497	买盘
13:36:06	37.97	-0.02	42	159474	卖盘
13:36:01	37.99	--	26	98774	卖盘
13:35:56	37.99	0.02	5	18995	中性盘
13:35:51	37.97	-0.03	4	15188	卖盘
13:35:46	38.0	0.01	3	11400	买盘
13:35:41	37.99	-0.01	16	60784	卖盘
13:35:36	38.0	--	38	144400	卖盘
13:35:31	38.0	--	14	53200	卖盘
13:35:26	38.0	-0.01	157	596600	卖盘
13:35:21	38.01	--	4	15204	卖盘
13:35:16	38.01	-0.01	6	22806	中性盘
13:35:11	38.02	0.01	118	448636	买盘
13:35:06	38.01	--	2	7602	卖盘
13:35:01	38.01	-0.02	40	152040	卖盘
13:34:56	38.03	0.01	11	41833	中性盘
13:34:51	38.02	-0.01	14	53228	卖盘
13:34:46	38.03	--	4	15212	卖盘
13:34:41	38.03	-0.01	19	72257	卖盘
13:34:35	38.04	-0.01	13	49452	卖盘
13:34:31	38.05	--	1	3804	买盘
13:34:26	38.05	--	38	144590	卖盘
13:34:20	38.05	--	25	95125	卖盘
13:34:16	38.05	--	1	3804	卖盘
13:34:11	38.05	-0.05	5	19025	卖盘
13:34:05	38.1	--	16	60960	买盘
13:34:01	38.1	--	80	304800	买盘
13:33:56	38.1	--	89	339090	买盘
13:33:50	38.1	--	2	7620	买盘
13:33:46	38.1	0.06	16	60960	买盘
13:33:41	38.04	-0.06	47	178788	卖盘
13:33:35	38.1	--	18	68580	买盘
13:33:31	38.1	--	37	140970	买盘
13:33:26	38.1	--	130	495300	买盘
13:33:20	38.1	--	20	76200	买盘
13:33:16	38.1	0.02	10	38100	买盘
13:33:10	38.08	-0.02	1	3808	中性盘
13:33:05	38.1	0.08	6	22860	买盘
13:33:01	38.02	0.01	12	45624	买盘
13:32:56	38.01	--	17	64617	卖盘
13:32:50	38.01	0.01	219	832419	中性盘
13:32:46	38.0	0.01	76	288800	买盘
13:32:40	37.99	0.03	16	60784	中性盘
13:32:35	37.96	0.01	4	15184	中性盘
13:32:30	37.95	--	3	11385	卖盘
13:32:25	37.95	--	181	686895	买盘
13:32:20	37.95	-0.01	32	121440	卖盘
13:32:16	37.96	0.02	7	26572	买盘
13:32:10	37.94	-0.01	28	106232	卖盘
13:32:05	37.95	0.04	38	144210	买盘
13:32:01	37.91	--	5	18955	卖盘
13:31:55	37.91	-0.04	35	132685	卖盘
13:31:50	37.95	0.01	22	83490	买盘
13:31:45	37.94	--	15	56910	买盘
13:31:40	37.94	--	47	178318	卖盘
13:31:35	37.94	0.04	44	166936	卖盘
13:31:25	37.9	0.01	19	72010	卖盘
13:31:20	37.89	-0.06	57	215973	卖盘
13:31:15	37.95	--	0	0	买盘
13:31:10	37.95	0.05	51	193545	买盘
13:31:05	37.9	-0.05	8	30320	卖盘
13:31:00	37.95	-0.04	2	7590	卖盘
13:30:55	37.99	0.03	68	258332	买盘
13:30:50	37.96	--	4	15184	卖盘
13:30:45	37.96	-0.04	10	37960	卖盘
13:30:30	38.0	-0.1	152	577600	卖盘
13:30:25	38.1	--	8	30480	买盘
13:30:20	38.1	--	100	381000	卖盘
13:30:15	38.1	--	36	137160	卖盘
13:30:10	38.1	--	34	129540	卖盘
13:30:05	38.1	-0.05	19	72390	卖盘
13:30:00	38.15	--	0	0	买盘
13:29:55	38.15	0.05	17	64855	买盘
13:29:50	38.1	-0.05	151	575310	卖盘
13:29:45	38.15	-0.01	2	7630	卖盘
13:29:40	38.16	0.01	15	57239	中性盘
13:29:35	38.15	-0.05	22	83930	卖盘
13:29:30	38.2	--	0	0	买盘
13:29:25	38.2	0.02	101	385820	买盘
13:29:20	38.18	--	15	57270	卖盘
13:29:15	38.18	-0.02	1	3818	卖盘
13:29:10	38.2	--	5	19100	买盘
13:29:05	38.2	--	144	550080	卖盘
13:29:00	38.2	-0.01	29	110780	卖盘
13:28:55	38.21	0.01	25	95525	买盘
13:28:50	38.2	-0.02	12	45840	卖盘
13:28:45	38.22	0.01	8	30576	买盘
13:28:40	38.21	-0.01	72	275112	卖盘
13:28:35	38.22	--	21	80262	卖盘
13:28:25	38.22	-0.01	31	118482	卖盘
13:28:20	38.23	--	12	45875	卖盘
13:28:14	38.23	-0.01	4	15291	卖盘
13:28:10	38.24	--	33	126192	买盘
13:28:05	38.24	-0.02	360	1376640	卖盘
13:27:59	38.26	-0.01	31	118606	卖盘
13:27:55	38.27	0.01	8	30616	买盘
13:27:50	38.26	--	26	99476	买盘
13:27:44	38.26	0.02	145	554770	买盘
13:27:40	38.24	--	12	45888	买盘
13:27:35	38.24	--	140	535360	买盘
13:27:29	38.24	-0.01	190	726560	卖盘
13:27:25	38.25	--	48	183600	买盘
13:27:20	38.25	0.03	34	130050	买盘
13:27:14	38.22	--	28	107016	卖盘
13:27:10	38.22	--	9	34398	卖盘
13:27:04	38.22	0.02	29	110838	买盘
13:26:59	38.2	--	20	76400	卖盘
13:26:55	38.2	0.01	73	278860	买盘
13:26:50	38.19	0.01	46	175674	中性盘
13:26:44	38.18	-0.02	34	129812	卖盘
13:26:40	38.2	0.01	8	30560	买盘
13:26:35	38.19	0.02	79	301701	买盘
13:26:29	38.17	-0.01	171	652707	中性盘
13:26:25	38.18	0.03	56	213808	买盘
13:26:20	38.15	--	30	114450	卖盘
13:26:14	38.15	--	15	57225	卖盘
13:26:10	38.15	--	22	83930	买盘
13:26:04	38.15	--	93	354795	买盘
13:25:59	38.15	0.03	30	114450	买盘
13:25:55	38.12	-0.05	9	34308	卖盘
13:25:49	38.17	0.02	54	206118	买盘
13:25:44	38.15	0.04	35	133525	买盘
13:25:40	38.11	-0.04	48	182928	卖盘
13:25:34	38.15	-0.03	46	175490	卖盘
13:25:29	38.18	0.05	14	53452	买盘
13:25:25	38.13	-0.05	12	45756	卖盘
13:25:19	38.18	0.09	66	251988	买盘
13:25:14	38.09	-0.06	105	399945	卖盘
13:25:09	38.15	--	0	0	买盘
13:25:04	38.15	-0.03	9	34335	中性盘
13:24:59	38.18	--	52	198536	买盘
13:24:54	38.18	-0.01	84	320712	卖盘
13:24:49	38.19	0.01	24	91656	中性盘
13:24:44	38.18	-0.01	78	297804	卖盘
13:24:39	38.19	--	10	38190	买盘
13:24:34	38.19	--	25	95475	卖盘
13:24:29	38.19	-0.01	120	458280	卖盘
13:24:24	38.2	--	13	49660	买盘
13:24:19	38.2	--	26	99320	买盘
13:24:14	38.2	-0.05	61	233020	卖盘
13:24:09	38.25	--	28	107100	买盘
13:24:04	38.25	-0.01	55	210375	买盘
13:23:59	38.26	0.01	56	214256	买盘
13:23:54	38.25	--	11	42075	卖盘
13:23:49	38.25	-0.01	50	191250	卖盘
13:23:44	38.26	0.01	36	137736	买盘
13:23:39	38.25	--	42	160650	卖盘
13:23:34	38.25	-0.02	92	351900	卖盘
13:23:29	38.27	0.01	14	53578	买盘
13:23:24	38.26	-0.03	11	42086	卖盘
13:23:19	38.29	0.01	71	271859	买盘
13:23:14	38.28	--	231	884268	卖盘
13:23:09	38.28	-0.01	23	88044	卖盘
13:23:04	38.29	--	37	141673	卖盘
13:22:59	38.29	-0.01	87	333123	卖盘
13:22:54	38.3	--	25	95750	买盘
13:22:49	38.3	--	9	34470	买盘
13:22:44	38.3	--	64	245119	卖盘
13:22:39	38.3	-0.01	26	99579	卖盘
13:22:34	38.31	0.01	11	42141	中性盘
13:22:29	38.3	-0.07	78	298740	卖盘
13:22:24	38.37	0.05	18	69066	买盘
13:22:19	38.32	-0.04	56	214592	卖盘
13:22:14	38.36	-0.02	14	53704	中性盘
13:22:09	38.38	0.01	103	395314	买盘
13:22:04	38.37	-0.03	33	126620	卖盘
13:21:59	38.4	0.01	56	215040	买盘
13:21:54	38.39	-0.02	113	433807	卖盘
13:21:49	38.41	0.01	29	111388	中性盘
13:21:44	38.4	--	189	725760	卖盘
13:21:38	38.4	-0.05	76	291840	卖盘
13:21:29	38.45	--	140	538300	买盘
13:21:23	38.45	-0.03	167	642115	卖盘
13:21:19	38.48	--	28	107743	买盘
13:21:14	38.48	-0.02	261	1004327	卖盘
13:21:08	38.5	0.02	66	254100	买盘
13:21:04	38.48	-0.02	28	107743	卖盘
13:20:59	38.5	0.02	182	700700	买盘
13:20:53	38.48	-0.01	105	404039	卖盘
13:20:49	38.49	-0.01	94	361806	中性盘
13:20:43	38.5	0.01	204	785400	买盘
13:20:38	38.49	0.01	263	1012287	买盘
13:20:34	38.48	--	48	184703	卖盘
13:20:29	38.48	0.02	99	380951	买盘
13:20:23	38.46	-0.02	229	880734	卖盘
13:20:19	38.48	0.01	34	130831	买盘
13:20:13	38.47	0.02	46	176962	中性盘
13:20:08	38.45	-0.01	112	430640	卖盘
13:20:04	38.46	0.01	13	49998	中性盘
13:19:59	38.45	--	84	322980	卖盘
13:19:53	38.45	0.03	29	111505	买盘
13:19:49	38.42	0.02	5	19210	中性盘
13:19:44	38.4	--	100	384000	卖盘
13:19:38	38.4	--	46	176640	买盘
13:19:34	38.4	0.02	54	207360	买盘
13:19:28	38.38	--	55	211090	买盘
13:19:23	38.38	0.03	48	184224	买盘
13:19:18	38.35	--	11	42185	卖盘
13:19:13	38.35	--	40	153400	买盘
13:19:08	38.35	0.03	16	61360	买盘
13:19:04	38.32	--	39	149448	卖盘
13:18:58	38.32	0.02	86	329552	买盘
13:18:53	38.3	0.01	222	850259	买盘
13:18:48	38.29	-0.01	262	1003198	卖盘
13:18:43	38.3	0.01	186	712380	买盘
13:18:38	38.29	--	225	861525	买盘
13:18:33	38.29	0.01	8	30632	买盘
13:18:28	38.28	0.01	66	252648	买盘
13:18:23	38.27	0.02	41	156907	买盘
13:18:18	38.25	--	24	91800	买盘
13:18:13	38.25	0.03	95	363375	买盘
13:18:08	38.22	--	40	152880	买盘
13:18:03	38.22	0.04	9	34398	买盘
13:17:58	38.18	--	202	771236	中性盘
13:17:53	38.18	--	54	206172	买盘
13:17:48	38.18	0.08	6	22908	买盘
13:17:43	38.1	-0.03	164	624840	卖盘
13:17:38	38.13	0.04	118	449934	买盘
13:17:33	38.09	--	5	19045	卖盘
13:17:28	38.09	0.01	33	125697	买盘
13:17:23	38.08	0.03	162	616896	买盘
13:17:18	38.05	-0.01	17	64684	卖盘
13:17:13	38.06	0.01	33	125598	买盘
13:17:08	38.05	0.03	44	167420	买盘
13:17:03	38.02	--	29	110258	买盘
13:16:58	38.02	-0.02	29	110258	卖盘
13:16:53	38.04	0.04	44	167376	买盘
13:16:48	38.0	--	24	91200	卖盘
13:16:43	38.0	--	136	516800	卖盘
13:16:38	38.0	0.03	649	2468100	买盘
13:16:33	37.97	0.02	5	18985	卖盘
13:16:28	37.95	0.02	10	37950	中性盘
13:16:23	37.93	-0.02	41	155513	卖盘
13:16:18	37.95	0.02	22	83490	买盘
13:16:13	37.93	--	23	87239	买盘
13:16:08	37.93	--	22	83446	买盘
13:16:03	37.93	0.01	3	11379	买盘
13:15:58	37.92	0.04	138	523296	买盘
13:15:53	37.88	--	13	49244	卖盘
13:15:48	37.88	0.01	53	200764	买盘
13:15:43	37.87	0.01	57	215858	中性盘
13:15:38	37.86	--	21	79506	卖盘
13:15:33	37.86	--	25	94650	买盘
13:15:28	37.86	0.02	28	106008	买盘
13:15:23	37.84	--	32	121088	卖盘
13:15:17	37.84	--	13	49192	卖盘
13:15:13	37.84	0.01	22	83248	中性盘
13:15:08	37.83	-0.01	36	136188	中性盘
13:15:02	37.84	0.03	82	310288	买盘
13:14:58	37.81	--	11	41591	中性盘
13:14:53	37.81	-0.04	36	136116	卖盘
13:14:47	37.85	0.04	36	136260	买盘
13:14:43	37.81	-0.07	2	7562	卖盘
13:14:38	37.88	--	51	193188	买盘
13:14:32	37.88	--	15	56820	买盘
13:14:28	37.88	-0.02	13	49244	卖盘
13:14:23	37.9	--	45	170550	买盘
13:14:17	37.9	--	190	720100	买盘
13:14:12	37.9	--	180	682200	卖盘
13:14:08	37.9	-0.02	109	413110	卖盘
13:14:02	37.92	-0.01	58	219936	卖盘
13:13:58	37.93	--	3	11379	买盘
13:13:53	37.93	-0.02	57	216201	卖盘
13:13:47	37.95	--	133	504735	买盘
13:13:43	37.95	-0.02	23	87285	中性盘
13:13:37	37.97	--	25	94925	买盘
13:13:32	37.97	--	55	208835	卖盘
13:13:28	37.97	-0.01	181	687257	卖盘
13:13:22	37.98	--	64	243071	买盘
13:13:17	37.98	-0.02	254	964691	卖盘
13:13:13	38.0	0.01	31	117800	买盘
13:13:07	37.99	-0.01	47	178553	卖盘
13:13:02	38.0	0.01	120	456000	买盘
13:12:58	37.99	-0.05	82	311518	卖盘
13:12:52	38.04	0.02	275	1046100	卖盘
13:12:47	38.02	--	198	752796	卖盘
13:12:42	38.02	-0.01	54	205308	卖盘
13:12:37	38.03	0.03	130	494390	买盘
13:12:32	38.0	--	348	1322400	卖盘
13:12:27	38.0	--	5	19000	卖盘
13:12:22	38.0	--	33	125400	卖盘
13:12:17	38.0	--	170	646000	买盘
13:12:12	38.0	--	415	1577000	买盘
13:12:07	38.0	0.01	44	167200	买盘
13:12:02	37.99	--	65	246935	卖盘
13:11:57	37.99	0.01	19	72181	买盘
13:11:52	37.98	--	360	1367280	卖盘
13:11:47	37.98	0.01	83	315234	买盘
13:11:42	37.97	--	18	68346	买盘
13:11:37	37.97	0.02	134	508798	卖盘
13:11:32	37.95	-0.02	191	724845	卖盘
13:11:27	37.97	-0.01	210	797370	卖盘
13:11:22	37.98	0.05	33	125333	买盘
13:11:17	37.93	-0.02	55	208615	中性盘
13:11:12	37.95	0.04	35	132825	买盘
13:11:02	37.91	0.02	68	257787	买盘
13:10:57	37.89	0.01	11	41679	买盘
13:10:52	37.88	--	184	696992	买盘
13:10:47	37.88	0.01	25	94700	买盘
13:10:42	37.87	0.01	8	30295	买盘
13:10:37	37.86	0.06	113	427818	买盘
13:10:32	37.8	--	21	79380	卖盘
13:10:27	37.8	0.01	114	430919	买盘
13:10:22	37.79	-0.01	134	506386	卖盘
13:10:17	37.8	0.01	57	215459	买盘
13:10:12	37.79	--	26	98254	买盘
13:10:07	37.79	0.02	47	177613	买盘
13:10:02	37.77	--	14	52878	买盘
13:09:57	37.77	--	10	37770	买盘
13:09:52	37.77	0.05	43	162411	买盘
13:09:47	37.72	--	7	26404	卖盘
13:09:42	37.72	0.02	14	52808	买盘
13:09:32	37.7	0.03	134	505180	买盘
13:09:27	37.67	--	27	101709	卖盘
13:09:22	37.67	--	11	41437	卖盘
13:09:17	37.67	0.01	19	71573	买盘
13:09:12	37.66	0.01	62	233491	买盘
13:09:07	37.65	-0.01	40	150600	卖盘
13:09:02	37.66	0.01	48	180767	买盘
13:08:57	37.65	--	7	26355	卖盘
13:08:52	37.65	--	47	176955	买盘
13:08:47	37.65	0.01	28	105420	买盘
13:08:42	37.64	-0.01	20	75280	卖盘
13:08:37	37.65	0.02	12	45180	买盘
13:08:32	37.63	--	37	139231	买盘
13:08:26	37.63	--	17	63971	中性盘
13:08:22	37.63	--	16	60208	买盘
13:08:17	37.63	0.03	30	112890	买盘
13:08:11	37.6	-0.03	40	150400	卖盘
13:08:07	37.63	0.03	118	444034	买盘
13:08:02	37.6	--	13	48880	中性盘
13:07:56	37.6	0.01	25	94000	买盘
13:07:52	37.59	-0.01	6	22554	卖盘
13:07:46	37.6	0.02	95	357200	买盘
13:07:41	37.58	-0.01	41	154078	卖盘
13:07:37	37.59	0.01	14	52626	中性盘
13:07:31	37.58	-0.01	69	259302	卖盘
13:07:26	37.59	0.01	63	236817	买盘
13:07:16	37.58	0.01	17	63886	中性盘
13:07:11	37.57	0.05	22	82654	卖盘
13:07:06	37.52	--	1	3752	买盘
13:07:01	37.52	-0.03	28	105056	中性盘
13:06:56	37.55	0.03	51	191505	中性盘
13:06:52	37.52	-0.07	1	3752	卖盘
13:06:47	37.59	0.08	21	78939	买盘
13:06:41	37.51	--	3	11253	买盘
13:06:37	37.51	--	6	22506	买盘
13:06:31	37.51	-0.04	265	994015	卖盘
13:06:26	37.55	0.04	54	202769	买盘
13:06:22	37.51	-0.03	23	86273	卖盘
13:06:17	37.54	--	66	247764	卖盘
13:06:11	37.54	0.03	35	131390	买盘
13:06:06	37.51	-0.03	14	52514	卖盘
13:06:01	37.54	0.04	35	131390	买盘
13:05:56	37.5	-0.05	16	60000	卖盘
13:05:51	37.55	--	15	56324	买盘
13:05:46	37.55	-0.01	30	112649	中性盘
13:05:41	37.56	0.01	49	184044	买盘
13:05:36	37.55	-0.02	19	71345	中性盘
13:05:31	37.57	0.01	10	37570	买盘
13:05:26	37.56	0.03	35	131460	买盘
13:05:21	37.53	--	22	82566	卖盘
13:05:16	37.53	-0.06	74	277722	卖盘
13:05:11	37.59	0.02	28	105252	买盘
13:05:06	37.57	--	15	56355	买盘
13:05:01	37.57	-0.03	66	247962	卖盘
13:04:56	37.6	--	97	364720	卖盘
13:04:46	37.6	--	54	203040	卖盘
13:04:41	37.6	--	43	161680	卖盘
13:04:36	37.6	--	23	86480	卖盘
13:04:31	37.6	-0.03	75	282000	买盘
13:04:26	37.63	0.03	55	206965	买盘
13:04:21	37.6	0.02	12	45120	买盘
13:04:16	37.58	-0.02	331	1243898	卖盘
13:04:11	37.6	-0.03	62	233120	卖盘
13:04:06	37.63	0.04	43	161809	买盘
13:04:01	37.59	--	27	101493	买盘
13:03:56	37.59	-0.01	31	116529	卖盘
13:03:51	37.6	-0.01	14	52640	卖盘
13:03:46	37.61	0.02	110	413710	买盘
13:03:41	37.59	--	150	563850	卖盘
13:03:36	37.59	-0.01	28	105252	中性盘
13:03:31	37.6	0.01	113	424880	买盘
13:03:26	37.59	-0.01	60	225540	卖盘
13:03:21	37.6	0.01	15	56400	买盘
13:03:16	37.59	0.02	86	323274	买盘
13:03:11	37.57	--	222	834054	买盘
13:03:06	37.57	-0.02	39	146523	中性盘
13:03:01	37.59	--	35	131565	买盘
13:02:56	37.59	0.07	141	530019	买盘
13:02:51	37.52	-0.04	12	45024	卖盘
13:02:46	37.56	0.01	11	41316	买盘
13:02:41	37.55	0.05	60	225299	买盘
13:02:36	37.5	--	76	285000	买盘
13:02:31	37.5	--	141	528750	买盘
13:02:26	37.5	--	132	495000	买盘
13:02:21	37.5	--	83	311250	买盘
13:02:16	37.5	--	53	198750	买盘
13:02:11	37.5	--	27	101250	买盘
13:02:06	37.5	0.01	53	198750	买盘
13:02:01	37.49	0.01	10	37490	买盘
13:01:56	37.48	--	187	700875	卖盘
13:01:50	37.48	0.01	38	142424	买盘
13:01:41	37.47	-0.01	113	423411	卖盘
13:01:35	37.48	0.02	45	168660	买盘
13:01:31	37.46	-0.01	2	7492	卖盘
13:01:26	37.47	0.04	42	157374	买盘
13:01:20	37.43	--	31	116033	卖盘
13:01:16	37.43	-0.02	15	56145	中性盘
13:01:11	37.45	0.04	41	153545	买盘
13:01:05	37.41	0.01	64	239423	买盘
13:01:01	37.4	--	62	231880	买盘
13:00:55	37.4	--	19	71060	买盘
13:00:50	37.4	0.01	91	340340	买盘
13:00:46	37.39	0.02	100	373900	买盘
13:00:40	37.37	0.01	17	63528	买盘
13:00:31	37.36	0.03	16	59776	买盘
13:00:25	37.33	--	97	362101	买盘
13:00:20	37.33	--	12	44796	买盘
13:00:10	37.33	0.03	27	100791	买盘
13:00:05	37.3	0.04	698	2603540	买盘
11:30:00	37.26	--	0	0	卖盘
11:30:00	37.26	--	0	0	卖盘
11:30:00	37.26	-0.02	30	111780	卖盘
11:29:57	37.28	0.01	6	22368	买盘
11:29:52	37.27	--	48	178896	卖盘
11:29:47	37.27	--	22	81994	卖盘
11:29:42	37.27	--	47	175169	买盘
11:29:37	37.27	0.01	134	499418	买盘
11:29:32	37.26	--	23	85698	卖盘
11:29:27	37.26	--	42	156492	卖盘
11:29:22	37.26	0.01	64	238464	买盘
11:29:17	37.25	--	11	40975	卖盘
11:29:12	37.25	0.02	12	44700	买盘
11:29:07	37.23	-0.02	3	11168	卖盘
11:29:02	37.25	0.02	5	18625	买盘
11:28:57	37.23	0.05	4	14891	买盘
11:28:52	37.18	-0.07	152	565136	卖盘
11:28:47	37.25	0.02	64	238400	买盘
11:28:42	37.23	--	13	48398	卖盘
11:28:37	37.23	--	69	256886	卖盘
11:28:32	37.23	--	13	48398	买盘
11:28:27	37.23	0.03	21	78183	买盘
11:28:22	37.2	-0.03	12	44640	卖盘
11:28:17	37.23	--	36	134028	买盘
11:28:12	37.23	0.01	30	111689	买盘
11:28:07	37.22	0.02	77	286594	买盘
11:28:02	37.2	-0.02	58	215760	卖盘
11:27:57	37.22	0.02	45	167490	买盘
11:27:52	37.2	--	33	122760	买盘
11:27:47	37.2	0.01	62	230640	买盘
11:27:42	37.19	-0.01	141	524379	卖盘
11:27:37	37.2	--	257	956040	买盘
11:27:32	37.2	--	46	171120	买盘
11:27:27	37.2	0.01	46	171120	买盘
11:27:22	37.19	-0.01	36	133884	卖盘
11:27:17	37.2	--	81	301320	买盘
11:27:12	37.2	--	65	241800	买盘
11:27:07	37.2	0.01	45	167400	买盘
11:27:02	37.19	0.02	95	353305	买盘
11:26:57	37.17	-0.01	52	193284	卖盘
11:26:52	37.18	--	93	345774	买盘
11:26:47	37.18	0.01	19	70642	买盘
11:26:41	37.17	0.01	31	115227	买盘
11:26:37	37.16	-0.01	19	70604	中性盘
11:26:32	37.17	0.02	3	11151	买盘
11:26:27	37.15	--	38	141170	买盘
11:26:22	37.15	--	6	22290	买盘
11:26:17	37.15	0.03	54	200610	买盘
11:26:12	37.12	-0.01	1	3711	卖盘
11:26:06	37.13	0.01	12	44556	买盘
11:26:01	37.12	0.02	120	445439	买盘
11:25:57	37.1	--	26	96460	买盘
11:25:52	37.1	--	115	426650	卖盘
11:25:46	37.1	--	55	204050	买盘
11:25:42	37.1	--	198	734580	买盘
11:25:36	37.1	--	168	623280	买盘
11:25:31	37.1	0.01	165	612150	买盘
11:25:27	37.09	-0.01	63	233667	卖盘
11:25:21	37.1	0.01	37	137270	买盘
11:25:16	37.09	-0.01	159	589731	卖盘
11:25:11	37.1	0.02	133	493430	买盘
11:25:06	37.08	--	7	25956	卖盘
11:25:01	37.08	0.01	192	711936	买盘
11:24:56	37.07	--	29	107503	买盘
11:24:46	37.07	0.01	16	59312	买盘
11:24:41	37.06	0.01	46	170476	买盘
11:24:36	37.05	--	63	233414	买盘
11:24:31	37.05	--	62	229709	买盘
11:24:26	37.05	--	22	81510	买盘
11:24:21	37.05	--	25	92625	买盘
11:24:16	37.05	--	5	18525	买盘
11:24:11	37.05	--	3	11115	买盘
11:24:06	37.05	0.03	13	48164	买盘
11:24:01	37.02	--	198	732996	卖盘
11:23:56	37.02	--	51	188802	买盘
11:23:51	37.02	--	10	37020	买盘
11:23:46	37.02	0.01	9	33318	买盘
11:23:41	37.01	--	17	62917	卖盘
11:23:36	37.01	--	8	29608	卖盘
11:23:31	37.01	0.01	20	74020	买盘
11:23:26	37.0	--	1	3700	卖盘
11:23:21	37.0	--	9	33300	卖盘
11:23:16	37.0	--	43	161098	买盘
11:23:11	37.0	--	2	7400	买盘
11:23:06	37.0	--	2	7400	买盘
11:22:56	37.0	--	2	7400	买盘
11:22:51	37.0	0.01	13	48100	买盘
11:22:46	36.99	--	19	70281	卖盘
11:22:41	36.99	-0.01	13	48087	卖盘
11:22:36	37.0	--	5	18500	买盘
11:22:26	37.0	--	2	7400	买盘
11:22:21	37.0	0.01	15	55500	买盘
11:22:16	36.99	-0.01	50	184950	卖盘
11:22:11	37.0	--	17	62900	买盘
11:22:06	37.0	--	38	140600	买盘
11:22:01	37.0	--	9	33300	买盘
11:21:56	37.0	--	100	370000	买盘
11:21:51	37.0	--	46	170200	买盘
11:21:46	37.0	--	107	395900	买盘
11:21:41	37.0	--	5	18500	买盘
11:21:31	37.0	0.01	52	192400	买盘
11:21:26	36.99	-0.01	8	29592	卖盘
11:21:15	37.0	0.01	3	11100	买盘
11:21:11	36.99	0.01	18	66582	买盘
11:21:06	36.98	--	43	159014	卖盘
11:21:01	36.98	-0.02	6	22187	卖盘
11:20:55	37.0	0.02	106	392200	买盘
11:20:46	36.98	-0.02	6	22187	卖盘
11:20:41	37.0	--	19	70300	买盘
11:20:36	37.0	--	9	33300	买盘
11:20:31	37.0	0.02	14	51800	买盘
11:20:26	36.98	-0.02	1	3697	卖盘
11:20:21	37.0	0.01	20	74000	买盘
11:20:16	36.99	--	27	99873	买盘
11:20:11	36.99	-0.01	1	3699	中性盘
11:20:06	37.0	0.01	20	74000	买盘
11:20:01	36.99	--	30	110970	卖盘
11:19:56	36.99	--	9	33291	买盘
11:19:51	36.99	0.01	8	29592	买盘
11:19:46	36.98	-0.01	26	96147	卖盘
11:19:41	36.99	0.01	5	18495	买盘
11:19:36	36.98	-0.01	20	73960	卖盘
11:19:30	36.99	-0.01	11	40689	中性盘
11:19:25	37.0	0.01	5	18500	买盘
11:19:15	36.99	--	76	281124	买盘
11:19:10	36.99	--	6	22194	买盘
11:19:05	36.99	0.01	27	99873	买盘
11:19:00	36.98	-0.01	10	36980	卖盘
11:18:55	36.99	0.01	18	66582	买盘
11:18:51	36.98	--	22	81356	买盘
11:18:45	36.98	--	25	92449	买盘
11:18:40	36.98	0.01	29	107241	买盘
11:18:35	36.97	--	14	51758	卖盘
11:18:25	36.97	0.01	24	88728	买盘
11:18:20	36.96	--	18	66528	卖盘
11:18:15	36.96	0.01	2	7392	买盘
11:18:10	36.95	--	4	14780	卖盘
11:18:05	36.95	--	36	133020	买盘
11:18:00	36.95	--	7	25865	买盘
11:17:55	36.95	--	61	225395	买盘
11:17:50	36.95	--	28	103460	买盘
11:17:40	36.95	0.03	59	218005	买盘
11:17:35	36.92	-0.03	5	18460	卖盘
11:17:30	36.95	--	30	110850	买盘
11:17:25	36.95	0.04	276	1019820	买盘
11:17:20	36.91	-0.02	7	25836	卖盘
11:17:15	36.93	0.01	58	214194	买盘
11:17:10	36.92	0.01	10	36920	买盘
11:17:00	36.91	--	2	7381	买盘
11:16:55	36.91	0.01	51	188240	买盘
11:16:50	36.9	-0.01	11	40590	卖盘
11:16:45	36.91	--	25	92274	买盘
11:16:40	36.91	--	14	51673	买盘
11:16:35	36.91	--	22	81201	买盘
11:16:25	36.91	--	49	180858	买盘
11:16:20	36.91	--	12	44291	买盘
11:16:14	36.91	0.01	5	18455	买盘
11:16:10	36.9	-0.01	10	36900	卖盘
11:16:05	36.91	0.01	1	3690	买盘
11:16:00	36.9	-0.01	4	14760	卖盘
11:15:55	36.91	0.01	2	7381	买盘
11:15:50	36.9	--	13	47970	卖盘
11:15:45	36.9	0.03	69	254610	买盘
11:15:40	36.87	0.01	10	36870	买盘
11:15:35	36.86	-0.01	12	44232	卖盘
11:15:30	36.87	0.01	1	3686	买盘
11:15:20	36.86	-0.01	1	3686	卖盘
11:15:15	36.87	-0.01	3	11061	买盘
11:15:10	36.88	--	0	0	买盘
11:15:05	36.88	--	11	40568	买盘
11:15:00	36.88	--	70	258160	买盘
11:14:55	36.88	0.01	19	70072	买盘
11:14:50	36.87	-0.01	68	250715	中性盘
11:14:40	36.88	--	1	3688	买盘
11:14:35	36.88	--	48	177024	买盘
11:14:25	36.88	0.01	20	73760	买盘
11:14:20	36.87	-0.01	4	14747	卖盘
11:14:15	36.88	--	3	11064	买盘
11:14:10	36.88	0.01	2	7376	中性盘
11:14:05	36.87	-0.02	24	88488	卖盘
11:13:59	36.89	0.01	6	22134	买盘
11:13:54	36.88	-0.01	6	22128	卖盘
11:13:50	36.89	0.01	11	40579	买盘
11:13:45	36.88	--	13	47944	卖盘
11:13:39	36.88	-0.01	2	7376	卖盘
11:13:34	36.89	--	31	114359	买盘
11:13:30	36.89	--	21	77469	买盘
11:13:24	36.89	--	22	81158	买盘
11:13:20	36.89	--	2	7378	买盘
11:13:14	36.89	--	37	136493	卖盘
11:13:09	36.89	--	6	22134	卖盘
11:13:04	36.89	-0.01	7	25823	卖盘
11:13:00	36.9	--	2	7380	买盘
11:12:54	36.9	0.01	2	7380	中性盘
11:12:49	36.89	-0.01	9	33201	卖盘
11:12:40	36.9	--	22	81180	买盘
11:12:34	36.9	--	19	70110	买盘
11:12:30	36.9	--	8	29520	买盘
11:12:24	36.9	--	0	0	买盘
11:12:19	36.9	0.01	26	95940	买盘
11:12:14	36.89	--	3	11067	买盘
11:12:09	36.89	-0.01	14	51646	卖盘
11:12:04	36.9	--	37	136530	买盘
11:11:59	36.9	--	7	25830	买盘
11:11:54	36.9	--	13	47970	卖盘
11:11:49	36.9	-0.01	11	40590	买盘
11:11:44	36.91	--	30	110729	买盘
11:11:39	36.91	0.01	35	129184	买盘
11:11:34	36.9	-0.01	5	18450	卖盘
11:11:29	36.91	0.01	26	95965	买盘
11:11:19	36.9	0.01	5	18450	卖盘
11:11:14	36.89	--	0	0	卖盘
11:11:09	36.89	--	4	14756	卖盘
11:11:04	36.89	-0.02	1	3689	卖盘
11:10:59	36.91	0.03	90	332189	买盘
11:10:54	36.88	--	0	0	卖盘
11:10:49	36.88	-0.01	102	376176	卖盘
11:10:44	36.89	0.02	5	18445	买盘
11:10:39	36.87	--	29	106922	卖盘
11:10:34	36.87	0.01	2	7373	卖盘
11:10:29	36.86	-0.01	130	479180	卖盘
11:10:14	36.87	-0.01	57	210158	卖盘
11:10:09	36.88	0.01	11	40568	买盘
11:09:59	36.87	-0.01	12	44244	卖盘
11:09:49	36.88	-0.01	13	47944	中性盘
11:09:44	36.89	--	28	103292	买盘
11:09:34	36.89	--	17	62713	买盘
11:09:29	36.89	-0.01	116	427924	卖盘
11:09:24	36.9	--	1	3690	买盘
11:09:19	36.9	-0.01	23	84870	卖盘
11:09:04	36.91	-0.02	22	81201	卖盘
11:08:59	36.93	--	5	18465	卖盘
11:08:54	36.93	--	10	36930	买盘
11:08:49	36.93	0.01	56	206808	买盘
11:08:44	36.92	--	19	70148	卖盘
11:08:39	36.92	--	23	84916	卖盘
11:08:34	36.92	--	13	47996	卖盘
11:08:29	36.92	-0.01	21	77532	中性盘
11:08:23	36.93	0.01	10	36930	买盘
11:08:19	36.92	-0.01	1	3692	买盘
11:08:14	36.93	0.01	5	18465	买盘
11:08:04	36.92	--	17	62764	卖盘
11:07:59	36.92	--	16	59072	卖盘
11:07:54	36.92	0.01	2	7384	买盘
11:07:49	36.91	-0.01	2	7381	卖盘
11:07:44	36.92	0.01	10	36920	买盘
11:07:33	36.91	0.01	4	14763	买盘
11:07:29	36.9	0.03	14	51660	买盘
11:07:24	36.87	--	4	14747	卖盘
11:07:19	36.87	0.01	6	22122	卖盘
11:07:14	36.86	--	45	165870	买盘
11:07:08	36.86	--	0	0	买盘
11:07:03	36.86	-0.01	5	18430	买盘
11:06:58	36.87	0.04	2	7373	卖盘
11:06:53	36.83	--	0	0	卖盘
11:06:48	36.83	-0.04	123	453009	卖盘
11:06:43	36.87	--	8	29495	买盘
11:06:38	36.87	--	3	11061	买盘
11:06:33	36.87	--	5	18435	买盘
11:06:28	36.87	-0.03	34	125357	卖盘
11:06:24	36.9	--	5	18450	买盘
11:06:18	36.9	--	0	0	买盘
11:06:13	36.9	0.02	24	88560	买盘
11:06:09	36.88	-0.02	2	7376	卖盘
11:06:03	36.9	0.01	100	369000	买盘
11:05:58	36.89	--	46	169694	买盘
11:05:53	36.89	-0.01	137	505393	卖盘
11:05:48	36.9	--	7	25830	买盘
11:05:43	36.9	--	14	51660	买盘
11:05:38	36.9	0.01	6	22140	买盘
11:05:33	36.89	--	36	132804	卖盘
11:05:28	36.89	--	24	88536	卖盘
11:05:23	36.89	--	15	55335	卖盘
11:05:18	36.89	-0.01	2	7378	卖盘
11:05:13	36.9	--	21	77490	买盘
11:05:08	36.9	--	36	132840	买盘
11:05:03	36.9	0.01	10	36900	买盘
11:04:58	36.89	-0.01	32	118048	卖盘
11:04:53	36.9	0.01	7	25830	中性盘
11:04:48	36.89	-0.02	27	99603	卖盘
11:04:43	36.91	0.02	6	22145	买盘
11:04:38	36.89	0.01	28	103292	中性盘
11:04:33	36.88	-0.02	12	44256	卖盘
11:04:28	36.9	0.01	45	166050	买盘
11:04:23	36.89	--	32	118048	买盘
11:04:18	36.89	0.01	10	36890	买盘
11:04:12	36.88	-0.02	39	143832	卖盘
11:03:58	36.9	-0.02	54	199260	卖盘
11:03:53	36.92	--	33	121836	卖盘
11:03:43	36.92	-0.01	18	66456	卖盘
11:03:38	36.93	-0.02	13	48009	卖盘
11:03:28	36.95	-0.01	3	11085	卖盘
11:03:23	36.96	--	7	25872	买盘
11:03:18	36.96	-0.01	43	158928	卖盘
11:03:13	36.97	0.01	23	85031	买盘
11:03:08	36.96	-0.01	7	25872	卖盘
11:02:53	36.97	-0.01	7	25879	卖盘
11:02:48	36.98	--	6	22187	买盘
11:02:43	36.98	-0.01	88	325424	卖盘
11:02:38	36.99	--	21	77679	卖盘
11:02:33	36.99	--	9	33291	卖盘
11:02:28	36.99	0.03	38	140562	买盘
11:02:23	36.96	-0.03	66	243936	卖盘
11:02:17	36.99	--	12	44388	买盘
11:02:13	36.99	--	38	140562	卖盘
11:02:08	36.99	--	43	159057	买盘
11:02:03	36.99	0.03	1	3699	买盘
11:01:57	36.96	-0.03	37	136752	卖盘
11:01:53	36.99	--	10	36990	买盘
11:01:47	36.99	--	12	44388	买盘
11:01:42	36.99	--	19	70281	买盘
11:01:38	36.99	--	59	218241	买盘
11:01:28	36.99	--	2	7398	买盘
11:01:22	36.99	--	14	51786	卖盘
11:01:12	36.99	--	38	140562	买盘
11:01:08	36.99	0.02	41	151659	买盘
11:00:57	36.97	--	2	7394	买盘
11:00:53	36.97	0.01	68	251396	买盘
11:00:47	36.96	--	8	29568	卖盘
11:00:42	36.96	-0.01	12	44352	卖盘
11:00:38	36.97	0.01	6	22182	买盘
11:00:32	36.96	-0.01	8	29568	卖盘
11:00:27	36.97	0.01	49	181153	买盘
11:00:22	36.96	--	17	62832	卖盘
11:00:17	36.96	--	7	25872	买盘
11:00:12	36.96	--	6	22176	买盘
11:00:07	36.96	--	18	66528	卖盘
11:00:02	36.96	-0.01	22	81312	卖盘
10:59:57	36.97	0.02	23	85031	买盘
10:59:52	36.95	--	32	118240	卖盘
10:59:47	36.95	--	4	14780	卖盘
10:59:42	36.95	--	0	0	卖盘
10:59:37	36.95	--	48	177360	买盘
10:59:32	36.95	--	4	14780	买盘
10:59:22	36.95	0.04	12	44340	买盘
10:59:17	36.91	-0.04	4	14763	中性盘
10:59:12	36.95	--	0	0	买盘
10:59:07	36.95	--	202	746390	买盘
10:59:02	36.95	--	9	33255	买盘
10:58:57	36.95	--	2	7390	买盘
10:58:52	36.95	0.05	263	971785	买盘
10:58:47	36.9	--	18	66420	卖盘
10:58:42	36.9	--	17	62730	买盘
10:58:37	36.9	--	7	25830	买盘
10:58:32	36.9	0.02	4	14760	买盘
10:58:22	36.88	0.01	22	81136	买盘
10:58:17	36.87	-0.01	130	479309	卖盘
10:58:07	36.88	0.02	43	158584	买盘
10:58:02	36.86	-0.01	50	184300	卖盘
10:57:57	36.87	0.01	5	18435	买盘
10:57:52	36.86	--	5	18430	卖盘
10:57:42	36.86	0.01	7	25802	卖盘
10:57:36	36.85	-0.01	10	36850	卖盘
10:57:32	36.86	-0.01	5	18430	买盘
10:57:22	36.87	0.01	11	40557	买盘
10:57:17	36.86	--	4	14744	卖盘
10:57:11	36.86	0.01	2	7372	卖盘
10:57:06	36.85	--	5	18425	买盘
10:57:02	36.85	--	5	18425	卖盘
10:56:56	36.85	-0.02	10	36850	卖盘
10:56:51	36.87	0.06	18	66366	买盘
10:56:41	36.81	--	32	117792	卖盘
10:56:36	36.81	-0.04	48	176688	卖盘
10:56:32	36.85	0.05	20	73700	买盘
10:56:26	36.8	--	5	18400	卖盘
10:56:21	36.8	--	26	95679	卖盘
10:56:16	36.8	-0.03	11	40480	卖盘
10:56:11	36.83	0.03	1	3683	卖盘
10:56:06	36.8	0.03	4	14719	买盘
10:56:02	36.77	-0.03	38	139726	卖盘
10:55:56	36.8	--	29	106719	买盘
10:55:51	36.8	--	36	132480	买盘
10:55:46	36.8	--	10	36800	买盘
10:55:41	36.8	--	3	11040	买盘
10:55:36	36.8	-0.05	238	875839	卖盘
10:55:32	36.85	-0.03	7	25795	卖盘
10:55:21	36.88	0.02	11	40568	买盘
10:55:16	36.86	-0.01	10	36860	卖盘
10:55:11	36.87	-0.02	13	47931	卖盘
10:55:06	36.89	--	12	44268	卖盘
10:55:02	36.89	--	4	14756	买盘
10:54:56	36.89	--	5	18445	卖盘
10:54:51	36.89	0.01	46	169694	中性盘
10:54:46	36.88	-0.01	30	110640	卖盘
10:54:41	36.89	-0.01	57	210273	卖盘
10:54:36	36.9	0.01	2	7380	买盘
10:54:31	36.89	-0.01	22	81158	卖盘
10:54:21	36.9	0.01	16	59040	买盘
10:54:16	36.89	-0.01	38	140182	卖盘
10:54:11	36.9	--	27	99630	卖盘
10:54:06	36.9	-0.02	22	81180	卖盘
10:54:01	36.92	-0.02	1	3692	买盘
10:53:56	36.94	--	0	0	买盘
10:53:51	36.94	0.05	19	70186	买盘
10:53:41	36.89	--	0	0	卖盘
10:53:36	36.89	--	27	99603	卖盘
10:53:31	36.89	-0.01	24	88536	卖盘
10:53:26	36.9	-0.03	32	118080	卖盘
10:53:16	36.93	0.01	10	36930	买盘
10:53:11	36.92	-0.05	3	11076	卖盘
10:53:06	36.97	--	0	0	买盘
10:53:01	36.97	0.05	61	225517	买盘
10:52:56	36.92	-0.02	8	29536	卖盘
10:52:46	36.94	-0.04	14	51716	卖盘
10:52:41	36.98	0.01	8	29583	买盘
10:52:36	36.97	--	2	7394	卖盘
10:52:31	36.97	-0.01	12	44364	卖盘
10:52:26	36.98	--	19	70262	卖盘
10:52:21	36.98	--	5	18490	卖盘
10:52:16	36.98	--	5	18490	卖盘
10:52:11	36.98	-0.01	33	122033	卖盘
10:52:06	36.99	--	25	92475	卖盘
10:52:00	36.99	--	7	25893	卖盘
10:51:56	36.99	-0.01	57	210843	卖盘
10:51:51	37.0	--	78	288600	买盘
10:51:46	37.0	0.01	2	7400	买盘
10:51:41	36.99	--	44	162756	卖盘
10:51:36	36.99	-0.01	12	44388	卖盘
10:51:30	37.0	0.01	18	66600	买盘
10:51:26	36.99	--	5	18495	卖盘
10:51:21	36.99	--	3	11097	买盘
10:51:11	36.99	--	16	59184	买盘
10:51:06	36.99	0.01	27	99873	买盘
10:51:00	36.98	0.01	24	88751	买盘
10:50:56	36.97	-0.01	9	33273	卖盘
10:50:50	36.98	--	10	36980	买盘
10:50:45	36.98	0.01	35	129429	买盘
10:50:41	36.97	--	9	33273	买盘
10:50:30	36.97	--	152	561944	买盘
10:50:26	36.97	0.03	11	40667	买盘
10:50:15	36.94	0.03	49	181006	买盘
10:50:11	36.91	-0.03	3	11072	中性盘
10:50:05	36.94	0.01	17	62797	买盘
10:50:00	36.93	0.03	2	7386	中性盘
10:49:56	36.9	--	0	0	卖盘
10:49:50	36.9	--	6	22140	买盘
10:49:45	36.9	0.01	8	29520	买盘
10:49:40	36.89	--	2	7378	卖盘
10:49:35	36.89	--	5	18445	卖盘
10:49:30	36.89	0.01	33	121737	买盘
10:49:26	36.88	--	28	103264	卖盘
10:49:15	36.88	--	103	379864	买盘
10:49:11	36.88	0.02	2	7376	买盘
10:49:05	36.86	--	15	55290	卖盘
10:49:00	36.86	-0.02	19	70034	卖盘
10:48:56	36.88	-0.01	22	81136	买盘
10:48:45	36.89	0.01	39	143871	买盘
10:48:40	36.88	--	12	44256	卖盘
10:48:35	36.88	--	2	7376	卖盘
10:48:30	36.88	0.03	30	110640	买盘
10:48:25	36.85	-0.03	26	95810	卖盘
10:48:15	36.88	--	99	365112	买盘
10:48:10	36.88	--	28	103264	卖盘
10:48:05	36.88	--	4	14752	买盘
10:47:55	36.88	0.03	10	36880	买盘
10:47:50	36.85	--	7	25795	卖盘
10:47:45	36.85	--	26	95810	买盘
10:47:40	36.85	0.01	5	18425	买盘
10:47:35	36.84	-0.05	5	18420	卖盘
10:47:30	36.89	0.04	8	29512	买盘
10:47:25	36.85	--	6	22110	卖盘
10:47:20	36.85	--	3	11055	卖盘
10:47:15	36.85	-0.04	9	33165	卖盘
10:47:10	36.89	0.03	6	22134	买盘
10:47:05	36.86	-0.08	49	180614	卖盘
10:46:55	36.94	-0.01	36	132984	卖盘
10:46:50	36.95	-0.02	36	133020	卖盘
10:46:45	36.97	-0.01	16	59152	卖盘
10:46:35	36.98	-0.01	2	7395	卖盘
10:46:30	36.99	--	33	123361	卖盘
10:46:25	36.99	--	73	270027	卖盘
10:46:20	36.99	-0.01	53	196047	卖盘
10:46:15	37.0	--	4	14800	买盘
10:46:10	37.0	--	48	179302	卖盘
10:46:05	37.0	-0.01	64	238798	卖盘
10:46:00	37.01	0.01	182	673582	买盘
10:45:55	37.0	--	57	210900	卖盘
10:45:50	37.0	-0.01	3	11100	卖盘
10:45:45	37.01	0.01	17	62917	中性盘
10:45:40	37.0	-0.01	18	66600	卖盘
10:45:35	37.01	0.01	28	103628	中性盘
10:45:30	37.0	-0.04	100	370000	卖盘
10:45:24	37.04	0.02	20	74080	买盘
10:45:20	37.02	-0.02	2	7404	中性盘
10:45:15	37.04	-0.01	99	366696	卖盘
10:45:09	37.05	0.01	28	103739	买盘
10:45:05	37.04	-0.03	38	140752	中性盘
10:45:00	37.07	--	64	237248	买盘
10:44:54	37.07	0.06	160	593120	买盘
10:44:50	37.01	--	11	40711	卖盘
10:44:45	37.01	--	37	136937	卖盘
10:44:39	37.01	-0.03	33	122133	卖盘
10:44:34	37.04	-0.01	26	96304	买盘
10:44:29	37.05	-0.02	17	62984	买盘
10:44:24	37.07	0.02	61	226127	买盘
10:44:20	37.05	-0.02	112	414959	卖盘
10:44:14	37.07	--	13	48191	买盘
10:44:09	37.07	-0.01	77	285439	卖盘
10:44:05	37.08	0.01	97	359676	买盘
10:43:59	37.07	--	24	88968	买盘
10:43:54	37.07	0.02	30	111210	买盘
10:43:50	37.05	--	60	222299	卖盘
10:43:44	37.05	--	12	44460	卖盘
10:43:39	37.05	--	91	337155	中性盘
10:43:35	37.05	-0.01	21	77805	中性盘
10:43:29	37.06	0.02	18	66708	买盘
10:43:24	37.04	-0.02	33	122232	中性盘
10:43:20	37.06	0.06	13	48178	买盘
10:43:09	37.0	--	27	99900	卖盘
10:43:05	37.0	--	111	410700	卖盘
10:42:59	37.0	0.01	57	210900	买盘
10:42:54	36.99	-0.01	153	565947	卖盘
10:42:49	37.0	0.01	51	188700	买盘
10:42:44	36.99	--	73	270027	卖盘
10:42:39	36.99	--	141	521559	卖盘
10:42:34	36.99	--	233	861867	卖盘
10:42:29	36.99	--	147	543753	卖盘
10:42:24	36.99	--	48	177552	卖盘
10:42:19	36.99	0.04	147	546157	买盘
10:42:14	36.95	-0.02	68	251260	卖盘
10:42:09	36.97	-0.01	26	96122	中性盘
10:42:05	36.98	--	23	85054	买盘
10:41:59	36.98	--	11	40678	买盘
10:41:54	36.98	--	103	380893	买盘
10:41:49	36.98	0.02	86	318028	买盘
10:41:44	36.96	-0.01	41	151536	卖盘
10:41:39	36.97	0.01	79	292063	买盘
10:41:34	36.96	0.02	114	421344	买盘
10:41:29	36.94	-0.01	20	73880	卖盘
10:41:24	36.95	0.02	76	280820	买盘
10:41:19	36.93	-0.01	2	7386	卖盘
10:41:14	36.94	0.01	22	81268	买盘
10:41:09	36.93	--	53	195729	买盘
10:41:04	36.93	0.03	57	210501	买盘
10:40:59	36.9	--	1	3690	卖盘
10:40:54	36.9	--	8	29520	卖盘
10:40:49	36.9	--	34	125460	买盘
10:40:44	36.9	--	9	33210	买盘
10:40:39	36.9	--	60	221400	买盘
10:40:34	36.9	0.01	12	44280	买盘
10:40:29	36.89	--	1	3689	卖盘
10:40:24	36.89	--	10	36890	买盘
10:40:19	36.89	0.01	16	59024	买盘
10:40:14	36.88	-0.01	6	22128	卖盘
10:40:09	36.89	--	19	70091	买盘
10:40:04	36.89	0.01	6	22134	买盘
10:39:59	36.88	--	5	18440	卖盘
10:39:54	36.88	--	3	11064	卖盘
10:39:49	36.88	0.02	50	184400	买盘
10:39:44	36.86	0.01	60	221160	买盘
10:39:39	36.85	--	0	0	卖盘
10:39:34	36.85	-0.03	48	176880	卖盘
10:39:29	36.88	0.04	19	70072	买盘
10:39:24	36.84	--	8	29472	买盘
10:39:19	36.84	--	110	405240	卖盘
10:39:14	36.84	-0.01	44	162096	卖盘
10:39:09	36.85	--	10	36850	买盘
10:39:04	36.85	--	89	327965	买盘
10:38:59	36.85	0.01	57	210045	买盘
10:38:54	36.84	--	5	18420	卖盘
10:38:49	36.84	0.01	12	44208	中性盘
10:38:44	36.83	-0.01	115	423545	卖盘
10:38:39	36.84	--	2	7368	卖盘
10:38:34	36.84	--	9	33156	买盘
10:38:29	36.84	--	92	338928	买盘
10:38:23	36.84	--	11	40524	买盘
10:38:18	36.84	--	39	143676	买盘
10:38:14	36.84	-0.01	38	139992	卖盘
10:38:08	36.85	--	24	88440	买盘
10:38:04	36.85	--	62	228470	买盘
10:37:59	36.85	--	116	427460	买盘
10:37:53	36.85	--	2	7370	买盘
10:37:48	36.85	--	62	228470	买盘
10:37:44	36.85	--	81	298485	买盘
10:37:38	36.85	--	3	11055	买盘
10:37:33	36.85	-0.02	58	213730	卖盘
10:37:29	36.87	0.02	19	70053	买盘
10:37:23	36.85	--	12	44220	卖盘
10:37:18	36.85	0.01	22	81070	买盘
10:37:13	36.84	0.01	35	128940	买盘
10:37:08	36.83	--	52	191516	卖盘
10:37:03	36.83	-0.02	172	633476	卖盘
10:36:58	36.85	--	80	294800	买盘
10:36:53	36.85	0.02	20	73700	买盘
10:36:48	36.83	-0.02	7	25781	卖盘
10:36:43	36.85	--	67	246895	买盘
10:36:33	36.85	0.01	48	176880	买盘
10:36:28	36.84	--	26	95784	卖盘
10:36:23	36.84	-0.01	40	147360	卖盘
10:36:18	36.85	0.01	20	73700	买盘
10:36:14	36.84	-0.01	4	14736	买盘
10:36:08	36.85	0.01	38	140030	买盘
10:36:03	36.84	0.01	11	40524	买盘
10:35:58	36.83	-0.02	143	526669	卖盘
10:35:53	36.85	0.01	96	353760	买盘
10:35:48	36.84	--	56	206304	卖盘
10:35:43	36.84	--	10	36840	卖盘
10:35:38	36.84	--	31	114204	卖盘
10:35:33	36.84	0.01	50	184200	买盘
10:35:28	36.83	--	36	132588	卖盘
10:35:23	36.83	--	41	151003	卖盘
10:35:18	36.83	0.01	110	405130	买盘
10:35:13	36.82	-0.02	17	62594	卖盘
10:35:08	36.84	0.01	25	92100	买盘
10:35:03	36.83	--	21	77343	买盘
10:34:58	36.83	--	30	110490	卖盘
10:34:53	36.83	--	8	29464	卖盘
10:34:48	36.83	-0.01	12	44196	卖盘
10:34:43	36.84	0.01	10	36840	买盘
10:34:33	36.83	--	30	110490	买盘
10:34:28	36.83	-0.01	5	18415	中性盘
10:34:22	36.84	0.01	16	58944	买盘
10:34:18	36.83	-0.01	13	47879	卖盘
10:34:13	36.84	0.01	105	386820	买盘
10:34:08	36.83	--	15	55245	卖盘
10:34:03	36.83	--	7	25781	卖盘
10:33:58	36.83	0.01	23	84709	中性盘
10:33:52	36.82	-0.01	44	162008	卖盘
10:33:48	36.83	0.01	39	143637	买盘
10:33:43	36.82	--	20	73640	卖盘
10:33:37	36.82	--	21	77322	卖盘
10:33:33	36.82	--	5	18410	卖盘
10:33:28	36.82	--	28	103096	卖盘
10:33:23	36.82	--	33	121506	卖盘
10:33:18	36.82	--	52	191464	卖盘
10:33:13	36.82	--	3	11046	卖盘
10:33:08	36.82	--	9	33138	卖盘
10:33:03	36.82	--	24	88368	买盘
10:32:58	36.82	-0.01	18	66276	中性盘
10:32:52	36.83	--	27	99441	买盘
10:32:48	36.83	0.01	8	29464	买盘
10:32:43	36.82	--	35	128870	卖盘
10:32:37	36.82	-0.01	5	18410	卖盘
10:32:33	36.83	--	1	3683	买盘
10:32:27	36.83	0.02	11	40513	买盘
10:32:22	36.81	-0.03	21	77301	卖盘
10:32:13	36.84	0.02	11	40524	买盘
10:32:08	36.82	-0.02	14	51548	卖盘
10:32:02	36.84	0.02	17	62628	买盘
10:31:57	36.82	-0.02	3	11046	中性盘
10:31:52	36.84	0.02	20	73680	买盘
10:31:48	36.82	-0.02	11	40502	卖盘
10:31:42	36.84	--	5	18420	买盘
10:31:32	36.84	0.02	4	14736	买盘
10:31:27	36.82	-0.02	38	139916	卖盘
10:31:22	36.84	--	22	81048	卖盘
10:31:12	36.84	0.02	126	464184	买盘
10:31:07	36.82	--	29	106778	卖盘
10:31:02	36.82	-0.01	20	73640	买盘
10:30:57	36.83	--	42	154686	买盘
10:30:52	36.83	0.03	40	147320	买盘
10:30:47	36.8	--	0	0	卖盘
10:30:42	36.8	-0.03	10	36800	卖盘
10:30:37	36.83	0.03	19	69977	买盘
10:30:32	36.8	0.02	10	36800	买盘
10:30:27	36.78	--	17	62526	卖盘
10:30:22	36.78	--	3	11034	卖盘
10:30:17	36.78	0.01	14	51492	卖盘
10:30:07	36.77	-0.01	14	51478	卖盘
10:30:02	36.78	--	16	58848	买盘
10:29:57	36.78	0.01	9	33102	买盘
10:29:52	36.77	--	1	3677	卖盘
10:29:47	36.77	0.05	25	91925	买盘
10:29:42	36.72	0.01	5	18360	买盘
10:29:37	36.71	--	18	66078	卖盘
10:29:32	36.71	--	12	44052	卖盘
10:29:27	36.71	-0.01	23	84433	卖盘
10:29:22	36.72	0.01	1	3672	卖盘
10:29:17	36.71	--	0	0	卖盘
10:29:12	36.71	--	5	18355	卖盘
10:29:07	36.71	--	20	73420	买盘
10:29:02	36.71	-0.05	7	25697	卖盘
10:28:57	36.76	0.06	6	22056	买盘
10:28:52	36.7	--	0	0	卖盘
10:28:47	36.7	-0.01	5	18350	卖盘
10:28:42	36.71	0.01	10	36710	买盘
10:28:37	36.7	--	1	3670	买盘
10:28:32	36.7	0.03	9	33030	买盘
10:28:27	36.67	-0.03	30	110010	中性盘
10:28:22	36.7	0.03	21	77070	买盘
10:28:17	36.67	--	8	29336	买盘
10:28:12	36.67	-0.04	130	476710	卖盘
10:28:07	36.71	0.01	1	3671	买盘
10:28:02	36.7	--	13	47710	卖盘
10:27:57	36.7	0.02	7	25690	中性盘
10:27:52	36.68	-0.02	8	29344	卖盘
10:27:47	36.7	--	6	22020	买盘
10:27:42	36.7	--	24	88080	卖盘
10:27:37	36.7	--	0	0	卖盘
10:27:31	36.7	-0.01	32	117440	卖盘
10:27:27	36.71	0.01	2	7342	卖盘
10:27:22	36.7	--	0	0	卖盘
10:27:16	36.7	-0.09	14	51380	卖盘
10:27:12	36.79	--	4	14716	买盘
10:27:07	36.79	-0.04	12	44148	买盘
10:27:01	36.83	0.03	3	11049	买盘
10:26:57	36.8	--	2	7359	买盘
10:26:52	36.8	-0.04	36	132480	卖盘
10:26:46	36.84	0.01	29	106836	买盘
10:26:42	36.83	0.13	8	29464	买盘
10:26:37	36.7	-0.13	249	913830	卖盘
10:26:31	36.83	-0.01	5	18415	卖盘
10:26:27	36.84	--	20	73680	卖盘
10:26:22	36.84	0.01	61	224724	买盘
10:26:16	36.83	-0.01	10	36830	卖盘
10:26:12	36.84	-0.01	58	213672	卖盘
10:26:06	36.85	--	18	66330	买盘
10:26:01	36.85	0.01	98	361130	买盘
10:25:57	36.84	-0.01	45	165780	卖盘
10:25:51	36.85	--	31	114235	买盘
10:25:46	36.85	0.01	96	353760	买盘
10:25:42	36.84	-0.01	17	62628	卖盘
10:25:36	36.85	0.01	18	66330	买盘
10:25:31	36.84	--	5	18420	卖盘
10:25:21	36.84	0.01	40	147360	买盘
10:25:11	36.83	--	4	14732	卖盘
10:25:06	36.83	0.05	25	92075	买盘
10:25:01	36.78	-0.02	37	136086	卖盘
10:24:56	36.8	0.02	34	125119	买盘
10:24:51	36.78	--	23	84594	卖盘
10:24:46	36.78	-0.01	9	33102	买盘
10:24:41	36.79	0.01	26	95654	买盘
10:24:36	36.78	--	107	393546	买盘
10:24:31	36.78	-0.01	61	224358	卖盘
10:24:26	36.79	0.01	3	11037	买盘
10:24:21	36.78	--	52	191256	卖盘
10:24:16	36.78	0.01	23	84594	卖盘
10:24:11	36.77	--	0	0	卖盘
10:24:06	36.77	-0.01	62	227974	中性盘
10:24:01	36.78	--	84	308952	买盘
10:23:56	36.78	--	106	389868	买盘
10:23:51	36.78	--	45	165510	买盘
10:23:46	36.78	0.03	79	290562	买盘
10:23:41	36.75	-0.03	9	33075	卖盘
10:23:36	36.78	-0.02	37	136086	卖盘
10:23:31	36.8	--	1	3679	买盘
10:23:26	36.8	--	15	55199	买盘
10:23:21	36.8	--	49	180320	买盘
10:23:16	36.8	0.01	16	58879	买盘
10:23:11	36.79	--	54	198666	买盘
10:23:06	36.79	--	3	11037	买盘
10:23:01	36.79	0.06	2	7358	买盘
10:22:56	36.73	--	9	33057	卖盘
10:22:46	36.73	0.01	14	51421	中性盘
10:22:41	36.72	-0.06	18	66096	卖盘
10:22:36	36.78	0.06	13	47814	买盘
10:22:31	36.72	--	25	91800	买盘
10:22:26	36.72	--	119	436968	卖盘
10:22:21	36.72	--	6	22032	卖盘
10:22:16	36.72	--	18	66096	卖盘
10:22:11	36.72	-0.01	1	3672	卖盘
10:22:06	36.73	0.01	9	33057	买盘
10:22:01	36.72	0.02	1	3672	买盘
10:21:56	36.7	--	9	33030	卖盘
10:21:51	36.7	0.02	48	176160	买盘
10:21:46	36.68	--	21	77028	卖盘
10:21:41	36.68	--	5	18340	卖盘
10:21:36	36.68	--	12	44016	买盘
10:21:31	36.68	-0.02	86	315448	卖盘
10:21:26	36.7	0.02	22	80740	买盘
10:21:21	36.68	--	0	0	卖盘
10:21:16	36.68	--	10	36680	卖盘
10:21:10	36.68	--	39	143052	卖盘
10:21:06	36.68	--	24	88032	卖盘
10:21:01	36.68	-0.02	25	91700	卖盘
10:20:55	36.7	--	8	29360	买盘
10:20:51	36.7	0.02	3	11010	买盘
10:20:46	36.68	-0.01	22	80696	卖盘
10:20:40	36.69	-0.01	36	132084	卖盘
10:20:36	36.7	0.01	20	73400	卖盘
10:20:31	36.69	-0.01	47	172443	卖盘
10:20:25	36.7	--	11	40370	卖盘
10:20:21	36.7	--	20	73400	卖盘
10:20:16	36.7	-0.01	56	205520	卖盘
10:20:10	36.71	--	12	44052	买盘
10:20:06	36.71	-0.01	43	157853	卖盘
10:20:01	36.72	0.01	34	124848	买盘
10:19:55	36.71	--	22	80762	卖盘
10:19:51	36.71	-0.02	10	36710	卖盘
10:19:46	36.73	0.02	21	77133	买盘
10:19:40	36.71	--	48	176208	买盘
10:19:36	36.71	-0.01	8	29368	买盘
10:19:31	36.72	-0.03	10	36720	卖盘
10:19:25	36.75	0.02	44	161700	买盘
10:19:20	36.73	--	7	25710	中性盘
10:19:16	36.73	-0.01	13	47748	卖盘
10:19:10	36.74	0.04	89	326986	买盘
10:19:06	36.7	-0.03	49	179830	卖盘
10:19:00	36.73	--	2	7345	买盘
10:18:55	36.73	-0.01	53	194668	卖盘
10:18:50	36.74	0.01	12	44088	买盘
10:18:45	36.73	-0.05	5	18365	卖盘
10:18:40	36.78	0.03	17	62526	买盘
10:18:30	36.75	-0.04	87	319725	卖盘
10:18:25	36.79	--	29	106691	买盘
10:18:20	36.79	--	1	3679	卖盘
10:18:15	36.79	-0.01	17	62543	卖盘
10:18:10	36.8	--	3	11040	买盘
10:18:05	36.8	--	11	40480	卖盘
10:18:00	36.8	--	79	290720	卖盘
10:17:55	36.8	--	13	47839	卖盘
10:17:50	36.8	--	47	172960	卖盘
10:17:45	36.8	-0.01	150	552000	卖盘
10:17:40	36.81	0.01	14	51534	买盘
10:17:35	36.8	-0.01	2	7359	卖盘
10:17:30	36.81	-0.01	11	40491	卖盘
10:17:25	36.82	0.01	42	154644	买盘
10:17:20	36.81	-0.01	33	121473	卖盘
10:17:15	36.82	--	7	25774	买盘
10:17:10	36.82	-0.01	16	58912	中性盘
10:17:05	36.83	--	8	29464	买盘
10:17:00	36.83	-0.01	82	302006	中性盘
10:16:55	36.84	0.01	14	51576	买盘
10:16:50	36.83	--	19	69977	卖盘
10:16:45	36.83	--	31	114173	卖盘
10:16:40	36.83	--	16	58928	卖盘
10:16:35	36.83	--	22	81026	卖盘
10:16:30	36.83	0.02	56	206248	买盘
10:16:25	36.81	-0.01	21	77301	卖盘
10:16:20	36.82	--	11	40502	买盘
10:16:15	36.82	--	9	33138	买盘
10:16:10	36.82	-0.03	39	143598	卖盘
10:16:05	36.85	--	0	0	买盘
10:16:00	36.85	--	18	66330	买盘
10:15:55	36.85	--	15	55275	买盘
10:15:50	36.85	0.02	74	272690	买盘
10:15:45	36.83	-0.02	32	117856	卖盘
10:15:40	36.85	--	77	283745	买盘
10:15:35	36.85	--	22	81070	买盘
10:15:30	36.85	0.01	29	106865	买盘
10:15:25	36.84	0.02	58	213672	买盘
10:15:20	36.82	-0.02	15	55230	卖盘
10:15:15	36.84	-0.01	59	217356	中性盘
10:15:10	36.85	0.02	8	29480	买盘
10:15:05	36.83	--	10	36830	卖盘
10:15:00	36.83	-0.01	28	103124	卖盘
10:14:55	36.84	0.04	48	176832	买盘
10:14:50	36.8	-0.04	35	128799	卖盘
10:14:45	36.84	0.04	73	268932	买盘
10:14:40	36.8	--	8	29439	卖盘
10:14:34	36.8	--	45	165600	卖盘
10:14:30	36.8	--	19	69920	卖盘
10:14:25	36.8	--	13	47839	卖盘
10:14:19	36.8	0.05	12	44160	买盘
10:14:15	36.75	-0.05	54	198450	卖盘
10:14:10	36.8	--	36	132480	买盘
10:14:04	36.8	--	57	209759	买盘
10:14:00	36.8	0.05	10	36800	买盘
10:13:55	36.75	-0.05	93	341775	卖盘
10:13:49	36.8	0.03	12	44160	买盘
10:13:45	36.77	-0.02	9	33093	卖盘
10:13:40	36.79	--	36	132444	买盘
10:13:34	36.79	0.02	21	77259	买盘
10:13:30	36.77	-0.01	2	7354	卖盘
10:13:24	36.78	-0.02	8	29424	中性盘
10:13:19	36.8	--	13	47839	买盘
10:13:15	36.8	--	1	3679	买盘
10:13:10	36.8	-0.1	187	688160	卖盘
10:13:04	36.9	--	0	0	买盘
10:13:00	36.9	-0.02	6	22140	买盘
10:12:54	36.92	0.02	47	173524	买盘
10:12:49	36.9	-0.03	9	33210	卖盘
10:12:44	36.93	0.07	40	147720	买盘
10:12:39	36.86	-0.09	28	103208	卖盘
10:12:34	36.95	0.01	53	195835	买盘
10:12:29	36.94	-0.01	58	214252	买盘
10:12:24	36.95	--	54	199530	卖盘
10:12:19	36.95	0.01	53	195835	买盘
10:12:14	36.94	-0.04	39	144066	卖盘
10:12:09	36.98	0.03	92	340216	买盘
10:12:04	36.95	--	495	1830318	卖盘
10:11:59	36.95	-0.01	43	161286	卖盘
10:11:54	36.96	0.04	52	192192	买盘
10:11:49	36.92	-0.01	116	428272	卖盘
10:11:44	36.93	-0.02	1	3693	卖盘
10:11:39	36.95	0.03	70	258650	买盘
10:11:34	36.92	0.02	17	62764	买盘
10:11:29	36.9	-0.02	20	73800	卖盘
10:11:24	36.92	0.02	35	129220	买盘
10:11:19	36.9	0.05	169	623610	买盘
10:11:14	36.85	-0.01	13	47905	卖盘
10:11:09	36.86	0.01	34	125324	买盘
10:11:04	36.85	0.01	43	158455	买盘
10:10:59	36.84	--	0	0	中性盘
10:10:54	36.84	0.02	67	246828	买盘
10:10:49	36.82	--	21	77322	卖盘
10:10:44	36.82	0.02	53	195146	买盘
10:10:39	36.8	--	33	121439	卖盘
10:10:34	36.8	--	35	128799	买盘
10:10:29	36.8	0.03	88	323840	买盘
10:10:24	36.77	--	68	250036	卖盘
10:10:19	36.77	0.01	60	220620	中性盘
10:10:14	36.76	--	10	36760	卖盘
10:10:09	36.76	--	138	507288	卖盘
10:10:04	36.76	-0.01	82	301432	卖盘
10:09:59	36.77	0.02	16	58832	买盘
10:09:54	36.75	-0.01	4	14700	卖盘
10:09:49	36.76	0.02	32	117632	买盘
10:09:39	36.74	-0.01	18	66132	卖盘
10:09:34	36.75	0.02	29	106575	买盘
10:09:29	36.73	--	9	33057	卖盘
10:09:24	36.73	--	4	14691	卖盘
10:09:19	36.73	0.02	13	47748	买盘
10:09:14	36.71	0.01	23	84433	买盘
10:09:09	36.7	-0.01	35	128450	卖盘
10:09:04	36.71	--	74	271654	卖盘
10:08:59	36.71	0.01	11	40381	买盘
10:08:54	36.7	0.04	155	568850	买盘
10:08:49	36.66	-0.02	53	194297	卖盘
10:08:44	36.68	--	9	33012	买盘
10:08:39	36.68	0.04	29	108279	买盘
10:08:34	36.64	--	137	503726	卖盘
10:08:28	36.64	-0.02	12	43968	卖盘
10:08:24	36.66	0.01	66	243862	买盘
10:08:19	36.65	--	29	106285	买盘
10:08:13	36.65	0.02	12	43980	买盘
10:08:09	36.63	--	17	62271	卖盘
10:08:04	36.63	0.01	10	36630	买盘
10:07:58	36.62	0.01	12	43944	买盘
10:07:54	36.61	0.01	9	32949	中性盘
10:07:49	36.6	0.02	123	450180	买盘
10:07:43	36.58	-0.02	60	219480	卖盘
10:07:39	36.6	0.03	23	84180	买盘
10:07:34	36.57	-0.01	64	234048	卖盘
10:07:28	36.58	--	39	142662	买盘
10:07:24	36.58	0.02	46	168268	买盘
10:07:19	36.56	-0.02	29	106024	卖盘
10:07:13	36.58	--	22	80476	买盘
10:07:09	36.58	0.02	2	7316	买盘
10:07:03	36.56	-0.02	46	168176	卖盘
10:06:58	36.58	-0.02	41	149978	卖盘
10:06:54	36.6	--	3	10980	买盘
10:06:48	36.6	--	74	270840	买盘
10:06:43	36.6	-0.01	73	267180	卖盘
10:06:39	36.61	0.01	112	410032	买盘
10:06:33	36.6	-0.02	286	1046760	卖盘
10:06:28	36.62	0.01	111	406482	买盘
10:06:23	36.61	-0.01	110	402710	卖盘
10:06:18	36.62	0.01	269	985077	买盘
10:06:13	36.61	-0.01	50	183050	卖盘
10:06:08	36.62	0.01	30	109859	买盘
10:06:03	36.61	-0.01	20	73220	卖盘
10:05:58	36.62	--	15	54929	中性盘
10:05:53	36.62	-0.03	24	89645	卖盘
10:05:48	36.65	--	25	92907	卖盘
10:05:43	36.65	-0.01	165	604725	卖盘
10:05:38	36.66	--	21	76986	卖盘
10:05:33	36.66	--	91	333605	卖盘
10:05:28	36.66	-0.01	43	157637	卖盘
10:05:23	36.67	-0.03	15	55005	卖盘
10:05:18	36.7	0.03	92	337640	买盘
10:05:13	36.67	-0.03	100	366700	卖盘
10:05:08	36.7	0.02	97	355990	买盘
10:05:03	36.68	-0.02	114	418152	卖盘
10:04:58	36.7	--	45	165150	卖盘
10:04:53	36.7	-0.03	37	135790	卖盘
10:04:48	36.73	0.02	36	132228	买盘
10:04:43	36.71	-0.03	274	1005854	卖盘
10:04:38	36.74	--	7	25718	买盘
10:04:33	36.74	--	29	106546	卖盘
10:04:28	36.74	-0.03	165	606210	卖盘
10:04:23	36.77	0.02	73	268421	中性盘
10:04:18	36.75	-0.03	57	209475	卖盘
10:04:13	36.78	0.01	69	253782	买盘
10:04:08	36.77	-0.01	42	154434	中性盘
10:04:03	36.78	-0.01	172	632616	卖盘
10:03:58	36.79	--	13	47827	卖盘
10:03:53	36.79	0.01	6	22074	卖盘
10:03:48	36.78	--	132	485496	卖盘
10:03:43	36.78	--	113	415614	卖盘
10:03:38	36.78	0.01	11	40458	买盘
10:03:33	36.77	0.02	69	253713	卖盘
10:03:28	36.75	--	39	143325	卖盘
10:03:23	36.75	0.01	8	29400	卖盘
10:03:18	36.74	--	25	91850	卖盘
10:03:13	36.74	--	126	462924	买盘
10:03:08	36.74	--	29	106546	买盘
10:03:03	36.74	0.03	60	220440	买盘
10:02:58	36.71	--	13	47723	卖盘
10:02:53	36.71	--	3	11013	卖盘
10:02:48	36.71	0.01	37	135827	买盘
10:02:43	36.7	--	10	36700	买盘
10:02:38	36.7	0.03	28	102760	买盘
10:02:33	36.67	-0.01	46	168682	卖盘
10:02:28	36.68	0.01	106	388808	买盘
10:02:23	36.67	0.01	36	132012	卖盘
10:02:18	36.66	-0.01	35	128309	卖盘
10:02:13	36.67	0.01	43	157681	买盘
10:02:07	36.66	--	135	494909	卖盘
10:02:03	36.66	-0.01	36	131976	卖盘
10:01:58	36.67	-0.01	145	531715	卖盘
10:01:52	36.68	--	51	187068	买盘
10:01:48	36.68	--	13	47684	卖盘
10:01:43	36.68	--	132	484176	卖盘
10:01:37	36.68	-0.02	18	66024	卖盘
10:01:33	36.7	-0.04	96	352320	卖盘
10:01:28	36.74	--	14	51436	卖盘
10:01:22	36.74	-0.04	90	330660	卖盘
10:01:18	36.78	-0.01	146	536988	卖盘
10:01:13	36.79	--	22	80938	卖盘
10:01:07	36.79	-0.01	36	132444	卖盘
10:01:02	36.8	-0.01	258	949439	卖盘
10:00:57	36.81	-0.06	11	40491	卖盘
10:00:52	36.87	0.05	48	176976	中性盘
10:00:47	36.82	-0.03	67	246694	卖盘
10:00:43	36.85	-0.03	100	368500	卖盘
10:00:37	36.88	--	96	354048	卖盘
10:00:32	36.88	-0.02	2	7376	卖盘
10:00:28	36.9	-0.03	155	575492	卖盘
10:00:22	36.93	-0.01	265	978645	买盘
10:00:17	36.94	--	19	70186	买盘
10:00:12	36.94	--	165	609510	买盘
10:00:07	36.94	-0.05	284	1050388	卖盘
10:00:02	36.99	0.01	139	514161	买盘
09:59:57	36.98	--	81	301941	卖盘
09:59:52	36.98	0.01	36	133128	买盘
09:59:47	36.97	--	73	269881	卖盘
09:59:42	36.97	0.03	100	369700	中性盘
09:59:37	36.94	--	230	849620	买盘
09:59:32	36.94	0.02	96	354771	买盘
09:59:27	36.92	--	51	188292	中性盘
09:59:22	36.92	0.02	17	62764	买盘
09:59:17	36.9	--	6	22140	中性盘
09:59:12	36.9	0.02	122	450180	买盘
09:59:07	36.88	0.02	39	143832	中性盘
09:59:02	36.86	0.01	56	206416	买盘
09:58:57	36.85	--	41	151085	卖盘
09:58:52	36.85	--	83	305855	卖盘
09:58:47	36.85	--	23	84755	卖盘
09:58:42	36.85	--	85	313225	卖盘
09:58:37	36.85	--	237	873345	卖盘
09:58:32	36.85	-0.01	69	254265	中性盘
09:58:27	36.86	-0.02	109	401774	卖盘
09:58:22	36.88	-0.01	76	280288	中性盘
09:58:17	36.89	0.01	46	169694	买盘
09:58:12	36.88	--	98	361424	买盘
09:58:07	36.88	-0.01	24	88512	卖盘
09:58:02	36.89	0.01	17	62713	中性盘
09:57:57	36.88	-0.02	37	136456	卖盘
09:57:52	36.9	--	68	250920	卖盘
09:57:47	36.9	-0.04	6	22140	卖盘
09:57:42	36.94	-0.03	42	155148	卖盘
09:57:37	36.97	--	38	140486	中性盘
09:57:32	36.97	-0.01	102	377094	卖盘
09:57:27	36.98	--	253	935593	卖盘
09:57:22	36.98	-0.02	142	525116	卖盘
09:57:17	37.0	--	231	854700	买盘
09:57:12	37.0	--	416	1539200	卖盘
09:57:07	37.0	-0.08	487	1801900	卖盘
09:57:02	37.08	--	23	85284	卖盘
09:56:57	37.08	--	97	359676	卖盘
09:56:52	37.08	0.08	169	626652	中性盘
09:56:47	37.0	-0.08	235	869500	卖盘
09:56:42	37.08	--	333	1234764	买盘
09:56:37	37.08	0.04	27	100116	买盘
09:56:32	37.04	--	18	66672	买盘
09:56:27	37.04	0.04	109	403736	买盘
09:56:22	37.0	0.02	271	1002700	买盘
09:56:17	36.98	--	94	347611	卖盘
09:56:12	36.98	0.02	359	1327582	买盘
09:56:07	36.96	-0.02	144	532224	卖盘
09:56:02	36.98	0.03	39	144222	买盘
09:55:57	36.95	--	255	942225	卖盘
09:55:52	36.95	0.02	253	935721	买盘
09:55:47	36.93	0.01	182	672126	买盘
09:55:42	36.92	0.02	62	228904	买盘
09:55:37	36.9	-0.01	199	734310	卖盘
09:55:31	36.91	0.03	60	221459	买盘
09:55:27	36.88	--	46	169648	卖盘
09:55:22	36.88	0.02	91	335608	买盘
09:55:16	36.86	0.01	129	475494	买盘
09:55:12	36.85	--	38	140030	买盘
09:55:07	36.85	0.05	115	423775	买盘
09:55:01	36.8	0.02	160	588800	买盘
09:54:57	36.78	-0.01	20	73560	卖盘
09:54:52	36.79	0.01	47	172913	买盘
09:54:46	36.78	0.04	198	728244	买盘
09:54:42	36.74	--	54	198396	买盘
09:54:37	36.74	0.02	55	202070	买盘
09:54:31	36.72	--	80	293760	买盘
09:54:27	36.72	0.01	123	451656	买盘
09:54:22	36.71	0.01	324	1191239	买盘
09:54:16	36.7	--	73	267910	买盘
09:54:11	36.7	0.01	17	62390	买盘
09:54:06	36.69	0.01	128	469632	买盘
09:54:01	36.68	0.01	54	198072	买盘
09:53:56	36.67	-0.01	31	113677	卖盘
09:53:51	36.68	0.03	132	484799	买盘
09:53:46	36.65	--	146	535090	买盘
09:53:41	36.65	--	149	546085	买盘
09:53:36	36.65	--	148	542420	买盘
09:53:31	36.65	--	78	285870	卖盘
09:53:26	36.65	--	20	73300	卖盘
09:53:21	36.65	0.02	152	557080	买盘
09:53:16	36.63	0.03	53	194139	买盘
09:53:11	36.6	--	22	80520	卖盘
09:53:06	36.6	--	73	267180	卖盘
09:53:01	36.6	0.02	77	281820	买盘
09:52:56	36.58	--	3	10974	卖盘
09:52:51	36.58	0.01	206	753548	买盘
09:52:46	36.57	0.05	124	453468	买盘
09:52:41	36.52	-0.01	19	69388	卖盘
09:52:36	36.53	-0.02	102	372606	卖盘
09:52:31	36.55	0.05	38	138890	中性盘
09:52:26	36.5	--	138	503700	卖盘
09:52:21	36.5	-0.06	138	503700	卖盘
09:52:16	36.56	0.08	356	1301536	买盘
09:52:11	36.48	--	86	313728	买盘
09:52:06	36.48	--	87	317376	买盘
09:52:01	36.48	-0.02	35	127679	卖盘
09:51:56	36.5	0.03	20	73000	买盘
09:51:51	36.47	-0.08	48	175056	卖盘
09:51:46	36.55	--	80	292400	买盘
09:51:41	36.55	-0.01	8	29239	卖盘
09:51:36	36.56	--	55	201080	卖盘
09:51:31	36.56	-0.04	138	504528	卖盘
09:51:26	36.6	0.02	1136	4157760	买盘
09:51:21	36.58	-0.02	170	621860	卖盘
09:51:16	36.6	-0.01	120	439200	卖盘
09:51:11	36.61	-0.04	293	1074503	卖盘
09:51:06	36.65	-0.04	476	1744540	卖盘
09:51:01	36.69	0.03	205	752145	买盘
09:50:56	36.66	-0.01	72	263952	卖盘
09:50:51	36.67	0.01	263	964421	卖盘
09:50:46	36.66	-0.03	208	762527	卖盘
09:50:41	36.69	0.02	405	1485945	买盘
09:50:36	36.67	-0.03	341	1250447	卖盘
09:50:31	36.7	0.01	286	1049620	买盘
09:50:26	36.69	-0.03	105	385245	卖盘
09:50:21	36.72	0.06	273	1002456	买盘
09:50:16	36.66	--	245	898169	卖盘
09:50:11	36.66	--	142	520571	买盘
09:50:06	36.66	--	257	943994	卖盘
09:50:01	36.66	0.04	162	593892	买盘
09:49:56	36.62	-0.01	32	117183	卖盘
09:49:51	36.63	0.03	136	498168	买盘
09:49:46	36.6	0.04	260	951600	买盘
09:49:41	36.56	-0.02	179	654424	卖盘
09:49:36	36.58	0.02	447	1635126	买盘
09:49:31	36.56	0.01	86	314416	买盘
09:49:26	36.55	-0.01	179	654245	中性盘
09:49:21	36.56	0.06	130	475280	买盘
09:49:16	36.5	--	110	401500	卖盘
09:49:10	36.5	0.03	137	500050	买盘
09:49:06	36.47	-0.03	39	142233	卖盘
09:49:01	36.5	0.03	183	670103	买盘
09:48:55	36.47	0.01	249	909598	买盘
09:48:51	36.46	0.01	102	371892	买盘
09:48:46	36.45	--	88	322910	卖盘
09:48:40	36.45	--	29	105705	买盘
09:48:36	36.45	0.04	38	138510	买盘
09:48:31	36.41	0.03	262	953941	买盘
09:48:25	36.38	-0.02	103	374714	卖盘
09:48:21	36.4	0.03	61	222040	买盘
09:48:16	36.37	0.01	45	163665	卖盘
09:48:10	36.36	--	223	810828	卖盘
09:48:05	36.36	0.01	32	116352	买盘
09:48:00	36.35	--	50	181750	买盘
09:47:55	36.35	-0.03	41	149035	卖盘
09:47:51	36.38	-0.01	49	178262	买盘
09:47:45	36.39	0.03	55	200145	中性盘
09:47:40	36.36	-0.03	85	309060	卖盘
09:47:36	36.39	-0.02	164	596796	卖盘
09:47:30	36.41	-0.04	35	127434	卖盘
09:47:25	36.45	0.09	69	251505	买盘
09:47:20	36.36	-0.04	95	345420	卖盘
09:47:15	36.4	-0.08	77	280280	卖盘
09:47:10	36.48	0.03	68	248063	买盘
09:47:05	36.45	0.05	27	98415	卖盘
09:47:00	36.4	-0.05	178	647920	卖盘
09:46:55	36.45	-0.05	321	1170045	中性盘
09:46:50	36.5	0.01	242	883300	买盘
09:46:45	36.49	0.01	362	1320938	买盘
09:46:40	36.48	-0.01	205	747839	买盘
09:46:35	36.49	0.02	80	291920	买盘
09:46:30	36.47	-0.03	154	561638	卖盘
09:46:25	36.5	0.05	220	803000	买盘
09:46:20	36.45	--	54	196830	卖盘
09:46:15	36.45	--	110	400950	中性盘
09:46:10	36.45	--	74	269730	买盘
09:46:05	36.45	0.05	59	215055	买盘
09:46:00	36.4	--	133	484120	卖盘
09:45:55	36.4	0.05	158	575120	买盘
09:45:50	36.35	--	27	98145	中性盘
09:45:45	36.35	0.05	137	497995	中性盘
09:45:40	36.3	-0.03	59	214169	卖盘
09:45:35	36.33	0.04	78	283374	买盘
09:45:30	36.29	--	68	246772	买盘
09:45:25	36.29	0.08	97	352013	买盘
09:45:20	36.21	-0.01	60	217260	卖盘
09:45:15	36.22	-0.04	27	97794	中性盘
09:45:10	36.26	0.06	236	855736	买盘
09:45:05	36.2	0.05	31	112220	买盘
09:45:00	36.15	--	0	0	卖盘
09:44:55	36.15	0.03	216	780840	买盘
09:44:50	36.12	0.01	91	328692	买盘
09:44:45	36.11	0.01	15	54165	买盘
09:44:40	36.1	--	92	332120	买盘
09:44:35	36.1	--	24	86640	买盘
09:44:30	36.1	--	177	638970	买盘
09:44:25	36.1	0.01	207	747270	买盘
09:44:20	36.09	--	12	43308	买盘
09:44:15	36.09	0.01	171	617139	买盘
09:44:10	36.08	--	68	245344	买盘
09:44:05	36.08	--	3	10824	买盘
09:44:00	36.08	0.04	18	64944	买盘
09:43:55	36.04	--	12	43248	卖盘
09:43:50	36.04	--	13	46852	买盘
09:43:45	36.04	0.01	15	54060	买盘
09:43:40	36.03	-0.01	21	75663	卖盘
09:43:35	36.04	0.01	1	5406	买盘
09:43:30	36.03	0.03	40	144120	买盘
09:43:25	36.0	-0.03	7	27000	卖盘
09:43:19	36.03	0.03	5	18015	买盘
09:43:10	36.0	--	30	109800	卖盘
09:43:04	36.0	0.04	51	183600	买盘
09:43:00	35.96	0.01	1	3596	买盘
09:42:55	35.95	0.03	85	305575	买盘
09:42:49	35.92	--	44	158048	卖盘
09:42:45	35.92	--	12	43104	买盘
09:42:40	35.92	0.01	16	57472	买盘
09:42:34	35.91	--	15	53864	卖盘
09:42:30	35.91	-0.01	5	17955	卖盘
09:42:25	35.92	--	5	17960	买盘
09:42:19	35.92	--	6	21552	买盘
09:42:15	35.92	--	33	118536	卖盘
09:42:09	35.92	-0.04	27	96984	卖盘
09:42:04	35.96	0.01	44	158224	买盘
09:42:00	35.95	-0.01	16	57520	卖盘
09:41:54	35.96	-0.02	12	43152	卖盘
09:41:49	35.98	0.02	25	89949	买盘
09:41:45	35.96	-0.04	23	82708	卖盘
09:41:40	36.0	0.01	350	1262736	买盘
09:41:34	35.99	--	12	43188	卖盘
09:41:30	35.99	-0.01	4	14396	卖盘
09:41:24	36.0	--	11	39600	买盘
09:41:19	36.0	--	14	50400	卖盘
09:41:14	36.0	-0.01	23	82800	卖盘
09:41:09	36.01	0.01	47	169247	买盘
09:41:04	36.0	-0.02	69	248400	卖盘
09:40:54	36.02	0.01	45	162090	中性盘
09:40:49	36.01	-0.02	35	126035	卖盘
09:40:44	36.03	--	22	79266	买盘
09:40:39	36.03	-0.01	225	810675	卖盘
09:40:34	36.04	-0.01	8	28832	买盘
09:40:29	36.05	0.01	75	270375	买盘
09:40:24	36.04	--	68	245072	卖盘
09:40:19	36.04	-0.01	70	252280	卖盘
09:40:14	36.05	0.01	93	335265	买盘
09:40:09	36.04	--	19	68476	中性盘
09:40:04	36.04	0.01	44	158576	买盘
09:39:59	36.03	-0.02	68	245004	卖盘
09:39:54	36.05	--	68	245139	卖盘
09:39:49	36.05	0.01	42	151410	买盘
09:39:44	36.04	0.01	65	234260	中性盘
09:39:39	36.03	--	47	169341	卖盘
09:39:34	36.03	--	94	338682	卖盘
09:39:29	36.03	-0.01	5	18015	卖盘
09:39:24	36.04	-0.04	40	144160	中性盘
09:39:19	36.08	--	62	223696	买盘
09:39:09	36.08	-0.01	107	386056	卖盘
09:39:04	36.09	--	141	508869	买盘
09:38:59	36.09	--	38	137142	买盘
09:38:54	36.09	--	100	360900	买盘
09:38:49	36.09	--	51	184059	卖盘
09:38:44	36.09	--	7	25263	卖盘
09:38:39	36.09	0.01	59	212931	卖盘
09:38:34	36.08	--	284	1024672	卖盘
09:38:29	36.08	-0.01	13	46904	卖盘
09:38:24	36.09	0.04	211	761499	买盘
09:38:19	36.05	0.03	67	241534	中性盘
09:38:09	36.02	0.02	16	57632	中性盘
09:38:04	36.0	-0.03	52	187200	卖盘
09:37:59	36.03	0.03	6	22482	买盘
09:37:54	36.0	0.01	79	284400	买盘
09:37:49	35.99	-0.01	50	179950	买盘
09:37:44	36.0	--	1	3600	买盘
09:37:39	36.0	0.02	39	140400	买盘
09:37:34	35.98	--	12	43175	卖盘
09:37:24	35.98	--	48	172703	买盘
09:37:19	35.98	0.03	20	71960	买盘
09:37:14	35.95	-0.02	63	226485	卖盘
09:37:09	35.97	0.02	21	75537	买盘
09:37:04	35.95	0.03	26	93470	买盘
09:36:54	35.92	0.05	49	176008	买盘
09:36:49	35.87	-0.04	128	459135	卖盘
09:36:43	35.91	0.04	7	25136	买盘
09:36:39	35.87	--	10	35870	卖盘
09:36:34	35.87	0.01	18	64709	买盘
09:36:28	35.86	-0.01	22	78892	卖盘
09:36:24	35.87	0.01	32	114783	买盘
09:36:19	35.86	--	47	168542	买盘
09:36:13	35.86	0.01	10	35860	买盘
09:36:09	35.85	--	17	60945	卖盘
09:36:04	35.85	0.02	16	57360	卖盘
09:35:58	35.83	0.01	54	193482	买盘
09:35:54	35.82	-0.02	83	297306	卖盘
09:35:49	35.84	0.01	56	200704	卖盘
09:35:43	35.83	--	44	157652	卖盘
09:35:39	35.83	0.03	11	39413	买盘
09:35:33	35.8	-0.02	19	68020	卖盘
09:35:28	35.82	0.02	59	211338	买盘
09:35:24	35.8	--	12	42960	卖盘
09:35:18	35.8	-0.02	50	179000	卖盘
09:35:13	35.82	0.05	51	182682	买盘
09:35:08	35.77	--	8	28616	卖盘
09:35:03	35.77	-0.01	18	64386	中性盘
09:34:58	35.78	0.03	155	554590	买盘
09:34:53	35.75	-0.01	1	3575	卖盘
09:34:48	35.76	--	70	250320	买盘
09:34:43	35.76	--	165	590040	买盘
09:34:38	35.76	--	0	0	买盘
09:34:33	35.76	0.03	121	432696	买盘
09:34:28	35.73	--	19	67887	买盘
09:34:23	35.73	0.03	59	210806	买盘
09:34:18	35.7	-0.01	203	724710	卖盘
09:34:13	35.71	--	76	271396	卖盘
09:34:08	35.71	0.01	38	135698	中性盘
09:34:03	35.7	--	244	871080	卖盘
09:33:58	35.7	-0.01	87	310590	卖盘
09:33:53	35.71	-0.01	39	139269	卖盘
09:33:48	35.72	--	139	496508	卖盘
09:33:43	35.72	-0.04	67	239324	卖盘
09:33:38	35.76	0.03	16	57216	中性盘
09:33:33	35.73	--	35	125054	卖盘
09:33:28	35.73	-0.05	28	100043	卖盘
09:33:23	35.78	-0.03	6	21468	卖盘
09:33:18	35.81	0.02	69	247089	买盘
09:33:13	35.79	-0.03	39	139581	卖盘
09:33:08	35.82	0.03	95	340290	买盘
09:33:03	35.79	-0.02	406	1453074	卖盘
09:32:58	35.81	-0.01	37	132497	卖盘
09:32:53	35.82	--	49	175518	卖盘
09:32:48	35.82	-0.01	63	225666	卖盘
09:32:43	35.83	--	28	100324	卖盘
09:32:38	35.83	-0.02	33	118239	卖盘
09:32:33	35.85	--	29	103965	买盘
09:32:28	35.85	0.01	19	68115	卖盘
09:32:23	35.84	-0.01	12	43008	卖盘
09:32:18	35.85	0.01	48	172080	买盘
09:32:13	35.84	-0.03	56	200704	卖盘
09:32:08	35.87	0.01	19	68153	买盘
09:32:03	35.86	0.01	10	35860	买盘
09:31:58	35.85	-0.02	84	301140	卖盘
09:31:53	35.87	--	36	129131	卖盘
09:31:48	35.87	--	44	157828	卖盘
09:31:43	35.87	--	34	121957	卖盘
09:31:38	35.87	0.03	31	111196	中性盘
09:31:33	35.84	-0.03	133	476672	卖盘
09:31:28	35.87	--	19	68153	买盘
09:31:23	35.87	--	36	129131	卖盘
09:31:18	35.87	-0.03	53	190111	卖盘
09:31:13	35.9	0.01	48	172320	买盘
09:31:08	35.89	--	67	240463	买盘
09:31:03	35.89	0.03	27	96903	中性盘
09:30:57	35.86	-0.02	35	125510	卖盘
09:30:53	35.88	-0.02	14	50232	卖盘
09:30:48	35.9	--	61	218990	买盘
09:30:43	35.9	0.05	66	236940	买盘
09:30:38	35.85	-0.05	25	89625	卖盘
09:30:33	35.9	0.07	14	50260	买盘
09:30:28	35.83	-0.05	20	71660	卖盘
09:30:22	35.88	0.03	100	358800	买盘
09:30:18	35.85	0.02	12	43020	买盘
09:30:13	35.83	0.02	3	10749	买盘
09:30:08	35.81	-0.17	212	759172	卖盘
09:30:03	35.98	--	8	28783	买盘
09:28:49	35.98	--	0	0	买盘
09:25:07	35.98	35.98	291	1047017	买盘
