成交时间	成交价	价格变动	成交量(手)	成交额(元)	性质
15:00:00	14.85	--	0	0	买盘
15:00:00	14.85	--	0	0	买盘
14:59:59	14.85	0.02	420	623700	买盘
14:59:53	14.83	--	7	10381	卖盘
14:59:48	14.83	-0.02	28	41524	卖盘
14:59:43	14.85	--	22	32670	买盘
14:59:38	14.85	--	249	369765	买盘
14:59:33	14.85	--	26	38610	买盘
14:59:28	14.85	0.01	25	37125	买盘
14:59:24	14.84	-0.01	9	13356	卖盘
14:59:18	14.85	0.01	60	89100	买盘
14:59:14	14.84	-0.01	121	179564	卖盘
14:59:09	14.85	0.01	86	127710	买盘
14:58:58	14.84	-0.01	92	136528	卖盘
14:58:54	14.85	--	11	16335	买盘
14:58:49	14.85	0.01	34	50490	买盘
14:58:39	14.84	--	78	115752	卖盘
14:58:33	14.84	--	24	35616	卖盘
14:58:29	14.84	-0.01	37	54908	买盘
14:58:24	14.85	--	16	23760	买盘
14:58:19	14.85	0.01	54	80190	买盘
14:58:14	14.84	--	14	20776	卖盘
14:58:08	14.84	--	58	86072	卖盘
14:58:03	14.84	--	20	29680	卖盘
14:57:59	14.84	--	1	1484	卖盘
14:57:53	14.84	--	20	29680	卖盘
14:57:48	14.84	--	1	1484	卖盘
14:57:44	14.84	--	34	50456	卖盘
14:57:39	14.84	-0.01	9	13356	卖盘
14:57:34	14.85	0.01	50	74250	买盘
14:57:29	14.84	--	112	166208	卖盘
14:57:23	14.84	--	2	2968	卖盘
14:57:18	14.84	--	7	10388	卖盘
14:57:14	14.84	--	17	25228	卖盘
14:57:09	14.84	--	129	191436	卖盘
14:56:59	14.84	-0.01	13	19292	卖盘
14:56:53	14.85	--	12	17820	买盘
14:56:48	14.85	0.01	8	11880	买盘
14:56:43	14.84	-0.01	79	117236	中性盘
14:56:38	14.85	0.01	50	74250	买盘
14:56:33	14.84	--	12	17808	买盘
14:56:28	14.84	--	28	41552	卖盘
14:56:24	14.84	--	7	10388	卖盘
14:56:18	14.84	--	3	4452	卖盘
14:56:09	14.84	0.01	12	17808	买盘
14:56:03	14.83	--	6	8898	卖盘
14:55:58	14.83	--	24	35592	卖盘
14:55:53	14.83	-0.01	16	23728	卖盘
14:55:33	14.84	--	306	454104	买盘
14:55:28	14.84	0.01	175	259700	买盘
14:55:23	14.83	--	18	26694	买盘
14:55:08	14.83	0.01	32	47456	卖盘
14:55:02	14.82	-0.02	159	235638	卖盘
14:54:58	14.84	--	11	16324	买盘
14:54:53	14.84	0.01	11	16324	买盘
14:54:47	14.83	--	5	7415	卖盘
14:54:43	14.83	--	40	59320	卖盘
14:54:38	14.83	--	23	34109	卖盘
14:54:28	14.83	--	28	41524	卖盘
14:54:23	14.83	--	4	5932	卖盘
14:54:17	14.83	-0.01	10	14830	卖盘
14:54:08	14.84	-0.01	41	60844	卖盘
14:53:53	14.85	--	73	108405	卖盘
14:53:47	14.85	--	22	32670	卖盘
14:53:38	14.85	--	51	75735	卖盘
14:53:32	14.85	--	103	152955	卖盘
14:53:28	14.85	--	2	2970	卖盘
14:53:23	14.85	--	2	2970	卖盘
14:53:13	14.85	--	19	28215	卖盘
14:53:02	14.85	--	4	5940	卖盘
14:52:58	14.85	--	40	59400	卖盘
14:52:53	14.85	--	69	102465	卖盘
14:52:47	14.85	--	32	47520	卖盘
14:52:43	14.85	-0.01	200	297000	卖盘
14:52:32	14.86	--	5	7430	买盘
14:52:27	14.86	--	18	26748	买盘
14:52:23	14.86	--	57	84702	买盘
14:52:17	14.86	--	10	14860	买盘
14:52:13	14.86	0.01	5	7430	买盘
14:52:08	14.85	-0.01	13	19305	卖盘
14:51:57	14.86	--	22	33583	卖盘
14:51:52	14.86	--	1	1486	卖盘
14:51:42	14.86	--	7	10402	卖盘
14:51:37	14.86	--	6	8916	卖盘
14:51:32	14.86	--	6	8916	卖盘
14:51:23	14.86	--	10	14860	卖盘
14:51:12	14.86	--	30	44580	卖盘
14:51:07	14.86	0.01	39	58548	买盘
14:50:53	14.85	--	44	65340	卖盘
14:50:42	14.85	-0.01	1	1485	卖盘
14:50:37	14.86	--	200	297200	买盘
14:50:22	14.86	0.01	57	84702	买盘
14:50:17	14.85	--	1	1485	卖盘
14:50:02	14.85	-0.01	6	8910	卖盘
14:49:53	14.86	--	20	29720	买盘
14:49:37	14.86	-0.03	50	74300	卖盘
14:49:27	14.89	--	0	0	买盘
14:49:22	14.89	0.04	17	25313	买盘
14:49:02	14.85	--	89	132165	卖盘
14:48:57	14.85	-0.03	32	48708	卖盘
14:48:52	14.88	-0.01	31	46128	中性盘
14:48:37	14.89	0.01	7	10423	买盘
14:48:32	14.88	--	9	13392	买盘
14:48:11	14.88	0.04	28	41664	买盘
14:47:56	14.84	--	0	0	卖盘
14:47:47	14.84	--	28	41552	卖盘
14:47:41	14.84	--	69	102396	卖盘
14:47:32	14.84	-0.05	1	1780	卖盘
14:47:26	14.89	--	73	108697	买盘
14:47:22	14.89	0.04	427	635803	买盘
14:47:17	14.85	-0.04	6	8910	卖盘
14:46:56	14.89	--	51	75939	买盘
14:46:47	14.89	--	0	0	买盘
14:46:32	14.89	0.04	38	56582	买盘
14:46:22	14.85	0.01	10	14850	买盘
14:46:17	14.84	-0.05	2	2968	卖盘
14:45:51	14.89	--	37	55093	卖盘
14:45:46	14.89	0.05	19	28291	买盘
14:45:41	14.84	--	69	102396	卖盘
14:45:31	14.84	--	0	0	卖盘
14:45:26	14.84	-0.01	10	15478	卖盘
14:45:11	14.85	-0.04	59	88803	中性盘
14:45:02	14.89	0.04	90	134010	买盘
14:44:56	14.85	0.01	50	74250	买盘
14:44:51	14.84	-0.01	50	74200	卖盘
14:44:47	14.85	--	125	185625	买盘
14:44:21	14.85	0.01	32	47520	买盘
14:44:16	14.84	--	0	0	卖盘
14:44:11	14.84	-0.01	122	181048	卖盘
14:43:56	14.85	-0.01	10	14850	卖盘
14:43:41	14.86	--	3	4458	买盘
14:43:31	14.86	--	46	68356	卖盘
14:43:26	14.86	--	20	29720	卖盘
14:43:16	14.86	-0.01	120	178320	卖盘
14:42:56	14.87	-0.01	4	5948	卖盘
14:42:51	14.88	-0.02	5	7440	卖盘
14:42:41	14.9	0.03	1033	1539170	买盘
14:42:31	14.87	-0.01	3	4461	卖盘
14:42:05	14.88	--	0	0	买盘
14:41:56	14.88	--	70	104457	卖盘
14:41:50	14.88	--	60	89280	卖盘
14:41:46	14.88	--	3	4464	卖盘
14:41:41	14.88	--	30	44640	卖盘
14:41:35	14.88	--	600	892800	卖盘
14:41:26	14.88	-0.02	30	44640	卖盘
14:41:20	14.9	0.02	10	14900	买盘
14:41:11	14.88	--	53	78864	卖盘
14:41:05	14.88	--	36	53568	卖盘
14:41:01	14.88	--	80	119040	卖盘
14:40:41	14.88	-0.01	17	25296	卖盘
14:40:35	14.89	0.01	10	14890	中性盘
14:40:20	14.88	-0.02	20	29760	卖盘
14:40:11	14.9	0.01	49	73010	买盘
14:40:05	14.89	--	46	68494	买盘
14:39:35	14.89	--	17	25313	卖盘
14:39:26	14.89	--	5	7445	卖盘
14:39:20	14.89	--	147	218883	卖盘
14:39:15	14.89	--	10	14890	卖盘
14:39:05	14.89	--	8	11912	买盘
14:38:59	14.89	--	7	10423	卖盘
14:38:50	14.89	--	17	25313	买盘
14:38:45	14.89	--	34	50626	买盘
14:38:40	14.89	0.01	2	3573	买盘
14:38:35	14.88	-0.01	41	61008	卖盘
14:38:30	14.89	0.01	3	4467	买盘
14:38:25	14.88	--	97	144931	买盘
14:38:20	14.88	--	10	14880	买盘
14:38:05	14.88	0.03	3	4464	买盘
14:37:55	14.85	-0.03	14	21384	卖盘
14:37:45	14.88	0.01	81	120528	买盘
14:37:41	14.87	0.02	38	56506	卖盘
14:37:15	14.85	-0.04	3	4455	买盘
14:37:10	14.89	0.06	38	56582	买盘
14:37:05	14.83	-0.02	250	371417	卖盘
14:36:55	14.85	--	0	0	卖盘
14:36:35	14.85	-0.04	69	102465	卖盘
14:36:20	14.89	--	200	297800	买盘
14:36:05	14.89	0.01	46	68494	买盘
14:35:44	14.88	--	10	14880	卖盘
14:35:40	14.88	-0.01	12	17856	卖盘
14:35:35	14.89	0.01	10	14890	买盘
14:35:29	14.88	-0.02	6	8928	卖盘
14:35:14	14.9	--	0	0	买盘
14:35:10	14.9	--	12	17880	买盘
14:35:05	14.9	0.01	226	337634	买盘
14:34:44	14.89	--	5	7445	卖盘
14:34:40	14.89	-0.01	80	119120	卖盘
14:34:25	14.9	--	55	81950	买盘
14:34:20	14.9	0.01	133	198170	买盘
14:34:14	14.89	--	10	14890	卖盘
14:34:05	14.89	0.01	383	570882	买盘
14:33:59	14.88	--	5	7440	买盘
14:33:29	14.88	0.02	30	44640	买盘
14:33:25	14.86	0.01	18	26748	买盘
14:33:20	14.85	--	70	103950	卖盘
14:33:05	14.85	--	0	0	卖盘
14:32:59	14.85	--	15	22275	买盘
14:32:50	14.85	--	19	28215	买盘
14:32:44	14.85	--	30	44550	买盘
14:32:34	14.85	0.01	5	7425	买盘
14:32:29	14.84	--	0	0	卖盘
14:32:19	14.84	-0.04	129	191436	卖盘
14:32:14	14.88	--	35	52080	买盘
14:32:04	14.88	--	3	4464	买盘
14:31:59	14.88	--	27	40176	买盘
14:31:54	14.88	--	30	44640	买盘
14:31:49	14.88	--	8	11904	买盘
14:31:44	14.88	--	20	29760	卖盘
14:31:29	14.88	--	40	59520	卖盘
14:31:24	14.88	-0.01	20	29760	卖盘
14:31:09	14.89	0.01	40	59560	买盘
14:31:04	14.88	--	5	7440	卖盘
14:30:49	14.88	--	3	4464	买盘
14:30:34	14.88	0.02	7	10416	买盘
14:30:29	14.86	-0.04	69	102534	卖盘
14:30:14	14.9	--	10	14900	买盘
14:30:09	14.9	0.03	31	46190	买盘
14:30:04	14.87	-0.01	35	52045	卖盘
14:29:44	14.88	--	10	14880	卖盘
14:29:39	14.88	--	6	8928	卖盘
14:29:29	14.88	--	171	254448	买盘
14:29:24	14.88	--	91	135408	买盘
14:28:59	14.88	-0.02	34	50592	卖盘
14:28:53	14.9	0.02	34	50660	买盘
14:28:34	14.88	-0.02	10	14880	卖盘
14:28:29	14.9	--	32	47680	买盘
14:28:23	14.9	--	34	50660	买盘
14:28:08	14.9	--	0	0	买盘
14:27:59	14.9	0.01	34	50660	买盘
14:27:53	14.89	0.01	72	107208	买盘
14:27:38	14.88	--	31	47258	卖盘
14:27:34	14.88	-0.01	100	148800	卖盘
14:27:23	14.89	--	34	50626	买盘
14:27:19	14.89	0.01	3	4467	买盘
14:27:14	14.88	--	1	1488	卖盘
14:27:08	14.88	0.01	234	348192	买盘
14:26:53	14.87	-0.01	44	65428	卖盘
14:26:49	14.88	--	31	46128	买盘
14:26:44	14.88	-0.01	3	4464	卖盘
14:26:38	14.89	--	136	202504	买盘
14:26:29	14.89	--	0	0	买盘
14:26:23	14.89	0.02	30	44670	买盘
14:26:14	14.87	--	175	260225	卖盘
14:26:03	14.87	-0.02	10	14870	卖盘
14:25:58	14.89	--	33	49137	买盘
14:25:53	14.89	0.02	13	19357	买盘
14:25:43	14.87	-0.02	2	2974	卖盘
14:25:33	14.89	-0.01	11	16379	买盘
14:25:28	14.9	--	0	0	买盘
14:25:23	14.9	0.01	14	20860	买盘
14:25:13	14.89	--	31	46159	买盘
14:25:08	14.89	--	14	20846	买盘
14:25:03	14.89	--	3	4467	卖盘
14:24:58	14.89	-0.01	5	7445	卖盘
14:24:53	14.9	0.01	115	171350	买盘
14:24:48	14.89	--	10	14890	卖盘
14:24:43	14.89	--	7	10423	卖盘
14:24:23	14.89	--	46	68494	卖盘
14:24:08	14.89	0.01	5	7445	卖盘
14:23:58	14.88	--	0	0	卖盘
14:23:48	14.88	-0.02	2	2976	卖盘
14:23:38	14.9	--	33	49170	买盘
14:23:33	14.9	0.02	1	1490	买盘
14:23:28	14.88	--	5	7440	卖盘
14:23:23	14.88	0.01	61	90768	中性盘
14:23:18	14.87	--	1	1487	买盘
14:23:13	14.87	--	3	4461	买盘
14:22:53	14.87	-0.03	118	176358	卖盘
14:22:47	14.9	0.02	55	81950	买盘
14:22:28	14.88	--	3	4464	买盘
14:22:17	14.88	--	12	17856	买盘
14:22:13	14.88	0.01	10	14880	买盘
14:22:02	14.87	--	2	2974	卖盘
14:21:58	14.87	-0.03	5	7435	卖盘
14:21:47	14.9	0.03	44	65560	买盘
14:21:32	14.87	--	0	0	卖盘
14:21:28	14.87	-0.02	160	237920	卖盘
14:21:17	14.89	0.02	16	23824	中性盘
14:21:08	14.87	-0.03	10	14870	卖盘
14:21:02	14.9	0.01	200	298000	买盘
14:20:58	14.89	0.01	37	55093	买盘
14:20:53	14.88	--	5	8332	买盘
14:20:47	14.88	0.01	29	43152	买盘
14:20:43	14.87	-0.01	16	24981	卖盘
14:20:38	14.88	--	19	28272	买盘
14:20:17	14.88	--	52	77376	买盘
14:20:08	14.88	0.01	46	68448	买盘
14:19:53	14.87	--	6	8922	卖盘
14:19:32	14.87	--	34	50558	买盘
14:19:22	14.87	0.02	31	46097	买盘
14:19:17	14.85	-0.04	12	17820	卖盘
14:19:07	14.89	--	0	0	买盘
14:19:02	14.89	0.03	10	14890	买盘
14:18:52	14.86	0.01	5	7430	中性盘
14:18:47	14.85	--	15	22275	卖盘
14:18:37	14.85	-0.04	30	44550	卖盘
14:18:32	14.89	--	53	78917	买盘
14:18:17	14.89	--	0	0	买盘
14:18:07	14.89	--	0	0	买盘
14:18:02	14.89	0.04	10	14890	买盘
14:17:57	14.85	--	13	20478	卖盘
14:17:52	14.85	--	6	9815	卖盘
14:17:47	14.85	-0.04	45	66825	卖盘
14:17:37	14.89	--	0	0	买盘
14:17:32	14.89	0.04	10	14890	买盘
14:17:27	14.85	-0.04	500	742500	卖盘
14:17:22	14.89	--	0	0	买盘
14:17:12	14.89	--	13	19357	买盘
14:17:02	14.89	-0.01	20	29780	买盘
14:16:57	14.9	--	10	14900	买盘
14:16:47	14.9	0.01	43	64070	买盘
14:16:37	14.89	-0.01	0	1474	卖盘
14:16:32	14.9	0.01	37	55130	买盘
14:16:17	14.89	0.03	192	285902	买盘
14:16:11	14.86	--	504	749538	卖盘
14:16:07	14.86	-0.03	10	14860	卖盘
14:16:02	14.89	--	10	14890	买盘
14:15:56	14.89	0.03	43	64027	买盘
14:15:47	14.86	-0.01	110	163460	卖盘
14:15:37	14.87	-0.01	6	8922	卖盘
14:15:32	14.88	--	41	61008	买盘
14:15:26	14.88	--	10	14880	买盘
14:15:11	14.88	-0.01	24	35712	中性盘
14:15:07	14.89	0.02	31	46159	买盘
14:15:02	14.87	-0.02	1	1487	卖盘
14:14:56	14.89	--	0	0	买盘
14:14:52	14.89	0.01	14	20846	买盘
14:14:41	14.88	--	7	10416	卖盘
14:14:32	14.88	0.02	21	31248	中性盘
14:14:26	14.86	--	40	59440	卖盘
14:14:22	14.86	--	0	0	卖盘
14:14:17	14.86	-0.01	62	92132	卖盘
14:14:11	14.87	0.01	44	65428	买盘
14:14:07	14.86	--	7	10402	卖盘
14:13:56	14.86	--	21	31206	卖盘
14:13:47	14.86	--	8	11888	卖盘
14:13:41	14.86	-0.01	1	1486	卖盘
14:13:32	14.87	--	33	49071	买盘
14:13:26	14.87	--	133	197771	卖盘
14:13:16	14.87	--	0	0	卖盘
14:13:11	14.87	-0.01	41	60967	卖盘
14:13:01	14.88	-0.01	11	16368	卖盘
14:12:51	14.89	0.01	27	40203	买盘
14:12:46	14.88	-0.01	14	20832	卖盘
14:12:41	14.89	0.01	35	52115	买盘
14:12:36	14.88	--	10	14880	卖盘
14:12:26	14.88	-0.01	4	5952	中性盘
14:12:21	14.89	0.01	100	148900	买盘
14:12:16	14.88	--	3	4464	卖盘
14:12:05	14.88	--	1	1488	卖盘
14:12:01	14.88	-0.01	2	2976	卖盘
14:11:46	14.89	0.01	32	47648	买盘
14:11:41	14.88	--	327	486576	卖盘
14:11:31	14.88	--	13	19344	卖盘
14:11:26	14.88	-0.01	5	7440	卖盘
14:11:21	14.89	--	12	17868	买盘
14:10:56	14.89	-0.01	75	111675	卖盘
14:10:41	14.9	--	26	39336	卖盘
14:10:36	14.9	--	3	5364	卖盘
14:10:31	14.9	--	5	7450	卖盘
14:10:26	14.9	--	6	8940	卖盘
14:10:21	14.9	--	5	7450	卖盘
14:10:11	14.9	-0.01	40	59600	卖盘
14:10:05	14.91	0.01	36	53676	买盘
14:10:01	14.9	--	56	83440	卖盘
14:09:50	14.9	-0.01	5	7450	卖盘
14:09:26	14.91	-0.02	0	596	卖盘
14:09:20	14.93	0.02	44	65692	买盘
14:08:50	14.91	-0.01	20	29820	卖盘
14:08:35	14.92	--	5	7460	卖盘
14:08:26	14.92	--	11	16412	买盘
14:08:20	14.92	0.01	36	53712	买盘
14:08:16	14.91	--	2	3578	卖盘
14:07:56	14.91	--	21	31311	卖盘
14:07:35	14.91	--	11	16401	卖盘
14:07:26	14.91	--	6	8946	卖盘
14:07:20	14.91	--	51	76339	卖盘
14:06:56	14.91	--	6	8946	卖盘
14:06:40	14.91	-0.02	30	44730	卖盘
14:06:30	14.93	0.02	37	55241	买盘
14:06:10	14.91	--	1	1491	卖盘
14:06:05	14.91	--	10	14910	卖盘
14:06:00	14.91	--	0	0	卖盘
14:05:55	14.91	--	9	13419	买盘
14:05:50	14.91	--	1	1491	卖盘
14:05:45	14.91	-0.03	10	14910	卖盘
14:05:40	14.94	0.01	31	46314	买盘
14:05:35	14.93	0.02	4	5972	买盘
14:05:20	14.91	--	0	0	卖盘
14:05:00	14.91	-0.03	6	8946	卖盘
14:04:55	14.94	-0.01	36	53784	卖盘
14:04:50	14.95	0.01	45	67275	买盘
14:04:40	14.94	--	1	1494	卖盘
14:04:35	14.94	-0.01	34	50796	卖盘
14:04:30	14.95	--	0	0	买盘
14:04:25	14.95	--	36	53820	买盘
14:04:10	14.95	--	0	0	买盘
14:04:05	14.95	0.01	597	892515	买盘
14:04:00	14.94	0.05	18	26892	买盘
14:03:50	14.89	--	0	0	卖盘
14:03:45	14.89	-0.05	47	69983	卖盘
14:03:35	14.94	--	0	0	买盘
14:03:29	14.94	0.03	99	147906	买盘
14:03:25	14.91	0.02	20	29820	卖盘
14:03:20	14.89	--	0	0	卖盘
14:03:14	14.89	-0.05	44	65516	卖盘
14:03:10	14.94	--	0	0	买盘
14:03:05	14.94	--	67	100098	买盘
14:02:35	14.94	0.04	48	71712	买盘
14:02:29	14.9	--	73	108770	买盘
14:02:14	14.9	--	20	29800	买盘
14:02:05	14.9	-0.04	73	108770	买盘
14:01:50	14.94	0.05	76	113544	买盘
14:01:29	14.89	--	36	53604	卖盘
14:01:10	14.89	--	2	2978	卖盘
14:01:05	14.89	--	4	5956	卖盘
14:00:55	14.89	-0.05	2	2978	卖盘
14:00:44	14.94	0.01	33	49302	买盘
14:00:39	14.93	--	0	0	买盘
14:00:35	14.93	0.05	73	108989	买盘
14:00:29	14.88	--	0	0	卖盘
14:00:19	14.88	--	23	34224	卖盘
14:00:09	14.88	--	1	1488	卖盘
14:00:04	14.88	0.01	4	5952	卖盘
13:59:59	14.87	--	40	59480	卖盘
13:59:54	14.87	-0.01	20	29740	卖盘
13:59:29	14.88	--	2	2976	买盘
13:59:24	14.88	--	2	2976	买盘
13:59:19	14.88	-0.01	288	428841	卖盘
13:59:14	14.89	-0.04	82	122098	卖盘
13:59:09	14.93	--	0	0	买盘
13:58:59	14.93	0.04	30	44790	买盘
13:58:54	14.89	0.01	4	7147	买盘
13:58:49	14.88	-0.02	10	14880	卖盘
13:58:44	14.9	--	108	162320	卖盘
13:58:34	14.9	--	17	25330	卖盘
13:58:29	14.9	0.01	674	1004349	买盘
13:58:14	14.89	--	0	0	买盘
13:58:09	14.89	--	87	129543	买盘
13:58:04	14.89	0.02	126	187614	买盘
13:57:59	14.87	--	13	19331	卖盘
13:57:54	14.87	--	10	14870	卖盘
13:57:49	14.87	-0.01	58	86246	卖盘
13:57:44	14.88	0.01	83	123504	买盘
13:57:39	14.87	--	80	118960	卖盘
13:57:29	14.87	--	40	59480	卖盘
13:57:24	14.87	-0.01	5	7435	卖盘
13:57:14	14.88	0.01	38	56544	买盘
13:56:59	14.87	--	81	120447	卖盘
13:56:53	14.87	-0.01	20	29740	卖盘
13:56:49	14.88	--	17	25296	买盘
13:56:29	14.88	-0.01	27	40176	卖盘
13:56:23	14.89	0.01	37	55093	买盘
13:56:08	14.88	-0.01	26	38688	卖盘
13:55:53	14.89	0.02	22	32758	买盘
13:55:44	14.87	--	0	0	卖盘
13:55:29	14.87	--	40	59480	卖盘
13:55:23	14.87	--	20	29740	卖盘
13:55:14	14.87	--	163	242381	买盘
13:55:08	14.87	--	50	74350	买盘
13:55:04	14.87	--	45	66915	买盘
13:54:59	14.87	--	216	321192	卖盘
13:54:53	14.87	--	0	0	卖盘
13:54:38	14.87	-0.06	647	962089	卖盘
13:54:34	14.93	0.05	37	55241	买盘
13:54:29	14.88	-0.02	5	7440	卖盘
13:54:18	14.9	0.02	20	29800	买盘
13:54:14	14.88	0.01	10	14880	卖盘
13:53:53	14.87	--	0	0	卖盘
13:53:48	14.87	--	0	0	卖盘
13:53:43	14.87	-0.06	400	594800	卖盘
13:53:38	14.93	0.03	37	55241	买盘
13:53:33	14.9	--	22	32780	卖盘
13:53:13	14.9	-0.02	800	1192000	卖盘
13:53:03	14.92	--	3	4476	买盘
13:52:53	14.92	0.01	4	5968	买盘
13:52:43	14.91	-0.04	25	37275	卖盘
13:52:38	14.95	--	32	47840	买盘
13:52:28	14.95	0.04	87	130065	买盘
13:52:23	14.91	-0.01	104	155064	卖盘
13:52:13	14.92	-0.02	21	31436	卖盘
13:52:08	14.94	--	20	29880	卖盘
13:52:03	14.94	--	39	58266	买盘
13:51:53	14.94	--	115	171810	买盘
13:51:48	14.94	0.01	41	61254	买盘
13:51:43	14.93	--	26	38818	卖盘
13:51:38	14.93	--	14	20902	卖盘
13:51:28	14.93	-0.01	5	7465	卖盘
13:51:23	14.94	--	39	58266	买盘
13:51:13	14.94	-0.01	12	17928	卖盘
13:51:03	14.95	-0.01	50	74750	中性盘
13:50:58	14.96	--	190	284539	卖盘
13:50:43	14.96	--	28	41888	卖盘
13:50:38	14.96	--	19	28424	卖盘
13:50:32	14.96	--	155	231880	卖盘
13:50:28	14.96	--	20	29920	卖盘
13:50:23	14.96	--	121	181016	卖盘
13:50:17	14.96	--	37	56548	卖盘
13:50:13	14.96	--	6	8976	卖盘
13:50:08	14.96	-0.01	137	204952	买盘
13:49:58	14.97	0.01	300	449100	买盘
13:49:53	14.96	--	37	56548	卖盘
13:49:47	14.96	--	118	176528	卖盘
13:49:43	14.96	--	12	17952	卖盘
13:49:38	14.96	--	182	272272	卖盘
13:49:32	14.96	-0.01	4	5984	卖盘
13:49:28	14.97	0.01	31	46407	买盘
13:49:23	14.96	--	12	18550	卖盘
13:49:08	14.96	--	0	299	卖盘
13:49:02	14.96	--	10	14960	卖盘
13:48:47	14.96	--	35	53257	买盘
13:48:38	14.96	-0.02	71	106216	买盘
13:48:32	14.98	--	0	0	买盘
13:48:28	14.98	0.02	100	149800	买盘
13:48:23	14.96	--	20	29920	卖盘
13:48:17	14.96	--	3	4488	卖盘
13:48:13	14.96	0.01	84	125664	买盘
13:48:02	14.95	-0.01	4	5980	卖盘
13:47:58	14.96	-0.01	26	38896	卖盘
13:47:53	14.97	0.01	209	312873	买盘
13:47:38	14.96	--	0	598	卖盘
13:47:27	14.96	--	13	19747	卖盘
13:47:22	14.96	--	375	561000	卖盘
13:47:17	14.96	--	5	7480	卖盘
13:47:07	14.96	--	20	29920	卖盘
13:47:02	14.96	-0.01	11	16456	卖盘
13:46:57	14.97	--	49	73353	买盘
13:46:52	14.97	--	32	47904	买盘
13:46:37	14.97	--	187	279939	买盘
13:46:17	14.97	-0.01	12	17964	买盘
13:46:07	14.98	0.02	31	46438	买盘
13:46:02	14.96	-0.01	18	26928	卖盘
13:45:52	14.97	0.01	3	4491	买盘
13:45:47	14.96	-0.02	1	1496	卖盘
13:45:42	14.98	0.02	150	224700	买盘
13:45:32	14.96	--	10	14960	卖盘
13:45:27	14.96	-0.01	16	23936	卖盘
13:45:22	14.97	--	201	300897	买盘
13:45:17	14.97	--	41	62574	卖盘
13:45:12	14.97	--	42	63173	买盘
13:45:07	14.97	--	129	193113	买盘
13:45:02	14.97	--	5	7485	买盘
13:44:57	14.97	--	28	41916	买盘
13:44:52	14.97	--	10	14970	买盘
13:44:42	14.97	0.01	8	11976	买盘
13:44:37	14.96	-0.01	50	74800	卖盘
13:44:32	14.97	--	47	70359	买盘
13:44:27	14.97	0.01	3	4491	买盘
13:44:17	14.96	--	32	47872	卖盘
13:44:11	14.96	0.01	103	154686	买盘
13:44:02	14.95	-0.01	6	8970	卖盘
13:43:56	14.96	--	99	148104	买盘
13:43:47	14.96	--	114	170544	买盘
13:43:41	14.96	0.01	25	37400	买盘
13:43:37	14.95	--	45	67275	卖盘
13:43:32	14.95	--	149	222994	买盘
13:43:26	14.95	--	0	0	买盘
13:43:22	14.95	0.01	201	300495	买盘
13:43:17	14.94	0.01	9	13446	买盘
13:43:11	14.93	--	16	23888	卖盘
13:43:07	14.93	--	38	56734	卖盘
13:43:02	14.93	--	5	7465	卖盘
13:42:56	14.93	-0.01	33	49269	卖盘
13:42:41	14.94	0.01	37	55278	买盘
13:42:37	14.93	--	111	165723	卖盘
13:42:32	14.93	--	5	7465	卖盘
13:42:22	14.93	--	10	14930	卖盘
13:42:17	14.93	--	69	103017	卖盘
13:42:11	14.93	--	4	5972	卖盘
13:42:02	14.93	--	62	92566	卖盘
13:41:56	14.93	-0.01	39	58227	卖盘
13:41:52	14.94	0.01	2	2988	买盘
13:41:47	14.93	--	50	74650	卖盘
13:41:41	14.93	--	10	14930	卖盘
13:41:37	14.93	--	1	1791	卖盘
13:41:32	14.93	--	84	126501	买盘
13:41:26	14.93	0.02	24	35832	买盘
13:41:22	14.91	-0.01	20	29820	卖盘
13:41:17	14.92	-0.01	105	156660	中性盘
13:41:11	14.93	0.01	182	271726	买盘
13:41:06	14.92	--	3	4476	买盘
13:41:02	14.92	--	52	77584	卖盘
13:40:56	14.92	-0.01	4	5968	卖盘
13:40:46	14.93	--	25	37325	买盘
13:40:41	14.93	--	10	14930	买盘
13:40:31	14.93	--	9	14437	卖盘
13:40:26	14.93	--	9	13437	卖盘
13:40:16	14.93	--	5	7465	卖盘
13:40:11	14.93	-0.01	162	241866	卖盘
13:40:06	14.94	0.01	15	22410	买盘
13:39:56	14.93	--	35	52255	卖盘
13:39:51	14.93	--	103	153779	卖盘
13:39:46	14.93	--	55	82115	卖盘
13:39:41	14.93	--	200	298600	卖盘
13:39:36	14.93	-0.02	35	52255	卖盘
13:39:31	14.95	--	130	194350	买盘
13:39:26	14.95	--	0	0	买盘
13:39:16	14.95	0.01	146	218270	买盘
13:39:11	14.94	-0.01	200	298800	卖盘
13:39:06	14.95	0.01	1	1495	买盘
13:39:01	14.94	-0.01	63	94122	卖盘
13:38:51	14.95	-0.01	6	8970	中性盘
13:38:36	14.96	0.01	57	85272	买盘
13:38:31	14.95	-0.01	34	50830	卖盘
13:38:26	14.96	-0.01	5	7480	中性盘
13:38:21	14.97	0.01	200	299400	买盘
13:38:11	14.96	-0.01	113	169048	卖盘
13:38:01	14.97	--	38	56886	买盘
13:37:56	14.97	--	106	158682	卖盘
13:37:51	14.97	--	115	172155	卖盘
13:37:46	14.97	--	84	125748	卖盘
13:37:41	14.97	--	10	14970	卖盘
13:37:35	14.97	--	35	52395	卖盘
13:37:31	14.97	0.01	183	273951	买盘
13:37:26	14.96	--	11	16456	卖盘
13:37:20	14.96	-0.02	1	1496	卖盘
13:37:16	14.98	0.01	113	169274	买盘
13:37:11	14.97	--	0	0	买盘
13:37:05	14.97	-0.01	13	19461	中性盘
13:36:50	14.98	--	96	143808	买盘
13:36:46	14.98	--	33	49434	买盘
13:36:41	14.98	--	117	175266	买盘
13:36:31	14.98	--	0	0	买盘
13:36:25	14.98	0.01	165	247170	买盘
13:36:20	14.97	--	279	417663	卖盘
13:36:16	14.97	--	20	29940	卖盘
13:36:11	14.97	--	10	14970	卖盘
13:36:05	14.97	-0.01	30	44910	卖盘
13:36:01	14.98	--	116	173768	买盘
13:35:56	14.98	0.01	31	46438	买盘
13:35:50	14.97	--	20	30538	卖盘
13:35:46	14.97	--	5	7485	卖盘
13:35:41	14.97	--	200	299400	卖盘
13:35:35	14.97	0.01	261	390717	买盘
13:35:31	14.96	0.02	20	29920	买盘
13:35:26	14.94	--	5	7470	卖盘
13:35:20	14.94	-0.02	7	10458	卖盘
13:35:16	14.96	--	0	0	买盘
13:35:11	14.96	-0.01	159	237864	中性盘
13:35:05	14.97	--	86	128742	买盘
13:34:56	14.97	0.01	160	239520	买盘
13:34:45	14.96	0.02	633	947162	买盘
13:34:41	14.94	--	3	4482	卖盘
13:34:35	14.94	--	256	382464	卖盘
13:34:25	14.94	--	156	233960	买盘
13:34:20	14.94	--	50	74700	卖盘
13:34:15	14.94	--	96	143424	卖盘
13:34:10	14.94	-0.01	2	2988	中性盘
13:34:05	14.95	0.02	302	451490	买盘
13:34:00	14.93	--	3	4479	卖盘
13:33:55	14.93	-0.02	5	7465	卖盘
13:33:50	14.95	0.02	113	168935	买盘
13:33:45	14.93	--	0	0	卖盘
13:33:40	14.93	--	381	568833	卖盘
13:33:35	14.93	-0.01	4	5972	卖盘
13:33:30	14.94	0.02	119	178084	买盘
13:33:20	14.92	-0.02	437	653197	卖盘
13:33:10	14.94	--	0	0	买盘
13:33:05	14.94	--	292	436248	买盘
13:32:55	14.94	0.01	95	141930	买盘
13:32:50	14.93	-0.01	84	125412	卖盘
13:32:45	14.94	--	115	171810	买盘
13:32:40	14.94	--	38	56772	买盘
13:32:35	14.94	0.01	89	132966	买盘
13:32:25	14.93	-0.01	94	140342	买盘
13:32:15	14.94	--	0	0	买盘
13:32:10	14.94	0.02	194	289836	买盘
13:31:55	14.92	0.04	260	388218	买盘
13:31:50	14.88	--	85	126480	买盘
13:31:45	14.88	-0.05	4	5952	卖盘
13:31:40	14.93	--	92	137356	买盘
13:31:35	14.93	0.01	300	447900	买盘
13:31:30	14.92	0.02	88	131296	买盘
13:31:25	14.9	--	2	2980	卖盘
13:31:20	14.9	-0.02	95	141550	卖盘
13:31:14	14.92	--	3	4476	买盘
13:31:04	14.92	--	98	146216	买盘
13:30:55	14.92	--	88	131296	买盘
13:30:44	14.92	-0.01	85	126820	中性盘
13:30:35	14.93	0.03	100	149300	买盘
13:30:29	14.9	--	5	7450	卖盘
13:30:25	14.9	-0.03	16	23840	卖盘
13:30:20	14.93	0.01	100	149300	买盘
13:30:14	14.92	0.06	94	140248	买盘
13:30:10	14.86	-0.04	1	2377	卖盘
13:30:05	14.9	--	0	0	中性盘
13:29:59	14.9	-0.03	100	149000	买盘
13:29:50	14.93	0.03	101	150793	买盘
13:29:44	14.9	0.04	30	44700	买盘
13:29:40	14.86	-0.04	12	17832	卖盘
13:29:35	14.9	--	105	156450	买盘
13:29:29	14.9	--	90	134100	买盘
13:29:20	14.9	--	150	223500	买盘
13:29:14	14.9	--	97	144530	买盘
13:29:10	14.9	-0.03	41	61090	卖盘
13:29:05	14.93	0.03	602	898786	买盘
13:28:59	14.9	--	279	415710	卖盘
13:28:55	14.9	0.03	4	5960	买盘
13:28:50	14.87	0.01	20	29740	买盘
13:28:44	14.86	--	105	156030	买盘
13:28:35	14.86	--	10	14860	买盘
13:28:29	14.86	-0.04	178	264508	卖盘
13:28:20	14.9	0.03	97	144530	买盘
13:28:14	14.87	-0.05	24	35688	卖盘
13:28:09	14.92	0.01	96	143232	买盘
13:27:59	14.91	--	93	138663	买盘
13:27:54	14.91	--	0	0	买盘
13:27:49	14.91	0.01	96	143136	买盘
13:27:44	14.9	--	10	14900	买盘
13:27:39	14.9	-0.02	456	679440	卖盘
13:27:34	14.92	--	357	532644	买盘
13:27:29	14.92	--	18	26856	买盘
13:27:24	14.92	0.01	102	152184	买盘
13:27:19	14.91	--	33	49203	卖盘
13:27:14	14.91	--	100	149100	卖盘
13:27:09	14.91	--	20	29820	卖盘
13:27:04	14.91	--	110	164010	卖盘
13:26:59	14.91	--	10	14910	卖盘
13:26:54	14.91	--	10	14910	卖盘
13:26:49	14.91	-0.01	21	31311	买盘
13:26:44	14.92	-0.01	91	135772	买盘
13:26:39	14.93	--	0	0	买盘
13:26:34	14.93	--	0	0	买盘
13:26:29	14.93	0.01	96	143328	买盘
13:26:19	14.92	0.05	109	162628	买盘
13:26:14	14.87	-0.04	79	117473	卖盘
13:26:09	14.91	0.05	130	193830	买盘
13:26:04	14.86	--	557	827702	卖盘
13:25:59	14.86	-0.06	108	160488	卖盘
13:25:54	14.92	0.03	10	14920	买盘
13:25:49	14.89	-0.03	28	41692	中性盘
13:25:44	14.92	0.03	613	914596	买盘
13:25:39	14.89	-0.01	35	52115	卖盘
13:25:34	14.9	--	147	219030	买盘
13:25:29	14.9	--	50	74500	买盘
13:25:24	14.9	--	88	131120	买盘
13:25:19	14.9	--	57	84930	买盘
13:25:14	14.9	--	106	157940	买盘
13:25:04	14.9	--	88	131120	买盘
13:24:59	14.9	-0.03	645	961944	卖盘
13:24:53	14.93	--	103	153779	买盘
13:24:38	14.93	--	174	259782	买盘
13:24:34	14.93	--	20	29860	买盘
13:24:29	14.93	--	113	168709	买盘
13:24:19	14.93	-0.01	97	144821	买盘
13:24:14	14.94	0.01	60	89640	中性盘
13:24:08	14.93	-0.01	186	277698	卖盘
13:23:59	14.94	0.01	102	152388	买盘
13:23:53	14.93	-0.01	30	44790	卖盘
13:23:49	14.94	0.01	183	273402	买盘
13:23:44	14.93	-0.01	13	19409	买盘
13:23:38	14.94	--	0	0	买盘
13:23:34	14.94	0.04	92	137448	买盘
13:23:29	14.9	-0.02	180	268200	卖盘
13:23:23	14.92	-0.01	147	219324	卖盘
13:23:19	14.93	-0.01	3	4479	买盘
13:23:14	14.94	--	95	141930	买盘
13:22:59	14.94	0.03	92	137448	买盘
13:22:53	14.91	--	148	220668	卖盘
13:22:49	14.91	--	206	307444	卖盘
13:22:44	14.91	-0.01	231	344421	卖盘
13:22:38	14.92	0.01	89	132788	买盘
13:22:29	14.91	-0.01	95	141645	卖盘
13:22:23	14.92	--	100	149200	买盘
13:22:19	14.92	--	107	159644	卖盘
13:22:14	14.92	-0.03	48	71616	卖盘
13:22:08	14.95	0.04	151	225745	买盘
13:21:59	14.91	-0.04	94	140750	卖盘
13:21:53	14.95	0.01	148	222157	买盘
13:21:48	14.94	0.02	1	1494	买盘
13:21:43	14.92	0.01	90	134280	中性盘
13:21:38	14.91	-0.02	5	7455	卖盘
13:21:33	14.93	--	102	152286	买盘
13:21:28	14.93	--	5	7465	买盘
13:21:23	14.93	-0.02	114	170799	卖盘
13:21:18	14.95	0.02	200	299897	买盘
13:21:13	14.93	--	143	214096	卖盘
13:21:08	14.93	--	48	71664	卖盘
13:20:58	14.93	0.01	219	327862	买盘
13:20:53	14.92	-0.02	4	5968	卖盘
13:20:48	14.94	0.03	91	135954	买盘
13:20:43	14.91	--	0	0	卖盘
13:20:38	14.91	-0.02	340	507238	卖盘
13:20:28	14.93	0.01	113	168709	买盘
13:20:23	14.92	--	10	14920	买盘
13:20:18	14.92	-0.01	20	29840	中性盘
13:20:13	14.93	0.01	105	156765	买盘
13:20:08	14.92	--	88	131296	卖盘
13:20:02	14.92	--	0	0	卖盘
13:19:58	14.92	-0.02	94	140248	卖盘
13:19:53	14.94	0.01	111	165834	买盘
13:19:48	14.93	-0.01	37	55241	卖盘
13:19:43	14.94	0.01	99	147906	买盘
13:19:38	14.93	--	18	26874	买盘
13:19:33	14.93	--	96	143328	买盘
13:19:23	14.93	0.02	102	152286	买盘
13:19:18	14.91	-0.01	12	17892	卖盘
13:19:13	14.92	--	2	2984	买盘
13:19:08	14.92	0.01	111	165612	买盘
13:19:03	14.91	-0.01	2	2982	卖盘
13:18:58	14.92	0.01	89	132788	买盘
13:18:53	14.91	-0.01	36	53676	卖盘
13:18:48	14.92	0.01	122	182024	买盘
13:18:43	14.91	--	7	10437	买盘
13:18:38	14.91	-0.01	104	155064	买盘
13:18:33	14.92	0.01	8	11936	买盘
13:18:28	14.91	--	97	144627	买盘
13:18:23	14.91	--	275	410025	卖盘
13:18:17	14.91	--	133	198303	卖盘
13:18:13	14.91	--	45	67095	卖盘
13:18:07	14.91	-0.01	10	14910	卖盘
13:18:01	14.92	0.01	100	149200	买盘
13:17:58	14.91	-0.01	309	460719	买盘
13:17:53	14.92	0.01	96	143232	买盘
13:17:47	14.91	-0.01	3	4473	卖盘
13:17:42	14.92	0.01	102	152184	买盘
13:17:38	14.91	0.02	110	164010	买盘
13:17:32	14.89	-0.02	95	141455	卖盘
13:17:28	14.91	--	0	0	买盘
13:17:22	14.91	0.02	96	143136	买盘
13:17:13	14.89	-0.02	37	55093	卖盘
13:17:08	14.91	0.01	102	152082	买盘
13:17:02	14.9	--	5	7450	卖盘
13:16:58	14.9	0.02	84	125160	买盘
13:16:53	14.88	-0.02	5	7440	中性盘
13:16:47	14.9	0.02	86	128140	买盘
13:16:38	14.88	--	193	287184	买盘
13:16:32	14.88	-0.03	51	75888	卖盘
13:16:23	14.91	0.03	157	234087	买盘
13:16:17	14.88	--	103	153264	卖盘
13:16:08	14.88	-0.01	2	2976	中性盘
13:16:02	14.89	0.03	142	212033	买盘
13:15:58	14.86	--	0	0	卖盘
13:15:53	14.86	-0.01	104	154544	卖盘
13:15:47	14.87	0.01	126	187362	买盘
13:15:43	14.86	-0.01	94	139684	卖盘
13:15:38	14.87	--	51	75837	买盘
13:15:32	14.87	--	125	185875	买盘
13:15:17	14.87	--	110	163570	买盘
13:15:12	14.87	-0.03	504	749448	卖盘
13:15:07	14.9	--	107	159430	买盘
13:14:57	14.9	--	102	151980	买盘
13:14:52	14.9	0.03	8	12218	买盘
13:14:47	14.87	-0.02	147	218589	中性盘
13:14:42	14.89	0.03	2	2978	买盘
13:14:37	14.86	-0.05	50	74300	卖盘
13:14:32	14.91	0.02	100	149100	买盘
13:14:22	14.89	0.02	117	174213	中性盘
13:14:16	14.87	-0.03	125	185875	卖盘
13:14:12	14.9	0.01	88	131120	买盘
13:14:07	14.89	-0.01	18	26802	买盘
13:14:02	14.9	--	86	128140	买盘
13:13:52	14.9	-0.01	111	166284	买盘
13:13:42	14.91	--	0	0	买盘
13:13:37	14.91	0.05	107	159537	买盘
13:13:32	14.86	-0.05	140	208040	卖盘
13:13:27	14.91	--	29	43239	买盘
13:13:22	14.91	--	18	26838	买盘
13:13:17	14.91	--	100	149100	买盘
13:13:12	14.91	--	0	0	买盘
13:13:07	14.91	-0.01	161	240051	卖盘
13:13:02	14.92	0.01	73	108916	买盘
13:12:57	14.91	-0.01	75	111825	卖盘
13:12:52	14.92	--	123	183829	卖盘
13:12:47	14.92	--	15	22380	卖盘
13:12:42	14.92	--	185	276020	卖盘
13:12:37	14.92	--	313	468174	买盘
13:12:32	14.92	--	158	235736	买盘
13:12:22	14.92	0.01	112	167104	买盘
13:12:17	14.91	-0.01	1	1491	卖盘
13:12:12	14.92	-0.01	606	904152	卖盘
13:12:07	14.93	0.01	23	34339	买盘
13:12:02	14.92	--	128	190976	卖盘
13:11:57	14.92	--	45	67140	买盘
13:11:52	14.92	--	15	22380	买盘
13:11:47	14.92	0.02	78	116376	买盘
13:11:41	14.9	--	12	17880	卖盘
13:11:37	14.9	--	10	14900	卖盘
13:11:31	14.9	0.03	1071	1596654	买盘
13:11:26	14.87	-0.01	150	223050	卖盘
13:11:22	14.88	0.02	184	273792	买盘
13:11:17	14.86	0.03	133	197638	买盘
13:11:11	14.83	--	0	0	卖盘
13:11:07	14.83	-0.04	221	327743	卖盘
13:11:02	14.87	0.01	150	223050	买盘
13:10:56	14.86	0.03	130	193180	买盘
13:10:52	14.83	-0.03	14	20762	卖盘
13:10:47	14.86	--	0	0	买盘
13:10:41	14.86	0.01	113	167918	买盘
13:10:37	14.85	--	8	11880	买盘
13:10:31	14.85	--	100	148500	买盘
13:10:26	14.85	0.02	9	13365	中性盘
13:10:22	14.83	--	93	137919	卖盘
13:10:16	14.83	--	19	28177	买盘
13:10:11	14.83	-0.02	114	169062	卖盘
13:10:02	14.85	--	98	145530	买盘
13:09:56	14.85	--	83	123255	买盘
13:09:52	14.85	--	0	0	买盘
13:09:46	14.85	--	95	141075	买盘
13:09:41	14.85	0.01	30	44550	买盘
13:09:37	14.84	0.01	111	164724	买盘
13:09:32	14.83	-0.01	9	13347	买盘
13:09:26	14.84	0.01	28	41552	买盘
13:09:16	14.83	0.04	36	54574	买盘
13:09:11	14.79	--	79	116841	买盘
13:09:07	14.79	-0.04	591	874384	卖盘
13:09:02	14.83	--	36	54277	买盘
13:08:56	14.83	--	43	63769	买盘
13:08:51	14.83	--	40	59320	买盘
13:08:47	14.83	--	15	22245	买盘
13:08:36	14.83	--	9	13347	买盘
13:08:31	14.83	--	17	25211	买盘
13:08:26	14.83	-0.01	68	101437	卖盘
13:08:21	14.84	-0.01	18	26712	中性盘
13:08:11	14.85	--	25	37125	买盘
13:08:01	14.85	--	34	51381	买盘
13:07:56	14.85	--	85	126225	买盘
13:07:51	14.85	--	9	13365	买盘
13:07:46	14.85	--	15	22275	买盘
13:07:41	14.85	0.01	11	16335	买盘
13:07:36	14.84	--	23	34132	买盘
13:07:31	14.84	--	8	11872	买盘
13:07:26	14.84	0.01	16	23744	买盘
13:07:21	14.83	--	10	14830	卖盘
13:07:16	14.83	--	32	47456	买盘
13:07:11	14.83	--	7	10381	买盘
13:07:06	14.83	--	15	22245	买盘
13:07:01	14.83	--	0	0	买盘
13:06:56	14.83	--	92	136436	买盘
13:06:51	14.83	--	8	11864	买盘
13:06:46	14.83	-0.02	17	25211	卖盘
13:06:41	14.85	0.02	238	353430	买盘
13:06:31	14.83	0.01	7	10381	买盘
13:06:26	14.82	-0.01	50	74100	卖盘
13:06:21	14.83	--	8	11864	买盘
13:06:16	14.83	0.01	30	44490	买盘
13:06:11	14.82	--	17	25194	卖盘
13:06:01	14.82	--	47	69654	卖盘
13:05:56	14.82	-0.01	14	20748	卖盘
13:05:46	14.83	0.01	50	74150	买盘
13:05:41	14.82	--	49	72618	买盘
13:05:36	14.82	0.02	8	11856	买盘
13:05:31	14.8	-0.02	10	14800	卖盘
13:05:26	14.82	0.02	28	41792	卖盘
13:05:21	14.8	-0.03	183	270840	卖盘
13:05:15	14.83	0.01	19	28177	买盘
13:05:11	14.82	--	78	115596	买盘
13:05:05	14.82	0.02	16	23712	买盘
13:05:01	14.8	-0.02	20	29600	卖盘
13:04:56	14.82	--	15	22230	买盘
13:04:50	14.82	--	10	14820	买盘
13:04:41	14.82	--	48	72321	卖盘
13:04:35	14.82	-0.02	49	72618	卖盘
13:04:31	14.84	0.02	8	11872	买盘
13:04:20	14.82	-0.01	37	54834	卖盘
13:04:11	14.83	--	217	321811	买盘
13:04:05	14.83	--	22	32626	买盘
13:03:56	14.83	-0.01	7	10381	买盘
13:03:50	14.84	--	8	11872	买盘
13:03:46	14.84	0.01	20	29680	买盘
13:03:41	14.83	-0.01	6	8898	卖盘
13:03:35	14.84	--	171	253764	买盘
13:03:26	14.84	--	239	355892	卖盘
13:03:20	14.84	-0.01	94	139763	卖盘
13:03:16	14.85	0.01	7	10395	买盘
13:03:10	14.84	--	55	81620	卖盘
13:03:05	14.84	-0.01	64	94976	卖盘
13:03:01	14.85	0.01	1	1485	买盘
13:02:55	14.84	-0.01	75	111300	卖盘
13:02:50	14.85	--	7	10395	买盘
13:02:40	14.85	--	17	25245	买盘
13:02:35	14.85	--	30	44550	买盘
13:02:31	14.85	0.01	8	11880	买盘
13:02:20	14.84	-0.01	69	102396	卖盘
13:02:15	14.85	--	7	10395	买盘
13:02:11	14.85	0.02	14	20790	买盘
13:02:05	14.83	-0.02	13	19279	卖盘
13:01:55	14.85	--	7	10395	买盘
13:01:50	14.85	0.01	132	196020	买盘
13:01:45	14.84	--	7	10388	买盘
13:01:40	14.84	--	0	0	买盘
13:01:35	14.84	0.01	213	316092	买盘
13:01:25	14.83	--	65	96395	买盘
13:01:20	14.83	--	0	0	中性盘
13:01:15	14.83	--	10	14830	买盘
13:01:10	14.83	--	58	86014	买盘
13:01:05	14.83	0.01	7	10381	买盘
13:00:50	14.82	--	31	46238	买盘
13:00:40	14.82	--	7	10374	买盘
13:00:35	14.82	--	30	44460	买盘
13:00:30	14.82	--	25	37050	买盘
13:00:25	14.82	--	18	26676	买盘
13:00:20	14.82	0.01	7	10374	买盘
13:00:15	14.81	0.01	3	4443	买盘
13:00:10	14.8	-0.02	212	313760	中性盘
13:00:05	14.82	0.02	1086	1610193	买盘
11:30:00	14.8	--	0	0	买盘
11:30:00	14.8	--	0	0	买盘
11:29:56	14.8	0.01	68	100640	买盘
11:29:51	14.79	-0.01	29	42891	卖盘
11:29:47	14.8	--	8	11840	买盘
11:29:36	14.8	--	708	1048136	买盘
11:29:32	14.8	--	8	11840	买盘
11:29:26	14.8	--	18	26640	买盘
11:29:21	14.8	--	106	156880	买盘
11:29:16	14.8	--	90	133200	买盘
11:29:12	14.8	--	21	31080	买盘
11:29:06	14.8	--	500	740000	买盘
11:29:01	14.8	0.01	94	139712	买盘
11:28:56	14.79	0.01	252	372708	买盘
11:28:51	14.78	--	310	459066	卖盘
11:28:41	14.78	--	14	20692	卖盘
11:28:31	14.78	-0.01	30	44340	卖盘
11:28:26	14.79	0.01	86	127785	买盘
11:28:21	14.78	--	33	48774	买盘
11:28:16	14.78	--	30	44340	买盘
11:28:11	14.78	--	34	50252	买盘
11:28:06	14.78	--	7	10346	买盘
11:28:01	14.78	--	65	96070	买盘
11:27:56	14.78	--	85	126516	卖盘
11:27:46	14.78	0.01	29	43453	买盘
11:27:40	14.77	-0.01	5	7385	卖盘
11:27:31	14.78	--	8	11824	买盘
11:27:25	14.78	--	3	4434	买盘
11:27:21	14.78	--	7	10346	买盘
11:27:16	14.78	-0.01	0	886	卖盘
11:27:10	14.79	0.01	77	113883	买盘
11:27:01	14.78	--	45	66510	卖盘
11:26:56	14.78	-0.01	50	73900	卖盘
11:26:51	14.79	--	27	39933	买盘
11:26:46	14.79	--	107	158253	买盘
11:26:40	14.79	0.01	32	47328	买盘
11:26:36	14.78	--	16	23648	卖盘
11:26:31	14.78	-0.01	8	11824	卖盘
11:26:25	14.79	--	37	54723	买盘
11:26:21	14.79	0.01	106	156774	买盘
11:26:16	14.78	0.01	83	123265	买盘
11:26:11	14.77	-0.01	20	29540	卖盘
11:26:06	14.78	0.01	72	106416	买盘
11:26:01	14.77	--	51	75327	卖盘
11:25:56	14.77	--	12	17724	卖盘
11:25:50	14.77	--	168	248579	买盘
11:25:46	14.77	--	23	33971	买盘
11:25:41	14.77	--	8	11816	买盘
11:25:31	14.77	--	8	11816	买盘
11:25:26	14.77	--	22	32494	买盘
11:25:20	14.77	--	8	11816	买盘
11:25:16	14.77	-0.01	407	602172	卖盘
11:25:10	14.78	--	44	65032	买盘
11:25:05	14.78	0.01	43	63554	买盘
11:25:01	14.77	--	65	96005	卖盘
11:24:56	14.77	--	6	8862	卖盘
11:24:46	14.77	-0.01	9	13293	卖盘
11:24:41	14.78	--	116	171448	买盘
11:24:35	14.78	0.01	27	39906	买盘
11:24:26	14.77	--	58	85666	卖盘
11:24:21	14.77	-0.01	28	41356	卖盘
11:24:15	14.78	--	15	22170	买盘
11:24:10	14.78	--	5	7390	买盘
11:24:05	14.78	--	44	65032	买盘
11:24:00	14.78	--	46	67988	买盘
11:23:55	14.78	--	8	11824	买盘
11:23:51	14.78	--	10	14780	买盘
11:23:45	14.78	--	50	73900	买盘
11:23:41	14.78	0.01	31	45818	买盘
11:23:35	14.77	--	1	1477	卖盘
11:23:31	14.77	0.02	543	802454	买盘
11:23:25	14.75	--	1	2065	卖盘
11:23:20	14.75	-0.02	35	51625	卖盘
11:23:15	14.77	0.01	163	241341	买盘
11:23:11	14.76	--	17	25977	卖盘
11:23:05	14.76	0.01	100	147600	买盘
11:23:00	14.75	-0.01	4	5900	卖盘
11:22:56	14.76	0.01	19	28339	买盘
11:22:50	14.75	--	10	14750	卖盘
11:22:45	14.75	0.01	107	158415	买盘
11:22:40	14.74	--	6	8844	买盘
11:22:36	14.74	--	7	10318	买盘
11:22:25	14.74	-0.01	18	26532	买盘
11:22:15	14.75	--	207	305325	买盘
11:22:10	14.75	--	45	66375	买盘
11:22:06	14.75	--	7	10325	买盘
11:21:50	14.75	--	24	35400	买盘
11:21:40	14.75	--	169	249275	买盘
11:21:30	14.75	0.02	48	70800	买盘
11:21:25	14.73	-0.01	12	17676	卖盘
11:21:20	14.74	-0.01	7	10318	中性盘
11:21:10	14.75	--	354	522150	买盘
11:21:05	14.75	--	8	11800	买盘
11:21:00	14.75	--	2	2950	买盘
11:20:55	14.75	--	367	541325	买盘
11:20:50	14.75	--	0	0	买盘
11:20:45	14.75	--	8	11800	买盘
11:20:40	14.75	--	10	14750	买盘
11:20:34	14.75	--	72	106200	买盘
11:20:30	14.75	0.03	5	7375	买盘
11:20:25	14.72	-0.03	127	186944	卖盘
11:20:15	14.75	--	3	4425	买盘
11:20:10	14.75	--	17	25075	买盘
11:20:04	14.75	--	55	81125	买盘
11:19:55	14.75	--	7	10325	买盘
11:19:49	14.75	--	8	11800	买盘
11:19:40	14.75	--	105	154875	买盘
11:19:35	14.75	--	40	59000	买盘
11:19:30	14.75	--	15	22125	买盘
11:19:19	14.75	--	13	19175	买盘
11:19:10	14.75	--	123	181425	买盘
11:19:05	14.75	--	52	76700	买盘
11:19:00	14.75	--	0	0	买盘
11:18:55	14.75	0.01	107	157825	买盘
11:18:44	14.74	--	8	11792	买盘
11:18:39	14.74	--	120	176880	买盘
11:18:34	14.74	0.01	7	10318	买盘
11:18:24	14.73	-0.01	7	10311	买盘
11:18:20	14.74	--	0	0	买盘
11:18:14	14.74	--	5	7370	买盘
11:18:10	14.74	--	133	196042	买盘
11:18:05	14.74	--	81	119394	买盘
11:18:00	14.74	--	7	10318	买盘
11:17:49	14.74	--	8	11792	买盘
11:17:40	14.74	--	7	10318	买盘
11:17:25	14.74	--	8	11792	买盘
11:17:19	14.74	0.01	8	11792	买盘
11:17:14	14.73	-0.01	10	14730	卖盘
11:17:04	14.74	0.01	9	13266	买盘
11:16:59	14.73	--	21	30933	买盘
11:16:54	14.73	0.02	9	13257	买盘
11:16:44	14.71	-0.02	50	73550	卖盘
11:16:40	14.73	--	7	10311	买盘
11:16:34	14.73	--	7	10311	买盘
11:16:24	14.73	-0.01	122	179706	卖盘
11:16:19	14.74	0.01	8	11792	买盘
11:16:09	14.73	-0.01	25	36825	卖盘
11:16:04	14.74	-0.01	44	64856	买盘
11:16:00	14.75	--	7	10325	买盘
11:15:54	14.75	--	34	50150	买盘
11:15:49	14.75	--	38	56050	买盘
11:15:45	14.75	--	0	0	买盘
11:15:39	14.75	0.04	7	10325	买盘
11:15:34	14.71	-0.04	52	76492	卖盘
11:15:28	14.75	--	33	48675	买盘
11:15:19	14.75	-0.01	59	87025	卖盘
11:15:13	14.76	0.01	8	11808	买盘
11:15:09	14.75	-0.01	8	11800	卖盘
11:15:04	14.76	0.01	17	25092	买盘
11:14:58	14.75	--	67	98825	买盘
11:14:54	14.75	--	7	10325	买盘
11:14:43	14.75	--	133	196175	买盘
11:14:29	14.75	--	7	10325	买盘
11:14:24	14.75	-0.01	16	23600	卖盘
11:14:19	14.76	0.01	7	10332	买盘
11:14:14	14.75	-0.01	10	14750	卖盘
11:14:09	14.76	0.01	26	38376	买盘
11:14:04	14.75	--	200	295000	买盘
11:13:58	14.75	--	10	14750	买盘
11:13:54	14.75	--	4	5900	买盘
11:13:49	14.75	--	14	20650	买盘
11:13:43	14.75	--	0	0	买盘
11:13:34	14.75	0.05	8	11800	买盘
11:13:29	14.7	-0.04	112	164640	卖盘
11:13:24	14.74	--	0	0	买盘
11:13:19	14.74	0.01	21	30954	买盘
11:13:14	14.73	--	41	60393	卖盘
11:13:04	14.73	--	18	26514	买盘
11:12:58	14.73	--	51	75123	买盘
11:12:49	14.73	0.02	8	11784	买盘
11:12:43	14.71	-0.02	16	23536	卖盘
11:12:38	14.73	--	14	20622	买盘
11:12:34	14.73	--	3	5597	买盘
11:12:29	14.73	0.02	26	38298	买盘
11:12:18	14.71	0.01	27	39717	买盘
11:12:03	14.7	--	5	7350	卖盘
11:11:59	14.7	--	185	272244	买盘
11:11:44	14.7	--	38	55860	买盘
11:11:34	14.7	-0.01	2012	2958816	卖盘
11:11:23	14.71	--	13	19123	买盘
11:11:14	14.71	0.01	7	10297	买盘
11:11:08	14.7	--	13	19404	买盘
11:11:03	14.7	0.02	54	79380	买盘
11:10:58	14.68	-0.02	100	146800	卖盘
11:10:48	14.7	--	35	51450	卖盘
11:10:43	14.7	-0.01	2	2940	卖盘
11:10:38	14.71	0.01	7	10297	买盘
11:10:33	14.7	--	194	285180	买盘
11:10:28	14.7	0.01	9	13230	买盘
11:10:24	14.69	-0.01	30	44070	卖盘
11:10:18	14.7	0.01	9	13230	买盘
11:10:14	14.69	--	76	111644	买盘
11:10:08	14.69	-0.01	6	8814	卖盘
11:10:03	14.7	0.01	140	205800	中性盘
11:09:58	14.69	-0.02	12	17628	卖盘
11:09:53	14.71	--	4	5884	买盘
11:09:43	14.71	--	8	11768	买盘
11:09:33	14.71	--	28	41188	买盘
11:09:23	14.71	--	27	39717	卖盘
11:09:13	14.71	-0.01	32	47072	卖盘
11:09:08	14.72	--	4	5888	卖盘
11:09:03	14.72	-0.01	5	7360	卖盘
11:08:58	14.73	0.01	29	42717	买盘
11:08:53	14.72	--	16	23552	买盘
11:08:43	14.72	--	12	17664	买盘
11:08:37	14.72	0.06	8	11776	买盘
11:08:33	14.66	-0.06	432	633312	卖盘
11:08:28	14.72	--	7	10304	买盘
11:08:23	14.72	--	0	0	买盘
11:08:18	14.72	--	7	10304	买盘
11:08:13	14.72	-0.02	9	13248	卖盘
11:08:08	14.74	0.09	53	78122	买盘
11:08:03	14.65	-0.09	1000	1465000	卖盘
11:07:53	14.74	-0.01	22	33754	卖盘
11:07:48	14.75	--	200	295000	买盘
11:07:43	14.75	0.01	13	19175	买盘
11:07:37	14.74	--	10	14740	卖盘
11:07:33	14.74	0.02	141	207981	买盘
11:07:22	14.72	-0.02	38	55936	卖盘
11:07:13	14.74	--	8	11792	买盘
11:07:07	14.74	--	57	84018	买盘
11:07:03	14.74	--	4	5896	买盘
11:06:58	14.74	0.02	7	10318	买盘
11:06:52	14.72	--	0	0	中性盘
11:06:47	14.72	--	7	10304	买盘
11:06:43	14.72	-0.02	69	101568	卖盘
11:06:37	14.74	--	9	13266	买盘
11:06:32	14.74	--	5	7370	买盘
11:06:28	14.74	--	11	16214	买盘
11:06:22	14.74	--	23	33902	买盘
11:06:12	14.74	--	118	173932	买盘
11:06:08	14.74	0.01	52	76648	买盘
11:06:03	14.73	--	71	104583	买盘
11:05:57	14.73	-0.01	7	10311	卖盘
11:05:52	14.74	0.01	347	511478	买盘
11:05:47	14.73	--	43	63339	卖盘
11:05:42	14.73	--	87	128151	卖盘
11:05:38	14.73	-0.01	70	103110	卖盘
11:05:32	14.74	--	7	10318	买盘
11:05:27	14.74	--	34	50116	买盘
11:05:23	14.74	--	23	34639	卖盘
11:05:17	14.74	--	22	32428	卖盘
11:05:12	14.74	--	20	29480	卖盘
11:05:07	14.74	--	10	14740	卖盘
11:05:02	14.74	--	95	140767	买盘
11:04:57	14.74	0.01	8	11792	买盘
11:04:52	14.73	-0.01	57	83961	卖盘
11:04:47	14.74	--	9	13266	买盘
11:04:42	14.74	--	21	30954	买盘
11:04:38	14.74	--	224	330913	卖盘
11:04:32	14.74	--	4	5896	卖盘
11:04:28	14.74	--	98	144452	卖盘
11:04:23	14.74	-0.01	124	183513	卖盘
11:04:12	14.75	--	112	165200	买盘
11:04:07	14.75	--	53	78175	买盘
11:04:02	14.75	0.01	7	10325	买盘
11:03:57	14.74	-0.01	24	35376	卖盘
11:03:53	14.75	0.01	55	81125	买盘
11:03:47	14.74	--	79	116446	卖盘
11:03:42	14.74	--	17	25058	卖盘
11:03:37	14.74	-0.01	10	14740	卖盘
11:03:32	14.75	--	5	7375	买盘
11:03:27	14.75	0.02	12	17700	买盘
11:03:22	14.73	-0.02	11	16203	卖盘
11:03:17	14.75	0.02	52	76700	买盘
11:03:12	14.73	-0.01	9	13257	卖盘
11:03:07	14.74	0.01	67	98758	买盘
11:03:02	14.73	-0.01	5	7365	卖盘
11:02:57	14.74	--	7	10318	买盘
11:02:52	14.74	--	17	25058	买盘
11:02:47	14.74	--	23	33902	买盘
11:02:42	14.74	--	70	103180	买盘
11:02:37	14.74	--	27	39798	买盘
11:02:31	14.74	0.02	29	42746	买盘
11:02:27	14.72	-0.02	10	14720	卖盘
11:02:22	14.74	--	15	22110	买盘
11:02:17	14.74	0.01	157	231418	买盘
11:02:07	14.73	0.02	121	178822	买盘
11:02:01	14.71	--	19	27949	买盘
11:01:57	14.71	--	4	5884	买盘
11:01:52	14.71	--	7	10297	买盘
11:01:46	14.71	--	21	30891	买盘
11:01:42	14.71	--	8	11768	买盘
11:01:36	14.71	-0.01	34	50014	卖盘
11:01:32	14.72	0.01	20	29440	买盘
11:01:27	14.71	-0.01	66	97086	中性盘
11:01:22	14.72	--	4	5888	买盘
11:01:16	14.72	--	92	135424	买盘
11:01:12	14.72	--	54	80076	卖盘
11:01:07	14.72	--	57	83904	卖盘
11:01:02	14.72	-0.01	4	5888	卖盘
11:00:57	14.73	0.01	22	32406	买盘
11:00:52	14.72	-0.01	39	57408	卖盘
11:00:46	14.73	0.01	57	83961	买盘
11:00:42	14.72	-0.01	12	17664	卖盘
11:00:37	14.73	--	24	35352	买盘
11:00:32	14.73	--	15	22095	买盘
11:00:26	14.73	--	77	113421	买盘
11:00:22	14.73	--	31	45663	买盘
11:00:16	14.73	--	31	45663	买盘
11:00:11	14.73	0.01	81	119313	买盘
11:00:07	14.72	--	105	155443	买盘
11:00:02	14.72	--	33	48576	买盘
10:59:56	14.72	--	20	29440	买盘
10:59:52	14.72	--	9	13248	买盘
10:59:46	14.72	0.02	100	147200	买盘
10:59:41	14.7	-0.02	2	3822	卖盘
10:59:37	14.72	0.02	68	100096	买盘
10:59:31	14.7	-0.02	44	64680	卖盘
10:59:26	14.72	--	41	60352	买盘
10:59:16	14.72	0.02	80	117760	买盘
10:59:11	14.7	-0.02	12	17640	卖盘
10:59:07	14.72	0.02	61	89792	买盘
10:58:56	14.7	0.04	2559	3762759	买盘
10:58:51	14.66	--	32	46912	买盘
10:58:46	14.66	0.01	8	11728	买盘
10:58:36	14.65	-0.01	4	5860	卖盘
10:58:32	14.66	--	59	86494	买盘
10:58:26	14.66	--	20	29320	买盘
10:58:21	14.66	0.01	33	48378	买盘
10:58:16	14.65	-0.01	1	1465	卖盘
10:58:11	14.66	--	8	11728	买盘
10:58:06	14.66	--	54	79164	买盘
10:57:56	14.66	--	32	46912	买盘
10:57:51	14.66	--	165	243062	卖盘
10:57:47	14.66	-0.01	24	35184	卖盘
10:57:41	14.67	0.01	59	86553	买盘
10:57:36	14.66	--	31	45446	卖盘
10:57:31	14.66	--	10	14660	卖盘
10:57:26	14.66	--	1	1759	卖盘
10:57:16	14.66	-0.02	5	7330	卖盘
10:57:11	14.68	--	0	0	买盘
10:57:06	14.68	0.03	44	64592	买盘
10:57:01	14.65	-0.02	20	29300	卖盘
10:56:56	14.67	--	62	91130	卖盘
10:56:46	14.67	--	5	7335	卖盘
10:56:36	14.67	--	3	5691	卖盘
10:56:31	14.67	0.01	2	2934	卖盘
10:56:26	14.66	-0.01	10	14660	卖盘
10:56:16	14.67	-0.01	109	159903	买盘
10:56:06	14.68	--	45	66647	买盘
10:55:56	14.68	--	0	0	买盘
10:55:46	14.68	0.01	394	579272	买盘
10:55:36	14.67	0.01	8	11736	买盘
10:55:31	14.66	--	0	0	卖盘
10:55:25	14.66	-0.01	57	83562	卖盘
10:55:16	14.67	--	5	7335	买盘
10:55:10	14.67	-0.01	58	85086	卖盘
10:55:06	14.68	0.01	44	64592	买盘
10:55:01	14.67	--	178	261126	卖盘
10:54:55	14.67	--	16	24352	卖盘
10:54:51	14.67	--	17	24939	卖盘
10:54:46	14.67	--	4	6748	卖盘
10:54:41	14.67	--	20	29340	卖盘
10:54:30	14.67	--	14	20831	卖盘
10:54:21	14.67	-0.01	6	8802	卖盘
10:54:16	14.68	0.01	39	57252	买盘
10:54:11	14.67	-0.01	21	30807	卖盘
10:54:05	14.68	--	57	83676	买盘
10:54:01	14.68	--	1	1468	买盘
10:53:55	14.68	0.01	14	20552	买盘
10:53:50	14.67	--	2	2934	卖盘
10:53:46	14.67	--	8	11736	买盘
10:53:41	14.67	--	5	7335	卖盘
10:53:35	14.67	-0.01	19	27873	卖盘
10:53:31	14.68	--	9	13212	买盘
10:53:26	14.68	0.01	51	74868	买盘
10:53:20	14.67	0.01	8	11736	买盘
10:53:15	14.66	-0.01	9	13194	卖盘
10:53:11	14.67	-0.01	9	13203	卖盘
10:53:05	14.68	0.01	54	79272	买盘
10:53:00	14.67	--	17	24939	卖盘
10:52:45	14.67	--	83	121761	买盘
10:52:40	14.67	-0.01	9	13203	中性盘
10:52:30	14.68	--	50	73400	买盘
10:52:25	14.68	-0.01	20	29360	买盘
10:52:20	14.69	--	177	260953	买盘
10:52:15	14.69	0.02	7	10283	买盘
10:52:10	14.67	--	0	0	卖盘
10:52:05	14.67	-0.01	54	79746	卖盘
10:52:00	14.68	--	20	29360	买盘
10:51:55	14.68	--	4	5872	买盘
10:51:45	14.68	--	50	73400	买盘
10:51:40	14.68	--	5	7340	买盘
10:51:35	14.68	--	29	42572	买盘
10:51:20	14.68	0.02	16	23488	买盘
10:51:15	14.66	-0.03	35	51955	卖盘
10:51:11	14.69	0.01	70	103652	买盘
10:51:05	14.68	0.02	49	71932	买盘
10:51:00	14.66	-0.02	26	38116	卖盘
10:50:55	14.68	--	58	85144	买盘
10:50:50	14.68	--	52	76336	买盘
10:50:45	14.68	--	80	117440	买盘
10:50:40	14.68	--	37	54316	买盘
10:50:30	14.68	0.02	50	73400	买盘
10:50:25	14.66	-0.02	5	7330	中性盘
10:50:20	14.68	0.01	135	198180	买盘
10:50:15	14.67	0.01	7	10269	买盘
10:50:10	14.66	--	50	73945	卖盘
10:50:05	14.66	-0.01	29	42514	卖盘
10:50:00	14.67	0.06	1970	2890811	买盘
10:49:55	14.61	--	6	8766	卖盘
10:49:49	14.61	--	2	2922	卖盘
10:49:45	14.61	-0.01	10	14610	卖盘
10:49:40	14.62	0.01	5	7310	买盘
10:49:25	14.61	-0.02	170	248370	卖盘
10:49:19	14.63	--	8	11704	买盘
10:49:10	14.63	0.01	100	146300	买盘
10:49:04	14.62	0.01	44	64328	买盘
10:48:45	14.61	0.01	7	10227	买盘
10:48:34	14.6	--	11	16060	卖盘
10:48:25	14.6	-0.02	57	83220	卖盘
10:48:15	14.62	--	0	0	买盘
10:48:04	14.62	0.01	84	122808	买盘
10:47:55	14.61	0.01	48	70128	卖盘
10:47:50	14.6	-0.01	59	86140	卖盘
10:47:35	14.61	--	2	2922	买盘
10:47:25	14.61	0.01	100	146100	买盘
10:47:20	14.6	--	53	77657	买盘
10:47:05	14.6	--	44	64240	买盘
10:46:59	14.6	--	6	8760	买盘
10:46:39	14.6	--	0	0	买盘
10:46:34	14.6	0.01	7	10220	买盘
10:46:24	14.59	--	30	43770	卖盘
10:46:04	14.59	--	32	46688	买盘
10:45:44	14.59	--	78	113802	卖盘
10:45:39	14.59	--	18	26262	卖盘
10:45:34	14.59	-0.01	30	43770	卖盘
10:45:24	14.6	--	14	20440	买盘
10:45:20	14.6	--	20	29200	买盘
10:45:05	14.6	--	45	65700	买盘
10:44:54	14.6	--	66	96360	买盘
10:44:39	14.6	--	5	7300	买盘
10:44:14	14.6	--	70	102200	买盘
10:44:04	14.6	-0.03	277	405310	卖盘
10:43:59	14.63	--	10	14630	买盘
10:43:49	14.63	0.01	30	43890	买盘
10:43:44	14.62	--	150	219300	买盘
10:43:39	14.62	--	35	51462	卖盘
10:43:34	14.62	--	2	2924	卖盘
10:43:28	14.62	--	2	2924	卖盘
10:43:19	14.62	--	54	80117	卖盘
10:43:13	14.62	--	5	7310	卖盘
10:43:04	14.62	0.01	18	26316	买盘
10:42:58	14.61	--	70	102270	卖盘
10:42:54	14.61	-0.02	7	10227	卖盘
10:42:49	14.63	0.01	336	493016	买盘
10:42:44	14.62	0.01	376	549712	买盘
10:42:39	14.61	-0.01	10	14610	卖盘
10:42:34	14.62	0.01	14	20468	买盘
10:42:28	14.61	--	105	153405	卖盘
10:42:04	14.61	-0.01	65	94965	卖盘
10:41:58	14.62	--	1	1462	买盘
10:41:54	14.62	--	40	58480	买盘
10:41:49	14.62	-0.01	68	99416	中性盘
10:41:43	14.63	--	97	141911	买盘
10:41:34	14.63	--	47	68761	买盘
10:41:28	14.63	0.01	7	10241	买盘
10:41:23	14.62	--	23	33626	卖盘
10:41:19	14.62	-0.01	10	14620	卖盘
10:41:13	14.63	0.02	198	289674	买盘
10:41:04	14.61	--	42	61362	买盘
10:40:59	14.61	--	10	14610	买盘
10:40:53	14.61	--	55	80355	卖盘
10:40:49	14.61	--	70	102270	卖盘
10:40:43	14.61	0.01	162	236682	买盘
10:40:38	14.6	--	10	14600	卖盘
10:40:34	14.6	-0.01	5	7300	卖盘
10:40:28	14.61	--	11	16071	买盘
10:40:23	14.61	0.01	7	10227	买盘
10:40:18	14.6	-0.01	17	24820	卖盘
10:40:13	14.61	--	50	73050	买盘
10:40:08	14.61	--	8	11688	买盘
10:40:03	14.61	--	44	64284	买盘
10:39:58	14.61	0.01	58	84738	买盘
10:39:53	14.6	--	25	36500	卖盘
10:39:48	14.6	--	28	40880	卖盘
10:39:43	14.6	--	7	10220	卖盘
10:39:38	14.6	-0.01	2	2920	卖盘
10:39:33	14.61	0.01	174	254798	买盘
10:39:28	14.6	--	18	26280	买盘
10:39:23	14.6	--	13	18980	买盘
10:39:18	14.6	--	95	138700	买盘
10:39:13	14.6	--	7	10220	买盘
10:39:08	14.6	--	10	14600	买盘
10:39:03	14.6	0.01	52	75920	买盘
10:38:58	14.59	-0.01	10	14590	卖盘
10:38:53	14.6	--	0	0	买盘
10:38:48	14.6	--	617	900820	买盘
10:38:43	14.6	--	236	344560	买盘
10:38:33	14.6	--	0	0	买盘
10:38:28	14.6	--	118	172280	买盘
10:38:18	14.6	--	7	10220	买盘
10:38:13	14.6	--	10	14600	买盘
10:38:03	14.6	0.01	94	137240	买盘
10:37:58	14.59	-0.01	35	51065	中性盘
10:37:48	14.6	0.01	498	727080	买盘
10:37:43	14.59	0.01	101	147359	买盘
10:37:38	14.58	-0.01	1	1458	卖盘
10:37:33	14.59	--	72	105631	卖盘
10:37:28	14.59	0.01	712	1039683	买盘
10:37:23	14.58	-0.01	13	18954	卖盘
10:37:12	14.59	--	17	24803	买盘
10:37:07	14.59	--	46	67114	买盘
10:37:03	14.59	--	101	147359	买盘
10:36:58	14.59	0.01	4	5836	买盘
10:36:53	14.58	--	17	24786	卖盘
10:36:48	14.58	--	40	58320	卖盘
10:36:43	14.58	--	3	4374	卖盘
10:36:37	14.58	-0.01	110	160380	卖盘
10:36:28	14.59	0.01	26	37934	买盘
10:36:22	14.58	--	409	597488	买盘
10:36:18	14.58	0.01	443	645894	买盘
10:36:03	14.57	--	34	49538	买盘
10:35:58	14.57	0.01	15	21855	买盘
10:35:52	14.56	--	205	298480	卖盘
10:35:43	14.56	--	101	147056	卖盘
10:35:28	14.56	--	60	87360	卖盘
10:35:22	14.56	-0.01	7	10192	卖盘
10:35:13	14.57	--	2	2914	买盘
10:35:07	14.57	-0.01	10	14570	中性盘
10:35:02	14.58	0.02	44	64152	买盘
10:34:58	14.56	-0.01	1	1456	中性盘
10:34:52	14.57	--	7	10199	卖盘
10:34:47	14.57	-0.01	205	298685	中性盘
10:34:42	14.58	--	100	145800	买盘
10:34:37	14.58	--	0	0	买盘
10:34:28	14.58	0.02	106	154548	买盘
10:34:22	14.56	--	0	0	卖盘
10:34:13	14.56	--	2	2912	买盘
10:34:02	14.56	0.04	45	65520	买盘
10:33:57	14.52	-0.06	10	14520	卖盘
10:33:52	14.58	0.01	270	393660	买盘
10:33:47	14.57	0.05	202	294314	买盘
10:33:37	14.52	--	0	0	卖盘
10:33:32	14.52	-0.03	2	3775	卖盘
10:33:27	14.55	--	6	8730	买盘
10:33:12	14.55	-0.01	16	23280	卖盘
10:33:02	14.56	0.01	78	113568	买盘
10:32:52	14.55	--	4	5820	卖盘
10:32:42	14.55	--	52	75660	卖盘
10:32:37	14.55	--	2	2910	卖盘
10:32:27	14.55	0.03	4	5820	买盘
10:32:22	14.52	-0.03	165	239580	卖盘
10:32:17	14.55	--	2	2910	卖盘
10:32:02	14.55	0.01	42	61110	买盘
10:31:52	14.54	-0.01	1	1454	卖盘
10:31:47	14.55	--	1	1455	买盘
10:31:37	14.55	--	26	37830	买盘
10:31:27	14.55	--	1	1455	买盘
10:31:22	14.55	--	5	7275	买盘
10:31:17	14.55	--	42	61110	卖盘
10:31:12	14.55	-0.01	5	7275	卖盘
10:31:02	14.56	0.01	50	72800	买盘
10:30:52	14.55	--	10	14550	买盘
10:30:27	14.55	--	38	55290	卖盘
10:30:16	14.55	--	5	7275	卖盘
10:30:01	14.55	--	12	17460	买盘
10:29:57	14.55	-0.01	4	5820	买盘
10:29:42	14.56	--	2	2912	买盘
10:29:37	14.56	0.01	837	1218672	买盘
10:29:07	14.55	--	2	2910	卖盘
10:29:01	14.55	0.01	32	46560	买盘
10:28:52	14.54	--	78	113717	买盘
10:28:46	14.54	--	10	14540	买盘
10:28:25	14.54	-0.01	227	331206	卖盘
10:28:22	14.55	--	52	75965	买盘
10:28:07	14.55	--	29	42195	买盘
10:27:56	14.55	-0.01	314	458019	卖盘
10:27:52	14.56	--	43	62608	买盘
10:27:41	14.56	0.01	111	161616	买盘
10:27:37	14.55	-0.01	9	13109	卖盘
10:27:26	14.56	--	120	174720	买盘
10:27:21	14.56	--	18	26208	买盘
10:27:16	14.56	0.01	37	53872	卖盘
10:27:11	14.55	--	0	0	卖盘
10:27:06	14.55	-0.03	230	334650	卖盘
10:27:01	14.58	0.01	25	36741	买盘
10:26:56	14.57	-0.01	218	317626	卖盘
10:26:51	14.58	--	8	11664	买盘
10:26:46	14.58	-0.01	19	27702	卖盘
10:26:41	14.59	0.01	22	32098	买盘
10:26:36	14.58	--	14	20412	卖盘
10:26:31	14.58	0.01	62	90396	买盘
10:26:26	14.57	-0.01	2	2914	卖盘
10:26:21	14.58	--	91	132678	买盘
10:26:06	14.58	--	55	80190	买盘
10:26:01	14.58	0.02	20	29160	买盘
10:25:51	14.56	-0.02	14	20384	卖盘
10:25:46	14.58	-0.01	28	40824	买盘
10:25:36	14.59	--	7	10213	买盘
10:25:31	14.59	--	30	43770	买盘
10:25:26	14.59	-0.01	7	10213	买盘
10:25:16	14.6	--	8	11680	买盘
10:25:11	14.6	--	10	14600	买盘
10:25:06	14.6	--	10	14600	买盘
10:25:01	14.6	--	7	10220	买盘
10:24:55	14.6	--	20	29200	买盘
10:24:51	14.6	--	8	11680	买盘
10:24:46	14.6	-0.01	59	87016	卖盘
10:24:41	14.61	0.01	7	10227	买盘
10:24:31	14.6	0.1	940	1372984	买盘
10:24:21	14.5	--	3	4350	买盘
10:24:16	14.5	-0.06	679	984550	卖盘
10:24:10	14.56	--	0	0	买盘
10:24:06	14.56	0.04	507	738192	买盘
10:23:55	14.52	--	14	20328	买盘
10:23:51	14.52	--	10	14520	买盘
10:23:46	14.52	--	15	21780	买盘
10:23:40	14.52	0.01	10	14520	买盘
10:23:36	14.51	--	38	55138	买盘
10:23:31	14.51	-0.01	10	14510	买盘
10:23:25	14.52	--	34	49368	买盘
10:23:21	14.52	--	59	85668	买盘
10:23:16	14.52	0.01	31	45012	买盘
10:23:10	14.51	0.01	128	185728	买盘
10:23:01	14.5	--	8	11600	买盘
10:22:55	14.5	--	59	85550	买盘
10:22:51	14.5	0.01	6	8700	买盘
10:22:46	14.49	--	36	53033	买盘
10:22:40	14.49	--	18	26082	买盘
10:22:31	14.49	--	7	10143	买盘
10:22:25	14.49	0.01	207	299943	买盘
10:22:10	14.48	-0.01	142	206484	卖盘
10:21:46	14.49	-0.02	25	36225	卖盘
10:21:40	14.51	--	95	137845	买盘
10:21:35	14.51	--	5	7255	买盘
10:21:25	14.51	--	0	0	中性盘
10:21:16	14.51	--	3	4353	买盘
10:21:10	14.51	--	7	10157	买盘
10:20:55	14.51	--	10	14510	买盘
10:20:45	14.51	--	0	0	买盘
10:20:40	14.51	0.01	100	145100	买盘
10:20:35	14.5	--	4	5800	买盘
10:20:30	14.5	-0.01	157	227650	卖盘
10:20:25	14.51	-0.01	5	7255	买盘
10:20:20	14.52	--	0	0	买盘
10:20:15	14.52	--	30	43560	买盘
10:20:10	14.52	0.02	10	14520	买盘
10:19:55	14.5	--	37	53650	卖盘
10:19:45	14.5	--	4	5800	卖盘
10:19:40	14.5	--	20	29000	卖盘
10:19:30	14.5	0.01	95	137750	买盘
10:19:25	14.49	--	14	20286	卖盘
10:19:15	14.49	-0.01	14	20286	卖盘
10:19:00	14.5	--	9	13050	买盘
10:18:55	14.5	--	10	14500	买盘
10:18:50	14.5	-0.01	15	21750	卖盘
10:18:45	14.51	0.01	7	10157	买盘
10:18:40	14.5	--	0	0	卖盘
10:18:35	14.5	--	20	29000	卖盘
10:18:30	14.5	-0.01	200	290000	卖盘
10:18:25	14.51	--	38	55138	买盘
10:18:20	14.51	--	9	13059	买盘
10:18:15	14.51	--	102	148002	买盘
10:18:10	14.51	0.01	160	232160	买盘
10:18:05	14.5	-0.01	5	7250	卖盘
10:17:49	14.51	--	1	1451	买盘
10:17:40	14.51	-0.01	155	224905	卖盘
10:17:30	14.52	--	30	43560	买盘
10:17:25	14.52	--	40	58080	买盘
10:17:19	14.52	-0.04	148	216057	卖盘
10:17:15	14.56	0.01	10	14560	买盘
10:17:10	14.55	-0.01	35	50925	卖盘
10:17:04	14.56	0.03	195	284211	买盘
10:17:00	14.53	-0.02	15	21795	卖盘
10:16:55	14.55	--	20	29100	买盘
10:16:45	14.55	--	12	17460	买盘
10:16:40	14.55	--	111	161505	买盘
10:16:30	14.55	--	7	10185	买盘
10:16:25	14.55	--	7	10185	买盘
10:16:19	14.55	--	18	26190	买盘
10:16:15	14.55	0.03	15	21825	买盘
10:16:10	14.52	-0.03	29	42108	卖盘
10:16:04	14.55	--	18	26190	买盘
10:16:00	14.55	--	10	14550	买盘
10:15:55	14.55	0.01	66	96030	买盘
10:15:49	14.54	-0.01	13	18902	中性盘
10:15:44	14.55	0.03	17	24735	买盘
10:15:40	14.52	-0.02	54	78408	卖盘
10:15:34	14.54	0.02	30	43620	买盘
10:15:25	14.52	--	20	29040	买盘
10:15:10	14.52	-0.02	38	55176	卖盘
10:14:59	14.54	--	7	10178	买盘
10:14:55	14.54	-0.01	7	10178	买盘
10:14:49	14.55	0.04	35	50925	买盘
10:14:44	14.51	--	0	0	卖盘
10:14:39	14.51	-0.03	148	214748	卖盘
10:14:34	14.54	--	26	37804	卖盘
10:14:29	14.54	--	38	55252	买盘
10:14:24	14.54	0.02	12	17448	买盘
10:14:19	14.52	-0.02	58	84216	卖盘
10:14:14	14.54	--	10	14540	买盘
10:14:09	14.54	--	7	10178	买盘
10:14:04	14.54	--	6	8724	买盘
10:13:59	14.54	--	3	4362	买盘
10:13:54	14.54	-0.02	26	37804	卖盘
10:13:49	14.56	--	32	46592	买盘
10:13:44	14.56	-0.01	47	68432	卖盘
10:13:39	14.57	0.01	101	147157	买盘
10:13:34	14.56	-0.01	153	222768	卖盘
10:13:29	14.57	0.01	30	43710	买盘
10:13:24	14.56	-0.02	85	123760	卖盘
10:13:19	14.58	0.02	218	317844	买盘
10:13:14	14.56	-0.01	5	7280	卖盘
10:13:09	14.57	--	21	30597	买盘
10:13:04	14.57	--	18	26226	买盘
10:12:59	14.57	0.01	7	10199	买盘
10:12:54	14.56	--	27	39312	买盘
10:12:49	14.56	--	28	40768	买盘
10:12:44	14.56	--	0	0	买盘
10:12:39	14.56	0.01	57	82992	买盘
10:12:34	14.55	0.01	20	29100	买盘
10:12:28	14.54	-0.01	16	23264	卖盘
10:12:24	14.55	--	33	48015	买盘
10:12:19	14.55	0.04	27	39285	买盘
10:12:14	14.51	-0.02	57	82707	卖盘
10:12:09	14.53	0.01	81	117693	买盘
10:12:04	14.52	0.02	156	226512	买盘
10:11:59	14.5	0.01	15	21750	中性盘
10:11:54	14.49	--	174	252126	卖盘
10:11:49	14.49	-0.01	10	14490	卖盘
10:11:44	14.5	0.01	38	55100	买盘
10:11:39	14.49	--	8	11592	买盘
10:11:34	14.49	0.01	78	113601	买盘
10:11:28	14.48	--	12	17376	买盘
10:11:24	14.48	0.01	6	8688	买盘
10:11:19	14.47	--	70	102158	买盘
10:11:13	14.47	--	95	137465	买盘
10:11:09	14.47	0.01	38	54986	买盘
10:11:04	14.46	--	7	10122	买盘
10:10:58	14.46	--	25	36150	买盘
10:10:54	14.46	0.01	3	4338	买盘
10:10:49	14.45	0.01	235	339878	买盘
10:10:43	14.44	-0.01	2	2888	卖盘
10:10:34	14.45	0.01	22	31790	买盘
10:10:28	14.44	--	64	92416	买盘
10:10:24	14.44	--	7	10108	买盘
10:10:13	14.44	0.01	30	43320	买盘
10:09:58	14.43	--	3	4329	卖盘
10:09:34	14.43	-0.01	1	1443	卖盘
10:09:23	14.44	--	7	10108	买盘
10:09:19	14.44	--	50	72200	买盘
10:08:43	14.44	--	6	8664	卖盘
10:08:03	14.44	0.01	5	7220	买盘
10:07:58	14.43	--	2	2886	卖盘
10:07:43	14.43	0.01	54	77922	买盘
10:07:38	14.42	--	20	28840	卖盘
10:07:33	14.42	--	6	9517	卖盘
10:07:28	14.42	-0.01	35	50470	卖盘
10:07:08	14.43	0.01	10	14430	买盘
10:06:48	14.42	--	62	89404	卖盘
10:06:43	14.42	0.01	72	103824	买盘
10:06:33	14.41	--	10	14410	卖盘
10:06:13	14.41	--	17	24497	卖盘
10:06:03	14.41	-0.01	15	21615	卖盘
10:05:58	14.42	--	13	18746	卖盘
10:05:48	14.42	0.01	26	37492	卖盘
10:05:38	14.41	--	0	0	卖盘
10:05:33	14.41	--	0	0	卖盘
10:05:28	14.41	-0.01	15	21615	卖盘
10:05:22	14.42	-0.01	7	10094	卖盘
10:05:18	14.43	0.01	6	9523	买盘
10:05:13	14.42	--	26	37492	卖盘
10:05:07	14.42	--	0	0	卖盘
10:05:03	14.42	-0.03	200	288400	卖盘
10:04:58	14.45	0.02	2	2890	买盘
10:04:52	14.43	--	59	85137	卖盘
10:04:37	14.43	--	52	75036	卖盘
10:04:33	14.43	--	15	21645	卖盘
10:04:22	14.43	-0.02	50	72150	卖盘
10:04:18	14.45	--	0	0	买盘
10:04:12	14.45	0.02	5	7225	买盘
10:03:58	14.43	-0.02	3	4329	卖盘
10:03:52	14.45	0.02	7	10115	买盘
10:03:48	14.43	--	6	8658	卖盘
10:03:43	14.43	--	59	85137	卖盘
10:03:37	14.43	-0.01	84	121212	卖盘
10:03:28	14.44	0.01	8	11552	买盘
10:03:22	14.43	-0.01	1	1443	卖盘
10:03:17	14.44	0.01	7	10108	买盘
10:03:13	14.43	--	7	10101	卖盘
10:03:07	14.43	-0.01	10	14430	卖盘
10:02:58	14.44	0.01	8	11552	买盘
10:02:52	14.43	-0.01	14	20490	卖盘
10:02:43	14.44	--	7	10108	买盘
10:02:37	14.44	0.01	8	11552	买盘
10:02:32	14.43	0.01	16	23088	买盘
10:02:28	14.42	-0.01	1	1442	卖盘
10:02:22	14.43	--	27	38961	买盘
10:02:17	14.43	--	2	2886	买盘
10:02:12	14.43	0.01	18	25974	买盘
10:02:07	14.42	-0.01	1	1442	卖盘
10:02:02	14.43	0.01	7	10101	买盘
10:01:57	14.42	0.01	276	398842	买盘
10:01:52	14.41	--	9	12969	卖盘
10:01:42	14.41	-0.01	1	1441	卖盘
10:01:37	14.42	0.01	249	359634	买盘
10:01:27	14.41	--	7	10087	买盘
10:01:17	14.41	0.01	8	11528	买盘
10:01:12	14.4	--	1	1440	买盘
10:01:07	14.4	0.01	118	169920	买盘
10:01:02	14.39	-0.01	4	5756	卖盘
10:00:57	14.4	0.01	148	213120	买盘
10:00:46	14.39	-0.01	36	51804	卖盘
10:00:42	14.4	--	8	11520	买盘
10:00:37	14.4	--	80	115200	买盘
10:00:32	14.4	--	7	10080	买盘
10:00:27	14.4	-0.01	59	84960	卖盘
10:00:22	14.41	--	8	11528	买盘
10:00:12	14.41	--	8	11528	买盘
09:59:57	14.41	--	11	15851	卖盘
09:59:52	14.41	0.02	3	4323	买盘
09:59:47	14.39	--	101	145339	买盘
09:59:36	14.39	--	8	11512	买盘
09:59:32	14.39	--	10	14390	买盘
09:59:27	14.39	--	10	14390	买盘
09:59:22	14.39	--	2	2878	买盘
09:59:17	14.39	--	7	10073	买盘
09:59:12	14.39	-0.02	387	556893	卖盘
09:59:07	14.41	--	37	53317	卖盘
09:59:02	14.41	--	146	210386	买盘
09:58:52	14.41	0.01	18	25938	买盘
09:58:46	14.4	--	15	21600	卖盘
09:58:42	14.4	-0.01	2	2880	卖盘
09:58:31	14.41	0.01	8	11528	买盘
09:58:22	14.4	-0.01	29	41760	中性盘
09:58:16	14.41	0.02	15	21615	买盘
09:58:12	14.39	--	356	512284	卖盘
09:58:07	14.39	-0.02	1	1439	卖盘
09:58:01	14.41	0.02	8	11528	买盘
09:57:52	14.39	-0.02	3	4317	卖盘
09:57:46	14.41	0.02	26	37466	买盘
09:57:36	14.39	--	16	23024	买盘
09:57:27	14.39	--	7	10073	买盘
09:57:22	14.39	--	23	33097	买盘
09:57:16	14.39	0.01	17	24463	买盘
09:57:12	14.38	-0.01	27	38826	卖盘
09:57:07	14.39	--	33	47487	买盘
09:57:01	14.39	--	23	33097	买盘
09:56:56	14.39	--	55	79145	买盘
09:56:52	14.39	--	7	10073	买盘
09:56:46	14.39	-0.02	301	433139	卖盘
09:56:41	14.41	--	11	15851	买盘
09:56:31	14.41	0.01	8	11528	买盘
09:56:26	14.4	--	1	1440	卖盘
09:56:22	14.4	-0.01	58	83520	卖盘
09:56:07	14.41	0.01	7	10087	买盘
09:56:01	14.4	-0.01	50	72000	卖盘
09:55:56	14.41	--	8	11528	买盘
09:55:46	14.41	--	7	10087	买盘
09:55:41	14.41	-0.01	5	7205	卖盘
09:55:36	14.42	--	58	83636	买盘
09:55:26	14.42	--	8	11536	买盘
09:55:16	14.42	0.01	8	11536	买盘
09:55:06	14.41	-0.01	8	11528	卖盘
09:55:01	14.42	--	7	10094	买盘
09:54:51	14.42	--	8	11536	买盘
09:54:41	14.42	--	7	10094	买盘
09:54:36	14.42	-0.01	6	9243	卖盘
09:54:31	14.43	0.01	13	18759	买盘
09:54:16	14.42	0.03	408	589186	买盘
09:54:11	14.39	-0.01	8	11512	卖盘
09:54:06	14.4	0.02	16	23040	买盘
09:54:01	14.38	-0.01	64	92032	卖盘
09:53:56	14.39	0.02	7	10073	买盘
09:53:51	14.37	-0.02	4	5748	卖盘
09:53:46	14.39	0.01	31	44609	买盘
09:53:36	14.38	--	8	11504	买盘
09:53:31	14.38	-0.02	169	243022	卖盘
09:53:21	14.4	--	8	11520	买盘
09:53:11	14.4	0.01	9	12960	买盘
09:53:06	14.39	-0.02	18	25902	卖盘
09:53:01	14.41	0.01	9	12969	买盘
09:52:51	14.4	--	207	298080	卖盘
09:52:46	14.4	-0.01	171	246240	卖盘
09:52:40	14.41	--	9	12969	买盘
09:52:31	14.41	--	13	18733	买盘
09:52:25	14.41	--	58	83578	买盘
09:52:16	14.41	-0.01	320	461710	卖盘
09:52:10	14.42	-0.01	1	1442	卖盘
09:52:06	14.43	--	7	10101	买盘
09:52:01	14.43	--	0	0	买盘
09:51:55	14.43	0.01	17	24531	买盘
09:51:46	14.42	0.01	32	47283	买盘
09:51:40	14.41	-0.02	129	185889	卖盘
09:51:36	14.43	--	0	0	买盘
09:51:31	14.43	0.01	32	46176	买盘
09:51:25	14.42	0.01	28	40376	买盘
09:51:21	14.41	--	5	7205	卖盘
09:51:16	14.41	-0.01	29	42941	卖盘
09:51:10	14.42	--	9	12978	买盘
09:51:01	14.42	--	83	120551	卖盘
09:50:55	14.42	-0.01	29	42971	卖盘
09:50:51	14.43	0.01	8	11544	买盘
09:50:46	14.42	-0.01	23	34319	卖盘
09:50:40	14.43	0.01	169	243867	买盘
09:50:35	14.42	-0.01	14	20188	卖盘
09:50:31	14.43	--	12	17316	买盘
09:50:25	14.43	--	43	62049	买盘
09:50:16	14.43	--	11	15873	买盘
09:50:10	14.43	--	26	37518	卖盘
09:50:05	14.43	--	10	14430	卖盘
09:50:01	14.43	--	6	8658	卖盘
09:49:55	14.43	--	27	38961	卖盘
09:49:50	14.43	-0.01	39	56277	卖盘
09:49:46	14.44	0.01	56	80864	买盘
09:49:40	14.43	0.01	44	64646	买盘
09:49:35	14.42	-0.01	12	17304	卖盘
09:49:30	14.43	--	160	231745	卖盘
09:49:25	14.43	-0.01	15	21645	卖盘
09:49:20	14.44	0.01	7	10108	买盘
09:49:10	14.43	--	63	90909	卖盘
09:49:05	14.43	-0.01	7	10101	卖盘
09:49:00	14.44	-0.01	9	12996	卖盘
09:48:45	14.45	--	7	10115	买盘
09:48:40	14.45	--	10	14450	买盘
09:48:35	14.45	--	42	60690	买盘
09:48:25	14.45	--	17	24565	买盘
09:48:20	14.45	--	2	2890	卖盘
09:48:15	14.45	--	24	34680	卖盘
09:48:10	14.45	--	18	26010	卖盘
09:48:05	14.45	--	109	157505	卖盘
09:48:00	14.45	--	9	13005	卖盘
09:47:55	14.45	--	31	44795	卖盘
09:47:50	14.45	--	8	11560	卖盘
09:47:45	14.45	-0.02	13	18785	卖盘
09:47:40	14.47	0.02	25	36175	买盘
09:47:35	14.45	-0.02	1	1445	卖盘
09:47:30	14.47	--	20	28940	买盘
09:47:25	14.47	--	40	57880	买盘
09:47:20	14.47	--	7	10129	买盘
09:47:15	14.47	--	49	70903	买盘
09:47:10	14.47	--	8	11576	买盘
09:47:05	14.47	--	1	1447	买盘
09:47:00	14.47	--	7	10129	买盘
09:46:55	14.47	--	1	1447	买盘
09:46:45	14.47	--	8	11576	买盘
09:46:35	14.47	--	307	444229	买盘
09:46:30	14.47	--	6	8682	买盘
09:46:25	14.47	--	8	11576	买盘
09:46:15	14.47	0.01	7	10129	买盘
09:46:04	14.46	-0.01	18	26028	买盘
09:45:55	14.47	0.02	8	11576	买盘
09:45:49	14.45	-0.02	5	7225	卖盘
09:45:40	14.47	0.02	8	11576	买盘
09:45:34	14.45	-0.02	35	50575	卖盘
09:45:30	14.47	0.01	7	10129	买盘
09:45:25	14.46	0.01	11	15906	买盘
09:45:19	14.45	-0.01	28	40460	卖盘
09:45:10	14.46	0.01	10	14460	买盘
09:45:04	14.45	-0.01	11	15895	卖盘
09:44:54	14.46	-0.01	16	23136	中性盘
09:44:49	14.47	0.02	8	11576	买盘
09:44:40	14.45	--	13	18785	卖盘
09:44:34	14.45	--	32	46240	卖盘
09:44:29	14.45	-0.01	24	34680	卖盘
09:44:25	14.46	--	13	18798	卖盘
09:44:19	14.46	0.01	26	37596	中性盘
09:44:14	14.45	-0.02	11	15895	卖盘
09:44:10	14.47	0.01	109	157723	买盘
09:44:04	14.46	--	17	24582	卖盘
09:43:59	14.46	0.01	11	15906	买盘
09:43:55	14.45	-0.02	5	7225	卖盘
09:43:49	14.47	0.01	86	124442	买盘
09:43:44	14.46	--	2	2892	卖盘
09:43:40	14.46	-0.01	63	91098	卖盘
09:43:34	14.47	--	23	33281	卖盘
09:43:29	14.47	--	28	40516	卖盘
09:43:25	14.47	--	0	0	卖盘
09:43:19	14.47	--	18	26046	卖盘
09:43:09	14.47	-0.02	50	72350	卖盘
09:43:04	14.49	0.01	17	24633	买盘
09:42:54	14.48	-0.01	9	13032	卖盘
09:42:44	14.49	0.01	8	11592	买盘
09:42:39	14.48	--	9	13032	买盘
09:42:34	14.48	-0.01	7	10136	中性盘
09:42:24	14.49	--	40	57960	买盘
09:42:19	14.49	0.01	12	17388	买盘
09:42:14	14.48	-0.01	113	163624	卖盘
09:42:09	14.49	0.01	151	218799	买盘
09:42:04	14.48	-0.01	16	23168	卖盘
09:41:59	14.49	0.01	8	11592	买盘
09:41:54	14.48	-0.01	5	7240	卖盘
09:41:49	14.49	0.01	7	10143	买盘
09:41:44	14.48	-0.01	5	7240	卖盘
09:41:39	14.49	--	8	11592	买盘
09:41:24	14.49	--	351	508599	买盘
09:41:19	14.49	--	19	27531	买盘
09:41:14	14.49	0.01	8	11592	买盘
09:41:04	14.48	--	17	24616	卖盘
09:40:59	14.48	-0.01	18	26064	卖盘
09:40:54	14.49	--	7	10143	买盘
09:40:39	14.49	0.01	144	208656	买盘
09:40:34	14.48	0.01	21	30408	买盘
09:40:19	14.47	--	4	5788	卖盘
09:40:14	14.47	0.02	90	130230	买盘
09:40:09	14.45	--	22	31790	卖盘
09:40:04	14.45	-0.01	41	59245	卖盘
09:39:58	14.46	--	134	193764	卖盘
09:39:54	14.46	--	17	24582	卖盘
09:39:49	14.46	--	47	67962	卖盘
09:39:43	14.46	-0.01	66	95436	卖盘
09:39:39	14.47	--	11	15917	卖盘
09:39:34	14.47	--	25	36175	卖盘
09:39:28	14.47	--	22	31834	卖盘
09:39:19	14.47	-0.01	16	23152	卖盘
09:39:13	14.48	0.01	9	13032	买盘
09:39:04	14.47	--	11	15917	卖盘
09:38:58	14.47	-0.02	84	121548	卖盘
09:38:54	14.49	0.01	8	11592	买盘
09:38:49	14.48	--	10	14480	卖盘
09:38:43	14.48	-0.01	21	30408	中性盘
09:38:39	14.49	-0.02	24	35935	卖盘
09:38:34	14.51	0.01	8	11608	买盘
09:38:28	14.5	--	120	174000	买盘
09:38:19	14.5	0.01	26	37700	买盘
09:38:13	14.49	--	60	87229	买盘
09:38:08	14.49	0.03	7	10143	买盘
09:38:04	14.46	-0.03	10	14460	卖盘
09:37:58	14.49	0.03	8	11592	买盘
09:37:49	14.46	0.02	17	24582	中性盘
09:37:43	14.44	-0.02	26	38121	卖盘
09:37:34	14.46	--	32	46272	卖盘
09:37:28	14.46	-0.03	14	20244	卖盘
09:37:23	14.49	--	18	26082	买盘
09:37:19	14.49	--	1	1449	买盘
09:37:13	14.49	0.02	42	60858	买盘
09:37:08	14.47	--	5	7235	买盘
09:37:03	14.47	--	68	98396	买盘
09:36:48	14.47	--	8	11576	买盘
09:36:43	14.47	0.01	7	10129	买盘
09:36:33	14.46	--	18	26028	买盘
09:36:28	14.46	--	7	10122	买盘
09:36:23	14.46	--	2	2892	买盘
09:36:18	14.46	--	8	11568	买盘
09:36:08	14.46	0.03	8	11568	买盘
09:36:03	14.43	--	28	40404	买盘
09:35:58	14.43	0.01	92	132756	买盘
09:35:53	14.42	-0.01	54	77868	卖盘
09:35:48	14.43	--	6	8658	买盘
09:35:43	14.43	0.01	61	88023	买盘
09:35:38	14.42	-0.01	20	28840	卖盘
09:35:33	14.43	--	7	10101	买盘
09:35:28	14.43	-0.03	379	546897	卖盘
09:35:23	14.46	0.01	8	11568	买盘
09:35:18	14.45	--	0	0	中性盘
09:35:13	14.45	--	9	13005	买盘
09:35:03	14.45	--	10	14450	买盘
09:34:58	14.45	0.01	10	14450	买盘
09:34:53	14.44	--	3	4332	卖盘
09:34:48	14.44	-0.01	15	21660	卖盘
09:34:38	14.45	0.01	8	11560	买盘
09:34:33	14.44	-0.01	60	86640	卖盘
09:34:28	14.45	--	53	76585	买盘
09:34:18	14.45	-0.01	151	218195	卖盘
09:34:13	14.46	--	20	28920	买盘
09:34:03	14.46	--	48	69408	卖盘
09:33:57	14.46	-0.01	9	13014	卖盘
09:33:48	14.47	--	107	154829	卖盘
09:33:43	14.47	-0.01	16	23152	卖盘
09:33:37	14.48	-0.01	55	79640	中性盘
09:33:33	14.49	0.01	8	11592	买盘
09:33:28	14.48	-0.01	20	28960	卖盘
09:33:22	14.49	0.01	8	11592	买盘
09:33:13	14.48	--	22	31856	卖盘
09:33:07	14.48	--	20	28960	卖盘
09:33:03	14.48	-0.01	10	14480	卖盘
09:32:57	14.49	--	161	233289	卖盘
09:32:52	14.49	-0.03	23	33327	卖盘
09:32:43	14.52	0.03	16	23232	买盘
09:32:37	14.49	--	20	28980	卖盘
09:32:33	14.49	--	24	34776	卖盘
09:32:28	14.49	--	4	5796	卖盘
09:32:17	14.49	--	16	23184	卖盘
09:32:13	14.49	-0.03	9	13041	卖盘
09:32:07	14.52	0.03	18	26136	买盘
09:31:58	14.49	-0.03	2	2898	卖盘
09:31:52	14.52	0.03	97	140844	买盘
09:31:43	14.49	0.01	18	26082	买盘
09:31:37	14.48	-0.01	5	7240	卖盘
09:31:32	14.49	--	7	10143	买盘
09:31:22	14.49	0.02	8	11592	买盘
09:31:17	14.47	-0.02	6	8682	卖盘
09:31:13	14.49	0.02	442	640458	买盘
09:31:07	14.47	-0.01	19	27493	卖盘
09:31:02	14.48	--	29	41992	卖盘
09:30:57	14.48	-0.01	26	37648	卖盘
09:30:52	14.49	-0.01	95	137655	卖盘
09:30:47	14.5	-0.01	47	68150	卖盘
09:30:42	14.51	0.01	100	145100	买盘
09:30:37	14.5	-0.01	34	49300	卖盘
09:30:27	14.51	--	10	14510	买盘
09:30:22	14.51	--	10	14510	买盘
09:30:12	14.51	0.01	8	11608	买盘
09:30:07	14.5	--	50	72500	买盘
09:30:02	14.5	0.02	10	14500	买盘
09:28:46	14.48	--	0	0	卖盘
09:25:05	14.48	14.48	110	159280	买盘
