成交时间	成交价	价格变动	成交量(手)	成交额(元)	性质
15:00:00	6.19	--	0	0	卖盘
15:00:00	6.19	--	40	24760	卖盘
14:59:58	6.19	--	38	23522	卖盘
14:59:52	6.19	--	10	6190	卖盘
14:59:43	6.19	--	55	34045	卖盘
14:59:37	6.19	--	293	181367	卖盘
14:59:33	6.19	--	20	12380	卖盘
14:59:28	6.19	--	100	61900	卖盘
14:59:22	6.19	--	5	3095	卖盘
14:59:07	6.19	-0.01	10	6190	卖盘
14:58:58	6.2	0.01	145	89900	买盘
14:58:43	6.19	-0.01	30	18570	卖盘
14:58:13	6.2	--	50	31000	买盘
14:57:18	6.2	0.01	3	1860	买盘
14:57:07	6.19	-0.01	300	185700	卖盘
14:56:48	6.2	--	51	31620	买盘
14:56:43	6.2	0.01	3	1860	买盘
14:56:37	6.19	--	59	36521	卖盘
14:56:22	6.19	-0.01	171	105849	卖盘
14:56:07	6.2	0.01	10	6200	买盘
14:56:03	6.19	--	1	619	卖盘
14:55:48	6.19	--	5	3095	卖盘
14:55:43	6.19	--	14	8666	卖盘
14:55:37	6.19	--	6	3714	卖盘
14:55:18	6.19	--	1	619	卖盘
14:55:07	6.19	--	1	1213	买盘
14:54:57	6.19	--	53	32831	卖盘
14:54:48	6.19	--	54	34020	买盘
14:54:22	6.19	--	98	60662	买盘
14:54:17	6.19	--	58	35902	买盘
14:54:12	6.19	--	34	21046	买盘
14:54:02	6.19	--	135	83565	买盘
14:53:57	6.19	0.01	16	9904	买盘
14:53:52	6.18	-0.01	67	41406	卖盘
14:53:46	6.19	0.01	60	37140	买盘
14:53:37	6.18	-0.01	40	24720	卖盘
14:53:22	6.19	--	18	11142	买盘
14:53:12	6.19	--	90	55710	买盘
14:53:01	6.19	--	20	12380	买盘
14:52:46	6.19	--	684	423420	卖盘
14:52:22	6.19	--	19	11761	卖盘
14:52:12	6.19	-0.01	4	3070	卖盘
14:52:07	6.2	--	6	3720	买盘
14:51:52	6.2	0.01	54	33480	买盘
14:51:37	6.19	--	3	1857	卖盘
14:51:22	6.19	--	184	113896	卖盘
14:50:57	6.19	--	16	9904	卖盘
14:50:46	6.19	-0.01	30	18570	卖盘
14:50:37	6.2	--	5	3100	买盘
14:50:31	6.2	0.01	54	33480	买盘
14:50:22	6.19	--	2	1238	卖盘
14:50:16	6.19	--	50	30950	卖盘
14:50:11	6.19	-0.01	9	5571	卖盘
14:49:56	6.2	--	1	620	买盘
14:49:37	6.2	--	50	31000	买盘
14:49:07	6.2	--	32	19840	买盘
14:48:31	6.2	--	3	1860	买盘
14:48:16	6.2	--	2	1240	买盘
14:47:31	6.2	0.01	2	1240	买盘
14:47:11	6.19	-0.01	60	37140	卖盘
14:46:56	6.2	--	50	31000	买盘
14:46:36	6.2	--	48	29760	买盘
14:46:31	6.2	0.01	48	29760	买盘
14:46:10	6.19	--	1	619	卖盘
14:45:55	6.19	--	15	9285	买盘
14:45:51	6.19	--	8	4952	买盘
14:45:46	6.19	--	2	1238	卖盘
14:45:21	6.19	--	1	619	买盘
14:45:16	6.19	--	2	1238	买盘
14:44:55	6.19	--	10	6190	买盘
14:44:46	6.19	0.01	102	63138	买盘
14:44:25	6.18	-0.01	10	6736	卖盘
14:44:21	6.19	--	2	1238	买盘
14:44:16	6.19	--	20	12380	买盘
14:44:01	6.19	--	30	18570	买盘
14:43:55	6.19	0.01	85	52615	买盘
14:43:46	6.18	-0.01	22	13596	卖盘
14:43:40	6.19	0.01	20	12380	买盘
14:43:25	6.18	-0.01	71	44421	卖盘
14:43:16	6.19	0.01	48	29712	买盘
14:43:01	6.18	--	5	3090	卖盘
14:42:31	6.18	--	96	59328	卖盘
14:42:25	6.18	-0.01	27	17229	卖盘
14:42:16	6.19	--	5	3095	买盘
14:42:10	6.19	--	22	13618	买盘
14:42:05	6.19	--	7	4333	买盘
14:42:01	6.19	--	10	6190	买盘
14:41:50	6.19	--	10	6190	买盘
14:41:46	6.19	--	10	6190	买盘
14:41:31	6.19	0.01	39	24141	买盘
14:41:25	6.18	--	370	229203	卖盘
14:41:15	6.18	-0.01	1	618	卖盘
14:41:10	6.19	--	10	6190	买盘
14:41:05	6.19	0.01	15	9285	买盘
14:40:55	6.18	--	280	173040	卖盘
14:40:50	6.18	-0.01	44	27192	卖盘
14:40:35	6.19	--	63	38997	买盘
14:40:30	6.19	--	10	6190	买盘
14:40:25	6.19	--	64	40210	卖盘
14:40:10	6.19	--	58	35902	卖盘
14:40:05	6.19	-0.01	102	63138	卖盘
14:40:00	6.2	0.01	51	31620	买盘
14:39:35	6.19	--	150	92850	卖盘
14:39:30	6.19	--	25	15475	卖盘
14:39:25	6.19	-0.01	23	14756	卖盘
14:39:19	6.2	--	1	620	买盘
14:39:15	6.2	0.01	16	9920	买盘
14:39:04	6.19	--	100	61900	卖盘
14:38:55	6.19	--	210	129990	卖盘
14:38:45	6.19	--	49	30331	卖盘
14:38:34	6.19	--	100	61900	卖盘
14:38:30	6.19	-0.01	300	185700	卖盘
14:38:19	6.2	0.01	32	19840	买盘
14:38:10	6.19	--	111	68709	卖盘
14:38:04	6.19	-0.01	100	61900	卖盘
14:38:00	6.2	--	16	9920	买盘
14:37:49	6.2	0.01	1	620	买盘
14:37:40	6.19	--	38	23522	卖盘
14:37:34	6.19	--	3	1881	卖盘
14:37:29	6.19	-0.01	100	61900	卖盘
14:37:25	6.2	0.01	34	21080	买盘
14:37:19	6.19	--	308	190652	卖盘
14:37:10	6.19	--	95	58805	卖盘
14:37:00	6.19	-0.01	105	64995	卖盘
14:36:49	6.2	--	78	48360	卖盘
14:36:40	6.2	-0.01	5	3100	卖盘
14:36:34	6.21	0.01	10	6210	买盘
14:36:29	6.2	-0.01	100	62000	卖盘
14:36:10	6.21	0.01	11	6831	买盘
14:35:59	6.2	--	103	63860	卖盘
14:35:49	6.2	--	17	10540	卖盘
14:35:29	6.2	--	100	62000	卖盘
14:35:25	6.2	-0.01	9	5580	卖盘
14:35:19	6.21	0.01	4	2484	买盘
14:34:59	6.2	--	100	62000	卖盘
14:34:44	6.2	--	18	11160	卖盘
14:34:40	6.2	--	222	137640	卖盘
14:34:34	6.2	--	208	128960	卖盘
14:34:29	6.2	--	100	62000	卖盘
14:34:25	6.2	--	29	17980	买盘
14:34:04	6.2	0.01	52	32240	买盘
14:33:59	6.19	-0.01	100	61900	卖盘
14:33:44	6.2	--	88	54560	买盘
14:33:39	6.2	--	100	62000	买盘
14:33:34	6.2	0.01	378	234360	买盘
14:33:29	6.19	-0.01	100	61900	卖盘
14:33:19	6.2	0.01	15	9300	买盘
14:33:14	6.19	--	4	2476	卖盘
14:32:59	6.19	--	100	61900	卖盘
14:32:39	6.19	--	10	6190	卖盘
14:32:34	6.19	--	34	21046	卖盘
14:32:28	6.19	-0.01	100	61900	卖盘
14:32:19	6.2	--	59	36580	买盘
14:32:09	6.2	--	20	12400	买盘
14:32:04	6.2	0.01	7	4340	买盘
14:31:58	6.19	-0.01	105	64995	卖盘
14:31:49	6.2	--	44	27280	买盘
14:31:34	6.2	--	481	298220	买盘
14:31:28	6.2	0.01	105	65100	买盘
14:31:13	6.19	--	100	61900	卖盘
14:30:58	6.19	--	100	61900	卖盘
14:30:28	6.19	-0.01	100	61900	卖盘
14:30:19	6.2	0.01	48	29760	买盘
14:30:13	6.19	--	25	15475	卖盘
14:30:04	6.19	-0.01	455	282245	卖盘
14:29:58	6.2	0.01	77	47740	买盘
14:29:53	6.19	-0.01	70	43330	卖盘
14:29:49	6.2	--	22	13640	买盘
14:29:43	6.2	0.01	45	27900	买盘
14:29:34	6.19	--	38	23522	卖盘
14:29:28	6.19	--	100	61900	卖盘
14:29:19	6.19	--	1	619	卖盘
14:28:53	6.19	-0.01	100	61900	卖盘
14:28:49	6.2	--	20	12400	买盘
14:28:38	6.2	0.01	20	12400	买盘
14:28:28	6.19	--	17	10523	卖盘
14:28:23	6.19	--	100	61900	卖盘
14:28:13	6.19	--	50	30950	卖盘
14:28:04	6.19	--	10	6190	卖盘
14:27:58	6.19	--	123	76508	卖盘
14:27:53	6.19	--	130	80470	卖盘
14:27:49	6.19	-0.01	424	262456	卖盘
14:27:34	6.2	0.01	14	8680	买盘
14:27:23	6.19	-0.01	100	61900	卖盘
14:27:03	6.2	0.01	10	6200	买盘
14:26:58	6.19	--	27	17084	卖盘
14:26:53	6.19	-0.01	100	61900	卖盘
14:26:23	6.2	0.01	101	62620	买盘
14:26:08	6.19	-0.01	15	9285	卖盘
14:25:58	6.2	0.01	28	17732	买盘
14:25:53	6.19	--	100	61900	卖盘
14:25:48	6.19	--	10	6190	卖盘
14:25:18	6.19	-0.01	30	18570	卖盘
14:25:13	6.2	--	38	23560	买盘
14:24:58	6.2	0.01	527	327118	买盘
14:24:48	6.19	--	1	619	卖盘
14:24:43	6.19	--	50	30950	卖盘
14:24:37	6.19	--	65	40235	卖盘
14:24:28	6.19	--	50	30950	卖盘
14:24:22	6.19	-0.01	12	7539	卖盘
14:24:18	6.2	0.01	116	71920	买盘
14:24:13	6.19	--	44	27236	卖盘
14:24:07	6.19	--	400	247600	卖盘
14:23:58	6.19	--	28	17703	卖盘
14:23:52	6.19	--	33	20427	卖盘
14:23:48	6.19	-0.01	18	11142	卖盘
14:23:43	6.2	0.01	262	162440	买盘
14:23:33	6.19	-0.01	8	4952	卖盘
14:23:28	6.2	--	3004	1862480	卖盘
14:23:22	6.2	--	236	146320	卖盘
14:23:18	6.2	--	10	6200	卖盘
14:23:13	6.2	--	17	10540	卖盘
14:23:07	6.2	--	14	8680	卖盘
14:22:58	6.2	--	100	62000	卖盘
14:22:37	6.2	--	4	2480	卖盘
14:22:28	6.2	--	107	66340	卖盘
14:22:22	6.2	--	17	10540	卖盘
14:22:13	6.2	--	20	12400	卖盘
14:21:58	6.2	--	104	64480	卖盘
14:21:52	6.2	--	17	10540	卖盘
14:21:43	6.2	-0.01	16	9920	卖盘
14:21:37	6.21	--	7	4347	买盘
14:21:28	6.21	--	143	89200	卖盘
14:21:22	6.21	--	4	2484	卖盘
14:21:13	6.21	--	8	4968	卖盘
14:20:58	6.21	--	152	94392	卖盘
14:20:43	6.21	--	1	621	卖盘
14:20:37	6.21	--	18	11178	卖盘
14:20:27	6.21	--	148	91908	卖盘
14:20:22	6.21	--	10	6210	卖盘
14:19:57	6.21	--	100	62100	卖盘
14:19:47	6.21	--	1	621	卖盘
14:19:32	6.21	--	100	62100	卖盘
14:19:27	6.21	--	100	62100	卖盘
14:19:22	6.21	--	300	186300	卖盘
14:19:17	6.21	--	40	24840	卖盘
14:18:57	6.21	--	169	104949	卖盘
14:18:52	6.21	--	20	12420	卖盘
14:18:47	6.21	--	70	43470	卖盘
14:18:27	6.21	-0.01	100	62100	卖盘
14:18:01	6.22	0.01	3	1866	买盘
14:17:57	6.21	-0.01	100	62100	卖盘
14:17:52	6.22	0.01	3	1866	买盘
14:17:27	6.21	--	100	62100	卖盘
14:17:22	6.21	-0.01	10	6210	卖盘
14:17:07	6.22	--	10	6220	买盘
14:16:57	6.22	0.01	10	6220	买盘
14:16:52	6.21	-0.01	100	62100	卖盘
14:16:46	6.22	--	57	35454	买盘
14:16:37	6.22	--	10	6220	买盘
14:16:22	6.22	0.01	10	6220	买盘
14:16:16	6.21	-0.01	10	6210	卖盘
14:16:01	6.22	--	10	6220	买盘
14:15:46	6.22	0.01	54	33588	买盘
14:15:37	6.21	--	148	91908	卖盘
14:15:26	6.21	-0.01	7	4347	卖盘
14:15:22	6.22	--	200	124400	买盘
14:15:16	6.22	0.01	30	18660	买盘
14:15:07	6.21	-0.01	48	29808	卖盘
14:15:01	6.22	0.01	10	6220	买盘
14:14:37	6.21	-0.01	58	36018	卖盘
14:14:26	6.22	0.01	5	3110	买盘
14:14:06	6.21	--	48	29808	卖盘
14:13:36	6.21	-0.01	48	29808	卖盘
14:13:16	6.22	--	31	19282	买盘
14:13:06	6.22	--	7	4354	买盘
14:13:01	6.22	--	20	12440	卖盘
14:12:56	6.22	0.01	133	82726	买盘
14:12:46	6.21	-0.01	51	31671	卖盘
14:12:26	6.22	--	14	8708	卖盘
14:12:16	6.22	0.01	11	6842	买盘
14:12:01	6.21	--	48	29808	卖盘
14:11:56	6.21	--	0	0	卖盘
14:11:51	6.21	--	5	3105	卖盘
14:11:31	6.21	--	72	44712	卖盘
14:11:01	6.21	--	48	29808	卖盘
14:10:46	6.21	--	20	12420	卖盘
14:10:31	6.21	--	48	29808	卖盘
14:10:25	6.21	--	72	44712	卖盘
14:10:10	6.21	--	0	0	卖盘
14:10:01	6.21	--	48	29808	卖盘
14:09:31	6.21	-0.02	48	29808	卖盘
14:09:06	6.23	0.01	30	18690	买盘
14:09:01	6.22	--	37	23032	卖盘
14:08:31	6.22	--	48	29856	卖盘
14:08:25	6.22	-0.01	200	124400	卖盘
14:08:20	6.23	0.01	10	6230	买盘
14:08:01	6.22	--	53	32966	卖盘
14:07:55	6.22	--	100	62200	卖盘
14:07:31	6.22	--	48	29856	卖盘
14:07:10	6.22	--	1	622	卖盘
14:07:00	6.22	--	55	34210	卖盘
14:06:30	6.22	-0.01	48	29856	卖盘
14:06:15	6.23	-0.01	66	41118	卖盘
14:06:10	6.24	0.01	5	3120	买盘
14:06:05	6.23	--	66	41118	买盘
14:06:00	6.23	--	45	28035	卖盘
14:05:50	6.23	--	31	19313	买盘
14:05:30	6.23	-0.01	27	16821	卖盘
14:05:20	6.24	0.01	3	1872	买盘
14:05:10	6.23	0.01	7	4361	买盘
14:05:00	6.22	-0.01	48	29856	卖盘
14:04:50	6.23	0.01	4	2492	买盘
14:04:40	6.22	--	0	0	卖盘
14:04:30	6.22	--	48	29856	卖盘
14:04:00	6.22	--	48	29856	卖盘
14:03:30	6.22	--	48	29856	卖盘
14:03:19	6.22	-0.02	50	31100	卖盘
14:03:10	6.24	0.02	170	106080	买盘
14:03:00	6.22	--	0	0	卖盘
14:02:55	6.22	-0.01	345	214590	卖盘
14:02:45	6.23	--	27	16821	买盘
14:02:40	6.23	--	22	13706	卖盘
14:02:30	6.23	--	13	8099	买盘
14:02:25	6.23	--	5	3115	买盘
14:02:15	6.23	--	10	6230	买盘
14:02:10	6.23	--	75	46725	买盘
14:02:04	6.23	--	0	0	中性盘
14:02:00	6.23	--	199	123977	买盘
14:01:49	6.23	--	1	623	卖盘
14:01:40	6.23	--	126	78498	买盘
14:01:34	6.23	--	10	6230	买盘
14:01:14	6.23	--	20	12460	买盘
14:01:04	6.23	--	145	90335	卖盘
14:00:40	6.23	--	48	29904	卖盘
14:00:09	6.23	-0.01	48	29904	卖盘
14:00:04	6.24	0.01	6	3744	买盘
13:59:40	6.23	--	48	29904	卖盘
13:59:34	6.23	0.01	1	623	卖盘
13:59:09	6.22	-0.01	48	29856	卖盘
13:58:59	6.23	--	31	19313	买盘
13:58:49	6.23	--	5	3115	买盘
13:58:44	6.23	0.01	20	12460	买盘
13:58:39	6.22	--	112	70267	卖盘
13:58:04	6.22	--	48	29856	卖盘
13:57:34	6.22	-0.01	48	29856	卖盘
13:57:29	6.23	0.01	2	1246	买盘
13:57:04	6.22	--	58	36076	卖盘
13:56:34	6.22	-0.01	48	29856	卖盘
13:56:04	6.23	--	13	8099	卖盘
13:55:43	6.23	0.01	28	17444	买盘
13:55:34	6.22	-0.01	48	29856	卖盘
13:55:18	6.23	--	5	3115	买盘
13:55:09	6.23	--	21	13083	卖盘
13:55:04	6.23	--	48	29904	卖盘
13:54:48	6.23	0.01	99	61677	买盘
13:54:33	6.22	--	48	29856	卖盘
13:54:04	6.22	--	48	29856	卖盘
13:53:33	6.22	--	48	29856	卖盘
13:53:04	6.22	--	48	29856	卖盘
13:52:53	6.22	--	8	4976	卖盘
13:52:43	6.22	--	10	6220	卖盘
13:52:33	6.22	-0.01	48	29856	卖盘
13:52:28	6.23	--	61	38003	买盘
13:52:08	6.23	0.01	80	49840	买盘
13:52:03	6.22	--	48	29856	卖盘
13:51:58	6.22	--	324	201528	卖盘
13:51:33	6.22	--	48	29856	卖盘
13:51:23	6.22	--	10	6220	卖盘
13:51:03	6.22	-0.01	48	29856	卖盘
13:50:43	6.23	0.01	7	4361	买盘
13:50:33	6.22	--	48	29856	卖盘
13:50:03	6.22	--	48	29856	卖盘
13:49:33	6.22	--	48	29856	卖盘
13:49:18	6.22	--	17	10574	买盘
13:49:03	6.22	--	7	4354	卖盘
13:48:58	6.22	--	24	14928	卖盘
13:48:52	6.22	--	5	3110	卖盘
13:48:37	6.22	--	36	22392	买盘
13:48:28	6.22	--	29	18038	卖盘
13:48:12	6.22	0.01	5	3110	买盘
13:47:57	6.21	--	48	29808	卖盘
13:47:37	6.21	--	0	0	卖盘
13:47:27	6.21	--	140	86940	卖盘
13:46:57	6.21	-0.02	83	51543	卖盘
13:46:37	6.23	0.02	92	57316	买盘
13:46:27	6.21	-0.02	48	29808	卖盘
13:46:07	6.23	0.01	95	59185	买盘
13:45:57	6.22	--	91	56602	买盘
13:45:42	6.22	0.01	25	15550	买盘
13:45:37	6.21	--	3	1863	卖盘
13:45:27	6.21	--	48	29808	卖盘
13:45:22	6.21	--	17	10557	卖盘
13:44:57	6.21	-0.01	51	31671	卖盘
13:44:52	6.22	0.01	19	11818	买盘
13:44:37	6.21	--	20	12420	卖盘
13:44:32	6.21	--	10	6210	卖盘
13:44:27	6.21	--	48	29808	卖盘
13:44:17	6.21	--	10	6210	卖盘
13:44:07	6.21	--	1130	701730	卖盘
13:43:57	6.21	--	48	29808	卖盘
13:43:52	6.21	--	63	39123	卖盘
13:43:32	6.21	--	97	60237	卖盘
13:43:27	6.21	--	50	31050	卖盘
13:43:07	6.21	-0.01	44	27324	卖盘
13:43:02	6.22	0.01	7	4354	买盘
13:42:57	6.21	--	48	29808	卖盘
13:42:46	6.21	-0.01	10	6210	卖盘
13:42:27	6.22	--	14	8708	卖盘
13:42:12	6.22	0.01	5	3110	买盘
13:42:07	6.21	--	0	0	卖盘
13:41:57	6.21	-0.01	48	29808	卖盘
13:41:46	6.22	--	25	15550	买盘
13:41:27	6.22	-0.01	35	21770	卖盘
13:41:21	6.23	0.01	71	44233	买盘
13:41:11	6.22	--	5	3110	卖盘
13:41:01	6.22	--	39	24258	卖盘
13:40:57	6.22	--	48	29856	卖盘
13:40:36	6.22	--	1	622	卖盘
13:40:31	6.22	--	150	93300	卖盘
13:40:26	6.22	--	48	29856	卖盘
13:40:06	6.22	--	3	1866	卖盘
13:39:51	6.22	-0.01	82	51004	卖盘
13:39:31	6.23	0.01	16	9968	买盘
13:39:21	6.22	-0.01	48	29856	卖盘
13:39:16	6.23	0.01	35	21805	买盘
13:38:51	6.22	--	58	36076	卖盘
13:38:36	6.22	--	20	12440	卖盘
13:38:21	6.22	--	49	30478	卖盘
13:37:56	6.22	--	58	36076	卖盘
13:37:46	6.22	-0.01	11	6842	卖盘
13:37:36	6.23	--	4	2492	买盘
13:37:31	6.23	0.01	14	8722	买盘
13:37:26	6.22	--	66	41052	卖盘
13:36:56	6.22	--	248	154256	卖盘
13:36:41	6.22	--	10	6220	卖盘
13:36:36	6.22	--	30	18660	卖盘
13:36:26	6.22	--	48	29856	卖盘
13:36:16	6.22	--	30	18660	卖盘
13:35:56	6.22	--	50	31100	卖盘
13:35:40	6.22	--	2	1244	卖盘
13:35:25	6.22	--	124	77128	卖盘
13:35:21	6.22	-0.01	24	14928	卖盘
13:35:16	6.23	0.01	8	4984	买盘
13:34:55	6.22	--	48	29856	卖盘
13:34:25	6.22	--	24	14928	卖盘
13:34:21	6.22	--	112	69664	卖盘
13:34:10	6.22	--	11	6842	卖盘
13:33:51	6.22	--	48	29856	卖盘
13:33:45	6.22	--	1	622	卖盘
13:33:30	6.22	--	52	32344	卖盘
13:33:25	6.22	--	602	374444	卖盘
13:33:20	6.22	--	48	29856	卖盘
13:32:50	6.22	-0.01	48	29856	卖盘
13:32:40	6.23	--	74	46102	买盘
13:32:25	6.23	0.01	220	137060	买盘
13:32:20	6.22	--	48	29856	卖盘
13:32:00	6.22	--	1	622	卖盘
13:31:50	6.22	--	48	29856	卖盘
13:31:20	6.22	-0.01	48	29856	卖盘
13:31:15	6.23	0.01	10	6230	买盘
13:31:05	6.22	--	5	3110	卖盘
13:31:00	6.22	--	65	40430	卖盘
13:30:50	6.22	--	48	29856	卖盘
13:30:25	6.22	-0.01	5	3110	卖盘
13:30:20	6.23	--	119	74137	买盘
13:30:10	6.23	0.01	5	3115	买盘
13:29:50	6.22	--	48	29856	卖盘
13:29:20	6.22	-0.01	48	29856	卖盘
13:29:05	6.23	--	30	18690	买盘
13:29:00	6.23	0.01	3	1869	买盘
13:28:55	6.22	-0.01	28	17416	卖盘
13:28:49	6.23	--	63	39249	买盘
13:28:40	6.23	--	15	9345	买盘
13:28:30	6.23	--	38	23674	买盘
13:28:19	6.23	-0.01	15	9345	中性盘
13:28:15	6.24	--	38	23712	买盘
13:28:00	6.24	--	0	0	买盘
13:27:49	6.24	--	77	48048	买盘
13:27:45	6.24	--	18	11232	买盘
13:27:34	6.24	--	0	0	买盘
13:27:24	6.24	0.02	8	4992	买盘
13:27:19	6.22	-0.02	48	29856	卖盘
13:27:10	6.24	0.01	31	19344	买盘
13:26:49	6.23	-0.01	30	18690	卖盘
13:26:24	6.24	0.02	21	13104	买盘
13:26:19	6.22	-0.01	48	29856	卖盘
13:26:04	6.23	--	21	13083	买盘
13:25:54	6.23	--	10	6230	买盘
13:25:49	6.23	-0.01	16	9968	卖盘
13:25:44	6.24	--	15	9360	买盘
13:25:39	6.24	--	6	3744	买盘
13:25:34	6.24	--	15	9360	买盘
13:25:24	6.24	0.01	30	18720	买盘
13:25:19	6.23	--	24	14952	卖盘
13:25:14	6.23	--	24	14952	卖盘
13:25:09	6.23	--	10	6230	卖盘
13:25:04	6.23	--	76	47348	卖盘
13:24:54	6.23	--	43	26789	卖盘
13:24:49	6.23	--	11	6853	买盘
13:24:44	6.23	--	37	23051	卖盘
13:24:34	6.23	0.01	10	6230	买盘
13:24:19	6.22	--	200	124400	卖盘
13:24:14	6.22	-0.01	48	29856	卖盘
13:24:04	6.23	0.01	20	12460	买盘
13:23:49	6.22	--	0	0	卖盘
13:23:44	6.22	-0.02	48	29856	卖盘
13:23:34	6.24	0.02	5	3120	买盘
13:23:14	6.22	-0.01	120	74640	卖盘
13:23:04	6.23	--	6	3738	买盘
13:22:54	6.23	--	14	8722	买盘
13:22:49	6.23	0.01	18	11214	买盘
13:22:44	6.22	-0.01	48	29856	卖盘
13:22:34	6.23	--	14	8722	买盘
13:22:29	6.23	0.01	17	10591	买盘
13:22:24	6.22	--	4	2488	卖盘
13:22:14	6.22	-0.01	48	29856	卖盘
13:22:04	6.23	--	35	21805	买盘
13:21:49	6.23	--	10	6230	买盘
13:21:44	6.23	-0.01	40	24920	卖盘
13:21:34	6.24	0.01	18	11232	买盘
13:21:19	6.23	--	4	2492	买盘
13:21:13	6.23	--	33	20559	卖盘
13:21:04	6.23	--	7	4361	买盘
13:20:58	6.23	0.01	15	9345	买盘
13:20:43	6.22	-0.01	48	29856	卖盘
13:20:33	6.23	-0.01	14	8722	卖盘
13:20:19	6.24	0.02	53	33072	买盘
13:20:13	6.22	-0.02	48	29856	卖盘
13:20:04	6.24	0.02	7	4368	买盘
13:19:43	6.22	-0.02	67	41674	卖盘
13:19:33	6.24	--	7	4368	买盘
13:19:28	6.24	--	83	51792	买盘
13:19:13	6.24	--	53	33072	买盘
13:19:03	6.24	0.01	10	6240	买盘
13:18:58	6.23	--	1	623	买盘
13:18:53	6.23	--	1	623	买盘
13:18:48	6.23	-0.01	7	4361	中性盘
13:18:43	6.24	--	66	41184	买盘
13:18:38	6.24	0.01	4	2496	买盘
13:18:33	6.23	--	18	11214	买盘
13:18:23	6.23	--	1	623	买盘
13:18:18	6.23	--	9	5607	买盘
13:18:13	6.23	--	20	12460	卖盘
13:18:08	6.23	-0.01	15	9345	卖盘
13:18:03	6.24	0.02	15	9360	买盘
13:17:53	6.22	--	0	0	卖盘
13:17:43	6.22	-0.02	48	29856	卖盘
13:17:38	6.24	--	0	0	买盘
13:17:33	6.24	0.01	46	28704	买盘
13:17:18	6.23	-0.01	120	74760	卖盘
13:17:13	6.24	--	73	45552	买盘
13:17:03	6.24	--	8	4992	买盘
13:16:53	6.24	--	11	6864	买盘
13:16:43	6.24	0.01	54	33696	买盘
13:16:28	6.23	--	11	6853	买盘
13:16:18	6.23	--	14	8722	卖盘
13:16:13	6.23	--	87	54201	卖盘
13:15:43	6.23	--	48	29904	卖盘
13:15:28	6.23	--	30	18690	卖盘
13:15:23	6.23	--	32	19936	买盘
13:15:13	6.23	--	16	9968	卖盘
13:15:08	6.23	--	29	18067	卖盘
13:14:53	6.23	--	47	29281	卖盘
13:14:43	6.23	0.01	68	42364	买盘
13:14:07	6.22	--	48	29856	卖盘
13:13:37	6.22	--	48	29856	卖盘
13:13:07	6.22	-0.01	48	29856	卖盘
13:12:37	6.23	--	54	33642	买盘
13:12:32	6.23	--	5	3115	买盘
13:12:17	6.23	--	20	12460	买盘
13:12:12	6.23	0.01	10	6230	买盘
13:12:07	6.22	--	48	29856	卖盘
13:11:37	6.22	-0.01	48	29856	卖盘
13:11:12	6.23	0.01	18	11214	买盘
13:11:07	6.22	-0.01	48	29856	卖盘
13:10:57	6.23	--	155	96565	卖盘
13:10:37	6.23	--	48	29904	卖盘
13:10:32	6.23	--	7	4361	卖盘
13:10:22	6.23	--	100	62300	卖盘
13:10:07	6.23	--	48	29904	卖盘
13:09:37	6.23	--	48	29904	卖盘
13:09:32	6.23	--	27	16821	买盘
13:09:17	6.23	--	5	3115	买盘
13:09:12	6.23	0.01	12	7476	买盘
13:09:07	6.22	--	48	29856	卖盘
13:09:02	6.22	--	0	435	卖盘
13:08:37	6.22	-0.01	48	29856	卖盘
13:08:32	6.23	--	16	9968	买盘
13:08:27	6.23	--	34	21182	买盘
13:08:22	6.23	0.01	50	31150	买盘
13:08:07	6.22	-0.01	48	29856	卖盘
13:07:52	6.23	--	10	6230	买盘
13:07:47	6.23	--	20	12460	买盘
13:07:37	6.23	--	102	63546	买盘
13:07:22	6.23	--	10	6230	买盘
13:07:17	6.23	0.01	86	53578	买盘
13:07:07	6.22	-0.01	48	29856	卖盘
13:07:01	6.23	--	10	6230	买盘
13:06:46	6.23	0.01	34	21182	中性盘
13:06:37	6.22	-0.01	48	29856	卖盘
13:06:27	6.23	--	27	16821	买盘
13:06:22	6.23	--	6	3738	买盘
13:06:06	6.23	--	30	18690	卖盘
13:05:56	6.23	--	2	1246	卖盘
13:05:51	6.23	0.01	24	14952	买盘
13:05:36	6.22	--	48	29856	卖盘
13:05:16	6.22	--	10	6220	卖盘
13:05:06	6.22	-0.01	48	29856	卖盘
13:04:51	6.23	--	10	6230	买盘
13:04:41	6.23	0.01	12	7476	买盘
13:04:31	6.22	-0.01	53	32966	卖盘
13:04:21	6.23	0.01	1662	1035700	买盘
13:04:01	6.22	-0.01	48	29856	卖盘
13:03:46	6.23	0.01	15	9345	买盘
13:03:31	6.22	-0.01	52	32344	卖盘
13:03:21	6.23	--	221	137683	卖盘
13:03:01	6.23	--	48	29904	卖盘
13:02:31	6.23	-0.01	48	29904	卖盘
13:02:11	6.24	0.01	74	46176	买盘
13:02:06	6.23	--	10	6230	卖盘
13:02:01	6.23	-0.01	48	29904	卖盘
13:01:51	6.24	0.01	2	1248	买盘
13:01:41	6.23	--	10	6230	卖盘
13:01:31	6.23	-0.01	48	29904	卖盘
13:01:26	6.24	--	10	6240	买盘
13:01:06	6.24	0.01	14	8736	买盘
13:01:01	6.23	--	48	29904	卖盘
13:00:56	6.23	0.01	33	20559	卖盘
13:00:11	6.22	--	0	0	卖盘
13:00:06	6.22	--	73	45406	卖盘
13:00:01	6.22	--	101	62822	卖盘
11:30:00	6.22	--	0	0	卖盘
11:29:59	6.22	--	0	0	卖盘
11:29:59	6.22	--	48	29856	卖盘
11:29:32	6.22	--	48	29856	卖盘
11:29:27	6.22	--	0	0	卖盘
11:29:06	6.22	--	32	19904	卖盘
11:29:02	6.22	-0.02	48	29856	卖盘
11:28:57	6.24	0.02	50	31200	买盘
11:28:47	6.22	--	30	18660	卖盘
11:28:27	6.22	--	48	29856	卖盘
11:28:06	6.22	--	68	42296	买盘
11:27:57	6.22	--	9	5598	买盘
11:27:51	6.22	-0.01	1471	914962	卖盘
11:27:42	6.23	--	14	8722	买盘
11:27:36	6.23	--	5	3115	买盘
11:27:27	6.23	--	29	18067	卖盘
11:27:21	6.23	0.01	2	1246	卖盘
11:27:16	6.22	--	0	0	卖盘
11:26:57	6.22	--	48	29856	卖盘
11:26:51	6.22	--	1	622	卖盘
11:26:36	6.22	-0.02	7	4354	卖盘
11:26:31	6.24	0.02	4	2496	买盘
11:26:27	6.22	--	48	29856	卖盘
11:25:57	6.22	--	48	29856	卖盘
11:25:46	6.22	--	2	1244	卖盘
11:25:36	6.22	--	714	444108	买盘
11:25:31	6.22	--	510	317220	买盘
11:25:27	6.22	--	5	3110	买盘
11:25:21	6.22	--	55	34210	买盘
11:25:16	6.22	-0.02	474	294828	卖盘
11:25:06	6.24	0.02	59	36816	买盘
11:25:01	6.22	-0.02	48	29856	卖盘
11:24:56	6.24	0.02	455	283920	买盘
11:24:46	6.22	0.01	201	125022	卖盘
11:24:41	6.21	--	0	0	卖盘
11:24:31	6.21	--	24	14904	卖盘
11:24:26	6.21	-0.01	33	20493	卖盘
11:24:21	6.22	--	1	622	买盘
11:24:16	6.22	-0.01	1591	989900	卖盘
11:24:01	6.23	0.01	48	29904	买盘
11:23:56	6.22	--	0	0	卖盘
11:23:51	6.22	-0.02	200	124400	卖盘
11:23:46	6.24	--	14	8736	买盘
11:23:36	6.24	--	0	0	买盘
11:23:31	6.24	0.02	200	124800	买盘
11:23:26	6.22	--	48	29856	卖盘
11:23:21	6.22	--	500	311000	卖盘
11:23:16	6.22	--	0	0	卖盘
11:23:06	6.22	-0.01	100	62200	卖盘
11:23:01	6.23	0.01	15	9345	买盘
11:22:56	6.22	--	48	29856	卖盘
11:22:45	6.22	-0.01	8	4976	卖盘
11:22:41	6.23	0.01	4	2492	买盘
11:22:26	6.22	--	52	32344	卖盘
11:22:21	6.22	--	31	19605	买盘
11:22:15	6.22	-0.01	468	291394	卖盘
11:22:11	6.23	0.01	146	90958	买盘
11:22:00	6.22	--	20	12440	卖盘
11:21:55	6.22	--	48	29856	卖盘
11:21:45	6.22	--	8	4976	卖盘
11:21:40	6.22	--	0	0	卖盘
11:21:30	6.22	--	109	67798	卖盘
11:21:25	6.22	--	48	29856	卖盘
11:21:15	6.22	--	51	32045	买盘
11:21:06	6.22	0.01	45	27990	买盘
11:20:55	6.21	-0.01	48	29808	卖盘
11:20:51	6.22	--	10	6220	买盘
11:20:45	6.22	--	38	23636	买盘
11:20:30	6.22	--	76	47272	买盘
11:20:25	6.22	-0.01	835	519668	卖盘
11:20:15	6.23	-0.01	2	1246	中性盘
11:20:00	6.24	0.02	53	33072	买盘
11:19:55	6.22	-0.01	48	29856	卖盘
11:19:51	6.23	--	15	9644	买盘
11:19:45	6.23	--	114	71022	买盘
11:19:36	6.23	0.01	7	4361	买盘
11:19:25	6.22	--	48	29856	卖盘
11:19:20	6.22	--	1	622	卖盘
11:19:05	6.22	-0.01	111	69042	卖盘
11:18:55	6.23	0.01	53	33019	买盘
11:18:45	6.22	--	8	4976	卖盘
11:18:40	6.22	--	4	2488	卖盘
11:18:25	6.22	-0.01	48	29856	卖盘
11:18:10	6.23	--	10	6230	买盘
11:17:55	6.23	-0.01	6	4061	卖盘
11:17:45	6.24	0.01	12	7488	买盘
11:17:40	6.23	0.01	5	3414	买盘
11:17:30	6.22	-0.01	20	12440	卖盘
11:17:25	6.23	--	69	42987	买盘
11:16:55	6.23	0.01	57	35511	买盘
11:16:45	6.22	-0.01	8	4976	卖盘
11:16:30	6.23	--	5	3115	买盘
11:16:25	6.23	--	31	19636	卖盘
11:16:00	6.23	--	5	3414	买盘
11:15:54	6.23	--	42	26489	卖盘
11:15:45	6.23	--	8	4984	卖盘
11:15:24	6.23	--	77	48270	买盘
11:15:20	6.23	--	7	4361	买盘
11:15:15	6.23	0.01	5	3115	买盘
11:14:54	6.22	--	48	29856	卖盘
11:14:45	6.22	-0.01	8	4976	卖盘
11:14:24	6.23	--	5	3115	买盘
11:14:19	6.23	--	3	2192	卖盘
11:14:15	6.23	--	5	3115	卖盘
11:14:00	6.23	--	45	28334	买盘
11:13:49	6.23	--	8	5307	卖盘
11:13:39	6.23	0.01	7	4660	买盘
11:13:19	6.22	-0.01	48	29856	卖盘
11:13:09	6.23	--	6	3738	买盘
11:13:04	6.23	-0.01	1	946	卖盘
11:12:49	6.24	0.01	57	35568	买盘
11:12:39	6.23	--	50	31150	卖盘
11:12:30	6.23	--	1	623	卖盘
11:12:24	6.23	--	28	17743	买盘
11:12:19	6.23	-0.01	23	14652	卖盘
11:12:04	6.24	0.01	30	18720	买盘
11:11:49	6.23	-0.01	51	31773	卖盘
11:11:39	6.24	--	4	2496	买盘
11:11:34	6.24	0.01	6	3744	买盘
11:11:29	6.23	--	8	4984	卖盘
11:11:19	6.23	--	48	29904	卖盘
11:10:49	6.23	--	88	54824	卖盘
11:10:29	6.23	-0.01	8	4984	卖盘
11:10:19	6.24	0.01	53	33072	买盘
11:09:49	6.23	--	48	29904	卖盘
11:09:29	6.23	--	8	4984	卖盘
11:09:18	6.23	-0.01	48	29904	卖盘
11:09:03	6.24	0.01	22	13728	买盘
11:08:48	6.23	--	53	33019	卖盘
11:08:28	6.23	--	8	4984	卖盘
11:08:24	6.23	--	4	2791	买盘
11:08:18	6.23	--	138	85974	买盘
11:08:13	6.23	--	16	9968	买盘
11:08:09	6.23	--	40	24920	买盘
11:07:58	6.23	--	10	6230	买盘
11:07:54	6.23	--	4	2492	买盘
11:07:48	6.23	--	89	55447	买盘
11:07:43	6.23	--	5	3115	买盘
11:07:33	6.23	0.01	78	48594	买盘
11:07:28	6.22	-0.01	8	4976	卖盘
11:07:18	6.23	--	148	92204	买盘
11:07:09	6.23	--	7	4361	买盘
11:07:03	6.23	--	5	3115	买盘
11:06:58	6.23	--	50	31150	买盘
11:06:48	6.23	--	52	32396	买盘
11:06:28	6.23	--	165	103118	卖盘
11:06:18	6.23	-0.01	49	30527	卖盘
11:05:48	6.24	--	52	32448	买盘
11:05:39	6.24	--	1	624	买盘
11:05:33	6.24	0.01	72	45227	买盘
11:05:28	6.23	--	10	6230	卖盘
11:05:18	6.23	--	98	61054	卖盘
11:05:03	6.23	--	50	31150	卖盘
11:04:58	6.23	--	89	55447	卖盘
11:04:48	6.23	--	48	29904	卖盘
11:04:43	6.23	-0.01	1	623	卖盘
11:04:33	6.24	0.01	5	3120	买盘
11:04:28	6.23	0.01	326	203098	买盘
11:04:13	6.22	--	48	29856	卖盘
11:03:48	6.22	--	16	9976	买盘
11:03:43	6.22	--	33	21123	卖盘
11:03:38	6.22	--	75	46650	卖盘
11:03:28	6.22	--	8	4976	卖盘
11:03:23	6.22	--	12	7488	卖盘
11:03:13	6.22	-0.01	49	30478	卖盘
11:03:08	6.23	0.01	5	3115	买盘
11:03:03	6.22	--	19	11818	卖盘
11:02:43	6.22	-0.01	48	29856	卖盘
11:02:33	6.23	0.01	1	623	买盘
11:02:27	6.22	--	1946	1210412	卖盘
11:02:23	6.22	0.01	80	49983	买盘
11:02:12	6.21	-0.01	48	29808	卖盘
11:02:03	6.22	--	111	69042	买盘
11:01:57	6.22	-0.01	1088	677134	卖盘
11:01:48	6.23	0.01	5	3115	买盘
11:01:42	6.22	--	48	29856	卖盘
11:01:12	6.22	-0.01	48	29856	卖盘
11:01:07	6.23	--	1	623	买盘
11:00:57	6.23	--	1	623	买盘
11:00:48	6.23	0.01	3	1869	买盘
11:00:42	6.22	-0.01	52	32344	卖盘
11:00:33	6.23	--	11	6853	买盘
11:00:18	6.23	--	15	9345	买盘
11:00:12	6.23	--	41	25543	卖盘
10:59:48	6.23	--	36	22428	买盘
10:59:42	6.23	0.01	13	8099	卖盘
10:59:37	6.22	-0.01	59	36698	卖盘
10:59:33	6.23	--	13	8099	买盘
10:59:27	6.23	--	15	9345	买盘
10:59:12	6.23	--	20	12460	卖盘
10:58:48	6.23	--	8	4984	卖盘
10:58:42	6.23	-0.01	48	29904	卖盘
10:58:27	6.24	--	0	0	买盘
10:58:22	6.24	0.01	1	624	买盘
10:58:12	6.23	-0.01	50	31150	卖盘
10:58:07	6.24	0.01	4	2496	买盘
10:58:02	6.23	--	12	7476	买盘
10:57:52	6.23	0.01	3	1869	买盘
10:57:47	6.22	-0.01	15	9330	卖盘
10:57:42	6.23	-0.01	84	52332	卖盘
10:57:37	6.24	--	5	3120	买盘
10:57:27	6.24	--	16	9984	买盘
10:57:22	6.24	0.01	2	1248	买盘
10:57:12	6.23	--	48	29904	卖盘
10:57:07	6.23	-0.01	1	847	卖盘
10:57:02	6.24	--	5	3120	买盘
10:56:57	6.24	0.01	4	2496	买盘
10:56:47	6.23	--	8	4984	卖盘
10:56:42	6.23	--	48	29904	卖盘
10:56:12	6.23	0.01	74	46102	买盘
10:55:57	6.22	-0.01	57	35454	卖盘
10:55:51	6.23	0.01	4	2492	买盘
10:55:47	6.22	--	8	4976	卖盘
10:55:42	6.22	-0.01	23	14306	卖盘
10:55:27	6.23	0.01	7	4361	卖盘
10:55:17	6.22	--	0	0	卖盘
10:55:12	6.22	--	48	29856	卖盘
10:54:57	6.22	-0.01	37	23014	卖盘
10:54:46	6.23	--	8	4984	卖盘
10:54:42	6.23	--	42	26166	卖盘
10:54:36	6.23	--	48	29904	卖盘
10:54:31	6.23	0.01	37	23051	买盘
10:54:16	6.22	-0.01	66	41052	卖盘
10:54:12	6.23	0.01	63	39249	买盘
10:54:06	6.22	-0.01	105	65310	卖盘
10:53:46	6.23	--	8	4984	卖盘
10:53:42	6.23	0.01	58	36134	买盘
10:53:36	6.22	-0.01	48	29856	卖盘
10:53:27	6.23	-0.01	42	26166	卖盘
10:53:21	6.24	0.02	56	34944	买盘
10:53:12	6.22	--	40	24880	卖盘
10:53:06	6.22	--	50	31100	卖盘
10:52:46	6.22	--	8	4976	卖盘
10:52:42	6.22	--	66	41052	卖盘
10:52:36	6.22	-0.02	48	29856	卖盘
10:52:21	6.24	0.02	80	49920	买盘
10:52:16	6.22	--	31	19282	卖盘
10:52:11	6.22	-0.01	39	24258	卖盘
10:52:06	6.23	--	30	18690	卖盘
10:52:01	6.23	--	16	9968	卖盘
10:51:46	6.23	--	54	33642	卖盘
10:51:36	6.23	-0.01	48	29904	卖盘
10:51:16	6.24	0.01	17	10608	买盘
10:51:11	6.23	--	45	28035	买盘
10:51:06	6.23	-0.01	38	23674	卖盘
10:50:51	6.24	0.01	5	3120	买盘
10:50:46	6.23	--	8	4984	卖盘
10:50:36	6.23	--	67	41741	卖盘
10:50:06	6.23	--	49	30527	卖盘
10:49:46	6.23	-0.01	8	4984	卖盘
10:49:41	6.24	0.01	4	2496	买盘
10:49:36	6.23	--	220	137060	卖盘
10:49:06	6.23	--	64	39872	卖盘
10:48:36	6.23	--	52	32396	卖盘
10:48:30	6.23	-0.01	1	623	卖盘
10:48:15	6.24	0.01	11	6864	买盘
10:48:06	6.23	--	48	29904	卖盘
10:47:40	6.23	--	6	3738	卖盘
10:47:36	6.23	-0.01	48	29904	卖盘
10:47:30	6.24	0.01	12	7488	买盘
10:47:25	6.23	-0.01	10	6230	卖盘
10:47:15	6.24	0.01	23	14352	买盘
10:47:06	6.23	-0.01	48	29904	卖盘
10:46:45	6.24	0.01	1	624	买盘
10:46:36	6.23	--	48	29904	卖盘
10:46:30	6.23	-0.01	8	4984	卖盘
10:46:21	6.24	0.01	29	18096	买盘
10:46:06	6.23	-0.01	48	29904	卖盘
10:46:00	6.24	0.01	5	3120	买盘
10:45:45	6.23	--	5	3115	卖盘
10:45:35	6.23	--	67	41741	卖盘
10:45:30	6.23	-0.01	8	4984	卖盘
10:45:15	6.24	--	30	18720	买盘
10:45:10	6.24	0.01	4	2496	买盘
10:45:05	6.23	-0.01	48	29904	卖盘
10:44:50	6.24	0.01	11	6864	买盘
10:44:45	6.23	--	4	2492	卖盘
10:44:35	6.23	--	48	29904	卖盘
10:44:30	6.23	-0.01	26	16198	卖盘
10:44:20	6.24	0.02	4	2496	买盘
10:44:05	6.22	-0.01	63	39186	卖盘
10:44:00	6.23	--	1	623	买盘
10:43:35	6.23	0.01	63	39249	买盘
10:43:30	6.22	-0.01	8	4976	卖盘
10:43:15	6.23	0.01	4	2492	买盘
10:43:05	6.22	--	24	14928	卖盘
10:43:00	6.22	--	34	21148	卖盘
10:42:55	6.22	-0.01	3	1866	卖盘
10:42:35	6.23	--	8	4984	买盘
10:42:30	6.23	-0.01	3	1869	卖盘
10:42:20	6.24	0.01	10	6240	买盘
10:42:15	6.23	--	3	1869	卖盘
10:42:09	6.23	--	22	13706	买盘
10:42:00	6.23	--	26	16198	卖盘
10:41:49	6.23	--	20	12460	卖盘
10:41:45	6.23	--	2	1246	买盘
10:41:39	6.23	0.01	45	28035	买盘
10:41:30	6.22	-0.01	56	34832	卖盘
10:41:04	6.23	--	9	5607	买盘
10:40:54	6.23	-0.01	65	40495	卖盘
10:40:45	6.24	0.01	35	21840	买盘
10:40:30	6.23	--	130	80990	卖盘
10:40:24	6.23	--	22	13706	买盘
10:40:04	6.23	0.01	9	5607	买盘
10:40:00	6.22	--	48	29856	卖盘
10:39:30	6.22	-0.01	60	37320	卖盘
10:39:24	6.23	--	48	29904	买盘
10:39:19	6.23	0.01	27	16821	买盘
10:39:04	6.22	0.01	53	32966	买盘
10:38:54	6.21	-0.01	3	1863	卖盘
10:38:49	6.22	0.01	28	17416	买盘
10:38:34	6.21	-0.02	56	34776	卖盘
10:38:19	6.23	--	50	31150	买盘
10:38:09	6.23	0.02	5	3115	买盘
10:38:04	6.21	-0.01	48	29808	卖盘
10:37:54	6.22	0.01	11	6842	中性盘
10:37:39	6.21	--	30	18630	卖盘
10:37:34	6.21	--	24	14904	卖盘
10:37:29	6.21	-0.01	50	31050	卖盘
10:37:24	6.22	0.01	1	622	买盘
10:37:19	6.21	--	66	40986	卖盘
10:37:09	6.21	--	8	4968	卖盘
10:36:59	6.21	--	59	36639	卖盘
10:36:39	6.21	-0.01	4	2484	卖盘
10:36:29	6.22	--	27	16794	卖盘
10:36:24	6.22	0.01	3	1866	卖盘
10:36:18	6.21	-0.01	813	504873	卖盘
10:36:09	6.22	--	46	28612	买盘
10:35:59	6.22	-0.01	32	19904	卖盘
10:35:48	6.23	--	0	0	买盘
10:35:44	6.23	0.01	704	438592	买盘
10:35:39	6.22	-0.01	8	4976	卖盘
10:35:33	6.23	0.01	27	16821	买盘
10:35:28	6.22	--	48	29856	卖盘
10:35:18	6.22	-0.01	44	27368	卖盘
10:35:13	6.23	0.01	7	4361	买盘
10:34:58	6.22	-0.01	68	42296	卖盘
10:34:54	6.23	--	7	4361	买盘
10:34:48	6.23	0.01	9	5607	买盘
10:34:43	6.22	--	22	13684	卖盘
10:34:39	6.22	-0.01	8	4976	卖盘
10:34:28	6.23	--	53	33019	买盘
10:34:24	6.23	--	17	10591	买盘
10:34:18	6.23	--	30	18690	买盘
10:34:08	6.23	-0.01	58	36134	卖盘
10:34:03	6.24	0.01	24	14976	买盘
10:33:58	6.23	--	48	29904	卖盘
10:33:38	6.23	--	8	4984	卖盘
10:33:28	6.23	--	51	31773	卖盘
10:33:24	6.23	-0.01	20	12460	卖盘
10:33:18	6.24	--	250	156000	买盘
10:32:58	6.24	--	12	7488	买盘
10:32:54	6.24	0.01	26	16224	买盘
10:32:48	6.23	--	440	274120	卖盘
10:32:43	6.23	-0.01	8	4984	卖盘
10:32:33	6.24	0.01	9	5616	买盘
10:32:28	6.23	--	1106	689038	卖盘
10:32:18	6.23	-0.01	21	13083	卖盘
10:32:03	6.24	--	13	8112	买盘
10:31:48	6.24	--	37	23088	卖盘
10:31:43	6.24	-0.01	8	4992	卖盘
10:31:38	6.25	0.01	10	6250	买盘
10:31:28	6.24	--	35	21840	卖盘
10:31:18	6.24	-0.01	14	8736	卖盘
10:31:13	6.25	--	12	7500	买盘
10:30:53	6.25	--	4	2500	买盘
10:30:48	6.25	0.01	33	20625	买盘
10:30:43	6.24	--	8	4992	卖盘
10:30:18	6.24	--	12	7488	卖盘
10:30:13	6.24	-0.01	27	16848	卖盘
10:30:03	6.25	0.01	9	5625	买盘
10:29:48	6.24	0.01	9	5616	买盘
10:29:42	6.23	-0.01	16	9968	卖盘
10:29:27	6.24	-0.01	6	3744	中性盘
10:29:18	6.25	0.01	5	3125	买盘
10:29:12	6.24	0.01	13	8112	卖盘
10:29:03	6.23	--	0	0	卖盘
10:28:52	6.23	-0.02	13	8099	卖盘
10:28:48	6.25	0.02	4	2500	买盘
10:28:42	6.23	-0.01	29	18067	卖盘
10:28:27	6.24	--	64	39936	卖盘
10:28:12	6.24	--	5	3120	卖盘
10:28:07	6.24	--	1	624	卖盘
10:27:57	6.24	--	1	624	卖盘
10:27:42	6.24	-0.01	15	9360	卖盘
10:27:33	6.25	0.01	5	3125	买盘
10:27:12	6.24	--	9	5616	卖盘
10:27:07	6.24	--	12	7488	卖盘
10:26:42	6.24	-0.01	27	16848	卖盘
10:26:18	6.25	0.01	54	33750	买盘
10:26:12	6.24	--	11	6864	卖盘
10:26:02	6.24	-0.01	1	624	卖盘
10:25:52	6.25	0.01	16	10000	买盘
10:25:42	6.24	-0.01	22	13728	卖盘
10:25:32	6.25	--	21	13125	买盘
10:25:17	6.25	0.01	8	5000	买盘
10:25:12	6.24	-0.01	12	7488	卖盘
10:25:07	6.25	--	32	20000	买盘
10:24:47	6.25	--	2	1250	买盘
10:24:42	6.25	0.01	34	21250	买盘
10:24:32	6.24	-0.01	1	624	卖盘
10:24:12	6.25	--	30	18750	买盘
10:24:07	6.25	0.01	31	19375	买盘
10:23:52	6.24	--	49	30576	卖盘
10:23:42	6.24	--	2	1248	卖盘
10:23:32	6.24	--	8	4992	卖盘
10:23:12	6.24	-0.01	4	2496	卖盘
10:23:06	6.25	0.01	4	2500	买盘
10:22:42	6.24	--	5	3120	卖盘
10:22:32	6.24	--	8	4992	卖盘
10:22:12	6.24	-0.01	18	11232	卖盘
10:21:51	6.25	--	10	6250	买盘
10:21:42	6.25	--	19	11875	买盘
10:21:36	6.25	0.01	12	7500	买盘
10:21:31	6.24	-0.01	18	11232	卖盘
10:21:21	6.25	--	6	3750	买盘
10:21:12	6.25	--	38	23750	买盘
10:20:51	6.25	--	13	8125	买盘
10:20:42	6.25	0.01	15	9375	买盘
10:20:36	6.24	--	10	6240	卖盘
10:20:31	6.24	-0.01	8	4992	卖盘
10:20:26	6.25	0.01	25	15625	买盘
10:20:06	6.24	-0.01	45	28080	卖盘
10:19:56	6.25	0.01	8	5000	买盘
10:19:36	6.24	--	48	29952	卖盘
10:19:31	6.24	--	43	26832	卖盘
10:19:06	6.24	--	19	11856	卖盘
10:19:01	6.24	--	131	81744	卖盘
10:18:36	6.24	--	8	4992	卖盘
10:18:31	6.24	-0.01	18	11232	卖盘
10:18:21	6.25	--	4	2500	买盘
10:18:11	6.25	0.01	8	5000	买盘
10:18:06	6.24	0.01	15	9360	卖盘
10:17:51	6.23	--	0	0	卖盘
10:17:36	6.23	--	42	26166	卖盘
10:17:31	6.23	-0.02	8	4984	卖盘
10:17:26	6.25	0.02	23	14375	买盘
10:17:06	6.23	--	13	8099	卖盘
10:17:01	6.23	-0.01	106	66038	卖盘
10:16:36	6.24	0.01	16	9984	买盘
10:16:31	6.23	--	8	4984	卖盘
10:16:06	6.23	-0.01	26	16198	卖盘
10:15:51	6.24	--	4	2496	买盘
10:15:36	6.24	--	77	48048	卖盘
10:15:30	6.24	-0.01	8	4992	卖盘
10:15:15	6.25	0.01	5	3125	买盘
10:15:10	6.24	--	4	2496	卖盘
10:15:06	6.24	--	12	7488	卖盘
10:14:40	6.24	-0.01	10	6240	卖盘
10:14:36	6.25	0.01	9	5625	买盘
10:14:30	6.24	--	24	14976	买盘
10:14:10	6.24	0.01	1	624	买盘
10:14:05	6.23	--	12	7476	卖盘
10:13:45	6.23	--	1	623	卖盘
10:13:35	6.23	-0.01	38	23674	卖盘
10:13:15	6.24	0.01	5	3120	买盘
10:13:10	6.23	--	3	1869	卖盘
10:13:05	6.23	--	97	60431	卖盘
10:13:00	6.23	--	22	13706	卖盘
10:12:50	6.23	--	37	23051	卖盘
10:12:35	6.23	-0.01	160	99680	卖盘
10:12:30	6.24	--	100	62400	买盘
10:12:25	6.24	--	25	15600	买盘
10:12:10	6.24	0.01	454	283296	买盘
10:12:05	6.23	-0.01	73	45479	卖盘
10:12:00	6.24	--	10	6240	买盘
10:11:50	6.24	0.01	64	39936	买盘
10:11:35	6.23	--	29	18067	卖盘
10:11:25	6.23	--	147	91581	卖盘
10:11:20	6.23	--	2	1246	卖盘
10:11:00	6.23	-0.01	5	3115	卖盘
10:10:55	6.24	0.01	91	56784	买盘
10:10:30	6.23	-0.01	17	10591	卖盘
10:10:15	6.24	0.01	23	14352	买盘
10:10:00	6.23	--	27	16821	卖盘
10:09:39	6.23	-0.01	2	1246	卖盘
10:09:35	6.24	0.01	23	14352	买盘
10:09:30	6.23	--	64	39872	卖盘
10:09:20	6.23	--	166	103418	卖盘
10:09:09	6.23	--	9	5607	卖盘
10:09:00	6.23	-0.01	21	13083	卖盘
10:08:45	6.24	--	30	18720	买盘
10:08:39	6.24	0.01	18	11232	买盘
10:08:30	6.23	-0.01	17	10591	卖盘
10:08:24	6.24	--	7	4368	买盘
10:08:15	6.24	0.01	5	3120	买盘
10:08:00	6.23	-0.01	1	623	卖盘
10:07:54	6.24	0.01	50	31200	买盘
10:07:29	6.23	-0.01	4	2492	卖盘
10:07:04	6.24	--	1	624	买盘
10:06:59	6.24	0.01	12	7488	买盘
10:06:49	6.23	--	3	1869	卖盘
10:06:44	6.23	--	3	1869	卖盘
10:06:34	6.23	--	20	12460	卖盘
10:06:19	6.23	-0.01	47	29281	卖盘
10:06:04	6.24	--	17	10608	买盘
10:05:54	6.24	0.01	5	3120	买盘
10:05:29	6.23	--	23	14329	卖盘
10:05:14	6.23	--	40	24920	卖盘
10:04:59	6.23	-0.01	40	24920	卖盘
10:04:49	6.24	--	23	14352	买盘
10:04:39	6.24	0.01	15	9360	买盘
10:04:29	6.23	--	63	39249	卖盘
10:04:19	6.23	--	2	1246	卖盘
10:03:59	6.23	-0.01	107	66661	卖盘
10:03:54	6.24	--	39	24336	买盘
10:03:39	6.24	--	11	6864	买盘
10:03:34	6.24	0.01	4	2496	买盘
10:03:29	6.23	--	33	20559	卖盘
10:03:14	6.23	--	35	21805	卖盘
10:03:09	6.23	0.01	46	28658	买盘
10:02:58	6.22	--	8	4976	卖盘
10:02:54	6.22	-0.01	20	12440	卖盘
10:02:43	6.23	-0.01	3	1869	买盘
10:02:39	6.24	--	0	0	买盘
10:02:28	6.24	--	14	8736	买盘
10:02:24	6.24	0.02	14	8736	买盘
10:01:58	6.22	--	32	19904	卖盘
10:01:28	6.22	-0.01	95	59090	卖盘
10:01:18	6.23	--	9	5856	买盘
10:01:13	6.23	0.01	5	3115	买盘
10:01:09	6.22	-0.01	10	6220	卖盘
10:01:03	6.23	0.01	160	99680	买盘
10:00:58	6.22	-0.01	142	88324	卖盘
10:00:33	6.23	--	345	215308	卖盘
10:00:28	6.23	-0.01	128	79744	卖盘
10:00:03	6.24	--	1	624	买盘
09:59:58	6.24	--	186	116064	买盘
09:59:53	6.24	0.01	240	149760	买盘
09:59:28	6.23	--	46	28658	卖盘
09:58:58	6.23	--	152	94696	卖盘
09:58:48	6.23	-0.01	52	32396	卖盘
09:58:43	6.24	0.01	444	277056	买盘
09:58:33	6.23	--	4	2492	卖盘
09:58:28	6.23	--	10	6230	卖盘
09:58:08	6.23	-0.01	3	1869	卖盘
09:57:58	6.24	--	30	18720	买盘
09:57:28	6.24	--	34	21216	买盘
09:57:08	6.24	0.01	10	6240	买盘
09:56:57	6.23	-0.01	56	34888	卖盘
09:56:48	6.24	--	29	18096	买盘
09:56:18	6.24	-0.01	189	117936	卖盘
09:56:12	6.25	0.01	16	10000	买盘
09:55:57	6.24	-0.01	5	3120	卖盘
09:55:42	6.25	0.02	1	625	买盘
09:55:22	6.23	--	43	26789	卖盘
09:55:18	6.23	-0.02	8	4984	卖盘
09:54:57	6.25	0.02	77	48125	买盘
09:54:52	6.23	-0.02	66	41118	卖盘
09:54:32	6.25	--	12	7500	买盘
09:54:27	6.25	0.02	7	4375	买盘
09:54:22	6.23	-0.01	199	124226	卖盘
09:54:12	6.24	0.01	149	92976	买盘
09:54:07	6.23	--	1	623	卖盘
09:53:57	6.23	--	91	56693	卖盘
09:53:52	6.23	-0.01	61	38003	卖盘
09:53:47	6.24	--	100	62400	买盘
09:53:42	6.24	0.01	100	62400	买盘
09:53:22	6.23	-0.01	99	61677	卖盘
09:53:12	6.24	--	5	3120	买盘
09:53:07	6.24	--	7	4368	买盘
09:53:02	6.24	--	2	1248	买盘
09:52:57	6.24	--	1	624	买盘
09:52:52	6.24	--	213	132912	买盘
09:52:27	6.24	--	499	311750	卖盘
09:52:22	6.24	--	7	4368	卖盘
09:52:12	6.24	--	91	56784	卖盘
09:51:52	6.24	--	14	8736	卖盘
09:51:42	6.24	-0.01	11	6864	卖盘
09:51:37	6.25	0.01	9	5625	买盘
09:51:22	6.24	-0.01	17	10608	卖盘
09:51:17	6.25	--	7	4375	买盘
09:50:51	6.25	--	56	35000	买盘
09:50:27	6.25	--	15	9375	买盘
09:50:21	6.25	--	29	18125	卖盘
09:50:16	6.25	--	84	52500	卖盘
09:50:06	6.25	--	230	143750	卖盘
09:49:56	6.25	--	100	62500	卖盘
09:49:51	6.25	--	135	84375	卖盘
09:49:46	6.25	--	30	18750	卖盘
09:49:41	6.25	--	54	34000	卖盘
09:49:36	6.25	--	200	125000	卖盘
09:49:27	6.25	-0.01	200	125000	卖盘
09:49:21	6.26	0.01	12	7512	买盘
09:48:51	6.25	-0.01	25	15625	卖盘
09:48:21	6.26	0.01	42	26292	买盘
09:48:11	6.25	-0.01	10	6250	卖盘
09:48:06	6.26	0.01	10	6260	买盘
09:47:51	6.25	--	40	25000	卖盘
09:47:46	6.25	-0.01	11	6875	卖盘
09:47:21	6.26	--	117	73242	买盘
09:47:16	6.26	--	18	11268	买盘
09:47:06	6.26	0.01	5	3130	买盘
09:47:01	6.25	--	14	8750	卖盘
09:46:51	6.25	--	19	11875	卖盘
09:46:46	6.25	-0.01	14	8750	卖盘
09:46:21	6.26	0.01	41	25666	买盘
09:46:16	6.25	--	21	13125	卖盘
09:46:06	6.25	--	25	15625	卖盘
09:46:01	6.25	-0.01	20	12500	卖盘
09:45:56	6.26	--	4	2504	买盘
09:45:51	6.26	0.01	16	10016	买盘
09:45:46	6.25	--	62	38750	卖盘
09:45:41	6.25	--	15	9375	卖盘
09:45:36	6.25	-0.01	163	101875	卖盘
09:45:31	6.26	0.01	16	10016	买盘
09:45:16	6.25	--	3	1875	卖盘
09:44:45	6.25	-0.01	9	5625	卖盘
09:44:36	6.26	0.01	5	3130	买盘
09:44:31	6.25	--	12	7500	卖盘
09:44:15	6.25	--	12	7500	卖盘
09:44:00	6.25	--	1	625	卖盘
09:43:45	6.25	-0.01	23	14375	卖盘
09:43:15	6.26	0.01	56	35056	买盘
09:43:05	6.25	--	21	13125	卖盘
09:42:45	6.25	--	73	45625	卖盘
09:42:35	6.25	--	33	20625	买盘
09:42:30	6.25	--	37	23125	卖盘
09:42:15	6.25	-0.01	165	103125	卖盘
09:42:10	6.26	0.01	4	2504	买盘
09:42:05	6.25	0.01	128	80000	买盘
09:42:00	6.24	-0.01	167	104208	卖盘
09:41:50	6.25	0.01	120	75000	买盘
09:41:45	6.24	-0.01	85	53040	卖盘
09:41:40	6.25	--	18	11250	买盘
09:41:35	6.25	--	36	22500	买盘
09:41:30	6.25	--	30	18750	买盘
09:41:10	6.25	--	64	40000	买盘
09:41:05	6.25	--	187	116875	买盘
09:40:50	6.25	0.01	5	3125	买盘
09:40:45	6.24	--	25	15600	卖盘
09:40:40	6.24	--	9	5616	卖盘
09:40:35	6.24	--	10	6240	卖盘
09:40:30	6.24	-0.01	14	8736	卖盘
09:40:25	6.25	--	20	12500	买盘
09:40:05	6.25	--	18	11250	买盘
09:40:00	6.25	0.01	38	23750	买盘
09:39:55	6.24	-0.01	14	8736	卖盘
09:39:50	6.25	--	15	9375	买盘
09:39:45	6.25	--	4	2500	买盘
09:39:40	6.25	0.01	13	8125	买盘
09:39:35	6.24	--	8	4992	卖盘
09:39:20	6.24	--	49	30576	买盘
09:39:15	6.24	--	120	74880	买盘
09:39:10	6.24	--	37	23088	卖盘
09:39:00	6.24	--	9	5616	卖盘
09:38:50	6.24	0.01	395	246480	买盘
09:38:45	6.23	-0.01	6	3738	卖盘
09:38:39	6.24	--	53	33072	买盘
09:38:30	6.24	--	225	140400	买盘
09:37:29	6.24	--	45	28080	买盘
09:37:14	6.24	--	16	9984	买盘
09:37:09	6.24	--	1	624	买盘
09:37:04	6.24	0.01	20	12480	买盘
09:36:59	6.23	--	3	1869	卖盘
09:36:44	6.23	--	6	3738	卖盘
09:36:39	6.23	--	69	42987	卖盘
09:36:29	6.23	--	34	21182	卖盘
09:36:24	6.23	-0.01	5	3115	卖盘
09:36:14	6.24	0.01	4	2496	买盘
09:36:09	6.23	--	2	1246	卖盘
09:35:54	6.23	--	5	3115	卖盘
09:35:34	6.23	--	14	8722	卖盘
09:35:24	6.23	-0.01	20	12460	卖盘
09:35:14	6.24	--	5	3120	买盘
09:34:49	6.24	--	10	6240	买盘
09:34:39	6.24	--	20	12480	买盘
09:34:34	6.24	--	100	62400	买盘
09:34:24	6.24	0.01	1	624	买盘
09:34:19	6.23	--	20	12460	卖盘
09:34:09	6.23	-0.01	18	11214	卖盘
09:33:59	6.24	0.01	20	12480	买盘
09:33:24	6.23	0.01	4	2492	买盘
09:33:19	6.22	--	6	3732	卖盘
09:33:14	6.22	--	33	20526	卖盘
09:33:09	6.22	-0.01	200	124400	卖盘
09:33:04	6.23	--	20	12460	买盘
09:32:54	6.23	--	8	4984	买盘
09:32:39	6.23	-0.01	41	25543	卖盘
09:32:18	6.24	0.02	5	3120	买盘
09:32:08	6.22	--	0	0	卖盘
09:32:03	6.22	-0.01	43	26746	卖盘
09:31:53	6.23	--	53	33019	卖盘
09:31:38	6.23	--	21	13083	买盘
09:31:33	6.23	--	30	18690	买盘
09:31:23	6.23	--	87	54201	买盘
09:31:18	6.23	--	12	7476	买盘
09:31:03	6.23	--	5	3115	买盘
09:30:58	6.23	--	88	54824	卖盘
09:30:33	6.23	--	10	6230	卖盘
09:30:13	6.23	0.01	2	1246	卖盘
09:30:08	6.22	-0.01	41	25502	卖盘
09:30:03	6.23	0.01	12	7476	买盘
09:28:45	6.22	--	0	0	卖盘
09:25:06	6.22	6.22	86	53492	买盘
