成交时间	成交价	价格变动	成交量(手)	成交额(元)	性质
15:00:00	28.32	--	0	0	卖盘
15:00:00	28.32	-0.01	0	0	卖盘
14:59:49	28.33	--	8	23202	买盘
14:59:44	28.33	--	6	16998	买盘
14:59:38	28.33	0.02	25	70825	买盘
14:59:29	28.31	-0.01	8	22648	卖盘
14:59:19	28.32	0.01	115	325680	买盘
14:59:14	28.31	--	4	11324	卖盘
14:59:08	28.31	--	4	11324	卖盘
14:59:04	28.31	--	5	14155	卖盘
14:58:59	28.31	--	15	44163	买盘
14:58:53	28.31	--	2	5662	买盘
14:58:49	28.31	--	47	133057	买盘
14:58:44	28.31	--	16	45296	买盘
14:58:38	28.31	--	13	36803	买盘
14:58:34	28.31	--	2	5662	买盘
14:58:29	28.31	--	29	82099	买盘
14:58:23	28.31	--	60	169860	买盘
14:58:19	28.31	--	22	62282	买盘
14:58:14	28.31	--	10	28310	买盘
14:58:08	28.31	0.01	25	70775	买盘
14:57:59	28.3	-0.01	15	42450	卖盘
14:57:49	28.31	0.01	24	67944	买盘
14:57:44	28.3	-0.01	29	82070	卖盘
14:57:34	28.31	--	20	56620	买盘
14:57:23	28.31	0.01	2	5662	买盘
14:57:19	28.3	--	3	8490	买盘
14:57:14	28.3	--	11	31130	卖盘
14:57:08	28.3	--	7	19810	卖盘
14:57:04	28.3	-0.01	7	19810	卖盘
14:56:59	28.31	0.01	18	50958	买盘
14:56:49	28.3	-0.01	5	14150	卖盘
14:56:44	28.31	--	10	28310	买盘
14:56:38	28.31	0.01	9	25479	买盘
14:56:34	28.3	-0.01	7	19810	卖盘
14:56:29	28.31	--	13	36803	买盘
14:56:14	28.31	-0.01	12	35104	卖盘
14:56:08	28.32	--	15	42480	买盘
14:55:59	28.32	--	4	11328	买盘
14:55:53	28.32	0.01	79	223728	买盘
14:55:44	28.31	--	42	120600	买盘
14:55:34	28.31	0.01	14	39634	买盘
14:55:29	28.3	--	0	1132	卖盘
14:55:08	28.3	--	38	109238	卖盘
14:54:59	28.3	--	31	87730	卖盘
14:54:53	28.3	--	5	14150	卖盘
14:54:49	28.3	0.01	6	16980	卖盘
14:54:43	28.29	-0.01	12	33948	卖盘
14:54:38	28.3	--	8	22640	买盘
14:54:32	28.3	--	21	59430	买盘
14:54:28	28.3	--	20	56600	买盘
14:54:23	28.3	--	20	56600	买盘
14:54:08	28.3	0.01	7	19810	买盘
14:53:58	28.29	-0.01	27	76383	卖盘
14:53:53	28.3	0.01	26	73580	买盘
14:53:43	28.29	-0.01	4	11316	卖盘
14:53:28	28.3	--	55	155650	买盘
14:53:17	28.3	0.01	7	19810	买盘
14:53:13	28.29	-0.01	22	62238	卖盘
14:53:08	28.3	--	2	5660	买盘
14:53:02	28.3	--	30	84900	卖盘
14:52:58	28.3	--	0	0	卖盘
14:52:38	28.3	-0.02	6	16980	卖盘
14:52:32	28.32	--	0	0	买盘
14:52:23	28.32	--	10	28320	买盘
14:52:13	28.32	0.03	10	28320	买盘
14:51:53	28.29	-0.03	8	22632	卖盘
14:51:43	28.32	--	0	0	买盘
14:51:38	28.32	--	20	56640	买盘
14:51:23	28.32	0.03	2	5664	买盘
14:50:58	28.29	0.01	92	260268	买盘
14:50:53	28.28	-0.02	4	11312	买盘
14:50:47	28.3	--	0	0	买盘
14:50:43	28.3	0.02	31	87730	买盘
14:50:32	28.28	--	0	0	卖盘
14:50:23	28.28	--	0	0	中性盘
14:50:17	28.28	--	8	22624	买盘
14:50:13	28.28	--	42	118776	卖盘
14:50:02	28.28	-0.01	8	22624	卖盘
14:49:58	28.29	0.01	1	2829	买盘
14:49:47	28.28	-0.01	51	144228	卖盘
14:49:43	28.29	--	1	2829	中性盘
14:49:38	28.29	--	5	14145	买盘
14:49:32	28.29	-0.01	17	48093	卖盘
14:49:08	28.3	--	18	50940	买盘
14:49:02	28.3	--	20	56600	买盘
14:48:53	28.3	--	1	2830	买盘
14:48:47	28.3	-0.02	235	665050	卖盘
14:48:37	28.32	--	2	5664	卖盘
14:48:32	28.32	--	6	16992	买盘
14:48:17	28.32	--	11	31152	买盘
14:48:07	28.32	0.01	9	25488	买盘
14:47:56	28.31	-0.01	7	19817	卖盘
14:47:52	28.32	--	2	5664	买盘
14:47:47	28.32	--	1	2832	买盘
14:47:37	28.32	--	0	0	买盘
14:47:32	28.32	--	16	45312	买盘
14:47:22	28.32	--	0	0	买盘
14:47:17	28.32	-0.01	1	2832	中性盘
14:47:02	28.33	0.03	33	93489	买盘
14:46:37	28.3	--	0	0	卖盘
14:46:17	28.3	--	2	5660	卖盘
14:46:07	28.3	--	60	169800	卖盘
14:45:52	28.3	-0.01	12	33960	卖盘
14:45:47	28.31	--	0	0	中性盘
14:45:32	28.31	--	22	62282	买盘
14:45:26	28.31	-0.02	14	39634	卖盘
14:45:22	28.33	0.02	5	14165	买盘
14:45:07	28.31	-0.02	2	5662	卖盘
14:45:02	28.33	0.01	5	14165	买盘
14:44:47	28.32	--	1	2832	买盘
14:44:41	28.32	--	4	11328	买盘
14:44:32	28.32	--	35	99120	卖盘
14:44:22	28.32	-0.01	15	42480	卖盘
14:44:11	28.33	--	2	5666	买盘
14:44:02	28.33	--	1	2833	买盘
14:43:37	28.33	--	5	14165	卖盘
14:43:32	28.33	-0.01	16	45328	卖盘
14:43:17	28.34	--	5	14170	买盘
14:42:56	28.34	0.01	2	5668	卖盘
14:42:32	28.33	--	0	0	卖盘
14:42:22	28.33	-0.02	15	42495	卖盘
14:42:11	28.35	--	28	79380	买盘
14:42:02	28.35	--	0	0	买盘
14:41:56	28.35	--	18	51030	买盘
14:41:35	28.35	--	10	28350	买盘
14:41:26	28.35	-0.01	221	626535	卖盘
14:41:20	28.36	-0.02	19	53884	卖盘
14:41:05	28.38	--	2	5676	买盘
14:40:56	28.38	-0.01	12	34056	卖盘
14:40:41	28.39	--	7	19873	买盘
14:40:31	28.39	--	15	42585	买盘
14:40:26	28.39	--	2	5678	买盘
14:40:20	28.39	--	2	5678	买盘
14:40:16	28.39	--	2	5678	卖盘
14:40:11	28.39	--	15	42585	卖盘
14:40:05	28.39	-0.01	18	51102	卖盘
14:40:01	28.4	0.01	2	5680	买盘
14:39:20	28.39	--	5	14195	卖盘
14:38:56	28.39	--	18	51102	卖盘
14:38:50	28.39	--	50	141950	卖盘
14:38:26	28.39	--	0	0	卖盘
14:38:16	28.39	--	28	79492	卖盘
14:37:46	28.39	--	37	105043	卖盘
14:37:41	28.39	-0.02	4	11356	卖盘
14:37:16	28.41	0.01	2	5682	买盘
14:36:56	28.4	0.01	2	5680	卖盘
14:36:46	28.39	--	0	0	卖盘
14:36:41	28.39	--	12	34068	卖盘
14:36:31	28.39	-0.01	53	150467	卖盘
14:36:05	28.4	-0.01	1	2840	卖盘
14:36:01	28.41	0.01	42	119322	买盘
14:35:50	28.4	--	1	2840	卖盘
14:35:46	28.4	--	6	17040	卖盘
14:35:35	28.4	--	5	14200	卖盘
14:35:30	28.4	--	2	5680	买盘
14:34:50	28.4	--	20	56800	买盘
14:34:40	28.4	--	17	48280	买盘
14:34:35	28.4	0.01	8	22720	买盘
14:34:20	28.39	-0.01	4	11356	卖盘
14:33:40	28.4	0.01	3	8520	买盘
14:33:29	28.39	-0.01	10	28390	卖盘
14:33:05	28.4	0.01	5	14200	买盘
14:32:55	28.39	0.02	84	238476	买盘
14:32:50	28.37	-0.01	4	11348	卖盘
14:32:44	28.38	--	4	11352	卖盘
14:32:40	28.38	--	2	5676	卖盘
14:32:35	28.38	-0.01	10	28380	卖盘
14:32:14	28.39	--	1	2839	买盘
14:32:05	28.39	-0.01	58	164662	卖盘
14:31:59	28.4	0.01	2	5680	买盘
14:31:05	28.39	-0.01	20	56780	卖盘
14:30:59	28.4	0.01	4	11360	买盘
14:30:50	28.39	-0.01	16	45424	卖盘
14:30:44	28.4	--	14	39760	买盘
14:30:29	28.4	--	10	28400	买盘
14:30:20	28.4	--	21	59640	买盘
14:30:14	28.4	0.01	2	5680	买盘
14:30:05	28.39	-0.01	20	56780	卖盘
14:29:55	28.4	--	2	5680	买盘
14:29:44	28.4	--	21	59640	买盘
14:29:24	28.4	0.01	24	68160	买盘
14:29:04	28.39	--	5	14195	卖盘
14:28:44	28.39	-0.01	9	25551	卖盘
14:28:34	28.4	--	6	17040	买盘
14:28:23	28.4	0.01	4	11360	买盘
14:28:14	28.39	0.01	10	28390	买盘
14:27:19	28.38	--	8	22704	买盘
14:27:04	28.38	--	3	8514	买盘
14:26:29	28.38	--	2	5676	买盘
14:26:19	28.38	--	3	8514	买盘
14:26:14	28.38	--	12	34056	买盘
14:26:08	28.38	-0.01	11	31218	卖盘
14:26:04	28.39	--	3	8517	买盘
14:25:59	28.39	--	7	19873	买盘
14:25:53	28.39	--	7	19873	买盘
14:25:49	28.39	--	10	28390	买盘
14:25:44	28.39	--	0	0	买盘
14:25:38	28.39	0.03	12	34068	买盘
14:25:34	28.36	--	7	19852	买盘
14:25:29	28.36	-0.02	30	85080	卖盘
14:25:23	28.38	-0.01	15	42570	卖盘
14:25:19	28.39	0.01	13	36907	买盘
14:25:14	28.38	-0.01	28	79464	卖盘
14:24:59	28.39	--	1	2839	买盘
14:24:53	28.39	--	12	34068	买盘
14:24:34	28.39	--	9	25551	买盘
14:24:29	28.39	--	19	53941	卖盘
14:24:19	28.39	-0.01	1	2839	卖盘
14:24:14	28.4	0.01	10	28400	买盘
14:24:04	28.39	-0.01	6	17034	卖盘
14:23:44	28.4	-0.01	5	14200	卖盘
14:23:38	28.41	--	0	0	买盘
14:23:34	28.41	--	7	19887	买盘
14:23:29	28.41	--	0	0	买盘
14:23:23	28.41	--	0	0	买盘
14:23:19	28.41	--	0	0	买盘
14:23:08	28.41	0.03	85	241485	买盘
14:22:59	28.38	--	3	8514	卖盘
14:22:38	28.38	--	16	45408	卖盘
14:22:28	28.38	--	3	8514	卖盘
14:22:23	28.38	--	5	14190	买盘
14:22:08	28.38	--	25	70950	卖盘
14:22:02	28.38	--	25	70950	买盘
14:21:53	28.38	--	41	116358	买盘
14:21:23	28.38	--	2	5676	买盘
14:21:13	28.38	--	55	156090	买盘
14:20:43	28.38	--	1	2838	卖盘
14:20:08	28.38	--	9	28124	买盘
14:19:58	28.38	--	5	14190	买盘
14:19:47	28.38	--	3	8514	买盘
14:19:28	28.38	0.01	20	56760	买盘
14:19:13	28.37	--	3	8511	买盘
14:19:08	28.37	--	5	14185	买盘
14:18:58	28.37	--	1	2837	买盘
14:18:53	28.37	0.02	1	2837	中性盘
14:18:43	28.35	--	14	39690	卖盘
14:18:38	28.35	--	1	2835	卖盘
14:18:13	28.35	--	23	65205	买盘
14:18:08	28.35	--	29	82215	买盘
14:18:02	28.35	--	20	56700	买盘
14:17:58	28.35	--	40	113400	买盘
14:17:47	28.35	--	6	17010	买盘
14:17:38	28.35	-0.02	7	19845	卖盘
14:17:28	28.37	0.02	32	90784	买盘
14:17:17	28.35	--	0	0	卖盘
14:17:13	28.35	--	6	17010	买盘
14:17:07	28.35	0.01	4	11340	买盘
14:16:53	28.34	0.01	2	5668	买盘
14:16:47	28.33	0.01	1	2833	买盘
14:16:32	28.32	--	0	0	中性盘
14:16:22	28.32	0.01	20	56640	买盘
14:16:07	28.31	0.01	31	87761	买盘
14:16:02	28.3	--	2	5660	买盘
14:15:57	28.3	--	2	5660	买盘
14:15:52	28.3	0.01	31	87730	买盘
14:15:37	28.29	--	37	104673	买盘
14:15:32	28.29	0.01	20	56580	买盘
14:15:22	28.28	--	13	39196	买盘
14:15:07	28.28	0.01	13	36764	买盘
14:15:02	28.27	--	6	16962	买盘
14:14:52	28.27	--	4	11308	买盘
14:14:37	28.27	--	20	56540	买盘
14:14:32	28.27	-0.01	19	53713	卖盘
14:14:26	28.28	--	7	19796	买盘
14:14:22	28.28	--	10	28280	买盘
14:14:11	28.28	--	7	19796	买盘
14:14:02	28.28	0.01	1	2828	买盘
14:13:47	28.27	--	6	16962	买盘
14:13:22	28.27	--	2	5654	卖盘
14:13:07	28.27	0.01	8	22616	买盘
14:12:56	28.26	-0.01	12	33912	卖盘
14:12:47	28.27	0.01	6	16962	买盘
14:12:32	28.26	0.01	3	8478	买盘
14:12:22	28.25	--	2	5650	卖盘
14:12:07	28.25	-0.01	50	141250	卖盘
14:11:47	28.26	0.01	4	11304	买盘
14:11:22	28.25	-0.01	0	2486	卖盘
14:10:56	28.26	-0.02	63	178038	卖盘
14:10:46	28.28	--	10	28280	买盘
14:10:41	28.28	0.01	2	5656	买盘
14:10:22	28.27	--	9	25443	卖盘
14:10:02	28.27	-0.01	1	2827	卖盘
14:09:56	28.28	--	10	28280	买盘
14:09:41	28.28	--	7	19796	买盘
14:09:36	28.28	--	1	2828	买盘
14:09:26	28.28	--	3	8879	卖盘
14:09:16	28.28	--	0	2432	卖盘
14:09:11	28.28	--	1	2828	买盘
14:09:06	28.28	-0.01	16	45248	卖盘
14:09:01	28.29	0.01	6	16974	买盘
14:08:56	28.28	-0.01	22	62216	卖盘
14:08:16	28.29	-0.01	2	5658	卖盘
14:07:56	28.3	0.01	2	5660	买盘
14:07:41	28.29	-0.01	14	39606	卖盘
14:07:20	28.3	--	5	14150	买盘
14:07:01	28.3	--	0	0	买盘
14:06:56	28.3	0.01	50	141500	买盘
14:06:50	28.29	0.01	6	16974	买盘
14:06:46	28.28	-0.01	8	22624	卖盘
14:06:26	28.29	--	10	28290	买盘
14:06:00	28.29	--	2	5658	买盘
14:05:46	28.29	--	1	2829	买盘
14:05:41	28.29	--	10	28290	买盘
14:05:31	28.29	--	10	28290	买盘
14:05:11	28.29	--	11	31119	卖盘
14:04:41	28.29	0.01	11	31119	买盘
14:04:35	28.28	--	5	14140	买盘
14:04:31	28.28	--	9	25452	买盘
14:04:20	28.28	-0.01	6	16968	卖盘
14:04:16	28.29	0.01	10	28290	买盘
14:03:55	28.28	-0.01	12	33936	卖盘
14:03:50	28.29	0.01	1	2829	买盘
14:03:25	28.28	--	0	0	中性盘
14:03:20	28.28	--	4	11312	卖盘
14:03:10	28.28	--	1	2828	买盘
14:03:00	28.28	--	3	8484	买盘
14:02:55	28.28	--	3	8484	买盘
14:02:40	28.28	--	2	5656	买盘
14:02:25	28.28	0.01	29	82012	买盘
14:02:20	28.27	-0.01	9	25443	卖盘
14:02:10	28.28	--	6	16968	买盘
14:02:05	28.28	--	1	2828	买盘
14:01:50	28.28	--	11	31108	买盘
14:01:35	28.28	--	1	2828	买盘
14:01:10	28.28	--	1	2828	买盘
14:00:55	28.28	--	5	14140	买盘
14:00:44	28.28	--	16	45248	买盘
14:00:20	28.28	--	0	0	买盘
14:00:14	28.28	--	17	48076	卖盘
13:59:59	28.28	-0.01	22	62216	卖盘
13:59:54	28.29	--	2	5658	卖盘
13:59:39	28.29	--	6	16974	卖盘
13:59:35	28.29	--	10	28290	卖盘
13:59:25	28.29	--	5	14145	买盘
13:59:20	28.29	--	2	5658	买盘
13:59:14	28.29	--	2	5658	买盘
13:59:10	28.29	--	1	2829	买盘
13:58:20	28.29	--	0	0	买盘
13:58:10	28.29	--	4	11316	买盘
13:58:05	28.29	0.01	6	16974	买盘
13:57:54	28.28	--	12	33936	买盘
13:57:50	28.28	-0.01	3	8484	卖盘
13:57:44	28.29	--	15	42435	买盘
13:57:40	28.29	--	1	2829	买盘
13:57:29	28.29	--	11	31119	买盘
13:57:25	28.29	--	0	0	买盘
13:57:04	28.29	--	7	19803	买盘
13:56:55	28.29	--	2	5658	买盘
13:56:19	28.29	-0.01	4	11316	卖盘
13:56:09	28.3	--	2	5660	买盘
13:55:34	28.3	--	2	5660	买盘
13:55:29	28.3	-0.01	7	19810	卖盘
13:55:14	28.31	0.01	4	11324	买盘
13:55:04	28.3	--	0	0	卖盘
13:54:49	28.3	-0.01	8	22640	卖盘
13:54:38	28.31	-0.01	3	8493	卖盘
13:53:49	28.32	-0.01	2	5664	卖盘
13:53:44	28.33	--	5	14165	买盘
13:53:14	28.33	--	10	28330	买盘
13:53:08	28.33	--	0	0	买盘
13:53:04	28.33	--	10	28330	买盘
13:52:04	28.33	--	3	8499	卖盘
13:51:38	28.33	--	7	19831	买盘
13:51:34	28.33	--	2	5666	买盘
13:51:08	28.33	0.03	8	22664	买盘
13:51:04	28.3	--	0	0	卖盘
13:50:33	28.3	-0.04	10	28300	卖盘
13:50:03	28.34	--	0	0	买盘
13:49:43	28.34	--	5	14170	买盘
13:49:08	28.34	-0.03	4	11336	卖盘
13:49:03	28.37	0.03	1	2837	买盘
13:48:28	28.34	--	39	110526	买盘
13:48:08	28.34	-0.01	5	14170	买盘
13:47:58	28.35	-0.02	10	28350	卖盘
13:47:17	28.37	--	1	2837	买盘
13:46:23	28.37	-0.01	6	17022	买盘
13:46:12	28.38	--	0	0	买盘
13:46:08	28.38	--	0	0	买盘
13:45:58	28.38	--	0	0	买盘
13:45:53	28.38	0.13	2	5676	买盘
13:45:42	28.25	--	0	0	卖盘
13:45:23	28.25	-0.05	80	226000	卖盘
13:45:08	28.3	--	100	283000	卖盘
13:44:57	28.3	-0.03	68	192440	卖盘
13:44:38	28.33	--	2	5666	中性盘
13:44:27	28.33	--	0	0	买盘
13:44:12	28.33	-0.05	32	90656	卖盘
13:44:08	28.38	--	5	14190	买盘
13:43:17	28.38	--	7	20121	卖盘
13:43:12	28.38	--	10	28380	卖盘
13:43:07	28.38	--	0	0	卖盘
13:42:22	28.38	--	6	17028	卖盘
13:42:12	28.38	--	7	19866	卖盘
13:41:57	28.38	--	10	28380	卖盘
13:41:52	28.38	--	20	56760	卖盘
13:41:37	28.38	--	0	567	卖盘
13:41:22	28.38	-0.02	7	19866	卖盘
13:41:17	28.4	0.02	2	5680	买盘
13:41:11	28.38	--	0	2014	卖盘
13:40:56	28.38	--	49	139062	卖盘
13:40:52	28.38	-0.01	10	28380	卖盘
13:40:47	28.39	--	6	17034	买盘
13:40:41	28.39	-0.01	1	3804	卖盘
13:40:32	28.4	0.01	50	142000	买盘
13:40:22	28.39	--	11	31229	卖盘
13:40:07	28.39	--	7	19873	卖盘
13:40:02	28.39	--	5	14195	卖盘
13:39:56	28.39	-0.01	6	17034	卖盘
13:39:47	28.4	--	18	51120	买盘
13:39:11	28.4	--	10	28400	买盘
13:38:32	28.4	--	2	5680	卖盘
13:38:11	28.4	--	23	65320	买盘
13:38:06	28.4	--	2	5680	买盘
13:37:51	28.4	0.01	10	30274	买盘
13:37:47	28.39	--	0	0	中性盘
13:37:21	28.39	--	0	0	卖盘
13:37:16	28.39	-0.01	6	17034	卖盘
13:36:36	28.4	0.01	6	17040	买盘
13:36:21	28.39	-0.01	3	10390	卖盘
13:36:16	28.4	0.01	5	16756	买盘
13:36:11	28.39	--	7	20156	卖盘
13:36:01	28.39	--	0	1731	卖盘
13:35:51	28.39	--	6	17857	买盘
13:35:46	28.39	--	10	28390	买盘
13:35:41	28.39	--	5	14195	买盘
13:35:26	28.39	--	10	28390	买盘
13:35:16	28.39	--	2	5678	买盘
13:35:01	28.39	-0.01	2	5678	卖盘
13:34:56	28.4	0.02	56	159040	买盘
13:34:20	28.38	--	34	96492	买盘
13:33:46	28.38	0.01	1	2838	买盘
13:33:16	28.37	--	7	21930	买盘
13:33:11	28.37	--	2	6893	卖盘
13:32:50	28.37	--	10	28370	卖盘
13:32:41	28.37	--	0	2496	卖盘
13:32:26	28.37	--	1	2837	卖盘
13:31:56	28.37	--	7	21816	买盘
13:31:15	28.37	--	6	17022	买盘
13:31:05	28.37	0.01	14	39718	买盘
13:30:45	28.36	--	10	30515	卖盘
13:30:15	28.36	0.01	40	114347	买盘
13:30:10	28.35	--	5	14968	卖盘
13:29:50	28.35	-0.01	0	907	卖盘
13:29:45	28.36	0.01	1	2836	买盘
13:29:25	28.35	--	0	2353	卖盘
13:29:05	28.35	--	12	35635	买盘
13:28:55	28.35	--	4	11340	买盘
13:28:40	28.35	--	1	2835	买盘
13:28:30	28.35	-0.01	21	60839	卖盘
13:28:25	28.36	--	10	28360	买盘
13:28:15	28.36	0.01	2	5672	买盘
13:28:00	28.35	--	0	2608	卖盘
13:27:05	28.35	-0.01	10	28350	卖盘
13:26:55	28.36	--	5	14180	买盘
13:26:40	28.36	0.01	2	5672	买盘
13:26:35	28.35	-0.01	0	2353	卖盘
13:26:29	28.36	0.01	10	28360	买盘
13:26:14	28.35	-0.01	8	24919	卖盘
13:25:55	28.36	--	3	8508	买盘
13:25:39	28.36	-0.01	6	17016	卖盘
13:25:09	28.37	--	12	36171	卖盘
13:24:50	28.37	-0.04	10	28370	卖盘
13:24:20	28.41	-0.01	1	3437	卖盘
13:24:04	28.42	0.01	8	24981	买盘
13:23:59	28.41	--	2	5682	买盘
13:23:54	28.41	0.04	2	5682	买盘
13:23:35	28.37	--	0	709	卖盘
13:23:24	28.37	--	0	0	卖盘
13:23:20	28.37	--	0	0	卖盘
13:23:04	28.37	-0.04	5	14185	卖盘
13:21:54	28.41	-0.01	2	5682	买盘
13:21:49	28.42	0.01	1	2842	买盘
13:21:44	28.41	--	2	5682	卖盘
13:21:19	28.41	--	2	5682	买盘
13:21:14	28.41	--	0	0	买盘
13:20:49	28.41	--	5	14205	卖盘
13:20:44	28.41	-0.01	8	22728	买盘
13:19:44	28.42	--	1	2842	买盘
13:19:19	28.42	-0.02	13	36946	卖盘
13:19:04	28.44	--	15	42660	买盘
13:18:44	28.44	0.02	94	267336	买盘
13:18:18	28.42	--	2	5684	卖盘
13:18:14	28.42	--	0	767	卖盘
13:17:48	28.42	-0.01	3	8526	卖盘
13:17:44	28.43	0.01	1	4605	买盘
13:17:38	28.42	--	10	28420	卖盘
13:17:18	28.42	-0.01	1	2842	买盘
13:16:38	28.43	--	0	0	买盘
13:16:13	28.43	-0.01	3	8529	中性盘
13:15:58	28.44	0.02	22	62568	买盘
13:15:53	28.42	-0.03	2	5684	卖盘
13:15:43	28.45	--	0	0	买盘
13:15:33	28.45	0.01	10	28450	买盘
13:15:23	28.44	0.04	3	8532	买盘
13:15:18	28.4	--	0	0	卖盘
13:14:28	28.4	--	0	0	卖盘
13:14:02	28.4	0.01	10	28400	买盘
13:13:47	28.39	--	20	56780	卖盘
13:13:38	28.39	0.03	1	2839	买盘
13:13:23	28.36	--	0	0	卖盘
13:13:08	28.36	-0.03	5	14180	卖盘
13:13:02	28.39	--	0	0	买盘
13:12:58	28.39	--	1	2839	买盘
13:12:53	28.39	0.04	1	2839	买盘
13:12:38	28.35	--	0	0	卖盘
13:12:08	28.35	--	20	58968	买盘
13:12:02	28.35	--	10	28350	买盘
13:11:57	28.35	--	50	141750	买盘
13:11:53	28.35	--	0	0	买盘
13:11:47	28.35	--	2	5670	买盘
13:11:42	28.35	--	1	2835	买盘
13:11:38	28.35	--	10	28350	买盘
13:11:23	28.35	0.02	1	2835	买盘
13:11:12	28.33	-0.02	11	31162	卖盘
13:11:08	28.35	0.02	12	34020	买盘
13:10:17	28.33	-0.02	5	14165	卖盘
13:10:12	28.35	0.02	6	17010	买盘
13:10:08	28.33	--	3	8499	卖盘
13:09:53	28.33	--	1	2833	买盘
13:09:47	28.33	--	3	8499	买盘
13:09:12	28.33	0.03	11	31162	买盘
13:08:57	28.3	--	0	0	中性盘
13:08:02	28.3	--	9	25470	买盘
13:07:57	28.3	--	2	5660	买盘
13:07:37	28.3	--	12	33960	买盘
13:07:17	28.3	--	8	22640	买盘
13:07:11	28.3	--	1	2830	买盘
13:06:37	28.3	--	11	31130	买盘
13:06:32	28.3	0.01	1	2830	买盘
13:05:11	28.29	--	6	16974	卖盘
13:05:06	28.29	-0.01	3	8487	卖盘
13:04:51	28.3	--	5	14150	买盘
13:03:46	28.3	0.01	1	2830	买盘
13:03:41	28.29	-0.01	10	28290	卖盘
13:03:36	28.3	0.01	15	42450	买盘
13:02:46	28.29	--	18	50950	买盘
13:02:26	28.29	--	0	0	买盘
13:01:56	28.29	--	1	2829	买盘
13:01:51	28.29	0.04	1	2829	买盘
13:01:21	28.25	-0.03	1	2825	卖盘
13:00:56	28.28	-0.01	1	2828	买盘
13:00:26	28.29	--	0	0	买盘
13:00:16	28.29	0.04	1	2829	买盘
13:00:05	28.25	--	27	76275	卖盘
11:30:00	28.25	--	0	0	卖盘
11:30:00	28.25	--	0	0	卖盘
11:29:57	28.25	-0.04	8	22600	卖盘
11:29:12	28.29	0.04	2	5658	买盘
11:28:27	28.25	0.04	1	2825	卖盘
11:28:22	28.21	--	0	0	卖盘
11:28:16	28.21	--	2	5642	买盘
11:28:12	28.21	-0.04	5	14105	买盘
11:28:01	28.25	--	4	11300	卖盘
11:27:57	28.25	0.04	6	16950	买盘
11:27:46	28.21	-0.04	5	14105	卖盘
11:27:42	28.25	0.04	2	5650	买盘
11:27:31	28.21	-0.04	3	8463	卖盘
11:27:22	28.25	--	0	0	买盘
11:27:01	28.25	0.05	2	5650	中性盘
11:26:55	28.2	-0.07	100	282000	卖盘
11:26:51	28.27	--	3	8481	买盘
11:26:37	28.27	--	3	8481	买盘
11:26:21	28.27	0.02	19	53713	买盘
11:26:16	28.25	--	2	5650	卖盘
11:26:07	28.25	--	8	22600	卖盘
11:25:55	28.25	--	7	19775	买盘
11:25:46	28.25	--	3	8475	买盘
11:25:31	28.25	0.03	1	2825	买盘
11:25:21	28.22	-0.03	14	39508	卖盘
11:25:01	28.25	--	1	2825	卖盘
11:24:55	28.25	--	5	14125	卖盘
11:24:46	28.25	0.03	3	8475	买盘
11:24:21	28.22	-0.03	4	11288	卖盘
11:24:16	28.25	--	11	31075	买盘
11:24:10	28.25	--	3	8475	买盘
11:24:06	28.25	0.03	1	2825	买盘
11:24:01	28.22	-0.04	5	14110	卖盘
11:23:51	28.26	--	0	0	买盘
11:23:16	28.26	-0.01	12	33912	卖盘
11:23:01	28.27	0.01	1	2827	买盘
11:22:51	28.26	0.05	74	209124	买盘
11:22:46	28.21	-0.05	43	121303	卖盘
11:22:36	28.26	0.03	8	22608	买盘
11:22:25	28.23	--	5	14115	卖盘
11:22:01	28.23	--	5	14115	卖盘
11:21:55	28.23	--	0	0	卖盘
11:21:40	28.23	--	2	5646	买盘
11:21:06	28.23	0.02	1	2823	买盘
11:21:01	28.21	-0.02	101	284921	卖盘
11:20:55	28.23	--	3	8469	买盘
11:20:30	28.23	--	2	5646	买盘
11:20:19	28.23	-0.04	27	76221	卖盘
11:20:00	28.27	--	1	2827	买盘
11:19:10	28.27	0.04	1	2827	买盘
11:18:55	28.23	-0.04	9	25407	卖盘
11:18:49	28.27	--	0	0	买盘
11:18:10	28.27	--	0	0	买盘
11:17:30	28.27	0.04	1	2827	买盘
11:17:25	28.23	-0.04	4	11292	卖盘
11:17:15	28.27	--	1	2827	买盘
11:16:55	28.27	0.04	50	141350	买盘
11:16:25	28.23	--	7	19761	买盘
11:16:15	28.23	-0.04	1	2823	卖盘
11:15:45	28.27	0.05	5	14135	卖盘
11:15:40	28.22	--	0	0	卖盘
11:15:34	28.22	-0.05	85	239870	卖盘
11:15:30	28.27	--	0	0	中性盘
11:15:19	28.27	0.03	1	2827	买盘
11:15:04	28.24	--	6	16944	买盘
11:15:00	28.24	0.02	30	84720	买盘
11:14:30	28.22	--	22	62084	买盘
11:14:19	28.22	--	8	22576	买盘
11:14:15	28.22	--	2	5644	卖盘
11:14:10	28.22	--	4	11288	卖盘
11:13:55	28.22	--	6	16932	卖盘
11:13:49	28.22	-0.01	1	2822	卖盘
11:13:43	28.23	--	0	0	中性盘
11:13:40	28.23	--	0	0	买盘
11:13:34	28.23	--	0	0	中性盘
11:13:28	28.23	--	0	0	中性盘
11:13:24	28.23	-0.01	1	2823	买盘
11:13:19	28.24	--	0	0	买盘
11:13:13	28.24	--	6	16944	买盘
11:13:09	28.24	0.01	14	39536	买盘
11:13:04	28.23	-0.01	27	76221	卖盘
11:12:49	28.24	--	23	64952	买盘
11:12:39	28.24	-0.01	18	50832	卖盘
11:12:34	28.25	--	0	0	中性盘
11:12:28	28.25	--	0	0	买盘
11:12:09	28.25	-0.02	30	84750	卖盘
11:11:49	28.27	-0.01	4	11308	卖盘
11:11:34	28.28	-0.01	17	48076	卖盘
11:11:28	28.29	--	0	0	买盘
11:11:19	28.29	--	1	2829	卖盘
11:11:09	28.29	--	5	14145	卖盘
11:11:04	28.29	--	16	45264	卖盘
11:10:54	28.29	-0.01	2	5658	卖盘
11:10:24	28.3	-0.01	58	164140	卖盘
11:10:19	28.31	--	5	14155	卖盘
11:10:13	28.31	-0.01	3	8493	卖盘
11:09:58	28.32	-0.03	3	8496	卖盘
11:09:54	28.35	--	2	5670	买盘
11:09:34	28.35	0.05	1	2835	买盘
11:09:09	28.3	--	0	0	卖盘
11:08:43	28.3	--	0	0	卖盘
11:08:13	28.3	0.01	10	28300	卖盘
11:08:04	28.29	--	0	0	卖盘
11:07:49	28.29	-0.01	6	16974	卖盘
11:07:43	28.3	0.01	47	133010	买盘
11:07:33	28.29	--	0	0	卖盘
11:07:13	28.29	--	2	5658	卖盘
11:07:07	28.29	-0.01	20	56580	卖盘
11:07:04	28.3	--	21	59430	中性盘
11:06:33	28.3	--	0	0	买盘
11:06:07	28.3	-0.05	3	8490	卖盘
11:06:03	28.35	--	41	116235	买盘
11:05:43	28.35	0.02	25	70875	买盘
11:05:37	28.33	--	9	25497	卖盘
11:05:33	28.33	--	18	50994	卖盘
11:05:22	28.33	--	18	50994	卖盘
11:05:13	28.33	--	7	19831	卖盘
11:04:37	28.33	-0.01	7	19831	卖盘
11:04:18	28.34	--	1	2834	卖盘
11:03:58	28.34	-0.01	5	14170	卖盘
11:03:48	28.35	0.02	1	2835	买盘
11:03:13	28.33	--	0	0	卖盘
11:03:07	28.33	-0.01	2	5666	卖盘
11:02:03	28.34	0.01	2	5668	买盘
11:01:58	28.33	-0.01	5	14165	卖盘
11:01:22	28.34	--	0	0	中性盘
11:01:13	28.34	--	7	19838	买盘
11:01:07	28.34	--	24	68016	卖盘
11:00:16	28.34	--	12	34008	卖盘
11:00:12	28.34	-0.01	6	17004	卖盘
10:59:57	28.35	--	1	2835	买盘
10:59:52	28.35	0.01	8	22680	买盘
10:59:42	28.34	--	2	5668	卖盘
10:59:37	28.34	-0.01	1	2834	卖盘
10:58:57	28.35	--	1	2835	买盘
10:58:52	28.35	0.01	1	2835	买盘
10:58:42	28.34	-0.01	1	2834	卖盘
10:58:27	28.35	0.01	5	14175	买盘
10:58:22	28.34	-0.01	47	133198	卖盘
10:58:07	28.35	0.02	50	141750	买盘
10:57:42	28.33	-0.02	16	45328	卖盘
10:57:22	28.35	0.01	30	85050	买盘
10:57:16	28.34	--	0	0	中性盘
10:57:12	28.34	-0.01	4	11336	卖盘
10:56:52	28.35	--	2	5670	买盘
10:56:27	28.35	-0.02	176	498960	卖盘
10:56:12	28.37	--	1	2837	买盘
10:56:07	28.37	0.01	6	17022	买盘
10:55:57	28.36	0.01	7	19852	买盘
10:55:46	28.35	--	0	0	买盘
10:55:37	28.35	0.02	21	59535	买盘
10:55:07	28.33	0.02	53	150149	买盘
10:54:46	28.31	--	10	28310	卖盘
10:54:42	28.31	--	6	16986	买盘
10:54:16	28.31	--	1	2831	买盘
10:54:10	28.31	--	18	50958	买盘
10:54:01	28.31	--	2	5662	买盘
10:53:52	28.31	--	19	53789	买盘
10:53:25	28.31	--	2	5662	买盘
10:53:21	28.31	-0.03	18	50958	卖盘
10:53:06	28.34	--	0	0	买盘
10:53:01	28.34	--	16	45344	买盘
10:52:46	28.34	0.03	3	8502	买盘
10:52:36	28.31	-0.03	5	14155	卖盘
10:52:31	28.34	--	0	0	买盘
10:52:21	28.34	--	1	2834	买盘
10:52:16	28.34	--	0	0	买盘
10:52:06	28.34	--	5	14170	买盘
10:52:01	28.34	0.04	7	19838	买盘
10:51:51	28.3	-0.05	4	11320	中性盘
10:51:46	28.35	0.06	10	28350	买盘
10:51:40	28.29	-0.01	1	2829	卖盘
10:51:36	28.3	--	6	16980	买盘
10:51:25	28.3	0.01	2	5660	买盘
10:51:10	28.29	-0.01	10	28290	卖盘
10:51:01	28.3	0.02	8	22640	买盘
10:50:51	28.28	--	47	132916	买盘
10:50:40	28.28	--	54	152712	卖盘
10:50:31	28.28	--	0	0	卖盘
10:50:25	28.28	-0.02	21	59388	卖盘
10:50:21	28.3	0.01	10	28300	买盘
10:50:16	28.29	--	0	0	卖盘
10:50:10	28.29	-0.01	10	28290	卖盘
10:50:06	28.3	--	3	8490	卖盘
10:49:51	28.3	--	5	14150	卖盘
10:49:36	28.3	--	5	14150	买盘
10:49:31	28.3	--	5	14150	买盘
10:49:25	28.3	--	0	0	买盘
10:49:10	28.3	--	3	8490	买盘
10:48:51	28.3	--	3	8490	买盘
10:48:36	28.3	--	2	5660	买盘
10:48:31	28.3	0.02	1	2830	买盘
10:48:16	28.28	--	0	0	卖盘
10:48:10	28.28	--	14	39592	买盘
10:48:01	28.28	--	1	2828	买盘
10:47:55	28.28	0.04	2	5656	买盘
10:47:25	28.24	--	7	19768	买盘
10:47:00	28.24	0.01	23	64952	买盘
10:46:49	28.23	--	1	2823	卖盘
10:46:45	28.23	--	2	5646	买盘
10:46:34	28.23	--	1	2823	买盘
10:46:25	28.23	--	1	2823	买盘
10:46:19	28.23	-0.01	4	11292	买盘
10:46:10	28.24	--	21	59304	买盘
10:45:49	28.24	0.09	5	14120	买盘
10:45:40	28.15	--	0	0	卖盘
10:45:25	28.15	--	0	0	卖盘
10:45:19	28.15	--	7	21056	买盘
10:45:15	28.15	--	20	56300	买盘
10:45:10	28.15	-0.02	185	522238	卖盘
10:45:04	28.17	-0.07	9	25353	卖盘
10:45:00	28.24	--	0	0	买盘
10:44:55	28.24	0.08	1	2824	买盘
10:44:45	28.16	--	0	0	卖盘
10:44:40	28.16	--	34	97095	卖盘
10:44:25	28.16	--	10	28160	卖盘
10:44:19	28.16	--	4	11264	买盘
10:44:15	28.16	--	31	87296	买盘
10:44:10	28.16	--	36	101376	买盘
10:44:04	28.16	--	16	45056	买盘
10:44:00	28.16	--	14	39424	买盘
10:43:55	28.16	--	3	8448	买盘
10:43:45	28.16	-0.06	96	270336	卖盘
10:43:40	28.22	--	0	0	中性盘
10:43:30	28.22	--	0	0	买盘
10:43:25	28.22	--	12	33864	买盘
10:43:19	28.22	0.03	9	25398	买盘
10:43:15	28.19	--	38	107122	买盘
10:43:10	28.19	--	82	231158	买盘
10:43:04	28.19	--	13	36647	买盘
10:43:00	28.19	--	29	81751	买盘
10:42:55	28.19	--	13	36647	买盘
10:42:45	28.19	--	19	53561	买盘
10:42:40	28.19	--	12	33828	买盘
10:42:30	28.19	-0.03	7	19733	卖盘
10:42:25	28.22	-0.02	1	2822	买盘
10:42:19	28.24	--	0	0	买盘
10:42:15	28.24	--	0	0	买盘
10:42:10	28.24	0.07	10	28240	买盘
10:42:04	28.17	--	0	0	卖盘
10:42:00	28.17	--	10	28170	买盘
10:41:55	28.17	-0.08	56	157752	卖盘
10:41:49	28.25	0.08	263	742975	买盘
10:41:44	28.17	-0.07	15	42255	卖盘
10:41:34	28.24	0.07	1	2824	中性盘
10:41:24	28.17	--	10	28170	买盘
10:41:19	28.17	--	0	0	买盘
10:41:13	28.17	--	3	8451	买盘
10:41:10	28.17	0.06	8	22536	买盘
10:41:04	28.11	--	0	0	卖盘
10:40:58	28.11	-0.06	20	56220	卖盘
10:40:54	28.17	--	1	2817	买盘
10:40:49	28.17	-0.01	35	98595	买盘
10:40:43	28.18	-0.02	58	163444	卖盘
10:40:34	28.2	--	6	16920	卖盘
10:40:28	28.2	--	3	8460	买盘
10:40:24	28.2	-0.08	9	25380	卖盘
10:40:19	28.28	--	5	14140	买盘
10:40:13	28.28	0.08	20	56560	买盘
10:40:09	28.2	-0.1	84	236880	卖盘
10:40:04	28.3	--	1	2830	买盘
10:39:54	28.3	0.02	5	14150	买盘
10:39:49	28.28	-0.08	187	528836	卖盘
10:39:19	28.36	--	4	11344	卖盘
10:39:04	28.36	-0.01	16	45376	卖盘
10:38:54	28.37	--	5	14185	买盘
10:38:49	28.37	--	8	22696	买盘
10:38:39	28.37	--	13	36881	买盘
10:38:24	28.37	0.01	5	14185	买盘
10:38:19	28.36	-0.01	5	14180	卖盘
10:38:04	28.37	--	3	8511	卖盘
10:37:54	28.37	--	2	5674	卖盘
10:37:49	28.37	-0.02	5	14185	卖盘
10:37:39	28.39	--	2	5678	买盘
10:37:34	28.39	0.01	35	99365	买盘
10:37:19	28.38	-0.01	27	76626	卖盘
10:37:09	28.39	-0.01	8	22712	卖盘
10:37:04	28.4	--	14	39760	买盘
10:36:58	28.4	--	1	2840	买盘
10:36:54	28.4	--	5	14200	买盘
10:36:34	28.4	0.01	1	2840	买盘
10:36:19	28.39	--	0	0	中性盘
10:36:09	28.39	-0.01	10	28390	卖盘
10:36:04	28.4	0.01	11	31240	买盘
10:35:43	28.39	-0.01	2	5678	卖盘
10:35:39	28.4	-0.01	41	117916	卖盘
10:35:34	28.41	-0.02	51	144891	卖盘
10:35:28	28.43	--	30	85290	买盘
10:35:09	28.43	0.01	5	14215	买盘
10:35:04	28.42	-0.01	107	304094	卖盘
10:34:58	28.43	0.01	9	25587	买盘
10:34:43	28.42	-0.01	3	8526	卖盘
10:34:33	28.43	0.01	1	2843	买盘
10:34:22	28.42	--	3	8526	卖盘
10:34:18	28.42	--	2	5684	买盘
10:34:03	28.42	0.01	1	2842	买盘
10:33:58	28.41	--	10	28410	卖盘
10:33:48	28.41	--	2	5682	卖盘
10:33:33	28.41	0.01	11	31251	中性盘
10:33:13	28.4	-0.02	101	286840	卖盘
10:33:07	28.42	--	1	2842	买盘
10:32:52	28.42	0.01	2	5684	买盘
10:32:43	28.41	--	2	5682	卖盘
10:32:37	28.41	--	8	24091	买盘
10:32:33	28.41	--	1	2841	买盘
10:32:22	28.41	--	31	88071	买盘
10:32:18	28.41	--	64	183301	卖盘
10:32:13	28.41	-0.01	10	28410	卖盘
10:32:03	28.42	--	1	2842	买盘
10:31:58	28.42	0.01	2	5684	卖盘
10:31:43	28.41	--	0	0	卖盘
10:31:33	28.41	-0.02	123	349443	卖盘
10:31:18	28.43	--	1	2843	买盘
10:31:13	28.43	--	2	5686	买盘
10:30:28	28.43	--	15	42645	买盘
10:30:07	28.43	--	1	2843	买盘
10:29:58	28.43	--	12	34116	买盘
10:29:52	28.43	-0.02	62	176266	卖盘
10:29:37	28.45	--	1	2845	买盘
10:29:28	28.45	--	2	5690	买盘
10:29:22	28.45	--	1	2845	买盘
10:29:07	28.45	--	1	2845	买盘
10:28:33	28.45	0.02	5	14225	买盘
10:28:22	28.43	-0.02	123	349689	卖盘
10:28:16	28.45	-0.01	7	19915	卖盘
10:28:12	28.46	--	1	2846	买盘
10:27:52	28.46	-0.01	23	65458	卖盘
10:27:42	28.47	--	1	2847	买盘
10:27:27	28.47	-0.01	21	59787	卖盘
10:27:22	28.48	--	1	2848	买盘
10:27:12	28.48	--	3	8544	买盘
10:26:57	28.48	--	4	11392	买盘
10:26:16	28.48	--	2	5696	买盘
10:26:12	28.48	-0.01	1	2848	卖盘
10:25:57	28.49	-0.01	4	11396	卖盘
10:25:52	28.5	--	4	11400	买盘
10:25:42	28.5	--	1	2850	买盘
10:25:31	28.5	--	3	8550	买盘
10:25:27	28.5	0.01	1	2850	买盘
10:25:22	28.49	-0.01	10	28490	卖盘
10:25:16	28.5	--	3	8550	买盘
10:25:12	28.5	--	1	2850	买盘
10:24:57	28.5	--	3	8550	买盘
10:24:52	28.5	--	6	17100	买盘
10:24:37	28.5	0.01	12	34200	买盘
10:24:31	28.49	-0.01	2	5698	卖盘
10:24:27	28.5	0.01	3	8550	买盘
10:24:16	28.49	-0.01	7	19943	卖盘
10:24:12	28.5	0.01	6	17100	买盘
10:23:57	28.49	0.01	10	28490	买盘
10:23:46	28.48	--	3	8544	买盘
10:23:37	28.48	0.02	1	2848	买盘
10:23:06	28.46	--	2	5692	买盘
10:22:57	28.46	--	1	2846	买盘
10:22:52	28.46	0.01	1	2846	买盘
10:22:42	28.45	--	7	19915	卖盘
10:22:31	28.45	--	1	2845	买盘
10:22:22	28.45	0.01	32	91040	买盘
10:22:16	28.44	--	6	17064	买盘
10:22:12	28.44	--	54	153576	买盘
10:22:01	28.44	0.01	200	568800	买盘
10:21:51	28.43	-0.01	1	2843	卖盘
10:21:40	28.44	--	10	28440	买盘
10:21:36	28.44	0.02	12	34128	买盘
10:21:31	28.42	--	18	51156	卖盘
10:21:25	28.42	-0.01	10	28420	卖盘
10:21:16	28.43	--	25	72439	买盘
10:21:06	28.43	--	116	329788	卖盘
10:21:01	28.43	-0.01	2	5686	卖盘
10:20:55	28.44	--	7	19908	买盘
10:20:46	28.44	--	6	17064	买盘
10:20:36	28.44	--	16	45504	买盘
10:20:31	28.44	-0.01	34	96696	卖盘
10:20:21	28.45	--	7	19915	买盘
10:20:16	28.45	--	20	56900	买盘
10:20:01	28.45	--	5	14225	买盘
10:19:55	28.45	--	6	17070	买盘
10:19:46	28.45	0.01	1	2845	买盘
10:19:40	28.44	-0.01	20	56880	卖盘
10:19:36	28.45	-0.01	35	99575	卖盘
10:19:31	28.46	--	3	8538	买盘
10:19:25	28.46	--	37	105302	买盘
10:19:21	28.46	-0.02	20	56920	卖盘
10:19:16	28.48	--	4	11392	买盘
10:19:01	28.48	--	0	0	买盘
10:18:46	28.48	-0.01	9	25632	中性盘
10:18:40	28.49	0.04	18	51282	买盘
10:18:36	28.45	-0.04	30	85350	卖盘
10:18:31	28.49	0.04	10	28490	买盘
10:18:21	28.45	--	18	51210	买盘
10:18:16	28.45	--	6	17070	卖盘
10:18:06	28.45	-0.01	9	25605	卖盘
10:18:01	28.46	--	3	8538	买盘
10:17:51	28.46	--	6	17076	买盘
10:17:46	28.46	--	1	2846	买盘
10:17:36	28.46	--	85	241910	卖盘
10:17:31	28.46	--	0	0	卖盘
10:17:21	28.46	--	15	42690	买盘
10:17:10	28.46	--	15	42690	买盘
10:17:06	28.46	--	1	2846	买盘
10:16:51	28.46	-0.01	35	99610	卖盘
10:16:36	28.47	--	69	197923	卖盘
10:16:31	28.47	-0.01	45	129481	卖盘
10:16:25	28.48	-0.01	2	5696	卖盘
10:16:21	28.49	-0.01	8	22792	卖盘
10:16:16	28.5	--	8	22800	买盘
10:16:10	28.5	-0.01	104	296970	卖盘
10:16:06	28.51	-0.01	78	222378	卖盘
10:16:01	28.52	0.01	7	22245	买盘
10:15:55	28.51	-0.01	53	151103	卖盘
10:15:40	28.52	-0.02	237	676494	卖盘
10:15:30	28.54	--	40	114160	买盘
10:15:25	28.54	--	7	19978	买盘
10:14:55	28.54	-0.01	37	105598	卖盘
10:14:40	28.55	--	2	5710	买盘
10:14:34	28.55	--	1	2855	买盘
10:14:30	28.55	--	4	11420	买盘
10:14:10	28.55	--	4	11420	买盘
10:14:00	28.55	--	1	2855	买盘
10:13:40	28.55	--	4	11420	卖盘
10:13:30	28.55	-0.01	2	5710	卖盘
10:13:25	28.56	0.01	1	2856	买盘
10:13:15	28.55	-0.01	1	2855	卖盘
10:12:55	28.56	0.01	3	8568	买盘
10:12:30	28.55	--	1	2855	卖盘
10:12:25	28.55	--	0	0	中性盘
10:12:15	28.55	--	2	5710	买盘
10:12:04	28.55	0.01	1	2855	买盘
10:11:55	28.54	--	26	74204	卖盘
10:11:45	28.54	--	6	17124	买盘
10:11:34	28.54	--	9	25686	卖盘
10:11:15	28.54	--	8	22832	买盘
10:11:04	28.54	--	1	2854	买盘
10:11:00	28.54	--	5	14270	买盘
10:10:55	28.54	--	6	17124	买盘
10:10:49	28.54	--	5	14270	买盘
10:10:30	28.54	--	8	22832	买盘
10:10:25	28.54	--	3	8562	买盘
10:10:19	28.54	--	1	2854	买盘
10:10:10	28.54	--	3	8562	买盘
10:10:04	28.54	--	44	125576	卖盘
10:10:00	28.54	-0.01	17	48518	卖盘
10:09:55	28.55	--	1	2855	买盘
10:09:49	28.55	--	1	2855	买盘
10:09:39	28.55	0.01	7	19985	买盘
10:09:30	28.54	--	16	45664	卖盘
10:09:13	28.54	--	1	2854	买盘
10:09:09	28.54	0.01	1	2854	买盘
10:09:04	28.53	-0.01	13	37089	卖盘
10:08:58	28.54	--	13	37102	买盘
10:08:39	28.54	0.02	2	5708	买盘
10:08:28	28.52	--	0	0	卖盘
10:08:24	28.52	-0.01	19	54188	卖盘
10:08:19	28.53	0.01	2	5706	卖盘
10:08:13	28.52	--	0	0	卖盘
10:07:58	28.52	--	15	42780	卖盘
10:07:54	28.52	--	0	0	卖盘
10:07:39	28.52	--	3	8556	卖盘
10:07:34	28.52	-0.03	100	287481	卖盘
10:07:28	28.55	--	1	2855	买盘
10:07:24	28.55	0.02	4	11420	买盘
10:07:19	28.53	--	0	0	买盘
10:07:13	28.53	-0.02	23	66189	卖盘
10:07:09	28.55	--	7	19985	卖盘
10:07:04	28.55	--	17	48535	卖盘
10:06:58	28.55	--	30	85650	卖盘
10:06:49	28.55	-0.01	0	2284	卖盘
10:06:39	28.56	-0.01	34	97104	卖盘
10:06:28	28.57	--	5	14285	买盘
10:06:24	28.57	-0.01	54	154278	卖盘
10:06:09	28.58	--	1	2858	买盘
10:05:58	28.58	--	23	65734	卖盘
10:05:49	28.58	--	2	5716	买盘
10:05:43	28.58	--	14	40012	买盘
10:05:24	28.58	--	7	20006	卖盘
10:05:13	28.58	-0.01	1	2858	卖盘
10:05:04	28.59	0.01	2	5718	卖盘
10:04:54	28.58	-0.02	79	225782	卖盘
10:04:34	28.6	0.01	5	15787	买盘
10:04:28	28.59	-0.01	10	28590	卖盘
10:04:24	28.6	0.01	3	8580	买盘
10:04:13	28.59	--	100	285900	卖盘
10:04:04	28.59	-0.01	6	18526	卖盘
10:03:54	28.6	--	7	20020	卖盘
10:03:43	28.6	--	11	31460	买盘
10:03:33	28.6	--	71	203060	卖盘
10:03:18	28.6	--	2	5720	卖盘
10:03:13	28.6	-0.03	10	28600	卖盘
10:02:58	28.63	--	5	14315	买盘
10:02:48	28.63	--	128	366464	买盘
10:02:43	28.63	--	5	14315	买盘
10:02:33	28.63	--	2	5726	买盘
10:02:13	28.63	--	14	40082	买盘
10:02:03	28.63	--	15	42945	买盘
10:01:33	28.63	--	61	174643	卖盘
10:01:13	28.63	-0.01	1	2863	卖盘
10:00:58	28.64	--	0	0	中性盘
10:00:28	28.64	--	5	14320	买盘
10:00:18	28.64	0.01	10	28640	买盘
09:59:58	28.63	--	2	5726	卖盘
09:59:48	28.63	--	6	17178	卖盘
09:59:43	28.63	-0.01	1	2863	卖盘
09:59:28	28.64	-0.02	11	31504	卖盘
09:59:13	28.66	-0.01	1	2866	买盘
09:59:03	28.67	--	0	0	买盘
09:58:33	28.67	--	0	0	买盘
09:58:28	28.67	0.05	2	5734	买盘
09:58:13	28.62	--	0	0	卖盘
09:58:07	28.62	--	1	2862	卖盘
09:57:58	28.62	-0.01	21	60102	卖盘
09:57:48	28.63	--	1	2863	卖盘
09:57:42	28.63	--	0	0	中性盘
09:57:33	28.63	--	0	0	中性盘
09:57:22	28.63	--	150	429450	卖盘
09:57:03	28.63	--	0	0	卖盘
09:56:57	28.63	--	20	57260	卖盘
09:56:46	28.63	--	1	2863	卖盘
09:56:07	28.63	--	1	2863	买盘
09:55:57	28.63	--	7	20041	买盘
09:55:52	28.63	--	5	14315	买盘
09:55:46	28.63	-0.04	43	123109	卖盘
09:55:42	28.67	--	12	34404	买盘
09:55:27	28.67	--	17	48739	买盘
09:55:12	28.67	0.05	18	51606	卖盘
09:54:57	28.62	-0.05	1	2862	卖盘
09:54:52	28.67	0.05	38	108946	买盘
09:54:46	28.62	-0.01	18	51516	卖盘
09:54:37	28.63	-0.04	15	42945	卖盘
09:54:22	28.67	-0.01	5	14335	买盘
09:53:37	28.68	-0.02	21	60228	卖盘
09:53:22	28.7	--	10	28700	买盘
09:52:57	28.7	--	5	14350	买盘
09:52:42	28.7	--	8	22960	卖盘
09:52:07	28.7	--	1	2870	卖盘
09:51:52	28.7	--	0	0	卖盘
09:51:16	28.7	-0.01	120	344400	卖盘
09:51:12	28.71	0.01	5	14355	买盘
09:51:01	28.7	0.01	1	2870	卖盘
09:50:51	28.69	--	0	0	卖盘
09:50:46	28.69	--	0	0	卖盘
09:50:40	28.69	-0.01	9	25821	卖盘
09:50:36	28.7	-0.01	3	8610	买盘
09:50:21	28.71	--	0	0	买盘
09:50:10	28.71	0.02	4	11484	买盘
09:50:06	28.69	-0.02	100	286900	卖盘
09:50:01	28.71	--	6	17226	买盘
09:49:10	28.71	--	3	8613	卖盘
09:49:01	28.71	--	0	0	卖盘
09:48:55	28.71	--	0	0	中性盘
09:48:51	28.71	--	0	0	买盘
09:48:46	28.71	--	10	28710	买盘
09:48:40	28.71	-0.01	68	195228	卖盘
09:48:10	28.72	0.01	2	5744	买盘
09:47:36	28.71	--	5	14355	卖盘
09:47:21	28.71	--	0	0	卖盘
09:47:01	28.71	--	9	25839	买盘
09:46:51	28.71	--	2	5742	买盘
09:46:40	28.71	--	14	40194	卖盘
09:45:25	28.71	0.01	2	5742	中性盘
09:45:21	28.7	-0.01	40	114800	卖盘
09:45:16	28.71	--	1	2871	中性盘
09:45:10	28.71	--	0	0	买盘
09:45:06	28.71	--	5	14355	买盘
09:44:55	28.71	--	39	111969	卖盘
09:44:30	28.71	--	23	66033	买盘
09:44:25	28.71	--	12	34452	买盘
09:44:19	28.71	--	20	57420	买盘
09:44:00	28.71	--	2	5742	买盘
09:43:55	28.71	--	53	152163	卖盘
09:43:15	28.71	0.01	3	8613	买盘
09:42:55	28.7	--	30	86100	卖盘
09:42:19	28.7	--	0	0	卖盘
09:42:10	28.7	-0.01	50	143500	卖盘
09:42:00	28.71	--	0	0	卖盘
09:41:45	28.71	-0.09	2	5742	卖盘
09:41:40	28.8	0.09	6	17280	买盘
09:41:10	28.71	-0.03	15	43065	卖盘
09:41:00	28.74	--	0	0	卖盘
09:40:49	28.74	0.03	1	2874	买盘
09:40:45	28.71	--	5	14355	卖盘
09:40:34	28.71	-0.03	21	60291	卖盘
09:40:25	28.74	-0.06	27	77598	卖盘
09:40:15	28.8	0.04	3	8640	买盘
09:40:09	28.76	--	2	5752	中性盘
09:39:54	28.76	--	5	14380	买盘
09:39:49	28.76	--	14	40264	卖盘
09:39:15	28.76	-0.04	1	2876	卖盘
09:39:10	28.8	0.04	20	57600	买盘
09:39:04	28.76	-0.06	2	5752	卖盘
09:39:00	28.82	--	0	0	买盘
09:38:54	28.82	--	0	0	中性盘
09:38:39	28.82	--	0	0	卖盘
09:38:34	28.82	--	3	8646	卖盘
09:38:30	28.82	--	2	5764	买盘
09:38:24	28.82	0.07	18	51876	买盘
09:37:58	28.75	--	3	8625	买盘
09:37:54	28.75	0.01	2	5750	买盘
09:37:39	28.74	--	1	2874	买盘
09:37:19	28.74	--	4	11496	卖盘
09:37:04	28.74	--	0	0	卖盘
09:36:58	28.74	--	3	8622	卖盘
09:36:34	28.74	0.03	7	20118	卖盘
09:36:19	28.71	--	2	5742	买盘
09:36:09	28.71	--	1	2871	买盘
09:36:04	28.71	--	22	63162	买盘
09:35:58	28.71	-0.04	55	157905	卖盘
09:35:49	28.75	0.01	2	5750	买盘
09:35:43	28.74	--	5	14370	买盘
09:35:34	28.74	--	7	20118	买盘
09:35:28	28.74	--	5	14370	买盘
09:35:24	28.74	-0.01	14	40236	卖盘
09:35:09	28.75	--	2	5750	买盘
09:34:58	28.75	-0.07	5	14375	卖盘
09:34:39	28.82	0.07	1	2882	买盘
09:34:28	28.75	-0.08	2	5750	卖盘
09:34:13	28.83	-0.01	5	14415	买盘
09:34:04	28.84	--	0	0	买盘
09:33:54	28.84	-0.01	19	54796	卖盘
09:33:48	28.85	0.01	24	69240	买盘
09:33:28	28.84	-0.01	5	14420	买盘
09:33:13	28.85	--	0	0	买盘
09:33:09	28.85	--	23	66355	买盘
09:33:03	28.85	--	0	0	买盘
09:32:58	28.85	--	0	0	买盘
09:32:54	28.85	--	4	11540	买盘
09:32:48	28.85	--	21	60585	买盘
09:32:43	28.85	--	0	0	买盘
09:32:39	28.85	--	0	0	买盘
09:32:28	28.85	--	16	46160	买盘
09:32:18	28.85	--	1	2885	买盘
09:32:13	28.85	-0.01	5	14425	卖盘
09:32:08	28.86	0.01	27	77922	买盘
09:31:58	28.85	--	10	28850	卖盘
09:31:48	28.85	--	1	2885	买盘
09:31:33	28.85	--	17	49045	买盘
09:31:28	28.85	--	17	49045	买盘
09:31:07	28.85	-0.01	16	46160	买盘
09:31:03	28.86	--	9	25974	卖盘
09:30:58	28.86	--	1	2886	卖盘
09:30:48	28.86	0.01	15	43290	买盘
09:30:43	28.85	--	4	11540	卖盘
09:30:37	28.85	--	2	5770	卖盘
09:30:33	28.85	--	1	2885	卖盘
09:30:28	28.85	0.07	11	31735	买盘
09:30:22	28.78	-0.09	6	17268	卖盘
09:30:13	28.87	--	0	0	买盘
09:30:07	28.87	--	27	77949	买盘
09:30:03	28.87	-0.01	9	25983	中性盘
09:28:47	28.88	--	0	0	买盘
09:25:06	28.88	28.88	15	43320	买盘
