成交时间	成交价	价格变动	成交量(手)	成交额(元)	性质
15:00:00	4.18	--	0	0	买盘
15:00:00	4.18	0.01	1	418	买盘
14:59:59	4.17	-0.01	330	137610	卖盘
14:59:53	4.18	--	141	58937	买盘
14:59:49	4.18	0.01	275	114949	买盘
14:59:44	4.17	-0.01	149	62133	卖盘
14:59:38	4.18	0.01	268	112023	买盘
14:59:34	4.17	-0.01	3039	1267263	卖盘
14:59:29	4.18	0.01	39	16301	买盘
14:59:23	4.17	-0.01	13	5421	卖盘
14:59:19	4.18	0.01	482	201476	买盘
14:59:14	4.17	-0.01	156	65052	卖盘
14:59:08	4.18	0.01	100	41800	买盘
14:59:04	4.17	-0.01	13	5421	卖盘
14:58:59	4.18	--	160	66880	买盘
14:58:53	4.18	--	180	75240	买盘
14:58:49	4.18	0.01	154	64371	买盘
14:58:44	4.17	-0.01	1513	630921	卖盘
14:58:38	4.18	--	195	81510	买盘
14:58:34	4.18	--	129	53921	买盘
14:58:29	4.18	--	35	14629	买盘
14:58:23	4.18	0.01	150	62699	买盘
14:58:19	4.17	--	34	14178	卖盘
14:58:08	4.17	--	121	50457	卖盘
14:58:04	4.17	--	194	80898	卖盘
14:57:59	4.17	-0.01	125	52125	卖盘
14:57:53	4.18	0.01	389	162602	买盘
14:57:49	4.17	-0.01	71	29607	卖盘
14:57:44	4.18	0.01	67	28005	买盘
14:57:38	4.17	-0.01	15	6255	卖盘
14:57:34	4.18	--	189	79002	买盘
14:57:29	4.18	--	216	90288	买盘
14:57:23	4.18	--	20	8360	买盘
14:57:19	4.18	0.01	270	112859	买盘
14:57:14	4.17	-0.01	135	56295	卖盘
14:57:08	4.18	--	7	2926	买盘
14:57:04	4.18	--	136	56847	买盘
14:56:59	4.18	--	133	55593	买盘
14:56:49	4.18	0.01	220	91960	买盘
14:56:34	4.17	-0.01	20	8340	卖盘
14:56:29	4.18	--	240	100320	买盘
14:56:23	4.18	--	188	78584	买盘
14:56:19	4.18	0.01	64	26752	买盘
14:56:14	4.17	--	148	61716	卖盘
14:56:08	4.17	--	5	2085	卖盘
14:56:03	4.17	-0.01	32	13344	卖盘
14:55:59	4.18	--	275	114949	买盘
14:55:53	4.18	0.01	11	4598	买盘
14:55:44	4.17	--	160	66720	卖盘
14:55:38	4.17	-0.01	1238	516246	卖盘
14:55:28	4.18	0.01	52	21736	买盘
14:55:19	4.17	-0.01	500	208500	卖盘
14:55:13	4.18	0.01	50	20900	买盘
14:55:08	4.17	--	130	54210	卖盘
14:54:58	4.17	-0.01	22	9174	卖盘
14:54:53	4.18	0.01	218	91124	买盘
14:54:43	4.17	--	129	53793	卖盘
14:54:38	4.17	--	6	2502	卖盘
14:54:32	4.17	--	3	1251	卖盘
14:54:28	4.17	-0.01	89	37113	卖盘
14:54:23	4.18	0.01	19	7941	买盘
14:54:13	4.17	-0.01	411	171387	卖盘
14:54:08	4.18	--	10	4180	买盘
14:53:53	4.18	--	39	16301	买盘
14:53:47	4.18	--	8	3344	买盘
14:53:43	4.18	--	20	8360	买盘
14:53:38	4.18	--	126	52668	买盘
14:53:28	4.18	--	38	15883	买盘
14:53:23	4.18	0.01	6	2508	买盘
14:53:17	4.17	-0.01	1	417	卖盘
14:53:13	4.18	--	88	36784	买盘
14:53:08	4.18	--	60	25080	买盘
14:53:02	4.18	--	26	10868	买盘
14:52:47	4.18	--	1	418	买盘
14:52:17	4.18	--	8	3344	买盘
14:52:13	4.18	--	200	83600	买盘
14:52:08	4.18	0.01	44	18392	买盘
14:52:02	4.17	-0.01	60	25020	卖盘
14:51:58	4.18	0.01	10	4180	买盘
14:51:53	4.17	--	93	38781	卖盘
14:51:47	4.17	-0.01	10	4170	卖盘
14:51:32	4.18	0.01	300	125399	买盘
14:51:28	4.17	--	230	95910	卖盘
14:51:23	4.17	--	212	88404	卖盘
14:51:17	4.17	-0.01	10	4170	卖盘
14:51:13	4.18	--	220	91960	买盘
14:51:08	4.18	0.01	160	66880	买盘
14:50:58	4.17	--	57	23769	卖盘
14:50:53	4.17	-0.01	105	43785	卖盘
14:50:47	4.18	0.01	30	12540	买盘
14:50:43	4.17	--	20	8340	卖盘
14:50:38	4.17	--	431	179727	卖盘
14:50:32	4.17	--	26	10842	卖盘
14:50:23	4.17	--	350	145950	卖盘
14:50:17	4.17	--	33	13761	卖盘
14:50:13	4.17	--	1348	562116	卖盘
14:50:08	4.17	-0.01	150	62550	卖盘
14:50:02	4.18	0.01	10	4180	买盘
14:49:58	4.17	--	415	173055	卖盘
14:49:47	4.17	-0.01	10	4170	卖盘
14:49:43	4.18	--	470	196460	买盘
14:49:38	4.18	--	9	3761	买盘
14:49:32	4.18	--	10	4180	买盘
14:49:17	4.18	0.01	1	418	买盘
14:49:08	4.17	-0.01	66	27522	卖盘
14:49:02	4.18	0.01	21	8778	买盘
14:48:58	4.17	--	13	5421	卖盘
14:48:53	4.17	--	26	10842	卖盘
14:48:47	4.17	--	26	10842	卖盘
14:48:42	4.17	--	33	13761	卖盘
14:48:37	4.17	--	1141	475797	卖盘
14:48:32	4.17	-0.01	33	13761	卖盘
14:48:26	4.18	0.01	230	96140	买盘
14:48:22	4.17	-0.01	60	25020	卖盘
14:48:17	4.18	--	346	144628	买盘
14:48:11	4.18	0.01	31	12958	买盘
14:48:07	4.17	--	168	70056	卖盘
14:48:02	4.17	--	715	298155	卖盘
14:47:52	4.17	-0.01	2043	851931	卖盘
14:47:47	4.18	0.01	13	5434	买盘
14:47:37	4.17	-0.01	39	16263	卖盘
14:47:22	4.18	--	134	56011	买盘
14:47:17	4.18	0.01	2	836	买盘
14:47:11	4.17	--	1333	555861	卖盘
14:47:02	4.17	--	300	125100	卖盘
14:46:56	4.17	--	7	2919	卖盘
14:46:52	4.17	--	331	138027	卖盘
14:46:32	4.17	-0.01	20	8340	卖盘
14:46:26	4.18	0.01	101	42218	买盘
14:46:22	4.17	--	47	19599	卖盘
14:46:17	4.17	-0.01	40	16680	卖盘
14:46:07	4.18	--	35	14629	买盘
14:45:56	4.18	--	10	4180	买盘
14:45:52	4.18	--	200	83600	买盘
14:45:37	4.18	--	2	836	买盘
14:45:32	4.18	0.01	20	8360	买盘
14:45:26	4.17	--	20	8340	卖盘
14:45:22	4.17	-0.01	9	3753	卖盘
14:45:11	4.18	0.01	50	20900	买盘
14:45:07	4.17	-0.01	255	106335	卖盘
14:45:02	4.18	--	10	4180	买盘
14:44:52	4.18	0.01	23	9614	买盘
14:44:47	4.17	-0.01	50	20850	卖盘
14:44:41	4.18	--	97	40546	买盘
14:44:37	4.18	--	1	418	买盘
14:44:32	4.18	0.01	14	5852	买盘
14:44:22	4.17	--	1	417	卖盘
14:44:17	4.17	--	8	3336	卖盘
14:44:11	4.17	-0.01	90	37530	卖盘
14:44:07	4.18	--	400	167200	买盘
14:44:02	4.18	0.01	3	1254	买盘
14:43:52	4.17	-0.01	30	12510	卖盘
14:43:41	4.18	0.01	6	2508	买盘
14:43:37	4.17	--	20	8340	卖盘
14:43:32	4.17	--	102	42534	卖盘
14:43:22	4.17	-0.01	20	8340	卖盘
14:43:02	4.18	--	34	14211	买盘
14:42:56	4.18	--	60	25080	买盘
14:42:52	4.18	--	20	8360	买盘
14:42:47	4.18	--	26	10868	买盘
14:42:26	4.18	--	259	108261	买盘
14:42:21	4.18	0.01	53	22154	买盘
14:42:11	4.17	--	167	69639	卖盘
14:42:05	4.17	--	294	122598	卖盘
14:42:01	4.17	-0.01	41	17097	卖盘
14:41:50	4.18	--	14	5852	买盘
14:41:46	4.18	0.01	45	18810	买盘
14:41:35	4.17	-0.01	13	5421	卖盘
14:41:31	4.18	0.01	500	209000	买盘
14:41:11	4.17	--	52	21684	卖盘
14:41:05	4.17	--	200	83400	卖盘
14:41:01	4.17	-0.01	142	59214	卖盘
14:40:56	4.18	0.01	1	418	买盘
14:40:50	4.17	--	65	27105	卖盘
14:40:46	4.17	--	44	18348	卖盘
14:40:41	4.17	-0.01	48	20016	卖盘
14:40:35	4.18	--	113	47234	买盘
14:40:31	4.18	0.01	47	19646	买盘
14:40:26	4.17	-0.01	13	5421	卖盘
14:40:16	4.18	0.01	8	3344	买盘
14:40:05	4.17	-0.01	55	22935	卖盘
14:40:01	4.18	0.01	11	4598	买盘
14:39:56	4.17	-0.01	8	3336	卖盘
14:39:50	4.18	--	100	41800	买盘
14:39:46	4.18	0.01	18	7523	买盘
14:39:35	4.17	--	20	8340	卖盘
14:39:31	4.17	-0.01	87	36279	卖盘
14:39:26	4.18	0.01	71	29677	买盘
14:39:16	4.17	--	108	45036	卖盘
14:39:05	4.17	-0.01	10	4170	卖盘
14:39:01	4.18	--	2	836	买盘
14:38:56	4.18	--	41	17138	买盘
14:38:46	4.18	--	60	25080	买盘
14:38:41	4.18	--	20	8360	买盘
14:38:26	4.18	--	43	17974	买盘
14:38:05	4.18	--	25	10450	买盘
14:37:56	4.18	--	11	4598	买盘
14:37:46	4.18	--	5	2090	买盘
14:37:41	4.18	--	1	418	买盘
14:37:31	4.18	--	247	103246	买盘
14:37:16	4.18	--	760	317680	买盘
14:37:05	4.18	0.01	1	418	买盘
14:37:01	4.17	--	50	20850	卖盘
14:36:46	4.17	--	75	31275	卖盘
14:36:35	4.17	-0.01	21	8757	卖盘
14:36:31	4.18	--	6	2508	买盘
14:36:26	4.18	--	180	75240	买盘
14:36:20	4.18	--	26	10868	买盘
14:36:16	4.18	--	1	418	买盘
14:36:11	4.18	--	100	41800	买盘
14:36:05	4.18	--	64	26752	买盘
14:35:29	4.18	--	50	20900	买盘
14:35:25	4.18	0.01	50	20900	买盘
14:35:20	4.17	-0.01	45	18765	卖盘
14:35:14	4.18	--	1	418	买盘
14:35:10	4.18	0.01	20	8360	买盘
14:34:59	4.17	-0.01	10	4170	卖盘
14:34:55	4.18	--	5	2090	买盘
14:34:50	4.18	--	10	4180	买盘
14:34:35	4.18	--	2400	1003199	买盘
14:34:20	4.18	0.01	16	6688	买盘
14:33:59	4.17	-0.01	68	28356	卖盘
14:33:55	4.18	--	40	16720	买盘
14:33:50	4.18	--	242	101156	买盘
14:33:29	4.18	--	10	4180	买盘
14:33:25	4.18	--	1	418	买盘
14:33:20	4.18	--	100	41800	买盘
14:33:10	4.18	--	10	4180	买盘
14:32:55	4.18	--	26	10868	买盘
14:32:40	4.18	0.01	113	47234	买盘
14:32:35	4.17	--	237	98829	卖盘
14:32:29	4.17	-0.01	18	7506	卖盘
14:32:25	4.18	--	143	59773	买盘
14:32:14	4.18	--	2	836	买盘
14:32:10	4.18	--	6	2508	买盘
14:32:05	4.18	--	196	81928	买盘
14:31:55	4.18	0.01	10	4180	买盘
14:31:44	4.17	-0.01	5	2085	卖盘
14:31:40	4.18	--	4004	1673672	买盘
14:31:35	4.18	--	665	277970	买盘
14:31:29	4.18	--	26	10868	买盘
14:31:25	4.18	--	66	27587	买盘
14:31:20	4.18	0.01	2	836	买盘
14:31:14	4.17	-0.01	62	25854	卖盘
14:31:10	4.18	--	200	83600	买盘
14:31:05	4.18	--	100	41800	买盘
14:30:50	4.18	--	654	273372	买盘
14:30:44	4.18	--	65	27169	买盘
14:30:40	4.18	--	39	16301	买盘
14:30:35	4.18	--	108	45144	买盘
14:30:25	4.18	--	3643	1522774	卖盘
14:30:20	4.18	-0.01	42	17556	卖盘
14:30:14	4.19	--	1	419	买盘
14:30:09	4.19	--	609	255171	买盘
14:30:05	4.19	0.01	1	419	买盘
14:29:59	4.18	--	5	2090	卖盘
14:29:50	4.18	--	16	6688	卖盘
14:29:40	4.18	--	12	5016	卖盘
14:29:35	4.18	-0.01	25	10450	卖盘
14:29:23	4.19	0.01	3	1257	买盘
14:29:19	4.18	-0.01	80	33440	卖盘
14:29:04	4.19	--	13	5447	买盘
14:28:59	4.19	0.01	5	2095	买盘
14:28:49	4.18	--	73	30513	卖盘
14:28:44	4.18	--	300	125399	卖盘
14:28:34	4.18	--	20	8360	卖盘
14:28:29	4.18	--	270	112859	卖盘
14:28:19	4.18	--	135	56429	买盘
14:28:14	4.18	--	10	4180	买盘
14:28:04	4.18	--	446	186428	卖盘
14:27:59	4.18	-0.01	50	20900	卖盘
14:27:53	4.19	0.01	120	50280	买盘
14:27:49	4.18	--	140	58519	卖盘
14:27:34	4.18	0.01	2906	1214708	买盘
14:27:29	4.17	-0.01	1	417	卖盘
14:27:23	4.18	--	10	4180	买盘
14:27:14	4.18	0.01	251	104918	买盘
14:27:08	4.17	-0.01	75	31275	卖盘
14:27:04	4.18	--	35	14629	买盘
14:26:59	4.18	--	636	265848	买盘
14:26:49	4.18	--	3	1254	买盘
14:26:34	4.18	--	41	17138	买盘
14:26:29	4.18	--	1	418	买盘
14:26:23	4.18	0.01	126	52668	买盘
14:26:19	4.17	-0.01	51	21267	卖盘
14:26:14	4.18	--	2696	1126928	买盘
14:26:04	4.18	0.01	35	14629	买盘
14:25:44	4.17	--	387	161379	卖盘
14:25:38	4.17	-0.01	13	5421	卖盘
14:25:29	4.18	0.01	2	836	买盘
14:25:23	4.17	--	86	35862	卖盘
14:25:19	4.17	-0.01	42	17514	卖盘
14:25:04	4.18	--	2	836	买盘
14:24:59	4.18	0.01	18	7523	买盘
14:24:53	4.17	-0.01	20	8340	卖盘
14:24:49	4.18	0.01	317	132506	买盘
14:24:44	4.17	--	82	34194	卖盘
14:24:34	4.17	--	115	47955	卖盘
14:24:29	4.17	--	7071	2948607	卖盘
14:24:23	4.17	--	17	7089	卖盘
14:24:19	4.17	--	122	50874	卖盘
14:24:14	4.17	--	485	202245	卖盘
14:24:08	4.17	--	4	1668	卖盘
14:24:04	4.17	--	57	23769	卖盘
14:23:59	4.17	--	43	17931	卖盘
14:23:43	4.17	--	13	5421	卖盘
14:23:38	4.17	--	475	198283	买盘
14:23:34	4.17	--	154	64218	买盘
14:23:29	4.17	--	1623	676791	买盘
14:23:23	4.17	--	688	286896	买盘
14:23:19	4.17	0.01	1838	766446	买盘
14:23:14	4.16	-0.01	1527	635232	卖盘
14:23:08	4.17	0.01	1259	525003	买盘
14:23:04	4.16	-0.01	47	19552	卖盘
14:22:59	4.17	--	365	152205	买盘
14:22:53	4.17	--	1532	638844	买盘
14:22:47	4.17	0.01	941	392397	买盘
14:22:43	4.16	-0.01	244	101504	卖盘
14:22:28	4.17	--	1032	430344	买盘
14:22:23	4.17	--	41	17097	买盘
14:22:17	4.17	--	120	50040	买盘
14:22:13	4.17	--	210	87570	买盘
14:22:08	4.17	--	203	84651	买盘
14:21:58	4.17	--	57	23769	买盘
14:21:53	4.17	--	3	1251	买盘
14:21:47	4.17	--	20	8340	买盘
14:21:38	4.17	--	46	19182	买盘
14:21:32	4.17	0.01	2	834	买盘
14:21:28	4.16	-0.01	116	48256	卖盘
14:21:23	4.17	0.01	242	100914	买盘
14:21:13	4.16	--	301	125216	卖盘
14:21:08	4.16	--	5	2080	卖盘
14:20:58	4.16	-0.01	2	832	卖盘
14:20:53	4.17	--	50	20850	买盘
14:20:43	4.17	--	11	4587	买盘
14:20:38	4.17	--	4	1668	买盘
14:20:32	4.17	0.01	41	17097	买盘
14:20:23	4.16	--	7	2912	卖盘
14:20:13	4.16	--	10	4160	卖盘
14:20:07	4.16	-0.01	2	832	卖盘
14:19:58	4.17	0.01	26	10842	买盘
14:19:43	4.16	--	20	8320	卖盘
14:19:32	4.16	--	1	416	卖盘
14:19:28	4.16	-0.01	10	4160	卖盘
14:19:23	4.17	0.01	149	62133	买盘
14:19:13	4.16	--	63	26208	卖盘
14:19:08	4.16	--	54	22464	卖盘
14:19:02	4.16	-0.01	69	28704	卖盘
14:18:58	4.17	0.01	473	197241	买盘
14:18:53	4.16	--	169	70304	卖盘
14:18:47	4.16	--	13	5408	卖盘
14:18:43	4.16	--	150	62400	卖盘
14:18:38	4.16	--	66	27456	卖盘
14:18:32	4.16	--	26	10816	卖盘
14:18:28	4.16	--	26	10816	卖盘
14:18:23	4.16	--	1	416	卖盘
14:18:17	4.16	-0.01	77	32032	卖盘
14:18:13	4.17	--	53	22101	买盘
14:18:08	4.17	0.01	40	16680	买盘
14:18:02	4.16	--	5	2080	卖盘
14:17:58	4.16	-0.01	3	1248	卖盘
14:17:52	4.17	0.01	63	26271	买盘
14:17:47	4.16	--	13	5408	卖盘
14:17:43	4.16	--	53	22048	卖盘
14:17:32	4.16	-0.01	188	78208	卖盘
14:17:28	4.17	--	200	83400	买盘
14:17:22	4.17	--	83	34611	买盘
14:17:13	4.17	--	8	3336	买盘
14:16:57	4.17	0.01	200	83400	买盘
14:16:53	4.16	-0.01	155	64480	卖盘
14:16:47	4.17	0.01	207	86319	买盘
14:16:37	4.16	-0.01	2	832	卖盘
14:16:32	4.17	--	7	2919	买盘
14:16:28	4.17	0.01	23	9591	买盘
14:16:22	4.16	-0.01	1	416	卖盘
14:16:11	4.17	0.01	41	17097	买盘
14:16:07	4.16	--	1535	638560	买盘
14:16:02	4.16	--	1378	573248	买盘
14:15:56	4.16	--	161	66976	买盘
14:15:52	4.16	--	20	8320	买盘
14:15:47	4.16	--	394	163904	买盘
14:15:41	4.16	--	1	416	买盘
14:15:37	4.16	--	133	55328	买盘
14:15:32	4.16	--	1291	537056	买盘
14:15:26	4.16	--	60	24960	买盘
14:15:22	4.16	--	455	189280	买盘
14:15:17	4.16	--	63	26208	买盘
14:15:11	4.16	--	140	58240	买盘
14:15:07	4.16	--	20	8320	买盘
14:15:02	4.16	--	1224	509184	买盘
14:14:56	4.16	--	100	41600	买盘
14:14:52	4.16	--	73	30368	买盘
14:14:47	4.16	--	115	47840	买盘
14:14:41	4.16	--	9	3744	买盘
14:14:37	4.16	0.01	356	148096	买盘
14:14:32	4.15	-0.01	1	415	卖盘
14:14:26	4.16	--	3	1248	买盘
14:14:22	4.16	--	895	372320	买盘
14:14:17	4.16	--	157	65312	买盘
14:14:11	4.16	0.01	31	12896	买盘
14:14:07	4.15	--	34	14110	卖盘
14:13:47	4.15	-0.01	57	23655	卖盘
14:13:41	4.16	--	36	14976	买盘
14:13:37	4.16	0.01	180	74880	买盘
14:13:22	4.15	-0.01	102	42330	卖盘
14:13:17	4.16	0.01	2	832	买盘
14:13:02	4.15	--	32	13288	卖盘
14:12:52	4.15	-0.01	92	38180	卖盘
14:12:47	4.16	0.01	91	37856	买盘
14:12:21	4.15	--	1	415	卖盘
14:12:17	4.15	-0.01	9	3735	卖盘
14:12:07	4.16	0.01	26	10816	买盘
14:11:46	4.15	-0.01	31	12865	卖盘
14:11:37	4.16	0.01	35	14560	买盘
14:11:31	4.15	--	51	21165	卖盘
14:11:06	4.15	--	2	830	卖盘
14:11:01	4.15	--	100	41500	卖盘
14:10:56	4.15	--	99	41085	卖盘
14:10:52	4.15	--	51	21165	卖盘
14:10:46	4.15	--	28	11620	卖盘
14:10:41	4.15	--	1	415	卖盘
14:10:37	4.15	--	202	83830	卖盘
14:10:26	4.15	--	2	830	卖盘
14:10:21	4.15	--	100	41500	卖盘
14:10:02	4.15	--	10	4150	卖盘
14:09:56	4.15	--	3	1452	卖盘
14:09:46	4.15	--	1	415	卖盘
14:09:41	4.15	--	26	10790	卖盘
14:09:31	4.15	--	38	15770	卖盘
14:09:16	4.15	--	1	415	卖盘
14:09:11	4.15	--	5	2075	卖盘
14:09:01	4.15	--	39	16185	卖盘
14:08:56	4.15	--	25	10375	卖盘
14:08:46	4.15	--	1	415	卖盘
14:08:41	4.15	--	13	5395	卖盘
14:08:35	4.15	--	2	830	卖盘
14:08:31	4.15	-0.01	44	18260	卖盘
14:08:26	4.16	0.01	10	4160	买盘
14:08:15	4.15	--	65	26975	卖盘
14:08:11	4.15	--	43	17845	卖盘
14:08:05	4.15	--	55	22825	卖盘
14:07:56	4.15	-0.01	13	5395	卖盘
14:07:50	4.16	0.01	13	5408	买盘
14:07:46	4.15	-0.01	31	12865	卖盘
14:07:35	4.16	--	22	9152	买盘
14:07:30	4.16	0.01	108	44928	买盘
14:07:20	4.15	--	26	10790	卖盘
14:07:16	4.15	--	8	3461	卖盘
14:07:05	4.15	--	1	415	卖盘
14:07:01	4.15	--	10	4150	卖盘
14:06:45	4.15	--	1	415	卖盘
14:06:41	4.15	--	100	41500	卖盘
14:06:30	4.15	--	10	4150	卖盘
14:06:20	4.15	--	22	9130	卖盘
14:06:10	4.15	--	31	12865	卖盘
14:06:05	4.15	-0.01	1	415	卖盘
14:05:56	4.16	0.01	130	54080	买盘
14:05:46	4.15	--	21	8715	卖盘
14:05:41	4.15	--	10	4150	卖盘
14:05:31	4.15	--	1	415	卖盘
14:05:20	4.15	--	60	24900	卖盘
14:05:10	4.15	-0.01	10	4150	卖盘
14:05:05	4.16	--	51	21216	买盘
14:05:00	4.16	0.01	124	51584	买盘
14:04:45	4.15	--	3	1245	卖盘
14:04:40	4.15	-0.01	44	18260	卖盘
14:04:35	4.16	--	20	8320	买盘
14:04:30	4.16	0.01	10	4160	买盘
14:04:25	4.15	--	1	415	卖盘
14:04:10	4.15	-0.01	50	20750	卖盘
14:04:05	4.16	--	290	120640	买盘
14:03:55	4.16	0.01	1	416	买盘
14:03:31	4.15	-0.01	200	83000	卖盘
14:03:20	4.16	--	5	2080	买盘
14:03:15	4.16	0.01	144	59904	买盘
14:03:10	4.15	-0.01	3	1245	卖盘
14:03:05	4.16	0.01	6	2496	买盘
14:02:55	4.15	--	664	275560	卖盘
14:02:45	4.15	--	86	35690	卖盘
14:02:35	4.15	--	138	57270	卖盘
14:02:25	4.15	-0.01	47	19505	卖盘
14:02:20	4.16	--	4	1664	买盘
14:02:09	4.16	0.01	20	8320	买盘
14:02:05	4.15	--	108	44820	卖盘
14:01:44	4.15	--	2	830	卖盘
14:01:35	4.15	--	5	2075	卖盘
14:01:10	4.15	-0.01	26	10790	卖盘
14:00:54	4.16	0.01	122	50752	买盘
14:00:50	4.15	--	8	3320	卖盘
14:00:44	4.15	--	900	373500	卖盘
14:00:39	4.15	--	5	2075	卖盘
14:00:29	4.15	--	446	185090	卖盘
14:00:14	4.15	--	226	93790	卖盘
14:00:09	4.15	--	43	17845	卖盘
13:59:54	4.15	--	302	125330	卖盘
13:59:39	4.15	-0.01	1400	581000	卖盘
13:59:35	4.16	0.01	5	2080	买盘
13:59:29	4.15	-0.01	5	2075	卖盘
13:59:24	4.16	0.01	272	113152	买盘
13:59:19	4.15	--	4	1660	卖盘
13:59:05	4.15	-0.01	50	20750	卖盘
13:58:59	4.16	0.01	2	832	买盘
13:58:55	4.15	--	133	55195	卖盘
13:58:50	4.15	--	2	830	卖盘
13:58:44	4.15	--	3	1245	卖盘
13:58:40	4.15	-0.01	1010	419150	卖盘
13:58:35	4.16	0.01	33	13728	买盘
13:57:59	4.15	--	5	2075	卖盘
13:57:54	4.15	--	54	22410	卖盘
13:57:49	4.15	--	50	20750	卖盘
13:57:44	4.15	--	12	4980	卖盘
13:57:39	4.15	--	20	8300	卖盘
13:57:29	4.15	--	2677	1111228	买盘
13:57:24	4.15	--	17	7055	买盘
13:57:19	4.15	--	271	112465	买盘
13:57:14	4.15	--	241	100015	买盘
13:57:09	4.15	--	6	2490	买盘
13:56:54	4.15	--	17	7055	买盘
13:56:49	4.15	--	15	6225	买盘
13:56:40	4.15	--	3985	1653775	买盘
13:56:34	4.15	--	34	14110	买盘
13:56:19	4.15	--	48	20061	卖盘
13:56:14	4.15	--	339	140685	卖盘
13:56:09	4.15	-0.01	160	66400	卖盘
13:56:04	4.16	0.01	18	7488	买盘
13:55:59	4.15	--	150	62250	卖盘
13:55:44	4.15	--	617	256328	买盘
13:55:38	4.15	--	40	16600	买盘
13:55:34	4.15	--	164	68201	卖盘
13:55:19	4.15	--	7	2905	卖盘
13:55:14	4.15	-0.01	976	405040	卖盘
13:55:08	4.16	0.01	11	4576	买盘
13:55:04	4.15	--	136	56440	卖盘
13:54:59	4.15	--	40	16600	卖盘
13:54:38	4.15	--	30	12450	卖盘
13:54:34	4.15	--	3	1245	卖盘
13:54:29	4.15	--	15	6225	卖盘
13:54:23	4.15	--	400	166000	卖盘
13:54:19	4.15	--	16	6640	卖盘
13:54:14	4.15	--	296	122840	卖盘
13:54:08	4.15	-0.01	687	285105	卖盘
13:54:04	4.16	0.01	5	2080	买盘
13:53:59	4.15	--	50	20750	卖盘
13:53:53	4.15	--	76	31540	卖盘
13:53:48	4.15	--	500	207500	卖盘
13:53:44	4.15	--	10	4150	卖盘
13:53:29	4.15	--	200	83000	卖盘
13:53:14	4.15	0.01	145	60448	买盘
13:53:08	4.14	-0.01	2	827	卖盘
13:53:04	4.15	--	235	97525	买盘
13:52:58	4.15	--	334	138610	买盘
13:52:53	4.15	--	6	2490	买盘
13:52:49	4.15	--	110	45650	买盘
13:52:44	4.15	--	330	136950	买盘
13:52:38	4.15	--	30	12450	买盘
13:52:33	4.15	--	26	10790	买盘
13:52:29	4.15	0.01	593	246095	买盘
13:52:23	4.14	-0.01	145	60029	卖盘
13:52:18	4.15	--	82	34030	买盘
13:52:14	4.15	--	100	41500	买盘
13:52:08	4.15	--	500	207500	买盘
13:52:03	4.15	--	500	207500	买盘
13:51:53	4.15	0.01	12	4980	买盘
13:51:48	4.14	-0.01	50	20700	卖盘
13:51:44	4.15	--	92	38180	买盘
13:51:38	4.15	--	297	123255	买盘
13:51:23	4.15	0.01	18	7470	买盘
13:51:18	4.14	--	50	20700	卖盘
13:51:04	4.14	-0.01	215	89010	卖盘
13:50:48	4.15	--	354	146910	买盘
13:50:33	4.15	0.01	37	15355	买盘
13:50:28	4.14	--	28	11592	卖盘
13:50:23	4.14	-0.01	110	45540	卖盘
13:50:13	4.15	0.01	8	3320	买盘
13:50:08	4.14	-0.01	100	41400	卖盘
13:50:03	4.15	--	50	20750	买盘
13:49:48	4.15	--	108	44820	买盘
13:49:43	4.15	--	32	13280	买盘
13:49:34	4.15	0.01	231	95865	买盘
13:49:28	4.14	--	10	4140	卖盘
13:49:23	4.14	-0.01	30	12419	卖盘
13:49:18	4.15	0.01	8	3320	买盘
13:49:08	4.14	-0.01	80	33120	卖盘
13:48:58	4.15	--	30	12450	买盘
13:48:53	4.15	--	40	16600	买盘
13:48:48	4.15	--	9	3735	买盘
13:48:43	4.15	--	40	16741	卖盘
13:48:38	4.15	--	1157	480155	卖盘
13:48:32	4.15	--	367	152305	卖盘
13:48:17	4.15	-0.01	10000	4150000	卖盘
13:48:08	4.16	--	145	60320	买盘
13:47:58	4.16	0.01	1	416	买盘
13:47:43	4.15	-0.01	186	77190	卖盘
13:47:38	4.16	0.01	144	59904	买盘
13:47:23	4.15	--	1	415	卖盘
13:47:02	4.15	--	5	2075	卖盘
13:46:53	4.15	--	1	415	卖盘
13:46:42	4.15	-0.01	490	203350	卖盘
13:46:32	4.16	--	140	58240	买盘
13:46:27	4.16	0.01	1	416	买盘
13:46:23	4.15	--	224	92960	卖盘
13:45:57	4.15	-0.01	7	2905	卖盘
13:45:42	4.16	--	2	832	买盘
13:45:38	4.16	0.01	1	416	买盘
13:45:23	4.15	--	7	2905	卖盘
13:45:12	4.15	--	28	11620	卖盘
13:44:57	4.15	--	20	8300	卖盘
13:44:52	4.15	-0.01	120	49800	卖盘
13:44:17	4.16	0.01	2	832	买盘
13:43:57	4.15	-0.01	10	4150	卖盘
13:43:52	4.16	0.01	3	1248	买盘
13:43:32	4.15	--	100	41500	卖盘
13:43:27	4.15	--	10	4150	卖盘
13:42:27	4.15	-0.01	7	2905	卖盘
13:42:22	4.16	--	10	4160	买盘
13:42:17	4.16	0.01	1	416	买盘
13:42:02	4.15	--	30	12450	卖盘
13:41:57	4.15	--	13	5395	卖盘
13:41:37	4.15	-0.01	5	2075	卖盘
13:41:17	4.16	0.01	18	7488	买盘
13:41:02	4.15	--	5	2075	卖盘
13:40:52	4.15	--	5	2075	卖盘
13:40:47	4.15	-0.01	6	2490	卖盘
13:40:37	4.16	--	36	14976	买盘
13:40:32	4.16	0.01	8	3328	买盘
13:40:22	4.15	--	39	16185	卖盘
13:40:11	4.15	-0.01	150	62250	卖盘
13:40:06	4.16	0.01	1	416	买盘
13:40:02	4.15	--	13	5395	卖盘
13:39:56	4.15	-0.01	39	16185	卖盘
13:39:52	4.16	--	25	10400	买盘
13:39:32	4.16	--	5	2080	买盘
13:39:26	4.16	--	416	173056	买盘
13:39:21	4.16	0.01	40	16640	买盘
13:39:17	4.15	--	1	415	卖盘
13:39:06	4.15	-0.01	150	62250	卖盘
13:39:02	4.16	0.01	68	28288	买盘
13:38:56	4.15	--	12	4980	卖盘
13:38:47	4.15	--	5	2075	卖盘
13:38:31	4.15	--	1	415	卖盘
13:38:21	4.15	-0.01	100	41500	卖盘
13:38:11	4.16	0.01	3	1248	买盘
13:38:06	4.15	-0.01	31	12865	卖盘
13:38:01	4.16	0.01	19	7904	买盘
13:37:55	4.15	-0.01	51	21165	卖盘
13:37:51	4.16	0.01	20	8320	买盘
13:37:41	4.15	--	98	40670	卖盘
13:37:36	4.15	-0.01	280	116200	卖盘
13:37:21	4.16	--	40	16640	买盘
13:37:16	4.16	--	15	6240	买盘
13:36:56	4.16	0.01	31	12896	买盘
13:36:51	4.15	--	5	2075	卖盘
13:36:46	4.15	-0.01	11	4565	卖盘
13:36:41	4.16	--	100	41600	买盘
13:36:36	4.16	--	55	22880	买盘
13:36:31	4.16	0.01	55	22880	买盘
13:36:26	4.15	--	5	2075	卖盘
13:36:21	4.15	-0.01	6	2490	卖盘
13:36:16	4.16	--	200	83200	买盘
13:36:11	4.16	--	50	20800	买盘
13:36:01	4.16	0.01	10	4160	买盘
13:35:56	4.15	--	175	72625	卖盘
13:35:51	4.15	-0.01	68	28220	卖盘
13:35:46	4.16	--	21	8736	买盘
13:35:31	4.16	0.01	1	416	买盘
13:35:21	4.15	-0.01	2	830	卖盘
13:35:16	4.16	0.01	36	14976	买盘
13:35:11	4.15	--	15	6225	卖盘
13:34:31	4.15	-0.01	80	33200	卖盘
13:34:16	4.16	--	451	187616	买盘
13:34:11	4.16	--	13	5408	买盘
13:34:01	4.16	--	30	12480	买盘
13:33:41	4.16	--	13	5408	买盘
13:33:35	4.16	--	1	416	买盘
13:33:31	4.16	0.01	5	2080	买盘
13:33:26	4.15	-0.01	7	2905	卖盘
13:33:15	4.16	0.01	11	4576	买盘
13:33:00	4.15	-0.01	626	259790	卖盘
13:32:50	4.16	--	23	9568	买盘
13:32:45	4.16	--	7	2912	买盘
13:32:40	4.16	--	18	7488	买盘
13:32:25	4.16	--	119	49504	买盘
13:32:15	4.16	--	20	8320	买盘
13:32:00	4.16	0.01	40	16640	买盘
13:31:41	4.15	-0.01	20	8300	卖盘
13:31:35	4.16	--	30	12480	买盘
13:31:30	4.16	--	151	62816	买盘
13:31:11	4.16	0.01	120	49920	买盘
13:30:56	4.15	-0.01	49	20335	卖盘
13:30:50	4.16	0.01	24	9984	买盘
13:30:45	4.15	--	68	28220	卖盘
13:30:41	4.15	--	505	209575	卖盘
13:30:35	4.15	-0.01	50	20750	卖盘
13:30:30	4.16	0.01	68	28288	买盘
13:30:25	4.15	--	53	21995	卖盘
13:30:20	4.15	-0.01	10	4150	卖盘
13:30:10	4.16	0.01	4	1664	买盘
13:30:05	4.15	--	1	415	卖盘
13:29:40	4.15	--	335	139025	卖盘
13:29:25	4.15	-0.01	50	20750	卖盘
13:29:20	4.16	0.01	1	416	买盘
13:29:15	4.15	--	13	5395	卖盘
13:28:40	4.15	-0.01	40	16600	卖盘
13:28:30	4.16	0.01	141	58656	买盘
13:28:25	4.15	-0.01	4	1660	卖盘
13:28:20	4.16	--	166	69056	买盘
13:28:14	4.16	0.01	10	4160	买盘
13:28:10	4.15	--	65	26975	卖盘
13:28:04	4.15	--	4	1660	卖盘
13:27:54	4.15	-0.01	61	25315	卖盘
13:27:50	4.16	0.01	1	416	买盘
13:27:35	4.15	--	58	24070	卖盘
13:27:05	4.15	--	60	24900	卖盘
13:26:55	4.15	-0.01	2	830	卖盘
13:26:40	4.16	--	10	4160	买盘
13:26:35	4.16	0.01	96	39936	买盘
13:26:24	4.15	--	223	92545	卖盘
13:26:14	4.15	-0.01	548	227420	卖盘
13:26:05	4.16	0.01	2	832	买盘
13:25:54	4.15	-0.01	30	12450	卖盘
13:25:50	4.16	--	10	4160	买盘
13:25:39	4.16	0.01	1	416	买盘
13:25:19	4.15	-0.01	47	19505	卖盘
13:25:14	4.16	--	25	10400	买盘
13:25:09	4.16	--	145	60320	买盘
13:25:04	4.16	--	28	11648	买盘
13:24:54	4.16	--	7	2912	买盘
13:24:44	4.16	--	500	208000	买盘
13:24:24	4.16	0.01	20	8320	买盘
13:24:14	4.15	--	30	12450	卖盘
13:24:09	4.15	-0.01	115	47725	卖盘
13:23:54	4.16	0.01	37	15392	买盘
13:23:49	4.15	-0.01	30	12450	卖盘
13:23:39	4.16	0.01	10	4160	买盘
13:23:29	4.15	-0.01	11	4565	卖盘
13:23:09	4.16	0.01	50	20800	买盘
13:22:59	4.15	--	13	5395	卖盘
13:22:34	4.15	-0.01	18	7470	卖盘
13:22:29	4.16	0.01	33	13728	买盘
13:22:14	4.15	-0.01	32	13280	卖盘
13:22:04	4.16	0.01	176	73216	买盘
13:21:59	4.15	-0.01	81	33615	卖盘
13:21:54	4.16	0.01	1	416	买盘
13:21:49	4.15	-0.01	36	14940	卖盘
13:21:34	4.16	0.01	47	19552	买盘
13:21:28	4.15	-0.01	29	12035	卖盘
13:21:13	4.16	0.01	10	4160	买盘
13:20:59	4.15	--	48	19920	卖盘
13:20:53	4.15	--	0	273	卖盘
13:20:19	4.15	-0.01	110	45650	卖盘
13:20:13	4.16	0.01	33	13728	买盘
13:20:08	4.15	-0.01	1000	415000	卖盘
13:20:04	4.16	0.01	125	52000	买盘
13:19:59	4.15	--	13	5395	卖盘
13:19:49	4.15	--	20	8300	卖盘
13:19:38	4.15	--	8	3320	卖盘
13:19:29	4.15	-0.01	288	119520	卖盘
13:19:23	4.16	--	100	41600	买盘
13:19:18	4.16	0.01	2	832	买盘
13:19:14	4.15	-0.01	34	14110	卖盘
13:19:03	4.16	--	20	8320	买盘
13:18:59	4.16	--	4	1664	买盘
13:18:48	4.16	--	111	46176	买盘
13:18:33	4.16	--	11	4576	买盘
13:18:28	4.16	--	166	69056	买盘
13:18:03	4.16	0.01	16	6656	买盘
13:17:58	4.15	--	44	18260	卖盘
13:17:48	4.15	--	4	1660	卖盘
13:17:29	4.15	-0.01	25	10375	卖盘
13:17:18	4.16	0.01	10	4160	买盘
13:17:14	4.15	-0.01	91	37765	卖盘
13:16:13	4.16	0.01	17	7072	买盘
13:16:08	4.15	-0.01	50	20750	卖盘
13:16:03	4.16	0.01	40	16640	买盘
13:15:58	4.15	--	264	109560	卖盘
13:15:43	4.15	--	5	2075	卖盘
13:15:28	4.15	--	20	8300	卖盘
13:15:23	4.15	--	55	22825	卖盘
13:15:13	4.15	-0.01	52	21580	卖盘
13:14:43	4.16	0.01	8	3328	买盘
13:14:28	4.15	--	10	4150	卖盘
13:14:08	4.15	--	20	8300	卖盘
13:13:57	4.15	-0.01	232	96280	卖盘
13:13:47	4.16	--	22	9152	买盘
13:13:17	4.16	--	55	22880	买盘
13:13:13	4.16	--	5	2080	买盘
13:12:58	4.16	--	206	85696	买盘
13:12:38	4.16	0.01	14	5824	买盘
13:12:27	4.15	-0.01	17	7055	卖盘
13:12:23	4.16	0.01	10	4160	买盘
13:12:08	4.15	--	23	9545	卖盘
13:11:57	4.15	--	15	6225	卖盘
13:11:52	4.15	--	24	9960	卖盘
13:10:57	4.15	--	40	16600	卖盘
13:10:53	4.15	--	1	415	卖盘
13:10:42	4.15	--	11	4565	卖盘
13:10:38	4.15	-0.01	2	830	卖盘
13:10:27	4.16	0.01	1	416	买盘
13:10:08	4.15	--	14	5810	卖盘
13:09:42	4.15	--	14	5810	卖盘
13:09:22	4.15	--	17	7055	卖盘
13:08:22	4.15	-0.01	174	72210	卖盘
13:08:17	4.16	0.01	129	53664	买盘
13:08:07	4.15	--	481	199615	卖盘
13:07:56	4.15	--	6	2490	卖盘
13:07:46	4.15	--	1	415	卖盘
13:07:37	4.15	--	78	32370	卖盘
13:06:56	4.15	-0.01	20	8300	卖盘
13:06:47	4.16	0.01	5	2080	买盘
13:06:22	4.15	-0.01	36	14940	卖盘
13:05:47	4.16	0.01	206	85696	买盘
13:05:26	4.15	--	14	5810	卖盘
13:05:11	4.15	--	30	12450	卖盘
13:05:06	4.15	--	150	62250	卖盘
13:04:51	4.15	--	4	1660	卖盘
13:04:46	4.15	--	1	415	卖盘
13:04:31	4.15	--	15	6225	卖盘
13:03:55	4.15	-0.01	31	12865	卖盘
13:03:46	4.16	0.01	56	23296	买盘
13:03:36	4.15	--	4	1660	卖盘
13:02:36	4.15	--	1	415	卖盘
13:02:31	4.15	--	9	3735	卖盘
13:02:11	4.15	--	50	20750	卖盘
13:01:56	4.15	-0.01	7	2905	卖盘
13:01:41	4.16	0.01	519	215904	买盘
13:01:26	4.15	-0.01	4	1660	卖盘
13:00:35	4.16	0.01	61	25376	买盘
13:00:19	4.15	--	46	19090	卖盘
13:00:15	4.15	--	14	5810	卖盘
13:00:11	4.15	--	56	23240	卖盘
13:00:05	4.15	--	205	85075	卖盘
13:00:01	4.15	--	71	29465	卖盘
11:30:00	4.15	--	0	0	卖盘
11:30:00	4.15	--	0	0	卖盘
11:29:42	4.15	--	27	11205	卖盘
11:29:37	4.15	--	36	14940	卖盘
11:29:22	4.15	-0.01	13	5395	卖盘
11:29:01	4.16	0.01	48	19968	买盘
11:28:52	4.15	-0.01	30	12450	卖盘
11:28:46	4.16	0.01	20	8320	买盘
11:28:42	4.15	-0.01	230	95450	卖盘
11:28:37	4.16	--	1	416	买盘
11:28:16	4.16	--	1	416	买盘
11:28:01	4.16	--	20	8320	买盘
11:27:46	4.16	--	6	2496	买盘
11:27:40	4.16	--	94	39104	买盘
11:27:37	4.16	--	1	416	买盘
11:27:06	4.16	0.01	480	199680	买盘
11:26:55	4.15	--	14	5810	卖盘
11:26:31	4.15	-0.01	10	4150	卖盘
11:26:21	4.16	0.01	2	832	买盘
11:26:16	4.15	--	155	64325	卖盘
11:25:36	4.15	--	65	26975	卖盘
11:25:25	4.15	--	1	415	卖盘
11:25:16	4.15	--	10	4150	卖盘
11:25:06	4.15	--	100	41500	卖盘
11:25:01	4.15	-0.01	50	20750	卖盘
11:24:46	4.16	--	23	9568	买盘
11:24:40	4.16	--	24	9984	买盘
11:24:36	4.16	0.01	73	30368	买盘
11:24:25	4.15	--	50	20750	卖盘
11:24:21	4.15	--	469	194635	买盘
11:24:16	4.15	--	670	278050	买盘
11:24:10	4.15	--	22	9130	买盘
11:24:06	4.15	--	408	169320	买盘
11:24:01	4.15	--	583	241945	买盘
11:23:55	4.15	--	5	2075	买盘
11:23:51	4.15	--	62	25730	买盘
11:23:46	4.15	--	978	405870	买盘
11:23:40	4.15	--	30	12450	买盘
11:23:36	4.15	--	74	30710	买盘
11:23:31	4.15	--	5	2075	买盘
11:23:25	4.15	--	237	98355	买盘
11:23:21	4.15	--	115	47725	买盘
11:23:16	4.15	0.01	52	21580	买盘
11:23:10	4.14	--	350	144900	卖盘
11:23:06	4.14	-0.01	1046	433043	卖盘
11:22:55	4.15	0.01	20	8300	买盘
11:22:51	4.14	-0.01	6	2484	卖盘
11:22:46	4.15	0.01	65	26975	买盘
11:22:40	4.14	--	1	413	卖盘
11:22:36	4.14	--	479	198305	卖盘
11:22:31	4.14	-0.01	30	12419	卖盘
11:22:25	4.15	0.01	306	126990	买盘
11:22:21	4.14	--	70	28979	卖盘
11:22:10	4.14	--	40	16560	卖盘
11:22:01	4.14	--	21	8694	卖盘
11:21:55	4.14	-0.01	160	66240	卖盘
11:21:51	4.15	--	550	228250	买盘
11:21:46	4.15	0.01	20	8300	买盘
11:21:40	4.14	--	6	2484	卖盘
11:21:36	4.14	--	50	20700	卖盘
11:21:31	4.14	-0.01	209	86526	卖盘
11:21:25	4.15	--	730	302950	买盘
11:21:16	4.15	--	5	2075	买盘
11:21:04	4.15	--	10	4150	买盘
11:21:01	4.15	--	50	20750	买盘
11:20:55	4.15	--	4452	1847580	卖盘
11:20:49	4.15	--	1050	435750	卖盘
11:20:45	4.15	--	27	11205	卖盘
11:20:40	4.15	--	1521	631215	卖盘
11:20:34	4.15	--	50	20750	卖盘
11:20:30	4.15	--	4416	1832640	卖盘
11:20:25	4.15	--	24	9960	卖盘
11:20:15	4.15	--	90	37350	卖盘
11:20:10	4.15	--	25	10375	卖盘
11:20:00	4.15	--	90	37350	卖盘
11:19:45	4.15	-0.01	22	9130	卖盘
11:19:30	4.16	0.01	484	201344	买盘
11:19:25	4.15	--	1357	563155	卖盘
11:19:19	4.15	--	22	9130	卖盘
11:19:15	4.15	--	400	166000	卖盘
11:19:00	4.15	--	31	12865	卖盘
11:18:55	4.15	--	71	29465	卖盘
11:18:45	4.15	--	35	14525	卖盘
11:18:40	4.15	--	114	47310	卖盘
11:18:34	4.15	-0.01	230	95450	卖盘
11:18:30	4.16	0.01	5	2080	买盘
11:18:25	4.15	--	62	25730	卖盘
11:18:10	4.15	--	25	10375	卖盘
11:18:04	4.15	--	26	10790	卖盘
11:18:00	4.15	--	133	55195	卖盘
11:17:45	4.15	--	1	415	卖盘
11:17:30	4.15	--	10	4150	卖盘
11:17:25	4.15	-0.01	36	14940	卖盘
11:17:15	4.16	0.01	77	32032	买盘
11:17:00	4.15	--	100	41500	卖盘
11:16:55	4.15	-0.01	5	2075	卖盘
11:16:30	4.16	--	10	4160	买盘
11:16:25	4.16	--	11	4576	买盘
11:16:15	4.16	--	98	40768	买盘
11:16:10	4.16	--	4	1664	买盘
11:16:00	4.16	0.01	44	18304	买盘
11:15:55	4.15	-0.01	500	207500	卖盘
11:15:49	4.16	--	11	4576	买盘
11:15:45	4.16	--	37	15392	买盘
11:15:40	4.16	--	100	41600	买盘
11:15:34	4.16	0.01	227	94432	买盘
11:15:19	4.15	-0.01	1177	488455	卖盘
11:15:15	4.16	0.01	203	84448	买盘
11:15:10	4.15	-0.01	4	1660	卖盘
11:15:04	4.16	0.01	30	12480	买盘
11:15:00	4.15	-0.01	30	12450	卖盘
11:14:49	4.16	--	15	6240	买盘
11:14:43	4.16	0.01	62	25792	买盘
11:14:40	4.15	-0.01	79	32785	卖盘
11:14:34	4.16	--	100	41600	买盘
11:14:28	4.16	--	73	30368	买盘
11:14:25	4.16	0.01	933	388128	买盘
11:14:19	4.15	-0.01	10	4150	卖盘
11:14:13	4.16	--	54	22464	买盘
11:14:09	4.16	--	141	58656	买盘
11:14:04	4.16	--	39	16224	买盘
11:13:54	4.16	--	175	72800	买盘
11:13:49	4.16	--	100	41600	买盘
11:13:43	4.16	0.01	160	66560	买盘
11:13:39	4.15	-0.01	100	41500	卖盘
11:13:34	4.16	--	292	121472	买盘
11:13:28	4.16	--	5	2080	买盘
11:13:19	4.16	--	280	116480	买盘
11:13:13	4.16	--	50	20800	买盘
11:13:04	4.16	--	274	113984	买盘
11:12:58	4.16	--	139	57824	买盘
11:12:54	4.16	--	1	416	买盘
11:12:49	4.16	--	150	62400	买盘
11:12:43	4.16	0.01	50	20800	买盘
11:12:39	4.15	-0.01	146	60590	卖盘
11:12:34	4.16	--	36	14976	买盘
11:12:28	4.16	0.01	189	78624	买盘
11:12:24	4.15	-0.01	2	830	卖盘
11:12:19	4.16	--	30	12480	买盘
11:12:13	4.16	0.01	150	62400	买盘
11:12:09	4.15	--	150	62250	卖盘
11:12:04	4.15	--	3	1245	卖盘
11:11:49	4.15	--	49	20335	卖盘
11:11:39	4.15	--	69	28635	卖盘
11:11:34	4.15	-0.01	300	124500	卖盘
11:11:24	4.16	--	4263	1773682	卖盘
11:11:19	4.16	--	374	155584	卖盘
11:11:13	4.16	--	182	75712	卖盘
11:11:09	4.16	--	360	149760	卖盘
11:11:04	4.16	--	500	208000	卖盘
11:10:54	4.16	--	1089	453024	卖盘
11:10:49	4.16	--	25	10400	卖盘
11:10:39	4.16	--	131	54637	卖盘
11:10:34	4.16	--	20	8320	卖盘
11:10:28	4.16	--	114	47424	卖盘
11:10:24	4.16	--	1250	520000	卖盘
11:10:19	4.16	--	6	2496	卖盘
11:10:09	4.16	--	108	44928	卖盘
11:09:54	4.16	--	236	98176	卖盘
11:09:49	4.16	--	36	14976	卖盘
11:09:43	4.16	--	6	2496	卖盘
11:09:24	4.16	-0.01	77	32032	卖盘
11:08:34	4.17	0.01	150	62550	买盘
11:08:23	4.16	-0.01	13	5408	卖盘
11:07:52	4.17	0.01	50	20850	买盘
11:07:49	4.16	-0.01	20	8320	卖盘
11:07:43	4.17	0.01	6	2502	买盘
11:07:18	4.16	--	1	416	卖盘
11:07:13	4.16	--	500	208000	卖盘
11:07:03	4.16	--	7	2912	卖盘
11:06:48	4.16	--	124	51584	卖盘
11:06:28	4.16	-0.01	40	16640	卖盘
11:06:18	4.17	0.01	10	4170	买盘
11:06:13	4.16	--	16	6656	卖盘
11:06:03	4.16	--	6	2496	卖盘
11:05:52	4.16	--	26	10816	卖盘
11:05:48	4.16	--	29	12064	卖盘
11:05:43	4.16	--	107	44512	卖盘
11:05:37	4.16	--	36	14976	卖盘
11:05:33	4.16	-0.01	100	41600	卖盘
11:05:22	4.17	--	6	2502	买盘
11:05:18	4.17	--	3	1251	买盘
11:05:07	4.17	--	403	168051	买盘
11:05:03	4.17	--	7	2919	买盘
11:04:48	4.17	--	50	20850	买盘
11:04:43	4.17	0.01	473	197241	买盘
11:04:33	4.16	--	3	1248	卖盘
11:04:22	4.16	--	2	832	卖盘
11:04:18	4.16	-0.01	20	8320	卖盘
11:03:43	4.17	--	100	41700	买盘
11:03:37	4.17	--	100	41700	买盘
11:03:13	4.17	--	10	4170	买盘
11:03:03	4.17	--	10	4170	买盘
11:02:52	4.17	0.01	500	208500	买盘
11:02:48	4.16	--	5	2080	卖盘
11:01:27	4.16	-0.01	25	10400	卖盘
11:01:07	4.17	--	2890	1205130	卖盘
11:00:31	4.17	--	5	2085	卖盘
11:00:27	4.17	--	10	4170	卖盘
10:59:57	4.17	--	70	29190	卖盘
10:59:46	4.17	--	95	39615	卖盘
10:59:37	4.17	--	500	208500	卖盘
10:59:27	4.17	--	44	18348	卖盘
10:59:16	4.17	--	1794	748098	卖盘
10:58:52	4.17	--	5	2085	卖盘
10:58:46	4.17	--	6	2502	卖盘
10:58:42	4.17	--	5	2085	卖盘
10:58:27	4.17	--	10	4170	卖盘
10:58:22	4.17	--	304	126768	卖盘
10:58:16	4.17	--	3	1251	卖盘
10:58:07	4.17	--	5	2085	卖盘
10:57:57	4.17	--	24	10008	卖盘
10:57:27	4.17	-0.01	20	8340	卖盘
10:57:22	4.18	0.01	7	2926	买盘
10:57:01	4.17	-0.01	21	8757	卖盘
10:56:57	4.18	0.01	20	8360	买盘
10:56:46	4.17	--	10	4170	卖盘
10:56:42	4.17	--	10	4170	卖盘
10:56:31	4.17	--	150	62550	卖盘
10:56:27	4.17	--	84	35028	卖盘
10:56:12	4.17	--	14	5838	卖盘
10:55:46	4.17	--	33	13761	卖盘
10:55:37	4.17	-0.01	100	41700	卖盘
10:55:26	4.18	0.01	3	1254	买盘
10:55:22	4.17	--	102	42534	卖盘
10:55:07	4.17	--	234	97578	买盘
10:55:01	4.17	--	65	27105	买盘
10:54:55	4.17	--	205	85485	买盘
10:54:52	4.17	--	650	271050	买盘
10:54:46	4.17	--	40	16680	买盘
10:54:40	4.17	--	1427	595059	买盘
10:54:37	4.17	--	525	218925	买盘
10:54:31	4.17	0.01	1051	438267	买盘
10:54:22	4.16	-0.01	156	64896	卖盘
10:54:10	4.17	--	60	25020	买盘
10:54:01	4.17	--	150	62550	买盘
10:53:51	4.17	--	20	8340	买盘
10:53:46	4.17	--	30	12510	买盘
10:53:40	4.17	--	11	4587	买盘
10:53:25	4.17	--	355	148035	买盘
10:53:16	4.17	--	30	12510	买盘
10:53:06	4.17	0.01	50	20850	买盘
10:52:55	4.16	-0.01	44	18304	卖盘
10:52:51	4.17	0.01	794	331098	买盘
10:52:06	4.16	--	2	832	卖盘
10:52:01	4.16	--	50	20800	卖盘
10:51:51	4.16	--	40	16640	卖盘
10:51:46	4.16	--	360	149760	卖盘
10:51:31	4.16	--	18	7488	卖盘
10:51:21	4.16	--	10	4160	卖盘
10:51:16	4.16	-0.01	10	4160	卖盘
10:51:01	4.17	0.01	1	417	买盘
10:50:46	4.16	-0.01	180	74880	卖盘
10:50:36	4.17	0.01	30	12510	买盘
10:50:31	4.16	-0.01	41	17056	卖盘
10:50:25	4.17	0.01	10	4170	买盘
10:50:06	4.16	-0.01	50	20800	卖盘
10:49:51	4.17	0.01	4	1668	买盘
10:49:46	4.16	-0.01	11	4576	卖盘
10:49:31	4.17	0.01	56	23352	买盘
10:49:25	4.16	-0.01	20	8320	卖盘
10:49:21	4.17	0.01	2	834	买盘
10:49:16	4.16	--	2	832	卖盘
10:49:01	4.16	--	36	14976	卖盘
10:48:55	4.16	-0.01	133	55328	卖盘
10:48:46	4.17	0.01	200	83400	买盘
10:48:35	4.16	--	2	832	卖盘
10:48:25	4.16	--	200	83200	卖盘
10:48:19	4.16	-0.01	230	95680	卖盘
10:48:16	4.17	--	200	83400	买盘
10:48:01	4.17	0.01	10	4170	买盘
10:47:25	4.16	--	33	13728	卖盘
10:47:15	4.16	--	3	1248	卖盘
10:47:04	4.16	-0.01	128	53248	卖盘
10:46:55	4.17	0.01	1	417	买盘
10:46:45	4.16	--	80	33280	卖盘
10:46:30	4.16	--	2	832	卖盘
10:46:19	4.16	--	89	37024	卖盘
10:46:10	4.16	--	70	29120	卖盘
10:46:04	4.16	--	5	2080	卖盘
10:46:00	4.16	--	9	3744	卖盘
10:45:45	4.16	--	39	16224	卖盘
10:45:40	4.16	--	34	14144	卖盘
10:45:25	4.16	--	26	10816	卖盘
10:45:15	4.16	--	400	166400	卖盘
10:44:19	4.16	--	5	2080	卖盘
10:44:10	4.16	-0.01	115	47840	卖盘
10:44:04	4.17	--	3	1251	买盘
10:44:00	4.17	0.01	12	5004	买盘
10:43:45	4.16	-0.01	89	37024	卖盘
10:43:30	4.17	0.01	183	76311	买盘
10:43:25	4.16	-0.01	61	25376	卖盘
10:43:19	4.17	0.01	1	417	买盘
10:43:15	4.16	--	4736	1970176	卖盘
10:43:10	4.16	--	30	12480	卖盘
10:43:04	4.16	--	160	66560	卖盘
10:43:00	4.16	--	30	12480	卖盘
10:42:55	4.16	--	100	41600	卖盘
10:42:40	4.16	--	4	1664	卖盘
10:42:25	4.16	--	1	416	卖盘
10:41:34	4.16	-0.01	10	4160	卖盘
10:41:28	4.17	--	30	12510	买盘
10:41:24	4.17	--	110	45870	买盘
10:41:04	4.17	--	30	12510	买盘
10:40:49	4.17	0.01	107	44619	买盘
10:40:24	4.16	-0.01	156	64896	卖盘
10:40:19	4.17	0.01	224	93408	买盘
10:39:54	4.16	--	18	7488	卖盘
10:39:49	4.16	--	102	42432	卖盘
10:39:43	4.16	--	20	8320	卖盘
10:39:39	4.16	--	110	45760	卖盘
10:39:24	4.16	--	10	4160	卖盘
10:39:19	4.16	-0.01	50	20800	卖盘
10:39:04	4.17	--	37	15429	买盘
10:38:58	4.17	0.01	10	4170	买盘
10:38:49	4.16	--	60	24960	卖盘
10:38:43	4.16	-0.01	8	3328	卖盘
10:38:34	4.17	--	6	2502	买盘
10:38:19	4.17	--	1360	567120	卖盘
10:38:13	4.17	--	1113	464121	卖盘
10:38:04	4.17	-0.01	811	338187	卖盘
10:37:54	4.18	0.01	313	130833	买盘
10:37:49	4.17	--	670	279390	卖盘
10:37:43	4.17	--	25	10425	卖盘
10:37:28	4.17	--	235	97995	卖盘
10:37:09	4.17	--	300	125100	卖盘
10:37:04	4.17	--	90	37530	卖盘
10:36:54	4.17	--	20	8340	卖盘
10:36:49	4.17	--	147	61299	卖盘
10:36:43	4.17	--	30	12510	卖盘
10:36:39	4.17	--	138	57546	卖盘
10:36:24	4.17	--	200	83400	卖盘
10:36:19	4.17	--	11	4587	卖盘
10:36:08	4.17	--	42	17514	卖盘
10:35:49	4.17	--	264	110088	卖盘
10:35:43	4.17	--	9	3753	卖盘
10:35:18	4.17	--	100	41700	卖盘
10:35:07	4.17	--	43	17931	卖盘
10:35:04	4.17	--	100	41700	卖盘
10:34:58	4.17	-0.01	6	2502	卖盘
10:34:28	4.18	0.01	18	7523	买盘
10:34:17	4.17	--	2	834	卖盘
10:34:13	4.17	-0.01	17	7089	卖盘
10:33:43	4.18	--	10	4180	买盘
10:33:28	4.18	0.01	10	4180	买盘
10:33:22	4.17	--	5	2085	卖盘
10:33:18	4.17	--	16	6672	卖盘
10:33:13	4.17	--	10	4170	卖盘
10:33:07	4.17	-0.01	50	20850	卖盘
10:33:03	4.18	--	82	34276	买盘
10:32:43	4.18	--	3	1254	买盘
10:31:58	4.18	0.01	261	109097	买盘
10:31:52	4.17	-0.01	30	12510	卖盘
10:31:37	4.18	0.01	1001	418418	买盘
10:31:33	4.17	--	10	4170	卖盘
10:31:28	4.17	--	102	42534	卖盘
10:31:22	4.17	--	100	41700	卖盘
10:31:13	4.17	--	3	1251	卖盘
10:30:52	4.17	--	8	3336	卖盘
10:30:43	4.17	--	4	1668	卖盘
10:30:33	4.17	--	56	23352	卖盘
10:30:28	4.17	--	490	204330	卖盘
10:30:18	4.17	-0.01	6	2502	卖盘
10:29:48	4.18	--	183	76494	买盘
10:29:28	4.18	--	20	8360	买盘
10:29:22	4.18	--	130	54339	买盘
10:29:07	4.18	0.01	1	418	买盘
10:28:46	4.17	--	10	4170	卖盘
10:28:22	4.17	--	1	417	卖盘
10:27:42	4.17	-0.01	6	2502	卖盘
10:27:12	4.18	--	7	2926	买盘
10:26:57	4.18	0.01	6	2508	买盘
10:26:52	4.17	--	28	11676	卖盘
10:26:27	4.17	-0.01	100	41700	卖盘
10:26:16	4.18	0.01	20	8360	买盘
10:26:07	4.17	--	150	62550	卖盘
10:26:01	4.17	--	21	8757	卖盘
10:25:46	4.17	--	10	4170	卖盘
10:25:31	4.17	--	20	8340	卖盘
10:25:22	4.17	--	415	173055	卖盘
10:25:07	4.17	--	40	16680	卖盘
10:24:42	4.17	-0.01	422	175974	卖盘
10:24:37	4.18	--	10	4180	买盘
10:24:31	4.18	0.01	40	16720	买盘
10:24:22	4.17	--	1	417	卖盘
10:24:07	4.17	--	517	215589	卖盘
10:23:57	4.17	--	10	4170	卖盘
10:23:37	4.17	-0.01	20	8340	卖盘
10:23:31	4.18	--	2	836	买盘
10:23:22	4.18	0.01	218	91124	买盘
10:23:01	4.17	--	9	3753	卖盘
10:22:56	4.17	--	15	6255	卖盘
10:22:40	4.17	--	80	33360	卖盘
10:22:36	4.17	--	2	834	卖盘
10:22:25	4.17	-0.01	17	7089	卖盘
10:22:21	4.18	0.01	69	28841	买盘
10:22:16	4.17	--	75	31275	卖盘
10:22:10	4.17	--	50	20850	卖盘
10:21:51	4.17	--	8	3336	卖盘
10:21:46	4.17	--	13	5421	卖盘
10:21:16	4.17	--	29	12093	卖盘
10:21:10	4.17	--	415	173055	卖盘
10:21:06	4.17	--	1	417	卖盘
10:21:01	4.17	-0.01	101	42117	卖盘
10:20:51	4.18	0.01	37	15465	买盘
10:20:36	4.17	--	10	4170	卖盘
10:19:51	4.17	-0.01	34	14178	卖盘
10:19:46	4.18	0.01	139	58101	买盘
10:19:40	4.17	--	50	20850	卖盘
10:19:36	4.17	--	75	31275	卖盘
10:19:31	4.17	--	150	62550	卖盘
10:19:25	4.17	--	2	834	卖盘
10:19:21	4.17	--	44	18348	买盘
10:19:16	4.17	--	26	10842	买盘
10:19:10	4.17	--	100	41700	买盘
10:19:06	4.17	--	16	6672	买盘
10:18:55	4.17	--	1	417	买盘
10:18:51	4.17	--	200	83400	买盘
10:18:46	4.17	--	11	4587	买盘
10:18:40	4.17	--	58	24186	买盘
10:18:36	4.17	--	40	16680	买盘
10:18:31	4.17	--	276	115092	卖盘
10:18:21	4.17	--	597	248949	卖盘
10:18:06	4.17	--	2	834	卖盘
10:18:01	4.17	--	15	6255	卖盘
10:17:51	4.17	--	382	159294	卖盘
10:17:46	4.17	--	5	2085	卖盘
10:17:40	4.17	--	1	417	卖盘
10:17:35	4.17	--	22	9174	卖盘
10:17:25	4.17	--	70	29190	卖盘
10:17:21	4.17	--	40	16680	卖盘
10:17:16	4.17	--	4	1668	卖盘
10:17:10	4.17	--	14	5838	卖盘
10:17:06	4.17	--	70	29190	卖盘
10:16:36	4.17	--	14	5838	卖盘
10:16:30	4.17	--	115	47955	卖盘
10:16:10	4.17	--	425	177225	卖盘
10:16:00	4.17	--	10	4170	卖盘
10:15:55	4.17	-0.01	130	54210	卖盘
10:15:40	4.18	0.01	9	3761	买盘
10:15:30	4.17	-0.01	40	16680	卖盘
10:15:15	4.18	0.01	6	2508	买盘
10:15:04	4.17	--	12	5004	卖盘
10:14:45	4.17	-0.01	11	4587	卖盘
10:14:40	4.18	--	125	52250	买盘
10:14:34	4.18	--	8	3344	买盘
10:14:25	4.18	0.01	9	3761	买盘
10:14:15	4.17	-0.01	1	417	卖盘
10:14:00	4.18	0.01	14	5852	买盘
10:13:40	4.17	--	500	208500	卖盘
10:13:30	4.17	--	50	20850	卖盘
10:13:25	4.17	--	110	45870	卖盘
10:13:15	4.17	--	40	16680	卖盘
10:12:55	4.17	--	10	4170	卖盘
10:12:34	4.17	--	275	114675	卖盘
10:12:25	4.17	--	28	11676	卖盘
10:12:15	4.17	--	30	12510	卖盘
10:12:00	4.17	--	43	17931	卖盘
10:11:55	4.17	--	7	2919	卖盘
10:11:40	4.17	-0.01	61	25437	卖盘
10:11:34	4.18	0.01	26	10868	买盘
10:11:25	4.17	--	110	45870	卖盘
10:11:15	4.17	--	24	10008	卖盘
10:11:09	4.17	--	146	60882	卖盘
10:11:04	4.17	--	119	49623	卖盘
10:11:00	4.17	--	87	36279	卖盘
10:10:45	4.17	--	12	5004	卖盘
10:10:24	4.17	--	3	1251	卖盘
10:10:19	4.17	-0.01	3	1251	卖盘
10:10:04	4.18	0.01	93	38874	买盘
10:09:54	4.17	--	27	11259	卖盘
10:09:49	4.17	--	75	31275	卖盘
10:09:43	4.17	--	58	24186	卖盘
10:09:39	4.17	--	250	104441	买盘
10:09:34	4.17	--	426	177642	买盘
10:09:28	4.17	--	90	37530	买盘
10:09:19	4.17	--	375	156375	买盘
10:09:13	4.17	--	30	12510	买盘
10:09:09	4.17	0.01	1012	422004	买盘
10:09:04	4.16	--	53	22048	卖盘
10:08:58	4.16	-0.01	71	29536	卖盘
10:08:54	4.17	0.01	11	4587	买盘
10:08:49	4.16	-0.01	74	30784	卖盘
10:08:43	4.17	--	55	22935	买盘
10:08:39	4.17	0.01	133	55461	买盘
10:08:34	4.16	-0.01	72	29952	卖盘
10:08:28	4.17	0.01	5	2085	买盘
10:08:24	4.16	-0.01	227	94432	卖盘
10:08:19	4.17	--	60	25020	买盘
10:08:13	4.17	--	23	9591	买盘
10:08:09	4.17	0.01	380	158460	买盘
10:08:04	4.16	-0.01	2000	832000	卖盘
10:07:43	4.17	--	438	182871	卖盘
10:07:39	4.17	--	138	57546	卖盘
10:07:34	4.17	--	363	151371	卖盘
10:07:28	4.17	--	52	21684	卖盘
10:07:24	4.17	--	1	417	卖盘
10:07:19	4.17	--	269	112173	卖盘
10:07:13	4.17	--	160	66720	卖盘
10:07:09	4.17	--	155	64635	卖盘
10:07:04	4.17	--	774	322758	卖盘
10:06:58	4.17	--	300	125100	卖盘
10:06:54	4.17	--	2	834	卖盘
10:06:49	4.17	--	3375	1407375	卖盘
10:06:43	4.17	--	259	108003	卖盘
10:06:39	4.17	--	591	246447	卖盘
10:06:34	4.17	--	53	22101	卖盘
10:06:28	4.17	--	44	18348	卖盘
10:06:19	4.17	--	266	110922	卖盘
10:06:13	4.17	--	113	47121	卖盘
10:06:09	4.17	--	126	52542	卖盘
10:05:53	4.17	--	6	2502	卖盘
10:05:49	4.17	--	30	12510	卖盘
10:05:43	4.17	--	6	2502	卖盘
10:05:28	4.17	--	118	49206	卖盘
10:05:19	4.17	--	18	7506	卖盘
10:05:13	4.17	--	70	29190	卖盘
10:05:03	4.17	-0.01	5	2085	卖盘
10:04:58	4.18	0.01	1	418	买盘
10:04:54	4.17	--	1015	423255	卖盘
10:04:49	4.17	--	12	5004	卖盘
10:04:39	4.17	--	17	7089	卖盘
10:04:24	4.17	-0.01	2	834	卖盘
10:03:58	4.18	--	6	2508	买盘
10:03:52	4.18	--	10	4180	买盘
10:03:48	4.18	0.01	6	2508	买盘
10:03:43	4.17	-0.01	500	208500	卖盘
10:03:33	4.18	0.01	80	33440	买盘
10:03:22	4.17	-0.01	1	417	卖盘
10:03:18	4.18	--	24	10032	买盘
10:03:13	4.18	0.01	286	119547	买盘
10:03:07	4.17	-0.01	40	16680	卖盘
10:03:03	4.18	0.01	68	28423	买盘
10:02:52	4.17	-0.01	14	5838	卖盘
10:02:48	4.18	--	16	6688	买盘
10:02:33	4.18	--	1	418	买盘
10:02:18	4.18	--	206	86108	买盘
10:02:13	4.18	--	500	209000	买盘
10:01:58	4.18	0.01	168	70224	买盘
10:01:48	4.17	-0.01	50	20850	卖盘
10:01:43	4.18	0.01	1000	418000	买盘
10:01:33	4.17	--	20	8340	卖盘
10:01:28	4.17	-0.01	100	41700	卖盘
10:01:22	4.18	--	1	418	买盘
10:01:18	4.18	0.01	98	40964	买盘
10:01:13	4.17	-0.01	170	70890	卖盘
10:01:07	4.18	0.01	30	12540	买盘
10:00:58	4.17	-0.01	10	4170	卖盘
10:00:48	4.18	0.01	100	41800	买盘
10:00:43	4.17	-0.01	5	2085	卖盘
10:00:33	4.18	--	109	45562	卖盘
10:00:18	4.18	--	1	418	卖盘
10:00:13	4.18	--	108	45144	卖盘
10:00:07	4.18	--	3	1254	卖盘
10:00:02	4.18	--	6	2508	卖盘
09:59:58	4.18	--	30	12540	卖盘
09:59:32	4.18	--	90	37620	卖盘
09:59:18	4.18	-0.01	2	836	卖盘
09:59:13	4.19	--	0	0	买盘
09:59:07	4.19	0.01	100	41900	买盘
09:58:57	4.18	-0.01	18	7523	卖盘
09:58:52	4.19	0.01	3	1257	买盘
09:58:47	4.18	-0.01	47	19646	卖盘
09:58:43	4.19	--	323	135337	买盘
09:58:33	4.19	0.01	16	6704	买盘
09:58:22	4.18	--	102	42636	卖盘
09:58:18	4.18	--	86	35948	卖盘
09:58:07	4.18	--	44	18392	卖盘
09:57:58	4.18	--	10	4180	卖盘
09:57:42	4.18	0.01	1630	681340	买盘
09:57:31	4.17	-0.01	1	417	卖盘
09:57:27	4.18	0.01	500	209000	买盘
09:57:22	4.17	--	23	9591	卖盘
09:57:12	4.17	-0.01	68	28356	卖盘
09:57:07	4.18	--	1	418	买盘
09:56:57	4.18	--	584	244111	买盘
09:56:52	4.18	--	70	29259	买盘
09:56:46	4.18	0.01	5	2090	买盘
09:56:42	4.17	--	5	2085	卖盘
09:56:37	4.17	-0.01	162	67554	卖盘
09:56:31	4.18	--	10	4180	买盘
09:56:27	4.18	--	300	125399	买盘
09:56:22	4.18	--	16	6688	买盘
09:56:16	4.18	0.01	30	12540	买盘
09:56:12	4.17	-0.01	96	40032	卖盘
09:55:52	4.18	--	2732	1141976	买盘
09:55:46	4.18	--	10	4180	买盘
09:55:42	4.18	--	22	9196	买盘
09:55:37	4.18	--	65	27169	买盘
09:55:27	4.18	0.01	1	418	买盘
09:55:22	4.17	--	10	4170	卖盘
09:54:57	4.17	--	14	5838	卖盘
09:54:52	4.17	-0.01	31	12927	卖盘
09:54:46	4.18	--	22	9196	买盘
09:54:41	4.18	--	51	21318	买盘
09:54:37	4.18	--	9	3761	买盘
09:54:31	4.18	--	3	1254	买盘
09:54:27	4.18	--	10	4180	买盘
09:54:22	4.18	0.01	110	45980	买盘
09:54:12	4.17	-0.01	4	1668	卖盘
09:54:07	4.18	--	21	8778	卖盘
09:54:01	4.18	--	10003	4181253	卖盘
09:53:57	4.18	--	559	233661	卖盘
09:53:52	4.18	--	38	15883	卖盘
09:53:46	4.18	--	16	6688	卖盘
09:53:42	4.18	--	1	418	卖盘
09:53:31	4.18	--	1905	796290	卖盘
09:53:27	4.18	--	203	84854	卖盘
09:53:16	4.18	--	40	16720	卖盘
09:53:12	4.18	--	40	16720	卖盘
09:53:06	4.18	--	150	62699	卖盘
09:52:57	4.18	-0.01	1918	801724	卖盘
09:52:52	4.19	0.01	253	106007	买盘
09:52:46	4.18	--	1471	614878	卖盘
09:52:42	4.18	--	30	12540	卖盘
09:52:37	4.18	--	445	186010	卖盘
09:52:22	4.18	--	5	2090	卖盘
09:51:56	4.18	--	718	300124	卖盘
09:51:52	4.18	--	150	62699	卖盘
09:51:46	4.18	--	47	19646	卖盘
09:51:42	4.18	--	50	20900	卖盘
09:51:36	4.18	--	73	30513	卖盘
09:51:26	4.18	-0.01	1	418	卖盘
09:51:21	4.19	0.01	23	9637	买盘
09:51:16	4.18	--	36	15047	卖盘
09:51:10	4.18	-0.01	10	4180	卖盘
09:51:06	4.19	0.01	61	25559	买盘
09:51:01	4.18	-0.01	100	41800	卖盘
09:50:51	4.19	--	100	41900	买盘
09:50:46	4.19	0.01	11	4609	买盘
09:50:40	4.18	--	2	836	卖盘
09:50:31	4.18	-0.01	10	4180	卖盘
09:50:25	4.19	0.01	5	2095	买盘
09:50:21	4.18	-0.01	110	45980	卖盘
09:50:10	4.19	0.01	55	23045	买盘
09:50:06	4.18	-0.01	263	109933	卖盘
09:50:01	4.19	0.01	10	4190	买盘
09:49:51	4.18	-0.01	126	52668	卖盘
09:49:46	4.19	--	15	6285	买盘
09:49:40	4.19	--	16	6704	买盘
09:49:36	4.19	--	204	85476	买盘
09:49:31	4.19	--	50	20950	买盘
09:49:25	4.19	--	2	838	买盘
09:49:21	4.19	--	13	5447	买盘
09:49:16	4.19	--	17	7123	买盘
09:49:06	4.19	0.01	35	14665	买盘
09:49:01	4.18	-0.01	13	5434	卖盘
09:48:55	4.19	--	47	19693	买盘
09:48:51	4.19	--	72	30168	买盘
09:48:40	4.19	0.01	25	10475	买盘
09:48:36	4.18	-0.01	2	836	卖盘
09:48:31	4.19	0.01	111	46509	买盘
09:48:21	4.18	-0.01	60	25080	卖盘
09:48:10	4.19	--	20	8380	买盘
09:48:06	4.19	0.01	85	35615	买盘
09:48:01	4.18	--	136	56847	卖盘
09:47:51	4.18	-0.01	340	142120	卖盘
09:47:46	4.19	--	122	51118	买盘
09:47:40	4.19	--	593	248467	买盘
09:47:36	4.19	--	180	75420	买盘
09:47:31	4.19	--	53	22207	买盘
09:47:25	4.19	--	15	6285	买盘
09:47:21	4.19	--	310	129890	买盘
09:47:16	4.19	--	31	12989	买盘
09:47:06	4.19	--	10	4190	买盘
09:47:00	4.19	--	290	121510	买盘
09:46:55	4.19	--	59	24721	买盘
09:46:51	4.19	--	20	8380	买盘
09:46:46	4.19	--	1000	419000	买盘
09:46:36	4.19	--	50	20950	买盘
09:46:30	4.19	--	29	12151	买盘
09:46:25	4.19	0.01	50	20950	买盘
09:46:21	4.18	-0.01	941	393338	卖盘
09:46:16	4.19	--	109	45671	买盘
09:46:06	4.19	--	92	38548	买盘
09:46:01	4.19	0.01	218	91342	买盘
09:45:55	4.18	-0.01	5	2090	卖盘
09:45:51	4.19	--	5	2095	买盘
09:45:46	4.19	--	16	6704	买盘
09:45:40	4.19	--	20	8380	买盘
09:45:36	4.19	--	84	35196	买盘
09:45:30	4.19	--	153	64107	买盘
09:45:25	4.19	--	1254	525426	买盘
09:45:05	4.19	0.01	2510	1051690	买盘
09:45:00	4.18	--	60	25080	卖盘
09:44:55	4.18	--	233	97586	买盘
09:44:49	4.18	--	87	36366	买盘
09:44:45	4.18	--	899	375782	买盘
09:44:40	4.18	--	461	192698	买盘
09:44:34	4.18	--	10	4180	买盘
09:44:30	4.18	--	114	47652	买盘
09:44:25	4.18	--	135	56429	买盘
09:44:19	4.18	--	260	108679	买盘
09:44:15	4.18	--	26	10868	买盘
09:44:10	4.18	--	100	41800	买盘
09:44:04	4.18	--	104	43472	买盘
09:44:00	4.18	--	8	3344	买盘
09:43:55	4.18	--	20	8360	买盘
09:43:49	4.18	--	26	10868	买盘
09:43:45	4.18	--	60	25080	买盘
09:43:40	4.18	--	85	35530	买盘
09:43:30	4.18	0.01	5	2090	买盘
09:43:25	4.17	-0.01	10	4170	卖盘
09:43:19	4.18	0.01	10	4180	买盘
09:43:15	4.17	--	165	68805	卖盘
09:43:10	4.17	-0.01	91	37947	卖盘
09:43:04	4.18	--	101	42218	买盘
09:43:00	4.18	0.01	576	240767	买盘
09:42:49	4.17	--	23	9591	卖盘
09:42:45	4.17	-0.01	4	1668	卖盘
09:42:40	4.18	0.01	420	175560	买盘
09:42:34	4.17	--	100	41700	卖盘
09:42:30	4.17	--	20	8340	卖盘
09:42:19	4.17	-0.01	25	10425	卖盘
09:42:10	4.18	--	1938	810084	卖盘
09:42:04	4.18	-0.01	128	53504	卖盘
09:41:59	4.19	0.01	261	109359	买盘
09:41:55	4.18	--	529	221121	卖盘
09:41:49	4.18	--	50	20900	卖盘
09:41:45	4.18	--	1174	490731	卖盘
09:41:40	4.18	--	100	41800	卖盘
09:41:34	4.18	--	1	418	卖盘
09:41:30	4.18	--	20	8360	卖盘
09:41:25	4.18	--	281	117457	卖盘
09:41:19	4.18	--	30	12540	卖盘
09:41:15	4.18	--	20	8360	卖盘
09:41:10	4.18	--	591	247037	卖盘
09:41:04	4.18	--	94	39292	卖盘
09:41:00	4.18	--	50	20900	卖盘
09:40:55	4.18	--	61	25498	卖盘
09:40:45	4.18	--	24	10032	卖盘
09:40:39	4.18	--	3	1254	卖盘
09:40:34	4.18	--	198	82764	卖盘
09:40:30	4.18	--	38	15883	卖盘
09:40:25	4.18	-0.01	16	6688	卖盘
09:40:15	4.19	0.01	23	9637	买盘
09:40:09	4.18	-0.01	205	85690	卖盘
09:40:04	4.19	--	10	4190	买盘
09:39:54	4.19	--	40	16760	买盘
09:39:49	4.19	--	50	20950	买盘
09:39:45	4.19	--	2	838	买盘
09:39:34	4.19	--	10	4190	买盘
09:39:19	4.19	0.01	30	12570	买盘
09:39:14	4.18	-0.01	458	191444	卖盘
09:39:10	4.19	--	270	113130	买盘
09:39:04	4.19	0.01	2	838	买盘
09:38:59	4.18	-0.01	219	91542	卖盘
09:38:54	4.19	--	11	4609	买盘
09:38:49	4.19	0.01	407	170533	买盘
09:38:44	4.18	-0.01	60	25080	卖盘
09:38:39	4.19	--	191	80029	买盘
09:38:34	4.19	--	3	1257	买盘
09:38:28	4.19	--	2	838	买盘
09:38:24	4.19	--	12	5028	买盘
09:38:19	4.19	--	228	95532	买盘
09:38:13	4.19	--	19	7961	买盘
09:38:09	4.19	--	21	8799	买盘
09:38:04	4.19	--	50	20950	买盘
09:37:58	4.19	--	1000	419000	买盘
09:37:54	4.19	--	10	4190	买盘
09:37:49	4.19	0.01	1790	750010	买盘
09:37:39	4.18	-0.01	1	418	卖盘
09:37:34	4.19	--	116	48604	买盘
09:37:28	4.19	--	61	25559	买盘
09:37:24	4.19	--	200	83800	买盘
09:37:13	4.19	0.01	8	3352	买盘
09:37:09	4.18	-0.01	833	348194	卖盘
09:37:04	4.19	0.01	60	25140	买盘
09:36:58	4.18	-0.01	31	12958	卖盘
09:36:49	4.19	--	100	41900	买盘
09:36:39	4.19	--	10	4190	买盘
09:36:28	4.19	--	10	4190	买盘
09:36:24	4.19	--	153	64107	买盘
09:36:04	4.19	0.01	234	98046	买盘
09:35:58	4.18	--	6	2508	卖盘
09:35:54	4.18	-0.01	90	37620	卖盘
09:35:49	4.19	0.01	514	215366	买盘
09:35:39	4.18	-0.01	160	66880	卖盘
09:35:24	4.19	0.01	114	47766	买盘
09:35:19	4.18	--	37	15465	卖盘
09:35:09	4.18	-0.01	84	35112	卖盘
09:35:04	4.19	--	50	20950	买盘
09:34:54	4.19	0.01	1258	527102	买盘
09:34:43	4.18	--	31	12958	卖盘
09:34:38	4.18	-0.01	57	23826	卖盘
09:34:33	4.19	0.01	5	2095	买盘
09:34:28	4.18	--	31	12958	卖盘
09:34:24	4.18	-0.01	8	3344	卖盘
09:34:09	4.19	--	1262	528778	买盘
09:34:03	4.19	--	60	25140	买盘
09:33:54	4.19	0.01	100	41900	买盘
09:33:48	4.18	-0.01	100	41800	卖盘
09:33:43	4.19	--	5	2095	买盘
09:33:39	4.19	--	153	64107	买盘
09:33:33	4.19	0.01	72	30168	买盘
09:33:23	4.18	--	16	6688	卖盘
09:33:18	4.18	--	3	1254	卖盘
09:33:08	4.18	--	30	12540	卖盘
09:33:03	4.18	--	9	3761	卖盘
09:32:58	4.18	--	15	6270	卖盘
09:32:53	4.18	-0.01	3	1254	卖盘
09:32:48	4.19	0.01	33	13827	买盘
09:32:38	4.18	--	15	6270	卖盘
09:32:07	4.18	-0.01	20	8360	卖盘
09:32:03	4.19	0.01	49	20531	买盘
09:31:58	4.18	--	192	80256	买盘
09:31:52	4.18	--	30	12540	买盘
09:31:48	4.18	--	2605	1088890	卖盘
09:31:43	4.18	--	60	25080	卖盘
09:31:37	4.18	--	187	78166	卖盘
09:31:33	4.18	--	182	76076	卖盘
09:31:28	4.18	--	133	55593	卖盘
09:31:22	4.18	--	100	41800	卖盘
09:31:18	4.18	--	149	62281	卖盘
09:31:13	4.18	-0.01	162	67716	卖盘
09:31:07	4.19	0.01	122	51118	买盘
09:31:03	4.18	-0.01	150	62699	卖盘
09:30:58	4.19	0.01	86	36034	买盘
09:30:52	4.18	--	40	16720	卖盘
09:30:48	4.18	-0.01	158	66044	卖盘
09:30:42	4.19	--	37	15503	买盘
09:30:37	4.19	--	167	69973	买盘
09:30:33	4.19	--	101	42319	买盘
09:30:28	4.19	0.01	200	83800	买盘
09:30:17	4.18	-0.01	250	104500	卖盘
09:30:12	4.19	--	40	16760	买盘
09:30:07	4.19	--	127	53213	买盘
09:30:02	4.19	--	1420	594980	买盘
09:28:47	4.19	--	0	0	买盘
09:25:05	4.19	4.19	1039	435341	买盘
