成交时间	成交价	价格变动	成交量(手)	成交额(元)	性质
15:00:00	8.57	--	0	0	买盘
15:00:00	8.57	--	0	0	买盘
14:59:58	8.57	-0.01	133	114383	卖盘
14:59:52	8.58	0.01	1465	1256970	买盘
14:59:47	8.57	0.01	221	189851	买盘
14:59:43	8.56	--	433	370648	买盘
14:59:37	8.56	-0.01	312	267072	卖盘
14:59:33	8.57	--	47	40279	卖盘
14:59:28	8.57	--	472	404504	买盘
14:59:22	8.57	--	285	244245	买盘
14:59:18	8.57	--	154	131978	买盘
14:59:12	8.57	--	30	25710	买盘
14:59:07	8.57	--	108	92958	卖盘
14:59:02	8.57	--	117	100269	卖盘
14:58:57	8.57	--	135	115695	卖盘
14:58:52	8.57	0.01	3430	2939964	买盘
14:58:48	8.56	--	311	266216	买盘
14:58:42	8.56	--	115	98440	卖盘
14:58:37	8.56	--	221	189176	卖盘
14:58:33	8.56	--	578	494768	买盘
14:58:27	8.56	--	37	31672	买盘
14:58:22	8.56	--	182	155792	买盘
14:58:18	8.56	--	695	594920	买盘
14:58:12	8.56	--	124	106144	买盘
14:58:06	8.56	--	128	109568	买盘
14:58:02	8.56	--	639	546984	卖盘
14:57:57	8.56	-0.01	54	46224	卖盘
14:57:52	8.57	--	302	258814	买盘
14:57:47	8.57	0.01	102	87414	买盘
14:57:42	8.56	--	17	14552	卖盘
14:57:37	8.56	--	78	66768	卖盘
14:57:32	8.56	-0.01	126	107856	卖盘
14:57:27	8.57	0.01	137	117409	买盘
14:57:22	8.56	-0.01	84	71904	卖盘
14:57:17	8.57	0.01	29	24853	买盘
14:57:12	8.56	--	85	72760	卖盘
14:57:07	8.56	--	129	110424	卖盘
14:57:02	8.56	0.01	490	419440	买盘
14:56:57	8.55	--	255	218025	买盘
14:56:52	8.55	--	82	70110	卖盘
14:56:47	8.55	0.01	251	214605	中性盘
14:56:42	8.54	-0.02	1268	1082872	卖盘
14:56:37	8.56	0.01	65	55640	买盘
14:56:32	8.55	--	94	80370	卖盘
14:56:27	8.55	--	23	19665	卖盘
14:56:22	8.55	--	57	48735	卖盘
14:56:16	8.55	0.01	645	551475	买盘
14:56:12	8.54	-0.01	52	44407	卖盘
14:56:07	8.55	0.01	96	82080	买盘
14:56:01	8.54	-0.01	40	34160	卖盘
14:55:57	8.55	--	12	10260	买盘
14:55:52	8.55	--	400	342000	买盘
14:55:46	8.55	0.01	69	58995	买盘
14:55:42	8.54	-0.01	5	4270	卖盘
14:55:37	8.55	--	860	735300	买盘
14:55:31	8.55	--	39	33345	买盘
14:55:27	8.55	--	61	52155	买盘
14:55:22	8.55	0.01	72	61560	买盘
14:55:16	8.54	-0.01	639	545706	卖盘
14:55:12	8.55	--	20	17100	买盘
14:55:07	8.55	--	83	70965	买盘
14:55:01	8.55	--	239	204345	买盘
14:54:57	8.55	--	230	196650	买盘
14:54:52	8.55	0.01	39	33345	买盘
14:54:46	8.54	-0.01	151	128953	卖盘
14:54:42	8.55	--	96	82080	买盘
14:54:37	8.55	--	42	35910	买盘
14:54:31	8.55	--	1169	999495	买盘
14:54:27	8.55	--	16	13680	买盘
14:54:22	8.55	--	202	172710	买盘
14:54:16	8.55	--	31	26505	买盘
14:54:11	8.55	0.01	49	41895	买盘
14:54:07	8.54	-0.01	30	25619	卖盘
14:54:01	8.55	--	185	158175	买盘
14:53:56	8.55	--	25	21375	买盘
14:53:51	8.55	--	189	161595	买盘
14:53:45	8.55	--	115	98325	买盘
14:53:42	8.55	0.01	40	34200	买盘
14:53:37	8.54	-0.01	114	97355	卖盘
14:53:31	8.55	0.01	66	56430	买盘
14:53:27	8.54	--	101	86253	卖盘
14:53:22	8.54	-0.01	652	556808	卖盘
14:53:16	8.55	0.01	324	277020	买盘
14:53:12	8.54	-0.01	1600	1366399	卖盘
14:53:07	8.55	--	127	108585	买盘
14:53:01	8.55	--	286	244530	买盘
14:52:57	8.55	--	35	29925	买盘
14:52:52	8.55	--	78	66690	买盘
14:52:46	8.55	--	138	117990	买盘
14:52:42	8.55	0.01	74	63270	买盘
14:52:37	8.54	-0.01	91	77713	卖盘
14:52:31	8.55	0.01	548	468540	买盘
14:52:27	8.54	--	84	71736	卖盘
14:52:22	8.54	-0.01	29	24765	卖盘
14:52:16	8.55	--	244	208620	买盘
14:52:07	8.55	0.01	14	11970	买盘
14:52:01	8.54	--	9	7685	卖盘
14:51:57	8.54	-0.01	182	155427	卖盘
14:51:51	8.55	0.01	18	15390	买盘
14:51:41	8.54	--	88	75151	卖盘
14:51:36	8.54	-0.01	5	4270	卖盘
14:51:31	8.55	--	28	23940	买盘
14:51:26	8.55	0.01	14	11970	买盘
14:51:21	8.54	-0.01	15	12809	卖盘
14:51:15	8.55	0.01	93	79515	买盘
14:51:11	8.54	-0.01	37	31597	卖盘
14:51:01	8.55	--	58	49590	买盘
14:50:56	8.55	--	57	48735	买盘
14:50:51	8.55	0.01	21	17955	买盘
14:50:46	8.54	-0.01	61	52093	卖盘
14:50:41	8.55	--	53	45315	买盘
14:50:31	8.55	0.01	158	135090	买盘
14:50:26	8.54	-0.01	50	42699	卖盘
14:50:21	8.55	--	133	114561	卖盘
14:50:16	8.55	--	141	120555	卖盘
14:50:11	8.55	0.01	459	392453	买盘
14:50:06	8.54	-0.01	55	46969	卖盘
14:50:00	8.55	--	1019	871245	买盘
14:49:56	8.55	0.01	177	151335	买盘
14:49:51	8.54	--	11	9393	卖盘
14:49:46	8.54	--	173	147741	卖盘
14:49:41	8.54	0.01	3466	2959963	买盘
14:49:31	8.53	-0.01	333	284535	卖盘
14:49:25	8.54	0.01	45	38429	买盘
14:49:21	8.53	--	37	31560	卖盘
14:49:10	8.53	--	28	23884	卖盘
14:49:00	8.53	--	40	34120	卖盘
14:48:55	8.53	--	159	135627	卖盘
14:48:50	8.53	--	23	19619	卖盘
14:48:46	8.53	--	14	11942	卖盘
14:48:40	8.53	--	87	74211	卖盘
14:48:35	8.53	0.01	144	123104	卖盘
14:48:31	8.52	-0.01	156	132912	卖盘
14:48:24	8.53	--	920	784759	买盘
14:48:20	8.53	--	217	185101	买盘
14:48:15	8.53	0.01	14	11942	买盘
14:48:10	8.52	-0.01	19	16188	卖盘
14:48:06	8.53	--	4	3411	买盘
14:48:01	8.53	--	42	35826	买盘
14:47:54	8.53	--	192	163776	买盘
14:47:50	8.53	--	37	31560	买盘
14:47:46	8.53	--	41	34973	卖盘
14:47:40	8.53	--	324	276372	卖盘
14:47:36	8.53	--	258	220073	卖盘
14:47:31	8.53	--	53	45209	卖盘
14:47:25	8.53	--	232	197895	卖盘
14:47:21	8.53	-0.01	35	29854	卖盘
14:47:15	8.54	--	51	43553	买盘
14:47:10	8.54	0.01	34	29035	买盘
14:47:06	8.53	-0.01	6	5118	卖盘
14:47:00	8.54	--	8	6831	买盘
14:46:55	8.54	--	617	526918	买盘
14:46:51	8.54	--	75	64049	买盘
14:46:46	8.54	--	82	70028	买盘
14:46:39	8.54	--	37	31597	买盘
14:46:36	8.54	0.01	23	19641	买盘
14:46:31	8.53	0.01	17	14500	买盘
14:46:25	8.52	-0.02	303	258156	卖盘
14:46:20	8.54	--	0	0	买盘
14:46:15	8.54	0.01	287	245097	买盘
14:46:10	8.53	--	68	58003	买盘
14:46:05	8.53	--	32	27295	买盘
14:46:00	8.53	--	120	102359	买盘
14:45:55	8.53	--	244	208131	买盘
14:45:46	8.53	--	59	50326	卖盘
14:45:40	8.53	--	56	47768	卖盘
14:45:36	8.53	0.01	105	89565	买盘
14:45:30	8.52	-0.01	203	172956	卖盘
14:45:25	8.53	--	335	285755	买盘
14:45:16	8.53	--	32	27295	买盘
14:45:10	8.53	--	91	77623	买盘
14:45:06	8.53	--	20	17060	买盘
14:45:00	8.53	0.01	15	12794	中性盘
14:44:55	8.52	-0.01	298	253896	卖盘
14:44:50	8.53	--	28	23884	卖盘
14:44:45	8.53	--	42	35826	卖盘
14:44:40	8.53	--	111	94683	买盘
14:44:35	8.53	0.01	57	48620	中性盘
14:44:30	8.52	--	64	54528	卖盘
14:44:25	8.52	--	26	22152	卖盘
14:44:20	8.52	--	395	336540	卖盘
14:44:09	8.52	--	80	68160	卖盘
14:44:05	8.52	0.01	335	285420	卖盘
14:44:00	8.51	-0.01	48	40848	卖盘
14:43:55	8.52	0.01	75	63900	中性盘
14:43:50	8.51	--	193	164243	卖盘
14:43:45	8.51	-0.02	10	8510	卖盘
14:43:40	8.53	0.02	14	11942	卖盘
14:43:35	8.51	--	998	849298	买盘
14:43:30	8.51	--	48	40848	买盘
14:43:25	8.51	-0.02	3220	2740220	卖盘
14:43:20	8.53	-0.01	33	28148	卖盘
14:43:15	8.54	0.01	5	4270	买盘
14:43:09	8.53	-0.01	124	105771	卖盘
14:43:05	8.54	--	295	251929	买盘
14:42:59	8.54	0.01	55	46969	买盘
14:42:54	8.53	-0.01	99	84447	卖盘
14:42:49	8.54	0.01	71	60633	买盘
14:42:45	8.53	--	28	23884	卖盘
14:42:39	8.53	--	82	69946	卖盘
14:42:34	8.53	--	63	53738	卖盘
14:42:29	8.53	--	222	189366	卖盘
14:42:25	8.53	0.01	398	339494	买盘
14:42:19	8.52	-0.01	84	71568	卖盘
14:42:15	8.53	0.01	13	11089	买盘
14:42:10	8.52	-0.01	163	138876	卖盘
14:42:03	8.53	--	121	103212	买盘
14:41:55	8.53	0.01	271	231162	买盘
14:41:49	8.52	-0.01	71	60492	卖盘
14:41:45	8.53	0.01	71	60562	买盘
14:41:39	8.52	-0.01	195	166140	卖盘
14:41:33	8.53	0.01	146	124537	买盘
14:41:30	8.52	--	49	41748	卖盘
14:41:25	8.52	-0.01	34	28968	卖盘
14:41:18	8.53	0.01	410	349730	买盘
14:41:15	8.52	--	149	126948	卖盘
14:41:10	8.52	--	52	44304	卖盘
14:41:04	8.52	--	138	117576	卖盘
14:41:00	8.52	--	22	18744	卖盘
14:40:54	8.52	--	1	852	卖盘
14:40:48	8.52	0.01	108	92016	中性盘
14:40:44	8.51	-0.01	33	28083	卖盘
14:40:40	8.52	--	635	541020	买盘
14:40:33	8.52	0.01	109	92868	买盘
14:40:30	8.51	--	20	17020	卖盘
14:40:25	8.51	--	201	171051	卖盘
14:40:19	8.51	--	86	73186	买盘
14:40:15	8.51	--	21	17871	买盘
14:40:10	8.51	--	421	358271	买盘
14:40:04	8.51	--	629	535279	卖盘
14:40:00	8.51	--	35	29785	卖盘
14:39:55	8.51	--	196	166796	卖盘
14:39:49	8.51	--	294	250194	卖盘
14:39:44	8.51	--	185	157520	买盘
14:39:40	8.51	--	200	170200	买盘
14:39:34	8.51	--	447	381162	卖盘
14:39:29	8.51	--	420	357420	卖盘
14:39:25	8.51	-0.01	366	311466	卖盘
14:39:19	8.52	-0.01	59	50268	中性盘
14:39:15	8.53	0.02	24	20472	买盘
14:39:10	8.51	-0.02	49	41699	卖盘
14:39:03	8.53	--	276	235427	买盘
14:39:00	8.53	0.01	91	77623	买盘
14:38:55	8.52	-0.02	2360	2010720	卖盘
14:38:48	8.54	--	423	361241	买盘
14:38:44	8.54	--	19	16225	买盘
14:38:40	8.54	--	40	34160	买盘
14:38:34	8.54	--	676	577304	卖盘
14:38:30	8.54	--	427	364657	卖盘
14:38:24	8.54	--	15	12809	卖盘
14:38:18	8.54	--	215	183609	卖盘
14:38:14	8.54	-0.01	123	105041	卖盘
14:38:09	8.55	0.01	10	8550	买盘
14:38:03	8.54	-0.01	41	35014	卖盘
14:37:59	8.55	0.01	81	69255	买盘
14:37:54	8.54	-0.01	20	17080	卖盘
14:37:49	8.55	--	284	243666	卖盘
14:37:44	8.55	--	333	284715	卖盘
14:37:39	8.55	--	25	21375	卖盘
14:37:33	8.55	--	178	152190	卖盘
14:37:29	8.55	--	107	91485	卖盘
14:37:19	8.55	--	25	21375	卖盘
14:37:14	8.55	-0.01	465	397575	卖盘
14:37:09	8.56	0.01	4	3424	买盘
14:37:04	8.55	-0.02	985	842175	卖盘
14:36:59	8.57	0.01	309	264813	买盘
14:36:54	8.56	--	614	525584	卖盘
14:36:49	8.56	-0.01	168	143808	卖盘
14:36:43	8.57	--	47	40279	买盘
14:36:39	8.57	--	116	99412	卖盘
14:36:33	8.57	-0.01	16	13712	卖盘
14:36:29	8.58	0.01	303	259974	买盘
14:36:24	8.57	--	735	629895	卖盘
14:36:18	8.57	-0.01	201	172257	卖盘
14:36:14	8.58	--	18	15444	买盘
14:36:08	8.58	0.01	61	52338	买盘
14:36:04	8.57	-0.01	112	95984	卖盘
14:35:58	8.58	0.01	10	8580	买盘
14:35:48	8.57	-0.01	27	23139	卖盘
14:35:43	8.58	0.01	5	4290	买盘
14:35:39	8.57	--	3	2571	卖盘
14:35:33	8.57	--	46	39422	卖盘
14:35:27	8.57	-0.01	41	35137	卖盘
14:35:23	8.58	--	100	85800	买盘
14:35:19	8.58	0.01	254	217932	买盘
14:35:13	8.57	-0.01	52	44564	卖盘
14:35:08	8.58	0.01	4	3432	买盘
14:35:03	8.57	--	86	73702	卖盘
14:34:57	8.57	-0.01	29	24853	卖盘
14:34:54	8.58	--	32	27456	买盘
14:34:49	8.58	0.01	18	15444	买盘
14:34:43	8.57	--	84	71988	卖盘
14:34:38	8.57	--	210	179970	卖盘
14:34:33	8.57	--	66	56562	卖盘
14:34:28	8.57	-0.01	68	58276	卖盘
14:34:23	8.58	0.01	10	8580	买盘
14:34:18	8.57	-0.01	58	49706	卖盘
14:34:12	8.58	0.01	125	107250	买盘
14:34:09	8.57	--	122	104554	卖盘
14:34:03	8.57	--	23	19711	卖盘
14:33:57	8.57	--	73	62561	卖盘
14:33:54	8.57	--	53	45421	卖盘
14:33:48	8.57	--	122	104554	卖盘
14:33:42	8.57	--	5	4285	卖盘
14:33:33	8.57	--	40	34280	卖盘
14:33:27	8.57	--	107	91699	卖盘
14:33:23	8.57	-0.01	115	98555	卖盘
14:33:18	8.58	0.01	12	10296	买盘
14:33:12	8.57	-0.01	103	88271	卖盘
14:33:09	8.58	0.01	1	858	买盘
14:33:03	8.57	--	9	7713	卖盘
14:32:58	8.57	--	198	169686	卖盘
14:32:53	8.57	--	11	9427	卖盘
14:32:49	8.57	-0.01	111	95127	卖盘
14:32:43	8.58	0.01	112	96096	买盘
14:32:39	8.57	-0.01	29	24853	卖盘
14:32:33	8.58	0.01	16	13728	买盘
14:32:27	8.57	--	155	132835	卖盘
14:32:18	8.57	--	165	141405	卖盘
14:32:12	8.57	--	399	341943	买盘
14:32:09	8.57	0.01	23	19711	买盘
14:32:03	8.56	--	53	45368	卖盘
14:31:57	8.56	--	36	30816	卖盘
14:31:53	8.56	--	1	856	卖盘
14:31:48	8.56	-0.01	155	132680	卖盘
14:31:43	8.57	--	274	234818	买盘
14:31:38	8.57	--	15	12855	买盘
14:31:33	8.57	0.01	2	1714	买盘
14:31:28	8.56	-0.01	1081	925336	卖盘
14:31:23	8.57	--	17	14569	买盘
14:31:18	8.57	0.01	35	29995	买盘
14:31:13	8.56	--	196	167776	卖盘
14:31:08	8.56	-0.01	342	292752	卖盘
14:31:03	8.57	--	5	4285	卖盘
14:30:58	8.57	0.01	185	158545	中性盘
14:30:53	8.56	-0.01	383	327848	卖盘
14:30:48	8.57	--	88	75416	买盘
14:30:43	8.57	--	16	13712	卖盘
14:30:38	8.57	-0.01	6	5142	卖盘
14:30:28	8.58	0.01	10	8580	买盘
14:30:23	8.57	--	72	61704	买盘
14:30:18	8.57	0.01	12	10284	买盘
14:30:13	8.56	-0.02	511	437416	卖盘
14:30:08	8.58	0.02	565	484770	买盘
14:30:03	8.56	-0.01	300	256800	卖盘
14:29:57	8.57	--	220	188540	卖盘
14:29:53	8.57	-0.01	77	66331	卖盘
14:29:48	8.58	0.01	41	35178	买盘
14:29:43	8.57	--	571	489449	卖盘
14:29:38	8.57	--	345	296179	买盘
14:29:27	8.57	0.01	96	82272	买盘
14:29:22	8.56	-0.01	98	83888	卖盘
14:29:18	8.57	--	22	18854	卖盘
14:29:12	8.57	--	784	671888	卖盘
14:29:07	8.57	--	69	59133	卖盘
14:29:03	8.57	--	5	4285	卖盘
14:28:57	8.57	--	75	64275	卖盘
14:28:52	8.57	-0.01	12	10284	卖盘
14:28:43	8.58	--	22	19639	买盘
14:28:36	8.58	0.01	11	9438	卖盘
14:28:33	8.57	-0.01	206	176542	卖盘
14:28:27	8.58	0.01	436	374088	买盘
14:28:21	8.57	-0.01	829	710453	卖盘
14:28:17	8.58	0.01	17	14586	买盘
14:28:12	8.57	-0.01	2	1714	卖盘
14:28:06	8.58	--	9	7722	买盘
14:28:02	8.58	0.01	6	5148	买盘
14:27:57	8.57	-0.01	3	2571	卖盘
14:27:52	8.58	--	3	2574	买盘
14:27:42	8.58	--	11	9438	买盘
14:27:36	8.58	0.01	22	18876	买盘
14:27:32	8.57	-0.01	6	5142	卖盘
14:27:27	8.58	0.01	15	12870	买盘
14:27:21	8.57	--	182	155974	卖盘
14:27:17	8.57	-0.01	50	42850	卖盘
14:27:13	8.58	--	32	27456	买盘
14:27:07	8.58	0.01	226	193908	买盘
14:27:03	8.57	-0.01	124	106268	卖盘
14:26:57	8.58	0.01	21	18018	买盘
14:26:51	8.57	-0.01	30	25710	卖盘
14:26:48	8.58	--	43	36894	买盘
14:26:42	8.58	0.01	68	58344	买盘
14:26:36	8.57	-0.01	39	33423	卖盘
14:26:27	8.58	--	30	25740	买盘
14:26:21	8.58	--	34	29172	买盘
14:26:12	8.58	--	63	54054	买盘
14:26:06	8.58	--	1009	865722	买盘
14:26:02	8.58	--	13	11154	买盘
14:25:57	8.58	0.01	40	34320	买盘
14:25:51	8.57	--	254	217678	卖盘
14:25:47	8.57	-0.01	36	30852	卖盘
14:25:42	8.58	0.01	129	110682	买盘
14:25:37	8.57	--	10	8570	卖盘
14:25:28	8.57	--	2	1714	卖盘
14:25:21	8.57	--	23	19711	卖盘
14:25:17	8.57	-0.01	56	47992	卖盘
14:25:12	8.58	--	16	13728	买盘
14:25:06	8.58	--	4	3432	买盘
14:25:03	8.58	--	97	83226	买盘
14:24:57	8.58	0.01	5	4290	买盘
14:24:51	8.57	-0.01	1	857	卖盘
14:24:47	8.58	0.01	41	35178	买盘
14:24:42	8.57	--	197	168829	卖盘
14:24:36	8.57	-0.01	119	101983	卖盘
14:24:32	8.58	--	5	4290	买盘
14:24:27	8.58	--	7	6006	卖盘
14:24:22	8.58	0.01	35	30030	卖盘
14:24:17	8.57	-0.01	23	19711	卖盘
14:24:12	8.58	0.01	45	38610	买盘
14:24:06	8.57	--	45	38565	卖盘
14:24:02	8.57	-0.01	20	17140	卖盘
14:23:57	8.58	0.01	1	858	买盘
14:23:51	8.57	-0.01	19	16283	卖盘
14:23:47	8.58	--	245	210210	买盘
14:23:36	8.58	-0.01	145	124410	卖盘
14:23:32	8.59	0.01	49	42091	买盘
14:23:27	8.58	--	18	15444	卖盘
14:23:21	8.58	--	34	29172	卖盘
14:23:17	8.58	-0.01	34	29172	中性盘
14:23:12	8.59	0.02	17	14603	买盘
14:23:06	8.57	--	284	243388	卖盘
14:23:02	8.57	-0.02	715	612755	卖盘
14:22:51	8.59	0.01	33	28347	买盘
14:22:47	8.58	-0.01	51	43758	卖盘
14:22:30	8.59	0.01	40	34360	买盘
14:22:26	8.58	--	191	163878	卖盘
14:22:22	8.58	-0.01	77	66066	卖盘
14:22:15	8.59	--	21	18039	买盘
14:22:00	8.59	--	57	48963	买盘
14:21:56	8.59	0.01	50	42950	买盘
14:21:51	8.58	-0.01	204	175032	卖盘
14:21:45	8.59	--	57	48963	买盘
14:21:41	8.59	--	42	36078	买盘
14:21:36	8.59	--	25	21475	买盘
14:21:26	8.59	--	27	23193	买盘
14:21:21	8.59	--	4	3436	买盘
14:21:16	8.59	-0.01	321	275739	卖盘
14:21:11	8.6	0.01	5	4300	买盘
14:21:07	8.59	-0.01	6	5154	卖盘
14:20:51	8.6	0.01	20	17200	买盘
14:20:45	8.59	-0.01	5	4295	卖盘
14:20:41	8.6	0.01	105	90300	买盘
14:20:37	8.59	-0.01	26	22334	卖盘
14:20:31	8.6	0.01	30	25800	买盘
14:20:26	8.59	--	204	175236	买盘
14:20:21	8.59	--	60	51540	卖盘
14:20:16	8.59	--	20	17180	买盘
14:20:11	8.59	--	22	18898	买盘
14:20:07	8.59	--	102	87618	卖盘
14:20:00	8.59	--	2	1718	卖盘
14:19:56	8.59	--	22	18898	卖盘
14:19:51	8.59	--	115	98785	买盘
14:19:45	8.59	0.02	252	216468	买盘
14:19:30	8.57	--	0	0	卖盘
14:19:26	8.57	-0.01	58	50323	卖盘
14:19:21	8.58	--	10	8580	买盘
14:19:15	8.58	--	57	49146	买盘
14:19:11	8.58	--	14	12012	买盘
14:19:06	8.58	--	54	46332	买盘
14:19:00	8.58	--	81	69498	买盘
14:18:56	8.58	0.01	32	27456	买盘
14:18:51	8.57	-0.01	201	172257	卖盘
14:18:45	8.58	--	201	173050	卖盘
14:18:36	8.58	--	19	16302	卖盘
14:18:30	8.58	--	163	140583	卖盘
14:18:26	8.58	--	90	77220	卖盘
14:18:21	8.58	--	64	55040	卖盘
14:18:15	8.58	-0.01	144	123552	卖盘
14:18:11	8.59	0.01	42	36078	买盘
14:18:06	8.58	--	222	190476	卖盘
14:18:00	8.58	-0.01	167	143586	卖盘
14:17:56	8.59	--	134	115106	买盘
14:17:51	8.59	0.01	13	11167	买盘
14:17:46	8.58	--	318	273418	卖盘
14:17:41	8.58	--	20	17160	卖盘
14:17:36	8.58	--	185	159519	卖盘
14:17:30	8.58	--	55	47190	卖盘
14:17:26	8.58	--	43	37486	卖盘
14:17:15	8.58	-0.01	197	169798	卖盘
14:17:11	8.59	--	33	28347	买盘
14:17:06	8.59	0.01	123	106327	买盘
14:17:00	8.58	--	11	9438	卖盘
14:16:56	8.58	-0.01	40	34320	卖盘
14:16:45	8.59	--	44	37796	买盘
14:16:39	8.59	--	25	21475	买盘
14:16:36	8.59	--	293	251936	卖盘
14:16:30	8.59	-0.01	254	218314	卖盘
14:16:25	8.6	0.01	31	26857	买盘
14:16:21	8.59	--	20	17180	卖盘
14:16:15	8.59	-0.01	115	99489	卖盘
14:16:11	8.6	0.01	50	43000	买盘
14:16:06	8.59	--	11	9887	卖盘
14:16:00	8.59	-0.01	36	30924	卖盘
14:15:55	8.6	0.01	10	8600	买盘
14:15:45	8.59	-0.01	217	186403	卖盘
14:15:31	8.6	0.01	19	16340	买盘
14:15:24	8.59	--	6	5154	卖盘
14:15:15	8.59	-0.01	5	4295	卖盘
14:15:09	8.6	0.01	32	27520	买盘
14:15:05	8.59	--	4	3436	卖盘
14:15:00	8.59	-0.01	187	160633	卖盘
14:14:54	8.6	0.01	205	176300	买盘
14:14:45	8.59	-0.01	117	100503	卖盘
14:14:39	8.6	0.01	24	20640	买盘
14:14:35	8.59	--	5	4295	买盘
14:14:30	8.59	--	14	12026	买盘
14:14:24	8.59	--	15	12885	买盘
14:14:20	8.59	0.01	191	164069	买盘
14:14:15	8.58	-0.01	31	26598	卖盘
14:14:09	8.59	--	72	61848	买盘
14:14:00	8.59	0.01	3	2577	买盘
14:13:54	8.58	-0.01	80	68640	卖盘
14:13:45	8.59	--	0	0	买盘
14:13:39	8.59	0.02	198	170082	买盘
14:13:35	8.57	-0.01	23	19711	卖盘
14:13:30	8.58	--	60	51480	买盘
14:13:24	8.58	0.01	210	180180	买盘
14:13:20	8.57	-0.01	80	68560	卖盘
14:13:15	8.58	0.01	1402	1202916	买盘
14:13:09	8.57	--	52	44564	卖盘
14:13:00	8.57	--	81	69417	卖盘
14:12:54	8.57	--	353	302521	卖盘
14:12:39	8.57	--	203	173971	卖盘
14:12:35	8.57	--	13	11141	卖盘
14:12:24	8.57	--	34	29138	卖盘
14:12:16	8.57	-0.01	0	8	卖盘
14:12:09	8.58	--	237	203346	买盘
14:12:05	8.58	--	21	18018	买盘
14:11:54	8.58	0.01	20	17160	买盘
14:11:45	8.57	-0.01	10	8570	卖盘
14:11:39	8.58	0.01	24	20592	买盘
14:11:35	8.57	--	5	4285	买盘
14:11:30	8.57	--	28	23996	买盘
14:11:24	8.57	-0.01	303	259671	卖盘
14:11:20	8.58	0.01	16	13728	买盘
14:11:15	8.57	--	95	81415	卖盘
14:11:09	8.57	-0.01	40	34280	卖盘
14:11:05	8.58	--	18	15444	买盘
14:10:54	8.58	0.02	53	45474	买盘
14:10:50	8.56	-0.02	5	4280	卖盘
14:10:39	8.58	0.02	581	498498	买盘
14:10:35	8.56	-0.01	212	181472	卖盘
14:10:20	8.57	--	37	31709	买盘
14:10:09	8.57	0.01	30	25710	买盘
14:10:05	8.56	-0.01	10	8560	卖盘
14:09:54	8.57	0.01	438	375366	买盘
14:09:50	8.56	-0.01	84	71904	卖盘
14:09:45	8.57	--	1	857	买盘
14:09:39	8.57	--	39	33423	买盘
14:09:35	8.57	0.01	2	1714	买盘
14:09:30	8.56	--	182	155792	卖盘
14:09:24	8.56	-0.01	280	239680	卖盘
14:09:20	8.57	0.01	75	64275	买盘
14:09:15	8.56	-0.01	182	155792	卖盘
14:09:09	8.57	0.01	20	17140	买盘
14:09:05	8.56	-0.01	100	85600	卖盘
14:09:00	8.57	--	65	55705	买盘
14:08:54	8.57	0.01	11	9427	买盘
14:08:48	8.56	-0.01	25	21400	卖盘
14:08:44	8.57	0.01	6	5142	买盘
14:08:39	8.56	-0.01	336	287616	卖盘
14:08:33	8.57	--	235	201395	卖盘
14:08:18	8.57	--	93	79701	买盘
14:08:14	8.57	0.01	14	11998	买盘
14:08:09	8.56	-0.01	414	354384	卖盘
14:08:03	8.57	--	116	99412	买盘
14:07:59	8.57	--	16	13712	买盘
14:07:54	8.57	--	46	39422	买盘
14:07:48	8.57	0.01	242	207394	买盘
14:07:44	8.56	--	6	5136	卖盘
14:07:39	8.56	--	81	69336	卖盘
14:07:33	8.56	--	98	83888	卖盘
14:07:24	8.56	--	41	35096	卖盘
14:07:18	8.56	--	230	196880	卖盘
14:07:09	8.56	--	130	111280	卖盘
14:07:03	8.56	--	38	32528	买盘
14:06:59	8.56	--	5	4280	买盘
14:06:54	8.56	--	69	59064	买盘
14:06:48	8.56	--	53	45368	买盘
14:06:44	8.56	--	123	105288	卖盘
14:06:39	8.56	0.01	15	12840	中性盘
14:06:33	8.55	-0.01	246	210330	卖盘
14:06:29	8.56	--	11	9416	买盘
14:06:24	8.56	--	42	35952	卖盘
14:06:18	8.56	--	100	85600	卖盘
14:06:14	8.56	--	37	31672	卖盘
14:06:09	8.56	--	46	39376	卖盘
14:06:03	8.56	0.01	112	95872	买盘
14:05:59	8.55	-0.01	181	154755	卖盘
14:05:54	8.56	--	29	24824	卖盘
14:05:48	8.56	--	46	39376	买盘
14:05:44	8.56	--	38	32528	买盘
14:05:39	8.56	--	31	26536	买盘
14:05:33	8.56	0.01	63	53928	买盘
14:05:29	8.55	-0.01	165	141075	卖盘
14:05:24	8.56	--	439	375784	卖盘
14:05:18	8.56	-0.01	1015	868840	卖盘
14:05:14	8.57	--	7	5999	买盘
14:05:09	8.57	--	9	7713	买盘
14:05:03	8.57	--	76	65132	卖盘
14:04:59	8.57	-0.01	4	3428	卖盘
14:04:54	8.58	0.01	454	389532	买盘
14:04:48	8.57	-0.01	98	83986	卖盘
14:04:44	8.58	0.01	10	8580	买盘
14:04:39	8.57	-0.01	41	35137	卖盘
14:04:33	8.58	0.01	123	105534	买盘
14:04:29	8.57	-0.01	18	15426	卖盘
14:04:24	8.58	0.01	24	20592	买盘
14:04:18	8.57	-0.01	150	128550	卖盘
14:04:14	8.58	--	280	240240	卖盘
14:04:03	8.58	-0.01	21	18018	卖盘
14:03:59	8.59	--	81	69579	买盘
14:03:54	8.59	--	47	40373	买盘
14:03:48	8.59	--	23	19757	买盘
14:03:44	8.59	0.02	18	15462	买盘
14:03:33	8.57	-0.02	220	188540	卖盘
14:03:29	8.59	--	0	0	买盘
14:03:24	8.59	--	219	188121	买盘
14:03:18	8.59	0.01	379	325561	中性盘
14:03:14	8.58	-0.01	1098	942084	卖盘
14:03:03	8.59	-0.01	8	6872	卖盘
14:02:48	8.6	--	23	19780	买盘
14:02:44	8.6	--	43	36980	卖盘
14:02:39	8.6	--	188	161680	卖盘
14:02:33	8.6	--	193	165980	卖盘
14:02:29	8.6	-0.01	90	77400	卖盘
14:02:24	8.61	--	2	1722	买盘
14:02:18	8.61	--	7	6027	买盘
14:02:09	8.61	0.01	48	41328	买盘
14:02:03	8.6	--	15	12900	卖盘
14:01:57	8.6	-0.01	10	8600	卖盘
14:01:48	8.61	0.01	39	33579	买盘
14:01:42	8.6	-0.01	105	90300	卖盘
14:01:23	8.61	0.01	33	28412	买盘
14:01:18	8.6	--	40	34400	卖盘
14:01:12	8.6	--	57	49020	买盘
14:01:08	8.6	--	5	4300	买盘
14:01:03	8.6	--	371	319060	卖盘
14:00:53	8.6	--	10	8600	卖盘
14:00:48	8.6	--	5	4300	卖盘
14:00:42	8.6	--	2	1720	卖盘
14:00:38	8.6	--	2	1720	卖盘
14:00:27	8.6	--	137	117820	买盘
14:00:23	8.6	0.01	47	40420	买盘
14:00:18	8.59	-0.01	42	36078	卖盘
14:00:12	8.6	0.01	24	20640	买盘
14:00:08	8.59	--	76	65284	卖盘
14:00:03	8.59	--	41	35219	卖盘
13:59:57	8.59	--	35	30065	卖盘
13:59:48	8.59	--	214	183826	卖盘
13:59:42	8.59	0.01	158	135722	买盘
13:59:38	8.58	--	9	7722	卖盘
13:59:33	8.58	--	64	54912	卖盘
13:59:27	8.58	--	19	16302	卖盘
13:59:23	8.58	-0.01	15	12870	卖盘
13:59:12	8.59	0.01	20	17180	买盘
13:59:08	8.58	--	31	26598	卖盘
13:59:03	8.58	--	199	170742	卖盘
13:58:57	8.58	-0.01	35	30030	卖盘
13:58:53	8.59	--	64	54976	买盘
13:58:48	8.59	--	152	130568	卖盘
13:58:42	8.59	-0.01	61	52399	卖盘
13:58:38	8.6	0.01	116	99760	买盘
13:58:33	8.59	--	229	196711	卖盘
13:58:27	8.59	--	186	159774	卖盘
13:58:18	8.59	--	25	21475	卖盘
13:58:12	8.59	-0.01	3	2577	卖盘
13:58:03	8.6	0.01	10	8600	买盘
13:57:57	8.59	-0.01	208	178672	卖盘
13:57:48	8.6	--	2	1720	买盘
13:57:42	8.6	--	50	43000	买盘
13:57:38	8.6	--	26	22360	买盘
13:57:33	8.6	--	270	232200	卖盘
13:57:27	8.6	--	241	207260	卖盘
13:57:23	8.6	--	1010	868600	卖盘
13:57:12	8.6	--	17	14620	卖盘
13:56:57	8.6	-0.01	187	160820	卖盘
13:56:53	8.61	-0.01	229	197169	卖盘
13:56:48	8.62	--	1	861	买盘
13:56:42	8.62	--	81	69822	买盘
13:56:38	8.62	0.01	25	21549	卖盘
13:56:33	8.61	-0.01	18	15497	卖盘
13:56:27	8.62	--	2	1723	卖盘
13:56:23	8.62	--	19	16377	买盘
13:56:18	8.62	--	23	19826	卖盘
13:56:12	8.62	--	263	226705	买盘
13:56:08	8.62	--	33	28445	买盘
13:56:03	8.62	--	12	10343	买盘
13:55:57	8.62	--	31	26721	买盘
13:55:53	8.62	--	60	51719	买盘
13:55:48	8.62	--	20	17240	买盘
13:55:42	8.62	--	44	37928	买盘
13:55:38	8.62	-0.01	1014	874067	卖盘
13:55:33	8.63	0.01	3	2589	中性盘
13:55:27	8.62	-0.01	196	168951	卖盘
13:55:21	8.63	--	390	336570	买盘
13:55:18	8.63	--	70	60410	买盘
13:55:12	8.63	0.01	35	30205	买盘
13:55:06	8.62	-0.01	22	18964	卖盘
13:55:02	8.63	--	5	4315	买盘
13:54:51	8.63	--	57	49191	买盘
13:54:36	8.63	0.01	10	8630	买盘
13:54:27	8.62	-0.01	135	116369	卖盘
13:54:21	8.63	0.01	22	18986	买盘
13:54:12	8.62	--	212	182743	卖盘
13:53:57	8.62	-0.01	10	8620	卖盘
13:53:51	8.63	--	117	100971	买盘
13:53:42	8.63	--	20	17260	买盘
13:53:36	8.63	0.01	13	11219	买盘
13:53:32	8.62	--	14	12067	卖盘
13:53:27	8.62	--	10	8620	卖盘
13:53:17	8.62	-0.01	50	43099	卖盘
13:53:12	8.63	0.01	12	10356	买盘
13:53:06	8.62	-0.01	4	3447	卖盘
13:53:02	8.63	0.01	2	1726	买盘
13:52:57	8.62	-0.01	30	25859	卖盘
13:52:51	8.63	--	41	35383	买盘
13:52:42	8.63	--	10	8630	买盘
13:52:36	8.63	--	6	5178	买盘
13:52:21	8.63	--	16	13808	买盘
13:52:17	8.63	--	57	49191	买盘
13:52:12	8.63	0.01	310	267530	买盘
13:52:06	8.62	-0.01	6	5171	卖盘
13:51:57	8.63	--	58	50054	买盘
13:51:51	8.63	0.01	9	7767	买盘
13:51:47	8.62	-0.01	27	23273	卖盘
13:51:27	8.63	--	160	138080	买盘
13:51:21	8.63	0.01	79	68177	买盘
13:51:17	8.62	-0.01	34	29307	卖盘
13:51:12	8.63	0.01	97	83711	买盘
13:51:06	8.62	-0.01	44	37928	卖盘
13:51:02	8.63	0.01	1	863	买盘
13:50:57	8.62	--	6	5171	卖盘
13:50:51	8.62	--	137	118093	卖盘
13:50:47	8.62	--	100	86199	卖盘
13:50:42	8.62	-0.01	5	4310	卖盘
13:50:36	8.63	0.01	35	30205	买盘
13:50:32	8.62	--	2	1723	卖盘
13:50:21	8.62	--	39	33618	卖盘
13:50:17	8.62	--	15	12929	买盘
13:50:12	8.62	--	72	62063	卖盘
13:50:06	8.62	-0.01	42	36204	卖盘
13:50:02	8.63	0.01	63	54369	买盘
13:49:51	8.62	--	2	1723	卖盘
13:49:47	8.62	--	434	374107	卖盘
13:49:42	8.62	--	6	5171	卖盘
13:49:36	8.62	--	40	34480	卖盘
13:49:32	8.62	--	90	77580	卖盘
13:49:27	8.62	-0.01	27	23273	卖盘
13:49:21	8.63	0.01	120	103560	买盘
13:49:17	8.62	--	90	77580	卖盘
13:49:12	8.62	--	11	9482	卖盘
13:49:06	8.62	--	40	34480	卖盘
13:49:02	8.62	--	50	43099	卖盘
13:48:57	8.62	--	2	1723	卖盘
13:48:51	8.62	--	125	107749	卖盘
13:48:45	8.62	--	60	51719	卖盘
13:48:30	8.62	--	44	37928	卖盘
13:48:21	8.62	-0.01	10	8620	卖盘
13:48:15	8.63	--	11	9493	买盘
13:48:06	8.63	--	71	61273	卖盘
13:48:00	8.63	--	123	106149	卖盘
13:47:56	8.63	--	8	6904	卖盘
13:47:51	8.63	--	86	74218	卖盘
13:47:45	8.63	--	50	43150	卖盘
13:47:36	8.63	--	303	261489	卖盘
13:47:30	8.63	--	39	33657	卖盘
13:47:26	8.63	--	50	43150	卖盘
13:47:21	8.63	--	30	25890	卖盘
13:47:15	8.63	--	61	52643	卖盘
13:47:11	8.63	--	5	4315	卖盘
13:47:06	8.63	--	61	52643	卖盘
13:47:00	8.63	--	2	1726	卖盘
13:46:56	8.63	--	6	5178	卖盘
13:46:51	8.63	--	102	88026	卖盘
13:46:45	8.63	--	9	7767	卖盘
13:46:36	8.63	-0.01	406	350378	卖盘
13:46:30	8.64	0.01	2	1728	买盘
13:46:26	8.63	--	20	17260	卖盘
13:46:15	8.63	-0.01	415	358145	卖盘
13:46:11	8.64	--	150	129600	买盘
13:46:00	8.64	0.01	28	24192	买盘
13:45:56	8.63	--	22	18986	卖盘
13:45:51	8.63	--	3	2589	卖盘
13:45:45	8.63	--	101	87163	卖盘
13:45:41	8.63	--	87	75081	卖盘
13:45:36	8.63	-0.01	32	27616	卖盘
13:45:30	8.64	0.01	27	23328	买盘
13:45:21	8.63	-0.01	9	7767	卖盘
13:45:15	8.64	--	29	25056	买盘
13:45:11	8.64	--	34	29376	买盘
13:45:00	8.64	0.01	15	12960	买盘
13:44:56	8.63	--	4	3452	卖盘
13:44:51	8.63	-0.01	3	2589	卖盘
13:44:45	8.64	--	26	22464	买盘
13:44:41	8.64	0.01	1	864	买盘
13:44:36	8.63	--	34	29342	卖盘
13:44:30	8.63	-0.01	45	38835	卖盘
13:44:21	8.64	0.01	6	5184	买盘
13:44:15	8.63	--	7	6041	卖盘
13:44:06	8.63	-0.01	122	105286	卖盘
13:44:00	8.64	0.01	57	49248	买盘
13:43:55	8.63	-0.01	5	4315	卖盘
13:43:51	8.64	0.01	10	8640	买盘
13:43:45	8.63	-0.01	65	56095	卖盘
13:43:41	8.64	0.01	56	48384	买盘
13:43:36	8.63	--	126	108738	卖盘
13:43:30	8.63	--	8	6904	卖盘
13:43:26	8.63	-0.01	176	151888	卖盘
13:43:15	8.64	--	24	20736	买盘
13:43:11	8.64	0.01	122	105408	买盘
13:43:06	8.63	--	27	23301	卖盘
13:43:00	8.63	-0.01	3	2589	卖盘
13:42:56	8.64	--	16	13824	买盘
13:42:51	8.64	--	20	17280	买盘
13:42:45	8.64	--	2	1728	买盘
13:42:41	8.64	0.01	58	50112	买盘
13:42:36	8.63	--	1	863	卖盘
13:42:30	8.63	--	5	4315	卖盘
13:42:26	8.63	-0.01	23	19849	卖盘
13:42:21	8.64	--	4	3456	买盘
13:42:15	8.64	0.01	14	12096	买盘
13:42:10	8.63	-0.01	19	16397	卖盘
13:42:06	8.64	0.01	10	8640	买盘
13:42:00	8.63	-0.01	40	34520	卖盘
13:41:54	8.64	--	206	177984	买盘
13:41:45	8.64	0.01	20	17280	买盘
13:41:35	8.63	-0.01	2	1726	卖盘
13:41:30	8.64	--	41	35424	买盘
13:41:15	8.64	0.01	8	6912	买盘
13:41:09	8.63	-0.01	48	41424	卖盘
13:41:05	8.64	--	30	25920	买盘
13:41:00	8.64	0.01	176	152064	买盘
13:40:54	8.63	-0.01	460	396980	卖盘
13:40:50	8.64	0.01	1	864	买盘
13:40:45	8.63	--	16	13808	卖盘
13:40:39	8.63	--	48	41424	卖盘
13:40:30	8.63	-0.01	99	85437	卖盘
13:40:24	8.64	0.01	634	547776	买盘
13:40:15	8.63	--	24	20712	卖盘
13:40:09	8.63	-0.01	35	30205	卖盘
13:40:00	8.64	--	116	100224	买盘
13:39:54	8.64	0.01	59	50976	买盘
13:39:50	8.63	--	451	389213	卖盘
13:39:45	8.63	--	34	29342	卖盘
13:39:39	8.63	--	54	46602	卖盘
13:39:35	8.63	-0.01	7	6041	卖盘
13:39:30	8.64	--	44	38016	买盘
13:39:24	8.64	0.01	66	57024	买盘
13:39:20	8.63	--	5	4315	卖盘
13:39:15	8.63	0.01	110	94930	买盘
13:39:09	8.62	-0.01	3	2585	卖盘
13:39:00	8.63	0.01	103	88889	买盘
13:38:54	8.62	-0.01	54	46547	卖盘
13:38:50	8.63	--	12	10356	买盘
13:38:45	8.63	--	1	863	买盘
13:38:39	8.63	--	1	863	买盘
13:38:24	8.63	0.01	50	43150	买盘
13:38:20	8.62	--	7	6033	卖盘
13:38:15	8.62	-0.01	36	31031	卖盘
13:38:09	8.63	--	22	18986	买盘
13:38:05	8.63	0.01	2	1726	买盘
13:37:54	8.62	-0.01	11	9482	卖盘
13:37:50	8.63	--	4	3452	买盘
13:37:39	8.63	--	54	46602	买盘
13:37:35	8.63	--	2	1726	买盘
13:37:30	8.63	0.01	26	22438	买盘
13:37:24	8.62	-0.01	5	4310	卖盘
13:37:20	8.63	--	25	21575	买盘
13:37:15	8.63	--	34	29342	买盘
13:37:09	8.63	--	25	21575	买盘
13:37:05	8.63	--	25	21575	买盘
13:37:00	8.63	--	10	8630	买盘
13:36:54	8.63	--	560	483280	卖盘
13:36:50	8.63	-0.01	20	17260	卖盘
13:36:45	8.64	0.01	32	27648	买盘
13:36:39	8.63	--	66	56958	卖盘
13:36:35	8.63	-0.01	62	53506	卖盘
13:36:30	8.64	--	176	152064	买盘
13:36:24	8.64	0.01	5	4320	买盘
13:36:20	8.63	-0.01	6	5178	卖盘
13:36:09	8.64	--	49	42336	买盘
13:36:05	8.64	0.01	12	10368	买盘
13:36:00	8.63	--	380	327940	卖盘
13:35:50	8.63	--	7	6041	卖盘
13:35:39	8.63	--	29	25027	卖盘
13:35:35	8.63	-0.01	19	16397	卖盘
13:35:30	8.64	0.01	43	37152	买盘
13:35:24	8.63	-0.01	5	4315	卖盘
13:35:18	8.64	--	15	12960	买盘
13:35:03	8.64	--	25	21600	买盘
13:35:00	8.64	--	40	34560	买盘
13:34:54	8.64	--	33	28512	买盘
13:34:48	8.64	--	125	108000	买盘
13:34:39	8.64	--	105	90720	卖盘
13:34:33	8.64	--	63	54432	卖盘
13:34:29	8.64	--	1	864	卖盘
13:34:24	8.64	--	1	864	卖盘
13:34:18	8.64	--	27	23328	买盘
13:34:14	8.64	--	81	69984	买盘
13:34:09	8.64	--	65	56160	卖盘
13:34:03	8.64	--	8	6912	卖盘
13:33:59	8.64	--	73	63072	买盘
13:33:54	8.64	--	142	122688	买盘
13:33:48	8.64	--	136	117504	买盘
13:33:44	8.64	--	2	1728	买盘
13:33:39	8.64	0.01	239	206496	买盘
13:33:33	8.63	-0.01	22	18986	卖盘
13:33:29	8.64	--	76	65664	买盘
13:33:24	8.64	--	88	76032	买盘
13:33:18	8.64	0.01	81	69984	买盘
13:33:09	8.63	--	4	3452	卖盘
13:33:03	8.63	--	20	17260	卖盘
13:32:59	8.63	--	10	8630	卖盘
13:32:54	8.63	--	40	34520	卖盘
13:32:48	8.63	--	9	7767	卖盘
13:32:44	8.63	0.01	1102	951026	买盘
13:32:39	8.62	-0.01	10	8620	卖盘
13:32:33	8.63	--	11	9493	买盘
13:32:29	8.63	0.01	26	22438	买盘
13:32:24	8.62	-0.01	34	29307	卖盘
13:32:18	8.63	0.01	30	25890	买盘
13:32:14	8.62	-0.01	67	57753	卖盘
13:32:09	8.63	--	32	27616	买盘
13:32:03	8.63	0.01	24	20712	买盘
13:31:59	8.62	--	1	861	卖盘
13:31:48	8.62	--	26	22411	卖盘
13:31:39	8.62	--	5	4310	卖盘
13:31:33	8.62	-0.01	9	7757	卖盘
13:31:29	8.63	--	22	18986	买盘
13:31:24	8.63	--	8	6904	买盘
13:31:14	8.63	0.01	2	1726	买盘
13:31:09	8.62	-0.01	15	12929	卖盘
13:31:03	8.63	--	10	8630	买盘
13:30:54	8.63	--	80	69040	买盘
13:30:48	8.63	--	2	1726	买盘
13:30:44	8.63	--	30	25890	买盘
13:30:39	8.63	--	32	27616	买盘
13:30:33	8.63	--	54	46602	买盘
13:30:29	8.63	--	10	8630	买盘
13:30:24	8.63	0.01	10	8630	买盘
13:30:18	8.62	-0.01	23	19826	卖盘
13:30:14	8.63	--	2	1726	买盘
13:30:03	8.63	0.01	50	43150	买盘
13:29:59	8.62	-0.01	5	4310	卖盘
13:29:54	8.63	0.01	10	8630	买盘
13:29:48	8.62	--	10	8620	卖盘
13:29:44	8.62	-0.01	12	10343	卖盘
13:29:39	8.63	0.01	10	8630	买盘
13:29:29	8.62	-0.01	30	25859	卖盘
13:29:18	8.63	0.01	32	27616	买盘
13:29:14	8.62	--	10	8620	卖盘
13:29:09	8.62	--	33	28445	卖盘
13:29:03	8.62	-0.01	1	861	卖盘
13:28:59	8.63	--	63	54369	买盘
13:28:54	8.63	--	9	7767	买盘
13:28:48	8.63	0.01	130	112190	买盘
13:28:44	8.62	-0.01	21	18102	卖盘
13:28:33	8.63	--	67	57821	买盘
13:28:27	8.63	0.01	7	6041	买盘
13:28:18	8.62	-0.01	171	147402	卖盘
13:28:12	8.63	0.01	2	1726	买盘
13:28:09	8.62	--	23	19826	卖盘
13:28:03	8.62	-0.01	12	10343	卖盘
13:27:57	8.63	--	1	863	买盘
13:27:53	8.63	0.01	41	35383	买盘
13:27:42	8.62	--	1	861	卖盘
13:27:38	8.62	-0.01	26	22411	卖盘
13:27:33	8.63	0.01	25	21575	买盘
13:27:27	8.62	-0.01	70	60339	卖盘
13:27:23	8.63	--	226	195038	买盘
13:27:18	8.63	--	13	11219	买盘
13:27:12	8.63	--	135	116505	买盘
13:27:08	8.63	0.01	64	55232	买盘
13:27:03	8.62	-0.01	518	446515	卖盘
13:26:57	8.63	--	9	7767	买盘
13:26:53	8.63	0.01	5	4315	买盘
13:26:42	8.62	-0.01	95	81889	卖盘
13:26:27	8.63	0.01	1	863	买盘
13:26:23	8.62	--	19	16377	卖盘
13:26:12	8.62	--	60	51719	买盘
13:26:03	8.62	--	166	143092	买盘
13:25:57	8.62	--	5	4310	买盘
13:25:48	8.62	0.01	6	5171	买盘
13:25:38	8.61	-0.01	15	12915	卖盘
13:25:27	8.62	--	24	20687	买盘
13:25:23	8.62	--	81	69822	买盘
13:25:18	8.62	--	3	2585	买盘
13:25:12	8.62	--	6	5171	买盘
13:24:57	8.62	--	15	12929	买盘
13:24:53	8.62	0.01	2	1723	买盘
13:24:42	8.61	--	45	38745	卖盘
13:24:38	8.61	-0.01	3	2583	卖盘
13:24:33	8.62	--	15	12929	买盘
13:24:27	8.62	--	43	37066	买盘
13:24:18	8.62	--	124	107336	卖盘
13:24:03	8.62	--	42	36617	卖盘
13:23:53	8.62	--	8	6895	卖盘
13:23:42	8.62	--	115	99129	买盘
13:23:38	8.62	--	50	43099	买盘
13:23:27	8.62	--	3	2585	买盘
13:23:12	8.62	--	108	93095	买盘
13:23:08	8.62	--	20	17240	买盘
13:22:57	8.62	--	20	17240	买盘
13:22:53	8.62	--	37	31893	买盘
13:22:42	8.62	--	7	6033	买盘
13:22:33	8.62	--	119	102577	买盘
13:22:27	8.62	--	216	186191	买盘
13:22:23	8.62	0.01	7	6033	买盘
13:22:18	8.61	-0.01	32	27552	卖盘
13:22:12	8.62	--	2	1723	买盘
13:22:08	8.62	--	2	1723	买盘
13:22:03	8.62	--	25	21549	买盘
13:21:51	8.62	--	45	38790	买盘
13:21:47	8.62	0.01	13	11205	买盘
13:21:42	8.61	--	19	16358	卖盘
13:21:36	8.61	--	59	50799	卖盘
13:21:27	8.61	--	9	7748	卖盘
13:21:17	8.61	--	11	9471	卖盘
13:21:12	8.61	--	5	4305	卖盘
13:21:06	8.61	--	45	38745	卖盘
13:20:57	8.61	--	15	12915	卖盘
13:20:51	8.61	-0.01	42	36162	卖盘
13:20:36	8.62	0.01	52	44823	买盘
13:20:21	8.61	--	8	6888	卖盘
13:20:06	8.61	--	22	18942	卖盘
13:19:57	8.61	--	43	37023	卖盘
13:19:51	8.61	--	9	7748	卖盘
13:19:47	8.61	--	5	4305	卖盘
13:19:42	8.61	-0.01	107	92127	卖盘
13:19:36	8.62	0.01	100	86199	买盘
13:19:27	8.61	--	11	9471	卖盘
13:19:21	8.61	--	22	18942	卖盘
13:19:17	8.61	--	339	291879	卖盘
13:19:12	8.61	--	85	73185	卖盘
13:19:06	8.61	-0.01	20	17220	卖盘
13:19:02	8.62	--	12	10343	买盘
13:18:57	8.62	0.01	9	7757	买盘
13:18:51	8.61	--	133	114512	卖盘
13:18:47	8.61	--	10	8610	卖盘
13:18:42	8.61	--	20	17220	卖盘
13:18:36	8.61	--	5	4305	卖盘
13:18:27	8.61	0.01	2	1722	买盘
13:18:21	8.6	--	0	0	卖盘
13:18:12	8.6	-0.02	21	18060	卖盘
13:18:06	8.62	--	17	14653	买盘
13:18:02	8.62	0.02	15	12929	买盘
13:17:57	8.6	--	20	17200	卖盘
13:17:51	8.6	-0.01	78	67080	卖盘
13:17:42	8.61	0.01	14	12054	中性盘
13:17:36	8.6	-0.02	19	16340	卖盘
13:17:32	8.62	--	34	29307	买盘
13:17:27	8.62	--	0	0	买盘
13:17:21	8.62	0.02	314	270668	买盘
13:17:17	8.6	-0.02	7	6020	卖盘
13:17:12	8.62	--	19	16377	买盘
13:17:06	8.62	--	59	50857	买盘
13:17:02	8.62	--	25	21549	买盘
13:16:57	8.62	0.01	14	12067	买盘
13:16:51	8.61	-0.01	10	8610	卖盘
13:16:47	8.62	--	164	141368	买盘
13:16:42	8.62	--	13	11205	买盘
13:16:36	8.62	--	53	45685	买盘
13:16:32	8.62	-0.01	188	162055	卖盘
13:16:21	8.63	0.01	89	76807	买盘
13:16:17	8.62	-0.01	3	2585	卖盘
13:16:12	8.63	0.01	13	11219	买盘
13:16:06	8.62	0.01	321	276702	买盘
13:16:01	8.61	-0.01	58	49938	卖盘
13:15:57	8.62	--	15	12929	买盘
13:15:51	8.62	--	309	266358	买盘
13:15:47	8.62	--	5	4310	买盘
13:15:36	8.62	--	19	16377	买盘
13:15:30	8.62	--	101	87061	买盘
13:15:27	8.62	0.01	15	12929	买盘
13:15:21	8.61	-0.01	39	33579	卖盘
13:15:15	8.62	0.01	90	77580	买盘
13:15:12	8.61	--	10	8610	卖盘
13:15:06	8.61	--	6	5166	卖盘
13:15:00	8.61	--	59	50799	买盘
13:14:56	8.61	--	12	10332	买盘
13:14:51	8.61	--	47	40467	买盘
13:14:45	8.61	--	190	163590	买盘
13:14:36	8.61	0.02	2	1722	买盘
13:14:30	8.59	--	0	0	卖盘
13:14:26	8.59	-0.01	385	330715	卖盘
13:14:21	8.6	-0.01	21	18060	卖盘
13:14:15	8.61	0.01	72	61991	买盘
13:14:11	8.6	--	148	127280	卖盘
13:14:06	8.6	-0.01	55	47300	卖盘
13:14:00	8.61	0.01	27	23247	买盘
13:13:56	8.6	--	92	79120	买盘
13:13:51	8.6	-0.01	31	26660	卖盘
13:13:45	8.61	0.01	15	12915	买盘
13:13:41	8.6	--	197	169420	卖盘
13:13:36	8.6	--	1503	1292580	卖盘
13:13:30	8.6	--	10	8600	卖盘
13:13:26	8.6	--	10	8600	卖盘
13:13:21	8.6	0.01	596	512560	买盘
13:13:15	8.59	-0.01	94	80746	卖盘
13:13:11	8.6	--	10	8600	买盘
13:13:00	8.6	--	9	7740	买盘
13:12:51	8.6	0.01	60	51600	买盘
13:12:41	8.59	--	10	8590	卖盘
13:12:36	8.59	--	6	5154	卖盘
13:12:30	8.59	--	13	11167	卖盘
13:12:26	8.59	--	5	4295	卖盘
13:12:15	8.59	-0.01	22	18898	卖盘
13:12:11	8.6	0.01	3	2580	买盘
13:12:06	8.59	--	5	4295	卖盘
13:12:00	8.59	--	142	121978	卖盘
13:11:51	8.59	-0.01	1	859	卖盘
13:11:45	8.6	--	21	18060	买盘
13:11:41	8.6	--	1	860	买盘
13:11:30	8.6	--	36	30960	买盘
13:11:15	8.6	--	22	18920	买盘
13:11:11	8.6	--	467	401620	卖盘
13:11:06	8.6	--	70	60200	卖盘
13:11:00	8.6	--	68	58480	卖盘
13:10:56	8.6	--	22	18920	卖盘
13:10:51	8.6	--	40	34400	卖盘
13:10:45	8.6	--	132	113520	卖盘
13:10:41	8.6	--	202	173720	卖盘
13:10:30	8.6	--	30	25800	卖盘
13:10:26	8.6	--	222	190920	卖盘
13:10:21	8.6	--	3	2580	卖盘
13:10:15	8.6	--	5	4300	卖盘
13:10:10	8.6	--	119	102340	卖盘
13:10:06	8.6	--	41	35260	卖盘
13:10:00	8.6	--	43	36980	卖盘
13:09:56	8.6	-0.01	51	43860	卖盘
13:09:51	8.61	0.01	5	4305	买盘
13:09:45	8.6	-0.01	300	258000	卖盘
13:09:41	8.61	0.01	201	173061	买盘
13:09:30	8.6	-0.01	112	96320	卖盘
13:09:26	8.61	--	84	72324	卖盘
13:09:21	8.61	--	9	7748	卖盘
13:09:15	8.61	--	5	4305	卖盘
13:09:10	8.61	--	10	8610	卖盘
13:09:00	8.61	--	230	198030	卖盘
13:08:56	8.61	--	3	2583	卖盘
13:08:51	8.61	--	102	87822	卖盘
13:08:39	8.61	--	30	25830	卖盘
13:08:36	8.61	--	4	3444	卖盘
13:08:30	8.61	--	5	4305	卖盘
13:08:24	8.61	-0.01	16	13776	卖盘
13:08:21	8.62	--	1	861	买盘
13:08:15	8.62	--	1	861	买盘
13:08:09	8.62	0.01	29	24997	买盘
13:08:00	8.61	--	49	42189	卖盘
13:07:54	8.61	-0.01	2	1722	卖盘
13:07:50	8.62	--	6	5171	买盘
13:07:45	8.62	0.01	52	44823	买盘
13:07:39	8.61	-0.01	207	178227	卖盘
13:07:30	8.62	0.01	1	861	买盘
13:07:24	8.61	-0.01	7	6027	卖盘
13:07:09	8.62	0.01	20	17240	买盘
13:07:05	8.61	--	14	12054	卖盘
13:07:00	8.61	-0.01	10	8610	卖盘
13:06:45	8.62	0.01	116	99991	买盘
13:06:39	8.61	--	4	3444	卖盘
13:06:35	8.61	-0.01	7	6027	卖盘
13:06:30	8.62	0.01	52	44823	买盘
13:06:24	8.61	--	31	26691	卖盘
13:06:20	8.61	--	10	8610	卖盘
13:06:15	8.61	--	60	51660	卖盘
13:06:00	8.61	--	22	18942	卖盘
13:05:54	8.61	-0.01	6	5166	卖盘
13:05:45	8.62	0.01	7	6033	买盘
13:05:39	8.61	-0.01	1	861	卖盘
13:05:35	8.62	--	23	19826	买盘
13:05:24	8.62	-0.01	440	379279	卖盘
13:05:20	8.63	0.01	56	48328	买盘
13:05:00	8.62	--	4	3447	卖盘
13:04:54	8.62	-0.01	40	34480	卖盘
13:04:50	8.63	0.01	6	5178	买盘
13:04:39	8.62	--	23	19826	卖盘
13:04:30	8.62	-0.01	15	12929	卖盘
13:04:20	8.63	--	4	3452	买盘
13:04:15	8.63	--	1	863	买盘
13:04:09	8.63	--	65	56095	买盘
13:04:00	8.63	0.01	7	6041	买盘
13:03:54	8.62	-0.02	5	4310	卖盘
13:03:50	8.64	0.01	150	129600	买盘
13:03:45	8.63	--	41	35383	买盘
13:03:35	8.63	--	50	43150	买盘
13:03:24	8.63	--	22	18986	买盘
13:03:20	8.63	--	66	56958	卖盘
13:03:15	8.63	--	11	9493	买盘
13:03:09	8.63	--	105	90615	卖盘
13:02:54	8.63	--	52	44876	卖盘
13:02:49	8.63	--	14	12082	卖盘
13:02:45	8.63	--	3	2589	卖盘
13:02:35	8.63	0.01	45	38835	买盘
13:02:30	8.62	-0.01	11	9482	卖盘
13:02:19	8.63	0.01	51	44013	中性盘
13:02:15	8.62	-0.02	92	79304	卖盘
13:02:09	8.64	0.01	6	5184	买盘
13:02:05	8.63	-0.01	35	30205	卖盘
13:02:00	8.64	--	26	22464	卖盘
13:01:54	8.64	0.01	13	11232	买盘
13:01:48	8.63	-0.01	129	111327	卖盘
13:01:39	8.64	0.01	13	11232	买盘
13:01:33	8.63	-0.01	11	9493	卖盘
13:01:30	8.64	0.01	53	45792	买盘
13:01:18	8.63	0.01	30	25890	买盘
13:01:09	8.62	-0.01	10	8620	卖盘
13:01:03	8.63	--	7	6041	买盘
13:00:54	8.63	--	80	69040	卖盘
13:00:39	8.63	--	10	8630	卖盘
13:00:33	8.63	-0.01	1	863	卖盘
13:00:24	8.64	--	46	39744	买盘
13:00:09	8.64	--	129	111456	买盘
13:00:03	8.64	--	1121	968544	卖盘
11:30:00	8.64	--	0	0	卖盘
11:30:00	8.64	--	0	0	卖盘
11:29:59	8.64	-0.01	93	80352	卖盘
11:29:55	8.65	0.01	100	86500	买盘
11:29:51	8.64	-0.01	35	30240	卖盘
11:29:44	8.65	--	95	82175	买盘
11:29:40	8.65	--	10	8650	买盘
11:29:35	8.65	--	212	183380	买盘
11:29:30	8.65	0.01	3	2595	买盘
11:29:20	8.64	--	1	864	卖盘
11:29:15	8.64	--	123	106272	中性盘
11:29:11	8.64	--	11	9504	卖盘
11:29:06	8.64	--	20	17280	卖盘
11:29:00	8.64	0.01	548	473472	中性盘
11:28:56	8.63	-0.02	73	62999	卖盘
11:28:51	8.65	0.01	22	19030	买盘
11:28:44	8.64	0.01	34	29376	中性盘
11:28:41	8.63	-0.02	3	2589	卖盘
11:28:35	8.65	0.03	243	210195	买盘
11:28:30	8.62	-0.01	27	23273	卖盘
11:28:26	8.63	--	21	18123	买盘
11:28:21	8.63	0.01	80	69040	买盘
11:28:14	8.62	--	44	37928	卖盘
11:28:10	8.62	--	24	20687	买盘
11:28:06	8.62	--	37	31893	买盘
11:28:00	8.62	0.01	151	130161	买盘
11:27:51	8.61	--	5	4305	卖盘
11:27:40	8.61	--	3	2583	卖盘
11:27:35	8.61	0.01	45	38745	买盘
11:27:29	8.6	-0.01	130	111800	卖盘
11:27:25	8.61	0.01	110	94710	买盘
11:27:14	8.6	--	19	16340	卖盘
11:27:10	8.6	--	2079	1787940	买盘
11:27:05	8.6	0.01	30	25800	买盘
11:26:59	8.59	--	136	116824	卖盘
11:26:55	8.59	--	1	859	卖盘
11:26:44	8.59	--	20	17180	卖盘
11:26:40	8.59	0.01	162	139158	买盘
11:26:35	8.58	--	6	5148	卖盘
11:26:30	8.58	--	19	16302	卖盘
11:26:25	8.58	--	484	415272	卖盘
11:26:20	8.58	-0.01	26	22308	卖盘
11:26:15	8.59	--	19	16321	买盘
11:26:10	8.59	--	102	87618	买盘
11:26:05	8.59	0.01	16	13744	买盘
11:26:00	8.58	--	25	21450	卖盘
11:25:55	8.58	--	70	60060	卖盘
11:25:50	8.58	-0.01	46	39468	卖盘
11:25:44	8.59	--	51	43809	买盘
11:25:39	8.59	--	28	24052	买盘
11:25:35	8.59	--	35	30065	买盘
11:25:29	8.59	0.01	51	43809	买盘
11:25:24	8.58	-0.01	1584	1359072	卖盘
11:25:20	8.59	--	17	14603	买盘
11:25:15	8.59	--	4	3436	买盘
11:25:09	8.59	--	47	40373	买盘
11:24:59	8.59	--	29	24911	买盘
11:24:54	8.59	0.01	45	38655	买盘
11:24:50	8.58	--	20	17160	卖盘
11:24:44	8.58	--	26	22308	卖盘
11:24:29	8.58	--	30	25740	卖盘
11:24:24	8.58	-0.01	10	8580	卖盘
11:24:15	8.59	0.01	10	8590	买盘
11:24:09	8.58	--	1	858	卖盘
11:24:05	8.58	--	38	32604	卖盘
11:24:00	8.58	--	10	8580	卖盘
11:23:49	8.58	--	65	55770	卖盘
11:23:44	8.58	--	18	15444	卖盘
11:23:38	8.58	-0.01	5	4290	卖盘
11:23:35	8.59	--	1	859	买盘
11:23:30	8.59	--	35	30065	买盘
11:23:24	8.59	0.01	9	7731	买盘
11:23:20	8.58	--	10	8580	卖盘
11:23:08	8.58	-0.01	98	84084	卖盘
11:23:05	8.59	--	13	11167	买盘
11:22:54	8.59	--	30	25770	买盘
11:22:45	8.59	0.01	10	8590	买盘
11:22:38	8.58	--	231	198198	卖盘
11:22:35	8.58	-0.01	3	2574	卖盘
11:22:30	8.59	--	10	8590	买盘
11:22:24	8.59	--	21	18039	买盘
11:22:14	8.59	--	16	13744	买盘
11:22:09	8.59	--	58	49822	买盘
11:22:04	8.59	--	35	30065	买盘
11:21:59	8.59	--	5	4295	买盘
11:21:54	8.59	--	11	9449	买盘
11:21:50	8.59	--	471	404589	卖盘
11:21:39	8.59	--	1	859	卖盘
11:21:35	8.59	--	10	8590	卖盘
11:21:30	8.59	--	50	42950	卖盘
11:21:24	8.59	--	20	17180	卖盘
11:21:19	8.59	--	66	56694	卖盘
11:21:14	8.59	-0.01	4	3436	卖盘
11:21:09	8.6	--	17	14620	买盘
11:21:00	8.6	--	10	8600	买盘
11:20:49	8.6	--	26	22360	买盘
11:20:45	8.6	--	522	448920	买盘
11:20:34	8.6	0.01	5	4300	买盘
11:20:30	8.59	-0.01	22	18898	卖盘
11:20:23	8.6	0.01	8	6880	买盘
11:20:19	8.59	-0.01	2	1718	卖盘
11:20:08	8.6	0.01	42	36120	买盘
11:20:04	8.59	--	18	15462	卖盘
11:19:59	8.59	-0.01	33	28347	卖盘
11:19:53	8.6	0.01	22	18920	买盘
11:19:49	8.59	--	19	16321	卖盘
11:19:39	8.59	--	3	2577	卖盘
11:19:34	8.59	--	83	71297	买盘
11:19:29	8.59	--	20	17180	买盘
11:19:24	8.59	--	1	859	买盘
11:19:19	8.59	--	73	62707	买盘
11:19:14	8.59	--	9	7731	买盘
11:19:09	8.59	0.01	15	12885	买盘
11:19:03	8.58	-0.01	30	25740	卖盘
11:18:53	8.59	--	94	80746	买盘
11:18:48	8.59	0.01	7	6013	买盘
11:18:44	8.58	--	165	141570	卖盘
11:18:39	8.58	-0.01	142	121836	卖盘
11:18:32	8.59	--	1	859	买盘
11:18:24	8.59	--	76	65284	买盘
11:18:18	8.59	--	58	49822	买盘
11:18:03	8.59	--	14	12026	买盘
11:17:54	8.59	--	24	20616	买盘
11:17:48	8.59	--	43	36937	买盘
11:17:44	8.59	0.01	189	162351	买盘
11:17:39	8.58	-0.01	3	2574	卖盘
11:17:33	8.59	--	33	28347	买盘
11:17:29	8.59	--	12	10308	买盘
11:17:24	8.59	--	205	176095	买盘
11:17:18	8.59	--	28	24052	买盘
11:17:13	8.59	--	10	8590	买盘
11:17:03	8.59	0.01	12	10308	买盘
11:16:59	8.58	--	10	8580	卖盘
11:16:53	8.58	--	150	128700	卖盘
11:16:48	8.58	--	2	1716	卖盘
11:16:44	8.58	--	1	858	卖盘
11:16:39	8.58	--	146	125268	卖盘
11:16:33	8.58	-0.01	60	51480	卖盘
11:16:29	8.59	--	5	4295	买盘
11:16:24	8.59	0.01	123	105657	买盘
11:16:18	8.58	-0.01	36	30888	卖盘
11:16:13	8.59	--	4	3436	买盘
11:16:09	8.59	--	1	859	买盘
11:16:02	8.59	0.01	14	12026	买盘
11:15:59	8.58	-0.01	254	217932	卖盘
11:15:54	8.59	0.01	307	263713	买盘
11:15:48	8.58	-0.01	6	5148	卖盘
11:15:44	8.59	--	43	36937	买盘
11:15:38	8.59	--	1	859	买盘
11:15:33	8.59	--	54	46386	买盘
11:15:28	8.59	0.01	1	859	买盘
11:15:23	8.58	--	116	99528	卖盘
11:15:18	8.58	--	64	54912	卖盘
11:15:09	8.58	--	41	35178	买盘
11:15:03	8.58	--	35	30030	买盘
11:14:59	8.58	0.01	1	858	买盘
11:14:53	8.57	-0.01	59	50563	卖盘
11:14:47	8.58	--	35	30030	买盘
11:14:44	8.58	--	206	176748	买盘
11:14:39	8.58	0.01	44	37752	买盘
11:14:33	8.57	-0.01	40	34280	卖盘
11:14:29	8.58	--	10	8580	买盘
11:14:24	8.58	0.01	274	235092	买盘
11:14:13	8.57	-0.01	6	5142	卖盘
11:14:09	8.58	0.02	238	204204	买盘
11:14:03	8.56	--	26	22256	卖盘
11:13:58	8.56	--	278	237968	买盘
11:13:53	8.56	--	47	40232	买盘
11:13:47	8.56	--	14	11984	买盘
11:13:43	8.56	--	50	42800	买盘
11:13:38	8.56	0.01	86	73616	买盘
11:13:33	8.55	--	10	8550	卖盘
11:13:23	8.55	-0.01	16	13680	卖盘
11:13:18	8.56	0.01	132	112992	买盘
11:13:13	8.55	--	11	9405	买盘
11:13:08	8.55	--	15	12825	买盘
11:13:02	8.55	0.01	34	29070	卖盘
11:12:58	8.54	-0.01	57	48677	卖盘
11:12:53	8.55	--	63	53865	买盘
11:12:48	8.55	--	53	45315	买盘
11:12:43	8.55	--	132	112860	买盘
11:12:33	8.55	0.01	295	252225	买盘
11:12:28	8.54	--	109	93085	卖盘
11:12:23	8.54	--	65	55509	卖盘
11:12:17	8.54	-0.01	63	53801	卖盘
11:12:12	8.55	0.01	60	51300	买盘
11:12:08	8.54	--	11	9393	卖盘
11:12:02	8.54	--	94	80275	卖盘
11:11:57	8.54	--	27	23057	卖盘
11:11:48	8.54	--	184	157135	卖盘
11:11:41	8.54	--	75	64135	买盘
11:11:38	8.54	0.01	84	71736	买盘
11:11:33	8.53	-0.01	75	63974	卖盘
11:11:27	8.54	--	119	101625	买盘
11:11:23	8.54	--	65	55509	买盘
11:11:17	8.54	-0.01	523	446641	卖盘
11:11:12	8.55	--	193	165015	卖盘
11:11:08	8.55	--	66	56430	卖盘
11:11:02	8.55	0.01	129	110295	买盘
11:10:57	8.54	-0.01	149	127245	卖盘
11:10:53	8.55	--	20	17100	买盘
11:10:47	8.55	--	417	356535	卖盘
11:10:41	8.55	-0.01	483	412965	卖盘
11:10:38	8.56	--	64	54784	买盘
11:10:32	8.56	0.01	73	62488	买盘
11:10:26	8.55	--	143	122265	卖盘
11:10:23	8.55	-0.01	60	51300	卖盘
11:10:17	8.56	0.01	26	22256	买盘
11:10:12	8.55	--	126	107730	卖盘
11:10:08	8.55	-0.01	96	82080	卖盘
11:10:03	8.56	--	545	466520	买盘
11:09:56	8.56	0.01	164	140384	买盘
11:09:53	8.55	--	9	7695	卖盘
11:09:48	8.55	--	517	442035	卖盘
11:09:41	8.55	--	92	78660	卖盘
11:09:38	8.55	-0.01	26	22230	卖盘
11:09:33	8.56	0.01	21	17976	买盘
11:09:26	8.55	-0.01	36	30780	卖盘
11:09:22	8.56	--	98	83888	卖盘
11:09:17	8.56	--	1101	942456	买盘
11:09:11	8.56	--	206	176336	卖盘
11:09:08	8.56	-0.01	46	39376	卖盘
11:09:02	8.57	0.01	40	34280	买盘
11:08:57	8.56	--	715	612040	卖盘
11:08:53	8.56	--	6	5136	卖盘
11:08:48	8.56	-0.01	46	39376	卖盘
11:08:41	8.57	--	152	130264	买盘
11:08:38	8.57	--	1	857	买盘
11:08:33	8.57	--	42	35994	买盘
11:08:27	8.57	--	150	128550	卖盘
11:08:23	8.57	--	130	111410	卖盘
11:08:18	8.57	--	148	126836	卖盘
11:08:12	8.57	--	361	309377	卖盘
11:08:08	8.57	--	52	44564	卖盘
11:08:03	8.57	--	88	75416	卖盘
11:07:57	8.57	--	51	43707	卖盘
11:07:53	8.57	--	106	90842	卖盘
11:07:48	8.57	--	336	287952	卖盘
11:07:41	8.57	-0.01	67	57419	卖盘
11:07:37	8.58	0.01	31	26598	买盘
11:07:33	8.57	--	17	14569	卖盘
11:07:27	8.57	-0.01	39	33423	卖盘
11:07:18	8.58	--	40	34320	买盘
11:07:12	8.58	0.01	5	4290	买盘
11:07:07	8.57	-0.01	44	37708	卖盘
11:07:03	8.58	--	300	257400	卖盘
11:06:56	8.58	--	285	244530	卖盘
11:06:52	8.58	--	81	69498	卖盘
11:06:47	8.58	--	25	21450	卖盘
11:06:42	8.58	-0.01	169	145002	卖盘
11:06:37	8.59	0.01	42	36078	买盘
11:06:32	8.58	--	100	85800	卖盘
11:06:27	8.58	-0.01	20	17160	卖盘
11:06:22	8.59	--	47	40373	买盘
11:06:17	8.59	--	2	1718	买盘
11:06:11	8.59	--	13	11167	买盘
11:06:07	8.59	--	79	67861	卖盘
11:06:02	8.59	--	9	7731	卖盘
11:05:56	8.59	--	8	6872	卖盘
11:05:52	8.59	--	22	18898	买盘
11:05:47	8.59	0.01	78	67002	买盘
11:05:41	8.58	-0.01	704	604032	卖盘
11:05:35	8.59	--	22	18898	卖盘
11:05:32	8.59	--	3	2577	卖盘
11:05:27	8.59	-0.01	34	29206	卖盘
11:05:20	8.6	0.01	21	18060	买盘
11:05:17	8.59	--	4	3436	卖盘
11:05:11	8.59	--	23	19757	卖盘
11:05:05	8.59	--	212	182108	卖盘
11:05:02	8.59	--	301	258567	买盘
11:04:56	8.59	--	91	78169	买盘
11:04:51	8.59	--	37	31783	买盘
11:04:47	8.59	0.01	2	1718	买盘
11:04:41	8.58	-0.01	12	10296	卖盘
11:04:35	8.59	0.01	5	4295	买盘
11:04:32	8.58	-0.01	31	26598	卖盘
11:04:27	8.59	0.01	94	80746	买盘
11:04:21	8.58	--	27	23166	卖盘
11:04:17	8.58	-0.01	40	34320	卖盘
11:04:12	8.59	0.01	66	56694	买盘
11:04:05	8.58	--	128	109824	卖盘
11:03:56	8.58	--	181	155298	卖盘
11:03:47	8.58	--	28	24024	卖盘
11:03:41	8.58	-0.01	20	17160	卖盘
11:03:36	8.59	0.01	30	25770	买盘
11:03:27	8.58	--	21	18018	卖盘
11:03:20	8.58	-0.01	46	39468	卖盘
11:03:12	8.59	0.02	108	92772	买盘
11:03:06	8.57	-0.01	103	88271	卖盘
11:03:02	8.58	--	108	92664	卖盘
11:02:57	8.58	--	43	36894	买盘
11:02:51	8.58	0.01	136	116688	买盘
11:02:47	8.57	--	42	35994	卖盘
11:02:42	8.57	--	112	95984	卖盘
11:02:35	8.57	-0.01	132	113124	卖盘
11:02:31	8.58	--	125	107250	买盘
11:02:26	8.58	0.01	73	62634	买盘
11:02:20	8.57	-0.01	30	25710	卖盘
11:02:17	8.58	--	6	5148	买盘
11:02:12	8.58	0.01	105	90090	买盘
11:02:05	8.57	-0.01	74	63418	卖盘
11:02:02	8.58	-0.01	30	25740	中性盘
11:01:57	8.59	--	821	705239	买盘
11:01:51	8.59	--	74	63566	买盘
11:01:41	8.59	0.01	64	54976	买盘
11:01:35	8.58	-0.01	87	74646	卖盘
11:01:32	8.59	0.02	12	10308	买盘
11:01:26	8.57	--	42	35994	卖盘
11:01:20	8.57	-0.01	164	140548	卖盘
11:01:17	8.58	--	317	271986	卖盘
11:01:11	8.58	--	122	104676	买盘
11:01:05	8.58	--	117	100386	买盘
11:01:02	8.58	--	75	64350	买盘
11:00:56	8.58	--	126	108108	买盘
11:00:50	8.58	--	104	89232	买盘
11:00:46	8.58	0.01	25	21450	买盘
11:00:41	8.57	--	231	197967	卖盘
11:00:35	8.57	--	123	105411	卖盘
11:00:31	8.57	-0.01	135	115695	卖盘
11:00:27	8.58	--	23	19734	买盘
11:00:21	8.58	0.01	22	18876	买盘
11:00:16	8.57	--	23	19711	卖盘
11:00:11	8.57	--	22	18854	卖盘
11:00:06	8.57	--	43	36851	卖盘
11:00:01	8.57	--	129	110553	买盘
10:59:56	8.57	0.01	17	14569	买盘
10:59:51	8.56	-0.01	248	212288	卖盘
10:59:46	8.57	--	52	44564	买盘
10:59:41	8.57	--	39	33423	买盘
10:59:35	8.57	--	146	125122	买盘
10:59:31	8.57	0.01	216	185112	中性盘
10:59:26	8.56	--	152	130112	卖盘
10:59:21	8.56	-0.01	198	169488	卖盘
10:59:14	8.57	--	329	281953	买盘
10:59:11	8.57	--	82	70274	买盘
10:59:05	8.57	-0.01	53	45421	买盘
10:58:59	8.58	0.01	106	90948	买盘
10:58:56	8.57	--	100	85700	卖盘
10:58:50	8.57	--	305	261385	卖盘
10:58:44	8.57	--	21	17997	卖盘
10:58:41	8.57	-0.01	445	381365	卖盘
10:58:36	8.58	--	12	10296	买盘
10:58:29	8.58	--	773	663234	卖盘
10:58:26	8.58	--	119	102102	卖盘
10:58:21	8.58	--	567	486486	卖盘
10:58:14	8.58	-0.01	160	137280	卖盘
10:58:11	8.59	0.01	48	41232	买盘
10:58:05	8.58	-0.01	54	46332	卖盘
10:57:59	8.59	--	45	38655	买盘
10:57:56	8.59	0.01	10	8590	买盘
10:57:51	8.58	-0.01	754	646932	卖盘
10:57:45	8.59	-0.01	170	146030	卖盘
10:57:41	8.6	--	89	76540	买盘
10:57:36	8.6	-0.02	3123	2685780	卖盘
10:57:29	8.62	--	9	7757	卖盘
10:57:26	8.62	-0.01	113	97405	卖盘
10:57:20	8.63	--	35	30205	卖盘
10:57:14	8.63	0.01	252	217476	买盘
10:57:10	8.62	-0.01	728	627536	卖盘
10:57:06	8.63	--	20	17260	买盘
10:57:00	8.63	--	118	101834	卖盘
10:56:55	8.63	--	26	22438	卖盘
10:56:51	8.63	--	138	119094	卖盘
10:56:44	8.63	--	111	95793	卖盘
10:56:41	8.63	--	125	107875	卖盘
10:56:35	8.63	-0.01	35	30205	卖盘
10:56:29	8.64	--	216	186624	买盘
10:56:26	8.64	0.01	139	120096	买盘
10:56:21	8.63	--	91	78533	卖盘
10:56:15	8.63	--	40	34520	卖盘
10:56:10	8.63	-0.01	35	30205	卖盘
10:56:05	8.64	--	75	64800	买盘
10:55:59	8.64	0.01	42	36288	买盘
10:55:56	8.63	--	30	25890	卖盘
10:55:50	8.63	--	2	1726	卖盘
10:55:45	8.63	-0.01	6	5178	卖盘
10:55:35	8.64	--	26	22464	卖盘
10:55:29	8.64	--	37	31968	卖盘
10:55:26	8.64	--	123	106272	卖盘
10:55:20	8.64	0.01	66	57024	买盘
10:55:14	8.63	-0.01	55	47465	卖盘
10:55:10	8.64	-0.01	11	9504	卖盘
10:55:05	8.65	--	8	6920	买盘
10:54:59	8.65	0.02	52	44980	买盘
10:54:56	8.63	-0.01	90	77670	卖盘
10:54:51	8.64	--	80	69120	卖盘
10:54:44	8.64	-0.01	18	15552	卖盘
10:54:41	8.65	--	28	24220	买盘
10:54:36	8.65	--	55	47575	买盘
10:54:29	8.65	0.01	27	23355	买盘
10:54:20	8.64	--	54	46656	卖盘
10:54:10	8.64	-0.01	39	33696	卖盘
10:54:05	8.65	--	119	102935	买盘
10:53:59	8.65	0.01	81	70065	买盘
10:53:55	8.64	-0.01	142	122688	卖盘
10:53:50	8.65	0.01	30	25950	买盘
10:53:45	8.64	-0.01	40	34560	卖盘
10:53:40	8.65	--	75	64875	买盘
10:53:35	8.65	0.01	70	60550	买盘
10:53:30	8.64	--	65	56160	卖盘
10:53:25	8.64	-0.01	2	1728	卖盘
10:53:14	8.65	0.01	24	20760	买盘
10:53:10	8.64	--	96	82944	卖盘
10:53:05	8.64	--	36	31104	卖盘
10:53:00	8.64	--	120	103680	卖盘
10:52:55	8.64	-0.01	5	4320	卖盘
10:52:44	8.65	--	10	8650	买盘
10:52:40	8.65	--	115	99475	买盘
10:52:35	8.65	--	10	8650	买盘
10:52:29	8.65	0.01	209	180785	买盘
10:52:23	8.64	--	22	19008	卖盘
10:52:20	8.64	--	13	11232	卖盘
10:52:14	8.64	--	79	68256	卖盘
10:52:09	8.64	--	52	44928	卖盘
10:52:05	8.64	--	22	19008	卖盘
10:52:00	8.64	--	1	864	卖盘
10:51:53	8.64	--	399	344736	买盘
10:51:50	8.64	--	1	864	买盘
10:51:44	8.64	--	200	173594	卖盘
10:51:38	8.64	--	72	62208	卖盘
10:51:35	8.64	--	5	4320	卖盘
10:51:29	8.64	-0.01	91	78796	卖盘
10:51:24	8.65	0.01	68	58820	买盘
10:51:20	8.64	--	10	8640	卖盘
10:51:15	8.64	--	18	16312	卖盘
10:51:09	8.64	--	279	241056	卖盘
10:51:05	8.64	-0.01	310	267840	卖盘
10:50:59	8.65	0.01	25	21625	买盘
10:50:54	8.64	--	201	173664	卖盘
10:50:50	8.64	--	16	13824	卖盘
10:50:44	8.64	-0.01	2	1728	卖盘
10:50:34	8.65	0.01	50	43250	买盘
10:50:30	8.64	-0.01	134	115776	卖盘
10:50:24	8.65	--	259	224035	买盘
10:50:14	8.65	--	68	58820	买盘
10:50:09	8.65	0.01	3	2595	买盘
10:50:04	8.64	-0.01	6	5184	卖盘
10:49:59	8.65	--	232	200680	买盘
10:49:49	8.65	--	34	29410	买盘
10:49:44	8.65	0.01	13	11245	买盘
10:49:35	8.64	-0.01	4	3456	卖盘
10:49:29	8.65	--	31	26815	买盘
10:49:24	8.65	--	176	152240	买盘
10:49:20	8.65	0.01	103	89095	买盘
10:49:14	8.64	-0.01	10	8640	卖盘
10:49:09	8.65	0.01	8	6920	买盘
10:49:05	8.64	-0.01	24	20736	卖盘
10:49:00	8.65	0.01	104	89960	买盘
10:48:54	8.64	-0.01	25	21600	卖盘
10:48:45	8.65	0.01	54	46710	买盘
10:48:39	8.64	-0.01	239	206496	卖盘
10:48:29	8.65	--	29	25085	买盘
10:48:24	8.65	0.01	76	65740	买盘
10:48:20	8.64	-0.01	20	17280	卖盘
10:48:14	8.65	0.01	11	9515	买盘
10:48:09	8.64	--	264	228096	买盘
10:47:59	8.64	--	111	95904	卖盘
10:47:53	8.64	--	77	66528	卖盘
10:47:50	8.64	-0.01	1	864	卖盘
10:47:45	8.65	0.01	120	103800	买盘
10:47:38	8.64	--	43	37152	卖盘
10:47:34	8.64	--	38	32832	卖盘
10:47:29	8.64	--	135	116640	卖盘
10:47:23	8.64	--	25	21600	卖盘
10:47:19	8.64	--	16	13824	卖盘
10:47:14	8.64	--	30	25920	卖盘
10:47:08	8.64	0.01	45	38880	买盘
10:47:04	8.63	--	13	11219	卖盘
10:46:53	8.63	-0.01	272	234736	卖盘
10:46:49	8.64	-0.01	1	864	中性盘
10:46:44	8.65	0.01	70	60550	买盘
10:46:39	8.64	--	2	1728	买盘
10:46:34	8.64	--	162	139968	卖盘
10:46:29	8.64	--	4	3456	卖盘
10:46:23	8.64	-0.01	20	17280	卖盘
10:46:19	8.65	0.01	90	77850	买盘
10:46:14	8.64	-0.01	130	112320	卖盘
10:46:08	8.65	--	43	37195	买盘
10:46:04	8.65	--	135	116775	买盘
10:45:59	8.65	--	12	10380	买盘
10:45:53	8.65	-0.01	32	27680	卖盘
10:45:48	8.66	0.01	58	50228	买盘
10:45:44	8.65	--	37	32005	卖盘
10:45:38	8.65	--	129	111585	买盘
10:45:33	8.65	--	37	32005	买盘
10:45:29	8.65	0.01	190	164350	买盘
10:45:23	8.64	-0.01	103	88992	卖盘
10:45:17	8.65	0.01	45	38925	买盘
10:45:14	8.64	-0.01	50	43200	卖盘
10:45:08	8.65	--	186	160890	卖盘
10:45:03	8.65	--	333	288045	买盘
10:44:59	8.65	--	19	16435	买盘
10:44:53	8.65	--	208	179920	买盘
10:44:48	8.65	--	715	618475	卖盘
10:44:44	8.65	-0.01	217	187705	卖盘
10:44:38	8.66	--	238	206108	买盘
10:44:33	8.66	--	295	255470	卖盘
10:44:29	8.66	--	167	144622	卖盘
10:44:23	8.66	--	102	88332	卖盘
10:44:17	8.66	--	127	109982	卖盘
10:44:13	8.66	-0.01	9	7794	卖盘
10:44:08	8.67	--	59	51153	买盘
10:43:58	8.67	--	48	41616	买盘
10:43:54	8.67	0.01	106	91902	买盘
10:43:47	8.66	-0.01	207	179262	卖盘
10:43:38	8.67	0.02	147	127449	买盘
10:43:33	8.65	-0.01	148	128020	卖盘
10:43:28	8.66	-0.01	244	211304	卖盘
10:43:23	8.67	--	73	63291	买盘
10:43:17	8.67	0.01	23	19941	买盘
10:43:13	8.66	--	20	17320	卖盘
10:43:08	8.66	--	25	21650	卖盘
10:43:02	8.66	--	19	16454	买盘
10:42:58	8.66	--	12	10392	买盘
10:42:54	8.66	--	28	24248	卖盘
10:42:47	8.66	-0.01	181	156746	卖盘
10:42:43	8.67	--	49	42483	买盘
10:42:38	8.67	--	90	78030	买盘
10:42:32	8.67	--	0	0	买盘
10:42:29	8.67	0.02	32	27744	买盘
10:42:23	8.65	-0.01	146	126290	卖盘
10:42:17	8.66	0.01	134	116044	买盘
10:42:13	8.65	-0.01	10	8650	卖盘
10:42:08	8.66	--	67	58022	买盘
10:42:03	8.66	0.01	31	26846	买盘
10:41:59	8.65	--	54	46710	卖盘
10:41:53	8.65	--	48	41520	卖盘
10:41:47	8.65	--	80	69200	卖盘
10:41:44	8.65	--	4	3460	卖盘
10:41:38	8.65	--	324	280260	买盘
10:41:32	8.65	--	454	392710	买盘
10:41:28	8.65	0.01	174	150510	买盘
10:41:23	8.64	-0.01	4	3456	卖盘
10:41:17	8.65	0.01	144	124560	买盘
10:41:14	8.64	-0.01	20	17280	卖盘
10:41:08	8.65	0.01	12	10380	买盘
10:41:02	8.64	--	14	12096	卖盘
10:40:58	8.64	0.01	59	50984	买盘
10:40:53	8.63	--	108	93204	卖盘
10:40:47	8.63	--	455	392665	卖盘
10:40:38	8.63	-0.01	50	43150	卖盘
10:40:32	8.64	0.01	16	13824	买盘
10:40:28	8.63	-0.01	41	35383	卖盘
10:40:17	8.64	--	50	43200	买盘
10:40:13	8.64	--	1	864	买盘
10:40:02	8.64	--	142	122688	买盘
10:39:58	8.64	0.01	10	8640	买盘
10:39:53	8.63	-0.01	10	8630	卖盘
10:39:47	8.64	0.01	45	38880	买盘
10:39:43	8.63	--	98	84574	卖盘
10:39:38	8.63	--	10	8630	卖盘
10:39:26	8.63	-0.01	115	99245	卖盘
10:39:23	8.64	--	41	35424	买盘
10:39:17	8.64	0.01	47	40608	买盘
10:39:11	8.63	-0.01	46	39698	卖盘
10:39:08	8.64	0.01	13	11232	买盘
10:39:02	8.63	--	13	11219	卖盘
10:38:56	8.63	-0.01	99	85437	卖盘
10:38:53	8.64	0.01	64	55296	买盘
10:38:47	8.63	--	17	14671	卖盘
10:38:41	8.63	-0.01	25	21575	卖盘
10:38:38	8.64	0.01	6	5184	买盘
10:38:32	8.63	--	52	44876	卖盘
10:38:26	8.63	--	101	87163	卖盘
10:38:17	8.63	--	205	176915	卖盘
10:38:11	8.63	0.01	831	717153	买盘
10:38:08	8.62	--	10	8620	卖盘
10:38:02	8.62	-0.01	169	145678	卖盘
10:37:56	8.63	--	20	17260	买盘
10:37:53	8.63	0.01	30	25890	买盘
10:37:47	8.62	-0.01	169	145678	卖盘
10:37:41	8.63	0.01	66	56958	卖盘
10:37:37	8.62	-0.01	81	69822	卖盘
10:37:32	8.63	--	93	80259	买盘
10:37:26	8.63	0.01	186	160518	买盘
10:37:22	8.62	--	2	1723	卖盘
10:37:17	8.62	-0.01	47	40513	卖盘
10:37:11	8.63	0.01	61	52643	中性盘
10:37:07	8.62	-0.02	300	258599	卖盘
10:37:02	8.64	0.01	7	6048	买盘
10:36:56	8.63	-0.01	10	8630	卖盘
10:36:52	8.64	0.01	35	30240	买盘
10:36:47	8.63	-0.01	254	219202	卖盘
10:36:41	8.64	0.01	48	41472	卖盘
10:36:37	8.63	-0.01	110	94930	卖盘
10:36:32	8.64	--	210	181440	买盘
10:36:26	8.64	--	2	1728	买盘
10:36:23	8.64	--	22	19008	中性盘
10:36:17	8.64	--	24	20736	卖盘
10:36:11	8.64	0.01	33	28512	买盘
10:36:07	8.63	-0.01	318	274434	卖盘
10:36:02	8.64	--	221	190944	卖盘
10:35:56	8.64	--	29	25056	卖盘
10:35:53	8.64	--	40	34560	卖盘
10:35:47	8.64	--	63	54432	卖盘
10:35:41	8.64	--	57	49248	卖盘
10:35:37	8.64	-0.01	202	174528	卖盘
10:35:32	8.65	0.01	28	24220	买盘
10:35:26	8.64	-0.01	146	126144	卖盘
10:35:22	8.65	0.01	29	25085	买盘
10:35:17	8.64	-0.01	79	68256	卖盘
10:35:11	8.65	--	257	222305	买盘
10:35:08	8.65	--	100	86500	买盘
10:35:02	8.65	--	149	128885	卖盘
10:34:56	8.65	--	137	118505	卖盘
10:34:52	8.65	-0.01	54	46710	卖盘
10:34:47	8.66	0.01	68	58888	买盘
10:34:41	8.65	--	1024	885760	卖盘
10:34:32	8.65	--	153	132345	卖盘
10:34:26	8.65	--	190	164350	卖盘
10:34:22	8.65	-0.01	102	88230	卖盘
10:34:17	8.66	--	95	82270	买盘
10:34:11	8.66	0.01	47	40702	买盘
10:34:07	8.65	-0.01	11	9515	卖盘
10:34:02	8.66	--	194	168004	买盘
10:33:56	8.66	--	212	183592	买盘
10:33:47	8.66	--	243	210438	买盘
10:33:41	8.66	0.01	42	36372	买盘
10:33:37	8.65	--	34	29410	卖盘
10:33:32	8.65	--	143	123695	卖盘
10:33:26	8.65	-0.01	104	89960	卖盘
10:33:22	8.66	0.01	16	13856	买盘
10:33:17	8.65	-0.01	53	45845	卖盘
10:33:11	8.66	--	43	37238	买盘
10:33:07	8.66	--	28	24248	卖盘
10:33:02	8.66	--	42	36372	卖盘
10:32:56	8.66	0.01	43	37238	买盘
10:32:50	8.65	-0.01	36	31140	卖盘
10:32:47	8.66	--	147	127302	卖盘
10:32:41	8.66	--	89	77074	卖盘
10:32:35	8.66	--	149	129034	卖盘
10:32:31	8.66	--	195	168870	买盘
10:32:26	8.66	0.01	138	119508	买盘
10:32:20	8.65	-0.01	20	17300	卖盘
10:32:17	8.66	0.01	248	214768	买盘
10:32:11	8.65	-0.01	81	70065	卖盘
10:32:05	8.66	--	51	44166	买盘
10:32:02	8.66	--	8	6928	买盘
10:31:56	8.66	--	98	84868	买盘
10:31:50	8.66	--	31	26846	买盘
10:31:47	8.66	--	10	8660	买盘
10:31:41	8.66	0.01	19	16454	买盘
10:31:35	8.65	-0.01	98	84770	卖盘
10:31:32	8.66	--	200	173200	买盘
10:31:26	8.66	--	238	206108	买盘
10:31:20	8.66	--	230	199180	买盘
10:31:17	8.66	--	306	264996	卖盘
10:31:11	8.66	--	66	57156	卖盘
10:31:05	8.66	--	20	17320	卖盘
10:31:01	8.66	--	29	25114	卖盘
10:30:56	8.66	-0.01	226	195716	卖盘
10:30:50	8.67	0.01	64	55488	买盘
10:30:46	8.66	--	67	58022	卖盘
10:30:41	8.66	--	348	301368	卖盘
10:30:35	8.66	--	80	69280	卖盘
10:30:31	8.66	--	105	90930	卖盘
10:30:26	8.66	--	13	11258	卖盘
10:30:20	8.66	--	18	15588	卖盘
10:30:16	8.66	--	23	19918	卖盘
10:30:11	8.66	--	166	143756	卖盘
10:30:05	8.66	--	46	39836	卖盘
10:30:01	8.66	--	54	46764	卖盘
10:29:56	8.66	-0.01	102	88332	卖盘
10:29:50	8.67	0.01	98	84966	买盘
10:29:46	8.66	--	200	173200	卖盘
10:29:41	8.66	--	36	31176	卖盘
10:29:35	8.66	--	191	165406	卖盘
10:29:31	8.66	--	58	50228	卖盘
10:29:26	8.66	--	30	25980	卖盘
10:29:20	8.66	-0.01	21	18186	卖盘
10:29:16	8.67	--	90	78030	卖盘
10:29:11	8.67	--	338	293046	买盘
10:29:05	8.67	--	12	10404	买盘
10:29:01	8.67	--	30	26010	买盘
10:28:56	8.67	--	81	70547	买盘
10:28:50	8.67	--	91	79443	卖盘
10:28:46	8.67	--	10	8670	卖盘
10:28:41	8.67	--	43	37281	卖盘
10:28:35	8.67	--	24	20808	卖盘
10:28:31	8.67	--	12	10404	卖盘
10:28:20	8.67	-0.01	37	32079	卖盘
10:28:17	8.68	0.01	6	5208	买盘
10:28:11	8.67	--	125	108375	卖盘
10:28:05	8.67	--	50	43350	卖盘
10:27:56	8.67	--	14	12138	卖盘
10:27:50	8.67	--	18	15606	卖盘
10:27:46	8.67	-0.01	35	30345	卖盘
10:27:41	8.68	0.01	102	88536	买盘
10:27:35	8.67	-0.01	24	20808	卖盘
10:27:31	8.68	0.01	34	29512	买盘
10:27:26	8.67	-0.01	23	19941	卖盘
10:27:20	8.68	0.01	732	635697	买盘
10:27:16	8.67	--	1	867	买盘
10:27:11	8.67	--	40	34680	买盘
10:27:05	8.67	-0.01	653	566697	卖盘
10:27:01	8.68	--	64	55552	买盘
10:26:56	8.68	--	1	868	买盘
10:26:50	8.68	--	71	61628	买盘
10:26:46	8.68	--	665	577220	卖盘
10:26:41	8.68	-0.01	6	5208	卖盘
10:26:35	8.69	0.01	103	89507	买盘
10:26:31	8.68	--	66	57288	卖盘
10:26:26	8.68	-0.01	44	38192	卖盘
10:26:20	8.69	0.01	140	121660	买盘
10:26:14	8.68	--	596	517328	卖盘
10:26:11	8.68	--	60	52080	卖盘
10:26:05	8.68	-0.01	30	26040	卖盘
10:25:59	8.69	--	2	1738	买盘
10:25:56	8.69	0.01	24	20856	买盘
10:25:50	8.68	-0.01	112	97216	卖盘
10:25:44	8.69	--	212	184228	买盘
10:25:41	8.69	--	106	92114	买盘
10:25:35	8.69	--	136	118184	买盘
10:25:29	8.69	--	2	1738	买盘
10:25:20	8.69	--	142	123398	买盘
10:25:14	8.69	0.01	21	18249	买盘
10:25:11	8.68	-0.01	25	21700	卖盘
10:25:05	8.69	--	44	38236	买盘
10:24:59	8.69	--	62	53878	买盘
10:24:56	8.69	--	72	62568	买盘
10:24:50	8.69	0.01	51	44319	买盘
10:24:44	8.68	-0.01	72	62496	卖盘
10:24:41	8.69	--	138	119922	买盘
10:24:35	8.69	0.01	73	63437	买盘
10:24:29	8.68	--	14	12152	卖盘
10:24:25	8.68	--	8	6944	卖盘
10:24:20	8.68	--	33	28644	卖盘
10:24:14	8.68	--	100	86800	卖盘
10:24:10	8.68	-0.01	16	13888	卖盘
10:24:05	8.69	0.01	21	18249	买盘
10:23:59	8.68	--	83	72044	卖盘
10:23:50	8.68	0.01	31	26908	中性盘
10:23:44	8.67	--	164	142508	卖盘
10:23:40	8.67	--	13	11271	卖盘
10:23:35	8.67	--	169	146523	卖盘
10:23:29	8.67	--	62	53754	买盘
10:23:25	8.67	--	5	4335	买盘
10:23:20	8.67	-0.01	42	36414	中性盘
10:23:14	8.68	0.01	202	175336	买盘
10:23:10	8.67	--	38	32946	买盘
10:23:05	8.67	--	44	38148	买盘
10:22:59	8.67	0.01	10	8670	买盘
10:22:55	8.66	--	10	8660	卖盘
10:22:50	8.66	--	224	193984	卖盘
10:22:44	8.66	-0.01	744	644304	卖盘
10:22:40	8.67	0.01	98	84966	买盘
10:22:35	8.66	--	22	19052	卖盘
10:22:29	8.66	-0.01	44	38104	卖盘
10:22:25	8.67	0.01	26	22542	买盘
10:22:20	8.66	--	113	97858	卖盘
10:22:14	8.66	--	183	158478	卖盘
10:22:10	8.66	-0.01	31	26846	卖盘
10:22:05	8.67	0.01	63	54621	买盘
10:21:59	8.66	-0.01	171	148086	卖盘
10:21:55	8.67	--	10	8670	买盘
10:21:50	8.67	--	289	250814	卖盘
10:21:44	8.67	--	56	48552	卖盘
10:21:40	8.67	0.01	140	121995	买盘
10:21:35	8.66	-0.01	44	38104	卖盘
10:21:29	8.67	--	498	431766	买盘
10:21:25	8.67	0.01	10	8670	买盘
10:21:20	8.66	-0.01	394	341204	卖盘
10:21:14	8.67	--	79	68493	买盘
10:21:10	8.67	0.01	127	110109	买盘
10:21:05	8.66	--	46	39836	卖盘
10:20:59	8.66	-0.01	498	431268	卖盘
10:20:55	8.67	0.01	32	27744	买盘
10:20:50	8.66	-0.01	107	92662	卖盘
10:20:44	8.67	--	26	22542	买盘
10:20:40	8.67	--	31	26877	买盘
10:20:35	8.67	-0.01	1024	888562	卖盘
10:20:29	8.68	0.01	235	203980	买盘
10:20:25	8.67	--	362	313854	卖盘
10:20:20	8.67	--	5	4335	卖盘
10:20:14	8.67	-0.01	266	230622	卖盘
10:20:10	8.68	--	23	19964	买盘
10:20:05	8.68	0.01	97	84196	买盘
10:19:59	8.67	-0.01	198	171666	卖盘
10:19:55	8.68	--	18	15624	买盘
10:19:50	8.68	0.01	4	3472	买盘
10:19:44	8.67	-0.01	591	512509	卖盘
10:19:38	8.68	0.01	99	85932	买盘
10:19:35	8.67	-0.01	4	3468	卖盘
10:19:29	8.68	--	188	163184	买盘
10:19:23	8.68	0.01	269	233492	买盘
10:19:20	8.67	-0.01	52	45084	卖盘
10:19:14	8.68	--	118	102424	买盘
10:19:08	8.68	--	142	123256	买盘
10:19:05	8.68	--	8	6944	买盘
10:18:59	8.68	0.01	161	139748	买盘
10:18:53	8.67	-0.01	47	40749	卖盘
10:18:50	8.68	0.01	60	52080	买盘
10:18:44	8.67	--	91	78897	卖盘
10:18:38	8.67	--	15	13005	卖盘
10:18:35	8.67	--	6	5202	买盘
10:18:29	8.67	0.01	75	65025	买盘
10:18:23	8.66	-0.01	59	51094	卖盘
10:18:20	8.67	0.01	20	17340	买盘
10:18:14	8.66	-0.02	32	27712	卖盘
10:18:08	8.68	0.02	24	20832	买盘
10:18:05	8.66	--	10	8660	卖盘
10:17:59	8.66	-0.01	122	105652	卖盘
10:17:53	8.67	0.01	678	587826	买盘
10:17:49	8.66	--	28	24248	卖盘
10:17:44	8.66	--	14	12124	卖盘
10:17:38	8.66	0.01	77	66682	买盘
10:17:34	8.65	-0.01	83	71795	卖盘
10:17:29	8.66	--	237	205242	买盘
10:17:23	8.66	--	140	121240	买盘
10:17:19	8.66	--	17	14722	买盘
10:17:14	8.66	--	44	38104	买盘
10:17:08	8.66	--	12	10392	买盘
10:17:04	8.66	--	62	53692	卖盘
10:16:59	8.66	--	27	23382	卖盘
10:16:53	8.66	0.01	54	46764	中性盘
10:16:49	8.65	-0.01	82	70930	卖盘
10:16:44	8.66	--	288	249408	卖盘
10:16:38	8.66	--	246	213036	卖盘
10:16:34	8.66	--	216	187056	卖盘
10:16:29	8.66	--	69	59754	卖盘
10:16:23	8.66	--	44	38104	卖盘
10:16:14	8.66	--	260	225160	卖盘
10:16:08	8.66	--	25	21650	卖盘
10:16:04	8.66	-0.01	191	165406	卖盘
10:15:59	8.67	--	182	157794	买盘
10:15:53	8.67	0.01	152	131784	买盘
10:15:49	8.66	-0.01	17	14722	卖盘
10:15:44	8.67	--	55	47685	买盘
10:15:38	8.67	--	119	103173	买盘
10:15:34	8.67	--	8	6936	买盘
10:15:29	8.67	0.01	90	78030	买盘
10:15:23	8.66	-0.01	523	452918	卖盘
10:15:19	8.67	--	22	19074	卖盘
10:15:14	8.67	--	5	4335	卖盘
10:15:08	8.67	-0.01	40	34680	中性盘
10:15:04	8.68	0.01	58	50344	买盘
10:14:59	8.67	-0.01	71	61557	中性盘
10:14:53	8.68	0.01	138	119784	买盘
10:14:44	8.67	--	37	32079	卖盘
10:14:38	8.67	-0.01	187	162129	卖盘
10:14:34	8.68	0.01	189	164052	买盘
10:14:29	8.67	--	17	14739	卖盘
10:14:23	8.67	--	278	241026	卖盘
10:14:19	8.67	-0.02	38	32946	卖盘
10:14:14	8.69	0.01	63	54747	买盘
10:14:08	8.68	--	18	15624	卖盘
10:14:04	8.68	-0.01	31	26908	中性盘
10:13:59	8.69	--	39	33891	买盘
10:13:53	8.69	0.01	29	25201	买盘
10:13:49	8.68	-0.01	32	27776	卖盘
10:13:44	8.69	--	44	38236	买盘
10:13:38	8.69	-0.01	11	9559	买盘
10:13:34	8.7	0.01	82	71340	买盘
10:13:29	8.69	--	41	35629	卖盘
10:13:23	8.69	-0.01	199	172931	卖盘
10:13:17	8.7	--	465	404549	买盘
10:13:14	8.7	--	3	2610	买盘
10:13:08	8.7	--	175	152250	买盘
10:13:02	8.7	--	275	239249	卖盘
10:12:59	8.7	-0.01	57	49589	卖盘
10:12:53	8.71	--	11	9581	买盘
10:12:47	8.71	--	54	47034	买盘
10:12:44	8.71	--	118	102786	卖盘
10:12:38	8.71	--	243	211653	卖盘
10:12:32	8.71	--	212	184652	卖盘
10:12:29	8.71	--	138	120198	卖盘
10:12:24	8.71	0.04	401	350133	买盘
10:12:17	8.67	-0.03	1302	1128834	卖盘
10:12:14	8.7	-0.01	24	20880	卖盘
10:12:08	8.71	0.01	303	263913	买盘
10:12:02	8.7	--	100	87000	买盘
10:11:59	8.7	-0.01	515	448058	卖盘
10:11:53	8.71	0.01	335	291785	买盘
10:11:47	8.7	-0.01	782	680340	卖盘
10:11:44	8.71	0.01	28	24388	买盘
10:11:38	8.7	--	683	594210	卖盘
10:11:32	8.7	--	208	180959	卖盘
10:11:29	8.7	--	63	54809	卖盘
10:11:23	8.7	--	295	256649	卖盘
10:11:17	8.7	--	456	397581	买盘
10:11:13	8.7	--	105	91349	买盘
10:11:08	8.7	--	178	154860	买盘
10:11:02	8.7	--	554	481988	卖盘
10:10:58	8.7	--	14	12179	卖盘
10:10:53	8.7	--	477	415851	买盘
10:10:47	8.7	--	257	223589	买盘
10:10:43	8.7	--	96	83520	买盘
10:10:38	8.7	0.01	744	647280	买盘
10:10:32	8.69	--	116	100804	卖盘
10:10:28	8.69	0.01	101	87769	买盘
10:10:23	8.68	--	263	228284	卖盘
10:10:17	8.68	--	35	30380	卖盘
10:10:13	8.68	--	42	36456	卖盘
10:10:08	8.68	--	560	486080	买盘
10:10:02	8.68	--	420	364560	买盘
10:09:58	8.68	0.01	74	64232	买盘
10:09:53	8.67	-0.01	1410	1222470	卖盘
10:09:47	8.68	--	68	59024	买盘
10:09:43	8.68	-0.01	110	95506	卖盘
10:09:38	8.69	0.01	68	59092	买盘
10:09:32	8.68	--	177	153636	卖盘
10:09:28	8.68	0.03	474	412273	买盘
10:09:23	8.65	-0.01	382	330430	卖盘
10:09:17	8.66	--	1108	959528	买盘
10:09:13	8.66	0.01	48	41568	买盘
10:09:08	8.65	-0.01	883	763795	卖盘
10:09:02	8.66	--	192	166272	买盘
10:08:58	8.66	0.01	140	121240	买盘
10:08:53	8.65	-0.01	516	446340	卖盘
10:08:47	8.66	--	359	310894	卖盘
10:08:43	8.66	--	116	100456	卖盘
10:08:38	8.66	-0.01	1166	1009756	卖盘
10:08:32	8.67	--	838	726546	卖盘
10:08:28	8.67	--	96	83232	卖盘
10:08:23	8.67	-0.01	105	91035	卖盘
10:08:17	8.68	--	91	78988	买盘
10:08:13	8.68	--	189	164052	卖盘
10:08:08	8.68	-0.01	799	693532	卖盘
10:08:02	8.69	--	496	431024	买盘
10:07:58	8.69	--	101	87769	买盘
10:07:53	8.69	-0.01	1072	931985	卖盘
10:07:47	8.7	--	263	228809	买盘
10:07:43	8.7	--	696	605520	卖盘
10:07:38	8.7	--	21	18270	卖盘
10:07:32	8.7	--	193	168362	卖盘
10:07:28	8.7	0.01	51	44370	买盘
10:07:23	8.69	-0.01	413	358897	卖盘
10:07:17	8.7	--	512	445439	卖盘
10:07:13	8.7	-0.01	907	789089	卖盘
10:07:08	8.71	--	12	10452	卖盘
10:07:02	8.71	--	383	333593	卖盘
10:06:56	8.71	-0.01	45	39195	卖盘
10:06:53	8.72	0.01	65	56680	买盘
10:06:47	8.71	-0.01	317	276107	卖盘
10:06:41	8.72	--	279	243288	卖盘
10:06:38	8.72	-0.01	119	103768	卖盘
10:06:32	8.73	0.01	196	171108	买盘
10:06:26	8.72	--	240	209280	卖盘
10:06:23	8.72	-0.01	75	65400	卖盘
10:06:17	8.73	--	545	475785	买盘
10:06:11	8.73	0.01	635	554355	买盘
10:06:08	8.72	--	32	27904	买盘
10:06:02	8.72	-0.01	1144	997568	卖盘
10:05:56	8.73	--	408	356184	买盘
10:05:53	8.73	--	181	158013	买盘
10:05:47	8.73	--	193	168489	买盘
10:05:41	8.73	0.01	1731	1511163	买盘
10:05:38	8.72	--	26	22672	卖盘
10:05:32	8.72	-0.01	236	205792	卖盘
10:05:26	8.73	0.01	131	114363	买盘
10:05:23	8.72	--	99	86328	中性盘
10:05:17	8.72	--	106	92432	卖盘
10:05:11	8.72	--	54	47088	买盘
10:05:08	8.72	0.01	45	39240	买盘
10:05:02	8.71	--	257	223847	卖盘
10:04:56	8.71	--	357	310947	卖盘
10:04:52	8.71	--	150	130650	卖盘
10:04:47	8.71	0.01	573	499083	买盘
10:04:41	8.7	--	1002	871739	卖盘
10:04:37	8.7	--	5	4350	卖盘
10:04:32	8.7	--	140	121799	卖盘
10:04:26	8.7	0.01	362	314940	买盘
10:04:22	8.69	--	30	26070	买盘
10:04:17	8.69	-0.01	136	118184	中性盘
10:04:11	8.7	0.01	667	580290	买盘
10:04:07	8.69	-0.04	740	643060	卖盘
10:04:02	8.73	0.02	880	768240	买盘
10:03:56	8.71	--	1916	1668836	买盘
10:03:52	8.71	--	135	117585	买盘
10:03:47	8.71	-0.03	1656	1442376	卖盘
10:03:41	8.74	0.02	518	452732	买盘
10:03:37	8.72	-0.02	112	97664	中性盘
10:03:32	8.74	--	397	346978	买盘
10:03:26	8.74	--	247	215878	买盘
10:03:22	8.74	--	67	58558	卖盘
10:03:17	8.74	-0.01	659	575966	中性盘
10:03:11	8.75	--	1835	1605625	买盘
10:03:07	8.75	--	365	319375	买盘
10:03:02	8.75	0.01	2923	2557625	买盘
10:02:56	8.74	-0.01	1768	1545232	卖盘
10:02:52	8.75	--	192	168000	买盘
10:02:47	8.75	--	2234	1954750	买盘
10:02:41	8.75	0.01	1381	1208375	买盘
10:02:37	8.74	--	20	17480	买盘
10:02:32	8.74	-0.01	667	582958	卖盘
10:02:26	8.75	--	2247	1966125	买盘
10:02:22	8.75	0.01	569	497875	买盘
10:02:17	8.74	-0.01	846	739404	卖盘
10:02:11	8.75	0.01	850	743750	买盘
10:02:07	8.74	--	615	537510	卖盘
10:02:02	8.74	--	460	402040	买盘
10:01:56	8.74	0.02	1367	1194758	买盘
10:01:52	8.72	--	70	61040	卖盘
10:01:47	8.72	--	194	169168	卖盘
10:01:41	8.72	0.02	73	63656	中性盘
10:01:37	8.7	-0.01	511	444569	卖盘
10:01:32	8.71	0.01	1182	1029522	买盘
10:01:26	8.7	--	277	240989	卖盘
10:01:22	8.7	--	329	286230	买盘
10:01:17	8.7	0.01	250	217499	买盘
10:01:11	8.69	-0.01	421	365849	卖盘
10:01:07	8.7	0.01	194	168780	买盘
10:01:02	8.69	--	44	38236	中性盘
10:00:56	8.69	0.03	483	419727	买盘
10:00:52	8.66	-0.04	185	160210	卖盘
10:00:47	8.7	0.01	1256	1092720	买盘
10:00:41	8.69	0.03	1023	888987	买盘
10:00:37	8.66	-0.04	1056	914496	卖盘
10:00:32	8.7	0.02	60	52199	买盘
10:00:26	8.68	-0.02	346	300328	中性盘
10:00:20	8.7	0.05	188	163560	买盘
10:00:17	8.65	-0.03	333	288045	卖盘
10:00:11	8.68	0.02	1490	1293320	买盘
10:00:05	8.66	0.01	918	794988	中性盘
10:00:02	8.65	-0.04	261	225765	卖盘
09:59:56	8.69	0.03	1159	1007171	买盘
09:59:50	8.66	-0.03	682	590612	卖盘
09:59:47	8.69	0.01	126	109494	买盘
09:59:41	8.68	-0.01	594	515592	卖盘
09:59:35	8.69	-0.01	104	90376	卖盘
09:59:32	8.7	--	29	25229	买盘
09:59:26	8.7	-0.01	919	799529	卖盘
09:59:20	8.71	0.01	446	388466	买盘
09:59:17	8.7	--	906	788219	卖盘
09:59:11	8.7	-0.02	423	368009	卖盘
09:59:05	8.72	0.01	506	441232	买盘
09:59:02	8.71	-0.02	527	459017	卖盘
09:58:56	8.73	-0.01	1123	980379	中性盘
09:58:50	8.74	--	1061	927314	买盘
09:58:47	8.74	--	366	319884	买盘
09:58:41	8.74	--	490	428260	卖盘
09:58:35	8.74	--	294	256956	卖盘
09:58:32	8.74	-0.02	360	314640	卖盘
09:58:26	8.76	0.04	1026	898776	买盘
09:58:20	8.72	-0.01	622	542384	卖盘
09:58:16	8.73	-0.01	647	564831	卖盘
09:58:11	8.74	0.02	5413	4730962	买盘
09:58:05	8.72	-0.01	1069	932168	卖盘
09:58:01	8.73	0.01	525	458325	买盘
09:57:56	8.72	0.01	860	749920	买盘
09:57:50	8.71	-0.01	777	676767	卖盘
09:57:46	8.72	0.01	78	68016	买盘
09:57:41	8.71	0.01	953	830063	买盘
09:57:35	8.7	0.01	247	214889	中性盘
09:57:31	8.69	--	205	178145	买盘
09:57:26	8.69	--	514	446666	卖盘
09:57:20	8.69	0.01	2338	2031722	买盘
09:57:16	8.68	--	58	50344	卖盘
09:57:11	8.68	--	4373	3795764	买盘
09:57:05	8.68	0.01	1035	898380	买盘
09:57:01	8.67	-0.01	561	487019	卖盘
09:56:56	8.68	0.02	1163	1009484	买盘
09:56:50	8.66	--	1066	923156	卖盘
09:56:46	8.66	--	727	629582	卖盘
09:56:41	8.66	--	188	162808	卖盘
09:56:35	8.66	--	1211	1048916	买盘
09:56:31	8.66	0.01	211	182726	买盘
09:56:26	8.65	0.01	1160	1003400	买盘
09:56:20	8.64	--	1763	1523232	卖盘
09:56:16	8.64	--	2077	1794528	卖盘
09:56:11	8.64	0.01	97	83808	卖盘
09:56:05	8.63	--	3623	3126649	买盘
09:56:01	8.63	-0.01	307	264941	卖盘
09:55:56	8.64	--	418	361152	买盘
09:55:50	8.64	0.01	319	275616	买盘
09:55:46	8.63	0.02	2913	2513962	买盘
09:55:41	8.61	--	1183	1018562	卖盘
09:55:35	8.61	0.01	77	66297	中性盘
09:55:31	8.6	--	186	160080	卖盘
09:55:26	8.6	--	405	348300	卖盘
09:55:20	8.6	--	2122	1824920	卖盘
09:55:16	8.6	-0.01	115	98900	卖盘
09:55:11	8.61	0.01	390	335790	买盘
09:55:05	8.6	-0.01	260	223600	卖盘
09:55:01	8.61	0.01	1018	876498	买盘
09:54:56	8.6	--	172	147920	卖盘
09:54:50	8.6	0.01	664	571040	买盘
09:54:46	8.59	-0.01	52	44668	卖盘
09:54:41	8.6	0.01	147	126420	买盘
09:54:35	8.59	-0.01	327	280893	卖盘
09:54:31	8.6	0.01	1404	1207440	买盘
09:54:26	8.59	-0.01	69	59271	卖盘
09:54:20	8.6	--	300	258000	买盘
09:54:16	8.6	0.01	267	229620	买盘
09:54:11	8.59	--	527	452907	卖盘
09:54:05	8.59	--	553	475027	卖盘
09:54:01	8.59	--	241	207019	买盘
09:53:56	8.59	0.01	126	108234	买盘
09:53:50	8.58	--	209	179322	卖盘
09:53:44	8.58	-0.02	76	65208	卖盘
09:53:41	8.6	0.02	1064	915040	买盘
09:53:35	8.58	--	371	318318	卖盘
09:53:29	8.58	--	1585	1359930	买盘
09:53:26	8.58	-0.02	27	23166	卖盘
09:53:20	8.6	0.02	2317	1992620	买盘
09:53:14	8.58	--	437	374946	卖盘
09:53:11	8.58	-0.01	42	36036	卖盘
09:53:05	8.59	--	44	37796	买盘
09:52:59	8.59	--	89	76451	买盘
09:52:56	8.59	--	65	55835	买盘
09:52:50	8.59	--	150	128850	卖盘
09:52:44	8.59	--	249	213891	买盘
09:52:41	8.59	--	164	140876	卖盘
09:52:35	8.59	--	453	389127	卖盘
09:52:29	8.59	--	175	150325	卖盘
09:52:26	8.59	-0.01	315	270585	卖盘
09:52:20	8.6	0.01	810	696600	买盘
09:52:14	8.59	-0.01	151	129709	卖盘
09:52:11	8.6	0.01	5	4300	买盘
09:52:05	8.59	--	68	58412	卖盘
09:51:59	8.59	-0.01	79	67861	卖盘
09:51:56	8.6	0.01	146	125560	买盘
09:51:50	8.59	--	519	445821	卖盘
09:51:44	8.59	--	90	77310	卖盘
09:51:40	8.59	--	102	87618	卖盘
09:51:35	8.59	-0.01	172	147748	卖盘
09:51:29	8.6	--	694	596840	买盘
09:51:25	8.6	0.01	25	21500	买盘
09:51:20	8.59	--	452	388268	卖盘
09:51:14	8.59	-0.01	122	104798	卖盘
09:51:10	8.6	0.01	62	53320	买盘
09:51:05	8.59	--	327	280893	卖盘
09:50:59	8.59	-0.01	144	123696	卖盘
09:50:55	8.6	--	247	212420	卖盘
09:50:50	8.6	--	451	387860	买盘
09:50:44	8.6	--	471	405060	买盘
09:50:40	8.6	--	666	572760	买盘
09:50:35	8.6	0.01	122	104920	买盘
09:50:29	8.59	-0.01	117	100503	卖盘
09:50:25	8.6	--	453	389580	买盘
09:50:20	8.6	--	739	635540	买盘
09:50:14	8.6	--	50	43000	买盘
09:50:10	8.6	--	71	61060	买盘
09:50:05	8.6	--	383	329380	卖盘
09:49:59	8.6	--	322	276920	卖盘
09:49:55	8.6	--	256	220160	卖盘
09:49:50	8.6	--	463	398180	卖盘
09:49:44	8.6	0.01	1029	884940	买盘
09:49:40	8.59	-0.01	187	160633	卖盘
09:49:35	8.6	--	200	172000	买盘
09:49:29	8.6	--	334	287240	买盘
09:49:25	8.6	--	31	26660	买盘
09:49:20	8.6	--	100	86000	买盘
09:49:14	8.6	0.01	153	131580	买盘
09:49:10	8.59	-0.01	142	121978	卖盘
09:49:05	8.6	-0.01	411	353460	卖盘
09:48:59	8.61	0.01	1078	928157	买盘
09:48:55	8.6	-0.01	71	61060	卖盘
09:48:50	8.61	0.01	133	114512	买盘
09:48:44	8.6	--	263	226180	卖盘
09:48:40	8.6	--	299	257140	买盘
09:48:35	8.6	0.01	606	521160	买盘
09:48:29	8.59	-0.01	318	273162	卖盘
09:48:25	8.6	--	121	104060	卖盘
09:48:20	8.6	0.01	614	528040	买盘
09:48:14	8.59	-0.01	29	24911	卖盘
09:48:10	8.6	0.01	1099	945140	买盘
09:48:05	8.59	0.01	271	232789	买盘
09:47:59	8.58	--	72	61776	买盘
09:47:55	8.58	--	124	106392	买盘
09:47:50	8.58	--	129	110682	卖盘
09:47:44	8.58	-0.01	295	253110	卖盘
09:47:40	8.59	0.01	219	188121	买盘
09:47:35	8.58	--	77	66066	卖盘
09:47:29	8.58	--	1144	981552	卖盘
09:47:23	8.58	-0.02	1051	901758	中性盘
09:47:20	8.6	0.02	1000	860000	买盘
09:47:14	8.58	--	18	15444	买盘
09:47:08	8.58	--	109	93522	卖盘
09:47:05	8.58	-0.01	844	724152	卖盘
09:46:59	8.59	0.01	893	767087	买盘
09:46:53	8.58	--	693	594594	卖盘
09:46:50	8.58	-0.01	12	10296	卖盘
09:46:44	8.59	0.01	134	115106	中性盘
09:46:38	8.58	--	1159	994422	卖盘
09:46:35	8.58	--	216	185328	卖盘
09:46:29	8.58	--	1365	1171170	买盘
09:46:23	8.58	--	92	78936	买盘
09:46:20	8.58	-0.01	337	289146	卖盘
09:46:14	8.59	--	2115	1816785	买盘
09:46:08	8.59	--	197	169223	卖盘
09:46:05	8.59	--	195	167505	卖盘
09:45:59	8.59	--	1115	957785	卖盘
09:45:53	8.59	--	55	47245	卖盘
09:45:50	8.59	-0.01	38	32642	卖盘
09:45:44	8.6	--	559	480740	买盘
09:45:38	8.6	0.01	131	112660	买盘
09:45:35	8.59	--	178	152902	买盘
09:45:29	8.59	-0.01	247	212173	中性盘
09:45:23	8.6	0.01	883	759380	买盘
09:45:20	8.59	--	87	74733	卖盘
09:45:14	8.59	--	318	273162	卖盘
09:45:08	8.59	-0.01	253	217327	卖盘
09:45:04	8.6	--	486	417960	买盘
09:44:59	8.6	--	2287	1966820	买盘
09:44:53	8.6	-0.01	758	651880	卖盘
09:44:49	8.61	--	216	185976	买盘
09:44:44	8.61	0.01	520	447719	买盘
09:44:38	8.6	-0.01	531	457399	卖盘
09:44:34	8.61	0.01	152	130871	买盘
09:44:29	8.6	-0.01	1149	988140	卖盘
09:44:23	8.61	0.01	327	281547	买盘
09:44:19	8.6	--	175	150500	卖盘
09:44:14	8.6	0.01	2488	2139800	买盘
09:44:08	8.59	--	1127	968093	买盘
09:44:04	8.59	--	136	116824	买盘
09:43:59	8.59	--	620	532580	买盘
09:43:53	8.59	--	422	362498	卖盘
09:43:49	8.59	--	14	12026	卖盘
09:43:44	8.59	-0.01	154	132286	卖盘
09:43:38	8.6	0.01	1382	1188520	买盘
09:43:34	8.59	-0.01	112	96208	买盘
09:43:29	8.6	0.01	143	122980	买盘
09:43:23	8.59	-0.01	276	237084	买盘
09:43:19	8.6	0.01	1060	911600	买盘
09:43:14	8.59	0.01	259	222481	买盘
09:43:08	8.58	-0.01	81	69498	卖盘
09:43:04	8.59	-0.01	14	12026	中性盘
09:42:59	8.6	0.01	1386	1191960	买盘
09:42:53	8.59	--	77	66143	买盘
09:42:49	8.59	0.02	192	164928	买盘
09:42:44	8.57	-0.02	275	235675	卖盘
09:42:38	8.59	--	325	279175	买盘
09:42:34	8.59	0.02	1055	906245	买盘
09:42:29	8.57	-0.03	3468	2972076	卖盘
09:42:23	8.6	0.01	1430	1229800	买盘
09:42:19	8.59	0.01	38	32642	买盘
09:42:14	8.58	-0.02	331	283998	卖盘
09:42:08	8.6	0.02	1064	915040	买盘
09:42:04	8.58	0.01	241	206778	买盘
09:41:59	8.57	--	617	528769	卖盘
09:41:53	8.57	0.01	910	779870	买盘
09:41:49	8.56	-0.01	283	242248	卖盘
09:41:44	8.57	--	1178	1009546	买盘
09:41:38	8.57	0.01	653	559621	买盘
09:41:34	8.56	-0.01	42	35952	卖盘
09:41:29	8.57	-0.02	1149	984693	卖盘
09:41:23	8.59	0.01	969	832371	买盘
09:41:19	8.58	-0.02	1325	1136850	卖盘
09:41:14	8.6	0.01	451	387860	买盘
09:41:08	8.59	-0.01	964	828076	卖盘
09:41:04	8.6	0.01	1611	1385460	买盘
09:40:59	8.59	-0.01	300	257700	卖盘
09:40:53	8.6	--	1746	1501560	买盘
09:40:48	8.6	0.01	348	299280	买盘
09:40:44	8.59	-0.01	124	106516	卖盘
09:40:38	8.6	--	955	821300	卖盘
09:40:32	8.6	0.01	1969	1693340	买盘
09:40:29	8.59	--	579	497361	卖盘
09:40:23	8.59	--	379	325561	卖盘
09:40:17	8.59	--	403	346177	卖盘
09:40:14	8.59	-0.01	684	587556	卖盘
09:40:08	8.6	0.03	1038	892680	买盘
09:40:02	8.57	-0.02	990	848430	卖盘
09:39:59	8.59	--	1131	971529	买盘
09:39:53	8.59	0.02	1275	1095225	买盘
09:39:47	8.57	-0.01	607	520199	买盘
09:39:44	8.58	-0.01	1241	1064778	卖盘
09:39:38	8.59	0.02	1396	1199164	买盘
09:39:32	8.57	--	850	728450	卖盘
09:39:29	8.57	--	307	263099	卖盘
09:39:23	8.57	0.01	1566	1342062	买盘
09:39:17	8.56	--	1268	1085639	卖盘
09:39:14	8.56	--	257	219992	买盘
09:39:08	8.56	--	1316	1126496	卖盘
09:39:02	8.56	--	429	367224	卖盘
09:38:59	8.56	--	164	140384	卖盘
09:38:53	8.56	--	662	566672	买盘
09:38:47	8.56	--	254	217424	买盘
09:38:44	8.56	-0.01	575	492200	卖盘
09:38:38	8.57	0.01	833	713881	中性盘
09:38:32	8.56	--	626	535856	卖盘
09:38:28	8.56	--	1070	915920	卖盘
09:38:23	8.56	-0.01	277	237112	买盘
09:38:17	8.57	0.01	2081	1783828	买盘
09:38:13	8.56	0.02	855	731880	买盘
09:38:08	8.54	-0.02	388	331351	中性盘
09:38:02	8.56	-0.01	2240	1917440	卖盘
09:37:58	8.57	0.01	1142	978694	买盘
09:37:53	8.56	--	1014	867984	买盘
09:37:47	8.56	-0.01	1176	1006656	卖盘
09:37:43	8.57	--	176	150832	买盘
09:37:38	8.57	-0.02	571	489347	卖盘
09:37:32	8.59	-0.02	2657	2282363	卖盘
09:37:28	8.61	--	540	464939	买盘
09:37:23	8.61	-0.01	1430	1231230	中性盘
09:37:17	8.62	0.01	1288	1110256	买盘
09:37:13	8.61	--	448	385728	卖盘
09:37:08	8.61	-0.02	418	359898	中性盘
09:37:02	8.63	0.03	1712	1477456	买盘
09:36:58	8.6	-0.02	361	310460	卖盘
09:36:53	8.62	--	1727	1488673	卖盘
09:36:47	8.62	0.01	2177	1876573	买盘
09:36:43	8.61	--	797	686217	买盘
09:36:38	8.61	0.01	688	592368	买盘
09:36:32	8.6	--	1256	1080160	买盘
09:36:28	8.6	-0.01	432	371520	卖盘
09:36:23	8.61	--	477	410697	卖盘
09:36:17	8.61	0.03	2985	2570085	买盘
09:36:13	8.58	-0.02	570	489060	卖盘
09:36:08	8.6	--	1011	869460	卖盘
09:36:02	8.6	0.04	3229	2776940	买盘
09:35:58	8.56	0.01	752	643712	买盘
09:35:53	8.55	--	230	196650	卖盘
09:35:47	8.55	0.01	371	317205	买盘
09:35:43	8.54	--	339	289506	买盘
09:35:38	8.54	0.01	678	579012	买盘
09:35:32	8.53	0.01	1031	879442	中性盘
09:35:28	8.52	0.01	957	815364	买盘
09:35:23	8.51	0.01	1309	1113959	中性盘
09:35:17	8.5	--	597	507450	卖盘
09:35:13	8.5	0.02	797	677450	买盘
09:35:08	8.48	--	2775	2353200	卖盘
09:35:02	8.48	0.01	1044	885312	买盘
09:34:58	8.47	--	257	217679	卖盘
09:34:53	8.47	--	935	791945	卖盘
09:34:47	8.47	0.01	1970	1668590	买盘
09:34:43	8.46	--	918	776628	卖盘
09:34:38	8.46	0.01	539	455994	中性盘
09:34:32	8.45	-0.01	1773	1498184	卖盘
09:34:28	8.46	0.01	969	819774	买盘
09:34:23	8.45	--	179	151255	卖盘
09:34:17	8.45	-0.01	1390	1174550	卖盘
09:34:11	8.46	0.01	1052	890761	买盘
09:34:08	8.45	--	307	259414	买盘
09:34:02	8.45	0.02	671	566995	买盘
09:33:56	8.43	-0.02	650	547950	卖盘
09:33:53	8.45	--	77	65064	卖盘
09:33:47	8.45	0.02	1261	1065545	买盘
09:33:41	8.43	0.01	218	183774	买盘
09:33:38	8.42	-0.03	3	2526	卖盘
09:33:32	8.45	0.03	1064	899079	买盘
09:33:26	8.42	--	17	14314	买盘
09:33:23	8.42	0.01	379	319118	买盘
09:33:17	8.41	0.01	157	132037	买盘
09:33:11	8.4	--	614	515760	买盘
09:33:08	8.4	0.03	47	39480	买盘
09:33:02	8.37	-0.01	572	478763	卖盘
09:32:56	8.38	0.01	511	428218	买盘
09:32:53	8.37	-0.01	63	52730	卖盘
09:32:47	8.38	0.01	213	178494	买盘
09:32:41	8.37	0.02	657	549909	买盘
09:32:38	8.35	-0.02	281	234635	卖盘
09:32:32	8.37	0.02	513	429380	买盘
09:32:26	8.35	-0.01	307	256345	中性盘
09:32:23	8.36	--	105	87780	买盘
09:32:17	8.36	0.02	762	637032	买盘
09:32:11	8.34	-0.01	109	90906	卖盘
09:32:08	8.35	--	118	98530	卖盘
09:32:02	8.35	0.01	101	84335	买盘
09:31:56	8.34	0.01	275	229350	买盘
09:31:52	8.33	-0.02	147	122451	卖盘
09:31:47	8.35	0.02	129	108241	买盘
09:31:41	8.33	-0.01	8	6972	卖盘
09:31:37	8.34	-0.02	197	164298	卖盘
09:31:32	8.36	0.01	289	241603	买盘
09:31:26	8.35	--	232	193720	卖盘
09:31:22	8.35	0.01	846	706936	买盘
09:31:17	8.34	--	78	65052	卖盘
09:31:11	8.34	-0.01	12	10008	卖盘
09:31:07	8.35	--	36	30060	买盘
09:30:56	8.35	--	46	38410	卖盘
09:30:52	8.35	--	14	11690	卖盘
09:30:47	8.35	--	18	15030	卖盘
09:30:41	8.35	--	118	98530	卖盘
09:30:37	8.35	--	85	70975	卖盘
09:30:32	8.35	0.02	1850	1544750	买盘
09:30:26	8.33	--	0	0	卖盘
09:30:22	8.33	--	39	32487	买盘
09:30:17	8.33	-0.02	69	57477	买盘
09:30:11	8.35	--	116	96860	买盘
09:30:07	8.35	--	831	693885	买盘
09:30:02	8.35	--	1337	1116395	卖盘
09:28:49	8.35	--	0	0	卖盘
09:25:05	8.35	8.35	534	445890	买盘
