成交时间	成交价	价格变动	成交量(手)	成交额(元)	性质
15:00:00	15.43	--	0	0	卖盘
15:00:00	15.43	-0.01	0	0	卖盘
15:00:00	15.44	--	181	279464	买盘
14:59:59	15.44	0.02	1051	1622744	买盘
14:59:54	15.42	--	2	3084	卖盘
14:59:49	15.42	-0.01	47	72474	卖盘
14:59:44	15.43	0.01	211	325573	买盘
14:59:34	15.42	-0.01	99	152658	卖盘
14:59:29	15.43	0.01	77	118811	买盘
14:59:24	15.42	--	45	69390	卖盘
14:59:19	15.42	-0.01	237	366826	卖盘
14:59:14	15.43	--	230	355059	买盘
14:59:09	15.43	0.01	32	49376	买盘
14:59:04	15.42	--	29	44718	卖盘
14:58:59	15.42	--	30	46260	卖盘
14:58:54	15.42	--	29	44718	卖盘
14:58:49	15.42	-0.01	76	117192	卖盘
14:58:44	15.43	--	205	316315	买盘
14:58:39	15.43	--	244	376492	买盘
14:58:34	15.43	--	133	205219	买盘
14:58:29	15.43	--	6	9258	买盘
14:58:24	15.43	--	304	469072	卖盘
14:58:19	15.43	--	25	38575	卖盘
14:58:14	15.43	-0.01	171	263853	卖盘
14:58:09	15.44	0.01	15	23160	买盘
14:57:59	15.43	--	67	103381	卖盘
14:57:54	15.43	--	30	46290	卖盘
14:57:49	15.43	-0.01	7	10801	卖盘
14:57:44	15.44	0.01	166	256304	买盘
14:57:39	15.43	--	108	166644	卖盘
14:57:29	15.43	--	108	166644	卖盘
14:57:24	15.43	--	49	75607	卖盘
14:57:19	15.43	--	10	15430	买盘
14:57:14	15.43	-0.01	33	50919	买盘
14:57:09	15.44	0.01	57	88008	买盘
14:57:04	15.43	-0.01	182	280826	卖盘
14:56:49	15.44	0.01	13	20072	买盘
14:56:44	15.43	-0.02	265	408895	卖盘
14:56:39	15.45	0.01	403	623979	买盘
14:56:34	15.44	0.01	390	602160	买盘
14:56:29	15.43	--	94	145042	卖盘
14:56:24	15.43	--	71	109645	买盘
14:56:18	15.43	0.01	197	303971	买盘
14:56:14	15.42	-0.01	8	12336	卖盘
14:56:09	15.43	0.01	376	580168	买盘
14:55:59	15.42	--	2	3084	卖盘
14:55:54	15.42	-0.01	25	38550	卖盘
14:55:49	15.43	0.01	34	52462	买盘
14:55:44	15.42	--	52	80184	卖盘
14:55:39	15.42	--	50	77100	卖盘
14:55:34	15.42	--	87	134154	卖盘
14:55:28	15.42	--	30	46260	卖盘
14:55:24	15.42	--	27	41634	卖盘
14:55:19	15.42	--	74	114108	买盘
14:55:14	15.42	0.01	25	38550	买盘
14:55:09	15.41	--	15	23115	卖盘
14:54:58	15.41	-0.01	261	402201	卖盘
14:54:54	15.42	--	188	291391	买盘
14:54:49	15.42	0.01	5	7710	买盘
14:54:43	15.41	-0.01	18	27738	卖盘
14:54:38	15.42	0.01	166	255972	买盘
14:54:28	15.41	--	22	33902	卖盘
14:54:23	15.41	--	5	7705	卖盘
14:54:18	15.41	--	5	7705	卖盘
14:54:13	15.41	--	91	140231	卖盘
14:54:08	15.41	--	97	149477	卖盘
14:54:03	15.41	--	5	7705	卖盘
14:53:58	15.41	--	65	100165	卖盘
14:53:53	15.41	-0.01	28	43148	卖盘
14:53:47	15.42	0.01	16	24672	买盘
14:53:43	15.41	--	9	13869	卖盘
14:53:38	15.41	-0.01	294	453732	卖盘
14:53:33	15.42	--	22	34340	卖盘
14:53:28	15.42	--	5	8696	卖盘
14:53:23	15.42	--	11	16962	卖盘
14:53:17	15.42	--	11	17964	卖盘
14:53:13	15.42	--	29	44718	卖盘
14:53:08	15.42	--	8	12336	买盘
14:53:02	15.42	0.01	58	89436	买盘
14:52:58	15.41	-0.01	40	61640	卖盘
14:52:53	15.42	--	68	104856	买盘
14:52:48	15.42	--	31	47802	卖盘
14:52:43	15.42	--	321	494982	买盘
14:52:38	15.42	0.01	18	27756	中性盘
14:52:32	15.41	-0.01	241	371381	卖盘
14:52:28	15.42	--	193	298099	买盘
14:52:23	15.42	--	101	155742	买盘
14:52:13	15.42	--	29	44718	买盘
14:52:08	15.42	--	15	23130	买盘
14:52:02	15.42	--	313	482646	买盘
14:51:58	15.42	--	64	98688	买盘
14:51:53	15.42	--	55	85858	卖盘
14:51:47	15.42	--	8	12336	卖盘
14:51:43	15.42	--	26	40092	卖盘
14:51:38	15.42	-0.01	517	797214	卖盘
14:51:32	15.43	0.01	483	745269	买盘
14:51:28	15.42	--	9	13878	卖盘
14:51:23	15.42	-0.01	41	63222	卖盘
14:51:17	15.43	--	20	30860	买盘
14:51:12	15.43	--	6	9258	买盘
14:51:08	15.43	0.01	78	120354	买盘
14:51:02	15.42	-0.01	557	859418	卖盘
14:50:58	15.43	--	12	19812	卖盘
14:50:53	15.43	--	150	232020	卖盘
14:50:47	15.43	--	20	31461	卖盘
14:50:42	15.43	-0.01	11	16973	卖盘
14:50:38	15.44	--	42	64848	买盘
14:50:32	15.44	0.01	120	185280	买盘
14:50:23	15.43	-0.01	167	257681	卖盘
14:50:17	15.44	--	30	46320	买盘
14:50:08	15.44	0.01	1	1544	买盘
14:50:02	15.43	--	111	171273	卖盘
14:49:58	15.43	-0.01	10	15430	卖盘
14:49:53	15.44	0.01	3	4632	买盘
14:49:47	15.43	--	63	97209	卖盘
14:49:42	15.43	--	10	15430	卖盘
14:49:38	15.43	-0.01	31	47833	卖盘
14:49:32	15.44	--	226	348944	买盘
14:49:22	15.44	0.01	65	100360	买盘
14:49:17	15.43	-0.01	24	37032	卖盘
14:49:08	15.44	0.01	126	194544	买盘
14:49:02	15.43	-0.01	231	356433	卖盘
14:48:58	15.44	0.01	20	30880	买盘
14:48:53	15.43	--	7	10801	卖盘
14:48:47	15.43	--	50	77150	卖盘
14:48:42	15.43	-0.01	32	49376	卖盘
14:48:38	15.44	0.01	88	135872	买盘
14:48:32	15.43	--	120	185160	卖盘
14:48:27	15.43	-0.01	279	430497	卖盘
14:48:22	15.44	0.01	11	16984	买盘
14:48:17	15.43	--	66	101838	卖盘
14:48:12	15.43	-0.01	15	23145	卖盘
14:48:07	15.44	--	11	16984	买盘
14:47:56	15.44	0.01	18	27792	买盘
14:47:52	15.43	-0.01	251	387493	卖盘
14:47:47	15.44	--	14	21616	卖盘
14:47:37	15.44	--	157	242408	卖盘
14:47:32	15.44	--	4	6176	卖盘
14:47:26	15.44	--	131	202264	卖盘
14:47:17	15.44	--	36	55584	卖盘
14:47:11	15.44	--	20	30880	卖盘
14:47:07	15.44	--	6	9264	卖盘
14:47:02	15.44	--	5	7720	卖盘
14:46:56	15.44	--	283	436952	卖盘
14:46:52	15.44	-0.01	190	294811	卖盘
14:46:47	15.45	--	10	15450	买盘
14:46:26	15.45	0.01	4	6180	买盘
14:46:22	15.44	-0.01	213	328872	卖盘
14:46:17	15.45	0.01	51	78795	买盘
14:46:07	15.44	-0.01	35	54040	卖盘
14:46:02	15.45	0.01	21	32445	买盘
14:45:56	15.44	-0.01	304	469376	卖盘
14:45:52	15.45	--	16	24720	买盘
14:45:47	15.45	--	335	517575	买盘
14:45:37	15.45	--	22	33990	买盘
14:45:32	15.45	0.01	5	7725	买盘
14:45:26	15.44	--	5	7720	卖盘
14:45:22	15.44	-0.01	312	482330	卖盘
14:45:17	15.45	--	23	36940	卖盘
14:45:11	15.45	--	28	43800	卖盘
14:45:07	15.45	--	22	35318	卖盘
14:45:02	15.45	--	34	53333	卖盘
14:44:56	15.45	--	290	448050	卖盘
14:44:52	15.45	--	9	13905	卖盘
14:44:47	15.45	--	2	3090	卖盘
14:44:41	15.45	--	98	151410	卖盘
14:44:36	15.45	--	1	1545	卖盘
14:44:32	15.45	--	5	7725	卖盘
14:44:26	15.45	-0.01	38	59714	卖盘
14:44:21	15.46	0.01	341	527186	买盘
14:44:17	15.45	--	3	5932	卖盘
14:44:11	15.45	--	24	37775	卖盘
14:44:06	15.45	--	53	81977	卖盘
14:44:02	15.45	--	30	46350	卖盘
14:43:56	15.45	--	12	18540	卖盘
14:43:51	15.45	--	275	424875	卖盘
14:43:47	15.45	-0.01	16	24720	卖盘
14:43:41	15.46	--	1	1546	买盘
14:43:32	15.46	--	42	65024	卖盘
14:43:26	15.46	--	65	100490	卖盘
14:43:21	15.46	--	70	108220	卖盘
14:43:17	15.46	--	45	69570	卖盘
14:43:11	15.46	--	31	47926	卖盘
14:43:06	15.46	--	1	1546	卖盘
14:43:01	15.46	--	42	65473	卖盘
14:42:56	15.46	--	172	266839	卖盘
14:42:51	15.46	-0.01	63	98263	卖盘
14:42:47	15.47	0.01	55	85672	买盘
14:42:41	15.46	--	10	15630	卖盘
14:42:36	15.46	-0.01	97	151399	卖盘
14:42:31	15.47	0.01	450	696150	买盘
14:42:26	15.46	--	17	26282	卖盘
14:42:21	15.46	--	20	30920	卖盘
14:42:16	15.46	--	232	358672	卖盘
14:42:11	15.46	--	30	46380	卖盘
14:42:06	15.46	--	4	6184	卖盘
14:41:56	15.46	--	7	10822	卖盘
14:41:46	15.46	--	5	7730	卖盘
14:41:41	15.46	--	29	44834	卖盘
14:41:36	15.46	--	12	18552	卖盘
14:41:31	15.46	--	70	108220	卖盘
14:41:26	15.46	--	105	162330	卖盘
14:41:21	15.46	--	19	29374	卖盘
14:41:16	15.46	--	85	131410	卖盘
14:41:11	15.46	--	4	6184	卖盘
14:40:56	15.46	--	30	46380	卖盘
14:40:46	15.46	--	306	473076	卖盘
14:40:41	15.46	--	102	157707	买盘
14:40:35	15.46	--	100	154600	买盘
14:40:31	15.46	-0.01	1	3076	卖盘
14:40:26	15.47	0.01	35	54145	买盘
14:40:16	15.46	--	18	27828	卖盘
14:40:11	15.46	--	9	13914	卖盘
14:40:05	15.46	0.01	300	463815	买盘
14:40:01	15.45	--	30	46350	卖盘
14:39:56	15.45	--	20	30900	卖盘
14:39:46	15.45	-0.01	133	205485	卖盘
14:39:20	15.46	0.01	10	15460	买盘
14:39:16	15.45	-0.01	20	30900	卖盘
14:39:11	15.46	-0.01	75	117480	卖盘
14:39:05	15.47	0.01	260	402235	买盘
14:39:01	15.46	-0.01	307	474622	买盘
14:38:56	15.47	--	0	0	买盘
14:38:50	15.47	0.01	200	309400	买盘
14:38:46	15.46	--	191	296785	卖盘
14:38:41	15.46	--	34	52564	卖盘
14:38:35	15.46	-0.01	4	6184	卖盘
14:38:31	15.47	0.01	91	140777	买盘
14:38:26	15.46	--	44	68070	买盘
14:38:20	15.46	0.01	520	803920	买盘
14:38:11	15.45	-0.01	24	38609	卖盘
14:38:05	15.46	--	178	275188	卖盘
14:38:00	15.46	-0.01	10	15460	卖盘
14:37:56	15.47	--	49	75803	买盘
14:37:50	15.47	--	221	341887	买盘
14:37:45	15.47	0.01	91	140777	买盘
14:37:41	15.46	-0.01	56	86576	卖盘
14:37:35	15.47	0.01	18	27846	买盘
14:37:30	15.46	--	49	75754	卖盘
14:37:26	15.46	-0.01	76	117496	卖盘
14:37:20	15.47	0.01	18	27892	买盘
14:37:15	15.46	-0.01	153	236538	卖盘
14:37:10	15.47	--	300	464100	买盘
14:37:05	15.47	--	75	116025	买盘
14:37:00	15.47	--	13	20111	买盘
14:36:56	15.47	0.02	44	68068	买盘
14:36:45	15.45	--	187	288915	卖盘
14:36:41	15.45	-0.02	31	47895	卖盘
14:36:30	15.47	0.01	59	91273	买盘
14:36:25	15.46	--	6	9276	买盘
14:36:20	15.46	0.01	29	44880	中性盘
14:36:15	15.45	-0.02	163	251835	卖盘
14:36:11	15.47	0.02	61	94367	买盘
14:36:05	15.45	-0.02	11	16995	卖盘
14:35:50	15.47	--	21	32487	买盘
14:35:45	15.47	0.01	11	17017	买盘
14:35:40	15.46	--	18	27828	买盘
14:35:35	15.46	0.01	22	34012	中性盘
14:35:25	15.45	-0.01	201	310545	卖盘
14:35:20	15.46	--	44	68024	卖盘
14:35:14	15.46	--	7	10868	卖盘
14:35:10	15.46	-0.01	10	15460	卖盘
14:34:55	15.47	0.01	19	29393	买盘
14:34:50	15.46	--	7	10822	卖盘
14:34:45	15.46	0.01	570	881560	买盘
14:34:40	15.45	--	66	102016	买盘
14:34:35	15.45	-0.01	41	64843	卖盘
14:34:29	15.46	0.01	77	119042	买盘
14:34:25	15.45	--	7	10861	卖盘
14:34:20	15.45	--	53	81885	买盘
14:34:10	15.45	--	319	492855	买盘
14:33:59	15.45	0.01	38	58710	买盘
14:33:50	15.44	-0.02	2	3088	卖盘
14:33:44	15.46	0.01	36	55656	买盘
14:33:40	15.45	--	3	4635	卖盘
14:33:35	15.45	0.01	83	128235	买盘
14:33:25	15.44	-0.02	7	10869	卖盘
14:33:20	15.46	0.01	16	24736	买盘
14:33:10	15.45	--	4	6180	卖盘
14:33:05	15.45	--	4	6180	卖盘
14:32:55	15.45	--	90	139868	买盘
14:32:40	15.45	--	10	15450	买盘
14:32:35	15.45	--	292	451866	卖盘
14:32:24	15.45	--	34	52576	卖盘
14:32:20	15.45	-0.01	64	98880	卖盘
14:32:14	15.46	--	69	106674	买盘
14:32:10	15.46	0.01	21	32466	买盘
14:32:05	15.45	-0.01	19	29355	卖盘
14:31:59	15.46	0.01	48	74208	买盘
14:31:55	15.45	--	9	14677	买盘
14:31:50	15.45	--	179	276555	买盘
14:31:44	15.45	--	36	55620	买盘
14:31:39	15.45	--	83	128235	买盘
14:31:35	15.45	--	163	251835	买盘
14:31:29	15.45	--	74	114330	买盘
14:31:24	15.45	--	19	29355	买盘
14:31:19	15.45	0.01	33	50985	买盘
14:31:14	15.44	0.01	22	33968	买盘
14:31:09	15.43	0.01	71	110093	买盘
14:31:05	15.42	--	142	218964	卖盘
14:30:44	15.42	-0.01	23	35466	卖盘
14:30:39	15.43	0.01	29	44747	买盘
14:30:35	15.42	--	273	420966	卖盘
14:30:29	15.42	--	45	69436	卖盘
14:30:24	15.42	-0.01	13	20046	卖盘
14:30:19	15.43	--	5	7715	买盘
14:30:09	15.43	--	93	143499	买盘
14:30:04	15.43	-0.01	215	332747	卖盘
14:29:59	15.44	0.01	7	10808	买盘
14:29:54	15.43	--	5	7715	卖盘
14:29:50	15.43	--	1	1543	卖盘
14:29:29	15.43	-0.01	107	165147	卖盘
14:29:19	15.44	--	68	104992	卖盘
14:29:04	15.44	--	1	1544	卖盘
14:28:59	15.44	--	52	80288	卖盘
14:28:54	15.44	--	1	1544	卖盘
14:28:49	15.44	--	16	24704	卖盘
14:28:44	15.44	--	16	24704	卖盘
14:28:34	15.44	--	1	1544	卖盘
14:28:29	15.44	--	65	100406	卖盘
14:28:23	15.44	-0.01	14	21616	卖盘
14:28:14	15.45	0.01	26	40170	买盘
14:28:09	15.44	-0.01	2	3088	卖盘
14:28:04	15.45	0.01	33	50985	买盘
14:27:59	15.44	-0.01	78	120432	卖盘
14:27:49	15.45	0.01	40	61800	买盘
14:27:44	15.44	--	2	3088	卖盘
14:27:38	15.44	--	1	1544	卖盘
14:27:34	15.44	--	12	18574	卖盘
14:27:29	15.44	--	218	336592	卖盘
14:27:23	15.44	--	7	10808	卖盘
14:27:19	15.44	0.01	662	1022529	买盘
14:27:14	15.43	--	5	7715	买盘
14:27:04	15.43	--	194	300483	卖盘
14:26:59	15.43	-0.01	61	94123	卖盘
14:26:53	15.44	--	1006	1553264	买盘
14:26:49	15.44	0.01	7	10808	买盘
14:26:44	15.43	--	9	13887	卖盘
14:26:38	15.43	--	1	1543	卖盘
14:26:34	15.43	--	7	10862	卖盘
14:26:29	15.43	-0.01	47	72521	卖盘
14:26:19	15.44	0.01	7	10808	买盘
14:26:14	15.43	-0.01	27	41661	卖盘
14:26:08	15.44	--	15	23160	买盘
14:26:04	15.44	0.01	59	91096	买盘
14:25:59	15.43	--	77	118811	卖盘
14:25:53	15.43	-0.01	3	4629	卖盘
14:25:44	15.44	--	5	7720	买盘
14:25:38	15.44	0.01	11	16984	买盘
14:25:34	15.43	--	17	26277	卖盘
14:25:28	15.43	-0.01	115	177445	卖盘
14:25:18	15.44	--	17	26248	买盘
14:25:08	15.44	0.01	307	474008	买盘
14:25:03	15.43	-0.03	9	13887	卖盘
14:24:58	15.46	0.02	10	15460	买盘
14:24:53	15.44	-0.02	18	27792	卖盘
14:24:48	15.46	--	14	21644	买盘
14:24:43	15.46	--	44	68024	买盘
14:24:38	15.46	--	231	357172	买盘
14:24:28	15.46	0.03	12	18552	买盘
14:24:23	15.43	-0.03	283	436669	卖盘
14:24:18	15.46	--	11	17006	买盘
14:24:13	15.46	0.02	44	68024	买盘
14:24:08	15.44	--	7	10808	买盘
14:23:58	15.44	--	29	44776	买盘
14:23:53	15.44	--	293	453843	卖盘
14:23:48	15.44	-0.01	20	30880	卖盘
14:23:43	15.45	--	8	12360	买盘
14:23:38	15.45	--	68	105106	买盘
14:23:28	15.45	--	2	3090	买盘
14:23:18	15.45	--	77	120262	卖盘
14:23:13	15.45	-0.01	7	10815	卖盘
14:23:08	15.46	--	43	66478	买盘
14:23:03	15.46	--	2	3092	买盘
14:22:58	15.46	--	22	34012	买盘
14:22:53	15.46	0.01	73	112858	买盘
14:22:48	15.45	-0.01	9	13905	卖盘
14:22:43	15.46	0.01	7	10822	买盘
14:22:38	15.45	-0.01	18	27856	卖盘
14:22:17	15.46	--	91	140686	卖盘
14:22:13	15.46	--	2	3092	卖盘
14:22:08	15.46	-0.01	27	41742	卖盘
14:21:58	15.47	0.02	40	62359	买盘
14:21:53	15.45	-0.01	81	125191	卖盘
14:21:48	15.46	--	4	6184	买盘
14:21:43	15.46	0.01	145	224170	买盘
14:21:28	15.45	--	11	16995	卖盘
14:21:17	15.45	-0.01	32	49440	卖盘
14:21:13	15.46	--	197	304716	买盘
14:21:08	15.46	0.01	4	6184	买盘
14:21:02	15.45	--	225	347625	买盘
14:20:58	15.45	0.01	23	35535	买盘
14:20:53	15.44	--	64	98862	卖盘
14:20:47	15.44	-0.01	16	24704	卖盘
14:20:43	15.45	--	14	21630	买盘
14:20:32	15.45	0.01	107	165315	买盘
14:20:28	15.44	--	1	1544	卖盘
14:20:17	15.44	-0.01	186	287184	卖盘
14:20:13	15.45	0.01	38	58710	买盘
14:20:08	15.44	--	28	43232	买盘
14:20:02	15.44	0.01	7	10808	买盘
14:19:58	15.43	-0.01	12	18516	卖盘
14:19:53	15.44	--	97	149829	买盘
14:19:47	15.44	--	58	89552	买盘
14:19:43	15.44	0.01	1	1544	买盘
14:19:32	15.43	--	201	310143	卖盘
14:19:27	15.43	--	10	15430	卖盘
14:19:23	15.43	--	19	29317	卖盘
14:19:17	15.43	--	16	24688	卖盘
14:19:13	15.43	-0.01	126	194418	卖盘
14:19:07	15.44	0.01	22	33968	买盘
14:19:02	15.43	-0.01	20	30860	卖盘
14:18:58	15.44	--	1	1544	买盘
14:18:52	15.44	0.01	9	13942	买盘
14:18:47	15.43	-0.01	23	35489	卖盘
14:18:42	15.44	--	15	23160	买盘
14:18:38	15.44	--	18	27792	买盘
14:18:32	15.44	0.01	33	51090	买盘
14:18:27	15.43	-0.02	117	181935	卖盘
14:18:22	15.45	--	37	57165	买盘
14:18:17	15.45	0.01	117	180765	买盘
14:18:12	15.44	--	1	1544	买盘
14:18:07	15.44	--	33	50952	买盘
14:18:02	15.44	--	11	16984	买盘
14:17:57	15.44	--	11	16984	买盘
14:17:52	15.44	--	55	84920	买盘
14:17:47	15.44	--	71	109670	买盘
14:17:42	15.44	--	1	1544	买盘
14:17:37	15.44	--	35	54040	买盘
14:17:32	15.44	0.01	120	185280	买盘
14:17:27	15.43	-0.01	11	16973	卖盘
14:17:22	15.44	0.01	12	19145	买盘
14:17:17	15.43	--	332	512615	卖盘
14:17:12	15.43	-0.01	69	106806	卖盘
14:17:07	15.44	0.01	3	5666	买盘
14:17:02	15.43	--	15	24163	卖盘
14:16:57	15.43	--	0	601	卖盘
14:16:52	15.43	--	19	30242	卖盘
14:16:47	15.43	-0.01	15	24487	卖盘
14:16:42	15.44	--	73	112712	买盘
14:16:32	15.44	0.01	6	9264	买盘
14:16:27	15.43	--	21	32449	买盘
14:16:22	15.43	--	38	60130	卖盘
14:16:17	15.43	-0.01	5	7715	卖盘
14:16:12	15.44	--	29	44776	买盘
14:16:07	15.44	0.01	35	54040	买盘
14:16:02	15.43	-0.01	20	30860	卖盘
14:15:56	15.44	0.01	4	6176	买盘
14:15:52	15.43	--	99	153204	卖盘
14:15:47	15.43	--	23	35489	卖盘
14:15:41	15.43	-0.01	101	155843	卖盘
14:15:37	15.44	0.01	257	396962	买盘
14:15:32	15.43	--	32	49376	卖盘
14:15:27	15.43	-0.01	13	20059	卖盘
14:15:22	15.44	--	155	239320	卖盘
14:15:17	15.44	--	231	356664	卖盘
14:15:11	15.44	-0.01	48	74112	卖盘
14:15:07	15.45	0.01	17	26265	买盘
14:15:02	15.44	--	183	282552	卖盘
14:14:52	15.44	--	9	13942	卖盘
14:14:47	15.44	--	69	106536	卖盘
14:14:41	15.44	-0.01	137	211528	卖盘
14:14:37	15.45	0.01	53	81885	买盘
14:14:32	15.44	--	12	18528	卖盘
14:14:26	15.44	--	4	6176	卖盘
14:14:22	15.44	-0.01	23	35512	卖盘
14:14:17	15.45	0.01	33	50985	买盘
14:14:11	15.44	-0.01	144	222336	卖盘
14:14:07	15.45	--	43	66435	买盘
14:14:02	15.45	--	88	135960	买盘
14:13:56	15.45	--	167	258385	买盘
14:13:52	15.45	--	11	16995	买盘
14:13:47	15.45	0.01	2	3955	买盘
14:13:41	15.44	--	6	9572	卖盘
14:13:37	15.44	-0.01	4	7426	卖盘
14:13:32	15.45	--	46	71301	卖盘
14:13:26	15.45	--	12	19065	卖盘
14:13:22	15.45	--	14	21923	卖盘
14:13:17	15.45	--	101	156245	卖盘
14:13:11	15.45	-0.01	3	5855	卖盘
14:13:07	15.46	--	83	129168	买盘
14:13:02	15.46	0.01	11	17655	买盘
14:12:56	15.45	--	7	10861	卖盘
14:12:52	15.45	--	2	3182	卖盘
14:12:47	15.45	-0.01	23	36060	卖盘
14:12:41	15.46	0.01	7	10822	买盘
14:12:37	15.45	-0.01	142	219390	卖盘
14:12:31	15.46	0.01	3	4638	买盘
14:12:26	15.45	0.01	32	49440	中性盘
14:12:16	15.44	-0.02	11	16984	卖盘
14:12:11	15.46	--	69	106674	买盘
14:12:06	15.46	0.02	60	92760	买盘
14:12:01	15.44	-0.02	7	10854	卖盘
14:11:56	15.46	--	0	0	买盘
14:11:46	15.46	0.02	12	18552	买盘
14:11:36	15.44	--	334	515696	卖盘
14:11:31	15.44	-0.01	40	61760	卖盘
14:11:26	15.45	0.01	4	6180	买盘
14:11:21	15.44	-0.01	50	77200	卖盘
14:11:16	15.45	--	23	35535	买盘
14:11:11	15.45	0.01	62	95790	买盘
14:11:06	15.44	--	135	208486	卖盘
14:11:01	15.44	--	29	44776	卖盘
14:10:56	15.44	-0.01	9	13896	卖盘
14:10:46	15.45	0.01	25	38625	买盘
14:10:36	15.44	--	299	461656	买盘
14:10:31	15.44	--	50	77200	卖盘
14:10:26	15.44	--	36	55584	卖盘
14:10:21	15.44	--	42	64848	卖盘
14:10:16	15.44	--	29	44776	卖盘
14:10:11	15.44	--	5	7720	卖盘
14:10:06	15.44	-0.01	34	52496	卖盘
14:10:01	15.45	--	114	176130	买盘
14:09:56	15.45	0.01	1	1545	买盘
14:09:46	15.44	--	50	77200	卖盘
14:09:41	15.44	--	6	9264	卖盘
14:09:36	15.44	-0.01	10	15440	卖盘
14:09:26	15.45	0.01	85	131325	买盘
14:09:01	15.44	-0.02	36	55584	卖盘
14:08:46	15.46	0.01	222	343212	买盘
14:08:41	15.45	0.01	5	7725	中性盘
14:08:35	15.44	-0.02	119	183736	卖盘
14:08:31	15.46	--	51	78846	买盘
14:08:26	15.46	0.01	142	219532	买盘
14:08:20	15.45	-0.01	374	577830	卖盘
14:08:16	15.46	--	164	253544	买盘
14:08:11	15.46	--	19	30440	卖盘
14:08:05	15.46	--	26	40196	卖盘
14:08:01	15.46	--	93	143778	卖盘
14:07:56	15.46	--	101	156146	卖盘
14:07:46	15.46	-0.01	18	27828	卖盘
14:07:41	15.47	0.01	89	137683	买盘
14:07:31	15.46	-0.01	214	330844	卖盘
14:07:26	15.47	0.01	4	6188	买盘
14:07:16	15.46	--	14	21644	卖盘
14:07:11	15.46	--	5	7730	卖盘
14:07:05	15.46	--	1	1546	卖盘
14:07:01	15.46	--	212	327752	卖盘
14:06:56	15.46	-0.01	41	63386	卖盘
14:06:50	15.47	--	1	1547	买盘
14:06:46	15.47	--	5	7735	买盘
14:06:35	15.47	--	5	7735	买盘
14:06:30	15.47	-0.01	230	356072	卖盘
14:06:26	15.48	0.01	5	7740	买盘
14:06:20	15.47	-0.01	9	13923	卖盘
14:06:10	15.48	--	2	3096	买盘
14:06:05	15.48	--	4	6192	买盘
14:06:00	15.48	--	97	151084	卖盘
14:05:55	15.48	-0.01	146	226008	卖盘
14:05:45	15.49	--	34	53285	买盘
14:05:40	15.49	0.01	31	48019	买盘
14:05:35	15.48	0.01	39	60372	买盘
14:05:30	15.47	--	150	232050	卖盘
14:05:20	15.47	--	2	3094	卖盘
14:05:00	15.47	-0.01	11	17017	卖盘
14:04:50	15.48	-0.01	20	30960	卖盘
14:04:30	15.49	0.02	20	30980	买盘
14:04:25	15.47	-0.03	307	474929	卖盘
14:04:20	15.5	--	62	96100	买盘
14:04:15	15.5	--	0	0	买盘
14:04:10	15.5	0.02	376	582800	买盘
14:04:05	15.48	0.01	4	6192	买盘
14:04:00	15.47	--	211	326417	卖盘
14:03:50	15.47	-0.01	3	5925	卖盘
14:03:45	15.48	-0.01	322	498703	卖盘
14:03:40	15.49	0.01	17	26844	买盘
14:03:35	15.48	--	16	25294	卖盘
14:03:30	15.48	-0.01	55	85914	卖盘
14:03:25	15.49	--	25	39762	买盘
14:03:20	15.49	0.01	37	57313	买盘
14:03:10	15.48	-0.01	36	55728	卖盘
14:03:05	15.49	--	22	34078	买盘
14:03:00	15.49	--	16	24784	买盘
14:02:55	15.49	--	44	68156	买盘
14:02:50	15.49	0.01	245	379505	买盘
14:02:44	15.48	--	64	99072	买盘
14:02:40	15.48	0.01	76	117648	买盘
14:02:35	15.47	-0.01	10	15470	卖盘
14:02:25	15.48	--	66	102168	买盘
14:02:20	15.48	--	11	17028	买盘
14:02:10	15.48	--	169	261612	买盘
14:02:05	15.48	0.01	18	27864	买盘
14:01:59	15.47	--	1	1547	卖盘
14:01:55	15.47	-0.02	84	129948	卖盘
14:01:50	15.49	0.01	37	57313	买盘
14:01:44	15.48	--	40	61920	卖盘
14:01:40	15.48	-0.01	281	434988	卖盘
14:01:35	15.49	0.01	55	85195	买盘
14:01:29	15.48	0.01	1	1548	卖盘
14:01:25	15.47	-0.01	125	193375	卖盘
14:01:20	15.48	--	135	208980	买盘
14:01:10	15.48	--	269	416412	卖盘
14:01:05	15.48	--	2	3096	卖盘
14:00:59	15.48	--	108	167184	卖盘
14:00:55	15.48	--	31	47988	卖盘
14:00:44	15.48	0.01	370	572760	买盘
14:00:40	15.47	--	2	3094	卖盘
14:00:25	15.47	--	157	242879	卖盘
14:00:20	15.47	--	2	3094	卖盘
14:00:14	15.47	--	15	23205	卖盘
14:00:09	15.47	--	28	43316	卖盘
14:00:05	15.47	--	9	14371	卖盘
13:59:59	15.47	--	237	366639	卖盘
13:59:44	15.47	-0.01	58	90824	卖盘
13:59:40	15.48	0.01	117	181116	买盘
13:59:34	15.47	--	65	100555	卖盘
13:59:29	15.47	--	47	72709	卖盘
13:59:24	15.47	--	509	787423	卖盘
13:59:14	15.47	-0.01	80	123760	卖盘
13:58:59	15.48	--	108	167184	买盘
13:58:54	15.48	--	1	1548	买盘
13:58:49	15.48	--	198	306504	卖盘
13:58:44	15.48	--	30	46440	卖盘
13:58:34	15.48	0.01	19	29412	卖盘
13:58:29	15.47	-0.01	358	553826	卖盘
13:58:24	15.48	--	4	6192	卖盘
13:58:19	15.48	--	173	267804	买盘
13:58:14	15.48	--	50	77400	买盘
13:58:09	15.48	0.01	7	10836	买盘
13:58:04	15.47	-0.01	55	85085	卖盘
13:57:59	15.48	0.01	7	10836	买盘
13:57:54	15.47	-0.01	205	317135	卖盘
13:57:44	15.48	--	5	7740	买盘
13:57:34	15.48	--	61	94428	买盘
13:57:29	15.48	0.01	7	10836	买盘
13:57:24	15.47	--	211	326417	卖盘
13:57:19	15.47	--	405	627014	买盘
13:57:14	15.47	--	5	7735	买盘
13:57:09	15.47	--	37	57239	买盘
13:57:04	15.47	-0.01	85	132562	卖盘
13:56:59	15.48	--	10	15480	买盘
13:56:54	15.48	0.01	2	3096	买盘
13:56:49	15.47	-0.01	37	57239	卖盘
13:56:39	15.48	--	74	114552	卖盘
13:56:34	15.48	-0.02	28	43344	卖盘
13:56:29	15.5	--	0	0	买盘
13:56:23	15.5	0.03	612	948600	买盘
13:56:19	15.47	--	267	413049	卖盘
13:56:04	15.47	--	1	1547	卖盘
13:55:59	15.47	--	1	1547	卖盘
13:55:49	15.47	-0.02	86	133042	卖盘
13:55:44	15.49	--	1510	2338990	卖盘
13:55:34	15.49	--	57	89052	买盘
13:55:29	15.49	--	130	201370	买盘
13:55:23	15.49	0.01	14	21995	买盘
13:55:19	15.48	--	136	210744	卖盘
13:55:14	15.48	--	0	1037	卖盘
13:55:08	15.48	--	0	479	卖盘
13:55:04	15.48	-0.01	9	14489	卖盘
13:54:59	15.49	--	11	17240	卖盘
13:54:53	15.49	--	15	24768	卖盘
13:54:49	15.49	--	20	31800	卖盘
13:54:44	15.49	--	50	77635	卖盘
13:54:38	15.49	--	3	5003	卖盘
13:54:34	15.49	0.01	164	254252	买盘
13:54:29	15.48	--	200	309600	卖盘
13:54:23	15.48	--	16	24768	卖盘
13:54:19	15.48	-0.01	55	85140	卖盘
13:54:14	15.49	0.01	7	10843	买盘
13:54:08	15.48	0.01	149	230652	买盘
13:54:04	15.47	--	60	92820	卖盘
13:53:59	15.47	--	54	83538	买盘
13:53:53	15.47	--	30	46410	卖盘
13:53:49	15.47	--	85	131495	卖盘
13:53:44	15.47	-0.01	110	170170	卖盘
13:53:38	15.48	0.01	4	6192	买盘
13:53:34	15.47	--	106	163982	卖盘
13:53:23	15.47	--	44	68068	卖盘
13:53:18	15.47	--	41	63427	卖盘
13:53:13	15.47	--	165	255255	卖盘
13:53:08	15.47	-0.01	21	32487	卖盘
13:53:03	15.48	0.01	11	17028	买盘
13:52:59	15.47	--	16	24752	卖盘
13:52:48	15.47	-0.01	14	21658	卖盘
13:52:43	15.48	--	96	148608	买盘
13:52:38	15.48	--	10	15480	买盘
13:52:28	15.48	-0.01	167	258516	卖盘
13:52:23	15.49	0.01	5	7745	买盘
13:52:13	15.48	--	116	179568	卖盘
13:52:08	15.48	--	11	17028	卖盘
13:52:03	15.48	--	25	38700	卖盘
13:51:58	15.48	--	1	1548	卖盘
13:51:53	15.48	--	0	0	卖盘
13:51:43	15.48	--	138	213624	卖盘
13:51:38	15.48	--	0	0	卖盘
13:51:23	15.48	-0.02	11	17028	卖盘
13:51:18	15.5	0.02	49	75950	买盘
13:51:13	15.48	-0.02	2045	3165660	卖盘
13:50:58	15.5	0.01	300	465000	买盘
13:50:43	15.49	-0.01	332	514268	卖盘
13:50:38	15.5	0.01	806	1249300	买盘
13:50:28	15.49	--	11	17039	卖盘
13:50:23	15.49	0.01	77	119273	买盘
13:50:18	15.48	-0.01	22	34056	中性盘
13:50:13	15.49	0.02	262	405853	买盘
13:50:08	15.47	--	34	52598	卖盘
13:50:03	15.47	-0.01	11	17017	卖盘
13:49:58	15.48	--	3	5944	卖盘
13:49:53	15.48	--	28	43591	卖盘
13:49:47	15.48	--	37	57477	卖盘
13:49:43	15.48	-0.01	300	464802	卖盘
13:49:38	15.49	--	0	1208	卖盘
13:49:32	15.49	--	0	108	卖盘
13:49:28	15.49	--	16	25961	卖盘
13:49:23	15.49	-0.01	11	17039	卖盘
13:49:08	15.5	-0.01	190	294500	卖盘
13:48:58	15.51	--	339	525789	卖盘
13:48:53	15.51	--	28	43428	卖盘
13:48:47	15.51	--	5	7755	卖盘
13:48:43	15.51	-0.01	249	386199	卖盘
13:48:38	15.52	0.01	9	13968	买盘
13:48:28	15.51	--	10	15510	卖盘
13:48:23	15.51	-0.01	3	4653	卖盘
13:48:13	15.52	--	149	231248	卖盘
13:48:08	15.52	--	50	77600	买盘
13:47:58	15.52	--	75	116400	卖盘
13:47:43	15.52	--	24	37248	买盘
13:47:38	15.52	--	17	26384	卖盘
13:47:28	15.52	--	104	161408	卖盘
13:47:23	15.52	-0.01	93	144336	卖盘
13:47:13	15.53	--	30	46590	买盘
13:47:08	15.53	0.01	10	15530	买盘
13:47:02	15.52	--	0	0	卖盘
13:46:58	15.52	-0.01	1234	1915168	卖盘
13:46:47	15.53	-0.01	12	18636	中性盘
13:46:42	15.54	--	341	529914	买盘
13:46:38	15.54	0.01	24	37296	买盘
13:46:32	15.53	--	80	124240	卖盘
13:46:27	15.53	--	2	3106	卖盘
13:46:22	15.53	-0.01	14	21742	卖盘
13:46:17	15.54	0.03	509	790986	买盘
13:46:12	15.51	--	150	232650	卖盘
13:46:07	15.51	-0.02	38	58938	卖盘
13:46:02	15.53	-0.01	5	7765	买盘
13:45:57	15.54	--	0	0	买盘
13:45:52	15.54	0.04	12	18648	买盘
13:45:47	15.5	--	83	128650	卖盘
13:45:37	15.5	-0.04	5	7750	卖盘
13:45:32	15.54	--	1	1554	买盘
13:45:17	15.54	--	254	395539	卖盘
13:45:12	15.54	--	21	32634	卖盘
13:45:07	15.54	--	183	284397	卖盘
13:45:02	15.54	--	156	242424	卖盘
13:44:57	15.54	--	67	104118	卖盘
13:44:52	15.54	--	76	118104	卖盘
13:44:47	15.54	--	48	74592	卖盘
13:44:42	15.54	--	14	21756	卖盘
13:44:37	15.54	0.08	4581	7119588	买盘
13:44:32	15.46	--	68	105128	卖盘
13:44:27	15.46	-0.01	42	64932	卖盘
13:44:22	15.47	0.01	82	126854	买盘
13:44:12	15.46	--	10	15460	卖盘
13:44:07	15.46	-0.01	79	122134	卖盘
13:44:02	15.47	0.01	47	72709	买盘
13:43:47	15.46	-0.01	113	174698	卖盘
13:43:37	15.47	--	270	417690	卖盘
13:43:32	15.47	--	58	89726	卖盘
13:43:26	15.47	--	9	13923	卖盘
13:43:22	15.47	--	86	133042	卖盘
13:43:17	15.47	--	37	57239	卖盘
13:43:11	15.47	--	17	26299	卖盘
13:43:07	15.47	0.01	142	219674	买盘
13:43:02	15.46	--	102	157692	卖盘
13:42:56	15.46	--	17	26282	卖盘
13:42:52	15.46	-0.01	35	54110	卖盘
13:42:47	15.47	--	56	86632	买盘
13:42:41	15.47	--	84	129948	买盘
13:42:37	15.47	--	116	179452	买盘
13:42:32	15.47	--	23	35581	买盘
13:42:26	15.47	--	14	21658	买盘
13:42:22	15.47	0.01	11	17017	买盘
13:42:17	15.46	--	3	4638	卖盘
13:42:11	15.46	--	1	1546	卖盘
13:42:07	15.46	0.01	217	335543	买盘
13:42:02	15.45	-0.01	116	179220	卖盘
13:41:56	15.46	--	43	66478	买盘
13:41:52	15.46	0.01	55	85030	买盘
13:41:47	15.45	-0.01	134	207030	卖盘
13:41:37	15.46	0.02	7	10822	买盘
13:41:32	15.44	-0.02	196	302624	卖盘
13:41:26	15.46	0.01	7	10822	买盘
13:41:22	15.45	0.01	140	216300	买盘
13:41:17	15.44	-0.01	157	242408	卖盘
13:41:07	15.45	--	15	23175	买盘
13:41:02	15.45	--	357	551565	买盘
13:40:56	15.45	0.01	173	267285	买盘
13:40:47	15.44	-0.01	182	281008	卖盘
13:40:41	15.45	--	16	24720	买盘
13:40:37	15.45	0.01	4	6180	买盘
13:40:32	15.44	-0.01	351	541944	卖盘
13:40:26	15.45	--	27	41715	买盘
13:40:22	15.45	-0.01	646	998966	卖盘
13:40:16	15.46	0.01	33	51018	买盘
13:40:06	15.45	--	21	32445	卖盘
13:40:01	15.45	--	220	340811	卖盘
13:39:56	15.45	-0.01	80	124357	卖盘
13:39:51	15.46	0.01	113	174713	买盘
13:39:46	15.45	--	5	7725	卖盘
13:39:41	15.45	--	25	39397	卖盘
13:39:31	15.45	--	173	267285	卖盘
13:39:26	15.45	-0.01	3	4635	卖盘
13:39:16	15.46	--	3	4638	买盘
13:39:11	15.46	--	372	575112	买盘
13:39:06	15.46	-0.01	247	382897	卖盘
13:39:01	15.47	--	101	156247	买盘
13:38:56	15.47	0.01	119	184093	买盘
13:38:51	15.46	-0.01	300	463800	卖盘
13:38:46	15.47	0.02	92	142834	买盘
13:38:41	15.45	--	26	40170	卖盘
13:38:31	15.45	-0.01	98	151410	卖盘
13:38:26	15.46	--	148	228808	买盘
13:38:21	15.46	--	19	29374	买盘
13:38:16	15.46	--	8	12368	买盘
13:38:11	15.46	0.01	118	182428	买盘
13:38:06	15.45	--	55	84975	卖盘
13:38:01	15.45	-0.01	360	556200	卖盘
13:37:56	15.46	0.01	164	254827	买盘
13:37:51	15.45	--	33	50985	买盘
13:37:46	15.45	--	33	50985	买盘
13:37:41	15.45	--	44	67980	买盘
13:37:36	15.45	--	24	37080	买盘
13:37:31	15.45	--	123	190328	卖盘
13:37:26	15.45	-0.01	574	886830	卖盘
13:37:21	15.46	--	62	95852	买盘
13:37:16	15.46	0.01	185	286010	买盘
13:37:11	15.45	-0.01	35	54075	卖盘
13:37:06	15.46	--	33	51018	买盘
13:37:01	15.46	0.01	142	219532	买盘
13:36:56	15.45	-0.01	62	95790	卖盘
13:36:50	15.46	--	9	13914	买盘
13:36:35	15.46	0.01	55	85030	买盘
13:36:31	15.45	-0.01	143	220935	卖盘
13:36:11	15.46	--	21	32466	买盘
13:36:05	15.46	0.01	29	44834	买盘
13:36:01	15.45	--	152	234840	卖盘
13:35:56	15.45	-0.01	102	157636	卖盘
13:35:46	15.46	0.01	27	41742	买盘
13:35:41	15.45	-0.01	140	216300	卖盘
13:35:31	15.46	-0.01	402	623007	卖盘
13:35:26	15.47	-0.01	163	252161	卖盘
13:35:20	15.48	0.01	24	37152	买盘
13:35:16	15.47	-0.01	2	3094	卖盘
13:35:11	15.48	0.01	138	213624	买盘
13:35:05	15.47	0.01	11	17017	买盘
13:35:01	15.46	--	67	103582	卖盘
13:34:50	15.46	--	0	0	卖盘
13:34:46	15.46	-0.02	531	820926	卖盘
13:34:41	15.48	0.01	240	371520	买盘
13:34:31	15.47	--	170	262990	卖盘
13:34:26	15.47	--	158	244456	买盘
13:34:20	15.47	--	175	270725	买盘
13:34:16	15.47	--	6	9282	买盘
13:34:11	15.47	--	50	77350	买盘
13:33:55	15.47	-0.01	391	606393	卖盘
13:33:50	15.48	0.01	207	320436	买盘
13:33:45	15.47	-0.01	26	40222	卖盘
13:33:40	15.48	0.01	10	15480	买盘
13:33:35	15.47	--	4	6188	卖盘
13:33:30	15.47	--	7	10829	卖盘
13:33:25	15.47	--	49	75803	卖盘
13:33:20	15.47	-0.01	5	7735	卖盘
13:33:15	15.48	0.01	3	4644	买盘
13:33:05	15.47	--	20	30940	卖盘
13:32:55	15.47	--	51	78897	卖盘
13:32:50	15.47	--	13	20111	卖盘
13:32:45	15.47	-0.01	8	12376	卖盘
13:32:40	15.48	0.01	3	4644	买盘
13:32:30	15.47	--	20	30940	卖盘
13:32:25	15.47	--	95	146965	卖盘
13:32:20	15.47	--	22	34064	买盘
13:32:15	15.47	--	11	18533	卖盘
13:32:10	15.47	--	65	100585	买盘
13:32:05	15.47	--	163	252161	买盘
13:32:00	15.47	--	96	148512	卖盘
13:31:55	15.47	--	78	120666	卖盘
13:31:50	15.47	--	40	61880	卖盘
13:31:45	15.47	--	17	26299	卖盘
13:31:40	15.47	0.01	39	60333	中性盘
13:31:35	15.46	--	45	69570	卖盘
13:31:30	15.46	--	17	26282	卖盘
13:31:25	15.46	--	76	117496	卖盘
13:31:20	15.46	--	35	54110	卖盘
13:31:15	15.46	-0.01	22	34012	卖盘
13:31:10	15.47	0.01	19	29393	买盘
13:31:05	15.46	--	1	1546	卖盘
13:31:00	15.46	--	0	0	卖盘
13:30:55	15.46	--	76	117496	卖盘
13:30:50	15.46	--	131	202526	卖盘
13:30:45	15.46	0.01	9	13914	卖盘
13:30:40	15.45	-0.02	16	24720	卖盘
13:30:35	15.47	--	122	188734	卖盘
13:30:29	15.47	0.01	108	167076	买盘
13:30:25	15.46	0.01	4	6184	卖盘
13:30:20	15.45	-0.01	270	418355	卖盘
13:30:14	15.46	--	250	386500	买盘
13:30:10	15.46	0.01	34	52564	买盘
13:30:05	15.45	-0.01	60	92700	卖盘
13:29:59	15.46	--	5	7730	买盘
13:29:55	15.46	--	2	3092	买盘
13:29:50	15.46	--	6	9276	买盘
13:29:44	15.46	--	123	190498	卖盘
13:29:35	15.46	--	22	35217	买盘
13:29:25	15.46	--	25	38650	买盘
13:29:20	15.46	--	11	17006	买盘
13:29:14	15.46	-0.01	33	51358	卖盘
13:29:10	15.47	--	20	30940	买盘
13:29:05	15.47	--	470	727090	买盘
13:28:59	15.47	--	30	46410	买盘
13:28:55	15.47	0.01	5	7735	买盘
13:28:50	15.46	--	266	411236	卖盘
13:28:44	15.46	-0.01	10	15460	卖盘
13:28:25	15.47	--	140	216580	卖盘
13:28:20	15.47	--	68	105196	卖盘
13:28:10	15.47	-0.01	3	4641	卖盘
13:28:05	15.48	--	34	52632	卖盘
13:27:59	15.48	--	35	54180	卖盘
13:27:55	15.48	--	39	60372	卖盘
13:27:50	15.48	-0.02	26	40248	卖盘
13:27:39	15.5	0.02	30	46500	买盘
13:27:35	15.48	-0.01	5	7740	卖盘
13:27:29	15.49	0.01	1	1549	买盘
13:27:24	15.48	0.01	29	44892	买盘
13:27:20	15.47	-0.01	44	68068	卖盘
13:27:09	15.48	0.01	36	55728	买盘
13:27:04	15.47	0.01	197	304960	买盘
13:26:59	15.46	-0.01	64	98944	卖盘
13:26:54	15.47	--	14	21658	买盘
13:26:49	15.47	--	212	327964	买盘
13:26:44	15.47	0.01	178	276371	买盘
13:26:34	15.46	-0.01	10	15460	卖盘
13:26:29	15.47	--	875	1353625	买盘
13:26:24	15.47	--	33	51051	买盘
13:26:19	15.47	--	69	106743	买盘
13:26:14	15.47	--	168	259896	买盘
13:26:09	15.47	--	333	515151	买盘
13:26:04	15.47	-0.03	863	1336020	卖盘
13:25:59	15.5	--	79	122450	卖盘
13:25:54	15.5	--	17	26350	卖盘
13:25:49	15.5	0.01	190	294500	买盘
13:25:44	15.49	-0.01	254	393446	卖盘
13:25:39	15.5	--	34	52700	买盘
13:25:34	15.5	-0.01	63	97650	卖盘
13:25:29	15.51	--	35	54285	买盘
13:25:24	15.51	0.01	95	147345	买盘
13:25:19	15.5	--	123	191487	卖盘
13:25:14	15.5	--	36	55800	卖盘
13:25:09	15.5	--	24	37200	卖盘
13:25:04	15.5	--	147	227850	卖盘
13:24:59	15.5	--	55	85963	卖盘
13:24:54	15.5	--	9	13950	卖盘
13:24:49	15.5	--	33	51150	卖盘
13:24:44	15.5	--	42	65100	卖盘
13:24:39	15.5	-0.01	321	497550	卖盘
13:24:34	15.51	--	79	122529	买盘
13:24:29	15.51	--	41	63591	卖盘
13:24:23	15.51	--	16	24816	卖盘
13:24:19	15.51	--	141	218691	卖盘
13:24:14	15.51	--	83	128733	卖盘
13:24:09	15.51	--	28	43428	卖盘
13:24:04	15.51	0.01	211	327261	买盘
13:23:59	15.5	--	72	111600	卖盘
13:23:49	15.5	--	45	69750	卖盘
13:23:44	15.5	0.01	82	127100	买盘
13:23:38	15.49	--	68	105332	买盘
13:23:34	15.49	0.01	10	15490	买盘
13:23:29	15.48	-0.01	137	212076	卖盘
13:23:23	15.49	-0.01	176	272624	卖盘
13:23:19	15.5	--	40	62000	卖盘
13:23:14	15.5	0.01	8228	12753400	买盘
13:23:08	15.49	--	11	17039	买盘
13:23:04	15.49	0.01	6	9294	买盘
13:22:59	15.48	-0.06	42	65016	卖盘
13:22:53	15.54	0.01	506	786324	买盘
13:22:49	15.53	0.05	646	1003238	买盘
13:22:44	15.48	--	2557	3958236	卖盘
13:22:38	15.48	-0.02	1	1548	卖盘
13:22:34	15.5	--	6	9300	买盘
13:22:29	15.5	0.01	794	1230700	买盘
13:22:23	15.49	--	31	48019	买盘
13:22:19	15.49	--	512	793088	卖盘
13:22:14	15.49	-0.01	51	78999	卖盘
13:22:08	15.5	--	36	55800	买盘
13:22:04	15.5	--	17	26350	买盘
13:21:59	15.5	0.02	8	12400	买盘
13:21:53	15.48	-0.02	10	15480	卖盘
13:21:44	15.5	--	173	268150	买盘
13:21:38	15.5	-0.01	8	12400	买盘
13:21:34	15.51	--	64	99264	买盘
13:21:29	15.51	--	346	536646	买盘
13:21:23	15.51	0.01	15	23265	买盘
13:21:19	15.5	0.02	82	127100	中性盘
13:21:14	15.48	-0.03	153	236844	卖盘
13:21:08	15.51	0.03	47	72897	买盘
13:21:04	15.48	-0.02	150	232200	卖盘
13:20:58	15.5	-0.01	163	252650	卖盘
13:20:53	15.51	0.01	240	372240	买盘
13:20:48	15.5	-0.01	6	9300	买盘
13:20:43	15.51	0.02	46	71346	买盘
13:20:38	15.49	-0.01	453	701697	卖盘
13:20:33	15.5	-0.01	7	10850	买盘
13:20:28	15.51	0.01	69	107019	买盘
13:20:23	15.5	--	164	254200	买盘
13:20:18	15.5	0.01	6	9300	买盘
13:20:13	15.49	-0.02	14	21686	卖盘
13:20:08	15.51	--	194	300894	卖盘
13:20:03	15.51	0.01	145	224895	买盘
13:19:58	15.5	--	41	63550	买盘
13:19:53	15.5	--	1	1550	买盘
13:19:48	15.5	--	23	35650	买盘
13:19:43	15.5	-0.02	44	68200	卖盘
13:19:38	15.52	0.01	81	125712	买盘
13:19:33	15.51	0.01	5	7755	买盘
13:19:28	15.5	--	131	203050	买盘
13:19:23	15.5	--	30	47120	中性盘
13:19:18	15.5	-0.02	5	7750	中性盘
13:19:13	15.52	0.02	382	593329	买盘
13:19:03	15.5	--	4	6200	卖盘
13:18:58	15.5	-0.02	6	9300	卖盘
13:18:53	15.52	--	0	0	买盘
13:18:43	15.52	0.01	198	307761	买盘
13:18:28	15.51	0.01	3	4653	买盘
13:18:23	15.5	-0.03	1	1550	卖盘
13:18:18	15.53	--	9	13977	买盘
13:18:13	15.53	--	312	484536	买盘
13:18:08	15.53	0.01	159	246927	买盘
13:18:03	15.52	0.01	98	152096	买盘
13:17:58	15.51	-0.02	122	189222	卖盘
13:17:53	15.53	0.01	210	326130	买盘
13:17:47	15.52	--	6	9312	买盘
13:17:43	15.52	--	53	82256	买盘
13:17:38	15.52	--	16	24832	买盘
13:17:33	15.52	0.01	754	1170208	买盘
13:17:28	15.51	-0.01	15	23265	买盘
13:17:23	15.52	--	47	72944	买盘
13:17:18	15.52	--	58	90016	买盘
13:17:13	15.52	0.02	44	68288	买盘
13:17:08	15.5	-0.01	132	204600	卖盘
13:17:02	15.51	--	21	32571	买盘
13:16:58	15.51	--	235	364485	买盘
13:16:53	15.51	--	47	72897	买盘
13:16:47	15.51	--	15	23265	买盘
13:16:43	15.51	-0.02	29	44979	卖盘
13:16:38	15.53	--	300	465900	买盘
13:16:32	15.53	0.01	290	450370	买盘
13:16:28	15.52	--	64	99328	买盘
13:16:23	15.52	--	136	211072	买盘
13:16:17	15.52	0.01	111	172272	买盘
13:16:13	15.51	--	117	181467	卖盘
13:16:08	15.51	-0.01	15	23265	中性盘
13:16:02	15.52	--	5	7760	买盘
13:15:58	15.52	0.02	73	113296	买盘
13:15:53	15.5	-0.02	64	99200	卖盘
13:15:47	15.52	0.02	102	158304	买盘
13:15:43	15.5	-0.02	151	234050	卖盘
13:15:38	15.52	0.02	49	76048	买盘
13:15:28	15.5	-0.04	101	156550	卖盘
13:15:23	15.54	--	142	220668	买盘
13:15:17	15.54	0.02	346	537684	买盘
13:15:13	15.52	-0.02	1335	2071920	中性盘
13:15:08	15.54	0.05	4051	6295254	买盘
13:15:02	15.49	-0.01	10	15490	卖盘
13:14:58	15.5	--	54	83700	买盘
13:14:53	15.5	0.01	74	114700	买盘
13:14:43	15.49	--	34	52666	卖盘
13:14:37	15.49	-0.01	23	35627	中性盘
13:14:32	15.5	-0.02	184	285200	中性盘
13:14:27	15.52	0.03	1306	2026912	买盘
13:14:23	15.49	0.01	110	170390	买盘
13:14:17	15.48	-0.01	108	167184	卖盘
13:14:07	15.49	0.01	100	154900	卖盘
13:14:02	15.48	-0.01	61	94428	卖盘
13:13:57	15.49	0.01	117	181233	买盘
13:13:52	15.48	-0.01	344	532512	卖盘
13:13:47	15.49	--	5	7745	买盘
13:13:37	15.49	--	60	92940	卖盘
13:13:32	15.49	-0.01	54	83646	卖盘
13:13:27	15.5	0.01	26	40300	买盘
13:13:22	15.49	-0.01	79	122371	卖盘
13:13:17	15.5	--	136	210800	买盘
13:13:12	15.5	--	8	12400	买盘
13:13:07	15.5	-0.01	44	68200	买盘
13:13:02	15.51	-0.01	41	63591	买盘
13:12:57	15.52	0.02	261	405072	买盘
13:12:47	15.5	-0.02	15	23250	买盘
13:12:42	15.52	0.01	32	49664	买盘
13:12:37	15.51	--	227	352077	买盘
13:12:32	15.51	--	207	321057	卖盘
13:12:27	15.51	-0.01	39	60489	买盘
13:12:22	15.52	0.03	1985	3080720	买盘
13:12:17	15.49	-0.01	48	74352	买盘
13:12:07	15.5	0.02	33	51150	买盘
13:12:02	15.48	-0.01	165	255420	卖盘
13:11:52	15.49	-0.01	47	72803	卖盘
13:11:47	15.5	--	52	80600	买盘
13:11:42	15.5	--	15	23250	买盘
13:11:37	15.5	0.01	115	178250	买盘
13:11:32	15.49	0.01	27	41823	买盘
13:11:27	15.48	-0.01	14	21672	卖盘
13:11:22	15.49	-0.01	31	48019	卖盘
13:11:17	15.5	--	50	77500	买盘
13:11:07	15.5	-0.01	61	94550	中性盘
13:11:02	15.51	--	104	161986	买盘
13:10:56	15.51	--	72	111672	买盘
13:10:52	15.51	0.01	129	200079	买盘
13:10:47	15.5	--	570	884368	买盘
13:10:41	15.5	--	11	17050	买盘
13:10:37	15.5	--	112	173600	买盘
13:10:32	15.5	-0.01	133	206832	卖盘
13:10:26	15.51	0.01	49	75999	买盘
13:10:22	15.5	-0.01	96	148800	卖盘
13:10:17	15.51	--	167	259017	买盘
13:10:11	15.51	0.01	299	464617	买盘
13:10:07	15.5	--	78	120900	买盘
13:10:02	15.5	--	27	41850	买盘
13:09:56	15.5	--	39	60450	买盘
13:09:52	15.5	--	96	148800	买盘
13:09:47	15.5	--	162	251100	买盘
13:09:41	15.5	--	19	29450	买盘
13:09:37	15.5	--	11	17050	买盘
13:09:32	15.5	--	8	12400	买盘
13:09:26	15.5	--	48	74400	买盘
13:09:22	15.5	--	8	12400	买盘
13:09:17	15.5	--	42	65100	买盘
13:09:11	15.5	--	201	311550	买盘
13:09:07	15.5	0.01	28	43400	买盘
13:09:02	15.49	0.01	29	44921	买盘
13:08:56	15.48	-0.01	43	66564	卖盘
13:08:52	15.49	--	20	30980	买盘
13:08:47	15.49	--	25	38725	买盘
13:08:37	15.49	0.02	216	334584	买盘
13:08:32	15.47	--	14	21658	卖盘
13:08:22	15.47	0.01	17	26886	买盘
13:08:17	15.46	-0.01	27	41742	卖盘
13:08:11	15.47	--	15	23205	买盘
13:08:07	15.47	--	78	120666	买盘
13:07:56	15.47	--	6	9282	买盘
13:07:51	15.47	--	0	0	买盘
13:07:46	15.47	--	6	9282	卖盘
13:07:41	15.47	-0.01	22	34034	卖盘
13:07:36	15.48	--	20	30960	买盘
13:07:26	15.48	--	13	20805	卖盘
13:07:21	15.48	-0.01	22	34056	卖盘
13:07:16	15.49	--	17	26333	买盘
13:07:11	15.49	--	50	78317	买盘
13:07:06	15.49	--	102	157998	买盘
13:07:01	15.49	-0.01	76	117724	卖盘
13:06:56	15.5	0.01	99	153450	买盘
13:06:51	15.49	--	10	15490	卖盘
13:06:46	15.49	-0.01	86	133214	卖盘
13:06:41	15.5	-0.01	799	1239504	卖盘
13:06:36	15.51	0.01	17	26367	买盘
13:06:31	15.5	--	148	229400	卖盘
13:06:26	15.5	-0.01	281	435550	卖盘
13:06:21	15.51	--	60	93060	买盘
13:06:16	15.51	--	31	48081	买盘
13:06:11	15.51	0.01	24	37224	买盘
13:06:01	15.5	-0.02	49	77360	卖盘
13:05:56	15.52	0.01	66	102432	买盘
13:05:51	15.51	-0.01	17	26367	卖盘
13:05:46	15.52	0.01	102	158304	买盘
13:05:41	15.51	--	266	412705	卖盘
13:05:36	15.51	--	190	294690	买盘
13:05:31	15.51	--	74	114774	买盘
13:05:26	15.51	--	171	265221	买盘
13:05:21	15.51	0.01	27	41877	买盘
13:05:16	15.5	--	186	288300	卖盘
13:05:11	15.5	--	248	384400	卖盘
13:05:06	15.5	--	1	1550	卖盘
13:05:01	15.5	--	64	99200	卖盘
13:04:56	15.5	--	2166	3357796	买盘
13:04:51	15.5	0.02	445	689750	买盘
13:04:46	15.48	-0.02	55	85140	中性盘
13:04:41	15.5	0.03	4356	6751800	买盘
13:04:36	15.47	0.01	21	32487	卖盘
13:04:31	15.46	0.01	20	30920	中性盘
13:04:26	15.45	-0.02	141	217845	卖盘
13:04:21	15.47	0.01	176	272272	买盘
13:04:16	15.46	0.01	471	728166	买盘
13:04:05	15.45	--	60	92700	买盘
13:04:01	15.45	--	84	129780	卖盘
13:03:56	15.45	0.01	10006	15459270	买盘
13:03:50	15.44	--	43	66392	卖盘
13:03:46	15.44	--	47	72568	卖盘
13:03:41	15.44	-0.01	35	54040	卖盘
13:03:31	15.45	--	59	91155	买盘
13:03:26	15.45	0.01	23	35535	买盘
13:03:20	15.44	-0.01	20	30880	卖盘
13:03:16	15.45	0.01	4	6180	买盘
13:03:11	15.44	-0.01	10	15440	卖盘
13:03:05	15.45	--	52	81792	卖盘
13:03:01	15.45	--	211	325995	卖盘
13:02:56	15.45	--	290	448050	卖盘
13:02:50	15.45	-0.01	30	46350	卖盘
13:02:46	15.46	0.01	1061	1640306	买盘
13:02:41	15.45	--	70	108150	卖盘
13:02:35	15.45	--	5	7725	卖盘
13:02:31	15.45	0.01	1739	2687326	买盘
13:02:26	15.44	-0.01	567	876513	卖盘
13:02:20	15.45	0.01	61	94245	买盘
13:02:16	15.44	-0.01	1	1544	卖盘
13:02:11	15.45	0.01	200	309000	买盘
13:02:01	15.44	--	45	69480	卖盘
13:01:56	15.44	-0.01	15	23160	卖盘
13:01:50	15.45	0.01	15	23175	买盘
13:01:46	15.44	--	607	937208	卖盘
13:01:41	15.44	--	942	1454448	买盘
13:01:35	15.44	0.01	3	4632	买盘
13:01:30	15.43	--	51	78693	卖盘
13:01:26	15.43	--	148	228364	卖盘
13:01:20	15.43	--	4	6172	卖盘
13:01:15	15.43	-0.01	101	155843	卖盘
13:01:10	15.44	0.01	4	6176	买盘
13:01:05	15.43	-0.01	32	49376	卖盘
13:01:00	15.44	--	38	58672	买盘
13:00:50	15.44	0.01	18	27792	买盘
13:00:45	15.43	-0.01	10	15430	卖盘
13:00:40	15.44	--	21	32424	买盘
13:00:35	15.44	--	51	78744	买盘
13:00:30	15.44	--	20	30880	买盘
13:00:25	15.44	--	2	3088	买盘
13:00:20	15.44	0.01	22	33968	买盘
13:00:15	15.43	--	223	344089	买盘
13:00:10	15.43	0.02	321	496352	买盘
13:00:05	15.41	--	1334	2055694	买盘
11:30:00	15.41	--	0	0	买盘
11:30:00	15.41	--	0	0	买盘
11:30:00	15.41	--	15	23115	买盘
11:29:57	15.41	--	30	46230	买盘
11:29:52	15.41	0.01	78	120983	买盘
11:29:47	15.4	--	4	6914	卖盘
11:29:37	15.4	-0.01	66	102348	卖盘
11:29:32	15.41	0.01	253	390535	买盘
11:29:27	15.4	-0.01	9	14029	卖盘
11:29:22	15.41	0.01	30	46230	买盘
11:29:17	15.4	--	168	258720	卖盘
11:29:12	15.4	--	20	30800	卖盘
11:29:07	15.4	-0.01	51	78540	卖盘
11:29:02	15.41	0.01	11	16951	买盘
11:28:57	15.4	-0.01	71	109340	卖盘
11:28:52	15.41	--	8	12328	买盘
11:28:47	15.41	0.01	88	135623	买盘
11:28:42	15.4	--	116	178640	买盘
11:28:37	15.4	--	29	44660	买盘
11:28:32	15.4	--	121	186340	买盘
11:28:27	15.4	0.01	91	141541	买盘
11:28:21	15.39	--	10	15390	卖盘
11:28:17	15.39	-0.01	12	18468	卖盘
11:28:12	15.4	--	18	27720	买盘
11:28:07	15.4	--	8	12320	买盘
11:28:01	15.4	-0.01	22	35404	卖盘
11:27:51	15.41	--	27	41607	卖盘
11:27:46	15.41	-0.01	7	10802	买盘
11:27:36	15.42	--	0	0	买盘
11:27:31	15.42	0.01	364	561288	买盘
11:27:26	15.41	-0.01	104	160264	卖盘
11:27:21	15.42	--	5	7710	买盘
11:27:16	15.42	--	153	235926	买盘
11:27:11	15.42	--	16	24672	买盘
11:27:06	15.42	--	13	20046	买盘
11:27:01	15.42	--	47	72474	买盘
11:26:56	15.42	0.01	303	467226	买盘
11:26:51	15.41	-0.01	40	61640	卖盘
11:26:46	15.42	--	2	3084	买盘
11:26:31	15.42	0.01	107	164994	买盘
11:26:21	15.41	--	79	121739	买盘
11:26:16	15.41	--	17	26197	买盘
11:26:11	15.41	-0.01	5	7705	中性盘
11:26:06	15.42	0.01	35	53970	买盘
11:26:01	15.41	--	7	10787	买盘
11:25:56	15.41	-0.01	30	46230	卖盘
11:25:51	15.42	--	110	169620	买盘
11:25:41	15.42	--	10	15420	买盘
11:25:36	15.42	0.01	35	53970	买盘
11:25:31	15.41	-0.01	98	151018	卖盘
11:25:26	15.42	0.01	22	33924	买盘
11:25:21	15.41	--	7	10787	卖盘
11:25:16	15.41	--	72	110952	卖盘
11:25:11	15.41	--	10	15410	卖盘
11:25:06	15.41	0.01	201	309741	买盘
11:25:01	15.4	--	37	56980	卖盘
11:24:56	15.4	--	5	7700	卖盘
11:24:46	15.4	-0.01	15	23100	卖盘
11:24:41	15.41	0.01	106	163346	买盘
11:24:36	15.4	--	71	109340	卖盘
11:24:31	15.4	--	28	43120	卖盘
11:24:26	15.4	--	111	171925	买盘
11:24:16	15.4	0.01	24	36960	买盘
11:24:11	15.39	--	95	146205	卖盘
11:24:06	15.39	-0.01	13	20007	卖盘
11:24:01	15.4	--	200	308000	买盘
11:23:56	15.4	--	500	770000	买盘
11:23:46	15.4	--	14	21560	买盘
11:23:41	15.4	--	6	9240	买盘
11:23:31	15.4	--	84	129360	买盘
11:23:26	15.4	--	350	539000	买盘
11:23:21	15.4	--	11	16940	买盘
11:23:16	15.4	0.01	49	75460	买盘
11:23:11	15.39	--	410	630990	卖盘
11:23:01	15.39	-0.01	1	1539	卖盘
11:22:56	15.4	0.01	8	12320	买盘
11:22:51	15.39	--	7	10773	卖盘
11:22:46	15.39	-0.01	118	181602	卖盘
11:22:41	15.4	0.01	95	146300	买盘
11:22:36	15.39	-0.01	6	9234	卖盘
11:22:31	15.4	0.01	248	381920	买盘
11:22:26	15.39	-0.01	82	126198	卖盘
11:22:16	15.4	0.01	64	98560	买盘
11:22:11	15.39	-0.01	36	55404	卖盘
11:22:01	15.4	--	198	304920	买盘
11:21:51	15.4	0.01	59	90860	买盘
11:21:45	15.39	--	4	6156	卖盘
11:21:36	15.39	0.01	82	126198	买盘
11:21:25	15.38	--	1	1538	卖盘
11:21:15	15.38	-0.01	103	158414	卖盘
11:21:10	15.39	--	66	101574	买盘
11:21:05	15.39	--	2	3078	买盘
11:21:00	15.39	--	28	43092	卖盘
11:20:55	15.39	0.01	115	176985	买盘
11:20:45	15.38	-0.01	79	121502	卖盘
11:20:40	15.39	0.01	10	15390	买盘
11:20:35	15.38	-0.01	32	49216	卖盘
11:20:30	15.39	0.01	14	21546	买盘
11:20:25	15.38	--	8	12304	卖盘
11:20:20	15.38	-0.01	70	107660	卖盘
11:20:15	15.39	--	105	161595	买盘
11:20:00	15.39	--	27	41553	买盘
11:19:55	15.39	--	9	13851	买盘
11:19:45	15.39	--	7	10773	买盘
11:19:30	15.39	0.01	29	44631	买盘
11:19:25	15.38	-0.01	383	589054	卖盘
11:19:20	15.39	--	42	64638	买盘
11:19:05	15.39	--	7	10773	买盘
11:19:00	15.39	0.01	51	78489	买盘
11:18:50	15.38	-0.01	105	161490	卖盘
11:18:40	15.39	--	27	41553	买盘
11:18:35	15.39	0.01	4	6156	买盘
11:18:00	15.38	--	35	53830	卖盘
11:17:25	15.38	--	478	736102	买盘
11:17:20	15.38	0.02	4	6152	买盘
11:17:10	15.36	-0.01	169	259584	卖盘
11:17:05	15.37	--	98	150626	买盘
11:16:55	15.37	--	140	215180	买盘
11:16:50	15.37	--	46	70702	买盘
11:16:40	15.37	0.01	20	30740	买盘
11:16:34	15.36	-0.01	399	612864	卖盘
11:16:30	15.37	--	21	32277	买盘
11:16:25	15.37	--	56	86072	买盘
11:16:20	15.37	--	10	15370	买盘
11:16:14	15.37	--	270	414990	买盘
11:16:10	15.37	0.01	11	16907	买盘
11:16:00	15.36	-0.01	9	13824	卖盘
11:15:55	15.37	0.01	4	6148	买盘
11:15:50	15.36	--	2	3072	卖盘
11:15:40	15.36	--	12	18432	卖盘
11:15:34	15.36	--	15	23040	卖盘
11:15:19	15.36	-0.01	77	118272	卖盘
11:15:15	15.37	--	20	30740	买盘
11:15:10	15.37	0.01	6	9222	买盘
11:14:54	15.36	--	10	15360	卖盘
11:14:49	15.36	--	62	95232	卖盘
11:14:44	15.36	-0.01	9	13824	卖盘
11:14:39	15.37	0.01	62	95294	买盘
11:14:19	15.36	--	45	69120	卖盘
11:14:09	15.36	--	7	10752	卖盘
11:14:04	15.36	--	27	41472	卖盘
11:13:54	15.36	--	27	41472	卖盘
11:13:49	15.36	-0.01	169	259584	卖盘
11:13:44	15.37	0.01	7	10759	买盘
11:13:39	15.36	-0.01	5	7680	卖盘
11:13:34	15.37	0.01	2	3074	买盘
11:13:24	15.36	-0.01	5	7680	卖盘
11:13:19	15.37	0.01	3	4611	买盘
11:13:09	15.36	--	30	46080	卖盘
11:13:04	15.36	--	5	7680	卖盘
11:12:54	15.36	--	20	30720	卖盘
11:12:49	15.36	-0.01	70	107520	卖盘
11:12:44	15.37	--	20	30740	买盘
11:12:39	15.37	--	11	16907	买盘
11:12:34	15.37	--	7	10759	买盘
11:12:24	15.37	0.01	148	227476	买盘
11:12:19	15.36	-0.01	60	92160	卖盘
11:12:14	15.37	0.01	11	16907	买盘
11:12:09	15.36	--	14	21504	卖盘
11:12:04	15.36	--	40	61440	卖盘
11:11:59	15.36	--	43	66048	卖盘
11:11:53	15.36	--	5	7680	卖盘
11:11:49	15.36	--	153	235008	卖盘
11:11:44	15.36	--	50	76800	卖盘
11:11:38	15.36	--	10	15360	卖盘
11:11:23	15.36	--	61	93696	卖盘
11:11:18	15.36	--	63	96768	卖盘
11:11:04	15.36	--	37	56832	卖盘
11:10:44	15.36	-0.01	46	70656	卖盘
11:10:39	15.37	--	10	15370	买盘
11:10:34	15.37	--	25	38425	买盘
11:10:24	15.37	--	3	4611	买盘
11:10:19	15.37	--	26	39962	买盘
11:10:14	15.37	--	535	822295	卖盘
11:09:54	15.37	-0.01	11	16907	卖盘
11:09:34	15.38	--	90	138420	买盘
11:09:29	15.38	--	82	126715	卖盘
11:09:24	15.38	--	11	16918	卖盘
11:09:19	15.38	--	227	349126	卖盘
11:09:14	15.38	--	82	126116	卖盘
11:09:09	15.38	--	17	26146	卖盘
11:09:04	15.38	--	133	204554	卖盘
11:08:48	15.38	--	34	52292	卖盘
11:08:43	15.38	--	41	63058	卖盘
11:08:33	15.38	-0.01	443	681334	卖盘
11:08:28	15.39	0.01	126	194852	买盘
11:08:18	15.38	--	12	18456	卖盘
11:08:13	15.38	--	10	15380	卖盘
11:08:03	15.38	0.01	230	353740	买盘
11:07:58	15.37	--	25	38425	买盘
11:07:48	15.37	--	20	30740	买盘
11:07:43	15.37	--	70	107590	卖盘
11:07:38	15.37	-0.01	13	19981	卖盘
11:07:33	15.38	0.01	24	36912	买盘
11:07:23	15.37	--	5	7685	买盘
11:07:13	15.37	--	21	32277	买盘
11:07:03	15.37	--	47	72239	买盘
11:06:53	15.37	0.01	10	15370	买盘
11:06:48	15.36	--	0	0	卖盘
11:06:43	15.36	-0.01	184	282624	卖盘
11:06:38	15.37	--	42	64554	买盘
11:06:33	15.37	--	84	129108	买盘
11:06:28	15.37	--	130	199810	买盘
11:06:18	15.37	0.01	22	33814	买盘
11:06:13	15.36	--	80	122880	卖盘
11:06:03	15.36	-0.01	50	76800	卖盘
11:05:58	15.37	0.01	117	179829	买盘
11:05:43	15.36	-0.01	258	396288	卖盘
11:05:38	15.37	--	17	26129	买盘
11:05:32	15.37	--	5	7685	买盘
11:05:28	15.37	0.01	18	27666	买盘
11:05:23	15.36	-0.01	129	198144	卖盘
11:05:17	15.37	--	2	3074	买盘
11:05:08	15.37	0.01	104	159848	买盘
11:05:02	15.36	-0.01	43	66048	卖盘
11:04:57	15.37	--	36	55332	买盘
11:04:53	15.37	--	120	184440	卖盘
11:04:47	15.37	-0.01	7	10759	卖盘
11:04:43	15.38	--	31	47678	买盘
11:04:38	15.38	0.01	20	30760	买盘
11:04:28	15.37	--	142	218254	卖盘
11:04:23	15.37	-0.01	11	16907	卖盘
11:04:17	15.38	--	36	55368	买盘
11:04:12	15.38	-0.01	71	109198	卖盘
11:04:08	15.39	0.02	12	18468	买盘
11:03:53	15.37	-0.02	100	153700	卖盘
11:03:48	15.39	--	10	15390	卖盘
11:03:43	15.39	-0.01	27	41553	中性盘
11:03:38	15.4	0.03	503	774620	买盘
11:03:32	15.37	--	30	46110	卖盘
11:03:28	15.37	--	46	70702	卖盘
11:03:17	15.37	-0.02	11	16907	卖盘
11:03:12	15.39	0.01	25	38475	买盘
11:03:08	15.38	-0.01	511	786471	卖盘
11:03:02	15.39	--	145	223155	买盘
11:02:58	15.39	--	11	16929	买盘
11:02:53	15.39	--	50	76950	买盘
11:02:43	15.39	--	16	24624	买盘
11:02:38	15.39	--	138	212382	卖盘
11:02:32	15.39	--	22	33858	卖盘
11:02:28	15.39	--	6	9234	卖盘
11:02:22	15.39	--	74	113886	买盘
11:02:17	15.39	--	2	3078	买盘
11:02:12	15.39	0.01	33	50787	买盘
11:02:07	15.38	-0.01	58	89204	卖盘
11:02:02	15.39	0.01	100	153900	买盘
11:01:57	15.38	--	29	45586	卖盘
11:01:52	15.38	0.01	596	916648	买盘
11:01:47	15.37	--	5	7685	卖盘
11:01:42	15.37	--	4	6148	卖盘
11:01:37	15.37	0.01	86	132182	买盘
11:01:32	15.36	-0.01	3	4608	卖盘
11:01:12	15.37	--	11	16907	买盘
11:01:07	15.37	--	333	511821	买盘
11:01:02	15.37	--	4	6148	买盘
11:00:57	15.37	--	4	6148	买盘
11:00:52	15.37	0.01	5	7685	买盘
11:00:47	15.36	-0.01	20	30720	卖盘
11:00:42	15.37	--	14	21518	买盘
11:00:32	15.37	--	15	23055	买盘
11:00:12	15.37	0.01	30	46110	买盘
11:00:07	15.36	--	8	12288	卖盘
11:00:02	15.36	-0.01	5	7680	卖盘
10:59:57	15.37	0.01	7	10759	买盘
10:59:46	15.36	0.01	2	3072	中性盘
10:59:37	15.35	--	109	167315	卖盘
10:59:17	15.35	--	10	15350	卖盘
10:59:07	15.35	--	166	254810	卖盘
10:59:02	15.35	--	701	1076035	买盘
10:58:46	15.35	--	14	21490	买盘
10:58:41	15.35	--	24	36840	买盘
10:58:36	15.35	--	11	16885	买盘
10:58:32	15.35	--	2	3070	买盘
10:58:26	15.35	--	1	1535	买盘
10:58:21	15.35	--	46	70610	买盘
10:58:11	15.35	--	21	32235	买盘
10:58:06	15.35	--	50	76750	买盘
10:58:02	15.35	--	22	33770	买盘
10:57:56	15.35	-0.01	226	346910	卖盘
10:57:51	15.36	0.01	143	219648	买盘
10:57:47	15.35	--	13	19955	卖盘
10:57:36	15.35	-0.01	3	4605	卖盘
10:57:32	15.36	--	20	30720	买盘
10:57:26	15.36	0.01	3	4608	买盘
10:57:21	15.35	--	14	21490	卖盘
10:57:17	15.35	--	124	190340	卖盘
10:57:02	15.35	-0.01	100	153500	卖盘
10:56:51	15.36	--	54	82944	买盘
10:56:41	15.36	--	50	76800	买盘
10:56:36	15.36	0.01	11	16896	买盘
10:56:31	15.35	--	41	62935	卖盘
10:56:26	15.35	-0.01	8	12280	卖盘
10:56:16	15.36	--	4	6144	买盘
10:56:06	15.36	-0.01	96	147456	卖盘
10:56:01	15.37	0.01	2	3074	买盘
10:55:56	15.36	-0.01	10	15360	卖盘
10:55:41	15.37	--	6	9222	买盘
10:55:36	15.37	--	115	176755	买盘
10:55:26	15.37	--	10	15370	买盘
10:55:16	15.37	--	11	16907	卖盘
10:55:06	15.37	--	19	29203	卖盘
10:55:01	15.37	0.01	185	284345	买盘
10:54:46	15.36	--	22	33792	卖盘
10:54:26	15.36	--	37	56832	卖盘
10:54:21	15.36	-0.01	13	19968	卖盘
10:54:06	15.37	--	21	32277	买盘
10:54:01	15.37	--	1	1537	买盘
10:53:46	15.37	--	82	126141	卖盘
10:53:36	15.37	-0.01	50	76850	卖盘
10:53:31	15.38	0.01	5	7690	买盘
10:53:26	15.37	--	11	18336	卖盘
10:53:20	15.37	--	6	9222	卖盘
10:53:16	15.37	-0.01	25	38425	卖盘
10:53:11	15.38	--	40	61520	买盘
10:53:06	15.38	--	25	38450	买盘
10:53:01	15.38	0.01	22	33836	买盘
10:52:56	15.37	--	7	10759	卖盘
10:52:41	15.37	-0.02	27	41606	卖盘
10:52:35	15.39	0.01	122	188773	买盘
10:52:31	15.38	--	26	40003	卖盘
10:52:26	15.38	--	3	5721	卖盘
10:52:20	15.38	--	1	2476	卖盘
10:52:15	15.38	--	16	24900	卖盘
10:52:11	15.38	--	31	48816	买盘
10:52:00	15.38	--	19	29222	买盘
10:51:56	15.38	0.01	10	15380	买盘
10:51:45	15.37	--	0	0	卖盘
10:51:35	15.37	-0.02	10	15370	卖盘
10:51:26	15.39	--	0	0	买盘
10:51:20	15.39	0.04	1000	1539000	买盘
10:51:11	15.35	-0.02	13	19955	卖盘
10:51:05	15.37	0.01	271	416527	买盘
10:50:56	15.36	0.02	140	215040	买盘
10:50:50	15.34	-0.01	52	79768	卖盘
10:50:41	15.35	--	20	30700	买盘
10:50:30	15.35	--	36	55260	买盘
10:50:26	15.35	0.01	23	35305	买盘
10:50:20	15.34	--	30	46020	买盘
10:50:15	15.34	--	27	41418	买盘
10:50:10	15.34	0.01	30	46020	买盘
10:50:05	15.33	-0.01	12	18396	卖盘
10:50:00	15.34	--	13	19942	买盘
10:49:55	15.34	--	121	185614	买盘
10:49:50	15.34	--	2	3068	买盘
10:49:45	15.34	--	67	102778	卖盘
10:49:40	15.34	--	5	7670	卖盘
10:49:25	15.34	--	22	33748	卖盘
10:49:20	15.34	-0.01	10	15340	卖盘
10:49:15	15.35	0.01	50	76750	买盘
10:49:00	15.34	-0.01	1	1534	卖盘
10:48:50	15.35	0.01	20	30700	买盘
10:48:40	15.34	-0.01	62	95108	卖盘
10:48:34	15.35	--	3	4605	买盘
10:48:30	15.35	0.01	30	46050	买盘
10:48:25	15.34	-0.01	10	15340	卖盘
10:48:20	15.35	0.01	30	46050	买盘
10:48:15	15.34	-0.01	30	46020	卖盘
10:47:45	15.35	--	5	7675	买盘
10:47:40	15.35	0.01	6	9210	买盘
10:47:30	15.34	-0.01	9	13806	卖盘
10:47:25	15.35	--	16	24560	买盘
10:47:14	15.35	-0.01	93	142755	卖盘
10:47:10	15.36	0.01	3	4608	买盘
10:47:05	15.35	--	5	7675	卖盘
10:46:59	15.35	--	33	50655	卖盘
10:46:44	15.35	--	97	148895	卖盘
10:46:40	15.35	--	3	4605	卖盘
10:46:35	15.35	--	3	4605	卖盘
10:46:25	15.35	-0.01	19	29165	卖盘
10:46:20	15.36	0.01	43	66048	买盘
10:46:14	15.35	--	1	1535	卖盘
10:46:09	15.35	--	69	105915	买盘
10:45:59	15.35	--	57	87495	买盘
10:45:54	15.35	--	10	15350	买盘
10:45:50	15.35	--	0	0	买盘
10:45:39	15.35	--	18	27630	买盘
10:45:35	15.35	--	53	81355	卖盘
10:45:29	15.35	-0.01	10	15350	卖盘
10:45:24	15.36	0.01	6	9216	买盘
10:45:20	15.35	-0.01	6	9210	卖盘
10:45:14	15.36	0.01	9	13824	买盘
10:45:09	15.35	--	46	70610	卖盘
10:45:05	15.35	-0.02	20	30700	卖盘
10:44:54	15.37	--	0	0	买盘
10:44:50	15.37	0.01	52	79924	买盘
10:44:34	15.36	-0.02	5	7680	卖盘
10:44:29	15.38	--	301	462938	买盘
10:44:24	15.38	0.01	210	322980	买盘
10:44:20	15.37	--	2	3074	卖盘
10:44:14	15.37	--	1	1537	卖盘
10:44:09	15.37	0.01	136	209032	买盘
10:44:05	15.36	--	28	43008	买盘
10:43:59	15.36	--	3	4608	买盘
10:43:54	15.36	-0.01	32	49152	中性盘
10:43:49	15.37	0.01	84	129108	买盘
10:43:44	15.36	-0.01	21	32256	买盘
10:43:39	15.37	0.01	321	493377	买盘
10:43:35	15.36	--	30	46080	卖盘
10:43:24	15.36	--	53	81408	卖盘
10:43:19	15.36	--	23	35328	卖盘
10:43:09	15.36	--	241	370176	卖盘
10:42:54	15.36	-0.01	1	1536	卖盘
10:42:49	15.37	--	24	36888	买盘
10:42:39	15.37	0.01	96	147552	买盘
10:42:24	15.36	--	2	3072	卖盘
10:42:19	15.36	-0.01	253	389268	卖盘
10:42:14	15.37	--	0	0	卖盘
10:42:09	15.37	0.02	114	175218	买盘
10:42:04	15.35	--	2	3070	卖盘
10:41:54	15.35	--	5	7675	卖盘
10:41:43	15.35	-0.02	161	247135	卖盘
10:41:39	15.37	0.02	100	153700	买盘
10:41:29	15.35	-0.02	1	1535	卖盘
10:41:24	15.37	0.02	2	3074	买盘
10:41:14	15.35	-0.03	10	15994	卖盘
10:40:54	15.38	--	0	0	买盘
10:40:44	15.38	0.03	100	153800	买盘
10:40:38	15.35	-0.02	287	440545	卖盘
10:40:34	15.37	--	20	30740	卖盘
10:40:29	15.37	--	65	99905	买盘
10:40:23	15.37	0.02	41	63017	买盘
10:40:19	15.35	--	2	3070	卖盘
10:40:04	15.35	--	6	9210	卖盘
10:39:59	15.35	-0.03	46	70610	卖盘
10:39:53	15.38	0.01	120	184560	买盘
10:39:48	15.37	0.01	292	448804	买盘
10:39:44	15.36	--	76	116736	卖盘
10:39:38	15.36	-0.01	18	27648	卖盘
10:39:34	15.37	--	210	322770	卖盘
10:39:29	15.37	0.01	65	99905	买盘
10:39:18	15.36	0.02	181	278016	买盘
10:39:14	15.34	--	10	15340	卖盘
10:39:08	15.34	--	1	1534	卖盘
10:39:03	15.34	0.01	100	153400	买盘
10:38:59	15.33	0.01	33	50589	买盘
10:38:44	15.32	0.01	523	801236	买盘
10:38:38	15.31	--	30	45930	卖盘
10:38:33	15.31	--	154	235774	买盘
10:38:29	15.31	--	12	18372	买盘
10:38:23	15.31	0.01	10	15310	买盘
10:38:18	15.3	--	20	30600	卖盘
10:38:08	15.3	--	10	15300	卖盘
10:37:59	15.3	--	33	50490	卖盘
10:37:53	15.3	--	196	299880	买盘
10:37:48	15.3	0.01	17	26010	买盘
10:37:44	15.29	-0.01	34	51986	卖盘
10:37:33	15.3	--	20	30600	买盘
10:37:28	15.3	0.02	3	4590	买盘
10:37:23	15.28	--	0	0	卖盘
10:37:18	15.28	-0.02	140	213920	卖盘
10:37:13	15.3	--	21	32130	买盘
10:37:08	15.3	--	78	119340	买盘
10:37:03	15.3	0.01	13	19997	买盘
10:36:58	15.29	-0.01	152	232912	卖盘
10:36:48	15.3	0.01	32	49128	买盘
10:36:33	15.29	-0.01	52	79966	卖盘
10:36:22	15.3	--	7	10710	买盘
10:36:18	15.3	0.01	10	15759	买盘
10:36:13	15.29	-0.01	3	4984	卖盘
10:36:03	15.3	0.01	5	7650	买盘
10:35:58	15.29	--	8	12400	卖盘
10:35:53	15.29	-0.01	18	27950	卖盘
10:35:48	15.3	--	17	27096	卖盘
10:35:43	15.3	--	96	147798	卖盘
10:35:37	15.3	--	10	15560	卖盘
10:35:33	15.3	-0.01	3	5064	卖盘
10:35:28	15.31	0.01	10	15310	买盘
10:35:23	15.3	--	11	16830	卖盘
10:35:13	15.3	-0.01	10	15988	卖盘
10:35:03	15.31	--	0	0	中性盘
10:34:43	15.31	-0.01	80	122480	卖盘
10:34:37	15.32	0.01	42	64344	买盘
10:34:28	15.31	--	40	61240	买盘
10:34:22	15.31	--	11	16841	买盘
10:33:58	15.31	--	2	3062	买盘
10:33:43	15.31	--	54	82674	买盘
10:33:28	15.31	0.01	12	18372	买盘
10:33:12	15.3	--	5	7650	卖盘
10:33:08	15.3	--	5	7650	卖盘
10:33:02	15.3	--	24	36720	卖盘
10:32:52	15.3	0.02	130	200062	买盘
10:32:42	15.28	--	7	10696	卖盘
10:32:37	15.28	-0.02	9	13752	卖盘
10:32:27	15.3	0.03	1000	1530000	买盘
10:32:22	15.27	--	107	163541	卖盘
10:32:17	15.27	-0.01	340	519180	卖盘
10:32:12	15.28	--	123	187944	买盘
10:32:02	15.28	--	1	1528	买盘
10:31:57	15.28	--	263	401864	卖盘
10:31:52	15.28	-0.01	19	29032	卖盘
10:31:47	15.29	--	100	152900	买盘
10:31:42	15.29	0.01	30	45870	买盘
10:31:37	15.28	-0.01	18	27504	卖盘
10:31:27	15.29	0.01	11	16819	买盘
10:31:22	15.28	--	57	87096	卖盘
10:31:17	15.28	-0.01	20	30560	卖盘
10:31:12	15.29	0.01	12	18348	买盘
10:31:07	15.28	--	20	30560	卖盘
10:30:57	15.28	-0.01	48	73344	卖盘
10:30:52	15.29	--	5	7645	买盘
10:30:47	15.29	--	15	22935	买盘
10:30:12	15.29	--	26	39754	买盘
10:30:07	15.29	0.01	13	19877	买盘
10:29:57	15.28	--	41	62648	卖盘
10:29:52	15.28	--	2	3056	卖盘
10:29:46	15.28	--	233	356024	买盘
10:29:42	15.28	--	35	53480	买盘
10:29:37	15.28	--	30	45840	买盘
10:29:31	15.28	--	110	168080	买盘
10:29:27	15.28	0.01	50	76400	买盘
10:29:22	15.27	--	15	22905	卖盘
10:29:07	15.27	--	229	349683	买盘
10:29:01	15.27	--	15	22905	买盘
10:28:57	15.27	0.01	5	7635	买盘
10:28:52	15.26	--	52	79352	卖盘
10:28:42	15.26	--	69	105400	买盘
10:28:37	15.26	--	57	86982	买盘
10:28:31	15.26	0.01	260	396760	买盘
10:28:27	15.25	--	53	80825	卖盘
10:28:22	15.25	--	42	64050	卖盘
10:28:16	15.25	--	25	38125	卖盘
10:28:12	15.25	--	450	686250	买盘
10:28:07	15.25	--	135	205875	买盘
10:28:01	15.25	-0.01	442	674050	卖盘
10:27:57	15.26	--	38	57988	买盘
10:27:52	15.26	--	57	86982	买盘
10:27:46	15.26	--	50	76300	买盘
10:27:41	15.26	-0.01	294	450063	卖盘
10:27:37	15.27	-0.01	268	409236	卖盘
10:27:31	15.28	0.01	63	96264	中性盘
10:27:26	15.27	-0.02	40	61080	卖盘
10:27:16	15.29	0.02	68	104614	买盘
10:27:11	15.27	-0.01	9	14735	卖盘
10:27:07	15.28	-0.02	569	869691	卖盘
10:27:01	15.3	0.01	62	95043	中性盘
10:26:56	15.29	--	16	25824	卖盘
10:26:51	15.29	-0.01	231	353520	卖盘
10:26:46	15.3	0.01	12	18681	中性盘
10:26:41	15.29	--	13	20503	卖盘
10:26:36	15.29	--	81	124644	卖盘
10:26:31	15.29	-0.01	81	124430	卖盘
10:26:26	15.3	--	32	50031	卖盘
10:26:21	15.3	--	141	216862	卖盘
10:26:16	15.3	--	126	194202	卖盘
10:26:11	15.3	--	11	17212	卖盘
10:26:06	15.3	--	73	111996	卖盘
10:26:01	15.3	-0.01	22	34164	卖盘
10:25:56	15.31	--	7	10717	卖盘
10:25:51	15.31	0.01	48	73488	中性盘
10:25:41	15.3	-0.02	4	6120	卖盘
10:25:36	15.32	0.02	21	32172	买盘
10:25:31	15.3	--	35	53550	卖盘
10:25:26	15.3	-0.01	200	306000	卖盘
10:25:21	15.31	--	1	1531	卖盘
10:25:16	15.31	--	4	6124	卖盘
10:25:11	15.31	--	27	41337	卖盘
10:25:06	15.31	--	147	225057	卖盘
10:25:01	15.31	0.01	166	254146	买盘
10:24:56	15.3	--	4	6120	卖盘
10:24:51	15.3	-0.02	29	44370	卖盘
10:24:46	15.32	--	0	0	买盘
10:24:41	15.32	0.02	24	36768	买盘
10:24:36	15.3	-0.01	140	214200	卖盘
10:24:31	15.31	-0.01	1	1531	卖盘
10:24:21	15.32	0.02	35	53620	买盘
10:24:16	15.3	-0.01	620	948600	卖盘
10:24:01	15.31	--	1	1531	中性盘
10:23:56	15.31	-0.01	10	15310	卖盘
10:23:46	15.32	0.02	2	3064	买盘
10:23:31	15.3	--	0	0	卖盘
10:23:25	15.3	-0.02	600	918000	卖盘
10:23:21	15.32	0.01	216	330912	买盘
10:23:16	15.31	-0.01	2	3062	卖盘
10:23:10	15.32	--	20	30640	买盘
10:23:06	15.32	0.01	59	90388	买盘
10:22:51	15.31	--	60	91860	买盘
10:22:46	15.31	--	43	65833	买盘
10:22:36	15.31	--	11	16841	买盘
10:22:31	15.31	--	1	1531	买盘
10:22:21	15.31	--	130	199030	买盘
10:22:16	15.31	--	265	405715	卖盘
10:22:10	15.31	--	9	13779	卖盘
10:21:51	15.31	--	9	13779	卖盘
10:21:36	15.31	--	58	88798	买盘
10:21:31	15.31	0.01	13	19903	买盘
10:21:20	15.3	--	11	16830	卖盘
10:21:16	15.3	-0.01	340	520536	卖盘
10:21:10	15.31	--	21	33437	卖盘
10:21:05	15.31	--	204	313089	卖盘
10:21:01	15.31	-0.01	54	83516	卖盘
10:20:55	15.32	-0.01	1	1532	卖盘
10:20:50	15.33	--	0	0	买盘
10:20:46	15.33	0.02	50	76650	买盘
10:20:40	15.31	-0.02	237	362847	卖盘
10:20:31	15.33	0.01	27	41391	买盘
10:20:10	15.32	--	148	226736	卖盘
10:20:00	15.32	-0.01	82	125624	卖盘
10:19:50	15.33	--	141	216153	卖盘
10:19:45	15.33	--	18	27594	卖盘
10:19:40	15.33	--	3	4599	卖盘
10:19:25	15.33	-0.02	20	30660	卖盘
10:19:20	15.35	0.01	200	307000	买盘
10:19:15	15.34	-0.01	128	197180	卖盘
10:19:10	15.35	0.01	10	15350	买盘
10:19:05	15.34	--	51	78234	卖盘
10:19:00	15.34	-0.01	29	44486	卖盘
10:18:55	15.35	0.01	188	288580	买盘
10:18:45	15.34	-0.01	40	61360	卖盘
10:18:40	15.35	--	31	47585	买盘
10:18:35	15.35	-0.01	335	514225	卖盘
10:18:20	15.36	0.01	10	15360	买盘
10:18:15	15.35	-0.01	5	7675	卖盘
10:18:10	15.36	--	5	7680	买盘
10:18:05	15.36	0.01	63	96768	买盘
10:18:00	15.35	-0.01	7	10745	卖盘
10:17:55	15.36	--	21	33607	卖盘
10:17:50	15.36	--	6	9400	买盘
10:17:45	15.36	--	9	15175	卖盘
10:17:40	15.36	-0.02	5	7680	卖盘
10:17:35	15.38	--	30	46140	买盘
10:17:30	15.38	0.01	2	3076	买盘
10:17:25	15.37	0.01	14	21518	中性盘
10:17:20	15.36	-0.03	11	16896	卖盘
10:17:15	15.39	0.01	50	76950	买盘
10:17:10	15.38	0.01	8	12304	买盘
10:17:05	15.37	-0.01	7	10759	卖盘
10:17:00	15.38	-0.01	4	6152	卖盘
10:16:55	15.39	0.01	15	23085	买盘
10:16:50	15.38	-0.02	6	9228	卖盘
10:16:45	15.4	--	0	0	买盘
10:16:40	15.4	--	375	577500	买盘
10:16:30	15.4	0.01	39	60060	买盘
10:16:25	15.39	--	26	40014	卖盘
10:16:19	15.39	--	40	61560	卖盘
10:16:15	15.39	--	53	81567	卖盘
10:16:10	15.39	0.03	2119	3261325	买盘
10:16:04	15.36	--	55	84480	卖盘
10:16:00	15.36	--	11	16896	卖盘
10:15:55	15.36	--	47	72192	卖盘
10:15:49	15.36	-0.01	50	76800	卖盘
10:15:45	15.37	--	15	23055	买盘
10:15:40	15.37	0.01	314	482618	买盘
10:15:34	15.36	--	3	4608	卖盘
10:15:30	15.36	--	11	16896	卖盘
10:15:25	15.36	-0.01	22	33792	卖盘
10:15:04	15.37	--	8	12296	买盘
10:14:59	15.37	0.01	188	288956	买盘
10:14:55	15.36	0.01	24	36864	买盘
10:14:45	15.35	-0.01	14	21490	卖盘
10:14:40	15.36	0.01	98	150528	买盘
10:14:34	15.35	-0.01	12	18420	卖盘
10:14:29	15.36	-0.01	666	1023482	卖盘
10:14:25	15.37	0.01	1	1537	买盘
10:14:19	15.36	--	31	48860	卖盘
10:14:09	15.36	--	5	8110	卖盘
10:13:54	15.36	--	9	14714	买盘
10:13:49	15.36	0.01	30	46080	买盘
10:13:44	15.35	-0.01	20	30700	卖盘
10:13:39	15.36	--	36	55296	买盘
10:13:34	15.36	--	64	98304	买盘
10:13:29	15.36	-0.01	4	6144	卖盘
10:13:24	15.37	--	3	4611	买盘
10:13:19	15.37	--	4	6148	买盘
10:13:14	15.37	0.02	6	9222	买盘
10:13:09	15.35	--	5	7675	卖盘
10:13:04	15.35	--	11	16885	卖盘
10:12:59	15.35	-0.02	8	12280	卖盘
10:12:54	15.37	0.02	98	150626	买盘
10:12:49	15.35	--	26	40616	买盘
10:12:44	15.35	--	71	108985	买盘
10:12:39	15.35	0.03	103	158105	买盘
10:12:34	15.32	-0.03	374	572968	卖盘
10:12:29	15.35	--	2	3070	买盘
10:12:24	15.35	-0.02	7	10745	买盘
10:12:19	15.37	0.04	15	23055	买盘
10:12:14	15.33	-0.02	332	508956	卖盘
10:12:09	15.35	--	19	29165	卖盘
10:12:04	15.35	0.01	613	940955	买盘
10:11:59	15.34	--	31	47554	买盘
10:11:54	15.34	--	41	62894	买盘
10:11:49	15.34	-0.01	7	10738	卖盘
10:11:44	15.35	--	87	133545	买盘
10:11:39	15.35	--	751	1152785	买盘
10:11:34	15.35	--	34	52190	买盘
10:11:29	15.35	--	102	156570	买盘
10:11:24	15.35	--	31	47585	卖盘
10:11:19	15.35	-0.01	13	19955	卖盘
10:11:14	15.36	0.01	15	23040	买盘
10:11:09	15.35	--	1	1535	买盘
10:11:04	15.35	--	30	46050	买盘
10:10:58	15.35	0.01	2	3070	买盘
10:10:54	15.34	-0.01	24	36816	卖盘
10:10:49	15.35	--	15	23025	中性盘
10:10:43	15.35	--	6	9210	卖盘
10:10:39	15.35	0.01	66	101310	买盘
10:10:28	15.34	--	36	55224	卖盘
10:10:24	15.34	--	186	285324	买盘
10:10:19	15.34	0.01	78	119652	买盘
10:10:13	15.33	-0.01	8	12264	卖盘
10:10:04	15.34	--	5	7670	买盘
10:09:58	15.34	--	10	15340	买盘
10:09:54	15.34	0.01	45	69030	买盘
10:09:49	15.33	-0.01	92	141036	卖盘
10:09:39	15.34	--	55	84370	买盘
10:09:34	15.34	--	59	90506	买盘
10:09:28	15.34	0.01	53	81302	买盘
10:09:24	15.33	-0.01	170	260610	卖盘
10:09:19	15.34	0.01	276	423384	买盘
10:09:13	15.33	-0.02	50	76650	卖盘
10:09:09	15.35	--	229	351515	买盘
10:09:04	15.35	--	81	124335	买盘
10:08:58	15.35	0.01	74	113590	买盘
10:08:53	15.34	--	106	162604	卖盘
10:08:49	15.34	-0.01	218	334412	卖盘
10:08:43	15.35	--	31	47585	买盘
10:08:38	15.35	0.01	5	7675	买盘
10:08:34	15.34	-0.01	18	27612	卖盘
10:08:28	15.35	-0.03	158	242530	卖盘
10:08:23	15.38	--	7	10766	买盘
10:08:19	15.38	0.03	56	86128	买盘
10:08:13	15.35	-0.01	107	164245	卖盘
10:08:08	15.36	0.01	90	138240	买盘
10:08:04	15.35	-0.01	103	158105	卖盘
10:07:58	15.36	0.01	1	1536	买盘
10:07:53	15.35	-0.01	5	7675	卖盘
10:07:48	15.36	--	9	13824	买盘
10:07:43	15.36	0.02	81	124416	买盘
10:07:38	15.34	-0.04	200	306800	卖盘
10:07:33	15.38	--	46	70748	买盘
10:07:28	15.38	0.02	126	193788	买盘
10:07:23	15.36	-0.02	7	10752	卖盘
10:07:18	15.38	0.03	274	421412	买盘
10:07:13	15.35	--	246	377610	卖盘
10:07:08	15.35	-0.01	304	466640	卖盘
10:07:03	15.36	--	70	107520	买盘
10:06:48	15.36	--	154	236544	卖盘
10:06:43	15.36	-0.01	326	500736	卖盘
10:06:38	15.37	0.01	33	50721	中性盘
10:06:33	15.36	--	37	56832	卖盘
10:06:28	15.36	--	154	236544	卖盘
10:06:23	15.36	--	508	780288	卖盘
10:06:18	15.36	-0.01	100	153600	卖盘
10:06:13	15.37	--	452	694724	买盘
10:06:08	15.37	-0.01	388	597708	卖盘
10:06:03	15.38	0.01	131	201478	买盘
10:05:58	15.37	-0.01	259	398083	卖盘
10:05:53	15.38	--	1	1538	买盘
10:05:48	15.38	--	107	164566	卖盘
10:05:43	15.38	--	69	106122	卖盘
10:05:38	15.38	-0.02	300	461400	卖盘
10:05:33	15.4	0.02	216	332640	买盘
10:05:28	15.38	-0.01	15	23070	卖盘
10:05:23	15.39	0.02	68	104652	买盘
10:05:18	15.37	--	158	242846	卖盘
10:05:13	15.37	-0.03	131	201347	卖盘
10:05:08	15.4	--	108	166320	买盘
10:05:03	15.4	0.01	1813	2792020	买盘
10:04:58	15.39	--	191	293949	买盘
10:04:48	15.39	0.01	12	18468	买盘
10:04:43	15.38	-0.02	86	132268	卖盘
10:04:37	15.4	-0.01	197	303380	卖盘
10:04:33	15.41	--	67	103247	买盘
10:04:28	15.41	0.02	180	277380	买盘
10:04:22	15.39	-0.02	10	15390	卖盘
10:04:18	15.41	0.01	44	67804	买盘
10:04:13	15.4	--	70	107800	买盘
10:04:08	15.4	--	10	15400	买盘
10:04:03	15.4	--	210	324770	卖盘
10:03:58	15.4	--	365	562269	卖盘
10:03:52	15.4	0.02	65	100100	买盘
10:03:48	15.38	-0.01	99	152262	卖盘
10:03:43	15.39	--	315	484785	卖盘
10:03:37	15.39	-0.01	130	200070	卖盘
10:03:33	15.4	0.01	266	409640	买盘
10:03:28	15.39	--	123	189297	卖盘
10:03:22	15.39	--	21	32319	卖盘
10:03:18	15.39	-0.03	109	167751	卖盘
10:03:13	15.42	--	123	189666	中性盘
10:03:07	15.42	0.01	23	35466	买盘
10:03:03	15.41	-0.02	137	211117	卖盘
10:02:58	15.43	0.03	213	328659	买盘
10:02:52	15.4	-0.01	67	103180	卖盘
10:02:47	15.41	-0.02	42	64722	中性盘
10:02:43	15.43	--	146	225278	卖盘
10:02:37	15.43	0.02	242	373406	买盘
10:02:32	15.41	-0.02	468	722574	卖盘
10:02:28	15.43	-0.01	64	98752	卖盘
10:02:22	15.44	--	31	47864	买盘
10:02:17	15.44	-0.01	256	395264	卖盘
10:02:13	15.45	0.01	260	401700	买盘
10:02:07	15.44	-0.01	230	355120	中性盘
10:02:02	15.45	0.02	167	258015	买盘
10:01:58	15.43	-0.02	382	589426	卖盘
10:01:52	15.45	--	294	454230	买盘
10:01:47	15.45	0.02	167	258015	买盘
10:01:42	15.43	-0.01	414	638802	卖盘
10:01:37	15.44	-0.01	540	833760	卖盘
10:01:32	15.45	0.01	321	495945	买盘
10:01:28	15.44	--	505	779720	买盘
10:01:22	15.44	-0.01	316	487904	卖盘
10:01:17	15.45	0.01	150	231750	买盘
10:01:12	15.44	-0.01	260	401440	卖盘
10:01:07	15.45	0.01	234	361530	买盘
10:01:02	15.44	-0.02	432	667008	卖盘
10:00:57	15.46	0.02	561	867306	买盘
10:00:52	15.44	--	456	704064	卖盘
10:00:47	15.44	-0.01	210	324240	中性盘
10:00:42	15.45	--	880	1359600	买盘
10:00:37	15.45	0.01	940	1452300	买盘
10:00:32	15.44	--	464	716570	买盘
10:00:27	15.44	--	883	1363352	买盘
10:00:22	15.44	0.01	237	365928	买盘
10:00:17	15.43	--	318	490674	卖盘
10:00:12	15.43	-0.01	491	757613	卖盘
10:00:07	15.44	0.01	567	875448	买盘
10:00:02	15.43	--	434	669662	买盘
09:59:57	15.43	--	398	614114	买盘
09:59:52	15.43	--	226	348718	买盘
09:59:47	15.43	0.01	253	390379	买盘
09:59:42	15.42	0.02	737	1136454	买盘
09:59:37	15.4	-0.02	449	691460	卖盘
09:59:32	15.42	0.01	253	390126	买盘
09:59:27	15.41	0.03	359	553219	买盘
09:59:22	15.38	-0.03	282	433716	卖盘
09:59:17	15.41	--	78	120198	买盘
09:59:12	15.41	0.01	261	403618	买盘
09:59:07	15.4	-0.01	215	331100	卖盘
09:59:02	15.41	--	99	152559	买盘
09:58:57	15.41	0.01	153	235773	买盘
09:58:52	15.4	--	72	110880	买盘
09:58:47	15.4	--	157	241780	买盘
09:58:42	15.4	--	324	499730	卖盘
09:58:37	15.4	--	482	742280	卖盘
09:58:32	15.4	--	629	969584	买盘
09:58:27	15.4	--	205	315700	买盘
09:58:22	15.4	--	276	425040	买盘
09:58:16	15.4	0.01	14	21560	买盘
09:58:12	15.39	-0.02	49	75411	卖盘
09:58:07	15.41	--	123	190344	卖盘
09:58:01	15.41	--	93	143436	卖盘
09:57:57	15.41	--	146	225602	买盘
09:57:52	15.41	--	161	248101	卖盘
09:57:47	15.41	--	149	229609	卖盘
09:57:42	15.41	--	51	78591	买盘
09:57:37	15.41	-0.01	56	86296	买盘
09:57:31	15.42	--	52	81571	买盘
09:57:27	15.42	0.01	127	196759	买盘
09:57:22	15.41	-0.02	82	126978	买盘
09:57:16	15.43	0.02	127	195961	买盘
09:57:12	15.41	-0.01	38	58558	卖盘
09:57:07	15.42	--	56	86352	买盘
09:57:01	15.42	--	26	40092	买盘
09:56:57	15.42	0.02	94	144948	买盘
09:56:52	15.4	-0.03	118	181720	中性盘
09:56:46	15.43	0.02	100	154300	买盘
09:56:42	15.41	0.01	136	209576	中性盘
09:56:37	15.4	0.01	118	182028	中性盘
09:56:31	15.39	--	27	41553	卖盘
09:56:27	15.39	-0.01	74	115117	卖盘
09:56:22	15.4	0.01	102	157388	买盘
09:56:16	15.39	--	117	180063	卖盘
09:56:12	15.39	-0.01	115	177292	卖盘
09:56:07	15.4	--	150	232232	卖盘
09:56:01	15.4	-0.04	213	328020	中性盘
09:55:57	15.44	0.04	350	540400	买盘
09:55:52	15.4	--	179	275660	卖盘
09:55:46	15.4	--	307	472780	卖盘
09:55:41	15.4	-0.01	70	107800	卖盘
09:55:37	15.41	0.01	120	184920	买盘
09:55:31	15.4	-0.01	154	237160	卖盘
09:55:26	15.41	--	59	90919	买盘
09:55:22	15.41	-0.02	196	302036	卖盘
09:55:16	15.43	-0.02	93	143499	中性盘
09:55:11	15.45	--	260	401700	买盘
09:55:06	15.45	0.01	354	546930	买盘
09:55:01	15.44	-0.01	219	338136	卖盘
09:54:56	15.45	--	96	148320	买盘
09:54:51	15.45	0.01	99	152955	买盘
09:54:46	15.44	-0.01	214	330416	卖盘
09:54:41	15.45	--	220	339900	买盘
09:54:36	15.45	0.01	693	1070685	买盘
09:54:31	15.44	0.02	150	231600	买盘
09:54:26	15.42	--	93	143406	买盘
09:54:21	15.42	-0.04	184	283728	卖盘
09:54:16	15.46	--	280	432880	买盘
09:54:11	15.46	0.02	254	392684	买盘
09:54:06	15.44	-0.01	660	1019040	卖盘
09:54:01	15.45	-0.01	343	529935	买盘
09:53:56	15.46	0.09	625	966250	买盘
09:53:51	15.37	-0.07	900	1383300	卖盘
09:53:46	15.44	--	901	1391144	卖盘
09:53:41	15.44	-0.01	218	336592	卖盘
09:53:36	15.45	-0.01	319	492855	中性盘
09:53:31	15.46	0.02	421	650866	买盘
09:53:26	15.44	-0.02	531	819864	卖盘
09:53:21	15.46	--	711	1099206	卖盘
09:53:16	15.46	0.02	616	952336	买盘
09:53:11	15.44	-0.01	694	1071536	卖盘
09:53:06	15.45	0.01	815	1259175	买盘
09:53:01	15.44	-0.01	338	521872	卖盘
09:52:56	15.45	0.01	587	906915	买盘
09:52:51	15.44	0.06	524	809056	买盘
09:52:46	15.38	-0.06	1309	2014656	卖盘
09:52:41	15.44	0.01	134	206896	买盘
09:52:36	15.43	0.03	176	271784	买盘
09:52:31	15.4	0.01	429	661614	买盘
09:52:26	15.39	0.01	549	844911	中性盘
09:52:21	15.38	--	803	1235014	中性盘
09:52:16	15.38	0.01	513	788994	买盘
09:52:11	15.37	0.02	1077	1655349	买盘
09:52:06	15.35	0.03	1108	1700780	买盘
09:52:01	15.32	-0.02	701	1073932	卖盘
09:51:55	15.34	0.02	336	515424	买盘
09:51:51	15.32	--	1081	1656092	中性盘
09:51:46	15.32	-0.01	226	346232	中性盘
09:51:41	15.33	--	251	384783	买盘
09:51:36	15.33	0.01	383	587139	买盘
09:51:31	15.32	-0.01	476	729232	卖盘
09:51:25	15.33	--	252	386316	买盘
09:51:21	15.33	0.01	308	472164	买盘
09:51:16	15.32	-0.01	337	516284	卖盘
09:51:10	15.33	-0.01	327	501291	卖盘
09:51:06	15.34	0.01	219	335946	买盘
09:51:01	15.33	-0.01	198	303534	中性盘
09:50:55	15.34	0.01	183	280722	买盘
09:50:51	15.33	-0.01	305	467565	卖盘
09:50:46	15.34	--	349	535366	买盘
09:50:40	15.34	0.03	148	227032	买盘
09:50:36	15.31	-0.02	319	488389	卖盘
09:50:31	15.33	0.01	328	502824	买盘
09:50:25	15.32	0.01	235	360020	买盘
09:50:21	15.31	0.01	445	681295	买盘
09:50:16	15.3	--	522	799929	买盘
09:50:10	15.3	0.03	204	312120	买盘
09:50:06	15.27	-0.03	450	687150	卖盘
09:50:01	15.3	0.02	434	664020	买盘
09:49:55	15.28	-0.01	298	455344	卖盘
09:49:51	15.29	0.02	754	1152866	买盘
09:49:46	15.27	-0.01	355	542085	卖盘
09:49:40	15.28	0.01	49	74872	买盘
09:49:36	15.27	-0.01	134	204618	卖盘
09:49:31	15.28	--	40	61120	买盘
09:49:25	15.28	--	37	56536	买盘
09:49:20	15.28	--	115	175720	卖盘
09:49:16	15.28	0.01	19	29032	买盘
09:49:10	15.27	-0.02	136	207672	卖盘
09:49:05	15.29	0.01	24	36696	买盘
09:49:01	15.28	--	102	155856	买盘
09:48:55	15.28	-0.01	90	137520	卖盘
09:48:50	15.29	0.01	99	151371	买盘
09:48:45	15.28	-0.01	49	74872	卖盘
09:48:40	15.29	0.02	75	114675	买盘
09:48:35	15.27	-0.02	114	174078	卖盘
09:48:30	15.29	0.01	274	418946	买盘
09:48:25	15.28	--	130	198640	买盘
09:48:20	15.28	--	44	67232	买盘
09:48:15	15.28	--	88	134464	买盘
09:48:10	15.28	--	211	322408	买盘
09:48:05	15.28	--	75	114600	买盘
09:48:00	15.28	--	184	281152	买盘
09:47:55	15.28	0.01	266	406448	买盘
09:47:50	15.27	--	31	47337	买盘
09:47:45	15.27	0.01	331	505437	买盘
09:47:40	15.26	-0.01	53	80878	卖盘
09:47:30	15.27	--	4	6108	买盘
09:47:25	15.27	0.01	15	22905	买盘
09:47:20	15.26	-0.01	65	99190	中性盘
09:47:15	15.27	0.01	104	158808	买盘
09:47:10	15.26	--	1	1526	买盘
09:47:05	15.26	0.01	33	50358	买盘
09:47:00	15.25	--	71	108275	中性盘
09:46:55	15.25	-0.01	241	367525	卖盘
09:46:50	15.26	0.01	43	65618	买盘
09:46:45	15.25	-0.01	193	294325	卖盘
09:46:40	15.26	0.01	164	250264	买盘
09:46:35	15.25	--	31	47275	买盘
09:46:30	15.25	--	59	89975	买盘
09:46:25	15.25	0.01	63	96075	买盘
09:46:20	15.24	-0.01	44	67056	卖盘
09:46:15	15.25	--	74	112850	卖盘
09:46:10	15.25	--	136	207400	买盘
09:46:05	15.25	--	118	179950	买盘
09:46:00	15.25	0.01	23	35075	买盘
09:45:55	15.24	-0.01	2	3048	卖盘
09:45:50	15.25	-0.01	5	7625	中性盘
09:45:45	15.26	0.01	19	28994	买盘
09:45:40	15.25	--	46	70150	卖盘
09:45:34	15.25	0.01	47	71675	买盘
09:45:30	15.24	0.03	137	208788	买盘
09:45:25	15.21	-0.03	122	185562	卖盘
09:45:19	15.24	0.01	1	1524	买盘
09:45:15	15.23	0.03	168	255864	买盘
09:45:10	15.2	-0.04	302	459040	卖盘
09:45:00	15.24	0.03	88	134112	买盘
09:44:55	15.21	-0.03	967	1470807	卖盘
09:44:49	15.24	0.01	19	28956	买盘
09:44:45	15.23	-0.03	62	94426	卖盘
09:44:40	15.26	0.01	114	173964	买盘
09:44:34	15.25	0.02	119	181475	买盘
09:44:30	15.23	--	49	74627	卖盘
09:44:25	15.23	--	48	73104	卖盘
09:44:19	15.23	--	114	173622	卖盘
09:44:15	15.23	--	161	245203	卖盘
09:44:04	15.23	-0.02	26	39598	卖盘
09:44:00	15.25	0.01	27	41175	买盘
09:43:55	15.24	--	0	0	卖盘
09:43:49	15.24	0.01	20	30480	卖盘
09:43:44	15.23	--	0	0	卖盘
09:43:40	15.23	-0.03	88	134024	卖盘
09:43:34	15.26	--	55	83930	买盘
09:43:29	15.26	0.02	7	10682	买盘
09:43:25	15.24	0.02	155	236220	卖盘
09:43:19	15.22	--	0	0	卖盘
09:43:14	15.22	-0.01	85	129370	卖盘
09:43:10	15.23	-0.03	40	60920	卖盘
09:43:04	15.26	0.01	279	425754	买盘
09:42:59	15.25	--	3	4575	买盘
09:42:55	15.25	-0.01	132	201300	卖盘
09:42:49	15.26	--	11	16786	买盘
09:42:44	15.26	0.01	43	65618	买盘
09:42:39	15.25	--	1	1525	卖盘
09:42:34	15.25	--	15	22875	卖盘
09:42:24	15.25	--	77	117425	卖盘
09:42:19	15.25	--	15	22875	卖盘
09:42:14	15.25	--	59	89975	买盘
09:42:09	15.25	0.01	8	12200	买盘
09:42:04	15.24	--	9	13716	卖盘
09:41:54	15.24	--	36	56128	卖盘
09:41:49	15.24	--	105	160279	买盘
09:41:34	15.24	0.01	34	51816	买盘
09:41:29	15.23	-0.01	54	82242	卖盘
09:41:24	15.24	0.01	30	45720	买盘
09:41:19	15.23	-0.01	45	68535	卖盘
09:41:04	15.24	--	14	21336	买盘
09:40:59	15.24	-0.02	105	160020	卖盘
09:40:54	15.26	0.01	97	148785	买盘
09:40:49	15.25	-0.01	123	187575	卖盘
09:40:44	15.26	--	109	166334	买盘
09:40:39	15.26	0.01	127	194565	买盘
09:40:34	15.25	-0.01	18	27450	卖盘
09:40:29	15.26	0.01	10	15260	买盘
09:40:24	15.25	-0.02	18	27450	卖盘
09:40:19	15.27	0.01	246	375642	买盘
09:40:14	15.26	-0.01	20	30520	买盘
09:40:09	15.27	--	99	151173	买盘
09:40:04	15.27	--	55	83985	买盘
09:39:59	15.27	--	10	15270	买盘
09:39:54	15.27	--	38	58026	买盘
09:39:49	15.27	--	108	165939	卖盘
09:39:44	15.27	--	15	22905	卖盘
09:39:39	15.27	--	161	245847	卖盘
09:39:34	15.27	0.01	189	289106	买盘
09:39:24	15.26	-0.01	59	90034	卖盘
09:39:19	15.27	0.01	288	439776	买盘
09:39:14	15.26	--	15	22890	卖盘
09:39:09	15.26	--	29	44269	买盘
09:39:04	15.26	--	59	90034	买盘
09:38:58	15.26	0.02	7	10682	买盘
09:38:54	15.24	-0.02	9	13716	卖盘
09:38:49	15.26	--	71	109856	买盘
09:38:39	15.26	--	124	189224	买盘
09:38:34	15.26	--	11	16801	买盘
09:38:28	15.26	--	0	0	买盘
09:38:24	15.26	0.02	21	32046	买盘
09:38:19	15.24	--	61	92964	买盘
09:38:13	15.24	-0.01	18	27432	卖盘
09:38:09	15.25	--	25	38125	卖盘
09:38:04	15.25	--	279	425475	买盘
09:37:58	15.25	0.01	29	44225	买盘
09:37:54	15.24	-0.02	8	12192	卖盘
09:37:49	15.26	0.01	421	642446	买盘
09:37:43	15.25	--	102	155550	卖盘
09:37:39	15.25	--	37	56425	卖盘
09:37:34	15.25	--	10	15250	卖盘
09:37:28	15.25	0.01	2	3050	卖盘
09:37:24	15.24	-0.01	135	205740	卖盘
09:37:19	15.25	--	70	106750	买盘
09:37:13	15.25	--	4	6100	买盘
09:37:08	15.25	0.01	72	109800	买盘
09:37:04	15.24	--	6	9144	卖盘
09:36:58	15.24	--	146	222504	卖盘
09:36:53	15.24	--	5	7620	卖盘
09:36:49	15.24	0.03	84	128016	买盘
09:36:34	15.21	-0.02	168	255528	卖盘
09:36:28	15.23	--	94	143162	买盘
09:36:23	15.23	--	24	36552	买盘
09:36:19	15.23	0.01	122	185806	买盘
09:36:13	15.22	0.01	513	780786	中性盘
09:36:08	15.21	-0.01	42	63882	卖盘
09:36:03	15.22	--	109	165898	卖盘
09:35:58	15.22	0.01	39	59358	中性盘
09:35:53	15.21	-0.01	120	182520	卖盘
09:35:48	15.22	-0.01	18	27396	中性盘
09:35:43	15.23	0.02	31	47213	买盘
09:35:38	15.21	-0.01	28	42588	卖盘
09:35:33	15.22	--	34	51748	卖盘
09:35:28	15.22	--	77	117194	买盘
09:35:23	15.22	0.01	4	6088	买盘
09:35:18	15.21	--	66	100386	卖盘
09:35:13	15.21	--	133	202293	卖盘
09:35:08	15.21	0.01	131	199251	买盘
09:35:03	15.2	--	89	135280	卖盘
09:34:58	15.2	--	110	167200	卖盘
09:34:48	15.2	--	167	253840	买盘
09:34:43	15.2	--	205	311600	买盘
09:34:38	15.2	0.01	11	16720	买盘
09:34:33	15.19	-0.01	174	264306	卖盘
09:34:28	15.2	0.02	188	285760	买盘
09:34:18	15.18	--	62	94116	卖盘
09:34:08	15.18	--	61	92598	卖盘
09:34:03	15.18	--	62	94116	卖盘
09:33:58	15.18	0.01	143	217074	买盘
09:33:53	15.17	--	67	101639	卖盘
09:33:48	15.17	--	46	69782	卖盘
09:33:43	15.17	--	207	314292	买盘
09:33:38	15.17	0.01	63	95571	买盘
09:33:33	15.16	--	10	15160	卖盘
09:33:28	15.16	--	108	163728	卖盘
09:33:23	15.16	0.01	114	172824	买盘
09:33:18	15.15	-0.01	52	78780	卖盘
09:33:13	15.16	--	16	24256	卖盘
09:33:08	15.16	-0.01	13	19708	卖盘
09:33:03	15.17	0.01	200	303400	买盘
09:32:57	15.16	--	80	121280	卖盘
09:32:53	15.16	--	21	31836	卖盘
09:32:48	15.16	-0.01	20	30320	卖盘
09:32:43	15.17	0.01	38	57646	买盘
09:32:38	15.16	--	45	68220	卖盘
09:32:33	15.16	--	32	48512	卖盘
09:32:28	15.16	-0.01	19	30047	卖盘
09:32:22	15.17	--	51	77367	卖盘
09:32:18	15.17	--	17	26062	卖盘
09:32:13	15.17	-0.01	40	60680	卖盘
09:32:03	15.18	--	15	22770	卖盘
09:31:58	15.18	--	16	24288	卖盘
09:31:48	15.18	-0.01	222	336996	卖盘
09:31:43	15.19	-0.01	71	107849	买盘
09:31:33	15.2	0.01	60	91200	买盘
09:31:27	15.19	0.01	115	174685	买盘
09:31:17	15.18	--	36	54648	卖盘
09:31:13	15.18	-0.01	16	24288	卖盘
09:31:02	15.19	0.01	40	60760	买盘
09:30:57	15.18	--	25	37950	卖盘
09:30:52	15.18	0.01	214	324852	买盘
09:30:47	15.17	-0.01	11	16687	卖盘
09:30:43	15.18	--	70	106260	买盘
09:30:37	15.18	--	120	182160	买盘
09:30:32	15.18	--	19	28842	买盘
09:30:28	15.18	--	18	27324	买盘
09:30:22	15.18	-0.02	293	444774	卖盘
09:30:17	15.2	--	20	30400	中性盘
09:30:13	15.2	0.02	60	91200	买盘
09:30:07	15.18	-0.02	764	1159752	卖盘
09:28:46	15.2	--	0	0	买盘
09:25:07	15.2	15.2	1070	1626400	买盘
