成交时间	成交价	价格变动	成交量(手)	成交额(元)	性质
15:00:00	13.79	--	0	0	买盘
15:00:00	13.79	0.01	38	52402	买盘
14:59:53	13.78	0.01	11	15158	卖盘
14:59:44	13.77	--	0	0	卖盘
14:59:38	13.77	0.01	1	1377	卖盘
14:59:34	13.76	-0.02	67	92192	卖盘
14:59:29	13.78	0.02	6	8268	买盘
14:59:23	13.76	--	0	0	卖盘
14:59:19	13.76	-0.06	5	6880	卖盘
14:59:14	13.82	0.06	461	637102	买盘
14:59:08	13.76	-0.02	113	155488	卖盘
14:59:04	13.78	-0.01	10	13780	买盘
14:58:53	13.79	0.01	22	30337	买盘
14:58:49	13.78	--	68	93704	买盘
14:58:29	13.78	--	28	38584	卖盘
14:58:08	13.78	-0.01	19	26182	卖盘
14:57:49	13.79	--	20	27580	买盘
14:57:44	13.79	--	34	46886	买盘
14:57:34	13.79	0.02	209	288211	买盘
14:57:29	13.77	-0.01	36	49572	卖盘
14:57:19	13.78	-0.01	12	16536	卖盘
14:57:04	13.79	0.01	49	67571	买盘
14:56:49	13.78	--	50	68900	买盘
14:56:44	13.78	--	45	62010	买盘
14:56:38	13.78	0.02	7	9646	买盘
14:56:29	13.76	--	0	0	卖盘
14:56:23	13.76	-0.02	12	16512	卖盘
14:56:19	13.78	--	0	0	买盘
14:56:14	13.78	--	40	55120	买盘
14:56:08	13.78	0.03	100	137800	买盘
14:56:04	13.75	-0.01	5	6875	卖盘
14:55:59	13.76	--	59	81184	买盘
14:55:53	13.76	--	2	2752	买盘
14:55:48	13.76	0.01	10	13760	买盘
14:55:44	13.75	--	0	0	卖盘
14:55:38	13.75	-0.01	97	133375	卖盘
14:55:28	13.76	--	10	13760	卖盘
14:55:23	13.76	0.01	2	2752	买盘
14:55:13	13.75	--	19	26125	卖盘
14:54:58	13.75	-0.03	60	82500	中性盘
14:54:53	13.78	0.04	200	275600	买盘
14:54:43	13.74	--	0	0	卖盘
14:54:38	13.74	-0.02	120	164880	卖盘
14:54:32	13.76	0.01	10	13760	卖盘
14:54:28	13.75	--	0	0	卖盘
14:54:23	13.75	--	0	0	卖盘
14:54:17	13.75	--	74	101750	卖盘
14:54:13	13.75	--	10	13750	卖盘
14:54:08	13.75	--	306	420750	卖盘
14:54:02	13.75	--	106	145750	买盘
14:53:53	13.75	-0.02	194	266750	卖盘
14:53:47	13.77	--	77	106029	卖盘
14:53:38	13.77	-0.01	10	13770	卖盘
14:53:32	13.78	--	7	9646	卖盘
14:53:28	13.78	--	2	2756	卖盘
14:53:23	13.78	--	36	49608	卖盘
14:53:08	13.78	--	0	0	卖盘
14:53:02	13.78	--	58	79924	买盘
14:52:58	13.78	-0.02	242	333476	卖盘
14:52:47	13.8	--	6	8280	买盘
14:52:43	13.8	--	12	16560	卖盘
14:52:28	13.8	-0.01	23	31740	卖盘
14:52:23	13.81	0.01	5	6905	买盘
14:52:08	13.8	--	103	142140	卖盘
14:51:53	13.8	-0.01	44	60720	卖盘
14:51:38	13.81	-0.01	3	4143	卖盘
14:51:13	13.82	--	0	0	买盘
14:50:47	13.82	0.02	24	33168	买盘
14:50:43	13.8	-0.01	16	22080	卖盘
14:50:38	13.81	0.01	1	1381	买盘
14:50:27	13.8	--	3	4140	卖盘
14:50:23	13.8	--	0	0	卖盘
14:49:58	13.8	0.02	57	78660	买盘
14:49:53	13.78	-0.01	40	55120	卖盘
14:49:47	13.79	--	0	0	中性盘
14:49:37	13.79	0.01	10	13790	卖盘
14:49:32	13.78	-0.02	3	4134	卖盘
14:49:17	13.8	--	3	4140	买盘
14:49:11	13.8	-0.02	374	516120	卖盘
14:48:52	13.82	--	13	17966	买盘
14:48:47	13.82	--	18	24876	卖盘
14:48:37	13.82	--	2	2764	卖盘
14:48:32	13.82	--	22	30404	买盘
14:48:17	13.82	--	5	6910	买盘
14:48:07	13.82	--	151	208682	买盘
14:47:47	13.82	--	21	29022	买盘
14:47:41	13.82	-0.01	137	189334	卖盘
14:47:37	13.83	--	23	31809	买盘
14:47:22	13.83	-0.01	78	107874	卖盘
14:47:17	13.84	0.01	100	138400	买盘
14:47:11	13.83	--	5	6915	卖盘
14:47:07	13.83	--	119	164577	卖盘
14:47:02	13.83	-0.01	30	41490	卖盘
14:46:22	13.84	--	143	197912	卖盘
14:46:17	13.84	--	207	286488	卖盘
14:46:02	13.84	-0.01	33	45672	卖盘
14:45:47	13.85	0.01	250	346250	买盘
14:45:37	13.84	-0.01	3	4152	卖盘
14:45:17	13.85	0.01	37	51245	买盘
14:44:52	13.84	--	25	34600	卖盘
14:44:47	13.84	--	4	5536	卖盘
14:44:37	13.84	--	19	26296	卖盘
14:44:26	13.84	-0.01	68	94112	卖盘
14:44:22	13.85	--	15	20775	买盘
14:44:17	13.85	0.01	6	8310	买盘
14:43:41	13.84	--	74	102416	卖盘
14:43:22	13.84	--	5	6920	买盘
14:43:11	13.84	--	60	83040	买盘
14:42:56	13.84	-0.01	43	59512	卖盘
14:42:41	13.85	0.01	4	5540	买盘
14:42:35	13.84	--	110	152240	卖盘
14:42:32	13.84	--	69	95496	卖盘
14:42:26	13.84	-0.01	10	13840	卖盘
14:42:20	13.85	0.02	2	2770	买盘
14:42:16	13.83	--	0	0	卖盘
14:41:56	13.83	-0.01	22	30426	卖盘
14:41:35	13.84	0.01	3	4152	卖盘
14:41:31	13.83	--	0	0	卖盘
14:41:26	13.83	--	154	212982	卖盘
14:41:20	13.83	-0.01	1	1383	卖盘
14:41:11	13.84	--	19	26296	买盘
14:40:56	13.84	--	2	2768	买盘
14:40:41	13.84	--	217	300328	卖盘
14:40:35	13.84	--	4	5536	卖盘
14:40:26	13.84	--	19	26296	卖盘
14:40:05	13.84	--	8	11072	卖盘
14:39:56	13.84	--	10	13840	卖盘
14:39:41	13.84	--	15	20760	卖盘
14:39:31	13.84	--	0	0	卖盘
14:39:26	13.84	--	3	4152	卖盘
14:39:20	13.84	-0.01	4	5536	卖盘
14:39:16	13.85	--	25	34625	卖盘
14:38:56	13.85	--	19	26315	买盘
14:38:41	13.85	--	100	138500	买盘
14:38:35	13.85	0.01	8	11080	买盘
14:38:31	13.84	-0.01	20	27680	卖盘
14:38:26	13.85	--	7	9695	买盘
14:38:11	13.85	0.01	43	59555	买盘
14:37:46	13.84	--	14	19376	卖盘
14:37:35	13.84	--	386	534224	卖盘
14:37:31	13.84	-0.01	31	42904	卖盘
14:37:20	13.85	--	70	96950	卖盘
14:37:11	13.85	-0.01	244	337940	卖盘
14:36:56	13.86	0.01	37	51282	买盘
14:36:41	13.85	--	0	0	卖盘
14:36:29	13.85	-0.01	30	41550	卖盘
14:36:14	13.86	--	4	5544	买盘
14:36:11	13.86	0.01	6	8316	中性盘
14:35:59	13.85	-0.01	9	12465	卖盘
14:35:55	13.86	0.01	32	44352	买盘
14:35:35	13.85	--	10	13850	卖盘
14:35:20	13.85	--	70	96950	买盘
14:34:59	13.85	--	200	277000	买盘
14:34:55	13.85	--	40	55400	买盘
14:34:40	13.85	--	96	132960	买盘
14:34:35	13.85	--	162	224370	卖盘
14:34:25	13.85	-0.01	148	204980	卖盘
14:34:20	13.86	--	9	12474	买盘
14:33:59	13.86	0.01	37	51282	买盘
14:33:55	13.85	--	20	27700	卖盘
14:33:50	13.85	--	9	12465	卖盘
14:33:44	13.85	--	7	9695	卖盘
14:33:40	13.85	--	1	1385	卖盘
14:33:35	13.85	0.01	155	214675	买盘
14:33:25	13.84	--	5	6920	卖盘
14:33:10	13.84	-0.01	5	6920	卖盘
14:33:05	13.85	0.01	92	127420	买盘
14:32:55	13.84	--	128	177152	卖盘
14:32:50	13.84	--	2	2768	卖盘
14:32:44	13.84	--	50	69200	卖盘
14:32:40	13.84	--	34	47056	卖盘
14:32:35	13.84	--	7	9688	卖盘
14:32:25	13.84	-0.01	15	20760	卖盘
14:32:14	13.85	0.01	37	51245	买盘
14:32:05	13.84	--	132	182688	卖盘
14:31:55	13.84	-0.01	2	2768	卖盘
14:31:44	13.85	--	8	11080	卖盘
14:31:40	13.85	--	58	80330	卖盘
14:31:35	13.85	-0.01	50	69250	卖盘
14:31:25	13.86	--	23	31878	买盘
14:31:14	13.86	--	117	162162	卖盘
14:31:10	13.86	--	21	29106	卖盘
14:30:59	13.86	-0.01	8	11088	卖盘
14:30:55	13.87	--	1	1387	买盘
14:30:40	13.87	--	48	66576	卖盘
14:30:35	13.87	--	18	24966	卖盘
14:30:25	13.87	0.01	100	138700	卖盘
14:29:59	13.86	-0.01	103	142758	卖盘
14:29:53	13.87	--	18	24966	买盘
14:29:20	13.87	-0.01	38	52706	卖盘
14:29:14	13.88	0.02	16	22208	买盘
14:29:04	13.86	-0.01	6	8316	卖盘
14:28:59	13.87	0.01	20	29029	买盘
14:28:53	13.86	-0.01	10	13860	卖盘
14:28:49	13.87	--	200	277400	买盘
14:28:44	13.87	--	66	91542	买盘
14:28:38	13.87	--	10	13870	买盘
14:28:34	13.87	--	18	24966	买盘
14:28:23	13.87	--	21	29127	买盘
14:28:19	13.87	0.01	245	339815	买盘
14:28:04	13.86	-0.01	25	34650	卖盘
14:27:34	13.87	0.01	351	486837	买盘
14:27:29	13.86	-0.01	50	69300	卖盘
14:27:23	13.87	--	117	162279	买盘
14:27:19	13.87	--	200	277400	买盘
14:27:14	13.87	--	47	65188	买盘
14:27:08	13.87	--	10	13870	买盘
14:26:44	13.87	0.01	64	88768	买盘
14:26:19	13.86	-0.01	10	13860	卖盘
14:25:49	13.87	--	37	51319	买盘
14:25:38	13.87	--	147	204582	卖盘
14:25:23	13.87	-0.01	5	6935	卖盘
14:25:19	13.88	0.01	25	34700	买盘
14:25:08	13.87	--	14	19418	卖盘
14:24:49	13.87	-0.01	3	4161	卖盘
14:24:34	13.88	0.01	3	4164	买盘
14:24:14	13.87	-0.01	2	2774	卖盘
14:24:04	13.88	--	3	4164	买盘
14:23:53	13.88	--	50	69400	买盘
14:23:49	13.88	--	37	51356	买盘
14:23:38	13.88	--	50	69400	买盘
14:23:28	13.88	0.01	160	222080	买盘
14:23:23	13.87	--	10	13870	卖盘
14:23:17	13.87	--	10	13870	卖盘
14:22:53	13.87	--	113	157424	买盘
14:22:38	13.87	--	37	51319	买盘
14:22:23	13.87	--	0	0	买盘
14:22:17	13.87	--	182	252434	卖盘
14:22:08	13.87	-0.01	3	4161	卖盘
14:22:02	13.88	--	20	27760	买盘
14:21:58	13.88	--	30	41640	买盘
14:21:17	13.88	--	37	51356	买盘
14:21:13	13.88	0.01	10	13880	买盘
14:21:08	13.87	--	7	9709	卖盘
14:20:53	13.87	--	13	18031	卖盘
14:20:38	13.87	--	25	34675	买盘
14:20:28	13.87	--	310	429970	买盘
14:20:02	13.87	--	0	0	买盘
14:19:43	13.87	--	100	138700	买盘
14:19:38	13.87	--	20	27740	买盘
14:19:32	13.87	--	37	51319	买盘
14:19:17	13.87	--	5	6935	买盘
14:19:02	13.87	0.02	15	20805	买盘
14:18:58	13.85	-0.02	37	51245	卖盘
14:18:53	13.87	0.01	2	2774	买盘
14:18:47	13.86	-0.01	10	13860	买盘
14:18:43	13.87	--	0	0	买盘
14:18:38	13.87	--	0	0	买盘
14:18:28	13.87	--	0	0	买盘
14:18:23	13.87	0.01	20	27740	买盘
14:18:08	13.86	0.01	10	13860	买盘
14:17:22	13.85	-0.01	5	6925	卖盘
14:17:07	13.86	--	1	1386	买盘
14:17:02	13.86	--	0	0	中性盘
14:16:52	13.86	--	14	19404	买盘
14:16:37	13.86	--	16	22176	卖盘
14:16:22	13.86	--	14	19404	卖盘
14:16:17	13.86	--	14	19404	卖盘
14:16:07	13.86	--	40	55440	卖盘
14:15:32	13.86	--	23	31878	卖盘
14:15:22	13.86	-0.01	5	6930	卖盘
14:15:17	13.87	--	37	51319	买盘
14:15:07	13.87	--	1	1387	买盘
14:13:37	13.87	--	47	65188	买盘
14:13:26	13.87	0.01	50	69350	买盘
14:13:22	13.86	--	20	27720	买盘
14:13:17	13.86	--	4	5544	买盘
14:13:07	13.86	-0.01	98	135828	卖盘
14:12:47	13.87	--	47	65188	买盘
14:12:32	13.87	--	86	119282	买盘
14:12:22	13.87	--	8	11096	买盘
14:12:17	13.87	--	115	159505	买盘
14:12:07	13.87	--	37	51319	买盘
14:11:52	13.87	--	1	1387	买盘
14:11:32	13.87	--	3	4161	买盘
14:11:22	13.87	0.01	1	1387	买盘
14:11:11	13.86	-0.01	3	4158	卖盘
14:11:01	13.87	--	4	5548	买盘
14:09:56	13.87	--	32	44384	买盘
14:09:50	13.87	0.01	8	11096	买盘
14:09:46	13.86	--	0	0	卖盘
14:09:41	13.86	--	5	6930	买盘
14:09:31	13.86	--	20	27720	卖盘
14:09:26	13.86	--	14	19404	卖盘
14:09:16	13.86	--	61	84546	买盘
14:08:16	13.86	-0.01	4	5544	卖盘
14:07:56	13.87	--	2	2774	买盘
14:07:31	13.87	0.01	1	1387	买盘
14:07:20	13.86	-0.01	6	8316	买盘
14:07:16	13.87	0.01	5	6935	买盘
14:07:11	13.86	--	0	0	卖盘
14:07:01	13.86	0.01	32	44352	买盘
14:06:35	13.85	-0.01	3	4155	卖盘
14:06:11	13.86	--	34	47124	买盘
14:05:46	13.86	--	7	9702	买盘
14:05:35	13.86	-0.01	1	1386	中性盘
14:04:56	13.87	0.03	1	1387	买盘
14:04:44	13.84	--	720	996480	卖盘
14:04:20	13.84	--	0	0	卖盘
14:04:14	13.84	--	19	26296	卖盘
14:03:40	13.84	-0.01	409	566056	卖盘
14:03:35	13.85	-0.02	4	5540	卖盘
14:03:20	13.87	--	26	36062	买盘
14:02:44	13.87	0.02	37	51319	买盘
14:02:35	13.85	0.01	38	52630	买盘
14:02:20	13.84	-0.01	2	2768	卖盘
14:02:10	13.85	--	10	13850	买盘
14:01:50	13.85	--	3	4155	买盘
14:01:44	13.85	0.01	1	1385	买盘
14:01:40	13.84	-0.01	15	20760	卖盘
14:01:29	13.85	--	1	1385	买盘
14:00:59	13.85	-0.01	308	426580	卖盘
14:00:44	13.86	-0.01	3	4158	卖盘
14:00:35	13.87	-0.01	32	44384	卖盘
14:00:25	13.88	--	4	5552	买盘
13:59:50	13.88	0.01	2	2776	买盘
13:59:40	13.87	--	71	98477	买盘
13:59:14	13.87	--	22	30514	卖盘
13:59:10	13.87	-0.01	3	4161	卖盘
13:58:55	13.88	0.01	23	31924	买盘
13:58:29	13.87	-0.01	30	41610	卖盘
13:58:25	13.88	0.01	37	51356	买盘
13:58:14	13.87	-0.01	2	2774	卖盘
13:58:04	13.88	--	10	13880	买盘
13:57:59	13.88	--	4	5552	买盘
13:57:53	13.88	0.01	25	34700	买盘
13:57:49	13.87	--	2	2774	卖盘
13:57:34	13.87	--	5	6935	卖盘
13:57:29	13.87	--	6	8530	买盘
13:57:23	13.87	0.01	37	51319	买盘
13:57:19	13.86	-0.01	44	60984	卖盘
13:57:14	13.87	--	7	9709	买盘
13:56:53	13.87	0.01	2	2774	买盘
13:56:49	13.86	--	4	5544	卖盘
13:56:29	13.86	--	71	98406	卖盘
13:56:19	13.86	-0.01	9	12474	卖盘
13:55:59	13.87	--	5	6935	买盘
13:55:34	13.87	--	3	4161	买盘
13:55:14	13.87	0.01	114	158118	买盘
13:54:38	13.86	-0.01	5	6930	卖盘
13:54:34	13.87	0.01	37	51319	买盘
13:54:23	13.86	-0.01	1	1386	卖盘
13:54:04	13.87	0.01	1	1387	买盘
13:53:59	13.86	--	5	6930	买盘
13:53:49	13.86	0.01	3	4158	买盘
13:52:34	13.85	--	3	4155	卖盘
13:52:23	13.85	--	100	138500	卖盘
13:52:13	13.85	-0.01	100	138500	卖盘
13:52:08	13.86	0.01	1	1386	买盘
13:51:13	13.85	-0.01	8	11080	卖盘
13:50:28	13.86	-0.01	57	79002	卖盘
13:50:17	13.87	0.01	2	2774	买盘
13:50:13	13.86	--	2	2772	卖盘
13:49:47	13.86	--	8	11088	卖盘
13:49:43	13.86	--	1	1386	卖盘
13:49:38	13.86	--	17	23562	卖盘
13:49:32	13.86	--	1	1386	买盘
13:49:13	13.86	--	148	205128	卖盘
13:48:58	13.86	-0.01	17	23562	卖盘
13:48:23	13.87	0.01	1	1387	买盘
13:47:58	13.86	0.01	36	49896	买盘
13:47:23	13.85	--	23	31855	卖盘
13:46:43	13.85	-0.01	30	41550	卖盘
13:46:22	13.86	--	1	1386	买盘
13:46:13	13.86	0.01	176	243936	买盘
13:46:02	13.85	-0.01	5	6925	卖盘
13:45:58	13.86	--	1	1386	买盘
13:45:53	13.86	0.01	1	1386	买盘
13:45:42	13.85	-0.01	20	27700	卖盘
13:45:02	13.86	0.01	2	2772	买盘
13:44:56	13.85	--	3	4155	卖盘
13:44:52	13.85	-0.01	80	110800	卖盘
13:44:32	13.86	0.01	1	1386	买盘
13:43:47	13.85	--	10	13850	卖盘
13:43:37	13.85	--	12	16620	卖盘
13:43:11	13.85	--	9	12465	卖盘
13:42:47	13.85	--	277	383645	买盘
13:42:32	13.85	--	1	1385	买盘
13:42:26	13.85	0.01	1	1385	买盘
13:42:07	13.84	-0.01	40	55360	卖盘
13:42:02	13.85	0.01	6	8310	买盘
13:40:41	13.84	-0.01	20	27680	卖盘
13:40:37	13.85	--	1	1385	买盘
13:40:26	13.85	--	36	49860	买盘
13:40:11	13.85	--	3	4155	买盘
13:40:06	13.85	--	3	4155	买盘
13:39:36	13.85	--	2	2770	买盘
13:39:06	13.85	--	98	135730	卖盘
13:38:50	13.85	-0.01	32	44320	卖盘
13:38:46	13.86	--	1	1386	买盘
13:38:31	13.86	--	3	4158	买盘
13:38:26	13.86	--	1	1386	买盘
13:38:16	13.86	0.01	1	1386	买盘
13:37:56	13.85	-0.01	45	62325	卖盘
13:37:35	13.86	--	6	8316	买盘
13:37:16	13.86	0.01	1	1386	买盘
13:36:56	13.85	-0.01	18	24930	卖盘
13:36:46	13.86	0.01	1	1386	买盘
13:36:41	13.85	--	20	27700	卖盘
13:36:11	13.85	-0.01	63	87255	卖盘
13:35:31	13.86	-0.01	9	12474	中性盘
13:34:56	13.87	-0.01	3	4161	买盘
13:34:50	13.88	--	0	0	买盘
13:34:41	13.88	0.04	36	49968	买盘
13:34:25	13.84	--	29	40136	卖盘
13:34:01	13.84	-0.03	35	48440	卖盘
13:33:55	13.87	0.02	19	26353	买盘
13:33:40	13.85	-0.03	11	15235	卖盘
13:33:25	13.88	--	2	2776	买盘
13:33:01	13.88	0.03	1	1388	买盘
13:32:50	13.85	-0.03	10	13850	卖盘
13:32:35	13.88	--	2	2776	买盘
13:32:05	13.88	--	10	13880	买盘
13:31:14	13.88	--	1	1388	买盘
13:31:05	13.88	--	1	1388	买盘
13:30:59	13.88	0.04	13	18044	买盘
13:30:40	13.84	-0.03	24	33216	卖盘
13:30:20	13.87	--	0	0	买盘
13:30:14	13.87	0.01	91	126217	买盘
13:30:05	13.86	--	5	6930	卖盘
13:29:40	13.86	--	44	60984	买盘
13:29:20	13.86	--	4	5544	买盘
13:29:14	13.86	-0.01	1	1386	买盘
13:29:10	13.87	0.02	1	1387	买盘
13:29:05	13.85	--	0	0	卖盘
13:28:44	13.85	--	0	0	卖盘
13:28:35	13.85	--	1	1385	卖盘
13:28:04	13.85	--	11	15235	卖盘
13:27:49	13.85	--	84	116340	买盘
13:27:39	13.85	--	3	4155	卖盘
13:27:34	13.85	--	0	0	中性盘
13:27:19	13.85	--	2	2770	买盘
13:27:14	13.85	--	1	1385	买盘
13:27:04	13.85	-0.01	198	274230	卖盘
13:26:55	13.86	0.01	544	753984	买盘
13:26:49	13.85	-0.01	3	4155	卖盘
13:26:34	13.86	--	3	4158	买盘
13:26:19	13.86	--	83	115038	卖盘
13:26:04	13.86	--	5	6930	卖盘
13:25:53	13.86	--	0	0	卖盘
13:25:49	13.86	--	1	1386	买盘
13:25:34	13.86	-0.02	9	12474	卖盘
13:25:19	13.88	0.01	1	1388	买盘
13:24:59	13.87	--	0	0	中性盘
13:24:34	13.87	--	2	2774	买盘
13:24:14	13.87	-0.01	1	1387	买盘
13:24:08	13.88	--	0	0	买盘
13:24:04	13.88	--	0	0	买盘
13:23:53	13.88	0.02	2	2776	买盘
13:23:34	13.86	--	0	0	中性盘
13:23:29	13.86	--	10	13860	买盘
13:23:23	13.86	--	1	1386	买盘
13:23:08	13.86	--	7	9702	卖盘
13:23:04	13.86	--	16	22176	卖盘
13:22:44	13.86	--	29	40194	卖盘
13:22:29	13.86	--	20	27720	卖盘
13:22:23	13.86	--	23	31878	卖盘
13:21:59	13.86	--	3	4158	卖盘
13:21:44	13.86	-0.01	4	5544	卖盘
13:21:38	13.87	--	19	26353	买盘
13:21:29	13.87	--	1	1387	买盘
13:21:13	13.87	--	5	6935	卖盘
13:20:58	13.87	--	30	41610	卖盘
13:20:48	13.87	--	15	20805	卖盘
13:19:58	13.87	-0.01	5	6935	卖盘
13:19:53	13.88	0.01	4	5552	买盘
13:19:38	13.87	-0.01	70	97090	卖盘
13:19:33	13.88	--	1	1388	买盘
13:19:08	13.88	--	4	5552	买盘
13:18:58	13.88	0.01	13	18044	买盘
13:18:53	13.87	-0.01	5	6935	卖盘
13:18:38	13.88	0.01	8	11104	买盘
13:18:08	13.87	--	79	109573	卖盘
13:17:47	13.87	-0.01	1	1387	卖盘
13:17:38	13.88	--	1	1388	买盘
13:16:58	13.88	0.01	2	2776	买盘
13:16:08	13.87	--	0	0	中性盘
13:16:02	13.87	--	3	4161	买盘
13:15:43	13.87	0.02	18	24966	买盘
13:14:42	13.85	--	1	1385	卖盘
13:14:22	13.85	-0.01	11	15235	卖盘
13:14:07	13.86	-0.02	72	99792	卖盘
13:13:47	13.88	--	1	1388	买盘
13:13:42	13.88	--	4	5552	买盘
13:12:52	13.88	0.01	2	2776	买盘
13:12:41	13.87	-0.01	3	4161	卖盘
13:12:26	13.88	0.01	50	69400	买盘
13:12:22	13.87	--	20	27740	卖盘
13:12:07	13.87	--	21	29127	买盘
13:12:02	13.87	--	50	69350	买盘
13:11:52	13.87	--	1	1387	买盘
13:11:21	13.87	--	3	4161	买盘
13:11:17	13.87	--	5	6935	买盘
13:10:52	13.87	--	4	5548	买盘
13:10:37	13.87	0.01	12	16644	买盘
13:10:22	13.86	--	101	139986	买盘
13:10:17	13.86	--	51	70686	买盘
13:10:11	13.86	--	2	2772	买盘
13:09:56	13.86	0.01	1	1386	买盘
13:09:47	13.85	--	23	31855	卖盘
13:08:55	13.85	--	75	103875	卖盘
13:08:52	13.85	--	3	4155	卖盘
13:08:32	13.85	--	0	0	卖盘
13:08:25	13.85	--	5	6925	卖盘
13:08:17	13.85	-0.02	8	11080	卖盘
13:08:06	13.87	--	5	6935	买盘
13:08:02	13.87	0.02	1	1387	买盘
13:07:36	13.85	--	40	55400	卖盘
13:06:51	13.85	-0.02	7	9695	卖盘
13:06:11	13.87	0.02	1	1387	买盘
13:05:56	13.85	-0.03	3	4155	卖盘
13:05:01	13.88	--	0	0	买盘
13:04:26	13.88	--	4	5552	买盘
13:04:20	13.88	--	12	16656	买盘
13:04:11	13.88	--	1	1388	买盘
13:03:35	13.88	--	3	4164	买盘
13:03:11	13.88	0.03	46	63848	买盘
13:02:41	13.85	-0.01	14	19390	卖盘
13:02:31	13.86	--	5	6930	买盘
13:02:15	13.86	0.01	1	1386	买盘
13:01:56	13.85	--	23	31855	卖盘
13:01:50	13.85	-0.01	6	8310	卖盘
13:01:30	13.86	--	12	16632	买盘
13:01:26	13.86	--	85	117810	卖盘
13:00:15	13.86	--	4	5544	卖盘
13:00:10	13.86	--	2	2772	卖盘
13:00:05	13.86	-0.01	83	115038	卖盘
13:00:00	13.87	--	1	1387	买盘
11:30:00	13.87	--	0	0	买盘
11:29:59	13.87	--	0	0	买盘
11:29:59	13.87	--	2	2774	卖盘
11:29:31	13.87	0.01	8	11096	卖盘
11:29:21	13.86	--	0	0	卖盘
11:28:36	13.86	--	5	6930	买盘
11:28:25	13.86	--	4	5544	买盘
11:28:21	13.86	0.01	207	286902	买盘
11:28:16	13.85	--	4	5540	买盘
11:28:06	13.85	--	154	213290	买盘
11:28:01	13.85	-0.01	10	13850	买盘
11:27:55	13.86	--	26	36036	卖盘
11:27:36	13.86	-0.02	50	69300	卖盘
11:26:36	13.88	--	0	0	买盘
11:26:25	13.88	0.03	1	1388	买盘
11:26:21	13.85	--	25	34625	卖盘
11:25:55	13.85	--	197	272845	买盘
11:25:40	13.85	0.01	5	6925	买盘
11:25:34	13.84	--	1	1384	卖盘
11:25:31	13.84	--	1	1384	卖盘
11:25:19	13.84	-0.01	5	6920	卖盘
11:24:55	13.85	--	2	2770	买盘
11:24:40	13.85	0.01	46	63710	买盘
11:24:31	13.84	--	11	15224	卖盘
11:24:15	13.84	--	0	27	卖盘
11:24:04	13.84	--	186	257424	买盘
11:23:55	13.84	--	10	13840	买盘
11:23:49	13.84	--	50	69200	买盘
11:23:40	13.84	--	25	34600	买盘
11:23:30	13.84	-0.01	3	4152	卖盘
11:23:10	13.85	--	100	138500	买盘
11:22:40	13.85	--	1	1385	买盘
11:22:30	13.85	-0.01	376	520760	卖盘
11:22:25	13.86	0.01	11	15246	买盘
11:22:15	13.85	--	12	16620	卖盘
11:22:10	13.85	--	36	49860	卖盘
11:21:55	13.85	--	14	19390	卖盘
11:21:45	13.85	--	18	24930	卖盘
11:21:40	13.85	--	35	48475	卖盘
11:21:34	13.85	--	28	38780	买盘
11:21:25	13.85	--	0	0	买盘
11:21:15	13.85	--	10	13850	买盘
11:21:04	13.85	--	0	0	买盘
11:20:55	13.85	--	2	2770	买盘
11:20:40	13.85	0.01	3	4155	买盘
11:20:25	13.84	-0.01	8	11072	卖盘
11:20:00	13.85	0.01	5	6925	卖盘
11:19:45	13.84	--	0	0	卖盘
11:19:34	13.84	--	0	0	卖盘
11:19:25	13.84	-0.04	88	121792	卖盘
11:19:10	13.88	-0.01	17	23596	卖盘
11:18:55	13.89	-0.01	9	13723	卖盘
11:18:49	13.9	0.01	1	1390	买盘
11:18:39	13.89	--	22	30558	卖盘
11:18:28	13.89	-0.01	10	13890	卖盘
11:17:58	13.9	--	22	30580	卖盘
11:17:28	13.9	-0.01	7	9730	卖盘
11:17:24	13.91	--	203	282845	卖盘
11:16:54	13.91	--	9	12519	卖盘
11:16:43	13.91	--	10	13910	卖盘
11:16:24	13.91	--	500	695500	卖盘
11:16:13	13.91	--	139	194267	买盘
11:15:49	13.91	--	9	12519	卖盘
11:15:34	13.91	--	76	105716	卖盘
11:15:24	13.91	0.01	19	26429	买盘
11:15:04	13.9	-0.01	3	4170	卖盘
11:14:54	13.91	0.01	1	1391	买盘
11:14:34	13.9	--	2	2780	买盘
11:14:19	13.9	--	10	13900	买盘
11:14:04	13.9	0.01	7	9730	买盘
11:13:54	13.89	-0.01	20	27780	卖盘
11:13:49	13.9	--	8	11120	买盘
11:13:28	13.9	--	1	1390	买盘
11:13:24	13.9	--	10	13900	买盘
11:13:04	13.9	--	1	1390	买盘
11:12:49	13.9	0.01	18	25020	买盘
11:12:19	13.89	-0.01	12	16668	卖盘
11:11:28	13.9	--	3	4170	买盘
11:11:22	13.9	0.01	42	58380	买盘
11:11:07	13.89	--	3	4167	卖盘
11:11:03	13.89	--	18	25168	买盘
11:10:58	13.89	--	48	66672	卖盘
11:10:37	13.89	0.01	12	16668	买盘
11:10:33	13.88	0.01	10	13880	买盘
11:10:22	13.87	--	13	18031	卖盘
11:10:13	13.87	--	10	13870	卖盘
11:10:03	13.87	-0.01	13	18031	卖盘
11:09:58	13.88	--	1	1388	买盘
11:09:52	13.88	0.01	1	1388	买盘
11:09:48	13.87	--	116	160892	卖盘
11:09:43	13.87	--	25	34675	卖盘
11:09:37	13.87	--	20	27740	卖盘
11:09:28	13.87	--	11	15257	卖盘
11:09:22	13.87	-0.01	5	6935	卖盘
11:09:13	13.88	--	1	1388	买盘
11:08:52	13.88	0.01	14	19432	买盘
11:08:48	13.87	-0.01	2	2774	卖盘
11:08:22	13.88	--	16	23429	卖盘
11:08:13	13.88	-0.01	0	166	卖盘
11:08:03	13.89	--	0	0	中性盘
11:07:58	13.89	0.01	4	5556	买盘
11:07:43	13.88	-0.01	15	20820	卖盘
11:07:28	13.89	-0.01	3	5389	卖盘
11:07:18	13.9	0.01	1	1390	买盘
11:07:07	13.89	--	0	166	买盘
11:06:58	13.89	0.02	7	9723	买盘
11:06:43	13.87	--	26	36062	卖盘
11:06:37	13.87	0.02	26	36062	买盘
11:06:22	13.85	-0.02	94	130190	卖盘
11:06:13	13.87	0.01	12	16644	买盘
11:05:58	13.86	0.02	10	13860	买盘
11:05:52	13.84	--	0	0	卖盘
11:05:43	13.84	--	1	1384	卖盘
11:05:31	13.84	-0.02	28	38752	卖盘
11:05:28	13.86	--	36	49896	买盘
11:05:22	13.86	0.01	1	1386	买盘
11:05:12	13.85	-0.01	10	13850	卖盘
11:05:07	13.86	-0.01	20	27720	卖盘
11:04:52	13.87	--	25	34675	卖盘
11:04:42	13.87	-0.01	10	13870	卖盘
11:04:16	13.88	--	8	11104	卖盘
11:04:12	13.88	-0.01	43	59684	卖盘
11:03:57	13.89	--	8	12334	卖盘
11:03:42	13.89	-0.01	58	80562	卖盘
11:03:37	13.9	--	63	87570	买盘
11:03:27	13.9	--	1	1390	买盘
11:03:12	13.9	--	9	12510	卖盘
11:03:01	13.9	--	12	16680	卖盘
11:02:57	13.9	-0.01	10	13900	卖盘
11:02:42	13.91	--	126	175266	卖盘
11:02:37	13.91	--	20	27820	卖盘
11:02:31	13.91	--	5	6955	卖盘
11:02:27	13.91	--	139	193349	卖盘
11:02:22	13.91	--	10	13910	卖盘
11:02:16	13.91	--	30	41730	卖盘
11:02:12	13.91	--	50	69550	卖盘
11:02:07	13.91	--	252	350532	卖盘
11:02:01	13.91	--	25	34775	卖盘
11:01:57	13.91	--	50	69550	卖盘
11:01:46	13.91	--	50	69550	卖盘
11:01:37	13.91	-0.01	19	26429	卖盘
11:01:31	13.92	--	1	1392	买盘
11:01:22	13.92	--	20	27840	买盘
11:00:57	13.92	--	2	2784	卖盘
11:00:52	13.92	--	50	69600	卖盘
11:00:27	13.92	-0.01	10	13920	卖盘
10:59:52	13.93	0.01	4	5572	买盘
10:59:37	13.92	-0.01	2	2784	卖盘
10:59:16	13.93	--	12	16716	买盘
10:59:01	13.93	--	4	5572	买盘
10:58:55	13.93	--	1	1393	买盘
10:58:51	13.93	--	1	1393	买盘
10:58:46	13.93	0.01	1	1393	买盘
10:58:36	13.92	-0.01	148	206016	卖盘
10:58:21	13.93	--	63	87759	买盘
10:57:51	13.93	0.01	40	55720	买盘
10:57:46	13.92	-0.01	76	105792	卖盘
10:57:40	13.93	0.01	1	1393	买盘
10:57:16	13.92	--	40	55680	卖盘
10:56:31	13.92	0.01	20	27840	买盘
10:56:21	13.91	-0.01	9	12519	卖盘
10:56:16	13.92	0.01	7	9744	买盘
10:56:10	13.91	-0.01	60	83460	卖盘
10:56:01	13.92	--	20	27840	买盘
10:55:51	13.92	0.01	149	207408	买盘
10:55:46	13.91	--	75	104325	卖盘
10:55:36	13.91	-0.01	2	2782	卖盘
10:55:25	13.92	--	10	13920	买盘
10:55:21	13.92	-0.01	46	64032	卖盘
10:55:06	13.93	--	9	12537	卖盘
10:54:51	13.93	--	1	1393	买盘
10:54:40	13.93	0.01	9	12537	买盘
10:54:31	13.92	-0.01	20	27840	卖盘
10:54:25	13.93	0.01	7	9751	买盘
10:54:16	13.92	--	7	9744	卖盘
10:54:10	13.92	--	10	13920	卖盘
10:54:01	13.92	--	1	1392	买盘
10:53:55	13.92	--	16	22272	买盘
10:53:49	13.92	--	340	473280	买盘
10:53:46	13.92	--	11	15312	买盘
10:53:31	13.92	0.01	24	33408	买盘
10:53:19	13.91	--	1	1391	卖盘
10:53:10	13.91	0.01	111	154401	买盘
10:52:55	13.9	--	5	6950	卖盘
10:52:34	13.9	-0.01	1	1390	卖盘
10:52:25	13.91	0.01	26	36166	买盘
10:52:19	13.9	-0.01	10	13900	卖盘
10:51:55	13.91	0.01	20	27820	买盘
10:51:49	13.9	--	1	1390	买盘
10:51:25	13.9	0.01	10	13900	买盘
10:51:19	13.89	-0.01	1	1389	卖盘
10:51:04	13.9	--	8	11120	买盘
10:50:15	13.9	--	4	5560	卖盘
10:50:10	13.9	--	11	15290	卖盘
10:50:04	13.9	-0.01	20	27800	卖盘
10:50:00	13.91	0.01	33	45903	买盘
10:49:40	13.9	--	5	6950	卖盘
10:49:25	13.9	--	43	59770	卖盘
10:49:15	13.9	--	14	19460	卖盘
10:49:00	13.9	-0.01	10	13900	买盘
10:48:55	13.91	--	0	0	买盘
10:48:19	13.91	0.01	153	212823	买盘
10:48:04	13.9	--	19	26410	买盘
10:47:55	13.9	0.01	2	2780	买盘
10:47:40	13.89	--	1	1389	卖盘
10:47:34	13.89	--	36	50170	卖盘
10:47:25	13.89	-0.01	20	27780	卖盘
10:47:10	13.9	0.01	53	73670	买盘
10:47:04	13.89	-0.01	27	37503	卖盘
10:46:49	13.9	--	2	2780	卖盘
10:46:43	13.9	-0.01	8	11120	卖盘
10:46:40	13.91	--	7	9737	买盘
10:46:34	13.91	--	10	13910	买盘
10:46:24	13.91	--	16	22256	卖盘
10:46:19	13.91	--	8	11128	卖盘
10:46:13	13.91	-0.01	2	2782	卖盘
10:46:09	13.92	--	118	164256	买盘
10:46:04	13.92	--	8	11136	卖盘
10:45:54	13.92	--	67	93264	卖盘
10:45:39	13.92	--	67	93264	卖盘
10:45:34	13.92	--	70	97440	卖盘
10:45:24	13.92	-0.01	90	125280	卖盘
10:45:19	13.93	-0.01	10	13930	卖盘
10:45:09	13.94	--	40	55760	买盘
10:44:58	13.94	-0.01	13	18122	卖盘
10:44:54	13.95	0.01	10	13950	买盘
10:44:49	13.94	-0.01	196	273224	卖盘
10:44:39	13.95	-0.01	151	210645	卖盘
10:44:34	13.96	--	1	1396	买盘
10:44:24	13.96	--	30	41880	买盘
10:44:19	13.96	--	44	61424	卖盘
10:44:09	13.96	--	25	34900	卖盘
10:44:04	13.96	--	40	55840	卖盘
10:43:58	13.96	--	11	15356	卖盘
10:43:54	13.96	--	1	1396	买盘
10:43:43	13.96	0.02	91	127036	买盘
10:43:39	13.94	--	30	41820	卖盘
10:43:28	13.94	--	105	146370	买盘
10:43:24	13.94	0.01	84	117096	买盘
10:43:19	13.93	-0.01	22	30646	卖盘
10:43:13	13.94	--	21	29274	卖盘
10:43:09	13.94	--	28	39032	买盘
10:42:54	13.94	0.01	82	114308	买盘
10:42:43	13.93	--	51	71043	卖盘
10:42:39	13.93	--	107	149051	买盘
10:42:34	13.93	--	49	68257	买盘
10:42:24	13.93	--	0	0	买盘
10:42:19	13.93	--	70	97510	买盘
10:42:09	13.93	--	4	5572	买盘
10:41:54	13.93	--	129	179697	卖盘
10:41:49	13.93	--	41	57113	卖盘
10:41:43	13.93	--	40	55720	卖盘
10:41:39	13.93	-0.01	3	4179	卖盘
10:41:28	13.94	--	4	5576	卖盘
10:41:19	13.94	-0.01	66	92004	卖盘
10:41:13	13.95	--	107	149265	买盘
10:41:07	13.95	--	20	27900	买盘
10:41:04	13.95	-0.01	18	25110	中性盘
10:40:58	13.96	--	307	428572	买盘
10:40:52	13.96	0.01	5	6980	买盘
10:40:49	13.95	-0.02	1	1395	卖盘
10:40:43	13.97	--	158	220726	买盘
10:40:37	13.97	0.03	30	41910	买盘
10:40:34	13.94	-0.01	150	209100	卖盘
10:40:28	13.95	--	147	205065	卖盘
10:40:22	13.95	-0.02	8	11160	买盘
10:40:19	13.97	0.02	110	153670	买盘
10:40:13	13.95	0.01	42	58590	买盘
10:40:07	13.94	0.02	15	20910	买盘
10:40:03	13.92	-0.02	100	139200	卖盘
10:39:52	13.94	0.02	60	83640	买盘
10:39:48	13.92	0.01	90	125280	买盘
10:39:43	13.91	--	2	2782	卖盘
10:39:37	13.91	0.01	54	75114	买盘
10:39:33	13.9	--	50	69500	卖盘
10:39:28	13.9	--	28	38920	卖盘
10:39:22	13.9	--	5	6950	卖盘
10:39:18	13.9	0.02	388	540320	买盘
10:39:13	13.88	--	10	13880	卖盘
10:39:07	13.88	--	5	6940	卖盘
10:38:52	13.88	0.01	35	49218	买盘
10:38:48	13.87	-0.01	70	97090	卖盘
10:38:33	13.88	0.01	100	138800	买盘
10:38:28	13.87	--	70	97090	卖盘
10:38:22	13.87	0.01	69	95703	买盘
10:38:13	13.86	0.01	9	12474	买盘
10:38:03	13.85	--	7	9695	卖盘
10:37:52	13.85	0.01	18	24930	买盘
10:37:37	13.84	--	1	1384	卖盘
10:37:33	13.84	--	8	11072	买盘
10:37:28	13.84	0.01	3	4152	买盘
10:37:18	13.83	--	16	22128	卖盘
10:37:13	13.83	-0.01	12	16596	卖盘
10:37:03	13.84	--	0	0	买盘
10:36:58	13.84	0.01	51	70584	买盘
10:36:52	13.83	--	1	1383	买盘
10:36:48	13.83	-0.01	12	16596	卖盘
10:36:43	13.84	--	24	33216	买盘
10:36:33	13.84	0.01	23	31832	买盘
10:36:28	13.83	--	124	171492	卖盘
10:36:18	13.83	--	21	29043	卖盘
10:36:07	13.83	-0.01	124	171492	卖盘
10:36:03	13.84	--	3	4152	买盘
10:35:58	13.84	--	6	8304	买盘
10:35:28	13.84	-0.01	61	84424	卖盘
10:35:13	13.85	-0.02	18	24930	卖盘
10:35:01	13.87	0.02	50	69350	买盘
10:34:58	13.85	--	13	18005	买盘
10:34:52	13.85	0.02	7	9695	买盘
10:34:43	13.83	--	0	0	卖盘
10:34:37	13.83	-0.02	1	1383	卖盘
10:34:22	13.85	--	0	0	中性盘
10:34:16	13.85	0.02	22	30470	卖盘
10:33:57	13.83	--	0	0	卖盘
10:33:52	13.83	-0.05	10	13830	卖盘
10:33:42	13.88	0.02	43	59684	买盘
10:33:37	13.86	-0.02	2	2772	卖盘
10:33:31	13.88	--	0	0	买盘
10:33:27	13.88	0.05	107	148516	买盘
10:33:07	13.83	-0.04	1	1383	中性盘
10:32:42	13.87	--	0	0	买盘
10:32:37	13.87	-0.01	22	31262	卖盘
10:32:31	13.88	0.01	20	27760	买盘
10:32:27	13.87	-0.02	209	289883	卖盘
10:32:22	13.89	--	110	152790	买盘
10:32:12	13.89	--	10	13890	买盘
10:32:07	13.89	-0.01	199	276411	卖盘
10:31:57	13.9	--	131	182090	买盘
10:31:52	13.9	0.01	18	25020	买盘
10:31:42	13.89	0.02	291	404199	买盘
10:31:22	13.87	0.04	812	1126882	买盘
10:31:12	13.83	-0.01	58	80960	卖盘
10:30:52	13.84	0.01	1	1384	买盘
10:30:46	13.83	--	1	1383	卖盘
10:30:22	13.83	--	4	6168	买盘
10:30:12	13.83	0.02	165	228195	买盘
10:29:37	13.81	-0.01	3	4143	卖盘
10:29:31	13.82	--	30	41460	买盘
10:29:27	13.82	0.01	3	4146	买盘
10:29:22	13.81	--	5	6905	卖盘
10:29:12	13.81	-0.01	50	69050	卖盘
10:28:57	13.82	0.01	1	1382	买盘
10:28:52	13.81	0.01	4	5524	买盘
10:28:46	13.8	-0.01	2	2760	卖盘
10:28:25	13.81	--	48	66288	卖盘
10:28:16	13.81	-0.01	102	140862	卖盘
10:27:46	13.82	-0.01	17	23494	买盘
10:27:36	13.83	--	0	0	买盘
10:27:16	13.83	--	13	17979	买盘
10:27:06	13.83	-0.01	56	78194	卖盘
10:27:01	13.84	0.01	1	1384	买盘
10:26:55	13.83	--	30	41490	卖盘
10:26:51	13.83	0.01	464	642348	买盘
10:26:40	13.82	--	26	35932	买盘
10:26:36	13.82	--	10	13820	买盘
10:26:21	13.82	--	3	4146	买盘
10:26:06	13.82	0.01	78	107796	买盘
10:25:55	13.81	--	23	31763	买盘
10:25:51	13.81	0.01	21	29001	买盘
10:25:46	13.8	-0.01	3	4140	卖盘
10:25:40	13.81	--	43	59383	买盘
10:25:36	13.81	0.01	7	9667	买盘
10:25:31	13.8	--	23	31740	卖盘
10:25:25	13.8	--	58	80040	卖盘
10:25:06	13.8	--	19	26220	卖盘
10:25:01	13.8	0.02	20	27600	买盘
10:24:51	13.78	--	0	0	卖盘
10:24:36	13.78	-0.03	3	4134	卖盘
10:24:31	13.81	0.03	10	13810	买盘
10:24:25	13.78	--	22	30316	卖盘
10:24:21	13.78	--	1	1378	卖盘
10:24:16	13.78	--	0	0	卖盘
10:24:06	13.78	--	17	23426	买盘
10:24:01	13.78	--	20	27560	买盘
10:23:51	13.78	--	14	19292	卖盘
10:23:36	13.78	--	39	53742	买盘
10:23:16	13.78	-0.02	17	23426	卖盘
10:23:10	13.8	0.03	11	15180	买盘
10:22:55	13.77	--	0	0	卖盘
10:22:25	13.77	--	18	24786	卖盘
10:22:16	13.77	--	38	52326	买盘
10:22:10	13.77	0.01	40	55080	买盘
10:22:00	13.76	-0.01	5	6880	卖盘
10:21:55	13.77	--	24	33048	买盘
10:21:45	13.77	-0.03	17	23409	卖盘
10:21:40	13.8	--	4	5520	买盘
10:21:34	13.8	0.03	73	100740	买盘
10:21:25	13.77	-0.02	22	30294	卖盘
10:21:15	13.79	0.02	37	51023	买盘
10:21:10	13.77	--	34	46818	卖盘
10:21:04	13.77	0.01	33	45441	卖盘
10:20:45	13.76	--	0	0	卖盘
10:20:34	13.76	-0.01	10	13760	卖盘
10:20:30	13.77	0.01	5	6885	卖盘
10:20:25	13.76	--	3	4128	卖盘
10:20:19	13.76	--	46	63296	卖盘
10:20:15	13.76	-0.02	62	85312	卖盘
10:20:10	13.78	--	10	13780	买盘
10:19:55	13.78	--	37	50986	卖盘
10:19:25	13.78	-0.01	66	90948	卖盘
10:19:19	13.79	0.01	1	1379	买盘
10:19:04	13.78	--	20	27560	卖盘
10:18:49	13.78	-0.01	5	6890	卖盘
10:18:40	13.79	--	10	13790	买盘
10:18:00	13.79	--	46	63433	卖盘
10:17:55	13.79	--	4	5516	卖盘
10:17:34	13.79	--	5	6895	卖盘
10:17:30	13.79	-0.01	10	13790	卖盘
10:17:25	13.8	0.01	1	1380	买盘
10:17:15	13.79	--	0	0	卖盘
10:17:10	13.79	--	12	16548	卖盘
10:17:04	13.79	-0.02	80	110320	卖盘
10:16:55	13.81	--	5	6905	买盘
10:16:30	13.81	--	0	0	买盘
10:16:19	13.81	0.01	39	53859	买盘
10:16:10	13.8	0.01	51	70380	买盘
10:16:04	13.79	--	3	4137	卖盘
10:15:49	13.79	-0.01	12	16548	卖盘
10:15:39	13.8	0.01	1	1380	买盘
10:15:34	13.79	-0.01	1	1379	卖盘
10:15:28	13.8	--	1	1380	买盘
10:15:24	13.8	--	0	0	买盘
10:15:13	13.8	-0.01	5	6900	买盘
10:15:04	13.81	--	0	0	买盘
10:14:54	13.81	--	5	6905	买盘
10:14:49	13.81	--	20	27620	卖盘
10:14:43	13.81	0.03	12	16572	中性盘
10:14:39	13.78	-0.02	298	410644	卖盘
10:14:34	13.8	--	58	80040	卖盘
10:14:28	13.8	-0.02	20	27600	卖盘
10:14:19	13.82	0.01	50	69100	买盘
10:14:09	13.81	--	15	20715	买盘
10:13:58	13.81	--	2	2762	买盘
10:13:34	13.81	0.01	5	6905	买盘
10:13:24	13.8	0.01	7	9660	买盘
10:13:19	13.79	--	85	117215	卖盘
10:13:13	13.79	-0.01	10	13790	卖盘
10:13:04	13.8	--	3	4140	卖盘
10:12:58	13.8	--	1	1380	买盘
10:12:54	13.8	0.02	1	1380	买盘
10:12:49	13.78	-0.02	6	8268	卖盘
10:12:39	13.8	--	83	114540	卖盘
10:12:28	13.8	-0.01	1	1380	卖盘
10:12:24	13.81	0.01	5	6905	买盘
10:12:13	13.8	--	0	0	卖盘
10:12:09	13.8	-0.01	30	41400	卖盘
10:11:54	13.81	--	20	27620	卖盘
10:11:39	13.81	--	48	66288	卖盘
10:11:34	13.81	--	20	27620	卖盘
10:11:28	13.81	-0.01	4	5524	卖盘
10:11:24	13.82	--	2	2764	买盘
10:11:19	13.82	0.01	20	27640	卖盘
10:11:13	13.81	--	0	0	卖盘
10:11:09	13.81	--	2	2762	卖盘
10:10:58	13.81	--	0	0	卖盘
10:10:54	13.81	-0.02	27	37287	卖盘
10:10:49	13.83	0.02	52	71916	买盘
10:10:39	13.81	-0.02	86	118766	卖盘
10:10:24	13.83	--	11	15213	买盘
10:10:13	13.83	--	5	6915	买盘
10:10:09	13.83	--	2	2766	买盘
10:09:52	13.83	-0.01	9	12447	卖盘
10:09:43	13.84	0.01	14	19376	买盘
10:09:34	13.83	--	21	29043	卖盘
10:09:28	13.83	--	18	24894	卖盘
10:09:18	13.83	--	20	27660	卖盘
10:08:48	13.83	-0.01	32	44256	卖盘
10:08:18	13.84	--	52	71968	卖盘
10:08:03	13.84	--	10	13840	买盘
10:07:52	13.84	-0.01	4	5536	买盘
10:07:48	13.85	0.01	21	29085	买盘
10:07:43	13.84	-0.01	43	59512	卖盘
10:07:33	13.85	0.01	34	47090	买盘
10:07:28	13.84	0.01	31	42904	买盘
10:07:18	13.83	--	8	11064	卖盘
10:07:13	13.83	--	19	26277	卖盘
10:07:07	13.83	--	62	85746	买盘
10:07:03	13.83	--	0	0	买盘
10:06:58	13.83	--	0	0	买盘
10:06:48	13.83	--	12	16596	买盘
10:06:43	13.83	--	9	12447	卖盘
10:06:33	13.83	-0.01	22	30426	卖盘
10:06:28	13.84	0.01	8	11072	买盘
10:06:22	13.83	--	20	27660	卖盘
10:06:18	13.83	--	12	16596	卖盘
10:06:13	13.83	0.02	72	99576	买盘
10:06:07	13.81	-0.02	50	69050	卖盘
10:06:03	13.83	0.01	56	77448	买盘
10:05:58	13.82	--	2	2764	卖盘
10:05:52	13.82	0.01	5	6910	买盘
10:05:43	13.81	-0.01	11	15191	卖盘
10:05:33	13.82	--	31	42842	买盘
10:05:28	13.82	0.01	13	17966	买盘
10:05:18	13.81	--	2	2762	买盘
10:05:13	13.81	--	1	1381	卖盘
10:05:07	13.81	--	5	6905	卖盘
10:05:03	13.81	0.01	16	22096	买盘
10:04:33	13.8	--	5	6900	卖盘
10:04:18	13.8	--	134	184920	买盘
10:03:57	13.8	0.02	16	23266	买盘
10:03:52	13.78	-0.02	1	1378	卖盘
10:03:27	13.8	--	0	0	买盘
10:03:13	13.8	--	50	69000	买盘
10:03:07	13.8	0.02	200	276000	买盘
10:03:02	13.78	0.01	9	12402	卖盘
10:02:58	13.77	--	0	0	卖盘
10:02:52	13.77	--	1	1377	买盘
10:02:42	13.77	-0.03	15	20655	卖盘
10:02:37	13.8	--	12	16560	买盘
10:02:31	13.8	0.01	14	19320	买盘
10:02:22	13.79	--	10	13790	中性盘
10:02:16	13.79	--	0	0	卖盘
10:02:12	13.79	--	219	302001	买盘
10:02:07	13.79	--	1	1379	买盘
10:02:01	13.79	--	14	19306	买盘
10:01:52	13.79	--	2	2758	买盘
10:01:31	13.79	--	14	19306	买盘
10:01:22	13.79	--	7	9653	买盘
10:01:16	13.79	--	0	0	买盘
10:01:12	13.79	--	0	0	买盘
10:01:01	13.79	0.01	14	19306	买盘
10:00:57	13.78	0.03	1	1378	买盘
10:00:42	13.75	-0.04	239	328625	卖盘
10:00:31	13.79	0.04	14	19306	买盘
10:00:22	13.75	--	3	4125	卖盘
10:00:16	13.75	--	14	19250	卖盘
10:00:12	13.75	--	0	0	卖盘
10:00:07	13.75	--	0	0	中性盘
10:00:01	13.75	--	14	19250	买盘
09:59:57	13.75	--	6	8250	买盘
09:59:52	13.75	-0.04	13	17875	卖盘
09:59:37	13.79	-0.01	112	154448	卖盘
09:59:31	13.8	0.01	49	67620	买盘
09:59:27	13.79	--	3	4137	卖盘
09:59:22	13.79	-0.01	2	2758	卖盘
09:59:16	13.8	0.01	14	19320	买盘
09:59:12	13.79	--	20	27580	卖盘
09:59:07	13.79	--	14	19306	卖盘
09:59:01	13.79	--	22	30337	卖盘
09:58:52	13.79	--	38	52402	卖盘
09:58:46	13.79	--	6	8274	卖盘
09:58:42	13.79	0.05	15	20685	买盘
09:58:37	13.74	-0.05	1030	1415220	卖盘
09:58:31	13.79	0.01	14	19306	买盘
09:58:22	13.78	--	7	9646	卖盘
09:58:12	13.78	-0.01	24	33072	卖盘
09:58:01	13.79	--	14	19306	买盘
09:57:57	13.79	0.01	20	27580	买盘
09:57:42	13.78	-0.02	9	12402	卖盘
09:57:06	13.8	--	0	0	买盘
09:56:37	13.8	0.04	10	13800	买盘
09:56:25	13.76	--	11	15136	卖盘
09:56:16	13.76	-0.04	29	39904	卖盘
09:56:06	13.8	--	1	1380	买盘
09:56:01	13.8	--	40	55200	买盘
09:55:55	13.8	0.05	44	60720	买盘
09:55:46	13.75	-0.05	23	31625	卖盘
09:55:36	13.8	--	23	31740	买盘
09:55:25	13.8	0.03	39	53820	买盘
09:55:21	13.77	0.03	19	26163	买盘
09:55:16	13.74	-0.01	27	37991	卖盘
09:55:10	13.75	--	10	13750	买盘
09:55:06	13.75	0.01	3	4125	买盘
09:55:01	13.74	-0.01	3	4122	卖盘
09:54:55	13.75	--	39	53625	买盘
09:54:51	13.75	0.01	3	4125	买盘
09:54:46	13.74	-0.01	100	137400	卖盘
09:54:36	13.75	-0.02	111	153106	卖盘
09:54:25	13.77	0.02	39	53703	买盘
09:54:21	13.75	-0.02	50	68750	卖盘
09:54:16	13.77	-0.03	32	44064	买盘
09:54:01	13.8	--	0	0	买盘
09:53:55	13.8	0.05	39	53820	买盘
09:53:51	13.75	--	18	24750	卖盘
09:53:46	13.75	-0.03	3	4125	卖盘
09:53:36	13.78	0.03	390	538315	买盘
09:53:31	13.75	-0.03	41	56375	中性盘
09:53:25	13.78	--	116	159848	买盘
09:53:21	13.78	0.04	435	599430	买盘
09:53:16	13.74	0.01	10	13740	中性盘
09:53:10	13.73	-0.02	36	49428	卖盘
09:53:06	13.75	--	100	137500	买盘
09:53:01	13.75	--	0	0	买盘
09:52:55	13.75	--	44	60500	买盘
09:52:46	13.75	-0.02	56	77000	卖盘
09:52:36	13.77	--	0	0	买盘
09:52:25	13.77	0.01	45	61965	买盘
09:52:21	13.76	0.01	22	30272	卖盘
09:52:16	13.75	--	18	24750	卖盘
09:52:06	13.75	-0.03	1	1375	卖盘
09:51:55	13.78	0.02	39	53742	买盘
09:51:51	13.76	--	239	328864	卖盘
09:51:46	13.76	0.01	11	15136	卖盘
09:51:36	13.75	--	72	99000	卖盘
09:51:31	13.75	-0.01	61	83875	卖盘
09:51:25	13.76	--	79	108704	买盘
09:51:21	13.76	0.01	41	56416	买盘
09:51:16	13.75	-0.01	23	31625	卖盘
09:51:10	13.76	--	150	206400	买盘
09:51:06	13.76	0.01	10	13760	买盘
09:51:01	13.75	-0.01	156	214500	卖盘
09:50:45	13.76	-0.01	24	33024	卖盘
09:50:36	13.77	-0.01	11	15147	卖盘
09:50:30	13.78	--	33	45474	买盘
09:50:25	13.78	--	37	50986	买盘
09:50:21	13.78	--	2	2756	买盘
09:50:15	13.78	-0.02	107	147446	卖盘
09:50:01	13.8	--	179	247020	卖盘
09:49:55	13.8	--	25	34500	卖盘
09:49:46	13.8	0.02	70	96600	买盘
09:49:40	13.78	-0.02	40	55120	卖盘
09:49:30	13.8	0.01	17	23460	买盘
09:49:25	13.79	0.01	11	15168	买盘
09:49:19	13.78	--	8	11024	卖盘
09:49:15	13.78	-0.03	269	370682	卖盘
09:49:10	13.81	0.03	114	157434	买盘
09:49:04	13.78	--	0	0	卖盘
09:49:00	13.78	-0.01	80	110240	卖盘
09:48:55	13.79	--	8	11032	卖盘
09:48:49	13.79	--	7	9653	卖盘
09:48:45	13.79	--	64	88256	卖盘
09:48:40	13.79	--	44	60675	买盘
09:48:25	13.79	-0.01	21	28959	卖盘
09:48:15	13.8	-0.01	68	93840	卖盘
09:48:10	13.81	-0.02	3	4143	卖盘
09:48:04	13.83	0.01	17	23511	买盘
09:48:00	13.82	-0.01	93	128526	卖盘
09:47:55	13.83	--	25	34575	卖盘
09:47:34	13.83	--	6	8298	卖盘
09:47:30	13.83	0.02	42	58086	买盘
09:47:25	13.81	--	5	6905	卖盘
09:47:19	13.81	--	33	45573	卖盘
09:47:10	13.81	-0.01	6	8286	卖盘
09:47:04	13.82	--	9	12438	卖盘
09:47:00	13.82	--	24	33168	卖盘
09:46:55	13.82	--	1	1382	卖盘
09:46:49	13.82	--	21	29022	卖盘
09:46:45	13.82	-0.01	4	5528	卖盘
09:46:34	13.83	--	29	40107	卖盘
09:46:30	13.83	-0.02	9	12447	卖盘
09:46:15	13.85	--	0	0	买盘
09:46:10	13.85	--	0	0	买盘
09:45:55	13.85	--	2	2770	买盘
09:45:49	13.85	--	48	66480	卖盘
09:45:45	13.85	0.01	14	19390	卖盘
09:45:34	13.84	--	68	94112	买盘
09:45:25	13.84	-0.02	52	71968	中性盘
09:45:10	13.86	0.05	133	184338	买盘
09:45:04	13.81	--	0	0	卖盘
09:45:00	13.81	-0.03	32	44192	卖盘
09:44:55	13.84	0.02	6	8304	买盘
09:44:49	13.82	--	10	13820	卖盘
09:44:45	13.82	0.01	3	4146	卖盘
09:44:40	13.81	-0.01	249	343869	卖盘
09:44:24	13.82	--	12	16584	买盘
09:44:15	13.82	0.01	27	37314	买盘
09:44:10	13.81	--	39	53859	卖盘
09:44:00	13.81	--	0	0	卖盘
09:43:54	13.81	-0.01	17	23477	卖盘
09:43:49	13.82	--	15	20730	卖盘
09:43:39	13.82	-0.01	74	102268	卖盘
09:43:34	13.83	--	26	35958	买盘
09:43:28	13.83	-0.02	33	45639	卖盘
09:43:13	13.85	0.03	59	81715	买盘
09:43:09	13.82	--	20	27640	卖盘
09:43:04	13.82	-0.04	8	11056	卖盘
09:42:54	13.86	0.04	330	457380	买盘
09:42:49	13.82	-0.01	41	56662	卖盘
09:42:39	13.83	-0.01	3	4149	卖盘
09:42:34	13.84	--	0	0	买盘
09:42:28	13.84	--	0	0	买盘
09:42:19	13.84	--	0	0	买盘
09:42:09	13.84	--	21	29064	买盘
09:42:04	13.84	-0.01	25	34600	中性盘
09:41:54	13.85	0.03	623	862855	买盘
09:41:49	13.82	-0.01	24	33168	卖盘
09:41:43	13.83	-0.02	41	56703	卖盘
09:41:39	13.85	--	8	11080	买盘
09:41:28	13.85	--	13	18005	买盘
09:41:24	13.85	--	9	12658	卖盘
09:41:19	13.85	--	0	1191	买盘
09:41:13	13.85	0.02	10	13850	买盘
09:41:09	13.83	--	42	58086	卖盘
09:41:04	13.83	-0.02	4	5532	卖盘
09:40:58	13.85	0.02	37	51245	买盘
09:40:54	13.83	--	31	42873	卖盘
09:40:49	13.83	-0.02	3	4149	中性盘
09:40:43	13.85	--	160	221600	买盘
09:40:34	13.85	--	10	13850	买盘
09:40:28	13.85	-0.01	51	70635	卖盘
09:40:24	13.86	0.01	10	13860	买盘
09:40:19	13.85	--	0	0	卖盘
09:40:13	13.85	--	7	9695	买盘
09:40:09	13.85	-0.01	116	160660	卖盘
09:39:54	13.86	0.02	47	65142	买盘
09:39:49	13.84	-0.01	85	117640	卖盘
09:39:39	13.85	0.01	50	69250	中性盘
09:39:34	13.84	-0.01	21	29064	卖盘
09:39:24	13.85	-0.01	3	4155	中性盘
09:39:19	13.86	0.01	6	8316	买盘
09:39:13	13.85	--	40	55400	买盘
09:39:09	13.85	0.08	5	6925	买盘
09:38:49	13.77	--	0	0	卖盘
09:38:39	13.77	--	91	125307	卖盘
09:38:34	13.77	-0.11	11	15147	卖盘
09:38:28	13.88	--	73	101324	买盘
09:38:24	13.88	--	10	13880	买盘
09:38:19	13.88	--	0	0	买盘
09:38:09	13.88	0.08	110	152680	买盘
09:38:04	13.8	--	10	13800	卖盘
09:37:54	13.8	--	9	12420	买盘
09:37:49	13.8	--	7	9660	买盘
09:37:39	13.8	--	80	110400	卖盘
09:37:28	13.8	0.05	3	4140	卖盘
09:37:07	13.75	--	0	0	卖盘
09:37:03	13.75	--	0	0	卖盘
09:36:53	13.75	--	72	99000	卖盘
09:36:37	13.75	-0.1	10	13750	卖盘
09:36:33	13.85	--	0	0	中性盘
09:36:22	13.85	0.1	300	415500	买盘
09:36:18	13.75	--	619	851125	买盘
09:36:13	13.75	0.02	50	68750	买盘
09:36:03	13.73	-0.01	52	71396	卖盘
09:35:58	13.74	0.01	2	2748	买盘
09:35:48	13.73	--	350	480550	卖盘
09:35:33	13.73	-0.01	32	43936	卖盘
09:35:28	13.74	0.01	14	19236	买盘
09:35:22	13.73	-0.01	71	97483	卖盘
09:35:18	13.74	--	0	0	中性盘
09:35:13	13.74	0.01	43	59082	买盘
09:35:07	13.73	--	62	85126	卖盘
09:35:03	13.73	--	108	148284	卖盘
09:34:58	13.73	--	24	32952	卖盘
09:34:52	13.73	--	17	23341	卖盘
09:34:48	13.73	--	34	46682	卖盘
09:34:43	13.73	0.02	158	216934	买盘
09:34:37	13.71	-0.02	9	12339	卖盘
09:34:33	13.73	--	5	6865	买盘
09:34:28	13.73	0.01	78	107094	买盘
09:34:22	13.72	-0.01	15	20580	卖盘
09:34:18	13.73	--	107	146911	买盘
09:34:03	13.73	-0.01	67	91991	卖盘
09:33:58	13.74	0.01	107	147018	买盘
09:33:52	13.73	--	21	28833	卖盘
09:33:48	13.73	-0.01	23	31579	卖盘
09:33:33	13.74	-0.01	98	134652	卖盘
09:33:22	13.75	--	10	13750	买盘
09:33:18	13.75	--	49	67375	卖盘
09:33:13	13.75	--	31	42625	卖盘
09:33:03	13.75	-0.02	12	16500	卖盘
09:32:58	13.77	--	10	13770	买盘
09:32:51	13.77	0.02	22	30294	买盘
09:32:48	13.75	-0.02	21	28875	卖盘
09:32:43	13.77	0.03	27	37179	买盘
09:32:37	13.74	--	0	0	卖盘
09:32:28	13.74	-0.03	17	23358	卖盘
09:32:22	13.77	--	6	8262	买盘
09:32:18	13.77	0.03	1	1377	买盘
09:32:13	13.74	--	0	0	卖盘
09:31:52	13.74	-0.04	28	38472	卖盘
09:31:48	13.78	--	0	0	买盘
09:31:43	13.78	0.05	50	68900	买盘
09:31:33	13.73	--	20	27460	买盘
09:31:28	13.73	--	3	4119	买盘
09:31:18	13.73	0.01	10	13730	买盘
09:31:12	13.72	-0.01	111	152292	卖盘
09:31:07	13.73	-0.01	7	9611	买盘
09:31:03	13.74	0.02	23	31602	买盘
09:30:57	13.72	--	1	1372	卖盘
09:30:48	13.72	--	45	61740	买盘
09:30:42	13.72	0.01	27	37044	中性盘
09:30:37	13.71	--	159	217989	卖盘
09:30:31	13.71	-0.01	11	15081	卖盘
09:30:22	13.72	--	8	10976	买盘
09:30:12	13.72	--	27	37044	买盘
09:30:07	13.72	--	167	229124	卖盘
09:28:57	13.72	--	0	0	卖盘
09:25:06	13.72	13.72	339	465108	买盘
