成交时间	成交价	价格变动	成交量(手)	成交额(元)	性质
15:00:00	34.16	--	0	0	买盘
15:00:00	34.16	-0.01	9	31290	卖盘
14:59:59	34.17	-0.01	13	44421	卖盘
14:59:53	34.18	0.02	39	136173	买盘
14:59:49	34.16	--	6	20495	卖盘
14:59:44	34.16	--	5	17080	卖盘
14:59:38	34.16	0.01	19	64903	卖盘
14:59:34	34.15	--	16	54640	卖盘
14:59:29	34.15	--	19	64885	买盘
14:59:19	34.15	-0.02	19	64885	中性盘
14:59:14	34.17	--	54	184620	买盘
14:59:08	34.17	0.02	40	136680	买盘
14:59:04	34.15	-0.01	10	34150	卖盘
14:58:59	34.16	-0.01	6	20495	中性盘
14:58:53	34.17	--	5	17085	买盘
14:58:49	34.17	--	20	68340	买盘
14:58:44	34.17	--	12	41004	买盘
14:58:34	34.17	--	26	88842	买盘
14:58:29	34.17	0.04	4	13668	买盘
14:58:19	34.13	-0.01	73	249149	卖盘
14:58:14	34.14	-0.06	20	68280	卖盘
14:58:08	34.2	--	0	0	买盘
14:58:04	34.2	0.03	55	188100	买盘
14:57:59	34.17	--	4	16982	卖盘
14:57:53	34.17	--	5	17085	卖盘
14:57:49	34.17	-0.01	1	3519	买盘
14:57:38	34.18	--	0	3315	卖盘
14:57:34	34.18	0.01	104	355574	买盘
14:57:23	34.17	-0.01	1	3417	买盘
14:57:19	34.18	0.01	6	20508	买盘
14:57:14	34.17	--	0	0	买盘
14:57:04	34.17	-0.01	1	3417	卖盘
14:56:59	34.18	0.06	5	17090	买盘
14:56:49	34.12	-0.09	45	153540	卖盘
14:56:44	34.21	0.03	62	212102	买盘
14:56:38	34.18	--	13	44434	卖盘
14:56:34	34.18	-0.01	20	68360	卖盘
14:56:29	34.19	-0.01	21	71799	买盘
14:56:23	34.2	0.02	1	3420	买盘
14:56:19	34.18	-0.02	9	30762	卖盘
14:56:14	34.2	--	2	6840	买盘
14:56:08	34.2	--	0	0	买盘
14:56:04	34.2	-0.01	9	34131	卖盘
14:55:59	34.21	0.01	10	34210	中性盘
14:55:53	34.2	--	47	160740	卖盘
14:55:49	34.2	--	302	1032908	卖盘
14:55:44	34.2	-0.01	29	99180	卖盘
14:55:34	34.21	--	8	29694	卖盘
14:55:29	34.21	--	13	44473	卖盘
14:55:23	34.21	-0.02	8	27368	卖盘
14:55:19	34.23	0.01	43	147189	买盘
14:55:14	34.22	--	1	3422	卖盘
14:55:08	34.22	0.01	9	31893	买盘
14:55:04	34.21	-0.01	34	118640	卖盘
14:54:59	34.22	0.01	20	68440	买盘
14:54:53	34.21	--	105	360299	卖盘
14:54:49	34.21	--	2	6842	卖盘
14:54:44	34.21	--	3	10263	卖盘
14:54:38	34.21	-0.01	8	27368	卖盘
14:54:34	34.22	0.01	6	20532	中性盘
14:54:29	34.21	--	6	20526	卖盘
14:54:13	34.21	-0.02	11	37631	卖盘
14:54:08	34.23	--	18	61613	买盘
14:54:04	34.23	--	20	68460	买盘
14:53:59	34.23	0.02	2	6845	中性盘
14:53:53	34.21	-0.02	39	133419	卖盘
14:53:49	34.23	--	19	65036	卖盘
14:53:43	34.23	--	2	6845	卖盘
14:53:34	34.23	-0.01	3	10268	卖盘
14:53:28	34.24	0.01	14	47936	中性盘
14:53:23	34.23	-0.01	41	140343	卖盘
14:53:17	34.24	--	10	34240	买盘
14:53:08	34.24	--	1	3424	买盘
14:52:58	34.24	--	8	27392	卖盘
14:52:53	34.24	--	30	102720	卖盘
14:52:47	34.24	--	10	34240	卖盘
14:52:43	34.24	0.01	10	34240	卖盘
14:52:38	34.23	--	0	0	卖盘
14:52:32	34.23	-0.02	30	102689	卖盘
14:52:28	34.25	--	10	34250	卖盘
14:52:17	34.25	0.01	5	17125	卖盘
14:52:13	34.24	0.01	1	3424	中性盘
14:52:08	34.23	--	51	174572	卖盘
14:51:58	34.23	--	7	23960	卖盘
14:51:53	34.23	0.01	52	177995	买盘
14:51:43	34.22	-0.01	6	20532	卖盘
14:51:38	34.23	--	15	51344	买盘
14:51:32	34.23	--	9	30806	买盘
14:51:28	34.23	-0.01	28	95843	卖盘
14:51:23	34.24	-0.03	10	34240	中性盘
14:51:08	34.27	0.01	26	89102	买盘
14:51:02	34.26	--	0	959	卖盘
14:50:58	34.26	--	112	383712	卖盘
14:50:53	34.26	--	25	85650	卖盘
14:50:47	34.26	--	9	30834	卖盘
14:50:43	34.26	--	6	20556	卖盘
14:50:38	34.26	--	14	47964	卖盘
14:50:32	34.26	0.03	159	547200	买盘
14:50:28	34.23	--	14	47921	卖盘
14:50:23	34.23	0.01	15	51344	卖盘
14:50:13	34.22	0.01	5	17110	买盘
14:50:08	34.21	-0.02	34	116314	卖盘
14:50:02	34.23	0.01	98	335453	买盘
14:49:58	34.22	--	15	51330	卖盘
14:49:53	34.22	-0.01	1	3422	中性盘
14:49:38	34.23	--	2	6845	卖盘
14:49:28	34.23	--	13	44498	卖盘
14:49:23	34.23	0.03	35	119804	买盘
14:49:17	34.2	--	32	109440	卖盘
14:49:13	34.2	-0.01	16	54720	卖盘
14:49:08	34.21	--	14	47894	卖盘
14:49:02	34.21	-0.02	19	64999	卖盘
14:48:58	34.23	--	5	17115	买盘
14:48:53	34.23	-0.02	10	34230	卖盘
14:48:43	34.25	0.02	3	10275	买盘
14:48:38	34.23	-0.02	4	13691	卖盘
14:48:32	34.25	--	5	17125	卖盘
14:48:28	34.25	-0.01	15	51375	卖盘
14:48:17	34.26	--	5	18089	卖盘
14:48:13	34.26	--	29	99354	卖盘
14:48:08	34.26	--	53	181578	卖盘
14:48:02	34.26	--	1	3426	卖盘
14:47:58	34.26	--	36	123336	卖盘
14:47:53	34.26	-0.01	12	41112	卖盘
14:47:43	34.27	0.01	29	99383	买盘
14:47:37	34.26	-0.01	62	214878	卖盘
14:47:28	34.27	--	1	3427	买盘
14:47:22	34.27	--	39	133653	卖盘
14:47:17	34.27	--	6	20562	卖盘
14:47:12	34.27	--	5	17135	卖盘
14:47:07	34.27	--	14	47978	卖盘
14:47:02	34.27	--	25	85675	卖盘
14:46:56	34.27	--	4	13708	卖盘
14:46:52	34.27	--	5	17135	卖盘
14:46:47	34.27	0.01	36	123372	买盘
14:46:41	34.26	--	4	13704	卖盘
14:46:37	34.26	-0.03	81	277506	卖盘
14:46:32	34.29	0.02	38	130302	买盘
14:46:26	34.27	--	56	191912	卖盘
14:46:22	34.27	--	87	298149	卖盘
14:46:11	34.27	--	20	68540	卖盘
14:46:07	34.27	0.01	47	161069	买盘
14:46:02	34.26	--	38	130187	卖盘
14:45:52	34.26	-0.01	10	34260	卖盘
14:45:47	34.27	0.01	3	10281	卖盘
14:45:37	34.26	-0.05	2	6852	卖盘
14:45:32	34.31	0.01	118	404858	买盘
14:45:26	34.3	--	50	171500	卖盘
14:45:22	34.3	-0.01	13	44589	卖盘
14:45:17	34.31	--	48	164688	卖盘
14:45:07	34.31	--	7	24017	卖盘
14:45:02	34.31	--	20	68620	卖盘
14:44:56	34.31	-0.04	11	37741	卖盘
14:44:52	34.35	--	7	24045	买盘
14:44:47	34.35	-0.01	8	27480	中性盘
14:44:41	34.36	0.01	16	54976	买盘
14:44:37	34.35	0.04	17	58395	买盘
14:44:32	34.31	-0.08	43	147533	卖盘
14:44:26	34.39	--	0	0	买盘
14:44:22	34.39	0.09	100	343900	买盘
14:44:17	34.3	0.01	4	13719	卖盘
14:44:11	34.29	--	2	6858	卖盘
14:44:07	34.29	-0.07	13	44577	卖盘
14:44:02	34.36	0.08	166	570376	买盘
14:43:52	34.28	-0.01	11	37708	买盘
14:43:47	34.29	--	0	0	买盘
14:43:37	34.29	0.03	101	346329	买盘
14:43:32	34.26	--	41	140466	卖盘
14:43:26	34.26	--	25	85650	卖盘
14:43:22	34.26	--	5	17130	卖盘
14:43:17	34.26	0.01	81	277506	买盘
14:43:11	34.25	-0.01	2	6850	卖盘
14:43:07	34.26	0.03	53	181578	买盘
14:43:02	34.23	-0.01	61	208802	卖盘
14:42:56	34.24	0.04	6	20544	买盘
14:42:52	34.2	-0.03	10	34200	卖盘
14:42:47	34.23	0.03	23	78729	买盘
14:42:37	34.2	0.01	337	1152540	买盘
14:42:32	34.19	--	55	188045	买盘
14:42:26	34.19	0.01	8	27352	买盘
14:42:22	34.18	--	19	64942	卖盘
14:42:17	34.18	--	10	34180	卖盘
14:42:07	34.18	--	17	58106	卖盘
14:42:02	34.18	0.01	72	248249	买盘
14:41:56	34.17	--	11	37587	卖盘
14:41:52	34.17	0.01	21	74763	买盘
14:41:47	34.16	-0.01	0	409	卖盘
14:41:37	34.17	0.01	16	57678	买盘
14:41:32	34.16	--	21	71736	卖盘
14:41:22	34.16	--	15	51239	卖盘
14:41:17	34.16	--	5	17080	买盘
14:41:11	34.16	--	3	10247	买盘
14:41:07	34.16	--	10	34160	买盘
14:41:01	34.16	-0.01	2	6831	卖盘
14:40:56	34.17	0.02	12	41004	买盘
14:40:51	34.15	-0.01	23	78545	卖盘
14:40:41	34.16	0.01	13	44407	买盘
14:40:36	34.15	--	7	23905	卖盘
14:40:26	34.15	0.01	34	116110	买盘
14:40:20	34.14	--	0	0	卖盘
14:40:16	34.14	-0.02	2	6828	卖盘
14:40:11	34.16	0.01	50	170799	买盘
14:40:05	34.15	--	30	102450	买盘
14:40:01	34.15	0.01	3	10245	买盘
14:39:56	34.14	-0.01	5	17070	卖盘
14:39:50	34.15	--	0	0	买盘
14:39:46	34.15	0.01	74	252710	买盘
14:39:41	34.14	0.01	30	102420	买盘
14:39:35	34.13	--	12	40956	卖盘
14:39:31	34.13	0.01	86	293518	买盘
14:39:26	34.12	--	3	10236	卖盘
14:39:16	34.12	0.01	5	17060	买盘
14:39:11	34.11	0.01	100	341100	卖盘
14:39:01	34.1	-0.01	20	68200	卖盘
14:38:56	34.11	--	2	6822	卖盘
14:38:50	34.11	-0.02	2	6822	卖盘
14:38:46	34.13	--	0	0	买盘
14:38:41	34.13	--	0	0	买盘
14:38:31	34.13	0.01	27	92151	买盘
14:38:26	34.12	--	82	279784	卖盘
14:38:11	34.12	-0.01	11	37532	卖盘
14:38:05	34.13	--	19	64847	买盘
14:38:01	34.13	--	15	51195	买盘
14:37:56	34.13	--	7	23891	买盘
14:37:46	34.13	-0.01	5	17065	中性盘
14:37:41	34.14	0.01	12	40968	买盘
14:37:35	34.13	0.01	2	6826	中性盘
14:37:31	34.12	-0.01	109	371908	卖盘
14:37:20	34.13	-0.01	10	34130	卖盘
14:37:16	34.14	--	13	44382	买盘
14:37:11	34.14	--	16	54624	卖盘
14:37:01	34.14	0.01	13	44382	买盘
14:36:56	34.13	-0.01	12	40956	中性盘
14:36:50	34.14	0.01	43	146802	买盘
14:36:46	34.13	--	20	68260	买盘
14:36:41	34.13	-0.01	73	249149	卖盘
14:36:35	34.14	--	2	6828	买盘
14:36:31	34.14	0.01	9	30726	买盘
14:36:26	34.13	-0.01	9	30717	卖盘
14:36:20	34.14	0.01	22	75108	买盘
14:36:16	34.13	--	7	23891	卖盘
14:36:11	34.13	0.01	28	95564	买盘
14:36:05	34.12	-0.01	4	13647	卖盘
14:35:56	34.13	0.03	70	238910	买盘
14:35:46	34.1	0.01	57	194370	买盘
14:35:41	34.09	0.01	34	115906	买盘
14:35:26	34.08	0.03	35	121120	买盘
14:35:20	34.05	-0.03	84	286020	卖盘
14:35:16	34.08	0.02	36	122688	买盘
14:35:11	34.06	--	23	78338	买盘
14:35:01	34.06	--	20	68120	买盘
14:34:56	34.06	0.02	16	54496	买盘
14:34:50	34.04	-0.01	3	10212	卖盘
14:34:46	34.05	0.02	43	146415	买盘
14:34:41	34.03	-0.02	58	197374	卖盘
14:34:35	34.05	--	0	0	买盘
14:34:25	34.05	-0.01	94	320070	卖盘
14:34:20	34.06	--	12	40872	买盘
14:34:16	34.06	0.01	40	136240	买盘
14:34:10	34.05	-0.01	10	34050	卖盘
14:34:01	34.06	0.03	5	17030	买盘
14:33:55	34.03	-0.02	21	71463	卖盘
14:33:50	34.05	--	3	10215	买盘
14:33:44	34.05	-0.01	36	122579	卖盘
14:33:40	34.06	--	3	10218	买盘
14:33:35	34.06	--	9	30654	买盘
14:33:20	34.06	-0.02	70	238420	卖盘
14:33:10	34.08	--	6	22015	卖盘
14:33:05	34.08	--	5	17040	卖盘
14:32:55	34.08	-0.01	30	102240	卖盘
14:32:50	34.09	-0.01	2	6818	卖盘
14:32:35	34.1	--	121	412610	卖盘
14:32:29	34.1	-0.01	9	30690	卖盘
14:32:25	34.11	0.01	4	13644	买盘
14:32:20	34.1	--	24	81840	卖盘
14:32:14	34.1	--	6	20460	卖盘
14:32:05	34.1	--	11	37510	卖盘
14:31:59	34.1	-0.01	5	17050	卖盘
14:31:55	34.11	--	30	102330	买盘
14:31:50	34.11	--	3	10233	买盘
14:31:40	34.11	-0.01	32	109152	卖盘
14:31:35	34.12	--	22	75064	买盘
14:31:29	34.12	--	14	47768	卖盘
14:31:25	34.12	0.01	31	105771	买盘
14:31:20	34.11	--	7	23877	卖盘
14:31:14	34.11	--	5	17055	卖盘
14:31:10	34.11	-0.02	1	3411	卖盘
14:31:05	34.13	0.03	20	68260	买盘
14:30:59	34.1	-0.01	4	13640	卖盘
14:30:55	34.11	0.01	24	81864	买盘
14:30:50	34.1	--	32	109120	卖盘
14:30:40	34.1	-0.02	48	164225	卖盘
14:30:35	34.12	--	81	276372	买盘
14:30:29	34.12	--	3	10236	买盘
14:30:25	34.12	0.01	35	119419	买盘
14:30:20	34.11	--	33	112563	卖盘
14:30:14	34.11	--	2	6822	卖盘
14:30:10	34.11	-0.01	52	180237	卖盘
14:30:05	34.12	--	2	6823	买盘
14:29:59	34.12	--	7	23884	买盘
14:29:55	34.12	0.01	23	78476	买盘
14:29:50	34.11	--	51	173961	卖盘
14:29:44	34.11	0.01	6	20466	买盘
14:29:40	34.1	0.02	7	23870	买盘
14:29:35	34.08	--	29	100672	卖盘
14:29:29	34.08	-0.02	1	3408	卖盘
14:29:25	34.1	--	9	30690	买盘
14:29:20	34.1	0.02	67	228470	买盘
14:29:14	34.08	-0.02	1	3408	卖盘
14:29:10	34.1	--	20	68200	买盘
14:29:05	34.1	0.02	30	102300	买盘
14:28:59	34.08	--	3	10224	卖盘
14:28:55	34.08	-0.02	18	61344	卖盘
14:28:50	34.1	0.03	185	630850	买盘
14:28:40	34.07	-0.01	5	17035	卖盘
14:28:35	34.08	0.02	17	59878	买盘
14:28:25	34.06	-0.01	1	3406	卖盘
14:28:20	34.07	--	20	68140	买盘
14:28:14	34.07	--	0	0	买盘
14:28:04	34.07	--	1	3407	买盘
14:27:59	34.07	0.02	10	34070	买盘
14:27:49	34.05	-0.01	24	81720	卖盘
14:27:29	34.06	--	4	13624	买盘
14:27:23	34.06	--	7	23842	买盘
14:27:19	34.06	--	2	6812	卖盘
14:27:14	34.06	--	3	10218	卖盘
14:27:04	34.06	--	40	136240	买盘
14:26:59	34.06	0.01	5	17030	买盘
14:26:53	34.05	-0.01	28	95339	卖盘
14:26:44	34.06	--	8	27248	买盘
14:26:34	34.06	0.01	1	3406	买盘
14:26:29	34.05	--	4	13619	卖盘
14:25:59	34.05	0.02	11	37455	买盘
14:25:44	34.03	--	17	57851	卖盘
14:25:34	34.03	--	40	136120	卖盘
14:25:23	34.03	--	3	10209	卖盘
14:25:14	34.03	--	2	6806	卖盘
14:24:44	34.03	--	5	17015	卖盘
14:24:38	34.03	--	10	34030	卖盘
14:24:34	34.03	-0.01	21	71463	卖盘
14:24:29	34.04	--	0	0	中性盘
14:23:53	34.04	--	3	10212	卖盘
14:23:49	34.04	--	20	68080	卖盘
14:23:34	34.04	-0.02	3	10212	卖盘
14:23:29	34.06	--	0	0	买盘
14:23:14	34.06	0.01	13	44278	买盘
14:23:04	34.05	-0.01	2	6809	卖盘
14:22:59	34.06	0.01	29	98774	买盘
14:22:49	34.05	--	5	17025	卖盘
14:22:38	34.05	-0.01	13	44264	卖盘
14:22:29	34.06	0.01	2	6812	买盘
14:22:19	34.05	-0.01	3	10215	卖盘
14:22:14	34.06	0.02	13	44278	买盘
14:22:04	34.04	--	0	0	卖盘
14:21:59	34.04	--	15	51060	卖盘
14:21:49	34.04	-0.01	3	10212	卖盘
14:21:43	34.05	-0.01	2	6809	卖盘
14:21:38	34.06	--	11	37466	买盘
14:21:33	34.06	0.01	5	17030	买盘
14:21:28	34.05	--	8	27239	卖盘
14:21:23	34.05	--	1	3404	卖盘
14:21:18	34.05	--	1	3404	买盘
14:21:02	34.05	--	43	146415	买盘
14:20:58	34.05	-0.01	7	23834	卖盘
14:20:38	34.06	--	10	34060	买盘
14:20:32	34.06	-0.01	44	149864	卖盘
14:20:28	34.07	0.01	1	3407	买盘
14:20:23	34.06	-0.01	6	20436	卖盘
14:20:08	34.07	0.01	11	37477	买盘
14:19:58	34.06	--	3	10218	卖盘
14:19:53	34.06	-0.01	14	47684	卖盘
14:19:32	34.07	-0.02	65	221455	卖盘
14:19:28	34.09	0.01	14	47726	买盘
14:19:13	34.08	--	17	57936	卖盘
14:19:08	34.08	--	6	20448	卖盘
14:19:02	34.08	--	11	37488	卖盘
14:18:58	34.08	--	1	3408	卖盘
14:18:53	34.08	--	27	92016	买盘
14:18:47	34.08	0.01	12	40896	买盘
14:18:43	34.07	--	8	27256	卖盘
14:18:38	34.07	-0.01	6	20442	卖盘
14:18:13	34.08	--	34	115872	买盘
14:18:08	34.08	--	8	27264	买盘
14:18:02	34.08	--	46	156768	买盘
14:17:58	34.08	0.01	9	30672	买盘
14:17:53	34.07	-0.01	14	47698	卖盘
14:17:47	34.08	0.01	10	34080	买盘
14:17:43	34.07	--	3	10221	卖盘
14:17:38	34.07	--	5	17035	卖盘
14:17:13	34.07	--	13	44291	买盘
14:17:02	34.07	0.01	12	40884	买盘
14:16:53	34.06	-0.01	8	27248	卖盘
14:16:47	34.07	0.01	14	47698	买盘
14:16:43	34.06	-0.01	6	20436	卖盘
14:16:38	34.07	0.01	10	34070	买盘
14:16:32	34.06	0.01	5	17030	卖盘
14:16:28	34.05	--	0	0	卖盘
14:16:23	34.05	-0.01	3	10215	卖盘
14:16:17	34.06	--	5	17030	买盘
14:16:13	34.06	--	4	13624	买盘
14:16:08	34.06	--	1	3406	买盘
14:16:02	34.06	-0.01	24	81744	卖盘
14:15:58	34.07	0.01	1	3407	买盘
14:15:52	34.06	0.01	40	136240	买盘
14:15:43	34.05	0.01	105	357524	买盘
14:15:38	34.04	--	6	20424	买盘
14:15:22	34.04	--	16	54464	买盘
14:15:12	34.04	0.01	10	34040	买盘
14:14:56	34.03	-0.01	3	10209	卖盘
14:14:52	34.04	0.01	5	17020	买盘
14:14:47	34.03	--	14	47642	卖盘
14:14:41	34.03	-0.01	4	13612	卖盘
14:14:37	34.04	0.01	10	34040	买盘
14:14:32	34.03	--	8	27224	卖盘
14:14:22	34.03	--	20	68060	买盘
14:14:17	34.03	--	1	3403	买盘
14:14:11	34.03	--	2	6806	买盘
14:14:07	34.03	0.01	2	6806	买盘
14:14:02	34.02	-0.01	15	51030	卖盘
14:13:56	34.03	--	4	13612	买盘
14:13:52	34.03	--	47	159941	买盘
14:13:47	34.03	0.01	43	146329	买盘
14:13:32	34.02	0.01	30	102400	买盘
14:13:11	34.01	0.01	4	13604	买盘
14:13:02	34.0	-0.01	42	142800	卖盘
14:12:56	34.01	0.01	16	54416	买盘
14:12:47	34.0	-0.01	8	27200	卖盘
14:12:37	34.01	--	28	95228	买盘
14:12:32	34.01	--	0	0	中性盘
14:12:17	34.01	0.01	1	3401	买盘
14:12:07	34.0	--	40	136000	卖盘
14:12:02	34.0	-0.01	30	102000	卖盘
14:11:56	34.01	-0.01	3	10203	中性盘
14:11:52	34.02	0.01	60	204120	买盘
14:11:47	34.01	--	2	6802	买盘
14:11:32	34.01	0.01	2	6802	买盘
14:11:11	34.0	-0.01	4	13600	卖盘
14:11:07	34.01	0.01	4	13604	买盘
14:11:02	34.0	--	1	3400	卖盘
14:10:56	34.0	--	3	10200	卖盘
14:10:52	34.0	--	2	6800	卖盘
14:10:47	34.0	--	6	20400	买盘
14:10:37	34.0	--	8	27200	买盘
14:10:32	34.0	--	2	6800	买盘
14:10:26	34.0	--	1	3400	买盘
14:10:22	34.0	-0.02	53	180200	卖盘
14:10:17	34.02	--	4	13608	买盘
14:10:07	34.02	--	104	353808	买盘
14:10:02	34.02	0.01	2	6804	买盘
14:09:47	34.01	0.01	1	3401	买盘
14:09:37	34.0	-0.01	13	44200	卖盘
14:09:26	34.01	--	1	3401	买盘
14:09:22	34.01	0.01	30	102030	买盘
14:09:11	34.0	--	3	10200	卖盘
14:08:56	34.0	--	46	156400	买盘
14:08:46	34.0	--	1	3400	买盘
14:08:35	34.0	0.01	20	68000	买盘
14:08:31	33.99	-0.01	11	37389	卖盘
14:08:20	34.0	--	55	187000	买盘
14:08:16	34.0	--	17	57800	卖盘
14:08:01	34.0	-0.01	112	380800	卖盘
14:07:56	34.01	--	3	10203	买盘
14:07:26	34.01	--	1	3401	买盘
14:07:20	34.01	0.01	5	17005	买盘
14:07:16	34.0	-0.01	4	13600	卖盘
14:07:11	34.01	--	5	17005	卖盘
14:07:01	34.01	--	11	37411	卖盘
14:06:50	34.01	--	31	105431	卖盘
14:06:46	34.01	--	4	13604	买盘
14:06:41	34.01	0.01	3	10203	买盘
14:06:35	34.0	-0.01	5	17000	卖盘
14:06:31	34.01	--	16	54416	买盘
14:06:20	34.01	--	3	10203	买盘
14:06:16	34.01	-0.01	10	34010	买盘
14:06:01	34.02	--	0	0	买盘
14:05:56	34.02	0.01	13	47287	买盘
14:05:46	34.01	--	3	10203	卖盘
14:05:41	34.01	--	3	10203	卖盘
14:05:31	34.01	-0.01	16	54416	卖盘
14:05:16	34.02	0.01	2	6804	买盘
14:05:01	34.01	--	4	13604	卖盘
14:04:56	34.01	0.01	33	112573	买盘
14:04:46	34.0	-0.01	7	23800	卖盘
14:04:35	34.01	--	2	6802	买盘
14:04:26	34.01	--	7	23807	买盘
14:04:11	34.01	0.02	2	6802	买盘
14:04:05	33.99	--	10	33990	卖盘
14:04:01	33.99	-0.01	13	44187	卖盘
14:03:35	34.0	--	3	10200	买盘
14:03:31	34.0	--	14	47600	买盘
14:03:16	34.0	--	3	10200	买盘
14:03:10	34.0	--	3	10200	买盘
14:03:05	34.0	0.01	5	17000	买盘
14:03:01	33.99	-0.02	19	64581	卖盘
14:02:55	34.01	0.02	13	44213	买盘
14:02:45	33.99	--	0	0	卖盘
14:02:40	33.99	-0.02	100	339900	卖盘
14:02:35	34.01	--	2	9862	卖盘
14:02:30	34.01	--	33	112573	卖盘
14:02:25	34.01	--	11	37411	卖盘
14:02:20	34.01	-0.01	30	102030	卖盘
14:02:14	34.02	0.01	5	17010	买盘
14:02:10	34.01	--	7	23807	卖盘
14:02:05	34.01	-0.01	9	30609	卖盘
14:01:40	34.02	--	27	94915	卖盘
14:01:35	34.02	--	23	78246	卖盘
14:01:29	34.02	--	8	27216	卖盘
14:01:20	34.02	--	17	57834	卖盘
14:01:10	34.02	--	3	10206	卖盘
14:00:59	34.02	--	10	34020	卖盘
14:00:55	34.02	--	7	23814	卖盘
14:00:50	34.02	-0.01	1	3402	卖盘
14:00:40	34.03	0.01	45	153135	买盘
14:00:35	34.02	--	37	125874	卖盘
14:00:29	34.02	-0.01	1	3402	卖盘
14:00:25	34.03	0.01	2	6806	买盘
14:00:20	34.02	-0.01	49	166698	卖盘
14:00:14	34.03	--	5	17015	卖盘
14:00:10	34.03	--	1	3403	卖盘
14:00:05	34.03	--	25	85075	卖盘
13:59:55	34.03	--	7	23821	卖盘
13:59:50	34.03	--	3	10209	卖盘
13:59:44	34.03	--	1	3403	卖盘
13:59:40	34.03	-0.01	1	3403	卖盘
13:59:35	34.04	0.01	10	34040	买盘
13:59:29	34.03	-0.01	7	23821	卖盘
13:59:20	34.04	--	0	0	中性盘
13:59:10	34.04	--	3	10212	卖盘
13:58:55	34.04	-0.01	5	17020	卖盘
13:58:50	34.05	--	3	10215	买盘
13:58:40	34.05	0.02	6	20430	买盘
13:58:35	34.03	--	0	0	卖盘
13:58:29	34.03	-0.02	6	20418	卖盘
13:58:20	34.05	--	4	13619	买盘
13:58:14	34.05	--	20	68100	买盘
13:58:10	34.05	--	3	10215	卖盘
13:58:05	34.05	--	2	6809	卖盘
13:57:55	34.05	0.01	88	299640	买盘
13:57:50	34.04	-0.01	1	3404	卖盘
13:57:40	34.05	0.01	23	78315	买盘
13:57:35	34.04	-0.01	12	40848	卖盘
13:57:25	34.05	--	9	30644	买盘
13:57:04	34.05	0.01	16	54479	买盘
13:56:55	34.04	--	23	78292	买盘
13:56:39	34.04	-0.01	14	47656	卖盘
13:56:29	34.05	0.01	3	10215	买盘
13:56:19	34.04	--	1	3404	卖盘
13:56:14	34.04	0.02	3	10212	买盘
13:56:09	34.02	--	10	34020	卖盘
13:55:59	34.02	-0.01	50	170100	卖盘
13:55:55	34.03	--	7	23821	卖盘
13:55:49	34.03	--	3	10209	卖盘
13:55:34	34.03	-0.01	12	40836	卖盘
13:55:29	34.04	0.01	8	27232	买盘
13:55:19	34.03	-0.01	15	51045	卖盘
13:55:14	34.04	0.01	3	10212	买盘
13:55:04	34.03	-0.01	100	340300	卖盘
13:54:44	34.04	0.01	4	13616	中性盘
13:54:34	34.03	-0.01	20	68060	卖盘
13:54:29	34.04	--	2	6808	买盘
13:54:19	34.04	0.01	3	10212	买盘
13:54:14	34.03	--	19	64657	卖盘
13:54:04	34.03	--	6	20418	卖盘
13:53:59	34.03	-0.01	5	17015	卖盘
13:53:49	34.04	-0.01	3	10212	卖盘
13:53:38	34.05	0.01	3	10215	买盘
13:53:34	34.04	0.01	4	13616	买盘
13:53:29	34.03	--	7	23821	卖盘
13:53:19	34.03	-0.01	12	40836	卖盘
13:53:14	34.04	--	1	3404	中性盘
13:53:08	34.04	0.01	1	3404	卖盘
13:53:04	34.03	--	2	6806	卖盘
13:52:59	34.03	--	18	61254	卖盘
13:52:53	34.03	--	0	0	卖盘
13:52:49	34.03	-0.01	11	37433	卖盘
13:52:44	34.04	-0.01	1	3404	卖盘
13:52:34	34.05	--	0	0	买盘
13:52:29	34.05	--	13	44264	卖盘
13:52:19	34.05	--	1	3404	卖盘
13:52:08	34.05	0.01	1	3404	卖盘
13:52:04	34.04	0.01	32	108928	卖盘
13:51:49	34.03	--	0	0	卖盘
13:51:44	34.03	-0.01	10	34370	卖盘
13:51:34	34.04	--	7	23828	买盘
13:51:14	34.04	-0.02	13	44252	卖盘
13:51:08	34.06	0.02	2	6812	买盘
13:50:58	34.04	-0.02	3	10212	卖盘
13:50:43	34.06	--	2	6812	卖盘
13:50:33	34.06	0.01	5	17030	卖盘
13:50:29	34.05	--	3	10215	买盘
13:50:23	34.05	-0.01	17	57884	卖盘
13:50:18	34.06	--	6	20436	买盘
13:50:13	34.06	0.01	9	30654	买盘
13:50:08	34.05	-0.01	1	3404	卖盘
13:49:43	34.06	0.01	6	20436	买盘
13:49:28	34.05	--	1	3404	卖盘
13:49:23	34.05	0.02	19	64694	买盘
13:49:13	34.03	--	2	6806	买盘
13:49:08	34.03	--	28	95284	卖盘
13:49:02	34.03	--	3	10209	卖盘
13:48:58	34.03	-0.03	1	3403	卖盘
13:48:47	34.06	0.01	10	34060	买盘
13:48:38	34.05	-0.02	13	44264	卖盘
13:48:23	34.07	0.01	5	17035	买盘
13:48:08	34.06	--	5	17030	卖盘
13:47:53	34.06	--	1	3406	卖盘
13:47:43	34.06	-0.01	2	6812	卖盘
13:47:28	34.07	--	4	13628	买盘
13:47:23	34.07	--	1	3407	买盘
13:47:17	34.07	--	0	0	中性盘
13:47:13	34.07	--	10	34070	卖盘
13:47:08	34.07	0.01	50	170350	买盘
13:47:02	34.06	-0.01	2	6812	卖盘
13:46:58	34.07	0.01	20	68140	买盘
13:46:53	34.06	--	21	71526	卖盘
13:46:47	34.06	--	2	6812	卖盘
13:46:43	34.06	-0.01	1	3406	卖盘
13:46:38	34.07	0.01	14	47698	买盘
13:46:28	34.06	--	8	27248	买盘
13:46:13	34.06	-0.01	6	20436	买盘
13:46:08	34.07	--	0	0	买盘
13:46:02	34.07	--	0	0	买盘
13:45:58	34.07	0.02	21	71547	买盘
13:45:53	34.05	--	5	17025	买盘
13:45:47	34.05	--	1	3404	卖盘
13:45:43	34.05	-0.02	26	88529	卖盘
13:45:38	34.07	0.02	38	129466	买盘
13:45:28	34.05	--	3	10215	卖盘
13:45:13	34.05	0.01	34	115769	买盘
13:45:08	34.04	0.01	6	20424	买盘
13:44:58	34.03	0.01	17	57851	买盘
13:44:47	34.02	--	11	37422	买盘
13:44:43	34.02	--	15	51030	买盘
13:44:37	34.02	--	2	6804	买盘
13:44:28	34.02	--	16	54432	买盘
13:44:17	34.02	--	6	20412	买盘
13:44:07	34.02	0.01	43	146286	买盘
13:43:57	34.01	--	8	27208	卖盘
13:43:52	34.01	0.01	32	108832	买盘
13:43:47	34.0	--	7	23800	卖盘
13:43:42	34.0	--	2	6800	卖盘
13:43:32	34.0	--	8	27200	买盘
13:43:27	34.0	--	5	17000	买盘
13:43:17	34.0	--	3	10200	买盘
13:43:11	34.0	--	14	47600	卖盘
13:43:02	34.0	--	16	54400	中性盘
13:42:26	34.0	--	40	136000	买盘
13:42:22	34.0	0.01	5	17000	买盘
13:41:52	33.99	0.01	8	27192	卖盘
13:41:47	33.98	--	0	0	卖盘
13:41:41	33.98	-0.01	20	67960	卖盘
13:41:32	33.99	--	0	0	卖盘
13:41:17	33.99	--	4	13596	卖盘
13:41:11	33.99	--	7	23793	卖盘
13:41:07	33.99	--	112	380688	卖盘
13:41:02	33.99	--	4	13596	卖盘
13:40:47	33.99	--	4	13596	卖盘
13:40:37	33.99	0.01	2	6798	买盘
13:40:26	33.98	0.01	10	33980	买盘
13:40:22	33.97	--	4	13588	卖盘
13:40:07	33.97	-0.02	10	33970	卖盘
13:40:02	33.99	0.03	10	33990	买盘
13:39:56	33.96	--	0	0	卖盘
13:39:52	33.96	-0.03	120	407520	卖盘
13:39:47	33.99	--	10	33990	卖盘
13:39:17	33.99	-0.01	5	16995	买盘
13:39:02	34.0	--	0	0	买盘
13:38:51	34.0	0.03	10	34000	买盘
13:38:37	33.97	--	0	0	卖盘
13:38:31	33.97	-0.03	2	6794	卖盘
13:38:26	34.0	--	12	40800	买盘
13:38:16	34.0	--	20	68000	买盘
13:38:01	34.0	0.03	1	3400	买盘
13:37:41	33.97	--	10	33970	卖盘
13:37:31	33.97	--	4	13588	卖盘
13:37:26	33.97	--	20	67940	卖盘
13:37:16	33.97	-0.02	5	16985	卖盘
13:37:06	33.99	--	0	0	中性盘
13:36:50	33.99	0.02	3	10197	买盘
13:36:46	33.97	--	2	6794	卖盘
13:36:35	33.97	-0.02	12	40764	卖盘
13:36:16	33.99	--	57	193743	卖盘
13:36:05	33.99	--	2	6798	卖盘
13:35:56	33.99	--	5	16995	卖盘
13:35:50	33.99	--	2	6798	卖盘
13:35:41	33.99	--	1	3399	卖盘
13:35:31	33.99	--	11	37389	卖盘
13:35:26	33.99	-0.01	17	57783	卖盘
13:35:20	34.0	--	1	3400	卖盘
13:35:11	34.0	0.01	3	10200	买盘
13:35:01	33.99	-0.01	7	23793	卖盘
13:34:31	34.0	0.01	4	13600	买盘
13:34:26	33.99	-0.01	2	6798	卖盘
13:34:16	34.0	0.01	50	170000	买盘
13:34:11	33.99	--	6	20394	卖盘
13:33:56	33.99	0.02	20	67980	买盘
13:33:46	33.97	--	2	6794	卖盘
13:33:26	33.97	-0.02	42	142674	卖盘
13:33:20	33.99	--	5	16995	买盘
13:33:16	33.99	--	0	0	买盘
13:33:11	33.99	--	10	33990	买盘
13:32:56	33.99	0.02	20	67980	买盘
13:32:41	33.97	-0.02	11	37367	卖盘
13:32:31	33.99	0.02	9	30591	买盘
13:32:20	33.97	--	30	101910	卖盘
13:32:16	33.97	--	2	6794	卖盘
13:32:10	33.97	--	1	3397	卖盘
13:32:01	33.97	0.01	2	6794	中性盘
13:31:55	33.96	-0.02	20	67920	卖盘
13:31:50	33.98	--	2	6795	卖盘
13:31:40	33.98	--	16	54367	卖盘
13:31:25	33.98	--	0	0	卖盘
13:31:20	33.98	--	0	0	卖盘
13:31:15	33.98	-0.02	280	951439	卖盘
13:31:05	34.0	--	30	102000	卖盘
13:31:00	34.0	-0.01	3	10200	卖盘
13:30:55	34.01	--	7	23807	买盘
13:30:29	34.01	--	5	17005	卖盘
13:30:25	34.01	--	33	112233	买盘
13:30:14	34.01	--	1	3401	买盘
13:29:55	34.01	--	2	6802	买盘
13:29:50	34.01	--	0	0	中性盘
13:29:40	34.01	-0.01	10	34010	中性盘
13:29:35	34.02	0.01	155	527310	买盘
13:29:10	34.01	--	36	122436	卖盘
13:28:59	34.01	--	2	6802	卖盘
13:28:55	34.01	--	12	40812	卖盘
13:28:25	34.01	-0.01	22	74822	卖盘
13:28:20	34.02	-0.02	13	44226	卖盘
13:28:05	34.04	-0.02	43	146916	卖盘
13:27:55	34.06	0.02	31	105586	买盘
13:27:44	34.04	-0.01	100	340400	卖盘
13:27:40	34.05	--	8	30100	卖盘
13:27:35	34.05	--	10	34050	卖盘
13:27:24	34.05	0.01	14	47669	买盘
13:27:20	34.04	-0.02	3	10212	卖盘
13:27:14	34.06	--	1	3406	买盘
13:27:10	34.06	0.02	4	13624	中性盘
13:27:05	34.04	-0.02	22	74888	卖盘
13:26:59	34.06	--	0	0	买盘
13:26:55	34.06	0.01	3	10218	买盘
13:26:49	34.05	-0.01	30	102149	卖盘
13:26:44	34.06	--	2	6812	卖盘
13:26:40	34.06	--	15	51090	卖盘
13:26:35	34.06	--	1	3406	卖盘
13:26:25	34.06	--	1	3406	卖盘
13:26:20	34.06	-0.01	11	37466	卖盘
13:26:09	34.07	--	10	34070	买盘
13:26:05	34.07	--	2	6814	买盘
13:25:55	34.07	--	2	6814	买盘
13:25:39	34.07	0.02	17	57919	买盘
13:25:29	34.05	--	6	20430	卖盘
13:25:14	34.05	--	2	6809	买盘
13:25:09	34.05	-0.02	17	57884	卖盘
13:25:04	34.07	--	1	3407	买盘
13:24:55	34.07	0.01	33	112431	买盘
13:24:49	34.06	0.01	58	197548	买盘
13:24:39	34.05	--	5	17025	卖盘
13:24:24	34.05	0.01	4	13619	买盘
13:24:04	34.04	--	35	119140	买盘
13:23:54	34.04	--	1	3404	买盘
13:23:49	34.04	0.02	1	3404	买盘
13:23:44	34.02	-0.02	3	10206	卖盘
13:23:39	34.04	-0.01	19	64676	买盘
13:23:34	34.05	-0.01	2	6809	卖盘
13:23:29	34.06	--	5	17030	买盘
13:23:19	34.06	--	0	0	买盘
13:23:14	34.06	0.01	5	17030	买盘
13:23:04	34.05	-0.01	7	23834	卖盘
13:22:59	34.06	--	6	20436	买盘
13:22:53	34.06	--	5	17030	买盘
13:22:38	34.06	--	4	13624	卖盘
13:22:23	34.06	0.04	6	20436	买盘
13:22:14	34.02	--	4	13608	买盘
13:22:08	34.02	-0.04	12	40824	卖盘
13:22:04	34.06	--	2	6812	卖盘
13:21:53	34.06	0.04	9	30654	买盘
13:21:49	34.02	-0.03	3	10206	卖盘
13:21:19	34.05	--	1	3404	买盘
13:21:14	34.05	--	36	122579	买盘
13:21:04	34.05	--	5	17025	买盘
13:20:59	34.05	0.01	4	13619	买盘
13:20:49	34.04	--	10	34040	卖盘
13:20:44	34.04	0.01	25	85100	买盘
13:20:34	34.03	--	33	112299	卖盘
13:20:19	34.03	--	0	0	中性盘
13:20:14	34.03	--	32	108896	买盘
13:20:04	34.03	0.01	17	57851	买盘
13:19:58	34.02	-0.01	13	44226	卖盘
13:19:53	34.03	0.01	8	27224	买盘
13:19:44	34.02	-0.01	2	6804	卖盘
13:19:28	34.03	--	7	23821	卖盘
13:19:23	34.03	--	5	17015	卖盘
13:19:19	34.03	--	1	3403	卖盘
13:19:13	34.03	--	1	3403	卖盘
13:19:03	34.03	0.01	5	17015	买盘
13:18:48	34.02	--	50	170100	卖盘
13:18:18	34.02	--	5	17010	买盘
13:18:13	34.02	--	31	105462	买盘
13:18:03	34.02	--	20	68040	买盘
13:17:58	34.02	0.01	13	44226	买盘
13:17:53	34.01	--	9	30609	卖盘
13:17:43	34.01	-0.01	1	3401	卖盘
13:17:28	34.02	--	0	0	买盘
13:17:13	34.02	0.02	34	115668	买盘
13:17:02	34.0	-0.01	16	54400	卖盘
13:16:58	34.01	0.01	3	10203	买盘
13:16:53	34.0	--	15	51000	卖盘
13:16:47	34.0	--	4	13600	卖盘
13:16:38	34.0	--	44	149600	买盘
13:16:28	34.0	--	2	6800	买盘
13:16:23	34.0	--	10	34000	买盘
13:16:17	34.0	0.01	2	6800	买盘
13:16:13	33.99	--	25	84975	卖盘
13:15:58	33.99	-0.01	10	33990	卖盘
13:15:53	34.0	0.01	10	34000	买盘
13:15:28	33.99	0.01	2	6798	买盘
13:15:23	33.98	-0.02	20	67960	卖盘
13:15:13	34.0	0.02	9	30600	买盘
13:15:08	33.98	--	2	6795	卖盘
13:14:58	33.98	--	3	10193	卖盘
13:14:47	33.98	--	0	0	卖盘
13:14:43	33.98	-0.04	7	23785	卖盘
13:14:32	34.02	--	0	0	买盘
13:14:28	34.02	0.05	6	20412	买盘
13:14:13	33.97	0.01	4	13588	买盘
13:14:08	33.96	-0.01	23	78108	卖盘
13:14:02	33.97	--	10	33970	买盘
13:13:57	33.97	--	27	91719	买盘
13:13:53	33.97	--	112	380464	买盘
13:13:47	33.97	--	70	237790	买盘
13:13:42	33.97	--	3	10191	买盘
13:13:38	33.97	--	27	91719	买盘
13:13:28	33.97	--	117	397449	买盘
13:13:23	33.97	--	115	390655	买盘
13:13:08	33.97	--	12	40764	买盘
13:12:57	33.97	-0.05	353	1199141	卖盘
13:12:47	34.02	--	2	6804	卖盘
13:12:42	34.02	0.01	2	6804	卖盘
13:12:32	34.01	--	6	20406	买盘
13:12:27	34.01	-0.01	38	129237	卖盘
13:12:22	34.02	0.01	11	37422	买盘
13:12:12	34.01	-0.01	3	10203	卖盘
13:12:07	34.02	--	2	6804	买盘
13:12:02	34.02	--	6	20412	买盘
13:11:57	34.02	--	0	0	买盘
13:11:47	34.02	--	8	27216	买盘
13:11:42	34.02	--	6	20412	买盘
13:11:27	34.02	0.02	13	44226	买盘
13:11:17	34.0	--	10	34000	卖盘
13:11:12	34.0	-0.02	3	10200	卖盘
13:11:07	34.02	0.02	10	34020	买盘
13:11:02	34.0	--	30	102000	买盘
13:10:57	34.0	0.01	2	6800	买盘
13:10:41	33.99	--	9	30591	买盘
13:10:26	33.99	--	10	33990	卖盘
13:10:17	33.99	--	12	40788	卖盘
13:10:07	33.99	--	13	44187	卖盘
13:10:02	33.99	--	9	30591	卖盘
13:09:37	33.99	--	10	33990	卖盘
13:09:32	33.99	-0.01	1	3399	卖盘
13:09:22	34.0	--	7	23800	卖盘
13:09:17	34.0	--	1	3400	卖盘
13:09:11	34.0	-0.01	5	17000	卖盘
13:09:07	34.01	0.01	4	13604	中性盘
13:09:02	34.0	--	11	37400	卖盘
13:08:52	34.0	--	11	37400	买盘
13:08:47	34.0	0.02	3	10200	买盘
13:08:37	33.98	-0.02	10	33980	卖盘
13:08:22	34.0	--	8	27200	买盘
13:08:07	34.0	--	10	34000	买盘
13:07:52	34.0	0.02	32	108800	买盘
13:07:47	33.98	--	5	16990	卖盘
13:07:26	33.98	-0.01	1	3397	卖盘
13:07:22	33.99	-0.01	2	6798	中性盘
13:07:17	34.0	0.02	5	17000	买盘
13:06:47	33.98	-0.02	11	37378	卖盘
13:06:36	34.0	0.02	5	17000	买盘
13:06:11	33.98	--	48	163103	买盘
13:06:01	33.98	--	3	10193	买盘
13:05:56	33.98	0.01	2	6795	买盘
13:05:51	33.97	--	9	30573	卖盘
13:05:46	33.97	--	6	20382	卖盘
13:05:36	33.97	--	18	61146	买盘
13:05:26	33.97	--	5	16985	买盘
13:05:06	33.97	--	7	23779	卖盘
13:04:46	33.97	-0.01	8	27176	卖盘
13:04:41	33.98	--	2	6795	买盘
13:04:26	33.98	--	3	10193	卖盘
13:04:16	33.98	--	26	88347	买盘
13:04:06	33.98	--	3	10193	买盘
13:03:50	33.98	--	15	50969	买盘
13:03:20	33.98	--	30	101939	买盘
13:03:16	33.98	--	8	27183	卖盘
13:03:11	33.98	--	0	0	卖盘
13:03:01	33.98	--	0	0	卖盘
13:02:46	33.98	-0.02	1	3397	卖盘
13:02:35	34.0	0.04	1	3400	卖盘
13:02:26	33.96	--	0	0	卖盘
13:02:11	33.96	-0.02	17	57732	卖盘
13:02:01	33.98	-0.04	30	101939	卖盘
13:01:56	34.02	0.04	1	3402	买盘
13:01:46	33.98	-0.04	50	169899	卖盘
13:01:41	34.02	--	15	51030	买盘
13:01:35	34.02	0.02	3	10206	买盘
13:01:31	34.0	--	4	13600	卖盘
13:01:20	34.0	--	9	30600	买盘
13:01:01	34.0	--	3	10200	买盘
13:00:30	34.0	0.02	9	30600	买盘
13:00:20	33.98	--	1	3397	卖盘
13:00:15	33.98	-0.02	31	105337	卖盘
13:00:11	34.0	0.02	9	30600	买盘
13:00:05	33.98	-0.02	8	27183	卖盘
13:00:00	34.0	0.02	80	272000	买盘
11:30:00	33.98	--	0	0	买盘
11:29:59	33.98	--	0	0	买盘
11:29:37	33.98	0.02	1	3397	买盘
11:29:22	33.96	-0.02	1	3396	卖盘
11:29:16	33.98	0.02	10	33980	买盘
11:29:07	33.96	-0.02	2	6792	卖盘
11:29:01	33.98	0.01	10	33980	买盘
11:28:51	33.97	--	5	16985	卖盘
11:28:40	33.97	0.01	3	10191	卖盘
11:28:25	33.96	--	0	0	卖盘
11:28:16	33.96	--	2	6792	卖盘
11:28:01	33.96	--	2	6792	卖盘
11:27:51	33.96	0.02	4	13584	买盘
11:27:46	33.94	--	0	0	卖盘
11:27:40	33.94	-0.01	26	88244	卖盘
11:27:36	33.95	--	0	0	卖盘
11:27:16	33.95	-0.01	10	33950	卖盘
11:27:01	33.96	0.02	5	16980	买盘
11:26:51	33.94	-0.02	10	33940	卖盘
11:26:40	33.96	0.02	10	33960	买盘
11:26:21	33.94	--	0	0	卖盘
11:26:16	33.94	--	14	47516	卖盘
11:26:06	33.94	-0.02	15	50910	卖盘
11:26:01	33.96	-0.01	3	10188	买盘
11:25:51	33.97	--	0	0	买盘
11:25:46	33.97	--	0	0	买盘
11:25:40	33.97	0.01	9	30573	卖盘
11:25:36	33.96	0.02	1	3396	买盘
11:25:25	33.94	-0.01	7	23758	卖盘
11:25:06	33.95	--	9	30555	买盘
11:25:01	33.95	--	20	67900	买盘
11:24:51	33.95	--	5	16975	买盘
11:24:31	33.95	-0.04	43	145985	卖盘
11:24:25	33.99	0.02	2	6798	买盘
11:24:16	33.97	-0.01	13	44161	卖盘
11:24:01	33.98	--	5	16990	卖盘
11:23:20	33.98	--	4	13591	买盘
11:23:16	33.98	0.01	6	20387	买盘
11:23:04	33.97	-0.01	2	6794	中性盘
11:23:01	33.98	0.02	8	27183	买盘
11:22:55	33.96	--	5	16980	卖盘
11:22:40	33.96	0.02	19	64524	买盘
11:22:31	33.94	--	1	3394	卖盘
11:22:15	33.94	-0.01	49	166306	卖盘
11:22:10	33.95	--	18	61110	卖盘
11:22:00	33.95	-0.03	9	30555	卖盘
11:21:45	33.98	0.03	14	47571	买盘
11:21:30	33.95	-0.03	1	3395	中性盘
11:21:25	33.98	0.03	7	23785	买盘
11:21:15	33.95	--	4	13580	卖盘
11:21:04	33.95	--	0	0	卖盘
11:21:00	33.95	--	6	20370	卖盘
11:20:40	33.95	0.01	3	10185	买盘
11:20:34	33.94	-0.01	10	33940	卖盘
11:20:30	33.95	--	2	6790	买盘
11:20:25	33.95	--	3	10185	卖盘
11:20:15	33.95	--	2	6790	卖盘
11:20:00	33.95	--	20	67900	卖盘
11:19:49	33.95	--	3	10185	卖盘
11:19:45	33.95	-0.01	5	16975	卖盘
11:19:40	33.96	--	11	37356	卖盘
11:19:30	33.96	--	10	33960	卖盘
11:19:25	33.96	--	5	16980	卖盘
11:19:15	33.96	-0.02	4	13584	卖盘
11:18:55	33.98	--	83	282034	卖盘
11:18:49	33.98	-0.02	24	81551	卖盘
11:18:30	34.0	0.01	10	34000	买盘
11:18:25	33.99	--	80	271920	卖盘
11:18:19	33.99	--	8	27192	卖盘
11:18:04	33.99	-0.01	6	20394	卖盘
11:17:49	34.0	--	1	3400	卖盘
11:17:40	34.0	--	2	6800	买盘
11:17:30	34.0	--	5	17000	买盘
11:17:25	34.0	0.01	1	3400	买盘
11:17:15	33.99	--	2	6798	买盘
11:17:10	33.99	--	4	13596	买盘
11:17:00	33.99	--	2	6798	买盘
11:16:55	33.99	0.01	11	37389	中性盘
11:16:34	33.98	-0.01	7	23785	卖盘
11:16:25	33.99	0.01	12	40788	买盘
11:16:19	33.98	-0.01	20	67960	卖盘
11:16:13	33.99	--	3	10197	卖盘
11:16:09	33.99	--	2	6798	买盘
11:16:04	33.99	--	4	13596	买盘
11:15:54	33.99	0.01	4	13596	买盘
11:15:49	33.98	--	13	44173	卖盘
11:15:43	33.98	0.02	15	50969	买盘
11:15:39	33.96	--	1	3396	卖盘
11:15:34	33.96	--	10	33960	卖盘
11:15:24	33.96	-0.02	3	10188	卖盘
11:15:13	33.98	0.02	2	6795	买盘
11:15:04	33.96	-0.02	10	33960	卖盘
11:14:34	33.98	--	7	23785	卖盘
11:14:19	33.98	--	2	6795	买盘
11:14:09	33.98	--	27	91745	买盘
11:13:49	33.98	--	9	30581	买盘
11:13:39	33.98	0.02	26	88347	买盘
11:13:34	33.96	-0.02	4	13584	卖盘
11:13:19	33.98	--	19	64561	买盘
11:13:09	33.98	0.02	60	203879	买盘
11:12:54	33.96	-0.01	30	101880	卖盘
11:12:49	33.97	0.01	51	173247	买盘
11:12:43	33.96	--	15	50940	买盘
11:12:39	33.96	-0.01	10	33960	卖盘
11:12:34	33.97	0.01	12	40764	买盘
11:12:28	33.96	--	10	33960	卖盘
11:12:19	33.96	-0.01	30	101880	卖盘
11:12:09	33.97	0.01	8	27176	买盘
11:12:04	33.96	--	3	10188	卖盘
11:11:49	33.96	0.01	24	81504	买盘
11:11:39	33.95	--	10	33950	卖盘
11:11:28	33.95	--	2	6790	买盘
11:11:24	33.95	0.01	13	44135	买盘
11:11:19	33.94	-0.01	5	16970	卖盘
11:11:13	33.95	0.01	8	27160	买盘
11:10:58	33.94	--	0	0	卖盘
11:10:54	33.94	0.01	50	169700	买盘
11:10:49	33.93	-0.01	10	33930	卖盘
11:10:39	33.94	--	26	88244	卖盘
11:10:34	33.94	--	0	0	卖盘
11:10:28	33.94	--	2	6788	卖盘
11:10:13	33.94	--	4	13576	卖盘
11:10:04	33.94	--	16	54304	买盘
11:09:58	33.94	0.01	2	6788	买盘
11:09:49	33.93	-0.01	35	118755	卖盘
11:09:43	33.94	-0.02	1	3394	卖盘
11:09:37	33.96	--	20	67920	买盘
11:09:13	33.96	-0.02	3	10188	卖盘
11:09:07	33.98	--	5	16990	买盘
11:08:58	33.98	0.01	19	64561	买盘
11:08:43	33.97	-0.01	193	655621	卖盘
11:08:28	33.98	0.02	4	13591	买盘
11:08:03	33.96	--	44	149424	卖盘
11:07:58	33.96	--	5	16980	卖盘
11:07:52	33.96	--	1	3396	卖盘
11:07:48	33.96	--	21	71316	卖盘
11:07:28	33.96	0.02	51	173196	买盘
11:07:13	33.94	0.01	11	37334	买盘
11:07:07	33.93	--	3	10179	卖盘
11:06:52	33.93	--	1	3393	卖盘
11:06:43	33.93	-0.02	1	3393	卖盘
11:06:22	33.95	--	3	10185	买盘
11:06:18	33.95	--	4	13580	买盘
11:06:13	33.95	0.02	17	57715	买盘
11:05:52	33.93	--	0	0	卖盘
11:05:37	33.93	-0.03	25	84825	卖盘
11:05:28	33.96	--	0	0	买盘
11:05:22	33.96	0.03	1	3396	买盘
11:05:03	33.93	--	1	3393	卖盘
11:04:58	33.93	-0.01	17	57681	卖盘
11:04:52	33.94	0.01	11	37334	买盘
11:04:48	33.93	--	3	10179	卖盘
11:04:43	33.93	-0.01	12	40716	卖盘
11:04:33	33.94	--	1	3394	买盘
11:04:28	33.94	-0.01	91	308854	卖盘
11:04:22	33.95	--	73	247835	卖盘
11:04:07	33.95	-0.01	2	6790	卖盘
11:04:01	33.96	-0.02	55	186780	卖盘
11:03:27	33.98	-0.01	7	23785	卖盘
11:03:22	33.99	0.01	1	3399	中性盘
11:03:12	33.98	-0.01	20	67960	卖盘
11:03:07	33.99	--	2	6798	买盘
11:03:01	33.99	-0.01	14	47586	卖盘
11:02:57	34.0	0.01	11	37400	买盘
11:02:52	33.99	--	25	84975	卖盘
11:02:42	33.99	--	12	40788	卖盘
11:02:37	33.99	--	43	146157	卖盘
11:02:31	33.99	-0.01	4	13596	卖盘
11:02:27	34.0	0.01	1	3400	买盘
11:02:22	33.99	--	11	37389	卖盘
11:02:12	33.99	-0.01	5	16995	卖盘
11:02:07	34.0	--	31	105400	卖盘
11:01:57	34.0	--	62	210800	卖盘
11:01:52	34.0	--	20	68000	卖盘
11:01:37	34.0	--	60	204000	买盘
11:01:27	34.0	--	2	6800	买盘
11:01:22	34.0	--	3	10200	卖盘
11:00:57	34.0	--	4	13600	买盘
11:00:16	34.0	--	4	13600	买盘
11:00:12	34.0	--	6	20400	买盘
11:00:07	34.0	--	4	13600	买盘
10:59:57	34.0	0.01	1	3400	买盘
10:59:52	33.99	-0.01	10	33990	卖盘
10:59:42	34.0	-0.01	1	3400	买盘
10:59:31	34.01	-0.03	13	44213	卖盘
10:59:27	34.04	--	6	20424	买盘
10:59:12	34.04	0.05	14	47656	买盘
10:59:07	33.99	--	3	10197	卖盘
10:58:52	33.99	0.01	85	288915	买盘
10:58:42	33.98	-0.01	10	33980	卖盘
10:58:37	33.99	--	26	88374	买盘
10:58:26	33.99	-0.04	162	550638	卖盘
10:58:16	34.03	0.01	30	102090	买盘
10:58:10	34.02	-0.01	2	6804	卖盘
10:58:07	34.03	--	0	0	买盘
10:57:55	34.03	0.02	3	10209	买盘
10:57:52	34.01	-0.01	14	47614	卖盘
10:57:36	34.02	--	10	34020	买盘
10:57:25	34.02	--	10	34020	买盘
10:57:21	34.02	--	4	13608	买盘
10:57:16	34.02	--	0	0	买盘
10:56:46	34.02	0.02	3	10206	买盘
10:56:36	34.0	--	1	3400	卖盘
10:56:06	34.0	-0.02	8	27200	卖盘
10:56:01	34.02	--	10	34020	买盘
10:55:55	34.02	--	7	23814	买盘
10:55:25	34.02	--	2	6804	卖盘
10:55:21	34.02	-0.01	8	27216	卖盘
10:55:16	34.03	0.01	5	17015	买盘
10:55:06	34.02	--	63	214326	买盘
10:54:46	34.02	0.02	16	54432	买盘
10:54:31	34.0	--	19	64600	买盘
10:54:16	34.0	--	2	6800	买盘
10:54:06	34.0	0.01	9	30600	买盘
10:54:01	33.99	-0.01	28	95172	卖盘
10:53:51	34.0	0.01	10	34000	买盘
10:53:36	33.99	-0.01	3	10197	卖盘
10:53:31	34.0	0.01	10	34000	买盘
10:53:25	33.99	--	4	13596	卖盘
10:53:10	33.99	--	37	125763	卖盘
10:53:06	33.99	--	11	37389	买盘
10:53:01	33.99	0.01	5	16995	买盘
10:52:51	33.98	-0.01	10	33980	卖盘
10:52:46	33.99	0.01	8	27192	买盘
10:52:36	33.98	-0.01	10	33980	卖盘
10:52:25	33.99	--	0	0	买盘
10:52:20	33.99	0.01	20	67980	买盘
10:52:16	33.98	--	8	27183	买盘
10:52:10	33.98	--	1	3397	买盘
10:52:05	33.98	--	7	23785	买盘
10:52:01	33.98	--	27	91745	买盘
10:51:55	33.98	--	2	6795	买盘
10:51:49	33.98	0.01	4	13591	买盘
10:51:25	33.97	--	9	30573	买盘
10:51:19	33.97	0.01	1	3397	买盘
10:51:10	33.96	--	3	10188	卖盘
10:51:00	33.96	0.01	17	57732	买盘
10:50:55	33.95	--	27	91665	卖盘
10:50:45	33.95	--	12	40740	卖盘
10:50:40	33.95	-0.01	11	37345	卖盘
10:50:30	33.96	--	4	13584	买盘
10:50:25	33.96	--	1	3396	买盘
10:50:16	33.96	--	1	3396	卖盘
10:50:10	33.96	--	15	50940	卖盘
10:50:00	33.96	--	1	3396	卖盘
10:49:55	33.96	-0.02	18	61128	卖盘
10:49:49	33.98	0.02	10	33980	买盘
10:49:40	33.96	--	3	10188	卖盘
10:49:34	33.96	-0.01	27	91692	卖盘
10:49:30	33.97	-0.01	4	13588	卖盘
10:49:15	33.98	--	54	183491	卖盘
10:49:10	33.98	-0.01	22	74756	卖盘
10:48:55	33.99	0.01	1	3399	买盘
10:48:45	33.98	--	3	10193	卖盘
10:48:19	33.98	--	7	23785	卖盘
10:47:55	33.98	0.01	3	10193	卖盘
10:47:45	33.97	0.01	1	3397	买盘
10:47:30	33.96	-0.02	27	91692	卖盘
10:47:25	33.98	-0.02	2	6795	买盘
10:47:10	34.0	--	0	0	买盘
10:46:55	34.0	0.02	11	37400	买盘
10:46:49	33.98	--	3	10193	卖盘
10:46:45	33.98	-0.02	2	6795	卖盘
10:46:15	34.0	0.03	16	54400	买盘
10:46:10	33.97	--	10	33970	卖盘
10:45:55	33.97	--	5	16985	卖盘
10:45:45	33.97	-0.01	6	20382	卖盘
10:45:34	33.98	--	3	10193	买盘
10:45:28	33.98	--	5	16990	买盘
10:45:25	33.98	--	5	16990	买盘
10:45:19	33.98	--	54	183491	卖盘
10:45:04	33.98	--	11	37378	卖盘
10:44:58	33.98	-0.02	102	346595	卖盘
10:44:54	34.0	--	3	10200	买盘
10:44:43	34.0	--	9	30600	买盘
10:44:39	34.0	-0.01	7	23800	买盘
10:44:34	34.01	0.01	182	618982	买盘
10:44:19	34.0	--	0	0	中性盘
10:44:09	34.0	-0.01	1	3400	买盘
10:43:58	34.01	--	0	0	买盘
10:43:54	34.01	--	1	3401	买盘
10:43:34	34.01	0.03	1	3401	买盘
10:43:24	33.98	--	0	0	卖盘
10:43:19	33.98	--	0	0	卖盘
10:43:09	33.98	--	1	3397	卖盘
10:42:54	33.98	--	0	0	卖盘
10:42:43	33.98	-0.02	20	67960	卖盘
10:42:39	34.0	--	20	68000	中性盘
10:42:34	34.0	--	4	13600	卖盘
10:42:28	34.0	--	40	136000	买盘
10:42:19	34.0	--	9	30600	买盘
10:42:09	34.0	--	4	13600	买盘
10:41:58	34.0	--	5	17000	买盘
10:41:54	34.0	0.02	7	23800	买盘
10:41:39	33.98	--	10	33980	卖盘
10:41:28	33.98	--	0	0	卖盘
10:41:24	33.98	--	6	20387	卖盘
10:41:09	33.98	--	5	16990	卖盘
10:41:04	33.98	-0.02	22	74756	卖盘
10:40:58	34.0	0.02	2	6800	买盘
10:40:54	33.98	-0.03	142	482515	卖盘
10:40:39	34.01	-0.01	3	10203	卖盘
10:40:34	34.02	--	9	30618	买盘
10:40:19	34.02	-0.01	100	340200	卖盘
10:40:04	34.03	--	21	71463	买盘
10:39:58	34.03	-0.01	5	17015	卖盘
10:39:54	34.04	0.01	2	6808	买盘
10:39:49	34.03	-0.01	5	17015	卖盘
10:39:34	34.04	0.02	5	17020	买盘
10:39:24	34.02	--	0	0	卖盘
10:39:13	34.02	--	0	0	卖盘
10:39:03	34.02	--	6	21738	买盘
10:38:58	34.02	--	6	20412	买盘
10:38:48	34.02	0.01	17	57834	买盘
10:38:43	34.01	0.01	6	20406	买盘
10:38:37	34.0	--	2	6800	卖盘
10:38:18	34.0	0.01	68	231200	买盘
10:38:13	33.99	0.01	1	3399	买盘
10:38:03	33.98	0.01	2	6795	卖盘
10:37:58	33.97	-0.01	17	57749	卖盘
10:37:52	33.98	0.01	18	61163	买盘
10:37:37	33.97	--	25	84925	买盘
10:37:33	33.97	0.01	4	13588	买盘
10:37:18	33.96	--	3	10188	买盘
10:37:13	33.96	0.01	18	61128	买盘
10:37:03	33.95	--	54	183330	卖盘
10:36:58	33.95	--	69	234255	买盘
10:36:52	33.95	--	5	16975	买盘
10:36:48	33.95	--	7	23765	买盘
10:36:43	33.95	--	1	3395	买盘
10:36:37	33.95	-0.02	19	64505	卖盘
10:36:33	33.97	0.02	1	3397	买盘
10:36:28	33.95	--	89	302155	卖盘
10:36:13	33.95	-0.03	10	33950	卖盘
10:36:07	33.98	--	0	0	买盘
10:35:58	33.98	--	20	67960	买盘
10:35:52	33.98	0.02	3	10193	买盘
10:35:43	33.96	-0.01	59	200364	卖盘
10:35:33	33.97	-0.02	11	37367	中性盘
10:35:28	33.99	--	0	0	买盘
10:35:18	33.99	0.02	25	84975	买盘
10:35:13	33.97	-0.01	10	33970	卖盘
10:35:03	33.98	0.02	36	122327	买盘
10:34:58	33.96	--	4	13584	卖盘
10:34:48	33.96	-0.01	16	54336	卖盘
10:34:43	33.97	--	1	3397	买盘
10:34:37	33.97	-0.01	9	30573	卖盘
10:34:33	33.98	0.02	8	27183	买盘
10:34:28	33.96	--	9	30564	卖盘
10:34:22	33.96	-0.02	10	33960	卖盘
10:34:18	33.98	0.02	14	47571	买盘
10:34:03	33.96	--	2	6792	卖盘
10:33:58	33.96	-0.02	98	332808	卖盘
10:33:48	33.98	-0.01	6	20387	卖盘
10:33:43	33.99	--	3	10197	卖盘
10:33:37	33.99	-0.03	71	241329	卖盘
10:33:33	34.02	0.01	52	176904	买盘
10:33:28	34.01	-0.01	12	40812	卖盘
10:33:18	34.02	-0.03	19	66713	卖盘
10:33:13	34.05	--	0	0	买盘
10:33:07	34.05	0.03	1	3404	买盘
10:33:02	34.02	-0.03	53	180306	卖盘
10:32:58	34.05	--	36	122579	卖盘
10:32:52	34.05	--	4	13619	卖盘
10:32:48	34.05	--	10	34050	卖盘
10:32:43	34.05	--	65	221324	卖盘
10:32:28	34.05	--	44	149820	卖盘
10:32:22	34.05	-0.03	20	68100	卖盘
10:32:12	34.08	0.03	2	6816	买盘
10:32:07	34.05	-0.03	94	320070	卖盘
10:31:52	34.08	--	10	34080	买盘
10:31:31	34.08	0.02	3	10224	买盘
10:31:27	34.06	--	13	44278	买盘
10:31:07	34.06	--	30	102180	买盘
10:31:01	34.06	--	2	6812	买盘
10:30:57	34.06	--	1	3406	买盘
10:30:52	34.06	--	6	20436	买盘
10:30:42	34.06	-0.01	50	170300	卖盘
10:30:37	34.07	-0.01	11	37477	卖盘
10:30:31	34.08	0.01	2	6816	买盘
10:30:16	34.07	-0.01	12	40884	卖盘
10:30:12	34.08	--	0	0	中性盘
10:30:07	34.08	--	2	6816	卖盘
10:30:01	34.08	--	14	47712	买盘
10:29:57	34.08	--	11	37488	买盘
10:29:42	34.08	--	13	44304	买盘
10:29:37	34.08	--	10	34080	买盘
10:29:27	34.08	0.01	1	3408	买盘
10:29:16	34.07	-0.01	2	6814	卖盘
10:29:12	34.08	--	4	13632	卖盘
10:29:07	34.08	-0.01	41	139728	卖盘
10:28:57	34.09	0.01	2	6818	买盘
10:28:42	34.08	--	0	0	卖盘
10:28:37	34.08	--	3	10224	买盘
10:28:27	34.08	0.01	1	3408	买盘
10:28:22	34.07	-0.01	3	10221	卖盘
10:28:07	34.08	0.01	36	122688	买盘
10:27:57	34.07	--	13	44291	卖盘
10:27:46	34.07	--	1	3407	卖盘
10:27:42	34.07	0.01	1	3407	卖盘
10:27:37	34.06	-0.01	12	40872	卖盘
10:27:27	34.07	0.01	18	61326	买盘
10:27:12	34.06	--	4	13624	卖盘
10:27:01	34.06	-0.01	5	17030	卖盘
10:26:46	34.07	--	5	17035	买盘
10:26:41	34.07	-0.01	11	37477	卖盘
10:26:21	34.08	-0.02	28	95424	卖盘
10:25:16	34.1	--	5	17050	买盘
10:25:10	34.1	--	6	20460	买盘
10:25:06	34.1	0.01	10	34100	买盘
10:25:01	34.09	-0.01	8	27272	卖盘
10:24:55	34.1	--	1	3410	买盘
10:24:51	34.1	0.01	10	34100	买盘
10:24:36	34.09	-0.01	8	27272	卖盘
10:24:31	34.1	--	54	184140	买盘
10:24:16	34.1	0.01	2	6820	买盘
10:24:10	34.09	-0.01	1	3409	卖盘
10:23:55	34.1	0.01	1	3410	买盘
10:23:51	34.09	0.03	68	231812	买盘
10:23:46	34.06	--	2	6812	卖盘
10:23:36	34.06	--	3	10218	卖盘
10:23:16	34.06	-0.01	10	34060	卖盘
10:23:10	34.07	0.02	1	3407	买盘
10:23:01	34.05	-0.02	27	91934	卖盘
10:22:55	34.07	0.01	1	3407	买盘
10:22:46	34.06	0.02	5	17030	买盘
10:22:40	34.04	--	11	37444	卖盘
10:22:16	34.04	--	15	51060	卖盘
10:22:10	34.04	0.01	161	549371	买盘
10:21:55	34.03	--	18	61254	卖盘
10:21:51	34.03	--	10	34030	卖盘
10:21:46	34.03	-0.01	30	102090	卖盘
10:21:31	34.04	--	50	170200	买盘
10:21:25	34.04	-0.01	5	19096	卖盘
10:21:21	34.05	0.01	3	10215	卖盘
10:21:10	34.04	--	2	8135	买盘
10:21:06	34.04	-0.01	38	131428	卖盘
10:21:00	34.05	--	3	10215	卖盘
10:20:51	34.05	0.01	7	25162	买盘
10:20:45	34.04	-0.01	10	34040	卖盘
10:20:36	34.05	--	2	6809	买盘
10:20:30	34.05	--	2	6809	卖盘
10:20:25	34.05	-0.01	2	6809	卖盘
10:20:21	34.06	0.01	3	10218	买盘
10:20:10	34.05	--	10	34050	卖盘
10:20:04	34.05	--	3	10215	卖盘
10:19:55	34.05	-0.01	40	136200	卖盘
10:19:45	34.06	-0.02	5	17030	卖盘
10:19:40	34.08	--	0	0	买盘
10:19:34	34.08	0.01	3	10224	买盘
10:19:30	34.07	-0.01	10	36148	卖盘
10:19:25	34.08	0.01	1	3408	买盘
10:19:19	34.07	-0.01	13	45619	卖盘
10:19:10	34.08	-0.01	1	3408	卖盘
10:19:00	34.09	-0.01	29	98861	卖盘
10:18:55	34.1	0.01	28	95480	买盘
10:18:49	34.09	--	26	88634	卖盘
10:18:45	34.09	--	10	34090	卖盘
10:18:30	34.09	-0.01	5	17045	卖盘
10:18:25	34.1	0.01	30	102300	买盘
10:18:19	34.09	-0.01	2	6818	卖盘
10:18:15	34.1	0.01	3	10230	买盘
10:18:10	34.09	-0.01	18	61362	卖盘
10:17:55	34.1	--	11	37510	买盘
10:17:45	34.1	0.01	2	6820	买盘
10:17:40	34.09	--	5	17045	卖盘
10:17:34	34.09	-0.01	5	17045	卖盘
10:17:30	34.1	0.01	1	3410	买盘
10:17:19	34.09	--	32	109088	买盘
10:17:10	34.09	0.01	5	17045	买盘
10:17:00	34.08	0.01	12	40896	中性盘
10:16:55	34.07	--	22	74954	卖盘
10:16:49	34.07	-0.02	10	34070	卖盘
10:16:45	34.09	--	0	0	买盘
10:16:15	34.09	--	0	0	卖盘
10:16:10	34.09	--	0	0	卖盘
10:16:04	34.09	--	5	17045	卖盘
10:15:55	34.09	0.02	8	29010	买盘
10:15:49	34.07	-0.02	60	204420	卖盘
10:15:45	34.09	-0.03	56	192574	卖盘
10:15:40	34.12	--	0	0	买盘
10:15:34	34.12	--	2	6823	卖盘
10:15:30	34.12	0.03	3	10236	卖盘
10:15:19	34.09	--	0	0	卖盘
10:15:15	34.09	-0.01	209	712481	卖盘
10:15:10	34.1	-0.02	1	3410	卖盘
10:15:00	34.12	0.02	3	10236	买盘
10:14:55	34.1	-0.02	6	20460	卖盘
10:14:49	34.12	--	25	85300	卖盘
10:14:45	34.12	--	32	109183	买盘
10:14:40	34.12	0.02	20	68240	买盘
10:14:34	34.1	-0.02	53	180730	卖盘
10:14:24	34.12	0.02	18	61415	买盘
10:14:15	34.1	-0.02	14	47740	卖盘
10:14:00	34.12	0.01	10	34120	买盘
10:13:54	34.11	0.01	2	6822	中性盘
10:13:49	34.1	--	15	51150	卖盘
10:13:43	34.1	--	3	10230	卖盘
10:13:34	34.1	--	0	0	卖盘
10:13:24	34.1	--	11	37510	卖盘
10:13:13	34.1	--	2	6820	卖盘
10:13:09	34.1	0.01	30	104039	买盘
10:13:04	34.09	--	9	30681	卖盘
10:12:58	34.09	--	2	6818	卖盘
10:12:54	34.09	--	16	54544	买盘
10:12:49	34.09	--	6	20454	买盘
10:12:39	34.09	0.01	11	37499	买盘
10:12:24	34.08	-0.01	24	81792	卖盘
10:12:09	34.09	--	0	0	中性盘
10:11:58	34.09	-0.01	1	3409	卖盘
10:11:54	34.1	0.01	8	27280	买盘
10:11:49	34.09	-0.01	2	6818	卖盘
10:11:34	34.1	--	43	146630	卖盘
10:11:28	34.1	--	10	34100	卖盘
10:11:13	34.1	--	52	177320	卖盘
10:11:09	34.1	-0.03	3	10230	卖盘
10:11:04	34.13	0.01	40	136520	买盘
10:10:54	34.12	--	3	10236	卖盘
10:10:49	34.12	-0.01	1	3411	卖盘
10:10:34	34.13	-0.01	5	17065	卖盘
10:10:24	34.14	--	10	34140	买盘
10:10:19	34.14	--	4	13656	卖盘
10:10:09	34.14	--	62	211668	卖盘
10:10:04	34.14	--	15	51210	卖盘
10:09:58	34.14	-0.01	50	170700	卖盘
10:09:54	34.15	--	65	221975	买盘
10:09:49	34.15	0.01	15	51225	中性盘
10:09:43	34.14	--	32	109248	卖盘
10:09:39	34.14	-0.01	13	44382	卖盘
10:09:34	34.15	--	34	116110	买盘
10:09:19	34.15	0.01	14	47810	买盘
10:09:13	34.14	--	0	0	中性盘
10:09:09	34.14	-0.01	15	51210	中性盘
10:09:04	34.15	0.01	10	34150	买盘
10:08:49	34.14	0.03	10	34140	买盘
10:08:39	34.11	--	126	429786	买盘
10:08:34	34.11	0.02	7	23877	买盘
10:08:28	34.09	--	1	3409	买盘
10:08:24	34.09	-0.02	1	3409	卖盘
10:08:18	34.11	0.01	13	44343	买盘
10:08:13	34.1	--	42	143220	买盘
10:08:09	34.1	0.01	33	112530	买盘
10:08:03	34.09	--	25	85225	卖盘
10:07:54	34.09	0.01	49	167041	买盘
10:07:48	34.08	--	5	17040	买盘
10:07:43	34.08	0.01	22	74976	买盘
10:07:38	34.07	-0.01	17	57919	卖盘
10:07:33	34.08	0.01	5	17040	买盘
10:07:13	34.07	--	13	44291	卖盘
10:07:07	34.07	0.01	79	269153	买盘
10:07:03	34.06	0.01	29	98774	买盘
10:06:58	34.05	--	4	13619	买盘
10:06:52	34.05	0.01	5	17025	买盘
10:06:48	34.04	-0.02	19	64676	卖盘
10:06:37	34.06	--	49	166894	卖盘
10:06:33	34.06	0.01	41	139646	买盘
10:06:28	34.05	--	10	34050	卖盘
10:06:22	34.05	0.01	10	34050	买盘
10:06:18	34.04	-0.01	17	57868	卖盘
10:06:13	34.05	-0.01	46	156630	卖盘
10:06:07	34.06	-0.01	60	204360	卖盘
10:06:03	34.07	0.01	3	10221	买盘
10:05:58	34.06	-0.01	10	34060	卖盘
10:05:43	34.07	--	6	20442	卖盘
10:05:33	34.07	-0.01	24	81768	买盘
10:05:28	34.08	0.01	23	78384	买盘
10:05:22	34.07	--	0	0	买盘
10:05:18	34.07	0.01	8	27256	买盘
10:05:13	34.06	--	23	78338	卖盘
10:05:07	34.06	--	6	20436	卖盘
10:05:03	34.06	--	0	0	卖盘
10:04:58	34.06	-0.02	12	40872	卖盘
10:04:52	34.08	0.03	39	132912	买盘
10:04:48	34.05	-0.01	1	3404	卖盘
10:04:37	34.06	--	20	68120	买盘
10:04:33	34.06	0.01	26	88556	买盘
10:04:28	34.05	0.01	3	10215	买盘
10:04:18	34.04	0.02	4	13616	买盘
10:04:13	34.02	-0.01	11	37422	卖盘
10:04:07	34.03	0.01	5	17015	买盘
10:04:03	34.02	0.01	21	71442	买盘
10:03:58	34.01	--	2	6802	卖盘
10:03:48	34.01	--	39	132639	买盘
10:03:43	34.01	0.03	15	51015	买盘
10:03:37	33.98	--	0	0	卖盘
10:03:33	33.98	-0.01	30	101939	卖盘
10:03:28	33.99	--	1	3399	买盘
10:03:22	33.99	--	0	0	买盘
10:03:18	33.99	0.01	17	57783	买盘
10:03:13	33.98	-0.02	35	118929	卖盘
10:03:07	34.0	0.02	11	37400	买盘
10:03:03	33.98	--	15	50969	卖盘
10:02:58	33.98	--	43	146114	买盘
10:02:52	33.98	0.02	15	50969	买盘
10:02:48	33.96	-0.02	17	57732	卖盘
10:02:43	33.98	0.01	20	67960	买盘
10:02:33	33.97	0.03	55	186835	中性盘
10:02:28	33.94	-0.03	100	339400	卖盘
10:02:22	33.97	0.02	51	173314	买盘
10:02:18	33.95	-0.01	88	298760	卖盘
10:02:13	33.96	0.01	5	16980	买盘
10:02:07	33.95	--	18	61110	卖盘
10:02:03	33.95	0.02	65	220675	买盘
10:01:57	33.93	--	31	105183	卖盘
10:01:52	33.93	--	48	162864	卖盘
10:01:48	33.93	0.02	1	3393	卖盘
10:01:42	33.91	-0.04	25	84774	卖盘
10:01:37	33.95	--	0	0	买盘
10:01:33	33.95	--	0	0	买盘
10:01:27	33.95	0.05	3	10185	卖盘
10:01:22	33.9	--	0	0	卖盘
10:01:18	33.9	-0.06	83	281370	卖盘
10:01:12	33.96	--	1	3396	买盘
10:01:07	33.96	0.02	6	20376	买盘
10:00:57	33.94	-0.01	6	20364	卖盘
10:00:52	33.95	-0.01	4	13580	卖盘
10:00:46	33.96	--	0	0	买盘
10:00:42	33.96	0.01	48	163008	买盘
10:00:37	33.95	--	23	78085	卖盘
10:00:31	33.95	--	0	0	卖盘
10:00:22	33.95	--	1	3395	中性盘
10:00:16	33.95	-0.01	40	135800	卖盘
10:00:07	33.96	0.01	4	13584	买盘
10:00:01	33.95	-0.01	3	10185	卖盘
09:59:57	33.96	-0.01	6	20376	卖盘
09:59:52	33.97	0.01	1	3397	买盘
09:59:46	33.96	-0.01	4	13584	卖盘
09:59:42	33.97	--	5	16985	买盘
09:59:37	33.97	--	11	37367	买盘
09:59:27	33.97	--	33	112101	买盘
09:59:22	33.97	-0.01	59	200423	卖盘
09:59:16	33.98	--	20	67960	买盘
09:59:12	33.98	--	2	6795	买盘
09:59:01	33.98	-0.01	2	6795	卖盘
09:58:57	33.99	0.01	5	16995	买盘
09:58:52	33.98	--	6	20387	卖盘
09:58:42	33.98	--	0	0	卖盘
09:58:37	33.98	-0.01	2	6795	买盘
09:58:27	33.99	--	4	13596	买盘
09:58:22	33.99	--	10	33990	买盘
09:58:12	33.99	--	17	57783	买盘
09:58:07	33.99	--	12	40788	买盘
09:58:01	33.99	--	2	6798	买盘
09:57:57	33.99	--	10	33990	买盘
09:57:52	33.99	0.02	34	115566	卖盘
09:57:46	33.97	-0.02	30	101910	卖盘
09:57:42	33.99	--	26	88374	买盘
09:57:37	33.99	0.02	36	122364	买盘
09:57:31	33.97	-0.01	2	6794	卖盘
09:57:27	33.98	--	6	20387	买盘
09:57:22	33.98	0.02	107	363585	买盘
09:57:16	33.96	--	12	40752	卖盘
09:57:12	33.96	-0.01	6	20376	卖盘
09:57:07	33.97	0.01	19	64543	买盘
09:57:01	33.96	--	5	16980	买盘
09:56:57	33.96	0.02	5	16980	买盘
09:56:52	33.94	--	129	437825	卖盘
09:56:46	33.94	0.01	10	33940	卖盘
09:56:42	33.93	--	5	16965	卖盘
09:56:37	33.93	-0.01	5	16965	卖盘
09:56:31	33.94	-0.01	1	3394	卖盘
09:56:27	33.95	0.03	5	16975	买盘
09:56:22	33.92	-0.05	30	101760	卖盘
09:56:16	33.97	0.01	20	67940	买盘
09:56:12	33.96	0.05	94	319224	买盘
09:56:07	33.91	-0.06	52	176331	卖盘
09:56:01	33.97	--	10	33970	买盘
09:55:57	33.97	0.02	9	30573	买盘
09:55:52	33.95	-0.02	16	54320	卖盘
09:55:46	33.97	0.02	39	132483	买盘
09:55:42	33.95	--	4	13580	买盘
09:55:37	33.95	-0.02	23	78085	卖盘
09:55:31	33.97	--	5	16985	卖盘
09:55:27	33.97	-0.01	21	71337	卖盘
09:55:22	33.98	--	5	16990	买盘
09:55:12	33.98	-0.01	35	118929	卖盘
09:54:52	33.99	--	4	13596	卖盘
09:54:41	33.99	-0.01	29	98571	卖盘
09:54:36	34.0	--	1	3400	买盘
09:54:27	34.0	-0.01	40	136000	卖盘
09:54:21	34.01	--	33	112233	买盘
09:54:16	34.01	--	2	6802	买盘
09:54:06	34.01	0.01	104	353704	买盘
09:54:01	34.0	-0.01	18	61200	卖盘
09:53:55	34.01	0.01	7	23807	买盘
09:53:51	34.0	-0.01	3	10200	卖盘
09:53:46	34.01	0.01	1	3401	买盘
09:53:36	34.0	--	11	37400	卖盘
09:53:31	34.0	--	78	265200	卖盘
09:53:25	34.0	-0.01	24	81600	卖盘
09:53:21	34.01	0.01	11	37411	中性盘
09:53:16	34.0	-0.02	21	71400	卖盘
09:53:10	34.02	0.01	23	78246	买盘
09:53:06	34.01	0.01	35	119851	买盘
09:53:01	34.0	-0.01	81	275400	卖盘
09:52:55	34.01	--	5	19589	卖盘
09:52:51	34.01	--	16	54416	卖盘
09:52:40	34.01	-0.01	25	85841	卖盘
09:52:31	34.02	--	4	13608	卖盘
09:52:25	34.02	-0.01	1	3402	卖盘
09:52:16	34.03	--	3	10209	买盘
09:52:10	34.03	--	6	20418	卖盘
09:52:06	34.03	--	11	37433	卖盘
09:52:01	34.03	--	19	64657	卖盘
09:51:51	34.03	-0.01	2	6806	卖盘
09:51:40	34.04	-0.02	54	183816	卖盘
09:51:36	34.06	0.01	1	3406	买盘
09:51:21	34.05	--	7	23834	卖盘
09:51:10	34.05	-0.01	2	6809	卖盘
09:51:06	34.06	--	2	6812	中性盘
09:51:01	34.06	--	2	6812	买盘
09:50:55	34.06	--	3	10218	买盘
09:50:51	34.06	-0.01	58	197548	卖盘
09:50:40	34.07	--	8	27256	买盘
09:50:36	34.07	--	16	54512	卖盘
09:50:16	34.07	--	4	13628	卖盘
09:50:10	34.07	--	39	132873	卖盘
09:50:06	34.07	--	9	30663	卖盘
09:49:55	34.07	--	2	6814	卖盘
09:49:51	34.07	0.01	34	115838	买盘
09:49:36	34.06	-0.01	3	10218	卖盘
09:49:31	34.07	--	10	34070	买盘
09:49:25	34.07	--	1	3407	买盘
09:49:21	34.07	--	2	6814	卖盘
09:49:16	34.07	--	59	201013	卖盘
09:49:10	34.07	--	4	13628	卖盘
09:49:06	34.07	0.01	5	17035	卖盘
09:48:55	34.06	--	0	0	卖盘
09:48:51	34.06	--	6	20436	卖盘
09:48:46	34.06	--	10	34060	卖盘
09:48:40	34.06	--	5	17030	卖盘
09:48:36	34.06	--	0	0	卖盘
09:48:30	34.06	--	3	10218	卖盘
09:48:25	34.06	--	4	13624	卖盘
09:48:21	34.06	--	2	6812	卖盘
09:48:15	34.06	0.01	19	64714	买盘
09:48:10	34.05	--	4	13619	卖盘
09:48:06	34.05	-0.01	7	23834	卖盘
09:47:55	34.06	--	10	34060	买盘
09:47:51	34.06	--	27	91962	卖盘
09:47:45	34.06	-0.04	29	98774	卖盘
09:47:40	34.1	0.04	1	3410	买盘
09:47:34	34.06	-0.06	6	20436	卖盘
09:47:30	34.12	--	0	0	中性盘
09:47:25	34.12	0.06	8	27295	买盘
09:47:19	34.06	--	1	3406	卖盘
09:47:15	34.06	0.01	14	47684	买盘
09:47:10	34.05	--	24	81720	卖盘
09:47:04	34.05	--	10	34050	卖盘
09:47:00	34.05	-0.01	22	74910	卖盘
09:46:55	34.06	--	2	6812	买盘
09:46:45	34.06	--	13	44278	买盘
09:46:40	34.06	--	20	68120	卖盘
09:46:15	34.06	--	0	0	卖盘
09:46:10	34.06	-0.04	45	153270	卖盘
09:46:00	34.1	0.02	9	30690	买盘
09:45:55	34.08	-0.03	23	78384	卖盘
09:45:45	34.11	0.02	50	170550	买盘
09:45:40	34.09	-0.02	23	78407	卖盘
09:45:34	34.11	0.01	10	34110	中性盘
09:45:30	34.1	--	68	231880	买盘
09:45:25	34.1	--	3	10230	买盘
09:45:19	34.1	-0.01	11	37510	卖盘
09:45:15	34.11	0.01	5	17055	中性盘
09:45:10	34.1	--	13	44330	卖盘
09:45:00	34.1	--	12	40920	卖盘
09:44:55	34.1	0.01	5	17050	卖盘
09:44:40	34.09	--	0	0	卖盘
09:44:30	34.09	-0.01	3	10227	中性盘
09:44:25	34.1	0.02	8	27280	买盘
09:44:19	34.08	--	1	3408	卖盘
09:44:15	34.08	--	14	47712	卖盘
09:44:00	34.08	-0.02	1	3408	卖盘
09:43:55	34.1	0.03	6	20460	买盘
09:43:45	34.07	--	16	54512	卖盘
09:43:40	34.07	-0.03	20	68140	卖盘
09:43:30	34.1	-0.02	52	177320	卖盘
09:43:25	34.12	-0.02	7	23884	卖盘
09:43:19	34.14	--	34	116076	卖盘
09:43:15	34.14	-0.01	13	44382	卖盘
09:43:10	34.15	--	10	34150	买盘
09:43:04	34.15	-0.01	22	75130	卖盘
09:43:00	34.16	0.01	102	348431	买盘
09:42:55	34.15	--	22	75130	卖盘
09:42:49	34.15	-0.01	20	68300	卖盘
09:42:45	34.16	--	3	10247	买盘
09:42:40	34.16	--	6	20495	买盘
09:42:30	34.16	0.01	35	119559	中性盘
09:42:25	34.15	-0.02	74	252710	卖盘
09:42:19	34.17	0.01	35	119595	买盘
09:42:15	34.16	-0.01	30	102479	卖盘
09:42:10	34.17	0.01	10	34170	买盘
09:42:04	34.16	--	1	3415	卖盘
09:42:00	34.16	--	14	47823	卖盘
09:41:54	34.16	--	15	51239	卖盘
09:41:45	34.16	--	4	13663	买盘
09:41:39	34.16	--	10	34160	买盘
09:41:30	34.16	--	3	10247	卖盘
09:41:24	34.16	--	15	51239	买盘
09:41:19	34.16	--	24	81983	卖盘
09:41:14	34.16	0.01	23	78567	买盘
09:41:09	34.15	--	11	37565	卖盘
09:41:04	34.15	--	7	23905	卖盘
09:40:58	34.15	--	5	17075	卖盘
09:40:54	34.15	--	33	112695	卖盘
09:40:49	34.15	0.01	32	109280	买盘
09:40:39	34.14	--	6	20484	卖盘
09:40:34	34.14	0.01	23	78522	买盘
09:40:28	34.13	0.02	1	3413	卖盘
09:40:24	34.11	-0.03	18	61398	卖盘
09:40:19	34.14	--	3	10242	买盘
09:40:13	34.14	0.03	20	68280	买盘
09:40:09	34.11	--	0	0	中性盘
09:39:58	34.11	0.04	5	17055	买盘
09:39:54	34.07	-0.03	12	40884	卖盘
09:39:49	34.1	--	4	13640	买盘
09:39:43	34.1	--	5	17050	买盘
09:39:39	34.1	-0.01	9	30690	卖盘
09:39:34	34.11	0.06	4	13644	买盘
09:39:24	34.05	--	5	17025	中性盘
09:39:19	34.05	-0.06	12	40860	卖盘
09:39:09	34.11	0.06	49	167139	买盘
09:39:04	34.05	0.02	2	6809	买盘
09:38:58	34.03	--	3	10209	卖盘
09:38:54	34.03	--	32	108896	卖盘
09:38:49	34.03	--	28	95284	买盘
09:38:43	34.03	0.02	5	17015	买盘
09:38:39	34.01	-0.02	20	68020	卖盘
09:38:34	34.03	--	1	3403	买盘
09:38:24	34.03	-0.02	31	105493	卖盘
09:38:19	34.05	0.02	18	61289	买盘
09:38:13	34.03	-0.02	2	6806	卖盘
09:38:09	34.05	0.02	3	10215	买盘
09:38:04	34.03	--	8	27224	卖盘
09:37:54	34.03	--	6	20418	中性盘
09:37:49	34.03	--	6	20418	卖盘
09:37:43	34.03	-0.02	17	57851	卖盘
09:37:39	34.05	-0.01	2	6809	卖盘
09:37:34	34.06	--	18	61308	买盘
09:37:24	34.06	0.01	108	367848	买盘
09:37:13	34.05	--	6	20430	卖盘
09:37:09	34.05	-0.01	3	10215	卖盘
09:36:58	34.06	--	1	3406	买盘
09:36:54	34.06	-0.01	98	333788	卖盘
09:36:49	34.07	0.01	2	6814	中性盘
09:36:43	34.06	--	1	3406	卖盘
09:36:39	34.06	--	39	132834	卖盘
09:36:34	34.06	--	0	0	卖盘
09:36:24	34.06	--	8	27248	卖盘
09:36:19	34.06	--	0	0	卖盘
09:36:13	34.06	-0.03	83	282698	卖盘
09:36:09	34.09	0.02	1	3409	中性盘
09:36:04	34.07	--	16	54512	卖盘
09:35:58	34.07	-0.02	56	190792	卖盘
09:35:54	34.09	--	2	6818	卖盘
09:35:49	34.09	0.02	75	255675	买盘
09:35:43	34.07	--	7	23849	卖盘
09:35:34	34.07	-0.02	8	27256	卖盘
09:35:28	34.09	--	12	40908	卖盘
09:35:24	34.09	--	67	228403	买盘
09:35:18	34.09	--	8	27272	卖盘
09:35:13	34.09	--	13	44317	卖盘
09:35:09	34.09	-0.01	32	109088	卖盘
09:35:03	34.1	--	1	3410	卖盘
09:34:58	34.1	-0.01	21	71610	卖盘
09:34:53	34.11	--	35	119385	买盘
09:34:48	34.11	0.01	40	136440	中性盘
09:34:43	34.1	--	66	225060	卖盘
09:34:38	34.1	-0.02	19	64790	卖盘
09:34:33	34.12	0.01	15	51179	买盘
09:34:28	34.11	-0.01	12	40932	卖盘
09:34:22	34.12	--	27	92124	卖盘
09:34:18	34.12	0.02	5	17060	卖盘
09:34:13	34.1	-0.02	64	218240	卖盘
09:34:07	34.12	--	103	351436	买盘
09:34:03	34.12	--	18	61415	买盘
09:33:58	34.12	--	10	34120	买盘
09:33:48	34.12	--	6	20472	卖盘
09:33:43	34.12	--	1	3411	买盘
09:33:37	34.12	--	5	17060	买盘
09:33:33	34.12	-0.02	4	13647	买盘
09:33:28	34.14	0.04	5	17070	买盘
09:33:22	34.1	-0.04	1	3410	卖盘
09:33:18	34.14	--	60	204840	买盘
09:33:13	34.14	--	42	143388	卖盘
09:33:07	34.14	-0.04	2	6828	卖盘
09:33:03	34.18	0.04	54	184572	买盘
09:32:58	34.14	-0.02	11	37554	卖盘
09:32:52	34.16	0.02	6	20495	买盘
09:32:48	34.14	-0.01	24	81936	卖盘
09:32:43	34.15	--	129	440535	卖盘
09:32:33	34.15	--	98	334670	买盘
09:32:28	34.15	0.01	1	3415	买盘
09:32:22	34.14	-0.01	12	40968	卖盘
09:32:18	34.15	0.01	5	17075	中性盘
09:32:13	34.14	--	33	112662	中性盘
09:32:07	34.14	--	10	34140	买盘
09:32:03	34.14	-0.05	3	10242	买盘
09:31:58	34.19	--	0	0	买盘
09:31:52	34.19	--	0	0	买盘
09:31:48	34.19	0.03	19	64960	买盘
09:31:43	34.16	0.09	7	23911	买盘
09:31:33	34.07	--	14	47698	卖盘
09:31:28	34.07	--	0	0	卖盘
09:31:22	34.07	--	3	10221	卖盘
09:31:13	34.07	--	6	22690	买盘
09:31:03	34.07	0.01	4	13628	买盘
09:30:58	34.06	--	2	6812	卖盘
09:30:52	34.06	0.01	13	44278	中性盘
09:30:48	34.05	--	3	10215	卖盘
09:30:43	34.05	-0.01	8	27239	卖盘
09:30:37	34.06	--	2	6812	卖盘
09:30:33	34.06	0.01	3	10218	买盘
09:30:22	34.05	0.05	4	13619	卖盘
09:30:13	34.0	--	1	3400	买盘
09:30:07	34.0	-0.05	74	251600	卖盘
09:30:03	34.05	0.05	161	549362	买盘
09:28:57	34.0	--	0	0	卖盘
09:25:09	34.0	34	76	260644	买盘
