成交时间	成交价	价格变动	成交量(手)	成交额(元)	性质
15:00:00	11.81	--	0	0	买盘
15:00:00	11.81	0.01	0	0	买盘
15:00:00	11.8	--	0	0	卖盘
14:59:57	11.8	--	587	692660	买盘
14:59:51	11.8	--	17	20060	买盘
14:59:47	11.8	--	24	28320	买盘
14:59:43	11.8	--	97	114460	卖盘
14:59:36	11.8	-0.01	268	316240	卖盘
14:59:32	11.81	-0.01	1496	1766776	卖盘
14:59:28	11.82	0.01	1264	1494048	买盘
14:59:22	11.81	--	232	273992	买盘
14:59:18	11.81	--	103	121643	买盘
14:59:12	11.81	0.01	131	154711	买盘
14:59:07	11.8	--	17	20060	卖盘
14:59:02	11.8	-0.01	69	81420	卖盘
14:58:57	11.81	--	49	57869	买盘
14:58:51	11.81	0.01	28	33068	买盘
14:58:47	11.8	--	233	274940	卖盘
14:58:42	11.8	--	227	267860	卖盘
14:58:37	11.8	-0.01	1	1180	卖盘
14:58:33	11.81	0.01	100	118100	买盘
14:58:27	11.8	--	27	31860	卖盘
14:58:22	11.8	0.01	283	333940	买盘
14:58:18	11.79	--	1572	1853387	买盘
14:58:12	11.79	--	279	328941	买盘
14:58:06	11.79	0.01	156	183924	买盘
14:58:02	11.78	-0.01	43	50654	卖盘
14:57:57	11.79	--	190	224009	买盘
14:57:52	11.79	0.01	23	27116	买盘
14:57:47	11.78	-0.01	24	28272	卖盘
14:57:42	11.79	0.01	149	175671	买盘
14:57:37	11.78	-0.01	59	69502	卖盘
14:57:31	11.79	--	17	20043	买盘
14:57:27	11.79	0.01	38	44802	买盘
14:57:22	11.78	--	106	124868	卖盘
14:57:16	11.78	-0.01	18	21204	卖盘
14:57:12	11.79	0.01	131	154449	买盘
14:57:06	11.78	--	164	193192	卖盘
14:57:02	11.78	-0.01	16	18848	卖盘
14:56:57	11.79	--	198	233772	买盘
14:56:51	11.79	0.01	30	35370	买盘
14:56:47	11.78	-0.01	62	73036	卖盘
14:56:41	11.79	--	395	465704	买盘
14:56:36	11.79	0.01	113	133227	买盘
14:56:32	11.78	-0.01	36	42408	卖盘
14:56:27	11.79	--	54	63665	买盘
14:56:21	11.79	--	40	47160	买盘
14:56:16	11.79	--	21	24759	买盘
14:56:11	11.79	--	68	80172	买盘
14:56:06	11.79	--	182	214577	买盘
14:56:00	11.79	0.01	6	7073	买盘
14:55:56	11.78	--	64	75392	卖盘
14:55:51	11.78	-0.01	126	148428	卖盘
14:55:45	11.79	-0.01	41	48339	卖盘
14:55:42	11.8	0.02	43	50740	买盘
14:55:36	11.78	-0.02	93	109554	卖盘
14:55:30	11.8	--	1006	1187080	买盘
14:55:27	11.8	0.01	152	179360	买盘
14:55:22	11.79	--	24	28295	买盘
14:55:15	11.79	--	99	116720	卖盘
14:55:11	11.79	--	52	61307	卖盘
14:55:07	11.79	--	24	28295	中性盘
14:55:00	11.79	--	220	259379	买盘
14:54:56	11.79	--	57	67203	买盘
14:54:52	11.79	0.01	268	315972	买盘
14:54:45	11.78	-0.01	3	3534	卖盘
14:54:41	11.79	--	441	519938	卖盘
14:54:37	11.79	--	53	62486	卖盘
14:54:31	11.79	-0.01	20	23580	卖盘
14:54:27	11.8	0.02	45	53100	买盘
14:54:21	11.78	-0.01	256	301568	卖盘
14:54:15	11.79	0.01	156	183924	买盘
14:54:11	11.78	-0.01	500	589000	卖盘
14:54:06	11.79	0.01	24	28295	中性盘
14:54:00	11.78	--	20	23560	卖盘
14:53:56	11.78	-0.02	350	412300	卖盘
14:53:51	11.8	0.01	697	822460	买盘
14:53:45	11.79	--	10	11790	买盘
14:53:41	11.79	0.01	69	81351	买盘
14:53:36	11.78	-0.02	86	101308	卖盘
14:53:31	11.8	--	10	11800	买盘
14:53:26	11.8	--	54	63720	买盘
14:53:22	11.8	0.02	69	81420	买盘
14:53:16	11.78	-0.01	1120	1319360	卖盘
14:53:12	11.79	--	87	102572	卖盘
14:53:06	11.79	--	31	36549	卖盘
14:53:01	11.79	0.01	5	5895	中性盘
14:52:56	11.78	-0.01	166	195548	卖盘
14:52:52	11.79	0.01	124	146196	买盘
14:52:46	11.78	-0.01	192	226176	卖盘
14:52:42	11.79	--	38	44802	买盘
14:52:36	11.79	--	44	51875	买盘
14:52:30	11.79	0.01	17	20043	买盘
14:52:26	11.78	-0.02	41	48298	卖盘
14:52:21	11.8	0.02	24	28320	买盘
14:52:15	11.78	--	0	0	卖盘
14:52:11	11.78	-0.02	266	313348	卖盘
14:52:06	11.8	0.01	31	36580	买盘
14:52:00	11.79	--	51	60128	买盘
14:51:56	11.79	--	128	150912	买盘
14:51:46	11.79	--	15	17685	卖盘
14:51:41	11.79	-0.01	78	91962	卖盘
14:51:36	11.8	0.01	32	37760	买盘
14:51:31	11.79	--	3	3536	卖盘
14:51:26	11.79	--	170	200430	卖盘
14:51:21	11.79	-0.01	23	27116	卖盘
14:51:11	11.8	0.01	164	193520	买盘
14:51:06	11.79	-0.01	40	47160	卖盘
14:50:56	11.8	0.01	33	38940	买盘
14:50:51	11.79	-0.01	75	88425	卖盘
14:50:45	11.8	--	81	95580	卖盘
14:50:41	11.8	--	15	17700	卖盘
14:50:36	11.8	--	27	31860	卖盘
14:50:30	11.8	0.01	51	60180	买盘
14:50:26	11.79	-0.01	13	15326	卖盘
14:50:21	11.8	0.01	200	236000	买盘
14:50:15	11.79	-0.01	44	51875	卖盘
14:50:11	11.8	0.01	69	81420	买盘
14:50:06	11.79	-0.01	36	42444	卖盘
14:50:00	11.8	0.01	43	50740	买盘
14:49:51	11.79	-0.02	95	112004	卖盘
14:49:46	11.81	0.01	120	141720	买盘
14:49:41	11.8	--	40	47200	卖盘
14:49:36	11.8	--	146	172280	卖盘
14:49:30	11.8	--	50	59000	卖盘
14:49:24	11.8	--	20	23600	卖盘
14:49:21	11.8	--	8	9440	卖盘
14:49:15	11.8	-0.01	36	42480	卖盘
14:49:10	11.81	0.01	5	5905	买盘
14:49:05	11.8	-0.01	16	18880	卖盘
14:49:00	11.81	0.01	218	257458	买盘
14:48:54	11.8	-0.01	5	5900	卖盘
14:48:45	11.81	0.01	20	23620	买盘
14:48:40	11.8	-0.02	28	33040	卖盘
14:48:35	11.82	--	88	104867	买盘
14:48:31	11.82	--	118	139476	买盘
14:48:24	11.82	0.01	10	11820	买盘
14:48:20	11.81	--	34	40154	卖盘
14:48:15	11.81	--	23	27163	卖盘
14:48:09	11.81	-0.01	7	8267	卖盘
14:48:06	11.82	--	108	127656	买盘
14:48:00	11.82	0.01	126	148932	买盘
14:47:54	11.81	--	20	23620	卖盘
14:47:50	11.81	--	56	66136	卖盘
14:47:45	11.81	--	45	53145	卖盘
14:47:40	11.81	--	1	1181	卖盘
14:47:36	11.81	-0.01	124	146680	卖盘
14:47:30	11.82	0.01	14	16548	买盘
14:47:20	11.81	-0.01	337	398091	卖盘
14:47:15	11.82	0.01	42	49644	买盘
14:47:09	11.81	0.01	4036	4766516	买盘
14:47:05	11.8	-0.01	220	259600	卖盘
14:47:00	11.81	-0.01	73	86213	中性盘
14:46:54	11.82	--	1008	1191456	买盘
14:46:50	11.82	--	106	125292	买盘
14:46:45	11.82	-0.01	85	101557	卖盘
14:46:39	11.83	0.01	11	13013	买盘
14:46:35	11.82	--	7	8274	卖盘
14:46:31	11.82	--	85	100470	卖盘
14:46:24	11.82	--	8	9456	卖盘
14:46:20	11.82	--	33	39006	卖盘
14:46:15	11.82	--	44	52102	卖盘
14:46:09	11.82	--	16	18912	卖盘
14:46:05	11.82	--	130	153660	卖盘
14:46:00	11.82	--	81	95742	卖盘
14:45:55	11.82	--	5	5910	卖盘
14:45:50	11.82	--	16	18912	卖盘
14:45:45	11.82	--	53	62646	卖盘
14:45:36	11.82	-0.01	6	7092	卖盘
14:45:30	11.83	--	174	205842	买盘
14:45:24	11.83	0.01	2	2366	买盘
14:45:21	11.82	--	90	106380	卖盘
14:45:15	11.82	--	46	54372	卖盘
14:45:05	11.82	--	68	80376	卖盘
14:45:00	11.82	-0.01	10	11820	卖盘
14:44:54	11.83	0.01	23	27209	买盘
14:44:50	11.82	-0.01	36	42552	卖盘
14:44:45	11.83	--	27	31941	买盘
14:44:40	11.83	--	50	59150	买盘
14:44:35	11.83	--	124	147520	卖盘
14:44:30	11.83	-0.01	71	83993	卖盘
14:44:24	11.84	0.01	21	24864	买盘
14:44:20	11.83	--	103	121849	卖盘
14:44:15	11.83	--	127	150241	卖盘
14:44:09	11.83	--	11	13013	卖盘
14:44:05	11.83	-0.01	83	98189	卖盘
14:44:00	11.84	--	343	406112	买盘
14:43:54	11.84	--	46	54464	买盘
14:43:45	11.84	0.01	135	159840	买盘
14:43:40	11.83	--	48	56784	卖盘
14:43:35	11.83	-0.01	11	13013	卖盘
14:43:30	11.84	0.01	820	970880	买盘
14:43:24	11.83	--	15	17745	卖盘
14:43:20	11.83	--	36	42588	卖盘
14:43:15	11.83	--	102	120666	卖盘
14:43:09	11.83	0.01	1280	1514594	买盘
14:43:05	11.82	-0.01	305	360510	卖盘
14:42:59	11.83	--	10	11830	买盘
14:42:54	11.83	--	14	16562	买盘
14:42:48	11.83	--	5	5915	买盘
14:42:44	11.83	--	123	145509	买盘
14:42:39	11.83	0.01	36	42588	买盘
14:42:33	11.82	-0.01	104	123755	卖盘
14:42:29	11.83	--	10	12184	买盘
14:42:24	11.83	--	133	157339	买盘
14:42:18	11.83	0.01	17	20111	买盘
14:42:15	11.82	--	160	189120	卖盘
14:42:09	11.82	-0.01	89	105198	卖盘
14:42:03	11.83	0.01	46	54418	买盘
14:41:59	11.82	-0.01	3	3546	卖盘
14:41:54	11.83	0.01	28	33124	买盘
14:41:49	11.82	--	3	3546	卖盘
14:41:44	11.82	--	322	380604	买盘
14:41:39	11.82	--	100	118200	买盘
14:41:33	11.82	--	15	17730	买盘
14:41:30	11.82	0.01	544	643008	买盘
14:41:25	11.81	--	16	18896	卖盘
14:41:18	11.81	-0.01	17	20077	卖盘
14:41:15	11.82	--	89	105198	买盘
14:41:09	11.82	0.01	99	117018	买盘
14:41:03	11.81	--	55	64955	卖盘
14:40:59	11.81	-0.01	214	252734	卖盘
14:40:54	11.82	0.01	592	699744	买盘
14:40:48	11.81	--	3	3543	卖盘
14:40:44	11.81	-0.01	24	28344	卖盘
14:40:40	11.82	0.01	106	125292	买盘
14:40:33	11.81	0.01	51	60231	买盘
14:40:29	11.8	-0.01	24	28320	卖盘
14:40:24	11.81	--	212	250372	卖盘
14:40:18	11.81	--	144	170064	卖盘
14:40:14	11.81	--	63	74403	卖盘
14:40:09	11.81	--	98	115738	卖盘
14:40:04	11.81	--	30	35430	卖盘
14:40:00	11.81	--	108	127548	卖盘
14:39:54	11.81	-0.01	132	155892	卖盘
14:39:48	11.82	--	2	2364	买盘
14:39:44	11.82	--	76	89832	买盘
14:39:40	11.82	--	398	470436	卖盘
14:39:34	11.82	--	6	7092	卖盘
14:39:29	11.82	--	91	107562	卖盘
14:39:24	11.82	--	31	36642	卖盘
14:39:14	11.82	--	122	144204	卖盘
14:39:10	11.82	--	12	14184	卖盘
14:39:03	11.82	--	32	37824	卖盘
14:39:00	11.82	--	115	135930	卖盘
14:38:55	11.82	--	97	114654	卖盘
14:38:48	11.82	0.01	27	31914	买盘
14:38:44	11.81	--	213	251553	卖盘
14:38:39	11.81	-0.01	98	115738	卖盘
14:38:29	11.82	--	61	72102	买盘
14:38:24	11.82	--	14	17375	卖盘
14:38:18	11.82	-0.01	57	67374	卖盘
14:38:14	11.83	--	96	113568	买盘
14:38:09	11.83	--	480	567840	买盘
14:38:03	11.83	--	1	1183	买盘
14:37:59	11.83	0.01	113	133679	买盘
14:37:54	11.82	--	39	46098	卖盘
14:37:48	11.82	--	46	54372	卖盘
14:37:44	11.82	-0.01	103	121746	卖盘
14:37:39	11.83	--	475	561925	卖盘
14:37:33	11.83	--	34	40222	卖盘
14:37:29	11.83	-0.01	78	92274	卖盘
14:37:24	11.84	--	63	74592	卖盘
14:37:18	11.84	-0.01	3	3552	卖盘
14:37:14	11.85	--	10	12608	卖盘
14:37:09	11.85	--	1353	1603305	卖盘
14:37:03	11.85	-0.01	247	292695	卖盘
14:36:59	11.86	--	327	387822	买盘
14:36:54	11.86	--	531	629766	买盘
14:36:48	11.86	0.01	11	13046	买盘
14:36:43	11.85	-0.01	2	2370	卖盘
14:36:39	11.86	-0.01	4	4744	中性盘
14:36:33	11.87	0.01	566	671842	买盘
14:36:29	11.86	-0.01	483	572838	卖盘
14:36:24	11.87	--	159	188733	买盘
14:36:18	11.87	--	40	47480	买盘
14:36:08	11.87	0.01	5	5935	买盘
14:36:03	11.86	-0.01	79	93694	卖盘
14:35:57	11.87	--	220	261139	买盘
14:35:54	11.87	0.01	104	123447	买盘
14:35:48	11.86	--	1	1186	卖盘
14:35:42	11.86	-0.01	6	7116	卖盘
14:35:38	11.87	0.02	365	433255	买盘
14:35:33	11.85	-0.01	868	1029006	卖盘
14:35:23	11.86	0.01	34	40324	买盘
14:35:19	11.85	--	76	90060	卖盘
14:35:13	11.85	--	56	66360	卖盘
14:35:08	11.85	--	110	130350	卖盘
14:35:03	11.85	--	12	14220	卖盘
14:34:57	11.85	0.02	1024	1213440	买盘
14:34:53	11.83	-0.01	191	225953	卖盘
14:34:48	11.84	--	14	16576	买盘
14:34:42	11.84	--	37	43808	买盘
14:34:38	11.84	0.01	9	10656	买盘
14:34:33	11.83	-0.01	29	34307	卖盘
14:34:27	11.84	--	9	10656	买盘
14:34:23	11.84	0.01	49	58016	买盘
14:34:18	11.83	-0.01	45	53235	卖盘
14:34:12	11.84	--	50	59200	买盘
14:34:09	11.84	--	59	69856	买盘
14:34:03	11.84	--	17	20128	买盘
14:33:57	11.84	-0.01	5	5920	卖盘
14:33:54	11.85	0.01	302	357870	买盘
14:33:48	11.84	--	9	10656	买盘
14:33:42	11.84	--	5	5920	买盘
14:33:38	11.84	--	125	148000	买盘
14:33:33	11.84	-0.01	433	512672	卖盘
14:33:27	11.85	--	1	1185	买盘
14:33:23	11.85	--	5	5925	买盘
14:33:18	11.85	0.01	7	8295	买盘
14:33:08	11.84	--	206	243904	买盘
14:33:03	11.84	--	10	11840	买盘
14:32:57	11.84	0.01	1	1184	买盘
14:32:48	11.83	-0.01	71	83993	卖盘
14:32:42	11.84	--	8	9472	买盘
14:32:38	11.84	--	71	84064	买盘
14:32:33	11.84	-0.01	119	140896	卖盘
14:32:27	11.85	--	4	4740	买盘
14:32:18	11.85	--	164	194340	买盘
14:32:12	11.85	0.01	19	22515	买盘
14:32:09	11.84	-0.01	34	40256	卖盘
14:32:03	11.85	--	96	113760	买盘
14:31:53	11.85	--	34	40290	买盘
14:31:48	11.85	--	13	15405	买盘
14:31:42	11.85	0.01	85	100725	买盘
14:31:38	11.84	-0.01	2	2368	卖盘
14:31:33	11.85	0.02	79	93615	买盘
14:31:27	11.83	-0.01	505	597415	卖盘
14:31:23	11.84	--	44	52096	卖盘
14:31:18	11.84	0.01	38	44992	买盘
14:31:13	11.83	-0.01	38	44954	卖盘
14:31:08	11.84	0.01	75	88800	买盘
14:31:03	11.83	-0.01	24	28392	卖盘
14:30:57	11.84	0.01	4	4736	买盘
14:30:53	11.83	--	74	87542	卖盘
14:30:48	11.83	-0.01	523	618709	卖盘
14:30:42	11.84	0.01	22	26048	中性盘
14:30:38	11.83	--	108	127764	卖盘
14:30:33	11.83	--	110	130130	卖盘
14:30:23	11.83	-0.01	2	2366	卖盘
14:30:12	11.84	--	129	152736	卖盘
14:30:06	11.84	0.01	305	361120	买盘
14:30:03	11.83	0.01	73	86359	买盘
14:29:57	11.82	-0.01	437	516534	卖盘
14:29:53	11.83	-0.01	192	227136	卖盘
14:29:47	11.84	--	30	35520	卖盘
14:29:43	11.84	--	205	242720	买盘
14:29:38	11.84	--	12	14208	买盘
14:29:27	11.84	--	62	73408	卖盘
14:29:21	11.84	-0.01	51	60384	卖盘
14:29:18	11.85	0.01	5	5925	买盘
14:29:12	11.84	-0.02	315	372960	卖盘
14:29:06	11.86	--	95	112670	买盘
14:29:03	11.86	--	219	259734	买盘
14:28:57	11.86	--	98	116228	买盘
14:28:52	11.86	--	20	23720	买盘
14:28:47	11.86	0.01	5	5930	买盘
14:28:42	11.85	-0.01	42	49770	卖盘
14:28:36	11.86	-0.01	3635	4311869	卖盘
14:28:33	11.87	--	18	21366	卖盘
14:28:27	11.87	-0.01	10	11870	卖盘
14:28:21	11.88	0.01	6	7128	买盘
14:28:17	11.87	--	255	302685	卖盘
14:28:12	11.87	-0.01	20	23740	卖盘
14:28:06	11.88	--	56	66528	买盘
14:28:02	11.88	0.01	15	17820	买盘
14:27:57	11.87	-0.01	120	142440	卖盘
14:27:51	11.88	--	15	17820	买盘
14:27:47	11.88	0.01	63	74844	买盘
14:27:36	11.87	-0.01	25	29674	卖盘
14:27:32	11.88	0.01	20	23760	卖盘
14:27:27	11.87	--	49	58162	卖盘
14:27:21	11.87	--	95	112764	卖盘
14:27:17	11.87	--	50	59349	卖盘
14:27:13	11.87	--	18	21366	卖盘
14:27:06	11.87	--	3	3560	卖盘
14:27:03	11.87	--	312	370344	卖盘
14:26:57	11.87	-0.01	382	453433	卖盘
14:26:51	11.88	--	8	9504	买盘
14:26:48	11.88	0.01	48	57024	买盘
14:26:42	11.87	-0.01	62	73594	卖盘
14:26:36	11.88	--	39	46332	买盘
14:26:32	11.88	--	33	39204	买盘
14:26:27	11.88	--	15	17820	买盘
14:26:18	11.88	--	17	20196	买盘
14:26:12	11.88	-0.01	853	1013364	卖盘
14:26:06	11.89	--	303	360267	买盘
14:26:01	11.89	0.01	65	77285	买盘
14:25:57	11.88	-0.01	19	22572	卖盘
14:25:51	11.89	--	13	15457	买盘
14:25:47	11.89	--	1037	1232993	买盘
14:25:42	11.89	--	16	19024	买盘
14:25:37	11.89	--	5	5945	买盘
14:25:32	11.89	--	238	282982	卖盘
14:25:27	11.89	--	53	63017	卖盘
14:25:21	11.89	--	1034	1229426	买盘
14:25:17	11.89	--	105	124845	买盘
14:25:06	11.89	--	114	135546	买盘
14:25:02	11.89	0.01	40	47560	买盘
14:24:57	11.88	0.01	374	444312	买盘
14:24:51	11.87	-0.01	35	41545	卖盘
14:24:47	11.88	--	204	242352	买盘
14:24:42	11.88	--	123	146124	买盘
14:24:36	11.88	0.01	82	97416	买盘
14:24:32	11.87	-0.01	223	264701	卖盘
14:24:27	11.88	--	123	146124	买盘
14:24:21	11.88	0.01	26	30888	买盘
14:24:16	11.87	-0.01	235	278945	卖盘
14:24:12	11.88	--	86	102168	卖盘
14:24:02	11.88	-0.01	936	1111968	卖盘
14:23:57	11.89	0.01	23	27347	买盘
14:23:51	11.88	-0.01	307	364716	卖盘
14:23:47	11.89	--	1229	1461281	买盘
14:23:42	11.89	--	441	524349	卖盘
14:23:36	11.89	-0.01	174	206886	卖盘
14:23:31	11.9	0.01	35	41650	买盘
14:23:27	11.89	--	262	311672	卖盘
14:23:21	11.89	--	191	227099	卖盘
14:23:17	11.89	--	35	41615	卖盘
14:23:12	11.89	--	11	13079	卖盘
14:23:06	11.89	--	117	139113	卖盘
14:23:01	11.89	-0.01	6	7134	卖盘
14:22:57	11.9	--	63	74970	买盘
14:22:51	11.9	--	63	74970	卖盘
14:22:47	11.9	--	52	61880	卖盘
14:22:41	11.9	0.01	1407	1674330	买盘
14:22:36	11.89	--	32	38048	卖盘
14:22:30	11.89	--	152	180728	卖盘
14:22:26	11.89	-0.01	142	168838	卖盘
14:22:21	11.9	--	71	84490	买盘
14:22:15	11.9	--	32	38080	买盘
14:22:11	11.9	0.01	18	21420	买盘
14:22:06	11.89	-0.01	110	130790	卖盘
14:22:00	11.9	--	449	534310	买盘
14:21:56	11.9	--	22	26180	买盘
14:21:51	11.9	0.01	22	26180	买盘
14:21:45	11.89	-0.01	58	68962	卖盘
14:21:41	11.9	--	223	265370	卖盘
14:21:36	11.9	--	414	492660	卖盘
14:21:30	11.9	-0.01	37	44030	卖盘
14:21:26	11.91	0.01	129	153639	买盘
14:21:21	11.9	--	289	343910	卖盘
14:21:15	11.9	--	99	117810	卖盘
14:21:11	11.9	-0.01	85	101150	卖盘
14:21:06	11.91	0.01	303	360873	买盘
14:21:00	11.9	--	67	79730	卖盘
14:20:56	11.9	-0.01	155	184450	卖盘
14:20:51	11.91	0.01	142	169122	买盘
14:20:45	11.9	-0.01	222	264180	卖盘
14:20:41	11.91	--	141	167931	买盘
14:20:36	11.91	0.01	65	77415	买盘
14:20:30	11.9	--	8	9520	卖盘
14:20:26	11.9	-0.01	157	186830	卖盘
14:20:21	11.91	--	192	228672	卖盘
14:20:15	11.91	-0.01	82	97662	卖盘
14:20:11	11.92	--	781	930952	买盘
14:20:06	11.92	0.01	100	119200	买盘
14:20:00	11.91	-0.02	192	228672	卖盘
14:19:56	11.93	--	237	282741	买盘
14:19:51	11.93	--	403	480779	卖盘
14:19:45	11.93	--	282	336426	买盘
14:19:41	11.93	--	366	436638	买盘
14:19:36	11.93	0.01	484	577412	买盘
14:19:30	11.92	--	68	81056	卖盘
14:19:26	11.92	--	1342	1599664	卖盘
14:19:21	11.92	--	524	624608	买盘
14:19:15	11.92	--	161	191912	买盘
14:19:11	11.92	0.01	164	195488	买盘
14:19:06	11.91	-0.01	283	337053	中性盘
14:19:00	11.92	0.01	248	295616	买盘
14:18:56	11.91	--	483	575253	买盘
14:18:51	11.91	0.02	1532	1824612	买盘
14:18:45	11.89	--	12	14268	卖盘
14:18:41	11.89	--	1160	1379240	卖盘
14:18:36	11.89	--	1485	1765665	买盘
14:18:30	11.89	--	12	14268	买盘
14:18:26	11.89	--	297	353133	买盘
14:18:21	11.89	0.01	860	1022540	买盘
14:18:15	11.88	--	1597	1897236	买盘
14:18:11	11.88	--	91	108108	买盘
14:18:06	11.88	0.01	412	489456	买盘
14:18:00	11.87	--	63	74781	卖盘
14:17:56	11.87	--	20	23740	卖盘
14:17:51	11.87	--	88	104456	卖盘
14:17:45	11.87	-0.01	32	37984	卖盘
14:17:40	11.88	0.01	242	287769	买盘
14:17:36	11.87	0.01	237	281319	买盘
14:17:30	11.86	--	18	21348	卖盘
14:17:25	11.86	-0.01	226	268036	卖盘
14:17:21	11.87	--	383	454620	买盘
14:17:15	11.87	--	62	73594	买盘
14:17:11	11.87	--	136	161432	买盘
14:17:06	11.87	0.01	515	611305	买盘
14:17:00	11.86	--	1	1186	卖盘
14:16:55	11.86	--	93	110298	卖盘
14:16:51	11.86	-0.01	79	93694	卖盘
14:16:45	11.87	--	15	17805	买盘
14:16:39	11.87	--	21	24927	买盘
14:16:36	11.87	0.01	12	14243	买盘
14:16:30	11.86	-0.01	41	48626	卖盘
14:16:24	11.87	--	9	10683	买盘
14:16:21	11.87	--	23	27301	买盘
14:16:15	11.87	--	97	115138	买盘
14:16:06	11.87	0.01	44	52228	买盘
14:16:00	11.86	-0.01	61	72346	卖盘
14:15:54	11.87	0.01	5	5935	买盘
14:15:50	11.86	-0.01	141	167226	卖盘
14:15:45	11.87	--	24	28487	买盘
14:15:39	11.87	--	81	96147	买盘
14:15:35	11.87	--	248	294376	买盘
14:15:31	11.87	--	201	238586	卖盘
14:15:24	11.87	-0.01	122	144814	卖盘
14:15:20	11.88	--	172	204336	买盘
14:15:15	11.88	--	174	206712	买盘
14:15:09	11.88	--	114	135432	买盘
14:15:05	11.88	0.01	175	207900	买盘
14:15:00	11.87	-0.01	16	18992	卖盘
14:14:54	11.88	--	53	62964	买盘
14:14:50	11.88	--	261	310068	买盘
14:14:45	11.88	0.01	16	19008	买盘
14:14:39	11.87	--	33	39171	卖盘
14:14:35	11.87	0.01	131	155497	卖盘
14:14:30	11.86	--	1320	1565520	卖盘
14:14:24	11.86	--	4	4744	卖盘
14:14:20	11.86	--	39	46254	卖盘
14:14:15	11.86	--	824	977264	买盘
14:14:05	11.86	--	191	226526	买盘
14:14:00	11.86	--	131	155366	买盘
14:13:54	11.86	--	69	81834	买盘
14:13:50	11.86	--	111	131646	买盘
14:13:45	11.86	--	213	252618	买盘
14:13:39	11.86	-0.01	66	78276	中性盘
14:13:35	11.87	0.01	575	682525	买盘
14:13:30	11.86	--	589	698554	卖盘
14:13:24	11.86	--	1020	1209720	卖盘
14:13:20	11.86	--	396	469656	卖盘
14:13:15	11.86	0.02	944	1119584	买盘
14:13:05	11.84	-0.01	46	54464	卖盘
14:13:00	11.85	0.01	3017	3575145	买盘
14:12:50	11.84	0.02	5	5920	买盘
14:12:45	11.82	-0.03	2483	2934906	卖盘
14:12:39	11.85	0.01	46	54510	买盘
14:12:35	11.84	--	69	81696	卖盘
14:12:30	11.84	-0.01	24	28416	卖盘
14:12:24	11.85	0.01	5	5925	买盘
14:12:20	11.84	--	21	24864	卖盘
14:12:15	11.84	--	193	228512	买盘
14:12:09	11.84	0.01	300	355200	买盘
14:12:05	11.83	--	10	11830	卖盘
14:12:00	11.83	-0.01	7	8281	卖盘
14:11:54	11.84	0.01	100	118400	买盘
14:11:50	11.83	--	21	24843	卖盘
14:11:45	11.83	-0.01	131	154973	卖盘
14:11:39	11.84	0.01	43	50912	买盘
14:11:35	11.83	--	166	196378	卖盘
14:11:30	11.83	-0.01	2	2366	卖盘
14:11:24	11.84	0.01	9	10656	买盘
14:11:20	11.83	--	8	9464	卖盘
14:11:15	11.83	--	134	158522	卖盘
14:11:09	11.83	-0.01	1	1183	卖盘
14:11:05	11.84	0.01	30	35520	买盘
14:11:00	11.83	--	1	1183	卖盘
14:10:54	11.83	--	40	47320	卖盘
14:10:49	11.83	--	22	26026	卖盘
14:10:45	11.83	--	63	74529	卖盘
14:10:39	11.83	--	0	354	卖盘
14:10:34	11.83	-0.01	8	9464	卖盘
14:10:30	11.84	--	50	59200	买盘
14:10:24	11.84	0.01	11	13024	买盘
14:10:20	11.83	-0.01	24	28392	卖盘
14:10:15	11.84	--	96	113664	买盘
14:10:09	11.84	0.01	17	20128	买盘
14:10:04	11.83	-0.01	240	283920	卖盘
14:10:00	11.84	--	29	34336	买盘
14:09:54	11.84	0.01	3	3552	买盘
14:09:49	11.83	-0.01	210	248430	卖盘
14:09:45	11.84	--	59	69856	买盘
14:09:39	11.84	--	8	9472	买盘
14:09:35	11.84	0.01	26	30784	买盘
14:09:30	11.83	--	180	212940	卖盘
14:09:24	11.83	--	63	74529	卖盘
14:09:19	11.83	-0.01	34	40222	卖盘
14:09:15	11.84	--	10	11840	买盘
14:09:09	11.84	0.01	74	87616	买盘
14:09:03	11.83	-0.01	52	61516	卖盘
14:08:59	11.84	--	71	84064	买盘
14:08:54	11.84	--	26	30784	买盘
14:08:48	11.84	0.01	109	129056	买盘
14:08:44	11.83	-0.01	1	1183	卖盘
14:08:29	11.84	0.02	421	498464	买盘
14:08:24	11.82	-0.01	53	62646	卖盘
14:08:18	11.83	--	529	625807	买盘
14:08:14	11.83	0.01	4	4732	买盘
14:08:03	11.82	--	10	11820	卖盘
14:07:59	11.82	-0.01	25	29550	卖盘
14:07:54	11.83	0.01	50	59150	买盘
14:07:48	11.82	--	8	9456	卖盘
14:07:44	11.82	0.01	591	698562	买盘
14:07:39	11.81	--	56	66136	卖盘
14:07:33	11.81	--	25	29525	卖盘
14:07:29	11.81	--	44	51964	买盘
14:07:24	11.81	--	110	129910	买盘
14:07:18	11.81	--	3	3543	买盘
14:07:14	11.81	-0.01	94	111014	卖盘
14:07:09	11.82	--	18	21276	买盘
14:07:03	11.82	--	2	2364	买盘
14:06:59	11.82	0.01	335	395970	买盘
14:06:54	11.81	--	52	61412	卖盘
14:06:48	11.81	-0.01	7	8267	卖盘
14:06:44	11.82	0.01	3	3546	买盘
14:06:39	11.81	--	105	124005	卖盘
14:06:33	11.81	--	15	17715	卖盘
14:06:29	11.81	-0.01	48	56688	卖盘
14:06:24	11.82	--	8	9456	买盘
14:06:18	11.82	0.01	5	5910	买盘
14:06:14	11.81	-0.01	44	51964	卖盘
14:06:09	11.82	--	5	5910	买盘
14:05:59	11.82	--	9	10638	买盘
14:05:48	11.82	--	10	11820	买盘
14:05:39	11.82	--	29	34278	买盘
14:05:29	11.82	--	22	26004	买盘
14:05:24	11.82	--	28	33096	买盘
14:05:14	11.82	0.01	10	11820	买盘
14:05:09	11.81	-0.01	25	29525	卖盘
14:04:59	11.82	--	28	33096	买盘
14:04:54	11.82	--	105	124110	买盘
14:04:48	11.82	--	511	604002	买盘
14:04:44	11.82	--	8	9456	买盘
14:04:39	11.82	--	2	2364	买盘
14:04:29	11.82	-0.01	48	56736	卖盘
14:04:24	11.83	0.01	143	169169	买盘
14:04:18	11.82	--	119	140658	卖盘
14:04:14	11.82	-0.01	104	122928	卖盘
14:04:09	11.83	--	105	124215	买盘
14:03:58	11.83	0.01	225	266175	买盘
14:03:54	11.82	-0.01	5	5910	卖盘
14:03:48	11.83	0.01	10	11830	买盘
14:03:43	11.82	-0.01	200	236400	卖盘
14:03:39	11.83	--	10	11830	买盘
14:03:33	11.83	0.01	63	74529	买盘
14:03:29	11.82	-0.01	28	33096	卖盘
14:03:24	11.83	--	102	120666	买盘
14:03:18	11.83	0.01	5	5915	买盘
14:03:09	11.82	-0.01	147	173754	卖盘
14:03:03	11.83	0.01	18	21294	买盘
14:02:58	11.82	--	72	85104	买盘
14:02:54	11.82	--	46	54372	买盘
14:02:48	11.82	--	6	7092	买盘
14:02:43	11.82	--	105	124110	卖盘
14:02:39	11.82	--	32	37824	卖盘
14:02:33	11.82	-0.01	156	184392	卖盘
14:02:29	11.83	0.01	4	4732	买盘
14:02:24	11.82	--	70	82740	卖盘
14:02:18	11.82	-0.01	10	11820	卖盘
14:02:13	11.83	0.01	55	65065	买盘
14:02:08	11.82	-0.01	136	160752	卖盘
14:02:03	11.83	0.01	336	397488	买盘
14:01:57	11.82	--	20	23640	卖盘
14:01:53	11.82	--	63	74466	卖盘
14:01:48	11.82	--	41	48462	卖盘
14:01:42	11.82	-0.01	12	14184	卖盘
14:01:38	11.83	--	51	60333	买盘
14:01:33	11.83	0.01	104	123032	买盘
14:01:27	11.82	-0.01	4	4728	卖盘
14:01:23	11.83	--	25	29575	买盘
14:01:18	11.83	--	65	76895	买盘
14:01:08	11.83	--	48	56784	卖盘
14:01:03	11.83	-0.01	35	41405	卖盘
14:00:57	11.84	0.01	8	9472	买盘
14:00:53	11.83	-0.01	24	28392	卖盘
14:00:48	11.84	0.01	7	8288	买盘
14:00:42	11.83	-0.01	5	5915	卖盘
14:00:38	11.84	--	79	93536	买盘
14:00:33	11.84	0.01	618	731712	买盘
14:00:27	11.83	-0.01	18	21294	卖盘
14:00:23	11.84	0.01	581	687904	买盘
14:00:18	11.83	--	409	483847	卖盘
14:00:08	11.83	-0.01	564	667212	卖盘
14:00:03	11.84	0.01	18	21312	买盘
13:59:57	11.83	--	190	224770	卖盘
13:59:53	11.83	-0.01	536	634088	卖盘
13:59:48	11.84	0.01	7	8288	买盘
13:59:42	11.83	-0.01	737	871871	卖盘
13:59:38	11.84	0.01	927	1097568	买盘
13:59:33	11.83	-0.01	27	31941	卖盘
13:59:27	11.84	0.01	26	30784	买盘
13:59:23	11.83	-0.01	191	225953	卖盘
13:59:18	11.84	--	70	82880	买盘
13:59:08	11.84	--	535	633440	卖盘
13:59:03	11.84	-0.01	375	444000	卖盘
13:58:57	11.85	--	98	116130	买盘
13:58:53	11.85	--	50	59250	买盘
13:58:48	11.85	--	19	22515	买盘
13:58:42	11.85	--	38	45030	买盘
13:58:38	11.85	-0.01	182	215895	卖盘
13:58:33	11.86	0.01	108	128088	买盘
13:58:27	11.85	--	63	74655	卖盘
13:58:23	11.85	-0.01	53	62805	卖盘
13:58:18	11.86	0.01	35	41510	买盘
13:58:12	11.85	-0.01	57	67545	卖盘
13:58:08	11.86	0.01	212	251432	买盘
13:58:03	11.85	-0.01	276	327060	卖盘
13:57:57	11.86	--	57	67602	买盘
13:57:53	11.86	--	208	246688	买盘
13:57:48	11.86	--	71	84206	买盘
13:57:42	11.86	--	30	35580	买盘
13:57:38	11.86	--	310	367660	卖盘
13:57:33	11.86	0.01	657	779202	买盘
13:57:27	11.85	--	109	129165	卖盘
13:57:23	11.85	-0.01	162	191970	卖盘
13:57:18	11.86	--	78	92508	买盘
13:57:12	11.86	--	10	11860	买盘
13:57:08	11.86	--	415	492190	买盘
13:57:03	11.86	0.01	180	213480	买盘
13:56:57	11.85	--	70	82950	卖盘
13:56:53	11.85	-0.01	193	228705	卖盘
13:56:48	11.86	0.01	55	65230	买盘
13:56:42	11.85	-0.01	40	47400	卖盘
13:56:37	11.86	0.01	146	173156	买盘
13:56:33	11.85	0.01	470	557909	买盘
13:56:27	11.84	-0.01	152	179968	卖盘
13:56:22	11.85	--	81	95985	买盘
13:56:18	11.85	0.01	455	539175	买盘
13:56:12	11.84	-0.01	102	120768	卖盘
13:56:06	11.85	--	26	30810	买盘
13:56:03	11.85	--	1889	2238465	买盘
13:55:57	11.85	0.02	1044	1237140	买盘
13:55:52	11.83	-0.01	120	141960	卖盘
13:55:42	11.84	0.01	1092	1292928	买盘
13:55:38	11.83	--	8	9464	买盘
13:55:33	11.83	--	69	81627	买盘
13:55:27	11.83	--	26	30758	买盘
13:55:21	11.83	--	34	40222	买盘
13:55:18	11.83	--	465	550095	卖盘
13:55:12	11.83	-0.01	735	869505	卖盘
13:55:06	11.84	0.01	1	1184	买盘
13:55:02	11.83	--	508	600964	卖盘
13:54:57	11.83	-0.01	402	475566	卖盘
13:54:51	11.84	--	119	140896	买盘
13:54:47	11.84	-0.01	352	416768	卖盘
13:54:42	11.85	0.01	397	470445	买盘
13:54:36	11.84	--	503	595552	买盘
13:54:32	11.84	--	289	342176	买盘
13:54:27	11.84	--	190	224960	买盘
13:54:21	11.84	0.01	123	145632	买盘
13:54:17	11.83	-0.01	133	157339	卖盘
13:54:12	11.84	--	121	143264	买盘
13:54:06	11.84	--	38	44992	买盘
13:54:02	11.84	0.01	122	144448	买盘
13:53:57	11.83	--	81	95823	卖盘
13:53:51	11.83	-0.01	8	9464	卖盘
13:53:47	11.84	0.01	320	378880	买盘
13:53:42	11.83	--	186	220038	买盘
13:53:32	11.83	0.01	546	645918	买盘
13:53:27	11.82	--	1230	1453860	买盘
13:53:21	11.82	--	15	17730	买盘
13:53:17	11.82	--	15	17730	买盘
13:53:06	11.82	0.01	5	5910	买盘
13:53:02	11.81	--	1423	1680563	买盘
13:52:57	11.81	0.01	117	138177	买盘
13:52:51	11.8	-0.01	19	22420	卖盘
13:52:42	11.81	0.01	59	69679	买盘
13:52:32	11.8	-0.01	5	5900	卖盘
13:52:27	11.81	--	25	29525	买盘
13:52:17	11.81	--	20	23620	买盘
13:52:12	11.81	--	9	10629	买盘
13:52:06	11.81	--	149	175969	买盘
13:52:02	11.81	--	135	159435	买盘
13:51:57	11.81	--	6	7086	买盘
13:51:46	11.81	0.01	30	35430	买盘
13:51:42	11.8	-0.01	26	30680	卖盘
13:51:36	11.81	0.01	180	212580	买盘
13:51:32	11.8	--	118	139240	卖盘
13:51:27	11.8	--	6	7080	卖盘
13:51:17	11.8	-0.01	149	175820	卖盘
13:51:12	11.81	0.01	62	73222	买盘
13:51:02	11.8	--	51	60180	卖盘
13:50:57	11.8	--	36	42480	卖盘
13:50:51	11.8	--	12	14160	买盘
13:50:47	11.8	-0.01	188	221840	卖盘
13:50:42	11.81	--	8	9448	买盘
13:50:31	11.81	--	32	37792	买盘
13:50:27	11.81	--	73	86213	买盘
13:50:21	11.81	0.01	45	53145	买盘
13:50:16	11.8	-0.01	1	1180	卖盘
13:50:12	11.81	--	5	5905	买盘
13:50:06	11.81	--	24	28344	买盘
13:50:02	11.81	--	13	15353	买盘
13:49:57	11.81	0.01	15	17715	买盘
13:49:51	11.8	-0.01	153	180540	卖盘
13:49:45	11.81	--	41	48421	买盘
13:49:42	11.81	--	90	106290	买盘
13:49:36	11.81	--	6	7086	买盘
13:49:31	11.81	--	78	92118	买盘
13:49:27	11.81	--	37	43697	买盘
13:49:16	11.81	--	17	20077	买盘
13:49:12	11.81	0.01	26	30706	买盘
13:49:06	11.8	--	36	42480	卖盘
13:49:02	11.8	--	41	48380	卖盘
13:48:57	11.8	--	207	244260	卖盘
13:48:51	11.8	--	16	18880	卖盘
13:48:36	11.8	0.01	967	1141060	买盘
13:48:30	11.79	--	90	106109	卖盘
13:48:26	11.79	--	6	7073	卖盘
13:48:21	11.79	-0.02	18	21222	卖盘
13:48:11	11.81	0.02	1064	1256584	买盘
13:48:06	11.79	--	13	15326	买盘
13:48:00	11.79	-0.01	148	174492	卖盘
13:47:56	11.8	0.01	160	188800	买盘
13:47:51	11.79	-0.01	231	272349	卖盘
13:47:45	11.8	--	3	3540	买盘
13:47:41	11.8	0.01	5	5900	买盘
13:47:36	11.79	-0.01	207	244052	卖盘
13:47:30	11.8	0.01	10	11800	买盘
13:47:26	11.79	-0.01	19	22401	卖盘
13:47:15	11.8	0.01	2	2360	买盘
13:47:11	11.79	--	28	33012	卖盘
13:47:06	11.79	-0.01	3	3536	卖盘
13:46:55	11.8	--	5	5900	买盘
13:46:51	11.8	--	20	23600	买盘
13:46:45	11.8	--	150	177000	买盘
13:46:41	11.8	--	53	62540	买盘
13:46:36	11.8	--	209	246620	卖盘
13:46:30	11.8	--	198	233640	买盘
13:46:26	11.8	--	5	5900	买盘
13:46:21	11.8	-0.01	115	135700	卖盘
13:46:15	11.81	--	25	29525	买盘
13:46:11	11.81	0.01	79	93299	买盘
13:46:06	11.8	-0.01	665	784700	卖盘
13:46:00	11.81	--	14	16534	买盘
13:45:56	11.81	--	94	111014	买盘
13:45:51	11.81	--	142	167702	买盘
13:45:45	11.81	--	4	4724	买盘
13:45:41	11.81	0.01	42	49602	买盘
13:45:36	11.8	--	73	86140	卖盘
13:45:30	11.8	--	102	120360	卖盘
13:45:26	11.8	-0.01	30	35400	卖盘
13:45:21	11.81	0.01	29	34249	买盘
13:45:15	11.8	--	12	14160	卖盘
13:45:11	11.8	--	61	71980	卖盘
13:45:06	11.8	-0.01	60	70800	卖盘
13:45:00	11.81	0.01	10	11810	买盘
13:44:56	11.8	--	32	37760	卖盘
13:44:51	11.8	--	50	59000	卖盘
13:44:45	11.8	--	3	3540	卖盘
13:44:36	11.8	-0.01	146	172280	卖盘
13:44:30	11.81	0.01	34	40154	买盘
13:44:26	11.8	-0.01	27	31860	卖盘
13:44:21	11.81	--	20	23620	买盘
13:44:15	11.81	--	11	12991	买盘
13:44:11	11.81	--	9	10629	买盘
13:44:06	11.81	--	148	174788	买盘
13:44:00	11.81	--	20	23620	买盘
13:43:55	11.81	--	45	53145	买盘
13:43:51	11.81	--	47	55507	买盘
13:43:45	11.81	--	26	30706	买盘
13:43:41	11.81	--	46	54326	买盘
13:43:36	11.81	--	183	216123	买盘
13:43:30	11.81	0.01	4	4724	买盘
13:43:26	11.8	-0.01	111	130980	卖盘
13:43:21	11.81	--	125	147625	买盘
13:43:15	11.81	--	41	48421	买盘
13:43:11	11.81	0.01	12	14172	买盘
13:43:06	11.8	-0.01	37	43660	卖盘
13:43:00	11.81	0.01	52	61412	买盘
13:42:54	11.8	--	11	12980	卖盘
13:42:51	11.8	--	5	5900	卖盘
13:42:45	11.8	--	166	195880	买盘
13:42:41	11.8	--	26	30680	买盘
13:42:36	11.8	0.01	70	82600	买盘
13:42:30	11.79	-0.01	64	75456	卖盘
13:42:25	11.8	--	50	59000	买盘
13:42:21	11.8	--	10	11800	买盘
13:42:15	11.8	--	157	185260	买盘
13:42:09	11.8	0.01	8	9440	买盘
13:42:06	11.79	--	5	5895	卖盘
13:42:00	11.79	--	330	389070	买盘
13:41:54	11.79	0.01	92	108467	买盘
13:41:50	11.78	-0.01	120	141360	卖盘
13:41:45	11.79	--	201	236978	买盘
13:41:35	11.79	--	20	23580	买盘
13:41:24	11.79	0.01	23	27116	买盘
13:41:05	11.78	0.01	1167	1374726	买盘
13:41:00	11.77	-0.01	252	296604	卖盘
13:40:54	11.78	--	185	217930	买盘
13:40:50	11.78	--	52	61256	买盘
13:40:45	11.78	--	4	4712	买盘
13:40:39	11.78	--	77	90706	买盘
13:40:34	11.78	--	13	15314	买盘
13:40:30	11.78	--	66	77748	买盘
13:40:20	11.78	0.01	633	745674	买盘
13:40:15	11.77	-0.01	5	5885	卖盘
13:40:09	11.78	--	1	1178	买盘
13:40:05	11.78	--	15	17670	买盘
13:39:54	11.78	0.01	3	3534	买盘
13:39:30	11.77	--	29	34133	卖盘
13:39:24	11.77	--	5	5885	卖盘
13:39:20	11.77	--	10	11770	卖盘
13:39:04	11.77	0.01	161	189497	买盘
13:39:00	11.76	--	16	18816	卖盘
13:38:54	11.76	-0.01	1	1176	卖盘
13:38:49	11.77	--	26	30602	买盘
13:38:45	11.77	--	14	16478	买盘
13:38:35	11.77	--	49	57673	卖盘
13:38:30	11.77	--	3	3531	卖盘
13:38:19	11.77	--	10	11770	卖盘
13:38:09	11.77	--	138	162426	卖盘
13:38:05	11.77	--	1	1177	卖盘
13:37:59	11.77	0.01	13	15301	买盘
13:37:49	11.76	-0.01	12	14112	卖盘
13:37:45	11.77	--	1118	1315886	买盘
13:37:39	11.77	0.01	28	32956	买盘
13:37:30	11.76	-0.01	5	5880	卖盘
13:37:19	11.77	--	100	117700	买盘
13:37:15	11.77	0.01	1	1177	买盘
13:37:04	11.76	-0.01	24	28224	卖盘
13:36:49	11.77	--	64	75328	买盘
13:36:45	11.77	--	9	10593	买盘
13:36:39	11.77	--	118	138886	卖盘
13:36:34	11.77	--	52	61204	卖盘
13:36:30	11.77	--	20	23540	卖盘
13:36:18	11.77	--	70	82390	卖盘
13:36:15	11.77	--	42	49434	卖盘
13:36:09	11.77	--	1	1177	卖盘
13:36:04	11.77	--	10	11770	卖盘
13:36:00	11.77	--	32	37664	卖盘
13:35:39	11.77	--	172	202444	买盘
13:35:30	11.77	--	10	11770	买盘
13:35:24	11.77	--	2	2354	买盘
13:35:18	11.77	-0.01	9	10593	买盘
13:35:09	11.78	--	0	0	买盘
13:35:03	11.78	0.01	633	745674	买盘
13:34:59	11.77	--	94	110638	买盘
13:34:54	11.77	--	102	120054	买盘
13:34:39	11.77	--	5	5885	买盘
13:34:33	11.77	--	68	80036	卖盘
13:34:24	11.77	--	11	12947	卖盘
13:34:14	11.77	--	494	581438	买盘
13:34:09	11.77	--	6	7062	买盘
13:33:59	11.77	0.01	16	18832	买盘
13:33:54	11.76	--	290	341040	卖盘
13:33:44	11.76	-0.01	8	9408	卖盘
13:33:39	11.77	--	24	28248	买盘
13:33:33	11.77	0.01	105	123585	买盘
13:33:29	11.76	-0.01	214	251664	卖盘
13:33:18	11.77	0.01	30	35310	买盘
13:33:14	11.76	-0.01	20	23520	卖盘
13:33:03	11.77	0.01	39	45903	买盘
13:32:44	11.76	-0.01	7	8232	卖盘
13:32:39	11.77	--	30	35310	买盘
13:32:33	11.77	--	7	8239	买盘
13:32:29	11.77	--	623	733271	卖盘
13:32:24	11.77	--	734	863918	卖盘
13:32:18	11.77	-0.01	20	23540	卖盘
13:32:09	11.78	-0.01	136	160208	买盘
13:31:59	11.79	--	0	0	买盘
13:31:54	11.79	0.01	202	238157	买盘
13:31:48	11.78	--	30	35340	卖盘
13:31:44	11.78	--	111	130758	买盘
13:31:39	11.78	0.01	100	117800	买盘
13:31:29	11.77	-0.01	11	12947	卖盘
13:31:24	11.78	0.01	7	8246	买盘
13:31:14	11.77	-0.01	29	34133	卖盘
13:31:09	11.78	0.01	1	1178	买盘
13:31:03	11.77	-0.01	17	20009	卖盘
13:30:59	11.78	--	30	35340	买盘
13:30:54	11.78	--	209	246202	卖盘
13:30:48	11.78	--	1	1178	买盘
13:30:44	11.78	--	36	42408	买盘
13:30:33	11.78	--	65	76570	买盘
13:30:28	11.78	0.01	34	40052	买盘
13:30:24	11.77	-0.01	72	84744	卖盘
13:30:14	11.78	-0.01	32	37696	卖盘
13:29:58	11.79	0.01	78	91962	买盘
13:29:48	11.78	--	5	5890	卖盘
13:29:44	11.78	--	8	9424	卖盘
13:29:39	11.78	--	499	587822	买盘
13:29:33	11.78	--	10	11780	买盘
13:29:29	11.78	--	17	20026	买盘
13:29:24	11.78	--	63	74214	买盘
13:29:18	11.78	0.01	3	3534	买盘
13:29:14	11.77	-0.01	67	78859	卖盘
13:29:09	11.78	--	40	47120	买盘
13:29:03	11.78	-0.01	10	11780	买盘
13:28:58	11.79	0.01	35	41265	买盘
13:28:54	11.78	--	12	14136	买盘
13:28:48	11.78	--	128	150784	买盘
13:28:44	11.78	--	1	1178	买盘
13:28:39	11.78	-0.01	306	360468	卖盘
13:28:33	11.79	0.01	24	28295	买盘
13:28:18	11.78	--	10	11780	卖盘
13:28:12	11.78	--	1	1178	卖盘
13:28:03	11.78	--	145	170810	买盘
13:27:57	11.78	0.01	102	120156	买盘
13:27:53	11.77	-0.01	56	65912	卖盘
13:27:48	11.78	--	75	88350	买盘
13:27:42	11.78	--	4	4712	买盘
13:27:38	11.78	0.01	81	95418	买盘
13:27:23	11.77	--	887	1043999	买盘
13:27:12	11.77	--	20	23540	买盘
13:27:08	11.77	--	20	23540	买盘
13:26:57	11.77	0.01	3	3531	买盘
13:26:53	11.76	-0.01	89	104664	卖盘
13:26:48	11.77	--	3	3531	买盘
13:26:42	11.77	--	7	8239	买盘
13:26:38	11.77	0.01	120	141240	买盘
13:26:33	11.76	-0.01	32	37632	卖盘
13:26:18	11.77	--	259	304843	买盘
13:26:03	11.77	--	2	2354	买盘
13:25:57	11.77	--	350	411950	买盘
13:25:53	11.77	--	10	11770	买盘
13:25:48	11.77	--	256	301312	卖盘
13:25:42	11.77	-0.01	11	12947	卖盘
13:25:38	11.78	0.01	15	17670	买盘
13:25:33	11.77	--	5	5885	卖盘
13:25:23	11.77	--	112	131824	买盘
13:25:18	11.77	--	18	21186	买盘
13:25:12	11.77	--	10	11770	卖盘
13:25:08	11.77	--	20	23540	买盘
13:24:57	11.77	0.01	179	210683	卖盘
13:24:53	11.76	--	5	5880	卖盘
13:24:48	11.76	-0.01	35	41160	卖盘
13:24:42	11.77	--	98	116122	买盘
13:24:38	11.77	--	39	45903	买盘
13:24:33	11.77	--	122	143594	买盘
13:24:18	11.77	-0.01	262	308774	卖盘
13:24:07	11.78	--	1	1178	买盘
13:24:03	11.78	0.01	39	45942	买盘
13:23:57	11.77	--	66	77682	卖盘
13:23:53	11.77	-0.01	29	34909	卖盘
13:23:48	11.78	--	19	22382	买盘
13:23:38	11.78	--	249	293322	买盘
13:23:22	11.78	--	244	287432	买盘
13:23:18	11.78	--	53	62434	买盘
13:23:12	11.78	0.01	10	11780	买盘
13:23:08	11.77	-0.01	5	5885	卖盘
13:23:03	11.78	--	213	250914	买盘
13:22:48	11.78	--	60	70680	买盘
13:22:42	11.78	--	16	18848	买盘
13:22:37	11.78	--	9	10602	买盘
13:22:33	11.78	0.01	10	11780	买盘
13:22:27	11.77	-0.01	2	2354	卖盘
13:22:18	11.78	--	28	32984	买盘
13:22:12	11.78	-0.01	1	1178	卖盘
13:22:07	11.79	0.01	16	18864	买盘
13:22:03	11.78	0.01	45	53010	买盘
13:21:57	11.77	-0.01	201	236577	卖盘
13:21:51	11.78	--	10	11780	买盘
13:21:47	11.78	--	30	35340	买盘
13:21:42	11.78	-0.01	244	287432	卖盘
13:21:36	11.79	0.01	12	14147	买盘
13:21:33	11.78	--	1	1178	卖盘
13:21:21	11.78	0.01	202	237956	买盘
13:21:17	11.77	-0.01	5	5885	卖盘
13:21:12	11.78	--	10	11780	买盘
13:21:06	11.78	0.01	24	28272	买盘
13:20:57	11.77	-0.01	411	483747	卖盘
13:20:47	11.78	--	60	70680	买盘
13:20:42	11.78	--	139	163742	卖盘
13:20:27	11.78	-0.01	202	237956	卖盘
13:20:21	11.79	--	6	7073	买盘
13:20:06	11.79	--	50	58949	买盘
13:20:02	11.79	--	10	11790	买盘
13:19:57	11.79	0.01	85	100215	买盘
13:19:51	11.78	-0.01	9	10602	卖盘
13:19:47	11.79	--	373	439766	卖盘
13:19:42	11.79	-0.01	33	38907	卖盘
13:19:36	11.8	--	3	3540	买盘
13:19:32	11.8	0.01	29	34220	买盘
13:19:27	11.79	-0.01	29	34191	卖盘
13:19:21	11.8	--	10	11800	买盘
13:19:17	11.8	--	9	10620	买盘
13:19:12	11.8	--	117	138060	买盘
13:19:06	11.8	0.01	24	28320	买盘
13:19:02	11.79	--	267	314793	卖盘
13:18:42	11.79	--	139	163881	买盘
13:18:32	11.79	0.01	5	5895	买盘
13:18:27	11.78	-0.01	61	71858	卖盘
13:18:21	11.79	--	10	11790	买盘
13:18:17	11.79	--	83	97857	买盘
13:18:12	11.79	--	3	3536	买盘
13:18:02	11.79	--	16	18864	买盘
13:17:57	11.79	0.01	352	415007	买盘
13:17:47	11.78	0.01	331	389918	买盘
13:17:36	11.77	--	200	235400	卖盘
13:17:32	11.77	-0.01	10	11770	卖盘
13:17:27	11.78	--	32	37696	买盘
13:17:21	11.78	--	10	11780	买盘
13:17:16	11.78	0.01	20	23560	买盘
13:17:06	11.77	-0.01	22	25894	卖盘
13:16:57	11.78	--	92	108376	买盘
13:16:51	11.78	0.01	1	1178	买盘
13:16:42	11.77	-0.01	111	130647	卖盘
13:16:36	11.78	0.01	5	5890	买盘
13:16:32	11.77	-0.01	57	67089	卖盘
13:16:21	11.78	--	22	25916	买盘
13:16:17	11.78	--	55	64790	买盘
13:16:12	11.78	-0.01	92	108376	买盘
13:16:06	11.79	--	10	11790	买盘
13:16:00	11.79	0.01	47	55412	买盘
13:15:57	11.78	0.01	20	23560	中性盘
13:15:51	11.77	-0.02	570	670890	卖盘
13:15:47	11.79	--	22	25937	买盘
13:15:42	11.79	0.01	5	5895	买盘
13:15:36	11.78	--	157	184946	卖盘
13:15:30	11.78	-0.01	12	14136	卖盘
13:15:21	11.79	--	55	64844	买盘
13:15:15	11.79	0.01	7	8253	买盘
13:15:11	11.78	--	1	1178	卖盘
13:15:06	11.78	-0.01	79	93062	卖盘
13:15:00	11.79	--	3	3536	买盘
13:14:56	11.79	0.01	35	41265	买盘
13:14:51	11.78	-0.01	125	147250	卖盘
13:14:45	11.79	0.01	15	17685	买盘
13:14:40	11.78	--	40	47120	买盘
13:14:36	11.78	--	93	109554	卖盘
13:14:30	11.78	--	56	65968	买盘
13:14:26	11.78	--	30	35340	买盘
13:14:20	11.78	--	31	36518	买盘
13:14:15	11.78	--	38	44764	买盘
13:14:11	11.78	--	86	101308	买盘
13:14:06	11.78	--	29	34162	买盘
13:14:00	11.78	--	48	56544	买盘
13:13:56	11.78	--	7	8246	买盘
13:13:45	11.78	--	107	126046	买盘
13:13:40	11.78	0.01	66	77748	买盘
13:13:36	11.77	-0.01	222	261294	卖盘
13:13:30	11.78	--	10	11780	买盘
13:13:26	11.78	--	62	73036	买盘
13:13:21	11.78	0.01	36	42408	买盘
13:13:06	11.77	--	55	64735	买盘
13:13:00	11.77	--	100	117700	买盘
13:12:56	11.77	--	179	210683	买盘
13:12:51	11.77	--	14	16478	买盘
13:12:45	11.77	0.01	50	58850	买盘
13:12:41	11.76	--	163	191688	卖盘
13:12:26	11.76	--	11	12936	卖盘
13:12:21	11.76	--	5	5880	卖盘
13:12:10	11.76	0.01	279	328104	买盘
13:12:06	11.75	--	25	29375	卖盘
13:11:56	11.75	--	3	3525	卖盘
13:11:50	11.75	--	205	240875	卖盘
13:11:41	11.75	--	42	49350	卖盘
13:11:36	11.75	--	14	16450	卖盘
13:11:30	11.75	--	70	82250	卖盘
13:11:21	11.75	-0.01	30	35250	卖盘
13:11:15	11.76	--	12	14112	买盘
13:11:11	11.76	--	10	11760	买盘
13:11:00	11.76	--	30	35280	买盘
13:10:56	11.76	0.01	10	11760	买盘
13:10:51	11.75	-0.01	14	16450	卖盘
13:10:45	11.76	0.01	10	11760	买盘
13:10:40	11.75	--	110	129250	卖盘
13:10:36	11.75	--	48	56400	卖盘
13:10:30	11.75	--	10	11750	卖盘
13:10:26	11.75	-0.01	30	35250	卖盘
13:10:21	11.76	--	100	117600	买盘
13:10:15	11.76	--	4	4704	买盘
13:10:09	11.76	--	13	15288	买盘
13:10:06	11.76	--	20	23520	买盘
13:10:00	11.76	--	1	1176	买盘
13:09:56	11.76	0.01	22	25872	买盘
13:09:51	11.75	-0.01	53	62275	卖盘
13:09:41	11.76	--	23	27048	买盘
13:09:36	11.76	--	10	11760	买盘
13:09:30	11.76	--	20	23520	中性盘
13:09:26	11.76	--	0	0	买盘
13:09:21	11.76	--	122	144412	卖盘
13:09:14	11.76	--	9	10584	卖盘
13:09:05	11.76	--	161	189336	卖盘
13:09:00	11.76	-0.01	27	31987	卖盘
13:08:56	11.77	0.01	14	16478	买盘
13:08:45	11.76	-0.01	2	2352	卖盘
13:08:36	11.77	--	20	23540	买盘
13:08:20	11.77	--	169	198913	买盘
13:08:09	11.77	--	9	10593	买盘
13:08:04	11.77	--	7	8239	买盘
13:08:00	11.77	-0.01	55	65676	卖盘
13:07:54	11.78	0.01	22	25916	买盘
13:07:50	11.77	--	11	12947	卖盘
13:07:39	11.77	--	4	4708	卖盘
13:07:34	11.77	--	192	226219	卖盘
13:07:19	11.77	-0.01	3	3531	卖盘
13:07:15	11.78	--	2	2356	买盘
13:07:05	11.78	--	9	10602	买盘
13:06:59	11.78	--	45	53010	买盘
13:06:50	11.78	--	30	35340	买盘
13:06:30	11.78	--	4	4712	买盘
13:06:24	11.78	--	73	85994	买盘
13:06:20	11.78	--	6	7068	买盘
13:06:04	11.78	0.01	25	29450	买盘
13:06:00	11.77	-0.01	10	11770	卖盘
13:05:54	11.78	0.01	34	40052	买盘
13:05:49	11.77	-0.01	127	149479	卖盘
13:05:45	11.78	--	6	7068	买盘
13:05:39	11.78	--	30	35340	买盘
13:05:35	11.78	--	5	5890	买盘
13:05:24	11.78	--	10	11780	买盘
13:05:19	11.78	--	4	4712	买盘
13:05:15	11.78	--	10	11780	买盘
13:05:05	11.78	--	10	11780	买盘
13:05:00	11.78	--	16	18848	买盘
13:04:54	11.78	0.01	8	9424	买盘
13:04:50	11.77	-0.01	5	5885	卖盘
13:04:45	11.78	--	30	35340	买盘
13:04:30	11.78	-0.01	5	5890	中性盘
13:04:20	11.79	0.01	21	24759	买盘
13:04:15	11.78	--	22	25916	卖盘
13:03:54	11.78	-0.01	12	14136	卖盘
13:03:49	11.79	0.01	4	4716	买盘
13:03:39	11.78	--	20	23560	卖盘
13:03:33	11.78	--	87	102486	卖盘
13:03:30	11.78	--	16	18848	卖盘
13:03:24	11.78	-0.01	63	74214	卖盘
13:03:09	11.79	0.01	2	2358	买盘
13:03:05	11.78	--	2	2356	卖盘
13:03:00	11.78	--	1	1178	卖盘
13:02:48	11.78	-0.01	10	11780	卖盘
13:02:45	11.79	0.01	50	58949	买盘
13:02:30	11.78	-0.01	18	21204	卖盘
13:02:17	11.79	--	40	47160	卖盘
13:02:14	11.79	0.01	10	11790	买盘
13:02:09	11.78	-0.02	58	68324	卖盘
13:02:03	11.8	--	0	0	买盘
13:02:00	11.8	0.01	180	212400	买盘
13:01:54	11.79	--	114	134406	卖盘
13:01:48	11.79	-0.01	601	708579	卖盘
13:01:45	11.8	--	98	116584	卖盘
13:01:33	11.8	--	6	7080	卖盘
13:01:29	11.8	--	49	58056	买盘
13:01:12	11.8	--	8	9440	买盘
13:01:09	11.8	--	42	49560	卖盘
13:01:03	11.8	--	80	94400	卖盘
13:00:57	11.8	-0.01	51	60180	卖盘
13:00:39	11.81	--	17	20077	买盘
13:00:33	11.81	0.01	8	9448	买盘
13:00:29	11.8	-0.01	182	214760	卖盘
13:00:24	11.81	--	102	120462	买盘
13:00:13	11.81	--	26	30706	买盘
13:00:09	11.81	--	348	410988	卖盘
13:00:03	11.81	0.01	595	702695	中性盘
11:30:00	11.8	--	0	0	卖盘
11:30:00	11.8	--	0	0	卖盘
11:29:55	11.8	-0.02	2002	2362360	卖盘
11:29:44	11.82	--	2	2364	买盘
11:29:40	11.82	--	30	35460	买盘
11:29:35	11.82	--	29	34278	买盘
11:29:29	11.82	--	28	33096	买盘
11:29:25	11.82	--	76	89832	买盘
11:29:20	11.82	0.01	13	15366	买盘
11:29:13	11.81	--	99	116919	卖盘
11:29:10	11.81	-0.01	20	23620	卖盘
11:29:05	11.82	0.01	168	198576	买盘
11:28:59	11.81	--	17	20077	卖盘
11:28:55	11.81	--	3	3543	卖盘
11:28:50	11.81	-0.01	12	14172	卖盘
11:28:44	11.82	--	20	23640	买盘
11:28:40	11.82	0.01	34	40188	买盘
11:28:35	11.81	--	5	5905	卖盘
11:28:29	11.81	--	3	3543	卖盘
11:28:25	11.81	0.01	177	209037	买盘
11:28:20	11.8	--	99	116820	卖盘
11:28:14	11.8	--	956	1128080	买盘
11:28:10	11.8	--	96	113280	买盘
11:28:05	11.8	--	535	631300	买盘
11:27:56	11.8	--	45	53100	买盘
11:27:50	11.8	0.01	5	5900	买盘
11:27:44	11.79	-0.01	132	155628	卖盘
11:27:35	11.8	--	118	139240	买盘
11:27:25	11.8	--	14	16520	买盘
11:27:20	11.8	--	3	3540	买盘
11:27:14	11.8	--	12	14160	买盘
11:27:10	11.8	0.01	80	94400	买盘
11:27:05	11.79	-0.01	33	38907	卖盘
11:26:59	11.8	--	50	59000	买盘
11:26:55	11.8	0.01	74	87320	买盘
11:26:50	11.79	-0.01	20	23580	卖盘
11:26:44	11.8	--	9	10620	买盘
11:26:40	11.8	--	45	53100	买盘
11:26:35	11.8	--	6	7080	买盘
11:26:29	11.8	--	8	9440	买盘
11:26:25	11.8	--	3	3540	买盘
11:26:20	11.8	--	48	56640	买盘
11:26:10	11.8	0.01	2	2360	买盘
11:26:05	11.79	-0.01	31	36549	卖盘
11:25:59	11.8	0.01	17	20060	买盘
11:25:55	11.79	-0.01	75	88425	卖盘
11:25:50	11.8	0.01	3	3540	买盘
11:25:44	11.79	--	98	115541	卖盘
11:25:38	11.79	--	10	11790	卖盘
11:25:29	11.79	-0.01	200	235799	卖盘
11:25:20	11.8	--	117	138060	买盘
11:25:14	11.8	--	13	15340	买盘
11:25:08	11.8	--	2	2360	买盘
11:25:05	11.8	-0.01	23	27140	卖盘
11:24:59	11.81	0.01	13	15353	买盘
11:24:53	11.8	-0.01	898	1059640	卖盘
11:24:44	11.81	0.01	38	44878	买盘
11:24:35	11.8	-0.01	58	68440	卖盘
11:24:29	11.81	--	65	76765	买盘
11:24:14	11.81	--	13	15353	买盘
11:24:09	11.81	-0.01	31	36611	卖盘
11:24:05	11.82	0.01	28	33096	买盘
11:23:59	11.81	--	4	4724	卖盘
11:23:54	11.81	--	34	40154	买盘
11:23:49	11.81	0.01	11	12991	买盘
11:23:44	11.8	-0.01	11	12980	卖盘
11:23:38	11.81	--	23	27163	买盘
11:23:34	11.81	0.01	5	5905	买盘
11:23:29	11.8	-0.01	18	21240	卖盘
11:23:23	11.81	--	0	0	中性盘
11:23:19	11.81	--	5	5905	买盘
11:23:14	11.81	-0.01	28	33068	中性盘
11:23:08	11.82	0.01	55	65010	买盘
11:23:05	11.81	-0.01	65	76765	卖盘
11:22:59	11.82	--	107	126474	买盘
11:22:53	11.82	--	20	23640	买盘
11:22:49	11.82	--	73	86286	买盘
11:22:44	11.82	0.01	20	23640	买盘
11:22:38	11.81	-0.01	29	34249	中性盘
11:22:35	11.82	--	178	210396	买盘
11:22:30	11.82	--	84	99288	买盘
11:22:19	11.82	0.01	35	41370	买盘
11:22:14	11.81	-0.01	31	36611	卖盘
11:22:08	11.82	0.01	21	24822	买盘
11:22:04	11.81	--	30	35430	卖盘
11:21:59	11.81	--	11	12991	卖盘
11:21:49	11.81	0.01	245	289345	买盘
11:21:45	11.8	-0.01	56	66080	卖盘
11:21:33	11.81	0.01	5	5905	买盘
11:21:29	11.8	--	20	23600	卖盘
11:21:23	11.8	-0.01	17	20060	卖盘
11:21:19	11.81	--	220	259820	买盘
11:21:14	11.81	--	30	35430	买盘
11:21:08	11.81	--	30	35430	买盘
11:21:04	11.81	0.01	140	165340	买盘
11:20:59	11.8	-0.01	66	77880	卖盘
11:20:53	11.81	--	83	98023	买盘
11:20:49	11.81	0.01	137	161797	买盘
11:20:44	11.8	--	4	4720	卖盘
11:20:38	11.8	--	20	23600	卖盘
11:20:34	11.8	--	3	3540	卖盘
11:20:29	11.8	0.01	1111	1310980	买盘
11:20:23	11.79	--	4	4716	买盘
11:20:19	11.79	--	49	57770	买盘
11:20:14	11.79	--	4	4716	买盘
11:20:08	11.79	--	30	35370	买盘
11:20:04	11.79	--	5	5895	买盘
11:19:59	11.79	--	167	196893	买盘
11:19:53	11.79	--	25	29474	买盘
11:19:44	11.79	--	231	272349	买盘
11:19:29	11.79	--	164	193356	买盘
11:19:23	11.79	--	20	23580	买盘
11:19:18	11.79	--	30	35370	买盘
11:19:14	11.79	0.01	226	266454	买盘
11:19:08	11.78	--	9	10602	卖盘
11:18:59	11.78	--	16	18848	卖盘
11:18:53	11.78	0.01	546	643188	买盘
11:18:44	11.77	--	28	32956	卖盘
11:18:38	11.77	-0.01	93	109461	卖盘
11:18:32	11.78	--	15	17670	买盘
11:18:29	11.78	0.01	2	2356	买盘
11:18:23	11.77	--	4	4708	卖盘
11:18:14	11.77	--	6	7062	卖盘
11:18:08	11.77	-0.01	35	41195	卖盘
11:18:02	11.78	--	6	7068	买盘
11:17:59	11.78	--	93	109554	买盘
11:17:53	11.78	--	20	23560	买盘
11:17:47	11.78	--	112	131936	卖盘
11:17:44	11.78	--	47	55366	卖盘
11:17:28	11.78	-0.01	10	11780	卖盘
11:17:24	11.79	0.01	23	27116	买盘
11:17:13	11.78	--	4	4712	卖盘
11:17:08	11.78	-0.01	26	30628	卖盘
11:16:58	11.79	0.01	64	75456	买盘
11:16:53	11.78	-0.01	26	30628	卖盘
11:16:43	11.79	-0.01	60	70740	卖盘
11:16:38	11.8	--	160	188800	买盘
11:16:32	11.8	--	1	1180	买盘
11:16:28	11.8	--	3	3540	买盘
11:16:23	11.8	--	3	3540	买盘
11:16:17	11.8	--	2	2360	买盘
11:16:13	11.8	0.01	28	33040	买盘
11:16:08	11.79	--	55	64844	卖盘
11:16:02	11.79	--	46	54233	买盘
11:15:58	11.79	0.01	4	4716	买盘
11:15:53	11.78	-0.02	53	62434	卖盘
11:15:47	11.8	--	2	2360	买盘
11:15:43	11.8	--	294	346920	买盘
11:15:38	11.8	0.02	9	10620	买盘
11:15:33	11.78	-0.02	58	68324	卖盘
11:15:28	11.8	--	4	4720	买盘
11:15:23	11.8	-0.01	7	8260	买盘
11:15:18	11.81	--	0	0	买盘
11:15:14	11.81	--	334	394454	买盘
11:15:09	11.81	--	73	86213	买盘
11:14:59	11.81	--	26	30706	买盘
11:14:53	11.81	0.01	30	35430	买盘
11:14:47	11.8	--	42	49560	卖盘
11:14:44	11.8	--	1152	1359360	卖盘
11:14:38	11.8	-0.01	160	188800	卖盘
11:14:32	11.81	--	9	10629	买盘
11:14:28	11.81	0.01	42	49602	买盘
11:14:23	11.8	-0.01	119	140420	卖盘
11:14:17	11.81	--	6	7086	卖盘
11:14:13	11.81	--	86	101566	卖盘
11:14:08	11.81	0.01	180	212580	买盘
11:14:02	11.8	-0.01	321	378780	卖盘
11:13:58	11.81	--	126	148806	买盘
11:13:53	11.81	--	49	57869	买盘
11:13:47	11.81	0.01	179	211399	买盘
11:13:43	11.8	--	26	30680	卖盘
11:13:38	11.8	0.03	686	809480	买盘
11:13:32	11.77	-0.01	3	3531	卖盘
11:13:27	11.78	0.02	110	129580	买盘
11:13:23	11.76	-0.02	50	58800	卖盘
11:13:13	11.78	0.01	291	342798	买盘
11:13:08	11.77	--	21	24717	买盘
11:12:57	11.77	0.02	78	91806	买盘
11:12:53	11.75	-0.01	13	15275	卖盘
11:12:48	11.76	0.01	100	117600	买盘
11:12:43	11.75	0.01	55	64625	买盘
11:12:38	11.74	--	16	18784	卖盘
11:12:32	11.74	-0.01	239	280586	卖盘
11:12:26	11.75	--	50	58750	买盘
11:12:23	11.75	--	51	59925	买盘
11:12:17	11.75	0.01	102	119850	买盘
11:12:12	11.74	--	19	22306	卖盘
11:12:08	11.74	-0.01	7	8218	卖盘
11:12:02	11.75	0.01	25	29375	买盘
11:11:56	11.74	--	18	21132	买盘
11:11:52	11.74	0.01	5	5870	买盘
11:11:47	11.73	--	16	18768	卖盘
11:11:37	11.73	--	78	91494	卖盘
11:11:33	11.73	--	26	30498	卖盘
11:11:26	11.73	--	50	58650	卖盘
11:11:17	11.73	-0.02	119	139587	卖盘
11:11:11	11.75	0.02	3	3525	买盘
11:11:08	11.73	--	11	12903	卖盘
11:11:02	11.73	--	10	11730	卖盘
11:10:56	11.73	--	130	152490	卖盘
11:10:52	11.73	0.01	267	313191	买盘
11:10:47	11.72	--	521	610612	卖盘
11:10:38	11.72	-0.01	69	80868	卖盘
11:10:32	11.73	0.01	10	11730	买盘
11:10:26	11.72	--	7	8204	卖盘
11:10:23	11.72	0.01	752	881344	买盘
11:10:17	11.71	--	320	374720	卖盘
11:10:11	11.71	--	54	64346	卖盘
11:10:07	11.71	--	579	678009	卖盘
11:10:02	11.71	--	216	252936	卖盘
11:09:52	11.71	--	89	104219	卖盘
11:09:47	11.71	--	63	73773	卖盘
11:09:41	11.71	-0.01	6	7026	卖盘
11:09:38	11.72	--	142	166424	买盘
11:09:32	11.72	--	244	285968	买盘
11:09:22	11.72	0.01	54	63288	买盘
11:09:17	11.71	--	26	30446	卖盘
11:09:11	11.71	--	70	81970	卖盘
11:09:07	11.71	0.01	408	477768	中性盘
11:09:02	11.7	--	486	569450	卖盘
11:08:57	11.7	--	25	29250	卖盘
11:08:52	11.7	-0.02	16	18720	卖盘
11:08:47	11.72	--	17	19924	买盘
11:08:41	11.72	--	1207	1414604	卖盘
11:08:33	11.72	-0.01	23	26956	卖盘
11:08:26	11.73	0.01	141	165393	买盘
11:08:17	11.72	--	34	39848	卖盘
11:08:11	11.72	-0.01	60	70320	卖盘
11:08:07	11.73	0.01	18	21114	买盘
11:08:02	11.72	-0.01	4	4688	卖盘
11:07:53	11.73	-0.01	395	463675	卖盘
11:07:47	11.74	0.01	2	2348	买盘
11:07:41	11.73	-0.01	81	95013	卖盘
11:07:32	11.74	--	3	3522	买盘
11:07:22	11.74	--	34	39916	买盘
11:07:17	11.74	-0.01	33	38742	中性盘
11:07:07	11.75	0.02	72	84600	买盘
11:07:03	11.73	-0.02	8	9384	卖盘
11:06:56	11.75	0.01	13	15275	买盘
11:06:50	11.74	-0.01	51	59874	卖盘
11:06:47	11.75	0.02	77	90475	买盘
11:06:41	11.73	-0.01	300	351900	卖盘
11:06:37	11.74	0.01	56	65744	中性盘
11:06:32	11.73	-0.01	138	161874	卖盘
11:06:26	11.74	--	100	117400	买盘
11:06:22	11.74	--	245	287630	买盘
11:06:17	11.74	0.01	236	277064	买盘
11:06:11	11.73	-0.01	23	26979	卖盘
11:06:07	11.74	--	5	5870	买盘
11:06:02	11.74	0.01	219	257106	买盘
11:05:56	11.73	-0.02	500	586500	卖盘
11:05:51	11.75	--	189	222075	买盘
11:05:47	11.75	0.01	3	3525	买盘
11:05:41	11.74	--	8	9392	卖盘
11:05:35	11.74	--	143	167882	买盘
11:05:32	11.74	--	3	3522	买盘
11:05:26	11.74	--	33	38742	买盘
11:05:17	11.74	--	81	95094	卖盘
11:05:11	11.74	--	31	36394	卖盘
11:05:02	11.74	0.01	58	68092	卖盘
11:04:56	11.73	-0.01	236	276828	卖盘
11:04:46	11.74	0.01	12	14088	买盘
11:04:41	11.73	--	1	1173	卖盘
11:04:35	11.73	-0.01	221	259233	卖盘
11:04:32	11.74	0.01	8	9392	买盘
11:04:26	11.73	--	9	10557	卖盘
11:04:17	11.73	-0.01	7	8211	卖盘
11:04:11	11.74	0.01	13	15262	买盘
11:04:01	11.73	--	106	124338	卖盘
11:03:56	11.73	-0.01	6	7038	卖盘
11:03:46	11.74	0.01	2	2348	买盘
11:03:41	11.73	-0.01	62	72726	卖盘
11:03:32	11.74	--	50	58700	买盘
11:03:26	11.74	0.01	11	12914	买盘
11:03:16	11.73	-0.02	59	69207	卖盘
11:03:11	11.75	0.02	89	104575	买盘
11:03:05	11.73	-0.01	174	204102	卖盘
11:03:01	11.74	--	39	45786	卖盘
11:02:56	11.74	-0.01	44	51656	卖盘
11:02:47	11.75	--	17	19975	买盘
11:02:41	11.75	--	16	18800	买盘
11:02:31	11.75	--	633	743775	买盘
11:02:26	11.75	0.01	14	16450	买盘
11:02:20	11.74	-0.01	200	234800	卖盘
11:02:17	11.75	--	17	19975	买盘
11:02:11	11.75	--	118	138650	买盘
11:02:01	11.75	--	77	90475	买盘
11:01:56	11.75	--	57	66975	买盘
11:01:51	11.75	--	1	1175	买盘
11:01:47	11.75	--	84	98700	买盘
11:01:41	11.75	--	4	4700	买盘
11:01:32	11.75	--	286	336050	卖盘
11:01:20	11.75	-0.01	20	23500	卖盘
11:01:16	11.76	0.01	3	3528	买盘
11:01:11	11.75	--	71	83425	买盘
11:01:05	11.75	--	10	11750	买盘
11:01:01	11.75	0.01	20	23500	买盘
11:00:56	11.74	-0.01	20	23480	卖盘
11:00:46	11.75	--	103	121025	买盘
11:00:35	11.75	0.01	1	1175	买盘
11:00:31	11.74	--	25	29350	卖盘
11:00:27	11.74	--	158	185492	买盘
11:00:20	11.74	0.01	27	31698	买盘
11:00:14	11.73	-0.01	15	17595	卖盘
11:00:05	11.74	--	4	4696	买盘
11:00:01	11.74	--	37	43438	买盘
10:59:56	11.74	0.01	132	154968	买盘
10:59:50	11.73	-0.01	29	34017	卖盘
10:59:46	11.74	0.01	137	160838	买盘
10:59:41	11.73	-0.01	16	18768	卖盘
10:59:35	11.74	0.01	5	5870	买盘
10:59:31	11.73	--	17	19941	卖盘
10:59:26	11.73	--	2	2346	卖盘
10:59:20	11.73	--	39	46579	买盘
10:59:14	11.73	0.01	7	8211	买盘
10:59:11	11.72	-0.01	1	1172	卖盘
10:59:05	11.73	--	103	120819	买盘
10:58:59	11.73	0.01	3	3519	买盘
10:58:56	11.72	-0.01	1	1172	卖盘
10:58:50	11.73	-0.01	118	138754	卖盘
10:58:44	11.74	0.01	2	2348	买盘
10:58:41	11.73	--	372	437188	买盘
10:58:36	11.73	--	2	2346	买盘
10:58:29	11.73	--	2	2346	买盘
10:58:26	11.73	--	50	58650	买盘
10:58:20	11.73	--	5	5865	买盘
10:58:14	11.73	--	521	611133	卖盘
10:58:11	11.73	--	2	2346	卖盘
10:58:05	11.73	--	7	8211	卖盘
10:57:59	11.73	--	65	76245	买盘
10:57:56	11.73	--	42	49266	买盘
10:57:44	11.73	0.01	3	3519	买盘
10:57:41	11.72	-0.01	10	11720	卖盘
10:57:35	11.73	--	48	56304	买盘
10:57:29	11.73	0.01	2	2346	买盘
10:57:26	11.72	--	15	17580	卖盘
10:57:20	11.72	-0.01	61	71492	卖盘
10:57:14	11.73	0.01	26	30498	买盘
10:57:10	11.72	-0.01	34	39848	卖盘
10:57:05	11.73	--	55	64515	买盘
10:57:00	11.73	--	118	138414	卖盘
10:56:55	11.73	-0.01	50	58650	卖盘
10:56:50	11.74	0.02	877	1029598	买盘
10:56:44	11.72	-0.01	76	89072	卖盘
10:56:35	11.73	--	249	292077	卖盘
10:56:29	11.73	-0.01	40	46920	卖盘
10:56:25	11.74	--	12	14088	买盘
10:56:20	11.74	--	112	131488	买盘
10:56:14	11.74	--	53	62222	买盘
10:56:10	11.74	--	212	248888	买盘
10:56:05	11.74	--	455	534170	卖盘
10:55:59	11.74	-0.01	76	89224	卖盘
10:55:55	11.75	0.01	5	5875	买盘
10:55:50	11.74	-0.01	28	32872	卖盘
10:55:44	11.75	--	13	15275	买盘
10:55:40	11.75	--	35	41125	买盘
10:55:35	11.75	--	50	58750	买盘
10:55:29	11.75	0.01	2	2350	买盘
10:55:25	11.74	-0.01	6	7044	卖盘
10:55:20	11.75	-0.01	439	515825	卖盘
10:55:14	11.76	0.01	3	3528	买盘
10:55:10	11.75	-0.01	11	12925	卖盘
10:55:05	11.76	--	20	23520	买盘
10:54:59	11.76	-0.01	646	759696	卖盘
10:54:56	11.77	--	143	168311	买盘
10:54:50	11.77	--	13	15301	买盘
10:54:44	11.77	--	27	31779	买盘
10:54:41	11.77	0.01	38	44726	买盘
10:54:35	11.76	-0.01	1	1176	卖盘
10:54:29	11.77	--	3	3531	买盘
10:54:26	11.77	--	61	71797	买盘
10:54:20	11.77	--	8	9416	买盘
10:54:10	11.77	0.01	2	2354	买盘
10:54:05	11.76	-0.01	69	81144	卖盘
10:53:59	11.77	0.01	3	3531	买盘
10:53:55	11.76	-0.01	16	18816	卖盘
10:53:50	11.77	0.01	23	27071	买盘
10:53:44	11.76	-0.01	30	35280	卖盘
10:53:40	11.77	--	18	21186	卖盘
10:53:35	11.77	--	67	78859	买盘
10:53:30	11.77	--	6	7062	买盘
10:53:25	11.77	0.01	165	194205	买盘
10:53:20	11.76	-0.01	7	8232	卖盘
10:53:14	11.77	-0.01	117	137709	卖盘
10:53:10	11.78	0.01	8	9424	买盘
10:53:05	11.77	--	26	30602	中性盘
10:52:59	11.77	--	2	2354	买盘
10:52:55	11.77	-0.01	2	2354	卖盘
10:52:50	11.78	--	34	40052	买盘
10:52:44	11.78	--	3	3534	买盘
10:52:39	11.78	--	1	1178	买盘
10:52:35	11.78	--	799	941222	买盘
10:52:29	11.78	--	32	37696	买盘
10:52:23	11.78	--	30	35340	买盘
10:52:20	11.78	--	16	18848	买盘
10:52:14	11.78	--	8	9424	买盘
10:52:05	11.78	--	51	60078	买盘
10:52:00	11.78	--	7	8246	买盘
10:51:50	11.78	--	75	88350	买盘
10:51:44	11.78	--	129	151962	买盘
10:51:38	11.78	--	11	12958	买盘
10:51:34	11.78	0.01	68	80104	买盘
10:51:29	11.77	-0.01	9	10593	卖盘
10:51:23	11.78	0.01	130	153140	买盘
10:51:20	11.77	-0.01	13	15301	卖盘
10:51:14	11.78	--	58	68324	买盘
10:51:09	11.78	0.01	5	5890	买盘
10:51:05	11.77	-0.01	176	207152	卖盘
10:50:59	11.78	0.02	3	3534	中性盘
10:50:49	11.76	-0.01	500	588000	卖盘
10:50:44	11.77	--	317	373109	卖盘
10:50:39	11.77	-0.01	1	1177	卖盘
10:50:34	11.78	--	24	28272	买盘
10:50:29	11.78	-0.01	6	7068	中性盘
10:50:24	11.79	0.01	216	254663	买盘
10:50:19	11.78	--	10	11780	买盘
10:50:14	11.78	0.01	2	2356	买盘
10:50:04	11.77	-0.01	21	24717	卖盘
10:49:59	11.78	--	11	12958	买盘
10:49:54	11.78	0.01	2	2356	买盘
10:49:44	11.77	--	31	36487	买盘
10:49:39	11.77	--	14	16478	买盘
10:49:34	11.77	-0.01	58	68266	卖盘
10:49:29	11.78	--	35	41230	卖盘
10:49:19	11.78	--	4	4712	买盘
10:49:14	11.78	0.02	13	15314	中性盘
10:49:04	11.76	-0.03	60	70560	卖盘
10:48:59	11.79	0.01	1203	1418337	买盘
10:48:54	11.78	--	0	0	买盘
10:48:49	11.78	--	0	0	买盘
10:48:44	11.78	0.02	3	3534	买盘
10:48:34	11.76	-0.02	4	4704	卖盘
10:48:29	11.78	0.03	148	174344	买盘
10:48:23	11.75	--	12	14100	买盘
10:48:19	11.75	-0.03	222	260850	卖盘
10:48:14	11.78	0.02	587	691486	买盘
10:48:09	11.76	--	6	7056	买盘
10:48:04	11.76	--	515	605640	买盘
10:47:59	11.76	--	54	63504	买盘
10:47:53	11.76	--	36	42336	买盘
10:47:49	11.76	--	219	257544	卖盘
10:47:45	11.76	-0.01	43	50568	卖盘
10:47:38	11.77	--	188	221276	买盘
10:47:34	11.77	0.01	33	38841	买盘
10:47:29	11.76	-0.01	107	125832	卖盘
10:47:23	11.77	0.01	125	147125	买盘
10:47:19	11.76	-0.01	166	195216	卖盘
10:47:14	11.77	--	6	7062	买盘
10:47:04	11.77	-0.01	41	48257	卖盘
10:46:59	11.78	0.01	2	2356	买盘
10:46:53	11.77	-0.01	5	5885	卖盘
10:46:49	11.78	-0.01	31	36518	卖盘
10:46:44	11.79	0.04	32	37728	买盘
10:46:33	11.75	-0.03	2500	2937500	卖盘
10:46:29	11.78	-0.01	166	195548	卖盘
10:46:23	11.79	0.01	10	11790	买盘
10:46:19	11.78	-0.01	2	2356	卖盘
10:46:14	11.79	0.01	9	10611	卖盘
10:46:08	11.78	--	0	0	卖盘
10:46:04	11.78	-0.01	73	85994	买盘
10:45:59	11.79	--	362	426797	买盘
10:45:53	11.79	--	44	51875	买盘
10:45:48	11.79	--	7	8253	买盘
10:45:44	11.79	--	59	69561	买盘
10:45:38	11.79	0.02	8	9432	买盘
10:45:33	11.77	-0.02	44	51788	卖盘
10:45:29	11.79	--	7	8253	买盘
10:45:23	11.79	--	0	0	买盘
10:45:14	11.79	0.03	3	3536	买盘
10:45:08	11.76	--	1	1176	卖盘
10:44:59	11.76	0.01	60	70560	卖盘
10:44:53	11.75	--	327	384225	卖盘
10:44:44	11.75	-0.01	17	19975	卖盘
10:44:38	11.76	0.01	77	90552	买盘
10:44:33	11.75	-0.01	103	121025	卖盘
10:44:28	11.76	--	47	55272	买盘
10:44:22	11.76	--	73	85848	买盘
10:44:17	11.76	--	9	10584	买盘
10:44:13	11.76	--	94	110544	买盘
10:44:08	11.76	--	8	9408	买盘
10:44:02	11.76	-0.02	65	76440	卖盘
10:43:58	11.78	--	1029	1212162	买盘
10:43:53	11.78	--	32	37696	买盘
10:43:47	11.78	-0.02	942	1109676	卖盘
10:43:42	11.8	--	165	195290	买盘
10:43:38	11.8	--	94	110920	买盘
10:43:32	11.8	-0.02	26	31270	卖盘
10:43:28	11.82	0.01	176	208032	买盘
10:43:23	11.81	-0.01	99	116919	中性盘
10:43:17	11.82	0.02	78	92196	卖盘
10:43:13	11.8	-0.03	403	475540	卖盘
10:43:08	11.83	0.02	1088	1287695	买盘
10:43:02	11.81	--	67	79127	卖盘
10:42:58	11.81	--	43	50783	卖盘
10:42:53	11.81	-0.01	159	187779	卖盘
10:42:47	11.82	--	232	274224	买盘
10:42:43	11.82	--	62	73284	买盘
10:42:38	11.82	--	308	364056	买盘
10:42:32	11.82	--	61	72102	买盘
10:42:28	11.82	--	53	62646	买盘
10:42:17	11.82	--	1	1182	买盘
10:42:13	11.82	0.01	58	68556	买盘
10:42:08	11.81	--	159	187779	卖盘
10:42:02	11.81	0.01	85	100385	买盘
10:41:58	11.8	-0.01	102	120360	卖盘
10:41:53	11.81	--	22	25982	买盘
10:41:47	11.81	0.01	54	63774	买盘
10:41:43	11.8	-0.01	85	100300	卖盘
10:41:38	11.81	--	19	22439	买盘
10:41:32	11.81	--	8	9448	买盘
10:41:28	11.81	0.01	132	155892	买盘
10:41:23	11.8	-0.01	11	12980	卖盘
10:41:17	11.81	0.01	2	2362	买盘
10:41:13	11.8	--	334	394120	卖盘
10:41:08	11.8	--	50	59000	卖盘
10:41:02	11.8	-0.01	85	100300	卖盘
10:40:57	11.81	0.01	42	49602	买盘
10:40:53	11.8	--	7	8260	卖盘
10:40:43	11.8	0.01	339	400020	买盘
10:40:38	11.79	-0.01	34	40086	卖盘
10:40:32	11.8	0.01	74	87320	买盘
10:40:28	11.79	-0.01	21	24759	卖盘
10:40:23	11.8	0.01	25	29500	买盘
10:40:17	11.79	-0.01	51	60128	卖盘
10:40:13	11.8	--	54	63720	买盘
10:40:08	11.8	0.01	50	59000	买盘
10:40:02	11.79	-0.01	52	61307	卖盘
10:39:58	11.8	--	44	51920	买盘
10:39:47	11.8	0.01	34	40120	买盘
10:39:43	11.79	--	204	240515	卖盘
10:39:38	11.79	--	84	99036	卖盘
10:39:32	11.79	-0.01	3	3536	卖盘
10:39:26	11.8	0.01	90	106200	买盘
10:39:23	11.79	-0.01	27	31832	卖盘
10:39:17	11.8	--	33	38940	买盘
10:39:11	11.8	--	17	20060	买盘
10:39:08	11.8	-0.01	48	56640	卖盘
10:39:02	11.81	--	3	3543	买盘
10:38:56	11.81	0.01	3	3543	买盘
10:38:53	11.8	-0.01	40	47200	卖盘
10:38:47	11.81	--	1	1181	买盘
10:38:41	11.81	0.01	8	9448	买盘
10:38:38	11.8	--	107	126260	买盘
10:38:32	11.8	--	20	23600	买盘
10:38:26	11.8	--	18	21240	买盘
10:38:23	11.8	-0.01	321	378780	卖盘
10:38:17	11.81	0.01	28	33068	买盘
10:38:11	11.8	--	26	30680	卖盘
10:38:08	11.8	--	22	25960	卖盘
10:38:02	11.8	--	93	109740	买盘
10:37:56	11.8	--	74	87320	卖盘
10:37:52	11.8	--	183	215940	卖盘
10:37:47	11.8	-0.01	336	396480	卖盘
10:37:41	11.81	--	13	15353	买盘
10:37:37	11.81	--	234	276354	买盘
10:37:32	11.81	0.01	39	46059	买盘
10:37:26	11.8	-0.01	10	11800	卖盘
10:37:22	11.81	--	160	188960	买盘
10:37:17	11.81	0.01	43	50783	买盘
10:37:11	11.8	--	10	11800	卖盘
10:37:07	11.8	-0.01	178	210040	卖盘
10:37:02	11.81	-0.02	230	271630	卖盘
10:36:56	11.83	0.01	8	9464	买盘
10:36:52	11.82	--	309	365238	卖盘
10:36:47	11.82	--	10	11820	卖盘
10:36:41	11.82	0.01	57	67374	买盘
10:36:37	11.81	0.01	65	76765	买盘
10:36:32	11.8	-0.02	773	912140	卖盘
10:36:26	11.82	0.01	203	239946	买盘
10:36:22	11.81	--	139	164159	卖盘
10:36:17	11.81	-0.01	5	5905	卖盘
10:36:11	11.82	0.01	2	2364	买盘
10:36:07	11.81	--	42	49602	买盘
10:36:02	11.81	-0.01	135	159435	卖盘
10:35:56	11.82	0.02	212	250584	买盘
10:35:53	11.8	-0.02	178	210040	卖盘
10:35:47	11.82	0.01	377	445614	买盘
10:35:40	11.81	0.01	33	38973	买盘
10:35:37	11.8	-0.02	154	181720	卖盘
10:35:32	11.82	--	134	158388	买盘
10:35:26	11.82	--	83	98106	买盘
10:35:22	11.82	0.02	192	226944	买盘
10:35:17	11.8	-0.02	400	472000	卖盘
10:35:11	11.82	0.01	626	739932	买盘
10:35:07	11.81	-0.01	74	87394	卖盘
10:35:02	11.82	0.01	11	13002	买盘
10:34:56	11.81	--	273	322413	买盘
10:34:52	11.81	--	167	197227	卖盘
10:34:47	11.81	0.01	325	383825	买盘
10:34:41	11.8	--	24	28320	买盘
10:34:36	11.8	0.01	20	23600	买盘
10:34:32	11.79	--	56	66613	买盘
10:34:26	11.79	--	44	51875	买盘
10:34:22	11.79	-0.02	1265	1492024	卖盘
10:34:17	11.81	--	103	121643	买盘
10:34:11	11.81	--	46	54326	买盘
10:34:07	11.81	--	147	173607	买盘
10:34:02	11.81	--	150	177150	买盘
10:33:56	11.81	--	50	59050	买盘
10:33:51	11.81	-0.01	108	127548	买盘
10:33:47	11.82	--	54	63828	买盘
10:33:41	11.82	--	2	2364	买盘
10:33:37	11.82	-0.01	20	23640	买盘
10:33:32	11.83	0.04	161	191054	买盘
10:33:26	11.79	--	33	38907	买盘
10:33:22	11.79	--	279	328941	买盘
10:33:17	11.79	-0.05	658	776371	卖盘
10:33:11	11.84	0.01	1014	1200576	买盘
10:33:07	11.83	-0.01	549	649467	卖盘
10:33:02	11.84	--	599	709216	买盘
10:32:56	11.84	--	514	608576	买盘
10:32:50	11.84	--	642	760128	买盘
10:32:47	11.84	-0.01	718	850112	卖盘
10:32:41	11.85	-0.01	1095	1297575	中性盘
10:32:35	11.86	0.02	139	164854	买盘
10:32:31	11.84	-0.01	296	350464	卖盘
10:32:26	11.85	-0.01	175	207375	中性盘
10:32:20	11.86	0.01	136	161296	买盘
10:32:17	11.85	0.01	569	674265	买盘
10:32:11	11.84	--	127	150368	买盘
10:32:05	11.84	--	201	237984	卖盘
10:32:01	11.84	0.03	2261	2677024	买盘
10:31:56	11.81	-0.03	10	11810	卖盘
10:31:50	11.84	0.02	651	770784	买盘
10:31:47	11.82	0.01	153	180846	买盘
10:31:41	11.81	0.01	56	66136	买盘
10:31:35	11.8	--	246	290870	买盘
10:31:31	11.8	0.01	303	357540	买盘
10:31:26	11.79	--	109	128510	买盘
10:31:17	11.79	--	45	53054	买盘
10:31:11	11.79	0.02	32	37728	买盘
10:31:05	11.77	-0.01	80	94160	卖盘
10:31:01	11.78	--	370	435860	买盘
10:30:56	11.78	0.01	29	34162	买盘
10:30:50	11.77	--	32	37664	卖盘
10:30:46	11.77	-0.01	56	65912	卖盘
10:30:41	11.78	0.02	48	56544	买盘
10:30:35	11.76	--	81	95256	卖盘
10:30:31	11.76	-0.01	185	217560	卖盘
10:30:26	11.77	0.02	185	217745	买盘
10:30:20	11.75	-0.02	201	236175	卖盘
10:30:16	11.77	0.01	169	198913	买盘
10:30:11	11.76	-0.01	355	417480	卖盘
10:30:05	11.77	0.01	4	4708	买盘
10:30:01	11.76	-0.01	216	254016	卖盘
10:29:56	11.77	--	30	35310	买盘
10:29:50	11.77	--	14	16478	买盘
10:29:46	11.77	-0.02	470	553190	卖盘
10:29:41	11.79	0.01	51	60128	买盘
10:29:35	11.78	--	366	431148	买盘
10:29:31	11.78	-0.01	167	196726	卖盘
10:29:26	11.79	--	392	462167	卖盘
10:29:20	11.79	-0.01	137	161523	卖盘
10:29:16	11.8	--	185	218300	买盘
10:29:11	11.8	--	678	800040	买盘
10:29:05	11.8	--	81	95580	买盘
10:29:01	11.8	--	149	175820	卖盘
10:28:56	11.8	-0.02	605	713900	卖盘
10:28:50	11.82	--	86	101652	中性盘
10:28:46	11.82	--	375	443250	买盘
10:28:41	11.82	--	416	491712	卖盘
10:28:35	11.82	-0.02	103	121746	卖盘
10:28:31	11.84	0.03	1027	1215968	买盘
10:28:26	11.81	-0.01	371	438151	卖盘
10:28:20	11.82	0.02	78	92196	卖盘
10:28:15	11.8	-0.02	525	619500	卖盘
10:28:11	11.82	0.03	778	919596	买盘
10:28:05	11.79	--	20	23580	卖盘
10:28:01	11.79	--	385	453914	买盘
10:27:56	11.79	0.01	1086	1280394	买盘
10:27:50	11.78	--	52	61256	卖盘
10:27:46	11.78	--	555	654496	买盘
10:27:41	11.78	0.01	84	98952	买盘
10:27:35	11.77	--	179	210683	买盘
10:27:31	11.77	--	125	147125	买盘
10:27:26	11.77	--	58	68266	买盘
10:27:20	11.77	--	17	20009	卖盘
10:27:15	11.77	-0.01	66	77682	卖盘
10:27:11	11.78	0.02	580	683240	买盘
10:27:05	11.76	0.01	10	11760	买盘
10:27:01	11.75	-0.01	111	130425	卖盘
10:26:56	11.76	-0.01	91	107016	买盘
10:26:50	11.77	--	120	141240	买盘
10:26:46	11.77	--	0	0	买盘
10:26:41	11.77	0.03	47	55319	买盘
10:26:35	11.74	-0.03	20	23480	卖盘
10:26:31	11.77	0.02	1088	1280576	买盘
10:26:26	11.75	--	221	259675	买盘
10:26:20	11.75	--	64	75200	买盘
10:26:14	11.75	--	62	72850	买盘
10:26:11	11.75	--	337	395975	卖盘
10:26:05	11.75	-0.01	35	41125	卖盘
10:25:59	11.76	-0.01	44	51744	卖盘
10:25:56	11.77	0.01	563	662651	买盘
10:25:49	11.76	--	426	500976	卖盘
10:25:44	11.76	-0.01	210	246960	卖盘
10:25:40	11.77	--	100	117700	买盘
10:25:35	11.77	0.01	121	142417	买盘
10:25:29	11.76	-0.01	39	45864	卖盘
10:25:25	11.77	0.01	192	225984	买盘
10:25:20	11.76	-0.01	84	98784	卖盘
10:25:14	11.77	--	25	29425	买盘
10:25:11	11.77	--	96	112992	买盘
10:25:05	11.77	-0.01	64	75328	买盘
10:24:59	11.78	0.02	130	153140	买盘
10:24:55	11.76	--	365	429240	买盘
10:24:50	11.76	-0.02	525	617400	卖盘
10:24:44	11.78	--	163	192014	买盘
10:24:40	11.78	-0.01	520	612560	卖盘
10:24:35	11.79	0.01	1262	1487898	买盘
10:24:29	11.78	--	41	48298	买盘
10:24:25	11.78	0.01	220	259160	买盘
10:24:20	11.77	--	324	381348	卖盘
10:24:14	11.77	0.01	266	313082	买盘
10:24:10	11.76	-0.01	1161	1365336	卖盘
10:24:05	11.77	0.01	149	175373	买盘
10:23:59	11.76	--	36	42336	卖盘
10:23:55	11.76	0.02	1080	1270080	买盘
10:23:50	11.74	--	1920	2254080	买盘
10:23:44	11.74	--	30	35220	买盘
10:23:40	11.74	0.01	51	59874	买盘
10:23:35	11.73	--	45	52785	卖盘
10:23:29	11.73	0.01	267	313707	买盘
10:23:25	11.72	-0.01	17	19924	卖盘
10:23:20	11.73	0.01	474	556002	买盘
10:23:14	11.72	--	59	69148	买盘
10:23:10	11.72	--	133	155876	买盘
10:23:05	11.72	0.01	288	337536	买盘
10:22:59	11.71	-0.01	50	58550	卖盘
10:22:55	11.72	0.01	662	775864	买盘
10:22:50	11.71	--	195	228345	买盘
10:22:44	11.71	0.01	254	298253	买盘
10:22:40	11.7	--	241	281970	买盘
10:22:35	11.7	0.01	84	98280	买盘
10:22:29	11.69	--	5	5845	卖盘
10:22:25	11.69	--	87	101703	卖盘
10:22:20	11.69	--	411	480459	买盘
10:22:14	11.69	0.01	90	105210	买盘
10:22:10	11.68	-0.01	257	300176	卖盘
10:22:05	11.69	0.01	102	119238	买盘
10:21:59	11.68	-0.01	26	30368	卖盘
10:21:55	11.69	--	28	32732	买盘
10:21:44	11.69	--	12	14028	买盘
10:21:40	11.69	--	11	12859	买盘
10:21:35	11.69	-0.01	6	7014	卖盘
10:21:25	11.7	0.01	36	42120	买盘
10:21:20	11.69	-0.01	83	97027	卖盘
10:21:14	11.7	--	64	74880	买盘
10:21:09	11.7	--	204	238680	买盘
10:21:05	11.7	-0.01	426	498665	卖盘
10:20:59	11.71	--	267	312657	买盘
10:20:55	11.71	--	122	142862	买盘
10:20:50	11.71	--	255	298605	买盘
10:20:44	11.71	-0.01	85	99535	中性盘
10:20:40	11.72	0.01	611	716092	买盘
10:20:35	11.71	--	140	163940	卖盘
10:20:29	11.71	-0.01	9	10539	卖盘
10:20:25	11.72	0.01	251	294172	买盘
10:20:20	11.71	0.01	203	237713	买盘
10:20:14	11.7	--	41	47970	卖盘
10:20:10	11.7	-0.01	341	398970	卖盘
10:20:05	11.71	0.01	22	25762	买盘
10:19:59	11.7	--	1	1170	卖盘
10:19:55	11.7	0.04	1402	1641264	买盘
10:19:50	11.66	-0.01	954	1112364	卖盘
10:19:44	11.67	0.01	28	32676	买盘
10:19:35	11.66	--	122	142252	买盘
10:19:29	11.66	--	57	66462	买盘
10:19:23	11.66	--	40	46640	买盘
10:19:20	11.66	0.01	256	298496	买盘
10:19:14	11.65	--	4	4660	卖盘
10:19:08	11.65	--	20	23300	卖盘
10:19:05	11.65	--	47	54755	买盘
10:18:59	11.65	--	41	47765	买盘
10:18:53	11.65	0.01	4	4660	买盘
10:18:50	11.64	--	62	72168	卖盘
10:18:44	11.64	-0.01	188	218832	卖盘
10:18:38	11.65	--	5	5825	买盘
10:18:35	11.65	0.01	18	20970	买盘
10:18:29	11.64	--	59	68676	卖盘
10:18:23	11.64	--	4	4656	卖盘
10:18:19	11.64	--	174	202536	卖盘
10:18:14	11.64	--	79	91956	卖盘
10:18:08	11.64	--	3	3492	卖盘
10:18:04	11.64	-0.01	8	9312	卖盘
10:17:59	11.65	0.01	181	210865	买盘
10:17:53	11.64	--	15	17460	买盘
10:17:49	11.64	--	55	64020	买盘
10:17:44	11.64	--	54	62856	买盘
10:17:38	11.64	--	154	179256	卖盘
10:17:34	11.64	-0.01	126	146664	卖盘
10:17:29	11.65	0.01	22	25630	买盘
10:17:19	11.64	--	10	11640	卖盘
10:17:14	11.64	0.01	300	349200	买盘
10:17:08	11.63	--	19	22097	买盘
10:17:04	11.63	--	570	662910	卖盘
10:16:59	11.63	-0.01	339	394257	卖盘
10:16:53	11.64	--	13	15132	买盘
10:16:49	11.64	0.01	63	73332	买盘
10:16:44	11.63	--	162	188406	卖盘
10:16:38	11.63	-0.01	150	174450	卖盘
10:16:34	11.64	--	217	252588	买盘
10:16:29	11.64	--	206	239784	买盘
10:16:23	11.64	0.01	5	5820	买盘
10:16:19	11.63	-0.01	210	244230	卖盘
10:16:14	11.64	--	15	17460	买盘
10:16:08	11.64	0.01	59	68676	买盘
10:16:04	11.63	--	95	110485	卖盘
10:15:59	11.63	--	105	122115	买盘
10:15:53	11.63	--	170	197710	买盘
10:15:49	11.63	--	121	140723	买盘
10:15:44	11.63	-0.02	84	97692	卖盘
10:15:34	11.65	--	66	76890	买盘
10:15:29	11.65	0.02	487	567355	买盘
10:15:23	11.63	--	404	469852	卖盘
10:15:19	11.63	-0.01	174	202362	卖盘
10:15:14	11.64	--	149	173436	买盘
10:15:08	11.64	0.01	99	115236	买盘
10:15:04	11.63	--	1	1163	卖盘
10:14:59	11.63	--	24	27912	卖盘
10:14:53	11.63	-0.01	97	112811	卖盘
10:14:49	11.64	0.01	21	24444	买盘
10:14:44	11.63	--	112	130256	卖盘
10:14:38	11.63	--	60	69780	卖盘
10:14:34	11.63	-0.01	35	40705	卖盘
10:14:29	11.64	--	6	6984	买盘
10:14:23	11.64	0.01	5	5820	买盘
10:14:18	11.63	-0.01	14	16282	卖盘
10:14:14	11.64	--	59	68676	买盘
10:14:04	11.64	--	263	306132	买盘
10:13:58	11.64	--	64	74496	买盘
10:13:53	11.64	--	14	16296	买盘
10:13:48	11.64	0.01	17	19788	买盘
10:13:44	11.63	-0.01	40	46520	卖盘
10:13:38	11.64	--	10	11640	买盘
10:13:33	11.64	0.01	4	4656	买盘
10:13:29	11.63	-0.01	16	18608	卖盘
10:13:23	11.64	--	21	24444	中性盘
10:13:17	11.64	--	11	12804	买盘
10:13:14	11.64	-0.01	14	16296	买盘
10:13:08	11.65	0.01	19	22135	买盘
10:13:02	11.64	-0.01	2	2328	卖盘
10:12:59	11.65	--	12	13980	买盘
10:12:53	11.65	0.01	136	158440	买盘
10:12:47	11.64	--	10	11640	卖盘
10:12:44	11.64	--	18	20952	卖盘
10:12:38	11.64	--	25	29100	卖盘
10:12:32	11.64	--	10	11640	卖盘
10:12:29	11.64	0.01	304	353856	买盘
10:12:24	11.63	-0.01	67	77921	卖盘
10:12:17	11.64	--	1	1164	买盘
10:12:14	11.64	0.01	24	27936	买盘
10:12:08	11.63	--	2	2326	卖盘
10:12:02	11.63	-0.01	50	58150	卖盘
10:11:58	11.64	0.01	44	51216	买盘
10:11:53	11.63	-0.01	137	159331	卖盘
10:11:47	11.64	--	51	59364	买盘
10:11:44	11.64	0.01	9	10476	买盘
10:11:38	11.63	--	60	69780	卖盘
10:11:32	11.63	--	12	13956	卖盘
10:11:28	11.63	--	45	52335	卖盘
10:11:23	11.63	--	22	25586	买盘
10:11:17	11.63	--	101	117463	买盘
10:11:13	11.63	--	31	36053	买盘
10:11:08	11.63	--	43	50009	买盘
10:11:02	11.63	0.01	66	76758	买盘
10:10:58	11.62	-0.01	67	77854	卖盘
10:10:53	11.63	--	29	33727	买盘
10:10:47	11.63	--	10	11630	买盘
10:10:43	11.63	--	25	29075	买盘
10:10:37	11.63	--	55	63965	买盘
10:10:32	11.63	--	5	5815	买盘
10:10:28	11.63	0.01	39	45357	买盘
10:10:23	11.62	--	55	63909	卖盘
10:10:17	11.62	--	100	116199	卖盘
10:10:13	11.62	--	70	81340	卖盘
10:10:08	11.62	--	48	55775	卖盘
10:10:02	11.62	--	10	11620	卖盘
10:09:58	11.62	--	599	696502	买盘
10:09:53	11.62	0.01	100	116199	买盘
10:09:47	11.61	--	9	10449	卖盘
10:09:43	11.61	--	345	400545	卖盘
10:09:38	11.61	--	460	534060	卖盘
10:09:32	11.61	--	188	218268	卖盘
10:09:28	11.61	--	146	169506	卖盘
10:09:23	11.61	--	154	178794	卖盘
10:09:17	11.61	--	74	85914	卖盘
10:09:13	11.61	-0.01	101	117261	卖盘
10:09:08	11.62	0.01	590	685580	买盘
10:09:02	11.61	--	46	53406	卖盘
10:08:58	11.61	-0.01	451	523611	卖盘
10:08:53	11.62	0.01	105	122009	买盘
10:08:47	11.61	-0.01	10	11610	卖盘
10:08:43	11.62	--	4	4648	买盘
10:08:38	11.62	-0.01	1113	1294003	卖盘
10:08:32	11.63	0.01	19	22097	买盘
10:08:28	11.62	--	345	400890	卖盘
10:08:23	11.62	--	57	66234	卖盘
10:08:17	11.62	-0.01	101	117361	卖盘
10:08:13	11.63	--	108	125604	买盘
10:08:08	11.63	--	18	20934	买盘
10:08:02	11.63	-0.01	65	75595	卖盘
10:07:58	11.64	0.01	424	493536	买盘
10:07:53	11.63	-0.01	337	391931	卖盘
10:07:47	11.64	--	109	126876	买盘
10:07:43	11.64	--	15	17460	买盘
10:07:38	11.64	--	68	79152	买盘
10:07:32	11.64	--	371	431844	卖盘
10:07:28	11.64	-0.01	136	158304	卖盘
10:07:23	11.65	0.01	46	53590	买盘
10:07:17	11.64	-0.01	43	50052	卖盘
10:07:13	11.65	0.01	90	104850	买盘
10:07:08	11.64	--	179	208356	卖盘
10:07:02	11.64	-0.01	18	20952	卖盘
10:06:56	11.65	--	52	60580	买盘
10:06:53	11.65	--	19	22135	买盘
10:06:47	11.65	--	96	111840	卖盘
10:06:41	11.65	--	123	143295	卖盘
10:06:38	11.65	-0.01	37	43105	卖盘
10:06:32	11.66	0.01	1	1166	买盘
10:06:26	11.65	--	12	13980	卖盘
10:06:17	11.65	-0.01	5	5825	卖盘
10:06:11	11.66	--	44	51304	买盘
10:06:07	11.66	-0.01	77	89782	卖盘
10:06:02	11.67	--	20	23340	买盘
10:05:56	11.67	0.01	4	4668	买盘
10:05:53	11.66	--	13	15158	卖盘
10:05:47	11.66	-0.01	60	69960	卖盘
10:05:41	11.67	0.01	8	9336	买盘
10:05:38	11.66	--	70	81620	卖盘
10:05:32	11.66	0.01	60	69960	买盘
10:05:26	11.65	--	83	96695	卖盘
10:05:22	11.65	-0.01	326	379790	卖盘
10:05:17	11.66	0.01	76	88616	买盘
10:05:11	11.65	--	38	44270	卖盘
10:05:08	11.65	--	171	199215	卖盘
10:05:02	11.65	--	136	158440	卖盘
10:04:56	11.65	-0.01	6	6990	卖盘
10:04:52	11.66	--	11	12826	买盘
10:04:47	11.66	0.01	28	32648	买盘
10:04:41	11.65	-0.01	56	65240	卖盘
10:04:37	11.66	0.01	3	3498	买盘
10:04:32	11.65	-0.01	58	67570	卖盘
10:04:26	11.66	--	36	41976	卖盘
10:04:22	11.66	-0.01	6	6996	卖盘
10:04:17	11.67	0.01	166	193722	买盘
10:04:11	11.66	--	98	114268	卖盘
10:04:07	11.66	--	95	110770	卖盘
10:04:02	11.66	--	61	71126	卖盘
10:03:56	11.66	0.01	260	303160	中性盘
10:03:52	11.65	-0.01	176	205040	卖盘
10:03:47	11.66	--	101	117766	买盘
10:03:41	11.66	0.01	3	3498	买盘
10:03:37	11.65	--	90	104850	卖盘
10:03:32	11.65	-0.01	226	263290	卖盘
10:03:26	11.66	--	15	17490	卖盘
10:03:22	11.66	--	29	33814	卖盘
10:03:17	11.66	-0.01	104	121438	卖盘
10:03:11	11.67	-0.01	294	344089	卖盘
10:03:07	11.68	--	93	108624	买盘
10:03:02	11.68	--	68	79424	买盘
10:02:56	11.68	--	7	8176	买盘
10:02:52	11.68	--	137	160016	买盘
10:02:47	11.68	--	30	35040	买盘
10:02:41	11.68	--	96	112128	买盘
10:02:37	11.68	0.03	174	203232	买盘
10:02:26	11.65	-0.02	366	426390	卖盘
10:02:22	11.67	0.01	473	551991	买盘
10:02:17	11.66	--	41	47806	卖盘
10:02:11	11.66	0.01	97	113102	买盘
10:02:07	11.65	--	13	15145	卖盘
10:02:02	11.65	--	7	8155	卖盘
10:01:56	11.65	0.01	36	41940	卖盘
10:01:52	11.64	-0.01	457	531948	卖盘
10:01:47	11.65	--	82	95530	买盘
10:01:41	11.65	0.01	384	447360	买盘
10:01:37	11.64	--	157	182748	卖盘
10:01:32	11.64	-0.01	22	25608	卖盘
10:01:26	11.65	0.01	3	3495	买盘
10:01:22	11.64	--	35	40740	卖盘
10:01:17	11.64	--	121	140844	买盘
10:01:11	11.64	--	672	782208	买盘
10:01:07	11.64	--	59	68676	买盘
10:01:02	11.64	--	31	36084	买盘
10:00:56	11.64	0.01	505	587820	买盘
10:00:52	11.63	--	137	159331	卖盘
10:00:47	11.63	--	49	56987	卖盘
10:00:41	11.63	--	14	16282	卖盘
10:00:37	11.63	--	153	177939	买盘
10:00:32	11.63	--	237	275631	买盘
10:00:26	11.63	--	164	190732	买盘
10:00:20	11.63	0.01	509	591967	买盘
10:00:17	11.62	-0.01	103	119685	卖盘
10:00:11	11.63	--	36	41868	买盘
10:00:05	11.63	--	14	16282	买盘
10:00:01	11.63	--	76	88388	买盘
09:59:56	11.63	--	241	280283	买盘
09:59:50	11.63	--	123	143049	买盘
09:59:47	11.63	--	143	166309	卖盘
09:59:41	11.63	--	421	489623	卖盘
09:59:35	11.63	--	67	77921	卖盘
09:59:32	11.63	--	1	1163	卖盘
09:59:26	11.63	0.01	1551	1803813	买盘
09:59:20	11.62	-0.01	107	124333	卖盘
09:59:17	11.63	0.01	90	104670	买盘
09:59:11	11.62	--	92	106904	卖盘
09:59:05	11.62	--	71	82502	卖盘
09:59:02	11.62	-0.01	311	361382	卖盘
09:58:56	11.63	0.01	604	702452	买盘
09:58:50	11.62	--	59	68558	卖盘
09:58:47	11.62	-0.01	310	360220	卖盘
09:58:41	11.63	--	529	615227	买盘
09:58:35	11.63	--	14	16282	买盘
09:58:31	11.63	0.01	49	56987	买盘
09:58:26	11.62	-0.01	121	140602	卖盘
09:58:20	11.63	--	35	40705	买盘
09:58:16	11.63	0.01	61	70943	买盘
09:58:11	11.62	-0.01	61	70882	卖盘
09:58:05	11.63	--	182	211666	买盘
09:58:01	11.63	0.01	3	3489	买盘
09:57:56	11.62	-0.01	289	335818	卖盘
09:57:46	11.63	--	227	264001	卖盘
09:57:41	11.63	--	77	89551	卖盘
09:57:35	11.63	--	22	25586	卖盘
09:57:31	11.63	-0.01	93	108159	卖盘
09:57:26	11.64	--	87	101268	买盘
09:57:20	11.64	--	5	5820	买盘
09:57:16	11.64	--	21	24444	买盘
09:57:11	11.64	0.01	134	155976	买盘
09:57:05	11.63	--	3	3489	卖盘
09:57:01	11.63	-0.01	5	5815	卖盘
09:56:56	11.64	0.01	22	25608	买盘
09:56:50	11.63	--	97	112811	买盘
09:56:46	11.63	--	91	105833	买盘
09:56:41	11.63	--	298	346574	买盘
09:56:35	11.63	0.01	183	212829	中性盘
09:56:31	11.62	-0.01	274	318388	卖盘
09:56:26	11.63	--	196	227948	买盘
09:56:20	11.63	--	9	10467	买盘
09:56:16	11.63	--	635	738505	卖盘
09:56:11	11.63	--	152	176776	卖盘
09:56:05	11.63	--	77	89551	卖盘
09:56:01	11.63	--	87	101181	买盘
09:55:56	11.63	0.01	146	169798	买盘
09:55:50	11.62	--	101	117361	卖盘
09:55:46	11.62	-0.01	267	310254	卖盘
09:55:41	11.63	--	288	334944	卖盘
09:55:35	11.63	-0.01	10	11630	卖盘
09:55:31	11.64	0.01	52	60528	买盘
09:55:26	11.63	-0.01	72	83736	卖盘
09:55:20	11.64	--	375	436500	买盘
09:55:16	11.64	--	683	795012	买盘
09:55:11	11.64	--	120	139680	买盘
09:55:05	11.64	--	601	699564	卖盘
09:55:01	11.64	-0.01	286	332904	卖盘
09:54:56	11.65	0.01	649	756085	买盘
09:54:50	11.64	-0.01	32	37248	卖盘
09:54:46	11.65	--	457	532405	买盘
09:54:41	11.65	--	389	453185	卖盘
09:54:31	11.65	0.01	211	245815	买盘
09:54:26	11.64	-0.01	183	213012	卖盘
09:54:20	11.65	0.01	187	217855	买盘
09:54:16	11.64	-0.01	156	181584	卖盘
09:54:11	11.65	--	183	213195	卖盘
09:54:05	11.65	0.01	43	50095	买盘
09:54:00	11.64	--	153	178092	卖盘
09:53:56	11.64	-0.01	273	317772	卖盘
09:53:50	11.65	--	192	223680	卖盘
09:53:44	11.65	-0.01	311	362315	卖盘
09:53:41	11.66	--	848	988768	买盘
09:53:26	11.66	--	63	73458	买盘
09:53:20	11.66	0.01	53	61798	买盘
09:53:14	11.65	-0.02	70	81550	卖盘
09:53:10	11.67	0.01	27	31509	买盘
09:53:05	11.66	-0.01	69	80454	卖盘
09:52:59	11.67	0.03	8	9336	买盘
09:52:56	11.64	-0.01	234	272376	卖盘
09:52:50	11.65	-0.01	13	15145	卖盘
09:52:44	11.66	0.02	15	17490	买盘
09:52:41	11.64	-0.01	312	363168	卖盘
09:52:35	11.65	--	219	255135	买盘
09:52:29	11.65	0.01	159	185235	买盘
09:52:26	11.64	0.01	34	39576	卖盘
09:52:20	11.63	-0.02	349	405887	卖盘
09:52:14	11.65	0.01	62	72230	买盘
09:52:11	11.64	--	35	40740	卖盘
09:52:05	11.64	--	564	656496	卖盘
09:51:59	11.64	0.01	72	83808	中性盘
09:51:56	11.63	-0.01	132	153516	卖盘
09:51:50	11.64	0.01	140	162960	买盘
09:51:44	11.63	--	46	53498	卖盘
09:51:40	11.63	--	272	316336	卖盘
09:51:35	11.63	--	155	180265	卖盘
09:51:29	11.63	-0.01	123	143049	卖盘
09:51:25	11.64	0.01	113	131532	买盘
09:51:20	11.63	-0.01	256	297728	卖盘
09:51:14	11.64	--	67	77988	买盘
09:51:10	11.64	0.01	55	64020	买盘
09:51:05	11.63	-0.02	397	461711	卖盘
09:50:59	11.65	0.01	11	12815	买盘
09:50:55	11.64	-0.01	189	219996	卖盘
09:50:50	11.65	--	126	146790	买盘
09:50:44	11.65	--	24	27960	买盘
09:50:40	11.65	--	1139	1326935	卖盘
09:50:35	11.65	--	278	323870	卖盘
09:50:29	11.65	-0.01	56	65240	卖盘
09:50:25	11.66	--	113	131758	买盘
09:50:20	11.66	-0.01	72	83952	卖盘
09:50:14	11.67	0.01	187	218229	买盘
09:50:10	11.66	--	620	722920	卖盘
09:50:05	11.66	--	57	66462	卖盘
09:49:59	11.66	-0.01	48	55968	卖盘
09:49:55	11.67	-0.01	119	138873	卖盘
09:49:50	11.68	0.01	273	318864	卖盘
09:49:44	11.67	--	0	0	卖盘
09:49:40	11.67	--	67	78189	卖盘
09:49:35	11.67	--	196	228732	卖盘
09:49:29	11.67	-0.01	103	120201	卖盘
09:49:25	11.68	0.01	60	70080	买盘
09:49:20	11.67	-0.01	37	43179	卖盘
09:49:14	11.68	--	20	23360	买盘
09:49:10	11.68	--	56	65408	买盘
09:49:05	11.68	--	157	183376	卖盘
09:48:59	11.68	--	89	103952	卖盘
09:48:53	11.68	-0.01	116	135488	卖盘
09:48:50	11.69	0.01	77	90013	买盘
09:48:44	11.68	--	23	26864	卖盘
09:48:40	11.68	--	68	79424	卖盘
09:48:35	11.68	--	10	11680	卖盘
09:48:29	11.68	0.01	44	51392	买盘
09:48:25	11.67	--	53	61851	卖盘
09:48:20	11.67	-0.01	194	226398	卖盘
09:48:14	11.68	0.01	29	33872	买盘
09:48:10	11.67	--	222	259074	卖盘
09:48:05	11.67	--	495	577665	卖盘
09:47:59	11.67	-0.01	81	94527	卖盘
09:47:55	11.68	--	170	198560	买盘
09:47:50	11.68	--	12	14016	买盘
09:47:44	11.68	-0.01	667	779056	卖盘
09:47:40	11.69	--	603	704907	卖盘
09:47:35	11.69	--	202	236138	卖盘
09:47:29	11.69	--	83	97027	卖盘
09:47:23	11.69	--	8	9352	卖盘
09:47:20	11.69	-0.01	226	264194	卖盘
09:47:14	11.7	--	46	53820	卖盘
09:47:08	11.7	0.01	55	64349	买盘
09:47:04	11.69	-0.01	542	633598	卖盘
09:46:59	11.7	--	63	73710	买盘
09:46:53	11.7	--	152	177840	买盘
09:46:50	11.7	0.01	63	73710	买盘
09:46:44	11.69	-0.01	200	233800	卖盘
09:46:38	11.7	--	82	95940	买盘
09:46:34	11.7	--	31	36270	买盘
09:46:29	11.7	--	16	18720	买盘
09:46:23	11.7	-0.01	101	118170	中性盘
09:46:20	11.71	--	183	214293	买盘
09:46:14	11.71	--	62	72602	买盘
09:46:08	11.71	--	443	518753	买盘
09:46:05	11.71	--	66	77286	买盘
09:45:59	11.71	--	236	276356	买盘
09:45:53	11.71	--	25	29275	买盘
09:45:50	11.71	--	260	304460	买盘
09:45:44	11.71	--	222	259962	买盘
09:45:38	11.71	-0.01	181	211951	卖盘
09:45:35	11.72	0.01	5	5860	买盘
09:45:29	11.71	-0.01	41	48011	卖盘
09:45:23	11.72	--	9	10548	买盘
09:45:20	11.72	0.02	406	475832	买盘
09:45:14	11.7	--	12	14040	卖盘
09:45:08	11.7	--	172	201240	卖盘
09:45:04	11.7	--	17	19890	卖盘
09:44:59	11.7	0.01	96	112320	中性盘
09:44:53	11.69	0.01	13	15197	买盘
09:44:49	11.68	-0.02	180	210240	卖盘
09:44:44	11.7	0.01	124	145080	买盘
09:44:38	11.69	--	26	30394	卖盘
09:44:34	11.69	0.01	17	19873	中性盘
09:44:29	11.68	-0.01	111	129648	卖盘
09:44:23	11.69	--	201	234969	买盘
09:44:19	11.69	--	518	605542	买盘
09:44:14	11.69	--	253	295757	买盘
09:44:08	11.69	--	21	24549	买盘
09:44:04	11.69	--	176	205744	买盘
09:43:59	11.69	0.01	203	237307	买盘
09:43:53	11.68	-0.01	2	2336	卖盘
09:43:49	11.69	--	80	93520	买盘
09:43:44	11.69	0.02	262	306278	买盘
09:43:38	11.67	-0.01	290	338430	卖盘
09:43:34	11.68	-0.01	78	91104	卖盘
09:43:29	11.69	0.01	5	5845	买盘
09:43:23	11.68	--	20	23360	卖盘
09:43:19	11.68	0.01	227	265136	买盘
09:43:14	11.67	--	74	86358	卖盘
09:43:08	11.67	--	10	11670	卖盘
09:43:04	11.67	-0.01	584	681528	卖盘
09:42:59	11.68	0.01	44	51392	买盘
09:42:53	11.67	--	4	4668	卖盘
09:42:49	11.67	--	20	23340	卖盘
09:42:44	11.67	--	82	95694	买盘
09:42:38	11.67	--	90	105030	买盘
09:42:34	11.67	-0.01	438	511146	卖盘
09:42:29	11.68	--	284	331712	卖盘
09:42:23	11.68	--	264	308352	买盘
09:42:19	11.68	0.01	504	588672	买盘
09:42:14	11.67	--	116	135372	卖盘
09:42:08	11.67	-0.01	326	380442	卖盘
09:42:04	11.68	0.01	271	316528	买盘
09:41:59	11.67	-0.01	132	154044	卖盘
09:41:53	11.68	0.01	32	37376	买盘
09:41:49	11.67	-0.01	272	317424	卖盘
09:41:44	11.68	--	207	241776	买盘
09:41:38	11.68	--	75	87600	买盘
09:41:33	11.68	--	151	176368	买盘
09:41:29	11.68	0.01	30	35040	买盘
09:41:23	11.67	-0.01	54	63018	卖盘
09:41:19	11.68	0.01	84	98112	买盘
09:41:14	11.67	--	240	280080	卖盘
09:41:08	11.67	--	32	37344	卖盘
09:41:03	11.67	--	54	63018	买盘
09:40:59	11.67	--	382	445794	买盘
09:40:53	11.67	0.01	203	236901	买盘
09:40:47	11.66	-0.01	15	17490	卖盘
09:40:44	11.67	0.01	8	9336	买盘
09:40:38	11.66	0.01	35	40810	中性盘
09:40:32	11.65	-0.01	168	195720	卖盘
09:40:29	11.66	0.01	211	246026	买盘
09:40:23	11.65	--	977	1138205	卖盘
09:40:17	11.65	--	35	40775	卖盘
09:40:13	11.65	-0.01	124	144460	卖盘
09:40:08	11.66	--	110	128260	买盘
09:40:02	11.66	0.02	75	87450	买盘
09:39:59	11.64	-0.01	238	277032	卖盘
09:39:53	11.65	--	143	166595	买盘
09:39:47	11.65	0.01	69	80385	买盘
09:39:44	11.64	-0.01	159	185076	卖盘
09:39:38	11.65	0.01	52	60580	买盘
09:39:32	11.64	--	39	45396	卖盘
09:39:29	11.64	--	214	249096	买盘
09:39:23	11.64	0.01	38	44232	买盘
09:39:17	11.63	--	8	9304	卖盘
09:39:14	11.63	0.01	193	224459	卖盘
09:39:08	11.62	-0.02	607	705334	卖盘
09:39:02	11.64	0.01	560	651840	卖盘
09:38:59	11.63	--	1327	1543301	卖盘
09:38:53	11.63	-0.01	181	210503	卖盘
09:38:47	11.64	--	688	801297	卖盘
09:38:44	11.64	--	202	235128	买盘
09:38:38	11.64	0.01	774	900936	买盘
09:38:32	11.63	-0.01	74	86062	卖盘
09:38:28	11.64	0.01	564	656496	买盘
09:38:23	11.63	--	129	150027	卖盘
09:38:17	11.63	-0.02	36	41868	卖盘
09:38:13	11.65	0.02	104	121160	买盘
09:38:08	11.63	-0.01	1439	1673557	卖盘
09:38:02	11.64	--	44	51216	卖盘
09:37:58	11.64	-0.01	616	717024	卖盘
09:37:53	11.65	--	484	563860	买盘
09:37:47	11.65	--	25	29125	买盘
09:37:43	11.65	--	141	164265	买盘
09:37:38	11.65	-0.01	137	159605	卖盘
09:37:32	11.66	0.01	96	111936	买盘
09:37:28	11.65	--	345	401925	卖盘
09:37:23	11.65	-0.01	108	125820	卖盘
09:37:17	11.66	--	98	114268	买盘
09:37:13	11.66	0.01	353	411598	买盘
09:37:08	11.65	--	719	837635	卖盘
09:37:02	11.65	-0.01	78	90870	卖盘
09:36:58	11.66	--	22	25652	买盘
09:36:53	11.66	--	276	321816	买盘
09:36:47	11.66	0.01	204	237864	买盘
09:36:43	11.65	--	758	883070	卖盘
09:36:38	11.65	-0.01	91	106015	卖盘
09:36:32	11.66	--	235	274010	买盘
09:36:28	11.66	0.01	506	589996	买盘
09:36:23	11.65	-0.01	62	72230	卖盘
09:36:17	11.66	0.01	483	563178	买盘
09:36:13	11.65	--	370	431050	卖盘
09:36:08	11.65	--	238	277270	买盘
09:36:02	11.65	--	201	234165	买盘
09:35:58	11.65	--	253	294745	卖盘
09:35:53	11.65	-0.01	450	524250	卖盘
09:35:47	11.66	0.01	383	446578	买盘
09:35:43	11.65	--	343	399595	卖盘
09:35:38	11.65	-0.01	350	407750	卖盘
09:35:32	11.66	--	80	93280	买盘
09:35:28	11.66	--	34	39644	买盘
09:35:23	11.66	--	136	158576	买盘
09:35:17	11.66	--	261	304326	卖盘
09:35:13	11.66	-0.01	325	378950	卖盘
09:35:08	11.67	0.01	309	360603	买盘
09:35:02	11.66	--	1839	2144274	卖盘
09:34:58	11.66	-0.01	160	186560	卖盘
09:34:53	11.67	--	300	350100	买盘
09:34:47	11.67	0.01	828	966276	买盘
09:34:43	11.66	--	347	404602	卖盘
09:34:38	11.66	-0.01	426	496716	卖盘
09:34:32	11.67	--	97	113199	买盘
09:34:28	11.67	--	271	316257	买盘
09:34:23	11.67	--	860	1004320	卖盘
09:34:17	11.67	0.01	356	415918	买盘
09:34:11	11.66	-0.01	245	286369	卖盘
09:34:08	11.67	--	321	375073	买盘
09:34:02	11.67	--	354	413118	买盘
09:33:56	11.67	--	239	278913	买盘
09:33:53	11.67	--	670	782590	卖盘
09:33:47	11.67	--	585	682695	卖盘
09:33:41	11.67	--	466	543822	卖盘
09:33:38	11.67	--	1634	1907344	卖盘
09:33:32	11.67	-0.01	373	435291	卖盘
09:33:26	11.68	--	50	58400	买盘
09:33:23	11.68	0.01	1125	1314000	买盘
09:33:17	11.67	--	367	428289	买盘
09:33:11	11.67	--	245	285915	买盘
09:33:07	11.67	--	279	325593	买盘
09:33:02	11.67	--	158	184386	买盘
09:32:56	11.67	--	121	141207	买盘
09:32:52	11.67	--	54	63018	买盘
09:32:47	11.67	0.02	270	315090	买盘
09:32:41	11.65	--	31	36115	卖盘
09:32:38	11.65	-0.01	591	688515	卖盘
09:32:32	11.66	0.02	605	705430	买盘
09:32:26	11.64	-0.01	180	209520	卖盘
09:32:22	11.65	0.01	300	349500	买盘
09:32:17	11.64	0.01	483	562212	买盘
09:32:11	11.63	-0.01	589	685007	卖盘
09:32:08	11.64	0.02	1367	1591188	买盘
09:32:02	11.62	--	356	413672	卖盘
09:31:56	11.62	-0.01	125	145250	卖盘
09:31:52	11.63	0.01	401	466363	买盘
09:31:47	11.62	0.02	325	377650	中性盘
09:31:41	11.6	-0.02	197	228520	卖盘
09:31:37	11.62	0.01	1027	1193374	买盘
09:31:32	11.61	-0.01	109	126549	卖盘
09:31:26	11.62	-0.01	282	327684	买盘
09:31:22	11.63	0.01	3189	3708807	买盘
09:31:17	11.62	--	921	1070202	卖盘
09:31:11	11.62	-0.01	169	196378	卖盘
09:31:07	11.63	--	499	580337	买盘
09:31:02	11.63	--	384	446592	卖盘
09:30:56	11.63	-0.02	132	153516	卖盘
09:30:52	11.65	--	255	297075	买盘
09:30:47	11.65	-0.01	1244	1449260	卖盘
09:30:41	11.66	-0.01	1456	1697696	卖盘
09:30:37	11.67	0.01	75	87525	中性盘
09:30:32	11.66	-0.02	783	912978	卖盘
09:30:26	11.68	--	21	24528	买盘
09:30:22	11.68	--	169	197392	买盘
09:30:17	11.68	-0.02	200	233600	卖盘
09:30:11	11.7	--	182	212940	买盘
09:30:07	11.7	--	2488	2910960	买盘
09:30:02	11.7	-0.05	351	410670	卖盘
09:28:43	11.75	--	0	0	买盘
09:25:01	11.75	11.75	2640	3102000	买盘
