成交时间	成交价	价格变动	成交量(手)	成交额(元)	性质
15:00:00	16.05	--	0	0	卖盘
15:00:00	16.05	--	0	0	卖盘
14:59:44	16.05	--	17	27285	买盘
14:59:38	16.05	-0.01	3	4815	卖盘
14:59:29	16.06	--	0	0	买盘
14:59:23	16.06	0.01	46	73876	买盘
14:59:19	16.05	--	40	64200	卖盘
14:59:14	16.05	--	65	104325	卖盘
14:59:04	16.05	--	22	35310	买盘
14:58:59	16.05	--	8	12840	买盘
14:58:49	16.05	--	32	51360	卖盘
14:58:44	16.05	-0.01	49	78645	卖盘
14:58:29	16.06	--	10	16059	买盘
14:58:19	16.06	0.03	12	19272	买盘
14:58:14	16.03	-0.03	50	80150	卖盘
14:58:08	16.06	--	28	44968	买盘
14:58:04	16.06	--	0	0	买盘
14:57:49	16.06	0.02	10	16059	买盘
14:57:44	16.04	0.01	3	4812	买盘
14:57:29	16.03	--	1	1603	卖盘
14:57:23	16.03	--	0	0	卖盘
14:57:14	16.03	-0.03	38	60914	卖盘
14:57:08	16.06	--	60	96359	买盘
14:57:04	16.06	--	0	0	买盘
14:56:59	16.06	--	6	9636	买盘
14:56:44	16.06	--	28	44968	买盘
14:56:38	16.06	-0.01	10	16059	卖盘
14:56:29	16.07	--	48	77136	买盘
14:56:23	16.07	--	35	56245	买盘
14:56:08	16.07	-0.01	30	48210	卖盘
14:55:44	16.08	0.01	61	98087	买盘
14:55:38	16.07	--	40	64280	买盘
14:55:34	16.07	--	0	0	中性盘
14:55:29	16.07	-0.01	10	16070	卖盘
14:55:04	16.08	--	0	0	买盘
14:54:59	16.08	0.02	31	49847	买盘
14:54:53	16.06	--	30	48179	卖盘
14:54:43	16.06	0.01	2	3211	中性盘
14:54:38	16.05	-0.03	15	24075	卖盘
14:54:32	16.08	0.02	81	130247	买盘
14:54:28	16.06	-0.01	24	38544	买盘
14:54:13	16.07	--	0	0	买盘
14:54:08	16.07	0.02	43	69101	买盘
14:54:02	16.05	0.01	25	40125	买盘
14:53:58	16.04	--	1	1604	卖盘
14:53:53	16.04	--	17	27268	买盘
14:53:38	16.04	0.02	68	109072	买盘
14:53:28	16.02	--	0	0	卖盘
14:53:17	16.02	--	1	1602	卖盘
14:53:08	16.02	--	10	16020	卖盘
14:52:58	16.02	--	0	0	卖盘
14:52:53	16.02	0.01	58	92916	买盘
14:52:43	16.01	--	36	57636	卖盘
14:52:17	16.01	--	6	9606	卖盘
14:51:53	16.01	-0.01	5	8005	卖盘
14:51:47	16.02	0.01	4	6408	买盘
14:51:38	16.01	0.01	4	6404	买盘
14:51:32	16.0	-0.01	10	16000	卖盘
14:51:23	16.01	--	20	32020	买盘
14:51:17	16.01	--	5	8005	买盘
14:50:47	16.01	--	15	24015	买盘
14:50:32	16.01	--	1	1601	买盘
14:50:28	16.01	0.01	4	6404	中性盘
14:50:23	16.0	-0.01	41	65600	卖盘
14:50:13	16.01	--	27	43227	卖盘
14:50:08	16.01	0.01	10	16010	买盘
14:49:58	16.0	--	1	1600	卖盘
14:49:47	16.0	--	17	27200	买盘
14:49:32	16.0	--	132	211200	卖盘
14:49:23	16.0	-0.01	20	32000	卖盘
14:49:13	16.01	0.01	9	14409	买盘
14:48:58	16.0	--	13	20800	卖盘
14:48:53	16.0	--	16	25600	卖盘
14:48:47	16.0	-0.01	12	19200	卖盘
14:48:43	16.01	--	238	381038	买盘
14:48:11	16.01	0.01	2	3202	买盘
14:47:56	16.0	--	6	9600	卖盘
14:47:52	16.0	--	37	59200	卖盘
14:47:47	16.0	--	132	211200	卖盘
14:47:32	16.0	--	14	22400	卖盘
14:47:17	16.0	-0.01	14	22400	卖盘
14:47:07	16.01	0.01	1	1601	买盘
14:46:47	16.0	--	6	9600	卖盘
14:46:37	16.0	--	14	22400	卖盘
14:46:32	16.0	--	6	9600	卖盘
14:46:22	16.0	-0.01	21	33600	卖盘
14:46:17	16.01	0.01	39	62439	卖盘
14:46:11	16.0	-0.01	200	320000	卖盘
14:46:07	16.01	--	1	1601	卖盘
14:45:56	16.01	-0.01	33	52833	卖盘
14:45:52	16.02	--	17	27234	买盘
14:45:07	16.02	0.01	4	6408	买盘
14:44:56	16.01	--	1	1601	卖盘
14:44:52	16.01	-0.01	60	96060	卖盘
14:44:11	16.02	0.01	10	16020	买盘
14:44:02	16.01	--	6	9606	卖盘
14:43:32	16.01	-0.02	7	11207	卖盘
14:42:56	16.03	0.01	50	80150	买盘
14:42:47	16.02	0.01	3	4806	买盘
14:42:41	16.01	-0.01	21	33621	买盘
14:42:26	16.02	--	20	32040	买盘
14:42:11	16.02	-0.01	10	16020	中性盘
14:42:07	16.03	0.01	74	118622	买盘
14:42:02	16.02	--	2	3204	买盘
14:41:56	16.02	--	0	0	买盘
14:41:41	16.02	--	39	62478	卖盘
14:41:26	16.02	--	6	9612	卖盘
14:41:16	16.02	0.02	168	270177	买盘
14:41:11	16.0	0.01	20	32000	卖盘
14:40:46	15.99	--	0	0	卖盘
14:40:31	15.99	-0.01	13	20787	卖盘
14:40:26	16.0	--	8	12800	卖盘
14:40:16	16.0	0.01	2	3200	卖盘
14:40:01	15.99	--	0	0	卖盘
14:39:56	15.99	-0.01	100	159900	卖盘
14:39:50	16.0	--	10	16000	卖盘
14:39:41	16.0	--	25	40000	买盘
14:39:26	16.0	0.01	4	6400	买盘
14:39:16	15.99	-0.02	1	1599	卖盘
14:39:11	16.01	--	0	0	买盘
14:39:01	16.01	0.01	3	4803	买盘
14:38:50	16.0	--	6	9600	卖盘
14:38:41	16.0	--	30	48000	卖盘
14:38:35	16.0	--	48	76800	买盘
14:38:26	16.0	--	5	8000	买盘
14:38:16	16.0	-0.01	39	62400	卖盘
14:37:46	16.01	--	5	8005	买盘
14:37:41	16.01	0.01	3	4803	买盘
14:37:35	16.0	--	33	52800	卖盘
14:36:56	16.0	--	20	32000	卖盘
14:36:26	16.0	--	43	68800	买盘
14:36:20	16.0	--	40	64000	卖盘
14:36:11	16.0	--	6	9600	卖盘
14:36:05	16.0	-0.01	45	72000	卖盘
14:35:50	16.01	0.01	40	64040	买盘
14:35:35	16.0	--	1	1600	卖盘
14:35:14	16.0	--	3	4800	卖盘
14:35:10	16.0	--	4	6400	买盘
14:35:05	16.0	0.01	10	16000	买盘
14:34:55	15.99	-0.01	33	52767	卖盘
14:34:50	16.0	--	21	33600	买盘
14:34:40	16.0	0.01	21	33600	买盘
14:34:25	15.99	--	5	7995	卖盘
14:34:10	15.99	--	19	30381	卖盘
14:33:55	15.99	--	22	35178	卖盘
14:33:50	15.99	-0.01	1	1599	卖盘
14:33:44	16.0	0.01	30	48000	买盘
14:33:29	15.99	--	53	84747	卖盘
14:33:25	15.99	-0.01	6	9594	卖盘
14:33:20	16.0	0.01	20	32000	买盘
14:33:14	15.99	--	7	11193	卖盘
14:33:10	15.99	-0.01	49	78351	卖盘
14:32:55	16.0	--	5	8000	买盘
14:32:50	16.0	--	10	16000	卖盘
14:32:40	16.0	--	14	22400	卖盘
14:32:35	16.0	-0.01	133	212800	卖盘
14:32:25	16.01	0.01	1	1601	买盘
14:32:14	16.0	-0.01	20	32000	卖盘
14:32:05	16.01	--	10	16010	买盘
14:31:50	16.01	0.01	10	16010	买盘
14:31:44	16.0	--	25	40000	卖盘
14:31:35	16.0	--	12	19200	卖盘
14:31:29	16.0	--	55	88000	卖盘
14:31:14	16.0	--	7	11200	卖盘
14:31:10	16.0	--	6	9600	卖盘
14:31:05	16.0	-0.01	128	204800	卖盘
14:30:50	16.01	--	44	70444	卖盘
14:30:35	16.01	--	6	9606	卖盘
14:30:29	16.01	0.01	2	3202	买盘
14:30:25	16.0	-0.01	7	11200	卖盘
14:30:14	16.01	--	18	28818	卖盘
14:29:59	16.01	--	34	54434	卖盘
14:29:50	16.01	--	1	1601	卖盘
14:29:44	16.01	--	10	16010	卖盘
14:29:40	16.01	--	12	19212	卖盘
14:29:35	16.01	-0.01	6	9606	卖盘
14:29:29	16.02	--	132	211464	买盘
14:29:25	16.02	0.01	13	20826	买盘
14:29:20	16.01	-0.01	2	3202	卖盘
14:28:50	16.02	0.01	30	48060	买盘
14:28:04	16.01	--	22	35222	卖盘
14:27:59	16.01	--	14	22414	卖盘
14:27:49	16.01	-0.01	10	16010	卖盘
14:27:44	16.02	0.01	25	40050	买盘
14:27:38	16.01	--	37	59237	卖盘
14:27:08	16.01	-0.01	1	1601	卖盘
14:26:59	16.02	0.01	1	1602	买盘
14:26:53	16.01	-0.01	100	160100	卖盘
14:26:49	16.02	--	65	104690	卖盘
14:26:44	16.02	--	2	3204	卖盘
14:26:23	16.02	--	79	126558	卖盘
14:26:04	16.02	--	21	33642	卖盘
14:25:44	16.02	0.01	0	1041	买盘
14:25:34	16.01	-0.01	7	11207	卖盘
14:25:29	16.02	--	11	18182	卖盘
14:25:19	16.02	-0.01	5	8010	卖盘
14:25:14	16.03	0.01	21	33663	买盘
14:25:08	16.02	--	57	91314	卖盘
14:24:53	16.02	--	1	1602	卖盘
14:24:49	16.02	--	14	22428	卖盘
14:24:34	16.02	-0.01	33	52866	卖盘
14:24:19	16.03	--	50	80150	买盘
14:23:59	16.03	0.01	20	32060	买盘
14:23:53	16.02	--	9	14418	卖盘
14:23:49	16.02	--	10	16020	卖盘
14:23:44	16.02	-0.01	9	14418	卖盘
14:23:34	16.03	--	10	16030	买盘
14:23:14	16.03	-0.02	306	490518	卖盘
14:23:08	16.05	-0.01	33	52965	卖盘
14:22:53	16.06	--	5	8029	卖盘
14:22:44	16.06	-0.01	1	1605	卖盘
14:22:34	16.07	0.02	2	3214	买盘
14:22:23	16.05	--	2	3210	卖盘
14:22:17	16.05	--	3	4815	卖盘
14:21:53	16.05	--	23	36915	卖盘
14:21:47	16.05	--	0	0	卖盘
14:21:43	16.05	-0.02	24	38520	卖盘
14:21:23	16.07	--	0	0	买盘
14:21:13	16.07	0.02	3	4821	买盘
14:21:02	16.05	-0.02	300	481500	卖盘
14:20:53	16.07	--	100	160700	卖盘
14:20:43	16.07	--	228	366396	买盘
14:20:38	16.07	0.01	5	8035	买盘
14:20:32	16.06	--	33	52997	卖盘
14:20:28	16.06	0.01	5	8029	买盘
14:20:13	16.05	--	6	9630	卖盘
14:20:08	16.05	-0.03	36	57780	卖盘
14:20:02	16.08	--	0	0	买盘
14:19:53	16.08	--	41	65928	买盘
14:19:43	16.08	--	82	131856	买盘
14:19:32	16.08	--	5	8039	买盘
14:19:17	16.08	--	0	0	买盘
14:19:13	16.08	0.03	73	117383	买盘
14:19:02	16.05	-0.03	181	290505	卖盘
14:18:43	16.08	0.02	50	80399	买盘
14:18:32	16.06	--	0	0	卖盘
14:18:28	16.06	--	1	1605	卖盘
14:18:17	16.06	--	10	16059	买盘
14:18:13	16.06	--	3	4818	买盘
14:18:08	16.06	0.01	2	3211	买盘
14:17:43	16.05	0.02	300	481500	买盘
14:17:38	16.03	-0.01	39	62517	卖盘
14:17:32	16.04	--	20	32080	买盘
14:17:13	16.04	-0.01	185	296740	卖盘
14:17:08	16.05	--	10	16050	买盘
14:16:53	16.05	0.01	50	80250	买盘
14:16:38	16.04	--	1	1604	卖盘
14:16:32	16.04	--	9	14436	买盘
14:16:23	16.04	--	32	51328	买盘
14:15:37	16.04	--	10	16040	买盘
14:15:22	16.04	0.01	50	80200	买盘
14:15:07	16.03	--	20	32060	卖盘
14:14:41	16.03	0.01	12	19236	买盘
14:14:37	16.02	--	39	62478	卖盘
14:14:07	16.02	0.02	18	29877	买盘
14:13:56	16.0	--	0	0	卖盘
14:13:52	16.0	-0.02	10	16000	卖盘
14:13:47	16.02	--	15	24030	买盘
14:13:26	16.02	--	3	4806	买盘
14:13:22	16.02	--	16	25632	买盘
14:13:07	16.02	--	3	4806	买盘
14:12:56	16.02	--	31	49662	买盘
14:12:47	16.02	0.02	3	4806	买盘
14:12:41	16.0	-0.02	33	52800	卖盘
14:12:37	16.02	--	103	165006	买盘
14:12:32	16.02	--	3	4806	买盘
14:12:17	16.02	--	303	485406	买盘
14:12:11	16.02	--	3	4806	买盘
14:11:56	16.02	0.02	3	4806	买盘
14:11:52	16.0	--	6	9600	卖盘
14:11:47	16.0	-0.02	58	92800	卖盘
14:11:41	16.02	0.01	56	89712	买盘
14:11:37	16.01	-0.01	6	9606	卖盘
14:11:32	16.02	--	3	4806	买盘
14:11:26	16.02	--	0	0	买盘
14:11:22	16.02	--	28	44856	买盘
14:11:11	16.02	--	12	19224	买盘
14:11:02	16.02	0.03	3	4806	买盘
14:10:47	15.99	-0.03	20	31980	卖盘
14:10:41	16.02	--	3	4806	买盘
14:10:37	16.02	--	0	0	买盘
14:10:32	16.02	0.02	3	4806	买盘
14:10:26	16.0	--	16	25600	买盘
14:10:21	16.0	-0.02	28	45360	卖盘
14:10:11	16.02	--	3	4806	买盘
14:10:01	16.02	--	3	4806	买盘
14:09:41	16.02	0.02	9	14418	买盘
14:09:31	16.0	0.01	1	2640	买盘
14:09:16	15.99	-0.01	10	15990	卖盘
14:09:01	16.0	-0.05	413	661360	卖盘
14:08:56	16.05	0.03	13	20865	买盘
14:08:41	16.02	-0.03	23	36846	卖盘
14:08:26	16.05	0.03	3	4815	买盘
14:08:16	16.02	--	6	9612	卖盘
14:08:01	16.02	--	14	22428	卖盘
14:07:56	16.02	--	1	1602	买盘
14:07:41	16.02	-0.03	5	8010	卖盘
14:07:31	16.05	--	3	4815	买盘
14:07:01	16.05	--	3	4815	买盘
14:06:50	16.05	0.03	3	4815	买盘
14:06:46	16.02	--	30	48060	卖盘
14:06:41	16.02	--	6	9612	卖盘
14:06:35	16.02	-0.01	11	17622	卖盘
14:06:31	16.03	--	0	0	买盘
14:06:20	16.03	-0.02	25	40075	卖盘
14:06:11	16.05	0.02	6	9630	买盘
14:06:05	16.03	--	30	48090	卖盘
14:05:56	16.03	--	14	22442	卖盘
14:05:50	16.03	--	13	20839	卖盘
14:05:46	16.03	--	4	6412	买盘
14:05:41	16.03	--	2	3206	买盘
14:05:35	16.03	0.02	35	56105	买盘
14:05:26	16.01	--	0	0	卖盘
14:05:20	16.01	-0.02	55	88055	卖盘
14:05:05	16.03	--	1	3045	买盘
14:04:56	16.03	--	3	4809	买盘
14:04:50	16.03	--	3	4809	买盘
14:04:35	16.03	0.02	181	290143	买盘
14:04:20	16.01	--	16	25616	卖盘
14:04:16	16.01	-0.01	36	57636	卖盘
14:04:11	16.02	-0.01	16	25632	买盘
14:04:05	16.03	--	0	0	买盘
14:04:01	16.03	--	9	14427	买盘
14:03:50	16.03	--	8	12824	买盘
14:03:35	16.03	--	7	11221	买盘
14:03:25	16.03	0.02	6	9618	买盘
14:03:14	16.01	-0.02	24	38424	卖盘
14:03:05	16.03	0.02	35	56105	买盘
14:02:59	16.01	-0.02	3	4803	卖盘
14:02:55	16.03	--	3	4809	买盘
14:02:44	16.03	--	8	12824	买盘
14:02:40	16.03	--	11	17633	买盘
14:02:25	16.03	--	3	4809	买盘
14:02:20	16.03	--	0	0	买盘
14:02:14	16.03	0.03	6	9618	买盘
14:02:10	16.0	-0.03	600	960000	卖盘
14:02:05	16.03	0.01	6	9618	买盘
14:01:59	16.02	-0.01	28	44856	卖盘
14:01:40	16.03	0.01	8	12824	买盘
14:01:35	16.02	-0.01	6	9612	卖盘
14:01:29	16.03	--	29	46487	买盘
14:01:25	16.03	--	135	216405	卖盘
14:01:20	16.03	-0.02	11	17633	卖盘
14:01:05	16.05	0.01	10	16050	买盘
14:00:59	16.04	--	0	0	卖盘
14:00:55	16.04	-0.03	33	52932	卖盘
14:00:50	16.07	0.02	29	46603	买盘
14:00:44	16.05	--	28	44940	卖盘
14:00:40	16.05	--	26	41730	卖盘
14:00:35	16.05	--	4	6420	卖盘
14:00:25	16.05	--	25	40125	卖盘
14:00:05	16.05	0.01	34	54570	买盘
13:59:59	16.04	-0.01	33	52932	卖盘
13:59:50	16.05	--	10	16050	买盘
13:59:44	16.05	-0.02	97	155685	卖盘
13:59:35	16.07	0.02	2	3214	买盘
13:59:14	16.05	--	0	0	中性盘
13:59:10	16.05	--	5	8025	买盘
13:58:59	16.05	--	4	6420	买盘
13:58:50	16.05	--	93	149265	买盘
13:58:44	16.05	-0.02	46	73830	卖盘
13:58:20	16.07	0.02	14	22498	买盘
13:58:14	16.05	--	17	27285	卖盘
13:57:50	16.05	--	5	8025	卖盘
13:57:44	16.05	-0.02	20	32100	卖盘
13:56:50	16.07	--	2	3214	买盘
13:56:44	16.07	--	26	41782	卖盘
13:56:38	16.07	0.01	10	16070	卖盘
13:56:23	16.06	--	0	0	卖盘
13:56:19	16.06	--	2	3211	卖盘
13:56:14	16.06	-0.01	29	46573	卖盘
13:56:04	16.07	-0.01	13	20891	卖盘
13:55:59	16.08	--	56	90047	卖盘
13:55:49	16.08	-0.02	1	1607	卖盘
13:55:44	16.1	0.02	11	17710	买盘
13:55:38	16.08	--	1	1607	卖盘
13:55:23	16.08	-0.02	1	1607	卖盘
13:55:08	16.1	0.01	35	56350	买盘
13:55:04	16.09	-0.02	13	20917	卖盘
13:54:59	16.11	--	65	104715	卖盘
13:54:44	16.11	--	5	8055	卖盘
13:54:38	16.11	0.01	35	56385	买盘
13:54:29	16.1	0.01	30	48300	买盘
13:54:23	16.09	-0.01	10	16090	卖盘
13:54:19	16.1	-0.01	39	62790	卖盘
13:54:08	16.11	0.01	3	4833	买盘
13:53:49	16.1	0.01	14	22540	中性盘
13:53:38	16.09	-0.01	30	48270	卖盘
13:53:29	16.1	0.01	300	483000	买盘
13:53:19	16.09	-0.02	102	164118	卖盘
13:53:08	16.11	--	76	122436	买盘
13:53:04	16.11	--	2	3222	买盘
13:52:38	16.11	-0.01	20	32220	卖盘
13:52:34	16.12	--	0	0	买盘
13:52:29	16.12	0.02	100	161200	买盘
13:52:23	16.1	-0.01	4	6440	卖盘
13:52:13	16.11	--	17	27387	买盘
13:51:53	16.11	--	3	4833	卖盘
13:51:43	16.11	0.01	17	27387	买盘
13:51:34	16.1	0.01	1	1610	卖盘
13:51:29	16.09	-0.01	123	197907	卖盘
13:51:14	16.1	0.01	35	56350	买盘
13:51:08	16.09	-0.01	10	16090	卖盘
13:51:03	16.1	--	20	32200	买盘
13:50:53	16.1	0.01	20	32200	买盘
13:50:43	16.09	--	5	8045	买盘
13:50:38	16.09	0.01	100	160900	买盘
13:50:32	16.08	--	9	14471	卖盘
13:50:23	16.08	--	2	3215	卖盘
13:50:08	16.08	0.01	40	64319	买盘
13:50:02	16.07	0.01	3	4821	买盘
13:49:28	16.06	--	7	11242	卖盘
13:49:23	16.06	0.01	20	32119	卖盘
13:49:13	16.05	--	0	0	卖盘
13:49:02	16.05	-0.03	3	4815	卖盘
13:48:28	16.08	0.03	7	11255	买盘
13:48:13	16.05	--	16	25680	卖盘
13:47:53	16.05	--	8	12840	买盘
13:47:43	16.05	--	0	0	买盘
13:47:28	16.05	-0.03	88	141240	卖盘
13:47:23	16.08	0.03	16	25727	买盘
13:47:17	16.05	-0.01	21	33705	卖盘
13:46:58	16.06	--	31	49785	买盘
13:46:53	16.06	--	62	99571	买盘
13:46:47	16.06	--	2	3211	买盘
13:46:43	16.06	--	20	32119	买盘
13:46:38	16.06	--	30	48179	买盘
13:46:32	16.06	0.01	1	1605	买盘
13:46:13	16.05	--	3	4815	买盘
13:46:02	16.05	-0.01	3	4815	买盘
13:45:53	16.06	--	0	0	买盘
13:45:47	16.06	--	0	0	买盘
13:45:23	16.06	--	3	4818	买盘
13:45:17	16.06	--	10	16059	买盘
13:45:13	16.06	--	42	67452	买盘
13:45:02	16.06	--	0	0	买盘
13:44:47	16.06	--	0	0	买盘
13:44:42	16.06	0.03	133	213597	买盘
13:44:22	16.03	0.01	14	22442	买盘
13:43:07	16.02	--	8	12816	买盘
13:42:52	16.02	--	15	24030	买盘
13:42:37	16.02	--	18	28836	买盘
13:42:32	16.02	--	50	80100	买盘
13:42:22	16.02	-0.01	3	4806	卖盘
13:42:11	16.03	--	0	0	买盘
13:42:07	16.03	0.02	40	64120	买盘
13:42:02	16.01	-0.01	100	160100	卖盘
13:41:47	16.02	0.01	1	1602	买盘
13:41:41	16.01	-0.01	1	1601	卖盘
13:41:26	16.02	--	3	4806	卖盘
13:41:22	16.02	--	0	0	卖盘
13:41:17	16.02	-0.01	93	148986	卖盘
13:41:07	16.03	--	0	0	买盘
13:40:17	16.03	--	1	1603	买盘
13:40:11	16.03	--	10	16030	卖盘
13:39:56	16.03	0.01	50	80150	卖盘
13:39:41	16.02	--	0	0	卖盘
13:39:11	16.02	-0.04	41	65682	卖盘
13:38:31	16.06	--	159	255353	卖盘
13:38:26	16.06	-0.01	40	64239	卖盘
13:38:16	16.07	-0.01	4	6428	中性盘
13:38:11	16.08	0.01	157	252455	买盘
13:38:06	16.07	-0.01	9	14463	卖盘
13:38:01	16.08	0.01	5	8039	买盘
13:37:56	16.07	-0.01	28	44996	卖盘
13:37:46	16.08	--	146	234767	卖盘
13:37:41	16.08	--	4	6431	卖盘
13:37:35	16.08	0.01	86	138287	买盘
13:37:31	16.07	--	16	25712	买盘
13:37:26	16.07	0.01	4	6428	买盘
13:37:20	16.06	--	4	6423	卖盘
13:37:05	16.06	--	0	0	卖盘
13:37:01	16.06	--	72	115631	买盘
13:36:46	16.06	--	40	64239	买盘
13:36:31	16.06	--	30	48179	买盘
13:36:26	16.06	--	0	0	买盘
13:36:16	16.06	0.06	28	44968	买盘
13:36:11	16.0	-0.06	400	640000	卖盘
13:36:05	16.06	0.03	106	170236	买盘
13:35:16	16.03	--	11	17633	卖盘
13:35:11	16.03	-0.03	1	1603	卖盘
13:35:05	16.06	-0.01	5	8029	买盘
13:34:46	16.07	--	27	43389	卖盘
13:34:35	16.07	-0.01	10	16070	买盘
13:34:31	16.08	--	0	0	买盘
13:34:11	16.08	--	505	812039	买盘
13:34:01	16.08	--	7	11255	买盘
13:33:56	16.08	--	17	27335	卖盘
13:33:50	16.08	--	20	32159	卖盘
13:33:41	16.08	0.01	55	88439	买盘
13:33:35	16.07	--	10	16070	卖盘
13:33:20	16.07	--	150	241050	卖盘
13:33:05	16.07	--	29	46603	买盘
13:33:01	16.07	--	12	19284	买盘
13:32:55	16.07	0.02	37	59459	买盘
13:32:50	16.05	-0.02	50	80250	卖盘
13:32:40	16.07	0.02	12	19284	买盘
13:32:20	16.05	--	1	1605	卖盘
13:32:10	16.05	0.04	212	340260	买盘
13:31:55	16.01	--	12	19212	买盘
13:31:50	16.01	--	80	128080	买盘
13:31:25	16.01	--	2	3202	买盘
13:31:20	16.01	--	2	3202	买盘
13:31:10	16.01	0.01	47	75247	买盘
13:31:05	16.0	-0.01	44	70400	卖盘
13:30:59	16.01	--	5	8005	买盘
13:30:55	16.01	--	7	11207	买盘
13:30:25	16.01	0.01	100	160100	买盘
13:30:20	16.0	--	4	6400	卖盘
13:30:10	16.0	--	6	9600	卖盘
13:29:59	16.0	--	5	8000	卖盘
13:29:44	16.0	--	380	609200	买盘
13:29:14	16.0	--	18	29200	卖盘
13:28:35	16.0	-0.01	1	1600	卖盘
13:28:29	16.01	0.01	1	1601	买盘
13:27:44	16.0	-0.01	14	22400	卖盘
13:27:40	16.01	0.01	11	17611	买盘
13:27:35	16.0	--	12	19200	卖盘
13:27:14	16.0	--	2	3200	卖盘
13:27:09	16.0	--	2	3200	卖盘
13:27:05	16.0	--	21	33600	卖盘
13:26:59	16.0	--	140	224000	卖盘
13:26:49	16.0	--	100	160000	卖盘
13:26:19	16.0	--	11	17600	卖盘
13:26:14	16.0	--	7	11200	卖盘
13:25:59	16.0	--	2	3200	卖盘
13:25:49	16.0	--	84	134992	卖盘
13:25:44	16.0	--	398	637408	买盘
13:25:04	16.0	--	3	4800	买盘
13:24:49	16.0	--	5	8000	买盘
13:24:44	16.0	--	91	145600	买盘
13:24:38	16.0	--	14	22400	卖盘
13:24:08	16.0	--	34	54400	卖盘
13:23:44	16.0	--	29	46400	买盘
13:23:34	16.0	0.01	25	40000	买盘
13:23:29	15.99	-0.01	4	6396	卖盘
13:22:34	16.0	--	76	121600	买盘
13:21:53	16.0	--	150	240000	买盘
13:21:29	16.0	--	117	187200	买盘
13:21:04	16.0	0.01	7	11200	买盘
13:20:33	15.99	-0.01	21	33579	卖盘
13:20:29	16.0	--	12	19200	买盘
13:20:13	16.0	0.01	10	16000	买盘
13:19:43	15.99	-0.01	17	27183	卖盘
13:19:38	16.0	0.01	2	3200	买盘
13:19:08	15.99	--	93	148707	买盘
13:18:58	15.99	0.01	2	3198	买盘
13:18:53	15.98	-0.01	1	1598	卖盘
13:18:48	15.99	--	3	4797	买盘
13:18:38	15.99	--	2	3198	买盘
13:18:28	15.99	-0.01	103	164697	卖盘
13:18:13	16.0	--	10	16000	买盘
13:18:08	16.0	0.01	80	128000	买盘
13:18:02	15.99	-0.01	1	1599	卖盘
13:17:53	16.0	--	6	9600	买盘
13:17:43	16.0	--	55	88000	卖盘
13:17:32	16.0	--	2	3200	卖盘
13:17:17	16.0	--	9	14400	卖盘
13:17:08	16.0	-0.01	45	72000	卖盘
13:16:17	16.01	--	5	8005	买盘
13:16:02	16.01	-0.01	76	121676	卖盘
13:15:53	16.02	--	130	208260	买盘
13:15:38	16.02	--	20	32040	买盘
13:15:13	16.02	--	0	0	买盘
13:14:58	16.02	--	10	16020	买盘
13:14:53	16.02	--	45	72090	买盘
13:14:47	16.02	--	31	49662	买盘
13:14:38	16.02	--	33	52866	买盘
13:14:28	16.02	0.01	2	3204	买盘
13:14:23	16.01	-0.01	20	32020	卖盘
13:14:17	16.02	--	20	32040	买盘
13:14:13	16.02	--	86	137772	买盘
13:14:02	16.02	0.02	10	16020	买盘
13:13:37	16.0	--	0	0	卖盘
13:13:27	16.0	--	57	91200	买盘
13:13:22	16.0	--	46	73600	买盘
13:13:17	16.0	--	8	12800	买盘
13:13:12	16.0	--	36	57600	买盘
13:13:02	16.0	--	255	408000	买盘
13:12:57	16.0	--	7	11200	买盘
13:12:47	16.0	--	15	24000	买盘
13:12:42	16.0	--	200	320000	买盘
13:12:32	16.0	--	20	32000	买盘
13:12:22	16.0	--	133	212800	买盘
13:12:02	16.0	0.01	10	16000	买盘
13:11:52	15.99	-0.01	18	28782	卖盘
13:11:37	16.0	-0.05	41	65600	卖盘
13:11:07	16.05	--	30	48150	买盘
13:10:47	16.05	0.02	5	8025	买盘
13:10:32	16.03	--	0	0	中性盘
13:10:02	16.03	--	0	0	买盘
13:09:52	16.03	-0.04	5	8015	卖盘
13:07:47	16.07	0.03	121	194447	买盘
13:07:41	16.04	--	0	0	买盘
13:07:37	16.04	--	0	0	买盘
13:07:11	16.04	--	0	0	买盘
13:07:06	16.04	0.01	31	49724	买盘
13:06:41	16.03	--	0	0	买盘
13:06:16	16.03	0.06	75	120225	买盘
13:06:11	15.97	-0.01	5	7985	卖盘
13:05:56	15.98	--	16	25568	买盘
13:05:41	15.98	--	1	1598	买盘
13:05:11	15.98	--	44	70312	卖盘
13:04:51	15.98	-0.01	9	14382	卖盘
13:04:16	15.99	--	1	1599	买盘
13:04:05	15.99	--	2	3198	买盘
13:03:26	15.99	--	10	15990	买盘
13:03:11	15.99	--	58	92742	卖盘
13:02:56	15.99	--	10	15990	卖盘
13:02:26	15.99	--	0	0	卖盘
13:02:01	15.99	--	35	55965	卖盘
13:01:31	15.99	--	0	0	卖盘
13:01:01	15.99	-0.01	50	79950	卖盘
13:00:45	16.0	--	0	0	卖盘
13:00:25	16.0	0.01	119	190400	买盘
13:00:11	15.99	-0.01	16	25584	卖盘
13:00:05	16.0	--	66	105600	买盘
11:30:00	16.0	--	0	0	买盘
11:29:59	16.0	--	0	0	买盘
11:29:46	16.0	--	15	24000	买盘
11:29:25	16.0	--	3	4800	买盘
11:29:10	16.0	--	22	35200	买盘
11:28:31	16.0	0.01	6	9600	买盘
11:28:16	15.99	--	20	31980	卖盘
11:27:31	15.99	0.02	15	23985	买盘
11:26:51	15.97	--	0	0	卖盘
11:26:25	15.97	-0.02	56	89432	卖盘
11:25:51	15.99	--	30	47970	买盘
11:25:46	15.99	--	0	0	中性盘
11:25:10	15.99	--	0	0	买盘
11:24:51	15.99	0.02	3	4797	买盘
11:24:46	15.97	-0.02	43	68671	卖盘
11:24:40	15.99	-0.01	5	7995	卖盘
11:24:25	16.0	0.01	20	32000	买盘
11:24:10	15.99	-0.01	1	1599	卖盘
11:24:01	16.0	0.01	3	4800	买盘
11:23:16	15.99	--	1	1599	卖盘
11:22:55	15.99	--	20	31980	卖盘
11:22:45	15.99	--	5	7995	卖盘
11:22:30	15.99	0.03	64	102336	买盘
11:22:25	15.96	-0.02	71	113316	卖盘
11:21:45	15.98	--	1	1598	卖盘
11:21:40	15.98	0.01	33	52734	买盘
11:21:15	15.97	--	48	76656	卖盘
11:21:10	15.97	-0.01	5	7985	卖盘
11:20:30	15.98	--	3	4794	买盘
11:20:25	15.98	-0.01	18	28764	卖盘
11:20:19	15.99	0.01	24	38376	买盘
11:20:10	15.98	--	20	31960	卖盘
11:20:04	15.98	--	34	54332	卖盘
11:20:00	15.98	--	36	57528	卖盘
11:19:49	15.98	--	15	23970	卖盘
11:19:40	15.98	--	18	28764	卖盘
11:19:34	15.98	-0.01	70	111860	卖盘
11:19:19	15.99	--	152	243048	卖盘
11:18:34	15.99	--	19	30381	卖盘
11:18:04	15.99	--	55	87945	卖盘
11:17:55	15.99	--	2	3198	卖盘
11:17:25	15.99	-0.01	15	23985	卖盘
11:17:10	16.0	--	30	48000	买盘
11:17:04	16.0	-0.02	68	108800	卖盘
11:16:55	16.02	--	10	16020	买盘
11:16:39	16.02	--	0	0	买盘
11:16:24	16.02	--	0	0	买盘
11:16:19	16.02	--	50	80100	买盘
11:16:04	16.02	--	19	30438	卖盘
11:15:34	16.02	--	1	1602	买盘
11:15:19	16.02	--	7	11214	买盘
11:15:09	16.02	--	0	0	买盘
11:14:49	16.02	0.02	61	97722	买盘
11:14:43	16.0	--	0	0	卖盘
11:14:39	16.0	--	0	0	卖盘
11:14:13	16.0	--	6	9600	买盘
11:14:09	16.0	--	17	27200	买盘
11:14:04	16.0	--	5	8000	买盘
11:13:58	16.0	-0.02	272	435200	卖盘
11:13:39	16.02	-0.01	10	16020	卖盘
11:13:28	16.03	0.01	134	214802	买盘
11:13:19	16.02	-0.01	19	30438	中性盘
11:13:13	16.03	--	30	48090	买盘
11:12:54	16.03	0.02	40	64120	买盘
11:12:49	16.01	--	1	1601	买盘
11:12:43	16.01	--	36	57636	买盘
11:12:34	16.01	--	82	131282	买盘
11:12:28	16.01	--	30	48030	买盘
11:12:24	16.01	--	18	28818	买盘
11:12:13	16.01	--	20	32020	买盘
11:12:04	16.01	--	16	25616	卖盘
11:11:49	16.01	--	6	9606	卖盘
11:11:28	16.01	--	4	6404	买盘
11:10:58	16.01	-0.01	5	8005	卖盘
11:10:43	16.02	--	0	0	中性盘
11:10:13	16.02	--	0	0	买盘
11:10:07	16.02	-0.01	10	16020	卖盘
11:10:03	16.03	--	10	16030	买盘
11:09:18	16.03	--	18	28854	买盘
11:09:03	16.03	0.01	5	8015	买盘
11:08:48	16.02	-0.01	10	16020	买盘
11:08:37	16.03	--	0	0	买盘
11:08:22	16.03	0.01	30	48090	买盘
11:08:18	16.02	0.02	10	16020	买盘
11:08:03	16.0	0.02	389	622400	买盘
11:07:52	15.98	-0.01	2	3196	卖盘
11:07:48	15.99	0.01	40	63960	买盘
11:07:33	15.98	--	5	7990	卖盘
11:06:37	15.98	--	15	23970	卖盘
11:05:37	15.98	--	30	47940	卖盘
11:05:28	15.98	--	10	15980	卖盘
11:04:58	15.98	0.01	11	17578	买盘
11:04:46	15.97	-0.01	16	25552	卖盘
11:04:43	15.98	0.01	1	1598	买盘
11:04:22	15.97	--	9	14373	卖盘
11:04:12	15.97	--	10	15970	卖盘
11:04:07	15.97	--	30	47910	卖盘
11:03:57	15.97	-0.01	11	17567	卖盘
11:03:52	15.98	--	6	9588	卖盘
11:03:46	15.98	--	30	47940	卖盘
11:03:42	15.98	-0.01	8	12784	卖盘
11:03:37	15.99	0.01	26	41574	中性盘
11:03:31	15.98	--	18	28764	卖盘
11:03:27	15.98	--	0	0	卖盘
11:03:22	15.98	--	14	22372	卖盘
11:03:16	15.98	--	18	28764	卖盘
11:03:12	15.98	-0.01	16	25568	卖盘
11:03:01	15.99	0.01	1	1599	买盘
11:02:57	15.98	--	25	39950	卖盘
11:02:52	15.98	--	26	41548	卖盘
11:02:42	15.98	-0.01	16	25568	卖盘
11:02:31	15.99	--	1	1599	买盘
11:02:22	15.99	-0.01	20	31980	买盘
11:02:07	16.0	--	0	0	买盘
11:02:01	16.0	--	0	0	买盘
11:01:31	16.0	--	241	385600	卖盘
11:01:22	16.0	--	85	136000	卖盘
11:01:07	16.0	--	4	6400	买盘
11:00:37	16.0	--	160	256000	买盘
11:00:22	16.0	--	136	217600	卖盘
10:59:41	16.0	--	208	332800	买盘
10:59:07	16.0	--	19	30400	买盘
10:58:52	16.0	--	87	139200	卖盘
10:58:46	16.0	--	45	72000	买盘
10:58:36	16.0	--	70	112000	买盘
10:58:22	16.0	--	0	0	买盘
10:58:16	16.0	--	66	105600	卖盘
10:58:07	16.0	--	244	390400	买盘
10:57:52	16.0	--	1	1600	买盘
10:57:36	16.0	0.02	9	14400	买盘
10:57:31	15.98	-0.02	107	170986	卖盘
10:57:21	16.0	0.01	20	32000	买盘
10:57:16	15.99	-0.01	1	1599	卖盘
10:57:06	16.0	--	26	41600	卖盘
10:56:55	16.0	--	29	46400	卖盘
10:56:36	16.0	-0.02	74	118400	卖盘
10:56:21	16.02	0.03	19	30438	买盘
10:56:06	15.99	--	0	0	卖盘
10:55:51	15.99	-0.01	14	22386	卖盘
10:55:46	16.0	0.01	2	3200	买盘
10:55:36	15.99	-0.01	2	3198	卖盘
10:55:31	16.0	--	20	32000	买盘
10:55:25	16.0	--	5	8000	买盘
10:55:01	16.0	--	7	11200	买盘
10:54:55	16.0	-0.02	60	96000	卖盘
10:54:36	16.02	--	10	16020	卖盘
10:54:16	16.02	--	0	0	中性盘
10:54:10	16.02	-0.01	10	16020	买盘
10:54:06	16.03	--	0	0	买盘
10:53:55	16.03	--	0	0	买盘
10:53:51	16.03	0.03	6	9618	买盘
10:53:20	16.0	--	8	12800	买盘
10:53:10	16.0	--	2	3200	买盘
10:53:01	16.0	-0.03	20	32000	卖盘
10:52:16	16.03	--	0	0	买盘
10:51:55	16.03	--	0	0	买盘
10:51:49	16.03	0.05	30	48090	买盘
10:51:25	15.98	--	0	0	卖盘
10:51:10	15.98	-0.04	29	46342	卖盘
10:50:55	16.02	0.03	47	75294	买盘
10:50:34	15.99	--	7	11193	卖盘
10:50:25	15.99	-0.01	7	11193	买盘
10:50:19	16.0	--	23	36800	卖盘
10:50:00	16.0	--	61	97600	买盘
10:49:55	16.0	--	64	102400	买盘
10:49:45	16.0	--	12	19200	买盘
10:49:25	16.0	--	4	6400	卖盘
10:49:15	16.0	--	6	9600	买盘
10:49:04	16.0	--	37	59200	卖盘
10:49:00	16.0	--	10	16000	卖盘
10:48:55	16.0	--	20	32000	卖盘
10:48:40	16.0	--	5	8000	卖盘
10:48:34	16.0	--	10	16000	卖盘
10:48:19	16.0	--	1	1600	卖盘
10:48:15	16.0	0.01	126	201600	买盘
10:47:49	15.99	--	0	0	卖盘
10:47:40	15.99	--	8	12792	卖盘
10:47:30	15.99	--	67	107133	买盘
10:47:19	15.99	0.01	5	7995	买盘
10:46:55	15.98	0.01	2	3196	卖盘
10:46:28	15.97	--	0	0	卖盘
10:46:10	15.97	-0.03	10	15970	卖盘
10:45:49	16.0	--	12	19200	卖盘
10:45:34	16.0	--	8	12800	买盘
10:45:25	16.0	0.04	10	16000	买盘
10:45:19	15.96	--	0	0	卖盘
10:45:13	15.96	--	9	14364	卖盘
10:44:54	15.96	-0.04	114	181944	卖盘
10:44:49	16.0	--	12	19200	卖盘
10:44:43	16.0	--	0	0	卖盘
10:44:39	16.0	0.01	13	20800	买盘
10:44:19	15.99	-0.01	32	51168	卖盘
10:43:54	16.0	--	10	16000	买盘
10:43:34	16.0	--	5	8000	卖盘
10:43:24	16.0	0.02	15	24000	买盘
10:43:04	15.98	--	0	0	卖盘
10:42:54	15.98	--	8	12784	卖盘
10:42:39	15.98	--	63	100674	卖盘
10:42:34	15.98	--	5	7990	买盘
10:42:19	15.98	0.01	5	7990	买盘
10:42:13	15.97	--	227	362519	买盘
10:42:04	15.97	--	30	47910	买盘
10:41:54	15.97	-0.01	102	162894	卖盘
10:41:49	15.98	0.01	4	6392	买盘
10:41:43	15.97	-0.01	86	137342	卖盘
10:41:39	15.98	--	55	87890	买盘
10:41:34	15.98	--	3	4794	买盘
10:41:28	15.98	--	2	3196	买盘
10:41:19	15.98	--	9	14382	买盘
10:41:13	15.98	--	76	121448	买盘
10:40:58	15.98	--	10	15980	买盘
10:40:49	15.98	-0.01	327	522546	卖盘
10:40:39	15.99	--	40	63960	买盘
10:40:28	15.99	-0.01	58	92742	卖盘
10:40:19	16.0	0.01	5	8000	买盘
10:40:04	15.99	-0.01	50	79950	卖盘
10:39:58	16.0	-0.02	84	134400	卖盘
10:39:43	16.02	0.02	3	4806	买盘
10:39:34	16.0	0.02	5	8000	卖盘
10:39:28	15.98	--	0	0	卖盘
10:39:13	15.98	--	0	0	卖盘
10:39:03	15.98	-0.06	3	4794	卖盘
10:38:48	16.04	0.04	10	16040	买盘
10:38:33	16.0	--	0	0	买盘
10:38:28	16.0	0.03	17	27200	买盘
10:38:18	15.97	-0.03	11	17567	卖盘
10:37:48	16.0	0.02	6	9600	买盘
10:37:43	15.98	0.01	20	31960	中性盘
10:37:33	15.97	0.01	50	79850	卖盘
10:37:03	15.96	--	0	0	卖盘
10:36:58	15.96	--	155	248002	中性盘
10:36:48	15.96	-0.01	10	15960	卖盘
10:36:43	15.97	--	0	0	买盘
10:36:28	15.97	--	7	12153	卖盘
10:36:22	15.97	--	11	17567	卖盘
10:36:13	15.97	-0.03	3	4791	卖盘
10:36:07	16.0	0.05	35	56624	买盘
10:36:03	15.95	-0.02	29	46255	卖盘
10:35:58	15.97	0.01	2	3194	买盘
10:35:48	15.96	-0.01	2	3192	卖盘
10:35:37	15.97	0.01	157	250729	买盘
10:35:28	15.96	-0.01	11	17556	卖盘
10:35:22	15.97	--	21	33537	买盘
10:35:18	15.97	-0.01	433	691501	卖盘
10:35:13	15.98	-0.06	20	31960	卖盘
10:35:07	16.04	0.07	75	120300	买盘
10:34:52	15.97	--	0	0	卖盘
10:34:37	15.97	0.01	35	55895	卖盘
10:34:33	15.96	--	0	0	卖盘
10:34:28	15.96	--	62	98952	卖盘
10:34:22	15.96	--	121	193116	卖盘
10:34:13	15.96	0.01	175	279300	买盘
10:34:07	15.95	-0.01	14	22330	卖盘
10:34:01	15.96	--	20	31920	买盘
10:33:58	15.96	--	10	15960	买盘
10:33:52	15.96	--	13	20748	买盘
10:33:46	15.96	-0.01	43	68628	卖盘
10:33:43	15.97	0.01	5	7985	卖盘
10:33:37	15.96	-0.01	24	38304	卖盘
10:33:31	15.97	--	1	1597	卖盘
10:33:28	15.97	0.01	48	76656	买盘
10:33:13	15.96	--	7	11172	卖盘
10:33:07	15.96	--	0	0	卖盘
10:32:52	15.96	-0.02	29	46284	卖盘
10:32:46	15.98	--	1	1598	卖盘
10:32:43	15.98	-0.02	126	201443	卖盘
10:32:37	16.0	--	8	12800	卖盘
10:32:28	16.0	--	0	0	卖盘
10:32:22	16.0	-0.02	367	587200	卖盘
10:32:07	16.02	-0.01	77	123354	卖盘
10:32:01	16.03	-0.01	34	54502	卖盘
10:31:57	16.04	0.01	77	123508	卖盘
10:31:37	16.03	--	0	0	卖盘
10:31:22	16.03	--	6	9618	卖盘
10:30:57	16.03	-0.02	25	40075	卖盘
10:30:31	16.05	--	3	4815	买盘
10:30:27	16.05	--	10	16050	卖盘
10:29:57	16.05	--	1	1605	买盘
10:29:52	16.05	0.03	45	72225	买盘
10:29:37	16.02	--	18	28836	买盘
10:29:27	16.02	--	4	6408	买盘
10:29:22	16.02	-0.01	29	46458	卖盘
10:29:16	16.03	0.01	6	9618	中性盘
10:29:12	16.02	--	0	0	卖盘
10:29:07	16.02	--	6	9612	买盘
10:28:52	16.02	--	8	12816	买盘
10:28:46	16.02	--	0	0	中性盘
10:28:42	16.02	--	10	16020	卖盘
10:28:37	16.02	--	18	28836	卖盘
10:28:31	16.02	--	6	9612	卖盘
10:28:16	16.02	--	8	12816	卖盘
10:28:07	16.02	-0.01	12	19224	中性盘
10:28:01	16.03	0.03	64	102592	买盘
10:27:46	16.0	--	0	0	卖盘
10:27:37	16.0	-0.06	100	160000	卖盘
10:27:25	16.06	--	0	0	买盘
10:27:16	16.06	0.01	155	248929	买盘
10:27:06	16.05	--	9	14445	买盘
10:26:55	16.05	--	0	0	买盘
10:26:46	16.05	0.01	162	260010	买盘
10:26:36	16.04	--	10	16040	卖盘
10:26:16	16.04	-0.01	53	85012	卖盘
10:26:10	16.05	--	2	3210	买盘
10:26:06	16.05	--	2	3210	卖盘
10:26:01	16.05	--	1	1605	买盘
10:25:46	16.05	-0.01	55	88275	卖盘
10:25:21	16.06	--	20	32119	买盘
10:25:06	16.06	0.01	6	9636	买盘
10:24:55	16.05	--	15	24075	卖盘
10:24:40	16.05	--	34	54570	买盘
10:24:36	16.05	--	3	4815	买盘
10:24:21	16.05	--	77	123585	卖盘
10:23:55	16.05	--	11	17655	卖盘
10:23:51	16.05	0.02	12	19260	买盘
10:23:25	16.03	0.01	2	3206	买盘
10:23:21	16.02	--	50	80100	卖盘
10:23:16	16.02	0.01	55	88110	买盘
10:23:01	16.01	-0.02	3	4803	卖盘
10:22:55	16.03	0.02	14	22442	买盘
10:22:46	16.01	--	0	0	卖盘
10:22:40	16.01	--	60	96060	卖盘
10:22:25	16.01	--	0	0	卖盘
10:22:10	16.01	--	0	0	卖盘
10:22:01	16.01	-0.04	87	139287	卖盘
10:21:51	16.05	0.02	15	24075	买盘
10:21:46	16.03	--	1	1603	卖盘
10:21:40	16.03	--	60	96180	买盘
10:21:25	16.03	--	138	221214	卖盘
10:21:16	16.03	--	8	12824	卖盘
10:20:49	16.03	0.03	23	36869	买盘
10:20:25	16.0	-0.02	5	8000	卖盘
10:20:19	16.02	0.02	12	19224	买盘
10:20:15	16.0	-0.01	10	16000	卖盘
10:20:00	16.01	0.01	5	8005	买盘
10:19:45	16.0	--	0	0	卖盘
10:19:40	16.0	-0.02	31	49600	卖盘
10:19:34	16.02	0.02	9	14418	买盘
10:19:30	16.0	-0.02	18	28800	卖盘
10:19:25	16.02	0.02	1	1602	买盘
10:19:10	16.0	--	0	0	卖盘
10:19:04	16.0	-0.01	17	27200	卖盘
10:19:00	16.01	0.01	248	397048	买盘
10:18:55	16.0	--	2	3200	卖盘
10:18:49	16.0	--	38	60800	卖盘
10:18:40	16.0	--	167	267200	卖盘
10:18:25	16.0	-0.01	10	16000	卖盘
10:18:19	16.01	0.01	10	16010	中性盘
10:18:10	16.0	-0.01	150	240000	卖盘
10:18:00	16.01	--	7	11207	卖盘
10:17:55	16.01	-0.01	42	67242	卖盘
10:17:49	16.02	0.01	2	3204	卖盘
10:17:45	16.01	--	0	0	卖盘
10:17:19	16.01	-0.02	99	158499	卖盘
10:17:15	16.03	--	3	4809	买盘
10:17:04	16.03	--	20	32060	卖盘
10:16:55	16.03	--	80	128240	卖盘
10:16:40	16.03	-0.01	8	12824	卖盘
10:16:34	16.04	--	27	43308	买盘
10:16:19	16.04	0.01	1	1604	买盘
10:16:10	16.03	-0.01	261	418383	卖盘
10:15:55	16.04	0.01	4	6416	买盘
10:15:40	16.03	--	275	440825	卖盘
10:15:25	16.03	--	0	0	卖盘
10:15:19	16.03	-0.01	52	83356	卖盘
10:14:58	16.04	--	19	30476	买盘
10:14:54	16.04	--	10	16040	买盘
10:14:49	16.04	--	15	24060	买盘
10:14:34	16.04	--	3	4812	买盘
10:14:19	16.04	0.01	10	16040	买盘
10:14:13	16.03	--	50	80150	卖盘
10:14:09	16.03	-0.01	3	4809	卖盘
10:14:04	16.04	--	2	3208	买盘
10:13:49	16.04	0.01	5	8020	卖盘
10:13:43	16.03	--	0	0	卖盘
10:13:39	16.03	-0.01	81	129843	卖盘
10:13:34	16.04	--	18	28872	卖盘
10:13:24	16.04	-0.01	69	110676	卖盘
10:13:19	16.05	--	200	321000	买盘
10:13:13	16.05	-0.01	339	544095	卖盘
10:13:09	16.06	--	40	64239	卖盘
10:12:54	16.06	--	6	9636	卖盘
10:12:49	16.06	0.01	7	11242	买盘
10:12:13	16.05	-0.01	3	4815	卖盘
10:12:09	16.06	--	14	22484	买盘
10:12:04	16.06	--	10	16059	买盘
10:11:54	16.06	--	9	14453	买盘
10:11:39	16.06	--	7	11242	卖盘
10:11:34	16.06	-0.01	1	1605	卖盘
10:11:09	16.07	--	0	0	买盘
10:11:04	16.07	--	99	159093	买盘
10:10:54	16.07	--	76	122132	卖盘
10:10:49	16.07	-0.01	38	61066	卖盘
10:10:39	16.08	-0.01	1	1607	卖盘
10:10:34	16.09	0.02	10	16090	买盘
10:10:19	16.07	-0.02	33	53031	卖盘
10:10:13	16.09	0.02	5	8045	买盘
10:09:58	16.07	--	2	3214	卖盘
10:09:49	16.07	--	48	77136	卖盘
10:09:43	16.07	--	59	94813	买盘
10:09:34	16.07	--	50	80350	买盘
10:09:24	16.07	--	3	4821	买盘
10:09:19	16.07	0.01	70	112490	买盘
10:09:04	16.06	-0.01	16	25695	卖盘
10:08:58	16.07	--	30	48210	买盘
10:08:53	16.07	--	24	38568	买盘
10:08:49	16.07	--	16	25712	卖盘
10:08:34	16.07	-0.02	3	4821	卖盘
10:08:13	16.09	0.02	24	38616	买盘
10:07:58	16.07	0.02	21	33747	卖盘
10:07:43	16.05	--	4	6420	买盘
10:07:13	16.05	0.02	6	9630	买盘
10:06:58	16.03	-0.02	137	219611	卖盘
10:06:52	16.05	--	40	64200	买盘
10:06:37	16.05	--	18	28890	买盘
10:06:33	16.05	--	29	46545	买盘
10:06:28	16.05	--	2	3210	买盘
10:06:22	16.05	0.01	1	1605	买盘
10:06:18	16.04	-0.01	36	57744	卖盘
10:06:07	16.05	-0.04	23	36915	卖盘
10:05:58	16.09	0.06	15	24135	买盘
10:05:48	16.03	-0.05	135	216405	卖盘
10:05:33	16.08	--	4	6431	买盘
10:05:28	16.08	0.04	5	8039	买盘
10:05:18	16.04	--	0	0	卖盘
10:05:07	16.04	-0.02	135	216540	卖盘
10:04:58	16.06	0.01	11	17666	买盘
10:04:52	16.05	-0.01	8	12840	卖盘
10:04:33	16.06	0.01	102	163812	买盘
10:04:28	16.05	--	3	4815	卖盘
10:04:13	16.05	-0.01	8	12840	卖盘
10:04:03	16.06	--	0	0	买盘
10:03:48	16.06	--	10	16059	买盘
10:03:37	16.06	0.02	68	109207	买盘
10:03:28	16.04	--	25	40100	卖盘
10:03:18	16.04	-0.02	29	46516	卖盘
10:03:03	16.06	0.01	20	32119	买盘
10:02:52	16.05	0.01	10	16050	买盘
10:02:27	16.04	--	2	3208	卖盘
10:02:12	16.04	--	0	0	中性盘
10:02:07	16.04	--	5	8020	买盘
10:01:52	16.04	-0.01	5	8020	买盘
10:01:42	16.05	--	0	0	买盘
10:01:37	16.05	--	5	8025	买盘
10:01:22	16.05	0.02	11	17655	买盘
10:01:12	16.03	--	1	1603	卖盘
10:00:57	16.03	-0.01	30	48090	卖盘
10:00:52	16.04	0.01	3	4812	中性盘
10:00:46	16.03	--	0	0	卖盘
10:00:42	16.03	--	0	0	卖盘
10:00:37	16.03	-0.03	716	1147748	卖盘
10:00:22	16.06	--	11	17666	卖盘
10:00:16	16.06	--	14	22484	买盘
10:00:12	16.06	--	12	19272	买盘
10:00:07	16.06	-0.02	4	6423	卖盘
09:59:52	16.08	0.02	6	9647	买盘
09:59:37	16.06	--	2	3211	买盘
09:59:31	16.06	--	1	1605	买盘
09:59:27	16.06	0.02	143	229657	买盘
09:59:22	16.04	--	23	36892	买盘
09:59:16	16.04	--	5	8020	买盘
09:59:12	16.04	0.01	152	243808	买盘
09:59:07	16.03	--	660	1057980	买盘
09:58:52	16.03	0.01	25	40075	买盘
09:58:46	16.02	-0.01	16	25632	卖盘
09:58:42	16.03	--	104	166712	买盘
09:58:37	16.03	--	5	8015	买盘
09:58:31	16.03	0.01	6	9618	买盘
09:58:27	16.02	-0.01	148	237096	卖盘
09:58:16	16.03	--	10	16030	买盘
09:58:12	16.03	--	47	75341	买盘
09:58:07	16.03	--	60	96180	买盘
09:57:57	16.03	--	12	19236	买盘
09:57:52	16.03	--	14	22442	买盘
09:57:46	16.03	0.01	5	8015	买盘
09:57:37	16.02	--	22	35244	卖盘
09:57:31	16.02	--	11	17622	卖盘
09:57:27	16.02	--	9	14418	买盘
09:57:22	16.02	0.01	10	16020	买盘
09:57:16	16.01	-0.01	18	28818	卖盘
09:57:12	16.02	--	0	0	买盘
09:57:07	16.02	0.01	10	16020	买盘
09:57:01	16.01	--	27	43227	卖盘
09:56:52	16.01	-0.02	21	33621	卖盘
09:56:46	16.03	0.03	40	64120	买盘
09:56:42	16.0	-0.01	411	659104	卖盘
09:56:37	16.01	--	51	81651	买盘
09:56:31	16.01	--	2	3202	买盘
09:56:22	16.01	-0.02	81	129681	卖盘
09:56:16	16.03	--	66	105798	买盘
09:56:07	16.03	--	4	6412	买盘
09:56:01	16.03	0.01	310	496930	买盘
09:55:52	16.02	--	93	148986	卖盘
09:55:46	16.02	-0.01	54	86508	卖盘
09:55:40	16.03	0.01	5	8015	买盘
09:55:36	16.02	-0.01	39	62478	卖盘
09:55:31	16.03	-0.01	21	33663	卖盘
09:55:25	16.04	--	225	360900	买盘
09:55:21	16.04	0.01	10	16040	买盘
09:55:16	16.03	-0.01	1	1603	卖盘
09:55:06	16.04	-0.01	53	85012	买盘
09:55:01	16.05	0.01	28	44940	买盘
09:54:51	16.04	--	30	48120	卖盘
09:54:36	16.04	--	2	3208	买盘
09:54:31	16.04	--	20	32080	买盘
09:54:21	16.04	--	7	11228	买盘
09:54:16	16.04	0.01	52	83408	中性盘
09:54:10	16.03	-0.02	20	32060	卖盘
09:54:06	16.05	--	25	40125	买盘
09:54:01	16.05	--	2	3210	买盘
09:53:51	16.05	-0.04	67	107535	卖盘
09:53:36	16.09	--	0	0	买盘
09:53:31	16.09	0.03	5	8045	卖盘
09:53:21	16.06	--	0	0	卖盘
09:53:16	16.06	-0.04	65	104389	卖盘
09:53:10	16.1	--	0	0	买盘
09:52:55	16.1	--	0	0	买盘
09:52:51	16.1	0.04	50	80500	买盘
09:52:46	16.06	--	0	0	卖盘
09:52:40	16.06	-0.01	30	48179	卖盘
09:52:36	16.07	-0.03	18	28926	卖盘
09:52:31	16.1	--	0	0	买盘
09:52:25	16.1	0.04	1	1610	买盘
09:52:21	16.06	--	20	32119	卖盘
09:52:16	16.06	--	0	0	卖盘
09:52:10	16.06	--	10	16059	卖盘
09:52:01	16.06	--	20	32119	买盘
09:51:46	16.06	--	54	86724	买盘
09:51:40	16.06	--	15	24089	买盘
09:51:36	16.06	--	0	0	买盘
09:51:31	16.06	--	4	6423	买盘
09:51:25	16.06	-0.01	305	489829	卖盘
09:51:21	16.07	--	64	102848	买盘
09:51:06	16.07	0.02	492	790644	买盘
09:51:01	16.05	--	23	36915	卖盘
09:50:55	16.05	-0.01	1	1605	卖盘
09:50:51	16.06	0.01	16	25695	买盘
09:50:46	16.05	0.01	12	19260	卖盘
09:50:40	16.04	--	0	0	卖盘
09:50:36	16.04	--	46	73784	买盘
09:50:31	16.04	--	9	14436	买盘
09:50:25	16.04	--	75	120300	卖盘
09:50:21	16.04	--	9	14436	卖盘
09:50:16	16.04	-0.01	66	105864	卖盘
09:50:10	16.05	--	5	8025	买盘
09:49:55	16.05	--	14	22470	卖盘
09:49:51	16.05	--	7	11235	卖盘
09:49:46	16.05	--	40	64200	卖盘
09:49:40	16.05	-0.01	22	35310	卖盘
09:49:31	16.06	--	130	208779	买盘
09:49:25	16.06	-0.01	127	203961	卖盘
09:49:21	16.07	--	2	3214	买盘
09:49:04	16.07	--	1	1607	买盘
09:49:01	16.07	--	31	49817	卖盘
09:48:55	16.07	--	0	0	卖盘
09:48:45	16.07	-0.03	5	8035	卖盘
09:48:34	16.1	0.02	28	45080	买盘
09:48:30	16.08	-0.01	59	94871	卖盘
09:48:25	16.09	-0.01	4	6436	卖盘
09:48:15	16.1	--	10	16100	买盘
09:48:10	16.1	-0.03	26	41860	卖盘
09:48:00	16.13	--	0	0	买盘
09:47:45	16.13	-0.01	694	1119422	卖盘
09:47:40	16.14	0.01	7	11298	买盘
09:47:25	16.13	0.03	164	264532	买盘
09:47:15	16.1	0.01	16	25760	卖盘
09:47:10	16.09	--	64	102976	卖盘
09:47:00	16.09	--	50	80450	买盘
09:46:55	16.09	--	0	0	买盘
09:46:49	16.09	0.01	10	16090	买盘
09:46:45	16.08	-0.02	255	410039	卖盘
09:46:40	16.1	0.01	43	69230	买盘
09:46:34	16.09	0.02	10	16090	买盘
09:46:25	16.07	0.01	19	30533	卖盘
09:46:19	16.06	-0.01	20	32119	卖盘
09:46:10	16.07	--	6	9642	买盘
09:46:04	16.07	-0.03	43	69101	卖盘
09:46:00	16.1	--	10	16100	买盘
09:45:55	16.1	-0.01	58	93380	卖盘
09:45:49	16.11	0.01	9	14499	卖盘
09:45:45	16.1	--	0	0	卖盘
09:45:40	16.1	-0.03	228	367080	卖盘
09:45:30	16.13	-0.01	38	61293	卖盘
09:45:25	16.14	--	3	4842	买盘
09:45:19	16.14	0.01	70	112980	买盘
09:45:15	16.13	--	1	1613	卖盘
09:45:10	16.13	-0.01	47	75811	卖盘
09:45:04	16.14	--	20	32280	卖盘
09:45:00	16.14	--	60	96840	卖盘
09:44:34	16.14	-0.01	11	17754	卖盘
09:44:30	16.15	--	4	6459	买盘
09:44:25	16.15	0.02	80	129199	买盘
09:44:19	16.13	--	10	16129	卖盘
09:44:15	16.13	-0.01	3	4839	卖盘
09:44:10	16.14	0.01	60	96840	买盘
09:44:04	16.13	-0.01	15	24195	卖盘
09:43:49	16.14	--	41	66174	买盘
09:43:40	16.14	--	54	87156	买盘
09:43:34	16.14	-0.01	137	221118	卖盘
09:43:30	16.15	--	57	92054	买盘
09:43:15	16.15	--	3	4845	买盘
09:43:04	16.15	--	26	41989	买盘
09:43:00	16.15	-0.07	248	400519	卖盘
09:42:54	16.22	--	2	3244	买盘
09:42:39	16.22	0.01	11	17842	买盘
09:42:34	16.21	--	67	108607	卖盘
09:42:24	16.21	0.02	18	29178	买盘
09:42:19	16.19	--	1	1619	买盘
09:42:09	16.19	0.03	2	3238	卖盘
09:41:54	16.16	--	122	197152	卖盘
09:41:49	16.16	--	270	436320	买盘
09:41:43	16.16	-0.02	10	16160	买盘
09:41:39	16.18	0.02	36	58248	中性盘
09:41:34	16.16	--	0	0	中性盘
09:41:28	16.16	-0.03	155	250480	卖盘
09:41:24	16.19	0.03	29	46951	卖盘
09:41:19	16.16	--	0	0	卖盘
09:41:13	16.16	-0.03	37	59792	卖盘
09:41:09	16.19	0.03	11	17809	买盘
09:41:04	16.16	--	0	0	卖盘
09:40:54	16.16	-0.03	209	337744	卖盘
09:40:49	16.19	0.01	14	22666	买盘
09:40:39	16.18	--	15	24270	买盘
09:40:34	16.18	--	41	66338	卖盘
09:40:19	16.18	-0.01	12	19416	卖盘
09:40:13	16.19	--	22	35618	买盘
09:40:09	16.19	--	115	186185	卖盘
09:40:04	16.19	-0.02	3	4857	卖盘
09:39:19	16.21	-0.01	5	8105	卖盘
09:39:13	16.22	0.01	6	9732	买盘
09:39:09	16.21	--	5	8105	卖盘
09:39:04	16.21	-0.01	10	16210	卖盘
09:38:54	16.22	0.01	14	22708	买盘
09:38:49	16.21	-0.01	1	1621	卖盘
09:38:43	16.22	--	13	21086	买盘
09:38:39	16.22	--	9	14597	卖盘
09:38:28	16.22	--	27	43794	买盘
09:38:24	16.22	--	4	6488	买盘
09:38:19	16.22	--	5	8109	买盘
09:38:13	16.22	0.01	5	8109	买盘
09:38:09	16.21	0.01	105	170205	买盘
09:38:04	16.2	--	5	8100	买盘
09:37:58	16.2	--	5	8100	买盘
09:37:54	16.2	0.02	34	55080	买盘
09:37:49	16.18	--	44	71192	买盘
09:37:43	16.18	0.05	5	8090	买盘
09:37:34	16.13	--	0	0	卖盘
09:37:24	16.13	--	4	6452	卖盘
09:37:19	16.13	--	0	0	卖盘
09:37:13	16.13	-0.03	5	8064	卖盘
09:37:04	16.16	--	0	0	买盘
09:36:33	16.16	-0.02	5	8080	卖盘
09:36:03	16.18	--	76	122968	卖盘
09:35:58	16.18	--	74	119732	卖盘
09:35:54	16.18	--	20	32360	卖盘
09:35:48	16.18	--	33	53394	卖盘
09:35:43	16.18	-0.01	146	236228	卖盘
09:35:33	16.19	--	4	6476	卖盘
09:35:28	16.19	--	50	80950	卖盘
09:35:18	16.19	--	0	0	卖盘
09:35:13	16.19	-0.02	30	48570	卖盘
09:34:58	16.21	--	19	30799	买盘
09:34:52	16.21	-0.01	10	16210	卖盘
09:34:48	16.22	0.01	11	17842	买盘
09:34:43	16.21	-0.01	3	4863	卖盘
09:34:28	16.22	0.01	20	32439	买盘
09:34:18	16.21	-0.02	1	1621	中性盘
09:34:13	16.23	0.04	13	21099	买盘
09:34:03	16.19	-0.04	1	1619	卖盘
09:33:58	16.23	--	0	0	买盘
09:33:52	16.23	0.04	10	16230	买盘
09:33:48	16.19	-0.03	3	4857	买盘
09:33:43	16.22	--	5	8109	买盘
09:33:37	16.22	0.04	10	16219	买盘
09:33:28	16.18	-0.05	1	1618	卖盘
09:33:22	16.23	--	6	9738	买盘
09:33:18	16.23	--	17	27591	卖盘
09:33:07	16.23	--	42	68166	卖盘
09:33:03	16.23	0.01	251	407373	买盘
09:32:58	16.22	0.04	106	171932	买盘
09:32:52	16.18	-0.02	200	323600	卖盘
09:32:48	16.2	0.01	4	6480	买盘
09:32:43	16.19	-0.01	2	3238	买盘
09:32:33	16.2	--	12	19440	买盘
09:32:28	16.2	0.01	11	17820	买盘
09:32:18	16.19	-0.01	21	33999	卖盘
09:32:03	16.2	--	7	11340	买盘
09:31:58	16.2	--	8	12960	买盘
09:31:52	16.2	--	3	4860	买盘
09:31:48	16.2	0.01	33	53460	买盘
09:31:43	16.19	--	24	38856	买盘
09:31:37	16.19	--	8	12952	买盘
09:31:33	16.19	0.09	242	391798	买盘
09:31:28	16.1	--	13	20930	卖盘
09:31:18	16.1	0.01	6	9660	卖盘
09:31:13	16.09	--	0	0	卖盘
09:30:52	16.09	0.03	272	437648	买盘
09:30:48	16.06	--	2	3211	卖盘
09:30:42	16.06	-0.03	15	24089	卖盘
09:30:37	16.09	0.03	50	80450	买盘
09:30:28	16.06	-0.03	9	14453	卖盘
09:30:22	16.09	0.03	9	14481	买盘
09:30:18	16.06	-0.03	6	9636	卖盘
09:30:12	16.09	-0.01	77	123893	卖盘
09:30:07	16.1	-0.09	9	14490	中性盘
09:28:57	16.19	--	0	0	买盘
09:25:06	16.19	16.19	120	194280	买盘
