成交时间	成交价	价格变动	成交量(手)	成交额(元)	性质
15:00:00	9.24	--	0	0	卖盘
15:00:00	9.24	--	0	0	卖盘
14:59:59	9.24	-0.01	36	33264	卖盘
14:59:53	9.25	--	16	14800	买盘
14:59:49	9.25	--	84	77700	买盘
14:59:38	9.25	0.01	5	4625	买盘
14:59:34	9.24	-0.01	5	4620	卖盘
14:59:29	9.25	0.01	29	26825	买盘
14:59:23	9.24	--	78	72072	卖盘
14:59:19	9.24	-0.01	21	19404	卖盘
14:59:14	9.25	0.01	18	16650	买盘
14:59:08	9.24	-0.01	92	85008	卖盘
14:58:59	9.25	0.01	42	38850	买盘
14:58:53	9.24	-0.01	13	12012	卖盘
14:58:49	9.25	0.01	30	27750	买盘
14:58:44	9.24	--	128	118272	卖盘
14:58:38	9.24	--	46	42504	买盘
14:58:34	9.24	--	9	8316	买盘
14:58:29	9.24	--	2	1848	买盘
14:58:23	9.24	--	642	593208	卖盘
14:58:19	9.24	--	6	5544	卖盘
14:58:14	9.24	-0.01	22	20328	卖盘
14:58:08	9.25	--	113	104525	买盘
14:58:04	9.25	--	56	51800	买盘
14:57:59	9.25	--	371	343175	卖盘
14:57:53	9.25	--	1	925	卖盘
14:57:49	9.25	--	46	42550	卖盘
14:57:38	9.25	--	584	540200	卖盘
14:57:34	9.25	-0.01	5	4625	卖盘
14:57:29	9.26	--	13	12038	买盘
14:57:23	9.26	0.01	160	148160	买盘
14:57:19	9.25	--	16	14800	卖盘
14:57:14	9.25	--	142	131350	买盘
14:57:08	9.25	--	29	26825	卖盘
14:57:04	9.25	-0.01	54	49950	中性盘
14:56:59	9.26	0.01	65	60190	买盘
14:56:53	9.25	--	30	27750	卖盘
14:56:49	9.25	-0.01	125	115625	卖盘
14:56:44	9.26	--	54	50004	买盘
14:56:38	9.26	0.01	542	501892	买盘
14:56:34	9.25	-0.01	10	9250	卖盘
14:56:29	9.26	--	1	926	买盘
14:56:23	9.26	--	61	56486	买盘
14:56:19	9.26	--	20	18520	买盘
14:56:14	9.26	0.01	123	113898	买盘
14:56:08	9.25	--	7	6475	卖盘
14:56:04	9.25	--	67	61975	卖盘
14:55:59	9.25	--	25	23125	卖盘
14:55:53	9.25	--	7	6475	卖盘
14:55:49	9.25	-0.01	43	39775	卖盘
14:55:44	9.26	0.01	117	108342	买盘
14:55:38	9.25	-0.01	237	219225	卖盘
14:55:34	9.26	--	223	206498	买盘
14:55:23	9.26	0.01	15	13890	买盘
14:55:17	9.25	--	30	27750	卖盘
14:55:13	9.25	--	17	15725	卖盘
14:55:08	9.25	--	21	19425	卖盘
14:55:02	9.25	--	60	55500	卖盘
14:54:53	9.25	--	222	205350	卖盘
14:54:47	9.25	--	10	9250	卖盘
14:54:43	9.25	--	200	185000	卖盘
14:54:38	9.25	--	26	24050	卖盘
14:54:32	9.25	--	128	118400	卖盘
14:54:28	9.25	--	58	53650	卖盘
14:54:23	9.25	--	28	25900	卖盘
14:54:13	9.25	--	30	27750	卖盘
14:53:58	9.25	-0.01	20	18500	卖盘
14:53:53	9.26	0.01	36	33336	买盘
14:53:47	9.25	--	96	88800	卖盘
14:53:43	9.25	--	11	10175	卖盘
14:53:38	9.25	--	5	4625	卖盘
14:53:32	9.25	--	124	114700	卖盘
14:53:28	9.25	--	5	4625	卖盘
14:53:23	9.25	--	43	39775	卖盘
14:53:17	9.25	-0.01	1	925	卖盘
14:53:13	9.26	0.01	10	9260	买盘
14:53:08	9.25	--	13	12025	卖盘
14:53:02	9.25	--	51	47175	卖盘
14:52:58	9.25	--	57	52725	卖盘
14:52:47	9.25	--	3	2775	卖盘
14:52:38	9.25	--	30	27750	卖盘
14:52:32	9.25	--	4	3700	卖盘
14:52:23	9.25	--	2	1850	卖盘
14:52:17	9.25	-0.01	40	37000	卖盘
14:52:13	9.26	--	30	27780	买盘
14:52:08	9.26	0.01	7	6482	买盘
14:51:58	9.25	--	20	18500	卖盘
14:51:53	9.25	--	3	2775	卖盘
14:51:47	9.25	--	358	331150	卖盘
14:51:28	9.25	-0.01	23	21275	卖盘
14:51:23	9.26	--	145	134270	买盘
14:51:17	9.26	0.01	45	41670	买盘
14:51:13	9.25	--	2	1850	卖盘
14:51:02	9.25	--	10	9250	卖盘
14:50:58	9.25	--	20	18500	卖盘
14:50:53	9.25	-0.01	20	18500	卖盘
14:50:47	9.26	0.01	10	9260	买盘
14:50:43	9.25	--	820	758500	卖盘
14:50:38	9.25	-0.01	52	48100	卖盘
14:50:32	9.26	--	108	100008	买盘
14:50:28	9.26	--	8	7408	买盘
14:50:23	9.26	0.01	11	10186	买盘
14:50:13	9.25	--	48	44400	卖盘
14:50:08	9.25	-0.01	101	93425	卖盘
14:50:02	9.26	0.01	19	17594	买盘
14:49:58	9.25	--	1	925	卖盘
14:49:53	9.25	--	10	9250	卖盘
14:49:28	9.25	-0.01	35	32375	卖盘
14:49:17	9.26	0.01	20	18520	买盘
14:49:13	9.25	-0.01	100	92500	卖盘
14:49:07	9.26	0.01	23	21298	买盘
14:49:02	9.25	-0.01	20	18500	卖盘
14:48:58	9.26	--	10	9260	买盘
14:48:47	9.26	--	1	926	买盘
14:48:41	9.26	--	12	11112	买盘
14:48:17	9.26	--	43	39818	买盘
14:48:11	9.26	--	683	632458	卖盘
14:48:02	9.26	--	20	18520	卖盘
14:47:47	9.26	--	30	27780	卖盘
14:47:26	9.26	-0.01	56	51856	卖盘
14:47:17	9.27	--	1	927	卖盘
14:47:11	9.27	--	40	37080	卖盘
14:47:07	9.27	--	8	7416	卖盘
14:47:02	9.27	--	17	15759	买盘
14:46:56	9.27	0.01	18	16686	买盘
14:46:52	9.26	-0.01	94	87044	卖盘
14:46:47	9.27	--	6	5562	买盘
14:46:41	9.27	--	50	46350	买盘
14:46:32	9.27	--	5	4635	卖盘
14:46:26	9.27	-0.01	5	4635	卖盘
14:46:17	9.28	0.01	212	196736	买盘
14:46:11	9.27	--	1	927	卖盘
14:46:07	9.27	-0.01	49	45423	卖盘
14:46:02	9.28	--	185	171680	买盘
14:45:52	9.28	0.01	105	97440	买盘
14:45:47	9.27	--	66	61182	卖盘
14:45:41	9.27	--	50	46350	卖盘
14:45:37	9.27	--	70	64890	卖盘
14:45:32	9.27	--	2	1854	卖盘
14:45:26	9.27	--	10	9270	卖盘
14:45:17	9.27	-0.01	15	13905	卖盘
14:45:02	9.28	0.01	9	8352	买盘
14:44:56	9.27	--	1	927	卖盘
14:44:47	9.27	-0.01	30	27810	卖盘
14:44:26	9.28	--	41	38048	买盘
14:44:22	9.28	0.01	15	13919	买盘
14:44:17	9.27	--	50	46350	卖盘
14:44:11	9.27	--	12	11124	卖盘
14:43:56	9.27	-0.01	10	9270	卖盘
14:43:52	9.28	0.01	3	2784	买盘
14:43:41	9.27	--	28	25956	卖盘
14:43:37	9.27	-0.01	7	6489	卖盘
14:43:32	9.28	--	10	9280	买盘
14:43:26	9.28	0.01	10	9280	买盘
14:43:22	9.27	--	5	4635	卖盘
14:43:17	9.27	0.01	286	265122	买盘
14:43:11	9.26	-0.01	11	10186	卖盘
14:43:07	9.27	--	48	44496	卖盘
14:43:02	9.27	0.01	166	153882	买盘
14:42:56	9.26	-0.01	1	926	卖盘
14:42:41	9.27	--	47	43569	买盘
14:42:37	9.27	0.01	61	56547	买盘
14:42:32	9.26	--	250	231500	卖盘
14:42:26	9.26	--	5	4630	卖盘
14:42:20	9.26	--	1	926	卖盘
14:42:11	9.26	-0.01	43	39818	卖盘
14:42:05	9.27	0.01	13	12051	买盘
14:41:56	9.26	--	27	25002	卖盘
14:41:46	9.26	-0.01	3	2778	卖盘
14:41:41	9.27	--	20	18540	买盘
14:41:26	9.27	0.01	10	9270	买盘
14:41:05	9.26	-0.01	38	35188	卖盘
14:41:01	9.27	0.01	11	10197	买盘
14:40:50	9.26	--	1	926	卖盘
14:40:41	9.26	--	24	22224	卖盘
14:40:31	9.26	--	2	1852	卖盘
14:40:26	9.26	--	169	156494	买盘
14:40:20	9.26	0.01	20	18520	买盘
14:40:16	9.25	-0.01	10	9250	卖盘
14:40:05	9.26	--	31	28706	买盘
14:39:56	9.26	--	38	35188	卖盘
14:39:35	9.26	--	20	18520	买盘
14:39:26	9.26	--	10	9260	买盘
14:39:20	9.26	--	60	55560	买盘
14:39:16	9.26	0.01	50	46300	买盘
14:39:11	9.25	-0.01	1	925	卖盘
14:38:56	9.26	-0.02	816	755616	卖盘
14:38:46	9.28	--	17	15775	买盘
14:38:41	9.28	0.01	30	27839	买盘
14:38:35	9.27	--	15	13905	卖盘
14:38:31	9.27	--	20	18540	卖盘
14:38:26	9.27	--	50	46350	卖盘
14:38:20	9.27	--	5	4635	卖盘
14:38:16	9.27	--	44	40788	卖盘
14:38:05	9.27	-0.01	75	69525	卖盘
14:38:01	9.28	0.01	14	12992	买盘
14:37:50	9.27	-0.01	2	1854	卖盘
14:37:41	9.28	0.01	9	8352	买盘
14:37:35	9.27	-0.01	200	185400	卖盘
14:37:31	9.28	0.01	10	9280	买盘
14:37:20	9.27	--	46	42642	卖盘
14:37:01	9.27	--	47	43569	买盘
14:36:56	9.27	--	38	35226	买盘
14:36:46	9.27	--	30	27810	买盘
14:36:35	9.27	--	28	25956	买盘
14:36:31	9.27	0.01	10	9270	买盘
14:36:20	9.26	--	2	1852	买盘
14:36:16	9.26	--	10	9260	买盘
14:36:05	9.26	-0.01	85	78710	卖盘
14:36:01	9.27	0.01	11	10197	买盘
14:35:44	9.26	0.01	200	185200	买盘
14:35:29	9.25	-0.01	1	925	卖盘
14:35:25	9.26	--	48	44448	买盘
14:35:20	9.26	0.01	10	9260	买盘
14:35:14	9.25	-0.01	10	9250	卖盘
14:34:59	9.26	0.01	261	241686	买盘
14:34:50	9.25	0.01	61	56425	买盘
14:34:44	9.24	-0.01	280	258720	卖盘
14:34:40	9.25	0.01	11	10175	买盘
14:34:35	9.24	--	17	15708	卖盘
14:34:29	9.24	-0.01	9	8316	卖盘
14:34:25	9.25	0.01	21	19425	买盘
14:34:20	9.24	--	147	135828	卖盘
14:34:14	9.24	--	311	287364	卖盘
14:34:05	9.24	--	219	202356	卖盘
14:33:59	9.24	--	221	204204	卖盘
14:33:55	9.24	-0.01	237	218988	卖盘
14:33:50	9.25	--	65	60125	买盘
14:33:44	9.25	0.01	21	19425	买盘
14:33:40	9.24	--	0	0	卖盘
14:33:29	9.24	-0.02	500	462000	卖盘
14:33:25	9.26	0.01	10	9260	买盘
14:33:14	9.25	-0.01	33	30525	卖盘
14:33:05	9.26	0.01	3	2778	买盘
14:32:59	9.25	-0.01	27	24975	卖盘
14:32:50	9.26	--	16	14816	买盘
14:32:35	9.26	--	89	82414	卖盘
14:32:29	9.26	--	18	16668	卖盘
14:32:20	9.26	--	4	3704	卖盘
14:32:14	9.26	0.01	288	266688	买盘
14:32:05	9.25	-0.01	20	18500	卖盘
14:31:59	9.26	0.01	21	19446	买盘
14:31:55	9.25	-0.01	43	39775	卖盘
14:31:29	9.26	--	10	9260	买盘
14:31:10	9.26	0.01	2	1852	买盘
14:30:59	9.25	--	23	21275	卖盘
14:30:55	9.25	--	19	17575	卖盘
14:30:50	9.25	--	100	92500	卖盘
14:30:44	9.25	--	8	7400	卖盘
14:30:40	9.25	--	8	7400	卖盘
14:30:29	9.25	-0.02	16	14800	卖盘
14:30:25	9.27	0.01	94	87138	买盘
14:30:14	9.26	--	41	37966	卖盘
14:30:10	9.26	--	66	61116	卖盘
14:30:05	9.26	-0.01	8	7408	卖盘
14:29:50	9.27	0.01	18	16686	买盘
14:29:40	9.26	-0.01	528	488928	卖盘
14:29:29	9.27	--	44	40788	卖盘
14:29:25	9.27	--	59	54693	卖盘
14:29:20	9.27	--	21	19467	卖盘
14:29:14	9.27	--	14	12978	卖盘
14:29:04	9.27	-0.01	185	171495	卖盘
14:28:53	9.28	--	11	10208	买盘
14:28:38	9.28	0.01	14	12992	买盘
14:28:29	9.27	--	60	55620	卖盘
14:28:23	9.27	--	15	13905	卖盘
14:28:19	9.27	--	2	1854	卖盘
14:28:14	9.27	--	17	15759	卖盘
14:27:59	9.27	--	5	4635	卖盘
14:27:53	9.27	-0.01	59	54693	卖盘
14:27:38	9.28	--	10	9280	买盘
14:27:23	9.28	--	233	216223	卖盘
14:27:14	9.28	--	154	142912	买盘
14:27:08	9.28	--	60	55679	买盘
14:27:04	9.28	0.01	160	148480	买盘
14:26:59	9.27	-0.01	10	9270	卖盘
14:26:53	9.28	0.01	54	50112	买盘
14:26:23	9.27	--	35	32445	买盘
14:26:14	9.27	-0.01	465	431055	卖盘
14:26:08	9.28	--	28	25984	卖盘
14:26:04	9.28	--	20	18560	卖盘
14:25:59	9.28	--	20	18560	卖盘
14:25:53	9.28	--	206	191168	卖盘
14:25:44	9.28	--	61	56607	卖盘
14:25:34	9.28	--	60	55679	卖盘
14:25:29	9.28	-0.01	68	63103	卖盘
14:25:23	9.29	--	10	9290	买盘
14:25:19	9.29	0.01	128	118911	买盘
14:25:14	9.28	--	10	9280	卖盘
14:25:04	9.28	--	160	148480	卖盘
14:24:53	9.28	-0.01	62	57535	卖盘
14:24:49	9.29	0.01	11	10218	买盘
14:24:44	9.28	--	50	46400	卖盘
14:24:38	9.28	--	20	18560	卖盘
14:24:34	9.28	--	12	11136	卖盘
14:24:23	9.28	--	11	10208	卖盘
14:24:19	9.28	-0.01	60	55679	卖盘
14:24:14	9.29	--	60	55739	买盘
14:24:04	9.29	0.01	100	92899	买盘
14:23:53	9.28	-0.01	100	92800	卖盘
14:23:49	9.29	--	11	10218	买盘
14:23:38	9.29	0.01	3	2786	买盘
14:23:34	9.28	-0.01	10	9280	卖盘
14:23:19	9.29	0.01	14	13005	买盘
14:23:14	9.28	--	2	1855	卖盘
14:23:08	9.28	-0.01	1	927	卖盘
14:22:47	9.29	--	20	18580	买盘
14:22:43	9.29	0.01	10	9290	买盘
14:22:38	9.28	-0.01	5	4640	卖盘
14:22:32	9.29	--	11	10218	买盘
14:22:23	9.29	--	1	928	买盘
14:22:13	9.29	0.01	11	10218	买盘
14:22:08	9.28	-0.01	12	11136	卖盘
14:22:02	9.29	0.01	5	4645	买盘
14:21:53	9.28	-0.01	125	115999	卖盘
14:21:38	9.29	--	70	65029	买盘
14:21:32	9.29	0.01	1	928	买盘
14:21:23	9.28	-0.01	20	18560	卖盘
14:21:17	9.29	--	18	16722	买盘
14:21:13	9.29	0.01	19	17651	买盘
14:21:08	9.28	--	73	67744	卖盘
14:20:53	9.28	--	5	4640	卖盘
14:20:47	9.28	-0.01	120	111359	卖盘
14:20:28	9.29	--	167	155143	买盘
14:20:23	9.29	0.01	116	107763	买盘
14:20:17	9.28	--	21	19488	卖盘
14:20:13	9.28	--	29	26911	卖盘
14:20:08	9.28	--	134	124351	卖盘
14:20:02	9.28	-0.01	14	12992	卖盘
14:19:58	9.29	--	17	15792	买盘
14:19:47	9.29	--	31	28798	买盘
14:19:38	9.29	0.01	15	13934	买盘
14:19:32	9.28	--	145	134560	卖盘
14:19:28	9.28	-0.01	40	37120	卖盘
14:19:17	9.29	0.01	34	31585	买盘
14:19:13	9.28	-0.01	2	1855	卖盘
14:18:53	9.29	0.01	10	9290	买盘
14:18:47	9.28	0.01	13	12064	卖盘
14:18:38	9.27	--	0	0	卖盘
14:18:32	9.27	--	1	927	卖盘
14:18:23	9.27	--	111	102897	卖盘
14:18:17	9.27	--	0	0	卖盘
14:18:13	9.27	-0.01	1250	1158750	卖盘
14:18:02	9.28	0.01	104	97059	买盘
14:17:58	9.27	-0.02	163	151481	卖盘
14:17:47	9.29	0.01	10	9290	买盘
14:17:43	9.28	-0.01	30	27839	卖盘
14:17:38	9.29	0.01	2	1857	买盘
14:17:23	9.28	-0.01	700	649600	卖盘
14:17:13	9.29	--	10	9290	买盘
14:16:58	9.29	--	2	1857	买盘
14:16:53	9.29	--	10	9290	买盘
14:16:47	9.29	--	24	22295	买盘
14:16:26	9.29	--	4	3715	买盘
14:16:11	9.29	0.01	10	9290	买盘
14:16:02	9.28	-0.01	57	52895	卖盘
14:15:47	9.29	--	22	20437	买盘
14:15:41	9.29	--	311	288919	买盘
14:15:32	9.29	--	1	928	买盘
14:15:22	9.29	0.01	12	11147	买盘
14:15:11	9.28	--	14	13539	买盘
14:15:07	9.28	--	45	42140	卖盘
14:14:47	9.28	--	392	364323	买盘
14:14:41	9.28	--	5	4640	买盘
14:14:32	9.28	0.01	200	185600	买盘
14:14:22	9.27	-0.01	10	9270	卖盘
14:14:11	9.28	0.01	117	108575	买盘
14:14:02	9.27	0.01	2	1854	买盘
14:13:56	9.26	-0.01	59	54634	卖盘
14:13:41	9.27	--	10	9270	买盘
14:13:17	9.27	--	10	9270	买盘
14:13:11	9.27	0.01	28	25956	买盘
14:13:07	9.26	-0.01	11	10186	卖盘
14:13:02	9.27	--	1	927	买盘
14:12:47	9.27	--	5	4635	买盘
14:12:41	9.27	-0.01	11	10197	买盘
14:12:26	9.28	--	0	0	买盘
14:12:11	9.28	0.01	10	9280	买盘
14:12:07	9.27	-0.01	306	284042	卖盘
14:12:02	9.28	0.01	11	10208	买盘
14:11:41	9.27	--	84	77868	卖盘
14:11:26	9.27	-0.01	95	88065	卖盘
14:11:11	9.28	0.01	103	95584	买盘
14:11:06	9.27	-0.01	2	1854	卖盘
14:10:56	9.28	0.01	90	83520	买盘
14:10:47	9.27	-0.01	46	42642	卖盘
14:10:41	9.28	--	144	133632	买盘
14:10:35	9.28	--	76	70528	卖盘
14:10:31	9.28	--	10	9280	卖盘
14:10:26	9.28	--	115	106719	卖盘
14:10:20	9.28	--	155	143840	卖盘
14:10:11	9.28	-0.01	5	4640	卖盘
14:10:05	9.29	0.01	68	63171	买盘
14:09:50	9.28	--	9	8352	卖盘
14:09:41	9.28	-0.01	39	36192	卖盘
14:09:35	9.29	0.01	15	13934	买盘
14:09:31	9.28	--	60	55679	卖盘
14:09:26	9.28	--	71	65888	卖盘
14:09:20	9.28	--	79	73312	买盘
14:09:11	9.28	--	20	18560	买盘
14:09:05	9.28	--	100	92800	买盘
14:08:56	9.28	--	16	14847	买盘
14:08:50	9.28	--	84	77952	买盘
14:08:41	9.28	--	311	288608	买盘
14:08:35	9.28	--	7	6496	买盘
14:08:11	9.28	0.01	10	9280	买盘
14:08:05	9.27	--	273	253617	买盘
14:08:01	9.27	--	240	222480	买盘
14:07:56	9.27	--	87	80649	买盘
14:07:50	9.27	--	2	1854	买盘
14:07:41	9.27	--	130	120510	买盘
14:07:35	9.27	0.01	1	927	买盘
14:07:20	9.26	--	48	44448	买盘
14:07:11	9.26	--	10	9260	买盘
14:07:05	9.26	0.01	45	41670	买盘
14:07:01	9.25	-0.01	20	18500	卖盘
14:06:56	9.26	--	7	6482	卖盘
14:06:50	9.26	--	3	2778	卖盘
14:06:41	9.26	0.01	50	46300	中性盘
14:06:35	9.25	-0.01	25	23125	卖盘
14:06:20	9.26	--	0	0	买盘
14:06:16	9.26	--	100	92600	买盘
14:06:05	9.26	--	15	13890	买盘
14:06:01	9.26	--	17	15742	卖盘
14:05:56	9.26	0.02	33	30558	买盘
14:05:46	9.24	-0.02	102	94248	卖盘
14:05:35	9.26	--	10	9260	买盘
14:05:31	9.26	--	1	1305	卖盘
14:05:26	9.26	0.02	25	23696	买盘
14:05:20	9.24	-0.02	9	8316	卖盘
14:04:56	9.26	0.02	201	186126	买盘
14:04:50	9.24	--	320	295680	卖盘
14:04:35	9.24	--	8	7392	卖盘
14:04:14	9.24	--	50	46200	卖盘
14:03:59	9.24	--	50	46200	卖盘
14:03:44	9.24	--	30	27720	卖盘
14:03:35	9.24	--	10	9240	卖盘
14:03:20	9.24	--	2	1848	卖盘
14:03:14	9.24	--	5	4620	卖盘
14:02:44	9.24	-0.01	1	924	卖盘
14:02:40	9.25	0.01	260	240500	买盘
14:02:29	9.24	--	200	184800	卖盘
14:02:05	9.24	--	5	4620	卖盘
14:01:59	9.24	--	100	92400	卖盘
14:01:55	9.24	-0.01	3	2772	卖盘
14:01:50	9.25	--	7	6475	买盘
14:01:44	9.25	--	220	204166	卖盘
14:01:14	9.25	--	30	27750	卖盘
14:01:10	9.25	--	50	46250	卖盘
14:01:05	9.25	--	5	4625	卖盘
14:00:55	9.25	--	40	37000	卖盘
14:00:50	9.25	--	20	18500	卖盘
14:00:44	9.25	--	10	9250	卖盘
14:00:35	9.25	--	10	9250	卖盘
14:00:29	9.25	--	21	19425	卖盘
14:00:14	9.25	--	15	13875	卖盘
14:00:10	9.25	--	5	4625	卖盘
14:00:05	9.25	--	6	5550	卖盘
13:59:59	9.25	--	8	7400	卖盘
13:59:50	9.25	--	8	7400	卖盘
13:59:44	9.25	-0.01	16	14800	卖盘
13:59:40	9.26	--	1	926	买盘
13:59:29	9.26	--	1	926	买盘
13:59:25	9.26	0.01	52	48152	买盘
13:59:14	9.25	-0.01	7	6475	卖盘
13:59:10	9.26	0.01	391	362066	买盘
13:59:05	9.25	-0.01	50	46250	卖盘
13:58:59	9.26	0.01	50	46300	买盘
13:58:44	9.25	--	50	46250	卖盘
13:58:40	9.25	--	2	1850	卖盘
13:58:25	9.25	--	2	1850	卖盘
13:57:55	9.25	-0.01	70	65009	卖盘
13:57:49	9.26	0.01	18	16668	买盘
13:57:44	9.25	-0.01	1	925	卖盘
13:57:38	9.26	0.01	5	4630	买盘
13:57:34	9.25	-0.01	210	194250	卖盘
13:57:08	9.26	0.01	16	14816	买盘
13:56:59	9.25	--	7	6475	卖盘
13:56:53	9.25	--	291	269175	买盘
13:56:49	9.25	--	354	327450	买盘
13:56:34	9.25	0.01	3	2775	买盘
13:56:29	9.24	-0.01	12	11088	卖盘
13:56:19	9.25	--	50	46250	买盘
13:56:14	9.25	0.01	5	4625	买盘
13:56:08	9.24	-0.01	308	284592	卖盘
13:55:49	9.25	0.01	20	18500	买盘
13:55:38	9.24	--	17	15708	卖盘
13:55:14	9.24	--	6	5544	卖盘
13:54:59	9.24	-0.01	10	9240	卖盘
13:54:53	9.25	0.01	4	3700	买盘
13:54:49	9.24	--	29	26796	卖盘
13:54:44	9.24	--	5	4620	卖盘
13:54:38	9.24	--	3	2772	卖盘
13:54:29	9.24	-0.01	150	138600	卖盘
13:54:23	9.25	--	6	5550	买盘
13:54:08	9.25	0.01	1	925	买盘
13:53:53	9.24	--	9	8436	卖盘
13:53:38	9.24	-0.01	12	11088	卖盘
13:53:34	9.25	0.01	11	10175	买盘
13:53:29	9.24	--	8	7392	卖盘
13:53:19	9.24	-0.01	516	476784	卖盘
13:53:13	9.25	--	68	62900	买盘
13:53:08	9.25	0.01	52	48100	买盘
13:53:04	9.24	--	215	198660	卖盘
13:52:59	9.24	-0.01	14	12936	卖盘
13:52:53	9.25	0.01	28	25900	买盘
13:52:49	9.24	--	8	7392	卖盘
13:52:44	9.24	--	8	7392	卖盘
13:52:38	9.24	-0.01	61	56364	卖盘
13:52:29	9.25	0.01	10	9250	卖盘
13:52:23	9.24	--	47	43428	卖盘
13:52:13	9.24	--	1	924	卖盘
13:52:08	9.24	-0.02	8	7392	卖盘
13:52:04	9.26	0.01	54	50004	买盘
13:51:38	9.25	--	19	17575	买盘
13:51:33	9.25	--	31	28675	卖盘
13:51:28	9.25	--	69	63825	买盘
13:51:23	9.25	0.01	22	20350	买盘
13:51:17	9.24	--	6	5544	卖盘
13:51:02	9.24	--	60	55440	卖盘
13:50:32	9.24	--	112	103488	卖盘
13:50:02	9.24	--	6	5544	卖盘
13:49:58	9.24	-0.01	1	924	卖盘
13:49:47	9.25	0.01	10	9250	买盘
13:49:32	9.24	--	20	18480	卖盘
13:49:13	9.24	-0.01	30	27720	卖盘
13:49:08	9.25	--	4	3700	买盘
13:48:53	9.25	--	10	9250	买盘
13:48:43	9.25	0.01	24	22200	买盘
13:48:32	9.24	-0.01	3	2772	卖盘
13:48:23	9.25	0.01	5	4625	买盘
13:48:13	9.24	-0.01	80	73920	卖盘
13:48:08	9.25	--	150	138750	买盘
13:47:58	9.25	0.01	150	138750	买盘
13:47:53	9.24	--	412	380688	卖盘
13:47:43	9.24	--	6	5544	卖盘
13:47:38	9.24	--	1	924	卖盘
13:47:17	9.24	--	256	236544	买盘
13:47:13	9.24	--	25	23100	买盘
13:47:02	9.24	--	4	3696	买盘
13:46:58	9.24	--	3	2772	买盘
13:46:53	9.24	--	43	39732	买盘
13:46:47	9.24	-0.01	285	263340	卖盘
13:46:43	9.25	--	26	24050	买盘
13:46:37	9.25	0.01	150	138750	买盘
13:46:32	9.24	--	18	16632	卖盘
13:46:02	9.24	--	239	220836	买盘
13:45:58	9.24	--	10	9240	买盘
13:45:53	9.24	--	107	98868	买盘
13:45:17	9.24	--	150	138600	买盘
13:45:13	9.24	0.01	264	243936	买盘
13:44:52	9.23	--	2	1846	卖盘
13:44:26	9.23	--	3	2769	卖盘
13:44:02	9.23	--	2	1846	卖盘
13:43:52	9.23	--	24	22152	卖盘
13:43:41	9.23	--	1	923	卖盘
13:43:26	9.23	--	0	64	卖盘
13:42:56	9.23	-0.01	50	46150	卖盘
13:42:32	9.24	--	2	1848	买盘
13:42:22	9.24	--	284	262416	卖盘
13:42:17	9.24	--	200	184800	卖盘
13:42:11	9.24	--	4	3696	卖盘
13:41:47	9.24	--	100	92400	卖盘
13:41:26	9.24	0.01	1	924	买盘
13:41:22	9.23	-0.01	8	7384	卖盘
13:41:17	9.24	--	45	41580	买盘
13:41:07	9.24	0.01	20	18480	买盘
13:40:56	9.23	--	117	107991	卖盘
13:40:41	9.23	-0.01	3	2769	卖盘
13:40:32	9.24	--	20	18480	买盘
13:40:22	9.24	-0.01	68	62832	卖盘
13:39:56	9.25	0.01	100	92500	买盘
13:39:46	9.24	--	32	29568	买盘
13:39:37	9.24	0.01	150	138600	买盘
13:39:26	9.23	--	2	1846	卖盘
13:39:01	9.23	--	0	221	卖盘
13:38:56	9.23	--	6	5538	卖盘
13:38:41	9.23	-0.01	2	1846	卖盘
13:38:20	9.24	0.01	1	924	买盘
13:38:11	9.23	--	3	2769	卖盘
13:38:05	9.23	--	40	36920	卖盘
13:38:01	9.23	--	50	46150	卖盘
13:37:56	9.23	--	32	29536	卖盘
13:37:31	9.23	--	50	46150	卖盘
13:37:26	9.23	--	30	27690	卖盘
13:37:05	9.23	--	2	1947	买盘
13:36:56	9.23	--	7	7282	卖盘
13:36:35	9.23	--	32	30339	卖盘
13:36:26	9.23	--	20	18460	卖盘
13:36:11	9.23	--	16	14768	卖盘
13:36:05	9.23	--	10	9230	卖盘
13:35:50	9.23	--	1	923	卖盘
13:35:46	9.23	-0.01	30	27690	卖盘
13:35:35	9.24	--	10	9240	买盘
13:35:31	9.24	--	38	35112	卖盘
13:35:26	9.24	0.01	20	18701	买盘
13:35:20	9.23	--	8	7384	卖盘
13:35:16	9.23	--	1	923	卖盘
13:35:11	9.23	--	0	0	卖盘
13:35:05	9.23	0.01	80	73840	卖盘
13:34:56	9.22	--	0	0	卖盘
13:34:46	9.22	-0.01	22	20284	卖盘
13:34:41	9.23	--	41	37843	买盘
13:34:35	9.23	--	127	117221	买盘
13:34:26	9.23	--	20	18460	买盘
13:34:20	9.23	--	338	311974	买盘
13:34:01	9.23	-0.02	19	17537	卖盘
13:33:55	9.25	0.02	80	74000	买盘
13:33:45	9.23	--	0	0	卖盘
13:33:40	9.23	0.02	13	11999	卖盘
13:33:31	9.21	-0.02	800	736800	卖盘
13:33:16	9.23	--	5	4615	卖盘
13:33:05	9.23	-0.02	122	112606	卖盘
13:33:01	9.25	0.01	200	185000	买盘
13:32:50	9.24	--	1	924	买盘
13:32:46	9.24	-0.01	109	100716	买盘
13:32:30	9.25	--	200	185000	买盘
13:32:25	9.25	--	0	0	买盘
13:31:55	9.25	0.01	20	18500	买盘
13:31:50	9.24	--	12	11088	卖盘
13:31:44	9.24	-0.01	807	745668	卖盘
13:31:40	9.25	0.01	57	52725	买盘
13:31:35	9.24	--	20	18480	买盘
13:31:29	9.24	--	0	0	中性盘
13:31:20	9.24	--	23	21252	买盘
13:30:59	9.24	--	3	2772	买盘
13:30:20	9.24	--	9	8316	卖盘
13:30:14	9.24	-0.01	30	27720	卖盘
13:30:10	9.25	0.01	3	2775	买盘
13:30:05	9.24	--	30	27720	卖盘
13:29:50	9.24	--	5	4620	卖盘
13:29:35	9.24	0.01	5	4620	买盘
13:29:14	9.23	--	0	83	卖盘
13:29:10	9.23	--	0	0	卖盘
13:28:59	9.23	-0.01	159	147356	卖盘
13:28:50	9.24	0.01	115	106260	买盘
13:28:44	9.23	-0.01	1	923	卖盘
13:28:35	9.24	0.01	96	88704	买盘
13:28:14	9.23	-0.01	67	61841	卖盘
13:27:43	9.24	--	198	183275	卖盘
13:27:24	9.24	--	100	92400	卖盘
13:27:14	9.24	--	0	258	卖盘
13:26:59	9.24	--	1	924	卖盘
13:26:55	9.24	--	8	7392	卖盘
13:26:40	9.24	--	17	16262	卖盘
13:26:24	9.24	--	20	18480	卖盘
13:26:19	9.24	--	11	10164	卖盘
13:26:14	9.24	--	3	2772	卖盘
13:26:09	9.24	-0.01	9	8316	卖盘
13:26:04	9.25	0.01	200	185000	买盘
13:25:59	9.24	--	5	4620	卖盘
13:25:44	9.24	-0.01	50	46200	卖盘
13:25:29	9.25	--	346	320050	卖盘
13:25:23	9.25	-0.01	10	9250	卖盘
13:25:08	9.26	--	50	46300	买盘
13:24:53	9.26	0.01	5	4630	买盘
13:24:44	9.25	-0.01	15	13875	卖盘
13:24:29	9.26	0.01	10	9260	买盘
13:23:53	9.25	-0.01	11	10175	卖盘
13:23:49	9.26	0.01	10	9260	买盘
13:23:14	9.25	--	0	0	卖盘
13:23:08	9.25	-0.01	105	97125	卖盘
13:23:04	9.26	--	1	926	卖盘
13:22:44	9.26	--	90	83340	买盘
13:22:38	9.26	0.02	21	19446	买盘
13:22:29	9.24	--	0	0	卖盘
13:22:23	9.24	-0.01	100	92400	卖盘
13:22:19	9.25	--	1	925	买盘
13:22:14	9.25	--	13	12025	卖盘
13:22:08	9.25	0.01	87	80475	买盘
13:21:59	9.24	-0.01	10	9240	卖盘
13:21:53	9.25	0.01	303	280275	买盘
13:21:44	9.24	-0.01	30	27720	卖盘
13:21:23	9.25	0.01	2	1850	买盘
13:21:19	9.24	--	4	3696	卖盘
13:20:59	9.24	-0.01	1	924	卖盘
13:20:53	9.25	--	100	92500	买盘
13:20:48	9.25	--	7	6475	买盘
13:20:33	9.25	--	78	72150	买盘
13:20:23	9.25	--	8	7400	卖盘
13:20:08	9.25	--	23	21275	卖盘
13:19:58	9.25	-0.01	2	1850	卖盘
13:19:53	9.26	--	100	92600	买盘
13:19:33	9.26	0.01	45	41670	买盘
13:19:28	9.25	--	30	27750	卖盘
13:19:23	9.25	-0.01	20	18500	卖盘
13:19:03	9.26	0.01	36	33336	买盘
13:18:53	9.25	--	14	12950	卖盘
13:18:08	9.25	--	110	101750	卖盘
13:17:53	9.25	--	50	46250	卖盘
13:17:23	9.25	--	153	141525	买盘
13:17:17	9.25	--	51	47175	买盘
13:17:02	9.25	--	100	92500	买盘
13:16:53	9.25	-0.01	297	274725	卖盘
13:16:47	9.26	0.01	2	1852	买盘
13:16:32	9.25	--	3	2775	卖盘
13:16:08	9.25	-0.01	110	101750	卖盘
13:15:23	9.26	--	10	9260	买盘
13:15:13	9.26	--	100	92600	买盘
13:15:08	9.26	--	0	0	买盘
13:14:53	9.26	0.02	100	92600	买盘
13:14:32	9.24	-0.02	2	1848	卖盘
13:13:52	9.26	--	5	4630	买盘
13:13:37	9.26	0.02	3	2778	买盘
13:13:07	9.24	-0.02	5	4620	卖盘
13:13:02	9.26	--	0	0	买盘
13:12:57	9.26	--	0	0	买盘
13:12:47	9.26	0.01	121	112046	买盘
13:12:42	9.25	-0.01	32	29600	卖盘
13:12:27	9.26	0.01	20	18520	买盘
13:12:17	9.25	-0.01	9	8778	卖盘
13:12:11	9.26	0.01	10	9260	买盘
13:11:52	9.25	0.01	207	191475	买盘
13:11:32	9.24	--	1	924	卖盘
13:11:11	9.24	--	11	10164	卖盘
13:11:07	9.24	--	20	18738	买盘
13:11:02	9.24	--	6	5544	买盘
13:10:52	9.24	--	1	924	买盘
13:10:41	9.24	0.01	8	7392	买盘
13:10:26	9.23	--	0	0	卖盘
13:10:11	9.23	--	1	923	卖盘
13:10:02	9.23	0.02	7	6461	卖盘
13:09:56	9.21	-0.04	1018	937578	卖盘
13:09:52	9.25	0.01	20	18500	买盘
13:09:47	9.24	--	12	11088	卖盘
13:09:32	9.24	-0.01	8	7392	卖盘
13:08:52	9.25	0.03	100	92500	买盘
13:08:47	9.22	--	0	0	卖盘
13:08:41	9.22	-0.03	2000	1844000	卖盘
13:08:32	9.25	--	14	12950	卖盘
13:08:17	9.25	--	5	4625	卖盘
13:08:07	9.25	--	147	136863	买盘
13:07:46	9.25	0.01	36	33300	买盘
13:07:26	9.24	--	7	6468	卖盘
13:07:21	9.24	--	10	9240	卖盘
13:07:11	9.24	--	3	2772	卖盘
13:07:06	9.24	0.01	72	66888	买盘
13:06:31	9.23	--	0	166	卖盘
13:06:06	9.23	--	50	46150	卖盘
13:05:56	9.23	-0.01	110	101530	卖盘
13:05:51	9.24	--	4	3696	买盘
13:05:41	9.24	--	10	9240	买盘
13:05:21	9.24	--	23	21252	买盘
13:05:11	9.24	0.01	30	27720	买盘
13:04:56	9.23	-0.01	210	193830	卖盘
13:04:50	9.24	0.01	5	4620	买盘
13:04:26	9.23	-0.01	111	102453	卖盘
13:04:11	9.24	--	40	37144	卖盘
13:03:50	9.24	-0.01	50	46200	卖盘
13:03:20	9.25	--	20	18500	买盘
13:03:16	9.25	0.01	11	10175	买盘
13:01:56	9.24	0.01	2	1848	中性盘
13:01:50	9.23	-0.01	50	46150	卖盘
13:01:35	9.24	--	28	25872	买盘
13:01:20	9.24	--	26	24024	买盘
13:01:15	9.24	--	120	110880	卖盘
13:01:05	9.24	--	3	2772	卖盘
13:00:30	9.24	--	56	51744	卖盘
13:00:10	9.24	--	29	26796	卖盘
13:00:05	9.24	--	1032	953568	卖盘
11:30:00	9.24	--	0	0	卖盘
11:29:59	9.24	-0.01	6	5544	卖盘
11:29:51	9.25	--	1	925	买盘
11:29:21	9.25	--	169	156325	卖盘
11:29:10	9.25	--	5	4625	卖盘
11:28:55	9.25	--	23	21275	卖盘
11:28:40	9.25	--	33	30525	买盘
11:28:36	9.25	--	10	9250	卖盘
11:28:21	9.25	--	0	0	中性盘
11:28:06	9.25	--	1	925	买盘
11:27:46	9.25	-0.01	4	3700	卖盘
11:27:40	9.26	--	5	4630	买盘
11:27:16	9.26	0.01	93	86118	买盘
11:26:51	9.25	--	2	1850	买盘
11:26:36	9.25	0.01	25	23125	买盘
11:26:31	9.24	-0.01	2	1848	卖盘
11:26:25	9.25	0.01	8	7400	买盘
11:25:51	9.24	--	12	11088	卖盘
11:25:40	9.24	--	51	47124	卖盘
11:25:25	9.24	--	306	282744	卖盘
11:24:55	9.24	-0.01	530	489720	卖盘
11:24:40	9.25	--	50	46250	买盘
11:24:34	9.25	0.02	51	47175	买盘
11:23:49	9.23	--	0	0	卖盘
11:23:40	9.23	-0.01	21	19383	卖盘
11:23:34	9.24	--	97	89628	买盘
11:23:30	9.24	--	200	184800	买盘
11:23:25	9.24	0.01	30	27720	买盘
11:23:10	9.23	--	56	52149	买盘
11:23:04	9.23	--	100	92300	买盘
11:23:00	9.23	--	9	8307	买盘
11:22:55	9.23	--	184	170293	卖盘
11:22:49	9.23	-0.01	10	9230	卖盘
11:22:45	9.24	0.01	14	12936	买盘
11:22:40	9.23	--	101	93684	买盘
11:22:34	9.23	0.01	105	96915	买盘
11:22:30	9.22	-0.01	80	73760	卖盘
11:22:25	9.23	--	32	29536	买盘
11:22:19	9.23	--	40	36920	买盘
11:22:15	9.23	0.01	50	46150	买盘
11:22:10	9.22	-0.01	80	73760	卖盘
11:22:04	9.23	--	30	27690	买盘
11:22:00	9.23	--	11	10614	卖盘
11:21:55	9.23	--	70	64610	卖盘
11:21:45	9.23	-0.01	50	46150	卖盘
11:21:40	9.24	--	30	27720	买盘
11:21:25	9.24	--	505	466620	卖盘
11:21:15	9.24	--	2	1848	卖盘
11:21:10	9.24	--	83	76692	卖盘
11:21:04	9.24	--	3	2772	卖盘
11:20:55	9.24	--	137	126588	买盘
11:20:49	9.24	0.01	65	60060	买盘
11:20:45	9.23	--	137	126451	卖盘
11:20:40	9.23	--	30	27690	卖盘
11:20:34	9.23	--	104	95992	卖盘
11:20:30	9.23	-0.01	3	2769	卖盘
11:20:19	9.24	--	6	5544	买盘
11:20:15	9.24	0.01	6	5544	买盘
11:20:00	9.23	-0.01	147	135681	卖盘
11:19:45	9.24	0.01	12	11088	买盘
11:19:40	9.23	-0.01	5	4615	卖盘
11:19:25	9.24	--	81	74844	卖盘
11:19:15	9.24	-0.01	90	83160	卖盘
11:19:10	9.25	0.01	53	49025	买盘
11:19:04	9.24	--	50	46200	卖盘
11:18:49	9.24	-0.01	100	92400	卖盘
11:18:45	9.25	--	50	46250	买盘
11:18:28	9.25	--	9	8325	买盘
11:18:25	9.25	--	59	54575	卖盘
11:18:04	9.25	--	45	41625	卖盘
11:17:49	9.25	--	5	4625	卖盘
11:17:19	9.25	--	38	35150	卖盘
11:17:04	9.25	--	14	12950	买盘
11:16:58	9.25	-0.01	35	32375	卖盘
11:16:49	9.26	--	107	99082	买盘
11:16:34	9.26	--	140	129640	买盘
11:16:19	9.26	--	1	926	买盘
11:16:13	9.26	0.01	10	9260	买盘
11:16:04	9.25	--	3	2775	卖盘
11:15:58	9.25	-0.01	10	9250	卖盘
11:15:54	9.26	--	50	46300	买盘
11:15:19	9.26	0.01	3	2778	买盘
11:15:13	9.25	--	54	49950	卖盘
11:15:04	9.25	--	19	17575	买盘
11:14:58	9.25	--	6	5550	买盘
11:14:54	9.25	--	12	11100	买盘
11:14:43	9.25	-0.01	13	12025	买盘
11:14:39	9.26	--	0	0	买盘
11:14:34	9.26	0.02	1	926	买盘
11:14:28	9.24	-0.02	110	101640	卖盘
11:14:24	9.26	--	24	22224	买盘
11:13:58	9.26	-0.01	20	18520	卖盘
11:13:49	9.27	--	113	104751	买盘
11:13:34	9.27	--	182	168714	卖盘
11:13:28	9.27	-0.01	10	9270	卖盘
11:13:13	9.28	--	20	18560	买盘
11:12:58	9.28	0.01	130	120639	买盘
11:12:54	9.27	--	25	23175	卖盘
11:12:49	9.27	--	4	3708	卖盘
11:12:43	9.27	--	232	215064	买盘
11:12:34	9.27	--	11	10197	买盘
11:12:22	9.27	0.01	50	46350	买盘
11:12:13	9.26	--	196	181496	买盘
11:12:07	9.26	0.01	235	217610	买盘
11:11:49	9.25	--	265	245199	买盘
11:11:13	9.25	0.01	100	92500	买盘
11:11:07	9.24	-0.01	2	1848	卖盘
11:10:58	9.25	--	24	22200	买盘
11:10:52	9.25	--	14	12950	买盘
11:10:48	9.25	--	0	0	买盘
11:10:43	9.25	--	71	65675	买盘
11:10:37	9.25	0.01	54	49950	买盘
11:10:28	9.24	--	265	244860	买盘
11:10:22	9.24	--	95	87780	卖盘
11:10:13	9.24	0.01	86	79464	买盘
11:10:03	9.23	-0.01	42	38766	卖盘
11:09:52	9.24	--	12	11088	买盘
11:09:43	9.24	--	35	32340	卖盘
11:09:37	9.24	--	23	21252	卖盘
11:09:33	9.24	-0.01	6	5544	卖盘
11:09:28	9.25	--	137	126725	买盘
11:09:07	9.25	--	7	6475	买盘
11:09:03	9.25	0.01	6	5550	买盘
11:08:52	9.24	-0.01	100	92400	卖盘
11:08:37	9.25	--	157	146076	卖盘
11:08:28	9.25	--	299	276649	买盘
11:08:22	9.25	0.01	20	18500	买盘
11:08:13	9.24	--	50	46200	卖盘
11:08:07	9.24	-0.01	22	20328	卖盘
11:07:52	9.25	--	0	0	买盘
11:07:18	9.25	0.02	1	925	买盘
11:07:13	9.23	-0.02	5	4615	卖盘
11:07:03	9.25	0.01	25	23125	买盘
11:06:52	9.24	--	3	2772	买盘
11:06:48	9.24	--	30	27720	买盘
11:06:43	9.24	--	20	18480	卖盘
11:06:37	9.24	--	7	6468	卖盘
11:06:28	9.24	--	47	43428	卖盘
11:06:22	9.24	--	3	2772	卖盘
11:06:01	9.24	0.01	16	14784	买盘
11:05:58	9.23	--	1	923	卖盘
11:05:52	9.23	-0.01	8	7384	卖盘
11:05:31	9.24	--	20	18480	买盘
11:05:22	9.24	--	7	6468	买盘
11:05:07	9.24	--	11	10164	卖盘
11:04:52	9.24	--	10	9240	买盘
11:04:46	9.24	--	156	144144	买盘
11:04:37	9.24	--	60	55440	卖盘
11:04:27	9.24	--	20	18480	买盘
11:04:22	9.24	--	280	258720	卖盘
11:04:16	9.24	--	9	8316	卖盘
11:04:12	9.24	--	10	9240	卖盘
11:03:52	9.24	-0.01	55	50820	卖盘
11:03:16	9.25	0.01	24	22200	买盘
11:03:12	9.24	-0.01	30	27720	卖盘
11:03:01	9.25	--	62	57350	买盘
11:02:42	9.25	--	58	54501	卖盘
11:02:37	9.25	--	15	13875	卖盘
11:02:31	9.25	--	1	925	卖盘
11:02:27	9.25	-0.01	151	139749	卖盘
11:02:22	9.26	0.01	29	26854	买盘
11:02:16	9.25	--	15	13875	卖盘
11:02:12	9.25	--	10	9250	卖盘
11:02:07	9.25	--	75	69375	卖盘
11:02:01	9.25	--	155	143375	卖盘
11:01:57	9.25	--	5	4625	卖盘
11:01:46	9.25	-0.01	15	13875	卖盘
11:01:31	9.26	0.01	90	83340	买盘
11:01:27	9.25	-0.01	99	91575	卖盘
11:01:16	9.26	0.01	22	20372	买盘
11:01:12	9.25	--	5	4625	卖盘
11:00:57	9.25	--	300	277500	卖盘
11:00:52	9.25	-0.01	1	925	卖盘
11:00:27	9.26	--	33	31409	卖盘
11:00:11	9.26	--	2	1852	卖盘
11:00:01	9.26	--	18	16742	买盘
10:59:57	9.26	--	1	1777	卖盘
10:59:52	9.26	--	28	26002	买盘
10:59:46	9.26	--	44	40744	买盘
10:59:40	9.26	0.01	137	126862	买盘
10:59:31	9.25	-0.01	30	27750	卖盘
10:59:22	9.26	--	10	9260	买盘
10:59:16	9.26	--	60	55560	买盘
10:59:10	9.26	--	30	27780	买盘
10:59:01	9.26	0.01	54	50004	买盘
10:58:55	9.25	-0.01	20	18500	卖盘
10:58:25	9.26	--	5	4630	买盘
10:58:21	9.26	--	6	5556	买盘
10:58:06	9.26	0.01	10	9260	买盘
10:58:01	9.25	-0.01	4	3700	卖盘
10:57:46	9.26	--	20	18520	买盘
10:57:21	9.26	--	24	22224	买盘
10:57:16	9.26	--	20	18520	买盘
10:56:31	9.26	0.01	2	1852	买盘
10:56:25	9.25	--	5	4625	卖盘
10:56:21	9.25	-0.01	35	32375	卖盘
10:56:06	9.26	0.01	298	275948	买盘
10:55:51	9.25	--	8	7400	卖盘
10:55:40	9.25	--	59	54575	卖盘
10:55:31	9.25	-0.01	23	21275	卖盘
10:55:21	9.26	--	3	2778	买盘
10:55:16	9.26	0.01	5	4630	买盘
10:55:06	9.25	--	5	4625	卖盘
10:54:55	9.25	--	1	925	买盘
10:54:51	9.25	--	11	10175	卖盘
10:54:25	9.25	--	102	94350	卖盘
10:54:10	9.25	-0.01	58	53650	卖盘
10:54:01	9.26	0.01	41	37966	买盘
10:53:55	9.25	--	15	13875	买盘
10:53:40	9.25	--	3	2775	买盘
10:53:25	9.25	--	112	103600	买盘
10:53:10	9.25	--	31	28675	卖盘
10:53:04	9.25	-0.01	5	4625	卖盘
10:52:49	9.26	0.02	80	74080	买盘
10:52:40	9.24	--	36	33264	卖盘
10:52:19	9.24	--	72	66528	卖盘
10:52:10	9.24	-0.01	68	63682	卖盘
10:52:04	9.25	--	26	24124	买盘
10:51:49	9.25	--	65	60125	买盘
10:51:34	9.25	--	0	851	卖盘
10:51:19	9.25	--	22	20424	卖盘
10:51:10	9.25	--	3	2775	卖盘
10:51:04	9.25	--	24	22200	买盘
10:51:00	9.25	--	20	18500	买盘
10:50:49	9.25	0.01	3	2775	买盘
10:50:45	9.24	-0.01	25	23100	卖盘
10:50:40	9.25	--	42	38850	买盘
10:50:25	9.25	--	50	46250	买盘
10:50:10	9.25	--	0	0	买盘
10:50:04	9.25	0.01	84	77700	买盘
10:50:00	9.24	--	57	52668	买盘
10:49:49	9.24	-0.01	400	369600	卖盘
10:49:40	9.25	0.01	6	5550	买盘
10:49:34	9.24	-0.01	100	92400	卖盘
10:49:04	9.25	--	107	98975	买盘
10:48:55	9.25	0.01	3	2775	买盘
10:48:40	9.24	--	1	924	卖盘
10:48:34	9.24	--	50	46200	卖盘
10:48:30	9.24	--	6	5544	买盘
10:48:19	9.24	0.01	50	46200	买盘
10:48:10	9.23	--	0	0	卖盘
10:48:04	9.23	-0.02	454	419042	卖盘
10:48:00	9.25	0.01	12	11100	买盘
10:47:45	9.24	--	50	46200	卖盘
10:47:34	9.24	0.01	10	9240	买盘
10:47:25	9.23	--	0	0	卖盘
10:47:19	9.23	--	2	1846	卖盘
10:47:13	9.23	--	5	4615	卖盘
10:46:58	9.23	--	6	5538	卖盘
10:46:55	9.23	--	1	923	卖盘
10:46:40	9.23	--	50	46150	卖盘
10:46:34	9.23	--	69	64148	买盘
10:46:28	9.23	--	506	467038	买盘
10:46:25	9.23	--	50	46150	买盘
10:46:19	9.23	--	31	28613	买盘
10:46:13	9.23	0.01	30	27690	买盘
10:46:04	9.22	-0.01	15	13830	卖盘
10:45:58	9.23	--	51	47073	买盘
10:45:54	9.23	--	4	3692	买盘
10:45:49	9.23	--	100	92300	买盘
10:45:43	9.23	--	8	7384	买盘
10:45:39	9.23	-0.01	655	605026	卖盘
10:45:34	9.24	--	5	4620	卖盘
10:45:28	9.24	--	13	12012	卖盘
10:45:24	9.24	--	10	9240	卖盘
10:45:19	9.24	-0.01	3	2772	卖盘
10:45:04	9.25	0.02	28	25900	买盘
10:44:58	9.23	--	0	0	卖盘
10:44:54	9.23	-0.02	300	276900	卖盘
10:44:49	9.25	0.01	643	595237	买盘
10:44:43	9.24	--	200	184800	买盘
10:44:34	9.24	--	360	333102	卖盘
10:44:04	9.24	--	18	16632	卖盘
10:43:58	9.24	0.01	13	12474	买盘
10:43:54	9.23	--	70	64610	卖盘
10:43:49	9.23	-0.01	8	7384	卖盘
10:43:43	9.24	0.01	77	71148	买盘
10:43:39	9.23	--	1	923	卖盘
10:43:34	9.23	-0.01	441	407043	卖盘
10:43:28	9.24	--	56	51744	买盘
10:43:24	9.24	--	13	12474	卖盘
10:43:09	9.24	--	100	92400	卖盘
10:43:04	9.24	--	4	3696	卖盘
10:42:58	9.24	--	2	1848	卖盘
10:42:49	9.24	-0.01	4	3696	卖盘
10:42:34	9.25	--	6	5550	买盘
10:42:28	9.25	--	10	9250	买盘
10:42:13	9.25	0.01	10	9250	买盘
10:42:09	9.24	--	0	0	卖盘
10:42:04	9.24	-0.01	500	462000	卖盘
10:41:43	9.25	--	19	17575	卖盘
10:41:39	9.25	-0.01	10	9250	卖盘
10:41:34	9.26	0.01	39	36114	买盘
10:41:24	9.25	--	25	23587	买盘
10:41:19	9.25	--	74	68912	卖盘
10:41:13	9.25	--	100	92500	卖盘
10:41:09	9.25	-0.01	7	6475	卖盘
10:40:52	9.26	--	1	926	买盘
10:40:43	9.26	--	5	4630	买盘
10:40:37	9.26	--	258	238908	卖盘
10:40:22	9.26	--	11	10186	卖盘
10:40:19	9.26	-0.01	10	9260	卖盘
10:40:13	9.27	0.01	34	31518	买盘
10:39:58	9.26	0.01	63	58338	买盘
10:39:52	9.25	-0.01	1	925	卖盘
10:39:48	9.26	0.01	69	63894	买盘
10:39:37	9.25	--	124	114700	卖盘
10:39:13	9.25	--	77	71687	买盘
10:39:07	9.25	--	30	27750	买盘
10:39:03	9.25	--	1	925	买盘
10:38:58	9.25	--	111	102675	买盘
10:38:52	9.25	--	505	467125	卖盘
10:38:48	9.25	-0.01	200	185000	卖盘
10:38:43	9.26	--	25	23150	买盘
10:38:37	9.26	--	82	75932	买盘
10:38:28	9.26	0.01	21	19446	买盘
10:38:22	9.25	-0.01	200	185000	卖盘
10:38:18	9.26	--	10	9260	买盘
10:38:13	9.26	--	10	9260	买盘
10:38:07	9.26	0.01	12	11112	买盘
10:37:58	9.25	-0.01	39	36537	卖盘
10:37:52	9.26	--	57	53245	买盘
10:37:48	9.26	--	10	9260	买盘
10:37:37	9.26	--	2	1852	买盘
10:37:33	9.26	--	76	70376	买盘
10:37:28	9.26	--	32	29632	买盘
10:37:22	9.26	--	2	1852	买盘
10:37:18	9.26	--	8	7408	买盘
10:37:13	9.26	--	6	5556	买盘
10:37:07	9.26	0.01	60	55560	买盘
10:37:03	9.25	--	3	2775	卖盘
10:36:58	9.25	--	7	6475	卖盘
10:36:52	9.25	-0.01	12	11100	卖盘
10:36:33	9.26	0.01	30	27780	买盘
10:36:22	9.25	-0.01	15	13875	卖盘
10:36:18	9.26	0.01	10	9260	买盘
10:36:13	9.25	--	11	10175	买盘
10:36:07	9.25	--	152	140600	卖盘
10:36:03	9.25	--	45	41625	卖盘
10:35:58	9.25	-0.01	100	92500	卖盘
10:35:52	9.26	0.01	57	52782	买盘
10:35:43	9.25	--	47	43475	卖盘
10:35:33	9.25	--	11	10175	卖盘
10:35:28	9.25	-0.01	19	17575	卖盘
10:35:22	9.26	0.01	30	27780	买盘
10:35:13	9.25	--	13	12025	卖盘
10:35:07	9.25	0.01	37	34225	买盘
10:35:03	9.24	--	3	2772	卖盘
10:34:52	9.24	--	9	8316	卖盘
10:34:48	9.24	-0.01	6	5544	卖盘
10:34:37	9.25	0.01	51	47175	买盘
10:34:31	9.24	-0.01	6	5544	卖盘
10:34:28	9.25	0.01	14	12950	买盘
10:34:22	9.24	--	68	62832	卖盘
10:34:16	9.24	--	116	107184	卖盘
10:34:07	9.24	--	12	11088	卖盘
10:34:01	9.24	--	5	4620	卖盘
10:33:52	9.24	-0.01	8	7392	卖盘
10:33:42	9.25	--	102	94350	买盘
10:33:37	9.25	0.01	26	24050	买盘
10:33:31	9.24	--	30	27720	卖盘
10:33:27	9.24	-0.01	2	1848	卖盘
10:33:22	9.25	--	5	4625	买盘
10:33:12	9.25	--	514	475450	卖盘
10:33:07	9.25	--	38	35150	卖盘
10:33:01	9.25	--	3	2775	卖盘
10:32:57	9.25	--	4	3700	卖盘
10:32:52	9.25	--	46	42550	卖盘
10:32:46	9.25	--	108	99900	卖盘
10:32:37	9.25	-0.01	7	6475	卖盘
10:32:31	9.26	--	343	317618	卖盘
10:32:27	9.26	--	50	46300	卖盘
10:32:22	9.26	--	417	386142	卖盘
10:32:16	9.26	-0.01	10	9260	卖盘
10:32:01	9.27	--	40	37080	买盘
10:31:52	9.27	--	207	191889	卖盘
10:31:46	9.27	--	336	311472	卖盘
10:31:42	9.27	--	112	103824	卖盘
10:31:37	9.27	--	2	1854	卖盘
10:31:31	9.27	--	2000	1854000	卖盘
10:31:27	9.27	--	39	36153	卖盘
10:31:22	9.27	--	22	20394	卖盘
10:31:16	9.27	-0.01	55	50985	卖盘
10:31:07	9.28	0.01	5	4640	买盘
10:31:01	9.27	--	68	63036	卖盘
10:30:57	9.27	-0.01	167	154809	卖盘
10:30:52	9.28	--	21	19488	买盘
10:30:46	9.28	--	1	927	买盘
10:30:37	9.28	--	164	152192	卖盘
10:30:31	9.28	--	16	14847	卖盘
10:30:27	9.28	--	200	185600	卖盘
10:30:22	9.28	--	15	13919	卖盘
10:30:16	9.28	--	30	27839	卖盘
10:30:07	9.28	--	12	11136	卖盘
10:29:57	9.28	--	144	133632	卖盘
10:29:52	9.28	-0.01	155	143840	卖盘
10:29:46	9.29	--	24	22295	买盘
10:29:42	9.29	--	2	1857	买盘
10:29:37	9.29	0.01	1096	1018183	买盘
10:29:27	9.28	-0.01	60	55679	卖盘
10:29:22	9.29	--	6	5573	买盘
10:29:12	9.29	0.01	1	928	买盘
10:29:01	9.28	-0.01	3	2784	卖盘
10:28:46	9.29	0.01	21	19509	买盘
10:28:37	9.28	-0.01	105	97440	卖盘
10:28:31	9.29	0.01	23	21366	买盘
10:28:27	9.28	--	469	435231	卖盘
10:28:16	9.28	--	60	55679	卖盘
10:28:10	9.28	--	23	21344	卖盘
10:28:07	9.28	-0.01	25	23200	卖盘
10:28:01	9.29	0.01	20	18580	买盘
10:27:52	9.28	-0.01	10	9280	卖盘
10:27:46	9.29	--	24	22295	买盘
10:27:40	9.29	-0.01	559	519310	卖盘
10:27:31	9.3	--	8	7440	买盘
10:27:10	9.3	--	55	51150	买盘
10:27:01	9.3	0.01	40	37200	买盘
10:26:55	9.29	-0.01	16	14863	卖盘
10:26:46	9.3	--	41	38130	买盘
10:26:40	9.3	--	75	69750	买盘
10:26:25	9.3	--	56	52080	卖盘
10:26:10	9.3	0.01	52	48360	买盘
10:26:06	9.29	--	200	185799	卖盘
10:26:01	9.29	-0.01	101	93828	卖盘
10:25:55	9.3	0.01	43	39990	买盘
10:25:51	9.29	--	43	39946	卖盘
10:25:46	9.29	-0.01	23	21366	卖盘
10:25:40	9.3	--	67	62310	买盘
10:25:36	9.3	0.01	5	4650	买盘
10:25:31	9.29	-0.01	20	18580	卖盘
10:25:25	9.3	--	126	117180	买盘
10:25:16	9.3	--	50	46500	买盘
10:25:10	9.3	--	54	50220	买盘
10:25:06	9.3	-0.01	744	691920	卖盘
10:25:01	9.31	--	24	22344	买盘
10:24:55	9.31	--	88	81928	买盘
10:24:51	9.31	--	75	69825	买盘
10:24:46	9.31	-0.01	3	2793	中性盘
10:24:40	9.32	0.01	401	373732	买盘
10:24:36	9.31	-0.01	42	39102	卖盘
10:24:31	9.32	--	21	19572	买盘
10:24:25	9.32	0.01	76	70832	买盘
10:24:21	9.31	-0.01	42	39102	卖盘
10:24:16	9.32	--	155	144460	买盘
10:24:10	9.32	--	312	290784	买盘
10:24:01	9.32	--	11	10252	买盘
10:23:55	9.32	--	182	169624	买盘
10:23:51	9.32	--	14	13048	买盘
10:23:46	9.32	--	147	137004	买盘
10:23:40	9.32	--	244	227408	买盘
10:23:36	9.32	--	5	4660	买盘
10:23:31	9.32	0.01	204	190128	买盘
10:23:25	9.31	--	34	31654	卖盘
10:23:21	9.31	--	105	97755	卖盘
10:23:16	9.31	--	50	46550	买盘
10:23:10	9.31	--	75	69825	买盘
10:23:06	9.31	--	24	22344	买盘
10:23:01	9.31	--	5	4655	买盘
10:22:55	9.31	0.01	6	5586	买盘
10:22:51	9.3	--	81	75330	卖盘
10:22:46	9.3	-0.01	10	9300	卖盘
10:22:40	9.31	0.01	8	7448	买盘
10:22:36	9.3	--	22	20460	卖盘
10:22:25	9.3	--	17	15810	买盘
10:22:21	9.3	--	280	260400	买盘
10:22:16	9.3	--	156	145080	买盘
10:22:10	9.3	0.01	500	465000	买盘
10:22:04	9.29	-0.01	20	18580	卖盘
10:21:55	9.3	0.01	30	27900	买盘
10:21:49	9.29	-0.01	3	2786	卖盘
10:21:45	9.3	--	50	46500	买盘
10:21:40	9.3	0.01	72	66960	买盘
10:21:34	9.29	--	10	9290	卖盘
10:21:30	9.29	--	178	165361	卖盘
10:21:25	9.29	--	219	203450	买盘
10:21:19	9.29	--	21	19509	买盘
10:21:15	9.29	--	72	66888	买盘
10:21:10	9.29	0.01	242	224817	买盘
10:21:04	9.28	-0.01	51	47328	卖盘
10:21:00	9.29	0.01	17	15792	买盘
10:20:55	9.28	--	10	9280	卖盘
10:20:49	9.28	--	46	42688	卖盘
10:20:40	9.28	--	260	241279	卖盘
10:20:25	9.28	--	30	27839	卖盘
10:20:19	9.28	0.01	370	343360	买盘
10:20:15	9.27	--	17	15759	卖盘
10:20:04	9.27	-0.01	6	5562	卖盘
10:20:00	9.28	--	56	51968	买盘
10:19:55	9.28	--	440	408320	买盘
10:19:45	9.28	--	110	102080	买盘
10:19:40	9.28	0.01	3	2784	买盘
10:19:34	9.27	--	5	4635	卖盘
10:19:25	9.27	-0.01	27	25029	卖盘
10:19:19	9.28	0.01	99	91872	买盘
10:19:15	9.27	--	5	4635	卖盘
10:19:10	9.27	-0.01	38	35226	卖盘
10:18:55	9.28	0.01	100	92800	买盘
10:18:49	9.27	--	51	47277	卖盘
10:18:40	9.27	-0.01	8	7416	卖盘
10:18:34	9.28	0.01	68	63103	买盘
10:18:30	9.27	--	1	927	卖盘
10:18:25	9.27	--	40	37080	卖盘
10:18:10	9.27	-0.01	20	18540	卖盘
10:18:04	9.28	0.01	49	45472	中性盘
10:18:00	9.27	-0.01	132	122364	卖盘
10:17:55	9.28	0.01	76	70528	买盘
10:17:49	9.27	-0.01	1006	932562	卖盘
10:17:40	9.28	--	791	734048	买盘
10:17:34	9.28	--	315	292320	卖盘
10:17:30	9.28	--	13	12064	卖盘
10:17:25	9.28	--	234	217151	买盘
10:17:19	9.28	0.01	111	103008	买盘
10:17:10	9.27	-0.01	539	499653	卖盘
10:17:04	9.28	--	2	1855	买盘
10:17:00	9.28	--	345	320160	买盘
10:16:49	9.28	--	5	4640	买盘
10:16:45	9.28	0.01	11	10208	买盘
10:16:40	9.27	-0.01	5	4635	卖盘
10:16:34	9.28	0.01	172	159616	买盘
10:16:30	9.27	0.01	87	80649	买盘
10:16:25	9.26	-0.02	5	4630	卖盘
10:16:19	9.28	0.02	1000	927999	买盘
10:16:15	9.26	-0.01	3	2778	卖盘
10:16:10	9.27	--	114	105678	卖盘
10:16:04	9.27	--	20	18540	卖盘
10:16:00	9.27	--	56	51912	买盘
10:15:49	9.27	--	23	21321	买盘
10:15:34	9.27	--	8	7416	买盘
10:15:28	9.27	--	18	16686	卖盘
10:15:24	9.27	0.01	2	1854	中性盘
10:15:19	9.26	-0.02	227	210202	卖盘
10:15:13	9.28	0.02	1549	1437472	买盘
10:15:04	9.26	--	316	292616	卖盘
10:14:58	9.26	--	43	39818	卖盘
10:14:54	9.26	-0.01	100	92600	卖盘
10:14:43	9.27	--	186	172422	买盘
10:14:34	9.27	0.01	584	541368	买盘
10:14:28	9.26	--	13	12038	卖盘
10:14:24	9.26	--	51	47226	卖盘
10:14:19	9.26	-0.01	204	188904	卖盘
10:14:09	9.27	--	8	7416	买盘
10:14:04	9.27	0.01	121	112167	买盘
10:13:58	9.26	-0.01	39	36114	卖盘
10:13:54	9.27	--	20	18540	卖盘
10:13:49	9.27	--	124	114948	买盘
10:13:43	9.27	--	7	6489	买盘
10:13:28	9.27	-0.01	105	97335	卖盘
10:13:24	9.28	0.01	11	10208	买盘
10:13:04	9.27	-0.01	60	55620	卖盘
10:12:58	9.28	0.01	5	4640	买盘
10:12:49	9.27	--	80	74160	卖盘
10:12:43	9.27	--	58	53766	买盘
10:12:34	9.27	--	2194	2033838	买盘
10:12:28	9.27	--	109	101043	卖盘
10:12:24	9.27	--	10	9270	卖盘
10:12:19	9.27	--	69	63963	卖盘
10:12:13	9.27	--	702	650754	买盘
10:11:58	9.27	--	35	32445	卖盘
10:11:54	9.27	0.01	3	2781	中性盘
10:11:49	9.26	--	1090	1009340	卖盘
10:11:43	9.26	--	2	1852	卖盘
10:11:34	9.26	-0.01	110	101860	卖盘
10:11:24	9.27	--	20	18540	买盘
10:11:13	9.27	--	263	243801	买盘
10:10:54	9.27	--	91	84357	卖盘
10:10:49	9.27	--	80	74160	卖盘
10:10:43	9.27	0.01	373	345771	买盘
10:10:34	9.26	--	308	285208	卖盘
10:10:28	9.26	--	540	500040	卖盘
10:10:24	9.26	-0.01	208	192608	卖盘
10:10:18	9.27	--	1	927	买盘
10:10:13	9.27	--	136	126072	买盘
10:10:09	9.27	--	20	18540	买盘
10:10:04	9.27	--	13	12051	买盘
10:09:58	9.27	--	20	18540	买盘
10:09:54	9.27	--	26	24102	买盘
10:09:49	9.27	--	35	32445	买盘
10:09:38	9.27	--	23	21321	买盘
10:09:34	9.27	--	188	174276	卖盘
10:09:28	9.27	--	85	78795	卖盘
10:09:24	9.27	-0.01	130	120510	卖盘
10:09:19	9.28	0.01	270	250559	买盘
10:09:13	9.27	--	282	261414	卖盘
10:09:07	9.27	--	1	927	卖盘
10:08:58	9.27	--	105	97335	买盘
10:08:52	9.27	--	680	630360	买盘
10:08:43	9.27	--	264	244728	买盘
10:08:37	9.27	0.01	14	12978	买盘
10:08:28	9.26	--	230	212980	卖盘
10:08:22	9.26	--	422	390772	买盘
10:08:18	9.26	--	20	18520	买盘
10:08:13	9.26	--	151	139826	买盘
10:08:03	9.26	0.01	73	67598	买盘
10:07:58	9.25	--	500	462500	买盘
10:07:52	9.25	--	140	129500	买盘
10:07:48	9.25	-0.01	87	80475	卖盘
10:07:37	9.26	--	20	18520	买盘
10:07:33	9.26	--	136	125936	卖盘
10:07:28	9.26	-0.01	25	23150	卖盘
10:07:18	9.27	--	13	12051	买盘
10:07:13	9.27	0.01	10	9270	买盘
10:07:07	9.26	--	154	142604	卖盘
10:07:03	9.26	--	13	12038	卖盘
10:06:52	9.26	--	1	926	卖盘
10:06:43	9.26	--	233	215758	买盘
10:06:37	9.26	--	412	381512	买盘
10:06:33	9.26	--	14	12964	买盘
10:06:28	9.26	--	25	23150	买盘
10:06:22	9.26	--	199	184274	买盘
10:06:18	9.26	--	8	7408	买盘
10:06:13	9.26	--	205	189830	买盘
10:06:07	9.26	0.01	3	2778	买盘
10:06:03	9.25	--	5	4625	卖盘
10:05:58	9.25	--	20	18500	卖盘
10:05:52	9.25	--	25	23125	卖盘
10:05:48	9.25	--	48	44400	卖盘
10:05:43	9.25	--	25	23125	买盘
10:05:37	9.25	--	10	9250	买盘
10:05:22	9.25	0.01	112	103600	买盘
10:05:18	9.24	-0.01	41	37884	卖盘
10:05:13	9.25	--	42	38850	买盘
10:05:07	9.25	0.01	151	139675	买盘
10:04:58	9.24	--	66	60984	卖盘
10:04:52	9.24	--	71	65604	买盘
10:04:48	9.24	0.01	5	4620	买盘
10:04:37	9.23	--	37	34289	卖盘
10:04:28	9.23	--	121	111683	卖盘
10:04:22	9.23	--	0	0	卖盘
10:04:03	9.23	--	33	30459	卖盘
10:03:57	9.23	--	501	462423	卖盘
10:03:52	9.23	--	80	73840	卖盘
10:03:43	9.23	--	8	7384	卖盘
10:03:33	9.23	--	42	38766	买盘
10:03:27	9.23	--	36	33228	买盘
10:03:22	9.23	0.01	7	6461	买盘
10:03:07	9.22	--	4	3688	卖盘
10:03:03	9.22	--	3	2766	卖盘
10:02:52	9.22	0.01	4	3688	买盘
10:02:46	9.21	-0.01	136	125256	卖盘
10:02:42	9.22	--	111	102342	买盘
10:02:37	9.22	--	10	9220	买盘
10:02:31	9.22	--	103	94966	买盘
10:02:27	9.22	0.01	203	187166	买盘
10:02:22	9.21	--	2	1842	卖盘
10:02:16	9.21	--	1	921	卖盘
10:02:07	9.21	--	208	191568	买盘
10:02:01	9.21	--	123	113283	卖盘
10:01:57	9.21	--	4	3684	卖盘
10:01:52	9.21	--	53	48813	卖盘
10:01:46	9.21	--	15	13815	卖盘
10:01:42	9.21	--	15	13815	卖盘
10:01:37	9.21	-0.01	68	62628	卖盘
10:01:31	9.22	0.01	2	1844	买盘
10:01:27	9.21	--	609	560889	卖盘
10:01:22	9.21	-0.01	112	103152	卖盘
10:01:07	9.22	--	42	38724	买盘
10:00:52	9.22	--	17	15674	买盘
10:00:46	9.22	--	41	37802	买盘
10:00:37	9.22	0.01	3	2766	买盘
10:00:22	9.21	--	1	921	卖盘
10:00:12	9.21	-0.01	5	4605	卖盘
10:00:01	9.22	0.01	83	76526	买盘
09:59:57	9.21	-0.01	22	20262	卖盘
09:59:52	9.22	--	9	8298	买盘
09:59:31	9.22	--	1	922	买盘
09:59:27	9.22	--	100	92200	买盘
09:59:22	9.22	--	186	171492	卖盘
09:59:16	9.22	--	25	23050	卖盘
09:59:12	9.22	-0.01	10	9220	卖盘
09:59:07	9.23	0.01	15	13845	买盘
09:58:52	9.22	-0.01	50	46100	卖盘
09:58:46	9.23	0.02	10	9230	买盘
09:58:42	9.21	--	75	69075	卖盘
09:58:37	9.21	--	100	92100	卖盘
09:58:31	9.21	--	6	5949	卖盘
09:58:12	9.21	--	155	142755	买盘
09:58:07	9.21	--	30	27630	买盘
09:58:01	9.21	0.01	13	11973	买盘
09:57:57	9.2	--	0	0	卖盘
09:57:52	9.2	-0.01	3102	2853840	卖盘
09:57:46	9.21	--	31	28551	买盘
09:57:37	9.21	--	27	24867	买盘
09:57:31	9.21	--	11	10131	买盘
09:57:27	9.21	--	357	328797	卖盘
09:57:22	9.21	--	15	13815	卖盘
09:57:16	9.21	--	20	18420	卖盘
09:57:12	9.21	--	9	8289	卖盘
09:56:57	9.21	-0.01	1	921	中性盘
09:56:46	9.22	0.01	900	829800	买盘
09:56:42	9.21	--	10	9210	买盘
09:56:31	9.21	--	34	31314	买盘
09:56:27	9.21	--	151	139071	卖盘
09:56:16	9.21	-0.01	2	1842	卖盘
09:56:10	9.22	0.01	41	37802	买盘
09:56:01	9.21	-0.01	11	10131	卖盘
09:55:55	9.22	--	47	43334	买盘
09:55:51	9.22	0.01	8	7376	买盘
09:55:46	9.21	-0.01	29	26709	卖盘
09:55:40	9.22	0.02	585	539370	买盘
09:55:36	9.2	0.01	4	3679	买盘
09:55:31	9.19	-0.01	228	209532	卖盘
09:55:16	9.2	-0.01	14	12879	卖盘
09:55:10	9.21	0.01	28	25788	买盘
09:55:06	9.2	--	15	13799	卖盘
09:55:01	9.2	--	309	284280	卖盘
09:54:55	9.2	--	90	82800	卖盘
09:54:51	9.2	--	51	46920	卖盘
09:54:40	9.2	--	82	75440	买盘
09:54:36	9.2	0.01	200	184000	买盘
09:54:31	9.19	-0.01	10	9190	卖盘
09:54:21	9.2	--	296	272320	买盘
09:54:10	9.2	--	32	29439	卖盘
09:54:06	9.2	--	244	224479	卖盘
09:54:01	9.2	--	49	45080	卖盘
09:53:55	9.2	-0.01	10	9200	卖盘
09:53:46	9.21	--	20	18420	买盘
09:53:40	9.21	0.01	17	15657	中性盘
09:53:25	9.2	-0.02	119	109479	卖盘
09:53:10	9.22	0.01	15	13830	买盘
09:53:06	9.21	-0.01	30	27630	卖盘
09:53:01	9.22	--	10	9220	买盘
09:52:55	9.22	--	20	18440	买盘
09:52:40	9.22	--	94	86668	卖盘
09:52:36	9.22	--	134	123548	卖盘
09:52:31	9.22	--	119	109718	买盘
09:52:25	9.22	--	69	63618	买盘
09:52:21	9.22	--	59	54398	卖盘
09:52:16	9.22	--	129	118938	卖盘
09:52:10	9.22	--	2	1844	卖盘
09:52:01	9.22	0.02	749	690578	买盘
09:51:55	9.2	--	10	9200	卖盘
09:51:51	9.2	--	6	5520	卖盘
09:51:40	9.2	--	173	159160	卖盘
09:51:25	9.2	-0.01	67	61639	卖盘
09:51:21	9.21	0.01	43	39603	买盘
09:51:16	9.2	--	3	2760	卖盘
09:50:55	9.2	--	5	4600	卖盘
09:50:51	9.2	-0.02	192	176640	卖盘
09:50:40	9.22	0.01	981	904482	买盘
09:50:30	9.21	--	17	15657	卖盘
09:50:25	9.21	--	11	10131	卖盘
09:50:06	9.21	--	26	23946	买盘
09:49:55	9.21	--	10	9210	买盘
09:49:51	9.21	--	52	47892	买盘
09:49:46	9.21	0.01	18	16578	买盘
09:49:40	9.2	-0.01	100	92000	卖盘
09:49:34	9.21	0.01	105	96705	买盘
09:49:30	9.2	-0.01	14	12879	卖盘
09:49:25	9.21	0.01	20	18420	买盘
09:49:19	9.2	--	118	108559	卖盘
09:49:15	9.2	--	1572	1446240	买盘
09:49:01	9.2	--	2	1839	买盘
09:48:55	9.2	--	217	199639	买盘
09:48:49	9.2	--	226	207919	卖盘
09:48:45	9.2	--	40	36800	卖盘
09:48:40	9.2	-0.01	622	572240	卖盘
09:48:34	9.21	0.01	401	369321	买盘
09:48:30	9.2	--	395	363400	卖盘
09:48:25	9.2	--	45	41400	卖盘
09:48:19	9.2	--	55	50599	卖盘
09:48:10	9.2	-0.01	159	146280	卖盘
09:48:04	9.21	--	50	46050	买盘
09:48:00	9.21	--	7	6447	买盘
09:47:40	9.21	--	34	31314	卖盘
09:47:34	9.21	-0.01	85	78285	卖盘
09:47:30	9.22	0.01	3	2766	买盘
09:47:25	9.21	--	397	365637	卖盘
09:47:19	9.21	--	10	9210	卖盘
09:47:15	9.21	-0.01	29	26709	卖盘
09:47:10	9.22	--	10	9220	买盘
09:47:00	9.22	--	591	544902	买盘
09:46:40	9.22	0.01	94	86668	买盘
09:46:34	9.21	-0.01	13	11973	卖盘
09:46:25	9.22	--	28	25816	买盘
09:46:19	9.22	--	46	42412	买盘
09:46:10	9.22	0.01	15	13830	买盘
09:46:04	9.21	-0.01	5	4605	卖盘
09:46:00	9.22	--	74	68228	买盘
09:45:49	9.22	0.01	200	184400	买盘
09:45:40	9.21	-0.01	139	128019	卖盘
09:45:34	9.22	--	18	16596	买盘
09:45:19	9.22	--	200	184400	买盘
09:45:04	9.22	--	102	94044	买盘
09:45:00	9.22	0.01	10	9220	买盘
09:44:55	9.21	-0.01	150	138150	卖盘
09:44:49	9.22	0.01	2	1844	买盘
09:44:45	9.21	--	7	6447	卖盘
09:44:40	9.21	--	5	4605	卖盘
09:44:34	9.21	--	100	92100	卖盘
09:44:30	9.21	--	35	32235	卖盘
09:44:25	9.21	--	10	9210	卖盘
09:44:19	9.21	--	45	41445	买盘
09:44:15	9.21	0.01	21	19341	买盘
09:44:10	9.2	-0.01	9	8280	卖盘
09:44:04	9.21	--	100	92100	买盘
09:44:00	9.21	0.01	73	67233	买盘
09:43:54	9.2	--	0	0	卖盘
09:43:49	9.2	-0.02	101	92920	卖盘
09:43:45	9.22	0.01	231	212982	买盘
09:43:34	9.21	--	10	9210	卖盘
09:43:30	9.21	--	10	9210	中性盘
09:43:24	9.21	--	105	96705	买盘
09:43:15	9.21	--	286	263406	卖盘
09:42:58	9.21	--	8	7368	卖盘
09:42:49	9.21	--	32	29472	卖盘
09:42:43	9.21	--	5	4605	卖盘
09:42:39	9.21	--	2	1842	卖盘
09:42:24	9.21	-0.01	9	8289	卖盘
09:42:19	9.22	--	5	4610	买盘
09:42:13	9.22	--	54	49788	买盘
09:42:04	9.22	--	13	11986	买盘
09:41:58	9.22	--	12	11064	买盘
09:41:43	9.22	--	10	9220	买盘
09:41:28	9.22	--	55	50710	买盘
09:41:24	9.22	--	21	19362	买盘
09:41:19	9.22	--	85	78370	卖盘
09:41:13	9.22	--	11	10142	卖盘
09:41:04	9.22	--	68	62696	买盘
09:40:58	9.22	--	1	922	卖盘
09:40:49	9.22	--	2	1844	卖盘
09:40:43	9.22	0.01	82	75604	买盘
09:40:39	9.21	-0.01	24	22104	卖盘
09:40:34	9.22	--	15	13830	买盘
09:40:28	9.22	--	20	18440	买盘
09:40:24	9.22	-0.01	77	70994	卖盘
09:40:19	9.23	0.01	10	9230	买盘
09:40:13	9.22	-0.01	247	227734	卖盘
09:40:04	9.23	--	220	203060	卖盘
09:39:58	9.23	--	154	142142	卖盘
09:39:54	9.23	--	294	271362	卖盘
09:39:49	9.23	--	208	191984	卖盘
09:39:39	9.23	--	121	111683	卖盘
09:39:34	9.23	0.01	8	7384	中性盘
09:39:28	9.22	-0.01	248	228656	卖盘
09:39:24	9.23	0.01	131	120913	买盘
09:39:19	9.22	--	4	3688	卖盘
09:38:58	9.22	--	90	82980	卖盘
09:38:54	9.22	--	2	1844	卖盘
09:38:49	9.22	--	45	41490	卖盘
09:38:43	9.22	0.01	36	33192	买盘
09:38:39	9.21	--	20	18420	卖盘
09:38:34	9.21	--	5	4605	卖盘
09:38:28	9.21	--	26	23946	买盘
09:38:24	9.21	--	36	33156	买盘
09:38:19	9.21	--	37	34077	买盘
09:38:13	9.21	--	80	73680	买盘
09:38:04	9.21	--	60	55260	买盘
09:37:58	9.21	--	33	30393	买盘
09:37:54	9.21	--	10	9210	买盘
09:37:49	9.21	0.01	70	64470	买盘
09:37:43	9.2	--	40	36800	卖盘
09:37:34	9.2	--	17	15639	卖盘
09:37:28	9.2	--	178	163760	买盘
09:36:54	9.2	0.01	7	6439	买盘
09:36:48	9.19	--	15	13785	卖盘
09:36:43	9.19	-0.01	87	79953	卖盘
09:36:39	9.2	0.01	305	280600	买盘
09:36:22	9.19	--	94	86386	买盘
09:36:07	9.19	--	9	8271	买盘
09:36:03	9.19	0.01	51	46869	卖盘
09:35:58	9.18	--	0	0	卖盘
09:35:52	9.18	-0.02	121	111078	卖盘
09:35:48	9.2	0.02	201	185637	买盘
09:35:43	9.18	-0.01	2	1836	卖盘
09:35:37	9.19	--	55	50545	卖盘
09:35:28	9.19	--	100	91900	买盘
09:35:22	9.19	0.01	24	22056	买盘
09:35:18	9.18	--	50	45900	卖盘
09:35:13	9.18	--	50	45900	卖盘
09:35:07	9.18	--	23	21114	卖盘
09:35:03	9.18	--	37	34406	买盘
09:34:52	9.18	0.01	520	477360	买盘
09:34:43	9.17	--	264	242088	卖盘
09:34:37	9.17	-0.01	20	18340	卖盘
09:34:28	9.18	0.01	10	9180	买盘
09:34:22	9.17	-0.02	715	656131	卖盘
09:34:18	9.19	--	119	109361	卖盘
09:34:13	9.19	-0.01	20	18380	卖盘
09:34:07	9.2	--	53	48962	卖盘
09:34:03	9.2	--	20	18400	卖盘
09:33:58	9.2	--	1	919	卖盘
09:33:52	9.2	--	10	9200	卖盘
09:33:48	9.2	--	19	17480	卖盘
09:33:43	9.2	-0.01	18	16560	卖盘
09:33:37	9.21	0.01	542	499900	买盘
09:33:28	9.2	--	131	120519	卖盘
09:33:22	9.2	-0.01	10	9200	卖盘
09:33:13	9.21	--	9	8289	买盘
09:33:07	9.21	--	2	1842	买盘
09:32:58	9.21	--	982	904422	卖盘
09:32:52	9.21	--	79	72759	卖盘
09:32:48	9.21	--	2	1842	卖盘
09:32:43	9.21	--	32	29472	卖盘
09:32:37	9.21	--	59	54339	买盘
09:32:28	9.21	--	3	2763	买盘
09:32:22	9.21	0.01	22	20262	买盘
09:32:18	9.2	-0.01	45	41400	卖盘
09:32:13	9.21	--	128	117888	卖盘
09:32:07	9.21	-0.01	50	46050	卖盘
09:32:03	9.22	--	7	6454	卖盘
09:31:58	9.22	0.01	163	150286	中性盘
09:31:43	9.21	-0.01	37	34077	卖盘
09:31:37	9.22	0.01	56	51632	买盘
09:31:28	9.21	--	50	46050	卖盘
09:31:18	9.21	0.01	45	41445	买盘
09:31:13	9.2	-0.01	14	12879	卖盘
09:31:03	9.21	0.02	406	373926	买盘
09:30:58	9.19	--	7	6433	卖盘
09:30:52	9.19	--	27	24813	卖盘
09:30:37	9.19	0.01	18	16542	中性盘
09:30:33	9.18	--	115	106010	卖盘
09:30:22	9.18	--	40	36720	卖盘
09:30:18	9.18	--	73	67014	卖盘
09:30:12	9.18	--	4	3672	卖盘
09:30:07	9.18	0.01	532	488376	买盘
09:30:01	9.17	--	20	18340	买盘
09:28:51	9.17	--	0	0	买盘
09:25:06	9.17	9.17	357	327369	买盘
