成交时间	成交价	价格变动	成交量(手)	成交额(元)	性质
15:00:00	7.14	--	0	0	卖盘
15:00:00	7.14	--	0	0	卖盘
14:59:59	7.14	-0.01	1	714	卖盘
14:59:53	7.15	--	20	14300	买盘
14:59:49	7.15	--	758	541970	买盘
14:59:44	7.15	--	55	39325	买盘
14:59:38	7.15	0.01	100	71500	买盘
14:59:29	7.14	-0.01	100	71400	卖盘
14:59:19	7.15	0.01	14	10010	买盘
14:59:14	7.14	-0.01	14	9996	卖盘
14:59:08	7.15	--	5	3575	买盘
14:58:49	7.15	0.01	103	73645	买盘
14:58:44	7.14	-0.01	60	42840	卖盘
14:58:34	7.15	--	20	14300	买盘
14:58:29	7.15	--	145	103675	买盘
14:58:23	7.15	--	5	3575	买盘
14:58:19	7.15	--	17	12155	买盘
14:58:14	7.15	--	8	5720	买盘
14:58:08	7.15	--	94	67210	买盘
14:58:04	7.15	0.01	16	11440	买盘
14:57:59	7.14	-0.01	28	19992	卖盘
14:57:49	7.15	0.01	5	3575	买盘
14:57:44	7.14	-0.01	3	2142	卖盘
14:57:34	7.15	0.01	5	3575	买盘
14:57:29	7.14	-0.01	65	46410	卖盘
14:57:19	7.15	0.01	20	14300	买盘
14:57:08	7.14	--	15	10710	卖盘
14:57:04	7.14	--	51	36414	卖盘
14:56:49	7.14	-0.01	50	35700	卖盘
14:56:44	7.15	0.01	386	276068	买盘
14:56:38	7.14	-0.01	15	10710	卖盘
14:56:29	7.15	0.01	21	15015	买盘
14:56:19	7.14	-0.01	10	7140	卖盘
14:56:14	7.15	--	13	9295	买盘
14:56:08	7.15	0.01	56	40040	买盘
14:55:59	7.14	-0.01	40	28560	卖盘
14:55:53	7.15	--	15	10725	买盘
14:55:44	7.15	0.01	2	1430	买盘
14:55:38	7.14	-0.01	10	7140	卖盘
14:55:08	7.15	0.01	70	50050	买盘
14:55:02	7.14	-0.01	10	7140	卖盘
14:54:53	7.15	--	1	715	买盘
14:54:43	7.15	--	15	10725	买盘
14:54:38	7.15	0.01	32	22880	买盘
14:54:23	7.14	--	51	36414	卖盘
14:54:02	7.14	-0.01	2	1428	卖盘
14:53:53	7.15	--	50	35750	买盘
14:53:47	7.15	0.01	10	7150	买盘
14:53:38	7.14	--	50	35700	卖盘
14:53:32	7.14	--	200	142800	卖盘
14:53:28	7.14	-0.01	4	2856	卖盘
14:53:23	7.15	--	5	3575	买盘
14:53:17	7.15	0.01	2	1430	买盘
14:53:13	7.14	-0.01	149	106386	卖盘
14:53:02	7.15	0.01	10	7150	买盘
14:52:53	7.14	-0.01	10	7140	卖盘
14:52:43	7.15	--	50	35750	买盘
14:52:32	7.15	--	10	7150	买盘
14:52:23	7.15	--	5	3575	买盘
14:52:08	7.15	--	8	5720	买盘
14:51:53	7.15	--	2	1430	买盘
14:51:28	7.15	--	13	9295	买盘
14:51:23	7.15	--	119	85085	买盘
14:51:13	7.15	--	5	3575	买盘
14:51:02	7.15	--	35	25025	买盘
14:50:58	7.15	--	35	25025	买盘
14:50:43	7.15	0.01	24	17160	买盘
14:50:28	7.14	-0.01	123	87822	卖盘
14:50:23	7.15	--	14	10010	买盘
14:50:17	7.15	--	250	178750	买盘
14:50:13	7.15	--	1	715	买盘
14:50:08	7.15	--	5	3575	买盘
14:49:58	7.15	--	2	1430	买盘
14:49:47	7.15	--	125	89482	卖盘
14:49:43	7.15	-0.01	248	177320	卖盘
14:49:38	7.16	0.01	405	289980	买盘
14:49:32	7.15	--	10	7150	卖盘
14:49:23	7.15	-0.01	407	291005	卖盘
14:49:17	7.16	--	5	3580	买盘
14:49:13	7.16	0.01	435	311460	买盘
14:49:08	7.15	--	18	12870	卖盘
14:48:58	7.15	--	50	35750	卖盘
14:48:52	7.15	--	500	357500	卖盘
14:48:41	7.15	--	18	12870	卖盘
14:48:37	7.15	--	157	112255	卖盘
14:48:26	7.15	--	42	30030	卖盘
14:48:17	7.15	--	111	79365	卖盘
14:48:07	7.15	--	10	7150	卖盘
14:48:02	7.15	--	70	50050	卖盘
14:47:22	7.15	-0.01	100	71500	卖盘
14:47:17	7.16	0.01	8	5728	买盘
14:47:11	7.15	-0.01	10	7150	卖盘
14:47:07	7.16	--	6	4296	买盘
14:46:47	7.16	0.01	2	1432	买盘
14:46:37	7.15	-0.01	111	79365	卖盘
14:46:32	7.16	0.01	3	2148	买盘
14:46:26	7.15	-0.01	3	2145	卖盘
14:46:22	7.16	--	257	184012	买盘
14:46:17	7.16	--	20	14320	买盘
14:46:07	7.16	--	2	1432	买盘
14:45:56	7.16	0.01	3	2148	买盘
14:45:52	7.15	--	0	607	卖盘
14:45:47	7.15	-0.01	102	72930	卖盘
14:45:32	7.16	--	50	35800	买盘
14:44:56	7.16	--	2	1432	买盘
14:44:52	7.16	--	2	1432	买盘
14:44:47	7.16	--	8	5728	买盘
14:44:32	7.16	--	42	30072	买盘
14:44:22	7.16	0.01	9	6444	买盘
14:44:11	7.15	-0.01	15	10725	卖盘
14:44:07	7.16	0.02	142	101672	买盘
14:44:02	7.14	--	20	14280	卖盘
14:43:47	7.14	-0.01	33	23562	卖盘
14:43:37	7.15	--	31	22165	买盘
14:43:32	7.15	--	8	5720	买盘
14:43:22	7.15	--	109	77935	卖盘
14:43:11	7.15	-0.01	36	25740	卖盘
14:43:07	7.16	--	131	93796	买盘
14:42:52	7.16	0.01	8	5728	买盘
14:42:47	7.15	-0.01	10	7150	卖盘
14:42:37	7.16	0.01	20	14320	买盘
14:42:26	7.15	--	76	54340	买盘
14:42:22	7.15	--	47	33605	卖盘
14:42:16	7.15	--	2	1430	买盘
14:42:11	7.15	--	110	78650	买盘
14:42:01	7.15	--	19	13585	买盘
14:41:46	7.15	--	22	15730	买盘
14:41:41	7.15	0.01	8	5720	买盘
14:41:35	7.14	-0.01	10	7140	卖盘
14:41:31	7.15	--	12	8580	买盘
14:41:26	7.15	--	108	77220	买盘
14:41:16	7.15	0.01	51	36465	买盘
14:41:11	7.14	-0.01	842	601188	卖盘
14:41:05	7.15	0.01	8	5720	买盘
14:41:01	7.14	-0.01	17	12138	卖盘
14:40:56	7.15	--	41	29315	买盘
14:40:46	7.15	--	8	5720	买盘
14:40:31	7.15	--	19	13585	买盘
14:40:26	7.15	--	9	6435	买盘
14:40:11	7.15	--	8	5720	买盘
14:40:01	7.15	--	68	48620	买盘
14:39:56	7.15	--	20	14300	买盘
14:39:35	7.15	--	19	13585	买盘
14:39:31	7.15	--	11	7865	买盘
14:39:16	7.15	0.01	150	107250	买盘
14:39:01	7.14	-0.02	31	22134	卖盘
14:38:56	7.16	0.01	13	9308	买盘
14:38:41	7.15	--	7	5005	买盘
14:38:35	7.15	-0.01	3	2145	买盘
14:38:26	7.16	--	20	14320	买盘
14:38:11	7.16	--	0	0	买盘
14:38:05	7.16	0.01	31	22861	买盘
14:38:01	7.15	--	179	128035	买盘
14:37:56	7.15	--	11	7865	买盘
14:37:46	7.15	--	8	5720	买盘
14:37:31	7.15	--	11	7865	买盘
14:37:26	7.15	--	12	8580	买盘
14:37:11	7.15	--	8	5720	买盘
14:37:01	7.15	0.01	12	8580	买盘
14:36:56	7.14	-0.01	47	33558	卖盘
14:36:35	7.15	--	8	5720	买盘
14:36:31	7.15	--	11	7865	买盘
14:36:16	7.15	--	13	9959	卖盘
14:36:01	7.15	-0.01	59	42185	卖盘
14:35:50	7.16	0.01	15	10740	买盘
14:35:44	7.15	--	152	108730	买盘
14:35:40	7.15	--	58	41470	买盘
14:35:35	7.15	--	2	1430	买盘
14:35:25	7.15	--	56	40040	买盘
14:35:20	7.15	--	687	491205	买盘
14:35:05	7.15	--	8	5720	买盘
14:34:59	7.15	--	6	4290	买盘
14:34:55	7.15	--	78	55770	买盘
14:34:50	7.15	--	40	28600	买盘
14:34:35	7.15	--	122	87230	买盘
14:34:29	7.15	0.01	8	5720	买盘
14:34:25	7.14	--	49	34986	卖盘
14:34:14	7.14	--	15	10710	卖盘
14:34:10	7.14	--	12	8568	卖盘
14:34:05	7.14	--	188	134232	卖盘
14:33:59	7.14	-0.01	300	214200	卖盘
14:33:55	7.15	0.01	19	13585	买盘
14:33:40	7.14	-0.01	20	14280	卖盘
14:33:35	7.15	--	8	5720	买盘
14:33:29	7.15	0.01	12	8580	买盘
14:33:25	7.14	-0.01	1000	714000	卖盘
14:33:20	7.15	0.01	8	5720	买盘
14:33:05	7.14	-0.01	101	72114	卖盘
14:32:59	7.15	--	31	22165	买盘
14:32:55	7.15	0.01	12	8580	买盘
14:32:50	7.14	-0.01	200	142800	卖盘
14:32:40	7.15	0.01	8	5720	买盘
14:32:35	7.14	-0.01	300	214200	卖盘
14:32:25	7.15	--	8	5720	买盘
14:32:20	7.15	--	11	7865	买盘
14:32:05	7.15	--	8	5720	买盘
14:31:55	7.15	--	12	8580	买盘
14:31:50	7.15	--	8	5720	买盘
14:31:29	7.15	--	8	5720	买盘
14:31:25	7.15	0.01	12	8580	买盘
14:30:59	7.14	-0.01	57	41362	卖盘
14:30:55	7.15	-0.01	52	37180	卖盘
14:30:50	7.16	0.01	696	498336	买盘
14:30:40	7.15	--	28	20020	卖盘
14:30:35	7.15	--	76	54340	卖盘
14:30:29	7.15	--	14	10010	卖盘
14:30:25	7.15	-0.01	58	41470	卖盘
14:30:20	7.16	0.01	14	10024	买盘
14:30:14	7.15	--	23	16445	卖盘
14:30:10	7.15	--	61	43615	卖盘
14:30:05	7.15	-0.01	22	15730	卖盘
14:29:59	7.16	--	18	12888	买盘
14:29:55	7.16	0.01	20	14320	买盘
14:29:50	7.15	-0.01	14	10010	卖盘
14:29:44	7.16	0.01	8	5728	买盘
14:29:40	7.15	-0.01	127	90805	卖盘
14:29:35	7.16	0.01	56	40096	买盘
14:29:29	7.15	-0.01	20	14300	卖盘
14:29:25	7.16	0.01	36	25776	买盘
14:29:20	7.15	--	202	144430	卖盘
14:29:14	7.15	--	68	48620	卖盘
14:29:04	7.15	--	90	64350	卖盘
14:28:59	7.15	-0.01	530	378950	卖盘
14:28:53	7.16	--	12	8592	买盘
14:28:49	7.16	--	24	17184	买盘
14:28:44	7.16	--	8	5728	买盘
14:28:38	7.16	--	8	5728	买盘
14:28:29	7.16	--	16	11456	买盘
14:28:23	7.16	--	11	7876	买盘
14:28:14	7.16	--	86	61576	买盘
14:28:08	7.16	--	8	5728	买盘
14:27:59	7.16	--	8	5728	买盘
14:27:53	7.16	--	20	14320	买盘
14:27:44	7.16	--	9	6444	买盘
14:27:34	7.16	--	49	35084	买盘
14:27:19	7.16	0.01	28	20048	买盘
14:27:14	7.15	-0.01	138	98670	卖盘
14:27:04	7.16	--	13	9308	买盘
14:26:59	7.16	--	8	5728	买盘
14:26:53	7.16	--	69	49404	买盘
14:26:44	7.16	--	8	5728	买盘
14:26:38	7.16	0.01	8	5728	买盘
14:26:34	7.15	-0.01	11	7865	卖盘
14:26:29	7.16	--	16	11456	买盘
14:26:23	7.16	--	12	8592	买盘
14:26:14	7.16	--	8	5728	买盘
14:26:08	7.16	--	8	5728	买盘
14:25:59	7.16	--	20	14320	买盘
14:25:53	7.16	--	8	5728	买盘
14:25:49	7.16	--	8	5728	买盘
14:25:34	7.16	--	16	11456	买盘
14:25:19	7.16	--	32	22912	买盘
14:25:14	7.16	--	51	36516	买盘
14:25:04	7.16	--	8	5728	买盘
14:24:59	7.16	--	38	27208	买盘
14:24:53	7.16	--	8	5728	买盘
14:24:49	7.16	--	12	8592	买盘
14:24:44	7.16	--	8	5728	买盘
14:24:38	7.16	--	8	5728	买盘
14:24:29	7.16	--	116	83056	买盘
14:24:23	7.16	--	62	44392	买盘
14:24:14	7.16	--	8	5728	买盘
14:24:08	7.16	--	8	5728	买盘
14:23:59	7.16	-0.01	160	114560	卖盘
14:23:53	7.17	--	11	7887	买盘
14:23:49	7.17	--	16	11472	买盘
14:23:34	7.17	--	16	11472	买盘
14:23:29	7.17	--	12	8604	买盘
14:23:19	7.17	0.01	216	154872	买盘
14:23:08	7.16	-0.01	282	201912	卖盘
14:22:58	7.17	--	8	5736	买盘
14:22:53	7.17	0.01	19	13623	买盘
14:22:43	7.16	--	22	15752	卖盘
14:22:32	7.16	--	105	75180	买盘
14:22:28	7.16	--	16	11456	买盘
14:22:23	7.16	--	30	21480	买盘
14:22:13	7.16	--	31	22196	买盘
14:22:08	7.16	--	8	5728	买盘
14:21:58	7.16	--	8	5728	买盘
14:21:53	7.16	--	20	14320	买盘
14:21:47	7.16	--	28	20048	买盘
14:21:43	7.16	--	93	66588	卖盘
14:21:38	7.16	--	46	32936	卖盘
14:21:28	7.16	--	2	1432	卖盘
14:21:23	7.16	--	323	231268	卖盘
14:21:17	7.16	-0.01	9	6444	卖盘
14:21:08	7.17	--	21	15057	买盘
14:21:02	7.17	--	3200	2294400	买盘
14:20:58	7.17	--	19	13623	买盘
14:20:53	7.17	0.01	15	10755	买盘
14:20:47	7.16	-0.01	1	716	卖盘
14:20:43	7.17	0.02	29	20793	买盘
14:20:38	7.15	-0.01	1	715	卖盘
14:20:32	7.16	--	6	4296	买盘
14:20:28	7.16	--	456	326496	买盘
14:20:23	7.16	--	1013	725308	买盘
14:20:17	7.16	--	1	716	买盘
14:20:13	7.16	--	98	70168	买盘
14:20:08	7.16	0.01	121	86636	买盘
14:20:02	7.15	-0.01	15	10725	卖盘
14:19:53	7.16	--	29	20764	买盘
14:19:47	7.16	--	8	5728	买盘
14:19:43	7.16	-0.01	480	343680	卖盘
14:19:38	7.17	0.01	16	11472	买盘
14:19:32	7.16	-0.01	14	10024	卖盘
14:19:23	7.17	0.01	8	5736	买盘
14:19:17	7.16	--	23	16468	卖盘
14:19:13	7.16	--	579	414564	买盘
14:19:08	7.16	--	988	707408	买盘
14:19:02	7.16	--	23	16468	买盘
14:18:58	7.16	--	16	11456	买盘
14:18:47	7.16	--	11	7876	买盘
14:18:43	7.16	0.01	16	11456	买盘
14:18:38	7.15	-0.01	1	715	卖盘
14:18:32	7.16	--	1	716	买盘
14:18:28	7.16	0.01	16	11456	买盘
14:18:23	7.15	-0.01	317	226655	卖盘
14:18:13	7.16	--	9	6444	买盘
14:18:08	7.16	--	8	5728	买盘
14:18:02	7.16	--	8	5728	买盘
14:17:58	7.16	0.01	29	20764	买盘
14:17:53	7.15	-0.01	10	7150	卖盘
14:17:47	7.16	0.01	8	5728	买盘
14:17:43	7.15	--	82	58630	卖盘
14:17:38	7.15	-0.01	308	220220	卖盘
14:17:32	7.16	--	8	5728	买盘
14:17:28	7.16	--	107	76612	买盘
14:17:23	7.16	--	8	5728	买盘
14:17:17	7.16	--	19	13604	买盘
14:17:08	7.16	--	29	20764	买盘
14:17:02	7.16	--	2	1432	买盘
14:16:58	7.16	--	49	35084	买盘
14:16:53	7.16	--	12	8592	买盘
14:16:47	7.16	--	10	7160	买盘
14:16:41	7.16	--	16	11456	买盘
14:16:37	7.16	0.01	44	31504	买盘
14:16:32	7.15	-0.01	28	20020	卖盘
14:16:22	7.16	--	58	41528	买盘
14:16:17	7.16	--	8	5728	买盘
14:16:11	7.16	--	12	8592	买盘
14:16:07	7.16	--	4	2864	买盘
14:15:41	7.16	0.01	11	7876	买盘
14:15:17	7.15	-0.01	12	8580	卖盘
14:15:11	7.16	0.01	12	8592	买盘
14:14:52	7.15	--	50	35750	卖盘
14:14:47	7.15	-0.01	20	14300	卖盘
14:14:41	7.16	0.01	12	8592	买盘
14:14:32	7.15	-0.01	30	21450	卖盘
14:14:22	7.16	--	1	716	买盘
14:14:17	7.16	0.01	11	7876	买盘
14:14:11	7.15	--	2	1430	卖盘
14:14:02	7.15	--	11	7865	卖盘
14:13:52	7.15	--	10	7150	卖盘
14:13:47	7.15	-0.01	20	14300	卖盘
14:13:37	7.16	0.01	12	8592	买盘
14:13:32	7.15	--	62	44330	卖盘
14:13:26	7.15	--	184	131610	买盘
14:13:11	7.15	--	11	7865	买盘
14:13:07	7.15	--	22	15730	买盘
14:12:52	7.15	--	950	679250	买盘
14:12:47	7.15	--	623	445445	买盘
14:12:41	7.15	0.01	31	22165	买盘
14:12:32	7.14	-0.01	10	7140	卖盘
14:12:17	7.15	0.01	12	8580	买盘
14:12:07	7.14	--	10	7140	卖盘
14:12:02	7.14	-0.01	20	14280	卖盘
14:11:37	7.15	--	11	7865	买盘
14:11:11	7.15	--	12	8580	买盘
14:11:02	7.15	--	0	0	买盘
14:10:56	7.15	--	30	21450	买盘
14:10:47	7.15	0.01	12	8580	买盘
14:10:35	7.14	-0.01	68	48552	卖盘
14:10:16	7.15	--	54	38610	买盘
14:10:11	7.15	0.01	11	7865	买盘
14:09:50	7.14	-0.01	14	9996	卖盘
14:09:41	7.15	0.01	12	8580	买盘
14:09:11	7.14	--	14	9996	卖盘
14:08:56	7.14	-0.01	10	7140	卖盘
14:08:41	7.15	0.01	11	7865	买盘
14:08:26	7.14	--	2	1428	卖盘
14:08:16	7.14	-0.01	74	52836	卖盘
14:08:11	7.15	--	27	19305	买盘
14:07:50	7.15	--	10	7150	买盘
14:07:41	7.15	--	11	7865	买盘
14:07:20	7.15	--	0	0	买盘
14:07:16	7.15	--	150	107250	买盘
14:07:11	7.15	--	12	8580	买盘
14:07:01	7.15	0.01	700	500500	买盘
14:06:56	7.14	-0.01	347	247758	卖盘
14:06:41	7.15	--	12	8580	买盘
14:06:35	7.15	0.02	450	321750	买盘
14:06:31	7.13	-0.01	1	713	卖盘
14:06:26	7.14	-0.01	175	125635	卖盘
14:06:11	7.15	0.01	11	7865	买盘
14:06:05	7.14	--	1	714	卖盘
14:06:01	7.14	-0.01	43	30702	卖盘
14:05:41	7.15	0.01	12	8580	买盘
14:05:31	7.14	--	1	742	买盘
14:05:26	7.14	-0.01	45	32815	卖盘
14:05:11	7.15	0.01	6	4290	买盘
14:05:01	7.14	--	354	252784	买盘
14:04:50	7.14	--	20	14280	买盘
14:04:31	7.14	--	153	109927	卖盘
14:04:05	7.14	--	20	14280	卖盘
14:03:59	7.14	--	312	222796	买盘
14:03:35	7.14	0.02	522	372708	买盘
14:03:29	7.12	-0.01	50	35600	卖盘
14:03:25	7.13	--	840	599604	卖盘
14:03:20	7.13	--	156	111256	买盘
14:03:14	7.13	0.01	990	705870	买盘
14:03:10	7.12	-0.01	1181	840872	卖盘
14:03:05	7.13	--	530	377890	买盘
14:02:59	7.13	--	12	8556	买盘
14:02:55	7.13	--	852	608160	卖盘
14:02:50	7.13	--	776	553316	买盘
14:02:44	7.13	--	30	21390	买盘
14:02:40	7.13	--	550	392150	买盘
14:02:35	7.13	--	10	7130	买盘
14:02:29	7.13	--	25	17825	买盘
14:02:25	7.13	--	608	434188	卖盘
14:02:20	7.13	--	288	205372	买盘
14:02:14	7.13	--	35	24955	买盘
14:02:10	7.13	--	1007	717991	买盘
14:01:59	7.13	--	30	21390	买盘
14:01:55	7.13	-0.02	793	566093	卖盘
14:01:50	7.15	0.02	353	252423	买盘
14:01:44	7.13	-0.01	2000	1426000	卖盘
14:01:35	7.14	-0.01	1656	1183069	卖盘
14:01:29	7.15	--	811	580558	卖盘
14:01:20	7.15	-0.01	10	7150	卖盘
14:01:10	7.16	--	2	1432	买盘
14:01:05	7.16	0.01	20	14320	买盘
14:00:59	7.15	--	100	71500	卖盘
14:00:55	7.15	--	670	479050	卖盘
14:00:50	7.15	--	114	81510	卖盘
14:00:40	7.15	--	1	715	卖盘
14:00:29	7.15	--	100	71500	卖盘
14:00:25	7.15	--	44	31460	卖盘
14:00:20	7.15	-0.01	109	77935	卖盘
14:00:14	7.16	--	9	6444	卖盘
14:00:10	7.16	--	162	115992	卖盘
14:00:05	7.16	0.01	378	270690	买盘
13:59:59	7.15	--	100	71500	卖盘
13:59:55	7.15	-0.01	14	10010	卖盘
13:59:50	7.16	0.01	1514	1084024	买盘
13:59:44	7.15	--	14	10010	卖盘
13:59:40	7.15	-0.01	1014	725010	卖盘
13:59:20	7.16	0.01	500	358000	买盘
13:58:35	7.15	--	10	7150	卖盘
13:58:09	7.15	--	54	38610	卖盘
13:57:49	7.15	-0.01	15	10725	卖盘
13:57:44	7.16	0.01	2	1432	买盘
13:57:38	7.15	--	15	10725	卖盘
13:57:29	7.15	--	1	715	卖盘
13:57:19	7.15	--	105	75768	买盘
13:57:08	7.15	--	800	572000	买盘
13:57:04	7.15	--	799	571285	买盘
13:56:38	7.15	0.01	50	35750	买盘
13:56:29	7.14	--	1	714	卖盘
13:56:14	7.14	-0.01	14	9996	卖盘
13:56:08	7.15	--	1135	811546	卖盘
13:55:44	7.15	--	2	1430	卖盘
13:55:34	7.15	--	5	3575	卖盘
13:55:19	7.15	--	10	7150	卖盘
13:54:49	7.15	--	511	365365	卖盘
13:53:59	7.15	--	15	10725	卖盘
13:53:53	7.15	--	15	10725	卖盘
13:53:44	7.15	--	7	5005	卖盘
13:53:38	7.15	--	200	143000	卖盘
13:53:29	7.15	--	14	10010	卖盘
13:53:19	7.15	--	14	10010	卖盘
13:53:14	7.15	--	14	10010	卖盘
13:53:08	7.15	--	14	10010	卖盘
13:53:04	7.15	--	224	160160	卖盘
13:52:59	7.15	--	14	10010	卖盘
13:52:53	7.15	--	14	10010	卖盘
13:52:49	7.15	--	14	10010	卖盘
13:52:44	7.15	--	33	24288	买盘
13:52:38	7.15	--	400	286000	买盘
13:52:34	7.15	--	102	72930	买盘
13:52:29	7.15	--	404	288860	买盘
13:52:19	7.15	--	420	300321	卖盘
13:52:13	7.15	-0.01	208	148720	卖盘
13:52:08	7.16	0.01	329	235564	买盘
13:52:04	7.15	-0.01	150	107250	卖盘
13:51:59	7.16	0.01	63	45108	买盘
13:51:53	7.15	--	30	21450	卖盘
13:51:48	7.15	-0.01	1	715	卖盘
13:51:38	7.16	0.01	80	57280	买盘
13:51:33	7.15	--	10	7150	卖盘
13:51:29	7.15	--	107	76505	卖盘
13:51:08	7.15	-0.01	3	2145	卖盘
13:50:58	7.16	0.01	28	20048	买盘
13:50:53	7.15	--	30	21450	卖盘
13:50:43	7.15	0.01	26	19283	买盘
13:50:38	7.14	-0.01	24	17136	卖盘
13:50:28	7.15	-0.01	173	123716	卖盘
13:50:23	7.16	0.01	61	43676	买盘
13:49:43	7.15	--	5	3575	卖盘
13:49:32	7.15	-0.01	10	7150	卖盘
13:49:23	7.16	0.01	192	137472	买盘
13:49:08	7.15	-0.01	200	143000	卖盘
13:48:58	7.16	0.01	10	7160	买盘
13:48:53	7.15	-0.01	265	189475	卖盘
13:48:47	7.16	0.01	25	17900	买盘
13:48:38	7.15	--	52	37180	卖盘
13:48:17	7.15	-0.01	81	57915	卖盘
13:47:53	7.16	0.01	260	186160	买盘
13:47:43	7.15	--	173	124388	买盘
13:47:38	7.15	--	13	9295	买盘
13:47:28	7.15	--	286	204490	买盘
13:47:23	7.15	--	45	32175	买盘
13:47:17	7.15	0.01	320	228800	买盘
13:47:08	7.14	-0.01	6	4312	卖盘
13:46:47	7.15	0.01	10	7150	买盘
13:46:32	7.14	-0.01	30	21420	卖盘
13:45:58	7.15	0.01	197	140855	买盘
13:45:53	7.14	--	396	282744	卖盘
13:45:47	7.14	--	47	33558	卖盘
13:45:38	7.14	-0.01	18	12852	卖盘
13:45:23	7.15	--	30	21450	买盘
13:45:17	7.15	0.01	32	22880	买盘
13:45:08	7.14	-0.01	1	714	卖盘
13:44:52	7.15	0.01	320	228800	买盘
13:44:47	7.14	-0.01	17	12138	卖盘
13:44:37	7.15	--	111	79365	买盘
13:44:32	7.15	--	28	20020	买盘
13:44:26	7.15	0.01	16	11440	买盘
13:44:17	7.14	--	57	40698	卖盘
13:43:37	7.14	--	40	28560	卖盘
13:43:17	7.14	-0.01	20	14280	卖盘
13:42:11	7.15	--	50	35750	买盘
13:41:47	7.15	0.01	486	347490	买盘
13:41:41	7.14	--	97	69450	买盘
13:41:37	7.14	--	895	639030	买盘
13:41:07	7.14	--	30	21420	买盘
13:41:02	7.14	--	730	521362	卖盘
13:40:41	7.14	--	27	19278	卖盘
13:40:32	7.14	--	50	35700	卖盘
13:40:22	7.14	--	100	71400	卖盘
13:40:11	7.14	-0.01	66	47124	卖盘
13:39:37	7.15	--	16	11440	买盘
13:39:11	7.15	--	23	16445	买盘
13:38:46	7.15	--	10	7150	买盘
13:38:37	7.15	--	38	27170	买盘
13:38:31	7.15	--	50	35750	买盘
13:37:31	7.15	0.01	156	111540	买盘
13:37:11	7.14	--	71	50694	卖盘
13:37:05	7.14	--	803	573913	买盘
13:37:01	7.14	--	980	699720	买盘
13:36:46	7.14	--	150	107242	卖盘
13:36:41	7.14	--	20	14280	卖盘
13:36:35	7.14	--	7	4998	卖盘
13:36:31	7.14	--	50	35700	卖盘
13:36:26	7.14	--	75	53550	卖盘
13:36:20	7.14	--	0	414	卖盘
13:36:16	7.14	--	55	39427	卖盘
13:36:11	7.14	--	191	136374	买盘
13:36:05	7.14	0.01	430	307020	买盘
13:36:01	7.13	--	17	12121	卖盘
13:35:35	7.13	0.01	63	44919	买盘
13:35:26	7.12	--	18	12816	卖盘
13:35:20	7.12	-0.01	14	9968	卖盘
13:35:16	7.13	-0.01	2504	1785352	卖盘
13:35:01	7.14	--	33	23562	卖盘
13:34:41	7.14	--	11	7854	卖盘
13:33:55	7.14	--	2	1428	卖盘
13:33:46	7.14	--	114	81396	卖盘
13:33:35	7.14	-0.01	50	35700	卖盘
13:33:01	7.15	0.01	200	143000	买盘
13:32:55	7.14	-0.01	100	71400	买盘
13:32:46	7.15	0.01	450	321750	买盘
13:32:40	7.14	-0.01	66	47124	买盘
13:32:30	7.15	--	0	0	买盘
13:32:20	7.15	0.01	320	228800	买盘
13:32:15	7.14	--	13	9282	买盘
13:32:10	7.14	-0.01	433	309162	卖盘
13:32:05	7.15	0.02	550	393250	买盘
13:31:50	7.13	--	674	480562	卖盘
13:31:44	7.13	-0.02	5	3565	卖盘
13:31:40	7.15	--	22	15730	买盘
13:31:35	7.15	0.01	550	393250	买盘
13:31:25	7.14	0.01	648	462672	买盘
13:31:20	7.13	--	10	7130	卖盘
13:31:14	7.13	-0.01	83	59179	卖盘
13:31:10	7.14	--	117	83538	卖盘
13:31:05	7.14	--	177	126378	买盘
13:30:55	7.14	0.01	451	322014	买盘
13:30:50	7.13	-0.01	115	81995	卖盘
13:30:44	7.14	0.01	16	11424	买盘
13:30:35	7.13	--	17	12121	卖盘
13:30:29	7.13	--	695	495535	买盘
13:30:25	7.13	--	452	322276	买盘
13:30:20	7.13	--	576	410688	买盘
13:30:10	7.13	--	701	499813	买盘
13:30:05	7.13	--	645	459885	买盘
13:29:59	7.13	--	30	21390	买盘
13:29:55	7.13	--	335	238855	买盘
13:29:50	7.13	0.01	679	484127	买盘
13:29:44	7.12	-0.01	67	47704	卖盘
13:29:40	7.13	-0.01	466	332258	卖盘
13:29:35	7.14	0.01	584	416976	买盘
13:29:29	7.13	--	208	148304	买盘
13:29:25	7.13	--	449	320137	卖盘
13:29:20	7.13	--	445	317285	买盘
13:29:10	7.13	--	260	185380	卖盘
13:29:05	7.13	--	204	145452	买盘
13:28:59	7.13	--	22	15686	买盘
13:28:55	7.13	-0.01	786	560418	卖盘
13:28:50	7.14	-0.01	353	252042	卖盘
13:28:44	7.15	--	100	71500	买盘
13:28:40	7.15	0.02	450	321750	买盘
13:28:29	7.13	-0.02	4	2852	卖盘
13:28:25	7.15	--	972	694980	买盘
13:28:20	7.15	--	0	0	买盘
13:28:14	7.15	0.02	600	429000	买盘
13:28:10	7.13	--	55	39215	买盘
13:28:05	7.13	--	676	482244	卖盘
13:27:50	7.13	-0.02	18	13290	买盘
13:27:44	7.15	0.03	500	357500	买盘
13:27:39	7.12	-0.01	12	8544	卖盘
13:27:35	7.13	-0.02	579	413033	卖盘
13:27:29	7.15	0.02	650	464750	买盘
13:27:24	7.13	--	50	36156	买盘
13:27:19	7.13	--	3758	2679660	卖盘
13:27:09	7.13	--	127	91057	买盘
13:27:04	7.13	--	21	14973	买盘
13:26:55	7.13	--	900	641906	卖盘
13:26:49	7.13	--	629	448983	买盘
13:26:40	7.13	--	44	31372	买盘
13:26:34	7.13	--	798	569180	卖盘
13:26:25	7.13	--	24	17112	卖盘
13:26:19	7.13	-0.03	5126	3654838	卖盘
13:26:09	7.16	0.02	351	251316	买盘
13:26:04	7.14	-0.02	3025	2159850	卖盘
13:25:54	7.16	0.01	650	465400	买盘
13:25:49	7.15	--	10	7150	卖盘
13:25:39	7.15	--	128	91520	卖盘
13:25:34	7.15	--	410	293150	卖盘
13:25:29	7.15	-0.01	144	102960	卖盘
13:24:49	7.16	0.01	116	83056	买盘
13:24:34	7.15	-0.01	50	35750	卖盘
13:24:14	7.16	--	100	71600	买盘
13:24:08	7.16	0.02	44	31504	买盘
13:23:44	7.14	-0.02	1107	790398	卖盘
13:23:29	7.16	--	27	19332	买盘
13:22:59	7.16	0.01	5	3580	买盘
13:22:49	7.15	-0.01	9	6435	卖盘
13:22:44	7.16	0.01	297	212652	买盘
13:22:08	7.15	-0.01	0	214	卖盘
13:22:04	7.16	0.01	3	2148	买盘
13:21:59	7.15	--	14	10010	卖盘
13:21:49	7.15	--	20	14300	卖盘
13:21:44	7.15	-0.01	510	364650	卖盘
13:21:38	7.16	0.01	3	2148	买盘
13:21:04	7.15	--	227	162576	买盘
13:20:59	7.15	0.01	350	250250	买盘
13:20:43	7.14	-0.01	31	22134	卖盘
13:20:28	7.15	--	69	49335	买盘
13:20:23	7.15	--	20	14300	买盘
13:20:18	7.15	--	136	97683	卖盘
13:20:13	7.15	--	539	385385	卖盘
13:20:03	7.15	-0.01	0	450	卖盘
13:19:53	7.16	0.01	2	1432	买盘
13:19:48	7.15	--	4	2860	卖盘
13:19:38	7.15	-0.01	6	4290	卖盘
13:19:33	7.16	--	80	57280	买盘
13:19:18	7.16	--	20	14320	买盘
13:19:13	7.16	0.01	18	12888	买盘
13:18:53	7.15	-0.01	100	71500	卖盘
13:18:38	7.16	0.01	70	50120	买盘
13:18:23	7.15	-0.01	100	71500	卖盘
13:18:13	7.16	0.01	6	4296	买盘
13:17:53	7.15	-0.01	1300	929500	卖盘
13:17:28	7.16	0.01	3	2148	买盘
13:17:23	7.15	-0.01	10	7150	卖盘
13:17:13	7.16	0.01	4	2864	买盘
13:17:02	7.15	--	62	44330	卖盘
13:16:58	7.15	-0.01	27	19305	卖盘
13:16:43	7.16	0.01	130	93080	买盘
13:16:38	7.15	--	0	278	卖盘
13:16:13	7.15	0.01	0	257	买盘
13:16:08	7.14	-0.01	310	221340	卖盘
13:15:58	7.15	--	94	67224	买盘
13:15:53	7.15	--	4	2860	买盘
13:15:47	7.15	--	91	65065	买盘
13:15:43	7.15	--	10	7150	买盘
13:15:38	7.15	-0.01	370	265250	卖盘
13:15:32	7.16	0.01	4	2864	买盘
13:15:28	7.15	--	558	398970	卖盘
13:15:23	7.15	--	62	44330	卖盘
13:14:53	7.15	--	220	157300	卖盘
13:14:47	7.15	--	14	10010	卖盘
13:14:43	7.15	--	0	14	卖盘
13:14:38	7.15	--	60	42900	卖盘
13:14:27	7.15	-0.01	15	10725	卖盘
13:14:17	7.16	--	7	5012	买盘
13:13:52	7.16	--	27	19332	买盘
13:13:37	7.16	--	7	5012	买盘
13:13:22	7.16	--	266	190456	买盘
13:13:17	7.16	--	370	265585	卖盘
13:13:12	7.16	--	100	71600	卖盘
13:13:07	7.16	--	900	644450	卖盘
13:12:52	7.16	--	19	13604	卖盘
13:12:42	7.16	--	19	13604	卖盘
13:12:37	7.16	-0.01	10	7160	卖盘
13:12:32	7.17	0.02	2	1434	买盘
13:12:07	7.15	--	0	0	卖盘
13:11:56	7.15	-0.01	400	286000	卖盘
13:11:52	7.16	--	0	0	买盘
13:11:47	7.16	--	10	7160	买盘
13:11:37	7.16	--	5	3580	买盘
13:11:32	7.16	--	102	73032	买盘
13:11:26	7.16	--	0	0	买盘
13:11:22	7.16	0.01	115	82340	买盘
13:11:17	7.15	--	70	50050	买盘
13:11:07	7.15	-0.01	5	3575	买盘
13:11:02	7.16	0.01	99	70884	买盘
13:10:56	7.15	-0.01	144	103510	卖盘
13:10:47	7.16	0.01	99	70884	买盘
13:10:41	7.15	--	35	25025	卖盘
13:10:32	7.15	--	49	35035	卖盘
13:10:26	7.15	--	54	38610	卖盘
13:10:22	7.15	--	580	414700	卖盘
13:10:17	7.15	--	2	1458	卖盘
13:09:47	7.15	--	30	21450	卖盘
13:09:37	7.15	0.01	120	85935	买盘
13:09:32	7.14	-0.01	14	9996	卖盘
13:09:26	7.15	-0.01	399	285864	卖盘
13:09:22	7.16	--	15	10740	买盘
13:09:07	7.16	0.01	43	30788	买盘
13:08:52	7.15	--	405	289710	买盘
13:08:41	7.15	--	106	75790	买盘
13:08:32	7.15	--	50	35750	买盘
13:08:22	7.15	--	20	14300	买盘
13:08:02	7.15	--	5	3575	买盘
13:07:56	7.15	--	21	15015	买盘
13:07:47	7.15	--	16	11440	买盘
13:07:36	7.15	--	553	395395	买盘
13:07:26	7.15	0.01	34	24310	买盘
13:07:21	7.14	-0.01	23	16422	卖盘
13:07:16	7.15	--	32	22880	卖盘
13:07:06	7.15	-0.01	55	39325	卖盘
13:07:01	7.16	0.01	134	96216	买盘
13:06:51	7.15	--	10	7150	卖盘
13:06:46	7.15	--	20	14300	卖盘
13:06:36	7.15	0.01	531	379665	买盘
13:06:31	7.14	-0.01	10	7140	卖盘
13:06:01	7.15	0.01	5	3575	买盘
13:05:51	7.14	--	10	7140	卖盘
13:05:36	7.14	-0.01	441	314874	卖盘
13:05:01	7.15	--	1	715	买盘
13:04:31	7.15	--	15	10725	买盘
13:04:26	7.15	--	10	7150	买盘
13:04:05	7.15	--	5	3575	买盘
13:03:56	7.15	--	20	14300	买盘
13:03:31	7.15	--	778	556270	卖盘
13:03:20	7.15	--	5	3575	卖盘
13:03:11	7.15	--	11	7865	卖盘
13:02:31	7.15	-0.01	12	8580	卖盘
13:02:16	7.16	--	17	12172	买盘
13:02:11	7.16	0.01	2	1432	买盘
13:01:56	7.15	--	10	7150	卖盘
13:01:35	7.15	-0.01	13	9295	卖盘
13:01:31	7.16	0.01	32	22912	买盘
13:01:26	7.15	-0.01	2	1430	卖盘
13:01:20	7.16	0.01	10	7160	买盘
13:01:00	7.15	--	5	3575	卖盘
13:00:30	7.15	--	1	715	卖盘
13:00:25	7.15	0.01	10	7150	卖盘
13:00:20	7.14	--	0	0	卖盘
13:00:15	7.14	-0.01	54	38563	卖盘
13:00:10	7.15	--	176	125840	卖盘
13:00:05	7.15	--	562	401830	卖盘
13:00:00	7.15	--	417	298155	卖盘
11:30:00	7.15	--	0	0	卖盘
11:29:59	7.15	--	0	0	卖盘
11:29:59	7.15	--	10	7150	卖盘
11:29:31	7.15	--	4	2860	卖盘
11:29:10	7.15	--	12	8580	卖盘
11:29:06	7.15	--	11	7865	卖盘
11:28:36	7.15	0.01	201	143715	买盘
11:28:31	7.14	-0.01	65	46410	卖盘
11:28:21	7.15	--	31	22165	买盘
11:28:16	7.15	0.01	405	289575	买盘
11:28:06	7.14	-0.01	3	2142	卖盘
11:28:01	7.15	--	50	35750	买盘
11:27:55	7.15	--	8	5720	买盘
11:27:46	7.15	0.01	150	107250	买盘
11:27:31	7.14	--	87	62118	卖盘
11:27:21	7.14	-0.01	67	47838	卖盘
11:27:16	7.15	--	18	12870	买盘
11:27:01	7.15	--	44	31460	卖盘
11:26:46	7.15	0.01	15	10725	卖盘
11:26:31	7.14	--	0	0	卖盘
11:26:21	7.14	--	133	94962	卖盘
11:26:10	7.14	-0.01	1	714	卖盘
11:25:46	7.15	--	419	299585	卖盘
11:25:40	7.15	-0.01	10	7150	卖盘
11:25:31	7.16	0.01	11	7876	买盘
11:25:16	7.15	-0.01	3	2145	卖盘
11:25:10	7.16	0.01	10	7160	买盘
11:25:01	7.15	--	0	0	中性盘
11:24:55	7.15	--	62	44330	卖盘
11:24:40	7.15	--	88	62920	卖盘
11:24:25	7.15	0.01	1	715	卖盘
11:24:16	7.14	-0.01	677	483378	卖盘
11:24:04	7.15	--	5	3575	卖盘
11:23:46	7.15	--	0	0	中性盘
11:23:40	7.15	--	367	262405	买盘
11:23:34	7.15	--	10	7150	买盘
11:23:30	7.15	--	44	31460	买盘
11:23:25	7.15	--	3	2145	买盘
11:23:19	7.15	--	30	21450	买盘
11:23:10	7.15	--	390	278850	卖盘
11:23:04	7.15	-0.01	10	7150	卖盘
11:22:55	7.16	--	108	77328	买盘
11:22:45	7.16	0.02	111	79476	买盘
11:22:40	7.14	-0.01	634	452676	卖盘
11:22:34	7.15	--	2	1430	买盘
11:22:30	7.15	0.01	16	11440	买盘
11:22:19	7.14	-0.01	242	172788	卖盘
11:22:15	7.15	-0.01	123	87945	卖盘
11:21:55	7.16	0.01	10	7160	买盘
11:21:45	7.15	0.01	181	129415	买盘
11:21:40	7.14	-0.01	505	360570	卖盘
11:21:30	7.15	--	727	519805	买盘
11:21:25	7.15	--	380	271700	买盘
11:21:19	7.15	--	71	50765	买盘
11:21:10	7.15	--	188	134420	卖盘
11:21:00	7.15	--	200	143000	卖盘
11:20:45	7.15	--	72	51480	买盘
11:20:34	7.15	--	50	35750	买盘
11:20:25	7.15	--	174	124410	卖盘
11:20:15	7.15	0.01	27	19305	中性盘
11:20:10	7.14	--	180	128520	卖盘
11:20:00	7.14	-0.01	500	357000	卖盘
11:19:55	7.15	--	209	149435	卖盘
11:19:49	7.15	--	426	304933	买盘
11:19:45	7.15	--	1	715	买盘
11:19:40	7.15	0.01	1500	1072500	买盘
11:19:30	7.14	-0.01	777	554778	卖盘
11:19:25	7.15	0.01	1667	1191905	买盘
11:19:19	7.14	--	10	7140	卖盘
11:19:10	7.14	-0.01	6	4284	卖盘
11:19:04	7.15	0.01	32	22880	买盘
11:19:00	7.14	-0.01	10	7140	卖盘
11:18:55	7.15	0.01	30	21450	买盘
11:18:49	7.14	-0.01	22	15708	卖盘
11:18:40	7.15	--	5	3575	买盘
11:18:25	7.15	--	153	109766	卖盘
11:18:13	7.15	--	1	715	卖盘
11:18:04	7.15	--	201	143715	卖盘
11:17:55	7.15	--	220	157300	卖盘
11:17:49	7.15	--	200	143000	卖盘
11:17:43	7.15	--	116	82940	卖盘
11:17:28	7.15	--	76	54683	买盘
11:17:25	7.15	--	68	48620	买盘
11:17:19	7.15	0.01	110	78650	买盘
11:17:09	7.14	-0.01	1	714	卖盘
11:17:04	7.15	--	74	53281	卖盘
11:16:54	7.15	0.01	419	299928	买盘
11:16:34	7.14	-0.01	2	1428	卖盘
11:16:28	7.15	0.01	10	7150	买盘
11:16:24	7.14	-0.01	36	25704	卖盘
11:16:09	7.15	--	30	21450	买盘
11:15:54	7.15	--	40	28600	买盘
11:15:49	7.15	--	200	143000	买盘
11:15:39	7.15	--	87	62205	买盘
11:15:34	7.15	--	208	148720	买盘
11:15:28	7.15	--	43	30745	买盘
11:15:19	7.15	0.01	139	99385	买盘
11:15:09	7.14	-0.01	357	254898	卖盘
11:15:04	7.15	--	10	7150	卖盘
11:14:54	7.15	0.01	638	456170	买盘
11:14:39	7.14	--	4	2856	卖盘
11:14:28	7.14	--	40	28560	卖盘
11:14:19	7.14	--	558	398412	卖盘
11:14:09	7.14	-0.01	62	44268	卖盘
11:13:54	7.15	--	5	3575	买盘
11:13:49	7.15	--	15	10725	买盘
11:13:28	7.15	--	102	72930	买盘
11:13:19	7.15	0.01	10	7150	买盘
11:13:13	7.14	-0.01	28	19992	卖盘
11:13:09	7.15	--	21	15015	买盘
11:13:04	7.15	--	50	35750	买盘
11:12:58	7.15	--	1	715	买盘
11:12:49	7.15	--	272	194480	买盘
11:12:39	7.15	--	30	21450	买盘
11:12:34	7.15	--	20	14300	买盘
11:12:28	7.15	--	2	1430	买盘
11:12:19	7.15	--	206	147290	买盘
11:12:13	7.15	--	30	21450	买盘
11:12:07	7.15	0.01	10	7150	买盘
11:12:04	7.14	--	8	5712	卖盘
11:11:58	7.14	-0.01	10	7140	卖盘
11:11:52	7.15	--	297	212355	买盘
11:11:49	7.15	--	13	9295	买盘
11:11:43	7.15	0.01	190	135850	买盘
11:11:37	7.14	-0.01	1291	921774	卖盘
11:11:34	7.15	0.01	13	9295	买盘
11:11:19	7.14	-0.01	1	714	卖盘
11:11:13	7.15	0.01	60	42900	买盘
11:11:07	7.14	-0.01	119	84966	卖盘
11:11:03	7.15	0.01	111	79365	买盘
11:10:48	7.14	--	124	88536	卖盘
11:10:33	7.14	--	37	26418	买盘
11:10:28	7.14	--	18	12852	买盘
11:10:22	7.14	--	16	11424	卖盘
11:10:18	7.14	--	301	214914	买盘
11:10:13	7.14	--	25	17850	买盘
11:10:07	7.14	--	11	7854	买盘
11:10:03	7.14	--	172	122808	买盘
11:09:58	7.14	--	131	93534	买盘
11:09:52	7.14	--	4	2856	买盘
11:09:48	7.14	--	1038	741132	卖盘
11:09:43	7.14	--	150	107100	卖盘
11:09:33	7.14	--	320	228480	卖盘
11:09:22	7.14	--	4	2856	卖盘
11:09:18	7.14	--	82	58548	卖盘
11:09:13	7.14	-0.01	75	53550	卖盘
11:09:03	7.15	0.01	24	17160	买盘
11:08:58	7.14	-0.01	530	378420	卖盘
11:08:52	7.15	--	40	28600	买盘
11:08:48	7.15	0.01	74	52910	买盘
11:08:43	7.14	-0.01	2004	1430856	卖盘
11:08:37	7.15	--	20	14300	买盘
11:08:28	7.15	0.01	1	715	买盘
11:08:22	7.14	-0.01	144	102816	卖盘
11:08:18	7.15	--	947	677105	卖盘
11:08:13	7.15	-0.01	1	715	卖盘
11:08:07	7.16	0.01	800	572800	买盘
11:08:03	7.15	--	1160	829400	卖盘
11:07:58	7.15	--	20	14300	卖盘
11:07:48	7.15	--	3	2145	卖盘
11:07:28	7.15	--	576	411840	卖盘
11:07:22	7.15	--	10	7150	卖盘
11:07:18	7.15	--	48	34320	卖盘
11:07:03	7.15	--	5	3575	卖盘
11:06:58	7.15	-0.01	166	118690	卖盘
11:06:43	7.16	--	1633	1169228	卖盘
11:06:37	7.16	--	20	14320	卖盘
11:06:33	7.16	--	152	108832	卖盘
11:06:13	7.16	--	20	14320	卖盘
11:06:07	7.16	-0.01	1	716	卖盘
11:06:01	7.17	0.01	139	99663	买盘
11:05:58	7.16	--	17	12172	卖盘
11:05:52	7.16	--	95	68020	卖盘
11:05:13	7.16	--	151	108116	卖盘
11:05:07	7.16	--	5	3580	卖盘
11:04:42	7.16	--	5	3580	卖盘
11:04:27	7.16	--	6	4296	卖盘
11:04:22	7.16	--	220	157520	卖盘
11:04:12	7.16	-0.01	569	407404	卖盘
11:04:07	7.17	0.01	63	45171	买盘
11:04:01	7.16	-0.01	42	30072	卖盘
11:03:46	7.17	--	74	53058	买盘
11:03:42	7.17	0.01	68	48756	买盘
11:03:37	7.16	--	15	10740	卖盘
11:03:31	7.16	-0.01	39	27924	卖盘
11:03:22	7.17	--	20	14340	买盘
11:03:12	7.17	0.01	151	108267	买盘
11:02:57	7.16	-0.01	6	4296	卖盘
11:02:42	7.17	0.01	438	314046	买盘
11:02:37	7.16	--	1	716	卖盘
11:02:22	7.16	--	101	72316	卖盘
11:02:16	7.16	--	17	12172	卖盘
11:02:12	7.16	--	1435	1027460	卖盘
11:02:07	7.16	-0.01	150	107400	卖盘
11:02:01	7.17	0.01	10	7170	买盘
11:01:57	7.16	--	200	143200	卖盘
11:01:46	7.16	--	162	115992	卖盘
11:01:37	7.16	--	100	71600	卖盘
11:01:31	7.16	-0.01	10	7160	卖盘
11:01:27	7.17	0.01	316	226572	买盘
11:01:16	7.16	--	100	71600	卖盘
11:01:07	7.16	--	6	4296	卖盘
11:00:57	7.16	--	20	14320	卖盘
11:00:27	7.16	--	40	28640	卖盘
11:00:11	7.16	--	50	35800	卖盘
11:00:07	7.16	-0.01	1	716	卖盘
10:59:57	7.17	0.01	15	10755	买盘
10:59:52	7.16	-0.01	10	7160	卖盘
10:59:46	7.17	--	25	17925	买盘
10:59:40	7.17	--	10	7170	买盘
10:59:31	7.17	0.01	1	717	买盘
10:59:10	7.16	-0.01	1	716	卖盘
10:58:25	7.17	--	329	235893	卖盘
10:58:21	7.17	--	40	28680	卖盘
10:58:06	7.17	--	12	8604	卖盘
10:57:46	7.17	--	20	14340	卖盘
10:57:36	7.17	--	6	4302	卖盘
10:57:21	7.17	--	8	5736	卖盘
10:57:16	7.17	--	1	717	卖盘
10:57:10	7.17	--	218	156306	买盘
10:57:06	7.17	--	40	28680	买盘
10:57:01	7.17	0.01	20	14340	买盘
10:56:55	7.16	--	39	27924	卖盘
10:56:51	7.16	-0.01	832	595712	卖盘
10:56:46	7.17	0.01	7	5019	买盘
10:56:36	7.16	--	59	42244	卖盘
10:56:31	7.16	0.01	100	71600	买盘
10:56:16	7.15	--	1	715	卖盘
10:56:10	7.15	-0.01	31	22165	卖盘
10:56:06	7.16	--	30	21480	买盘
10:55:55	7.16	--	239	171124	买盘
10:55:51	7.16	--	10	7160	买盘
10:55:46	7.16	--	5	3580	买盘
10:55:40	7.16	--	50	35800	买盘
10:55:36	7.16	--	5	3580	买盘
10:55:25	7.16	--	5	3580	买盘
10:55:21	7.16	--	10	7160	买盘
10:55:16	7.16	--	688	492608	卖盘
10:55:10	7.16	--	150	107400	卖盘
10:54:51	7.16	--	11	7876	卖盘
10:54:46	7.16	--	45	32220	卖盘
10:54:21	7.16	--	45	32220	卖盘
10:54:16	7.16	--	1	716	卖盘
10:54:06	7.16	--	10	7160	卖盘
10:53:31	7.16	--	138	98808	买盘
10:53:25	7.16	--	50	35800	买盘
10:53:19	7.16	0.01	157	112412	买盘
10:53:16	7.15	-0.01	112	80080	卖盘
10:53:04	7.16	--	8	5728	买盘
10:53:01	7.16	--	648	463968	卖盘
10:52:46	7.16	0.01	20	14320	买盘
10:52:34	7.15	-0.01	50	35750	卖盘
10:52:31	7.16	--	174	124584	买盘
10:52:19	7.16	0.01	102	73032	买盘
10:52:10	7.15	-0.01	103	73645	卖盘
10:52:00	7.16	0.01	383	274228	买盘
10:51:55	7.15	-0.01	2	1430	卖盘
10:51:49	7.16	--	100	71600	买盘
10:51:45	7.16	--	111	79476	买盘
10:51:30	7.16	--	184	131744	买盘
10:51:25	7.16	0.01	274	196184	买盘
10:51:19	7.15	--	10	7150	卖盘
10:51:15	7.15	-0.01	1	715	卖盘
10:50:40	7.16	--	15	10740	买盘
10:50:30	7.16	--	25	17900	买盘
10:50:25	7.16	0.01	20	14320	买盘
10:50:15	7.15	-0.01	21	15015	卖盘
10:49:55	7.16	0.01	241	172556	买盘
10:49:49	7.15	--	90	64350	卖盘
10:49:45	7.15	-0.01	4	2860	卖盘
10:49:40	7.16	--	30	21480	买盘
10:49:34	7.16	0.01	20	14320	买盘
10:49:30	7.15	-0.01	30	21450	卖盘
10:49:25	7.16	0.01	2	1432	买盘
10:49:15	7.15	-0.01	3	2145	卖盘
10:49:10	7.16	0.01	30	21480	买盘
10:49:04	7.15	-0.01	57	40755	卖盘
10:48:55	7.16	0.01	50	35800	买盘
10:48:49	7.15	-0.01	10	7150	卖盘
10:48:45	7.16	0.01	14	10024	买盘
10:48:30	7.15	--	4	2860	卖盘
10:48:25	7.15	--	58	41891	买盘
10:48:19	7.15	--	70	50050	买盘
10:48:10	7.15	-0.01	271	193843	卖盘
10:48:04	7.16	0.01	130	93080	买盘
10:47:55	7.15	--	90	64350	卖盘
10:47:49	7.15	-0.01	8	5720	卖盘
10:47:30	7.16	0.01	11	7876	买盘
10:47:25	7.15	--	120	85800	卖盘
10:47:13	7.15	--	5	3575	卖盘
10:47:10	7.15	--	18	12870	卖盘
10:47:04	7.15	--	1019	729028	卖盘
10:46:58	7.15	--	13	9295	卖盘
10:46:55	7.15	--	33	23595	卖盘
10:46:40	7.15	--	140	100100	卖盘
10:46:34	7.15	--	10	7150	卖盘
10:46:19	7.15	--	10	7150	卖盘
10:46:10	7.15	--	24	17245	卖盘
10:45:55	7.15	--	300	214500	卖盘
10:45:49	7.15	--	422	301730	卖盘
10:45:43	7.15	-0.01	187	133705	卖盘
10:45:39	7.16	0.01	1	716	买盘
10:45:34	7.15	-0.01	24	17160	卖盘
10:45:24	7.16	0.01	205	146780	买盘
10:45:19	7.15	--	620	443300	卖盘
10:45:13	7.15	--	1	715	卖盘
10:45:09	7.15	-0.01	228	163020	卖盘
10:45:04	7.16	0.01	502	359432	买盘
10:44:58	7.15	-0.01	4	2860	卖盘
10:44:54	7.16	0.01	17	12172	买盘
10:44:34	7.15	-0.01	64	45760	卖盘
10:44:24	7.16	0.01	300	214800	买盘
10:44:19	7.15	--	35	25025	卖盘
10:44:09	7.15	-0.01	1	715	卖盘
10:44:04	7.16	0.01	3	2148	买盘
10:43:58	7.15	-0.01	5	3575	卖盘
10:43:54	7.16	--	224	160384	买盘
10:43:49	7.16	--	62	44392	买盘
10:43:43	7.16	--	20	14320	买盘
10:43:39	7.16	--	80	57280	买盘
10:43:34	7.16	0.01	37	26492	买盘
10:43:28	7.15	-0.01	179	127985	卖盘
10:43:24	7.16	--	49	35084	买盘
10:43:09	7.16	--	5	3580	买盘
10:43:04	7.16	--	10	7160	买盘
10:42:49	7.16	0.01	275	196900	买盘
10:42:39	7.15	--	0	0	卖盘
10:42:34	7.15	-0.02	10	7150	卖盘
10:42:24	7.17	0.02	100	71700	买盘
10:42:09	7.15	--	1	715	卖盘
10:42:04	7.15	-0.01	11	7865	卖盘
10:41:58	7.16	--	24	17184	买盘
10:41:54	7.16	--	2	1432	买盘
10:41:39	7.16	--	15	10740	买盘
10:41:28	7.16	--	339	242724	卖盘
10:41:19	7.16	-0.01	1	716	卖盘
10:41:13	7.17	0.01	18	12906	买盘
10:41:09	7.16	-0.01	29	20764	卖盘
10:40:58	7.17	0.01	1	717	买盘
10:40:52	7.16	--	23	16468	卖盘
10:40:49	7.16	-0.01	50	35800	卖盘
10:40:37	7.17	0.01	3	2151	买盘
10:40:34	7.16	--	253	181148	卖盘
10:40:19	7.16	--	5	3580	卖盘
10:40:13	7.16	--	185	132460	卖盘
10:40:03	7.16	0.01	16	11456	买盘
10:39:58	7.15	-0.01	3	2145	卖盘
10:39:52	7.16	--	22	15752	买盘
10:39:43	7.16	--	100	71600	买盘
10:39:37	7.16	-0.01	292	209072	卖盘
10:39:34	7.17	0.01	20	14340	买盘
10:39:22	7.16	--	5	3580	卖盘
10:39:13	7.16	-0.01	1	716	卖盘
10:39:03	7.17	0.01	208	149136	买盘
10:38:37	7.16	--	30	21480	卖盘
10:38:33	7.16	--	14	10024	卖盘
10:38:22	7.16	--	40	28640	卖盘
10:38:13	7.16	--	46	32936	卖盘
10:38:07	7.16	-0.01	113	80908	卖盘
10:38:03	7.17	--	6	4302	买盘
10:37:58	7.17	0.01	42	30114	买盘
10:37:52	7.16	0.01	10	7160	买盘
10:37:48	7.15	-0.01	252	180180	卖盘
10:37:43	7.16	--	210	150360	买盘
10:37:37	7.16	--	14	10024	买盘
10:37:33	7.16	--	360	257760	买盘
10:37:28	7.16	0.01	75	53700	买盘
10:37:22	7.15	--	22	15730	卖盘
10:37:18	7.15	-0.01	2	1430	卖盘
10:37:13	7.16	0.01	10	7160	买盘
10:37:03	7.15	-0.01	10	7150	卖盘
10:36:58	7.16	--	162	115992	买盘
10:36:52	7.16	--	1	716	买盘
10:36:48	7.16	--	471	337236	卖盘
10:36:43	7.16	0.01	15	10740	卖盘
10:36:33	7.15	-0.02	1000	715000	卖盘
10:36:28	7.17	0.02	166	119022	买盘
10:36:18	7.15	-0.01	100	71500	卖盘
10:36:13	7.16	0.01	300	214800	买盘
10:36:07	7.15	-0.01	1	715	卖盘
10:36:03	7.16	--	40	28640	买盘
10:35:58	7.16	--	11	7876	买盘
10:35:43	7.16	--	55	39380	买盘
10:35:33	7.16	--	200	143200	买盘
10:35:28	7.16	--	5	3580	买盘
10:35:22	7.16	--	40	28640	买盘
10:35:13	7.16	0.01	16	11456	买盘
10:35:07	7.15	--	150	107250	卖盘
10:35:03	7.15	-0.01	23	16445	卖盘
10:34:58	7.16	0.01	10	7160	中性盘
10:34:43	7.15	-0.01	292	208780	卖盘
10:34:37	7.16	0.01	19	13604	买盘
10:34:28	7.15	-0.01	13	9295	卖盘
10:34:22	7.16	--	7	5012	卖盘
10:34:16	7.16	--	5	3580	卖盘
10:34:13	7.16	0.01	1591	1139156	买盘
10:34:07	7.15	--	15	10725	卖盘
10:33:58	7.15	-0.01	101	72215	卖盘
10:33:52	7.16	-0.01	18	12888	卖盘
10:33:42	7.17	0.01	1000	717000	买盘
10:33:31	7.16	-0.01	3913	2801708	卖盘
10:33:27	7.17	--	70	50190	买盘
10:33:22	7.17	--	30	21510	卖盘
10:33:16	7.17	--	5	3585	卖盘
10:33:13	7.17	--	11	7887	卖盘
10:33:07	7.17	--	43	30831	买盘
10:33:01	7.17	0.01	20	14340	买盘
10:32:57	7.16	-0.01	32	22912	卖盘
10:32:52	7.17	--	250	179250	买盘
10:32:42	7.17	--	3	2151	买盘
10:32:37	7.17	-0.01	4	2868	中性盘
10:32:27	7.18	0.01	2300	1651400	买盘
10:32:16	7.17	--	214	153674	卖盘
10:32:12	7.17	--	21	15057	卖盘
10:32:07	7.17	--	1	717	卖盘
10:32:01	7.17	--	203	145551	卖盘
10:31:57	7.17	--	10	7170	卖盘
10:31:52	7.17	0.01	1553	1113981	买盘
10:31:42	7.16	--	20	14320	卖盘
10:31:37	7.16	--	20	14320	卖盘
10:31:12	7.16	-0.01	55	39380	卖盘
10:31:07	7.17	--	43	30831	买盘
10:30:57	7.17	0.01	194	139098	买盘
10:30:52	7.16	-0.01	200	143200	卖盘
10:30:42	7.17	0.01	91	65247	买盘
10:30:27	7.16	--	7	5012	卖盘
10:30:16	7.16	-0.01	1	716	卖盘
10:30:12	7.17	0.01	6	4302	买盘
10:30:07	7.16	-0.01	78	55848	卖盘
10:29:52	7.17	--	997	715142	卖盘
10:29:27	7.17	--	811	581910	卖盘
10:29:16	7.17	--	9	6453	卖盘
10:29:12	7.17	--	44	31548	卖盘
10:28:57	7.17	--	8	5736	卖盘
10:28:52	7.17	--	355	254535	卖盘
10:28:31	7.17	--	500	358500	卖盘
10:28:16	7.17	-0.01	3	2151	卖盘
10:28:07	7.18	0.01	5	3590	买盘
10:28:01	7.17	--	259	185703	卖盘
10:27:52	7.17	--	487	349179	卖盘
10:27:31	7.17	--	18	12906	卖盘
10:27:25	7.17	--	46	32982	卖盘
10:27:16	7.17	--	51	36567	卖盘
10:27:10	7.17	--	10	7170	卖盘
10:27:06	7.17	--	50	35850	卖盘
10:27:01	7.17	--	201	144117	卖盘
10:26:51	7.17	--	2	1434	卖盘
10:26:36	7.17	--	1322	947874	买盘
10:26:25	7.17	--	5	3585	买盘
10:26:21	7.17	0.01	53	38001	买盘
10:26:16	7.16	--	82	58712	卖盘
10:26:10	7.16	-0.01	1	716	卖盘
10:26:06	7.17	0.01	450	322650	买盘
10:26:01	7.16	-0.01	290	207640	卖盘
10:25:55	7.17	0.01	50	35850	买盘
10:25:46	7.16	-0.01	509	364444	卖盘
10:25:36	7.17	--	410	293970	买盘
10:25:31	7.17	0.01	1399	1003083	买盘
10:25:25	7.16	--	600	429600	卖盘
10:25:06	7.16	--	151	108116	卖盘
10:24:55	7.16	-0.01	1	716	卖盘
10:24:51	7.17	--	250	179250	买盘
10:24:36	7.17	--	110	78870	买盘
10:24:31	7.17	--	5	3585	买盘
10:24:25	7.17	--	45	32265	买盘
10:24:16	7.17	--	10	7170	买盘
10:24:10	7.17	0.01	1	717	买盘
10:24:06	7.16	--	7	5012	卖盘
10:23:51	7.16	--	101	72316	卖盘
10:23:46	7.16	--	27	19332	卖盘
10:23:40	7.16	--	9	6444	卖盘
10:23:36	7.16	--	73	52268	卖盘
10:23:31	7.16	--	23	16468	卖盘
10:23:25	7.16	--	46	32936	卖盘
10:23:21	7.16	--	1	716	卖盘
10:23:06	7.16	--	1	716	卖盘
10:22:46	7.16	--	700	501200	卖盘
10:22:36	7.16	-0.01	100	71600	卖盘
10:22:31	7.17	0.01	5	3585	买盘
10:22:21	7.16	--	65	46540	卖盘
10:22:16	7.16	-0.01	8	5728	卖盘
10:22:10	7.17	0.01	169	121173	买盘
10:21:55	7.16	-0.02	20	14320	卖盘
10:21:40	7.18	0.02	155	111290	买盘
10:21:34	7.16	-0.02	155	110980	卖盘
10:21:30	7.18	0.01	360	258480	买盘
10:21:25	7.17	0.01	24	17208	买盘
10:21:19	7.16	-0.01	3000	2148000	卖盘
10:21:15	7.17	0.01	78	55926	买盘
10:21:10	7.16	--	3	2148	卖盘
10:20:55	7.16	--	0	0	卖盘
10:20:45	7.16	0.01	20	14320	中性盘
10:20:40	7.15	-0.01	7579	5418985	卖盘
10:20:30	7.16	--	75	53700	卖盘
10:20:25	7.16	--	37	26492	卖盘
10:20:15	7.16	--	418	299288	卖盘
10:20:10	7.16	--	212	151792	卖盘
10:20:04	7.16	-0.01	68	48688	卖盘
10:20:00	7.17	0.01	70	50190	买盘
10:19:55	7.16	--	10	7231	卖盘
10:19:49	7.16	--	121	86636	卖盘
10:19:45	7.16	-0.01	60	42960	卖盘
10:19:40	7.17	0.01	20	14340	买盘
10:19:34	7.16	-0.01	7	5012	卖盘
10:19:30	7.17	0.01	50	35850	买盘
10:19:25	7.16	-0.01	10	7160	卖盘
10:19:19	7.17	0.01	20	14340	买盘
10:19:15	7.16	-0.01	413	295708	卖盘
10:19:04	7.17	--	353	253101	卖盘
10:19:00	7.17	--	68	48756	卖盘
10:18:45	7.17	--	50	35850	卖盘
10:18:40	7.17	--	1749	1254033	买盘
10:18:34	7.17	--	1	717	买盘
10:18:25	7.17	--	8	5736	买盘
10:18:15	7.17	0.01	10	7170	买盘
10:18:10	7.16	-0.01	16	11456	卖盘
10:18:04	7.17	--	1698	1217466	卖盘
10:18:00	7.17	--	390	279630	卖盘
10:17:55	7.17	-0.01	1	717	卖盘
10:17:45	7.18	--	4	2872	买盘
10:17:15	7.18	0.01	20	14360	买盘
10:17:10	7.17	-0.01	178	127626	卖盘
10:16:55	7.18	--	21	15078	买盘
10:16:49	7.18	0.01	20	14360	买盘
10:16:30	7.17	--	20	14340	卖盘
10:16:25	7.17	--	6	4302	卖盘
10:16:19	7.17	--	496	355632	卖盘
10:16:10	7.17	--	1	717	卖盘
10:16:00	7.17	--	39	27963	卖盘
10:15:55	7.17	--	3	2151	卖盘
10:15:49	7.17	--	7	5019	卖盘
10:15:45	7.17	--	103	73851	卖盘
10:15:40	7.17	-0.01	40	28680	卖盘
10:15:34	7.18	0.01	55	39490	买盘
10:15:28	7.17	--	70	50190	卖盘
10:15:25	7.17	--	10	7170	卖盘
10:15:19	7.17	--	71	50907	卖盘
10:15:09	7.17	-0.01	151	108267	卖盘
10:14:58	7.18	0.01	6	4308	买盘
10:14:54	7.17	-0.01	55	39435	卖盘
10:14:39	7.18	--	2	1436	买盘
10:14:34	7.18	--	267	191706	买盘
10:14:28	7.18	--	119	85736	卖盘
10:14:24	7.18	--	30	21540	卖盘
10:14:09	7.18	-0.01	11	7898	卖盘
10:14:04	7.19	0.01	54	38826	买盘
10:13:54	7.18	--	30	21540	卖盘
10:13:49	7.18	-0.01	656	471008	卖盘
10:13:39	7.19	0.01	269	193411	买盘
10:13:28	7.18	--	300	215400	卖盘
10:13:19	7.18	--	24	17232	卖盘
10:13:09	7.18	--	191	137138	卖盘
10:12:58	7.18	--	61	44221	买盘
10:12:39	7.18	--	21	15372	卖盘
10:12:28	7.18	--	117	84006	卖盘
10:12:19	7.18	--	40	28720	卖盘
10:12:13	7.18	--	202	145036	卖盘
10:11:54	7.18	-0.01	770	552860	卖盘
10:11:39	7.19	0.01	20	14380	买盘
10:11:34	7.18	--	44	31592	卖盘
10:11:24	7.18	--	4	3295	卖盘
10:11:04	7.18	--	200	143600	卖盘
10:10:58	7.18	--	25	17950	卖盘
10:10:54	7.18	--	6	4308	卖盘
10:10:49	7.18	--	110	78980	卖盘
10:10:39	7.18	--	172	123496	卖盘
10:10:34	7.18	--	60	43080	卖盘
10:10:28	7.18	-0.01	135	96930	卖盘
10:10:24	7.19	0.01	111	79809	买盘
10:10:09	7.18	-0.01	14	10052	卖盘
10:10:04	7.19	--	300	215700	买盘
10:09:58	7.19	--	158	113602	买盘
10:09:54	7.19	--	26	18694	买盘
10:09:43	7.19	--	5	3595	买盘
10:09:34	7.19	--	27	19413	买盘
10:09:28	7.19	--	30	21570	买盘
10:09:24	7.19	--	21	15099	买盘
10:09:19	7.19	--	26	18694	买盘
10:09:13	7.19	--	3	2157	买盘
10:09:04	7.19	--	15	10785	买盘
10:08:43	7.19	0.01	5	3595	买盘
10:08:13	7.18	--	30	21540	卖盘
10:08:03	7.18	--	18	12924	卖盘
10:07:52	7.18	--	192	137856	买盘
10:07:48	7.18	--	18	12924	买盘
10:07:43	7.18	--	181	129958	买盘
10:07:37	7.18	--	5	3590	买盘
10:07:33	7.18	--	5	3590	买盘
10:07:28	7.18	--	654	469572	买盘
10:07:22	7.18	--	200	143600	买盘
10:07:18	7.18	0.01	8	5744	买盘
10:07:13	7.17	--	222	159174	卖盘
10:07:03	7.17	--	1	717	卖盘
10:06:58	7.17	--	1	717	卖盘
10:06:52	7.17	--	15	10755	卖盘
10:06:48	7.17	-0.01	30	21510	卖盘
10:06:37	7.18	0.01	50	35900	买盘
10:06:28	7.17	--	33	23661	卖盘
10:06:18	7.17	--	100	71700	卖盘
10:06:13	7.17	-0.01	1	717	卖盘
10:06:07	7.18	0.01	50	35900	买盘
10:05:58	7.17	-0.01	15	10755	卖盘
10:05:48	7.18	--	2040	1464720	买盘
10:05:43	7.18	--	209	150062	买盘
10:05:33	7.18	--	143	102674	买盘
10:05:28	7.18	--	64	45952	买盘
10:05:03	7.18	0.01	4	2872	买盘
10:04:52	7.17	--	100	71700	卖盘
10:04:48	7.17	--	344	246648	买盘
10:04:37	7.17	--	10	7170	买盘
10:04:33	7.17	--	44	31548	买盘
10:04:28	7.17	--	135	96795	卖盘
10:04:22	7.17	-0.01	55	39435	卖盘
10:04:18	7.18	0.01	15	10770	买盘
10:04:13	7.17	--	5	3585	买盘
10:04:07	7.17	--	234	167778	卖盘
10:03:57	7.17	--	11	7887	卖盘
10:03:48	7.17	--	5	3585	卖盘
10:03:43	7.17	--	142	101814	卖盘
10:03:37	7.17	0.01	2536	1818312	买盘
10:03:33	7.16	--	479	342964	卖盘
10:03:27	7.16	-0.01	62	44392	卖盘
10:03:22	7.17	--	11	7887	买盘
10:03:18	7.17	0.01	84	60228	买盘
10:03:13	7.16	--	134	95944	卖盘
10:03:07	7.16	-0.01	37	26492	卖盘
10:02:58	7.17	0.01	162	116154	买盘
10:02:46	7.16	-0.01	100	71600	卖盘
10:02:43	7.17	--	53	38001	买盘
10:02:37	7.17	--	160	114720	买盘
10:02:27	7.17	--	688	493296	卖盘
10:02:22	7.17	--	100	71700	卖盘
10:02:16	7.17	--	60	43020	卖盘
10:02:12	7.17	--	20	14340	卖盘
10:01:57	7.17	--	34	24378	卖盘
10:01:52	7.17	--	1022	732774	卖盘
10:01:46	7.17	--	50	35850	卖盘
10:01:42	7.17	--	15	10755	卖盘
10:01:37	7.17	0.01	961	689037	买盘
10:01:31	7.16	--	30	21480	卖盘
10:01:16	7.16	-0.01	48	34368	卖盘
10:01:12	7.17	--	204	146268	卖盘
10:01:07	7.17	--	167	119774	卖盘
10:01:01	7.17	--	20	14340	卖盘
10:00:57	7.17	--	1306	936402	卖盘
10:00:42	7.17	--	112	80304	卖盘
10:00:31	7.17	--	85	60945	卖盘
10:00:27	7.17	-0.01	50	35850	卖盘
10:00:22	7.18	--	79	56722	买盘
10:00:16	7.18	--	50	35900	买盘
10:00:12	7.18	--	21	15078	买盘
10:00:07	7.18	--	108	77544	卖盘
10:00:01	7.18	--	1	718	卖盘
09:59:57	7.18	--	5	3590	卖盘
09:59:52	7.18	--	43	30874	卖盘
09:59:37	7.18	--	10	7180	卖盘
09:59:31	7.18	--	471	338178	卖盘
09:59:27	7.18	--	65	46670	卖盘
09:59:16	7.18	--	2	1436	卖盘
09:59:12	7.18	--	20	14360	卖盘
09:59:07	7.18	--	41	29438	卖盘
09:58:57	7.18	--	4	2872	卖盘
09:58:52	7.18	--	4	2872	卖盘
09:58:46	7.18	--	50	35900	卖盘
09:58:42	7.18	--	22	15796	卖盘
09:58:37	7.18	-0.01	4	2872	卖盘
09:58:22	7.19	0.01	31	22289	买盘
09:58:16	7.18	-0.01	10	7180	卖盘
09:58:12	7.19	0.01	304	218576	买盘
09:58:07	7.18	--	16	11488	卖盘
09:58:01	7.18	--	50	35900	卖盘
09:57:42	7.18	--	24	17232	买盘
09:57:37	7.18	-0.01	416	298688	卖盘
09:57:22	7.19	0.01	3	2157	买盘
09:57:06	7.18	-0.01	6	4308	卖盘
09:57:01	7.19	--	11	7909	买盘
09:56:57	7.19	--	10	7190	买盘
09:56:51	7.19	--	26	18694	买盘
09:56:46	7.19	0.01	11	7909	买盘
09:56:42	7.18	--	2	1436	卖盘
09:56:37	7.18	-0.02	24	17232	卖盘
09:56:27	7.2	0.01	112	80640	买盘
09:56:22	7.19	--	4	2876	买盘
09:56:16	7.19	--	17	12223	买盘
09:56:01	7.19	0.01	31	22289	买盘
09:55:55	7.18	--	24	17232	买盘
09:55:51	7.18	--	24	17232	买盘
09:55:46	7.18	--	15	10770	买盘
09:55:40	7.18	--	30	21540	买盘
09:55:36	7.18	--	85	61030	买盘
09:55:31	7.18	0.02	22	15796	买盘
09:55:25	7.16	-0.01	263	188308	卖盘
09:55:21	7.17	-0.01	229	164193	卖盘
09:55:16	7.18	0.02	3049	2189182	买盘
09:55:10	7.16	--	1	716	卖盘
09:55:06	7.16	-0.01	272	194752	卖盘
09:54:51	7.17	--	100	71700	买盘
09:54:46	7.17	--	1066	765003	卖盘
09:54:40	7.17	--	371	266007	卖盘
09:54:31	7.17	--	42	30114	卖盘
09:54:21	7.17	-0.01	18	12906	卖盘
09:54:16	7.18	0.01	48	34464	买盘
09:54:06	7.17	--	44	31548	卖盘
09:54:01	7.17	--	21	15057	卖盘
09:53:51	7.17	-0.01	170	121890	卖盘
09:53:46	7.18	0.01	312	224016	买盘
09:53:40	7.17	--	270	193590	卖盘
09:53:31	7.17	-0.01	40	28680	卖盘
09:53:21	7.18	0.01	51	36618	买盘
09:53:06	7.17	--	2	1434	卖盘
09:53:01	7.17	--	1	717	卖盘
09:52:55	7.17	--	100	71700	卖盘
09:52:51	7.17	--	110	78870	卖盘
09:52:40	7.17	--	187	134079	卖盘
09:52:36	7.17	--	36	25812	卖盘
09:52:31	7.17	--	110	78870	卖盘
09:52:25	7.17	--	60	43020	卖盘
09:52:21	7.17	-0.01	1085	777945	卖盘
09:52:16	7.18	0.01	514	369052	买盘
09:52:10	7.17	-0.01	1	717	卖盘
09:52:06	7.18	--	16	11488	买盘
09:52:01	7.18	--	13	9334	买盘
09:51:55	7.18	--	5	3590	买盘
09:51:51	7.18	--	24	17232	买盘
09:51:46	7.18	--	5	3590	买盘
09:51:36	7.18	--	179	128522	卖盘
09:51:31	7.18	--	41	29438	卖盘
09:51:25	7.18	--	150	107700	卖盘
09:51:21	7.18	--	427	306586	卖盘
09:51:16	7.18	--	266	190988	卖盘
09:51:06	7.18	--	150	107700	卖盘
09:50:55	7.18	--	217	155806	卖盘
09:50:51	7.18	--	15	10770	卖盘
09:50:46	7.18	--	130	93340	卖盘
09:50:36	7.18	--	172	123496	卖盘
09:50:30	7.18	0.01	591	424338	卖盘
09:50:25	7.17	-0.01	1996	1431167	卖盘
09:50:21	7.18	--	52	37336	卖盘
09:50:10	7.18	--	7	5313	买盘
09:50:06	7.18	--	288	206784	买盘
09:49:55	7.18	--	83	59594	买盘
09:49:51	7.18	--	110	78980	买盘
09:49:46	7.18	--	139	99802	买盘
09:49:40	7.18	0.01	2	1436	买盘
09:49:34	7.17	-0.01	100	71700	卖盘
09:49:30	7.18	--	20	14360	买盘
09:49:25	7.18	--	104	75102	卖盘
09:49:19	7.18	0.01	323	232201	买盘
09:49:15	7.17	--	61	43737	卖盘
09:49:10	7.17	--	3	2581	卖盘
09:49:01	7.17	--	247	177099	卖盘
09:48:55	7.17	-0.01	31	22227	卖盘
09:48:49	7.18	0.01	259	185962	买盘
09:48:45	7.17	-0.01	197	141249	卖盘
09:48:40	7.18	0.01	450	323100	买盘
09:48:34	7.17	-0.01	130	93210	卖盘
09:48:30	7.18	0.01	15	10770	买盘
09:48:19	7.17	--	140	100380	卖盘
09:48:15	7.17	-0.01	83	59511	卖盘
09:48:10	7.18	0.01	9	6462	买盘
09:48:04	7.17	-0.01	300	215100	卖盘
09:48:00	7.18	--	1750	1256930	卖盘
09:47:55	7.18	-0.01	218	156524	卖盘
09:47:40	7.19	--	12	8628	买盘
09:47:30	7.19	-0.01	1775	1276828	卖盘
09:47:25	7.2	--	74	53280	买盘
09:47:19	7.2	0.01	2	1440	买盘
09:47:15	7.19	--	67	48173	卖盘
09:47:04	7.19	-0.01	340	244460	卖盘
09:47:00	7.2	0.01	32	23040	买盘
09:46:55	7.19	-0.01	10	7190	卖盘
09:46:45	7.2	--	130	93600	买盘
09:46:34	7.2	--	957	689508	卖盘
09:46:30	7.2	--	730	525600	卖盘
09:46:25	7.2	--	12	8640	卖盘
09:46:19	7.2	--	60	43200	卖盘
09:46:15	7.2	--	4	2880	卖盘
09:46:10	7.2	--	58	41760	卖盘
09:46:04	7.2	-0.01	39	28080	卖盘
09:46:00	7.21	--	232	167272	买盘
09:45:55	7.21	--	2	1442	买盘
09:45:49	7.21	0.01	5	3605	买盘
09:45:45	7.2	-0.01	25	18000	卖盘
09:45:40	7.21	--	13	9373	买盘
09:45:30	7.21	0.01	1	721	买盘
09:45:25	7.2	--	3	2160	卖盘
09:45:19	7.2	--	500	360000	卖盘
09:45:15	7.2	--	321	231120	卖盘
09:45:10	7.2	--	1	720	卖盘
09:45:00	7.2	-0.01	31	22320	卖盘
09:44:55	7.21	--	5	3605	买盘
09:44:49	7.21	--	4	2884	买盘
09:44:45	7.21	--	30	21630	买盘
09:44:40	7.21	--	191	137711	买盘
09:44:30	7.21	--	18	12978	买盘
09:44:25	7.21	--	556	401164	卖盘
09:44:19	7.21	-0.01	50	36050	卖盘
09:44:15	7.22	0.01	62	44764	买盘
09:44:10	7.21	-0.01	15	10815	卖盘
09:44:04	7.22	0.01	30	21660	买盘
09:44:00	7.21	--	623	449615	卖盘
09:43:54	7.21	-0.01	40	28840	卖盘
09:43:49	7.22	0.01	60	43320	买盘
09:43:45	7.21	--	200	144200	卖盘
09:43:39	7.21	--	56	40376	卖盘
09:43:30	7.21	0.01	236	170156	买盘
09:43:24	7.2	-0.01	1104	794880	卖盘
09:43:19	7.21	0.01	3	2163	买盘
09:43:15	7.2	--	94	67680	卖盘
09:43:09	7.2	-0.01	1	720	卖盘
09:43:04	7.21	0.01	10	7210	买盘
09:42:54	7.2	-0.01	78	56412	卖盘
09:42:49	7.21	--	17	12257	买盘
09:42:43	7.21	0.01	21	15141	买盘
09:42:34	7.2	0.01	33	23760	卖盘
09:42:28	7.19	--	0	0	卖盘
09:42:24	7.19	--	828	595447	卖盘
09:42:19	7.19	--	6	4314	卖盘
09:42:13	7.19	--	135	97065	卖盘
09:42:09	7.19	--	101	72619	卖盘
09:42:04	7.19	--	70	50330	卖盘
09:41:54	7.19	--	185	133015	卖盘
09:41:49	7.19	-0.01	453	325707	卖盘
09:41:43	7.2	0.01	2	1440	买盘
09:41:39	7.19	--	143	102817	卖盘
09:41:34	7.19	--	10	7190	卖盘
09:41:24	7.19	--	89	63991	卖盘
09:41:19	7.19	--	1	719	卖盘
09:41:13	7.19	--	100	71900	卖盘
09:41:09	7.19	--	220	158180	买盘
09:41:04	7.19	--	187	134453	买盘
09:40:43	7.19	0.01	20	14380	买盘
09:40:39	7.18	-0.01	19	13642	卖盘
09:40:34	7.19	0.01	48	34512	买盘
09:40:28	7.18	--	70	50260	卖盘
09:40:24	7.18	-0.01	13	9334	卖盘
09:40:19	7.19	--	349	250931	买盘
09:40:13	7.19	0.01	77	55363	买盘
09:40:09	7.18	-0.01	21	15078	卖盘
09:40:04	7.19	--	79	56801	买盘
09:39:58	7.19	--	100	71900	买盘
09:39:54	7.19	0.01	737	529903	买盘
09:39:49	7.18	-0.01	57	40926	卖盘
09:39:43	7.19	--	50	35950	买盘
09:39:39	7.19	--	23	16537	买盘
09:39:34	7.19	--	59	42421	买盘
09:39:24	7.19	--	341	245179	买盘
09:39:19	7.19	0.01	5	3595	买盘
09:39:13	7.18	--	50	35900	卖盘
09:39:09	7.18	--	45	32310	卖盘
09:39:04	7.18	-0.01	33	23694	卖盘
09:38:58	7.19	--	6	4314	买盘
09:38:49	7.19	--	151	108569	买盘
09:38:43	7.19	0.01	107	76933	买盘
09:38:39	7.18	--	110	78980	卖盘
09:38:34	7.18	--	2	1436	卖盘
09:38:28	7.18	--	105	75390	卖盘
09:38:24	7.18	--	186	133548	卖盘
09:38:13	7.18	--	159	114449	买盘
09:38:09	7.18	--	362	259916	买盘
09:38:04	7.18	--	166	119188	买盘
09:37:58	7.18	--	69	49542	买盘
09:37:54	7.18	--	217	156236	卖盘
09:37:49	7.18	--	49	35182	卖盘
09:37:43	7.18	--	8	5744	卖盘
09:37:39	7.18	--	20	14360	卖盘
09:37:34	7.18	--	33	23694	卖盘
09:37:28	7.18	--	100	71800	卖盘
09:37:24	7.18	--	64	45952	卖盘
09:37:19	7.18	0.01	740	531607	买盘
09:37:09	7.17	-0.01	203	145551	卖盘
09:37:03	7.18	0.01	40	28720	买盘
09:36:54	7.17	--	27	19359	卖盘
09:36:48	7.17	--	493	353481	卖盘
09:36:39	7.17	--	58	41586	卖盘
09:36:33	7.17	--	336	240912	卖盘
09:36:28	7.17	--	15	10755	卖盘
09:36:13	7.17	--	1583	1135011	卖盘
09:36:07	7.17	--	14	10038	卖盘
09:36:03	7.17	--	16	11472	卖盘
09:35:58	7.17	--	139	99663	卖盘
09:35:48	7.17	-0.01	79	56643	卖盘
09:35:43	7.18	--	25	17950	买盘
09:35:37	7.18	--	147	105976	卖盘
09:35:33	7.18	--	80	57440	卖盘
09:35:28	7.18	--	669	480342	卖盘
09:35:22	7.18	--	14	10052	卖盘
09:35:18	7.18	--	800	574400	卖盘
09:35:13	7.18	--	14	10052	卖盘
09:35:07	7.18	-0.01	44	31592	卖盘
09:35:03	7.19	--	78	56082	买盘
09:34:58	7.19	--	8	5752	买盘
09:34:43	7.19	0.01	60	43140	买盘
09:34:37	7.18	--	20	14360	卖盘
09:34:33	7.18	--	121	86878	卖盘
09:34:28	7.18	--	55	39777	卖盘
09:34:22	7.18	--	14	10052	卖盘
09:34:18	7.18	-0.01	10	7180	卖盘
09:34:13	7.19	--	99	71181	买盘
09:34:07	7.19	0.01	360	258840	买盘
09:34:03	7.18	--	2	1436	卖盘
09:33:58	7.18	-0.01	1	718	卖盘
09:33:52	7.19	--	68	48892	买盘
09:33:48	7.19	0.01	658	473102	买盘
09:33:33	7.18	--	531	381258	卖盘
09:33:28	7.18	--	38	27284	卖盘
09:33:22	7.18	-0.01	14	10052	卖盘
09:33:18	7.19	0.01	1058	760702	买盘
09:33:13	7.18	--	33	23694	卖盘
09:33:03	7.18	--	110	78980	卖盘
09:32:58	7.18	-0.01	53	38054	卖盘
09:32:52	7.19	0.01	15	10785	买盘
09:32:48	7.18	--	13	9334	买盘
09:32:43	7.18	--	316	226888	卖盘
09:32:37	7.18	-0.01	315	226170	卖盘
09:32:33	7.19	--	1	719	买盘
09:32:28	7.19	0.01	82	58958	买盘
09:32:22	7.18	-0.01	40	28720	卖盘
09:32:18	7.19	0.01	40	28760	买盘
09:32:07	7.18	--	158	113444	卖盘
09:32:03	7.18	--	150	107700	卖盘
09:31:58	7.18	--	150	107700	卖盘
09:31:48	7.18	-0.01	39	28002	卖盘
09:31:43	7.19	--	334	240146	买盘
09:31:37	7.19	0.01	30	21570	买盘
09:31:33	7.18	--	64	45952	卖盘
09:31:28	7.18	-0.01	57	40926	卖盘
09:31:18	7.19	0.01	75	53925	买盘
09:31:13	7.18	--	151	108418	卖盘
09:31:07	7.18	-0.01	9	6462	买盘
09:31:03	7.19	--	315	226485	买盘
09:30:58	7.19	--	29	20851	买盘
09:30:52	7.19	0.01	10	7190	买盘
09:30:48	7.18	-0.01	20	14360	卖盘
09:30:42	7.19	-0.01	235	168965	中性盘
09:30:37	7.2	0.02	2	1440	买盘
09:30:33	7.18	--	106	76108	卖盘
09:30:27	7.18	--	51	36618	买盘
09:30:18	7.18	--	67	48106	卖盘
09:30:12	7.18	--	50	35900	卖盘
09:30:07	7.18	-0.01	2624	1884419	卖盘
09:28:57	7.19	--	0	0	买盘
09:25:06	7.19	7.19	658	473102	买盘
