成交时间	成交价	价格变动	成交量(手)	成交额(元)	性质
15:00:00	10.54	--	0	0	卖盘
15:00:00	10.54	-0.01	0	0	卖盘
15:00:00	10.55	0.01	109	114995	买盘
14:59:59	10.54	-0.02	1136	1197344	卖盘
14:59:53	10.56	0.02	441	465696	买盘
14:59:49	10.54	-0.01	235	247689	卖盘
14:59:44	10.55	0.01	1212	1278660	买盘
14:59:38	10.54	--	1148	1209992	卖盘
14:59:34	10.54	-0.01	403	424761	卖盘
14:59:29	10.55	0.01	490	516950	买盘
14:59:23	10.54	0.01	530	558620	中性盘
14:59:19	10.53	-0.01	1495	1574235	卖盘
14:59:14	10.54	0.01	671	707234	买盘
14:59:08	10.53	--	237	249560	卖盘
14:59:04	10.53	-0.01	152	160056	卖盘
14:58:59	10.54	0.01	188	198151	买盘
14:58:53	10.53	--	667	702351	买盘
14:58:49	10.53	--	560	589680	买盘
14:58:44	10.53	--	1421	1496313	卖盘
14:58:38	10.53	--	824	867672	卖盘
14:58:34	10.53	-0.01	331	348543	卖盘
14:58:29	10.54	0.01	1068	1125672	买盘
14:58:23	10.53	-0.01	319	335907	卖盘
14:58:19	10.54	--	165	173910	买盘
14:58:14	10.54	--	490	516459	买盘
14:58:08	10.54	0.01	510	537540	买盘
14:58:04	10.53	--	771	811863	卖盘
14:57:59	10.53	--	692	728676	买盘
14:57:53	10.53	--	567	597051	买盘
14:57:49	10.53	--	260	273780	买盘
14:57:44	10.53	--	423	445419	卖盘
14:57:38	10.53	0.01	284	299052	买盘
14:57:34	10.52	-0.01	149	156748	卖盘
14:57:29	10.53	--	158	166374	买盘
14:57:23	10.53	--	176	185328	买盘
14:57:19	10.53	-0.01	166	174798	中性盘
14:57:14	10.54	--	464	489055	买盘
14:57:08	10.54	--	178	187611	买盘
14:57:04	10.54	--	170	179180	买盘
14:56:59	10.54	0.02	743	783121	买盘
14:56:53	10.52	-0.02	601	632252	卖盘
14:56:49	10.54	--	258	271932	卖盘
14:56:44	10.54	0.04	2410	2540140	买盘
14:56:38	10.5	-0.03	10483	11007150	卖盘
14:56:34	10.53	-0.01	181	190593	卖盘
14:56:29	10.54	0.01	716	754663	买盘
14:56:23	10.53	--	680	716040	卖盘
14:56:19	10.53	-0.01	351	369603	卖盘
14:56:14	10.54	--	502	529108	买盘
14:56:08	10.54	0.01	575	606050	买盘
14:56:04	10.53	-0.01	1707	1797471	卖盘
14:55:59	10.54	--	664	699856	买盘
14:55:53	10.54	--	460	484839	买盘
14:55:49	10.54	--	894	942275	买盘
14:55:44	10.54	--	383	403681	买盘
14:55:38	10.54	--	574	604996	买盘
14:55:34	10.54	--	273	287742	买盘
14:55:29	10.54	--	2774	2923795	卖盘
14:55:23	10.54	-0.01	380	400519	卖盘
14:55:19	10.55	--	431	454705	买盘
14:55:13	10.55	0.01	1308	1379940	买盘
14:55:08	10.54	--	340	358360	卖盘
14:55:04	10.54	-0.01	213	224501	中性盘
14:54:59	10.55	0.01	1141	1203755	买盘
14:54:53	10.54	--	292	307768	卖盘
14:54:49	10.54	-0.01	61	64293	卖盘
14:54:43	10.55	0.01	78	82290	买盘
14:54:38	10.54	-0.01	152	160208	中性盘
14:54:32	10.55	0.01	1247	1315585	买盘
14:54:28	10.54	0.01	997	1050838	买盘
14:54:23	10.53	-0.01	376	395928	卖盘
14:54:17	10.54	--	265	279310	买盘
14:54:13	10.54	--	486	512243	买盘
14:54:08	10.54	0.01	841	886413	买盘
14:54:02	10.53	--	298	313794	卖盘
14:53:58	10.53	-0.01	945	995084	卖盘
14:53:53	10.54	0.01	688	725151	买盘
14:53:47	10.53	--	561	590733	卖盘
14:53:43	10.53	0.01	1552	1634477	买盘
14:53:38	10.52	-0.01	670	704840	卖盘
14:53:32	10.53	--	220	231660	买盘
14:53:28	10.53	--	674	709722	买盘
14:53:23	10.53	--	386	406458	买盘
14:53:17	10.53	0.01	187	196911	买盘
14:53:13	10.52	-0.01	325	341900	卖盘
14:53:08	10.53	0.01	924	972971	买盘
14:53:02	10.52	--	844	887888	卖盘
14:52:58	10.52	-0.01	59	62068	卖盘
14:52:53	10.53	0.01	177	186381	买盘
14:52:47	10.52	-0.01	747	785844	卖盘
14:52:43	10.53	--	329	346437	买盘
14:52:38	10.53	0.01	387	407511	买盘
14:52:32	10.52	--	394	414488	卖盘
14:52:28	10.52	--	187	196724	卖盘
14:52:23	10.52	-0.01	646	679592	卖盘
14:52:17	10.53	--	433	455949	买盘
14:52:13	10.53	0.01	129	135837	买盘
14:52:08	10.52	--	939	987828	卖盘
14:52:02	10.52	-0.01	675	710562	卖盘
14:51:58	10.53	0.01	255	268515	买盘
14:51:53	10.52	--	604	635408	卖盘
14:51:47	10.52	-0.01	77	81004	卖盘
14:51:43	10.53	--	106	111618	买盘
14:51:38	10.53	0.01	261	274833	买盘
14:51:32	10.52	-0.01	514	540728	卖盘
14:51:28	10.53	--	91	95823	卖盘
14:51:23	10.53	0.01	354	372762	买盘
14:51:17	10.52	-0.01	301	316652	卖盘
14:51:13	10.53	--	214	225342	卖盘
14:51:08	10.53	0.01	823	866619	买盘
14:51:02	10.52	-0.01	505	531260	卖盘
14:50:58	10.53	0.01	327	344331	买盘
14:50:53	10.52	-0.01	319	335588	卖盘
14:50:47	10.53	--	110	115830	买盘
14:50:43	10.53	--	214	225342	卖盘
14:50:38	10.53	0.01	109	114777	买盘
14:50:32	10.52	-0.01	399	419748	卖盘
14:50:28	10.53	0.01	516	543348	买盘
14:50:23	10.52	-0.01	244	256688	卖盘
14:50:17	10.53	--	326	343278	买盘
14:50:13	10.53	0.01	86	90558	买盘
14:50:08	10.52	-0.01	492	517584	卖盘
14:50:02	10.53	0.01	809	851877	买盘
14:49:58	10.52	--	25	26300	卖盘
14:49:53	10.52	--	126	132552	卖盘
14:49:47	10.52	--	246	258792	买盘
14:49:43	10.52	--	103	108356	买盘
14:49:38	10.52	-0.01	535	562820	卖盘
14:49:32	10.53	--	497	523340	买盘
14:49:28	10.53	0.01	250	263250	买盘
14:49:23	10.52	--	252	265104	卖盘
14:49:17	10.52	-0.01	595	625940	卖盘
14:49:13	10.53	0.01	72	75816	买盘
14:49:08	10.52	-0.01	67	70484	卖盘
14:49:02	10.53	0.01	524	551772	买盘
14:48:58	10.52	--	278	292456	卖盘
14:48:53	10.52	-0.01	337	354524	卖盘
14:48:47	10.53	0.01	228	240083	买盘
14:48:43	10.52	--	100	105200	买盘
14:48:37	10.52	-0.01	229	240908	卖盘
14:48:32	10.53	0.02	661	696643	买盘
14:48:28	10.51	-0.01	679	713629	卖盘
14:48:22	10.52	0.01	781	821612	买盘
14:48:17	10.51	--	245	257495	卖盘
14:48:13	10.51	--	417	438267	卖盘
14:48:07	10.51	--	192	201792	卖盘
14:48:02	10.51	--	176	184976	卖盘
14:47:56	10.51	--	51	53601	卖盘
14:47:52	10.51	--	2865	3011115	买盘
14:47:47	10.51	0.01	122	128222	买盘
14:47:41	10.5	-0.01	262	275100	卖盘
14:47:37	10.51	0.01	564	593152	买盘
14:47:32	10.5	0.01	1798	1887900	买盘
14:47:26	10.49	-0.01	3088	3239312	卖盘
14:47:22	10.5	0.01	99	103950	买盘
14:47:17	10.49	--	559	586391	卖盘
14:47:11	10.49	--	151	158399	卖盘
14:47:07	10.49	--	219	229731	卖盘
14:47:02	10.49	0.01	585	614294	卖盘
14:46:52	10.48	-0.01	1683	1763784	卖盘
14:46:47	10.49	--	996	1044804	买盘
14:46:41	10.49	--	567	594783	买盘
14:46:37	10.49	--	89	93361	买盘
14:46:32	10.49	0.01	2218	2326682	买盘
14:46:26	10.48	-0.01	2083	2182984	卖盘
14:46:22	10.49	--	261	273789	买盘
14:46:17	10.49	--	391	410159	买盘
14:46:11	10.49	--	2270	2381230	卖盘
14:46:07	10.49	-0.01	181	189869	卖盘
14:46:02	10.5	0.01	1208	1268400	买盘
14:45:56	10.49	--	569	596881	卖盘
14:45:52	10.49	--	347	364003	卖盘
14:45:47	10.49	--	187	196163	卖盘
14:45:41	10.49	--	432	453168	卖盘
14:45:37	10.49	--	494	518206	买盘
14:45:32	10.49	0.01	830	870670	买盘
14:45:26	10.48	--	139	145672	卖盘
14:45:22	10.48	-0.01	198	207504	卖盘
14:45:17	10.49	--	322	337778	买盘
14:45:11	10.49	--	997	1046513	卖盘
14:45:07	10.49	-0.01	1799	1887151	卖盘
14:45:02	10.5	--	784	823200	买盘
14:44:56	10.5	0.01	1097	1151850	买盘
14:44:52	10.49	--	197	206653	卖盘
14:44:47	10.49	-0.01	718	753182	卖盘
14:44:41	10.5	0.01	126	132300	买盘
14:44:37	10.49	--	170	178330	卖盘
14:44:32	10.49	--	353	370685	卖盘
14:44:26	10.49	-0.01	407	426943	卖盘
14:44:22	10.5	0.01	138	144900	买盘
14:44:17	10.49	--	472	495128	卖盘
14:44:11	10.49	-0.01	206	216094	卖盘
14:44:07	10.5	--	600	630000	买盘
14:44:02	10.5	0.01	622	653100	买盘
14:43:56	10.49	-0.01	556	583244	卖盘
14:43:52	10.5	-0.01	865	908250	卖盘
14:43:47	10.51	0.01	633	665283	买盘
14:43:41	10.5	0.01	326	342300	买盘
14:43:37	10.49	--	240	251760	卖盘
14:43:32	10.49	-0.01	1183	1240967	卖盘
14:43:26	10.5	--	191	200550	买盘
14:43:22	10.5	--	224	235200	买盘
14:43:17	10.5	-0.01	1141	1198050	卖盘
14:43:11	10.51	0.01	171	179721	买盘
14:43:07	10.5	-0.01	1084	1138200	卖盘
14:43:02	10.51	0.01	409	429859	买盘
14:42:56	10.5	--	211	221550	卖盘
14:42:52	10.5	-0.01	43	45150	卖盘
14:42:47	10.51	--	623	654773	买盘
14:42:41	10.51	0.01	223	234373	买盘
14:42:37	10.5	-0.01	188	197400	卖盘
14:42:32	10.51	-0.01	621	652671	卖盘
14:42:26	10.52	0.01	368	387136	买盘
14:42:22	10.51	--	207	217557	卖盘
14:42:17	10.51	--	1222	1284322	卖盘
14:42:11	10.51	--	1063	1117213	买盘
14:42:06	10.51	--	1264	1328464	买盘
14:42:02	10.51	--	422	443522	买盘
14:41:56	10.51	--	343	360493	卖盘
14:41:51	10.51	-0.01	140	147140	卖盘
14:41:47	10.52	0.01	701	737452	买盘
14:41:41	10.51	0.01	548	575948	买盘
14:41:35	10.5	--	326	342300	卖盘
14:41:31	10.5	-0.01	282	296100	卖盘
14:41:26	10.51	-0.01	535	562285	卖盘
14:41:20	10.52	-0.02	78	82056	卖盘
14:41:16	10.54	0.01	5106	5381724	买盘
14:41:11	10.53	0.01	369	388557	中性盘
14:41:05	10.52	-0.03	38	39976	卖盘
14:41:01	10.55	0.01	725	764875	买盘
14:40:56	10.54	--	1836	1935143	卖盘
14:40:50	10.54	--	115	121209	卖盘
14:40:46	10.54	--	1092	1150968	卖盘
14:40:41	10.54	-0.01	246	259283	卖盘
14:40:35	10.55	0.01	17	17935	买盘
14:40:31	10.54	--	196	206583	卖盘
14:40:26	10.54	-0.01	141	148614	卖盘
14:40:20	10.55	--	195	205725	卖盘
14:40:16	10.55	--	458	483190	买盘
14:40:11	10.55	--	352	371360	卖盘
14:40:05	10.55	0.01	1313	1385215	买盘
14:40:01	10.54	--	170	179180	卖盘
14:39:56	10.54	-0.01	511	538594	卖盘
14:39:50	10.55	--	1013	1068715	买盘
14:39:46	10.55	--	3	3165	买盘
14:39:41	10.55	--	547	577085	买盘
14:39:35	10.55	0.01	116	122380	买盘
14:39:31	10.54	--	2	2108	卖盘
14:39:26	10.54	0.01	135	142290	买盘
14:39:20	10.53	-0.01	335	352755	卖盘
14:39:16	10.54	--	24	25295	中性盘
14:39:11	10.54	--	59	62185	买盘
14:39:05	10.54	0.01	265	279310	买盘
14:39:01	10.53	-0.01	388	408564	卖盘
14:38:56	10.54	0.01	288	303552	买盘
14:38:50	10.53	-0.01	119	125306	卖盘
14:38:46	10.54	--	111	116993	买盘
14:38:41	10.54	--	231	243473	卖盘
14:38:35	10.54	--	561	591294	卖盘
14:38:31	10.54	-0.01	113	119101	卖盘
14:38:26	10.55	--	33	34815	买盘
14:38:20	10.55	--	667	703685	买盘
14:38:16	10.55	0.01	378	398790	买盘
14:38:11	10.54	-0.01	66	69564	卖盘
14:38:05	10.55	--	517	545435	卖盘
14:38:01	10.55	--	41	43255	卖盘
14:37:56	10.55	--	471	496905	卖盘
14:37:50	10.55	--	176	185680	卖盘
14:37:46	10.55	--	46	48530	卖盘
14:37:41	10.55	--	191	201505	卖盘
14:37:35	10.55	--	145	152975	买盘
14:37:31	10.55	--	58	61190	买盘
14:37:26	10.55	0.01	202	213110	买盘
14:37:20	10.54	-0.01	1594	1680075	卖盘
14:37:16	10.55	--	2	2110	卖盘
14:37:11	10.55	-0.01	235	247925	中性盘
14:37:05	10.56	0.01	679	717024	买盘
14:37:01	10.55	0.01	212	223660	买盘
14:36:56	10.54	-0.01	1031	1086674	卖盘
14:36:50	10.55	--	189	199395	买盘
14:36:46	10.55	0.01	165	174075	买盘
14:36:41	10.54	--	252	265608	卖盘
14:36:35	10.54	--	694	731971	买盘
14:36:31	10.54	0.01	362	381547	买盘
14:36:26	10.53	--	386	406458	卖盘
14:36:20	10.53	--	59	62126	卖盘
14:36:16	10.53	--	221	232713	买盘
14:36:11	10.53	--	185	194805	买盘
14:36:05	10.53	--	262	275886	卖盘
14:36:01	10.53	--	158	166374	卖盘
14:35:56	10.53	-0.01	185	194805	卖盘
14:35:50	10.54	0.01	10142	10689668	买盘
14:35:46	10.53	--	31	32642	卖盘
14:35:40	10.53	--	226	238546	卖盘
14:35:35	10.53	--	345	363769	买盘
14:35:30	10.53	--	33	34749	买盘
14:35:25	10.53	0.01	78	82134	买盘
14:35:20	10.52	-0.01	203	213556	卖盘
14:35:15	10.53	--	208	219024	买盘
14:35:10	10.53	-0.01	439	462267	卖盘
14:35:05	10.54	0.01	137	144398	买盘
14:34:59	10.53	--	19	20007	买盘
14:34:55	10.53	-0.01	319	336465	卖盘
14:34:50	10.54	0.01	1042	1098268	买盘
14:34:44	10.53	-0.01	47	49491	卖盘
14:34:40	10.54	--	612	645048	卖盘
14:34:35	10.54	--	498	524892	买盘
14:34:29	10.54	--	232	244527	买盘
14:34:25	10.54	0.01	305	321470	买盘
14:34:20	10.53	-0.01	91	95823	卖盘
14:34:14	10.54	--	69	72726	卖盘
14:34:10	10.54	--	246	259283	买盘
14:34:05	10.54	--	105	110669	买盘
14:33:59	10.54	--	378	398411	卖盘
14:33:55	10.54	-0.01	361	380493	卖盘
14:33:50	10.55	0.01	307	323885	买盘
14:33:44	10.54	-0.01	717	755717	卖盘
14:33:40	10.55	0.01	169	178295	买盘
14:33:35	10.54	--	530	558620	卖盘
14:33:29	10.54	--	203	213961	卖盘
14:33:25	10.54	-0.01	20	21080	卖盘
14:33:20	10.55	--	229	241595	买盘
14:33:14	10.55	-0.01	1042	1099310	卖盘
14:33:10	10.56	0.01	186	196416	买盘
14:33:05	10.55	-0.01	148	156140	卖盘
14:32:59	10.56	--	314	331584	买盘
14:32:55	10.56	--	13	13728	买盘
14:32:50	10.56	-0.01	153	161568	卖盘
14:32:44	10.57	0.01	144	152208	买盘
14:32:40	10.56	--	80	84480	卖盘
14:32:35	10.56	--	171	180576	买盘
14:32:29	10.56	--	297	313632	买盘
14:32:25	10.56	-0.01	795	839520	卖盘
14:32:20	10.57	--	542	572894	买盘
14:32:14	10.57	--	247	261079	买盘
14:32:10	10.57	--	166	175462	买盘
14:32:05	10.57	0.01	355	375235	中性盘
14:31:59	10.56	-0.01	1824	1926144	卖盘
14:31:55	10.57	-0.01	430	454510	卖盘
14:31:50	10.58	--	415	439070	买盘
14:31:44	10.58	0.01	1004	1062232	买盘
14:31:40	10.57	-0.01	124	131068	卖盘
14:31:35	10.58	--	590	624220	买盘
14:31:29	10.58	--	103	108974	买盘
14:31:25	10.58	0.01	501	530058	买盘
14:31:20	10.57	-0.01	716	756812	卖盘
14:31:14	10.58	0.01	611	646438	买盘
14:31:10	10.57	-0.01	152	160664	卖盘
14:31:05	10.58	0.01	91	96278	买盘
14:30:59	10.57	-0.01	450	475650	卖盘
14:30:55	10.58	0.01	41	43378	买盘
14:30:50	10.57	-0.01	567	599319	卖盘
14:30:44	10.58	0.01	317	335386	买盘
14:30:40	10.57	-0.01	161	170177	卖盘
14:30:35	10.58	0.01	151	159758	买盘
14:30:29	10.57	--	542	572894	卖盘
14:30:25	10.57	--	426	450282	买盘
14:30:20	10.57	--	267	282219	卖盘
14:30:14	10.57	--	170	179690	买盘
14:30:10	10.57	--	16	16912	买盘
14:30:05	10.57	0.01	177	187089	买盘
14:29:59	10.56	--	1701	1796256	买盘
14:29:55	10.56	-0.01	345	364320	卖盘
14:29:50	10.57	--	415	438655	买盘
14:29:44	10.57	--	326	344582	买盘
14:29:40	10.57	0.01	338	357266	买盘
14:29:35	10.56	-0.01	324	342144	卖盘
14:29:29	10.57	0.01	181	191317	买盘
14:29:24	10.56	-0.01	91	96096	卖盘
14:29:19	10.57	0.01	425	449225	买盘
14:29:14	10.56	--	462	487872	买盘
14:29:09	10.56	--	759	801504	卖盘
14:29:04	10.56	--	473	499488	卖盘
14:28:59	10.56	--	464	489984	买盘
14:28:55	10.56	0.01	6	6336	买盘
14:28:49	10.55	--	456	481080	卖盘
14:28:44	10.55	--	275	290125	卖盘
14:28:38	10.55	--	131	138205	卖盘
14:28:34	10.55	--	103	108665	买盘
14:28:29	10.55	--	405	427275	买盘
14:28:23	10.55	--	270	284850	买盘
14:28:19	10.55	0.01	465	490575	买盘
14:28:14	10.54	-0.01	217	228717	卖盘
14:28:08	10.55	0.01	29	30595	买盘
14:28:04	10.54	-0.01	188	198151	卖盘
14:27:59	10.55	0.01	419	442045	买盘
14:27:53	10.54	--	137	144398	卖盘
14:27:49	10.54	--	184	193935	卖盘
14:27:44	10.54	--	147	154938	卖盘
14:27:38	10.54	-0.01	80	84320	卖盘
14:27:34	10.55	0.01	120	126600	买盘
14:27:29	10.54	-0.01	185	194989	卖盘
14:27:23	10.55	0.01	413	435715	买盘
14:27:19	10.54	--	346	364683	买盘
14:27:14	10.54	--	389	410005	卖盘
14:27:08	10.54	-0.01	409	431085	卖盘
14:27:04	10.55	0.01	267	281685	买盘
14:26:59	10.54	-0.01	453	477461	卖盘
14:26:53	10.55	--	146	154030	买盘
14:26:49	10.55	--	23	24265	买盘
14:26:44	10.55	0.01	176	185680	买盘
14:26:38	10.54	--	195	205529	卖盘
14:26:34	10.54	-0.01	215	226609	卖盘
14:26:29	10.55	--	204	215220	买盘
14:26:23	10.55	--	203	214165	买盘
14:26:19	10.55	-0.01	541	570755	中性盘
14:26:14	10.56	-0.01	34	35904	中性盘
14:26:08	10.57	--	547	578179	买盘
14:26:04	10.57	0.04	262	276934	买盘
14:25:59	10.53	-0.04	3422	3603366	卖盘
14:25:53	10.57	--	1166	1232462	卖盘
14:25:49	10.57	--	208	219856	买盘
14:25:44	10.57	0.01	537	567609	买盘
14:25:38	10.56	-0.01	570	601920	卖盘
14:25:34	10.57	0.01	151	159607	买盘
14:25:29	10.56	-0.01	744	785664	卖盘
14:25:23	10.57	--	868	917476	买盘
14:25:19	10.57	--	206	217742	买盘
14:25:14	10.57	--	1094	1156358	买盘
14:25:08	10.57	0.01	627	662739	买盘
14:25:04	10.56	-0.01	165	174240	卖盘
14:24:59	10.57	0.01	329	347753	买盘
14:24:53	10.56	--	845	892320	买盘
14:24:49	10.56	--	18	19008	买盘
14:24:44	10.56	0.01	635	671056	买盘
14:24:38	10.55	--	491	518005	买盘
14:24:34	10.55	--	191	201505	买盘
14:24:29	10.55	0.01	407	429385	买盘
14:24:23	10.54	-0.01	111	116993	卖盘
14:24:19	10.55	0.01	155	163525	买盘
14:24:14	10.54	--	305	321470	买盘
14:24:08	10.54	0.01	2780	2930119	买盘
14:24:04	10.53	-0.01	149	156897	卖盘
14:23:59	10.54	0.01	244	257175	买盘
14:23:53	10.53	--	325	342225	卖盘
14:23:49	10.53	--	210	221130	卖盘
14:23:44	10.53	--	276	290628	卖盘
14:23:38	10.53	--	599	630747	买盘
14:23:34	10.53	--	101	106353	买盘
14:23:29	10.53	--	284	299052	买盘
14:23:23	10.53	--	897	944541	买盘
14:23:19	10.53	0.02	90	94770	买盘
14:23:14	10.51	-0.01	691	726241	卖盘
14:23:08	10.52	--	830	873160	卖盘
14:23:04	10.52	--	273	287196	卖盘
14:22:59	10.52	--	417	439367	买盘
14:22:53	10.52	0.01	374	393448	买盘
14:22:49	10.51	-0.01	238	250138	卖盘
14:22:43	10.52	0.01	186	195672	买盘
14:22:38	10.51	-0.01	23	24173	卖盘
14:22:33	10.52	--	6	6312	买盘
14:22:28	10.52	--	337	354524	买盘
14:22:23	10.52	--	445	468140	买盘
14:22:17	10.52	--	15	15780	买盘
14:22:13	10.52	--	124	130448	买盘
14:22:08	10.52	--	171	179892	买盘
14:22:02	10.52	0.01	549	577548	买盘
14:21:58	10.51	-0.01	574	603641	卖盘
14:21:53	10.52	0.01	242	254584	买盘
14:21:47	10.51	--	529	555979	卖盘
14:21:43	10.51	0.01	416	437899	买盘
14:21:38	10.5	--	279	292950	卖盘
14:21:32	10.5	--	36	37800	卖盘
14:21:28	10.5	-0.01	241	253050	卖盘
14:21:23	10.51	0.01	457	480307	买盘
14:21:17	10.5	-0.01	358	375900	卖盘
14:21:13	10.51	0.01	794	834494	买盘
14:21:08	10.5	--	618	649267	卖盘
14:21:02	10.5	-0.01	297	311850	卖盘
14:20:58	10.51	--	312	327912	买盘
14:20:53	10.51	--	113	118763	买盘
14:20:47	10.51	0.01	508	533908	买盘
14:20:43	10.5	-0.01	234	245700	卖盘
14:20:38	10.51	0.01	278	292178	买盘
14:20:32	10.5	--	167	175350	卖盘
14:20:28	10.5	--	208	218400	卖盘
14:20:23	10.5	--	345	362250	卖盘
14:20:17	10.5	-0.01	236	247800	卖盘
14:20:13	10.51	--	238	250138	买盘
14:20:08	10.51	--	201	211251	买盘
14:20:02	10.51	-0.01	618	649518	卖盘
14:19:58	10.52	0.01	98	103096	中性盘
14:19:53	10.51	--	807	848157	卖盘
14:19:47	10.51	-0.01	330	346830	卖盘
14:19:43	10.52	0.01	437	459724	中性盘
14:19:38	10.51	-0.02	384	403584	卖盘
14:19:32	10.53	0.01	238	250613	买盘
14:19:28	10.52	--	67	70484	卖盘
14:19:23	10.52	0.01	203	213556	买盘
14:19:17	10.51	--	38	39938	卖盘
14:19:13	10.51	-0.01	56	58856	卖盘
14:19:08	10.52	-0.01	2801	2946652	卖盘
14:19:02	10.53	0.01	522	549666	买盘
14:18:58	10.52	--	274	288248	卖盘
14:18:53	10.52	-0.01	217	228284	卖盘
14:18:47	10.53	--	504	530712	买盘
14:18:43	10.53	--	120	126359	买盘
14:18:38	10.53	0.01	766	806598	买盘
14:18:32	10.52	-0.01	466	490232	卖盘
14:18:28	10.53	--	235	247454	买盘
14:18:23	10.53	-0.01	4525	4764825	卖盘
14:18:17	10.54	0.01	530	558620	买盘
14:18:13	10.53	-0.01	90	94770	卖盘
14:18:08	10.54	0.01	90	94859	买盘
14:18:02	10.53	--	861	906633	买盘
14:17:58	10.53	--	286	301158	买盘
14:17:53	10.53	--	157	165321	买盘
14:17:47	10.53	--	98	103194	买盘
14:17:43	10.53	--	961	1011932	买盘
14:17:38	10.53	0.01	108	113724	买盘
14:17:32	10.52	--	39	41028	卖盘
14:17:28	10.52	-0.01	37	38924	卖盘
14:17:22	10.53	0.01	266	280098	买盘
14:17:17	10.52	0.01	192	201984	买盘
14:17:13	10.51	-0.01	387	406737	卖盘
14:17:07	10.52	0.01	1641	1726332	买盘
14:17:02	10.51	--	187	196537	买盘
14:16:58	10.51	-0.01	2656	2791456	卖盘
14:16:53	10.52	--	354	372408	买盘
14:16:47	10.52	-0.01	621	653292	卖盘
14:16:42	10.53	0.02	1208	1272024	买盘
14:16:37	10.51	-0.01	1041	1094091	卖盘
14:16:32	10.52	--	378	397656	卖盘
14:16:28	10.52	--	184	193568	买盘
14:16:22	10.52	--	219	230388	买盘
14:16:17	10.52	--	1615	1698980	买盘
14:16:12	10.52	--	112	117824	买盘
14:16:07	10.52	0.01	176	185152	买盘
14:16:02	10.51	-0.01	368	386768	卖盘
14:15:57	10.52	0.01	93	97836	买盘
14:15:52	10.51	-0.01	796	836596	卖盘
14:15:47	10.52	0.01	293	308236	买盘
14:15:41	10.51	--	123	129273	买盘
14:15:37	10.51	--	375	394125	买盘
14:15:32	10.51	-0.01	2186	2297486	卖盘
14:15:26	10.52	0.01	383	402916	买盘
14:15:22	10.51	--	709	745159	买盘
14:15:17	10.51	-0.01	2293	2409943	卖盘
14:15:11	10.52	0.01	78	82056	买盘
14:15:07	10.51	--	909	955359	买盘
14:15:02	10.51	0.01	332	348932	买盘
14:14:56	10.5	--	79	82950	卖盘
14:14:52	10.5	--	2435	2557432	买盘
14:14:47	10.5	--	252	264600	买盘
14:14:41	10.5	0.01	86	90300	买盘
14:14:37	10.49	--	146	153154	卖盘
14:14:32	10.49	--	360	377640	买盘
14:14:26	10.49	--	669	701781	买盘
14:14:22	10.49	--	447	468903	买盘
14:14:17	10.49	--	307	322043	买盘
14:14:11	10.49	0.01	33	34617	买盘
14:14:07	10.48	--	28	29344	卖盘
14:14:02	10.48	--	546	572208	买盘
14:13:56	10.48	0.01	634	664432	买盘
14:13:52	10.47	-0.01	47	49209	卖盘
14:13:47	10.48	--	105	110040	买盘
14:13:41	10.48	--	205	214840	买盘
14:13:37	10.48	--	50	52400	买盘
14:13:32	10.48	0.01	77	80696	买盘
14:13:26	10.47	-0.01	101	105747	卖盘
14:13:22	10.48	0.01	10	10480	买盘
14:13:17	10.47	-0.01	1291	1351677	卖盘
14:13:11	10.48	0.01	850	890800	买盘
14:13:07	10.47	-0.01	118	123546	卖盘
14:13:02	10.48	0.01	213	223224	买盘
14:12:56	10.47	--	6	6282	卖盘
14:12:52	10.47	--	817	855399	买盘
14:12:47	10.47	--	104	108888	买盘
14:12:41	10.47	--	23	24081	买盘
14:12:37	10.47	--	11	11517	买盘
14:12:32	10.47	0.01	162	169614	买盘
14:12:26	10.46	-0.01	691	722786	卖盘
14:12:22	10.47	--	102	106794	买盘
14:12:17	10.47	--	127	132969	买盘
14:12:11	10.47	--	207	216729	卖盘
14:12:07	10.47	0.01	15	15705	买盘
14:12:01	10.46	--	272	284512	卖盘
14:11:56	10.46	--	135	141210	卖盘
14:11:52	10.46	-0.01	247	258362	卖盘
14:11:47	10.47	--	259	271173	买盘
14:11:41	10.47	--	240	251280	买盘
14:11:37	10.47	0.01	77	80619	买盘
14:11:31	10.46	-0.01	297	310662	卖盘
14:11:26	10.47	0.01	316	330852	买盘
14:11:22	10.46	-0.01	12	12552	中性盘
14:11:16	10.47	0.01	493	516171	买盘
14:11:11	10.46	--	434	453964	卖盘
14:11:07	10.46	-0.01	28	29288	卖盘
14:11:01	10.47	0.01	670	701490	买盘
14:10:56	10.46	--	288	301248	卖盘
14:10:52	10.46	--	6	6276	卖盘
14:10:46	10.46	--	16	16736	卖盘
14:10:41	10.46	--	217	226982	买盘
14:10:37	10.46	0.01	70	73220	买盘
14:10:31	10.45	-0.01	105	109724	卖盘
14:10:26	10.46	--	104	108784	买盘
14:10:22	10.46	--	70	73220	买盘
14:10:16	10.46	-0.01	163	170498	卖盘
14:10:11	10.47	--	27	28269	买盘
14:10:07	10.47	--	70	73290	买盘
14:10:02	10.47	0.01	618	647046	买盘
14:09:56	10.46	--	231	241626	卖盘
14:09:51	10.46	--	71	74266	卖盘
14:09:46	10.46	-0.01	43	44978	卖盘
14:09:41	10.47	0.01	235	246045	买盘
14:09:36	10.46	--	1017	1063782	卖盘
14:09:31	10.46	-0.01	65	67990	卖盘
14:09:26	10.47	0.01	454	475338	买盘
14:09:21	10.46	--	94	98324	买盘
14:09:16	10.46	--	291	304386	买盘
14:09:11	10.46	--	525	549150	买盘
14:09:06	10.46	--	15	15690	买盘
14:09:01	10.46	-0.01	432	451872	卖盘
14:08:56	10.47	0.01	1175	1230225	买盘
14:08:50	10.46	-0.01	69	72174	卖盘
14:08:46	10.47	0.01	1209	1265823	买盘
14:08:41	10.46	--	220	230120	买盘
14:08:35	10.46	--	843	881778	买盘
14:08:31	10.46	--	1331	1392226	买盘
14:08:26	10.46	--	403	421538	卖盘
14:08:20	10.46	-0.01	87	91002	卖盘
14:08:16	10.47	0.01	873	914031	买盘
14:08:11	10.46	--	281	293926	卖盘
14:08:05	10.46	--	311	325306	卖盘
14:08:01	10.46	--	510	533460	卖盘
14:07:56	10.46	-0.01	66	69036	卖盘
14:07:50	10.47	--	362	379014	买盘
14:07:46	10.47	0.01	1409	1475223	买盘
14:07:41	10.46	-0.02	106	110876	卖盘
14:07:35	10.48	0.02	17	17816	买盘
14:07:31	10.46	-0.02	195	203970	买盘
14:07:26	10.48	--	131	137288	买盘
14:07:20	10.48	0.03	22	23056	买盘
14:07:11	10.45	-0.02	729	761805	卖盘
14:07:05	10.47	0.02	2151	2252620	买盘
14:07:01	10.45	--	623	651035	买盘
14:06:56	10.45	--	298	311410	买盘
14:06:50	10.45	-0.01	4589	4796027	卖盘
14:06:46	10.46	0.01	827	865042	卖盘
14:06:41	10.45	-0.01	3463	3618834	卖盘
14:06:35	10.46	-0.03	2761	2888006	卖盘
14:06:31	10.49	0.02	1363	1429787	买盘
14:06:26	10.47	-0.02	1210	1266870	卖盘
14:06:20	10.49	0.01	1261	1322789	买盘
14:06:16	10.48	-0.01	3900	4087200	卖盘
14:06:11	10.49	-0.01	1107	1161243	卖盘
14:06:05	10.5	--	115	120750	买盘
14:06:00	10.5	0.01	750	787500	买盘
14:05:56	10.49	-0.01	288	302112	卖盘
14:05:50	10.5	--	89	93450	买盘
14:05:46	10.5	0.01	63	66150	买盘
14:05:41	10.49	-0.01	377	395473	卖盘
14:05:35	10.5	0.01	78	81900	买盘
14:05:31	10.49	-0.01	27	28323	卖盘
14:05:26	10.5	0.01	391	410550	买盘
14:05:20	10.49	-0.01	40	41960	卖盘
14:05:16	10.5	--	39	40950	买盘
14:05:11	10.5	--	41	43050	买盘
14:05:05	10.5	0.01	910	955500	买盘
14:05:01	10.49	--	125	131125	卖盘
14:04:55	10.49	--	123	129027	卖盘
14:04:50	10.49	--	302	316798	卖盘
14:04:46	10.49	--	21	22029	卖盘
14:04:41	10.49	--	68	71332	卖盘
14:04:35	10.49	-0.01	174	182526	卖盘
14:04:31	10.5	--	256	268800	买盘
14:04:25	10.5	0.01	30	31500	买盘
14:04:20	10.49	-0.01	58	60842	卖盘
14:04:16	10.5	--	77	80850	买盘
14:04:10	10.5	0.01	161	169050	买盘
14:04:05	10.49	-0.01	1197	1255653	卖盘
14:04:01	10.5	0.01	355	372750	买盘
14:03:55	10.49	--	216	227108	卖盘
14:03:50	10.49	-0.01	217	227633	卖盘
14:03:46	10.5	--	15	15750	买盘
14:03:40	10.5	--	1348	1415400	买盘
14:03:35	10.5	--	86	90300	买盘
14:03:31	10.5	--	1219	1279950	买盘
14:03:25	10.5	--	97	101850	买盘
14:03:20	10.5	0.01	138	144900	买盘
14:03:15	10.49	--	594	623106	卖盘
14:03:10	10.49	--	1084	1137116	卖盘
14:03:05	10.49	-0.01	23	24127	卖盘
14:03:00	10.5	-0.01	681	715050	卖盘
14:02:55	10.51	--	1405	1476655	买盘
14:02:50	10.51	0.01	419	440369	买盘
14:02:45	10.5	--	919	964950	卖盘
14:02:40	10.5	--	831	872550	卖盘
14:02:35	10.5	--	291	305550	卖盘
14:02:30	10.5	--	163	171150	卖盘
14:02:25	10.5	-0.01	124	130200	卖盘
14:02:20	10.51	--	974	1023674	卖盘
14:02:15	10.51	--	134	140834	卖盘
14:02:10	10.51	--	18	18918	卖盘
14:02:05	10.51	--	115	120865	卖盘
14:02:00	10.51	-0.01	54	56754	卖盘
14:01:55	10.52	0.01	107	112564	买盘
14:01:50	10.51	-0.01	145	152395	中性盘
14:01:44	10.52	0.01	154	162008	买盘
14:01:40	10.51	-0.01	1028	1080428	卖盘
14:01:35	10.52	--	142	149384	买盘
14:01:29	10.52	--	130	136760	买盘
14:01:25	10.52	--	15	15780	买盘
14:01:20	10.52	0.01	54	56808	买盘
14:01:14	10.51	--	18	18918	卖盘
14:01:10	10.51	--	2695	2832445	买盘
14:01:05	10.51	--	56	58856	卖盘
14:00:59	10.51	--	132	138732	卖盘
14:00:55	10.51	--	149	156599	卖盘
14:00:50	10.51	--	25	26275	卖盘
14:00:44	10.51	--	893	938543	卖盘
14:00:40	10.51	--	25	26275	卖盘
14:00:35	10.51	--	147	154497	卖盘
14:00:29	10.51	--	96	100896	买盘
14:00:25	10.51	--	453	476103	买盘
14:00:20	10.51	--	274	287974	买盘
14:00:14	10.51	--	371	389921	买盘
14:00:09	10.51	--	297	312147	买盘
14:00:05	10.51	--	392	411992	买盘
13:59:59	10.51	--	309	324759	卖盘
13:59:54	10.51	--	72	75672	买盘
13:59:50	10.51	--	918	964818	买盘
13:59:44	10.51	--	1027	1079377	买盘
13:59:39	10.51	0.01	76	79876	买盘
13:59:35	10.5	--	114	119700	卖盘
13:59:29	10.5	--	232	243600	卖盘
13:59:25	10.5	-0.01	285	299250	卖盘
13:59:20	10.51	0.01	48	50448	买盘
13:59:14	10.5	-0.01	104	109200	卖盘
13:59:10	10.51	--	25	26275	买盘
13:59:05	10.51	0.01	186	195486	买盘
13:58:59	10.5	--	176	184800	卖盘
13:58:55	10.5	-0.01	66	69300	卖盘
13:58:50	10.51	0.01	37	38887	买盘
13:58:44	10.5	--	366	384300	卖盘
13:58:40	10.5	--	37	38850	卖盘
13:58:35	10.5	--	163	171150	买盘
13:58:29	10.5	--	135	141750	买盘
13:58:25	10.5	--	69	72450	买盘
13:58:20	10.5	--	110	115500	买盘
13:58:14	10.5	--	190	199500	买盘
13:58:10	10.5	--	461	484050	买盘
13:58:05	10.5	0.01	114	119700	买盘
13:57:59	10.49	--	57	59793	卖盘
13:57:54	10.49	-0.01	44	46156	卖盘
13:57:50	10.5	--	96	100800	买盘
13:57:44	10.5	--	121	127050	买盘
13:57:40	10.5	--	171	179550	买盘
13:57:34	10.5	--	137	143850	买盘
13:57:29	10.5	0.01	150	157500	买盘
13:57:25	10.49	-0.01	27	28323	卖盘
13:57:19	10.5	--	2121	2227050	买盘
13:57:14	10.5	--	124	130200	买盘
13:57:09	10.5	--	7	7350	买盘
13:57:04	10.5	--	276	289800	买盘
13:56:59	10.5	-0.01	2008	2108400	卖盘
13:56:55	10.51	0.01	200	210200	买盘
13:56:49	10.5	-0.01	1390	1459500	卖盘
13:56:44	10.51	--	224	235424	买盘
13:56:40	10.51	--	243	255393	买盘
13:56:34	10.51	--	157	165007	买盘
13:56:29	10.51	--	330	346830	买盘
13:56:24	10.51	0.01	49	51499	买盘
13:56:19	10.5	--	61	64050	卖盘
13:56:14	10.5	0.01	2267	2380350	买盘
13:56:09	10.49	-0.01	50	52450	卖盘
13:56:04	10.5	--	41	43050	买盘
13:55:59	10.5	--	82	86100	买盘
13:55:55	10.5	--	59	61950	买盘
13:55:49	10.5	--	195	204750	买盘
13:55:44	10.5	--	228	239400	买盘
13:55:39	10.5	--	46	48300	买盘
13:55:34	10.5	--	243	255150	买盘
13:55:29	10.5	0.01	82	86100	买盘
13:55:24	10.49	-0.01	512	537088	卖盘
13:55:19	10.5	--	2237	2348850	买盘
13:55:14	10.5	--	427	448350	买盘
13:55:09	10.5	--	681	715050	买盘
13:55:04	10.5	--	378	396900	买盘
13:54:59	10.5	--	130	136500	买盘
13:54:53	10.5	--	207	217350	买盘
13:54:49	10.5	--	276	289800	买盘
13:54:44	10.5	--	250	262500	买盘
13:54:38	10.5	--	668	701400	买盘
13:54:34	10.5	--	243	255150	买盘
13:54:29	10.5	0.01	1285	1349250	买盘
13:54:23	10.49	-0.01	259	271691	卖盘
13:54:19	10.5	--	25	26250	买盘
13:54:14	10.5	0.01	88	92400	买盘
13:54:08	10.49	--	133	139517	买盘
13:54:04	10.49	--	74	77626	买盘
13:53:59	10.49	0.01	101	105949	买盘
13:53:53	10.48	-0.01	234	245232	卖盘
13:53:49	10.49	--	664	696536	买盘
13:53:44	10.49	--	426	446874	买盘
13:53:38	10.49	0.01	18	18882	买盘
13:53:34	10.48	-0.01	321	336408	卖盘
13:53:29	10.49	-0.01	56	58744	卖盘
13:53:23	10.5	0.01	370	388500	买盘
13:53:19	10.49	0.01	135	141615	买盘
13:53:14	10.48	-0.01	117	122616	卖盘
13:53:08	10.49	--	172	180428	买盘
13:53:04	10.49	--	12	12588	买盘
13:52:59	10.49	0.01	354	371346	买盘
13:52:53	10.48	-0.02	29	30392	卖盘
13:52:49	10.5	0.02	122	128100	买盘
13:52:44	10.48	-0.02	221	231608	卖盘
13:52:38	10.5	--	58	60900	买盘
13:52:29	10.5	0.03	69	72450	买盘
13:52:23	10.47	0.01	5294	5542818	买盘
13:52:19	10.46	--	177	185142	卖盘
13:52:14	10.46	-0.01	92	96232	卖盘
13:52:08	10.47	0.01	621	650187	买盘
13:52:04	10.46	--	167	174682	卖盘
13:51:59	10.46	-0.01	2463	2576298	卖盘
13:51:53	10.47	0.01	28	29316	买盘
13:51:48	10.46	--	15	15690	卖盘
13:51:44	10.46	--	1175	1229050	买盘
13:51:38	10.46	--	350	366100	买盘
13:51:34	10.46	--	758	792868	买盘
13:51:29	10.46	--	1769	1850374	买盘
13:51:23	10.46	--	386	403756	买盘
13:51:19	10.46	--	140	146440	买盘
13:51:14	10.46	--	663	693498	买盘
13:51:08	10.46	--	1106	1156876	买盘
13:51:04	10.46	--	40	41840	买盘
13:50:59	10.46	--	198	207108	买盘
13:50:53	10.46	--	137	143302	买盘
13:50:48	10.46	--	171	178866	买盘
13:50:43	10.46	--	399	417354	卖盘
13:50:38	10.46	--	321	335766	卖盘
13:50:33	10.46	--	12	12552	卖盘
13:50:29	10.46	--	104	108784	买盘
13:50:23	10.46	--	156	163176	买盘
13:50:18	10.46	0.01	542	566932	买盘
13:50:13	10.45	-0.01	114	119129	卖盘
13:50:08	10.46	--	2341	2448686	卖盘
13:50:03	10.46	-0.01	118	123428	卖盘
13:49:58	10.47	--	137	143439	买盘
13:49:53	10.47	0.01	1004	1051188	买盘
13:49:48	10.46	-0.01	200	209200	卖盘
13:49:43	10.47	--	301	315147	买盘
13:49:38	10.47	0.01	243	254421	买盘
13:49:34	10.46	-0.01	39	40794	卖盘
13:49:28	10.47	--	855	895185	买盘
13:49:23	10.47	0.01	176	184272	买盘
13:49:19	10.46	--	130	135980	卖盘
13:49:13	10.46	-0.01	71	74266	卖盘
13:49:08	10.47	-0.01	1923	2013381	卖盘
13:49:03	10.48	-0.01	40	41920	卖盘
13:48:58	10.49	--	1469	1540981	买盘
13:48:53	10.49	--	259	271691	买盘
13:48:48	10.49	--	15	15735	买盘
13:48:43	10.49	-0.01	433	454217	卖盘
13:48:38	10.5	--	530	556500	买盘
13:48:33	10.5	0.01	6	6300	买盘
13:48:28	10.49	-0.01	49	51401	卖盘
13:48:23	10.5	--	47	49350	买盘
13:48:18	10.5	--	63	66150	买盘
13:48:13	10.5	0.01	61	64050	买盘
13:48:08	10.49	--	17	17833	卖盘
13:48:02	10.49	-0.01	17	17833	卖盘
13:47:58	10.5	0.01	50	52500	买盘
13:47:53	10.49	--	1068	1120332	买盘
13:47:47	10.49	0.01	24	25176	买盘
13:47:43	10.48	-0.01	91	95368	卖盘
13:47:38	10.49	--	1086	1139214	买盘
13:47:32	10.49	--	1102	1155998	买盘
13:47:28	10.49	--	89	93361	买盘
13:47:23	10.49	0.01	107	112243	买盘
13:47:17	10.48	--	48	50304	卖盘
13:47:13	10.48	--	758	794384	买盘
13:47:08	10.48	0.01	260	272480	买盘
13:47:02	10.47	-0.01	27	28269	卖盘
13:46:58	10.48	0.01	548	574304	买盘
13:46:53	10.47	--	225	235575	卖盘
13:46:47	10.47	--	7	7329	卖盘
13:46:43	10.47	--	46	48162	卖盘
13:46:38	10.47	--	756	791532	买盘
13:46:32	10.47	--	166	173802	买盘
13:46:28	10.47	--	1121	1173687	买盘
13:46:23	10.47	--	78	81666	买盘
13:46:17	10.47	0.01	67	70149	买盘
13:46:12	10.46	-0.01	8	8368	卖盘
13:46:08	10.47	--	314	328758	买盘
13:46:02	10.47	0.01	79	82713	买盘
13:45:58	10.46	-0.01	131	137026	卖盘
13:45:53	10.47	0.01	579	606213	买盘
13:45:47	10.46	--	233	243718	卖盘
13:45:42	10.46	--	572	598312	买盘
13:45:38	10.46	--	194	202924	买盘
13:45:32	10.46	-0.01	768	803328	卖盘
13:45:27	10.47	0.01	111	116217	买盘
13:45:23	10.46	--	131	137026	卖盘
13:45:17	10.46	--	90	94140	卖盘
13:45:12	10.46	--	1081	1130726	卖盘
13:45:08	10.46	-0.01	268	280328	卖盘
13:45:02	10.47	--	139	145533	买盘
13:44:57	10.47	0.01	1336	1398792	买盘
13:44:53	10.46	--	217	226982	卖盘
13:44:47	10.46	--	1027	1074242	卖盘
13:44:42	10.46	-0.01	314	328444	卖盘
13:44:38	10.47	--	1138	1191486	卖盘
13:44:32	10.47	0.01	315	329805	买盘
13:44:27	10.46	-0.01	421	440366	卖盘
13:44:23	10.47	--	1054	1103538	买盘
13:44:17	10.47	--	193	202071	买盘
13:44:12	10.47	0.01	310	324570	买盘
13:44:08	10.46	-0.01	611	639106	卖盘
13:44:02	10.47	--	828	866916	卖盘
13:43:57	10.47	--	11	11517	买盘
13:43:52	10.47	--	800	837600	买盘
13:43:47	10.47	--	1429	1496163	卖盘
13:43:42	10.47	-0.01	214	224058	卖盘
13:43:37	10.48	0.01	231	242088	买盘
13:43:32	10.47	-0.01	653	683691	卖盘
13:43:27	10.48	--	11	11528	买盘
13:43:22	10.48	--	91	95368	买盘
13:43:17	10.48	--	124	129952	买盘
13:43:12	10.48	--	49	51352	卖盘
13:43:07	10.48	--	131	137288	买盘
13:43:02	10.48	--	117	122616	买盘
13:42:57	10.48	--	10	10480	买盘
13:42:52	10.48	0.01	883	925384	买盘
13:42:47	10.47	-0.01	1381	1445907	卖盘
13:42:43	10.48	--	208	217984	买盘
13:42:37	10.48	--	175	183400	卖盘
13:42:32	10.48	--	70	73360	卖盘
13:42:27	10.48	--	14	14672	卖盘
13:42:22	10.48	--	323	338504	卖盘
13:42:17	10.48	--	98	102704	卖盘
13:42:12	10.48	--	577	604696	买盘
13:42:07	10.48	--	583	610984	卖盘
13:42:02	10.48	0.01	126	132048	买盘
13:41:57	10.47	-0.02	61	63867	卖盘
13:41:52	10.49	0.01	1314	1378386	买盘
13:41:47	10.48	--	438	459024	买盘
13:41:42	10.48	--	173	181304	买盘
13:41:37	10.48	--	147	154056	卖盘
13:41:32	10.48	-0.01	891	933768	卖盘
13:41:27	10.49	0.01	391	410159	买盘
13:41:22	10.48	--	755	791240	卖盘
13:41:17	10.48	--	730	765040	卖盘
13:41:11	10.48	-0.01	235	246280	卖盘
13:41:07	10.49	--	223	233927	买盘
13:41:02	10.49	--	451	473099	买盘
13:40:56	10.49	--	73	76577	买盘
13:40:52	10.49	-0.01	1310	1374190	卖盘
13:40:47	10.5	0.01	373	391650	买盘
13:40:41	10.49	--	81	84969	卖盘
13:40:37	10.49	--	1226	1286074	卖盘
13:40:32	10.49	-0.01	194	203506	卖盘
13:40:26	10.5	--	10	10500	买盘
13:40:22	10.5	--	130	136500	买盘
13:40:17	10.5	--	1057	1109850	卖盘
13:40:11	10.5	-0.01	81	85050	卖盘
13:40:07	10.51	0.01	1289	1354739	买盘
13:40:02	10.5	--	753	790650	卖盘
13:39:56	10.5	-0.01	25	26250	卖盘
13:39:52	10.51	--	1356	1425156	买盘
13:39:47	10.51	--	75	78825	买盘
13:39:41	10.51	--	13	13663	买盘
13:39:37	10.51	-0.01	141	148191	卖盘
13:39:32	10.52	0.01	794	835288	买盘
13:39:26	10.51	--	28	29428	卖盘
13:39:21	10.51	--	6	6306	卖盘
13:39:17	10.51	--	55	57805	买盘
13:39:11	10.51	--	118	124018	买盘
13:39:06	10.51	0.01	348	365748	买盘
13:39:02	10.5	-0.01	685	719250	卖盘
13:38:56	10.51	--	1161	1220211	买盘
13:38:47	10.51	-0.01	931	978481	卖盘
13:38:41	10.52	0.01	420	441840	买盘
13:38:36	10.51	--	110	115610	卖盘
13:38:32	10.51	-0.01	252	264852	卖盘
13:38:26	10.52	0.01	53	55756	买盘
13:38:21	10.51	-0.01	63	66213	卖盘
13:38:16	10.52	0.01	177	186204	买盘
13:38:11	10.51	--	460	483460	卖盘
13:38:06	10.51	-0.01	13	13663	卖盘
13:38:02	10.52	0.01	50	52600	买盘
13:37:56	10.51	--	169	177619	卖盘
13:37:51	10.51	-0.01	8	8408	卖盘
13:37:47	10.52	0.01	55	57860	买盘
13:37:41	10.51	--	318	334218	卖盘
13:37:36	10.51	--	5	5255	卖盘
13:37:32	10.51	-0.01	638	670538	卖盘
13:37:26	10.52	0.01	321	337692	买盘
13:37:21	10.51	-0.01	46	48346	卖盘
13:37:16	10.52	0.01	31	32612	买盘
13:37:11	10.51	--	85	89335	买盘
13:37:06	10.51	--	142	149242	卖盘
13:37:01	10.51	0.01	334	351034	中性盘
13:36:56	10.5	-0.01	1045	1097250	卖盘
13:36:51	10.51	--	846	889146	买盘
13:36:46	10.51	--	221	232271	买盘
13:36:41	10.51	--	2139	2248089	买盘
13:36:36	10.51	--	38	39938	买盘
13:36:31	10.51	--	316	332116	买盘
13:36:26	10.51	--	94	98794	买盘
13:36:21	10.51	--	171	179721	买盘
13:36:16	10.51	--	419	440369	买盘
13:36:11	10.51	--	432	454032	买盘
13:36:07	10.51	0.01	35	36785	买盘
13:36:01	10.5	--	2959	3106950	卖盘
13:35:56	10.5	-0.01	1138	1194900	卖盘
13:35:51	10.51	--	306	321606	买盘
13:35:46	10.51	0.01	28	29428	买盘
13:35:41	10.5	--	44	46200	卖盘
13:35:36	10.5	--	1032	1083600	买盘
13:35:31	10.5	--	2539	2665950	买盘
13:35:26	10.5	0.01	659	691950	买盘
13:35:21	10.49	-0.01	120	125880	卖盘
13:35:16	10.5	--	906	951300	买盘
13:35:11	10.5	--	1557	1634850	买盘
13:35:06	10.5	--	13	13650	买盘
13:35:01	10.5	--	285	299250	买盘
13:34:56	10.5	--	94	98700	买盘
13:34:51	10.5	--	39	40950	买盘
13:34:46	10.5	0.01	381	400050	买盘
13:34:41	10.49	-0.02	2707	2839643	卖盘
13:34:36	10.51	--	486	510786	买盘
13:34:31	10.51	0.01	801	841851	卖盘
13:34:26	10.5	--	1557	1634850	卖盘
13:34:20	10.5	--	429	450450	卖盘
13:34:16	10.5	-0.01	1223	1284150	卖盘
13:34:11	10.51	--	1103	1159253	买盘
13:34:05	10.51	--	800	840800	买盘
13:34:01	10.51	0.01	1397	1468247	买盘
13:33:56	10.5	-0.01	151	158550	卖盘
13:33:50	10.51	0.01	228	239628	买盘
13:33:46	10.5	0.01	696	730800	中性盘
13:33:41	10.49	-0.02	1495	1568255	卖盘
13:33:35	10.51	0.01	508	533908	买盘
13:33:31	10.5	-0.01	1570	1648500	卖盘
13:33:26	10.51	-0.02	1080	1135080	卖盘
13:33:20	10.53	0.01	487	512810	中性盘
13:33:16	10.52	--	973	1023596	卖盘
13:33:11	10.52	-0.01	864	908928	卖盘
13:33:05	10.53	-0.02	480	505439	卖盘
13:33:01	10.55	--	1075	1134125	买盘
13:32:56	10.55	0.01	1148	1211140	买盘
13:32:50	10.54	--	533	561782	卖盘
13:32:46	10.54	--	763	804201	卖盘
13:32:41	10.54	0.01	873	920141	中性盘
13:32:35	10.53	-0.02	878	924534	卖盘
13:32:31	10.55	0.01	161	169855	买盘
13:32:26	10.54	--	312	328848	卖盘
13:32:20	10.54	-0.01	42	44268	卖盘
13:32:15	10.55	0.01	70	73850	买盘
13:32:11	10.54	0.01	30	31619	卖盘
13:32:05	10.53	--	0	0	卖盘
13:32:00	10.53	-0.01	1003	1056159	卖盘
13:31:56	10.54	0.01	231	243473	买盘
13:31:50	10.53	--	117	123200	卖盘
13:31:45	10.53	-0.01	75	78975	卖盘
13:31:41	10.54	0.01	39	41106	中性盘
13:31:35	10.53	--	1041	1096173	卖盘
13:31:31	10.53	--	1	1053	卖盘
13:31:26	10.53	--	90	94770	卖盘
13:31:20	10.53	--	62	65285	卖盘
13:31:15	10.53	--	9	9477	卖盘
13:31:11	10.53	0.01	48	50544	买盘
13:31:05	10.52	-0.01	196	206192	卖盘
13:31:00	10.53	--	132	138996	买盘
13:30:56	10.53	--	183	192699	买盘
13:30:50	10.53	0.01	19	20007	买盘
13:30:45	10.52	--	43	45236	卖盘
13:30:41	10.52	-0.01	38	39976	卖盘
13:30:35	10.53	--	107	112671	买盘
13:30:30	10.53	--	17	17901	买盘
13:30:26	10.53	--	342	360126	买盘
13:30:20	10.53	--	334	351702	买盘
13:30:15	10.53	--	258	271674	卖盘
13:30:10	10.53	-0.01	13	13689	卖盘
13:30:05	10.54	-0.01	206	217123	中性盘
13:30:00	10.55	0.01	861	908355	买盘
13:29:55	10.54	-0.01	36	37944	中性盘
13:29:50	10.55	--	24	25320	买盘
13:29:45	10.55	0.01	15	15825	买盘
13:29:40	10.54	--	261	275094	卖盘
13:29:35	10.54	--	1128	1188912	卖盘
13:29:30	10.54	--	28	29511	卖盘
13:29:25	10.54	--	97	102237	卖盘
13:29:20	10.54	-0.01	43	45321	卖盘
13:29:15	10.55	-0.01	687	725344	卖盘
13:29:10	10.56	0.01	224	236544	买盘
13:29:05	10.55	--	33	34815	卖盘
13:29:00	10.55	--	7	7385	卖盘
13:28:55	10.55	--	320	337600	卖盘
13:28:50	10.55	--	32	33760	卖盘
13:28:45	10.55	0.01	280	295895	买盘
13:28:40	10.54	--	244	257175	卖盘
13:28:35	10.54	-0.01	301	317254	卖盘
13:28:30	10.55	--	1007	1062385	买盘
13:28:25	10.55	0.01	200	211000	买盘
13:28:20	10.54	-0.01	1007	1061378	卖盘
13:28:15	10.55	--	200	211000	买盘
13:28:10	10.55	0.01	33	34815	买盘
13:28:05	10.54	--	47	49537	卖盘
13:28:00	10.54	-0.01	2112	2226048	卖盘
13:27:55	10.55	--	188	198340	买盘
13:27:50	10.55	--	596	628780	买盘
13:27:45	10.55	-0.01	1014	1070329	卖盘
13:27:40	10.56	0.01	28	29568	买盘
13:27:35	10.55	-0.01	1344	1417920	卖盘
13:27:29	10.56	--	11	11616	买盘
13:27:25	10.56	--	57	60192	买盘
13:27:20	10.56	--	685	723360	买盘
13:27:14	10.56	0.01	296	312576	买盘
13:27:10	10.55	--	160	168800	卖盘
13:27:05	10.55	-0.01	41	43255	卖盘
13:26:59	10.56	--	15	15840	买盘
13:26:55	10.56	--	114	120384	买盘
13:26:50	10.56	--	182	192192	买盘
13:26:44	10.56	--	65	68640	买盘
13:26:40	10.56	0.01	195	205920	买盘
13:26:35	10.55	-0.01	649	684695	卖盘
13:26:29	10.56	--	864	912384	买盘
13:26:25	10.56	0.01	284	299904	买盘
13:26:20	10.55	--	630	664650	卖盘
13:26:14	10.55	--	97	102335	卖盘
13:26:10	10.55	--	23	24265	卖盘
13:26:05	10.55	--	414	436770	卖盘
13:25:59	10.55	--	40	42200	卖盘
13:25:55	10.55	--	38	40090	卖盘
13:25:50	10.55	-0.01	94	99170	卖盘
13:25:44	10.56	--	53	55968	买盘
13:25:39	10.56	0.01	111	117216	买盘
13:25:35	10.55	--	816	861375	买盘
13:25:29	10.55	-0.01	1174	1239129	卖盘
13:25:24	10.56	--	34	35904	买盘
13:25:20	10.56	0.01	81	85536	买盘
13:25:14	10.55	--	140	147700	卖盘
13:25:09	10.55	-0.01	2	2110	卖盘
13:25:04	10.56	0.01	6	6336	买盘
13:24:59	10.55	--	72	75960	卖盘
13:24:54	10.55	--	2	2110	卖盘
13:24:50	10.55	0.02	1067	1126180	买盘
13:24:44	10.53	-0.01	92	96876	卖盘
13:24:39	10.54	-0.01	7	7377	卖盘
13:24:35	10.55	0.02	2142	2259810	买盘
13:24:29	10.53	-0.01	262	275886	卖盘
13:24:19	10.54	-0.01	48	50591	买盘
13:24:14	10.55	--	618	651990	买盘
13:24:09	10.55	0.01	23	24265	买盘
13:24:04	10.54	--	124	130695	卖盘
13:23:59	10.54	--	199	209745	卖盘
13:23:54	10.54	-0.01	32	33728	卖盘
13:23:49	10.55	0.01	127	133985	买盘
13:23:44	10.54	--	183	192881	卖盘
13:23:39	10.54	--	21	22134	卖盘
13:23:35	10.54	--	438	461651	买盘
13:23:29	10.54	0.01	110	115939	买盘
13:23:24	10.53	--	58	61073	卖盘
13:23:19	10.53	--	39	41067	卖盘
13:23:14	10.53	--	32	33696	卖盘
13:23:09	10.53	--	1	1053	卖盘
13:23:04	10.53	0.01	47	49491	卖盘
13:22:59	10.52	-0.03	475	499700	卖盘
13:22:54	10.55	0.03	1006	1061330	买盘
13:22:49	10.52	-0.01	33	34716	卖盘
13:22:44	10.53	-0.01	477	502280	卖盘
13:22:34	10.54	-0.01	464	489614	卖盘
13:22:29	10.55	--	742	782810	卖盘
13:22:24	10.55	--	372	392460	卖盘
13:22:19	10.55	--	66	69630	卖盘
13:22:14	10.55	--	1556	1642075	买盘
13:22:09	10.55	--	45	47475	买盘
13:22:04	10.55	--	2770	2922909	卖盘
13:21:59	10.55	-0.01	1446	1525530	卖盘
13:21:54	10.56	0.01	85	89760	买盘
13:21:49	10.55	--	621	655155	卖盘
13:21:44	10.55	-0.01	189	199395	卖盘
13:21:39	10.56	--	1670	1763520	卖盘
13:21:34	10.56	-0.01	1572	1660032	卖盘
13:21:29	10.57	--	480	507360	买盘
13:21:24	10.57	0.01	54	57078	买盘
13:21:19	10.56	-0.01	130	137280	卖盘
13:21:14	10.57	--	210	221970	买盘
13:21:09	10.57	--	366	386862	买盘
13:21:04	10.57	--	272	287504	买盘
13:20:59	10.57	0.01	153	161721	买盘
13:20:53	10.56	-0.01	170	179520	卖盘
13:20:49	10.57	--	299	316043	买盘
13:20:44	10.57	0.01	919	971383	买盘
13:20:38	10.56	-0.01	85	89760	卖盘
13:20:34	10.57	0.01	199	210343	买盘
13:20:29	10.56	--	3116	3290496	卖盘
13:20:23	10.56	--	1067	1126752	卖盘
13:20:19	10.56	--	109	115104	卖盘
13:20:14	10.56	--	93	98208	卖盘
13:20:08	10.56	--	1651	1743456	买盘
13:20:04	10.56	--	100	105600	买盘
13:19:59	10.56	--	310	327360	买盘
13:19:53	10.56	--	177	186912	买盘
13:19:49	10.56	--	314	331584	买盘
13:19:44	10.56	--	118	124608	买盘
13:19:38	10.56	--	53	55968	买盘
13:19:34	10.56	--	247	260832	买盘
13:19:29	10.56	--	211	222816	买盘
13:19:23	10.56	--	315	332640	买盘
13:19:19	10.56	0.01	358	378048	买盘
13:19:14	10.55	-0.01	178	187790	卖盘
13:19:08	10.56	--	35	36960	买盘
13:19:04	10.56	--	416	439296	买盘
13:18:59	10.56	0.01	511	539616	买盘
13:18:53	10.55	--	1633	1722815	卖盘
13:18:48	10.55	--	715	754325	卖盘
13:18:44	10.55	--	181	190955	卖盘
13:18:38	10.55	--	237	250035	卖盘
13:18:33	10.55	--	67	70685	卖盘
13:18:29	10.55	-0.01	12	12660	卖盘
13:18:23	10.56	0.04	480	507376	买盘
13:18:18	10.52	0.01	50	52600	买盘
13:18:14	10.51	-0.01	9206	9676063	卖盘
13:18:08	10.52	--	558	587510	买盘
13:18:03	10.52	--	42	44184	买盘
13:17:58	10.52	--	65	68380	买盘
13:17:53	10.52	--	180	189360	买盘
13:17:48	10.52	--	50	52600	买盘
13:17:44	10.52	--	177	186204	买盘
13:17:38	10.52	0.01	108	113616	买盘
13:17:33	10.51	-0.01	69	72519	卖盘
13:17:29	10.52	--	2173	2285996	买盘
13:17:23	10.52	0.01	141	148332	买盘
13:17:18	10.51	-0.01	12	12612	卖盘
13:17:14	10.52	--	150	158357	卖盘
13:17:08	10.52	--	268	281936	卖盘
13:17:03	10.52	--	4	4208	卖盘
13:16:58	10.52	--	135	142020	卖盘
13:16:53	10.52	--	1339	1409122	买盘
13:16:48	10.52	0.01	95	99940	买盘
13:16:43	10.51	-0.01	131	137681	卖盘
13:16:38	10.52	0.01	222	233544	买盘
13:16:33	10.51	--	685	719935	卖盘
13:16:28	10.51	--	1092	1147692	卖盘
13:16:23	10.51	--	146	153446	卖盘
13:16:18	10.51	--	53	55703	卖盘
13:16:13	10.51	--	108	114348	买盘
13:16:08	10.51	--	298	313408	卖盘
13:16:03	10.51	--	655	688405	卖盘
13:15:58	10.51	--	619	650569	卖盘
13:15:53	10.51	--	104	109304	卖盘
13:15:48	10.51	--	98	102998	卖盘
13:15:43	10.51	--	787	827378	卖盘
13:15:38	10.51	-0.01	209	219659	卖盘
13:15:33	10.52	--	102	107304	买盘
13:15:28	10.52	--	191	200932	买盘
13:15:23	10.52	0.01	57	59964	买盘
13:15:18	10.51	-0.01	1183	1243333	卖盘
13:15:13	10.52	--	163	171476	买盘
13:15:08	10.52	--	43	45236	买盘
13:15:03	10.52	--	19	19988	买盘
13:14:58	10.52	--	90	94680	买盘
13:14:53	10.52	--	3472	3653101	卖盘
13:14:48	10.52	-0.01	3397	3573644	卖盘
13:14:43	10.53	--	61	64232	买盘
13:14:38	10.53	--	111	116883	买盘
13:14:33	10.53	0.01	84	88452	买盘
13:14:28	10.52	-0.01	133	139916	卖盘
13:14:23	10.53	0.01	64	67918	买盘
13:14:17	10.52	--	74	77848	卖盘
13:14:13	10.52	--	568	598556	买盘
13:14:08	10.52	--	167	175684	买盘
13:14:02	10.52	--	60	63120	买盘
13:13:58	10.52	--	1932	2032506	卖盘
13:13:53	10.52	--	78	82056	卖盘
13:13:47	10.52	-0.01	63	66276	卖盘
13:13:43	10.53	--	159	167427	买盘
13:13:38	10.53	--	309	325377	买盘
13:13:32	10.53	--	20	21060	买盘
13:13:28	10.53	--	324	341172	买盘
13:13:23	10.53	--	283	297999	买盘
13:13:17	10.53	--	94	98982	买盘
13:13:13	10.53	--	311	327483	卖盘
13:13:08	10.53	-0.01	501	527553	中性盘
13:13:02	10.54	0.01	377	397357	买盘
13:12:58	10.53	--	1613	1698489	买盘
13:12:53	10.53	--	1061	1117233	买盘
13:12:47	10.53	--	2331	2454543	卖盘
13:12:42	10.53	--	382	402246	卖盘
13:12:38	10.53	-0.01	318	334854	卖盘
13:12:32	10.54	--	46	48483	买盘
13:12:28	10.54	--	293	308822	买盘
13:12:23	10.54	--	44	46375	买盘
13:12:17	10.54	0.01	43	45321	买盘
13:12:12	10.53	--	229	241136	买盘
13:12:08	10.53	--	378	398034	买盘
13:12:02	10.53	--	704	741312	买盘
13:11:57	10.53	--	254	267462	买盘
13:11:53	10.53	--	46	48438	买盘
13:11:47	10.53	0.01	219	230607	买盘
13:11:38	10.52	--	254	267208	卖盘
13:11:32	10.52	--	40	42080	卖盘
13:11:27	10.52	--	2401	2526861	买盘
13:11:23	10.52	--	121	127292	买盘
13:11:17	10.52	--	219	230388	买盘
13:11:12	10.52	--	10	10520	买盘
13:11:08	10.52	--	110	115720	买盘
13:11:02	10.52	--	106	111512	买盘
13:10:57	10.52	0.01	33	34716	买盘
13:10:53	10.51	-0.01	359	377908	卖盘
13:10:47	10.52	--	251	264052	买盘
13:10:42	10.52	0.01	60	63120	买盘
13:10:32	10.51	--	30	31530	卖盘
13:10:27	10.51	0.01	2373	2494023	买盘
13:10:23	10.5	--	226	237300	买盘
13:10:17	10.5	--	1008	1058400	卖盘
13:10:12	10.5	--	4	4200	卖盘
13:10:08	10.5	-0.01	169	177450	卖盘
13:10:02	10.51	--	231	242781	买盘
13:09:57	10.51	0.01	112	117712	买盘
13:09:53	10.5	--	857	899850	买盘
13:09:47	10.5	--	288	302400	买盘
13:09:42	10.5	--	99	103950	买盘
13:09:37	10.5	--	1570	1648500	卖盘
13:09:32	10.5	-0.01	366	384300	卖盘
13:09:27	10.51	--	21	22071	买盘
13:09:22	10.51	--	934	981634	卖盘
13:09:17	10.51	--	42	44142	卖盘
13:09:07	10.51	0.01	1179	1239129	买盘
13:09:02	10.5	--	128	134400	买盘
13:08:57	10.5	--	119	124950	买盘
13:08:52	10.5	--	232	243600	买盘
13:08:47	10.5	--	991	1040550	卖盘
13:08:42	10.5	-0.01	9	9450	卖盘
13:08:37	10.51	0.01	142	149242	买盘
13:08:32	10.5	-0.01	388	407400	卖盘
13:08:27	10.51	0.01	120	126120	买盘
13:08:22	10.5	-0.01	603	633150	卖盘
13:08:17	10.51	--	1290	1355790	买盘
13:08:12	10.51	--	13	13663	买盘
13:08:07	10.51	-0.01	772	811372	卖盘
13:08:02	10.52	0.01	171	179892	买盘
13:07:57	10.51	--	227	238577	买盘
13:07:52	10.51	--	647	679997	卖盘
13:07:47	10.51	-0.01	263	276413	卖盘
13:07:41	10.52	--	144	151488	买盘
13:07:37	10.52	0.01	8	8416	买盘
13:07:32	10.51	--	270	283770	买盘
13:07:27	10.51	--	1	1051	买盘
13:07:22	10.51	--	908	954308	买盘
13:07:17	10.51	--	193	202843	买盘
13:07:11	10.51	--	46	48346	买盘
13:07:07	10.51	--	215	225965	买盘
13:07:02	10.51	--	320	336320	买盘
13:06:56	10.51	--	24	25224	买盘
13:06:52	10.51	0.01	220	231220	买盘
13:06:47	10.5	--	29	30450	卖盘
13:06:41	10.5	-0.01	56	58800	卖盘
13:06:37	10.51	0.01	639	671589	买盘
13:06:32	10.5	--	146	153300	买盘
13:06:26	10.5	--	792	831600	买盘
13:06:22	10.5	0.01	259	271950	买盘
13:06:17	10.49	-0.01	420	440580	卖盘
13:06:11	10.5	0.01	210	220500	买盘
13:06:07	10.49	--	141	148506	卖盘
13:06:02	10.49	-0.01	62	65038	卖盘
13:05:56	10.5	--	42	44100	买盘
13:05:51	10.5	--	198	207900	买盘
13:05:47	10.5	0.01	728	764400	买盘
13:05:41	10.49	-0.01	48	50352	卖盘
13:05:36	10.5	--	126	132300	买盘
13:05:32	10.5	--	97	101850	买盘
13:05:26	10.5	--	1004	1054200	卖盘
13:05:21	10.5	-0.01	212	222600	卖盘
13:05:17	10.51	0.01	354	372054	买盘
13:05:11	10.5	--	283	297150	卖盘
13:05:06	10.5	--	201	211050	卖盘
13:05:02	10.5	--	56	58800	卖盘
13:04:56	10.5	-0.01	269	282450	卖盘
13:04:51	10.51	--	625	656875	卖盘
13:04:47	10.51	--	55	57805	卖盘
13:04:41	10.51	--	55	57805	卖盘
13:04:36	10.51	--	10	10510	卖盘
13:04:31	10.51	--	154	161854	卖盘
13:04:26	10.51	-0.01	18	18918	卖盘
13:04:21	10.52	0.01	36	37872	买盘
13:04:16	10.51	-0.01	966	1015266	卖盘
13:04:11	10.52	--	88	92576	买盘
13:04:06	10.52	--	18	18936	买盘
13:04:01	10.52	--	35	36820	买盘
13:03:56	10.52	--	180	189360	买盘
13:03:51	10.52	--	15	15780	买盘
13:03:46	10.52	0.01	67	70484	买盘
13:03:41	10.51	-0.02	942	990084	卖盘
13:03:36	10.53	0.01	145	153695	买盘
13:03:31	10.52	-0.01	213	224118	卖盘
13:03:26	10.53	--	625	658125	卖盘
13:03:21	10.53	--	2023	2130219	买盘
13:03:17	10.53	--	577	607581	买盘
13:03:11	10.53	0.01	575	605475	买盘
13:03:06	10.52	-0.01	135	142020	卖盘
13:03:01	10.53	--	910	958230	卖盘
13:02:56	10.53	--	145	152685	卖盘
13:02:51	10.53	--	115	121094	卖盘
13:02:46	10.53	--	408	429624	卖盘
13:02:41	10.53	-0.01	202	212706	卖盘
13:02:36	10.54	0.01	20	21080	买盘
13:02:31	10.53	-0.01	99	104247	卖盘
13:02:26	10.54	-0.01	1507	1588377	卖盘
13:02:21	10.55	0.01	29	30595	买盘
13:02:16	10.54	-0.01	67	70618	卖盘
13:02:11	10.55	--	217	228935	买盘
13:02:06	10.55	--	25	26375	买盘
13:02:01	10.55	--	794	837670	卖盘
13:01:56	10.55	-0.01	655	691025	卖盘
13:01:51	10.56	0.01	460	485760	买盘
13:01:46	10.55	-0.01	358	377690	卖盘
13:01:41	10.56	--	140	147840	买盘
13:01:36	10.56	--	106	111936	买盘
13:01:31	10.56	--	470	496320	买盘
13:01:26	10.56	--	209	220704	买盘
13:01:21	10.56	--	136	143616	买盘
13:01:16	10.56	--	344	363264	买盘
13:01:11	10.56	--	559	590304	买盘
13:01:05	10.56	0.01	204	215424	买盘
13:01:01	10.55	--	364	384020	卖盘
13:00:56	10.55	-0.01	160	168800	卖盘
13:00:50	10.56	0.01	53	55968	买盘
13:00:46	10.55	--	144	151920	卖盘
13:00:41	10.55	--	514	542270	买盘
13:00:35	10.55	--	11	11605	买盘
13:00:31	10.55	--	177	186735	买盘
13:00:26	10.55	--	656	692080	卖盘
13:00:20	10.55	-0.01	40	42200	中性盘
13:00:16	10.56	--	533	562848	买盘
13:00:11	10.56	--	729	769824	买盘
13:00:05	10.56	0.02	5474	5780544	买盘
13:00:01	10.54	0.02	1044	1100376	买盘
11:30:00	10.52	--	0	0	卖盘
11:30:00	10.52	--	0	0	卖盘
11:30:00	10.52	-0.01	725	762700	卖盘
11:29:57	10.53	--	73	76869	卖盘
11:29:52	10.53	--	35	36855	买盘
11:29:46	10.53	0.01	530	558090	买盘
11:29:42	10.52	--	34	35768	卖盘
11:29:37	10.52	-0.01	1226	1289752	卖盘
11:29:31	10.53	0.01	30	31589	买盘
11:29:27	10.52	--	10	10520	卖盘
11:29:22	10.52	--	189	199837	买盘
11:29:16	10.52	--	637	670124	买盘
11:29:12	10.52	--	91	95732	买盘
11:29:07	10.52	--	563	592276	买盘
11:29:01	10.52	0.01	158	166216	买盘
11:28:57	10.51	-0.01	21	22071	卖盘
11:28:52	10.52	--	234	246168	买盘
11:28:46	10.52	0.01	898	944696	买盘
11:28:42	10.51	--	53	55703	卖盘
11:28:37	10.51	--	117	122967	卖盘
11:28:31	10.51	--	112	117712	卖盘
11:28:27	10.51	--	182	191282	买盘
11:28:22	10.51	--	1247	1310597	买盘
11:28:16	10.51	0.01	92	96692	买盘
11:28:12	10.5	--	319	334950	卖盘
11:28:07	10.5	--	80	84000	卖盘
11:28:01	10.5	0.01	366	384300	卖盘
11:27:57	10.49	-0.01	335	351415	卖盘
11:27:52	10.5	--	213	223650	买盘
11:27:46	10.5	--	81	85050	卖盘
11:27:42	10.5	-0.01	2	2100	卖盘
11:27:37	10.51	0.02	618	649518	买盘
11:27:31	10.49	-0.01	111	116439	卖盘
11:27:27	10.5	--	78	81900	买盘
11:27:22	10.5	-0.01	185	194250	卖盘
11:27:16	10.51	0.01	1817	1909667	买盘
11:27:10	10.5	-0.01	729	765450	卖盘
11:27:07	10.51	--	1557	1636407	买盘
11:27:01	10.51	--	36	37836	买盘
11:26:55	10.51	--	42	44142	卖盘
11:26:51	10.51	0.01	192	201792	买盘
11:26:46	10.5	--	112	117600	买盘
11:26:40	10.5	--	295	309750	买盘
11:26:37	10.5	-0.01	2101	2206050	卖盘
11:26:31	10.51	-0.01	214	224914	卖盘
11:26:25	10.52	0.01	91	95732	买盘
11:26:21	10.51	-0.01	100	105100	卖盘
11:26:16	10.52	0.02	51	53652	买盘
11:26:10	10.5	--	510	535500	卖盘
11:26:07	10.5	--	304	319200	买盘
11:26:01	10.5	0.01	158	165900	买盘
11:25:55	10.49	-0.01	3	3147	卖盘
11:25:52	10.5	--	427	448350	买盘
11:25:46	10.5	0.01	460	483000	买盘
11:25:40	10.49	--	63	66087	卖盘
11:25:36	10.49	0.01	75	78675	中性盘
11:25:31	10.48	-0.02	75	78600	卖盘
11:25:25	10.5	--	96	100800	买盘
11:25:21	10.5	--	1155	1212750	买盘
11:25:16	10.5	--	36	37800	买盘
11:25:10	10.5	0.01	65	68250	买盘
11:25:06	10.49	--	27	28323	买盘
11:25:01	10.49	0.01	71	74479	买盘
11:24:55	10.48	0.01	170	178160	买盘
11:24:51	10.47	0.01	973	1018731	买盘
11:24:46	10.46	--	96	100416	卖盘
11:24:40	10.46	--	41	42886	卖盘
11:24:36	10.46	--	50	52300	卖盘
11:24:31	10.46	0.01	3428	3585688	买盘
11:24:25	10.45	-0.01	2422	2530990	卖盘
11:24:21	10.46	--	152	158992	买盘
11:24:16	10.46	--	456	476976	买盘
11:24:10	10.46	0.01	1949	2038654	买盘
11:24:06	10.45	--	104	108679	卖盘
11:24:01	10.45	0.01	343	358435	买盘
11:23:55	10.44	--	601	627444	卖盘
11:23:51	10.44	--	118	123192	卖盘
11:23:46	10.44	-0.01	526	549144	卖盘
11:23:40	10.45	0.01	742	775390	卖盘
11:23:36	10.44	-0.01	523	546012	卖盘
11:23:31	10.45	0.01	501	523544	买盘
11:23:25	10.44	-0.01	115	120060	卖盘
11:23:21	10.45	0.02	533	556985	买盘
11:23:16	10.43	-0.01	664	692552	卖盘
11:23:10	10.44	--	1245	1299780	买盘
11:23:06	10.44	0.01	378	394632	中性盘
11:23:01	10.43	-0.02	463	482909	卖盘
11:22:55	10.45	0.03	724	756580	买盘
11:22:51	10.42	-0.01	259	269878	卖盘
11:22:46	10.43	-0.01	1475	1538425	卖盘
11:22:40	10.44	0.02	2651	2767644	买盘
11:22:36	10.42	--	250	260500	卖盘
11:22:31	10.42	-0.01	387	403254	卖盘
11:22:25	10.43	--	880	917840	卖盘
11:22:21	10.43	--	268	279524	卖盘
11:22:16	10.43	--	173	180439	卖盘
11:22:10	10.43	--	1407	1467501	卖盘
11:22:06	10.43	--	106	110558	卖盘
11:22:01	10.43	-0.01	216	225288	卖盘
11:21:55	10.44	0.01	231	241164	买盘
11:21:51	10.43	-0.01	287	299341	卖盘
11:21:46	10.44	--	220	229680	买盘
11:21:40	10.44	-0.01	233	243252	卖盘
11:21:36	10.45	--	31	32394	买盘
11:21:31	10.45	--	355	370975	买盘
11:21:25	10.45	--	189	197505	卖盘
11:21:21	10.45	--	370	386650	卖盘
11:21:16	10.45	-0.01	491	513094	卖盘
11:21:10	10.46	0.01	77	80542	买盘
11:21:06	10.45	--	723	755535	买盘
11:21:01	10.45	--	89	93005	买盘
11:20:55	10.45	--	542	566390	卖盘
11:20:49	10.45	-0.01	22	22990	卖盘
11:20:45	10.46	--	113	118198	买盘
11:20:40	10.46	0.01	202	211292	买盘
11:20:34	10.45	--	83	86735	卖盘
11:20:30	10.45	-0.01	87	90915	卖盘
11:20:25	10.46	--	390	407940	买盘
11:20:19	10.46	0.01	99	103554	买盘
11:20:15	10.45	-0.01	105	109724	卖盘
11:20:10	10.46	0.01	268	280328	买盘
11:20:04	10.45	-0.01	21	21945	卖盘
11:20:00	10.46	--	275	287650	买盘
11:19:55	10.46	-0.01	76	79496	中性盘
11:19:49	10.47	0.02	273	285831	买盘
11:19:45	10.45	--	85	88825	卖盘
11:19:40	10.45	-0.01	155	161975	卖盘
11:19:34	10.46	--	40	41840	卖盘
11:19:30	10.46	--	138	144348	卖盘
11:19:25	10.46	--	100	104600	买盘
11:19:19	10.46	0.01	43	44978	买盘
11:19:15	10.45	--	152	158840	卖盘
11:19:10	10.45	-0.01	453	473384	卖盘
11:19:04	10.46	--	33	34518	买盘
11:19:00	10.46	--	65	67990	卖盘
11:18:55	10.46	0.01	28	29288	买盘
11:18:49	10.45	--	37	38665	卖盘
11:18:45	10.45	-0.01	85	88825	卖盘
11:18:40	10.46	0.02	766	801236	买盘
11:18:34	10.44	-0.01	137	143028	卖盘
11:18:30	10.45	--	128	133760	买盘
11:18:25	10.45	0.01	80	83600	中性盘
11:18:19	10.44	-0.01	309	322596	卖盘
11:18:15	10.45	-0.01	327	341715	卖盘
11:18:10	10.46	0.01	767	802282	买盘
11:18:04	10.45	--	138	144210	买盘
11:18:00	10.45	--	245	256024	卖盘
11:17:55	10.45	--	188	196460	买盘
11:17:49	10.45	--	150	156750	卖盘
11:17:45	10.45	--	100	104500	买盘
11:17:40	10.45	--	60	62699	买盘
11:17:34	10.45	--	218	227809	卖盘
11:17:30	10.45	-0.01	75	78375	卖盘
11:17:25	10.46	0.02	551	576346	买盘
11:17:19	10.44	-0.01	204	212976	卖盘
11:17:15	10.45	--	79	82555	买盘
11:17:10	10.45	--	684	714780	卖盘
11:17:04	10.45	--	156	163020	卖盘
11:17:00	10.45	--	60	62699	卖盘
11:16:55	10.45	--	174	181830	买盘
11:16:49	10.45	--	174	181830	卖盘
11:16:45	10.45	--	119	124354	卖盘
11:16:40	10.45	--	187	195415	买盘
11:16:34	10.45	--	236	246619	买盘
11:16:30	10.45	--	3	3135	买盘
11:16:25	10.45	--	55	57474	卖盘
11:16:19	10.45	0.01	85	88825	买盘
11:16:15	10.44	--	320	334080	卖盘
11:16:10	10.44	0.01	80	83520	买盘
11:16:04	10.43	--	166	173138	卖盘
11:16:00	10.43	-0.01	62	64666	卖盘
11:15:55	10.44	-0.02	340	354960	卖盘
11:15:49	10.46	--	2086	2181956	买盘
11:15:45	10.46	--	43	44978	买盘
11:15:40	10.46	--	453	473838	买盘
11:15:34	10.46	--	395	413170	买盘
11:15:30	10.46	0.01	34	35564	买盘
11:15:25	10.45	-0.01	98	102410	卖盘
11:15:19	10.46	--	214	223844	卖盘
11:15:15	10.46	--	250	261500	买盘
11:15:10	10.46	0.01	845	883870	买盘
11:15:04	10.45	-0.01	118	123309	卖盘
11:15:00	10.46	0.01	35	36610	中性盘
11:14:55	10.45	-0.01	374	390830	卖盘
11:14:49	10.46	0.01	37	38702	中性盘
11:14:45	10.45	-0.01	230	240349	卖盘
11:14:40	10.46	-0.01	42	43932	买盘
11:14:34	10.47	0.01	170	177990	买盘
11:14:30	10.46	0.01	121	126566	卖盘
11:14:25	10.45	-0.02	1070	1118150	卖盘
11:14:19	10.47	--	119	124593	买盘
11:14:15	10.47	--	15	15705	买盘
11:14:09	10.47	0.02	116	121452	买盘
11:14:04	10.45	--	274	286330	卖盘
11:13:58	10.45	-0.02	103	107634	卖盘
11:13:55	10.47	0.01	126	131922	买盘
11:13:49	10.46	-0.01	223	233258	中性盘
11:13:43	10.47	--	146	152862	买盘
11:13:39	10.47	0.01	140	146580	买盘
11:13:34	10.46	-0.01	31	32426	中性盘
11:13:28	10.47	0.02	1262	1321314	买盘
11:13:24	10.45	--	93	97185	卖盘
11:13:19	10.45	-0.02	49	51205	中性盘
11:13:13	10.47	0.02	251	262797	买盘
11:13:09	10.45	0.01	76	79420	买盘
11:13:04	10.44	--	132	137808	卖盘
11:12:58	10.44	0.02	5070	5293163	买盘
11:12:54	10.42	--	840	875280	卖盘
11:12:49	10.42	--	471	490782	卖盘
11:12:43	10.42	--	234	243828	卖盘
11:12:39	10.42	0.01	1515	1578630	买盘
11:12:34	10.41	-0.01	804	836964	中性盘
11:12:28	10.42	--	1540	1604680	买盘
11:12:24	10.42	0.01	489	509538	买盘
11:12:19	10.41	-0.01	1918	1996638	卖盘
11:12:13	10.42	0.01	5240	5460080	买盘
11:12:09	10.41	--	2439	2538999	买盘
11:12:04	10.41	0.01	989	1029549	买盘
11:11:58	10.4	-0.02	5399	5614960	卖盘
11:11:54	10.42	0.01	873	909666	买盘
11:11:49	10.41	-0.02	3987	4150467	卖盘
11:11:43	10.43	-0.01	590	615370	卖盘
11:11:39	10.44	--	1988	2076505	买盘
11:11:34	10.44	-0.01	9408	9821952	卖盘
11:11:28	10.45	--	3877	4051464	买盘
11:11:24	10.45	--	725	757625	买盘
11:11:19	10.45	0.01	1127	1177715	买盘
11:11:13	10.44	-0.02	1033	1078452	卖盘
11:11:09	10.46	0.01	1215	1270890	买盘
11:11:04	10.45	--	3063	3200835	卖盘
11:10:58	10.45	-0.01	104	108679	卖盘
11:10:54	10.46	0.01	333	348318	买盘
11:10:49	10.45	-0.02	4373	4569785	卖盘
11:10:43	10.47	--	399	417753	买盘
11:10:39	10.47	0.01	157	164379	买盘
11:10:34	10.46	-0.01	613	641208	卖盘
11:10:28	10.47	--	1305	1366335	卖盘
11:10:24	10.47	--	86	90042	卖盘
11:10:19	10.47	--	270	282690	卖盘
11:10:13	10.47	-0.01	212	221964	卖盘
11:10:09	10.48	0.01	662	693776	买盘
11:10:04	10.47	-0.02	332	347604	卖盘
11:09:58	10.49	--	229	240221	买盘
11:09:54	10.49	--	10	10490	买盘
11:09:49	10.49	0.01	95	99655	卖盘
11:09:43	10.48	-0.01	256	268288	卖盘
11:09:39	10.49	--	105	110145	买盘
11:09:34	10.49	--	145	152105	卖盘
11:09:28	10.49	--	274	287426	买盘
11:09:24	10.49	0.01	51	53499	买盘
11:09:19	10.48	--	342	358416	卖盘
11:09:13	10.48	--	86	90128	卖盘
11:09:09	10.48	--	21	22008	卖盘
11:09:04	10.48	-0.01	565	592120	卖盘
11:08:58	10.49	0.01	714	750024	买盘
11:08:54	10.48	--	298	312304	买盘
11:08:49	10.48	--	55	57640	买盘
11:08:43	10.48	--	155	162440	买盘
11:08:39	10.48	-0.01	495	518770	卖盘
11:08:34	10.49	0.01	865	907385	买盘
11:08:28	10.48	--	160	167680	卖盘
11:08:24	10.48	--	121	126808	卖盘
11:08:19	10.48	--	646	677008	卖盘
11:08:13	10.48	--	205	214840	卖盘
11:08:08	10.48	--	184	192832	卖盘
11:08:04	10.48	--	797	835256	卖盘
11:07:58	10.48	--	361	378328	卖盘
11:07:54	10.48	-0.01	115	120520	卖盘
11:07:49	10.49	--	32	33568	买盘
11:07:43	10.49	0.01	63	66087	买盘
11:07:37	10.48	-0.01	47	49256	卖盘
11:07:33	10.49	0.01	341	357709	买盘
11:07:28	10.48	-0.01	474	496752	卖盘
11:07:22	10.49	0.01	51	53499	买盘
11:07:18	10.48	-0.01	47	49256	卖盘
11:07:13	10.49	--	70	73430	卖盘
11:07:07	10.49	--	16	16784	卖盘
11:07:03	10.49	-0.01	376	394424	卖盘
11:06:58	10.5	--	64	67200	买盘
11:06:52	10.5	0.01	45	47250	买盘
11:06:48	10.49	-0.01	271	284279	卖盘
11:06:43	10.5	--	157	164850	买盘
11:06:37	10.5	0.01	230	241500	买盘
11:06:33	10.49	--	98	102802	卖盘
11:06:28	10.49	--	134	140566	卖盘
11:06:22	10.49	--	17	17833	卖盘
11:06:18	10.49	0.01	564	591636	买盘
11:06:13	10.48	-0.01	109	114232	卖盘
11:06:07	10.49	0.01	126	132174	买盘
11:06:03	10.48	-0.01	590	618320	卖盘
11:05:58	10.49	0.01	334	350366	买盘
11:05:52	10.48	-0.01	68	71264	卖盘
11:05:48	10.49	--	145	152105	买盘
11:05:43	10.49	-0.01	255	267495	中性盘
11:05:37	10.5	0.02	220	231000	买盘
11:05:33	10.48	-0.02	155	162440	卖盘
11:05:28	10.5	0.02	123	129150	买盘
11:05:22	10.48	-0.02	82	85936	卖盘
11:05:18	10.5	0.01	398	417900	买盘
11:05:13	10.49	0.01	86	91252	中性盘
11:05:07	10.48	-0.02	243	254664	中性盘
11:05:03	10.5	0.02	34	35700	买盘
11:04:58	10.48	-0.02	1982	2078100	卖盘
11:04:52	10.5	--	306	321300	买盘
11:04:48	10.5	--	43	45150	买盘
11:04:43	10.5	0.01	4	4200	买盘
11:04:37	10.49	-0.02	1462	1533638	卖盘
11:04:33	10.51	0.01	117	122967	买盘
11:04:28	10.5	--	342	359100	卖盘
11:04:22	10.5	0.01	384	403273	买盘
11:04:18	10.49	-0.01	68	72307	卖盘
11:04:13	10.5	--	1469	1542523	买盘
11:04:07	10.5	--	1077	1130850	买盘
11:04:03	10.5	0.01	64	67200	买盘
11:03:58	10.49	--	94	98606	卖盘
11:03:52	10.49	--	441	462609	买盘
11:03:48	10.49	--	542	568568	买盘
11:03:43	10.49	--	635	666115	买盘
11:03:37	10.49	--	996	1044804	买盘
11:03:33	10.49	--	591	619959	卖盘
11:03:28	10.49	--	112	117488	卖盘
11:03:22	10.49	--	1250	1311250	卖盘
11:03:18	10.49	-0.01	417	437433	卖盘
11:03:13	10.5	0.01	110	115500	买盘
11:03:07	10.49	-0.01	1071	1124465	卖盘
11:03:03	10.5	--	731	767550	卖盘
11:02:58	10.5	-0.01	190	199500	卖盘
11:02:52	10.51	--	67	70417	买盘
11:02:48	10.51	--	20	21020	买盘
11:02:43	10.51	--	3538	3718438	卖盘
11:02:37	10.51	-0.01	172	180772	卖盘
11:02:33	10.52	--	81	85275	买盘
11:02:28	10.52	0.01	64	67328	买盘
11:02:22	10.51	-0.01	184	193384	卖盘
11:02:18	10.52	--	138	145176	买盘
11:02:13	10.52	-0.01	834	877368	卖盘
11:02:07	10.53	--	65	68445	买盘
11:02:03	10.53	0.01	56	58968	买盘
11:01:58	10.52	-0.01	144	151488	卖盘
11:01:52	10.53	--	85	89505	买盘
11:01:48	10.53	-0.01	24	25272	买盘
11:01:43	10.54	0.01	122	128587	买盘
11:01:37	10.53	--	121	127412	卖盘
11:01:33	10.53	-0.01	25	26325	卖盘
11:01:28	10.54	0.01	130	137020	买盘
11:01:22	10.53	--	47	49491	卖盘
11:01:18	10.53	--	227	239031	卖盘
11:01:13	10.53	--	240	252719	卖盘
11:01:07	10.53	--	49	51597	卖盘
11:01:03	10.53	--	124	130571	卖盘
11:00:58	10.53	--	215	226395	买盘
11:00:52	10.53	0.01	255	268515	买盘
11:00:46	10.52	-0.01	29	30508	卖盘
11:00:42	10.53	--	126	132678	买盘
11:00:37	10.53	0.01	70	73710	买盘
11:00:31	10.52	--	106	111512	卖盘
11:00:27	10.52	-0.01	94	98888	卖盘
11:00:22	10.53	--	432	454896	买盘
11:00:16	10.53	--	77	81081	买盘
11:00:12	10.53	0.01	335	352755	买盘
11:00:07	10.52	-0.01	123	129396	卖盘
11:00:01	10.53	--	24	25272	买盘
10:59:57	10.53	--	84	88452	买盘
10:59:52	10.53	--	938	987713	卖盘
10:59:46	10.53	--	207	217971	买盘
10:59:42	10.53	--	1156	1217268	卖盘
10:59:37	10.53	--	814	857142	买盘
10:59:31	10.53	-0.01	40	42120	卖盘
10:59:27	10.54	--	17	17918	买盘
10:59:22	10.54	0.02	23	24241	买盘
10:59:16	10.52	-0.02	94	98888	卖盘
10:59:12	10.54	0.01	102	107507	买盘
10:59:07	10.53	--	131	137943	中性盘
10:59:01	10.53	-0.01	30	31589	卖盘
10:58:57	10.54	0.01	67	70618	买盘
10:58:52	10.53	-0.01	41	43173	卖盘
10:58:46	10.54	0.01	125	131750	买盘
10:58:42	10.53	-0.01	1084	1141452	卖盘
10:58:37	10.54	--	155	163370	买盘
10:58:31	10.54	--	14	14755	买盘
10:58:27	10.54	--	154	162316	卖盘
10:58:22	10.54	--	105	110669	卖盘
10:58:16	10.54	0.01	88	92751	中性盘
10:58:12	10.53	-0.01	141	148473	卖盘
10:58:07	10.54	--	569	599726	卖盘
10:58:01	10.54	-0.01	274	288796	卖盘
10:57:57	10.55	--	343	361865	买盘
10:57:52	10.55	0.01	43	45365	买盘
10:57:46	10.54	--	57	60077	卖盘
10:57:42	10.54	--	2	2108	卖盘
10:57:37	10.54	--	221	232933	卖盘
10:57:31	10.54	--	396	417383	买盘
10:57:27	10.54	--	70	73780	买盘
10:57:22	10.54	--	147	154938	买盘
10:57:16	10.54	0.01	73	76942	买盘
10:57:12	10.53	-0.01	16	16848	卖盘
10:57:07	10.54	--	114	120155	买盘
10:57:01	10.54	--	5	5270	买盘
10:56:57	10.54	0.01	104	109615	买盘
10:56:52	10.53	-0.01	73	76869	卖盘
10:56:46	10.54	-0.01	96	101183	卖盘
10:56:42	10.55	--	1	1055	买盘
10:56:37	10.55	0.01	77	81235	买盘
10:56:31	10.54	0.01	98	103291	中性盘
10:56:27	10.53	--	16	16848	卖盘
10:56:22	10.53	-0.01	663	698139	卖盘
10:56:16	10.54	--	197	207637	买盘
10:56:12	10.54	--	4	4216	买盘
10:56:07	10.54	--	247	260337	买盘
10:56:01	10.54	-0.01	986	1039243	卖盘
10:55:57	10.55	--	192	202560	买盘
10:55:52	10.55	--	502	529610	买盘
10:55:46	10.55	--	98	103390	买盘
10:55:42	10.55	-0.01	700	738500	卖盘
10:55:37	10.56	0.01	171	180576	买盘
10:55:31	10.55	-0.01	275	290125	卖盘
10:55:27	10.56	--	14	14784	买盘
10:55:22	10.56	--	290	306240	买盘
10:55:16	10.56	0.01	332	350592	买盘
10:55:07	10.55	--	538	567590	买盘
10:55:01	10.55	--	880	928400	买盘
10:54:57	10.55	0.01	43	45365	卖盘
10:54:52	10.54	-0.01	911	960193	卖盘
10:54:46	10.55	--	2979	3142845	买盘
10:54:42	10.55	--	70	73850	买盘
10:54:37	10.55	-0.01	1128	1190040	卖盘
10:54:31	10.56	--	509	537504	买盘
10:54:25	10.56	--	2203	2326368	买盘
10:54:22	10.56	0.01	214	225984	买盘
10:54:16	10.55	--	118	124490	卖盘
10:54:10	10.55	--	4	4220	卖盘
10:54:06	10.55	--	642	677310	买盘
10:54:01	10.55	--	1376	1451680	买盘
10:53:55	10.55	--	244	257420	买盘
10:53:51	10.55	--	1180	1244900	买盘
10:53:46	10.55	--	287	302785	买盘
10:53:40	10.55	--	384	405120	买盘
10:53:36	10.55	0.01	421	444155	买盘
10:53:31	10.54	--	234	246635	卖盘
10:53:25	10.54	-0.01	925	974949	卖盘
10:53:21	10.55	0.01	448	472640	买盘
10:53:16	10.54	-0.01	475	500649	卖盘
10:53:10	10.55	0.01	294	310170	买盘
10:53:06	10.54	-0.01	161	169694	卖盘
10:53:01	10.55	0.01	765	807075	买盘
10:52:55	10.54	--	129	135966	买盘
10:52:51	10.54	0.01	631	665074	买盘
10:52:46	10.53	--	185	194805	卖盘
10:52:40	10.53	--	514	541242	买盘
10:52:36	10.53	--	471	495962	买盘
10:52:31	10.53	-0.01	495	521234	中性盘
10:52:25	10.54	0.02	1239	1305906	买盘
10:52:21	10.52	-0.01	1770	1862040	卖盘
10:52:16	10.53	0.01	172	181116	买盘
10:52:10	10.52	0.01	20	21040	卖盘
10:52:06	10.51	-0.01	148	155548	卖盘
10:52:01	10.52	0.01	1860	1956720	买盘
10:51:55	10.51	--	50	52550	卖盘
10:51:51	10.51	--	1448	1521848	买盘
10:51:46	10.51	--	200	210200	买盘
10:51:40	10.51	-0.01	40	42040	中性盘
10:51:36	10.52	0.01	939	987828	买盘
10:51:31	10.51	-0.01	345	362595	卖盘
10:51:25	10.52	0.01	35	36820	买盘
10:51:21	10.51	0.01	309	324759	中性盘
10:51:16	10.5	-0.02	828	869400	卖盘
10:51:10	10.52	0.01	73	76796	买盘
10:51:06	10.51	-0.01	33	34683	卖盘
10:51:01	10.52	--	132	138864	买盘
10:50:55	10.52	0.01	1033	1086716	买盘
10:50:51	10.51	--	30	31530	卖盘
10:50:46	10.51	--	161	169211	卖盘
10:50:40	10.51	--	123	129273	卖盘
10:50:36	10.51	--	73	76723	卖盘
10:50:31	10.51	--	225	236475	卖盘
10:50:25	10.51	0.01	227	238577	买盘
10:50:21	10.5	--	47	49350	卖盘
10:50:16	10.5	-0.01	215	225750	卖盘
10:50:10	10.51	--	85	89335	买盘
10:50:06	10.51	--	13	13663	买盘
10:50:01	10.51	--	24	25224	买盘
10:49:55	10.51	--	97	101947	买盘
10:49:51	10.51	--	1088	1143488	卖盘
10:49:46	10.51	--	29	30479	卖盘
10:49:40	10.51	--	419	440369	卖盘
10:49:36	10.51	--	153	160803	卖盘
10:49:31	10.51	--	249	261699	卖盘
10:49:25	10.51	--	81	85131	卖盘
10:49:21	10.51	--	5	5255	卖盘
10:49:16	10.51	-0.01	151	158701	卖盘
10:49:10	10.52	0.01	212	223024	买盘
10:49:06	10.51	-0.02	320	336320	卖盘
10:49:01	10.53	0.01	53	55809	买盘
10:48:55	10.52	-0.01	159	167268	卖盘
10:48:51	10.53	0.01	51	53703	买盘
10:48:46	10.52	-0.01	190	199880	卖盘
10:48:40	10.53	--	206	216918	买盘
10:48:36	10.53	--	124	130571	买盘
10:48:31	10.53	--	52	54756	买盘
10:48:25	10.53	--	318	334854	卖盘
10:48:21	10.53	--	134	141102	卖盘
10:48:16	10.53	--	65	68445	卖盘
10:48:10	10.53	-0.01	113	118989	卖盘
10:48:06	10.54	--	178	187611	买盘
10:48:01	10.54	-0.01	2253	2374662	卖盘
10:47:55	10.55	--	1145	1207975	买盘
10:47:49	10.55	--	66	69630	买盘
10:47:46	10.55	--	101	106555	买盘
10:47:40	10.55	--	29	30595	买盘
10:47:34	10.55	0.02	103	108665	买盘
10:47:30	10.53	-0.01	241	253772	卖盘
10:47:25	10.54	0.01	1543	1626321	买盘
10:47:15	10.53	--	240	252719	卖盘
10:47:10	10.53	--	139	146367	买盘
10:47:04	10.53	0.01	57	60020	买盘
10:47:00	10.52	--	422	443944	卖盘
10:46:55	10.52	-0.01	46	48392	卖盘
10:46:49	10.53	0.01	164	172692	买盘
10:46:45	10.52	--	440	462880	买盘
10:46:40	10.52	--	441	463932	卖盘
10:46:34	10.52	--	60	63120	卖盘
10:46:30	10.52	--	59	62068	卖盘
10:46:25	10.52	--	698	734296	买盘
10:46:19	10.52	--	7	7364	买盘
10:46:15	10.52	--	185	194620	卖盘
10:46:10	10.52	--	336	353472	卖盘
10:46:04	10.52	-0.01	80	84160	卖盘
10:46:00	10.53	--	214	225342	买盘
10:45:55	10.53	-0.01	548	577044	卖盘
10:45:49	10.54	0.01	117	123317	买盘
10:45:45	10.53	-0.01	279	293787	卖盘
10:45:40	10.54	--	505	532270	买盘
10:45:34	10.54	--	92	96967	买盘
10:45:30	10.54	--	1139	1200506	买盘
10:45:25	10.54	--	129	135966	买盘
10:45:19	10.54	0.02	140	147560	买盘
10:45:15	10.52	-0.01	537	564924	中性盘
10:45:10	10.53	-0.01	1663	1751139	中性盘
10:45:04	10.54	--	289	304606	买盘
10:45:00	10.54	0.02	114	120155	买盘
10:44:55	10.52	-0.02	451	474452	卖盘
10:44:49	10.54	--	45	47429	买盘
10:44:45	10.54	0.01	750	790499	买盘
10:44:40	10.53	0.01	1715	1805895	买盘
10:44:34	10.52	0.01	636	669072	买盘
10:44:30	10.51	--	282	296382	卖盘
10:44:25	10.51	0.01	116	121916	买盘
10:44:19	10.5	--	604	634200	买盘
10:44:15	10.5	--	86	90300	买盘
10:44:10	10.5	--	585	614250	卖盘
10:44:04	10.5	-0.02	329	345450	卖盘
10:44:00	10.52	0.02	527	554404	买盘
10:43:55	10.5	--	1070	1123500	买盘
10:43:49	10.5	--	503	528150	买盘
10:43:45	10.5	--	35	36750	买盘
10:43:40	10.5	--	42	44100	买盘
10:43:34	10.5	0.01	366	384300	卖盘
10:43:30	10.49	-0.02	424	444776	卖盘
10:43:25	10.51	0.01	865	909115	买盘
10:43:19	10.5	--	113	118650	卖盘
10:43:15	10.5	--	22	23100	卖盘
10:43:10	10.5	--	90	94500	卖盘
10:43:04	10.5	0.01	199	208950	卖盘
10:43:00	10.49	-0.01	122	127978	卖盘
10:42:55	10.5	--	247	259350	买盘
10:42:49	10.5	--	117	122850	买盘
10:42:45	10.5	0.01	153	160650	买盘
10:42:40	10.49	--	117	122733	卖盘
10:42:34	10.49	--	182	190918	卖盘
10:42:30	10.49	--	15	15735	卖盘
10:42:25	10.49	-0.01	306	320994	卖盘
10:42:19	10.5	0.01	445	467250	买盘
10:42:15	10.49	--	64	67136	卖盘
10:42:10	10.49	-0.01	1003	1052147	卖盘
10:42:04	10.5	--	399	418950	买盘
10:42:00	10.5	--	113	118650	买盘
10:41:55	10.5	--	308	323400	买盘
10:41:49	10.5	0.01	41	43050	买盘
10:41:44	10.49	--	81	84969	卖盘
10:41:40	10.49	--	157	164693	卖盘
10:41:34	10.49	-0.01	246	258054	卖盘
10:41:30	10.5	0.01	333	349650	买盘
10:41:24	10.49	--	231	242319	卖盘
10:41:19	10.49	--	114	119586	卖盘
10:41:13	10.49	--	402	421698	买盘
10:41:10	10.49	--	1966	2062334	买盘
10:41:04	10.49	--	205	215045	买盘
10:40:58	10.49	0.01	171	179379	买盘
10:40:54	10.48	--	175	183400	卖盘
10:40:49	10.48	--	128	134144	卖盘
10:40:43	10.48	--	68	71264	卖盘
10:40:39	10.48	--	963	1009224	卖盘
10:40:34	10.48	-0.01	323	338504	卖盘
10:40:28	10.49	0.01	266	279034	买盘
10:40:24	10.48	--	285	298680	买盘
10:40:19	10.48	-0.01	858	899184	卖盘
10:40:13	10.49	--	43	45107	买盘
10:40:09	10.49	--	191	200359	买盘
10:40:04	10.49	-0.01	251	263299	卖盘
10:39:58	10.5	0.01	111	116550	买盘
10:39:54	10.49	0.01	588	616812	买盘
10:39:49	10.48	0.01	1337	1401176	买盘
10:39:43	10.47	--	117	122499	卖盘
10:39:39	10.47	--	440	460680	卖盘
10:39:34	10.47	--	1011	1058517	卖盘
10:39:28	10.47	0.02	3609	3778623	买盘
10:39:24	10.45	-0.01	2953	3085885	卖盘
10:39:19	10.46	0.01	478	499988	中性盘
10:39:13	10.45	-0.01	277	290353	卖盘
10:39:09	10.46	0.01	3274	3424604	买盘
10:39:04	10.45	--	1250	1306250	卖盘
10:38:58	10.45	--	538	562210	卖盘
10:38:54	10.45	-0.01	2669	2789261	卖盘
10:38:49	10.46	-0.01	1608	1681968	卖盘
10:38:43	10.47	--	1028	1076316	买盘
10:38:39	10.47	0.01	215	225105	买盘
10:38:34	10.46	-0.01	2723	2848258	卖盘
10:38:28	10.47	--	230	240810	卖盘
10:38:24	10.47	-0.01	120	125640	卖盘
10:38:19	10.48	--	1031	1080488	卖盘
10:38:13	10.48	0.01	3623	3796904	买盘
10:38:09	10.47	-0.01	151	158097	卖盘
10:38:04	10.48	--	344	360512	买盘
10:37:58	10.48	--	493	516664	买盘
10:37:54	10.48	-0.01	523	548104	卖盘
10:37:49	10.49	0.01	1437	1507413	买盘
10:37:43	10.48	--	2280	2389440	卖盘
10:37:39	10.48	0.01	802	840496	买盘
10:37:34	10.47	-0.01	734	768498	卖盘
10:37:28	10.48	--	330	345840	买盘
10:37:24	10.48	--	47	49256	买盘
10:37:19	10.48	-0.01	346	362608	卖盘
10:37:13	10.49	0.01	1978	2074922	买盘
10:37:09	10.48	-0.01	29	30392	卖盘
10:37:04	10.49	--	2050	2150450	卖盘
10:36:58	10.49	--	420	440580	卖盘
10:36:54	10.49	--	5648	5925717	卖盘
10:36:49	10.49	--	1960	2056040	买盘
10:36:43	10.49	--	2309	2422141	卖盘
10:36:39	10.49	--	130	136370	卖盘
10:36:34	10.49	-0.01	107	112243	卖盘
10:36:28	10.5	--	890	934500	买盘
10:36:24	10.5	--	92	96600	买盘
10:36:19	10.5	--	188	197400	买盘
10:36:13	10.5	--	478	501900	卖盘
10:36:09	10.5	-0.01	71	74550	买盘
10:36:04	10.51	0.01	585	614835	买盘
10:35:58	10.5	0.01	170	178500	买盘
10:35:54	10.49	-0.01	896	939904	卖盘
10:35:49	10.5	--	216	226800	买盘
10:35:43	10.5	--	431	452550	卖盘
10:35:39	10.5	--	182	191100	卖盘
10:35:34	10.5	--	58	60900	卖盘
10:35:28	10.5	--	1672	1755600	卖盘
10:35:24	10.5	-0.01	147	154350	中性盘
10:35:19	10.51	0.01	209	219659	买盘
10:35:13	10.5	0.01	455	477750	买盘
10:35:09	10.49	--	248	260152	卖盘
10:35:04	10.49	-0.02	2173	2279477	卖盘
10:34:58	10.51	--	155	162905	买盘
10:34:52	10.51	--	72	75672	买盘
10:34:49	10.51	0.01	150	157650	买盘
10:34:43	10.5	--	1326	1392300	卖盘
10:34:37	10.5	--	65	68250	卖盘
10:34:33	10.5	--	231	242550	买盘
10:34:28	10.5	0.01	896	940800	买盘
10:34:22	10.49	--	1251	1312299	卖盘
10:34:18	10.49	-0.01	405	424845	卖盘
10:34:13	10.5	--	291	305550	买盘
10:34:07	10.5	0.01	115	120750	买盘
10:34:03	10.49	-0.01	308	323092	卖盘
10:33:58	10.5	--	542	569100	买盘
10:33:52	10.5	--	120	126000	买盘
10:33:48	10.5	--	564	592200	买盘
10:33:43	10.5	--	167	175350	买盘
10:33:37	10.5	0.01	92	96600	卖盘
10:33:33	10.49	-0.01	1007	1056343	卖盘
10:33:28	10.5	--	148	155400	卖盘
10:33:22	10.5	0.01	1198	1257900	买盘
10:33:18	10.49	--	499	523451	卖盘
10:33:13	10.49	--	1251	1313274	买盘
10:33:07	10.49	--	72	75528	买盘
10:33:03	10.49	--	2562	2687611	卖盘
10:32:58	10.49	-0.01	1881	1973169	卖盘
10:32:52	10.5	--	83	87150	买盘
10:32:48	10.5	0.01	137	143850	买盘
10:32:43	10.49	--	189	198261	卖盘
10:32:37	10.49	--	128	134272	卖盘
10:32:33	10.49	-0.01	395	414355	卖盘
10:32:28	10.5	0.01	157	164850	买盘
10:32:22	10.49	--	607	636743	卖盘
10:32:18	10.49	-0.01	363	380787	卖盘
10:32:13	10.5	--	698	732900	买盘
10:32:07	10.5	--	541	568050	买盘
10:32:03	10.5	--	310	325500	买盘
10:31:58	10.5	0.01	1052	1104600	买盘
10:31:52	10.49	-0.01	539	565411	卖盘
10:31:48	10.5	--	146	153300	买盘
10:31:43	10.5	-0.01	445	467250	中性盘
10:31:37	10.51	--	1439	1512389	买盘
10:31:33	10.51	--	1062	1116162	买盘
10:31:28	10.51	0.01	349	366799	买盘
10:31:22	10.5	-0.01	259	271950	卖盘
10:31:18	10.51	--	70	73570	买盘
10:31:13	10.51	--	434	456134	买盘
10:31:07	10.51	--	685	719935	卖盘
10:31:03	10.51	-0.01	78	81978	卖盘
10:30:58	10.52	0.01	94	98888	买盘
10:30:52	10.51	--	2293	2409943	买盘
10:30:48	10.51	--	42	44142	买盘
10:30:43	10.51	--	1349	1417799	卖盘
10:30:37	10.51	--	174	182874	卖盘
10:30:33	10.51	--	2	2102	卖盘
10:30:28	10.51	-0.01	216	227016	卖盘
10:30:22	10.52	0.01	159	167268	买盘
10:30:18	10.51	0.01	47	49397	买盘
10:30:13	10.5	-0.01	208	218400	卖盘
10:30:07	10.51	0.01	624	655824	买盘
10:30:03	10.5	-0.01	759	796950	卖盘
10:29:58	10.51	0.01	395	415145	买盘
10:29:52	10.5	--	178	186900	卖盘
10:29:48	10.5	--	118	123900	卖盘
10:29:43	10.5	0.01	362	380100	买盘
10:29:37	10.49	-0.01	523	548627	卖盘
10:29:33	10.5	--	343	360150	买盘
10:29:28	10.5	--	257	269850	买盘
10:29:22	10.5	-0.02	419	439950	卖盘
10:29:18	10.52	0.02	38	39976	买盘
10:29:13	10.5	-0.01	512	537600	卖盘
10:29:07	10.51	0.01	82	86182	买盘
10:29:03	10.5	--	133	139650	买盘
10:28:58	10.5	-0.03	10707	11242350	卖盘
10:28:52	10.53	0.01	740	779220	买盘
10:28:48	10.52	--	51	53652	卖盘
10:28:43	10.52	--	47	49444	卖盘
10:28:37	10.52	--	309	325068	卖盘
10:28:33	10.52	-0.01	197	207244	卖盘
10:28:28	10.53	0.01	291	306423	买盘
10:28:22	10.52	-0.01	149	156748	卖盘
10:28:16	10.53	0.01	87	91611	买盘
10:28:12	10.52	-0.01	184	193568	卖盘
10:28:07	10.53	0.01	258	271674	买盘
10:28:01	10.52	-0.01	1009	1061468	卖盘
10:27:58	10.53	--	397	418041	卖盘
10:27:52	10.53	-0.01	212	223236	卖盘
10:27:46	10.54	--	57	60077	买盘
10:27:42	10.54	--	109	114885	买盘
10:27:37	10.54	--	842	887467	卖盘
10:27:31	10.54	--	44	46375	卖盘
10:27:27	10.54	-0.01	185	194989	卖盘
10:27:22	10.55	--	254	267970	买盘
10:27:16	10.55	--	478	504290	买盘
10:27:12	10.55	--	63	66465	卖盘
10:27:07	10.55	--	455	480025	卖盘
10:27:01	10.55	--	69	72795	卖盘
10:26:57	10.55	--	85	89675	卖盘
10:26:52	10.55	--	637	672035	买盘
10:26:46	10.55	--	76	80180	买盘
10:26:42	10.55	--	492	519060	买盘
10:26:37	10.55	--	164	173020	买盘
10:26:31	10.55	--	55	58025	买盘
10:26:27	10.55	0.01	502	529610	买盘
10:26:22	10.54	--	1106	1165724	卖盘
10:26:16	10.54	--	6	6323	卖盘
10:26:12	10.54	--	169	178126	卖盘
10:26:07	10.54	--	614	647156	买盘
10:26:01	10.54	--	48	50591	买盘
10:25:57	10.54	--	697	734637	卖盘
10:25:52	10.54	-0.01	23	24241	卖盘
10:25:46	10.55	--	116	122380	买盘
10:25:42	10.55	0.01	11	11605	买盘
10:25:37	10.54	--	249	262446	卖盘
10:25:31	10.54	--	622	655588	卖盘
10:25:27	10.54	--	839	884305	买盘
10:25:22	10.54	--	316	333064	买盘
10:25:16	10.54	--	1094	1153076	买盘
10:25:12	10.54	0.01	121	127533	买盘
10:25:07	10.53	--	785	826605	卖盘
10:25:01	10.53	0.01	17	17901	卖盘
10:24:57	10.52	--	70	73640	卖盘
10:24:52	10.52	-0.01	354	372408	卖盘
10:24:46	10.53	0.01	253	266409	买盘
10:24:42	10.52	-0.01	304	319808	中性盘
10:24:37	10.53	0.01	1697	1786941	买盘
10:24:31	10.52	-0.01	914	961528	卖盘
10:24:27	10.53	0.01	82	86346	买盘
10:24:22	10.52	-0.01	372	391344	卖盘
10:24:16	10.53	--	330	347490	买盘
10:24:12	10.53	--	426	448578	买盘
10:24:07	10.53	--	291	306423	买盘
10:24:01	10.53	0.01	186	195858	买盘
10:23:57	10.52	-0.02	591	621732	卖盘
10:23:52	10.54	0.01	197	207637	买盘
10:23:46	10.53	-0.01	196	206388	卖盘
10:23:42	10.54	0.01	150	158100	买盘
10:23:37	10.53	-0.02	376	395928	卖盘
10:23:31	10.55	0.02	245	258475	买盘
10:23:27	10.53	-0.01	254	267462	卖盘
10:23:22	10.54	--	682	718828	买盘
10:23:16	10.54	--	434	457435	卖盘
10:23:12	10.54	-0.01	30	31619	卖盘
10:23:06	10.55	0.02	133	140315	买盘
10:23:01	10.53	--	918	966653	卖盘
10:22:57	10.53	-0.02	463	487538	卖盘
10:22:52	10.55	0.01	800	844000	买盘
10:22:46	10.54	--	86	90643	买盘
10:22:42	10.54	-0.01	283	298282	卖盘
10:22:37	10.55	0.01	1676	1768180	买盘
10:22:31	10.54	0.01	39	41106	卖盘
10:22:27	10.53	-0.01	10	10530	卖盘
10:22:22	10.54	--	148	155992	买盘
10:22:16	10.54	0.01	469	494325	买盘
10:22:12	10.53	--	185	194805	卖盘
10:22:06	10.53	-0.01	106	111618	中性盘
10:22:01	10.54	0.01	1205	1270070	买盘
10:21:55	10.53	--	157	165321	买盘
10:21:51	10.53	--	824	867672	卖盘
10:21:46	10.53	0.01	226	237978	卖盘
10:21:40	10.52	-0.01	1080	1136160	卖盘
10:21:36	10.53	--	235	247454	卖盘
10:21:31	10.53	0.01	506	533323	买盘
10:21:25	10.52	-0.01	97	102044	卖盘
10:21:21	10.53	--	324	341172	买盘
10:21:16	10.53	--	141	148473	买盘
10:21:10	10.53	--	6	6865	买盘
10:21:06	10.53	0.01	333	350649	买盘
10:21:01	10.52	--	371	390292	买盘
10:20:55	10.52	--	155	163060	买盘
10:20:51	10.52	--	438	460776	卖盘
10:20:46	10.52	--	106	111512	卖盘
10:20:40	10.52	--	16	16832	卖盘
10:20:36	10.52	0.01	307	322964	中性盘
10:20:31	10.51	-0.01	103	108253	卖盘
10:20:25	10.52	0.01	43	45236	中性盘
10:20:21	10.51	0.01	741	778791	中性盘
10:20:16	10.5	-0.02	2450	2572500	卖盘
10:20:10	10.52	--	74	77848	卖盘
10:20:06	10.52	0.01	468	492336	买盘
10:20:01	10.51	--	648	681048	卖盘
10:19:55	10.51	--	373	392023	买盘
10:19:51	10.51	-0.01	912	958512	卖盘
10:19:46	10.52	0.02	280	294560	买盘
10:19:40	10.5	-0.02	3364	3532200	卖盘
10:19:36	10.52	0.02	664	698528	买盘
10:19:31	10.5	-0.01	311	326550	卖盘
10:19:25	10.51	--	401	421451	买盘
10:19:21	10.51	--	292	306892	卖盘
10:19:16	10.51	-0.01	785	825035	卖盘
10:19:10	10.52	0.02	2306	2425912	买盘
10:19:06	10.5	-0.01	480	504000	卖盘
10:19:01	10.51	0.01	676	710476	中性盘
10:18:55	10.5	--	730	766500	卖盘
10:18:51	10.5	--	86	90300	卖盘
10:18:46	10.5	--	1016	1067776	买盘
10:18:40	10.5	--	1441	1513050	买盘
10:18:36	10.5	--	325	341250	买盘
10:18:31	10.5	--	651	683550	买盘
10:18:25	10.5	--	690	724500	买盘
10:18:21	10.5	--	282	296100	买盘
10:18:16	10.5	--	714	749700	买盘
10:18:10	10.5	-0.02	9417	9887923	卖盘
10:18:06	10.52	--	815	857380	卖盘
10:18:01	10.52	-0.01	105	110460	卖盘
10:17:55	10.53	--	696	733340	卖盘
10:17:51	10.53	--	126	132678	卖盘
10:17:46	10.53	-0.01	1159	1220427	卖盘
10:17:40	10.54	-0.01	344	362575	中性盘
10:17:36	10.55	0.01	199	209945	买盘
10:17:31	10.54	-0.01	765	806309	卖盘
10:17:25	10.55	--	211	222605	买盘
10:17:21	10.55	--	62	65410	买盘
10:17:16	10.55	0.01	639	674145	买盘
10:17:10	10.54	-0.01	203	213961	卖盘
10:17:06	10.55	--	1107	1167885	买盘
10:17:01	10.55	--	87	91785	买盘
10:16:55	10.55	-0.01	3060	3228300	卖盘
10:16:51	10.56	--	28	29568	卖盘
10:16:46	10.56	-0.01	128	135168	卖盘
10:16:40	10.57	--	236	249452	卖盘
10:16:36	10.57	--	87	91959	卖盘
10:16:31	10.57	-0.01	203	214571	卖盘
10:16:25	10.58	0.01	104	110032	买盘
10:16:16	10.57	--	70	73990	买盘
10:16:10	10.57	-0.01	78	82446	买盘
10:16:06	10.58	0.02	31	32798	买盘
10:16:01	10.56	-0.01	463	488928	卖盘
10:15:55	10.57	--	1037	1096109	卖盘
10:15:50	10.57	-0.01	50	52850	卖盘
10:15:45	10.58	--	169	178802	买盘
10:15:40	10.58	0.01	35	37030	买盘
10:15:34	10.57	-0.01	13	13741	卖盘
10:15:30	10.58	0.01	174	184092	买盘
10:15:25	10.57	--	69	72933	卖盘
10:15:19	10.57	-0.01	61	64477	卖盘
10:15:15	10.58	--	114	120612	买盘
10:15:10	10.58	--	525	555450	买盘
10:15:04	10.58	0.01	9	9522	买盘
10:15:00	10.57	-0.01	631	667062	卖盘
10:14:55	10.58	--	2538	2685204	卖盘
10:14:49	10.58	--	33	34914	卖盘
10:14:45	10.58	0.01	1539	1629224	买盘
10:14:40	10.57	0.01	1125	1189125	买盘
10:14:34	10.56	--	65	68640	卖盘
10:14:30	10.56	-0.01	274	289344	卖盘
10:14:25	10.57	0.01	122	128954	买盘
10:14:19	10.56	--	120	126720	买盘
10:14:15	10.56	--	565	596735	卖盘
10:14:10	10.56	--	287	303072	卖盘
10:14:04	10.56	--	87	91872	卖盘
10:14:00	10.56	-0.01	528	557568	卖盘
10:13:55	10.57	--	87	91959	买盘
10:13:49	10.57	--	182	192374	买盘
10:13:45	10.57	--	394	416458	卖盘
10:13:40	10.57	--	102	107814	卖盘
10:13:34	10.57	--	68	71876	卖盘
10:13:30	10.57	-0.01	114	120498	卖盘
10:13:25	10.58	0.01	79	83582	买盘
10:13:19	10.57	0.01	190	200830	卖盘
10:13:15	10.56	-0.01	279	294624	卖盘
10:13:10	10.57	--	443	469107	买盘
10:13:04	10.57	--	83	87731	买盘
10:13:00	10.57	--	200	211400	买盘
10:12:55	10.57	--	39	41223	买盘
10:12:49	10.57	-0.01	390	412230	卖盘
10:12:45	10.58	--	21	22218	买盘
10:12:40	10.58	0.01	773	817834	买盘
10:12:34	10.57	-0.02	66	69867	卖盘
10:12:30	10.59	--	39	41301	买盘
10:12:25	10.59	--	129	136611	买盘
10:12:19	10.59	0.01	25	26475	买盘
10:12:15	10.58	-0.01	97	102626	中性盘
10:12:10	10.59	--	119	126021	买盘
10:12:04	10.59	-0.01	1651	1748409	中性盘
10:12:00	10.6	0.01	15	15900	买盘
10:11:55	10.59	--	772	817548	卖盘
10:11:49	10.59	-0.01	1455	1540845	卖盘
10:11:45	10.6	-0.01	1253	1328180	卖盘
10:11:40	10.61	-0.01	170	180370	卖盘
10:11:34	10.62	0.01	538	571356	买盘
10:11:30	10.61	-0.01	192	203712	卖盘
10:11:25	10.62	--	108	114695	买盘
10:11:19	10.62	0.01	236	250631	买盘
10:11:15	10.61	--	98	103978	卖盘
10:11:10	10.61	0.01	253	268433	买盘
10:11:04	10.6	--	1117	1184020	卖盘
10:11:00	10.6	--	41	43460	卖盘
10:10:55	10.6	--	198	209880	卖盘
10:10:49	10.6	--	3579	3793740	买盘
10:10:45	10.6	0.01	53	56180	买盘
10:10:40	10.59	--	253	268530	买盘
10:10:34	10.59	--	38	40242	买盘
10:10:30	10.59	0.01	93	98487	买盘
10:10:25	10.58	--	67	70886	卖盘
10:10:19	10.58	--	60	63480	卖盘
10:10:15	10.58	--	14	14812	卖盘
10:10:10	10.58	--	293	309994	买盘
10:10:04	10.58	--	238	251804	买盘
10:09:59	10.58	0.01	150	158700	买盘
10:09:55	10.57	-0.01	1093	1155301	卖盘
10:09:49	10.58	0.01	212	224296	买盘
10:09:45	10.57	--	46	48622	卖盘
10:09:39	10.57	-0.01	278	293846	卖盘
10:09:34	10.58	0.01	124	131192	买盘
10:09:30	10.57	-0.01	10	10570	卖盘
10:09:25	10.58	--	357	377706	买盘
10:09:19	10.58	0.02	740	782920	买盘
10:09:13	10.56	--	70	73920	卖盘
10:09:09	10.56	--	920	971520	卖盘
10:09:04	10.56	-0.01	157	165792	卖盘
10:08:58	10.57	0.01	30	31710	买盘
10:08:54	10.56	--	86	90816	卖盘
10:08:49	10.56	--	220	232320	卖盘
10:08:43	10.56	--	729	769824	卖盘
10:08:39	10.56	0.01	371	391776	买盘
10:08:34	10.55	-0.01	2517	2655435	卖盘
10:08:28	10.56	--	55	58080	买盘
10:08:24	10.56	0.01	147	155232	买盘
10:08:19	10.55	-0.01	938	989590	卖盘
10:08:13	10.56	-0.01	283	298848	卖盘
10:08:09	10.57	0.01	537	567609	买盘
10:08:04	10.56	--	242	255552	卖盘
10:07:58	10.56	--	159	167904	卖盘
10:07:54	10.56	0.01	289	305184	买盘
10:07:49	10.55	-0.01	287	302785	卖盘
10:07:43	10.56	-0.01	84	88704	卖盘
10:07:39	10.57	0.01	1227	1296939	买盘
10:07:34	10.56	-0.01	1005	1061280	卖盘
10:07:28	10.57	0.01	866	915362	买盘
10:07:24	10.56	--	1033	1090848	卖盘
10:07:19	10.56	-0.01	359	379104	卖盘
10:07:13	10.57	--	342	361494	卖盘
10:07:09	10.57	-0.01	735	776895	卖盘
10:07:04	10.58	--	172	181976	买盘
10:06:58	10.58	--	55	58190	买盘
10:06:54	10.58	--	433	458114	买盘
10:06:49	10.58	--	999	1056942	买盘
10:06:43	10.58	-0.01	406	429548	卖盘
10:06:39	10.59	0.01	632	669288	买盘
10:06:34	10.58	--	202	213716	卖盘
10:06:28	10.58	0.01	1002	1060116	买盘
10:06:24	10.57	-0.01	122	128954	卖盘
10:06:19	10.58	0.02	1085	1147930	买盘
10:06:13	10.56	-0.01	210	221760	卖盘
10:06:09	10.57	--	276	291732	卖盘
10:06:04	10.57	0.01	162	171234	中性盘
10:05:58	10.56	-0.01	376	397056	卖盘
10:05:53	10.57	0.01	131	138467	买盘
10:05:49	10.56	--	35	36960	卖盘
10:05:43	10.56	--	312	329472	卖盘
10:05:39	10.56	--	65	68640	买盘
10:05:34	10.56	--	1843	1946208	买盘
10:05:28	10.56	--	1008	1064448	买盘
10:05:24	10.56	-0.01	247	260832	卖盘
10:05:19	10.57	0.02	219	231483	买盘
10:05:13	10.55	-0.02	209	220495	卖盘
10:05:09	10.57	--	5	5285	买盘
10:05:04	10.57	0.02	59	62363	中性盘
10:04:58	10.55	-0.01	1058	1116190	卖盘
10:04:54	10.56	-0.01	50	52800	卖盘
10:04:49	10.57	0.01	356	376344	中性盘
10:04:43	10.56	-0.01	1118	1180608	卖盘
10:04:39	10.57	-0.01	124	131068	中性盘
10:04:34	10.58	0.03	443	468694	买盘
10:04:28	10.55	-0.03	1271	1340905	卖盘
10:04:24	10.58	--	38	40204	买盘
10:04:19	10.58	-0.01	1210	1280634	卖盘
10:04:13	10.59	-0.01	879	930861	卖盘
10:04:09	10.6	-0.01	64	67840	卖盘
10:04:04	10.61	--	120	127320	买盘
10:03:58	10.61	0.01	1034	1097074	中性盘
10:03:54	10.6	-0.03	284	301040	卖盘
10:03:49	10.63	--	82	87166	买盘
10:03:43	10.63	0.03	695	738785	买盘
10:03:39	10.6	-0.02	183	194934	卖盘
10:03:33	10.62	0.02	1401	1487862	买盘
10:03:28	10.6	-0.01	250	265000	卖盘
10:03:23	10.61	0.01	91	96551	买盘
10:03:18	10.6	-0.01	281	297860	卖盘
10:03:13	10.61	-0.01	880	933680	卖盘
10:03:07	10.62	--	482	511883	买盘
10:03:03	10.62	--	226	240011	卖盘
10:02:58	10.62	--	418	443915	卖盘
10:02:52	10.62	0.01	1702	1807523	买盘
10:02:48	10.61	--	439	465779	卖盘
10:02:43	10.61	-0.01	901	955961	卖盘
10:02:37	10.62	--	28	29735	买盘
10:02:33	10.62	0.01	546	579852	买盘
10:02:28	10.61	--	210	222810	卖盘
10:02:22	10.61	--	740	785140	卖盘
10:02:18	10.61	--	412	437132	买盘
10:02:13	10.61	0.01	1273	1350653	买盘
10:02:07	10.6	--	193	204580	卖盘
10:02:03	10.6	--	308	326586	买盘
10:01:58	10.6	--	673	713380	买盘
10:01:52	10.6	--	146	154760	买盘
10:01:48	10.6	--	1764	1870794	卖盘
10:01:43	10.6	--	1835	1945100	卖盘
10:01:37	10.6	--	43	45580	卖盘
10:01:33	10.6	0.01	2103	2229286	买盘
10:01:28	10.59	-0.01	223	236157	卖盘
10:01:22	10.6	--	33	34980	买盘
10:01:18	10.6	-0.01	262	277720	中性盘
10:01:13	10.61	--	980	1039780	买盘
10:01:07	10.61	0.01	727	771347	买盘
10:01:03	10.6	-0.01	377	399620	卖盘
10:00:58	10.61	-0.01	1527	1620147	卖盘
10:00:52	10.62	0.01	119	126377	买盘
10:00:48	10.61	--	348	369228	买盘
10:00:43	10.61	-0.01	964	1022804	中性盘
10:00:37	10.62	--	245	260189	买盘
10:00:33	10.62	--	274	290988	买盘
10:00:28	10.62	--	543	576666	买盘
10:00:22	10.62	0.01	703	746586	买盘
10:00:18	10.61	--	53	56233	卖盘
10:00:13	10.61	--	212	224932	卖盘
10:00:07	10.61	0.04	5108	5420192	买盘
10:00:03	10.57	-0.01	610	644770	卖盘
09:59:58	10.58	--	215	227470	买盘
09:59:52	10.58	0.02	317	335386	买盘
09:59:48	10.56	-0.02	81	85536	卖盘
09:59:43	10.58	--	814	861212	买盘
09:59:37	10.58	--	66	69828	买盘
09:59:33	10.58	0.01	279	295182	买盘
09:59:28	10.57	0.01	753	795921	买盘
09:59:22	10.56	-0.01	1919	2026464	卖盘
09:59:18	10.57	0.01	106	112042	买盘
09:59:13	10.56	-0.02	228	240768	中性盘
09:59:07	10.58	0.02	725	767050	买盘
09:59:03	10.56	--	208	219648	买盘
09:58:57	10.56	--	176	185856	卖盘
09:58:52	10.56	--	36	38016	卖盘
09:58:48	10.56	0.02	185	195360	买盘
09:58:43	10.54	-0.01	927	977057	卖盘
09:58:37	10.55	--	1124	1185883	卖盘
09:58:33	10.55	--	10249	10813686	卖盘
09:58:28	10.55	0.01	87	91785	卖盘
09:58:22	10.54	-0.01	161	169694	卖盘
09:58:18	10.55	0.01	1010	1065550	买盘
09:58:13	10.54	--	541	570214	卖盘
09:58:07	10.54	--	167	176018	卖盘
09:58:03	10.54	0.01	515	542810	买盘
09:57:58	10.53	--	140	148020	卖盘
09:57:52	10.53	--	141	148473	卖盘
09:57:48	10.53	--	43	45279	买盘
09:57:42	10.53	-0.01	830	873990	卖盘
09:57:37	10.54	-0.01	284	299336	中性盘
09:57:33	10.55	0.01	599	631945	买盘
09:57:28	10.54	--	455	479569	卖盘
09:57:22	10.54	-0.01	922	971787	卖盘
09:57:18	10.55	--	151	159305	买盘
09:57:12	10.55	-0.01	1667	1758685	卖盘
09:57:07	10.56	--	781	824736	买盘
09:57:03	10.56	--	97	102432	买盘
09:56:57	10.56	--	965	1019040	买盘
09:56:52	10.56	--	293	309408	买盘
09:56:46	10.56	--	365	385440	买盘
09:56:42	10.56	--	823	869088	买盘
09:56:37	10.56	--	509	537504	买盘
09:56:31	10.56	-0.01	1375	1452000	卖盘
09:56:27	10.57	--	442	467194	买盘
09:56:22	10.57	0.01	141	149037	中性盘
09:56:16	10.56	--	168	177408	卖盘
09:56:12	10.56	-0.01	623	657888	卖盘
09:56:07	10.57	0.01	5123	5415011	买盘
09:56:01	10.56	--	88	92928	买盘
09:55:57	10.56	--	547	577632	卖盘
09:55:52	10.56	-0.01	1003	1059168	卖盘
09:55:46	10.57	0.01	1059	1119363	买盘
09:55:42	10.56	0.01	788	832128	买盘
09:55:37	10.55	--	2160	2278800	卖盘
09:55:31	10.55	--	778	820790	卖盘
09:55:27	10.55	-0.01	3330	3513150	卖盘
09:55:22	10.56	--	1618	1708608	买盘
09:55:16	10.56	0.01	520	549120	买盘
09:55:12	10.55	-0.03	1557	1642635	卖盘
09:55:07	10.58	0.02	1345	1423010	买盘
09:55:01	10.56	--	211	222816	卖盘
09:54:57	10.56	0.01	7261	7667616	买盘
09:54:52	10.55	0.01	2069	2182795	买盘
09:54:46	10.54	0.01	2224	2344096	买盘
09:54:42	10.53	-0.01	537	565461	卖盘
09:54:37	10.54	0.02	3735	3936689	买盘
09:54:31	10.52	--	1818	1912536	买盘
09:54:27	10.52	0.01	2963	3117076	卖盘
09:54:22	10.51	-0.01	1405	1477632	卖盘
09:54:16	10.52	--	362	380824	买盘
09:54:12	10.52	0.01	141	148332	买盘
09:54:07	10.51	--	1418	1490318	卖盘
09:54:01	10.51	0.01	2915	3063665	买盘
09:53:57	10.5	--	221	232050	卖盘
09:53:52	10.5	-0.01	1457	1529850	卖盘
09:53:46	10.51	0.01	673	707323	买盘
09:53:42	10.5	--	327	343350	卖盘
09:53:37	10.5	-0.01	515	540750	中性盘
09:53:31	10.51	0.02	3572	3754172	买盘
09:53:27	10.49	-0.01	490	514010	卖盘
09:53:22	10.5	--	1620	1701000	买盘
09:53:16	10.5	0.01	821	862050	买盘
09:53:12	10.49	--	675	708075	卖盘
09:53:07	10.49	-0.03	617	647233	中性盘
09:53:01	10.52	0.04	1799	1892548	买盘
09:52:57	10.48	--	354	370992	卖盘
09:52:52	10.48	--	4470	4684560	卖盘
09:52:46	10.48	0.01	1548	1622304	买盘
09:52:42	10.47	-0.01	1007	1054329	卖盘
09:52:37	10.48	0.01	2628	2754144	买盘
09:52:31	10.47	-0.01	2467	2582949	卖盘
09:52:27	10.48	0.01	1477	1547896	买盘
09:52:22	10.47	-0.01	3449	3611103	卖盘
09:52:16	10.48	-0.01	747	782856	卖盘
09:52:12	10.49	--	1824	1913376	卖盘
09:52:07	10.49	-0.01	3076	3226724	卖盘
09:52:01	10.5	--	1580	1659000	买盘
09:51:57	10.5	--	2729	2865450	买盘
09:51:52	10.5	--	1251	1313550	卖盘
09:51:46	10.5	--	1517	1592850	卖盘
09:51:42	10.5	--	208	218400	卖盘
09:51:37	10.5	-0.01	9717	10202850	卖盘
09:51:31	10.51	--	1775	1865598	卖盘
09:51:26	10.51	-0.01	1293	1358943	卖盘
09:51:22	10.52	--	3719	3912388	买盘
09:51:16	10.52	--	2160	2272320	卖盘
09:51:12	10.52	-0.01	93	97836	卖盘
09:51:07	10.53	--	769	809757	买盘
09:51:01	10.53	-0.01	2729	2873637	卖盘
09:50:56	10.54	--	133	140182	卖盘
09:50:51	10.54	-0.01	773	814741	卖盘
09:50:46	10.55	--	4190	4420450	卖盘
09:50:40	10.55	-0.01	308	324940	卖盘
09:50:36	10.56	--	3249	3430944	买盘
09:50:31	10.56	0.01	1524	1609344	买盘
09:50:25	10.55	-0.01	321	338655	卖盘
09:50:21	10.56	--	789	833184	买盘
09:50:16	10.56	0.01	229	241824	买盘
09:50:10	10.55	-0.01	3368	3553240	卖盘
09:50:06	10.56	--	1232	1300992	买盘
09:50:01	10.56	--	445	469920	买盘
09:49:55	10.56	--	1001	1057267	卖盘
09:49:51	10.56	-0.01	289	305184	卖盘
09:49:46	10.57	0.01	565	597205	买盘
09:49:40	10.56	--	95	100320	卖盘
09:49:36	10.56	--	998	1053888	卖盘
09:49:31	10.56	0.01	1096	1158220	买盘
09:49:25	10.55	--	181	190955	卖盘
09:49:21	10.55	-0.01	794	837670	卖盘
09:49:16	10.56	--	1358	1434048	买盘
09:49:10	10.56	--	218	230208	买盘
09:49:06	10.56	--	486	513216	买盘
09:49:01	10.56	0.01	1739	1836384	买盘
09:48:55	10.55	--	711	750105	买盘
09:48:51	10.55	--	1601	1689266	卖盘
09:48:46	10.55	--	719	758545	卖盘
09:48:40	10.55	-0.01	422	445210	卖盘
09:48:36	10.56	--	661	698016	买盘
09:48:31	10.56	0.01	1055	1114080	买盘
09:48:25	10.55	-0.01	245	258475	卖盘
09:48:21	10.56	0.01	2113	2231328	买盘
09:48:16	10.55	--	3713	3917215	卖盘
09:48:10	10.55	-0.01	79	83345	卖盘
09:48:06	10.56	0.02	2307	2437036	买盘
09:48:01	10.54	-0.01	973	1025541	卖盘
09:47:55	10.55	--	568	599240	买盘
09:47:51	10.55	--	253	266915	买盘
09:47:46	10.55	--	882	930721	卖盘
09:47:40	10.55	--	1256	1325924	卖盘
09:47:36	10.55	--	227	239485	卖盘
09:47:31	10.55	--	447	471585	卖盘
09:47:25	10.55	0.01	3121	3292655	买盘
09:47:21	10.54	--	209	220285	卖盘
09:47:16	10.54	-0.01	1613	1700101	卖盘
09:47:10	10.55	0.01	1805	1904275	买盘
09:47:06	10.54	-0.01	306	322524	卖盘
09:47:01	10.55	0.01	1917	2022435	买盘
09:46:55	10.54	--	748	788391	卖盘
09:46:51	10.54	--	444	467975	卖盘
09:46:46	10.54	--	3940	4152759	卖盘
09:46:40	10.54	-0.01	884	931735	卖盘
09:46:36	10.55	--	217	228935	买盘
09:46:31	10.55	--	495	522225	买盘
09:46:25	10.55	--	208	219440	买盘
09:46:21	10.55	-0.01	1457	1537135	卖盘
09:46:16	10.56	0.01	1173	1238688	买盘
09:46:10	10.55	--	1579	1665845	卖盘
09:46:06	10.55	-0.01	1332	1405260	卖盘
09:46:01	10.56	--	967	1021152	买盘
09:45:55	10.56	0.01	715	755040	买盘
09:45:51	10.55	--	96	101280	卖盘
09:45:46	10.55	--	1129	1191095	卖盘
09:45:40	10.55	-0.02	365	385075	卖盘
09:45:36	10.57	--	73	77161	买盘
09:45:30	10.57	0.01	1807	1909999	买盘
09:45:25	10.56	--	1328	1402368	买盘
09:45:21	10.56	--	261	275616	买盘
09:45:16	10.56	--	1136	1199616	买盘
09:45:10	10.56	--	530	559680	买盘
09:45:06	10.56	--	858	906048	买盘
09:45:00	10.56	0.01	1398	1476288	买盘
09:44:55	10.55	-0.01	1341	1414755	卖盘
09:44:50	10.56	0.01	118	124608	买盘
09:44:45	10.55	--	283	298565	卖盘
09:44:40	10.55	--	359	378745	卖盘
09:44:35	10.55	0.01	911	961105	买盘
09:44:30	10.54	--	2898	3054491	买盘
09:44:25	10.54	-0.01	179	188665	中性盘
09:44:19	10.55	--	124	130820	买盘
09:44:15	10.55	-0.02	5410	5707550	卖盘
09:44:10	10.57	0.01	285	301245	买盘
09:44:04	10.56	-0.01	130	137280	中性盘
09:44:00	10.57	--	815	861455	买盘
09:43:55	10.57	--	264	279048	买盘
09:43:49	10.57	--	106	112042	买盘
09:43:45	10.57	-0.01	749	791693	卖盘
09:43:40	10.58	--	508	537464	买盘
09:43:34	10.58	-0.01	276	292008	买盘
09:43:30	10.59	--	565	598335	买盘
09:43:25	10.59	0.01	570	603630	买盘
09:43:19	10.58	-0.01	62	65596	卖盘
09:43:15	10.59	--	529	560211	卖盘
09:43:10	10.59	--	2195	2324505	卖盘
09:43:04	10.59	0.01	567	600453	买盘
09:43:00	10.58	--	1210	1280180	卖盘
09:42:55	10.58	-0.01	1010	1068580	卖盘
09:42:49	10.59	--	523	553857	买盘
09:42:45	10.59	0.01	883	935097	买盘
09:42:40	10.58	--	386	408388	卖盘
09:42:34	10.58	--	45	47610	卖盘
09:42:30	10.58	0.02	7006	7412348	买盘
09:42:25	10.56	--	2677	2826912	买盘
09:42:19	10.56	0.01	1076	1136256	买盘
09:42:15	10.55	-0.01	2154	2272470	卖盘
09:42:10	10.56	0.01	235	248160	买盘
09:42:04	10.55	--	124	130820	卖盘
09:42:00	10.55	0.01	1897	2001335	买盘
09:41:55	10.54	--	513	540702	买盘
09:41:49	10.54	-0.01	1217	1282718	中性盘
09:41:45	10.55	0.02	880	928400	买盘
09:41:40	10.53	--	229	241136	卖盘
09:41:34	10.53	--	977	1028780	卖盘
09:41:30	10.53	0.01	306	322218	买盘
09:41:25	10.52	--	276	290352	卖盘
09:41:19	10.52	0.01	395	415540	中性盘
09:41:15	10.51	--	250	262750	卖盘
09:41:10	10.51	-0.02	613	644263	卖盘
09:41:04	10.53	0.02	3634	3826602	买盘
09:41:00	10.51	0.01	799	840726	买盘
09:40:55	10.5	-0.01	3042	3194100	卖盘
09:40:49	10.51	0.01	2173	2283823	买盘
09:40:45	10.5	--	729	765450	卖盘
09:40:40	10.5	--	5768	6056400	卖盘
09:40:34	10.5	0.01	2096	2200800	买盘
09:40:30	10.49	-0.01	2197	2304653	卖盘
09:40:25	10.5	0.01	12191	12800550	买盘
09:40:19	10.49	-0.01	1794	1881906	卖盘
09:40:15	10.5	--	816	856800	买盘
09:40:09	10.5	-0.01	4880	5124073	卖盘
09:40:04	10.51	0.01	8162	8578262	买盘
09:40:00	10.5	--	728	764400	卖盘
09:39:54	10.5	-0.02	7328	7694400	卖盘
09:39:49	10.52	-0.01	1038	1091976	中性盘
09:39:45	10.53	--	775	816075	买盘
09:39:40	10.53	-0.01	2871	3023163	卖盘
09:39:34	10.54	0.01	1283	1352282	买盘
09:39:29	10.53	-0.01	3403	3583359	卖盘
09:39:25	10.54	--	3222	3395987	买盘
09:39:19	10.54	-0.01	2869	3023925	卖盘
09:39:15	10.55	--	509	536995	买盘
09:39:10	10.55	--	3088	3257840	卖盘
09:39:04	10.55	-0.02	1968	2076240	卖盘
09:39:00	10.57	0.01	708	748356	买盘
09:38:54	10.56	-0.01	1199	1266144	卖盘
09:38:49	10.57	--	1782	1883574	买盘
09:38:44	10.57	-0.01	1580	1670060	卖盘
09:38:39	10.58	-0.01	921	974418	买盘
09:38:34	10.59	0.01	1887	1998333	买盘
09:38:30	10.58	-0.01	251	265558	卖盘
09:38:24	10.59	--	810	857790	买盘
09:38:19	10.59	--	979	1036761	买盘
09:38:14	10.59	-0.01	993	1051587	卖盘
09:38:09	10.6	--	473	501380	买盘
09:38:04	10.6	--	1153	1222180	买盘
09:37:58	10.6	0.02	72	76320	买盘
09:37:54	10.58	-0.01	1867	1975286	卖盘
09:37:49	10.59	0.01	1301	1377759	买盘
09:37:43	10.58	-0.01	597	631626	卖盘
09:37:39	10.59	0.01	1365	1445535	买盘
09:37:34	10.58	--	428	452824	买盘
09:37:28	10.58	0.01	882	933156	买盘
09:37:24	10.57	0.01	886	936502	中性盘
09:37:19	10.56	--	449	474144	卖盘
09:37:13	10.56	--	367	387552	卖盘
09:37:09	10.56	0.01	1706	1801536	买盘
09:37:04	10.55	--	3041	3208255	买盘
09:36:58	10.55	--	476	502180	买盘
09:36:54	10.55	-0.01	3636	3835980	卖盘
09:36:49	10.56	--	835	881760	买盘
09:36:43	10.56	0.01	163	172128	中性盘
09:36:39	10.55	-0.03	2556	2696580	卖盘
09:36:34	10.58	-0.02	3669	3881802	卖盘
09:36:28	10.6	--	997	1056820	买盘
09:36:24	10.6	-0.02	1456	1543360	中性盘
09:36:19	10.62	--	3784	4018607	买盘
09:36:13	10.62	--	698	741276	买盘
09:36:09	10.62	-0.01	2048	2174976	卖盘
09:36:04	10.63	0.01	3127	3324001	买盘
09:35:58	10.62	-0.01	1323	1405026	卖盘
09:35:54	10.63	0.01	1130	1201190	买盘
09:35:49	10.62	-0.02	540	573480	中性盘
09:35:43	10.64	0.04	4275	4548600	买盘
09:35:39	10.6	0.01	2181	2311860	买盘
09:35:34	10.59	-0.01	2496	2643264	卖盘
09:35:28	10.6	0.01	845	895700	买盘
09:35:24	10.59	0.01	1108	1173372	买盘
09:35:19	10.58	--	738	780804	卖盘
09:35:13	10.58	--	914	967012	买盘
09:35:09	10.58	--	3330	3523140	买盘
09:35:04	10.58	--	2617	2768786	买盘
09:34:58	10.58	--	2389	2527562	买盘
09:34:54	10.58	--	1392	1472736	买盘
09:34:49	10.58	--	757	800906	买盘
09:34:43	10.58	--	767	811486	买盘
09:34:39	10.58	0.01	80	84640	买盘
09:34:34	10.57	0.01	5542	5857894	买盘
09:34:28	10.56	--	1386	1463616	卖盘
09:34:24	10.56	-0.01	133	140448	卖盘
09:34:19	10.57	0.02	5670	5993190	买盘
09:34:13	10.55	--	1334	1407370	卖盘
09:34:09	10.55	0.01	856	903080	买盘
09:34:04	10.54	-0.01	2024	2133296	卖盘
09:33:58	10.55	0.02	1979	2087845	买盘
09:33:54	10.53	-0.02	1253	1319409	卖盘
09:33:48	10.55	0.01	2456	2591691	买盘
09:33:43	10.54	-0.01	1291	1360714	卖盘
09:33:39	10.55	--	706	744830	买盘
09:33:33	10.55	0.01	1144	1206920	买盘
09:33:28	10.54	--	1039	1095106	卖盘
09:33:23	10.54	--	222	233987	买盘
09:33:18	10.54	--	1327	1398658	买盘
09:33:13	10.54	--	914	963355	卖盘
09:33:09	10.54	-0.01	2174	2291396	买盘
09:33:03	10.55	0.02	1167	1231185	买盘
09:32:58	10.53	--	1103	1161459	卖盘
09:32:54	10.53	-0.02	1524	1604772	卖盘
09:32:48	10.55	0.02	1267	1336685	买盘
09:32:43	10.53	--	966	1017197	卖盘
09:32:38	10.53	0.02	1192	1255176	卖盘
09:32:33	10.51	-0.02	11088	11653855	卖盘
09:32:28	10.53	-0.02	9674	10186722	卖盘
09:32:23	10.55	-0.01	301	317555	卖盘
09:32:18	10.56	0.01	2776	2931456	买盘
09:32:13	10.55	--	1694	1787170	买盘
09:32:08	10.55	--	1081	1140455	买盘
09:32:03	10.55	-0.01	3112	3283160	卖盘
09:31:58	10.56	0.01	2278	2405568	买盘
09:31:52	10.55	--	2675	2822125	卖盘
09:31:48	10.55	--	3046	3213530	买盘
09:31:43	10.55	--	1936	2042480	买盘
09:31:37	10.55	--	1893	1997115	买盘
09:31:33	10.55	--	3722	3926710	卖盘
09:31:28	10.55	--	1608	1696440	卖盘
09:31:22	10.55	--	719	758545	卖盘
09:31:18	10.55	0.01	1792	1890560	买盘
09:31:13	10.54	0.01	2360	2487440	买盘
09:31:07	10.53	0.01	248	261143	买盘
09:31:03	10.52	--	2194	2308088	买盘
09:30:58	10.52	0.02	1590	1672680	买盘
09:30:52	10.5	-0.01	1967	2065350	卖盘
09:30:48	10.51	--	4507	4736857	买盘
09:30:43	10.51	0.01	3636	3821436	买盘
09:30:37	10.5	--	2594	2723700	买盘
09:30:33	10.5	--	1988	2087400	买盘
09:30:28	10.5	-0.03	5155	5412750	卖盘
09:30:22	10.53	0.01	779	820287	买盘
09:30:18	10.52	-0.02	9453	9944556	卖盘
09:30:13	10.54	--	1034	1089836	买盘
09:30:07	10.54	-0.02	11024	11619295	中性盘
09:30:03	10.56	-0.02	16843	17786208	卖盘
09:28:52	10.58	--	0	0	买盘
09:25:06	10.58	10.58	16981	17965898	买盘
