成交时间	成交价	价格变动	成交量(手)	成交额(元)	性质
15:00:00	6.21	--	0	0	卖盘
15:00:00	6.21	0.01	10	6210	中性盘
14:59:59	6.2	-0.02	51	31620	卖盘
14:59:53	6.22	0.01	5	3110	买盘
14:59:49	6.21	0.01	15	9315	中性盘
14:59:34	6.2	--	20	12400	卖盘
14:59:23	6.2	--	5	3100	卖盘
14:59:19	6.2	-0.01	109	67580	卖盘
14:59:14	6.21	0.01	3	1863	买盘
14:59:04	6.2	-0.01	35	21700	卖盘
14:58:59	6.21	--	15	9315	买盘
14:58:53	6.21	--	4	2484	买盘
14:58:49	6.21	--	12	7452	买盘
14:58:34	6.21	--	22	13662	卖盘
14:58:29	6.21	--	115	71415	卖盘
14:58:19	6.21	--	15	9315	卖盘
14:58:14	6.21	0.01	115	71415	买盘
14:58:08	6.2	--	27	16740	卖盘
14:58:04	6.2	--	20	12400	卖盘
14:57:59	6.2	-0.01	16	9920	卖盘
14:57:53	6.21	--	100	62100	买盘
14:57:49	6.21	0.01	33	20493	买盘
14:57:44	6.2	--	40	24800	卖盘
14:57:38	6.2	-0.01	68	42160	卖盘
14:57:34	6.21	0.01	202	125442	买盘
14:57:23	6.2	--	20	12400	卖盘
14:57:19	6.2	-0.01	48	29760	卖盘
14:57:08	6.21	--	217	134757	买盘
14:56:49	6.21	0.01	17	10557	买盘
14:56:34	6.2	--	470	291400	卖盘
14:56:23	6.2	--	43	26660	卖盘
14:56:19	6.2	--	9	5580	卖盘
14:56:14	6.2	-0.01	186	115320	卖盘
14:56:08	6.21	--	1500	931500	买盘
14:56:04	6.21	--	2	1242	买盘
14:55:59	6.21	0.01	100	62100	买盘
14:55:49	6.2	--	72	44640	卖盘
14:55:29	6.2	-0.01	4	2480	卖盘
14:55:19	6.21	--	12	7452	买盘
14:55:14	6.21	--	2	1242	买盘
14:55:08	6.21	0.01	100	62100	买盘
14:55:04	6.2	-0.01	35	21700	卖盘
14:54:34	6.21	0.01	26	16146	买盘
14:54:29	6.2	--	10	6200	卖盘
14:54:23	6.2	-0.01	50	31000	卖盘
14:54:19	6.21	--	125	77625	买盘
14:54:13	6.21	0.01	62	38502	买盘
14:54:04	6.2	-0.01	15	9300	卖盘
14:53:58	6.21	--	24	14904	买盘
14:53:53	6.21	0.01	62	38502	买盘
14:53:32	6.2	--	40	24800	卖盘
14:53:28	6.2	-0.01	20	12400	卖盘
14:53:23	6.21	0.01	38	23598	买盘
14:52:58	6.2	-0.01	10	6200	卖盘
14:52:47	6.21	--	19	11799	买盘
14:52:43	6.21	--	34	21114	买盘
14:52:23	6.21	--	145	90045	买盘
14:52:13	6.21	0.01	42	26082	买盘
14:52:08	6.2	-0.01	6	3720	卖盘
14:51:58	6.21	--	6	3726	买盘
14:51:47	6.21	--	1	621	买盘
14:51:38	6.21	--	11	6831	买盘
14:51:23	6.21	0.01	5	3105	买盘
14:51:13	6.2	-0.01	36	22320	卖盘
14:50:53	6.21	--	30	18630	买盘
14:50:47	6.21	0.01	32	19872	买盘
14:50:43	6.2	--	200	124000	卖盘
14:50:38	6.2	-0.01	13	8060	卖盘
14:50:32	6.21	0.01	6	3726	买盘
14:50:28	6.2	-0.01	15	9672	卖盘
14:50:23	6.21	0.01	516	320436	买盘
14:50:13	6.2	--	20	12400	卖盘
14:50:08	6.2	-0.01	15	9300	卖盘
14:50:02	6.21	--	6	3726	买盘
14:49:58	6.21	0.01	100	62100	买盘
14:49:47	6.2	--	67	41540	卖盘
14:49:38	6.2	-0.01	1	620	卖盘
14:49:28	6.21	--	110	68310	买盘
14:49:02	6.21	0.01	80	49680	买盘
14:48:47	6.2	-0.01	10	6200	卖盘
14:48:28	6.21	--	50	31050	买盘
14:48:08	6.21	0.01	29	18009	买盘
14:47:58	6.2	--	101	62620	卖盘
14:47:53	6.2	--	1	620	卖盘
14:47:47	6.2	--	32	20447	卖盘
14:47:42	6.2	--	5	3100	卖盘
14:47:37	6.2	--	75	46822	卖盘
14:47:17	6.2	--	3	1860	卖盘
14:47:07	6.2	--	92	57622	买盘
14:46:52	6.2	--	133	82460	买盘
14:46:47	6.2	--	84	52080	买盘
14:46:32	6.2	--	5	3100	买盘
14:46:22	6.2	--	100	62037	卖盘
14:46:11	6.2	--	8	4960	卖盘
14:46:07	6.2	--	48	29760	卖盘
14:46:02	6.2	0.01	108	67542	买盘
14:45:32	6.19	--	172	106468	卖盘
14:45:22	6.19	-0.01	124	76756	卖盘
14:45:02	6.2	--	15	9300	买盘
14:44:56	6.2	--	10	6200	买盘
14:44:52	6.2	--	300	186000	买盘
14:44:47	6.2	--	60	37200	卖盘
14:44:41	6.2	--	84	52080	卖盘
14:44:37	6.2	--	50	31000	卖盘
14:44:32	6.2	--	21	13020	卖盘
14:44:22	6.2	--	286	177320	卖盘
14:44:07	6.2	--	100	62000	卖盘
14:43:52	6.2	-0.01	2	1240	卖盘
14:43:37	6.21	0.01	3	1863	买盘
14:43:26	6.2	--	70	43400	卖盘
14:43:17	6.2	--	28	17360	卖盘
14:43:02	6.2	--	11	6820	卖盘
14:42:56	6.2	--	25	15500	卖盘
14:42:32	6.2	--	2	1240	卖盘
14:42:26	6.2	--	118	73160	卖盘
14:42:22	6.2	--	2	1240	卖盘
14:42:17	6.2	--	100	62000	卖盘
14:41:47	6.2	--	12	7440	卖盘
14:41:21	6.2	--	35	21700	卖盘
14:41:17	6.2	--	6	3720	卖盘
14:41:05	6.2	--	10	6200	卖盘
14:40:41	6.2	--	22	13640	卖盘
14:40:31	6.2	--	110	68200	卖盘
14:40:26	6.2	--	10	6200	卖盘
14:40:20	6.2	-0.01	4	2480	卖盘
14:40:01	6.21	--	10	6210	买盘
14:39:26	6.21	--	35	21735	买盘
14:38:56	6.21	--	31	19251	买盘
14:38:46	6.21	0.01	10	6210	买盘
14:38:20	6.2	-0.01	70	43400	卖盘
14:38:11	6.21	0.01	16	9936	买盘
14:38:01	6.2	--	9	5580	卖盘
14:37:41	6.2	-0.01	5	3100	卖盘
14:37:35	6.21	--	4	2484	买盘
14:37:31	6.21	--	4	2484	买盘
14:37:20	6.21	--	8	4968	买盘
14:37:16	6.21	--	50	31050	买盘
14:37:05	6.21	0.01	8	4968	买盘
14:37:01	6.2	-0.01	10	6200	卖盘
14:36:50	6.21	0.01	4	2484	买盘
14:36:41	6.2	--	1	620	卖盘
14:36:31	6.2	--	241	149420	卖盘
14:36:26	6.2	--	20	12400	卖盘
14:35:56	6.2	--	11	6820	卖盘
14:35:35	6.2	--	41	25420	卖盘
14:35:15	6.2	-0.01	50	31000	卖盘
14:35:10	6.21	0.01	35	21735	买盘
14:34:50	6.2	--	122	75640	卖盘
14:34:35	6.2	-0.01	21	13020	卖盘
14:34:20	6.21	0.01	302	187542	买盘
14:34:05	6.2	--	9	5580	卖盘
14:33:50	6.2	--	6	3720	卖盘
14:33:44	6.2	-0.01	10	6200	卖盘
14:33:35	6.21	0.01	19	11799	买盘
14:33:10	6.2	--	28	17360	卖盘
14:32:59	6.2	--	20	12400	卖盘
14:32:50	6.2	-0.01	2	1240	卖盘
14:32:44	6.21	--	74	45954	买盘
14:32:40	6.21	0.01	10	6210	买盘
14:32:25	6.2	--	96	59520	卖盘
14:32:10	6.2	-0.01	50	31000	卖盘
14:31:59	6.21	--	179	111159	买盘
14:31:55	6.21	--	50	31050	买盘
14:31:35	6.21	--	10	6210	买盘
14:31:25	6.21	0.01	91	56511	买盘
14:31:05	6.2	--	18	11160	卖盘
14:30:50	6.2	-0.01	12	7440	卖盘
14:30:44	6.21	--	5	3105	买盘
14:30:40	6.21	0.01	30	18630	买盘
14:30:25	6.2	-0.01	50	31000	卖盘
14:30:20	6.21	--	41	25461	买盘
14:29:55	6.21	--	100	62100	买盘
14:29:29	6.21	0.01	4	2484	买盘
14:29:25	6.2	--	43	26660	卖盘
14:29:05	6.2	--	10	6200	卖盘
14:28:24	6.2	--	1	620	卖盘
14:28:19	6.2	--	1	620	卖盘
14:28:04	6.2	--	46	28520	买盘
14:27:59	6.2	--	14	8680	卖盘
14:27:34	6.2	--	26	16120	买盘
14:27:29	6.2	--	24	14880	买盘
14:27:23	6.2	--	74	45880	卖盘
14:26:53	6.2	--	44	27280	买盘
14:26:49	6.2	--	26	16120	买盘
14:26:44	6.2	--	30	18600	买盘
14:26:23	6.2	--	5	3100	买盘
14:26:19	6.2	--	3	1860	卖盘
14:26:14	6.2	--	111	68820	卖盘
14:25:23	6.2	--	3	1860	卖盘
14:25:19	6.2	--	96	59520	买盘
14:25:14	6.2	--	4	2480	买盘
14:24:59	6.2	--	132	81840	卖盘
14:24:53	6.2	-0.01	23	14260	卖盘
14:24:49	6.21	0.01	83	51543	买盘
14:24:44	6.2	--	10	6200	卖盘
14:24:34	6.2	--	1	620	卖盘
14:24:19	6.2	--	40	24800	卖盘
14:24:08	6.2	--	11	6820	卖盘
14:24:04	6.2	--	22	13640	卖盘
14:23:34	6.2	--	23	14260	卖盘
14:23:23	6.2	--	3	1860	卖盘
14:23:19	6.2	--	1	620	卖盘
14:23:14	6.2	--	2	1240	卖盘
14:22:49	6.2	--	10	6200	卖盘
14:22:43	6.2	-0.01	10	6200	卖盘
14:22:29	6.21	0.01	55	34155	买盘
14:21:58	6.2	-0.01	319	197780	卖盘
14:21:13	6.21	0.01	150	93150	买盘
14:21:08	6.2	-0.01	4	2480	卖盘
14:20:58	6.21	0.01	10	6210	买盘
14:20:23	6.2	--	199	123380	卖盘
14:20:13	6.2	-0.01	12	7440	卖盘
14:19:53	6.21	--	20	12420	买盘
14:19:47	6.21	0.01	20	12420	买盘
14:19:38	6.2	-0.01	21	13020	卖盘
14:19:28	6.21	--	153	95013	买盘
14:19:23	6.21	--	2	1242	买盘
14:19:08	6.21	--	10	6210	买盘
14:18:38	6.21	--	30	18630	买盘
14:18:32	6.21	--	15	9315	买盘
14:18:23	6.21	--	39	24219	买盘
14:18:13	6.21	0.01	5	3105	买盘
14:18:08	6.2	-0.01	3	1860	卖盘
14:17:58	6.21	--	4	2484	买盘
14:17:53	6.21	--	102	63342	买盘
14:17:28	6.21	0.02	14	8694	买盘
14:17:23	6.19	-0.01	100	61900	卖盘
14:17:02	6.2	--	20	12734	买盘
14:16:58	6.2	--	284	176080	买盘
14:16:47	6.2	--	200	124000	买盘
14:16:43	6.2	--	32	19840	买盘
14:16:37	6.2	--	3	1860	买盘
14:16:28	6.2	--	100	62000	买盘
14:16:22	6.2	--	26	16120	买盘
14:16:17	6.2	--	5	3100	买盘
14:16:13	6.2	--	50	31000	买盘
14:16:08	6.2	0.01	25	15500	买盘
14:15:58	6.19	--	1	619	卖盘
14:15:28	6.19	--	6	3714	卖盘
14:15:17	6.19	--	108	66858	买盘
14:15:12	6.19	--	12	7428	买盘
14:15:07	6.19	--	322	199318	买盘
14:15:02	6.19	--	24	14856	买盘
14:14:52	6.19	0.01	665	411635	买盘
14:14:47	6.18	-0.01	0	160	卖盘
14:14:41	6.19	--	25	15475	买盘
14:14:32	6.19	--	56	34664	买盘
14:14:22	6.19	--	5	3095	买盘
14:14:17	6.19	--	34	21046	买盘
14:14:02	6.19	0.01	100	61900	买盘
14:13:47	6.18	--	16	9888	卖盘
14:13:37	6.18	--	10	6180	卖盘
14:13:22	6.18	--	2	1236	卖盘
14:12:32	6.18	-0.01	150	92700	卖盘
14:12:22	6.19	0.01	30	18570	买盘
14:12:17	6.18	-0.01	168	103824	卖盘
14:12:11	6.19	--	110	68090	买盘
14:11:22	6.19	0.01	4	2476	买盘
14:11:16	6.18	-0.01	0	49	卖盘
14:11:11	6.19	0.01	3	1857	买盘
14:10:56	6.18	--	22	13596	卖盘
14:10:52	6.18	-0.01	11	6798	卖盘
14:10:47	6.19	0.01	37	22903	买盘
14:10:31	6.18	-0.01	30	18540	卖盘
14:10:22	6.19	0.01	5	3095	买盘
14:10:02	6.18	-0.01	30	18540	卖盘
14:09:36	6.19	--	2	1238	买盘
14:09:21	6.19	0.01	5	3707	买盘
14:08:50	6.18	--	9	5562	卖盘
14:08:41	6.18	--	46	28428	卖盘
14:08:36	6.18	-0.01	16	9888	卖盘
14:08:26	6.19	0.01	5	3095	买盘
14:08:11	6.18	--	95	58932	卖盘
14:08:05	6.18	--	20	12360	卖盘
14:07:56	6.18	--	51	31518	卖盘
14:07:35	6.18	--	0	18	卖盘
14:07:26	6.18	-0.01	21	12978	卖盘
14:07:16	6.19	0.01	21	12999	买盘
14:06:41	6.18	-0.01	0	30	卖盘
14:06:26	6.19	0.01	5	3095	买盘
14:06:16	6.18	--	30	18540	卖盘
14:05:26	6.18	--	16	9888	卖盘
14:04:31	6.18	-0.01	6	3708	卖盘
14:04:26	6.19	0.01	4	2476	买盘
14:04:01	6.18	--	1	618	卖盘
14:03:56	6.18	-0.01	4	2472	卖盘
14:03:40	6.19	--	25	15475	买盘
14:03:25	6.19	--	5	3095	买盘
14:03:10	6.19	--	100	61900	买盘
14:02:55	6.19	--	10	6190	买盘
14:02:40	6.19	--	8	4952	买盘
14:02:25	6.19	--	11	6809	买盘
14:02:05	6.19	--	10	6190	买盘
14:01:40	6.19	--	1	619	买盘
14:01:25	6.19	--	27	16713	买盘
14:01:10	6.19	--	1	619	买盘
14:00:40	6.19	--	1	619	买盘
14:00:25	6.19	--	4	2476	买盘
14:00:10	6.19	0.01	20	12380	买盘
13:59:50	6.18	--	45	27810	卖盘
13:59:29	6.18	-0.01	60	37080	卖盘
13:59:25	6.19	0.01	5	3095	买盘
13:59:14	6.18	-0.01	20	12360	卖盘
13:59:05	6.19	0.01	108	66852	买盘
13:58:50	6.18	-0.01	5	3090	卖盘
13:58:25	6.19	--	2	1238	买盘
13:57:40	6.19	0.01	14	8666	买盘
13:57:19	6.18	-0.01	12	7416	卖盘
13:57:14	6.19	0.01	50	30950	买盘
13:56:55	6.18	--	9	5562	卖盘
13:56:19	6.18	--	25	15450	卖盘
13:55:59	6.18	--	0	6	卖盘
13:55:49	6.18	--	17	10506	卖盘
13:55:34	6.18	-0.01	10	6180	卖盘
13:55:14	6.19	0.01	1	619	买盘
13:54:44	6.18	--	1	618	卖盘
13:54:34	6.18	-0.01	20	12360	卖盘
13:54:19	6.19	0.01	20	12380	买盘
13:54:14	6.18	--	5	3090	卖盘
13:53:44	6.18	--	30	18540	卖盘
13:53:14	6.18	--	40	24720	卖盘
13:53:08	6.18	-0.01	8	4944	卖盘
13:51:44	6.19	--	5	3095	买盘
13:51:34	6.19	0.01	4	2476	买盘
13:51:19	6.18	-0.01	30	18540	卖盘
13:51:08	6.19	--	23	14237	买盘
13:50:48	6.19	0.01	6	3714	买盘
13:50:29	6.18	--	5	3090	卖盘
13:50:23	6.18	--	27	16686	卖盘
13:50:13	6.18	-0.01	63	38934	卖盘
13:49:59	6.19	0.01	26	16094	买盘
13:49:48	6.18	-0.01	24	14832	卖盘
13:49:28	6.19	--	2	1238	买盘
13:48:53	6.19	--	56	34664	卖盘
13:48:18	6.19	--	0	0	中性盘
13:48:13	6.19	--	0	0	买盘
13:48:08	6.19	--	40	24760	买盘
13:48:02	6.19	--	18	11142	买盘
13:47:58	6.19	--	63	38997	买盘
13:47:28	6.19	--	39	24141	买盘
13:47:13	6.19	0.01	19	11761	买盘
13:46:28	6.18	--	20	12360	卖盘
13:46:13	6.18	--	8	4944	卖盘
13:45:42	6.18	--	1	618	卖盘
13:45:23	6.18	--	2	1236	卖盘
13:44:53	6.18	-0.01	30	18540	卖盘
13:44:42	6.19	--	51	31569	买盘
13:44:12	6.19	0.01	5	3095	买盘
13:43:38	6.18	--	4	2472	卖盘
13:43:32	6.18	--	6	3708	卖盘
13:42:52	6.18	--	12	7416	卖盘
13:41:57	6.18	--	318	196524	卖盘
13:41:47	6.18	--	2	1236	卖盘
13:41:22	6.18	-0.01	401	247818	卖盘
13:40:52	6.19	--	19	11761	买盘
13:40:32	6.19	0.01	29	17951	卖盘
13:39:41	6.18	--	0	0	卖盘
13:39:02	6.18	--	20	12360	卖盘
13:38:52	6.18	--	14	8652	卖盘
13:38:47	6.18	-0.01	507	313326	卖盘
13:38:41	6.19	0.01	28	17567	买盘
13:37:51	6.18	--	0	241	卖盘
13:37:47	6.18	--	3	1854	卖盘
13:37:41	6.18	-0.01	20	12360	卖盘
13:37:32	6.19	0.01	11	6809	买盘
13:37:26	6.18	--	19	11742	卖盘
13:37:21	6.18	--	55	33990	卖盘
13:36:51	6.18	-0.01	13	8034	卖盘
13:36:41	6.19	0.01	9	5571	买盘
13:36:02	6.18	-0.01	30	18540	卖盘
13:35:56	6.19	--	20	12380	买盘
13:35:46	6.19	--	26	16094	买盘
13:35:31	6.19	--	251	155567	卖盘
13:35:26	6.19	-0.01	0	321	卖盘
13:35:21	6.2	0.01	17	10540	买盘
13:35:11	6.19	-0.01	12	7428	卖盘
13:35:06	6.2	0.01	100	62000	买盘
13:34:46	6.19	-0.01	24	14856	卖盘
13:34:31	6.2	--	10	6200	买盘
13:34:26	6.2	0.01	4	2480	买盘
13:34:16	6.19	--	3	1857	卖盘
13:33:41	6.19	--	125	77474	买盘
13:33:35	6.19	--	107	66233	买盘
13:33:31	6.19	--	46	28474	买盘
13:33:26	6.19	--	35	21665	买盘
13:33:01	6.19	--	51	31569	买盘
13:32:41	6.19	--	22	13618	买盘
13:32:26	6.19	--	5	3095	买盘
13:32:05	6.19	--	19	11761	买盘
13:31:26	6.19	--	5	3095	买盘
13:31:20	6.19	--	22	13618	买盘
13:31:05	6.19	--	10	6190	买盘
13:31:00	6.19	--	10	6190	买盘
13:30:56	6.19	--	22	13618	买盘
13:30:30	6.19	--	34	21046	买盘
13:30:26	6.19	--	4	2476	买盘
13:29:56	6.19	--	50	30950	买盘
13:29:45	6.19	--	24	14856	买盘
13:29:25	6.19	--	33	20427	买盘
13:29:15	6.19	0.01	4	2476	买盘
13:29:10	6.18	-0.01	277	171668	卖盘
13:29:00	6.19	--	72	44568	买盘
13:28:55	6.19	--	14	8666	买盘
13:28:40	6.19	--	100	61900	买盘
13:28:15	6.19	0.01	200	123800	买盘
13:28:10	6.18	-0.01	10	6180	卖盘
13:27:55	6.19	--	3	1857	买盘
13:27:40	6.19	--	186	115134	买盘
13:27:10	6.19	0.01	41	25379	买盘
13:26:55	6.18	-0.01	70	43260	卖盘
13:26:40	6.19	--	44	27236	买盘
13:26:25	6.19	--	53	32807	买盘
13:26:05	6.19	--	107	66233	买盘
13:25:44	6.19	0.01	10	6190	买盘
13:25:20	6.18	--	31	19158	卖盘
13:24:59	6.18	--	19	11742	卖盘
13:24:44	6.18	-0.01	0	111	卖盘
13:24:39	6.19	--	5	3095	买盘
13:24:35	6.19	--	20	12380	买盘
13:24:24	6.19	--	2	1238	买盘
13:22:14	6.19	--	25	15475	买盘
13:22:09	6.19	-0.01	136	84227	卖盘
13:21:39	6.2	--	60	37200	买盘
13:20:44	6.2	0.01	6	3720	买盘
13:19:38	6.19	-0.01	10	6190	卖盘
13:19:34	6.2	0.01	85	52700	买盘
13:19:19	6.19	--	1	1194	卖盘
13:18:59	6.19	--	7	4555	买盘
13:18:44	6.19	0.01	20	12380	买盘
13:18:14	6.18	--	5	3090	卖盘
13:17:59	6.18	--	0	296	卖盘
13:17:33	6.18	-0.01	0	444	卖盘
13:17:29	6.19	0.01	21	12999	买盘
13:17:18	6.18	--	9	5562	卖盘
13:16:28	6.18	--	0	296	卖盘
13:16:03	6.18	-0.01	30	18540	卖盘
13:15:53	6.19	--	6	3714	买盘
13:15:48	6.19	--	48	29712	买盘
13:15:33	6.19	--	44	27793	卖盘
13:15:28	6.19	0.01	0	61	卖盘
13:14:08	6.18	--	0	0	卖盘
13:13:08	6.18	-0.01	48	29664	卖盘
13:12:58	6.19	--	8	4952	买盘
13:12:08	6.19	--	60	37140	卖盘
13:11:47	6.19	-0.01	13	8047	卖盘
13:11:42	6.2	0.02	10	6200	买盘
13:11:27	6.18	--	206	127308	卖盘
13:10:47	6.18	--	4	2472	卖盘
13:10:23	6.18	--	10	6180	卖盘
13:10:12	6.18	--	44	27192	卖盘
13:09:57	6.18	-0.01	5	3090	卖盘
13:09:53	6.19	-0.01	3	1857	卖盘
13:09:42	6.2	0.03	3	1860	买盘
13:09:27	6.17	-0.03	1329	819993	卖盘
13:09:12	6.2	0.01	100	62000	买盘
13:08:57	6.19	--	5	3095	买盘
13:08:37	6.19	-0.01	45	27855	卖盘
13:08:27	6.2	--	17	10540	买盘
13:08:22	6.2	--	1	620	买盘
13:07:37	6.2	--	1	620	买盘
13:07:27	6.2	0.01	4	2480	买盘
13:06:22	6.19	-0.01	36	22284	卖盘
13:06:17	6.2	0.01	10	6200	买盘
13:06:11	6.19	-0.01	10	6190	卖盘
13:06:07	6.2	0.01	15	9300	买盘
13:05:11	6.19	--	4	2476	卖盘
13:04:26	6.19	--	10	6190	卖盘
13:04:21	6.19	--	15	9285	卖盘
13:03:21	6.19	--	70	43330	卖盘
13:03:06	6.19	--	1	619	卖盘
13:02:46	6.19	--	5	3095	买盘
13:02:41	6.19	--	41	25379	买盘
13:02:31	6.19	--	100	61900	买盘
13:01:36	6.19	--	10	6190	买盘
13:01:31	6.19	--	50	30950	买盘
13:01:26	6.19	--	1	619	买盘
13:00:11	6.19	0.01	40	24760	买盘
13:00:05	6.18	-0.01	324	200232	卖盘
11:30:00	6.19	--	0	0	买盘
11:30:00	6.19	--	0	0	买盘
11:29:52	6.19	--	4	2476	买盘
11:29:22	6.19	0.01	2	1238	买盘
11:29:12	6.18	--	11	6798	卖盘
11:26:41	6.18	--	50	30900	卖盘
11:26:37	6.18	--	193	119274	买盘
11:26:31	6.18	0.01	1	618	买盘
11:26:16	6.17	--	40	24680	卖盘
11:25:46	6.17	-0.01	10	6170	卖盘
11:25:10	6.18	--	10	6180	买盘
11:25:01	6.18	--	19	11742	买盘
11:24:46	6.18	0.01	40	24720	买盘
11:24:40	6.17	-0.01	13	8021	卖盘
11:24:06	6.18	0.01	20	12360	买盘
11:23:36	6.17	--	152	93784	卖盘
11:23:31	6.17	-0.01	27	16659	卖盘
11:23:21	6.18	0.01	101	62418	买盘
11:23:16	6.17	--	242	149314	卖盘
11:23:10	6.17	--	40	24680	卖盘
11:23:06	6.17	--	11	6787	卖盘
11:23:01	6.17	--	349	215333	卖盘
11:22:51	6.17	--	5	3085	卖盘
11:22:46	6.17	--	268	165356	卖盘
11:22:40	6.17	-0.01	25	15425	卖盘
11:22:36	6.18	0.01	33	20394	买盘
11:22:06	6.17	--	5	3085	卖盘
11:21:40	6.17	--	52	32084	卖盘
11:21:21	6.17	--	0	0	卖盘
11:21:16	6.17	-0.01	200	123400	卖盘
11:21:06	6.18	--	237	146466	卖盘
11:21:01	6.18	--	75	46350	卖盘
11:20:35	6.18	-0.01	130	80340	卖盘
11:20:31	6.19	--	110	68090	卖盘
11:20:25	6.19	--	30	18570	卖盘
11:20:20	6.19	0.01	35	21665	买盘
11:19:55	6.18	--	1	618	卖盘
11:19:10	6.18	--	10	6180	卖盘
11:18:55	6.18	--	7	4326	卖盘
11:18:49	6.18	--	50	30900	卖盘
11:18:34	6.18	--	3	1854	卖盘
11:18:30	6.18	-0.01	5	3090	卖盘
11:18:10	6.19	--	100	61900	买盘
11:18:00	6.19	--	135	83565	卖盘
11:17:49	6.19	--	6	3714	卖盘
11:17:45	6.19	-0.01	106	65614	卖盘
11:17:34	6.2	0.01	5	3100	买盘
11:17:25	6.19	--	55	34045	卖盘
11:17:15	6.19	-0.01	2	1238	卖盘
11:16:55	6.2	--	10	6200	买盘
11:16:45	6.2	0.01	20	12400	买盘
11:16:40	6.19	--	18	11142	卖盘
11:16:19	6.19	--	7	4333	卖盘
11:15:49	6.19	--	3	1857	卖盘
11:15:15	6.19	--	21	12999	卖盘
11:14:25	6.19	--	175	108325	卖盘
11:13:24	6.19	-0.01	20	12380	卖盘
11:13:10	6.2	--	0	0	买盘
11:12:54	6.2	0.01	242	150040	买盘
11:12:49	6.19	--	1	619	买盘
11:12:34	6.19	0.01	28	17332	买盘
11:12:28	6.18	--	36	22248	卖盘
11:12:24	6.18	--	4	2472	卖盘
11:12:19	6.18	--	1	618	卖盘
11:11:58	6.18	--	10	6180	卖盘
11:11:54	6.18	--	59	36462	卖盘
11:11:34	6.18	--	24	15196	卖盘
11:11:19	6.18	-0.01	58	35844	卖盘
11:10:58	6.19	-0.01	192	118848	卖盘
11:10:49	6.2	--	13	8060	买盘
11:09:43	6.2	--	5	3354	卖盘
11:09:24	6.2	--	2	1240	卖盘
11:09:19	6.2	--	21	13020	卖盘
11:09:13	6.2	--	4	2480	卖盘
11:09:09	6.2	-0.01	100	62000	卖盘
11:08:43	6.21	0.01	21	13041	买盘
11:08:39	6.2	-0.01	167	103540	卖盘
11:08:24	6.21	--	5	3105	买盘
11:08:13	6.21	0.01	1	621	买盘
11:08:04	6.2	--	5	3100	卖盘
11:07:58	6.2	--	6	3720	卖盘
11:07:49	6.2	--	10	6200	卖盘
11:07:39	6.2	--	51	31620	卖盘
11:07:34	6.2	--	5	3100	卖盘
11:07:28	6.2	-0.01	10	6200	卖盘
11:07:22	6.21	--	78	48438	买盘
11:07:19	6.21	0.01	22	13662	买盘
11:07:13	6.2	--	110	68200	卖盘
11:06:58	6.2	--	73	45260	卖盘
11:06:48	6.2	--	50	31000	卖盘
11:06:37	6.2	--	20	12400	卖盘
11:06:34	6.2	--	5	3100	卖盘
11:06:28	6.2	-0.01	100	62000	卖盘
11:06:22	6.21	0.01	5	3105	买盘
11:06:03	6.2	--	3	1860	卖盘
11:05:33	6.2	--	10	6200	卖盘
11:05:28	6.2	--	20	12400	卖盘
11:05:22	6.2	--	17	10540	卖盘
11:05:18	6.2	--	2	1240	卖盘
11:05:13	6.2	--	5	3100	卖盘
11:04:33	6.2	-0.01	40	24800	卖盘
11:04:22	6.21	0.01	3	1863	买盘
11:03:58	6.2	-0.01	3	1860	卖盘
11:03:37	6.21	--	33	20493	买盘
11:03:13	6.21	0.01	19	11799	买盘
11:02:03	6.2	--	5	3100	卖盘
11:01:13	6.2	-0.01	80	49600	卖盘
11:00:43	6.21	0.01	1	621	买盘
11:00:22	6.2	--	10	6200	卖盘
10:59:46	6.2	-0.01	9	5580	卖盘
10:59:42	6.21	--	8	4968	买盘
10:59:37	6.21	--	18	11178	买盘
10:59:31	6.21	0.01	27	16767	买盘
10:59:27	6.2	--	300	186000	卖盘
10:59:16	6.2	--	362	224440	卖盘
10:58:52	6.2	-0.01	302	187240	卖盘
10:58:46	6.21	--	420	260820	买盘
10:58:37	6.21	--	16	9936	买盘
10:58:22	6.21	0.01	8	4968	买盘
10:58:01	6.2	-0.01	100	62000	卖盘
10:57:52	6.21	--	13	8073	买盘
10:57:37	6.21	--	3	1863	买盘
10:57:22	6.21	--	3	1863	买盘
10:57:16	6.21	--	2	1242	买盘
10:56:57	6.21	0.01	50	31050	买盘
10:56:22	6.2	--	52	32240	卖盘
10:56:12	6.2	-0.01	60	37200	卖盘
10:55:57	6.21	--	70	43470	买盘
10:55:46	6.21	--	1	621	买盘
10:55:31	6.21	--	37	22977	买盘
10:55:01	6.21	0.01	1	621	买盘
10:54:52	6.2	-0.01	10	6200	卖盘
10:54:42	6.21	0.01	38	23598	买盘
10:54:37	6.2	--	54	33480	卖盘
10:54:12	6.2	--	289	179545	买盘
10:53:57	6.2	0.02	52	32240	买盘
10:53:52	6.18	-0.01	650	401700	卖盘
10:53:16	6.19	--	39	24141	卖盘
10:53:10	6.19	-0.01	109	67471	卖盘
10:53:01	6.2	--	64	39680	买盘
10:52:51	6.2	0.01	300	186000	买盘
10:52:36	6.19	--	7	4333	买盘
10:52:31	6.19	--	5	3095	买盘
10:51:51	6.19	0.01	13	8047	买盘
10:51:46	6.18	-0.01	8	4944	卖盘
10:51:06	6.19	--	32	19808	买盘
10:50:06	6.19	-0.01	183	113889	卖盘
10:49:40	6.2	--	50	31000	买盘
10:49:21	6.2	0.01	5	3100	买盘
10:49:06	6.19	--	41	25385	买盘
10:49:01	6.19	--	3	1857	买盘
10:48:46	6.19	--	1	619	买盘
10:48:36	6.19	--	94	58186	买盘
10:48:31	6.19	--	462	286225	买盘
10:48:21	6.19	0.01	62	38378	买盘
10:47:51	6.18	-0.01	90	55620	卖盘
10:47:25	6.19	0.01	20	12380	买盘
10:46:55	6.18	-0.01	5	3090	卖盘
10:46:45	6.19	--	19	11761	买盘
10:46:25	6.19	0.01	5	3095	买盘
10:46:19	6.18	--	5	3090	卖盘
10:46:15	6.18	--	55	33990	卖盘
10:45:45	6.18	-0.01	20	12360	卖盘
10:45:25	6.19	0.01	3	1857	买盘
10:45:19	6.18	-0.01	124	76632	卖盘
10:45:00	6.19	0.01	100	61900	买盘
10:44:45	6.18	--	5	3090	卖盘
10:44:19	6.18	-0.01	25	15450	卖盘
10:43:55	6.19	0.01	12	7428	买盘
10:43:49	6.18	--	1	618	卖盘
10:43:30	6.18	--	17	10506	卖盘
10:43:10	6.18	--	5	3090	卖盘
10:42:45	6.18	--	10	6180	卖盘
10:42:30	6.18	-0.01	50	30900	卖盘
10:42:15	6.19	--	31	19189	买盘
10:41:55	6.19	--	2	1238	买盘
10:41:15	6.19	0.01	8	4952	买盘
10:41:04	6.18	-0.01	200	123600	卖盘
10:40:49	6.19	--	14	8666	买盘
10:40:34	6.19	--	152	94088	卖盘
10:40:28	6.19	--	10	6190	卖盘
10:40:24	6.19	-0.01	37	22903	卖盘
10:40:19	6.2	0.01	15	9300	买盘
10:40:13	6.19	--	1	619	卖盘
10:39:58	6.19	--	200	123800	卖盘
10:39:49	6.19	-0.01	9	5571	卖盘
10:39:39	6.2	--	1	620	买盘
10:39:19	6.2	--	103	64232	卖盘
10:39:09	6.2	--	42	26288	买盘
10:38:58	6.2	--	0	372	卖盘
10:38:54	6.2	--	130	80600	卖盘
10:38:34	6.2	--	10	6200	卖盘
10:38:28	6.2	-0.01	5	3100	卖盘
10:38:24	6.21	0.01	5	3105	买盘
10:38:19	6.2	--	34	21080	卖盘
10:37:54	6.2	--	3	1860	卖盘
10:37:49	6.2	--	5	3100	卖盘
10:37:19	6.2	--	19	11780	卖盘
10:37:09	6.2	--	45	27900	卖盘
10:36:58	6.2	--	1	620	卖盘
10:36:39	6.2	0.01	215	133548	买盘
10:36:34	6.19	-0.01	25	15475	卖盘
10:35:28	6.2	0.01	138	85560	买盘
10:34:52	6.19	--	11	6809	卖盘
10:34:49	6.19	--	60	37140	卖盘
10:34:33	6.19	--	20	12380	卖盘
10:34:28	6.19	--	6	3714	卖盘
10:34:19	6.19	--	763	472297	卖盘
10:34:03	6.19	--	24	14856	卖盘
10:31:52	6.19	-0.01	87	53853	卖盘
10:31:28	6.2	--	4	2480	买盘
10:31:18	6.2	--	5	3100	买盘
10:31:13	6.2	--	10	6200	买盘
10:30:58	6.2	--	89	55552	卖盘
10:30:48	6.2	--	13	8308	买盘
10:30:28	6.2	-0.01	192	119412	卖盘
10:30:22	6.21	0.01	2	1242	买盘
10:30:18	6.2	--	10	6200	卖盘
10:30:03	6.2	--	3	1860	卖盘
10:29:58	6.2	--	5	3100	卖盘
10:29:33	6.2	-0.01	50	31000	卖盘
10:29:18	6.21	--	33	20493	买盘
10:28:48	6.21	--	15	9315	买盘
10:28:43	6.21	--	55	34155	买盘
10:28:01	6.21	0.01	55	34155	买盘
10:27:58	6.2	--	14	8680	卖盘
10:27:42	6.2	--	50	31000	卖盘
10:27:31	6.2	--	181	112220	卖盘
10:26:52	6.2	--	27	16740	卖盘
10:26:27	6.2	-0.01	10	6200	卖盘
10:26:22	6.21	0.01	13	8073	买盘
10:24:52	6.2	--	50	31000	卖盘
10:24:42	6.2	--	22	13640	卖盘
10:24:31	6.2	--	185	114700	卖盘
10:24:07	6.2	-0.01	12	7440	卖盘
10:23:52	6.21	0.01	9	5589	买盘
10:23:37	6.2	--	24	14880	卖盘
10:23:27	6.2	-0.01	1	620	卖盘
10:23:22	6.21	--	34	21114	买盘
10:22:57	6.21	0.01	11	6831	买盘
10:22:42	6.2	--	311	192857	卖盘
10:22:37	6.2	--	38	23770	买盘
10:22:27	6.2	--	27	17149	卖盘
10:22:07	6.2	--	116	72149	卖盘
10:21:42	6.2	--	16	9920	卖盘
10:21:01	6.2	--	30	18600	卖盘
10:20:51	6.2	--	20	12400	卖盘
10:20:46	6.2	--	1	620	卖盘
10:20:31	6.2	-0.01	144	89280	卖盘
10:20:21	6.21	0.01	9	5589	买盘
10:20:06	6.2	--	209	129580	卖盘
10:19:36	6.2	--	31	19220	卖盘
10:18:51	6.2	--	20	12400	卖盘
10:18:46	6.2	--	23	14260	卖盘
10:18:31	6.2	--	4	2480	卖盘
10:18:06	6.2	-0.01	5	3100	卖盘
10:17:36	6.21	--	1	621	买盘
10:17:16	6.21	--	1	621	买盘
10:17:01	6.21	--	113	70173	卖盘
10:16:36	6.21	-0.01	100	62100	卖盘
10:16:31	6.22	0.01	14	8708	买盘
10:16:21	6.21	--	20	12420	卖盘
10:16:01	6.21	--	5	3105	卖盘
10:15:10	6.21	--	10	6210	卖盘
10:14:40	6.21	--	5	3105	卖盘
10:14:34	6.21	--	42	26082	买盘
10:14:30	6.21	0.01	77	47817	买盘
10:14:15	6.2	-0.01	9	5580	卖盘
10:14:10	6.21	--	11	6831	卖盘
10:13:30	6.21	--	4	2484	卖盘
10:13:25	6.21	--	30	18630	卖盘
10:13:19	6.21	--	57	35397	买盘
10:13:15	6.21	--	28	17388	买盘
10:12:55	6.21	--	1	621	买盘
10:12:34	6.21	0.01	9	5589	买盘
10:12:30	6.2	-0.01	6	3720	卖盘
10:12:00	6.21	0.01	100	62100	买盘
10:11:40	6.2	--	33	20460	卖盘
10:11:30	6.2	-0.01	88	54560	卖盘
10:11:25	6.21	--	5	3105	买盘
10:11:15	6.21	0.01	5	3105	买盘
10:11:10	6.2	-0.01	17	10540	卖盘
10:10:55	6.21	0.01	40	24840	买盘
10:10:45	6.2	--	20	12400	卖盘
10:10:40	6.2	--	3	1860	卖盘
10:10:30	6.2	-0.01	2	1240	卖盘
10:10:25	6.21	0.01	5	3105	买盘
10:10:19	6.2	--	90	55800	卖盘
10:10:15	6.2	-0.01	55	34100	卖盘
10:10:04	6.21	--	4	2484	买盘
10:09:49	6.21	--	1	621	买盘
10:09:40	6.21	--	221	137241	买盘
10:09:30	6.21	--	2	1242	买盘
10:09:25	6.21	0.01	118	73278	买盘
10:09:19	6.2	--	30	18600	卖盘
10:09:04	6.2	-0.01	10	6200	卖盘
10:08:28	6.21	0.01	19	11799	买盘
10:08:19	6.2	-0.01	15	9300	卖盘
10:08:13	6.21	0.01	19	11799	买盘
10:07:58	6.2	--	3	1860	卖盘
10:07:54	6.2	-0.01	50	31000	卖盘
10:07:49	6.21	0.01	53	32913	买盘
10:07:43	6.2	--	10	6200	卖盘
10:07:39	6.2	--	10	6200	卖盘
10:07:34	6.2	--	109	67580	卖盘
10:07:28	6.2	-0.01	29	17980	卖盘
10:07:19	6.21	0.01	109	68024	买盘
10:07:13	6.2	--	58	35960	卖盘
10:07:09	6.2	-0.01	125	77500	卖盘
10:06:49	6.21	--	3	1863	买盘
10:06:39	6.21	0.01	33	20493	卖盘
10:06:34	6.2	-0.01	200	124000	卖盘
10:06:24	6.21	--	6	3726	卖盘
10:06:19	6.21	--	40	24840	卖盘
10:06:04	6.21	--	35	21735	卖盘
10:05:58	6.21	--	70	43470	卖盘
10:05:39	6.21	--	11	6831	卖盘
10:05:28	6.21	-0.01	50	31050	卖盘
10:05:24	6.22	0.01	5	3110	买盘
10:04:58	6.21	--	20	12420	卖盘
10:04:49	6.21	--	6	3726	卖盘
10:04:43	6.21	--	9	5589	卖盘
10:04:04	6.21	-0.01	38	23598	卖盘
10:03:54	6.22	--	24	14928	买盘
10:03:23	6.22	--	10	6220	买盘
10:02:53	6.22	0.01	24	14928	中性盘
10:02:48	6.21	-0.01	100	62100	卖盘
10:02:38	6.22	--	10	6487	买盘
10:02:22	6.22	-0.01	29	18392	卖盘
10:02:13	6.23	0.01	19	11837	买盘
10:01:52	6.22	--	11	6842	卖盘
10:01:48	6.22	--	2	1244	卖盘
10:01:43	6.22	--	80	49760	卖盘
10:01:37	6.22	--	300	186600	卖盘
10:01:28	6.22	--	89	55358	卖盘
10:01:18	6.22	--	18	11196	卖盘
10:01:13	6.22	--	5	3110	卖盘
10:00:58	6.22	-0.01	4	2488	卖盘
10:00:52	6.23	0.01	6	3738	买盘
10:00:37	6.22	--	14	8708	卖盘
10:00:33	6.22	--	18	11196	卖盘
10:00:28	6.22	--	131	81749	买盘
10:00:22	6.22	--	70	43894	卖盘
10:00:13	6.22	--	50	31100	卖盘
10:00:07	6.22	--	10	6220	卖盘
09:59:58	6.22	--	20	12440	卖盘
09:59:48	6.22	-0.01	1	622	卖盘
09:59:43	6.23	0.01	28	17444	买盘
09:59:37	6.22	--	10	6220	卖盘
09:59:28	6.22	-0.01	70	43540	卖盘
09:59:22	6.23	0.01	5	3115	买盘
09:59:13	6.22	-0.01	33	20526	卖盘
09:58:48	6.23	--	10	6230	买盘
09:58:37	6.23	0.01	6	3738	买盘
09:58:33	6.22	--	28	17416	卖盘
09:58:28	6.22	-0.01	50	31100	卖盘
09:58:22	6.23	0.01	1	623	买盘
09:58:18	6.22	-0.01	3	1866	卖盘
09:58:13	6.23	--	1	623	买盘
09:58:07	6.23	--	1	623	买盘
09:58:03	6.23	0.01	18	11214	买盘
09:57:58	6.22	-0.01	1	622	卖盘
09:57:48	6.23	--	1	623	买盘
09:57:43	6.23	0.01	119	74137	买盘
09:57:28	6.22	-0.01	75	46650	卖盘
09:57:22	6.23	0.01	4	2492	买盘
09:57:18	6.22	-0.01	5	3110	卖盘
09:57:13	6.23	--	8	4984	买盘
09:56:58	6.23	--	28	17444	买盘
09:56:52	6.23	--	1	623	买盘
09:56:37	6.23	0.01	5	3115	买盘
09:56:33	6.22	-0.01	82	51004	卖盘
09:56:27	6.23	--	3	1869	买盘
09:56:22	6.23	--	58	36134	买盘
09:56:12	6.23	--	1	623	买盘
09:56:07	6.23	--	98	61054	买盘
09:55:52	6.23	0.01	40	24920	买盘
09:55:42	6.22	--	3	1866	卖盘
09:55:27	6.22	-0.01	30	18660	卖盘
09:55:22	6.23	--	5	3115	买盘
09:55:01	6.23	0.01	1	623	买盘
09:54:57	6.22	-0.01	1	622	卖盘
09:54:52	6.23	--	50	31150	买盘
09:54:42	6.23	--	1	623	买盘
09:54:22	6.23	--	54	33642	买盘
09:54:16	6.23	0.01	22	13706	买盘
09:54:12	6.22	--	146	90812	卖盘
09:53:52	6.22	--	120	74640	卖盘
09:53:42	6.22	--	50	31100	卖盘
09:53:37	6.22	-0.01	60	37320	卖盘
09:53:27	6.23	--	4	2492	买盘
09:53:22	6.23	0.01	5	3115	买盘
09:53:16	6.22	--	110	68420	卖盘
09:53:07	6.22	--	30	18660	卖盘
09:52:57	6.22	--	500	311000	卖盘
09:52:37	6.22	--	20	12440	卖盘
09:52:27	6.22	-0.01	28	17416	卖盘
09:52:22	6.23	--	43	26789	买盘
09:52:07	6.23	--	4	2492	买盘
09:52:01	6.23	0.01	20	12460	买盘
09:51:57	6.22	-0.01	50	31100	卖盘
09:51:46	6.23	0.01	2	1246	买盘
09:51:42	6.22	-0.01	100	62200	卖盘
09:51:27	6.23	--	4	2492	买盘
09:51:22	6.23	--	1	623	买盘
09:51:12	6.23	0.01	28	17444	买盘
09:50:46	6.22	--	2	1244	卖盘
09:50:41	6.22	--	16	9952	卖盘
09:50:11	6.22	-0.01	3	1866	卖盘
09:49:46	6.23	--	321	200599	卖盘
09:49:31	6.23	-0.01	100	62300	卖盘
09:49:21	6.24	0.01	5	3120	买盘
09:49:16	6.23	--	20	12460	卖盘
09:49:01	6.23	--	86	53578	卖盘
09:48:10	6.23	-0.01	200	124600	卖盘
09:48:06	6.24	0.01	182	113568	买盘
09:47:51	6.23	--	11	6853	卖盘
09:47:31	6.23	-0.01	1	623	卖盘
09:47:21	6.24	--	15	9360	买盘
09:47:01	6.24	--	40	24960	买盘
09:46:55	6.24	--	12	7488	买盘
09:46:51	6.24	--	292	182208	买盘
09:46:46	6.24	--	10	6240	买盘
09:46:25	6.24	--	20	12480	买盘
09:46:21	6.24	--	23	14352	买盘
09:46:10	6.24	0.01	40	24960	买盘
09:46:06	6.23	-0.01	20	12460	卖盘
09:46:01	6.24	--	179	111696	买盘
09:45:46	6.24	0.01	82	51168	买盘
09:45:30	6.23	--	530	330196	买盘
09:45:21	6.23	0.01	4	2492	买盘
09:45:16	6.22	-0.01	1	622	卖盘
09:45:10	6.23	--	30	18690	买盘
09:45:00	6.23	--	20	12460	买盘
09:44:45	6.23	--	2	1246	买盘
09:44:40	6.23	--	501	312123	买盘
09:44:30	6.23	--	10	6230	买盘
09:44:21	6.23	0.01	2	1246	买盘
09:44:10	6.22	-0.01	11	6842	卖盘
09:43:55	6.23	0.01	2	1246	买盘
09:43:45	6.22	--	3	1866	卖盘
09:43:15	6.22	-0.01	59	36698	卖盘
09:42:55	6.23	--	102	63546	买盘
09:42:45	6.23	0.01	53	33019	买盘
09:42:40	6.22	-0.01	80	49760	卖盘
09:42:30	6.23	--	1	623	买盘
09:42:25	6.23	--	3	1869	买盘
09:42:19	6.23	0.01	20	12460	买盘
09:42:15	6.22	--	73	45406	卖盘
09:41:55	6.22	--	501	311889	卖盘
09:41:45	6.22	--	222	138084	卖盘
09:41:40	6.22	--	7	4354	卖盘
09:41:30	6.22	-0.01	10	6220	卖盘
09:41:25	6.23	0.01	213	132699	买盘
09:41:19	6.22	--	20	12440	卖盘
09:41:00	6.22	-0.01	20	12440	卖盘
09:40:55	6.23	--	2	1246	买盘
09:40:40	6.23	--	30	18690	买盘
09:40:34	6.23	0.01	48	29904	买盘
09:40:30	6.22	-0.01	5	3110	卖盘
09:40:25	6.23	0.01	24	14952	买盘
09:40:19	6.22	-0.01	123	76506	卖盘
09:39:55	6.23	--	2	1246	买盘
09:39:25	6.23	0.01	3	1869	买盘
09:39:15	6.22	-0.01	28	17416	卖盘
09:39:10	6.23	--	20	12460	买盘
09:39:04	6.23	--	87	54201	买盘
09:38:54	6.23	--	2	1246	买盘
09:38:44	6.23	0.01	5	3115	买盘
09:38:34	6.22	-0.01	18	11196	卖盘
09:38:24	6.23	0.01	3	1869	买盘
09:37:59	6.22	--	150	93300	卖盘
09:37:44	6.22	-0.01	10	6220	卖盘
09:37:28	6.23	--	20	12460	买盘
09:37:09	6.23	0.01	41	25543	买盘
09:36:43	6.22	--	13	8086	卖盘
09:36:24	6.22	--	2	1244	卖盘
09:36:19	6.22	-0.01	4	2488	卖盘
09:35:54	6.23	--	10	6230	买盘
09:35:49	6.23	--	106	66038	买盘
09:35:39	6.23	--	40	24920	买盘
09:35:28	6.23	0.01	10	6230	买盘
09:35:24	6.22	-0.01	30	18660	卖盘
09:35:19	6.23	0.01	1	623	买盘
09:35:13	6.22	--	1	622	卖盘
09:34:54	6.22	0.01	81	50382	买盘
09:34:49	6.21	--	119	73899	卖盘
09:34:24	6.21	--	10	6210	卖盘
09:34:19	6.21	--	0	0	卖盘
09:34:13	6.21	--	59	36639	卖盘
09:33:54	6.21	-0.02	30	18630	卖盘
09:33:49	6.23	0.02	207	128961	买盘
09:33:39	6.21	--	0	0	卖盘
09:33:28	6.21	-0.02	33	20493	卖盘
09:33:24	6.23	--	5	3115	买盘
09:33:18	6.23	--	2	1246	买盘
09:33:09	6.23	-0.01	40	24920	买盘
09:32:58	6.24	--	0	0	买盘
09:32:54	6.24	0.01	200	124800	买盘
09:32:48	6.23	--	20	12460	买盘
09:32:33	6.23	0.01	8	4984	买盘
09:32:18	6.22	--	69	42918	买盘
09:32:13	6.22	0.01	1	622	买盘
09:31:53	6.21	--	11	6831	卖盘
09:31:48	6.21	--	134	83214	买盘
09:31:43	6.21	--	10	6210	买盘
09:31:33	6.21	0.01	5	3105	买盘
09:31:22	6.2	0.01	87	53940	卖盘
09:31:18	6.19	--	51	31569	买盘
09:31:13	6.19	0.01	1	619	买盘
09:31:07	6.18	--	33	20394	买盘
09:31:03	6.18	--	12	7416	买盘
09:30:58	6.18	-0.01	8	4944	卖盘
09:30:52	6.19	-0.01	30	18570	买盘
09:30:28	6.2	0.01	14	8680	卖盘
09:30:13	6.19	-0.02	98	60662	买盘
09:30:07	6.21	--	130	80730	买盘
09:28:47	6.21	--	0	0	买盘
09:25:06	6.21	6.21	105	65205	买盘
