成交时间	成交价	价格变动	成交量(手)	成交额(元)	性质
15:00:00	11.3	--	0	0	买盘
15:00:00	11.3	--	2	2260	买盘
14:59:59	11.3	--	40	45200	买盘
14:59:53	11.3	--	5	5650	买盘
14:59:49	11.3	0.01	7	7910	买盘
14:59:44	11.29	-0.01	10	11290	卖盘
14:59:38	11.3	--	75	84750	买盘
14:59:34	11.3	0.01	100	113000	买盘
14:59:29	11.29	-0.01	2	2258	卖盘
14:59:23	11.3	0.01	185	209050	买盘
14:59:19	11.29	--	12	13547	卖盘
14:59:14	11.29	--	1	1129	卖盘
14:59:08	11.29	-0.01	121	136609	卖盘
14:59:04	11.3	0.01	230	259900	买盘
14:58:49	11.29	0.01	106	119673	买盘
14:58:44	11.28	-0.01	31	34968	卖盘
14:58:34	11.29	--	9	10161	买盘
14:58:19	11.29	--	30	33870	卖盘
14:58:14	11.29	--	302	340958	卖盘
14:58:08	11.29	--	110	124189	卖盘
14:58:04	11.29	--	5	5645	卖盘
14:57:59	11.29	--	36	40644	卖盘
14:57:53	11.29	--	90	101609	卖盘
14:57:49	11.29	--	80	90320	卖盘
14:57:44	11.29	-0.01	50	56449	卖盘
14:57:38	11.3	0.01	100	113000	买盘
14:57:34	11.29	-0.01	43	48546	卖盘
14:57:29	11.3	0.01	35	39550	买盘
14:57:23	11.29	--	2	2258	卖盘
14:57:08	11.29	-0.01	6	6773	卖盘
14:56:59	11.3	0.01	18	20340	买盘
14:56:53	11.29	--	29	32740	卖盘
14:56:49	11.29	--	176	198703	卖盘
14:56:44	11.29	-0.01	129	145641	卖盘
14:56:34	11.3	--	80	90400	买盘
14:56:29	11.3	0.01	6	6780	买盘
14:56:19	11.29	--	50	56449	卖盘
14:56:14	11.29	-0.01	58	65481	卖盘
14:56:08	11.3	--	33	37290	买盘
14:56:04	11.3	--	43	48590	买盘
14:55:59	11.3	0.01	10	11300	买盘
14:55:49	11.29	-0.01	10	11290	卖盘
14:55:44	11.3	0.01	5	5650	买盘
14:55:34	11.29	--	37	41773	卖盘
14:55:29	11.29	--	25	28224	卖盘
14:55:23	11.29	-0.01	15	16935	卖盘
14:55:19	11.3	0.01	30	33900	买盘
14:55:14	11.29	--	3	3386	卖盘
14:55:04	11.29	0.01	481	543049	买盘
14:54:44	11.28	--	68	76704	卖盘
14:54:38	11.28	--	11	12408	卖盘
14:54:34	11.28	--	29	32711	卖盘
14:54:29	11.28	--	52	58656	卖盘
14:54:14	11.28	-0.01	20	22560	卖盘
14:54:08	11.29	0.01	10	11290	买盘
14:53:53	11.28	0.01	196	221088	买盘
14:53:34	11.27	-0.01	3	3381	卖盘
14:53:03	11.28	0.01	77	86856	买盘
14:52:58	11.27	--	29	32683	卖盘
14:52:43	11.27	--	6	6762	卖盘
14:52:38	11.27	0.01	120	135240	买盘
14:52:28	11.26	-0.01	16	18016	卖盘
14:52:23	11.27	0.01	15	16905	买盘
14:52:08	11.26	--	24	27024	卖盘
14:52:02	11.26	--	0	0	中性盘
14:51:58	11.26	0.02	111	124986	买盘
14:51:43	11.24	--	0	0	卖盘
14:51:32	11.24	-0.02	24	26976	卖盘
14:51:28	11.26	--	0	0	买盘
14:51:23	11.26	0.01	13	14638	买盘
14:51:08	11.25	--	0	0	中性盘
14:50:58	11.25	--	99	111375	买盘
14:50:47	11.25	0.01	10	11250	买盘
14:50:43	11.24	-0.02	70	78680	卖盘
14:50:38	11.26	--	10	11260	买盘
14:50:32	11.26	--	0	0	买盘
14:50:28	11.26	0.02	37	41662	买盘
14:50:23	11.24	-0.02	117	131508	卖盘
14:50:08	11.26	--	1	1126	买盘
14:49:58	11.26	-0.01	127	143002	卖盘
14:49:28	11.27	0.01	6	6762	买盘
14:49:23	11.26	--	18	20268	卖盘
14:48:58	11.26	-0.01	27	30402	卖盘
14:48:53	11.27	--	7	7889	买盘
14:48:47	11.27	--	4	4508	买盘
14:48:43	11.27	--	5	5635	买盘
14:48:32	11.27	0.01	4	4508	买盘
14:48:28	11.26	--	50	56300	卖盘
14:48:23	11.26	--	18	20268	卖盘
14:48:13	11.26	-0.01	15	16890	卖盘
14:48:08	11.27	0.01	22	24794	买盘
14:47:58	11.26	-0.01	1	1126	卖盘
14:47:53	11.27	--	4	4508	买盘
14:47:47	11.27	--	3	3381	买盘
14:47:43	11.27	0.01	242	272734	买盘
14:47:28	11.26	--	40	45040	卖盘
14:47:22	11.26	--	3	3378	卖盘
14:47:13	11.26	-0.01	24	27024	卖盘
14:47:07	11.27	0.01	12	13524	买盘
14:46:43	11.26	--	5	5630	卖盘
14:46:37	11.26	--	25	28150	卖盘
14:46:28	11.26	-0.01	5	5630	卖盘
14:46:02	11.27	--	1	1127	买盘
14:45:52	11.27	-0.01	11	12397	卖盘
14:45:22	11.28	--	39	43992	买盘
14:44:56	11.28	--	23	25944	买盘
14:44:52	11.28	0.01	7	7896	买盘
14:44:22	11.27	0.01	39	43953	买盘
14:44:07	11.26	-0.01	73	82198	卖盘
14:44:02	11.27	0.01	19	21413	买盘
14:43:41	11.26	--	1	1126	卖盘
14:43:37	11.26	--	0	0	中性盘
14:43:32	11.26	0.01	11	12386	买盘
14:43:22	11.25	--	72	81000	买盘
14:43:11	11.25	--	3	3375	买盘
14:43:07	11.25	--	5	5625	买盘
14:42:56	11.25	--	13	14625	买盘
14:42:37	11.25	--	49	55125	买盘
14:42:32	11.25	-0.01	377	424125	卖盘
14:42:17	11.26	--	10	11260	卖盘
14:42:07	11.26	--	10	11260	卖盘
14:42:02	11.26	--	7	7882	卖盘
14:41:47	11.26	--	26	29276	卖盘
14:41:32	11.26	-0.01	7	7882	卖盘
14:41:22	11.27	0.01	10	11270	买盘
14:41:17	11.26	-0.01	4	4504	卖盘
14:41:07	11.27	--	1	1127	买盘
14:41:01	11.27	--	5	5635	买盘
14:40:31	11.27	--	10	11270	买盘
14:40:26	11.27	-0.01	14	15778	卖盘
14:40:21	11.28	0.01	20	22560	买盘
14:40:16	11.27	--	25	28175	卖盘
14:40:06	11.27	-0.01	10	11270	卖盘
14:39:56	11.28	--	1	1128	买盘
14:39:35	11.28	-0.01	5	5640	买盘
14:39:26	11.29	--	0	0	买盘
14:39:16	11.29	0.03	5	5645	买盘
14:39:11	11.26	-0.02	250	281500	卖盘
14:39:01	11.28	--	50	56400	买盘
14:38:56	11.28	--	22	24816	买盘
14:38:46	11.28	--	50	56400	买盘
14:38:41	11.28	--	50	56400	买盘
14:38:31	11.28	--	23	25944	买盘
14:38:26	11.28	0.01	1	1128	买盘
14:38:11	11.27	--	35	39445	买盘
14:38:01	11.27	--	54	60858	买盘
14:37:46	11.27	--	20	22540	买盘
14:37:31	11.27	--	1	1127	买盘
14:37:01	11.27	-0.01	30	33810	买盘
14:36:56	11.28	--	0	0	买盘
14:36:46	11.28	0.02	3	3384	买盘
14:36:31	11.26	-0.02	20	22520	卖盘
14:36:20	11.28	0.01	120	135360	买盘
14:36:11	11.27	0.01	7	7889	买盘
14:35:46	11.26	--	22	24772	卖盘
14:35:26	11.26	-0.01	210	236460	卖盘
14:35:20	11.27	--	5	5635	卖盘
14:34:50	11.27	0.02	2	2254	买盘
14:34:25	11.25	--	0	0	卖盘
14:34:16	11.25	--	0	0	卖盘
14:34:10	11.25	-0.01	340	382500	卖盘
14:33:55	11.26	-0.01	1	1126	卖盘
14:33:50	11.27	--	5	5635	买盘
14:33:40	11.27	-0.01	74	83398	卖盘
14:33:35	11.28	0.01	1	1128	买盘
14:33:25	11.27	-0.01	230	259210	卖盘
14:33:10	11.28	--	0	0	中性盘
14:33:05	11.28	--	100	112800	卖盘
14:32:55	11.28	-0.01	3	3384	卖盘
14:32:40	11.29	0.01	11	12418	买盘
14:32:35	11.28	-0.01	20	22560	卖盘
14:32:20	11.29	--	5	5645	买盘
14:31:14	11.29	0.01	55	62094	买盘
14:31:10	11.28	--	65	73320	买盘
14:30:55	11.28	--	10	11280	买盘
14:30:44	11.28	0.01	18	20304	买盘
14:30:35	11.27	--	17	19159	卖盘
14:30:25	11.27	--	0	0	卖盘
14:30:20	11.27	-0.02	10	11270	卖盘
14:30:05	11.29	-0.01	20	22580	买盘
14:29:55	11.3	--	0	0	买盘
14:29:35	11.3	0.01	40	45200	买盘
14:29:20	11.29	--	10	11290	买盘
14:29:05	11.29	--	0	0	卖盘
14:28:49	11.29	0.01	381	430148	买盘
14:28:44	11.28	--	12	13536	买盘
14:28:40	11.28	--	121	136488	买盘
14:28:14	11.28	--	41	46248	卖盘
14:28:10	11.28	--	7	7896	卖盘
14:27:49	11.28	--	10	11280	卖盘
14:27:29	11.28	0.01	72	81216	买盘
14:27:24	11.27	-0.01	26	29302	卖盘
14:27:19	11.28	0.01	11	12408	买盘
14:27:14	11.27	-0.01	15	16905	卖盘
14:27:04	11.28	0.01	115	129719	买盘
14:26:59	11.27	--	0	0	买盘
14:26:53	11.27	0.01	29	32683	买盘
14:26:49	11.26	--	146	164396	卖盘
14:26:44	11.26	-0.02	340	382840	卖盘
14:26:29	11.28	--	0	0	买盘
14:26:23	11.28	--	2	2256	买盘
14:26:19	11.28	0.01	38	42864	买盘
14:26:14	11.27	-0.01	4	4508	卖盘
14:26:04	11.28	--	33	37224	买盘
14:25:49	11.28	--	10	11280	买盘
14:25:44	11.28	--	5	5640	买盘
14:25:38	11.28	--	18	20304	买盘
14:25:34	11.28	0.02	12	13536	买盘
14:25:29	11.26	-0.02	7	7882	卖盘
14:25:08	11.28	0.01	10	11280	买盘
14:24:59	11.27	-0.01	20	22540	卖盘
14:24:49	11.28	0.01	20	22560	中性盘
14:24:44	11.27	-0.01	82	92414	卖盘
14:24:34	11.28	--	158	178224	买盘
14:24:29	11.28	0.01	30	33840	买盘
14:24:23	11.27	--	36	40572	买盘
14:24:19	11.27	--	11	12397	卖盘
14:24:04	11.27	--	58	65366	卖盘
14:23:53	11.27	--	3	3381	买盘
14:23:34	11.27	-0.01	7	7889	中性盘
14:23:19	11.28	--	100	112800	买盘
14:23:14	11.28	0.03	20	22560	买盘
14:23:08	11.25	-0.02	120	135000	卖盘
14:22:59	11.27	-0.01	1	1127	卖盘
14:22:53	11.28	--	13	14664	卖盘
14:22:49	11.28	--	17	19176	买盘
14:22:34	11.28	--	15	16920	买盘
14:22:29	11.28	-0.01	98	110544	卖盘
14:22:23	11.29	--	206	232573	买盘
14:22:19	11.29	--	120	135480	买盘
14:22:14	11.29	0.02	50	56449	买盘
14:22:08	11.27	--	120	135240	卖盘
14:22:04	11.27	-0.01	120	135240	卖盘
14:21:59	11.28	--	67	75576	买盘
14:21:49	11.28	0.01	170	191760	买盘
14:21:34	11.27	-0.01	2	2254	卖盘
14:21:28	11.28	0.01	201	226728	买盘
14:21:18	11.27	--	20	22900	买盘
14:21:03	11.27	--	158	178066	买盘
14:20:48	11.27	0.01	31	34937	买盘
14:20:33	11.26	0.02	2	2252	买盘
14:20:28	11.24	-0.01	20	22480	卖盘
14:20:08	11.25	--	8	9000	卖盘
14:20:02	11.25	--	3	3375	买盘
14:19:53	11.25	0.01	2	2250	买盘
14:19:43	11.24	-0.01	260	292240	卖盘
14:19:38	11.25	-0.01	136	153000	卖盘
14:19:23	11.26	-0.01	26	29276	买盘
14:19:13	11.27	--	0	0	买盘
14:19:08	11.27	--	50	56350	买盘
14:19:02	11.27	0.01	320	360640	买盘
14:18:58	11.26	-0.01	7	7882	卖盘
14:18:53	11.27	0.01	100	112700	买盘
14:18:43	11.26	-0.01	5	5630	卖盘
14:18:32	11.27	--	18	20286	买盘
14:18:23	11.27	--	3	3381	买盘
14:18:17	11.27	--	10	11270	买盘
14:18:13	11.27	--	5	5635	买盘
14:17:58	11.27	--	8	9016	买盘
14:17:53	11.27	--	33	37191	买盘
14:17:47	11.27	--	2	2254	买盘
14:17:43	11.27	--	1	1127	买盘
14:17:38	11.27	0.01	33	37191	买盘
14:17:28	11.26	-0.01	27	30402	卖盘
14:17:23	11.27	0.01	10	11270	买盘
14:17:13	11.26	--	50	56300	卖盘
14:16:53	11.26	--	52	58552	买盘
14:16:38	11.26	0.01	150	168900	买盘
14:16:28	11.25	-0.01	150	168750	卖盘
14:16:17	11.26	--	50	56300	买盘
14:16:08	11.26	--	37	41662	卖盘
14:16:02	11.26	--	100	112600	卖盘
14:15:58	11.26	--	25	28150	买盘
14:15:52	11.26	--	10	11260	买盘
14:15:47	11.26	--	3	3378	买盘
14:15:43	11.26	--	3	3378	买盘
14:15:37	11.26	--	118	132868	买盘
14:15:28	11.26	--	21	23646	买盘
14:15:23	11.26	0.01	10	11260	买盘
14:15:13	11.25	--	5	5625	卖盘
14:15:07	11.25	0.01	211	237375	买盘
14:14:52	11.24	0.01	105	118020	买盘
14:14:37	11.23	--	357	400911	买盘
14:14:27	11.23	--	13	14599	买盘
14:14:22	11.23	--	55	61765	买盘
14:14:12	11.23	0.02	195	218985	买盘
14:13:32	11.21	--	0	0	卖盘
14:13:22	11.21	-0.01	70	78470	卖盘
14:13:17	11.22	--	22	24684	买盘
14:13:11	11.22	--	16	17952	买盘
14:13:07	11.22	0.01	1	1122	买盘
14:12:56	11.21	-0.01	20	22420	卖盘
14:12:52	11.22	--	5	5610	买盘
14:12:37	11.22	0.01	31	34782	买盘
14:12:17	11.21	--	0	0	卖盘
14:12:11	11.21	-0.01	237	265677	卖盘
14:12:07	11.22	-0.01	13	14586	卖盘
14:11:52	11.23	0.01	1	1123	买盘
14:11:37	11.22	--	23	25806	买盘
14:11:22	11.22	--	4	4488	买盘
14:11:16	11.22	--	30	33660	买盘
14:11:02	11.22	--	17	19074	买盘
14:10:52	11.22	--	15	16830	买盘
14:10:47	11.22	--	26	29172	买盘
14:10:41	11.22	--	53	59466	卖盘
14:10:22	11.22	--	10	11220	卖盘
14:10:11	11.22	--	1	1122	卖盘
14:10:07	11.22	--	21	23562	卖盘
14:10:02	11.22	--	26	29172	卖盘
14:09:52	11.22	--	17	19074	卖盘
14:09:46	11.22	--	2	2244	卖盘
14:09:41	11.22	--	22	24684	卖盘
14:09:22	11.22	--	39	43758	卖盘
14:09:11	11.22	--	150	168300	卖盘
14:08:56	11.22	--	33	37026	卖盘
14:08:46	11.22	-0.01	1	1122	卖盘
14:08:16	11.23	--	10	11230	买盘
14:08:11	11.23	0.01	13	14599	买盘
14:08:06	11.22	-0.01	10	11220	卖盘
14:07:56	11.23	0.01	46	51658	买盘
14:07:16	11.22	--	3	3366	卖盘
14:07:05	11.22	--	100	112200	卖盘
14:06:46	11.22	--	100	112200	卖盘
14:06:16	11.22	-0.01	340	381480	卖盘
14:05:56	11.23	--	1	1123	卖盘
14:05:31	11.23	-0.01	20	22460	卖盘
14:05:16	11.24	0.01	10	11240	买盘
14:05:05	11.23	--	5	5615	卖盘
14:05:01	11.23	--	53	59519	卖盘
14:04:56	11.23	-0.01	20	22460	卖盘
14:04:26	11.24	0.01	17	19108	买盘
14:04:16	11.23	-0.01	17	19091	卖盘
14:04:11	11.24	0.01	10	11240	买盘
14:03:56	11.23	-0.01	21	23583	卖盘
14:03:46	11.24	--	3	3372	买盘
14:03:31	11.24	0.01	10	11240	买盘
14:03:26	11.23	--	99	111177	卖盘
14:03:01	11.23	-0.01	78	87594	卖盘
14:02:55	11.24	0.01	9	10116	买盘
14:02:35	11.23	-0.01	5	5615	卖盘
14:02:25	11.24	0.01	32	35968	买盘
14:01:55	11.23	--	100	112300	卖盘
14:01:50	11.23	-0.01	1	1123	卖盘
14:01:31	11.24	--	31	34844	买盘
14:01:15	11.24	--	16	17984	买盘
14:01:10	11.24	0.01	5	5620	买盘
14:01:00	11.23	--	20	22460	卖盘
14:00:35	11.23	-0.01	20	22460	卖盘
14:00:29	11.24	--	6	6744	买盘
14:00:25	11.24	--	51	57324	买盘
14:00:14	11.24	0.01	22	24728	买盘
13:59:35	11.23	--	26	29198	卖盘
13:59:20	11.23	--	20	22460	卖盘
13:59:14	11.23	--	13	14599	买盘
13:59:10	11.23	--	93	104439	买盘
13:59:05	11.23	--	5	5615	买盘
13:58:59	11.23	0.01	10	11230	买盘
13:58:50	11.22	-0.01	160	179520	卖盘
13:58:35	11.23	--	20	22460	买盘
13:58:29	11.23	--	10	11230	买盘
13:58:20	11.23	--	20	22460	买盘
13:58:14	11.23	--	20	22460	买盘
13:58:05	11.23	-0.01	11	12353	卖盘
13:57:55	11.24	--	0	0	买盘
13:57:40	11.24	0.02	24	26976	买盘
13:56:50	11.22	--	5	5610	买盘
13:56:40	11.22	--	34	38148	买盘
13:56:34	11.22	--	202	226644	买盘
13:56:25	11.22	--	69	77418	卖盘
13:56:19	11.22	-0.01	130	145860	卖盘
13:56:14	11.23	--	15	16845	买盘
13:56:10	11.23	-0.01	125	140375	卖盘
13:56:04	11.24	0.01	10	11240	买盘
13:55:55	11.23	--	8	8984	卖盘
13:55:49	11.23	--	30	33690	卖盘
13:55:39	11.23	--	1	1123	买盘
13:55:19	11.23	0.01	30	33690	买盘
13:55:14	11.22	-0.01	28	31416	卖盘
13:55:10	11.23	--	9	10107	买盘
13:54:44	11.23	--	22	24706	卖盘
13:54:24	11.23	--	3	3369	买盘
13:53:59	11.23	--	2	2246	买盘
13:53:49	11.23	--	9	10107	卖盘
13:53:39	11.23	--	1	1123	卖盘
13:53:34	11.23	-0.01	10	11230	卖盘
13:53:24	11.24	0.02	30	33720	买盘
13:53:14	11.22	-0.02	20	22440	卖盘
13:53:09	11.24	0.02	2	2248	买盘
13:52:29	11.22	-0.01	240	269280	卖盘
13:52:23	11.23	--	195	219108	买盘
13:51:49	11.23	--	1	1123	买盘
13:51:23	11.23	--	20	22460	买盘
13:51:19	11.23	--	16	18967	卖盘
13:51:14	11.23	--	18	20337	卖盘
13:51:08	11.23	--	3	3369	买盘
13:51:04	11.23	--	2	2246	买盘
13:50:48	11.23	0.01	50	56150	买盘
13:50:43	11.22	--	18	20196	卖盘
13:50:38	11.22	-0.01	50	56100	卖盘
13:50:03	11.23	--	2	2246	卖盘
13:49:44	11.23	--	5	5615	卖盘
13:49:23	11.23	--	45	50535	卖盘
13:49:14	11.23	--	22	24706	卖盘
13:48:49	11.23	--	2	2246	卖盘
13:48:43	11.23	-0.01	1	1123	卖盘
13:48:38	11.24	0.01	11	12364	买盘
13:47:33	11.23	--	3	3369	买盘
13:47:28	11.23	0.01	5	5615	买盘
13:47:18	11.22	-0.01	9	10098	卖盘
13:47:13	11.23	--	44	49412	买盘
13:46:38	11.23	--	1	1123	买盘
13:46:33	11.23	0.01	1	1123	买盘
13:46:28	11.22	-0.01	120	134640	卖盘
13:46:17	11.23	0.01	6	6738	卖盘
13:45:58	11.22	-0.01	28	31416	卖盘
13:45:17	11.23	--	7	7861	买盘
13:45:02	11.23	--	8	8984	买盘
13:44:58	11.23	--	99	111177	买盘
13:44:53	11.23	--	5	5615	买盘
13:44:38	11.23	--	16	17968	卖盘
13:44:17	11.23	0.01	5	5615	买盘
13:44:08	11.22	--	4	4488	卖盘
13:43:53	11.22	-0.01	54	60588	卖盘
13:43:47	11.23	--	15	16845	卖盘
13:43:27	11.23	--	0	0	中性盘
13:43:12	11.23	--	0	0	买盘
13:43:08	11.23	--	4	4492	买盘
13:42:53	11.23	--	5	5615	买盘
13:42:37	11.23	--	71	79733	卖盘
13:42:32	11.23	--	0	0	卖盘
13:42:23	11.23	-0.02	290	325670	卖盘
13:42:17	11.25	0.01	200	225000	买盘
13:42:12	11.24	-0.01	280	314720	卖盘
13:41:42	11.25	0.01	3	3375	买盘
13:41:32	11.24	-0.01	10	11240	卖盘
13:41:27	11.25	--	13	14625	买盘
13:41:17	11.25	--	10	11250	买盘
13:40:47	11.25	-0.01	94	105750	卖盘
13:40:42	11.26	--	4	4504	买盘
13:40:27	11.26	-0.01	10	11260	买盘
13:40:22	11.27	--	0	0	买盘
13:40:17	11.27	0.01	5	5635	买盘
13:40:07	11.26	--	107	120482	卖盘
13:39:57	11.26	--	2	2252	卖盘
13:39:52	11.26	--	6	6756	卖盘
13:39:37	11.26	--	1	1126	卖盘
13:39:11	11.26	--	10	11260	卖盘
13:38:41	11.26	--	358	403108	买盘
13:38:32	11.26	--	10	11260	买盘
13:38:11	11.26	0.01	84	94584	买盘
13:38:02	11.25	--	15	16875	卖盘
13:37:41	11.25	--	9	10125	卖盘
13:37:32	11.25	--	1	1125	卖盘
13:37:21	11.25	--	27	30375	卖盘
13:37:11	11.25	--	44	49500	买盘
13:36:36	11.25	--	10	11250	买盘
13:36:26	11.25	--	3	3375	买盘
13:36:21	11.25	--	10	11250	买盘
13:36:11	11.25	--	5	5625	买盘
13:36:07	11.25	-0.01	10	11250	卖盘
13:36:02	11.26	0.01	5	5630	买盘
13:35:56	11.25	--	30	33750	卖盘
13:35:52	11.25	--	450	506250	卖盘
13:35:47	11.25	-0.01	20	22500	卖盘
13:35:31	11.26	0.01	36	40536	买盘
13:35:21	11.25	--	40	45000	卖盘
13:35:01	11.25	-0.01	1	1125	卖盘
13:34:41	11.26	0.01	10	11260	买盘
13:34:26	11.25	-0.01	35	39375	卖盘
13:34:21	11.26	--	1	1126	买盘
13:34:11	11.26	--	3	3378	买盘
13:34:01	11.26	--	19	21394	买盘
13:33:36	11.26	--	101	113726	买盘
13:33:26	11.26	0.01	27	30402	买盘
13:33:16	11.25	-0.01	10	11250	卖盘
13:32:50	11.26	--	5	5630	买盘
13:31:56	11.26	0.01	28	31528	买盘
13:31:31	11.25	0.01	27	30375	买盘
13:31:26	11.24	-0.01	16	17984	卖盘
13:31:20	11.25	--	17	19125	买盘
13:31:15	11.25	--	5	5625	买盘
13:31:00	11.25	-0.01	26	29250	卖盘
13:30:56	11.26	0.01	10	11260	买盘
13:30:50	11.25	--	20	22500	买盘
13:30:45	11.25	-0.01	30	33750	买盘
13:30:30	11.26	0.01	3	3378	买盘
13:30:26	11.25	--	190	213750	卖盘
13:30:20	11.25	-0.01	4	4500	卖盘
13:28:41	11.26	--	6	6756	买盘
13:28:10	11.26	--	35	39410	买盘
13:27:30	11.26	0.01	20	22520	买盘
13:26:10	11.25	--	35	39375	卖盘
13:25:40	11.25	--	2	2250	卖盘
13:24:20	11.25	--	6	6750	卖盘
13:23:59	11.25	--	74	83250	买盘
13:23:50	11.25	--	1	1125	卖盘
13:23:39	11.25	-0.01	16	18000	卖盘
13:23:35	11.26	0.01	70	78820	买盘
13:23:29	11.25	-0.01	10	11250	卖盘
13:23:20	11.26	0.01	69	77694	买盘
13:23:05	11.25	--	57	64125	卖盘
13:22:24	11.25	--	1	1125	卖盘
13:22:20	11.25	-0.01	30	33750	卖盘
13:22:09	11.26	--	5	5630	买盘
13:21:50	11.26	--	7	7882	买盘
13:21:44	11.26	--	47	52922	卖盘
13:20:39	11.26	-0.01	10	11260	卖盘
13:20:29	11.27	0.02	15	16905	买盘
13:20:14	11.25	--	0	0	卖盘
13:19:54	11.25	--	3	3375	卖盘
13:19:19	11.25	0.01	1	1125	卖盘
13:19:04	11.24	--	0	0	卖盘
13:18:59	11.24	--	20	22480	卖盘
13:18:49	11.24	0.01	10	11240	卖盘
13:18:44	11.23	--	0	0	卖盘
13:17:33	11.23	--	0	0	卖盘
13:17:14	11.23	-0.02	150	168450	卖盘
13:16:53	11.25	-0.02	210	236250	卖盘
13:16:48	11.27	--	4	4508	买盘
13:16:14	11.27	0.02	6	6762	买盘
13:15:29	11.25	--	0	0	卖盘
13:15:23	11.25	-0.01	10	11250	卖盘
13:15:13	11.26	--	2	2252	卖盘
13:15:08	11.26	--	0	0	中性盘
13:14:58	11.26	--	15	16890	买盘
13:13:58	11.26	--	0	0	买盘
13:13:28	11.26	0.02	5	5630	买盘
13:12:53	11.24	--	187	210188	买盘
13:12:28	11.24	--	63	70812	买盘
13:12:13	11.24	-0.02	215	241660	卖盘
13:11:43	11.26	--	10	11260	买盘
13:11:08	11.26	0.01	20	22520	买盘
13:10:57	11.25	--	1	1125	卖盘
13:09:47	11.25	0.01	19	21375	买盘
13:09:42	11.24	--	60	67440	卖盘
13:09:37	11.24	--	5	5620	卖盘
13:09:12	11.24	--	5	5620	买盘
13:08:47	11.24	--	20	22480	买盘
13:07:52	11.24	0.01	5	5620	买盘
13:07:12	11.23	--	293	329039	买盘
13:06:57	11.23	--	10	11230	买盘
13:06:52	11.23	0.01	10	11230	买盘
13:06:17	11.22	-0.01	36	40392	卖盘
13:06:07	11.23	0.01	14	15722	买盘
13:06:02	11.22	-0.01	15	16830	卖盘
13:05:56	11.23	--	16	17968	买盘
13:05:17	11.23	--	105	117915	买盘
13:05:07	11.23	--	55	61765	买盘
13:05:02	11.23	--	5	5615	买盘
13:04:52	11.23	--	10	11230	买盘
13:04:37	11.23	--	10	11230	买盘
13:04:02	11.23	--	5	5615	买盘
13:03:51	11.23	--	4	4492	买盘
13:03:36	11.23	--	45	50535	买盘
13:03:17	11.23	0.01	10	11230	买盘
13:03:01	11.22	-0.01	6	6732	卖盘
13:02:51	11.23	--	6	6738	买盘
13:01:56	11.23	--	100	112300	买盘
13:01:01	11.23	--	56	62888	买盘
13:00:56	11.23	--	10	11230	买盘
13:00:06	11.23	--	173	194279	卖盘
11:30:00	11.23	--	0	0	卖盘
11:30:00	11.23	--	0	0	卖盘
11:29:22	11.23	-0.01	9	10107	卖盘
11:29:12	11.24	--	1	1124	买盘
11:29:01	11.24	0.01	1	1124	买盘
11:28:52	11.23	--	10	11230	卖盘
11:28:42	11.23	0.01	5	5615	买盘
11:28:37	11.22	-0.01	58	65076	卖盘
11:28:22	11.23	--	1	1123	买盘
11:28:16	11.23	--	30	33690	买盘
11:28:12	11.23	--	5	5615	买盘
11:28:01	11.23	--	5	5615	买盘
11:27:37	11.23	--	6	6738	买盘
11:27:22	11.23	0.01	6	6738	买盘
11:26:57	11.22	-0.01	20	22440	卖盘
11:26:52	11.23	--	20	22460	买盘
11:26:37	11.23	--	3	3369	买盘
11:26:26	11.23	--	50	56150	买盘
11:26:21	11.23	--	1	1123	买盘
11:26:12	11.23	--	20	22460	买盘
11:26:01	11.23	0.01	34	38182	买盘
11:25:52	11.22	-0.01	2	2244	卖盘
11:25:31	11.23	0.01	20	22460	买盘
11:25:25	11.22	-0.01	4	4488	卖盘
11:25:21	11.23	0.01	3	3369	买盘
11:25:16	11.22	-0.01	51	57222	卖盘
11:25:07	11.23	0.01	10	11230	买盘
11:24:55	11.22	--	34	38148	卖盘
11:24:46	11.22	--	27	30294	买盘
11:24:36	11.22	--	5	5610	买盘
11:24:10	11.22	--	57	63954	卖盘
11:23:52	11.22	--	3	3366	买盘
11:23:46	11.22	--	3	3366	卖盘
11:23:40	11.22	--	22	24684	卖盘
11:23:36	11.22	--	10	11220	卖盘
11:23:31	11.22	--	16	17952	买盘
11:23:21	11.22	0.01	32	35904	买盘
11:23:16	11.21	--	1	1121	卖盘
11:23:07	11.21	--	99	110979	卖盘
11:23:01	11.21	--	137	153577	卖盘
11:22:51	11.21	-0.01	5	5605	卖盘
11:22:46	11.22	0.01	2	2244	买盘
11:22:40	11.21	-0.01	11	12667	卖盘
11:22:36	11.22	--	6	6732	买盘
11:22:21	11.22	--	36	40392	卖盘
11:22:16	11.22	--	5	5610	卖盘
11:22:01	11.22	--	18	20196	买盘
11:21:55	11.22	0.01	10	11220	买盘
11:21:51	11.21	-0.01	120	134520	卖盘
11:21:46	11.22	0.01	16	17952	买盘
11:21:36	11.21	--	25	28025	卖盘
11:21:25	11.21	-0.01	5	5605	卖盘
11:21:10	11.22	--	3	3366	买盘
11:21:06	11.22	--	10	11220	买盘
11:21:01	11.22	--	8	8976	买盘
11:20:55	11.22	--	87	98399	卖盘
11:20:51	11.22	--	36	40392	卖盘
11:20:40	11.22	--	30	33660	卖盘
11:20:21	11.22	0.01	1	1458	买盘
11:20:16	11.21	-0.01	10	11210	卖盘
11:20:06	11.22	--	18	20981	卖盘
11:20:01	11.22	--	10	11220	卖盘
11:19:55	11.22	--	10	11220	卖盘
11:19:51	11.22	--	6	6732	卖盘
11:19:46	11.22	--	1	1122	卖盘
11:19:40	11.22	--	60	67320	卖盘
11:19:30	11.22	--	8	8976	卖盘
11:19:20	11.22	--	46	51612	卖盘
11:19:04	11.22	--	56	62832	卖盘
11:19:01	11.22	--	10	11220	卖盘
11:18:34	11.22	-0.01	1	1122	卖盘
11:18:30	11.23	0.01	5	5615	买盘
11:18:25	11.22	-0.01	23	25806	卖盘
11:18:19	11.23	0.01	1	1123	买盘
11:18:15	11.22	-0.01	10	11220	卖盘
11:18:10	11.23	0.01	27	30321	买盘
11:18:04	11.22	-0.01	27	30294	卖盘
11:17:49	11.23	--	174	195402	卖盘
11:17:40	11.23	--	21	23583	卖盘
11:17:10	11.23	--	5	5615	卖盘
11:17:04	11.23	--	0	0	买盘
11:16:45	11.23	-0.02	30	33690	卖盘
11:16:34	11.25	0.02	81	91125	买盘
11:16:30	11.23	--	15	16845	买盘
11:16:15	11.23	0.01	45	50535	卖盘
11:15:49	11.22	--	0	0	卖盘
11:15:34	11.22	-0.01	300	336600	卖盘
11:15:30	11.23	-0.01	16	17968	卖盘
11:15:15	11.24	-0.01	37	41588	卖盘
11:14:34	11.25	--	8	9000	买盘
11:14:10	11.25	0.01	15	16875	买盘
11:13:25	11.24	-0.01	2	2248	卖盘
11:13:15	11.25	0.01	17	19125	买盘
11:12:54	11.24	--	9	10116	卖盘
11:12:49	11.24	--	6	6744	卖盘
11:12:34	11.24	0.01	41	46084	买盘
11:12:29	11.23	-0.01	20	22460	卖盘
11:12:25	11.24	0.01	23	25852	买盘
11:12:19	11.23	--	100	112300	卖盘
11:12:15	11.23	--	41	46043	卖盘
11:12:09	11.23	--	57	64011	卖盘
11:11:58	11.23	--	7	8197	买盘
11:11:43	11.23	--	2	3032	卖盘
11:11:39	11.23	--	9	10443	买盘
11:11:34	11.23	--	134	151268	卖盘
11:11:19	11.23	--	10	11230	卖盘
11:11:09	11.23	--	4	4492	卖盘
11:11:04	11.23	-0.01	60	67380	卖盘
11:10:54	11.24	0.01	12	13488	中性盘
11:10:49	11.23	--	190	213370	卖盘
11:10:34	11.23	--	2	2246	卖盘
11:10:04	11.23	--	1	1123	卖盘
11:09:49	11.23	--	19	21337	卖盘
11:09:39	11.23	-0.01	150	168450	卖盘
11:09:09	11.24	-0.01	100	112400	卖盘
11:08:49	11.25	--	30	33750	卖盘
11:08:19	11.25	0.01	78	87750	买盘
11:08:04	11.24	--	10	11240	卖盘
11:07:24	11.24	-0.01	10	11240	卖盘
11:06:58	11.25	--	215	241875	卖盘
11:06:54	11.25	-0.01	216	243000	卖盘
11:06:34	11.26	--	3	3378	买盘
11:05:58	11.26	--	20	22520	卖盘
11:05:43	11.26	--	8	9008	买盘
11:05:37	11.26	--	31	34906	卖盘
11:05:28	11.26	--	11	12386	卖盘
11:05:22	11.26	--	5	5630	卖盘
11:04:52	11.26	--	10	11260	卖盘
11:04:48	11.26	--	32	36032	卖盘
11:04:03	11.26	--	29	32654	卖盘
11:03:48	11.26	--	12	13512	卖盘
11:03:43	11.26	-0.01	4	4504	卖盘
11:03:37	11.27	--	19	21413	买盘
11:03:22	11.27	--	1	1127	买盘
11:03:13	11.27	0.01	15	16905	买盘
11:02:03	11.26	--	7	7882	卖盘
11:01:43	11.26	--	20	22520	卖盘
11:01:33	11.26	--	23	25898	卖盘
11:01:13	11.26	--	5	5630	卖盘
11:00:37	11.26	--	40	45040	卖盘
10:59:43	11.26	-0.01	6	6756	卖盘
10:59:37	11.27	--	23	25921	买盘
10:59:31	11.27	--	3	3381	买盘
10:59:16	11.27	--	4	4508	买盘
10:59:12	11.27	0.01	1	1127	买盘
10:58:12	11.26	-0.01	1	1126	卖盘
10:58:07	11.27	--	5	5635	买盘
10:57:57	11.27	--	27	30429	买盘
10:57:37	11.27	--	30	33810	买盘
10:57:27	11.27	--	20	22540	买盘
10:56:46	11.27	0.02	10	11270	买盘
10:55:57	11.25	-0.01	6	6750	卖盘
10:55:42	11.26	0.01	70	78820	买盘
10:55:37	11.25	-0.01	20	22500	卖盘
10:55:22	11.26	0.01	10	11260	买盘
10:55:12	11.25	--	20	22500	卖盘
10:55:07	11.25	0.01	20	22500	卖盘
10:55:01	11.24	--	0	0	卖盘
10:54:57	11.24	-0.01	30	33720	卖盘
10:54:52	11.25	--	12	13500	买盘
10:54:42	11.25	--	18	20250	买盘
10:54:22	11.25	-0.01	54	60750	卖盘
10:54:12	11.26	--	0	0	买盘
10:54:07	11.26	0.02	2	2252	买盘
10:53:57	11.24	--	3	3372	卖盘
10:53:52	11.24	--	0	0	卖盘
10:53:41	11.24	-0.02	67	75308	卖盘
10:53:37	11.26	0.02	30	33780	买盘
10:53:31	11.24	-0.02	2	2248	卖盘
10:53:26	11.26	0.01	86	96836	买盘
10:53:21	11.25	-0.01	22	24750	卖盘
10:53:10	11.26	--	0	0	买盘
10:53:07	11.26	0.01	93	104718	买盘
10:53:01	11.25	--	10	11250	卖盘
10:52:52	11.25	--	33	37125	卖盘
10:52:46	11.25	--	52	58500	卖盘
10:52:40	11.25	--	50	56250	卖盘
10:52:31	11.25	0.01	101	113625	买盘
10:52:21	11.24	--	1	1124	卖盘
10:52:16	11.24	--	5	5620	卖盘
10:52:06	11.24	--	8	8992	卖盘
10:51:36	11.24	--	109	123527	买盘
10:51:25	11.24	--	6	6744	买盘
10:51:16	11.24	--	5	5620	买盘
10:51:01	11.24	0.01	10	11240	买盘
10:50:51	11.23	-0.01	1	1123	卖盘
10:50:21	11.24	--	99	111276	卖盘
10:49:46	11.24	--	6	6744	买盘
10:49:21	11.24	--	5	5620	买盘
10:49:06	11.24	--	81	91044	卖盘
10:48:31	11.24	-0.01	5	5620	卖盘
10:48:16	11.25	--	100	112500	买盘
10:48:01	11.25	0.01	10	11250	买盘
10:47:51	11.24	--	8	8992	买盘
10:47:40	11.24	--	13	14612	卖盘
10:47:36	11.24	--	26	29224	买盘
10:47:31	11.24	--	32	35968	卖盘
10:47:21	11.24	--	16	17984	卖盘
10:47:10	11.24	--	10	11240	买盘
10:47:06	11.24	0.01	8	8992	买盘
10:46:45	11.23	-0.01	103	115669	卖盘
10:46:31	11.24	--	10	11240	买盘
10:46:19	11.24	--	9	10116	买盘
10:46:10	11.24	--	66	74184	卖盘
10:45:45	11.24	-0.01	118	132632	卖盘
10:45:25	11.25	0.01	5	5625	买盘
10:45:15	11.24	-0.01	13	14612	卖盘
10:44:30	11.25	--	34	38250	买盘
10:44:00	11.25	0.01	5	5625	买盘
10:43:55	11.24	-0.01	2	2248	卖盘
10:43:45	11.25	0.01	5	5625	买盘
10:43:25	11.24	--	20	22480	卖盘
10:43:15	11.24	--	12	13488	卖盘
10:43:00	11.24	--	0	0	卖盘
10:42:55	11.24	--	32	35968	买盘
10:42:45	11.24	--	97	109028	买盘
10:42:40	11.24	--	21	23604	买盘
10:42:34	11.24	--	11	12364	卖盘
10:42:30	11.24	--	20	22480	卖盘
10:42:25	11.24	--	20	22480	卖盘
10:42:10	11.24	--	0	0	卖盘
10:41:55	11.24	0.01	51	57324	卖盘
10:41:40	11.23	--	0	0	卖盘
10:41:15	11.23	-0.03	50	56150	卖盘
10:41:00	11.26	0.01	12	13512	买盘
10:40:44	11.25	--	149	167625	买盘
10:40:30	11.25	0.01	110	123750	买盘
10:40:24	11.24	--	3	3372	卖盘
10:40:19	11.24	0.01	11	12364	买盘
10:40:15	11.23	-0.01	219	245937	卖盘
10:39:49	11.24	--	5	5620	买盘
10:39:43	11.24	--	5	5620	买盘
10:39:19	11.24	--	10	11240	卖盘
10:39:13	11.24	-0.01	100	112400	卖盘
10:38:49	11.25	0.01	6	6750	买盘
10:38:39	11.24	--	50	56200	卖盘
10:38:24	11.24	--	100	112400	卖盘
10:38:09	11.24	-0.01	5	5620	卖盘
10:37:49	11.25	--	77	86625	卖盘
10:37:39	11.25	--	25	28125	卖盘
10:37:34	11.25	-0.01	91	102375	卖盘
10:37:09	11.26	--	20	22520	买盘
10:36:28	11.26	--	1	1126	买盘
10:36:24	11.26	0.01	10	11260	买盘
10:36:09	11.25	--	48	54000	卖盘
10:35:49	11.25	-0.01	10	11250	卖盘
10:35:09	11.26	0.01	3	3378	买盘
10:34:58	11.25	-0.01	5	5625	卖盘
10:34:49	11.26	--	86	96836	买盘
10:34:39	11.26	0.01	103	115978	买盘
10:34:09	11.25	-0.01	10	11250	卖盘
10:33:49	11.26	--	5	5630	买盘
10:33:04	11.26	0.01	5	5630	买盘
10:32:58	11.25	--	180	202500	卖盘
10:31:43	11.25	-0.01	5	5625	卖盘
10:31:33	11.26	--	31	34906	买盘
10:31:18	11.26	--	19	21394	买盘
10:30:58	11.26	--	5	5630	买盘
10:30:48	11.26	--	20	22520	买盘
10:30:33	11.26	--	20	22520	买盘
10:29:37	11.26	--	30	33780	买盘
10:29:28	11.26	0.01	80	90080	买盘
10:28:52	11.25	-0.01	20	22500	卖盘
10:28:28	11.26	--	8	9008	买盘
10:28:18	11.26	--	14	15764	买盘
10:28:03	11.26	--	5	5630	买盘
10:27:58	11.26	--	42	47292	买盘
10:27:47	11.26	--	91	102466	买盘
10:27:27	11.26	0.01	15	16890	卖盘
10:27:07	11.25	--	0	0	卖盘
10:26:47	11.25	--	10	11250	卖盘
10:25:57	11.25	--	102	114750	卖盘
10:25:46	11.25	--	10	11250	卖盘
10:25:37	11.25	-0.01	2	2250	卖盘
10:25:22	11.26	0.02	4	4504	买盘
10:25:16	11.24	--	0	0	卖盘
10:24:57	11.24	--	0	0	卖盘
10:24:52	11.24	-0.02	319	358556	卖盘
10:24:42	11.26	--	14	15764	买盘
10:24:37	11.26	--	5	5630	买盘
10:24:31	11.26	--	50	56300	买盘
10:24:27	11.26	--	50	56300	买盘
10:24:22	11.26	0.01	220	247720	买盘
10:24:16	11.25	-0.01	32	36000	卖盘
10:24:07	11.26	--	4	4504	买盘
10:23:46	11.26	--	10	11260	买盘
10:23:12	11.26	--	1	1126	买盘
10:23:07	11.26	--	10	11260	买盘
10:22:57	11.26	--	9	10134	买盘
10:22:52	11.26	0.01	27	30402	买盘
10:22:37	11.25	--	15	16875	卖盘
10:22:27	11.25	--	1	1125	买盘
10:22:16	11.25	--	29	32625	卖盘
10:21:57	11.25	--	15	16875	买盘
10:21:52	11.25	--	9	10125	买盘
10:21:46	11.25	--	10	11250	买盘
10:21:42	11.25	--	55	61875	买盘
10:21:27	11.25	0.01	50	56250	买盘
10:21:11	11.24	--	31	34844	卖盘
10:20:51	11.24	-0.01	43	48332	卖盘
10:20:42	11.25	0.01	29	32625	买盘
10:20:27	11.24	-0.01	100	112400	卖盘
10:20:21	11.25	0.01	5	5625	买盘
10:20:06	11.24	--	5	5620	卖盘
10:20:01	11.24	-0.01	5	5620	卖盘
10:19:51	11.25	--	61	68625	买盘
10:19:46	11.25	0.01	1	1125	买盘
10:18:51	11.24	--	6	6744	卖盘
10:18:46	11.24	--	11	12364	买盘
10:18:36	11.24	--	89	100036	卖盘
10:18:25	11.24	--	5	5620	卖盘
10:18:21	11.24	--	5	5620	卖盘
10:18:16	11.24	-0.01	100	112400	卖盘
10:18:10	11.25	0.01	2	2250	买盘
10:18:01	11.24	--	102	114648	卖盘
10:17:55	11.24	--	12	13488	卖盘
10:17:51	11.24	--	1	1124	卖盘
10:17:40	11.24	--	5	5620	卖盘
10:17:31	11.24	--	6	6744	卖盘
10:17:25	11.24	--	10	11240	买盘
10:17:21	11.24	0.01	2	2248	买盘
10:17:01	11.23	-0.01	9	10107	卖盘
10:16:51	11.24	--	8	8992	卖盘
10:16:36	11.24	--	2	2248	买盘
10:16:16	11.24	--	38	42712	卖盘
10:16:01	11.24	--	50	56200	卖盘
10:15:55	11.24	--	10	11240	卖盘
10:15:51	11.24	--	4	4496	卖盘
10:15:36	11.24	--	7	7868	买盘
10:15:21	11.24	0.01	8	8992	买盘
10:15:15	11.23	-0.01	3	3369	卖盘
10:15:01	11.24	-0.01	203	228172	卖盘
10:14:55	11.25	--	5	5625	卖盘
10:14:31	11.25	--	3	3375	卖盘
10:14:25	11.25	-0.01	10	11250	卖盘
10:13:55	11.26	--	49	55174	买盘
10:13:40	11.26	--	9	10134	卖盘
10:13:25	11.26	0.01	1	1126	买盘
10:13:19	11.25	--	25	28125	卖盘
10:13:15	11.25	--	4	4500	卖盘
10:12:45	11.25	--	6	6750	卖盘
10:12:40	11.25	-0.01	38	42750	卖盘
10:12:34	11.26	0.01	13	14638	买盘
10:12:19	11.25	-0.01	2	2250	卖盘
10:12:10	11.26	--	13	14638	买盘
10:11:49	11.26	0.01	1	1126	买盘
10:11:45	11.25	--	4	4500	卖盘
10:11:34	11.25	--	11	12375	卖盘
10:11:25	11.25	--	2	2250	卖盘
10:11:19	11.25	--	21	23625	买盘
10:11:15	11.25	--	5	5625	买盘
10:11:10	11.25	--	8	9000	卖盘
10:11:00	11.25	-0.01	2	2250	买盘
10:10:49	11.26	--	0	0	买盘
10:10:40	11.26	0.01	50	56300	买盘
10:10:34	11.25	--	3	3375	卖盘
10:10:30	11.25	--	5	5625	买盘
10:10:25	11.25	0.01	34	38250	买盘
10:10:15	11.24	--	61	68564	卖盘
10:10:10	11.24	--	24	26976	卖盘
10:10:00	11.24	--	56	62944	买盘
10:09:45	11.24	--	27	30348	买盘
10:09:40	11.24	0.01	18	20232	卖盘
10:09:34	11.23	-0.02	6	6738	卖盘
10:09:25	11.25	--	0	0	买盘
10:09:15	11.25	0.03	4	4500	买盘
10:09:04	11.22	--	15	17166	买盘
10:09:00	11.22	--	60	67320	买盘
10:08:54	11.22	-0.01	135	152255	卖盘
10:08:49	11.23	--	0	0	中性盘
10:08:45	11.23	0.01	12	13476	中性盘
10:08:40	11.22	-0.01	58	65412	卖盘
10:08:30	11.23	--	8	8984	买盘
10:08:24	11.23	--	21	23583	买盘
10:08:09	11.23	--	41	46043	买盘
10:07:54	11.23	0.01	23	25829	买盘
10:07:49	11.22	-0.01	15	16830	卖盘
10:07:45	11.23	--	50	56150	买盘
10:07:39	11.23	-0.01	229	257953	卖盘
10:07:34	11.24	--	30	33720	买盘
10:07:28	11.24	--	27	30348	卖盘
10:07:24	11.24	--	24	26976	卖盘
10:07:19	11.24	--	10	11240	卖盘
10:07:09	11.24	--	57	64068	卖盘
10:07:04	11.24	-0.01	225	252900	卖盘
10:06:58	11.25	--	4	4500	卖盘
10:06:54	11.25	--	54	60750	卖盘
10:06:39	11.25	--	11	12375	卖盘
10:06:34	11.25	-0.01	14	15750	卖盘
10:06:24	11.26	--	10	11260	买盘
10:06:09	11.26	--	140	157640	卖盘
10:05:54	11.26	--	30	33780	卖盘
10:05:49	11.26	--	11	12386	卖盘
10:05:43	11.26	-0.01	50	56300	卖盘
10:05:39	11.27	0.01	1	1127	买盘
10:05:34	11.26	--	150	168900	卖盘
10:05:19	11.26	--	3	3378	卖盘
10:05:13	11.26	--	3	3378	卖盘
10:04:34	11.26	--	0	0	卖盘
10:04:28	11.26	-0.01	29	32654	卖盘
10:04:24	11.27	--	42	47334	卖盘
10:04:04	11.27	--	21	23667	卖盘
10:03:39	11.27	--	100	112700	卖盘
10:03:34	11.27	-0.01	50	56350	卖盘
10:03:24	11.28	-0.01	25	28200	买盘
10:03:19	11.29	--	0	0	买盘
10:03:03	11.29	--	5	5645	买盘
10:02:33	11.29	--	30	33870	买盘
10:02:24	11.29	0.02	27	30482	买盘
10:02:18	11.27	0.01	16	18032	卖盘
10:02:03	11.26	--	0	0	卖盘
10:01:38	11.26	--	0	0	中性盘
10:01:33	11.26	--	0	0	买盘
10:01:28	11.26	--	92	103592	买盘
10:01:18	11.26	--	15	16890	买盘
10:01:03	11.26	--	43	48418	卖盘
10:00:43	11.26	0.01	20	22520	中性盘
10:00:33	11.25	-0.03	6	6750	中性盘
10:00:22	11.28	0.03	313	353064	买盘
10:00:03	11.25	-0.02	116	130500	卖盘
09:59:58	11.27	0.01	320	360978	买盘
09:59:48	11.26	--	20	22520	买盘
09:59:33	11.26	--	149	168562	卖盘
09:59:28	11.26	--	10	11260	卖盘
09:59:22	11.26	--	1	1126	卖盘
09:59:18	11.26	--	152	171152	卖盘
09:59:13	11.26	--	9	10134	卖盘
09:59:07	11.26	-0.01	90	101340	卖盘
09:58:58	11.27	0.01	47	52969	买盘
09:58:52	11.26	-0.01	10	11260	卖盘
09:58:43	11.27	0.01	20	22540	买盘
09:58:33	11.26	-0.01	1	1126	卖盘
09:58:28	11.27	--	20	22540	买盘
09:58:13	11.27	0.01	8	9016	买盘
09:58:03	11.26	-0.01	10	11260	卖盘
09:57:58	11.27	--	20	22540	买盘
09:57:48	11.27	--	20	22540	买盘
09:57:43	11.27	--	9	10143	买盘
09:57:33	11.27	--	10	11270	买盘
09:57:28	11.27	--	10	11270	买盘
09:57:13	11.27	--	100	112700	买盘
09:57:07	11.27	0.01	5	5635	买盘
09:57:03	11.26	-0.01	3	3378	卖盘
09:56:58	11.27	--	30	33810	买盘
09:56:48	11.27	-0.01	109	122843	卖盘
09:56:37	11.28	--	2	2256	买盘
09:56:22	11.28	--	5	5640	买盘
09:55:57	11.28	0.01	32	36096	买盘
09:55:32	11.27	--	47	52969	买盘
09:55:27	11.27	--	10	11270	买盘
09:55:22	11.27	--	8	9016	买盘
09:55:17	11.27	0.01	30	33810	买盘
09:55:12	11.26	--	40	45040	卖盘
09:55:01	11.26	--	2	2252	卖盘
09:54:57	11.26	--	30	33780	卖盘
09:54:42	11.26	--	5	5630	卖盘
09:54:37	11.26	--	8	9345	买盘
09:54:27	11.26	--	5	5630	买盘
09:54:22	11.26	--	25	28150	买盘
09:54:12	11.26	--	154	173404	买盘
09:54:07	11.26	--	63	70938	买盘
09:54:01	11.26	0.01	10	11260	买盘
09:53:57	11.25	-0.01	61	68625	卖盘
09:53:46	11.26	0.01	56	63056	买盘
09:53:42	11.25	-0.01	70	78750	卖盘
09:53:37	11.26	--	34	38284	买盘
09:53:22	11.26	--	6	6756	买盘
09:53:12	11.26	--	71	79946	卖盘
09:53:01	11.26	-0.01	26	29276	卖盘
09:52:52	11.27	--	5	5635	买盘
09:52:42	11.27	--	0	0	中性盘
09:52:37	11.27	--	7	7889	卖盘
09:52:27	11.27	-0.01	176	198352	卖盘
09:52:22	11.28	--	10	11280	买盘
09:52:12	11.28	0.01	5	5640	买盘
09:52:07	11.27	--	100	112700	卖盘
09:51:57	11.27	-0.01	5	5635	卖盘
09:51:42	11.28	--	127	143256	卖盘
09:51:37	11.28	--	19	21432	卖盘
09:51:27	11.28	--	30	33840	卖盘
09:51:12	11.28	--	0	0	卖盘
09:51:07	11.28	-0.01	20	22560	卖盘
09:51:01	11.29	-0.01	17	19193	卖盘
09:50:46	11.3	--	17	19210	卖盘
09:50:42	11.3	--	22	24860	卖盘
09:50:37	11.3	--	43	48590	卖盘
09:50:22	11.3	--	5	5650	卖盘
09:50:16	11.3	--	4	4520	卖盘
09:50:12	11.3	-0.01	24	27120	卖盘
09:49:42	11.31	--	148	167388	卖盘
09:49:16	11.31	-0.01	1	1131	卖盘
09:48:56	11.32	--	2	2264	买盘
09:48:36	11.32	0.01	2	2264	买盘
09:48:31	11.31	-0.01	40	45240	卖盘
09:48:01	11.32	--	48	54336	卖盘
09:47:36	11.32	--	0	0	中性盘
09:47:21	11.32	--	21	23772	买盘
09:47:10	11.32	--	18	20376	买盘
09:46:51	11.32	-0.01	1	1132	卖盘
09:46:40	11.33	0.01	39	44187	买盘
09:46:21	11.32	--	50	56600	卖盘
09:45:36	11.32	--	15	16980	卖盘
09:45:31	11.32	-0.01	21	23772	卖盘
09:45:16	11.33	0.01	5	5665	买盘
09:45:10	11.32	-0.01	20	22640	卖盘
09:45:06	11.33	--	7	7931	买盘
09:44:51	11.33	0.01	5	5665	买盘
09:44:16	11.32	0.01	15	16980	买盘
09:44:10	11.31	-0.01	1	1131	卖盘
09:44:05	11.32	--	10	11320	买盘
09:43:50	11.32	-0.01	5	5660	卖盘
09:43:45	11.33	0.01	10	11330	买盘
09:43:35	11.32	--	5	5660	买盘
09:43:10	11.32	0.01	30	33960	买盘
09:43:05	11.31	--	13	14703	卖盘
09:43:00	11.31	--	5	5655	卖盘
09:42:50	11.31	--	85	96135	卖盘
09:42:30	11.31	-0.01	87	98397	卖盘
09:42:15	11.32	--	12	13584	买盘
09:42:10	11.32	0.01	100	113200	买盘
09:42:04	11.31	--	30	33930	卖盘
09:41:40	11.31	--	5	5655	卖盘
09:41:30	11.31	--	7	7917	卖盘
09:41:25	11.31	-0.01	9	10179	卖盘
09:40:49	11.32	--	3	3396	卖盘
09:40:25	11.32	--	47	53204	卖盘
09:40:15	11.32	-0.01	10	11320	卖盘
09:40:04	11.33	0.02	29	32857	买盘
09:39:55	11.31	--	0	0	卖盘
09:39:40	11.31	--	172	194532	卖盘
09:39:30	11.31	--	10	11310	卖盘
09:39:15	11.31	-0.01	8	9048	卖盘
09:39:10	11.32	0.01	6	6792	买盘
09:39:00	11.31	-0.01	27	30537	卖盘
09:38:45	11.32	--	8	9056	买盘
09:38:19	11.32	0.01	15	16980	买盘
09:38:00	11.31	--	28	31668	卖盘
09:37:30	11.31	0.01	5	5655	买盘
09:37:14	11.3	--	14	15820	卖盘
09:37:09	11.3	--	1	1130	卖盘
09:36:59	11.3	--	4	4520	卖盘
09:36:54	11.3	0.01	10	11300	卖盘
09:36:24	11.29	--	0	0	卖盘
09:36:19	11.29	-0.02	132	149028	卖盘
09:35:58	11.31	0.02	5	5655	买盘
09:35:54	11.29	-0.01	4	4516	卖盘
09:35:39	11.3	0.02	20	22600	买盘
09:35:34	11.28	--	0	0	卖盘
09:35:24	11.28	--	24	27072	卖盘
09:35:09	11.28	--	0	0	卖盘
09:34:58	11.28	-0.01	10	11280	卖盘
09:34:43	11.29	-0.01	49	55320	卖盘
09:34:34	11.3	--	10	11300	卖盘
09:34:24	11.3	-0.01	42	47460	卖盘
09:34:19	11.31	0.01	26	29406	买盘
09:34:13	11.3	-0.01	4	4520	卖盘
09:34:09	11.31	0.01	4	4524	买盘
09:34:04	11.3	-0.01	27	30510	卖盘
09:33:58	11.31	--	40	45240	买盘
09:33:54	11.31	--	10	11310	买盘
09:33:19	11.31	--	74	83694	卖盘
09:33:04	11.31	--	15	16965	卖盘
09:32:58	11.31	-0.01	1	1131	卖盘
09:32:34	11.32	0.01	1	1132	买盘
09:32:24	11.31	--	3	3393	卖盘
09:32:19	11.31	--	72	81432	买盘
09:32:09	11.31	--	116	131196	卖盘
09:32:03	11.31	--	55	62205	卖盘
09:31:39	11.31	--	0	0	卖盘
09:31:33	11.31	-0.01	120	135720	卖盘
09:31:03	11.32	0.01	2	2264	买盘
09:30:53	11.31	-0.03	19	21489	卖盘
09:30:37	11.34	--	0	0	买盘
09:30:18	11.34	--	6	6804	买盘
09:30:08	11.34	--	32	36288	买盘
09:30:03	11.34	--	8	9072	卖盘
09:28:47	11.34	--	0	0	卖盘
09:25:11	11.34	11.34	1	1134	买盘
