成交时间	成交价	价格变动	成交量(手)	成交额(元)	性质
15:00:00	51.26	-0.02	0	0	中性盘
15:00:00	51.28	--	0	0	买盘
14:59:59	51.28	--	33	169224	买盘
14:59:49	51.28	--	0	0	中性盘
14:59:38	51.28	--	16	82048	卖盘
14:59:34	51.28	--	1	5128	卖盘
14:59:29	51.28	-0.01	4	20512	卖盘
14:59:23	51.29	--	13	66677	买盘
14:59:14	51.29	--	0	0	买盘
14:59:08	51.29	0.16	57	292353	买盘
14:59:04	51.13	--	6	30678	买盘
14:58:53	51.13	-0.15	7	35791	卖盘
14:58:44	51.28	--	0	0	买盘
14:58:34	51.28	--	4	20512	买盘
14:58:29	51.28	0.15	5	25640	买盘
14:58:19	51.13	--	0	0	中性盘
14:57:59	51.13	0.01	5	25565	卖盘
14:57:53	51.12	-0.18	2	10224	卖盘
14:57:49	51.3	--	5	25650	买盘
14:57:38	51.3	--	0	0	买盘
14:57:34	51.3	-0.05	1	5130	买盘
14:57:23	51.35	--	2	10270	买盘
14:57:19	51.35	0.05	10	51350	买盘
14:57:14	51.3	--	10	51300	卖盘
14:57:08	51.3	--	21	107730	卖盘
14:56:59	51.3	0.05	30	153900	卖盘
14:56:49	51.25	0.16	90	464940	买盘
14:56:44	51.09	--	1	5109	买盘
14:56:38	51.09	-0.01	84	430586	卖盘
14:56:29	51.1	0.01	8	40880	买盘
14:56:23	51.09	--	0	0	卖盘
14:56:08	51.09	--	26	132834	卖盘
14:55:59	51.09	-0.01	21	107289	卖盘
14:55:49	51.1	--	5	25550	买盘
14:55:44	51.1	--	3	15330	买盘
14:55:38	51.1	--	2	10220	买盘
14:55:34	51.1	--	3	15330	卖盘
14:55:29	51.1	--	2	10220	卖盘
14:55:19	51.1	--	2	10220	卖盘
14:55:14	51.1	--	30	153300	卖盘
14:55:08	51.1	0.01	44	228519	买盘
14:55:04	51.09	--	0	0	卖盘
14:54:59	51.09	-0.04	13	66417	卖盘
14:54:53	51.13	0.03	4	20452	买盘
14:54:49	51.1	-0.01	2	10220	卖盘
14:54:38	51.11	-0.04	43	219773	卖盘
14:54:34	51.15	0.06	20	102300	买盘
14:54:29	51.09	-0.04	8	40872	卖盘
14:54:19	51.13	0.04	11	56243	买盘
14:54:14	51.09	-0.01	13	66417	卖盘
14:54:04	51.1	0.02	21	107310	卖盘
14:53:59	51.08	--	0	0	卖盘
14:53:53	51.08	--	0	0	卖盘
14:53:43	51.08	-0.01	36	183888	卖盘
14:53:38	51.09	--	0	0	卖盘
14:53:34	51.09	--	14	71526	卖盘
14:53:28	51.09	--	0	0	卖盘
14:53:18	51.09	-0.01	29	148161	卖盘
14:53:08	51.1	--	1	5110	卖盘
14:53:03	51.1	--	9	45990	卖盘
14:52:53	51.1	0.01	2	10220	买盘
14:52:48	51.09	-0.01	8	40872	卖盘
14:52:43	51.1	--	2	10220	买盘
14:52:38	51.1	--	1	5110	买盘
14:52:32	51.1	0.01	4	20440	中性盘
14:52:28	51.09	-0.01	40	204360	卖盘
14:52:17	51.1	--	6	30660	卖盘
14:52:13	51.1	0.01	2	10220	卖盘
14:52:08	51.09	-0.01	10	51090	卖盘
14:51:53	51.1	0.01	14	71540	买盘
14:51:47	51.09	-0.01	7	35763	卖盘
14:51:38	51.1	0.02	6	30660	买盘
14:51:32	51.08	-0.01	37	188996	卖盘
14:51:23	51.09	-0.01	25	127725	卖盘
14:51:17	51.1	-0.01	3	15330	买盘
14:51:02	51.11	0.01	14	71554	买盘
14:50:58	51.1	-0.01	8	40880	卖盘
14:50:53	51.11	0.01	5	25555	买盘
14:50:47	51.1	--	0	0	卖盘
14:50:43	51.1	--	22	112420	卖盘
14:50:38	51.1	--	15	76650	卖盘
14:50:32	51.1	--	0	0	卖盘
14:50:28	51.1	-0.07	10	51100	卖盘
14:50:23	51.17	--	8	40936	卖盘
14:50:17	51.17	-0.03	5	25585	卖盘
14:50:08	51.2	0.09	1	5120	买盘
14:50:02	51.11	-0.09	80	408880	卖盘
14:49:47	51.2	--	6	32153	卖盘
14:49:32	51.2	0.01	1	5120	卖盘
14:49:28	51.19	-0.01	3	19042	中性盘
14:49:23	51.2	--	20	103833	买盘
14:49:17	51.2	--	1	5120	买盘
14:49:13	51.2	--	4	20480	买盘
14:49:02	51.2	--	2	10240	买盘
14:48:53	51.2	--	23	117760	买盘
14:48:28	51.2	--	1	5120	卖盘
14:48:23	51.2	--	7	35840	卖盘
14:48:17	51.2	--	4	20480	卖盘
14:47:58	51.2	-0.05	10	51200	卖盘
14:47:43	51.25	0.01	6	30750	买盘
14:47:28	51.24	--	2	10248	买盘
14:47:02	51.24	0.05	1	5124	买盘
14:46:58	51.19	--	10	51190	买盘
14:46:43	51.19	--	27	138213	卖盘
14:46:32	51.19	--	0	0	卖盘
14:46:28	51.19	--	0	0	卖盘
14:46:17	51.19	--	5	25595	卖盘
14:46:02	51.19	--	5	25595	卖盘
14:45:47	51.19	--	4	20476	买盘
14:45:32	51.19	--	1	5119	卖盘
14:45:11	51.19	-0.01	28	143332	卖盘
14:44:56	51.2	--	3	15360	卖盘
14:44:47	51.2	--	6	30720	中性盘
14:44:41	51.2	--	24	122880	买盘
14:44:22	51.2	--	2	10240	买盘
14:44:17	51.2	-0.05	24	122880	卖盘
14:44:07	51.25	0.02	1	5125	买盘
14:44:02	51.23	--	31	158813	卖盘
14:43:56	51.23	--	4	20492	卖盘
14:43:52	51.23	--	1	5123	卖盘
14:43:47	51.23	--	1	5123	卖盘
14:43:41	51.23	--	4	20492	买盘
14:43:37	51.23	0.01	5	25615	买盘
14:43:32	51.22	-0.01	25	128050	卖盘
14:43:17	51.23	--	4	20492	买盘
14:43:07	51.23	--	11	56353	卖盘
14:42:56	51.23	-0.02	10	51230	卖盘
14:42:52	51.25	--	11	56375	买盘
14:42:37	51.25	0.01	3	15375	买盘
14:42:32	51.24	--	4	20496	卖盘
14:42:11	51.24	--	3	15372	卖盘
14:41:56	51.24	-0.01	15	76860	卖盘
14:41:26	51.25	-0.03	8	41000	卖盘
14:41:11	51.28	--	2	10256	买盘
14:41:01	51.28	--	0	0	买盘
14:40:56	51.28	0.04	1	5128	买盘
14:40:52	51.24	-0.04	10	51240	卖盘
14:40:46	51.28	-0.02	8	41024	卖盘
14:40:21	51.3	-0.03	2	10260	卖盘
14:40:06	51.33	-0.03	2	10266	卖盘
14:39:51	51.36	--	0	0	买盘
14:39:16	51.36	--	2	10272	买盘
14:39:11	51.36	0.01	39	200304	买盘
14:39:05	51.35	--	1	5135	中性盘
14:39:01	51.35	--	0	0	卖盘
14:38:50	51.35	--	3	15405	买盘
14:38:46	51.35	0.02	2	10270	买盘
14:38:26	51.33	0.03	2	10266	买盘
14:38:16	51.3	--	10	55404	买盘
14:38:01	51.3	0.03	11	56430	买盘
14:37:56	51.27	-0.03	2	10254	卖盘
14:37:46	51.3	--	2	10260	买盘
14:37:26	51.3	--	0	0	买盘
14:37:20	51.3	0.03	56	287280	买盘
14:37:16	51.27	--	9	46143	卖盘
14:37:11	51.27	--	1	5127	买盘
14:36:56	51.27	--	13	66651	买盘
14:36:46	51.27	0.06	2	10254	买盘
14:36:41	51.21	--	0	0	卖盘
14:36:35	51.21	--	0	0	卖盘
14:36:20	51.21	--	6	30726	卖盘
14:36:16	51.21	--	3	15363	卖盘
14:36:11	51.21	--	3	15363	买盘
14:35:50	51.21	--	2	10242	买盘
14:35:46	51.21	0.03	2	10242	买盘
14:35:31	51.18	-0.03	20	102360	卖盘
14:35:16	51.21	--	2	10242	买盘
14:34:50	51.21	--	2	10242	买盘
14:34:46	51.21	-0.07	5	25605	卖盘
14:34:41	51.28	--	1	5128	买盘
14:34:30	51.28	--	0	0	买盘
14:34:16	51.28	0.07	22	112816	买盘
14:33:50	51.21	-0.07	29	148509	卖盘
14:33:45	51.28	0.02	3	15384	买盘
14:33:40	51.26	-0.02	2	10252	卖盘
14:33:20	51.28	--	10	51280	买盘
14:32:50	51.28	-0.02	22	112816	卖盘
14:32:44	51.3	-0.05	52	266760	卖盘
14:32:35	51.35	0.02	1	5135	买盘
14:32:25	51.33	-0.03	20	102660	卖盘
14:32:14	51.36	--	0	0	买盘
14:32:10	51.36	--	3	15408	买盘
14:32:05	51.36	0.02	1	5136	买盘
14:31:59	51.34	-0.02	3	15402	卖盘
14:31:44	51.36	0.01	3	15408	买盘
14:31:35	51.35	--	0	0	中性盘
14:31:25	51.35	--	2	10270	卖盘
14:31:20	51.35	--	0	0	买盘
14:31:10	51.35	0.01	3	15405	买盘
14:31:05	51.34	-0.01	16	82144	卖盘
14:30:50	51.35	--	0	0	买盘
14:30:40	51.35	--	3	15405	买盘
14:30:29	51.35	-0.01	3	15405	卖盘
14:30:10	51.36	0.01	8	41088	买盘
14:29:59	51.35	-0.01	8	41080	卖盘
14:29:40	51.36	0.01	5	25680	买盘
14:29:29	51.35	--	0	0	卖盘
14:29:25	51.35	-0.04	10	51350	卖盘
14:29:14	51.39	0.01	1	5139	买盘
14:29:10	51.38	0.02	5	25690	买盘
14:29:05	51.36	-0.02	1	5136	卖盘
14:28:59	51.38	0.02	13	66794	买盘
14:28:55	51.36	-0.02	5	25680	卖盘
14:28:49	51.38	-0.01	2	10276	买盘
14:28:44	51.39	--	5	25695	买盘
14:28:40	51.39	0.01	13	66807	买盘
14:28:29	51.38	--	8	41104	买盘
14:28:25	51.38	-0.02	2	10276	卖盘
14:28:20	51.4	--	0	0	买盘
14:28:10	51.4	0.02	3	15420	买盘
14:28:04	51.38	-0.02	2	10276	卖盘
14:27:59	51.4	--	0	0	买盘
14:27:55	51.4	0.02	5	25700	买盘
14:27:49	51.38	--	0	0	卖盘
14:27:44	51.38	-0.02	3	15414	卖盘
14:27:40	51.4	--	3	15420	买盘
14:27:19	51.4	0.01	2	10280	卖盘
14:27:14	51.39	-0.03	22	113058	卖盘
14:27:09	51.42	0.03	3	15426	买盘
14:26:53	51.39	-0.02	6	30834	卖盘
14:26:29	51.41	0.01	2	10282	买盘
14:26:08	51.4	-0.01	1	5140	卖盘
14:25:59	51.41	0.01	3	15422	买盘
14:25:44	51.4	--	3	15420	买盘
14:25:34	51.4	0.01	1	5140	买盘
14:25:29	51.39	--	1	5139	卖盘
14:25:23	51.39	0.03	5	25695	买盘
14:25:14	51.36	--	0	0	卖盘
14:25:08	51.36	-0.03	8	41088	卖盘
14:25:04	51.39	--	3	15417	买盘
14:24:53	51.39	0.02	4	20556	买盘
14:24:38	51.37	--	0	0	卖盘
14:24:23	51.37	-0.01	4	20548	卖盘
14:24:19	51.38	0.01	1	5138	买盘
14:24:08	51.37	-0.01	2	10274	卖盘
14:24:04	51.38	--	1	5138	买盘
14:23:49	51.38	-0.01	2	10276	卖盘
14:23:34	51.39	--	1	5139	买盘
14:23:29	51.39	0.01	2	10278	卖盘
14:23:08	51.38	--	1	5138	买盘
14:22:59	51.38	--	10	51380	卖盘
14:22:53	51.38	--	1	5138	卖盘
14:22:38	51.38	-0.04	21	107898	卖盘
14:22:23	51.42	--	13	66846	买盘
14:22:04	51.42	--	0	0	买盘
14:21:18	51.42	--	0	0	中性盘
14:21:03	51.42	0.05	1	5142	买盘
14:20:53	51.37	--	1	5137	卖盘
14:20:48	51.37	--	0	0	中性盘
14:20:38	51.37	-0.02	5	25685	买盘
14:20:33	51.39	--	0	0	中性盘
14:20:17	51.39	--	9	46251	买盘
14:20:08	51.39	--	1	5139	买盘
14:19:53	51.39	0.02	7	35973	买盘
14:19:47	51.37	-0.01	3	15411	卖盘
14:19:43	51.38	-0.01	5	25690	卖盘
14:19:38	51.39	--	1	5139	买盘
14:19:23	51.39	--	10	51390	买盘
14:19:13	51.39	-0.01	6	30834	卖盘
14:19:08	51.4	0.05	9	46260	买盘
14:18:53	51.35	--	0	0	卖盘
14:18:47	51.35	0.02	2	10270	买盘
14:18:32	51.33	--	3	15399	买盘
14:18:28	51.33	--	5	25665	买盘
14:18:23	51.33	--	10	51330	买盘
14:18:13	51.33	--	0	0	买盘
14:17:47	51.33	0.03	2	10266	买盘
14:17:43	51.3	--	0	0	中性盘
14:17:38	51.3	--	2	10260	买盘
14:17:32	51.3	0.01	23	117990	买盘
14:17:23	51.29	-0.01	31	158999	卖盘
14:17:13	51.3	--	3	15390	买盘
14:17:08	51.3	--	21	107730	买盘
14:17:02	51.3	--	51	261630	买盘
14:16:58	51.3	--	22	112860	买盘
14:16:53	51.3	--	5	25650	买盘
14:16:47	51.3	0.01	8	41040	买盘
14:16:43	51.29	-0.01	1	5129	卖盘
14:16:38	51.3	0.01	7	35910	买盘
14:16:32	51.29	--	12	61548	买盘
14:16:22	51.29	0.01	9	46161	买盘
14:16:17	51.28	0.03	2	10256	买盘
14:16:13	51.25	-0.01	1	5125	卖盘
14:16:08	51.26	0.01	3	15378	买盘
14:16:02	51.25	0.04	3	15375	买盘
14:15:47	51.21	--	64	331431	买盘
14:15:43	51.21	0.01	21	107541	买盘
14:15:37	51.2	-0.01	11	56320	卖盘
14:15:32	51.21	--	30	153630	买盘
14:15:28	51.21	--	2	10242	买盘
14:15:23	51.21	--	4	20484	买盘
14:15:17	51.21	0.01	1	5121	买盘
14:15:13	51.2	-0.01	31	158720	卖盘
14:15:07	51.21	0.01	10	51210	买盘
14:15:02	51.2	--	1	5120	买盘
14:14:47	51.2	--	4	20480	买盘
14:14:37	51.2	-0.01	2	10240	卖盘
14:14:32	51.21	0.01	2	10242	买盘
14:14:27	51.2	--	5	25600	卖盘
14:14:22	51.2	-0.01	4	20480	卖盘
14:14:17	51.21	--	0	0	买盘
14:14:12	51.21	0.03	25	128025	买盘
14:14:02	51.18	--	0	0	卖盘
14:13:57	51.18	-0.03	1	5118	卖盘
14:13:41	51.21	--	8	40968	买盘
14:13:17	51.21	--	2	11675	卖盘
14:12:56	51.21	--	0	3687	买盘
14:12:52	51.21	0.02	1	5121	买盘
14:12:11	51.19	--	0	0	卖盘
14:12:02	51.19	--	2	10238	卖盘
14:11:56	51.19	--	0	0	中性盘
14:11:52	51.19	--	0	0	买盘
14:11:32	51.19	--	0	0	中性盘
14:11:26	51.19	--	2	10238	买盘
14:11:22	51.19	--	20	102380	卖盘
14:11:17	51.19	--	0	0	卖盘
14:10:32	51.19	-0.01	1	5119	卖盘
14:10:26	51.2	--	1	5120	买盘
14:10:02	51.2	--	1	5120	买盘
14:09:56	51.2	-0.05	5	25600	卖盘
14:09:47	51.25	0.05	1	5125	买盘
14:09:31	51.2	--	1	5120	卖盘
14:09:26	51.2	--	2	10240	卖盘
14:09:11	51.2	--	0	0	中性盘
14:09:07	51.2	-0.01	3	15360	卖盘
14:09:01	51.21	--	0	0	中性盘
14:08:56	51.21	0.01	2	10242	买盘
14:08:21	51.2	-0.01	14	71680	卖盘
14:08:16	51.21	--	0	0	中性盘
14:07:56	51.21	--	0	0	中性盘
14:07:35	51.21	-0.02	11	56331	卖盘
14:07:26	51.23	--	0	0	买盘
14:06:56	51.23	--	0	0	买盘
14:06:46	51.23	0.01	17	87091	买盘
14:06:41	51.22	-0.01	6	30732	卖盘
14:06:31	51.23	--	5	25615	买盘
14:06:05	51.23	--	5	25615	卖盘
14:05:56	51.23	0.02	5	25615	卖盘
14:05:46	51.21	--	0	0	卖盘
14:05:35	51.21	--	0	0	中性盘
14:05:31	51.21	--	15	76815	卖盘
14:05:20	51.21	--	0	0	卖盘
14:05:01	51.21	-0.04	11	56331	卖盘
14:04:50	51.25	--	5	25625	买盘
14:04:41	51.25	--	5	25625	买盘
14:04:26	51.25	--	0	0	买盘
14:03:50	51.25	--	8	41000	买盘
14:03:41	51.25	--	5	25625	卖盘
14:03:26	51.25	-0.01	1	5125	卖盘
14:02:46	51.26	-0.01	1	6561	卖盘
14:02:25	51.27	0.01	1	5127	买盘
14:02:20	51.26	-0.01	2	10252	卖盘
14:02:16	51.27	--	5	25635	卖盘
14:02:05	51.27	--	0	0	卖盘
14:02:01	51.27	-0.03	10	51270	卖盘
14:01:50	51.3	--	0	0	买盘
14:01:25	51.3	0.04	1	5130	买盘
14:01:20	51.26	-0.04	11	56386	卖盘
14:01:05	51.3	--	1	5130	买盘
14:00:45	51.3	--	2	10260	买盘
14:00:30	51.3	0.04	1	5130	买盘
14:00:15	51.26	--	5	29320	买盘
14:00:10	51.26	--	17	87142	买盘
13:59:50	51.26	0.01	14	71764	买盘
13:59:44	51.25	--	1	5125	卖盘
13:59:25	51.25	0.03	6	30750	买盘
13:59:14	51.22	--	0	0	中性盘
13:58:35	51.22	--	2	10244	买盘
13:58:29	51.22	0.02	10	51220	买盘
13:58:25	51.2	--	6	30720	卖盘
13:58:20	51.2	--	25	128000	卖盘
13:58:05	51.2	--	17	87040	买盘
13:57:59	51.2	--	1	5120	买盘
13:57:50	51.2	--	1	5120	买盘
13:57:35	51.2	0.01	10	51200	买盘
13:57:14	51.19	--	12	61428	买盘
13:57:05	51.19	--	10	51190	买盘
13:56:44	51.19	-0.01	1	5119	卖盘
13:56:29	51.2	--	1	5120	买盘
13:56:20	51.2	--	0	0	中性盘
13:55:59	51.2	--	6	30720	卖盘
13:55:39	51.2	--	1	5120	买盘
13:55:29	51.2	--	1	5120	卖盘
13:55:10	51.2	--	4	20480	买盘
13:54:59	51.2	--	2	10240	买盘
13:54:44	51.2	0.01	3	15360	买盘
13:54:29	51.19	--	8	40952	买盘
13:54:24	51.19	--	10	51190	买盘
13:54:19	51.19	--	0	0	买盘
13:53:59	51.19	-0.01	1	5119	买盘
13:53:49	51.2	--	0	0	买盘
13:53:29	51.2	0.02	9	46080	买盘
13:53:24	51.18	0.05	5	25590	买盘
13:53:09	51.13	--	0	0	卖盘
13:53:04	51.13	--	0	0	卖盘
13:52:53	51.13	--	0	0	卖盘
13:52:44	51.13	-0.05	2	10226	卖盘
13:52:38	51.18	--	0	0	买盘
13:52:23	51.18	--	1	5118	卖盘
13:52:14	51.18	--	4	20472	卖盘
13:52:08	51.18	--	2	10236	卖盘
13:51:38	51.18	-0.01	5	25590	买盘
13:51:14	51.19	--	2	10238	卖盘
13:50:59	51.19	0.1	1	5119	买盘
13:50:53	51.09	--	0	0	卖盘
13:50:43	51.09	--	0	0	卖盘
13:50:38	51.09	--	0	0	卖盘
13:50:29	51.09	--	0	0	卖盘
13:50:23	51.09	-0.1	29	148161	卖盘
13:50:18	51.19	0.05	54	276426	买盘
13:50:13	51.14	-0.06	2	10228	卖盘
13:49:59	51.2	0.01	4	20480	卖盘
13:49:53	51.19	0.04	1	5119	买盘
13:49:48	51.15	-0.04	1	5115	卖盘
13:49:44	51.19	--	4	20476	买盘
13:49:38	51.19	-0.02	11	56309	卖盘
13:49:23	51.21	0.02	3	15363	买盘
13:49:14	51.19	-0.03	2	10238	卖盘
13:49:03	51.22	--	1	5122	买盘
13:48:59	51.22	--	1	5122	买盘
13:48:53	51.22	--	45	230490	卖盘
13:48:43	51.22	--	1	5122	卖盘
13:48:38	51.22	--	1	5122	买盘
13:48:28	51.22	--	9	46098	买盘
13:48:13	51.22	0.03	3	15366	买盘
13:48:03	51.19	--	1	5119	卖盘
13:47:43	51.19	--	0	0	卖盘
13:47:23	51.19	--	4	20476	买盘
13:47:18	51.19	--	5	25595	买盘
13:47:08	51.19	0.05	1	5119	买盘
13:46:53	51.14	-0.05	3	15342	卖盘
13:46:48	51.19	--	1	5119	买盘
13:46:43	51.19	--	2	10238	买盘
13:46:33	51.19	--	0	0	买盘
13:46:28	51.19	--	5	25595	买盘
13:46:23	51.19	--	0	0	买盘
13:46:17	51.19	--	9	46071	买盘
13:46:13	51.19	--	2	10238	买盘
13:46:08	51.19	--	3	15357	买盘
13:46:02	51.19	0.13	8	40952	卖盘
13:45:53	51.06	--	0	0	卖盘
13:45:47	51.06	--	0	0	卖盘
13:45:43	51.06	--	0	0	卖盘
13:45:38	51.06	-0.17	100	510600	卖盘
13:45:32	51.23	--	2	10246	买盘
13:45:23	51.23	0.05	4	20492	卖盘
13:45:08	51.18	--	0	0	卖盘
13:44:38	51.18	--	0	0	卖盘
13:44:32	51.18	--	0	0	卖盘
13:44:23	51.18	-0.03	44	225192	卖盘
13:44:17	51.21	--	11	56331	卖盘
13:44:13	51.21	--	0	0	卖盘
13:44:02	51.21	--	5	25605	卖盘
13:43:47	51.21	--	3	15363	卖盘
13:43:38	51.21	-0.05	2	10242	卖盘
13:43:27	51.26	--	0	0	买盘
13:43:23	51.26	--	11	56386	买盘
13:43:17	51.26	--	0	0	买盘
13:43:02	51.26	--	16	82016	买盘
13:42:47	51.26	-0.03	42	216727	卖盘
13:42:37	51.29	0.03	11	60111	买盘
13:42:32	51.26	-0.03	10	51260	卖盘
13:42:23	51.29	-0.01	1	6565	卖盘
13:42:12	51.3	--	1	5130	卖盘
13:42:08	51.3	--	3	15390	卖盘
13:42:02	51.3	--	5	25650	卖盘
13:41:37	51.3	--	7	35910	卖盘
13:41:27	51.3	--	0	0	卖盘
13:41:22	51.3	--	0	0	卖盘
13:41:12	51.3	-0.04	13	66690	卖盘
13:41:07	51.34	--	0	0	中性盘
13:41:02	51.34	--	0	0	买盘
13:40:52	51.34	-0.03	6	30804	卖盘
13:40:47	51.37	0.03	9	46233	买盘
13:40:42	51.34	--	2	10268	卖盘
13:40:32	51.34	-0.04	1	5134	卖盘
13:40:27	51.38	--	3	15414	买盘
13:40:02	51.38	--	5	25690	买盘
13:39:37	51.38	--	7	35966	买盘
13:39:27	51.38	--	5	25690	买盘
13:39:02	51.38	0.04	1	5138	买盘
13:38:56	51.34	--	3	15402	买盘
13:38:47	51.34	--	1	5134	买盘
13:38:41	51.34	--	2	10268	买盘
13:38:32	51.34	--	1	5134	买盘
13:38:17	51.34	-0.04	2	10268	买盘
13:38:06	51.38	--	1	5138	卖盘
13:38:02	51.38	0.05	3	15414	买盘
13:37:56	51.33	-0.05	16	82128	卖盘
13:37:47	51.38	--	4	20552	买盘
13:36:41	51.38	0.04	1	5138	买盘
13:36:11	51.34	--	1	5134	卖盘
13:35:52	51.34	-0.01	10	51340	卖盘
13:34:46	51.35	-0.01	1	5135	卖盘
13:34:31	51.36	-0.02	2	10272	卖盘
13:34:11	51.38	--	10	51380	买盘
13:33:56	51.38	--	1	5138	买盘
13:33:51	51.38	--	0	0	买盘
13:33:36	51.38	--	0	0	买盘
13:33:26	51.38	0.04	19	97622	买盘
13:33:11	51.34	--	1	5134	卖盘
13:32:50	51.34	--	2	10268	卖盘
13:32:26	51.34	--	5	25670	卖盘
13:31:41	51.34	0.05	14	71876	买盘
13:31:11	51.29	-0.01	2	10258	卖盘
13:31:05	51.3	--	5	29343	买盘
13:30:50	51.3	-0.04	78	401576	卖盘
13:30:35	51.34	--	1	5134	买盘
13:30:26	51.34	0.03	5	25670	卖盘
13:30:05	51.31	--	0	0	卖盘
13:29:56	51.31	--	0	0	卖盘
13:29:50	51.31	--	4	24218	卖盘
13:29:35	51.31	--	0	0	卖盘
13:29:30	51.31	-0.04	3	15393	卖盘
13:29:20	51.35	0.04	3	15405	买盘
13:29:15	51.31	-0.02	1	5131	中性盘
13:29:05	51.33	0.03	1	5133	买盘
13:28:50	51.3	--	4	20520	卖盘
13:28:11	51.3	--	2	10260	卖盘
13:28:05	51.3	0.01	1	5130	卖盘
13:27:55	51.29	--	0	0	卖盘
13:27:50	51.29	-0.04	9	46161	卖盘
13:27:45	51.33	0.04	1	5133	买盘
13:27:40	51.29	-0.01	4	20516	卖盘
13:27:35	51.3	--	0	0	中性盘
13:27:30	51.3	--	2	10260	买盘
13:26:50	51.3	-0.05	3	15390	卖盘
13:26:45	51.35	0.05	10	51350	买盘
13:26:40	51.3	--	1	5130	卖盘
13:26:35	51.3	--	11	56430	卖盘
13:26:30	51.3	--	10	51300	卖盘
13:26:25	51.3	--	1	5130	卖盘
13:26:14	51.3	--	0	0	卖盘
13:25:59	51.3	-0.05	61	312930	卖盘
13:25:45	51.35	0.01	2	10270	买盘
13:25:25	51.34	-0.01	1	5134	卖盘
13:25:14	51.35	--	2	10270	买盘
13:25:05	51.35	--	6	30810	卖盘
13:24:59	51.35	--	0	0	卖盘
13:24:25	51.35	--	2	10270	卖盘
13:24:20	51.35	-0.03	9	46215	卖盘
13:24:09	51.38	--	0	0	中性盘
13:23:59	51.38	--	5	25690	卖盘
13:23:50	51.38	0.03	2	10276	卖盘
13:23:20	51.35	--	0	0	卖盘
13:23:09	51.35	--	0	0	卖盘
13:22:50	51.35	-0.02	50	256750	卖盘
13:22:35	51.37	--	2	10274	卖盘
13:20:09	51.37	--	1	5137	买盘
13:19:54	51.37	--	5	25685	买盘
13:19:39	51.37	-0.05	30	154110	卖盘
13:19:23	51.42	--	9	46278	买盘
13:19:04	51.42	--	1	5142	买盘
13:18:59	51.42	0.03	8	41136	买盘
13:18:44	51.39	--	5	25695	买盘
13:18:23	51.39	--	0	0	中性盘
13:18:19	51.39	--	1	5139	卖盘
13:17:53	51.39	-0.03	1	5139	中性盘
13:17:48	51.42	0.04	21	107982	买盘
13:17:44	51.38	-0.03	13	66794	卖盘
13:17:08	51.41	--	1	5141	买盘
13:16:53	51.41	--	2	10282	买盘
13:16:48	51.41	-0.01	3	15422	买盘
13:16:44	51.42	--	0	0	买盘
13:16:23	51.42	--	0	0	买盘
13:15:03	51.42	--	5	25710	买盘
13:14:28	51.42	--	0	0	买盘
13:14:23	51.42	0.04	3	15426	买盘
13:14:08	51.38	--	10	51380	买盘
13:14:03	51.38	--	6	30828	买盘
13:13:53	51.38	0.03	3	15414	买盘
13:13:08	51.35	-0.02	2	10270	卖盘
13:12:58	51.37	--	0	0	买盘
13:12:48	51.37	-0.01	1	5137	卖盘
13:12:43	51.38	--	1	5138	买盘
13:12:08	51.38	--	7	35966	买盘
13:11:58	51.38	0.02	2	10276	买盘
13:11:53	51.36	-0.01	1	5136	卖盘
13:11:32	51.37	-0.01	1	5137	中性盘
13:11:23	51.38	--	10	51380	买盘
13:10:53	51.38	--	4	20552	买盘
13:10:38	51.38	--	0	0	买盘
13:09:57	51.38	0.03	1	5138	买盘
13:09:53	51.35	--	1	5135	买盘
13:09:38	51.35	-0.03	62	318370	卖盘
13:08:53	51.38	0.01	6	30828	买盘
13:08:17	51.37	--	1	5137	卖盘
13:07:47	51.37	-0.01	6	30822	卖盘
13:06:47	51.38	--	5	25690	卖盘
13:06:12	51.38	--	0	0	中性盘
13:06:02	51.38	0.01	3	15414	买盘
13:05:56	51.37	-0.01	2	10274	卖盘
13:05:32	51.38	--	1	5138	买盘
13:05:02	51.38	--	1	5138	买盘
13:04:41	51.38	-0.01	12	61656	卖盘
13:04:37	51.39	-0.04	6	30834	卖盘
13:04:02	51.43	0.03	2	10286	买盘
13:03:41	51.4	--	0	0	卖盘
13:02:26	51.4	--	5	25700	买盘
13:02:21	51.4	-0.03	1	5140	卖盘
13:01:41	51.43	0.03	5	25715	买盘
13:01:11	51.4	--	0	0	中性盘
13:00:06	51.4	-0.04	44	226160	卖盘
11:30:00	51.44	--	0	0	买盘
11:30:00	51.44	--	0	0	买盘
11:29:46	51.44	0.01	1	5144	买盘
11:29:31	51.43	0.01	1	5143	买盘
11:29:12	51.42	--	5	25710	卖盘
11:29:07	51.42	--	12	61704	卖盘
11:28:46	51.42	--	4	20568	买盘
11:28:22	51.42	--	1	5142	卖盘
11:28:16	51.42	-0.01	1	5142	卖盘
11:28:07	51.43	-0.01	1	5143	卖盘
11:28:01	51.44	--	5	25720	买盘
11:27:46	51.44	-0.01	3	15432	买盘
11:27:37	51.45	--	0	0	买盘
11:27:31	51.45	--	0	0	买盘
11:27:27	51.45	--	0	0	买盘
11:26:52	51.45	0.02	5	25725	买盘
11:26:07	51.43	0.02	1	5143	买盘
11:25:16	51.41	0.06	4	20564	卖盘
11:25:01	51.35	--	0	0	卖盘
11:24:55	51.35	-0.06	7	35945	卖盘
11:24:51	51.41	0.05	26	133666	买盘
11:24:46	51.36	-0.01	2	10272	卖盘
11:24:31	51.37	-0.05	1	5137	卖盘
11:24:21	51.42	--	0	0	买盘
11:24:16	51.42	0.02	5	25710	买盘
11:24:10	51.4	-0.02	47	241580	卖盘
11:24:01	51.42	-0.01	8	41136	卖盘
11:23:52	51.43	-0.02	2	10286	卖盘
11:23:40	51.45	--	0	0	买盘
11:23:36	51.45	--	2	10290	买盘
11:23:01	51.45	0.03	6	30870	买盘
11:22:46	51.42	--	16	82272	卖盘
11:22:25	51.42	--	3	15426	卖盘
11:22:16	51.42	--	4	20568	卖盘
11:22:01	51.42	0.01	2	10284	卖盘
11:21:55	51.41	-0.04	2	10282	卖盘
11:21:51	51.45	0.04	3	15435	买盘
11:21:46	51.41	--	1	5141	卖盘
11:21:31	51.41	-0.04	35	179935	卖盘
11:21:25	51.45	--	1	5145	卖盘
11:21:21	51.45	--	6	30870	卖盘
11:21:10	51.45	--	2	10290	卖盘
11:21:06	51.45	--	3	15435	卖盘
11:21:01	51.45	-0.04	84	432180	卖盘
11:20:46	51.49	-0.05	76	391324	卖盘
11:20:40	51.54	--	10	51540	卖盘
11:20:31	51.54	--	8	41232	卖盘
11:20:10	51.54	--	0	0	卖盘
11:20:01	51.54	--	5	25770	卖盘
11:19:55	51.54	--	10	51540	卖盘
11:19:40	51.54	-0.03	44	226776	卖盘
11:19:25	51.57	--	8	41256	卖盘
11:19:20	51.57	--	12	61884	买盘
11:18:55	51.57	--	2	10314	卖盘
11:18:30	51.57	--	10	51570	卖盘
11:18:25	51.57	--	8	41256	买盘
11:18:10	51.57	0.01	5	25785	买盘
11:17:49	51.56	--	3	15468	卖盘
11:17:45	51.56	--	4	20624	卖盘
11:17:40	51.56	--	18	92808	卖盘
11:17:34	51.56	-0.01	6	30936	卖盘
11:17:25	51.57	0.02	2	10314	买盘
11:17:19	51.55	--	0	0	卖盘
11:17:10	51.55	--	0	0	卖盘
11:17:04	51.55	-0.04	3	15465	卖盘
11:16:55	51.59	--	0	0	买盘
11:16:25	51.59	--	0	0	买盘
11:15:34	51.59	0.07	1	5159	买盘
11:15:30	51.52	--	0	0	卖盘
11:15:25	51.52	--	0	0	卖盘
11:15:04	51.52	-0.08	3	15456	卖盘
11:14:55	51.6	0.08	1	5160	买盘
11:14:45	51.52	-0.12	7	36064	卖盘
11:14:40	51.64	--	0	0	买盘
11:14:34	51.64	0.04	2	10328	买盘
11:14:25	51.6	--	0	0	中性盘
11:14:04	51.6	0.08	1	5160	买盘
11:13:55	51.52	0.02	1	5152	卖盘
11:13:49	51.5	--	0	0	卖盘
11:13:19	51.5	--	0	0	卖盘
11:13:15	51.5	-0.1	7	36050	卖盘
11:13:00	51.6	--	15	77400	卖盘
11:12:44	51.6	0.1	5	25800	买盘
11:12:34	51.5	-0.1	50	257500	卖盘
11:12:29	51.6	--	5	25800	卖盘
11:11:43	51.6	0.02	9	46440	中性盘
11:11:39	51.58	--	0	0	卖盘
11:11:34	51.58	-0.02	31	159898	卖盘
11:11:28	51.6	--	2	10320	卖盘
11:10:58	51.6	-0.06	10	51600	卖盘
11:10:49	51.66	--	0	0	买盘
11:09:58	51.66	0.01	4	20664	卖盘
11:09:43	51.65	--	1	5165	买盘
11:09:34	51.65	-0.04	9	46485	卖盘
11:09:04	51.69	--	0	0	中性盘
11:08:34	51.69	0.04	1	5169	卖盘
11:08:28	51.65	--	0	0	卖盘
11:08:13	51.65	--	2	10330	中性盘
11:08:04	51.65	--	0	0	中性盘
11:07:24	51.65	--	0	0	中性盘
11:07:09	51.65	0.07	3	15495	买盘
11:07:04	51.58	--	11	56738	卖盘
11:06:43	51.58	-0.02	18	92844	卖盘
11:06:08	51.6	-0.09	8	41280	卖盘
11:05:37	51.69	--	2	10338	卖盘
11:05:22	51.69	--	1	5169	卖盘
11:05:13	51.69	--	0	0	卖盘
11:05:07	51.69	-0.05	2	10338	卖盘
11:04:52	51.74	--	0	0	买盘
11:04:43	51.74	--	6	31044	买盘
11:04:33	51.74	-0.01	2	10348	买盘
11:04:22	51.75	--	13	67275	买盘
11:04:13	51.75	--	3	15525	买盘
11:04:07	51.75	--	0	0	买盘
11:03:58	51.75	0.03	6	31050	买盘
11:03:52	51.72	--	0	0	买盘
11:03:43	51.72	-0.04	1	5172	中性盘
11:03:33	51.76	0.04	6	31056	买盘
11:03:28	51.72	0.02	4	20688	买盘
11:03:07	51.7	0.01	12	62040	买盘
11:03:03	51.69	0.01	1	5169	买盘
11:02:58	51.68	-0.01	2	10336	卖盘
11:02:52	51.69	0.01	18	93042	买盘
11:02:43	51.68	--	4	20672	买盘
11:02:33	51.68	--	1	5168	买盘
11:02:28	51.68	--	1	5168	买盘
11:02:07	51.68	0.02	12	62016	买盘
11:01:48	51.66	--	3	15497	卖盘
11:01:43	51.66	--	81	418446	买盘
11:01:33	51.66	--	2	10332	买盘
11:01:22	51.66	--	2	10332	买盘
11:01:07	51.66	--	58	299628	买盘
11:00:48	51.66	--	0	0	买盘
11:00:43	51.66	0.04	30	154980	买盘
11:00:33	51.62	-0.03	6	30972	卖盘
11:00:28	51.65	0.01	1	5165	买盘
11:00:22	51.64	-0.01	2	10328	买盘
10:59:58	51.65	--	0	0	买盘
10:59:52	51.65	--	0	0	中性盘
10:59:48	51.65	--	1	5165	买盘
10:59:22	51.65	0.03	1	5165	买盘
10:59:12	51.62	-0.03	3	15486	卖盘
10:58:46	51.65	--	5	25825	买盘
10:58:31	51.65	-0.01	2	10330	卖盘
10:58:16	51.66	0.01	2	10332	买盘
10:58:07	51.65	--	5	25825	卖盘
10:58:01	51.65	0.01	3	15495	买盘
10:57:46	51.64	--	0	0	中性盘
10:57:12	51.64	--	0	0	中性盘
10:57:07	51.64	--	0	0	卖盘
10:56:46	51.64	-0.02	3	15492	卖盘
10:56:37	51.66	--	20	103320	买盘
10:56:31	51.66	--	3	15497	买盘
10:56:07	51.66	--	75	387450	买盘
10:56:01	51.66	--	30	154980	买盘
10:55:52	51.66	--	2	10332	买盘
10:55:46	51.66	--	0	0	买盘
10:55:12	51.66	--	0	0	买盘
10:55:07	51.66	0.02	35	180810	买盘
10:54:37	51.64	--	2	10328	买盘
10:54:22	51.64	--	0	0	买盘
10:54:01	51.64	-0.01	5	25820	卖盘
10:53:37	51.65	--	4	20660	买盘
10:53:31	51.65	--	2	10330	买盘
10:53:27	51.65	--	2	10330	买盘
10:53:21	51.65	0.01	4	20660	买盘
10:53:07	51.64	0.01	11	56804	买盘
10:53:01	51.63	--	1	5163	买盘
10:52:56	51.63	0.03	10	51630	买盘
10:52:21	51.6	--	1	5160	买盘
10:52:01	51.6	--	8	41280	卖盘
10:51:46	51.6	--	14	72240	卖盘
10:51:10	51.6	-0.01	3	15480	卖盘
10:50:55	51.61	--	5	25805	卖盘
10:50:31	51.61	--	0	0	卖盘
10:50:25	51.61	--	6	30966	卖盘
10:49:40	51.61	-0.03	13	67093	卖盘
10:49:36	51.64	0.04	2	10328	买盘
10:49:31	51.6	-0.05	5	25800	卖盘
10:48:10	51.65	--	0	0	买盘
10:47:46	51.65	0.05	2	10330	买盘
10:47:16	51.6	-0.06	23	118680	买盘
10:46:36	51.66	--	0	0	买盘
10:46:10	51.66	--	0	0	买盘
10:45:55	51.66	0.07	2	10332	买盘
10:45:49	51.59	--	0	0	卖盘
10:45:30	51.59	-0.09	2	10318	卖盘
10:45:19	51.68	--	0	0	买盘
10:44:55	51.68	--	1	5168	卖盘
10:44:49	51.68	--	5	25840	卖盘
10:44:34	51.68	-0.01	6	31008	卖盘
10:44:10	51.69	0.01	1	5169	买盘
10:44:04	51.68	-0.02	6	31008	卖盘
10:43:19	51.7	0.02	20	103400	买盘
10:42:55	51.68	--	0	0	卖盘
10:42:19	51.68	0.1	7	36176	买盘
10:42:10	51.58	--	0	0	卖盘
10:41:04	51.58	--	3	15474	买盘
10:40:55	51.58	0.03	2	10316	买盘
10:40:40	51.55	0.01	4	20620	卖盘
10:40:34	51.54	--	0	0	卖盘
10:40:15	51.54	--	0	0	卖盘
10:40:09	51.54	--	0	0	卖盘
10:40:04	51.54	0.01	3	15462	卖盘
10:39:49	51.53	--	0	0	卖盘
10:39:34	51.53	--	0	0	卖盘
10:39:24	51.53	--	10	51530	卖盘
10:38:54	51.53	--	0	0	卖盘
10:38:28	51.53	-0.05	4	20612	卖盘
10:38:19	51.58	0.03	1	5158	买盘
10:38:13	51.55	-0.03	1	5155	卖盘
10:37:58	51.58	-0.01	25	128950	卖盘
10:37:49	51.59	--	2	10318	卖盘
10:37:28	51.59	--	19	98021	卖盘
10:36:58	51.59	--	0	0	卖盘
10:36:24	51.59	--	0	0	卖盘
10:36:19	51.59	--	6	30954	卖盘
10:36:09	51.59	--	0	0	中性盘
10:36:04	51.59	--	3	15477	买盘
10:35:58	51.59	0.01	1	5159	买盘
10:35:54	51.58	-0.01	1	5158	卖盘
10:34:49	51.59	0.01	2	10318	卖盘
10:34:28	51.58	--	0	0	卖盘
10:34:23	51.58	-0.01	5	25790	卖盘
10:34:13	51.59	--	8	41272	买盘
10:33:58	51.59	--	1	5159	买盘
10:33:49	51.59	--	3	15477	买盘
10:33:43	51.59	--	3	15477	买盘
10:33:28	51.59	-0.11	7	36113	卖盘
10:32:58	51.7	-0.01	14	72380	买盘
10:32:43	51.71	--	6	31026	卖盘
10:32:22	51.71	--	3	15513	卖盘
10:32:13	51.71	-0.01	10	51710	卖盘
10:31:58	51.72	-0.04	2	10344	卖盘
10:31:52	51.76	0.03	3	15528	买盘
10:31:43	51.73	--	0	0	卖盘
10:31:33	51.73	--	1	5173	卖盘
10:31:13	51.73	-0.03	15	77595	卖盘
10:31:07	51.76	0.05	2	10352	买盘
10:30:58	51.71	-0.05	3	15513	卖盘
10:30:43	51.76	--	1	5176	买盘
10:30:37	51.76	--	0	0	买盘
10:30:07	51.76	0.04	59	305384	买盘
10:29:48	51.72	--	0	0	买盘
10:29:43	51.72	--	0	0	买盘
10:29:28	51.72	--	0	0	中性盘
10:29:07	51.72	--	0	0	中性盘
10:29:03	51.72	0.17	1	5172	买盘
10:28:58	51.55	0.01	1	5155	卖盘
10:28:13	51.54	--	0	0	卖盘
10:27:52	51.54	--	2	10308	买盘
10:27:37	51.54	--	3	15462	卖盘
10:27:22	51.54	--	0	0	卖盘
10:27:07	51.54	--	0	0	卖盘
10:26:42	51.54	-0.21	2	10308	卖盘
10:26:27	51.75	--	9	46575	卖盘
10:26:22	51.75	-0.01	1	5175	卖盘
10:26:16	51.76	--	0	0	买盘
10:26:07	51.76	--	37	191512	买盘
10:26:01	51.76	-0.02	5	25880	卖盘
10:25:46	51.78	--	2	10356	卖盘
10:25:31	51.78	0.02	6	31068	买盘
10:25:12	51.76	--	1	5176	卖盘
10:24:57	51.76	0.27	8	41408	买盘
10:24:46	51.49	--	0	0	中性盘
10:24:31	51.49	-0.26	8	41192	卖盘
10:24:27	51.75	--	5	25875	卖盘
10:24:22	51.75	--	2	10350	卖盘
10:24:16	51.75	-0.02	13	67275	卖盘
10:24:12	51.77	--	3	15531	卖盘
10:23:46	51.77	-0.03	10	51770	卖盘
10:23:37	51.8	-0.03	9	46620	卖盘
10:23:31	51.83	--	3	15549	买盘
10:23:22	51.83	0.03	9	46647	买盘
10:23:16	51.8	--	2	10360	卖盘
10:23:12	51.8	--	2	10360	卖盘
10:23:07	51.8	--	5	25900	卖盘
10:22:57	51.8	--	6	31080	买盘
10:22:52	51.8	0.03	1	5180	买盘
10:22:37	51.77	--	5	25885	买盘
10:22:31	51.77	0.02	4	20708	买盘
10:22:27	51.75	--	5	25875	卖盘
10:22:16	51.75	--	10	51750	买盘
10:21:52	51.75	0.24	17	87975	买盘
10:21:46	51.51	-0.06	20	103020	卖盘
10:21:42	51.57	--	3	15471	买盘
10:21:31	51.57	0.01	5	25785	买盘
10:21:22	51.56	0.01	1	5156	买盘
10:21:16	51.55	-0.01	9	46395	卖盘
10:21:11	51.56	0.01	2	10312	买盘
10:21:07	51.55	0.01	15	77325	买盘
10:21:01	51.54	0.04	4	20616	买盘
10:20:51	51.5	-0.04	3	15450	卖盘
10:20:16	51.54	-0.01	2	10308	卖盘
10:20:11	51.55	0.01	7	36085	买盘
10:19:55	51.54	-0.02	1	5154	买盘
10:19:46	51.56	0.02	2	10312	买盘
10:19:25	51.54	-0.03	2	10308	卖盘
10:19:21	51.57	0.02	56	288792	买盘
10:19:10	51.55	--	0	0	中性盘
10:19:06	51.55	--	5	25775	买盘
10:19:01	51.55	0.01	1	5155	买盘
10:18:55	51.54	0.01	41	211314	买盘
10:18:40	51.53	--	1	5153	卖盘
10:18:31	51.53	0.01	22	113366	买盘
10:18:21	51.52	--	1	5152	中性盘
10:18:10	51.52	--	18	92736	买盘
10:18:01	51.52	--	0	0	买盘
10:17:46	51.52	0.02	4	20608	买盘
10:17:25	51.5	--	4	20600	卖盘
10:17:10	51.5	0.01	4	20600	买盘
10:16:55	51.49	--	21	108129	卖盘
10:16:46	51.49	--	12	61788	卖盘
10:16:40	51.49	-0.01	1	5149	买盘
10:16:31	51.5	0.02	10	51500	买盘
10:16:25	51.48	--	1	5148	卖盘
10:15:55	51.48	0.02	3	15443	买盘
10:15:36	51.46	--	2	10292	买盘
10:15:10	51.46	-0.02	1	5146	买盘
10:15:01	51.48	--	1	5148	买盘
10:14:55	51.48	0.07	2	10296	卖盘
10:14:45	51.41	--	0	0	卖盘
10:14:36	51.41	-0.05	5	25705	卖盘
10:14:31	51.46	--	15	77190	买盘
10:14:00	51.46	--	1	5146	买盘
10:13:49	51.46	--	2	10292	卖盘
10:13:45	51.46	0.01	11	56606	买盘
10:13:40	51.45	--	0	0	中性盘
10:13:30	51.45	0.04	2	10290	买盘
10:13:15	51.41	0.01	1	5141	卖盘
10:12:49	51.4	--	0	0	卖盘
10:12:40	51.4	--	1	5140	卖盘
10:12:34	51.4	--	0	0	卖盘
10:12:04	51.4	--	17	87380	买盘
10:11:04	51.4	--	1	5140	买盘
10:10:55	51.4	--	9	46260	买盘
10:10:49	51.4	--	0	0	买盘
10:10:45	51.4	--	0	0	买盘
10:10:34	51.4	0.08	6	30840	买盘
10:10:19	51.32	0.01	3	15396	买盘
10:10:10	51.31	--	2	10262	卖盘
10:09:49	51.31	--	0	0	卖盘
10:09:45	51.31	-0.02	1	5131	卖盘
10:09:15	51.33	0.02	2	10266	中性盘
10:09:04	51.31	--	1	5131	卖盘
10:08:54	51.31	0.01	1	5131	卖盘
10:08:49	51.3	--	0	0	卖盘
10:08:40	51.3	--	12	61560	买盘
10:08:34	51.3	0.05	10	51300	买盘
10:08:30	51.25	-0.03	2	10250	卖盘
10:08:24	51.28	--	10	51280	买盘
10:08:09	51.28	0.03	3	15384	买盘
10:08:04	51.25	--	2	10250	卖盘
10:07:55	51.25	--	2	10250	卖盘
10:07:34	51.25	--	38	194750	买盘
10:07:28	51.25	--	4	20500	买盘
10:07:19	51.25	-0.01	14	71750	卖盘
10:07:13	51.26	0.01	6	30756	买盘
10:07:04	51.25	-0.01	67	343375	卖盘
10:06:43	51.26	--	2	10252	买盘
10:06:28	51.26	0.01	2	10252	卖盘
10:06:24	51.25	--	0	0	卖盘
10:06:19	51.25	-0.01	10	51250	卖盘
10:06:13	51.26	-0.02	2	10252	卖盘
10:06:09	51.28	0.02	8	41024	买盘
10:06:04	51.26	--	1	5126	卖盘
10:05:58	51.26	-0.02	3	15378	卖盘
10:05:49	51.28	--	5	25640	买盘
10:05:43	51.28	--	7	35896	卖盘
10:05:28	51.28	--	2	10256	买盘
10:05:13	51.28	0.03	3	15384	买盘
10:04:58	51.25	--	0	0	中性盘
10:04:43	51.25	--	0	0	中性盘
10:04:28	51.25	--	2	10250	卖盘
10:04:04	51.25	-0.15	1	5125	卖盘
10:03:58	51.4	-0.06	1	5140	买盘
10:03:49	51.46	--	0	0	买盘
10:03:43	51.46	0.06	44	226424	买盘
10:03:34	51.4	--	3	15420	卖盘
10:03:24	51.4	--	3	15420	卖盘
10:03:19	51.4	-0.01	1	5140	卖盘
10:03:13	51.41	0.01	16	82256	中性盘
10:03:09	51.4	--	20	102800	卖盘
10:02:48	51.4	-0.01	40	205600	卖盘
10:02:43	51.41	--	0	0	中性盘
10:02:39	51.41	0.01	5	25705	买盘
10:02:24	51.4	--	16	82240	卖盘
10:02:03	51.4	-0.01	2	10280	卖盘
10:01:58	51.41	--	9	46269	买盘
10:01:49	51.41	--	2	10282	卖盘
10:01:13	51.41	--	0	0	中性盘
10:01:07	51.41	-0.05	6	30845	卖盘
10:01:03	51.46	0.06	1	5146	买盘
10:00:58	51.4	--	3	15420	卖盘
10:00:52	51.4	--	0	0	卖盘
10:00:28	51.4	--	5	25700	买盘
10:00:22	51.4	--	3	15420	买盘
10:00:18	51.4	-0.07	118	606520	卖盘
10:00:07	51.47	--	2	10294	买盘
09:59:48	51.47	--	0	0	买盘
09:59:43	51.47	0.07	4	20588	卖盘
09:59:22	51.4	-0.06	50	257000	卖盘
09:58:37	51.46	--	1	5146	卖盘
09:58:33	51.46	--	11	56606	卖盘
09:58:22	51.46	--	2	10292	卖盘
09:58:13	51.46	--	17	87482	卖盘
09:57:52	51.46	--	16	82336	买盘
09:57:37	51.46	--	1	5146	买盘
09:57:28	51.46	--	0	0	买盘
09:56:43	51.46	--	0	0	买盘
09:56:37	51.46	0.04	1	5146	买盘
09:56:22	51.42	--	0	0	中性盘
09:56:07	51.42	--	0	0	卖盘
09:55:57	51.42	--	21	107982	买盘
09:55:42	51.42	0.02	1	5142	买盘
09:55:37	51.4	-0.05	9	46260	卖盘
09:55:07	51.45	--	0	0	中性盘
09:55:01	51.45	0.03	5	25725	买盘
09:54:57	51.42	--	5	25710	卖盘
09:54:37	51.42	--	0	0	卖盘
09:54:12	51.42	-0.04	7	35994	卖盘
09:54:01	51.46	--	0	0	中性盘
09:53:57	51.46	--	5	25730	买盘
09:53:52	51.46	--	1	5146	买盘
09:53:46	51.46	--	1	5146	卖盘
09:53:31	51.46	-0.02	2	10292	卖盘
09:53:22	51.48	0.01	15	77220	卖盘
09:53:07	51.47	-0.05	3	15441	卖盘
09:53:01	51.52	--	5	25760	买盘
09:52:42	51.52	0.02	6	30912	买盘
09:52:31	51.5	-0.02	3	15450	卖盘
09:52:07	51.52	0.02	25	128800	买盘
09:52:01	51.5	-0.02	2	10300	卖盘
09:51:46	51.52	0.01	4	20608	买盘
09:51:37	51.51	--	6	30906	卖盘
09:51:31	51.51	--	4	20604	卖盘
09:51:27	51.51	-0.01	6	30906	卖盘
09:50:57	51.52	-0.01	6	30912	卖盘
09:50:52	51.53	0.01	2	10306	买盘
09:50:37	51.52	--	2	10304	买盘
09:50:22	51.52	--	1	5152	买盘
09:50:12	51.52	-0.01	2	10304	卖盘
09:49:46	51.53	--	1	5153	买盘
09:49:42	51.53	-0.01	2	10306	买盘
09:49:06	51.54	--	6	30924	买盘
09:48:46	51.54	0.02	3	15462	买盘
09:48:40	51.52	0.01	13	66976	买盘
09:48:36	51.51	--	1	5151	卖盘
09:48:31	51.51	0.01	1	5151	中性盘
09:48:25	51.5	--	5	25750	卖盘
09:48:16	51.5	-0.01	15	77250	卖盘
09:48:01	51.51	0.01	9	46359	买盘
09:47:55	51.5	--	10	51500	卖盘
09:47:36	51.5	-0.01	10	51500	卖盘
09:47:16	51.51	0.01	6	30906	买盘
09:47:06	51.5	--	0	0	卖盘
09:46:55	51.5	--	1	5150	卖盘
09:46:46	51.5	0.03	6	30900	卖盘
09:46:40	51.47	--	0	0	卖盘
09:46:36	51.47	-0.06	10	51470	卖盘
09:46:31	51.53	--	0	0	中性盘
09:46:16	51.53	0.03	9	46377	买盘
09:46:10	51.5	-0.03	4	20600	卖盘
09:46:06	51.53	--	3	15459	买盘
09:46:01	51.53	-0.02	1	5153	买盘
09:45:55	51.55	--	0	0	买盘
09:45:51	51.55	0.01	2	10310	买盘
09:45:46	51.54	--	1	5154	卖盘
09:45:25	51.54	-0.01	3	15462	卖盘
09:45:21	51.55	0.02	17	87635	买盘
09:45:16	51.53	--	2	10306	买盘
09:45:10	51.53	--	0	0	买盘
09:45:06	51.53	--	1	5153	买盘
09:44:55	51.53	--	1	5153	卖盘
09:44:36	51.53	-0.02	1	5153	中性盘
09:44:30	51.55	0.02	1	5155	买盘
09:44:25	51.53	--	17	87601	卖盘
09:44:16	51.53	-0.02	20	103060	卖盘
09:44:10	51.55	0.02	1	5155	买盘
09:43:55	51.53	0.01	27	139131	中性盘
09:43:50	51.52	-0.01	11	56672	卖盘
09:43:40	51.53	--	3	15459	卖盘
09:43:25	51.53	-0.02	2	10306	卖盘
09:43:20	51.55	0.02	2	10310	买盘
09:43:15	51.53	-0.02	3	15459	卖盘
09:43:10	51.55	0.02	56	288680	买盘
09:43:05	51.53	--	7	36071	卖盘
09:42:55	51.53	--	5	25765	卖盘
09:42:45	51.53	0.03	2	10306	买盘
09:42:40	51.5	-0.03	10	51500	卖盘
09:42:30	51.53	0.03	20	103060	买盘
09:42:10	51.5	--	2	10300	中性盘
09:42:04	51.5	--	1	5150	卖盘
09:41:49	51.5	--	1	5150	卖盘
09:41:40	51.5	-0.04	3	15450	中性盘
09:41:34	51.54	--	0	0	中性盘
09:41:25	51.54	--	1	5154	买盘
09:41:19	51.54	0.07	1	5154	中性盘
09:41:04	51.47	-0.09	3	15441	卖盘
09:41:00	51.56	0.09	1	5156	买盘
09:40:55	51.47	--	2	10294	卖盘
09:40:45	51.47	--	0	0	卖盘
09:40:40	51.47	--	2	10294	卖盘
09:40:34	51.47	-0.1	6	30882	卖盘
09:40:30	51.57	0.1	20	103140	买盘
09:40:19	51.47	0.01	10	51470	卖盘
09:40:15	51.46	--	0	0	卖盘
09:40:10	51.46	-0.1	3	15438	卖盘
09:40:04	51.56	0.09	6	30936	买盘
09:40:00	51.47	--	5	25735	买盘
09:39:49	51.47	--	2	10294	卖盘
09:39:30	51.47	-0.11	1	5147	卖盘
09:39:25	51.58	--	14	72212	卖盘
09:39:10	51.58	0.12	18	92844	买盘
09:39:04	51.46	--	0	0	卖盘
09:38:49	51.46	--	0	0	卖盘
09:38:34	51.46	0.01	11	56606	买盘
09:38:24	51.45	-0.01	4	20580	卖盘
09:38:10	51.46	--	5	25730	买盘
09:38:04	51.46	--	5	25730	买盘
09:37:54	51.46	-0.14	3	15438	卖盘
09:37:49	51.6	0.15	6	30960	买盘
09:37:30	51.45	--	0	0	卖盘
09:37:04	51.45	--	1	5145	买盘
09:36:54	51.45	--	1	5145	买盘
09:36:49	51.45	--	5	25725	买盘
09:36:44	51.45	--	7	36015	卖盘
09:36:34	51.45	0.04	14	72030	卖盘
09:36:19	51.41	--	0	0	卖盘
09:35:58	51.41	--	13	66833	买盘
09:35:54	51.41	-0.19	7	35987	卖盘
09:35:34	51.6	--	0	0	中性盘
09:35:28	51.6	--	0	0	买盘
09:35:19	51.6	--	0	0	买盘
09:35:13	51.6	0.19	12	61920	买盘
09:35:04	51.41	--	0	0	中性盘
09:34:58	51.41	--	2	10282	买盘
09:34:34	51.41	--	3	15422	买盘
09:33:54	51.41	--	3	15422	卖盘
09:33:34	51.41	--	0	0	卖盘
09:33:28	51.41	-0.19	2	10282	卖盘
09:33:24	51.6	--	0	0	买盘
09:33:13	51.6	-0.06	6	30960	买盘
09:33:04	51.66	--	0	0	买盘
09:32:58	51.66	--	0	0	买盘
09:32:54	51.66	--	0	0	买盘
09:32:49	51.66	0.21	3	15497	买盘
09:32:43	51.45	0.04	3	15435	买盘
09:32:28	51.41	0.03	2	10282	买盘
09:31:58	51.38	--	1	5138	买盘
09:31:43	51.38	0.02	1	5138	买盘
09:31:23	51.36	--	7	35952	卖盘
09:31:18	51.36	0.1	2	10272	中性盘
09:31:13	51.26	--	0	0	中性盘
09:31:03	51.26	--	0	0	中性盘
09:30:58	51.26	--	0	0	中性盘
09:30:48	51.26	0.16	3	15378	卖盘
09:30:43	51.1	--	0	0	卖盘
09:30:37	51.1	-0.14	21	107310	卖盘
09:30:33	51.24	--	2	10248	买盘
09:30:28	51.24	--	0	0	买盘
09:30:22	51.24	-0.15	6	30744	买盘
09:30:03	51.39	0.34	24	123336	买盘
09:28:52	51.05	--	0	0	卖盘
09:25:06	51.05	51.05	133	678965	买盘
