成交时间	成交价	价格变动	成交量(手)	成交额(元)	性质
15:00:00	7.54	--	0	0	卖盘
15:00:00	7.54	--	0	0	卖盘
14:59:59	7.54	--	28	21157	买盘
14:59:54	7.54	--	45	33930	买盘
14:59:44	7.54	--	8	6032	买盘
14:59:39	7.54	--	33	24882	买盘
14:59:34	7.54	0.01	330	248820	买盘
14:59:29	7.53	-0.01	20	15060	卖盘
14:59:19	7.54	0.01	20	15080	买盘
14:59:14	7.53	-0.01	263	198039	卖盘
14:59:09	7.54	0.01	51	38454	买盘
14:59:04	7.53	--	20	15060	卖盘
14:58:59	7.53	--	55	41415	卖盘
14:58:44	7.53	-0.01	103	77559	卖盘
14:58:34	7.54	0.01	35	26390	买盘
14:58:29	7.53	-0.01	230	173190	卖盘
14:58:09	7.54	--	94	70876	买盘
14:57:59	7.54	--	123	92742	买盘
14:57:49	7.54	--	28	21112	买盘
14:57:44	7.54	--	71	53534	买盘
14:57:39	7.54	--	40	30160	买盘
14:57:34	7.54	--	2	1508	买盘
14:57:29	7.54	--	21	15834	买盘
14:57:24	7.54	--	21	15834	买盘
14:57:19	7.54	--	20	15080	买盘
14:57:14	7.54	0.01	17	12818	买盘
14:57:09	7.53	--	101	76053	卖盘
14:56:59	7.53	--	14	10542	卖盘
14:56:39	7.53	--	3	2259	卖盘
14:56:34	7.53	--	40	30120	卖盘
14:56:29	7.53	--	3	2259	卖盘
14:56:18	7.53	--	2	1506	卖盘
14:56:14	7.53	--	2	1506	卖盘
14:56:09	7.53	--	3	2259	买盘
14:55:59	7.53	0.01	256	192768	买盘
14:55:49	7.52	-0.01	1	752	卖盘
14:55:44	7.53	--	7	5271	买盘
14:55:39	7.53	0.01	37	27861	买盘
14:55:34	7.52	-0.01	11	8272	卖盘
14:55:28	7.53	--	90	67770	买盘
14:55:24	7.53	--	244	183732	买盘
14:55:09	7.53	--	20	15060	买盘
14:54:54	7.53	--	100	75300	买盘
14:54:49	7.53	--	229	172437	买盘
14:54:43	7.53	--	85	64005	买盘
14:54:33	7.53	--	6	4518	买盘
14:54:28	7.53	--	10	7530	买盘
14:54:18	7.53	--	295	222135	卖盘
14:53:43	7.53	--	100	75300	卖盘
14:53:38	7.53	--	6	4518	卖盘
14:53:23	7.53	--	10	7530	卖盘
14:53:17	7.53	--	60	45180	卖盘
14:53:02	7.53	--	100	75300	卖盘
14:52:58	7.53	--	30	22590	卖盘
14:52:43	7.53	-0.01	30	22590	卖盘
14:52:23	7.54	0.01	20	15080	买盘
14:52:13	7.53	--	14	10542	卖盘
14:52:08	7.53	-0.01	10	7530	卖盘
14:51:32	7.54	--	60	45240	买盘
14:51:28	7.54	0.01	12	9048	买盘
14:51:17	7.53	-0.01	2	1506	卖盘
14:51:08	7.54	0.01	265	199810	买盘
14:51:02	7.53	--	13	9789	卖盘
14:50:53	7.53	--	15	11295	卖盘
14:50:47	7.53	--	412	310236	卖盘
14:50:38	7.53	--	5	3765	卖盘
14:50:32	7.53	--	10	7530	卖盘
14:50:17	7.53	--	200	150600	卖盘
14:50:13	7.53	--	40	30120	卖盘
14:50:08	7.53	-0.01	5	3765	卖盘
14:49:53	7.54	0.01	12	9048	买盘
14:49:47	7.53	-0.01	5	3765	卖盘
14:49:42	7.54	--	8	6032	买盘
14:49:02	7.54	--	5	3770	买盘
14:48:23	7.54	0.01	20	15080	买盘
14:48:17	7.53	--	1	753	卖盘
14:48:07	7.53	--	1	753	卖盘
14:48:02	7.53	--	190	143070	卖盘
14:47:47	7.53	--	20	15060	卖盘
14:47:37	7.53	--	65	48945	卖盘
14:47:07	7.53	-0.01	100	75300	卖盘
14:46:37	7.54	--	123	92742	买盘
14:46:22	7.54	--	10	7540	买盘
14:45:56	7.54	--	5	3770	买盘
14:45:47	7.54	--	288	217152	卖盘
14:45:37	7.54	-0.01	5	3770	卖盘
14:45:26	7.55	0.01	61	46055	买盘
14:45:22	7.54	--	12	9048	卖盘
14:45:17	7.54	-0.01	2	1508	卖盘
14:44:56	7.55	0.01	5	3775	买盘
14:44:41	7.54	-0.01	1	754	卖盘
14:44:17	7.55	0.01	50	37750	买盘
14:43:32	7.54	--	10	7540	卖盘
14:43:26	7.54	--	45	33930	买盘
14:43:11	7.54	-0.01	355	267670	卖盘
14:42:51	7.55	0.01	10	7550	买盘
14:42:47	7.54	-0.01	33	24882	卖盘
14:42:32	7.55	0.01	51	38505	买盘
14:42:21	7.54	--	10	7540	卖盘
14:41:51	7.54	-0.01	10	7540	卖盘
14:41:36	7.55	--	3	2265	买盘
14:41:26	7.55	0.01	14	10570	买盘
14:41:11	7.54	--	20	15080	卖盘
14:41:01	7.54	-0.01	65	49010	卖盘
14:40:31	7.55	0.01	12	9060	买盘
14:40:26	7.54	--	2	1508	卖盘
14:40:16	7.54	-0.01	14	10556	卖盘
14:39:56	7.55	--	3	2265	买盘
14:39:46	7.55	--	10	7550	买盘
14:39:41	7.55	--	44	33220	买盘
14:39:16	7.55	--	5	3775	买盘
14:39:05	7.55	0.01	1020	770100	买盘
14:38:46	7.54	--	10	7540	卖盘
14:38:41	7.54	-0.01	86	64844	卖盘
14:38:35	7.55	--	1	755	买盘
14:38:26	7.55	0.01	10	7550	买盘
14:38:11	7.54	-0.01	30	22620	卖盘
14:37:50	7.55	--	18	13590	买盘
14:37:41	7.55	0.01	30	22650	买盘
14:37:35	7.54	--	1	754	卖盘
14:37:26	7.54	--	54	40716	卖盘
14:37:05	7.54	-0.01	40	30160	卖盘
14:36:50	7.55	0.01	14	10570	买盘
14:36:41	7.54	-0.01	12	9048	卖盘
14:36:30	7.55	0.01	9	6795	买盘
14:35:40	7.54	--	50	37700	卖盘
14:35:25	7.54	-0.01	20	15080	卖盘
14:35:20	7.55	0.01	162	122310	买盘
14:35:10	7.54	--	200	150800	卖盘
14:35:05	7.54	--	14	10556	卖盘
14:34:45	7.54	-0.01	20	15080	卖盘
14:34:40	7.55	0.01	57	43035	买盘
14:34:25	7.54	--	50	37700	卖盘
14:34:20	7.54	-0.01	4	3016	卖盘
14:34:10	7.55	0.01	4	3020	买盘
14:33:55	7.54	--	40	30160	卖盘
14:33:25	7.54	-0.01	34	25636	卖盘
14:32:29	7.55	0.01	50	37750	买盘
14:32:20	7.54	-0.01	5	3770	卖盘
14:31:55	7.55	0.01	35	26425	买盘
14:31:29	7.54	-0.01	25	18850	卖盘
14:31:14	7.55	0.01	30	22650	买盘
14:31:05	7.54	-0.01	60	45240	卖盘
14:30:59	7.55	0.01	170	128350	买盘
14:30:49	7.54	-0.01	1	754	卖盘
14:30:44	7.55	--	20	15100	买盘
14:30:35	7.55	--	54	40770	买盘
14:30:14	7.55	0.01	30	22650	买盘
14:30:04	7.54	--	3	2262	卖盘
14:29:59	7.54	--	4	3016	卖盘
14:29:44	7.54	--	7	5278	卖盘
14:29:39	7.54	-0.01	55	41470	卖盘
14:28:59	7.55	0.01	89	67195	买盘
14:28:54	7.54	-0.01	2	1508	卖盘
14:27:19	7.55	--	1	755	买盘
14:27:14	7.55	--	39	29445	买盘
14:27:04	7.55	0.01	7	5285	买盘
14:26:59	7.54	-0.01	30	22620	卖盘
14:26:38	7.55	--	2	1510	买盘
14:26:34	7.55	0.01	37	27935	买盘
14:26:23	7.54	-0.01	2	1508	卖盘
14:25:49	7.55	0.02	1	755	买盘
14:25:44	7.53	-0.01	200	150600	卖盘
14:25:29	7.54	--	4	3016	卖盘
14:25:13	7.54	--	10	7540	买盘
14:24:43	7.54	--	23	17342	买盘
14:24:23	7.54	--	104	78416	买盘
14:24:13	7.54	0.01	4	3016	买盘
14:24:08	7.53	-0.01	1	753	卖盘
14:24:03	7.54	--	3	2262	买盘
14:23:53	7.54	--	161	121394	卖盘
14:23:38	7.54	-0.01	40	30160	卖盘
14:23:33	7.55	0.01	10	7550	买盘
14:23:23	7.54	--	8	6032	卖盘
14:23:03	7.54	--	30	22620	卖盘
14:22:28	7.54	--	10	7540	卖盘
14:21:53	7.54	--	20	15080	卖盘
14:21:28	7.54	-0.01	15	11310	卖盘
14:21:17	7.55	0.01	50	37750	买盘
14:21:02	7.54	--	60	45240	卖盘
14:20:43	7.54	--	70	52780	卖盘
14:20:38	7.54	-0.01	10	7540	卖盘
14:20:28	7.55	0.01	39	29445	买盘
14:20:17	7.54	--	49	36946	卖盘
14:20:13	7.54	--	153	115362	买盘
14:20:02	7.54	--	9	6786	买盘
14:19:58	7.54	0.01	27	20358	买盘
14:19:07	7.53	--	4	3012	卖盘
14:18:38	7.53	--	45	33885	卖盘
14:18:07	7.53	--	118	88854	卖盘
14:17:02	7.53	--	10	7530	卖盘
14:16:47	7.53	--	5	3765	卖盘
14:15:17	7.53	-0.01	55	41415	卖盘
14:14:26	7.54	0.01	2	1508	买盘
14:13:37	7.53	-0.01	4	3012	卖盘
14:13:32	7.54	--	20	15080	买盘
14:12:47	7.54	--	3	2262	买盘
14:12:37	7.54	--	10	7540	买盘
14:12:16	7.54	0.01	14	10556	卖盘
14:11:26	7.53	--	0	0	卖盘
14:11:11	7.53	-0.01	30	22590	卖盘
14:10:56	7.54	--	15	11310	买盘
14:10:46	7.54	0.01	17	12818	买盘
14:10:41	7.53	-0.01	46	34638	卖盘
14:10:26	7.54	--	30	22620	买盘
14:10:21	7.54	--	50	37700	买盘
14:09:36	7.54	-0.01	121	91234	卖盘
14:09:31	7.55	0.01	938	708190	买盘
14:09:16	7.54	--	2	1508	卖盘
14:09:01	7.54	--	14	10556	卖盘
14:08:56	7.54	--	13	9802	买盘
14:08:41	7.54	--	47	35438	卖盘
14:08:20	7.54	--	23	17342	买盘
14:08:11	7.54	--	22	16588	买盘
14:07:41	7.54	0.01	10	7540	买盘
14:07:11	7.53	--	12	9036	卖盘
14:06:41	7.53	-0.01	1	753	卖盘
14:06:35	7.54	--	10	7540	买盘
14:06:26	7.54	--	4	3016	买盘
14:06:05	7.54	--	41	30914	卖盘
14:05:56	7.54	-0.01	5	3770	卖盘
14:05:50	7.55	--	35	26425	买盘
14:05:05	7.55	--	0	0	买盘
14:05:00	7.55	--	22	16610	买盘
14:03:35	7.55	0.02	211	159305	买盘
14:03:30	7.53	--	2	1506	卖盘
14:03:25	7.53	-0.01	10	7530	卖盘
14:03:20	7.54	--	19	14326	买盘
14:02:25	7.54	--	2	1508	买盘
14:01:50	7.54	--	36	27144	买盘
14:01:35	7.54	--	3	2262	买盘
14:01:10	7.54	0.01	12	9048	买盘
14:01:05	7.53	--	13	9789	卖盘
14:00:55	7.53	--	50	37650	卖盘
14:00:40	7.53	--	7	5271	卖盘
14:00:35	7.53	--	7	5271	卖盘
14:00:20	7.53	--	10	7530	卖盘
14:00:09	7.53	--	2	1506	卖盘
13:59:55	7.53	--	69	51957	卖盘
13:59:44	7.53	--	4	3012	卖盘
13:59:34	7.53	--	5	3765	卖盘
13:59:09	7.53	--	2	1506	卖盘
13:58:59	7.53	--	5	3765	卖盘
13:58:54	7.53	-0.01	700	527100	卖盘
13:58:44	7.54	--	1	754	买盘
13:58:34	7.54	--	100	75400	买盘
13:58:29	7.54	--	20	15080	买盘
13:58:19	7.54	--	2	1508	买盘
13:57:59	7.54	-0.01	470	354380	卖盘
13:57:09	7.55	--	2	1510	买盘
13:56:59	7.55	--	17	12835	买盘
13:56:44	7.55	--	19	14345	买盘
13:56:08	7.55	--	1	755	买盘
13:56:04	7.55	--	90	67950	买盘
13:55:49	7.55	0.01	1	755	买盘
13:55:44	7.54	-0.01	30	22620	卖盘
13:55:19	7.55	--	3	2265	买盘
13:55:08	7.55	0.01	2	1510	买盘
13:54:49	7.54	--	1	754	卖盘
13:54:44	7.54	--	7	5278	卖盘
13:54:34	7.54	-0.01	5	3770	卖盘
13:54:29	7.55	0.01	10	7550	买盘
13:54:19	7.54	--	12	9048	卖盘
13:54:14	7.54	-0.01	50	37700	卖盘
13:54:08	7.55	0.01	1	755	买盘
13:53:49	7.54	-0.01	3	2262	卖盘
13:53:23	7.55	--	27	20385	买盘
13:53:18	7.55	--	6	4530	买盘
13:53:13	7.55	--	5	3775	买盘
13:53:08	7.55	0.01	2	1510	买盘
13:52:53	7.54	-0.01	6	4524	卖盘
13:52:23	7.55	--	12	9060	买盘
13:52:08	7.55	--	103	77765	买盘
13:51:53	7.55	-0.01	55	41525	卖盘
13:51:13	7.56	--	1	756	买盘
13:51:08	7.56	--	40	30240	买盘
13:50:53	7.56	--	37	27972	买盘
13:50:13	7.56	--	35	26460	买盘
13:50:08	7.56	0.01	2	1512	买盘
13:49:48	7.55	--	6	4530	卖盘
13:49:43	7.55	0.01	5	3775	卖盘
13:49:28	7.54	-0.01	67	50518	卖盘
13:49:23	7.55	-0.01	3	2265	卖盘
13:49:08	7.56	0.01	9	6804	买盘
13:48:53	7.55	-0.01	13	9815	卖盘
13:48:47	7.56	--	28	21168	买盘
13:48:23	7.56	0.02	10	7560	买盘
13:48:17	7.54	-0.02	91	68614	卖盘
13:48:13	7.56	--	0	0	买盘
13:48:08	7.56	--	2	1512	买盘
13:47:53	7.56	0.01	70	52920	买盘
13:47:43	7.55	-0.01	165	124575	卖盘
13:47:13	7.56	--	180	136080	买盘
13:47:08	7.56	0.01	67	50652	买盘
13:46:47	7.55	-0.01	1	755	卖盘
13:46:17	7.56	--	2	1512	买盘
13:46:07	7.56	0.01	13	9828	买盘
13:46:02	7.55	--	1	755	卖盘
13:45:57	7.55	--	10	7550	买盘
13:45:52	7.55	--	20	15100	买盘
13:45:22	7.55	--	10	7550	买盘
13:45:17	7.55	-0.01	40	30200	卖盘
13:45:07	7.56	--	52	39312	买盘
13:44:47	7.56	0.01	15	11340	买盘
13:44:37	7.55	--	88	66440	卖盘
13:44:32	7.55	--	1	755	卖盘
13:44:22	7.55	--	18	13590	买盘
13:44:07	7.55	--	3	2265	买盘
13:44:02	7.55	--	201	151755	买盘
13:43:22	7.55	0.01	20	15100	买盘
13:42:47	7.54	--	11	8294	卖盘
13:42:37	7.54	--	5	3770	卖盘
13:42:32	7.54	-0.01	129	97266	卖盘
13:42:22	7.55	--	18	13590	买盘
13:41:52	7.55	--	60	45300	买盘
13:41:47	7.55	0.01	4	3020	买盘
13:41:41	7.54	-0.01	2	1508	卖盘
13:41:37	7.55	--	287	216685	卖盘
13:41:32	7.55	--	152	114760	卖盘
13:41:22	7.55	--	32	24160	卖盘
13:41:17	7.55	--	53	40015	卖盘
13:41:11	7.55	--	13	9815	买盘
13:41:07	7.55	--	14	10570	卖盘
13:41:02	7.55	--	510	385050	卖盘
13:40:56	7.55	--	7	5285	卖盘
13:40:52	7.55	--	10	7550	卖盘
13:40:47	7.55	--	20	15100	卖盘
13:40:41	7.55	--	10	7550	卖盘
13:40:37	7.55	--	505	381275	买盘
13:40:32	7.55	--	261	197055	买盘
13:40:26	7.55	--	200	151000	买盘
13:40:16	7.55	--	20	15100	买盘
13:40:02	7.55	--	15	11325	买盘
13:39:36	7.55	--	1	755	买盘
13:39:26	7.55	--	25	18875	买盘
13:39:21	7.55	--	510	385050	买盘
13:39:11	7.55	--	200	151000	买盘
13:38:51	7.55	--	12	9060	买盘
13:38:41	7.55	--	20	15100	买盘
13:38:36	7.55	0.01	2	1510	买盘
13:38:31	7.54	-0.01	19	14326	卖盘
13:37:51	7.55	--	8	6040	买盘
13:37:46	7.55	--	2	1510	买盘
13:37:36	7.55	--	1	755	买盘
13:37:11	7.55	--	1	755	买盘
13:37:01	7.55	--	40	30200	买盘
13:36:51	7.55	0.01	1	755	买盘
13:36:41	7.54	-0.01	30	22620	卖盘
13:36:36	7.55	--	2	1510	买盘
13:36:16	7.55	0.01	458	345790	买盘
13:36:11	7.54	--	100	75400	卖盘
13:35:41	7.54	-0.01	15	11310	卖盘
13:35:35	7.55	--	1	755	买盘
13:35:11	7.55	0.01	15	11325	买盘
13:35:01	7.54	--	11	8294	卖盘
13:34:56	7.54	-0.01	20	15080	卖盘
13:34:46	7.55	0.01	1	755	买盘
13:34:41	7.54	-0.01	17	12818	卖盘
13:34:35	7.55	0.01	54	40770	买盘
13:34:20	7.54	--	5	3770	卖盘
13:34:16	7.54	0.01	3	2262	卖盘
13:34:11	7.53	--	0	0	卖盘
13:34:01	7.53	-0.01	40	30120	卖盘
13:33:55	7.54	0.01	100	75400	买盘
13:33:45	7.53	-0.01	7	5271	卖盘
13:33:35	7.54	--	1	754	买盘
13:33:20	7.54	--	5	3770	买盘
13:33:15	7.54	0.01	50	37700	买盘
13:32:50	7.53	-0.01	46	34638	卖盘
13:32:40	7.54	--	10	7540	买盘
13:32:35	7.54	--	2	1508	买盘
13:32:25	7.54	-0.01	256	193024	卖盘
13:32:05	7.55	0.01	300	226500	买盘
13:31:55	7.54	--	5	3770	卖盘
13:31:50	7.54	-0.01	67	50518	卖盘
13:31:35	7.55	0.01	1	755	买盘
13:31:25	7.54	--	50	37700	卖盘
13:31:20	7.54	--	8	6032	卖盘
13:31:15	7.54	--	5	3770	卖盘
13:30:55	7.54	-0.01	2	1508	卖盘
13:30:35	7.55	--	37	27935	买盘
13:30:25	7.55	--	10	7550	买盘
13:30:20	7.55	--	6	4530	买盘
13:30:10	7.55	--	5	3775	买盘
13:29:40	7.55	--	2	1510	买盘
13:29:35	7.55	0.01	1	755	买盘
13:29:25	7.54	-0.01	11	8294	卖盘
13:29:05	7.55	--	10	7550	买盘
13:28:55	7.55	--	7	5285	买盘
13:28:50	7.55	0.01	16	12080	买盘
13:28:40	7.54	-0.01	46	34684	卖盘
13:28:35	7.55	--	2	1510	买盘
13:28:20	7.55	0.01	3	2265	买盘
13:28:05	7.54	--	158	119132	卖盘
13:27:59	7.54	--	5	3770	卖盘
13:27:40	7.54	--	23	17342	卖盘
13:27:35	7.54	--	16	12064	卖盘
13:27:20	7.54	--	1	754	卖盘
13:27:14	7.54	--	30	22620	卖盘
13:27:04	7.54	-0.01	10	7540	卖盘
13:26:39	7.55	0.01	17	12835	买盘
13:26:34	7.54	--	22	16588	卖盘
13:26:29	7.54	-0.01	4	3016	卖盘
13:26:24	7.55	0.01	50	37750	买盘
13:25:59	7.54	-0.01	10	7540	卖盘
13:25:34	7.55	0.01	1	755	买盘
13:25:14	7.54	--	10	7540	卖盘
13:25:04	7.54	--	31	23374	买盘
13:24:49	7.54	-0.01	75	56550	卖盘
13:24:34	7.55	0.01	12	9060	买盘
13:24:29	7.54	0.01	130	98020	买盘
13:24:23	7.53	--	200	150600	卖盘
13:24:14	7.53	-0.01	18	13554	卖盘
13:24:09	7.54	0.01	40	30160	买盘
13:24:04	7.53	-0.01	20	15060	卖盘
13:23:59	7.54	--	3	2262	买盘
13:23:44	7.54	-0.01	27	20358	卖盘
13:23:34	7.55	0.01	1	755	买盘
13:23:29	7.54	-0.01	300	226200	卖盘
13:23:08	7.55	--	249	187995	卖盘
13:22:49	7.55	--	1	755	卖盘
13:22:44	7.55	--	4	3020	卖盘
13:22:38	7.55	-0.01	10	7550	卖盘
13:22:34	7.56	0.02	15	11340	买盘
13:22:23	7.54	--	14	10556	卖盘
13:22:14	7.54	-0.01	60	45240	卖盘
13:22:04	7.55	--	1	755	中性盘
13:21:59	7.55	--	400	302000	卖盘
13:21:44	7.55	-0.01	1	755	卖盘
13:21:38	7.56	--	27	20412	买盘
13:21:34	7.56	0.01	1	756	买盘
13:21:29	7.55	--	70	52850	卖盘
13:21:23	7.55	--	10	7550	卖盘
13:21:14	7.55	--	16	12080	买盘
13:21:04	7.55	--	19	14345	买盘
13:20:53	7.55	--	20	15100	买盘
13:20:43	7.55	--	1	755	买盘
13:20:38	7.55	--	2	1510	买盘
13:20:08	7.55	--	183	138165	卖盘
13:19:58	7.55	--	16	12080	卖盘
13:19:53	7.55	0.01	1	755	买盘
13:19:48	7.54	-0.01	2	1508	卖盘
13:19:43	7.55	--	4	3020	买盘
13:19:38	7.55	--	1	755	买盘
13:19:33	7.55	--	14	10570	卖盘
13:19:28	7.55	--	10	7550	卖盘
13:19:23	7.55	--	150	113250	卖盘
13:18:53	7.55	-0.01	10	7550	卖盘
13:18:43	7.56	0.01	12	9072	买盘
13:18:38	7.55	--	3	2265	卖盘
13:18:33	7.55	--	200	151000	卖盘
13:18:28	7.55	--	45	33975	卖盘
13:18:18	7.55	--	8	6040	卖盘
13:18:13	7.55	--	14	10570	卖盘
13:17:53	7.55	--	180	135900	卖盘
13:17:38	7.55	--	141	106455	买盘
13:17:13	7.55	--	5	3775	买盘
13:17:08	7.55	--	95	71725	卖盘
13:16:47	7.55	--	6	4530	买盘
13:16:38	7.55	-0.01	53	40015	买盘
13:16:28	7.56	--	0	0	买盘
13:16:13	7.56	0.01	310	234360	买盘
13:16:08	7.55	--	16	12080	买盘
13:15:38	7.55	--	4	3020	买盘
13:15:17	7.55	--	299	225745	卖盘
13:14:58	7.55	-0.01	1	755	中性盘
13:14:47	7.56	--	30	22680	买盘
13:14:37	7.56	--	2	1512	买盘
13:14:32	7.56	--	28	21168	卖盘
13:14:27	7.56	--	5	3780	卖盘
13:14:23	7.56	--	302	228312	卖盘
13:14:17	7.56	--	50	37800	卖盘
13:14:07	7.56	0.01	1115	842940	买盘
13:13:57	7.55	0.01	200	151000	买盘
13:13:42	7.54	-0.01	10	7540	卖盘
13:13:37	7.55	--	1	755	买盘
13:13:07	7.55	0.01	30	22650	买盘
13:13:02	7.54	-0.01	5	3770	卖盘
13:12:47	7.55	--	69	52095	买盘
13:12:37	7.55	0.01	2	1510	买盘
13:12:32	7.54	--	50	37700	卖盘
13:12:02	7.54	-0.01	2	1508	卖盘
13:11:47	7.55	--	10	7550	买盘
13:11:42	7.55	--	10	7550	买盘
13:11:37	7.55	-0.01	11	8305	买盘
13:11:22	7.56	--	0	0	买盘
13:10:57	7.56	--	0	0	买盘
13:10:52	7.56	--	0	0	买盘
13:10:37	7.56	0.04	2	1512	买盘
13:10:32	7.52	--	166	125328	卖盘
13:10:26	7.52	-0.04	1000	752000	卖盘
13:10:22	7.56	--	0	0	买盘
13:10:02	7.56	0.01	110	83160	买盘
13:09:52	7.55	--	123	92865	买盘
13:09:37	7.55	-0.01	6	4530	中性盘
13:09:32	7.56	--	10	7560	买盘
13:09:07	7.56	--	20	15120	买盘
13:09:02	7.56	--	30	22680	买盘
13:08:56	7.56	--	0	0	买盘
13:08:52	7.56	--	1	756	买盘
13:08:47	7.56	--	94	71064	卖盘
13:08:37	7.56	--	1660	1254960	卖盘
13:08:32	7.56	-0.01	4	3024	卖盘
13:08:26	7.57	0.01	35	26495	买盘
13:08:22	7.56	-0.01	4	3024	卖盘
13:08:07	7.57	0.01	144	109008	买盘
13:07:46	7.56	--	4	3024	买盘
13:07:41	7.56	--	208	157248	买盘
13:07:36	7.56	--	2	1512	买盘
13:07:31	7.56	--	115	86940	买盘
13:07:21	7.56	0.01	100	75600	买盘
13:07:16	7.55	-0.01	5	3775	卖盘
13:07:06	7.56	0.01	5	3780	买盘
13:06:56	7.55	--	21	15855	卖盘
13:06:51	7.55	--	1	755	卖盘
13:06:46	7.55	-0.01	29	21895	卖盘
13:06:41	7.56	--	2	1512	买盘
13:06:36	7.56	0.01	2	1512	买盘
13:06:26	7.55	--	50	37750	卖盘
13:06:16	7.55	--	20	15100	卖盘
13:06:11	7.55	-0.01	8	6040	卖盘
13:05:51	7.56	-0.01	22	16632	卖盘
13:05:46	7.57	0.01	16	12112	买盘
13:05:41	7.56	--	7	5292	卖盘
13:05:36	7.56	--	4	3024	买盘
13:05:21	7.56	--	17	12852	卖盘
13:05:16	7.56	--	3	2268	卖盘
13:05:11	7.56	--	34	25704	卖盘
13:05:06	7.56	--	12	9072	买盘
13:04:51	7.56	--	1	756	买盘
13:04:46	7.56	--	237	179172	卖盘
13:04:41	7.56	-0.01	10	7560	卖盘
13:04:36	7.57	0.01	2	1514	买盘
13:04:31	7.56	--	6	4536	卖盘
13:04:26	7.56	--	348	263088	买盘
13:04:11	7.56	--	14	10584	买盘
13:03:46	7.56	--	210	158760	买盘
13:03:35	7.56	--	1	756	买盘
13:03:16	7.56	--	6	4536	买盘
13:03:11	7.56	--	6	4536	买盘
13:02:56	7.56	-0.01	139	105084	卖盘
13:02:35	7.57	--	7	5299	买盘
13:02:31	7.57	0.01	40	30280	买盘
13:02:20	7.56	--	2	1512	卖盘
13:02:16	7.56	--	30	22680	卖盘
13:01:56	7.56	-0.01	10	7560	卖盘
13:01:35	7.57	0.01	1	757	买盘
13:01:31	7.56	-0.01	20	15120	卖盘
13:01:20	7.57	0.02	1	757	买盘
13:01:10	7.55	--	0	0	卖盘
13:00:45	7.55	--	0	7	卖盘
13:00:15	7.55	-0.01	46	34730	卖盘
13:00:10	7.56	0.01	279	211181	买盘
13:00:05	7.55	--	366	276654	买盘
11:30:00	7.55	--	0	0	买盘
11:30:00	7.55	--	0	0	买盘
11:30:00	7.55	--	23	17365	买盘
11:29:47	7.55	--	0	0	买盘
11:29:42	7.55	0.01	60	45300	买盘
11:29:37	7.54	-0.01	11	8294	卖盘
11:29:32	7.55	--	8	6040	买盘
11:29:22	7.55	0.01	696	525480	买盘
11:29:02	7.54	--	2	1508	卖盘
11:28:52	7.54	--	10	7540	卖盘
11:28:47	7.54	--	6	4524	卖盘
11:28:42	7.54	--	7	5278	卖盘
11:28:37	7.54	-0.01	4	3016	卖盘
11:28:22	7.55	0.01	50	37750	买盘
11:28:01	7.54	--	5	3770	卖盘
11:27:46	7.54	--	13	9802	买盘
11:27:36	7.54	--	48	36192	买盘
11:27:26	7.54	--	13	9802	买盘
11:27:21	7.54	--	50	37700	买盘
11:27:11	7.54	-0.01	4	3016	买盘
11:26:56	7.55	0.01	768	579840	买盘
11:26:36	7.54	0.01	2	1508	买盘
11:26:26	7.53	-0.01	30	22590	卖盘
11:26:21	7.54	--	50	37700	买盘
11:25:41	7.54	--	13	9802	买盘
11:25:36	7.54	-0.01	68	51272	卖盘
11:25:26	7.55	--	14	10570	买盘
11:25:16	7.55	0.01	11	8305	买盘
11:25:01	7.54	--	82	61828	买盘
11:24:51	7.54	--	38	28652	买盘
11:24:36	7.54	-0.01	2	1508	买盘
11:24:16	7.55	--	0	0	买盘
11:24:11	7.55	0.04	39	29445	买盘
11:24:01	7.51	-0.04	3	2253	卖盘
11:23:51	7.55	0.03	2190	1653450	买盘
11:23:36	7.52	0.01	1	752	买盘
11:23:16	7.51	--	5	3755	卖盘
11:22:56	7.51	--	5	3755	卖盘
11:22:46	7.51	--	76	57076	买盘
11:22:36	7.51	--	2	1502	买盘
11:22:31	7.51	0.01	55	41305	买盘
11:22:21	7.5	-0.01	31	23250	卖盘
11:22:11	7.51	--	50	37550	买盘
11:21:45	7.51	--	13	9763	买盘
11:21:36	7.51	0.01	1	751	买盘
11:21:30	7.5	-0.01	2	1500	卖盘
11:21:20	7.51	0.01	17	12767	买盘
11:21:10	7.5	--	12	9000	卖盘
11:21:05	7.5	--	20	15000	卖盘
11:21:00	7.5	--	152	114742	买盘
11:20:35	7.5	--	2	1500	买盘
11:20:25	7.5	-0.01	345	258757	卖盘
11:20:10	7.51	0.01	88	66088	买盘
11:20:00	7.5	--	5	3750	卖盘
11:19:50	7.5	--	3	2250	卖盘
11:19:45	7.5	--	3	2250	卖盘
11:19:40	7.5	-0.01	47	35250	卖盘
11:19:35	7.51	--	1	751	买盘
11:19:25	7.51	0.01	19	14269	买盘
11:19:15	7.5	-0.01	18	13500	卖盘
11:19:10	7.51	0.01	5	3755	买盘
11:19:00	7.5	--	2	1500	卖盘
11:18:55	7.5	--	10	8242	买盘
11:18:50	7.5	-0.01	389	291757	卖盘
11:18:35	7.51	0.01	2	1502	买盘
11:18:30	7.5	-0.01	37	27750	卖盘
11:18:05	7.51	--	9	6759	买盘
11:17:35	7.51	0.01	57	42807	买盘
11:17:20	7.5	-0.01	3	2250	卖盘
11:17:00	7.51	--	50	37550	买盘
11:16:34	7.51	--	2	1502	买盘
11:16:30	7.51	0.01	150	112650	买盘
11:16:25	7.5	--	5	3750	卖盘
11:16:20	7.5	--	31	23250	卖盘
11:16:05	7.5	--	106	79500	卖盘
11:15:55	7.5	--	5	3750	卖盘
11:15:50	7.5	-0.01	24	18000	卖盘
11:15:34	7.51	0.01	1	751	买盘
11:15:25	7.5	--	350	262500	卖盘
11:15:10	7.5	-0.01	20	15000	卖盘
11:15:04	7.51	--	38	28538	买盘
11:14:55	7.51	--	23	17273	买盘
11:14:49	7.51	--	10	7510	买盘
11:14:39	7.51	0.01	16	12016	买盘
11:14:34	7.5	--	7	5250	卖盘
11:14:24	7.5	-0.01	3	2250	卖盘
11:14:19	7.51	0.01	40	30040	买盘
11:14:09	7.5	-0.01	5	3750	卖盘
11:13:54	7.51	--	279	209529	买盘
11:13:34	7.51	0.01	1	751	买盘
11:13:24	7.5	--	12	9000	卖盘
11:13:09	7.5	--	6	4500	卖盘
11:13:04	7.5	--	85	63750	卖盘
11:12:49	7.5	--	15	11250	卖盘
11:12:39	7.5	-0.01	43	32992	卖盘
11:12:34	7.51	0.01	2	1502	买盘
11:12:29	7.5	--	10	7500	卖盘
11:12:04	7.5	--	51	38250	卖盘
11:11:44	7.5	-0.01	100	75000	卖盘
11:11:34	7.51	0.01	38	28538	买盘
11:11:29	7.5	--	16	12000	卖盘
11:11:23	7.5	--	100	75000	卖盘
11:11:19	7.5	--	4	3000	卖盘
11:11:04	7.5	--	10	7500	卖盘
11:10:53	7.5	--	10	7500	卖盘
11:10:34	7.5	--	7	5250	卖盘
11:10:19	7.5	-0.01	2	1500	卖盘
11:09:59	7.51	--	80	60080	买盘
11:09:49	7.51	0.01	1	751	买盘
11:09:44	7.5	-0.01	30	22500	卖盘
11:09:34	7.51	0.01	1	751	买盘
11:09:29	7.5	-0.01	40	30000	卖盘
11:09:19	7.51	--	3	2253	买盘
11:09:14	7.51	0.01	20	15020	买盘
11:08:48	7.5	--	20	15000	卖盘
11:08:39	7.5	--	30	22500	卖盘
11:08:33	7.5	--	5	3750	卖盘
11:08:03	7.5	--	5	3750	卖盘
11:07:48	7.5	--	8	6000	卖盘
11:07:43	7.5	--	11	8250	卖盘
11:07:33	7.5	--	12	9000	卖盘
11:07:28	7.5	--	10	7500	卖盘
11:07:18	7.5	-0.01	37	27750	卖盘
11:06:58	7.51	--	20	15020	买盘
11:06:53	7.51	0.01	50	37550	买盘
11:06:48	7.5	--	6	4500	卖盘
11:06:43	7.5	-0.01	20	15000	卖盘
11:06:33	7.51	0.01	12	9012	买盘
11:06:18	7.5	--	46	34500	卖盘
11:06:03	7.5	--	6	4500	卖盘
11:05:58	7.5	--	40	30000	卖盘
11:05:43	7.5	-0.01	2	1500	卖盘
11:05:38	7.51	0.01	1	751	买盘
11:05:32	7.5	--	183	137250	卖盘
11:05:23	7.5	--	1081	810750	买盘
11:05:13	7.5	--	20	15000	买盘
11:05:08	7.5	0.01	36	27000	买盘
11:04:58	7.49	-0.01	5	3745	卖盘
11:04:53	7.5	--	70	52500	买盘
11:04:38	7.5	0.01	2	1500	买盘
11:04:28	7.49	-0.01	6	4494	卖盘
11:04:08	7.5	--	3	2250	买盘
11:03:48	7.5	--	194	145500	卖盘
11:03:38	7.5	--	55	41250	卖盘
11:03:32	7.5	--	32	24000	卖盘
11:03:12	7.5	--	2	1500	卖盘
11:03:08	7.5	--	17	12750	卖盘
11:02:58	7.5	--	20	15000	卖盘
11:02:53	7.5	--	35	26250	卖盘
11:02:38	7.5	--	21	15750	卖盘
11:02:32	7.5	--	10	7500	卖盘
11:02:28	7.5	--	88	66000	卖盘
11:02:22	7.5	0.01	10	7500	卖盘
11:02:17	7.49	--	0	0	卖盘
11:02:12	7.49	-0.01	747	559503	卖盘
11:02:07	7.5	--	134	100500	买盘
11:01:37	7.5	--	2	1500	买盘
11:01:27	7.5	0.01	522	391830	买盘
11:01:22	7.49	0.01	25	18725	买盘
11:01:12	7.48	--	51	38148	卖盘
11:01:02	7.48	-0.01	1	748	卖盘
11:00:42	7.49	--	3	2247	买盘
11:00:37	7.49	--	1	749	买盘
11:00:27	7.49	0.01	22	16478	买盘
11:00:12	7.48	-0.01	61	45628	卖盘
11:00:07	7.49	--	18	13482	买盘
10:59:57	7.49	--	50	37450	买盘
10:59:37	7.49	0.01	2	1498	买盘
10:59:27	7.48	-0.01	1	748	卖盘
10:59:22	7.49	--	3	2247	买盘
10:59:17	7.49	0.01	8	5992	买盘
10:59:07	7.48	--	5	3740	卖盘
10:58:46	7.48	-0.01	20	14960	卖盘
10:58:37	7.49	0.01	1	749	买盘
10:58:26	7.48	--	5	3740	卖盘
10:58:17	7.48	--	7	5236	卖盘
10:58:06	7.48	--	50	37400	卖盘
10:57:51	7.48	--	17	12716	买盘
10:57:36	7.48	--	43	32164	卖盘
10:57:32	7.48	-0.01	20	14960	卖盘
10:57:02	7.49	0.01	47	35203	买盘
10:56:51	7.48	-0.01	20	14960	卖盘
10:56:36	7.49	0.01	1	749	买盘
10:56:21	7.48	--	2	1496	买盘
10:56:06	7.48	-0.01	58	43384	卖盘
10:55:51	7.49	--	20	14980	买盘
10:55:36	7.49	0.01	2	1498	买盘
10:55:31	7.48	--	6	4488	卖盘
10:55:06	7.48	-0.01	165	123420	卖盘
10:54:56	7.49	--	49	36701	买盘
10:54:46	7.49	--	1	749	买盘
10:54:36	7.49	0.01	1	749	买盘
10:54:21	7.48	--	89	66572	买盘
10:54:16	7.48	--	14	10472	买盘
10:53:36	7.48	--	2	1496	买盘
10:53:31	7.48	--	115	86020	卖盘
10:53:01	7.48	--	50	37400	卖盘
10:52:46	7.48	-0.01	31	23188	卖盘
10:52:35	7.49	0.01	8	5992	买盘
10:52:31	7.48	--	28	20944	卖盘
10:51:50	7.48	--	19	14212	卖盘
10:51:45	7.48	--	602	450296	买盘
10:51:35	7.48	--	2	1496	买盘
10:51:26	7.48	--	20	14960	买盘
10:51:15	7.48	--	8	5984	买盘
10:50:50	7.48	--	13	9724	买盘
10:50:41	7.48	--	20	14960	买盘
10:50:35	7.48	0.01	1	748	买盘
10:50:26	7.47	--	38	28386	买盘
10:49:55	7.47	--	3	2241	卖盘
10:49:45	7.47	--	16	11952	买盘
10:49:35	7.47	--	7	5229	买盘
10:49:30	7.47	0.01	2	1494	买盘
10:49:20	7.46	--	0	0	卖盘
10:49:15	7.46	--	10	7460	卖盘
10:48:55	7.46	--	3	2685	买盘
10:48:45	7.46	-0.02	931	694824	卖盘
10:48:34	7.48	0.01	1	748	买盘
10:48:15	7.47	-0.01	50	37350	卖盘
10:48:10	7.48	--	120	89760	买盘
10:47:45	7.48	0.01	112	83776	买盘
10:47:40	7.47	--	81	60507	卖盘
10:47:35	7.47	-0.01	4	2988	卖盘
10:47:25	7.48	--	50	37400	买盘
10:47:14	7.48	--	1	748	买盘
10:46:35	7.48	--	5	3740	买盘
10:46:25	7.48	--	20	14960	买盘
10:45:54	7.48	--	9	6732	买盘
10:45:39	7.48	--	1	748	买盘
10:45:35	7.48	--	2	1496	买盘
10:45:29	7.48	--	17	12716	买盘
10:45:24	7.48	--	17	12716	买盘
10:44:59	7.48	--	0	0	中性盘
10:44:54	7.48	-0.01	120	89760	买盘
10:44:50	7.49	--	0	0	买盘
10:44:34	7.49	0.01	16	11984	买盘
10:44:29	7.48	--	12	8976	买盘
10:44:24	7.48	--	29	22110	卖盘
10:44:20	7.48	--	2	1496	卖盘
10:44:09	7.48	--	51	38477	买盘
10:43:59	7.48	--	50	37400	买盘
10:43:50	7.48	--	80	59840	买盘
10:43:39	7.48	--	50	37400	买盘
10:43:35	7.48	--	2	1496	买盘
10:43:24	7.48	0.01	12	8976	买盘
10:43:19	7.47	-0.01	65	48562	卖盘
10:43:09	7.48	0.01	30	22440	买盘
10:42:49	7.47	-0.01	25	18675	卖盘
10:42:39	7.48	--	15	11220	买盘
10:42:34	7.48	--	1	748	买盘
10:42:24	7.48	0.01	24	17952	买盘
10:42:19	7.47	-0.01	89	66483	卖盘
10:42:04	7.48	--	20	14960	买盘
10:41:54	7.48	--	20	14960	买盘
10:41:34	7.48	--	2	1496	买盘
10:41:29	7.48	--	40	29920	买盘
10:41:19	7.48	--	8	5984	买盘
10:41:09	7.48	--	79	59510	卖盘
10:41:04	7.48	--	58	43384	卖盘
10:40:54	7.48	0.01	367	274845	买盘
10:40:39	7.47	-0.01	5	3735	卖盘
10:40:34	7.48	0.01	1	748	买盘
10:40:14	7.47	--	156	116972	买盘
10:40:04	7.47	--	213	159111	买盘
10:39:53	7.47	--	62	46314	买盘
10:39:49	7.47	--	20	14940	买盘
10:39:34	7.47	--	2	1494	买盘
10:39:29	7.47	0.01	40	29880	买盘
10:38:53	7.46	--	20	14920	卖盘
10:38:44	7.46	-0.01	14	10444	中性盘
10:38:33	7.47	0.01	24	17928	买盘
10:38:29	7.46	--	1	746	卖盘
10:38:08	7.46	--	21	15666	卖盘
10:37:53	7.46	--	20	14920	卖盘
10:37:48	7.46	0.01	74	55204	买盘
10:37:44	7.45	--	5	3725	卖盘
10:37:38	7.45	-0.01	67	49915	卖盘
10:37:33	7.46	0.01	2	1492	买盘
10:36:58	7.45	--	15	11175	卖盘
10:36:43	7.45	--	102	75990	卖盘
10:36:38	7.45	-0.01	6	4470	卖盘
10:36:33	7.46	--	16	11936	买盘
10:36:18	7.46	0.01	16	11936	买盘
10:36:13	7.45	--	1	745	卖盘
10:35:43	7.45	-0.01	2	1490	卖盘
10:35:33	7.46	0.01	8	5968	买盘
10:35:03	7.45	-0.01	10	7450	卖盘
10:34:58	7.46	--	9	6714	买盘
10:34:48	7.46	--	8	5968	买盘
10:34:33	7.46	0.01	1	746	买盘
10:34:28	7.45	-0.01	16	11920	卖盘
10:33:58	7.46	0.01	9	6714	买盘
10:33:43	7.45	-0.01	10	7450	卖盘
10:33:37	7.46	--	50	37300	买盘
10:33:32	7.46	0.01	2	1492	买盘
10:33:28	7.45	-0.01	7	5215	卖盘
10:32:57	7.46	--	3	2238	买盘
10:32:43	7.46	--	16	11936	买盘
10:32:32	7.46	0.01	1	746	买盘
10:32:27	7.45	-0.01	6	4470	卖盘
10:32:07	7.46	--	2	1492	买盘
10:31:57	7.46	--	32	23872	买盘
10:31:37	7.46	--	102	76092	买盘
10:31:07	7.46	--	33	24618	买盘
10:30:42	7.46	--	33	24618	买盘
10:30:32	7.46	--	82	61172	买盘
10:30:27	7.46	0.01	33	24618	买盘
10:30:22	7.45	-0.01	20	14900	卖盘
10:30:17	7.46	--	33	24618	买盘
10:29:37	7.46	0.01	2	1492	买盘
10:29:32	7.45	-0.01	3	2235	卖盘
10:29:22	7.46	--	12	8952	买盘
10:28:46	7.46	--	80	59680	买盘
10:28:31	7.46	--	1	746	买盘
10:28:16	7.46	--	15	11190	买盘
10:27:31	7.46	--	2	1492	买盘
10:27:07	7.46	--	5	3730	买盘
10:26:36	7.46	--	1	746	买盘
10:26:26	7.46	--	3	2238	买盘
10:26:16	7.46	--	60	44760	买盘
10:25:51	7.46	-0.01	51	38046	卖盘
10:25:31	7.47	--	2	1494	买盘
10:24:31	7.47	--	1	747	买盘
10:24:16	7.47	--	53	39591	买盘
10:24:06	7.47	--	26	19422	买盘
10:23:41	7.47	--	9	6723	买盘
10:23:36	7.47	0.02	2	1494	买盘
10:23:31	7.45	-0.02	61	45445	卖盘
10:23:06	7.47	--	0	0	买盘
10:23:01	7.47	0.01	361	269667	买盘
10:22:40	7.46	--	0	0	买盘
10:22:36	7.46	0.02	413	308098	买盘
10:22:21	7.44	-0.01	50	37200	卖盘
10:21:46	7.45	--	56	41720	买盘
10:21:40	7.45	--	5	3725	买盘
10:21:36	7.45	0.01	2	1490	买盘
10:20:55	7.44	-0.01	4	2976	卖盘
10:20:31	7.45	0.01	4	2980	买盘
10:20:10	7.44	-0.01	12	8928	卖盘
10:20:00	7.45	--	10	7450	买盘
10:19:50	7.45	--	68	50660	买盘
10:19:45	7.45	--	7	5215	买盘
10:19:30	7.45	--	2	1490	买盘
10:19:15	7.45	0.01	13	9685	买盘
10:19:00	7.44	--	37	27528	买盘
10:18:55	7.44	--	63	46872	买盘
10:18:40	7.44	--	10	7440	买盘
10:18:30	7.44	--	1	744	买盘
10:18:10	7.44	--	6	4464	买盘
10:18:05	7.44	--	20	14880	买盘
10:18:00	7.44	--	2	1488	买盘
10:17:40	7.44	--	50	37200	买盘
10:17:30	7.44	--	2	1488	买盘
10:17:20	7.44	--	296	220224	买盘
10:17:10	7.44	0.01	40	29760	买盘
10:16:40	7.43	-0.01	3	2229	卖盘
10:16:30	7.44	--	1	744	买盘
10:16:10	7.44	--	60	44640	买盘
10:16:00	7.44	--	50	37200	买盘
10:15:55	7.44	--	1	744	买盘
10:15:49	7.44	--	5	3720	买盘
10:15:30	7.44	--	2	1488	买盘
10:15:19	7.44	--	8	5952	买盘
10:15:15	7.44	0.01	2	1488	买盘
10:15:10	7.43	-0.01	2	1486	卖盘
10:14:34	7.44	0.02	1	744	买盘
10:14:09	7.42	-0.01	12	8904	卖盘
10:13:59	7.43	--	2	1486	卖盘
10:13:55	7.43	--	4	3573	买盘
10:13:34	7.43	--	2	1486	买盘
10:13:29	7.43	-0.01	109	81128	卖盘
10:13:09	7.44	0.01	20	14880	买盘
10:12:54	7.43	-0.01	0	601	卖盘
10:12:49	7.44	0.01	28	20832	买盘
10:12:44	7.43	-0.01	4	2972	卖盘
10:12:34	7.44	0.01	1	744	买盘
10:11:59	7.43	--	86	63898	买盘
10:11:54	7.43	--	100	74300	买盘
10:11:34	7.43	0.01	10	7430	买盘
10:10:44	7.42	-0.01	3	2226	卖盘
10:10:34	7.43	0.01	1	743	买盘
10:10:04	7.42	-0.01	30	22260	卖盘
10:09:34	7.43	0.01	2	1486	买盘
10:09:09	7.42	-0.01	70	51940	卖盘
10:08:34	7.43	0.01	4	2972	买盘
10:08:19	7.42	-0.01	30	22260	卖盘
10:08:13	7.43	0.01	27	20061	买盘
10:08:04	7.42	-0.01	20	14840	卖盘
10:07:53	7.43	0.01	18	13374	买盘
10:07:38	7.42	-0.01	4	2968	卖盘
10:07:33	7.43	0.01	2	1486	买盘
10:06:53	7.42	--	5	3710	卖盘
10:06:48	7.42	-0.01	15	11130	卖盘
10:06:33	7.43	0.01	1	743	买盘
10:06:28	7.42	--	40	29680	卖盘
10:05:53	7.42	-0.01	70	51940	卖盘
10:05:33	7.43	0.01	2	1486	买盘
10:05:28	7.42	-0.01	200	148400	卖盘
10:05:18	7.43	-0.01	46	34178	卖盘
10:04:33	7.44	0.01	1	744	买盘
10:04:28	7.43	--	40	29720	卖盘
10:04:18	7.43	-0.01	9	6687	卖盘
10:03:33	7.44	0.01	2	1488	买盘
10:03:28	7.43	-0.01	28	20804	卖盘
10:03:18	7.44	--	0	0	中性盘
10:03:03	7.44	--	1	744	买盘
10:02:43	7.44	--	2	1488	买盘
10:02:37	7.44	--	29	21576	买盘
10:02:33	7.44	--	21	15624	买盘
10:02:18	7.44	-0.01	5	3720	卖盘
10:02:13	7.45	--	8	5960	买盘
10:01:58	7.45	--	100	74500	买盘
10:01:32	7.45	0.02	2	1490	买盘
10:01:28	7.43	-0.01	50	37150	卖盘
10:01:22	7.44	--	1	744	买盘
10:01:12	7.44	0.01	50	37200	买盘
10:00:42	7.43	--	12	8916	卖盘
10:00:37	7.43	--	28	20804	买盘
10:00:32	7.43	--	1	743	买盘
10:00:27	7.43	--	15	11145	卖盘
09:59:57	7.43	0.01	15	11145	买盘
09:59:52	7.42	-0.01	211	156858	卖盘
09:59:32	7.43	--	2	1486	买盘
09:59:27	7.43	0.01	200	148600	买盘
09:59:12	7.42	--	12	8904	卖盘
09:59:02	7.42	--	100	74200	卖盘
09:58:57	7.42	--	10	7420	卖盘
09:58:52	7.42	--	9	6678	卖盘
09:58:42	7.42	-0.01	55	40810	卖盘
09:58:37	7.43	--	27	20061	买盘
09:58:32	7.43	0.01	1	743	买盘
09:58:17	7.42	-0.01	2	1484	卖盘
09:58:07	7.43	--	58	43539	卖盘
09:57:42	7.43	--	72	53793	买盘
09:57:31	7.43	--	2	1486	买盘
09:57:12	7.43	--	3	2229	买盘
09:57:07	7.43	--	10	7430	买盘
09:57:01	7.43	0.01	1	743	买盘
09:56:57	7.42	-0.01	35	25970	卖盘
09:56:52	7.43	--	10	7430	买盘
09:56:42	7.43	--	6	4458	买盘
09:56:31	7.43	0.01	1	743	买盘
09:55:57	7.42	-0.01	8	5936	卖盘
09:55:52	7.43	--	5	3715	买盘
09:55:31	7.43	0.01	2	1486	买盘
09:55:22	7.42	--	3	2263	买盘
09:55:11	7.42	--	10	7420	买盘
09:54:56	7.42	--	20	14840	买盘
09:54:31	7.42	--	5	3710	买盘
09:54:16	7.42	--	21	16286	卖盘
09:54:06	7.42	--	40	29680	卖盘
09:54:01	7.42	-0.01	100	74200	卖盘
09:53:51	7.43	0.01	5	3715	买盘
09:53:36	7.42	-0.01	80	59360	卖盘
09:53:31	7.43	0.01	52	38636	买盘
09:53:21	7.42	--	194	143948	卖盘
09:53:16	7.42	-0.01	3	2226	卖盘
09:52:46	7.43	-0.01	101	75488	卖盘
09:52:31	7.44	0.01	1	744	买盘
09:52:06	7.43	--	100	74300	卖盘
09:52:01	7.43	0.01	132	98373	买盘
09:51:46	7.42	--	61	45551	卖盘
09:51:31	7.42	--	21	15582	卖盘
09:51:16	7.42	--	62	46300	卖盘
09:51:01	7.42	--	46	34436	卖盘
09:50:51	7.42	-0.01	51	37842	卖盘
09:50:46	7.43	-0.01	46	34475	卖盘
09:50:36	7.44	--	1	744	买盘
09:50:31	7.44	0.01	28	20832	买盘
09:50:25	7.43	--	20	14860	卖盘
09:50:10	7.43	-0.01	12	8916	卖盘
09:50:01	7.44	0.01	3	2232	买盘
09:49:55	7.43	--	30	22290	卖盘
09:49:36	7.43	-0.01	80	59440	卖盘
09:49:25	7.44	--	31	23064	买盘
09:49:16	7.44	--	68	50592	买盘
09:48:35	7.44	--	5	3720	买盘
09:48:25	7.44	0.01	5	3720	买盘
09:48:10	7.43	-0.01	79	58697	卖盘
09:48:00	7.44	--	5	3720	买盘
09:47:40	7.44	--	0	0	买盘
09:47:30	7.44	--	7	5208	买盘
09:47:15	7.44	--	26	19344	买盘
09:47:10	7.44	0.02	26	19344	买盘
09:47:05	7.42	--	20	14840	卖盘
09:46:45	7.42	-0.01	30	22260	卖盘
09:46:30	7.43	--	6	4458	买盘
09:46:20	7.43	0.01	1	743	买盘
09:46:15	7.42	--	59	43778	卖盘
09:46:10	7.42	-0.02	21	15582	卖盘
09:45:20	7.44	--	0	0	买盘
09:45:15	7.44	0.02	12	8928	买盘
09:44:34	7.42	--	0	0	卖盘
09:44:25	7.42	-0.03	17	12614	卖盘
09:43:30	7.45	--	50	37250	买盘
09:43:19	7.45	0.03	3	2235	买盘
09:43:15	7.42	--	10	7420	卖盘
09:43:10	7.42	-0.01	13	9646	卖盘
09:43:04	7.43	0.01	20	14860	中性盘
09:42:55	7.42	--	115	85330	卖盘
09:42:25	7.42	-0.03	6	4452	卖盘
09:41:34	7.45	--	10	7450	买盘
09:41:09	7.45	-0.01	55	40975	卖盘
09:40:59	7.46	--	2	1492	买盘
09:40:54	7.46	--	0	0	买盘
09:40:44	7.46	0.01	248	185008	买盘
09:40:34	7.45	--	0	0	买盘
09:40:09	7.45	--	22	16390	卖盘
09:39:54	7.45	--	10	7450	卖盘
09:39:49	7.45	-0.01	47	35015	买盘
09:39:19	7.46	0.01	41	30586	买盘
09:39:04	7.45	--	7	5215	买盘
09:38:39	7.45	-0.01	50	37250	卖盘
09:38:34	7.46	0.01	5	3730	买盘
09:38:28	7.45	-0.01	88	65560	卖盘
09:38:24	7.46	0.01	20	14920	买盘
09:38:13	7.45	--	2	1490	卖盘
09:38:09	7.45	--	10	7450	卖盘
09:37:58	7.45	--	8	5960	卖盘
09:37:49	7.45	0.03	283	210835	买盘
09:37:13	7.42	--	20	15173	买盘
09:37:09	7.42	--	18	13356	买盘
09:36:53	7.42	--	1	1150	卖盘
09:36:43	7.42	--	30	22260	卖盘
09:36:34	7.42	--	0	333	买盘
09:36:28	7.42	--	213	158046	买盘
09:36:23	7.42	--	39	28938	买盘
09:36:19	7.42	--	32	23744	买盘
09:36:13	7.42	--	55	40810	买盘
09:36:08	7.42	--	3	2226	买盘
09:35:58	7.42	--	155	115418	卖盘
09:35:33	7.42	--	0	14	卖盘
09:35:28	7.42	--	2	1484	卖盘
09:35:23	7.42	--	40	29999	卖盘
09:35:13	7.42	--	24	17808	买盘
09:35:03	7.42	-0.03	176	130592	卖盘
09:34:58	7.45	0.03	239	178055	买盘
09:34:03	7.42	--	15	11130	卖盘
09:33:58	7.42	--	0	0	中性盘
09:32:43	7.42	--	3	2226	卖盘
09:32:28	7.42	--	10	7420	买盘
09:32:22	7.42	--	3	2226	买盘
09:32:18	7.42	--	10	7420	买盘
09:32:03	7.42	--	23	17066	买盘
09:31:58	7.42	--	257	190694	卖盘
09:31:33	7.42	--	2	1484	卖盘
09:31:17	7.42	--	4	2968	卖盘
09:31:03	7.42	--	6	4452	买盘
09:30:57	7.42	--	0	0	买盘
09:30:13	7.42	--	1	742	买盘
09:30:07	7.42	-0.04	74	54908	中性盘
09:28:46	7.46	--	0	0	买盘
09:25:07	7.46	7.46	35	26110	买盘
