成交时间	成交价	价格变动	成交量(手)	成交额(元)	性质
15:00:00	20.05	--	0	0	买盘
15:00:00	20.05	0.05	0	0	买盘
14:59:53	20.0	--	0	0	卖盘
14:59:49	20.0	--	8	16000	卖盘
14:59:44	20.0	-0.09	310	620000	卖盘
14:59:34	20.09	--	0	0	买盘
14:59:29	20.09	0.04	402	807618	买盘
14:59:23	20.05	0.05	3	6015	买盘
14:59:19	20.0	--	0	0	买盘
14:59:14	20.0	--	8	16000	买盘
14:59:08	20.0	-0.06	523	1046780	卖盘
14:59:04	20.06	--	10	20060	买盘
14:58:59	20.06	--	22	44132	卖盘
14:58:53	20.06	0.05	6	12036	买盘
14:58:44	20.01	-0.05	6	12006	卖盘
14:58:38	20.06	0.01	2	4011	买盘
14:58:23	20.05	-0.01	5	10025	卖盘
14:58:19	20.06	--	0	0	买盘
14:58:14	20.06	-0.04	1	2005	卖盘
14:58:08	20.1	--	0	0	中性盘
14:58:04	20.1	0.1	30	60300	买盘
14:57:59	20.0	-0.06	54	108000	卖盘
14:57:53	20.06	--	555	1113330	买盘
14:57:49	20.06	-0.01	20	40120	卖盘
14:57:44	20.07	0.01	11	22077	买盘
14:57:38	20.06	-0.01	17	34102	卖盘
14:57:23	20.07	-0.02	19	38133	卖盘
14:57:19	20.09	--	10	20090	买盘
14:57:14	20.09	--	12	24108	买盘
14:57:08	20.09	-0.01	35	70315	卖盘
14:56:59	20.1	0.01	35	70350	买盘
14:56:53	20.09	-0.01	31	62279	卖盘
14:56:34	20.1	--	10	20100	买盘
14:56:29	20.1	--	1	2010	买盘
14:56:23	20.1	--	20	40200	买盘
14:56:19	20.1	--	23	46230	买盘
14:56:04	20.1	--	5	10050	买盘
14:55:53	20.1	--	0	0	买盘
14:55:43	20.1	--	26	52260	买盘
14:55:38	20.1	--	14	28140	买盘
14:55:23	20.1	--	110	221100	买盘
14:55:17	20.1	--	2	4020	买盘
14:54:47	20.1	--	7	14070	买盘
14:54:38	20.1	--	0	0	买盘
14:54:28	20.1	0.06	470	944700	买盘
14:54:23	20.04	-0.06	80	160320	卖盘
14:54:17	20.1	--	0	0	买盘
14:54:08	20.1	0.03	63	126630	买盘
14:54:02	20.07	--	101	202707	买盘
14:53:53	20.07	--	22	44154	买盘
14:53:47	20.07	-0.03	31	62217	卖盘
14:53:28	20.1	--	0	0	买盘
14:53:23	20.1	--	0	0	买盘
14:53:08	20.1	0.03	24	48240	买盘
14:53:02	20.07	--	0	0	卖盘
14:52:58	20.07	--	0	0	卖盘
14:52:43	20.07	--	0	0	中性盘
14:52:32	20.07	--	0	0	卖盘
14:52:23	20.07	--	3	6021	买盘
14:52:17	20.07	--	7	14049	卖盘
14:52:08	20.07	-0.05	50	100350	卖盘
14:52:02	20.12	0.05	170	342040	买盘
14:51:47	20.07	--	2	4014	卖盘
14:51:38	20.07	0.01	9	18063	卖盘
14:51:23	20.06	-0.01	4	8023	买盘
14:51:17	20.07	--	0	0	买盘
14:51:02	20.07	-0.05	1	2007	卖盘
14:50:58	20.12	--	0	0	买盘
14:50:47	20.12	0.12	6	12072	买盘
14:50:43	20.0	-0.01	660	1320000	卖盘
14:50:38	20.01	--	0	0	卖盘
14:50:32	20.01	-0.05	950	1900950	卖盘
14:50:23	20.06	--	300	601800	卖盘
14:50:13	20.06	0.01	0	20	卖盘
14:50:02	20.05	--	0	0	卖盘
14:49:47	20.05	-0.08	200	401000	卖盘
14:49:37	20.13	--	0	0	买盘
14:49:32	20.13	--	10	20130	卖盘
14:49:22	20.13	-0.01	16	32208	中性盘
14:49:17	20.14	0.01	13	26182	买盘
14:49:02	20.13	0.09	2	4026	买盘
14:48:56	20.04	-0.07	500	1002000	卖盘
14:48:32	20.11	-0.01	134	269474	卖盘
14:48:17	20.12	0.01	55	110660	买盘
14:48:07	20.11	-0.01	95	191045	卖盘
14:48:02	20.12	-0.01	281	565372	卖盘
14:47:56	20.13	-0.01	98	197274	卖盘
14:47:52	20.14	--	27	54378	买盘
14:47:47	20.14	--	70	140980	买盘
14:47:37	20.14	--	20	40280	买盘
14:47:26	20.14	0.01	61	122854	买盘
14:47:17	20.13	0.01	64	128832	买盘
14:47:07	20.12	--	50	100600	卖盘
14:46:52	20.12	--	2	4024	卖盘
14:46:47	20.12	0.01	36	72432	买盘
14:46:32	20.11	--	34	68374	卖盘
14:46:17	20.11	-0.01	20	40220	中性盘
14:46:07	20.12	0.01	145	291740	买盘
14:46:02	20.11	0.01	1	2011	买盘
14:45:52	20.1	--	48	96480	卖盘
14:45:47	20.1	--	0	0	卖盘
14:45:41	20.1	-0.02	39	78390	卖盘
14:45:26	20.12	--	0	0	买盘
14:45:22	20.12	--	50	100600	买盘
14:45:17	20.12	0.01	10	20120	买盘
14:45:02	20.11	0.01	16	32176	买盘
14:44:56	20.1	-0.01	54	108540	卖盘
14:44:47	20.11	--	27	54297	买盘
14:44:41	20.11	0.01	10	20110	买盘
14:44:37	20.1	-0.01	20	40200	卖盘
14:44:32	20.11	0.01	50	100550	买盘
14:44:17	20.1	--	17	34170	买盘
14:43:56	20.1	0.01	38	76380	买盘
14:43:52	20.09	-0.02	112	225008	卖盘
14:43:47	20.11	--	50	100550	卖盘
14:43:41	20.11	0.01	22	44242	买盘
14:43:32	20.1	--	53	106530	卖盘
14:43:17	20.1	--	50	100500	卖盘
14:43:11	20.1	--	159	319590	卖盘
14:43:02	20.1	-0.01	70	140700	卖盘
14:42:41	20.11	-0.01	55	110605	卖盘
14:42:31	20.12	-0.01	119	239428	卖盘
14:42:26	20.13	--	10	20130	卖盘
14:42:11	20.13	--	20	40260	卖盘
14:41:56	20.13	--	10	20130	买盘
14:41:50	20.13	0.01	38	76494	买盘
14:41:46	20.12	--	10	20120	卖盘
14:41:26	20.12	-0.01	18	36216	卖盘
14:41:11	20.13	--	0	0	中性盘
14:41:01	20.13	--	2	4026	买盘
14:40:35	20.13	--	41	82533	买盘
14:40:16	20.13	0.01	7	14091	买盘
14:40:11	20.12	--	5	10060	卖盘
14:39:01	20.12	-0.01	20	40240	卖盘
14:38:50	20.13	0.03	2	4026	中性盘
14:38:46	20.1	-0.01	96	192960	卖盘
14:38:35	20.11	-0.02	88	176968	卖盘
14:38:31	20.13	0.01	42	84546	买盘
14:38:26	20.12	--	76	152912	卖盘
14:38:20	20.12	--	12	25351	卖盘
14:38:16	20.12	-0.01	2	4024	卖盘
14:38:11	20.13	0.01	2	4026	买盘
14:37:41	20.12	--	10	20120	卖盘
14:37:20	20.12	--	21	42252	卖盘
14:36:41	20.12	--	8	16096	买盘
14:36:35	20.12	--	6	12072	买盘
14:36:20	20.12	--	30	60360	买盘
14:36:14	20.12	0.01	24	48288	买盘
14:36:10	20.11	-0.01	10	20110	卖盘
14:36:05	20.12	--	2	4024	买盘
14:35:59	20.12	0.01	12	24144	买盘
14:35:50	20.11	-0.01	73	146803	卖盘
14:35:40	20.12	0.01	7	14084	买盘
14:35:35	20.11	--	96	193056	卖盘
14:35:25	20.11	--	119	239309	买盘
14:35:10	20.11	--	10	20110	买盘
14:34:59	20.11	--	37	74407	卖盘
14:34:44	20.11	-0.01	65	130715	卖盘
14:34:40	20.12	--	80	160960	卖盘
14:34:14	20.12	--	1	2012	卖盘
14:34:10	20.12	--	120	241440	买盘
14:34:05	20.12	0.01	25	50300	买盘
14:33:55	20.11	-0.01	6	12066	卖盘
14:33:50	20.12	--	226	454712	买盘
14:33:40	20.12	--	5	10060	卖盘
14:33:29	20.12	-0.01	1	2012	卖盘
14:33:05	20.13	--	8	16104	卖盘
14:32:55	20.13	--	10	20130	卖盘
14:32:44	20.13	-0.01	7	14091	卖盘
14:32:14	20.14	--	51	102714	卖盘
14:32:10	20.14	-0.01	10	20140	卖盘
14:31:59	20.15	0.01	20	40300	买盘
14:31:44	20.14	-0.01	30	60420	卖盘
14:31:05	20.15	0.01	1	2014	买盘
14:30:55	20.14	-0.01	79	159106	卖盘
14:30:35	20.15	--	29	58434	买盘
14:30:29	20.15	--	5	10075	买盘
14:30:05	20.15	0.01	15	30224	买盘
14:29:59	20.14	--	86	173204	卖盘
14:29:38	20.14	--	5	10070	买盘
14:29:29	20.14	--	32	64448	买盘
14:29:14	20.14	0.02	6	12084	买盘
14:29:08	20.12	--	0	0	卖盘
14:28:53	20.12	-0.01	4	8048	卖盘
14:28:49	20.13	0.01	20	40260	买盘
14:28:38	20.12	--	6	12072	买盘
14:28:34	20.12	--	3	6036	买盘
14:28:29	20.12	--	5	10060	买盘
14:28:14	20.12	0.01	10	20120	买盘
14:27:49	20.11	-0.01	5	10055	卖盘
14:27:23	20.12	0.01	10	20120	买盘
14:27:19	20.11	--	20	40220	卖盘
14:27:14	20.11	--	5	10055	卖盘
14:26:49	20.11	0.01	38	76418	买盘
14:26:34	20.1	-0.01	2	4020	卖盘
14:25:44	20.11	0.01	38	76418	买盘
14:25:38	20.1	-0.01	45	90450	卖盘
14:25:23	20.11	0.01	1	2011	买盘
14:24:49	20.1	-0.01	10	20100	卖盘
14:24:44	20.11	--	0	0	中性盘
14:24:38	20.11	-0.01	40	80440	卖盘
14:24:23	20.12	--	8	16096	买盘
14:23:28	20.12	--	0	0	买盘
14:22:47	20.12	--	5	10060	买盘
14:22:28	20.12	0.02	13	26156	买盘
14:22:23	20.1	--	57	114570	卖盘
14:22:13	20.1	--	0	0	卖盘
14:22:08	20.1	-0.02	10	20100	卖盘
14:22:02	20.12	0.01	22	44264	买盘
14:21:58	20.11	0.01	5	10055	买盘
14:21:53	20.1	--	5	10050	卖盘
14:21:47	20.1	-0.01	50	100500	卖盘
14:21:28	20.11	--	2	4022	买盘
14:21:23	20.11	-0.01	33	66363	卖盘
14:21:08	20.12	-0.01	46	92552	卖盘
14:20:58	20.13	0.01	5	10065	买盘
14:20:53	20.12	--	10	20120	卖盘
14:20:32	20.12	-0.01	20	40240	卖盘
14:20:23	20.13	--	3	6039	买盘
14:20:13	20.13	-0.01	12	24156	卖盘
14:20:08	20.14	0.01	12	24168	买盘
14:19:53	20.13	--	38	76494	买盘
14:19:32	20.13	--	3	6039	买盘
14:19:08	20.13	--	10	20130	买盘
14:18:53	20.13	--	20	40260	买盘
14:18:43	20.13	--	15	30195	买盘
14:18:32	20.13	--	0	0	中性盘
14:18:17	20.13	0.01	30	60390	买盘
14:18:13	20.12	-0.01	1	2012	卖盘
14:17:47	20.13	--	0	0	中性盘
14:17:43	20.13	--	68	136884	买盘
14:17:07	20.13	0.01	22	44286	买盘
14:16:56	20.12	-0.01	25	50300	卖盘
14:16:47	20.13	0.01	5	10065	买盘
14:16:32	20.12	--	1	2012	卖盘
14:16:07	20.12	--	41	82492	买盘
14:15:52	20.12	-0.01	14	28168	卖盘
14:15:47	20.13	0.01	5	10065	买盘
14:15:17	20.12	0.01	18	36216	买盘
14:14:32	20.11	--	6	12066	买盘
14:14:22	20.11	--	2	4022	买盘
14:14:07	20.11	--	20	40220	买盘
14:14:02	20.11	--	10	20110	买盘
14:13:41	20.11	0.01	9	18099	买盘
14:12:26	20.1	-0.01	49	98490	卖盘
14:12:17	20.11	--	10	20110	买盘
14:12:07	20.11	-0.01	13	26143	卖盘
14:12:02	20.12	--	50	100600	买盘
14:11:51	20.12	--	0	0	买盘
14:11:47	20.12	0.01	40	80480	买盘
14:11:41	20.11	0.01	50	100550	买盘
14:11:05	20.1	0.03	55	110550	买盘
14:11:01	20.07	-0.03	2	4014	中性盘
14:10:46	20.1	--	5	10050	买盘
14:10:41	20.1	-0.02	62	124620	卖盘
14:10:35	20.12	0.02	12	24144	买盘
14:10:31	20.1	-0.02	130	261300	卖盘
14:10:20	20.12	-0.01	24	48288	卖盘
14:10:11	20.13	--	20	40260	买盘
14:10:05	20.13	--	27	54351	卖盘
14:09:31	20.13	-0.01	5	10065	卖盘
14:09:16	20.14	--	79	159106	买盘
14:08:56	20.14	--	10	20140	买盘
14:08:50	20.14	-0.01	105	211470	卖盘
14:08:31	20.15	-0.02	296	596440	卖盘
14:08:26	20.17	0.01	5	10085	买盘
14:08:20	20.16	--	0	0	买盘
14:08:16	20.16	-0.03	203	409248	卖盘
14:07:41	20.19	--	10	20190	卖盘
14:07:35	20.19	--	0	0	中性盘
14:07:31	20.19	--	0	0	中性盘
14:07:26	20.19	--	0	0	买盘
14:07:16	20.19	-0.01	6	12558	卖盘
14:06:31	20.2	0.01	6	12120	中性盘
14:06:26	20.19	-0.01	42	84798	卖盘
14:06:20	20.2	--	37	76315	买盘
14:05:56	20.2	--	5	10100	买盘
14:05:35	20.2	--	22	44440	买盘
14:05:26	20.2	--	64	129280	买盘
14:05:20	20.2	0.03	16	32320	买盘
14:05:11	20.17	--	0	0	卖盘
14:04:56	20.17	-0.03	40	80680	卖盘
14:04:35	20.2	0.03	33	66660	买盘
14:04:25	20.17	-0.04	12	24204	卖盘
14:03:59	20.21	--	10	21665	卖盘
14:03:55	20.21	0.01	91	185891	买盘
14:03:44	20.2	-0.01	121	244420	卖盘
14:03:40	20.21	0.01	11	22231	买盘
14:03:35	20.2	-0.01	8	16160	卖盘
14:03:29	20.21	--	100	202100	买盘
14:03:25	20.21	--	84	169764	买盘
14:03:20	20.21	0.01	16	32336	买盘
14:03:14	20.2	--	20	40400	卖盘
14:03:10	20.2	--	2	5656	卖盘
14:02:55	20.2	-0.01	8	16160	卖盘
14:02:50	20.21	0.01	52	105092	买盘
14:02:29	20.2	--	2	4040	卖盘
14:02:20	20.2	--	3	6060	卖盘
14:02:10	20.2	0.02	267	540350	买盘
14:02:05	20.18	--	7	14126	买盘
14:01:55	20.18	-0.01	14	28252	卖盘
14:01:50	20.19	0.01	1	2019	买盘
14:01:10	20.18	--	4	8072	买盘
14:01:05	20.18	--	37	74666	买盘
14:00:59	20.18	0.02	10	20180	买盘
14:00:29	20.16	--	5	10080	卖盘
14:00:10	20.16	0.01	31	62496	买盘
13:59:59	20.15	-0.01	27	54404	卖盘
13:59:50	20.16	--	8	16128	买盘
13:59:44	20.16	--	3	6048	买盘
13:59:34	20.16	--	80	161280	卖盘
13:59:14	20.16	0.01	120	241920	卖盘
13:58:50	20.15	-0.01	160	322400	卖盘
13:58:35	20.16	--	0	0	中性盘
13:58:29	20.16	--	0	0	买盘
13:58:25	20.16	--	70	141120	卖盘
13:58:04	20.16	-0.01	250	504000	卖盘
13:57:59	20.17	--	0	0	中性盘
13:57:44	20.17	--	0	0	买盘
13:57:34	20.17	-0.02	131	264227	卖盘
13:57:19	20.19	--	5	10095	买盘
13:57:14	20.19	--	2	4038	买盘
13:56:59	20.19	--	16	32304	卖盘
13:56:49	20.19	-0.01	5	10095	卖盘
13:55:59	20.2	--	1	2020	买盘
13:55:53	20.2	--	38	76760	买盘
13:55:49	20.2	--	0	0	买盘
13:55:04	20.2	0.01	65	131300	买盘
13:54:44	20.19	--	3	6057	买盘
13:54:04	20.19	--	4	8076	买盘
13:53:53	20.19	--	16	32304	买盘
13:53:49	20.19	-0.01	208	419952	卖盘
13:53:43	20.2	0.01	178	359560	买盘
13:53:33	20.19	--	1	2019	卖盘
13:53:29	20.19	0.01	25	50475	买盘
13:53:13	20.18	--	8	16144	买盘
13:52:59	20.18	0.01	53	106954	买盘
13:52:08	20.17	-0.01	3	6051	卖盘
13:51:08	20.18	-0.01	40	80720	卖盘
13:51:02	20.19	--	14	28266	买盘
13:50:53	20.19	0.01	7	14133	买盘
13:50:32	20.18	--	0	0	中性盘
13:50:23	20.18	-0.02	30	60540	卖盘
13:50:13	20.2	0.01	2	4040	买盘
13:49:58	20.19	--	38	76722	买盘
13:49:28	20.19	--	12	24228	卖盘
13:49:23	20.19	0.01	57	115083	买盘
13:48:43	20.18	--	37	74666	卖盘
13:48:23	20.18	--	2	4036	卖盘
13:48:02	20.18	0.01	23	46414	买盘
13:47:38	20.17	--	12	24204	卖盘
13:47:13	20.17	-0.01	10	20170	卖盘
13:46:32	20.18	--	2	4036	买盘
13:46:22	20.18	0.01	10	20180	买盘
13:46:08	20.17	-0.01	2	4034	卖盘
13:45:32	20.18	0.01	5	10090	买盘
13:45:17	20.17	0.01	1	2017	卖盘
13:45:07	20.16	--	0	0	卖盘
13:44:52	20.16	--	13	26208	买盘
13:44:47	20.16	--	10	20160	买盘
13:44:32	20.16	--	4	8064	买盘
13:44:17	20.16	--	6	12096	买盘
13:44:07	20.16	--	3	6048	买盘
13:43:52	20.16	--	10	20160	买盘
13:43:47	20.16	--	40	80640	卖盘
13:43:41	20.16	--	0	0	卖盘
13:43:22	20.16	--	5	10080	卖盘
13:43:11	20.16	--	2	4032	卖盘
13:43:07	20.16	-0.01	2	4032	卖盘
13:43:02	20.17	--	4	8068	买盘
13:42:52	20.17	--	5	10085	买盘
13:42:41	20.17	--	6	12102	买盘
13:42:37	20.17	-0.01	30	60510	卖盘
13:42:22	20.18	--	13	26234	买盘
13:42:17	20.18	--	26	52468	卖盘
13:42:02	20.18	--	1	2018	卖盘
13:41:47	20.18	-0.01	100	201800	卖盘
13:41:37	20.19	--	11	22209	买盘
13:41:32	20.19	--	6	12114	买盘
13:41:07	20.19	--	6	12114	买盘
13:41:01	20.19	-0.01	36	72684	卖盘
13:40:46	20.2	0.01	1	2020	买盘
13:40:31	20.19	-0.01	20	40380	卖盘
13:40:26	20.2	--	25	50500	买盘
13:39:51	20.2	--	19	38380	买盘
13:39:36	20.2	--	8	16160	买盘
13:39:16	20.2	--	11	22220	买盘
13:39:01	20.2	--	6	12120	买盘
13:38:56	20.2	--	144	291890	卖盘
13:38:41	20.2	--	6	13130	卖盘
13:38:26	20.2	0.01	158	319160	买盘
13:38:16	20.19	-0.01	6	12114	买盘
13:37:46	20.2	--	0	0	买盘
13:36:46	20.2	--	7	14140	卖盘
13:36:31	20.2	0.02	24	48480	买盘
13:36:16	20.18	-0.02	4	8072	卖盘
13:36:05	20.2	-0.01	20	40400	买盘
13:35:56	20.21	--	0	0	买盘
13:35:50	20.21	0.01	102	206142	买盘
13:35:41	20.2	--	83	169013	卖盘
13:35:35	20.2	--	8	16160	卖盘
13:35:31	20.2	-0.01	91	183820	卖盘
13:35:26	20.21	--	30	60630	买盘
13:35:20	20.21	0.01	1	2021	买盘
13:35:16	20.2	--	20	40400	卖盘
13:35:11	20.2	--	50	101000	卖盘
13:35:05	20.2	--	25	50500	卖盘
13:35:01	20.2	--	27	54540	卖盘
13:34:56	20.2	--	17	34340	卖盘
13:34:50	20.2	--	12	24240	卖盘
13:34:41	20.2	--	357	721140	卖盘
13:34:25	20.2	-0.01	100	202000	卖盘
13:34:20	20.21	0.01	10	20210	买盘
13:34:00	20.2	--	10	20200	卖盘
13:33:55	20.2	-0.01	5	10100	卖盘
13:33:50	20.21	0.01	176	356362	买盘
13:33:40	20.2	--	54	110433	卖盘
13:33:35	20.2	--	10	20200	卖盘
13:33:25	20.2	--	43	86860	卖盘
13:33:20	20.2	--	12	24240	卖盘
13:33:15	20.2	--	84	169680	卖盘
13:33:10	20.2	--	16	32320	卖盘
13:33:05	20.2	--	67	136006	买盘
13:32:55	20.2	--	331	668620	买盘
13:32:40	20.2	--	2	4040	买盘
13:32:35	20.2	--	252	510393	卖盘
13:32:20	20.2	-0.01	15	30300	卖盘
13:32:05	20.21	--	2	4042	买盘
13:31:55	20.21	0.01	21	42441	买盘
13:31:44	20.2	--	2	4040	卖盘
13:31:40	20.2	--	69	141016	卖盘
13:31:35	20.2	-0.01	3	6060	卖盘
13:31:29	20.21	0.01	15	30315	买盘
13:31:25	20.2	-0.01	129	260580	卖盘
13:31:20	20.21	--	20	40420	买盘
13:31:14	20.21	--	1	2021	买盘
13:31:05	20.21	0.01	15	30315	买盘
13:30:55	20.2	--	37	74740	卖盘
13:30:50	20.2	-0.01	2	4040	卖盘
13:30:44	20.21	--	5	10105	买盘
13:30:40	20.21	--	5	10105	买盘
13:30:29	20.21	0.01	10	20210	买盘
13:30:25	20.2	-0.01	71	143420	卖盘
13:30:20	20.21	--	20	40420	买盘
13:30:10	20.21	--	14	28294	买盘
13:29:55	20.21	0.01	2	4042	买盘
13:29:40	20.2	--	28	56560	卖盘
13:29:29	20.2	--	15	30300	卖盘
13:29:25	20.2	--	438	885810	买盘
13:28:59	20.2	--	0	0	买盘
13:28:55	20.2	0.05	412	832240	买盘
13:28:29	20.15	--	13	26194	卖盘
13:28:24	20.15	--	74	149110	买盘
13:28:04	20.15	--	4	8059	卖盘
13:27:59	20.15	--	2	4029	卖盘
13:27:19	20.15	--	1	2014	卖盘
13:27:14	20.15	--	8	16119	买盘
13:26:44	20.15	--	1	2014	买盘
13:26:24	20.15	--	1	2014	买盘
13:25:59	20.15	0.02	5	10075	买盘
13:25:49	20.13	-0.02	5	10065	卖盘
13:25:44	20.15	0.02	2	4029	买盘
13:25:29	20.13	-0.01	257	517341	卖盘
13:25:19	20.14	-0.02	2	4028	卖盘
13:25:08	20.16	--	4	8064	买盘
13:24:44	20.16	-0.01	50	100800	买盘
13:24:29	20.17	--	0	0	买盘
13:23:59	20.17	-0.01	6	12102	买盘
13:23:49	20.18	--	0	0	买盘
13:23:23	20.18	--	5	10090	买盘
13:23:04	20.18	--	21	42378	买盘
13:22:59	20.18	--	0	0	买盘
13:22:04	20.18	0.05	1	2018	买盘
13:21:59	20.13	--	0	0	卖盘
13:21:53	20.13	-0.05	29	58377	卖盘
13:21:38	20.18	--	22	44396	卖盘
13:21:33	20.18	--	45	90810	卖盘
13:21:29	20.18	--	20	40360	卖盘
13:21:22	20.18	--	10	20180	卖盘
13:21:18	20.18	--	10	20180	卖盘
13:21:04	20.18	--	7	14126	买盘
13:20:53	20.18	-0.01	8	16144	买盘
13:20:13	20.19	--	0	0	买盘
13:19:58	20.19	0.06	67	135273	买盘
13:19:38	20.13	-0.06	5	10065	卖盘
13:19:17	20.19	--	0	0	买盘
13:19:08	20.19	-0.01	5	10095	买盘
13:18:58	20.2	--	0	0	买盘
13:18:43	20.2	--	8	16160	买盘
13:18:38	20.2	--	5	10100	买盘
13:18:28	20.2	--	23	46460	买盘
13:18:23	20.2	--	10	20200	买盘
13:18:13	20.2	-0.01	64	129280	卖盘
13:18:08	20.21	0.01	24	48504	买盘
13:17:58	20.2	-0.01	30	60600	卖盘
13:17:53	20.21	--	0	0	买盘
13:17:47	20.21	--	7	14147	买盘
13:17:43	20.21	--	14	28294	买盘
13:17:38	20.21	-0.01	58	118188	卖盘
13:17:32	20.22	0.01	33	66726	买盘
13:17:28	20.21	--	2	4042	卖盘
13:17:23	20.21	0.01	554	1120684	买盘
13:17:17	20.2	--	6	12120	买盘
13:17:13	20.2	--	108	218160	买盘
13:17:08	20.2	0.01	223	450460	买盘
13:17:02	20.19	0.06	426	860094	买盘
13:16:58	20.13	-0.02	943	1898259	卖盘
13:16:43	20.15	-0.02	5	10075	卖盘
13:16:32	20.17	0.01	3	6051	买盘
13:16:28	20.16	0.01	29	58464	买盘
13:15:53	20.15	0.03	470	947049	买盘
13:15:38	20.12	--	9	18108	买盘
13:15:28	20.12	--	11	22132	卖盘
13:15:22	20.12	--	10	20120	卖盘
13:15:17	20.12	--	7	14084	卖盘
13:14:57	20.12	-0.01	10	20120	卖盘
13:14:47	20.13	--	68	136884	买盘
13:14:27	20.13	--	2	4026	买盘
13:14:22	20.13	--	10	20130	买盘
13:14:17	20.13	--	29	58377	买盘
13:14:07	20.13	0.01	15	30195	买盘
13:13:52	20.12	-0.01	5	10060	卖盘
13:13:47	20.13	0.01	5	10065	买盘
13:13:27	20.12	-0.01	16	32192	卖盘
13:13:07	20.13	--	8	16104	买盘
13:12:17	20.13	0.01	60	120780	买盘
13:11:32	20.12	--	1	2012	买盘
13:11:17	20.12	0.01	20	40240	买盘
13:11:02	20.11	--	56	112616	买盘
13:10:47	20.11	--	49	98539	买盘
13:10:41	20.11	--	9	18099	买盘
13:10:22	20.11	0.01	3	6033	买盘
13:10:01	20.1	-0.02	2	4020	卖盘
13:09:56	20.12	0.02	5	10060	买盘
13:09:52	20.1	-0.02	5	10050	卖盘
13:09:22	20.12	0.02	10	20120	买盘
13:09:17	20.1	-0.02	5	10050	卖盘
13:09:02	20.12	--	0	0	买盘
13:08:52	20.12	0.01	102	205224	买盘
13:08:47	20.11	--	18	36198	买盘
13:08:32	20.11	--	3	6033	卖盘
13:08:17	20.11	--	2	4022	卖盘
13:08:11	20.11	0.01	1	2011	买盘
13:07:55	20.1	--	0	0	卖盘
13:07:40	20.1	--	14	28140	卖盘
13:07:31	20.1	--	10	20100	卖盘
13:07:16	20.1	--	3	6030	卖盘
13:07:11	20.1	--	5	10050	卖盘
13:07:06	20.1	--	55	110550	买盘
13:07:01	20.1	0.04	36	72360	买盘
13:06:56	20.06	-0.04	24	48144	卖盘
13:06:25	20.1	0.01	36	72360	买盘
13:05:31	20.09	--	12	24108	卖盘
13:04:56	20.09	--	10	20090	卖盘
13:04:16	20.09	--	18	36162	买盘
13:03:35	20.09	--	6	12054	买盘
13:03:01	20.09	--	6	12054	买盘
13:02:15	20.09	--	1	2009	买盘
13:02:11	20.09	--	13	26117	买盘
13:00:49	20.09	--	0	0	买盘
13:00:15	20.09	--	5	10045	买盘
13:00:10	20.09	--	2	4018	买盘
13:00:05	20.09	--	0	0	买盘
11:30:00	20.09	--	0	0	买盘
11:29:59	20.09	--	0	0	买盘
11:29:36	20.09	--	0	0	买盘
11:29:31	20.09	0.02	150	301350	买盘
11:29:16	20.07	--	1	2007	买盘
11:29:06	20.07	0.02	3	6021	买盘
11:28:46	20.05	0.02	25	50125	买盘
11:28:40	20.03	--	0	0	卖盘
11:28:06	20.03	--	0	0	卖盘
11:28:01	20.03	-0.02	134	268402	卖盘
11:27:51	20.05	-0.02	4	8020	卖盘
11:27:40	20.07	0.03	3	6021	中性盘
11:27:16	20.04	--	0	0	中性盘
11:27:10	20.04	-0.04	47	94188	卖盘
11:26:51	20.08	--	0	0	买盘
11:26:40	20.08	--	12	24095	买盘
11:26:31	20.08	0.04	42	84336	买盘
11:26:01	20.04	-0.01	168	336672	卖盘
11:25:46	20.05	0.01	4	8020	卖盘
11:25:40	20.04	--	0	0	卖盘
11:25:25	20.04	-0.04	38	76152	卖盘
11:25:16	20.08	--	0	0	买盘
11:25:04	20.08	0.03	3	6023	买盘
11:25:01	20.05	-0.03	36	72180	卖盘
11:24:46	20.08	0.02	155	311240	买盘
11:24:34	20.06	--	0	0	中性盘
11:24:31	20.06	--	16	32095	卖盘
11:24:10	20.06	-0.02	37	74222	卖盘
11:24:00	20.08	0.02	4	8031	买盘
11:23:40	20.06	0.01	14	28084	买盘
11:23:34	20.05	--	21	42105	卖盘
11:23:25	20.05	0.01	36	72180	买盘
11:23:19	20.04	--	0	0	中性盘
11:23:15	20.04	-0.01	48	96192	卖盘
11:23:10	20.05	0.01	7	14035	买盘
11:23:00	20.04	-0.01	55	110220	卖盘
11:22:55	20.05	--	10	20050	买盘
11:22:45	20.05	--	20	40100	买盘
11:22:40	20.05	--	10	20050	卖盘
11:22:34	20.05	--	0	0	中性盘
11:22:30	20.05	--	29	58145	卖盘
11:22:19	20.05	--	10	20050	卖盘
11:22:00	20.05	-0.01	15	30075	卖盘
11:21:45	20.06	0.01	20	40120	买盘
11:21:34	20.05	-0.01	10	20050	卖盘
11:21:25	20.06	0.01	5	10030	买盘
11:21:15	20.05	-0.01	5	10025	卖盘
11:21:10	20.06	--	20	40120	买盘
11:21:04	20.06	--	5	10030	买盘
11:20:55	20.06	--	10	20060	买盘
11:20:49	20.06	--	139	278834	卖盘
11:20:30	20.06	-0.01	3	6018	卖盘
11:20:25	20.07	0.01	5	10035	买盘
11:20:19	20.06	-0.01	3	6018	卖盘
11:20:00	20.07	-0.02	137	274959	卖盘
11:19:40	20.09	-0.01	30	60270	卖盘
11:19:25	20.1	-0.01	164	329640	卖盘
11:19:19	20.11	0.01	9	18099	买盘
11:19:04	20.1	-0.01	7	14070	卖盘
11:18:49	20.11	--	5	10055	买盘
11:18:34	20.11	--	1	2011	买盘
11:18:25	20.11	--	1	2011	买盘
11:18:19	20.11	--	10	20110	买盘
11:18:10	20.11	0.01	5	10055	买盘
11:18:04	20.1	-0.01	2	4020	卖盘
11:17:54	20.11	--	6	12066	卖盘
11:17:49	20.11	-0.01	32	64352	卖盘
11:17:39	20.12	--	3	6036	买盘
11:17:34	20.12	--	43	86516	卖盘
11:17:09	20.12	--	10	20120	卖盘
11:16:49	20.12	-0.01	59	118708	卖盘
11:16:39	20.13	0.01	15	30195	买盘
11:16:34	20.12	--	10	20120	卖盘
11:16:09	20.12	--	35	70420	卖盘
11:15:34	20.12	--	15	30180	卖盘
11:15:24	20.12	-0.01	3	6036	卖盘
11:15:19	20.13	0.01	9	18117	买盘
11:15:09	20.12	-0.01	10	20120	卖盘
11:14:49	20.13	--	9	18117	卖盘
11:14:39	20.13	--	10	20130	卖盘
11:14:34	20.13	0.01	6	12078	买盘
11:14:24	20.12	-0.01	10	20120	卖盘
11:14:19	20.13	--	0	0	中性盘
11:14:09	20.13	-0.01	10	20130	卖盘
11:14:04	20.14	--	0	0	买盘
11:13:58	20.14	0.01	4	8056	买盘
11:13:54	20.13	--	2	4026	卖盘
11:13:43	20.13	--	10	20130	卖盘
11:13:34	20.13	0.01	13	26169	买盘
11:13:09	20.12	--	66	132792	买盘
11:12:58	20.12	--	5	10060	买盘
11:12:43	20.12	0.01	76	152912	买盘
11:12:07	20.11	--	10	20110	买盘
11:11:43	20.11	--	4	8044	卖盘
11:11:33	20.11	--	18	36198	卖盘
11:10:58	20.11	--	2	4022	卖盘
11:10:48	20.11	--	0	0	中性盘
11:10:43	20.11	--	0	0	买盘
11:10:28	20.11	--	11	22121	买盘
11:10:07	20.11	--	0	0	买盘
11:09:52	20.11	--	10	20110	买盘
11:09:43	20.11	0.01	10	20110	买盘
11:09:37	20.1	--	8	16080	买盘
11:09:33	20.1	--	11	22110	买盘
11:09:28	20.1	--	10	20100	买盘
11:09:18	20.1	-0.01	15	30150	卖盘
11:09:13	20.11	--	4	8044	买盘
11:09:07	20.11	0.02	15	30165	买盘
11:08:52	20.09	-0.01	3	6027	卖盘
11:08:48	20.1	--	50	100500	买盘
11:08:28	20.1	--	10	20100	卖盘
11:08:22	20.1	--	25	50250	卖盘
11:08:18	20.1	--	15	30150	买盘
11:08:13	20.1	--	2	4020	买盘
11:08:03	20.1	--	4	8040	买盘
11:07:43	20.1	--	12	24120	卖盘
11:07:28	20.1	--	0	0	中性盘
11:07:22	20.1	--	30	60300	买盘
11:07:13	20.1	--	50	100500	买盘
11:06:48	20.1	0.01	3	6030	买盘
11:06:37	20.09	-0.01	10	20090	卖盘
11:06:13	20.1	-0.03	46	92460	卖盘
11:05:52	20.13	0.01	3	6039	买盘
11:05:46	20.12	--	0	0	卖盘
11:05:37	20.12	0.01	1	2012	买盘
11:05:22	20.11	0.01	4	8044	买盘
11:05:12	20.1	-0.01	11	22110	卖盘
11:04:57	20.11	--	25	50275	买盘
11:04:37	20.11	-0.01	11	22121	卖盘
11:04:22	20.12	--	3	6036	买盘
11:03:52	20.12	0.01	50	100600	买盘
11:03:37	20.11	--	14	28154	卖盘
11:03:27	20.11	-0.01	2	4022	卖盘
11:03:07	20.12	0.01	9	18108	买盘
11:02:42	20.11	-0.01	4	8044	卖盘
11:02:12	20.12	-0.01	43	86516	卖盘
11:02:01	20.13	--	11	22143	买盘
11:01:01	20.13	--	3	6039	买盘
11:00:57	20.13	--	3	6039	买盘
11:00:37	20.13	0.01	15	30195	买盘
11:00:31	20.12	-0.01	14	28168	卖盘
11:00:16	20.13	--	9	18117	买盘
11:00:07	20.13	--	2	4026	买盘
11:00:01	20.13	-0.01	13	26169	卖盘
10:59:52	20.14	0.01	4	8056	买盘
10:58:46	20.13	-0.01	30	60390	卖盘
10:58:36	20.14	0.01	20	40280	买盘
10:58:01	20.13	--	69	138897	买盘
10:57:46	20.13	--	1	2013	买盘
10:57:40	20.13	--	76	152988	买盘
10:57:36	20.13	--	6	12078	买盘
10:56:40	20.13	--	0	0	买盘
10:55:46	20.13	0.02	2	4026	买盘
10:55:40	20.11	--	9	18099	卖盘
10:54:46	20.11	-0.01	30	60330	卖盘
10:54:40	20.12	--	5	10060	买盘
10:54:25	20.12	--	4	8048	买盘
10:54:21	20.12	--	5	10060	买盘
10:54:04	20.12	--	3	6036	买盘
10:53:55	20.12	--	2	4024	买盘
10:53:49	20.12	--	5	10060	买盘
10:53:40	20.12	--	9	18108	买盘
10:53:31	20.12	--	5	10060	买盘
10:53:25	20.12	--	17	34204	买盘
10:53:16	20.12	--	6	12072	买盘
10:52:15	20.12	--	9	18108	卖盘
10:52:04	20.12	0.01	5	10060	买盘
10:50:45	20.11	--	0	0	卖盘
10:50:15	20.11	-0.02	105	211155	卖盘
10:50:10	20.13	--	4	8052	买盘
10:49:40	20.13	-0.01	4	8052	卖盘
10:48:55	20.14	0.01	4	8056	买盘
10:48:10	20.13	--	11	22143	卖盘
10:48:04	20.13	0.02	31	62403	买盘
10:47:49	20.11	-0.01	17	34187	卖盘
10:47:39	20.12	0.01	2	4024	买盘
10:47:34	20.11	0.01	9	18099	买盘
10:47:25	20.1	--	1	2010	买盘
10:47:19	20.1	--	34	68340	买盘
10:46:34	20.1	--	85	170850	卖盘
10:46:09	20.1	-0.01	50	100500	卖盘
10:45:54	20.11	0.01	29	58319	买盘
10:45:49	20.1	--	59	118590	卖盘
10:45:24	20.1	-0.01	19	38190	卖盘
10:45:19	20.11	--	13	26143	买盘
10:44:54	20.11	--	5	10055	买盘
10:44:09	20.11	--	4	8044	买盘
10:43:49	20.11	--	5	10055	买盘
10:43:43	20.11	--	10	20110	卖盘
10:43:39	20.11	--	6	12066	卖盘
10:43:28	20.11	--	35	70385	卖盘
10:43:19	20.11	--	5	10055	卖盘
10:42:58	20.11	--	58	116638	卖盘
10:42:54	20.11	-0.01	33	66363	卖盘
10:42:13	20.12	-0.01	16	32192	卖盘
10:42:04	20.13	--	2	4026	买盘
10:41:39	20.13	0.01	4	8052	买盘
10:41:34	20.12	--	11	22132	买盘
10:40:33	20.12	-0.01	1	2012	买盘
10:40:28	20.13	0.01	8	16104	买盘
10:40:13	20.12	--	0	0	中性盘
10:40:07	20.12	-0.01	10	20120	卖盘
10:40:03	20.13	--	1	2013	买盘
10:39:48	20.13	0.01	7	14091	买盘
10:39:43	20.12	--	0	0	卖盘
10:39:33	20.12	--	0	0	中性盘
10:39:28	20.12	--	5	10060	买盘
10:39:18	20.12	-0.02	130	261560	卖盘
10:39:13	20.14	0.02	5	10070	买盘
10:38:58	20.12	0.01	5	10060	买盘
10:38:52	20.11	-0.01	7	14077	卖盘
10:38:43	20.12	--	45	90540	卖盘
10:38:28	20.12	--	85	171020	买盘
10:38:13	20.12	0.01	25	50300	卖盘
10:38:07	20.11	--	0	0	卖盘
10:37:58	20.11	-0.01	15	30165	卖盘
10:37:48	20.12	0.01	31	62372	买盘
10:37:33	20.11	--	0	0	卖盘
10:37:28	20.11	-0.01	4	8044	卖盘
10:37:22	20.12	--	5	10060	买盘
10:37:07	20.12	0.01	8	16096	买盘
10:36:58	20.11	-0.01	1	2011	卖盘
10:36:52	20.12	--	3	6036	买盘
10:36:48	20.12	0.01	10	20120	买盘
10:36:22	20.11	--	60	120660	卖盘
10:36:13	20.11	--	21	42231	买盘
10:35:58	20.11	--	66	132726	卖盘
10:35:52	20.11	-0.01	9	18099	卖盘
10:35:42	20.12	--	10	20120	买盘
10:35:37	20.12	-0.02	226	454712	卖盘
10:35:33	20.14	--	23	46322	卖盘
10:35:13	20.14	-0.01	26	52364	卖盘
10:34:58	20.15	--	38	76570	卖盘
10:34:52	20.15	--	5	10075	卖盘
10:34:43	20.15	-0.01	83	167245	卖盘
10:34:28	20.16	--	3	6048	中性盘
10:34:22	20.16	--	0	0	买盘
10:34:13	20.16	-0.01	86	173376	卖盘
10:34:07	20.17	--	40	80680	买盘
10:33:27	20.17	--	3	6051	买盘
10:32:57	20.17	-0.01	6	12102	卖盘
10:32:12	20.18	--	36	72648	卖盘
10:32:01	20.18	--	1	2018	卖盘
10:31:46	20.18	--	10	20180	卖盘
10:31:42	20.18	--	57	115026	买盘
10:31:37	20.18	--	0	0	买盘
10:31:07	20.18	0.01	1	2018	买盘
10:30:57	20.17	--	31	62527	买盘
10:30:31	20.17	0.01	6	12102	买盘
10:30:16	20.16	-0.01	135	272160	卖盘
10:30:07	20.17	--	15	30255	买盘
10:29:46	20.17	--	3	6051	买盘
10:29:42	20.17	0.01	16	32272	买盘
10:29:37	20.16	--	20	40320	卖盘
10:28:56	20.16	--	9	18144	卖盘
10:28:52	20.16	-0.02	5	10080	卖盘
10:28:46	20.18	0.02	3	6054	买盘
10:28:40	20.16	-0.01	55	110880	卖盘
10:28:31	20.17	-0.01	9	18153	卖盘
10:28:16	20.18	--	58	117044	卖盘
10:28:01	20.18	0.01	116	234088	买盘
10:27:51	20.17	--	20	40340	卖盘
10:27:36	20.17	-0.01	1	2017	卖盘
10:27:31	20.18	--	4	8072	买盘
10:27:25	20.18	--	18	36324	买盘
10:27:16	20.18	--	25	50450	买盘
10:26:36	20.18	--	45	90810	买盘
10:26:31	20.18	--	11	22198	买盘
10:26:01	20.18	--	4	8072	买盘
10:25:46	20.18	0.02	100	201800	买盘
10:25:40	20.16	--	30	60480	卖盘
10:25:25	20.16	--	4	8064	卖盘
10:25:06	20.16	-0.03	7	14112	卖盘
10:24:51	20.19	0.04	4	8076	买盘
10:24:31	20.15	--	0	0	卖盘
10:24:21	20.15	-0.04	10	20150	卖盘
10:23:51	20.19	0.01	3	6057	买盘
10:23:46	20.18	--	0	0	卖盘
10:23:36	20.18	--	0	0	买盘
10:23:10	20.18	--	0	0	买盘
10:23:06	20.18	--	134	270412	卖盘
10:23:01	20.18	--	5	10090	卖盘
10:22:51	20.18	--	92	185656	买盘
10:22:19	20.18	0.01	4	8072	买盘
10:22:15	20.17	-0.01	10	20170	卖盘
10:21:55	20.18	--	20	40360	买盘
10:21:45	20.18	--	5	10090	买盘
10:21:10	20.18	--	5	10090	买盘
10:21:04	20.18	0.01	3	6054	买盘
10:20:55	20.17	0.02	1	2017	中性盘
10:20:34	20.15	--	20	40461	买盘
10:20:15	20.15	--	17	36108	卖盘
10:20:04	20.15	--	25	50375	卖盘
10:19:45	20.15	-0.02	5	10075	卖盘
10:19:40	20.17	0.02	9	18153	买盘
10:19:19	20.15	--	0	0	卖盘
10:19:15	20.15	-0.02	186	374790	卖盘
10:19:10	20.17	-0.01	33	66561	卖盘
10:18:30	20.18	--	3	6054	买盘
10:18:25	20.18	0.01	20	40360	买盘
10:18:19	20.17	--	2	4034	卖盘
10:17:40	20.17	--	0	0	卖盘
10:17:34	20.17	-0.01	50	100850	卖盘
10:17:25	20.18	-0.01	5	10090	卖盘
10:17:19	20.19	0.01	24	48456	买盘
10:17:15	20.18	0.01	17	34306	买盘
10:17:00	20.17	--	10	20170	卖盘
10:16:34	20.17	-0.01	13	26221	卖盘
10:16:19	20.18	0.01	20	40360	买盘
10:16:10	20.17	-0.01	59	119003	卖盘
10:15:39	20.18	0.01	5	10090	买盘
10:15:34	20.17	-0.01	5	10085	卖盘
10:15:24	20.18	0.01	10	20180	买盘
10:15:19	20.17	--	1	2017	卖盘
10:15:09	20.17	--	16	32272	卖盘
10:14:54	20.17	--	30	60510	卖盘
10:14:49	20.17	-0.01	8	16136	卖盘
10:14:24	20.18	--	10	20180	买盘
10:14:19	20.18	0.01	10	20180	买盘
10:14:04	20.17	-0.01	41	82697	卖盘
10:13:54	20.18	--	0	0	买盘
10:13:43	20.18	0.02	3	6054	买盘
10:13:39	20.16	--	120	242081	卖盘
10:13:09	20.16	--	1	2016	卖盘
10:12:39	20.16	-0.01	10	20160	卖盘
10:12:24	20.17	--	4	8068	买盘
10:11:58	20.17	-0.01	73	149096	卖盘
10:11:43	20.18	--	10	20180	买盘
10:11:28	20.18	--	37	74666	卖盘
10:11:24	20.18	-0.01	3	6054	卖盘
10:11:13	20.19	--	5	10095	买盘
10:10:43	20.19	--	11	22209	买盘
10:10:39	20.19	--	6	12114	买盘
10:10:18	20.19	--	5	10095	买盘
10:10:04	20.19	--	18	36342	买盘
10:09:58	20.19	--	10	20190	买盘
10:09:43	20.19	--	35	71634	卖盘
10:09:34	20.19	-0.01	2	4038	卖盘
10:09:07	20.2	0.01	5	10100	买盘
10:09:03	20.19	-0.01	5	10095	卖盘
10:08:48	20.2	0.01	4	8080	买盘
10:08:28	20.19	--	8	16152	卖盘
10:08:18	20.19	-0.01	40	80760	卖盘
10:08:13	20.2	0.01	28	56560	买盘
10:08:07	20.19	--	2	4038	卖盘
10:07:58	20.19	--	78	158531	买盘
10:07:52	20.19	--	0	0	买盘
10:07:43	20.19	-0.01	26	53463	卖盘
10:07:33	20.2	0.01	4	8080	买盘
10:07:28	20.19	0.02	30	61619	买盘
10:07:07	20.17	--	10	20170	卖盘
10:07:03	20.17	-0.01	28	56476	卖盘
10:06:58	20.18	0.01	20	40360	买盘
10:06:33	20.17	-0.01	2	4034	卖盘
10:06:28	20.18	--	8	16144	买盘
10:06:22	20.18	0.01	5	10090	卖盘
10:06:13	20.17	-0.02	29	58493	卖盘
10:06:07	20.19	--	25	50475	买盘
10:06:03	20.19	--	236	477453	买盘
10:05:58	20.19	0.01	4	8076	买盘
10:05:37	20.18	--	2	4036	卖盘
10:05:33	20.18	0.01	61	124147	买盘
10:05:22	20.17	-0.01	6	12102	卖盘
10:05:07	20.18	--	4	8072	买盘
10:04:48	20.18	--	4	8072	买盘
10:04:43	20.18	0.01	20	40360	买盘
10:04:28	20.17	0.01	32	64705	买盘
10:04:22	20.16	-0.01	6	12096	卖盘
10:04:18	20.17	--	0	0	买盘
10:04:13	20.17	0.01	101	203717	买盘
10:04:03	20.16	-0.01	10	20160	买盘
10:03:57	20.17	--	0	0	买盘
10:03:52	20.17	0.01	111	225742	买盘
10:03:43	20.16	--	10	20160	卖盘
10:03:37	20.16	-0.01	3	6048	卖盘
10:03:27	20.17	--	46	92943	买盘
10:03:16	20.17	--	3	6051	买盘
10:03:13	20.17	0.01	9	18153	买盘
10:03:07	20.16	-0.01	9	18144	卖盘
10:02:58	20.17	--	33	66561	买盘
10:02:46	20.17	--	19	38323	买盘
10:02:31	20.17	0.01	34	68578	买盘
10:02:27	20.16	--	8	16128	卖盘
10:02:22	20.16	--	2	4032	卖盘
10:02:12	20.16	-0.01	10	20160	卖盘
10:02:01	20.17	0.02	4	8068	买盘
10:01:57	20.15	--	0	0	卖盘
10:01:27	20.15	-0.02	10	20150	卖盘
10:01:12	20.17	-0.01	21	42357	卖盘
10:01:01	20.18	--	9	18162	买盘
10:00:52	20.18	-0.02	161	325866	卖盘
10:00:46	20.2	--	3	6060	买盘
10:00:42	20.2	--	30	60600	买盘
10:00:37	20.2	--	4	8080	买盘
10:00:07	20.2	--	11	22220	买盘
10:00:01	20.2	--	7	14140	买盘
09:59:57	20.2	-0.01	72	145440	卖盘
09:59:52	20.21	--	13	26273	卖盘
09:59:46	20.21	--	10	20210	卖盘
09:59:42	20.21	--	8	16168	买盘
09:59:16	20.21	--	12	24252	卖盘
09:58:52	20.21	--	20	40420	卖盘
09:58:42	20.21	--	10	20210	卖盘
09:58:37	20.21	--	9	18189	卖盘
09:58:31	20.21	--	7	14147	卖盘
09:58:22	20.21	--	16	32336	买盘
09:57:46	20.21	0.01	23	46483	买盘
09:57:36	20.2	0.01	76	153520	买盘
09:57:31	20.19	--	14	28266	卖盘
09:57:16	20.19	--	13	27296	买盘
09:57:12	20.19	0.01	15	30285	买盘
09:57:01	20.18	-0.01	8	16144	卖盘
09:56:46	20.19	0.01	3	6057	买盘
09:56:37	20.18	--	1	2018	买盘
09:56:25	20.18	-0.01	8	16144	买盘
09:56:16	20.19	--	332	670308	买盘
09:56:06	20.19	0.01	51	102969	买盘
09:55:46	20.18	--	2	4036	卖盘
09:55:40	20.18	--	30	60540	卖盘
09:55:31	20.18	--	23	46414	卖盘
09:55:25	20.18	-0.01	20	40360	卖盘
09:55:16	20.19	--	13	26247	买盘
09:55:06	20.19	0.01	1	2019	中性盘
09:54:55	20.18	-0.01	10	20180	卖盘
09:54:51	20.19	-0.01	19	38361	中性盘
09:54:46	20.2	0.02	55	111100	买盘
09:54:36	20.18	-0.02	25	50450	卖盘
09:54:31	20.2	0.01	11	22220	买盘
09:54:21	20.19	-0.01	100	201900	卖盘
09:54:10	20.2	-0.02	11	22220	卖盘
09:54:06	20.22	0.01	32	64704	买盘
09:54:01	20.21	0.01	23	46483	中性盘
09:53:51	20.2	--	49	98980	买盘
09:53:40	20.2	--	1	2020	卖盘
09:53:36	20.2	-0.03	7	14140	卖盘
09:53:31	20.23	--	24	48552	买盘
09:53:25	20.23	--	50	101150	买盘
09:53:21	20.23	0.02	59	121177	买盘
09:53:16	20.21	-0.01	147	297087	卖盘
09:53:10	20.22	--	5	10312	卖盘
09:53:06	20.22	--	38	76836	买盘
09:52:55	20.22	--	18	36396	买盘
09:52:51	20.22	0.01	54	109188	中性盘
09:52:46	20.21	-0.02	100	202100	卖盘
09:52:36	20.23	--	20	40460	卖盘
09:52:31	20.23	--	132	267036	卖盘
09:52:25	20.23	--	9	18207	卖盘
09:52:21	20.23	-0.01	16	32368	卖盘
09:52:16	20.24	--	2	4047	买盘
09:52:10	20.24	--	35	70840	买盘
09:52:06	20.24	--	77	155848	卖盘
09:52:01	20.24	-0.01	81	163944	卖盘
09:51:55	20.25	--	46	93150	买盘
09:51:51	20.25	--	166	336150	买盘
09:51:46	20.25	0.01	11	22275	买盘
09:51:40	20.24	-0.01	114	230735	卖盘
09:51:36	20.25	0.01	25	50625	买盘
09:51:31	20.24	--	7	14167	卖盘
09:51:25	20.24	--	62	125487	买盘
09:51:21	20.24	0.01	44	89056	买盘
09:51:16	20.23	0.01	88	178024	买盘
09:51:10	20.22	--	21	42462	卖盘
09:51:00	20.22	0.01	4	8088	中性盘
09:50:55	20.21	-0.01	110	222310	中性盘
09:50:51	20.22	0.01	14	28308	买盘
09:50:45	20.21	-0.01	26	52546	卖盘
09:50:40	20.22	--	79	159738	买盘
09:50:36	20.22	0.01	28	56616	买盘
09:50:30	20.21	-0.01	45	90945	卖盘
09:50:25	20.22	0.01	5	10110	买盘
09:50:21	20.21	--	9	18189	卖盘
09:50:15	20.21	--	41	82861	卖盘
09:50:10	20.21	0.01	10	20210	卖盘
09:50:04	20.2	-0.01	44	88880	卖盘
09:50:01	20.21	--	192	389143	买盘
09:49:55	20.21	0.01	23	46483	买盘
09:49:45	20.2	--	3	6060	买盘
09:49:40	20.2	--	13	26260	卖盘
09:49:34	20.2	--	23	46460	卖盘
09:49:30	20.2	--	75	151500	买盘
09:49:25	20.2	0.01	25	50500	买盘
09:49:19	20.19	--	44	88836	卖盘
09:49:15	20.19	-0.01	28	56532	卖盘
09:48:55	20.2	--	48	96960	卖盘
09:48:49	20.2	--	29	58580	卖盘
09:48:45	20.2	--	28	56560	卖盘
09:48:40	20.2	--	4	8080	卖盘
09:48:34	20.2	0.01	62	125240	买盘
09:48:30	20.19	--	19	38361	卖盘
09:48:25	20.19	-0.01	11	22209	卖盘
09:48:15	20.2	--	18	36360	买盘
09:48:10	20.2	0.01	14	28280	买盘
09:48:04	20.19	-0.01	6	12114	卖盘
09:48:00	20.2	--	34	68680	买盘
09:47:55	20.2	--	10	20200	买盘
09:47:49	20.2	-0.01	4	8080	买盘
09:47:45	20.21	--	64	129344	买盘
09:47:40	20.21	--	13	26273	买盘
09:47:34	20.21	--	2	4042	买盘
09:47:25	20.21	--	11	22231	买盘
09:47:19	20.21	--	4	8084	买盘
09:47:10	20.21	0.06	30	60630	买盘
09:47:00	20.15	-0.06	10	20150	卖盘
09:46:55	20.21	--	63	127323	卖盘
09:46:49	20.21	0.05	88	177848	买盘
09:46:45	20.16	-0.02	33	66528	卖盘
09:46:40	20.18	-0.03	4	8072	买盘
09:46:34	20.21	--	0	0	买盘
09:46:30	20.21	--	0	0	买盘
09:46:25	20.21	0.01	42	84882	买盘
09:46:10	20.2	-0.01	103	208060	卖盘
09:46:04	20.21	--	2	4042	买盘
09:46:00	20.21	-0.01	7	14147	卖盘
09:45:55	20.22	--	233	471126	卖盘
09:45:49	20.22	-0.02	15	30330	卖盘
09:45:45	20.24	0.02	100	202399	买盘
09:45:40	20.22	-0.02	15	30330	卖盘
09:45:34	20.24	0.02	28	56671	买盘
09:45:30	20.22	--	52	105144	卖盘
09:45:25	20.22	-0.03	33	66726	卖盘
09:45:15	20.25	0.03	110	222750	买盘
09:45:10	20.22	--	2	4044	买盘
09:45:04	20.22	-0.03	39	78858	中性盘
09:45:00	20.25	0.06	23	46575	买盘
09:44:55	20.19	-0.06	70	141330	卖盘
09:44:45	20.25	-0.13	10	20250	买盘
09:44:40	20.38	0.1	1130	2302940	买盘
09:44:34	20.28	--	0	0	买盘
09:44:30	20.28	0.08	330	669240	买盘
09:44:24	20.2	-0.05	147	296940	卖盘
09:44:19	20.25	0.05	214	433350	买盘
09:44:15	20.2	--	50	101000	卖盘
09:44:09	20.2	0.08	1066	2153320	买盘
09:44:04	20.12	--	4	8048	卖盘
09:43:54	20.12	0.02	238	478856	买盘
09:43:49	20.1	0.1	309	621090	买盘
09:43:45	20.0	--	0	0	卖盘
09:43:39	20.0	-0.02	653	1306000	卖盘
09:43:34	20.02	0.02	15	30030	买盘
09:43:28	20.0	--	0	0	卖盘
09:43:24	20.0	0.05	2	4000	卖盘
09:43:19	19.95	-0.06	329	658150	卖盘
09:43:13	20.01	0.04	155	310155	买盘
09:43:09	19.97	0.01	2	3994	买盘
09:43:04	19.96	-0.02	193	385228	卖盘
09:42:49	19.98	--	40	80119	卖盘
09:42:39	19.98	-0.01	54	107892	卖盘
09:42:34	19.99	--	1	1998	买盘
09:42:19	19.99	--	8	15991	买盘
09:42:09	19.99	--	2	3997	买盘
09:41:54	19.99	--	6	11993	买盘
09:41:43	19.99	--	3	5996	买盘
09:41:39	19.99	-0.01	4	7995	卖盘
09:41:19	20.0	--	12	24000	买盘
09:41:04	20.0	--	6	12000	卖盘
09:40:58	20.0	-0.01	7	14000	卖盘
09:40:54	20.01	--	53	106053	买盘
09:40:43	20.01	--	3	6003	买盘
09:39:58	20.01	--	3	6003	买盘
09:39:43	20.01	--	9	18009	买盘
09:39:28	20.01	0.01	6	12006	买盘
09:39:24	20.0	0.03	2	4000	卖盘
09:39:09	19.97	--	0	0	卖盘
09:38:58	19.97	--	0	0	卖盘
09:38:28	19.97	--	10	21767	买盘
09:38:19	19.97	-0.01	64	127808	卖盘
09:38:04	19.98	--	0	0	买盘
09:37:54	19.98	--	10	19980	买盘
09:37:48	19.98	--	0	0	中性盘
09:37:43	19.98	--	26	51948	卖盘
09:37:18	19.98	--	6	11988	买盘
09:36:48	19.98	-0.04	52	103896	卖盘
09:36:43	20.02	0.02	26	52052	买盘
09:36:33	20.0	-0.02	8	16000	卖盘
09:36:18	20.02	-0.02	25	50250	卖盘
09:36:13	20.04	--	9	18036	买盘
09:36:03	20.04	--	19	38076	买盘
09:35:58	20.04	--	27	54108	买盘
09:35:43	20.04	-0.03	23	46092	卖盘
09:35:33	20.07	--	3	6021	买盘
09:35:22	20.07	--	14	28098	买盘
09:35:07	20.07	0.05	3	6021	买盘
09:35:03	20.02	--	0	0	卖盘
09:34:52	20.02	-0.06	100	200200	卖盘
09:34:48	20.08	--	10	20080	买盘
09:34:43	20.08	--	54	108431	买盘
09:34:37	20.08	0.06	52	104415	买盘
09:34:22	20.02	0.07	197	396195	买盘
09:34:18	19.95	-0.05	430	857850	卖盘
09:34:13	20.0	0.03	80	160000	买盘
09:34:03	19.97	0.01	1	1997	买盘
09:33:58	19.96	-0.02	1	1996	卖盘
09:33:48	19.98	0.02	15	29970	买盘
09:33:43	19.96	--	9	17964	买盘
09:33:37	19.96	-0.02	5	9980	买盘
09:33:22	19.98	--	0	0	买盘
09:33:18	19.98	0.03	39	77922	买盘
09:33:13	19.95	-0.03	30	59850	卖盘
09:33:07	19.98	--	29	57942	买盘
09:33:03	19.98	--	9	17982	买盘
09:32:58	19.98	0.02	1	1998	买盘
09:32:51	19.96	--	5	9980	卖盘
09:32:43	19.96	0.04	10	19960	卖盘
09:32:28	19.92	0.01	652	1298784	买盘
09:32:22	19.91	-0.07	86	171226	卖盘
09:32:18	19.98	--	0	0	买盘
09:32:13	19.98	0.05	193	385614	买盘
09:32:03	19.93	--	35	69755	买盘
09:31:58	19.93	--	26	51818	买盘
09:31:52	19.93	-0.02	42	83706	卖盘
09:31:48	19.95	--	4	7980	买盘
09:31:43	19.95	--	0	0	买盘
09:31:37	19.95	--	10	19950	买盘
09:31:18	19.95	-0.05	286	570570	卖盘
09:31:12	20.0	--	20	40000	买盘
09:30:57	20.0	-0.01	28	56000	卖盘
09:30:52	20.01	--	1	2001	买盘
09:30:42	20.01	--	36	72036	买盘
09:30:37	20.01	--	41	82041	买盘
09:30:27	20.01	-0.01	29	58029	卖盘
09:30:16	20.02	--	10	20020	买盘
09:30:07	20.02	-0.01	102	204204	卖盘
09:28:57	20.03	--	0	0	买盘
09:25:05	20.03	20.03	196	392588	买盘
