成交时间	成交价	价格变动	成交量(手)	成交额(元)	性质
15:00:00	17.15	-0.01	0	0	卖盘
15:00:00	17.16	--	0	0	卖盘
14:59:52	17.16	0.01	231	398026	买盘
14:59:48	17.15	-0.01	26	44589	买盘
14:59:43	17.16	--	0	0	买盘
14:59:37	17.16	0.01	42	72072	买盘
14:59:28	17.15	--	58	99469	买盘
14:59:22	17.15	0.01	67	114904	买盘
14:59:18	17.14	--	0	0	买盘
14:59:13	17.14	0.01	166	284524	买盘
14:59:07	17.13	--	20	34260	卖盘
14:59:03	17.13	--	21	35973	卖盘
14:58:58	17.13	--	19	32546	卖盘
14:58:52	17.13	--	3	5139	卖盘
14:58:48	17.13	-0.01	101	173013	卖盘
14:58:43	17.14	0.02	54	92556	买盘
14:58:37	17.12	-0.01	16	27392	卖盘
14:58:33	17.13	--	11	18843	卖盘
14:58:28	17.13	--	28	47964	买盘
14:58:22	17.13	--	31	53103	买盘
14:58:13	17.13	0.01	27	46251	买盘
14:58:07	17.12	--	56	95872	卖盘
14:57:58	17.12	-0.01	20	34240	卖盘
14:57:48	17.13	0.01	5	8565	买盘
14:57:43	17.12	--	10	17120	卖盘
14:57:33	17.12	-0.01	2	3424	卖盘
14:57:28	17.13	0.02	3	5139	买盘
14:57:22	17.11	--	0	0	卖盘
14:57:18	17.11	-0.01	62	106082	卖盘
14:57:13	17.12	--	10	17120	卖盘
14:57:07	17.12	--	12	20544	买盘
14:57:02	17.12	0.01	10	17120	买盘
14:56:58	17.11	--	8	13688	卖盘
14:56:52	17.11	--	4	6844	卖盘
14:56:48	17.11	-0.02	11	18821	卖盘
14:56:43	17.13	--	0	0	买盘
14:56:37	17.13	0.02	49	83937	买盘
14:56:33	17.11	-0.02	26	44486	卖盘
14:56:28	17.13	--	9	15417	买盘
14:56:18	17.13	0.01	7	11991	买盘
14:56:13	17.12	0.01	1	1712	中性盘
14:56:07	17.11	-0.02	15	25665	卖盘
14:56:03	17.13	0.03	10	17130	买盘
14:55:52	17.1	--	94	160740	卖盘
14:55:48	17.1	-0.04	14	23940	卖盘
14:55:37	17.14	0.04	71	121694	买盘
14:55:27	17.1	-0.04	300	513000	卖盘
14:55:22	17.14	--	35	59990	买盘
14:55:18	17.14	-0.01	37	63418	卖盘
14:55:12	17.15	0.01	1	1714	买盘
14:55:07	17.14	--	35	59990	卖盘
14:55:03	17.14	-0.02	47	80558	卖盘
14:54:57	17.16	--	10	17160	买盘
14:54:52	17.16	--	23	39468	买盘
14:54:48	17.16	0.01	7	12012	买盘
14:54:37	17.15	-0.02	10	17150	卖盘
14:54:31	17.17	--	35	60095	买盘
14:54:27	17.17	0.01	123	211191	买盘
14:54:22	17.16	--	10	17160	买盘
14:54:16	17.16	--	136	233376	买盘
14:54:12	17.16	--	7	12012	卖盘
14:54:07	17.16	--	1	1716	卖盘
14:54:01	17.16	0.01	51	87516	卖盘
14:53:46	17.15	-0.01	79	135485	卖盘
14:53:42	17.16	0.01	9	15444	买盘
14:53:31	17.15	--	7	12004	卖盘
14:53:22	17.15	--	67	114904	买盘
14:53:16	17.15	0.01	15	25724	买盘
14:53:12	17.14	-0.01	5	8570	卖盘
14:53:07	17.15	--	0	0	买盘
14:53:01	17.15	0.02	19	32584	买盘
14:52:52	17.13	--	3	5139	买盘
14:52:46	17.13	--	5	8565	买盘
14:52:37	17.13	0.02	1	1713	买盘
14:52:31	17.11	--	2	3422	卖盘
14:52:22	17.11	0.01	5	8555	买盘
14:52:16	17.1	--	0	0	卖盘
14:52:07	17.1	--	20	34200	卖盘
14:52:01	17.1	--	38	66604	买盘
14:51:52	17.1	0.01	5	8550	买盘
14:51:46	17.09	--	57	97413	卖盘
14:51:37	17.09	-0.01	6	10254	卖盘
14:51:31	17.1	--	17	29070	买盘
14:51:27	17.1	0.01	16	27360	买盘
14:51:22	17.09	-0.01	19	32471	卖盘
14:51:16	17.1	0.01	17	29070	买盘
14:51:01	17.09	--	5	8818	买盘
14:50:46	17.09	0.01	20	34180	买盘
14:50:37	17.08	-0.01	1	1707	卖盘
14:50:31	17.09	--	25	44160	卖盘
14:50:27	17.09	--	3	5127	卖盘
14:50:22	17.09	--	6	10254	卖盘
14:50:16	17.09	0.01	7	12236	买盘
14:50:01	17.08	-0.01	28	47823	卖盘
14:49:56	17.09	--	15	25635	买盘
14:49:46	17.09	0.01	3	5127	买盘
14:49:31	17.08	--	1	1707	卖盘
14:49:22	17.08	-0.01	5	8540	卖盘
14:49:16	17.09	0.01	112	191408	买盘
14:49:11	17.08	-0.01	3	5123	卖盘
14:49:07	17.09	--	1	1709	买盘
14:49:01	17.09	0.01	70	119630	买盘
14:48:56	17.08	--	1	1707	卖盘
14:48:52	17.08	-0.01	84	143472	卖盘
14:48:42	17.09	0.01	2	3418	买盘
14:48:36	17.08	-0.01	60	102479	卖盘
14:48:26	17.09	0.01	187	319583	买盘
14:48:16	17.08	--	15	25619	卖盘
14:48:11	17.08	--	15	25619	卖盘
14:48:06	17.08	--	10	17080	卖盘
14:48:01	17.08	-0.01	5	8540	卖盘
14:47:56	17.09	--	20	34180	买盘
14:47:41	17.09	--	52	88868	买盘
14:47:36	17.09	--	50	85450	买盘
14:47:25	17.09	0.01	19	32471	买盘
14:47:16	17.08	-0.01	56	95647	卖盘
14:47:10	17.09	0.01	58	99122	买盘
14:47:01	17.08	--	38	64903	卖盘
14:46:46	17.08	0.03	18	30743	买盘
14:46:40	17.05	-0.03	100	170500	卖盘
14:46:25	17.08	0.03	1	1707	买盘
14:46:16	17.05	-0.01	330	562650	卖盘
14:46:10	17.06	0.01	2	3411	中性盘
14:46:06	17.05	-0.04	5	8525	卖盘
14:45:55	17.09	--	12	20508	买盘
14:45:51	17.09	--	75	129610	卖盘
14:45:46	17.09	--	7	11963	卖盘
14:45:40	17.09	--	21	35889	卖盘
14:45:31	17.09	0.06	84	143829	买盘
14:45:25	17.03	--	1	3133	卖盘
14:45:21	17.03	-0.03	21	35763	卖盘
14:45:16	17.06	--	20	34120	卖盘
14:45:10	17.06	0.04	488	832800	买盘
14:45:06	17.02	-0.01	2	3404	卖盘
14:45:01	17.03	--	5	8515	买盘
14:44:55	17.03	0.02	5	8515	买盘
14:44:51	17.01	-0.02	306	520506	卖盘
14:44:46	17.03	--	221	376363	卖盘
14:44:40	17.03	--	1	1703	卖盘
14:44:35	17.03	--	10	17030	卖盘
14:44:31	17.03	--	1105	1881815	买盘
14:44:25	17.03	--	90	153270	卖盘
14:44:21	17.03	-0.01	6	10218	卖盘
14:44:10	17.04	--	1	1704	卖盘
14:44:01	17.04	--	2	3408	卖盘
14:43:55	17.04	0.01	7	11928	买盘
14:43:50	17.03	--	0	0	中性盘
14:43:46	17.03	0.01	10	17030	买盘
14:43:31	17.02	--	90	153180	卖盘
14:43:25	17.02	-0.01	100	170200	卖盘
14:43:20	17.03	--	3	5109	买盘
14:43:16	17.03	0.01	49	83447	买盘
14:43:05	17.02	-0.01	54	91908	卖盘
14:43:01	17.03	--	398	678679	卖盘
14:42:55	17.03	--	30	51090	卖盘
14:42:50	17.03	--	2	3406	卖盘
14:42:46	17.03	--	15	25545	卖盘
14:42:40	17.03	--	8	13624	卖盘
14:42:35	17.03	--	25	42575	卖盘
14:42:31	17.03	--	167	284656	卖盘
14:42:25	17.03	-0.01	1	1703	卖盘
14:42:20	17.04	--	4	6816	卖盘
14:42:16	17.04	-0.02	17	28968	卖盘
14:42:10	17.06	--	104	178532	卖盘
14:42:05	17.06	--	37	64742	卖盘
14:42:01	17.06	0.02	13	22178	卖盘
14:41:55	17.04	--	94	160176	卖盘
14:41:50	17.04	-0.01	7	11928	卖盘
14:41:46	17.05	-0.01	30	51150	买盘
14:41:40	17.06	--	0	0	中性盘
14:41:35	17.06	--	3	5118	卖盘
14:41:30	17.06	--	5	8530	卖盘
14:41:25	17.06	0.02	11	18766	中性盘
14:41:20	17.04	-0.01	1	1704	卖盘
14:41:15	17.05	0.01	9	15345	卖盘
14:41:10	17.04	-0.06	6	10224	卖盘
14:41:05	17.1	0.02	49	85414	买盘
14:41:00	17.08	--	46	78653	卖盘
14:40:55	17.08	-0.02	17	29035	卖盘
14:40:50	17.1	0.02	1	1710	买盘
14:40:45	17.08	--	1	1707	卖盘
14:40:40	17.08	0.02	9	15371	卖盘
14:40:35	17.06	--	6	11856	买盘
14:40:25	17.06	--	4	6823	买盘
14:40:10	17.06	--	11	18851	卖盘
14:40:04	17.06	--	64	110804	卖盘
14:39:55	17.06	-0.02	5	8530	卖盘
14:39:49	17.08	--	1	1707	买盘
14:39:40	17.08	0.04	1	1707	中性盘
14:39:34	17.04	-0.03	620	1056480	卖盘
14:39:25	17.07	--	10	17070	卖盘
14:39:19	17.07	-0.03	5	8535	卖盘
14:39:10	17.1	0.03	3	5130	中性盘
14:39:04	17.07	-0.04	24	42589	卖盘
14:39:00	17.11	0.01	47	80417	买盘
14:38:55	17.1	--	1	1710	卖盘
14:38:40	17.1	--	20	34200	买盘
14:38:30	17.1	--	0	0	买盘
14:38:10	17.1	0.05	3	5130	买盘
14:38:04	17.05	-0.03	23	40834	卖盘
14:38:00	17.08	-0.03	3	5123	买盘
14:37:55	17.11	--	0	0	买盘
14:37:49	17.11	0.06	10	17110	买盘
14:37:45	17.05	-0.02	49	83545	卖盘
14:37:40	17.07	--	5	8535	卖盘
14:37:34	17.07	--	9	15363	卖盘
14:37:29	17.07	--	0	0	卖盘
14:37:25	17.07	0.02	1	1707	卖盘
14:37:19	17.05	-0.01	49	83545	卖盘
14:37:14	17.06	--	12	20472	卖盘
14:37:04	17.06	-0.02	23	40858	卖盘
14:36:59	17.08	0.01	1	1707	中性盘
14:36:49	17.07	0.01	2	3414	买盘
14:36:44	17.06	-0.05	50	85300	卖盘
14:36:40	17.11	0.05	2	3422	买盘
14:36:34	17.06	--	20	34120	卖盘
14:36:29	17.06	--	0	0	卖盘
14:36:25	17.06	--	62	105771	卖盘
14:36:19	17.06	--	43	73358	卖盘
14:36:10	17.06	--	0	0	卖盘
14:36:04	17.06	-0.01	25	44270	卖盘
14:35:55	17.07	--	4	6828	卖盘
14:35:44	17.07	0.01	1	1707	卖盘
14:35:40	17.06	--	6	10236	卖盘
14:35:34	17.06	-0.02	3	5118	卖盘
14:35:29	17.08	-0.03	1	1707	中性盘
14:35:25	17.11	0.05	8	13688	买盘
14:35:19	17.06	--	14	23884	卖盘
14:35:14	17.06	--	0	0	卖盘
14:35:10	17.06	--	0	0	卖盘
14:35:04	17.06	-0.02	37	64742	卖盘
14:34:59	17.08	--	9	15371	卖盘
14:34:55	17.08	0.01	1	1707	卖盘
14:34:49	17.07	--	0	0	卖盘
14:34:44	17.07	-0.01	15	25605	卖盘
14:34:40	17.08	0.01	2	3415	卖盘
14:34:24	17.07	--	45	76815	卖盘
14:34:19	17.07	--	8	13656	卖盘
14:34:04	17.07	-0.01	25	44296	卖盘
14:33:59	17.08	--	0	0	卖盘
14:33:49	17.08	--	4	6831	卖盘
14:33:34	17.08	0.01	2	3415	卖盘
14:33:29	17.07	--	0	0	卖盘
14:33:19	17.07	0.01	5	8535	卖盘
14:33:14	17.06	--	0	0	卖盘
14:33:04	17.06	-0.04	39	68154	卖盘
14:32:58	17.1	0.02	404	692293	买盘
14:32:49	17.08	--	15	25619	卖盘
14:32:28	17.08	--	1	1707	卖盘
14:32:19	17.08	-0.01	5	8540	卖盘
14:32:13	17.09	--	0	0	买盘
14:32:04	17.09	0.01	28	49475	买盘
14:31:58	17.08	0.01	2	3415	买盘
14:31:49	17.07	-0.01	7	11949	卖盘
14:31:43	17.08	-0.01	0	256	卖盘
14:31:28	17.09	--	5	8545	买盘
14:31:13	17.09	--	4	6836	买盘
14:31:09	17.09	0.01	2	3418	买盘
14:31:04	17.08	-0.01	23	40906	卖盘
14:30:58	17.09	0.01	3	5127	买盘
14:30:49	17.08	-0.01	120	204959	卖盘
14:30:43	17.09	-0.01	133	227297	卖盘
14:30:39	17.1	--	3	5130	买盘
14:30:34	17.1	--	10	17100	买盘
14:30:28	17.1	0.01	13	22230	买盘
14:30:13	17.09	--	28	47852	卖盘
14:30:08	17.09	0.01	182	311038	买盘
14:30:04	17.08	-0.01	23	40906	卖盘
14:29:58	17.09	--	5	8545	买盘
14:29:49	17.09	0.01	2	3418	买盘
14:29:38	17.08	-0.01	1	1707	卖盘
14:29:34	17.09	--	1	1709	买盘
14:29:28	17.09	--	5	8545	买盘
14:29:19	17.09	--	42	71778	卖盘
14:29:13	17.09	0.01	1	1709	买盘
14:29:08	17.08	--	26	44407	卖盘
14:29:04	17.08	--	23	40906	卖盘
14:28:58	17.08	--	0	0	卖盘
14:28:43	17.08	0.03	39	66612	买盘
14:28:38	17.05	--	7	11935	卖盘
14:28:34	17.05	-0.01	38	64790	卖盘
14:28:28	17.06	--	34	58003	卖盘
14:28:13	17.06	0.01	2	3411	中性盘
14:28:08	17.05	-0.01	62	107329	卖盘
14:28:04	17.06	-0.04	8	13647	卖盘
14:27:58	17.1	0.05	10	17100	买盘
14:27:49	17.05	0.01	3	5115	卖盘
14:27:38	17.04	--	46	78384	卖盘
14:27:33	17.04	-0.01	16	27264	卖盘
14:27:28	17.05	--	12	20460	买盘
14:27:13	17.05	--	15	25575	买盘
14:27:08	17.05	--	114	194370	卖盘
14:26:58	17.05	-0.01	73	124465	卖盘
14:26:53	17.06	0.03	5	8530	买盘
14:26:48	17.03	--	0	0	卖盘
14:26:43	17.03	--	0	0	卖盘
14:26:38	17.03	-0.04	61	103883	卖盘
14:26:33	17.07	0.02	1	1707	买盘
14:26:28	17.05	-0.02	301	513205	卖盘
14:26:07	17.07	0.03	39	68194	买盘
14:26:03	17.04	-0.01	56	95424	卖盘
14:25:58	17.05	--	27	46035	卖盘
14:25:52	17.05	--	1	1705	卖盘
14:25:33	17.05	-0.02	7	11935	卖盘
14:25:28	17.07	0.01	7	11949	买盘
14:25:22	17.06	--	9	15353	卖盘
14:25:13	17.06	0.02	25	42650	卖盘
14:25:07	17.04	-0.03	126	216322	卖盘
14:24:58	17.07	0.01	2	3414	买盘
14:24:52	17.06	--	114	194483	卖盘
14:24:48	17.06	--	10	17060	卖盘
14:24:43	17.06	0.01	32	54591	买盘
14:24:37	17.05	--	2	3410	买盘
14:24:28	17.05	0.01	75	127875	买盘
14:24:22	17.04	--	45	76680	卖盘
14:24:18	17.04	--	6	10224	卖盘
14:24:13	17.04	--	1	1704	卖盘
14:24:07	17.04	--	23	40810	卖盘
14:24:03	17.04	-0.01	3	5112	卖盘
14:23:58	17.05	0.01	15	25575	买盘
14:23:52	17.04	-0.01	72	122688	卖盘
14:23:43	17.05	0.01	7	11935	买盘
14:23:37	17.04	--	60	102240	卖盘
14:23:28	17.04	-0.01	7	11928	卖盘
14:23:22	17.05	0.01	2	3410	买盘
14:23:17	17.04	--	77	131208	卖盘
14:23:13	17.04	--	0	0	卖盘
14:23:07	17.04	-0.01	23	40810	卖盘
14:23:02	17.05	-0.02	8	13640	卖盘
14:22:58	17.07	0.02	57	97299	买盘
14:22:52	17.05	-0.02	10	17050	卖盘
14:22:47	17.07	0.02	63	107541	买盘
14:22:32	17.05	-0.02	1	1705	卖盘
14:22:28	17.07	0.03	12	20484	买盘
14:22:22	17.04	--	48	81792	卖盘
14:22:17	17.04	--	12	20448	卖盘
14:22:13	17.04	--	36	61344	卖盘
14:22:07	17.04	-0.01	426	727522	卖盘
14:21:58	17.05	--	0	0	卖盘
14:21:52	17.05	-0.01	150	255750	卖盘
14:21:43	17.06	-0.03	61	104065	卖盘
14:21:37	17.09	0.02	6	10254	买盘
14:21:28	17.07	--	0	0	卖盘
14:21:13	17.07	-0.02	51	87057	买盘
14:21:07	17.09	0.03	31	54602	买盘
14:21:02	17.06	-0.01	47	80182	卖盘
14:20:58	17.07	0.01	4	6828	买盘
14:20:52	17.06	-0.03	7	11942	卖盘
14:20:47	17.09	0.02	8	13672	买盘
14:20:43	17.07	--	17	29019	卖盘
14:20:37	17.07	--	11	18777	卖盘
14:20:32	17.07	--	30	51210	卖盘
14:20:27	17.07	0.01	57	97299	买盘
14:20:17	17.06	0.01	9	15353	中性盘
14:20:12	17.05	--	0	0	卖盘
14:20:07	17.05	-0.01	23	40834	卖盘
14:20:02	17.06	--	0	0	卖盘
14:19:52	17.06	--	3	5118	卖盘
14:19:47	17.06	0.01	53	90418	买盘
14:19:37	17.05	-0.01	54	92070	卖盘
14:19:32	17.06	0.01	2	3411	买盘
14:19:17	17.05	--	1	1705	卖盘
14:19:12	17.05	-0.04	52	88660	卖盘
14:19:07	17.09	-0.01	78	134925	卖盘
14:19:02	17.1	0.01	3	5130	买盘
14:18:52	17.09	--	7	11963	卖盘
14:18:46	17.09	--	89	152101	买盘
14:18:37	17.09	0.05	27	46143	买盘
14:18:31	17.04	-0.01	47	80088	卖盘
14:18:22	17.05	-0.05	15	25575	卖盘
14:18:12	17.1	--	0	0	买盘
14:18:07	17.1	--	33	58054	买盘
14:18:01	17.1	0.05	10	17100	买盘
14:17:57	17.05	-0.01	53	90365	卖盘
14:17:52	17.06	--	5	8530	卖盘
14:17:46	17.06	--	7	11942	卖盘
14:17:37	17.06	-0.04	1	1705	卖盘
14:17:31	17.1	--	18	30780	卖盘
14:17:22	17.1	--	8	13680	卖盘
14:17:16	17.1	0.04	327	559170	买盘
14:17:07	17.06	0.01	70	121040	买盘
14:17:01	17.05	--	12	20460	卖盘
14:16:46	17.05	--	5	8525	卖盘
14:16:37	17.05	--	58	98890	卖盘
14:16:31	17.05	--	63	107415	卖盘
14:16:16	17.05	--	6	10230	卖盘
14:16:11	17.05	--	52	88660	卖盘
14:16:07	17.05	-0.01	139	238614	卖盘
14:16:01	17.06	0.01	4	6823	卖盘
14:15:56	17.05	--	63	107415	卖盘
14:15:52	17.05	--	116	197780	卖盘
14:15:46	17.05	--	0	0	卖盘
14:15:31	17.05	--	24	40920	卖盘
14:15:26	17.05	--	0	0	卖盘
14:15:16	17.05	--	0	0	卖盘
14:15:11	17.05	--	61	104005	卖盘
14:15:07	17.05	-0.01	23	40834	卖盘
14:15:01	17.06	--	10	18731	买盘
14:14:46	17.06	0.01	50	85300	买盘
14:14:41	17.05	--	5	8525	买盘
14:14:31	17.05	0.01	3	5115	中性盘
14:14:26	17.04	-0.02	58	98832	卖盘
14:14:22	17.06	0.01	6	10236	买盘
14:14:16	17.05	--	3	5115	卖盘
14:14:06	17.05	-0.01	47	81788	卖盘
14:14:01	17.06	--	0	0	卖盘
14:13:56	17.06	0.01	22	37532	卖盘
14:13:46	17.05	--	20	35770	买盘
14:13:41	17.05	--	57	97185	买盘
14:13:31	17.05	--	52	88660	买盘
14:13:26	17.05	-0.01	36	61465	卖盘
14:13:16	17.06	--	3	5118	买盘
14:13:11	17.06	0.01	3	5118	买盘
14:13:06	17.05	-0.01	78	134609	卖盘
14:13:01	17.06	--	2	3411	买盘
14:12:56	17.06	--	3	6772	卖盘
14:12:46	17.06	--	21	35826	卖盘
14:12:41	17.06	--	1	1705	卖盘
14:12:31	17.06	--	305	520329	卖盘
14:12:26	17.06	-0.04	52	88712	卖盘
14:12:16	17.1	0.03	1	1710	买盘
14:12:06	17.07	-0.02	23	40882	卖盘
14:12:01	17.09	0.02	3	5127	买盘
14:11:56	17.07	0.01	20	34140	卖盘
14:11:51	17.06	--	0	0	卖盘
14:11:46	17.06	-0.04	47	80182	卖盘
14:11:36	17.1	--	13	22230	卖盘
14:11:31	17.1	--	0	0	卖盘
14:11:25	17.1	0.01	104	177840	买盘
14:11:21	17.09	0.02	2	3418	买盘
14:11:10	17.07	--	47	80229	卖盘
14:11:06	17.07	-0.01	25	44296	卖盘
14:11:01	17.08	--	3	5123	中性盘
14:10:51	17.08	-0.01	4	6831	卖盘
14:10:46	17.09	--	41	70069	买盘
14:10:40	17.09	0.02	3	5127	买盘
14:10:36	17.07	-0.02	47	80229	卖盘
14:10:31	17.09	--	0	0	买盘
14:10:25	17.09	--	21	35889	买盘
14:10:21	17.09	0.01	7	11963	买盘
14:10:06	17.08	-0.01	23	40906	卖盘
14:10:01	17.09	--	59	100831	卖盘
14:09:55	17.09	-0.01	13	22217	卖盘
14:09:51	17.1	0.01	38	64980	买盘
14:09:40	17.09	--	28	48518	卖盘
14:09:21	17.09	--	141	240969	卖盘
14:09:16	17.09	--	48	82032	卖盘
14:09:05	17.09	-0.01	23	40930	卖盘
14:08:55	17.1	-0.01	7	11970	卖盘
14:08:50	17.11	0.01	2	3422	买盘
14:08:46	17.1	--	86	147060	卖盘
14:08:40	17.1	-0.01	60	102600	卖盘
14:08:31	17.11	--	16	27376	买盘
14:08:20	17.11	--	2	3422	买盘
14:08:16	17.11	--	84	143724	买盘
14:08:10	17.11	0.01	20	34220	买盘
14:08:05	17.1	--	23	40954	卖盘
14:08:01	17.1	-0.01	3	5130	卖盘
14:07:55	17.11	--	56	95816	买盘
14:07:50	17.11	--	2	3422	买盘
14:07:46	17.11	0.01	242	414062	买盘
14:07:40	17.1	-0.01	1	1710	卖盘
14:07:20	17.11	0.01	2	3422	买盘
14:07:15	17.1	--	545	931950	卖盘
14:07:10	17.1	--	0	0	卖盘
14:07:05	17.1	-0.02	23	40954	卖盘
14:06:50	17.12	0.01	2	3424	买盘
14:06:45	17.11	-0.01	6	10266	卖盘
14:06:40	17.12	0.01	4	6848	买盘
14:06:30	17.11	-0.01	51	87261	卖盘
14:06:25	17.12	--	15	25680	买盘
14:06:20	17.12	0.01	24	41088	买盘
14:06:10	17.11	--	0	0	卖盘
14:06:05	17.11	-0.01	24	42689	卖盘
14:05:55	17.12	0.01	1	1712	卖盘
14:05:50	17.11	-0.01	47	80417	卖盘
14:05:45	17.12	0.01	17	29104	买盘
14:05:40	17.11	--	53	90683	卖盘
14:05:30	17.11	--	17	29087	卖盘
14:05:20	17.11	--	14	23954	卖盘
14:05:15	17.11	--	61	104371	卖盘
14:05:10	17.11	--	160	273760	卖盘
14:05:05	17.11	-0.01	23	40978	卖盘
14:04:50	17.12	--	19	32528	买盘
14:04:45	17.12	0.01	2	3424	买盘
14:04:34	17.11	--	0	0	卖盘
14:04:30	17.11	-0.01	59	100949	卖盘
14:04:25	17.12	-0.01	1	1712	卖盘
14:04:19	17.13	0.01	2	3426	买盘
14:04:04	17.12	--	33	58122	卖盘
14:03:49	17.12	--	9	15408	买盘
14:03:45	17.12	--	71	121552	买盘
14:03:40	17.12	--	1	1712	卖盘
14:03:34	17.12	-0.03	1	1712	卖盘
14:03:19	17.15	--	0	0	买盘
14:03:10	17.15	0.04	4	6859	买盘
14:03:04	17.11	-0.04	23	40978	卖盘
14:03:00	17.15	0.03	6	10290	买盘
14:02:55	17.12	--	53	90736	卖盘
14:02:49	17.12	--	0	0	卖盘
14:02:45	17.12	--	1	1712	卖盘
14:02:34	17.12	-0.03	4	6848	卖盘
14:02:19	17.15	0.04	13	22294	买盘
14:02:10	17.11	--	53	90683	卖盘
14:02:04	17.11	-0.02	23	40978	卖盘
14:01:59	17.13	0.01	1	1713	卖盘
14:01:55	17.12	--	0	0	卖盘
14:01:49	17.12	--	30	51360	卖盘
14:01:34	17.12	--	61	104432	卖盘
14:01:25	17.12	--	12	20544	卖盘
14:01:19	17.12	--	0	0	卖盘
14:01:09	17.12	0.01	6	10272	买盘
14:01:04	17.11	-0.06	24	42689	卖盘
14:00:55	17.17	--	0	0	买盘
14:00:49	17.17	--	67	115039	买盘
14:00:40	17.17	0.06	4	6868	卖盘
14:00:24	17.11	--	245	419195	卖盘
14:00:19	17.11	--	0	0	卖盘
14:00:04	17.11	-0.01	23	40978	卖盘
13:59:59	17.12	-0.01	55	94160	卖盘
13:59:55	17.13	--	28	49591	买盘
13:59:49	17.13	--	2	3426	买盘
13:59:39	17.13	0.01	10	17130	买盘
13:59:29	17.12	-0.01	1	1712	卖盘
13:59:24	17.13	--	6	10278	买盘
13:59:19	17.13	--	51	87363	买盘
13:59:14	17.13	--	39	66892	卖盘
13:59:09	17.13	--	6	10278	卖盘
13:59:04	17.13	--	165	284272	卖盘
13:58:49	17.13	-0.04	51	87363	卖盘
13:58:44	17.17	--	61	104737	买盘
13:58:34	17.17	-0.01	7	12019	卖盘
13:58:19	17.18	0.01	8	13744	买盘
13:58:04	17.17	0.05	27	47990	买盘
13:57:59	17.12	-0.05	60	102720	卖盘
13:57:49	17.17	--	32	54944	卖盘
13:57:34	17.17	0.05	7	12019	卖盘
13:57:24	17.12	--	0	0	卖盘
13:57:19	17.12	-0.02	13	22256	卖盘
13:57:13	17.14	-0.03	79	135406	卖盘
13:57:09	17.17	0.03	3	5151	买盘
13:57:04	17.14	--	23	41050	卖盘
13:56:58	17.14	-0.03	1	1714	卖盘
13:56:49	17.17	0.03	2	3434	中性盘
13:56:39	17.14	-0.03	52	89128	卖盘
13:56:34	17.17	--	1	1717	卖盘
13:56:28	17.17	--	3	5151	买盘
13:56:19	17.17	--	6	10302	卖盘
13:56:13	17.17	0.02	15	25755	卖盘
13:56:09	17.15	--	1	1714	卖盘
13:56:04	17.15	--	30	53079	卖盘
13:55:58	17.15	-0.04	62	106329	卖盘
13:55:48	17.19	--	12	20628	买盘
13:55:39	17.19	--	2	3438	买盘
13:55:18	17.19	0.03	3	5157	中性盘
13:55:13	17.16	-0.04	59	101244	卖盘
13:55:08	17.2	0.01	4	6880	买盘
13:55:04	17.19	--	24	42889	卖盘
13:54:48	17.19	--	3	5157	卖盘
13:54:43	17.19	0.04	12	20628	买盘
13:54:28	17.15	-0.05	51	87465	卖盘
13:54:18	17.2	--	2	3440	买盘
13:54:13	17.2	0.01	146	251120	买盘
13:54:04	17.19	-0.01	24	42889	卖盘
13:53:58	17.2	0.01	5	8600	买盘
13:53:48	17.19	--	64	110016	卖盘
13:53:43	17.19	0.01	44	75636	买盘
13:53:23	17.18	0.01	2	3436	卖盘
13:53:18	17.17	--	0	0	卖盘
13:53:13	17.17	--	153	262701	买盘
13:53:08	17.17	0.05	1	1717	买盘
13:53:04	17.12	-0.05	83	143722	卖盘
13:52:53	17.17	-0.02	11	18887	卖盘
13:52:43	17.19	--	251	431469	卖盘
13:52:38	17.19	--	153	263007	卖盘
13:52:23	17.19	--	48	82512	卖盘
13:52:13	17.19	0.06	30	51570	买盘
13:52:08	17.13	-0.06	23	41026	卖盘
13:52:03	17.19	--	0	0	买盘
13:51:58	17.19	--	1	1719	买盘
13:51:53	17.19	0.03	2	3438	买盘
13:51:48	17.16	-0.04	51	87516	卖盘
13:51:43	17.2	0.01	256	440320	买盘
13:51:38	17.19	--	69	118611	卖盘
13:51:28	17.19	--	24	41256	卖盘
13:51:23	17.19	--	6	10314	卖盘
13:51:18	17.19	--	4	6876	卖盘
13:51:13	17.19	0.01	165	285182	买盘
13:51:08	17.18	-0.01	161	278230	卖盘
13:50:58	17.19	0.01	1	1719	买盘
13:50:43	17.18	--	17	29206	买盘
13:50:37	17.18	0.02	11	18898	买盘
13:50:33	17.16	--	87	149292	卖盘
13:50:28	17.16	--	48	82368	卖盘
13:50:18	17.16	--	0	0	卖盘
13:50:13	17.16	0.05	2	3432	买盘
13:50:07	17.11	--	23	40978	卖盘
13:50:03	17.11	--	3	5133	卖盘
13:49:58	17.11	--	155	265205	卖盘
13:49:52	17.11	-0.08	62	106082	卖盘
13:49:43	17.19	0.01	250	429750	买盘
13:49:33	17.18	--	1	1718	卖盘
13:49:28	17.18	--	112	192416	卖盘
13:49:13	17.18	0.07	35	60130	买盘
13:49:07	17.11	-0.04	71	123106	卖盘
13:48:58	17.15	-0.04	1	1714	卖盘
13:48:52	17.19	--	0	0	买盘
13:48:42	17.19	--	250	429750	买盘
13:48:37	17.19	--	0	0	买盘
13:48:33	17.19	0.08	10	17190	买盘
13:48:27	17.11	-0.03	78	133458	卖盘
13:48:22	17.14	-0.05	2	3428	买盘
13:48:17	17.19	--	0	0	买盘
13:48:12	17.19	0.06	263	452268	买盘
13:48:07	17.13	-0.05	23	41026	卖盘
13:48:02	17.18	0.05	6	10308	买盘
13:47:57	17.13	--	30	51390	卖盘
13:47:52	17.13	-0.07	50	85650	卖盘
13:47:42	17.2	0.01	281	483320	买盘
13:47:37	17.19	--	15	25785	卖盘
13:47:27	17.19	--	50	85950	卖盘
13:47:17	17.19	--	1	1719	卖盘
13:47:12	17.19	--	164	281916	买盘
13:47:07	17.19	0.01	33	58360	买盘
13:46:52	17.18	-0.01	36	61848	卖盘
13:46:47	17.19	0.01	4	6876	买盘
13:46:42	17.18	--	261	448398	卖盘
13:46:32	17.18	--	48	82464	卖盘
13:46:27	17.18	--	81	139158	卖盘
13:46:22	17.18	--	10	17180	卖盘
13:46:12	17.18	--	91	157712	买盘
13:46:07	17.18	--	123	212946	买盘
13:46:02	17.18	0.05	5	8590	买盘
13:45:57	17.13	-0.05	58	99354	卖盘
13:45:52	17.18	--	5	8933	卖盘
13:45:47	17.18	--	20	34360	卖盘
13:45:37	17.18	0.07	86	149122	买盘
13:45:32	17.11	--	0	0	卖盘
13:45:22	17.11	--	77	131747	卖盘
13:45:12	17.11	-0.07	66	112926	中性盘
13:45:07	17.18	--	123	212946	买盘
13:45:02	17.18	--	0	0	买盘
13:44:52	17.18	0.03	163	280034	买盘
13:44:47	17.15	--	7	12004	卖盘
13:44:37	17.15	0.06	110	188649	买盘
13:44:32	17.09	--	0	0	卖盘
13:44:27	17.09	-0.06	48	82032	卖盘
13:44:22	17.15	0.05	52	89179	买盘
13:44:17	17.1	--	39	66690	卖盘
13:44:07	17.1	--	102	176044	买盘
13:44:02	17.1	--	7	11970	买盘
13:43:52	17.1	-0.07	52	88920	卖盘
13:43:47	17.17	0.02	20	34340	买盘
13:43:42	17.15	--	0	0	卖盘
13:43:37	17.15	0.04	12	20580	买盘
13:43:31	17.11	--	6	10266	卖盘
13:43:22	17.11	--	6	10266	卖盘
13:43:16	17.11	0.02	5	8555	中性盘
13:43:12	17.09	-0.09	53	90577	卖盘
13:43:07	17.18	0.07	123	212946	买盘
13:43:01	17.11	--	3	5133	卖盘
13:42:57	17.11	-0.06	7	11977	卖盘
13:42:46	17.17	--	26	44642	卖盘
13:42:37	17.17	0.07	19	32623	买盘
13:42:31	17.1	--	48	82080	卖盘
13:42:27	17.1	-0.07	49	83790	卖盘
13:42:22	17.17	0.07	20	34340	卖盘
13:42:16	17.1	--	0	0	卖盘
13:42:12	17.1	-0.07	111	189810	卖盘
13:42:07	17.17	0.07	50	85867	买盘
13:42:01	17.1	--	7	11970	卖盘
13:41:57	17.1	-0.03	53	90630	卖盘
13:41:52	17.13	-0.04	4	6852	卖盘
13:41:46	17.17	--	12	20604	买盘
13:41:42	17.17	--	13	23934	卖盘
13:41:37	17.17	0.06	86	147765	买盘
13:41:27	17.11	--	8	13688	卖盘
13:41:21	17.11	--	20	34220	卖盘
13:41:16	17.11	-0.06	48	82128	卖盘
13:41:06	17.17	--	148	255747	买盘
13:41:01	17.17	--	0	0	买盘
13:40:56	17.17	0.06	1	1717	买盘
13:40:51	17.11	--	45	76995	卖盘
13:40:41	17.11	-0.06	53	90683	卖盘
13:40:36	17.17	0.01	104	178568	买盘
13:40:31	17.16	0.04	1	1716	卖盘
13:40:21	17.12	-0.05	11	18832	卖盘
13:40:16	17.17	0.05	5	8585	买盘
13:40:06	17.12	-0.01	149	256611	卖盘
13:40:01	17.13	-0.03	47	80511	卖盘
13:39:56	17.16	-0.01	1	1716	卖盘
13:39:51	17.17	--	33	56661	买盘
13:39:41	17.17	0.01	33	56661	买盘
13:39:36	17.16	0.04	49	84272	买盘
13:39:31	17.12	--	0	0	卖盘
13:39:21	17.12	-0.04	61	105955	卖盘
13:39:16	17.16	--	6	10296	卖盘
13:39:06	17.16	0.04	173	296970	买盘
13:38:56	17.12	-0.04	7	11984	卖盘
13:38:51	17.16	0.04	3	5148	买盘
13:38:46	17.12	-0.04	48	82176	卖盘
13:38:36	17.16	--	62	106392	买盘
13:38:26	17.16	0.03	5	8580	买盘
13:38:21	17.13	--	0	0	卖盘
13:38:16	17.13	--	5	8565	卖盘
13:38:11	17.13	-0.02	165	282645	卖盘
13:38:06	17.15	--	26	46219	卖盘
13:38:01	17.15	-0.03	7	12004	卖盘
13:37:51	17.18	--	0	0	买盘
13:37:46	17.18	--	20	34360	买盘
13:37:41	17.18	--	114	195852	买盘
13:37:31	17.18	--	1	1718	买盘
13:37:26	17.18	--	61	104798	卖盘
13:37:21	17.18	--	52	89336	卖盘
13:37:16	17.18	--	10	17180	卖盘
13:37:11	17.18	0.05	17	29206	买盘
13:37:06	17.13	-0.01	23	41026	卖盘
13:37:01	17.14	--	4	6856	卖盘
13:36:56	17.14	--	0	0	卖盘
13:36:46	17.14	0.01	15	25710	中性盘
13:36:41	17.13	-0.01	119	203847	卖盘
13:36:31	17.14	0.01	10	17140	卖盘
13:36:21	17.13	-0.05	1	1713	卖盘
13:36:16	17.18	0.03	51	87618	买盘
13:36:10	17.15	0.02	15	25724	买盘
13:36:06	17.13	--	23	41026	卖盘
13:36:01	17.13	--	54	92502	卖盘
13:35:55	17.13	-0.01	58	100296	卖盘
13:35:46	17.14	--	36	62475	卖盘
13:35:40	17.14	-0.01	82	140548	卖盘
13:35:36	17.15	0.01	17	29154	买盘
13:35:21	17.14	-0.01	52	89128	卖盘
13:35:16	17.15	--	3	5145	卖盘
13:35:10	17.15	--	54	94067	卖盘
13:35:06	17.15	--	23	41074	卖盘
13:34:55	17.15	-0.01	101	173472	卖盘
13:34:51	17.16	--	11	18876	卖盘
13:34:46	17.16	--	19	32604	卖盘
13:34:40	17.16	-0.01	61	104676	卖盘
13:34:30	17.17	-0.02	10	17170	卖盘
13:34:25	17.19	--	15	27314	卖盘
13:34:20	17.19	--	17	29223	卖盘
13:34:15	17.19	--	33	56916	卖盘
13:34:10	17.19	0.03	34	58446	买盘
13:34:05	17.16	-0.02	82	142342	卖盘
13:34:00	17.18	--	24	41232	卖盘
13:33:55	17.18	--	24	41232	卖盘
13:33:45	17.18	-0.02	10	17180	卖盘
13:33:35	17.2	--	79	135880	买盘
13:33:30	17.2	-0.01	188	323962	卖盘
13:33:20	17.21	-0.02	54	92934	卖盘
13:33:15	17.23	--	8	13784	卖盘
13:33:10	17.23	0.02	15	25845	买盘
13:33:05	17.21	--	23	41217	卖盘
13:33:00	17.21	-0.01	4	6884	卖盘
13:32:55	17.22	0.01	2	3444	卖盘
13:32:45	17.21	--	0	0	卖盘
13:32:40	17.21	-0.02	63	108423	卖盘
13:32:30	17.23	0.02	7	12061	中性盘
13:32:25	17.21	-0.02	46	79166	卖盘
13:32:10	17.23	0.02	10	17230	买盘
13:32:05	17.21	-0.01	23	41217	卖盘
13:32:00	17.22	--	47	80934	卖盘
13:31:55	17.22	-0.01	7	12054	卖盘
13:31:50	17.23	-0.05	1	1723	卖盘
13:31:40	17.28	--	100	172800	买盘
13:31:30	17.28	0.01	64	110592	买盘
13:31:25	17.27	0.04	4	6908	买盘
13:31:20	17.23	--	2	3446	卖盘
13:31:10	17.23	--	106	182638	卖盘
13:31:05	17.23	-0.02	23	41265	卖盘
13:31:00	17.25	-0.03	1	1725	卖盘
13:30:55	17.28	0.02	56	96768	买盘
13:30:50	17.26	--	79	136440	卖盘
13:30:40	17.26	0.01	20	36159	买盘
13:30:30	17.25	-0.01	2	3450	卖盘
13:30:20	17.26	--	16	27702	卖盘
13:30:15	17.26	--	48	82848	卖盘
13:30:10	17.26	--	102	176052	卖盘
13:30:05	17.26	--	23	41337	卖盘
13:30:00	17.26	--	89	153614	卖盘
13:29:55	17.26	--	101	174326	卖盘
13:29:50	17.26	--	180	310680	卖盘
13:29:45	17.26	--	1	1726	卖盘
13:29:40	17.26	--	101	174326	卖盘
13:29:25	17.26	0.04	257	443582	买盘
13:29:20	17.22	-0.01	27	46494	卖盘
13:29:15	17.23	--	81	139563	卖盘
13:29:10	17.23	0.01	8	13784	买盘
13:29:04	17.22	-0.01	23	41241	卖盘
13:28:55	17.23	0.01	13	22399	买盘
13:28:45	17.22	--	39	67158	卖盘
13:28:40	17.22	--	54	94537	买盘
13:28:25	17.22	-0.01	19	32890	卖盘
13:28:19	17.23	0.01	1	1723	买盘
13:28:15	17.22	-0.01	134	230747	卖盘
13:28:10	17.23	0.01	100	172300	买盘
13:28:04	17.22	-0.04	26	46407	卖盘
13:27:49	17.26	--	6	10356	卖盘
13:27:45	17.26	--	80	138080	卖盘
13:27:40	17.26	0.04	14	24164	买盘
13:27:30	17.22	-0.05	58	99876	卖盘
13:27:24	17.27	0.05	12	20724	买盘
13:27:19	17.22	--	60	103320	卖盘
13:27:15	17.22	--	48	82656	卖盘
13:27:04	17.22	--	32	56653	买盘
13:26:59	17.22	-0.01	9	15497	买盘
13:26:54	17.23	-0.04	43	74175	卖盘
13:26:49	17.27	--	41	70807	卖盘
13:26:39	17.27	0.04	57	98439	买盘
13:26:34	17.23	-0.04	6	10338	卖盘
13:26:29	17.27	0.04	7	12089	买盘
13:26:24	17.23	--	70	120610	卖盘
13:26:19	17.23	-0.05	7	12061	卖盘
13:26:14	17.28	--	1	1728	买盘
13:26:09	17.28	0.05	100	172800	买盘
13:26:04	17.23	-0.05	41	72279	卖盘
13:25:59	17.28	--	4	6912	买盘
13:25:54	17.28	--	0	0	买盘
13:25:44	17.28	--	3	5184	买盘
13:25:39	17.28	--	215	371520	卖盘
13:25:34	17.28	--	28	48384	卖盘
13:25:29	17.28	--	50	86400	卖盘
13:25:24	17.28	-0.01	1	1728	卖盘
13:25:19	17.29	0.01	122	210938	买盘
13:25:04	17.28	0.01	97	169257	买盘
13:24:59	17.27	--	7	12089	卖盘
13:24:49	17.27	0.01	12	20724	中性盘
13:24:44	17.26	-0.02	164	283064	卖盘
13:24:29	17.28	--	1	1728	买盘
13:24:19	17.28	0.02	27	46656	买盘
13:24:14	17.26	-0.02	7	12082	卖盘
13:24:09	17.28	0.04	48	84412	买盘
13:24:04	17.24	-0.03	23	41289	卖盘
13:23:59	17.27	--	50	86609	卖盘
13:23:49	17.27	0.01	149	258790	买盘
13:23:44	17.26	--	17	29600	卖盘
13:23:29	17.26	--	125	215750	卖盘
13:23:19	17.26	0.03	17	30809	买盘
13:23:14	17.23	--	24	41352	卖盘
13:23:09	17.23	--	1	1723	卖盘
13:23:04	17.23	-0.03	23	41265	卖盘
13:22:59	17.26	--	77	133160	卖盘
13:22:49	17.26	0.03	28	49795	买盘
13:22:44	17.23	-0.03	51	87873	卖盘
13:22:29	17.26	--	52	90010	卖盘
13:22:19	17.26	--	82	142999	买盘
13:22:13	17.26	--	7	12082	买盘
13:22:09	17.26	--	0	258	卖盘
13:22:04	17.26	--	29	51693	卖盘
13:21:54	17.26	--	7	12082	卖盘
13:21:49	17.26	0.03	167	289795	买盘
13:21:39	17.23	-0.03	99	170577	卖盘
13:21:34	17.26	0.03	39	67314	买盘
13:21:28	17.23	-0.03	11	18953	中性盘
13:21:19	17.26	--	56	96656	买盘
13:21:13	17.26	--	0	0	买盘
13:21:04	17.26	--	124	214110	卖盘
13:20:54	17.26	--	5	8630	卖盘
13:20:49	17.26	--	82	143171	买盘
13:20:39	17.26	0.04	50	86300	买盘
13:20:33	17.22	--	7	12054	卖盘
13:20:28	17.22	-0.04	14	24108	卖盘
13:20:18	17.26	--	218	376354	卖盘
13:20:08	17.26	0.05	11	20625	买盘
13:20:03	17.21	-0.06	23	41217	卖盘
13:19:58	17.27	--	26	44988	卖盘
13:19:53	17.27	0.06	23	41361	买盘
13:19:48	17.21	-0.05	94	161774	卖盘
13:19:33	17.26	--	35	60496	卖盘
13:19:28	17.26	--	5	8630	卖盘
13:19:18	17.26	--	11	20625	买盘
13:19:08	17.26	0.09	50	86300	买盘
13:19:03	17.17	-0.09	24	42839	卖盘
13:18:58	17.26	--	4	6904	买盘
13:18:53	17.26	--	10	17260	买盘
13:18:48	17.26	--	112	193398	卖盘
13:18:43	17.26	--	7	12082	卖盘
13:18:33	17.26	--	35	60410	卖盘
13:18:28	17.26	--	20	34520	卖盘
13:18:18	17.26	0.02	108	188047	买盘
13:18:13	17.24	-0.01	11	19050	卖盘
13:18:08	17.25	0.01	10	17250	中性盘
13:18:03	17.24	-0.01	65	113697	卖盘
13:17:58	17.25	--	2	3450	卖盘
13:17:53	17.25	--	28	48300	卖盘
13:17:48	17.25	--	84	144900	买盘
13:17:43	17.25	--	2	3450	买盘
13:17:33	17.25	0.01	68	117300	买盘
13:17:28	17.24	--	61	105163	卖盘
13:17:23	17.24	--	70	120679	卖盘
13:17:18	17.24	--	67	115507	买盘
13:17:13	17.24	--	10	17240	买盘
13:17:08	17.24	--	24	43013	买盘
13:17:03	17.24	--	2	3447	卖盘
13:16:58	17.24	--	43	74132	卖盘
13:16:48	17.24	0.02	155	267220	买盘
13:16:43	17.22	--	0	0	卖盘
13:16:33	17.22	--	1	1722	卖盘
13:16:28	17.22	--	13	22386	卖盘
13:16:18	17.22	--	30	51660	买盘
13:16:13	17.22	--	0	0	买盘
13:16:08	17.22	-0.01	32	56739	买盘
13:15:58	17.23	--	0	0	买盘
13:15:53	17.23	--	18	31014	卖盘
13:15:48	17.23	0.01	114	196422	买盘
13:15:43	17.22	--	8	13776	卖盘
13:15:38	17.22	--	15	25830	卖盘
13:15:28	17.22	--	13	22386	卖盘
13:15:23	17.22	--	10	17220	卖盘
13:15:18	17.22	--	71	122261	买盘
13:15:13	17.22	--	0	0	买盘
13:15:07	17.22	0.01	26	46407	买盘
13:14:58	17.21	--	2	3442	卖盘
13:14:52	17.21	--	1	1721	卖盘
13:14:48	17.21	0.02	5	8605	买盘
13:14:22	17.19	-0.01	46	79074	卖盘
13:14:18	17.2	--	155	268234	买盘
13:14:12	17.2	0.01	2	3440	买盘
13:14:07	17.19	--	29	51484	卖盘
13:13:52	17.19	--	13	22347	卖盘
13:13:48	17.19	0.04	64	111563	买盘
13:13:33	17.15	--	13	22294	卖盘
13:13:27	17.15	--	0	0	卖盘
13:13:22	17.15	--	21	36015	卖盘
13:13:12	17.15	--	1	1714	卖盘
13:13:07	17.15	-0.01	23	41074	卖盘
13:13:02	17.16	0.01	24	41184	中性盘
13:12:57	17.15	-0.01	10	17150	卖盘
13:12:52	17.16	--	108	185328	卖盘
13:12:42	17.16	--	2	3432	买盘
13:12:32	17.16	--	5	8580	卖盘
13:12:22	17.16	0.01	5	8580	卖盘
13:12:07	17.15	-0.01	86	147490	卖盘
13:12:02	17.16	0.01	23	41098	中性盘
13:11:57	17.15	--	0	0	卖盘
13:11:52	17.15	-0.01	129	221234	卖盘
13:11:47	17.16	--	9	15444	买盘
13:11:42	17.16	--	0	0	中性盘
13:11:37	17.16	--	1	1716	卖盘
13:11:32	17.16	-0.03	25	42900	卖盘
13:11:27	17.19	0.02	6	10314	买盘
13:11:22	17.17	0.01	0	171	卖盘
13:11:07	17.16	--	78	135478	卖盘
13:10:57	17.16	--	7	12012	卖盘
13:10:42	17.16	--	0	0	卖盘
13:10:27	17.16	0.01	8	15358	买盘
13:10:22	17.15	--	10	17150	卖盘
13:10:07	17.15	-0.01	33	58224	卖盘
13:10:02	17.16	0.01	5	8580	买盘
13:09:57	17.15	-0.01	15	25810	卖盘
13:09:52	17.16	-0.03	12	20592	卖盘
13:09:37	17.19	--	5	8595	卖盘
13:09:32	17.19	0.03	2	5071	买盘
13:09:27	17.16	--	6	10296	卖盘
13:09:17	17.16	--	4	6864	买盘
13:09:07	17.16	--	30	53110	买盘
13:09:02	17.16	--	19	32604	中性盘
13:08:47	17.16	0.01	10	17160	中性盘
13:08:37	17.15	-0.01	24	41160	卖盘
13:08:22	17.16	--	5	8580	卖盘
13:08:17	17.16	-0.03	1	1716	卖盘
13:08:12	17.19	0.03	5	8595	买盘
13:08:07	17.16	-0.03	23	41098	卖盘
13:07:57	17.19	0.03	2	3438	买盘
13:07:52	17.16	-0.03	7	12012	卖盘
13:07:37	17.19	--	0	0	买盘
13:07:31	17.19	0.03	20	34380	买盘
13:07:22	17.16	--	22	37837	卖盘
13:07:06	17.16	--	23	41098	卖盘
13:06:37	17.16	--	1	1716	卖盘
13:06:22	17.16	0.01	6	10296	卖盘
13:06:16	17.15	--	0	0	卖盘
13:06:06	17.15	--	23	41074	卖盘
13:05:51	17.15	-0.01	200	343000	卖盘
13:05:16	17.16	--	7	12012	卖盘
13:05:06	17.16	-0.01	23	41098	卖盘
13:05:01	17.17	0.01	1	1717	卖盘
13:04:46	17.16	--	0	0	卖盘
13:04:16	17.16	0.01	2	3432	中性盘
13:04:06	17.15	-0.01	23	41074	卖盘
13:03:51	17.16	--	10	17160	卖盘
13:03:36	17.16	--	5	8580	卖盘
13:03:21	17.16	--	1	1716	卖盘
13:03:06	17.16	-0.03	23	41098	卖盘
13:02:36	17.19	-0.01	30	51570	卖盘
13:02:26	17.2	--	644	1107680	买盘
13:02:06	17.2	0.01	53	92794	买盘
13:01:56	17.19	--	40	68760	卖盘
13:01:41	17.19	--	1	1719	卖盘
13:01:11	17.19	--	1	1719	卖盘
13:01:06	17.19	--	23	41170	卖盘
13:01:01	17.19	--	5	8595	卖盘
13:00:56	17.19	-0.01	3	5157	卖盘
13:00:40	17.2	0.01	7	12040	买盘
13:00:25	17.19	--	173	297387	卖盘
13:00:16	17.19	-0.01	0	68	卖盘
13:00:10	17.2	--	852	1465526	卖盘
13:00:06	17.2	--	368	634594	卖盘
13:00:01	17.2	--	39	67080	卖盘
11:30:00	17.2	--	0	0	卖盘
11:29:59	17.2	--	0	0	卖盘
11:29:59	17.2	--	3	5160	卖盘
11:29:57	17.2	--	7	12040	卖盘
11:29:51	17.2	--	1	1720	卖盘
11:29:47	17.2	--	3	5160	卖盘
11:29:42	17.2	--	7	12040	卖盘
11:29:36	17.2	--	22	37840	卖盘
11:29:32	17.2	--	7	12040	卖盘
11:29:27	17.2	--	39	67080	卖盘
11:29:21	17.2	--	6	10320	卖盘
11:29:17	17.2	--	11	18920	卖盘
11:29:12	17.2	--	24	41280	卖盘
11:29:06	17.2	-0.01	180	309600	卖盘
11:29:01	17.21	0.01	5	8605	买盘
11:28:57	17.2	--	1	1720	卖盘
11:28:51	17.2	--	20	34400	卖盘
11:28:46	17.2	-0.01	59	101480	卖盘
11:28:42	17.21	--	7	12047	买盘
11:28:27	17.21	--	14	24094	买盘
11:28:21	17.21	0.01	100	172100	买盘
11:28:16	17.2	-0.01	17	29240	卖盘
11:28:12	17.21	0.01	63	108423	买盘
11:28:06	17.2	-0.01	11	18920	卖盘
11:27:57	17.21	--	10	17210	卖盘
11:27:46	17.21	--	2	3442	买盘
11:27:42	17.21	--	8	13768	买盘
11:27:36	17.21	--	3	5163	买盘
11:27:27	17.21	--	5	8605	买盘
11:27:12	17.21	0.01	81	139401	买盘
11:27:06	17.2	--	1	1720	买盘
11:26:57	17.2	0.01	106	182320	买盘
11:26:51	17.19	--	3	5157	卖盘
11:26:46	17.19	--	5	8595	卖盘
11:26:42	17.19	0.01	10	17190	买盘
11:26:16	17.18	--	65	111670	买盘
11:26:06	17.18	--	0	0	买盘
11:26:01	17.18	--	1	1718	买盘
11:25:57	17.18	--	6	10308	买盘
11:25:46	17.18	-0.01	28	48104	买盘
11:25:36	17.19	--	14	24066	卖盘
11:25:31	17.19	--	4	6876	卖盘
11:25:26	17.19	0.01	101	173619	买盘
11:25:21	17.18	0.04	157	269966	买盘
11:25:16	17.14	--	3	5142	卖盘
11:25:11	17.14	--	6	10284	卖盘
11:25:06	17.14	--	7	12340	买盘
11:25:01	17.14	--	40	68560	买盘
11:24:31	17.14	0.01	25	42850	买盘
11:24:01	17.13	0.02	133	228274	买盘
11:23:51	17.11	--	7	11977	卖盘
11:23:46	17.11	--	144	246384	卖盘
11:23:41	17.11	-0.01	41	70151	卖盘
11:23:36	17.12	--	2	3424	买盘
11:23:30	17.12	--	3	5136	卖盘
11:23:21	17.12	--	52	89024	卖盘
11:23:15	17.12	-0.01	32	54784	卖盘
11:22:56	17.13	0.01	10	17130	买盘
11:22:51	17.12	-0.01	27	46224	卖盘
11:22:36	17.13	--	110	188430	买盘
11:22:30	17.13	--	30	51390	买盘
11:22:25	17.13	--	8	13704	买盘
11:22:15	17.13	--	12	20556	买盘
11:22:10	17.13	--	28	49248	卖盘
11:21:15	17.13	--	8	13704	卖盘
11:21:06	17.13	--	155	265515	卖盘
11:21:00	17.13	--	28	48392	卖盘
11:20:55	17.13	0.01	4	6852	买盘
11:20:51	17.12	-0.01	21	35952	卖盘
11:20:40	17.13	--	5	8565	卖盘
11:20:36	17.13	--	26	44538	卖盘
11:20:30	17.13	--	15	25695	卖盘
11:20:25	17.13	-0.01	8	13704	卖盘
11:20:21	17.14	--	244	418216	买盘
11:20:15	17.14	--	88	150832	买盘
11:20:10	17.14	-0.03	188	323603	卖盘
11:19:55	17.17	--	44	75548	买盘
11:19:51	17.17	0.02	142	243814	买盘
11:19:45	17.15	-0.02	10	17150	卖盘
11:19:25	17.17	-0.01	42	72114	中性盘
11:19:20	17.18	0.03	100	171800	买盘
11:19:15	17.15	-0.02	51	87465	卖盘
11:19:05	17.17	--	7	12019	卖盘
11:19:00	17.17	0.01	10	17170	买盘
11:18:55	17.16	--	99	169884	卖盘
11:18:50	17.16	--	99	171016	卖盘
11:18:30	17.16	--	1	1716	卖盘
11:18:25	17.16	0.01	19	33564	买盘
11:18:10	17.15	--	53	90894	卖盘
11:18:05	17.15	--	21	36255	卖盘
11:18:00	17.15	-0.01	15	25724	卖盘
11:17:45	17.16	0.02	1	1716	买盘
11:17:35	17.14	--	0	0	卖盘
11:17:30	17.14	-0.02	27	46517	卖盘
11:17:25	17.16	0.02	10	17160	买盘
11:17:15	17.14	-0.02	109	186826	卖盘
11:17:10	17.16	0.02	50	85800	买盘
11:17:00	17.14	-0.01	88	152066	卖盘
11:16:39	17.15	0.01	6	11010	买盘
11:16:30	17.14	-0.01	21	36233	卖盘
11:16:24	17.15	--	20	34300	买盘
11:16:15	17.15	--	60	102899	买盘
11:16:09	17.15	--	19	33579	卖盘
11:16:00	17.15	--	22	37970	卖盘
11:15:54	17.15	-0.01	62	106329	卖盘
11:15:49	17.16	--	10	17160	买盘
11:15:45	17.16	0.01	10	17160	买盘
11:15:39	17.15	-0.01	1	1714	卖盘
11:15:34	17.16	0.01	5	8580	买盘
11:15:30	17.15	-0.01	29	49975	卖盘
11:15:24	17.16	--	52	90707	卖盘
11:15:09	17.16	0.01	45	77460	买盘
11:15:00	17.15	-0.01	21	36255	卖盘
11:14:49	17.16	-0.01	55	95855	卖盘
11:14:45	17.17	--	22	37774	买盘
11:14:39	17.17	0.01	10	17170	买盘
11:14:34	17.16	--	21	36276	卖盘
11:14:30	17.16	--	36	61776	买盘
11:14:24	17.16	0.01	5	8580	买盘
11:14:19	17.15	--	6	10290	卖盘
11:14:00	17.15	-0.01	22	37970	卖盘
11:13:54	17.16	0.01	13	22308	买盘
11:13:34	17.15	--	21	36255	卖盘
11:13:24	17.15	0.01	40	68600	买盘
11:13:04	17.14	-0.01	21	36233	卖盘
11:12:54	17.15	--	15	25724	买盘
11:12:49	17.15	0.01	6	10290	买盘
11:12:39	17.14	--	5	8570	卖盘
11:12:34	17.14	--	21	36233	卖盘
11:12:24	17.14	--	24	41136	卖盘
11:12:19	17.14	--	1	1714	卖盘
11:12:09	17.14	--	5	8570	卖盘
11:12:04	17.14	--	21	36233	卖盘
11:11:54	17.14	0.04	182	311948	买盘
11:11:39	17.1	--	15	25650	卖盘
11:11:34	17.1	-0.01	63	107969	卖盘
11:11:24	17.11	--	3	5133	买盘
11:11:19	17.11	0.01	4	6844	买盘
11:11:14	17.1	--	81	138510	卖盘
11:11:04	17.1	--	21	36149	卖盘
11:10:59	17.1	--	1	1710	卖盘
11:10:44	17.1	--	5	8550	卖盘
11:10:39	17.1	--	4	8481	买盘
11:10:34	17.1	--	61	104549	买盘
11:10:29	17.1	0.01	20	34200	买盘
11:10:09	17.09	--	906	1549105	卖盘
11:10:03	17.09	--	56	95943	卖盘
11:09:54	17.09	--	284	485356	卖盘
11:09:48	17.09	--	30	51270	卖盘
11:09:44	17.09	--	4	6836	卖盘
11:09:39	17.09	--	8	13672	卖盘
11:09:33	17.09	-0.01	28	48091	卖盘
11:09:24	17.1	--	30	51300	买盘
11:09:18	17.1	0.01	6	10260	买盘
11:09:03	17.09	-0.01	72	123287	卖盘
11:08:48	17.1	--	6	10260	买盘
11:08:43	17.1	--	5	8550	买盘
11:08:39	17.1	0.01	2	3420	买盘
11:08:33	17.09	-0.01	21	36128	卖盘
11:08:24	17.1	--	1	1710	买盘
11:08:18	17.1	-0.02	352	602946	卖盘
11:08:03	17.12	--	28	48175	卖盘
11:07:54	17.12	--	51	87312	卖盘
11:07:33	17.12	--	21	36191	卖盘
11:07:24	17.12	--	39	66768	买盘
11:07:13	17.12	0.01	10	17120	买盘
11:07:03	17.11	--	21	36170	卖盘
11:06:48	17.11	-0.01	3	5133	卖盘
11:06:43	17.12	0.01	29	49648	买盘
11:06:33	17.11	--	21	36170	卖盘
11:06:28	17.11	--	38	65018	卖盘
11:06:03	17.11	--	27	46436	卖盘
11:05:48	17.11	--	50	85550	卖盘
11:05:43	17.11	--	1	1711	卖盘
11:05:33	17.11	--	41	70390	卖盘
11:05:28	17.11	--	6	10266	卖盘
11:05:23	17.11	--	4	6844	卖盘
11:05:18	17.11	--	13	22243	卖盘
11:05:03	17.11	--	24	41303	卖盘
11:04:48	17.11	--	50	85550	卖盘
11:04:33	17.11	--	26	44725	卖盘
11:04:28	17.11	0.01	28	47908	买盘
11:04:03	17.1	-0.01	56	95999	卖盘
11:03:48	17.11	0.01	10	17110	买盘
11:03:33	17.1	-0.01	21	36149	卖盘
11:03:28	17.11	--	0	0	买盘
11:03:12	17.11	0.03	6	10266	买盘
11:03:08	17.08	--	0	0	卖盘
11:03:03	17.08	-0.03	21	36107	卖盘
11:02:48	17.11	0.02	50	85550	买盘
11:02:33	17.09	0.01	21	36128	卖盘
11:02:27	17.08	--	1	1707	卖盘
11:02:03	17.08	-0.01	31	53187	卖盘
11:01:57	17.09	--	0	0	卖盘
11:01:48	17.09	0.01	7	11963	买盘
11:01:42	17.08	--	7	11955	卖盘
11:01:33	17.08	-0.01	81	138587	卖盘
11:01:22	17.09	0.01	3	5127	买盘
11:01:12	17.08	-0.02	18	30983	卖盘
11:01:07	17.1	--	3	5130	卖盘
11:01:03	17.1	0.02	26	44699	中性盘
11:00:57	17.08	--	0	0	买盘
11:00:48	17.08	-0.03	17	30504	卖盘
11:00:42	17.11	0.03	2	3422	买盘
11:00:33	17.08	-0.03	21	36107	卖盘
11:00:18	17.11	0.05	20	34220	买盘
11:00:03	17.06	-0.02	21	36064	卖盘
10:59:57	17.08	--	5	8540	买盘
10:59:48	17.08	--	5	8540	买盘
10:59:33	17.08	-0.04	25	42939	买盘
10:59:18	17.12	--	0	0	买盘
10:59:12	17.12	0.05	34	58208	买盘
10:59:07	17.07	-0.03	22	37792	卖盘
10:59:03	17.1	-0.01	22	37620	卖盘
10:58:57	17.11	-0.01	29	49619	卖盘
10:58:48	17.12	--	4	6848	卖盘
10:58:42	17.12	--	5	8560	卖盘
10:58:37	17.12	0.02	36	61871	买盘
10:58:32	17.1	0.02	7	11970	卖盘
10:58:27	17.08	--	0	0	卖盘
10:58:22	17.08	-0.02	64	109311	卖盘
10:58:17	17.1	--	23	39330	卖盘
10:58:12	17.1	--	11	18810	卖盘
10:58:07	17.1	--	5	8550	卖盘
10:58:02	17.1	-0.02	21	36149	卖盘
10:57:52	17.12	0.03	7	11984	买盘
10:57:42	17.09	-0.03	5	8545	卖盘
10:57:37	17.12	0.03	18	30816	买盘
10:57:32	17.09	-0.01	21	36128	卖盘
10:57:27	17.1	--	1	1710	卖盘
10:57:22	17.1	--	10	17100	买盘
10:57:12	17.1	0.01	2	3420	买盘
10:57:07	17.09	--	21	36128	卖盘
10:56:57	17.09	-0.01	10	17090	卖盘
10:56:52	17.1	0.03	15	25650	买盘
10:56:42	17.07	-0.01	21	35847	卖盘
10:56:32	17.08	0.01	321	548507	卖盘
10:56:17	17.07	-0.01	50	85350	卖盘
10:56:06	17.08	--	22	37815	买盘
10:55:57	17.08	0.01	10	17080	买盘
10:55:51	17.07	--	37	63159	卖盘
10:55:42	17.07	0.01	11	18777	卖盘
10:55:36	17.06	-0.01	21	36064	卖盘
10:55:27	17.07	0.01	27	46089	买盘
10:55:21	17.06	--	9	15353	卖盘
10:55:06	17.06	--	21	36064	卖盘
10:54:57	17.06	--	21	35826	卖盘
10:54:51	17.06	0.01	7	11942	买盘
10:54:46	17.05	--	5	8525	卖盘
10:54:42	17.05	-0.01	87	148335	卖盘
10:54:36	17.06	0.01	26	44594	买盘
10:54:31	17.05	--	38	64790	卖盘
10:54:12	17.05	0.01	15	25575	买盘
10:54:06	17.04	-0.02	58	99070	卖盘
10:53:51	17.06	0.02	50	85300	买盘
10:53:46	17.04	--	35	59640	卖盘
10:53:42	17.04	--	0	0	卖盘
10:53:31	17.04	-0.01	83	141670	卖盘
10:53:27	17.05	--	5	8525	买盘
10:53:21	17.05	--	5	8525	买盘
10:53:16	17.05	0.01	4	6820	买盘
10:53:12	17.04	--	41	69864	卖盘
10:53:01	17.04	--	21	36022	卖盘
10:52:57	17.04	--	39	66456	卖盘
10:52:46	17.04	0.02	19	34045	买盘
10:52:36	17.02	--	21	35980	卖盘
10:52:31	17.02	--	2	3404	卖盘
10:52:21	17.02	-0.02	2	3404	卖盘
10:52:16	17.04	0.02	10	17040	买盘
10:52:11	17.02	--	0	0	卖盘
10:52:06	17.02	--	200	340638	卖盘
10:51:56	17.02	--	0	0	卖盘
10:51:51	17.02	-0.01	365	621230	卖盘
10:51:46	17.03	--	11	18733	卖盘
10:51:36	17.03	--	21	36001	卖盘
10:51:31	17.03	-0.01	24	40872	卖盘
10:51:21	17.04	--	86	146578	卖盘
10:51:16	17.04	--	15	25560	卖盘
10:51:11	17.04	--	13	22152	卖盘
10:51:06	17.04	-0.01	28	47950	卖盘
10:51:01	17.05	0.01	5	8525	买盘
10:50:56	17.04	-0.01	1	1704	卖盘
10:50:51	17.05	0.01	7	11935	买盘
10:50:36	17.04	-0.01	21	36022	卖盘
10:50:26	17.05	--	5	8525	买盘
10:50:21	17.05	--	10	17050	买盘
10:50:16	17.05	0.01	11	18755	中性盘
10:50:06	17.04	-0.02	25	42838	卖盘
10:49:51	17.06	0.01	3	5118	买盘
10:49:36	17.05	-0.01	21	36043	卖盘
10:49:26	17.06	--	0	0	买盘
10:49:21	17.06	0.02	10	17060	买盘
10:49:15	17.04	--	1	1704	卖盘
10:49:11	17.04	--	3	5112	卖盘
10:49:06	17.04	-0.01	69	117814	卖盘
10:49:00	17.05	--	15	25575	买盘
10:48:55	17.05	--	22	37510	买盘
10:48:51	17.05	--	2	3410	买盘
10:48:45	17.05	0.01	68	115940	买盘
10:48:36	17.04	--	21	36022	卖盘
10:48:30	17.04	-0.01	5	8520	卖盘
10:48:25	17.05	--	5	8525	买盘
10:48:15	17.05	0.01	1	1705	买盘
10:48:10	17.04	--	23	39192	卖盘
10:48:06	17.04	--	21	36022	卖盘
10:48:00	17.04	--	3	5112	卖盘
10:47:55	17.04	0.01	7	11928	买盘
10:47:51	17.03	--	4	6812	卖盘
10:47:45	17.03	--	30	51090	卖盘
10:47:36	17.03	--	22	37704	卖盘
10:47:30	17.03	0.01	24	40872	买盘
10:47:25	17.02	--	9	15318	卖盘
10:47:15	17.02	0.02	6	10212	中性盘
10:47:06	17.0	-0.02	27	46138	卖盘
10:46:55	17.02	--	3	5106	卖盘
10:46:51	17.02	--	6	10212	买盘
10:46:45	17.02	0.01	11	18722	买盘
10:46:36	17.01	--	21	35959	卖盘
10:46:30	17.01	--	4	6804	卖盘
10:46:21	17.01	--	16	27216	卖盘
10:46:10	17.01	--	21	35959	卖盘
10:46:06	17.01	--	0	0	卖盘
10:45:55	17.01	0.01	1	1701	卖盘
10:45:51	17.0	--	0	0	卖盘
10:45:40	17.0	--	21	35938	卖盘
10:45:25	17.0	--	15	25500	卖盘
10:45:20	17.0	--	0	0	卖盘
10:45:15	17.0	--	870	1480173	买盘
10:45:05	17.0	-0.03	213	362865	卖盘
10:45:00	17.03	-0.01	1	1703	卖盘
10:44:55	17.04	0.02	7	11928	买盘
10:44:40	17.02	0.02	43	74122	买盘
10:44:35	17.0	-0.02	194	330803	卖盘
10:44:30	17.02	--	10	17020	买盘
10:44:25	17.02	0.02	10	17020	中性盘
10:44:20	17.0	-0.04	8	13600	卖盘
10:44:10	17.04	-0.01	30	51358	中性盘
10:44:05	17.05	0.05	7	11935	买盘
10:44:00	17.0	--	0	0	卖盘
10:43:55	17.0	--	200	340000	卖盘
10:43:45	17.0	--	0	0	卖盘
10:43:40	17.0	--	21	35938	卖盘
10:43:30	17.0	-0.04	700	1190000	卖盘
10:43:24	17.04	--	33	56232	买盘
10:43:09	17.04	--	121	206422	买盘
10:43:05	17.04	0.04	29	49416	买盘
10:43:00	17.0	--	0	0	卖盘
10:42:54	17.0	-0.03	141	239700	卖盘
10:42:50	17.03	0.02	2	3406	买盘
10:42:39	17.01	-0.01	102	173740	卖盘
10:42:34	17.02	-0.02	6	10212	卖盘
10:42:19	17.04	--	0	0	买盘
10:42:15	17.04	0.03	1	1704	买盘
10:42:09	17.01	-0.03	26	44464	卖盘
10:41:54	17.04	0.03	5	8520	买盘
10:41:49	17.01	--	10	17010	卖盘
10:41:45	17.01	--	10	17010	卖盘
10:41:39	17.01	--	21	35959	卖盘
10:41:19	17.01	-0.02	23	39123	卖盘
10:41:15	17.03	0.02	76	129428	买盘
10:41:09	17.01	--	21	35976	卖盘
10:41:00	17.01	-0.03	1	1701	卖盘
10:40:54	17.04	0.03	1	1704	买盘
10:40:45	17.01	--	11	18711	卖盘
10:40:39	17.01	--	52	88690	卖盘
10:40:34	17.01	-0.03	5	8505	卖盘
10:40:30	17.04	0.04	19	32376	买盘
10:40:24	17.0	--	20	34000	卖盘
10:40:19	17.0	--	6	10200	卖盘
10:40:15	17.0	--	51	86700	卖盘
10:40:09	17.0	--	31	52938	卖盘
10:40:04	17.0	--	7	11900	卖盘
10:40:00	17.0	--	1	1700	卖盘
10:39:54	17.0	-0.01	15	25500	卖盘
10:39:49	17.01	--	20	34020	卖盘
10:39:45	17.01	--	1	1701	卖盘
10:39:39	17.01	0.01	57	97195	买盘
10:39:34	17.0	--	53	90100	卖盘
10:39:30	17.0	--	1	1700	卖盘
10:39:24	17.0	--	24	41038	买盘
10:39:19	17.0	--	183	311100	买盘
10:39:14	17.0	--	5	8500	买盘
10:39:09	17.0	0.02	13	22100	卖盘
10:39:04	16.98	-0.03	100	169800	卖盘
10:38:59	17.01	0.01	28	47628	买盘
10:38:54	17.0	--	22	38828	买盘
10:38:49	17.0	0.02	20	34000	买盘
10:38:44	16.98	-0.01	156	264888	卖盘
10:38:39	16.99	0.01	10	16990	买盘
10:38:34	16.98	0.01	7	11886	买盘
10:38:29	16.97	--	5	8485	卖盘
10:38:19	16.97	--	35	59394	卖盘
10:38:09	16.97	0.01	88	149336	买盘
10:38:04	16.96	--	9	15264	买盘
10:37:59	16.96	-0.01	18	30528	卖盘
10:37:54	16.97	0.01	1	1697	买盘
10:37:49	16.96	-0.01	30	50880	卖盘
10:37:44	16.97	--	16	27152	买盘
10:37:39	16.97	0.01	19	32242	买盘
10:37:34	16.96	--	30	50880	卖盘
10:37:29	16.96	--	13	22048	卖盘
10:37:24	16.96	--	4	6784	买盘
10:37:19	16.96	-0.02	30	50880	卖盘
10:37:14	16.98	--	160	271680	买盘
10:37:09	16.98	0.02	71	120558	买盘
10:37:04	16.96	-0.01	20	33920	卖盘
10:36:59	16.97	--	50	84850	买盘
10:36:54	16.97	--	14	23758	卖盘
10:36:48	16.97	--	103	174791	卖盘
10:36:44	16.97	-0.01	5	8485	卖盘
10:36:39	16.98	0.01	13	22074	买盘
10:36:33	16.97	--	10	16970	卖盘
10:36:29	16.97	--	34	57697	卖盘
10:36:24	16.97	-0.01	18	30545	卖盘
10:36:18	16.98	--	12	20376	买盘
10:36:13	16.98	-0.01	25	42450	卖盘
10:36:09	16.99	0.01	2	3397	中性盘
10:36:03	16.98	-0.01	459	779382	卖盘
10:35:58	16.99	-0.01	35	59464	卖盘
10:35:54	17.0	-0.02	943	1604562	卖盘
10:35:48	17.02	0.02	1	1702	买盘
10:35:43	17.0	--	2	3400	卖盘
10:35:39	17.0	--	303	515338	卖盘
10:35:33	17.0	--	589	1001300	卖盘
10:35:28	17.0	--	0	0	卖盘
10:35:24	17.0	--	149	253300	卖盘
10:35:18	17.0	--	0	0	卖盘
10:35:13	17.0	-0.02	1047	1779900	卖盘
10:35:09	17.02	--	189	321916	卖盘
10:35:03	17.02	--	0	0	卖盘
10:34:54	17.02	-0.04	307	523143	卖盘
10:34:48	17.06	0.01	8	13647	卖盘
10:34:43	17.05	--	0	0	卖盘
10:34:39	17.05	-0.01	21	36043	卖盘
10:34:28	17.06	--	15	25589	卖盘
10:34:24	17.06	--	9	15353	卖盘
10:34:18	17.06	--	30	51179	卖盘
10:34:13	17.06	--	0	0	卖盘
10:34:08	17.06	-0.02	21	36064	卖盘
10:34:03	17.08	0.02	8	13663	买盘
10:33:38	17.06	-0.01	21	36064	卖盘
10:33:33	17.07	-0.01	12	20484	卖盘
10:33:28	17.08	0.01	7	11955	买盘
10:33:18	17.07	0.01	7	11949	卖盘
10:33:13	17.06	--	0	0	卖盘
10:33:09	17.06	-0.01	21	36064	卖盘
10:33:03	17.07	--	1	1707	卖盘
10:32:48	17.07	--	13	22191	买盘
10:32:43	17.07	0.02	4	6828	买盘
10:32:38	17.05	--	21	36043	卖盘
10:32:33	17.05	0.01	1	1790	卖盘
10:32:28	17.04	--	0	0	卖盘
10:32:23	17.04	-0.03	89	151656	卖盘
10:32:18	17.07	-0.01	21	35847	买盘
10:32:13	17.08	0.04	11	18787	买盘
10:32:08	17.04	--	21	36022	卖盘
10:32:03	17.04	--	8	13632	卖盘
10:31:58	17.04	0.03	461	786089	买盘
10:31:53	17.01	--	0	0	卖盘
10:31:48	17.01	-0.01	257	437157	卖盘
10:31:43	17.02	-0.02	64	108928	中性盘
10:31:38	17.04	0.02	74	126334	买盘
10:31:33	17.02	-0.02	474	806748	卖盘
10:31:28	17.04	--	10	17040	买盘
10:31:18	17.04	--	309	528001	买盘
10:31:13	17.04	0.01	63	107352	买盘
10:31:08	17.03	-0.01	22	37704	卖盘
10:31:03	17.04	--	202	344208	买盘
10:30:58	17.04	-0.05	3477	5926205	卖盘
10:30:53	17.09	--	692	1182628	卖盘
10:30:48	17.09	0.01	119	204772	买盘
10:30:38	17.08	-0.01	21	36107	卖盘
10:30:33	17.09	-0.01	85	145572	卖盘
10:30:28	17.1	0.01	322	550620	买盘
10:30:18	17.09	--	558	953622	卖盘
10:30:08	17.09	-0.01	28	48091	卖盘
10:30:03	17.1	0.01	2	3420	买盘
10:29:57	17.09	-0.01	4	6836	卖盘
10:29:48	17.1	0.01	65	111150	买盘
10:29:37	17.09	--	21	36128	卖盘
10:29:27	17.09	-0.01	1	1709	卖盘
10:29:12	17.1	0.01	3	5130	买盘
10:29:07	17.09	--	22	37837	卖盘
10:29:03	17.09	--	15	25635	卖盘
10:28:57	17.09	--	5	8545	卖盘
10:28:42	17.09	--	6	10254	卖盘
10:28:37	17.09	-0.01	22	37837	卖盘
10:28:33	17.1	0.01	8	13680	买盘
10:28:27	17.09	--	115	196535	卖盘
10:28:22	17.09	--	10	17090	卖盘
10:28:18	17.09	--	10	17090	卖盘
10:28:07	17.09	--	21	36128	卖盘
10:28:03	17.09	--	8	13672	卖盘
10:27:48	17.09	--	1	1709	卖盘
10:27:37	17.09	--	21	36128	卖盘
10:27:33	17.09	--	1	1709	卖盘
10:27:27	17.09	--	30	51270	卖盘
10:27:07	17.09	--	22	37837	卖盘
10:27:03	17.09	--	88	150392	卖盘
10:26:57	17.09	-0.01	10	17090	卖盘
10:26:52	17.1	0.01	45	76950	买盘
10:26:42	17.09	--	74	126466	卖盘
10:26:37	17.09	-0.01	21	36128	卖盘
10:26:32	17.1	0.01	4	6840	买盘
10:26:22	17.09	--	1	1709	卖盘
10:26:12	17.09	--	1	1709	卖盘
10:26:07	17.09	--	51	87398	卖盘
10:25:57	17.09	--	65	111085	卖盘
10:25:52	17.09	--	20	34180	卖盘
10:25:47	17.09	--	3	5127	卖盘
10:25:42	17.09	--	35	59815	卖盘
10:25:37	17.09	--	21	36128	卖盘
10:25:27	17.09	-0.01	17	29053	卖盘
10:25:22	17.1	--	112	191520	买盘
10:25:17	17.1	0.01	5	8550	买盘
10:25:07	17.09	--	71	121578	卖盘
10:25:02	17.09	--	10	17090	卖盘
10:24:57	17.09	-0.01	45	76905	卖盘
10:24:52	17.1	0.01	500	855000	买盘
10:24:47	17.09	--	5	8545	卖盘
10:24:37	17.09	-0.01	33	56636	卖盘
10:24:32	17.1	--	715	1222650	买盘
10:24:27	17.1	--	217	371070	买盘
10:24:22	17.1	-0.01	419	717516	卖盘
10:24:07	17.11	--	21	36170	卖盘
10:24:02	17.11	--	5	9752	买盘
10:23:57	17.11	--	24	41577	卖盘
10:23:52	17.11	--	19	32509	卖盘
10:23:47	17.11	--	7	11977	卖盘
10:23:36	17.11	-0.01	21	36170	卖盘
10:23:27	17.12	0.01	71	121552	买盘
10:23:12	17.11	0.01	48	83086	买盘
10:23:06	17.1	-0.01	36	61799	卖盘
10:22:57	17.11	-0.01	102	175274	卖盘
10:22:51	17.12	0.01	6	10272	买盘
10:22:36	17.11	-0.01	21	36170	卖盘
10:22:31	17.12	--	2	3424	买盘
10:22:27	17.12	0.01	27	46224	买盘
10:22:21	17.11	--	20	34220	卖盘
10:22:12	17.11	--	6	10266	卖盘
10:22:06	17.11	--	29	49858	卖盘
10:21:42	17.11	--	56	95816	卖盘
10:21:36	17.11	-0.01	49	84078	卖盘
10:21:31	17.12	0.01	5	8560	买盘
10:21:27	17.11	--	10	17110	卖盘
10:21:16	17.11	--	2	3422	卖盘
10:21:12	17.11	--	11	18821	卖盘
10:21:06	17.11	--	24	41303	卖盘
10:20:56	17.11	--	7	11977	买盘
10:20:51	17.11	0.01	30	51330	买盘
10:20:42	17.1	--	2	3420	卖盘
10:20:36	17.1	--	21	36149	卖盘
10:20:26	17.1	-0.01	32	54720	卖盘
10:20:21	17.11	--	3	5133	买盘
10:20:16	17.11	0.01	3	5133	买盘
10:20:06	17.1	-0.01	126	215699	卖盘
10:20:01	17.11	--	245	419195	买盘
10:19:41	17.11	0.01	2	3422	买盘
10:19:36	17.1	-0.01	42	72059	卖盘
10:19:31	17.11	0.01	30	51330	买盘
10:19:26	17.1	0.01	149	254790	买盘
10:19:16	17.09	--	158	270022	卖盘
10:19:06	17.09	0.01	73	124996	买盘
10:18:51	17.08	0.01	131	223747	买盘
10:18:46	17.07	0.01	1	1707	卖盘
10:18:36	17.06	-0.01	50	85538	卖盘
10:18:21	17.07	--	60	102420	卖盘
10:18:11	17.07	--	6	10242	卖盘
10:18:06	17.07	-0.01	21	36085	卖盘
10:18:01	17.08	--	18	30743	卖盘
10:17:56	17.08	--	1	1707	卖盘
10:17:51	17.08	--	12	20495	卖盘
10:17:46	17.08	-0.01	3	5123	卖盘
10:17:41	17.09	0.01	10	17090	买盘
10:17:36	17.08	--	36	61727	卖盘
10:17:31	17.08	-0.01	6	10247	卖盘
10:17:26	17.09	--	7	11963	买盘
10:17:16	17.09	-0.01	946	1617226	卖盘
10:17:06	17.1	--	76	130199	卖盘
10:17:01	17.1	--	12	20520	卖盘
10:16:51	17.1	--	35	59850	卖盘
10:16:45	17.1	--	5	8550	卖盘
10:16:41	17.1	--	10	17100	卖盘
10:16:36	17.1	-0.01	21	36149	卖盘
10:16:21	17.11	--	5	8555	买盘
10:16:15	17.11	0.01	2	3422	买盘
10:16:06	17.1	-0.01	27	46409	卖盘
10:16:00	17.11	-0.01	5	8555	卖盘
10:15:55	17.12	0.01	7	11984	买盘
10:15:51	17.11	--	11	18821	卖盘
10:15:36	17.11	--	31	53280	卖盘
10:15:30	17.11	--	2	3422	卖盘
10:15:25	17.11	--	1	1711	卖盘
10:15:15	17.11	--	1	1711	卖盘
10:15:06	17.11	--	21	36170	卖盘
10:15:00	17.11	--	4	6946	买盘
10:14:51	17.11	--	5	10163	卖盘
10:14:45	17.11	0.01	51	87363	买盘
10:14:40	17.1	--	41	70110	卖盘
10:14:36	17.1	--	40	68639	卖盘
10:14:21	17.1	--	23	39330	卖盘
10:14:05	17.1	-0.01	32	54959	卖盘
10:14:00	17.11	--	0	0	买盘
10:13:55	17.11	--	2	3422	买盘
10:13:50	17.11	--	2	3422	买盘
10:13:45	17.11	0.01	6	10266	买盘
10:13:40	17.1	-0.01	29	49590	卖盘
10:13:30	17.11	0.01	5	8555	买盘
10:13:20	17.1	0.01	5	8550	卖盘
10:13:15	17.09	--	0	0	卖盘
10:13:10	17.09	-0.01	30	51509	卖盘
10:13:05	17.1	--	5	8550	买盘
10:13:00	17.1	--	11	18810	买盘
10:12:55	17.1	0.01	73	124830	买盘
10:12:45	17.09	--	56	95704	卖盘
10:12:40	17.09	--	21	36128	卖盘
10:12:30	17.09	--	67	114503	卖盘
10:12:25	17.09	--	97	166969	买盘
10:12:15	17.09	--	22	37598	买盘
10:12:10	17.09	0.01	29	49800	买盘
10:12:00	17.08	--	55	93939	买盘
10:11:55	17.08	0.01	1	1707	买盘
10:11:50	17.07	0.01	4	6828	卖盘
10:11:45	17.06	--	0	0	卖盘
10:11:40	17.06	--	85	145248	卖盘
10:11:35	17.06	--	11	18766	卖盘
10:11:30	17.06	-0.01	7	11942	卖盘
10:11:25	17.07	0.01	51	87057	买盘
10:11:20	17.06	-0.01	1	1705	卖盘
10:11:15	17.07	0.01	11	18777	买盘
10:11:10	17.06	--	30	51418	卖盘
10:11:05	17.06	--	15	25589	卖盘
10:10:55	17.06	0.01	149	254637	买盘
10:10:45	17.05	--	46	78430	卖盘
10:10:40	17.05	-0.01	21	36043	卖盘
10:10:35	17.06	--	7	11942	买盘
10:10:30	17.06	--	49	83594	买盘
10:10:24	17.06	--	35	59709	买盘
10:10:20	17.06	0.01	3	5118	买盘
10:10:09	17.05	--	22	37748	卖盘
10:10:05	17.05	-0.01	8	13640	卖盘
10:10:00	17.06	--	12	20472	买盘
10:09:54	17.06	--	4	6823	买盘
10:09:49	17.06	0.01	34	58003	买盘
10:09:45	17.05	-0.01	94	160270	卖盘
10:09:39	17.06	--	37	63360	买盘
10:09:34	17.06	0.01	33	56297	买盘
10:09:30	17.05	--	19	32395	卖盘
10:09:24	17.05	--	125	213125	卖盘
10:09:15	17.05	--	17	28985	卖盘
10:09:09	17.05	--	90	153688	卖盘
10:09:00	17.05	--	5	8525	卖盘
10:08:54	17.05	-0.01	200	341000	卖盘
10:08:45	17.06	0.01	20	34120	卖盘
10:08:39	17.05	-0.01	36	63050	卖盘
10:08:30	17.06	--	5	8530	买盘
10:08:24	17.06	-0.01	44	75336	卖盘
10:08:15	17.07	0.01	47	80229	中性盘
10:08:09	17.06	-0.01	21	36064	卖盘
10:08:00	17.07	--	19	32433	卖盘
10:07:54	17.07	--	13	22191	买盘
10:07:49	17.07	--	17	29019	卖盘
10:07:44	17.07	--	10	17070	卖盘
10:07:39	17.07	--	47	80467	买盘
10:07:24	17.07	-0.01	352	600864	卖盘
10:07:19	17.08	0.01	58	99063	买盘
10:07:09	17.07	-0.01	44	75346	卖盘
10:07:04	17.08	0.01	23	39283	买盘
10:06:59	17.07	--	22	37554	卖盘
10:06:54	17.07	-0.01	40	68280	卖盘
10:06:49	17.08	--	33	56363	买盘
10:06:44	17.08	--	270	461911	卖盘
10:06:39	17.08	-0.01	21	36107	卖盘
10:06:34	17.09	0.01	146	249753	买盘
10:06:29	17.08	--	28	47823	卖盘
10:06:24	17.08	--	1	1707	卖盘
10:06:19	17.08	--	1	1707	卖盘
10:06:09	17.08	-0.01	31	53187	卖盘
10:06:04	17.09	--	36	62036	卖盘
10:05:59	17.09	-0.01	50	85450	卖盘
10:05:54	17.1	--	10	17100	买盘
10:05:49	17.1	0.01	5	8550	买盘
10:05:39	17.09	-0.01	21	36128	卖盘
10:05:29	17.1	--	72	124590	卖盘
10:05:19	17.1	--	30	51300	卖盘
10:05:09	17.1	-0.01	22	37859	卖盘
10:05:04	17.11	0.01	3	5133	买盘
10:04:54	17.1	--	19	32490	卖盘
10:04:49	17.1	--	106	181260	卖盘
10:04:44	17.1	0.01	3	5130	卖盘
10:04:39	17.09	-0.01	216	369383	卖盘
10:04:34	17.1	--	22	37620	卖盘
10:04:24	17.1	--	10	17100	卖盘
10:04:19	17.1	--	3	5608	买盘
10:04:09	17.1	-0.03	38	66450	卖盘
10:03:54	17.13	--	2	3426	买盘
10:03:48	17.13	0.03	26	44538	买盘
10:03:44	17.1	--	5	8550	卖盘
10:03:39	17.1	--	31	53249	卖盘
10:03:33	17.1	--	40	68400	卖盘
10:03:28	17.1	--	2	3420	卖盘
10:03:24	17.1	--	5	8550	卖盘
10:03:18	17.1	0.01	22	37620	买盘
10:03:09	17.09	-0.01	61	104488	卖盘
10:03:03	17.1	--	20	34200	买盘
10:02:54	17.1	0.01	55	94050	买盘
10:02:48	17.09	--	79	136583	卖盘
10:02:39	17.09	0.01	22	37973	买盘
10:02:33	17.08	-0.01	4	6831	卖盘
10:02:28	17.09	0.01	12	20508	买盘
10:02:24	17.08	-0.01	34	58071	卖盘
10:02:18	17.09	0.01	1	1709	买盘
10:02:13	17.08	0.01	1	1707	中性盘
10:02:09	17.07	-0.01	27	46327	卖盘
10:02:03	17.08	--	10	17080	卖盘
10:01:58	17.08	--	4	6831	卖盘
10:01:54	17.08	-0.01	23	39283	中性盘
10:01:48	17.09	0.02	98	167482	买盘
10:01:43	17.07	--	10	17070	卖盘
10:01:39	17.07	-0.01	29	49741	卖盘
10:01:33	17.08	0.01	41	70028	买盘
10:01:28	17.07	--	15	25605	卖盘
10:01:24	17.07	--	121	206547	卖盘
10:01:18	17.07	-0.01	23	39261	卖盘
10:01:13	17.08	0.01	6	10247	买盘
10:01:08	17.07	--	28	48034	卖盘
10:01:03	17.07	-0.01	55	93885	卖盘
10:00:58	17.08	--	117	199835	买盘
10:00:48	17.08	--	107	182755	买盘
10:00:43	17.08	--	169	290120	卖盘
10:00:38	17.08	--	21	36107	卖盘
10:00:33	17.08	--	152	259615	卖盘
10:00:28	17.08	--	87	148595	卖盘
10:00:23	17.08	-0.01	20	34160	卖盘
10:00:18	17.09	--	304	521005	卖盘
10:00:13	17.09	--	64	109376	卖盘
10:00:08	17.09	--	21	36128	卖盘
10:00:03	17.09	-0.01	20	34180	卖盘
09:59:58	17.1	--	303	519600	卖盘
09:59:53	17.1	--	24	41040	卖盘
09:59:48	17.1	-0.01	51	87210	卖盘
09:59:43	17.11	0.01	110	188210	中性盘
09:59:38	17.1	-0.02	1295	2214689	卖盘
09:59:33	17.12	--	40	68480	买盘
09:59:28	17.12	-0.01	196	336818	卖盘
09:59:23	17.13	0.01	38	65093	买盘
09:59:18	17.12	--	104	178048	卖盘
09:59:13	17.12	--	65	111280	卖盘
09:59:08	17.12	-0.02	159	272447	卖盘
09:59:03	17.14	0.01	19	32566	买盘
09:58:58	17.13	-0.01	7	11991	卖盘
09:58:53	17.14	0.01	4	6856	卖盘
09:58:48	17.13	--	0	0	卖盘
09:58:43	17.13	--	8	13704	卖盘
09:58:38	17.13	-0.01	25	43064	卖盘
09:58:33	17.14	-0.01	7	11998	卖盘
09:58:28	17.15	-0.01	15	25724	中性盘
09:58:23	17.16	0.01	34	59819	买盘
09:58:18	17.15	--	43	73745	卖盘
09:58:08	17.15	--	22	37970	卖盘
09:58:03	17.15	--	110	188649	卖盘
09:57:53	17.15	--	2	3429	卖盘
09:57:48	17.15	0.01	66	113189	买盘
09:57:38	17.14	--	22	37947	卖盘
09:57:33	17.14	-0.01	39	66846	卖盘
09:57:27	17.15	-0.01	14	24009	卖盘
09:57:12	17.16	0.02	8	13728	买盘
09:57:07	17.14	-0.01	25	43089	卖盘
09:57:03	17.15	0.01	34	58309	买盘
09:56:57	17.14	--	23	39422	卖盘
09:56:52	17.14	--	1	1714	卖盘
09:56:42	17.14	--	140	239960	卖盘
09:56:37	17.14	--	21	36233	卖盘
09:56:33	17.14	-0.02	23	39422	卖盘
09:56:27	17.16	0.02	169	290004	买盘
09:56:22	17.14	--	32	54848	卖盘
09:56:18	17.14	0.01	47	80558	卖盘
09:56:12	17.13	-0.01	195	334035	卖盘
09:56:07	17.14	--	21	36233	卖盘
09:56:03	17.14	-0.01	51	87414	卖盘
09:55:57	17.15	--	4	6859	买盘
09:55:52	17.15	--	75	128624	买盘
09:55:42	17.15	0.01	15	25724	买盘
09:55:37	17.14	-0.02	55	94509	卖盘
09:55:33	17.16	--	4	6864	买盘
09:55:27	17.16	--	115	198609	卖盘
09:55:22	17.16	--	71	121836	卖盘
09:55:18	17.16	--	6	10296	卖盘
09:55:12	17.16	--	75	128700	卖盘
09:55:07	17.16	--	35	60300	卖盘
09:55:02	17.16	--	69	118609	买盘
09:54:57	17.16	0.02	1	1716	买盘
09:54:52	17.14	-0.02	14	23996	卖盘
09:54:47	17.16	0.02	1	1716	买盘
09:54:42	17.14	--	13	22282	卖盘
09:54:37	17.14	--	24	41375	卖盘
09:54:32	17.14	--	0	0	卖盘
09:54:27	17.14	-0.02	1	1714	卖盘
09:54:22	17.16	--	4	8374	买盘
09:54:12	17.16	0.01	27	46332	买盘
09:54:07	17.15	--	25	43320	买盘
09:54:02	17.15	--	56	97549	卖盘
09:53:52	17.15	--	1	1714	卖盘
09:53:42	17.15	--	0	0	卖盘
09:53:37	17.15	--	21	36255	卖盘
09:53:32	17.15	--	0	0	卖盘
09:53:27	17.15	-0.02	6	10290	卖盘
09:53:22	17.17	0.02	1	1717	中性盘
09:53:17	17.15	-0.01	17	29154	卖盘
09:53:12	17.16	--	1	1716	卖盘
09:53:07	17.16	-0.02	32	55152	卖盘
09:53:02	17.18	--	16	28965	卖盘
09:52:52	17.18	--	12	20616	卖盘
09:52:42	17.18	0.01	13	22574	买盘
09:52:37	17.17	-0.01	61	104977	卖盘
09:52:32	17.18	--	20	34360	买盘
09:52:22	17.18	-0.01	132	228253	卖盘
09:52:17	17.19	-0.01	22	37818	中性盘
09:52:12	17.2	0.02	19	32680	买盘
09:52:07	17.18	--	63	108474	卖盘
09:51:57	17.18	--	10	17180	卖盘
09:51:52	17.18	0.01	157	269726	买盘
09:51:42	17.17	--	10	17170	卖盘
09:51:36	17.17	-0.01	61	104977	卖盘
09:51:32	17.18	0.01	3	5154	卖盘
09:51:27	17.17	--	0	0	卖盘
09:51:21	17.17	--	10	17170	卖盘
09:51:16	17.17	--	0	0	卖盘
09:51:12	17.17	--	0	0	卖盘
09:51:06	17.17	--	21	36297	卖盘
09:51:01	17.17	--	8	13736	卖盘
09:50:57	17.17	0.01	111	190587	中性盘
09:50:51	17.16	--	28	48048	卖盘
09:50:42	17.16	--	50	85800	卖盘
09:50:36	17.16	--	51	87756	卖盘
09:50:31	17.16	--	45	77220	卖盘
09:50:27	17.16	--	20	34320	卖盘
09:50:21	17.16	--	14	24024	卖盘
09:50:16	17.16	-0.02	8	13728	卖盘
09:50:12	17.18	0.02	14	24052	买盘
09:50:06	17.16	-0.01	41	70596	卖盘
09:50:01	17.17	0.01	91	156247	买盘
09:49:56	17.16	-0.01	18	30888	卖盘
09:49:51	17.17	--	24	41208	买盘
09:49:41	17.17	0.01	2	3434	买盘
09:49:36	17.16	-0.01	37	63732	卖盘
09:49:31	17.17	0.01	4	6868	买盘
09:49:27	17.16	0.01	1	1716	买盘
09:49:21	17.15	-0.02	14	24009	卖盘
09:49:16	17.17	0.02	5	8585	买盘
09:49:11	17.15	--	0	0	卖盘
09:49:06	17.15	-0.01	21	36255	卖盘
09:49:01	17.16	0.01	20	34560	买盘
09:48:51	17.15	--	113	193794	卖盘
09:48:46	17.15	-0.01	84	144060	卖盘
09:48:36	17.16	0.01	31	53436	买盘
09:48:31	17.15	--	34	58309	卖盘
09:48:26	17.15	-0.01	10	17150	卖盘
09:48:16	17.16	--	20	35795	卖盘
09:48:11	17.16	--	32	54912	卖盘
09:48:06	17.16	--	141	242196	卖盘
09:47:51	17.16	-0.02	483	828828	卖盘
09:47:36	17.18	--	10	17180	买盘
09:47:31	17.18	--	241	414038	卖盘
09:47:21	17.18	-0.02	5	8590	卖盘
09:47:16	17.2	--	166	285520	卖盘
09:47:11	17.2	--	508	873760	卖盘
09:47:06	17.2	-0.02	70	120400	卖盘
09:46:51	17.22	--	78	134316	买盘
09:46:46	17.22	--	177	304794	卖盘
09:46:41	17.22	--	43	74046	卖盘
09:46:36	17.22	--	1	1722	卖盘
09:46:31	17.22	0.03	5	8610	卖盘
09:46:21	17.19	-0.05	200	343800	卖盘
09:46:16	17.24	0.04	406	699943	买盘
09:46:06	17.2	-0.02	10	17200	卖盘
09:46:01	17.22	--	15	25830	买盘
09:45:56	17.22	--	1	1722	买盘
09:45:51	17.22	-0.01	20	34440	买盘
09:45:46	17.23	0.01	32	55136	买盘
09:45:41	17.22	--	20	34440	买盘
09:45:36	17.22	0.02	8	13776	卖盘
09:45:30	17.2	-0.03	120	206400	卖盘
09:45:26	17.23	0.03	15	25845	买盘
09:45:21	17.2	-0.02	5	8600	卖盘
09:45:15	17.22	-0.01	1	1722	中性盘
09:45:10	17.23	--	2	3446	买盘
09:45:00	17.23	0.03	2	3446	买盘
09:44:55	17.2	0.01	1	1720	卖盘
09:44:50	17.19	--	0	0	卖盘
09:44:45	17.19	0.01	99	170181	买盘
09:44:40	17.18	--	2	3436	卖盘
09:44:36	17.18	-0.01	45	77310	卖盘
09:44:30	17.19	0.01	4	6876	中性盘
09:44:20	17.18	-0.06	35	60130	卖盘
09:44:15	17.24	--	147	253427	卖盘
09:44:10	17.24	--	23	39652	卖盘
09:44:06	17.24	0.06	123	212051	买盘
09:44:00	17.18	-0.01	151	259418	卖盘
09:43:50	17.19	0.02	46	79074	买盘
09:43:45	17.17	--	0	0	卖盘
09:43:35	17.17	-0.02	26	44642	卖盘
09:43:20	17.19	0.03	433	744327	买盘
09:43:15	17.16	-0.01	33	56628	卖盘
09:43:10	17.17	--	3	5151	买盘
09:43:05	17.17	0.01	60	103020	买盘
09:42:55	17.16	0.01	161	276276	买盘
09:42:45	17.15	--	48	82320	买盘
09:42:40	17.15	0.02	45	77175	买盘
09:42:35	17.13	--	20	34260	卖盘
09:42:15	17.13	-0.02	10	17130	卖盘
09:42:10	17.15	0.03	31	53164	买盘
09:42:00	17.12	-0.01	11	18832	卖盘
09:41:55	17.13	-0.01	70	119910	中性盘
09:41:45	17.14	0.02	10	17140	买盘
09:41:40	17.12	--	121	207152	卖盘
09:41:35	17.12	--	166	284192	卖盘
09:41:30	17.12	--	110	188320	卖盘
09:41:25	17.12	--	25	42800	卖盘
09:41:20	17.12	-0.02	119	203728	卖盘
09:41:15	17.14	0.02	2	3428	买盘
09:41:10	17.12	--	0	0	卖盘
09:41:05	17.12	--	84	143808	卖盘
09:40:55	17.12	-0.02	4	6848	卖盘
09:40:45	17.14	0.02	3	5142	买盘
09:40:35	17.12	-0.02	10	17120	卖盘
09:40:30	17.14	0.02	4	6856	买盘
09:40:25	17.12	-0.02	27	46224	卖盘
09:40:10	17.14	--	29	49706	卖盘
09:40:05	17.14	--	10	17140	卖盘
09:40:00	17.14	0.03	8	13712	买盘
09:39:55	17.11	--	30	51330	卖盘
09:39:45	17.11	-0.02	124	212164	卖盘
09:39:40	17.13	0.02	29	49677	买盘
09:39:35	17.11	--	29	49619	买盘
09:39:30	17.11	--	15	25665	买盘
09:39:24	17.11	--	73	124903	卖盘
09:39:20	17.11	-0.01	12	20532	卖盘
09:39:15	17.12	--	65	111280	买盘
09:39:09	17.12	--	101	172912	买盘
09:39:04	17.12	--	92	157504	买盘
09:38:59	17.12	--	22	37664	买盘
09:38:54	17.12	-0.03	172	294464	卖盘
09:38:49	17.15	0.02	1	1714	中性盘
09:38:44	17.13	-0.04	28	47964	卖盘
09:38:39	17.17	0.01	7	12019	买盘
09:38:34	17.16	-0.01	20	34320	卖盘
09:38:29	17.17	-0.01	33	56661	卖盘
09:38:24	17.18	0.05	71	121978	卖盘
09:38:19	17.13	-0.04	53	90789	卖盘
09:38:14	17.17	-0.01	7	12019	卖盘
09:38:09	17.18	0.01	124	213032	买盘
09:37:59	17.17	-0.01	6	10302	卖盘
09:37:54	17.18	0.01	97	166646	买盘
09:37:44	17.17	--	14	24038	卖盘
09:37:39	17.17	--	3	5151	卖盘
09:37:29	17.17	0.01	143	245531	买盘
09:37:24	17.16	-0.01	165	283140	中性盘
09:37:19	17.17	0.02	17	29189	买盘
09:37:14	17.15	-0.01	54	92609	卖盘
09:37:09	17.16	-0.01	72	123552	卖盘
09:36:59	17.17	0.01	30	51510	买盘
09:36:54	17.16	0.01	7	12012	买盘
09:36:49	17.15	0.01	30	51449	卖盘
09:36:44	17.14	-0.01	12	20568	卖盘
09:36:39	17.15	--	56	96039	买盘
09:36:34	17.15	0.02	5	8575	买盘
09:36:29	17.13	--	2	3426	卖盘
09:36:24	17.13	--	6	10278	卖盘
09:36:19	17.13	0.01	95	162735	买盘
09:36:14	17.12	--	7	11984	买盘
09:36:09	17.12	0.01	2	3424	买盘
09:36:04	17.11	-0.01	17	29087	卖盘
09:35:59	17.12	--	16	27392	买盘
09:35:54	17.12	0.03	4	6848	买盘
09:35:49	17.09	-0.02	405	692145	卖盘
09:35:44	17.11	0.01	27	46197	买盘
09:35:39	17.1	--	103	176130	卖盘
09:35:34	17.1	0.01	40	68400	卖盘
09:35:29	17.09	--	13	22217	卖盘
09:35:24	17.09	-0.01	172	293948	卖盘
09:35:19	17.1	0.01	141	241110	买盘
09:35:14	17.09	0.01	48	82032	买盘
09:35:09	17.08	-0.01	110	187879	卖盘
09:35:04	17.09	0.01	133	227297	卖盘
09:34:59	17.08	-0.02	219	374051	卖盘
09:34:54	17.1	0.01	40	68400	买盘
09:34:49	17.09	-0.01	109	186281	卖盘
09:34:44	17.1	--	34	58140	卖盘
09:34:39	17.1	-0.02	93	159030	卖盘
09:34:34	17.12	0.01	22	37664	买盘
09:34:29	17.11	--	25	42775	买盘
09:34:24	17.11	-0.02	60	102660	卖盘
09:34:19	17.13	--	15	25695	买盘
09:34:14	17.13	--	24	41112	卖盘
09:34:09	17.13	--	293	501908	卖盘
09:34:04	17.13	-0.02	37	63380	卖盘
09:33:54	17.15	-0.01	143	245244	卖盘
09:33:49	17.16	-0.01	61	104676	中性盘
09:33:44	17.17	0.02	5	8585	买盘
09:33:39	17.15	-0.01	36	61739	卖盘
09:33:34	17.16	-0.02	26	44616	卖盘
09:33:24	17.18	-0.02	99	170082	卖盘
09:33:18	17.2	0.02	1	1720	买盘
09:33:14	17.18	-0.02	15	25770	卖盘
09:33:09	17.2	--	112	192640	卖盘
09:33:03	17.2	-0.02	139	239080	卖盘
09:32:58	17.22	--	10	17220	买盘
09:32:54	17.22	--	11	18942	卖盘
09:32:48	17.22	--	53	91266	卖盘
09:32:43	17.22	-0.01	30	51660	卖盘
09:32:38	17.23	0.01	26	44798	买盘
09:32:33	17.22	0.01	117	201474	卖盘
09:32:28	17.21	--	0	0	卖盘
09:32:23	17.21	-0.03	412	709052	卖盘
09:32:18	17.24	--	130	224119	卖盘
09:32:13	17.24	-0.01	2	3447	卖盘
09:32:08	17.25	-0.01	220	379500	卖盘
09:32:03	17.26	--	32	55232	买盘
09:31:58	17.26	0.01	182	314132	买盘
09:31:53	17.25	-0.01	100	172500	中性盘
09:31:48	17.26	-0.03	310	535060	中性盘
09:31:43	17.29	0.06	19	32851	买盘
09:31:38	17.23	-0.03	23	39629	卖盘
09:31:33	17.26	--	0	0	卖盘
09:31:28	17.26	0.04	52	89752	买盘
09:31:23	17.22	-0.04	10	17220	卖盘
09:31:18	17.26	--	295	509170	卖盘
09:31:13	17.26	0.02	4	6904	买盘
09:31:08	17.24	0.02	39	67236	中性盘
09:31:03	17.22	0.01	14	24108	卖盘
09:30:53	17.21	--	101	173821	卖盘
09:30:48	17.21	--	190	326990	卖盘
09:30:38	17.21	-0.01	12	20652	卖盘
09:30:33	17.22	--	22	37884	买盘
09:30:28	17.22	0.01	41	70602	卖盘
09:30:18	17.21	-0.01	17	29257	卖盘
09:30:13	17.22	--	0	0	中性盘
09:30:08	17.22	0.01	255	439110	买盘
09:30:03	17.21	-0.01	493	848453	卖盘
09:28:45	17.22	--	0	0	买盘
09:25:06	17.22	17.22	294	506267	买盘
