成交时间	成交价	价格变动	成交量(手)	成交额(元)	性质
15:00:00	11.59	--	0	0	买盘
15:00:00	11.59	--	0	0	买盘
14:59:59	11.59	--	77	89243	买盘
14:59:53	11.59	--	31	35929	买盘
14:59:49	11.59	-0.01	34	39406	卖盘
14:59:44	11.6	--	107	124120	买盘
14:59:38	11.6	--	91	105560	买盘
14:59:19	11.6	--	1	1160	买盘
14:59:14	11.6	0.02	282	327247	买盘
14:59:08	11.58	--	123	142434	买盘
14:59:04	11.58	-0.01	27	32296	卖盘
14:58:59	11.59	0.01	175	202825	买盘
14:58:53	11.58	--	58	67164	卖盘
14:58:49	11.58	--	14	16212	卖盘
14:58:44	11.58	0.02	685	793357	买盘
14:58:38	11.56	0.01	37	42772	买盘
14:58:34	11.55	-0.01	27	31185	卖盘
14:58:29	11.56	--	5	5780	买盘
14:58:23	11.56	-0.01	1	1156	买盘
14:58:19	11.57	--	144	166608	买盘
14:58:04	11.57	--	15	17355	买盘
14:57:59	11.57	0.01	14	16198	买盘
14:57:53	11.56	--	25	28900	买盘
14:57:49	11.56	0.01	10	11560	买盘
14:57:44	11.55	--	10	11550	买盘
14:57:38	11.55	-0.01	41	47355	卖盘
14:57:34	11.56	--	30	34680	买盘
14:57:29	11.56	--	100	115600	买盘
14:57:23	11.56	0.01	169	195364	买盘
14:57:19	11.55	-0.01	1	1155	卖盘
14:57:14	11.56	0.02	10	11560	买盘
14:57:08	11.54	-0.02	42	48468	卖盘
14:57:04	11.56	--	32	36992	买盘
14:56:53	11.56	-0.02	605	699380	卖盘
14:56:49	11.58	0.02	62	71796	买盘
14:56:44	11.56	-0.01	77	89012	卖盘
14:56:38	11.57	--	32	37024	买盘
14:56:34	11.57	-0.01	8	9256	买盘
14:56:08	11.58	--	0	0	买盘
14:56:04	11.58	0.02	80	92640	买盘
14:55:59	11.56	0.01	3	3468	卖盘
14:55:49	11.55	--	0	0	卖盘
14:55:44	11.55	-0.02	37	42735	卖盘
14:55:38	11.57	--	4	4628	买盘
14:55:23	11.57	0.02	50	57850	买盘
14:55:17	11.55	-0.02	177	204435	卖盘
14:55:08	11.57	--	38	43966	买盘
14:55:02	11.57	--	83	96031	卖盘
14:54:58	11.57	-0.01	10	11570	卖盘
14:54:53	11.58	--	53	61374	买盘
14:54:47	11.58	--	3	3474	卖盘
14:54:43	11.58	-0.01	32	37056	卖盘
14:54:38	11.59	0.01	2	2318	买盘
14:54:32	11.58	--	211	244338	买盘
14:54:28	11.58	--	3	3474	买盘
14:54:23	11.58	-0.01	105	121590	卖盘
14:54:17	11.59	-0.01	10	11590	买盘
14:54:13	11.6	0.01	100	116000	买盘
14:54:08	11.59	0.01	76	88084	买盘
14:54:02	11.58	-0.01	10	11580	卖盘
14:53:58	11.59	0.01	23	26657	买盘
14:53:53	11.58	-0.01	8	9264	卖盘
14:53:47	11.59	--	14	16226	买盘
14:53:43	11.59	0.01	13	15067	买盘
14:53:38	11.58	--	16	19674	卖盘
14:53:32	11.58	--	14	16212	卖盘
14:53:28	11.58	-0.01	20	23160	卖盘
14:53:23	11.59	--	20	23180	买盘
14:53:13	11.59	0.01	3	3477	买盘
14:53:08	11.58	--	31	35898	卖盘
14:53:02	11.58	--	72	83387	买盘
14:52:53	11.58	--	70	81060	买盘
14:52:47	11.58	--	242	280236	买盘
14:52:38	11.58	--	49	56742	买盘
14:52:23	11.58	--	27	31266	买盘
14:52:17	11.58	--	5	5790	买盘
14:52:13	11.58	--	10	11580	买盘
14:52:08	11.58	0.02	117	135486	买盘
14:52:02	11.56	-0.01	28	32368	卖盘
14:51:58	11.57	0.01	57	65949	买盘
14:51:53	11.56	--	56	64736	卖盘
14:51:47	11.56	0.04	129	149124	买盘
14:51:43	11.52	-0.04	3	3456	卖盘
14:51:32	11.56	--	0	0	买盘
14:51:28	11.56	--	73	84388	买盘
14:51:23	11.56	0.01	16	18496	卖盘
14:51:17	11.55	0.05	38	43890	买盘
14:51:13	11.5	-0.06	3040	3496000	卖盘
14:51:08	11.56	--	76	87856	买盘
14:51:02	11.56	--	56	64736	买盘
14:50:58	11.56	--	39	45084	买盘
14:50:47	11.56	--	50	57800	买盘
14:50:43	11.56	--	32	36992	买盘
14:50:38	11.56	--	27	31212	卖盘
14:50:28	11.56	--	20	23120	卖盘
14:50:23	11.56	--	6	6936	卖盘
14:50:17	11.56	--	8	9248	卖盘
14:50:13	11.56	--	0	0	卖盘
14:50:02	11.56	-0.01	29	33524	卖盘
14:49:58	11.57	0.01	68	78676	中性盘
14:49:47	11.56	-0.01	118	136408	卖盘
14:49:43	11.57	0.01	38	43966	买盘
14:49:32	11.56	--	11	12716	卖盘
14:49:28	11.56	--	57	65892	卖盘
14:49:17	11.56	--	1	1156	卖盘
14:49:13	11.56	--	24	27744	卖盘
14:49:07	11.56	-0.01	23	26588	卖盘
14:49:02	11.57	0.01	8	9256	买盘
14:48:58	11.56	-0.01	94	108664	卖盘
14:48:47	11.57	--	15	17355	买盘
14:48:41	11.57	-0.01	124	143468	卖盘
14:48:32	11.58	--	2	2316	买盘
14:48:26	11.58	--	25	28950	买盘
14:48:22	11.58	--	10	11580	买盘
14:48:11	11.58	-0.01	320	370560	卖盘
14:48:02	11.59	0.01	10	11590	买盘
14:47:56	11.58	--	90	104220	卖盘
14:47:52	11.58	-0.01	5	5790	卖盘
14:47:47	11.59	0.01	2	2318	买盘
14:47:41	11.58	--	5	5790	卖盘
14:47:26	11.58	-0.01	1	1158	卖盘
14:47:17	11.59	--	40	46360	买盘
14:47:07	11.59	--	50	57950	买盘
14:47:02	11.59	--	81	93879	买盘
14:46:56	11.59	--	1	1159	买盘
14:46:47	11.59	0.01	36	41724	买盘
14:46:41	11.58	-0.01	50	57900	卖盘
14:46:37	11.59	--	35	41712	卖盘
14:46:32	11.59	--	100	115900	卖盘
14:46:26	11.59	--	4	4636	卖盘
14:46:17	11.59	--	70	81141	买盘
14:46:11	11.59	--	103	119377	买盘
14:46:07	11.59	--	10	11590	买盘
14:46:02	11.59	--	1	1159	买盘
14:45:56	11.59	0.01	19	22021	买盘
14:45:52	11.58	-0.01	37	42846	卖盘
14:45:41	11.59	0.01	7	8113	买盘
14:45:26	11.58	-0.01	11	12738	卖盘
14:45:22	11.59	0.01	71	82289	买盘
14:45:11	11.58	--	8	9264	卖盘
14:45:07	11.58	-0.01	100	115800	卖盘
14:45:02	11.59	--	115	133285	买盘
14:44:56	11.59	--	67	77653	买盘
14:44:52	11.59	--	152	176168	卖盘
14:44:37	11.59	--	146	169214	卖盘
14:44:26	11.59	-0.01	40	46360	卖盘
14:44:22	11.6	0.01	50	58000	买盘
14:44:11	11.59	--	10	11590	卖盘
14:44:07	11.59	-0.01	100	115900	卖盘
14:44:02	11.6	--	2	2320	买盘
14:43:56	11.6	--	7	8120	买盘
14:43:52	11.6	--	10	11600	买盘
14:43:47	11.6	--	100	116000	买盘
14:43:41	11.6	--	17	19720	买盘
14:43:37	11.6	0.01	102	118320	买盘
14:43:32	11.59	-0.01	10	11590	卖盘
14:43:26	11.6	0.01	320	371200	买盘
14:43:22	11.59	-0.01	9	10431	卖盘
14:43:11	11.6	--	25	29000	买盘
14:42:56	11.6	--	42	48720	买盘
14:42:52	11.6	--	20	23200	卖盘
14:42:41	11.6	--	278	322480	卖盘
14:42:32	11.6	--	14	16240	卖盘
14:42:26	11.6	-0.01	68	78880	卖盘
14:42:20	11.61	0.01	16	18576	买盘
14:42:11	11.6	--	32	37120	卖盘
14:42:05	11.6	--	25	29000	卖盘
14:42:01	11.6	--	37	42920	卖盘
14:41:56	11.6	--	3	3480	卖盘
14:41:46	11.6	-0.01	44	51040	卖盘
14:41:41	11.61	--	5	5805	买盘
14:41:35	11.61	0.01	3	3483	买盘
14:41:31	11.6	--	45	52200	卖盘
14:41:26	11.6	--	260	301600	卖盘
14:41:20	11.6	-0.01	106	122960	卖盘
14:41:16	11.61	--	10	11610	买盘
14:41:01	11.61	--	1	1161	买盘
14:40:56	11.61	--	57	66177	买盘
14:40:50	11.61	--	86	100484	卖盘
14:40:41	11.61	--	18	20898	卖盘
14:40:35	11.61	--	100	116100	卖盘
14:40:26	11.61	-0.01	61	70821	卖盘
14:40:20	11.62	0.01	65	75530	买盘
14:40:11	11.61	-0.01	79	92241	卖盘
14:40:05	11.62	0.01	20	23240	买盘
14:39:56	11.61	-0.01	22	25542	卖盘
14:39:46	11.62	0.01	10	11620	买盘
14:39:41	11.61	-0.01	8	9288	卖盘
14:39:35	11.62	--	59	68558	卖盘
14:39:31	11.62	--	25	29049	买盘
14:39:26	11.62	0.01	20	23240	买盘
14:39:20	11.61	--	129	149769	卖盘
14:39:05	11.61	-0.01	112	130032	卖盘
14:39:01	11.62	0.01	50	58099	买盘
14:38:46	11.61	-0.01	10	11610	卖盘
14:38:35	11.62	--	12	14478	卖盘
14:38:26	11.62	--	25	29049	卖盘
14:38:20	11.62	--	47	54613	卖盘
14:38:11	11.62	--	15	18057	买盘
14:37:56	11.62	--	10	11620	买盘
14:37:50	11.62	--	203	235885	卖盘
14:37:46	11.62	-0.01	76	88312	卖盘
14:37:31	11.63	0.01	12	13956	买盘
14:37:26	11.62	-0.01	1	1162	卖盘
14:37:20	11.63	0.01	13	15119	买盘
14:37:16	11.62	--	3	3485	卖盘
14:37:01	11.62	--	25	29049	卖盘
14:36:35	11.62	-0.01	9	10458	卖盘
14:36:20	11.63	--	12	13956	买盘
14:36:05	11.63	--	17	19771	买盘
14:35:56	11.63	0.01	50	58150	买盘
14:35:50	11.62	--	2	2324	卖盘
14:35:44	11.62	-0.01	4	4648	卖盘
14:35:40	11.63	0.01	5	5815	买盘
14:35:20	11.62	--	54	62747	卖盘
14:35:14	11.62	--	28	32535	买盘
14:35:05	11.62	--	30	34860	卖盘
14:34:55	11.62	--	33	38346	卖盘
14:34:50	11.62	--	129	149898	卖盘
14:34:44	11.62	--	24	27887	卖盘
14:34:35	11.62	--	7	8133	卖盘
14:34:29	11.62	--	101	117361	卖盘
14:34:25	11.62	--	5	5810	卖盘
14:34:20	11.62	--	28	32535	卖盘
14:34:14	11.62	-0.01	4	4648	卖盘
14:33:59	11.63	0.01	1	1163	买盘
14:33:55	11.62	--	14	16267	卖盘
14:33:50	11.62	-0.01	100	116199	卖盘
14:33:44	11.63	0.01	3	3489	买盘
14:33:40	11.62	-0.01	10	11620	卖盘
14:33:35	11.63	--	33	38379	买盘
14:33:20	11.63	0.01	30	34890	买盘
14:33:10	11.62	-0.01	239	277718	卖盘
14:32:55	11.63	-0.01	6	6978	买盘
14:32:44	11.64	--	6	6984	卖盘
14:32:40	11.64	0.02	2	2328	中性盘
14:32:35	11.62	-0.02	55	63909	卖盘
14:32:29	11.64	0.01	102	118728	买盘
14:32:20	11.63	--	132	153516	卖盘
14:32:10	11.63	--	14	16282	卖盘
14:32:05	11.63	--	75	87225	卖盘
14:31:44	11.63	--	30	34890	卖盘
14:31:29	11.63	-0.01	20	23260	卖盘
14:31:25	11.64	--	2	2328	买盘
14:30:55	11.64	--	304	353856	卖盘
14:30:40	11.64	--	14	16296	卖盘
14:30:29	11.64	--	2	2328	卖盘
14:30:10	11.64	-0.01	58	67512	卖盘
14:29:59	11.65	-0.01	82	95530	卖盘
14:29:44	11.66	0.01	40	46640	买盘
14:29:40	11.65	-0.01	2	2330	卖盘
14:29:29	11.66	0.01	50	58300	买盘
14:29:20	11.65	--	24	27960	卖盘
14:29:08	11.65	--	2	2330	卖盘
14:29:04	11.65	--	82	95530	买盘
14:28:59	11.65	0.01	64	74560	买盘
14:28:53	11.64	--	50	58200	卖盘
14:28:49	11.64	-0.01	10	11640	卖盘
14:28:38	11.65	--	125	145625	买盘
14:28:29	11.65	--	23	26795	买盘
14:28:14	11.65	0.01	7	8155	买盘
14:28:08	11.64	-0.01	6	6984	卖盘
14:28:04	11.65	0.01	10	11650	买盘
14:27:59	11.64	--	6	6984	卖盘
14:27:44	11.64	-0.01	38	44232	卖盘
14:27:38	11.65	0.01	46	53590	买盘
14:27:29	11.64	--	55	64020	卖盘
14:27:08	11.64	--	2	2328	卖盘
14:26:38	11.64	--	1	1164	卖盘
14:26:34	11.64	0.01	4	4656	卖盘
14:26:29	11.63	--	20	23260	卖盘
14:26:23	11.63	-0.02	14	16282	卖盘
14:26:14	11.65	0.01	31	36115	买盘
14:26:08	11.64	--	17	19788	卖盘
14:25:44	11.64	--	12	13968	买盘
14:25:34	11.64	--	7	8148	买盘
14:25:29	11.64	--	1	1164	买盘
14:25:19	11.64	--	7	8148	卖盘
14:25:14	11.64	--	60	69840	卖盘
14:25:04	11.64	-0.01	1	1164	卖盘
14:24:53	11.65	0.01	30	34950	买盘
14:24:49	11.64	--	60	69840	卖盘
14:24:38	11.64	-0.01	10	11640	卖盘
14:24:19	11.65	--	17	19805	买盘
14:24:08	11.65	--	9	10485	买盘
14:24:04	11.65	--	10	11650	买盘
14:23:38	11.65	--	0	0	中性盘
14:23:28	11.65	--	4	4660	卖盘
14:23:23	11.65	0.01	6	6990	买盘
14:23:14	11.64	-0.02	30	34920	卖盘
14:23:08	11.66	0.01	32	37312	买盘
14:22:58	11.65	--	10	11650	买盘
14:22:53	11.65	--	45	52844	卖盘
14:22:47	11.65	-0.01	39	45435	卖盘
14:22:43	11.66	0.01	5	5830	买盘
14:22:38	11.65	--	33	38445	卖盘
14:22:32	11.65	--	12	13980	卖盘
14:22:23	11.65	--	145	168925	卖盘
14:22:13	11.65	-0.01	50	58250	卖盘
14:22:08	11.66	--	162	188892	买盘
14:22:02	11.66	--	26	30316	买盘
14:21:53	11.66	--	93	108554	卖盘
14:21:47	11.66	--	74	86284	卖盘
14:21:17	11.66	--	10	11660	卖盘
14:21:02	11.66	--	128	150297	买盘
14:20:53	11.66	0.01	10	11660	买盘
14:20:47	11.65	--	1	1165	卖盘
14:20:02	11.65	--	7	8900	买盘
14:19:53	11.65	--	5	5825	买盘
14:19:47	11.65	--	60	69900	买盘
14:19:32	11.65	0.01	50	58250	买盘
14:18:47	11.64	--	6	6984	卖盘
14:18:43	11.64	--	64	74496	卖盘
14:18:32	11.64	--	14	16296	卖盘
14:18:13	11.64	--	2	2328	卖盘
14:18:08	11.64	--	1	1164	卖盘
14:17:47	11.64	--	26	30264	卖盘
14:17:43	11.64	--	37	43068	卖盘
14:17:32	11.64	--	35	40740	卖盘
14:17:28	11.64	--	20	23280	卖盘
14:17:13	11.64	-0.01	5	5820	卖盘
14:17:07	11.65	--	40	46600	买盘
14:17:02	11.65	--	10	11650	买盘
14:16:58	11.65	--	15	17475	买盘
14:16:53	11.65	--	72	84299	卖盘
14:16:22	11.65	-0.01	18	20970	卖盘
14:16:07	11.66	0.01	10	11660	买盘
14:15:41	11.65	--	14	16310	卖盘
14:15:37	11.65	0.01	129	151030	买盘
14:15:26	11.64	--	20	23280	买盘
14:15:11	11.64	-0.01	51	59783	卖盘
14:15:07	11.65	--	50	58250	卖盘
14:15:02	11.65	--	146	170835	买盘
14:14:52	11.65	0.01	50	58250	买盘
14:14:47	11.64	--	4	4656	卖盘
14:14:41	11.64	--	2	2328	卖盘
14:14:37	11.64	--	12	13968	卖盘
14:14:17	11.64	0.01	17	19788	买盘
14:14:11	11.63	-0.01	1	1163	卖盘
14:14:02	11.64	0.01	13	15132	买盘
14:13:47	11.63	-0.01	85	98855	卖盘
14:13:22	11.64	--	12	13968	买盘
14:13:17	11.64	--	3	3492	买盘
14:13:07	11.64	--	86	100104	买盘
14:12:41	11.64	--	79	91956	买盘
14:12:26	11.64	--	5	5820	买盘
14:12:17	11.64	--	50	58200	卖盘
14:12:11	11.64	--	2	2328	卖盘
14:12:07	11.64	0.01	2	2328	买盘
14:11:52	11.63	-0.01	1	1163	卖盘
14:11:41	11.64	0.01	3	3492	买盘
14:11:26	11.63	--	9	10467	买盘
14:11:22	11.63	-0.02	11	12793	卖盘
14:11:11	11.65	--	0	0	买盘
14:11:06	11.65	--	23	27214	卖盘
14:10:51	11.65	--	24	27960	卖盘
14:10:47	11.65	0.02	2	3075	买盘
14:10:41	11.63	--	10	11630	买盘
14:10:35	11.63	-0.02	68	79502	卖盘
14:10:20	11.65	0.02	273	319081	买盘
14:10:11	11.63	-0.01	5	5815	卖盘
14:10:01	11.64	0.01	9	10476	买盘
14:09:56	11.63	--	4	5524	买盘
14:09:46	11.63	--	20	23260	买盘
14:09:35	11.63	--	74	86062	买盘
14:09:26	11.63	--	2	2326	买盘
14:09:20	11.63	--	10	11630	买盘
14:09:05	11.63	-0.01	360	418970	卖盘
14:08:35	11.64	--	10	11640	卖盘
14:08:31	11.64	--	4	4656	卖盘
14:08:26	11.64	--	100	116400	卖盘
14:08:20	11.64	-0.01	30	34920	卖盘
14:08:11	11.65	--	1	1165	买盘
14:07:56	11.65	--	0	128	卖盘
14:07:50	11.65	--	6	6990	卖盘
14:07:46	11.65	0.01	8	10356	买盘
14:07:41	11.64	-0.01	5	5820	卖盘
14:07:26	11.65	--	7	8155	买盘
14:07:20	11.65	--	2	2330	买盘
14:07:16	11.65	--	45	52425	买盘
14:06:41	11.65	--	18	20970	买盘
14:06:35	11.65	0.01	20	23300	买盘
14:06:26	11.64	-0.01	1	1164	卖盘
14:06:20	11.65	--	5	5825	买盘
14:06:05	11.65	0.01	10	11650	买盘
14:05:56	11.64	-0.01	9	10476	卖盘
14:05:31	11.65	0.01	10	11650	买盘
14:05:16	11.64	--	1	1164	卖盘
14:05:05	11.64	-0.01	3	3492	卖盘
14:05:01	11.65	--	12	13980	买盘
14:04:56	11.65	--	9	10485	买盘
14:04:46	11.65	--	9	10485	买盘
14:04:41	11.65	--	10	11650	买盘
14:04:35	11.65	--	2	2330	买盘
14:04:14	11.65	0.01	10	11650	买盘
14:04:10	11.64	-0.01	2	2328	卖盘
14:04:05	11.65	--	2	2330	买盘
14:03:59	11.65	0.01	3	3495	买盘
14:03:40	11.64	--	2	2328	卖盘
14:03:14	11.64	--	10	11640	卖盘
14:03:10	11.64	--	2	2328	卖盘
14:02:50	11.64	--	17	20661	买盘
14:02:35	11.64	--	20	23280	买盘
14:02:10	11.64	--	15	17460	买盘
14:01:50	11.64	--	120	139971	卖盘
14:01:44	11.64	--	90	104760	卖盘
14:01:25	11.64	--	13	15132	卖盘
14:01:05	11.64	--	228	265392	卖盘
14:00:59	11.64	--	39	45396	卖盘
14:00:35	11.64	-0.01	22	25608	卖盘
14:00:25	11.65	--	2	2330	买盘
13:59:55	11.65	--	5	5825	买盘
13:59:50	11.65	--	25	29125	买盘
13:59:44	11.65	--	54	62910	买盘
13:59:20	11.65	--	9	10485	买盘
13:59:14	11.65	-0.01	132	153908	卖盘
13:59:10	11.66	0.01	70	81620	买盘
13:58:14	11.65	--	26	31326	卖盘
13:58:09	11.65	-0.01	80	93200	卖盘
13:58:04	11.66	0.01	12	13992	买盘
13:57:55	11.65	--	1	1165	卖盘
13:57:38	11.65	--	4	4660	卖盘
13:57:29	11.65	-0.01	23	26795	卖盘
13:57:23	11.66	--	10	11660	买盘
13:57:14	11.66	--	1	1166	买盘
13:57:08	11.66	--	9	10494	买盘
13:56:59	11.66	0.01	10	11660	买盘
13:56:38	11.65	-0.01	17	19805	卖盘
13:56:23	11.66	--	9	10494	买盘
13:56:14	11.66	--	3	3498	买盘
13:56:08	11.66	-0.01	43	50138	卖盘
13:56:04	11.67	0.01	1	1167	买盘
13:55:38	11.66	-0.01	4	4664	卖盘
13:55:23	11.67	--	134	156378	卖盘
13:55:08	11.67	-0.01	5	5835	卖盘
13:54:53	11.68	--	15	17520	卖盘
13:54:49	11.68	--	10	11680	卖盘
13:54:38	11.68	--	10	11680	卖盘
13:54:23	11.68	--	3	3504	卖盘
13:54:08	11.68	--	2	2336	卖盘
13:53:59	11.68	-0.01	1	1168	卖盘
13:53:53	11.69	--	24	28056	买盘
13:53:38	11.69	-0.01	5	6487	卖盘
13:53:29	11.7	0.01	3	3510	买盘
13:53:23	11.69	-0.01	28	33258	卖盘
13:52:53	11.7	0.01	6	7020	买盘
13:52:23	11.69	--	94	109886	买盘
13:52:19	11.69	--	2	2338	买盘
13:51:59	11.69	0.01	272	317968	买盘
13:51:53	11.68	0.01	3	3504	买盘
13:51:23	11.67	--	10	11670	卖盘
13:51:02	11.67	--	0	0	买盘
13:50:58	11.67	--	10	11670	买盘
13:50:47	11.67	--	16	18672	买盘
13:50:32	11.67	--	20	23340	买盘
13:50:23	11.67	--	9	10503	买盘
13:50:17	11.67	--	81	94655	卖盘
13:49:53	11.67	-0.01	10	11670	卖盘
13:49:47	11.68	0.01	40	46720	买盘
13:49:23	11.67	--	37	44217	卖盘
13:49:02	11.67	--	1	1167	卖盘
13:48:58	11.67	--	19	22173	买盘
13:48:53	11.67	--	170	198390	买盘
13:48:28	11.67	0.01	5	5835	买盘
13:48:23	11.66	-0.01	13	15158	卖盘
13:47:43	11.67	0.01	39	45513	买盘
13:47:32	11.66	--	10	11660	卖盘
13:47:08	11.66	-0.01	4	4664	卖盘
13:47:02	11.67	0.01	10	11670	买盘
13:46:32	11.66	--	3	3498	卖盘
13:46:28	11.66	--	20	23320	卖盘
13:46:22	11.66	--	7	8162	买盘
13:46:17	11.66	--	10	11660	买盘
13:46:08	11.66	--	40	46640	买盘
13:45:47	11.66	0.01	2	2332	买盘
13:45:43	11.65	--	89	103929	买盘
13:45:37	11.65	--	5	5825	买盘
13:45:32	11.65	--	146	170090	买盘
13:45:23	11.65	--	15	17475	买盘
13:45:17	11.65	0.01	126	146790	买盘
13:45:13	11.64	-0.01	2	2328	卖盘
13:44:41	11.65	--	100	116500	买盘
13:44:17	11.65	0.01	6	6990	买盘
13:44:11	11.64	--	2	2328	卖盘
13:43:56	11.64	-0.01	17	19788	卖盘
13:43:52	11.65	0.01	22	25630	买盘
13:43:41	11.64	--	3	3492	卖盘
13:43:11	11.64	-0.01	71	82644	卖盘
13:43:02	11.65	--	147	171255	买盘
13:42:47	11.65	--	2	2330	买盘
13:42:41	11.65	--	7	8155	买盘
13:42:22	11.65	--	140	164020	卖盘
13:42:02	11.65	-0.01	10	11650	卖盘
13:41:41	11.66	--	5	5830	买盘
13:41:32	11.66	0.01	24	28228	买盘
13:41:17	11.65	--	90	104850	卖盘
13:41:11	11.65	--	11	12815	卖盘
13:41:02	11.65	0.01	63	73395	买盘
13:40:56	11.64	-0.01	4	4656	卖盘
13:40:46	11.65	--	12	13980	买盘
13:40:41	11.65	--	12	13980	买盘
13:40:32	11.65	--	16	18640	卖盘
13:40:07	11.65	-0.01	14	16310	卖盘
13:39:41	11.66	0.01	20	23320	买盘
13:39:31	11.65	-0.01	207	242075	卖盘
13:39:26	11.66	--	5	5830	买盘
13:38:56	11.66	0.01	50	58300	买盘
13:38:46	11.65	-0.01	20	23300	卖盘
13:38:37	11.66	--	30	34980	买盘
13:38:11	11.66	0.01	3	3498	买盘
13:38:05	11.65	--	8	9320	卖盘
13:37:46	11.65	--	5	5825	卖盘
13:37:41	11.65	-0.01	24	27960	卖盘
13:37:31	11.66	--	28	32648	买盘
13:37:16	11.66	0.01	5	5830	买盘
13:37:11	11.65	-0.01	6	6990	卖盘
13:37:05	11.66	--	5	5830	买盘
13:36:56	11.66	--	44	51304	卖盘
13:36:50	11.66	--	100	116600	卖盘
13:36:26	11.66	-0.01	3	3498	卖盘
13:36:20	11.67	0.01	30	35010	买盘
13:36:11	11.66	--	5	5830	卖盘
13:36:05	11.66	--	14	16324	卖盘
13:35:41	11.66	--	100	116600	卖盘
13:35:35	11.66	--	16	18656	买盘
13:35:20	11.66	0.01	2	2332	买盘
13:35:05	11.65	-0.01	10	11650	卖盘
13:34:50	11.66	--	84	98188	买盘
13:34:46	11.66	--	50	58300	买盘
13:34:35	11.66	--	3	3498	买盘
13:34:26	11.66	--	6	6996	卖盘
13:34:20	11.66	--	10	11660	卖盘
13:34:05	11.66	--	52	60632	卖盘
13:33:55	11.66	--	8	9328	卖盘
13:33:05	11.66	--	101	117766	卖盘
13:32:55	11.66	--	10	11660	卖盘
13:32:46	11.66	--	26	30316	卖盘
13:32:40	11.66	--	4	4664	卖盘
13:32:25	11.66	0.01	43	50138	买盘
13:32:15	11.65	-0.01	125	145625	卖盘
13:32:05	11.66	--	10	11660	买盘
13:31:59	11.66	--	4	4664	卖盘
13:31:50	11.66	-0.01	1	1166	卖盘
13:31:44	11.67	0.02	10	11670	买盘
13:31:20	11.65	-0.02	60	69900	卖盘
13:31:14	11.67	--	11	12837	买盘
13:30:59	11.67	0.01	24	28008	买盘
13:30:55	11.66	--	5	5830	卖盘
13:30:20	11.66	-0.01	2	2332	卖盘
13:30:05	11.67	--	1	1167	买盘
13:29:44	11.67	--	5	5835	买盘
13:29:40	11.67	0.01	5	5835	买盘
13:29:35	11.66	-0.01	10	11660	卖盘
13:29:29	11.67	0.01	5	5835	买盘
13:29:14	11.66	0.01	5	5830	卖盘
13:28:59	11.65	--	0	0	卖盘
13:28:55	11.65	-0.02	1	1165	卖盘
13:28:44	11.67	0.02	22	25674	买盘
13:28:35	11.65	--	0	0	卖盘
13:27:59	11.65	--	25	29125	买盘
13:27:55	11.65	--	5	5825	卖盘
13:27:50	11.65	--	0	0	卖盘
13:27:43	11.65	--	400	466000	卖盘
13:27:39	11.65	--	301	350665	卖盘
13:27:35	11.65	--	10	11650	卖盘
13:27:29	11.65	-0.01	10	11650	卖盘
13:27:24	11.66	--	1	1166	买盘
13:27:14	11.66	-0.01	125	145750	卖盘
13:27:09	11.67	-0.01	34	39678	卖盘
13:27:04	11.68	0.01	7	8176	买盘
13:26:59	11.67	--	40	46680	卖盘
13:26:55	11.67	-0.01	2	2334	卖盘
13:26:49	11.68	0.01	27	31536	买盘
13:26:29	11.67	-0.01	10	11670	卖盘
13:26:24	11.68	--	30	35040	买盘
13:26:09	11.68	--	52	60736	买盘
13:25:39	11.68	--	100	116800	买盘
13:25:23	11.68	0.01	5	5840	买盘
13:25:19	11.67	--	17	19839	卖盘
13:25:04	11.67	-0.01	38	44346	卖盘
13:24:59	11.68	--	2	2336	买盘
13:24:38	11.68	0.01	11	12848	买盘
13:24:23	11.67	--	20	23340	卖盘
13:24:08	11.67	--	30	35010	卖盘
13:23:29	11.67	--	23	26841	买盘
13:23:08	11.67	0.01	40	46680	买盘
13:23:04	11.66	--	30	34980	卖盘
13:22:59	11.66	--	42	48972	卖盘
13:22:38	11.66	-0.01	27	31482	卖盘
13:22:34	11.67	0.01	5	5835	买盘
13:22:29	11.66	--	60	69960	卖盘
13:22:08	11.66	-0.02	18	20988	卖盘
13:22:04	11.68	--	96	112128	卖盘
13:21:53	11.68	-0.01	1	1168	卖盘
13:21:34	11.69	-0.01	8	9994	卖盘
13:20:48	11.7	--	5	5850	买盘
13:20:38	11.7	--	1	1170	卖盘
13:20:28	11.7	--	7	8189	卖盘
13:20:23	11.7	-0.01	5	5850	卖盘
13:20:03	11.71	--	8	9368	卖盘
13:19:53	11.71	--	5	5855	卖盘
13:19:33	11.71	--	17	19907	卖盘
13:19:23	11.71	-0.01	23	26933	卖盘
13:19:13	11.72	--	4	4688	买盘
13:18:53	11.72	0.01	23	26956	买盘
13:18:47	11.71	-0.01	15	17565	卖盘
13:18:28	11.72	--	19	22268	卖盘
13:18:13	11.72	--	10	11720	卖盘
13:18:08	11.72	--	73	85556	卖盘
13:17:32	11.72	--	250	293000	卖盘
13:17:17	11.72	--	10	11720	卖盘
13:17:13	11.72	--	5	5860	卖盘
13:17:08	11.72	--	5	5860	卖盘
13:16:43	11.72	--	23	26956	卖盘
13:16:17	11.72	-0.01	51	59772	卖盘
13:16:08	11.73	0.01	13	15249	买盘
13:15:53	11.72	--	47	55084	卖盘
13:15:23	11.72	--	5	5860	卖盘
13:14:38	11.72	0.01	20	23440	买盘
13:13:57	11.71	-0.01	16	18736	卖盘
13:13:52	11.72	--	6	7032	卖盘
13:13:42	11.72	0.01	1	1172	买盘
13:13:37	11.71	--	20	23420	卖盘
13:13:27	11.71	--	5	5855	卖盘
13:13:22	11.71	--	20	23420	卖盘
13:13:17	11.71	--	6	7026	卖盘
13:13:12	11.71	--	0	0	卖盘
13:13:07	11.71	--	4	4684	买盘
13:12:57	11.71	--	20	23420	买盘
13:12:32	11.71	0.01	20	23420	买盘
13:12:11	11.7	-0.01	3	3510	卖盘
13:12:07	11.71	0.01	60	70260	买盘
13:12:02	11.7	--	20	23400	卖盘
13:11:56	11.7	--	8	9360	买盘
13:11:52	11.7	--	2	2340	卖盘
13:11:47	11.7	0.01	18	21060	买盘
13:11:22	11.69	--	2	2864	买盘
13:11:17	11.69	--	20	23380	买盘
13:10:56	11.69	--	106	123914	买盘
13:10:47	11.69	--	30	35070	买盘
13:10:41	11.69	-0.01	17	19873	卖盘
13:10:32	11.7	0.01	7	8189	买盘
13:10:11	11.69	-0.01	4	4676	卖盘
13:10:02	11.7	0.01	24	28080	买盘
13:09:56	11.69	--	27	31563	卖盘
13:09:47	11.69	--	10	11690	卖盘
13:09:41	11.69	--	3	3507	卖盘
13:09:32	11.69	--	10	11690	卖盘
13:09:17	11.69	-0.01	2	2338	卖盘
13:09:07	11.7	--	1	1170	买盘
13:09:02	11.7	--	40	46800	买盘
13:08:52	11.7	--	27	31706	卖盘
13:08:47	11.7	--	10	11700	卖盘
13:08:41	11.7	-0.01	1	1170	卖盘
13:08:32	11.71	--	57	67391	卖盘
13:08:17	11.71	--	2	2342	卖盘
13:08:11	11.71	--	0	0	卖盘
13:08:02	11.71	-0.03	41	48011	卖盘
13:07:56	11.74	0.03	53	62222	买盘
13:07:46	11.71	--	0	0	卖盘
13:07:36	11.71	-0.02	50	58550	卖盘
13:07:31	11.73	-0.01	7	8211	卖盘
13:07:26	11.74	0.01	10	11740	买盘
13:07:16	11.73	-0.01	200	234600	卖盘
13:07:11	11.74	0.01	14	16436	买盘
13:06:56	11.73	--	32	37536	卖盘
13:06:41	11.73	0.01	100	117827	买盘
13:06:36	11.72	-0.01	69	81512	卖盘
13:06:11	11.73	--	25	29325	买盘
13:05:11	11.73	--	1	1173	卖盘
13:04:50	11.73	0.01	5	5865	中性盘
13:04:26	11.72	-0.02	95	111867	卖盘
13:03:26	11.74	0.01	90	105660	买盘
13:03:20	11.73	--	29	34017	卖盘
13:03:11	11.73	--	2	2346	卖盘
13:03:05	11.73	--	25	29325	买盘
13:02:56	11.73	--	2	2346	买盘
13:02:26	11.73	--	30	35190	买盘
13:01:35	11.73	0.01	50	58650	买盘
13:01:30	11.72	0.01	6	7032	买盘
13:01:20	11.71	-0.01	2	2342	卖盘
13:01:11	11.72	--	0	0	买盘
13:01:05	11.72	0.02	30	35160	买盘
13:00:49	11.7	--	53	62009	卖盘
13:00:30	11.7	-0.01	4	4680	卖盘
13:00:15	11.71	0.01	30	36183	买盘
13:00:10	11.7	--	1	1170	卖盘
13:00:05	11.7	--	188	219960	买盘
11:30:00	11.7	--	0	0	买盘
11:29:59	11.7	--	0	0	买盘
11:29:40	11.7	0.01	20	23400	买盘
11:29:25	11.69	-0.01	4	4676	卖盘
11:29:16	11.7	--	10	11700	买盘
11:29:01	11.7	0.01	10	11700	买盘
11:28:40	11.69	--	82	95858	买盘
11:28:31	11.69	--	2	2338	买盘
11:28:10	11.69	--	5	5845	买盘
11:27:55	11.69	0.01	26	30394	买盘
11:27:40	11.68	-0.01	40	46720	卖盘
11:27:36	11.69	0.01	6	7014	买盘
11:27:21	11.68	--	71	82928	买盘
11:27:10	11.68	--	13	15184	买盘
11:27:01	11.68	0.02	6	7008	买盘
11:26:40	11.66	0.01	4	4664	卖盘
11:26:36	11.65	--	111	129315	买盘
11:26:25	11.65	0.01	1	1165	买盘
11:26:10	11.64	0.01	7	9021	卖盘
11:25:55	11.63	--	0	0	卖盘
11:25:46	11.63	--	112	130256	卖盘
11:25:25	11.63	--	8	9304	卖盘
11:25:21	11.63	--	11	12793	买盘
11:24:55	11.63	--	5	5815	买盘
11:24:49	11.63	0.02	5	5815	买盘
11:24:34	11.61	--	20	23220	卖盘
11:24:31	11.61	-0.02	40	46440	卖盘
11:24:25	11.63	0.01	5	5815	买盘
11:24:19	11.62	--	12	13943	买盘
11:24:10	11.62	-0.01	199	231237	卖盘
11:23:55	11.63	-0.01	195	226785	卖盘
11:23:49	11.64	--	49	57036	买盘
11:23:46	11.64	--	3	3492	买盘
11:23:34	11.64	--	60	69840	买盘
11:23:25	11.64	--	10	11640	买盘
11:23:04	11.64	--	152	176928	买盘
11:22:49	11.64	--	30	34920	买盘
11:22:45	11.64	0.01	5	5820	买盘
11:22:40	11.63	-0.01	14	16282	卖盘
11:22:34	11.64	--	7	8148	卖盘
11:22:19	11.64	0.01	9	10476	买盘
11:22:10	11.63	-0.01	26	30238	卖盘
11:21:55	11.64	0.01	25	29100	买盘
11:21:49	11.63	--	12	13956	卖盘
11:21:45	11.63	--	5	5815	卖盘
11:21:40	11.63	--	15	17445	卖盘
11:21:34	11.63	--	20	23260	卖盘
11:21:30	11.63	-0.01	40	46520	卖盘
11:21:25	11.64	0.01	2	2328	买盘
11:21:15	11.63	-0.01	9	10467	卖盘
11:21:10	11.64	0.01	30	34920	卖盘
11:20:49	11.63	-0.02	23	26749	卖盘
11:20:40	11.65	--	0	0	买盘
11:20:30	11.65	--	1	1165	卖盘
11:20:15	11.65	--	19	22135	买盘
11:20:10	11.65	0.01	23	26795	买盘
11:20:04	11.64	--	26	30264	卖盘
11:20:00	11.64	-0.01	165	192060	卖盘
11:19:55	11.65	0.01	57	66405	买盘
11:19:40	11.64	-0.01	42	48888	卖盘
11:19:34	11.65	0.01	5	5825	买盘
11:19:30	11.64	-0.01	11	12804	卖盘
11:19:19	11.65	-0.02	54	62910	卖盘
11:19:15	11.67	0.01	10	11670	买盘
11:18:40	11.66	--	0	0	卖盘
11:18:28	11.66	-0.03	23	27109	卖盘
11:18:19	11.69	0.02	5	5845	买盘
11:18:10	11.67	--	10	11670	卖盘
11:17:54	11.67	-0.01	10	11670	卖盘
11:17:39	11.68	--	2	2336	卖盘
11:17:09	11.68	--	2	2336	卖盘
11:17:04	11.68	--	10	11680	卖盘
11:16:58	11.68	--	55	64240	卖盘
11:16:39	11.68	--	1	1168	卖盘
11:16:34	11.68	--	10	11680	卖盘
11:16:28	11.68	--	1	1168	卖盘
11:16:19	11.68	--	3	3504	卖盘
11:16:09	11.68	--	12	14016	卖盘
11:15:43	11.68	--	10	11680	卖盘
11:15:39	11.68	-0.01	2	2336	卖盘
11:15:28	11.69	0.01	30	35070	中性盘
11:15:19	11.68	-0.01	39	45552	卖盘
11:15:13	11.69	--	3	3507	卖盘
11:15:09	11.69	-0.01	3	3507	卖盘
11:15:04	11.7	0.02	2	2340	买盘
11:14:54	11.68	--	0	0	卖盘
11:14:49	11.68	-0.02	20	23360	卖盘
11:14:43	11.7	0.02	20	23400	买盘
11:14:24	11.68	-0.01	47	54896	卖盘
11:14:19	11.69	--	22	25718	卖盘
11:14:09	11.69	--	3	3507	卖盘
11:14:04	11.69	0.01	53	62833	买盘
11:13:43	11.68	--	11	12848	卖盘
11:13:28	11.68	--	35	40880	卖盘
11:13:09	11.68	0.01	16	18688	买盘
11:12:58	11.67	-0.01	22	25674	卖盘
11:12:28	11.68	--	4	4672	买盘
11:12:07	11.68	--	1	1168	买盘
11:11:52	11.68	0.01	8	9344	买盘
11:11:49	11.67	--	11	12837	卖盘
11:11:37	11.67	0.01	29	33843	买盘
11:11:34	11.66	--	10	11660	卖盘
11:11:28	11.66	--	2	2343	买盘
11:11:22	11.66	--	31	36146	买盘
11:11:03	11.66	--	3	3498	买盘
11:10:58	11.66	--	50	58300	买盘
11:10:43	11.66	0.01	10	11660	买盘
11:10:37	11.65	--	14	16310	卖盘
11:10:33	11.65	--	6	6990	卖盘
11:10:28	11.65	0.01	58	67570	买盘
11:10:13	11.64	0.01	5	5820	中性盘
11:10:07	11.63	--	0	0	卖盘
11:09:58	11.63	-0.02	19	22097	卖盘
11:09:43	11.65	-0.01	3	3495	中性盘
11:09:37	11.66	0.03	10	11660	买盘
11:09:33	11.63	-0.03	10	11630	卖盘
11:09:28	11.66	--	8	9328	买盘
11:09:22	11.66	--	0	0	买盘
11:09:13	11.66	0.01	4	4664	买盘
11:09:07	11.65	--	130	151450	买盘
11:08:58	11.65	--	10	11650	买盘
11:08:52	11.65	-0.01	303	352995	卖盘
11:08:43	11.66	0.01	19	22154	卖盘
11:08:37	11.65	-0.01	200	233000	卖盘
11:08:28	11.66	0.01	21	24486	买盘
11:08:22	11.65	-0.01	10	11650	卖盘
11:08:18	11.66	-0.01	24	27984	卖盘
11:08:07	11.67	0.06	50	58350	买盘
11:08:03	11.61	-0.05	313	363393	卖盘
11:07:58	11.66	--	20	23320	卖盘
11:07:43	11.66	--	83	96778	卖盘
11:07:33	11.66	--	0	0	卖盘
11:07:22	11.66	-0.02	40	46640	卖盘
11:06:58	11.68	--	50	58400	买盘
11:06:52	11.68	--	3	3504	买盘
11:06:37	11.68	-0.02	404	471872	卖盘
11:06:33	11.7	--	36	42120	卖盘
11:06:28	11.7	-0.01	4	4680	卖盘
11:06:13	11.71	--	10	11710	买盘
11:06:07	11.71	-0.01	19	22249	买盘
11:05:46	11.72	0.03	73	85556	买盘
11:05:37	11.69	-0.01	98	114562	卖盘
11:05:22	11.7	--	5	5850	买盘
11:05:13	11.7	--	7	8189	卖盘
11:05:07	11.7	0.01	43	50310	买盘
11:04:58	11.69	-0.01	6	7014	卖盘
11:04:52	11.7	0.01	20	23400	买盘
11:04:46	11.69	--	5	5845	卖盘
11:04:42	11.69	--	40	46760	卖盘
11:04:37	11.69	-0.01	179	209251	卖盘
11:04:31	11.7	0.01	27	31589	买盘
11:04:27	11.69	--	5	5845	卖盘
11:04:22	11.69	--	18	21042	卖盘
11:04:12	11.69	--	18	21042	卖盘
11:03:52	11.69	--	59	68971	卖盘
11:03:42	11.69	--	7	8183	卖盘
11:03:31	11.69	--	50	58450	卖盘
11:03:22	11.69	--	20	23380	卖盘
11:03:07	11.69	--	15	17535	卖盘
11:03:01	11.69	-0.01	5	5845	卖盘
11:02:52	11.7	--	18	21060	买盘
11:02:31	11.7	--	1	1170	买盘
11:02:27	11.7	-0.01	106	124019	卖盘
11:02:07	11.71	--	9	10539	卖盘
11:02:01	11.71	--	10	11710	卖盘
11:01:57	11.71	0.01	2	2342	卖盘
11:01:46	11.7	--	0	0	卖盘
11:01:42	11.7	-0.01	40	46800	卖盘
11:01:37	11.71	0.01	94	110074	买盘
11:01:31	11.7	--	10	11700	卖盘
11:01:22	11.7	-0.01	10	11700	卖盘
11:01:16	11.71	0.01	30	35130	买盘
11:01:12	11.7	--	43	50310	卖盘
11:01:01	11.7	--	25	29250	卖盘
11:00:57	11.7	--	23	26910	买盘
11:00:46	11.7	--	1	1170	买盘
11:00:42	11.7	--	29	33930	卖盘
11:00:31	11.7	--	50	58500	卖盘
11:00:27	11.7	--	2	2340	卖盘
11:00:16	11.7	--	21	24570	卖盘
11:00:01	11.7	--	20	23400	卖盘
10:59:46	11.7	-0.01	2	2340	卖盘
10:59:01	11.71	-0.01	13	15223	卖盘
10:58:10	11.72	--	15	17580	买盘
10:57:51	11.72	0.01	23	26956	买盘
10:57:31	11.71	-0.01	3	3513	卖盘
10:57:16	11.72	0.02	1	1172	买盘
10:56:55	11.7	-0.01	20	23400	卖盘
10:56:31	11.71	0.01	6	7026	卖盘
10:56:25	11.7	-0.02	110	128699	卖盘
10:56:21	11.72	0.01	123	144156	买盘
10:56:10	11.71	--	14	16394	买盘
10:56:01	11.71	--	13	15223	买盘
10:55:36	11.71	--	4	4684	买盘
10:55:16	11.71	0.01	8	9368	买盘
10:55:06	11.7	-0.01	64	74880	卖盘
10:54:55	11.71	--	23	26933	买盘
10:54:51	11.71	--	3	3513	买盘
10:54:46	11.71	0.01	10	11710	买盘
10:54:40	11.7	-0.01	1	1170	卖盘
10:54:31	11.71	--	30	35130	买盘
10:54:25	11.71	0.01	50	58550	买盘
10:54:10	11.7	-0.01	26	30419	卖盘
10:54:01	11.71	0.01	27	31617	买盘
10:53:55	11.7	--	15	17550	卖盘
10:53:40	11.7	--	2	2340	卖盘
10:53:19	11.7	-0.01	5	5850	卖盘
10:53:16	11.71	0.01	5	5855	买盘
10:53:10	11.7	--	2	2340	卖盘
10:52:46	11.7	--	50	58500	卖盘
10:52:40	11.7	--	12	14040	卖盘
10:52:25	11.7	--	20	23400	卖盘
10:52:10	11.7	--	79	92430	卖盘
10:51:49	11.7	--	20	23400	卖盘
10:51:40	11.7	--	17	19890	卖盘
10:51:34	11.7	--	12	14040	卖盘
10:51:25	11.7	--	20	23400	卖盘
10:51:19	11.7	--	13	15209	卖盘
10:51:10	11.7	--	4	4680	卖盘
10:51:04	11.7	--	10	11700	卖盘
10:51:00	11.7	--	9	10530	卖盘
10:50:45	11.7	--	13	15209	卖盘
10:50:25	11.7	-0.01	30	35100	卖盘
10:50:10	11.71	--	1	1171	买盘
10:50:04	11.71	--	1	1171	买盘
10:49:49	11.71	--	78	91338	卖盘
10:49:40	11.71	--	151	176821	卖盘
10:49:19	11.71	-0.01	2	2342	卖盘
10:49:04	11.72	--	8	9376	买盘
10:48:49	11.72	-0.01	52	60944	卖盘
10:48:30	11.73	0.01	30	35190	买盘
10:48:00	11.72	--	55	64460	买盘
10:47:49	11.72	--	64	75008	买盘
10:47:34	11.72	--	28	32816	买盘
10:47:19	11.72	--	5	5860	买盘
10:47:10	11.72	--	2	2344	买盘
10:47:04	11.72	0.01	17	19924	买盘
10:46:49	11.71	--	14	16394	卖盘
10:46:43	11.71	--	5	5855	卖盘
10:46:28	11.71	-0.01	5	5855	卖盘
10:46:19	11.72	0.01	42	49224	买盘
10:46:13	11.71	-0.01	1	1171	卖盘
10:46:04	11.72	--	67	78524	买盘
10:45:39	11.72	-0.01	18	21096	卖盘
10:45:04	11.73	--	3	3519	买盘
10:44:58	11.73	--	50	58650	买盘
10:44:43	11.73	0.01	10	11730	买盘
10:44:39	11.72	-0.01	9	10548	卖盘
10:44:34	11.73	--	18	21114	买盘
10:44:24	11.73	--	4	4692	买盘
10:44:19	11.73	0.01	33	38709	买盘
10:44:09	11.72	0.02	23	26956	买盘
10:44:04	11.7	-0.01	78	91260	卖盘
10:43:58	11.71	0.01	24	28104	买盘
10:43:34	11.7	--	77	90090	买盘
10:43:19	11.7	--	5	5850	买盘
10:43:09	11.7	--	133	155610	买盘
10:42:58	11.7	--	5	5850	买盘
10:42:54	11.7	0.01	10	11700	买盘
10:42:39	11.69	--	2	2338	卖盘
10:42:09	11.69	--	11	12859	卖盘
10:42:04	11.69	--	9	10521	卖盘
10:41:54	11.69	--	40	46760	卖盘
10:41:43	11.69	--	75	87675	卖盘
10:41:39	11.69	--	2	2338	卖盘
10:41:34	11.69	--	55	64295	卖盘
10:41:28	11.69	-0.01	2	2338	卖盘
10:41:24	11.7	0.01	5	5850	买盘
10:41:09	11.69	--	2	2338	卖盘
10:40:52	11.69	--	10	11690	卖盘
10:40:37	11.69	--	3	3507	卖盘
10:40:34	11.69	--	6	7014	卖盘
10:40:22	11.69	--	6	7014	卖盘
10:40:07	11.69	-0.01	9	10521	卖盘
10:40:03	11.7	--	1	1170	买盘
10:39:58	11.7	--	7	8189	买盘
10:39:52	11.7	-0.01	146	170820	卖盘
10:39:48	11.71	0.01	53	62063	买盘
10:39:43	11.7	--	12	14040	卖盘
10:39:22	11.7	-0.01	38	44460	卖盘
10:39:18	11.71	--	11	12881	买盘
10:39:03	11.71	--	10	11710	买盘
10:38:58	11.71	--	0	0	买盘
10:38:52	11.71	0.02	5	5855	买盘
10:38:48	11.69	-0.01	129	150801	卖盘
10:38:43	11.7	--	142	166140	买盘
10:38:37	11.7	0.01	1	1170	买盘
10:38:33	11.69	-0.01	2	2338	卖盘
10:38:28	11.7	0.01	1	1170	买盘
10:38:22	11.69	--	145	169505	卖盘
10:38:07	11.69	--	69	80661	买盘
10:37:58	11.69	--	33	38577	买盘
10:37:52	11.69	--	2	2338	买盘
10:37:48	11.69	0.01	59	68971	买盘
10:37:43	11.68	-0.01	102	119136	卖盘
10:37:37	11.69	--	84	98196	买盘
10:37:33	11.69	0.01	15	17535	买盘
10:37:28	11.68	--	1	1168	卖盘
10:37:22	11.68	--	86	100448	买盘
10:37:18	11.68	--	200	233600	买盘
10:37:13	11.68	--	146	170528	买盘
10:37:07	11.68	0.01	247	288496	买盘
10:36:58	11.67	--	33	38511	买盘
10:36:43	11.67	--	42	49014	卖盘
10:36:37	11.67	0.01	2	2334	中性盘
10:36:33	11.66	-0.02	11	12826	卖盘
10:36:28	11.68	--	20	23360	买盘
10:36:18	11.68	--	10	11680	买盘
10:36:13	11.68	-0.02	153	178704	卖盘
10:36:07	11.7	0.01	20	23400	买盘
10:35:58	11.69	--	1	1169	卖盘
10:35:48	11.69	-0.01	82	95858	卖盘
10:35:43	11.7	0.01	10	11700	买盘
10:35:37	11.69	--	2	2338	卖盘
10:35:33	11.69	-0.01	16	18704	卖盘
10:35:22	11.7	--	107	125189	买盘
10:35:13	11.7	--	10	11700	买盘
10:35:07	11.7	--	86	100620	卖盘
10:35:03	11.7	--	79	92430	卖盘
10:34:58	11.7	--	7	8189	卖盘
10:34:52	11.7	--	130	152100	卖盘
10:34:43	11.7	--	10	11700	卖盘
10:34:37	11.7	--	57	66690	卖盘
10:34:31	11.7	--	125	146250	卖盘
10:34:28	11.7	--	42	49140	卖盘
10:34:22	11.7	--	23	26910	卖盘
10:34:16	11.7	--	69	80730	卖盘
10:34:13	11.7	--	5	5850	卖盘
10:34:07	11.7	--	79	92430	卖盘
10:34:01	11.7	--	63	73710	卖盘
10:33:57	11.7	--	30	35100	卖盘
10:33:52	11.7	-0.01	31	36270	卖盘
10:33:37	11.71	-0.01	129	151059	卖盘
10:33:31	11.72	0.01	106	124232	买盘
10:33:27	11.71	--	5	5855	卖盘
10:33:22	11.71	--	17	19907	卖盘
10:33:16	11.71	-0.01	20	23420	卖盘
10:33:07	11.72	0.01	30	35160	买盘
10:33:01	11.71	--	1	1171	卖盘
10:32:57	11.71	--	6	7026	卖盘
10:32:52	11.71	--	11	12881	卖盘
10:32:46	11.71	--	30	35130	卖盘
10:32:37	11.71	--	0	0	卖盘
10:32:31	11.71	-0.01	300	351300	卖盘
10:32:27	11.72	--	4	4688	卖盘
10:32:22	11.72	--	2	2344	卖盘
10:32:16	11.72	-0.01	37	43364	卖盘
10:32:12	11.73	0.01	4	4692	买盘
10:32:07	11.72	-0.01	34	39848	卖盘
10:32:01	11.73	0.01	25	29325	买盘
10:31:52	11.72	--	109	127748	卖盘
10:31:37	11.72	-0.01	116	135952	卖盘
10:31:31	11.73	0.01	91	106743	买盘
10:31:27	11.72	-0.01	40	46880	卖盘
10:31:12	11.73	0.01	10	11730	买盘
10:31:07	11.72	-0.01	31	36332	卖盘
10:31:01	11.73	0.01	12	14076	买盘
10:30:52	11.72	--	3	3516	卖盘
10:30:27	11.72	--	2	2344	卖盘
10:30:07	11.72	--	30	35160	买盘
10:29:57	11.72	0.01	20	23440	买盘
10:29:52	11.71	--	20	23420	卖盘
10:29:46	11.71	--	5	5855	卖盘
10:29:37	11.71	--	62	72602	卖盘
10:29:31	11.71	-0.01	13	15223	卖盘
10:29:27	11.72	0.01	34	39848	买盘
10:29:07	11.71	--	3	3513	卖盘
10:29:01	11.71	--	82	96022	卖盘
10:28:46	11.71	-0.01	9	10539	卖盘
10:28:27	11.72	-0.01	110	128920	卖盘
10:28:21	11.73	--	1	1173	买盘
10:28:16	11.73	--	17	19941	买盘
10:28:07	11.73	-0.01	232	272136	卖盘
10:28:01	11.74	--	10	11740	买盘
10:27:55	11.74	--	4	4696	买盘
10:27:46	11.74	0.01	13	15262	买盘
10:27:40	11.73	--	6	7038	卖盘
10:27:36	11.73	-0.01	30	35190	卖盘
10:27:31	11.74	--	28	32872	买盘
10:27:21	11.74	0.01	30	35220	买盘
10:27:16	11.73	-0.01	12	14076	卖盘
10:27:10	11.74	--	9	10566	买盘
10:27:01	11.74	0.01	101	118574	买盘
10:26:55	11.73	-0.01	30	35190	卖盘
10:26:40	11.74	-0.01	88	103312	卖盘
10:26:31	11.75	0.01	28	32900	买盘
10:26:10	11.74	0.01	7	8218	买盘
10:25:55	11.73	--	4	4692	买盘
10:25:40	11.73	--	3	3519	买盘
10:25:25	11.73	--	29	34017	买盘
10:25:16	11.73	--	25	29325	买盘
10:25:10	11.73	0.01	6	7038	中性盘
10:25:06	11.72	-0.01	147	172284	卖盘
10:25:01	11.73	--	2	2346	买盘
10:24:55	11.73	--	12	14076	买盘
10:24:51	11.73	--	2	2346	买盘
10:24:40	11.73	--	42	49266	卖盘
10:24:36	11.73	0.01	21	24633	买盘
10:24:31	11.72	--	66	77352	卖盘
10:24:25	11.72	-0.01	66	77352	卖盘
10:24:21	11.73	0.01	5	5865	买盘
10:24:16	11.72	--	37	43364	卖盘
10:24:10	11.72	-0.01	2	2344	卖盘
10:23:55	11.73	--	2	2346	买盘
10:23:46	11.73	--	16	18768	买盘
10:23:40	11.73	--	10	11730	买盘
10:23:31	11.73	-0.01	129	151317	卖盘
10:23:25	11.74	0.01	30	35220	买盘
10:23:21	11.73	-0.01	44	51612	卖盘
10:23:10	11.74	--	6	7044	买盘
10:22:55	11.74	--	26	30524	卖盘
10:22:46	11.74	--	12	14088	卖盘
10:22:40	11.74	0.01	2	2348	卖盘
10:22:36	11.73	-0.01	36	42228	卖盘
10:22:31	11.74	0.01	4	4696	买盘
10:22:25	11.73	-0.02	1	1173	卖盘
10:22:21	11.75	0.02	56	65800	买盘
10:22:10	11.73	-0.02	2	2346	卖盘
10:22:04	11.75	--	50	58750	买盘
10:22:00	11.75	--	15	17625	买盘
10:21:55	11.75	--	20	23500	买盘
10:21:49	11.75	--	31	36425	买盘
10:21:45	11.75	--	228	268710	卖盘
10:21:40	11.75	--	0	0	卖盘
10:21:34	11.75	-0.03	72	84600	卖盘
10:21:25	11.78	0.02	29	34162	买盘
10:21:19	11.76	0.01	86	101136	卖盘
10:21:15	11.75	--	0	0	卖盘
10:21:10	11.75	-0.03	49	57575	卖盘
10:21:04	11.78	0.02	31	36518	买盘
10:20:55	11.76	--	4	4704	卖盘
10:20:49	11.76	-0.01	32	37632	卖盘
10:20:45	11.77	0.01	10	11770	买盘
10:20:40	11.76	--	107	125832	卖盘
10:20:34	11.76	--	52	61152	卖盘
10:20:25	11.76	--	52	61516	买盘
10:20:10	11.76	-0.01	12	14923	卖盘
10:20:04	11.77	0.01	45	53329	买盘
10:20:00	11.76	-0.01	10	11760	卖盘
10:19:55	11.77	--	9	10593	买盘
10:19:49	11.77	--	50	58850	买盘
10:19:40	11.77	--	41	48257	买盘
10:19:30	11.77	-0.01	5	6697	卖盘
10:19:25	11.78	--	92	108376	买盘
10:19:19	11.78	0.01	1	1178	买盘
10:19:04	11.77	--	0	0	卖盘
10:18:55	11.77	-0.01	65	76505	卖盘
10:18:49	11.78	--	1	1178	卖盘
10:18:40	11.78	--	10	11780	卖盘
10:18:34	11.78	-0.01	60	70680	卖盘
10:18:19	11.79	--	0	0	卖盘
10:18:15	11.79	-0.02	10	11790	卖盘
10:18:10	11.81	--	17	20077	卖盘
10:18:04	11.81	-0.01	4	4724	卖盘
10:17:55	11.82	--	59	69738	买盘
10:17:49	11.82	--	42	49644	卖盘
10:17:45	11.82	--	5	5910	卖盘
10:17:40	11.82	--	3	3546	卖盘
10:17:34	11.82	0.02	11	13002	买盘
10:17:30	11.8	--	80	94400	卖盘
10:17:25	11.8	--	0	0	卖盘
10:17:19	11.8	--	116	136880	卖盘
10:17:15	11.8	--	1	1180	卖盘
10:17:04	11.8	--	5	5900	卖盘
10:17:00	11.8	-0.02	12	14160	卖盘
10:16:55	11.82	0.02	9	10638	买盘
10:16:49	11.8	--	52	61360	卖盘
10:16:45	11.8	-0.02	201	237180	卖盘
10:16:40	11.82	0.02	30	35460	买盘
10:16:34	11.8	--	12	14160	卖盘
10:16:30	11.8	--	5	5900	卖盘
10:16:25	11.8	--	54	63720	卖盘
10:16:19	11.8	0.01	307	362625	买盘
10:16:15	11.79	-0.01	267	314793	卖盘
10:16:04	11.8	--	81	95580	买盘
10:16:00	11.8	--	14	16520	买盘
10:15:55	11.8	0.01	40	47200	买盘
10:15:49	11.79	-0.01	32	37728	卖盘
10:15:45	11.8	0.01	40	47200	买盘
10:15:39	11.79	0.01	168	198072	买盘
10:15:34	11.78	--	11	12958	卖盘
10:15:28	11.78	--	1	1178	卖盘
10:15:24	11.78	--	5	5890	买盘
10:15:19	11.78	--	95	111910	卖盘
10:15:13	11.78	0.01	6	7068	买盘
10:15:09	11.77	--	203	238931	买盘
10:15:04	11.77	--	10	11770	买盘
10:14:58	11.77	0.01	60	70620	中性盘
10:14:54	11.76	-0.01	268	315168	卖盘
10:14:43	11.77	--	5	5885	卖盘
10:14:39	11.77	0.01	250	294250	买盘
10:14:34	11.76	-0.01	10	11760	卖盘
10:14:28	11.77	--	10	11770	买盘
10:14:24	11.77	--	10	11770	买盘
10:14:13	11.77	0.01	36	42372	买盘
10:14:09	11.76	-0.01	19	22344	卖盘
10:14:04	11.77	--	99	116523	买盘
10:13:58	11.77	--	65	76505	卖盘
10:13:54	11.77	--	16	18832	卖盘
10:13:49	11.77	--	13	15301	卖盘
10:13:43	11.77	-0.01	16	18832	卖盘
10:13:39	11.78	0.01	323	380494	买盘
10:13:34	11.77	--	23	27071	卖盘
10:13:28	11.77	-0.01	21	24717	卖盘
10:13:24	11.78	--	10	11780	买盘
10:13:19	11.78	--	25	29450	买盘
10:13:13	11.78	--	95	111910	卖盘
10:12:58	11.78	--	13	15314	卖盘
10:12:54	11.78	-0.01	20	23560	卖盘
10:12:49	11.79	0.01	11	12968	买盘
10:12:43	11.78	-0.01	44	51832	卖盘
10:12:39	11.79	--	24	28295	买盘
10:12:34	11.79	0.01	1	1179	买盘
10:12:28	11.78	--	2	2356	卖盘
10:12:24	11.78	--	25	29450	卖盘
10:12:19	11.78	--	65	76570	卖盘
10:12:13	11.78	-0.01	21	24738	卖盘
10:12:09	11.79	--	34	40086	卖盘
10:12:04	11.79	--	56	66024	买盘
10:11:58	11.79	0.01	3	3536	买盘
10:11:54	11.78	-0.01	10	11780	卖盘
10:11:49	11.79	--	2	2358	买盘
10:11:39	11.79	-0.01	34	40086	卖盘
10:11:19	11.8	-0.01	201	237829	卖盘
10:11:13	11.81	--	2	2362	卖盘
10:11:09	11.81	-0.02	15	18246	卖盘
10:10:58	11.83	0.01	36	42588	买盘
10:10:54	11.82	--	12	14184	卖盘
10:10:49	11.82	-0.01	5	5910	卖盘
10:10:34	11.83	--	26	30758	卖盘
10:10:28	11.83	-0.02	10	11830	卖盘
10:10:24	11.85	--	3	3555	买盘
10:10:18	11.85	--	7	8295	买盘
10:10:13	11.85	--	88	104280	买盘
10:10:09	11.85	--	18	21330	买盘
10:09:58	11.85	--	107	126795	买盘
10:09:49	11.85	--	76	90060	卖盘
10:09:43	11.85	0.01	87	103095	买盘
10:09:38	11.84	-0.02	35	41440	卖盘
10:09:34	11.86	0.01	10	11860	买盘
10:09:28	11.85	0.01	22	26070	买盘
10:09:24	11.84	-0.02	29	34336	卖盘
10:09:19	11.86	0.01	10	11860	买盘
10:09:13	11.85	--	31	36735	买盘
10:09:07	11.85	-0.01	70	82950	买盘
10:08:58	11.86	0.02	36	42696	买盘
10:08:52	11.84	-0.01	9	10656	卖盘
10:08:48	11.85	0.01	72	85320	买盘
10:08:37	11.84	--	62	73408	卖盘
10:08:22	11.84	--	10	11840	卖盘
10:08:18	11.84	--	11	13024	买盘
10:08:07	11.84	--	21	24864	买盘
10:07:58	11.84	0.01	36	42624	买盘
10:07:52	11.83	--	85	100555	卖盘
10:07:48	11.83	-0.01	89	105287	卖盘
10:07:43	11.84	0.01	11	13024	买盘
10:07:37	11.83	--	5	5915	卖盘
10:07:33	11.83	--	75	88725	卖盘
10:07:28	11.83	-0.01	222	262626	卖盘
10:07:22	11.84	--	25	29600	买盘
10:07:18	11.84	--	5	5920	买盘
10:07:13	11.84	--	50	59200	买盘
10:07:07	11.84	0.01	48	56832	买盘
10:07:03	11.83	-0.01	14	16562	卖盘
10:06:58	11.84	--	241	285344	买盘
10:06:52	11.84	--	5	5920	买盘
10:06:48	11.84	-0.01	94	111296	卖盘
10:06:43	11.85	--	7	8295	买盘
10:06:37	11.85	--	135	159975	买盘
10:06:33	11.85	0.01	30	35550	买盘
10:06:28	11.84	--	22	26048	卖盘
10:06:22	11.84	-0.01	21	24864	卖盘
10:06:18	11.85	--	113	133905	卖盘
10:06:13	11.85	--	15	17775	卖盘
10:06:07	11.85	-0.01	114	135090	卖盘
10:06:03	11.86	--	17	20162	买盘
10:05:58	11.86	--	40	47440	买盘
10:05:52	11.86	--	7	8302	卖盘
10:05:48	11.86	-0.01	10	11860	卖盘
10:05:43	11.87	--	28	33236	买盘
10:05:37	11.87	-0.01	142	168554	中性盘
10:05:33	11.88	0.01	267	317196	买盘
10:05:28	11.87	--	49	58162	卖盘
10:05:22	11.87	-0.01	83	98521	中性盘
10:05:18	11.88	--	150	178200	买盘
10:05:13	11.88	-0.01	26	30888	中性盘
10:05:07	11.89	--	214	254446	买盘
10:04:58	11.89	-0.01	49	58261	中性盘
10:04:52	11.9	0.01	153	182070	买盘
10:04:48	11.89	-0.01	163	193842	卖盘
10:04:43	11.9	0.01	158	188020	买盘
10:04:37	11.89	--	82	97498	卖盘
10:04:33	11.89	-0.01	53	63017	卖盘
10:04:28	11.9	0.01	389	464064	买盘
10:04:22	11.89	0.03	1020	1212780	买盘
10:04:18	11.86	--	0	0	卖盘
10:04:13	11.86	-0.02	585	693810	卖盘
10:04:07	11.88	-0.01	742	881496	中性盘
10:04:03	11.89	0.03	110	130790	买盘
10:03:57	11.86	-0.03	149	176714	卖盘
10:03:52	11.89	--	200	237800	买盘
10:03:48	11.89	0.03	541	643249	买盘
10:03:43	11.86	-0.01	20	23720	卖盘
10:03:37	11.87	-0.01	116	137692	中性盘
10:03:33	11.88	0.03	372	441936	买盘
10:03:27	11.85	--	2	2370	卖盘
10:03:22	11.85	--	1070	1267950	卖盘
10:03:18	11.85	--	70	82950	卖盘
10:03:13	11.85	0.01	220	260700	买盘
10:03:07	11.84	-0.01	15	17760	卖盘
10:03:03	11.85	--	82	97170	买盘
10:02:58	11.85	0.02	131	155235	买盘
10:02:52	11.83	-0.01	24	28392	中性盘
10:02:46	11.84	--	52	61568	买盘
10:02:37	11.84	0.02	9	10656	买盘
10:02:31	11.82	--	31	36642	卖盘
10:02:27	11.82	-0.02	10	11820	卖盘
10:02:22	11.84	--	20	23680	卖盘
10:02:16	11.84	--	3	3552	卖盘
10:02:12	11.84	0.01	737	872608	买盘
10:02:07	11.83	0.01	30	35490	买盘
10:02:01	11.82	--	139	164298	卖盘
10:01:57	11.82	--	0	0	卖盘
10:01:52	11.82	--	287	339234	卖盘
10:01:46	11.82	--	268	316776	卖盘
10:01:42	11.82	--	55	65010	卖盘
10:01:37	11.82	0.01	602	711564	买盘
10:01:31	11.81	--	243	286983	买盘
10:01:27	11.81	--	154	181874	卖盘
10:01:22	11.81	--	55	64955	卖盘
10:01:16	11.81	--	277	327137	卖盘
10:01:12	11.81	--	240	283440	卖盘
10:01:07	11.81	--	55	64955	卖盘
10:01:01	11.81	--	102	120462	卖盘
10:00:57	11.81	--	118	139358	卖盘
10:00:52	11.81	-0.01	245	289345	卖盘
10:00:46	11.82	0.01	168	198576	买盘
10:00:42	11.81	--	121	142901	卖盘
10:00:37	11.81	--	251	296431	卖盘
10:00:31	11.81	--	329	388549	卖盘
10:00:27	11.81	--	151	178331	卖盘
10:00:22	11.81	-0.01	117	138177	卖盘
10:00:16	11.82	0.01	76	89832	买盘
10:00:12	11.81	-0.01	544	642464	卖盘
10:00:07	11.82	0.01	13	15366	买盘
10:00:01	11.81	--	33	38973	卖盘
09:59:57	11.81	--	50	59050	卖盘
09:59:52	11.81	--	266	314146	卖盘
09:59:46	11.81	-0.01	267	315327	卖盘
09:59:42	11.82	0.01	27	31914	中性盘
09:59:37	11.81	-0.02	103	121643	卖盘
09:59:31	11.83	--	80	94640	买盘
09:59:22	11.83	--	251	296933	买盘
09:59:16	11.83	--	29	35478	卖盘
09:59:12	11.83	--	99	117117	卖盘
09:59:07	11.83	0.01	346	409318	买盘
09:59:01	11.82	--	333	393606	卖盘
09:58:57	11.82	-0.01	49	57918	卖盘
09:58:52	11.83	--	173	204659	卖盘
09:58:46	11.83	0.01	42	49697	中性盘
09:58:42	11.82	-0.01	61	72102	卖盘
09:58:37	11.83	-0.01	89	105287	买盘
09:58:31	11.84	0.01	581	687904	买盘
09:58:27	11.83	0.02	161	190463	买盘
09:58:22	11.81	--	53	62593	卖盘
09:58:16	11.81	--	234	276354	买盘
09:58:12	11.81	--	2	2362	买盘
09:58:07	11.81	-0.01	172	203132	卖盘
09:58:01	11.82	-0.01	135	159570	中性盘
09:57:57	11.83	0.03	264	312312	买盘
09:57:52	11.8	--	175	206500	卖盘
09:57:46	11.8	0.01	1181	1393580	买盘
09:57:42	11.79	--	2	2358	卖盘
09:57:37	11.79	0.03	202	238157	买盘
09:57:31	11.76	--	347	408072	买盘
09:57:27	11.76	0.01	49	57624	买盘
09:57:22	11.75	--	50	58750	卖盘
09:57:16	11.75	--	298	350150	买盘
09:57:12	11.75	0.04	46	54050	买盘
09:57:01	11.71	-0.02	155	181505	卖盘
09:56:57	11.73	0.01	342	401166	买盘
09:56:51	11.72	0.01	600	703200	买盘
09:56:46	11.71	0.01	148	173308	买盘
09:56:42	11.7	--	5	5850	卖盘
09:56:37	11.7	0.01	191	223470	买盘
09:56:31	11.69	--	25	29225	卖盘
09:56:27	11.69	0.01	66	77154	买盘
09:56:10	11.68	--	3	3504	卖盘
09:56:07	11.68	0.02	146	170528	买盘
09:56:01	11.66	-0.02	20	23320	卖盘
09:55:55	11.68	--	35	40880	买盘
09:55:46	11.68	0.02	10	11680	买盘
09:55:40	11.66	--	18	20988	卖盘
09:55:36	11.66	--	10	11660	卖盘
09:55:31	11.66	0.01	4	4664	中性盘
09:55:25	11.65	--	52	60580	卖盘
09:55:16	11.65	-0.03	11	12815	卖盘
09:55:10	11.68	0.02	58	67744	买盘
09:55:01	11.66	0.01	22	25652	买盘
09:54:55	11.65	--	177	206962	卖盘
09:54:51	11.65	--	21	24465	卖盘
09:54:46	11.65	-0.02	118	137470	卖盘
09:54:40	11.67	0.01	1	1167	卖盘
09:54:36	11.66	--	6	6996	买盘
09:54:31	11.66	--	10	11660	买盘
09:54:25	11.66	--	12	13992	卖盘
09:54:21	11.66	--	0	0	中性盘
09:54:16	11.66	0.01	60	69960	中性盘
09:54:10	11.65	--	30	34950	卖盘
09:54:01	11.65	-0.01	1035	1205775	卖盘
09:53:55	11.66	0.01	17	19822	中性盘
09:53:51	11.65	--	5	5825	卖盘
09:53:46	11.65	-0.01	564	657060	卖盘
09:53:40	11.66	0.01	45	52470	买盘
09:53:36	11.65	--	5	5825	卖盘
09:53:31	11.65	-0.01	94	109510	卖盘
09:53:16	11.66	--	50	58300	卖盘
09:53:10	11.66	--	2	2332	卖盘
09:53:06	11.66	--	8	9328	卖盘
09:53:01	11.66	-0.01	68	79288	卖盘
09:52:55	11.67	--	10	11670	买盘
09:52:51	11.67	-0.01	15	17505	卖盘
09:52:40	11.68	-0.01	20	23360	卖盘
09:52:36	11.69	--	3	3507	买盘
09:52:25	11.69	-0.01	37	43253	卖盘
09:52:16	11.7	-0.01	46	53890	卖盘
09:52:10	11.71	0.01	155	181505	买盘
09:52:01	11.7	--	51	60769	买盘
09:51:55	11.7	--	34	39780	买盘
09:51:46	11.7	--	346	404890	卖盘
09:51:40	11.7	--	49	57330	卖盘
09:51:31	11.7	--	4	4680	卖盘
09:51:25	11.7	--	14	16379	卖盘
09:51:16	11.7	--	264	309979	买盘
09:51:10	11.7	0.02	70	81900	买盘
09:51:06	11.68	-0.01	100	116800	卖盘
09:51:01	11.69	--	5	5845	卖盘
09:50:55	11.69	--	27	31563	买盘
09:50:46	11.69	0.01	14	16366	买盘
09:50:40	11.68	-0.02	10	11680	卖盘
09:50:36	11.7	0.02	500	585000	买盘
09:50:30	11.68	--	84	98112	买盘
09:50:25	11.68	--	15	17520	买盘
09:50:21	11.68	-0.01	50	58400	卖盘
09:50:10	11.69	0.01	1	1169	买盘
09:50:01	11.68	-0.01	10	11680	卖盘
09:49:55	11.69	0.01	30	35070	买盘
09:49:51	11.68	--	4	4672	买盘
09:49:46	11.68	--	22	25696	买盘
09:49:40	11.68	0.01	27	31536	买盘
09:49:34	11.67	--	305	355935	卖盘
09:49:25	11.67	-0.01	7	9300	卖盘
09:49:19	11.68	0.01	175	204435	买盘
09:49:10	11.67	--	39	45513	买盘
09:49:04	11.67	0.01	4	4668	买盘
09:48:55	11.66	0.01	43	50138	卖盘
09:48:49	11.65	--	40	46600	卖盘
09:48:25	11.65	-0.03	50	58250	卖盘
09:48:19	11.68	0.03	173	202064	买盘
09:48:10	11.65	-0.04	20	24430	卖盘
09:48:04	11.69	0.02	9	10521	买盘
09:48:00	11.67	--	10	11670	卖盘
09:47:55	11.67	--	170	198390	卖盘
09:47:49	11.67	0.02	115	134240	买盘
09:47:45	11.65	-0.01	610	710650	卖盘
09:47:40	11.66	-0.01	91	106106	卖盘
09:47:34	11.67	--	3	3501	买盘
09:47:25	11.67	-0.01	626	731697	卖盘
09:47:15	11.68	-0.01	10	11680	卖盘
09:47:10	11.69	0.01	20	23380	买盘
09:47:04	11.68	-0.01	19	22192	卖盘
09:46:55	11.69	0.01	74	86506	买盘
09:46:49	11.68	0.02	57	66926	买盘
09:46:45	11.66	-0.01	90	104940	卖盘
09:46:40	11.67	--	22	25674	买盘
09:46:30	11.67	0.01	70	81690	买盘
09:46:25	11.66	--	26	30316	卖盘
09:46:19	11.66	-0.01	30	34980	卖盘
09:46:04	11.67	--	5	5835	买盘
09:46:00	11.67	--	9	11658	卖盘
09:45:55	11.67	-0.01	12	14015	卖盘
09:45:49	11.68	--	1	1168	买盘
09:45:45	11.68	--	2	3165	卖盘
09:45:40	11.68	0.02	59	69250	买盘
09:45:34	11.66	-0.01	50	58300	卖盘
09:45:25	11.67	--	96	112032	卖盘
09:45:19	11.67	--	10	11670	卖盘
09:45:10	11.67	-0.02	61	71187	卖盘
09:45:04	11.69	0.02	244	285236	买盘
09:45:00	11.67	-0.02	50	58350	卖盘
09:44:55	11.69	--	5	5845	买盘
09:44:49	11.69	--	0	0	买盘
09:44:40	11.69	--	71	82999	卖盘
09:44:34	11.69	--	12	14028	买盘
09:44:25	11.69	--	7	8183	买盘
09:44:19	11.69	--	40	46760	卖盘
09:44:15	11.69	--	40	46760	卖盘
09:44:10	11.69	--	70	81830	卖盘
09:44:04	11.69	0.01	203	237307	买盘
09:44:00	11.68	-0.02	52	60736	卖盘
09:43:54	11.7	0.02	34	39780	买盘
09:43:49	11.68	-0.01	15	17520	卖盘
09:43:45	11.69	--	15	17535	卖盘
09:43:39	11.69	-0.01	7	8183	卖盘
09:43:34	11.7	--	255	298350	买盘
09:43:30	11.7	--	83	97110	买盘
09:43:24	11.7	--	0	0	买盘
09:43:19	11.7	--	22	25740	买盘
09:43:15	11.7	--	30	35100	买盘
09:43:09	11.7	--	1	1170	买盘
09:43:04	11.7	0.01	168	196560	买盘
09:42:58	11.69	-0.01	53	61957	卖盘
09:42:54	11.7	--	10	11700	卖盘
09:42:49	11.7	-0.02	179	209430	卖盘
09:42:43	11.72	0.01	306	358632	买盘
09:42:39	11.71	-0.01	44	51524	卖盘
09:42:34	11.72	0.01	104	121888	买盘
09:42:28	11.71	--	24	28104	卖盘
09:42:24	11.71	0.01	23	26933	买盘
09:42:19	11.7	--	108	126359	卖盘
09:42:13	11.7	--	40	46800	卖盘
09:42:09	11.7	--	71	83070	买盘
09:42:04	11.7	0.01	100	117000	买盘
09:41:58	11.69	--	34	39746	买盘
09:41:54	11.69	0.01	5	5845	买盘
09:41:49	11.68	--	2	2336	卖盘
09:41:43	11.68	0.02	55	64240	买盘
09:41:39	11.66	-0.02	4	4664	卖盘
09:41:34	11.68	0.01	366	427488	买盘
09:41:28	11.67	--	43	50181	买盘
09:41:24	11.67	0.01	55	64185	买盘
09:41:19	11.66	-0.01	18	20988	卖盘
09:41:13	11.67	0.02	105	122535	买盘
09:41:09	11.65	-0.01	4	4660	卖盘
09:41:04	11.66	0.02	77	89782	买盘
09:40:58	11.64	-0.01	15	17460	卖盘
09:40:49	11.65	0.01	208	242320	买盘
09:40:43	11.64	--	30	34920	买盘
09:40:39	11.64	0.01	90	104760	买盘
09:40:34	11.63	-0.01	2	2326	卖盘
09:40:28	11.64	--	16	18624	买盘
09:40:19	11.64	0.01	32	37248	买盘
09:40:13	11.63	-0.01	35	40705	卖盘
09:40:09	11.64	0.01	10	11640	买盘
09:40:04	11.63	--	150	174450	卖盘
09:39:58	11.63	--	41	47683	卖盘
09:39:54	11.63	0.01	118	137234	买盘
09:39:49	11.62	--	9	10458	卖盘
09:39:43	11.62	--	48	55775	卖盘
09:39:39	11.62	--	16	18592	卖盘
09:39:34	11.62	0.01	73	84826	卖盘
09:39:28	11.61	--	0	0	卖盘
09:39:19	11.61	--	235	272835	卖盘
09:38:58	11.61	--	36	41796	卖盘
09:38:54	11.61	-0.01	3	3483	买盘
09:38:49	11.62	--	0	0	买盘
09:38:43	11.62	0.02	177	205674	买盘
09:38:39	11.6	--	52	60320	买盘
09:38:34	11.6	-0.01	66	76560	卖盘
09:38:28	11.61	--	35	40635	买盘
09:38:24	11.61	--	100	116100	买盘
09:38:13	11.61	--	113	131193	买盘
09:38:09	11.61	--	9	10449	卖盘
09:38:04	11.61	--	66	76626	买盘
09:37:58	11.61	0.01	53	61533	买盘
09:37:54	11.6	--	5	5800	卖盘
09:37:43	11.6	--	20	23200	卖盘
09:37:34	11.6	0.03	45	52200	买盘
09:37:28	11.57	--	84	97188	买盘
09:37:24	11.57	-0.03	101	116857	卖盘
09:37:19	11.6	0.02	300	348000	买盘
09:37:13	11.58	--	10	11580	买盘
09:37:09	11.58	--	210	243180	买盘
09:36:58	11.58	-0.02	405	468990	卖盘
09:36:54	11.6	--	56	64960	卖盘
09:36:48	11.6	--	0	0	卖盘
09:36:43	11.6	-0.02	282	327120	卖盘
09:36:39	11.62	-0.01	13	15105	买盘
09:36:28	11.63	0.01	35	40705	买盘
09:36:22	11.62	--	44	51128	卖盘
09:36:18	11.62	--	31	36022	卖盘
09:36:07	11.62	-0.01	79	91798	买盘
09:36:03	11.63	--	52	60476	卖盘
09:35:58	11.63	0.05	192	223296	买盘
09:35:52	11.58	--	0	0	卖盘
09:35:48	11.58	-0.04	93	107694	卖盘
09:35:43	11.62	0.02	140	162680	买盘
09:35:37	11.6	-0.02	14	16240	卖盘
09:35:33	11.62	--	10	11620	买盘
09:35:28	11.62	--	43	49966	买盘
09:35:22	11.62	-0.02	561	651882	卖盘
09:35:18	11.64	0.01	24	27936	买盘
09:35:13	11.63	--	9	10467	卖盘
09:35:07	11.63	--	215	250045	卖盘
09:35:03	11.63	-0.01	5	5815	卖盘
09:34:58	11.64	0.02	106	123384	买盘
09:34:52	11.62	-0.01	107	124333	卖盘
09:34:48	11.63	0.01	47	54661	买盘
09:34:37	11.62	0.02	41	47642	买盘
09:34:28	11.6	--	20	23200	卖盘
09:34:22	11.6	0.02	3	3480	买盘
09:34:18	11.58	--	10	11580	卖盘
09:34:13	11.58	0.01	20	23160	中性盘
09:34:07	11.57	--	5	5785	卖盘
09:34:03	11.57	--	16	18512	卖盘
09:33:58	11.57	--	20	23140	买盘
09:33:43	11.57	--	3	3471	买盘
09:33:37	11.57	0.01	112	129584	买盘
09:33:28	11.56	--	1	1156	卖盘
09:33:22	11.56	--	116	134096	卖盘
09:33:18	11.56	0.01	71	82076	买盘
09:33:13	11.55	--	39	45045	卖盘
09:33:07	11.55	--	13	15015	买盘
09:33:03	11.55	0.02	10	11550	买盘
09:32:58	11.53	-0.02	50	57650	卖盘
09:32:48	11.55	0.01	25	28875	买盘
09:32:43	11.54	--	10	11540	卖盘
09:32:37	11.54	-0.03	100	115399	卖盘
09:32:33	11.57	0.02	103	119171	买盘
09:32:28	11.55	--	10	11550	卖盘
09:32:13	11.55	--	105	121275	卖盘
09:31:52	11.55	--	37	42735	买盘
09:31:48	11.55	--	0	0	买盘
09:31:43	11.55	0.02	36	41580	买盘
09:31:33	11.53	-0.01	79	91087	卖盘
09:31:28	11.54	0.01	10	11540	中性盘
09:31:07	11.53	--	18	20754	买盘
09:31:03	11.53	--	16	18448	卖盘
09:30:58	11.53	--	20	23060	卖盘
09:30:52	11.53	--	324	373572	买盘
09:30:48	11.53	--	79	91087	买盘
09:30:37	11.53	--	153	176409	卖盘
09:30:33	11.53	-0.02	8	9224	卖盘
09:30:22	11.55	--	5	5775	买盘
09:30:18	11.55	-0.05	12	13860	卖盘
09:30:12	11.6	0.05	91	105560	买盘
09:30:07	11.55	-0.01	180	207900	卖盘
09:30:01	11.56	0.04	56	64736	买盘
09:28:51	11.52	--	0	0	卖盘
09:25:06	11.52	11.52	33	38016	买盘
