成交时间	成交价	价格变动	成交量(手)	成交额(元)	性质
15:00:00	4.65	--	0	0	买盘
14:59:59	4.65	0.01	2	930	买盘
14:59:58	4.64	--	86	39904	买盘
14:59:52	4.64	--	314	145696	买盘
14:59:48	4.64	--	19	8816	买盘
14:59:43	4.64	-0.02	3453	1602192	卖盘
14:59:37	4.66	0.01	9312	4339392	买盘
14:59:32	4.65	0.01	105	48825	买盘
14:59:28	4.64	-0.01	605	280720	卖盘
14:59:22	4.65	0.01	22	10230	买盘
14:59:18	4.64	--	1	463	卖盘
14:59:13	4.64	--	2068	959923	买盘
14:59:07	4.64	0.01	4384	2034547	买盘
14:59:03	4.63	--	1044	483372	卖盘
14:58:58	4.63	--	483	223629	卖盘
14:58:52	4.63	-0.01	173	80099	卖盘
14:58:43	4.64	--	98	45472	买盘
14:58:37	4.64	--	102	47328	买盘
14:58:33	4.64	--	261	121103	买盘
14:58:28	4.64	--	1038	481631	买盘
14:58:22	4.64	0.01	100	46400	买盘
14:58:18	4.63	--	257	118991	卖盘
14:58:13	4.63	-0.01	57	26391	卖盘
14:58:07	4.64	--	133	61990	买盘
14:58:02	4.64	--	240	111359	卖盘
14:57:58	4.64	--	68	31551	买盘
14:57:52	4.64	0.01	208	96512	买盘
14:57:48	4.63	--	5060	2342780	卖盘
14:57:43	4.63	--	81	37503	卖盘
14:57:37	4.63	--	116	53708	卖盘
14:57:32	4.63	--	178	82506	买盘
14:57:27	4.63	--	297	137511	卖盘
14:57:22	4.63	--	160	74080	卖盘
14:57:18	4.63	0.01	357	165291	买盘
14:57:12	4.62	-0.01	247	114114	卖盘
14:57:07	4.63	--	5	2315	卖盘
14:57:02	4.63	--	57	26391	卖盘
14:56:57	4.63	-0.01	38	17594	中性盘
14:56:52	4.64	0.02	247	114607	买盘
14:56:48	4.62	--	2115	977130	卖盘
14:56:42	4.62	--	45	20790	卖盘
14:56:37	4.62	--	450	207900	卖盘
14:56:32	4.62	-0.01	390	180180	卖盘
14:56:27	4.63	0.01	25	11575	买盘
14:56:22	4.62	--	296	136752	卖盘
14:56:17	4.62	--	59	27258	卖盘
14:56:07	4.62	--	139	64218	卖盘
14:56:01	4.62	0.01	1372	634187	买盘
14:55:57	4.61	-0.01	65	29965	卖盘
14:55:52	4.62	0.01	151	69762	买盘
14:55:46	4.61	-0.01	225	103725	卖盘
14:55:42	4.62	--	59	27258	买盘
14:55:37	4.62	--	230	106260	买盘
14:55:31	4.62	--	56	25872	买盘
14:55:27	4.62	0.01	115	53130	买盘
14:55:22	4.61	-0.01	182	83994	卖盘
14:55:16	4.62	--	46	21252	买盘
14:55:12	4.62	--	400	184800	买盘
14:55:07	4.62	--	477	220374	买盘
14:55:01	4.62	--	254	117348	买盘
14:54:57	4.62	--	30	13860	买盘
14:54:52	4.62	--	460	212704	买盘
14:54:46	4.62	--	624	288288	买盘
14:54:42	4.62	0.01	128	59136	买盘
14:54:37	4.61	-0.01	15	6915	卖盘
14:54:31	4.62	0.01	34	15708	买盘
14:54:27	4.61	--	40	18440	卖盘
14:54:22	4.61	--	10738	4950660	买盘
14:54:16	4.61	--	207	95427	买盘
14:54:12	4.61	--	487	224507	买盘
14:54:07	4.61	--	438	201918	买盘
14:54:01	4.61	--	2267	1045096	卖盘
14:53:57	4.61	-0.01	13	5993	卖盘
14:53:52	4.62	0.01	1313	606606	买盘
14:53:46	4.61	--	163	75143	卖盘
14:53:42	4.61	--	164	75604	卖盘
14:53:37	4.61	--	107	49327	买盘
14:53:31	4.61	--	162	74682	买盘
14:53:27	4.61	--	80	36880	买盘
14:53:22	4.61	--	388	178868	买盘
14:53:16	4.61	0.01	571	263231	买盘
14:53:12	4.6	-0.01	218	100279	卖盘
14:53:07	4.61	--	163	75143	买盘
14:53:01	4.61	--	1060	489028	卖盘
14:52:56	4.61	-0.01	95	43795	卖盘
14:52:52	4.62	0.01	763	352506	买盘
14:52:46	4.61	-0.01	8132	3748852	卖盘
14:52:41	4.62	0.01	29	13398	买盘
14:52:37	4.61	-0.01	118	54398	卖盘
14:52:31	4.62	--	50	23100	买盘
14:52:27	4.62	--	50	23100	买盘
14:52:22	4.62	--	92	42504	买盘
14:52:16	4.62	--	47	21714	买盘
14:52:11	4.62	0.01	60	27720	买盘
14:52:07	4.61	-0.01	495	228195	卖盘
14:52:01	4.62	0.01	19	8778	买盘
14:51:56	4.61	--	45	20745	卖盘
14:51:52	4.61	-0.01	24	11064	卖盘
14:51:46	4.62	0.01	201	92862	买盘
14:51:42	4.61	--	18	8298	卖盘
14:51:37	4.61	-0.01	27	12447	卖盘
14:51:31	4.62	--	128	59413	买盘
14:51:22	4.62	--	139	64218	买盘
14:51:16	4.62	--	30	13860	买盘
14:51:11	4.62	0.01	43	19866	买盘
14:51:07	4.61	--	222	102342	卖盘
14:51:01	4.61	-0.01	22	10142	卖盘
14:50:56	4.62	--	53	24486	买盘
14:50:52	4.62	--	148	68653	买盘
14:50:46	4.62	0.01	25	11550	买盘
14:50:41	4.61	-0.01	60	27660	卖盘
14:50:37	4.62	--	101	46662	买盘
14:50:31	4.62	0.01	31	14322	买盘
14:50:27	4.61	--	125	57625	卖盘
14:50:16	4.61	--	15	6915	卖盘
14:50:11	4.61	--	329	151669	卖盘
14:50:06	4.61	--	138	63618	买盘
14:50:01	4.61	--	990	456390	买盘
14:49:56	4.61	--	358	165038	买盘
14:49:51	4.61	--	420	193620	买盘
14:49:46	4.61	--	185	85285	买盘
14:49:41	4.61	--	416	191776	卖盘
14:49:31	4.61	--	1276	588236	买盘
14:49:27	4.61	--	33	15213	买盘
14:49:21	4.61	--	46	21206	买盘
14:49:16	4.61	-0.01	2699	1244285	卖盘
14:49:11	4.62	--	82	37884	买盘
14:49:06	4.62	0.01	150	69300	买盘
14:49:01	4.61	--	350	161783	卖盘
14:48:56	4.61	--	284	130924	卖盘
14:48:51	4.61	--	81	37341	卖盘
14:48:46	4.61	--	70	32712	买盘
14:48:40	4.61	--	340	156740	买盘
14:48:36	4.61	--	33	15213	买盘
14:48:31	4.61	--	360	165960	买盘
14:48:25	4.61	--	470	216670	买盘
14:48:21	4.61	--	152	70072	买盘
14:48:16	4.61	--	383	176563	买盘
14:48:10	4.61	--	154	70994	买盘
14:48:06	4.61	--	30	13830	买盘
14:48:01	4.61	--	152	70072	买盘
14:47:55	4.61	--	289	133229	买盘
14:47:51	4.61	--	1011	466347	卖盘
14:47:46	4.61	--	442	203854	卖盘
14:47:40	4.61	--	1500	691500	卖盘
14:47:31	4.61	-0.01	88	40568	卖盘
14:47:25	4.62	--	1210	559020	买盘
14:47:21	4.62	0.01	20	9240	买盘
14:47:16	4.61	-0.01	937	431957	卖盘
14:47:10	4.62	0.01	161	74382	买盘
14:47:01	4.61	--	29	13461	买盘
14:46:55	4.61	--	506	233266	买盘
14:46:51	4.61	--	70	32270	买盘
14:46:46	4.61	--	657	302877	买盘
14:46:40	4.61	-0.01	423	195003	卖盘
14:46:36	4.62	--	10	4620	买盘
14:46:31	4.62	--	161	74382	买盘
14:46:25	4.62	--	531	245322	买盘
14:46:16	4.62	--	207	95634	买盘
14:46:10	4.62	--	1587	733194	买盘
14:46:06	4.62	0.01	39	18018	买盘
14:46:01	4.61	-0.01	270	124470	卖盘
14:45:55	4.62	--	3033	1401246	买盘
14:45:46	4.62	0.01	561	259182	买盘
14:45:40	4.61	--	1134	522774	卖盘
14:45:35	4.61	-0.01	54	24894	卖盘
14:45:31	4.62	--	3	1386	买盘
14:45:25	4.62	0.01	28	12936	买盘
14:45:20	4.61	-0.01	1	461	卖盘
14:45:16	4.62	0.01	161	74382	买盘
14:45:10	4.61	-0.01	235	108335	卖盘
14:45:05	4.62	0.01	269	124278	买盘
14:45:01	4.61	--	160	73760	卖盘
14:44:55	4.61	--	81	37341	卖盘
14:44:50	4.61	--	21	9681	卖盘
14:44:46	4.61	-0.01	7	3227	卖盘
14:44:40	4.62	0.01	2920	1349040	买盘
14:44:35	4.61	-0.01	1530	705330	卖盘
14:44:31	4.62	0.01	10	4620	买盘
14:44:25	4.61	--	159	73299	卖盘
14:44:20	4.61	--	30	13830	卖盘
14:44:16	4.61	--	113	52093	卖盘
14:44:10	4.61	--	74	34114	卖盘
14:44:01	4.61	--	60	27660	卖盘
14:43:55	4.61	--	67	30887	卖盘
14:43:46	4.61	--	339	156279	买盘
14:43:40	4.61	--	112	51632	买盘
14:43:35	4.61	--	1084	500000	卖盘
14:43:31	4.61	--	289	133229	卖盘
14:43:25	4.61	--	174	80214	卖盘
14:43:20	4.61	--	222	102342	卖盘
14:43:10	4.61	--	309	142449	卖盘
14:43:05	4.61	--	552	254472	卖盘
14:43:00	4.61	--	90	41490	卖盘
14:42:55	4.61	--	6	2766	卖盘
14:42:50	4.61	--	40	18440	卖盘
14:42:45	4.61	-0.01	24	11064	中性盘
14:42:40	4.62	0.01	1098	507276	买盘
14:42:35	4.61	--	253	116633	买盘
14:42:30	4.61	-0.01	1283	591463	卖盘
14:42:25	4.62	0.01	63	29106	买盘
14:42:15	4.61	-0.01	79	36419	卖盘
14:42:10	4.62	0.01	110	50820	买盘
14:42:05	4.61	--	34	15674	卖盘
14:42:00	4.61	--	51	23511	卖盘
14:41:55	4.61	--	32	14752	卖盘
14:41:50	4.61	-0.01	153	70533	卖盘
14:41:40	4.62	0.01	1107	511434	买盘
14:41:34	4.61	--	105	48405	卖盘
14:41:30	4.61	--	30	13830	卖盘
14:41:15	4.61	--	50	23050	卖盘
14:41:10	4.61	--	1004	462844	卖盘
14:41:04	4.61	--	300	138300	卖盘
14:40:55	4.61	--	10	4610	卖盘
14:40:49	4.61	-0.01	127	58634	卖盘
14:40:40	4.62	0.01	1008	465696	买盘
14:40:34	4.61	--	249	114789	买盘
14:40:30	4.61	--	50	23050	买盘
14:40:25	4.61	--	155	71455	买盘
14:40:19	4.61	--	337	155357	买盘
14:40:10	4.61	--	528	243408	买盘
14:40:04	4.61	--	544	250784	买盘
14:40:00	4.61	--	32	14752	买盘
14:39:55	4.61	--	79	36419	买盘
14:39:49	4.61	--	58	26738	买盘
14:39:45	4.61	-0.01	150	69150	卖盘
14:39:40	4.62	0.02	1003	463386	买盘
14:39:34	4.6	-0.01	699	321540	卖盘
14:39:30	4.61	--	84	38724	买盘
14:39:25	4.61	--	741	341601	买盘
14:39:19	4.61	--	317	146137	买盘
14:39:15	4.61	--	228	105108	卖盘
14:39:10	4.61	--	108	49788	卖盘
14:39:04	4.61	--	866	399226	卖盘
14:39:00	4.61	--	264	121704	买盘
14:38:55	4.61	--	772	355892	买盘
14:38:49	4.61	--	25	11525	买盘
14:38:44	4.61	-0.01	444	204684	卖盘
14:38:40	4.62	0.01	1021	471702	买盘
14:38:34	4.61	--	669	308409	卖盘
14:38:29	4.61	--	173	79753	买盘
14:38:25	4.61	--	881	406141	卖盘
14:38:19	4.61	--	215	99115	卖盘
14:38:14	4.61	--	664	306104	卖盘
14:38:09	4.61	--	41	18901	买盘
14:38:04	4.61	-0.01	609	280749	卖盘
14:37:59	4.62	0.01	16	7392	买盘
14:37:55	4.61	-0.01	715	329615	卖盘
14:37:49	4.62	0.01	43	19866	中性盘
14:37:44	4.61	-0.02	650	299650	卖盘
14:37:39	4.63	0.02	1238	573194	买盘
14:37:34	4.61	-0.01	770	354970	卖盘
14:37:29	4.62	--	379	175098	买盘
14:37:25	4.62	--	931	430122	买盘
14:37:19	4.62	--	101	46662	买盘
14:37:14	4.62	--	755	348810	买盘
14:37:09	4.62	--	76	35112	买盘
14:37:04	4.62	--	651	300762	买盘
14:36:55	4.62	--	81	37422	卖盘
14:36:49	4.62	0.01	4	1848	卖盘
14:36:44	4.61	-0.03	1332	614052	卖盘
14:36:40	4.64	0.02	1083	502511	买盘
14:36:34	4.62	0.01	655	302610	买盘
14:36:29	4.61	--	319	147059	卖盘
14:36:24	4.61	--	679	313019	卖盘
14:36:14	4.61	-0.01	650	299650	卖盘
14:36:09	4.62	0.01	163	75306	买盘
14:36:04	4.61	-0.01	659	303799	卖盘
14:35:59	4.62	--	110	50820	买盘
14:35:54	4.62	--	685	316470	买盘
14:35:49	4.62	0.01	226	104412	买盘
14:35:44	4.61	-0.01	1077	496497	卖盘
14:35:38	4.62	0.01	60	27720	卖盘
14:35:34	4.61	-0.01	655	301955	卖盘
14:35:29	4.62	0.01	409	188958	买盘
14:35:24	4.61	-0.01	768	354048	卖盘
14:35:19	4.62	--	197	91014	买盘
14:35:14	4.62	--	820	378840	买盘
14:35:09	4.62	--	18	8316	买盘
14:35:04	4.62	0.01	239	110418	卖盘
14:34:59	4.61	--	75	34575	卖盘
14:34:53	4.61	-0.01	650	299650	卖盘
14:34:49	4.62	0.01	15	6930	买盘
14:34:44	4.61	--	1646	758806	卖盘
14:34:39	4.61	-0.01	4	1844	卖盘
14:34:34	4.62	--	1442	666204	买盘
14:34:28	4.62	0.01	116	53592	买盘
14:34:24	4.61	-0.01	650	299650	卖盘
14:34:19	4.62	0.01	96	44352	买盘
14:34:13	4.61	-0.01	650	299650	卖盘
14:34:09	4.62	--	15	6930	买盘
14:34:04	4.62	--	727	335874	卖盘
14:33:58	4.62	--	24	11088	买盘
14:33:54	4.62	0.01	691	319242	买盘
14:33:49	4.61	--	25	11525	卖盘
14:33:43	4.61	-0.01	1701	784161	卖盘
14:33:39	4.62	--	20	9240	买盘
14:33:34	4.62	--	720	332640	买盘
14:33:28	4.62	0.01	99	45738	买盘
14:33:24	4.61	-0.01	658	303338	卖盘
14:33:19	4.62	--	28	12936	买盘
14:33:13	4.62	--	147	67914	卖盘
14:33:04	4.62	--	803	371078	卖盘
14:32:58	4.62	0.01	71	32894	中性盘
14:32:54	4.61	--	674	310714	卖盘
14:32:49	4.61	--	0	0	卖盘
14:32:43	4.61	-0.01	1874	863914	卖盘
14:32:39	4.62	0.01	20	9240	买盘
14:32:34	4.61	-0.01	1099	506639	卖盘
14:32:28	4.62	0.01	230	106260	买盘
14:32:23	4.61	-0.01	670	308870	卖盘
14:32:18	4.62	--	482	222684	买盘
14:32:13	4.62	--	760	351120	买盘
14:32:09	4.62	--	143	66066	买盘
14:32:04	4.62	0.01	1054	486948	买盘
14:31:58	4.61	--	110	50710	卖盘
14:31:53	4.61	-0.01	650	299650	卖盘
14:31:49	4.62	--	107	49434	买盘
14:31:43	4.62	0.01	1742	804804	买盘
14:31:38	4.61	-0.01	70	32270	卖盘
14:31:34	4.62	--	362	167244	买盘
14:31:28	4.62	0.01	123	56826	卖盘
14:31:23	4.61	-0.01	650	299650	卖盘
14:31:19	4.62	0.01	574	265188	买盘
14:31:13	4.61	-0.01	809	372949	卖盘
14:31:08	4.62	--	141	65142	买盘
14:31:03	4.62	--	786	363132	买盘
14:30:58	4.62	0.01	140	64680	买盘
14:30:53	4.61	-0.01	651	300111	卖盘
14:30:48	4.62	--	40	18480	买盘
14:30:43	4.62	0.01	1097	506814	卖盘
14:30:38	4.61	-0.01	317	146137	卖盘
14:30:34	4.62	--	1103	509863	买盘
14:30:28	4.62	0.01	170	78540	买盘
14:30:23	4.61	-0.01	684	315324	卖盘
14:30:19	4.62	0.01	35	16170	买盘
14:30:13	4.61	-0.01	728	335700	卖盘
14:30:08	4.62	--	20	9240	买盘
14:30:04	4.62	0.01	660	304920	买盘
14:29:58	4.61	--	70	32270	卖盘
14:29:53	4.61	-0.01	697	321317	卖盘
14:29:49	4.62	0.01	70	32340	中性盘
14:29:43	4.61	--	1686	777246	买盘
14:29:38	4.61	-0.01	282	130002	卖盘
14:29:34	4.62	--	729	336982	买盘
14:29:28	4.62	0.01	90	41580	买盘
14:29:23	4.61	-0.01	650	299650	卖盘
14:29:19	4.62	0.01	16	7392	买盘
14:29:13	4.61	--	725	334225	卖盘
14:29:08	4.61	--	717	330537	卖盘
14:28:58	4.61	--	70	32270	卖盘
14:28:53	4.61	--	650	299650	卖盘
14:28:47	4.61	--	20	9220	卖盘
14:28:43	4.61	-0.01	1875	864651	卖盘
14:28:38	4.62	--	980	452760	买盘
14:28:33	4.62	--	89	41118	买盘
14:28:28	4.62	0.01	119	54978	买盘
14:28:23	4.61	-0.01	839	386779	卖盘
14:28:18	4.62	0.01	9	4158	买盘
14:28:13	4.61	--	776	357736	卖盘
14:28:08	4.61	--	676	311636	卖盘
14:27:58	4.61	--	102	47022	卖盘
14:27:53	4.61	0.01	660	304260	卖盘
14:27:43	4.6	-0.01	2065	949899	卖盘
14:27:38	4.61	0.01	480	221280	买盘
14:27:32	4.6	-0.01	579	266340	卖盘
14:27:28	4.61	--	238	109718	买盘
14:27:22	4.61	-0.01	1514	698046	卖盘
14:27:18	4.62	0.01	196	90552	买盘
14:27:13	4.61	--	1156	532916	卖盘
14:27:07	4.61	-0.01	914	421354	卖盘
14:27:03	4.62	--	581	268422	买盘
14:26:58	4.62	0.01	182	84084	买盘
14:26:52	4.61	-0.01	680	313480	卖盘
14:26:48	4.62	0.01	97	44814	买盘
14:26:43	4.61	--	1852	853772	卖盘
14:26:37	4.61	--	982	452702	卖盘
14:26:28	4.61	--	103	47851	卖盘
14:26:22	4.61	--	691	318551	卖盘
14:26:18	4.61	-0.01	163	75143	卖盘
14:26:13	4.62	0.01	1174	542388	买盘
14:26:07	4.61	-0.01	736	339296	卖盘
14:26:03	4.62	--	100	46200	买盘
14:25:58	4.62	--	627	289674	买盘
14:25:52	4.62	--	713	329406	买盘
14:25:48	4.62	--	20	9240	买盘
14:25:43	4.62	0.01	1784	824208	买盘
14:25:37	4.61	--	1109	511249	卖盘
14:25:33	4.61	--	114	52554	卖盘
14:25:28	4.61	--	509	234649	买盘
14:25:22	4.61	--	1192	549834	买盘
14:25:17	4.61	--	59	27199	买盘
14:25:12	4.61	--	1171	539831	买盘
14:25:07	4.61	--	722	332842	卖盘
14:25:03	4.61	--	79	36419	卖盘
14:24:58	4.61	0.01	213	98193	卖盘
14:24:52	4.6	-0.01	1150	529000	卖盘
14:24:47	4.61	--	293	135073	买盘
14:24:43	4.61	--	2280	1051080	买盘
14:24:37	4.61	--	327	150747	买盘
14:24:32	4.61	--	5413	2495558	卖盘
14:24:27	4.61	--	571	263231	卖盘
14:24:22	4.61	--	1706	786466	卖盘
14:24:17	4.61	--	1	461	卖盘
14:24:13	4.61	--	1913	881893	卖盘
14:24:07	4.61	--	1060	488844	卖盘
14:24:02	4.61	--	315	145215	卖盘
14:23:58	4.61	-0.01	1856	855616	卖盘
14:23:52	4.62	0.01	2791	1289442	买盘
14:23:43	4.61	-0.01	2673	1232253	卖盘
14:23:37	4.62	--	914	422268	买盘
14:23:32	4.62	--	100	46200	买盘
14:23:27	4.62	0.01	369	170478	买盘
14:23:22	4.61	-0.01	784	361424	卖盘
14:23:13	4.62	--	9219	4259275	卖盘
14:23:07	4.62	--	183	84546	卖盘
14:23:02	4.62	--	25	11550	卖盘
14:22:58	4.62	--	762	352044	卖盘
14:22:52	4.62	--	40	18480	卖盘
14:22:47	4.62	-0.01	327	151074	卖盘
14:22:43	4.63	--	4711	2181285	卖盘
14:22:32	4.63	-0.01	22	10556	卖盘
14:22:28	4.64	0.01	113	52432	买盘
14:22:22	4.63	--	20	9260	卖盘
14:22:17	4.63	--	18	8334	卖盘
14:22:13	4.63	--	269	124547	卖盘
14:22:07	4.63	--	2	926	卖盘
14:22:02	4.63	--	150	69450	卖盘
14:21:57	4.63	-0.01	70	32410	卖盘
14:21:52	4.64	0.01	13	6032	买盘
14:21:47	4.63	-0.01	309	143067	卖盘
14:21:43	4.64	0.01	1065	494159	买盘
14:21:37	4.63	-0.01	1120	518560	卖盘
14:21:32	4.64	0.01	283	131312	买盘
14:21:27	4.63	-0.01	70	32410	卖盘
14:21:22	4.64	--	348	161472	买盘
14:21:17	4.64	0.01	84	38976	买盘
14:21:12	4.63	--	70	32410	卖盘
14:21:07	4.63	--	12	5556	卖盘
14:21:02	4.63	--	119	55097	卖盘
14:20:57	4.63	-0.01	70	32410	卖盘
14:20:52	4.64	0.01	142	65888	买盘
14:20:47	4.63	-0.01	349	161587	卖盘
14:20:42	4.64	0.01	1067	495087	买盘
14:20:37	4.63	--	26	12038	卖盘
14:20:32	4.63	--	25	11575	卖盘
14:20:27	4.63	-0.01	141	65718	卖盘
14:20:22	4.64	0.01	200	92800	买盘
14:20:17	4.63	--	244	112972	卖盘
14:20:12	4.63	--	90	41670	卖盘
14:20:07	4.63	--	6	2778	卖盘
14:20:01	4.63	--	30	13890	卖盘
14:19:57	4.63	-0.01	70	32410	卖盘
14:19:52	4.64	0.01	365	169360	买盘
14:19:46	4.63	--	51	23613	卖盘
14:19:42	4.63	-0.01	1171	542173	卖盘
14:19:37	4.64	--	30	13919	买盘
14:19:31	4.64	0.01	103	47792	买盘
14:19:27	4.63	-0.01	70	32410	卖盘
14:19:22	4.64	0.01	269	124815	买盘
14:19:16	4.63	--	5	2315	卖盘
14:19:12	4.63	-0.01	85	39355	卖盘
14:19:07	4.64	0.01	32	14847	买盘
14:19:01	4.63	--	5	2315	卖盘
14:18:57	4.63	--	70	32410	卖盘
14:18:52	4.63	--	309	143067	卖盘
14:18:42	4.63	--	1095	506985	卖盘
14:18:37	4.63	-0.01	1	537	卖盘
14:18:31	4.64	0.01	108	50112	买盘
14:18:27	4.63	--	70	32410	卖盘
14:18:22	4.63	--	48	22224	卖盘
14:18:16	4.63	--	30	13890	卖盘
14:18:12	4.63	--	70	32410	卖盘
14:18:06	4.63	-0.01	42	19446	卖盘
14:18:01	4.64	0.01	10	4640	买盘
14:17:57	4.63	--	99	45837	卖盘
14:17:52	4.63	--	784	362992	卖盘
14:17:41	4.63	--	1068	494484	卖盘
14:17:36	4.63	--	5	2315	卖盘
14:17:31	4.63	--	15	6945	卖盘
14:17:26	4.63	--	85	39355	卖盘
14:17:22	4.63	--	60	27780	卖盘
14:17:16	4.63	--	10	4630	卖盘
14:17:11	4.63	--	70	32410	卖盘
14:17:06	4.63	-0.01	14	6667	卖盘
14:17:01	4.64	0.01	5	2320	买盘
14:16:56	4.63	-0.01	470	217610	卖盘
14:16:52	4.64	0.01	100	46400	买盘
14:16:46	4.63	-0.02	339	156957	卖盘
14:16:41	4.65	0.01	1060	492900	买盘
14:16:37	4.64	--	182	84448	买盘
14:16:31	4.64	0.01	21	9744	买盘
14:16:26	4.63	--	279	129269	卖盘
14:16:22	4.63	--	33	15279	卖盘
14:16:16	4.63	-0.01	50	23150	卖盘
14:16:11	4.64	0.01	88	40832	买盘
14:16:07	4.63	--	220	101860	卖盘
14:16:01	4.63	--	6	2778	卖盘
14:15:56	4.63	--	70	32410	卖盘
14:15:52	4.63	--	433	200479	卖盘
14:15:46	4.63	--	85	39355	卖盘
14:15:41	4.63	--	2052	950076	卖盘
14:15:37	4.63	-0.01	250	115750	卖盘
14:15:31	4.64	--	82	38419	买盘
14:15:26	4.64	0.01	116	53823	买盘
14:15:22	4.63	--	125	57875	卖盘
14:15:16	4.63	--	2	926	卖盘
14:15:11	4.63	--	70	32410	卖盘
14:15:07	4.63	-0.01	93	43059	卖盘
14:15:01	4.64	0.01	363	168524	买盘
14:14:56	4.63	-0.01	384	177792	卖盘
14:14:46	4.64	-0.02	71	33036	卖盘
14:14:41	4.66	0.02	1065	496290	买盘
14:14:36	4.64	0.01	177	82128	买盘
14:14:26	4.63	-0.01	213	98619	卖盘
14:14:20	4.64	--	5	2320	买盘
14:14:16	4.64	0.01	43	19952	买盘
14:14:11	4.63	-0.01	95	43985	卖盘
14:14:06	4.64	--	8	3711	买盘
14:13:56	4.64	--	4357	2021944	卖盘
14:13:51	4.64	-0.01	309	143376	卖盘
14:13:46	4.65	-0.01	20	9300	中性盘
14:13:41	4.66	0.01	1059	493494	买盘
14:13:31	4.65	0.01	27	12555	买盘
14:13:26	4.64	-0.01	100	46400	卖盘
14:13:16	4.65	--	3	1395	买盘
14:13:11	4.65	--	72	33480	买盘
14:13:01	4.65	--	296	137640	买盘
14:12:55	4.65	--	6	2790	卖盘
14:12:46	4.65	-0.01	4	1860	卖盘
14:12:40	4.66	0.01	1069	498154	买盘
14:12:25	4.65	--	50	23250	卖盘
14:12:20	4.65	--	100	46500	卖盘
14:12:16	4.65	0.01	65	30225	卖盘
14:12:10	4.64	-0.01	70	32479	卖盘
14:12:06	4.65	--	18	8370	买盘
14:12:01	4.65	0.01	12	5580	买盘
14:11:55	4.64	-0.01	379	175856	卖盘
14:11:46	4.65	-0.02	992	461280	卖盘
14:11:40	4.67	0.02	2872	1341387	买盘
14:11:31	4.65	--	26	12090	买盘
14:11:25	4.65	--	30	13950	买盘
14:11:20	4.65	--	436	202740	卖盘
14:11:16	4.65	--	0	0	卖盘
14:11:10	4.65	--	75	34875	卖盘
14:11:01	4.65	--	518	240870	卖盘
14:10:55	4.65	--	482	224130	卖盘
14:10:46	4.65	--	84	39060	卖盘
14:10:40	4.65	--	1073	498945	卖盘
14:10:36	4.65	--	45	20925	卖盘
14:10:30	4.65	--	88	40920	卖盘
14:10:25	4.65	--	238	110670	卖盘
14:10:20	4.65	--	540	251100	买盘
14:10:15	4.65	--	41	19065	买盘
14:10:10	4.65	0.01	116	53940	买盘
14:10:05	4.64	-0.01	868	402752	卖盘
14:10:00	4.65	--	5	2325	买盘
14:09:55	4.65	--	53	24645	买盘
14:09:50	4.65	--	25	11997	卖盘
14:09:45	4.65	-0.02	1	558	中性盘
14:09:40	4.67	0.03	1045	488015	买盘
14:09:35	4.64	-0.01	192	89088	卖盘
14:09:25	4.65	--	218	101370	买盘
14:09:15	4.65	0.01	10	4650	买盘
14:09:10	4.64	--	84	38976	卖盘
14:09:05	4.64	-0.01	3	1392	卖盘
14:08:55	4.65	--	366	170469	卖盘
14:08:50	4.65	--	0	0	卖盘
14:08:45	4.65	--	391	181908	卖盘
14:08:40	4.65	--	1089	506385	卖盘
14:08:30	4.65	--	1	465	卖盘
14:08:25	4.65	--	284	132153	买盘
14:08:15	4.65	--	30	13950	买盘
14:08:10	4.65	--	170	79050	买盘
14:08:00	4.65	--	1	465	买盘
14:07:55	4.65	--	224	104439	卖盘
14:07:50	4.65	-0.01	124	57660	卖盘
14:07:40	4.66	0.01	1143	532638	买盘
14:07:35	4.65	--	10	4650	卖盘
14:07:25	4.65	--	81	37665	卖盘
14:07:15	4.65	--	1	465	卖盘
14:07:10	4.65	-0.01	577	268677	卖盘
14:07:05	4.66	0.01	100	46600	买盘
14:07:00	4.65	--	320	148800	卖盘
14:06:55	4.65	--	70	32550	卖盘
14:06:40	4.65	-0.01	1108	515220	卖盘
14:06:35	4.66	0.01	5	2330	买盘
14:06:25	4.65	--	155	72075	卖盘
14:06:20	4.65	-0.01	167	77655	卖盘
14:06:15	4.66	0.01	50	23300	买盘
14:06:10	4.65	--	170	79050	卖盘
14:06:04	4.65	--	318	147870	卖盘
14:06:00	4.65	--	5	2325	卖盘
14:05:55	4.65	--	129	59985	卖盘
14:05:49	4.65	--	124	57660	卖盘
14:05:45	4.65	-0.02	67	31155	卖盘
14:05:40	4.67	0.02	1061	495487	买盘
14:05:30	4.65	--	10	4650	卖盘
14:05:25	4.65	--	81	37665	卖盘
14:05:10	4.65	-0.01	170	79050	卖盘
14:05:04	4.66	0.01	124	58063	买盘
14:05:00	4.65	--	194	90396	卖盘
14:04:55	4.65	-0.01	180	83700	卖盘
14:04:45	4.66	-0.01	10	4660	中性盘
14:04:40	4.67	0.02	1062	495954	买盘
14:04:34	4.65	--	126	58590	卖盘
14:04:30	4.65	--	30	13950	卖盘
14:04:25	4.65	--	86	40269	买盘
14:04:19	4.65	--	50	23250	买盘
14:04:15	4.65	-0.01	31	14415	卖盘
14:04:10	4.66	0.01	277	129268	买盘
14:04:04	4.65	--	309	143685	卖盘
14:03:54	4.65	--	87	40455	卖盘
14:03:49	4.65	--	130	60450	卖盘
14:03:45	4.65	-0.02	7	3255	卖盘
14:03:39	4.67	0.02	1059	494553	买盘
14:03:29	4.65	--	3	1395	卖盘
14:03:24	4.65	-0.01	70	32550	卖盘
14:03:10	4.66	0.01	72	33552	买盘
14:03:04	4.65	-0.01	310	144150	卖盘
14:02:59	4.66	--	100	46600	买盘
14:02:55	4.66	0.01	74	34484	买盘
14:02:49	4.65	-0.02	60	27900	卖盘
14:02:44	4.67	--	0	0	买盘
14:02:39	4.67	0.01	1055	492685	买盘
14:02:34	4.66	--	18	8388	买盘
14:02:29	4.66	0.01	10	4660	买盘
14:02:24	4.65	-0.01	70	32550	卖盘
14:02:09	4.66	0.01	33	15378	中性盘
14:02:04	4.65	-0.01	314	146010	卖盘
14:01:59	4.66	-0.01	1	466	卖盘
14:01:54	4.67	0.01	85	39695	买盘
14:01:44	4.66	0.01	1	466	卖盘
14:01:39	4.65	-0.01	1203	559395	卖盘
14:01:34	4.66	0.01	84	39144	买盘
14:01:29	4.65	--	16	7440	卖盘
14:01:25	4.65	-0.01	80	37200	卖盘
14:01:19	4.66	0.01	14	6524	买盘
14:01:14	4.65	--	70	32550	卖盘
14:01:04	4.65	--	309	143685	卖盘
14:00:59	4.65	-0.01	70	32550	卖盘
14:00:54	4.66	-0.01	80	37280	买盘
14:00:44	4.67	0.02	1061	495487	买盘
14:00:34	4.65	--	49	22785	卖盘
14:00:29	4.65	--	136	63426	卖盘
14:00:19	4.65	-0.01	28	13392	卖盘
14:00:14	4.66	--	72	33645	买盘
14:00:09	4.66	0.01	10	4660	买盘
14:00:04	4.65	--	315	146475	卖盘
13:59:59	4.65	--	81	37665	卖盘
13:59:49	4.65	--	0	0	卖盘
13:59:44	4.65	--	1059	492435	卖盘
13:59:39	4.65	--	2	930	卖盘
13:59:34	4.65	--	7	3255	卖盘
13:59:29	4.65	0.01	726	337590	买盘
13:59:24	4.64	-0.01	18	8352	卖盘
13:59:19	4.65	-0.01	14	6510	买盘
13:59:14	4.66	0.01	600	279600	买盘
13:59:09	4.65	--	164	76446	卖盘
13:59:04	4.65	-0.01	206	95790	卖盘
13:58:58	4.66	--	91	42406	买盘
13:58:49	4.66	0.01	80	37280	买盘
13:58:43	4.65	-0.01	1130	525450	卖盘
13:58:34	4.66	0.01	4	1864	买盘
13:58:28	4.65	-0.01	70	32550	卖盘
13:58:24	4.66	--	2	932	买盘
13:58:13	4.66	--	381	177546	买盘
13:58:09	4.66	0.01	54	25257	买盘
13:58:04	4.65	-0.01	4	1860	卖盘
13:57:58	4.66	--	315	146790	买盘
13:57:49	4.66	--	2	932	买盘
13:57:43	4.66	--	1110	517260	买盘
13:57:39	4.66	--	41	19106	买盘
13:57:34	4.66	--	39	18174	买盘
13:57:28	4.66	0.01	58	27028	买盘
13:57:24	4.65	-0.01	64	29760	卖盘
13:57:19	4.66	--	42	19572	买盘
13:57:13	4.66	--	85	39610	买盘
13:57:09	4.66	-0.01	244	113704	卖盘
13:57:03	4.67	0.01	83	38761	买盘
13:56:58	4.66	--	67	31222	卖盘
13:56:53	4.66	--	100	46600	卖盘
13:56:48	4.66	-0.01	33	15378	卖盘
13:56:43	4.67	0.01	1064	496888	买盘
13:56:33	4.66	--	129	60114	买盘
13:56:28	4.66	-0.01	81	37746	买盘
13:56:18	4.67	0.01	190	88730	买盘
13:56:13	4.66	0.01	485	226010	买盘
13:56:08	4.65	-0.01	34	15810	卖盘
13:56:03	4.66	--	19	8854	买盘
13:55:58	4.66	--	187	87295	卖盘
13:55:48	4.66	--	475	221662	买盘
13:55:43	4.66	--	1115	519590	买盘
13:55:38	4.66	0.01	7	3262	买盘
13:55:33	4.65	--	12	5580	卖盘
13:55:28	4.65	0.01	276	128526	买盘
13:55:18	4.64	--	168	78049	卖盘
13:55:13	4.64	-0.01	396	183744	卖盘
13:55:03	4.65	0.01	20	9300	买盘
13:54:58	4.64	-0.01	6	2876	卖盘
13:54:53	4.65	-0.01	13	6045	卖盘
13:54:48	4.66	0.02	5	2330	买盘
13:54:43	4.64	-0.01	1059	491375	卖盘
13:54:38	4.65	--	100	46500	买盘
13:54:33	4.65	0.01	19	8835	买盘
13:54:28	4.64	--	70	32479	卖盘
13:54:23	4.64	--	5	2320	卖盘
13:54:18	4.64	--	9	4176	卖盘
13:54:13	4.64	--	356	165184	卖盘
13:54:08	4.64	--	123	57071	卖盘
13:53:58	4.64	--	47	21808	卖盘
13:53:53	4.64	-0.01	106	49184	卖盘
13:53:43	4.65	0.01	1048	487320	买盘
13:53:38	4.64	-0.01	132	61247	卖盘
13:53:28	4.65	0.01	54	25110	买盘
13:53:23	4.64	-0.01	23	10672	卖盘
13:53:13	4.65	--	378	175770	卖盘
13:53:08	4.65	-0.01	41	19065	卖盘
13:53:03	4.66	0.01	2	932	买盘
13:52:58	4.65	-0.01	128	59520	卖盘
13:52:53	4.66	0.01	50	23300	买盘
13:52:48	4.65	-0.01	10	4650	卖盘
13:52:43	4.66	0.02	1018	474388	买盘
13:52:38	4.64	-0.02	640	296960	卖盘
13:52:33	4.66	--	210	97860	买盘
13:52:28	4.66	--	201	93666	买盘
13:52:23	4.66	--	0	0	买盘
13:52:18	4.66	0.01	335	156110	买盘
13:52:13	4.65	--	66	30690	卖盘
13:52:07	4.65	-0.01	100	46500	卖盘
13:51:58	4.66	0.01	72	33552	买盘
13:51:52	4.65	--	10	4650	卖盘
13:51:43	4.65	0.01	1415	657975	买盘
13:51:37	4.64	-0.01	135	62639	卖盘
13:51:28	4.65	--	5	2325	买盘
13:51:22	4.65	--	23	10695	买盘
13:51:18	4.65	-0.01	18	8370	卖盘
13:51:13	4.66	0.01	142	66172	买盘
13:51:07	4.65	--	21	9765	卖盘
13:51:03	4.65	--	45	20925	卖盘
13:50:58	4.65	--	91	42315	卖盘
13:50:52	4.65	--	24	11160	卖盘
13:50:43	4.65	--	1060	492900	买盘
13:50:37	4.65	--	1	465	买盘
13:50:28	4.65	-0.01	9	4185	卖盘
13:50:22	4.66	--	0	0	买盘
13:50:18	4.66	0.01	318	148188	买盘
13:50:13	4.65	--	59	27807	卖盘
13:50:07	4.65	--	151	70215	买盘
13:49:57	4.65	--	5	2325	买盘
13:49:52	4.65	-0.01	25	11625	卖盘
13:49:47	4.66	0.02	417	194322	买盘
13:49:42	4.64	--	1066	494623	卖盘
13:49:27	4.64	-0.01	70	32479	卖盘
13:49:22	4.65	0.02	523	243195	买盘
13:49:17	4.63	-0.01	323	149549	卖盘
13:49:12	4.64	0.01	97	45008	买盘
13:49:07	4.63	-0.01	60	27780	卖盘
13:48:57	4.64	0.01	152	70528	买盘
13:48:52	4.63	-0.01	33	15279	卖盘
13:48:42	4.64	--	1157	536848	卖盘
13:48:37	4.64	--	154	71456	买盘
13:48:32	4.64	--	18	8352	买盘
13:48:27	4.64	--	184	85376	买盘
13:48:22	4.64	--	181	83984	买盘
13:48:17	4.64	--	33	15311	卖盘
13:48:12	4.64	--	74	34336	卖盘
13:48:07	4.64	-0.01	10	4640	买盘
13:48:02	4.65	0.02	2	930	买盘
13:47:57	4.63	-0.01	110	50930	卖盘
13:47:52	4.64	--	46	21344	卖盘
13:47:47	4.64	0.01	12	5568	卖盘
13:47:42	4.63	--	1039	481057	卖盘
13:47:37	4.63	-0.01	35	16205	卖盘
13:47:27	4.64	0.01	155	71920	买盘
13:47:22	4.63	-0.01	310	143530	卖盘
13:47:17	4.64	0.01	88	40832	买盘
13:47:12	4.63	--	70	32410	卖盘
13:47:07	4.63	--	182	84266	卖盘
13:46:57	4.63	--	47	21761	卖盘
13:46:52	4.63	-0.01	28	12964	卖盘
13:46:47	4.64	0.01	33	15311	中性盘
13:46:42	4.63	--	1047	484761	卖盘
13:46:37	4.63	--	79	36577	卖盘
13:46:32	4.63	--	3	1389	卖盘
13:46:27	4.63	-0.01	94	43522	卖盘
13:46:22	4.64	--	499	231535	买盘
13:46:17	4.64	0.01	10	4640	买盘
13:46:12	4.63	--	47	21761	卖盘
13:46:07	4.63	-0.01	45	20835	卖盘
13:46:02	4.64	--	510	236639	买盘
13:45:57	4.64	--	150	69600	买盘
13:45:52	4.64	0.01	428	198777	买盘
13:45:47	4.63	--	37	17131	卖盘
13:45:42	4.63	--	1087	503281	卖盘
13:45:37	4.63	--	295	136909	买盘
13:45:32	4.63	--	204	94452	买盘
13:45:27	4.63	--	116	53708	买盘
13:45:22	4.63	0.01	262	121306	买盘
13:45:17	4.62	-0.01	387	178794	卖盘
13:45:12	4.63	0.01	62	28706	买盘
13:45:07	4.62	--	51	23562	卖盘
13:45:01	4.62	-0.01	105	48510	卖盘
13:44:57	4.63	--	184	85192	买盘
13:44:52	4.63	0.01	743	344009	买盘
13:44:46	4.62	-0.01	68	31416	卖盘
13:44:42	4.63	--	1047	484761	买盘
13:44:37	4.63	--	31	14353	买盘
13:44:31	4.63	--	1310	606668	卖盘
13:44:27	4.63	--	175	81025	卖盘
13:44:22	4.63	--	548	253724	卖盘
13:44:16	4.63	--	722	334332	卖盘
13:44:12	4.63	--	1163	538469	卖盘
13:44:07	4.63	--	49	22687	卖盘
13:44:01	4.63	--	446	206498	卖盘
13:43:57	4.63	--	800	370400	卖盘
13:43:52	4.63	-0.01	166	76858	卖盘
13:43:46	4.64	0.01	190	88160	买盘
13:43:42	4.63	--	1535	710705	卖盘
13:43:37	4.63	--	20	9260	卖盘
13:43:31	4.63	--	140	64820	卖盘
13:43:27	4.63	-0.01	285	131955	卖盘
13:43:22	4.64	--	5	2320	买盘
13:43:16	4.64	0.01	30	13919	买盘
13:43:12	4.63	-0.01	70	32410	卖盘
13:43:07	4.64	--	24	11136	买盘
13:43:01	4.64	--	1027	476527	卖盘
13:42:56	4.64	--	267	123887	卖盘
13:42:51	4.64	--	57	26447	卖盘
13:42:46	4.64	-0.01	188	87232	卖盘
13:42:42	4.65	0.01	1045	485925	买盘
13:42:36	4.64	--	74	34336	卖盘
13:42:26	4.64	-0.01	382	177248	卖盘
13:42:21	4.65	0.01	29	13485	买盘
13:42:16	4.64	--	165	76560	卖盘
13:42:11	4.64	--	57	26447	卖盘
13:42:06	4.64	-0.01	43	19952	卖盘
13:42:01	4.65	--	38	17670	买盘
13:41:56	4.65	0.01	68	31620	买盘
13:41:51	4.64	-0.01	24	11136	卖盘
13:41:46	4.65	-0.01	5	2325	买盘
13:41:41	4.66	0.01	990	461340	买盘
13:41:36	4.65	--	6	2790	卖盘
13:41:31	4.65	--	205	95325	卖盘
13:41:26	4.65	--	111	51615	卖盘
13:41:21	4.65	--	386	179490	卖盘
13:41:16	4.65	--	264	122760	卖盘
13:41:11	4.65	--	80	37200	卖盘
13:41:06	4.65	--	165	76725	卖盘
13:41:01	4.65	--	41	19065	卖盘
13:40:56	4.65	--	47	21855	卖盘
13:40:51	4.65	--	73	33945	卖盘
13:40:41	4.65	0.01	1047	486855	买盘
13:40:36	4.64	-0.01	26	12064	卖盘
13:40:31	4.65	--	339	157635	买盘
13:40:26	4.65	0.01	57	26505	买盘
13:40:21	4.64	--	64	29695	卖盘
13:40:16	4.64	--	19	8816	卖盘
13:40:11	4.64	--	47	21808	卖盘
13:40:06	4.64	-0.01	48	22272	卖盘
13:40:01	4.65	0.01	20	9300	买盘
13:39:56	4.64	-0.01	75	34800	卖盘
13:39:46	4.65	--	90	41850	买盘
13:39:41	4.65	0.01	1070	497550	买盘
13:39:36	4.64	-0.01	10	4640	卖盘
13:39:31	4.65	0.01	1	465	买盘
13:39:26	4.64	-0.01	411	190704	卖盘
13:39:20	4.65	--	4	1860	买盘
13:39:16	4.65	0.01	5	2325	买盘
13:39:11	4.64	-0.01	70	32479	卖盘
13:39:06	4.65	0.01	40	18600	买盘
13:38:56	4.64	--	80	37120	卖盘
13:38:51	4.64	--	177	82128	卖盘
13:38:46	4.64	--	4	1855	卖盘
13:38:41	4.64	-0.01	1065	494159	卖盘
13:38:35	4.65	0.02	20	9300	买盘
13:38:31	4.63	-0.01	311	143993	卖盘
13:38:26	4.64	-0.01	70	32479	卖盘
13:38:21	4.65	--	6	2790	买盘
13:38:16	4.65	0.01	20	9300	买盘
13:38:11	4.64	-0.01	94	43616	卖盘
13:38:01	4.65	--	0	0	买盘
13:37:56	4.65	0.01	491	228315	买盘
13:37:51	4.64	0.01	7	3433	买盘
13:37:46	4.63	-0.02	150	69450	卖盘
13:37:40	4.65	0.02	1409	655185	买盘
13:37:36	4.63	-0.01	9	4167	卖盘
13:37:31	4.64	0.01	316	146624	买盘
13:37:25	4.63	-0.02	78	36114	卖盘
13:37:20	4.65	0.01	398	185070	买盘
13:37:16	4.64	--	70	32479	买盘
13:37:10	4.64	--	78	36192	卖盘
13:37:06	4.64	0.01	25	11600	中性盘
13:37:01	4.63	-0.01	4469	2069239	卖盘
13:36:55	4.64	--	160	74240	卖盘
13:36:51	4.64	--	31	14383	中性盘
13:36:46	4.64	0.01	75	34800	中性盘
13:36:40	4.63	--	1309	606067	卖盘
13:36:36	4.63	-0.01	10	4630	卖盘
13:36:25	4.64	--	140	64959	买盘
13:36:21	4.64	--	89	41296	买盘
13:36:16	4.64	--	734	340576	卖盘
13:36:10	4.64	--	80	37120	卖盘
13:36:06	4.64	--	60	27839	卖盘
13:36:01	4.64	--	76	35264	卖盘
13:35:55	4.64	--	341	158224	卖盘
13:35:40	4.64	-0.01	2288	1061724	卖盘
13:35:35	4.65	0.01	28	13020	买盘
13:35:30	4.64	--	2221	1030543	卖盘
13:35:25	4.64	--	74	34336	卖盘
13:35:20	4.64	-0.01	7	3248	卖盘
13:35:15	4.65	--	110	51150	买盘
13:35:10	4.65	0.01	157	73005	买盘
13:35:05	4.64	--	7	3248	卖盘
13:35:00	4.64	--	547	253807	卖盘
13:34:55	4.64	-0.01	120	55679	卖盘
13:34:50	4.65	--	266	123690	买盘
13:34:45	4.65	0.01	481	223665	买盘
13:34:40	4.64	--	1624	753536	卖盘
13:34:35	4.64	--	101	46864	卖盘
13:34:30	4.64	--	310	143840	卖盘
13:34:25	4.64	--	130	60319	卖盘
13:34:20	4.64	--	119	55215	卖盘
13:34:15	4.64	--	6	3155	卖盘
13:34:10	4.64	-0.01	83	38512	卖盘
13:34:05	4.65	0.01	3	1395	买盘
13:34:00	4.64	--	124	57535	卖盘
13:33:55	4.64	--	1100	510399	卖盘
13:33:50	4.64	--	124	57535	卖盘
13:33:45	4.64	--	24	11136	卖盘
13:33:40	4.64	--	1068	495551	卖盘
13:33:35	4.64	--	17	7887	卖盘
13:33:30	4.64	--	759	352176	卖盘
13:33:25	4.64	-0.01	696	322944	卖盘
13:33:20	4.65	--	40	18600	买盘
13:33:15	4.65	0.01	630	292950	买盘
13:33:10	4.64	-0.01	142	66092	卖盘
13:33:05	4.65	--	135	62775	卖盘
13:33:00	4.65	--	45	20925	卖盘
13:32:55	4.65	--	224	104160	卖盘
13:32:50	4.65	--	25	11625	卖盘
13:32:45	4.65	--	18	8370	卖盘
13:32:40	4.65	--	1637	761205	卖盘
13:32:35	4.65	--	329	152985	卖盘
13:32:25	4.65	--	326	151590	卖盘
13:32:20	4.65	--	60	27900	卖盘
13:32:14	4.65	--	3	1395	卖盘
13:32:10	4.65	--	72	33480	卖盘
13:32:05	4.65	--	62	28830	卖盘
13:31:55	4.65	--	125	58125	卖盘
13:31:50	4.65	--	1077	500805	卖盘
13:31:40	4.65	--	1638	761670	卖盘
13:31:35	4.65	--	339	157635	卖盘
13:31:25	4.65	-0.01	83	38595	卖盘
13:31:20	4.66	--	286	133276	买盘
13:31:15	4.66	0.01	58	27028	买盘
13:31:10	4.65	-0.01	88	40920	卖盘
13:31:05	4.66	0.01	680	316880	买盘
13:31:00	4.65	-0.01	41	19065	卖盘
13:30:55	4.66	--	97	45202	买盘
13:30:50	4.66	--	34	15844	买盘
13:30:40	4.66	--	1193	555938	买盘
13:30:34	4.66	--	100	46600	卖盘
13:30:30	4.66	--	53	24698	卖盘
13:30:25	4.66	-0.01	140	65240	卖盘
13:30:19	4.67	0.01	9	4203	买盘
13:30:14	4.66	--	250	116500	卖盘
13:30:10	4.66	--	70	32620	卖盘
13:30:04	4.66	--	173	80618	买盘
13:30:00	4.66	--	2	932	买盘
13:29:55	4.66	--	733	341578	卖盘
13:29:49	4.66	--	203	94598	卖盘
13:29:44	4.66	--	30	13980	卖盘
13:29:40	4.66	--	70	32620	卖盘
13:29:34	4.66	-0.01	313	145858	卖盘
13:29:30	4.67	0.01	2	934	买盘
13:29:25	4.66	--	80	37280	卖盘
13:29:19	4.66	--	50	23300	卖盘
13:29:10	4.66	--	70	32620	卖盘
13:29:04	4.66	-0.01	64	29824	卖盘
13:28:59	4.67	0.01	28	13076	买盘
13:28:55	4.66	--	182	84812	卖盘
13:28:49	4.66	-0.01	112	52192	卖盘
13:28:39	4.67	0.01	393	183531	买盘
13:28:34	4.66	0.01	554	258164	卖盘
13:28:24	4.65	-0.01	108	50592	卖盘
13:28:19	4.66	0.01	600	279600	买盘
13:28:14	4.65	-0.01	5	2459	卖盘
13:28:09	4.66	--	551	256766	买盘
13:28:04	4.66	--	578	269348	卖盘
13:27:59	4.66	0.01	1	466	中性盘
13:27:54	4.65	-0.01	374	174189	卖盘
13:27:49	4.66	--	30	13980	买盘
13:27:44	4.66	--	4	1864	买盘
13:27:39	4.66	-0.01	195	90870	卖盘
13:27:34	4.67	--	8	3736	买盘
13:27:29	4.67	--	28	13076	买盘
13:27:24	4.67	0.01	92	42964	买盘
13:27:19	4.66	--	946	440836	卖盘
13:27:14	4.66	-0.01	22	10252	卖盘
13:27:09	4.67	--	890	415630	买盘
13:27:04	4.67	0.01	12	5604	买盘
13:26:59	4.66	--	7	3262	卖盘
13:26:54	4.66	-0.01	86	40355	卖盘
13:26:49	4.67	0.01	90	42030	买盘
13:26:44	4.66	--	20	9320	卖盘
13:26:39	4.66	--	435	202710	卖盘
13:26:34	4.66	--	50	23300	卖盘
13:26:29	4.66	--	10	4660	卖盘
13:26:24	4.66	--	105	48930	卖盘
13:26:19	4.66	--	96	44736	卖盘
13:26:09	4.66	0.01	3517	1639108	买盘
13:26:04	4.65	-0.01	480	223200	卖盘
13:25:59	4.66	0.01	2	932	买盘
13:25:54	4.65	-0.01	164	76260	卖盘
13:25:49	4.66	0.01	25	11650	买盘
13:25:44	4.65	--	356	165540	卖盘
13:25:39	4.65	-0.01	23	10695	卖盘
13:25:34	4.66	--	11	5126	买盘
13:25:29	4.66	0.01	92	42872	买盘
13:25:24	4.65	-0.01	24	11160	卖盘
13:25:19	4.66	0.01	55	25630	买盘
13:25:14	4.65	--	759	352935	卖盘
13:25:08	4.65	-0.01	140	65100	卖盘
13:25:04	4.66	0.01	63	29358	买盘
13:24:59	4.65	--	86	39990	卖盘
13:24:53	4.65	-0.01	298	138570	卖盘
13:24:49	4.66	--	652	303832	买盘
13:24:44	4.66	0.01	376	175216	买盘
13:24:38	4.65	--	87	40673	卖盘
13:24:34	4.65	--	956	444540	卖盘
13:24:29	4.65	-0.01	521	242265	卖盘
13:24:24	4.66	--	519	242040	卖盘
13:24:19	4.66	--	361	168226	卖盘
13:24:14	4.66	--	146	68315	买盘
13:24:09	4.66	0.01	5	2330	买盘
13:24:04	4.65	-0.01	20	9486	卖盘
13:23:59	4.66	0.01	651	303366	买盘
13:23:54	4.65	-0.01	50	23250	卖盘
13:23:49	4.66	--	555	258630	买盘
13:23:43	4.66	0.01	1355	631430	买盘
13:23:39	4.65	-0.01	98	45570	卖盘
13:23:34	4.66	0.01	106	49396	买盘
13:23:28	4.65	--	320	148800	卖盘
13:23:24	4.65	-0.01	295	137175	卖盘
13:23:19	4.66	0.01	111	51726	买盘
13:23:13	4.65	--	156	72540	卖盘
13:23:08	4.65	-0.01	438	203670	卖盘
13:23:04	4.66	0.01	277	129082	买盘
13:22:58	4.65	--	87	40455	卖盘
13:22:54	4.65	-0.01	33	15345	卖盘
13:22:49	4.66	0.01	32	14912	买盘
13:22:43	4.65	--	1275	592875	卖盘
13:22:38	4.65	-0.01	23	10695	卖盘
13:22:34	4.66	0.01	5	2330	买盘
13:22:28	4.65	--	80	37200	卖盘
13:22:23	4.65	-0.01	24	11160	卖盘
13:22:19	4.66	--	96	44736	买盘
13:22:13	4.66	--	2600	1211600	卖盘
13:22:09	4.66	--	6	2796	卖盘
13:22:04	4.66	--	6	2796	卖盘
13:21:58	4.66	-0.01	327	152382	卖盘
13:21:54	4.67	--	153	71451	买盘
13:21:48	4.67	--	20	9340	买盘
13:21:43	4.67	--	20	9340	买盘
13:21:38	4.67	--	10	4670	买盘
13:21:33	4.67	--	253	118151	卖盘
13:21:28	4.67	--	83	38761	卖盘
13:21:23	4.67	--	100	46700	卖盘
13:21:18	4.67	-0.01	133	62111	中性盘
13:21:13	4.68	0.01	581	271908	买盘
13:21:08	4.67	--	23	10741	卖盘
13:21:03	4.67	--	40	18680	卖盘
13:20:58	4.67	--	168	78456	卖盘
13:20:53	4.67	--	85	39695	卖盘
13:20:48	4.67	--	371	173257	卖盘
13:20:43	4.67	--	88	41096	卖盘
13:20:38	4.67	--	29	13543	卖盘
13:20:33	4.67	--	10	4670	卖盘
13:20:28	4.67	-0.01	105	49035	卖盘
13:20:23	4.68	0.01	1000	468000	买盘
13:20:18	4.67	0.01	243	113481	买盘
13:20:13	4.66	--	738	343908	卖盘
13:20:08	4.66	--	27	12582	卖盘
13:20:03	4.66	-0.01	1051	489766	卖盘
13:19:58	4.67	0.01	575	268525	买盘
13:19:53	4.66	--	7	3262	卖盘
13:19:48	4.66	--	309	143994	卖盘
13:19:43	4.66	--	197	91802	卖盘
13:19:38	4.66	--	135	62910	卖盘
13:19:33	4.66	--	276	128616	卖盘
13:19:28	4.66	--	277	129082	卖盘
13:19:23	4.66	--	53	24698	卖盘
13:19:18	4.66	--	141	65706	卖盘
13:19:13	4.66	--	156	72696	卖盘
13:19:07	4.66	--	12	5592	卖盘
13:19:03	4.66	-0.01	15	6990	卖盘
13:18:58	4.67	0.01	79	36893	买盘
13:18:53	4.66	--	332	154712	卖盘
13:18:43	4.66	--	330	153780	卖盘
13:18:38	4.66	--	134	62444	卖盘
13:18:33	4.66	-0.01	1	466	卖盘
13:18:28	4.67	0.01	670	312890	买盘
13:18:23	4.66	-0.01	614	286403	卖盘
13:18:18	4.67	0.01	2	934	买盘
13:18:13	4.66	--	108	50328	卖盘
13:18:08	4.66	-0.01	125	58250	卖盘
13:18:03	4.67	--	26	12142	买盘
13:17:58	4.67	--	237	110679	买盘
13:17:53	4.67	--	786	367062	买盘
13:17:48	4.67	--	400	186800	买盘
13:17:43	4.67	0.01	95	44365	买盘
13:17:38	4.66	--	136	63376	卖盘
13:17:33	4.66	-0.01	543	253038	卖盘
13:17:28	4.67	0.01	1963	916721	买盘
13:17:23	4.66	-0.01	133	62164	卖盘
13:17:18	4.67	--	200	93400	买盘
13:17:13	4.67	0.01	87	40629	买盘
13:17:08	4.66	-0.01	185	86210	卖盘
13:17:02	4.67	0.01	36	16812	买盘
13:16:58	4.66	-0.01	80	37280	卖盘
13:16:53	4.67	0.01	75	35025	中性盘
13:16:48	4.66	-0.01	309	143994	卖盘
13:16:43	4.67	0.01	234	109278	买盘
13:16:38	4.66	-0.01	596	277736	卖盘
13:16:33	4.67	--	414	193338	买盘
13:16:28	4.67	0.01	439	205013	买盘
13:16:22	4.66	-0.01	39	18174	卖盘
13:16:13	4.67	0.01	391	182597	买盘
13:16:07	4.66	-0.01	33	15378	卖盘
13:16:03	4.67	--	60	28020	买盘
13:15:58	4.67	--	80	37360	买盘
13:15:52	4.67	-0.01	376	175592	卖盘
13:15:43	4.68	0.01	60	28080	买盘
13:15:37	4.67	--	113	52771	卖盘
13:15:33	4.67	--	7	3269	买盘
13:15:28	4.67	--	440	205480	卖盘
13:15:22	4.67	-0.01	2883	1346361	卖盘
13:15:13	4.68	0.01	147	68796	买盘
13:15:07	4.67	-0.01	94	43898	卖盘
13:15:03	4.68	--	15	7020	买盘
13:14:58	4.68	0.01	79	36972	买盘
13:14:52	4.67	-0.01	342	159714	卖盘
13:14:42	4.68	0.01	65	30419	买盘
13:14:37	4.67	--	143	66781	卖盘
13:14:32	4.67	-0.01	58	27086	卖盘
13:14:27	4.68	0.01	77	36036	买盘
13:14:22	4.67	--	236	110212	卖盘
13:14:17	4.67	--	330	154110	卖盘
13:14:12	4.67	--	65	30355	卖盘
13:14:07	4.67	-0.01	29	13543	卖盘
13:14:02	4.68	--	15	7020	买盘
13:13:57	4.68	0.01	523	244763	买盘
13:13:52	4.67	-0.01	32	14944	卖盘
13:13:47	4.68	0.01	378	176904	买盘
13:13:42	4.67	--	47	21949	卖盘
13:13:37	4.67	--	125	58375	卖盘
13:13:27	4.67	--	299	139633	卖盘
13:13:22	4.67	--	44	20548	卖盘
13:13:17	4.67	--	89	41563	卖盘
13:13:12	4.67	--	344	160648	卖盘
13:13:07	4.67	--	113	52771	卖盘
13:12:57	4.67	--	391	182597	卖盘
13:12:47	4.67	--	251	117655	买盘
13:12:42	4.67	0.01	515	240505	买盘
13:12:37	4.66	-0.01	119	55454	卖盘
13:12:27	4.67	--	831	388077	买盘
13:12:22	4.67	--	132	61644	买盘
13:12:17	4.67	0.01	2134	996578	买盘
13:12:12	4.66	-0.01	247	115474	卖盘
13:12:07	4.67	--	233	108811	买盘
13:12:02	4.67	--	22	10274	买盘
13:11:57	4.67	0.01	685	319895	买盘
13:11:52	4.66	-0.01	77	35882	卖盘
13:11:47	4.67	--	491	229297	买盘
13:11:42	4.67	0.01	73	34091	买盘
13:11:37	4.66	--	76	35416	卖盘
13:11:32	4.66	--	100	46600	卖盘
13:11:27	4.66	--	47	21902	卖盘
13:11:22	4.66	-0.01	405	188730	卖盘
13:11:16	4.67	--	100	46700	买盘
13:11:11	4.67	0.01	75	35025	买盘
13:11:07	4.66	-0.01	143	66638	卖盘
13:11:01	4.67	0.01	388	181196	买盘
13:10:57	4.66	--	47	21902	卖盘
13:10:52	4.66	--	274	127684	卖盘
13:10:46	4.66	-0.01	66	30849	卖盘
13:10:42	4.67	--	120	56040	买盘
13:10:37	4.67	0.01	14	6538	买盘
13:10:32	4.66	--	167	77822	卖盘
13:10:27	4.66	--	46	21436	卖盘
13:10:22	4.66	--	50	23300	卖盘
13:10:17	4.66	--	451	210166	卖盘
13:10:11	4.66	--	82	38212	卖盘
13:10:07	4.66	-0.01	29	13514	卖盘
13:10:02	4.67	0.01	2	934	买盘
13:09:57	4.66	--	380	177080	卖盘
13:09:52	4.66	--	61	28426	卖盘
13:09:47	4.66	--	50	23300	卖盘
13:09:41	4.66	--	146	68036	卖盘
13:09:37	4.66	-0.01	954	444564	卖盘
13:09:32	4.67	--	286	133562	买盘
13:09:26	4.67	0.01	58	27086	买盘
13:09:22	4.66	--	301	140266	卖盘
13:09:16	4.66	-0.01	40	18640	卖盘
13:09:11	4.67	0.01	67	31289	买盘
13:09:07	4.66	--	92	42872	卖盘
13:09:01	4.66	--	35	16310	卖盘
13:08:57	4.66	--	361	168226	卖盘
13:08:52	4.66	-0.01	80	37280	卖盘
13:08:46	4.67	0.01	12	5604	买盘
13:08:41	4.66	--	47	21902	卖盘
13:08:37	4.66	-0.01	62	28892	卖盘
13:08:31	4.67	--	96	44832	买盘
13:08:26	4.67	0.01	114	53238	买盘
13:08:21	4.66	-0.01	410	191293	卖盘
13:08:16	4.67	0.01	34	15878	买盘
13:08:12	4.66	--	46	21436	卖盘
13:08:07	4.66	-0.01	44	20504	卖盘
13:07:56	4.67	--	30	14010	买盘
13:07:52	4.67	--	6891	3218097	卖盘
13:07:46	4.67	-0.01	10	4670	卖盘
13:07:42	4.68	0.01	57	26676	买盘
13:07:36	4.67	-0.01	139	64913	卖盘
13:07:31	4.68	--	188	87984	买盘
13:07:26	4.68	0.01	220	102960	买盘
13:07:21	4.67	-0.01	74	34558	卖盘
13:07:11	4.68	0.01	140	65519	买盘
13:07:06	4.67	-0.01	23	10741	卖盘
13:07:01	4.68	--	206	96408	卖盘
13:06:56	4.68	--	193	90324	卖盘
13:06:51	4.68	-0.01	164	76752	卖盘
13:06:46	4.69	0.01	177	83013	买盘
13:06:41	4.68	--	76	35568	卖盘
13:06:36	4.68	--	25	11700	卖盘
13:06:31	4.68	--	350	163800	卖盘
13:06:26	4.68	--	47	21996	卖盘
13:06:21	4.68	-0.01	23	10764	卖盘
13:06:16	4.69	0.01	208	97552	买盘
13:06:11	4.68	--	47	21996	卖盘
13:06:06	4.68	--	50	23400	卖盘
13:06:01	4.68	--	337	157716	卖盘
13:05:56	4.68	--	93	43524	卖盘
13:05:51	4.68	--	84	39312	卖盘
13:05:46	4.68	--	72	33696	卖盘
13:05:40	4.68	--	47	21996	卖盘
13:05:36	4.68	--	23	10764	卖盘
13:05:31	4.68	--	67	31355	买盘
13:05:26	4.68	0.01	62	29016	买盘
13:05:21	4.67	-0.02	25	11675	卖盘
13:05:16	4.69	0.02	362	169778	买盘
13:05:10	4.67	--	46	21482	卖盘
13:05:06	4.67	-0.01	24	11208	卖盘
13:05:01	4.68	0.01	209	97812	买盘
13:04:56	4.67	-0.01	158	73786	卖盘
13:04:51	4.68	--	23	10764	卖盘
13:04:46	4.68	-0.01	371	173628	中性盘
13:04:41	4.69	--	1075	504175	买盘
13:04:36	4.69	0.01	406	190414	买盘
13:04:31	4.68	--	610	285480	买盘
13:04:26	4.68	--	148	69264	买盘
13:04:16	4.68	--	2054	961271	卖盘
13:04:11	4.68	-0.01	170	79560	卖盘
13:04:05	4.69	0.01	5	2345	买盘
13:04:01	4.68	-0.01	329	153972	卖盘
13:03:56	4.69	--	165	77385	买盘
13:03:50	4.69	0.01	51	23919	买盘
13:03:46	4.68	-0.01	56	26208	卖盘
13:03:41	4.69	--	169	79261	买盘
13:03:31	4.69	--	235	110215	买盘
13:03:25	4.69	--	285	133665	买盘
13:03:16	4.69	--	132	61908	买盘
13:03:11	4.69	--	212	99428	中性盘
13:03:06	4.69	--	28	13132	买盘
13:03:01	4.69	--	421	197449	买盘
13:02:55	4.69	--	217	102148	卖盘
13:02:51	4.69	--	40	18760	卖盘
13:02:46	4.69	--	40	18760	卖盘
13:02:41	4.69	--	1090	511303	买盘
13:02:35	4.69	0.01	20	9380	买盘
13:02:31	4.68	-0.01	132	61775	卖盘
13:02:26	4.69	--	237	111153	买盘
13:02:21	4.69	--	60	28140	买盘
13:02:16	4.69	-0.01	278	130569	卖盘
13:02:10	4.7	--	1483	697010	买盘
13:02:06	4.7	--	654	307380	买盘
13:02:01	4.7	0.01	150	70500	买盘
13:01:55	4.69	-0.01	146	68474	卖盘
13:01:50	4.7	0.01	193	90710	买盘
13:01:46	4.69	-0.01	150	70350	卖盘
13:01:40	4.7	--	176	82720	买盘
13:01:36	4.7	--	105	49350	买盘
13:01:31	4.7	0.01	874	410780	买盘
13:01:25	4.69	--	115	53935	卖盘
13:01:21	4.69	-0.01	204	95676	卖盘
13:01:16	4.7	0.01	145	68150	买盘
13:01:10	4.69	-0.01	599	280931	卖盘
13:01:05	4.7	--	603	283410	买盘
13:01:00	4.7	--	84	39480	买盘
13:00:55	4.7	0.01	212	99640	买盘
13:00:46	4.69	-0.01	179	83951	卖盘
13:00:40	4.7	--	172	80840	买盘
13:00:36	4.7	--	203	95410	买盘
13:00:31	4.7	--	252	118440	买盘
13:00:25	4.7	--	31	14570	买盘
13:00:19	4.7	--	20	9400	买盘
13:00:14	4.7	--	868	407960	买盘
13:00:10	4.7	0.01	1019	479024	买盘
13:00:05	4.69	--	13829	6485988	买盘
13:00:00	4.69	--	310	145390	买盘
11:30:00	4.69	--	0	0	买盘
11:29:59	4.69	--	0	0	买盘
11:29:59	4.69	0.01	185	86765	买盘
11:29:57	4.68	-0.01	110	51480	卖盘
11:29:51	4.69	0.01	367	172123	买盘
11:29:46	4.68	--	6	2808	卖盘
11:29:42	4.68	--	90	42120	卖盘
11:29:36	4.68	0.01	463	217105	买盘
11:29:31	4.67	-0.01	190	88730	卖盘
11:29:27	4.68	0.01	452	211536	买盘
11:29:21	4.67	-0.01	77	35959	卖盘
11:29:16	4.68	0.01	116	54288	买盘
11:29:12	4.67	-0.01	144	67248	卖盘
11:29:06	4.68	0.01	417	195156	买盘
11:29:01	4.67	--	58	27086	卖盘
11:28:57	4.67	-0.01	345	161115	卖盘
11:28:51	4.68	--	329	153972	买盘
11:28:46	4.68	--	50	23400	买盘
11:28:42	4.68	--	138	64583	买盘
11:28:36	4.68	-0.01	2405	1125586	卖盘
11:28:31	4.69	0.01	300	140700	买盘
11:28:27	4.68	--	153	71838	卖盘
11:28:21	4.68	-0.01	314	146952	卖盘
11:28:16	4.69	0.01	365	171185	买盘
11:28:12	4.68	--	1494	699192	卖盘
11:28:06	4.68	-0.01	295	138060	卖盘
11:28:01	4.69	--	199	93331	买盘
11:27:57	4.69	--	1088	510272	买盘
11:27:51	4.69	--	673	315637	买盘
11:27:42	4.69	0.01	158	74477	买盘
11:27:36	4.68	--	250	117000	卖盘
11:27:31	4.68	-0.01	188	87984	卖盘
11:27:27	4.69	--	330	154770	买盘
11:27:21	4.69	0.01	58	27202	买盘
11:27:16	4.68	-0.01	389	182052	卖盘
11:27:12	4.69	0.01	395	185255	买盘
11:27:06	4.68	-0.01	557	260675	卖盘
11:27:01	4.69	0.01	221	103649	买盘
11:26:56	4.68	-0.01	110	51480	卖盘
11:26:51	4.69	0.01	18	8442	买盘
11:26:46	4.68	--	255	119340	卖盘
11:26:41	4.68	-0.01	70	32759	卖盘
11:26:36	4.69	0.01	724	339556	买盘
11:26:31	4.68	-0.01	69	32291	卖盘
11:26:26	4.69	--	614	287966	买盘
11:26:21	4.69	0.01	35	16415	买盘
11:26:16	4.68	--	422	197496	卖盘
11:26:11	4.68	-0.01	562	263016	卖盘
11:26:06	4.69	--	393	184317	买盘
11:26:01	4.69	--	3079	1444051	买盘
11:25:56	4.69	0.01	136	63784	买盘
11:25:51	4.68	-0.01	1166	545688	卖盘
11:25:46	4.69	0.01	135	63315	买盘
11:25:41	4.68	--	345	161460	卖盘
11:25:36	4.68	-0.01	386	180648	卖盘
11:25:31	4.69	0.01	257	120533	买盘
11:25:26	4.68	--	1177	550836	卖盘
11:25:21	4.68	-0.01	962	450216	卖盘
11:25:16	4.69	0.01	927	435138	买盘
11:25:11	4.68	-0.01	1508	705837	卖盘
11:25:06	4.69	--	654	307101	买盘
11:25:01	4.69	--	870	408358	卖盘
11:24:56	4.69	--	862	404418	买盘
11:24:51	4.69	--	103	48307	买盘
11:24:45	4.69	--	1205	565145	买盘
11:24:41	4.69	--	234	109746	买盘
11:24:36	4.69	--	551	258419	买盘
11:24:30	4.69	--	522	244818	买盘
11:24:26	4.69	--	335	157115	买盘
11:24:21	4.69	--	1143	536067	买盘
11:24:15	4.69	--	707	331583	买盘
11:24:11	4.69	--	485	227465	买盘
11:24:06	4.69	--	591	277179	买盘
11:24:00	4.69	--	1667	782245	卖盘
11:23:55	4.69	--	220	103180	卖盘
11:23:51	4.69	--	1686	790780	买盘
11:23:45	4.69	--	1296	607824	买盘
11:23:40	4.69	0.01	401	188069	买盘
11:23:36	4.68	-0.01	1622	759096	卖盘
11:23:30	4.69	--	743	348467	买盘
11:23:25	4.69	--	447	209643	买盘
11:23:21	4.69	0.01	868	407092	买盘
11:23:15	4.68	-0.01	2194	1026791	卖盘
11:23:10	4.69	--	1230	576870	买盘
11:23:06	4.69	--	3101	1454744	买盘
11:23:00	4.69	0.01	1183	554827	买盘
11:22:55	4.68	-0.01	3017	1411956	卖盘
11:22:51	4.69	0.01	252	118188	买盘
11:22:45	4.68	--	246	115128	买盘
11:22:40	4.68	-0.01	343	160524	中性盘
11:22:36	4.69	0.02	22338	10476522	买盘
11:22:30	4.67	--	2598	1213266	买盘
11:22:25	4.67	--	588	274596	买盘
11:22:21	4.67	--	2792	1303864	买盘
11:22:15	4.67	--	493	230231	买盘
11:22:10	4.67	0.01	1962	916286	买盘
11:22:06	4.66	--	580	270280	买盘
11:22:00	4.66	--	2546	1186436	买盘
11:21:55	4.66	0.01	11377	5302073	买盘
11:21:51	4.65	--	671	312015	买盘
11:21:45	4.65	--	1857	863505	买盘
11:21:40	4.65	0.01	620	288300	买盘
11:21:36	4.64	-0.01	10	4640	卖盘
11:21:30	4.65	0.01	10329	4802985	买盘
11:21:25	4.64	--	70	32479	卖盘
11:21:21	4.64	--	112	51968	卖盘
11:21:15	4.64	--	373	173072	卖盘
11:21:10	4.64	0.01	2051	951775	买盘
11:21:05	4.63	--	557	257891	卖盘
11:21:00	4.63	--	3	1389	卖盘
11:20:55	4.63	-0.01	89	41207	卖盘
11:20:51	4.64	--	10	4640	买盘
11:20:45	4.64	--	837	388368	买盘
11:20:40	4.64	0.01	271	125743	买盘
11:20:36	4.63	-0.01	3	1389	卖盘
11:20:30	4.64	0.01	40	18560	买盘
11:20:25	4.63	--	78	36114	卖盘
11:20:20	4.63	--	312	144456	卖盘
11:20:15	4.63	--	344	159272	卖盘
11:20:10	4.63	-0.01	70	32410	卖盘
11:20:05	4.64	--	54	25056	买盘
11:20:00	4.64	0.01	47	21808	买盘
11:19:55	4.63	--	70	32410	卖盘
11:19:50	4.63	-0.01	20	9260	卖盘
11:19:45	4.64	0.01	126	58463	买盘
11:19:40	4.63	-0.01	115	53245	卖盘
11:19:30	4.64	0.01	89	41296	买盘
11:19:25	4.63	-0.01	86	39818	卖盘
11:19:20	4.64	0.01	323	149872	买盘
11:19:15	4.63	--	302	139826	卖盘
11:19:10	4.63	--	112	51856	卖盘
11:18:55	4.63	--	84	38892	卖盘
11:18:40	4.63	-0.01	70	32410	卖盘
11:18:35	4.64	0.01	26	12064	买盘
11:18:30	4.63	--	100	46300	卖盘
11:18:25	4.63	--	82	37966	卖盘
11:18:15	4.63	--	303	140289	卖盘
11:18:09	4.63	--	100	46300	卖盘
11:18:05	4.63	-0.01	56	25928	卖盘
11:18:00	4.64	0.01	5	2320	买盘
11:17:54	4.63	--	113	52319	卖盘
11:17:39	4.63	-0.01	148	68524	卖盘
11:17:35	4.64	0.01	33	15311	买盘
11:17:30	4.63	--	1000	463000	卖盘
11:17:24	4.63	--	70	32410	卖盘
11:17:20	4.63	--	302	139826	卖盘
11:17:09	4.63	--	91	42133	卖盘
11:17:00	4.63	--	12	5648	卖盘
11:16:54	4.63	-0.01	163	75469	卖盘
11:16:45	4.64	0.01	11	5104	买盘
11:16:39	4.63	-0.01	70	32410	卖盘
11:16:34	4.64	--	20	9280	买盘
11:16:30	4.64	0.01	16	7423	买盘
11:16:24	4.63	--	373	172699	卖盘
11:16:15	4.63	--	505	233815	卖盘
11:16:09	4.63	-0.01	110	50930	卖盘
11:16:04	4.64	--	68	31551	买盘
11:16:00	4.64	0.01	28	12992	买盘
11:15:54	4.63	-0.01	70	32410	卖盘
11:15:45	4.64	--	10	4640	买盘
11:15:39	4.64	0.01	83	38512	买盘
11:15:34	4.63	-0.01	40	18520	卖盘
11:15:30	4.64	--	50	23200	买盘
11:15:15	4.64	--	10	4640	买盘
11:15:00	4.64	0.01	10	4640	买盘
11:14:54	4.63	-0.01	229	106027	卖盘
11:14:49	4.64	--	10	4640	卖盘
11:14:34	4.64	--	395	183280	卖盘
11:14:30	4.64	--	10	4640	卖盘
11:14:24	4.64	--	102	47328	卖盘
11:14:19	4.64	--	385	178640	卖盘
11:14:15	4.64	--	57	26447	卖盘
11:14:04	4.64	-0.01	50	23200	卖盘
11:14:00	4.65	0.01	23	10695	买盘
11:13:54	4.64	0.01	2019	936815	买盘
11:13:49	4.63	--	1	463	卖盘
11:13:44	4.63	--	10	4630	卖盘
11:13:39	4.63	-0.01	236	109268	卖盘
11:13:34	4.64	0.01	40	18560	买盘
11:13:29	4.63	--	2	926	卖盘
11:13:24	4.63	-0.01	326	150938	卖盘
11:13:14	4.64	0.01	1	463	买盘
11:13:09	4.63	-0.01	135	62505	卖盘
11:12:54	4.64	--	202	93728	买盘
11:12:44	4.64	0.01	20	9280	买盘
11:12:39	4.63	-0.01	10	4630	卖盘
11:12:24	4.64	--	1024	475135	买盘
11:12:19	4.64	--	3	1392	买盘
11:12:09	4.64	0.01	72	33408	买盘
11:12:04	4.63	--	727	336601	卖盘
11:11:54	4.63	--	50	23150	卖盘
11:11:49	4.63	--	100	46300	卖盘
11:11:39	4.63	--	10	4630	卖盘
11:11:34	4.63	--	1	463	卖盘
11:11:24	4.63	--	404	187052	卖盘
11:11:18	4.63	-0.01	16	7408	卖盘
11:11:14	4.64	--	59	27375	买盘
11:11:03	4.64	0.01	47	21808	买盘
11:10:54	4.63	-0.01	2	926	卖盘
11:10:48	4.64	0.01	15	6959	买盘
11:10:39	4.63	-0.01	2	926	卖盘
11:10:33	4.64	0.01	26	12064	买盘
11:10:24	4.63	--	303	140289	卖盘
11:10:18	4.63	-0.01	188	87044	卖盘
11:10:09	4.64	0.01	53	24592	买盘
11:10:03	4.63	-0.01	6	3055	卖盘
11:09:58	4.64	--	13	6032	买盘
11:09:54	4.64	0.01	12	5568	买盘
11:09:48	4.63	--	58	26854	卖盘
11:09:43	4.63	--	28	12964	卖盘
11:09:39	4.63	--	6	3148	卖盘
11:09:33	4.63	--	9	4167	卖盘
11:09:28	4.63	--	5	2315	卖盘
11:09:24	4.63	-0.01	20	9260	卖盘
11:09:13	4.64	--	35	16239	买盘
11:09:09	4.64	--	715	331760	卖盘
11:09:03	4.64	--	230	106719	卖盘
11:08:54	4.64	-0.01	62	28767	卖盘
11:08:48	4.65	0.01	30	13950	买盘
11:08:39	4.64	-0.01	21	9836	卖盘
11:08:33	4.65	0.01	396	184140	买盘
11:08:28	4.64	0.01	49	23107	买盘
11:08:24	4.63	--	1389	643107	卖盘
11:08:18	4.63	--	125	57875	卖盘
11:08:13	4.63	--	20	9260	卖盘
11:08:03	4.63	-0.01	534	247242	卖盘
11:07:58	4.64	0.01	495	229679	买盘
11:07:54	4.63	-0.01	86	39818	卖盘
11:07:48	4.64	--	468	217151	买盘
11:07:43	4.64	--	7	3248	买盘
11:07:28	4.64	--	379	175856	买盘
11:07:24	4.64	--	1	463	买盘
11:07:18	4.64	--	306	141984	买盘
11:07:13	4.64	--	46	21344	买盘
11:07:09	4.64	--	6	2784	买盘
11:07:03	4.64	--	253	117391	买盘
11:06:58	4.64	0.01	127	58927	买盘
11:06:48	4.63	-0.01	13	6019	卖盘
11:06:43	4.64	0.01	103	47792	买盘
11:06:33	4.63	--	41	18983	卖盘
11:06:28	4.63	--	319	147697	卖盘
11:06:23	4.63	--	1	463	卖盘
11:06:18	4.63	-0.01	72	33521	卖盘
11:06:13	4.64	--	20	9280	买盘
11:06:08	4.64	0.01	6	2784	买盘
11:06:03	4.63	--	2	926	卖盘
11:05:58	4.63	-0.01	71	32965	卖盘
11:05:48	4.64	--	15	6959	买盘
11:05:43	4.64	--	62	28767	买盘
11:05:33	4.64	0.01	357	165648	买盘
11:05:28	4.63	-0.01	1	463	卖盘
11:05:22	4.64	0.01	13	6032	买盘
11:05:18	4.63	-0.01	188	87044	卖盘
11:05:13	4.64	--	77	35728	买盘
11:05:08	4.64	--	10	4640	买盘
11:04:58	4.64	--	355	164720	买盘
11:04:53	4.64	0.01	100	46400	买盘
11:04:48	4.63	--	95	43985	卖盘
11:04:43	4.63	--	93	43151	卖盘
11:04:38	4.63	--	150	69450	卖盘
11:04:33	4.63	-0.01	482	223166	卖盘
11:04:27	4.64	0.01	103	47792	买盘
11:04:18	4.63	--	376	174088	卖盘
11:04:07	4.63	--	200	92600	卖盘
11:04:03	4.63	--	10185	4715655	卖盘
11:03:57	4.63	-0.01	252	116676	卖盘
11:03:53	4.64	0.01	795	369158	买盘
11:03:48	4.63	--	110	50930	卖盘
11:03:37	4.63	--	10	4630	卖盘
11:03:33	4.63	--	407	188441	卖盘
11:03:22	4.63	--	8	3704	卖盘
11:03:18	4.63	--	252	116676	卖盘
11:03:12	4.63	-0.01	59	27317	卖盘
11:03:07	4.64	--	150	69971	买盘
11:03:03	4.64	0.01	194	90016	买盘
11:02:57	4.63	--	38	17594	卖盘
11:02:48	4.63	--	929	430127	卖盘
11:02:42	4.63	--	144	66926	买盘
11:02:37	4.63	0.01	32	14816	买盘
11:02:33	4.62	-0.01	303	139986	卖盘
11:02:27	4.63	--	108	50341	买盘
11:02:22	4.63	0.01	50	23150	买盘
11:02:12	4.62	--	37	17094	卖盘
11:02:07	4.62	--	31	14322	卖盘
11:02:03	4.62	-0.01	40	18480	卖盘
11:01:57	4.63	--	1016	470408	买盘
11:01:47	4.63	--	216	100193	买盘
11:01:42	4.63	0.01	354	163902	买盘
11:01:37	4.62	--	303	139986	卖盘
11:01:33	4.62	-0.01	10	4620	卖盘
11:01:27	4.63	--	12	5556	买盘
11:01:22	4.63	0.01	332	153716	买盘
11:01:07	4.62	--	50	23100	卖盘
11:01:03	4.62	-0.01	5	2310	卖盘
11:00:57	4.63	--	11	5093	买盘
11:00:52	4.63	0.01	326	150938	买盘
11:00:48	4.62	-0.01	100	46200	卖盘
11:00:42	4.63	0.01	3	1389	买盘
11:00:37	4.62	--	302	139524	卖盘
11:00:27	4.62	-0.01	5	2310	卖盘
11:00:17	4.63	0.01	13	6019	买盘
11:00:12	4.62	--	10	4620	卖盘
11:00:07	4.62	-0.01	77	35666	卖盘
11:00:02	4.63	0.01	70	32410	买盘
10:59:57	4.62	--	60	27720	卖盘
10:59:52	4.62	--	116	53592	卖盘
10:59:42	4.62	--	102	47124	卖盘
10:59:37	4.62	-0.01	317	146454	卖盘
10:59:27	4.63	--	34	15742	买盘
10:59:22	4.63	0.01	79	36577	买盘
10:59:17	4.62	-0.01	13	6006	卖盘
10:59:12	4.63	--	30	13890	买盘
10:59:07	4.63	--	54	25002	买盘
10:59:02	4.63	0.01	38	17594	买盘
10:58:57	4.62	-0.01	189	87318	卖盘
10:58:47	4.63	--	10	4630	买盘
10:58:42	4.63	--	116	53860	卖盘
10:58:27	4.63	-0.01	108	50004	卖盘
10:58:22	4.64	0.01	152	70528	买盘
10:58:17	4.63	--	30	13890	卖盘
10:58:12	4.63	-0.01	136	62968	卖盘
10:58:07	4.64	0.01	240	111359	买盘
10:58:02	4.63	-0.01	1	463	卖盘
10:57:57	4.64	0.01	25	11776	买盘
10:57:51	4.63	--	103	47689	卖盘
10:57:47	4.63	-0.01	381	176403	卖盘
10:57:42	4.64	0.01	293	135975	买盘
10:57:36	4.63	--	402	186422	卖盘
10:57:27	4.63	--	185	85655	卖盘
10:57:21	4.63	-0.01	20	9260	卖盘
10:57:17	4.64	0.01	6	2784	买盘
10:57:12	4.63	-0.01	424	196312	卖盘
10:57:06	4.64	0.01	1	463	买盘
10:57:01	4.63	--	3	1389	卖盘
10:56:57	4.63	--	202	93526	卖盘
10:56:51	4.63	-0.01	40	18520	卖盘
10:56:46	4.64	0.01	6	2784	买盘
10:56:42	4.63	--	406	187978	卖盘
10:56:36	4.63	--	170	78710	卖盘
10:56:31	4.63	-0.01	66	30835	卖盘
10:56:27	4.64	0.01	227	105328	买盘
10:56:21	4.63	--	202	93526	卖盘
10:56:16	4.63	--	107	49541	卖盘
10:56:12	4.63	--	149	68987	卖盘
10:56:06	4.63	--	292	135196	卖盘
10:56:01	4.63	-0.01	168	77784	卖盘
10:55:57	4.64	0.01	267	123887	买盘
10:55:51	4.63	--	190	87970	卖盘
10:55:42	4.63	-0.01	476	220388	卖盘
10:55:36	4.64	0.01	7	3248	买盘
10:55:31	4.63	--	5	2315	卖盘
10:55:27	4.63	--	484	224092	卖盘
10:55:21	4.63	--	6	2778	卖盘
10:55:12	4.63	0.01	270	125010	买盘
10:55:06	4.62	-0.02	177	81774	卖盘
10:55:01	4.64	0.02	249	115535	买盘
10:54:57	4.62	-0.01	1	462	卖盘
10:54:51	4.63	--	69	31947	买盘
10:54:41	4.63	-0.01	311	144363	卖盘
10:54:36	4.64	--	1	463	买盘
10:54:27	4.64	0.01	8	3711	买盘
10:54:21	4.63	--	2031	940445	卖盘
10:54:12	4.63	--	7	3241	卖盘
10:53:56	4.63	--	471	218073	卖盘
10:53:51	4.63	--	86	39818	卖盘
10:53:46	4.63	-0.01	425	196775	卖盘
10:53:42	4.64	0.01	61	28303	买盘
10:53:31	4.63	--	62	29076	卖盘
10:53:26	4.63	--	1	463	卖盘
10:53:21	4.63	--	20	9260	卖盘
10:53:16	4.63	-0.01	657	304191	卖盘
10:53:11	4.64	0.01	27	12528	买盘
10:53:01	4.63	-0.01	3	1389	卖盘
10:52:46	4.64	0.01	311	144304	买盘
10:52:36	4.63	--	18	8334	卖盘
10:52:31	4.63	--	21	9723	卖盘
10:52:26	4.63	--	2	926	卖盘
10:52:21	4.63	--	86	39818	卖盘
10:52:16	4.63	--	239	110657	卖盘
10:52:11	4.63	--	23	10649	卖盘
10:52:06	4.63	-0.01	217	100471	卖盘
10:51:56	4.64	--	81	37584	买盘
10:51:51	4.64	0.01	119	55215	买盘
10:51:46	4.63	--	323	149549	卖盘
10:51:41	4.63	-0.01	1	463	卖盘
10:51:36	4.64	0.01	781	362384	买盘
10:51:31	4.63	--	33	15279	卖盘
10:51:26	4.63	--	15	6945	卖盘
10:51:21	4.63	--	104	48152	卖盘
10:51:15	4.63	--	70	32410	卖盘
10:51:11	4.63	-0.01	67	31021	卖盘
10:51:00	4.64	0.01	105	48720	买盘
10:50:56	4.63	--	5	2315	卖盘
10:50:51	4.63	--	1	463	卖盘
10:50:45	4.63	--	366	169458	卖盘
10:50:41	4.63	--	97	44911	卖盘
10:50:30	4.63	--	1023	473741	卖盘
10:50:25	4.63	--	21	9723	卖盘
10:50:21	4.63	-0.01	99	45837	卖盘
10:50:15	4.64	--	65	30159	买盘
10:50:10	4.64	--	111	51504	买盘
10:50:06	4.64	--	148	68672	买盘
10:50:00	4.64	0.01	40	18560	买盘
10:49:55	4.63	--	58	26854	卖盘
10:49:45	4.63	--	313	144919	卖盘
10:49:40	4.63	--	1	463	卖盘
10:49:36	4.63	--	428	198164	卖盘
10:49:30	4.63	-0.01	52	24076	卖盘
10:49:25	4.64	--	974	451935	买盘
10:49:21	4.64	0.01	64	29695	买盘
10:49:15	4.63	--	89	41207	卖盘
10:49:10	4.63	--	200	92600	卖盘
10:49:06	4.63	-0.01	1	463	卖盘
10:49:00	4.64	0.01	13	6032	买盘
10:48:55	4.63	-0.01	1	463	卖盘
10:48:51	4.64	0.01	54	25056	买盘
10:48:45	4.63	-0.01	302	139826	卖盘
10:48:40	4.64	--	336	155904	买盘
10:48:30	4.64	0.01	8968	4161458	买盘
10:48:25	4.63	-0.01	50	23150	卖盘
10:48:21	4.64	--	23	10672	买盘
10:48:15	4.64	0.01	38	17632	买盘
10:48:06	4.63	-0.01	2	926	卖盘
10:48:00	4.64	--	1	463	买盘
10:47:55	4.64	--	10	4640	买盘
10:47:51	4.64	0.01	553	256591	买盘
10:47:36	4.63	--	20	9260	卖盘
10:47:25	4.63	-0.01	10	4630	卖盘
10:47:20	4.64	0.01	29	13455	买盘
10:47:15	4.63	--	6	2778	卖盘
10:47:10	4.63	-0.01	351	162513	卖盘
10:47:06	4.64	--	38	17632	买盘
10:47:00	4.64	0.01	28	12992	买盘
10:46:45	4.63	--	332	153716	卖盘
10:46:40	4.63	--	30	13890	卖盘
10:46:25	4.63	--	2	926	卖盘
10:46:10	4.63	--	17	7871	卖盘
10:46:05	4.63	--	166	76858	卖盘
10:46:00	4.63	--	250	115750	卖盘
10:45:55	4.63	-0.01	10	4630	卖盘
10:45:50	4.64	--	308	142912	买盘
10:45:45	4.64	--	246	114143	买盘
10:45:40	4.64	0.01	749	347536	买盘
10:45:35	4.63	-0.01	500	231500	卖盘
10:45:30	4.64	0.01	45	20880	买盘
10:45:20	4.63	--	8	3889	卖盘
10:45:15	4.63	-0.01	25	11575	卖盘
10:45:10	4.64	--	686	318304	买盘
10:45:00	4.64	0.01	1	463	买盘
10:44:55	4.63	--	309	143067	卖盘
10:44:50	4.63	--	0	0	卖盘
10:44:45	4.63	--	519	240297	卖盘
10:44:30	4.63	--	1	463	卖盘
10:44:15	4.63	-0.01	902	417626	卖盘
10:44:09	4.64	0.01	1	463	买盘
10:44:00	4.63	--	11	5093	卖盘
10:43:54	4.63	-0.01	1998	925074	卖盘
10:43:49	4.64	--	11	5104	买盘
10:43:39	4.64	0.01	673	312272	买盘
10:43:34	4.63	-0.01	10	4630	卖盘
10:43:29	4.64	--	6	2784	买盘
10:43:24	4.64	0.01	682	316448	买盘
10:43:19	4.63	-0.01	108	50004	卖盘
10:43:15	4.64	--	1	463	买盘
10:43:09	4.64	0.01	5	2320	买盘
10:43:04	4.63	--	20	9260	卖盘
10:42:54	4.63	-0.01	317	146771	卖盘
10:42:49	4.64	0.01	246	114143	买盘
10:42:44	4.63	--	17	7871	卖盘
10:42:34	4.63	--	33	15279	卖盘
10:42:29	4.63	--	100	46300	卖盘
10:42:24	4.63	--	69	32317	买盘
10:42:19	4.63	--	10	4630	买盘
10:42:15	4.63	--	18	8334	买盘
10:42:09	4.63	--	63	29261	卖盘
10:42:04	4.63	--	46	21668	买盘
10:42:00	4.63	--	53	24539	买盘
10:41:54	4.63	--	294	136214	卖盘
10:41:49	4.63	--	49	22687	卖盘
10:41:44	4.63	--	26	12038	卖盘
10:41:39	4.63	--	50	23150	卖盘
10:41:29	4.63	--	155	71765	卖盘
10:41:24	4.63	--	62	28706	卖盘
10:41:15	4.63	--	1	463	卖盘
10:41:04	4.63	--	80	37040	卖盘
10:40:54	4.63	--	308	142604	卖盘
10:40:49	4.63	--	31	14353	卖盘
10:40:44	4.63	--	100	46300	卖盘
10:40:39	4.63	--	39	18427	买盘
10:40:34	4.63	--	59	27317	卖盘
10:40:29	4.63	--	5	2315	买盘
10:40:24	4.63	--	25	11575	卖盘
10:40:19	4.63	0.01	731	338453	买盘
10:40:14	4.62	-0.01	15	6930	卖盘
10:40:04	4.63	--	53	24539	买盘
10:39:59	4.63	--	11	5093	买盘
10:39:54	4.63	--	363	168069	卖盘
10:39:49	4.63	--	240	111120	卖盘
10:39:44	4.63	--	898	415774	卖盘
10:39:39	4.63	--	20	9260	卖盘
10:39:29	4.63	--	5	2315	卖盘
10:39:24	4.63	--	146	67598	卖盘
10:39:19	4.63	--	222	102786	卖盘
10:39:14	4.63	--	84	38892	卖盘
10:39:09	4.63	--	62	28706	卖盘
10:39:04	4.63	--	739	342157	卖盘
10:38:59	4.63	--	472	218536	卖盘
10:38:54	4.63	--	255	118065	卖盘
10:38:49	4.63	--	265	122695	卖盘
10:38:44	4.63	--	34	15742	卖盘
10:38:34	4.63	--	160	74265	卖盘
10:38:29	4.63	--	23	10649	卖盘
10:38:24	4.63	--	4	1852	卖盘
10:38:19	4.63	--	20	9260	卖盘
10:38:09	4.63	-0.01	87	40281	卖盘
10:38:03	4.64	--	21	9744	买盘
10:37:59	4.64	--	306	141984	买盘
10:37:48	4.64	--	200	92800	买盘
10:37:44	4.64	0.01	200	92800	买盘
10:37:39	4.63	--	18	8334	卖盘
10:37:33	4.63	--	30	13890	卖盘
10:37:24	4.63	-0.01	27	12501	卖盘
10:37:18	4.64	0.01	572	265408	买盘
10:37:13	4.63	--	36	16668	卖盘
10:37:09	4.63	--	58	26854	卖盘
10:37:03	4.63	--	171	79173	卖盘
10:36:58	4.63	--	60	27780	卖盘
10:36:54	4.63	--	323	149549	卖盘
10:36:48	4.63	--	45	20835	卖盘
10:36:39	4.63	--	231	106953	卖盘
10:36:33	4.63	--	87	40281	卖盘
10:36:28	4.63	--	20	9260	卖盘
10:36:24	4.63	-0.01	363	168069	卖盘
10:36:18	4.64	--	230	106719	买盘
10:36:13	4.64	--	165	76560	买盘
10:36:08	4.64	0.01	106	49184	买盘
10:36:03	4.63	--	393	181959	卖盘
10:35:58	4.63	-0.01	3	1666	卖盘
10:35:54	4.64	0.01	407	188848	买盘
10:35:48	4.63	-0.01	2	926	卖盘
10:35:43	4.64	--	29	13455	买盘
10:35:39	4.64	--	7	3248	买盘
10:35:33	4.64	0.01	25	11600	买盘
10:35:28	4.63	-0.01	3	1389	卖盘
10:35:24	4.64	-0.01	80	37305	卖盘
10:35:18	4.65	--	76	35340	买盘
10:35:13	4.65	0.01	48	22320	买盘
10:35:09	4.64	--	504	233855	卖盘
10:35:03	4.64	--	394	183094	买盘
10:34:58	4.64	--	343	159337	卖盘
10:34:53	4.64	--	137	63567	卖盘
10:34:48	4.64	--	60	27839	卖盘
10:34:43	4.64	--	1951	905263	卖盘
10:34:38	4.64	--	183	84912	卖盘
10:34:33	4.64	--	683	316912	卖盘
10:34:28	4.64	--	997	462607	卖盘
10:34:23	4.64	--	20	9280	卖盘
10:34:18	4.64	--	91	42224	卖盘
10:34:13	4.64	--	12	5568	卖盘
10:34:08	4.64	--	36	16704	卖盘
10:34:03	4.64	-0.01	403	186992	卖盘
10:33:58	4.65	0.01	14	6510	买盘
10:33:53	4.64	--	73	33872	卖盘
10:33:43	4.64	-0.01	96	44544	卖盘
10:33:38	4.65	--	101	46965	买盘
10:33:28	4.65	0.01	6	2790	买盘
10:33:13	4.64	--	196	90944	卖盘
10:33:03	4.64	-0.01	338	156832	卖盘
10:32:58	4.65	0.01	397	184605	买盘
10:32:52	4.64	--	102	47328	卖盘
10:32:43	4.64	--	160	74240	卖盘
10:32:28	4.64	--	201	93264	卖盘
10:32:23	4.64	-0.01	69	32015	卖盘
10:32:18	4.65	0.01	66	30690	买盘
10:32:13	4.64	--	234	108575	卖盘
10:32:08	4.64	--	4	1855	卖盘
10:32:03	4.64	-0.01	317	147088	卖盘
10:31:58	4.65	--	20	9300	买盘
10:31:53	4.65	0.01	12	5580	买盘
10:31:48	4.64	--	185	85840	卖盘
10:31:42	4.64	-0.01	8	3711	卖盘
10:31:37	4.65	0.01	29	13485	买盘
10:31:33	4.64	--	30	13919	卖盘
10:31:23	4.64	-0.01	2	927	卖盘
10:31:18	4.65	--	18	8370	买盘
10:31:12	4.65	--	103	47895	买盘
10:31:07	4.65	--	313	145545	买盘
10:30:57	4.65	0.01	757	352005	买盘
10:30:52	4.64	--	1	463	卖盘
10:30:48	4.64	-0.01	18	8352	卖盘
10:30:42	4.65	0.01	4	1860	买盘
10:30:33	4.64	--	20	9280	卖盘
10:30:22	4.64	-0.01	3	1392	卖盘
10:30:18	4.65	--	81	37665	买盘
10:30:07	4.65	--	3	1395	买盘
10:30:03	4.65	--	432	200880	买盘
10:29:52	4.65	0.01	100	46500	买盘
10:29:48	4.64	--	23	10672	卖盘
10:29:42	4.64	-0.01	151	70064	卖盘
10:29:37	4.65	0.01	36	16740	买盘
10:29:33	4.64	-0.01	326	151542	卖盘
10:29:27	4.65	0.01	26	12090	买盘
10:29:22	4.64	-0.01	72	33500	卖盘
10:29:18	4.65	--	79	36735	买盘
10:29:12	4.65	0.01	57	26505	买盘
10:29:07	4.64	--	313	145510	卖盘
10:29:03	4.64	-0.01	40	18560	卖盘
10:28:57	4.65	--	17	7905	买盘
10:28:48	4.65	0.01	178	82770	买盘
10:28:42	4.64	-0.01	149	69507	卖盘
10:28:37	4.65	--	13	6045	买盘
10:28:33	4.65	--	59	27435	买盘
10:28:27	4.65	--	2	930	买盘
10:28:22	4.65	--	233	108345	买盘
10:28:12	4.65	--	1242	577530	买盘
10:28:07	4.65	--	56	26226	买盘
10:28:02	4.65	0.01	97	45105	买盘
10:27:57	4.64	-0.01	25	11600	卖盘
10:27:52	4.65	0.01	47	21855	买盘
10:27:47	4.64	--	40	18560	卖盘
10:27:42	4.64	--	56	25984	卖盘
10:27:37	4.64	-0.01	89	41296	卖盘
10:27:27	4.65	0.01	1	465	买盘
10:27:22	4.64	-0.01	74	34336	卖盘
10:27:17	4.65	--	2011	935115	买盘
10:27:12	4.65	--	1	465	买盘
10:27:07	4.65	--	38	17670	买盘
10:26:57	4.65	--	422	196230	卖盘
10:26:52	4.65	--	335	155775	卖盘
10:26:47	4.65	--	240	111600	卖盘
10:26:42	4.65	--	422	196230	卖盘
10:26:37	4.65	--	1101	511965	卖盘
10:26:27	4.65	--	136	63240	卖盘
10:26:22	4.65	--	295	137175	卖盘
10:26:17	4.65	-0.01	10	4650	卖盘
10:26:12	4.66	--	393	183138	买盘
10:26:07	4.66	--	182	84812	买盘
10:26:02	4.66	--	110	51260	买盘
10:25:57	4.66	--	404	188264	买盘
10:25:52	4.66	--	233	108578	买盘
10:25:47	4.66	--	422	196652	买盘
10:25:42	4.66	--	541	252106	买盘
10:25:37	4.66	--	202	94132	买盘
10:25:32	4.66	--	308	143528	买盘
10:25:27	4.66	--	2578	1201688	买盘
10:25:22	4.66	--	227	105782	买盘
10:25:17	4.66	--	1014	472524	买盘
10:25:12	4.66	--	357	166362	买盘
10:25:07	4.66	0.01	37	17242	买盘
10:25:02	4.65	--	184	85685	买盘
10:24:57	4.65	--	200	93000	买盘
10:24:51	4.65	--	70	32889	卖盘
10:24:47	4.65	--	150	69750	卖盘
10:24:42	4.65	--	19	9114	卖盘
10:24:36	4.65	--	1508	701531	买盘
10:24:32	4.65	--	15	6975	买盘
10:24:27	4.65	--	912	424080	买盘
10:24:21	4.65	--	146	67890	买盘
10:24:16	4.65	0.01	1000	465000	买盘
10:24:12	4.64	--	312	144768	卖盘
10:24:06	4.64	-0.01	14	6496	卖盘
10:23:56	4.65	--	260	120900	买盘
10:23:51	4.65	0.01	2203	1024395	买盘
10:23:46	4.64	--	101	46864	买盘
10:23:42	4.64	--	131	60783	买盘
10:23:36	4.64	--	229	106255	买盘
10:23:31	4.64	--	216	100224	买盘
10:23:27	4.64	--	27	12528	买盘
10:23:21	4.64	--	61	28303	卖盘
10:23:16	4.64	0.01	30	13919	中性盘
10:23:12	4.63	-0.01	343	158809	卖盘
10:23:01	4.64	--	20	9280	卖盘
10:22:57	4.64	-0.01	114	52895	卖盘
10:22:51	4.65	0.01	10156	4722540	买盘
10:22:42	4.64	--	5	2320	买盘
10:22:36	4.64	--	125	57999	买盘
10:22:31	4.64	--	25	11600	买盘
10:22:27	4.64	0.01	26	12064	中性盘
10:22:21	4.63	-0.01	1071	495873	卖盘
10:22:16	4.64	0.01	2325	1078800	买盘
10:22:12	4.63	-0.01	201	93063	卖盘
10:22:06	4.64	--	28	12992	买盘
10:22:01	4.64	--	136	63103	买盘
10:21:46	4.64	0.01	18	8352	买盘
10:21:42	4.63	-0.01	100	46300	卖盘
10:21:36	4.64	0.01	38	17632	买盘
10:21:31	4.63	--	14	6482	卖盘
10:21:26	4.63	0.01	4	1852	卖盘
10:21:21	4.62	--	0	0	卖盘
10:21:16	4.62	-0.02	303	139986	卖盘
10:21:11	4.64	0.01	5015	2326960	买盘
10:21:06	4.63	0.01	51	23613	买盘
10:21:01	4.62	--	1	462	卖盘
10:20:51	4.62	-0.01	95	43890	卖盘
10:20:46	4.63	--	101	46948	卖盘
10:20:41	4.63	--	12	5556	卖盘
10:20:36	4.63	--	48	22224	卖盘
10:20:31	4.63	--	4	2129	卖盘
10:20:26	4.63	--	195	90285	买盘
10:20:21	4.63	0.01	16	7408	买盘
10:20:16	4.62	-0.01	302	139524	卖盘
10:20:11	4.63	--	28	12964	买盘
10:20:06	4.63	--	16	7408	买盘
10:20:01	4.63	--	1	463	买盘
10:19:56	4.63	--	1	463	买盘
10:19:51	4.63	--	115	53245	买盘
10:19:46	4.63	0.01	6	2778	买盘
10:19:36	4.62	-0.01	431	199122	卖盘
10:19:31	4.63	0.01	20	9260	中性盘
10:19:26	4.62	--	33	15246	卖盘
10:19:21	4.62	--	8	3696	卖盘
10:19:16	4.62	--	341	157634	卖盘
10:19:11	4.62	-0.01	1	462	卖盘
10:19:06	4.63	--	101	46763	买盘
10:19:01	4.63	--	189	87507	买盘
10:18:56	4.63	--	10	4630	买盘
10:18:51	4.63	--	90	41670	买盘
10:18:46	4.63	--	86	39818	买盘
10:18:41	4.63	--	93	43059	买盘
10:18:36	4.63	--	150	69450	买盘
10:18:31	4.63	0.01	174	80562	买盘
10:18:26	4.62	-0.01	127	58674	卖盘
10:18:21	4.63	0.01	23	10649	买盘
10:18:15	4.62	-0.01	415	191730	卖盘
10:18:11	4.63	0.01	200	92600	买盘
10:18:06	4.62	-0.01	221	102102	卖盘
10:17:56	4.63	0.01	30	13890	买盘
10:17:45	4.62	-0.01	20	9240	卖盘
10:17:36	4.63	0.01	16	7408	买盘
10:17:30	4.62	--	41	18942	卖盘
10:17:25	4.62	--	35	16170	卖盘
10:17:20	4.62	-0.01	381	176022	卖盘
10:17:15	4.63	0.01	9	4167	买盘
10:17:10	4.62	--	60	27720	卖盘
10:17:06	4.62	--	86	39732	卖盘
10:17:00	4.62	--	226	104412	卖盘
10:16:55	4.62	-0.01	6	2772	卖盘
10:16:51	4.63	--	129	59727	买盘
10:16:45	4.63	0.01	47	21761	买盘
10:16:40	4.62	-0.01	15	6930	卖盘
10:16:36	4.63	--	45	20835	买盘
10:16:30	4.63	--	221	102323	买盘
10:16:25	4.63	--	87	40281	买盘
10:16:21	4.63	-0.01	115	53245	卖盘
10:16:15	4.64	--	25	11600	买盘
10:16:10	4.64	0.01	50	23200	买盘
10:16:06	4.63	-0.01	91	42133	卖盘
10:16:00	4.64	--	90	41760	买盘
10:15:51	4.64	--	240	111359	卖盘
10:15:45	4.64	--	96	44544	卖盘
10:15:36	4.64	--	5	2320	卖盘
10:15:30	4.64	0.01	4664	2164096	买盘
10:15:21	4.63	--	2014	932482	买盘
10:15:15	4.63	--	14	6482	买盘
10:15:05	4.63	--	20	9260	买盘
10:15:00	4.63	--	40	18520	买盘
10:14:55	4.63	--	94	43522	买盘
10:14:50	4.63	0.01	6	2778	买盘
10:14:40	4.62	--	1	462	卖盘
10:14:30	4.62	--	984	454608	卖盘
10:14:25	4.62	--	412	190344	卖盘
10:14:20	4.62	-0.01	50	23100	卖盘
10:14:15	4.63	--	64	29632	买盘
10:14:10	4.63	--	74	34539	买盘
10:14:05	4.63	0.01	12	5556	买盘
10:14:00	4.62	-0.01	1031	476322	卖盘
10:13:55	4.63	--	409	189367	买盘
10:13:50	4.63	--	1	463	买盘
10:13:45	4.63	--	45	20835	买盘
10:13:40	4.63	--	20	9260	买盘
10:13:35	4.63	0.01	13	6019	买盘
10:13:30	4.62	-0.01	71	32802	卖盘
10:13:25	4.63	0.01	234	108342	买盘
10:13:20	4.62	-0.01	172	79464	卖盘
10:13:15	4.63	--	118	54634	买盘
10:13:10	4.63	-0.01	40	18520	卖盘
10:13:05	4.64	0.01	39	18096	买盘
10:13:00	4.63	--	70	32410	卖盘
10:12:55	4.63	--	69	31947	买盘
10:12:45	4.63	--	102	47226	买盘
10:12:40	4.63	--	20	9260	买盘
10:12:35	4.63	--	28	12964	买盘
10:12:30	4.63	--	62	28706	买盘
10:12:25	4.63	-0.01	104	48152	卖盘
10:12:15	4.64	--	1059	491375	买盘
10:12:10	4.64	--	98	45472	买盘
10:12:05	4.64	0.01	28	12992	买盘
10:12:00	4.63	-0.01	23	10649	卖盘
10:11:55	4.64	0.01	26	12064	买盘
10:11:45	4.63	-0.01	38	17594	卖盘
10:11:40	4.64	--	7	3248	买盘
10:11:35	4.64	0.01	6	2784	买盘
10:11:30	4.63	--	21	9723	卖盘
10:11:24	4.63	-0.01	391	181033	卖盘
10:11:15	4.64	0.01	433	200912	买盘
10:11:04	4.63	-0.01	575	266225	卖盘
10:10:54	4.64	--	34	15775	买盘
10:10:49	4.64	--	40	18560	买盘
10:10:44	4.64	--	46	21344	买盘
10:10:39	4.64	-0.01	600	278400	卖盘
10:10:34	4.65	--	22	10230	买盘
10:10:30	4.65	0.01	241	112065	买盘
10:10:24	4.64	--	343	159152	卖盘
10:10:14	4.64	--	37	17168	卖盘
10:10:09	4.64	-0.01	506	234783	中性盘
10:10:04	4.65	0.01	142	66030	买盘
10:09:59	4.64	-0.01	36	16704	中性盘
10:09:54	4.65	--	646	300390	买盘
10:09:49	4.65	0.02	10	4650	买盘
10:09:45	4.63	-0.02	25	11575	卖盘
10:09:39	4.65	0.01	470	218550	买盘
10:09:34	4.64	--	18	8352	买盘
10:09:30	4.64	0.01	547	253807	买盘
10:09:24	4.63	-0.02	200	92600	卖盘
10:09:19	4.65	0.01	602	279930	买盘
10:09:15	4.64	-0.01	50	23200	中性盘
10:09:09	4.65	0.01	248	115617	买盘
10:09:04	4.64	-0.01	130	60319	卖盘
10:09:00	4.65	0.01	1	465	买盘
10:08:54	4.64	--	171	79344	卖盘
10:08:49	4.64	-0.01	126	58463	卖盘
10:08:45	4.65	0.01	313	145545	买盘
10:08:39	4.64	0.01	6753	3133744	买盘
10:08:34	4.63	--	59	27317	卖盘
10:08:29	4.63	--	100	46300	卖盘
10:08:24	4.63	--	473	218999	卖盘
10:08:19	4.63	--	515	238722	买盘
10:08:14	4.63	--	301	139363	买盘
10:08:09	4.63	0.01	612	283356	买盘
10:08:04	4.62	--	23	10626	卖盘
10:07:54	4.62	--	36	16724	卖盘
10:07:49	4.62	-0.01	9	4435	卖盘
10:07:44	4.63	--	109	50467	买盘
10:07:39	4.63	--	76	35188	买盘
10:07:34	4.63	0.01	612	283356	买盘
10:07:29	4.62	-0.01	352	162624	卖盘
10:07:24	4.63	0.01	88	40744	买盘
10:07:19	4.62	-0.01	65	30030	卖盘
10:07:14	4.63	--	1	463	买盘
10:07:09	4.63	0.01	2319	1074067	买盘
10:07:04	4.62	--	89	41118	卖盘
10:06:59	4.62	-0.01	702	324324	卖盘
10:06:54	4.63	--	615	284745	买盘
10:06:49	4.63	0.01	3	1389	买盘
10:06:44	4.62	--	150	69300	卖盘
10:06:39	4.62	--	671	310002	卖盘
10:06:34	4.62	--	234	108200	卖盘
10:06:29	4.62	-0.01	303	139986	卖盘
10:06:24	4.63	0.01	9	4167	买盘
10:06:19	4.62	--	873	403326	卖盘
10:06:14	4.62	-0.01	491	226842	卖盘
10:06:09	4.63	0.01	2588	1198244	买盘
10:06:04	4.62	-0.01	90	41580	卖盘
10:05:59	4.63	--	10	4630	买盘
10:05:54	4.63	--	746	345675	买盘
10:05:49	4.63	--	20	9260	买盘
10:05:44	4.63	-0.01	596	275948	买盘
10:05:39	4.64	0.01	114	52895	买盘
10:05:34	4.63	--	114	53059	卖盘
10:05:29	4.63	--	595	275485	卖盘
10:05:24	4.63	--	433	200849	卖盘
10:05:19	4.63	--	2303	1066293	买盘
10:05:14	4.63	0.01	25	11575	买盘
10:05:09	4.62	--	1091	504042	卖盘
10:05:03	4.62	--	35	16170	卖盘
10:04:58	4.62	-0.01	5	2310	卖盘
10:04:54	4.63	0.01	20	9260	买盘
10:04:48	4.62	--	24	11272	卖盘
10:04:39	4.62	-0.01	231	106722	买盘
10:04:33	4.63	0.02	600	277800	买盘
10:04:28	4.61	-0.01	598	275678	卖盘
10:04:24	4.62	--	10	4620	卖盘
10:04:18	4.62	--	50	23377	买盘
10:04:13	4.62	--	37	17278	卖盘
10:04:09	4.62	--	106	48972	卖盘
10:04:03	4.62	--	400	184800	卖盘
10:03:58	4.62	-0.01	443	204666	卖盘
10:03:53	4.63	--	626	289838	买盘
10:03:48	4.63	0.01	308	142604	买盘
10:03:38	4.62	--	135	62370	卖盘
10:03:33	4.62	--	340	157357	卖盘
10:03:24	4.62	-0.01	1	462	卖盘
10:03:18	4.63	0.01	661	306043	买盘
10:03:13	4.62	--	2	924	卖盘
10:03:08	4.62	--	279	128898	卖盘
10:03:03	4.62	-0.01	176	81312	卖盘
10:02:58	4.63	0.02	72	33336	买盘
10:02:53	4.61	-0.01	1283	591463	卖盘
10:02:48	4.62	--	15	6930	卖盘
10:02:43	4.62	--	577	266574	买盘
10:02:38	4.62	--	155	71610	买盘
10:02:33	4.62	-0.01	454	209748	卖盘
10:02:28	4.63	0.01	402	186126	买盘
10:02:18	4.62	--	150	69300	卖盘
10:02:13	4.62	-0.01	16	7392	卖盘
10:02:08	4.63	--	604	279652	买盘
10:02:03	4.63	--	84	38892	买盘
10:01:58	4.63	0.01	678	313914	买盘
10:01:53	4.62	--	10	4620	卖盘
10:01:43	4.62	-0.01	17	8131	卖盘
10:01:38	4.63	0.01	11	5093	买盘
10:01:33	4.62	-0.01	899	415338	卖盘
10:01:28	4.63	--	282	130566	买盘
10:01:23	4.63	0.01	15	6945	买盘
10:01:18	4.62	-0.01	546	252252	卖盘
10:01:13	4.63	0.01	121	56023	买盘
10:01:08	4.62	--	70	32340	卖盘
10:01:03	4.62	--	914	422268	卖盘
10:00:58	4.62	-0.01	840	388172	卖盘
10:00:53	4.63	0.01	78	36114	买盘
10:00:43	4.62	--	307	141834	卖盘
10:00:38	4.62	-0.01	303	139986	卖盘
10:00:33	4.63	0.01	9	4167	买盘
10:00:28	4.62	-0.01	23	10626	卖盘
10:00:23	4.63	-0.01	3	1389	中性盘
10:00:18	4.64	0.01	620	287680	买盘
10:00:13	4.63	--	209	96859	卖盘
10:00:08	4.63	--	653	302339	卖盘
10:00:03	4.63	--	83	38429	卖盘
09:59:58	4.63	--	61	28243	卖盘
09:59:53	4.63	--	423	195849	卖盘
09:59:48	4.63	--	60	27780	卖盘
09:59:43	4.63	--	653	302524	卖盘
09:59:38	4.63	-0.01	314	145382	卖盘
09:59:33	4.64	0.01	68	31551	买盘
09:59:28	4.63	--	135	62505	卖盘
09:59:23	4.63	--	70	32410	卖盘
09:59:18	4.63	-0.01	8	3704	卖盘
09:59:13	4.64	--	184	85376	买盘
09:59:08	4.64	0.01	672	311808	买盘
09:59:03	4.63	--	20	9260	卖盘
09:58:57	4.63	--	2	1111	卖盘
09:58:53	4.63	--	23	10649	卖盘
09:58:48	4.63	-0.01	2	926	卖盘
09:58:42	4.64	0.01	685	317840	买盘
09:58:38	4.63	-0.01	115	53245	卖盘
09:58:33	4.64	--	862	399968	买盘
09:58:27	4.64	0.01	15	6959	买盘
09:58:17	4.63	--	23	10649	卖盘
09:58:12	4.63	-0.01	723	334749	卖盘
09:58:07	4.64	0.01	58	26911	买盘
09:58:02	4.63	--	48	22224	卖盘
09:57:57	4.63	-0.01	645	298635	卖盘
09:57:42	4.64	0.01	1039	482095	买盘
09:57:37	4.63	-0.01	302	139826	卖盘
09:57:32	4.64	0.01	106	49184	买盘
09:57:27	4.63	--	231	106953	卖盘
09:57:22	4.63	--	55	25465	卖盘
09:57:18	4.63	--	761	352343	买盘
09:57:12	4.63	--	30	13890	买盘
09:57:07	4.63	--	50	23150	买盘
09:57:03	4.63	--	88	40744	买盘
09:56:57	4.63	--	20	9260	买盘
09:56:52	4.63	--	105	48892	卖盘
09:56:47	4.63	-0.01	297	137511	卖盘
09:56:42	4.64	0.01	620	287680	买盘
09:56:37	4.63	--	324	150012	卖盘
09:56:32	4.63	--	94	43707	卖盘
09:56:27	4.63	--	3221	1491508	卖盘
09:56:22	4.63	--	24	11112	卖盘
09:56:17	4.63	--	87	40281	卖盘
09:56:12	4.63	--	40	18520	卖盘
09:56:07	4.63	0.01	509	235944	买盘
09:56:02	4.62	-0.01	75	34650	卖盘
09:55:57	4.63	--	324	150012	买盘
09:55:52	4.63	--	197	91211	买盘
09:55:47	4.63	0.01	10	4630	买盘
09:55:42	4.62	-0.01	737	340678	卖盘
09:55:37	4.63	--	363	168069	卖盘
09:55:27	4.63	--	1267	586898	买盘
09:55:22	4.63	--	106	49078	买盘
09:55:17	4.63	0.01	9	4167	买盘
09:55:12	4.62	--	443	204666	卖盘
09:55:07	4.62	-0.01	1	462	卖盘
09:55:02	4.63	--	21	9908	卖盘
09:54:57	4.63	--	663	306969	卖盘
09:54:52	4.63	0.01	1013	469296	买盘
09:54:47	4.62	--	105	48510	卖盘
09:54:42	4.62	--	307	141834	卖盘
09:54:37	4.62	-0.01	1	462	卖盘
09:54:32	4.63	--	9	4352	卖盘
09:54:27	4.63	--	140	65097	买盘
09:54:22	4.63	0.01	601	278263	买盘
09:54:17	4.62	-0.01	427	197274	卖盘
09:54:12	4.63	0.01	50	23150	买盘
09:54:07	4.62	--	409	188958	卖盘
09:54:02	4.62	-0.01	10	4620	卖盘
09:53:57	4.63	--	21	9723	买盘
09:53:52	4.63	0.01	58	26854	买盘
09:53:47	4.62	-0.02	261	120582	卖盘
09:53:42	4.64	0.01	1622	752608	买盘
09:53:37	4.63	--	941	435683	卖盘
09:53:32	4.63	--	15	6945	卖盘
09:53:27	4.63	--	111	51393	卖盘
09:53:22	4.63	--	1217	563471	卖盘
09:53:07	4.63	--	30	13890	卖盘
09:53:02	4.63	--	901	417163	买盘
09:52:57	4.63	--	40	18520	买盘
09:52:47	4.63	--	1502	695426	买盘
09:52:42	4.63	--	92	42596	买盘
09:52:36	4.63	-0.01	207	95841	卖盘
09:52:32	4.64	0.01	596	276544	买盘
09:52:27	4.63	-0.01	129	59727	卖盘
09:52:21	4.64	0.01	54	25056	买盘
09:52:16	4.63	--	79	36577	卖盘
09:52:11	4.63	--	223	103249	卖盘
09:52:06	4.63	-0.01	40	18520	卖盘
09:51:57	4.64	--	999	463535	买盘
09:51:51	4.64	0.01	101	46864	买盘
09:51:46	4.63	--	121	56023	卖盘
09:51:42	4.63	-0.01	455	210665	卖盘
09:51:36	4.64	0.01	140	64959	买盘
09:51:31	4.63	-0.01	2	926	卖盘
09:51:26	4.64	--	41	19024	买盘
09:51:21	4.64	0.01	601	278864	买盘
09:51:16	4.63	-0.01	334	154642	中性盘
09:51:12	4.64	0.01	382	177359	买盘
09:51:06	4.63	-0.01	332	153716	卖盘
09:51:01	4.64	--	218	101152	买盘
09:50:51	4.64	0.01	261	121103	买盘
09:50:46	4.63	-0.01	309	143067	卖盘
09:50:41	4.64	--	895	415280	买盘
09:50:36	4.64	0.01	27	12528	买盘
09:50:31	4.63	--	117	54171	卖盘
09:50:27	4.63	--	255	118065	卖盘
09:50:21	4.63	--	395	183236	买盘
09:50:16	4.63	--	31	14353	买盘
09:50:11	4.63	--	1876	868958	卖盘
09:50:06	4.63	--	422	195386	卖盘
09:50:01	4.63	--	642	297338	买盘
09:49:56	4.63	--	238	110194	买盘
09:49:51	4.63	0.01	117	54171	买盘
09:49:46	4.62	--	434	200508	卖盘
09:49:41	4.62	--	380	175560	卖盘
09:49:36	4.62	--	127	58674	卖盘
09:49:31	4.62	-0.01	2649	1223838	卖盘
09:49:26	4.63	--	5	2315	买盘
09:49:21	4.63	0.01	4	1852	买盘
09:49:16	4.62	-0.01	38	17556	卖盘
09:49:11	4.63	--	50	23150	买盘
09:49:06	4.63	--	58	26854	买盘
09:49:01	4.63	--	81	37873	卖盘
09:48:56	4.63	--	1142	528746	卖盘
09:48:51	4.63	--	230	106490	卖盘
09:48:46	4.63	-0.01	2782	1288066	卖盘
09:48:41	4.64	--	72	33408	买盘
09:48:36	4.64	--	18	8352	买盘
09:48:31	4.64	0.01	207	96048	买盘
09:48:26	4.63	-0.01	1049	485687	卖盘
09:48:21	4.64	0.01	628	291392	买盘
09:48:16	4.63	-0.01	159	73617	卖盘
09:48:06	4.64	0.01	33	15311	买盘
09:48:01	4.63	--	329	152327	卖盘
09:47:56	4.63	-0.01	164	75932	卖盘
09:47:51	4.64	0.01	62	28767	买盘
09:47:46	4.63	--	951	440313	卖盘
09:47:41	4.63	-0.01	350	162050	卖盘
09:47:36	4.64	0.01	31	14383	买盘
09:47:31	4.63	--	583	269929	卖盘
09:47:21	4.63	-0.01	115	53245	卖盘
09:47:16	4.64	0.01	81	37584	买盘
09:47:11	4.63	-0.01	2	926	卖盘
09:47:06	4.64	--	737	342060	买盘
09:46:56	4.64	0.01	500	231999	买盘
09:46:51	4.63	--	518	239834	买盘
09:46:45	4.63	--	93	43059	买盘
09:46:36	4.63	-0.01	309	143067	卖盘
09:46:30	4.64	--	1194	554016	卖盘
09:46:25	4.64	0.02	5	2320	卖盘
09:46:21	4.62	-0.03	7910	3654420	卖盘
09:46:15	4.65	--	844	392553	买盘
09:46:10	4.65	0.01	402	186930	买盘
09:46:05	4.64	0.01	147	68208	中性盘
09:46:00	4.63	-0.02	650	300950	卖盘
09:45:55	4.65	0.01	629	292485	买盘
09:45:50	4.64	-0.01	536	248889	卖盘
09:45:45	4.65	0.01	100	46779	买盘
09:45:40	4.64	--	9	4176	卖盘
09:45:35	4.64	-0.01	591	274224	卖盘
09:45:30	4.65	--	445	206925	买盘
09:45:25	4.65	--	50	23250	买盘
09:45:20	4.65	--	620	288300	买盘
09:45:15	4.65	0.01	153	71145	买盘
09:45:10	4.64	--	139	64495	卖盘
09:45:05	4.64	--	129	59855	卖盘
09:45:00	4.64	--	899	417136	卖盘
09:44:55	4.64	--	52	24128	卖盘
09:44:50	4.64	--	586	271904	买盘
09:44:45	4.64	--	795	368880	买盘
09:44:40	4.64	--	476	220863	买盘
09:44:36	4.64	0.01	741	343824	买盘
09:44:30	4.63	-0.01	491	227333	卖盘
09:44:25	4.64	--	70	32479	买盘
09:44:20	4.64	--	436	202304	买盘
09:44:15	4.64	--	645	299280	买盘
09:44:10	4.64	--	748	347072	买盘
09:44:05	4.64	--	1832	850047	卖盘
09:44:00	4.64	--	73	33872	卖盘
09:43:55	4.64	--	326	151264	卖盘
09:43:45	4.64	--	405	187920	卖盘
09:43:40	4.64	-0.01	677	314128	卖盘
09:43:35	4.65	0.01	476	221340	买盘
09:43:30	4.64	--	23	10672	卖盘
09:43:25	4.64	--	822	381408	买盘
09:43:20	4.64	--	271	125743	买盘
09:43:15	4.64	--	73	33872	买盘
09:43:10	4.64	--	117	54287	买盘
09:43:05	4.64	--	189	87696	买盘
09:43:00	4.64	-0.01	205	95120	卖盘
09:42:55	4.65	--	1059	492528	买盘
09:42:50	4.65	--	190	88350	买盘
09:42:45	4.65	0.01	205	95325	买盘
09:42:40	4.64	-0.01	1375	638000	卖盘
09:42:35	4.65	0.01	124	57660	买盘
09:42:30	4.64	--	73	33872	卖盘
09:42:24	4.64	--	357	165648	卖盘
09:42:20	4.64	--	88	40832	卖盘
09:42:15	4.64	0.01	26	12435	买盘
09:42:10	4.63	-0.01	369	170847	卖盘
09:42:05	4.64	--	2	927	买盘
09:42:00	4.64	--	720	334080	买盘
09:41:55	4.64	--	33	15311	买盘
09:41:50	4.64	-0.01	6	2784	中性盘
09:41:45	4.65	0.01	747	347355	买盘
09:41:40	4.64	--	270	125279	卖盘
09:41:35	4.64	--	42	19488	卖盘
09:41:30	4.64	--	69	32015	卖盘
09:41:25	4.64	--	122	56607	买盘
09:41:20	4.64	--	416	193024	买盘
09:41:15	4.64	--	5	2320	买盘
09:41:10	4.64	--	1312	608768	卖盘
09:41:05	4.64	--	421	195344	卖盘
09:41:00	4.64	--	61	28303	卖盘
09:40:55	4.64	--	1023	474671	买盘
09:40:50	4.64	--	180	83520	买盘
09:40:45	4.64	--	28	12992	买盘
09:40:39	4.64	--	218	101337	买盘
09:40:35	4.64	--	212	98368	卖盘
09:40:30	4.64	--	765	354960	卖盘
09:40:24	4.64	0.01	33	15311	卖盘
09:40:15	4.63	-0.01	854	395402	卖盘
09:40:09	4.64	--	516	239423	买盘
09:39:59	4.64	-0.01	70	32479	买盘
09:39:54	4.65	--	1117	519777	买盘
09:39:49	4.65	0.01	609	283185	买盘
09:39:44	4.64	-0.01	299	138736	卖盘
09:39:39	4.65	--	207	96348	买盘
09:39:34	4.65	--	17	7905	买盘
09:39:29	4.65	--	139	64635	买盘
09:39:24	4.65	--	566	263190	买盘
09:39:19	4.65	--	21	9765	买盘
09:39:14	4.65	--	66	30690	买盘
09:39:09	4.65	--	335	155775	买盘
09:39:04	4.65	0.01	33	15345	买盘
09:38:59	4.64	-0.01	382	177248	卖盘
09:38:54	4.65	--	236	109740	买盘
09:38:49	4.65	--	81	37665	买盘
09:38:44	4.65	--	167	77655	买盘
09:38:39	4.65	0.01	532	247380	买盘
09:38:34	4.64	-0.01	20	9280	卖盘
09:38:29	4.65	0.01	76	35340	买盘
09:38:24	4.64	-0.01	286	132704	卖盘
09:38:19	4.65	0.01	175	81375	买盘
09:38:14	4.64	--	100	46400	卖盘
09:38:09	4.64	--	246	114143	卖盘
09:37:59	4.64	--	393	182352	买盘
09:37:54	4.64	--	111	51504	买盘
09:37:49	4.64	--	148	68672	买盘
09:37:44	4.64	--	116	53823	买盘
09:37:39	4.64	-0.01	417	193488	买盘
09:37:34	4.65	0.01	44	20460	买盘
09:37:29	4.64	--	448	208150	卖盘
09:37:24	4.64	--	516	239423	卖盘
09:37:19	4.64	--	90	41760	卖盘
09:37:14	4.64	--	50	23200	卖盘
09:37:09	4.64	--	721	334544	卖盘
09:37:04	4.64	-0.01	344	159801	卖盘
09:36:59	4.65	0.01	312	145080	买盘
09:36:54	4.64	--	601	278864	买盘
09:36:49	4.64	--	156	72384	买盘
09:36:44	4.64	--	35	16239	买盘
09:36:39	4.64	--	218	101152	买盘
09:36:34	4.64	--	198	91872	卖盘
09:36:29	4.64	--	126	58463	卖盘
09:36:24	4.64	--	535	248592	买盘
09:36:19	4.64	--	142	65888	买盘
09:36:14	4.64	--	887	411568	买盘
09:36:09	4.64	--	92	42688	买盘
09:36:04	4.64	--	159	73776	买盘
09:35:59	4.64	--	652	302639	卖盘
09:35:54	4.64	-0.01	1719	797616	卖盘
09:35:49	4.65	0.01	29	13485	买盘
09:35:44	4.64	-0.01	208	96512	卖盘
09:35:39	4.65	0.01	301	140337	买盘
09:35:34	4.64	--	523	242671	卖盘
09:35:29	4.64	-0.01	50	23200	卖盘
09:35:24	4.65	0.01	793	368745	买盘
09:35:19	4.64	-0.01	116	53823	卖盘
09:35:14	4.65	--	138	64170	买盘
09:35:09	4.65	--	862	400830	卖盘
09:35:04	4.65	0.01	1688	784920	买盘
09:34:59	4.64	-0.01	644	298816	卖盘
09:34:54	4.65	0.01	2190	1018443	买盘
09:34:49	4.64	--	2	927	卖盘
09:34:44	4.64	--	55	25520	卖盘
09:34:39	4.64	--	208	96864	卖盘
09:34:33	4.64	--	225	104400	买盘
09:34:29	4.64	--	38	17632	买盘
09:34:24	4.64	--	1226	568864	买盘
09:34:18	4.64	--	297	137808	买盘
09:34:13	4.64	--	38	17632	买盘
09:34:09	4.64	0.01	117	54287	买盘
09:34:03	4.63	-0.01	622	287986	卖盘
09:33:58	4.64	--	52	24128	买盘
09:33:53	4.64	--	12	5568	买盘
09:33:48	4.64	--	577	267728	买盘
09:33:43	4.64	--	50	23200	买盘
09:33:38	4.64	0.01	234	108575	买盘
09:33:33	4.63	-0.01	416	192608	卖盘
09:33:28	4.64	0.01	82	38048	买盘
09:33:23	4.63	--	298	137974	卖盘
09:33:18	4.63	--	398	184274	卖盘
09:33:13	4.63	--	580	268540	买盘
09:33:08	4.63	--	185	85655	买盘
09:33:03	4.63	--	403	186589	买盘
09:32:58	4.63	0.01	115	53245	买盘
09:32:53	4.62	-0.01	173	79926	卖盘
09:32:48	4.63	--	156	72228	买盘
09:32:43	4.63	--	134	62042	买盘
09:32:38	4.63	--	221	102323	买盘
09:32:33	4.63	-0.01	83	38429	中性盘
09:32:28	4.64	--	256	118783	买盘
09:32:23	4.64	--	31	14383	买盘
09:32:18	4.64	--	1308	606912	买盘
09:32:13	4.64	--	288	133632	买盘
09:32:08	4.64	--	40	18560	买盘
09:32:03	4.64	0.01	457	212047	中性盘
09:31:58	4.63	-0.01	683	316229	卖盘
09:31:53	4.64	--	0	0	卖盘
09:31:48	4.64	0.01	1969	913615	买盘
09:31:43	4.63	--	508	235204	买盘
09:31:38	4.63	--	110	50930	买盘
09:31:33	4.63	--	121	56023	买盘
09:31:28	4.63	0.01	17	7871	买盘
09:31:23	4.62	-0.01	49	22638	中性盘
09:31:18	4.63	--	21	9723	卖盘
09:31:13	4.63	--	735	340305	买盘
09:31:08	4.63	0.03	300	138900	买盘
09:31:03	4.6	-0.02	322	148120	卖盘
09:30:57	4.62	0.01	1354	625548	买盘
09:30:48	4.61	--	263	121243	买盘
09:30:43	4.61	0.01	110	50710	买盘
09:30:38	4.6	--	1	459	卖盘
09:30:33	4.6	-0.01	1	459	卖盘
09:30:28	4.61	--	85	39185	买盘
09:30:13	4.61	--	346	159506	卖盘
09:30:08	4.61	--	2096	966532	买盘
09:30:03	4.61	--	1241	572101	卖盘
09:28:45	4.61	--	0	0	卖盘
09:25:01	4.61	4.61	693	319473	买盘
