成交时间	成交价	价格变动	成交量(手)	成交额(元)	性质
15:00:00	18.97	--	0	0	中性盘
15:00:00	18.97	-0.02	0	0	中性盘
15:00:00	18.99	0.04	32	60767	买盘
14:59:59	18.95	-0.01	97	183815	卖盘
14:59:54	18.96	--	11	20856	买盘
14:59:49	18.96	--	3	5688	买盘
14:59:44	18.96	-0.03	18	34128	卖盘
14:59:39	18.99	0.04	483	917216	买盘
14:59:34	18.95	--	34	64430	卖盘
14:59:29	18.95	-0.01	22	41690	卖盘
14:59:24	18.96	0.01	32	60672	买盘
14:59:19	18.95	--	38	72010	买盘
14:59:09	18.95	0.01	1	1895	中性盘
14:59:04	18.94	-0.04	10	18940	卖盘
14:58:59	18.98	0.03	491	931918	买盘
14:58:54	18.95	--	37	70115	买盘
14:58:49	18.95	0.01	11	20845	买盘
14:58:44	18.94	-0.01	9	17046	卖盘
14:58:39	18.95	--	30	56850	买盘
14:58:34	18.95	--	2	3790	买盘
14:58:29	18.95	0.01	112	212240	买盘
14:58:24	18.94	-0.01	40	75760	卖盘
14:58:19	18.95	0.01	10	18950	买盘
14:58:14	18.94	--	18	34092	卖盘
14:58:09	18.94	--	16	30304	卖盘
14:58:03	18.94	0.02	83	157202	买盘
14:57:59	18.92	-0.01	17	32164	卖盘
14:57:54	18.93	--	14	26502	卖盘
14:57:49	18.93	--	45	85185	卖盘
14:57:44	18.93	--	6	11358	买盘
14:57:39	18.93	0.01	1	1893	买盘
14:57:34	18.92	--	8	15136	卖盘
14:57:29	18.92	--	32	60544	卖盘
14:57:24	18.92	--	0	0	中性盘
14:57:19	18.92	0.01	45	85140	买盘
14:57:14	18.91	-0.01	10	18910	卖盘
14:57:09	18.92	-0.01	11	20812	买盘
14:57:04	18.93	0.01	32	60576	买盘
14:56:59	18.92	0.01	51	96492	买盘
14:56:54	18.91	--	62	117242	卖盘
14:56:49	18.91	--	0	0	卖盘
14:56:44	18.91	-0.01	15	28365	卖盘
14:56:39	18.92	0.01	31	58652	买盘
14:56:24	18.91	-0.03	40	75640	卖盘
14:56:14	18.94	0.01	54	102276	买盘
14:56:09	18.93	0.01	22	41646	买盘
14:56:04	18.92	--	9	17028	卖盘
14:55:59	18.92	-0.02	6	11352	卖盘
14:55:54	18.94	--	0	0	买盘
14:55:49	18.94	0.01	55	104170	买盘
14:55:44	18.93	0.01	4	7572	买盘
14:55:39	18.92	-0.01	7	13244	卖盘
14:55:34	18.93	-0.01	4	7572	买盘
14:55:24	18.94	--	23	43562	卖盘
14:55:14	18.94	--	59	111746	卖盘
14:55:09	18.94	0.02	213	403422	买盘
14:55:03	18.92	-0.01	32	60544	卖盘
14:54:54	18.93	-0.02	54	102222	卖盘
14:54:49	18.95	0.01	34	64430	买盘
14:54:43	18.94	-0.01	25	47350	卖盘
14:54:38	18.95	--	205	388475	卖盘
14:54:33	18.95	--	31	58745	买盘
14:54:28	18.95	--	17	32215	买盘
14:54:24	18.95	--	17	32215	买盘
14:54:18	18.95	--	7	13265	买盘
14:54:13	18.95	-0.01	53	100435	卖盘
14:54:08	18.96	0.01	124	235104	买盘
14:54:03	18.95	-0.01	5	9475	卖盘
14:53:58	18.96	0.01	16	30336	买盘
14:53:53	18.95	--	2	3790	卖盘
14:53:47	18.95	--	10	18950	卖盘
14:53:38	18.95	--	16	30320	卖盘
14:53:33	18.95	--	6	11370	卖盘
14:53:28	18.95	--	4	7580	卖盘
14:53:23	18.95	--	8	15160	卖盘
14:53:17	18.95	--	60	113700	卖盘
14:53:13	18.95	--	3	5685	卖盘
14:53:02	18.95	--	107	202765	卖盘
14:52:58	18.95	--	1	1895	卖盘
14:52:53	18.95	--	74	140230	卖盘
14:52:48	18.95	--	10	18950	卖盘
14:52:43	18.95	--	20	37900	卖盘
14:52:38	18.95	--	14	26530	卖盘
14:52:32	18.95	0.01	131	248245	买盘
14:52:23	18.94	--	40	75760	卖盘
14:52:17	18.94	--	308	583352	买盘
14:52:13	18.94	0.01	10	18940	买盘
14:52:08	18.93	--	51	96543	卖盘
14:52:02	18.93	-0.01	6	11358	卖盘
14:51:58	18.94	0.01	8	15152	买盘
14:51:53	18.93	--	12	22716	卖盘
14:51:47	18.93	-0.01	5	9465	中性盘
14:51:43	18.94	0.01	60	113640	买盘
14:51:32	18.93	-0.01	1	1893	买盘
14:51:28	18.94	--	8	15152	卖盘
14:51:23	18.94	--	97	183718	中性盘
14:51:17	18.94	0.01	16	30304	买盘
14:51:12	18.93	--	5	9465	卖盘
14:51:08	18.93	--	4	7572	卖盘
14:50:58	18.93	--	10	18930	卖盘
14:50:53	18.93	-0.01	29	54897	卖盘
14:50:47	18.94	0.01	2	3788	买盘
14:50:38	18.93	-0.02	21	39753	卖盘
14:50:27	18.95	0.02	6	11370	买盘
14:50:23	18.93	--	5	9465	卖盘
14:50:17	18.93	--	60	113580	买盘
14:50:08	18.93	--	21	39753	买盘
14:50:02	18.93	-0.02	2	3786	卖盘
14:49:53	18.95	0.02	10	18950	买盘
14:49:47	18.93	0.01	7	13251	买盘
14:49:42	18.92	--	24	45408	卖盘
14:49:38	18.92	-0.01	29	54868	卖盘
14:49:32	18.93	--	21	39753	买盘
14:49:23	18.93	--	14	26502	买盘
14:49:17	18.93	0.01	8	15144	买盘
14:49:12	18.92	-0.01	14	26488	卖盘
14:49:08	18.93	--	4	7572	买盘
14:48:58	18.93	--	10	18930	买盘
14:48:53	18.93	--	23	43539	卖盘
14:48:47	18.93	-0.02	44	83292	卖盘
14:48:38	18.95	0.02	30	56850	买盘
14:48:32	18.93	-0.02	1	1893	卖盘
14:48:27	18.95	-0.01	22	41690	中性盘
14:48:23	18.96	--	17	32232	买盘
14:48:17	18.96	--	13	24648	买盘
14:48:12	18.96	0.01	9	17064	买盘
14:48:07	18.95	--	3	5685	卖盘
14:48:02	18.95	-0.01	8	15160	卖盘
14:47:56	18.96	0.01	36	68256	买盘
14:47:52	18.95	--	15	28425	卖盘
14:47:47	18.95	-0.01	6	11370	卖盘
14:47:37	18.96	--	5	9480	买盘
14:47:32	18.96	--	30	56880	买盘
14:47:26	18.96	--	8	15168	买盘
14:47:17	18.96	--	9	17064	买盘
14:47:11	18.96	-0.01	79	149784	卖盘
14:47:07	18.97	--	3	5691	卖盘
14:47:02	18.97	--	20	37940	卖盘
14:46:56	18.97	0.01	45	85365	中性盘
14:46:52	18.96	-0.01	18	34128	卖盘
14:46:47	18.97	--	4	7588	卖盘
14:46:37	18.97	0.01	37	70189	买盘
14:46:32	18.96	--	11	20856	卖盘
14:46:26	18.96	--	4	7584	卖盘
14:46:22	18.96	--	27	51192	卖盘
14:46:17	18.96	0.01	16	30336	买盘
14:46:07	18.95	--	21	39795	买盘
14:46:02	18.95	--	3	5685	买盘
14:45:52	18.95	-0.01	50	94750	卖盘
14:45:47	18.96	0.01	164	310944	买盘
14:45:41	18.95	--	105	198975	卖盘
14:45:37	18.95	--	5	9475	卖盘
14:45:32	18.95	--	133	252035	卖盘
14:45:26	18.95	--	10	18950	卖盘
14:45:22	18.95	--	5	9475	卖盘
14:45:11	18.95	0.03	99	187605	买盘
14:45:07	18.92	-0.01	16	30272	卖盘
14:45:02	18.93	--	2	3786	卖盘
14:44:56	18.93	0.01	14	26502	买盘
14:44:47	18.92	--	12	22704	买盘
14:44:41	18.92	--	14	26488	卖盘
14:44:36	18.92	-0.01	2	3784	卖盘
14:44:32	18.93	--	22	41646	买盘
14:44:26	18.93	--	5	9465	买盘
14:44:21	18.93	-0.01	90	170370	卖盘
14:44:11	18.94	0.01	23	43562	买盘
14:44:06	18.93	-0.01	10	18930	卖盘
14:44:02	18.94	--	2	3788	买盘
14:43:51	18.94	--	12	22728	卖盘
14:43:41	18.94	--	1	1894	卖盘
14:43:32	18.94	0.01	21	39774	买盘
14:43:26	18.93	--	17	32181	卖盘
14:43:17	18.93	--	4	7572	卖盘
14:43:06	18.93	--	3	5679	卖盘
14:43:01	18.93	0.01	4	7572	卖盘
14:42:56	18.92	--	0	0	卖盘
14:42:51	18.92	--	0	0	卖盘
14:42:47	18.92	-0.03	71	134332	卖盘
14:42:41	18.95	0.03	50	94750	买盘
14:42:32	18.92	-0.03	34	64328	卖盘
14:42:26	18.95	--	27	51165	中性盘
14:42:21	18.95	-0.02	10	18950	卖盘
14:42:11	18.97	0.01	6	11382	买盘
14:42:01	18.96	--	2	3792	卖盘
14:41:46	18.96	-0.02	1	1896	卖盘
14:41:41	18.98	0.03	134	254332	买盘
14:41:36	18.95	--	7	13265	买盘
14:41:26	18.95	-0.03	249	471855	卖盘
14:41:21	18.98	0.03	30	56940	买盘
14:41:16	18.95	--	5	9475	卖盘
14:41:11	18.95	--	20	37900	卖盘
14:41:06	18.95	0.04	316	598820	买盘
14:41:01	18.91	-0.01	2	3782	卖盘
14:40:56	18.92	--	13	24596	买盘
14:40:50	18.92	--	1	1892	买盘
14:40:41	18.92	0.01	10	18920	买盘
14:40:35	18.91	--	20	37820	卖盘
14:40:26	18.91	--	0	0	中性盘
14:40:11	18.91	-0.01	2	3782	买盘
14:40:05	18.92	--	0	0	买盘
14:40:01	18.92	0.03	1	1892	卖盘
14:39:41	18.89	-0.05	100	188900	卖盘
14:39:35	18.94	0.04	6	11364	买盘
14:39:26	18.9	-0.01	4	7559	卖盘
14:39:20	18.91	--	13	24583	买盘
14:39:16	18.91	0.01	13	24583	买盘
14:39:11	18.9	-0.01	50	94500	卖盘
14:39:05	18.91	--	7	13237	买盘
14:38:56	18.91	--	20	37820	买盘
14:38:50	18.91	--	5	9455	买盘
14:38:46	18.91	-0.04	13	24583	卖盘
14:38:11	18.95	--	0	0	买盘
14:38:05	18.95	-0.01	4	7580	买盘
14:38:00	18.96	--	0	0	中性盘
14:37:50	18.96	--	0	0	买盘
14:37:45	18.96	0.03	40	75840	买盘
14:37:41	18.93	0.03	10	18930	买盘
14:37:35	18.9	-0.03	11	20790	卖盘
14:37:30	18.93	--	2	3786	卖盘
14:37:26	18.93	--	2	3786	买盘
14:37:05	18.93	-0.01	3	5679	卖盘
14:37:00	18.94	--	93	176142	买盘
14:36:56	18.94	-0.01	71	134474	卖盘
14:36:50	18.95	-0.01	8	15160	卖盘
14:36:41	18.96	--	5	9480	买盘
14:36:30	18.96	--	22	41712	卖盘
14:36:25	18.96	-0.01	46	87216	卖盘
14:36:20	18.97	--	5	9485	买盘
14:36:15	18.97	--	0	0	中性盘
14:36:11	18.97	-0.01	3	5691	卖盘
14:36:00	18.98	0.02	121	229658	买盘
14:35:55	18.96	--	0	0	买盘
14:35:50	18.96	--	15	28440	买盘
14:35:40	18.96	0.01	21	39816	买盘
14:35:35	18.95	--	32	60640	卖盘
14:35:30	18.95	--	8	15160	卖盘
14:35:15	18.95	0.01	21	39795	买盘
14:35:00	18.94	--	15	28410	买盘
14:34:55	18.94	--	22	41668	买盘
14:34:45	18.94	--	11	20834	买盘
14:34:35	18.94	0.01	21	39774	买盘
14:34:29	18.93	-0.01	10	18930	卖盘
14:34:25	18.94	0.01	5	9470	买盘
14:34:20	18.93	-0.01	4	7572	卖盘
14:34:05	18.94	0.01	203	384482	买盘
14:33:59	18.93	0.01	76	143868	买盘
14:33:50	18.92	0.02	51	96492	买盘
14:33:35	18.9	0.02	29	54809	买盘
14:33:29	18.88	0.01	213	402144	买盘
14:33:25	18.87	-0.01	12	22644	卖盘
14:33:20	18.88	--	7	13216	买盘
14:33:10	18.88	--	6	11328	买盘
14:32:59	18.88	--	2	3776	买盘
14:32:55	18.88	--	6	11328	买盘
14:32:50	18.88	--	10	18880	买盘
14:32:44	18.88	0.01	24	45312	买盘
14:32:40	18.87	-0.01	11	20757	卖盘
14:32:35	18.88	--	59	111392	买盘
14:32:25	18.88	0.01	14	26432	买盘
14:32:20	18.87	--	7	13209	卖盘
14:32:14	18.87	--	10	18870	卖盘
14:32:05	18.87	0.01	5	9435	买盘
14:31:55	18.86	--	50	94300	卖盘
14:31:50	18.86	--	4	7544	买盘
14:31:44	18.86	-0.02	10	18860	买盘
14:31:39	18.88	--	0	0	买盘
14:31:35	18.88	0.01	10	18880	买盘
14:31:29	18.87	0.02	81	152847	买盘
14:31:24	18.85	-0.02	245	461825	卖盘
14:31:14	18.87	-0.01	9	16983	卖盘
14:31:05	18.88	0.01	55	103840	买盘
14:30:59	18.87	0.01	27	50949	买盘
14:30:44	18.86	-0.01	13	24518	卖盘
14:30:39	18.87	--	7	13209	买盘
14:30:29	18.87	--	4	7548	买盘
14:30:24	18.87	0.02	50	94350	买盘
14:30:19	18.85	--	2	3770	卖盘
14:30:09	18.85	0.01	16	30160	卖盘
14:29:59	18.84	--	0	0	卖盘
14:29:54	18.84	--	218	410712	卖盘
14:29:50	18.84	-0.03	2	3768	卖盘
14:29:44	18.87	0.02	15	28305	买盘
14:29:39	18.85	--	25	47125	卖盘
14:29:34	18.85	0.01	4	7540	卖盘
14:29:29	18.84	-0.01	18	33912	卖盘
14:29:24	18.85	0.03	7	13195	买盘
14:29:19	18.82	-0.03	223	419686	卖盘
14:29:14	18.85	0.02	49	92365	买盘
14:29:04	18.83	0.01	7	13180	买盘
14:28:59	18.82	-0.01	52	97864	卖盘
14:28:54	18.83	0.01	48	90383	买盘
14:28:49	18.82	-0.03	359	675638	卖盘
14:28:44	18.85	0.04	5	9425	买盘
14:28:39	18.81	-0.02	106	199386	卖盘
14:28:34	18.83	-0.02	80	150640	卖盘
14:28:24	18.85	--	226	426010	卖盘
14:28:14	18.85	--	10	18850	卖盘
14:28:09	18.85	-0.01	5	9425	卖盘
14:28:04	18.86	--	8	15088	买盘
14:27:59	18.86	-0.01	63	118818	卖盘
14:27:53	18.87	--	5	9435	买盘
14:27:49	18.87	--	6	11322	卖盘
14:27:44	18.87	-0.01	7	13209	卖盘
14:27:38	18.88	--	2	3776	买盘
14:27:29	18.88	--	50	94400	卖盘
14:27:23	18.88	--	39	73632	卖盘
14:27:19	18.88	-0.01	28	52864	卖盘
14:26:59	18.89	--	41	77449	卖盘
14:26:49	18.89	--	10	18890	卖盘
14:26:38	18.89	--	2	3778	卖盘
14:26:34	18.89	--	10	18890	卖盘
14:26:23	18.89	-0.01	6	11334	卖盘
14:26:14	18.9	--	1	1889	买盘
14:26:08	18.9	--	2	3779	买盘
14:25:59	18.9	--	1	1889	买盘
14:25:53	18.9	-0.02	84	158760	卖盘
14:25:44	18.92	0.02	129	244068	买盘
14:25:38	18.9	-0.02	258	487619	卖盘
14:25:34	18.92	--	10	18920	卖盘
14:25:23	18.92	-0.01	2	3784	卖盘
14:25:18	18.93	0.01	30	56790	买盘
14:25:13	18.92	-0.01	3	5676	卖盘
14:25:03	18.93	--	4	7572	买盘
14:24:53	18.93	--	24	45432	卖盘
14:24:38	18.93	--	4	7572	买盘
14:24:28	18.93	--	15	28395	卖盘
14:24:13	18.93	--	7	13251	买盘
14:24:03	18.93	0.01	13	24609	买盘
14:23:53	18.92	--	5	9460	卖盘
14:23:38	18.92	-0.01	3	5676	卖盘
14:23:28	18.93	--	10	18930	买盘
14:23:23	18.93	--	50	94650	买盘
14:23:13	18.93	--	5	9465	买盘
14:23:08	18.93	--	53	100329	卖盘
14:23:03	18.93	-0.01	1	1893	卖盘
14:22:58	18.94	--	11	20834	买盘
14:22:48	18.94	0.01	15	28410	买盘
14:22:43	18.93	--	74	140082	卖盘
14:22:38	18.93	0.01	7	13251	中性盘
14:22:28	18.92	--	10	18920	卖盘
14:22:08	18.92	--	1	1892	卖盘
14:21:53	18.92	--	2	3784	卖盘
14:21:48	18.92	-0.02	4	7568	中性盘
14:21:43	18.94	0.03	15	28410	买盘
14:21:38	18.91	-0.01	12	22692	卖盘
14:21:32	18.92	--	2	3784	卖盘
14:21:17	18.92	0.02	7	13244	买盘
14:21:13	18.9	-0.01	78	147420	卖盘
14:21:08	18.91	--	5	9455	卖盘
14:21:02	18.91	0.01	43	81313	买盘
14:20:58	18.9	-0.01	2	3779	卖盘
14:20:53	18.91	--	4	7564	买盘
14:20:47	18.91	--	16	30256	买盘
14:20:38	18.91	--	5	9455	买盘
14:20:32	18.91	--	43	81313	卖盘
14:20:28	18.91	--	1	1891	卖盘
14:20:23	18.91	-0.01	56	105896	卖盘
14:20:17	18.92	0.01	5	9460	买盘
14:20:13	18.91	--	12	22692	卖盘
14:20:08	18.91	--	54	102114	买盘
14:19:47	18.91	-0.01	29	54839	卖盘
14:19:23	18.92	-0.01	54	102168	卖盘
14:19:08	18.93	--	4	7572	卖盘
14:18:53	18.93	-0.01	2	3786	卖盘
14:18:42	18.94	0.02	2	3788	买盘
14:18:32	18.92	--	0	0	卖盘
14:18:22	18.92	-0.02	30	56760	卖盘
14:18:07	18.94	0.02	2	3788	买盘
14:17:52	18.92	-0.02	3	5676	卖盘
14:17:47	18.94	0.02	2	3788	买盘
14:17:42	18.92	--	25	47300	卖盘
14:17:32	18.92	0.01	106	200552	中性盘
14:17:22	18.91	--	19	35929	卖盘
14:17:07	18.91	--	37	69967	卖盘
14:17:02	18.91	--	0	0	卖盘
14:16:57	18.91	--	5	9455	卖盘
14:16:52	18.91	--	0	0	卖盘
14:16:47	18.91	--	20	37820	卖盘
14:16:37	18.91	--	5	9455	卖盘
14:16:32	18.91	--	5	9455	卖盘
14:16:22	18.91	--	2	3782	卖盘
14:16:07	18.91	--	5	9455	卖盘
14:16:02	18.91	--	6	11346	卖盘
14:15:52	18.91	-0.01	31	58621	卖盘
14:15:47	18.92	--	73	138116	买盘
14:15:37	18.92	--	8	15136	买盘
14:15:27	18.92	0.01	5	9460	买盘
14:15:22	18.91	0.01	1	1891	卖盘
14:15:07	18.9	-0.02	25	47250	卖盘
14:15:02	18.92	0.01	57	107844	买盘
14:14:56	18.91	--	1	1891	买盘
14:14:52	18.91	-0.01	10	18910	买盘
14:14:47	18.92	--	0	0	买盘
14:14:41	18.92	--	10	18920	买盘
14:14:32	18.92	0.02	24	45408	买盘
14:14:26	18.9	-0.01	19	35910	卖盘
14:14:22	18.91	0.01	3	5673	中性盘
14:14:17	18.9	-0.01	11	20790	卖盘
14:14:11	18.91	0.01	5	9455	中性盘
14:13:47	18.9	-0.03	279	527310	卖盘
14:13:41	18.93	0.01	5	9465	买盘
14:13:32	18.92	-0.01	37	70004	卖盘
14:13:17	18.93	--	4	7572	买盘
14:13:11	18.93	0.02	10	18930	卖盘
14:12:47	18.91	--	0	0	卖盘
14:12:37	18.91	--	0	0	卖盘
14:12:31	18.91	-0.04	177	334707	卖盘
14:12:21	18.95	0.01	6	11370	买盘
14:12:11	18.94	--	17	32198	卖盘
14:12:06	18.94	0.02	3	5682	买盘
14:12:02	18.92	-0.02	50	94600	卖盘
14:11:46	18.94	0.01	50	94700	买盘
14:11:41	18.93	0.01	10	18930	卖盘
14:11:26	18.92	0.02	3	5676	买盘
14:11:21	18.9	-0.02	105	198449	卖盘
14:11:16	18.92	--	3	5676	买盘
14:11:11	18.92	0.01	3	5676	卖盘
14:11:06	18.91	--	0	0	卖盘
14:11:01	18.91	--	0	0	卖盘
14:10:56	18.91	--	23	43493	卖盘
14:10:51	18.91	--	8	15128	卖盘
14:10:46	18.91	0.01	5	9455	卖盘
14:10:41	18.9	--	0	0	卖盘
14:10:36	18.9	--	2	3779	卖盘
14:10:31	18.9	--	7	13229	卖盘
14:10:26	18.9	--	10	18900	卖盘
14:10:16	18.9	--	68	128519	卖盘
14:10:01	18.9	-0.05	503	950669	卖盘
14:09:56	18.95	0.01	218	413110	买盘
14:09:51	18.94	-0.01	2	3788	卖盘
14:09:41	18.95	--	1	1895	买盘
14:09:36	18.95	--	10	18950	买盘
14:09:31	18.95	0.01	4	7580	买盘
14:09:26	18.94	-0.01	1	1894	卖盘
14:09:21	18.95	0.01	74	140230	买盘
14:09:11	18.94	-0.01	15	28410	卖盘
14:09:06	18.95	--	5	9475	买盘
14:08:56	18.95	--	5	9475	买盘
14:08:46	18.95	--	0	0	买盘
14:08:41	18.95	0.02	225	426375	买盘
14:08:35	18.93	--	11	20823	中性盘
14:08:20	18.93	--	22	41646	卖盘
14:08:16	18.93	0.01	10	18930	买盘
14:08:11	18.92	--	20	37840	买盘
14:08:05	18.92	--	0	0	中性盘
14:07:56	18.92	--	27	51084	卖盘
14:07:50	18.92	-0.01	21	39732	卖盘
14:07:41	18.93	0.03	5	9465	买盘
14:07:26	18.9	-0.07	42	79380	卖盘
14:07:11	18.97	0.01	208	394576	买盘
14:07:05	18.96	-0.01	3	5688	买盘
14:07:01	18.97	--	0	0	买盘
14:06:41	18.97	--	10	18970	买盘
14:06:35	18.97	--	29	55013	卖盘
14:06:20	18.97	-0.01	2	3794	买盘
14:06:16	18.98	--	0	0	买盘
14:06:11	18.98	0.01	105	199290	买盘
14:06:01	18.97	-0.01	50	94850	卖盘
14:05:50	18.98	--	25	47450	买盘
14:05:40	18.98	--	8	15184	买盘
14:05:35	18.98	--	83	157534	买盘
14:05:30	18.98	-0.01	295	559910	卖盘
14:05:25	18.99	--	1	1898	卖盘
14:05:20	18.99	--	55	104444	买盘
14:05:10	18.99	--	34	64565	买盘
14:05:05	18.99	--	4	7595	买盘
14:05:00	18.99	0.01	5	9495	买盘
14:04:55	18.98	--	4	7592	卖盘
14:04:50	18.98	-0.01	51	96798	卖盘
14:04:40	18.99	0.02	2	3797	买盘
14:04:35	18.97	--	13	24661	卖盘
14:04:30	18.97	--	7	13279	卖盘
14:04:25	18.97	--	6	11382	卖盘
14:04:15	18.97	--	4	7588	卖盘
14:04:10	18.97	--	1	1897	卖盘
14:04:05	18.97	--	5	9485	卖盘
14:03:55	18.97	0.01	19	36043	买盘
14:03:50	18.96	--	29	54984	卖盘
14:03:45	18.96	--	3	5688	卖盘
14:03:35	18.96	-0.01	10	18960	卖盘
14:03:25	18.97	--	15	28455	买盘
14:03:20	18.97	--	2	3794	卖盘
14:03:15	18.97	-0.01	5	9485	卖盘
14:03:05	18.98	--	0	0	买盘
14:03:00	18.98	-0.01	215	408070	卖盘
14:02:55	18.99	-0.01	5	9495	卖盘
14:02:50	19.0	--	4	7600	买盘
14:02:40	19.0	-0.02	197	374300	卖盘
14:02:30	19.02	-0.01	11	20922	卖盘
14:02:20	19.03	0.01	2	3806	中性盘
14:01:59	19.02	-0.01	44	83688	卖盘
14:01:55	19.03	--	0	0	买盘
14:01:50	19.03	--	15	28545	买盘
14:01:44	19.03	0.02	20	38060	买盘
14:01:40	19.01	--	0	0	卖盘
14:01:35	19.01	-0.03	110	209110	卖盘
14:01:29	19.04	--	10	19040	买盘
14:01:14	19.04	--	3	5712	买盘
14:01:10	19.04	--	5	9520	卖盘
14:01:05	19.04	--	6	11424	卖盘
14:00:59	19.04	--	4	7616	卖盘
14:00:50	19.04	--	2	3808	卖盘
14:00:44	19.04	--	4	7616	卖盘
14:00:35	19.04	--	30	57120	卖盘
14:00:29	19.04	--	5	9520	卖盘
14:00:14	19.04	-0.01	1	1904	卖盘
14:00:10	19.05	--	5	9525	买盘
14:00:05	19.05	--	1	1905	买盘
13:59:59	19.05	-0.01	49	93345	卖盘
13:59:44	19.06	0.02	10	19060	买盘
13:59:24	19.04	--	0	0	卖盘
13:59:14	19.04	--	3	5712	卖盘
13:59:09	19.04	--	1	1904	卖盘
13:59:04	19.04	--	20	38080	买盘
13:58:59	19.04	--	2	3808	买盘
13:58:49	19.04	--	8	15232	买盘
13:58:44	19.04	--	12	22848	买盘
13:58:39	19.04	--	63	119952	卖盘
13:58:29	19.04	0.01	15	28560	买盘
13:58:19	19.03	--	20	38060	卖盘
13:58:14	19.03	0.01	135	256905	买盘
13:58:04	19.02	--	20	38040	卖盘
13:57:34	19.02	0.01	1	1902	中性盘
13:57:19	19.01	--	3	5703	卖盘
13:57:09	19.01	-0.02	1	1901	卖盘
13:57:04	19.03	0.03	30	57090	买盘
13:56:59	19.0	-0.03	122	231800	卖盘
13:56:54	19.03	0.03	4	7612	买盘
13:56:49	19.0	--	0	0	卖盘
13:56:44	19.0	--	12	22800	卖盘
13:56:39	19.0	-0.03	6	11400	卖盘
13:56:34	19.03	0.03	71	135113	买盘
13:56:29	19.0	--	29	55100	卖盘
13:56:19	19.0	--	141	267900	买盘
13:56:14	19.0	0.02	5	9500	买盘
13:56:09	18.98	-0.02	3	5694	卖盘
13:56:04	19.0	--	33	62700	买盘
13:55:44	19.0	--	29	55100	卖盘
13:55:38	19.0	--	10	19000	卖盘
13:55:34	19.0	--	2	3800	卖盘
13:55:29	19.0	-0.01	46	87400	卖盘
13:55:23	19.01	--	3	5703	买盘
13:55:14	19.01	--	51	96951	买盘
13:55:08	19.01	-0.01	67	127367	卖盘
13:55:04	19.02	--	5	9510	卖盘
13:54:59	19.02	--	1	1902	卖盘
13:54:53	19.02	0.01	15	28530	买盘
13:54:44	19.01	--	4	7604	卖盘
13:54:38	19.01	--	14	26614	买盘
13:54:29	19.01	0.01	10	19010	买盘
13:54:23	19.0	-0.01	7	13300	卖盘
13:54:19	19.01	--	20	38020	买盘
13:54:14	19.01	--	205	389705	买盘
13:54:08	19.01	--	16	30416	买盘
13:54:04	19.01	--	6	11406	买盘
13:53:59	19.01	-0.02	264	501864	卖盘
13:53:53	19.03	--	53	100859	买盘
13:53:49	19.03	--	10	19030	买盘
13:53:44	19.03	0.01	53	100859	买盘
13:53:38	19.02	-0.01	49	93198	卖盘
13:53:29	19.03	0.02	10	19030	买盘
13:53:14	19.01	--	5	9505	卖盘
13:53:08	19.01	--	10	19010	卖盘
13:53:03	19.01	--	0	0	卖盘
13:52:59	19.01	0.01	14	26614	买盘
13:52:53	19.0	-0.01	77	146300	卖盘
13:52:48	19.01	--	0	0	卖盘
13:52:44	19.01	-0.01	17	32317	卖盘
13:52:38	19.02	--	3	5706	卖盘
13:52:33	19.02	--	15	28530	卖盘
13:52:28	19.02	-0.01	14	26628	卖盘
13:52:23	19.03	--	22	41866	买盘
13:52:18	19.03	--	16	30448	买盘
13:52:08	19.03	-0.03	56	106568	卖盘
13:52:03	19.06	--	16	30495	买盘
13:51:58	19.06	--	51	97206	卖盘
13:51:53	19.06	--	56	106736	卖盘
13:51:48	19.06	-0.01	11	20966	卖盘
13:51:43	19.07	--	3	5721	买盘
13:51:38	19.07	--	62	118234	卖盘
13:51:33	19.07	-0.01	3	5721	卖盘
13:51:28	19.08	--	3	5723	买盘
13:51:23	19.08	-0.01	46	87767	卖盘
13:51:18	19.09	--	5	9545	买盘
13:51:13	19.09	--	4	7636	买盘
13:51:08	19.09	-0.01	137	263403	卖盘
13:50:58	19.1	--	22	42020	卖盘
13:50:53	19.1	-0.01	16	30560	卖盘
13:50:43	19.11	--	47	89817	卖盘
13:50:38	19.11	-0.01	30	57330	卖盘
13:50:33	19.12	0.01	12	22944	买盘
13:50:28	19.11	-0.01	6	11466	卖盘
13:50:23	19.12	-0.02	29	55448	卖盘
13:50:13	19.14	--	0	0	买盘
13:50:08	19.14	0.01	31	59334	买盘
13:50:03	19.13	0.01	6	11478	中性盘
13:49:58	19.12	0.01	1	1912	买盘
13:49:53	19.11	-0.04	72	137592	卖盘
13:49:43	19.15	0.01	95	181925	买盘
13:49:38	19.14	--	9	17226	卖盘
13:49:33	19.14	--	1	1914	卖盘
13:49:28	19.14	--	12	22968	卖盘
13:49:17	19.14	0.02	90	172260	买盘
13:49:13	19.12	--	25	47800	卖盘
13:49:08	19.12	--	3	5736	卖盘
13:49:02	19.12	-0.01	4	7648	卖盘
13:48:53	19.13	-0.01	11	21043	卖盘
13:48:47	19.14	0.01	2	3828	买盘
13:48:43	19.13	--	5	9565	卖盘
13:48:38	19.13	-0.02	17	32521	卖盘
13:48:32	19.15	0.03	2	3829	买盘
13:48:23	19.12	-0.03	20	38240	卖盘
13:48:17	19.15	--	6	11490	买盘
13:48:02	19.15	-0.03	67	128304	卖盘
13:47:58	19.18	--	4	7672	买盘
13:47:53	19.18	-0.01	11	21098	买盘
13:47:47	19.19	0.01	47	90193	买盘
13:47:38	19.18	--	26	49868	卖盘
13:47:32	19.18	0.02	1	1918	中性盘
13:47:28	19.16	-0.03	9	17244	卖盘
13:47:23	19.19	0.03	26	49894	买盘
13:47:17	19.16	--	7	13412	卖盘
13:47:13	19.16	--	0	0	卖盘
13:47:08	19.16	-0.02	96	183936	卖盘
13:47:02	19.18	0.02	17	32606	买盘
13:46:53	19.16	--	12	22992	卖盘
13:46:47	19.16	0.01	48	91968	买盘
13:46:43	19.15	--	20	38300	卖盘
13:46:38	19.15	0.03	157	300655	买盘
13:46:32	19.12	-0.03	70	133840	卖盘
13:46:27	19.15	0.03	11	21065	买盘
13:46:17	19.12	--	41	78392	卖盘
13:46:07	19.12	-0.03	13	24856	卖盘
13:46:02	19.15	--	17	32554	买盘
13:45:57	19.15	--	1	1914	买盘
13:45:52	19.15	-0.01	12	22980	卖盘
13:45:47	19.16	--	71	136036	买盘
13:45:42	19.16	--	3	5748	买盘
13:45:32	19.16	--	56	107296	买盘
13:45:27	19.16	--	34	65144	卖盘
13:45:22	19.16	--	51	97716	卖盘
13:45:17	19.16	--	22	42152	卖盘
13:45:07	19.16	--	31	59396	卖盘
13:45:02	19.16	--	6	11496	卖盘
13:44:57	19.16	-0.03	15	28740	卖盘
13:44:52	19.19	0.03	12	23028	买盘
13:44:47	19.16	-0.04	11	21076	卖盘
13:44:42	19.2	0.04	1	1920	买盘
13:44:37	19.16	-0.07	48	91968	卖盘
13:44:32	19.23	--	0	0	买盘
13:44:22	19.23	0.01	82	157686	买盘
13:44:17	19.22	--	26	49972	买盘
13:44:12	19.22	0.01	10	19220	买盘
13:44:07	19.21	-0.02	14	26894	中性盘
13:44:02	19.23	--	59	113457	买盘
13:43:57	19.23	0.01	59	113457	卖盘
13:43:52	19.22	-0.01	44	84568	卖盘
13:43:47	19.23	--	42	80766	买盘
13:43:42	19.23	0.01	10	19230	买盘
13:43:37	19.22	--	472	907184	卖盘
13:43:32	19.22	0.02	14	26908	买盘
13:43:27	19.2	--	14	26880	卖盘
13:43:22	19.2	--	22	42240	卖盘
13:43:17	19.2	0.04	459	881280	买盘
13:43:07	19.16	0.01	86	164776	买盘
13:43:02	19.15	--	25	47875	买盘
13:42:56	19.15	0.01	14	26809	中性盘
13:42:52	19.14	--	23	44022	卖盘
13:42:47	19.14	0.02	209	400026	买盘
13:42:41	19.12	--	14	26768	卖盘
13:42:32	19.12	0.03	118	225616	买盘
13:42:26	19.09	-0.01	5	9545	卖盘
13:42:22	19.1	--	10	19100	买盘
13:42:17	19.1	--	74	141340	买盘
13:42:11	19.1	0.01	164	313240	买盘
13:42:02	19.09	--	2	3818	卖盘
13:41:52	19.09	0.01	247	471561	买盘
13:41:47	19.08	--	22	41975	买盘
13:41:41	19.08	0.01	25	47699	买盘
13:41:37	19.07	-0.01	25	47675	卖盘
13:41:32	19.08	0.01	38	72504	买盘
13:41:22	19.07	--	105	200235	买盘
13:41:17	19.07	0.01	29	55303	买盘
13:41:11	19.06	--	10	19060	卖盘
13:41:07	19.06	--	127	242061	买盘
13:40:56	19.06	0.01	1	1905	买盘
13:40:52	19.05	-0.01	2	3810	卖盘
13:40:47	19.06	0.01	13	24778	买盘
13:40:41	19.05	-0.01	24	45720	卖盘
13:40:37	19.06	0.01	4	7623	买盘
13:40:32	19.05	--	2	3810	卖盘
13:40:26	19.05	0.01	129	245745	买盘
13:40:16	19.04	-0.01	27	51408	卖盘
13:40:11	19.05	0.01	5	9525	买盘
13:40:07	19.04	--	13	24752	卖盘
13:40:02	19.04	--	62	118048	卖盘
13:39:56	19.04	--	80	152320	卖盘
13:39:51	19.04	0.01	79	150416	买盘
13:39:46	19.03	-0.01	63	119889	卖盘
13:39:41	19.04	0.01	13	24752	买盘
13:39:36	19.03	-0.01	5	9515	卖盘
13:39:26	19.04	--	41	78064	买盘
13:39:21	19.04	--	6	11424	卖盘
13:39:16	19.04	--	7	13328	卖盘
13:39:11	19.04	--	2	3808	卖盘
13:39:06	19.04	--	5	9520	卖盘
13:39:01	19.04	--	54	102816	买盘
13:38:56	19.04	--	217	413168	卖盘
13:38:51	19.04	--	3	5712	卖盘
13:38:46	19.04	--	10	19040	卖盘
13:38:41	19.04	-0.02	5	9520	卖盘
13:38:36	19.06	0.02	50	95300	买盘
13:38:31	19.04	-0.01	3	5712	卖盘
13:38:26	19.05	--	92	175260	买盘
13:38:21	19.05	--	10	19050	买盘
13:38:16	19.05	0.01	22	41910	买盘
13:38:11	19.04	--	5	9520	卖盘
13:38:06	19.04	-0.01	62	118048	买盘
13:38:01	19.05	--	30	57150	买盘
13:37:56	19.05	0.01	208	396240	买盘
13:37:51	19.04	--	50	95200	买盘
13:37:46	19.04	--	49	93296	卖盘
13:37:41	19.04	--	10	19040	卖盘
13:37:36	19.04	-0.01	8	15232	卖盘
13:37:31	19.05	0.01	138	262890	买盘
13:37:26	19.04	0.01	12	22848	买盘
13:37:21	19.03	--	12	22836	卖盘
13:37:16	19.03	0.01	3	5709	中性盘
13:37:11	19.02	--	158	300516	卖盘
13:37:01	19.02	-0.01	23	43746	卖盘
13:36:56	19.03	0.01	13	24739	买盘
13:36:46	19.02	--	21	39942	卖盘
13:36:41	19.02	0.01	352	669504	买盘
13:36:36	19.01	-0.01	95	180595	卖盘
13:36:26	19.02	0.01	160	304320	买盘
13:36:20	19.01	0.01	2	3802	买盘
13:36:16	19.0	-0.01	20	38000	卖盘
13:36:11	19.01	0.01	11	20911	买盘
13:36:05	19.0	--	3	5700	卖盘
13:36:01	19.0	0.01	525	997500	买盘
13:35:56	18.99	-0.01	1	1898	卖盘
13:35:50	19.0	0.01	138	262200	买盘
13:35:46	18.99	--	4	7595	卖盘
13:35:41	18.99	--	44	83556	卖盘
13:35:35	18.99	--	1	1898	卖盘
13:35:31	18.99	--	0	0	中性盘
13:35:26	18.99	-0.01	2	3797	卖盘
13:35:20	19.0	0.02	30	57000	买盘
13:35:11	18.98	0.02	64	121472	卖盘
13:35:05	18.96	--	0	0	卖盘
13:35:01	18.96	--	0	0	卖盘
13:34:56	18.96	-0.04	10	18960	中性盘
13:34:50	19.0	0.05	51	96900	买盘
13:34:46	18.95	--	60	113700	卖盘
13:34:41	18.95	-0.01	67	126965	卖盘
13:34:35	18.96	--	4	7584	买盘
13:34:26	18.96	-0.02	10	18960	卖盘
13:34:20	18.98	-0.02	39	74022	卖盘
13:34:16	19.0	--	29	55100	买盘
13:34:11	19.0	-0.01	41	77900	中性盘
13:34:05	19.01	--	322	612122	买盘
13:34:01	19.01	--	9	17109	卖盘
13:33:56	19.01	--	84	159684	卖盘
13:33:50	19.01	--	196	372596	卖盘
13:33:41	19.01	-0.01	44	83644	卖盘
13:33:35	19.02	0.01	20	38040	中性盘
13:33:30	19.01	--	14	26614	卖盘
13:33:25	19.01	--	148	281348	卖盘
13:33:20	19.01	-0.01	41	77941	卖盘
13:33:15	19.02	-0.03	4	7608	买盘
13:33:10	19.05	0.03	14	26670	买盘
13:33:05	19.02	-0.03	20	38040	卖盘
13:33:00	19.05	--	0	0	买盘
13:32:55	19.05	0.02	291	554355	买盘
13:32:50	19.03	--	131	249293	卖盘
13:32:40	19.03	--	47	89441	卖盘
13:32:35	19.03	--	48	91344	买盘
13:32:25	19.03	--	41	78023	买盘
13:32:20	19.03	0.02	20	38060	买盘
13:32:15	19.01	-0.02	20	38020	卖盘
13:32:10	19.03	0.02	35	66605	买盘
13:32:05	19.01	--	127	241427	买盘
13:32:00	19.01	--	8	15208	买盘
13:31:55	19.01	0.01	39	74139	买盘
13:31:50	19.0	--	152	288800	买盘
13:31:45	19.0	0.01	33	62700	买盘
13:31:40	18.99	--	39	74061	卖盘
13:31:35	18.99	--	4	7595	卖盘
13:31:30	18.99	0.01	4	7595	中性盘
13:31:25	18.98	--	405	768690	买盘
13:31:20	18.98	--	52	98696	买盘
13:31:15	18.98	0.01	9	17082	买盘
13:31:10	18.97	-0.01	52	98644	卖盘
13:31:05	18.98	0.01	310	588380	买盘
13:31:00	18.97	--	60	113820	卖盘
13:30:55	18.97	--	25	47425	卖盘
13:30:50	18.97	0.02	27	51219	买盘
13:30:45	18.95	--	2	3790	卖盘
13:30:40	18.95	0.01	141	267195	买盘
13:30:35	18.94	--	77	145838	卖盘
13:30:30	18.94	0.01	84	159096	买盘
13:30:25	18.93	--	119	225267	卖盘
13:30:20	18.93	0.01	5	9465	买盘
13:30:15	18.92	--	102	192984	买盘
13:30:10	18.92	0.01	1	1892	买盘
13:30:05	18.91	0.03	7	13237	买盘
13:29:59	18.88	-0.03	1	1888	卖盘
13:29:55	18.91	--	0	0	买盘
13:29:50	18.91	-0.01	10	18910	中性盘
13:29:44	18.92	0.06	50	94600	买盘
13:29:40	18.86	-0.05	30	56580	卖盘
13:29:35	18.91	--	73	138043	卖盘
13:29:29	18.91	0.04	896	1695981	买盘
13:29:20	18.87	0.02	2	3774	买盘
13:29:14	18.85	-0.03	1	1885	卖盘
13:29:10	18.88	--	4	7552	买盘
13:29:05	18.88	0.01	5	9440	买盘
13:28:59	18.87	0.01	25	47175	买盘
13:28:55	18.86	-0.02	9	17219	卖盘
13:28:44	18.88	0.01	3	5664	买盘
13:28:29	18.87	--	9	16983	卖盘
13:28:25	18.87	--	35	67686	买盘
13:28:20	18.87	--	1	1887	买盘
13:28:10	18.87	--	7	13209	买盘
13:28:05	18.87	--	11	20757	买盘
13:27:59	18.87	--	10	19115	卖盘
13:27:50	18.87	0.01	50	95991	买盘
13:27:44	18.86	--	3	5658	买盘
13:27:40	18.86	-0.01	6	11316	卖盘
13:27:35	18.87	--	30	56610	买盘
13:27:29	18.87	0.01	10	18870	买盘
13:27:25	18.86	--	4	7544	卖盘
13:27:14	18.86	-0.01	7	13202	卖盘
13:27:09	18.87	0.01	20	37740	买盘
13:27:04	18.86	--	6	11316	卖盘
13:26:49	18.86	--	15	28290	卖盘
13:26:44	18.86	--	1	1886	卖盘
13:26:19	18.86	0.01	54	101844	买盘
13:26:14	18.85	-0.02	9	16965	买盘
13:26:04	18.87	--	0	0	买盘
13:25:59	18.87	--	0	0	买盘
13:25:54	18.87	0.02	104	196248	买盘
13:25:49	18.85	--	0	0	买盘
13:25:44	18.85	--	15	28275	买盘
13:25:39	18.85	--	0	0	买盘
13:25:34	18.85	0.02	16	30160	买盘
13:25:29	18.83	--	5	9415	卖盘
13:25:24	18.83	-0.01	28	52723	卖盘
13:25:19	18.84	--	1	1884	卖盘
13:25:14	18.84	0.01	60	113040	买盘
13:24:59	18.83	0.01	33	62138	买盘
13:24:44	18.82	--	0	0	卖盘
13:24:39	18.82	-0.02	21	39522	卖盘
13:24:34	18.84	0.01	27	50868	买盘
13:24:14	18.83	0.01	13	24478	中性盘
13:24:09	18.82	-0.02	10	18820	卖盘
13:23:54	18.84	-0.01	3	5652	买盘
13:23:49	18.85	--	0	0	买盘
13:23:44	18.85	0.01	45	84825	买盘
13:23:38	18.84	--	78	146952	卖盘
13:23:34	18.84	--	11	20724	卖盘
13:23:23	18.84	-0.01	20	37680	卖盘
13:23:19	18.85	0.01	6	11310	买盘
13:23:08	18.84	-0.02	1	1884	卖盘
13:23:04	18.86	0.01	5	9430	买盘
13:22:59	18.85	--	5	9425	卖盘
13:22:53	18.85	--	4	7540	卖盘
13:22:44	18.85	--	1	1885	买盘
13:22:38	18.85	--	15	28275	买盘
13:22:29	18.85	-0.01	6	11310	买盘
13:22:14	18.86	0.01	96	181056	买盘
13:22:08	18.85	--	27	50895	卖盘
13:21:59	18.85	--	41	77285	卖盘
13:21:49	18.85	--	10	18850	卖盘
13:21:44	18.85	-0.01	34	64090	卖盘
13:21:29	18.86	--	19	35834	卖盘
13:21:14	18.86	--	55	103730	卖盘
13:20:53	18.86	-0.01	10	18860	卖盘
13:20:43	18.87	--	22	41514	买盘
13:20:38	18.87	--	20	37740	卖盘
13:20:33	18.87	-0.01	5	9435	卖盘
13:20:28	18.88	0.01	19	35872	买盘
13:20:23	18.87	--	23	43401	卖盘
13:20:18	18.87	--	3	5661	卖盘
13:20:13	18.87	-0.01	16	30192	卖盘
13:20:08	18.88	--	21	39648	买盘
13:20:03	18.88	0.01	5	9440	买盘
13:19:58	18.87	--	35	66045	卖盘
13:19:53	18.87	--	2	3774	卖盘
13:19:48	18.87	-0.01	5	9435	卖盘
13:19:43	18.88	0.01	46	86848	买盘
13:19:38	18.87	-0.01	1	1887	卖盘
13:19:33	18.88	--	2	3776	买盘
13:19:28	18.88	0.01	21	39648	买盘
13:19:23	18.87	-0.02	3	5661	卖盘
13:19:13	18.89	--	1	1889	买盘
13:19:08	18.89	0.02	32	60448	买盘
13:19:03	18.87	-0.02	2	3774	卖盘
13:18:53	18.89	0.01	41	77449	买盘
13:18:43	18.88	0.01	42	79296	买盘
13:18:38	18.87	--	18	33966	卖盘
13:18:33	18.87	--	61	115107	卖盘
13:18:28	18.87	--	2	3774	卖盘
13:18:23	18.87	-0.01	4	7548	卖盘
13:18:13	18.88	0.01	18	33984	买盘
13:18:08	18.87	--	43	81141	买盘
13:17:53	18.87	--	3	5661	买盘
13:17:48	18.87	0.02	37	69819	买盘
13:17:38	18.85	0.01	52	98020	买盘
13:17:33	18.84	--	6	11304	卖盘
13:17:28	18.84	--	11	20724	卖盘
13:17:18	18.84	-0.01	3	5652	卖盘
13:17:13	18.85	--	86	162110	买盘
13:17:08	18.85	--	16	30160	买盘
13:17:02	18.85	0.01	10	18850	买盘
13:16:53	18.84	-0.01	1	1884	卖盘
13:16:43	18.85	0.01	9	16965	买盘
13:16:38	18.84	--	5	9420	卖盘
13:16:32	18.84	--	2	3768	买盘
13:16:28	18.84	--	3	5652	卖盘
13:16:23	18.84	0.01	19	35796	买盘
13:16:17	18.83	--	8	15063	卖盘
13:16:13	18.83	-0.01	14	26361	卖盘
13:16:08	18.84	0.01	3	5652	买盘
13:15:58	18.83	--	3	5648	卖盘
13:15:53	18.83	0.01	9	16947	卖盘
13:15:47	18.82	-0.01	7	13174	卖盘
13:15:43	18.83	--	18	33894	买盘
13:15:38	18.83	--	5	9415	买盘
13:15:32	18.83	0.01	2	3765	买盘
13:15:28	18.82	--	10	18820	卖盘
13:15:08	18.82	--	50	94100	买盘
13:15:02	18.82	0.01	100	188200	买盘
13:14:53	18.81	--	30	56429	买盘
13:14:47	18.81	--	10	18810	买盘
13:14:43	18.81	0.01	6	11286	买盘
13:14:32	18.8	-0.02	100	188000	卖盘
13:14:27	18.82	--	31	58342	买盘
13:14:17	18.82	-0.01	37	69634	卖盘
13:14:12	18.83	--	9	16947	买盘
13:14:08	18.83	-0.01	3	5648	中性盘
13:14:02	18.84	0.01	112	211008	买盘
13:13:57	18.83	--	92	173235	卖盘
13:13:52	18.83	-0.01	146	274918	卖盘
13:13:47	18.84	--	18	33912	买盘
13:13:42	18.84	-0.01	55	103620	卖盘
13:13:37	18.85	--	3	5655	买盘
13:13:22	18.85	-0.01	77	145145	卖盘
13:13:17	18.86	--	20	37720	买盘
13:13:12	18.86	--	106	199916	买盘
13:13:07	18.86	-0.01	11	20746	买盘
13:13:02	18.87	0.01	27	50949	中性盘
13:12:57	18.86	-0.01	25	47150	卖盘
13:12:47	18.87	--	38	71706	买盘
13:12:42	18.87	0.01	5	9435	买盘
13:12:37	18.86	--	19	35834	卖盘
13:12:27	18.86	--	0	0	卖盘
13:12:22	18.86	-0.03	10	18860	卖盘
13:12:17	18.89	--	3	5667	买盘
13:12:07	18.89	--	42	79338	买盘
13:12:02	18.89	--	0	0	买盘
13:11:57	18.89	0.01	13	24557	买盘
13:11:52	18.88	0.02	2	3776	中性盘
13:11:47	18.86	-0.03	4	7544	卖盘
13:11:37	18.89	--	15	28335	买盘
13:11:32	18.89	--	0	0	买盘
13:11:22	18.89	0.03	3	5667	买盘
13:11:17	18.86	-0.03	13	24518	卖盘
13:11:12	18.89	0.03	10	18890	买盘
13:11:07	18.86	-0.01	26	49036	卖盘
13:11:02	18.87	--	0	0	中性盘
13:10:57	18.87	0.01	5	9435	中性盘
13:10:52	18.86	-0.01	30	56580	卖盘
13:10:47	18.87	--	10	18870	买盘
13:10:41	18.87	--	2	3774	买盘
13:10:32	18.87	-0.02	98	184926	卖盘
13:10:26	18.89	0.02	46	86894	买盘
13:10:17	18.87	-0.01	4	7548	卖盘
13:10:11	18.88	0.01	8	15104	买盘
13:10:07	18.87	--	17	32079	卖盘
13:09:52	18.87	-0.01	5	9435	买盘
13:09:32	18.88	0.02	144	271872	买盘
13:09:26	18.86	0.01	2	3772	买盘
13:09:17	18.85	--	4	7540	卖盘
13:09:11	18.85	--	12	22620	买盘
13:09:07	18.85	--	18	33930	买盘
13:09:02	18.85	--	12	22620	买盘
13:08:52	18.85	--	1	1885	买盘
13:08:47	18.85	-0.01	46	86710	卖盘
13:08:41	18.86	0.01	10	18860	买盘
13:08:32	18.85	-0.01	122	229970	卖盘
13:08:26	18.86	--	10	18860	卖盘
13:08:22	18.86	0.01	25	47150	买盘
13:08:17	18.85	-0.02	9	16965	卖盘
13:08:11	18.87	--	0	0	买盘
13:08:02	18.87	--	30	56610	买盘
13:07:52	18.87	--	0	0	买盘
13:07:46	18.87	0.02	70	132090	买盘
13:07:41	18.85	-0.02	40	75400	卖盘
13:07:31	18.87	-0.02	10	18870	卖盘
13:07:16	18.89	--	0	0	买盘
13:07:11	18.89	0.02	18	34002	买盘
13:07:06	18.87	-0.01	10	18870	买盘
13:07:01	18.88	-0.03	8	15104	卖盘
13:06:56	18.91	--	0	0	买盘
13:06:51	18.91	0.01	9	17019	买盘
13:06:46	18.9	-0.01	30	56699	中性盘
13:06:41	18.91	--	10	18910	买盘
13:06:36	18.91	--	2	3782	买盘
13:06:31	18.91	--	1	1891	买盘
13:06:26	18.91	--	12	22692	卖盘
13:06:21	18.91	-0.01	24	45384	卖盘
13:06:16	18.92	0.01	6	11352	买盘
13:06:11	18.91	--	19	35929	卖盘
13:06:06	18.91	--	6	11346	卖盘
13:06:01	18.91	--	7	13237	买盘
13:05:56	18.91	0.02	5	9455	买盘
13:05:51	18.89	--	5	9445	卖盘
13:05:46	18.89	-0.01	120	226680	卖盘
13:05:41	18.9	0.01	79	149310	买盘
13:05:31	18.89	0.01	24	45336	买盘
13:05:26	18.88	-0.01	55	103840	卖盘
13:05:16	18.89	0.01	25	47225	买盘
13:05:11	18.88	--	15	28320	卖盘
13:05:01	18.88	0.03	175	330400	买盘
13:04:56	18.85	-0.01	110	207350	卖盘
13:04:46	18.86	-0.01	3	5658	卖盘
13:04:41	18.87	--	5	9435	买盘
13:04:36	18.87	0.02	6	11322	买盘
13:04:31	18.85	--	1	1885	卖盘
13:04:26	18.85	--	6	11310	卖盘
13:04:21	18.85	--	25	47125	卖盘
13:04:16	18.85	-0.02	10	18850	卖盘
13:04:11	18.87	0.02	218	411366	买盘
13:04:05	18.85	--	10	18850	卖盘
13:04:01	18.85	--	18	33930	卖盘
13:03:56	18.85	--	0	0	卖盘
13:03:50	18.85	--	32	60320	买盘
13:03:46	18.85	--	35	65975	买盘
13:03:41	18.85	--	3	5655	买盘
13:03:35	18.85	-0.02	20	37700	买盘
13:03:31	18.87	--	18	33966	卖盘
13:03:26	18.87	0.01	70	132090	买盘
13:03:20	18.86	0.01	29	54694	买盘
13:03:16	18.85	--	16	30160	买盘
13:03:11	18.85	0.01	2	3770	买盘
13:03:05	18.84	-0.01	25	47100	卖盘
13:03:01	18.85	--	10	18850	买盘
13:02:56	18.85	-0.01	69	130065	卖盘
13:02:50	18.86	0.01	100	188600	中性盘
13:02:46	18.85	--	330	622050	卖盘
13:02:41	18.85	--	3	5655	卖盘
13:02:35	18.85	0.01	6	11310	买盘
13:02:31	18.84	-0.01	20	37680	卖盘
13:02:26	18.85	--	23	43355	买盘
13:02:20	18.85	0.02	26	49010	买盘
13:02:05	18.83	0.02	241	453802	买盘
13:01:56	18.81	0.01	14	26334	买盘
13:01:41	18.8	--	27	50760	买盘
13:01:31	18.8	0.01	200	376000	买盘
13:01:26	18.79	0.01	10	18790	买盘
13:01:20	18.78	--	12	22536	买盘
13:01:16	18.78	-0.01	54	101412	卖盘
13:01:00	18.79	--	6	11274	买盘
13:00:55	18.79	--	99	186021	买盘
13:00:35	18.79	0.01	39	73281	买盘
13:00:25	18.78	--	64	120192	买盘
13:00:20	18.78	--	10	18780	买盘
13:00:10	18.78	0.01	31	58218	买盘
13:00:05	18.77	0.01	727	1364597	买盘
11:30:00	18.76	--	0	0	买盘
11:30:00	18.76	--	9	16884	买盘
11:29:42	18.76	--	10	18760	买盘
11:29:37	18.76	--	26	48776	买盘
11:29:27	18.76	0.01	5	9380	买盘
11:29:07	18.75	--	3	5625	卖盘
11:29:02	18.75	-0.01	18	33750	卖盘
11:28:57	18.76	--	13	24388	买盘
11:28:52	18.76	0.01	2	3752	买盘
11:28:47	18.75	--	1	1875	卖盘
11:28:22	18.75	-0.01	5	9375	卖盘
11:28:12	18.76	--	53	99428	买盘
11:28:07	18.76	--	1	1876	买盘
11:28:01	18.76	--	33	61908	买盘
11:27:36	18.76	0.01	5	9380	买盘
11:27:26	18.75	--	13	24375	卖盘
11:27:21	18.75	--	10	18750	卖盘
11:27:06	18.75	--	14	26250	卖盘
11:26:56	18.75	--	38	71250	卖盘
11:26:46	18.75	0.01	20	37500	买盘
11:26:41	18.74	-0.01	37	69338	卖盘
11:26:36	18.75	--	1	1875	买盘
11:26:26	18.75	-0.01	164	307500	卖盘
11:26:06	18.76	--	18	33768	买盘
11:26:01	18.76	--	19	35644	买盘
11:25:56	18.76	0.01	35	65660	买盘
11:25:46	18.75	--	82	153750	卖盘
11:25:41	18.75	--	32	60000	买盘
11:25:31	18.75	0.02	13	24375	买盘
11:25:26	18.73	-0.02	5	9365	卖盘
11:25:21	18.75	0.02	2	3750	买盘
11:25:16	18.73	--	1	1873	卖盘
11:25:11	18.73	--	3	5619	卖盘
11:25:06	18.73	0.02	4	7492	中性盘
11:25:01	18.71	-0.04	6	11226	卖盘
11:24:56	18.75	0.05	60	112500	买盘
11:24:51	18.7	-0.03	28	52360	卖盘
11:24:46	18.73	0.02	25	46825	买盘
11:24:41	18.71	--	11	20581	卖盘
11:24:36	18.71	--	9	16839	买盘
11:24:26	18.71	--	4	7484	买盘
11:24:21	18.71	--	40	74840	买盘
11:24:01	18.71	0.01	5	9355	买盘
11:23:56	18.7	-0.01	9	16830	卖盘
11:23:51	18.71	--	5	9355	买盘
11:23:46	18.71	0.01	3	5613	买盘
11:23:36	18.7	--	11	20570	买盘
11:23:31	18.7	0.01	13	24310	卖盘
11:23:16	18.69	--	0	0	卖盘
11:23:11	18.69	--	41	76629	卖盘
11:23:06	18.69	--	90	168210	买盘
11:23:01	18.69	--	76	142044	买盘
11:22:56	18.69	0.01	16	29904	买盘
11:22:51	18.68	-0.01	9	16812	卖盘
11:22:46	18.69	--	120	224280	买盘
11:22:41	18.69	-0.02	167	312123	卖盘
11:22:36	18.71	0.01	13	24323	买盘
11:22:31	18.7	--	2	3740	买盘
11:22:26	18.7	--	14	26180	卖盘
11:22:21	18.7	--	5	9350	卖盘
11:22:16	18.7	0.01	29	54230	买盘
11:22:11	18.69	-0.01	65	121485	卖盘
11:22:01	18.7	--	33	61710	买盘
11:21:56	18.7	0.01	56	104720	买盘
11:21:46	18.69	0.01	18	33642	买盘
11:21:36	18.68	--	0	0	卖盘
11:21:31	18.68	--	10	18680	卖盘
11:21:25	18.68	-0.01	34	63512	卖盘
11:21:20	18.69	--	5	9345	买盘
11:21:15	18.69	--	15	28035	买盘
11:21:05	18.69	--	3	5607	买盘
11:21:01	18.69	-0.01	18	33642	卖盘
11:20:55	18.7	--	10	18700	买盘
11:20:50	18.7	--	5	9350	买盘
11:20:45	18.7	--	5	9350	买盘
11:20:40	18.7	0.01	28	52360	买盘
11:20:35	18.69	-0.01	8	14952	卖盘
11:20:25	18.7	--	0	0	中性盘
11:20:20	18.7	--	121	226270	卖盘
11:20:10	18.7	--	138	258060	卖盘
11:20:05	18.7	--	2	3740	卖盘
11:20:00	18.7	0.01	49	91630	买盘
11:19:50	18.69	--	7	13083	买盘
11:19:45	18.69	--	1	1869	买盘
11:19:40	18.69	--	13	24297	买盘
11:19:35	18.69	0.02	5	9345	买盘
11:19:20	18.67	0.01	5	9335	买盘
11:19:15	18.66	--	50	93300	买盘
11:19:10	18.66	--	209	389994	买盘
11:19:05	18.66	--	105	195930	买盘
11:19:00	18.66	--	217	404922	买盘
11:18:55	18.66	--	15	27990	买盘
11:18:50	18.66	--	33	61578	买盘
11:18:45	18.66	-0.03	109	203394	卖盘
11:18:40	18.69	0.04	12	22428	买盘
11:18:25	18.65	-0.05	285	531525	卖盘
11:18:20	18.7	0.05	7	13090	买盘
11:18:15	18.65	-0.05	12	22380	卖盘
11:18:10	18.7	--	14	26180	买盘
11:18:05	18.7	--	0	0	买盘
11:18:00	18.7	--	0	0	中性盘
11:17:55	18.7	--	5	9350	卖盘
11:17:45	18.7	0.07	12	22440	卖盘
11:17:40	18.63	-0.01	30	55890	卖盘
11:17:35	18.64	-0.07	223	415672	卖盘
11:17:25	18.71	0.01	3	5613	买盘
11:17:20	18.7	-0.01	2	3740	买盘
11:17:10	18.71	--	0	0	买盘
11:17:05	18.71	--	260	486460	买盘
11:17:00	18.71	0.01	10	18710	买盘
11:16:55	18.7	--	15	28050	买盘
11:16:50	18.7	-0.01	49	91630	卖盘
11:16:25	18.71	--	7	13097	买盘
11:16:20	18.71	-0.01	39	72969	卖盘
11:16:10	18.72	--	31	58032	买盘
11:16:00	18.72	--	3	5616	卖盘
11:15:50	18.72	0.02	17	31823	卖盘
11:15:40	18.7	--	2	3740	卖盘
11:15:34	18.7	--	79	147730	卖盘
11:15:25	18.7	-0.03	35	65450	卖盘
11:15:19	18.73	--	0	0	买盘
11:15:15	18.73	0.01	30	56190	买盘
11:14:55	18.72	--	4	7488	买盘
11:14:49	18.72	--	122	228384	卖盘
11:14:44	18.72	--	7	13104	买盘
11:14:39	18.72	--	0	0	买盘
11:14:29	18.72	--	54	101088	买盘
11:14:24	18.72	-0.01	54	101088	卖盘
11:14:19	18.73	--	354	663042	买盘
11:14:14	18.73	--	15	28095	买盘
11:14:04	18.73	--	53	99269	卖盘
11:13:59	18.73	--	5	9365	卖盘
11:13:44	18.73	-0.01	18	33714	卖盘
11:13:29	18.74	--	3	5621	卖盘
11:13:24	18.74	--	7	13117	卖盘
11:13:19	18.74	--	4	7495	卖盘
11:13:09	18.74	--	0	0	卖盘
11:13:04	18.74	-0.01	27	50597	卖盘
11:12:59	18.75	--	103	193125	卖盘
11:12:49	18.75	--	202	378750	卖盘
11:12:44	18.75	--	45	84375	卖盘
11:12:39	18.75	0.01	154	288750	买盘
11:12:34	18.74	--	5	9370	卖盘
11:12:24	18.74	-0.01	2	3747	卖盘
11:12:19	18.75	0.01	10	18750	买盘
11:12:14	18.74	-0.01	11	20614	卖盘
11:11:59	18.75	--	0	0	中性盘
11:11:53	18.75	--	10	18750	卖盘
11:11:44	18.75	--	10	18750	卖盘
11:11:38	18.75	--	36	67500	卖盘
11:11:34	18.75	--	8	15000	卖盘
11:11:23	18.75	--	3	5625	卖盘
11:11:14	18.75	-0.01	40	75000	卖盘
11:11:04	18.76	--	32	60032	买盘
11:10:59	18.76	0.01	50	93800	买盘
11:10:53	18.75	-0.01	5	9375	卖盘
11:10:49	18.76	0.01	20	37520	买盘
11:10:44	18.75	-0.01	5	9375	卖盘
11:10:34	18.76	--	9	16884	买盘
11:10:14	18.76	0.01	5	9380	买盘
11:10:04	18.75	--	5	9375	卖盘
11:09:59	18.75	--	5	9375	卖盘
11:09:49	18.75	--	9	16875	卖盘
11:09:44	18.75	--	80	150000	买盘
11:09:34	18.75	0.01	10	18750	买盘
11:09:29	18.74	-0.01	100	187399	卖盘
11:09:24	18.75	0.01	18	33750	买盘
11:09:04	18.74	--	48	89951	卖盘
11:08:48	18.74	--	14	26235	卖盘
11:08:34	18.74	--	20	37480	卖盘
11:08:13	18.74	-0.01	2	3747	卖盘
11:08:08	18.75	--	26	48750	买盘
11:07:58	18.75	--	13	24375	买盘
11:07:53	18.75	0.01	12	22500	买盘
11:07:38	18.74	-0.01	15	28109	卖盘
11:07:28	18.75	0.01	6	11250	买盘
11:07:03	18.74	-0.01	16	29983	卖盘
11:06:58	18.75	--	45	84375	卖盘
11:06:53	18.75	--	79	148125	卖盘
11:06:48	18.75	-0.01	1	1875	卖盘
11:06:43	18.76	0.01	13	24388	买盘
11:06:28	18.75	--	5	9375	卖盘
11:06:23	18.75	--	6	11250	卖盘
11:06:18	18.75	-0.01	15	28125	卖盘
11:06:13	18.76	--	3	5628	买盘
11:06:08	18.76	--	50	93800	买盘
11:05:58	18.76	--	40	75040	卖盘
11:05:53	18.76	--	5	9380	卖盘
11:05:43	18.76	--	46	86296	买盘
11:05:38	18.76	-0.01	7	13132	买盘
11:05:23	18.77	0.01	5	9385	买盘
11:05:17	18.76	--	8	15008	买盘
11:05:13	18.76	-0.01	139	260764	卖盘
11:05:08	18.77	--	10	18770	买盘
11:05:02	18.77	-0.01	35	65695	卖盘
11:04:58	18.78	--	4	7512	买盘
11:04:53	18.78	0.01	49	92022	买盘
11:04:47	18.77	--	1	1877	卖盘
11:04:38	18.77	--	31	58187	卖盘
11:04:33	18.77	--	2	3754	卖盘
11:04:28	18.77	--	16	30032	买盘
11:04:23	18.77	--	1	1877	买盘
11:04:18	18.77	--	30	56310	买盘
11:04:12	18.77	--	15	28155	卖盘
11:04:08	18.77	--	0	0	中性盘
11:04:02	18.77	-0.01	30	56310	中性盘
11:03:58	18.78	--	10	18780	买盘
11:03:53	18.78	0.02	26	48828	买盘
11:03:43	18.76	--	0	0	卖盘
11:03:38	18.76	0.01	1	1876	买盘
11:03:32	18.75	--	15	28125	买盘
11:03:28	18.75	0.01	75	140625	买盘
11:03:23	18.74	-0.01	18	33732	卖盘
11:03:17	18.75	--	40	75000	买盘
11:03:13	18.75	--	30	56250	买盘
11:03:08	18.75	--	110	206250	买盘
11:03:02	18.75	0.01	61	114375	买盘
11:02:58	18.74	-0.01	41	76834	卖盘
11:02:53	18.75	--	0	0	买盘
11:02:43	18.75	0.01	157	294375	买盘
11:02:38	18.74	--	42	78708	买盘
11:02:28	18.74	--	24	44975	买盘
11:02:17	18.74	--	5	9370	买盘
11:02:13	18.74	--	12	22487	买盘
11:02:07	18.74	0.01	73	136802	买盘
11:02:02	18.73	-0.01	5	9365	卖盘
11:01:57	18.74	0.02	20	37480	买盘
11:01:52	18.72	--	55	102960	卖盘
11:01:42	18.72	--	26	48672	卖盘
11:01:37	18.72	-0.01	5	9360	卖盘
11:01:32	18.73	--	20	37460	买盘
11:01:27	18.73	--	133	249109	卖盘
11:01:22	18.73	-0.01	15	28095	卖盘
11:01:17	18.74	--	2	3747	买盘
11:01:12	18.74	--	49	91825	卖盘
11:01:02	18.74	--	4	7495	卖盘
11:00:52	18.74	--	5	9370	卖盘
11:00:47	18.74	--	58	108691	卖盘
11:00:37	18.74	-0.01	5	9370	卖盘
11:00:32	18.75	--	85	159375	买盘
11:00:17	18.75	--	10	18750	买盘
11:00:07	18.75	--	4	7500	买盘
11:00:02	18.75	--	10	18750	买盘
10:59:57	18.75	0.01	4	7500	买盘
10:59:52	18.74	--	15	28109	卖盘
10:59:47	18.74	-0.01	26	48723	卖盘
10:59:42	18.75	--	29	54375	买盘
10:59:17	18.75	-0.01	454	851250	卖盘
10:59:07	18.76	--	5	9380	买盘
10:59:02	18.76	0.01	4	7504	买盘
10:58:51	18.75	0.01	481	901875	买盘
10:58:41	18.74	0.01	20	37480	买盘
10:58:37	18.73	-0.01	13	24349	卖盘
10:58:21	18.74	--	4	7495	买盘
10:58:17	18.74	--	3	5621	买盘
10:57:47	18.74	0.01	142	266108	买盘
10:57:32	18.73	--	10	18730	买盘
10:57:26	18.73	-0.01	5	9365	买盘
10:57:21	18.74	--	0	0	买盘
10:57:17	18.74	0.01	61	114313	买盘
10:57:11	18.73	--	22	41206	卖盘
10:57:02	18.73	--	40	74920	卖盘
10:56:51	18.73	--	2	3746	卖盘
10:56:46	18.73	--	5	9365	卖盘
10:56:41	18.73	--	2	3746	卖盘
10:56:36	18.73	--	0	0	中性盘
10:56:32	18.73	--	50	93650	卖盘
10:56:21	18.73	-0.01	50	93650	卖盘
10:56:06	18.74	0.01	2	3747	买盘
10:56:02	18.73	-0.01	62	116126	卖盘
10:55:51	18.74	0.01	1	1873	买盘
10:55:41	18.73	--	1	1873	卖盘
10:55:21	18.73	--	15	28095	买盘
10:55:16	18.73	0.01	10	18730	买盘
10:55:01	18.72	--	20	37440	卖盘
10:54:51	18.72	--	8	14976	卖盘
10:54:46	18.72	0.01	36	67392	买盘
10:54:41	18.71	-0.01	3	5613	卖盘
10:54:36	18.72	0.01	3	5616	买盘
10:54:31	18.71	-0.01	44	82324	卖盘
10:54:26	18.72	0.01	25	46800	买盘
10:54:21	18.71	-0.01	13	24323	卖盘
10:54:11	18.72	--	1	1872	买盘
10:54:01	18.72	--	7	13104	买盘
10:53:56	18.72	-0.01	33	61775	卖盘
10:53:51	18.73	-0.01	4	7492	卖盘
10:53:46	18.74	0.02	5	9370	买盘
10:53:41	18.72	--	0	0	卖盘
10:53:11	18.72	0.02	7	13104	中性盘
10:52:56	18.7	-0.01	29	54230	卖盘
10:52:50	18.71	0.01	63	117873	买盘
10:52:46	18.7	-0.01	4	7480	卖盘
10:52:41	18.71	--	4	7484	买盘
10:52:35	18.71	-0.02	30	56130	卖盘
10:52:11	18.73	-0.01	33	61809	卖盘
10:52:05	18.74	--	3	5621	卖盘
10:52:00	18.74	--	47	88077	卖盘
10:51:45	18.74	--	3	5621	卖盘
10:51:41	18.74	--	1	1873	卖盘
10:51:30	18.74	--	5	9370	卖盘
10:51:26	18.74	--	14	26235	买盘
10:51:11	18.74	--	3	5621	买盘
10:51:05	18.74	-0.01	6	11243	卖盘
10:51:00	18.75	0.01	10	18750	买盘
10:50:50	18.74	--	1	1873	卖盘
10:50:45	18.74	--	14	26235	买盘
10:50:30	18.74	--	20	37480	买盘
10:50:26	18.74	--	55	103069	买盘
10:50:20	18.74	0.01	40	74960	买盘
10:50:15	18.73	--	6	11238	买盘
10:50:11	18.73	-0.01	64	119872	卖盘
10:50:00	18.74	--	10	18740	买盘
10:49:55	18.74	--	50	93699	买盘
10:49:50	18.74	0.01	5	9370	买盘
10:49:45	18.73	-0.01	1	1873	卖盘
10:49:35	18.74	--	30	56219	买盘
10:49:30	18.74	--	60	112439	买盘
10:49:25	18.74	--	3	5621	买盘
10:49:10	18.74	--	69	129305	卖盘
10:48:55	18.74	--	84	157416	买盘
10:48:50	18.74	0.01	10	18740	买盘
10:48:40	18.73	-0.01	6	11238	卖盘
10:48:34	18.74	0.01	56	104943	买盘
10:48:30	18.73	--	3	5619	卖盘
10:48:00	18.73	--	28	52444	卖盘
10:47:55	18.73	--	108	202284	买盘
10:47:35	18.73	--	30	56190	买盘
10:47:30	18.73	--	6	11238	买盘
10:47:25	18.73	0.01	50	93650	买盘
10:47:20	18.72	--	6	11232	卖盘
10:46:45	18.72	-0.01	2	3744	卖盘
10:46:40	18.73	--	5	9365	买盘
10:46:20	18.73	--	4	7492	买盘
10:46:14	18.73	0.02	154	288442	买盘
10:46:09	18.71	-0.01	2	3742	卖盘
10:46:05	18.72	0.01	5	9360	买盘
10:45:54	18.71	-0.01	3	5613	卖盘
10:45:44	18.72	--	6	11232	买盘
10:45:40	18.72	--	21	39312	买盘
10:45:35	18.72	--	28	52416	卖盘
10:45:24	18.72	--	14	26208	卖盘
10:45:20	18.72	--	4	7488	卖盘
10:45:14	18.72	--	5	9360	卖盘
10:45:09	18.72	--	2	3744	中性盘
10:45:05	18.72	0.01	50	93600	买盘
10:44:59	18.71	-0.01	26	48646	卖盘
10:44:54	18.72	--	10	18720	买盘
10:44:44	18.72	-0.01	5	9360	买盘
10:44:39	18.73	--	0	0	买盘
10:44:34	18.73	--	6	11238	买盘
10:44:29	18.73	--	5	9365	卖盘
10:44:24	18.73	--	6	11238	卖盘
10:44:20	18.73	--	4	7492	卖盘
10:44:14	18.73	--	20	37460	卖盘
10:44:09	18.73	0.02	80	149840	买盘
10:43:54	18.71	-0.02	1	1871	卖盘
10:43:50	18.73	--	0	0	中性盘
10:43:44	18.73	--	3	5619	买盘
10:43:39	18.73	--	10	18730	买盘
10:43:35	18.73	-0.01	20	37460	买盘
10:43:24	18.74	0.03	100	187399	买盘
10:43:19	18.71	--	0	0	卖盘
10:43:14	18.71	-0.02	50	93550	卖盘
10:43:09	18.73	--	3	5619	卖盘
10:43:04	18.73	--	4	7492	卖盘
10:42:59	18.73	--	7	13111	卖盘
10:42:54	18.73	0.02	111	207903	买盘
10:42:49	18.71	-0.02	113	211423	卖盘
10:42:44	18.73	0.02	1	1873	买盘
10:42:39	18.71	-0.02	5	9355	卖盘
10:42:34	18.73	--	60	112380	买盘
10:42:28	18.73	0.01	9	16857	买盘
10:42:14	18.72	0.01	1	1872	买盘
10:42:04	18.71	-0.01	2	3742	卖盘
10:41:59	18.72	0.01	7	13104	买盘
10:41:54	18.71	0.01	312	583752	买盘
10:41:49	18.7	--	8	14960	买盘
10:41:43	18.7	--	14	26180	卖盘
10:41:34	18.7	-0.01	8	14960	卖盘
10:41:29	18.71	--	10	18710	买盘
10:41:19	18.71	0.01	11	20581	买盘
10:41:14	18.7	--	13	24310	买盘
10:41:04	18.7	--	2	3740	买盘
10:40:59	18.7	--	5	9350	买盘
10:40:54	18.7	--	50	93500	买盘
10:40:49	18.7	--	25	46750	买盘
10:40:34	18.7	--	8	14960	买盘
10:40:29	18.7	--	2	3740	买盘
10:40:23	18.7	0.04	3	5610	买盘
10:40:19	18.66	--	30	55980	卖盘
10:40:04	18.66	--	8	14928	买盘
10:39:59	18.66	--	12	22392	买盘
10:39:53	18.66	--	27	50382	买盘
10:39:49	18.66	--	2	3732	买盘
10:39:44	18.66	--	36	67176	买盘
10:39:34	18.66	--	60	111960	买盘
10:39:18	18.66	-0.05	107	199662	卖盘
10:39:08	18.71	0.03	16	29936	买盘
10:39:03	18.68	-0.03	19	35492	卖盘
10:38:59	18.71	--	11	20581	买盘
10:38:48	18.71	-0.01	5	9355	中性盘
10:38:44	18.72	0.01	57	106704	买盘
10:38:38	18.71	-0.01	11	20581	卖盘
10:38:29	18.72	--	16	29952	买盘
10:38:23	18.72	0.01	13	24336	买盘
10:38:18	18.71	-0.01	20	37420	卖盘
10:38:14	18.72	0.01	6	11232	买盘
10:38:08	18.71	-0.01	5	9355	卖盘
10:38:03	18.72	0.01	5	9360	买盘
10:37:48	18.71	0.04	39	72969	买盘
10:37:44	18.67	--	0	0	卖盘
10:37:33	18.67	-0.03	21	39207	卖盘
10:37:28	18.7	--	10	18700	卖盘
10:37:23	18.7	--	2	3740	买盘
10:37:18	18.7	-0.01	9	16830	买盘
10:37:08	18.71	--	1	1871	卖盘
10:37:03	18.71	0.01	15	28065	买盘
10:36:58	18.7	-0.01	25	46750	卖盘
10:36:38	18.71	0.01	5	9355	买盘
10:36:33	18.7	--	15	28050	买盘
10:36:28	18.7	0.06	14	26180	买盘
10:36:23	18.64	-0.06	70	130480	卖盘
10:36:13	18.7	--	8	14960	卖盘
10:36:08	18.7	-0.02	100	187000	卖盘
10:35:58	18.72	--	2	3744	买盘
10:35:48	18.72	-0.01	65	121679	卖盘
10:35:43	18.73	--	10	18730	卖盘
10:35:33	18.73	--	30	56190	买盘
10:35:28	18.73	--	14	26222	买盘
10:35:18	18.73	--	11	20603	买盘
10:35:13	18.73	--	4	7492	买盘
10:35:03	18.73	-0.01	5	9365	卖盘
10:34:58	18.74	0.01	13	24361	买盘
10:34:48	18.73	-0.01	14	26222	卖盘
10:34:43	18.74	--	3	5621	买盘
10:34:37	18.74	--	4	7495	买盘
10:34:33	18.74	0.01	10	18740	买盘
10:34:28	18.73	--	2	3746	卖盘
10:34:22	18.73	-0.01	61	114253	中性盘
10:34:18	18.74	0.04	20	37480	买盘
10:34:13	18.7	-0.03	10	18700	卖盘
10:33:43	18.73	--	1	1873	买盘
10:33:37	18.73	--	6	11238	卖盘
10:33:23	18.73	--	100	187300	卖盘
10:33:17	18.73	--	15	28095	卖盘
10:33:13	18.73	--	0	0	中性盘
10:33:08	18.73	--	29	54317	买盘
10:33:02	18.73	-0.03	11	20603	卖盘
10:32:58	18.76	0.01	81	151956	买盘
10:32:52	18.75	-0.01	73	136875	中性盘
10:32:43	18.76	-0.01	5	9380	买盘
10:32:37	18.77	--	0	0	买盘
10:32:32	18.77	0.04	7	13139	买盘
10:32:22	18.73	0.03	32	59936	中性盘
10:32:17	18.7	-0.07	5	9350	卖盘
10:32:12	18.77	0.07	80	150160	买盘
10:32:07	18.7	0.01	6	11220	卖盘
10:32:02	18.69	--	15	28035	中性盘
10:31:52	18.69	--	14	26166	卖盘
10:31:47	18.69	0.04	1022	1910118	买盘
10:31:42	18.65	--	0	0	中性盘
10:31:37	18.65	--	13	24244	买盘
10:31:27	18.65	--	0	0	买盘
10:31:17	18.65	-0.01	8	14919	卖盘
10:31:07	18.66	0.01	15	27990	买盘
10:31:02	18.65	--	0	0	买盘
10:30:52	18.65	--	4	7459	买盘
10:30:47	18.65	--	1	1864	买盘
10:30:42	18.65	0.04	2	3729	买盘
10:30:22	18.61	-0.04	30	55830	卖盘
10:30:12	18.65	0.02	20	37300	买盘
10:30:07	18.63	0.02	5	9315	买盘
10:29:52	18.61	--	0	0	卖盘
10:29:47	18.61	0.01	3	5583	买盘
10:29:42	18.6	-0.01	62	115320	卖盘
10:29:32	18.61	--	0	0	买盘
10:29:27	18.61	0.02	1	1861	买盘
10:29:22	18.59	--	6	11154	卖盘
10:29:16	18.59	--	0	0	卖盘
10:29:07	18.59	--	39	72501	卖盘
10:28:52	18.59	-0.01	13	24167	卖盘
10:28:46	18.6	--	2	3720	卖盘
10:28:42	18.6	-0.01	10	18600	买盘
10:28:37	18.61	0.01	10	18610	卖盘
10:28:31	18.6	-0.01	30	55800	买盘
10:28:27	18.61	--	109	202849	卖盘
10:28:22	18.61	-0.02	75	139575	卖盘
10:28:16	18.63	0.02	559	1041417	买盘
10:28:01	18.61	--	34	63274	卖盘
10:27:57	18.61	-0.01	2	3722	卖盘
10:27:52	18.62	--	3	5586	买盘
10:27:46	18.62	--	630	1173060	买盘
10:27:42	18.62	0.01	313	582806	买盘
10:27:31	18.61	0.01	2	3722	卖盘
10:27:16	18.6	-0.01	11	20460	卖盘
10:27:07	18.61	--	31	57691	买盘
10:27:01	18.61	--	33	61413	卖盘
10:26:52	18.61	--	9	16749	卖盘
10:26:41	18.61	0.01	4	7444	卖盘
10:26:26	18.6	--	7	13020	卖盘
10:26:22	18.6	-0.02	42	78120	卖盘
10:26:16	18.62	0.02	18	33516	买盘
10:26:06	18.6	-0.02	66	122760	卖盘
10:26:01	18.62	--	5	9310	买盘
10:25:56	18.62	--	1	1862	买盘
10:25:51	18.62	0.02	28	52136	买盘
10:25:46	18.6	-0.02	92	171120	卖盘
10:25:41	18.62	--	0	0	买盘
10:25:36	18.62	--	57	106134	买盘
10:25:21	18.62	0.02	14	26068	买盘
10:25:16	18.6	--	3	5580	卖盘
10:25:06	18.6	--	77	143220	卖盘
10:25:01	18.6	0.01	18	33480	中性盘
10:24:46	18.59	-0.04	20	37180	卖盘
10:24:41	18.63	0.05	144	268272	买盘
10:24:36	18.58	-0.01	13	24153	卖盘
10:24:31	18.59	--	6	11154	买盘
10:24:26	18.59	0.02	42	78078	买盘
10:24:21	18.57	-0.02	104	193128	卖盘
10:24:11	18.59	--	37	68783	买盘
10:24:06	18.59	0.02	3	5577	买盘
10:24:01	18.57	-0.02	203	376971	卖盘
10:23:56	18.59	--	42	78078	买盘
10:23:51	18.59	--	33	61347	买盘
10:23:46	18.59	0.01	696	1293864	买盘
10:23:41	18.58	--	11	20437	卖盘
10:23:36	18.58	0.01	24	44591	买盘
10:23:31	18.57	--	12	22284	卖盘
10:23:25	18.57	--	7	12999	买盘
10:23:21	18.57	--	7	12999	买盘
10:23:11	18.57	--	3	5571	买盘
10:23:01	18.57	--	7	12999	买盘
10:22:55	18.57	0.01	1	1857	买盘
10:22:46	18.56	0.01	3	5568	卖盘
10:22:36	18.55	--	0	0	卖盘
10:22:31	18.55	-0.02	55	102025	卖盘
10:22:25	18.57	-0.01	30	55710	卖盘
10:22:21	18.58	--	20	37160	买盘
10:22:10	18.58	--	20	37160	买盘
10:22:06	18.58	--	6	11147	买盘
10:21:55	18.58	-0.01	23	42733	卖盘
10:21:46	18.59	0.01	53	98527	买盘
10:21:40	18.58	--	4	7431	卖盘
10:21:25	18.58	-0.01	10	18580	卖盘
10:21:21	18.59	0.01	5	9295	买盘
10:21:10	18.58	--	5	9290	卖盘
10:21:06	18.58	--	30	55739	卖盘
10:21:01	18.58	--	6	11147	卖盘
10:20:55	18.58	-0.02	19	35302	卖盘
10:20:40	18.6	0.01	20	37200	买盘
10:20:35	18.59	0.01	11	20449	买盘
10:20:31	18.58	-0.02	3	5573	卖盘
10:20:20	18.6	0.01	2	3720	买盘
10:20:16	18.59	--	9	16731	卖盘
10:20:01	18.59	--	3	5577	买盘
10:19:40	18.59	-0.01	5	9295	卖盘
10:19:30	18.6	--	14	26040	买盘
10:19:25	18.6	--	33	61380	买盘
10:19:10	18.6	-0.02	25	46500	卖盘
10:19:05	18.62	0.01	35	65170	买盘
10:18:45	18.61	-0.02	4	7444	中性盘
10:18:30	18.63	0.02	15	27945	买盘
10:18:25	18.61	--	10	18610	卖盘
10:18:20	18.61	-0.02	22	40942	卖盘
10:18:15	18.63	--	0	0	买盘
10:18:10	18.63	0.02	11	20493	买盘
10:18:00	18.61	--	27	50247	卖盘
10:17:45	18.61	--	30	55830	卖盘
10:17:35	18.61	--	106	197266	买盘
10:17:30	18.61	0.01	5	9305	买盘
10:17:25	18.6	--	3	5580	卖盘
10:17:15	18.6	--	9	16740	卖盘
10:17:10	18.6	0.02	2	3720	中性盘
10:17:05	18.58	-0.02	2	3715	卖盘
10:17:00	18.6	--	9	16740	买盘
10:16:55	18.6	--	3	5580	买盘
10:16:50	18.6	--	1	1860	买盘
10:16:45	18.6	0.02	5	9300	买盘
10:16:34	18.58	--	5	9290	卖盘
10:16:30	18.58	--	10	18580	卖盘
10:16:25	18.58	--	30	55739	卖盘
10:16:19	18.58	-0.02	3	5573	卖盘
10:16:15	18.6	0.02	3	5580	买盘
10:16:10	18.58	-0.02	20	37160	卖盘
10:16:00	18.6	0.02	16	29760	买盘
10:15:55	18.58	0.02	47	87325	买盘
10:15:49	18.56	--	1	1855	卖盘
10:15:45	18.56	-0.02	33	61247	卖盘
10:15:40	18.58	-0.02	16	29727	中性盘
10:15:34	18.6	0.02	22	40920	买盘
10:15:30	18.58	--	0	0	买盘
10:15:25	18.58	-0.02	31	57597	卖盘
10:15:19	18.6	--	4	7440	买盘
10:15:04	18.6	-0.01	70	130200	卖盘
10:14:55	18.61	--	41	76301	买盘
10:14:49	18.61	--	30	55830	卖盘
10:14:45	18.61	--	3	5583	卖盘
10:14:40	18.61	--	10	18610	卖盘
10:14:34	18.61	-0.01	5	9305	中性盘
10:14:29	18.62	-0.01	10	18620	买盘
10:14:25	18.63	--	0	0	买盘
10:14:19	18.63	--	0	0	买盘
10:14:10	18.63	--	0	0	买盘
10:14:04	18.63	-0.01	4	7452	卖盘
10:13:59	18.64	0.01	1	1864	买盘
10:13:49	18.63	0.01	12	22356	买盘
10:13:44	18.62	-0.01	40	74480	卖盘
10:13:34	18.63	--	59	109917	买盘
10:13:19	18.63	0.01	6	11178	买盘
10:13:09	18.62	--	20	37240	卖盘
10:13:04	18.62	--	28	52136	买盘
10:12:54	18.62	0.02	12	22344	买盘
10:12:49	18.6	0.02	10	18600	买盘
10:12:44	18.58	--	2	3715	卖盘
10:12:34	18.58	0.04	161	299138	买盘
10:12:24	18.54	-0.02	25	46350	卖盘
10:12:19	18.56	--	3	5568	买盘
10:12:09	18.56	--	16	29695	卖盘
10:11:59	18.56	--	0	0	中性盘
10:11:54	18.56	0.03	15	27839	中性盘
10:11:49	18.53	--	2	3706	卖盘
10:11:44	18.53	-0.05	60	111180	卖盘
10:11:39	18.58	0.04	22	40875	买盘
10:11:34	18.54	--	5	9270	买盘
10:11:29	18.54	--	5	9270	买盘
10:11:24	18.54	--	23	42642	卖盘
10:11:19	18.54	-0.01	43	79722	卖盘
10:11:09	18.55	0.01	6	11130	买盘
10:10:59	18.54	-0.01	3	5562	卖盘
10:10:44	18.55	--	1	1855	买盘
10:10:39	18.55	--	40	74200	买盘
10:10:34	18.55	0.02	14	25970	买盘
10:10:29	18.53	0.01	3	5559	中性盘
10:10:24	18.52	--	30	55560	卖盘
10:10:19	18.52	--	0	0	卖盘
10:10:04	18.52	--	141	262706	买盘
10:09:54	18.52	-0.02	49	91025	卖盘
10:09:49	18.54	0.02	2	3708	卖盘
10:09:43	18.52	-0.02	39	72228	卖盘
10:09:28	18.54	--	21	38934	买盘
10:09:13	18.54	0.02	17	31518	中性盘
10:09:09	18.52	-0.03	4	7408	卖盘
10:09:04	18.55	0.01	32	59360	买盘
10:08:43	18.54	-0.01	2	3708	卖盘
10:08:34	18.55	0.01	10	18550	买盘
10:08:28	18.54	--	37	68598	卖盘
10:08:08	18.54	--	35	64890	卖盘
10:08:04	18.54	--	7	12978	买盘
10:07:58	18.54	--	2	3708	买盘
10:07:49	18.54	0.02	2	3708	买盘
10:07:43	18.52	--	30	55560	卖盘
10:07:34	18.52	--	13	24076	卖盘
10:07:18	18.52	0.02	10	20094	买盘
10:07:13	18.5	0.01	6	11100	卖盘
10:07:08	18.49	--	13	24036	卖盘
10:07:03	18.49	--	0	0	卖盘
10:06:53	18.49	--	0	0	卖盘
10:06:48	18.49	-0.01	250	462249	卖盘
10:06:43	18.5	--	6	11100	买盘
10:06:38	18.5	0.01	11	20350	买盘
10:06:33	18.49	--	179	330971	卖盘
10:06:28	18.49	--	42	77658	卖盘
10:06:23	18.49	--	23	42527	买盘
10:06:18	18.49	0.01	32	59167	买盘
10:06:13	18.48	--	12	22176	卖盘
10:06:08	18.48	--	14	25872	卖盘
10:06:03	18.48	--	4	7392	卖盘
10:05:58	18.48	0.03	30	55440	买盘
10:05:53	18.45	--	0	0	卖盘
10:05:48	18.45	-0.01	31	57195	卖盘
10:05:43	18.46	-0.03	30	55380	卖盘
10:05:33	18.49	0.04	5	9245	买盘
10:05:28	18.45	--	0	0	卖盘
10:05:23	18.45	-0.04	100	184500	卖盘
10:05:18	18.49	-0.01	20	36980	卖盘
10:05:13	18.5	--	145	268250	卖盘
10:05:03	18.5	--	91	168350	卖盘
10:04:58	18.5	-0.02	15	27750	卖盘
10:04:43	18.52	--	0	0	买盘
10:04:38	18.52	0.02	9	16668	买盘
10:04:33	18.5	-0.02	31	57350	卖盘
10:04:28	18.52	0.01	35	65097	买盘
10:04:23	18.51	--	126	233226	卖盘
10:04:18	18.51	-0.01	133	246183	卖盘
10:04:13	18.52	--	1	1852	买盘
10:04:08	18.52	--	4	7408	卖盘
10:04:03	18.52	--	2	3704	卖盘
10:03:58	18.52	--	24	44448	卖盘
10:03:52	18.52	--	0	0	中性盘
10:03:48	18.52	0.01	3	5556	中性盘
10:03:43	18.51	--	62	114762	卖盘
10:03:37	18.51	--	23	42573	卖盘
10:03:33	18.51	-0.01	121	223971	卖盘
10:03:28	18.52	--	11	21946	买盘
10:03:22	18.52	--	110	203720	买盘
10:03:18	18.52	--	25	46300	买盘
10:03:13	18.52	--	5	9260	买盘
10:03:07	18.52	--	1	1852	买盘
10:03:03	18.52	-0.02	183	338916	卖盘
10:02:58	18.54	0.02	3	5562	卖盘
10:02:52	18.52	--	0	0	卖盘
10:02:48	18.52	-0.02	103	190756	卖盘
10:02:43	18.54	0.01	1	1854	买盘
10:02:37	18.53	-0.01	50	92650	卖盘
10:02:28	18.54	0.01	5	9270	买盘
10:02:22	18.53	-0.01	101	187430	卖盘
10:02:18	18.54	-0.01	51	94554	卖盘
10:02:13	18.55	--	13	25691	买盘
10:02:07	18.55	--	34	63070	买盘
10:01:52	18.55	--	33	61215	卖盘
10:01:47	18.55	--	14	25970	卖盘
10:01:43	18.55	-0.01	30	55650	卖盘
10:01:37	18.56	0.01	29	53823	买盘
10:01:28	18.55	--	102	189210	卖盘
10:01:22	18.55	--	23	42665	卖盘
10:01:07	18.55	--	7	12985	卖盘
10:00:52	18.55	--	3	5565	卖盘
10:00:47	18.55	-0.01	18	33390	中性盘
10:00:42	18.56	--	38	70806	买盘
10:00:37	18.56	--	29	53823	买盘
10:00:32	18.56	0.01	23	42688	买盘
10:00:27	18.55	--	6	11130	卖盘
10:00:22	18.55	--	30	55650	卖盘
10:00:12	18.55	--	15	27825	卖盘
10:00:07	18.55	-0.01	36	66780	卖盘
09:59:57	18.56	--	20	37120	卖盘
09:59:52	18.56	--	10	18560	卖盘
09:59:42	18.56	--	57	105791	卖盘
09:59:37	18.56	--	32	59391	卖盘
09:59:32	18.56	--	12	22272	卖盘
09:59:27	18.56	-0.02	18	33408	卖盘
09:59:22	18.58	-0.01	91	169077	卖盘
09:59:17	18.59	0.01	17	31603	买盘
09:59:12	18.58	--	39	72462	卖盘
09:59:07	18.58	--	11	20437	卖盘
09:59:02	18.58	-0.01	1	1857	卖盘
09:58:57	18.59	0.01	14	26026	买盘
09:58:52	18.58	--	8	14863	卖盘
09:58:47	18.58	-0.01	1	1857	卖盘
09:58:42	18.59	0.03	16	29744	买盘
09:58:37	18.56	-0.02	114	211583	卖盘
09:58:27	18.58	0.01	92	170935	买盘
09:58:22	18.57	--	33	61281	卖盘
09:58:17	18.57	--	1	1857	卖盘
09:58:12	18.57	0.01	6	11142	买盘
09:58:02	18.56	0.01	5	9280	卖盘
09:57:57	18.55	--	213	395115	卖盘
09:57:52	18.55	-0.01	11	20405	卖盘
09:57:47	18.56	0.01	70	129919	买盘
09:57:42	18.55	--	8	14840	卖盘
09:57:37	18.55	--	185	343768	买盘
09:57:31	18.55	0.01	29	53795	买盘
09:57:22	18.54	--	77	143740	买盘
09:57:12	18.54	--	10	18540	买盘
09:57:07	18.54	0.01	63	116802	买盘
09:57:01	18.53	-0.02	79	147257	卖盘
09:56:57	18.55	--	10	18550	买盘
09:56:52	18.55	--	41	76055	买盘
09:56:46	18.55	--	50	92750	买盘
09:56:42	18.55	0.02	3	5565	买盘
09:56:37	18.53	-0.03	72	134398	卖盘
09:56:31	18.56	0.01	24	44544	买盘
09:56:27	18.55	--	7	12985	卖盘
09:56:22	18.55	--	29	53795	卖盘
09:56:01	18.55	-0.03	500	927500	卖盘
09:55:52	18.58	0.01	11	20437	买盘
09:55:46	18.57	-0.01	123	228411	卖盘
09:55:41	18.58	--	9	16722	买盘
09:55:31	18.58	--	75	139350	卖盘
09:55:26	18.58	-0.01	23	42733	卖盘
09:55:22	18.59	0.01	25	46475	买盘
09:55:16	18.58	--	47	87325	买盘
09:55:06	18.58	--	26	48307	卖盘
09:55:01	18.58	-0.01	53	98473	卖盘
09:54:56	18.59	--	6	11154	卖盘
09:54:52	18.59	-0.01	5	9295	卖盘
09:54:46	18.6	0.02	2	3720	买盘
09:54:36	18.58	--	29	53881	卖盘
09:54:31	18.58	--	19	35302	卖盘
09:54:26	18.58	-0.02	5	9290	卖盘
09:54:21	18.6	-0.01	229	425940	卖盘
09:54:11	18.61	--	3	5583	买盘
09:54:06	18.61	-0.01	125	233890	卖盘
09:53:51	18.62	0.01	1	1862	买盘
09:53:46	18.61	-0.03	197	366617	卖盘
09:53:36	18.64	0.01	2	3728	买盘
09:53:31	18.63	-0.01	23	42849	卖盘
09:53:21	18.64	0.01	5	9320	买盘
09:53:16	18.63	-0.02	21	39123	卖盘
09:53:11	18.65	--	5	9325	买盘
09:53:06	18.65	0.02	52	96979	买盘
09:53:01	18.63	-0.02	28	52164	卖盘
09:52:56	18.65	0.01	26	48489	买盘
09:52:51	18.64	-0.01	6	11184	中性盘
09:52:46	18.65	0.01	5	9325	买盘
09:52:41	18.64	-0.01	51	95064	卖盘
09:52:31	18.65	--	12	22380	买盘
09:52:26	18.65	-0.02	10	18650	卖盘
09:52:16	18.67	0.03	5	9335	买盘
09:52:11	18.64	--	0	0	卖盘
09:52:01	18.64	--	12	22368	卖盘
09:51:51	18.64	--	6	11184	卖盘
09:51:46	18.64	-0.05	9	16776	卖盘
09:51:36	18.69	0.05	4	7476	买盘
09:51:31	18.64	0.01	19	35416	买盘
09:51:25	18.63	--	4	7452	卖盘
09:51:21	18.63	--	3	5589	卖盘
09:51:16	18.63	--	56	104328	卖盘
09:51:10	18.63	--	23	42849	卖盘
09:51:06	18.63	--	34	63342	卖盘
09:51:01	18.63	-0.01	5	9315	买盘
09:50:55	18.64	0.02	20	37280	买盘
09:50:51	18.62	-0.01	39	72618	卖盘
09:50:46	18.63	--	108	201204	卖盘
09:50:40	18.63	0.01	50	93746	买盘
09:50:36	18.62	-0.01	38	70756	卖盘
09:50:31	18.63	--	30	55890	买盘
09:50:25	18.63	-0.01	28	52164	卖盘
09:50:16	18.64	0.01	22	41008	买盘
09:50:10	18.63	-0.01	25	46575	卖盘
09:50:06	18.64	--	22	41008	买盘
09:50:01	18.64	--	164	305696	卖盘
09:49:55	18.64	--	15	27960	卖盘
09:49:51	18.64	--	5	9320	卖盘
09:49:46	18.64	--	119	221816	卖盘
09:49:31	18.64	--	11	20504	卖盘
09:49:25	18.64	--	21	39144	买盘
09:49:20	18.64	-0.02	45	83880	卖盘
09:49:16	18.66	0.02	10	18660	买盘
09:49:10	18.64	--	1	1864	卖盘
09:49:05	18.64	-0.02	5	9320	卖盘
09:49:01	18.66	--	13	24258	买盘
09:48:50	18.66	0.04	1	1866	买盘
09:48:46	18.62	-0.03	140	260680	卖盘
09:48:40	18.65	--	37	69005	卖盘
09:48:30	18.65	0.01	47	87655	买盘
09:48:25	18.64	-0.02	40	74560	卖盘
09:48:20	18.66	--	13	24258	买盘
09:48:15	18.66	--	8	14928	买盘
09:48:10	18.66	--	38	70908	买盘
09:48:00	18.66	0.01	66	123156	买盘
09:47:55	18.65	-0.01	59	110034	卖盘
09:47:45	18.66	0.02	59	110094	买盘
09:47:40	18.64	--	174	324336	卖盘
09:47:30	18.64	-0.01	11	20504	卖盘
09:47:25	18.65	--	28	52219	卖盘
09:47:20	18.65	--	10	18650	卖盘
09:47:15	18.65	--	13	24244	卖盘
09:47:10	18.65	--	9	16785	卖盘
09:47:05	18.65	-0.01	7	13054	卖盘
09:47:00	18.66	0.01	62	115692	买盘
09:46:55	18.65	--	5	9325	买盘
09:46:50	18.65	--	11	20515	买盘
09:46:45	18.65	-0.01	13	24244	中性盘
09:46:40	18.66	0.01	40	74640	买盘
09:46:35	18.65	-0.01	2	3729	卖盘
09:46:30	18.66	0.01	12	22392	买盘
09:46:20	18.65	0.01	33	61544	卖盘
09:46:15	18.64	--	24	44736	卖盘
09:46:10	18.64	-0.03	4	7456	卖盘
09:46:00	18.67	--	0	1269	卖盘
09:45:55	18.67	--	4	7468	卖盘
09:45:50	18.67	--	5	9335	卖盘
09:45:40	18.67	-0.01	308	575633	中性盘
09:45:30	18.68	--	3	5604	买盘
09:45:20	18.68	-0.02	25	46700	中性盘
09:45:15	18.7	-0.03	3	5610	买盘
09:45:10	18.73	0.03	216	404568	买盘
09:44:55	18.7	--	4	7480	卖盘
09:44:49	18.7	--	71	132770	卖盘
09:44:40	18.7	--	185	345950	买盘
09:44:34	18.7	--	8	14960	买盘
09:44:30	18.7	--	10	18700	买盘
09:44:25	18.7	-0.01	33	61710	卖盘
09:44:19	18.71	--	0	0	中性盘
09:44:10	18.71	--	0	0	买盘
09:44:04	18.71	0.01	15	28065	买盘
09:44:00	18.7	--	3	5610	买盘
09:43:55	18.7	-0.01	20	37400	卖盘
09:43:49	18.71	--	21	39291	卖盘
09:43:45	18.71	--	15	28065	卖盘
09:43:40	18.71	--	2	3742	卖盘
09:43:34	18.71	--	41	76711	中性盘
09:43:30	18.71	0.01	6	11226	买盘
09:43:25	18.7	-0.01	3	5610	卖盘
09:43:19	18.71	--	10	18710	买盘
09:43:15	18.71	-0.02	36	67356	卖盘
09:43:10	18.73	0.02	3	5619	买盘
09:43:04	18.71	--	11	20581	卖盘
09:42:59	18.71	--	7	13097	卖盘
09:42:49	18.71	0.01	1	1871	买盘
09:42:40	18.7	--	56	104720	买盘
09:42:25	18.7	0.02	14	26180	卖盘
09:42:19	18.68	-0.01	35	65380	卖盘
09:42:14	18.69	-0.05	93	173817	卖盘
09:42:09	18.74	0.04	21	39354	买盘
09:42:04	18.7	0.02	2	3740	中性盘
09:41:59	18.68	-0.06	100	186800	卖盘
09:41:54	18.74	-0.02	4	7495	卖盘
09:41:49	18.76	--	0	0	买盘
09:41:44	18.76	0.06	1	1876	买盘
09:41:39	18.7	-0.03	100	187000	卖盘
09:41:34	18.73	-0.03	7	13111	卖盘
09:41:24	18.76	-0.02	106	198856	卖盘
09:41:19	18.78	0.01	83	155874	中性盘
09:41:14	18.77	-0.03	4	7508	卖盘
09:41:09	18.8	--	8	15040	卖盘
09:41:04	18.8	0.03	48	90240	买盘
09:40:59	18.77	-0.02	5	9385	卖盘
09:40:54	18.79	--	4	7516	卖盘
09:40:49	18.79	0.02	238	447202	买盘
09:40:44	18.77	--	10	18770	卖盘
09:40:39	18.77	-0.01	10	18770	卖盘
09:40:34	18.78	--	103	193434	卖盘
09:40:24	18.78	--	35	65730	卖盘
09:40:19	18.78	-0.01	23	43194	卖盘
09:40:14	18.79	0.01	16	30064	买盘
09:40:09	18.78	--	12	22536	卖盘
09:40:04	18.78	-0.01	67	125826	卖盘
09:39:59	18.79	0.01	2	3758	中性盘
09:39:54	18.78	-0.02	32	60096	卖盘
09:39:49	18.8	--	5	9400	买盘
09:39:39	18.8	--	18	33840	卖盘
09:39:34	18.8	-0.01	68	127840	卖盘
09:39:29	18.81	0.01	26	48906	买盘
09:39:24	18.8	-0.01	70	131600	卖盘
09:39:19	18.81	-0.01	226	425106	卖盘
09:39:14	18.82	0.01	21	39522	买盘
09:39:09	18.81	-0.01	50	94050	卖盘
09:39:04	18.82	--	12	22584	买盘
09:38:58	18.82	0.01	58	109156	买盘
09:38:54	18.81	-0.01	150	282150	卖盘
09:38:49	18.82	--	44	82808	卖盘
09:38:43	18.82	--	13	24466	卖盘
09:38:39	18.82	-0.02	20	37640	中性盘
09:38:34	18.84	0.03	10	18840	买盘
09:38:28	18.81	-0.03	3	5643	卖盘
09:38:13	18.84	0.03	2	3768	买盘
09:38:09	18.81	--	15	28214	买盘
09:38:04	18.81	-0.03	160	300960	卖盘
09:37:58	18.84	0.03	3	5652	中性盘
09:37:54	18.81	--	2	3761	卖盘
09:37:49	18.81	--	212	398772	卖盘
09:37:43	18.81	0.01	5	9405	买盘
09:37:34	18.8	--	15	28200	卖盘
09:37:28	18.8	0.02	134	251920	买盘
09:37:24	18.78	-0.02	28	52584	卖盘
09:37:19	18.8	--	10	18800	买盘
09:37:13	18.8	0.01	49	92120	买盘
09:37:09	18.79	0.02	52	97708	买盘
09:37:04	18.77	--	50	93850	卖盘
09:36:58	18.77	--	5	9385	卖盘
09:36:53	18.77	--	12	22524	卖盘
09:36:49	18.77	--	11	20647	卖盘
09:36:43	18.77	--	10	18770	卖盘
09:36:38	18.77	--	38	71326	买盘
09:36:28	18.77	--	16	30032	买盘
09:36:23	18.77	--	60	112620	买盘
09:36:19	18.77	--	1	1877	买盘
09:36:13	18.77	--	27	50679	买盘
09:36:04	18.77	0.01	32	60064	买盘
09:35:58	18.76	0.01	10	18760	中性盘
09:35:53	18.75	-0.01	20	37500	卖盘
09:35:48	18.76	--	44	82544	卖盘
09:35:43	18.76	0.01	55	103180	卖盘
09:35:33	18.75	-0.01	83	155625	卖盘
09:35:28	18.76	--	3	5628	买盘
09:35:23	18.76	-0.03	11	20636	买盘
09:35:18	18.79	0.01	156	293124	买盘
09:35:13	18.78	--	32	60096	买盘
09:35:08	18.78	0.01	18	33804	买盘
09:35:03	18.77	0.01	83	155791	买盘
09:34:58	18.76	0.01	13	24388	买盘
09:34:53	18.75	-0.01	3	5625	卖盘
09:34:48	18.76	--	0	0	买盘
09:34:43	18.76	0.02	56	105056	买盘
09:34:38	18.74	--	22	41228	卖盘
09:34:33	18.74	--	4	7495	卖盘
09:34:28	18.74	--	24	44975	卖盘
09:34:23	18.74	0.04	25	46849	买盘
09:34:18	18.7	-0.04	88	164560	卖盘
09:34:13	18.74	--	100	187399	买盘
09:34:08	18.74	--	50	93699	买盘
09:34:03	18.74	--	29	54345	买盘
09:33:58	18.74	-0.01	94	176155	卖盘
09:33:53	18.75	--	5	9375	买盘
09:33:43	18.75	0.01	43	80625	买盘
09:33:38	18.74	--	3	5621	买盘
09:33:33	18.74	0.02	321	601554	买盘
09:33:28	18.72	-0.01	33	61775	卖盘
09:33:23	18.73	0.01	40	74920	买盘
09:33:18	18.72	0.03	78	146016	中性盘
09:33:13	18.69	-0.03	33	61677	卖盘
09:33:08	18.72	--	2	3744	卖盘
09:33:03	18.72	0.03	16	29952	买盘
09:32:57	18.69	--	140	261660	卖盘
09:32:53	18.69	--	18	33642	卖盘
09:32:48	18.69	--	3	5607	卖盘
09:32:43	18.69	0.06	4	7476	中性盘
09:32:38	18.63	-0.08	27	50301	卖盘
09:32:33	18.71	0.06	5	9355	买盘
09:32:28	18.65	-0.07	2	3729	卖盘
09:32:22	18.72	--	8	14976	买盘
09:32:13	18.72	-0.04	54	101088	卖盘
09:32:07	18.76	0.04	10	18760	买盘
09:32:03	18.72	-0.02	9	16848	卖盘
09:31:58	18.74	0.08	126	236123	买盘
09:31:52	18.66	-0.06	31	57846	卖盘
09:31:48	18.72	-0.02	2	3744	买盘
09:31:43	18.74	-0.03	58	108691	卖盘
09:31:37	18.77	--	76	142652	买盘
09:31:33	18.77	-0.01	3	5631	中性盘
09:31:27	18.78	--	61	114558	买盘
09:31:22	18.78	--	139	261042	买盘
09:31:18	18.78	0.07	30	56340	买盘
09:31:13	18.71	0.01	16	29936	中性盘
09:31:07	18.7	0.01	41	76670	买盘
09:30:57	18.69	--	60	112140	卖盘
09:30:43	18.69	0.02	290	542010	买盘
09:30:37	18.67	0.01	27	50409	买盘
09:30:32	18.66	--	71	132486	买盘
09:30:28	18.66	0.06	6	11196	买盘
09:30:22	18.6	-0.05	18	33480	卖盘
09:30:17	18.65	0.05	23	42895	买盘
09:30:13	18.6	--	41	76260	卖盘
09:30:07	18.6	--	464	863040	买盘
09:28:46	18.6	--	0	0	买盘
09:25:07	18.6	18.6	291	541260	买盘
