成交时间	成交价	价格变动	成交量(手)	成交额(元)	性质
15:00:00	13.96	--	0	0	买盘
15:00:00	13.96	0.03	0	0	买盘
14:59:58	13.93	--	7	9751	买盘
14:59:52	13.93	0.02	41	57113	中性盘
14:59:43	13.91	0.01	13	18083	中性盘
14:59:37	13.9	-0.14	11	15290	卖盘
14:59:33	14.04	--	0	0	买盘
14:59:28	14.04	0.15	542	760968	买盘
14:59:22	13.89	-0.1	460	638940	卖盘
14:59:18	13.99	0.08	1902	2660898	买盘
14:59:07	13.91	0.02	372	517452	买盘
14:59:02	13.89	--	96	133344	买盘
14:58:52	13.89	-0.01	26	36114	卖盘
14:58:48	13.9	0.01	33	45870	买盘
14:58:42	13.89	--	50	69450	卖盘
14:58:33	13.89	--	102	141678	卖盘
14:58:27	13.89	--	18	25002	买盘
14:58:18	13.89	--	72	100008	买盘
14:58:07	13.89	0.01	25	34725	买盘
14:58:02	13.88	-0.01	41	56908	卖盘
14:57:57	13.89	0.01	4	5556	买盘
14:57:47	13.88	-0.01	50	69400	卖盘
14:57:42	13.89	--	10	13890	买盘
14:57:37	13.89	--	17	23613	卖盘
14:57:22	13.89	--	8	11112	卖盘
14:57:17	13.89	--	44	61116	买盘
14:57:07	13.89	0.01	46	63894	买盘
14:57:02	13.88	-0.01	73	101324	卖盘
14:56:52	13.89	--	111	154179	买盘
14:56:47	13.89	--	8	11112	买盘
14:56:42	13.89	--	3	4167	买盘
14:56:32	13.89	-0.01	21	29169	卖盘
14:56:22	13.9	0.02	300	417000	买盘
14:56:12	13.88	-0.01	307	426116	卖盘
14:56:07	13.89	--	5	6945	卖盘
14:56:01	13.89	--	15	20835	卖盘
14:55:52	13.89	--	3	4167	卖盘
14:55:46	13.89	--	32	44448	卖盘
14:55:22	13.89	-0.01	57	79173	卖盘
14:55:07	13.9	--	40	55600	买盘
14:55:01	13.9	--	16	22240	卖盘
14:54:52	13.9	--	5	6950	卖盘
14:54:46	13.9	0.01	97	134830	买盘
14:54:42	13.89	--	43	59727	卖盘
14:54:37	13.89	--	8	11112	卖盘
14:54:27	13.89	-0.01	6	8334	卖盘
14:54:12	13.9	--	1	1390	买盘
14:54:01	13.9	--	100	139000	买盘
14:53:46	13.9	0.01	5	6950	买盘
14:53:37	13.89	--	7	9723	卖盘
14:53:31	13.89	-0.01	141	195849	卖盘
14:53:12	13.9	--	29	40310	买盘
14:53:01	13.9	--	45	62550	卖盘
14:52:57	13.9	--	20	27800	卖盘
14:52:52	13.9	--	36	50040	卖盘
14:52:46	13.9	--	20	27800	卖盘
14:52:42	13.9	--	2	2780	卖盘
14:52:37	13.9	--	10	13900	卖盘
14:52:22	13.9	-0.01	6	8340	卖盘
14:52:16	13.91	--	47	65377	买盘
14:52:07	13.91	--	45	62595	买盘
14:52:01	13.91	--	10	13910	买盘
14:51:31	13.91	0.01	13	18083	买盘
14:51:26	13.9	--	6	8340	卖盘
14:51:11	13.9	--	4	5560	卖盘
14:51:06	13.9	--	5	6950	卖盘
14:51:01	13.9	--	1	1390	买盘
14:50:51	13.9	--	0	0	中性盘
14:50:41	13.9	-0.01	10	13900	卖盘
14:49:56	13.91	--	49	68159	卖盘
14:49:41	13.91	--	3	4173	买盘
14:49:31	13.91	--	213	296283	卖盘
14:49:25	13.91	--	13	18083	买盘
14:49:21	13.91	--	7	9737	卖盘
14:49:10	13.91	--	20	27820	卖盘
14:49:01	13.91	--	74	102934	买盘
14:48:50	13.91	-0.01	63	87633	卖盘
14:48:46	13.92	0.01	5	6960	买盘
14:48:25	13.91	--	66	91806	卖盘
14:48:20	13.91	--	1	1391	卖盘
14:48:01	13.91	--	25	34775	卖盘
14:47:54	13.91	--	5	6955	卖盘
14:47:40	13.91	--	9	12519	买盘
14:47:31	13.91	-0.03	22	30602	卖盘
14:47:25	13.94	0.01	129	179826	买盘
14:47:21	13.93	--	10	13930	买盘
14:47:16	13.93	0.01	19	26467	中性盘
14:47:10	13.92	--	0	0	卖盘
14:47:01	13.92	0.01	203	282576	买盘
14:46:46	13.91	-0.01	10	13910	卖盘
14:46:25	13.92	0.01	5	6960	买盘
14:46:10	13.91	--	91	126581	买盘
14:46:05	13.91	--	16	22256	买盘
14:45:55	13.91	0.01	3	4173	买盘
14:45:40	13.9	--	102	141780	买盘
14:45:36	13.9	--	4	5560	买盘
14:45:25	13.9	0.01	10	13900	买盘
14:45:16	13.89	--	20	27780	卖盘
14:45:00	13.89	0.01	123	170847	买盘
14:44:55	13.88	--	88	122144	买盘
14:44:45	13.88	--	10	13880	买盘
14:44:35	13.88	--	24	33312	买盘
14:44:30	13.88	--	5	6940	买盘
14:44:20	13.88	--	146	202648	买盘
14:44:15	13.88	-0.01	2	2776	中性盘
14:44:10	13.89	0.01	43	59727	买盘
14:44:05	13.88	--	10	13880	卖盘
14:44:00	13.88	0.01	13	18044	卖盘
14:43:55	13.87	-0.01	62	85994	卖盘
14:43:50	13.88	--	30	41640	买盘
14:43:35	13.88	--	10	13880	买盘
14:43:30	13.88	-0.01	3	4164	卖盘
14:43:20	13.89	--	2	2778	卖盘
14:43:10	13.89	0.02	40	55560	买盘
14:42:50	13.87	-0.01	7	9709	卖盘
14:42:45	13.88	0.01	5	6940	卖盘
14:42:34	13.87	--	0	0	卖盘
14:42:29	13.87	-0.02	201	278787	卖盘
14:42:25	13.89	--	8	11112	买盘
14:42:19	13.89	--	46	63894	买盘
14:41:59	13.89	--	18	25002	卖盘
14:41:55	13.89	-0.01	1	1389	卖盘
14:41:25	13.9	--	2	2780	买盘
14:41:18	13.9	0.02	2	2780	买盘
14:41:00	13.88	--	2	2776	买盘
14:40:49	13.88	--	0	0	买盘
14:40:40	13.88	0.01	27	37476	卖盘
14:40:25	13.87	-0.03	163	226081	卖盘
14:40:19	13.9	0.02	41	56990	买盘
14:40:10	13.88	-0.02	2	2776	卖盘
14:39:55	13.9	--	11	15290	卖盘
14:39:49	13.9	--	3	4170	卖盘
14:39:44	13.9	--	11	15290	卖盘
14:39:40	13.9	0.01	35	48650	买盘
14:39:34	13.89	0.01	34	47226	买盘
14:39:29	13.88	-0.01	191	265108	卖盘
14:39:19	13.89	-0.01	19	26391	卖盘
14:38:34	13.9	-0.02	1	1390	卖盘
14:38:19	13.92	--	0	0	买盘
14:38:09	13.92	--	31	43152	买盘
14:37:33	13.92	0.03	170	236640	买盘
14:37:09	13.89	--	10	13890	卖盘
14:36:59	13.89	-0.02	10	13890	卖盘
14:36:49	13.91	0.02	102	141882	买盘
14:36:44	13.89	0.01	17	23613	买盘
14:36:33	13.88	--	68	94384	卖盘
14:36:29	13.88	--	2	2776	卖盘
14:36:14	13.88	--	20	27760	卖盘
14:35:58	13.88	-0.01	8	11104	卖盘
14:35:49	13.89	--	4	5556	卖盘
14:35:39	13.89	0.01	6	8334	买盘
14:35:34	13.88	-0.01	41	56908	卖盘
14:35:28	13.89	0.01	16	22224	买盘
14:35:23	13.88	--	40	55520	卖盘
14:35:19	13.88	--	6	8328	卖盘
14:34:58	13.88	--	64	88832	卖盘
14:34:19	13.88	-0.02	200	277600	卖盘
14:34:13	13.9	0.01	2	2780	买盘
14:34:04	13.89	-0.01	60	83340	卖盘
14:33:49	13.9	--	6	8340	买盘
14:33:04	13.9	-0.01	20	27800	买盘
14:32:43	13.91	--	16	22256	买盘
14:32:28	13.91	--	0	0	买盘
14:32:18	13.91	0.01	32	44512	买盘
14:32:09	13.9	--	7	9730	卖盘
14:31:33	13.9	--	0	0	卖盘
14:31:28	13.9	--	30	41700	卖盘
14:31:13	13.9	--	18	25020	买盘
14:31:08	13.9	--	2	2780	买盘
14:31:03	13.9	--	3	4170	卖盘
14:30:53	13.9	--	2	2780	买盘
14:30:23	13.9	--	13	18070	买盘
14:30:13	13.9	-0.01	95	132050	卖盘
14:30:08	13.91	--	0	0	中性盘
14:29:48	13.91	--	20	27820	卖盘
14:29:43	13.91	--	22	30602	卖盘
14:29:32	13.91	--	10	13910	卖盘
14:28:52	13.91	--	50	69550	卖盘
14:28:47	13.91	--	0	0	卖盘
14:28:37	13.91	--	32	44512	卖盘
14:28:17	13.91	--	17	23647	卖盘
14:27:36	13.91	--	1	1391	卖盘
14:26:52	13.91	--	2	2782	买盘
14:26:43	13.91	--	98	136318	卖盘
14:26:32	13.91	--	2	2782	买盘
14:26:21	13.91	0.01	20	27820	买盘
14:26:18	13.9	--	7	9730	卖盘
14:26:12	13.9	-0.01	200	278000	卖盘
14:25:37	13.91	-0.02	84	116844	卖盘
14:25:21	13.93	--	0	0	买盘
14:25:13	13.93	--	0	0	买盘
14:25:03	13.93	0.01	11	15323	买盘
14:24:58	13.92	--	15	20880	卖盘
14:24:42	13.92	-0.01	11	15312	卖盘
14:24:17	13.93	--	1	1393	买盘
14:23:47	13.93	--	0	0	买盘
14:23:32	13.93	0.02	19	26467	买盘
14:23:12	13.91	--	7	9737	卖盘
14:23:02	13.91	-0.01	24	33384	卖盘
14:22:37	13.92	--	27	37584	卖盘
14:22:26	13.92	--	1	1392	卖盘
14:22:16	13.92	--	10	13920	卖盘
14:21:45	13.92	-0.01	6	8352	卖盘
14:21:30	13.93	0.01	100	139300	买盘
14:21:26	13.92	-0.01	2	2784	卖盘
14:21:11	13.93	-0.01	67	93331	卖盘
14:21:07	13.94	--	33	46002	卖盘
14:20:51	13.94	0.01	15	20910	买盘
14:20:45	13.93	-0.01	1	1393	卖盘
14:20:41	13.94	--	10	13940	卖盘
14:20:37	13.94	--	10	13940	买盘
14:20:31	13.94	--	1	1394	买盘
14:20:16	13.94	--	9	12546	买盘
14:20:00	13.94	0.01	3	4182	买盘
14:19:41	13.93	--	4	5572	买盘
14:19:06	13.93	0.03	8	11144	买盘
14:18:56	13.9	-0.02	100	139000	卖盘
14:18:51	13.92	0.01	7	9744	买盘
14:18:45	13.91	-0.01	30	41730	卖盘
14:18:36	13.92	0.01	5	6960	买盘
14:18:30	13.91	-0.01	164	228124	卖盘
14:18:15	13.92	--	92	128064	卖盘
14:18:11	13.92	-0.01	130	180960	卖盘
14:17:41	13.93	--	4	5572	买盘
14:17:30	13.93	--	5	6965	买盘
14:17:21	13.93	--	8	11144	卖盘
14:17:06	13.93	--	20	27860	卖盘
14:16:30	13.93	--	12	16716	卖盘
14:16:26	13.93	--	21	29253	买盘
14:16:15	13.93	--	14	19502	卖盘
14:16:11	13.93	--	50	69650	卖盘
14:15:51	13.93	--	6	8358	买盘
14:15:39	13.93	--	50	69650	买盘
14:15:31	13.93	--	30	41790	买盘
14:15:20	13.93	--	8	11144	卖盘
14:15:09	13.93	--	130	181090	卖盘
14:14:54	13.93	--	1	1393	卖盘
14:14:50	13.93	--	14	19502	卖盘
14:14:30	13.93	-0.02	66	91938	卖盘
14:14:24	13.95	--	0	0	买盘
14:14:15	13.95	--	10	13950	买盘
14:13:50	13.95	0.01	54	75330	买盘
14:13:45	13.94	--	3	4182	买盘
14:13:39	13.94	--	8	11152	买盘
14:13:00	13.94	--	42	58548	卖盘
14:12:39	13.94	--	40	55760	卖盘
14:12:30	13.94	--	92	128248	买盘
14:12:24	13.94	--	52	72488	买盘
14:12:20	13.94	--	5	6970	买盘
14:12:16	13.94	--	4	5576	买盘
14:12:09	13.94	-0.01	57	79458	卖盘
14:11:54	13.95	0.01	6	8370	买盘
14:11:45	13.94	--	83	115702	卖盘
14:11:39	13.94	--	50	69700	卖盘
14:11:24	13.94	-0.01	30	41820	卖盘
14:11:15	13.95	--	5	6975	买盘
14:10:54	13.95	--	39	54405	卖盘
14:10:50	13.95	-0.03	10	13950	卖盘
14:10:24	13.98	--	6	8388	买盘
14:10:05	13.98	--	5	6990	买盘
14:09:35	13.98	--	6	8751	卖盘
14:09:24	13.98	-0.01	26	36348	卖盘
14:09:09	13.99	0.01	35	48965	买盘
14:09:05	13.98	--	6	8388	卖盘
14:09:00	13.98	-0.01	100	139800	卖盘
14:08:54	13.99	0.01	153	214047	买盘
14:08:39	13.98	--	60	83880	卖盘
14:08:33	13.98	--	53	74094	卖盘
14:08:14	13.98	--	2	2796	卖盘
14:07:39	13.98	--	53	74094	卖盘
14:07:33	13.98	-0.01	20	27960	卖盘
14:07:29	13.99	0.01	8	11192	买盘
14:07:24	13.98	--	24	33552	卖盘
14:07:18	13.98	-0.01	1	1398	卖盘
14:07:09	13.99	0.01	10	13990	买盘
14:06:59	13.98	--	40	55920	卖盘
14:06:54	13.98	--	100	139800	卖盘
14:06:48	13.98	-0.01	15	20970	卖盘
14:06:39	13.99	--	11	15389	买盘
14:06:33	13.99	--	3	4197	买盘
14:06:29	13.99	--	142	198658	卖盘
14:06:24	13.99	-0.01	151	211249	卖盘
14:06:09	14.0	0.01	5	7000	买盘
14:06:03	13.99	-0.01	1	1399	卖盘
14:05:54	14.0	0.01	140	196000	买盘
14:05:48	13.99	-0.01	80	111920	卖盘
14:05:44	14.0	0.01	7	9800	买盘
14:05:33	13.99	-0.01	77	107723	卖盘
14:05:29	14.0	0.01	153	214200	买盘
14:05:24	13.99	-0.01	60	83940	卖盘
14:05:18	14.0	0.01	123	172200	买盘
14:05:09	13.99	--	185	258815	卖盘
14:05:03	13.99	--	51	71349	卖盘
14:04:59	13.99	--	20	27980	卖盘
14:04:54	13.99	0.01	293	409907	买盘
14:04:33	13.98	--	42	58716	卖盘
14:04:29	13.98	0.05	426	596582	买盘
14:04:24	13.93	-0.01	11	15323	卖盘
14:04:14	13.94	--	20	27880	买盘
14:04:03	13.94	--	53	73882	买盘
14:03:44	13.94	--	7	9758	卖盘
14:03:39	13.94	-0.01	23	32062	卖盘
14:03:33	13.95	--	0	0	买盘
14:03:29	13.95	0.01	3	4185	买盘
14:03:24	13.94	-0.01	10	13940	卖盘
14:03:18	13.95	--	7	9765	买盘
14:03:09	13.95	-0.02	16	22320	卖盘
14:02:54	13.97	--	0	0	买盘
14:02:48	13.97	--	14	19558	买盘
14:02:29	13.97	--	99	138303	买盘
14:01:42	13.97	0.02	11	15367	买盘
14:01:33	13.95	--	150	209250	卖盘
14:01:18	13.95	--	0	0	卖盘
14:00:57	13.95	0.02	55	76725	买盘
14:00:12	13.93	0.01	94	130942	买盘
13:59:12	13.92	-0.02	41	57072	卖盘
13:59:03	13.94	0.01	1	1394	买盘
13:58:48	13.93	--	5	6965	买盘
13:58:42	13.93	--	0	0	中性盘
13:57:53	13.93	--	1	1393	卖盘
13:57:38	13.93	--	130	181090	卖盘
13:56:57	13.93	-0.01	8	11144	卖盘
13:56:53	13.94	--	20	27880	买盘
13:56:38	13.94	--	11	15334	买盘
13:56:23	13.94	0.01	4	5576	买盘
13:56:12	13.93	--	9	12537	卖盘
13:55:27	13.93	--	9	12537	买盘
13:55:21	13.93	--	2	2786	买盘
13:55:12	13.93	--	10	13930	买盘
13:54:51	13.93	--	100	139300	买盘
13:54:12	13.93	-0.01	21	29253	卖盘
13:53:57	13.94	0.01	21	29274	买盘
13:53:42	13.93	--	3	4179	买盘
13:53:27	13.93	--	50	69650	买盘
13:53:21	13.93	--	7	9751	卖盘
13:53:12	13.93	--	35	48755	买盘
13:53:02	13.93	--	75	104475	买盘
13:52:47	13.93	0.01	2	2786	买盘
13:52:02	13.92	-0.01	50	69600	卖盘
13:51:51	13.93	0.01	15	20895	买盘
13:51:47	13.92	--	1	1392	卖盘
13:51:21	13.92	--	12	16704	买盘
13:51:17	13.92	--	60	83520	买盘
13:51:06	13.92	--	8	11136	买盘
13:51:02	13.92	0.01	5	6960	买盘
13:50:36	13.91	-0.01	2	2782	卖盘
13:50:32	13.92	0.01	16	22272	买盘
13:50:21	13.91	-0.01	1	1391	卖盘
13:49:47	13.92	0.01	7	9744	买盘
13:49:42	13.91	-0.01	5	6955	买盘
13:49:36	13.92	--	0	0	买盘
13:48:42	13.92	--	10	13920	买盘
13:48:21	13.92	--	33	45936	买盘
13:48:11	13.92	0.02	7	9744	买盘
13:48:06	13.9	-0.02	53	73670	卖盘
13:47:41	13.92	-0.01	10	13920	卖盘
13:47:30	13.93	--	3	4179	卖盘
13:47:26	13.93	--	10	13930	卖盘
13:47:21	13.93	-0.01	5	6965	卖盘
13:47:15	13.94	--	21	29274	买盘
13:47:00	13.94	-0.01	10	13940	卖盘
13:46:36	13.95	--	26	36270	卖盘
13:46:26	13.95	--	50	69750	卖盘
13:46:21	13.95	-0.01	20	27900	卖盘
13:45:51	13.96	--	13	18148	买盘
13:45:36	13.96	--	1	1396	买盘
13:45:15	13.96	--	7	9772	买盘
13:45:00	13.96	--	25	34900	买盘
13:44:15	13.96	--	10	13960	买盘
13:44:11	13.96	--	14	19544	卖盘
13:43:41	13.96	--	11	15356	买盘
13:43:15	13.96	0.01	5	6980	买盘
13:43:00	13.95	--	5	6975	卖盘
13:42:56	13.95	-0.01	5	6975	卖盘
13:42:45	13.96	0.01	5	6980	买盘
13:42:36	13.95	--	0	0	卖盘
13:42:26	13.95	--	5	6975	卖盘
13:41:45	13.95	-0.02	5	6975	卖盘
13:41:35	13.97	0.02	10	13970	买盘
13:41:24	13.95	--	1	1395	卖盘
13:41:09	13.95	--	1	1395	卖盘
13:40:54	13.95	--	10	13950	卖盘
13:40:39	13.95	--	19	26505	卖盘
13:40:15	13.95	-0.03	2	2790	卖盘
13:40:09	13.98	--	0	0	买盘
13:40:05	13.98	0.01	8	11184	买盘
13:39:54	13.97	--	13	18161	卖盘
13:39:30	13.97	0.02	2	2794	买盘
13:39:24	13.95	-0.01	5	6975	卖盘
13:39:15	13.96	--	3	4188	买盘
13:39:09	13.96	-0.01	7	9772	卖盘
13:39:00	13.97	--	4	5588	买盘
13:38:39	13.97	--	5	6985	买盘
13:38:24	13.97	--	2	2794	买盘
13:38:09	13.97	--	850	1187450	卖盘
13:38:05	13.97	0.01	35	48895	买盘
13:38:00	13.96	-0.01	8	11168	卖盘
13:37:50	13.97	--	18	25146	买盘
13:37:45	13.97	--	75	104775	卖盘
13:37:20	13.97	-0.01	3	4191	卖盘
13:37:09	13.98	0.01	60	83880	买盘
13:37:05	13.97	-0.01	5	6985	卖盘
13:36:54	13.98	--	27	37746	卖盘
13:36:45	13.98	--	11	15378	卖盘
13:36:39	13.98	--	130	181740	卖盘
13:36:24	13.98	0.01	28	39144	买盘
13:36:15	13.97	--	2	2794	卖盘
13:35:50	13.97	0.01	1027	1434719	买盘
13:35:35	13.96	-0.01	10	13960	卖盘
13:35:03	13.97	--	23	32131	卖盘
13:34:54	13.97	-0.01	88	122936	卖盘
13:34:48	13.98	--	4	5592	卖盘
13:34:39	13.98	-0.01	1	1398	卖盘
13:34:24	13.99	--	0	0	买盘
13:33:48	13.99	--	6	8394	卖盘
13:33:39	13.99	--	45	62955	卖盘
13:33:33	13.99	--	15	20985	卖盘
13:33:29	13.99	--	15	20985	卖盘
13:33:24	13.99	--	107	149693	卖盘
13:33:18	13.99	0.03	12	16788	买盘
13:33:14	13.96	--	0	0	卖盘
13:33:09	13.96	-0.03	5	6980	卖盘
13:33:03	13.99	--	100	139900	买盘
13:32:59	13.99	--	40	55960	买盘
13:32:39	13.99	0.02	48	67152	买盘
13:32:33	13.97	--	20	27940	买盘
13:32:09	13.97	--	80	111760	卖盘
13:32:03	13.97	--	55	76835	卖盘
13:31:48	13.97	--	30	41910	卖盘
13:31:39	13.97	--	43	60071	买盘
13:31:18	13.97	-0.03	5	6985	卖盘
13:31:03	14.0	--	0	0	买盘
13:30:54	14.0	0.01	14	19600	买盘
13:30:48	13.99	-0.01	7	9793	买盘
13:30:44	14.0	--	0	0	买盘
13:30:39	14.0	--	0	0	买盘
13:30:29	14.0	0.05	22	30800	买盘
13:30:24	13.95	-0.05	3	4185	卖盘
13:30:14	14.0	--	100	140000	买盘
13:30:09	14.0	--	230	322000	买盘
13:30:03	14.0	-0.01	8	11564	卖盘
13:29:48	14.01	--	330	462330	买盘
13:29:44	14.01	0.02	350	490350	买盘
13:29:39	13.99	--	5	6995	卖盘
13:29:33	13.99	0.02	373	522862	买盘
13:29:18	13.97	-0.01	10	13970	中性盘
13:29:09	13.98	-0.01	20	27960	买盘
13:29:03	13.99	--	3	4197	买盘
13:28:48	13.99	--	4	5596	买盘
13:28:44	13.99	--	21	29379	卖盘
13:28:39	13.99	-0.01	15	20985	买盘
13:28:33	14.0	0.01	200	280000	买盘
13:28:18	13.99	-0.01	105	146895	买盘
13:28:12	14.0	--	0	0	买盘
13:28:03	14.0	--	42	58800	买盘
13:27:57	14.0	--	0	0	买盘
13:27:53	14.0	0.02	550	770000	买盘
13:27:48	13.98	--	0	0	买盘
13:27:42	13.98	0.02	370	517260	买盘
13:27:38	13.96	0.07	709	989764	买盘
13:27:33	13.89	-0.02	25	34725	卖盘
13:27:27	13.91	0.01	37	51467	买盘
13:27:12	13.9	--	10	13900	买盘
13:27:03	13.9	--	7	9730	买盘
13:26:33	13.9	--	60	83400	卖盘
13:26:27	13.9	--	21	29190	卖盘
13:26:12	13.9	--	23	31970	买盘
13:26:08	13.9	--	20	27800	买盘
13:25:48	13.9	0.01	91	126490	买盘
13:25:27	13.89	0.01	111	154179	买盘
13:25:23	13.88	0.01	27	37476	买盘
13:25:12	13.87	0.01	180	249660	买盘
13:24:48	13.86	0.01	302	418572	买盘
13:24:27	13.85	0.01	202	279770	买盘
13:24:18	13.84	--	0	0	中性盘
13:24:08	13.84	--	16	22144	买盘
13:23:53	13.84	--	30	41520	买盘
13:23:27	13.84	0.01	7	9688	买盘
13:23:08	13.83	-0.01	10	13830	卖盘
13:22:23	13.84	--	8	11072	卖盘
13:22:12	13.84	--	6	8304	买盘
13:22:03	13.84	--	3	4152	买盘
13:21:51	13.84	--	1	1384	卖盘
13:21:36	13.84	--	5	6920	买盘
13:21:06	13.84	-0.01	11	15224	卖盘
13:20:57	13.85	--	10	13850	买盘
13:20:42	13.85	0.01	3	4155	买盘
13:20:36	13.84	-0.01	5	6920	卖盘
13:20:27	13.85	--	5	6925	买盘
13:20:12	13.85	--	219	303315	卖盘
13:20:06	13.85	--	39	54015	卖盘
13:19:47	13.85	--	18	24930	买盘
13:19:32	13.85	--	5	6925	买盘
13:19:12	13.85	-0.01	20	27700	卖盘
13:18:42	13.86	0.01	150	207900	买盘
13:18:27	13.85	--	6	8310	买盘
13:17:42	13.85	--	20	27700	买盘
13:17:36	13.85	--	24	33240	卖盘
13:17:27	13.85	--	26	36010	买盘
13:17:21	13.85	--	5	6925	买盘
13:17:12	13.85	--	0	0	买盘
13:17:06	13.85	--	6	8310	买盘
13:17:02	13.85	--	50	69250	买盘
13:16:51	13.85	-0.01	152	210520	卖盘
13:16:42	13.86	--	20	27720	买盘
13:16:36	13.86	0.01	3	4158	买盘
13:16:17	13.85	-0.01	65	90025	卖盘
13:16:06	13.86	--	12	16632	买盘
13:16:01	13.86	--	212	293832	买盘
13:15:51	13.86	--	17	23562	买盘
13:15:36	13.86	--	1	1386	买盘
13:14:41	13.86	0.01	5	6930	买盘
13:14:26	13.85	--	115	159275	买盘
13:13:51	13.85	--	5	6925	买盘
13:13:30	13.85	0.02	15	20775	买盘
13:12:56	13.83	--	0	0	卖盘
13:12:45	13.83	--	170	235110	卖盘
13:10:51	13.83	0.01	87	120321	买盘
13:10:41	13.82	--	1	1382	买盘
13:10:30	13.82	--	132	182424	卖盘
13:09:56	13.82	-0.01	8	11056	卖盘
13:09:15	13.83	--	1	1383	买盘
13:08:51	13.83	--	44	60852	买盘
13:08:30	13.83	--	5	6915	买盘
13:08:15	13.83	--	5	6915	买盘
13:07:24	13.83	--	1	1383	买盘
13:06:54	13.83	0.01	100	138300	买盘
13:06:50	13.82	--	100	138200	卖盘
13:06:39	13.82	--	2	2764	卖盘
13:04:50	13.82	--	10	13820	买盘
13:04:24	13.82	--	43	59426	卖盘
13:03:45	13.82	-0.01	15	20730	卖盘
13:03:09	13.83	--	17	23511	买盘
13:02:50	13.83	--	1	1383	买盘
13:02:05	13.83	--	13	17979	买盘
13:01:54	13.83	--	14	19362	卖盘
13:01:39	13.83	--	1	1383	卖盘
13:01:18	13.83	--	3	4149	卖盘
13:00:09	13.83	-0.02	23	31809	卖盘
13:00:03	13.85	0.03	73	101105	买盘
11:30:00	13.82	--	0	0	卖盘
11:30:00	13.82	--	0	0	卖盘
11:29:59	13.82	--	17	23494	卖盘
11:29:55	13.82	--	0	0	卖盘
11:29:26	13.82	--	5	6910	卖盘
11:29:15	13.82	-0.01	58	80156	卖盘
11:29:06	13.83	--	20	27660	买盘
11:29:00	13.83	-0.02	44	60852	卖盘
11:28:15	13.85	--	71	98335	买盘
11:28:10	13.85	0.01	5	6925	买盘
11:28:06	13.84	-0.01	8	11072	卖盘
11:27:51	13.85	--	5	6925	买盘
11:27:45	13.85	--	3	4155	卖盘
11:27:36	13.85	-0.01	10	13850	卖盘
11:26:40	13.86	--	5	6930	买盘
11:26:25	13.86	--	16	22176	买盘
11:26:15	13.86	--	0	0	买盘
11:25:55	13.86	--	0	0	买盘
11:25:50	13.86	0.03	80	110880	买盘
11:25:45	13.83	-0.01	2	2766	卖盘
11:25:30	13.84	--	27	37368	买盘
11:25:09	13.84	--	4	5536	买盘
11:24:35	13.84	--	30	41520	买盘
11:24:15	13.84	-0.01	46	63664	卖盘
11:24:05	13.85	--	2	2770	买盘
11:23:24	13.85	-0.01	24	33240	卖盘
11:23:15	13.86	--	8	11088	买盘
11:23:00	13.86	--	25	34650	买盘
11:22:54	13.86	0.01	2	2772	买盘
11:22:35	13.85	--	13	18005	买盘
11:22:15	13.85	--	5	6925	买盘
11:22:09	13.85	0.01	10	13850	买盘
11:21:54	13.84	-0.01	32	44288	卖盘
11:21:45	13.85	0.01	2	2770	买盘
11:21:39	13.84	0.01	247	341848	买盘
11:20:54	13.83	0.01	2	2766	买盘
11:20:34	13.82	-0.01	4	5528	卖盘
11:20:04	13.83	0.01	6	8298	买盘
11:19:54	13.82	--	12	16584	卖盘
11:19:49	13.82	0.01	10	13820	中性盘
11:19:29	13.81	--	1	1381	卖盘
11:19:09	13.81	-0.01	7	9667	卖盘
11:18:54	13.82	--	70	96740	卖盘
11:18:48	13.82	-0.01	91	125762	卖盘
11:18:39	13.83	0.01	10	13830	买盘
11:18:24	13.82	-0.01	1	1382	卖盘
11:18:03	13.83	--	10	13830	买盘
11:17:39	13.83	--	1	1383	买盘
11:17:33	13.83	--	3	4149	买盘
11:17:29	13.83	-0.01	10	13830	卖盘
11:17:03	13.84	--	0	0	买盘
11:16:59	13.84	--	51	70584	买盘
11:16:48	13.84	--	0	0	买盘
11:16:33	13.84	--	2	2768	买盘
11:16:29	13.84	0.01	2	2768	买盘
11:16:24	13.83	--	33	45639	买盘
11:16:13	13.83	0.02	1	1383	买盘
11:15:39	13.81	--	0	0	卖盘
11:14:54	13.81	-0.02	5	6905	卖盘
11:14:33	13.83	0.01	2	2766	买盘
11:14:29	13.82	0.01	9	12438	买盘
11:14:18	13.81	-0.01	10	13810	卖盘
11:13:33	13.82	-0.01	2	2764	卖盘
11:13:18	13.83	-0.01	1	1383	买盘
11:13:13	13.84	--	0	0	买盘
11:12:48	13.84	--	50	69200	买盘
11:12:43	13.84	--	6	8304	买盘
11:12:28	13.84	--	1	1384	买盘
11:12:18	13.84	--	0	0	买盘
11:12:12	13.84	0.02	30	41520	买盘
11:12:08	13.82	0.02	7	9674	卖盘
11:12:03	13.8	--	0	0	卖盘
11:11:57	13.8	--	0	0	卖盘
11:11:53	13.8	--	0	0	卖盘
11:11:38	13.8	--	0	0	卖盘
11:11:08	13.8	0.01	131	180780	买盘
11:11:03	13.79	--	5	6895	卖盘
11:10:57	13.79	--	98	135142	买盘
11:10:48	13.79	0.01	2	2758	买盘
11:10:08	13.78	-0.01	22	30316	卖盘
11:09:57	13.79	0.01	5	6895	买盘
11:09:48	13.78	--	30	41340	卖盘
11:09:42	13.78	--	10	13780	卖盘
11:09:38	13.78	--	22	30316	卖盘
11:09:33	13.78	--	85	117130	买盘
11:09:11	13.78	0.01	35	48230	买盘
11:09:08	13.77	--	50	68850	卖盘
11:08:57	13.77	--	5	6885	卖盘
11:08:53	13.77	--	5	6885	卖盘
11:08:48	13.77	-0.01	150	206550	卖盘
11:08:42	13.78	--	45	62010	买盘
11:08:33	13.78	--	7	9646	买盘
11:08:27	13.78	--	3	4134	买盘
11:08:23	13.78	--	10	13780	买盘
11:08:18	13.78	--	28	38584	买盘
11:08:12	13.78	--	1	1378	买盘
11:08:08	13.78	--	172	237016	卖盘
11:07:41	13.78	-0.01	28	38584	卖盘
11:07:07	13.79	--	4	5516	卖盘
11:06:37	13.79	--	1	1379	卖盘
11:06:32	13.79	--	56	77224	卖盘
11:06:27	13.79	--	16	22064	卖盘
11:05:57	13.79	-0.01	107	147553	卖盘
11:05:52	13.8	0.01	10	13800	买盘
11:05:20	13.79	--	25	34475	卖盘
11:05:11	13.79	-0.01	300	413700	卖盘
11:04:56	13.8	--	6	8280	买盘
11:04:27	13.8	--	8	11040	买盘
11:04:21	13.8	--	58	80040	买盘
11:04:05	13.8	0.01	8	11040	买盘
11:03:51	13.79	--	11	15168	卖盘
11:03:32	13.79	-0.01	25	34475	卖盘
11:03:27	13.8	--	6	8280	买盘
11:02:47	13.8	0.01	3	4140	买盘
11:02:21	13.79	-0.01	1	1379	卖盘
11:02:12	13.8	0.01	9	12420	买盘
11:01:57	13.79	--	6	8274	买盘
11:01:47	13.79	-0.01	22	30337	卖盘
11:01:41	13.8	--	42	57960	买盘
11:01:36	13.8	--	54	74520	买盘
11:01:26	13.8	--	5	6900	买盘
11:01:21	13.8	0.01	7	9660	买盘
11:01:02	13.79	--	10	13790	买盘
11:00:01	13.79	--	5	6895	买盘
10:59:56	13.79	0.01	3	4137	买盘
10:58:59	13.78	-0.01	10	13780	卖盘
10:58:44	13.79	0.01	2	2758	买盘
10:58:14	13.78	-0.01	200	275600	卖盘
10:58:06	13.79	-0.01	2	2758	卖盘
10:57:29	13.8	0.02	4	5520	买盘
10:57:21	13.78	-0.01	10	13780	卖盘
10:56:51	13.79	-0.01	5	6895	买盘
10:56:35	13.8	--	0	0	买盘
10:56:29	13.8	0.02	17	23460	买盘
10:55:59	13.78	--	18	24804	卖盘
10:55:50	13.78	-0.01	43	59254	卖盘
10:55:45	13.79	--	5	6895	买盘
10:55:41	13.79	--	1	1379	买盘
10:55:35	13.79	--	2	2758	买盘
10:55:30	13.79	--	77	106183	卖盘
10:55:05	13.79	--	110	151690	买盘
10:54:51	13.79	--	54	74466	卖盘
10:54:44	13.79	-0.01	30	41370	卖盘
10:54:29	13.8	--	3	4140	买盘
10:54:26	13.8	--	2	2760	买盘
10:54:20	13.8	--	1	1380	买盘
10:54:06	13.8	--	3	4140	买盘
10:53:55	13.8	--	5	6900	买盘
10:53:25	13.8	0.02	2	2760	买盘
10:53:20	13.78	--	0	0	卖盘
10:52:44	13.78	-0.02	272	374816	卖盘
10:52:40	13.8	--	1	1380	买盘
10:52:29	13.8	--	4	5520	买盘
10:52:14	13.8	0.01	2	2760	买盘
10:52:09	13.79	-0.01	3	4137	卖盘
10:52:00	13.8	0.01	10	13800	买盘
10:51:53	13.79	-0.01	37	51023	卖盘
10:51:29	13.8	--	5	6900	买盘
10:51:24	13.8	--	2	2760	买盘
10:51:05	13.8	--	8	11040	买盘
10:50:54	13.8	0.01	5	6900	买盘
10:50:24	13.79	-0.01	45	62054	卖盘
10:50:15	13.8	--	12	16560	买盘
10:50:09	13.8	0.01	1	1380	买盘
10:49:59	13.79	-0.01	21	28959	卖盘
10:49:54	13.8	0.01	10	13800	买盘
10:49:49	13.79	--	0	0	中性盘
10:49:44	13.79	--	1	1379	买盘
10:49:39	13.79	0.01	118	162722	买盘
10:49:35	13.78	-0.01	20	27560	卖盘
10:49:29	13.79	--	127	175133	买盘
10:49:24	13.79	--	10	13790	买盘
10:49:09	13.79	--	48	66192	买盘
10:49:05	13.79	--	4	5516	买盘
10:48:54	13.79	--	18	24822	买盘
10:48:50	13.79	--	5	6895	买盘
10:48:29	13.79	--	10	13790	买盘
10:48:24	13.79	--	5	6895	买盘
10:48:09	13.79	--	2	2758	买盘
10:47:59	13.79	--	166	228914	买盘
10:47:45	13.79	--	1	1379	买盘
10:47:34	13.79	--	3	4137	买盘
10:47:19	13.79	--	25	34475	买盘
10:47:14	13.79	--	4	5516	买盘
10:47:08	13.79	--	5	6895	买盘
10:46:49	13.79	-0.01	52	71708	卖盘
10:46:39	13.8	0.01	23	31740	买盘
10:46:19	13.79	--	31	42749	卖盘
10:46:14	13.79	-0.01	2	2758	卖盘
10:45:53	13.8	--	100	138000	买盘
10:45:38	13.8	-0.04	191	263580	卖盘
10:45:33	13.84	--	0	0	买盘
10:45:17	13.84	--	0	0	买盘
10:44:38	13.84	--	5	6920	买盘
10:44:29	13.84	0.02	8	11072	买盘
10:44:23	13.82	-0.02	81	111942	中性盘
10:44:08	13.84	--	1	1384	买盘
10:44:03	13.84	--	10	13840	买盘
10:43:54	13.84	--	13	17992	买盘
10:43:47	13.84	-0.01	5	6920	买盘
10:43:43	13.85	--	0	0	买盘
10:43:28	13.85	--	34	47090	卖盘
10:43:23	13.85	-0.01	200	277000	卖盘
10:43:17	13.86	0.01	2	2772	买盘
10:43:13	13.85	--	100	138500	卖盘
10:43:02	13.85	0.08	699	968115	买盘
10:42:58	13.77	-0.02	334	459918	卖盘
10:42:54	13.79	--	19	26201	买盘
10:42:47	13.79	-0.01	34	46886	卖盘
10:42:32	13.8	--	25	34500	买盘
10:42:23	13.8	--	19	26220	买盘
10:42:14	13.8	--	8	11040	卖盘
10:42:08	13.8	--	0	0	卖盘
10:41:59	13.8	0.01	5	6900	卖盘
10:41:53	13.79	--	35	48265	卖盘
10:41:47	13.79	--	0	0	卖盘
10:41:44	13.79	--	15	20685	卖盘
10:41:38	13.79	-0.01	101	139279	卖盘
10:41:32	13.8	--	100	138000	买盘
10:41:18	13.8	--	2	2760	买盘
10:41:14	13.8	0.01	3	4140	买盘
10:40:58	13.79	--	8	11032	卖盘
10:40:32	13.79	--	20	27580	买盘
10:40:28	13.79	--	30	41370	卖盘
10:40:23	13.79	--	10	13790	买盘
10:40:13	13.79	--	2	2758	买盘
10:40:08	13.79	--	6	8274	买盘
10:40:02	13.79	--	55	75845	买盘
10:39:38	13.79	0.01	2	2758	买盘
10:39:23	13.78	--	30	41340	卖盘
10:39:17	13.78	-0.01	18	24804	卖盘
10:39:11	13.79	--	2	2758	买盘
10:39:08	13.79	0.01	3	4137	买盘
10:38:53	13.78	--	2	2756	卖盘
10:38:47	13.78	0.01	11	15158	买盘
10:38:41	13.77	--	46	63342	卖盘
10:38:32	13.77	-0.01	15	20655	卖盘
10:38:26	13.78	0.01	23	31694	买盘
10:38:11	13.77	-0.01	10	13770	卖盘
10:38:02	13.78	--	13	17914	买盘
10:37:56	13.78	--	19	26182	卖盘
10:37:53	13.78	--	3	4134	卖盘
10:37:32	13.78	--	3	4134	卖盘
10:37:17	13.78	-0.01	2	2756	卖盘
10:37:11	13.79	--	25	34475	买盘
10:37:07	13.79	--	7	9653	买盘
10:37:02	13.79	--	8	11032	卖盘
10:36:47	13.79	--	2	2758	卖盘
10:36:37	13.79	--	3	4137	卖盘
10:36:02	13.79	--	2	2758	买盘
10:35:56	13.79	--	7	9653	买盘
10:35:53	13.79	0.01	1	1379	买盘
10:35:32	13.78	-0.01	36	49608	卖盘
10:35:26	13.79	--	5	6895	买盘
10:35:22	13.79	--	37	51023	买盘
10:35:08	13.79	--	13	17927	买盘
10:34:47	13.79	0.01	16	22064	买盘
10:34:41	13.78	--	48	66144	卖盘
10:34:37	13.78	--	0	0	卖盘
10:34:17	13.78	--	93	128154	买盘
10:34:07	13.78	0.02	2	2756	买盘
10:34:02	13.76	--	6	8256	卖盘
10:33:56	13.76	-0.02	65	89605	卖盘
10:33:47	13.78	--	0	0	买盘
10:33:41	13.78	--	11	15158	买盘
10:33:37	13.78	0.02	85	117130	买盘
10:33:32	13.76	-0.02	5	6880	卖盘
10:33:26	13.78	-0.01	2	2756	买盘
10:33:22	13.79	--	502	692258	卖盘
10:33:11	13.79	--	76	104804	买盘
10:33:07	13.79	-0.01	5	6895	中性盘
10:33:02	13.8	0.02	3	4140	买盘
10:32:56	13.78	-0.01	150	206700	卖盘
10:32:50	13.79	-0.01	31	42749	卖盘
10:32:41	13.8	0.01	2	2760	买盘
10:32:35	13.79	--	56	77224	卖盘
10:32:26	13.79	--	10	13790	卖盘
10:32:17	13.79	--	89	122730	买盘
10:32:11	13.79	0.01	7	9653	买盘
10:31:56	13.78	-0.01	67	92326	卖盘
10:31:50	13.79	--	10	13790	买盘
10:31:41	13.79	--	2	2758	买盘
10:31:35	13.79	-0.01	284	391636	卖盘
10:31:32	13.8	--	17	23460	买盘
10:31:26	13.8	--	20	27600	买盘
10:31:20	13.8	--	7	9660	买盘
10:31:17	13.8	--	20	27600	买盘
10:31:11	13.8	--	36	49680	买盘
10:31:05	13.8	--	68	93840	买盘
10:30:56	13.8	--	23	31740	买盘
10:30:50	13.8	--	1	1380	买盘
10:30:46	13.8	0.01	16	22080	买盘
10:30:41	13.79	-0.01	18	24822	卖盘
10:30:35	13.8	--	3	4140	买盘
10:30:31	13.8	0.01	10	13800	买盘
10:30:26	13.79	--	51	70329	卖盘
10:30:20	13.79	--	10	13790	卖盘
10:30:17	13.79	--	68	93772	卖盘
10:30:11	13.79	-0.01	23	31716	卖盘
10:29:56	13.8	-0.01	110	153014	卖盘
10:29:50	13.81	--	30	41430	买盘
10:29:35	13.81	0.01	6	8286	买盘
10:29:26	13.8	-0.01	10	13800	卖盘
10:29:20	13.81	--	204	281724	买盘
10:29:11	13.81	--	22	30382	买盘
10:28:41	13.81	-0.01	6	8286	卖盘
10:28:35	13.82	--	92	127144	买盘
10:28:26	13.82	0.02	2	2764	买盘
10:28:17	13.8	--	140	193200	卖盘
10:28:05	13.8	-0.01	202	278760	卖盘
10:28:01	13.81	--	22	30382	买盘
10:27:56	13.81	--	132	182292	买盘
10:27:50	13.81	--	21	29001	买盘
10:27:46	13.81	-0.01	5	6905	卖盘
10:27:41	13.82	--	5	6910	买盘
10:27:31	13.82	--	10	13820	买盘
10:27:26	13.82	0.02	32	44224	买盘
10:27:20	13.8	-0.01	172	237498	卖盘
10:27:05	13.81	-0.02	50	69050	卖盘
10:27:01	13.83	0.02	6	8298	买盘
10:26:50	13.81	--	75	103575	卖盘
10:26:41	13.81	-0.02	4	5524	卖盘
10:26:20	13.83	--	150	207450	买盘
10:26:14	13.83	--	6	8298	买盘
10:25:50	13.83	0.03	2	2766	卖盘
10:25:44	13.8	--	0	0	卖盘
10:25:41	13.8	--	22	30360	卖盘
10:25:35	13.8	-0.04	492	678960	卖盘
10:25:29	13.84	--	2	2768	买盘
10:25:26	13.84	--	176	243584	卖盘
10:24:59	13.84	--	4	5536	卖盘
10:24:50	13.84	0.01	18	24912	卖盘
10:24:44	13.83	-0.02	100	138300	卖盘
10:24:41	13.85	--	62	85870	买盘
10:24:29	13.85	0.01	2	2770	买盘
10:24:25	13.84	0.01	46	63664	买盘
10:24:10	13.83	-0.01	432	597456	卖盘
10:24:05	13.84	--	43	59512	卖盘
10:23:29	13.84	0.03	4	5536	卖盘
10:23:20	13.81	--	0	0	卖盘
10:23:14	13.81	-0.02	223	307963	卖盘
10:23:10	13.83	-0.02	9	12447	卖盘
10:23:05	13.85	--	4	5540	买盘
10:22:59	13.85	0.04	35	48475	买盘
10:22:44	13.81	--	0	0	卖盘
10:22:40	13.81	--	0	0	卖盘
10:22:35	13.81	-0.02	500	690500	卖盘
10:22:29	13.83	--	0	0	卖盘
10:22:20	13.83	-0.03	21	29043	卖盘
10:22:14	13.86	0.01	2	2772	买盘
10:22:10	13.85	0.02	1	1385	买盘
10:22:05	13.83	-0.02	54	74682	卖盘
10:21:50	13.85	0.02	19	26315	买盘
10:21:44	13.83	--	61	84363	卖盘
10:21:35	13.83	-0.02	39	53937	卖盘
10:21:29	13.85	0.03	20	27700	买盘
10:21:25	13.82	--	0	0	卖盘
10:21:20	13.82	--	0	0	卖盘
10:21:14	13.82	-0.03	330	456060	卖盘
10:21:05	13.85	--	61	84485	卖盘
10:20:44	13.85	--	10	13850	卖盘
10:20:40	13.85	--	5	6925	卖盘
10:20:35	13.85	--	0	0	卖盘
10:20:29	13.85	-0.01	5	6925	卖盘
10:20:20	13.86	--	9	12474	买盘
10:20:14	13.86	--	21	29106	买盘
10:20:10	13.86	--	12	16632	买盘
10:19:35	13.86	--	22	30492	买盘
10:19:29	13.86	--	9	12474	买盘
10:19:23	13.86	--	2	2772	买盘
10:19:14	13.86	--	15	20790	买盘
10:19:08	13.86	--	2	2772	买盘
10:19:05	13.86	0.01	7	9702	买盘
10:18:23	13.85	0.01	44	60940	买盘
10:18:08	13.84	-0.01	1	1384	卖盘
10:18:05	13.85	--	2	2770	买盘
10:17:59	13.85	0.01	4	5540	买盘
10:17:29	13.84	--	45	62307	卖盘
10:17:08	13.84	--	5	6920	卖盘
10:16:59	13.84	--	16	22144	买盘
10:16:53	13.84	0.01	10	13840	买盘
10:16:49	13.83	-0.01	22	30426	卖盘
10:16:38	13.84	-0.01	10	13840	卖盘
10:16:23	13.85	--	19	26315	买盘
10:16:19	13.85	-0.01	8	11080	卖盘
10:16:14	13.86	--	0	0	买盘
10:16:08	13.86	0.01	135	187110	买盘
10:16:04	13.85	--	19	26315	卖盘
10:15:59	13.85	--	24	33240	卖盘
10:15:53	13.85	--	27	37395	卖盘
10:15:49	13.85	-0.01	1	1385	卖盘
10:15:29	13.86	--	2	2772	买盘
10:15:14	13.86	--	22	30492	买盘
10:14:53	13.86	--	7	9702	买盘
10:14:29	13.86	--	5	6930	买盘
10:14:23	13.86	--	69	95634	卖盘
10:14:04	13.86	0.03	91	126126	买盘
10:13:53	13.83	-0.01	2	2766	卖盘
10:13:49	13.84	-0.02	34	47056	卖盘
10:13:44	13.86	--	6	8316	买盘
10:13:34	13.86	--	3	4158	买盘
10:13:17	13.86	0.02	2	2772	买盘
10:13:08	13.84	--	0	0	卖盘
10:13:02	13.84	-0.03	2	2768	卖盘
10:12:59	13.87	0.06	1	1387	买盘
10:12:53	13.81	--	0	0	卖盘
10:12:47	13.81	--	0	0	卖盘
10:12:38	13.81	--	0	0	卖盘
10:12:32	13.81	-0.03	505	697405	卖盘
10:12:29	13.84	-0.01	10	13840	中性盘
10:12:14	13.85	0.03	29	40165	卖盘
10:11:53	13.82	--	0	0	卖盘
10:11:47	13.82	--	200	276400	卖盘
10:11:38	13.82	-0.06	900	1243800	卖盘
10:11:32	13.88	0.03	14	19432	买盘
10:11:29	13.85	--	0	0	卖盘
10:11:23	13.85	-0.03	4	5540	卖盘
10:11:13	13.88	0.03	1	1388	买盘
10:11:08	13.85	--	5	6925	卖盘
10:11:02	13.85	--	75	103875	买盘
10:10:47	13.85	--	102	141270	买盘
10:10:43	13.85	-0.04	723	1001355	卖盘
10:10:32	13.89	--	30	41670	买盘
10:10:23	13.89	-0.01	36	50004	卖盘
10:10:17	13.9	--	0	0	买盘
10:10:13	13.9	0.02	9	12510	买盘
10:10:08	13.88	-0.01	22	30536	卖盘
10:10:02	13.89	0.01	6	8334	卖盘
10:09:32	13.88	--	0	0	卖盘
10:09:23	13.88	--	0	0	卖盘
10:09:17	13.88	--	35	48580	卖盘
10:09:02	13.88	--	0	0	卖盘
10:08:32	13.88	--	0	0	卖盘
10:08:28	13.88	--	0	0	卖盘
10:08:23	13.88	-0.08	380	527440	卖盘
10:08:17	13.96	0.07	1055	1472780	买盘
10:07:43	13.89	--	0	0	中性盘
10:07:32	13.89	--	5	6945	买盘
10:07:17	13.89	--	11	15279	卖盘
10:06:56	13.89	-0.01	17	23613	卖盘
10:06:41	13.9	0.01	7	9730	买盘
10:06:17	13.89	-0.01	8	11112	卖盘
10:05:32	13.9	--	14	19460	买盘
10:05:26	13.9	0.01	10	13900	买盘
10:04:52	13.89	0.01	10	13890	买盘
10:04:47	13.88	-0.01	6	8328	卖盘
10:04:41	13.89	0.02	20	27780	买盘
10:04:37	13.87	--	13	18031	卖盘
10:04:17	13.87	--	0	0	卖盘
10:04:02	13.87	--	2	2774	卖盘
10:03:56	13.87	--	1	1387	卖盘
10:03:52	13.87	-0.02	3	4161	卖盘
10:03:47	13.89	--	0	0	买盘
10:03:41	13.89	0.02	5	6945	买盘
10:03:26	13.87	--	2	2774	卖盘
10:03:22	13.87	-0.03	27	37449	卖盘
10:03:17	13.9	--	0	0	买盘
10:03:11	13.9	0.05	52	72280	买盘
10:03:07	13.85	-0.04	326	451510	卖盘
10:03:02	13.89	0.02	33	45837	卖盘
10:02:41	13.87	--	0	0	卖盘
10:02:26	13.87	--	46	63802	卖盘
10:02:22	13.87	--	0	0	卖盘
10:02:17	13.87	-0.02	500	693500	卖盘
10:02:07	13.89	--	26	36114	买盘
10:01:56	13.89	--	4	5556	买盘
10:01:52	13.89	--	12	16668	买盘
10:01:47	13.89	0.01	2	2778	买盘
10:01:17	13.88	--	10	13880	卖盘
10:01:11	13.88	--	35	48580	买盘
10:01:07	13.88	--	164	227632	买盘
10:00:52	13.88	--	2	2776	买盘
10:00:41	13.88	0.01	3	4164	买盘
10:00:37	13.87	--	16	22192	卖盘
10:00:32	13.87	--	127	176149	卖盘
10:00:26	13.87	--	10	13870	卖盘
10:00:20	13.87	--	161	223307	卖盘
10:00:17	13.87	-0.01	15	20805	卖盘
10:00:11	13.88	0.01	3	4164	买盘
10:00:05	13.87	-0.01	73	101251	卖盘
09:59:56	13.88	--	7	9716	买盘
09:59:47	13.88	--	72	99936	买盘
09:59:20	13.88	--	6	8328	买盘
09:59:11	13.88	-0.01	137	190156	卖盘
09:59:02	13.89	--	5	6945	买盘
09:58:56	13.89	0.01	10	13890	卖盘
09:58:41	13.88	-0.03	18	24984	卖盘
09:58:35	13.91	0.02	5	6955	买盘
09:58:32	13.89	--	1	1389	买盘
09:58:26	13.89	--	12	16668	卖盘
09:58:20	13.89	--	6	8334	卖盘
09:58:16	13.89	0.01	4	5556	卖盘
09:58:11	13.88	--	0	0	卖盘
09:58:05	13.88	-0.01	131	181828	卖盘
09:58:01	13.89	0.01	5	6945	买盘
09:57:41	13.88	--	53	73564	卖盘
09:57:35	13.88	0.01	22	30536	买盘
09:57:31	13.87	--	5	6935	卖盘
09:57:26	13.87	-0.01	40	55480	卖盘
09:57:20	13.88	0.01	8	11104	买盘
09:57:16	13.87	--	40	55480	卖盘
09:56:56	13.87	--	12	16644	卖盘
09:56:41	13.87	--	0	0	卖盘
09:56:35	13.87	--	10	13870	卖盘
09:56:26	13.87	0.01	24	33288	卖盘
09:56:20	13.86	-0.02	110	152460	卖盘
09:56:16	13.88	--	149	206812	买盘
09:56:11	13.88	--	16	22208	买盘
09:55:56	13.88	--	21	29148	卖盘
09:55:50	13.88	--	10	13880	卖盘
09:55:41	13.88	-0.01	19	26372	卖盘
09:55:31	13.89	--	2	2778	买盘
09:55:26	13.89	-0.01	12	16668	卖盘
09:55:20	13.9	--	0	0	买盘
09:55:11	13.9	0.04	69	95910	买盘
09:55:05	13.86	-0.04	263	364518	卖盘
09:54:56	13.9	--	2	2780	买盘
09:54:50	13.9	--	506	703340	买盘
09:54:41	13.9	--	28	38920	买盘
09:54:35	13.9	--	15	20850	买盘
09:54:31	13.9	--	24	33360	卖盘
09:54:20	13.9	--	82	113980	卖盘
09:54:16	13.9	--	5	6950	卖盘
09:54:11	13.9	--	10	13900	卖盘
09:53:56	13.9	-0.01	300	417000	卖盘
09:53:44	13.91	--	20	27820	买盘
09:53:29	13.91	0.01	2	2782	卖盘
09:53:20	13.9	--	0	0	卖盘
09:53:14	13.9	-0.03	500	695000	卖盘
09:52:56	13.93	--	102	142086	买盘
09:52:35	13.93	0.01	23	32039	买盘
09:52:20	13.92	-0.01	7	9744	卖盘
09:52:14	13.93	0.01	2	2786	买盘
09:52:11	13.92	-0.01	78	108576	卖盘
09:51:50	13.93	--	0	0	买盘
09:51:35	13.93	0.02	15	20895	买盘
09:51:29	13.91	--	0	0	卖盘
09:51:20	13.91	-0.02	268	372788	卖盘
09:51:05	13.93	0.01	9	12537	卖盘
09:50:50	13.92	--	0	0	卖盘
09:50:35	13.92	-0.04	4	5568	卖盘
09:50:20	13.96	0.04	10	13960	买盘
09:50:14	13.92	--	46	64032	买盘
09:50:10	13.92	-0.03	252	352162	卖盘
09:50:05	13.95	0.02	1	1395	卖盘
09:49:44	13.93	--	0	0	卖盘
09:49:35	13.93	-0.02	69	96117	卖盘
09:49:14	13.95	--	11	15345	买盘
09:49:10	13.95	--	2	2790	买盘
09:49:05	13.95	0.01	5	6975	买盘
09:48:55	13.94	0.02	7	9758	买盘
09:48:50	13.92	-0.02	260	361920	卖盘
09:48:44	13.94	--	20	27880	买盘
09:48:35	13.94	-0.01	14	19516	卖盘
09:48:29	13.95	0.01	40	55800	买盘
09:48:14	13.94	0.01	19	26486	卖盘
09:48:05	13.93	--	0	0	卖盘
09:47:59	13.93	-0.02	20	27860	卖盘
09:47:55	13.95	0.02	13	18135	买盘
09:47:50	13.93	--	0	0	卖盘
09:47:40	13.93	--	3	4179	卖盘
09:47:35	13.93	--	0	0	卖盘
09:47:29	13.93	-0.03	105	146265	卖盘
09:47:20	13.96	0.01	2	2792	买盘
09:47:14	13.95	0.01	5	6975	中性盘
09:47:08	13.94	--	0	0	卖盘
09:47:05	13.94	-0.02	84	117096	卖盘
09:46:59	13.96	--	7	9772	买盘
09:46:53	13.96	--	145	202433	卖盘
09:46:44	13.96	0.01	19	26524	买盘
09:46:38	13.95	0.01	100	139500	卖盘
09:46:35	13.94	--	0	0	卖盘
09:46:14	13.94	--	25	34850	卖盘
09:45:59	13.94	--	12	16728	卖盘
09:45:53	13.94	--	22	30668	卖盘
09:45:50	13.94	--	11	15334	买盘
09:45:44	13.94	--	3	4182	买盘
09:45:38	13.94	0.01	100	139400	买盘
09:45:29	13.93	--	10	13930	卖盘
09:45:08	13.93	-0.01	80	111440	卖盘
09:44:59	13.94	0.01	9	12546	买盘
09:44:53	13.93	-0.01	183	254919	卖盘
09:44:49	13.94	--	50	69700	买盘
09:44:44	13.94	--	11	15334	买盘
09:44:38	13.94	--	10	13940	买盘
09:44:34	13.94	0.01	27	37638	买盘
09:44:23	13.93	-0.01	36	50148	卖盘
09:44:14	13.94	--	37	51578	买盘
09:43:59	13.94	--	14	19516	买盘
09:43:53	13.94	--	2	2788	买盘
09:43:49	13.94	--	2	2788	买盘
09:43:44	13.94	--	37	51578	买盘
09:43:38	13.94	--	10	13940	买盘
09:43:34	13.94	--	10	13940	买盘
09:43:08	13.94	--	9	12546	买盘
09:43:04	13.94	--	38	52972	买盘
09:42:53	13.94	--	20	27880	卖盘
09:42:14	13.94	0.02	9	12546	买盘
09:42:08	13.92	-0.03	85	118320	卖盘
09:41:59	13.95	0.01	32	44640	买盘
09:41:53	13.94	--	99	138006	卖盘
09:41:49	13.94	--	1	1394	买盘
09:41:44	13.94	--	7	9758	买盘
09:41:38	13.94	0.02	7	9758	买盘
09:41:23	13.92	--	68	94656	卖盘
09:41:19	13.92	--	0	0	卖盘
09:41:14	13.92	--	11	15312	卖盘
09:40:59	13.92	--	0	0	卖盘
09:40:53	13.92	-0.03	341	474672	卖盘
09:40:49	13.95	0.01	11	15345	买盘
09:40:23	13.94	--	3	4182	买盘
09:40:17	13.94	0.01	12	16728	买盘
09:40:14	13.93	-0.01	7	9751	卖盘
09:40:02	13.94	--	30	41820	买盘
09:39:59	13.94	--	10	13940	买盘
09:39:53	13.94	--	18	25092	买盘
09:39:47	13.94	--	4	5576	买盘
09:39:44	13.94	--	13	18122	买盘
09:39:38	13.94	--	5	6970	买盘
09:39:23	13.94	--	10	13940	买盘
09:39:02	13.94	0.01	10	13940	买盘
09:38:59	13.93	-0.01	205	285565	卖盘
09:38:47	13.94	--	7	9758	买盘
09:38:44	13.94	--	23	32062	卖盘
09:38:38	13.94	--	19	26486	卖盘
09:38:32	13.94	-0.01	1	1394	卖盘
09:38:23	13.95	--	0	0	买盘
09:38:13	13.95	--	8	11160	卖盘
09:37:47	13.95	0.01	92	128340	买盘
09:37:43	13.94	--	8	11152	卖盘
09:37:38	13.94	--	13	18122	买盘
09:37:23	13.94	0.01	32	44608	买盘
09:37:17	13.93	-0.01	12	16716	卖盘
09:36:53	13.94	--	31	43214	卖盘
09:36:32	13.94	-0.01	4	5576	卖盘
09:36:28	13.95	0.01	18	25110	买盘
09:36:13	13.94	-0.02	30	41820	卖盘
09:36:08	13.96	0.01	38	53048	买盘
09:36:02	13.95	0.01	23	32085	买盘
09:35:58	13.94	--	2	2788	卖盘
09:35:43	13.94	-0.01	10	13940	卖盘
09:35:32	13.95	--	2	2790	买盘
09:35:28	13.95	--	10	13950	买盘
09:35:23	13.95	-0.01	17	23715	买盘
09:35:17	13.96	--	0	0	买盘
09:35:13	13.96	0.01	50	69800	买盘
09:35:08	13.95	--	20	27900	卖盘
09:35:02	13.95	0.02	32	44640	买盘
09:34:53	13.93	0.01	5	6965	卖盘
09:34:47	13.92	--	0	0	卖盘
09:34:43	13.92	--	0	0	卖盘
09:34:38	13.92	-0.01	40	55680	卖盘
09:34:32	13.93	0.01	27	37611	买盘
09:34:28	13.92	0.02	10	13920	买盘
09:34:23	13.9	-0.02	38	52820	卖盘
09:34:17	13.92	-0.03	75	104400	卖盘
09:34:11	13.95	0.03	10	13950	买盘
09:33:56	13.92	--	0	0	卖盘
09:33:47	13.92	-0.01	200	278400	卖盘
09:33:41	13.93	-0.02	105	146265	卖盘
09:33:26	13.95	--	0	0	卖盘
09:33:23	13.95	-0.02	200	279000	卖盘
09:33:17	13.97	--	9	12573	买盘
09:33:02	13.97	--	8	11176	买盘
09:32:56	13.97	--	30	41910	买盘
09:32:47	13.97	--	10	13970	买盘
09:32:41	13.97	--	80	111760	买盘
09:32:38	13.97	-0.01	94	131318	卖盘
09:32:26	13.98	--	9	12582	买盘
09:32:11	13.98	--	10	13980	买盘
09:32:02	13.98	0.01	3	4194	买盘
09:31:47	13.97	-0.01	1	1397	卖盘
09:31:41	13.98	--	25	34950	卖盘
09:31:26	13.98	-0.01	10	13980	卖盘
09:31:22	13.99	0.01	20	27980	买盘
09:31:17	13.98	-0.01	23	32154	卖盘
09:31:11	13.99	--	9	12591	卖盘
09:30:37	13.99	--	2	2798	卖盘
09:30:26	13.99	--	5	6995	卖盘
09:30:17	13.99	-0.01	15	20985	卖盘
09:30:11	14.0	0.02	50	70000	买盘
09:30:07	13.98	-0.02	161	225078	卖盘
09:30:02	14.0	-0.01	156	218400	卖盘
09:28:49	14.01	--	0	0	买盘
09:25:05	14.01	14.01	81	113481	买盘
