成交时间	成交价	价格变动	成交量(手)	成交额(元)	性质
15:00:00	11.91	--	0	0	卖盘
15:00:00	11.91	-0.01	88	104808	中性盘
14:59:59	11.92	0.01	203	241976	买盘
14:59:53	11.91	--	427	508557	卖盘
14:59:49	11.91	--	534	635994	买盘
14:59:44	11.91	--	133	158403	买盘
14:59:38	11.91	-0.01	209	248919	卖盘
14:59:34	11.92	0.02	806	961824	买盘
14:59:29	11.9	0.01	153	182070	买盘
14:59:23	11.89	--	143	170027	卖盘
14:59:19	11.89	--	217	258013	卖盘
14:59:14	11.89	0.01	137	162893	买盘
14:59:08	11.88	--	229	272052	买盘
14:59:04	11.88	0.01	108	128304	买盘
14:58:59	11.87	-0.05	56	66472	卖盘
14:58:53	11.92	0.04	1304	1554368	买盘
14:58:49	11.88	--	376	446688	买盘
14:58:44	11.88	--	35	41580	买盘
14:58:38	11.88	-0.02	305	363052	卖盘
14:58:34	11.9	--	131	156485	买盘
14:58:29	11.9	--	220	261800	买盘
14:58:23	11.9	--	139	165410	买盘
14:58:19	11.9	-0.01	632	752080	卖盘
14:58:14	11.91	--	146	173886	卖盘
14:58:08	11.91	--	152	181032	卖盘
14:58:04	11.91	--	236	281076	买盘
14:57:59	11.91	-0.01	59	70269	卖盘
14:57:53	11.92	0.01	129	153768	买盘
14:57:49	11.91	--	43	51213	卖盘
14:57:44	11.91	--	12	14292	卖盘
14:57:38	11.91	0.01	425	506175	买盘
14:57:34	11.9	-0.01	196	233240	卖盘
14:57:29	11.91	--	109	129819	卖盘
14:57:23	11.91	--	171	203661	中性盘
14:57:19	11.91	--	107	127437	买盘
14:57:14	11.91	0.01	57	67887	中性盘
14:57:08	11.9	-0.01	601	715190	卖盘
14:57:04	11.91	-0.01	101	120291	卖盘
14:56:59	11.92	--	10	11920	买盘
14:56:53	11.92	-0.01	26	30992	卖盘
14:56:49	11.93	0.01	117	139581	买盘
14:56:44	11.92	0.02	83	98936	中性盘
14:56:38	11.9	-0.03	327	389130	卖盘
14:56:34	11.93	--	176	209968	买盘
14:56:29	11.93	0.01	162	193266	卖盘
14:56:23	11.92	-0.01	300	357600	卖盘
14:56:19	11.93	--	311	371023	卖盘
14:56:14	11.93	0.03	2084	2486212	买盘
14:56:08	11.9	-0.02	720	857418	卖盘
14:56:04	11.92	-0.01	227	270584	卖盘
14:55:59	11.93	--	171	204575	买盘
14:55:53	11.93	--	45	53685	买盘
14:55:49	11.93	-0.01	613	731309	卖盘
14:55:44	11.94	--	62	74028	买盘
14:55:38	11.94	--	156	186264	买盘
14:55:34	11.94	--	169	201786	卖盘
14:55:29	11.94	--	496	592224	卖盘
14:55:23	11.94	--	933	1114002	卖盘
14:55:19	11.94	--	98	117012	卖盘
14:55:13	11.94	0.02	1061	1266834	买盘
14:55:08	11.92	-0.02	460	548320	卖盘
14:55:04	11.94	--	138	164772	买盘
14:54:59	11.94	--	37	44178	买盘
14:54:53	11.94	-0.01	783	934902	卖盘
14:54:49	11.95	-0.01	542	647690	买盘
14:54:43	11.96	0.01	217	259532	买盘
14:54:38	11.95	-0.02	537	641715	卖盘
14:54:32	11.97	0.01	445	532665	买盘
14:54:28	11.96	-0.01	32	38272	中性盘
14:54:23	11.97	--	687	822339	买盘
14:54:17	11.97	0.01	441	528475	买盘
14:54:13	11.96	-0.02	347	415610	卖盘
14:54:08	11.98	0.02	1847	2213305	买盘
14:54:02	11.96	-0.01	1283	1534468	卖盘
14:53:58	11.97	0.02	209	250173	买盘
14:53:53	11.95	-0.01	538	642910	卖盘
14:53:47	11.96	0.01	1369	1637922	买盘
14:53:43	11.95	--	347	414665	买盘
14:53:38	11.95	--	485	579575	买盘
14:53:32	11.95	0.02	306	365670	买盘
14:53:28	11.93	0.01	47	56071	中性盘
14:53:23	11.92	--	2028	2417376	卖盘
14:53:17	11.92	0.02	277	330839	买盘
14:53:13	11.9	-0.02	209	248710	卖盘
14:53:08	11.92	0.02	872	1039424	买盘
14:53:02	11.9	0.01	1690	2011100	买盘
14:52:58	11.89	-0.01	1611	1915479	卖盘
14:52:53	11.9	0.01	1094	1301860	买盘
14:52:47	11.89	--	898	1067722	买盘
14:52:43	11.89	0.02	557	663343	买盘
14:52:38	11.87	--	1290	1531230	卖盘
14:52:32	11.87	--	787	934168	卖盘
14:52:28	11.87	--	688	816656	买盘
14:52:23	11.87	0.01	320	379840	中性盘
14:52:17	11.86	-0.01	1074	1273764	卖盘
14:52:13	11.87	0.01	415	493198	买盘
14:52:08	11.86	-0.01	108	128088	买盘
14:52:02	11.87	0.01	533	632671	买盘
14:51:58	11.86	0.01	671	795806	买盘
14:51:53	11.85	--	2	2370	卖盘
14:51:47	11.85	--	369	437265	买盘
14:51:43	11.85	--	425	504217	买盘
14:51:38	11.85	0.01	18	21330	买盘
14:51:32	11.84	-0.02	1215	1438560	卖盘
14:51:28	11.86	0.03	710	842060	买盘
14:51:23	11.83	-0.02	40	47320	卖盘
14:51:17	11.85	0.02	232	274920	买盘
14:51:13	11.83	--	145	171535	卖盘
14:51:08	11.83	-0.02	9	10647	卖盘
14:51:02	11.85	--	91	107835	买盘
14:50:58	11.85	0.02	565	669525	买盘
14:50:53	11.83	--	135	159705	买盘
14:50:47	11.83	--	40	47320	买盘
14:50:43	11.83	-0.01	595	703885	卖盘
14:50:38	11.84	-0.01	48	56832	卖盘
14:50:32	11.85	0.01	55	65175	买盘
14:50:28	11.84	--	223	264032	买盘
14:50:23	11.84	--	2	2368	买盘
14:50:17	11.84	-0.01	220	260480	卖盘
14:50:13	11.85	0.01	17	20145	买盘
14:50:08	11.84	--	51	60384	卖盘
14:50:02	11.84	-0.01	134	158656	卖盘
14:49:58	11.85	--	236	279660	买盘
14:49:53	11.85	--	1	1185	买盘
14:49:47	11.85	--	586	694410	买盘
14:49:43	11.85	-0.01	376	445560	卖盘
14:49:38	11.86	0.01	67	79462	买盘
14:49:32	11.85	--	31	36735	卖盘
14:49:28	11.85	--	517	612645	买盘
14:49:23	11.85	--	86	101910	买盘
14:49:17	11.85	--	1111	1316535	买盘
14:49:13	11.85	--	201	238185	买盘
14:49:08	11.85	0.01	37	43845	买盘
14:49:02	11.84	-0.02	325	384800	卖盘
14:48:58	11.86	0.03	842	998612	买盘
14:48:53	11.83	-0.03	19	22477	卖盘
14:48:47	11.86	0.01	388	460630	买盘
14:48:43	11.85	--	458	542730	卖盘
14:48:37	11.85	0.01	97	114945	买盘
14:48:32	11.84	-0.01	398	471954	卖盘
14:48:28	11.85	--	145	171825	买盘
14:48:22	11.85	0.01	14	16590	买盘
14:48:17	11.84	--	386	457024	卖盘
14:48:12	11.84	0.01	535	634268	买盘
14:48:07	11.83	--	29	34307	卖盘
14:48:02	11.83	-0.01	772	913276	卖盘
14:47:56	11.84	0.01	11	13024	买盘
14:47:52	11.83	-0.01	22	26026	卖盘
14:47:47	11.84	--	386	457024	卖盘
14:47:41	11.84	--	446	528064	卖盘
14:47:37	11.84	-0.01	23	27232	卖盘
14:47:32	11.85	0.02	140	165900	买盘
14:47:26	11.83	0.01	947	1120301	中性盘
14:47:22	11.82	-0.01	116	137112	卖盘
14:47:17	11.83	-0.01	125	147875	卖盘
14:47:11	11.84	0.02	1015	1202470	买盘
14:47:07	11.82	-0.01	636	751752	卖盘
14:47:02	11.83	0.01	7	8281	买盘
14:46:56	11.82	--	149	176118	卖盘
14:46:52	11.82	--	40	47280	卖盘
14:46:47	11.82	0.02	666	787684	买盘
14:46:41	11.8	-0.01	101	119180	卖盘
14:46:37	11.81	0.01	3	3543	买盘
14:46:32	11.8	--	40	47200	卖盘
14:46:26	11.8	0.01	380	448990	买盘
14:46:22	11.79	--	276	325404	卖盘
14:46:17	11.79	-0.01	49	57770	卖盘
14:46:11	11.8	0.01	45	53100	买盘
14:46:07	11.79	--	95	112004	卖盘
14:46:02	11.79	-0.01	50	58949	卖盘
14:45:56	11.8	0.01	54	63720	买盘
14:45:52	11.79	0.02	321	378459	买盘
14:45:47	11.77	-0.02	214	251878	卖盘
14:45:41	11.79	-0.01	184	216935	买盘
14:45:37	11.8	--	206	243080	买盘
14:45:32	11.8	--	16	18880	买盘
14:45:26	11.8	0.01	69	81420	买盘
14:45:22	11.79	0.02	52	61307	买盘
14:45:17	11.77	-0.02	603	709731	卖盘
14:45:11	11.79	-0.01	213	251126	卖盘
14:45:07	11.8	--	94	110920	买盘
14:45:02	11.8	0.01	22	25960	买盘
14:44:56	11.79	--	13	15326	买盘
14:44:52	11.79	--	46	54233	买盘
14:44:47	11.79	--	40	47160	买盘
14:44:41	11.79	--	139	163881	卖盘
14:44:37	11.79	-0.01	32	37728	卖盘
14:44:32	11.8	--	88	103840	买盘
14:44:26	11.8	--	14	16520	买盘
14:44:22	11.8	--	140	165200	卖盘
14:44:17	11.8	-0.01	67	79060	卖盘
14:44:11	11.81	--	63	74403	买盘
14:44:07	11.81	-0.01	18	21258	买盘
14:44:02	11.82	--	0	0	买盘
14:43:56	11.82	-0.01	679	802578	卖盘
14:43:52	11.83	--	134	158522	买盘
14:43:47	11.83	--	100	118300	卖盘
14:43:41	11.83	--	82	97006	卖盘
14:43:37	11.83	--	39	46137	卖盘
14:43:26	11.83	-0.01	680	804499	卖盘
14:43:22	11.84	--	499	590816	卖盘
14:43:17	11.84	--	44	52096	卖盘
14:43:11	11.84	-0.01	96	114788	卖盘
14:43:07	11.85	--	96	113760	买盘
14:43:02	11.85	0.01	71	84135	买盘
14:42:56	11.84	--	116	137344	卖盘
14:42:52	11.84	--	335	396640	卖盘
14:42:47	11.84	-0.01	112	132608	卖盘
14:42:41	11.85	0.01	192	227520	买盘
14:42:37	11.84	--	195	230880	卖盘
14:42:32	11.84	0.01	553	654752	买盘
14:42:26	11.83	--	351	415233	卖盘
14:42:22	11.83	--	21	24843	卖盘
14:42:17	11.83	--	26	30758	卖盘
14:42:11	11.83	--	33	39039	卖盘
14:42:06	11.83	0.03	149	176267	买盘
14:42:02	11.8	-0.03	121	142780	卖盘
14:41:56	11.83	-0.01	339	401037	卖盘
14:41:51	11.84	0.01	342	404928	买盘
14:41:41	11.83	-0.02	55	65065	中性盘
14:41:35	11.85	--	125	148125	买盘
14:41:31	11.85	--	160	189659	卖盘
14:41:26	11.85	--	334	396323	卖盘
14:41:20	11.85	0.02	1816	2152552	买盘
14:41:16	11.83	--	47	55601	卖盘
14:41:11	11.83	--	65	76895	卖盘
14:41:05	11.83	0.01	1042	1232686	卖盘
14:41:01	11.82	-0.03	40	47280	卖盘
14:40:56	11.85	0.02	677	802245	买盘
14:40:50	11.83	-0.01	511	605104	卖盘
14:40:46	11.84	-0.01	93	110112	卖盘
14:40:41	11.85	--	89	105465	买盘
14:40:35	11.85	--	245	290325	买盘
14:40:31	11.85	--	67	79395	买盘
14:40:26	11.85	--	183	216855	买盘
14:40:20	11.85	-0.01	524	621532	卖盘
14:40:16	11.86	0.01	13	15418	买盘
14:40:11	11.85	--	195	231667	卖盘
14:40:05	11.85	-0.01	240	284400	卖盘
14:40:01	11.86	--	231	273966	买盘
14:39:56	11.86	--	8	9488	买盘
14:39:50	11.86	--	99	117414	买盘
14:39:46	11.86	0.01	519	615534	中性盘
14:39:41	11.85	-0.02	521	617385	卖盘
14:39:35	11.87	0.01	127	150749	买盘
14:39:31	11.86	--	357	423402	卖盘
14:39:26	11.86	--	54	64044	买盘
14:39:20	11.86	0.01	164	194504	买盘
14:39:16	11.85	-0.01	222	263070	卖盘
14:39:11	11.86	0.01	327	387822	买盘
14:39:05	11.85	-0.01	139	164715	卖盘
14:39:01	11.86	0.01	172	203992	买盘
14:38:56	11.85	0.01	525	622125	买盘
14:38:50	11.84	--	440	520960	卖盘
14:38:46	11.84	0.01	180	213712	买盘
14:38:41	11.83	--	20	23660	卖盘
14:38:35	11.83	-0.01	137	162071	卖盘
14:38:31	11.84	0.02	206	243904	买盘
14:38:26	11.82	-0.01	12	14184	卖盘
14:38:20	11.83	0.01	53	62699	买盘
14:38:16	11.82	0.01	37	43734	中性盘
14:38:11	11.81	--	41	48421	卖盘
14:38:05	11.81	--	96	113376	卖盘
14:38:01	11.81	0.01	292	344852	买盘
14:37:56	11.8	-0.01	8	9440	卖盘
14:37:50	11.81	--	154	181874	买盘
14:37:46	11.81	--	204	240924	买盘
14:37:41	11.81	--	15	17715	买盘
14:37:35	11.81	0.01	69	81489	买盘
14:37:31	11.8	--	187	221250	卖盘
14:37:26	11.8	-0.01	89	105020	卖盘
14:37:20	11.81	0.01	213	252143	买盘
14:37:16	11.8	--	498	587640	买盘
14:37:11	11.8	0.01	55	64900	买盘
14:37:05	11.79	-0.01	167	196893	卖盘
14:37:01	11.8	--	222	262550	卖盘
14:36:56	11.8	--	8	9440	卖盘
14:36:50	11.8	--	350	413590	买盘
14:36:46	11.8	--	129	152220	买盘
14:36:41	11.8	--	4	4720	买盘
14:36:35	11.8	-0.01	307	362260	卖盘
14:36:31	11.81	0.01	78	92118	买盘
14:36:26	11.8	-0.03	276	325680	卖盘
14:36:20	11.83	0.02	78	92274	买盘
14:36:16	11.81	-0.02	230	271630	卖盘
14:36:11	11.83	0.02	59	69797	买盘
14:36:05	11.81	--	123	145263	卖盘
14:36:01	11.81	-0.02	133	157073	卖盘
14:35:56	11.83	0.02	12	14196	买盘
14:35:50	11.81	--	187	220847	买盘
14:35:46	11.81	--	178	210218	买盘
14:35:40	11.81	--	190	224390	买盘
14:35:35	11.81	--	298	351938	买盘
14:35:30	11.81	-0.04	514	607034	卖盘
14:35:25	11.85	--	21	24885	卖盘
14:35:20	11.85	--	118	139830	买盘
14:35:15	11.85	--	458	542730	买盘
14:35:10	11.85	0.04	49	58065	买盘
14:35:05	11.81	-0.06	249	294069	卖盘
14:34:59	11.87	0.02	292	346604	买盘
14:34:55	11.85	0.01	13	15405	买盘
14:34:50	11.84	-0.04	688	815184	卖盘
14:34:44	11.88	0.01	637	756756	买盘
14:34:40	11.87	--	68	80716	买盘
14:34:35	11.87	--	281	334140	卖盘
14:34:29	11.87	-0.01	880	1044559	卖盘
14:34:25	11.88	0.01	155	184140	买盘
14:34:20	11.87	--	344	408328	买盘
14:34:14	11.87	--	510	605370	买盘
14:34:10	11.87	--	271	322211	卖盘
14:34:05	11.87	-0.01	1421	1687320	卖盘
14:33:59	11.88	--	541	642708	买盘
14:33:55	11.88	0.01	123	146124	买盘
14:33:50	11.87	-0.01	967	1147888	卖盘
14:33:44	11.88	0.01	396	470448	买盘
14:33:40	11.87	--	70	83090	卖盘
14:33:35	11.87	--	455	540085	卖盘
14:33:29	11.87	0.01	429	509222	买盘
14:33:25	11.86	0.01	297	352242	中性盘
14:33:20	11.85	-0.01	772	914820	卖盘
14:33:14	11.86	0.01	152	180272	买盘
14:33:10	11.85	--	681	807577	买盘
14:33:05	11.85	--	578	684930	买盘
14:32:59	11.85	--	963	1141155	买盘
14:32:55	11.85	--	134	158790	买盘
14:32:50	11.85	0.01	136	161160	买盘
14:32:44	11.84	0.02	664	786176	买盘
14:32:40	11.82	--	1144	1352208	买盘
14:32:35	11.82	0.02	284	335688	买盘
14:32:29	11.8	--	267	315650	卖盘
14:32:25	11.8	-0.01	504	594720	中性盘
14:32:20	11.81	0.01	600	708600	买盘
14:32:14	11.8	0.02	4483	5289940	买盘
14:32:10	11.78	--	565	665570	卖盘
14:32:05	11.78	0.03	2828	3331973	买盘
14:31:59	11.75	--	335	393625	卖盘
14:31:55	11.75	--	54	63450	卖盘
14:31:50	11.75	-0.01	23	27025	卖盘
14:31:44	11.76	0.01	621	730884	买盘
14:31:40	11.75	0.01	52	61100	买盘
14:31:35	11.74	-0.01	3	4109	卖盘
14:31:29	11.75	--	86	101637	卖盘
14:31:25	11.75	-0.01	175	205625	卖盘
14:31:20	11.76	0.01	24	28224	买盘
14:31:14	11.75	-0.01	58	68737	中性盘
14:31:10	11.76	0.02	805	946680	买盘
14:30:59	11.74	-0.01	290	341422	卖盘
14:30:55	11.75	--	423	497236	买盘
14:30:50	11.75	--	274	321950	买盘
14:30:44	11.75	0.01	658	773150	买盘
14:30:40	11.74	-0.01	572	671528	卖盘
14:30:35	11.75	0.01	2	2350	买盘
14:30:29	11.74	--	192	225408	卖盘
14:30:25	11.74	-0.01	33	38742	中性盘
14:30:20	11.75	0.01	20	23500	买盘
14:30:14	11.74	--	87	102138	买盘
14:30:10	11.74	--	60	70440	买盘
14:29:59	11.74	--	7	8218	买盘
14:29:55	11.74	--	131	153794	买盘
14:29:50	11.74	0.01	24	28176	买盘
14:29:44	11.73	--	5	5865	卖盘
14:29:40	11.73	-0.01	150	175950	卖盘
14:29:35	11.74	--	70	82180	买盘
14:29:29	11.74	0.01	33	38742	买盘
14:29:24	11.73	-0.01	19	22287	卖盘
14:29:19	11.74	--	5	5870	买盘
14:29:14	11.74	--	7	8218	买盘
14:29:09	11.74	-0.01	77	90398	卖盘
14:29:04	11.75	0.01	62	72850	买盘
14:28:59	11.74	--	22	25828	卖盘
14:28:55	11.74	-0.01	83	97442	卖盘
14:28:49	11.75	--	83	97525	买盘
14:28:44	11.75	--	78	91650	买盘
14:28:38	11.75	0.01	107	125725	买盘
14:28:34	11.74	-0.01	12	14088	卖盘
14:28:29	11.75	0.01	39	45825	买盘
14:28:23	11.74	-0.01	152	178448	卖盘
14:28:19	11.75	--	25	29375	买盘
14:28:14	11.75	--	60	70500	买盘
14:28:08	11.75	--	347	407725	买盘
14:28:04	11.75	0.02	115	135125	买盘
14:27:59	11.73	-0.01	7	8211	卖盘
14:27:53	11.74	0.02	526	617524	买盘
14:27:44	11.72	--	305	357460	卖盘
14:27:38	11.72	--	174	204514	买盘
14:27:34	11.72	--	14	16408	买盘
14:27:29	11.72	--	4	4688	买盘
14:27:23	11.72	0.01	23	26956	买盘
14:27:19	11.71	--	3	3513	卖盘
14:27:14	11.71	0.02	119	139349	买盘
14:27:08	11.69	-0.01	45	53189	卖盘
14:27:04	11.7	--	14	16965	卖盘
14:26:59	11.7	0.01	395	462735	买盘
14:26:53	11.69	--	19	22211	卖盘
14:26:49	11.69	0.01	72	84168	买盘
14:26:44	11.68	-0.01	9	10512	卖盘
14:26:38	11.69	--	51	59619	买盘
14:26:34	11.69	0.02	60	70140	买盘
14:26:23	11.67	-0.01	10	11670	卖盘
14:26:19	11.68	0.01	45	52560	卖盘
14:26:14	11.67	--	0	0	卖盘
14:26:08	11.67	-0.02	150	175050	卖盘
14:26:04	11.69	--	15	17535	买盘
14:25:53	11.69	0.01	4	4676	买盘
14:25:49	11.68	--	25	29200	卖盘
14:25:44	11.68	-0.01	16	18688	卖盘
14:25:38	11.69	--	88	103795	买盘
14:25:34	11.69	--	63	73647	买盘
14:25:23	11.69	--	64	74816	买盘
14:25:08	11.69	-0.01	110	128835	卖盘
14:25:04	11.7	0.01	4	4680	买盘
14:24:49	11.69	-0.02	318	371742	卖盘
14:24:44	11.71	--	12	14052	买盘
14:24:38	11.71	0.01	117	137007	买盘
14:24:34	11.7	-0.01	180	210600	卖盘
14:24:29	11.71	--	17	19907	卖盘
14:24:23	11.71	0.01	98	114758	买盘
14:24:19	11.7	-0.01	313	366210	卖盘
14:24:08	11.71	--	155	181505	卖盘
14:24:04	11.71	--	24	28104	卖盘
14:23:59	11.71	--	56	65576	卖盘
14:23:53	11.71	-0.01	86	100706	卖盘
14:23:49	11.72	--	52	60944	买盘
14:23:44	11.72	--	13	15236	买盘
14:23:38	11.72	--	10	11720	买盘
14:23:34	11.72	-0.01	92	107824	卖盘
14:23:29	11.73	--	2	2346	买盘
14:23:23	11.73	--	23	26979	买盘
14:23:19	11.73	--	13	15249	买盘
14:23:14	11.73	-0.01	88	103224	卖盘
14:23:08	11.74	--	17	19958	买盘
14:22:59	11.74	--	36	42264	卖盘
14:22:53	11.74	-0.01	80	93920	卖盘
14:22:49	11.75	0.01	45	52875	买盘
14:22:43	11.74	--	401	470774	卖盘
14:22:38	11.74	--	26	30524	卖盘
14:22:33	11.74	-0.01	311	365114	卖盘
14:22:28	11.75	--	140	164500	买盘
14:22:23	11.75	--	24	28200	买盘
14:22:17	11.75	-0.01	557	655062	卖盘
14:22:13	11.76	--	28	32928	买盘
14:22:08	11.76	0.01	205	241080	买盘
14:22:02	11.75	--	60	70500	卖盘
14:21:58	11.75	-0.01	200	235000	卖盘
14:21:53	11.76	--	38	44688	卖盘
14:21:47	11.76	0.01	46	54096	买盘
14:21:43	11.75	-0.01	45	52875	卖盘
14:21:38	11.76	--	79	92904	买盘
14:21:32	11.76	--	1	1176	买盘
14:21:28	11.76	-0.01	82	96432	卖盘
14:21:23	11.77	0.01	359	422543	买盘
14:21:17	11.76	--	71	83496	卖盘
14:21:13	11.76	--	3	3528	卖盘
14:21:08	11.76	--	122	143472	买盘
14:21:02	11.76	--	101	118776	买盘
14:20:58	11.76	--	54	63504	买盘
14:20:53	11.76	--	56	65856	买盘
14:20:47	11.76	--	70	82320	买盘
14:20:43	11.76	0.01	25	29400	买盘
14:20:38	11.75	--	44	51700	卖盘
14:20:32	11.75	--	134	157450	卖盘
14:20:28	11.75	--	1	1175	卖盘
14:20:23	11.75	--	46	54050	卖盘
14:20:17	11.75	0.01	160	188587	买盘
14:20:13	11.74	--	240	281760	卖盘
14:20:08	11.74	--	15	17610	卖盘
14:20:02	11.74	--	56	65744	卖盘
14:19:58	11.74	--	13	15262	卖盘
14:19:53	11.74	--	5	5870	卖盘
14:19:47	11.74	-0.01	92	108008	卖盘
14:19:43	11.75	0.01	100	117500	买盘
14:19:38	11.74	--	13	15262	卖盘
14:19:32	11.74	--	64	75136	卖盘
14:19:28	11.74	0.01	638	749012	买盘
14:19:17	11.73	-0.01	16	18768	中性盘
14:19:13	11.74	0.03	74	86876	买盘
14:19:08	11.71	-0.03	47	55037	卖盘
14:19:02	11.74	--	58	68092	买盘
14:18:58	11.74	0.02	20	23480	买盘
14:18:53	11.72	-0.01	77	90244	卖盘
14:18:47	11.73	--	95	111435	卖盘
14:18:43	11.73	-0.01	50	58650	卖盘
14:18:38	11.74	-0.02	45	52830	卖盘
14:18:32	11.76	0.02	84	98784	买盘
14:18:28	11.74	--	39	45786	卖盘
14:18:23	11.74	-0.01	73	85702	卖盘
14:18:17	11.75	--	123	144525	买盘
14:18:13	11.75	--	46	54050	买盘
14:18:08	11.75	--	108	126900	买盘
14:18:02	11.75	--	33	38775	买盘
14:17:58	11.75	0.01	40	47000	买盘
14:17:53	11.74	--	7	8218	卖盘
14:17:47	11.74	-0.01	30	35220	卖盘
14:17:43	11.75	0.02	238	279650	买盘
14:17:38	11.73	-0.02	60	70380	卖盘
14:17:32	11.75	0.01	202	237350	买盘
14:17:28	11.74	--	292	342808	卖盘
14:17:17	11.74	--	840	986160	卖盘
14:17:13	11.74	--	684	803016	买盘
14:17:07	11.74	0.01	34	39916	买盘
14:17:02	11.73	--	20	23460	卖盘
14:16:58	11.73	-0.01	88	103224	买盘
14:16:53	11.74	0.02	32	37568	买盘
14:16:47	11.72	-0.01	14	16408	卖盘
14:16:42	11.73	--	101	118473	买盘
14:16:37	11.73	0.01	21	24633	买盘
14:16:32	11.72	--	117	137124	卖盘
14:16:28	11.72	-0.01	46	53912	卖盘
14:16:22	11.73	0.01	578	677994	买盘
14:16:17	11.72	--	378	443016	卖盘
14:16:12	11.72	--	86	100792	卖盘
14:15:57	11.72	--	166	194552	买盘
14:15:52	11.72	0.01	43	50396	买盘
14:15:47	11.71	-0.01	198	231858	卖盘
14:15:41	11.72	0.01	133	155876	买盘
14:15:32	11.71	--	114	133494	卖盘
14:15:26	11.71	0.01	192	224832	卖盘
14:15:17	11.7	--	21	24570	卖盘
14:15:11	11.7	--	273	319410	卖盘
14:15:07	11.7	--	3	3510	卖盘
14:15:02	11.7	0.01	302	353340	买盘
14:14:56	11.69	-0.01	21	24549	卖盘
14:14:52	11.7	--	58	67860	买盘
14:14:47	11.7	--	35	40950	买盘
14:14:41	11.7	--	118	138060	买盘
14:14:37	11.7	--	10	11700	买盘
14:14:32	11.7	0.01	53	62009	买盘
14:14:26	11.69	--	11	12859	卖盘
14:14:22	11.69	--	636	743484	卖盘
14:14:17	11.69	0.01	108	127175	买盘
14:14:11	11.68	-0.01	23	26864	卖盘
14:14:07	11.69	--	144	168336	买盘
14:14:02	11.69	--	61	71309	买盘
14:13:56	11.69	--	453	529557	买盘
14:13:52	11.69	0.01	36	42084	买盘
14:13:41	11.68	--	0	584	卖盘
14:13:37	11.68	--	162	189216	买盘
14:13:32	11.68	--	12	14016	买盘
14:13:26	11.68	--	11	12848	买盘
14:13:22	11.68	--	90	105120	买盘
14:13:17	11.68	0.01	16	18688	买盘
14:13:11	11.67	-0.01	441	514647	卖盘
14:13:07	11.68	0.01	68	79424	买盘
14:13:02	11.67	0.01	5	5835	卖盘
14:12:56	11.66	-0.02	501	584166	卖盘
14:12:52	11.68	0.01	274	320032	买盘
14:12:47	11.67	--	74	86358	买盘
14:12:37	11.67	--	137	159879	买盘
14:12:32	11.67	--	15	17505	买盘
14:12:26	11.67	--	64	74688	买盘
14:12:22	11.67	--	10	11670	买盘
14:12:17	11.67	--	136	158712	买盘
14:12:11	11.67	--	8	9336	买盘
14:12:07	11.67	--	349	407283	买盘
14:12:01	11.67	--	344	401448	买盘
14:11:56	11.67	--	39	45513	买盘
14:11:52	11.67	-0.01	225	262575	中性盘
14:11:47	11.68	-0.01	1	1168	中性盘
14:11:41	11.69	0.02	215	251335	买盘
14:11:37	11.67	-0.01	335	391528	卖盘
14:11:26	11.68	0.01	376	439752	买盘
14:11:22	11.67	-0.01	400	466800	卖盘
14:11:16	11.68	--	8	9344	买盘
14:11:07	11.68	0.02	149	174032	买盘
14:11:01	11.66	-0.02	10	11660	卖盘
14:10:56	11.68	0.01	66	77088	买盘
14:10:52	11.67	--	335	390945	卖盘
14:10:46	11.67	--	3	3501	卖盘
14:10:41	11.67	--	24	28008	卖盘
14:10:37	11.67	--	98	114366	卖盘
14:10:26	11.67	--	31	36177	卖盘
14:10:22	11.67	--	20	23340	卖盘
14:10:16	11.67	--	15	17505	卖盘
14:10:11	11.67	--	15	17505	卖盘
14:10:07	11.67	--	11	12837	卖盘
14:10:02	11.67	--	80	93360	卖盘
14:09:56	11.67	--	24	28008	卖盘
14:09:51	11.67	--	56	65352	卖盘
14:09:41	11.67	-0.02	38	44346	卖盘
14:09:36	11.69	0.02	155	181195	买盘
14:09:31	11.67	-0.01	7	8169	卖盘
14:09:26	11.68	--	388	453184	卖盘
14:09:21	11.68	--	5	5840	卖盘
14:09:11	11.68	-0.01	9	10512	卖盘
14:09:06	11.69	0.01	22	25718	买盘
14:09:01	11.68	-0.01	7	8176	卖盘
14:08:56	11.69	--	21	24549	买盘
14:08:50	11.69	-0.01	247	289572	卖盘
14:08:46	11.7	--	26	30419	卖盘
14:08:41	11.7	--	421	492569	卖盘
14:08:35	11.7	-0.01	203	237510	卖盘
14:08:31	11.71	0.01	20	23420	买盘
14:08:26	11.7	--	170	198900	卖盘
14:08:20	11.7	--	28	32759	卖盘
14:08:16	11.7	--	35	40950	卖盘
14:08:11	11.7	-0.01	18	21060	卖盘
14:08:05	11.71	--	7	8197	卖盘
14:08:01	11.71	0.01	3	3513	买盘
14:07:56	11.7	-0.01	22	25740	卖盘
14:07:50	11.71	-0.01	103	120613	卖盘
14:07:46	11.72	--	15	17580	买盘
14:07:41	11.72	--	57	66804	卖盘
14:07:35	11.72	--	4	4688	卖盘
14:07:31	11.72	0.02	7	8204	中性盘
14:07:26	11.7	-0.02	685	801789	卖盘
14:07:20	11.72	--	274	321128	买盘
14:07:16	11.72	0.01	20	23440	买盘
14:07:11	11.71	--	5	5855	卖盘
14:07:05	11.71	--	107	125297	买盘
14:07:01	11.71	--	56	65576	卖盘
14:06:56	11.71	--	34	39814	买盘
14:06:50	11.71	--	302	353642	买盘
14:06:46	11.71	--	51	59721	买盘
14:06:41	11.71	0.01	257	300947	买盘
14:06:35	11.7	--	15	17550	卖盘
14:06:31	11.7	--	22	25740	卖盘
14:06:26	11.7	--	177	207090	买盘
14:06:20	11.7	-0.01	173	202410	买盘
14:06:16	11.71	0.02	212	248252	买盘
14:06:11	11.69	-0.01	297	347193	卖盘
14:06:05	11.7	-0.01	88	102960	中性盘
14:06:00	11.71	0.01	122	142862	买盘
14:05:56	11.7	-0.01	198	231660	卖盘
14:05:50	11.71	0.02	195	228345	买盘
14:05:46	11.69	--	419	489811	卖盘
14:05:41	11.69	0.01	819	957411	买盘
14:05:35	11.68	--	208	242944	卖盘
14:05:31	11.68	--	3	3504	卖盘
14:05:26	11.68	--	44	51392	卖盘
14:05:20	11.68	--	55	64240	买盘
14:05:16	11.68	--	74	86432	买盘
14:05:10	11.68	--	29	33872	买盘
14:05:05	11.68	-0.01	203	237104	卖盘
14:05:01	11.69	0.02	476	556444	买盘
14:04:55	11.67	--	6	7002	卖盘
14:04:50	11.67	--	102	119034	买盘
14:04:46	11.67	--	226	263742	买盘
14:04:40	11.67	0.01	10	11670	买盘
14:04:35	11.66	--	28	32648	卖盘
14:04:31	11.66	--	40	46640	卖盘
14:04:25	11.66	--	487	568425	买盘
14:04:20	11.66	0.01	201	234366	买盘
14:04:16	11.65	--	105	122325	买盘
14:04:10	11.65	0.01	15	17475	买盘
14:04:05	11.64	--	46	53544	中性盘
14:04:01	11.64	-0.01	201	233964	卖盘
14:03:55	11.65	--	1	1165	买盘
14:03:50	11.65	--	589	686185	买盘
14:03:46	11.65	--	213	248145	买盘
14:03:40	11.65	0.01	50	58250	买盘
14:03:35	11.64	0.01	82	95448	买盘
14:03:31	11.63	-0.02	373	434380	卖盘
14:03:25	11.65	0.01	263	306977	买盘
14:03:20	11.64	--	97	112908	买盘
14:03:15	11.64	-0.02	145	168780	卖盘
14:03:10	11.66	--	10	11660	买盘
14:03:05	11.66	--	25	29150	买盘
14:03:00	11.66	-0.01	76	88616	卖盘
14:02:55	11.67	--	2	2334	买盘
14:02:50	11.67	0.01	13	15171	买盘
14:02:45	11.66	-0.01	157	183062	卖盘
14:02:40	11.67	--	153	178551	卖盘
14:02:35	11.67	--	16	18672	卖盘
14:02:30	11.67	-0.01	30	35010	卖盘
14:02:25	11.68	--	50	58400	买盘
14:02:20	11.68	--	50	59532	卖盘
14:02:15	11.68	--	46	53728	卖盘
14:02:10	11.68	--	200	233600	卖盘
14:02:05	11.68	-0.01	33	38579	卖盘
14:02:00	11.69	-0.01	82	95858	卖盘
14:01:55	11.7	--	100	117000	买盘
14:01:50	11.7	--	27	31589	买盘
14:01:44	11.7	--	10	11700	买盘
14:01:40	11.7	0.01	17	19890	买盘
14:01:35	11.69	-0.01	428	500332	卖盘
14:01:29	11.7	-0.01	42	49140	卖盘
14:01:20	11.71	-0.01	147	172137	卖盘
14:01:14	11.72	--	11	12892	买盘
14:01:10	11.72	--	1	1172	买盘
14:01:05	11.72	-0.01	102	120376	卖盘
14:00:59	11.73	--	51	59823	买盘
14:00:55	11.73	--	3	3519	买盘
14:00:50	11.73	--	1	1173	买盘
14:00:44	11.73	-0.01	224	262752	卖盘
14:00:40	11.74	0.01	66	77484	买盘
14:00:35	11.73	--	95	111435	卖盘
14:00:29	11.73	--	50	58650	卖盘
14:00:20	11.73	-0.01	168	197064	卖盘
14:00:14	11.74	--	55	64570	买盘
14:00:09	11.74	--	40	46960	买盘
14:00:05	11.74	0.01	54	63396	买盘
13:59:59	11.73	--	4	4692	卖盘
13:59:54	11.73	-0.01	15	17595	卖盘
13:59:50	11.74	0.01	40	46960	卖盘
13:59:44	11.73	--	259	303807	卖盘
13:59:39	11.73	-0.02	47	55131	卖盘
13:59:35	11.75	0.01	100	117500	买盘
13:59:29	11.74	-0.01	179	210733	卖盘
13:59:25	11.75	--	147	172725	买盘
13:59:20	11.75	--	19	22325	买盘
13:59:14	11.75	--	129	151575	买盘
13:59:10	11.75	--	66	77550	卖盘
13:59:05	11.75	--	340	399500	卖盘
13:58:59	11.75	--	37	43475	卖盘
13:58:55	11.75	--	189	222075	卖盘
13:58:50	11.75	0.01	482	566350	买盘
13:58:44	11.74	--	25	29350	卖盘
13:58:40	11.74	--	33	38742	卖盘
13:58:35	11.74	-0.01	7	8218	卖盘
13:58:29	11.75	0.01	76	89300	买盘
13:58:25	11.74	--	74	87463	买盘
13:58:20	11.74	0.01	105	123270	买盘
13:58:14	11.73	-0.02	147	172431	买盘
13:58:10	11.75	0.02	601	706175	买盘
13:58:05	11.73	--	101	118473	卖盘
13:57:59	11.73	--	27	31671	卖盘
13:57:54	11.73	--	131	153663	卖盘
13:57:50	11.73	-0.01	54	63342	卖盘
13:57:44	11.74	--	90	105660	买盘
13:57:40	11.74	--	53	62222	买盘
13:57:34	11.74	--	129	152056	卖盘
13:57:29	11.74	--	26	30524	卖盘
13:57:25	11.74	-0.01	116	136184	卖盘
13:57:19	11.75	--	50	58750	买盘
13:57:14	11.75	--	825	969939	卖盘
13:57:09	11.75	-0.01	38	44650	卖盘
13:57:04	11.76	0.01	5	5880	买盘
13:56:59	11.75	-0.01	113	132775	卖盘
13:56:55	11.76	--	137	161112	卖盘
13:56:49	11.76	--	65	76440	卖盘
13:56:44	11.76	0.01	139	163464	买盘
13:56:40	11.75	-0.01	174	204450	卖盘
13:56:34	11.76	--	7	8232	买盘
13:56:29	11.76	-0.01	89	104664	卖盘
13:56:24	11.77	-0.01	412	484924	中性盘
13:56:19	11.78	--	118	139004	买盘
13:56:14	11.78	--	200	235600	买盘
13:56:09	11.78	--	56	65968	买盘
13:56:04	11.78	--	117	137826	买盘
13:55:59	11.78	-0.01	280	329840	中性盘
13:55:55	11.79	0.01	668	787572	买盘
13:55:49	11.78	-0.01	116	136648	中性盘
13:55:44	11.79	--	920	1084680	买盘
13:55:39	11.79	0.01	96	113183	买盘
13:55:34	11.78	--	118	139004	卖盘
13:55:29	11.78	--	125	147250	卖盘
13:55:24	11.78	--	158	186124	买盘
13:55:19	11.78	--	18	21204	买盘
13:55:14	11.78	--	423	498294	买盘
13:55:09	11.78	--	152	179056	买盘
13:55:04	11.78	0.01	26	30628	买盘
13:54:59	11.77	--	67	78859	卖盘
13:54:53	11.77	--	148	174196	买盘
13:54:49	11.77	--	157	184789	买盘
13:54:44	11.77	0.01	359	422543	中性盘
13:54:38	11.76	--	308	362208	买盘
13:54:34	11.76	--	140	164640	卖盘
13:54:29	11.76	-0.01	85	99960	卖盘
13:54:23	11.77	0.01	31	36487	买盘
13:54:19	11.76	--	154	181104	卖盘
13:54:14	11.76	--	426	500976	买盘
13:54:08	11.76	0.01	209	245784	买盘
13:54:04	11.75	-0.01	10	11750	卖盘
13:53:59	11.76	0.01	192	225792	买盘
13:53:53	11.75	--	69	81075	买盘
13:53:49	11.75	0.01	10	11750	买盘
13:53:44	11.74	--	38	44612	卖盘
13:53:38	11.74	-0.01	1002	1176348	中性盘
13:53:34	11.75	0.02	177	207975	买盘
13:53:29	11.73	-0.01	324	380052	卖盘
13:53:23	11.74	0.01	291	341634	买盘
13:53:19	11.73	-0.01	223	261579	卖盘
13:53:14	11.74	0.02	346	406204	中性盘
13:53:08	11.72	-0.01	390	457080	卖盘
13:53:04	11.73	-0.01	32	37536	卖盘
13:52:59	11.74	-0.01	25	29350	中性盘
13:52:53	11.75	0.02	904	1062200	买盘
13:52:49	11.73	-0.02	42	49266	卖盘
13:52:44	11.75	0.01	87	102225	买盘
13:52:38	11.74	-0.01	297	348678	卖盘
13:52:34	11.75	0.01	67	78725	买盘
13:52:29	11.74	--	20	23480	卖盘
13:52:23	11.74	-0.01	48	56352	卖盘
13:52:19	11.75	0.02	139	163325	买盘
13:52:14	11.73	-0.02	90	105570	卖盘
13:52:08	11.75	0.01	101	118675	买盘
13:52:04	11.74	-0.02	273	320502	卖盘
13:51:59	11.76	0.02	270	317520	买盘
13:51:53	11.74	-0.01	110	129140	卖盘
13:51:48	11.75	0.01	85	99875	买盘
13:51:44	11.74	-0.01	5	5870	中性盘
13:51:38	11.75	--	232	272600	买盘
13:51:34	11.75	--	284	333700	卖盘
13:51:29	11.75	--	255	299625	卖盘
13:51:23	11.75	0.02	227	267065	买盘
13:51:19	11.73	-0.02	135	158355	卖盘
13:51:14	11.75	--	1	1175	买盘
13:51:08	11.75	-0.02	179	210325	买盘
13:51:04	11.77	0.02	397	467269	买盘
13:50:59	11.75	-0.01	78	92237	卖盘
13:50:53	11.76	-0.01	399	469224	卖盘
13:50:48	11.77	--	236	278360	卖盘
13:50:43	11.77	-0.01	51	60027	卖盘
13:50:38	11.78	--	545	642010	卖盘
13:50:33	11.78	-0.01	627	738606	卖盘
13:50:29	11.79	-0.01	487	574173	卖盘
13:50:23	11.8	--	570	673190	卖盘
13:50:18	11.8	-0.01	321	378780	卖盘
13:50:13	11.81	-0.01	123	145263	卖盘
13:50:08	11.82	0.01	338	399516	买盘
13:50:03	11.81	--	824	973734	买盘
13:49:58	11.81	-0.01	136	160616	买盘
13:49:53	11.82	0.01	1088	1286016	买盘
13:49:48	11.81	--	746	881026	卖盘
13:49:43	11.81	0.01	250	295250	中性盘
13:49:38	11.8	--	594	700920	卖盘
13:49:34	11.8	0.02	302	356360	买盘
13:49:28	11.78	0.02	407	479446	中性盘
13:49:23	11.76	-0.02	424	498624	卖盘
13:49:19	11.78	-0.01	615	724470	中性盘
13:49:13	11.79	0.03	99	116720	中性盘
13:49:08	11.76	0.01	3653	4295928	买盘
13:49:03	11.75	0.02	259	304325	买盘
13:48:58	11.73	0.01	106	124338	买盘
13:48:53	11.72	--	174	203928	卖盘
13:48:48	11.72	0.05	3079	3609232	买盘
13:48:43	11.67	-0.01	60	70020	卖盘
13:48:38	11.68	0.01	448	523264	买盘
13:48:33	11.67	--	724	844908	买盘
13:48:28	11.67	--	97	113199	买盘
13:48:23	11.67	0.01	126	147042	买盘
13:48:18	11.66	0.01	1618	1886588	买盘
13:48:13	11.65	-0.01	376	438040	卖盘
13:48:08	11.66	0.01	715	834797	买盘
13:48:02	11.65	0.01	724	843460	买盘
13:47:58	11.64	--	205	238620	卖盘
13:47:53	11.64	0.01	200	232800	买盘
13:47:47	11.63	--	860	1000180	卖盘
13:47:43	11.63	-0.01	335	389605	中性盘
13:47:38	11.64	--	166	193224	买盘
13:47:32	11.64	0.01	305	355020	买盘
13:47:28	11.63	-0.01	25	29075	卖盘
13:47:23	11.64	--	491	571524	买盘
13:47:17	11.64	0.01	163	189732	中性盘
13:47:13	11.63	0.02	144	167472	中性盘
13:47:08	11.61	--	829	962469	卖盘
13:47:02	11.61	--	652	756972	卖盘
13:46:58	11.61	-0.01	370	429570	卖盘
13:46:53	11.62	0.01	43	49966	中性盘
13:46:47	11.61	-0.01	231	268771	卖盘
13:46:43	11.62	0.01	71	83083	买盘
13:46:38	11.61	--	467	542187	卖盘
13:46:32	11.61	--	625	725625	卖盘
13:46:28	11.61	-0.03	5	5805	卖盘
13:46:23	11.64	--	487	566868	买盘
13:46:17	11.64	-0.01	979	1139556	卖盘
13:46:12	11.65	--	784	913360	买盘
13:46:08	11.65	0.01	462	538230	买盘
13:46:02	11.64	-0.01	532	619248	中性盘
13:45:58	11.65	--	869	1012385	买盘
13:45:53	11.65	-0.01	674	785210	买盘
13:45:47	11.66	0.02	541	630806	买盘
13:45:42	11.64	-0.01	245	285180	卖盘
13:45:38	11.65	0.01	239	278435	买盘
13:45:32	11.64	--	204	237456	买盘
13:45:27	11.64	0.02	677	788028	买盘
13:45:23	11.62	--	55	63909	卖盘
13:45:17	11.62	0.02	214	248667	买盘
13:45:12	11.6	-0.02	1341	1555560	卖盘
13:45:08	11.62	0.02	277	321874	买盘
13:45:02	11.6	--	770	893200	买盘
13:44:57	11.6	--	893	1035880	买盘
13:44:53	11.6	0.02	219	254040	买盘
13:44:47	11.58	--	961	1112838	卖盘
13:44:42	11.58	0.01	842	976020	买盘
13:44:38	11.57	-0.01	132	152724	卖盘
13:44:32	11.58	0.01	490	567420	买盘
13:44:27	11.57	0.02	1464	1693848	买盘
13:44:23	11.55	--	202	233310	卖盘
13:44:17	11.55	0.01	2619	3026088	买盘
13:44:12	11.54	0.02	1660	1915639	买盘
13:44:08	11.52	-0.01	193	222336	卖盘
13:44:02	11.53	0.01	40	46120	买盘
13:43:57	11.52	-0.01	262	301824	卖盘
13:43:52	11.53	--	73	84169	买盘
13:43:47	11.53	--	162	186786	买盘
13:43:42	11.53	0.01	16	18448	买盘
13:43:37	11.52	0.01	845	973440	买盘
13:43:32	11.51	0.02	419	483155	买盘
13:43:27	11.49	-0.01	157	180393	卖盘
13:43:22	11.5	0.01	1047	1204050	买盘
13:43:17	11.49	-0.01	104	119496	卖盘
13:43:12	11.5	--	195	224250	买盘
13:43:07	11.5	--	137	157550	买盘
13:43:02	11.5	0.01	180	207000	买盘
13:42:57	11.49	-0.01	100	114900	中性盘
13:42:52	11.5	--	74	85100	买盘
13:42:47	11.5	0.01	269	309350	买盘
13:42:43	11.49	--	149	171201	卖盘
13:42:37	11.49	-0.01	18	20682	卖盘
13:42:32	11.5	0.01	493	566950	买盘
13:42:27	11.49	0.01	203	233247	买盘
13:42:22	11.48	0.02	10	11480	买盘
13:42:17	11.46	-0.02	1409	1614714	卖盘
13:42:12	11.48	--	10	11480	买盘
13:42:07	11.48	--	8	9184	买盘
13:42:02	11.48	--	1721	1975708	买盘
13:41:57	11.48	--	117	134316	买盘
13:41:52	11.48	--	131	150388	买盘
13:41:47	11.48	--	11	12628	买盘
13:41:41	11.48	--	147	169594	卖盘
13:41:37	11.48	--	46	53117	买盘
13:41:32	11.48	--	393	451164	买盘
13:41:27	11.48	0.01	246	282408	买盘
13:41:22	11.47	-0.01	7	8029	卖盘
13:41:17	11.48	--	61	70028	买盘
13:41:11	11.48	0.02	108	123984	买盘
13:41:07	11.46	--	0	0	卖盘
13:41:02	11.46	--	70	80220	卖盘
13:40:56	11.46	--	1	1146	卖盘
13:40:52	11.46	-0.02	51	58446	卖盘
13:40:47	11.48	0.03	65	74620	买盘
13:40:41	11.45	-0.02	260	297700	卖盘
13:40:37	11.47	0.02	989	1134841	买盘
13:40:32	11.45	-0.01	73	83585	买盘
13:40:26	11.46	0.01	150	171900	买盘
13:40:22	11.45	--	0	0	买盘
13:40:17	11.45	0.01	30	34350	买盘
13:40:11	11.44	--	0	0	买盘
13:40:07	11.44	--	1	1144	买盘
13:40:02	11.44	0.02	113	129272	买盘
13:39:56	11.42	-0.02	140	159880	卖盘
13:39:52	11.44	-0.01	45	51480	买盘
13:39:47	11.45	0.01	344	393880	买盘
13:39:41	11.44	0.01	2	2288	买盘
13:39:36	11.43	-0.01	9	10287	卖盘
13:39:32	11.44	--	10	11440	卖盘
13:39:26	11.44	-0.01	114	130416	买盘
13:39:17	11.45	0.02	420	480899	买盘
13:39:11	11.43	--	55	62865	卖盘
13:39:06	11.43	-0.01	93	106299	卖盘
13:39:02	11.44	0.01	16	18304	中性盘
13:38:56	11.43	-0.01	281	321183	卖盘
13:38:51	11.44	0.01	54	61776	买盘
13:38:47	11.43	--	16	18288	卖盘
13:38:41	11.43	--	38	43434	卖盘
13:38:36	11.43	-0.01	55	62865	卖盘
13:38:26	11.44	0.01	274	313456	买盘
13:38:21	11.43	--	1	1143	卖盘
13:38:11	11.43	--	569	650367	卖盘
13:38:06	11.43	--	116	132588	卖盘
13:37:56	11.43	--	13	14859	卖盘
13:37:51	11.43	--	8	9144	卖盘
13:37:47	11.43	0.01	509	581901	买盘
13:37:41	11.42	--	14	15988	卖盘
13:37:36	11.42	--	1	1142	卖盘
13:37:26	11.42	--	39	44538	卖盘
13:37:16	11.42	-0.01	13	14846	卖盘
13:37:11	11.43	0.01	48	54864	买盘
13:37:06	11.42	--	2	2284	卖盘
13:37:01	11.42	0.01	133	151886	买盘
13:36:51	11.41	--	6	6846	卖盘
13:36:41	11.41	--	20	22820	卖盘
13:36:36	11.41	-0.01	5	5705	卖盘
13:36:26	11.42	0.01	16	18272	买盘
13:36:21	11.41	0.01	12	13692	卖盘
13:36:16	11.4	--	0	0	卖盘
13:36:11	11.4	-0.02	2	2280	卖盘
13:36:07	11.42	--	53	60526	买盘
13:36:01	11.42	--	10	11420	买盘
13:35:51	11.42	--	252	287784	卖盘
13:35:46	11.42	--	7	7994	卖盘
13:35:41	11.42	-0.01	17	19414	卖盘
13:35:36	11.43	0.01	20	22860	买盘
13:35:31	11.42	--	2	2284	卖盘
13:35:26	11.42	0.02	655	748010	买盘
13:35:21	11.4	--	10	11400	卖盘
13:35:11	11.4	-0.01	33	37620	卖盘
13:35:06	11.41	0.01	2	2282	买盘
13:35:01	11.4	--	79	90060	卖盘
13:34:56	11.4	--	10	11400	卖盘
13:34:51	11.4	0.01	346	394440	买盘
13:34:46	11.39	--	1	1139	卖盘
13:34:41	11.39	--	1	1139	卖盘
13:34:36	11.39	--	2	2278	卖盘
13:34:31	11.39	--	2	2278	卖盘
13:34:26	11.39	--	6	6834	卖盘
13:34:20	11.39	-0.01	7	7973	卖盘
13:34:11	11.4	--	10	11400	买盘
13:34:05	11.4	0.01	28	31920	买盘
13:34:01	11.39	--	5	5695	卖盘
13:33:56	11.39	--	12	13668	卖盘
13:33:50	11.39	0.01	110	125290	买盘
13:33:41	11.38	-0.01	2	2276	卖盘
13:33:35	11.39	0.01	14	15946	买盘
13:33:31	11.38	-0.01	1	1138	卖盘
13:33:26	11.39	0.01	10	11390	买盘
13:33:20	11.38	--	2	2276	卖盘
13:33:16	11.38	-0.01	3	3983	卖盘
13:33:05	11.39	0.01	6	6834	买盘
13:33:01	11.38	--	1	1138	卖盘
13:32:50	11.38	--	8	9104	卖盘
13:32:40	11.38	-0.01	1	1138	卖盘
13:32:35	11.39	0.01	3	3417	买盘
13:32:31	11.38	--	4	4552	卖盘
13:32:20	11.38	--	4	4552	卖盘
13:32:11	11.38	--	7	7966	卖盘
13:32:05	11.38	-0.01	3	3414	卖盘
13:32:00	11.39	--	9	10251	买盘
13:31:56	11.39	--	2	2278	买盘
13:31:50	11.39	0.01	1	1139	买盘
13:31:45	11.38	-0.01	18	20484	卖盘
13:31:26	11.39	--	90	102510	卖盘
13:31:15	11.39	--	12	13668	卖盘
13:31:00	11.39	-0.01	59	67201	卖盘
13:30:45	11.4	-0.01	121	137940	卖盘
13:30:30	11.41	--	1	1141	卖盘
13:30:26	11.41	--	3	3423	买盘
13:30:15	11.41	--	4	4564	买盘
13:30:05	11.41	--	3	3423	卖盘
13:30:00	11.41	--	14	15974	买盘
13:29:50	11.41	0.01	10	11410	买盘
13:29:45	11.4	0.01	4	4560	卖盘
13:29:40	11.39	--	24	27336	买盘
13:29:30	11.39	--	20	22780	卖盘
13:29:20	11.39	--	15	17085	卖盘
13:29:15	11.39	0.01	208	237481	买盘
13:29:00	11.38	--	9	10242	卖盘
13:28:50	11.38	-0.01	30	34140	卖盘
13:28:45	11.39	--	15	17085	买盘
13:28:40	11.39	-0.02	307	350242	卖盘
13:28:35	11.41	--	0	0	中性盘
13:28:30	11.41	--	2	2282	卖盘
13:28:25	11.41	0.01	1143	1304265	买盘
13:28:15	11.4	0.01	10	11400	买盘
13:28:10	11.39	--	1	1139	卖盘
13:28:05	11.39	--	3	3417	卖盘
13:27:59	11.39	--	2	2847	卖盘
13:27:50	11.39	--	3	3417	卖盘
13:27:40	11.39	--	2	2278	卖盘
13:27:29	11.39	-0.01	2	2278	卖盘
13:27:25	11.4	0.01	10	11400	买盘
13:27:20	11.39	-0.01	2	2278	卖盘
13:27:14	11.4	0.01	6	6840	买盘
13:27:10	11.39	-0.01	8	9112	卖盘
13:26:59	11.4	0.01	40	45600	买盘
13:26:50	11.39	-0.01	50	57986	卖盘
13:26:44	11.4	--	35	40002	买盘
13:26:40	11.4	--	4	5597	卖盘
13:26:35	11.4	--	18	20520	卖盘
13:26:29	11.4	--	90	102702	买盘
13:26:24	11.4	--	27	30780	买盘
13:26:20	11.4	0.01	14	15960	买盘
13:26:10	11.39	-0.01	12	13668	卖盘
13:25:59	11.4	0.01	42	47880	买盘
13:25:54	11.39	-0.01	20	22780	卖盘
13:25:50	11.4	0.01	5	5700	买盘
13:25:29	11.39	-0.01	8	9112	卖盘
13:25:09	11.4	0.02	34	38760	买盘
13:25:04	11.38	--	0	0	卖盘
13:24:59	11.38	--	119	135422	卖盘
13:24:54	11.38	-0.02	2	2276	卖盘
13:24:44	11.4	0.02	5	5700	买盘
13:24:39	11.38	--	2	2276	卖盘
13:24:29	11.38	0.01	9	10242	卖盘
13:24:19	11.37	-0.03	9	10233	卖盘
13:24:14	11.4	0.02	33	37620	买盘
13:24:04	11.38	-0.01	49	55762	卖盘
13:23:59	11.39	0.01	5	5695	买盘
13:23:49	11.38	--	5	5690	卖盘
13:23:35	11.38	--	22	25036	卖盘
13:23:09	11.38	--	2	2276	卖盘
13:22:59	11.38	--	10	11380	卖盘
13:22:49	11.38	-0.01	7	7966	卖盘
13:22:44	11.39	0.01	5	5695	买盘
13:22:39	11.38	-0.01	5	5690	卖盘
13:22:34	11.39	--	34	38726	买盘
13:22:29	11.39	-0.01	21	23919	卖盘
13:22:14	11.4	-0.01	14	16997	卖盘
13:22:09	11.41	0.01	9	10269	买盘
13:21:54	11.4	--	2	2382	买盘
13:21:39	11.4	--	2	3317	卖盘
13:21:29	11.4	--	25	28500	卖盘
13:21:19	11.4	-0.01	1	1140	卖盘
13:21:14	11.41	--	14	15974	买盘
13:21:09	11.41	0.01	2	2282	买盘
13:20:59	11.4	--	5	5700	卖盘
13:20:53	11.4	--	0	102	卖盘
13:20:44	11.4	0.01	26	29640	买盘
13:20:38	11.39	--	2	2278	卖盘
13:20:29	11.39	--	1	1139	卖盘
13:20:19	11.39	--	1	1139	卖盘
13:20:14	11.39	0.02	6	6834	买盘
13:20:08	11.37	-0.02	3	3410	卖盘
13:19:59	11.39	0.02	14	15946	买盘
13:19:53	11.37	-0.02	3	3410	卖盘
13:19:49	11.39	0.01	63	71757	买盘
13:19:38	11.38	-0.02	10	11380	卖盘
13:19:33	11.4	0.01	292	332880	买盘
13:19:23	11.39	0.01	50	56950	买盘
13:19:19	11.38	--	2	2276	卖盘
13:19:08	11.38	-0.01	9	10242	卖盘
13:18:59	11.39	--	12	13668	卖盘
13:18:53	11.39	--	33	37587	买盘
13:18:48	11.39	--	5	5695	买盘
13:18:44	11.39	0.01	48	54672	买盘
13:18:38	11.38	-0.01	13	14794	卖盘
13:18:29	11.39	--	34	38726	卖盘
13:18:23	11.39	0.01	27	30753	买盘
13:18:18	11.38	-0.01	6	6828	卖盘
13:18:14	11.39	--	6	6834	买盘
13:18:08	11.39	-0.01	24	27336	卖盘
13:18:03	11.4	0.01	4	4560	买盘
13:17:48	11.39	--	3	3417	卖盘
13:17:38	11.39	--	1	1139	卖盘
13:17:29	11.39	--	2	2278	卖盘
13:17:18	11.39	-0.01	9	10251	卖盘
13:16:58	11.4	0.01	2	2280	买盘
13:16:48	11.39	--	2	2278	卖盘
13:16:38	11.39	--	8	9112	卖盘
13:16:23	11.39	--	39	44421	卖盘
13:16:18	11.39	--	2	2278	卖盘
13:16:08	11.39	-0.01	4	4556	卖盘
13:15:53	11.4	--	19	21660	卖盘
13:15:48	11.4	-0.01	5	5700	卖盘
13:15:33	11.41	0.01	26	29666	买盘
13:15:28	11.4	-0.01	5	5700	卖盘
13:15:23	11.41	0.01	11	12551	买盘
13:14:58	11.4	-0.01	4	4560	卖盘
13:14:53	11.41	0.01	6	6846	买盘
13:14:48	11.4	-0.02	9	10260	卖盘
13:14:43	11.42	0.02	10	11420	买盘
13:14:38	11.4	--	2	2280	卖盘
13:14:33	11.4	--	3	3420	卖盘
13:14:23	11.4	--	13	14820	买盘
13:14:02	11.4	-0.02	41	46740	卖盘
13:13:58	11.42	--	0	0	买盘
13:13:32	11.42	--	0	0	买盘
13:13:28	11.42	--	10	11420	买盘
13:13:13	11.42	--	3	3426	买盘
13:12:38	11.42	0.03	10	11420	买盘
13:12:28	11.39	--	59	67201	卖盘
13:12:08	11.39	--	0	0	卖盘
13:12:02	11.39	-0.01	7	7973	卖盘
13:11:53	11.4	--	0	0	买盘
13:11:38	11.4	--	8	9120	买盘
13:11:27	11.4	--	11	12540	买盘
13:11:12	11.4	--	10	11400	买盘
13:11:08	11.4	-0.02	12	13680	卖盘
13:10:57	11.42	0.02	5	5710	买盘
13:10:47	11.4	--	10	11400	卖盘
13:10:42	11.4	--	21	24738	买盘
13:10:32	11.4	--	27	31122	卖盘
13:10:27	11.4	--	42	47880	卖盘
13:10:17	11.4	--	4	4560	卖盘
13:09:53	11.4	--	50	57000	卖盘
13:09:47	11.4	--	1	1710	卖盘
13:09:32	11.4	0.03	795	906528	买盘
13:09:27	11.37	-0.01	1	1137	卖盘
13:09:12	11.38	0.01	1	1138	买盘
13:09:02	11.37	-0.01	5	5685	卖盘
13:08:37	11.38	0.01	40	45520	买盘
13:08:02	11.37	--	1	1137	卖盘
13:07:57	11.37	--	10	11370	卖盘
13:07:17	11.37	--	30	34110	卖盘
13:06:56	11.37	--	47	53438	买盘
13:06:47	11.37	--	17	19329	卖盘
13:06:22	11.37	--	2	2274	卖盘
13:06:11	11.37	--	74	84138	卖盘
13:05:26	11.37	--	4	4548	卖盘
13:05:11	11.37	-0.01	18	20466	卖盘
13:04:51	11.38	--	0	0	买盘
13:04:31	11.38	--	1	1138	卖盘
13:04:26	11.38	--	4	4552	卖盘
13:03:51	11.38	--	16	18208	卖盘
13:03:26	11.38	--	150	170700	卖盘
13:03:11	11.38	-0.01	32	36416	卖盘
13:02:46	11.39	--	12	13668	买盘
13:01:51	11.39	0.01	10	11390	买盘
13:01:05	11.38	-0.01	18	20484	卖盘
13:00:20	11.39	0.01	5	5695	买盘
13:00:11	11.38	--	31	35278	卖盘
13:00:05	11.38	--	204	232152	卖盘
11:30:00	11.38	--	0	0	卖盘
11:30:00	11.38	--	0	0	卖盘
11:29:31	11.38	--	6	6828	卖盘
11:29:27	11.38	--	53	60314	买盘
11:29:22	11.38	--	5	5690	买盘
11:29:07	11.38	--	1	1138	买盘
11:28:57	11.38	--	1	1138	买盘
11:28:46	11.38	--	23	26174	买盘
11:28:31	11.38	--	18	20484	买盘
11:28:27	11.38	0.01	50	56900	买盘
11:28:12	11.37	-0.01	13	14780	卖盘
11:28:01	11.38	--	47	53486	买盘
11:27:52	11.38	--	5	5690	买盘
11:27:46	11.38	--	0	0	买盘
11:27:26	11.38	0.01	29	33002	买盘
11:27:10	11.37	--	49	55712	买盘
11:27:01	11.37	--	1	1137	买盘
11:26:51	11.37	--	3	3410	买盘
11:26:40	11.37	--	4	4548	买盘
11:26:16	11.37	--	19	21603	买盘
11:26:10	11.37	0.01	2	2274	买盘
11:26:01	11.36	-0.01	3	3408	卖盘
11:25:46	11.37	0.01	19	21603	买盘
11:25:40	11.36	--	24	27264	卖盘
11:25:36	11.36	--	5	5680	卖盘
11:25:21	11.36	--	10	11360	卖盘
11:25:16	11.36	0.01	7	7952	卖盘
11:25:10	11.35	--	0	0	卖盘
11:25:01	11.35	--	22	24970	卖盘
11:24:55	11.35	-0.01	22	24970	卖盘
11:24:40	11.36	--	20	22720	买盘
11:24:36	11.36	0.01	25	28400	买盘
11:24:31	11.35	--	46	52210	卖盘
11:24:25	11.35	--	27	30645	卖盘
11:24:21	11.35	0.01	77	87395	买盘
11:24:16	11.34	-0.01	40	45360	卖盘
11:24:10	11.35	--	36	40860	买盘
11:24:06	11.35	--	61	69235	买盘
11:23:55	11.35	0.01	56	63560	买盘
11:23:51	11.34	-0.01	10	11340	卖盘
11:23:46	11.35	--	4	4540	买盘
11:23:40	11.35	--	22	24970	买盘
11:23:21	11.35	--	36	40860	买盘
11:23:06	11.35	--	26	29510	买盘
11:22:55	11.35	--	10	11350	买盘
11:22:46	11.35	--	46	52210	卖盘
11:22:40	11.35	--	15	17025	卖盘
11:22:36	11.35	-0.01	38	43130	卖盘
11:22:21	11.36	0.01	23	26128	买盘
11:22:10	11.35	-0.01	12	13620	卖盘
11:21:31	11.36	--	14	15904	卖盘
11:21:25	11.36	--	88	99968	卖盘
11:21:21	11.36	--	15	17040	卖盘
11:21:16	11.36	--	5	5680	卖盘
11:20:49	11.36	0.01	1	1136	买盘
11:20:40	11.35	--	0	0	卖盘
11:20:25	11.35	-0.03	4	4540	卖盘
11:20:19	11.38	0.01	23	26174	买盘
11:20:10	11.37	0.02	13	14780	买盘
11:19:49	11.35	-0.01	33	37455	卖盘
11:19:25	11.36	--	24	27264	买盘
11:19:19	11.36	--	1	1136	买盘
11:19:00	11.36	-0.03	73	82928	卖盘
11:18:34	11.39	--	0	0	买盘
11:18:30	11.39	--	521	594091	买盘
11:18:25	11.39	--	10	11390	买盘
11:18:19	11.39	--	16	18224	买盘
11:18:10	11.39	0.01	24	27336	买盘
11:18:04	11.38	--	1	1138	卖盘
11:17:55	11.38	-0.01	10	11380	卖盘
11:17:49	11.39	--	8	9112	买盘
11:17:40	11.39	0.01	29	33031	买盘
11:17:19	11.38	--	34	38692	卖盘
11:17:10	11.38	--	77	88092	买盘
11:17:00	11.38	--	3	3414	买盘
11:16:49	11.38	--	8	9104	买盘
11:16:40	11.38	0.02	2	2276	买盘
11:16:34	11.36	-0.02	6	6816	卖盘
11:16:19	11.38	0.01	24	27312	买盘
11:16:15	11.37	--	70	79590	买盘
11:16:00	11.37	--	0	0	买盘
11:15:45	11.37	--	44	50028	买盘
11:15:34	11.37	--	0	0	买盘
11:15:30	11.37	0.01	26	29561	买盘
11:15:25	11.36	--	1	1136	买盘
11:15:19	11.36	0.01	87	98832	买盘
11:14:54	11.35	--	17	19295	买盘
11:14:49	11.35	--	22	24970	买盘
11:14:45	11.35	-0.01	165	187275	卖盘
11:14:40	11.36	--	14	15904	买盘
11:14:34	11.36	--	7	7952	买盘
11:14:29	11.36	--	29	32944	买盘
11:14:25	11.36	--	91	103376	买盘
11:14:19	11.36	--	26	29536	买盘
11:14:15	11.36	--	10	11360	买盘
11:13:55	11.36	0.01	58	65888	买盘
11:13:49	11.35	-0.01	20	22700	卖盘
11:13:43	11.36	--	69	78384	卖盘
11:13:34	11.36	0.01	51	57936	买盘
11:13:24	11.35	--	76	86260	卖盘
11:13:19	11.35	-0.01	4	4540	卖盘
11:13:13	11.36	0.01	25	28400	买盘
11:13:09	11.35	--	10	11350	卖盘
11:13:04	11.35	-0.02	100	113500	卖盘
11:12:49	11.37	--	0	0	买盘
11:12:43	11.37	0.01	135	153495	买盘
11:12:39	11.36	-0.01	1	1136	卖盘
11:12:13	11.37	--	42	47856	卖盘
11:12:04	11.37	-0.01	6	6821	卖盘
11:11:34	11.38	--	3	3414	卖盘
11:11:24	11.38	--	6	6828	卖盘
11:11:19	11.38	0.01	46	52348	买盘
11:11:13	11.37	--	26	29561	卖盘
11:11:04	11.37	-0.01	10	11370	卖盘
11:10:43	11.38	0.01	5	5690	买盘
11:10:39	11.37	--	16	19226	卖盘
11:10:34	11.37	-0.01	260	295620	卖盘
11:10:28	11.38	--	3	3414	卖盘
11:10:24	11.38	-0.01	42	47796	卖盘
11:10:13	11.39	0.01	25	28475	买盘
11:10:09	11.38	-0.01	53	60314	卖盘
11:09:54	11.39	--	5	5695	买盘
11:09:43	11.39	--	4	4556	买盘
11:09:39	11.39	--	10	11390	买盘
11:09:13	11.39	0.01	26	29614	买盘
11:09:09	11.38	-0.01	10	11380	卖盘
11:08:54	11.39	0.01	10	11390	买盘
11:08:43	11.38	--	10	11380	卖盘
11:08:24	11.38	--	10	11380	卖盘
11:08:19	11.38	-0.01	2	2276	卖盘
11:08:07	11.39	0.01	26	29614	买盘
11:08:04	11.38	-0.01	9	10242	卖盘
11:07:58	11.39	0.01	10	11390	买盘
11:07:49	11.38	-0.01	20	22760	卖盘
11:07:33	11.39	--	1	1139	买盘
11:07:28	11.39	-0.01	7	7973	中性盘
11:07:22	11.4	0.01	1	1140	买盘
11:07:13	11.39	--	15	17085	卖盘
11:07:07	11.39	-0.01	2	2278	卖盘
11:06:58	11.4	0.01	24	27360	买盘
11:06:52	11.39	0.01	9	10251	买盘
11:06:28	11.38	-0.01	1	1138	卖盘
11:06:18	11.39	--	12	13668	买盘
11:06:13	11.39	--	1	1139	买盘
11:06:07	11.39	--	21	23919	卖盘
11:06:03	11.39	--	9	10251	买盘
11:05:58	11.39	--	24	27336	买盘
11:05:52	11.39	--	3	3417	卖盘
11:05:43	11.39	-0.01	20	22780	卖盘
11:05:07	11.4	0.01	25	28500	买盘
11:05:03	11.39	--	12	13668	卖盘
11:04:58	11.39	-0.01	15	17085	卖盘
11:04:37	11.4	-0.01	65	74339	卖盘
11:04:28	11.41	0.01	62	70742	买盘
11:04:22	11.4	--	34	39660	买盘
11:03:43	11.4	--	15	17339	卖盘
11:03:22	11.4	--	9	10260	卖盘
11:03:18	11.4	--	50	57000	卖盘
11:03:03	11.4	--	28	31920	卖盘
11:02:52	11.4	--	6	6840	卖盘
11:02:43	11.4	--	10	11400	卖盘
11:02:37	11.4	--	6	6840	卖盘
11:02:28	11.4	--	2	2280	卖盘
11:02:07	11.4	--	125	142500	卖盘
11:02:03	11.4	--	36	41040	卖盘
11:01:43	11.4	-0.01	9	10260	卖盘
11:01:37	11.41	--	44	50204	买盘
11:01:32	11.41	--	30	34230	卖盘
11:01:28	11.41	--	13	14833	卖盘
11:01:13	11.41	--	0	0	卖盘
11:01:07	11.41	-0.02	5	5705	卖盘
11:00:58	11.43	--	4	4572	买盘
11:00:52	11.43	0.01	24	27432	买盘
11:00:46	11.42	-0.02	2	3311	卖盘
11:00:42	11.44	--	0	0	买盘
11:00:37	11.44	0.01	100	114400	买盘
11:00:22	11.43	--	6	6858	卖盘
11:00:16	11.43	--	20	22860	卖盘
11:00:07	11.43	--	45	51435	买盘
11:00:01	11.43	--	7	8001	卖盘
10:59:57	11.43	--	3	3429	买盘
10:59:52	11.43	--	83	94869	卖盘
10:59:46	11.43	0.01	25	28689	买盘
10:59:42	11.42	-0.01	7	7994	卖盘
10:59:37	11.43	--	13	14859	买盘
10:59:31	11.43	--	185	211455	买盘
10:59:22	11.43	--	1	1143	买盘
10:59:16	11.43	--	32	36576	买盘
10:59:07	11.43	--	3	3429	买盘
10:59:01	11.43	--	21	25031	卖盘
10:58:57	11.43	-0.01	8	9144	卖盘
10:58:52	11.44	0.01	25	28600	买盘
10:58:46	11.43	--	59	67551	买盘
10:58:37	11.43	--	0	0	买盘
10:58:22	11.43	--	34	38862	买盘
10:58:16	11.43	--	61	70751	卖盘
10:58:07	11.43	--	44	50406	买盘
10:58:01	11.43	0.02	26	29718	买盘
10:57:57	11.41	-0.02	5	5705	卖盘
10:57:37	11.43	0.01	260	297180	买盘
10:57:31	11.42	--	2	2284	买盘
10:57:27	11.42	-0.01	3	3426	卖盘
10:57:22	11.43	--	120	137160	买盘
10:57:16	11.43	--	47	53721	买盘
10:57:07	11.43	--	18	20574	买盘
10:57:01	11.43	--	28	32004	买盘
10:56:52	11.43	--	0	0	买盘
10:56:46	11.43	0.01	26	29718	买盘
10:56:42	11.42	--	10	11420	买盘
10:56:31	11.42	--	15	17130	买盘
10:56:27	11.42	0.01	315	359730	买盘
10:56:16	11.41	--	30	34230	买盘
10:56:12	11.41	--	13	14833	买盘
10:55:46	11.41	0.01	25	28525	买盘
10:55:37	11.4	-0.01	40	45600	卖盘
10:55:22	11.41	--	5	5705	买盘
10:55:16	11.41	0.01	37	42217	买盘
10:55:12	11.4	--	2	2280	卖盘
10:55:01	11.4	-0.01	10	11400	卖盘
10:54:46	11.41	0.01	31	36272	买盘
10:54:42	11.4	--	6	6840	买盘
10:54:25	11.4	0.01	7	7980	买盘
10:54:16	11.39	-0.01	6	6834	卖盘
10:54:10	11.4	--	15	17100	买盘
10:54:06	11.4	--	6	6840	买盘
10:54:01	11.4	--	5	5700	买盘
10:53:55	11.4	--	44	50160	买盘
10:53:51	11.4	--	10	11400	买盘
10:53:40	11.4	--	161	183540	买盘
10:53:36	11.4	0.01	32	36480	买盘
10:53:31	11.39	-0.01	1	1139	卖盘
10:53:21	11.4	--	30	34200	买盘
10:53:16	11.4	--	26	29640	买盘
10:53:10	11.4	0.01	34	38760	买盘
10:52:16	11.39	-0.01	20	22780	买盘
10:52:06	11.4	--	0	0	买盘
10:52:01	11.4	--	28	31920	买盘
10:51:46	11.4	--	26	29640	买盘
10:51:40	11.4	--	0	0	买盘
10:51:16	11.4	--	27	30780	买盘
10:51:10	11.4	--	12	13680	买盘
10:51:06	11.4	0.02	27	30780	买盘
10:51:01	11.38	--	30	34140	卖盘
10:50:46	11.38	--	38	43244	买盘
10:50:25	11.38	--	43	48934	买盘
10:50:21	11.38	--	40	45520	买盘
10:50:10	11.38	--	5	5690	买盘
10:50:06	11.38	--	10	11380	买盘
10:49:36	11.38	0.01	26	29588	买盘
10:49:25	11.37	-0.01	70	79590	卖盘
10:49:10	11.38	0.01	42	47796	买盘
10:49:06	11.37	-0.01	38	43206	卖盘
10:49:01	11.38	--	105	119490	买盘
10:48:40	11.38	--	5	5690	买盘
10:48:31	11.38	0.01	1	1138	买盘
10:48:25	11.37	-0.01	29	32973	卖盘
10:48:16	11.38	--	103	117214	买盘
10:48:06	11.38	--	43	48934	买盘
10:48:01	11.38	--	213	242394	买盘
10:47:55	11.38	--	95	108110	卖盘
10:47:46	11.38	--	0	0	卖盘
10:47:40	11.38	-0.02	116	132008	卖盘
10:47:30	11.4	0.02	400	456000	买盘
10:47:25	11.38	-0.01	116	132008	卖盘
10:47:19	11.39	0.01	26	29614	买盘
10:47:15	11.38	-0.01	12	13656	卖盘
10:47:00	11.39	--	1	1139	买盘
10:46:55	11.39	--	5	5695	买盘
10:46:49	11.39	--	18	20502	买盘
10:46:40	11.39	--	88	100801	卖盘
10:46:19	11.39	--	29	33031	卖盘
10:46:10	11.39	-0.01	26	30183	卖盘
10:46:00	11.4	--	3	3420	买盘
10:45:55	11.4	--	4	4560	买盘
10:45:49	11.4	0.01	3	3420	买盘
10:45:40	11.39	--	67	76313	卖盘
10:45:25	11.39	-0.01	10	11390	卖盘
10:45:19	11.4	--	1	1140	买盘
10:45:10	11.4	--	25	28500	买盘
10:45:04	11.4	--	2	2280	买盘
10:45:00	11.4	--	35	39900	买盘
10:44:25	11.4	--	2	2280	买盘
10:44:10	11.4	0.01	25	28500	买盘
10:44:04	11.39	--	15	17085	买盘
10:44:00	11.39	-0.01	7	7973	卖盘
10:43:55	11.4	--	20	22800	买盘
10:43:49	11.4	0.01	5	5700	买盘
10:43:34	11.39	-0.01	41	46699	卖盘
10:43:30	11.4	0.01	26	29640	买盘
10:43:19	11.39	--	11	12529	卖盘
10:42:49	11.39	-0.02	20	22780	卖盘
10:42:15	11.41	--	0	0	买盘
10:42:04	11.41	0.01	24	27384	买盘
10:42:00	11.4	0.01	7	7980	买盘
10:41:40	11.39	--	19	21641	卖盘
10:41:34	11.39	-0.01	65	74035	卖盘
10:41:30	11.4	0.01	2	2280	买盘
10:41:10	11.39	-0.01	8	9112	卖盘
10:41:04	11.4	--	26	29640	买盘
10:40:58	11.4	--	100	114000	买盘
10:40:43	11.4	0.01	2	2280	买盘
10:40:34	11.39	-0.01	10	11390	卖盘
10:40:19	11.4	0.01	1	1140	买盘
10:40:13	11.39	-0.01	25	28475	卖盘
10:40:04	11.4	0.01	25	28500	买盘
10:39:58	11.39	--	5	5695	卖盘
10:39:49	11.39	--	18	20502	卖盘
10:39:43	11.39	-0.01	110	125290	卖盘
10:39:39	11.4	0.01	1	1140	买盘
10:39:34	11.39	--	10	11390	卖盘
10:39:19	11.39	--	22	25058	卖盘
10:39:04	11.39	--	336	382704	卖盘
10:38:58	11.39	0.01	23	26197	买盘
10:38:49	11.38	--	0	0	卖盘
10:38:43	11.38	-0.01	29	33002	卖盘
10:38:28	11.39	--	79	89981	卖盘
10:38:24	11.39	--	6	6834	卖盘
10:38:13	11.39	-0.01	100	113900	卖盘
10:38:09	11.4	--	1	1140	买盘
10:37:58	11.4	--	24	27360	买盘
10:37:54	11.4	--	24	27360	卖盘
10:37:43	11.4	-0.01	19	21660	卖盘
10:37:34	11.41	0.01	46	52486	买盘
10:37:28	11.4	-0.01	87	99180	卖盘
10:37:19	11.41	0.01	341	389081	买盘
10:37:13	11.4	-0.01	8	9120	卖盘
10:37:04	11.41	--	112	127792	买盘
10:36:58	11.41	0.01	80	91280	买盘
10:36:54	11.4	--	8	9120	卖盘
10:36:49	11.4	--	12	13680	卖盘
10:36:39	11.4	--	193	220020	卖盘
10:36:28	11.4	-0.01	7	7980	卖盘
10:36:24	11.41	0.01	5	5705	买盘
10:36:19	11.4	--	0	0	卖盘
10:36:13	11.4	-0.01	568	647520	卖盘
10:36:09	11.41	--	22	25102	卖盘
10:35:43	11.41	-0.01	50	57050	卖盘
10:35:34	11.42	--	22	25124	买盘
10:35:23	11.42	0.01	50	57100	买盘
10:35:13	11.41	-0.01	103	117523	卖盘
10:34:58	11.42	-0.01	25	28664	卖盘
10:34:52	11.43	--	27	30861	买盘
10:34:49	11.43	0.01	21	24003	买盘
10:34:37	11.42	--	1	1142	卖盘
10:34:28	11.42	--	15	17130	卖盘
10:34:22	11.42	--	1	1142	卖盘
10:34:13	11.42	-0.01	20	22840	卖盘
10:34:07	11.43	--	38	43434	买盘
10:33:58	11.43	--	3	3429	买盘
10:33:52	11.43	0.01	34	38862	买盘
10:33:43	11.42	--	73	83366	卖盘
10:33:37	11.42	-0.01	32	36544	卖盘
10:33:22	11.43	--	1	1143	买盘
10:33:13	11.43	0.01	10	11430	买盘
10:33:07	11.42	--	118	134756	卖盘
10:32:58	11.42	--	5	5710	卖盘
10:32:28	11.42	-0.01	112	127904	卖盘
10:32:22	11.43	--	25	28575	买盘
10:32:07	11.43	--	1	1143	买盘
10:31:58	11.43	--	43	49149	买盘
10:31:52	11.43	--	49	56007	卖盘
10:31:48	11.43	--	25	28575	卖盘
10:31:43	11.43	--	15	17145	卖盘
10:31:33	11.43	--	8	9144	卖盘
10:31:28	11.43	--	10	11430	卖盘
10:31:22	11.43	--	11	12573	卖盘
10:31:13	11.43	--	38	43434	卖盘
10:30:58	11.43	--	69	78867	买盘
10:30:48	11.43	--	24	27432	买盘
10:30:37	11.43	--	20	22860	买盘
10:30:33	11.43	0.01	2	2286	买盘
10:30:22	11.42	--	8	9136	卖盘
10:30:07	11.42	--	12	13704	卖盘
10:30:03	11.42	--	200	228400	卖盘
10:29:48	11.42	--	34	38828	卖盘
10:29:37	11.42	--	7	7994	卖盘
10:29:28	11.42	-0.01	45	51390	卖盘
10:29:18	11.43	--	13	14859	买盘
10:29:13	11.43	0.01	52	59436	买盘
10:29:07	11.42	-0.01	9	10278	卖盘
10:29:03	11.43	--	14	16002	买盘
10:28:58	11.43	0.01	5	5715	买盘
10:28:52	11.42	--	0	0	卖盘
10:28:47	11.42	-0.01	258	294636	卖盘
10:28:37	11.43	--	13	15430	买盘
10:28:31	11.43	--	35	40005	买盘
10:28:22	11.43	0.01	95	108585	买盘
10:28:16	11.42	-0.01	2	2284	卖盘
10:28:01	11.43	--	3	3429	买盘
10:27:46	11.43	0.01	26	29718	买盘
10:27:37	11.42	-0.01	20	22840	卖盘
10:27:27	11.43	--	21	24003	买盘
10:27:22	11.43	0.01	28	32004	买盘
10:27:07	11.42	-0.01	20	22840	卖盘
10:27:01	11.43	--	5	5715	买盘
10:26:57	11.43	--	1	1143	买盘
10:26:52	11.43	--	33	38290	卖盘
10:26:46	11.43	-0.01	19	22288	卖盘
10:26:37	11.44	0.01	26	29744	买盘
10:26:31	11.43	0.01	40	45720	买盘
10:26:07	11.42	--	14	15988	卖盘
10:26:01	11.42	--	0	0	卖盘
10:25:57	11.42	-0.02	25	28550	卖盘
10:25:46	11.44	0.02	26	29744	买盘
10:25:42	11.42	-0.01	4	4568	卖盘
10:25:37	11.43	--	2	2286	买盘
10:25:16	11.43	0.01	11	12573	买盘
10:25:12	11.42	-0.01	1	1142	卖盘
10:25:07	11.43	--	10	11430	买盘
10:25:01	11.43	0.01	2	2286	买盘
10:24:46	11.42	-0.01	6	6852	卖盘
10:24:31	11.43	--	24	27432	买盘
10:24:27	11.43	--	45	51435	买盘
10:24:22	11.43	0.01	11	12573	买盘
10:24:16	11.42	-0.01	11	12562	卖盘
10:24:12	11.43	-0.01	408	466344	卖盘
10:24:01	11.44	--	20	22880	买盘
10:23:57	11.44	--	10	11440	买盘
10:23:46	11.44	0.01	98	112112	买盘
10:23:37	11.43	-0.01	50	57150	卖盘
10:23:31	11.44	--	71	81224	买盘
10:23:27	11.44	-0.01	97	110968	卖盘
10:23:22	11.45	--	13	14884	买盘
10:23:16	11.45	--	33	37785	买盘
10:23:12	11.45	--	4	4580	买盘
10:23:06	11.45	--	100	114500	买盘
10:22:57	11.45	--	1	1145	买盘
10:22:37	11.45	--	109	124804	买盘
10:22:31	11.45	0.01	31	36067	买盘
10:22:27	11.44	-0.01	42	48048	卖盘
10:22:22	11.45	0.01	42	48090	买盘
10:22:16	11.44	--	32	37180	买盘
10:22:12	11.44	--	65	74360	卖盘
10:22:06	11.44	--	10	11440	卖盘
10:22:01	11.44	--	15	17160	卖盘
10:21:55	11.44	--	10	11440	卖盘
10:21:46	11.44	--	4	4576	卖盘
10:21:36	11.44	-0.01	35	40040	卖盘
10:21:31	11.45	0.01	85	97325	买盘
10:21:25	11.44	0.01	11	12584	买盘
10:21:21	11.43	-0.01	7	8001	卖盘
10:21:16	11.44	--	77	88088	买盘
10:21:10	11.44	--	42	48048	买盘
10:20:55	11.44	0.01	1	1144	买盘
10:20:46	11.43	-0.01	5	5715	卖盘
10:20:40	11.44	0.01	57	65208	买盘
10:20:36	11.43	-0.01	111	126873	卖盘
10:20:31	11.44	--	29	33176	买盘
10:20:16	11.44	0.01	30	34320	买盘
10:20:10	11.43	-0.01	5	5715	卖盘
10:20:01	11.44	0.01	55	62920	买盘
10:19:46	11.43	-0.01	8	9144	卖盘
10:19:40	11.44	--	26	29744	卖盘
10:19:36	11.44	--	17	19448	卖盘
10:19:31	11.44	--	303	346632	买盘
10:19:25	11.44	0.01	97	110968	买盘
10:19:21	11.43	--	10	11430	卖盘
10:19:16	11.43	--	353	403479	卖盘
10:19:10	11.43	-0.01	5	5715	卖盘
10:19:06	11.44	--	131	149864	买盘
10:19:01	11.44	--	80	91520	买盘
10:18:46	11.44	-0.01	76	86944	卖盘
10:18:40	11.45	0.01	30	34350	买盘
10:18:31	11.44	--	26	29744	卖盘
10:18:25	11.44	-0.01	47	53768	卖盘
10:18:21	11.45	--	274	313730	买盘
10:18:16	11.45	0.01	12	13740	买盘
10:18:10	11.44	--	50	57200	卖盘
10:18:06	11.44	-0.01	12	13728	卖盘
10:18:01	11.45	0.01	62	70990	买盘
10:17:55	11.44	-0.01	10	11440	卖盘
10:17:46	11.45	0.01	2	2290	买盘
10:17:40	11.44	-0.01	3	3432	卖盘
10:17:25	11.45	--	25	28625	买盘
10:17:21	11.45	0.01	11	12595	买盘
10:17:10	11.44	--	10	11440	卖盘
10:17:06	11.44	--	9	10296	卖盘
10:17:01	11.44	--	320	366080	卖盘
10:16:55	11.44	-0.01	26	29744	卖盘
10:16:51	11.45	--	10	11450	买盘
10:16:46	11.45	--	10	11450	买盘
10:16:40	11.45	--	56	64119	买盘
10:16:36	11.45	-0.01	109	124804	卖盘
10:16:31	11.46	--	50	57300	买盘
10:16:25	11.46	0.01	24	27504	买盘
10:16:21	11.45	--	160	183200	买盘
10:16:16	11.45	0.01	25	28625	买盘
10:16:10	11.44	-0.01	31	35464	卖盘
10:16:06	11.45	--	1	1145	买盘
10:15:55	11.45	--	7	8014	买盘
10:15:50	11.45	-0.02	133	152285	卖盘
10:15:40	11.47	--	116	133052	买盘
10:15:25	11.47	0.01	24	27528	买盘
10:15:19	11.46	--	42	48132	卖盘
10:15:10	11.46	--	24	27504	卖盘
10:15:04	11.46	--	75	85950	买盘
10:15:00	11.46	--	0	0	买盘
10:14:55	11.46	0.01	93	106578	买盘
10:14:49	11.45	-0.01	2	2290	卖盘
10:14:40	11.46	0.02	13	14898	买盘
10:14:34	11.44	-0.02	9	10296	卖盘
10:14:30	11.46	--	100	114600	买盘
10:14:25	11.46	0.01	57	65322	买盘
10:14:19	11.45	--	106	121369	买盘
10:14:04	11.45	0.01	1	1145	中性盘
10:13:55	11.44	-0.02	500	572000	卖盘
10:13:45	11.46	0.01	39	44694	买盘
10:13:34	11.45	-0.01	258	295410	卖盘
10:13:25	11.46	0.01	26	29796	买盘
10:13:19	11.45	--	129	147705	买盘
10:13:10	11.45	--	18	20610	买盘
10:13:04	11.45	--	2	2290	买盘
10:13:00	11.45	--	1	1145	买盘
10:12:55	11.45	--	324	370980	卖盘
10:12:49	11.45	0.01	28	32059	卖盘
10:12:40	11.44	-0.02	15	17160	卖盘
10:12:34	11.46	--	100	114600	买盘
10:12:25	11.46	--	55	63030	买盘
10:12:19	11.46	0.01	121	138666	买盘
10:12:15	11.45	--	35	40075	买盘
10:12:10	11.45	0.01	2	2290	买盘
10:12:04	11.44	-0.01	40	45760	卖盘
10:11:49	11.45	--	99	113355	买盘
10:11:45	11.45	-0.01	77	88737	卖盘
10:11:40	11.46	0.01	6	6876	买盘
10:11:34	11.45	--	20	22900	卖盘
10:11:30	11.45	--	230	263922	买盘
10:11:25	11.45	--	25	28625	买盘
10:11:19	11.45	--	28	32059	买盘
10:11:15	11.45	--	227	259914	卖盘
10:11:04	11.45	--	30	34350	卖盘
10:11:00	11.45	-0.01	57	65264	卖盘
10:10:49	11.46	0.01	7	8022	买盘
10:10:45	11.45	-0.01	14	16029	卖盘
10:10:40	11.46	--	4	4584	买盘
10:10:34	11.46	--	11	12606	买盘
10:10:30	11.46	--	3	3438	买盘
10:10:24	11.46	--	13	14898	买盘
10:10:19	11.46	--	142	162732	买盘
10:10:15	11.46	0.01	35	40110	买盘
10:10:10	11.45	-0.01	26	29769	卖盘
10:10:04	11.46	--	13	14898	买盘
10:09:59	11.46	--	5	5730	买盘
10:09:55	11.46	--	50	57300	买盘
10:09:49	11.46	0.01	18	20628	买盘
10:09:45	11.45	--	93	106485	买盘
10:09:34	11.45	--	7	8014	买盘
10:09:29	11.45	0.01	53	60684	买盘
10:09:25	11.44	-0.01	216	247104	中性盘
10:09:19	11.45	--	35	40075	买盘
10:09:13	11.45	0.01	127	145415	买盘
10:09:04	11.44	-0.01	70	80080	卖盘
10:08:58	11.45	--	59	67555	买盘
10:08:54	11.45	--	31	35495	买盘
10:08:49	11.45	0.01	141	161445	买盘
10:08:43	11.44	-0.01	43	49192	卖盘
10:08:39	11.45	0.01	35	40075	买盘
10:08:34	11.44	--	23	26312	卖盘
10:08:28	11.44	--	20	22880	卖盘
10:08:24	11.44	0.02	909	1039896	买盘
10:08:19	11.42	-0.01	65	74230	卖盘
10:08:13	11.43	--	11	12573	买盘
10:08:09	11.43	-0.01	135	154305	卖盘
10:08:04	11.44	--	3	3432	买盘
10:07:58	11.44	--	67	76648	卖盘
10:07:54	11.44	--	20	22880	卖盘
10:07:49	11.44	--	2	2288	卖盘
10:07:39	11.44	-0.01	100	114400	卖盘
10:07:34	11.45	--	76	87020	卖盘
10:07:28	11.45	--	96	109920	买盘
10:07:24	11.45	--	13	14884	买盘
10:07:19	11.45	-0.01	128	147132	卖盘
10:07:13	11.46	--	104	119757	买盘
10:06:58	11.46	-0.01	62	71052	卖盘
10:06:54	11.47	--	512	587264	卖盘
10:06:49	11.47	0.01	149	170903	买盘
10:06:43	11.46	--	67	76782	卖盘
10:06:39	11.46	-0.01	104	119184	卖盘
10:06:34	11.47	0.01	42	48174	买盘
10:06:28	11.46	-0.01	155	177630	卖盘
10:06:24	11.47	--	10	11470	买盘
10:06:19	11.47	--	40	45880	买盘
10:06:13	11.47	--	99	113553	卖盘
10:06:09	11.47	-0.01	14	16058	卖盘
10:06:04	11.48	--	61	70028	买盘
10:05:58	11.48	--	74	84952	买盘
10:05:53	11.48	-0.01	111	127600	卖盘
10:05:49	11.49	--	241	276909	买盘
10:05:43	11.49	-0.01	49	56301	中性盘
10:05:39	11.5	0.01	294	339077	买盘
10:05:34	11.49	--	139	159711	买盘
10:05:28	11.49	-0.01	464	533136	中性盘
10:05:24	11.5	--	153	175950	买盘
10:05:19	11.5	--	0	0	买盘
10:05:13	11.5	0.01	287	330050	买盘
10:05:09	11.49	-0.01	243	279207	中性盘
10:05:04	11.5	0.01	129	148350	买盘
10:04:58	11.49	--	266	305634	卖盘
10:04:54	11.49	--	226	259674	卖盘
10:04:49	11.49	--	129	148221	卖盘
10:04:43	11.49	--	167	191883	买盘
10:04:39	11.49	--	308	353892	卖盘
10:04:34	11.49	--	64	73536	卖盘
10:04:28	11.49	--	125	143625	买盘
10:04:24	11.49	0.01	180	206820	买盘
10:04:19	11.48	-0.01	40	45920	卖盘
10:04:13	11.49	--	69	79281	卖盘
10:04:09	11.49	-0.01	342	392958	买盘
10:04:04	11.5	0.03	3570	4105500	买盘
10:03:58	11.47	--	158	181226	卖盘
10:03:54	11.47	-0.01	176	201872	卖盘
10:03:49	11.48	0.01	137	157276	买盘
10:03:43	11.47	--	160	183520	买盘
10:03:39	11.47	0.01	299	342953	买盘
10:03:28	11.46	0.01	253	289938	买盘
10:03:23	11.45	--	37	42365	卖盘
10:03:13	11.45	--	312	357812	买盘
10:03:07	11.45	0.01	323	369835	买盘
10:03:03	11.44	--	5	5720	买盘
10:02:58	11.44	-0.01	21	24024	卖盘
10:02:52	11.45	0.01	263	301135	买盘
10:02:48	11.44	--	14	16016	买盘
10:02:43	11.44	--	89	101816	买盘
10:02:37	11.44	--	55	62920	买盘
10:02:33	11.44	0.01	12	13728	买盘
10:02:28	11.43	-0.01	24	27432	卖盘
10:02:22	11.44	--	36	41184	买盘
10:02:18	11.44	--	16	18304	买盘
10:02:13	11.44	0.01	29	33176	买盘
10:01:58	11.43	--	346	395478	卖盘
10:01:52	11.43	0.01	180	205740	买盘
10:01:48	11.42	--	10	11420	卖盘
10:01:43	11.42	-0.01	15	17130	卖盘
10:01:37	11.43	0.01	346	395478	买盘
10:01:33	11.42	--	20	22840	卖盘
10:01:22	11.42	--	120	137496	买盘
10:01:13	11.42	--	45	51390	买盘
10:01:07	11.42	--	9	10278	买盘
10:01:03	11.42	0.02	10	11420	买盘
10:00:58	11.4	--	13	14820	卖盘
10:00:52	11.4	--	20	22800	买盘
10:00:43	11.4	-0.03	10	11400	卖盘
10:00:33	11.43	0.04	17	19431	买盘
10:00:28	11.39	0.01	11	12529	中性盘
10:00:22	11.38	-0.05	80	91040	卖盘
10:00:18	11.43	--	5	5715	买盘
10:00:13	11.43	0.04	71	81153	买盘
10:00:07	11.39	-0.04	19	21641	中性盘
09:59:58	11.43	0.05	41	46863	买盘
09:59:48	11.38	--	43	48934	买盘
09:59:43	11.38	--	42	47796	买盘
09:59:37	11.38	-0.05	29	33127	卖盘
09:59:28	11.43	0.05	1878	2147571	买盘
09:59:22	11.38	-0.01	21	23898	卖盘
09:59:18	11.39	--	4	4556	买盘
09:59:13	11.39	--	2	2278	买盘
09:59:07	11.39	--	38	43282	买盘
09:59:03	11.39	0.01	1	1139	买盘
09:58:52	11.38	--	6	6828	卖盘
09:58:48	11.38	--	4	4552	卖盘
09:58:37	11.38	--	115	130870	卖盘
09:58:22	11.38	--	1	1138	卖盘
09:58:18	11.38	-0.02	14	15932	卖盘
09:58:13	11.4	-0.01	26	29640	中性盘
09:58:07	11.41	--	30	34230	买盘
09:58:03	11.41	0.01	42	47922	买盘
09:57:58	11.4	--	29	33060	卖盘
09:57:52	11.4	-0.01	25	28500	卖盘
09:57:48	11.41	-0.01	693	790713	卖盘
09:57:33	11.42	--	75	85650	买盘
09:57:22	11.42	--	96	109632	买盘
09:57:12	11.42	--	21	23982	买盘
09:57:07	11.42	0.01	24	27408	买盘
09:57:03	11.41	-0.01	28	31948	卖盘
09:56:57	11.42	--	7	7994	买盘
09:56:52	11.42	0.01	15	17130	买盘
09:56:46	11.41	--	87	99267	卖盘
09:56:37	11.41	-0.01	6	6846	卖盘
09:56:31	11.42	0.01	50	57100	买盘
09:56:22	11.41	--	85	96985	卖盘
09:56:16	11.41	--	58	66178	买盘
09:56:12	11.41	--	36	41076	买盘
09:56:07	11.41	--	26	29666	买盘
09:56:01	11.41	--	35	39935	买盘
09:55:57	11.41	--	143	163163	买盘
09:55:52	11.41	0.01	39	44499	买盘
09:55:46	11.4	--	95	108300	卖盘
09:55:37	11.4	--	2	2280	卖盘
09:55:31	11.4	--	29	33060	卖盘
09:55:27	11.4	--	15	17100	卖盘
09:55:22	11.4	0.01	338	385890	买盘
09:55:16	11.39	-0.01	15	17085	卖盘
09:55:07	11.4	0.01	27	30780	买盘
09:55:01	11.39	-0.01	169	192491	卖盘
09:54:52	11.4	0.01	59	67260	买盘
09:54:46	11.39	--	28	31892	买盘
09:54:42	11.39	-0.01	3	3417	中性盘
09:54:37	11.4	0.01	31	35340	买盘
09:54:27	11.39	0.01	191	217549	买盘
09:54:22	11.38	--	6	6828	卖盘
09:54:16	11.38	-0.01	14	16501	卖盘
09:54:12	11.39	--	41	47268	买盘
09:54:07	11.39	0.03	25	28475	买盘
09:54:01	11.36	-0.03	67	76112	卖盘
09:53:52	11.39	0.01	43	48977	买盘
09:53:46	11.38	-0.01	43	48934	卖盘
09:53:42	11.39	0.01	48	54672	买盘
09:53:31	11.38	--	57	64866	买盘
09:53:27	11.38	0.02	537	611106	买盘
09:53:22	11.36	-0.01	39	44304	卖盘
09:53:12	11.37	--	74	84138	买盘
09:53:07	11.37	0.01	57	64808	买盘
09:53:01	11.36	--	147	166992	买盘
09:52:52	11.36	--	14	15904	买盘
09:52:46	11.36	0.01	7	7952	中性盘
09:52:42	11.35	-0.02	39	44265	卖盘
09:52:37	11.37	--	17	19329	买盘
09:52:22	11.37	--	6	6821	买盘
09:52:16	11.37	0.07	10	11370	买盘
09:52:12	11.3	-0.07	842	951629	卖盘
09:52:07	11.37	-0.01	2	2274	卖盘
09:52:01	11.38	0.01	12	13656	买盘
09:51:57	11.37	--	55	62534	卖盘
09:51:52	11.37	--	52	59123	卖盘
09:51:46	11.37	-0.01	15	17055	卖盘
09:51:42	11.38	--	33	37554	买盘
09:51:31	11.38	--	79	89902	买盘
09:51:16	11.38	--	210	238980	买盘
09:51:12	11.38	-0.01	65	73981	卖盘
09:51:07	11.39	--	7	7973	买盘
09:51:01	11.39	--	2	2278	买盘
09:50:56	11.39	0.01	5	5695	中性盘
09:50:51	11.38	-0.02	5	5690	卖盘
09:50:46	11.4	--	13	14820	买盘
09:50:40	11.4	--	10	11400	买盘
09:50:36	11.4	0.02	10	11400	买盘
09:50:31	11.38	-0.02	303	344814	卖盘
09:50:25	11.4	--	32	36480	卖盘
09:50:21	11.4	--	61	69540	买盘
09:50:16	11.4	0.01	10	11400	买盘
09:50:10	11.39	-0.01	42	47838	卖盘
09:50:06	11.4	0.01	120	136800	买盘
09:50:01	11.39	-0.01	104	118456	卖盘
09:49:55	11.4	--	22	25080	买盘
09:49:46	11.4	--	74	84360	买盘
09:49:31	11.4	--	4	4560	买盘
09:49:25	11.4	0.01	100	114000	买盘
09:49:21	11.39	--	60	68340	卖盘
09:49:16	11.39	-0.01	17	19363	卖盘
09:49:10	11.4	--	57	64980	买盘
09:49:06	11.4	0.01	8	9120	买盘
09:49:01	11.39	-0.01	15	17085	卖盘
09:48:55	11.4	-0.01	42	47880	卖盘
09:48:51	11.41	0.01	43	49063	买盘
09:48:46	11.4	--	3	3420	中性盘
09:48:40	11.4	-0.01	121	137940	中性盘
09:48:36	11.41	0.01	10	11410	买盘
09:48:31	11.4	-0.01	1	1140	卖盘
09:48:25	11.41	0.01	87	99267	买盘
09:48:21	11.4	--	8	9120	卖盘
09:48:16	11.4	0.01	21	23940	买盘
09:48:10	11.39	-0.01	55	62645	卖盘
09:48:01	11.4	--	27	30780	买盘
09:47:55	11.4	--	259	295260	卖盘
09:47:51	11.4	--	5	5700	卖盘
09:47:46	11.4	-0.02	11	12540	卖盘
09:47:40	11.42	--	24	27408	买盘
09:47:36	11.42	--	72	82224	买盘
09:47:31	11.42	--	50	57100	买盘
09:47:25	11.42	--	45	51390	买盘
09:47:21	11.42	-0.01	12	13704	中性盘
09:47:16	11.43	0.01	126	144018	买盘
09:47:10	11.42	-0.01	6	6852	中性盘
09:47:06	11.43	0.01	137	156591	买盘
09:47:01	11.42	--	167	190714	卖盘
09:46:55	11.42	--	282	322044	买盘
09:46:51	11.42	--	156	178152	买盘
09:46:46	11.42	--	146	166732	买盘
09:46:40	11.42	--	86	98212	卖盘
09:46:36	11.42	0.02	87	99354	买盘
09:46:31	11.4	-0.02	150	171000	卖盘
09:46:25	11.42	--	51	58242	买盘
09:46:21	11.42	--	289	330038	买盘
09:46:16	11.42	0.02	17	19414	买盘
09:46:10	11.4	-0.02	55	62700	卖盘
09:46:01	11.42	-0.01	20	22840	中性盘
09:45:55	11.43	0.04	250	285750	买盘
09:45:51	11.39	--	2	2278	卖盘
09:45:46	11.39	-0.01	24	27336	卖盘
09:45:40	11.4	0.03	1359	1550388	买盘
09:45:36	11.37	--	4	4548	买盘
09:45:30	11.37	-0.01	287	326330	卖盘
09:45:25	11.38	--	83	95580	买盘
09:45:21	11.38	--	23	26174	买盘
09:45:10	11.38	0.01	80	91040	买盘
09:45:06	11.37	0.01	10	11370	中性盘
09:45:00	11.36	-0.02	20	22720	卖盘
09:44:55	11.38	0.01	255	290190	买盘
09:44:50	11.37	0.01	4	4548	买盘
09:44:45	11.36	-0.02	3	3408	卖盘
09:44:40	11.38	0.01	89	101282	买盘
09:44:35	11.37	--	22	25014	买盘
09:44:30	11.37	--	102	115973	买盘
09:44:25	11.37	0.01	52	59123	买盘
09:44:19	11.36	-0.01	15	17040	卖盘
09:44:10	11.37	--	122	138714	买盘
09:44:04	11.37	--	4	4548	买盘
09:44:00	11.37	--	157	178509	买盘
09:43:55	11.37	0.01	5	5685	买盘
09:43:49	11.36	-0.01	28	31808	卖盘
09:43:45	11.37	0.01	104	118247	买盘
09:43:40	11.36	--	133	151088	卖盘
09:43:34	11.36	--	19	21584	卖盘
09:43:30	11.36	--	317	360112	买盘
09:43:25	11.36	--	1	1136	买盘
09:43:19	11.36	--	42	47712	买盘
09:43:15	11.36	0.01	1	1136	中性盘
09:43:10	11.35	-0.01	68	77180	卖盘
09:43:04	11.36	0.01	12	13632	买盘
09:43:00	11.35	--	17	19295	买盘
09:42:49	11.35	0.01	6	6810	中性盘
09:42:45	11.34	--	4	4536	卖盘
09:42:40	11.34	--	1	1134	卖盘
09:42:34	11.34	--	430	487620	卖盘
09:42:25	11.34	-0.01	75	85050	卖盘
09:42:19	11.35	--	0	0	买盘
09:42:15	11.35	0.02	165	187275	买盘
09:42:10	11.33	--	82	92906	买盘
09:42:04	11.33	-0.01	48	54395	卖盘
09:42:00	11.34	--	2	2268	买盘
09:41:49	11.34	-0.02	40	45360	卖盘
09:41:45	11.36	0.03	98	111328	买盘
09:41:34	11.33	-0.01	124	141613	卖盘
09:41:30	11.34	--	11	12474	买盘
09:41:25	11.34	0.01	21	23814	买盘
09:41:19	11.33	-0.01	41	46453	卖盘
09:41:10	11.34	0.01	1	1134	买盘
09:41:04	11.33	-0.01	58	65714	卖盘
09:41:00	11.34	0.03	9	10206	买盘
09:40:55	11.31	-0.02	10	11310	卖盘
09:40:49	11.33	--	138	156354	买盘
09:40:45	11.33	--	63	71379	买盘
09:40:40	11.33	--	5	5665	买盘
09:40:34	11.33	0.03	75	84975	买盘
09:40:30	11.3	-0.01	30	33900	卖盘
09:40:25	11.31	--	39	44109	卖盘
09:40:09	11.31	--	8	9048	卖盘
09:40:04	11.31	--	117	132892	买盘
09:40:00	11.31	--	67	75777	买盘
09:39:49	11.31	--	26	29406	买盘
09:39:45	11.31	--	33	37323	买盘
09:39:40	11.31	-0.02	63	71253	卖盘
09:39:34	11.33	--	15	16995	买盘
09:39:29	11.33	--	15	16995	买盘
09:39:19	11.33	-0.01	9	10197	卖盘
09:39:10	11.34	--	0	0	买盘
09:39:04	11.34	0.01	55	62370	买盘
09:39:00	11.33	--	36	40788	卖盘
09:38:54	11.33	0.03	30	33990	买盘
09:38:49	11.3	--	0	0	卖盘
09:38:44	11.3	--	4	4520	卖盘
09:38:39	11.3	-0.03	20	22600	卖盘
09:38:34	11.33	0.01	73	82709	买盘
09:38:30	11.32	--	10	11320	买盘
09:38:19	11.32	-0.03	24	27168	卖盘
09:38:14	11.35	0.02	8	9080	买盘
09:38:09	11.33	-0.02	11	12463	卖盘
09:38:04	11.35	0.05	200	227000	买盘
09:37:58	11.3	-0.02	235	265550	卖盘
09:37:49	11.32	--	21	23772	买盘
09:37:43	11.32	--	26	29432	买盘
09:37:39	11.32	0.01	10	11320	买盘
09:37:34	11.31	0.01	24	27144	中性盘
09:37:28	11.3	--	2	2260	卖盘
09:37:24	11.3	--	46	51980	买盘
09:37:19	11.3	--	19	21470	买盘
09:37:13	11.3	--	68	76840	买盘
09:37:04	11.3	--	0	0	买盘
09:36:58	11.3	0.02	10	11300	买盘
09:36:54	11.28	--	591	667212	卖盘
09:36:43	11.28	-0.01	33	37224	卖盘
09:36:34	11.29	-0.01	255	288459	卖盘
09:36:24	11.3	0.01	19	21470	买盘
09:36:19	11.29	--	32	36128	卖盘
09:35:58	11.29	0.01	20	23144	买盘
09:35:54	11.28	-0.01	10	11280	卖盘
09:35:49	11.29	0.01	5	5645	买盘
09:35:43	11.28	-0.01	14	15792	卖盘
09:35:34	11.29	--	80	90884	卖盘
09:35:28	11.29	--	9	10725	卖盘
09:35:24	11.29	--	5	5645	卖盘
09:35:19	11.29	0.01	35	39515	买盘
09:35:13	11.28	-0.01	17	19176	卖盘
09:35:09	11.29	--	67	75643	买盘
09:35:04	11.29	--	37	41773	买盘
09:34:58	11.29	--	11	12418	买盘
09:34:54	11.29	-0.01	98	110641	卖盘
09:34:49	11.3	--	10	11300	买盘
09:34:43	11.3	--	14	15820	买盘
09:34:39	11.3	0.01	100	113000	买盘
09:34:28	11.29	-0.01	3	3386	卖盘
09:34:24	11.3	--	1	1130	买盘
09:34:19	11.3	0.03	3	3390	买盘
09:34:13	11.27	-0.02	50	56350	卖盘
09:34:04	11.29	-0.01	5	5645	中性盘
09:33:58	11.3	0.01	45	50850	买盘
09:33:54	11.29	-0.01	48	54191	卖盘
09:33:43	11.3	0.01	4	4520	买盘
09:33:39	11.29	-0.01	25	28224	买盘
09:33:33	11.3	--	0	0	买盘
09:33:28	11.3	0.01	90	101700	买盘
09:33:18	11.29	--	36	40644	买盘
09:33:13	11.29	-0.01	22	24837	卖盘
09:33:09	11.3	0.01	19	21470	买盘
09:32:54	11.29	--	57	64352	卖盘
09:32:43	11.29	--	80	90320	卖盘
09:32:38	11.29	--	16	18064	卖盘
09:32:33	11.29	--	0	0	卖盘
09:32:23	11.29	--	33	37257	卖盘
09:32:18	11.29	--	10	11290	卖盘
09:32:13	11.29	--	34	38386	买盘
09:32:08	11.29	--	9	10161	买盘
09:32:03	11.29	0.03	7	7902	买盘
09:31:58	11.26	--	2	2252	卖盘
09:31:48	11.26	--	1	1126	卖盘
09:31:43	11.26	0.01	6	6756	卖盘
09:31:37	11.25	-0.01	1	1125	卖盘
09:31:33	11.26	--	0	0	买盘
09:31:28	11.26	0.01	10	11260	买盘
09:31:22	11.25	--	50	56250	卖盘
09:31:18	11.25	--	4	4500	买盘
09:31:13	11.25	0.01	5	5625	买盘
09:31:07	11.24	-0.01	22	24728	卖盘
09:31:03	11.25	--	0	0	卖盘
09:30:58	11.25	0.02	23	25875	买盘
09:30:52	11.23	--	1	1123	买盘
09:30:48	11.23	-0.02	14	15722	卖盘
09:30:43	11.25	--	10	11250	买盘
09:30:37	11.25	-0.01	209	235125	卖盘
09:30:33	11.26	--	0	0	卖盘
09:30:28	11.26	-0.01	25	28150	卖盘
09:30:22	11.27	--	11	12397	买盘
09:30:13	11.27	--	34	38318	买盘
09:30:07	11.27	-0.02	335	377545	卖盘
09:30:03	11.29	--	59	66611	卖盘
09:28:47	11.29	--	0	0	卖盘
09:25:06	11.29	11.29	93	104996	买盘
