成交时间	成交价	价格变动	成交量(手)	成交额(元)	性质
15:00:00	5.07	--	0	0	卖盘
15:00:00	5.07	--	0	0	卖盘
14:59:59	5.07	--	116	58812	卖盘
14:59:54	5.07	--	471	238797	买盘
14:59:49	5.07	--	30	15210	买盘
14:59:44	5.07	0.01	219	111033	买盘
14:59:39	5.06	--	282	142692	卖盘
14:59:34	5.06	-0.02	155	78430	卖盘
14:59:29	5.08	0.01	5300	2692501	买盘
14:59:24	5.07	0.01	131	66417	买盘
14:59:19	5.06	-0.01	87	44022	卖盘
14:59:14	5.07	0.01	4617	2340819	买盘
14:59:09	5.06	-0.01	231	116885	卖盘
14:59:04	5.07	0.01	124	62868	买盘
14:58:59	5.06	-0.01	215	108789	卖盘
14:58:54	5.07	--	979	496353	买盘
14:58:49	5.07	--	19	9633	买盘
14:58:44	5.07	0.01	1303	660621	买盘
14:58:39	5.06	-0.01	70	35420	卖盘
14:58:34	5.07	0.01	1070	542490	买盘
14:58:29	5.06	--	94	47563	卖盘
14:58:24	5.06	--	175	88550	卖盘
14:58:19	5.06	--	76	38456	卖盘
14:58:14	5.06	--	460	232759	卖盘
14:58:09	5.06	--	2079	1051974	卖盘
14:58:04	5.06	-0.01	20	10120	卖盘
14:57:59	5.07	0.01	453	229671	买盘
14:57:54	5.06	--	13	6577	卖盘
14:57:49	5.06	--	45	22770	卖盘
14:57:44	5.06	--	5170	2616020	卖盘
14:57:39	5.06	--	120	60719	卖盘
14:57:34	5.06	--	63	31877	卖盘
14:57:29	5.06	-0.01	150	75900	卖盘
14:57:24	5.07	0.01	164	83148	买盘
14:57:19	5.06	--	1018	515107	卖盘
14:57:14	5.06	--	6	3035	卖盘
14:57:09	5.06	--	110	55659	卖盘
14:57:04	5.06	--	1451	734206	卖盘
14:56:59	5.06	-0.01	25	12649	卖盘
14:56:54	5.07	0.01	20	10140	买盘
14:56:49	5.06	--	309	156354	卖盘
14:56:44	5.06	-0.01	69	34914	卖盘
14:56:39	5.07	--	453	229671	买盘
14:56:34	5.07	--	786	398502	买盘
14:56:29	5.07	--	24	12168	买盘
14:56:24	5.07	0.01	801	406107	买盘
14:56:18	5.06	--	368	186208	卖盘
14:56:14	5.06	--	23	11638	卖盘
14:56:09	5.06	--	84	42504	卖盘
14:56:04	5.06	-0.01	952	481711	卖盘
14:55:59	5.07	0.01	131	66417	买盘
14:55:54	5.06	--	127	64261	卖盘
14:55:49	5.06	--	236	119415	卖盘
14:55:44	5.06	-0.01	43	21758	卖盘
14:55:39	5.07	--	655	332085	买盘
14:55:34	5.07	--	46	23322	买盘
14:55:29	5.07	0.01	171	86697	买盘
14:55:24	5.06	--	71	35926	卖盘
14:55:19	5.06	--	31	15944	卖盘
14:55:14	5.06	--	23	11764	卖盘
14:55:09	5.06	--	568	287408	卖盘
14:55:03	5.06	--	3756	1900535	卖盘
14:54:58	5.06	-0.01	114	57683	卖盘
14:54:54	5.07	--	35	17745	买盘
14:54:49	5.07	--	558	282906	买盘
14:54:43	5.07	0.01	21	10647	买盘
14:54:38	5.06	-0.01	31	15685	卖盘
14:54:33	5.07	0.01	8	4056	买盘
14:54:28	5.06	-0.01	1092	552552	卖盘
14:54:24	5.07	--	43	21801	买盘
14:54:19	5.07	--	246	124722	买盘
14:54:13	5.07	0.01	281	142467	买盘
14:54:08	5.06	--	1357	686642	卖盘
14:54:03	5.06	-0.01	116	58695	卖盘
14:53:58	5.07	0.01	50	25350	买盘
14:53:53	5.06	--	680	344080	卖盘
14:53:48	5.06	-0.01	33	16698	卖盘
14:53:43	5.07	0.01	37	18759	买盘
14:53:38	5.06	--	18	9108	卖盘
14:53:33	5.06	-0.01	82	41492	卖盘
14:53:28	5.07	0.01	281	142467	买盘
14:53:23	5.06	--	127	64261	卖盘
14:53:17	5.06	--	385	194809	卖盘
14:53:13	5.06	--	29	14673	卖盘
14:53:08	5.06	--	391	197845	卖盘
14:53:02	5.06	--	87	44022	卖盘
14:52:58	5.06	--	2340	1184055	买盘
14:52:53	5.06	0.01	784	396703	买盘
14:52:48	5.05	-0.01	537	271185	卖盘
14:52:43	5.06	--	237	119921	买盘
14:52:38	5.06	0.01	5524	2795144	买盘
14:52:32	5.05	--	40	20200	卖盘
14:52:23	5.05	--	31	15655	卖盘
14:52:17	5.05	--	95	47975	卖盘
14:52:13	5.05	--	97	48985	卖盘
14:52:08	5.05	-0.01	19	9595	卖盘
14:52:02	5.06	0.01	104	52623	买盘
14:51:58	5.05	--	25	12625	卖盘
14:51:53	5.05	--	14	7070	卖盘
14:51:47	5.05	--	200	101000	卖盘
14:51:43	5.05	--	613	309565	卖盘
14:51:38	5.05	--	55	27775	卖盘
14:51:32	5.05	--	73	36865	卖盘
14:51:28	5.05	--	94	47470	卖盘
14:51:23	5.05	--	43	21715	卖盘
14:51:17	5.05	--	151	76255	卖盘
14:51:13	5.05	--	77	38885	卖盘
14:51:08	5.05	--	30	15150	卖盘
14:50:58	5.05	--	5	2525	卖盘
14:50:53	5.05	--	100	50500	卖盘
14:50:47	5.05	--	23	11615	卖盘
14:50:43	5.05	--	20	10100	卖盘
14:50:38	5.05	-0.01	40	20200	卖盘
14:50:32	5.06	0.01	1	505	买盘
14:50:27	5.05	--	53	26765	卖盘
14:50:23	5.05	--	2	1010	卖盘
14:50:17	5.05	--	109	55045	卖盘
14:50:13	5.05	--	130	65650	卖盘
14:50:08	5.05	-0.01	66	33330	卖盘
14:50:02	5.06	0.01	6	3035	买盘
14:49:58	5.05	-0.01	528	266640	卖盘
14:49:47	5.06	0.01	19	9614	买盘
14:49:42	5.05	-0.01	115	58075	卖盘
14:49:38	5.06	0.01	38	19228	买盘
14:49:32	5.05	-0.01	214	108070	卖盘
14:49:27	5.06	0.01	93	47058	买盘
14:49:17	5.05	-0.01	1101	556005	卖盘
14:49:12	5.06	0.01	46	23276	买盘
14:49:02	5.05	--	15	7575	卖盘
14:48:58	5.05	-0.01	12	6060	卖盘
14:48:53	5.06	--	45	22770	买盘
14:48:47	5.06	--	26	13155	买盘
14:48:42	5.06	--	35	17710	买盘
14:48:32	5.06	0.01	79	39974	买盘
14:48:27	5.05	-0.01	622	314110	卖盘
14:48:23	5.06	0.01	700	354200	买盘
14:48:17	5.05	--	107	54035	卖盘
14:48:12	5.05	-0.01	237	119685	卖盘
14:48:07	5.06	0.01	158	79948	买盘
14:48:02	5.05	--	14	7070	卖盘
14:47:56	5.05	--	20	10100	卖盘
14:47:52	5.05	-0.01	60	30300	卖盘
14:47:47	5.06	0.01	556	281336	买盘
14:47:42	5.05	--	185	93425	卖盘
14:47:37	5.05	--	68	34340	卖盘
14:47:32	5.05	--	10	5050	卖盘
14:47:27	5.05	--	220	111100	卖盘
14:47:22	5.05	--	1210	611050	卖盘
14:47:17	5.05	-0.01	10	5050	卖盘
14:47:12	5.06	0.01	203	102717	买盘
14:47:02	5.05	--	26	13130	卖盘
14:46:56	5.05	-0.01	53	26765	卖盘
14:46:52	5.06	--	7	3541	买盘
14:46:47	5.06	0.01	1111	562166	买盘
14:46:41	5.05	--	60	30300	卖盘
14:46:32	5.05	-0.01	45	22725	卖盘
14:46:26	5.06	0.01	42	21252	买盘
14:46:22	5.05	--	30	15150	卖盘
14:46:17	5.05	-0.01	40	20200	卖盘
14:46:11	5.06	0.01	360	182160	买盘
14:46:07	5.05	--	200	101000	卖盘
14:46:02	5.05	-0.01	7	3535	卖盘
14:45:56	5.06	0.01	82	41492	买盘
14:45:52	5.05	-0.01	104	52520	卖盘
14:45:47	5.06	--	121	61225	买盘
14:45:41	5.06	--	42	21252	买盘
14:45:37	5.06	0.01	29	14673	买盘
14:45:32	5.05	-0.01	31	15655	卖盘
14:45:26	5.06	0.01	1735	877909	买盘
14:45:22	5.05	-0.01	540	272700	卖盘
14:45:11	5.06	0.01	207	104741	买盘
14:45:02	5.05	--	668	337340	卖盘
14:44:56	5.05	--	704	355520	卖盘
14:44:52	5.05	--	65	32825	卖盘
14:44:47	5.05	--	405	204525	卖盘
14:44:41	5.05	--	59	29795	卖盘
14:44:32	5.05	-0.01	147	74235	卖盘
14:44:26	5.06	--	46	23276	买盘
14:44:21	5.06	--	14	7083	买盘
14:44:17	5.06	0.01	11	5566	买盘
14:44:11	5.05	--	106	53530	卖盘
14:44:06	5.05	-0.01	3	1515	卖盘
14:44:02	5.06	0.01	310	156860	买盘
14:43:56	5.05	-0.01	11	5555	卖盘
14:43:51	5.06	--	17	8602	买盘
14:43:41	5.06	0.01	14	7083	买盘
14:43:36	5.05	--	369	186345	卖盘
14:43:32	5.05	-0.01	14	7070	卖盘
14:43:26	5.06	--	208	105247	买盘
14:43:21	5.06	0.01	301	152306	买盘
14:43:17	5.05	--	27	13635	卖盘
14:43:11	5.05	--	33	16665	卖盘
14:43:06	5.05	-0.01	82	41410	卖盘
14:43:01	5.06	0.01	63	31877	买盘
14:42:56	5.05	--	30	15150	卖盘
14:42:51	5.05	-0.01	13	6565	卖盘
14:42:41	5.06	0.01	34	17204	买盘
14:42:36	5.05	--	60	30300	卖盘
14:42:32	5.05	--	37	18685	卖盘
14:42:26	5.05	--	128	64640	卖盘
14:42:21	5.05	-0.01	54	27270	卖盘
14:42:11	5.06	0.01	40	20240	买盘
14:42:06	5.05	-0.01	5628	2842140	卖盘
14:42:01	5.06	0.01	6	3035	买盘
14:41:56	5.05	--	17	8585	卖盘
14:41:51	5.05	-0.01	324	163620	卖盘
14:41:41	5.06	--	3	1517	买盘
14:41:36	5.06	--	494	249963	买盘
14:41:31	5.06	--	7	3541	买盘
14:41:26	5.06	0.01	41	20746	买盘
14:41:21	5.05	--	10	5050	卖盘
14:41:11	5.05	-0.01	2	1010	卖盘
14:41:06	5.06	--	277	140162	买盘
14:41:01	5.06	--	33	16698	买盘
14:40:51	5.06	0.01	197	99681	买盘
14:40:46	5.05	-0.01	1	505	卖盘
14:40:41	5.06	0.01	142	71852	买盘
14:40:36	5.05	--	90	45450	卖盘
14:40:31	5.05	--	126	63630	卖盘
14:40:26	5.05	-0.01	65	32825	卖盘
14:40:20	5.06	0.01	13	6577	买盘
14:40:11	5.05	-0.01	341	172205	卖盘
14:40:05	5.06	--	66	33396	买盘
14:40:01	5.06	0.01	105	53129	买盘
14:39:56	5.05	-0.01	13	6565	卖盘
14:39:50	5.06	0.01	20	10120	买盘
14:39:41	5.05	-0.01	70	35350	卖盘
14:39:35	5.06	--	180	91080	买盘
14:39:31	5.06	--	340	172040	买盘
14:39:26	5.06	0.01	502	254011	买盘
14:39:20	5.05	-0.01	103	52015	卖盘
14:39:16	5.06	--	208	105247	买盘
14:39:11	5.06	0.01	1208	611248	买盘
14:39:05	5.05	-0.01	245	123725	卖盘
14:39:01	5.06	--	15	7589	买盘
14:38:56	5.06	--	56	28335	买盘
14:38:50	5.06	--	200	101199	买盘
14:38:46	5.06	0.01	41	20746	买盘
14:38:41	5.05	-0.01	10	5050	卖盘
14:38:35	5.06	0.01	43	21758	买盘
14:38:31	5.05	-0.01	15	7575	卖盘
14:38:26	5.06	--	31	15685	买盘
14:38:20	5.06	0.01	6	3035	买盘
14:38:16	5.05	--	25	12625	卖盘
14:38:11	5.05	--	29	14645	卖盘
14:38:05	5.05	--	32	16160	卖盘
14:38:01	5.05	-0.01	424	214120	卖盘
14:37:50	5.06	0.01	14	7083	买盘
14:37:46	5.05	-0.01	20	10100	卖盘
14:37:41	5.06	--	39	19734	买盘
14:37:35	5.06	0.01	13	6577	买盘
14:37:26	5.05	--	9	4545	卖盘
14:37:20	5.05	--	25	12625	卖盘
14:37:15	5.05	--	102	51510	卖盘
14:37:11	5.05	--	102	51510	卖盘
14:37:05	5.05	-0.01	1	505	卖盘
14:37:00	5.06	0.01	15	7589	买盘
14:36:56	5.05	--	566	285830	卖盘
14:36:50	5.05	--	110	55550	卖盘
14:36:45	5.05	--	562	283810	卖盘
14:36:41	5.05	-0.01	15	7575	卖盘
14:36:30	5.06	--	2	1011	买盘
14:36:25	5.06	0.01	35	17710	买盘
14:36:15	5.05	--	156	78780	卖盘
14:36:11	5.05	--	19	9595	卖盘
14:36:05	5.05	-0.01	90	45450	卖盘
14:36:00	5.06	0.01	41	20746	买盘
14:35:45	5.05	--	58	29290	卖盘
14:35:40	5.05	--	292	147460	卖盘
14:35:35	5.05	--	10	5050	卖盘
14:35:30	5.05	-0.01	11	5555	卖盘
14:35:25	5.06	--	47	23781	买盘
14:35:20	5.06	0.01	203	102717	买盘
14:35:15	5.05	-0.01	36	18180	卖盘
14:35:10	5.06	--	95	48069	买盘
14:35:00	5.06	0.01	106	53635	买盘
14:34:55	5.05	-0.01	36	18180	卖盘
14:34:50	5.06	0.01	6	3035	买盘
14:34:45	5.05	-0.01	12	6060	卖盘
14:34:40	5.06	--	24	12143	买盘
14:34:35	5.06	0.01	87	44022	买盘
14:34:30	5.05	-0.01	16	8080	卖盘
14:34:25	5.06	--	100	50599	买盘
14:34:20	5.06	0.01	13	6577	买盘
14:34:15	5.05	--	1	505	卖盘
14:34:10	5.05	--	57	28785	卖盘
14:34:05	5.05	-0.01	30	15150	卖盘
14:33:59	5.06	0.01	20	10120	买盘
14:33:55	5.05	--	230	116150	卖盘
14:33:50	5.05	-0.01	6	3030	卖盘
14:33:44	5.06	0.01	21	10626	买盘
14:33:40	5.05	--	23	11615	卖盘
14:33:29	5.05	--	10	5050	卖盘
14:33:20	5.05	--	585	295425	卖盘
14:33:14	5.05	--	25	12625	卖盘
14:33:10	5.05	-0.01	43	21715	卖盘
14:33:05	5.06	--	13	6577	买盘
14:32:59	5.06	0.01	76	38456	买盘
14:32:55	5.05	-0.01	5	2525	卖盘
14:32:50	5.06	--	2	1011	买盘
14:32:40	5.06	0.01	7	3541	买盘
14:32:35	5.05	--	20	10100	卖盘
14:32:29	5.05	-0.01	18	9090	卖盘
14:32:25	5.06	0.01	63	31877	买盘
14:32:20	5.05	-0.01	100	50500	卖盘
14:32:14	5.06	--	28	14167	买盘
14:32:05	5.06	0.01	11	5566	买盘
14:31:59	5.05	-0.01	119	60095	卖盘
14:31:55	5.06	--	65	32890	买盘
14:31:50	5.06	--	162	81972	买盘
14:31:44	5.06	--	223	112837	买盘
14:31:40	5.06	--	13	6577	买盘
14:31:35	5.06	--	83	41998	买盘
14:31:29	5.06	0.01	89	45034	买盘
14:31:24	5.05	--	331	167155	卖盘
14:31:19	5.05	--	50	25250	卖盘
14:31:14	5.05	--	11	5555	卖盘
14:31:09	5.05	-0.01	10	5050	卖盘
14:30:59	5.06	0.01	15	7589	买盘
14:30:54	5.05	--	4	2020	卖盘
14:30:44	5.05	-0.01	302	152510	卖盘
14:30:39	5.06	0.01	94	47563	买盘
14:30:35	5.05	-0.01	16	8080	卖盘
14:30:29	5.06	0.01	38	19228	买盘
14:30:24	5.05	--	50	25250	卖盘
14:30:19	5.05	--	21	10605	卖盘
14:30:14	5.05	-0.01	3	1515	卖盘
14:30:09	5.06	--	1	505	买盘
14:29:59	5.06	--	46	23276	买盘
14:29:50	5.06	--	5	2530	买盘
14:29:44	5.06	0.01	100	50599	买盘
14:29:39	5.05	-0.01	11	5555	卖盘
14:29:29	5.06	0.01	14	7083	买盘
14:29:24	5.05	--	10	5050	卖盘
14:29:14	5.05	--	5	2525	卖盘
14:29:09	5.05	--	17	8585	卖盘
14:28:59	5.05	-0.01	116	58580	卖盘
14:28:54	5.06	--	210	106259	买盘
14:28:44	5.06	--	17	8602	买盘
14:28:34	5.06	0.01	53	26817	买盘
14:28:29	5.05	--	25	12625	卖盘
14:28:19	5.05	--	24	12120	卖盘
14:28:14	5.05	-0.01	83	41915	卖盘
14:28:09	5.06	--	8	4047	买盘
14:27:59	5.06	--	87	44022	买盘
14:27:54	5.06	--	202	102211	买盘
14:27:49	5.06	0.01	110	55659	买盘
14:27:44	5.05	-0.01	33	16665	卖盘
14:27:39	5.06	--	131	66286	买盘
14:27:29	5.06	0.01	80	40480	买盘
14:27:23	5.05	-0.01	41	20705	卖盘
14:27:08	5.06	0.01	11	5566	买盘
14:27:04	5.05	--	38	19190	卖盘
14:26:53	5.05	-0.01	50	25250	卖盘
14:26:49	5.06	0.01	3	1517	买盘
14:26:44	5.05	-0.01	3	1515	卖盘
14:26:38	5.06	0.01	67	33902	买盘
14:26:34	5.05	--	10	5050	卖盘
14:26:29	5.05	-0.01	23	11615	卖盘
14:26:23	5.06	--	46	23276	买盘
14:26:19	5.06	--	13	6577	买盘
14:26:14	5.06	--	450	227699	买盘
14:26:08	5.06	0.01	15	7589	买盘
14:25:59	5.05	--	31	15655	卖盘
14:25:53	5.05	--	12	6060	卖盘
14:25:49	5.05	--	47	23735	卖盘
14:25:44	5.05	-0.01	310	156550	卖盘
14:25:38	5.06	0.01	145	73370	买盘
14:25:34	5.05	--	19	9595	卖盘
14:25:23	5.05	--	3	1515	卖盘
14:25:18	5.05	--	113	57065	卖盘
14:25:14	5.05	-0.01	20	10100	卖盘
14:25:08	5.06	--	30	15179	买盘
14:25:04	5.06	--	25	12649	买盘
14:24:59	5.06	--	60	30359	买盘
14:24:53	5.06	--	34	17204	买盘
14:24:48	5.06	--	44	22264	买盘
14:24:43	5.06	0.01	19	9614	买盘
14:24:38	5.05	-0.01	215	108575	卖盘
14:24:28	5.06	--	5	2530	买盘
14:24:23	5.06	--	33	16698	买盘
14:24:18	5.06	--	17	8602	买盘
14:24:08	5.06	0.01	36	18216	买盘
14:24:03	5.05	-0.01	309	156045	卖盘
14:23:58	5.06	0.01	13	6577	买盘
14:23:53	5.05	--	1	505	卖盘
14:23:43	5.05	-0.01	27	13635	卖盘
14:23:38	5.06	--	3	1517	买盘
14:23:33	5.06	0.01	61	30865	买盘
14:23:28	5.05	-0.01	24	12120	卖盘
14:23:23	5.06	0.01	200	101199	买盘
14:23:03	5.05	-0.01	783	395415	卖盘
14:22:58	5.06	--	270	136620	买盘
14:22:53	5.06	--	6	3035	买盘
14:22:48	5.06	--	42	21252	买盘
14:22:43	5.06	0.01	15	7589	买盘
14:22:38	5.05	-0.01	197	99485	卖盘
14:22:33	5.06	0.01	3	1517	买盘
14:22:28	5.05	--	12	6060	卖盘
14:22:23	5.05	--	870	439350	卖盘
14:22:08	5.05	-0.01	17	8585	卖盘
14:22:03	5.06	0.01	30	15179	买盘
14:21:58	5.05	-0.01	80	40400	卖盘
14:21:53	5.06	--	16	8095	买盘
14:21:48	5.06	--	154	77924	买盘
14:21:43	5.06	--	30	15179	买盘
14:21:38	5.06	0.01	188	95127	买盘
14:21:33	5.05	-0.01	110	55550	卖盘
14:21:28	5.06	0.01	20	10120	买盘
14:21:23	5.05	-0.01	20	10100	卖盘
14:21:18	5.06	0.01	126	63755	买盘
14:21:08	5.05	--	4	2020	卖盘
14:21:02	5.05	-0.01	10	5050	卖盘
14:20:58	5.06	0.01	442	223651	买盘
14:20:47	5.05	-0.01	173	87365	卖盘
14:20:43	5.06	0.01	39	19739	买盘
14:20:38	5.05	-0.01	82	41410	卖盘
14:20:32	5.06	--	204	103223	买盘
14:20:23	5.06	--	24	12143	买盘
14:20:13	5.06	0.01	13	6577	买盘
14:20:08	5.05	--	31	15655	卖盘
14:20:02	5.05	-0.01	23	11615	卖盘
14:19:53	5.06	--	180	91080	买盘
14:19:47	5.06	--	111	56165	买盘
14:19:38	5.06	0.01	1	505	买盘
14:19:32	5.05	--	1	505	卖盘
14:19:28	5.05	-0.01	5	2525	卖盘
14:19:23	5.06	0.01	126	63755	买盘
14:19:17	5.05	-0.01	50	25250	卖盘
14:19:13	5.06	--	553	279818	买盘
14:19:08	5.06	--	4	2023	买盘
14:19:02	5.06	0.01	207	104741	买盘
14:18:58	5.05	-0.01	5	2525	卖盘
14:18:53	5.06	0.01	16	8095	买盘
14:18:47	5.05	-0.01	16	8080	卖盘
14:18:38	5.06	0.01	53	26817	买盘
14:18:32	5.05	-0.01	60	30300	卖盘
14:18:28	5.06	0.01	56	28335	买盘
14:18:23	5.05	--	53	26765	卖盘
14:18:17	5.05	-0.01	195	98475	卖盘
14:18:12	5.06	0.01	50	25299	买盘
14:18:08	5.05	--	106	53530	卖盘
14:18:02	5.05	--	205	103525	卖盘
14:17:57	5.05	--	16	8080	卖盘
14:17:52	5.05	-0.01	30	15150	卖盘
14:17:47	5.06	0.01	97	49081	买盘
14:17:42	5.05	--	1	505	卖盘
14:17:37	5.05	-0.01	7	3535	卖盘
14:17:32	5.06	0.01	23	11638	买盘
14:17:27	5.05	-0.01	140	70700	卖盘
14:17:22	5.06	0.01	13	6577	买盘
14:17:17	5.05	--	123	62115	卖盘
14:17:12	5.05	-0.01	16	8080	卖盘
14:17:02	5.06	0.01	91	46046	买盘
14:16:57	5.05	--	52	26260	卖盘
14:16:52	5.05	--	40	20200	卖盘
14:16:47	5.05	-0.01	39	19695	卖盘
14:16:42	5.06	0.01	13	6577	买盘
14:16:37	5.05	--	10	5050	卖盘
14:16:32	5.05	--	44	22220	卖盘
14:16:27	5.05	-0.01	519	262095	卖盘
14:16:22	5.06	--	5010	2535060	买盘
14:16:17	5.06	0.01	72	36432	买盘
14:16:12	5.05	--	545	275225	卖盘
14:16:07	5.05	--	30	15150	卖盘
14:16:02	5.05	--	801	404505	卖盘
14:15:57	5.05	-0.01	60	30300	卖盘
14:15:52	5.06	0.01	57	28841	买盘
14:15:47	5.05	--	65	32825	卖盘
14:15:37	5.05	--	3	1515	卖盘
14:15:32	5.05	-0.01	11	5555	卖盘
14:15:27	5.06	0.01	5026	2543156	买盘
14:15:22	5.05	--	15	7575	卖盘
14:15:17	5.05	--	123	62115	卖盘
14:15:11	5.05	--	15	7575	卖盘
14:15:02	5.05	-0.01	160	80800	卖盘
14:14:57	5.06	0.01	179	90574	买盘
14:14:52	5.05	--	20	10100	卖盘
14:14:41	5.05	--	179	90395	卖盘
14:14:37	5.05	--	15	7575	卖盘
14:14:32	5.05	--	19	9595	卖盘
14:14:26	5.05	--	17	8585	卖盘
14:14:22	5.05	-0.01	10	5050	卖盘
14:14:17	5.06	0.01	17	8602	买盘
14:14:11	5.05	--	190	95950	卖盘
14:14:02	5.05	-0.01	19	9595	卖盘
14:13:56	5.06	0.01	35	17710	买盘
14:13:52	5.05	--	30	15150	卖盘
14:13:47	5.05	--	2	1010	卖盘
14:13:41	5.05	--	44	22220	卖盘
14:13:32	5.05	--	61	30805	卖盘
14:13:22	5.05	--	376	189880	卖盘
14:13:17	5.05	-0.01	59	29795	卖盘
14:13:11	5.06	0.01	5	2530	买盘
14:13:07	5.05	--	39	19695	卖盘
14:13:02	5.05	-0.01	9	4545	卖盘
14:12:56	5.06	--	29	14673	买盘
14:12:52	5.06	0.01	58	29347	买盘
14:12:47	5.05	--	10	5050	卖盘
14:12:41	5.05	--	25	12625	卖盘
14:12:37	5.05	--	200	101000	卖盘
14:12:32	5.05	--	10	5050	卖盘
14:12:26	5.05	-0.01	23	11615	卖盘
14:12:22	5.06	0.01	63	31877	买盘
14:12:17	5.05	-0.01	15	7575	卖盘
14:12:11	5.06	--	50	25299	买盘
14:12:06	5.06	--	5	2530	买盘
14:12:02	5.06	0.01	2	1011	买盘
14:11:56	5.05	-0.01	81	40905	卖盘
14:11:47	5.06	0.01	9	4554	买盘
14:11:41	5.05	--	3	1515	卖盘
14:11:31	5.05	--	10	5050	卖盘
14:11:21	5.05	--	30	15150	卖盘
14:11:16	5.05	-0.01	100	50500	卖盘
14:11:11	5.06	--	179	90574	买盘
14:11:06	5.06	0.01	3	1517	买盘
14:11:01	5.05	--	60	30300	卖盘
14:10:56	5.05	--	45	22725	卖盘
14:10:51	5.05	--	50	25250	卖盘
14:10:46	5.05	-0.01	30	15150	卖盘
14:10:41	5.06	0.01	36	18216	买盘
14:10:36	5.05	--	11	5555	卖盘
14:10:31	5.05	--	10	5050	卖盘
14:10:26	5.05	-0.01	10	5050	卖盘
14:10:21	5.06	0.01	66	33396	买盘
14:10:16	5.05	--	50	25250	卖盘
14:10:11	5.05	--	36	18180	卖盘
14:10:06	5.05	--	29	14645	卖盘
14:10:01	5.05	-0.01	2	1010	卖盘
14:09:51	5.06	--	63	31877	买盘
14:09:41	5.06	0.01	50	25299	买盘
14:09:36	5.05	--	24	12120	卖盘
14:09:26	5.05	--	5	2525	卖盘
14:09:16	5.05	--	35	17675	卖盘
14:09:11	5.05	-0.01	10	5050	卖盘
14:09:06	5.06	0.01	20	10120	买盘
14:08:51	5.05	-0.01	89	44945	卖盘
14:08:46	5.06	0.01	136	68816	买盘
14:08:35	5.05	--	170	85850	卖盘
14:08:26	5.05	-0.01	5	2525	卖盘
14:08:21	5.06	--	139	70334	买盘
14:08:16	5.06	--	212	107271	买盘
14:08:11	5.06	0.01	161	81466	买盘
14:08:05	5.05	--	162	81810	卖盘
14:08:01	5.05	--	16	8080	卖盘
14:07:56	5.05	--	210	106050	卖盘
14:07:50	5.05	--	122	61610	卖盘
14:07:41	5.05	--	30	15150	卖盘
14:07:35	5.05	--	130	65650	卖盘
14:07:26	5.05	--	2	1010	卖盘
14:07:20	5.05	--	80	40400	卖盘
14:07:11	5.05	--	29	14645	卖盘
14:07:05	5.05	--	25	12625	卖盘
14:07:01	5.05	--	500	252500	卖盘
14:06:56	5.05	--	53	26765	卖盘
14:06:50	5.05	--	11	5555	卖盘
14:06:46	5.05	--	155	78275	卖盘
14:06:41	5.05	--	27	13635	卖盘
14:06:35	5.05	--	50	25250	卖盘
14:06:31	5.05	--	2	1010	卖盘
14:06:26	5.05	-0.01	19	9595	卖盘
14:06:20	5.06	0.01	58	29347	买盘
14:06:16	5.05	--	18	9090	卖盘
14:06:11	5.05	--	101	51005	卖盘
14:06:05	5.05	--	50	25250	卖盘
14:06:01	5.05	--	15	7575	卖盘
14:05:56	5.05	--	110	55550	卖盘
14:05:50	5.05	--	101	51005	卖盘
14:05:45	5.05	--	1	505	卖盘
14:05:35	5.05	--	55	27775	卖盘
14:05:30	5.05	--	5	2525	卖盘
14:05:20	5.05	--	50	25250	卖盘
14:05:15	5.05	--	2060	1040557	买盘
14:05:00	5.05	--	10	5050	买盘
14:04:55	5.05	--	3	1515	买盘
14:04:50	5.05	--	13	6565	买盘
14:04:45	5.05	--	1	505	买盘
14:04:40	5.05	--	20	10100	买盘
14:04:35	5.05	--	189	95445	买盘
14:04:30	5.05	--	407	205535	买盘
14:04:25	5.05	--	65	32825	买盘
14:04:20	5.05	--	30	15150	买盘
14:04:15	5.05	0.01	27	13635	买盘
14:04:10	5.04	-0.01	38	19152	卖盘
14:04:05	5.05	--	40	20200	买盘
14:04:00	5.05	0.01	2	1010	买盘
14:03:50	5.04	-0.01	69	34776	卖盘
14:03:45	5.05	--	101	51005	买盘
14:03:40	5.05	0.01	7	3535	买盘
14:03:35	5.04	-0.01	30	15120	卖盘
14:03:30	5.05	--	144	72720	买盘
14:03:25	5.05	0.01	65	32825	买盘
14:03:20	5.04	-0.01	1039	523656	卖盘
14:03:15	5.05	--	57	28785	买盘
14:03:10	5.05	--	51	25755	买盘
14:03:05	5.05	--	317	160085	买盘
14:03:00	5.05	--	25	12625	买盘
14:02:55	5.05	--	28	14140	买盘
14:02:50	5.05	--	73	36865	买盘
14:02:45	5.05	0.01	51	25755	买盘
14:02:40	5.04	--	70	35280	卖盘
14:02:20	5.04	-0.01	23	11592	卖盘
14:02:14	5.05	--	1	505	买盘
14:02:10	5.05	--	13	6565	买盘
14:02:05	5.05	0.01	2	1010	买盘
14:02:00	5.04	-0.01	76	38304	卖盘
14:01:55	5.05	0.01	7	3535	买盘
14:01:50	5.04	-0.01	22	11088	卖盘
14:01:44	5.05	--	1	505	买盘
14:01:35	5.05	--	1	505	买盘
14:01:20	5.05	--	40	20200	买盘
14:01:14	5.05	--	8	4040	买盘
14:01:05	5.05	--	10	5050	买盘
14:00:59	5.05	--	88	44440	买盘
14:00:50	5.05	0.01	114	57570	买盘
14:00:44	5.04	--	100	50400	卖盘
14:00:29	5.04	-0.01	56	28224	卖盘
14:00:14	5.05	--	95	47975	买盘
14:00:10	5.05	--	5	2525	买盘
14:00:05	5.05	--	21	10605	买盘
13:59:44	5.05	--	250	126250	买盘
13:59:40	5.05	0.01	76	38380	买盘
13:59:35	5.04	-0.01	50	25200	卖盘
13:59:14	5.05	--	2	1010	买盘
13:59:05	5.05	--	299	150995	买盘
13:58:59	5.05	--	314	158842	卖盘
13:58:49	5.05	--	1	505	卖盘
13:58:44	5.05	--	326	164630	卖盘
13:58:39	5.05	-0.01	5	2525	卖盘
13:58:34	5.06	0.01	46	23276	买盘
13:58:29	5.05	--	344	173720	卖盘
13:58:24	5.05	--	40	20200	卖盘
13:58:19	5.05	--	20	10100	卖盘
13:58:14	5.05	-0.01	158	79790	卖盘
13:58:09	5.06	0.01	249	125993	买盘
13:58:04	5.05	--	10	5050	卖盘
13:57:59	5.05	--	63	31815	卖盘
13:57:54	5.05	--	402	203010	卖盘
13:57:49	5.05	--	95	47975	卖盘
13:57:44	5.05	--	10	5050	卖盘
13:57:34	5.05	--	654	330270	卖盘
13:57:29	5.05	--	774	390870	卖盘
13:57:24	5.05	--	64	32320	卖盘
13:57:14	5.05	--	508	256540	卖盘
13:57:09	5.05	--	17	8585	卖盘
13:57:04	5.05	--	28	14140	卖盘
13:56:54	5.05	--	27	13635	卖盘
13:56:49	5.05	--	5	2525	卖盘
13:56:44	5.05	--	141	71205	卖盘
13:56:39	5.05	--	49	24745	卖盘
13:56:34	5.05	--	8	4040	卖盘
13:56:29	5.05	--	110	55550	卖盘
13:56:24	5.05	--	171	86355	卖盘
13:56:14	5.05	--	3	1515	卖盘
13:56:09	5.05	-0.01	108	54540	卖盘
13:56:04	5.06	--	146	73876	买盘
13:55:59	5.06	0.01	67	33902	买盘
13:55:54	5.05	--	68	34340	卖盘
13:55:49	5.05	--	50	25250	卖盘
13:55:44	5.05	--	902	455686	卖盘
13:55:39	5.05	-0.01	88	44440	卖盘
13:55:34	5.06	0.01	110	55659	买盘
13:55:29	5.05	--	217	109585	卖盘
13:55:24	5.05	-0.01	73	36865	卖盘
13:55:14	5.06	0.01	14	7083	买盘
13:55:08	5.05	--	65	32825	卖盘
13:55:04	5.05	--	46	23230	卖盘
13:54:59	5.05	--	228	115140	卖盘
13:54:53	5.05	-0.01	10	5050	卖盘
13:54:49	5.06	0.01	133	67298	买盘
13:54:44	5.05	--	139	70195	卖盘
13:54:38	5.05	--	168	84840	卖盘
13:54:34	5.05	-0.01	804	406020	卖盘
13:54:29	5.06	0.01	2	1011	买盘
13:54:23	5.05	--	3	1515	卖盘
13:54:19	5.05	--	30	15150	卖盘
13:54:14	5.05	-0.01	271	136855	卖盘
13:53:59	5.06	--	111	56165	买盘
13:53:53	5.06	0.01	101	51105	买盘
13:53:44	5.05	--	41	20705	卖盘
13:53:38	5.05	--	120	60600	卖盘
13:53:34	5.05	--	5	2525	卖盘
13:53:29	5.05	--	127	64135	卖盘
13:53:23	5.05	-0.01	30	15150	卖盘
13:53:19	5.06	0.01	1	505	买盘
13:53:14	5.05	--	119	60095	卖盘
13:53:04	5.05	--	109	55045	卖盘
13:52:59	5.05	-0.01	250	126250	卖盘
13:52:53	5.06	0.01	335	169510	买盘
13:52:49	5.05	-0.01	160	80800	卖盘
13:52:44	5.06	0.01	25	12649	买盘
13:52:38	5.05	--	48	24240	卖盘
13:52:34	5.05	--	22	11110	卖盘
13:52:28	5.05	--	51	25755	卖盘
13:52:23	5.05	--	67	33835	卖盘
13:52:14	5.05	--	252	127260	卖盘
13:52:08	5.05	--	15	7575	卖盘
13:52:03	5.05	--	103	52015	卖盘
13:51:58	5.05	--	72	36360	卖盘
13:51:53	5.05	--	534	269670	卖盘
13:51:48	5.05	--	80	40400	卖盘
13:51:43	5.05	--	10	5050	卖盘
13:51:38	5.05	--	113	57065	卖盘
13:51:33	5.05	--	87	43935	卖盘
13:51:28	5.05	--	39	19695	卖盘
13:51:23	5.05	--	2278	1150445	买盘
13:51:18	5.05	--	35	17675	买盘
13:51:13	5.05	--	27	13635	买盘
13:51:08	5.05	0.01	3404	1719020	买盘
13:50:58	5.04	-0.01	10	5040	卖盘
13:50:53	5.05	0.01	66	33330	买盘
13:50:48	5.04	--	103	51912	卖盘
13:50:38	5.04	-0.01	34	17136	卖盘
13:50:28	5.05	--	10	5050	买盘
13:50:23	5.05	--	12	6060	买盘
13:50:18	5.05	0.01	4	2020	买盘
13:50:13	5.04	--	50	25200	卖盘
13:50:08	5.04	--	38	19152	卖盘
13:50:03	5.04	-0.01	28	14112	卖盘
13:49:48	5.05	--	104	52520	买盘
13:49:43	5.05	--	68	34340	买盘
13:49:38	5.05	--	54	27270	买盘
13:49:33	5.05	--	75	37875	买盘
13:49:23	5.05	0.01	116	58580	买盘
13:49:13	5.04	-0.01	600	302400	卖盘
13:49:08	5.05	0.01	5	2525	买盘
13:49:03	5.04	-0.01	16	8064	卖盘
13:48:53	5.05	0.01	6	3030	买盘
13:48:47	5.04	--	54	27216	卖盘
13:48:43	5.04	-0.01	3	1512	卖盘
13:48:38	5.05	0.01	392	197960	买盘
13:48:32	5.04	-0.01	131	66024	卖盘
13:48:28	5.05	--	5	2525	买盘
13:48:23	5.05	--	88	44440	买盘
13:48:17	5.05	--	37	18685	买盘
13:48:13	5.05	0.01	180	90900	买盘
13:48:08	5.04	-0.01	15	7560	卖盘
13:47:58	5.05	--	35	17675	买盘
13:47:53	5.05	0.01	3000	1515000	买盘
13:47:47	5.04	--	2	1008	卖盘
13:47:38	5.04	-0.01	16	8064	卖盘
13:47:32	5.05	0.01	122	61610	买盘
13:47:23	5.04	-0.01	82	41328	卖盘
13:47:17	5.05	--	70	35350	买盘
13:47:13	5.05	--	50	25250	买盘
13:47:08	5.05	0.01	69	34845	买盘
13:46:58	5.04	--	23	11592	卖盘
13:46:53	5.04	--	56	28224	卖盘
13:46:47	5.04	-0.01	237	119448	卖盘
13:46:43	5.05	0.01	58	29290	买盘
13:46:38	5.04	-0.01	72	36288	卖盘
13:46:32	5.05	--	50	25250	买盘
13:46:23	5.05	--	197	99485	买盘
13:46:17	5.05	--	64	32320	买盘
13:46:13	5.05	--	230	116150	买盘
13:46:08	5.05	0.01	5	2525	买盘
13:46:02	5.04	-0.01	60	30240	卖盘
13:45:52	5.05	0.01	15	7575	买盘
13:45:47	5.04	-0.01	15	7560	卖盘
13:45:42	5.05	--	105	53025	买盘
13:45:32	5.05	0.01	52	26260	买盘
13:45:27	5.04	-0.01	39	19656	卖盘
13:45:17	5.05	0.01	34	17170	买盘
13:45:12	5.04	--	68	34272	卖盘
13:45:02	5.04	-0.01	20	10080	卖盘
13:44:57	5.05	0.01	209	105545	买盘
13:44:47	5.04	--	20	10080	卖盘
13:44:42	5.04	--	25	12600	卖盘
13:44:27	5.04	--	89	44856	卖盘
13:44:22	5.04	--	5	2520	卖盘
13:44:17	5.04	--	27	13608	卖盘
13:44:12	5.04	--	30	15120	卖盘
13:44:02	5.04	--	30	15120	卖盘
13:43:57	5.04	--	10	5040	卖盘
13:43:47	5.04	-0.01	7	3528	卖盘
13:43:42	5.05	0.01	20	10100	买盘
13:43:32	5.04	-0.01	25	12600	卖盘
13:43:27	5.05	0.01	21	10605	买盘
13:43:22	5.04	--	5	2520	卖盘
13:43:12	5.04	--	92	46368	卖盘
13:43:02	5.04	--	6	3024	卖盘
13:42:57	5.04	-0.01	1	504	卖盘
13:42:47	5.05	0.01	31	15655	买盘
13:42:42	5.04	--	301	151704	卖盘
13:42:32	5.04	--	12	6048	卖盘
13:42:27	5.04	-0.01	15	7560	卖盘
13:42:22	5.05	--	18	9090	买盘
13:42:17	5.05	0.01	20	10100	买盘
13:42:11	5.04	-0.01	20	10080	卖盘
13:42:07	5.05	0.01	56	28280	买盘
13:42:02	5.04	--	223	112392	卖盘
13:41:56	5.04	--	196	98784	卖盘
13:41:47	5.04	-0.01	100	50400	卖盘
13:41:41	5.05	0.01	145	73225	买盘
13:41:37	5.04	-0.01	24	12096	卖盘
13:41:32	5.05	0.01	108	54540	买盘
13:41:26	5.04	--	128	64512	卖盘
13:41:22	5.04	-0.01	5	2520	卖盘
13:41:17	5.05	0.01	11	5555	买盘
13:41:11	5.04	--	47	23688	卖盘
13:41:02	5.04	--	130	65520	卖盘
13:40:56	5.04	-0.01	5	2520	卖盘
13:40:52	5.05	0.01	10	5050	买盘
13:40:47	5.04	--	20	10080	卖盘
13:40:41	5.04	--	1	504	卖盘
13:40:32	5.04	--	10	5040	卖盘
13:40:26	5.04	-0.01	26	13104	卖盘
13:40:22	5.05	--	121	61105	买盘
13:40:17	5.05	--	32	16160	买盘
13:40:11	5.05	--	46	23230	买盘
13:40:02	5.05	--	296	149480	买盘
13:39:52	5.05	--	9	4545	买盘
13:39:46	5.05	0.01	59	29795	买盘
13:39:41	5.04	--	17	8568	卖盘
13:39:36	5.04	--	40	20160	卖盘
13:39:31	5.04	-0.01	50	25200	卖盘
13:39:26	5.05	0.01	1	505	买盘
13:39:21	5.04	-0.01	58	29232	卖盘
13:39:11	5.05	0.01	46	23230	买盘
13:38:56	5.04	--	22	11088	卖盘
13:38:51	5.04	-0.01	20	10080	卖盘
13:38:46	5.05	0.01	7	3535	买盘
13:38:36	5.04	-0.01	101	50904	卖盘
13:38:26	5.05	--	25	12625	买盘
13:38:21	5.05	0.01	9	4545	买盘
13:38:16	5.04	-0.01	15	7560	卖盘
13:38:11	5.05	0.01	3	1515	买盘
13:38:06	5.04	--	96	48384	卖盘
13:38:01	5.04	--	25	12600	卖盘
13:37:56	5.04	--	23	11592	卖盘
13:37:51	5.04	-0.01	84	42336	卖盘
13:37:46	5.05	0.01	21	10605	买盘
13:37:41	5.04	--	149	75096	卖盘
13:37:36	5.04	--	399	201348	卖盘
13:37:26	5.04	--	215	108360	卖盘
13:37:21	5.04	-0.01	66	33264	卖盘
13:37:16	5.05	--	221	111605	买盘
13:37:11	5.05	--	10	5050	买盘
13:37:06	5.05	--	81	40905	买盘
13:36:56	5.05	0.01	71	35855	买盘
13:36:51	5.04	-0.01	140	70560	卖盘
13:36:46	5.05	--	72	36360	买盘
13:36:41	5.05	--	41	20705	买盘
13:36:36	5.05	0.01	410	207050	买盘
13:36:31	5.04	--	24	12096	卖盘
13:36:26	5.04	-0.01	291	146664	卖盘
13:36:21	5.05	--	8	4040	买盘
13:36:16	5.05	--	79	39895	买盘
13:36:11	5.05	--	30	15150	买盘
13:36:06	5.05	--	17	8585	买盘
13:35:56	5.05	--	265	133825	买盘
13:35:50	5.05	--	58	29290	买盘
13:35:46	5.05	--	22	11110	买盘
13:35:41	5.05	--	39	19695	买盘
13:35:35	5.05	--	15	7575	买盘
13:35:31	5.05	--	5	2525	买盘
13:35:26	5.05	--	1	505	买盘
13:35:20	5.05	--	13	6565	买盘
13:35:11	5.05	--	30	15150	买盘
13:35:05	5.05	--	305	154025	买盘
13:35:01	5.05	--	20	10100	买盘
13:34:56	5.05	--	4	2020	买盘
13:34:46	5.05	--	238	120533	卖盘
13:34:35	5.05	--	277	139885	卖盘
13:34:31	5.05	--	59	29795	卖盘
13:34:26	5.05	--	6	3030	卖盘
13:34:20	5.05	--	58	29290	卖盘
13:34:16	5.05	--	160	80800	卖盘
13:34:11	5.05	--	60	30300	卖盘
13:34:05	5.05	--	321	162266	买盘
13:33:56	5.05	--	330	166650	买盘
13:33:50	5.05	0.01	574	289870	买盘
13:33:41	5.04	-0.01	13	6552	卖盘
13:33:35	5.05	--	99	49995	买盘
13:33:31	5.05	--	11	5555	买盘
13:33:26	5.05	--	52	26260	买盘
13:33:20	5.05	--	523	264115	买盘
13:33:10	5.05	--	10	5050	买盘
13:33:05	5.05	--	463	233815	买盘
13:32:56	5.05	--	3	1515	买盘
13:32:50	5.05	--	69	34845	买盘
13:32:45	5.05	-0.01	3159	1595638	卖盘
13:32:40	5.06	0.01	17	8602	买盘
13:32:35	5.05	-0.01	212	107060	卖盘
13:32:25	5.06	0.01	40	20240	买盘
13:32:20	5.05	--	11	5555	卖盘
13:32:15	5.05	-0.01	262	132310	卖盘
13:32:10	5.06	0.01	13	6577	买盘
13:32:05	5.05	-0.01	545	275225	卖盘
13:31:50	5.06	0.01	13	6577	买盘
13:31:45	5.05	--	1500	757500	卖盘
13:31:40	5.05	--	1	505	卖盘
13:31:35	5.05	--	12	6060	卖盘
13:31:30	5.05	--	7	3535	卖盘
13:31:25	5.05	--	27	13635	卖盘
13:31:20	5.05	--	16	8080	卖盘
13:31:15	5.05	--	112	56560	卖盘
13:31:10	5.05	--	67	33835	卖盘
13:31:05	5.05	-0.01	70	35350	卖盘
13:31:00	5.06	0.01	599	303094	买盘
13:30:50	5.05	-0.01	53	26765	卖盘
13:30:45	5.06	0.01	36	18216	买盘
13:30:35	5.05	--	251	126755	卖盘
13:30:30	5.05	--	74	37370	卖盘
13:30:25	5.05	--	50	25250	卖盘
13:30:20	5.05	--	40	20200	卖盘
13:30:15	5.05	--	200	101000	卖盘
13:30:10	5.05	--	8	4040	卖盘
13:30:05	5.05	--	86	43430	卖盘
13:29:59	5.05	--	137	69185	卖盘
13:29:55	5.05	--	6	3030	卖盘
13:29:50	5.05	--	259	130795	卖盘
13:29:45	5.05	--	206	104030	卖盘
13:29:40	5.05	--	12	6060	卖盘
13:29:35	5.05	--	332	167660	卖盘
13:29:29	5.05	--	27	13635	卖盘
13:29:20	5.05	--	11	5555	卖盘
13:29:14	5.05	--	25	12625	卖盘
13:28:55	5.05	--	10	5050	卖盘
13:28:50	5.05	-0.01	22	11110	卖盘
13:28:44	5.06	0.01	50	25299	买盘
13:28:35	5.05	--	15	7575	卖盘
13:28:29	5.05	-0.01	29	14645	卖盘
13:28:25	5.06	0.01	287	145222	买盘
13:28:20	5.05	--	100	50500	卖盘
13:28:14	5.05	--	165	83325	卖盘
13:28:10	5.05	--	14	7070	卖盘
13:28:05	5.05	--	52	26260	卖盘
13:27:59	5.05	-0.01	5	2525	卖盘
13:27:55	5.06	0.01	41	20746	买盘
13:27:50	5.05	--	215	108575	卖盘
13:27:44	5.05	--	120	60600	卖盘
13:27:29	5.05	--	55	27775	卖盘
13:27:20	5.05	--	21	10605	卖盘
13:27:14	5.05	--	14	7070	卖盘
13:27:10	5.05	--	3	1515	卖盘
13:27:04	5.05	--	90	45450	卖盘
13:26:59	5.05	--	8	4040	卖盘
13:26:55	5.05	--	76	38380	卖盘
13:26:50	5.05	--	64	32320	卖盘
13:26:44	5.05	--	130	65650	卖盘
13:26:39	5.05	-0.01	10	5050	卖盘
13:26:29	5.06	0.01	425	215049	买盘
13:26:24	5.05	--	21	10605	卖盘
13:26:19	5.05	-0.01	35	17675	卖盘
13:26:14	5.06	0.01	22	11132	买盘
13:26:09	5.05	-0.01	19	9595	卖盘
13:26:04	5.06	--	13	6577	买盘
13:25:59	5.06	--	40	20240	买盘
13:25:44	5.06	0.01	114	57683	买盘
13:25:39	5.05	-0.01	37	18685	卖盘
13:25:34	5.06	0.01	13	6577	买盘
13:25:29	5.05	-0.01	5	2525	卖盘
13:25:24	5.06	--	533	269698	买盘
13:25:14	5.06	0.01	149	75394	买盘
13:25:09	5.05	--	321	162105	卖盘
13:25:04	5.05	--	1	505	卖盘
13:24:59	5.05	-0.01	139	70195	卖盘
13:24:54	5.06	0.01	44	22264	买盘
13:24:49	5.05	--	5	2525	卖盘
13:24:44	5.05	-0.01	187	94435	卖盘
13:24:39	5.06	0.01	353	178618	买盘
13:24:34	5.05	--	109	55045	卖盘
13:24:29	5.05	--	12	6060	卖盘
13:24:24	5.05	--	366	184830	卖盘
13:24:19	5.05	--	20	10100	卖盘
13:24:14	5.05	--	52	26260	卖盘
13:24:09	5.05	--	67	34309	卖盘
13:24:04	5.05	--	51	25755	卖盘
13:23:59	5.05	--	202	102010	卖盘
13:23:54	5.05	-0.01	393	198465	卖盘
13:23:49	5.06	0.01	70	35420	买盘
13:23:44	5.05	-0.01	46	23230	卖盘
13:23:34	5.06	--	12	6071	买盘
13:23:29	5.06	0.01	315	159390	买盘
13:23:24	5.05	--	60	30300	卖盘
13:23:19	5.05	-0.01	2	1010	卖盘
13:23:14	5.06	0.01	576	291456	买盘
13:23:08	5.05	--	22	11110	卖盘
13:22:59	5.05	-0.01	7	3535	卖盘
13:22:53	5.06	--	17	8602	买盘
13:22:49	5.06	0.01	267	135102	买盘
13:22:44	5.05	--	376	189880	卖盘
13:22:38	5.05	--	416	210080	卖盘
13:22:34	5.05	-0.01	20	10100	卖盘
13:22:29	5.06	0.01	169	85514	买盘
13:22:23	5.05	-0.01	423	213615	卖盘
13:22:19	5.06	--	24	12143	买盘
13:22:14	5.06	--	195	98669	买盘
13:22:08	5.06	0.01	2	1011	买盘
13:21:59	5.05	-0.01	93	46965	卖盘
13:21:53	5.06	--	30	15179	买盘
13:21:49	5.06	--	20	10120	买盘
13:21:44	5.06	--	53	26817	买盘
13:21:38	5.06	0.01	55	27829	买盘
13:21:29	5.05	-0.01	82	41410	卖盘
13:21:23	5.06	--	132	66792	买盘
13:21:19	5.06	--	30	15179	买盘
13:21:14	5.06	0.01	2	1011	买盘
13:21:08	5.05	-0.01	10	5050	卖盘
13:20:59	5.06	0.01	19	9614	买盘
13:20:53	5.05	--	14	7070	卖盘
13:20:49	5.05	-0.01	52	26260	卖盘
13:20:43	5.06	0.01	24	12143	买盘
13:20:38	5.05	--	65	32825	卖盘
13:20:33	5.05	--	20	10100	卖盘
13:20:28	5.05	--	1	505	卖盘
13:20:23	5.05	--	6	3030	卖盘
13:20:13	5.05	--	64	32320	卖盘
13:20:08	5.05	--	28	14140	卖盘
13:19:59	5.05	--	28	14140	卖盘
13:19:53	5.05	--	70	35350	卖盘
13:19:48	5.05	--	13	6565	卖盘
13:19:38	5.05	-0.01	29	14645	卖盘
13:19:33	5.06	--	23	11638	买盘
13:19:23	5.06	0.01	52	26311	买盘
13:19:18	5.05	--	230	116150	卖盘
13:19:13	5.05	--	8	4040	卖盘
13:19:08	5.05	--	41	20705	卖盘
13:19:03	5.05	-0.01	552	278760	卖盘
13:18:58	5.06	--	21	10626	买盘
13:18:53	5.06	--	227	114861	买盘
13:18:48	5.06	--	513	259577	买盘
13:18:43	5.06	--	5	2530	买盘
13:18:38	5.06	0.01	36	18216	买盘
13:18:33	5.05	-0.01	21	10605	卖盘
13:18:28	5.06	--	26	13155	买盘
13:18:23	5.06	--	63	31877	买盘
13:18:18	5.06	--	10	5060	买盘
13:18:13	5.06	--	32	16191	买盘
13:18:08	5.06	--	26	13155	买盘
13:18:03	5.06	--	75	37950	买盘
13:17:58	5.06	0.01	104	52623	买盘
13:17:53	5.05	--	2	1010	卖盘
13:17:48	5.05	--	215	108575	卖盘
13:17:38	5.05	--	16	8080	卖盘
13:17:23	5.05	--	56	28280	卖盘
13:17:18	5.05	--	141	71205	卖盘
13:17:13	5.05	-0.01	38	19190	卖盘
13:17:08	5.06	0.01	30	15179	买盘
13:17:03	5.05	--	20	10100	卖盘
13:16:58	5.05	--	30	15150	卖盘
13:16:53	5.05	--	624	315120	卖盘
13:16:48	5.05	--	20	10150	卖盘
13:16:43	5.05	-0.01	209	105545	卖盘
13:16:38	5.06	0.01	180	91080	买盘
13:16:32	5.05	-0.01	100	50500	卖盘
13:16:28	5.06	--	37	18722	买盘
13:16:23	5.06	--	20	10120	买盘
13:16:17	5.06	--	85	43010	买盘
13:16:13	5.06	--	41	20746	买盘
13:16:08	5.06	0.01	10	5060	买盘
13:16:02	5.05	-0.01	226	114130	卖盘
13:15:58	5.06	--	19	9614	买盘
13:15:53	5.06	--	118	59707	买盘
13:15:43	5.06	--	86	43516	卖盘
13:15:38	5.06	--	457	231241	卖盘
13:15:32	5.06	--	70	35420	卖盘
13:15:28	5.06	--	519	262614	卖盘
13:15:23	5.06	--	285	144210	卖盘
13:15:17	5.06	-0.01	167	84502	卖盘
13:15:13	5.07	0.01	208	105456	买盘
13:15:08	5.06	--	139	70334	卖盘
13:15:02	5.06	--	135	68310	卖盘
13:14:58	5.06	--	75	37950	卖盘
13:14:53	5.06	-0.01	222	112331	卖盘
13:14:47	5.07	0.01	25	12675	买盘
13:14:38	5.06	--	100	50599	卖盘
13:14:32	5.06	-0.01	51	25805	卖盘
13:14:28	5.07	0.01	38	19266	买盘
13:14:23	5.06	--	90	45540	卖盘
13:14:17	5.06	-0.01	166	83996	卖盘
13:14:12	5.07	0.01	10	5070	买盘
13:14:08	5.06	-0.01	182	92092	卖盘
13:14:02	5.07	0.01	643	326001	买盘
13:13:57	5.06	--	79	39974	卖盘
13:13:53	5.06	-0.01	66	33396	卖盘
13:13:47	5.07	--	130	65910	买盘
13:13:42	5.07	0.01	345	174915	买盘
13:13:37	5.06	--	536	271216	卖盘
13:13:32	5.06	--	29	14673	卖盘
13:13:27	5.06	--	10	5060	卖盘
13:13:22	5.06	--	110	55659	卖盘
13:13:17	5.06	--	101	51105	卖盘
13:13:12	5.06	-0.01	429	217073	卖盘
13:13:07	5.07	0.01	14	7098	买盘
13:13:02	5.06	--	23	11638	卖盘
13:12:57	5.06	--	34	17204	卖盘
13:12:52	5.06	-0.01	10	5060	卖盘
13:12:47	5.07	0.01	1	507	买盘
13:12:42	5.06	-0.01	767	388101	卖盘
13:12:37	5.07	--	481	243867	买盘
13:12:32	5.07	0.01	121	61347	买盘
13:12:27	5.06	-0.01	100	50599	卖盘
13:12:22	5.07	0.01	5	2535	买盘
13:12:17	5.06	--	9	4554	卖盘
13:12:12	5.06	-0.01	20	10120	卖盘
13:12:07	5.07	--	18	9126	买盘
13:12:02	5.07	--	64	32448	买盘
13:11:57	5.07	--	65	32955	买盘
13:11:52	5.07	--	10	5070	买盘
13:11:47	5.07	--	210	106470	买盘
13:11:42	5.07	--	96	48672	买盘
13:11:37	5.07	--	95	48165	买盘
13:11:32	5.07	--	12	6084	买盘
13:11:27	5.07	--	80	40560	买盘
13:11:22	5.07	0.01	12	6084	买盘
13:11:17	5.06	--	26	13155	卖盘
13:11:12	5.06	-0.01	97	49081	卖盘
13:11:07	5.07	0.01	6	3042	买盘
13:11:02	5.06	-0.01	26	13155	卖盘
13:10:57	5.07	--	148	75036	买盘
13:10:52	5.07	--	250	126750	买盘
13:10:47	5.07	--	77	39039	买盘
13:10:41	5.07	0.01	11	5577	买盘
13:10:37	5.06	-0.01	4	2023	卖盘
13:10:32	5.07	--	163	82641	买盘
13:10:26	5.07	--	35	17745	买盘
13:10:17	5.07	--	336	170352	买盘
13:10:12	5.07	0.01	102	51714	买盘
13:10:07	5.06	--	10	5060	卖盘
13:10:02	5.06	--	30	15179	卖盘
13:09:57	5.06	-0.01	32	16191	卖盘
13:09:52	5.07	--	140	70980	买盘
13:09:47	5.07	0.01	35	17745	买盘
13:09:41	5.06	-0.01	144	72864	卖盘
13:09:32	5.07	0.01	337	170859	买盘
13:09:26	5.06	--	35	17710	卖盘
13:09:22	5.06	--	5	2530	卖盘
13:09:17	5.06	--	29	14673	卖盘
13:09:11	5.06	--	367	185702	卖盘
13:09:07	5.06	--	7	3541	卖盘
13:09:02	5.06	-0.01	24	12143	卖盘
13:08:56	5.07	--	38	19266	买盘
13:08:52	5.07	--	23	11661	买盘
13:08:47	5.07	0.01	78	39546	买盘
13:08:41	5.06	--	49	24793	卖盘
13:08:37	5.06	--	649	328394	买盘
13:08:32	5.06	--	42	21252	买盘
13:08:26	5.06	--	1195	604670	买盘
13:08:17	5.06	0.01	514	260083	买盘
13:08:11	5.05	-0.01	270	136350	卖盘
13:08:02	5.06	0.01	146	73876	买盘
13:07:56	5.05	-0.01	3	1515	卖盘
13:07:52	5.06	--	37	18722	买盘
13:07:46	5.06	--	125	63249	买盘
13:07:41	5.06	--	14	7083	买盘
13:07:36	5.06	--	8	4047	买盘
13:07:31	5.06	--	20	10120	买盘
13:07:26	5.06	0.01	42	21252	买盘
13:07:21	5.05	-0.01	11	5555	卖盘
13:07:16	5.06	--	78	39468	买盘
13:07:11	5.06	0.01	16	8095	买盘
13:07:06	5.05	--	11	5555	卖盘
13:07:01	5.05	--	62	31310	卖盘
13:06:56	5.05	-0.01	343	173215	卖盘
13:06:41	5.06	--	20	10120	买盘
13:06:36	5.06	--	108	54647	买盘
13:06:26	5.06	--	312	157872	买盘
13:06:21	5.06	--	267	135102	买盘
13:06:06	5.06	0.01	55	27829	买盘
13:06:01	5.05	-0.01	95	47975	卖盘
13:05:56	5.06	--	48	24287	买盘
13:05:51	5.06	-0.01	115	58189	买盘
13:05:36	5.07	--	731	371098	买盘
13:05:31	5.07	0.01	21	10647	买盘
13:05:26	5.06	--	502	254037	卖盘
13:05:21	5.06	--	441	223145	卖盘
13:05:16	5.06	--	3	1517	卖盘
13:05:11	5.06	--	62	31371	卖盘
13:05:06	5.06	--	340	172040	卖盘
13:05:01	5.06	--	20	10120	卖盘
13:04:56	5.06	--	408	206447	买盘
13:04:51	5.06	--	90	45540	卖盘
13:04:46	5.06	--	38	19228	买盘
13:04:41	5.06	--	989	500433	卖盘
13:04:36	5.06	-0.01	20	10120	卖盘
13:04:31	5.07	0.01	17	8619	买盘
13:04:26	5.06	-0.01	92	46552	卖盘
13:04:21	5.07	0.01	826	418782	买盘
13:04:11	5.06	--	131	66286	卖盘
13:04:06	5.06	-0.01	20	10120	卖盘
13:04:01	5.07	0.01	5	2535	买盘
13:03:56	5.06	--	469	237313	卖盘
13:03:51	5.06	--	74	37444	卖盘
13:03:41	5.06	0.01	468	236807	买盘
13:03:35	5.05	-0.01	920	464600	卖盘
13:03:31	5.06	--	47	23781	买盘
13:03:26	5.06	--	539	272734	买盘
13:03:21	5.06	--	893	451857	买盘
13:03:16	5.06	--	13	6577	买盘
13:03:11	5.06	--	217	109801	买盘
13:03:01	5.06	0.01	3	1517	买盘
13:02:56	5.05	-0.01	317	160085	卖盘
13:02:50	5.06	--	59	29853	买盘
13:02:46	5.06	0.01	14	7083	买盘
13:02:41	5.05	--	452	228260	卖盘
13:02:35	5.05	-0.01	36	18180	卖盘
13:02:26	5.06	--	300	151800	买盘
13:02:20	5.06	--	14	7083	买盘
13:02:11	5.06	--	164	82984	买盘
13:02:05	5.06	0.01	39	19734	买盘
13:02:01	5.05	--	5	2525	卖盘
13:01:56	5.05	--	10	5050	卖盘
13:01:50	5.05	--	24	12120	卖盘
13:01:46	5.05	--	100	50500	卖盘
13:01:41	5.05	--	156	78921	买盘
13:01:35	5.05	--	337	170185	买盘
13:01:31	5.05	--	203	102515	买盘
13:01:26	5.05	--	201	101505	买盘
13:01:20	5.05	--	917	463085	买盘
13:01:16	5.05	--	3020	1525100	买盘
13:01:11	5.05	--	14	7070	买盘
13:01:05	5.05	--	975	492375	买盘
13:00:55	5.05	--	222	112110	买盘
13:00:50	5.05	--	65	32825	买盘
13:00:45	5.05	0.01	125	63125	买盘
13:00:35	5.04	-0.01	282	142128	卖盘
13:00:30	5.05	--	100	50500	买盘
13:00:25	5.05	--	307	155035	买盘
13:00:20	5.05	0.01	5062	2556310	买盘
13:00:15	5.04	--	66	33264	卖盘
13:00:10	5.04	--	982	494928	卖盘
13:00:05	5.04	--	2722	1371888	买盘
11:30:00	5.04	--	0	0	买盘
11:30:00	5.04	--	0	0	买盘
11:30:00	5.04	--	36	18144	买盘
11:29:57	5.04	0.01	27	13608	买盘
11:29:47	5.03	-0.01	2	1006	卖盘
11:29:42	5.04	0.01	199	100296	买盘
11:29:37	5.03	--	344	173032	卖盘
11:29:32	5.03	--	189	95067	卖盘
11:29:27	5.03	--	277	139331	卖盘
11:29:22	5.03	-0.01	24	12072	卖盘
11:29:17	5.04	0.01	5	2520	买盘
11:29:12	5.03	-0.01	125	62875	卖盘
11:29:07	5.04	--	104	52416	买盘
11:29:02	5.04	--	430	216720	买盘
11:28:52	5.04	--	290	146160	买盘
11:28:47	5.04	--	682	343728	买盘
11:28:42	5.04	--	130	65520	买盘
11:28:37	5.04	--	4	2016	买盘
11:28:32	5.04	--	45	22680	买盘
11:28:27	5.04	--	217	109368	买盘
11:28:22	5.04	--	1893	954072	买盘
11:28:17	5.04	--	264	133056	买盘
11:28:12	5.04	0.01	2	1008	买盘
11:28:07	5.03	--	60	30180	卖盘
11:28:01	5.03	--	5	2515	卖盘
11:27:57	5.03	-0.01	223	112169	卖盘
11:27:46	5.04	--	544	274176	买盘
11:27:42	5.04	--	13	6552	买盘
11:27:36	5.04	--	467	235368	买盘
11:27:31	5.04	--	66	33264	买盘
11:27:27	5.04	--	102	51408	买盘
11:27:21	5.04	--	100	50400	买盘
11:27:16	5.04	--	59	29736	买盘
11:27:12	5.04	--	269	135576	买盘
11:27:06	5.04	--	2	1008	买盘
11:27:01	5.04	--	79	39816	买盘
11:26:56	5.04	--	49	24696	买盘
11:26:51	5.04	--	215	108360	买盘
11:26:46	5.04	--	14	7056	买盘
11:26:41	5.04	--	74	37296	买盘
11:26:31	5.04	--	21	10584	买盘
11:26:26	5.04	--	9	4536	买盘
11:26:21	5.04	--	383	193032	买盘
11:26:16	5.04	--	146	73584	买盘
11:26:11	5.04	0.01	35	17640	买盘
11:26:01	5.03	-0.01	85	42755	卖盘
11:25:56	5.04	--	78	39312	买盘
11:25:51	5.04	--	120	60480	买盘
11:25:46	5.04	--	60	30240	买盘
11:25:41	5.04	--	743	374472	买盘
11:25:31	5.04	--	24	12096	买盘
11:25:26	5.04	--	390	196560	买盘
11:25:21	5.04	--	14	7056	买盘
11:25:16	5.04	--	152	76608	买盘
11:25:06	5.04	0.01	75	37800	买盘
11:25:01	5.03	-0.01	7	3521	卖盘
11:24:56	5.04	--	110	55440	买盘
11:24:46	5.04	--	734	369936	买盘
11:24:41	5.04	0.01	190	95760	买盘
11:24:31	5.03	--	237	119211	卖盘
11:24:26	5.03	-0.01	10	5030	卖盘
11:24:21	5.04	0.01	74	37296	买盘
11:24:16	5.03	--	100	50300	卖盘
11:24:11	5.03	--	1557	783568	买盘
11:24:06	5.03	--	542	272731	卖盘
11:24:01	5.03	--	14	7042	卖盘
11:23:56	5.03	--	102	51306	卖盘
11:23:46	5.03	--	1665	837892	买盘
11:23:41	5.03	--	223	112169	买盘
11:23:36	5.03	--	100	50300	买盘
11:23:31	5.03	--	387	194661	买盘
11:23:26	5.03	--	63	31689	买盘
11:23:21	5.03	--	31	15593	买盘
11:23:11	5.03	--	45	22635	买盘
11:23:06	5.03	--	170	85510	买盘
11:23:01	5.03	--	60	30180	买盘
11:22:56	5.03	0.01	70	35210	买盘
11:22:51	5.02	-0.01	13	6525	卖盘
11:22:46	5.03	--	56	28168	买盘
11:22:41	5.03	--	718	361154	买盘
11:22:36	5.03	--	55	27665	买盘
11:22:31	5.03	--	692	348076	买盘
11:22:26	5.03	--	93	46779	买盘
11:22:21	5.03	--	63	31689	买盘
11:22:11	5.03	--	985	495455	买盘
11:22:06	5.03	0.01	774	389322	买盘
11:22:01	5.02	--	102	51203	卖盘
11:21:56	5.02	-0.01	752	377503	卖盘
11:21:51	5.03	0.01	63	31689	买盘
11:21:41	5.02	--	40	20080	卖盘
11:21:31	5.02	-0.01	67	33634	卖盘
11:21:25	5.03	--	378	190134	买盘
11:21:21	5.03	0.01	654	328962	买盘
11:21:15	5.02	-0.01	10	5020	卖盘
11:21:10	5.03	0.01	79	39737	买盘
11:21:06	5.02	-0.01	319	160138	卖盘
11:21:01	5.03	--	14	7042	买盘
11:20:55	5.03	--	163	81989	买盘
11:20:50	5.03	--	75	37725	买盘
11:20:45	5.03	--	35	17605	买盘
11:20:35	5.03	--	1422	715266	买盘
11:20:30	5.03	0.01	100	50300	买盘
11:20:25	5.02	-0.01	36	18072	卖盘
11:20:20	5.03	--	186	93558	买盘
11:20:15	5.03	0.01	37	18611	买盘
11:20:10	5.02	--	227	113953	卖盘
11:20:05	5.02	--	339	170178	卖盘
11:20:00	5.02	-0.01	22	11043	卖盘
11:19:55	5.03	0.01	205	103115	买盘
11:19:50	5.02	--	401	201301	卖盘
11:19:45	5.02	-0.01	181	90861	卖盘
11:19:35	5.03	--	136	68408	买盘
11:19:30	5.03	0.01	52	26156	买盘
11:19:25	5.02	--	100	50199	卖盘
11:19:20	5.02	--	275	138050	卖盘
11:19:15	5.02	--	318	159636	卖盘
11:19:05	5.02	-0.01	118	59235	卖盘
11:19:00	5.03	--	6	3018	买盘
11:18:55	5.03	0.01	124	62372	买盘
11:18:50	5.02	--	20	10040	卖盘
11:18:45	5.02	-0.01	5	2510	卖盘
11:18:40	5.03	0.01	5	2515	买盘
11:18:35	5.02	-0.01	14	7027	卖盘
11:18:30	5.03	--	57	28671	买盘
11:18:15	5.03	--	1	503	买盘
11:18:10	5.03	--	30	15090	买盘
11:18:05	5.03	--	20	10060	买盘
11:17:50	5.03	0.01	1	503	买盘
11:17:45	5.02	--	5	2510	卖盘
11:17:40	5.02	--	30	15059	卖盘
11:17:30	5.02	-0.01	211	105921	卖盘
11:17:25	5.03	--	45	22635	买盘
11:17:20	5.03	--	204	102612	买盘
11:17:15	5.03	0.01	110	55330	买盘
11:17:05	5.02	-0.01	8	4015	卖盘
11:17:00	5.03	--	35	17605	买盘
11:16:55	5.03	0.01	146	73438	买盘
11:16:50	5.02	--	118	59235	卖盘
11:16:45	5.02	--	29	14557	卖盘
11:16:35	5.02	-0.01	41	20582	卖盘
11:16:30	5.03	--	238	119714	买盘
11:16:25	5.03	--	62	31186	买盘
11:16:20	5.03	--	213	107139	买盘
11:16:14	5.03	--	101	50803	买盘
11:16:10	5.03	--	5	2515	买盘
11:16:05	5.03	--	701	352603	买盘
11:16:00	5.03	0.01	1	503	买盘
11:15:50	5.02	-0.01	10	5020	卖盘
11:15:45	5.03	--	85	42755	买盘
11:15:40	5.03	--	10	5030	买盘
11:15:34	5.03	0.01	10	5030	买盘
11:15:19	5.02	-0.01	101	50701	卖盘
11:15:15	5.03	0.01	94	47282	买盘
11:15:10	5.02	-0.01	22	11043	卖盘
11:15:04	5.03	0.01	10	5030	买盘
11:14:55	5.02	--	5	2510	卖盘
11:14:50	5.02	--	40	20080	卖盘
11:14:45	5.02	--	40	20080	卖盘
11:14:40	5.02	--	3	1505	卖盘
11:14:34	5.02	--	312	156624	卖盘
11:14:30	5.02	--	69	34638	卖盘
11:14:19	5.02	--	60	30119	卖盘
11:14:09	5.02	--	50	25099	卖盘
11:14:04	5.02	--	110	55219	卖盘
11:13:59	5.02	--	5	2510	卖盘
11:13:54	5.02	--	20	10040	卖盘
11:13:49	5.02	--	190	95445	买盘
11:13:44	5.02	--	23	11545	买盘
11:13:39	5.02	--	29	14557	买盘
11:13:29	5.02	--	227	113953	买盘
11:13:24	5.02	0.01	6	3011	买盘
11:13:19	5.01	-0.01	26	13026	卖盘
11:13:14	5.02	--	700	351399	买盘
11:13:09	5.02	0.01	18	9036	买盘
11:13:04	5.01	--	20	10020	卖盘
11:12:59	5.01	--	247	123747	卖盘
11:12:54	5.01	-0.01	69	34569	卖盘
11:12:49	5.02	--	34	17068	买盘
11:12:39	5.02	--	110	55219	买盘
11:12:34	5.02	--	13	6525	买盘
11:12:14	5.02	--	13	6525	买盘
11:12:04	5.02	0.01	5	2510	买盘
11:11:59	5.01	--	271	135771	卖盘
11:11:49	5.01	--	15	7515	卖盘
11:11:44	5.01	--	15	7515	卖盘
11:11:39	5.01	-0.01	4	2004	卖盘
11:11:34	5.02	0.01	10	5020	买盘
11:11:29	5.01	--	623	312123	卖盘
11:11:19	5.01	-0.01	3	1503	卖盘
11:11:14	5.02	--	4	2007	买盘
11:10:59	5.02	0.01	30	15059	买盘
11:10:49	5.01	-0.01	10	5010	卖盘
11:10:44	5.02	0.01	199	99897	买盘
11:10:39	5.01	-0.01	84	42084	卖盘
11:10:29	5.02	--	2	1003	买盘
11:10:24	5.02	0.01	61	30621	买盘
11:10:19	5.01	-0.01	11	5511	卖盘
11:10:14	5.02	0.01	351	176201	买盘
11:09:59	5.01	--	111	55611	卖盘
11:09:54	5.01	--	1	501	卖盘
11:09:44	5.01	--	3	1503	卖盘
11:09:39	5.01	--	70	35070	卖盘
11:09:34	5.01	-0.01	9	4509	卖盘
11:09:29	5.02	-0.01	276	139003	卖盘
11:09:24	5.03	0.01	172	86516	买盘
11:09:19	5.02	--	10	5020	卖盘
11:09:14	5.02	--	70	35140	卖盘
11:09:09	5.02	--	155	77860	买盘
11:08:59	5.02	0.01	832	417663	买盘
11:08:54	5.01	-0.01	6	3006	卖盘
11:08:39	5.02	--	20	10040	买盘
11:08:28	5.02	--	1940	974331	卖盘
11:08:23	5.02	--	313	157126	卖盘
11:08:18	5.02	--	178	89355	卖盘
11:08:13	5.02	--	387	194273	卖盘
11:08:08	5.02	--	100	50199	卖盘
11:07:58	5.02	-0.01	5	2510	卖盘
11:07:48	5.03	--	11	5533	买盘
11:07:43	5.03	--	50	25150	买盘
11:07:38	5.03	0.01	278	139834	买盘
11:07:33	5.02	--	506	254011	卖盘
11:07:28	5.02	-0.01	95	47689	卖盘
11:07:23	5.03	0.01	108	54324	买盘
11:07:13	5.02	--	153	76806	卖盘
11:07:08	5.02	-0.01	100	50199	卖盘
11:07:03	5.03	0.01	96	48338	买盘
11:06:58	5.02	-0.01	10	5020	卖盘
11:06:53	5.03	--	71	35713	买盘
11:06:48	5.03	--	8	4024	买盘
11:06:43	5.03	--	525	264075	买盘
11:06:38	5.03	--	182	91546	买盘
11:06:33	5.03	0.01	10	5030	买盘
11:06:28	5.02	-0.01	101	50701	卖盘
11:06:23	5.03	0.01	11	5533	买盘
11:06:18	5.02	-0.01	10	5020	卖盘
11:06:13	5.03	--	50	25150	买盘
11:06:08	5.03	--	115	57845	买盘
11:06:03	5.03	0.01	1	503	买盘
11:05:58	5.02	--	360	180719	卖盘
11:05:53	5.02	--	10	5020	卖盘
11:05:48	5.02	--	39	19578	卖盘
11:05:43	5.02	-0.01	137	68774	卖盘
11:05:38	5.03	--	67	33701	买盘
11:05:33	5.03	0.01	600	301800	买盘
11:05:28	5.02	-0.01	1	501	卖盘
11:05:23	5.03	--	75	37725	买盘
11:05:18	5.03	0.01	1	503	买盘
11:05:13	5.02	--	1040	522079	卖盘
11:05:08	5.02	--	7	3513	卖盘
11:05:02	5.02	-0.01	175	87849	卖盘
11:04:58	5.03	0.01	119	59857	买盘
11:04:53	5.02	-0.01	95	47689	卖盘
11:04:47	5.03	--	26	13078	买盘
11:04:43	5.03	--	35	17605	买盘
11:04:38	5.03	--	800	402400	买盘
11:04:33	5.03	--	15	7545	买盘
11:04:28	5.03	--	3	1509	买盘
11:04:23	5.03	--	332	166996	买盘
11:04:18	5.03	--	24	12072	买盘
11:04:12	5.03	0.01	344	173032	买盘
11:04:08	5.02	-0.01	10	5020	卖盘
11:04:02	5.03	--	948	476844	买盘
11:03:53	5.03	--	4	2012	买盘
11:03:48	5.03	--	224	112672	买盘
11:03:43	5.03	--	543	273129	买盘
11:03:38	5.03	--	358	180074	买盘
11:03:32	5.03	--	30	15090	买盘
11:03:28	5.03	0.01	47	23641	买盘
11:03:23	5.02	-0.01	1123	563746	卖盘
11:03:18	5.03	--	23	11569	买盘
11:03:08	5.03	0.01	150	75450	买盘
11:03:02	5.02	--	11	5521	卖盘
11:02:58	5.02	--	148	74296	卖盘
11:02:48	5.02	-0.01	20	10040	卖盘
11:02:38	5.03	0.01	434	218302	买盘
11:02:32	5.02	--	20	10040	卖盘
11:02:17	5.02	-0.01	124	62247	卖盘
11:02:07	5.03	0.01	372	187116	买盘
11:02:02	5.02	--	147	73794	卖盘
11:01:57	5.02	--	5	2510	卖盘
11:01:53	5.02	--	324	162648	卖盘
11:01:47	5.02	--	398	199795	卖盘
11:01:42	5.02	-0.01	220	110439	卖盘
11:01:37	5.03	0.01	46	23138	买盘
11:01:32	5.02	--	85	42670	卖盘
11:01:27	5.02	--	13	6525	卖盘
11:01:22	5.02	--	1734	870467	买盘
11:01:17	5.02	-0.01	456	229017	卖盘
11:01:12	5.03	0.01	70	35210	买盘
11:01:07	5.02	--	2	1003	卖盘
11:01:02	5.02	-0.01	40	20080	卖盘
11:00:57	5.03	0.01	4	2012	买盘
11:00:52	5.02	--	50	25099	卖盘
11:00:47	5.02	--	47	23593	卖盘
11:00:42	5.02	--	2310	1160016	买盘
11:00:37	5.02	--	80	40160	买盘
11:00:32	5.02	--	678	340356	买盘
11:00:27	5.02	--	8	4015	买盘
11:00:22	5.02	--	203	101905	买盘
11:00:17	5.02	0.01	12	6023	买盘
11:00:07	5.01	--	910	455910	卖盘
11:00:02	5.01	--	30	15030	卖盘
10:59:52	5.01	-0.01	50	25050	卖盘
10:59:37	5.02	0.01	10	5020	买盘
10:59:32	5.01	--	20	10020	卖盘
10:59:27	5.01	-0.01	110	55110	卖盘
10:59:22	5.02	0.01	2	1003	买盘
10:59:17	5.01	-0.01	10	5010	卖盘
10:59:12	5.02	--	19	9538	买盘
10:59:02	5.02	0.01	26	13051	买盘
10:58:42	5.01	-0.01	14	7014	卖盘
10:58:32	5.02	--	22	11043	买盘
10:58:26	5.02	--	259	130017	买盘
10:58:22	5.02	--	129	64757	买盘
10:58:17	5.02	--	20	10040	买盘
10:58:11	5.02	--	10	5020	买盘
10:58:07	5.02	0.01	51	25601	买盘
10:58:02	5.01	-0.01	50	25050	卖盘
10:57:51	5.02	0.01	102	51203	买盘
10:57:41	5.01	--	52	26052	卖盘
10:57:32	5.01	-0.01	220	110220	卖盘
10:57:26	5.02	--	70	35140	买盘
10:57:17	5.02	0.01	90	45179	买盘
10:57:11	5.01	--	24	12024	卖盘
10:57:06	5.01	-0.01	55	27555	卖盘
10:57:02	5.02	--	77	38654	买盘
10:56:56	5.02	0.01	28	14055	买盘
10:56:51	5.01	--	155	77655	卖盘
10:56:46	5.01	--	1002	502002	卖盘
10:56:32	5.01	--	93	46593	卖盘
10:56:26	5.01	--	1049	525549	卖盘
10:56:21	5.01	-0.01	18	9018	卖盘
10:56:16	5.02	0.01	1047	525594	买盘
10:56:11	5.01	--	26	13026	卖盘
10:56:02	5.01	-0.01	301	150801	卖盘
10:55:56	5.02	0.01	166	83332	买盘
10:55:51	5.01	-0.01	1354	678354	卖盘
10:55:41	5.02	0.01	19	9538	买盘
10:55:31	5.01	-0.01	251	125751	卖盘
10:55:26	5.02	--	94	47187	买盘
10:55:21	5.02	--	3	1505	买盘
10:55:16	5.02	0.01	10	5020	买盘
10:55:11	5.01	--	35	17535	卖盘
10:55:06	5.01	-0.01	40	20040	卖盘
10:55:01	5.02	--	1390	697779	买盘
10:54:56	5.02	--	100	50199	买盘
10:54:46	5.02	--	60	30119	买盘
10:54:36	5.02	0.01	27	13553	买盘
10:54:31	5.01	-0.01	65	32565	卖盘
10:54:26	5.02	0.01	1141	572782	买盘
10:54:21	5.01	--	4	2004	卖盘
10:54:16	5.01	-0.01	205	102705	卖盘
10:54:11	5.02	0.01	79	39658	买盘
10:54:06	5.01	-0.01	36	18036	卖盘
10:53:56	5.02	--	1	501	买盘
10:53:51	5.02	--	10	5020	买盘
10:53:41	5.02	--	370	185739	买盘
10:53:36	5.02	--	20	10040	买盘
10:53:31	5.02	0.01	191	95881	买盘
10:53:26	5.01	--	482	241482	卖盘
10:53:21	5.01	-0.01	52	26052	卖盘
10:53:16	5.02	0.01	122	61243	买盘
10:53:11	5.01	-0.01	67	33567	卖盘
10:53:06	5.02	0.01	40	20080	买盘
10:53:01	5.01	-0.01	1727	865227	卖盘
10:52:56	5.02	0.01	16	8031	买盘
10:52:51	5.01	-0.01	30	15030	卖盘
10:52:46	5.02	0.01	20	10040	买盘
10:52:41	5.01	-0.01	21	10521	卖盘
10:52:36	5.02	--	40	20080	买盘
10:52:31	5.02	--	70	35140	买盘
10:52:26	5.02	0.01	96	48191	买盘
10:52:21	5.01	--	5	2505	卖盘
10:52:16	5.01	-0.01	52	26052	卖盘
10:52:11	5.02	--	42	21084	买盘
10:52:00	5.02	0.01	286	143572	买盘
10:51:56	5.01	-0.01	26	13026	卖盘
10:51:50	5.02	--	21	10542	买盘
10:51:46	5.02	0.01	8	4015	买盘
10:51:41	5.01	-0.01	40	20040	卖盘
10:51:35	5.02	--	39	19578	买盘
10:51:30	5.02	--	338	169676	买盘
10:51:26	5.02	--	20	10040	买盘
10:51:20	5.02	0.01	615	308730	买盘
10:51:15	5.01	--	20	10020	卖盘
10:51:11	5.01	-0.01	148	74148	卖盘
10:51:05	5.02	0.01	6	3011	买盘
10:51:00	5.01	-0.01	20	10020	卖盘
10:50:56	5.02	--	100	50199	买盘
10:50:50	5.02	--	22	11043	买盘
10:50:45	5.02	0.01	11	5521	买盘
10:50:41	5.01	--	24	12024	卖盘
10:50:35	5.01	-0.01	110	55110	卖盘
10:50:26	5.02	--	130	65259	买盘
10:50:20	5.02	--	652	327304	买盘
10:50:15	5.02	--	23	11545	买盘
10:49:56	5.02	--	521	261541	买盘
10:49:50	5.02	0.01	160	80320	买盘
10:49:45	5.01	-0.01	10	5010	卖盘
10:49:40	5.02	--	32	16063	买盘
10:49:35	5.02	0.01	121	60741	买盘
10:49:30	5.01	-0.01	5	2505	卖盘
10:49:15	5.02	--	100	50199	买盘
10:49:10	5.02	0.01	40	20080	买盘
10:49:05	5.01	--	5	2505	卖盘
10:48:55	5.01	--	107	53607	卖盘
10:48:50	5.01	--	39	19539	卖盘
10:48:45	5.01	--	96	48096	卖盘
10:48:35	5.01	--	10	5010	卖盘
10:48:25	5.01	--	2372	1188547	买盘
10:48:20	5.01	--	100	50100	买盘
10:48:05	5.01	--	25	12525	买盘
10:47:55	5.01	--	226	113226	买盘
10:47:50	5.01	0.01	1215	608715	买盘
10:47:45	5.0	-0.01	5	2500	卖盘
10:47:40	5.01	0.01	389	194889	买盘
10:47:35	5.0	--	88	44000	卖盘
10:47:20	5.0	-0.01	10	5000	卖盘
10:47:10	5.01	--	100	50100	买盘
10:47:05	5.01	0.01	10	5010	买盘
10:47:00	5.0	--	15	7500	卖盘
10:46:55	5.0	-0.01	91	45500	卖盘
10:46:50	5.01	--	23	11523	买盘
10:46:40	5.01	--	32	16032	买盘
10:46:25	5.01	--	20	10020	买盘
10:46:20	5.01	--	12	6012	买盘
10:46:05	5.01	0.01	15	7515	买盘
10:45:59	5.0	-0.01	40	20000	卖盘
10:45:55	5.01	--	40	20040	买盘
10:45:50	5.01	--	3	1503	买盘
10:45:44	5.01	0.01	54	27054	买盘
10:45:40	5.0	-0.01	5	2500	卖盘
10:45:35	5.01	--	481	240981	买盘
10:45:29	5.01	--	626	313626	买盘
10:45:24	5.01	--	45	22545	买盘
10:45:20	5.01	--	14	7014	买盘
10:45:14	5.01	0.01	6	3006	买盘
10:45:05	5.0	-0.01	34	17000	卖盘
10:44:59	5.01	--	21	10521	买盘
10:44:54	5.01	--	20	10020	买盘
10:44:50	5.01	--	32	16032	买盘
10:44:39	5.01	0.01	389	194889	买盘
10:44:34	5.0	-0.01	80	40000	卖盘
10:44:29	5.01	--	110	55110	买盘
10:44:24	5.01	0.01	30	15030	买盘
10:44:20	5.0	-0.01	135	67500	卖盘
10:43:59	5.01	--	20	10020	买盘
10:43:54	5.01	0.01	27	13527	买盘
10:43:44	5.0	-0.01	1198	599000	卖盘
10:43:39	5.01	--	50	25050	买盘
10:43:35	5.01	--	115	57615	买盘
10:43:29	5.01	--	58	29058	买盘
10:43:24	5.01	--	20	10020	买盘
10:43:20	5.01	--	20	10020	买盘
10:43:14	5.01	--	339	170164	卖盘
10:43:04	5.01	--	436	218436	卖盘
10:42:59	5.01	--	396	198396	卖盘
10:42:54	5.01	--	77	38577	卖盘
10:42:49	5.01	--	844	423019	买盘
10:42:44	5.01	--	65	32565	买盘
10:42:34	5.01	0.01	2669	1337169	买盘
10:42:29	5.0	-0.01	41	20500	卖盘
10:42:24	5.01	0.01	1	501	买盘
10:42:19	5.0	--	9	4500	卖盘
10:42:14	5.0	-0.01	41	20500	卖盘
10:42:04	5.01	--	2	1002	买盘
10:41:59	5.01	--	50	25050	买盘
10:41:54	5.01	--	10	5010	买盘
10:41:49	5.01	--	11	5511	买盘
10:41:43	5.01	--	5	2505	买盘
10:41:39	5.01	0.01	531	266031	买盘
10:41:34	5.0	-0.01	120	60000	卖盘
10:41:29	5.01	--	115	57615	买盘
10:41:24	5.01	0.01	40	20040	买盘
10:41:19	5.0	-0.01	10	5000	卖盘
10:41:14	5.01	--	122	61122	买盘
10:41:04	5.01	--	96	48096	买盘
10:40:59	5.01	0.01	218	109218	买盘
10:40:54	5.0	-0.01	30	15000	卖盘
10:40:49	5.01	--	182	91182	买盘
10:40:39	5.01	--	657	329157	买盘
10:40:34	5.01	0.01	50	25050	买盘
10:40:29	5.0	-0.01	72	36000	卖盘
10:40:24	5.01	0.01	1183	592683	买盘
10:40:19	5.0	-0.01	30	15000	卖盘
10:40:14	5.01	--	376	188376	买盘
10:40:09	5.01	--	154	77154	买盘
10:40:04	5.01	--	167	83667	买盘
10:39:59	5.01	--	1701	852201	买盘
10:39:53	5.01	0.01	7	3507	买盘
10:39:49	5.0	-0.01	35	17500	卖盘
10:39:44	5.01	0.01	118	59118	买盘
10:39:34	5.0	-0.01	134	67000	卖盘
10:39:29	5.01	0.01	1	501	买盘
10:39:23	5.0	-0.01	22	11000	卖盘
10:39:19	5.01	0.01	33	16533	买盘
10:39:14	5.0	--	798	399325	买盘
10:39:08	5.0	--	276	138000	买盘
10:39:04	5.0	--	120	60000	买盘
10:38:59	5.0	--	1161	580500	买盘
10:38:53	5.0	--	38	19000	买盘
10:38:49	5.0	--	56	28000	买盘
10:38:44	5.0	--	293	146500	买盘
10:38:38	5.0	--	789	394500	买盘
10:38:33	5.0	--	60	30000	买盘
10:38:29	5.0	--	180	90000	买盘
10:38:23	5.0	--	23	11500	买盘
10:38:14	5.0	--	60	30000	买盘
10:38:08	5.0	--	1286	643000	买盘
10:38:03	5.0	--	800	400000	买盘
10:37:59	5.0	--	1260	630000	买盘
10:37:48	5.0	--	297	148500	买盘
10:37:44	5.0	--	161	80500	买盘
10:37:38	5.0	--	1306	653000	买盘
10:37:33	5.0	--	3	1500	买盘
10:37:28	5.0	--	111	55500	买盘
10:37:23	5.0	--	450	225000	买盘
10:37:13	5.0	0.01	1	500	买盘
10:37:08	4.99	--	74	36926	卖盘
10:36:58	4.99	-0.01	10	4990	卖盘
10:36:48	5.0	--	4	2000	买盘
10:36:38	5.0	0.01	15	7500	买盘
10:36:33	4.99	-0.01	41	20459	卖盘
10:36:23	5.0	0.01	15	7500	买盘
10:36:13	4.99	-0.01	434	216566	卖盘
10:36:08	5.0	0.01	2	1000	买盘
10:35:58	4.99	--	160	79840	卖盘
10:35:53	4.99	--	3	1497	卖盘
10:35:43	4.99	--	25	12475	卖盘
10:35:18	4.99	-0.01	30	14970	卖盘
10:35:13	5.0	0.01	23	11500	买盘
10:35:08	4.99	-0.01	43	21457	卖盘
10:35:03	5.0	0.01	20	10000	买盘
10:34:58	4.99	--	38	18962	卖盘
10:34:53	4.99	--	31	15469	卖盘
10:34:43	4.99	-0.01	35	17469	卖盘
10:34:22	5.0	--	23	11500	买盘
10:34:18	5.0	--	10	5000	买盘
10:34:08	5.0	--	84	42000	买盘
10:34:03	5.0	--	14	7000	买盘
10:33:52	5.0	--	1	500	买盘
10:33:48	5.0	0.01	114	57000	买盘
10:33:37	4.99	-0.01	179	89321	卖盘
10:33:28	5.0	--	4	2000	买盘
10:33:23	5.0	--	120	60000	买盘
10:33:18	5.0	0.01	73	36500	买盘
10:33:13	4.99	--	68	33932	卖盘
10:33:08	4.99	-0.01	102	50898	卖盘
10:32:58	5.0	0.01	4	2000	买盘
10:32:43	4.99	-0.01	21	10479	卖盘
10:32:37	5.0	0.01	48	24000	买盘
10:32:32	4.99	--	628	313372	卖盘
10:32:22	4.99	-0.01	74	36926	卖盘
10:32:12	5.0	--	23	11500	买盘
10:32:07	5.0	0.01	55	27500	买盘
10:32:02	4.99	--	1	499	卖盘
10:31:52	4.99	--	160	79840	卖盘
10:31:47	4.99	--	392	195608	卖盘
10:31:37	4.99	-0.01	1	499	卖盘
10:31:32	5.0	0.01	1	500	买盘
10:31:27	4.99	--	68	33932	卖盘
10:31:22	4.99	--	3	1497	卖盘
10:31:07	4.99	--	2	998	卖盘
10:31:02	4.99	--	1772	884317	买盘
10:30:52	4.99	--	60	29940	买盘
10:30:47	4.99	--	39	19461	买盘
10:30:42	4.99	0.01	220	109780	买盘
10:30:32	4.98	--	11	5478	卖盘
10:30:17	4.98	-0.01	105	52290	卖盘
10:30:07	4.99	--	32	15968	买盘
10:30:02	4.99	--	22	10978	买盘
10:29:57	4.99	0.01	10	4990	买盘
10:29:47	4.98	--	10	4980	卖盘
10:29:42	4.98	-0.01	37	18426	卖盘
10:29:37	4.99	--	24	11976	买盘
10:29:32	4.99	--	158	78842	买盘
10:29:22	4.99	--	223	111686	卖盘
10:29:17	4.99	--	200	99800	卖盘
10:29:12	4.99	-0.01	52	25948	卖盘
10:29:01	5.0	0.01	400	200000	买盘
10:28:52	4.99	--	89	44411	卖盘
10:28:46	4.99	--	54	26946	卖盘
10:28:37	4.99	--	79	39421	卖盘
10:28:31	4.99	--	38	18962	卖盘
10:28:27	4.99	--	995	496594	买盘
10:28:22	4.99	--	110	54890	买盘
10:28:16	4.99	--	66	32934	买盘
10:28:12	4.99	--	3	1497	买盘
10:28:07	4.99	0.01	1647	821853	买盘
10:27:52	4.98	--	11	5478	卖盘
10:27:46	4.98	-0.01	51	25398	卖盘
10:27:37	4.99	0.01	135	67365	买盘
10:27:31	4.98	--	5	2490	卖盘
10:27:22	4.98	-0.01	2	996	卖盘
10:27:07	4.99	0.01	5	2495	买盘
10:26:57	4.98	-0.01	1	498	卖盘
10:26:52	4.99	0.01	597	297903	买盘
10:26:37	4.98	-0.01	2	996	卖盘
10:26:22	4.99	0.01	37	18463	买盘
10:26:16	4.98	-0.01	21	10458	卖盘
10:26:06	4.99	0.01	25	12475	买盘
10:25:51	4.98	-0.01	4	1992	卖盘
10:25:46	4.99	--	1	499	买盘
10:25:36	4.99	0.01	39	19461	买盘
10:25:31	4.98	-0.01	9	4482	卖盘
10:25:26	4.99	--	39	19461	买盘
10:25:11	4.99	--	9	4491	买盘
10:25:01	4.99	--	97	48403	买盘
10:24:56	4.99	--	857	427643	买盘
10:24:46	4.99	--	38	18962	买盘
10:24:41	4.99	--	118	58882	买盘
10:24:36	4.99	--	178	88822	买盘
10:24:31	4.99	--	50	24950	买盘
10:24:26	4.99	--	5	2495	买盘
10:24:21	4.99	--	95	47405	买盘
10:24:16	4.99	--	40	19960	买盘
10:24:06	4.99	--	100	49900	买盘
10:24:01	4.99	--	87	43413	买盘
10:23:51	4.99	-0.01	768	383641	卖盘
10:23:46	5.0	--	434	217000	买盘
10:23:41	5.0	--	4	2000	买盘
10:23:36	5.0	0.01	2	1000	买盘
10:23:31	4.99	--	1382	689618	卖盘
10:23:26	4.99	--	90	44910	卖盘
10:23:21	4.99	--	1002	499998	卖盘
10:23:16	4.99	--	150	74850	卖盘
10:23:11	4.99	--	56	27944	卖盘
10:23:01	4.99	--	10	4990	卖盘
10:22:56	4.99	--	54	26946	卖盘
10:22:46	4.99	-0.01	197	98303	卖盘
10:22:36	5.0	--	66	33000	买盘
10:22:31	5.0	--	124	62000	买盘
10:22:16	5.0	--	11	5500	买盘
10:22:10	5.0	--	6	3000	买盘
10:22:01	5.0	--	162	81000	买盘
10:21:55	5.0	0.01	40	20000	买盘
10:21:46	4.99	--	194	96806	卖盘
10:21:40	4.99	--	3	1497	卖盘
10:21:36	4.99	--	10	4990	卖盘
10:21:31	4.99	--	105	52395	卖盘
10:21:25	4.99	-0.01	16	7984	卖盘
10:21:21	5.0	0.01	72	36000	买盘
10:21:16	4.99	-0.01	213	106287	卖盘
10:21:10	5.0	0.01	380	190000	买盘
10:21:06	4.99	--	431	215069	卖盘
10:21:01	4.99	--	365	182135	卖盘
10:20:55	4.99	-0.01	19	9481	卖盘
10:20:51	5.0	0.01	785	392500	买盘
10:20:46	4.99	-0.01	75	37425	卖盘
10:20:40	5.0	0.01	2	1000	买盘
10:20:31	4.99	-0.01	16	7984	卖盘
10:20:21	5.0	--	50	25000	买盘
10:20:10	5.0	0.01	50	25000	买盘
10:20:01	4.99	-0.01	100	49900	卖盘
10:19:55	5.0	0.01	22	11000	买盘
10:19:50	4.99	-0.01	3	1497	卖盘
10:19:45	5.0	0.01	42	21000	买盘
10:19:40	4.99	-0.01	73	36427	卖盘
10:19:35	5.0	0.01	20	10000	买盘
10:19:31	4.99	-0.01	203	101297	卖盘
10:19:25	5.0	--	15	7500	买盘
10:19:15	5.0	--	116	58000	买盘
10:19:10	5.0	--	4	2000	买盘
10:19:05	5.0	--	1502	751000	买盘
10:19:00	5.0	--	50	25000	买盘
10:18:50	5.0	--	5	2500	买盘
10:18:40	5.0	0.01	192	96000	买盘
10:18:35	4.99	-0.01	57	28443	卖盘
10:18:25	5.0	--	137	68500	买盘
10:18:20	5.0	--	42	21000	买盘
10:18:15	5.0	--	2	1000	买盘
10:18:10	5.0	--	150	75000	买盘
10:18:05	5.0	0.01	128	64000	买盘
10:18:00	4.99	-0.01	83	41417	卖盘
10:17:55	5.0	--	102	51000	买盘
10:17:50	5.0	--	39	19500	买盘
10:17:45	5.0	--	71	35500	买盘
10:17:40	5.0	--	519	259500	买盘
10:17:35	5.0	--	309	154500	买盘
10:17:30	5.0	0.01	20	10000	买盘
10:17:25	4.99	--	59	29441	卖盘
10:17:20	4.99	--	15	7485	卖盘
10:17:15	4.99	-0.01	4	1996	卖盘
10:17:10	5.0	0.01	55	27500	买盘
10:17:05	4.99	--	29	14471	卖盘
10:17:00	4.99	--	10	4990	卖盘
10:16:55	4.99	-0.01	69	34431	卖盘
10:16:50	5.0	--	648	324000	买盘
10:16:40	5.0	0.01	403	201500	买盘
10:16:35	4.99	--	125	62375	卖盘
10:16:25	4.99	0.01	135	67454	买盘
10:16:20	4.98	-0.01	103	51294	卖盘
10:16:15	4.99	--	462	230538	买盘
10:16:10	4.99	--	709	353791	买盘
10:16:05	4.99	--	36	17964	买盘
10:16:00	4.99	--	300	149700	买盘
10:15:55	4.99	0.01	962	480038	买盘
10:15:49	4.98	--	35	17430	卖盘
10:15:45	4.98	-0.01	1128	561744	卖盘
10:15:40	4.99	--	22	10978	买盘
10:15:34	4.99	0.01	1005	501495	买盘
10:15:19	4.98	-0.01	7	3486	卖盘
10:15:15	4.99	--	9	4491	买盘
10:15:10	4.99	--	31	15469	买盘
10:15:04	4.99	--	68	33932	买盘
10:15:00	4.99	--	735	366765	买盘
10:14:55	4.99	--	20	9980	买盘
10:14:49	4.99	0.01	92	45908	买盘
10:14:45	4.98	-0.01	8	3984	卖盘
10:14:40	4.99	--	233	116267	买盘
10:14:34	4.99	--	1015	506485	买盘
10:14:29	4.99	--	62	30938	买盘
10:14:25	4.99	0.01	402	200598	买盘
10:14:19	4.98	-0.01	104	51792	卖盘
10:14:10	4.99	--	41	20459	买盘
10:13:59	4.99	--	59	29441	买盘
10:13:55	4.99	--	845	421655	买盘
10:13:49	4.99	--	19	9481	买盘
10:13:40	4.99	--	52	25948	买盘
10:13:34	4.99	0.01	2	998	买盘
10:13:29	4.98	-0.01	7	3486	卖盘
10:13:24	4.99	0.01	30	14970	买盘
10:13:19	4.98	-0.01	204	101592	卖盘
10:13:14	4.99	--	10	4990	买盘
10:13:09	4.99	--	8	3992	买盘
10:13:04	4.99	0.01	70	34930	买盘
10:12:59	4.98	-0.01	20	9960	卖盘
10:12:44	4.99	0.01	1464	730536	买盘
10:12:39	4.98	--	13	6474	买盘
10:12:34	4.98	0.01	53	26394	买盘
10:12:29	4.97	-0.01	9	4473	卖盘
10:12:24	4.98	--	13	6474	买盘
10:12:19	4.98	0.01	873	434754	买盘
10:12:14	4.97	-0.01	153	76041	卖盘
10:12:09	4.98	--	13	6474	买盘
10:12:04	4.98	--	150	74700	买盘
10:11:59	4.98	0.01	23	11454	买盘
10:11:49	4.97	-0.01	45	22365	卖盘
10:11:44	4.98	--	9	4482	买盘
10:11:39	4.98	--	104	51792	买盘
10:11:34	4.98	--	5	2490	买盘
10:11:24	4.98	--	1	498	买盘
10:11:19	4.98	0.01	1	498	买盘
10:11:09	4.97	--	20	9940	卖盘
10:11:04	4.97	-0.01	533	264901	卖盘
10:10:59	4.98	--	492	245016	买盘
10:10:54	4.98	0.01	1	498	买盘
10:10:49	4.97	--	2	994	卖盘
10:10:44	4.97	-0.01	100	49700	卖盘
10:10:34	4.98	--	11	5478	买盘
10:10:29	4.98	--	13	6474	买盘
10:10:19	4.98	0.01	6	2988	买盘
10:10:14	4.97	-0.01	200	99400	卖盘
10:09:58	4.98	--	39	19422	买盘
10:09:54	4.98	0.01	50	24900	买盘
10:09:49	4.97	-0.01	52	25844	卖盘
10:09:43	4.98	--	348	173304	买盘
10:09:34	4.98	--	127	63246	买盘
10:09:28	4.98	--	506	251988	买盘
10:09:24	4.98	--	118	58764	买盘
10:09:19	4.98	0.01	77	38346	买盘
10:09:09	4.97	--	134	66598	卖盘
10:09:04	4.97	-0.01	57	28329	卖盘
10:08:58	4.98	--	30	14940	买盘
10:08:49	4.98	0.01	230	114540	买盘
10:08:43	4.97	-0.01	67	33299	卖盘
10:08:39	4.98	0.01	10	4980	买盘
10:08:34	4.97	-0.01	257	127729	卖盘
10:08:28	4.98	0.01	20	9960	买盘
10:08:19	4.97	-0.01	496	246512	卖盘
10:08:13	4.98	0.01	291	144918	买盘
10:08:09	4.97	-0.01	113	56161	卖盘
10:08:04	4.98	0.01	287	142926	买盘
10:07:43	4.97	-0.01	3	1491	卖盘
10:07:28	4.98	--	20	9960	买盘
10:07:19	4.98	--	132	65736	买盘
10:07:13	4.98	--	20	9960	买盘
10:07:08	4.98	--	30	14940	买盘
10:07:03	4.98	0.01	516	256968	买盘
10:06:58	4.97	-0.01	20	9940	卖盘
10:06:48	4.98	0.01	278	138444	买盘
10:06:38	4.97	--	98	48706	卖盘
10:06:28	4.97	--	1069	531293	卖盘
10:06:13	4.97	--	87	43239	卖盘
10:06:08	4.97	--	30	14910	卖盘
10:06:03	4.97	--	79	39263	卖盘
10:05:53	4.97	--	120	59640	卖盘
10:05:43	4.97	--	30	14910	卖盘
10:05:33	4.97	--	31	15407	卖盘
10:05:23	4.97	--	100	49700	卖盘
10:05:18	4.97	--	39	19383	卖盘
10:05:13	4.97	-0.01	67	33299	卖盘
10:05:03	4.98	--	200	99600	买盘
10:04:43	4.98	0.01	228	113544	买盘
10:04:38	4.97	--	235	116795	卖盘
10:04:33	4.97	--	20	9940	卖盘
10:04:28	4.97	--	37	18389	卖盘
10:04:23	4.97	-0.01	23	11431	卖盘
10:04:18	4.98	0.01	5	2490	买盘
10:04:13	4.97	--	13	6461	卖盘
10:04:08	4.97	-0.01	250	124250	卖盘
10:03:58	4.98	0.01	29	14442	买盘
10:03:53	4.97	-0.01	238	118286	卖盘
10:03:48	4.98	--	48	23904	买盘
10:03:43	4.98	--	32	15936	买盘
10:03:37	4.98	0.01	142	70740	买盘
10:03:33	4.97	--	1	497	卖盘
10:03:28	4.97	--	189	93933	卖盘
10:03:22	4.97	--	55	27335	卖盘
10:03:18	4.97	--	73	36281	卖盘
10:03:13	4.97	--	150	74550	卖盘
10:03:07	4.97	--	27	13419	卖盘
10:03:03	4.97	-0.01	13	6461	卖盘
10:02:58	4.98	--	55	27390	买盘
10:02:52	4.98	0.01	299	148902	买盘
10:02:48	4.97	-0.01	39	19383	卖盘
10:02:43	4.98	-0.01	1603	798294	卖盘
10:02:37	4.99	--	32	15968	买盘
10:02:33	4.99	--	10	4990	买盘
10:02:28	4.99	--	528	263472	买盘
10:02:22	4.99	--	52	25948	买盘
10:02:18	4.99	--	14	6986	买盘
10:02:13	4.99	0.01	30	14970	买盘
10:02:07	4.98	--	157	78186	卖盘
10:02:03	4.98	--	26	12948	卖盘
10:01:58	4.98	-0.01	112	55776	卖盘
10:01:52	4.99	0.01	125	62375	买盘
10:01:48	4.98	-0.01	110	54780	卖盘
10:01:37	4.99	--	27	13473	买盘
10:01:32	4.99	--	17	8483	买盘
10:01:28	4.99	0.01	9	4491	买盘
10:01:22	4.98	-0.01	361	179778	卖盘
10:01:13	4.99	0.01	13	6487	买盘
10:01:07	4.98	--	484	241032	卖盘
10:01:02	4.98	--	92	45816	卖盘
10:00:57	4.98	-0.01	13	6474	卖盘
10:00:52	4.99	--	25	12475	买盘
10:00:43	4.99	--	60	29940	买盘
10:00:37	4.99	--	71	35429	买盘
10:00:32	4.99	--	54	26946	买盘
10:00:28	4.99	0.01	28	13972	买盘
10:00:22	4.98	-0.01	98	48804	卖盘
10:00:17	4.99	--	4	1996	买盘
10:00:07	4.99	--	120	59880	买盘
10:00:02	4.99	0.01	51	25449	买盘
09:59:57	4.98	-0.01	31	15438	卖盘
09:59:47	4.99	0.01	68	33932	买盘
09:59:42	4.98	-0.01	31	15438	卖盘
09:59:37	4.99	--	10	4990	买盘
09:59:32	4.99	--	536	267464	买盘
09:59:27	4.99	--	112	55888	买盘
09:59:22	4.99	0.01	49	24451	买盘
09:59:17	4.98	--	67	33366	卖盘
09:59:12	4.98	-0.01	48	23904	卖盘
09:59:02	4.99	--	50	24950	买盘
09:58:42	4.99	--	190	94810	买盘
09:58:37	4.99	0.01	50	24950	买盘
09:58:32	4.98	--	6	2988	卖盘
09:58:27	4.98	--	10	4980	卖盘
09:58:22	4.98	-0.01	81	40338	卖盘
09:58:17	4.99	0.01	49	24451	买盘
09:58:12	4.98	--	13	6474	卖盘
09:58:07	4.98	--	14	6972	卖盘
09:58:02	4.98	--	6	2988	卖盘
09:57:57	4.98	0.01	151	75198	买盘
09:57:52	4.97	-0.01	467	232099	卖盘
09:57:47	4.98	--	256	127488	卖盘
09:57:42	4.98	--	8	3984	卖盘
09:57:37	4.98	--	78	38844	卖盘
09:57:32	4.98	--	508	252993	买盘
09:57:22	4.98	--	823	409854	买盘
09:57:17	4.98	--	200	99600	买盘
09:57:12	4.98	--	8	3984	买盘
09:57:07	4.98	--	60	29880	买盘
09:57:01	4.98	--	22	10956	买盘
09:56:57	4.98	--	20	9960	买盘
09:56:52	4.98	0.01	165	82170	买盘
09:56:46	4.97	-0.01	60	29820	卖盘
09:56:42	4.98	--	42	20916	买盘
09:56:37	4.98	--	441	220106	卖盘
09:56:31	4.98	--	287	142935	买盘
09:56:27	4.98	--	158	78684	买盘
09:56:22	4.98	--	15	7470	买盘
09:56:16	4.98	--	410	204180	买盘
09:56:12	4.98	--	101	50298	买盘
09:56:07	4.98	0.01	139	69222	买盘
09:56:01	4.97	--	262	130214	卖盘
09:55:52	4.97	-0.01	146	72562	卖盘
09:55:46	4.98	--	300	149400	买盘
09:55:42	4.98	0.01	3	1494	买盘
09:55:37	4.97	--	610	303170	卖盘
09:55:31	4.97	-0.01	500	248500	卖盘
09:55:27	4.98	--	210	104580	买盘
09:55:22	4.98	--	44	21912	买盘
09:55:16	4.98	--	425	211650	买盘
09:55:11	4.98	--	100	49800	买盘
09:55:07	4.98	0.01	17	8466	买盘
09:55:01	4.97	--	33	16401	卖盘
09:54:56	4.97	--	46	22862	卖盘
09:54:52	4.97	-0.01	93	46221	卖盘
09:54:41	4.98	--	12	5976	买盘
09:54:37	4.98	--	1	498	买盘
09:54:31	4.98	--	246	122508	买盘
09:54:26	4.98	--	2	996	买盘
09:54:22	4.98	--	600	298800	买盘
09:54:16	4.98	0.01	40	19920	买盘
09:54:11	4.97	-0.01	20	9940	卖盘
09:54:06	4.98	--	109	54282	买盘
09:54:01	4.98	0.01	11	5478	买盘
09:53:56	4.97	-0.01	28	13916	卖盘
09:53:51	4.98	--	10	4980	买盘
09:53:46	4.98	--	161	80178	买盘
09:53:41	4.98	0.01	633	315234	买盘
09:53:36	4.97	--	13	6461	卖盘
09:53:26	4.97	--	88	43736	卖盘
09:53:21	4.97	--	13	6461	卖盘
09:53:16	4.97	-0.01	18	8946	卖盘
09:53:11	4.98	0.01	1007	501486	买盘
09:52:56	4.97	-0.01	30	14910	卖盘
09:52:51	4.98	0.01	110	54780	买盘
09:52:46	4.97	-0.01	20	9940	卖盘
09:52:41	4.98	0.01	10	4980	买盘
09:52:26	4.97	--	100	49700	卖盘
09:52:16	4.97	--	26	12922	卖盘
09:52:11	4.97	--	10	4970	卖盘
09:52:01	4.97	--	70	34790	卖盘
09:51:56	4.97	--	1	497	卖盘
09:51:46	4.97	-0.01	14	6958	卖盘
09:51:41	4.98	0.01	57	28386	买盘
09:51:36	4.97	--	399	198303	卖盘
09:51:26	4.97	--	150	74550	卖盘
09:51:21	4.97	--	45	22365	卖盘
09:51:16	4.97	--	170	84490	卖盘
09:51:11	4.97	--	923	458731	卖盘
09:51:06	4.97	-0.01	13	6461	卖盘
09:51:01	4.98	--	269	133962	买盘
09:50:56	4.98	--	16	7968	买盘
09:50:51	4.98	--	324	161352	买盘
09:50:46	4.98	0.01	80	39840	买盘
09:50:40	4.97	--	82	40754	卖盘
09:50:36	4.97	-0.01	48	23856	卖盘
09:50:31	4.98	0.01	84	41832	买盘
09:50:25	4.97	-0.01	105	52185	卖盘
09:50:21	4.98	--	115	57270	买盘
09:50:16	4.98	--	18	8964	买盘
09:50:10	4.98	--	302	150396	买盘
09:50:06	4.98	--	24	11952	买盘
09:50:01	4.98	0.01	80	39840	买盘
09:49:55	4.97	-0.01	290	144130	卖盘
09:49:46	4.98	0.01	5	2490	买盘
09:49:40	4.97	-0.01	14	6958	卖盘
09:49:36	4.98	--	126	62748	买盘
09:49:31	4.98	0.01	13	6474	买盘
09:49:25	4.97	-0.01	24	11928	卖盘
09:49:21	4.98	--	10	4980	买盘
09:49:16	4.98	--	20	9960	买盘
09:49:10	4.98	0.01	103	51294	买盘
09:49:06	4.97	--	28	13916	卖盘
09:49:01	4.97	-0.01	70	34790	卖盘
09:48:55	4.98	--	40	19920	买盘
09:48:46	4.98	0.01	87	43326	买盘
09:48:40	4.97	-0.01	59	29323	卖盘
09:48:35	4.98	0.01	59	29382	买盘
09:48:20	4.97	--	1353	672441	买盘
09:48:16	4.97	--	132	65604	买盘
09:48:10	4.97	0.01	123	61131	买盘
09:48:05	4.96	-0.01	129	63984	卖盘
09:48:00	4.97	0.01	83	41251	买盘
09:47:55	4.96	--	236	117056	卖盘
09:47:45	4.96	--	350	173600	卖盘
09:47:40	4.96	--	30	14880	卖盘
09:47:35	4.96	--	208	103168	卖盘
09:47:30	4.96	--	20	9920	卖盘
09:47:20	4.96	-0.01	64	31744	卖盘
09:47:15	4.97	--	52	25844	买盘
09:47:10	4.97	0.01	220	109340	买盘
09:47:05	4.96	--	301	149296	卖盘
09:46:55	4.96	--	45	22320	卖盘
09:46:50	4.96	--	160	79360	卖盘
09:46:45	4.96	-0.01	92	45632	卖盘
09:46:40	4.97	--	73	36281	买盘
09:46:35	4.97	--	323	160531	买盘
09:46:30	4.97	0.01	77	38269	买盘
09:46:25	4.96	--	51	25296	卖盘
09:46:20	4.96	-0.01	19	9424	卖盘
09:46:10	4.97	0.01	51	25347	买盘
09:46:05	4.96	--	1	496	卖盘
09:46:00	4.96	-0.01	16	7936	卖盘
09:45:55	4.97	--	3	1491	买盘
09:45:50	4.97	0.01	173	85981	买盘
09:45:45	4.96	--	600	297600	卖盘
09:45:40	4.96	--	315	156240	卖盘
09:45:35	4.96	--	50	24800	卖盘
09:45:30	4.96	--	11	5456	卖盘
09:45:25	4.96	--	65	32240	卖盘
09:45:15	4.96	--	1	496	卖盘
09:45:10	4.96	--	46	22816	卖盘
09:45:05	4.96	--	116	57536	卖盘
09:44:55	4.96	--	65	32240	卖盘
09:44:50	4.96	--	67	33232	卖盘
09:44:40	4.96	--	31	15376	卖盘
09:44:34	4.96	--	24	11904	卖盘
09:44:25	4.96	--	62	30752	卖盘
09:44:19	4.96	--	210	104160	卖盘
09:44:15	4.96	--	32	15872	卖盘
09:44:10	4.96	--	641	317936	卖盘
09:44:04	4.96	--	18	8928	卖盘
09:43:55	4.96	--	82	40672	卖盘
09:43:45	4.96	-0.01	3	1488	卖盘
09:43:40	4.97	0.01	101	50197	买盘
09:43:34	4.96	--	45	22320	卖盘
09:43:30	4.96	-0.01	240	119040	卖盘
09:43:25	4.97	--	24	11928	买盘
09:43:19	4.97	--	3	1491	买盘
09:43:10	4.97	0.01	33	16401	买盘
09:43:04	4.96	-0.01	22	10912	卖盘
09:42:55	4.97	--	145	72065	买盘
09:42:49	4.97	--	15	7455	买盘
09:42:45	4.97	--	20	9940	买盘
09:42:40	4.97	0.01	34	16898	买盘
09:42:34	4.96	-0.01	56	27776	卖盘
09:42:25	4.97	0.01	10	4970	买盘
09:42:19	4.96	-0.01	6	2976	卖盘
09:42:09	4.97	--	15	7455	买盘
09:41:59	4.97	--	30	14910	买盘
09:41:54	4.97	--	43	21371	买盘
09:41:49	4.97	0.01	48	23856	买盘
09:41:29	4.96	--	1	496	卖盘
09:41:24	4.96	-0.01	17	8432	卖盘
09:41:19	4.97	--	115	57155	买盘
09:41:14	4.97	--	242	120274	买盘
09:41:09	4.97	0.01	231	114807	买盘
09:41:04	4.96	-0.01	5	2480	卖盘
09:40:59	4.97	0.01	52	25844	买盘
09:40:54	4.96	-0.01	173	85808	卖盘
09:40:34	4.97	0.01	282	140154	买盘
09:40:29	4.96	--	562	278752	卖盘
09:40:19	4.96	-0.01	118	58528	卖盘
09:40:14	4.97	--	15	7455	买盘
09:40:09	4.97	0.01	17	8449	买盘
09:40:04	4.96	-0.01	64	31744	卖盘
09:39:59	4.97	0.01	120	59640	买盘
09:39:54	4.96	-0.01	30	14880	卖盘
09:39:49	4.97	0.01	48	23856	买盘
09:39:44	4.96	-0.01	144	71424	卖盘
09:39:39	4.97	--	87	43239	买盘
09:39:34	4.97	0.01	13	6461	买盘
09:39:29	4.96	--	137	67952	卖盘
09:39:24	4.96	--	89	44144	卖盘
09:39:19	4.96	-0.01	71	35216	卖盘
09:39:14	4.97	--	221	109837	买盘
09:39:09	4.97	--	20	9940	买盘
09:39:04	4.97	--	277	137669	买盘
09:38:59	4.97	--	46	22862	买盘
09:38:54	4.97	0.01	705	350385	买盘
09:38:49	4.96	-0.01	186	92256	卖盘
09:38:44	4.97	--	30	14910	买盘
09:38:39	4.97	0.01	133	66101	买盘
09:38:34	4.96	-0.01	250	124000	卖盘
09:38:29	4.97	--	132	65604	买盘
09:38:24	4.97	--	20	9940	买盘
09:38:19	4.97	--	136	67592	买盘
09:38:13	4.97	--	542	269374	买盘
09:38:04	4.97	--	39	19383	买盘
09:37:58	4.97	--	55	27335	买盘
09:37:54	4.97	--	58	28826	买盘
09:37:49	4.97	--	13	6461	买盘
09:37:43	4.97	--	10	4970	买盘
09:37:39	4.97	--	28	13916	买盘
09:37:34	4.97	--	20	9940	买盘
09:37:28	4.97	--	36	17892	买盘
09:37:19	4.97	--	134	66598	买盘
09:37:13	4.97	0.01	10	4970	买盘
09:37:09	4.96	-0.01	36	17856	卖盘
09:37:04	4.97	--	20	9940	买盘
09:36:58	4.97	--	56	27832	买盘
09:36:49	4.97	--	208	103376	买盘
09:36:43	4.97	--	6	2982	买盘
09:36:34	4.97	--	54	26838	买盘
09:36:28	4.97	--	8	3976	买盘
09:36:23	4.97	--	306	152082	买盘
09:36:19	4.97	--	6	2982	买盘
09:36:13	4.97	--	117	58149	买盘
09:36:08	4.97	0.01	132	65604	买盘
09:36:04	4.96	--	5	2480	卖盘
09:35:58	4.96	--	8	3968	卖盘
09:35:49	4.96	-0.01	4	1984	卖盘
09:35:43	4.97	0.01	15	7455	买盘
09:35:38	4.96	-0.01	13	6448	卖盘
09:35:08	4.97	0.01	59	29323	买盘
09:34:58	4.96	-0.01	73	36208	卖盘
09:34:43	4.97	0.01	81	40257	买盘
09:34:38	4.96	--	50	24800	卖盘
09:34:28	4.96	--	18	8928	卖盘
09:34:23	4.96	--	85	42160	卖盘
09:34:18	4.96	--	1	496	卖盘
09:34:13	4.96	-0.01	6	2976	卖盘
09:34:08	4.97	--	184	91448	买盘
09:33:58	4.97	0.01	66	32802	买盘
09:33:53	4.96	-0.01	100	49600	卖盘
09:33:48	4.97	--	91	45227	买盘
09:33:43	4.97	0.01	2	994	买盘
09:33:38	4.96	-0.01	102	50592	卖盘
09:33:33	4.97	0.01	30	14910	买盘
09:33:13	4.96	--	1	496	卖盘
09:33:08	4.96	-0.01	28	13888	卖盘
09:32:57	4.97	--	6	2982	买盘
09:32:53	4.97	--	70	34790	买盘
09:32:48	4.97	0.01	4	1988	买盘
09:32:43	4.96	--	64	31744	卖盘
09:32:38	4.96	-0.01	1621	804016	卖盘
09:32:33	4.97	--	147	73059	卖盘
09:32:28	4.97	0.01	46	22862	卖盘
09:32:23	4.96	-0.01	89	44144	卖盘
09:32:18	4.97	--	229	113813	卖盘
09:32:13	4.97	--	48	23856	卖盘
09:32:08	4.97	--	20	9940	卖盘
09:32:03	4.97	--	7	3479	卖盘
09:31:58	4.97	--	83	41251	买盘
09:31:52	4.97	--	348	172956	买盘
09:31:48	4.97	--	12	5964	买盘
09:31:43	4.97	--	0	0	中性盘
09:31:37	4.97	--	615	305655	买盘
09:31:33	4.97	--	13	6461	买盘
09:31:28	4.97	--	19	9443	买盘
09:31:07	4.97	--	100	49700	买盘
09:31:03	4.97	--	18	8946	买盘
09:30:52	4.97	--	12	5964	买盘
09:30:48	4.97	--	30	14910	买盘
09:30:43	4.97	--	18	8946	买盘
09:30:37	4.97	--	5	2485	买盘
09:30:32	4.97	--	79	39263	买盘
09:30:28	4.97	--	40	19880	买盘
09:30:22	4.97	0.01	62	30814	买盘
09:30:17	4.96	--	5	2480	卖盘
09:30:13	4.96	-0.01	35	17360	卖盘
09:30:07	4.97	--	893	443821	买盘
09:30:02	4.97	0.01	20	9940	买盘
09:28:55	4.96	--	0	0	卖盘
09:25:15	4.96	4.96	400	198400	买盘
