成交时间	成交价	价格变动	成交量(手)	成交额(元)	性质
15:00:00	6.24	--	0	0	中性盘
15:00:00	6.24	0.01	0	0	中性盘
14:59:59	6.23	-0.02	39	24297	卖盘
14:59:53	6.25	--	213	133125	买盘
14:59:49	6.25	0.01	48	30000	买盘
14:59:44	6.24	-0.01	135	84240	买盘
14:59:38	6.25	0.02	31	19375	买盘
14:59:34	6.23	-0.02	222	138306	卖盘
14:59:29	6.25	--	130	81250	买盘
14:59:23	6.25	0.01	50	31250	买盘
14:59:19	6.24	--	173	107952	卖盘
14:59:14	6.24	-0.01	6	3744	卖盘
14:59:08	6.25	--	150	93750	买盘
14:59:04	6.25	--	120	75000	买盘
14:58:59	6.25	--	9	5625	买盘
14:58:53	6.25	0.01	13	8125	买盘
14:58:49	6.24	-0.01	89	55536	卖盘
14:58:44	6.25	0.01	12	7500	买盘
14:58:38	6.24	-0.01	166	103584	卖盘
14:58:34	6.25	--	69	43125	买盘
14:58:23	6.25	0.01	31	19375	买盘
14:58:19	6.24	-0.01	70	43680	卖盘
14:58:14	6.25	--	17	10625	买盘
14:58:08	6.25	0.01	37	23125	买盘
14:58:04	6.24	-0.01	17	10608	卖盘
14:57:59	6.25	--	20	12500	买盘
14:57:53	6.25	0.01	11	6875	买盘
14:57:49	6.24	--	26	16224	卖盘
14:57:38	6.24	--	63	39312	买盘
14:57:29	6.24	--	95	59280	卖盘
14:57:23	6.24	--	1016	633984	买盘
14:57:19	6.24	--	519	323856	买盘
14:57:14	6.24	--	13	8112	买盘
14:57:08	6.24	-0.01	111	69264	买盘
14:57:04	6.25	--	0	0	买盘
14:56:59	6.25	0.01	13	8125	买盘
14:56:53	6.24	-0.01	464	289536	卖盘
14:56:49	6.25	--	341	213125	买盘
14:56:44	6.25	--	9	5625	买盘
14:56:34	6.25	--	40	25000	买盘
14:56:29	6.25	--	160	100000	买盘
14:56:23	6.25	0.01	45	28125	买盘
14:56:19	6.24	-0.01	44	27456	卖盘
14:56:08	6.25	--	61	38125	买盘
14:56:04	6.25	--	531	331875	买盘
14:55:59	6.25	--	19	11875	买盘
14:55:53	6.25	--	31	19375	买盘
14:55:49	6.25	--	56	35000	买盘
14:55:44	6.25	--	9	5625	买盘
14:55:38	6.25	--	82	51250	买盘
14:55:34	6.25	0.01	78	48750	买盘
14:55:23	6.24	-0.01	98	61152	卖盘
14:55:19	6.25	0.01	15	9375	买盘
14:55:08	6.24	-0.01	31	19344	卖盘
14:55:04	6.25	--	15	9375	买盘
14:54:59	6.25	0.01	18	11250	买盘
14:54:53	6.24	-0.01	60	37440	卖盘
14:54:47	6.25	--	31	19375	买盘
14:54:43	6.25	--	20	12500	买盘
14:54:38	6.25	--	59	36875	买盘
14:54:32	6.25	--	149	93125	买盘
14:54:23	6.25	--	34	21250	买盘
14:54:13	6.25	0.01	28	17500	买盘
14:54:08	6.24	--	92	57408	卖盘
14:54:02	6.24	--	3412	2129256	买盘
14:53:58	6.24	--	9	5616	买盘
14:53:53	6.24	--	29	18096	买盘
14:53:47	6.24	--	9	5616	买盘
14:53:38	6.24	--	373	233207	卖盘
14:53:32	6.24	-0.01	1326	827424	卖盘
14:53:28	6.25	0.01	9	5625	买盘
14:53:23	6.24	--	77	48048	卖盘
14:53:13	6.24	-0.01	37	23088	卖盘
14:53:08	6.25	--	22	13750	买盘
14:53:02	6.25	--	18	11250	买盘
14:52:58	6.25	--	71	44375	买盘
14:52:47	6.25	--	17	10625	买盘
14:52:43	6.25	--	26	16250	买盘
14:52:32	6.25	--	15	9375	买盘
14:52:28	6.25	--	15	9375	买盘
14:52:17	6.25	--	18	11250	买盘
14:52:13	6.25	--	36	22500	买盘
14:52:08	6.25	--	5	3125	买盘
14:52:02	6.25	0.01	14	8918	买盘
14:51:58	6.24	-0.01	58	36192	卖盘
14:51:47	6.25	--	124	77500	买盘
14:51:43	6.25	--	13	8125	买盘
14:51:38	6.25	0.01	831	519375	买盘
14:51:32	6.24	-0.01	108	67392	卖盘
14:51:28	6.25	--	74	46250	买盘
14:51:23	6.25	--	9	5625	买盘
14:51:17	6.25	--	94	58750	买盘
14:51:13	6.25	0.01	265	165625	买盘
14:51:08	6.24	--	3	1872	卖盘
14:51:02	6.24	-0.01	33	20592	卖盘
14:50:58	6.25	--	13	8125	买盘
14:50:53	6.25	0.01	9	5625	买盘
14:50:47	6.24	--	36	22464	卖盘
14:50:43	6.24	-0.01	127	79248	卖盘
14:50:32	6.25	--	174	108750	买盘
14:50:28	6.25	--	68	42500	买盘
14:50:17	6.25	--	13	8125	买盘
14:50:13	6.25	0.01	10	6250	买盘
14:50:08	6.24	--	2	1248	卖盘
14:50:02	6.24	--	25	15600	卖盘
14:49:58	6.24	--	134	83616	买盘
14:49:47	6.24	--	13	8112	买盘
14:49:43	6.24	--	1027	640848	买盘
14:49:38	6.24	--	118	73632	买盘
14:49:32	6.24	--	367	229008	买盘
14:49:17	6.24	0.01	61	38064	买盘
14:49:13	6.23	--	20	12460	卖盘
14:49:08	6.23	-0.01	6	3738	卖盘
14:49:02	6.24	0.01	22	13728	买盘
14:48:58	6.23	--	18	11214	卖盘
14:48:53	6.23	-0.01	15	9345	卖盘
14:48:47	6.24	--	37	23088	买盘
14:48:43	6.24	0.01	42	26208	买盘
14:48:37	6.23	--	6	3738	卖盘
14:48:32	6.23	--	52	32396	卖盘
14:48:26	6.23	-0.01	120	74760	卖盘
14:48:17	6.24	0.01	18	11232	买盘
14:48:12	6.23	-0.01	25	15575	卖盘
14:48:07	6.24	--	35	21840	买盘
14:48:02	6.24	--	42	26208	买盘
14:47:56	6.24	--	18	11232	买盘
14:47:52	6.24	--	9	5616	买盘
14:47:47	6.24	--	16	9984	买盘
14:47:41	6.24	--	47	29328	买盘
14:47:37	6.24	--	13	8112	买盘
14:47:32	6.24	0.01	144	89856	买盘
14:47:22	6.23	-0.01	141	87843	卖盘
14:47:17	6.24	--	9	5616	买盘
14:47:07	6.24	--	23	14352	买盘
14:47:02	6.24	--	27	16848	买盘
14:46:56	6.24	--	10	6240	买盘
14:46:52	6.24	0.01	13	8112	买盘
14:46:47	6.23	-0.01	15	9345	卖盘
14:46:41	6.24	--	9	5616	买盘
14:46:37	6.24	--	13	8112	买盘
14:46:32	6.24	--	13	8112	买盘
14:46:26	6.24	--	16	9984	买盘
14:46:22	6.24	--	13	8112	买盘
14:46:17	6.24	--	68	42432	买盘
14:46:11	6.24	--	77	48048	买盘
14:46:07	6.24	0.01	25	15600	买盘
14:46:02	6.23	-0.01	35	21805	卖盘
14:45:56	6.24	--	100	62400	买盘
14:45:41	6.24	--	9	5616	买盘
14:45:32	6.24	--	30	18720	买盘
14:45:26	6.24	0.01	12	7488	买盘
14:45:02	6.23	-0.01	5	3115	卖盘
14:44:56	6.24	0.01	508	316992	买盘
14:44:52	6.23	--	25	15575	买盘
14:44:41	6.23	--	71	44233	买盘
14:44:37	6.23	--	18	11214	买盘
14:44:32	6.23	--	29	18067	买盘
14:44:26	6.23	--	9	5607	买盘
14:44:22	6.23	0.01	59	36757	买盘
14:44:17	6.22	-0.01	59	36698	卖盘
14:44:11	6.23	--	37	23051	买盘
14:44:07	6.23	--	9	5607	买盘
14:44:02	6.23	--	12	7476	买盘
14:43:56	6.23	--	18	11214	买盘
14:43:47	6.23	--	9	5607	买盘
14:43:41	6.23	0.01	18	11214	买盘
14:43:37	6.22	-0.01	21	13062	卖盘
14:43:32	6.23	--	9	5607	买盘
14:43:22	6.23	--	42	26166	买盘
14:43:17	6.23	--	9	5607	买盘
14:43:07	6.23	--	118	73514	买盘
14:42:56	6.23	--	29	18067	买盘
14:42:52	6.23	--	509	317107	买盘
14:42:41	6.23	--	18	11214	买盘
14:42:37	6.23	--	46	28658	买盘
14:42:32	6.23	-0.01	28	17444	卖盘
14:42:26	6.24	--	8	4992	买盘
14:42:22	6.24	--	19	11856	买盘
14:42:16	6.24	--	15	9360	买盘
14:42:11	6.24	0.01	9	5616	买盘
14:42:06	6.23	--	23	14329	卖盘
14:42:02	6.23	--	3	1869	卖盘
14:41:56	6.23	0.01	15	9345	买盘
14:41:51	6.22	-0.01	16	9952	卖盘
14:41:41	6.23	-0.01	501	312123	卖盘
14:41:35	6.24	0.01	21	13104	买盘
14:41:31	6.23	-0.01	10	6230	卖盘
14:41:20	6.24	--	20	12480	买盘
14:41:16	6.24	--	9	5616	买盘
14:41:11	6.24	--	40	24960	卖盘
14:41:05	6.24	--	139	86736	卖盘
14:41:01	6.24	-0.01	3	1872	卖盘
14:40:56	6.25	0.01	71	44375	买盘
14:40:50	6.24	--	66	41184	卖盘
14:40:46	6.24	--	9	5616	卖盘
14:40:41	6.24	-0.01	14	8736	卖盘
14:40:35	6.25	0.01	24	15000	买盘
14:40:31	6.24	--	9	5616	卖盘
14:40:26	6.24	--	30	18720	卖盘
14:40:20	6.24	-0.01	15	9360	卖盘
14:40:11	6.25	--	138	86250	买盘
14:40:05	6.25	0.01	1	625	买盘
14:40:01	6.24	-0.01	41	25584	卖盘
14:39:56	6.25	0.01	18	11250	买盘
14:39:50	6.24	-0.01	30	18720	卖盘
14:39:46	6.25	--	20	12500	买盘
14:39:35	6.25	0.01	19	11875	买盘
14:39:31	6.24	--	175	109474	买盘
14:39:26	6.24	--	10	6240	买盘
14:39:20	6.24	--	20	12480	买盘
14:39:16	6.24	--	18	11232	买盘
14:39:05	6.24	--	18	11232	买盘
14:39:01	6.24	--	34	21216	买盘
14:38:56	6.24	--	12	7488	买盘
14:38:50	6.24	--	50	31200	买盘
14:38:41	6.24	--	18	11232	买盘
14:38:35	6.24	0.01	9	5616	买盘
14:38:31	6.23	-0.01	21	13083	卖盘
14:38:26	6.24	--	9	5616	买盘
14:38:20	6.24	--	10	6240	买盘
14:38:16	6.24	--	113	70512	买盘
14:38:11	6.24	0.01	16	9984	买盘
14:38:01	6.23	-0.01	53	33019	卖盘
14:37:56	6.24	0.01	29	18096	买盘
14:37:50	6.23	-0.01	5	3115	卖盘
14:37:46	6.24	--	21	13104	买盘
14:37:35	6.24	--	141	87984	买盘
14:37:31	6.24	0.01	6	3744	买盘
14:37:20	6.23	--	22	13706	卖盘
14:37:16	6.23	-0.01	59	36757	卖盘
14:37:11	6.24	--	59	36816	买盘
14:37:05	6.24	--	35	21840	买盘
14:36:56	6.24	--	18	11232	买盘
14:36:50	6.24	--	9	5616	买盘
14:36:46	6.24	0.01	47	29328	买盘
14:36:35	6.23	--	40	24920	买盘
14:36:31	6.23	--	14	8722	买盘
14:36:20	6.23	--	18	11214	买盘
14:36:16	6.23	--	19	11837	买盘
14:36:11	6.23	--	9	5607	买盘
14:36:05	6.23	--	9	5607	买盘
14:36:01	6.23	--	21	13083	买盘
14:35:56	6.23	--	9	5607	买盘
14:35:50	6.23	--	18	11214	买盘
14:35:44	6.23	0.01	9	5607	买盘
14:35:40	6.22	-0.01	55	34210	卖盘
14:35:35	6.23	0.01	28	17444	买盘
14:35:29	6.22	-0.01	14	8708	卖盘
14:35:25	6.23	--	9	5607	买盘
14:35:20	6.23	--	30	18690	买盘
14:35:14	6.23	-0.01	166	103418	卖盘
14:35:10	6.24	--	18	11232	买盘
14:34:59	6.24	--	60	37440	买盘
14:34:50	6.24	--	23	14352	买盘
14:34:44	6.24	0.01	18	11232	买盘
14:34:35	6.23	-0.01	168	104664	卖盘
14:34:29	6.24	--	9	5616	买盘
14:34:25	6.24	--	9	5616	买盘
14:34:20	6.24	--	109	68016	买盘
14:34:14	6.24	--	18	11232	买盘
14:34:10	6.24	0.01	9	5616	买盘
14:34:05	6.23	-0.01	10	6230	卖盘
14:33:59	6.24	--	23	14352	买盘
14:33:55	6.24	--	9	5616	买盘
14:33:50	6.24	--	9	5616	买盘
14:33:44	6.24	-0.01	122	76477	卖盘
14:33:40	6.25	--	5	3125	买盘
14:33:35	6.25	--	217	135625	买盘
14:33:29	6.25	0.01	9	5625	买盘
14:33:25	6.24	-0.01	354	220896	卖盘
14:33:20	6.25	--	12	7500	买盘
14:33:14	6.25	--	49	30625	买盘
14:33:10	6.25	--	19	11875	买盘
14:33:05	6.25	--	9	5625	买盘
14:32:59	6.25	--	14	8750	买盘
14:32:55	6.25	-0.01	55	34375	中性盘
14:32:44	6.26	0.01	33	20658	买盘
14:32:40	6.25	--	25	15625	卖盘
14:32:35	6.25	--	5	3125	买盘
14:32:29	6.25	--	43	26875	卖盘
14:32:25	6.25	--	30	18750	卖盘
14:32:20	6.25	-0.01	39	24975	卖盘
14:32:14	6.26	0.01	15	9390	买盘
14:32:10	6.25	--	69	43125	卖盘
14:32:05	6.25	--	84	52500	卖盘
14:31:59	6.25	-0.01	17	10625	卖盘
14:31:55	6.26	--	71	44446	买盘
14:31:44	6.26	0.01	21	13146	买盘
14:31:40	6.25	-0.01	15	9375	卖盘
14:31:35	6.26	--	19	11894	买盘
14:31:29	6.26	--	12	7512	买盘
14:31:25	6.26	--	9	5634	买盘
14:31:20	6.26	0.01	14	8764	买盘
14:31:14	6.25	-0.01	12	7500	卖盘
14:31:10	6.26	--	38	23788	买盘
14:31:05	6.26	--	9	5634	买盘
14:30:59	6.26	0.01	15	9390	买盘
14:30:50	6.25	-0.01	20	12500	卖盘
14:30:40	6.26	0.01	5	3130	买盘
14:30:29	6.25	-0.01	20	12500	卖盘
14:30:25	6.26	--	71	44446	买盘
14:30:20	6.26	0.01	148	92648	买盘
14:30:09	6.25	-0.01	20	12500	卖盘
14:29:59	6.26	--	13	8138	买盘
14:29:55	6.26	--	11	6886	买盘
14:29:44	6.26	--	21	13146	买盘
14:29:40	6.26	--	14	8764	买盘
14:29:35	6.26	--	16	10016	买盘
14:29:29	6.26	--	19	11894	买盘
14:29:24	6.26	--	51	31926	买盘
14:29:14	6.26	--	25	15650	买盘
14:29:08	6.26	--	69	43194	买盘
14:29:04	6.26	--	11	6886	买盘
14:28:59	6.26	--	74	46324	买盘
14:28:49	6.26	--	50	31300	买盘
14:28:44	6.26	--	18	11268	买盘
14:28:38	6.26	0.01	40	25040	买盘
14:28:34	6.25	--	11	6875	买盘
14:28:29	6.25	-0.01	30	18750	卖盘
14:28:23	6.26	--	39	24414	买盘
14:28:19	6.26	0.01	13	8138	买盘
14:28:14	6.25	--	81	50625	买盘
14:28:08	6.25	0.01	1	625	买盘
14:28:04	6.24	-0.01	247	154128	卖盘
14:27:59	6.25	--	23	14375	买盘
14:27:53	6.25	--	63	39375	买盘
14:27:49	6.25	--	11	6875	买盘
14:27:44	6.25	--	73	45625	买盘
14:27:38	6.25	-0.01	20	12500	卖盘
14:27:34	6.26	--	8	5008	买盘
14:27:29	6.26	--	120	75120	买盘
14:27:23	6.26	--	20	12520	买盘
14:27:19	6.26	--	54	33804	买盘
14:27:14	6.26	--	18	11268	买盘
14:27:08	6.26	0.01	54	33804	买盘
14:27:04	6.25	-0.01	10	6250	卖盘
14:26:59	6.26	0.02	119	74494	买盘
14:26:53	6.24	-0.02	10	6240	卖盘
14:26:49	6.26	--	206	128956	买盘
14:26:38	6.26	0.01	58	36308	买盘
14:26:34	6.25	-0.01	24	15000	卖盘
14:26:23	6.26	--	229	143354	买盘
14:26:19	6.26	--	23	14398	买盘
14:26:14	6.26	0.01	38	23788	买盘
14:26:08	6.25	-0.01	64	40000	卖盘
14:26:04	6.26	0.01	59	36934	买盘
14:25:59	6.25	--	26	16250	卖盘
14:25:53	6.25	-0.01	132	82500	卖盘
14:25:49	6.26	0.01	24	15024	买盘
14:25:44	6.25	-0.01	335	209375	卖盘
14:25:38	6.26	--	64	40064	买盘
14:25:34	6.26	0.01	50	31300	买盘
14:25:23	6.25	-0.01	55	34375	卖盘
14:25:19	6.26	--	65	40690	买盘
14:25:08	6.26	--	75	46950	买盘
14:25:04	6.26	--	9	5634	买盘
14:24:59	6.26	--	41	25666	买盘
14:24:53	6.26	--	25	15650	买盘
14:24:49	6.26	--	51	31926	买盘
14:24:38	6.26	--	103	64478	买盘
14:24:34	6.26	0.01	62	38812	买盘
14:24:29	6.25	--	53	33125	卖盘
14:24:23	6.25	-0.01	64	40000	卖盘
14:24:19	6.26	-0.01	117	73242	卖盘
14:24:14	6.27	--	59	36993	买盘
14:24:08	6.27	0.01	28	17556	买盘
14:24:04	6.26	-0.01	64	40064	卖盘
14:23:59	6.27	0.01	9	5643	买盘
14:23:53	6.26	-0.01	211	132086	卖盘
14:23:49	6.27	0.01	119	74613	买盘
14:23:44	6.26	-0.01	4	2504	卖盘
14:23:38	6.27	--	282	176814	买盘
14:23:34	6.27	--	153	95931	买盘
14:23:29	6.27	--	87	54548	买盘
14:23:23	6.27	--	310	194370	买盘
14:23:19	6.27	--	63	39501	买盘
14:23:14	6.27	--	15	9405	买盘
14:23:08	6.27	--	77	48279	买盘
14:23:04	6.27	--	17	10659	买盘
14:22:59	6.27	--	1	627	买盘
14:22:53	6.27	--	63	39501	买盘
14:22:48	6.27	0.01	375	235124	买盘
14:22:43	6.26	--	11	6886	买盘
14:22:38	6.26	-0.01	41	25666	卖盘
14:22:32	6.27	0.01	58	36366	买盘
14:22:28	6.26	--	200	125200	买盘
14:22:23	6.26	--	65	40690	买盘
14:22:17	6.26	--	214	133964	买盘
14:22:13	6.26	--	54	33804	买盘
14:22:08	6.26	--	9	5634	买盘
14:22:02	6.26	--	49	30674	买盘
14:21:58	6.26	--	107	66982	买盘
14:21:53	6.26	--	82	51332	买盘
14:21:47	6.26	--	312	195312	买盘
14:21:43	6.26	--	5	3130	买盘
14:21:38	6.26	0.01	350	219100	买盘
14:21:32	6.25	-0.01	27	16875	卖盘
14:21:28	6.26	--	52	32552	买盘
14:21:23	6.26	--	16	10016	买盘
14:21:17	6.26	0.01	57	35682	买盘
14:21:13	6.25	-0.01	23	14375	卖盘
14:21:08	6.26	0.01	69	43194	买盘
14:21:02	6.25	--	20	12500	卖盘
14:20:58	6.25	--	122	76250	买盘
14:20:53	6.25	--	70	43750	买盘
14:20:47	6.25	--	4	2500	买盘
14:20:43	6.25	--	78	48750	买盘
14:20:38	6.25	--	71	44375	买盘
14:20:32	6.25	--	40	25000	买盘
14:20:28	6.25	--	24	15000	买盘
14:20:23	6.25	--	70	43750	买盘
14:20:13	6.25	--	59	36875	买盘
14:20:08	6.25	0.01	19	11875	买盘
14:20:02	6.24	-0.01	148	92352	卖盘
14:19:58	6.25	--	314	196250	买盘
14:19:47	6.25	--	43	26875	买盘
14:19:43	6.25	--	71	44375	买盘
14:19:38	6.25	--	38	23750	买盘
14:19:32	6.25	--	38	23750	买盘
14:19:28	6.25	0.01	94	58750	买盘
14:19:17	6.24	-0.01	69	43056	卖盘
14:19:13	6.25	0.01	43	26875	买盘
14:19:08	6.24	--	12	7488	卖盘
14:19:02	6.24	-0.01	115	71760	卖盘
14:18:58	6.25	0.01	64	40000	买盘
14:18:53	6.24	--	82	51168	卖盘
14:18:47	6.24	--	167	104208	卖盘
14:18:43	6.24	-0.01	77	48048	卖盘
14:18:38	6.25	0.01	24	15000	买盘
14:18:32	6.24	-0.01	56	34944	卖盘
14:18:28	6.25	--	27	16875	买盘
14:18:23	6.25	0.01	40	25000	买盘
14:18:17	6.24	-0.01	26	16224	卖盘
14:18:13	6.25	--	79	49375	买盘
14:18:02	6.25	--	17	10625	买盘
14:17:58	6.25	0.01	105	65625	买盘
14:17:53	6.24	-0.01	3	1872	卖盘
14:17:47	6.25	--	147	91875	买盘
14:17:43	6.25	--	71	44375	买盘
14:17:38	6.25	--	43	26875	买盘
14:17:32	6.25	0.01	334	208750	买盘
14:17:28	6.24	-0.01	82	51168	卖盘
14:17:22	6.25	--	54	33750	买盘
14:17:17	6.25	--	228	142500	买盘
14:17:13	6.25	--	45	28125	买盘
14:17:07	6.25	--	1	625	买盘
14:17:02	6.25	--	92	57500	买盘
14:16:57	6.25	0.01	230	143750	买盘
14:16:53	6.24	-0.01	155	96720	卖盘
14:16:47	6.25	--	9	5625	买盘
14:16:42	6.25	0.01	49	30625	买盘
14:16:37	6.24	--	20	12779	买盘
14:16:32	6.24	--	426	265824	买盘
14:16:28	6.24	--	26	16224	买盘
14:16:17	6.24	--	129	80496	买盘
14:16:12	6.24	--	153	95472	买盘
14:16:07	6.24	--	90	56160	买盘
14:16:02	6.24	--	15	9360	买盘
14:15:56	6.24	0.01	38	23712	买盘
14:15:47	6.23	-0.01	44	27412	卖盘
14:15:41	6.24	--	3	1872	买盘
14:15:32	6.24	0.01	134	83616	买盘
14:15:26	6.23	-0.01	48	29904	卖盘
14:15:17	6.24	--	61	38064	买盘
14:15:11	6.24	--	40	24960	买盘
14:15:07	6.24	--	1	624	买盘
14:15:02	6.24	--	66	41184	买盘
14:14:56	6.24	--	234	146016	买盘
14:14:52	6.24	--	116	72708	买盘
14:14:47	6.24	0.01	14	8736	买盘
14:14:41	6.23	--	44	27412	卖盘
14:14:37	6.23	--	831	518012	买盘
14:14:32	6.23	--	198	123354	买盘
14:14:26	6.23	--	62	38626	买盘
14:14:22	6.23	--	434	270382	买盘
14:14:17	6.23	0.01	49	30527	买盘
14:14:11	6.22	-0.01	87	54114	卖盘
14:14:07	6.23	0.01	51	31773	买盘
14:14:02	6.22	--	2	1244	卖盘
14:13:56	6.22	--	50	31100	卖盘
14:13:52	6.22	--	24	14928	买盘
14:13:47	6.22	--	124	77128	卖盘
14:13:41	6.22	-0.01	14	8708	卖盘
14:13:37	6.23	0.01	42	26166	买盘
14:13:32	6.22	-0.01	26	16172	卖盘
14:13:26	6.23	--	54	33642	买盘
14:13:22	6.23	0.01	35	21805	买盘
14:13:11	6.22	--	66	41052	卖盘
14:13:07	6.22	-0.01	29	18038	卖盘
14:13:02	6.23	--	41	25543	买盘
14:12:56	6.23	--	118	73514	买盘
14:12:52	6.23	--	40	24920	买盘
14:12:47	6.23	--	10	6230	买盘
14:12:41	6.23	--	65	40495	买盘
14:12:37	6.23	--	1	623	买盘
14:12:32	6.23	--	64	39872	买盘
14:12:26	6.23	0.01	623	388129	买盘
14:12:22	6.22	--	9	5598	买盘
14:12:17	6.22	-0.01	74	46028	卖盘
14:12:11	6.23	--	11	6853	买盘
14:12:07	6.23	0.01	47	29281	买盘
14:12:01	6.22	-0.01	22	13684	买盘
14:11:56	6.23	--	127	79121	买盘
14:11:47	6.23	--	13	8099	买盘
14:11:41	6.23	--	61	38003	买盘
14:11:37	6.23	0.01	56	34888	买盘
14:11:26	6.22	-0.01	152	94544	卖盘
14:11:22	6.23	0.01	83	51709	买盘
14:11:16	6.22	-0.01	19	11818	卖盘
14:11:11	6.23	--	43	26789	买盘
14:11:06	6.23	--	20	12460	买盘
14:11:01	6.23	--	76	47348	买盘
14:10:56	6.23	--	98	61054	买盘
14:10:52	6.23	0.01	50	31150	买盘
14:10:46	6.22	-0.01	1	622	卖盘
14:10:41	6.23	--	11	6853	买盘
14:10:37	6.23	0.01	48	29904	买盘
14:10:26	6.22	--	140	87080	买盘
14:10:21	6.22	-0.01	135	83970	卖盘
14:10:16	6.23	--	40	24920	买盘
14:10:06	6.23	--	71	44233	买盘
14:10:02	6.23	--	9	5607	买盘
14:09:56	6.23	--	134	83482	买盘
14:09:51	6.23	--	18	11214	买盘
14:09:41	6.23	--	62	38626	买盘
14:09:35	6.23	--	497	309631	买盘
14:09:31	6.23	--	47	29281	买盘
14:09:26	6.23	--	170	105910	买盘
14:09:20	6.23	0.01	213	132699	买盘
14:09:16	6.22	-0.01	5	3110	卖盘
14:09:11	6.23	--	441	274743	买盘
14:09:05	6.23	--	94	58562	买盘
14:09:01	6.23	--	42	26166	买盘
14:08:56	6.23	--	139	86597	买盘
14:08:50	6.23	--	63	39249	买盘
14:08:46	6.23	0.01	1	623	买盘
14:08:41	6.22	--	47	29234	卖盘
14:08:35	6.22	-0.01	99	61578	卖盘
14:08:31	6.23	--	9	5607	买盘
14:08:26	6.23	--	149	92827	买盘
14:08:20	6.23	0.01	9	5607	买盘
14:08:16	6.22	-0.01	61	37942	卖盘
14:08:11	6.23	0.01	63	39249	买盘
14:08:05	6.22	-0.01	43	26746	卖盘
14:08:01	6.23	--	104	64792	买盘
14:07:56	6.23	--	261	162603	买盘
14:07:50	6.23	--	84	52332	买盘
14:07:41	6.23	--	104	64792	买盘
14:07:31	6.23	--	39	24297	买盘
14:07:26	6.23	0.01	30	18690	买盘
14:07:20	6.22	-0.01	133	82726	卖盘
14:07:16	6.23	0.01	18	11214	买盘
14:07:11	6.22	-0.01	42	26124	卖盘
14:07:05	6.23	--	64	39872	买盘
14:07:01	6.23	0.01	70	43610	买盘
14:06:56	6.22	--	159	98898	卖盘
14:06:50	6.22	-0.01	300	186600	卖盘
14:06:46	6.23	0.01	90	56238	买盘
14:06:41	6.22	--	35	21770	卖盘
14:06:35	6.22	-0.01	44	27368	卖盘
14:06:31	6.23	--	55	34265	买盘
14:06:26	6.23	0.01	49	30527	买盘
14:06:20	6.22	-0.01	42	26124	卖盘
14:06:16	6.23	0.01	51	31773	买盘
14:06:11	6.22	--	38	23636	卖盘
14:06:05	6.22	--	64	39808	买盘
14:06:00	6.22	--	9	5598	买盘
14:05:56	6.22	--	74	46028	买盘
14:05:50	6.22	0.01	13	8086	买盘
14:05:46	6.21	--	10	6210	卖盘
14:05:41	6.21	-0.01	500	310500	卖盘
14:05:35	6.22	--	17	10574	买盘
14:05:31	6.22	--	5	3110	买盘
14:05:26	6.22	--	69	42918	买盘
14:05:20	6.22	-0.01	22	13684	买盘
14:05:16	6.23	0.01	24	14952	买盘
14:05:10	6.22	--	499	310378	卖盘
14:05:05	6.22	--	49	30478	卖盘
14:05:01	6.22	--	279	173538	卖盘
14:04:55	6.22	--	323	200906	买盘
14:04:50	6.22	-0.01	1977	1229694	卖盘
14:04:46	6.23	--	1	623	买盘
14:04:40	6.23	--	786	489678	买盘
14:04:35	6.23	--	22	13706	买盘
14:04:31	6.23	--	54	33642	买盘
14:04:25	6.23	--	88	54824	买盘
14:04:20	6.23	0.01	14	8722	买盘
14:04:16	6.22	-0.01	1101	684822	卖盘
14:04:10	6.23	0.01	18	11214	买盘
14:04:05	6.22	-0.01	5	3228	卖盘
14:04:01	6.23	--	71	44233	买盘
14:03:55	6.23	--	69	42987	买盘
14:03:50	6.23	--	9	5607	买盘
14:03:46	6.23	--	10	6230	买盘
14:03:40	6.23	--	108	67284	买盘
14:03:35	6.23	--	93	57939	买盘
14:03:31	6.23	--	9	5607	买盘
14:03:25	6.23	--	282	175686	买盘
14:03:15	6.23	--	19	11837	买盘
14:03:10	6.23	--	53	33019	买盘
14:03:05	6.23	--	5	3115	买盘
14:03:00	6.23	0.01	15	9345	买盘
14:02:55	6.22	-0.01	91	56602	卖盘
14:02:50	6.23	--	34	21182	买盘
14:02:45	6.23	--	53	33019	买盘
14:02:35	6.23	--	12	7476	买盘
14:02:29	6.23	--	27	16821	买盘
14:02:25	6.23	--	69	42987	买盘
14:02:14	6.23	--	50	31150	买盘
14:02:10	6.23	--	32	19936	买盘
14:02:05	6.23	--	6	3738	买盘
14:01:59	6.23	--	13	8099	买盘
14:01:55	6.23	--	140	87220	买盘
14:01:50	6.23	--	24	14952	买盘
14:01:44	6.23	--	13	8099	买盘
14:01:35	6.23	--	13	8099	买盘
14:01:29	6.23	0.01	23	14329	买盘
14:01:20	6.22	--	23	14306	卖盘
14:01:14	6.22	-0.01	6	3732	卖盘
14:01:10	6.23	--	14	8722	买盘
14:01:05	6.23	0.01	22	13706	买盘
14:00:59	6.22	--	20	12440	卖盘
14:00:44	6.22	--	20	12440	卖盘
14:00:39	6.22	--	3	1866	卖盘
14:00:35	6.22	-0.01	5	3110	卖盘
14:00:29	6.23	0.01	83	51709	买盘
14:00:14	6.22	--	7	4354	卖盘
13:59:59	6.22	--	38	23636	买盘
13:59:54	6.22	--	17	10574	卖盘
13:59:50	6.22	--	5	3110	买盘
13:59:44	6.22	-0.01	125	77750	卖盘
13:59:35	6.23	0.01	9	5607	买盘
13:59:29	6.22	-0.01	125	77750	卖盘
13:59:24	6.23	0.01	28	17444	买盘
13:59:10	6.22	-0.01	32	19904	卖盘
13:59:05	6.23	--	124	77252	买盘
13:58:55	6.23	--	9	5607	买盘
13:58:50	6.23	--	1	623	买盘
13:58:44	6.23	--	19	11837	买盘
13:58:35	6.23	0.01	1	623	买盘
13:58:29	6.22	-0.01	16	9952	卖盘
13:58:25	6.23	--	9	5607	买盘
13:58:14	6.23	--	70	43610	买盘
13:58:10	6.23	--	70	43610	买盘
13:58:05	6.23	--	31	19313	买盘
13:57:59	6.23	--	9	5607	买盘
13:57:54	6.23	--	293	182539	买盘
13:57:49	6.23	--	16	9968	买盘
13:57:40	6.23	0.01	34	21182	买盘
13:57:29	6.22	--	11	6842	买盘
13:57:25	6.22	--	9	5598	买盘
13:57:19	6.22	--	109	67798	买盘
13:57:14	6.22	--	9	5598	买盘
13:56:59	6.22	--	407	253154	买盘
13:56:54	6.22	0.01	830	516260	买盘
13:56:49	6.21	--	13	8073	卖盘
13:56:44	6.21	--	53	32913	卖盘
13:56:40	6.21	--	452	280692	买盘
13:56:34	6.21	0.01	9	5589	买盘
13:56:24	6.2	-0.01	5	3100	卖盘
13:56:19	6.21	--	11	6831	买盘
13:56:14	6.21	--	9	5589	买盘
13:56:04	6.21	--	9	5589	买盘
13:55:54	6.21	--	19	11799	买盘
13:55:44	6.21	--	41	25461	买盘
13:55:38	6.21	--	9	5589	买盘
13:55:34	6.21	--	9	5589	买盘
13:55:29	6.21	--	9	5589	买盘
13:55:14	6.21	--	20	12420	买盘
13:54:59	6.21	--	9	5589	买盘
13:54:53	6.21	--	10	6210	买盘
13:54:49	6.21	--	9	5589	买盘
13:54:44	6.21	0.01	10	6210	买盘
13:54:38	6.2	-0.01	19	11780	卖盘
13:54:29	6.21	--	9	5589	买盘
13:54:23	6.21	0.01	9	5589	买盘
13:54:14	6.2	-0.01	10	6200	卖盘
13:54:08	6.21	--	30	18630	买盘
13:53:53	6.21	--	9	5589	买盘
13:53:49	6.21	--	9	5589	买盘
13:53:44	6.21	--	9	5589	买盘
13:53:29	6.21	--	20	12420	买盘
13:53:23	6.21	--	291	180711	买盘
13:53:18	6.21	--	9	5589	买盘
13:53:08	6.21	--	36	22356	买盘
13:53:04	6.21	0.01	49	30429	买盘
13:52:59	6.2	--	10	6200	卖盘
13:52:53	6.2	--	24	14880	卖盘
13:52:49	6.2	-0.01	100	62000	卖盘
13:52:44	6.21	0.01	9	5589	买盘
13:52:38	6.2	--	25	15500	卖盘
13:52:34	6.2	-0.01	20	12400	卖盘
13:52:29	6.21	--	11	6831	买盘
13:52:23	6.21	0.01	9	5589	买盘
13:52:14	6.2	--	251	155967	买盘
13:52:08	6.2	--	9	5580	买盘
13:52:04	6.2	--	9	5580	买盘
13:51:59	6.2	--	9	5580	买盘
13:51:48	6.2	0.01	67	41540	买盘
13:51:44	6.19	--	10	6190	买盘
13:51:34	6.19	--	9	5571	买盘
13:51:23	6.19	--	10	6190	买盘
13:51:19	6.19	-0.01	62	38378	卖盘
13:51:08	6.2	0.01	9	5580	买盘
13:50:59	6.19	--	18	11142	买盘
13:50:53	6.19	-0.01	129	79851	卖盘
13:50:43	6.2	0.01	11	6820	买盘
13:50:38	6.19	-0.01	14	8666	卖盘
13:50:28	6.2	0.01	9	5580	买盘
13:50:23	6.19	-0.01	50	30950	卖盘
13:50:18	6.2	--	32	19840	买盘
13:50:13	6.2	--	94	58280	买盘
13:50:08	6.2	--	46	28520	买盘
13:50:03	6.2	--	9	5580	买盘
13:49:53	6.2	-0.01	20	12400	中性盘
13:49:48	6.21	0.01	9	5589	买盘
13:49:38	6.2	-0.01	150	93000	卖盘
13:49:34	6.21	--	9	5589	买盘
13:49:23	6.21	0.01	9	5589	买盘
13:49:18	6.2	-0.01	55	34100	卖盘
13:49:13	6.21	--	9	5589	买盘
13:49:08	6.21	--	71	44091	买盘
13:48:58	6.21	--	11	6831	买盘
13:48:53	6.21	--	9	5589	买盘
13:48:43	6.21	--	9	5589	买盘
13:48:32	6.21	--	19	11799	买盘
13:48:17	6.21	--	32	19872	买盘
13:48:08	6.21	--	18	11178	买盘
13:47:53	6.21	--	43	26703	买盘
13:47:47	6.21	--	9	5589	买盘
13:47:38	6.21	--	9	5589	买盘
13:47:32	6.21	--	10	6210	买盘
13:47:28	6.21	--	88	54648	买盘
13:47:23	6.21	--	9	5589	买盘
13:47:17	6.21	--	50	31050	买盘
13:47:13	6.21	--	19	11799	买盘
13:47:08	6.21	--	68	42228	买盘
13:47:02	6.21	--	9	5589	买盘
13:46:53	6.21	-0.01	244	151524	卖盘
13:46:47	6.22	0.01	230	143060	买盘
13:46:42	6.21	--	6	3726	卖盘
13:46:38	6.21	-0.01	50	31050	卖盘
13:46:32	6.22	0.01	109	67798	买盘
13:46:27	6.21	--	5	3105	卖盘
13:46:23	6.21	--	143	88803	买盘
13:46:08	6.21	--	9	5589	买盘
13:46:02	6.21	0.01	49	30429	买盘
13:45:57	6.2	--	9	6131	卖盘
13:45:53	6.2	--	50	31000	卖盘
13:45:38	6.2	--	7	4340	卖盘
13:45:32	6.2	--	105	65100	卖盘
13:45:17	6.2	--	10	6200	卖盘
13:44:57	6.2	-0.01	19	11780	卖盘
13:44:53	6.21	--	30	18630	卖盘
13:44:47	6.21	--	50	31050	卖盘
13:44:42	6.21	--	99	61479	卖盘
13:44:38	6.21	--	200	124200	卖盘
13:44:17	6.21	0.01	1674	1039554	买盘
13:44:08	6.2	--	50	31000	卖盘
13:44:02	6.2	--	68	42160	卖盘
13:43:57	6.2	--	80	49600	卖盘
13:43:52	6.2	--	10	6200	卖盘
13:43:37	6.2	--	100	62000	卖盘
13:43:32	6.2	--	100	62000	卖盘
13:43:27	6.2	--	11	6820	卖盘
13:43:12	6.2	--	10	6200	卖盘
13:43:07	6.2	--	10	6200	卖盘
13:43:02	6.2	--	10	6200	卖盘
13:42:57	6.2	--	70	43400	卖盘
13:42:52	6.2	--	10	6200	卖盘
13:42:43	6.2	--	10	6200	卖盘
13:42:37	6.2	0.01	329	204234	买盘
13:42:32	6.19	-0.01	30	18570	卖盘
13:42:27	6.2	--	17	10540	买盘
13:42:22	6.2	--	213	132060	买盘
13:42:17	6.2	--	24	14880	买盘
13:42:02	6.2	--	124	76880	买盘
13:41:57	6.2	--	191	118599	卖盘
13:41:41	6.2	--	61	37820	卖盘
13:41:37	6.2	--	2	1240	卖盘
13:41:32	6.2	-0.01	3	1860	卖盘
13:41:26	6.21	0.01	50	31050	买盘
13:41:22	6.2	--	20	12400	卖盘
13:41:17	6.2	-0.01	100	62000	卖盘
13:41:11	6.21	--	5	3105	买盘
13:41:07	6.21	--	21	13041	买盘
13:41:02	6.21	--	307	190647	卖盘
13:40:56	6.21	--	252	156492	卖盘
13:40:52	6.21	--	10	6210	卖盘
13:40:47	6.21	--	122	75762	卖盘
13:40:41	6.21	-0.01	260	161460	卖盘
13:40:37	6.22	--	80	49760	买盘
13:40:32	6.22	--	148	92056	卖盘
13:40:26	6.22	--	278	172916	卖盘
13:40:17	6.22	--	368	228896	卖盘
13:40:11	6.22	--	34	21148	卖盘
13:40:07	6.22	--	175	108850	卖盘
13:40:02	6.22	--	53	32966	卖盘
13:39:56	6.22	--	502	312244	买盘
13:39:41	6.22	--	3	1866	买盘
13:39:36	6.22	0.01	4	2488	买盘
13:39:26	6.21	-0.01	8	4968	卖盘
13:39:21	6.22	--	3	1866	买盘
13:39:17	6.22	0.01	283	176026	买盘
13:39:11	6.21	-0.01	13	8073	卖盘
13:39:06	6.22	--	9	5598	买盘
13:39:02	6.22	--	961	597742	买盘
13:38:56	6.22	--	24	14928	买盘
13:38:51	6.22	0.01	467	290474	买盘
13:38:47	6.21	-0.01	5	3105	卖盘
13:38:41	6.22	0.01	30	18660	买盘
13:38:36	6.21	--	11	6831	卖盘
13:38:32	6.21	--	10	6210	卖盘
13:38:26	6.21	--	1145	711045	买盘
13:38:21	6.21	--	2	1242	买盘
13:38:16	6.21	--	173	107433	买盘
13:38:11	6.21	--	20	12420	买盘
13:38:06	6.21	--	10	6210	买盘
13:38:02	6.21	--	80	49680	买盘
13:37:56	6.21	0.01	27	16767	买盘
13:37:51	6.2	--	66	40920	卖盘
13:37:36	6.2	--	20	12400	卖盘
13:37:32	6.2	--	74	46320	买盘
13:37:26	6.2	--	329	203980	买盘
13:37:21	6.2	--	28	17360	买盘
13:37:11	6.2	--	1	620	买盘
13:37:06	6.2	--	81	50220	买盘
13:36:51	6.2	0.01	57	35340	买盘
13:36:21	6.19	-0.01	22	13618	卖盘
13:36:07	6.2	0.01	1110	688200	买盘
13:35:56	6.19	-0.01	18	11142	卖盘
13:35:46	6.2	0.01	71	44020	买盘
13:35:41	6.19	--	94	58186	卖盘
13:35:31	6.19	-0.01	13	8047	卖盘
13:35:26	6.2	0.01	10	6200	买盘
13:35:21	6.19	-0.01	361	223459	卖盘
13:35:16	6.2	0.01	196	121520	买盘
13:35:11	6.19	-0.01	43	26617	卖盘
13:35:05	6.2	--	81	50220	买盘
13:35:01	6.2	--	278	172360	买盘
13:34:50	6.2	--	3	1860	买盘
13:34:46	6.2	--	18	11160	买盘
13:34:41	6.2	--	245	151900	买盘
13:34:35	6.2	--	44	27280	买盘
13:34:31	6.2	--	51	31620	买盘
13:34:26	6.2	--	40	24800	买盘
13:34:20	6.2	0.01	5	3100	买盘
13:34:16	6.19	0.01	20	12380	卖盘
13:34:11	6.18	--	1	618	卖盘
13:34:05	6.18	-0.02	311	192198	卖盘
13:34:01	6.2	0.01	700	434000	买盘
13:33:56	6.19	--	58	35902	买盘
13:33:50	6.19	0.01	835	516865	买盘
13:33:35	6.18	--	50	30900	卖盘
13:33:26	6.18	--	261	161798	买盘
13:33:20	6.18	--	42	25956	买盘
13:33:15	6.18	--	30	18540	买盘
13:33:11	6.18	--	110	67980	买盘
13:33:05	6.18	--	2	1236	买盘
13:33:00	6.18	0.01	90	55620	买盘
13:32:56	6.17	-0.01	50	30850	卖盘
13:32:50	6.18	--	5	3090	买盘
13:32:45	6.18	--	254	156972	买盘
13:32:25	6.18	0.01	57	35226	买盘
13:32:20	6.17	-0.01	10	6170	卖盘
13:32:15	6.18	--	1	618	买盘
13:32:11	6.18	--	10	6180	买盘
13:32:00	6.18	--	73	45114	买盘
13:31:50	6.18	--	5	3090	买盘
13:31:45	6.18	0.02	1006	621708	买盘
13:31:15	6.16	-0.02	3	1848	卖盘
13:31:05	6.18	--	469	289842	买盘
13:31:00	6.18	--	3	1854	买盘
13:30:50	6.18	0.01	101	62418	买盘
13:30:45	6.17	--	5	3085	卖盘
13:30:35	6.17	--	64	39488	买盘
13:30:26	6.17	--	218	134506	买盘
13:30:15	6.17	0.01	88	54296	买盘
13:30:05	6.16	-0.01	1	616	卖盘
13:29:50	6.17	0.01	20	12340	买盘
13:29:30	6.16	-0.01	11	6776	卖盘
13:29:25	6.17	0.01	70	43190	买盘
13:29:00	6.16	--	100	61600	卖盘
13:28:35	6.16	--	11	6776	卖盘
13:28:30	6.16	--	4	2464	卖盘
13:27:59	6.16	--	28	17248	卖盘
13:27:20	6.16	-0.01	16	9856	卖盘
13:27:14	6.17	0.01	10	6170	买盘
13:27:05	6.16	-0.01	80	49280	卖盘
13:26:55	6.17	0.01	36	22212	买盘
13:26:20	6.16	--	18	11088	买盘
13:25:59	6.16	0.01	12	7392	卖盘
13:25:39	6.15	--	0	0	卖盘
13:25:20	6.15	-0.01	200	123000	卖盘
13:24:59	6.16	-0.01	111	68376	卖盘
13:24:39	6.17	--	20	12340	买盘
13:24:35	6.17	0.01	1	617	买盘
13:24:24	6.16	-0.01	470	289520	卖盘
13:24:19	6.17	--	519	320223	买盘
13:23:59	6.17	0.01	17	10489	买盘
13:23:54	6.16	-0.01	197	121352	卖盘
13:23:29	6.17	0.01	2	1234	买盘
13:23:19	6.16	--	100	61600	卖盘
13:23:09	6.16	--	50	30800	卖盘
13:22:59	6.16	-0.01	8	4928	卖盘
13:22:54	6.17	0.01	34	20978	买盘
13:22:49	6.16	-0.01	51	31416	卖盘
13:22:29	6.17	0.01	1	617	买盘
13:22:19	6.16	-0.01	11	6776	卖盘
13:22:14	6.17	--	10	6170	买盘
13:22:04	6.17	--	114	70338	买盘
13:21:59	6.17	--	6	3702	买盘
13:21:54	6.17	--	7	4319	买盘
13:21:29	6.17	--	110	67870	买盘
13:21:08	6.17	0.01	7	4319	买盘
13:20:59	6.16	-0.01	5	3080	卖盘
13:20:38	6.17	--	489	301713	买盘
13:20:29	6.17	--	4	2468	买盘
13:20:14	6.17	--	15	9255	卖盘
13:20:04	6.17	--	10	6170	买盘
13:19:59	6.17	--	116	71572	卖盘
13:19:49	6.17	-0.01	8	4936	卖盘
13:19:44	6.18	0.01	2	1236	买盘
13:19:23	6.17	--	9	5553	卖盘
13:19:18	6.17	--	17	10489	卖盘
13:19:14	6.17	--	7	4319	卖盘
13:19:03	6.17	0.01	37	22829	买盘
13:18:43	6.16	--	7	4312	卖盘
13:18:33	6.16	-0.01	9	5544	卖盘
13:18:23	6.17	0.01	113	69721	买盘
13:18:18	6.16	-0.01	10	6160	卖盘
13:17:53	6.17	--	8	4936	买盘
13:17:48	6.17	--	197	121549	买盘
13:17:18	6.17	0.01	114	70338	买盘
13:17:08	6.16	-0.01	25	15400	卖盘
13:16:48	6.17	--	269	165973	买盘
13:16:43	6.17	0.01	1	617	买盘
13:16:38	6.16	-0.01	7	4312	卖盘
13:16:23	6.17	--	4	2468	买盘
13:16:18	6.17	--	12	7404	买盘
13:15:53	6.17	0.01	231	142527	买盘
13:15:48	6.16	-0.01	119	73304	卖盘
13:15:38	6.17	--	15	9255	买盘
13:15:03	6.17	--	4	2468	买盘
13:14:48	6.17	--	15	9255	买盘
13:14:28	6.17	--	21	12957	买盘
13:14:13	6.17	0.01	120	74040	买盘
13:14:02	6.16	--	0	0	中性盘
13:13:53	6.16	0.01	1748	1076768	买盘
13:13:02	6.15	--	36	22152	买盘
13:12:53	6.15	0.01	2	1230	买盘
13:12:47	6.14	-0.01	52	31928	卖盘
13:12:17	6.15	0.01	5	3075	买盘
13:12:12	6.14	--	15	9210	卖盘
13:12:08	6.14	--	55	33770	卖盘
13:12:02	6.14	-0.01	3	1842	卖盘
13:11:52	6.15	--	35	21525	买盘
13:11:42	6.15	--	10	6150	买盘
13:11:32	6.15	--	34	20910	买盘
13:11:27	6.15	--	78	48572	卖盘
13:11:02	6.15	--	30	18450	卖盘
13:10:42	6.15	--	1	615	卖盘
13:09:57	6.15	0.01	0	12	买盘
13:08:42	6.14	--	60	36840	卖盘
13:08:37	6.14	--	17	10438	卖盘
13:07:56	6.14	-0.01	1	614	卖盘
13:07:41	6.15	--	20	12300	买盘
13:07:37	6.15	--	5	3075	买盘
13:07:32	6.15	--	32	19680	买盘
13:07:26	6.15	--	13	7995	买盘
13:07:02	6.15	--	10	6150	买盘
13:06:52	6.15	--	10	6150	买盘
13:06:41	6.15	--	4	2460	买盘
13:06:17	6.15	--	5	3075	买盘
13:06:11	6.15	--	3	1845	买盘
13:06:02	6.15	--	15	9225	买盘
13:05:56	6.15	--	30	18450	买盘
13:05:51	6.15	--	23	14747	卖盘
13:05:32	6.15	--	1	615	卖盘
13:05:11	6.15	--	39	23985	卖盘
13:04:21	6.15	--	9	5535	卖盘
13:03:41	6.15	-0.01	8	4920	卖盘
13:02:11	6.16	0.01	1	616	买盘
13:01:56	6.15	--	35	21525	卖盘
13:01:21	6.15	-0.01	20	12300	卖盘
13:00:41	6.16	0.01	1	616	买盘
13:00:26	6.15	--	8	4920	卖盘
13:00:16	6.15	--	70	43050	卖盘
13:00:11	6.15	--	40	24600	卖盘
13:00:05	6.15	--	715	439737	卖盘
11:30:00	6.15	--	0	0	卖盘
11:30:00	6.15	--	0	0	卖盘
11:29:46	6.15	--	8	4920	卖盘
11:29:27	6.15	--	5	3075	卖盘
11:29:16	6.15	-0.01	198	121770	卖盘
11:28:37	6.16	0.01	30	18480	买盘
11:28:31	6.15	--	4	2460	卖盘
11:28:22	6.15	--	30	18450	卖盘
11:28:01	6.15	--	500	307500	卖盘
11:27:40	6.15	--	130	79950	卖盘
11:27:25	6.15	--	93	57195	买盘
11:27:10	6.15	0.01	3	1845	买盘
11:27:07	6.14	-0.01	10	6140	卖盘
11:27:01	6.15	--	110	67650	买盘
11:26:55	6.15	--	1	615	买盘
11:26:40	6.15	--	9	5535	买盘
11:26:37	6.15	--	10	6150	买盘
11:26:31	6.15	--	2	1230	买盘
11:26:25	6.15	0.01	149	91635	买盘
11:26:16	6.14	--	1	614	卖盘
11:26:07	6.14	--	10	6140	卖盘
11:25:40	6.14	--	34	20974	买盘
11:25:36	6.14	--	10	6140	买盘
11:25:31	6.14	--	10	6140	买盘
11:25:16	6.14	--	33	20262	买盘
11:25:10	6.14	--	146	89644	买盘
11:24:55	6.14	--	6	3684	买盘
11:24:46	6.14	--	6	3684	买盘
11:24:40	6.14	--	20	12280	买盘
11:24:31	6.14	--	96	59459	卖盘
11:24:10	6.14	--	52	32026	买盘
11:24:06	6.14	--	5	3070	买盘
11:24:01	6.14	--	3	1842	买盘
11:23:55	6.14	--	3	1842	买盘
11:23:51	6.14	--	51	31314	买盘
11:23:46	6.14	--	179	109906	买盘
11:23:40	6.14	--	24	14736	买盘
11:23:31	6.14	--	1	614	买盘
11:23:25	6.14	--	8	4912	买盘
11:23:21	6.14	0.01	104	63856	买盘
11:23:10	6.13	--	3	1839	卖盘
11:23:06	6.13	-0.01	9	5517	卖盘
11:23:01	6.14	--	1	614	买盘
11:22:51	6.14	0.01	12	7368	买盘
11:22:46	6.13	-0.01	13	7969	卖盘
11:22:40	6.14	--	5	3070	买盘
11:22:36	6.14	--	13	7982	买盘
11:22:31	6.14	0.01	64	39296	买盘
11:22:25	6.13	-0.01	30	18390	卖盘
11:22:21	6.14	--	3	1842	买盘
11:22:16	6.14	--	100	61400	买盘
11:22:10	6.14	--	1	614	买盘
11:22:06	6.14	--	59	36226	买盘
11:22:01	6.14	0.01	42	25788	买盘
11:21:55	6.13	-0.01	115	70495	卖盘
11:21:51	6.14	--	1	614	买盘
11:21:40	6.14	--	2	1228	买盘
11:21:36	6.14	--	31	19034	买盘
11:21:31	6.14	--	1	614	买盘
11:21:19	6.14	--	2	1228	买盘
11:21:10	6.14	--	20	12795	卖盘
11:21:04	6.14	-0.01	107	65698	卖盘
11:21:01	6.15	0.01	1	615	买盘
11:20:55	6.14	-0.01	10	6140	卖盘
11:20:49	6.15	0.01	2	1230	买盘
11:20:45	6.14	-0.01	200	122800	卖盘
11:20:40	6.15	--	84	51660	买盘
11:20:34	6.15	--	94	57810	买盘
11:20:30	6.15	--	1	615	买盘
11:20:25	6.15	--	6	3690	买盘
11:20:19	6.15	--	2	1230	买盘
11:20:10	6.15	--	1	615	买盘
11:20:04	6.15	0.01	100	61500	买盘
11:19:55	6.14	--	10	6140	卖盘
11:19:49	6.14	--	52	32026	买盘
11:19:40	6.14	--	1	614	买盘
11:19:34	6.14	--	40	24560	买盘
11:19:30	6.14	--	2	1228	买盘
11:19:19	6.14	--	1	614	买盘
11:19:10	6.14	--	2	1228	买盘
11:19:04	6.14	0.01	48	29472	买盘
11:19:00	6.13	-0.01	13	7969	卖盘
11:18:49	6.14	0.01	41	25174	买盘
11:18:45	6.13	-0.01	28	17164	卖盘
11:18:40	6.14	--	24	14736	买盘
11:18:30	6.14	0.01	1	614	买盘
11:18:25	6.13	-0.01	400	245200	卖盘
11:18:19	6.14	--	2	1228	买盘
11:18:10	6.14	--	10	6140	买盘
11:18:00	6.14	--	2	1228	买盘
11:17:49	6.14	--	1	614	买盘
11:17:45	6.14	-0.01	245	150945	卖盘
11:17:40	6.15	--	3	1845	买盘
11:17:30	6.15	--	2	1230	买盘
11:17:19	6.15	--	1	615	买盘
11:17:10	6.15	0.01	2	1230	买盘
11:17:04	6.14	-0.01	30	18518	卖盘
11:17:00	6.15	--	1	615	买盘
11:16:49	6.15	--	1	615	买盘
11:16:40	6.15	--	2	1230	买盘
11:16:30	6.15	--	1	615	买盘
11:16:19	6.15	--	2	1230	买盘
11:16:10	6.15	--	1	615	买盘
11:16:04	6.15	--	51	31365	买盘
11:16:00	6.15	0.01	1	615	买盘
11:15:49	6.14	-0.01	6	3684	卖盘
11:15:40	6.15	--	1	615	买盘
11:15:34	6.15	--	2	1230	买盘
11:15:30	6.15	0.01	6	3690	买盘
11:15:25	6.14	-0.01	20	12280	卖盘
11:15:19	6.15	--	1	615	买盘
11:15:15	6.15	--	500	307500	买盘
11:15:10	6.15	0.01	1	615	买盘
11:15:04	6.14	-0.01	13	7982	卖盘
11:15:00	6.15	--	2	1230	买盘
11:14:49	6.15	0.01	1	615	买盘
11:14:43	6.14	-0.01	7	4298	卖盘
11:14:40	6.15	--	2	1230	买盘
11:14:28	6.15	--	1	615	买盘
11:14:19	6.15	--	2	1230	买盘
11:14:09	6.15	0.01	1	615	买盘
11:13:58	6.14	-0.01	53	32542	卖盘
11:13:49	6.15	--	2	1230	买盘
11:13:43	6.15	0.01	21	12915	买盘
11:13:39	6.14	-0.01	500	307000	卖盘
11:13:28	6.15	0.01	2	1230	买盘
11:13:19	6.14	-0.01	122	74908	卖盘
11:13:13	6.15	0.01	100	61500	买盘
11:12:58	6.14	--	45	27630	买盘
11:12:49	6.14	--	1	614	买盘
11:12:43	6.14	--	13	7982	买盘
11:12:28	6.14	0.01	3	1842	买盘
11:12:24	6.13	-0.01	3	1839	卖盘
11:12:19	6.14	0.01	1	614	买盘
11:12:13	6.13	-0.01	125	76625	卖盘
11:12:09	6.14	0.01	1	614	买盘
11:12:04	6.13	-0.01	24	14712	卖盘
11:11:58	6.14	0.01	1	614	买盘
11:11:54	6.13	-0.01	4	2452	卖盘
11:11:49	6.14	0.01	5	3070	买盘
11:11:43	6.13	--	30	18390	卖盘
11:11:34	6.13	--	5	3065	卖盘
11:11:28	6.13	--	14	8582	卖盘
11:11:24	6.13	-0.01	250	153250	卖盘
11:11:19	6.14	--	521	319894	买盘
11:11:13	6.14	--	2	1228	买盘
11:11:09	6.14	0.01	1	614	买盘
11:11:04	6.13	--	69	42297	卖盘
11:10:58	6.13	-0.01	15	9195	卖盘
11:10:49	6.14	0.01	1	614	买盘
11:10:43	6.13	-0.01	20	12260	卖盘
11:10:39	6.14	--	2	1228	买盘
11:10:28	6.14	--	2	1228	买盘
11:10:19	6.14	--	1	614	买盘
11:10:13	6.14	-0.01	43	26402	卖盘
11:10:09	6.15	--	11	6765	买盘
11:09:58	6.15	0.01	4	2460	买盘
11:09:54	6.14	-0.01	416	255424	卖盘
11:09:49	6.15	0.01	31	19065	买盘
11:09:43	6.14	-0.01	505	310070	卖盘
11:09:39	6.15	--	104	63960	买盘
11:09:28	6.15	--	89	54735	买盘
11:09:24	6.15	--	2	1230	买盘
11:09:09	6.15	--	1	615	买盘
11:08:58	6.15	--	2	1230	买盘
11:08:54	6.15	--	39	23985	买盘
11:08:49	6.15	--	1	615	买盘
11:08:39	6.15	--	1	615	买盘
11:08:28	6.15	--	46	28290	卖盘
11:08:23	6.15	--	3	1845	卖盘
11:08:19	6.15	--	24	14760	卖盘
11:08:07	6.15	--	95	58425	买盘
11:07:58	6.15	--	1	615	买盘
11:07:52	6.15	--	2	1230	买盘
11:07:37	6.15	--	6	3690	买盘
11:07:28	6.15	0.01	9	5535	买盘
11:07:22	6.14	-0.01	24	14736	卖盘
11:07:07	6.15	--	80	49200	买盘
11:06:58	6.15	--	94	57810	买盘
11:06:52	6.15	0.01	1	615	买盘
11:06:37	6.14	--	73	44822	卖盘
11:06:33	6.14	-0.01	30	18420	卖盘
11:06:28	6.15	0.01	97	59655	买盘
11:06:13	6.14	-0.01	6	3684	卖盘
11:06:07	6.15	--	20	12300	买盘
11:05:58	6.15	0.01	111	68265	买盘
11:05:52	6.14	--	50	30700	卖盘
11:05:48	6.14	-0.01	7	4298	卖盘
11:05:43	6.15	--	15	9225	买盘
11:05:33	6.15	-0.01	63	38745	卖盘
11:05:28	6.16	0.01	156	96096	买盘
11:05:22	6.15	--	39	23985	卖盘
11:05:18	6.15	--	65	39975	卖盘
11:05:13	6.15	--	4	2460	卖盘
11:05:07	6.15	--	0	0	中性盘
11:04:58	6.15	--	100	61500	买盘
11:04:52	6.15	--	28	17220	卖盘
11:04:18	6.15	--	50	30750	买盘
11:04:13	6.15	--	2	1230	买盘
11:04:07	6.15	0.01	90	55350	买盘
11:03:13	6.14	--	6	3684	卖盘
11:03:07	6.14	-0.01	51	31314	卖盘
11:02:48	6.15	--	126	77490	卖盘
11:02:43	6.15	-0.01	37	22755	卖盘
11:02:37	6.16	0.01	90	55440	买盘
11:02:13	6.15	--	500	307500	卖盘
11:02:07	6.15	--	6	3690	卖盘
11:01:47	6.15	--	22	13530	卖盘
11:01:31	6.15	--	6	3690	卖盘
11:01:07	6.15	--	6	3690	卖盘
11:01:01	6.15	--	115	70725	卖盘
11:00:58	6.15	-0.01	30	18450	卖盘
11:00:52	6.16	--	5	3080	买盘
11:00:16	6.16	0.01	20	12320	买盘
11:00:07	6.15	-0.01	18	11070	卖盘
11:00:01	6.16	0.01	20	12320	买盘
10:59:52	6.15	-0.01	14	8610	卖盘
10:59:31	6.16	0.01	13	8008	买盘
10:59:16	6.15	-0.01	78	47970	卖盘
10:59:07	6.16	--	19	11704	买盘
10:59:01	6.16	--	72	44352	买盘
10:58:57	6.16	--	50	30800	买盘
10:58:37	6.16	--	74	45584	买盘
10:58:31	6.16	--	1	616	买盘
10:58:22	6.16	--	52	32032	买盘
10:58:16	6.16	0.01	1	616	买盘
10:58:07	6.15	--	8	4920	卖盘
10:57:57	6.15	-0.01	5	3075	卖盘
10:57:52	6.16	--	104	64064	买盘
10:57:46	6.16	--	21	12936	买盘
10:57:42	6.16	--	58	35728	买盘
10:57:31	6.16	--	12	7392	买盘
10:57:22	6.16	--	101	62216	买盘
10:57:16	6.16	0.01	2	1232	买盘
10:57:12	6.15	-0.01	6	3690	卖盘
10:57:01	6.16	0.01	1	616	买盘
10:56:57	6.15	-0.01	110	67650	卖盘
10:56:46	6.16	--	2	1232	买盘
10:56:42	6.16	--	20	12320	买盘
10:56:31	6.16	--	16	9856	买盘
10:56:27	6.16	--	2	1232	买盘
10:56:16	6.16	0.01	51	31416	买盘
10:56:12	6.15	-0.01	8	4920	卖盘
10:56:01	6.16	--	13	8008	买盘
10:55:57	6.16	--	60	36960	买盘
10:55:46	6.16	--	1	616	买盘
10:55:42	6.16	--	3	1848	买盘
10:55:31	6.16	--	94	57904	买盘
10:55:26	6.16	--	32	19712	买盘
10:55:22	6.16	--	20	12320	买盘
10:55:16	6.16	0.01	1	616	买盘
10:55:12	6.15	--	161	99015	卖盘
10:55:07	6.15	-0.01	19	11685	卖盘
10:55:01	6.16	--	10	6160	买盘
10:54:55	6.16	--	49	30184	买盘
10:54:52	6.16	--	82	50512	买盘
10:54:46	6.16	--	2	1232	买盘
10:54:40	6.16	--	100	61600	买盘
10:54:31	6.16	0.01	11	6776	买盘
10:54:25	6.15	-0.01	6	3690	卖盘
10:54:16	6.16	--	64	39424	买盘
10:54:10	6.16	--	34	20944	买盘
10:54:06	6.16	--	1	616	买盘
10:54:01	6.16	--	1	616	买盘
10:53:55	6.16	--	10	6160	买盘
10:53:51	6.16	--	10	6160	买盘
10:53:46	6.16	--	100	61600	买盘
10:53:40	6.16	0.01	53	32648	买盘
10:53:31	6.15	--	83	51045	买盘
10:53:25	6.15	--	2	1230	买盘
10:53:21	6.15	--	34	20910	买盘
10:53:16	6.15	0.01	1	615	买盘
10:53:06	6.14	--	6	3684	卖盘
10:53:01	6.14	--	119	73066	买盘
10:52:55	6.14	--	204	125256	买盘
10:52:51	6.14	--	2	1228	买盘
10:52:46	6.14	--	191	117274	买盘
10:52:40	6.14	--	502	308228	买盘
10:52:31	6.14	--	74	45436	买盘
10:52:25	6.14	--	34	20876	买盘
10:52:16	6.14	0.01	56	34384	买盘
10:52:10	6.13	-0.01	66	40458	卖盘
10:52:01	6.14	--	44	27016	买盘
10:51:55	6.14	--	35	21490	买盘
10:51:51	6.14	--	3	1842	买盘
10:51:46	6.14	--	45	27630	买盘
10:51:40	6.14	--	2	1228	买盘
10:51:36	6.14	-0.01	315	193410	卖盘
10:51:31	6.15	--	101	62115	买盘
10:51:25	6.15	--	2	1230	买盘
10:51:16	6.15	0.01	1	615	买盘
10:51:06	6.14	-0.01	6	3684	卖盘
10:51:01	6.15	--	30	18450	买盘
10:50:55	6.15	0.01	98	60270	买盘
10:50:46	6.14	-0.01	201	123414	卖盘
10:50:31	6.15	--	17	10455	买盘
10:50:25	6.15	--	1	615	买盘
10:50:16	6.15	--	83	51045	买盘
10:50:10	6.15	--	37	22755	买盘
10:50:06	6.15	--	2	1230	买盘
10:49:55	6.15	--	1	615	买盘
10:49:46	6.15	--	2	1230	买盘
10:49:40	6.15	--	18	11070	买盘
10:49:36	6.15	--	6	3690	买盘
10:49:25	6.15	--	1	615	买盘
10:49:16	6.15	--	2	1230	买盘
10:49:10	6.15	0.01	16	9840	买盘
10:49:06	6.14	-0.01	51	31314	卖盘
10:48:55	6.15	--	2	1230	买盘
10:48:51	6.15	-0.01	470	289050	卖盘
10:48:46	6.16	0.01	1	616	买盘
10:48:25	6.15	--	383	235545	买盘
10:48:16	6.15	--	1	615	买盘
10:48:04	6.15	--	2	1230	买盘
10:47:55	6.15	--	1	615	买盘
10:47:46	6.15	--	1	615	买盘
10:47:34	6.15	0.01	32	19680	买盘
10:47:30	6.14	-0.01	20	12280	卖盘
10:47:25	6.15	0.01	1	615	买盘
10:47:15	6.14	--	45	27630	卖盘
10:47:10	6.14	--	6	3684	卖盘
10:47:04	6.14	--	163	100082	买盘
10:46:55	6.14	0.01	1	614	买盘
10:46:49	6.13	-0.01	35	21455	卖盘
10:46:45	6.14	--	35	21490	买盘
10:46:34	6.14	--	1	614	买盘
10:46:25	6.14	--	5	3070	买盘
10:46:15	6.14	--	20	12280	买盘
10:46:10	6.14	-0.01	70	42980	买盘
10:46:04	6.15	--	828	509220	买盘
10:46:00	6.15	--	100	61500	买盘
10:45:55	6.15	--	2	1230	买盘
10:45:49	6.15	--	9	5535	卖盘
10:45:45	6.15	-0.01	7	4305	卖盘
10:45:40	6.16	--	2	1232	买盘
10:45:34	6.16	--	2	1232	买盘
10:45:30	6.16	--	8	4928	买盘
10:45:25	6.16	--	10	6160	买盘
10:45:19	6.16	--	23	14168	买盘
10:45:10	6.16	--	1	616	买盘
10:45:04	6.16	--	2	1232	买盘
10:44:55	6.16	0.01	1	616	买盘
10:44:40	6.15	--	13	7995	卖盘
10:44:34	6.15	-0.01	111	68265	卖盘
10:44:25	6.16	0.01	1	616	买盘
10:44:04	6.15	0.01	60	36900	买盘
10:43:55	6.14	-0.01	32	19648	卖盘
10:43:49	6.15	--	95	58425	买盘
10:43:40	6.15	--	209	128535	买盘
10:43:34	6.15	--	1	615	买盘
10:43:25	6.15	--	2	1230	买盘
10:43:19	6.15	--	1	615	买盘
10:43:15	6.15	--	2	1230	买盘
10:43:04	6.15	0.01	4	2460	买盘
10:43:00	6.14	-0.01	21	12894	卖盘
10:42:55	6.15	--	1	615	买盘
10:42:49	6.15	--	118	72570	买盘
10:42:45	6.15	--	2	1230	买盘
10:42:34	6.15	--	24	14760	买盘
10:42:30	6.15	--	12	7380	买盘
10:42:25	6.15	--	1	615	买盘
10:42:19	6.15	--	1	615	买盘
10:42:15	6.15	0.01	24	14760	买盘
10:42:10	6.14	-0.01	5	3070	卖盘
10:42:04	6.15	0.01	2	1230	买盘
10:41:55	6.14	-0.01	31	19034	卖盘
10:41:49	6.15	0.01	1	615	买盘
10:41:34	6.14	--	12	7368	买盘
10:41:28	6.14	--	50	30700	买盘
10:41:24	6.14	--	2	1228	买盘
10:41:19	6.14	--	2	1228	买盘
10:41:13	6.14	0.01	152	93328	买盘
10:41:04	6.13	-0.01	11	6743	卖盘
10:40:49	6.14	--	23	14122	卖盘
10:40:39	6.14	0.01	20	12280	买盘
10:40:34	6.13	-0.01	42	25746	卖盘
10:40:19	6.14	--	11	6754	买盘
10:40:13	6.14	--	41	25174	买盘
10:40:04	6.14	0.01	2	1228	买盘
10:39:49	6.13	--	21	12873	卖盘
10:39:43	6.13	-0.02	145	88885	卖盘
10:39:34	6.15	0.01	115	70725	买盘
10:39:28	6.14	0.01	12	7368	买盘
10:39:24	6.13	-0.01	5	3065	卖盘
10:39:19	6.14	--	2	1228	买盘
10:39:13	6.14	0.01	2	1228	买盘
10:39:09	6.13	--	6	3678	卖盘
10:39:04	6.13	-0.01	361	221293	卖盘
10:38:58	6.14	--	30	18420	买盘
10:38:49	6.14	--	2	1228	买盘
10:38:43	6.14	--	1	614	买盘
10:38:34	6.14	-0.01	1	614	买盘
10:38:28	6.15	--	0	0	买盘
10:38:19	6.15	--	12	7380	买盘
10:38:13	6.15	0.03	11	6765	买盘
10:38:04	6.12	--	6	3672	卖盘
10:37:54	6.12	--	180	110160	买盘
10:37:49	6.12	--	1184	724608	买盘
10:37:43	6.12	-0.03	358	219096	卖盘
10:37:39	6.15	0.03	20	12300	买盘
10:37:34	6.12	-0.03	163	99756	卖盘
10:37:28	6.15	--	0	0	买盘
10:37:19	6.15	-0.01	8	4920	中性盘
10:37:13	6.16	0.01	5162	3179792	买盘
10:37:09	6.15	-0.01	6	3690	卖盘
10:36:58	6.16	--	51	31416	买盘
10:36:54	6.16	0.01	1	616	买盘
10:36:43	6.15	--	65	39975	卖盘
10:36:39	6.15	-0.01	14	8610	卖盘
10:36:34	6.16	--	1	616	买盘
10:36:24	6.16	--	2	1232	买盘
10:36:13	6.16	0.01	1	616	买盘
10:36:09	6.15	--	9	5535	卖盘
10:36:04	6.15	-0.01	6	3690	卖盘
10:35:58	6.16	--	6	3696	买盘
10:35:54	6.16	--	2	1232	买盘
10:35:43	6.16	--	53	32648	买盘
10:35:28	6.16	0.01	10	6739	买盘
10:35:22	6.15	--	11	6801	卖盘
10:35:19	6.15	-0.01	69	42435	卖盘
10:35:13	6.16	0.02	23	14747	买盘
10:35:07	6.14	-0.01	25	15350	卖盘
10:35:04	6.15	--	12	7380	买盘
10:34:58	6.15	-0.01	96	59076	卖盘
10:34:52	6.16	0.01	1	616	买盘
10:34:43	6.15	-0.01	24	14760	卖盘
10:34:28	6.16	--	1	616	买盘
10:34:22	6.16	--	1	1133	买盘
10:34:13	6.16	0.01	2	1232	买盘
10:34:07	6.15	-0.01	6	3690	卖盘
10:34:03	6.16	--	1	616	买盘
10:33:52	6.16	--	2	1232	买盘
10:33:43	6.16	--	1	616	买盘
10:33:33	6.16	--	1	616	买盘
10:33:22	6.16	--	68	41888	买盘
10:33:13	6.16	--	1	616	买盘
10:33:03	6.16	0.01	2	1232	买盘
10:32:52	6.15	--	0	0	卖盘
10:32:43	6.15	--	8	4981	买盘
10:32:37	6.15	--	1	615	买盘
10:32:28	6.15	--	2	1230	买盘
10:32:22	6.15	-0.02	489	301288	卖盘
10:32:13	6.17	0.01	2	1234	买盘
10:32:07	6.16	--	6	3696	卖盘
10:32:03	6.16	--	13	8008	卖盘
10:31:52	6.16	--	55	33880	买盘
10:31:43	6.16	0.01	2	1232	买盘
10:31:37	6.15	--	32	19680	卖盘
10:31:28	6.15	-0.01	359	220785	卖盘
10:31:22	6.16	0.01	2	1232	买盘
10:31:13	6.15	--	8	4920	卖盘
10:31:07	6.15	-0.01	10	6150	卖盘
10:31:03	6.16	--	2	1232	买盘
10:30:58	6.16	--	4	2464	买盘
10:30:52	6.16	--	2	1232	买盘
10:30:48	6.16	--	10	6160	买盘
10:30:37	6.16	0.01	1	616	买盘
10:30:33	6.15	-0.01	168	103320	卖盘
10:30:22	6.16	--	1	616	买盘
10:30:13	6.16	--	380	234080	买盘
10:30:07	6.16	--	12	7392	买盘
10:30:03	6.16	--	52	32032	买盘
10:29:52	6.16	0.01	1	616	买盘
10:29:48	6.15	--	53	32595	卖盘
10:29:43	6.15	--	5	3075	卖盘
10:29:37	6.15	--	286	175890	卖盘
10:29:33	6.15	-0.01	116	71340	卖盘
10:29:22	6.16	--	1	616	买盘
10:29:13	6.16	0.01	2	1232	买盘
10:29:07	6.15	-0.01	6	3690	卖盘
10:29:01	6.16	--	8	4928	卖盘
10:28:52	6.16	--	12	7392	卖盘
10:28:43	6.16	--	52	32032	卖盘
10:28:37	6.16	-0.01	32	19712	卖盘
10:28:31	6.17	0.01	104	64168	买盘
10:28:28	6.16	-0.01	50	30800	卖盘
10:28:22	6.17	--	318	196206	买盘
10:28:12	6.17	0.01	1	617	买盘
10:28:07	6.16	-0.01	6	3696	卖盘
10:28:01	6.17	--	7	4319	买盘
10:27:52	6.17	--	1	617	买盘
10:27:42	6.17	--	1	617	买盘
10:27:31	6.17	0.01	22	13574	买盘
10:27:22	6.16	-0.01	1163	716408	卖盘
10:27:16	6.17	--	23	14191	买盘
10:27:12	6.17	0.01	2	1234	买盘
10:27:07	6.16	-0.01	8	4928	卖盘
10:27:01	6.17	--	36	22212	买盘
10:26:52	6.17	--	6	3702	买盘
10:26:46	6.17	-0.01	241	148697	卖盘
10:26:42	6.18	--	17	10506	买盘
10:26:37	6.18	0.01	280	173040	买盘
10:26:31	6.17	--	74	45658	卖盘
10:26:22	6.17	--	10	6170	卖盘
10:26:12	6.17	--	47	28999	买盘
10:26:07	6.17	--	1	617	买盘
10:26:01	6.17	--	600	370200	买盘
10:25:57	6.17	--	7	4319	买盘
10:25:52	6.17	--	12	7404	买盘
10:25:46	6.17	0.01	85	52445	买盘
10:25:42	6.16	-0.01	1	616	卖盘
10:25:27	6.17	0.01	1	617	买盘
10:25:22	6.16	--	35	21560	卖盘
10:25:07	6.16	-0.01	16	9856	卖盘
10:24:46	6.17	0.01	1	617	买盘
10:24:42	6.16	-0.01	10	6160	卖盘
10:24:31	6.17	--	10	6170	买盘
10:24:16	6.17	--	4	2468	买盘
10:24:12	6.17	--	50	30850	买盘
10:24:07	6.17	--	334	206078	买盘
10:23:57	6.17	--	2	1234	买盘
10:23:52	6.17	--	11	6787	买盘
10:23:46	6.17	--	190	117230	买盘
10:23:37	6.17	--	17	10489	买盘
10:23:12	6.17	0.01	20	12340	买盘
10:22:56	6.16	--	0	0	中性盘
10:22:46	6.16	--	19	11704	买盘
10:22:37	6.16	--	14	8624	买盘
10:22:25	6.16	--	75	46200	买盘
10:22:16	6.16	0.01	1000	616000	买盘
10:22:01	6.15	-0.01	6	3690	卖盘
10:21:55	6.16	0.01	5	3080	买盘
10:21:31	6.15	--	1	676	买盘
10:21:25	6.15	--	88	54120	买盘
10:21:16	6.15	-0.01	245	151228	卖盘
10:21:10	6.16	0.01	5	3080	买盘
10:21:06	6.15	--	6	3690	卖盘
10:21:01	6.15	--	307	188805	卖盘
10:20:46	6.15	--	11	6765	卖盘
10:20:25	6.15	-0.01	2	1230	卖盘
10:20:16	6.16	0.01	8	4928	买盘
10:20:06	6.15	--	1	615	卖盘
10:19:55	6.15	--	38	23431	买盘
10:19:40	6.15	--	10	6150	买盘
10:19:31	6.15	--	59	36285	卖盘
10:19:10	6.15	--	10	6150	卖盘
10:19:06	6.15	--	6	3690	卖盘
10:19:01	6.15	--	6	3690	卖盘
10:18:55	6.15	--	66	40590	买盘
10:18:40	6.15	--	17	10455	买盘
10:18:21	6.15	--	30	18450	买盘
10:18:06	6.15	-0.01	3	1845	卖盘
10:18:01	6.16	--	2	1232	买盘
10:17:55	6.16	0.01	5	3080	买盘
10:17:51	6.15	--	572	351780	卖盘
10:17:46	6.15	--	20	12300	卖盘
10:17:40	6.15	0.01	40	24600	卖盘
10:17:21	6.14	--	0	0	卖盘
10:17:10	6.14	-0.01	6	3684	卖盘
10:17:06	6.15	-0.01	6	3690	中性盘
10:16:55	6.16	0.01	27	16632	买盘
10:16:51	6.15	-0.01	29	17835	卖盘
10:16:40	6.16	--	1	616	买盘
10:16:31	6.16	0.01	5	3080	买盘
10:16:25	6.15	--	50	30750	卖盘
10:16:21	6.15	--	29	17835	卖盘
10:16:10	6.15	-0.01	30	18450	卖盘
10:16:04	6.16	0.01	10	6160	买盘
10:15:45	6.15	--	7	4305	卖盘
10:15:40	6.15	--	93	57195	卖盘
10:15:34	6.15	-0.01	20	12300	卖盘
10:15:25	6.16	--	1	616	买盘
10:15:19	6.16	--	10	6160	买盘
10:15:15	6.16	--	3	1848	买盘
10:15:10	6.16	--	6	3696	买盘
10:15:04	6.16	--	3	1848	卖盘
10:15:00	6.16	0.01	999	615384	买盘
10:14:55	6.15	--	41	25215	卖盘
10:14:49	6.15	--	6	3690	卖盘
10:14:45	6.15	--	22	13530	卖盘
10:14:40	6.15	--	41	25215	买盘
10:14:34	6.15	--	4	2460	买盘
10:14:30	6.15	--	10	6150	买盘
10:14:15	6.15	--	96	59040	卖盘
10:14:04	6.15	--	5	3075	卖盘
10:14:00	6.15	--	4	2460	卖盘
10:13:40	6.15	--	0	0	中性盘
10:13:34	6.15	--	10	6150	卖盘
10:13:25	6.15	--	0	0	中性盘
10:13:15	6.15	--	58	35670	卖盘
10:13:10	6.15	--	20	12300	卖盘
10:13:04	6.15	--	12	7380	卖盘
10:12:55	6.15	--	65	39975	买盘
10:12:40	6.15	-0.01	2	1230	买盘
10:12:34	6.16	--	0	0	买盘
10:12:30	6.16	0.01	57	35112	买盘
10:12:25	6.15	--	60	36900	卖盘
10:12:19	6.15	--	60	36900	卖盘
10:12:04	6.15	--	65	39975	买盘
10:12:00	6.15	--	8	4920	买盘
10:11:55	6.15	-0.01	10	6150	卖盘
10:11:45	6.16	0.02	11	6776	买盘
10:11:40	6.14	-0.01	1323	812322	卖盘
10:11:19	6.15	--	0	0	买盘
10:11:04	6.15	--	13	7995	买盘
10:11:00	6.15	--	57	35055	买盘
10:10:49	6.15	--	50	30750	买盘
10:10:45	6.15	0.02	2	1230	买盘
10:10:40	6.13	-0.01	72	44136	卖盘
10:10:30	6.14	0.01	190	116660	买盘
10:10:19	6.13	--	20	12260	卖盘
10:10:15	6.13	--	60	36780	卖盘
10:10:09	6.13	-0.01	6	3678	卖盘
10:10:04	6.14	--	100	61400	买盘
10:09:54	6.14	0.01	15	9210	买盘
10:09:49	6.13	--	27	16551	卖盘
10:09:43	6.13	--	2	1226	卖盘
10:09:25	6.13	--	59	36167	买盘
10:09:09	6.13	--	54	33102	卖盘
10:09:04	6.13	--	70	42910	卖盘
10:08:54	6.13	-0.01	47	28811	卖盘
10:08:49	6.14	--	94	57716	买盘
10:08:43	6.14	0.01	3	1842	买盘
10:08:39	6.13	--	1	613	卖盘
10:08:34	6.13	--	78	47814	卖盘
10:08:28	6.13	--	43	26359	买盘
10:08:24	6.13	-0.01	11	6743	卖盘
10:08:19	6.14	--	87	53418	买盘
10:08:13	6.14	0.01	33	20262	买盘
10:08:09	6.13	0.01	96	58848	买盘
10:08:04	6.12	--	292	178704	买盘
10:07:58	6.12	--	13	7956	买盘
10:07:54	6.12	-0.01	50	30600	卖盘
10:07:49	6.13	0.01	57	34941	买盘
10:07:43	6.12	-0.01	20	12240	卖盘
10:07:39	6.13	--	20	12260	买盘
10:07:34	6.13	0.02	21	12873	中性盘
10:07:28	6.11	-0.02	2879	1759069	卖盘
10:07:19	6.13	--	397	243361	买盘
10:07:13	6.13	0.01	30	18390	买盘
10:07:09	6.12	-0.01	201	123012	卖盘
10:07:04	6.13	--	111	68043	卖盘
10:06:58	6.13	0.01	248	152367	买盘
10:06:54	6.12	--	41	25092	卖盘
10:06:43	6.12	--	426	260712	买盘
10:06:39	6.12	--	16	9792	买盘
10:06:34	6.12	0.01	102	62424	买盘
10:06:28	6.11	-0.01	122	74542	卖盘
10:06:24	6.12	-0.01	1636	1001232	卖盘
10:06:19	6.13	--	24	14712	买盘
10:06:13	6.13	--	67	41071	买盘
10:06:09	6.13	--	95	58504	卖盘
10:06:04	6.13	-0.01	121	74173	卖盘
10:05:58	6.14	0.01	50	30700	买盘
10:05:53	6.13	-0.01	999	612387	卖盘
10:05:49	6.14	--	10	6140	买盘
10:05:43	6.14	--	56	34384	买盘
10:05:34	6.14	--	50	30700	买盘
10:05:28	6.14	--	10	6140	买盘
10:05:24	6.14	--	4	2456	买盘
10:05:19	6.14	--	138	84732	卖盘
10:05:13	6.14	--	139	85346	卖盘
10:05:09	6.14	-0.01	6	3684	卖盘
10:05:04	6.15	0.02	1	615	买盘
10:04:58	6.13	-0.01	180	110340	卖盘
10:04:43	6.14	-0.01	3	1842	卖盘
10:04:39	6.15	0.02	30	18450	买盘
10:04:34	6.13	--	0	0	卖盘
10:04:24	6.13	-0.02	10	6197	卖盘
10:04:13	6.15	0.02	100	61500	买盘
10:04:09	6.13	-0.01	680	416840	卖盘
10:03:58	6.14	0.01	83	50962	买盘
10:03:53	6.13	-0.01	30	18426	卖盘
10:03:49	6.14	0.01	317	194638	买盘
10:03:43	6.13	-0.01	3	1839	卖盘
10:03:37	6.14	--	20	12280	买盘
10:03:28	6.14	0.01	1020	626280	买盘
10:03:22	6.13	-0.01	31	19003	卖盘
10:03:13	6.14	--	320	196719	买盘
10:03:07	6.14	0.01	94	57716	买盘
10:02:58	6.13	-0.01	68	41684	卖盘
10:02:52	6.14	--	109	66926	买盘
10:02:43	6.14	0.01	10	6140	买盘
10:02:37	6.13	-0.01	1926	1180638	卖盘
10:02:22	6.14	--	8	4912	卖盘
10:02:13	6.14	-0.01	94	57716	卖盘
10:02:07	6.15	0.01	434	266910	买盘
10:02:03	6.14	--	26	15964	卖盘
10:01:58	6.14	--	47	28858	买盘
10:01:52	6.14	0.01	90	55260	买盘
10:01:43	6.13	-0.01	11	6743	卖盘
10:01:37	6.14	0.01	29	17806	买盘
10:01:33	6.13	-0.01	25	15325	卖盘
10:01:28	6.14	0.01	89	54646	买盘
10:01:18	6.13	--	89	54557	买盘
10:01:13	6.13	--	15	9195	买盘
10:01:07	6.13	--	418	256234	卖盘
10:00:58	6.13	-0.01	1100	674300	卖盘
10:00:52	6.14	0.01	141	86574	买盘
10:00:48	6.13	-0.01	32	19616	卖盘
10:00:43	6.14	0.01	10	6140	买盘
10:00:37	6.13	--	102	62526	卖盘
10:00:33	6.13	-0.01	55	33715	卖盘
10:00:28	6.14	--	114	69996	买盘
10:00:22	6.14	--	100	61400	买盘
10:00:18	6.14	-0.01	14	8596	卖盘
10:00:13	6.15	0.01	125	76875	买盘
10:00:07	6.14	--	408	250512	卖盘
10:00:03	6.14	--	11	6754	卖盘
09:59:58	6.14	-0.01	21	12894	卖盘
09:59:52	6.15	0.01	586	360390	买盘
09:59:43	6.14	-0.01	50	30700	卖盘
09:59:37	6.15	0.01	130	79950	买盘
09:59:33	6.14	-0.01	10	6140	卖盘
09:59:28	6.15	--	20	12300	卖盘
09:59:22	6.15	--	20	12300	卖盘
09:59:13	6.15	--	0	0	买盘
09:59:07	6.15	--	1724	1060260	卖盘
09:58:57	6.15	-0.01	38	23370	卖盘
09:58:48	6.16	--	30	18480	买盘
09:58:33	6.16	--	4	2464	买盘
09:58:28	6.16	--	6	3696	买盘
09:58:07	6.16	--	228	140448	买盘
09:58:02	6.16	0.01	431	265496	买盘
09:57:58	6.15	--	31	19065	卖盘
09:57:52	6.15	--	10	6150	卖盘
09:57:48	6.15	-0.01	21	12915	卖盘
09:57:42	6.16	--	20	12320	买盘
09:57:37	6.16	0.01	4	2464	买盘
09:57:31	6.15	--	44	27060	卖盘
09:57:27	6.15	-0.01	1	615	卖盘
09:57:22	6.16	--	5	3080	买盘
09:57:16	6.16	--	30	18480	买盘
09:57:12	6.16	--	12	7392	买盘
09:57:07	6.16	0.01	20	12320	买盘
09:57:01	6.15	-0.01	72	44280	卖盘
09:56:52	6.16	--	18	11088	买盘
09:56:46	6.16	--	28	17248	买盘
09:56:37	6.16	--	72	44352	买盘
09:56:31	6.16	0.01	100	61600	买盘
09:56:22	6.15	--	14	8610	卖盘
09:56:16	6.15	--	198	121770	卖盘
09:56:07	6.15	--	33	20295	卖盘
09:56:01	6.15	--	6	3690	卖盘
09:55:52	6.15	--	76	46740	卖盘
09:55:46	6.15	--	240	147600	买盘
09:55:37	6.15	--	20	12300	买盘
09:55:31	6.15	--	10	6150	买盘
09:55:27	6.15	0.01	15	9225	买盘
09:55:22	6.14	-0.01	54	33156	卖盘
09:55:16	6.15	--	1	615	买盘
09:55:12	6.15	--	49	30135	买盘
09:55:07	6.15	--	18	11070	买盘
09:54:57	6.15	--	10	6150	买盘
09:54:46	6.15	--	100	61500	买盘
09:54:42	6.15	--	55	33825	买盘
09:54:37	6.15	--	25	15375	买盘
09:54:31	6.15	--	100	61500	买盘
09:54:22	6.15	--	143	87945	卖盘
09:54:16	6.15	--	167	102705	卖盘
09:54:07	6.15	--	358	220170	买盘
09:54:01	6.15	--	105	64575	买盘
09:53:46	6.15	--	37	22755	卖盘
09:53:42	6.15	--	3	1845	买盘
09:53:37	6.15	--	83	51420	卖盘
09:53:22	6.15	--	218	134070	卖盘
09:53:12	6.15	--	60	36900	卖盘
09:53:07	6.15	--	104	63960	卖盘
09:53:01	6.15	--	356	219179	卖盘
09:52:57	6.15	--	47	28905	卖盘
09:52:52	6.15	--	183	112545	卖盘
09:52:42	6.15	-0.01	228	140220	卖盘
09:52:37	6.16	0.01	6	3696	买盘
09:52:31	6.15	--	100	61500	卖盘
09:52:27	6.15	--	86	52890	卖盘
09:52:16	6.15	0.01	787	484005	买盘
09:52:12	6.14	-0.01	563	345682	卖盘
09:52:07	6.15	0.01	46	28290	买盘
09:52:01	6.14	-0.01	5	3070	卖盘
09:51:52	6.15	--	124	76260	买盘
09:51:46	6.15	--	240	147600	卖盘
09:51:42	6.15	--	57	35055	卖盘
09:51:37	6.15	--	26	15990	卖盘
09:51:31	6.15	--	249	153135	卖盘
09:51:26	6.15	--	190	116850	卖盘
09:51:21	6.15	-0.01	18	11070	卖盘
09:51:16	6.16	0.01	11	6776	买盘
09:51:10	6.15	--	528	324720	卖盘
09:51:01	6.15	-0.01	95	58425	卖盘
09:50:56	6.16	--	218	134288	买盘
09:50:46	6.16	--	10	6160	买盘
09:50:40	6.16	--	500	308000	买盘
09:50:36	6.16	--	2	1232	买盘
09:50:31	6.16	--	413	254408	卖盘
09:50:25	6.16	-0.01	118	72688	卖盘
09:50:01	6.17	--	77	47509	买盘
09:49:55	6.17	--	140	86380	卖盘
09:49:51	6.17	--	31	19127	卖盘
09:49:46	6.17	0.01	136	83912	买盘
09:49:40	6.16	0.01	112	68992	卖盘
09:49:31	6.15	--	0	0	卖盘
09:49:25	6.15	--	0	0	卖盘
09:49:21	6.15	-0.01	3800	2337000	卖盘
09:49:16	6.16	-0.02	5	3080	卖盘
09:49:10	6.18	0.01	18	11124	买盘
09:49:06	6.17	0.01	8	4936	买盘
09:49:01	6.16	-0.01	114	70224	卖盘
09:48:55	6.17	--	58	35786	买盘
09:48:46	6.17	-0.02	82	50594	中性盘
09:48:40	6.19	0.02	843	522306	买盘
09:48:36	6.17	--	1	617	卖盘
09:48:31	6.17	--	291	179547	卖盘
09:48:25	6.17	--	50	30850	卖盘
09:48:16	6.17	--	35	21595	卖盘
09:48:10	6.17	--	100	61829	买盘
09:48:06	6.17	-0.01	242	149801	卖盘
09:48:01	6.18	--	10	6180	买盘
09:47:46	6.18	0.01	51	31518	买盘
09:47:40	6.17	--	37	22958	卖盘
09:47:31	6.17	-0.01	3	1851	卖盘
09:47:25	6.18	0.01	49	30282	买盘
09:47:16	6.17	--	148	91316	卖盘
09:47:10	6.17	--	31	19127	卖盘
09:47:06	6.17	-0.01	125	77125	卖盘
09:47:00	6.18	0.01	151	93318	买盘
09:46:55	6.17	-0.01	100	61700	卖盘
09:46:51	6.18	--	50	30900	买盘
09:46:46	6.18	0.01	50	30900	买盘
09:46:40	6.17	-0.01	119	73423	卖盘
09:46:36	6.18	--	23	14214	买盘
09:46:30	6.18	0.01	13	8034	买盘
09:46:25	6.17	-0.01	12	7404	卖盘
09:46:21	6.18	--	20	12360	买盘
09:46:06	6.18	0.01	4	2472	买盘
09:45:55	6.17	-0.01	4	2468	卖盘
09:45:40	6.18	--	3	1854	买盘
09:45:36	6.18	0.01	19	11742	买盘
09:45:30	6.17	-0.01	136	83912	卖盘
09:45:20	6.18	--	2	1236	买盘
09:45:10	6.18	--	14	8652	卖盘
09:45:06	6.18	0.01	67	41406	买盘
09:44:49	6.17	-0.01	82	50594	卖盘
09:44:45	6.18	0.01	88	54384	买盘
09:44:40	6.17	--	1	617	卖盘
09:44:34	6.17	--	4	2468	卖盘
09:44:25	6.17	--	10	6170	卖盘
09:44:19	6.17	0.01	45	27765	买盘
09:44:10	6.16	--	150	92400	卖盘
09:44:04	6.16	--	15	9240	卖盘
09:44:00	6.16	--	10	6160	卖盘
09:43:49	6.16	--	235	144766	买盘
09:43:45	6.16	0.01	125	77000	买盘
09:43:40	6.15	-0.01	263	161745	卖盘
09:43:34	6.16	--	33	20328	买盘
09:43:30	6.16	--	15	9240	买盘
09:43:25	6.16	--	109	67144	买盘
09:43:19	6.16	--	5	3080	买盘
09:43:15	6.16	0.01	42	25872	买盘
09:43:10	6.15	-0.01	84	51660	卖盘
09:43:04	6.16	--	259	159544	买盘
09:43:00	6.16	--	9	5544	买盘
09:42:55	6.16	--	100	61600	买盘
09:42:49	6.16	--	1037	639401	卖盘
09:42:45	6.16	--	20	12320	卖盘
09:42:40	6.16	--	140	86240	卖盘
09:42:34	6.16	-0.01	57	35112	卖盘
09:42:30	6.17	0.01	30	18510	买盘
09:42:25	6.16	--	284	174944	卖盘
09:42:19	6.16	--	0	0	卖盘
09:42:10	6.16	-0.01	1498	922768	卖盘
09:42:04	6.17	--	4	2468	买盘
09:42:00	6.17	--	1	617	买盘
09:41:55	6.17	0.01	61	37637	买盘
09:41:49	6.16	-0.01	34	20944	卖盘
09:41:45	6.17	0.01	3	1851	买盘
09:41:40	6.16	-0.01	87	53592	卖盘
09:41:30	6.17	-0.01	37	22829	中性盘
09:41:25	6.18	0.01	231	142758	买盘
09:41:19	6.17	--	39	24069	买盘
09:41:15	6.17	--	67	41949	卖盘
09:41:10	6.17	--	108	66636	卖盘
09:41:00	6.17	-0.01	6	3702	卖盘
09:40:55	6.18	0.01	167	103212	买盘
09:40:49	6.17	--	11	6787	买盘
09:40:45	6.17	--	147	91309	卖盘
09:40:39	6.17	--	20	12340	卖盘
09:40:34	6.17	--	700	431900	卖盘
09:40:30	6.17	-0.01	20	12340	卖盘
09:40:19	6.18	--	25	15450	买盘
09:40:15	6.18	0.01	5	3090	中性盘
09:40:04	6.17	-0.02	19	12327	卖盘
09:40:00	6.19	0.01	377	233363	买盘
09:39:49	6.18	0.01	60	37098	买盘
09:39:45	6.17	-0.01	23	14191	卖盘
09:39:40	6.18	0.01	3	1854	买盘
09:39:34	6.17	-0.01	20	12549	卖盘
09:39:29	6.18	--	271	167478	买盘
09:39:25	6.18	0.01	67	41406	买盘
09:39:19	6.17	--	137	84529	卖盘
09:39:14	6.17	-0.01	3	1851	卖盘
09:39:10	6.18	--	68	42024	买盘
09:39:04	6.18	--	1	618	买盘
09:38:54	6.18	--	4	2472	买盘
09:38:49	6.18	--	322	198996	买盘
09:38:44	6.18	--	508	313944	买盘
09:38:34	6.18	--	21	12978	买盘
09:38:28	6.18	--	39	24102	买盘
09:38:19	6.18	--	55	33990	买盘
09:38:13	6.18	--	64	39552	买盘
09:38:09	6.18	-0.01	497	307455	卖盘
09:38:04	6.19	--	16	10213	买盘
09:37:54	6.19	--	592	366448	卖盘
09:37:49	6.19	--	33	20427	卖盘
09:37:39	6.19	-0.01	3	1857	卖盘
09:37:34	6.2	0.02	75	46500	买盘
09:37:28	6.18	-0.01	8	4944	卖盘
09:37:24	6.19	-0.01	1	619	卖盘
09:37:19	6.2	0.01	34	21080	买盘
09:37:13	6.19	-0.01	34	21046	卖盘
09:36:58	6.2	--	0	0	买盘
09:36:49	6.2	0.02	508	314960	买盘
09:36:39	6.18	-0.01	173	106914	卖盘
09:36:34	6.19	-0.01	152	94088	卖盘
09:36:28	6.2	0.02	72	44640	买盘
09:36:24	6.18	--	316	195288	卖盘
09:36:13	6.18	--	99	61182	卖盘
09:36:04	6.18	0.01	173	106914	买盘
09:35:58	6.17	--	40	24680	卖盘
09:35:49	6.17	--	150	92550	卖盘
09:35:43	6.17	--	1033	637361	买盘
09:35:39	6.17	--	186	114762	买盘
09:35:34	6.17	--	112	69104	买盘
09:35:28	6.17	--	112	69104	买盘
09:35:24	6.17	-0.01	170	104890	卖盘
09:35:13	6.18	--	1255	775590	买盘
09:35:09	6.18	0.01	9	5562	买盘
09:35:04	6.17	--	16	9872	卖盘
09:34:58	6.17	0.01	43	26531	卖盘
09:34:49	6.16	--	60	36960	卖盘
09:34:43	6.16	-0.01	625	385000	卖盘
09:34:39	6.17	--	76	46892	买盘
09:34:34	6.17	-0.01	22	13574	买盘
09:34:28	6.18	-0.01	82	50676	卖盘
09:34:24	6.19	--	875	541625	买盘
09:34:09	6.19	--	12	7428	买盘
09:34:03	6.19	-0.01	50	30950	中性盘
09:33:58	6.2	--	61	37820	卖盘
09:33:54	6.2	0.01	2666	1652920	买盘
09:33:48	6.19	-0.01	17	10523	卖盘
09:33:43	6.2	0.01	40	24800	买盘
09:33:33	6.19	--	50	30950	买盘
09:33:23	6.19	--	50	30950	买盘
09:33:18	6.19	0.01	7	4333	买盘
09:33:13	6.18	-0.01	34	21012	卖盘
09:33:09	6.19	0.01	111	68709	卖盘
09:33:03	6.18	-0.01	100	61800	卖盘
09:32:58	6.19	0.04	10	6190	卖盘
09:32:53	6.15	-0.03	4481	2755815	卖盘
09:32:38	6.18	--	0	0	卖盘
09:32:28	6.18	--	13	8034	卖盘
09:32:23	6.18	-0.03	196	121128	卖盘
09:32:18	6.21	--	5	3105	买盘
09:32:13	6.21	--	0	0	买盘
09:32:07	6.21	0.01	78	48438	买盘
09:32:03	6.2	-0.01	64	39680	卖盘
09:31:58	6.21	--	38	23598	买盘
09:31:52	6.21	--	10	6210	买盘
09:31:48	6.21	0.01	81	50301	买盘
09:31:43	6.2	-0.01	6	3720	卖盘
09:31:37	6.21	--	68	42228	卖盘
09:31:22	6.21	--	55	34155	买盘
09:31:18	6.21	0.02	10	6210	买盘
09:31:13	6.19	-0.02	257	159083	卖盘
09:31:07	6.21	0.01	59	36639	买盘
09:30:58	6.2	--	26	16120	买盘
09:30:52	6.2	--	47	29140	买盘
09:30:48	6.2	0.01	1	620	买盘
09:30:43	6.19	-0.01	39	24141	卖盘
09:30:37	6.2	--	97	60140	卖盘
09:30:33	6.2	-0.02	45	27900	卖盘
09:30:28	6.22	0.03	122	75884	买盘
09:30:22	6.19	-0.03	568	351592	卖盘
09:30:18	6.22	0.02	399	248178	买盘
09:30:13	6.2	--	86	53320	买盘
09:30:07	6.2	-0.02	1462	906440	中性盘
09:30:03	6.22	0.02	1167	725874	买盘
09:28:47	6.2	--	0	0	卖盘
09:25:06	6.2	6.2	1209	749580	买盘
