成交时间	成交价	价格变动	成交量(手)	成交额(元)	性质
15:00:00	4.27	--	0	0	卖盘
15:00:00	4.27	--	0	0	卖盘
15:00:00	4.27	--	1	426	卖盘
14:59:58	4.27	0.01	246	105041	买盘
14:59:52	4.26	-0.01	876	373176	卖盘
14:59:48	4.27	--	16	6831	买盘
14:59:43	4.27	--	4	1707	买盘
14:59:37	4.27	--	569	242962	买盘
14:59:33	4.27	--	111	47396	买盘
14:59:28	4.27	--	44	18787	买盘
14:59:22	4.27	--	513	219050	买盘
14:59:18	4.27	--	100	42699	买盘
14:59:13	4.27	0.01	103	43980	买盘
14:59:07	4.26	-0.01	103	43878	卖盘
14:59:03	4.27	--	13	5550	买盘
14:58:58	4.27	--	64	27327	买盘
14:58:52	4.27	0.01	13	5550	买盘
14:58:48	4.26	--	178	75828	卖盘
14:58:43	4.26	-0.01	190	80940	卖盘
14:58:37	4.27	0.01	409	174642	买盘
14:58:33	4.26	-0.01	90	38340	卖盘
14:58:28	4.27	0.01	68	29035	买盘
14:58:22	4.26	--	204	86904	卖盘
14:58:13	4.26	-0.01	265	112890	卖盘
14:58:07	4.27	--	12	5123	买盘
14:57:58	4.27	0.01	74	31597	买盘
14:57:52	4.26	-0.01	99	42174	卖盘
14:57:48	4.27	--	92	39283	买盘
14:57:43	4.27	0.01	49	20922	买盘
14:57:37	4.26	--	157	66882	卖盘
14:57:33	4.26	--	24	10224	卖盘
14:57:28	4.26	-0.01	21	8946	卖盘
14:57:22	4.27	--	89	38002	买盘
14:57:18	4.27	--	92	39283	买盘
14:57:13	4.27	0.01	3	1280	买盘
14:57:07	4.26	--	25	10650	卖盘
14:57:02	4.26	-0.01	4	1704	卖盘
14:56:58	4.27	0.01	10	4270	买盘
14:56:52	4.26	--	359	152934	卖盘
14:56:48	4.26	--	100	42600	卖盘
14:56:43	4.26	-0.01	9	3834	卖盘
14:56:37	4.27	--	100	42699	买盘
14:56:28	4.27	--	102	43553	买盘
14:56:22	4.27	0.01	838	357825	买盘
14:56:18	4.26	-0.01	103	43878	卖盘
14:56:13	4.27	0.01	54	23057	买盘
14:56:07	4.26	-0.01	53	22578	卖盘
14:56:03	4.27	--	141	60206	买盘
14:55:42	4.27	--	1	426	买盘
14:55:37	4.27	--	16	6831	买盘
14:55:32	4.27	0.01	32	13663	买盘
14:55:27	4.26	--	50	21300	卖盘
14:55:22	4.26	--	90	38340	卖盘
14:55:18	4.26	--	252	107352	卖盘
14:55:12	4.26	--	3	1278	卖盘
14:55:07	4.26	-0.01	70	29820	卖盘
14:55:02	4.27	0.01	10	4270	买盘
14:54:57	4.26	-0.01	110	46860	卖盘
14:54:52	4.27	--	13	5550	买盘
14:54:48	4.27	--	927	395828	买盘
14:54:37	4.27	0.01	158	67466	买盘
14:54:31	4.26	-0.01	908	386808	卖盘
14:54:27	4.27	0.01	2	853	买盘
14:54:22	4.26	--	63	26838	卖盘
14:54:16	4.26	--	16	6816	卖盘
14:54:07	4.26	--	2	852	卖盘
14:54:01	4.26	--	470	200220	卖盘
14:53:57	4.26	--	20	8520	卖盘
14:53:52	4.26	0.01	2313	985338	买盘
14:53:37	4.25	-0.01	1177	500225	卖盘
14:53:31	4.26	--	32	13632	买盘
14:53:27	4.26	--	109	46434	买盘
14:53:22	4.26	0.01	468	199368	买盘
14:53:16	4.25	-0.01	612	260100	卖盘
14:53:12	4.26	0.01	19	8094	买盘
14:53:07	4.25	-0.01	25	10625	卖盘
14:53:01	4.26	0.01	10	4260	买盘
14:52:52	4.25	-0.01	100	42500	卖盘
14:52:46	4.26	--	61	25986	买盘
14:52:42	4.26	0.01	47	20022	买盘
14:52:37	4.25	-0.01	1	425	卖盘
14:52:27	4.26	--	304	129504	买盘
14:52:22	4.26	--	97	41322	买盘
14:52:16	4.26	--	98	41748	买盘
14:52:12	4.26	--	8	3408	买盘
14:52:07	4.26	--	39	16614	买盘
14:52:01	4.26	0.01	301	128226	买盘
14:51:57	4.25	-0.01	15	6375	卖盘
14:51:52	4.26	--	119	50694	买盘
14:51:46	4.26	--	96	40896	买盘
14:51:42	4.26	--	400	170400	买盘
14:51:37	4.26	--	18	7668	买盘
14:51:31	4.26	0.01	114	48764	买盘
14:51:22	4.25	--	20	8500	卖盘
14:51:16	4.25	-0.01	5	2125	卖盘
14:51:11	4.26	0.01	100	42600	买盘
14:51:07	4.25	--	55	23375	卖盘
14:50:52	4.25	--	581	247248	买盘
14:50:46	4.25	--	494	209950	买盘
14:50:41	4.25	--	260	110500	买盘
14:50:37	4.25	--	43	18275	买盘
14:50:31	4.25	--	1174	498950	买盘
14:50:27	4.25	--	3	1275	买盘
14:50:22	4.25	--	200	85000	买盘
14:50:16	4.25	--	1013	430525	买盘
14:50:11	4.25	--	169	71825	买盘
14:50:07	4.25	--	140	59500	买盘
14:50:01	4.25	-0.01	6024	2560527	卖盘
14:49:56	4.26	--	389	165714	卖盘
14:49:52	4.26	-0.01	214	91164	卖盘
14:49:46	4.27	0.01	280	119559	买盘
14:49:37	4.26	--	13	5538	卖盘
14:49:27	4.26	-0.01	18	7668	卖盘
14:49:22	4.27	0.01	10	4270	买盘
14:49:16	4.26	-0.01	10	4260	卖盘
14:49:11	4.27	--	5	2135	买盘
14:49:07	4.27	--	15	6404	买盘
14:49:01	4.27	--	36	15371	买盘
14:48:31	4.27	--	72	30743	买盘
14:48:26	4.27	0.01	7	2988	买盘
14:48:21	4.26	-0.01	74	31524	卖盘
14:48:16	4.27	--	107	45688	买盘
14:48:01	4.27	--	6	2561	买盘
14:47:56	4.27	--	60	25619	买盘
14:47:46	4.27	--	69	29462	买盘
14:47:25	4.27	0.01	25	10674	买盘
14:47:21	4.26	--	310	132060	卖盘
14:47:16	4.26	-0.01	209	89034	卖盘
14:46:55	4.27	0.01	4	1707	买盘
14:46:51	4.26	-0.01	1	426	卖盘
14:46:46	4.27	--	20	8540	买盘
14:46:40	4.27	0.01	148	63195	买盘
14:46:25	4.26	-0.01	22	9372	卖盘
14:46:21	4.27	0.01	100	42699	买盘
14:46:16	4.26	--	201	85626	卖盘
14:46:10	4.26	-0.01	18	7668	卖盘
14:46:06	4.27	0.01	1	426	买盘
14:46:01	4.26	-0.01	6	2556	卖盘
14:45:55	4.27	0.01	80	34160	买盘
14:45:51	4.26	-0.01	140	59640	卖盘
14:45:46	4.27	--	50	21349	买盘
14:45:40	4.27	0.01	401	171226	买盘
14:45:36	4.26	--	1	426	卖盘
14:45:31	4.26	--	1	426	卖盘
14:45:25	4.26	-0.01	42	17892	卖盘
14:45:21	4.27	--	30	12809	买盘
14:44:55	4.27	0.01	10	4270	买盘
14:44:46	4.26	--	77	32802	卖盘
14:44:40	4.26	-0.01	20	8520	卖盘
14:44:31	4.27	0.01	10	4270	买盘
14:44:25	4.26	--	100	42600	卖盘
14:44:20	4.26	-0.01	2	852	卖盘
14:43:55	4.27	0.01	37	15798	买盘
14:43:40	4.26	-0.01	6	2556	卖盘
14:43:31	4.27	0.01	3	1280	买盘
14:43:25	4.26	--	4	1704	卖盘
14:43:16	4.26	--	100	42600	卖盘
14:43:10	4.26	-0.01	3	1278	卖盘
14:42:55	4.27	--	16	6831	买盘
14:42:50	4.27	0.01	117	49958	买盘
14:42:25	4.26	--	22	9372	卖盘
14:42:20	4.26	--	206	87756	卖盘
14:42:16	4.26	-0.01	50	21300	卖盘
14:42:10	4.27	0.01	10	4270	买盘
14:42:05	4.26	-0.01	2	852	卖盘
14:42:01	4.27	0.01	1	426	买盘
14:41:55	4.26	--	1	426	卖盘
14:41:46	4.26	--	25	10650	卖盘
14:41:35	4.26	--	10	4260	卖盘
14:41:25	4.26	-0.01	150	63900	卖盘
14:41:20	4.27	0.01	39	16653	买盘
14:41:15	4.26	--	100	42600	卖盘
14:41:10	4.26	-0.01	201	85626	卖盘
14:41:05	4.27	0.01	10	4270	买盘
14:40:55	4.26	-0.01	26	11076	卖盘
14:40:50	4.27	--	29	12382	买盘
14:40:40	4.27	--	1	426	买盘
14:40:35	4.27	--	30	12809	买盘
14:40:19	4.27	--	111	47396	卖盘
14:40:15	4.27	--	61	26046	卖盘
14:40:10	4.27	--	60	25619	卖盘
14:39:55	4.27	--	54	23057	卖盘
14:39:45	4.27	--	570	243389	卖盘
14:39:34	4.27	--	6	2561	卖盘
14:39:25	4.27	--	50	21349	卖盘
14:39:10	4.27	--	90	38429	卖盘
14:39:00	4.27	--	1189	507702	买盘
14:38:55	4.27	--	3	1280	买盘
14:38:49	4.27	0.01	15	6404	买盘
14:38:45	4.26	--	133	56658	卖盘
14:38:34	4.26	--	56	23856	卖盘
14:38:30	4.26	-0.01	3	1278	卖盘
14:38:25	4.27	0.01	95	40564	买盘
14:38:19	4.26	-0.01	48	20448	卖盘
14:38:10	4.27	0.01	1	426	买盘
14:37:55	4.26	--	21	9043	买盘
14:37:49	4.26	--	10	4260	买盘
14:37:45	4.26	--	10	4260	买盘
14:37:40	4.26	-0.01	637	271362	卖盘
14:37:34	4.27	--	9	3842	买盘
14:37:29	4.27	--	1045	446214	买盘
14:37:19	4.27	0.01	1565	668254	买盘
14:37:14	4.26	--	26	11076	卖盘
14:37:10	4.26	--	103	43878	卖盘
14:37:04	4.26	--	30	12780	卖盘
14:36:59	4.26	--	155	66030	卖盘
14:36:55	4.26	--	105	44730	卖盘
14:36:49	4.26	--	10	4260	卖盘
14:36:44	4.26	--	112	47712	卖盘
14:36:40	4.26	--	5	2130	卖盘
14:36:25	4.26	--	81	34506	卖盘
14:36:19	4.26	--	24	10224	卖盘
14:36:14	4.26	--	40	17040	卖盘
14:36:10	4.26	--	205	87330	买盘
14:36:04	4.26	--	72	30672	买盘
14:35:59	4.26	--	26	11076	买盘
14:35:55	4.26	--	103	43878	买盘
14:35:49	4.26	0.01	20	8520	买盘
14:35:34	4.25	--	204	86700	买盘
14:35:29	4.25	--	34	14450	买盘
14:35:25	4.25	--	405	172125	买盘
14:35:19	4.25	--	3058	1299650	买盘
14:35:14	4.25	--	678	288150	买盘
14:35:10	4.25	--	136	57800	买盘
14:35:04	4.25	--	120	51000	买盘
14:34:55	4.25	0.01	23	9775	买盘
14:34:49	4.24	-0.01	357	151368	卖盘
14:34:44	4.25	--	15	6375	买盘
14:34:40	4.25	-0.01	680	289000	卖盘
14:34:29	4.26	0.01	6522	2778372	买盘
14:34:19	4.25	-0.01	5	2125	卖盘
14:34:14	4.26	0.01	69	29394	买盘
14:34:04	4.25	-0.01	602	255850	卖盘
14:33:54	4.26	--	39	16614	买盘
14:33:49	4.26	--	596	253896	卖盘
14:33:39	4.26	--	3	1278	卖盘
14:33:34	4.26	--	24	10224	买盘
14:33:29	4.26	0.01	732	311832	买盘
14:33:24	4.25	--	900	382500	买盘
14:33:19	4.25	-0.02	3788	1609900	卖盘
14:33:14	4.27	--	3	1280	买盘
14:33:09	4.27	0.01	1	426	买盘
14:32:58	4.26	--	71	30246	卖盘
14:32:49	4.26	--	15	6390	卖盘
14:32:34	4.26	--	612	260712	买盘
14:32:28	4.26	0.01	69	29394	买盘
14:32:24	4.25	-0.01	600	255000	卖盘
14:32:19	4.26	--	2	852	买盘
14:32:13	4.26	--	73	31098	买盘
14:32:09	4.26	--	2	852	买盘
14:32:04	4.26	-0.01	9279	3952854	卖盘
14:31:58	4.27	0.01	256	109311	买盘
14:31:49	4.26	-0.01	101	43026	卖盘
14:31:43	4.27	--	10	4270	买盘
14:31:34	4.27	0.01	822	350993	买盘
14:31:28	4.26	-0.01	32	13632	卖盘
14:31:24	4.27	0.01	1	426	买盘
14:31:19	4.26	-0.01	170	72420	卖盘
14:31:13	4.27	0.01	11	4696	买盘
14:31:04	4.26	--	43	18318	卖盘
14:30:58	4.26	-0.01	50	21300	卖盘
14:30:49	4.27	0.01	20	8540	买盘
14:30:43	4.26	-0.01	20	8520	卖盘
14:30:34	4.27	--	53	22630	买盘
14:30:28	4.27	0.01	31	13236	买盘
14:30:19	4.26	-0.01	10	4260	卖盘
14:30:13	4.27	--	2	853	买盘
14:30:08	4.27	--	5	2135	买盘
14:30:04	4.27	0.01	80	34160	买盘
14:29:43	4.26	-0.01	19	8094	卖盘
14:29:38	4.27	--	20	8540	买盘
14:29:34	4.27	--	62	26473	买盘
14:29:28	4.27	--	2	853	买盘
14:29:23	4.27	--	7	2988	买盘
14:29:19	4.27	--	66	28181	买盘
14:29:13	4.27	--	7	2988	买盘
14:29:08	4.27	--	2	853	买盘
14:28:58	4.27	--	15	6404	买盘
14:28:43	4.27	0.01	100	42699	买盘
14:28:34	4.26	--	58	24708	卖盘
14:28:28	4.26	-0.01	5	2130	卖盘
14:28:23	4.27	0.01	884	377467	买盘
14:28:18	4.26	--	35	14910	卖盘
14:28:04	4.26	--	4	1704	卖盘
14:27:58	4.26	--	5	2130	卖盘
14:27:53	4.26	--	11	4686	卖盘
14:27:48	4.26	--	30	12780	卖盘
14:27:33	4.26	--	614	261564	卖盘
14:27:28	4.26	--	38	16188	卖盘
14:27:08	4.26	--	203	86478	卖盘
14:26:58	4.26	--	856	364656	买盘
14:26:53	4.26	--	129	54954	买盘
14:26:43	4.26	--	50	21300	买盘
14:26:38	4.26	0.01	32	13632	买盘
14:26:33	4.25	-0.01	50	21250	卖盘
14:26:28	4.26	--	5	2130	买盘
14:26:23	4.26	0.01	110	46860	买盘
14:26:18	4.25	-0.01	15	6375	卖盘
14:26:13	4.26	--	20	8520	买盘
14:26:07	4.26	0.01	69	29394	买盘
14:26:03	4.25	--	100	42500	卖盘
14:25:48	4.25	--	129	54825	买盘
14:25:43	4.25	--	22	9350	买盘
14:25:37	4.25	0.01	1039	441575	买盘
14:25:28	4.24	--	1329	563496	卖盘
14:25:22	4.24	--	82	34768	卖盘
14:25:18	4.24	-0.01	5	2120	卖盘
14:25:13	4.25	0.01	50	21250	买盘
14:25:07	4.24	-0.01	140	59360	卖盘
14:24:58	4.25	0.01	1762	748850	买盘
14:24:52	4.24	-0.01	725	307675	卖盘
14:24:48	4.25	0.01	118	50150	买盘
14:24:43	4.24	-0.01	290	122960	卖盘
14:24:37	4.25	--	8	3400	买盘
14:24:28	4.25	--	61	25925	买盘
14:24:22	4.25	--	64	27200	买盘
14:24:18	4.25	--	5040	2142000	卖盘
14:24:13	4.25	-0.01	110	46750	卖盘
14:24:07	4.26	0.01	15	6390	买盘
14:24:02	4.25	-0.01	13	5525	卖盘
14:23:58	4.26	--	22	9372	买盘
14:23:52	4.26	--	59	25134	买盘
14:23:48	4.26	0.01	30	12780	买盘
14:23:43	4.25	-0.01	1780	756500	卖盘
14:23:37	4.26	0.01	40	17040	买盘
14:23:33	4.25	-0.01	50	21250	卖盘
14:23:28	4.26	--	74	31524	买盘
14:23:22	4.26	--	4502	1917852	买盘
14:23:13	4.26	--	100	42600	买盘
14:23:07	4.26	--	80	34080	卖盘
14:22:58	4.26	-0.01	4	1704	卖盘
14:22:52	4.27	0.01	777	331778	买盘
14:22:43	4.26	--	110	46860	卖盘
14:22:37	4.26	--	5	2130	卖盘
14:22:28	4.26	--	3	1278	卖盘
14:22:22	4.26	--	490	208740	卖盘
14:22:13	4.26	-0.01	10	4260	卖盘
14:22:07	4.27	--	5	2135	买盘
14:22:02	4.27	--	699	298472	买盘
14:21:52	4.27	--	16	6831	买盘
14:21:43	4.27	--	51	21776	买盘
14:21:37	4.27	0.01	750	320249	买盘
14:21:32	4.26	-0.01	190	80940	卖盘
14:21:27	4.27	--	144	61487	买盘
14:21:22	4.27	--	592	252783	买盘
14:21:17	4.27	--	129	55082	买盘
14:21:07	4.27	--	63	26900	卖盘
14:20:47	4.27	--	1972	842043	买盘
14:20:43	4.27	0.01	33	14090	买盘
14:20:37	4.26	-0.01	1200	511200	卖盘
14:20:32	4.27	0.01	1	426	买盘
14:20:27	4.26	--	231	98406	卖盘
14:20:22	4.26	--	220	93720	卖盘
14:20:12	4.26	--	120	51120	卖盘
14:20:07	4.26	--	28	11928	卖盘
14:19:52	4.26	-0.01	4	1704	卖盘
14:19:47	4.27	0.01	652	278404	买盘
14:19:42	4.26	--	44	18744	卖盘
14:19:37	4.26	--	100	42600	卖盘
14:19:17	4.26	-0.01	619	263694	卖盘
14:19:12	4.27	0.01	15	6404	买盘
14:19:07	4.26	--	17	7242	卖盘
14:19:02	4.26	--	994	423444	卖盘
14:18:57	4.26	-0.01	12	5112	卖盘
14:18:52	4.27	--	25	10674	买盘
14:18:46	4.27	0.01	21	8967	买盘
14:18:42	4.26	--	1500	639000	卖盘
14:18:22	4.26	-0.01	10	4260	卖盘
14:18:16	4.27	0.01	1000	426999	买盘
14:18:07	4.26	-0.01	15	6390	卖盘
14:17:57	4.27	--	62	26473	买盘
14:17:52	4.27	--	2	853	买盘
14:17:46	4.27	0.01	77	32879	买盘
14:17:31	4.26	-0.01	1131	481806	卖盘
14:17:27	4.27	--	120	51239	买盘
14:17:22	4.27	0.01	7	2988	买盘
14:17:16	4.26	--	619	263694	卖盘
14:17:07	4.26	--	29	12354	卖盘
14:17:01	4.26	--	9	3834	卖盘
14:16:57	4.26	--	20	8520	卖盘
14:16:52	4.26	--	9	3834	卖盘
14:16:46	4.26	--	160	68160	卖盘
14:16:31	4.26	--	51	21726	卖盘
14:16:22	4.26	-0.01	183	77958	卖盘
14:16:16	4.27	--	55	23484	买盘
14:16:07	4.27	0.01	10	4270	买盘
14:16:01	4.26	--	149	63474	卖盘
14:15:52	4.26	--	32	13632	卖盘
14:15:46	4.26	--	56	23856	卖盘
14:15:41	4.26	-0.01	230	97980	卖盘
14:15:37	4.27	--	56	23911	买盘
14:15:26	4.27	--	201	85826	买盘
14:15:22	4.27	--	11	4696	买盘
14:15:16	4.27	0.01	3031	1294236	买盘
14:15:11	4.26	-0.01	30	12780	卖盘
14:15:01	4.27	--	342	146033	买盘
14:14:56	4.27	--	73	31170	买盘
14:14:52	4.27	0.01	22	9393	买盘
14:14:46	4.26	-0.01	117	49842	卖盘
14:14:37	4.27	--	5	2135	买盘
14:14:31	4.27	--	36	15371	买盘
14:14:26	4.27	0.01	7	2988	买盘
14:14:22	4.26	-0.01	60	25560	卖盘
14:14:16	4.27	--	160	68320	卖盘
14:14:06	4.27	--	170	72590	卖盘
14:13:51	4.27	--	5	2135	卖盘
14:13:46	4.27	--	277	118278	买盘
14:13:41	4.27	--	50	21349	买盘
14:13:36	4.27	--	240	102479	买盘
14:13:31	4.27	0.01	105	44834	买盘
14:13:26	4.26	-0.01	205	87330	卖盘
14:13:21	4.27	--	23	9820	买盘
14:13:16	4.27	--	100	42699	买盘
14:13:11	4.27	0.01	175	74724	买盘
14:13:06	4.26	--	3	1278	卖盘
14:13:01	4.26	-0.01	16	6816	卖盘
14:12:56	4.27	--	2	853	买盘
14:12:51	4.27	--	1	426	买盘
14:12:46	4.27	--	18	7685	买盘
14:12:41	4.27	--	691	295056	买盘
14:12:31	4.27	--	361	154146	买盘
14:12:26	4.27	--	193	82410	买盘
14:12:16	4.27	--	256	109311	买盘
14:12:11	4.27	--	62	26473	买盘
14:12:01	4.27	0.01	50	21349	买盘
14:11:56	4.26	--	1000	426000	卖盘
14:11:46	4.26	--	27	11502	卖盘
14:11:40	4.26	--	217	92442	买盘
14:11:36	4.26	--	95	40470	买盘
14:11:31	4.26	--	263	112038	买盘
14:11:25	4.26	--	867	369342	买盘
14:11:21	4.26	--	20	8520	买盘
14:11:16	4.26	--	457	194682	买盘
14:11:10	4.26	--	845	359970	卖盘
14:11:06	4.26	--	14	5964	卖盘
14:11:01	4.26	--	927	394902	买盘
14:10:55	4.26	--	332	141432	买盘
14:10:51	4.26	--	780	332280	买盘
14:10:46	4.26	--	448	190848	买盘
14:10:40	4.26	0.01	397	169122	买盘
14:10:36	4.25	-0.01	10	4250	卖盘
14:10:31	4.26	--	538	229188	买盘
14:10:25	4.26	--	428	182328	买盘
14:10:21	4.26	--	113	48138	买盘
14:10:16	4.26	--	2096	892896	卖盘
14:10:10	4.26	--	27	11502	卖盘
14:10:06	4.26	--	47	20022	卖盘
14:09:55	4.26	--	40	17040	卖盘
14:09:50	4.26	--	48	20448	卖盘
14:09:46	4.26	--	454	193404	卖盘
14:09:40	4.26	--	10	4260	卖盘
14:09:36	4.26	--	8002	3408852	卖盘
14:09:31	4.26	-0.01	40	17040	卖盘
14:09:25	4.27	--	411	175496	买盘
14:09:21	4.27	--	5	2135	买盘
14:09:16	4.27	--	16	6831	买盘
14:09:10	4.27	--	176	75151	买盘
14:09:05	4.27	--	20	8540	买盘
14:09:01	4.27	--	180	76859	买盘
14:08:55	4.27	--	665	283955	买盘
14:08:50	4.27	--	106	45261	买盘
14:08:46	4.27	-0.01	242	103333	卖盘
14:08:40	4.28	0.01	85	36380	买盘
14:08:35	4.27	--	5	2135	卖盘
14:08:31	4.27	--	284	121267	卖盘
14:08:25	4.27	--	68	29035	买盘
14:08:20	4.27	--	30	12809	买盘
14:08:16	4.27	--	38	16225	买盘
14:08:10	4.27	--	144	61487	买盘
14:08:05	4.27	-0.01	9720	4150439	卖盘
14:08:01	4.28	--	5	2140	买盘
14:07:55	4.28	0.01	132	56496	买盘
14:07:50	4.27	-0.01	71	30316	卖盘
14:07:40	4.28	--	10	4280	买盘
14:07:30	4.28	--	30	12840	买盘
14:07:25	4.28	--	257	110325	卖盘
14:07:15	4.28	--	132	56496	卖盘
14:07:10	4.28	-0.01	163	69764	卖盘
14:06:50	4.29	0.01	21	9009	买盘
14:06:45	4.28	--	5024	2150272	卖盘
14:06:40	4.28	--	3	1284	卖盘
14:06:30	4.28	--	1000	428000	卖盘
14:06:15	4.28	--	1	428	卖盘
14:06:10	4.28	--	3	1284	卖盘
14:06:05	4.28	-0.01	50	21400	卖盘
14:06:00	4.29	0.01	12	5148	买盘
14:05:35	4.28	-0.01	123	52644	卖盘
14:05:10	4.29	--	31	13299	买盘
14:04:55	4.29	--	10	4290	买盘
14:04:50	4.29	0.01	13	5577	买盘
14:04:40	4.28	--	64	27392	卖盘
14:04:19	4.28	-0.01	288	123264	卖盘
14:04:10	4.29	0.01	10	4290	买盘
14:04:00	4.28	-0.01	10	4280	卖盘
14:03:49	4.29	0.01	60	25740	买盘
14:03:45	4.28	-0.01	110	47080	卖盘
14:03:40	4.29	--	20	8580	买盘
14:03:34	4.29	--	2	858	买盘
14:03:25	4.29	--	10	4290	买盘
14:03:19	4.29	--	6	2574	买盘
14:03:10	4.29	--	44	18876	买盘
14:02:49	4.29	--	110	47190	买盘
14:02:44	4.29	--	76	32604	买盘
14:02:25	4.29	-0.01	446	191334	卖盘
14:02:19	4.3	0.01	2	860	买盘
14:02:04	4.29	--	22	9438	卖盘
14:01:40	4.29	--	110	47190	卖盘
14:01:34	4.29	--	2	858	卖盘
14:01:19	4.29	-0.01	130	55770	卖盘
14:01:14	4.3	0.01	4	1720	买盘
14:01:04	4.29	--	20	8580	卖盘
14:00:59	4.29	-0.01	305	130845	卖盘
14:00:49	4.3	0.01	58	24940	买盘
14:00:44	4.29	-0.01	20	8580	卖盘
14:00:34	4.3	0.01	36	15480	买盘
14:00:14	4.29	-0.01	50	21450	卖盘
13:59:59	4.3	0.01	4	1720	买盘
13:59:49	4.29	--	4	1716	卖盘
13:59:44	4.29	-0.01	10	4290	卖盘
13:59:39	4.3	0.01	102	43860	买盘
13:59:34	4.29	-0.01	10	4290	卖盘
13:59:29	4.3	--	8	3440	买盘
13:59:19	4.3	0.01	300	129000	买盘
13:59:14	4.29	0.01	3	1287	卖盘
13:59:09	4.28	--	0	0	卖盘
13:59:04	4.28	-0.01	281	120268	卖盘
13:58:59	4.29	--	44	18876	卖盘
13:58:54	4.29	--	35	15015	买盘
13:58:49	4.29	--	164	70356	买盘
13:58:44	4.29	--	238	102102	买盘
13:58:29	4.29	0.01	2	858	买盘
13:58:24	4.28	-0.01	21	8988	卖盘
13:58:19	4.29	--	113	48477	买盘
13:58:09	4.29	--	3	1287	买盘
13:58:04	4.29	0.01	23	9867	买盘
13:57:59	4.28	-0.01	118	50504	卖盘
13:57:54	4.29	0.01	30	12870	买盘
13:57:49	4.28	-0.01	1863	797364	卖盘
13:57:39	4.29	--	14	6006	买盘
13:57:34	4.29	--	213	91377	买盘
13:57:19	4.29	--	193	82797	买盘
13:57:13	4.29	--	5	2145	买盘
13:56:43	4.29	--	2	858	买盘
13:56:34	4.29	0.01	63	27027	买盘
13:56:28	4.28	--	15	6420	卖盘
13:56:13	4.28	--	5	2140	卖盘
13:55:48	4.28	-0.01	24	10272	卖盘
13:55:43	4.29	--	53	22737	买盘
13:55:38	4.29	--	20	8580	买盘
13:55:34	4.29	0.01	66	28314	买盘
13:55:18	4.28	--	102	43656	卖盘
13:55:13	4.28	--	50	21400	卖盘
13:55:04	4.28	-0.01	100	42800	卖盘
13:54:48	4.29	0.01	10	4290	买盘
13:54:33	4.28	--	100	42800	卖盘
13:54:23	4.28	-0.01	21	8988	卖盘
13:54:13	4.29	0.01	20	8580	买盘
13:54:04	4.28	-0.01	100	42800	卖盘
13:53:58	4.29	--	114	48906	买盘
13:53:53	4.29	--	80	34320	买盘
13:53:43	4.29	--	76	32604	买盘
13:53:33	4.29	--	45	19305	买盘
13:53:23	4.29	--	1	429	买盘
13:53:18	4.29	--	5	2145	买盘
13:53:08	4.29	--	100	42900	买盘
13:52:58	4.29	--	1	429	买盘
13:52:48	4.29	0.01	53	22737	买盘
13:52:38	4.28	-0.01	70	29960	卖盘
13:52:33	4.29	--	22	9438	买盘
13:52:23	4.29	--	53	22737	买盘
13:52:18	4.29	0.01	58	24882	买盘
13:52:13	4.28	-0.01	295	126260	卖盘
13:52:08	4.29	--	1012	434148	买盘
13:52:03	4.29	0.01	100	42900	买盘
13:51:58	4.28	-0.01	25	10700	卖盘
13:51:53	4.29	--	50	21450	买盘
13:51:38	4.29	--	66	28314	买盘
13:51:33	4.29	--	11	4719	买盘
13:51:28	4.29	--	8	3432	买盘
13:51:23	4.29	--	28	12012	买盘
13:51:03	4.29	--	20	8580	买盘
13:50:58	4.29	0.01	1	429	买盘
13:50:37	4.28	--	18	7704	卖盘
13:50:22	4.28	--	14	5992	卖盘
13:50:18	4.28	-0.01	261	111708	卖盘
13:49:58	4.29	0.01	20	8580	买盘
13:49:33	4.28	-0.01	18	7704	卖盘
13:49:13	4.29	--	35	15015	买盘
13:49:07	4.29	--	213	91377	买盘
13:48:57	4.29	--	238	102102	买盘
13:48:52	4.29	0.01	42	18018	买盘
13:48:37	4.28	-0.01	124	53072	卖盘
13:48:27	4.29	--	201	86229	买盘
13:48:22	4.29	0.01	3	1287	买盘
13:48:17	4.28	-0.01	21	8988	卖盘
13:48:12	4.29	--	40	17160	买盘
13:48:07	4.29	--	436	187044	买盘
13:47:37	4.29	0.01	121	51909	买盘
13:47:32	4.28	-0.01	3	1284	卖盘
13:47:22	4.29	0.01	603	258687	买盘
13:47:17	4.28	--	154	65912	卖盘
13:47:12	4.28	--	16	6848	卖盘
13:47:07	4.28	--	98	41944	卖盘
13:47:02	4.28	-0.01	25	10700	卖盘
13:46:57	4.29	--	30	12870	买盘
13:46:52	4.29	--	6	2574	买盘
13:46:42	4.29	--	30	12870	买盘
13:46:37	4.29	0.01	19	8151	买盘
13:46:27	4.28	-0.01	23	9844	卖盘
13:46:22	4.29	0.01	614	263406	买盘
13:46:12	4.28	--	10	4280	卖盘
13:46:07	4.28	-0.01	60	25680	卖盘
13:45:57	4.29	--	416	178464	买盘
13:45:52	4.29	0.01	10	4290	买盘
13:45:42	4.28	-0.01	168	71904	卖盘
13:45:37	4.29	0.01	43	18447	买盘
13:45:27	4.28	--	20	8560	卖盘
13:45:22	4.28	--	170	72858	买盘
13:45:17	4.28	--	101	43557	卖盘
13:45:07	4.28	--	450	192600	卖盘
13:44:52	4.28	--	10	4280	卖盘
13:44:47	4.28	-0.01	5	2140	卖盘
13:44:42	4.29	0.01	29	12441	买盘
13:44:37	4.28	--	8	3424	卖盘
13:44:32	4.28	--	104	44610	买盘
13:44:27	4.28	0.01	1	428	买盘
13:44:22	4.27	-0.01	483	206240	卖盘
13:44:17	4.28	0.01	455	194740	买盘
13:44:12	4.27	-0.01	54	23057	卖盘
13:44:07	4.28	--	692	296176	买盘
13:44:02	4.28	0.01	44	18832	买盘
13:43:57	4.27	--	160	68320	卖盘
13:43:52	4.27	-0.01	123	52520	卖盘
13:43:47	4.28	--	50	21400	买盘
13:43:42	4.28	--	6	2568	买盘
13:43:37	4.28	0.01	89	38092	买盘
13:43:31	4.27	-0.01	12	5123	卖盘
13:43:27	4.28	--	106	45368	买盘
13:43:12	4.28	--	289	123692	买盘
13:43:07	4.28	-0.01	322	138145	卖盘
13:43:01	4.29	0.01	988	423852	买盘
13:42:52	4.28	-0.01	50	21400	卖盘
13:42:42	4.29	0.01	11	4719	买盘
13:42:37	4.28	-0.01	2507	1072996	卖盘
13:42:27	4.29	--	60	25740	买盘
13:42:22	4.29	--	1810	776490	买盘
13:42:07	4.29	--	42	18018	买盘
13:41:57	4.29	--	220	94380	买盘
13:41:46	4.29	--	107	45903	买盘
13:41:37	4.29	--	14	6006	买盘
13:41:21	4.29	--	193	82797	买盘
13:41:16	4.29	--	176	75727	卖盘
13:41:11	4.29	--	50	21450	卖盘
13:41:06	4.29	-0.01	1826	783354	卖盘
13:41:01	4.3	0.01	20	8600	买盘
13:40:51	4.29	-0.01	5	2145	卖盘
13:40:46	4.3	0.01	24	10320	买盘
13:40:36	4.29	--	2	858	卖盘
13:40:26	4.29	-0.01	177	75933	卖盘
13:40:16	4.3	--	1	430	买盘
13:40:11	4.3	0.01	1	430	买盘
13:40:01	4.29	-0.01	1	429	卖盘
13:39:51	4.3	0.01	89	38270	买盘
13:39:46	4.29	--	57	24453	卖盘
13:39:26	4.29	--	113	48477	卖盘
13:39:21	4.29	--	2	858	卖盘
13:39:16	4.29	--	22	9438	卖盘
13:38:51	4.29	--	47	20163	卖盘
13:38:46	4.29	--	27	11583	卖盘
13:38:36	4.29	--	27	11583	卖盘
13:38:31	4.29	--	100	42900	卖盘
13:38:26	4.29	--	162	69703	买盘
13:38:21	4.29	--	130	55770	买盘
13:38:16	4.29	--	64	27456	买盘
13:38:11	4.29	--	513	220077	买盘
13:38:06	4.29	--	250	107250	买盘
13:38:01	4.29	--	149	63921	买盘
13:37:56	4.29	0.01	220	94380	买盘
13:37:51	4.28	-0.01	220	94160	卖盘
13:37:46	4.29	0.01	524	224796	买盘
13:37:41	4.28	--	330	141240	卖盘
13:37:36	4.28	-0.01	100	42800	卖盘
13:37:31	4.29	0.01	345	148005	买盘
13:37:26	4.28	-0.01	10	4280	卖盘
13:37:21	4.29	--	83	35607	买盘
13:37:11	4.29	0.01	46	19734	买盘
13:37:06	4.28	-0.01	1542	659976	卖盘
13:37:01	4.29	--	58	24882	买盘
13:36:56	4.29	0.01	300	128700	买盘
13:36:51	4.28	--	12	5136	卖盘
13:36:46	4.28	--	20	8560	卖盘
13:36:25	4.28	--	69	29532	卖盘
13:36:21	4.28	--	688	294464	卖盘
13:36:16	4.28	-0.01	82	35096	卖盘
13:36:10	4.29	0.01	1059	454311	买盘
13:36:01	4.28	-0.01	18	7704	卖盘
13:35:55	4.29	0.01	76	32604	买盘
13:35:51	4.28	-0.01	30	12840	卖盘
13:35:46	4.29	0.01	30	12870	买盘
13:35:40	4.28	--	426	182328	卖盘
13:35:36	4.28	--	100	42800	卖盘
13:35:31	4.28	-0.01	100	42800	卖盘
13:35:21	4.29	--	20	8580	买盘
13:35:16	4.29	0.01	30	12870	买盘
13:35:10	4.28	-0.01	687	294036	卖盘
13:35:06	4.29	--	13	5577	买盘
13:35:01	4.29	--	27	11583	买盘
13:34:55	4.29	--	425	182325	买盘
13:34:51	4.29	--	50	21450	买盘
13:34:46	4.29	--	51	21879	买盘
13:34:40	4.29	--	205	87945	买盘
13:34:25	4.29	-0.01	248	106615	卖盘
13:34:15	4.3	0.01	493	211990	买盘
13:34:10	4.29	--	100	42900	卖盘
13:34:05	4.29	--	3996	1714284	卖盘
13:34:00	4.29	--	17	7293	卖盘
13:33:55	4.29	-0.01	103	44187	卖盘
13:33:50	4.3	--	1	430	买盘
13:33:45	4.3	--	8	3440	买盘
13:33:40	4.3	--	60	25800	买盘
13:33:35	4.3	0.01	20	8600	买盘
13:33:30	4.29	--	54	23166	卖盘
13:33:25	4.29	-0.01	16	6864	卖盘
13:33:15	4.3	--	100	43000	买盘
13:33:10	4.3	-0.01	1777	764110	卖盘
13:33:05	4.31	0.01	10	4310	买盘
13:33:00	4.3	--	1020	438600	卖盘
13:32:55	4.3	-0.01	51	21930	卖盘
13:32:50	4.31	0.01	4	1723	买盘
13:32:45	4.3	--	514	221020	卖盘
13:32:40	4.3	-0.01	4	1720	卖盘
13:32:35	4.31	--	20	8620	买盘
13:32:30	4.31	0.01	50	21549	买盘
13:32:25	4.3	-0.01	2	860	卖盘
13:32:10	4.31	0.01	50	21549	买盘
13:32:05	4.3	--	2	860	卖盘
13:31:55	4.3	--	15	6450	卖盘
13:31:10	4.3	-0.01	1	430	卖盘
13:31:05	4.31	--	17	7326	买盘
13:31:00	4.31	0.01	25	10774	买盘
13:30:25	4.3	-0.01	77	33110	卖盘
13:30:20	4.31	0.01	5	2155	买盘
13:30:10	4.3	--	31	13330	卖盘
13:30:00	4.3	--	20	8600	卖盘
13:29:50	4.3	--	545	234350	卖盘
13:29:45	4.3	--	10	4300	卖盘
13:29:25	4.3	--	17	7310	卖盘
13:29:20	4.3	--	4	1720	卖盘
13:29:10	4.3	--	2	860	卖盘
13:29:04	4.3	--	314	135020	卖盘
13:28:55	4.3	--	14	6020	卖盘
13:28:45	4.3	--	8	3440	卖盘
13:28:34	4.3	--	210	90300	卖盘
13:28:19	4.3	-0.01	1	430	卖盘
13:28:15	4.31	0.01	7	3016	买盘
13:28:09	4.3	--	200	86000	卖盘
13:27:24	4.3	-0.01	110	47300	卖盘
13:27:04	4.31	0.01	413	178002	买盘
13:26:59	4.3	--	4	1720	卖盘
13:26:54	4.3	--	12	5160	卖盘
13:26:49	4.3	--	10	4300	卖盘
13:26:44	4.3	-0.01	14	6020	卖盘
13:26:34	4.31	0.01	16	6895	买盘
13:26:24	4.3	--	32	13760	卖盘
13:26:19	4.3	-0.01	6	2580	卖盘
13:26:14	4.31	--	144	62063	买盘
13:25:54	4.31	0.01	7	3016	买盘
13:25:49	4.3	-0.01	10	4300	卖盘
13:25:39	4.31	0.01	34	14653	买盘
13:25:34	4.3	--	24	10320	卖盘
13:25:24	4.3	--	100	43000	卖盘
13:25:19	4.3	--	42	18060	卖盘
13:25:14	4.3	--	6	2580	卖盘
13:25:09	4.3	-0.01	65	27950	卖盘
13:25:04	4.31	0.01	6	2585	买盘
13:24:54	4.3	-0.01	269	115670	卖盘
13:24:49	4.31	0.01	220	94819	买盘
13:24:39	4.3	--	8	3440	卖盘
13:24:34	4.3	--	2	860	卖盘
13:24:24	4.3	--	216	92880	卖盘
13:24:04	4.3	--	14	6020	卖盘
13:23:59	4.3	--	5	2150	卖盘
13:23:54	4.3	-0.01	71	30530	卖盘
13:23:49	4.31	0.01	1	430	买盘
13:23:34	4.3	--	10	4300	卖盘
13:23:29	4.3	-0.01	350	150500	卖盘
13:23:14	4.31	--	31	13360	买盘
13:23:09	4.31	0.01	12	5171	买盘
13:22:54	4.3	-0.01	1	430	卖盘
13:22:44	4.31	0.01	6	2585	买盘
13:22:24	4.3	--	11	4730	卖盘
13:22:19	4.3	-0.01	103	44290	卖盘
13:22:13	4.31	0.01	5	2155	买盘
13:22:09	4.3	-0.01	72	30960	卖盘
13:22:04	4.31	0.01	5	2155	买盘
13:21:58	4.3	--	21	9030	卖盘
13:21:54	4.3	--	4	1720	卖盘
13:21:49	4.3	--	67	28810	卖盘
13:21:43	4.3	--	1	430	卖盘
13:21:39	4.3	-0.01	1	430	卖盘
13:21:34	4.31	0.01	70	30169	买盘
13:21:24	4.3	--	74	31820	卖盘
13:21:19	4.3	-0.01	25	10750	卖盘
13:21:13	4.31	0.01	2	861	买盘
13:21:03	4.3	-0.01	30	12900	卖盘
13:20:54	4.31	--	75	32324	买盘
13:20:38	4.31	--	78	33618	卖盘
13:20:23	4.31	--	8	3447	卖盘
13:20:08	4.31	-0.01	29	12498	卖盘
13:19:58	4.32	0.01	108	46656	买盘
13:19:38	4.31	-0.01	6	2585	卖盘
13:19:23	4.32	--	0	0	买盘
13:19:18	4.32	0.02	134	57888	买盘
13:19:13	4.3	-0.01	1101	473817	卖盘
13:19:03	4.31	--	306	131886	卖盘
13:18:58	4.31	--	74	31893	卖盘
13:18:48	4.31	--	175	75425	卖盘
13:18:38	4.31	-0.01	1262	543922	卖盘
13:18:33	4.32	0.01	53	22896	买盘
13:18:23	4.31	--	2	861	卖盘
13:18:13	4.31	--	30	12929	卖盘
13:18:03	4.31	--	36	15515	卖盘
13:17:58	4.31	--	18	7757	卖盘
13:17:53	4.31	-0.01	60	25859	卖盘
13:17:43	4.32	0.01	5	2160	买盘
13:17:23	4.31	--	230	99129	卖盘
13:17:08	4.31	--	111	47840	卖盘
13:16:58	4.31	--	15	6464	卖盘
13:16:53	4.31	--	31	13360	卖盘
13:16:48	4.31	-0.01	45	19395	卖盘
13:16:43	4.32	0.01	5	2160	买盘
13:16:28	4.31	-0.01	100	43099	卖盘
13:16:23	4.32	--	50	21600	买盘
13:16:08	4.32	--	124	53568	买盘
13:15:58	4.32	--	10	4320	买盘
13:15:53	4.32	--	30	12960	买盘
13:15:38	4.32	0.01	28	12096	买盘
13:15:33	4.31	-0.01	20	8620	卖盘
13:15:28	4.32	0.01	1024	442368	买盘
13:15:23	4.31	-0.01	174	74994	卖盘
13:15:13	4.32	--	2	864	买盘
13:15:07	4.32	0.01	21	9072	买盘
13:14:58	4.31	--	17	7326	卖盘
13:14:52	4.31	--	13	5602	卖盘
13:14:43	4.31	--	318	137058	卖盘
13:14:37	4.31	-0.01	5	2155	卖盘
13:14:28	4.32	--	146	63072	买盘
13:14:22	4.32	--	1	432	买盘
13:14:12	4.32	--	1	432	买盘
13:14:07	4.32	--	100	43200	买盘
13:13:58	4.32	--	15	6480	买盘
13:13:52	4.32	--	5	2160	买盘
13:13:42	4.32	--	40	17280	买盘
13:13:27	4.32	--	104	44928	买盘
13:13:22	4.32	--	40	17280	买盘
13:13:07	4.32	--	2	864	买盘
13:13:02	4.32	--	10	4320	买盘
13:12:57	4.32	--	3	1296	买盘
13:12:42	4.32	--	1	432	买盘
13:12:37	4.32	--	4	1728	买盘
13:12:27	4.32	0.01	1000	432000	买盘
13:11:57	4.31	--	100	43099	卖盘
13:11:32	4.31	-0.01	10	4310	卖盘
13:11:27	4.32	--	5	2160	买盘
13:11:22	4.32	--	169	73008	买盘
13:11:17	4.32	--	500	216000	买盘
13:11:07	4.32	0.01	17	7344	买盘
13:11:02	4.31	--	100	43099	卖盘
13:10:52	4.31	-0.01	10	4310	卖盘
13:10:42	4.32	--	13	5616	买盘
13:10:37	4.32	0.01	62	26784	买盘
13:10:17	4.31	--	24	10343	卖盘
13:10:12	4.31	--	31	13360	卖盘
13:10:07	4.31	--	463	199552	买盘
13:09:57	4.31	--	74	31893	卖盘
13:09:52	4.31	--	260	112059	卖盘
13:09:42	4.31	--	52	22411	卖盘
13:09:37	4.31	--	100	43099	卖盘
13:09:32	4.31	--	100	43099	卖盘
13:09:22	4.31	--	30	12929	卖盘
13:09:12	4.31	-0.01	22	9482	卖盘
13:09:07	4.32	0.01	10	4320	买盘
13:08:52	4.31	--	20	8620	卖盘
13:08:42	4.31	--	20	8620	卖盘
13:08:37	4.31	-0.01	18	7757	卖盘
13:08:31	4.32	0.01	32	13824	买盘
13:08:27	4.31	--	200	86199	卖盘
13:08:16	4.31	--	50	21549	卖盘
13:08:07	4.31	--	100	43099	卖盘
13:08:02	4.31	--	3	1292	卖盘
13:07:42	4.31	-0.01	150	64649	卖盘
13:07:31	4.32	--	62	26784	买盘
13:07:22	4.32	0.01	20	8640	买盘
13:07:16	4.31	-0.01	20	8620	卖盘
13:07:01	4.32	0.01	9	3888	买盘
13:06:51	4.31	--	1	430	卖盘
13:06:46	4.31	--	30	12929	卖盘
13:06:36	4.31	-0.01	100	43099	卖盘
13:06:22	4.32	--	52	22464	买盘
13:06:16	4.32	--	10	4320	买盘
13:06:12	4.32	0.01	1	432	买盘
13:06:01	4.31	-0.01	42	18102	卖盘
13:05:46	4.32	--	169	73008	买盘
13:05:36	4.32	0.01	202	87264	买盘
13:04:56	4.31	--	100	43099	卖盘
13:04:46	4.31	--	153	65943	卖盘
13:04:36	4.31	--	5	2155	卖盘
13:04:31	4.31	--	6	2585	卖盘
13:04:21	4.31	0.01	32	13791	买盘
13:04:16	4.3	-0.01	178	76540	卖盘
13:04:06	4.31	--	33	14222	买盘
13:04:01	4.31	--	0	0	中性盘
13:03:56	4.31	--	10	4310	卖盘
13:03:51	4.31	--	1	430	卖盘
13:03:41	4.31	--	8	3447	卖盘
13:03:36	4.31	-0.01	10	4310	卖盘
13:03:31	4.32	0.01	35	15120	买盘
13:03:16	4.31	--	47	20256	卖盘
13:02:56	4.31	0.01	53	22842	买盘
13:02:46	4.3	-0.01	9	3870	卖盘
13:02:36	4.31	--	23	9913	卖盘
13:02:31	4.31	0.01	841	362470	买盘
13:02:11	4.3	--	70	30100	卖盘
13:02:06	4.3	-0.01	43	18490	卖盘
13:01:56	4.31	--	50	21549	买盘
13:01:46	4.31	0.01	58	24997	买盘
13:01:36	4.3	--	11	4730	卖盘
13:01:26	4.3	-0.01	357	153510	卖盘
13:01:21	4.31	--	12	5171	买盘
13:01:11	4.31	--	37	15946	买盘
13:01:01	4.31	0.01	1556	670635	买盘
13:00:56	4.3	-0.01	80	34400	卖盘
13:00:40	4.31	0.01	30	12929	买盘
13:00:36	4.3	--	1	430	卖盘
13:00:10	4.3	-0.01	1423	611890	卖盘
13:00:06	4.31	--	1476	636156	买盘
13:00:01	4.31	0.01	1	430	买盘
11:30:00	4.3	--	0	0	卖盘
11:29:59	4.3	--	0	0	卖盘
11:29:59	4.3	--	81	34830	卖盘
11:29:57	4.3	-0.01	8	3440	卖盘
11:29:36	4.31	0.01	97	41806	买盘
11:29:27	4.3	--	993	426990	卖盘
11:29:21	4.3	-0.01	45	19350	卖盘
11:29:17	4.31	0.01	3	1292	买盘
11:29:12	4.3	--	3	1290	卖盘
11:29:06	4.3	--	200	86000	卖盘
11:28:42	4.3	--	59	25370	卖盘
11:28:36	4.3	-0.01	400	172000	卖盘
11:28:27	4.31	0.01	686	295666	买盘
11:28:12	4.3	--	126	54180	卖盘
11:28:01	4.3	-0.01	1000	430000	卖盘
11:27:57	4.31	--	94	40513	买盘
11:27:51	4.31	--	20	8620	买盘
11:27:42	4.31	--	8	3447	买盘
11:27:27	4.31	0.01	17	7326	买盘
11:27:06	4.3	--	35	15050	卖盘
11:26:57	4.3	--	306	131580	买盘
11:26:36	4.3	--	6	2580	买盘
11:26:27	4.3	0.01	58	24940	买盘
11:26:16	4.29	-0.01	134	57486	卖盘
11:26:12	4.3	--	210	90300	卖盘
11:26:01	4.3	--	39	16770	买盘
11:25:51	4.3	--	2313	994590	卖盘
11:25:46	4.3	--	122	52460	买盘
11:25:41	4.3	--	10	4300	买盘
11:25:36	4.3	--	20	8600	买盘
11:25:31	4.3	--	30	12900	买盘
11:25:16	4.3	--	181	77830	卖盘
11:25:06	4.3	--	72	30960	卖盘
11:24:46	4.3	--	14	6020	卖盘
11:24:41	4.3	--	28	12040	卖盘
11:24:36	4.3	--	96	41280	卖盘
11:24:31	4.3	--	125	53750	卖盘
11:24:06	4.3	--	45	19350	卖盘
11:23:41	4.3	--	13	5590	卖盘
11:23:30	4.3	--	115	49450	卖盘
11:23:21	4.3	--	42	18060	买盘
11:23:15	4.3	--	20	8600	买盘
11:23:11	4.3	--	10	4300	买盘
11:23:06	4.3	--	30	12900	买盘
11:23:00	4.3	--	17	7310	买盘
11:22:45	4.3	--	15	6450	买盘
11:22:36	4.3	0.01	548	235640	买盘
11:22:30	4.29	-0.01	10	4290	卖盘
11:22:25	4.3	--	18	7740	买盘
11:22:21	4.3	--	30	12900	买盘
11:22:15	4.3	--	1	430	买盘
11:22:10	4.3	0.01	517	222310	买盘
11:22:06	4.29	-0.01	621	266409	卖盘
11:22:00	4.3	0.01	30	12900	买盘
11:21:51	4.29	--	2	858	卖盘
11:21:45	4.29	-0.01	80	34320	卖盘
11:21:36	4.3	--	25	10750	买盘
11:21:30	4.3	--	10	4300	买盘
11:21:21	4.3	--	92	39560	买盘
11:21:15	4.3	--	20	8600	买盘
11:21:06	4.3	--	12	5160	买盘
11:21:00	4.3	--	200	86000	买盘
11:20:51	4.3	0.01	45	19350	买盘
11:20:45	4.29	--	255	109395	卖盘
11:20:40	4.29	--	20	8580	卖盘
11:20:36	4.29	-0.01	116	49764	卖盘
11:20:25	4.3	0.01	7	3010	买盘
11:20:21	4.29	--	258	110887	买盘
11:20:15	4.29	--	73	31317	买盘
11:20:10	4.29	--	15	6435	买盘
11:20:06	4.29	--	17	7293	买盘
11:20:00	4.29	--	110	47190	买盘
11:19:55	4.29	--	34	14586	买盘
11:19:51	4.29	--	12	5148	买盘
11:19:45	4.29	--	5	2145	买盘
11:19:40	4.29	--	200	85800	买盘
11:19:30	4.29	--	144	61776	买盘
11:19:20	4.29	--	5	2145	买盘
11:19:15	4.29	--	350	150150	买盘
11:19:10	4.29	--	307	131703	买盘
11:19:05	4.29	--	597	256113	卖盘
11:18:55	4.29	--	134	57486	买盘
11:18:45	4.29	--	127	54483	买盘
11:18:40	4.29	--	112	48048	买盘
11:18:30	4.29	--	3	1287	买盘
11:18:25	4.29	--	3	1287	买盘
11:18:15	4.29	--	29	12441	买盘
11:18:10	4.29	-0.01	1496	641784	卖盘
11:17:55	4.3	0.01	3	1290	买盘
11:17:45	4.29	-0.01	500	214500	卖盘
11:17:40	4.3	--	2	860	买盘
11:17:30	4.3	0.01	20	8600	买盘
11:17:15	4.29	-0.01	10	4290	卖盘
11:16:54	4.3	0.01	7	3010	买盘
11:16:50	4.29	--	47	20163	卖盘
11:16:45	4.29	-0.01	18	7722	卖盘
11:16:39	4.3	--	51	21930	买盘
11:16:24	4.3	0.01	6	2580	买盘
11:16:15	4.29	-0.01	68	29172	卖盘
11:16:09	4.3	0.01	219	94170	买盘
11:15:45	4.29	-0.01	1007	432003	卖盘
11:15:39	4.3	--	36	15480	买盘
11:15:30	4.3	--	10	4300	买盘
11:15:24	4.3	0.01	1	430	买盘
11:15:15	4.29	-0.01	1	429	卖盘
11:15:09	4.3	--	1001	430430	买盘
11:15:00	4.3	--	368	158240	买盘
11:14:49	4.3	--	100	43000	买盘
11:14:39	4.3	0.01	7	3010	买盘
11:14:24	4.29	--	234	100386	卖盘
11:14:15	4.29	-0.01	5	2145	卖盘
11:14:09	4.3	--	10	4300	买盘
11:14:00	4.3	--	2	860	买盘
11:13:45	4.3	-0.01	209	89870	卖盘
11:13:34	4.31	0.02	532	229291	买盘
11:13:24	4.29	--	0	0	卖盘
11:13:15	4.29	-0.01	1207	517803	卖盘
11:13:09	4.3	--	145	62350	买盘
11:12:59	4.3	0.01	2	860	买盘
11:12:49	4.29	--	29	12441	卖盘
11:12:45	4.29	--	20	8580	卖盘
11:12:39	4.29	-0.01	1875	804375	卖盘
11:12:29	4.3	--	17	7310	买盘
11:12:19	4.3	--	15	6450	买盘
11:12:04	4.3	--	10	4300	买盘
11:11:49	4.3	--	123	52890	买盘
11:11:44	4.3	--	3617	1555310	卖盘
11:11:39	4.3	--	25	10750	卖盘
11:11:34	4.3	--	5	2150	卖盘
11:11:29	4.3	-0.01	20	8600	卖盘
11:11:19	4.31	0.01	32	13791	买盘
11:11:09	4.3	-0.01	25	10750	卖盘
11:11:04	4.31	--	30	12929	买盘
11:10:54	4.31	--	75	32324	卖盘
11:10:49	4.31	--	323	139213	卖盘
11:10:44	4.31	--	12	5171	卖盘
11:10:39	4.31	-0.01	5	2155	卖盘
11:10:34	4.32	0.01	17	7344	买盘
11:10:29	4.31	--	100	43099	卖盘
11:10:24	4.31	--	130	56029	卖盘
11:10:19	4.31	--	19	8188	卖盘
11:10:14	4.31	--	135	58184	卖盘
11:09:59	4.31	--	52	22411	卖盘
11:09:54	4.31	--	101	43530	卖盘
11:09:48	4.31	--	9	3878	卖盘
11:09:44	4.31	-0.01	5	2155	卖盘
11:09:39	4.32	0.01	19	8208	买盘
11:09:33	4.31	--	10	4310	卖盘
11:09:28	4.31	-0.01	269	115938	卖盘
11:09:24	4.32	0.01	2	864	买盘
11:09:18	4.31	-0.01	120	51719	卖盘
11:09:13	4.32	0.01	13	5616	买盘
11:09:03	4.31	-0.01	24	10343	卖盘
11:08:33	4.32	--	413	178416	买盘
11:08:24	4.32	--	62	26784	买盘
11:08:18	4.32	0.01	31	13392	买盘
11:07:48	4.31	0.01	356	153436	买盘
11:07:39	4.3	--	160	68800	卖盘
11:07:33	4.3	--	200	86000	卖盘
11:07:18	4.3	--	390	167700	卖盘
11:07:09	4.3	-0.01	153	65790	卖盘
11:07:03	4.31	--	14	6033	买盘
11:06:43	4.31	--	1	430	买盘
11:06:39	4.31	--	27	11636	买盘
11:06:13	4.31	--	23	9913	买盘
11:06:09	4.31	--	28	12067	买盘
11:05:48	4.31	-0.01	142	61201	卖盘
11:05:39	4.32	0.01	9	3888	买盘
11:05:33	4.31	--	827	356436	卖盘
11:05:28	4.31	--	67	28876	卖盘
11:05:18	4.31	--	57	24566	卖盘
11:05:03	4.31	--	54	23273	卖盘
11:04:58	4.31	--	761	327990	卖盘
11:04:18	4.31	--	20	8620	卖盘
11:04:13	4.31	--	12	5171	卖盘
11:04:03	4.31	--	100	43099	卖盘
11:03:58	4.31	--	46	19826	卖盘
11:03:43	4.31	--	4	1723	卖盘
11:03:27	4.31	-0.01	6	2585	卖盘
11:03:18	4.32	--	8	3456	买盘
11:03:12	4.32	--	27	11664	买盘
11:02:57	4.32	--	27	11664	买盘
11:02:48	4.32	--	7	3024	买盘
11:02:42	4.32	--	1	432	买盘
11:02:33	4.32	0.01	11	4752	买盘
11:02:27	4.31	--	10	4310	卖盘
11:02:18	4.31	-0.01	2	861	卖盘
11:02:12	4.32	--	11	4752	买盘
11:01:57	4.32	0.02	39	16848	买盘
11:01:52	4.3	--	0	0	卖盘
11:01:48	4.3	-0.01	1000	430000	卖盘
11:01:42	4.31	-0.01	1	430	卖盘
11:01:37	4.32	0.02	20	8640	买盘
11:01:27	4.3	-0.01	120	51600	卖盘
11:01:12	4.31	--	45	19395	买盘
11:01:07	4.31	--	100	43099	买盘
11:01:03	4.31	0.01	10	4310	买盘
11:00:57	4.3	--	4	1720	卖盘
11:00:48	4.3	-0.01	170	73100	卖盘
11:00:42	4.31	--	62	26721	买盘
11:00:33	4.31	0.01	47	20256	买盘
11:00:27	4.3	-0.01	1	430	卖盘
11:00:22	4.31	--	20	8620	买盘
11:00:18	4.31	--	12	5171	买盘
11:00:07	4.31	--	6	2585	买盘
11:00:03	4.31	--	89	38359	买盘
10:59:48	4.31	--	1	430	买盘
10:59:22	4.31	0.01	40	17240	买盘
10:58:52	4.3	-0.01	8	3440	卖盘
10:58:47	4.31	--	100	43099	买盘
10:58:42	4.31	--	99	42668	买盘
10:58:37	4.31	--	14	6033	买盘
10:58:32	4.31	--	1	430	买盘
10:58:27	4.31	0.01	2115	911564	买盘
10:58:22	4.3	--	49	21070	卖盘
10:58:07	4.3	--	45	19350	卖盘
10:57:57	4.3	-0.01	10	4300	卖盘
10:57:47	4.31	0.01	10	4310	买盘
10:57:27	4.3	--	2	860	卖盘
10:57:07	4.3	-0.01	41	17630	卖盘
10:56:57	4.31	0.01	149	64218	买盘
10:56:52	4.3	--	3	1290	卖盘
10:56:42	4.3	--	30	12900	卖盘
10:56:36	4.3	--	30	12900	卖盘
10:56:27	4.3	--	10	4300	卖盘
10:56:21	4.3	--	11	4730	卖盘
10:56:17	4.3	--	50	21500	卖盘
10:56:06	4.3	--	291	125130	买盘
10:55:57	4.3	--	102	43860	买盘
10:55:51	4.3	--	20	8600	买盘
10:55:42	4.3	--	100	43000	买盘
10:55:36	4.3	--	47	20210	买盘
10:55:31	4.3	--	60	25800	买盘
10:55:27	4.3	--	10	4300	买盘
10:55:12	4.3	--	205	88150	买盘
10:55:06	4.3	--	2	860	买盘
10:55:01	4.3	--	1150	494500	买盘
10:54:42	4.3	0.01	100	43000	买盘
10:54:36	4.29	--	1	429	卖盘
10:54:31	4.29	-0.01	10	4290	卖盘
10:54:12	4.3	--	1000	430000	买盘
10:53:46	4.3	--	1	430	买盘
10:53:42	4.3	0.01	150	64500	买盘
10:53:36	4.29	-0.01	11	4719	卖盘
10:53:21	4.3	--	38	16340	买盘
10:53:12	4.3	--	70	30100	买盘
10:53:06	4.3	0.01	100	43000	买盘
10:53:01	4.29	-0.01	2	858	卖盘
10:52:57	4.3	--	17	7310	买盘
10:52:51	4.3	--	11	4730	买盘
10:52:21	4.3	0.01	5	2150	买盘
10:52:16	4.29	-0.01	313	134277	卖盘
10:52:11	4.3	--	26	11180	买盘
10:52:06	4.3	--	5	2150	买盘
10:51:51	4.3	0.01	20	8600	买盘
10:51:46	4.29	--	13	5577	卖盘
10:51:41	4.29	--	70	30030	卖盘
10:51:31	4.29	--	53	22737	卖盘
10:51:26	4.29	-0.01	6	2574	卖盘
10:51:21	4.3	0.01	180	77400	买盘
10:51:16	4.29	--	15	6435	卖盘
10:51:06	4.29	--	3	1287	卖盘
10:51:01	4.29	-0.01	161	69069	卖盘
10:50:36	4.3	--	54	23220	买盘
10:50:16	4.3	0.01	5	2150	买盘
10:50:06	4.29	-0.01	23	9867	卖盘
10:50:00	4.3	--	1	430	买盘
10:49:56	4.3	--	20	8600	买盘
10:49:45	4.3	0.01	70	30100	买盘
10:49:36	4.29	-0.01	43	18447	卖盘
10:49:26	4.3	0.01	10	4300	买盘
10:49:21	4.29	--	1002	429858	卖盘
10:49:15	4.29	-0.01	1	429	卖盘
10:49:06	4.3	0.01	101	43430	买盘
10:48:51	4.29	--	17	7293	卖盘
10:48:36	4.29	-0.01	30	12870	卖盘
10:48:30	4.3	0.01	5	2150	买盘
10:48:25	4.29	--	63	27027	卖盘
10:48:15	4.29	--	15	6435	卖盘
10:48:00	4.29	--	105	45045	卖盘
10:47:40	4.29	-0.01	20	8580	卖盘
10:47:21	4.3	--	4	1720	买盘
10:47:06	4.3	--	8	3440	买盘
10:46:45	4.3	--	250	107500	买盘
10:46:36	4.3	--	24	10320	买盘
10:46:30	4.3	0.01	22	9460	买盘
10:46:25	4.29	-0.01	17	7293	卖盘
10:46:21	4.3	0.01	20	8600	买盘
10:46:10	4.29	-0.01	396	169884	卖盘
10:46:00	4.3	0.01	241	103630	买盘
10:45:50	4.29	--	7	3003	卖盘
10:45:45	4.29	--	1	429	卖盘
10:45:40	4.29	--	7	3003	卖盘
10:45:30	4.29	-0.01	17	7293	卖盘
10:45:25	4.3	--	100	43000	买盘
10:45:00	4.3	0.01	2	860	买盘
10:44:55	4.29	-0.01	7	3003	卖盘
10:44:35	4.3	--	4	1720	买盘
10:44:25	4.3	--	50	21500	买盘
10:44:20	4.3	--	11	4730	买盘
10:44:15	4.3	0.01	457	196510	买盘
10:43:50	4.29	--	11	4719	卖盘
10:43:40	4.29	-0.01	40	17160	卖盘
10:43:24	4.3	0.01	1	430	买盘
10:43:09	4.29	--	17	7293	卖盘
10:43:05	4.29	--	9	3861	卖盘
10:43:00	4.29	--	1	429	卖盘
10:42:39	4.29	--	7	3003	卖盘
10:42:30	4.29	--	7	3003	卖盘
10:42:19	4.29	-0.01	3	1287	卖盘
10:42:09	4.3	--	11	4730	买盘
10:41:54	4.3	0.01	1	430	买盘
10:41:34	4.29	--	29	12441	卖盘
10:41:30	4.29	--	158	67782	卖盘
10:41:24	4.29	0.01	88	37752	买盘
10:41:19	4.28	-0.01	6	2568	卖盘
10:41:15	4.29	--	3	1287	买盘
10:41:09	4.29	--	145	62205	卖盘
10:40:45	4.29	--	50	21450	卖盘
10:40:39	4.29	--	6	2574	卖盘
10:40:19	4.29	--	98	42042	买盘
10:40:15	4.29	--	88	37752	卖盘
10:40:09	4.29	0.01	72	30888	买盘
10:40:00	4.28	-0.01	130	55640	卖盘
10:39:54	4.29	0.01	75	32175	买盘
10:39:49	4.28	-0.01	30	12840	卖盘
10:39:45	4.29	--	393	168597	买盘
10:39:39	4.29	--	1	429	买盘
10:39:34	4.29	--	10	4290	买盘
10:39:30	4.29	--	83	35607	买盘
10:39:19	4.29	--	50	21450	买盘
10:39:14	4.29	--	11	4719	买盘
10:39:09	4.29	0.01	63	27027	买盘
10:39:04	4.28	-0.01	102	43656	卖盘
10:38:54	4.29	--	1	429	买盘
10:38:44	4.29	--	10	4290	买盘
10:38:34	4.29	--	10	4290	买盘
10:38:29	4.29	--	4717	2023593	卖盘
10:38:24	4.29	--	2	858	卖盘
10:38:14	4.29	--	1	429	卖盘
10:38:04	4.29	--	1	429	卖盘
10:37:54	4.29	--	102	43758	卖盘
10:37:49	4.29	--	16	6864	卖盘
10:37:44	4.29	--	10	4290	卖盘
10:37:39	4.29	--	105	45045	卖盘
10:37:34	4.29	--	20	8580	卖盘
10:37:29	4.29	--	21	9009	卖盘
10:37:24	4.29	-0.01	649	278421	卖盘
10:37:19	4.3	0.01	900	387000	买盘
10:37:09	4.29	--	10	4290	卖盘
10:37:04	4.29	--	31	13299	卖盘
10:36:54	4.29	--	49	21021	卖盘
10:36:48	4.29	--	17	7293	卖盘
10:36:29	4.29	--	4	1716	卖盘
10:36:24	4.29	--	361	154869	卖盘
10:36:13	4.29	--	10	4290	卖盘
10:36:09	4.29	-0.01	54	23166	卖盘
10:36:03	4.3	0.01	474	203820	买盘
10:35:54	4.29	-0.01	10	4290	卖盘
10:35:48	4.3	0.01	19	8170	买盘
10:35:43	4.29	--	64	27456	卖盘
10:35:39	4.29	--	10	4290	卖盘
10:35:33	4.29	--	11	4719	卖盘
10:35:13	4.29	-0.01	88	37752	卖盘
10:35:09	4.3	0.01	10	4300	买盘
10:34:58	4.29	--	50	21450	卖盘
10:34:54	4.29	--	41	17589	卖盘
10:34:39	4.29	--	2	858	卖盘
10:34:33	4.29	--	51	21879	卖盘
10:34:24	4.29	-0.01	3	1287	卖盘
10:34:08	4.3	--	27	11610	买盘
10:34:03	4.3	0.01	10	4300	买盘
10:33:54	4.29	-0.01	58	24882	卖盘
10:33:38	4.3	--	22	9460	买盘
10:33:33	4.3	--	27	11610	买盘
10:33:23	4.3	0.01	10	4300	买盘
10:33:08	4.29	--	20	8580	卖盘
10:33:03	4.29	-0.01	3	1287	卖盘
10:32:53	4.3	--	134	57620	买盘
10:32:43	4.3	0.01	10	4300	买盘
10:32:13	4.29	--	35	15015	卖盘
10:31:58	4.29	-0.01	17	7293	卖盘
10:31:43	4.3	--	17	7310	买盘
10:31:38	4.3	--	29	12470	买盘
10:31:33	4.3	0.01	100	43000	买盘
10:31:28	4.29	--	10	4290	卖盘
10:30:53	4.29	-0.01	1	429	卖盘
10:30:48	4.3	--	106	45580	买盘
10:30:28	4.3	0.01	108	46440	买盘
10:30:18	4.29	-0.01	10	4290	卖盘
10:30:03	4.3	0.01	7	3010	买盘
10:29:57	4.29	-0.01	460	197340	卖盘
10:29:52	4.3	--	52	22360	买盘
10:29:37	4.3	--	25	10750	买盘
10:29:33	4.3	--	67	28810	买盘
10:29:18	4.3	0.01	10	4300	买盘
10:29:12	4.29	-0.01	194	83226	卖盘
10:28:52	4.3	0.01	50	21500	买盘
10:28:48	4.29	-0.01	15	6435	卖盘
10:28:42	4.3	--	38	16340	买盘
10:28:27	4.3	--	11	4730	买盘
10:28:22	4.3	--	10	4300	买盘
10:28:18	4.3	--	30	12900	买盘
10:28:12	4.3	0.01	322	138460	买盘
10:28:03	4.29	-0.01	60	25740	卖盘
10:27:57	4.3	--	120	51600	买盘
10:27:48	4.3	0.01	116	49880	买盘
10:27:42	4.29	-0.01	18	7722	卖盘
10:27:37	4.3	--	30	12900	买盘
10:27:33	4.3	--	1127	484610	买盘
10:27:22	4.3	0.01	20	8600	买盘
10:27:18	4.29	-0.01	8	3432	卖盘
10:27:07	4.3	--	2	860	买盘
10:27:02	4.3	0.01	30	12900	买盘
10:26:57	4.29	--	33	14157	卖盘
10:26:52	4.29	-0.01	5	2145	卖盘
10:26:37	4.3	--	102	43860	买盘
10:26:22	4.3	0.01	25	10750	买盘
10:26:12	4.29	-0.01	21	9009	卖盘
10:26:07	4.3	--	5	2150	买盘
10:26:02	4.3	--	103	44290	买盘
10:25:42	4.3	--	10	4300	买盘
10:25:17	4.3	--	5	2150	买盘
10:25:07	4.3	0.01	6	2580	买盘
10:24:57	4.29	-0.01	612	262548	卖盘
10:24:52	4.3	0.01	400	172000	买盘
10:24:42	4.29	-0.01	54	23166	卖盘
10:24:37	4.3	0.01	2	860	买盘
10:24:27	4.29	--	6	2574	卖盘
10:24:22	4.29	-0.01	6	2574	卖盘
10:24:12	4.3	0.01	131	56330	买盘
10:24:07	4.29	-0.01	40	17160	卖盘
10:23:52	4.3	--	82	35260	买盘
10:23:42	4.3	--	5	2150	买盘
10:23:36	4.3	0.01	100	43000	买盘
10:23:27	4.29	--	3	1287	卖盘
10:23:21	4.29	-0.01	13	5577	卖盘
10:23:12	4.3	--	5	2150	买盘
10:23:06	4.3	--	25	10750	买盘
10:23:01	4.3	0.01	100	43000	买盘
10:22:57	4.29	-0.01	12	5148	卖盘
10:22:51	4.3	--	30	12900	买盘
10:22:46	4.3	--	1	430	买盘
10:22:36	4.3	0.01	503	216290	买盘
10:22:21	4.29	-0.01	12	5148	卖盘
10:22:12	4.3	0.01	272	116960	买盘
10:22:06	4.29	--	21	9009	卖盘
10:22:01	4.29	-0.01	87	37323	卖盘
10:21:57	4.3	0.01	10	4300	买盘
10:21:46	4.29	--	38	16302	卖盘
10:21:42	4.29	--	96	41184	卖盘
10:21:26	4.29	--	520	223080	卖盘
10:21:21	4.29	--	36	15444	卖盘
10:21:16	4.29	--	20	8580	卖盘
10:21:12	4.29	--	20	8580	卖盘
10:21:01	4.29	-0.01	50	21450	卖盘
10:20:56	4.3	0.01	1093	469990	买盘
10:20:51	4.29	--	20	8580	卖盘
10:20:46	4.29	-0.01	5	2145	卖盘
10:20:41	4.3	0.01	70	30100	买盘
10:20:36	4.29	--	1020	437580	卖盘
10:20:26	4.29	--	68	29172	卖盘
10:20:11	4.29	--	15	6435	卖盘
10:20:06	4.29	--	99	42471	卖盘
10:20:01	4.29	0.01	1	429	中性盘
10:19:56	4.28	--	64	27490	卖盘
10:19:51	4.28	-0.01	4	1712	卖盘
10:19:46	4.29	--	305	130845	买盘
10:19:41	4.29	--	10	4290	买盘
10:19:31	4.29	--	2	858	买盘
10:19:26	4.29	--	33	14487	卖盘
10:19:16	4.29	--	46	19832	买盘
10:19:11	4.29	--	6	2574	买盘
10:19:06	4.29	--	40	17160	买盘
10:19:01	4.29	--	25	10725	买盘
10:18:56	4.29	--	1	429	买盘
10:18:51	4.29	--	30	12870	买盘
10:18:46	4.29	--	83	35607	买盘
10:18:36	4.29	--	30	13200	卖盘
10:18:31	4.29	--	1	429	卖盘
10:18:21	4.29	--	339	145431	卖盘
10:18:16	4.29	--	130	55770	卖盘
10:18:01	4.29	-0.01	371	159159	卖盘
10:17:56	4.3	0.01	5	2150	买盘
10:17:51	4.29	--	51	21879	卖盘
10:17:31	4.29	--	20	8580	卖盘
10:17:21	4.29	--	1483	636207	卖盘
10:17:16	4.29	--	37	15873	卖盘
10:17:06	4.29	--	2225	954525	卖盘
10:16:51	4.29	--	14	6006	卖盘
10:16:41	4.29	--	70	30030	卖盘
10:16:36	4.29	--	17	7293	卖盘
10:16:30	4.29	--	265	113685	卖盘
10:16:25	4.29	--	22	9438	卖盘
10:16:15	4.29	-0.01	6	2574	卖盘
10:16:10	4.3	0.01	1	430	买盘
10:16:00	4.29	-0.01	16	6864	卖盘
10:15:55	4.3	--	1	430	买盘
10:15:51	4.3	--	18	7740	买盘
10:15:45	4.3	--	2	860	买盘
10:15:30	4.3	--	280	120400	买盘
10:15:15	4.3	0.01	10	4300	买盘
10:15:10	4.29	-0.01	10	4290	卖盘
10:15:00	4.3	--	277	119110	买盘
10:14:55	4.3	0.01	10	4300	买盘
10:14:40	4.29	--	34	14586	卖盘
10:14:36	4.29	-0.01	4	1716	卖盘
10:14:25	4.3	--	8	3440	买盘
10:14:00	4.3	0.01	472	202960	买盘
10:13:55	4.29	--	721	309309	卖盘
10:13:35	4.29	--	2	858	卖盘
10:13:20	4.29	--	250	107250	卖盘
10:13:15	4.29	--	50	21450	卖盘
10:13:05	4.29	--	94	40326	卖盘
10:12:50	4.29	--	2	858	卖盘
10:12:45	4.29	-0.01	47	20163	卖盘
10:12:35	4.3	--	9	3870	买盘
10:12:30	4.3	0.01	9	3870	买盘
10:12:25	4.29	-0.01	101	43329	卖盘
10:12:15	4.3	0.01	80	34400	买盘
10:12:10	4.29	--	9	3861	卖盘
10:12:05	4.29	-0.01	74	31746	卖盘
10:12:00	4.3	0.01	14	6020	买盘
10:11:45	4.29	--	99	42471	卖盘
10:11:40	4.29	--	8	3432	卖盘
10:11:35	4.29	--	31	13299	卖盘
10:11:30	4.29	--	112	48048	卖盘
10:11:25	4.29	--	2	858	卖盘
10:11:10	4.29	--	29	12441	卖盘
10:11:05	4.29	-0.01	13	5577	卖盘
10:11:00	4.3	--	32	13760	买盘
10:10:45	4.3	0.01	50	21500	买盘
10:10:40	4.29	--	84	36036	卖盘
10:10:35	4.29	-0.01	56	24024	卖盘
10:10:30	4.3	0.01	20	8600	买盘
10:10:24	4.29	--	3	1287	卖盘
10:10:15	4.29	--	107	45903	卖盘
10:10:00	4.29	--	712	305448	卖盘
10:09:49	4.29	--	20	8580	卖盘
10:09:39	4.29	-0.01	184	78936	卖盘
10:09:34	4.3	0.01	36	15480	买盘
10:09:30	4.29	--	1064	456456	卖盘
10:09:24	4.29	-0.01	68	29172	卖盘
10:09:15	4.3	--	81	34830	买盘
10:09:09	4.3	0.01	104	44720	买盘
10:09:00	4.29	--	1908	818532	卖盘
10:08:45	4.29	--	25	10725	卖盘
10:08:39	4.29	--	10	4290	卖盘
10:08:34	4.29	-0.01	200	85800	卖盘
10:08:24	4.3	0.01	13	5590	买盘
10:08:15	4.29	--	505	216645	卖盘
10:08:00	4.29	-0.01	17	7293	卖盘
10:07:54	4.3	--	23	9890	买盘
10:07:49	4.3	0.01	1	430	买盘
10:07:44	4.29	-0.01	217	93093	卖盘
10:07:39	4.3	--	500	215000	买盘
10:07:29	4.3	--	2	860	买盘
10:07:24	4.3	--	101	43430	买盘
10:07:19	4.3	0.01	10	4300	买盘
10:07:14	4.29	-0.01	31	13299	卖盘
10:06:54	4.3	0.01	30	12900	买盘
10:06:49	4.29	--	10	4290	卖盘
10:06:44	4.29	--	65	27885	卖盘
10:06:29	4.29	-0.01	2	858	卖盘
10:06:24	4.3	0.01	2	860	买盘
10:06:19	4.29	-0.01	17	7293	卖盘
10:06:14	4.3	0.01	3	1290	买盘
10:06:04	4.29	--	60	25740	卖盘
10:05:59	4.29	-0.01	34	14586	卖盘
10:05:54	4.3	0.01	10	4300	买盘
10:05:49	4.29	-0.01	2	858	卖盘
10:05:39	4.3	0.01	10	4300	买盘
10:05:34	4.29	--	109	46761	卖盘
10:05:24	4.29	-0.01	60	25740	卖盘
10:05:14	4.3	0.01	142	61060	买盘
10:05:09	4.29	--	3	1287	卖盘
10:05:04	4.29	--	28	12012	卖盘
10:04:59	4.29	-0.01	100	42900	卖盘
10:04:49	4.3	0.01	2	860	买盘
10:04:39	4.29	--	52	22308	卖盘
10:04:24	4.29	--	18	7722	卖盘
10:04:19	4.29	--	103	44187	卖盘
10:04:14	4.29	--	1	429	卖盘
10:04:03	4.29	--	207	88803	卖盘
10:03:54	4.29	-0.01	511	219219	卖盘
10:03:48	4.3	0.01	115	49450	买盘
10:03:44	4.29	--	20	8580	卖盘
10:03:39	4.29	--	144	61776	卖盘
10:03:18	4.29	-0.01	10	4290	卖盘
10:03:13	4.3	0.01	224	96320	买盘
10:03:09	4.29	-0.01	13	5577	卖盘
10:03:03	4.3	0.01	390	167700	买盘
10:02:58	4.29	-0.01	100	42900	卖盘
10:02:54	4.3	--	5	2150	买盘
10:02:48	4.3	0.01	124	53320	买盘
10:02:43	4.29	--	13	5577	卖盘
10:02:39	4.29	-0.01	102	43758	卖盘
10:02:28	4.3	--	72	30960	买盘
10:02:24	4.3	--	20	8600	买盘
10:02:18	4.3	0.01	17	7310	买盘
10:02:13	4.29	-0.01	211	90519	卖盘
10:02:09	4.3	0.01	96	41280	买盘
10:02:03	4.29	--	285	122265	卖盘
10:01:58	4.29	-0.01	100	42900	卖盘
10:01:48	4.3	0.01	123	52890	买盘
10:01:33	4.29	--	3	1287	卖盘
10:01:28	4.29	-0.01	74	31746	卖盘
10:01:08	4.3	--	13	5590	买盘
10:01:03	4.3	--	101	43430	买盘
10:00:53	4.3	0.01	193	82990	买盘
10:00:48	4.29	--	127	54483	卖盘
10:00:43	4.29	--	140	60060	卖盘
10:00:38	4.29	--	100	42900	卖盘
10:00:33	4.29	--	201	86229	卖盘
10:00:28	4.29	--	4	1716	卖盘
10:00:23	4.29	--	1	429	卖盘
10:00:18	4.29	--	364	156254	买盘
10:00:13	4.29	--	287	123123	买盘
10:00:08	4.29	--	84	36036	买盘
10:00:03	4.29	--	24	10296	买盘
09:59:58	4.29	--	1318	565752	卖盘
09:59:53	4.29	--	273	117117	卖盘
09:59:48	4.29	-0.01	248	106392	卖盘
09:59:43	4.3	--	76	32680	买盘
09:59:33	4.3	--	21	9030	买盘
09:59:28	4.3	--	1154	496220	买盘
09:59:23	4.3	--	89	38270	买盘
09:59:18	4.3	--	376	161860	买盘
09:59:13	4.3	--	93	39990	买盘
09:59:08	4.3	0.01	148	63640	买盘
09:59:03	4.29	-0.01	182	78078	卖盘
09:58:58	4.3	--	63	27090	买盘
09:58:53	4.3	-0.01	1610	692300	卖盘
09:58:43	4.31	0.01	30	12929	买盘
09:58:38	4.3	--	13	5590	卖盘
09:58:33	4.3	-0.01	41	17630	卖盘
09:58:28	4.31	--	10	4310	买盘
09:58:23	4.31	0.01	11	4741	买盘
09:58:18	4.3	--	83	35690	卖盘
09:58:13	4.3	--	47	20210	卖盘
09:58:08	4.3	--	11	4730	卖盘
09:58:03	4.3	--	9	3870	卖盘
09:57:58	4.3	--	1443	620490	买盘
09:57:53	4.3	--	50	21500	买盘
09:57:48	4.3	--	118	50740	买盘
09:57:42	4.3	--	50	21500	买盘
09:57:37	4.3	0.01	15	6450	买盘
09:57:33	4.29	-0.01	30	12870	卖盘
09:57:27	4.3	0.01	1028	442388	买盘
09:57:18	4.29	--	112	48048	卖盘
09:57:12	4.29	--	229	98241	卖盘
09:57:07	4.29	-0.01	1	429	卖盘
09:57:03	4.3	--	70	30100	买盘
09:56:57	4.3	--	205	88150	买盘
09:56:52	4.3	--	6	2580	买盘
09:56:48	4.3	--	53	22790	买盘
09:56:42	4.3	--	352	151360	买盘
09:56:37	4.3	--	7	3010	买盘
09:56:33	4.3	--	54	23220	买盘
09:56:27	4.3	--	513	220590	卖盘
09:56:22	4.3	--	10	4300	卖盘
09:56:18	4.3	--	44	18920	买盘
09:56:12	4.3	--	178	76540	买盘
09:56:03	4.3	--	283	121690	卖盘
09:55:57	4.3	--	100	43000	卖盘
09:55:47	4.3	-0.01	60	25800	卖盘
09:55:42	4.31	--	1331	573661	买盘
09:55:37	4.31	--	55	23704	买盘
09:55:32	4.31	--	43	18533	买盘
09:55:27	4.31	--	11	4741	买盘
09:55:18	4.31	0.01	10	4310	买盘
09:55:12	4.3	--	60	25800	卖盘
09:55:07	4.3	--	50	21500	卖盘
09:55:02	4.3	-0.01	50	21500	卖盘
09:54:57	4.31	0.01	3	1292	买盘
09:54:52	4.3	-0.01	20	8600	卖盘
09:54:47	4.31	--	540	232739	买盘
09:54:42	4.31	--	12	5171	买盘
09:54:37	4.31	0.01	7	3016	买盘
09:54:32	4.3	--	0	0	卖盘
09:54:27	4.3	--	51	21930	卖盘
09:54:22	4.3	-0.01	858	368940	卖盘
09:54:17	4.31	--	25	10774	买盘
09:54:12	4.31	-0.01	3	1292	买盘
09:54:07	4.32	--	0	0	买盘
09:54:02	4.32	0.01	1509	651888	买盘
09:53:57	4.31	--	41	17671	卖盘
09:53:52	4.31	--	4	1723	卖盘
09:53:47	4.31	-0.01	10	4310	卖盘
09:53:37	4.32	0.02	404	174528	买盘
09:53:32	4.3	--	10	4300	卖盘
09:53:27	4.3	-0.01	901	387430	卖盘
09:53:22	4.31	--	188	81027	买盘
09:53:12	4.31	0.01	146	62925	买盘
09:53:07	4.3	--	80	34400	卖盘
09:53:02	4.3	-0.01	59	25370	卖盘
09:52:57	4.31	--	3625	1562374	买盘
09:52:52	4.31	--	63	27152	买盘
09:52:47	4.31	--	15	6464	买盘
09:52:42	4.31	--	10	4310	买盘
09:52:37	4.31	--	70	30169	买盘
09:52:32	4.31	--	2797	1205507	卖盘
09:52:27	4.31	-0.01	14	6033	卖盘
09:52:12	4.32	--	132	57274	卖盘
09:52:07	4.32	--	3	1296	卖盘
09:52:02	4.32	--	100	43200	卖盘
09:51:57	4.32	--	69	29808	卖盘
09:51:52	4.32	--	229	98928	卖盘
09:51:47	4.32	--	23	9936	卖盘
09:51:42	4.32	--	14	6048	卖盘
09:51:36	4.32	--	14	6048	卖盘
09:51:27	4.32	--	43	18576	卖盘
09:51:21	4.32	--	250	108000	卖盘
09:51:16	4.32	-0.01	573	247536	卖盘
09:51:12	4.33	0.01	150	64950	买盘
09:51:06	4.32	-0.01	100	43200	卖盘
09:50:57	4.33	--	1083	468939	买盘
09:50:42	4.33	--	300	129900	买盘
09:50:27	4.33	0.01	99	42867	买盘
09:50:21	4.32	-0.01	1	432	卖盘
09:50:16	4.33	0.01	1	433	买盘
09:50:06	4.32	-0.01	23	9936	卖盘
09:50:01	4.33	--	2	866	买盘
09:49:56	4.33	--	3	1299	买盘
09:49:51	4.33	--	3	1299	买盘
09:49:41	4.33	--	30	12990	买盘
09:49:31	4.33	0.01	20	8660	买盘
09:49:21	4.32	-0.01	369	159408	卖盘
09:49:11	4.33	--	70	30310	买盘
09:49:01	4.33	0.01	10	4330	买盘
09:48:56	4.32	--	16	6912	卖盘
09:48:51	4.32	--	32	13824	卖盘
09:48:41	4.32	--	10	4320	卖盘
09:48:36	4.32	-0.01	112	48384	卖盘
09:48:31	4.33	--	1	433	买盘
09:48:26	4.33	--	23	9959	买盘
09:48:06	4.33	--	4	1732	买盘
09:48:01	4.33	0.01	90	38970	买盘
09:47:56	4.32	-0.01	2165	935280	卖盘
09:47:46	4.33	--	10	4330	卖盘
09:47:36	4.33	--	37	16021	卖盘
09:47:31	4.33	--	5	2165	卖盘
09:47:26	4.33	--	29	12557	卖盘
09:47:21	4.33	--	10	4330	卖盘
09:47:16	4.33	--	66	28578	卖盘
09:47:06	4.33	--	78	33774	卖盘
09:47:01	4.33	--	4	1732	卖盘
09:46:51	4.33	--	32	13856	卖盘
09:46:46	4.33	--	805	348746	买盘
09:46:36	4.33	--	2	866	买盘
09:46:31	4.33	--	1206	522198	买盘
09:46:06	4.33	--	37	16021	买盘
09:46:01	4.33	--	12	5196	买盘
09:45:56	4.33	0.01	2	866	买盘
09:45:46	4.32	--	40	17280	卖盘
09:45:41	4.32	-0.01	89	38448	卖盘
09:45:36	4.33	--	19	8227	买盘
09:45:30	4.33	--	15	6495	买盘
09:45:21	4.33	--	50	21650	买盘
09:45:10	4.33	--	52	22516	买盘
09:45:05	4.33	--	6	2598	买盘
09:44:50	4.33	--	10	4330	买盘
09:44:45	4.33	--	315	136395	卖盘
09:44:40	4.33	--	5	2165	卖盘
09:44:36	4.33	-0.01	52	22516	卖盘
09:44:30	4.34	0.01	30	13020	买盘
09:44:25	4.33	--	18	7794	卖盘
09:44:20	4.33	--	20	8660	卖盘
09:44:15	4.33	--	102	44166	卖盘
09:44:10	4.33	--	12	5196	卖盘
09:44:06	4.33	--	67	29011	买盘
09:44:00	4.33	-0.01	128	55424	卖盘
09:43:55	4.34	0.01	4	1736	买盘
09:43:50	4.33	--	78	33774	卖盘
09:43:45	4.33	--	112	48496	卖盘
09:43:40	4.33	--	17	7361	卖盘
09:43:30	4.33	0.01	600	259800	买盘
09:43:25	4.32	-0.01	11	4752	卖盘
09:43:20	4.33	--	147	63651	买盘
09:43:15	4.33	--	137	59321	买盘
09:43:10	4.33	--	39	16887	买盘
09:43:05	4.33	--	52	22516	买盘
09:43:00	4.33	--	43	18619	买盘
09:42:55	4.33	--	23	9959	买盘
09:42:50	4.33	--	35	15155	买盘
09:42:45	4.33	0.01	111	48063	买盘
09:42:40	4.32	-0.01	1	432	卖盘
09:42:30	4.33	--	350	151550	买盘
09:42:25	4.33	--	50	21650	买盘
09:42:20	4.33	--	671	290543	买盘
09:42:15	4.33	--	60	25980	买盘
09:42:05	4.33	--	334	144622	卖盘
09:42:00	4.33	-0.01	300	129900	卖盘
09:41:55	4.34	0.01	83	36022	买盘
09:41:50	4.33	--	557	241181	卖盘
09:41:45	4.33	--	70	30310	卖盘
09:41:40	4.33	-0.01	20	8660	卖盘
09:41:35	4.34	0.01	6	2604	买盘
09:41:30	4.33	--	3	1299	卖盘
09:41:25	4.33	-0.01	171	74043	卖盘
09:41:20	4.34	0.01	454	197036	买盘
09:41:15	4.33	--	4	1732	卖盘
09:41:10	4.33	--	202	87466	卖盘
09:41:00	4.33	--	30	12990	卖盘
09:40:55	4.33	--	52	22516	卖盘
09:40:50	4.33	--	10	4330	卖盘
09:40:45	4.33	--	100	43300	卖盘
09:40:40	4.33	--	25	10825	卖盘
09:40:35	4.33	0.01	72	31176	买盘
09:40:30	4.32	-0.01	1	432	卖盘
09:40:25	4.33	--	59	25547	买盘
09:40:20	4.33	--	120	51960	卖盘
09:40:15	4.33	--	358	155014	买盘
09:40:10	4.33	0.01	22	9526	买盘
09:40:05	4.32	-0.01	2	864	卖盘
09:40:00	4.33	--	175	75775	买盘
09:39:55	4.33	--	122	52826	卖盘
09:39:50	4.33	--	22	9526	卖盘
09:39:45	4.33	--	153	66249	卖盘
09:39:40	4.33	--	147	63651	卖盘
09:39:35	4.33	-0.01	136	58888	卖盘
09:39:30	4.34	0.01	34	14756	买盘
09:39:24	4.33	--	50	21650	卖盘
09:39:20	4.33	--	198	85734	卖盘
09:39:15	4.33	--	1	433	卖盘
09:39:04	4.33	--	919	397927	买盘
09:38:59	4.33	--	103	44599	买盘
09:38:54	4.33	--	1	433	买盘
09:38:44	4.33	--	218	94394	买盘
09:38:39	4.33	--	21	9093	买盘
09:38:29	4.33	0.01	1037	449021	买盘
09:38:24	4.32	-0.01	75	32400	卖盘
09:38:14	4.33	--	38	16454	买盘
09:38:09	4.33	0.01	248	107384	买盘
09:37:54	4.32	-0.01	94	40608	卖盘
09:37:49	4.33	0.01	3	1299	买盘
09:37:44	4.32	--	168	72576	卖盘
09:37:39	4.32	--	8	3456	卖盘
09:37:24	4.32	-0.01	5	2160	卖盘
09:37:19	4.33	0.01	5	2165	买盘
09:37:04	4.32	--	1	432	卖盘
09:36:59	4.32	--	3	1296	卖盘
09:36:54	4.32	-0.01	12	5184	卖盘
09:36:44	4.33	0.01	38	16454	买盘
09:36:39	4.32	--	153	66096	买盘
09:36:34	4.32	-0.01	117	50544	卖盘
09:36:29	4.33	0.01	5	2165	买盘
09:36:24	4.32	--	74	31968	卖盘
09:36:14	4.32	--	2	864	卖盘
09:36:09	4.32	--	30	12960	卖盘
09:35:59	4.32	--	100	43200	卖盘
09:35:54	4.32	--	19	8208	买盘
09:35:49	4.32	--	5	2160	买盘
09:35:44	4.32	--	25	10800	买盘
09:35:39	4.32	-0.01	53	22896	卖盘
09:35:34	4.33	0.01	2	866	买盘
09:35:29	4.32	--	17	7344	卖盘
09:35:19	4.32	-0.01	6	2592	卖盘
09:35:14	4.33	0.01	4	1732	买盘
09:35:09	4.32	-0.01	60	25920	卖盘
09:35:04	4.33	0.01	12	5196	买盘
09:34:49	4.32	--	51	22032	卖盘
09:34:44	4.32	--	134	57888	卖盘
09:34:39	4.32	0.01	400	172800	买盘
09:34:34	4.31	--	1	430	卖盘
09:34:29	4.31	-0.01	44	18964	卖盘
09:34:24	4.32	--	10	4320	买盘
09:34:14	4.32	--	1	432	买盘
09:34:04	4.32	0.01	11	4752	买盘
09:33:59	4.31	-0.01	10	4310	卖盘
09:33:54	4.32	--	32	13824	买盘
09:33:49	4.32	--	7	3024	买盘
09:33:44	4.32	0.01	10	4320	买盘
09:33:39	4.31	--	39	16809	卖盘
09:33:34	4.31	-0.01	18	7757	卖盘
09:33:29	4.32	0.01	43	18576	买盘
09:33:24	4.31	-0.01	3	1292	卖盘
09:33:18	4.32	0.01	1043	450576	买盘
09:33:09	4.31	-0.01	58	24997	卖盘
09:33:03	4.32	0.01	36	15552	买盘
09:32:54	4.31	--	12	5171	卖盘
09:32:48	4.31	--	2	861	卖盘
09:32:43	4.31	-0.01	10	4310	卖盘
09:32:38	4.32	0.01	5	2160	买盘
09:32:33	4.31	-0.01	235	101284	卖盘
09:32:18	4.32	--	62	26784	买盘
09:32:13	4.32	0.01	8	3456	中性盘
09:32:08	4.31	-0.01	102	43961	卖盘
09:32:03	4.32	--	45	19440	卖盘
09:31:53	4.32	--	61	26352	卖盘
09:31:43	4.32	--	5	2160	卖盘
09:31:38	4.32	--	21	9072	卖盘
09:31:33	4.32	--	144	62208	卖盘
09:31:23	4.32	--	50	21600	卖盘
09:31:13	4.32	--	88	38016	买盘
09:31:08	4.32	--	50	21600	买盘
09:30:53	4.32	--	29	12528	买盘
09:30:48	4.32	-0.01	1	432	卖盘
09:30:43	4.33	0.01	200	86600	买盘
09:30:38	4.32	--	10	4320	卖盘
09:30:23	4.32	0.01	190	82080	买盘
09:30:18	4.31	--	37	15946	卖盘
09:30:13	4.31	--	83	35773	卖盘
09:30:08	4.31	-0.01	945	407294	卖盘
09:30:03	4.32	0.02	61	26352	买盘
09:28:45	4.3	--	0	0	卖盘
09:25:06	4.3	4.3	329	141470	买盘
