成交时间	成交价	价格变动	成交量(手)	成交额(元)	性质
15:00:00	7.61	0.01	0	0	买盘
14:59:59	7.6	-0.01	15	11400	卖盘
14:59:58	7.61	0.01	444	337884	买盘
14:59:52	7.6	-0.01	12	9120	卖盘
14:59:48	7.61	--	182	138502	买盘
14:59:43	7.61	--	233	177313	买盘
14:59:37	7.61	--	175	133175	卖盘
14:59:33	7.61	--	53	40333	卖盘
14:59:28	7.61	--	363	276243	卖盘
14:59:22	7.61	-0.01	116	88276	卖盘
14:59:18	7.62	0.01	38	28956	买盘
14:59:13	7.61	--	383	291463	买盘
14:59:07	7.61	--	11	8371	买盘
14:59:03	7.61	--	149	113389	买盘
14:58:58	7.61	-0.02	370	281570	卖盘
14:58:52	7.63	0.02	474	361662	买盘
14:58:47	7.61	--	198	150678	卖盘
14:58:43	7.61	--	871	662831	卖盘
14:58:37	7.61	--	188	143068	卖盘
14:58:33	7.61	0.01	86	65446	买盘
14:58:28	7.6	-0.01	371	281960	卖盘
14:58:22	7.61	0.01	142	108062	买盘
14:58:18	7.6	--	557	423745	买盘
14:58:13	7.6	--	132	100320	买盘
14:58:07	7.6	--	418	317680	买盘
14:58:03	7.6	--	101	76760	买盘
14:57:58	7.6	0.01	793	602680	买盘
14:57:52	7.59	--	146	110814	卖盘
14:57:48	7.59	--	44	33396	卖盘
14:57:43	7.59	-0.01	160	121440	卖盘
14:57:37	7.6	0.01	43	32680	买盘
14:57:33	7.59	--	87	66033	卖盘
14:57:27	7.59	--	147	111573	买盘
14:57:22	7.59	0.01	533	404547	买盘
14:57:18	7.58	--	110	83380	卖盘
14:57:12	7.58	--	50	37900	卖盘
14:57:07	7.58	--	912	691296	卖盘
14:57:02	7.58	--	574	435092	卖盘
14:56:57	7.58	--	28	21224	卖盘
14:56:52	7.58	--	23	17434	卖盘
14:56:48	7.58	--	140	106771	买盘
14:56:42	7.58	--	12	9096	买盘
14:56:37	7.58	--	208	157664	买盘
14:56:32	7.58	--	21	15918	买盘
14:56:27	7.58	0.01	13	9854	买盘
14:56:22	7.57	--	40	30280	卖盘
14:56:17	7.57	-0.01	622	470854	卖盘
14:56:12	7.58	0.01	104	78832	买盘
14:56:07	7.57	--	162	122634	买盘
14:56:01	7.57	-0.01	765	579210	卖盘
14:55:57	7.58	--	116	87928	买盘
14:55:52	7.58	--	215	162970	买盘
14:55:46	7.58	0.01	694	526052	买盘
14:55:42	7.57	--	21	15897	卖盘
14:55:37	7.57	-0.01	49	37093	卖盘
14:55:31	7.58	--	45	34110	买盘
14:55:22	7.58	0.01	299	227293	买盘
14:55:16	7.57	--	5	3785	买盘
14:55:12	7.57	--	133	100681	买盘
14:55:07	7.57	0.01	305	230885	买盘
14:55:01	7.56	--	569	430164	卖盘
14:54:57	7.56	-0.01	10	7560	卖盘
14:54:52	7.57	0.01	204	154428	买盘
14:54:46	7.56	--	2	1512	卖盘
14:54:42	7.56	--	106	80136	买盘
14:54:37	7.56	--	447	337932	买盘
14:54:31	7.56	--	136	102816	买盘
14:54:27	7.56	--	5	3780	买盘
14:54:22	7.56	0.01	37	27972	买盘
14:54:16	7.55	--	13	9815	卖盘
14:54:12	7.55	--	35	26425	卖盘
14:54:07	7.55	--	462	348810	买盘
14:54:01	7.55	--	1230	928650	买盘
14:53:52	7.55	0.01	6	4530	买盘
14:53:46	7.54	-0.01	148	111592	卖盘
14:53:42	7.55	0.01	30	22650	买盘
14:53:37	7.54	-0.01	83	62582	卖盘
14:53:31	7.55	0.01	25	18875	买盘
14:53:27	7.54	--	10	7540	卖盘
14:53:22	7.54	--	10	7540	卖盘
14:53:12	7.54	--	40	30160	卖盘
14:53:01	7.54	--	25	18850	卖盘
14:52:52	7.54	--	11	8294	卖盘
14:52:46	7.54	--	170	128180	买盘
14:52:41	7.54	--	40	30160	买盘
14:52:37	7.54	--	118	88972	买盘
14:52:31	7.54	--	3	2262	买盘
14:52:27	7.54	--	79	59566	买盘
14:52:22	7.54	--	28	21112	买盘
14:52:16	7.54	--	5	3770	买盘
14:52:11	7.54	--	12	9048	买盘
14:52:07	7.54	--	116	87464	买盘
14:52:01	7.54	--	310	233740	卖盘
14:51:56	7.54	--	111	83694	卖盘
14:51:52	7.54	-0.01	5	3770	卖盘
14:51:46	7.55	0.01	1	755	买盘
14:51:42	7.54	--	160	120640	卖盘
14:51:37	7.54	-0.01	10	7540	卖盘
14:51:31	7.55	0.01	27	20385	买盘
14:51:26	7.54	--	5	3770	卖盘
14:51:22	7.54	--	6	4524	卖盘
14:51:11	7.54	--	10	7540	卖盘
14:51:07	7.54	--	0	0	中性盘
14:51:01	7.54	--	388	292552	买盘
14:50:52	7.54	--	79	59566	买盘
14:50:46	7.54	--	79	59566	买盘
14:50:41	7.54	--	2	1508	买盘
14:50:37	7.54	--	100	75400	买盘
14:50:31	7.54	--	10	7540	买盘
14:50:27	7.54	0.01	6	4524	买盘
14:50:21	7.53	-0.01	4	3012	卖盘
14:50:06	7.54	--	297	223938	买盘
14:50:01	7.54	0.01	127	95758	买盘
14:49:56	7.53	-0.01	210	158130	卖盘
14:49:51	7.54	--	30	22620	买盘
14:49:46	7.54	--	17	12818	买盘
14:49:42	7.54	0.01	7	5278	买盘
14:49:31	7.53	-0.01	217	163401	卖盘
14:49:27	7.54	--	6	4524	买盘
14:49:21	7.54	--	51	38454	买盘
14:49:16	7.54	0.01	48	36192	买盘
14:49:11	7.53	--	8	6024	卖盘
14:49:06	7.53	--	20	15060	卖盘
14:49:01	7.53	--	7	5271	卖盘
14:48:56	7.53	--	10	7530	卖盘
14:48:51	7.53	-0.01	6	4518	卖盘
14:48:46	7.54	0.01	59	44486	买盘
14:48:40	7.53	--	34	25602	卖盘
14:48:31	7.53	--	12	9036	卖盘
14:48:25	7.53	--	81	60993	买盘
14:48:21	7.53	--	28	21084	买盘
14:48:16	7.53	--	8	6024	买盘
14:48:10	7.53	--	7	5271	卖盘
14:48:01	7.53	--	5	3765	卖盘
14:47:55	7.53	--	120	90360	卖盘
14:47:36	7.53	--	5	3765	卖盘
14:47:25	7.53	--	10	7530	卖盘
14:47:16	7.53	--	25	18825	卖盘
14:47:10	7.53	0.01	92	69276	买盘
14:47:01	7.52	--	221	166192	卖盘
14:46:55	7.52	-0.01	4	3008	卖盘
14:46:51	7.53	--	5	3765	买盘
14:46:40	7.53	--	40	30120	买盘
14:46:36	7.53	--	15	11295	买盘
14:46:21	7.53	0.01	59	44427	买盘
14:46:16	7.52	--	77	57904	卖盘
14:46:06	7.52	-0.01	61	45872	卖盘
14:46:01	7.53	0.01	45	33885	买盘
14:45:46	7.52	--	10	7520	卖盘
14:45:31	7.52	--	16	12032	卖盘
14:45:16	7.52	--	5	3760	卖盘
14:45:10	7.52	--	126	94752	卖盘
14:45:01	7.52	--	7	5264	卖盘
14:44:55	7.52	--	49	36848	卖盘
14:44:50	7.52	--	4	3008	卖盘
14:44:46	7.52	--	4	3008	买盘
14:44:35	7.52	--	76	57152	卖盘
14:44:31	7.52	--	48	36096	卖盘
14:44:10	7.52	--	30	22560	卖盘
14:44:01	7.52	--	56	42112	买盘
14:43:55	7.52	--	57	42864	买盘
14:43:46	7.52	--	15	11280	买盘
14:43:40	7.52	0.01	5	3760	买盘
14:43:35	7.51	-0.01	1	751	卖盘
14:43:31	7.52	--	60	45120	买盘
14:43:25	7.52	--	4	3008	买盘
14:43:20	7.52	--	20	15040	买盘
14:43:15	7.52	--	14	10528	买盘
14:43:10	7.52	-0.01	2	1504	卖盘
14:43:00	7.53	0.01	20	15060	买盘
14:42:55	7.52	--	4	3008	买盘
14:42:50	7.52	-0.01	266	200032	卖盘
14:42:35	7.53	0.01	60	45180	买盘
14:42:30	7.52	--	1	752	卖盘
14:42:25	7.52	-0.01	13	9776	卖盘
14:42:10	7.53	--	142	106926	卖盘
14:42:05	7.53	--	65	48945	卖盘
14:42:00	7.53	--	6	4518	卖盘
14:41:50	7.53	--	28	21084	卖盘
14:41:45	7.53	--	4	3012	买盘
14:41:40	7.53	--	11	8283	卖盘
14:41:34	7.53	0.01	19	14307	买盘
14:41:30	7.52	-0.01	3	2256	卖盘
14:41:25	7.53	--	28	21084	买盘
14:41:19	7.53	--	15	11295	买盘
14:41:15	7.53	--	6	4518	买盘
14:41:04	7.53	0.01	88	66264	买盘
14:40:55	7.52	-0.01	69	51888	卖盘
14:40:49	7.53	--	9	6777	买盘
14:40:34	7.53	--	21	15813	买盘
14:40:30	7.53	--	18	13554	买盘
14:40:25	7.53	-0.01	26	19578	卖盘
14:40:19	7.54	0.01	116	87464	买盘
14:40:15	7.53	--	8	6024	卖盘
14:40:04	7.53	--	50	37650	卖盘
14:39:55	7.53	0.01	760	572280	买盘
14:39:45	7.52	--	67	50384	卖盘
14:39:40	7.52	--	15	11280	卖盘
14:39:34	7.52	--	101	75952	卖盘
14:39:15	7.52	0.01	71	53843	买盘
14:39:10	7.51	-0.01	20	15020	卖盘
14:39:04	7.52	0.01	290	218080	买盘
14:39:00	7.51	-0.01	6	4506	卖盘
14:38:55	7.52	--	9	6768	买盘
14:38:49	7.52	--	4	3008	卖盘
14:38:40	7.52	--	133	100016	买盘
14:38:34	7.52	--	1	752	买盘
14:38:29	7.52	--	2	1504	买盘
14:38:19	7.52	--	50	37600	买盘
14:38:04	7.52	--	39	29328	买盘
14:37:59	7.52	--	1	752	买盘
14:37:55	7.52	0.01	112	84224	买盘
14:37:44	7.51	--	7	5257	卖盘
14:37:39	7.51	-0.01	56	42056	卖盘
14:37:25	7.52	0.01	30	22560	买盘
14:37:19	7.51	-0.01	116	87116	卖盘
14:37:10	7.52	--	55	41360	买盘
14:37:04	7.52	--	138	103776	买盘
14:36:55	7.52	--	48	36096	买盘
14:36:44	7.52	--	10	7520	买盘
14:36:40	7.52	0.01	3	2256	买盘
14:36:34	7.51	-0.01	9	6759	卖盘
14:36:24	7.52	--	1	752	买盘
14:36:09	7.52	--	183	137616	买盘
14:36:04	7.52	0.01	146	109792	买盘
14:35:54	7.51	--	73	54823	卖盘
14:35:49	7.51	-0.01	99	74349	卖盘
14:35:44	7.52	--	6	4512	买盘
14:35:39	7.52	--	49	36848	买盘
14:35:34	7.52	--	9	6768	买盘
14:35:24	7.52	--	9	6768	买盘
14:35:14	7.52	0.01	20	15040	买盘
14:35:04	7.51	-0.01	139	104389	卖盘
14:34:49	7.52	0.01	100	75200	买盘
14:34:44	7.51	-0.01	2	1502	卖盘
14:34:39	7.52	0.01	15	11280	买盘
14:34:34	7.51	-0.01	206	154706	卖盘
14:34:28	7.52	--	8	6016	买盘
14:34:13	7.52	0.01	70	52640	买盘
14:34:04	7.51	--	99	74349	卖盘
14:33:58	7.51	--	47	35297	卖盘
14:33:49	7.51	--	50	37550	卖盘
14:33:43	7.51	--	99	74349	卖盘
14:33:34	7.51	-0.01	5	3755	卖盘
14:33:28	7.52	0.01	20	15040	买盘
14:33:24	7.51	--	45	33795	卖盘
14:33:19	7.51	--	30	22530	买盘
14:33:13	7.51	--	3	2253	买盘
14:33:09	7.51	--	1	751	买盘
14:33:04	7.51	0.01	53	39803	买盘
14:32:58	7.5	-0.01	102	76500	卖盘
14:32:54	7.51	--	250	187750	买盘
14:32:49	7.51	0.01	10	7510	买盘
14:32:39	7.5	-0.01	2	1500	卖盘
14:32:18	7.51	--	16	12016	买盘
14:32:13	7.51	--	174	130674	买盘
14:32:04	7.51	0.01	10	7510	买盘
14:31:58	7.5	-0.01	10	7500	卖盘
14:31:53	7.51	0.01	74	55574	买盘
14:31:49	7.5	--	28	21000	卖盘
14:31:43	7.5	--	6	4500	卖盘
14:31:19	7.5	--	22	16500	卖盘
14:31:13	7.5	--	4	3000	卖盘
14:31:03	7.5	--	50	37500	卖盘
14:30:58	7.5	--	99	74250	卖盘
14:30:53	7.5	--	5	3750	卖盘
14:30:43	7.5	-0.01	5	3750	卖盘
14:30:34	7.51	0.01	30	22530	买盘
14:30:28	7.5	--	221	165750	卖盘
14:30:23	7.5	-0.01	24	18000	卖盘
14:30:08	7.51	0.01	30	22530	买盘
14:30:04	7.5	--	20	15000	卖盘
14:29:49	7.5	--	5	3750	卖盘
14:29:43	7.5	0.01	84	63000	买盘
14:29:38	7.49	-0.01	40	29960	卖盘
14:29:34	7.5	0.01	64	48000	买盘
14:29:23	7.49	-0.01	16	11984	卖盘
14:29:19	7.5	--	20	15000	买盘
14:29:13	7.5	--	20	15000	买盘
14:29:03	7.5	0.01	8	6000	买盘
14:28:58	7.49	-0.01	130	97370	卖盘
14:28:53	7.5	--	30	22500	买盘
14:28:33	7.5	--	62	46500	买盘
14:28:28	7.5	--	4	3000	买盘
14:28:23	7.5	--	50	37500	买盘
14:28:13	7.5	--	125	93750	买盘
14:28:08	7.5	--	111	83250	买盘
14:28:03	7.5	--	10	7500	买盘
14:27:48	7.5	--	21	15750	买盘
14:27:38	7.5	--	5	3750	买盘
14:27:22	7.5	--	25	18750	买盘
14:27:13	7.5	0.01	129	96750	买盘
14:27:03	7.49	-0.01	50	37450	卖盘
14:26:52	7.5	0.01	4	3000	买盘
14:26:43	7.49	-0.01	159	119091	卖盘
14:26:18	7.5	0.01	4	3000	买盘
14:26:07	7.49	-0.01	20	14980	卖盘
14:25:58	7.5	--	42	31500	买盘
14:25:48	7.5	--	9	6750	买盘
14:25:43	7.5	--	18	13500	买盘
14:25:33	7.5	0.01	24	18000	买盘
14:25:28	7.49	--	5	3745	卖盘
14:25:22	7.49	--	10	7490	卖盘
14:25:18	7.49	--	28	20972	卖盘
14:25:13	7.49	0.01	19	14231	买盘
14:25:07	7.48	-0.01	45	33660	卖盘
14:25:03	7.49	--	108	80892	买盘
14:24:58	7.49	--	15	11235	买盘
14:24:52	7.49	--	10	7490	买盘
14:24:27	7.49	--	40	29960	卖盘
14:24:22	7.49	--	72	53928	卖盘
14:24:17	7.49	-0.01	35	26215	卖盘
14:24:13	7.5	0.01	3	2250	买盘
14:24:07	7.49	--	150	112350	卖盘
14:23:58	7.49	-0.01	9	6741	卖盘
14:23:37	7.5	--	209	156750	卖盘
14:23:32	7.5	--	28	21000	卖盘
14:23:27	7.5	--	213	159750	卖盘
14:23:22	7.5	--	150	112500	卖盘
14:23:13	7.5	-0.01	115	86250	卖盘
14:23:07	7.51	0.01	43	32293	买盘
14:23:02	7.5	--	10	7500	卖盘
14:22:58	7.5	--	154	115500	卖盘
14:22:52	7.5	--	13	9750	卖盘
14:22:47	7.5	-0.01	127	95250	卖盘
14:22:37	7.51	0.01	120	90120	买盘
14:22:28	7.5	--	54	40500	卖盘
14:22:17	7.5	-0.01	3	2250	卖盘
14:21:57	7.51	--	12	9012	买盘
14:21:52	7.51	--	10	7510	买盘
14:21:43	7.51	0.01	1	751	买盘
14:21:32	7.5	-0.01	46	34500	卖盘
14:21:22	7.51	--	53	39803	卖盘
14:20:42	7.51	--	69	51819	买盘
14:20:37	7.51	--	31	23281	卖盘
14:20:32	7.51	-0.01	410	307910	卖盘
14:20:27	7.52	0.01	1	752	买盘
14:20:22	7.51	--	6	4506	卖盘
14:20:01	7.51	-0.01	2	1502	卖盘
14:19:52	7.52	--	9	6768	买盘
14:19:37	7.52	0.01	188	141376	买盘
14:19:27	7.51	--	67	50317	卖盘
14:19:22	7.51	--	100	75100	卖盘
14:19:16	7.51	--	101	75851	卖盘
14:19:12	7.51	--	5	3755	卖盘
14:19:07	7.51	0.01	100	75100	买盘
14:19:01	7.5	-0.01	107	80250	卖盘
14:18:52	7.51	--	8	6008	买盘
14:18:46	7.51	--	10	7510	买盘
14:18:42	7.51	0.01	50	37550	买盘
14:18:37	7.5	-0.01	54	40500	卖盘
14:18:31	7.51	-0.01	140	105140	卖盘
14:18:22	7.52	0.01	10	7520	买盘
14:18:16	7.51	--	144	108144	卖盘
14:18:06	7.51	-0.01	120	90120	卖盘
14:17:57	7.52	--	3	2256	买盘
14:17:52	7.52	--	6	4512	买盘
14:17:46	7.52	--	159	119568	卖盘
14:17:37	7.52	--	113	84976	卖盘
14:17:31	7.52	0.01	10	7520	卖盘
14:17:22	7.51	-0.01	103	77353	卖盘
14:17:16	7.52	0.01	169	127088	买盘
14:17:11	7.51	--	10	7510	卖盘
14:17:06	7.51	-0.01	100	75100	卖盘
14:17:01	7.52	0.01	9	6768	买盘
14:16:56	7.51	-0.01	20	15020	卖盘
14:16:52	7.52	--	10	7520	买盘
14:16:46	7.52	0.01	2	1504	买盘
14:16:37	7.51	-0.01	10	7510	卖盘
14:16:22	7.52	--	109	81968	卖盘
14:16:16	7.52	--	14	10528	卖盘
14:16:07	7.52	--	110	82720	卖盘
14:16:01	7.52	--	23	17296	卖盘
14:15:46	7.52	--	10	7520	卖盘
14:15:37	7.52	--	5	3760	卖盘
14:15:31	7.52	--	30	22560	卖盘
14:15:22	7.52	--	10	7520	卖盘
14:15:01	7.52	-0.01	6	4512	卖盘
14:14:26	7.53	--	503	378759	卖盘
14:14:21	7.53	-0.01	270	203310	卖盘
14:14:06	7.54	0.01	38	28652	买盘
14:13:56	7.53	-0.01	40	30120	卖盘
14:13:41	7.54	0.01	5	3770	买盘
14:13:16	7.53	-0.01	52	39156	卖盘
14:13:11	7.54	--	20	15080	买盘
14:13:06	7.54	--	122	91988	卖盘
14:12:31	7.54	-0.01	20	15080	卖盘
14:12:25	7.55	0.01	20	15100	买盘
14:11:55	7.54	--	29	21866	买盘
14:11:46	7.54	--	60	45240	买盘
14:11:40	7.54	--	35	26390	买盘
14:11:36	7.54	--	6	4524	买盘
14:11:10	7.54	0.01	30	22620	买盘
14:10:55	7.53	-0.01	2	1506	卖盘
14:10:46	7.54	--	105	79170	买盘
14:10:30	7.54	--	2	1508	卖盘
14:10:25	7.54	--	11	8294	卖盘
14:10:10	7.54	--	101	76154	卖盘
14:10:05	7.54	--	10	7540	卖盘
14:09:55	7.54	-0.01	10	7540	卖盘
14:09:50	7.55	--	5	3775	买盘
14:09:45	7.55	--	4	3020	买盘
14:09:40	7.55	--	3	2265	买盘
14:09:31	7.55	--	10	7550	买盘
14:09:20	7.55	--	12	9060	买盘
14:09:10	7.55	-0.01	952	718760	卖盘
14:09:05	7.56	--	1	756	买盘
14:09:01	7.56	--	2	1512	买盘
14:08:55	7.56	0.01	27	20412	买盘
14:08:46	7.55	--	30	22650	卖盘
14:08:25	7.55	--	133	100415	买盘
14:08:10	7.55	0.01	178	134390	买盘
14:07:55	7.54	-0.01	6	4524	卖盘
14:07:45	7.55	--	20	15100	买盘
14:07:35	7.55	--	23	17365	卖盘
14:07:25	7.55	-0.01	127	95885	卖盘
14:07:15	7.56	0.01	23	17388	买盘
14:07:10	7.55	--	10	7550	卖盘
14:07:05	7.55	-0.01	16	12080	卖盘
14:06:55	7.56	--	21	15876	买盘
14:06:40	7.56	--	15	11340	买盘
14:06:30	7.56	--	15	11340	买盘
14:06:25	7.56	0.01	56	42336	买盘
14:06:15	7.55	-0.01	8	6040	卖盘
14:06:10	7.56	--	6	4536	买盘
14:05:55	7.56	--	66	49896	买盘
14:05:49	7.56	--	160	120960	买盘
14:05:40	7.56	--	0	0	买盘
14:05:34	7.56	0.01	15	11340	买盘
14:05:19	7.55	--	25	19177	卖盘
14:05:15	7.55	--	13	9815	卖盘
14:05:10	7.55	--	12	9060	卖盘
14:05:04	7.55	0.01	616	465533	买盘
14:04:55	7.54	0.01	33	24882	买盘
14:04:49	7.53	--	18	13554	卖盘
14:04:45	7.53	--	60	45180	卖盘
14:04:40	7.53	-0.01	107	80571	卖盘
14:04:25	7.54	--	30	22620	卖盘
14:04:19	7.54	0.01	470	354380	买盘
14:04:10	7.53	--	2	1506	卖盘
14:03:55	7.53	--	15	11295	卖盘
14:03:04	7.53	--	13	9789	卖盘
14:02:34	7.53	--	145	109185	卖盘
14:02:19	7.53	-0.01	36	27108	卖盘
14:02:14	7.54	--	40	30160	买盘
14:02:09	7.54	0.01	15	11310	买盘
14:02:04	7.53	-0.01	66	49698	卖盘
14:01:59	7.54	--	10	7540	买盘
14:01:54	7.54	--	20	15080	买盘
14:01:44	7.54	--	100	75400	买盘
14:01:39	7.54	0.01	9	6786	买盘
14:01:34	7.53	-0.01	15	11295	卖盘
14:01:29	7.54	0.01	33	24882	买盘
14:01:25	7.53	-0.01	20	15060	卖盘
14:01:19	7.54	--	10	7540	买盘
14:01:04	7.54	--	6	4524	中性盘
14:00:59	7.54	--	1	754	买盘
14:00:49	7.54	--	102	76908	买盘
14:00:44	7.54	--	49	36946	买盘
14:00:34	7.54	--	10	7540	买盘
14:00:19	7.54	--	10	7540	买盘
14:00:09	7.54	0.01	118	88972	买盘
13:59:44	7.53	-0.01	30	22590	卖盘
13:59:34	7.54	0.01	20	15080	买盘
13:59:29	7.53	--	25	18825	卖盘
13:58:58	7.53	0.01	1	753	买盘
13:58:54	7.52	-0.02	10	7520	卖盘
13:58:34	7.54	--	0	0	买盘
13:58:28	7.54	--	17	12818	买盘
13:58:19	7.54	--	11	8294	买盘
13:58:13	7.54	0.02	40	30160	买盘
13:58:09	7.52	--	5	3760	卖盘
13:58:04	7.52	-0.02	6	4512	卖盘
13:57:54	7.54	--	0	0	买盘
13:57:49	7.54	--	50	37700	买盘
13:57:39	7.54	0.04	5	3770	买盘
13:57:34	7.5	-0.04	60	45000	卖盘
13:57:28	7.54	0.04	7	5278	买盘
13:57:24	7.5	-0.04	30	22500	卖盘
13:57:19	7.54	0.04	17	12818	买盘
13:56:58	7.5	-0.04	1376	1032000	卖盘
13:56:18	7.54	0.02	330	248820	买盘
13:56:13	7.52	--	15	11280	卖盘
13:56:03	7.52	--	10	7520	卖盘
13:55:58	7.52	--	26	19552	卖盘
13:55:48	7.52	0.01	8	6016	买盘
13:55:43	7.51	--	5	3755	卖盘
13:55:28	7.51	--	10	7510	卖盘
13:55:23	7.51	--	0	0	卖盘
13:55:18	7.51	--	0	0	卖盘
13:55:03	7.51	-0.01	390	292890	卖盘
13:54:43	7.52	--	101	75952	买盘
13:54:33	7.52	--	5	3760	买盘
13:54:28	7.52	--	20	15040	买盘
13:54:18	7.52	-0.01	36	27072	卖盘
13:54:13	7.53	0.01	145	109185	买盘
13:54:08	7.52	--	53	39856	卖盘
13:54:03	7.52	--	84	63168	卖盘
13:53:48	7.52	-0.01	1	752	卖盘
13:53:43	7.53	0.01	20	15060	买盘
13:53:03	7.52	-0.01	1	752	卖盘
13:52:58	7.53	--	2	1506	买盘
13:52:53	7.53	--	1	753	买盘
13:52:43	7.53	0.01	11	8283	买盘
13:52:38	7.52	--	30	22560	卖盘
13:52:07	7.52	-0.01	10	7520	卖盘
13:51:52	7.53	0.01	4	3012	买盘
13:51:48	7.52	--	16	12032	卖盘
13:51:37	7.52	--	26	19552	卖盘
13:51:33	7.52	--	1	752	卖盘
13:51:22	7.52	--	1	752	卖盘
13:51:18	7.52	--	16	12032	卖盘
13:51:03	7.52	-0.01	20	15040	卖盘
13:50:58	7.53	0.01	50	37650	买盘
13:50:43	7.52	-0.01	9	6768	卖盘
13:50:33	7.53	0.01	5	3765	买盘
13:50:13	7.52	-0.01	1	752	卖盘
13:49:57	7.53	0.01	21	15813	买盘
13:49:47	7.52	-0.01	50	37600	卖盘
13:49:42	7.53	0.01	177	133281	买盘
13:49:37	7.52	--	60	45120	卖盘
13:49:32	7.52	--	50	37600	卖盘
13:49:22	7.52	--	7	5264	卖盘
13:49:02	7.52	--	20	15040	卖盘
13:48:57	7.52	--	20	15040	卖盘
13:48:37	7.52	--	20	15040	卖盘
13:48:22	7.52	--	70	52640	卖盘
13:48:12	7.52	0.01	187	140624	买盘
13:47:57	7.51	-0.01	201	150951	卖盘
13:47:37	7.52	0.01	17	12784	买盘
13:47:22	7.51	--	60	45060	卖盘
13:47:12	7.51	--	138	103638	买盘
13:47:07	7.51	--	11	8261	买盘
13:46:52	7.51	--	123	92373	卖盘
13:46:47	7.51	--	3	2253	卖盘
13:46:37	7.51	--	100	75100	卖盘
13:46:32	7.51	--	2	1502	卖盘
13:46:27	7.51	--	3	2253	卖盘
13:46:22	7.51	--	25	18775	买盘
13:46:17	7.51	--	48	36048	买盘
13:46:02	7.51	--	22	16522	买盘
13:45:52	7.51	--	30	22530	买盘
13:45:47	7.51	--	78	58578	买盘
13:45:37	7.51	--	45	33795	买盘
13:45:32	7.51	0.01	67	50317	买盘
13:45:17	7.5	-0.01	47	35250	卖盘
13:45:12	7.51	--	3	2253	买盘
13:45:01	7.51	--	32	24032	买盘
13:44:57	7.51	0.01	20	15020	买盘
13:44:42	7.5	--	20	15000	卖盘
13:44:37	7.5	-0.01	67	50250	卖盘
13:44:22	7.51	--	49	36799	买盘
13:44:16	7.51	0.01	58	43558	买盘
13:44:07	7.5	-0.01	89	66750	卖盘
13:43:57	7.51	0.01	80	60080	买盘
13:43:52	7.5	--	107	80250	卖盘
13:43:46	7.5	--	5	3750	卖盘
13:43:37	7.5	--	21	15750	卖盘
13:43:31	7.5	--	18	13500	卖盘
13:43:22	7.5	--	296	222000	卖盘
13:43:16	7.5	--	30	22500	卖盘
13:43:12	7.5	-0.01	2	1500	卖盘
13:43:01	7.51	--	29	21779	卖盘
13:42:57	7.51	--	50	37550	卖盘
13:42:36	7.51	-0.01	10	7510	卖盘
13:42:31	7.52	0.01	8	6016	买盘
13:42:21	7.51	-0.01	612	459612	卖盘
13:42:06	7.52	--	99	74448	卖盘
13:42:01	7.52	-0.01	10	7520	卖盘
13:41:46	7.53	--	3	2259	买盘
13:41:36	7.53	0.01	26	19578	买盘
13:41:31	7.52	-0.01	51	38352	卖盘
13:41:01	7.53	0.01	18	13554	买盘
13:40:41	7.52	-0.01	11	8272	卖盘
13:40:16	7.53	0.01	5	3765	买盘
13:40:11	7.52	--	52	39104	卖盘
13:40:01	7.52	--	5	3760	卖盘
13:39:46	7.52	--	55	41360	卖盘
13:39:41	7.52	-0.01	100	75200	卖盘
13:39:36	7.53	--	11	8283	买盘
13:39:01	7.53	0.01	58	43674	买盘
13:38:56	7.52	-0.01	43	32335	卖盘
13:38:41	7.53	0.01	7	5271	买盘
13:38:35	7.52	--	8	6016	卖盘
13:38:31	7.52	-0.01	6	4512	卖盘
13:38:26	7.53	--	47	35391	买盘
13:38:16	7.53	0.01	2	1506	买盘
13:38:11	7.52	--	285	214320	卖盘
13:38:01	7.52	-0.01	9	6768	卖盘
13:37:31	7.53	--	100	75300	买盘
13:37:10	7.53	0.01	23	17319	买盘
13:37:06	7.52	-0.01	2	1504	卖盘
13:37:01	7.53	0.01	47	35391	买盘
13:36:55	7.52	-0.01	347	260943	卖盘
13:36:46	7.53	--	11	8283	买盘
13:36:40	7.53	--	19	14307	买盘
13:36:36	7.53	--	78	58734	卖盘
13:36:31	7.53	--	6	4518	卖盘
13:36:25	7.53	-0.01	225	169425	卖盘
13:36:10	7.54	0.01	31	23374	买盘
13:36:01	7.53	--	29	21837	卖盘
13:35:55	7.53	-0.01	80	60240	卖盘
13:35:51	7.54	0.01	11	8294	买盘
13:35:45	7.53	--	150	112950	卖盘
13:35:40	7.53	-0.01	316	237948	卖盘
13:35:30	7.54	0.01	1	754	买盘
13:35:25	7.53	--	19	14307	卖盘
13:35:10	7.53	-0.01	22	16566	卖盘
13:35:05	7.54	0.01	76	57304	买盘
13:34:55	7.53	-0.01	103	77559	卖盘
13:34:40	7.54	--	7	5278	卖盘
13:34:35	7.54	--	20	15080	卖盘
13:34:30	7.54	--	9	6786	买盘
13:34:25	7.54	-0.01	239	180206	买盘
13:34:20	7.55	0.02	32	24160	买盘
13:34:15	7.53	-0.01	253	190509	卖盘
13:34:10	7.54	--	18	13572	卖盘
13:34:05	7.54	--	52	39208	卖盘
13:34:00	7.54	--	127	95758	卖盘
13:33:55	7.54	--	98	73892	买盘
13:33:40	7.54	0.01	50	37700	买盘
13:33:30	7.53	--	100	75300	卖盘
13:33:25	7.53	-0.01	106	79818	卖盘
13:33:20	7.54	-0.01	40	30160	中性盘
13:33:15	7.55	0.02	58	43790	买盘
13:33:10	7.53	-0.02	42	31626	卖盘
13:33:05	7.55	--	0	0	买盘
13:33:00	7.55	0.02	485	366175	买盘
13:32:50	7.53	--	183	137799	卖盘
13:32:45	7.53	--	52	39156	卖盘
13:32:40	7.53	-0.01	8	6024	卖盘
13:32:35	7.54	--	60	45240	买盘
13:32:30	7.54	--	60	45240	买盘
13:32:14	7.54	--	1	754	买盘
13:32:10	7.54	--	59	44486	卖盘
13:32:05	7.54	--	99	74646	卖盘
13:32:00	7.54	--	10	7540	卖盘
13:31:55	7.54	--	138	104052	买盘
13:31:40	7.54	--	10	7540	买盘
13:31:35	7.54	--	1	754	买盘
13:31:25	7.54	--	160	120640	卖盘
13:31:20	7.54	--	86	64844	买盘
13:31:15	7.54	--	5	3770	买盘
13:31:10	7.54	0.01	19	14326	买盘
13:31:00	7.53	-0.01	99	74547	卖盘
13:30:55	7.54	--	68	51272	买盘
13:30:50	7.54	--	9	6786	买盘
13:30:40	7.54	0.01	2	1508	买盘
13:30:34	7.53	-0.01	61	45933	卖盘
13:30:19	7.54	--	24	18096	卖盘
13:30:04	7.54	--	136	102544	卖盘
13:29:55	7.54	-0.01	30	22620	卖盘
13:29:40	7.55	--	75	56625	买盘
13:29:34	7.55	--	15	11325	买盘
13:29:10	7.55	0.01	6	4530	买盘
13:28:55	7.54	-0.01	15	11310	卖盘
13:28:45	7.55	--	40	30200	买盘
13:28:24	7.55	--	57	43035	买盘
13:28:19	7.55	--	0	0	买盘
13:28:14	7.55	0.02	13	9815	买盘
13:28:09	7.53	-0.02	60	45180	卖盘
13:27:54	7.55	0.01	150	113250	买盘
13:27:34	7.54	--	83	62582	买盘
13:27:29	7.54	0.01	90	67860	买盘
13:27:19	7.53	--	22	16566	卖盘
13:27:09	7.53	--	19	14307	买盘
13:26:59	7.53	--	94	70782	买盘
13:26:54	7.53	0.01	109	82077	买盘
13:26:49	7.52	-0.01	155	116560	卖盘
13:26:34	7.53	--	61	45933	买盘
13:26:29	7.53	0.01	4	3012	买盘
13:26:24	7.52	--	40	30080	卖盘
13:26:09	7.52	--	69	51888	卖盘
13:25:54	7.52	-0.01	46	34592	卖盘
13:25:49	7.53	--	10	7530	买盘
13:25:39	7.53	--	13	9789	买盘
13:25:29	7.53	--	15	11295	买盘
13:25:19	7.53	--	358	269574	卖盘
13:25:14	7.53	--	36	27108	卖盘
13:25:08	7.53	--	20	15060	卖盘
13:24:59	7.53	--	8	6024	卖盘
13:24:49	7.53	-0.01	12	9036	卖盘
13:24:44	7.54	0.01	24	18096	买盘
13:24:24	7.53	-0.01	3	2259	卖盘
13:24:14	7.54	--	10	7540	买盘
13:24:09	7.54	--	115	86710	卖盘
13:23:59	7.54	--	9	6786	卖盘
13:23:49	7.54	-0.01	10	7540	买盘
13:23:34	7.55	0.01	109	82295	买盘
13:23:28	7.54	-0.01	322	242788	卖盘
13:23:24	7.55	--	5	3775	买盘
13:23:13	7.55	--	39	29445	买盘
13:23:04	7.55	--	89	67195	买盘
13:22:58	7.55	--	10	8154	卖盘
13:22:49	7.55	--	0	0	卖盘
13:22:43	7.55	--	1	755	卖盘
13:22:38	7.55	-0.02	9	6795	卖盘
13:22:34	7.57	0.02	736	557152	买盘
13:22:28	7.55	--	15	11476	买盘
13:22:19	7.55	-0.01	143	108569	卖盘
13:22:13	7.56	0.01	71	53676	买盘
13:22:09	7.55	--	110	83050	卖盘
13:22:04	7.55	--	57	43035	卖盘
13:21:58	7.55	--	6	4530	卖盘
13:21:48	7.55	--	23	17365	卖盘
13:21:43	7.55	-0.01	40	30200	卖盘
13:21:28	7.56	--	11	8316	买盘
13:21:03	7.56	0.01	12	9072	买盘
13:20:58	7.55	-0.01	24	18120	卖盘
13:20:33	7.56	--	35	26460	买盘
13:20:23	7.56	0.01	78	58968	买盘
13:20:13	7.55	--	103	77765	卖盘
13:20:08	7.55	--	99	74745	卖盘
13:20:03	7.55	--	9	6795	卖盘
13:19:43	7.55	-0.01	24	18120	卖盘
13:19:38	7.56	--	45	34020	买盘
13:19:33	7.56	--	20	15120	买盘
13:19:18	7.56	0.01	7	5292	买盘
13:19:13	7.55	-0.01	120	90600	卖盘
13:18:58	7.56	--	180	136080	买盘
13:18:48	7.56	--	6	4536	买盘
13:18:43	7.56	--	10	7560	买盘
13:18:38	7.56	0.01	47	35532	买盘
13:18:28	7.55	-0.01	2	1510	卖盘
13:18:23	7.56	--	10	8013	卖盘
13:18:18	7.56	--	5	3780	卖盘
13:18:13	7.56	--	25	18900	卖盘
13:18:08	7.56	--	150	113400	卖盘
13:18:03	7.56	--	6	4536	卖盘
13:17:58	7.56	--	15	11340	卖盘
13:17:28	7.56	--	81	61538	买盘
13:17:23	7.56	--	21	15876	买盘
13:17:18	7.56	--	20	15120	买盘
13:17:13	7.56	--	22	16632	买盘
13:16:58	7.56	--	22	17085	卖盘
13:16:48	7.56	--	20	15120	卖盘
13:16:43	7.56	--	16	12096	卖盘
13:16:38	7.56	--	11	8316	卖盘
13:16:18	7.56	--	250	189302	买盘
13:16:07	7.56	--	57	43092	买盘
13:15:52	7.56	--	7	5292	买盘
13:15:43	7.56	--	4	3024	买盘
13:15:37	7.56	--	20	15120	买盘
13:15:33	7.56	--	3	2268	买盘
13:15:28	7.56	--	34	25704	买盘
13:15:07	7.56	--	18	13608	买盘
13:15:03	7.56	--	20	15120	卖盘
13:14:58	7.56	--	42	31752	卖盘
13:14:42	7.56	0.01	238	179928	买盘
13:13:57	7.55	--	88	66591	买盘
13:13:52	7.55	0.01	30	22650	买盘
13:13:42	7.54	-0.01	65	49010	卖盘
13:13:37	7.55	0.01	72	54360	买盘
13:13:27	7.54	-0.01	140	105560	卖盘
13:13:12	7.55	--	17	12835	买盘
13:13:02	7.55	--	10	7550	买盘
13:12:57	7.55	--	7	5285	买盘
13:12:52	7.55	--	1	755	买盘
13:12:42	7.55	--	22	16610	卖盘
13:12:37	7.55	--	19	14345	卖盘
13:12:32	7.55	--	9	6795	卖盘
13:12:27	7.55	0.01	73	55115	买盘
13:12:07	7.54	-0.01	4	3016	卖盘
13:11:57	7.55	0.01	4	3020	买盘
13:11:52	7.54	-0.01	19	14326	卖盘
13:11:47	7.55	--	39	29445	卖盘
13:11:42	7.55	-0.01	20	15100	卖盘
13:11:27	7.56	0.01	139	105084	买盘
13:11:16	7.55	-0.01	1	755	卖盘
13:11:07	7.56	--	10	7560	买盘
13:10:52	7.56	0.01	3	2268	买盘
13:10:42	7.55	--	2	1510	卖盘
13:10:37	7.55	-0.01	20	15100	卖盘
13:10:32	7.56	--	20	15120	买盘
13:10:11	7.56	--	2	1512	买盘
13:10:07	7.56	0.01	20	15120	中性盘
13:10:02	7.55	-0.01	163	123065	卖盘
13:09:57	7.56	--	6	4536	卖盘
13:09:52	7.56	--	30	22680	卖盘
13:09:47	7.56	--	7	5292	卖盘
13:09:41	7.56	--	30	22680	卖盘
13:09:37	7.56	--	31	23436	买盘
13:09:16	7.56	--	9	6804	卖盘
13:09:11	7.56	-0.01	8	6048	卖盘
13:09:07	7.57	0.02	30	22710	买盘
13:09:01	7.55	--	20	15100	卖盘
13:08:57	7.55	-0.01	132	99660	卖盘
13:08:52	7.56	--	48	36288	买盘
13:08:37	7.56	--	25	18900	买盘
13:08:31	7.56	--	20	15120	买盘
13:08:22	7.56	--	19	14364	买盘
13:08:16	7.56	--	92	69657	卖盘
13:08:12	7.56	-0.01	42	31752	卖盘
13:08:07	7.57	0.01	44	33308	买盘
13:08:01	7.56	--	10	7560	卖盘
13:07:52	7.56	--	114	86184	卖盘
13:07:46	7.56	--	36	27216	卖盘
13:07:36	7.56	--	1	756	卖盘
13:07:31	7.56	--	17	12852	卖盘
13:07:26	7.56	-0.01	30	22680	卖盘
13:07:21	7.57	--	20	15140	买盘
13:07:16	7.57	0.01	103	77971	买盘
13:07:01	7.56	--	28	21168	卖盘
13:06:51	7.56	-0.01	174	132194	卖盘
13:06:41	7.57	0.01	5	3785	买盘
13:06:36	7.56	-0.01	125	94500	卖盘
13:06:31	7.57	--	66	49962	买盘
13:06:21	7.57	--	135	102195	买盘
13:06:16	7.57	--	35	26495	买盘
13:06:01	7.57	--	30	22710	买盘
13:05:51	7.57	--	67	50719	买盘
13:05:46	7.57	--	92	69644	卖盘
13:05:36	7.57	--	30	22710	卖盘
13:05:21	7.57	--	28	21196	卖盘
13:05:16	7.57	--	50	37850	卖盘
13:05:11	7.57	--	6	4542	卖盘
13:05:06	7.57	--	164	124148	买盘
13:05:01	7.57	--	25	18925	买盘
13:04:56	7.57	--	91	68887	买盘
13:04:51	7.57	0.01	2	1514	买盘
13:04:46	7.56	-0.01	4	3024	卖盘
13:04:36	7.57	--	44	33308	买盘
13:04:31	7.57	0.01	36	27252	买盘
13:04:26	7.56	--	20	15120	卖盘
13:04:21	7.56	--	2	1512	卖盘
13:04:16	7.56	--	31	23436	买盘
13:04:06	7.56	--	25	18900	买盘
13:04:01	7.56	--	96	72576	买盘
13:03:50	7.56	-0.01	1253	947268	卖盘
13:03:46	7.57	0.01	81	61317	买盘
13:03:41	7.56	--	6	4536	卖盘
13:03:16	7.56	--	71	53676	买盘
13:03:11	7.56	--	10	7560	买盘
13:03:01	7.56	--	10	7560	买盘
13:02:55	7.56	--	40	30240	买盘
13:02:51	7.56	--	3	2268	买盘
13:02:46	7.56	0.01	28	21168	买盘
13:02:31	7.55	-0.01	94	70970	卖盘
13:02:16	7.56	0.01	2	1512	买盘
13:02:06	7.55	--	74	55870	卖盘
13:02:01	7.55	--	4	3020	卖盘
13:01:55	7.55	-0.01	120	90600	卖盘
13:01:46	7.56	--	64	48384	买盘
13:01:40	7.56	0.01	33	24948	买盘
13:01:36	7.55	-0.01	200	151000	卖盘
13:01:25	7.56	0.01	43	32508	买盘
13:01:21	7.55	--	18	13590	卖盘
13:01:16	7.55	--	10	7550	卖盘
13:01:10	7.55	--	45	33975	买盘
13:00:51	7.55	--	0	0	买盘
13:00:46	7.55	--	154	116270	买盘
13:00:36	7.55	0.02	77	58135	买盘
13:00:31	7.53	-0.01	10	7530	卖盘
13:00:25	7.54	--	44	33176	卖盘
13:00:14	7.54	--	14	10556	卖盘
13:00:10	7.54	--	300	226200	卖盘
13:00:05	7.54	--	731	551181	买盘
13:00:00	7.54	--	12	9048	买盘
11:30:00	7.54	--	0	0	买盘
11:29:59	7.54	--	0	0	买盘
11:29:57	7.54	--	39	29406	买盘
11:29:51	7.54	--	20	15080	买盘
11:29:36	7.54	--	10	7540	买盘
11:29:12	7.54	--	10	7540	买盘
11:28:57	7.54	--	4	3016	买盘
11:28:51	7.54	--	24	18096	买盘
11:28:42	7.54	--	10	7540	买盘
11:28:36	7.54	--	119	89726	买盘
11:28:27	7.54	--	49	36946	买盘
11:28:12	7.54	--	19	14326	买盘
11:28:06	7.54	--	2	1508	买盘
11:28:01	7.54	0.01	3	2262	买盘
11:27:27	7.53	--	20	15060	卖盘
11:27:16	7.53	-0.01	46	34638	卖盘
11:27:06	7.54	--	24	18096	买盘
11:26:46	7.54	0.01	13	9802	买盘
11:26:26	7.53	-0.01	1	753	卖盘
11:26:16	7.54	--	10	7540	买盘
11:26:06	7.54	--	3	2262	买盘
11:26:01	7.54	-0.01	50	37700	卖盘
11:25:46	7.55	0.01	43	32465	买盘
11:25:36	7.54	--	10	7540	买盘
11:25:31	7.54	-0.01	259	195286	卖盘
11:25:26	7.55	--	8	6040	买盘
11:25:21	7.55	--	2	1510	买盘
11:25:16	7.55	0.01	21	15855	买盘
11:25:11	7.54	--	100	75400	卖盘
11:25:06	7.54	--	16	12064	卖盘
11:25:01	7.54	-0.01	6	4524	卖盘
11:24:45	7.55	0.01	8	6040	买盘
11:24:36	7.54	-0.01	114	85956	卖盘
11:24:15	7.55	--	20	15100	买盘
11:24:11	7.55	0.01	15	11325	买盘
11:24:00	7.54	--	20	15080	卖盘
11:23:55	7.54	0.01	802	604708	买盘
11:23:51	7.53	--	20	15060	卖盘
11:23:36	7.53	-0.01	65	48945	卖盘
11:23:25	7.54	0.01	8	6032	买盘
11:23:21	7.53	--	59	44427	卖盘
11:22:55	7.53	-0.01	30	22590	卖盘
11:22:51	7.54	0.01	7	5278	买盘
11:22:36	7.53	--	175	131775	卖盘
11:22:21	7.53	--	20	15060	卖盘
11:22:06	7.53	--	6	4518	卖盘
11:22:00	7.53	--	2	1506	卖盘
11:21:51	7.53	--	1	753	卖盘
11:21:45	7.53	-0.01	30	22590	卖盘
11:21:36	7.54	--	47	35438	买盘
11:21:30	7.54	--	11	8294	买盘
11:21:25	7.54	0.01	14	10556	买盘
11:21:21	7.53	--	9	6777	卖盘
11:21:15	7.53	-0.01	25	18825	卖盘
11:21:05	7.54	0.01	65	49010	买盘
11:20:51	7.53	-0.01	60	45180	卖盘
11:20:45	7.54	--	23	17342	买盘
11:20:36	7.54	--	47	35438	买盘
11:20:30	7.54	0.01	10	7540	买盘
11:20:15	7.53	-0.01	25	18825	卖盘
11:20:10	7.54	--	2	1508	买盘
11:20:05	7.54	0.01	26	19604	买盘
11:19:55	7.53	-0.01	1	753	卖盘
11:19:50	7.54	0.01	1	754	买盘
11:19:45	7.53	-0.01	28	21084	卖盘
11:19:40	7.54	--	9	6786	买盘
11:19:25	7.54	--	25	18850	买盘
11:19:15	7.54	--	120	90480	买盘
11:19:00	7.54	--	26	19604	买盘
11:18:55	7.54	--	345	260130	买盘
11:18:50	7.54	--	10	7540	买盘
11:18:40	7.54	0.01	5	3770	买盘
11:18:35	7.53	--	1	753	卖盘
11:18:30	7.53	--	74	55722	卖盘
11:18:25	7.53	--	9	6777	卖盘
11:18:20	7.53	--	3	2259	卖盘
11:18:15	7.53	-0.01	11	8283	卖盘
11:17:54	7.54	0.01	6	4524	买盘
11:17:45	7.53	-0.01	2	1506	卖盘
11:17:35	7.54	--	13	9802	买盘
11:17:24	7.54	0.01	38	28652	买盘
11:17:15	7.53	--	0	0	卖盘
11:17:09	7.53	--	4	3012	买盘
11:17:04	7.53	--	39	29367	买盘
11:17:00	7.53	-0.01	99	74547	卖盘
11:16:54	7.54	0.01	9	6786	买盘
11:16:15	7.53	--	45	33885	卖盘
11:16:09	7.53	--	29	21837	买盘
11:16:00	7.53	0.01	34	25602	买盘
11:15:54	7.52	-0.01	76	57152	卖盘
11:15:45	7.53	--	20	15060	买盘
11:15:39	7.53	--	346	260538	买盘
11:15:30	7.53	0.01	1	753	买盘
11:15:24	7.52	--	1	752	卖盘
11:15:15	7.52	--	10	7520	卖盘
11:15:00	7.52	--	11	8272	卖盘
11:14:54	7.52	0.01	37	27824	买盘
11:14:45	7.51	-0.01	1	751	卖盘
11:14:39	7.52	--	50	37600	买盘
11:14:24	7.52	--	15	11280	买盘
11:14:15	7.52	--	0	0	中性盘
11:14:00	7.52	--	18	13536	卖盘
11:13:54	7.52	--	30	22560	卖盘
11:13:39	7.52	--	63	47376	卖盘
11:13:34	7.52	-0.01	60	45120	卖盘
11:13:29	7.53	0.01	30	22590	买盘
11:13:14	7.52	-0.01	10	7520	卖盘
11:13:09	7.53	--	15	11295	卖盘
11:13:04	7.53	--	11	8283	卖盘
11:12:54	7.53	--	163	122739	买盘
11:12:39	7.53	0.01	7	5271	买盘
11:12:34	7.52	-0.01	10	7520	卖盘
11:12:24	7.53	--	3	2259	买盘
11:12:14	7.53	--	7	5271	买盘
11:12:09	7.53	--	9	6777	买盘
11:12:04	7.53	--	14	10542	买盘
11:11:54	7.53	--	15	11295	买盘
11:11:49	7.53	--	119	89607	卖盘
11:11:44	7.53	--	20	15060	卖盘
11:11:39	7.53	--	10	7530	卖盘
11:11:34	7.53	--	59	44427	卖盘
11:11:29	7.53	-0.01	5	3765	卖盘
11:11:24	7.54	--	7	5278	买盘
11:11:18	7.54	0.01	10	7540	买盘
11:11:14	7.53	--	5	3765	卖盘
11:11:03	7.53	-0.01	33	24849	卖盘
11:10:59	7.54	--	225	169650	买盘
11:10:39	7.54	--	64	48256	买盘
11:10:28	7.54	--	26	19604	买盘
11:10:24	7.54	--	58	43732	卖盘
11:10:18	7.54	--	25	18850	卖盘
11:10:13	7.54	--	6	4524	卖盘
11:10:03	7.54	0.01	91	68614	买盘
11:09:58	7.53	-0.01	4	3012	卖盘
11:09:54	7.54	--	13	9802	买盘
11:09:48	7.54	--	32	24128	卖盘
11:09:39	7.54	--	163	122902	买盘
11:09:33	7.54	--	20	15080	买盘
11:09:24	7.54	-0.01	63	47502	卖盘
11:09:18	7.55	--	267	201585	买盘
11:09:09	7.55	0.01	31	23405	买盘
11:09:03	7.54	--	34	25636	卖盘
11:08:58	7.54	--	261	196794	卖盘
11:08:54	7.54	--	56	42224	卖盘
11:08:48	7.54	--	87	65598	卖盘
11:08:43	7.54	--	56	42224	卖盘
11:08:39	7.54	--	153	115362	买盘
11:08:33	7.54	--	20	15080	买盘
11:08:24	7.54	--	60	45240	卖盘
11:08:18	7.54	--	130	98020	卖盘
11:08:13	7.54	--	50	37700	卖盘
11:08:09	7.54	--	15	11310	卖盘
11:08:03	7.54	--	391	294814	买盘
11:07:54	7.54	--	3	2262	买盘
11:07:48	7.54	0.01	8	6032	买盘
11:07:43	7.53	--	5	3765	卖盘
11:07:39	7.53	-0.01	14	10542	卖盘
11:07:33	7.54	0.01	72	54288	买盘
11:07:28	7.53	-0.01	30	22590	卖盘
11:07:24	7.54	0.01	20	15080	买盘
11:07:18	7.53	-0.01	10	7530	卖盘
11:07:13	7.54	0.01	10	7540	买盘
11:07:09	7.53	--	81	60993	买盘
11:07:03	7.53	--	40	30120	买盘
11:06:58	7.53	--	3	2259	卖盘
11:06:48	7.53	--	132	99396	卖盘
11:06:43	7.53	-0.01	202	152106	卖盘
11:06:38	7.54	0.01	13	9802	买盘
11:06:33	7.53	--	10	7530	卖盘
11:06:28	7.53	0.01	30	22590	卖盘
11:06:18	7.52	--	494	371488	卖盘
11:06:13	7.52	-0.01	158	118816	卖盘
11:06:08	7.53	0.01	5	3765	买盘
11:06:03	7.52	-0.01	19	14288	卖盘
11:05:58	7.53	--	144	108432	卖盘
11:05:48	7.53	--	10	7530	卖盘
11:05:43	7.53	--	20	15060	卖盘
11:05:33	7.53	-0.01	13	9789	买盘
11:05:22	7.54	--	0	0	买盘
11:05:18	7.54	0.01	72	54288	买盘
11:05:13	7.53	-0.01	154	115962	卖盘
11:05:08	7.54	0.01	10	7540	买盘
11:05:03	7.53	-0.01	68	51204	卖盘
11:04:58	7.54	--	12	9048	买盘
11:04:53	7.54	--	2	1508	买盘
11:04:48	7.54	--	30	22620	买盘
11:04:43	7.54	--	59	44486	买盘
11:04:33	7.54	--	41	30914	中性盘
11:04:27	7.54	--	471	355134	卖盘
11:04:23	7.54	-0.01	58	43732	卖盘
11:04:18	7.55	--	278	209890	买盘
11:04:12	7.55	--	111	83805	买盘
11:04:08	7.55	0.01	21	15855	买盘
11:04:03	7.54	-0.01	29	21866	卖盘
11:03:57	7.55	0.01	94	70970	买盘
11:03:53	7.54	-0.01	118	88972	卖盘
11:03:48	7.55	0.01	422	318610	买盘
11:03:42	7.54	--	51	38454	买盘
11:03:37	7.54	0.01	329	248066	买盘
11:03:33	7.53	-0.01	273	205569	卖盘
11:03:27	7.54	0.01	222	167388	买盘
11:03:18	7.53	--	214	161142	买盘
11:03:12	7.53	0.01	39	29367	买盘
11:03:07	7.52	--	6	4512	卖盘
11:03:03	7.52	--	317	238384	买盘
11:02:57	7.52	--	223	167696	买盘
11:02:52	7.52	0.01	5	3760	买盘
11:02:37	7.51	--	27	20277	买盘
11:02:33	7.51	0.01	100	75100	买盘
11:02:27	7.5	-0.01	211	158250	卖盘
11:02:18	7.51	0.01	209	156959	买盘
11:02:03	7.5	--	133	99750	买盘
11:01:57	7.5	--	100	75000	买盘
11:01:52	7.5	--	168	126000	买盘
11:01:48	7.5	--	50	37500	买盘
11:01:42	7.5	--	100	75000	买盘
11:01:33	7.5	--	107	80250	买盘
11:01:22	7.5	--	9	6750	买盘
11:01:12	7.5	--	2	1500	买盘
11:01:07	7.5	--	5	3750	买盘
11:01:03	7.5	--	180	135000	买盘
11:00:57	7.5	--	10	7500	买盘
11:00:52	7.5	--	20	15000	买盘
11:00:42	7.5	--	16	12000	买盘
11:00:27	7.5	--	2	1500	买盘
11:00:12	7.5	--	16	12000	买盘
10:59:57	7.5	0.01	30	22500	买盘
10:59:52	7.49	-0.01	3	2247	卖盘
10:59:42	7.5	0.01	21	15750	买盘
10:59:27	7.49	-0.01	10	7490	卖盘
10:59:22	7.5	--	21	15750	买盘
10:59:12	7.5	--	150	112500	买盘
10:59:07	7.5	--	50	37500	买盘
10:59:02	7.5	--	30	22500	买盘
10:58:52	7.5	0.01	1	750	买盘
10:58:42	7.49	--	33	24717	卖盘
10:58:12	7.49	--	20	14980	卖盘
10:57:51	7.49	--	6	4494	买盘
10:57:42	7.49	--	58	43442	卖盘
10:57:36	7.49	--	42	31458	买盘
10:57:21	7.49	0.01	106	79394	买盘
10:57:12	7.48	-0.01	10	7480	卖盘
10:56:57	7.49	0.01	19	14231	买盘
10:56:51	7.48	--	22	16456	卖盘
10:56:42	7.48	--	73	54604	卖盘
10:56:36	7.48	--	10	7480	卖盘
10:56:31	7.48	-0.01	53	39644	卖盘
10:56:21	7.49	--	68	50932	买盘
10:55:51	7.49	--	10	7490	买盘
10:55:42	7.49	--	4	2996	卖盘
10:55:36	7.49	--	24	17976	买盘
10:55:27	7.49	--	1	749	买盘
10:55:21	7.49	--	19	14231	卖盘
10:55:16	7.49	--	15	11235	买盘
10:55:01	7.49	--	18	13482	买盘
10:54:51	7.49	--	6	4494	买盘
10:54:41	7.49	--	12	8988	买盘
10:54:36	7.49	--	32	23968	买盘
10:54:31	7.49	--	16	11984	买盘
10:54:27	7.49	0.01	2	1498	买盘
10:54:12	7.48	--	10	7480	卖盘
10:54:06	7.48	-0.01	2	1496	卖盘
10:53:56	7.49	0.01	10	7490	买盘
10:53:51	7.48	-0.01	6	4488	卖盘
10:53:31	7.49	--	10	7490	买盘
10:52:46	7.49	--	5	3745	卖盘
10:52:41	7.49	--	52	38948	卖盘
10:52:31	7.49	--	10	7490	卖盘
10:52:01	7.49	--	22	16478	卖盘
10:51:51	7.49	--	37	27713	买盘
10:51:46	7.49	--	2	1498	买盘
10:51:31	7.49	--	17	12733	卖盘
10:51:26	7.49	--	10	7490	卖盘
10:51:21	7.49	--	150	112350	卖盘
10:51:15	7.49	-0.01	22	16478	卖盘
10:51:11	7.5	0.01	20	15000	买盘
10:51:06	7.49	--	100	74900	卖盘
10:51:00	7.49	--	35	26215	卖盘
10:50:41	7.49	-0.01	7	5243	卖盘
10:50:30	7.5	0.01	40	30000	买盘
10:50:21	7.49	--	56	41944	卖盘
10:50:15	7.49	--	2	1498	卖盘
10:50:00	7.49	--	40	29960	卖盘
10:49:25	7.49	--	42	31458	买盘
10:49:21	7.49	--	25	18725	买盘
10:49:00	7.49	--	20	14980	买盘
10:48:55	7.49	--	24	17976	买盘
10:48:35	7.49	0.01	103	77147	买盘
10:48:30	7.48	-0.01	5	3740	卖盘
10:48:25	7.49	0.01	100	74900	买盘
10:48:21	7.48	-0.01	25	18700	卖盘
10:48:15	7.49	--	10	7490	买盘
10:48:10	7.49	0.01	100	74900	买盘
10:48:06	7.48	-0.01	2	1496	卖盘
10:48:00	7.49	0.01	3	2247	买盘
10:47:15	7.48	--	3	2244	卖盘
10:47:10	7.48	-0.01	2	1496	卖盘
10:47:06	7.49	--	60	44940	买盘
10:46:55	7.49	0.01	3	2247	买盘
10:46:40	7.48	-0.01	116	86768	卖盘
10:46:30	7.49	--	31	23219	买盘
10:46:25	7.49	--	100	74900	买盘
10:46:10	7.49	--	153	114597	买盘
10:46:00	7.49	0.01	5	3745	买盘
10:45:45	7.48	--	102	76296	买盘
10:45:40	7.48	--	185	138380	买盘
10:45:30	7.48	--	70	52360	买盘
10:45:25	7.48	--	225	168300	买盘
10:45:10	7.48	0.01	57	42636	买盘
10:45:00	7.47	--	8	5976	卖盘
10:44:55	7.47	--	13	9711	卖盘
10:44:00	7.47	-0.01	6	4482	卖盘
10:43:49	7.48	0.01	14	10472	买盘
10:43:39	7.47	--	74	55278	卖盘
10:43:34	7.47	--	25	18675	卖盘
10:43:15	7.47	--	10	7470	卖盘
10:43:09	7.47	--	1	747	卖盘
10:42:39	7.47	--	4	2988	卖盘
10:42:15	7.47	--	20	14940	卖盘
10:41:54	7.47	--	5	3735	买盘
10:41:49	7.47	--	5	3735	卖盘
10:41:44	7.47	--	5	3735	买盘
10:41:39	7.47	--	20	14940	买盘
10:41:30	7.47	--	28	20916	买盘
10:41:24	7.47	--	44	32868	买盘
10:41:19	7.47	--	33	24651	买盘
10:41:00	7.47	--	50	37350	买盘
10:40:54	7.47	--	2	1494	买盘
10:40:44	7.47	--	10	7470	买盘
10:40:39	7.47	0.01	3	2241	买盘
10:40:24	7.46	-0.01	5	3730	卖盘
10:40:09	7.47	--	0	0	中性盘
10:39:54	7.47	0.01	30	22410	买盘
10:39:49	7.46	--	80	59680	卖盘
10:39:39	7.46	-0.01	3	2238	卖盘
10:39:24	7.47	--	166	124002	买盘
10:39:19	7.47	--	70	52290	买盘
10:39:04	7.47	--	88	65736	买盘
10:38:59	7.47	--	11	8217	卖盘
10:38:54	7.47	--	15	11205	卖盘
10:38:49	7.47	0.01	23	17181	买盘
10:38:44	7.46	-0.01	200	149200	卖盘
10:38:39	7.47	--	33	24651	买盘
10:38:19	7.47	--	20	14940	买盘
10:38:03	7.47	0.01	1	747	中性盘
10:37:59	7.46	-0.01	100	74600	卖盘
10:37:54	7.47	0.01	21	15687	买盘
10:37:24	7.46	--	115	85939	买盘
10:37:18	7.46	--	50	37300	买盘
10:37:03	7.46	-0.01	263	196794	卖盘
10:36:48	7.47	--	170	126990	卖盘
10:36:39	7.47	--	100	74700	卖盘
10:36:33	7.47	--	30	22410	卖盘
10:36:28	7.47	--	42	31374	卖盘
10:36:18	7.47	--	14	10458	卖盘
10:36:03	7.47	--	10	7470	卖盘
10:35:39	7.47	--	20	14940	卖盘
10:35:28	7.47	-0.01	6	4482	卖盘
10:35:24	7.48	0.01	15	11220	买盘
10:35:18	7.47	-0.01	4	2988	卖盘
10:35:13	7.48	0.01	100	74800	买盘
10:35:09	7.47	-0.01	6	4482	卖盘
10:35:03	7.48	0.01	32	23936	买盘
10:34:58	7.47	-0.01	6	4482	卖盘
10:34:53	7.48	--	2	1496	买盘
10:34:48	7.48	--	100	74800	买盘
10:34:23	7.48	0.01	5	3740	买盘
10:34:18	7.47	--	70	52290	卖盘
10:34:08	7.47	--	20	14940	卖盘
10:34:03	7.47	--	40	29880	卖盘
10:33:53	7.47	-0.01	1	747	卖盘
10:33:43	7.48	0.01	2	1496	买盘
10:33:33	7.47	-0.01	60	44820	卖盘
10:33:28	7.48	--	30	22440	买盘
10:33:18	7.48	--	2	1496	买盘
10:33:13	7.48	0.01	33	24684	买盘
10:33:08	7.47	-0.01	3	2241	卖盘
10:33:03	7.48	--	160	119680	买盘
10:32:43	7.48	--	8	5984	买盘
10:32:33	7.48	--	5	3740	买盘
10:32:13	7.48	0.01	16	11968	买盘
10:32:03	7.47	-0.01	10	7470	卖盘
10:31:48	7.48	0.01	10	7480	买盘
10:31:42	7.47	--	12	8964	卖盘
10:31:33	7.47	--	3	2241	卖盘
10:31:23	7.47	--	5	3735	卖盘
10:30:57	7.47	--	16	11952	卖盘
10:30:52	7.47	--	19	14193	卖盘
10:30:42	7.47	--	136	101592	卖盘
10:29:57	7.47	--	142	106074	买盘
10:29:48	7.47	-0.01	8	5976	买盘
10:29:42	7.48	--	0	0	买盘
10:29:33	7.48	0.01	333	249084	买盘
10:29:03	7.47	--	136	101592	卖盘
10:28:57	7.47	--	50	37350	卖盘
10:28:27	7.47	--	40	29880	卖盘
10:28:18	7.47	--	110	82170	卖盘
10:28:07	7.47	--	63	47061	卖盘
10:28:02	7.47	--	77	57519	卖盘
10:27:22	7.47	--	18	13446	买盘
10:27:12	7.47	-0.01	116	86652	卖盘
10:26:57	7.48	0.01	12	8976	买盘
10:26:52	7.47	-0.01	40	29880	卖盘
10:26:42	7.48	0.01	20	14960	买盘
10:26:37	7.47	--	20	14940	卖盘
10:26:27	7.47	--	32	23904	卖盘
10:26:07	7.47	--	253	188991	买盘
10:26:02	7.47	--	49	36603	买盘
10:25:52	7.47	0.01	20	14940	买盘
10:25:27	7.46	--	18	13428	卖盘
10:25:22	7.46	--	10	7460	卖盘
10:25:07	7.46	-0.01	5	3730	卖盘
10:24:57	7.47	0.01	10	7470	买盘
10:24:47	7.46	--	18	13428	卖盘
10:24:27	7.46	--	5	3730	卖盘
10:24:12	7.46	--	2	1492	卖盘
10:23:51	7.46	-0.01	1	746	卖盘
10:23:42	7.47	--	30	22410	买盘
10:23:36	7.47	--	30	22410	买盘
10:23:16	7.47	--	27	20169	买盘
10:22:57	7.47	0.01	47	35109	买盘
10:22:51	7.46	--	204	152184	卖盘
10:22:42	7.46	--	5	3730	卖盘
10:22:36	7.46	-0.01	10	7460	卖盘
10:22:27	7.47	0.01	85	63495	买盘
10:22:01	7.46	--	1	895	卖盘
10:21:57	7.46	--	167	124582	卖盘
10:21:46	7.46	--	5	3730	卖盘
10:21:31	7.46	-0.01	3	2238	卖盘
10:21:26	7.47	0.01	76	56772	买盘
10:21:21	7.46	--	129	96234	卖盘
10:20:56	7.46	--	9	6714	卖盘
10:19:21	7.46	-0.01	101	75346	卖盘
10:19:16	7.47	--	20	14940	买盘
10:18:56	7.47	--	46	34362	买盘
10:18:36	7.47	--	23	17181	买盘
10:18:21	7.47	--	70	52290	买盘
10:18:15	7.47	--	2	1494	买盘
10:18:00	7.47	--	5	3735	买盘
10:17:45	7.47	0.01	40	29880	买盘
10:17:36	7.46	-0.01	4	2984	卖盘
10:17:25	7.47	0.01	19	14193	买盘
10:17:00	7.46	--	118	88028	卖盘
10:16:51	7.46	--	6	4476	卖盘
10:16:45	7.46	--	29	21634	卖盘
10:16:40	7.46	--	5	3730	卖盘
10:16:36	7.46	--	64	47744	买盘
10:16:30	7.46	0.01	5	3730	买盘
10:16:25	7.45	-0.01	6	4470	卖盘
10:16:15	7.46	--	32	23872	买盘
10:16:10	7.46	0.01	15	11190	买盘
10:16:00	7.45	-0.01	1	745	卖盘
10:15:51	7.46	--	290	216340	买盘
10:15:45	7.46	--	152	113392	卖盘
10:15:40	7.46	--	12	8952	卖盘
10:15:36	7.46	--	5	3730	卖盘
10:15:25	7.46	--	12	8952	卖盘
10:15:21	7.46	0.01	252	187992	买盘
10:15:05	7.45	--	61	45445	卖盘
10:14:55	7.45	--	103	76735	卖盘
10:14:45	7.45	-0.01	7	5215	卖盘
10:14:30	7.46	--	404	301384	卖盘
10:14:25	7.46	-0.01	118	88028	卖盘
10:14:15	7.47	--	22	16434	买盘
10:14:00	7.47	--	10	7470	卖盘
10:13:55	7.47	--	0	0	中性盘
10:13:45	7.47	-0.01	20	14940	买盘
10:13:40	7.48	0.01	13	9724	买盘
10:13:30	7.47	--	6	4482	卖盘
10:13:25	7.47	-0.01	6	4482	卖盘
10:13:15	7.48	0.01	64	47872	买盘
10:13:10	7.47	--	100	74700	买盘
10:13:05	7.47	--	16	11952	买盘
10:13:00	7.47	--	1	747	卖盘
10:12:55	7.47	--	30	22410	卖盘
10:12:40	7.47	--	10	7470	卖盘
10:12:30	7.47	0.01	17	12699	买盘
10:12:10	7.46	-0.01	10	7460	卖盘
10:12:05	7.47	0.01	390	291330	买盘
10:11:55	7.46	--	10	7460	卖盘
10:11:45	7.46	-0.01	21	15666	卖盘
10:11:35	7.47	0.01	1	747	买盘
10:11:24	7.46	--	3	2238	买盘
10:11:15	7.46	0.01	60	44760	卖盘
10:11:00	7.45	-0.01	8	5960	卖盘
10:10:54	7.46	--	8	5968	买盘
10:10:34	7.46	--	2	1492	卖盘
10:10:30	7.46	--	38	28348	卖盘
10:10:14	7.46	--	37	27602	买盘
10:10:09	7.46	--	3	2238	买盘
10:10:04	7.46	-0.01	13	9698	卖盘
10:10:00	7.47	0.01	148	110556	买盘
10:09:49	7.46	--	20	14920	卖盘
10:09:39	7.46	-0.01	13	9698	中性盘
10:09:34	7.47	--	119	88893	买盘
10:09:30	7.47	0.02	30	22410	买盘
10:09:19	7.45	-0.02	179	133355	卖盘
10:09:15	7.47	0.01	56	41832	买盘
10:09:09	7.46	0.01	28	20888	买盘
10:09:00	7.45	--	25	18625	卖盘
10:08:54	7.45	-0.01	1	745	卖盘
10:08:39	7.46	0.01	4	2984	买盘
10:08:34	7.45	--	100	74500	卖盘
10:08:24	7.45	-0.01	2	1490	卖盘
10:08:19	7.46	--	37	27602	买盘
10:08:09	7.46	--	22	16412	买盘
10:08:04	7.46	--	610	455060	卖盘
10:06:54	7.46	-0.01	2	1492	卖盘
10:06:44	7.47	--	5	3735	买盘
10:06:39	7.47	--	44	32868	卖盘
10:06:34	7.47	-0.01	41	30627	卖盘
10:06:29	7.48	0.01	31	23188	买盘
10:06:19	7.47	--	27	20169	卖盘
10:06:14	7.47	-0.01	41	30627	卖盘
10:06:09	7.48	0.01	20	14960	买盘
10:06:04	7.47	-0.01	10	7470	卖盘
10:05:49	7.48	--	39	29172	买盘
10:05:44	7.48	0.01	70	52360	买盘
10:05:39	7.47	--	52	38844	卖盘
10:05:14	7.47	--	5	3735	买盘
10:05:09	7.47	--	15	11205	卖盘
10:05:03	7.47	--	110	82170	卖盘
10:04:58	7.47	--	89	66483	买盘
10:04:54	7.47	--	63	47061	买盘
10:04:48	7.47	--	19	14193	买盘
10:04:33	7.47	0.01	3	2241	买盘
10:04:28	7.46	-0.01	30	22380	卖盘
10:04:24	7.47	0.01	6	4482	买盘
10:04:13	7.46	--	57	42522	卖盘
10:04:03	7.46	-0.01	1	746	卖盘
10:03:48	7.47	--	15	11205	买盘
10:03:43	7.47	0.01	26	19422	买盘
10:03:38	7.46	--	12	8952	卖盘
10:03:24	7.46	--	30	22380	卖盘
10:03:13	7.46	-0.01	51	38046	卖盘
10:03:08	7.47	--	32	23904	买盘
10:03:03	7.47	--	20	14940	买盘
10:02:58	7.47	--	73	54531	卖盘
10:02:48	7.47	--	3	2241	卖盘
10:02:39	7.47	--	1	747	卖盘
10:02:33	7.47	--	2	1494	买盘
10:02:18	7.47	--	135	100845	买盘
10:01:53	7.47	--	1	747	买盘
10:01:43	7.47	-0.01	13	9711	买盘
10:01:33	7.48	0.01	150	112200	买盘
10:01:28	7.47	--	10	7470	买盘
10:01:03	7.47	--	40	29880	卖盘
10:00:58	7.47	--	21	15687	卖盘
10:00:53	7.47	--	22	16434	卖盘
10:00:43	7.47	--	10	7470	卖盘
10:00:38	7.47	--	10	7470	卖盘
10:00:33	7.47	--	12	8964	卖盘
10:00:18	7.47	--	70	52290	卖盘
10:00:13	7.47	--	17	12699	卖盘
10:00:03	7.47	--	67	50049	卖盘
09:59:58	7.47	--	10	7470	卖盘
09:59:43	7.47	-0.01	2	1494	卖盘
09:59:38	7.48	--	18	13912	卖盘
09:59:33	7.48	--	50	37400	卖盘
09:59:28	7.48	--	104	77792	卖盘
09:59:23	7.48	--	209	156631	卖盘
09:59:18	7.48	--	24	17952	卖盘
09:59:13	7.48	--	35	26180	卖盘
09:59:08	7.48	--	1	748	卖盘
09:58:48	7.48	--	2	1496	卖盘
09:58:42	7.48	--	11	8228	卖盘
09:58:33	7.48	--	10	7480	卖盘
09:58:12	7.48	-0.01	29	21692	卖盘
09:58:03	7.49	0.01	194	145306	买盘
09:57:52	7.48	-0.01	10	7480	卖盘
09:57:48	7.49	--	24	17976	买盘
09:57:32	7.49	--	1	749	买盘
09:57:12	7.49	--	11	8239	买盘
09:57:03	7.49	--	77	57673	买盘
09:56:57	7.49	--	34	25466	买盘
09:56:52	7.49	--	15	11235	买盘
09:56:47	7.49	0.01	100	74900	买盘
09:56:42	7.48	-0.01	5	3740	卖盘
09:56:32	7.49	0.01	100	74900	买盘
09:56:27	7.48	--	14	10472	卖盘
09:56:02	7.48	--	101	75548	卖盘
09:55:52	7.48	-0.01	60	44880	卖盘
09:55:42	7.49	--	100	74900	买盘
09:55:22	7.49	0.01	16	11984	买盘
09:55:07	7.48	--	6	4488	卖盘
09:54:57	7.48	--	34	25432	卖盘
09:54:47	7.48	-0.01	10	7480	卖盘
09:54:42	7.49	0.01	2	1498	买盘
09:54:37	7.48	--	200	149600	卖盘
09:54:27	7.48	--	29	21692	卖盘
09:54:07	7.48	--	20	14960	卖盘
09:53:57	7.48	--	1	748	卖盘
09:53:52	7.48	-0.01	15	11220	卖盘
09:53:42	7.49	0.01	48	35952	买盘
09:53:27	7.48	--	20	14960	卖盘
09:53:22	7.48	-0.01	7	5236	卖盘
09:53:12	7.49	0.01	134	100366	买盘
09:53:02	7.48	-0.01	10	7480	卖盘
09:52:57	7.49	0.01	12	8988	买盘
09:52:51	7.48	--	35	26180	卖盘
09:52:32	7.48	--	120	89760	卖盘
09:52:27	7.48	--	15	11220	卖盘
09:52:11	7.48	-0.01	5	3740	卖盘
09:52:06	7.49	0.01	110	82390	买盘
09:52:01	7.48	-0.01	1	748	卖盘
09:51:57	7.49	--	23	17227	买盘
09:51:51	7.49	--	7	5243	卖盘
09:51:42	7.49	--	44	32956	卖盘
09:51:36	7.49	--	135	101115	卖盘
09:51:31	7.49	--	16	11984	卖盘
09:51:26	7.49	-0.01	233	174517	卖盘
09:51:21	7.5	0.01	188	141000	买盘
09:51:16	7.49	--	16	11984	卖盘
09:51:12	7.49	-0.01	72	53928	卖盘
09:51:06	7.5	0.01	113	84750	买盘
09:51:01	7.49	-0.01	75	56175	卖盘
09:50:57	7.5	--	53	39750	卖盘
09:50:51	7.5	--	45	33750	卖盘
09:50:46	7.5	--	30	22500	卖盘
09:50:42	7.5	--	79	59250	卖盘
09:50:31	7.5	--	5	3750	卖盘
09:50:27	7.5	--	196	147000	买盘
09:50:21	7.5	--	391	293250	买盘
09:50:11	7.5	--	10	7500	买盘
09:50:06	7.5	0.01	16	12000	买盘
09:50:01	7.49	-0.01	49	36701	卖盘
09:49:56	7.5	--	76	57000	买盘
09:49:51	7.5	--	40	30000	买盘
09:49:46	7.5	0.01	126	94500	买盘
09:49:41	7.49	-0.01	47	35203	卖盘
09:49:36	7.5	0.01	88	66000	买盘
09:49:31	7.49	-0.01	17	12733	卖盘
09:49:26	7.5	--	15	11250	买盘
09:49:16	7.5	0.01	29	21750	买盘
09:49:11	7.49	-0.01	151	113099	卖盘
09:49:06	7.5	0.01	251	188250	买盘
09:49:01	7.49	-0.01	60	44940	卖盘
09:48:56	7.5	--	25	18750	买盘
09:48:51	7.5	0.01	51	38250	买盘
09:48:46	7.49	--	120	89880	卖盘
09:48:36	7.49	--	15	11235	卖盘
09:48:31	7.49	--	61	45689	卖盘
09:48:26	7.49	--	30	22470	卖盘
09:48:21	7.49	--	35	26215	买盘
09:48:16	7.49	--	106	79394	买盘
09:48:11	7.49	--	29	21721	买盘
09:48:06	7.49	0.01	33	24717	买盘
09:48:01	7.48	-0.02	161	120428	卖盘
09:47:56	7.5	0.01	29	21750	买盘
09:47:51	7.49	--	41	30709	买盘
09:47:41	7.49	-0.01	43	32207	卖盘
09:47:36	7.5	0.01	20	15000	买盘
09:47:31	7.49	--	82	61418	卖盘
09:47:26	7.49	--	6	4494	卖盘
09:47:21	7.49	--	386	289114	买盘
09:47:16	7.49	0.01	15	11235	买盘
09:47:06	7.48	--	17	13314	卖盘
09:47:01	7.48	--	38	28424	卖盘
09:46:45	7.48	-0.01	101	75548	买盘
09:46:36	7.49	0.01	149	111601	买盘
09:46:30	7.48	-0.01	25	18700	卖盘
09:46:25	7.49	--	93	69657	买盘
09:46:21	7.49	--	81	60669	买盘
09:46:15	7.49	--	111	83139	买盘
09:46:10	7.49	0.01	19	14231	买盘
09:46:05	7.48	-0.01	51	38148	卖盘
09:46:00	7.49	0.01	67	50183	买盘
09:45:50	7.48	-0.01	14	10472	卖盘
09:45:45	7.49	--	10	7490	买盘
09:45:36	7.49	0.01	173	129577	买盘
09:45:25	7.48	--	15	11220	买盘
09:45:20	7.48	--	86	64328	卖盘
09:45:15	7.48	--	28	20944	买盘
09:45:05	7.48	--	272	203456	买盘
09:45:00	7.48	0.01	52	38896	买盘
09:44:55	7.47	--	21	15687	买盘
09:44:50	7.47	--	15	11205	买盘
09:44:45	7.47	-0.01	13	9711	中性盘
09:44:40	7.48	0.01	267	199716	买盘
09:44:36	7.47	--	62	46314	买盘
09:44:25	7.47	--	7	5229	买盘
09:44:20	7.47	0.01	83	62001	买盘
09:44:10	7.46	--	24	17904	卖盘
09:44:00	7.46	--	206	153676	买盘
09:43:55	7.46	--	25	18650	买盘
09:43:50	7.46	--	63	46998	买盘
09:43:45	7.46	--	72	53712	买盘
09:43:40	7.46	--	10	7460	买盘
09:43:35	7.46	--	90	67140	买盘
09:43:20	7.46	--	20	14920	买盘
09:43:15	7.46	--	16	11936	买盘
09:43:10	7.46	--	5	3730	买盘
09:43:00	7.46	--	1	746	买盘
09:42:50	7.46	0.01	30	22380	买盘
09:42:45	7.45	--	15	11264	买盘
09:42:40	7.45	--	14	11085	卖盘
09:42:30	7.45	--	40	29800	卖盘
09:42:24	7.45	--	302	224990	卖盘
09:42:15	7.45	--	37	27565	卖盘
09:42:00	7.45	--	30	22350	卖盘
09:41:55	7.45	--	94	70119	买盘
09:41:50	7.45	--	50	37250	买盘
09:41:45	7.45	--	3	2235	买盘
09:41:40	7.45	--	47	35015	买盘
09:41:35	7.45	0.01	10	7450	买盘
09:41:30	7.44	-0.01	20	14880	卖盘
09:41:25	7.45	--	27	20115	买盘
09:41:10	7.45	--	7	5215	买盘
09:40:55	7.45	0.01	2	1490	买盘
09:40:50	7.44	-0.01	10	7440	卖盘
09:40:45	7.45	0.01	44	32780	买盘
09:40:35	7.44	--	250	186000	卖盘
09:40:24	7.44	-0.01	1	744	卖盘
09:40:09	7.45	0.01	20	14900	买盘
09:39:54	7.44	0.01	171	127224	买盘
09:39:49	7.43	-0.01	9	6687	卖盘
09:39:39	7.44	--	155	115364	买盘
09:39:34	7.44	--	42	31248	卖盘
09:39:29	7.44	--	1	744	卖盘
09:39:24	7.44	--	5	3720	卖盘
09:39:19	7.44	0.01	272	202368	买盘
09:39:14	7.43	-0.01	11	8173	卖盘
09:39:09	7.44	--	56	41664	买盘
09:38:49	7.44	0.01	10	7440	买盘
09:38:44	7.43	-0.01	2	1486	卖盘
09:38:39	7.44	0.01	22	16368	买盘
09:38:29	7.43	--	103	76529	卖盘
09:38:14	7.43	--	5	3715	卖盘
09:38:09	7.43	-0.01	45	33435	卖盘
09:37:59	7.44	--	40	29760	买盘
09:37:54	7.44	0.01	1	744	买盘
09:37:44	7.43	--	15	11145	卖盘
09:37:29	7.43	--	81	60183	卖盘
09:37:14	7.43	-0.01	3	2229	卖盘
09:37:09	7.44	0.01	20	14880	买盘
09:37:04	7.43	-0.01	1	743	卖盘
09:36:39	7.44	--	30	22320	买盘
09:36:29	7.44	--	24	17856	卖盘
09:36:19	7.44	--	20	14880	卖盘
09:36:09	7.44	--	1	744	卖盘
09:36:04	7.44	0.01	72	53568	买盘
09:35:49	7.43	-0.01	102	75786	卖盘
09:35:39	7.44	--	13	9672	买盘
09:35:29	7.44	--	1	744	买盘
09:35:24	7.44	--	5	3720	买盘
09:35:09	7.44	-0.01	108	80352	卖盘
09:35:04	7.45	0.01	30	22350	买盘
09:34:49	7.44	-0.01	3	2232	卖盘
09:34:44	7.45	0.01	105	78225	买盘
09:34:24	7.44	0.01	30	22320	买盘
09:34:18	7.43	-0.01	5	3715	卖盘
09:34:09	7.44	0.01	20	14880	买盘
09:33:53	7.43	--	5	3715	卖盘
09:33:38	7.43	-0.01	2	1486	卖盘
09:33:33	7.44	--	20	14880	卖盘
09:33:28	7.44	--	4	2976	卖盘
09:33:08	7.44	0.01	36	26784	买盘
09:33:03	7.43	--	50	37150	卖盘
09:32:53	7.43	0.01	27	20061	买盘
09:32:48	7.42	-0.01	33	24486	卖盘
09:32:43	7.43	--	13	9659	买盘
09:32:38	7.43	0.01	5	3715	买盘
09:32:33	7.42	--	1	742	卖盘
09:32:23	7.42	--	29	21518	卖盘
09:32:13	7.42	--	1	742	卖盘
09:31:53	7.42	--	10	7420	买盘
09:31:48	7.42	-0.01	5	3710	卖盘
09:31:38	7.43	--	0	0	买盘
09:31:33	7.43	0.01	163	121109	买盘
09:31:28	7.42	-0.01	30	22260	卖盘
09:31:18	7.43	0.01	4	2972	买盘
09:31:08	7.42	-0.02	6	4452	卖盘
09:31:03	7.44	--	0	0	买盘
09:30:53	7.44	--	2	1488	买盘
09:30:38	7.44	--	3	2232	卖盘
09:30:13	7.44	--	8	5952	卖盘
09:30:08	7.44	--	116	86304	卖盘
09:30:03	7.44	-0.01	12	8928	卖盘
09:28:45	7.45	--	0	0	买盘
09:25:01	7.45	7.45	259	192955	买盘
