成交时间	成交价	价格变动	成交量(手)	成交额(元)	性质
15:00:00	15.68	--	0	0	卖盘
15:00:00	15.68	-0.01	0	0	卖盘
15:00:00	15.69	--	166	260595	买盘
14:59:58	15.69	--	55	86295	买盘
14:59:52	15.69	0.03	422	662118	买盘
14:59:48	15.66	-0.03	35	54810	卖盘
14:59:43	15.69	0.01	109	171021	买盘
14:59:37	15.68	--	117	184882	卖盘
14:59:33	15.68	--	67	105056	卖盘
14:59:28	15.68	--	178	279245	买盘
14:59:22	15.68	--	147	230496	买盘
14:59:18	15.68	0.01	25	39200	买盘
14:59:13	15.67	--	64	100288	卖盘
14:59:07	15.67	--	54	84618	卖盘
14:59:03	15.67	--	7	10969	卖盘
14:58:58	15.67	-0.01	39	62538	卖盘
14:58:52	15.68	0.01	38	59725	买盘
14:58:48	15.67	-0.01	73	114391	买盘
14:58:43	15.68	0.01	200	313600	买盘
14:58:37	15.67	--	75	117525	卖盘
14:58:33	15.67	--	32	50144	卖盘
14:58:28	15.67	--	21	32907	卖盘
14:58:22	15.67	--	53	83051	卖盘
14:58:18	15.67	--	163	255421	买盘
14:58:13	15.67	0.01	72	112824	买盘
14:58:07	15.66	--	187	292842	买盘
14:58:03	15.66	0.01	29	45414	买盘
14:57:58	15.65	--	227	355255	卖盘
14:57:52	15.65	--	97	151805	买盘
14:57:48	15.65	--	2	3130	买盘
14:57:42	15.65	--	4	6260	买盘
14:57:37	15.65	-0.01	34	53210	买盘
14:57:33	15.66	0.02	3	4698	买盘
14:57:28	15.64	-0.01	424	663136	卖盘
14:57:22	15.65	--	33	51645	买盘
14:57:18	15.65	-0.01	93	146969	卖盘
14:57:13	15.66	0.01	37	57942	卖盘
14:57:07	15.65	--	72	112820	卖盘
14:57:03	15.65	0.01	21	32865	买盘
14:56:58	15.64	0.01	41	64124	中性盘
14:56:52	15.63	-0.01	288	450144	卖盘
14:56:48	15.64	--	55	86020	卖盘
14:56:42	15.64	-0.01	137	214268	买盘
14:56:37	15.65	0.01	90	140850	买盘
14:56:33	15.64	--	40	62560	卖盘
14:56:28	15.64	--	43	67252	卖盘
14:56:22	15.64	0.01	731	1143284	买盘
14:56:18	15.63	--	8	12504	卖盘
14:56:13	15.63	-0.01	41	64083	卖盘
14:56:07	15.64	0.01	175	273700	买盘
14:56:03	15.63	-0.01	26	40638	买盘
14:55:58	15.64	0.01	46	71944	买盘
14:55:52	15.63	0.01	47	73461	买盘
14:55:48	15.62	-0.01	27	42174	卖盘
14:55:43	15.63	--	46	71898	买盘
14:55:37	15.63	--	20	31260	买盘
14:55:33	15.63	--	3	4689	买盘
14:55:27	15.63	-0.01	171	267273	卖盘
14:55:22	15.64	0.01	209	326876	买盘
14:55:18	15.63	--	19	29697	卖盘
14:55:12	15.63	-0.01	25	39075	卖盘
14:55:07	15.64	--	247	386308	卖盘
14:55:02	15.64	--	18	28152	买盘
14:54:57	15.64	0.01	21	32844	买盘
14:54:52	15.63	--	671	1048773	卖盘
14:54:47	15.63	-0.01	8	12504	卖盘
14:54:42	15.64	0.01	156	243984	买盘
14:54:37	15.63	--	27	42201	卖盘
14:54:32	15.63	--	196	306598	卖盘
14:54:27	15.63	--	369	576747	买盘
14:54:22	15.63	--	97	151611	买盘
14:54:17	15.63	--	32	50016	买盘
14:54:12	15.63	0.01	83	129729	买盘
14:54:07	15.62	-0.01	40	62480	卖盘
14:54:02	15.63	0.01	8	12504	买盘
14:53:57	15.62	0.01	193	301466	买盘
14:53:52	15.61	-0.01	23	35903	中性盘
14:53:47	15.62	0.02	28	43736	买盘
14:53:42	15.6	--	157	244920	卖盘
14:53:37	15.6	0.01	484	755040	买盘
14:53:32	15.59	--	16	24944	买盘
14:53:27	15.59	--	4	6236	买盘
14:53:22	15.59	0.01	20	31180	买盘
14:53:17	15.58	--	6	9348	卖盘
14:53:12	15.58	--	503	783674	买盘
14:53:07	15.58	0.01	168	261744	买盘
14:53:01	15.57	--	16	24912	买盘
14:52:57	15.57	0.02	27	42039	买盘
14:52:52	15.55	--	10	15550	卖盘
14:52:46	15.55	--	204	317220	卖盘
14:52:42	15.55	--	26	40430	卖盘
14:52:37	15.55	0.03	783	1217565	买盘
14:52:31	15.52	-0.01	5	7760	买盘
14:52:27	15.53	--	4	6212	卖盘
14:52:22	15.53	--	35	54355	卖盘
14:52:12	15.53	--	1	1553	卖盘
14:52:07	15.53	--	32	49696	卖盘
14:52:01	15.53	0.02	228	354084	买盘
14:51:57	15.51	-0.01	28	43428	卖盘
14:51:46	15.52	0.01	40	62080	买盘
14:51:42	15.51	--	6	9306	买盘
14:51:37	15.51	-0.01	67	103917	卖盘
14:51:22	15.52	--	102	158304	买盘
14:51:16	15.52	--	2	3104	买盘
14:51:07	15.52	--	8	12416	卖盘
14:51:01	15.52	--	4	6208	卖盘
14:50:57	15.52	0.02	16	24832	买盘
14:50:52	15.5	-0.01	228	353400	卖盘
14:50:42	15.51	--	13	20163	买盘
14:50:37	15.51	-0.01	25	38775	卖盘
14:50:31	15.52	--	9	13968	买盘
14:50:27	15.52	0.01	1	1552	买盘
14:50:16	15.51	-0.01	30	46530	卖盘
14:50:12	15.52	--	70	108640	卖盘
14:50:07	15.52	--	44	68288	买盘
14:49:46	15.52	--	40	62080	卖盘
14:49:42	15.52	-0.01	5	7760	卖盘
14:49:37	15.53	0.01	23	35719	买盘
14:49:31	15.52	--	10	15520	卖盘
14:49:27	15.52	--	6	9312	卖盘
14:49:21	15.52	--	200	310400	卖盘
14:49:16	15.52	--	8	12416	卖盘
14:49:11	15.52	--	19	29488	买盘
14:49:01	15.52	--	70	108640	买盘
14:48:56	15.52	--	10	15520	买盘
14:48:52	15.52	--	6	9312	买盘
14:48:42	15.52	0.01	5	7760	买盘
14:48:31	15.51	-0.01	3	4653	卖盘
14:48:26	15.52	0.01	20	31040	买盘
14:48:16	15.51	--	34	52734	卖盘
14:48:11	15.51	-0.01	5	7755	卖盘
14:48:06	15.52	0.01	1	1552	买盘
14:48:01	15.51	--	4	6204	卖盘
14:47:36	15.51	0.01	23	35673	买盘
14:47:31	15.5	-0.01	30	46500	卖盘
14:47:26	15.51	--	7	10857	买盘
14:47:21	15.51	--	15	23265	买盘
14:47:16	15.51	-0.02	73	113223	卖盘
14:47:06	15.53	--	0	0	买盘
14:47:01	15.53	0.02	10	15530	买盘
14:46:56	15.51	--	6	9306	卖盘
14:46:51	15.51	-0.02	100	155100	卖盘
14:46:46	15.53	--	15	23295	买盘
14:46:41	15.53	--	0	0	买盘
14:46:31	15.53	0.01	43	66779	买盘
14:46:26	15.52	0.01	12	18624	卖盘
14:46:21	15.51	-0.01	67	103917	卖盘
14:46:16	15.52	--	29	45008	买盘
14:46:10	15.52	--	22	34144	买盘
14:46:06	15.52	--	8	12416	买盘
14:46:01	15.52	--	23	35696	买盘
14:45:55	15.52	0.01	10	15520	买盘
14:45:51	15.51	--	3	4653	卖盘
14:45:46	15.51	-0.01	10	15510	卖盘
14:45:40	15.52	--	52	80704	买盘
14:45:31	15.52	0.01	100	155200	买盘
14:45:25	15.51	--	5	7755	卖盘
14:45:16	15.51	--	23	35673	卖盘
14:45:10	15.51	-0.01	40	62040	卖盘
14:45:06	15.52	--	29	45008	买盘
14:45:01	15.52	0.01	110	170720	买盘
14:44:55	15.51	-0.01	59	91509	卖盘
14:44:46	15.52	--	88	136576	买盘
14:44:40	15.52	--	20	31040	买盘
14:44:31	15.52	-0.01	123	190896	买盘
14:44:21	15.53	--	0	0	买盘
14:44:16	15.53	0.01	72	111816	买盘
14:44:10	15.52	-0.01	36	55872	卖盘
14:44:06	15.53	0.01	1	1553	买盘
14:43:55	15.52	--	2	3104	卖盘
14:43:46	15.52	--	66	102432	卖盘
14:43:36	15.52	--	10	15520	卖盘
14:43:31	15.52	--	33	51216	买盘
14:43:25	15.52	--	7	10864	买盘
14:43:10	15.52	0.02	3	4656	买盘
14:43:01	15.5	-0.02	13	20150	卖盘
14:42:55	15.52	--	76	117952	买盘
14:42:46	15.52	-0.02	3	4656	买盘
14:42:40	15.54	--	0	0	买盘
14:42:36	15.54	0.02	2	3108	买盘
14:42:31	15.52	-0.02	6	9312	卖盘
14:42:25	15.54	--	10	15540	买盘
14:42:15	15.54	--	50	77700	买盘
14:42:06	15.54	--	36	55944	买盘
14:42:01	15.54	--	5	7770	买盘
14:41:55	15.54	--	1	1554	买盘
14:41:45	15.54	--	377	585858	卖盘
14:41:35	15.54	-0.01	10	15540	卖盘
14:41:30	15.55	0.01	272	422960	买盘
14:41:20	15.54	--	150	233100	卖盘
14:41:15	15.54	0.05	654	1016316	买盘
14:41:10	15.49	--	346	535954	卖盘
14:41:05	15.49	--	20	30980	卖盘
14:41:00	15.49	-0.01	141	218409	卖盘
14:40:55	15.5	--	50	77500	买盘
14:40:50	15.5	0.01	14	21700	买盘
14:40:45	15.49	-0.01	8	12392	卖盘
14:40:35	15.5	--	4	6200	买盘
14:40:25	15.5	0.01	31	48050	买盘
14:40:15	15.49	0.01	4	6196	卖盘
14:40:10	15.48	--	36	55728	卖盘
14:40:05	15.48	--	21	32508	卖盘
14:39:55	15.48	--	109	168732	买盘
14:39:50	15.48	--	10	15480	买盘
14:39:45	15.48	--	81	125388	卖盘
14:39:40	15.48	--	22	34056	卖盘
14:39:34	15.48	--	50	77400	卖盘
14:39:30	15.48	0.01	10	15480	卖盘
14:39:25	15.47	--	32	49504	卖盘
14:39:15	15.47	--	4	6188	卖盘
14:39:10	15.47	-0.01	3	4641	卖盘
14:39:04	15.48	0.01	6	9288	买盘
14:38:55	15.47	0.01	99	153153	买盘
14:38:49	15.46	--	9	13914	卖盘
14:38:45	15.46	-0.01	1	1546	卖盘
14:38:40	15.47	--	2	3094	买盘
14:38:34	15.47	--	10	15470	买盘
14:38:25	15.47	--	59	91273	卖盘
14:38:19	15.47	--	57	88179	卖盘
14:38:10	15.47	-0.01	14	21658	卖盘
14:38:04	15.48	--	0	0	中性盘
14:37:55	15.48	--	18	27864	卖盘
14:37:49	15.48	-0.01	30	46440	卖盘
14:37:40	15.49	--	19	29431	卖盘
14:37:34	15.49	--	4	6196	卖盘
14:37:30	15.49	--	20	30980	卖盘
14:37:25	15.49	-0.01	31	48019	卖盘
14:37:19	15.5	--	40	62000	买盘
14:37:04	15.5	--	24	37200	卖盘
14:37:00	15.5	-0.01	105	162750	卖盘
14:36:55	15.51	0.01	44	68244	买盘
14:36:45	15.5	-0.01	1	1550	卖盘
14:36:19	15.51	-0.01	64	99264	卖盘
14:36:09	15.52	--	2	3104	买盘
14:36:04	15.52	--	1	1552	买盘
14:35:59	15.52	--	20	31040	买盘
14:35:49	15.52	--	12	18624	买盘
14:35:44	15.52	--	2	3104	买盘
14:35:39	15.52	0.01	20	31040	买盘
14:35:24	15.51	-0.01	47	72897	卖盘
14:35:04	15.52	--	27	41904	买盘
14:34:49	15.52	--	1	1552	买盘
14:34:29	15.52	--	10	15520	卖盘
14:34:24	15.52	--	78	121056	卖盘
14:34:09	15.52	0.01	82	127264	卖盘
14:33:59	15.51	-0.01	10	15510	卖盘
14:33:54	15.52	--	2	3104	卖盘
14:33:49	15.52	--	1	1552	买盘
14:33:44	15.52	--	29	45008	买盘
14:33:34	15.52	0.01	13	20176	买盘
14:33:28	15.51	-0.01	1	1551	卖盘
14:33:24	15.52	--	15	23280	买盘
14:33:19	15.52	--	21	32592	买盘
14:33:09	15.52	--	119	184688	买盘
14:33:04	15.52	0.01	1	1552	买盘
14:32:58	15.51	-0.01	14	21714	卖盘
14:32:49	15.52	0.01	63	97776	买盘
14:32:43	15.51	--	11	17061	卖盘
14:32:34	15.51	--	6	9306	卖盘
14:32:28	15.51	--	2	3102	卖盘
14:32:24	15.51	--	20	31020	卖盘
14:32:13	15.51	--	19	29469	卖盘
14:32:04	15.51	--	24	37224	卖盘
14:31:58	15.51	-0.01	14	21714	卖盘
14:31:53	15.52	0.01	2	3104	买盘
14:31:49	15.51	-0.01	24	37224	卖盘
14:31:43	15.52	--	44	68288	买盘
14:31:34	15.52	0.01	11	17072	买盘
14:31:28	15.51	-0.01	8	12408	卖盘
14:31:18	15.52	--	3	4656	买盘
14:31:04	15.52	0.01	11	17072	买盘
14:30:58	15.51	-0.01	3	4653	卖盘
14:30:49	15.52	--	15	23280	卖盘
14:30:43	15.52	-0.01	24	37248	卖盘
14:30:38	15.53	0.01	5	7765	买盘
14:30:33	15.52	0.01	5	7760	中性盘
14:30:24	15.51	-0.02	10	15510	卖盘
14:30:04	15.53	0.01	19	29507	买盘
14:29:58	15.52	-0.01	5	7760	买盘
14:29:49	15.53	--	0	0	买盘
14:29:38	15.53	0.01	10	15530	买盘
14:29:28	15.52	--	20	31040	卖盘
14:29:23	15.52	--	20	31040	卖盘
14:29:18	15.52	--	10	15520	买盘
14:29:04	15.52	--	1	1552	买盘
14:28:58	15.52	--	19	29488	卖盘
14:28:28	15.52	--	21	32592	买盘
14:28:03	15.52	--	1	1552	买盘
14:27:57	15.52	0.02	12	18624	买盘
14:27:53	15.5	-0.01	48	74400	卖盘
14:27:43	15.51	--	1	1551	卖盘
14:27:33	15.51	-0.01	5	7755	卖盘
14:27:28	15.52	0.01	33	51216	买盘
14:27:23	15.51	--	2	3102	卖盘
14:27:18	15.51	--	4	6204	卖盘
14:27:13	15.51	-0.01	8	12408	卖盘
14:27:08	15.52	0.01	7	10864	买盘
14:27:03	15.51	--	10	15510	卖盘
14:26:48	15.51	-0.01	200	310200	卖盘
14:26:28	15.52	--	32	49664	买盘
14:26:22	15.52	--	5	7760	买盘
14:26:07	15.52	--	99	153648	买盘
14:25:58	15.52	-0.01	115	178480	卖盘
14:25:48	15.53	--	10	15530	买盘
14:25:43	15.53	--	4	6212	买盘
14:25:37	15.53	--	25	38825	买盘
14:25:28	15.53	--	82	127346	买盘
14:25:13	15.53	-0.01	157	243821	卖盘
14:25:07	15.54	0.01	1	1554	买盘
14:24:58	15.53	-0.01	6	9318	卖盘
14:24:43	15.54	--	19	29526	买盘
14:24:37	15.54	--	4	6216	买盘
14:24:32	15.54	--	15	23310	买盘
14:24:22	15.54	0.01	8	12432	买盘
14:24:07	15.53	--	1	1553	卖盘
14:24:02	15.53	-0.01	3	4659	卖盘
14:23:52	15.54	0.01	13	20202	买盘
14:23:43	15.53	-0.01	5	7765	卖盘
14:23:32	15.54	--	20	31080	买盘
14:23:27	15.54	--	20	31080	买盘
14:23:22	15.54	--	15	23310	卖盘
14:23:13	15.54	--	2	3108	卖盘
14:23:06	15.54	--	72	111888	卖盘
14:23:03	15.54	--	9	13986	卖盘
14:22:58	15.54	--	15	23310	卖盘
14:22:52	15.54	-0.01	5	7770	卖盘
14:22:48	15.55	--	10	15550	买盘
14:22:37	15.55	-0.01	135	209925	卖盘
14:22:27	15.56	-0.01	10	15560	卖盘
14:22:22	15.57	--	43	66951	买盘
14:22:07	15.57	--	106	165042	卖盘
14:22:02	15.57	--	13	20241	卖盘
14:21:57	15.57	-0.01	17	26469	卖盘
14:21:42	15.58	0.01	19	29602	买盘
14:21:37	15.57	--	164	255348	卖盘
14:21:32	15.57	--	25	38925	卖盘
14:21:27	15.57	--	60	93420	卖盘
14:20:57	15.57	-0.01	11	17127	卖盘
14:20:51	15.58	0.01	4	6232	买盘
14:20:42	15.57	--	13	20241	卖盘
14:20:37	15.57	-0.01	55	85635	卖盘
14:20:32	15.58	0.01	24	37392	买盘
14:20:27	15.57	--	9	14013	卖盘
14:20:21	15.57	--	2	3114	卖盘
14:20:12	15.57	-0.01	12	18684	卖盘
14:20:07	15.58	0.01	16	24928	买盘
14:19:56	15.57	-0.01	10	15570	卖盘
14:19:52	15.58	0.01	50	77900	买盘
14:19:41	15.57	--	21	32697	买盘
14:19:31	15.57	--	10	15570	买盘
14:19:27	15.57	--	2	3114	买盘
14:19:22	15.57	--	3	4671	买盘
14:19:15	15.57	--	10	15570	卖盘
14:19:11	15.57	--	10	15570	卖盘
14:19:07	15.57	--	10	15570	卖盘
14:19:00	15.57	--	6	9342	卖盘
14:18:56	15.57	--	1	1557	卖盘
14:18:52	15.57	--	48	74736	卖盘
14:18:36	15.57	--	61	94977	卖盘
14:18:31	15.57	--	6	9342	卖盘
14:18:16	15.57	0.01	33	51381	买盘
14:18:11	15.56	-0.01	18	28008	卖盘
14:18:07	15.57	--	1	1557	买盘
14:18:00	15.57	0.01	31	48267	买盘
14:17:51	15.56	-0.01	3	4668	卖盘
14:17:46	15.57	--	4	6228	买盘
14:17:41	15.57	0.01	1	1557	买盘
14:17:37	15.56	-0.01	3	4668	卖盘
14:17:30	15.57	--	20	31140	买盘
14:17:21	15.57	--	4	6228	买盘
14:17:16	15.57	--	56	87192	买盘
14:17:11	15.57	0.01	5	7785	买盘
14:17:06	15.56	-0.01	15	23340	卖盘
14:17:01	15.57	--	2	3114	买盘
14:16:52	15.57	--	65	101205	买盘
14:16:46	15.57	--	12	18684	买盘
14:16:37	15.57	--	10	15570	买盘
14:16:30	15.57	0.01	99	154143	买盘
14:16:26	15.56	-0.01	13	20228	卖盘
14:16:21	15.57	--	138	214866	买盘
14:16:15	15.57	0.01	20	31140	买盘
14:16:00	15.56	--	104	161824	卖盘
14:15:51	15.56	--	116	180496	买盘
14:15:45	15.56	--	2	3112	买盘
14:15:41	15.56	0.01	51	79356	买盘
14:15:36	15.55	--	26	40430	买盘
14:15:31	15.55	-0.01	24	37320	卖盘
14:15:21	15.56	0.01	42	65352	买盘
14:15:15	15.55	--	92	143060	卖盘
14:15:06	15.55	-0.01	11	17105	卖盘
14:15:01	15.56	0.01	30	46680	买盘
14:14:51	15.55	--	2	3110	卖盘
14:14:46	15.55	--	5	7775	买盘
14:14:36	15.55	--	13	20215	买盘
14:14:31	15.55	--	12	18660	卖盘
14:14:21	15.55	--	3	4665	买盘
14:13:56	15.55	--	0	0	中性盘
14:13:51	15.55	--	17	26435	买盘
14:13:45	15.55	--	36	55980	买盘
14:13:41	15.55	0.01	5	7775	买盘
14:13:35	15.54	-0.01	1	1554	卖盘
14:13:30	15.55	--	51	79305	买盘
14:13:11	15.55	--	15	23325	买盘
14:13:06	15.55	0.01	3	4665	买盘
14:12:54	15.54	-0.01	4	6216	卖盘
14:12:45	15.55	0.01	81	125955	买盘
14:12:35	15.54	--	15	23310	卖盘
14:12:30	15.54	-0.01	1	1554	卖盘
14:12:24	15.55	--	3	4665	买盘
14:12:20	15.55	--	8	12440	买盘
14:12:16	15.55	--	10	15550	买盘
14:11:50	15.55	--	0	0	买盘
14:11:46	15.55	0.02	92	143060	买盘
14:11:30	15.53	-0.02	10	15530	卖盘
14:11:15	15.55	--	31	48205	买盘
14:11:05	15.55	--	1	1555	买盘
14:10:54	15.55	--	4	6220	买盘
14:10:50	15.55	0.01	10	15550	买盘
14:10:45	15.54	-0.01	101	156954	卖盘
14:10:39	15.55	--	3	4665	买盘
14:10:35	15.55	--	20	31100	买盘
14:10:24	15.55	--	19	29545	买盘
14:10:20	15.55	0.01	54	83970	买盘
14:10:09	15.54	--	50	77700	卖盘
14:09:54	15.54	--	52	80808	卖盘
14:09:50	15.54	--	1	1554	卖盘
14:09:39	15.54	--	8	12432	买盘
14:09:35	15.54	-0.01	10	15540	买盘
14:09:30	15.55	--	0	0	买盘
14:09:24	15.55	0.01	27	41985	买盘
14:09:20	15.54	0.01	4	6216	买盘
14:09:15	15.53	-0.01	5	7765	卖盘
14:09:00	15.54	-0.01	19	29526	卖盘
14:08:54	15.55	--	3	4665	买盘
14:08:35	15.55	0.01	20	31100	买盘
14:08:30	15.54	-0.01	7	10878	卖盘
14:08:15	15.55	--	38	59090	买盘
14:08:09	15.55	--	104	161720	买盘
14:08:05	15.55	--	5	7775	买盘
14:08:00	15.55	--	69	107295	买盘
14:07:50	15.55	--	18	27990	买盘
14:07:39	15.55	--	7	10885	买盘
14:07:30	15.55	--	30	46650	买盘
14:07:24	15.55	0.02	106	164830	买盘
14:07:09	15.53	-0.02	4	6212	卖盘
14:07:05	15.55	--	0	0	买盘
14:06:59	15.55	0.02	17	26435	买盘
14:06:54	15.53	--	5	7765	买盘
14:06:45	15.53	0.02	10	15530	买盘
14:06:39	15.51	-0.01	8	12408	卖盘
14:06:35	15.52	0.01	10	15520	买盘
14:06:24	15.51	--	6	10500	买盘
14:06:15	15.51	--	8	12408	买盘
14:06:09	15.51	--	44	68600	卖盘
14:06:03	15.51	--	0	0	卖盘
14:05:54	15.51	--	17	26367	卖盘
14:05:33	15.51	-0.02	74	114774	卖盘
14:05:29	15.53	-0.01	15	24490	卖盘
14:05:24	15.54	-0.01	159	247086	卖盘
14:05:18	15.55	--	20	31100	卖盘
14:05:09	15.55	-0.01	5	7775	卖盘
14:05:03	15.56	0.01	67	104252	买盘
14:04:54	15.55	-0.02	28	43540	卖盘
14:04:48	15.57	0.01	68	105876	买盘
14:04:44	15.56	--	3	4668	卖盘
14:04:39	15.56	--	4	6224	卖盘
14:04:33	15.56	--	55	85580	卖盘
14:04:29	15.56	-0.01	2	3112	卖盘
14:04:24	15.57	0.01	49	76293	买盘
14:04:18	15.56	-0.01	30	46680	卖盘
14:04:14	15.57	--	1	1557	买盘
14:04:09	15.57	--	20	31140	卖盘
14:04:03	15.57	--	48	74736	卖盘
14:03:48	15.57	-0.01	6	9342	卖盘
14:03:39	15.58	-0.01	132	205656	卖盘
14:03:33	15.59	0.01	10	15590	买盘
14:03:29	15.58	-0.01	100	155800	卖盘
14:03:18	15.59	--	54	84186	卖盘
14:03:14	15.59	--	16	24944	卖盘
14:03:09	15.59	--	12	18708	卖盘
14:03:03	15.59	--	120	187080	卖盘
14:02:59	15.59	--	32	49888	卖盘
14:02:54	15.59	--	46	71714	卖盘
14:02:48	15.59	--	3	4677	卖盘
14:02:39	15.59	--	52	81068	卖盘
14:02:33	15.59	0.01	51	79509	买盘
14:02:29	15.58	--	8	12464	卖盘
14:02:24	15.58	-0.01	189	294462	卖盘
14:02:18	15.59	--	43	67037	买盘
14:02:14	15.59	--	19	29621	买盘
14:02:09	15.59	--	9	14031	买盘
14:02:03	15.59	0.01	34	53006	买盘
14:01:59	15.58	--	7	10906	卖盘
14:01:54	15.58	--	4	6232	卖盘
14:01:48	15.58	0.01	59	91922	买盘
14:01:39	15.57	--	303	471771	卖盘
14:01:29	15.57	-0.01	70	108990	卖盘
14:01:24	15.58	0.01	41	63878	买盘
14:01:18	15.57	0.01	27	42039	买盘
14:01:14	15.56	-0.01	2	3112	卖盘
14:01:09	15.57	--	19	29583	买盘
14:01:03	15.57	--	8	12456	买盘
14:00:54	15.57	--	2	3114	买盘
14:00:48	15.57	-0.01	59	91863	卖盘
14:00:44	15.58	--	89	138662	买盘
14:00:39	15.58	--	16	24928	买盘
14:00:33	15.58	0.01	25	38950	买盘
14:00:29	15.57	-0.01	11	17127	买盘
14:00:24	15.58	0.02	25	38950	买盘
14:00:18	15.56	--	28	43568	卖盘
14:00:09	15.56	--	45	70020	买盘
14:00:03	15.56	--	40	62240	买盘
13:59:59	15.56	--	96	149376	买盘
13:59:53	15.56	-0.02	30	46680	卖盘
13:59:48	15.58	0.01	38	59204	买盘
13:59:44	15.57	--	0	0	买盘
13:59:38	15.57	0.02	18	28026	买盘
13:59:33	15.55	-0.02	50	77750	卖盘
13:59:27	15.57	0.02	6	9342	买盘
13:59:24	15.55	-0.01	210	326550	卖盘
13:59:18	15.56	--	20	31120	买盘
13:59:12	15.56	--	32	49792	买盘
13:59:03	15.56	0.01	71	110476	买盘
13:58:57	15.55	0.01	106	164830	买盘
13:58:53	15.54	-0.01	17	26418	卖盘
13:58:48	15.55	--	39	60645	买盘
13:58:42	15.55	--	5	7775	买盘
13:58:33	15.55	0.01	8	12440	买盘
13:58:27	15.54	-0.01	21	32634	卖盘
13:58:18	15.55	--	19	29545	买盘
13:58:12	15.55	--	29	45095	买盘
13:58:08	15.55	--	2	3110	卖盘
13:58:03	15.55	--	36	55980	卖盘
13:57:57	15.55	--	31	48205	卖盘
13:57:53	15.55	--	20	31100	卖盘
13:57:48	15.55	--	20	31100	卖盘
13:57:42	15.55	--	42	65310	卖盘
13:57:38	15.55	-0.01	15	23325	卖盘
13:57:33	15.56	--	10	15560	买盘
13:57:27	15.56	--	20	31120	卖盘
13:57:23	15.56	-0.01	67	104252	卖盘
13:57:18	15.57	0.01	12	18684	买盘
13:57:12	15.56	-0.01	4	6224	卖盘
13:57:08	15.57	0.01	4	6228	买盘
13:57:03	15.56	-0.01	47	73132	卖盘
13:56:57	15.57	-0.01	1	1557	卖盘
13:56:53	15.58	--	4	6232	买盘
13:56:48	15.58	--	271	422218	卖盘
13:56:42	15.58	-0.01	118	183844	卖盘
13:56:33	15.59	--	19	29621	卖盘
13:56:27	15.59	--	46	71714	卖盘
13:56:23	15.59	-0.01	110	171490	卖盘
13:56:18	15.6	--	158	246480	卖盘
13:56:12	15.6	-0.01	70	109200	卖盘
13:56:08	15.61	--	10	15610	买盘
13:56:03	15.61	-0.01	75	117075	卖盘
13:55:57	15.62	--	61	95282	买盘
13:55:53	15.62	--	25	39050	买盘
13:55:48	15.62	-0.01	55	85910	卖盘
13:55:42	15.63	0.01	50	78150	买盘
13:55:38	15.62	--	2	3124	卖盘
13:55:33	15.62	--	29	45298	卖盘
13:55:27	15.62	0.02	73	114026	买盘
13:55:23	15.6	--	14	21840	卖盘
13:55:18	15.6	--	29	45240	买盘
13:55:12	15.6	--	147	229320	买盘
13:55:08	15.6	0.01	79	123240	买盘
13:55:03	15.59	--	90	140310	卖盘
13:54:57	15.59	--	105	163695	买盘
13:54:53	15.59	0.01	129	201111	买盘
13:54:48	15.58	--	392	610736	卖盘
13:54:42	15.58	-0.01	54	84132	卖盘
13:54:38	15.59	--	9	14031	买盘
13:54:33	15.59	0.01	48	74832	买盘
13:54:27	15.58	--	109	169822	买盘
13:54:23	15.58	--	88	137104	买盘
13:54:18	15.58	--	29	45182	买盘
13:54:12	15.58	0.01	37	57646	买盘
13:54:08	15.57	0.02	16	24912	买盘
13:54:03	15.55	-0.01	9	13995	卖盘
13:53:57	15.56	--	23	35788	买盘
13:53:53	15.56	0.01	135	210060	买盘
13:53:48	15.55	--	26	40430	买盘
13:53:42	15.55	0.02	90	139950	买盘
13:53:38	15.53	-0.01	10	15530	卖盘
13:53:33	15.54	0.01	126	195804	买盘
13:53:27	15.53	--	43	66779	买盘
13:53:18	15.53	0.02	80	124240	买盘
13:53:12	15.51	-0.01	33	51183	卖盘
13:53:08	15.52	--	10	15520	买盘
13:53:03	15.52	0.01	50	77600	买盘
13:52:57	15.51	0.01	35	54285	买盘
13:52:52	15.5	0.02	524	813579	买盘
13:52:48	15.48	0.01	167	258516	买盘
13:52:42	15.47	0.02	153	236691	买盘
13:52:36	15.45	-0.02	10	15450	卖盘
13:52:32	15.47	0.01	24	37128	买盘
13:52:27	15.46	-0.01	5	7730	中性盘
13:52:21	15.47	0.02	86	133042	买盘
13:52:17	15.45	--	65	100425	买盘
13:52:12	15.45	-0.01	64	99049	卖盘
13:52:06	15.46	0.01	211	327581	买盘
13:52:02	15.45	--	2	3090	买盘
13:51:57	15.45	--	15	23175	买盘
13:51:51	15.45	--	4	6180	买盘
13:51:47	15.45	--	0	0	买盘
13:51:42	15.45	--	22	33990	买盘
13:51:36	15.45	0.02	348	537660	买盘
13:51:32	15.43	--	10	15430	买盘
13:51:27	15.43	--	50	77150	买盘
13:51:12	15.43	0.01	26	40118	买盘
13:51:06	15.42	--	24	37008	买盘
13:50:57	15.42	0.01	1	1542	买盘
13:50:42	15.41	0.01	2	3082	买盘
13:50:36	15.4	--	2	3080	卖盘
13:50:21	15.4	-0.01	25	38500	卖盘
13:50:17	15.41	0.01	4	6164	买盘
13:50:06	15.4	-0.01	3	4620	卖盘
13:50:02	15.41	--	0	0	买盘
13:49:57	15.41	--	24	36984	买盘
13:49:51	15.41	--	43	66263	买盘
13:49:47	15.41	0.02	4	6164	买盘
13:49:42	15.39	0.01	1	2308	卖盘
13:49:27	15.38	-0.02	100	153800	卖盘
13:49:21	15.4	0.01	630	970200	买盘
13:49:12	15.39	--	7	10773	买盘
13:48:51	15.39	-0.01	1	1539	卖盘
13:48:47	15.4	0.01	8	12320	买盘
13:48:42	15.39	--	15	23085	卖盘
13:48:36	15.39	-0.01	10	15390	卖盘
13:48:32	15.4	0.01	6	9240	买盘
13:48:17	15.39	-0.01	7	10773	卖盘
13:48:06	15.4	--	1	1540	买盘
13:47:57	15.4	0.03	10	15400	买盘
13:47:36	15.37	-0.02	33	50721	卖盘
13:47:27	15.39	--	4	6156	买盘
13:47:12	15.39	--	19	29241	卖盘
13:47:06	15.39	-0.01	6	9234	卖盘
13:47:02	15.4	--	3	4620	买盘
13:46:27	15.4	-0.01	36	55440	卖盘
13:46:17	15.41	-0.01	5	7705	卖盘
13:46:12	15.42	--	0	0	买盘
13:46:06	15.42	--	2	3084	买盘
13:45:57	15.42	0.02	22	33924	买盘
13:45:51	15.4	-0.02	200	308000	卖盘
13:45:45	15.42	--	1	1542	买盘
13:45:41	15.42	--	4	6337	卖盘
13:45:36	15.42	--	3	4626	卖盘
13:45:30	15.42	--	22	35296	买盘
13:45:21	15.42	--	17	26214	买盘
13:45:15	15.42	--	0	0	买盘
13:45:06	15.42	0.01	5	7710	买盘
13:45:00	15.41	--	106	163515	卖盘
13:44:51	15.41	-0.01	6	9246	卖盘
13:44:41	15.42	--	5	7710	买盘
13:44:36	15.42	--	12	18504	买盘
13:44:30	15.42	--	45	69390	买盘
13:44:21	15.42	0.01	4	6168	买盘
13:44:11	15.41	--	3	4623	卖盘
13:43:51	15.41	-0.01	16	24656	卖盘
13:43:45	15.42	--	5	7710	买盘
13:43:36	15.42	--	1	1542	卖盘
13:43:30	15.42	--	5	7710	卖盘
13:43:26	15.42	--	1	1542	卖盘
13:43:21	15.42	0.01	9	13878	买盘
13:43:06	15.41	-0.01	31	47771	卖盘
13:43:00	15.42	0.01	10	15420	买盘
13:42:45	15.41	--	10	15410	卖盘
13:42:36	15.41	--	19	30650	买盘
13:42:26	15.41	--	30	46230	买盘
13:42:15	15.41	--	12	18492	买盘
13:42:06	15.41	--	34	52563	卖盘
13:42:00	15.41	--	10	15410	卖盘
13:41:51	15.41	-0.01	101	155641	卖盘
13:41:30	15.42	--	18	27756	买盘
13:41:21	15.42	--	6	9252	中性盘
13:41:15	15.42	--	79	121818	卖盘
13:41:06	15.42	-0.01	20	30840	卖盘
13:41:00	15.43	--	58	89494	买盘
13:40:51	15.43	0.01	8	12344	买盘
13:40:45	15.42	-0.01	10	15420	卖盘
13:40:41	15.43	--	94	145042	买盘
13:40:26	15.43	0.01	2	3086	买盘
13:40:11	15.42	-0.01	10	15420	卖盘
13:40:06	15.43	0.01	1	1543	买盘
13:39:56	15.42	--	11	16962	卖盘
13:39:45	15.42	--	68	104856	卖盘
13:39:41	15.42	--	3	4626	卖盘
13:39:36	15.42	--	53	81726	买盘
13:39:30	15.42	0.01	15	23130	买盘
13:39:26	15.41	-0.01	5	7705	卖盘
13:39:15	15.42	0.01	33	50886	买盘
13:39:09	15.41	--	40	61640	卖盘
13:39:06	15.41	--	30	46230	卖盘
13:38:54	15.41	--	20	30820	卖盘
13:38:35	15.41	--	0	0	卖盘
13:38:30	15.41	-0.01	100	154100	卖盘
13:38:24	15.42	--	10	15420	卖盘
13:38:15	15.42	--	23	35466	卖盘
13:38:09	15.42	-0.01	5	7710	卖盘
13:38:05	15.43	0.01	1	1543	买盘
13:38:00	15.42	--	10	15420	卖盘
13:37:54	15.42	--	10	15420	卖盘
13:37:45	15.42	-0.01	10	15420	卖盘
13:37:35	15.43	--	14	21602	买盘
13:37:30	15.43	--	8	12344	买盘
13:37:24	15.43	0.01	25	38575	买盘
13:37:15	15.42	--	0	0	卖盘
13:37:09	15.42	-0.01	12	18504	卖盘
13:37:05	15.43	--	4	7545	买盘
13:37:00	15.43	--	5	7884	卖盘
13:36:54	15.43	--	8	12344	卖盘
13:36:39	15.43	--	21	33776	买盘
13:36:30	15.43	--	40	61889	卖盘
13:36:24	15.43	--	10	15430	卖盘
13:36:15	15.43	--	10	15430	卖盘
13:36:09	15.43	-0.01	9	13887	卖盘
13:36:05	15.44	--	49	75656	买盘
13:35:45	15.44	--	14	21616	卖盘
13:35:39	15.44	--	19	29336	卖盘
13:35:35	15.44	--	13	20072	卖盘
13:35:15	15.44	--	2	3088	卖盘
13:35:00	15.44	0.01	10	15440	买盘
13:34:54	15.43	-0.01	35	54005	卖盘
13:34:50	15.44	--	15	23160	买盘
13:34:39	15.44	-0.01	3	4632	中性盘
13:34:30	15.45	0.01	2	3090	买盘
13:34:24	15.44	-0.01	11	16984	卖盘
13:34:20	15.45	0.02	2	3090	买盘
13:34:15	15.43	-0.02	34	52462	卖盘
13:34:09	15.45	0.02	4	6180	买盘
13:34:00	15.43	--	6	9258	卖盘
13:33:45	15.43	--	103	158929	卖盘
13:33:39	15.43	--	0	0	卖盘
13:33:35	15.43	--	17	26231	卖盘
13:33:30	15.43	-0.02	44	67892	卖盘
13:33:24	15.45	0.02	81	126520	买盘
13:33:20	15.43	--	3	4629	卖盘
13:33:15	15.43	-0.01	5	7715	卖盘
13:33:09	15.44	--	58	89552	买盘
13:33:04	15.44	0.01	1	1544	买盘
13:33:00	15.43	-0.01	20	30860	卖盘
13:32:54	15.44	--	19	29336	买盘
13:32:50	15.44	--	21	32424	买盘
13:32:45	15.44	-0.01	4	6176	卖盘
13:32:39	15.45	0.01	30	46350	买盘
13:32:30	15.44	--	18	27792	卖盘
13:32:24	15.44	-0.01	143	220792	买盘
13:32:09	15.45	0.01	102	157590	买盘
13:32:03	15.44	--	50	77200	买盘
13:31:59	15.44	--	2	3088	买盘
13:31:54	15.44	--	13	20072	卖盘
13:31:48	15.44	-0.01	9	13896	买盘
13:31:39	15.45	0.01	130	200850	买盘
13:31:29	15.44	--	16	24704	买盘
13:31:09	15.44	-0.01	1	1544	买盘
13:31:03	15.45	--	0	0	买盘
13:30:59	15.45	--	0	0	买盘
13:30:54	15.45	0.02	45	69525	买盘
13:30:48	15.43	-0.02	1	1543	卖盘
13:30:44	15.45	--	51	78795	买盘
13:30:39	15.45	0.01	97	149865	买盘
13:30:33	15.44	-0.01	13	20072	中性盘
13:30:29	15.45	0.01	121	186945	买盘
13:30:18	15.44	--	9	13896	卖盘
13:30:14	15.44	--	2	3088	卖盘
13:30:09	15.44	--	97	149768	买盘
13:30:03	15.44	-0.01	7	10808	买盘
13:29:59	15.45	--	61	94245	买盘
13:29:54	15.45	0.01	69	106605	买盘
13:29:48	15.44	-0.01	23	35512	卖盘
13:29:44	15.45	--	11	16995	买盘
13:29:39	15.45	--	27	41715	买盘
13:29:33	15.45	--	25	38625	卖盘
13:29:29	15.45	--	10	15450	卖盘
13:29:24	15.45	--	18	27810	卖盘
13:29:18	15.45	-0.01	49	75705	卖盘
13:29:14	15.46	--	28	43288	卖盘
13:29:09	15.46	--	56	86576	卖盘
13:29:03	15.46	--	32	49472	卖盘
13:28:59	15.46	--	0	0	卖盘
13:28:54	15.46	-0.01	138	213348	卖盘
13:28:48	15.47	--	75	116025	卖盘
13:28:44	15.47	0.01	96	148512	买盘
13:28:39	15.46	--	22	34012	买盘
13:28:33	15.46	-0.01	280	432880	卖盘
13:28:29	15.47	--	2	3094	买盘
13:28:24	15.47	--	15	23205	买盘
13:28:18	15.47	--	7	10829	买盘
13:28:14	15.47	0.02	8	12376	买盘
13:28:09	15.45	-0.01	229	353805	卖盘
13:28:03	15.46	0.01	7	10822	买盘
13:27:59	15.45	--	40	61800	买盘
13:27:54	15.45	--	41	63345	买盘
13:27:48	15.45	0.01	33	50985	买盘
13:27:39	15.44	--	49	75656	买盘
13:27:33	15.44	0.01	60	92640	买盘
13:27:29	15.43	--	66	101838	买盘
13:27:24	15.43	0.01	57	87951	买盘
13:27:09	15.42	0.02	214	329988	买盘
13:27:03	15.4	0.01	292	449680	买盘
13:26:59	15.39	--	20	30780	买盘
13:26:54	15.39	--	35	53865	买盘
13:26:48	15.39	--	73	112347	买盘
13:26:44	15.39	--	3	4617	买盘
13:26:39	15.39	0.01	10	15390	买盘
13:26:24	15.38	--	8	12304	卖盘
13:26:18	15.38	--	100	153800	买盘
13:26:14	15.38	--	1	1538	买盘
13:26:09	15.38	0.01	109	167642	买盘
13:26:03	15.37	-0.01	16	24592	卖盘
13:25:57	15.38	--	2	3076	买盘
13:25:53	15.38	--	20	30760	买盘
13:25:48	15.38	0.01	3	4614	买盘
13:25:27	15.37	--	8	12296	卖盘
13:25:23	15.37	0.01	96	147552	买盘
13:25:18	15.36	-0.01	12	18432	卖盘
13:25:03	15.37	0.01	30	46110	买盘
13:24:57	15.36	--	10	15360	卖盘
13:24:53	15.36	--	0	0	中性盘
13:24:48	15.36	--	18	27648	买盘
13:24:42	15.36	--	60	92160	买盘
13:24:38	15.36	--	5	7680	买盘
13:24:27	15.36	0.01	1	1536	买盘
13:24:18	15.35	-0.01	18	27630	卖盘
13:23:57	15.36	0.01	137	210432	买盘
13:23:42	15.35	--	31	47585	买盘
13:23:38	15.35	--	1	1535	买盘
13:23:27	15.35	--	73	112055	买盘
13:23:23	15.35	--	1	1535	买盘
13:23:12	15.35	--	20	30700	买盘
13:23:03	15.35	--	1	1535	买盘
13:22:57	15.35	--	10	15350	买盘
13:22:38	15.35	0.01	9	13815	买盘
13:22:27	15.34	-0.01	3	4602	卖盘
13:22:23	15.35	--	10	15350	买盘
13:22:18	15.35	--	31	47585	买盘
13:22:12	15.35	--	39	59865	买盘
13:22:03	15.35	0.01	17	26095	买盘
13:21:57	15.34	--	222	340548	买盘
13:21:48	15.34	--	30	46020	买盘
13:21:42	15.34	--	5	7670	买盘
13:21:33	15.34	--	14	21476	买盘
13:21:27	15.34	--	17	26078	卖盘
13:21:12	15.34	--	3	4602	买盘
13:21:03	15.34	0.02	1	1534	买盘
13:20:57	15.32	--	7	10724	卖盘
13:20:53	15.32	--	10	15320	卖盘
13:20:48	15.32	0.01	10	15320	买盘
13:20:42	15.31	--	17	26027	卖盘
13:20:27	15.31	-0.04	48	73488	卖盘
13:20:18	15.35	0.04	2	3070	买盘
13:19:57	15.31	-0.04	366	560346	卖盘
13:19:42	15.35	--	50	76750	买盘
13:19:38	15.35	--	3	4605	买盘
13:19:27	15.35	--	20	30700	买盘
13:19:12	15.35	--	2	3070	买盘
13:19:06	15.35	--	60	92100	买盘
13:19:03	15.35	--	21	32235	买盘
13:18:57	15.35	--	1	1535	买盘
13:18:42	15.35	--	5	7675	买盘
13:18:36	15.35	0.01	3	4605	买盘
13:18:21	15.34	-0.01	4	6136	卖盘
13:18:17	15.35	--	100	153500	买盘
13:18:06	15.35	--	21	32235	买盘
13:17:57	15.35	--	5	7675	买盘
13:17:51	15.35	--	3	4605	买盘
13:17:21	15.35	0.01	26	39910	买盘
13:17:17	15.34	--	3	4602	卖盘
13:17:12	15.34	--	40	61360	卖盘
13:17:06	15.34	--	13	19942	卖盘
13:16:57	15.34	--	128	196352	买盘
13:16:51	15.34	--	26	39884	买盘
13:16:42	15.34	--	45	69030	买盘
13:16:12	15.34	0.01	17	26078	买盘
13:16:06	15.33	--	11	16863	中性盘
13:15:57	15.33	--	0	0	卖盘
13:15:51	15.33	--	9	13797	买盘
13:15:47	15.33	--	28	42924	卖盘
13:15:42	15.33	--	7	10731	买盘
13:15:32	15.33	--	51	78183	买盘
13:15:27	15.33	--	5	7665	买盘
13:15:17	15.33	0.01	68	104244	买盘
13:15:06	15.32	--	1	1532	卖盘
13:14:57	15.32	0.01	30	45960	买盘
13:14:51	15.31	-0.01	14	21434	卖盘
13:14:47	15.32	0.01	51	78132	买盘
13:14:06	15.31	0.01	6	9186	买盘
13:14:02	15.3	-0.01	50	76500	卖盘
13:13:57	15.31	--	13	19903	买盘
13:13:51	15.31	--	10	15310	买盘
13:13:36	15.31	0.01	25	38275	买盘
13:13:32	15.3	-0.01	10	15300	卖盘
13:13:21	15.31	--	8	12248	买盘
13:13:16	15.31	--	24	36744	买盘
13:13:12	15.31	--	9	13779	买盘
13:13:06	15.31	--	24	36744	买盘
13:12:51	15.31	--	15	22965	买盘
13:12:30	15.31	0.01	8	12248	买盘
13:12:21	15.3	--	3	4590	卖盘
13:12:06	15.3	-0.01	57	87210	卖盘
13:11:51	15.31	0.01	101	154631	买盘
13:11:36	15.3	-0.01	12	18360	卖盘
13:11:06	15.31	--	1	1531	买盘
13:10:45	15.31	0.01	21	32151	买盘
13:10:36	15.3	-0.01	20	30600	卖盘
13:10:21	15.31	--	45	68895	买盘
13:10:06	15.31	0.01	1	1531	买盘
13:09:56	15.3	-0.01	30	45900	卖盘
13:09:51	15.31	--	1	1531	买盘
13:09:45	15.31	--	8	12248	买盘
13:09:30	15.31	--	12	18372	买盘
13:09:06	15.31	--	1	1531	买盘
13:09:00	15.31	0.01	5	7655	买盘
13:08:45	15.3	-0.01	40	61200	卖盘
13:08:36	15.31	--	2	3062	买盘
13:08:15	15.31	0.01	16	24496	买盘
13:08:11	15.3	-0.01	3	4590	卖盘
13:07:51	15.31	--	0	0	中性盘
13:07:45	15.31	0.01	35	53585	买盘
13:07:36	15.3	--	0	0	卖盘
13:07:26	15.3	-0.01	12	18360	卖盘
13:07:21	15.31	--	76	116356	买盘
13:07:15	15.31	0.01	51	78081	买盘
13:07:11	15.3	--	20	30600	卖盘
13:06:56	15.3	--	5	7650	卖盘
13:06:50	15.3	--	60	91800	买盘
13:06:45	15.3	--	12	18360	卖盘
13:06:36	15.3	--	1	1530	卖盘
13:06:30	15.3	0.01	17	26010	买盘
13:06:21	15.29	--	22	33638	卖盘
13:06:15	15.29	-0.01	130	198770	卖盘
13:06:05	15.3	--	29	44370	卖盘
13:05:50	15.3	--	20	30600	卖盘
13:05:45	15.3	--	50	76500	卖盘
13:05:35	15.3	-0.01	40	61200	卖盘
13:05:30	15.31	--	22	33682	买盘
13:05:24	15.31	--	1	1531	买盘
13:05:09	15.31	--	3	4593	买盘
13:05:00	15.31	--	27	41337	买盘
13:04:54	15.31	--	7	10717	买盘
13:04:50	15.31	0.01	5	7655	买盘
13:04:39	15.3	--	14	21420	卖盘
13:04:24	15.3	--	176	269280	卖盘
13:04:09	15.3	-0.01	4	6120	卖盘
13:03:54	15.31	--	31	47461	卖盘
13:03:50	15.31	0.01	4	6124	买盘
13:03:45	15.3	--	3	4590	卖盘
13:03:24	15.3	--	1	1530	卖盘
13:03:20	15.3	-0.01	20	30600	卖盘
13:03:09	15.31	--	4	6124	买盘
13:03:05	15.31	--	11	16841	买盘
13:03:00	15.31	--	1	1531	买盘
13:02:54	15.31	--	6	9186	买盘
13:02:30	15.31	0.01	33	50523	买盘
13:02:20	15.3	--	54	82620	买盘
13:02:15	15.3	0.01	17	26010	买盘
13:02:05	15.29	--	47	71863	买盘
13:02:00	15.29	--	7	10703	卖盘
13:01:50	15.29	--	48	73392	买盘
13:01:45	15.29	--	4	6116	买盘
13:01:35	15.29	--	10	15290	卖盘
13:01:24	15.29	--	23	35167	买盘
13:01:15	15.29	--	35	53515	买盘
13:01:09	15.29	--	4	6116	中性盘
13:01:00	15.29	--	29	44341	买盘
13:00:24	15.29	--	6	9174	卖盘
13:00:14	15.29	0.01	25	38225	卖盘
13:00:09	15.28	0.02	107	163496	买盘
13:00:05	15.26	-0.01	149	227374	卖盘
11:30:00	15.27	--	0	0	中性盘
11:30:00	15.27	--	0	0	中性盘
11:30:00	15.27	--	0	0	买盘
11:29:56	15.27	-0.01	7	10689	卖盘
11:29:45	15.28	--	2	3056	买盘
11:29:36	15.28	--	6	9168	买盘
11:29:21	15.28	--	127	194056	卖盘
11:29:11	15.28	--	13	19864	买盘
11:29:06	15.28	0.02	51	77928	买盘
11:28:56	15.26	--	0	0	卖盘
11:28:41	15.26	-0.01	25	38150	卖盘
11:28:36	15.27	0.01	50	76350	买盘
11:28:15	15.26	--	2	3052	卖盘
11:28:06	15.26	--	1	1526	买盘
11:28:00	15.26	--	15	22890	买盘
11:27:56	15.26	0.02	2	3052	买盘
11:27:36	15.24	--	0	0	卖盘
11:27:30	15.24	-0.02	50	76200	卖盘
11:27:26	15.26	-0.01	2	3052	卖盘
11:27:06	15.27	--	23	35121	买盘
11:26:51	15.27	0.01	35	53445	买盘
11:26:45	15.26	--	0	0	卖盘
11:26:36	15.26	-0.02	19	28994	卖盘
11:26:21	15.28	0.01	7	10696	买盘
11:26:11	15.27	--	28	42756	卖盘
11:26:06	15.27	--	104	158808	买盘
11:26:00	15.27	--	18	27486	买盘
11:25:56	15.27	0.01	74	112998	买盘
11:25:45	15.26	0.03	23	35098	买盘
11:25:40	15.23	--	0	0	卖盘
11:25:36	15.23	-0.02	95	144685	卖盘
11:25:30	15.25	0.02	124	189100	买盘
11:25:26	15.23	--	8	12184	卖盘
11:25:21	15.23	--	18	27520	买盘
11:25:15	15.23	--	15	22845	买盘
11:25:06	15.23	0.01	117	178191	买盘
11:25:00	15.22	--	80	121760	买盘
11:24:50	15.22	--	9	13698	买盘
11:24:45	15.22	--	69	105018	卖盘
11:24:40	15.22	-0.01	9	13698	卖盘
11:24:35	15.23	0.02	35	53305	买盘
11:24:30	15.21	-0.02	197	299637	卖盘
11:24:21	15.23	--	9	13707	买盘
11:24:15	15.23	-0.01	96	146208	卖盘
11:24:10	15.24	0.01	25	38100	买盘
11:24:05	15.23	--	45	68535	卖盘
11:24:00	15.23	--	24	36552	卖盘
11:23:56	15.23	--	16	24368	卖盘
11:23:50	15.23	--	49	74627	卖盘
11:23:45	15.23	--	12	18276	卖盘
11:23:35	15.23	--	2	3046	卖盘
11:23:30	15.23	-0.01	25	38075	卖盘
11:23:20	15.24	--	2	3048	买盘
11:23:15	15.24	-0.01	48	73152	卖盘
11:23:10	15.25	--	6	9150	买盘
11:23:05	15.25	--	1	1525	买盘
11:23:00	15.25	0.01	44	67100	买盘
11:22:54	15.24	--	4	6096	买盘
11:22:50	15.24	-0.01	51	77724	卖盘
11:22:45	15.25	--	7	10675	买盘
11:22:39	15.25	--	3	4575	买盘
11:22:35	15.25	--	83	126575	卖盘
11:22:30	15.25	--	33	50325	卖盘
11:22:15	15.25	--	30	45750	买盘
11:21:54	15.25	-0.01	205	312625	卖盘
11:21:50	15.26	--	5	7630	买盘
11:21:45	15.26	--	60	91560	买盘
11:21:39	15.26	-0.01	36	54936	卖盘
11:21:30	15.27	--	56	85512	买盘
11:21:24	15.27	--	1	1527	买盘
11:21:20	15.27	--	8	12216	买盘
11:21:15	15.27	--	0	0	买盘
11:21:05	15.27	0.02	1	1527	买盘
11:20:54	15.25	-0.02	415	632875	卖盘
11:20:50	15.27	--	20	30540	卖盘
11:20:45	15.27	--	57	87039	卖盘
11:20:39	15.27	--	21	32067	买盘
11:20:30	15.27	-0.01	210	320670	卖盘
11:20:24	15.28	0.01	65	99320	买盘
11:20:15	15.27	-0.01	5	7635	卖盘
11:20:09	15.28	--	7	10696	买盘
11:20:05	15.28	0.01	17	25976	买盘
11:20:00	15.27	-0.01	122	186294	卖盘
11:19:54	15.28	0.01	3	4584	买盘
11:19:50	15.27	--	20	30540	卖盘
11:19:24	15.27	--	20	30540	卖盘
11:19:20	15.27	-0.01	50	76350	卖盘
11:19:15	15.28	--	1	1528	买盘
11:19:09	15.28	0.01	50	76400	买盘
11:19:00	15.27	-0.01	81	123687	卖盘
11:18:54	15.28	--	5	7640	买盘
11:18:45	15.28	0.01	11	16808	买盘
11:18:39	15.27	--	6	9162	卖盘
11:18:30	15.27	--	55	83985	卖盘
11:18:24	15.27	-0.01	3	4581	卖盘
11:18:09	15.28	--	33	50424	买盘
11:18:04	15.28	0.01	1	1528	买盘
11:18:00	15.27	-0.01	42	64134	卖盘
11:17:14	15.28	0.01	5	7640	买盘
11:17:04	15.27	-0.01	37	56499	卖盘
11:16:59	15.28	--	2	3056	买盘
11:16:54	15.28	--	64	97792	卖盘
11:16:44	15.28	-0.01	53	80984	卖盘
11:16:39	15.29	0.01	2	3058	买盘
11:16:14	15.28	-0.01	41	62648	卖盘
11:16:03	15.29	0.01	9	13761	买盘
11:15:59	15.28	--	3	4584	卖盘
11:15:54	15.28	-0.01	3	4584	卖盘
11:15:29	15.29	--	31	47399	买盘
11:15:24	15.29	--	3	4587	买盘
11:15:14	15.29	--	5	7645	买盘
11:15:09	15.29	--	56	85624	卖盘
11:14:44	15.29	-0.01	100	152900	卖盘
11:14:39	15.3	0.01	4	6120	买盘
11:14:29	15.29	-0.01	14	21406	卖盘
11:14:24	15.3	--	6	9180	买盘
11:14:18	15.3	--	10	15300	买盘
11:14:14	15.3	--	104	159120	买盘
11:14:09	15.3	--	3	4590	买盘
11:14:03	15.3	--	1	1530	买盘
11:13:44	15.3	--	5	7650	买盘
11:13:39	15.3	--	3	4590	买盘
11:13:33	15.3	--	21	32130	卖盘
11:13:24	15.3	--	22	33660	买盘
11:13:18	15.3	-0.01	142	217260	卖盘
11:13:14	15.31	0.01	7	10717	买盘
11:13:09	15.3	-0.01	56	85680	卖盘
11:13:03	15.31	0.01	4	6124	买盘
11:12:44	15.3	--	5	7650	卖盘
11:12:39	15.3	--	2	3060	卖盘
11:12:24	15.3	--	131	200430	卖盘
11:12:18	15.3	-0.01	6	9180	卖盘
11:12:13	15.31	0.01	2	3062	买盘
11:12:03	15.3	--	6	9180	卖盘
11:11:48	15.3	--	2	3060	卖盘
11:11:43	15.3	--	24	36720	卖盘
11:11:39	15.3	--	58	88740	卖盘
11:11:28	15.3	--	3	4590	卖盘
11:11:18	15.3	-0.01	74	113220	卖盘
11:11:13	15.31	0.01	4	6124	买盘
11:11:09	15.3	-0.01	10	15300	卖盘
11:11:03	15.31	0.01	1	1531	买盘
11:10:48	15.3	-0.01	44	67320	卖盘
11:10:38	15.31	0.01	8	12248	买盘
11:10:33	15.3	--	18	27540	卖盘
11:10:28	15.3	-0.01	33	50490	卖盘
11:10:18	15.31	0.01	6	9186	买盘
11:10:13	15.3	-0.01	10	15300	卖盘
11:10:08	15.31	0.01	22	33682	买盘
11:10:03	15.3	--	53	81090	卖盘
11:09:48	15.3	--	17	26010	卖盘
11:09:33	15.3	-0.01	15	22950	卖盘
11:09:28	15.31	--	3	4593	买盘
11:09:18	15.31	0.01	180	275580	买盘
11:09:12	15.3	--	5	7650	卖盘
11:09:08	15.3	--	8	12240	卖盘
11:09:03	15.3	--	8	12240	卖盘
11:08:48	15.3	--	10	15300	卖盘
11:08:42	15.3	--	45	68850	卖盘
11:08:38	15.3	--	30	45900	卖盘
11:08:33	15.3	--	64	97920	卖盘
11:08:23	15.3	-0.01	5	7650	卖盘
11:08:03	15.31	--	21	32151	买盘
11:07:53	15.31	--	16	24496	买盘
11:07:48	15.31	-0.01	10	15310	中性盘
11:07:42	15.32	0.01	1	1532	买盘
11:07:38	15.31	--	16	24496	卖盘
11:07:33	15.31	--	4	6124	卖盘
11:07:27	15.31	--	3	4593	卖盘
11:07:23	15.31	-0.01	70	107170	卖盘
11:07:12	15.32	--	11	16852	买盘
11:06:57	15.32	--	17	26044	买盘
11:06:42	15.32	-0.01	6	9192	卖盘
11:06:22	15.33	0.01	2	3066	买盘
11:06:03	15.32	0.01	56	85792	买盘
11:05:57	15.31	-0.01	96	146976	卖盘
11:05:37	15.32	--	0	0	卖盘
11:05:33	15.32	--	188	288016	买盘
11:05:18	15.32	0.01	44	67408	买盘
11:05:07	15.31	-0.01	9	13779	卖盘
11:05:03	15.32	0.01	1	1532	买盘
11:04:42	15.31	--	46	70426	卖盘
11:04:27	15.31	--	21	32151	卖盘
11:04:12	15.31	--	20	30620	卖盘
11:03:57	15.31	-0.01	19	29089	卖盘
11:03:47	15.32	--	1	1532	买盘
11:03:27	15.32	0.01	20	30640	买盘
11:03:12	15.31	--	16	24496	卖盘
11:03:06	15.31	-0.01	9	13779	卖盘
11:03:02	15.32	--	2	3064	买盘
11:02:57	15.32	0.01	2	3064	买盘
11:02:51	15.31	--	22	33682	卖盘
11:02:42	15.31	--	3	4593	卖盘
11:02:36	15.31	--	22	34478	买盘
11:02:32	15.31	--	1	1531	买盘
11:02:27	15.31	--	15	23699	卖盘
11:02:12	15.31	--	8	13044	买盘
11:02:06	15.31	--	20	30620	买盘
11:02:02	15.31	--	14	21434	买盘
11:01:57	15.31	--	7	10717	买盘
11:01:51	15.31	--	2	3062	买盘
11:01:47	15.31	--	32	49726	卖盘
11:01:42	15.31	--	5	7655	卖盘
11:01:17	15.31	-0.01	13	19903	卖盘
11:01:06	15.32	0.01	2	3064	买盘
11:00:42	15.31	--	6	9186	卖盘
11:00:36	15.31	--	30	46726	买盘
11:00:17	15.31	--	22	34416	卖盘
11:00:12	15.31	--	22	33682	卖盘
11:00:06	15.31	--	20	30620	卖盘
10:59:27	15.31	--	12	18372	卖盘
10:59:21	15.31	--	3	4593	卖盘
10:59:12	15.31	--	14	21434	卖盘
10:59:06	15.31	--	119	182189	卖盘
10:58:57	15.31	--	20	30620	卖盘
10:58:51	15.31	--	3	4593	卖盘
10:58:36	15.31	-0.01	270	413370	卖盘
10:58:27	15.32	--	8	12256	卖盘
10:58:21	15.32	--	49	75068	卖盘
10:58:12	15.32	--	2	3064	卖盘
10:58:06	15.32	-0.01	32	49024	卖盘
10:57:21	15.33	--	111	170163	卖盘
10:57:06	15.33	--	20	30660	卖盘
10:56:56	15.33	--	6	9198	卖盘
10:56:51	15.33	--	3	4599	卖盘
10:56:41	15.33	-0.01	33	50589	卖盘
10:56:36	15.34	--	2	3068	买盘
10:56:26	15.34	0.01	3	4602	买盘
10:56:21	15.33	--	23	35259	卖盘
10:56:15	15.33	--	2	3066	卖盘
10:56:11	15.33	--	50	76650	卖盘
10:56:06	15.33	--	11	16863	卖盘
10:56:00	15.33	--	5	7665	卖盘
10:55:56	15.33	--	21	32193	卖盘
10:55:50	15.33	--	10	15330	卖盘
10:55:26	15.33	-0.01	20	30660	卖盘
10:55:21	15.34	--	1	1534	买盘
10:55:11	15.34	--	8	12272	买盘
10:54:44	15.34	--	8	12272	买盘
10:54:41	15.34	--	34	52156	买盘
10:54:30	15.34	--	1	1534	买盘
10:54:06	15.34	--	1	1534	买盘
10:53:59	15.34	--	13	19942	买盘
10:53:51	15.34	0.01	1	1534	买盘
10:53:45	15.33	-0.01	6	9198	卖盘
10:53:26	15.34	0.01	122	187148	买盘
10:53:21	15.33	--	100	153300	卖盘
10:52:51	15.33	--	1	1533	卖盘
10:52:25	15.33	0.01	77	118041	买盘
10:52:15	15.32	--	10	15320	卖盘
10:52:06	15.32	-0.01	45	68940	卖盘
10:51:40	15.33	--	1	1533	买盘
10:51:15	15.33	--	3	4599	买盘
10:51:10	15.33	--	1	1533	买盘
10:51:05	15.33	--	1	1533	买盘
10:51:00	15.33	0.01	1	1533	买盘
10:50:30	15.32	0.01	26	39832	卖盘
10:50:25	15.31	--	0	0	卖盘
10:50:20	15.31	-0.01	217	332227	卖盘
10:50:10	15.32	--	12	18384	买盘
10:50:05	15.32	0.01	24	36768	卖盘
10:49:44	15.31	-0.03	74	113294	卖盘
10:49:24	15.34	--	0	0	买盘
10:49:09	15.34	0.02	12	18408	买盘
10:49:05	15.32	--	0	0	中性盘
10:48:54	15.32	--	0	0	中性盘
10:48:45	15.32	--	0	0	卖盘
10:48:39	15.32	--	2	3064	买盘
10:48:30	15.32	-0.01	63	96516	卖盘
10:48:24	15.33	--	12	18396	买盘
10:48:05	15.33	0.01	1	1533	买盘
10:48:00	15.32	--	5	7660	卖盘
10:47:53	15.32	-0.02	10	15320	卖盘
10:47:50	15.34	--	0	0	买盘
10:47:39	15.34	0.01	23	35282	买盘
10:47:24	15.33	--	16	24528	卖盘
10:46:54	15.33	--	30	45990	买盘
10:46:15	15.33	--	93	142569	买盘
10:45:54	15.33	-0.01	141	216153	卖盘
10:45:50	15.34	--	5	7670	买盘
10:45:30	15.34	--	12	18408	买盘
10:45:09	15.34	--	3	4602	买盘
10:45:04	15.34	0.01	1	1534	买盘
10:44:59	15.33	--	50	76650	卖盘
10:44:54	15.33	-0.01	50	76650	卖盘
10:44:44	15.34	--	5	7670	买盘
10:44:29	15.34	--	4	6136	买盘
10:44:09	15.34	--	1	1534	买盘
10:44:04	15.34	--	3	4602	买盘
10:43:59	15.34	--	3	4602	卖盘
10:43:54	15.34	--	11	16874	卖盘
10:43:14	15.34	-0.01	33	50622	卖盘
10:43:04	15.35	--	1	1535	买盘
10:42:44	15.35	0.01	7	10745	买盘
10:42:38	15.34	--	4	6136	卖盘
10:42:29	15.34	-0.01	20	30680	卖盘
10:42:24	15.35	--	1	1535	买盘
10:42:08	15.35	0.01	2	3070	买盘
10:42:03	15.34	-0.01	29	44486	卖盘
10:41:53	15.35	--	90	138150	买盘
10:41:32	15.35	0.01	1	1535	买盘
10:41:23	15.34	-0.01	8	12272	卖盘
10:40:53	15.35	--	10	15350	买盘
10:40:47	15.35	--	32	49120	买盘
10:40:38	15.35	--	1	1535	买盘
10:40:23	15.35	--	22	33770	买盘
10:40:08	15.35	--	1	1535	买盘
10:40:02	15.35	--	1	1535	买盘
10:39:58	15.35	0.01	49	75215	买盘
10:39:53	15.34	-0.01	165	253110	卖盘
10:39:38	15.35	0.01	20	30700	买盘
10:39:32	15.34	-0.01	14	21476	卖盘
10:39:28	15.35	--	24	36840	买盘
10:39:17	15.35	--	1	1535	买盘
10:39:08	15.35	0.01	20	30700	买盘
10:39:02	15.34	-0.01	4	6136	卖盘
10:38:58	15.35	--	20	30700	买盘
10:38:53	15.35	--	7	10745	买盘
10:38:47	15.35	--	1	1535	买盘
10:38:38	15.35	--	1	1535	买盘
10:38:32	15.35	--	110	168850	买盘
10:38:02	15.35	0.01	1	1535	买盘
10:37:53	15.34	--	7	10738	卖盘
10:37:47	15.34	--	6	9204	卖盘
10:37:38	15.34	0.01	76	116584	买盘
10:37:32	15.33	-0.01	4	6132	卖盘
10:37:28	15.34	--	13	19942	买盘
10:37:17	15.34	0.01	15	23010	买盘
10:37:13	15.33	-0.01	26	39858	卖盘
10:37:02	15.34	--	50	76700	买盘
10:36:53	15.34	--	5	7670	买盘
10:36:23	15.34	--	6	9204	买盘
10:36:02	15.34	--	1	1534	买盘
10:35:56	15.34	--	17	26078	买盘
10:35:53	15.34	--	15	23010	买盘
10:35:32	15.34	--	13	19942	买盘
10:35:17	15.34	--	55	84370	买盘
10:35:11	15.34	0.01	2	3068	买盘
10:35:08	15.33	-0.01	1	1533	卖盘
10:35:02	15.34	--	4	6136	买盘
10:34:47	15.34	0.01	1	1534	买盘
10:34:41	15.33	-0.01	11	16863	卖盘
10:34:26	15.34	0.01	15	23010	买盘
10:34:23	15.33	--	30	45990	卖盘
10:34:17	15.33	-0.01	8	12264	卖盘
10:34:08	15.34	0.01	5	7670	买盘
10:33:41	15.33	-0.01	5	7665	卖盘
10:33:32	15.34	0.01	37	56758	买盘
10:33:26	15.33	-0.01	28	42924	卖盘
10:33:17	15.34	--	2	3068	买盘
10:33:07	15.34	--	5	7670	买盘
10:32:56	15.34	0.01	22	33748	买盘
10:32:41	15.33	--	2	3066	卖盘
10:32:37	15.33	-0.01	25	38325	卖盘
10:32:32	15.34	--	23	35282	买盘
10:32:26	15.34	--	87	133458	买盘
10:32:11	15.34	0.01	6	9204	买盘
10:32:02	15.33	0.01	57	87381	买盘
10:31:56	15.32	-0.01	14	21448	卖盘
10:31:47	15.33	0.01	15	22995	买盘
10:31:32	15.32	--	5	7660	买盘
10:31:22	15.32	--	10	15320	买盘
10:31:07	15.32	0.01	4	6128	买盘
10:30:52	15.31	--	15	22965	卖盘
10:30:47	15.31	--	26	39806	卖盘
10:30:32	15.31	--	39	59709	卖盘
10:30:02	15.31	--	17	26027	卖盘
10:29:56	15.31	-0.01	10	15310	卖盘
10:29:47	15.32	--	2	3064	买盘
10:29:41	15.32	--	2	3064	买盘
10:29:26	15.32	--	3	4596	买盘
10:29:20	15.32	--	5	7660	买盘
10:29:17	15.32	--	15	22980	买盘
10:29:11	15.32	--	7	10724	买盘
10:29:02	15.32	--	3	4596	买盘
10:28:50	15.32	--	6	9192	买盘
10:28:47	15.32	--	49	75068	卖盘
10:28:41	15.32	-0.01	50	76600	卖盘
10:28:32	15.33	--	6	9198	买盘
10:28:20	15.33	-0.01	115	176295	卖盘
10:27:56	15.34	--	16	24544	卖盘
10:27:50	15.34	--	19	29146	卖盘
10:27:41	15.34	--	1	1534	卖盘
10:27:35	15.34	-0.01	1	1534	卖盘
10:27:31	15.35	0.01	7	10745	买盘
10:27:26	15.34	-0.01	1	1534	卖盘
10:27:20	15.35	--	10	15350	买盘
10:27:05	15.35	0.01	11	16885	买盘
10:26:56	15.34	-0.01	10	15340	卖盘
10:26:50	15.35	0.01	4	6140	买盘
10:26:47	15.34	-0.01	25	38350	卖盘
10:26:35	15.35	--	89	136615	卖盘
10:26:26	15.35	-0.01	81	124335	卖盘
10:26:01	15.36	--	1	1536	买盘
10:25:56	15.36	0.01	32	49152	买盘
10:25:50	15.35	-0.01	10	15350	卖盘
10:25:35	15.36	--	4	6144	买盘
10:25:31	15.36	--	11	16896	买盘
10:25:26	15.36	--	37	56832	卖盘
10:25:11	15.36	--	204	313344	买盘
10:25:05	15.36	0.01	1	1536	买盘
10:24:41	15.35	--	12	18420	卖盘
10:24:35	15.35	0.01	110	168850	买盘
10:23:50	15.34	-0.01	10	15340	卖盘
10:23:41	15.35	0.01	21	32235	买盘
10:23:35	15.34	-0.01	11	16874	卖盘
10:23:26	15.35	--	11	16885	买盘
10:23:05	15.35	--	3	4605	买盘
10:22:56	15.35	--	2	3070	买盘
10:22:50	15.35	--	10	15350	买盘
10:22:41	15.35	--	5	7675	买盘
10:22:35	15.35	0.01	15	23025	买盘
10:22:26	15.34	0.01	1	1534	买盘
10:22:20	15.33	--	10	15330	卖盘
10:22:14	15.33	-0.02	3	4599	卖盘
10:22:11	15.35	--	0	0	买盘
10:22:05	15.35	0.02	1	1535	买盘
10:21:56	15.33	-0.02	10	15330	卖盘
10:21:40	15.35	--	27	41445	买盘
10:21:29	15.35	--	5	7675	买盘
10:21:20	15.35	--	5	7675	买盘
10:21:14	15.35	--	4	6140	买盘
10:21:10	15.35	--	56	85960	卖盘
10:20:59	15.35	-0.01	94	144290	卖盘
10:20:55	15.36	0.01	2	3072	买盘
10:20:40	15.35	--	100	153500	卖盘
10:20:35	15.35	--	10	15350	卖盘
10:20:20	15.35	0.02	517	793595	买盘
10:20:05	15.33	--	1	1533	买盘
10:19:55	15.33	0.01	18	27594	买盘
10:19:50	15.32	--	6	9192	买盘
10:19:35	15.32	-0.01	92	140944	卖盘
10:19:29	15.33	0.01	8	12264	买盘
10:19:20	15.32	-0.01	10	15320	卖盘
10:19:14	15.33	--	21	32193	买盘
10:18:59	15.33	0.01	6	9198	买盘
10:18:55	15.32	-0.01	25	38300	卖盘
10:18:50	15.33	0.01	3	4599	买盘
10:18:44	15.32	-0.01	1	1532	卖盘
10:18:40	15.33	0.01	4	6132	买盘
10:18:35	15.32	-0.01	100	153200	卖盘
10:18:25	15.33	--	8	12264	买盘
10:18:20	15.33	--	20	30660	买盘
10:18:10	15.33	--	6	9198	买盘
10:18:05	15.33	0.01	1	1533	买盘
10:17:40	15.32	--	10	15320	卖盘
10:17:35	15.32	--	20	30640	卖盘
10:17:29	15.32	-0.01	20	30640	卖盘
10:17:20	15.33	--	8	12264	买盘
10:17:08	15.33	--	15	22995	买盘
10:17:05	15.33	--	1	1533	买盘
10:16:59	15.33	-0.01	16	24528	卖盘
10:16:44	15.34	0.01	5	7670	买盘
10:16:38	15.33	-0.01	5	7665	卖盘
10:16:35	15.34	--	114	174876	买盘
10:16:29	15.34	--	10	15340	买盘
10:16:20	15.34	--	25	38350	卖盘
10:16:14	15.34	-0.01	18	27612	卖盘
10:16:08	15.35	--	2	3070	买盘
10:16:04	15.35	0.01	1	1535	买盘
10:15:35	15.34	--	31	47554	买盘
10:15:23	15.34	--	2	3068	买盘
10:15:19	15.34	--	16	24544	买盘
10:15:04	15.34	--	21	32214	买盘
10:14:49	15.34	--	59	90506	买盘
10:14:44	15.34	--	29	44486	买盘
10:14:38	15.34	--	10	15340	买盘
10:14:29	15.34	--	18	27612	买盘
10:13:59	15.34	0.01	21	32214	买盘
10:13:53	15.33	--	26	39858	买盘
10:13:49	15.33	-0.01	3	4599	卖盘
10:13:38	15.34	0.01	22	33748	买盘
10:13:23	15.33	0.01	3	4599	卖盘
10:13:19	15.32	--	0	0	卖盘
10:13:14	15.32	-0.01	41	62812	卖盘
10:13:08	15.33	0.01	15	22995	买盘
10:12:59	15.32	--	1	1532	卖盘
10:12:24	15.32	0.01	34	52088	买盘
10:12:19	15.31	-0.01	37	56647	卖盘
10:12:14	15.32	--	12	18384	买盘
10:12:04	15.32	0.01	1	1532	买盘
10:11:59	15.31	--	0	0	卖盘
10:11:44	15.31	-0.01	11	17637	卖盘
10:11:38	15.32	--	6	9192	买盘
10:11:29	15.32	0.01	2	3064	买盘
10:11:23	15.31	--	1	1531	卖盘
10:11:14	15.31	-0.01	5	7655	卖盘
10:11:04	15.32	--	7	10724	买盘
10:10:59	15.32	0.01	10	15320	买盘
10:10:44	15.31	--	15	22965	卖盘
10:10:29	15.31	--	19	29089	卖盘
10:10:23	15.31	--	11	16841	卖盘
10:10:14	15.31	--	31	47461	买盘
10:10:02	15.31	0.01	6	9186	买盘
10:09:59	15.3	--	20	30600	卖盘
10:09:44	15.3	--	10	15300	卖盘
10:09:32	15.3	--	45	68850	卖盘
10:09:29	15.3	--	12	18360	卖盘
10:09:17	15.3	--	1	1530	卖盘
10:09:14	15.3	-0.01	29	44370	卖盘
10:09:08	15.31	0.01	11	16841	买盘
10:09:02	15.3	-0.01	20	30600	卖盘
10:08:59	15.31	--	5	7655	买盘
10:08:44	15.31	--	36	55116	卖盘
10:08:32	15.31	--	10	15310	卖盘
10:08:28	15.31	0.01	5	7655	买盘
10:08:23	15.3	--	190	290700	卖盘
10:08:17	15.3	-0.01	5	7650	卖盘
10:08:13	15.31	--	2	3062	卖盘
10:08:08	15.31	-0.01	8	12248	中性盘
10:08:02	15.32	0.01	54	82728	买盘
10:07:53	15.31	0.01	10	15310	买盘
10:07:47	15.3	--	0	0	卖盘
10:07:38	15.3	-0.01	13	19890	卖盘
10:07:32	15.31	--	27	41337	买盘
10:07:28	15.31	--	2	3062	买盘
10:07:17	15.31	-0.01	17	26027	卖盘
10:07:13	15.32	--	11	16852	买盘
10:07:08	15.32	0.02	20	30640	买盘
10:07:02	15.3	-0.01	15	22950	卖盘
10:06:58	15.31	--	21	32151	卖盘
10:06:53	15.31	--	10	15310	卖盘
10:06:47	15.31	-0.01	5	7655	卖盘
10:06:43	15.32	0.01	100	153200	买盘
10:06:38	15.31	--	78	119418	卖盘
10:06:28	15.31	--	2	3062	卖盘
10:06:23	15.31	--	37	56647	卖盘
10:06:17	15.31	-0.01	50	76550	卖盘
10:06:02	15.32	--	11	16852	买盘
10:05:58	15.32	--	2	3064	买盘
10:05:53	15.32	-0.01	33	51291	卖盘
10:05:47	15.33	--	78	119574	买盘
10:05:32	15.33	--	46	70518	卖盘
10:05:23	15.33	--	89	136437	买盘
10:05:17	15.33	-0.01	17	26061	卖盘
10:04:58	15.34	--	27	41418	买盘
10:04:53	15.34	-0.01	52	79814	卖盘
10:04:47	15.35	--	1	1535	买盘
10:04:38	15.35	0.01	1	1535	买盘
10:04:08	15.34	--	10	15340	卖盘
10:04:02	15.34	0.01	351	539921	买盘
10:03:53	15.33	--	9	13797	买盘
10:03:41	15.33	--	1	1533	买盘
10:03:38	15.33	--	15	22995	买盘
10:03:23	15.33	0.01	10	15330	买盘
10:03:17	15.32	--	42	64344	卖盘
10:03:08	15.32	--	23	35236	卖盘
10:03:02	15.32	--	9	13788	卖盘
10:02:56	15.32	-0.01	5	7660	卖盘
10:02:53	15.33	0.01	2	3066	买盘
10:02:37	15.32	0.01	18	28372	买盘
10:02:32	15.31	-0.01	2	3062	卖盘
10:02:22	15.32	0.01	6	9192	买盘
10:02:07	15.31	-0.02	34	52788	卖盘
10:02:02	15.33	0.01	1	1533	买盘
10:01:56	15.32	--	6	9192	卖盘
10:01:47	15.32	--	21	32968	买盘
10:01:41	15.32	--	48	73536	买盘
10:01:32	15.32	--	7	10724	买盘
10:01:26	15.32	--	2	3064	买盘
10:01:17	15.32	--	8	12256	买盘
10:01:11	15.32	--	10	15320	买盘
10:01:02	15.32	0.01	1	1532	买盘
10:00:56	15.31	-0.01	6	9186	卖盘
10:00:47	15.32	--	55	84260	买盘
10:00:32	15.32	0.01	53	81196	买盘
10:00:26	15.31	--	30	45930	卖盘
10:00:22	15.31	--	2	3062	卖盘
09:59:52	15.31	-0.01	16	24496	卖盘
09:59:47	15.32	0.01	3	4596	买盘
09:59:41	15.31	--	79	120949	卖盘
09:59:32	15.31	--	9	13779	卖盘
09:59:26	15.31	-0.01	107	163817	卖盘
09:59:02	15.32	--	1	1532	买盘
09:58:41	15.32	--	5	7660	买盘
09:58:32	15.32	--	23	35236	买盘
09:58:26	15.32	--	5	7660	买盘
09:58:11	15.32	--	20	30640	买盘
09:58:02	15.32	--	1	1532	买盘
09:57:52	15.32	0.01	1	1532	买盘
09:57:47	15.31	-0.01	106	162286	卖盘
09:57:41	15.32	--	5	7660	卖盘
09:57:32	15.32	0.01	5	7660	卖盘
09:57:17	15.31	--	0	0	卖盘
09:57:11	15.31	--	70	107170	卖盘
09:57:05	15.31	-0.01	100	153100	卖盘
09:56:56	15.32	--	46	70472	买盘
09:56:50	15.32	--	4	6128	买盘
09:56:47	15.32	--	2	3064	买盘
09:56:26	15.32	--	45	68940	买盘
09:56:16	15.32	--	26	39832	买盘
09:56:01	15.32	--	14	21448	买盘
09:55:31	15.32	0.01	1	1532	买盘
09:55:26	15.31	-0.02	4	6124	卖盘
09:55:20	15.33	0.02	105	160965	买盘
09:55:11	15.31	-0.01	16	24496	卖盘
09:55:05	15.32	--	71	108772	买盘
09:54:56	15.32	0.01	1	1532	买盘
09:54:50	15.31	-0.01	13	19903	卖盘
09:54:46	15.32	--	20	30640	卖盘
09:54:41	15.32	--	100	153200	买盘
09:54:26	15.32	--	6	9192	买盘
09:54:20	15.32	--	2	3064	买盘
09:54:16	15.32	--	3	4596	卖盘
09:54:05	15.32	--	12	18384	卖盘
09:54:01	15.32	-0.01	15	22980	买盘
09:53:56	15.33	--	0	0	买盘
09:53:50	15.33	0.02	19	29127	买盘
09:53:41	15.31	-0.02	659	1009173	卖盘
09:53:35	15.33	0.01	5	7665	买盘
09:53:31	15.32	--	8	12256	卖盘
09:53:26	15.32	--	4	6128	卖盘
09:53:11	15.32	-0.01	1	1532	卖盘
09:53:05	15.33	0.01	1	1533	买盘
09:53:01	15.32	-0.01	10	15320	卖盘
09:52:50	15.33	--	17	26061	买盘
09:52:41	15.33	0.01	6	9198	买盘
09:52:31	15.32	-0.01	47	72004	卖盘
09:52:26	15.33	--	11	16863	买盘
09:52:20	15.33	0.01	9	13797	买盘
09:52:16	15.32	-0.01	30	45960	卖盘
09:52:11	15.33	--	5	7665	买盘
09:52:05	15.33	--	1	1533	买盘
09:51:56	15.33	--	4	6132	买盘
09:51:50	15.33	--	12	18441	卖盘
09:51:26	15.33	--	46	72005	买盘
09:51:15	15.33	0.01	13	19929	买盘
09:51:11	15.32	-0.01	10	15320	卖盘
09:51:00	15.33	--	0	0	买盘
09:50:56	15.33	0.01	18	27594	买盘
09:50:44	15.32	--	10	15320	买盘
09:50:41	15.32	-0.01	5	7660	买盘
09:50:35	15.33	0.01	36	55188	买盘
09:50:29	15.32	-0.01	17	26044	卖盘
09:50:26	15.33	0.01	50	76650	买盘
09:50:14	15.32	-0.01	5	7660	卖盘
09:50:11	15.33	--	11	16863	买盘
09:50:05	15.33	0.01	6	9198	买盘
09:49:59	15.32	--	6	9192	买盘
09:49:50	15.32	--	1	1532	卖盘
09:49:41	15.32	-0.01	30	45960	卖盘
09:49:26	15.33	--	1	1533	买盘
09:49:14	15.33	0.01	11	17016	买盘
09:49:10	15.32	--	6	9192	卖盘
09:49:05	15.32	-0.01	80	122560	卖盘
09:48:59	15.33	--	3	4599	买盘
09:48:56	15.33	--	46	70518	买盘
09:48:50	15.33	--	70	107310	买盘
09:48:44	15.33	0.01	3	4599	买盘
09:48:40	15.32	--	34	52088	卖盘
09:48:25	15.32	--	10	15320	卖盘
09:48:14	15.32	--	30	45960	卖盘
09:48:05	15.32	--	2	3064	卖盘
09:47:59	15.32	--	25	38300	卖盘
09:47:55	15.32	--	1	1532	卖盘
09:47:50	15.32	--	1	1532	卖盘
09:47:44	15.32	--	118	182154	买盘
09:47:29	15.32	--	6	9192	买盘
09:47:14	15.32	--	4	6128	买盘
09:47:05	15.32	0.01	101	154732	买盘
09:46:59	15.31	--	114	174534	卖盘
09:46:50	15.31	-0.01	7	10717	卖盘
09:46:44	15.32	0.01	4	6128	买盘
09:46:40	15.31	-0.01	29	44399	卖盘
09:46:35	15.32	--	10	15320	买盘
09:46:29	15.32	--	247	378557	卖盘
09:46:25	15.32	--	19	29108	卖盘
09:46:20	15.32	-0.01	15	22980	卖盘
09:46:05	15.33	0.01	1	1533	买盘
09:45:55	15.32	0.02	210	323098	买盘
09:45:50	15.3	-0.02	175	267750	卖盘
09:45:44	15.32	--	17	26044	买盘
09:45:40	15.32	--	15	22980	买盘
09:45:29	15.32	--	17	26044	买盘
09:45:20	15.32	--	8	12256	卖盘
09:45:14	15.32	-0.01	27	41364	卖盘
09:45:10	15.33	0.02	3	4599	买盘
09:45:05	15.31	--	3	4593	卖盘
09:44:44	15.31	-0.02	15	22965	卖盘
09:44:35	15.33	0.02	5	7665	买盘
09:44:29	15.31	-0.01	3	4593	卖盘
09:44:20	15.32	0.01	8	12256	中性盘
09:44:14	15.31	0.01	10	15310	卖盘
09:44:08	15.3	-0.01	47	71910	卖盘
09:44:05	15.31	0.01	4	6124	买盘
09:43:59	15.3	--	8	12240	卖盘
09:43:53	15.3	--	6	9180	卖盘
09:43:50	15.3	0.01	1	1530	中性盘
09:43:44	15.29	-0.01	39	59631	卖盘
09:43:35	15.3	--	19	29070	买盘
09:43:29	15.3	--	5	7650	卖盘
09:43:23	15.3	--	4	6120	买盘
09:43:20	15.3	-0.01	39	59670	卖盘
09:43:14	15.31	--	73	111763	买盘
09:42:49	15.31	--	5	7655	买盘
09:42:44	15.31	--	22	33682	卖盘
09:42:38	15.31	-0.01	3	4593	卖盘
09:42:35	15.32	--	2	3064	买盘
09:42:29	15.32	--	24	36768	买盘
09:42:23	15.32	-0.02	190	291080	卖盘
09:42:14	15.34	--	6	9204	买盘
09:42:08	15.34	--	1	1534	买盘
09:42:04	15.34	--	11	16874	买盘
09:41:59	15.34	--	46	70564	买盘
09:41:53	15.34	0.01	7	10738	买盘
09:41:44	15.33	--	10	15330	卖盘
09:41:29	15.33	--	1	1533	卖盘
09:41:19	15.33	-0.01	6	9198	卖盘
09:41:14	15.34	--	7	10738	买盘
09:40:59	15.34	--	3	4602	买盘
09:40:53	15.34	--	80	122720	卖盘
09:40:49	15.34	--	10	15340	卖盘
09:40:44	15.34	--	5	7670	卖盘
09:40:38	15.34	0.01	30	46020	买盘
09:40:34	15.33	-0.01	2	3066	卖盘
09:40:29	15.34	--	109	167206	买盘
09:40:23	15.34	0.01	32	49088	买盘
09:40:14	15.33	--	4	6132	卖盘
09:40:08	15.33	--	19	29127	买盘
09:40:04	15.33	--	21	32193	卖盘
09:39:59	15.33	-0.01	11	16863	卖盘
09:39:53	15.34	--	36	55224	买盘
09:39:49	15.34	--	1	1534	买盘
09:39:44	15.34	-0.01	16	24544	卖盘
09:39:34	15.35	--	12	18420	买盘
09:39:29	15.35	--	20	30700	买盘
09:39:23	15.35	0.01	6	9210	买盘
09:39:14	15.34	--	1	1534	卖盘
09:39:08	15.34	0.01	25	38350	买盘
09:39:04	15.33	--	1	1533	买盘
09:38:59	15.33	-0.01	63	96579	卖盘
09:38:53	15.34	-0.01	11	16874	卖盘
09:38:49	15.35	0.01	34	52190	买盘
09:38:44	15.34	-0.01	10	15340	卖盘
09:38:38	15.35	0.01	23	35305	买盘
09:38:29	15.34	-0.01	4	6136	卖盘
09:38:23	15.35	-0.01	45	69075	卖盘
09:38:19	15.36	0.01	37	56832	买盘
09:38:08	15.35	-0.01	9	14996	卖盘
09:37:59	15.36	0.01	23	35328	买盘
09:37:53	15.35	--	20	30700	卖盘
09:37:49	15.35	-0.01	25	38375	卖盘
09:37:44	15.36	0.01	9	13824	买盘
09:37:34	15.35	-0.01	3	4958	卖盘
09:37:29	15.36	--	19	29429	卖盘
09:37:23	15.36	--	20	30720	卖盘
09:37:17	15.36	--	6	9216	卖盘
09:37:14	15.36	--	1	1536	卖盘
09:37:08	15.36	-0.01	100	153600	卖盘
09:37:02	15.37	0.01	5	7685	买盘
09:36:59	15.36	0.01	304	468234	买盘
09:36:53	15.35	--	81	124335	卖盘
09:36:44	15.35	-0.01	5	7675	卖盘
09:36:38	15.36	--	63	96768	买盘
09:36:32	15.36	--	19	29184	卖盘
09:36:29	15.36	-0.01	112	172032	卖盘
09:36:23	15.37	--	1	1537	卖盘
09:36:14	15.37	-0.01	32	49184	卖盘
09:36:08	15.38	--	2	3076	买盘
09:36:02	15.38	--	17	26146	买盘
09:35:59	15.38	-0.01	28	43064	卖盘
09:35:47	15.39	0.01	2	3078	买盘
09:35:43	15.38	--	2	3076	卖盘
09:35:38	15.38	--	0	0	中性盘
09:35:32	15.38	0.01	101	155338	买盘
09:35:29	15.37	-0.01	83	127571	卖盘
09:35:23	15.38	-0.01	20	30760	买盘
09:35:08	15.39	0.02	50	76950	买盘
09:35:02	15.37	--	49	75313	卖盘
09:34:53	15.37	-0.01	79	121423	卖盘
09:34:47	15.38	0.01	10	15380	买盘
09:34:38	15.37	--	16	24592	卖盘
09:34:32	15.37	0.01	40	61480	买盘
09:34:28	15.36	-0.01	22	33792	卖盘
09:34:23	15.37	0.01	17	26129	买盘
09:34:17	15.36	--	12	18432	卖盘
09:34:13	15.36	--	8	12288	卖盘
09:34:08	15.36	-0.01	111	170496	卖盘
09:34:02	15.37	0.01	24	36888	买盘
09:33:58	15.36	0.01	9	13824	中性盘
09:33:53	15.35	-0.01	67	102845	卖盘
09:33:47	15.36	--	1	1536	卖盘
09:33:43	15.36	--	10	15360	买盘
09:33:38	15.36	--	23	35328	卖盘
09:33:32	15.36	--	69	105984	买盘
09:33:28	15.36	--	1	1536	买盘
09:33:23	15.36	--	20	30720	卖盘
09:33:17	15.36	--	79	121344	买盘
09:33:13	15.36	0.01	11	16896	买盘
09:33:02	15.35	--	12	18420	买盘
09:32:58	15.35	--	4	6140	卖盘
09:32:53	15.35	0.01	11	16885	买盘
09:32:47	15.34	-0.01	13	19942	卖盘
09:32:43	15.35	0.01	4	6140	买盘
09:32:08	15.34	--	70	107380	卖盘
09:32:02	15.34	--	36	55224	买盘
09:31:58	15.34	--	11	16874	买盘
09:31:53	15.34	--	31	47554	买盘
09:31:47	15.34	--	2	3068	买盘
09:31:43	15.34	--	6	9204	买盘
09:31:38	15.34	0.01	4	6136	买盘
09:31:32	15.33	0.01	3	4599	买盘
09:31:23	15.32	--	2	3064	卖盘
09:31:17	15.32	-0.01	1	1532	卖盘
09:31:13	15.33	0.02	4	6132	买盘
09:31:08	15.31	-0.01	2	3062	卖盘
09:31:02	15.32	0.01	11	16852	买盘
09:30:53	15.31	-0.01	8	12248	卖盘
09:30:47	15.32	--	8	12256	卖盘
09:30:41	15.32	--	10	15320	买盘
09:30:26	15.32	-0.02	10	15320	卖盘
09:30:23	15.34	--	0	0	买盘
09:30:17	15.34	0.02	101	154934	买盘
09:30:08	15.32	--	143	219076	卖盘
09:30:02	15.32	--	18	27576	买盘
09:28:49	15.32	--	0	0	买盘
09:25:09	15.32	15.32	272	416704	买盘
