成交时间	成交价	价格变动	成交量(手)	成交额(元)	性质
15:00:00	38.43	--	0	0	买盘
15:00:00	38.43	0.01	4	15372	买盘
14:59:59	38.42	0.01	17	65314	卖盘
14:59:53	38.41	--	61	234300	卖盘
14:59:49	38.41	-0.01	250	960249	卖盘
14:59:44	38.42	--	124	476408	买盘
14:59:38	38.42	--	10	38420	买盘
14:59:34	38.42	--	18	69156	买盘
14:59:29	38.42	-0.01	453	1740426	卖盘
14:59:23	38.43	0.01	54	207522	买盘
14:59:19	38.42	-0.01	46	176732	卖盘
14:59:14	38.43	0.01	102	391986	买盘
14:59:08	38.42	-0.01	107	411094	卖盘
14:59:04	38.43	0.01	34	130662	买盘
14:58:59	38.42	--	21	80682	卖盘
14:58:53	38.42	--	5	19210	卖盘
14:58:49	38.42	--	22	84524	卖盘
14:58:44	38.42	--	333	1279386	卖盘
14:58:38	38.42	--	39	149838	买盘
14:58:34	38.42	0.01	39	149838	买盘
14:58:29	38.41	-0.01	129	495488	卖盘
14:58:23	38.42	--	25	96050	卖盘
14:58:19	38.42	--	33	126786	卖盘
14:58:14	38.42	--	22	84524	卖盘
14:58:08	38.42	--	8	30736	买盘
14:58:04	38.42	0.01	71	272782	买盘
14:57:59	38.41	-0.01	63	241982	卖盘
14:57:53	38.42	0.01	20	76840	买盘
14:57:49	38.41	--	31	119070	卖盘
14:57:44	38.41	--	51	195890	卖盘
14:57:38	38.41	--	3	11522	买盘
14:57:34	38.41	0.01	231	887270	买盘
14:57:29	38.4	-0.01	86	330240	卖盘
14:57:23	38.41	--	4	15363	买盘
14:57:19	38.41	--	24	92183	买盘
14:57:14	38.41	--	29	111388	买盘
14:57:08	38.41	0.01	71	272711	卖盘
14:57:04	38.4	-0.01	54	207360	卖盘
14:56:59	38.41	-0.01	28	107547	中性盘
14:56:53	38.42	0.01	127	487934	买盘
14:56:49	38.41	-0.01	17	65296	买盘
14:56:44	38.42	--	71	272782	买盘
14:56:38	38.42	0.01	4	15368	买盘
14:56:34	38.41	-0.01	60	230459	卖盘
14:56:29	38.42	0.02	156	599352	买盘
14:56:23	38.4	-0.01	150	576000	卖盘
14:56:19	38.41	0.01	69	265029	买盘
14:56:14	38.4	--	20	76800	卖盘
14:56:08	38.4	-0.01	5	19200	卖盘
14:56:04	38.41	0.01	27	103706	买盘
14:55:59	38.4	-0.01	20	76800	卖盘
14:55:53	38.41	0.01	21	80661	买盘
14:55:49	38.4	--	56	215040	卖盘
14:55:44	38.4	-0.01	68	261120	卖盘
14:55:38	38.41	0.01	26	99865	买盘
14:55:34	38.4	--	74	284160	卖盘
14:55:29	38.4	-0.01	11	42240	卖盘
14:55:23	38.41	-0.01	23	88342	中性盘
14:55:19	38.42	0.02	38	145996	买盘
14:55:14	38.4	-0.01	407	1562880	卖盘
14:55:08	38.41	-0.01	6	23045	卖盘
14:55:04	38.42	0.02	17	65314	买盘
14:54:59	38.4	--	33	126720	卖盘
14:54:53	38.4	-0.02	341	1309440	卖盘
14:54:49	38.42	--	1	3842	卖盘
14:54:44	38.42	--	107	411094	买盘
14:54:38	38.42	--	37	142154	买盘
14:54:34	38.42	--	3	11526	买盘
14:54:29	38.42	--	28	107576	卖盘
14:54:23	38.42	--	8	30736	卖盘
14:54:19	38.42	0.02	10	38420	中性盘
14:54:13	38.4	-0.04	117	449280	卖盘
14:54:08	38.44	0.02	304	1168576	买盘
14:54:02	38.42	-0.01	12	46104	卖盘
14:53:58	38.43	0.01	8	30744	买盘
14:53:53	38.42	--	15	57630	卖盘
14:53:47	38.42	-0.02	6	23052	卖盘
14:53:43	38.44	0.02	84	322896	买盘
14:53:38	38.42	0.01	23	88366	买盘
14:53:32	38.41	--	10	38410	卖盘
14:53:28	38.41	-0.01	3	11522	卖盘
14:53:23	38.42	0.01	35	134470	卖盘
14:53:17	38.41	-0.01	14	53773	卖盘
14:53:13	38.42	--	23	88366	买盘
14:52:58	38.42	-0.01	107	411094	卖盘
14:52:53	38.43	--	16	61488	卖盘
14:52:43	38.43	--	100	384300	买盘
14:52:38	38.43	--	31	119133	买盘
14:52:28	38.43	-0.01	41	157563	卖盘
14:52:23	38.44	0.01	41	157604	买盘
14:52:13	38.43	-0.01	24	92232	卖盘
14:52:08	38.44	0.01	4	15376	买盘
14:52:02	38.43	--	2	7686	卖盘
14:51:58	38.43	0.01	13	49959	中性盘
14:51:47	38.42	--	67	257414	卖盘
14:51:43	38.42	--	12	46104	卖盘
14:51:38	38.42	--	43	165206	买盘
14:51:32	38.42	-0.02	94	361148	卖盘
14:51:28	38.44	0.02	24	92256	买盘
14:51:23	38.42	-0.01	61	234362	卖盘
14:51:17	38.43	0.01	30	115290	买盘
14:51:13	38.42	--	10	38420	卖盘
14:51:08	38.42	--	22	87597	买盘
14:51:02	38.42	-0.01	99	380358	卖盘
14:50:58	38.43	--	3	11529	买盘
14:50:53	38.43	-0.01	30	115290	卖盘
14:50:47	38.44	--	2	7688	买盘
14:50:43	38.44	--	35	134540	买盘
14:50:38	38.44	0.01	24	92256	买盘
14:50:32	38.43	--	10	38430	卖盘
14:50:28	38.43	-0.01	7	26901	卖盘
14:50:23	38.44	0.01	55	211420	买盘
14:50:13	38.43	-0.01	17	65331	卖盘
14:50:08	38.44	--	6	23064	买盘
14:50:02	38.44	--	4	15376	买盘
14:49:58	38.44	--	12	46128	卖盘
14:49:53	38.44	--	19	73036	卖盘
14:49:43	38.44	0.01	23	88412	卖盘
14:49:38	38.43	0.02	5	19215	卖盘
14:49:32	38.41	-0.01	225	864224	卖盘
14:49:23	38.42	--	109	418778	买盘
14:49:17	38.42	0.01	6	23052	买盘
14:49:13	38.41	-0.01	2	7681	卖盘
14:49:08	38.42	--	40	153680	买盘
14:48:58	38.42	-0.02	20	76840	卖盘
14:48:53	38.44	--	17	65347	买盘
14:48:38	38.44	--	8	30752	买盘
14:48:28	38.44	0.02	1	3844	卖盘
14:48:23	38.42	-0.03	2	7684	卖盘
14:48:17	38.45	0.01	25	96125	买盘
14:48:13	38.44	0.04	2	7688	买盘
14:48:08	38.4	-0.06	430	1651200	卖盘
14:48:02	38.46	0.02	5	19230	买盘
14:47:58	38.44	-0.01	50	192200	卖盘
14:47:53	38.45	--	4	15380	卖盘
14:47:47	38.45	0.01	205	790724	买盘
14:47:43	38.44	--	8	30752	卖盘
14:47:37	38.44	--	6	23064	卖盘
14:47:32	38.44	0.02	79	303676	买盘
14:47:26	38.42	--	5	19210	卖盘
14:47:17	38.42	--	44	169048	卖盘
14:47:11	38.42	--	9	34578	卖盘
14:47:07	38.42	--	23	88366	买盘
14:47:02	38.42	-0.02	82	315044	卖盘
14:46:56	38.44	0.02	3	11532	买盘
14:46:52	38.42	--	15	57630	卖盘
14:46:47	38.42	0.02	6	23052	中性盘
14:46:37	38.4	-0.01	703	2699520	卖盘
14:46:32	38.41	0.01	46	176685	卖盘
14:46:26	38.4	--	0	0	卖盘
14:46:22	38.4	-0.01	3	11520	卖盘
14:46:17	38.41	0.01	11	42250	中性盘
14:46:11	38.4	--	5	19200	卖盘
14:46:07	38.4	-0.01	321	1232640	买盘
14:45:56	38.41	--	20	76820	卖盘
14:45:52	38.41	--	255	979454	买盘
14:45:47	38.41	-0.01	5	19205	中性盘
14:45:41	38.42	--	67	257414	买盘
14:45:37	38.42	0.01	20	76840	买盘
14:45:32	38.41	--	40	153640	卖盘
14:45:26	38.41	--	88	338007	买盘
14:45:22	38.41	-0.01	5	19205	中性盘
14:45:11	38.42	0.02	3	11526	买盘
14:45:07	38.4	-0.02	421	1616640	卖盘
14:45:02	38.42	--	2	7684	卖盘
14:44:52	38.42	--	17	65314	卖盘
14:44:47	38.42	--	25	96050	卖盘
14:44:41	38.42	--	0	0	卖盘
14:44:37	38.42	--	10	38420	卖盘
14:44:32	38.42	-0.03	35	134470	卖盘
14:44:26	38.45	0.03	4	15380	买盘
14:44:22	38.42	--	5	19210	买盘
14:44:17	38.42	--	6	23052	买盘
14:44:11	38.42	--	5	19210	买盘
14:44:07	38.42	-0.03	17	65314	中性盘
14:44:02	38.45	0.03	25	96125	买盘
14:43:52	38.42	-0.05	26	99892	卖盘
14:43:47	38.47	-0.01	1	3847	买盘
14:43:41	38.48	--	0	0	买盘
14:43:37	38.48	--	37	142376	买盘
14:43:32	38.48	--	10	38480	买盘
14:43:26	38.48	0.07	23	88504	买盘
14:43:22	38.41	-0.07	10	38410	卖盘
14:43:17	38.48	--	0	0	买盘
14:43:07	38.48	--	29	111591	卖盘
14:43:02	38.48	-0.02	10	38480	卖盘
14:42:56	38.5	0.02	36	138600	买盘
14:42:52	38.48	0.08	57	219335	买盘
14:42:47	38.4	-0.06	1179	4527360	卖盘
14:42:37	38.46	--	0	0	卖盘
14:42:32	38.46	--	24	92304	卖盘
14:42:26	38.46	0.02	6	23076	买盘
14:42:22	38.44	--	2	7688	卖盘
14:42:17	38.44	--	8	30752	卖盘
14:42:11	38.44	-0.02	6	23064	卖盘
14:42:07	38.46	0.04	36	138456	买盘
14:42:02	38.42	--	4	15368	卖盘
14:41:56	38.42	0.01	11	42262	买盘
14:41:52	38.41	0.01	12	46091	卖盘
14:41:47	38.4	--	5	19200	卖盘
14:41:41	38.4	-0.01	52	199680	卖盘
14:41:32	38.41	--	93	357212	买盘
14:41:26	38.41	--	15	57614	买盘
14:41:22	38.41	--	2	7681	买盘
14:41:16	38.41	--	18	69138	买盘
14:41:11	38.41	0.01	10	38410	买盘
14:41:07	38.4	--	1	3840	卖盘
14:41:01	38.4	--	19	72960	卖盘
14:40:56	38.4	--	74	284160	买盘
14:40:50	38.4	--	2	7680	买盘
14:40:46	38.4	--	61	234240	买盘
14:40:41	38.4	--	13	49920	买盘
14:40:35	38.4	0.01	10	38400	买盘
14:40:31	38.39	--	15	57585	卖盘
14:40:26	38.39	--	7	26873	卖盘
14:40:20	38.39	--	9	34551	卖盘
14:40:16	38.39	--	9	34551	卖盘
14:40:11	38.39	--	92	353188	买盘
14:40:05	38.39	0.01	1	3839	买盘
14:40:01	38.38	-0.01	3	11514	卖盘
14:39:56	38.39	-0.01	3	11517	买盘
14:39:50	38.4	--	0	0	买盘
14:39:46	38.4	0.03	14	53760	买盘
14:39:41	38.37	-0.03	37	141969	卖盘
14:39:31	38.4	0.04	20	76800	买盘
14:39:26	38.36	-0.04	17	65212	卖盘
14:39:16	38.4	0.02	29	111360	买盘
14:39:11	38.38	0.02	15	58260	买盘
14:39:01	38.36	--	10	38360	买盘
14:38:56	38.36	--	33	126588	买盘
14:38:50	38.36	-0.04	462	1775377	卖盘
14:38:46	38.4	0.01	3	11520	买盘
14:38:41	38.39	-0.01	70	268730	卖盘
14:38:35	38.4	--	4	15360	买盘
14:38:31	38.4	--	23	88320	买盘
14:38:26	38.4	--	4	15360	买盘
14:38:20	38.4	-0.02	115	441600	卖盘
14:38:16	38.42	0.01	17	65314	买盘
14:38:11	38.41	-0.01	1	3840	卖盘
14:37:56	38.42	--	328	1260176	卖盘
14:37:50	38.42	--	2	7684	卖盘
14:37:46	38.42	--	6	23052	卖盘
14:37:41	38.42	--	61	234362	卖盘
14:37:35	38.42	--	1	3842	买盘
14:37:31	38.42	--	29	111418	卖盘
14:37:26	38.42	--	7	26894	卖盘
14:37:20	38.42	-0.06	4	15368	卖盘
14:37:16	38.48	--	0	0	买盘
14:37:05	38.48	0.06	10	38480	买盘
14:37:01	38.42	-0.06	242	929764	卖盘
14:36:56	38.48	-0.02	57	219335	买盘
14:36:50	38.5	0.02	118	454300	买盘
14:36:46	38.48	--	1	3847	卖盘
14:36:41	38.48	--	28	107743	卖盘
14:36:35	38.48	-0.02	10	38480	卖盘
14:36:31	38.5	0.02	21	80850	买盘
14:36:26	38.48	-0.01	37	142376	卖盘
14:36:20	38.49	0.01	10	38490	买盘
14:36:16	38.48	--	4	15391	卖盘
14:36:11	38.48	-0.01	33	126983	卖盘
14:36:05	38.49	0.01	59	227091	买盘
14:36:01	38.48	--	79	303992	买盘
14:35:56	38.48	0.02	23	88504	买盘
14:35:50	38.46	-0.02	7	26922	卖盘
14:35:46	38.48	0.03	4	15391	买盘
14:35:41	38.45	-0.02	2	7690	卖盘
14:35:26	38.47	0.02	16	61552	买盘
14:35:20	38.45	--	47	180715	买盘
14:35:16	38.45	--	21	80745	买盘
14:35:11	38.45	--	5	19225	买盘
14:35:05	38.45	0.02	7	26915	买盘
14:35:01	38.43	--	10	38430	卖盘
14:34:56	38.43	-0.01	10	38430	卖盘
14:34:50	38.44	0.02	120	461280	买盘
14:34:46	38.42	--	29	111418	买盘
14:34:41	38.42	--	55	211310	卖盘
14:34:35	38.42	-0.01	26	99892	卖盘
14:34:25	38.43	--	31	119133	买盘
14:34:20	38.43	0.01	3	11529	买盘
14:34:10	38.42	0.01	3	11526	买盘
14:34:05	38.41	0.01	1	3840	买盘
14:33:50	38.4	0.01	58	225868	买盘
14:33:44	38.39	0.01	48	184272	买盘
14:33:40	38.38	-0.01	18	69084	卖盘
14:33:35	38.39	0.01	8	30712	买盘
14:33:29	38.38	--	15	57570	买盘
14:33:25	38.38	--	54	207942	买盘
14:33:20	38.38	--	39	149682	买盘
14:33:14	38.38	--	9	34542	买盘
14:33:10	38.38	--	31	118978	买盘
14:33:05	38.38	--	76	294835	卖盘
14:32:59	38.38	-0.01	1	3838	卖盘
14:32:55	38.39	0.01	12	46068	买盘
14:32:50	38.38	-0.01	73	280864	卖盘
14:32:44	38.39	--	8	30712	买盘
14:32:40	38.39	0.01	25	95975	买盘
14:32:35	38.38	-0.01	20	76760	卖盘
14:32:29	38.39	--	14	53746	买盘
14:32:25	38.39	--	27	103653	买盘
14:32:20	38.39	-0.01	27	103653	买盘
14:32:14	38.4	--	100	386496	卖盘
14:32:10	38.4	--	93	357734	卖盘
14:32:05	38.4	0.01	261	1002969	买盘
14:31:59	38.39	-0.01	6	23034	卖盘
14:31:55	38.4	--	24	92160	买盘
14:31:50	38.4	-0.03	47	180480	卖盘
14:31:44	38.43	0.03	1	3843	买盘
14:31:40	38.4	-0.02	96	368640	卖盘
14:31:35	38.42	-0.03	120	461040	卖盘
14:31:29	38.45	--	13	49985	卖盘
14:31:25	38.45	0.02	31	119195	买盘
14:31:20	38.43	--	4	15372	卖盘
14:31:14	38.43	-0.02	94	361242	卖盘
14:31:10	38.45	-0.03	4	15380	中性盘
14:31:05	38.48	0.04	192	738815	买盘
14:30:59	38.44	-0.04	593	2279492	卖盘
14:30:55	38.48	--	11	42328	卖盘
14:30:50	38.48	-0.02	44	169312	卖盘
14:30:44	38.5	0.02	3	11550	买盘
14:30:40	38.48	-0.01	132	507935	卖盘
14:30:35	38.49	-0.02	220	846780	卖盘
14:30:29	38.51	--	15	57765	买盘
14:30:25	38.51	-0.01	52	200252	卖盘
14:30:20	38.52	-0.01	5	19260	买盘
14:30:14	38.53	--	0	0	买盘
14:30:10	38.53	-0.01	47	181091	买盘
14:30:05	38.54	--	0	0	买盘
14:29:59	38.54	-0.01	11	42394	买盘
14:29:55	38.55	0.01	456	1757879	买盘
14:29:50	38.54	--	38	146452	卖盘
14:29:40	38.54	-0.01	8	30832	卖盘
14:29:35	38.55	--	61	235154	卖盘
14:29:29	38.55	-0.01	3	11565	卖盘
14:29:25	38.56	--	1	3856	买盘
14:29:14	38.56	--	14	53984	买盘
14:29:10	38.56	--	24	92544	卖盘
14:29:05	38.56	--	86	331616	卖盘
14:28:59	38.56	--	36	138816	卖盘
14:28:55	38.56	--	13	50128	卖盘
14:28:50	38.56	--	38	146528	买盘
14:28:44	38.56	0.01	31	119536	买盘
14:28:40	38.55	--	10	38550	卖盘
14:28:35	38.55	--	1	3854	卖盘
14:28:25	38.55	--	54	208169	买盘
14:28:20	38.55	0.01	4	15419	买盘
14:28:14	38.54	0.01	26	100204	买盘
14:28:04	38.53	-0.01	7	26971	卖盘
14:27:59	38.54	0.02	172	662888	买盘
14:27:53	38.52	--	8	30816	买盘
14:27:44	38.52	--	11	42372	买盘
14:27:38	38.52	-0.01	17	65484	卖盘
14:27:29	38.53	0.01	6	23118	中性盘
14:27:23	38.52	--	5	19260	卖盘
14:27:19	38.52	0.02	25	96300	买盘
14:27:14	38.5	--	5	19250	卖盘
14:27:08	38.5	--	30	115500	卖盘
14:27:04	38.5	--	55	211750	卖盘
14:26:59	38.5	--	577	2221450	买盘
14:26:53	38.5	--	20	77000	买盘
14:26:49	38.5	--	78	300300	买盘
14:26:44	38.5	--	40	154000	买盘
14:26:34	38.5	--	29	111650	买盘
14:26:29	38.5	--	28	107800	买盘
14:26:23	38.5	--	5	19250	买盘
14:26:19	38.5	--	20	77000	买盘
14:26:14	38.5	--	91	350350	卖盘
14:26:04	38.5	--	230	885500	卖盘
14:25:59	38.5	--	17	65450	卖盘
14:25:53	38.5	--	1	3850	卖盘
14:25:49	38.5	--	313	1205050	买盘
14:25:44	38.5	--	36	138600	买盘
14:25:38	38.5	--	1	3850	买盘
14:25:34	38.5	--	2	7700	买盘
14:25:29	38.5	-0.05	521	2005850	卖盘
14:25:23	38.55	--	93	358515	卖盘
14:25:19	38.55	--	30	115649	卖盘
14:25:14	38.55	0.05	290	1117950	买盘
14:24:59	38.5	--	0	0	卖盘
14:24:53	38.5	-0.05	52	200200	卖盘
14:24:44	38.55	0.04	20	77100	买盘
14:24:38	38.51	-0.04	1	3851	卖盘
14:24:34	38.55	--	1	3854	买盘
14:24:23	38.55	0.05	18	69390	买盘
14:24:19	38.5	--	0	0	卖盘
14:24:14	38.5	--	106	408100	卖盘
14:23:59	38.5	-0.06	20	77000	中性盘
14:23:44	38.56	--	23	88688	卖盘
14:23:38	38.56	--	10	38560	卖盘
14:23:29	38.56	--	6	23136	卖盘
14:23:23	38.56	--	5	19280	卖盘
14:23:19	38.56	0.08	29	111824	买盘
14:23:14	38.48	--	9	34632	买盘
14:23:08	38.48	-0.07	147	565656	卖盘
14:22:59	38.55	--	13	50114	买盘
14:22:53	38.55	--	20	77100	买盘
14:22:49	38.55	0.06	18	69390	买盘
14:22:38	38.49	-0.04	316	1218400	卖盘
14:22:34	38.53	-0.03	12	46236	卖盘
14:22:29	38.56	0.01	65	252992	买盘
14:22:23	38.55	0.06	64	246719	买盘
14:22:19	38.49	-0.04	500	1924500	卖盘
14:22:14	38.53	0.01	17	65501	买盘
14:22:08	38.52	-0.01	32	126499	卖盘
14:22:04	38.53	--	3	11559	卖盘
14:21:53	38.53	--	41	157973	买盘
14:21:47	38.53	--	11	42383	买盘
14:21:43	38.53	--	139	535567	买盘
14:21:38	38.53	0.01	33	127149	买盘
14:21:32	38.52	-0.01	10	38520	卖盘
14:21:28	38.53	--	50	192650	买盘
14:21:23	38.53	--	5	19265	买盘
14:21:17	38.53	-0.07	435	1676055	卖盘
14:21:13	38.6	0.04	52	200720	买盘
14:21:08	38.56	-0.03	24	92544	卖盘
14:21:02	38.59	--	0	0	买盘
14:20:58	38.59	0.02	88	339592	买盘
14:20:53	38.57	-0.01	1	3857	卖盘
14:20:47	38.58	-0.01	3	11574	中性盘
14:20:43	38.59	--	123	474657	卖盘
14:20:38	38.59	--	20	77180	卖盘
14:20:32	38.59	0.01	40	154360	买盘
14:20:28	38.58	-0.01	1	3858	卖盘
14:20:23	38.59	-0.01	21	81039	卖盘
14:20:17	38.6	0.02	12	46320	买盘
14:20:13	38.58	-0.02	43	165894	卖盘
14:20:08	38.6	--	10	38600	卖盘
14:19:58	38.6	0.01	10	38600	买盘
14:19:53	38.59	--	16	61744	买盘
14:19:47	38.59	-0.01	28	108052	卖盘
14:19:43	38.6	--	5	19300	卖盘
14:19:38	38.6	--	6	23160	买盘
14:19:32	38.6	0.02	25	96500	买盘
14:19:28	38.58	--	107	412806	卖盘
14:19:23	38.58	--	0	0	卖盘
14:19:13	38.58	--	13	50154	买盘
14:19:08	38.58	--	2	7716	买盘
14:19:02	38.58	0.02	38	146604	买盘
14:18:58	38.56	-0.02	487	1877872	卖盘
14:18:53	38.58	-0.01	25	96450	卖盘
14:18:43	38.59	-0.02	22	84898	卖盘
14:18:38	38.61	-0.01	11	42471	买盘
14:18:32	38.62	0.02	40	154480	买盘
14:18:28	38.6	--	140	540400	卖盘
14:18:23	38.6	-0.02	192	741120	卖盘
14:18:17	38.62	-0.01	6	23172	中性盘
14:18:13	38.63	0.01	55	212465	买盘
14:18:08	38.62	--	13	50206	买盘
14:18:02	38.62	-0.01	18	69516	中性盘
14:17:58	38.63	--	303	1170489	卖盘
14:17:53	38.63	-0.02	63	243369	卖盘
14:17:47	38.65	0.02	50	193250	买盘
14:17:43	38.63	0.03	130	502190	买盘
14:17:38	38.6	-0.03	132	509520	卖盘
14:17:32	38.63	--	31	119753	买盘
14:17:28	38.63	-0.02	161	621943	卖盘
14:17:23	38.65	0.01	170	657050	买盘
14:17:17	38.64	--	14	54096	买盘
14:17:13	38.64	-0.01	58	224112	中性盘
14:17:08	38.65	-0.01	86	332390	买盘
14:17:02	38.66	--	25	96649	买盘
14:16:58	38.66	--	321	1240986	买盘
14:16:53	38.66	--	22	85051	买盘
14:16:47	38.66	-0.02	1	3865	中性盘
14:16:43	38.68	0.04	213	823884	买盘
14:16:38	38.64	-0.01	35	135240	买盘
14:16:32	38.65	--	0	0	买盘
14:16:28	38.65	-0.01	181	699565	卖盘
14:16:23	38.66	--	176	680415	卖盘
14:16:17	38.66	--	101	390465	买盘
14:16:08	38.66	0.01	124	479383	中性盘
14:16:02	38.65	0.05	202	780730	买盘
14:15:57	38.6	-0.05	104	401440	卖盘
14:15:52	38.65	0.02	23	88895	买盘
14:15:47	38.63	-0.02	123	475149	卖盘
14:15:42	38.65	0.01	34	131410	买盘
14:15:38	38.64	-0.01	160	618240	卖盘
14:15:32	38.65	0.03	28	108220	买盘
14:15:26	38.62	-0.03	315	1216530	卖盘
14:15:22	38.65	--	34	131410	买盘
14:15:17	38.65	0.01	52	200980	买盘
14:15:11	38.64	0.01	6	23184	买盘
14:15:07	38.63	0.01	243	938709	买盘
14:15:02	38.62	0.02	40	154480	买盘
14:14:56	38.6	-0.01	161	621460	卖盘
14:14:52	38.61	0.03	271	1046331	买盘
14:14:47	38.58	-0.01	152	586416	卖盘
14:14:41	38.59	--	75	289425	买盘
14:14:37	38.59	0.04	268	1034212	买盘
14:14:32	38.55	-0.03	150	578250	卖盘
14:14:26	38.58	0.01	108	416664	买盘
14:14:22	38.57	--	137	528409	买盘
14:14:17	38.57	0.01	44	169708	买盘
14:14:07	38.56	--	7	26992	卖盘
14:14:02	38.56	--	14	53984	卖盘
14:13:56	38.56	0.01	194	748064	买盘
14:13:52	38.55	--	30	115649	卖盘
14:13:47	38.55	--	14	53969	卖盘
14:13:41	38.55	0.01	36	138780	买盘
14:13:37	38.54	-0.02	9	34686	卖盘
14:13:32	38.56	0.01	114	439584	买盘
14:13:26	38.55	--	10	38550	买盘
14:13:22	38.55	--	20	77100	买盘
14:13:17	38.55	--	3	11565	买盘
14:13:11	38.55	--	33	127214	买盘
14:13:07	38.55	0.01	6	23130	买盘
14:13:02	38.54	-0.01	10	38540	卖盘
14:12:56	38.55	--	1	3854	买盘
14:12:52	38.55	--	33	127214	买盘
14:12:47	38.55	0.01	110	424049	买盘
14:12:41	38.54	-0.01	67	258218	卖盘
14:12:37	38.55	--	31	119504	买盘
14:12:32	38.55	0.01	41	158055	买盘
14:12:26	38.54	-0.01	13	50102	中性盘
14:12:22	38.55	0.01	46	177330	买盘
14:12:17	38.54	--	33	127182	卖盘
14:12:11	38.54	--	3	11562	买盘
14:12:07	38.54	0.01	60	231240	买盘
14:12:02	38.53	-0.01	9	34677	卖盘
14:11:56	38.54	--	13	50102	买盘
14:11:52	38.54	0.01	57	219678	买盘
14:11:47	38.53	-0.01	11	42383	卖盘
14:11:37	38.54	0.01	177	682158	买盘
14:11:32	38.53	--	10	38530	卖盘
14:11:26	38.53	--	14	53942	卖盘
14:11:22	38.53	0.02	19	73207	买盘
14:11:17	38.51	--	50	192550	卖盘
14:11:11	38.51	-0.01	26	100126	卖盘
14:11:07	38.52	--	14	53928	买盘
14:11:02	38.52	0.01	12	46224	买盘
14:10:52	38.51	-0.01	3	11553	卖盘
14:10:47	38.52	-0.01	1	3852	买盘
14:10:41	38.53	--	16	61648	卖盘
14:10:37	38.53	0.01	34	131002	买盘
14:10:32	38.52	-0.01	12	46224	买盘
14:10:21	38.53	0.01	66	254298	买盘
14:10:17	38.52	-0.01	3	11556	买盘
14:10:11	38.53	--	60	231180	买盘
14:10:07	38.53	0.01	30	115590	买盘
14:10:02	38.52	--	2	7704	买盘
14:09:56	38.52	--	28	107856	卖盘
14:09:50	38.52	--	10	38520	卖盘
14:09:47	38.52	--	13	50076	卖盘
14:09:41	38.52	--	2	7704	卖盘
14:09:32	38.52	--	39	150228	卖盘
14:09:26	38.52	0.02	15	57780	买盘
14:09:22	38.5	--	66	254100	买盘
14:09:17	38.5	-0.02	143	550550	卖盘
14:09:11	38.52	0.01	8	30816	买盘
14:09:05	38.51	--	16	61616	卖盘
14:09:01	38.51	--	40	154040	卖盘
14:08:56	38.51	-0.01	14	53914	卖盘
14:08:46	38.52	0.01	88	338976	买盘
14:08:41	38.51	--	11	42361	卖盘
14:08:31	38.51	0.01	21	80871	买盘
14:08:26	38.5	-0.01	35	134750	卖盘
14:08:20	38.51	--	16	61616	买盘
14:08:16	38.51	--	24	92424	买盘
14:08:11	38.51	-0.01	20	77020	卖盘
14:08:05	38.52	0.01	101	389052	买盘
14:08:01	38.51	--	25	96275	买盘
14:07:56	38.51	--	7	26957	买盘
14:07:50	38.51	-0.01	6	23106	卖盘
14:07:46	38.52	--	128	493056	买盘
14:07:41	38.52	--	0	0	买盘
14:07:35	38.52	0.01	35	134820	买盘
14:07:31	38.51	-0.01	25	96275	买盘
14:07:26	38.52	--	0	0	买盘
14:07:20	38.52	0.02	231	889812	买盘
14:07:16	38.5	0.01	101	388850	买盘
14:07:11	38.49	--	101	388749	卖盘
14:07:05	38.49	-0.01	55	211695	卖盘
14:07:01	38.5	0.01	15	57750	买盘
14:06:56	38.49	-0.01	2	7698	卖盘
14:06:50	38.5	--	72	277200	买盘
14:06:46	38.5	0.01	47	180950	买盘
14:06:41	38.49	0.01	5	19245	买盘
14:06:35	38.48	--	0	0	卖盘
14:06:26	38.48	-0.02	15	57719	卖盘
14:06:16	38.5	0.02	301	1158850	买盘
14:06:11	38.48	--	35	138412	买盘
14:06:05	38.48	--	14	53987	卖盘
14:06:01	38.48	--	27	107628	买盘
14:05:56	38.48	--	100	384799	买盘
14:05:50	38.48	--	20	76960	买盘
14:05:46	38.48	--	49	188551	买盘
14:05:31	38.48	0.01	30	115439	买盘
14:05:26	38.47	-0.01	19	73093	卖盘
14:05:20	38.48	0.01	5	19240	买盘
14:05:16	38.47	-0.01	25	96175	卖盘
14:05:11	38.48	--	25	96199	买盘
14:05:05	38.48	0.01	9	34632	买盘
14:05:01	38.47	-0.01	33	126951	卖盘
14:04:56	38.48	0.02	3	11543	买盘
14:04:41	38.46	-0.01	50	192300	卖盘
14:04:31	38.47	-0.01	32	123104	中性盘
14:04:26	38.48	0.01	108	415583	买盘
14:04:20	38.47	0.01	5	19235	买盘
14:04:16	38.46	-0.01	19	73074	卖盘
14:04:11	38.47	--	17	65399	买盘
14:04:05	38.47	--	10	38470	买盘
14:04:01	38.47	--	10	38470	买盘
14:03:56	38.47	0.01	47	180809	中性盘
14:03:50	38.46	-0.02	14	53844	卖盘
14:03:41	38.48	0.02	4	15391	买盘
14:03:35	38.46	-0.02	189	726894	卖盘
14:03:26	38.48	-0.01	218	838979	卖盘
14:03:20	38.49	--	22	84678	买盘
14:03:10	38.49	-0.01	1	3849	卖盘
14:03:05	38.5	--	0	0	买盘
14:03:01	38.5	--	29	111650	买盘
14:02:55	38.5	--	50	192500	买盘
14:02:50	38.5	--	1	3850	买盘
14:02:44	38.5	--	34	130900	买盘
14:02:40	38.5	--	25	96250	买盘
14:02:35	38.5	--	16	61600	卖盘
14:02:29	38.5	--	0	0	卖盘
14:02:25	38.5	-0.01	111	427350	卖盘
14:02:20	38.51	--	17	65467	买盘
14:02:14	38.51	0.01	5	19255	买盘
14:02:10	38.5	-0.01	50	192500	卖盘
14:02:05	38.51	0.01	65	250315	买盘
14:01:59	38.5	-0.01	6	23100	卖盘
14:01:55	38.51	0.01	6	23106	买盘
14:01:44	38.5	--	4	15400	卖盘
14:01:40	38.5	--	60	231000	卖盘
14:01:35	38.5	--	13	50050	卖盘
14:01:29	38.5	--	0	0	卖盘
14:01:25	38.5	--	3	11550	卖盘
14:01:20	38.5	--	6	23100	卖盘
14:01:14	38.5	0.01	12	46200	买盘
14:01:10	38.49	--	28	107772	卖盘
14:01:05	38.49	-0.04	12	49921	卖盘
14:00:59	38.53	0.03	100	385300	买盘
14:00:55	38.5	--	19	73150	买盘
14:00:50	38.5	-0.04	370	1424500	卖盘
14:00:44	38.54	0.01	100	385400	买盘
14:00:40	38.53	--	61	235033	买盘
14:00:35	38.53	-0.01	17	65501	卖盘
14:00:29	38.54	0.01	4	15416	买盘
14:00:25	38.53	--	8	30824	买盘
14:00:20	38.53	--	18	69354	中性盘
14:00:14	38.53	--	0	0	买盘
14:00:10	38.53	0.01	7	26971	买盘
14:00:05	38.52	0.01	17	65484	买盘
13:59:59	38.51	0.01	2	7702	买盘
13:59:50	38.5	0.01	98	377300	买盘
13:59:40	38.49	--	27	103923	买盘
13:59:35	38.49	0.01	10	38490	买盘
13:59:20	38.48	--	239	919671	买盘
13:59:14	38.48	--	34	130831	买盘
13:59:10	38.48	--	41	157768	买盘
13:59:05	38.48	--	5	19240	买盘
13:58:59	38.48	--	77	296296	买盘
13:58:44	38.48	0.01	37	142376	买盘
13:58:40	38.47	-0.01	11	42317	卖盘
13:58:29	38.48	0.01	5	19240	买盘
13:58:25	38.47	--	28	107716	买盘
13:58:20	38.47	--	13	50011	买盘
13:58:10	38.47	--	13	50011	买盘
13:57:59	38.47	0.01	9	34623	买盘
13:57:55	38.46	-0.01	1	3846	卖盘
13:57:50	38.47	--	0	0	买盘
13:57:44	38.47	0.02	14	53858	买盘
13:57:40	38.45	-0.02	50	192250	卖盘
13:57:35	38.47	--	10	38470	买盘
13:57:29	38.47	0.02	15	57705	买盘
13:57:25	38.45	-0.02	12	46140	卖盘
13:57:19	38.47	0.02	20	76940	买盘
13:57:14	38.45	--	8	30760	卖盘
13:57:04	38.45	-0.01	15	57675	卖盘
13:56:59	38.46	0.01	10	38460	买盘
13:56:55	38.45	--	19	73055	买盘
13:56:50	38.45	--	15	57675	买盘
13:56:44	38.45	-0.01	116	446020	卖盘
13:56:35	38.46	--	25	96150	买盘
13:56:29	38.46	--	26	99996	卖盘
13:56:23	38.46	-0.01	14	53844	卖盘
13:56:19	38.47	0.01	12	46164	买盘
13:56:14	38.46	-0.01	100	384600	卖盘
13:56:04	38.47	--	15	57705	买盘
13:55:59	38.47	--	70	269290	买盘
13:55:49	38.47	0.01	6	23082	买盘
13:55:44	38.46	--	7	26922	卖盘
13:55:38	38.46	--	52	199992	卖盘
13:55:23	38.46	-0.01	13	49998	卖盘
13:55:19	38.47	--	27	103869	买盘
13:55:14	38.47	-0.01	81	311607	卖盘
13:55:08	38.48	--	4	15391	买盘
13:55:04	38.48	-0.01	10	38480	买盘
13:54:49	38.49	0.01	75	288675	买盘
13:54:44	38.48	--	3	11543	卖盘
13:54:38	38.48	--	12	46175	卖盘
13:54:34	38.48	--	37	142376	卖盘
13:54:29	38.48	-0.01	28	107743	卖盘
13:54:23	38.49	--	15	57735	买盘
13:54:19	38.49	-0.01	23	88527	买盘
13:54:14	38.5	0.01	14	53900	买盘
13:54:08	38.49	-0.01	3	11547	买盘
13:54:04	38.5	--	280	1078000	买盘
13:53:59	38.5	--	110	423500	买盘
13:53:49	38.5	-0.02	75	288750	卖盘
13:53:44	38.52	0.01	13	50076	买盘
13:53:38	38.51	--	0	0	卖盘
13:53:34	38.51	-0.02	8	30808	卖盘
13:53:29	38.53	--	6	23118	买盘
13:53:23	38.53	--	10	38530	买盘
13:53:19	38.53	0.01	25	96325	买盘
13:53:14	38.52	-0.01	79	304308	卖盘
13:53:04	38.53	--	75	288975	买盘
13:52:59	38.53	--	25	96325	卖盘
13:52:53	38.53	--	1	3853	卖盘
13:52:49	38.53	--	28	107884	卖盘
13:52:44	38.53	0.02	34	131002	买盘
13:52:34	38.51	-0.02	15	57765	卖盘
13:52:29	38.53	0.01	55	211915	买盘
13:52:23	38.52	-0.02	334	1286568	卖盘
13:52:19	38.54	0.01	102	393108	买盘
13:52:08	38.53	0.01	50	192650	买盘
13:52:04	38.52	0.01	142	546984	买盘
13:51:59	38.51	--	9	34659	卖盘
13:51:53	38.51	--	3	11553	卖盘
13:51:49	38.51	--	4	15404	买盘
13:51:43	38.51	--	15	57765	买盘
13:51:29	38.51	0.03	2	7702	卖盘
13:51:19	38.48	--	0	0	卖盘
13:51:14	38.48	-0.04	137	527176	卖盘
13:51:08	38.52	0.02	30	115560	买盘
13:51:03	38.5	--	12	46200	卖盘
13:50:58	38.5	-0.01	23	88550	卖盘
13:50:53	38.51	0.01	8	30808	买盘
13:50:49	38.5	-0.01	4	15400	卖盘
13:50:43	38.51	0.01	35	134785	买盘
13:50:38	38.5	-0.01	5	19250	卖盘
13:50:33	38.51	0.01	1	3851	买盘
13:50:29	38.5	-0.01	13	50050	卖盘
13:50:23	38.51	0.01	6	23106	买盘
13:50:17	38.5	-0.01	1	3850	卖盘
13:50:13	38.51	--	18	69318	买盘
13:50:08	38.51	--	23	88573	卖盘
13:50:02	38.51	-0.02	6	23106	卖盘
13:49:58	38.53	--	30	115590	中性盘
13:49:53	38.53	--	30	115590	卖盘
13:49:47	38.53	0.02	205	789865	买盘
13:49:43	38.51	-0.03	188	723988	卖盘
13:49:38	38.54	0.03	27	104058	买盘
13:49:28	38.51	-0.03	128	492928	卖盘
13:49:23	38.54	0.01	29	111766	买盘
13:49:17	38.53	--	11	42383	买盘
13:49:13	38.53	-0.03	51	196503	卖盘
13:49:08	38.56	0.01	153	589968	买盘
13:49:02	38.55	--	42	161910	买盘
13:48:58	38.55	--	117	451034	卖盘
13:48:53	38.55	--	17	65534	卖盘
13:48:47	38.55	--	21	80955	卖盘
13:48:43	38.55	--	162	624510	买盘
13:48:38	38.55	--	35	134925	买盘
13:48:32	38.55	0.02	112	431759	买盘
13:48:28	38.53	-0.02	257	990221	卖盘
13:48:23	38.55	--	269	1036994	买盘
13:48:17	38.55	0.01	13	50114	买盘
13:48:13	38.54	0.01	332	1279528	买盘
13:48:08	38.53	--	369	1421757	买盘
13:48:02	38.53	0.03	91	350623	买盘
13:47:58	38.5	--	30	115500	卖盘
13:47:53	38.5	0.02	521	2005850	买盘
13:47:47	38.48	0.03	112	430975	买盘
13:47:43	38.45	-0.03	247	949715	卖盘
13:47:38	38.48	0.03	85	327080	买盘
13:47:32	38.45	--	13	49985	卖盘
13:47:28	38.45	--	400	1538000	卖盘
13:47:23	38.45	--	33	126885	买盘
13:47:17	38.45	--	122	469090	买盘
13:47:13	38.45	--	15	57675	卖盘
13:47:08	38.45	-0.01	150	576750	卖盘
13:46:58	38.46	0.01	48	184608	买盘
13:46:53	38.45	-0.01	14	53830	买盘
13:46:38	38.46	--	3	11538	买盘
13:46:32	38.46	0.04	65	249990	买盘
13:46:28	38.42	-0.04	28	107576	卖盘
13:46:23	38.46	0.01	135	519210	买盘
13:46:13	38.45	0.02	41	157645	买盘
13:46:08	38.43	-0.02	8	30744	卖盘
13:45:58	38.45	0.02	12	46140	买盘
13:45:53	38.43	-0.01	110	422730	卖盘
13:45:38	38.44	--	38	146072	买盘
13:45:32	38.44	--	105	403620	买盘
13:45:28	38.44	--	2	7688	买盘
13:45:23	38.44	-0.01	8	30752	买盘
13:45:17	38.45	--	64	246080	卖盘
13:45:13	38.45	--	91	349895	买盘
13:45:08	38.45	--	0	0	买盘
13:44:58	38.45	--	145	557525	买盘
13:44:52	38.45	0.01	5	19225	买盘
13:44:43	38.44	0.01	126	484344	买盘
13:44:28	38.43	0.03	250	960750	买盘
13:44:17	38.4	--	3	11520	卖盘
13:44:12	38.4	-0.02	50	192000	卖盘
13:44:07	38.42	--	2	7684	卖盘
13:44:02	38.42	0.01	4	15368	卖盘
13:43:52	38.41	--	26	101786	买盘
13:43:47	38.41	--	177	681777	卖盘
13:43:32	38.41	--	12	46091	卖盘
13:43:22	38.41	--	67	259267	买盘
13:43:17	38.41	0.02	20	76820	买盘
13:43:11	38.39	-0.02	10	38390	卖盘
13:43:07	38.41	0.01	2	7681	买盘
13:43:02	38.4	--	0	0	中性盘
13:42:52	38.4	0.01	2	7680	买盘
13:42:47	38.39	0.03	2	7678	卖盘
13:42:41	38.36	-0.03	100	383600	卖盘
13:42:37	38.39	--	48	184272	买盘
13:42:32	38.39	--	10	38390	买盘
13:42:26	38.39	-0.02	27	103653	卖盘
13:42:17	38.41	-0.02	7	28807	卖盘
13:42:11	38.43	--	12	48037	买盘
13:42:07	38.43	0.02	51	197914	买盘
13:42:02	38.41	-0.03	21	80661	卖盘
13:41:52	38.44	--	0	0	买盘
13:41:47	38.44	0.02	16	61504	买盘
13:41:41	38.42	-0.02	3	11526	卖盘
13:41:37	38.44	--	3	11532	买盘
13:41:32	38.44	0.03	5	19220	买盘
13:41:11	38.41	-0.03	80	307280	卖盘
13:41:07	38.44	--	5	19220	买盘
13:41:02	38.44	--	1	3844	买盘
13:40:52	38.44	0.01	61	234484	买盘
13:40:47	38.43	-0.01	1	3843	中性盘
13:40:37	38.44	0.03	211	811084	买盘
13:40:32	38.41	-0.01	10	38410	卖盘
13:40:22	38.42	--	3	11526	买盘
13:40:17	38.42	--	33	126786	卖盘
13:40:11	38.42	-0.01	1	3842	卖盘
13:40:07	38.43	--	25	96075	买盘
13:40:02	38.43	0.01	7	26901	买盘
13:39:52	38.42	-0.01	2	7684	卖盘
13:39:47	38.43	0.01	16	61488	买盘
13:39:37	38.42	--	74	284308	卖盘
13:39:31	38.42	--	2	7684	卖盘
13:39:22	38.42	0.01	89	341938	买盘
13:39:07	38.41	--	65	249664	买盘
13:38:56	38.41	0.01	53	203572	买盘
13:38:51	38.4	--	5	19200	卖盘
13:38:46	38.4	-0.01	106	407040	卖盘
13:38:41	38.41	-0.01	6	23045	卖盘
13:38:37	38.42	0.01	5	19210	买盘
13:38:21	38.41	--	3	11522	卖盘
13:38:16	38.41	0.01	20	76820	买盘
13:38:11	38.4	--	4	15360	卖盘
13:38:06	38.4	--	20	76800	卖盘
13:38:01	38.4	--	35	134400	卖盘
13:37:51	38.4	-0.02	18	69120	卖盘
13:37:46	38.42	0.01	37	142154	买盘
13:37:41	38.41	--	2	7681	买盘
13:37:36	38.41	--	21	80661	卖盘
13:37:26	38.41	-0.01	4	15363	卖盘
13:37:21	38.42	--	4	15368	买盘
13:37:16	38.42	--	18	69156	买盘
13:37:11	38.42	--	9	34578	卖盘
13:37:05	38.42	--	13	49946	卖盘
13:37:01	38.42	0.01	2	7684	中性盘
13:36:56	38.41	-0.01	100	384099	卖盘
13:36:46	38.42	-0.01	27	103734	卖盘
13:36:41	38.43	--	35	134505	卖盘
13:36:35	38.43	--	1	3843	卖盘
13:36:26	38.43	-0.01	2	7686	卖盘
13:36:16	38.44	-0.01	5	19220	买盘
13:36:11	38.45	--	12	46140	中性盘
13:36:05	38.45	0.01	34	130730	买盘
13:36:01	38.44	-0.02	15	57660	卖盘
13:35:56	38.46	--	0	0	买盘
13:35:50	38.46	0.02	10	38460	买盘
13:35:46	38.44	--	13	49972	卖盘
13:35:41	38.44	-0.01	13	49972	卖盘
13:35:35	38.45	--	7	26915	卖盘
13:35:31	38.45	0.01	11	42295	买盘
13:35:26	38.44	-0.02	1	3844	卖盘
13:35:16	38.46	--	10	38460	买盘
13:35:11	38.46	--	1	3846	买盘
13:35:05	38.46	--	6	23076	卖盘
13:35:01	38.46	--	15	57690	卖盘
13:34:56	38.46	--	7	26922	卖盘
13:34:46	38.46	--	62	238452	卖盘
13:34:41	38.46	--	60	230760	卖盘
13:34:35	38.46	--	25	96150	卖盘
13:34:31	38.46	-0.02	6	23076	卖盘
13:34:20	38.48	--	86	330928	买盘
13:34:16	38.48	0.02	15	57719	买盘
13:34:05	38.46	-0.02	9	34614	卖盘
13:34:01	38.48	0.02	34	130831	买盘
13:33:56	38.46	-0.02	3	11538	卖盘
13:33:46	38.48	0.01	4	15391	买盘
13:33:41	38.47	0.04	35	134645	买盘
13:33:35	38.43	-0.02	50	192150	卖盘
13:33:31	38.45	-0.04	2	7690	中性盘
13:33:25	38.49	0.05	300	1154700	买盘
13:33:20	38.44	0.01	3	11532	买盘
13:33:16	38.43	--	7	26901	卖盘
13:33:11	38.43	0.01	5	19215	买盘
13:33:01	38.42	0.02	87	334254	买盘
13:32:50	38.4	0.02	40	155520	买盘
13:32:46	38.38	--	3	11514	买盘
13:32:40	38.38	--	7	26866	买盘
13:32:35	38.38	-0.03	41	159277	卖盘
13:32:31	38.41	0.03	82	314962	买盘
13:32:25	38.38	-0.01	28	107464	卖盘
13:32:16	38.39	--	8	30712	卖盘
13:32:10	38.39	--	2	7678	卖盘
13:32:01	38.39	-0.01	30	115170	卖盘
13:31:55	38.4	0.01	59	226560	买盘
13:31:50	38.39	0.01	4	15356	买盘
13:31:40	38.38	--	18	71003	卖盘
13:31:31	38.38	0.06	337	1293406	买盘
13:31:25	38.32	-0.01	5	19160	卖盘
13:31:15	38.33	0.01	13	49829	买盘
13:31:10	38.32	-0.02	37	141784	卖盘
13:31:05	38.34	--	5	19170	买盘
13:30:50	38.34	--	21	80514	卖盘
13:30:44	38.34	-0.01	1	3834	卖盘
13:30:40	38.35	0.01	2	7670	买盘
13:30:25	38.34	--	1	3834	卖盘
13:30:20	38.34	--	5	19170	卖盘
13:30:14	38.34	0.01	81	310554	买盘
13:30:10	38.33	--	14	53662	卖盘
13:30:05	38.33	--	3	11499	卖盘
13:29:55	38.33	0.01	19	72827	买盘
13:29:50	38.32	--	1	3832	卖盘
13:29:40	38.32	--	7	26824	买盘
13:29:35	38.32	0.01	2	7664	买盘
13:29:29	38.31	--	24	91944	卖盘
13:29:25	38.31	--	9	34479	卖盘
13:29:20	38.31	-0.01	1	3831	卖盘
13:29:14	38.32	0.01	10	38320	买盘
13:29:05	38.31	--	4	15324	买盘
13:28:59	38.31	--	25	95775	买盘
13:28:50	38.31	0.01	18	68958	买盘
13:28:40	38.3	-0.01	31	118729	卖盘
13:28:35	38.31	--	10	38310	买盘
13:28:25	38.31	-0.01	157	601467	卖盘
13:28:20	38.32	--	2	7664	卖盘
13:28:14	38.32	0.01	21	80472	买盘
13:28:10	38.31	--	21	80451	卖盘
13:28:05	38.31	-0.01	28	107268	卖盘
13:27:55	38.32	-0.01	3	11496	卖盘
13:27:50	38.33	0.03	20	76660	买盘
13:27:44	38.3	--	0	0	卖盘
13:27:40	38.3	-0.04	240	919199	卖盘
13:27:35	38.34	-0.02	21	80514	卖盘
13:27:19	38.36	0.01	6	23016	买盘
13:27:14	38.35	--	66	253110	卖盘
13:27:05	38.35	-0.01	2	7670	卖盘
13:26:49	38.36	-0.01	130	498680	卖盘
13:26:44	38.37	--	50	191850	卖盘
13:26:40	38.37	-0.01	1	3836	卖盘
13:26:35	38.38	--	55	211090	买盘
13:26:25	38.38	--	1	3838	买盘
13:26:20	38.38	--	23	88274	买盘
13:26:14	38.38	--	10	38380	买盘
13:26:09	38.38	--	40	153520	买盘
13:26:04	38.38	--	3	11514	买盘
13:25:59	38.38	--	30	115140	卖盘
13:25:54	38.38	-0.01	10	38380	卖盘
13:25:49	38.39	--	23	88297	买盘
13:25:44	38.39	0.01	10	38390	买盘
13:25:34	38.38	-0.01	30	115140	卖盘
13:25:29	38.39	--	1	3839	买盘
13:25:25	38.39	-0.01	3	11517	卖盘
13:25:19	38.4	0.01	10	38400	买盘
13:25:14	38.39	--	15	57585	卖盘
13:25:09	38.39	--	20	76780	卖盘
13:25:04	38.39	--	24	92136	买盘
13:24:49	38.39	--	5	19195	买盘
13:24:44	38.39	0.01	11	42229	买盘
13:24:23	38.38	--	1	3838	卖盘
13:24:19	38.38	0.01	12	46056	买盘
13:23:59	38.37	--	4	15347	卖盘
13:23:53	38.37	--	0	0	中性盘
13:23:44	38.37	0.01	5	19185	买盘
13:23:38	38.36	--	50	191800	卖盘
13:23:34	38.36	-0.01	7	26852	卖盘
13:23:19	38.37	--	2	7673	买盘
13:23:14	38.37	-0.01	30	115109	卖盘
13:23:04	38.38	--	5	19190	买盘
13:22:59	38.38	0.01	3	11514	买盘
13:22:49	38.37	0.01	1	3836	卖盘
13:22:44	38.36	--	10	38360	卖盘
13:22:29	38.36	--	4	15344	买盘
13:22:19	38.36	--	3	11508	卖盘
13:22:08	38.36	--	0	0	中性盘
13:22:04	38.36	--	4	15344	卖盘
13:21:59	38.36	-0.03	18	69048	卖盘
13:21:53	38.39	0.03	8	30712	买盘
13:21:49	38.36	-0.02	100	383600	卖盘
13:21:44	38.38	--	1	3838	卖盘
13:21:34	38.38	0.01	26	99788	卖盘
13:21:29	38.37	--	0	0	卖盘
13:21:19	38.37	-0.01	55	211035	卖盘
13:21:14	38.38	--	0	0	卖盘
13:21:08	38.38	-0.01	3	11514	卖盘
13:21:04	38.39	0.01	3	11517	中性盘
13:20:59	38.38	-0.01	14	53732	卖盘
13:20:49	38.39	--	16	61424	买盘
13:20:44	38.39	-0.01	68	261052	卖盘
13:20:38	38.4	-0.02	123	472320	卖盘
13:20:33	38.42	0.01	5	19210	买盘
13:20:29	38.41	--	10	38410	卖盘
13:20:23	38.41	--	2	7681	卖盘
13:20:19	38.41	--	4	15363	买盘
13:20:14	38.41	-0.01	7	26886	买盘
13:20:03	38.42	--	0	0	买盘
13:19:58	38.42	--	0	0	买盘
13:19:48	38.42	-0.01	47	180574	买盘
13:19:43	38.43	--	0	0	买盘
13:19:38	38.43	--	0	0	买盘
13:19:34	38.43	--	105	403515	买盘
13:19:28	38.43	--	15	57645	买盘
13:19:23	38.43	0.02	6	23058	买盘
13:19:19	38.41	-0.02	11	42250	卖盘
13:19:08	38.43	0.02	26	99918	买盘
13:19:03	38.41	-0.01	11	42250	卖盘
13:18:58	38.42	--	10	38420	卖盘
13:18:53	38.42	-0.02	1	3842	卖盘
13:18:48	38.44	0.05	2	7688	买盘
13:18:43	38.39	-0.05	75	287925	卖盘
13:18:38	38.44	--	0	0	买盘
13:18:28	38.44	--	83	319052	买盘
13:18:23	38.44	--	0	0	买盘
13:18:18	38.44	0.04	14	53816	中性盘
13:18:13	38.4	-0.05	40	153600	卖盘
13:18:03	38.45	0.05	2	7690	卖盘
13:17:53	38.4	-0.05	221	848640	卖盘
13:17:48	38.45	0.04	8	30760	买盘
13:17:43	38.41	--	0	0	卖盘
13:17:38	38.41	--	16	61455	卖盘
13:17:28	38.41	--	0	0	卖盘
13:17:17	38.41	--	0	0	卖盘
13:17:13	38.41	0.01	32	122911	买盘
13:17:08	38.4	-0.1	13	49920	买盘
13:16:53	38.5	0.12	617	2375450	买盘
13:16:47	38.38	--	1	3838	卖盘
13:16:43	38.38	-0.02	41	157358	卖盘
13:16:28	38.4	0.02	7	26880	买盘
13:16:23	38.38	--	5	19190	卖盘
13:16:13	38.38	0.03	6	23028	买盘
13:16:08	38.35	-0.03	266	1020110	卖盘
13:16:02	38.38	--	1	3838	买盘
13:15:58	38.38	-0.02	25	95950	卖盘
13:15:53	38.4	0.02	58	222720	买盘
13:15:47	38.38	--	0	0	卖盘
13:15:38	38.38	-0.02	50	191900	卖盘
13:15:23	38.4	0.02	44	168960	买盘
13:15:13	38.38	--	5	19190	卖盘
13:14:53	38.38	--	4	15352	买盘
13:14:47	38.38	--	55	211090	卖盘
13:14:43	38.38	--	9	34542	卖盘
13:14:32	38.38	--	2	7676	卖盘
13:14:28	38.38	--	98	376124	卖盘
13:14:13	38.38	--	10	38380	卖盘
13:14:02	38.38	--	12	46056	买盘
13:13:57	38.38	--	86	330068	卖盘
13:13:53	38.38	--	0	0	卖盘
13:13:42	38.38	--	80	307040	卖盘
13:13:38	38.38	--	0	0	卖盘
13:13:32	38.38	--	0	0	卖盘
13:13:28	38.38	-0.06	206	790628	卖盘
13:13:23	38.44	0.04	20	76880	买盘
13:13:17	38.4	-0.04	110	422400	卖盘
13:13:12	38.44	--	5	19220	买盘
13:13:08	38.44	--	5	19220	买盘
13:12:57	38.44	0.01	14	53816	买盘
13:12:52	38.43	--	1	3843	卖盘
13:12:47	38.43	--	5	19215	卖盘
13:12:42	38.43	0.01	8	30744	买盘
13:12:27	38.42	0.01	64	245888	买盘
13:12:22	38.41	-0.01	15	57614	卖盘
13:12:07	38.42	0.04	48	184416	买盘
13:12:02	38.38	-0.03	60	230280	卖盘
13:11:57	38.41	--	12	46091	买盘
13:11:52	38.41	0.01	17	65296	买盘
13:11:42	38.4	0.01	300	1152000	买盘
13:11:37	38.39	0.02	35	134365	买盘
13:11:32	38.37	--	14	53718	卖盘
13:11:27	38.37	--	16	61391	卖盘
13:11:17	38.37	0.02	2	7673	卖盘
13:11:12	38.35	--	36	138060	买盘
13:11:07	38.35	0.01	10	38350	买盘
13:11:02	38.34	--	12	46008	卖盘
13:10:52	38.34	0.01	10	38340	买盘
13:10:47	38.33	--	55	210815	买盘
13:10:41	38.33	-0.01	80	306640	卖盘
13:10:37	38.34	--	11	42174	买盘
13:10:32	38.34	--	3	11502	买盘
13:10:26	38.34	--	3	11502	买盘
13:10:22	38.34	-0.01	9	34506	买盘
13:10:17	38.35	--	0	0	买盘
13:10:11	38.35	0.01	5	19175	买盘
13:10:07	38.34	--	40	153360	卖盘
13:09:52	38.34	--	1	3834	卖盘
13:09:37	38.34	--	12	46008	买盘
13:09:32	38.34	0.01	26	99684	买盘
13:09:26	38.33	-0.01	1	3833	卖盘
13:09:22	38.34	--	2	7668	买盘
13:09:17	38.34	0.01	11	42174	买盘
13:09:11	38.33	--	2	7666	卖盘
13:09:02	38.33	--	16	61328	卖盘
13:08:56	38.33	--	13	49829	买盘
13:08:52	38.33	--	33	126489	卖盘
13:08:37	38.33	--	93	356469	买盘
13:08:26	38.33	-0.01	17	65161	中性盘
13:08:22	38.34	0.01	34	130356	买盘
13:08:17	38.33	-0.01	3	11499	卖盘
13:08:07	38.34	0.01	21	80514	买盘
13:08:02	38.33	-0.01	145	555785	卖盘
13:07:56	38.34	0.01	150	575100	买盘
13:07:52	38.33	-0.01	65	249145	卖盘
13:07:47	38.34	--	16	61344	卖盘
13:07:41	38.34	-0.01	15	57510	卖盘
13:07:17	38.35	-0.02	52	199420	卖盘
13:07:07	38.37	-0.01	5	19185	卖盘
13:07:02	38.38	0.01	57	218766	买盘
13:06:52	38.37	--	50	191850	买盘
13:06:47	38.37	--	79	303123	买盘
13:06:41	38.37	--	1	3836	卖盘
13:06:36	38.37	--	0	0	卖盘
13:06:16	38.37	-0.01	51	195687	买盘
13:06:06	38.38	--	12	46056	卖盘
13:06:01	38.38	--	87	333906	买盘
13:05:51	38.38	-0.02	42	161196	卖盘
13:05:46	38.4	--	5	19200	卖盘
13:05:36	38.4	0.02	24	92160	买盘
13:05:16	38.38	--	10	38380	买盘
13:05:01	38.38	-0.02	192	736896	卖盘
13:04:56	38.4	--	9	34560	卖盘
13:04:51	38.4	0.01	154	591360	买盘
13:04:41	38.39	-0.01	4	15356	卖盘
13:04:36	38.4	0.01	21	80640	买盘
13:04:26	38.39	-0.02	2	7678	卖盘
13:04:16	38.41	--	0	0	买盘
13:04:11	38.41	0.01	14	53773	买盘
13:04:05	38.4	-0.01	10	38400	卖盘
13:04:01	38.41	0.01	14	53773	买盘
13:03:56	38.4	--	48	184320	卖盘
13:03:50	38.4	--	18	69120	卖盘
13:03:46	38.4	-0.01	3	11520	卖盘
13:03:41	38.41	--	23	88342	买盘
13:03:31	38.41	0.01	87	334166	买盘
13:03:26	38.4	-0.01	5	19200	卖盘
13:03:20	38.41	--	16	61455	买盘
13:03:16	38.41	--	2	7681	买盘
13:03:11	38.41	--	27	103706	买盘
13:03:05	38.41	--	22	84501	卖盘
13:02:56	38.41	0.01	3	11522	卖盘
13:02:46	38.4	--	0	0	卖盘
13:02:41	38.4	-0.01	9	34560	卖盘
13:02:35	38.41	--	10	38410	卖盘
13:02:31	38.41	0.01	27	103706	买盘
13:02:26	38.4	-0.01	9	34560	卖盘
13:02:20	38.41	--	1	3840	买盘
13:02:16	38.41	0.01	5	19205	买盘
13:02:11	38.4	0.01	2	7680	买盘
13:02:01	38.39	-0.01	7	26873	中性盘
13:01:56	38.4	0.03	47	180480	买盘
13:01:50	38.37	--	11	42207	卖盘
13:01:46	38.37	--	2	7673	卖盘
13:01:31	38.37	--	112	429744	卖盘
13:01:26	38.37	--	9	34533	买盘
13:01:20	38.37	--	1	3836	卖盘
13:01:11	38.37	--	9	34533	买盘
13:00:55	38.37	0.01	30	115109	买盘
13:00:50	38.36	-0.01	2	7672	卖盘
13:00:46	38.37	--	1	3836	买盘
13:00:35	38.37	--	2	7673	买盘
13:00:30	38.37	0.01	3	11511	卖盘
13:00:20	38.36	--	0	0	卖盘
13:00:15	38.36	-0.02	2	7672	卖盘
13:00:11	38.38	0.02	22	84436	买盘
13:00:05	38.36	0.01	43	164948	买盘
13:00:00	38.35	0.01	45	172575	买盘
11:30:00	38.34	--	0	0	卖盘
11:29:59	38.34	--	0	0	卖盘
11:29:59	38.34	-0.01	4	15336	卖盘
11:29:51	38.35	0.01	15	57525	买盘
11:29:46	38.34	--	4	15336	卖盘
11:29:37	38.34	-0.01	10	38340	卖盘
11:29:31	38.35	0.01	80	306800	买盘
11:29:07	38.34	--	8	30672	卖盘
11:29:01	38.34	--	10	38340	卖盘
11:28:55	38.34	--	1	3834	买盘
11:28:40	38.34	0.01	4	15336	买盘
11:28:36	38.33	--	0	0	卖盘
11:28:16	38.33	--	51	195483	买盘
11:28:10	38.33	0.01	1	3833	买盘
11:28:06	38.32	--	17	65144	买盘
11:28:01	38.32	--	10	38320	买盘
11:27:51	38.32	0.02	7	26824	买盘
11:27:46	38.3	--	17	65109	卖盘
11:27:21	38.3	--	33	126389	买盘
11:27:16	38.3	0.01	8	30639	买盘
11:27:06	38.29	-0.01	3	11487	卖盘
11:27:01	38.3	--	9	34470	买盘
11:26:46	38.3	--	2	7659	买盘
11:26:40	38.3	--	3	11490	买盘
11:26:36	38.3	0.01	12	45960	买盘
11:26:31	38.29	--	15	57435	买盘
11:26:25	38.29	-0.01	11	42119	卖盘
11:26:16	38.3	0.01	40	153200	买盘
11:26:06	38.29	--	26	99554	卖盘
11:25:51	38.29	0.01	40	153160	买盘
11:25:36	38.28	-0.01	16	61248	卖盘
11:25:31	38.29	--	8	30632	卖盘
11:25:21	38.29	-0.01	29	111041	买盘
11:25:16	38.3	--	0	0	买盘
11:25:10	38.3	--	1	3829	买盘
11:25:06	38.3	--	1	3829	买盘
11:25:01	38.3	0.01	5	19150	买盘
11:24:55	38.29	-0.01	42	160818	卖盘
11:24:51	38.3	--	29	111069	买盘
11:24:46	38.3	0.01	45	172350	买盘
11:24:36	38.29	--	1	3829	卖盘
11:24:31	38.29	--	1	3829	买盘
11:24:25	38.29	--	2	7658	买盘
11:24:21	38.29	--	15	57435	买盘
11:24:16	38.29	--	4	15316	买盘
11:24:10	38.29	0.01	5	19145	买盘
11:24:06	38.28	--	21	80388	买盘
11:24:01	38.28	0.01	8	30624	买盘
11:23:55	38.27	-0.01	1	3827	卖盘
11:23:51	38.28	--	11	42108	买盘
11:23:46	38.28	0.02	24	91872	买盘
11:23:25	38.26	-0.01	64	244864	卖盘
11:23:19	38.27	0.01	33	126291	买盘
11:23:16	38.26	--	7	26782	卖盘
11:23:10	38.26	--	12	45912	卖盘
11:23:04	38.26	0.01	15	57390	买盘
11:22:55	38.25	-0.01	12	45900	卖盘
11:22:49	38.26	--	11	42086	买盘
11:22:46	38.26	0.01	154	589204	买盘
11:22:40	38.25	--	7	26775	卖盘
11:22:34	38.25	--	1	3825	买盘
11:22:31	38.25	0.02	2	7650	买盘
11:22:25	38.23	-0.03	39	149097	卖盘
11:22:19	38.26	--	2	7652	卖盘
11:22:15	38.26	0.06	5	19130	中性盘
11:22:10	38.2	-0.05	146	557720	卖盘
11:22:00	38.25	--	62	237150	买盘
11:21:55	38.25	--	30	114750	买盘
11:21:49	38.25	--	0	0	买盘
11:21:45	38.25	--	108	413100	买盘
11:21:40	38.25	--	66	252450	买盘
11:21:30	38.25	0.02	50	191250	买盘
11:21:25	38.23	-0.02	83	317309	卖盘
11:21:19	38.25	--	3	11475	卖盘
11:21:15	38.25	--	6	22950	卖盘
11:21:10	38.25	--	34	130050	卖盘
11:21:04	38.25	-0.02	5	19125	卖盘
11:21:00	38.27	--	8	30616	买盘
11:20:55	38.27	--	6	22962	卖盘
11:20:49	38.27	-0.01	5	19135	卖盘
11:20:45	38.28	--	4	15312	买盘
11:20:40	38.28	-0.01	74	283272	卖盘
11:20:30	38.29	-0.01	28	107212	卖盘
11:20:15	38.3	--	89	340870	卖盘
11:20:10	38.3	-0.03	58	222139	卖盘
11:20:00	38.33	-0.01	38	145654	卖盘
11:19:45	38.34	--	7	26838	卖盘
11:19:40	38.34	-0.01	3	11502	卖盘
11:19:34	38.35	--	24	92040	卖盘
11:19:30	38.35	-0.01	100	383500	卖盘
11:19:19	38.36	--	1	3836	买盘
11:19:15	38.36	--	102	391272	卖盘
11:19:10	38.36	--	5	19180	卖盘
11:19:04	38.36	--	15	57540	卖盘
11:18:45	38.36	-0.01	74	283864	卖盘
11:18:40	38.37	--	7	26859	卖盘
11:18:30	38.37	--	13	49881	卖盘
11:18:15	38.37	-0.02	1	3836	卖盘
11:18:10	38.39	0.01	33	126687	买盘
11:18:04	38.38	-0.01	15	57570	卖盘
11:17:55	38.39	--	70	268730	买盘
11:17:49	38.39	--	28	107492	买盘
11:17:44	38.39	--	8	30712	买盘
11:17:40	38.39	--	2	7678	卖盘
11:17:30	38.39	--	7	26873	卖盘
11:17:25	38.39	--	2	7678	买盘
11:17:19	38.39	0.01	3	11517	买盘
11:17:10	38.38	--	0	0	卖盘
11:17:04	38.38	-0.01	13	49894	卖盘
11:16:55	38.39	0.02	8	30712	买盘
11:16:49	38.37	-0.02	17	65228	卖盘
11:16:34	38.39	0.02	6	23034	买盘
11:16:25	38.37	-0.02	53	203361	卖盘
11:16:19	38.39	-0.01	1	3839	买盘
11:15:58	38.4	--	0	0	买盘
11:15:54	38.4	0.03	1	3840	卖盘
11:15:49	38.37	--	0	0	卖盘
11:15:43	38.37	-0.03	30	115109	卖盘
11:15:39	38.4	--	16	61440	买盘
11:15:34	38.4	--	3	11520	买盘
11:15:28	38.4	0.01	2	7680	买盘
11:15:24	38.39	--	2	7678	买盘
11:15:13	38.39	-0.01	250	959750	卖盘
11:15:04	38.4	--	23	88320	买盘
11:14:54	38.4	0.01	23	88320	买盘
11:14:39	38.39	-0.01	15	57585	卖盘
11:14:34	38.4	0.01	6	23040	买盘
11:14:19	38.39	0.01	20	76780	卖盘
11:14:09	38.38	0.01	9	34542	中性盘
11:14:04	38.37	--	11	42207	买盘
11:13:58	38.37	-0.03	39	149643	卖盘
11:13:54	38.4	0.02	15	57600	买盘
11:13:49	38.38	0.01	48	184224	卖盘
11:13:39	38.37	-0.02	12	46044	卖盘
11:13:34	38.39	0.02	2	7678	买盘
11:13:24	38.37	-0.02	1	3836	中性盘
11:13:19	38.39	--	0	0	买盘
11:13:13	38.39	0.03	1	3839	买盘
11:13:09	38.36	--	0	0	卖盘
11:13:04	38.36	-0.04	5	19180	卖盘
11:12:58	38.4	0.01	23	88320	买盘
11:12:54	38.39	-0.01	167	641113	卖盘
11:12:49	38.4	--	13	49920	买盘
11:12:43	38.4	--	12	46080	买盘
11:12:39	38.4	-0.02	203	779520	卖盘
11:12:24	38.42	0.02	6	23052	买盘
11:12:19	38.4	--	0	0	卖盘
11:12:13	38.4	-0.01	20	76800	卖盘
11:12:09	38.41	0.01	80	307280	买盘
11:12:04	38.4	--	10	38400	卖盘
11:11:58	38.4	-0.01	2	7680	卖盘
11:11:54	38.41	0.01	31	119070	买盘
11:11:49	38.4	--	17	65280	买盘
11:11:39	38.4	0.01	20	76800	买盘
11:11:28	38.39	--	5	19195	中性盘
11:11:24	38.39	0.03	3	11517	买盘
11:11:19	38.36	0.01	20	76720	卖盘
11:11:13	38.35	--	0	0	卖盘
11:10:52	38.35	--	1	3835	卖盘
11:10:49	38.35	0.03	2	7670	中性盘
11:10:43	38.32	-0.01	67	256744	卖盘
11:10:37	38.33	--	5	19165	卖盘
11:10:34	38.33	-0.02	31	118823	卖盘
11:10:28	38.35	--	90	345150	买盘
11:10:22	38.35	--	2	7670	买盘
11:10:19	38.35	0.02	5	19175	买盘
11:10:13	38.33	-0.02	10	38330	卖盘
11:10:07	38.35	--	20	76700	买盘
11:10:04	38.35	0.02	5	19175	买盘
11:09:58	38.33	--	10	38330	卖盘
11:09:52	38.33	--	5	19165	卖盘
11:09:48	38.33	--	22	84326	买盘
11:09:43	38.33	--	22	84326	买盘
11:09:33	38.33	--	81	310473	卖盘
11:09:18	38.33	-0.02	67	256811	卖盘
11:09:13	38.35	--	17	65195	卖盘
11:09:03	38.35	--	13	49855	卖盘
11:08:52	38.35	0.03	11	42185	买盘
11:08:48	38.32	-0.01	11	42152	买盘
11:08:43	38.33	--	2	7666	卖盘
11:08:37	38.33	-0.02	3	11499	卖盘
11:08:33	38.35	0.03	40	153400	买盘
11:08:28	38.32	-0.02	80	306560	卖盘
11:08:22	38.34	--	12	46008	买盘
11:08:18	38.34	0.02	5	19170	买盘
11:08:13	38.32	-0.03	30	114960	卖盘
11:08:03	38.35	0.03	8	30680	买盘
11:07:58	38.32	-0.03	46	176272	卖盘
11:07:52	38.35	--	1	3835	买盘
11:07:33	38.35	-0.04	80	306800	卖盘
11:07:22	38.39	--	0	0	买盘
11:07:18	38.39	-0.01	19	72941	卖盘
11:07:03	38.4	-0.01	34	130560	卖盘
11:06:52	38.41	--	18	69138	卖盘
11:06:48	38.41	--	10	38410	卖盘
11:06:43	38.41	0.05	82	314962	买盘
11:06:37	38.36	-0.04	72	276192	卖盘
11:06:33	38.4	--	5	19200	买盘
11:06:28	38.4	--	1	3840	买盘
11:06:22	38.4	-0.03	155	595200	卖盘
11:06:18	38.43	0.02	24	92232	买盘
11:06:13	38.41	--	19	72979	卖盘
11:06:07	38.41	-0.01	3	11522	卖盘
11:06:03	38.42	0.01	6	23052	买盘
11:05:58	38.41	--	17	65296	卖盘
11:05:52	38.41	--	30	115229	卖盘
11:05:48	38.41	0.01	10	38410	买盘
11:05:43	38.4	-0.01	23	88320	卖盘
11:05:37	38.41	0.01	8	30727	买盘
11:05:28	38.4	--	1	3840	卖盘
11:05:22	38.4	0.02	96	368640	买盘
11:05:18	38.38	--	1	3838	买盘
11:05:13	38.38	0.03	9	34542	买盘
11:05:07	38.35	-0.03	12	46020	卖盘
11:05:03	38.38	0.02	49	188062	买盘
11:04:58	38.36	--	11	42196	买盘
11:04:52	38.36	--	24	92064	买盘
11:04:46	38.36	0.01	17	65212	买盘
11:04:43	38.35	-0.01	4	15340	卖盘
11:04:37	38.36	--	18	69048	买盘
11:04:31	38.36	0.01	5	19180	买盘
11:04:28	38.35	-0.01	19	72865	卖盘
11:04:22	38.36	--	3	11508	买盘
11:04:16	38.36	--	9	34524	买盘
11:04:13	38.36	-0.01	15	57540	卖盘
11:04:07	38.37	-0.01	10	38370	卖盘
11:03:58	38.38	-0.01	1	3838	卖盘
11:03:52	38.39	0.01	1	3839	买盘
11:03:46	38.38	--	2	7676	卖盘
11:03:43	38.38	--	33	126654	卖盘
11:03:37	38.38	-0.02	5	19190	卖盘
11:03:31	38.4	0.02	14	53760	买盘
11:03:27	38.38	-0.02	17	65246	卖盘
11:03:22	38.4	--	2	7680	买盘
11:03:16	38.4	-0.01	7	26880	卖盘
11:03:12	38.41	--	4	15363	买盘
11:03:07	38.41	--	61	234300	卖盘
11:02:57	38.41	--	0	0	卖盘
11:02:52	38.41	-0.04	12	46091	中性盘
11:02:46	38.45	0.05	27	103815	买盘
11:02:42	38.4	-0.05	37	142080	卖盘
11:02:37	38.45	--	0	0	买盘
11:02:31	38.45	--	1	3845	买盘
11:02:27	38.45	0.02	105	403725	买盘
11:02:22	38.43	-0.02	336	1291248	卖盘
11:02:12	38.45	--	25	96125	卖盘
11:02:07	38.45	0.01	57	219165	买盘
11:02:01	38.44	--	466	1791304	卖盘
11:01:57	38.44	-0.01	3	11532	卖盘
11:01:52	38.45	--	7	26915	买盘
11:01:42	38.45	--	55	211475	卖盘
11:01:37	38.45	-0.03	10	38450	卖盘
11:01:27	38.48	--	35	134680	买盘
11:01:22	38.48	0.03	16	61567	买盘
11:01:16	38.45	--	5	19225	卖盘
11:01:12	38.45	0.01	20	76900	卖盘
11:01:07	38.44	--	1	3844	卖盘
11:01:01	38.44	0.02	4	15376	卖盘
11:00:57	38.42	--	0	0	卖盘
11:00:52	38.42	-0.02	22	84524	卖盘
11:00:46	38.44	-0.02	5	19220	买盘
11:00:42	38.46	--	8	30768	卖盘
11:00:37	38.46	0.05	8	30768	买盘
11:00:31	38.41	0.01	9	34569	买盘
11:00:27	38.4	-0.01	12	46080	卖盘
11:00:22	38.41	--	39	149799	卖盘
11:00:12	38.41	-0.08	65	249664	卖盘
11:00:07	38.49	0.03	14	53886	买盘
11:00:01	38.46	--	2	7692	买盘
10:59:57	38.46	-0.03	116	446136	卖盘
10:59:52	38.49	--	27	103923	买盘
10:59:37	38.49	-0.01	10	38490	卖盘
10:59:27	38.5	--	11	42350	买盘
10:59:22	38.5	-0.02	19	73150	中性盘
10:59:16	38.52	0.02	32	123264	买盘
10:59:12	38.5	-0.01	300	1155000	卖盘
10:59:07	38.51	-0.01	79	304229	卖盘
10:59:01	38.52	--	30	115560	卖盘
10:58:57	38.52	--	17	65484	卖盘
10:58:52	38.52	--	25	96300	买盘
10:58:46	38.52	--	32	123264	买盘
10:58:42	38.52	0.02	6	23112	买盘
10:58:37	38.5	-0.02	19	73150	卖盘
10:58:31	38.52	0.01	128	493056	买盘
10:58:22	38.51	0.01	65	250315	买盘
10:58:16	38.5	0.02	13	50050	卖盘
10:58:10	38.48	-0.02	110	423279	卖盘
10:58:07	38.5	0.01	50	192500	买盘
10:58:01	38.49	-0.01	106	407994	卖盘
10:57:55	38.5	--	5	19250	卖盘
10:57:52	38.5	-0.02	31	119350	卖盘
10:57:46	38.52	--	24	92448	买盘
10:57:40	38.52	0.02	35	134820	买盘
10:57:36	38.5	--	38	146300	买盘
10:57:31	38.5	-0.02	30	115500	卖盘
10:57:25	38.52	--	44	169488	买盘
10:57:21	38.52	0.02	24	92448	买盘
10:57:16	38.5	--	16	61600	买盘
10:57:10	38.5	--	64	246400	买盘
10:57:07	38.5	--	104	400400	买盘
10:57:01	38.5	--	32	123200	买盘
10:56:55	38.5	0.01	36	138600	买盘
10:56:51	38.49	-0.01	18	69282	中性盘
10:56:46	38.5	--	58	223300	买盘
10:56:40	38.5	-0.03	94	361900	卖盘
10:56:36	38.53	--	46	177238	买盘
10:56:31	38.53	--	0	0	买盘
10:56:25	38.53	0.02	3	11559	买盘
10:56:21	38.51	-0.02	81	311931	卖盘
10:56:16	38.53	--	35	134855	卖盘
10:56:10	38.53	0.02	41	157973	买盘
10:56:06	38.51	-0.02	8	30808	卖盘
10:56:01	38.53	--	18	69354	买盘
10:55:55	38.53	--	2	7706	买盘
10:55:51	38.53	-0.04	49	188797	卖盘
10:55:46	38.57	0.05	88	339416	买盘
10:55:40	38.52	-0.03	86	331272	卖盘
10:55:36	38.55	-0.02	41	158055	中性盘
10:55:31	38.57	-0.01	73	281561	中性盘
10:55:25	38.58	--	50	192900	买盘
10:55:21	38.58	--	376	1450608	买盘
10:55:16	38.58	--	168	648144	买盘
10:55:10	38.58	--	67	258486	买盘
10:55:06	38.58	--	489	1886562	卖盘
10:55:01	38.58	-0.01	130	501540	买盘
10:54:55	38.59	0.01	47	181373	买盘
10:54:51	38.58	--	249	960642	买盘
10:54:46	38.58	0.03	61	235338	买盘
10:54:40	38.55	-0.01	11	42405	卖盘
10:54:36	38.56	0.05	231	893049	买盘
10:54:31	38.51	-0.01	93	358143	卖盘
10:54:25	38.52	--	10	38520	买盘
10:54:21	38.52	0.04	122	469944	买盘
10:54:16	38.48	0.01	431	1658487	买盘
10:54:10	38.47	--	44	169268	卖盘
10:54:06	38.47	-0.01	19	73093	卖盘
10:54:01	38.48	0.01	70	269360	买盘
10:53:51	38.47	0.01	77	296219	买盘
10:53:46	38.46	0.01	49	188454	买盘
10:53:36	38.45	0.01	439	1687955	买盘
10:53:31	38.44	0.01	48	184512	买盘
10:53:25	38.43	-0.01	12	46116	卖盘
10:53:21	38.44	0.01	51	196044	买盘
10:53:16	38.43	0.01	128	491904	买盘
10:53:06	38.42	0.01	12	46104	买盘
10:53:01	38.41	--	31	119070	卖盘
10:52:55	38.41	--	24	92183	卖盘
10:52:50	38.41	0.01	10	38410	中性盘
10:52:46	38.4	-0.01	46	176640	卖盘
10:52:40	38.41	0.01	8	30727	买盘
10:52:36	38.4	--	5	19200	买盘
10:52:31	38.4	-0.01	18	69120	卖盘
10:52:25	38.41	0.01	15	57614	中性盘
10:52:19	38.4	-0.03	3	11520	卖盘
10:52:16	38.43	0.03	6	23058	买盘
10:52:10	38.4	-0.03	46	176640	卖盘
10:52:04	38.43	-0.01	26	99918	卖盘
10:52:01	38.44	0.01	6	23064	买盘
10:51:55	38.43	0.03	56	215208	买盘
10:51:49	38.4	--	7	26880	卖盘
10:51:46	38.4	-0.03	20	76800	卖盘
10:51:40	38.43	--	28	107604	买盘
10:51:34	38.43	-0.01	157	603351	卖盘
10:51:31	38.44	-0.01	78	299832	卖盘
10:51:25	38.45	0.01	24	92280	买盘
10:51:16	38.44	-0.01	89	342116	卖盘
10:51:10	38.45	--	54	207630	卖盘
10:51:04	38.45	-0.01	30	115350	卖盘
10:51:00	38.46	0.01	79	303834	买盘
10:50:55	38.45	0.01	38	146110	买盘
10:50:49	38.44	-0.01	35	134540	卖盘
10:50:45	38.45	--	39	149955	卖盘
10:50:40	38.45	-0.01	31	119195	买盘
10:50:34	38.46	0.01	29	111534	买盘
10:50:30	38.45	--	99	380655	买盘
10:50:25	38.45	--	68	261460	买盘
10:50:19	38.45	0.01	35	134575	买盘
10:50:15	38.44	0.01	2	7688	中性盘
10:50:10	38.43	--	99	380457	买盘
10:50:04	38.43	0.03	5	19215	买盘
10:50:00	38.4	-0.05	14	53760	卖盘
10:49:55	38.45	0.05	210	807450	买盘
10:49:49	38.4	--	9	34560	卖盘
10:49:45	38.4	-0.03	76	291840	卖盘
10:49:40	38.43	--	38	146034	买盘
10:49:34	38.43	-0.02	9	34587	中性盘
10:49:30	38.45	--	23	88435	买盘
10:49:25	38.45	--	94	361430	买盘
10:49:19	38.45	-0.02	45	173025	卖盘
10:49:15	38.47	0.04	51	196197	买盘
10:49:10	38.43	-0.03	220	845460	卖盘
10:49:04	38.46	0.01	21	80766	买盘
10:49:00	38.45	-0.03	312	1199640	卖盘
10:48:55	38.48	0.02	37	142376	买盘
10:48:49	38.46	0.01	28	107688	买盘
10:48:45	38.45	--	136	522920	买盘
10:48:40	38.45	0.02	145	557525	买盘
10:48:34	38.43	--	18	69174	卖盘
10:48:30	38.43	0.02	389	1494927	买盘
10:48:25	38.41	0.02	65	249664	买盘
10:48:19	38.39	0.01	10	38390	中性盘
10:48:15	38.38	-0.02	56	214928	卖盘
10:48:10	38.4	0.01	182	698880	买盘
10:48:04	38.39	0.03	11	42229	买盘
10:48:00	38.36	-0.02	152	583072	卖盘
10:47:55	38.38	0.01	56	214928	买盘
10:47:49	38.37	0.01	5	19185	买盘
10:47:45	38.36	-0.02	68	260848	买盘
10:47:40	38.38	0.03	318	1220484	买盘
10:47:34	38.35	--	30	115050	买盘
10:47:30	38.35	0.03	12	46020	买盘
10:47:25	38.32	-0.03	19	72808	卖盘
10:47:19	38.35	--	1	3835	卖盘
10:47:15	38.35	0.06	277	1062295	买盘
10:47:10	38.29	-0.02	62	237398	卖盘
10:47:04	38.31	0.01	3	11493	买盘
10:47:00	38.3	--	219	838769	买盘
10:46:55	38.3	0.05	52	199159	买盘
10:46:45	38.25	--	10	38250	卖盘
10:46:40	38.25	-0.05	12	45900	中性盘
10:46:34	38.3	0.07	505	1934149	买盘
10:46:30	38.23	--	25	95574	买盘
10:46:10	38.23	--	0	0	买盘
10:46:04	38.23	0.02	35	133805	买盘
10:45:55	38.21	--	2	7642	买盘
10:45:49	38.21	0.01	2	7642	买盘
10:45:43	38.2	-0.01	4	15280	中性盘
10:45:40	38.21	--	23	87883	买盘
10:45:25	38.21	-0.02	47	179587	卖盘
10:45:19	38.23	--	10	38230	卖盘
10:45:13	38.23	--	5	19115	卖盘
10:45:10	38.23	0.03	76	290548	买盘
10:45:04	38.2	-0.02	154	588280	卖盘
10:44:54	38.22	--	1	3822	买盘
10:44:49	38.22	--	3	11466	买盘
10:44:43	38.22	-0.01	35	133770	卖盘
10:44:34	38.23	0.01	6	22937	买盘
10:44:28	38.22	-0.02	21	80262	卖盘
10:44:24	38.24	0.01	50	191200	买盘
10:44:13	38.23	--	5	19115	买盘
10:44:09	38.23	-0.01	31	118512	卖盘
10:43:54	38.24	0.01	3	11472	中性盘
10:43:49	38.23	-0.01	65	248494	卖盘
10:43:39	38.24	--	12	45888	买盘
10:43:34	38.24	--	8	30592	买盘
10:43:24	38.24	--	43	164432	卖盘
10:43:19	38.24	--	1	3824	卖盘
10:43:13	38.24	-0.01	4	15296	卖盘
10:43:09	38.25	--	21	80325	买盘
10:43:04	38.25	0.01	31	118575	买盘
10:42:58	38.24	--	16	61184	买盘
10:42:54	38.24	0.01	41	156784	卖盘
10:42:49	38.23	-0.02	18	68814	卖盘
10:42:43	38.25	0.01	57	218025	买盘
10:42:39	38.24	--	31	118544	买盘
10:42:34	38.24	--	10	38240	买盘
10:42:24	38.24	0.01	1	3824	买盘
10:42:19	38.23	--	9	34407	卖盘
10:42:09	38.23	0.01	57	217910	买盘
10:42:04	38.22	--	23	87906	买盘
10:41:54	38.22	--	21	80262	买盘
10:41:49	38.22	--	0	0	买盘
10:41:43	38.22	0.01	21	80262	买盘
10:41:39	38.21	--	2	7642	买盘
10:41:34	38.21	--	15	57315	买盘
10:41:28	38.21	-0.01	11	42031	卖盘
10:41:24	38.22	--	2	7644	买盘
10:41:19	38.22	--	15	57330	卖盘
10:41:09	38.22	0.01	3	11466	卖盘
10:40:58	38.21	--	3	11463	买盘
10:40:54	38.21	--	19	72599	买盘
10:40:49	38.21	--	6	22926	卖盘
10:40:34	38.21	--	0	0	卖盘
10:40:28	38.21	0.01	2	7642	买盘
10:40:19	38.2	0.01	18	68760	买盘
10:40:13	38.19	--	1	3819	卖盘
10:40:08	38.19	--	21	80199	卖盘
10:40:04	38.19	--	1	3819	卖盘
10:39:58	38.19	0.01	4	15276	买盘
10:39:54	38.18	--	13	49634	买盘
10:39:49	38.18	--	22	83996	卖盘
10:39:43	38.18	-0.01	14	53452	卖盘
10:39:34	38.19	--	20	76380	买盘
10:39:28	38.19	0.01	6	22914	买盘
10:39:22	38.18	--	9	34362	卖盘
10:39:19	38.18	--	4	15272	卖盘
10:39:13	38.18	--	30	114540	卖盘
10:39:03	38.18	-0.01	27	103086	卖盘
10:38:58	38.19	--	37	141303	卖盘
10:38:48	38.19	--	58	221502	卖盘
10:38:43	38.19	--	4	15276	卖盘
10:38:33	38.19	-0.01	19	72561	卖盘
10:38:28	38.2	0.02	49	187180	买盘
10:38:18	38.18	-0.01	140	534520	卖盘
10:38:13	38.19	-0.01	30	114570	卖盘
10:38:07	38.2	--	4	15280	买盘
10:38:03	38.2	--	55	210100	买盘
10:37:58	38.2	--	2	7640	买盘
10:37:52	38.2	0.02	95	362900	买盘
10:37:48	38.18	-0.02	20	76360	卖盘
10:37:43	38.2	0.02	5	19100	买盘
10:37:37	38.18	--	5	19090	卖盘
10:37:33	38.18	--	10	38180	买盘
10:37:28	38.18	0.01	78	297804	买盘
10:37:22	38.17	-0.01	3	11451	卖盘
10:37:18	38.18	--	44	167992	买盘
10:37:13	38.18	--	12	45816	买盘
10:37:07	38.18	0.01	1	3818	买盘
10:37:03	38.17	0.02	136	519112	买盘
10:36:58	38.15	--	34	129710	买盘
10:36:52	38.15	0.01	30	114450	买盘
10:36:48	38.14	--	60	228840	卖盘
10:36:43	38.14	-0.01	30	114420	卖盘
10:36:37	38.15	0.01	4	15260	买盘
10:36:33	38.14	--	21	80094	卖盘
10:36:28	38.14	--	3	11442	卖盘
10:36:22	38.14	--	13	49582	卖盘
10:36:18	38.14	--	26	99164	买盘
10:36:13	38.14	0.01	30	114420	买盘
10:36:07	38.13	--	5	19065	卖盘
10:36:03	38.13	0.01	29	110577	买盘
10:35:58	38.12	--	59	224907	卖盘
10:35:52	38.12	--	14	53368	卖盘
10:35:48	38.12	--	28	106736	卖盘
10:35:43	38.12	0.01	21	80052	买盘
10:35:37	38.11	-0.01	38	144818	卖盘
10:35:33	38.12	--	38	144856	买盘
10:35:28	38.12	-0.03	11	41932	卖盘
10:35:22	38.15	0.02	15	57225	买盘
10:35:18	38.13	--	61	232593	卖盘
10:35:13	38.13	-0.04	60	228780	卖盘
10:35:03	38.17	--	216	824472	卖盘
10:34:58	38.17	-0.01	31	118327	卖盘
10:34:52	38.18	0.01	4	15272	买盘
10:34:43	38.17	-0.01	51	194667	卖盘
10:34:33	38.18	-0.02	28	106904	卖盘
10:34:28	38.2	0.02	137	523340	买盘
10:34:22	38.18	--	32	122176	卖盘
10:34:18	38.18	--	24	91632	卖盘
10:34:13	38.18	-0.01	26	99268	卖盘
10:34:07	38.19	0.01	26	99294	买盘
10:34:03	38.18	--	53	202354	卖盘
10:33:58	38.18	--	30	114540	卖盘
10:33:52	38.18	-0.01	152	580336	卖盘
10:33:48	38.19	0.01	135	515564	买盘
10:33:43	38.18	-0.01	10	38180	卖盘
10:33:37	38.19	--	13	49647	卖盘
10:33:28	38.19	-0.01	82	313158	卖盘
10:33:22	38.2	-0.01	588	2246160	卖盘
10:33:13	38.21	-0.03	23	87883	卖盘
10:33:07	38.24	0.03	5	19120	中性盘
10:33:01	38.21	--	164	626644	卖盘
10:32:58	38.21	--	2	7642	卖盘
10:32:52	38.21	-0.01	13	49673	卖盘
10:32:43	38.22	-0.02	23	87906	卖盘
10:32:37	38.24	--	57	217968	卖盘
10:32:31	38.24	-0.01	7	26768	卖盘
10:32:28	38.25	0.01	55	210375	买盘
10:32:22	38.24	--	9	34416	卖盘
10:32:12	38.24	-0.04	10	38240	卖盘
10:32:01	38.28	0.04	5	19140	买盘
10:31:57	38.24	-0.04	37	141488	卖盘
10:31:52	38.28	0.03	32	122496	买盘
10:31:42	38.25	0.01	36	137700	买盘
10:31:37	38.24	0.01	3	11472	买盘
10:31:31	38.23	-0.01	4	15291	卖盘
10:31:22	38.24	--	0	0	买盘
10:31:16	38.24	0.01	22	84128	买盘
10:31:12	38.23	--	12	45875	买盘
10:31:07	38.23	-0.01	5	19115	卖盘
10:31:01	38.24	0.02	34	130016	买盘
10:30:57	38.22	-0.02	18	68796	卖盘
10:30:46	38.24	0.01	22	84128	买盘
10:30:42	38.23	--	1	3822	卖盘
10:30:37	38.23	--	1	3822	卖盘
10:30:27	38.23	--	16	61167	买盘
10:30:22	38.23	--	19	72637	买盘
10:30:16	38.23	--	4	15291	卖盘
10:30:12	38.23	-0.01	12	45875	卖盘
10:30:07	38.24	0.01	46	175904	买盘
10:29:57	38.23	--	1	3822	中性盘
10:29:52	38.23	-0.01	5	19115	卖盘
10:29:46	38.24	--	0	0	买盘
10:29:42	38.24	0.01	240	917760	买盘
10:29:37	38.23	0.01	2	7645	买盘
10:29:27	38.22	0.01	5	19110	买盘
10:29:22	38.21	-0.01	70	267470	卖盘
10:29:16	38.22	--	3	11466	卖盘
10:29:12	38.22	--	0	0	卖盘
10:29:07	38.22	--	7	26754	卖盘
10:28:57	38.22	--	2	7644	卖盘
10:28:52	38.22	-0.01	58	221676	卖盘
10:28:46	38.23	--	4	15291	买盘
10:28:42	38.23	--	11	42053	买盘
10:28:37	38.23	--	9	34407	买盘
10:28:22	38.23	--	51	194972	卖盘
10:28:16	38.23	--	5	19115	买盘
10:28:12	38.23	--	10	38230	买盘
10:28:07	38.23	-0.01	21	80283	卖盘
10:27:52	38.24	--	5	19120	买盘
10:27:46	38.24	--	11	42064	买盘
10:27:37	38.24	--	64	244736	卖盘
10:27:31	38.24	--	50	191200	买盘
10:27:27	38.24	--	3	11472	买盘
10:27:22	38.24	-0.03	18	68832	卖盘
10:27:16	38.27	--	0	0	买盘
10:27:06	38.27	0.03	103	394181	买盘
10:26:55	38.24	0.01	3	11472	中性盘
10:26:51	38.23	-0.03	12	45875	卖盘
10:26:40	38.26	0.02	15	57390	买盘
10:26:36	38.24	-0.01	24	91776	卖盘
10:26:25	38.25	0.01	47	179775	买盘
10:26:21	38.24	-0.02	5	19120	卖盘
10:26:10	38.26	--	16	61216	卖盘
10:26:06	38.26	0.01	17	65042	买盘
10:26:01	38.25	--	7	26775	卖盘
10:25:55	38.25	--	16	61200	买盘
10:25:46	38.25	--	5	19125	买盘
10:25:40	38.25	--	15	57375	买盘
10:25:36	38.25	0.02	10	38250	买盘
10:25:31	38.23	--	13	49698	买盘
10:25:25	38.23	0.01	4	15291	中性盘
10:25:21	38.22	-0.03	20	76440	卖盘
10:25:16	38.25	--	2	7650	买盘
10:25:10	38.25	-0.01	14	53550	卖盘
10:25:06	38.26	0.01	20	76520	中性盘
10:25:01	38.25	--	63	240975	卖盘
10:24:46	38.25	0.03	128	489600	买盘
10:24:40	38.22	-0.01	5	19110	买盘
10:24:36	38.23	--	0	0	买盘
10:24:31	38.23	--	11	42053	买盘
10:24:21	38.23	0.04	4	15291	买盘
10:24:16	38.19	-0.03	100	381900	卖盘
10:24:10	38.22	0.02	63	240786	买盘
10:24:06	38.2	--	2	7640	卖盘
10:24:01	38.2	-0.02	8	30560	卖盘
10:23:51	38.22	0.01	26	99372	买盘
10:23:46	38.21	--	14	53494	卖盘
10:23:40	38.21	--	2	7642	卖盘
10:23:36	38.21	--	17	64957	卖盘
10:23:31	38.21	--	67	256007	买盘
10:23:21	38.21	--	8	30568	买盘
10:23:16	38.21	--	15	57315	卖盘
10:23:06	38.21	--	1	3821	卖盘
10:23:01	38.21	0.02	53	202513	买盘
10:22:55	38.19	--	2	7638	买盘
10:22:51	38.19	-0.01	102	389538	卖盘
10:22:46	38.2	-0.02	22	84040	卖盘
10:22:31	38.22	0.01	27	103194	买盘
10:22:25	38.21	--	2	7642	买盘
10:22:21	38.21	-0.01	68	259828	卖盘
10:22:16	38.22	--	10	38220	卖盘
10:22:01	38.22	--	1	3822	卖盘
10:21:51	38.22	0.04	8	30576	买盘
10:21:46	38.18	--	0	0	卖盘
10:21:31	38.18	-0.02	23	87814	卖盘
10:21:25	38.2	0.02	129	492780	买盘
10:21:20	38.18	--	7	26726	买盘
10:21:16	38.18	0.01	4	15272	买盘
10:21:10	38.17	--	24	91608	卖盘
10:21:06	38.17	-0.01	26	99242	卖盘
10:21:00	38.18	0.01	6	22908	买盘
10:20:45	38.17	--	1	3817	卖盘
10:20:30	38.17	--	5	19085	卖盘
10:20:25	38.17	--	1	3817	卖盘
10:20:19	38.17	--	1	3817	卖盘
10:20:15	38.17	--	45	171765	卖盘
10:20:10	38.17	-0.01	3	11451	卖盘
10:20:04	38.18	--	157	599426	买盘
10:20:00	38.18	-0.01	50	190900	卖盘
10:19:55	38.19	--	22	84018	买盘
10:19:49	38.19	0.01	16	61104	买盘
10:19:45	38.18	-0.01	8	30544	卖盘
10:19:34	38.19	--	4	15276	买盘
10:19:30	38.19	0.02	3	11457	中性盘
10:19:25	38.17	-0.03	134	511478	卖盘
10:19:19	38.2	0.01	32	122240	买盘
10:19:10	38.19	-0.01	16	61104	卖盘
10:19:04	38.2	0.01	5	19100	中性盘
10:19:00	38.19	-0.01	48	183312	卖盘
10:18:55	38.2	--	25	95500	买盘
10:18:40	38.2	--	1	3820	卖盘
10:18:34	38.2	--	11	42020	卖盘
10:18:25	38.2	--	107	408740	买盘
10:18:19	38.2	--	34	129880	买盘
10:18:15	38.2	--	0	0	买盘
10:18:10	38.2	--	30	114600	买盘
10:18:04	38.2	0.01	145	553900	买盘
10:18:00	38.19	--	79	301701	卖盘
10:17:55	38.19	-0.01	8	30552	卖盘
10:17:49	38.2	--	2	7640	买盘
10:17:45	38.2	--	8	30560	买盘
10:17:40	38.2	-0.03	93	355260	卖盘
10:17:34	38.23	--	0	0	买盘
10:17:30	38.23	0.01	191	730192	买盘
10:17:25	38.22	-0.01	8	30576	卖盘
10:17:19	38.23	--	3	11468	买盘
10:17:15	38.23	--	11	42053	买盘
10:17:04	38.23	-0.02	5	19115	中性盘
10:17:00	38.25	0.01	103	393975	买盘
10:16:49	38.24	--	28	107072	卖盘
10:16:45	38.24	--	39	149136	买盘
10:16:40	38.24	--	9	34416	买盘
10:16:30	38.24	-0.01	10	38240	买盘
10:16:25	38.25	--	3	11475	买盘
10:16:19	38.25	-0.01	80	306000	中性盘
10:16:15	38.26	0.01	49	187474	买盘
10:16:10	38.25	--	44	168300	卖盘
10:16:00	38.25	0.01	13	49725	买盘
10:15:55	38.24	-0.01	44	168256	卖盘
10:15:49	38.25	0.01	3	11475	买盘
10:15:45	38.24	--	4	15296	卖盘
10:15:40	38.24	-0.01	12	45888	卖盘
10:15:34	38.25	--	21	80325	买盘
10:15:30	38.25	--	30	114750	买盘
10:15:25	38.25	0.01	21	80325	买盘
10:15:19	38.24	-0.01	8	30592	卖盘
10:15:15	38.25	0.01	5	19125	买盘
10:15:10	38.24	-0.02	44	168256	卖盘
10:14:55	38.26	0.02	12	45912	买盘
10:14:49	38.24	-0.03	8	30592	卖盘
10:14:40	38.27	--	0	0	买盘
10:14:34	38.27	0.04	50	191350	买盘
10:14:28	38.23	--	0	0	卖盘
10:14:24	38.23	-0.03	101	386122	卖盘
10:14:19	38.26	--	25	95650	卖盘
10:14:09	38.26	-0.01	39	149214	卖盘
10:13:54	38.27	-0.01	11	42097	卖盘
10:13:49	38.28	0.05	13	49764	买盘
10:13:43	38.23	-0.05	220	841059	卖盘
10:13:39	38.28	--	4	15312	买盘
10:13:34	38.28	0.01	5	19140	买盘
10:13:28	38.27	--	1	3827	买盘
10:13:24	38.27	--	15	57405	卖盘
10:13:19	38.27	-0.02	16	61232	卖盘
10:13:13	38.29	0.01	10	38290	买盘
10:13:09	38.28	0.01	5	19140	中性盘
10:13:04	38.27	-0.02	4	15308	卖盘
10:12:58	38.29	0.02	6	22974	买盘
10:12:54	38.27	--	0	0	卖盘
10:12:49	38.27	-0.03	24	91848	卖盘
10:12:43	38.3	--	222	850259	卖盘
10:12:39	38.3	--	13	49789	卖盘
10:12:28	38.3	0.06	325	1244750	买盘
10:12:24	38.24	-0.03	102	390048	卖盘
10:12:19	38.27	0.01	109	417143	买盘
10:12:09	38.26	--	78	298428	卖盘
10:12:04	38.26	--	8	30608	卖盘
10:11:49	38.26	-0.01	27	103302	中性盘
10:11:43	38.27	0.02	124	474548	买盘
10:11:39	38.25	-0.01	39	149175	卖盘
10:11:34	38.26	0.01	18	68868	买盘
10:11:28	38.25	--	2	7650	卖盘
10:11:24	38.25	--	20	76500	卖盘
10:11:19	38.25	0.01	7	26775	买盘
10:11:13	38.24	-0.01	1	3824	卖盘
10:11:04	38.25	0.01	3	11475	买盘
10:10:58	38.24	--	3	11472	买盘
10:10:54	38.24	--	2	7648	买盘
10:10:49	38.24	-0.01	59	225616	卖盘
10:10:39	38.25	0.01	1	3825	卖盘
10:10:34	38.24	-0.01	44	168256	卖盘
10:10:24	38.25	0.01	55	210375	买盘
10:10:09	38.24	-0.01	8	30592	中性盘
10:10:04	38.25	0.01	100	382500	买盘
10:09:58	38.24	--	0	0	买盘
10:09:54	38.24	--	99	378576	买盘
10:09:49	38.24	0.01	7	26768	买盘
10:09:39	38.23	-0.03	12	45875	卖盘
10:09:34	38.26	0.04	8	30608	买盘
10:09:24	38.22	-0.02	80	305760	卖盘
10:09:19	38.24	--	0	0	中性盘
10:09:13	38.24	--	0	0	中性盘
10:09:09	38.24	0.01	25	95600	中性盘
10:09:04	38.23	--	12	45875	买盘
10:08:58	38.23	--	9	34407	买盘
10:08:54	38.23	--	16	61167	买盘
10:08:49	38.23	-0.02	200	764599	卖盘
10:08:43	38.25	-0.03	197	753525	卖盘
10:08:38	38.28	--	158	604824	买盘
10:08:34	38.28	--	17	65076	买盘
10:08:28	38.28	--	21	80388	买盘
10:08:18	38.28	--	3	11484	买盘
10:08:13	38.28	0.02	6	22968	买盘
10:08:07	38.26	-0.02	106	405556	卖盘
10:08:03	38.28	--	102	390456	买盘
10:07:58	38.28	0.02	130	497640	买盘
10:07:52	38.26	--	18	68868	卖盘
10:07:48	38.26	--	7	26782	卖盘
10:07:43	38.26	0.01	51	195126	买盘
10:07:37	38.25	-0.01	18	68850	卖盘
10:07:33	38.26	--	20	76520	买盘
10:07:28	38.26	--	15	57390	买盘
10:07:22	38.26	-0.01	42	160692	卖盘
10:07:18	38.27	--	14	53578	买盘
10:07:13	38.27	--	4	15308	买盘
10:07:07	38.27	--	15	57405	买盘
10:07:03	38.27	--	55	210485	买盘
10:06:58	38.27	--	90	344430	卖盘
10:06:52	38.27	-0.01	42	160734	卖盘
10:06:48	38.28	0.01	33	126324	买盘
10:06:43	38.27	0.02	44	168388	买盘
10:06:37	38.25	-0.02	3	11475	卖盘
10:06:33	38.27	--	8	30616	买盘
10:06:28	38.27	0.02	9	34443	买盘
10:06:22	38.25	--	0	0	卖盘
10:06:18	38.25	--	11	42075	卖盘
10:06:13	38.25	0.01	47	179775	买盘
10:06:07	38.24	--	68	260032	买盘
10:06:03	38.24	-0.01	56	214144	卖盘
10:05:58	38.25	--	9	34425	买盘
10:05:52	38.25	0.01	28	107100	买盘
10:05:48	38.24	-0.01	47	179728	卖盘
10:05:37	38.25	0.01	6	22950	买盘
10:05:33	38.24	0.01	34	130016	买盘
10:05:28	38.23	0.01	12	45875	卖盘
10:05:18	38.22	-0.01	41	156702	卖盘
10:05:13	38.23	--	44	168212	买盘
10:05:07	38.23	--	16	61167	买盘
10:05:03	38.23	--	9	34407	买盘
10:04:58	38.23	0.01	17	64990	买盘
10:04:52	38.22	--	57	217854	买盘
10:04:48	38.22	0.01	8	30576	买盘
10:04:43	38.21	--	54	206334	买盘
10:04:37	38.21	--	39	149019	买盘
10:04:33	38.21	0.01	18	68778	买盘
10:04:28	38.2	0.01	102	389640	买盘
10:04:22	38.19	-0.01	1	3819	卖盘
10:04:18	38.2	--	1	3820	买盘
10:04:13	38.2	0.02	50	191000	买盘
10:04:07	38.18	-0.02	2	7636	卖盘
10:04:03	38.2	0.02	31	118420	买盘
10:03:58	38.18	0.01	7	26726	买盘
10:03:52	38.17	--	10	38170	卖盘
10:03:43	38.17	--	124	473308	买盘
10:03:37	38.17	--	24	91608	买盘
10:03:33	38.17	--	8	30536	买盘
10:03:28	38.17	0.01	36	137412	买盘
10:03:18	38.16	0.01	21	80136	买盘
10:03:13	38.15	-0.01	2	7630	卖盘
10:03:07	38.16	--	28	106847	买盘
10:03:03	38.16	--	6	22895	卖盘
10:02:58	38.16	--	36	137376	卖盘
10:02:48	38.16	0.01	34	129743	买盘
10:02:43	38.15	--	9	34335	卖盘
10:02:37	38.15	-0.01	20	76300	卖盘
10:02:33	38.16	0.01	12	45791	买盘
10:02:27	38.15	-0.01	14	53410	卖盘
10:02:17	38.16	0.01	66	251855	卖盘
10:02:13	38.15	-0.02	22	83930	卖盘
10:02:03	38.17	--	32	122144	卖盘
10:01:57	38.17	--	10	38170	卖盘
10:01:52	38.17	-0.01	23	87791	卖盘
10:01:42	38.18	-0.01	2	7636	卖盘
10:01:31	38.19	--	17	64922	买盘
10:01:27	38.19	--	258	985301	卖盘
10:01:22	38.19	-0.01	30	114570	卖盘
10:01:16	38.2	0.01	7	26740	买盘
10:01:12	38.19	-0.01	81	309339	卖盘
10:01:07	38.2	--	6	22920	买盘
10:01:01	38.2	--	1	3820	买盘
10:00:57	38.2	-0.02	52	198640	买盘
10:00:52	38.22	--	31	118482	买盘
10:00:46	38.22	0.02	104	397488	买盘
10:00:42	38.2	-0.02	6	22920	卖盘
10:00:37	38.22	--	3	11466	买盘
10:00:31	38.22	--	14	53508	买盘
10:00:27	38.22	--	33	126126	卖盘
10:00:22	38.22	-0.01	61	233142	卖盘
10:00:12	38.23	0.03	79	302017	买盘
10:00:07	38.2	--	61	233020	买盘
10:00:01	38.2	--	31	118420	卖盘
09:59:57	38.2	--	58	221560	卖盘
09:59:52	38.2	--	120	458400	卖盘
09:59:46	38.2	--	2	7640	卖盘
09:59:42	38.2	--	45	171900	买盘
09:59:37	38.2	0.01	43	164260	买盘
09:59:31	38.19	--	3	11457	卖盘
09:59:27	38.19	--	17	64922	卖盘
09:59:22	38.19	0.03	104	397176	买盘
09:59:16	38.16	-0.03	28	106847	卖盘
09:59:12	38.19	0.03	27	103113	买盘
09:59:07	38.16	-0.02	24	91583	卖盘
09:59:01	38.18	-0.01	9	34362	中性盘
09:58:57	38.19	0.03	63	240597	买盘
09:58:52	38.16	--	22	83951	卖盘
09:58:46	38.16	-0.02	17	64871	卖盘
09:58:42	38.18	0.02	7	26726	买盘
09:58:37	38.16	-0.02	14	53423	卖盘
09:58:31	38.18	--	6	22908	买盘
09:58:27	38.18	--	41	156538	卖盘
09:58:22	38.18	-0.04	30	114540	卖盘
09:58:16	38.22	0.02	3	11466	买盘
09:58:12	38.2	0.05	55	210100	卖盘
09:57:57	38.15	-0.05	11	41965	卖盘
09:57:52	38.2	--	15	57300	卖盘
09:57:46	38.2	--	16	61120	卖盘
09:57:42	38.2	-0.02	46	175720	卖盘
09:57:37	38.22	0.04	53	202566	买盘
09:57:31	38.18	--	31	118358	买盘
09:57:27	38.18	-0.02	17	64906	中性盘
09:57:22	38.2	0.02	32	122240	买盘
09:57:16	38.18	-0.01	16	61088	卖盘
09:57:12	38.19	0.01	42	160398	买盘
09:57:07	38.18	0.05	58	221444	买盘
09:57:01	38.13	-0.02	100	381300	卖盘
09:56:57	38.15	0.01	27	103005	卖盘
09:56:46	38.14	--	0	0	卖盘
09:56:42	38.14	0.01	1	3814	中性盘
09:56:37	38.13	-0.01	97	369861	卖盘
09:56:31	38.14	--	13	49582	买盘
09:56:27	38.14	0.01	20	76280	买盘
09:56:22	38.13	0.02	90	343170	买盘
09:56:16	38.11	--	20	76220	卖盘
09:56:12	38.11	0.01	9	34299	卖盘
09:56:07	38.1	-0.02	78	297180	卖盘
09:55:57	38.12	0.01	85	324020	买盘
09:55:52	38.11	0.01	17	64787	买盘
09:55:46	38.1	-0.01	36	137160	卖盘
09:55:42	38.11	0.01	5	19055	买盘
09:55:36	38.1	0.01	55	209550	卖盘
09:55:31	38.09	--	0	0	卖盘
09:55:27	38.09	--	152	578968	卖盘
09:55:22	38.09	-0.01	9	34281	卖盘
09:55:12	38.1	--	19	72390	卖盘
09:55:06	38.1	0.01	1	3810	中性盘
09:55:01	38.09	--	63	239967	卖盘
09:54:55	38.09	--	73	278057	卖盘
09:54:51	38.09	--	32	121888	卖盘
09:54:46	38.09	--	34	129506	卖盘
09:54:40	38.09	-0.01	1	3809	卖盘
09:54:36	38.1	--	20	76200	买盘
09:54:31	38.1	--	77	293370	买盘
09:54:25	38.1	--	51	194310	卖盘
09:54:21	38.1	--	18	68580	卖盘
09:54:16	38.1	--	17	64770	卖盘
09:54:10	38.1	--	56	213360	买盘
09:54:06	38.1	--	49	186690	买盘
09:54:01	38.1	--	131	499110	买盘
09:53:51	38.1	-0.02	261	994410	卖盘
09:53:46	38.12	--	17	64803	卖盘
09:53:40	38.12	--	7	26684	卖盘
09:53:36	38.12	0.02	106	404072	买盘
09:53:31	38.1	--	82	312420	卖盘
09:53:25	38.1	--	8	30480	卖盘
09:53:21	38.1	-0.01	120	457200	卖盘
09:53:16	38.11	0.01	32	121952	买盘
09:53:10	38.1	--	34	129540	卖盘
09:53:06	38.1	-0.01	41	156210	卖盘
09:53:01	38.11	0.01	3	11433	买盘
09:52:55	38.1	-0.02	32	121920	卖盘
09:52:51	38.12	0.01	48	182976	中性盘
09:52:46	38.11	-0.01	63	240093	卖盘
09:52:40	38.12	0.02	26	99112	买盘
09:52:36	38.1	-0.01	63	240030	卖盘
09:52:31	38.11	--	23	87653	买盘
09:52:25	38.11	--	20	76220	买盘
09:52:21	38.11	--	129	491619	卖盘
09:52:16	38.11	-0.03	12	45732	卖盘
09:52:10	38.14	0.02	38	144932	买盘
09:52:06	38.12	-0.02	7	26684	卖盘
09:52:01	38.14	-0.01	6	22884	买盘
09:51:55	38.15	--	15	57225	买盘
09:51:51	38.15	--	44	167860	买盘
09:51:46	38.15	--	7	26705	买盘
09:51:40	38.15	0.01	22	83930	买盘
09:51:36	38.14	--	4	15256	卖盘
09:51:31	38.14	-0.02	8	30512	卖盘
09:51:25	38.16	0.04	22	83951	买盘
09:51:21	38.12	--	0	0	卖盘
09:51:16	38.12	0.01	3	11436	中性盘
09:51:10	38.11	-0.04	64	243904	卖盘
09:51:06	38.15	--	0	0	买盘
09:51:01	38.15	0.04	10	38150	买盘
09:50:55	38.11	--	23	87653	卖盘
09:50:51	38.11	-0.04	82	312502	卖盘
09:50:46	38.15	0.02	2	7630	买盘
09:50:36	38.13	0.02	10	38130	中性盘
09:50:31	38.11	-0.04	76	289636	卖盘
09:50:25	38.15	--	19	72485	卖盘
09:50:21	38.15	0.04	78	297570	买盘
09:50:16	38.11	-0.02	6	22866	卖盘
09:50:10	38.13	0.03	8	30504	买盘
09:50:06	38.1	--	55	209550	卖盘
09:50:01	38.1	-0.03	123	468630	卖盘
09:49:55	38.13	0.04	27	102951	买盘
09:49:51	38.09	-0.02	156	594204	卖盘
09:49:46	38.11	0.02	34	129574	买盘
09:49:36	38.09	--	73	278057	买盘
09:49:31	38.09	--	28	106652	买盘
09:49:25	38.09	0.01	27	102843	中性盘
09:49:21	38.08	-0.03	182	693056	卖盘
09:49:16	38.11	--	180	685980	卖盘
09:49:10	38.11	--	74	282014	卖盘
09:49:06	38.11	-0.02	113	430643	卖盘
09:49:01	38.13	--	6	22878	买盘
09:48:55	38.13	0.03	6	22878	买盘
09:48:51	38.1	-0.03	214	815340	卖盘
09:48:45	38.13	-0.01	52	198276	卖盘
09:48:40	38.14	-0.01	161	614054	卖盘
09:48:36	38.15	-0.01	136	518840	买盘
09:48:30	38.16	-0.01	110	419759	中性盘
09:48:25	38.17	--	112	427504	买盘
09:48:19	38.17	-0.01	1	3817	买盘
09:48:15	38.18	--	39	148902	买盘
09:48:10	38.18	0.03	100	381800	买盘
09:48:04	38.15	-0.03	90	343350	卖盘
09:48:00	38.18	-0.01	74	282532	买盘
09:47:55	38.19	0.01	2	7638	买盘
09:47:49	38.18	--	17	64906	卖盘
09:47:45	38.18	-0.01	53	202354	卖盘
09:47:40	38.19	--	274	1046405	卖盘
09:47:34	38.19	--	90	343710	卖盘
09:47:30	38.19	--	10	38190	卖盘
09:47:25	38.19	0.01	69	263511	买盘
09:47:19	38.18	--	20	76360	卖盘
09:47:15	38.18	0.01	64	244352	买盘
09:47:10	38.17	-0.01	22	83974	卖盘
09:47:04	38.18	--	5	19090	买盘
09:47:00	38.18	0.02	78	297804	买盘
09:46:55	38.16	-0.02	242	923471	卖盘
09:46:49	38.18	--	22	83996	买盘
09:46:45	38.18	0.01	56	213808	买盘
09:46:40	38.17	-0.01	85	324445	卖盘
09:46:34	38.18	--	5	19090	卖盘
09:46:30	38.18	-0.01	39	148902	卖盘
09:46:25	38.19	--	28	106932	买盘
09:46:19	38.19	--	20	76380	买盘
09:46:15	38.19	-0.02	80	305520	卖盘
09:46:10	38.21	0.01	25	95525	买盘
09:46:04	38.2	--	12	45840	买盘
09:46:00	38.2	--	97	370540	卖盘
09:45:55	38.2	-0.03	327	1249140	卖盘
09:45:49	38.23	--	20	76460	买盘
09:45:45	38.23	0.01	1	3822	中性盘
09:45:40	38.22	-0.01	37	141414	卖盘
09:45:34	38.23	-0.01	10	38230	买盘
09:45:30	38.24	0.02	10	38240	买盘
09:45:25	38.22	-0.03	164	626808	卖盘
09:45:15	38.25	--	29	110925	买盘
09:45:10	38.25	--	53	202725	买盘
09:45:04	38.25	--	2	7650	买盘
09:45:00	38.25	-0.01	15	57375	卖盘
09:44:55	38.26	0.01	113	432338	买盘
09:44:49	38.25	--	29	110925	卖盘
09:44:45	38.25	--	10	38250	卖盘
09:44:40	38.25	0.03	28	107100	买盘
09:44:34	38.22	-0.03	43	164346	卖盘
09:44:30	38.25	--	4	15300	买盘
09:44:25	38.25	--	1	3825	买盘
09:44:19	38.25	0.03	23	87975	买盘
09:44:15	38.22	-0.03	22	84084	卖盘
09:44:10	38.25	--	8	30600	买盘
09:44:04	38.25	0.03	8	30600	买盘
09:44:00	38.22	-0.05	118	450996	中性盘
09:43:55	38.27	0.03	49	187523	买盘
09:43:49	38.24	0.05	22	84128	买盘
09:43:45	38.19	-0.01	63	240597	卖盘
09:43:40	38.2	-0.08	111	424020	卖盘
09:43:34	38.28	0.03	70	267960	买盘
09:43:30	38.25	--	58	221850	买盘
09:43:25	38.25	--	37	141525	买盘
09:43:19	38.25	--	7	26775	卖盘
09:43:15	38.25	-0.03	89	340425	卖盘
09:43:10	38.28	0.03	74	283272	买盘
09:43:00	38.25	-0.05	12	45900	卖盘
09:42:55	38.3	--	47	180010	买盘
09:42:45	38.3	0.01	55	210649	买盘
09:42:40	38.29	-0.01	28	107212	卖盘
09:42:34	38.3	0.01	25	95750	买盘
09:42:30	38.29	-0.05	19	72751	卖盘
09:42:25	38.34	--	40	153360	买盘
09:42:19	38.34	--	10	38340	买盘
09:42:14	38.34	--	85	325890	买盘
09:42:09	38.34	-0.01	167	640278	中性盘
09:42:04	38.35	0.01	61	233935	买盘
09:42:00	38.34	-0.01	260	996840	卖盘
09:41:54	38.35	-0.01	239	916565	卖盘
09:41:49	38.36	--	210	805560	买盘
09:41:43	38.36	0.01	10	38360	买盘
09:41:39	38.35	-0.01	55	210925	卖盘
09:41:34	38.36	--	62	237832	买盘
09:41:28	38.36	0.02	40	153440	中性盘
09:41:24	38.34	-0.01	73	279882	卖盘
09:41:19	38.35	--	43	164905	卖盘
09:41:13	38.35	0.02	73	279955	买盘
09:41:09	38.33	--	198	758934	卖盘
09:41:04	38.33	--	355	1360715	买盘
09:40:58	38.33	--	23	88159	买盘
09:40:54	38.33	-0.01	109	417797	买盘
09:40:49	38.34	0.01	122	467748	买盘
09:40:43	38.33	0.01	15	57495	买盘
09:40:39	38.32	0.03	151	578632	买盘
09:40:34	38.29	-0.01	62	237398	买盘
09:40:28	38.3	0.01	6	22980	买盘
09:40:24	38.29	0.04	171	654759	买盘
09:40:19	38.25	--	16	61200	买盘
09:40:13	38.25	0.01	6	22950	买盘
09:40:09	38.24	0.01	143	546832	买盘
09:39:58	38.23	0.01	62	237025	买盘
09:39:54	38.22	0.02	153	584766	买盘
09:39:49	38.2	--	45	171900	卖盘
09:39:43	38.2	--	7	26740	卖盘
09:39:39	38.2	0.01	213	813660	买盘
09:39:34	38.19	0.01	10	38190	买盘
09:39:28	38.18	0.01	15	57270	买盘
09:39:24	38.17	--	28	106876	买盘
09:39:19	38.17	0.02	5	19085	买盘
09:39:13	38.15	--	67	255605	买盘
09:39:09	38.15	0.01	20	76300	买盘
09:39:04	38.14	0.01	48	183072	买盘
09:38:54	38.13	0.02	72	274536	买盘
09:38:49	38.11	--	52	198172	卖盘
09:38:43	38.11	--	12	48552	买盘
09:38:39	38.11	0.01	40	152440	买盘
09:38:34	38.1	--	3	11430	卖盘
09:38:28	38.1	--	2	7620	卖盘
09:38:24	38.1	0.01	57	217170	买盘
09:38:19	38.09	--	55	209495	卖盘
09:38:13	38.09	-0.01	3	11427	卖盘
09:38:09	38.1	--	64	243840	买盘
09:38:04	38.1	0.01	74	281940	买盘
09:37:58	38.09	--	6	22854	卖盘
09:37:54	38.09	--	13	50545	买盘
09:37:49	38.09	--	12	45708	买盘
09:37:39	38.09	0.02	95	361855	买盘
09:37:34	38.07	--	6	22842	卖盘
09:37:28	38.07	--	1	6586	买盘
09:37:24	38.07	0.01	89	338823	买盘
09:37:19	38.06	--	1	3806	卖盘
09:37:13	38.06	0.02	16	60896	买盘
09:37:09	38.04	-0.02	17	64668	卖盘
09:37:04	38.06	0.01	19	72314	买盘
09:36:58	38.05	--	14	53269	卖盘
09:36:54	38.05	--	52	201056	买盘
09:36:49	38.05	--	74	281570	买盘
09:36:43	38.05	--	23	87515	买盘
09:36:39	38.05	-0.01	149	567553	卖盘
09:36:34	38.06	-0.02	16	60896	卖盘
09:36:28	38.08	0.01	20	76160	买盘
09:36:24	38.07	0.02	50	190350	卖盘
09:36:19	38.05	-0.02	32	121759	卖盘
09:36:13	38.07	--	31	118017	买盘
09:36:09	38.07	0.02	23	90758	买盘
09:36:04	38.05	0.01	95	361475	买盘
09:35:58	38.04	-0.03	38	144552	卖盘
09:35:49	38.07	-0.01	35	133245	卖盘
09:35:43	38.08	--	1	3808	买盘
09:35:39	38.08	-0.01	14	53312	卖盘
09:35:33	38.09	-0.01	65	247585	买盘
09:35:28	38.1	--	13	49530	买盘
09:35:23	38.1	--	106	403860	买盘
09:35:18	38.1	--	78	297180	买盘
09:35:13	38.1	-0.02	63	241020	卖盘
09:35:07	38.12	--	10	38120	卖盘
09:35:03	38.12	0.01	123	471696	买盘
09:34:58	38.11	--	31	118141	中性盘
09:34:52	38.11	--	10	38110	中性盘
09:34:48	38.11	--	166	632626	买盘
09:34:43	38.11	--	15	57165	卖盘
09:34:37	38.11	--	6	22866	卖盘
09:34:33	38.11	-0.02	77	293447	卖盘
09:34:28	38.13	--	65	248455	买盘
09:34:22	38.13	-0.01	22	83886	买盘
09:34:18	38.14	--	41	156374	买盘
09:34:13	38.14	0.01	10	38140	中性盘
09:34:07	38.13	-0.02	88	335544	卖盘
09:34:03	38.15	--	28	106820	买盘
09:33:58	38.15	--	15	57225	买盘
09:33:52	38.15	-0.04	171	652365	卖盘
09:33:48	38.19	0.04	10	38190	买盘
09:33:43	38.15	--	30	114450	卖盘
09:33:37	38.15	-0.01	40	152600	卖盘
09:33:33	38.16	0.01	30	114479	中性盘
09:33:28	38.15	-0.06	9	34335	中性盘
09:33:22	38.21	0.06	115	439415	买盘
09:33:18	38.15	--	26	99190	买盘
09:33:13	38.15	-0.02	230	877450	卖盘
09:33:07	38.17	-0.03	165	632591	卖盘
09:33:03	38.2	-0.01	66	252120	卖盘
09:32:58	38.21	0.01	117	447057	买盘
09:32:52	38.2	--	20	76400	买盘
09:32:48	38.2	0.01	29	110780	卖盘
09:32:43	38.19	-0.01	173	661718	卖盘
09:32:33	38.2	0.01	96	366720	中性盘
09:32:28	38.19	0.02	48	183312	买盘
09:32:22	38.17	-0.02	25	95425	卖盘
09:32:18	38.19	--	15	57285	卖盘
09:32:13	38.19	-0.01	12	45828	中性盘
09:32:07	38.2	0.04	50	191000	买盘
09:32:03	38.16	-0.01	103	393047	卖盘
09:31:58	38.17	-0.02	12	45804	卖盘
09:31:48	38.19	0.03	91	347529	买盘
09:31:43	38.16	-0.01	39	148824	卖盘
09:31:37	38.17	0.01	18	68706	买盘
09:31:33	38.16	--	19	72504	卖盘
09:31:28	38.16	-0.01	15	57239	卖盘
09:31:22	38.17	-0.02	54	206118	卖盘
09:31:18	38.19	-0.01	105	403782	卖盘
09:31:13	38.2	-0.01	48	184391	卖盘
09:31:07	38.21	--	35	133735	买盘
09:31:03	38.21	--	45	171945	卖盘
09:30:58	38.21	-0.01	43	164303	卖盘
09:30:48	38.22	0.02	152	580944	买盘
09:30:43	38.2	-0.03	54	206280	卖盘
09:30:37	38.23	-0.01	67	256140	中性盘
09:30:33	38.24	0.01	27	103248	买盘
09:30:28	38.23	--	18	68814	卖盘
09:30:22	38.23	--	10	38230	卖盘
09:30:18	38.23	0.02	34	129981	买盘
09:30:13	38.21	-0.02	51	194871	卖盘
09:30:07	38.23	0.02	333	1273059	买盘
09:30:02	38.21	-0.02	745	2849854	卖盘
09:28:57	38.23	--	0	0	买盘
09:25:06	38.23	38.23	360	1376280	买盘
