成交时间	成交价	价格变动	成交量(手)	成交额(元)	性质
15:00:00	22.1	--	0	0	买盘
15:00:00	22.1	-0.02	14	33017	卖盘
14:59:59	22.12	0.02	16	35392	买盘
14:59:53	22.1	--	39	86322	卖盘
14:59:49	22.1	--	217	479570	中性盘
14:59:44	22.1	-0.01	117	258570	卖盘
14:59:34	22.11	0.01	56	123816	买盘
14:59:29	22.1	0.01	29	64090	中性盘
14:59:23	22.09	-0.02	32	70688	卖盘
14:59:19	22.11	--	37	81807	卖盘
14:59:14	22.11	0.01	95	210045	买盘
14:59:08	22.1	-0.01	10	22100	卖盘
14:59:04	22.11	0.01	32	70752	买盘
14:58:59	22.1	-0.01	15	33150	卖盘
14:58:53	22.11	--	67	148137	买盘
14:58:49	22.11	0.01	120	265320	买盘
14:58:44	22.1	0.01	38	83980	买盘
14:58:38	22.09	--	2	4418	卖盘
14:58:34	22.09	--	104	229736	卖盘
14:58:29	22.09	0.02	215	474935	买盘
14:58:23	22.07	--	230	507610	卖盘
14:58:19	22.07	--	147	324429	卖盘
14:58:14	22.07	--	25	55175	卖盘
14:58:08	22.07	-0.01	26	57382	卖盘
14:58:04	22.08	--	36	79488	买盘
14:57:59	22.08	--	169	373152	买盘
14:57:53	22.08	--	110	242879	买盘
14:57:49	22.08	--	48	105983	买盘
14:57:44	22.08	-0.01	306	677392	卖盘
14:57:38	22.09	--	42	92778	买盘
14:57:34	22.09	--	184	406456	买盘
14:57:29	22.09	0.01	216	477144	买盘
14:57:23	22.08	--	5	11040	卖盘
14:57:19	22.08	-0.01	33	72864	卖盘
14:57:14	22.09	0.02	109	241244	买盘
14:57:08	22.07	-0.02	31	68417	卖盘
14:57:04	22.09	0.01	35	77315	买盘
14:56:59	22.08	--	61	134688	卖盘
14:56:53	22.08	-0.01	71	156768	卖盘
14:56:49	22.09	0.01	52	114868	买盘
14:56:44	22.08	--	17	37536	卖盘
14:56:34	22.08	-0.01	21	46368	卖盘
14:56:29	22.09	--	10	22090	买盘
14:56:23	22.09	--	21	46389	买盘
14:56:19	22.09	-0.01	406	896854	卖盘
14:56:14	22.1	--	27	59670	买盘
14:56:08	22.1	-0.01	5	11050	中性盘
14:56:04	22.11	0.01	133	294063	买盘
14:55:59	22.1	--	46	101660	卖盘
14:55:53	22.1	--	11	24310	卖盘
14:55:49	22.1	--	138	304980	卖盘
14:55:44	22.1	--	117	258570	买盘
14:55:38	22.1	--	16	35360	买盘
14:55:34	22.1	--	178	393380	买盘
14:55:28	22.1	--	19	41990	买盘
14:55:23	22.1	-0.01	5	11050	中性盘
14:55:19	22.11	0.01	31	68629	买盘
14:55:13	22.1	--	19	41990	卖盘
14:55:08	22.1	-0.01	9	19890	卖盘
14:55:02	22.11	0.01	24	53064	中性盘
14:54:58	22.1	-0.01	504	1113840	卖盘
14:54:53	22.11	-0.01	5	11055	卖盘
14:54:47	22.12	0.01	5	11060	买盘
14:54:43	22.11	-0.01	86	190146	卖盘
14:54:38	22.12	-0.01	97	214564	卖盘
14:54:32	22.13	--	1	2213	买盘
14:54:28	22.13	--	12	26556	买盘
14:54:23	22.13	0.01	34	75242	买盘
14:54:17	22.12	-0.01	1	2212	卖盘
14:54:13	22.13	0.02	20	44260	中性盘
14:54:08	22.11	-0.02	135	298485	卖盘
14:54:02	22.13	-0.01	69	152697	卖盘
14:53:58	22.14	0.01	86	190404	买盘
14:53:53	22.13	--	128	283264	卖盘
14:53:47	22.13	--	17	37621	买盘
14:53:43	22.13	-0.01	89	196957	卖盘
14:53:38	22.14	0.01	45	99630	买盘
14:53:32	22.13	-0.01	10	22130	卖盘
14:53:28	22.14	-0.01	76	168264	中性盘
14:53:23	22.15	-0.01	9	19935	卖盘
14:53:17	22.16	0.04	28	62048	买盘
14:53:13	22.12	-0.02	200	442400	卖盘
14:53:08	22.14	--	0	0	卖盘
14:53:02	22.14	-0.02	100	221400	卖盘
14:52:58	22.16	0.01	54	120218	买盘
14:52:53	22.15	--	126	279090	买盘
14:52:47	22.15	--	5	11075	买盘
14:52:43	22.15	--	100	221500	卖盘
14:52:38	22.15	-0.01	33	73095	卖盘
14:52:32	22.16	--	18	39888	买盘
14:52:28	22.16	0.01	16	35456	中性盘
14:52:23	22.15	--	37	81955	卖盘
14:52:13	22.15	--	74	163910	卖盘
14:52:08	22.15	-0.02	56	124039	卖盘
14:52:02	22.17	--	27	59859	买盘
14:51:58	22.17	0.02	68	150756	买盘
14:51:53	22.15	-0.02	46	101890	卖盘
14:51:47	22.17	0.02	5	11085	买盘
14:51:43	22.15	-0.01	29	64234	卖盘
14:51:38	22.16	-0.01	8	17728	买盘
14:51:32	22.17	--	0	0	买盘
14:51:28	22.17	0.02	47	104199	买盘
14:51:23	22.15	--	47	104105	卖盘
14:51:17	22.15	--	2	4430	卖盘
14:51:13	22.15	-0.03	6	13290	卖盘
14:51:08	22.18	--	0	0	买盘
14:51:02	22.18	--	36	79848	买盘
14:50:58	22.18	--	36	79848	买盘
14:50:53	22.18	--	160	354880	卖盘
14:50:43	22.18	--	9	19962	卖盘
14:50:32	22.18	--	66	146388	买盘
14:50:28	22.18	--	12	26616	买盘
14:50:23	22.18	--	213	472434	买盘
14:50:17	22.18	-0.01	1	2218	买盘
14:50:13	22.19	0.01	5	11095	买盘
14:50:08	22.18	0.02	30	66540	中性盘
14:50:02	22.16	-0.04	300	664800	卖盘
14:49:58	22.2	--	23	51060	买盘
14:49:43	22.2	0.02	2	4440	买盘
14:49:38	22.18	-0.02	100	221800	卖盘
14:49:32	22.2	-0.01	1	2220	卖盘
14:49:28	22.21	0.01	12	26652	买盘
14:49:23	22.2	0.01	44	97680	买盘
14:49:13	22.19	-0.02	100	221900	卖盘
14:49:08	22.21	0.01	26	57746	买盘
14:49:02	22.2	--	133	295260	买盘
14:48:52	22.2	--	1	2220	卖盘
14:48:47	22.2	--	50	111000	卖盘
14:48:41	22.2	--	4	8880	卖盘
14:48:37	22.2	--	118	261960	卖盘
14:48:32	22.2	--	258	572760	卖盘
14:48:26	22.2	--	11	24420	卖盘
14:48:22	22.2	--	89	197580	卖盘
14:48:17	22.2	--	201	446220	卖盘
14:48:11	22.2	--	201	446220	卖盘
14:48:07	22.2	-0.01	146	324120	卖盘
14:48:02	22.21	0.01	12	26652	买盘
14:47:56	22.2	--	13	28860	卖盘
14:47:52	22.2	--	73	162060	卖盘
14:47:47	22.2	--	14	31080	卖盘
14:47:41	22.2	-0.01	110	244200	卖盘
14:47:32	22.21	--	83	184343	卖盘
14:47:22	22.21	--	10	22210	卖盘
14:47:17	22.21	--	20	44420	卖盘
14:47:11	22.21	--	10	22210	卖盘
14:47:07	22.21	-0.02	51	113271	卖盘
14:47:02	22.23	0.02	26	57798	买盘
14:46:52	22.21	--	49	108829	卖盘
14:46:47	22.21	-0.02	58	128818	卖盘
14:46:37	22.23	--	20	44460	买盘
14:46:32	22.23	0.01	37	82251	买盘
14:46:26	22.22	--	33	73326	卖盘
14:46:22	22.22	--	17	37774	卖盘
14:46:17	22.22	--	28	62216	卖盘
14:46:07	22.22	--	90	199980	卖盘
14:46:02	22.22	--	29	64438	卖盘
14:45:47	22.22	--	12	26664	卖盘
14:45:37	22.22	--	34	75548	卖盘
14:45:32	22.22	--	27	59994	卖盘
14:45:26	22.22	-0.01	20	44440	卖盘
14:45:11	22.23	--	26	57798	买盘
14:45:07	22.23	-0.01	60	133380	卖盘
14:45:02	22.24	0.01	12	26687	买盘
14:44:52	22.23	-0.02	1	2223	卖盘
14:44:47	22.25	--	4	8900	买盘
14:44:41	22.25	0.01	32	71200	买盘
14:44:37	22.24	0.01	6	13343	中性盘
14:44:32	22.23	-0.01	199	442377	卖盘
14:44:17	22.24	--	5	11120	买盘
14:44:11	22.24	--	26	57823	买盘
14:44:07	22.24	--	130	289120	卖盘
14:44:02	22.24	-0.01	102	226847	卖盘
14:43:56	22.25	--	10	22250	买盘
14:43:52	22.25	--	21	46725	买盘
14:43:47	22.25	--	35	77875	买盘
14:43:41	22.25	--	32	71200	买盘
14:43:37	22.25	0.01	40	89000	买盘
14:43:32	22.24	-0.01	317	706898	卖盘
14:43:26	22.25	--	18	40050	卖盘
14:43:22	22.25	--	10	22250	卖盘
14:43:17	22.25	-0.01	20	44500	卖盘
14:43:07	22.26	0.01	99	220374	买盘
14:43:02	22.25	--	21	46725	卖盘
14:42:52	22.25	--	95	211708	买盘
14:42:47	22.25	--	77	171325	买盘
14:42:41	22.25	0.01	42	93450	买盘
14:42:32	22.24	-0.01	45	100080	卖盘
14:42:26	22.25	--	50	111250	买盘
14:42:11	22.25	--	46	102350	买盘
14:42:05	22.25	--	8	17800	买盘
14:42:01	22.25	0.01	11	24475	买盘
14:41:56	22.24	-0.01	70	155680	卖盘
14:41:46	22.25	--	28	62300	买盘
14:41:41	22.25	--	27	60075	买盘
14:41:31	22.25	0.01	72	160200	买盘
14:41:26	22.24	-0.01	37	82288	卖盘
14:41:20	22.25	0.01	7	15575	买盘
14:41:16	22.24	-0.01	15	33360	卖盘
14:41:11	22.25	--	31	68975	买盘
14:41:01	22.25	0.01	464	1032400	买盘
14:40:50	22.24	--	8	17792	卖盘
14:40:41	22.24	--	8	17792	买盘
14:40:31	22.24	0.01	11	24464	买盘
14:40:26	22.23	-0.02	2	4446	卖盘
14:40:20	22.25	--	10	22250	买盘
14:40:16	22.25	--	0	0	买盘
14:40:11	22.25	0.01	98	218050	买盘
14:40:05	22.24	-0.01	4	8896	卖盘
14:40:01	22.25	0.01	14	31150	买盘
14:39:56	22.24	--	2	4448	卖盘
14:39:46	22.24	-0.01	32	71168	卖盘
14:39:41	22.25	0.01	22	48950	买盘
14:39:31	22.24	-0.01	13	28911	卖盘
14:39:26	22.25	0.01	21	46725	买盘
14:39:20	22.24	--	20	44480	卖盘
14:39:16	22.24	--	32	71168	卖盘
14:39:05	22.24	--	8	17792	卖盘
14:39:01	22.24	--	43	95632	卖盘
14:38:56	22.24	--	8	17792	卖盘
14:38:41	22.24	-0.01	14	31135	买盘
14:38:31	22.25	0.02	72	160200	买盘
14:38:26	22.23	-0.02	20	44460	卖盘
14:38:16	22.25	0.01	47	104575	买盘
14:38:11	22.24	--	2	4448	买盘
14:38:05	22.24	0.01	25	55599	买盘
14:38:01	22.23	-0.01	21	46683	卖盘
14:37:56	22.24	--	5	11120	买盘
14:37:50	22.24	--	10	22240	买盘
14:37:46	22.24	--	30	66720	买盘
14:37:41	22.24	-0.01	269	598256	卖盘
14:37:35	22.25	--	2	4450	买盘
14:37:31	22.25	--	33	73425	买盘
14:37:16	22.25	0.01	39	86775	买盘
14:37:05	22.24	--	18	40032	买盘
14:37:01	22.24	0.01	12	26687	买盘
14:36:56	22.23	-0.01	67	148941	卖盘
14:36:46	22.24	--	60	133440	卖盘
14:36:41	22.24	--	2	4448	买盘
14:36:31	22.24	--	172	382528	买盘
14:36:20	22.24	--	30	66720	买盘
14:36:16	22.24	--	26	57823	买盘
14:36:11	22.24	--	50	111199	买盘
14:36:05	22.24	-0.01	5	11120	卖盘
14:36:01	22.25	--	1056	2349600	买盘
14:35:56	22.25	--	0	0	买盘
14:35:50	22.25	--	87	193575	买盘
14:35:44	22.25	--	7	15575	买盘
14:35:40	22.25	--	80	178000	买盘
14:35:35	22.25	--	201	447225	买盘
14:35:29	22.25	0.01	105	233625	买盘
14:35:25	22.24	--	362	805088	卖盘
14:35:20	22.24	-0.02	28	62271	卖盘
14:35:10	22.26	0.02	82	182532	买盘
14:35:05	22.24	-0.02	200	444799	卖盘
14:34:59	22.26	--	11	24486	买盘
14:34:55	22.26	--	263	585438	买盘
14:34:50	22.26	--	132	293832	卖盘
14:34:44	22.26	--	36	80136	卖盘
14:34:40	22.26	--	33	73458	卖盘
14:34:35	22.26	0.01	126	280476	买盘
14:34:29	22.25	--	112	249200	买盘
14:34:25	22.25	--	10	22250	买盘
14:34:20	22.25	--	42	93450	卖盘
14:34:14	22.25	--	36	80100	卖盘
14:34:10	22.25	--	25	55625	卖盘
14:34:05	22.25	-0.01	58	129050	卖盘
14:33:59	22.26	0.01	11	24486	买盘
14:33:55	22.25	--	43	95675	卖盘
14:33:50	22.25	--	14	31150	卖盘
14:33:44	22.25	-0.01	45	100125	卖盘
14:33:40	22.26	0.01	24	53424	买盘
14:33:35	22.25	--	36	80100	卖盘
14:33:29	22.25	--	74	164650	卖盘
14:33:25	22.25	--	36	80100	卖盘
14:33:20	22.25	-0.01	28	62300	卖盘
14:33:14	22.26	--	60	133560	卖盘
14:33:10	22.26	--	7	15582	卖盘
14:33:05	22.26	-0.01	115	255990	卖盘
14:32:59	22.27	0.01	32	71264	买盘
14:32:55	22.26	--	47	104622	卖盘
14:32:50	22.26	--	5	11130	卖盘
14:32:44	22.26	--	46	102396	卖盘
14:32:40	22.26	--	9	20034	卖盘
14:32:35	22.26	--	423	941598	买盘
14:32:29	22.26	0.01	13	28938	买盘
14:32:25	22.25	--	60	133500	卖盘
14:32:20	22.25	--	12	26700	卖盘
14:32:14	22.25	--	55	122375	卖盘
14:32:10	22.25	--	10	22250	卖盘
14:32:05	22.25	--	796	1771100	买盘
14:31:59	22.25	0.03	151	335975	买盘
14:31:55	22.22	--	15	33330	卖盘
14:31:50	22.22	-0.03	34	75548	卖盘
14:31:44	22.25	--	9	20025	买盘
14:31:40	22.25	--	48	106800	买盘
14:31:35	22.25	--	0	0	买盘
14:31:29	22.25	--	14	31150	买盘
14:31:25	22.25	--	26	57850	买盘
14:31:20	22.25	--	8	17800	买盘
14:31:14	22.25	--	11	24475	卖盘
14:31:10	22.25	--	105	233625	卖盘
14:31:05	22.25	--	551	1225975	卖盘
14:30:59	22.25	--	111	246975	卖盘
14:30:55	22.25	0.05	40	89000	买盘
14:30:50	22.2	-0.01	16	35520	卖盘
14:30:44	22.21	0.01	27	59967	买盘
14:30:40	22.2	--	25	55500	卖盘
14:30:35	22.2	-0.06	422	936840	卖盘
14:30:29	22.26	0.03	28	62328	买盘
14:30:25	22.23	--	40	88920	买盘
14:30:20	22.23	--	105	233415	卖盘
14:30:14	22.23	--	5	11115	卖盘
14:30:10	22.23	-0.01	15	33345	卖盘
14:30:05	22.24	-0.02	3	6671	卖盘
14:29:59	22.26	0.02	62	138012	买盘
14:29:55	22.24	-0.01	32	71168	卖盘
14:29:50	22.25	-0.01	3	6675	卖盘
14:29:44	22.26	--	29	64554	买盘
14:29:40	22.26	--	71	158046	卖盘
14:29:35	22.26	-0.04	47	104622	卖盘
14:29:29	22.3	0.03	14	31220	买盘
14:29:25	22.27	--	93	207111	卖盘
14:29:20	22.27	--	6	13362	卖盘
14:29:14	22.27	-0.03	5	11135	卖盘
14:29:08	22.3	0.01	10	22300	买盘
14:29:04	22.29	--	46	102534	买盘
14:28:59	22.29	--	18	40122	卖盘
14:28:53	22.29	-0.01	10	22290	卖盘
14:28:44	22.3	--	120	267600	买盘
14:28:34	22.3	--	176	392480	买盘
14:28:29	22.3	0.01	91	202930	买盘
14:28:23	22.29	--	91	202839	卖盘
14:28:14	22.29	--	50	111450	卖盘
14:28:08	22.29	--	12	26748	卖盘
14:28:04	22.29	-0.01	102	227358	卖盘
14:27:59	22.3	0.01	54	120420	买盘
14:27:53	22.29	--	69	153801	卖盘
14:27:49	22.29	0.02	184	410136	买盘
14:27:44	22.27	--	60	133620	卖盘
14:27:38	22.27	-0.01	18	40086	卖盘
14:27:34	22.28	-0.01	16	35648	卖盘
14:27:29	22.29	0.01	57	127053	买盘
14:27:14	22.28	--	46	102488	卖盘
14:27:04	22.28	-0.01	41	91348	卖盘
14:26:59	22.29	0.02	47	104763	买盘
14:26:53	22.27	--	0	0	卖盘
14:26:49	22.27	--	0	0	卖盘
14:26:44	22.27	-0.03	77	171479	卖盘
14:26:34	22.3	--	0	0	买盘
14:26:29	22.3	0.03	105	234150	买盘
14:26:23	22.27	--	13	28951	买盘
14:26:19	22.27	0.01	10	22270	买盘
14:26:14	22.26	-0.01	41	91266	卖盘
14:26:04	22.27	-0.03	8	17816	卖盘
14:25:59	22.3	0.04	49	109270	买盘
14:25:49	22.26	--	7	15582	卖盘
14:25:44	22.26	--	50	111300	卖盘
14:25:34	22.26	-0.04	40	89040	卖盘
14:25:29	22.3	--	73	162790	买盘
14:25:19	22.3	0.03	31	69130	买盘
14:25:14	22.27	--	23	51221	卖盘
14:25:04	22.27	-0.03	36	80172	卖盘
14:24:59	22.3	--	48	107040	买盘
14:24:49	22.3	0.03	7	15610	买盘
14:24:44	22.27	-0.01	210	467670	卖盘
14:24:34	22.28	-0.02	46	102488	中性盘
14:24:29	22.3	0.03	47	104810	买盘
14:24:23	22.27	--	0	0	卖盘
14:24:14	22.27	--	40	89080	卖盘
14:24:08	22.27	--	1	2227	卖盘
14:24:04	22.27	-0.03	53	118031	卖盘
14:23:59	22.3	--	48	107040	买盘
14:23:53	22.3	0.03	7	15610	买盘
14:23:49	22.27	--	57	126939	买盘
14:23:44	22.27	--	45	100215	买盘
14:23:38	22.27	--	103	229381	卖盘
14:23:34	22.27	-0.03	36	80172	卖盘
14:23:29	22.3	0.02	48	107040	买盘
14:23:23	22.28	0.01	51	113628	买盘
14:23:19	22.27	--	16	35632	买盘
14:23:14	22.27	--	21	46767	卖盘
14:23:08	22.27	--	36	80172	卖盘
14:23:02	22.27	-0.01	15	33405	卖盘
14:22:58	22.28	--	77	171556	买盘
14:22:47	22.28	--	4	8912	买盘
14:22:43	22.28	-0.02	119	265132	卖盘
14:22:38	22.3	--	10	22300	买盘
14:22:28	22.3	--	127	283210	卖盘
14:22:23	22.3	--	101	225230	卖盘
14:22:13	22.3	--	45	100350	卖盘
14:22:08	22.3	--	36	80280	卖盘
14:22:02	22.3	0.01	89	198470	买盘
14:21:58	22.29	--	32	71328	卖盘
14:21:53	22.29	-0.01	1	2229	卖盘
14:21:47	22.3	--	1	2230	买盘
14:21:43	22.3	-0.01	68	151640	卖盘
14:21:38	22.31	-0.01	14	31234	卖盘
14:21:28	22.32	0.01	47	104904	买盘
14:21:23	22.31	0.04	129	287799	买盘
14:21:13	22.27	--	101	224927	卖盘
14:21:08	22.27	-0.03	36	80172	卖盘
14:20:58	22.3	--	70	156100	卖盘
14:20:53	22.3	--	0	0	卖盘
14:20:43	22.3	--	50	111500	卖盘
14:20:38	22.3	--	154	343420	买盘
14:20:32	22.3	--	12	26760	买盘
14:20:28	22.3	--	46	102580	买盘
14:20:23	22.3	--	100	223000	卖盘
14:20:17	22.3	--	29	64670	买盘
14:20:13	22.3	-0.02	7	15610	卖盘
14:20:08	22.32	--	189	421848	买盘
14:20:02	22.32	--	0	0	买盘
14:19:58	22.32	0.02	61	136152	买盘
14:19:43	22.3	-0.02	60	133800	卖盘
14:19:38	22.32	0.02	102	227664	买盘
14:19:28	22.3	0.03	51	113730	买盘
14:19:23	22.27	--	10	22270	卖盘
14:19:17	22.27	--	3	6681	卖盘
14:19:13	22.27	--	39	86853	卖盘
14:19:08	22.27	--	134	298418	卖盘
14:19:02	22.27	--	0	0	中性盘
14:18:58	22.27	0.01	36	80172	卖盘
14:18:53	22.26	-0.01	68	151368	卖盘
14:18:43	22.27	0.01	48	106896	卖盘
14:18:38	22.26	-0.01	63	140238	卖盘
14:18:32	22.27	0.01	12	26724	买盘
14:18:28	22.26	--	0	0	卖盘
14:18:23	22.26	-0.04	9	20034	卖盘
14:18:17	22.3	0.03	1	2230	买盘
14:18:13	22.27	-0.03	36	80172	卖盘
14:18:08	22.3	-0.02	41	91430	卖盘
14:17:58	22.32	--	78	174096	买盘
14:17:53	22.32	--	23	51336	买盘
14:17:47	22.32	-0.01	12	26784	买盘
14:17:43	22.33	--	53	118348	买盘
14:17:38	22.33	0.01	133	296989	买盘
14:17:32	22.32	-0.01	30	66960	中性盘
14:17:28	22.33	0.03	158	352814	买盘
14:17:23	22.3	0.01	6	13380	中性盘
14:17:13	22.29	--	50	111450	卖盘
14:17:08	22.29	--	36	80244	卖盘
14:17:02	22.29	--	91	202839	买盘
14:16:58	22.29	--	13	28977	买盘
14:16:53	22.29	0.03	15	33435	买盘
14:16:47	22.26	-0.03	47	104622	卖盘
14:16:41	22.29	-0.04	60	133740	买盘
14:16:37	22.33	0.04	1265	2824745	买盘
14:16:32	22.29	-0.01	19	42351	卖盘
14:16:26	22.3	--	46	102580	买盘
14:16:22	22.3	0.01	3	6690	买盘
14:16:17	22.29	--	36	80244	卖盘
14:16:11	22.29	0.02	355	791295	买盘
14:16:02	22.27	0.01	12	26724	买盘
14:15:56	22.26	0.01	234	520884	买盘
14:15:47	22.25	--	25	55625	买盘
14:15:41	22.25	--	20	44500	买盘
14:15:37	22.25	0.01	26	57850	买盘
14:15:32	22.24	--	33	73392	卖盘
14:15:26	22.24	--	20	44480	卖盘
14:15:17	22.24	-0.01	21	46704	卖盘
14:15:11	22.25	--	13	28925	买盘
14:15:02	22.25	--	11	24475	买盘
14:14:56	22.25	--	18	40050	卖盘
14:14:52	22.25	--	6	13350	卖盘
14:14:41	22.25	--	49	109025	买盘
14:14:37	22.25	--	28	62300	买盘
14:14:32	22.25	--	12	26700	买盘
14:14:22	22.25	--	8	17800	卖盘
14:14:17	22.25	--	37	82325	卖盘
14:14:07	22.25	--	123	273675	买盘
14:14:02	22.25	--	42	93450	买盘
14:13:52	22.25	0.01	7	15575	买盘
14:13:47	22.24	--	10	22240	卖盘
14:13:41	22.24	--	43	96254	买盘
14:13:37	22.24	--	200	444799	买盘
14:13:32	22.24	0.01	12	28289	买盘
14:13:26	22.23	--	13	29521	买盘
14:13:17	22.23	--	12	28276	卖盘
14:13:07	22.23	-0.01	25	55575	卖盘
14:13:02	22.24	0.01	12	26687	买盘
14:12:52	22.23	--	2	4446	卖盘
14:12:47	22.23	--	325	723097	买盘
14:12:41	22.23	0.01	16	35568	买盘
14:12:37	22.22	--	5	11110	卖盘
14:12:32	22.22	--	27	59994	卖盘
14:12:26	22.22	--	4	8888	卖盘
14:12:22	22.22	--	37	82214	买盘
14:12:17	22.22	--	1	2222	买盘
14:12:07	22.22	--	3	6666	买盘
14:12:02	22.22	--	16	35552	买盘
14:11:47	22.22	--	59	131098	买盘
14:11:41	22.22	0.01	22	48884	买盘
14:11:37	22.21	-0.01	10	22210	卖盘
14:11:32	22.22	0.01	26	57772	买盘
14:11:11	22.21	--	15	33315	卖盘
14:11:07	22.21	-0.01	4	8884	卖盘
14:11:02	22.22	0.01	133	295526	买盘
14:10:51	22.21	-0.01	12	26652	卖盘
14:10:47	22.22	--	21	46662	买盘
14:10:41	22.22	--	51	113322	买盘
14:10:32	22.22	--	15	33330	买盘
14:10:16	22.22	--	52	115544	买盘
14:10:05	22.22	-0.01	65	144430	卖盘
14:10:01	22.23	0.01	12	26676	买盘
14:09:56	22.22	0.01	35	77770	买盘
14:09:50	22.21	--	16	35536	卖盘
14:09:46	22.21	-0.01	103	228763	卖盘
14:09:41	22.22	--	24	53328	买盘
14:09:31	22.22	--	43	95546	买盘
14:09:26	22.22	-0.01	177	393294	卖盘
14:09:16	22.23	0.01	5	11115	买盘
14:09:11	22.22	--	1	2222	卖盘
14:09:05	22.22	-0.01	8	17776	卖盘
14:09:01	22.23	0.01	12	26676	买盘
14:08:56	22.22	-0.01	7	15554	卖盘
14:08:50	22.23	0.01	26	57798	买盘
14:08:46	22.22	-0.01	38	84436	卖盘
14:08:41	22.23	0.01	18	40014	买盘
14:08:35	22.22	--	4	8888	卖盘
14:08:31	22.22	--	122	271084	卖盘
14:08:11	22.22	--	20	44440	卖盘
14:08:01	22.22	-0.01	25	55550	卖盘
14:07:56	22.23	0.01	8	17784	买盘
14:07:50	22.22	--	10	22220	买盘
14:07:46	22.22	--	70	155540	买盘
14:07:41	22.22	-0.01	44	98679	卖盘
14:07:31	22.23	--	19	42237	买盘
14:07:16	22.23	0.01	74	164502	买盘
14:07:11	22.22	-0.01	20	44440	卖盘
14:07:05	22.23	--	16	35568	买盘
14:07:01	22.23	0.01	11	24453	买盘
14:06:46	22.22	--	73	162206	卖盘
14:06:41	22.22	0.01	190	423490	买盘
14:06:31	22.21	-0.01	119	264299	卖盘
14:06:26	22.22	--	132	294215	卖盘
14:06:20	22.22	-0.01	2	4444	卖盘
14:06:11	22.23	0.01	5	11115	买盘
14:06:05	22.22	-0.01	2	4444	卖盘
14:06:01	22.23	--	12	26676	买盘
14:05:56	22.23	0.01	3	6669	买盘
14:05:50	22.22	-0.01	29	64438	卖盘
14:05:46	22.23	--	90	200070	买盘
14:05:41	22.23	--	23	51129	买盘
14:05:31	22.23	0.01	11	24453	买盘
14:05:26	22.22	-0.01	3	6666	卖盘
14:05:20	22.23	--	19	42525	卖盘
14:05:16	22.23	--	59	131157	卖盘
14:05:11	22.23	--	31	68913	卖盘
14:05:01	22.23	-0.02	39	86697	卖盘
14:04:56	22.25	0.01	30	66750	买盘
14:04:50	22.24	--	10	22240	买盘
14:04:46	22.24	--	40	88960	卖盘
14:04:41	22.24	0.01	30	66720	买盘
14:04:35	22.23	-0.01	5	11115	卖盘
14:04:31	22.24	0.01	30	66720	买盘
14:04:26	22.23	-0.01	40	88920	卖盘
14:04:20	22.24	0.01	10	22240	买盘
14:04:16	22.23	-0.01	75	166725	卖盘
14:04:10	22.24	0.01	10	22240	买盘
14:04:05	22.23	-0.01	33	73359	卖盘
14:03:59	22.24	--	13	28911	买盘
14:03:50	22.24	--	35	77840	买盘
14:03:44	22.24	--	32	71168	买盘
14:03:40	22.24	--	22	48928	买盘
14:03:35	22.24	--	9	20016	买盘
14:03:29	22.24	--	12	26687	买盘
14:03:25	22.24	--	10	22240	买盘
14:03:20	22.24	--	6	13343	买盘
14:03:10	22.24	0.01	30	66720	买盘
14:03:05	22.23	-0.01	20	44460	卖盘
14:02:59	22.24	0.01	11	24464	买盘
14:02:55	22.23	-0.01	82	182286	卖盘
14:02:50	22.24	--	27	60047	买盘
14:02:44	22.24	--	14	31135	买盘
14:02:40	22.24	--	40	88960	买盘
14:02:35	22.24	0.01	12	26687	买盘
14:02:25	22.23	--	20	44460	卖盘
14:02:10	22.23	--	0	0	卖盘
14:02:05	22.23	-0.02	27	60021	卖盘
14:01:55	22.25	0.02	26	57850	买盘
14:01:50	22.23	--	48	106704	卖盘
14:01:44	22.23	-0.02	32	71136	卖盘
14:01:40	22.25	--	22	48950	买盘
14:01:35	22.25	0.01	11	24475	买盘
14:01:25	22.24	0.01	10	22240	卖盘
14:01:20	22.23	--	0	0	卖盘
14:01:10	22.23	-0.02	18	40014	卖盘
14:01:05	22.25	--	15	33375	卖盘
14:00:55	22.25	0.01	52	115700	买盘
14:00:50	22.24	--	3	6671	卖盘
14:00:44	22.24	-0.02	98	217951	卖盘
14:00:40	22.26	--	9	20034	买盘
14:00:35	22.26	0.02	39	86814	买盘
14:00:25	22.24	-0.01	19	42256	卖盘
14:00:20	22.25	--	271	602975	卖盘
14:00:14	22.25	--	2	4450	卖盘
14:00:10	22.25	--	8	17800	卖盘
14:00:05	22.25	-0.01	25	55625	卖盘
13:59:55	22.26	--	40	89040	卖盘
13:59:50	22.26	--	5	11130	卖盘
13:59:44	22.26	--	39	86814	卖盘
13:59:40	22.26	0.01	37	82362	买盘
13:59:35	22.25	-0.01	58	129050	卖盘
13:59:29	22.26	--	8	17808	买盘
13:59:25	22.26	--	18	40068	买盘
13:59:20	22.26	--	3	6678	卖盘
13:59:14	22.26	--	41	91266	卖盘
13:59:10	22.26	--	24	53424	卖盘
13:59:05	22.26	--	47	104622	卖盘
13:58:55	22.26	--	36	80136	卖盘
13:58:50	22.26	--	6	13356	卖盘
13:58:44	22.26	--	43	95718	买盘
13:58:40	22.26	0.01	50	111300	买盘
13:58:35	22.25	-0.01	117	260325	卖盘
13:58:29	22.26	0.01	15	33390	买盘
13:58:25	22.25	--	40	89000	卖盘
13:58:14	22.25	--	36	80100	卖盘
13:58:05	22.25	-0.02	60	133500	卖盘
13:57:59	22.27	--	12	26724	买盘
13:57:55	22.27	0.02	62	138074	买盘
13:57:49	22.25	--	3	6675	卖盘
13:57:44	22.25	--	79	175775	卖盘
13:57:34	22.25	--	47	104575	卖盘
13:57:29	22.25	-0.01	36	80100	卖盘
13:57:23	22.26	0.01	5	11130	卖盘
13:57:19	22.25	--	0	0	卖盘
13:57:14	22.25	--	42	93450	卖盘
13:57:04	22.25	-0.01	60	133500	卖盘
13:56:59	22.26	--	17	37842	买盘
13:56:53	22.26	--	10	22260	卖盘
13:56:44	22.26	0.01	94	209244	买盘
13:56:34	22.25	-0.01	66	146850	卖盘
13:56:29	22.26	0.01	46	102396	买盘
13:56:23	22.25	--	32	71200	卖盘
13:56:14	22.25	--	45	100125	卖盘
13:56:04	22.25	-0.01	209	465025	卖盘
13:55:59	22.26	0.01	111	247086	买盘
13:55:53	22.25	--	12	26700	卖盘
13:55:49	22.25	--	141	313725	卖盘
13:55:44	22.25	--	81	180225	卖盘
13:55:34	22.25	--	24	53400	卖盘
13:55:29	22.25	-0.01	21	46725	卖盘
13:55:19	22.26	--	57	126882	卖盘
13:55:14	22.26	--	36	80136	卖盘
13:55:04	22.26	-0.01	47	104622	卖盘
13:54:59	22.27	0.01	52	115804	买盘
13:54:53	22.26	--	23	51198	卖盘
13:54:44	22.26	--	114	253764	卖盘
13:54:34	22.26	--	254	565404	卖盘
13:54:29	22.26	--	28	62328	卖盘
13:54:23	22.26	--	15	33390	卖盘
13:54:14	22.26	-0.01	47	104622	卖盘
13:54:04	22.27	--	53	118031	买盘
13:53:59	22.27	--	15	33405	卖盘
13:53:53	22.27	-0.02	15	33405	卖盘
13:53:49	22.29	0.01	7	15603	买盘
13:53:44	22.28	--	82	182696	卖盘
13:53:34	22.28	-0.01	38	84664	卖盘
13:53:29	22.29	0.02	61	135969	买盘
13:53:19	22.27	--	28	62356	卖盘
13:53:14	22.27	--	45	100215	卖盘
13:53:08	22.27	--	3	6681	卖盘
13:53:04	22.27	--	66	146982	卖盘
13:52:59	22.27	--	51	113577	卖盘
13:52:53	22.27	-0.02	9	20043	卖盘
13:52:49	22.29	0.03	9	20061	中性盘
13:52:44	22.26	-0.01	96	213696	卖盘
13:52:38	22.27	0.01	2	4454	买盘
13:52:34	22.26	-0.04	32	71232	卖盘
13:52:29	22.3	0.03	51	113730	买盘
13:52:23	22.27	-0.02	5	11135	卖盘
13:52:19	22.29	0.02	14	31206	买盘
13:52:13	22.27	--	76	169252	买盘
13:52:08	22.27	0.01	8	17816	买盘
13:52:04	22.26	-0.01	51	113526	卖盘
13:51:59	22.27	-0.02	17	37859	卖盘
13:51:53	22.29	0.02	2	4458	买盘
13:51:43	22.27	--	87	193749	买盘
13:51:33	22.27	0.01	24	53448	卖盘
13:51:29	22.26	--	36	80136	卖盘
13:51:17	22.26	--	10	22260	卖盘
13:51:13	22.26	--	44	97944	卖盘
13:51:08	22.26	--	83	184758	买盘
13:51:02	22.26	--	217	483042	买盘
13:50:58	22.26	0.01	183	407358	买盘
13:50:53	22.25	-0.01	12	26700	卖盘
13:50:47	22.26	--	100	222600	买盘
13:50:43	22.26	-0.03	513	1141938	卖盘
13:50:38	22.29	0.01	141	314289	买盘
13:50:32	22.28	0.01	141	314148	买盘
13:50:28	22.27	0.01	26	57902	中性盘
13:50:23	22.26	--	12	26712	卖盘
13:50:17	22.26	0.01	27	60102	买盘
13:50:13	22.25	-0.01	43	95675	卖盘
13:50:08	22.26	-0.02	2	4452	卖盘
13:50:02	22.28	0.03	39	86892	买盘
13:49:53	22.25	-0.02	65	144625	卖盘
13:49:43	22.27	0.02	36	80172	中性盘
13:49:38	22.25	-0.02	173	384925	卖盘
13:49:32	22.27	0.02	11	24497	买盘
13:49:28	22.25	-0.02	39	86775	卖盘
13:49:17	22.27	0.03	100	222700	买盘
13:49:13	22.24	-0.02	195	433679	卖盘
13:49:08	22.26	0.01	26	57876	中性盘
13:49:02	22.25	--	13	28925	买盘
13:48:58	22.25	--	23	51175	卖盘
13:48:43	22.25	--	67	149075	卖盘
13:48:38	22.25	-0.02	36	80100	卖盘
13:48:32	22.27	--	12	26724	买盘
13:48:23	22.27	0.03	26	57902	卖盘
13:48:08	22.24	-0.04	4	8896	卖盘
13:48:02	22.28	0.03	11	24508	买盘
13:47:58	22.25	--	19	42275	卖盘
13:47:53	22.25	--	17	37825	卖盘
13:47:43	22.25	0.01	36	80100	中性盘
13:47:38	22.24	-0.04	31	68944	卖盘
13:47:32	22.28	0.04	12	26736	买盘
13:47:28	22.24	-0.01	24	53375	卖盘
13:47:23	22.25	-0.03	28	62300	卖盘
13:47:13	22.28	--	86	191608	买盘
13:47:08	22.28	0.01	62	138136	买盘
13:47:02	22.27	0.02	12	26724	买盘
13:46:58	22.25	--	0	0	卖盘
13:46:53	22.25	0.01	24	53400	买盘
13:46:47	22.24	-0.01	6	13343	卖盘
13:46:43	22.25	--	67	149075	卖盘
13:46:37	22.25	-0.03	34	75650	卖盘
13:46:32	22.28	0.02	11	24508	买盘
13:46:28	22.26	--	11	24486	卖盘
13:46:23	22.26	0.01	15	33390	买盘
13:46:13	22.25	-0.02	63	140175	卖盘
13:46:08	22.27	--	0	0	买盘
13:46:02	22.27	0.01	12	26724	买盘
13:45:58	22.26	-0.01	24	53424	卖盘
13:45:53	22.27	0.01	38	84626	买盘
13:45:47	22.26	--	9	20034	卖盘
13:45:43	22.26	0.01	36	80136	中性盘
13:45:38	22.25	-0.02	3	6675	卖盘
13:45:32	22.27	0.02	11	24497	买盘
13:45:27	22.25	0.01	69	153525	买盘
13:45:23	22.24	-0.01	90	200160	中性盘
13:45:13	22.25	0.02	48	106800	买盘
13:45:02	22.23	--	46	104192	买盘
13:44:58	22.23	--	50	111150	买盘
13:44:52	22.23	--	32	71136	买盘
13:44:47	22.23	-0.01	94	208962	卖盘
13:44:37	22.24	0.01	93	206832	买盘
13:44:32	22.23	0.01	112	248976	中性盘
13:44:26	22.22	-0.01	9	19998	卖盘
13:44:22	22.23	--	8	17784	卖盘
13:44:17	22.23	-0.01	35	79116	买盘
13:44:11	22.24	--	33	74303	卖盘
13:44:07	22.24	0.01	1592	3541920	买盘
13:44:02	22.23	-0.01	91	202293	卖盘
13:43:56	22.24	0.01	72	160128	买盘
13:43:52	22.23	--	54	120042	卖盘
13:43:47	22.23	-0.01	63	140049	卖盘
13:43:41	22.24	0.01	33	73392	买盘
13:43:37	22.23	--	7	15561	卖盘
13:43:32	22.23	-0.01	82	182286	卖盘
13:43:22	22.24	-0.01	322	716128	卖盘
13:43:17	22.25	-0.02	36	80100	卖盘
13:43:11	22.27	0.01	20	44540	买盘
13:43:07	22.26	-0.01	43	95718	卖盘
13:43:02	22.27	0.02	12	26724	买盘
13:42:56	22.25	--	254	565150	卖盘
13:42:52	22.25	--	18	40050	卖盘
13:42:47	22.25	-0.02	57	126825	卖盘
13:42:41	22.27	0.01	42	93534	买盘
13:42:37	22.26	-0.01	12	26712	卖盘
13:42:32	22.27	0.02	11	24497	买盘
13:42:26	22.25	-0.01	30	66750	卖盘
13:42:22	22.26	-0.01	17	37842	中性盘
13:42:17	22.27	0.01	124	276148	买盘
13:42:11	22.26	--	10	22260	买盘
13:42:07	22.26	--	15	33390	买盘
13:42:02	22.26	0.01	12	26712	买盘
13:41:56	22.25	-0.01	12	26700	卖盘
13:41:52	22.26	0.01	12	26712	卖盘
13:41:47	22.25	-0.02	36	80100	卖盘
13:41:41	22.27	0.01	43	95761	买盘
13:41:37	22.26	-0.01	39	86814	中性盘
13:41:32	22.27	0.02	24	53448	买盘
13:41:22	22.25	--	23	51175	买盘
13:41:17	22.25	0.01	26	57850	买盘
13:41:11	22.24	-0.01	13	28911	卖盘
13:41:07	22.25	--	0	0	中性盘
13:41:02	22.25	--	42	93450	卖盘
13:40:56	22.25	--	24	53400	卖盘
13:40:52	22.25	--	12	26700	卖盘
13:40:47	22.25	-0.01	61	135725	卖盘
13:40:41	22.26	0.01	22	48972	买盘
13:40:37	22.25	-0.01	36	80100	卖盘
13:40:32	22.26	0.01	19	42294	买盘
13:40:26	22.25	-0.01	32	71200	卖盘
13:40:22	22.26	--	47	104622	卖盘
13:40:16	22.26	0.01	105	233730	买盘
13:40:07	22.25	-0.01	36	80100	卖盘
13:40:01	22.26	--	11	24486	买盘
13:39:56	22.26	--	0	0	中性盘
13:39:52	22.26	--	12	26712	卖盘
13:39:46	22.26	-0.01	64	142464	卖盘
13:39:41	22.27	0.01	19	42313	买盘
13:39:37	22.26	-0.01	38	84588	卖盘
13:39:31	22.27	0.01	22	48994	买盘
13:39:26	22.26	0.01	28	62328	买盘
13:39:22	22.25	-0.01	22	48950	卖盘
13:39:16	22.26	0.01	112	249312	买盘
13:39:11	22.25	--	3	6675	卖盘
13:39:07	22.25	-0.01	111	246975	卖盘
13:39:01	22.26	0.01	22	48972	买盘
13:38:56	22.25	--	24	53400	卖盘
13:38:51	22.25	-0.01	12	26700	卖盘
13:38:46	22.26	0.02	100	222600	买盘
13:38:41	22.24	-0.01	50	111199	卖盘
13:38:37	22.25	--	49	109025	买盘
13:38:31	22.25	--	11	24475	买盘
13:38:20	22.25	0.01	8	17800	买盘
13:38:16	22.24	-0.01	2	4448	中性盘
13:38:05	22.25	0.02	9	20025	买盘
13:38:01	22.23	-0.01	13	28899	卖盘
13:37:56	22.24	--	33	73392	卖盘
13:37:46	22.24	--	11	24464	买盘
13:37:41	22.24	--	30	66720	买盘
13:37:31	22.24	--	11	24464	买盘
13:37:26	22.24	-0.01	30	66720	卖盘
13:37:16	22.25	0.01	65	144625	买盘
13:37:11	22.24	--	16	35584	卖盘
13:37:01	22.24	--	26	57823	卖盘
13:36:50	22.24	--	54	120095	卖盘
13:36:46	22.24	-0.01	26	57823	卖盘
13:36:41	22.25	0.03	30	66750	买盘
13:36:35	22.22	-0.03	200	444400	卖盘
13:36:31	22.25	--	77	171325	卖盘
13:36:26	22.25	0.01	278	618550	买盘
13:36:20	22.24	-0.01	1	2224	卖盘
13:36:16	22.25	0.01	26	57850	买盘
13:36:11	22.24	-0.01	50	111199	卖盘
13:36:01	22.25	-0.01	34	75650	卖盘
13:35:56	22.26	0.01	52	115752	卖盘
13:35:50	22.25	--	55	122375	卖盘
13:35:46	22.25	-0.01	62	137950	卖盘
13:35:41	22.26	0.01	11	24486	买盘
13:35:35	22.25	0.01	44	97900	中性盘
13:35:31	22.24	--	173	384752	卖盘
13:35:26	22.24	--	16	35584	卖盘
13:35:20	22.24	-0.01	29	64495	卖盘
13:35:16	22.25	--	58	129050	买盘
13:35:11	22.25	--	288	640800	卖盘
13:35:05	22.25	-0.01	36	80100	卖盘
13:35:01	22.26	--	12	26712	买盘
13:34:56	22.26	--	64	142464	买盘
13:34:50	22.26	--	5	11130	买盘
13:34:46	22.26	-0.01	146	324996	卖盘
13:34:41	22.27	0.01	30	66810	买盘
13:34:35	22.26	--	36	80136	卖盘
13:34:31	22.26	--	19	42294	卖盘
13:34:26	22.26	--	36	80136	卖盘
13:34:16	22.26	--	36	80136	卖盘
13:34:05	22.26	--	36	80136	卖盘
13:34:01	22.26	0.01	19	42294	买盘
13:33:55	22.25	-0.01	57	126825	卖盘
13:33:50	22.26	-0.01	11	24486	中性盘
13:33:46	22.27	--	53	118031	买盘
13:33:40	22.27	0.02	38	84626	买盘
13:33:35	22.25	-0.01	36	80100	卖盘
13:33:31	22.26	0.01	38	84588	卖盘
13:33:25	22.25	--	152	338200	卖盘
13:33:16	22.25	--	36	80100	卖盘
13:33:10	22.25	--	5	11125	卖盘
13:33:05	22.25	-0.02	42	93450	卖盘
13:33:01	22.27	0.02	20	44540	买盘
13:32:55	22.25	--	50	111250	卖盘
13:32:50	22.25	--	15	33375	卖盘
13:32:46	22.25	-0.02	48	106800	卖盘
13:32:40	22.27	0.02	34	75718	买盘
13:32:35	22.25	-0.02	36	80100	卖盘
13:32:30	22.27	0.02	17	37859	买盘
13:32:25	22.25	--	53	117925	卖盘
13:32:15	22.25	--	36	80100	卖盘
13:32:05	22.25	--	62	137950	卖盘
13:31:59	22.25	-0.01	4	8900	卖盘
13:31:50	22.26	-0.01	42	93492	买盘
13:31:44	22.27	--	27	60129	买盘
13:31:40	22.27	0.02	110	244970	买盘
13:31:35	22.25	-0.02	69	153525	卖盘
13:31:25	22.27	0.02	72	160344	买盘
13:31:20	22.25	--	1	2225	卖盘
13:31:14	22.25	--	52	115700	卖盘
13:31:10	22.25	-0.02	128	284800	卖盘
13:31:05	22.27	0.01	68	151436	买盘
13:30:55	22.26	0.01	36	80136	中性盘
13:30:50	22.25	--	361	803225	卖盘
13:30:44	22.25	-0.01	62	137950	卖盘
13:30:40	22.26	--	21	46746	买盘
13:30:35	22.26	--	42	93492	卖盘
13:30:25	22.26	-0.01	128	284928	卖盘
13:30:05	22.27	-0.01	36	80172	卖盘
13:29:55	22.28	-0.01	6	13368	中性盘
13:29:50	22.29	--	1	2229	卖盘
13:29:44	22.29	--	36	80244	卖盘
13:29:40	22.29	0.02	11	24519	买盘
13:29:35	22.27	-0.03	57	126939	卖盘
13:29:29	22.3	--	0	0	买盘
13:29:25	22.3	0.01	52	115960	买盘
13:29:14	22.29	--	47	104763	卖盘
13:29:10	22.29	--	6	13374	卖盘
13:29:05	22.29	-0.01	60	133740	卖盘
13:28:50	22.3	0.01	18	40140	卖盘
13:28:44	22.29	-0.01	53	118137	卖盘
13:28:40	22.3	0.01	62	138260	买盘
13:28:35	22.29	--	93	207297	卖盘
13:28:25	22.29	--	36	80244	卖盘
13:28:14	22.29	--	36	80244	卖盘
13:28:10	22.29	0.01	26	57954	买盘
13:28:05	22.28	--	80	178240	卖盘
13:27:59	22.28	--	33	73524	买盘
13:27:55	22.28	-0.01	3	6684	卖盘
13:27:50	22.29	0.01	3	6687	买盘
13:27:44	22.28	--	36	80208	卖盘
13:27:39	22.28	0.01	6	13368	买盘
13:27:35	22.27	-0.01	58	129166	卖盘
13:27:29	22.28	--	0	0	买盘
13:27:24	22.28	0.01	46	102488	买盘
13:27:19	22.27	0.01	46	102442	买盘
13:27:14	22.26	--	36	80136	卖盘
13:27:04	22.26	0.01	80	178080	买盘
13:26:55	22.25	--	40	89000	卖盘
13:26:49	22.25	--	15	33375	卖盘
13:26:44	22.25	-0.01	56	124600	卖盘
13:26:40	22.26	0.01	36	80136	买盘
13:26:34	22.25	--	78	173550	卖盘
13:26:29	22.25	-0.01	42	93450	卖盘
13:26:25	22.26	0.01	65	144690	买盘
13:26:19	22.25	-0.01	8	17800	卖盘
13:26:09	22.26	-0.01	104	231504	卖盘
13:26:04	22.27	--	66	146982	卖盘
13:25:54	22.27	--	149	331823	买盘
13:25:49	22.27	--	19	42313	卖盘
13:25:44	22.27	--	40	89080	卖盘
13:25:34	22.27	--	73	162571	买盘
13:25:29	22.27	0.01	15	33405	买盘
13:25:23	22.26	--	24	53424	卖盘
13:25:14	22.26	-0.01	41	91266	卖盘
13:25:08	22.27	--	50	111350	买盘
13:25:04	22.27	-0.01	50	111350	卖盘
13:24:53	22.28	--	17	37876	卖盘
13:24:49	22.28	--	0	0	卖盘
13:24:44	22.28	--	48	106944	卖盘
13:24:34	22.28	-0.01	118	262904	卖盘
13:24:29	22.29	--	27	60183	买盘
13:24:19	22.29	-0.01	99	220671	卖盘
13:24:14	22.3	-0.01	36	80280	卖盘
13:24:04	22.31	--	31	69205	卖盘
13:23:53	22.31	-0.01	36	80316	卖盘
13:23:49	22.32	0.01	4	8928	买盘
13:23:44	22.31	-0.01	92	205252	卖盘
13:23:34	22.32	--	48	107136	卖盘
13:23:23	22.32	--	36	80352	卖盘
13:23:14	22.32	-0.02	53	118296	卖盘
13:23:04	22.34	-0.01	26	58084	卖盘
13:22:59	22.35	0.01	8	17880	买盘
13:22:49	22.34	--	5	11170	卖盘
13:22:44	22.34	--	57	127338	卖盘
13:22:38	22.34	--	10	22340	卖盘
13:22:34	22.34	--	135	301590	买盘
13:22:29	22.34	--	22	49148	买盘
13:22:19	22.34	--	153	341802	买盘
13:22:04	22.34	0.01	12	26808	买盘
13:21:59	22.33	--	11	24562	卖盘
13:21:53	22.33	--	2	4466	卖盘
13:21:44	22.33	--	8	17864	卖盘
13:21:34	22.33	--	20	44660	买盘
13:21:19	22.33	0.01	3	6698	买盘
13:21:04	22.32	-0.01	16	35712	卖盘
13:20:59	22.33	--	2	4466	买盘
13:20:49	22.33	--	1	2233	买盘
13:20:43	22.33	--	44	98251	买盘
13:20:33	22.33	--	38	84854	买盘
13:20:28	22.33	-0.01	17	37961	买盘
13:20:18	22.34	--	0	0	买盘
13:20:13	22.34	0.03	10	22340	买盘
13:20:08	22.31	-0.03	63	140553	卖盘
13:20:03	22.34	0.01	11	24574	买盘
13:19:58	22.33	-0.02	10	22330	卖盘
13:19:53	22.35	0.02	1	2235	买盘
13:19:48	22.33	-0.01	11	24562	卖盘
13:19:43	22.34	0.01	106	236804	买盘
13:19:38	22.33	-0.01	33	73689	卖盘
13:19:33	22.34	0.01	22	49148	买盘
13:19:23	22.33	-0.01	30	66990	卖盘
13:19:18	22.34	--	0	0	买盘
13:19:08	22.34	0.02	25	55850	买盘
13:19:03	22.32	-0.02	50	111600	卖盘
13:18:58	22.34	0.02	1	2234	买盘
13:18:53	22.32	--	0	0	卖盘
13:18:47	22.32	--	2	4464	卖盘
13:18:43	22.32	-0.02	5	13347	中性盘
13:18:38	22.34	0.02	35	78190	买盘
13:18:32	22.32	--	11	24552	买盘
13:18:28	22.32	--	8	17856	买盘
13:18:23	22.32	-0.02	42	93744	卖盘
13:18:13	22.34	-0.01	12	26808	卖盘
13:18:08	22.35	0.01	100	223500	买盘
13:18:02	22.34	--	13	29042	买盘
13:17:58	22.34	0.02	10	22340	买盘
13:17:43	22.32	-0.01	65	145080	卖盘
13:17:38	22.33	--	26	58057	买盘
13:17:32	22.33	--	12	26795	买盘
13:17:23	22.33	--	7	15630	买盘
13:17:17	22.33	-0.01	35	78155	卖盘
13:17:13	22.34	--	1	2234	买盘
13:17:08	22.34	--	1	2234	买盘
13:17:02	22.34	0.01	11	24574	买盘
13:16:58	22.33	-0.01	1	2233	卖盘
13:16:53	22.34	-0.01	4	8936	买盘
13:16:47	22.35	--	0	0	买盘
13:16:43	22.35	0.01	73	163155	买盘
13:16:38	22.34	--	23	51382	卖盘
13:16:32	22.34	-0.01	17	37978	卖盘
13:16:23	22.35	--	2	4470	买盘
13:16:13	22.35	-0.01	35	78225	卖盘
13:16:08	22.36	-0.01	2	4472	中性盘
13:16:02	22.37	0.01	11	24607	买盘
13:15:58	22.36	--	52	116272	卖盘
13:15:53	22.36	-0.01	5	11180	卖盘
13:15:43	22.37	--	53	118561	买盘
13:15:38	22.37	-0.01	119	266203	卖盘
13:15:32	22.38	0.01	12	26856	买盘
13:15:28	22.37	-0.01	72	161064	卖盘
13:15:23	22.38	0.01	8	17904	买盘
13:15:17	22.37	-0.01	10	22370	卖盘
13:15:13	22.38	--	148	331224	卖盘
13:15:08	22.38	-0.01	200	447600	卖盘
13:15:02	22.39	0.01	12	26868	买盘
13:14:58	22.38	-0.01	2	4476	卖盘
13:14:43	22.39	0.01	83	185837	买盘
13:14:38	22.38	-0.01	115	257370	卖盘
13:14:32	22.39	0.01	25	55975	买盘
13:14:27	22.38	-0.01	36	80568	卖盘
13:14:23	22.39	--	17	38063	买盘
13:14:17	22.39	--	3	6717	买盘
13:14:12	22.39	--	25	55975	买盘
13:14:07	22.39	-0.01	56	125384	中性盘
13:14:02	22.4	0.01	27	60479	买盘
13:13:57	22.39	--	14	31346	买盘
13:13:52	22.39	--	315	705285	中性盘
13:13:47	22.39	-0.01	1	2239	中性盘
13:13:42	22.4	0.01	311	696640	买盘
13:13:37	22.39	--	70	156730	卖盘
13:13:32	22.39	-0.01	17	38063	卖盘
13:13:27	22.4	0.01	166	371840	买盘
13:13:22	22.39	--	54	120906	买盘
13:13:12	22.39	--	489	1094871	买盘
13:13:07	22.39	0.01	65	145535	买盘
13:13:02	22.38	--	43	96234	卖盘
13:12:57	22.38	--	2	4476	卖盘
13:12:52	22.38	0.01	196	438648	买盘
13:12:47	22.37	-0.01	117	261729	卖盘
13:12:42	22.38	0.01	88	196944	买盘
13:12:37	22.37	-0.01	26	58162	卖盘
13:12:32	22.38	0.01	12	26856	买盘
13:12:27	22.37	-0.01	51	114087	买盘
13:12:22	22.38	0.02	42	93996	买盘
13:12:17	22.36	-0.01	1	2236	卖盘
13:12:07	22.37	0.01	90	201330	买盘
13:12:02	22.36	--	63	140868	买盘
13:11:56	22.36	--	43	96148	买盘
13:11:52	22.36	--	9	20124	买盘
13:11:47	22.36	0.01	96	214656	买盘
13:11:41	22.35	0.01	36	80460	买盘
13:11:37	22.34	0.01	5	11170	卖盘
13:11:32	22.33	-0.02	14	31261	卖盘
13:11:26	22.35	0.02	300	670500	买盘
13:11:22	22.33	--	14	31261	卖盘
13:11:17	22.33	0.01	17	37961	买盘
13:11:11	22.32	-0.01	4	8928	中性盘
13:11:07	22.33	0.01	112	250095	买盘
13:11:02	22.32	--	41	91512	买盘
13:10:52	22.32	--	74	165168	买盘
13:10:47	22.32	--	17	37944	买盘
13:10:41	22.32	--	127	283464	买盘
13:10:37	22.32	--	28	62496	买盘
13:10:32	22.32	--	11	24552	买盘
13:10:26	22.32	--	8	17856	买盘
13:10:22	22.32	--	5	11160	买盘
13:10:17	22.32	0.01	55	122760	买盘
13:10:11	22.31	-0.01	30	66930	卖盘
13:10:02	22.32	0.01	15	33480	买盘
13:09:52	22.31	--	47	104857	卖盘
13:09:47	22.31	--	52	116012	买盘
13:09:41	22.31	--	31	69161	买盘
13:09:37	22.31	0.01	29	64698	买盘
13:09:32	22.3	-0.01	31	69130	卖盘
13:09:22	22.31	0.01	37	82547	买盘
13:09:11	22.3	--	3	6690	卖盘
13:09:07	22.3	--	265	592488	买盘
13:09:02	22.3	0.01	11	24530	买盘
13:08:52	22.29	--	6	13374	卖盘
13:08:47	22.29	-0.01	84	187236	卖盘
13:08:41	22.3	--	53	118190	买盘
13:08:32	22.3	0.01	12	26760	买盘
13:08:22	22.29	--	35	78015	卖盘
13:08:17	22.29	0.03	170	378930	买盘
13:08:07	22.26	-0.02	36	80136	卖盘
13:08:02	22.28	--	11	24508	买盘
13:07:56	22.28	0.02	10	22280	买盘
13:07:51	22.26	--	20	44520	卖盘
13:07:41	22.26	0.01	17	37842	买盘
13:07:36	22.25	--	112	249200	卖盘
13:07:26	22.25	--	4	8900	卖盘
13:07:21	22.25	-0.01	205	456125	卖盘
13:07:16	22.26	-0.02	270	601020	卖盘
13:06:56	22.28	--	2	4456	卖盘
13:06:46	22.28	--	106	236168	买盘
13:06:41	22.28	0.01	24	53472	买盘
13:06:25	22.27	--	54	120258	卖盘
13:06:21	22.27	--	15	33405	卖盘
13:06:16	22.27	--	132	293964	卖盘
13:06:11	22.27	0.01	14	31178	买盘
13:06:01	22.26	--	35	77910	卖盘
13:05:56	22.26	-0.01	2	4452	卖盘
13:05:51	22.27	--	26	57902	买盘
13:05:46	22.27	--	10	22270	买盘
13:05:41	22.27	--	33	73491	买盘
13:05:36	22.27	--	6	13362	买盘
13:05:21	22.27	--	10	22270	买盘
13:05:01	22.27	0.01	5	11135	买盘
13:04:56	22.26	-0.01	20	44520	卖盘
13:04:50	22.27	--	26	57902	买盘
13:04:46	22.27	--	26	57902	买盘
13:04:41	22.27	0.01	44	97988	买盘
13:04:31	22.26	-0.01	1	2226	卖盘
13:04:26	22.27	--	1	2227	买盘
13:04:11	22.27	--	89	198203	买盘
13:04:01	22.27	--	3	6681	买盘
13:03:56	22.27	--	28	62356	买盘
13:03:50	22.27	--	26	57902	买盘
13:03:46	22.27	--	17	37859	买盘
13:03:41	22.27	--	52	115804	卖盘
13:03:26	22.27	--	1	2227	卖盘
13:03:16	22.27	-0.01	5	11135	卖盘
13:03:11	22.28	0.01	41	91348	买盘
13:03:01	22.27	-0.01	6	13362	卖盘
13:02:56	22.28	--	27	60156	买盘
13:02:46	22.28	--	12	26736	买盘
13:02:41	22.28	0.01	33	73524	买盘
13:02:31	22.27	-0.01	5	11135	卖盘
13:02:16	22.28	--	1	2228	买盘
13:02:11	22.28	0.01	112	249536	买盘
13:01:41	22.27	0.01	24	53448	买盘
13:01:11	22.26	--	1	2226	卖盘
13:01:00	22.26	--	2	4452	卖盘
13:00:55	22.26	--	21	46746	买盘
13:00:45	22.26	0.01	1	2226	买盘
13:00:41	22.25	-0.01	19	42275	卖盘
13:00:15	22.26	--	60	133560	买盘
13:00:10	22.26	-0.02	30	66780	卖盘
13:00:05	22.28	-0.01	711	1584108	买盘
13:00:00	22.29	--	46	102534	买盘
11:30:00	22.29	--	0	0	买盘
11:29:59	22.29	--	0	0	买盘
11:29:51	22.29	0.01	26	57954	买盘
11:29:40	22.28	-0.01	9	20052	中性盘
11:29:36	22.29	0.01	37	82473	买盘
11:29:25	22.28	-0.01	16	35648	卖盘
11:29:21	22.29	0.01	10	22290	买盘
11:29:16	22.28	-0.01	51	113628	卖盘
11:29:01	22.29	--	37	82473	买盘
11:28:51	22.29	--	2	4458	买盘
11:28:46	22.29	--	46	102534	买盘
11:28:40	22.29	--	32	71328	买盘
11:28:36	22.29	--	5	11145	买盘
11:28:16	22.29	0.01	20	44580	买盘
11:28:01	22.28	-0.01	50	111400	卖盘
11:27:55	22.29	--	26	57954	买盘
11:27:51	22.29	--	160	356640	买盘
11:27:46	22.29	--	20	44580	买盘
11:27:40	22.29	0.01	29	64641	买盘
11:27:25	22.28	0.02	181	403268	买盘
11:27:16	22.26	0.01	1	2226	中性盘
11:27:10	22.25	-0.02	13	28925	卖盘
11:27:01	22.27	0.01	37	83557	买盘
11:26:51	22.26	-0.01	5	12198	卖盘
11:26:46	22.27	--	30	66810	买盘
11:26:40	22.27	0.01	35	77945	买盘
11:26:36	22.26	-0.01	26	59033	卖盘
11:26:31	22.27	--	10	22270	买盘
11:26:21	22.27	--	6	13362	买盘
11:26:16	22.27	--	2	4454	卖盘
11:26:10	22.27	-0.01	7	15589	卖盘
11:26:06	22.28	0.01	12	26736	买盘
11:26:01	22.27	-0.01	10	22270	卖盘
11:25:55	22.28	0.01	29	64612	买盘
11:25:46	22.27	--	22	48994	买盘
11:25:40	22.27	--	1	2227	买盘
11:25:36	22.27	--	5	11135	买盘
11:25:31	22.27	0.01	5	11135	买盘
11:25:21	22.26	--	0	0	卖盘
11:25:06	22.26	-0.02	38	84588	卖盘
11:25:01	22.28	--	27	60156	买盘
11:24:55	22.28	--	25	55700	买盘
11:24:46	22.28	--	46	102488	买盘
11:24:40	22.28	0.02	2	4456	买盘
11:24:34	22.26	--	17	37842	卖盘
11:24:31	22.26	--	10	22260	卖盘
11:24:25	22.26	--	40	89040	卖盘
11:24:19	22.26	--	28	62328	买盘
11:24:16	22.26	--	65	144690	买盘
11:24:10	22.26	--	20	44520	买盘
11:24:04	22.26	--	7	15582	买盘
11:24:01	22.26	0.01	26	57876	买盘
11:23:55	22.25	-0.01	41	91225	卖盘
11:23:40	22.26	0.01	132	293832	买盘
11:23:30	22.25	-0.01	7	15575	卖盘
11:23:25	22.26	--	69	153594	卖盘
11:23:19	22.26	--	0	0	卖盘
11:23:10	22.26	-0.03	73	162498	卖盘
11:23:04	22.29	--	0	0	买盘
11:23:00	22.29	0.03	29	64641	买盘
11:22:55	22.26	-0.02	11	24486	卖盘
11:22:45	22.28	0.02	195	434460	买盘
11:22:40	22.26	0.01	31	69006	买盘
11:22:34	22.25	--	1	2225	卖盘
11:22:30	22.25	0.01	335	745375	买盘
11:22:25	22.24	--	196	435903	卖盘
11:22:15	22.24	0.01	179	398096	买盘
11:22:10	22.23	--	25	55575	卖盘
11:22:04	22.23	-0.01	67	148941	卖盘
11:22:00	22.24	0.01	29	64495	买盘
11:21:49	22.23	--	0	0	卖盘
11:21:45	22.23	-0.02	131	291213	卖盘
11:21:40	22.25	0.01	28	62300	买盘
11:21:34	22.24	--	5	11120	卖盘
11:21:30	22.24	0.01	76	169024	买盘
11:21:25	22.23	-0.01	20	44460	卖盘
11:21:19	22.24	0.01	50	111199	买盘
11:21:15	22.23	-0.01	20	44460	卖盘
11:21:10	22.24	--	58	128991	卖盘
11:21:04	22.24	0.01	6	13343	卖盘
11:21:00	22.23	-0.01	7	15561	卖盘
11:20:55	22.24	--	114	253535	买盘
11:20:45	22.24	--	13	28911	买盘
11:20:40	22.24	0.01	36	80064	买盘
11:20:34	22.23	-0.01	20	44460	卖盘
11:20:30	22.24	-0.01	3	6671	卖盘
11:20:19	22.25	--	9	20025	买盘
11:20:10	22.25	-0.01	145	322625	卖盘
11:20:04	22.26	0.01	26	57876	买盘
11:19:55	22.25	-0.02	26	57850	卖盘
11:19:45	22.27	0.01	21	46767	买盘
11:19:40	22.26	--	46	102396	卖盘
11:19:30	22.26	-0.01	3	6678	卖盘
11:19:25	22.27	--	72	160344	卖盘
11:19:19	22.27	-0.01	50	111350	卖盘
11:19:15	22.28	--	68	151504	买盘
11:19:10	22.28	0.01	27	60156	买盘
11:19:00	22.27	-0.01	54	120258	卖盘
11:18:45	22.28	--	45	100260	买盘
11:18:34	22.28	0.01	5	11140	买盘
11:18:28	22.27	--	10	22270	卖盘
11:18:25	22.27	-0.01	59	131393	卖盘
11:18:10	22.28	--	147	328986	卖盘
11:17:55	22.28	-0.01	100	222800	卖盘
11:17:43	22.29	--	15	33435	买盘
11:17:40	22.29	--	39	86931	买盘
11:17:13	22.29	--	20	44580	买盘
11:17:09	22.29	--	27	60183	买盘
11:17:04	22.29	--	41	91389	卖盘
11:16:58	22.29	--	10	22290	卖盘
11:16:54	22.29	--	8	17832	卖盘
11:16:49	22.29	--	5	11145	卖盘
11:16:39	22.29	-0.01	5	11145	买盘
11:16:28	22.3	--	0	0	买盘
11:16:24	22.3	0.01	76	169480	买盘
11:16:09	22.29	--	26	57954	买盘
11:15:54	22.29	0.01	388	864852	买盘
11:15:43	22.28	-0.01	35	77980	卖盘
11:15:39	22.29	--	21	46809	买盘
11:15:34	22.29	0.01	100	222900	买盘
11:15:24	22.28	--	30	66840	卖盘
11:15:13	22.28	--	12	26736	卖盘
11:15:09	22.28	--	10	22280	卖盘
11:14:58	22.28	--	2	4456	卖盘
11:14:49	22.28	--	16	36405	买盘
11:14:43	22.28	--	13	28964	买盘
11:14:39	22.28	--	30	66840	买盘
11:14:19	22.28	-0.01	186	415878	卖盘
11:14:09	22.29	0.01	81	180549	买盘
11:14:04	22.28	-0.01	22	49016	卖盘
11:13:54	22.29	--	13	29734	买盘
11:13:43	22.29	--	12	26748	买盘
11:13:39	22.29	0.01	37	82473	买盘
11:13:34	22.28	-0.01	8	17824	卖盘
11:13:28	22.29	--	4	8916	买盘
11:13:24	22.29	--	31	69099	买盘
11:13:19	22.29	0.01	27	60183	买盘
11:13:13	22.28	-0.01	15	33420	卖盘
11:13:09	22.29	0.01	46	102534	买盘
11:13:04	22.28	-0.01	2	4456	卖盘
11:12:58	22.29	--	1	2229	买盘
11:12:54	22.29	-0.01	24	53496	卖盘
11:12:49	22.3	--	5	11150	买盘
11:12:43	22.3	--	32	71360	买盘
11:12:39	22.3	0.02	57	127110	买盘
11:12:34	22.28	-0.02	42	93576	卖盘
11:12:28	22.3	0.01	39	86970	买盘
11:12:22	22.29	-0.01	10	22290	卖盘
11:12:19	22.3	--	12	26760	买盘
11:12:13	22.3	--	129	287670	买盘
11:12:07	22.3	--	51	113730	买盘
11:12:04	22.3	--	7	15610	买盘
11:11:58	22.3	--	9	20070	买盘
11:11:49	22.3	0.01	125	278750	买盘
11:11:43	22.29	--	156	347724	买盘
11:11:37	22.29	--	17	37893	卖盘
11:11:34	22.29	0.01	75	167175	买盘
11:11:22	22.28	--	21	46788	卖盘
11:11:19	22.28	-0.01	1	2228	卖盘
11:11:13	22.29	0.02	359	800211	买盘
11:11:07	22.27	-0.01	19	42313	卖盘
11:11:03	22.28	0.01	112	249536	买盘
11:10:58	22.27	--	87	193749	卖盘
11:10:52	22.27	--	12	26724	卖盘
11:10:43	22.27	0.02	8	17816	买盘
11:10:28	22.25	--	28	62300	卖盘
11:10:22	22.25	--	53	117925	买盘
11:10:18	22.25	0.02	26	57850	买盘
11:10:03	22.23	--	9	20007	买盘
11:09:58	22.23	-0.02	41	91143	卖盘
11:09:48	22.25	--	10	22250	卖盘
11:09:43	22.25	0.02	50	111250	买盘
11:09:22	22.23	0.01	8	17784	买盘
11:09:18	22.22	--	31	68882	买盘
11:09:13	22.22	0.01	105	233310	买盘
11:09:07	22.21	-0.01	2	4442	卖盘
11:08:48	22.22	--	62	137764	卖盘
11:08:43	22.22	--	174	386628	卖盘
11:08:37	22.22	--	8	17776	卖盘
11:08:33	22.22	-0.01	53	117766	卖盘
11:08:18	22.23	-0.01	58	129200	卖盘
11:08:13	22.24	-0.01	30	66720	卖盘
11:08:07	22.25	0.01	16	35600	卖盘
11:07:58	22.24	-0.02	30	66720	买盘
11:07:52	22.26	--	10	22260	买盘
11:07:48	22.26	--	0	0	买盘
11:07:43	22.26	-0.01	172	382872	卖盘
11:07:37	22.27	0.01	63	142260	买盘
11:07:33	22.26	--	69	153594	买盘
11:07:28	22.26	--	229	509754	买盘
11:07:18	22.26	--	86	191436	买盘
11:07:13	22.26	--	223	496398	卖盘
11:07:03	22.26	--	41	91266	卖盘
11:06:58	22.26	0.01	3	6678	买盘
11:06:43	22.25	-0.01	18	40050	中性盘
11:06:37	22.26	0.01	21	46746	卖盘
11:06:33	22.25	--	13	28925	买盘
11:06:28	22.25	-0.03	153	340425	卖盘
11:06:22	22.28	0.01	20	44560	买盘
11:06:18	22.27	0.01	25	55675	买盘
11:06:13	22.26	-0.01	44	97944	卖盘
11:06:07	22.27	0.02	55	122485	买盘
11:05:52	22.25	-0.02	37	82325	卖盘
11:05:46	22.27	-0.01	10	22270	卖盘
11:05:43	22.28	0.02	157	349796	买盘
11:05:37	22.26	0.01	10	22260	中性盘
11:05:28	22.25	-0.02	109	242525	卖盘
11:05:22	22.27	--	42	93534	买盘
11:05:13	22.27	-0.01	57	126939	中性盘
11:05:01	22.28	0.01	50	111400	买盘
11:04:58	22.27	--	20	44540	买盘
11:04:52	22.27	-0.01	11	24497	卖盘
11:04:46	22.28	--	52	115856	买盘
11:04:42	22.28	0.01	116	258448	买盘
11:04:27	22.27	--	105	233835	买盘
11:04:22	22.27	0.01	26	57902	买盘
11:04:16	22.26	--	0	0	卖盘
11:04:12	22.26	-0.01	46	102396	卖盘
11:04:07	22.27	--	5	11135	卖盘
11:04:01	22.27	-0.02	14	31178	卖盘
11:03:52	22.29	--	46	102534	买盘
11:03:42	22.29	--	52	115908	卖盘
11:03:27	22.29	-0.01	4	8916	中性盘
11:03:22	22.3	0.04	28	62440	买盘
11:03:12	22.26	-0.04	56	124656	卖盘
11:03:07	22.3	--	0	0	买盘
11:02:57	22.3	--	0	0	买盘
11:02:52	22.3	-0.01	20	44600	买盘
11:02:46	22.31	0.03	76	169556	买盘
11:02:42	22.28	-0.02	260	579280	卖盘
11:02:37	22.3	--	6	13380	卖盘
11:02:31	22.3	0.02	243	541890	买盘
11:02:27	22.28	0.02	26	57928	买盘
11:02:22	22.26	--	506	1126356	卖盘
11:02:16	22.26	--	4	8904	卖盘
11:02:12	22.26	-0.03	71	158046	卖盘
11:02:07	22.29	0.01	7	15603	买盘
11:01:57	22.28	0.04	232	516896	买盘
11:01:52	22.24	-0.01	5	11120	卖盘
11:01:42	22.25	0.01	49	109025	买盘
11:01:37	22.24	-0.01	36	80064	卖盘
11:01:27	22.25	--	28	62300	卖盘
11:01:22	22.25	--	1	2225	卖盘
11:01:12	22.25	-0.02	15	33375	卖盘
11:01:01	22.27	--	3	6681	买盘
11:00:57	22.27	0.02	8	17816	买盘
11:00:52	22.25	--	1	2225	卖盘
11:00:46	22.25	--	0	0	卖盘
11:00:42	22.25	-0.03	175	389375	买盘
11:00:37	22.28	0.03	6	13368	买盘
11:00:31	22.25	-0.03	19	42275	卖盘
11:00:27	22.28	0.03	56	124768	买盘
11:00:22	22.25	-0.01	6	13350	卖盘
11:00:11	22.26	--	2	4452	卖盘
11:00:01	22.26	-0.02	8	17808	卖盘
10:59:57	22.28	0.03	6	13368	买盘
10:59:46	22.25	-0.01	18	40050	卖盘
10:59:31	22.26	0.01	173	385098	买盘
10:59:25	22.25	-0.01	100	222500	卖盘
10:59:22	22.26	0.01	50	111300	买盘
10:59:16	22.25	--	36	80100	卖盘
10:59:07	22.25	--	0	0	卖盘
10:59:01	22.25	--	0	0	卖盘
10:58:55	22.25	--	4	8900	卖盘
10:58:46	22.25	-0.01	45	100125	卖盘
10:58:40	22.26	--	5	11130	卖盘
10:58:36	22.26	--	21	46746	卖盘
10:58:31	22.26	-0.02	10	22260	卖盘
10:58:25	22.28	--	30	66840	买盘
10:58:21	22.28	0.02	100	222800	买盘
10:58:16	22.26	-0.02	76	169176	卖盘
10:58:06	22.28	--	50	111400	买盘
10:58:01	22.28	--	5	11140	买盘
10:57:55	22.28	0.02	7	15596	买盘
10:57:46	22.26	-0.01	97	215922	卖盘
10:57:40	22.27	-0.01	20	44540	卖盘
10:57:36	22.28	0.02	45	100260	买盘
10:57:31	22.26	-0.01	79	175854	卖盘
10:57:21	22.27	--	2	4454	买盘
10:57:16	22.27	--	4	8908	买盘
10:57:10	22.27	0.03	2	4454	卖盘
10:56:51	22.24	--	11	24464	卖盘
10:56:46	22.24	-0.04	14	31135	卖盘
10:56:36	22.28	0.04	41	91348	买盘
10:56:31	22.24	-0.02	10	22240	中性盘
10:56:25	22.26	0.01	26	57876	买盘
10:56:21	22.25	0.01	5	11125	买盘
10:56:16	22.24	-0.02	95	211279	卖盘
10:56:06	22.26	0.01	23	51198	买盘
10:56:01	22.25	--	2	4450	卖盘
10:55:55	22.25	-0.01	17	37825	买盘
10:55:46	22.26	0.01	96	213696	买盘
10:55:36	22.25	-0.01	4	8900	卖盘
10:55:31	22.26	--	0	0	买盘
10:55:25	22.26	0.01	107	238182	买盘
10:55:21	22.25	0.01	22	48950	买盘
10:55:16	22.24	-0.01	112	249087	卖盘
10:55:06	22.25	-0.01	140	311500	卖盘
10:55:01	22.26	--	25	55650	买盘
10:54:55	22.26	0.01	5	11130	买盘
10:54:51	22.25	--	1	2225	买盘
10:54:46	22.25	-0.01	7	15575	卖盘
10:54:40	22.26	-0.02	119	264894	卖盘
10:54:36	22.28	-0.01	1	2228	买盘
10:54:31	22.29	0.01	26	57954	买盘
10:54:25	22.28	--	16	35648	卖盘
10:54:16	22.28	-0.01	149	331972	买盘
10:54:01	22.29	--	0	0	买盘
10:53:55	22.29	--	20	44580	买盘
10:53:51	22.29	0.01	31	69099	买盘
10:53:46	22.28	--	46	102488	卖盘
10:53:34	22.28	0.02	25	55700	买盘
10:53:31	22.26	--	75	166950	买盘
10:53:25	22.26	0.02	70	155820	买盘
10:53:16	22.24	-0.01	128	284672	卖盘
10:53:10	22.25	0.02	180	400500	买盘
10:53:04	22.23	0.01	1	2223	中性盘
10:53:01	22.22	-0.01	5	11110	卖盘
10:52:55	22.23	--	9	20140	买盘
10:52:46	22.23	--	418	929214	买盘
10:52:40	22.23	0.01	3	6669	买盘
10:52:31	22.22	-0.01	5	11110	中性盘
10:52:25	22.23	0.01	100	222300	买盘
10:52:19	22.22	0.01	1	2222	买盘
10:52:16	22.21	--	40	88840	卖盘
10:52:10	22.21	-0.01	26	57746	卖盘
10:52:00	22.22	0.01	14	31108	买盘
10:51:55	22.21	--	39	88573	买盘
10:51:49	22.21	--	0	0	买盘
10:51:45	22.21	--	182	404222	买盘
10:51:40	22.21	0.01	40	88840	买盘
10:51:34	22.2	--	46	102120	卖盘
10:51:30	22.2	--	4	8880	卖盘
10:51:25	22.2	-0.01	1	2220	卖盘
10:51:19	22.21	0.01	10	22210	买盘
10:51:10	22.2	-0.01	36	79920	卖盘
10:51:04	22.21	-0.01	377	837583	卖盘
10:50:55	22.22	-0.02	11	24442	卖盘
10:50:49	22.24	0.01	10	22240	买盘
10:50:45	22.23	0.01	33	73359	中性盘
10:50:40	22.22	--	301	668822	卖盘
10:50:34	22.22	-0.03	71	157762	卖盘
10:50:30	22.25	0.02	10	22250	买盘
10:50:15	22.23	--	9	20007	卖盘
10:50:10	22.23	-0.02	9	20007	卖盘
10:50:04	22.25	--	10	22250	卖盘
10:50:00	22.25	0.01	105	233625	买盘
10:49:55	22.24	--	90	200160	卖盘
10:49:45	22.24	-0.02	187	415887	卖盘
10:49:40	22.26	--	0	0	买盘
10:49:34	22.26	0.01	27	60102	买盘
10:49:19	22.25	-0.01	6	13350	卖盘
10:49:15	22.26	--	14	31164	卖盘
10:49:10	22.26	--	19	42294	买盘
10:49:04	22.26	0.01	1	2226	买盘
10:49:00	22.25	--	3	6675	卖盘
10:48:45	22.25	--	23	51175	卖盘
10:48:40	22.25	--	30	66750	卖盘
10:48:34	22.25	--	5	11125	卖盘
10:48:30	22.25	--	20	44500	买盘
10:48:19	22.25	0.02	20	44500	买盘
10:48:15	22.23	-0.02	404	898092	卖盘
10:48:00	22.25	0.01	3	6675	买盘
10:47:49	22.24	--	0	0	卖盘
10:47:45	22.24	-0.01	79	175696	卖盘
10:47:40	22.25	-0.01	51	113475	卖盘
10:47:34	22.26	--	26	57876	买盘
10:47:25	22.26	--	52	115752	买盘
10:47:19	22.26	-0.01	70	155820	卖盘
10:47:13	22.27	--	60	133620	买盘
10:46:58	22.27	--	6	13362	卖盘
10:46:55	22.27	--	31	69037	卖盘
10:46:43	22.27	-0.01	77	171479	卖盘
10:46:40	22.28	--	43	95804	卖盘
10:46:34	22.28	--	15	33420	卖盘
10:46:28	22.28	--	14	31192	卖盘
10:46:25	22.28	--	7	15596	卖盘
10:46:19	22.28	--	4	8912	卖盘
10:46:13	22.28	-0.02	26	57928	卖盘
10:46:04	22.3	-0.01	12	26760	买盘
10:45:49	22.31	0.03	40	89240	买盘
10:45:43	22.28	-0.01	33	73524	卖盘
10:45:39	22.29	-0.01	73	162717	卖盘
10:45:34	22.3	--	46	102580	买盘
10:45:28	22.3	0.01	4	8920	买盘
10:45:24	22.29	--	40	89160	卖盘
10:45:13	22.29	-0.01	2	4458	卖盘
10:45:09	22.3	--	0	0	中性盘
10:44:54	22.3	--	20	44600	买盘
10:44:49	22.3	0.02	121	269830	买盘
10:44:43	22.28	-0.01	88	196064	卖盘
10:44:39	22.29	-0.01	31	69099	卖盘
10:44:34	22.3	--	71	158330	买盘
10:44:28	22.3	0.01	4	8920	买盘
10:44:24	22.29	-0.01	4	8916	卖盘
10:44:19	22.3	--	107	238610	买盘
10:44:13	22.3	0.02	121	269830	买盘
10:44:09	22.28	--	25	55700	卖盘
10:43:54	22.28	--	4	8912	卖盘
10:43:49	22.28	-0.02	20	44560	卖盘
10:43:43	22.3	--	71	158330	买盘
10:43:39	22.3	0.01	54	120420	买盘
10:43:34	22.29	--	2	4458	卖盘
10:43:13	22.29	--	39	86931	卖盘
10:43:09	22.29	--	8	17832	卖盘
10:43:04	22.29	0.01	52	115908	买盘
10:42:58	22.28	--	51	113628	卖盘
10:42:54	22.28	--	20	44560	卖盘
10:42:43	22.28	-0.01	30	66840	买盘
10:42:34	22.29	0.01	100	222900	买盘
10:42:28	22.28	--	19	42332	卖盘
10:42:24	22.28	--	5	11140	卖盘
10:42:19	22.28	-0.01	1	2228	卖盘
10:42:13	22.29	0.01	105	234045	买盘
10:42:09	22.28	--	58	129224	买盘
10:42:04	22.28	0.02	75	167100	买盘
10:41:54	22.26	-0.01	40	89040	卖盘
10:41:49	22.27	--	84	187068	买盘
10:41:43	22.27	0.02	322	717094	买盘
10:41:39	22.25	--	40	89000	卖盘
10:41:34	22.25	--	51	113475	卖盘
10:41:28	22.25	--	7	15575	买盘
10:41:24	22.25	0.01	5	11125	买盘
10:41:19	22.24	0.01	30	66720	买盘
10:41:13	22.23	-0.01	37	82251	卖盘
10:41:09	22.24	--	5	11120	卖盘
10:41:04	22.24	--	5	11120	卖盘
10:40:58	22.24	--	22	48928	买盘
10:40:52	22.24	-0.01	42	93408	卖盘
10:40:49	22.25	--	103	229175	买盘
10:40:43	22.25	--	115	255875	卖盘
10:40:37	22.25	--	1	2225	卖盘
10:40:34	22.25	-0.02	300	667500	卖盘
10:40:28	22.27	--	35	77945	卖盘
10:40:19	22.27	--	8	17816	买盘
10:40:13	22.27	--	133	296191	卖盘
10:40:03	22.27	-0.02	1	2227	卖盘
10:39:58	22.29	0.01	35	78015	买盘
10:39:52	22.28	-0.02	41	91348	买盘
10:39:49	22.3	0.02	26	57980	买盘
10:39:43	22.28	--	152	338656	卖盘
10:39:37	22.28	-0.01	10	22280	卖盘
10:39:34	22.29	0.01	10	22290	买盘
10:39:28	22.28	--	33	73524	卖盘
10:39:22	22.28	-0.02	30	66840	卖盘
10:39:18	22.3	0.02	181	403630	买盘
10:39:13	22.28	-0.01	46	102488	卖盘
10:39:07	22.29	--	24	53496	买盘
10:39:03	22.29	-0.01	184	410136	卖盘
10:38:58	22.3	--	42	93660	买盘
10:38:48	22.3	0.01	38	84740	买盘
10:38:43	22.29	-0.01	377	840333	卖盘
10:38:33	22.3	--	56	124880	卖盘
10:38:28	22.3	--	7	15610	卖盘
10:38:22	22.3	--	15	33450	卖盘
10:38:18	22.3	0.01	10	22300	卖盘
10:38:13	22.29	-0.01	239	532731	卖盘
10:38:07	22.3	0.01	10	22300	买盘
10:38:03	22.29	-0.01	375	835875	卖盘
10:37:58	22.3	-0.01	101	225230	卖盘
10:37:52	22.31	--	27	60237	买盘
10:37:48	22.31	0.01	57	127166	买盘
10:37:43	22.3	--	2	4460	卖盘
10:37:37	22.3	-0.03	20	44600	卖盘
10:37:33	22.33	0.03	102	227765	买盘
10:37:28	22.3	-0.02	190	423700	卖盘
10:37:22	22.32	0.02	65	145080	买盘
10:37:18	22.3	--	10	22300	卖盘
10:37:13	22.3	0.01	41	91430	买盘
10:37:07	22.29	-0.01	220	490380	卖盘
10:37:03	22.3	-0.02	64	142720	买盘
10:36:58	22.32	0.02	166	370512	买盘
10:36:52	22.3	-0.01	21	46830	买盘
10:36:48	22.31	--	150	334650	买盘
10:36:43	22.31	0.02	13	29003	买盘
10:36:37	22.29	-0.02	459	1023111	卖盘
10:36:33	22.31	--	61	136091	卖盘
10:36:28	22.31	0.01	326	727306	买盘
10:36:22	22.3	--	48	107040	卖盘
10:36:18	22.3	--	263	586490	卖盘
10:36:13	22.3	--	117	260910	卖盘
10:36:07	22.3	-0.02	60	133800	卖盘
10:36:03	22.32	--	242	540144	买盘
10:35:58	22.32	0.01	81	180792	买盘
10:35:52	22.31	--	0	0	卖盘
10:35:48	22.31	-0.01	72	160632	卖盘
10:35:43	22.32	-0.01	32	71424	买盘
10:35:37	22.33	0.03	76	169708	买盘
10:35:33	22.3	-0.01	57	127110	卖盘
10:35:28	22.31	-0.02	18	40158	卖盘
10:35:22	22.33	--	15	33495	买盘
10:35:18	22.33	0.02	95	212134	中性盘
10:35:13	22.31	-0.02	201	448431	卖盘
10:35:07	22.33	0.03	57	127280	中性盘
10:35:03	22.3	-0.03	52	115960	卖盘
10:34:58	22.33	0.03	154	343882	买盘
10:34:52	22.3	--	31	69130	买盘
10:34:48	22.3	-0.03	181	403630	卖盘
10:34:43	22.33	0.01	55	122814	买盘
10:34:37	22.32	--	323	720936	买盘
10:34:31	22.32	0.02	50	111600	买盘
10:34:28	22.3	0.01	189	421470	买盘
10:34:22	22.29	--	168	374472	买盘
10:34:16	22.29	--	60	133740	买盘
10:34:13	22.29	--	10	22290	买盘
10:34:07	22.29	-0.01	142	316518	中性盘
10:34:01	22.3	0.01	100	223000	买盘
10:33:58	22.29	--	339	755631	卖盘
10:33:52	22.29	--	60	133740	卖盘
10:33:46	22.29	--	146	325434	卖盘
10:33:42	22.29	0.01	27	60183	买盘
10:33:37	22.28	-0.01	37	82436	卖盘
10:33:31	22.29	-0.01	237	528273	卖盘
10:33:27	22.3	--	18	40140	买盘
10:33:16	22.3	-0.02	160	356800	卖盘
10:33:13	22.32	0.02	10	22320	中性盘
10:33:07	22.3	-0.03	537	1197510	卖盘
10:33:01	22.33	--	2	4466	卖盘
10:32:57	22.33	-0.01	10	22330	卖盘
10:32:52	22.34	-0.01	80	178720	卖盘
10:32:46	22.35	--	2	4470	卖盘
10:32:42	22.35	0.02	225	502875	买盘
10:32:37	22.33	-0.03	133	296989	卖盘
10:32:27	22.36	0.01	784	1753024	买盘
10:32:22	22.35	--	189	422415	卖盘
10:32:16	22.35	-0.01	10	22350	卖盘
10:32:12	22.36	--	220	491920	卖盘
10:32:07	22.36	-0.02	216	482976	卖盘
10:32:01	22.38	0.01	16	35808	买盘
10:31:57	22.37	-0.01	85	190145	买盘
10:31:52	22.38	0.01	110	246180	买盘
10:31:46	22.37	0.01	52	116324	中性盘
10:31:42	22.36	-0.01	77	172172	卖盘
10:31:37	22.37	0.02	67	149879	买盘
10:31:31	22.35	--	143	319605	买盘
10:31:27	22.35	--	302	674970	买盘
10:31:22	22.35	0.01	185	413475	买盘
10:31:12	22.34	0.01	15	33510	买盘
10:31:07	22.33	0.01	50	111649	买盘
10:31:01	22.32	0.01	127	283464	买盘
10:30:57	22.31	0.01	133	296723	买盘
10:30:52	22.3	--	16	35680	卖盘
10:30:46	22.3	0.01	251	559730	买盘
10:30:42	22.29	-0.01	244	543876	中性盘
10:30:37	22.3	0.01	80	178400	买盘
10:30:31	22.29	0.01	6	13374	买盘
10:30:27	22.28	-0.01	12	26736	中性盘
10:30:22	22.29	0.02	220	490380	买盘
10:30:16	22.27	--	10	22270	卖盘
10:30:07	22.27	--	21	46767	买盘
10:30:01	22.27	--	100	222700	买盘
10:29:57	22.27	0.01	13	28951	买盘
10:29:52	22.26	--	19	42294	买盘
10:29:46	22.26	--	88	195888	买盘
10:29:42	22.26	0.01	23	51198	买盘
10:29:37	22.25	--	3	6675	卖盘
10:29:31	22.25	--	5	11125	中性盘
10:29:27	22.25	--	15	33375	卖盘
10:29:22	22.25	0.02	45	100125	买盘
10:29:12	22.23	--	7	15561	买盘
10:29:07	22.23	--	46	102258	卖盘
10:29:01	22.23	--	50	111150	卖盘
10:28:57	22.23	--	0	0	卖盘
10:28:52	22.23	-0.02	30	66690	卖盘
10:28:46	22.25	0.01	503	1119175	买盘
10:28:42	22.24	--	60	133440	卖盘
10:28:37	22.24	--	76	169024	卖盘
10:28:31	22.24	0.01	2	4448	买盘
10:28:27	22.23	-0.01	30	66690	卖盘
10:28:22	22.24	0.01	11	24464	买盘
10:28:16	22.23	--	3	6669	卖盘
10:28:10	22.23	--	4	8892	卖盘
10:28:07	22.23	0.01	21	46683	中性盘
10:28:01	22.22	-0.02	163	362186	卖盘
10:27:52	22.24	0.02	220	489279	买盘
10:27:46	22.22	--	51	113322	卖盘
10:27:36	22.22	--	1	2222	卖盘
10:27:25	22.22	--	26	57772	买盘
10:27:21	22.22	--	242	537724	买盘
10:27:16	22.22	-0.02	43	95546	卖盘
10:27:10	22.24	0.02	518	1152032	买盘
10:27:06	22.22	--	129	286638	买盘
10:27:01	22.22	--	38	84436	买盘
10:26:51	22.22	-0.01	225	499950	买盘
10:26:46	22.23	0.02	93	206739	买盘
10:26:40	22.21	-0.01	68	151028	卖盘
10:26:36	22.22	--	119	264418	买盘
10:26:31	22.22	--	59	131098	买盘
10:26:25	22.22	--	13	28886	买盘
10:26:21	22.22	0.01	233	517726	买盘
10:26:16	22.21	-0.01	30	66630	卖盘
10:26:06	22.22	0.01	25	55550	买盘
10:25:55	22.21	--	8	17768	卖盘
10:25:51	22.21	0.01	231	515005	买盘
10:25:46	22.2	--	59	130980	卖盘
10:25:31	22.2	--	121	268620	买盘
10:25:25	22.2	--	3	6660	中性盘
10:25:21	22.2	--	103	228660	买盘
10:25:16	22.2	--	1	2486	卖盘
10:25:10	22.2	--	5	13053	买盘
10:25:06	22.2	0.01	150	333000	买盘
10:25:01	22.19	-0.01	225	499674	卖盘
10:24:55	22.2	--	2	4440	买盘
10:24:51	22.2	0.01	46	102120	买盘
10:24:46	22.19	-0.01	2	4438	卖盘
10:24:31	22.2	--	8	17760	买盘
10:24:25	22.2	--	8	17760	买盘
10:24:21	22.2	0.02	1	2220	买盘
10:24:16	22.18	-0.02	70	155260	卖盘
10:24:06	22.2	0.01	100	222000	买盘
10:24:01	22.19	0.01	26	57694	买盘
10:23:55	22.18	-0.01	1	2218	卖盘
10:23:46	22.19	--	3	6657	买盘
10:23:36	22.19	--	49	108731	卖盘
10:23:31	22.19	-0.01	50	110950	卖盘
10:23:21	22.2	--	44	97680	买盘
10:23:16	22.2	0.01	9	19980	买盘
10:23:06	22.19	-0.01	7	15533	卖盘
10:23:01	22.2	0.01	26	57720	买盘
10:22:55	22.19	-0.01	11	24409	卖盘
10:22:51	22.2	--	5	11366	卖盘
10:22:36	22.2	--	10	22200	卖盘
10:22:31	22.2	--	4	8880	卖盘
10:22:25	22.2	-0.01	46	102120	卖盘
10:22:21	22.21	0.01	7	15547	买盘
10:22:16	22.2	--	71	157620	卖盘
10:22:10	22.2	--	10	22200	卖盘
10:21:55	22.2	--	80	179553	买盘
10:21:46	22.2	--	27	59940	买盘
10:21:40	22.2	0.02	200	444000	买盘
10:21:30	22.18	-0.02	7	15526	卖盘
10:21:25	22.2	--	69	153180	买盘
10:21:19	22.2	0.01	22	48840	买盘
10:21:15	22.19	--	10	22456	卖盘
10:21:10	22.19	--	17	37723	卖盘
10:21:04	22.19	--	43	95417	卖盘
10:21:00	22.19	-0.01	101	224119	卖盘
10:20:55	22.2	--	151	335220	买盘
10:20:49	22.2	--	46	102120	买盘
10:20:45	22.2	0.01	23	51060	买盘
10:20:40	22.19	-0.01	61	135359	卖盘
10:20:34	22.2	--	12	26640	卖盘
10:20:30	22.2	--	15	33300	卖盘
10:20:25	22.2	--	2	4440	卖盘
10:20:15	22.2	--	13	28860	卖盘
10:20:10	22.2	--	23	51060	卖盘
10:20:04	22.2	0.01	126	281673	买盘
10:20:00	22.19	--	51	113169	买盘
10:19:55	22.19	0.01	11	24409	买盘
10:19:49	22.18	--	4	8872	卖盘
10:19:40	22.18	-0.01	10	22180	卖盘
10:19:34	22.19	0.01	10	22190	买盘
10:19:30	22.18	--	18	39924	卖盘
10:19:25	22.18	0.01	10	22180	中性盘
10:19:19	22.17	--	60	133020	卖盘
10:19:15	22.17	--	50	110850	卖盘
10:19:10	22.17	--	10	22170	卖盘
10:19:04	22.17	--	35	77595	卖盘
10:19:00	22.17	--	10	22170	卖盘
10:18:55	22.17	0.01	14	31038	买盘
10:18:49	22.16	--	0	0	卖盘
10:18:45	22.16	--	33	73128	卖盘
10:18:40	22.16	-0.01	10	22160	卖盘
10:18:34	22.17	--	2	4434	卖盘
10:18:30	22.17	--	0	0	卖盘
10:18:25	22.17	-0.01	55	121935	卖盘
10:18:19	22.18	--	14	31052	卖盘
10:18:15	22.18	0.01	70	155260	买盘
10:18:10	22.17	-0.02	28	62076	卖盘
10:18:04	22.19	0.01	37	82103	买盘
10:18:00	22.18	--	0	0	卖盘
10:17:55	22.18	-0.01	25	55450	卖盘
10:17:49	22.19	0.01	10	22190	买盘
10:17:45	22.18	--	0	0	卖盘
10:17:40	22.18	-0.01	23	51014	卖盘
10:17:34	22.19	--	3	6657	卖盘
10:17:30	22.19	-0.01	35	77665	卖盘
10:17:19	22.2	--	35	77700	买盘
10:17:15	22.2	-0.01	260	577466	卖盘
10:17:10	22.21	0.01	46	102166	买盘
10:17:04	22.2	-0.01	384	852480	卖盘
10:17:00	22.21	--	20	44420	买盘
10:16:55	22.21	--	16	35536	卖盘
10:16:49	22.21	--	10	22210	卖盘
10:16:45	22.21	0.01	57	126597	买盘
10:16:40	22.2	-0.01	53	117660	卖盘
10:16:34	22.21	--	5	11105	买盘
10:16:25	22.21	0.01	137	304277	买盘
10:16:19	22.2	-0.01	10	22200	卖盘
10:16:15	22.21	0.01	10	22210	买盘
10:16:10	22.2	--	142	315240	卖盘
10:16:04	22.2	--	3	6660	卖盘
10:16:00	22.2	--	71	157620	卖盘
10:15:55	22.2	--	9	19980	卖盘
10:15:49	22.2	--	10	22200	卖盘
10:15:45	22.2	--	10	22200	卖盘
10:15:40	22.2	--	20	44400	卖盘
10:15:34	22.2	0.01	68	152913	买盘
10:15:25	22.19	--	7	15533	卖盘
10:15:19	22.19	-0.01	5	11095	卖盘
10:15:09	22.2	--	26	57720	买盘
10:14:58	22.2	0.01	34	75480	买盘
10:14:54	22.19	0.01	1	2219	卖盘
10:14:49	22.18	--	5	11090	卖盘
10:14:43	22.18	--	22	48796	卖盘
10:14:39	22.18	-0.02	29	64322	卖盘
10:14:34	22.2	0.02	96	213120	买盘
10:14:24	22.18	--	8	17744	卖盘
10:14:19	22.18	-0.01	4	8872	卖盘
10:14:13	22.19	--	34	75446	买盘
10:14:09	22.19	0.01	27	59913	买盘
10:13:54	22.18	-0.01	2	4436	卖盘
10:13:49	22.19	-0.01	47	104559	卖盘
10:13:43	22.2	0.02	59	132933	买盘
10:13:39	22.18	-0.01	7	15526	卖盘
10:13:34	22.19	--	10	22190	买盘
10:13:24	22.19	0.01	32	71008	买盘
10:13:09	22.18	-0.01	9	19962	卖盘
10:13:04	22.19	0.01	30	66570	买盘
10:12:58	22.18	--	14	31052	买盘
10:12:54	22.18	0.01	8	17744	买盘
10:12:34	22.17	-0.01	17	37689	卖盘
10:12:28	22.18	--	3	6654	卖盘
10:12:19	22.18	--	40	88720	卖盘
10:12:09	22.18	--	5	11090	卖盘
10:12:04	22.18	0.01	28	62104	卖盘
10:11:58	22.17	-0.01	19	42123	卖盘
10:11:54	22.18	0.01	65	145744	买盘
10:11:49	22.17	-0.01	1	2217	卖盘
10:11:43	22.18	0.01	25	55450	买盘
10:11:39	22.17	-0.01	18	39906	卖盘
10:11:34	22.18	--	5	11090	买盘
10:11:24	22.18	-0.01	27	60529	卖盘
10:11:19	22.19	--	8	17752	买盘
10:11:13	22.19	0.01	26	57694	买盘
10:11:09	22.18	--	32	70976	卖盘
10:10:58	22.18	--	10	22180	卖盘
10:10:54	22.18	--	54	119772	卖盘
10:10:49	22.18	--	20	44360	卖盘
10:10:43	22.18	-0.01	24	53232	卖盘
10:10:39	22.19	--	25	55475	卖盘
10:10:34	22.19	--	1	2219	买盘
10:10:28	22.19	-0.01	7	15533	卖盘
10:10:24	22.2	--	73	162060	买盘
10:10:18	22.2	--	20	44400	买盘
10:10:13	22.2	--	32	71040	买盘
10:10:09	22.2	--	2	4440	买盘
10:10:04	22.2	--	131	290820	卖盘
10:09:58	22.2	--	56	124320	卖盘
10:09:54	22.2	-0.01	20	44400	卖盘
10:09:49	22.21	0.01	80	177680	买盘
10:09:43	22.2	-0.01	32	71040	卖盘
10:09:34	22.21	--	132	293172	卖盘
10:09:24	22.21	--	6	13326	卖盘
10:09:19	22.21	-0.01	101	224321	卖盘
10:09:13	22.22	0.01	52	115544	买盘
10:09:07	22.21	--	0	0	卖盘
10:09:04	22.21	-0.01	69	153249	卖盘
10:08:58	22.22	-0.01	13	28886	买盘
10:08:52	22.23	0.02	156	346788	买盘
10:08:49	22.21	--	58	128818	卖盘
10:08:43	22.21	-0.01	9	19989	卖盘
10:08:37	22.22	-0.01	3	6666	买盘
10:08:33	22.23	--	10	22230	买盘
10:08:28	22.23	--	49	108927	买盘
10:08:22	22.23	--	6	13338	买盘
10:08:18	22.23	--	32	71136	买盘
10:08:13	22.23	--	10	22230	买盘
10:08:03	22.23	-0.01	17	37791	卖盘
10:07:58	22.24	0.01	35	77840	买盘
10:07:52	22.23	--	71	157833	卖盘
10:07:48	22.23	0.01	222	493506	买盘
10:07:43	22.22	-0.01	7	15554	卖盘
10:07:37	22.23	0.01	41	91143	买盘
10:07:33	22.22	-0.01	26	57772	卖盘
10:07:28	22.23	0.02	13	28899	买盘
10:07:18	22.21	-0.02	72	159912	卖盘
10:07:13	22.23	0.02	73	162279	买盘
10:07:07	22.21	-0.02	8	17768	卖盘
10:07:03	22.23	0.02	46	102258	买盘
10:06:58	22.21	--	39	86619	买盘
10:06:52	22.21	-0.01	102	226542	卖盘
10:06:48	22.22	0.01	358	795476	买盘
10:06:43	22.21	0.01	70	155470	卖盘
10:06:37	22.2	-0.01	5	11100	卖盘
10:06:33	22.21	--	32	71072	买盘
10:06:28	22.21	0.01	30	66630	买盘
10:06:22	22.2	--	182	404040	买盘
10:06:18	22.2	-0.01	174	386280	卖盘
10:06:13	22.21	--	40	88840	买盘
10:06:07	22.21	--	46	102166	买盘
10:06:03	22.21	--	17	37757	买盘
10:05:58	22.21	0.01	4	8884	买盘
10:05:52	22.2	--	2	4440	卖盘
10:05:43	22.2	0.01	2	4440	买盘
10:05:37	22.19	--	5	11095	卖盘
10:05:33	22.19	-0.01	50	111504	卖盘
10:05:28	22.2	--	336	745920	买盘
10:05:22	22.2	--	40	88800	买盘
10:05:18	22.2	0.01	351	779220	买盘
10:05:13	22.19	--	136	301784	卖盘
10:05:07	22.19	-0.01	25	55475	卖盘
10:05:03	22.2	0.01	142	315906	买盘
10:04:43	22.19	--	291	645729	买盘
10:04:37	22.19	0.01	20	44380	买盘
10:04:33	22.18	-0.01	45	99810	卖盘
10:04:18	22.19	0.01	63	139797	买盘
10:04:13	22.18	--	11	24398	卖盘
10:04:07	22.18	--	37	82066	卖盘
10:03:57	22.18	--	311	691372	买盘
10:03:52	22.18	--	60	133080	买盘
10:03:48	22.18	--	0	0	买盘
10:03:33	22.18	0.02	30	66540	买盘
10:03:27	22.16	-0.01	10	22160	卖盘
10:03:22	22.17	-0.01	16	35472	买盘
10:03:13	22.18	0.03	46	102028	买盘
10:03:07	22.15	-0.02	45	99675	卖盘
10:03:03	22.17	-0.01	5	11085	中性盘
10:02:58	22.18	0.02	57	126426	买盘
10:02:52	22.16	0.01	48	106368	中性盘
10:02:46	22.15	--	10	22150	卖盘
10:02:43	22.15	--	20	44300	卖盘
10:02:37	22.15	-0.01	47	104105	卖盘
10:02:31	22.16	0.01	23	50968	买盘
10:02:22	22.15	--	53	117394	卖盘
10:02:16	22.15	-0.01	5	11075	卖盘
10:02:12	22.16	--	320	709120	买盘
10:02:01	22.16	0.01	46	101936	买盘
10:01:52	22.15	--	9	19935	卖盘
10:01:46	22.15	--	20	44300	卖盘
10:01:37	22.15	0.01	150	332250	买盘
10:01:27	22.14	--	28	61992	卖盘
10:01:22	22.14	--	5	11070	卖盘
10:01:12	22.14	-0.01	6	13284	卖盘
10:01:07	22.15	0.01	67	148405	买盘
10:01:01	22.14	0.01	26	57564	买盘
10:00:57	22.13	--	17	37621	卖盘
10:00:52	22.13	-0.02	7	15491	卖盘
10:00:46	22.15	0.01	220	487299	买盘
10:00:42	22.14	--	12	26568	买盘
10:00:31	22.14	--	20	44280	买盘
10:00:27	22.14	--	70	154980	卖盘
10:00:22	22.14	--	4	8856	卖盘
10:00:16	22.14	-0.01	10	22140	卖盘
10:00:12	22.15	0.01	23	50945	买盘
10:00:07	22.14	--	3	6642	卖盘
09:59:57	22.14	--	137	303318	买盘
09:59:52	22.14	0.01	23	50922	买盘
09:59:46	22.13	--	50	110650	卖盘
09:59:42	22.13	--	7	15491	卖盘
09:59:37	22.13	--	95	210235	卖盘
09:59:22	22.13	--	8	17704	卖盘
09:59:12	22.13	0.01	15	33195	买盘
09:58:52	22.12	--	23	50876	卖盘
09:58:42	22.12	--	7	15484	买盘
09:58:37	22.12	0.03	11	24332	买盘
09:58:31	22.09	-0.01	436	963124	卖盘
09:58:27	22.1	0.01	11	24310	卖盘
09:58:22	22.09	-0.01	29	64061	卖盘
09:58:16	22.1	--	59	131649	买盘
09:58:12	22.1	--	28	61880	买盘
09:58:07	22.1	0.01	67	148070	买盘
09:58:01	22.09	--	2	4418	卖盘
09:57:57	22.09	--	62	136958	买盘
09:57:52	22.09	--	225	497025	买盘
09:57:42	22.09	0.01	986	2178074	买盘
09:57:37	22.08	--	144	317952	买盘
09:57:31	22.08	--	458	1011263	买盘
09:57:27	22.08	--	70	154560	买盘
09:57:22	22.08	--	160	353280	买盘
09:57:16	22.08	0.01	205	452639	买盘
09:57:12	22.07	-0.01	10	22070	卖盘
09:57:06	22.08	0.01	272	600576	买盘
09:57:01	22.07	0.01	11	24277	卖盘
09:56:57	22.06	-0.02	119	262514	卖盘
09:56:51	22.08	0.01	132	291456	买盘
09:56:46	22.07	--	2	4414	卖盘
09:56:42	22.07	--	190	419330	卖盘
09:56:37	22.07	--	7	15449	卖盘
09:56:22	22.07	--	152	335464	卖盘
09:56:16	22.07	--	58	128006	买盘
09:56:07	22.07	--	19	41933	买盘
09:56:01	22.07	--	66	145662	卖盘
09:55:55	22.07	-0.01	98	216286	卖盘
09:55:51	22.08	0.01	8	17664	买盘
09:55:46	22.07	-0.01	77	169939	卖盘
09:55:40	22.08	0.01	47	103775	买盘
09:55:36	22.07	--	29	64003	卖盘
09:55:31	22.07	-0.01	72	158904	卖盘
09:55:25	22.08	0.01	29	64031	买盘
09:55:21	22.07	--	1	2207	卖盘
09:55:16	22.07	-0.01	47	103729	卖盘
09:55:10	22.08	--	13	28703	买盘
09:55:06	22.08	--	105	231839	卖盘
09:55:01	22.08	--	10	22080	卖盘
09:54:51	22.08	-0.01	33	72864	卖盘
09:54:46	22.09	--	9	19881	买盘
09:54:40	22.09	--	10	22090	买盘
09:54:36	22.09	--	14	30926	买盘
09:54:31	22.09	--	42	92778	买盘
09:54:25	22.09	--	20	44180	买盘
09:54:21	22.09	--	11	24299	卖盘
09:54:16	22.09	-0.01	43	94987	卖盘
09:54:10	22.1	--	20	44200	买盘
09:54:06	22.1	--	7	15470	买盘
09:54:01	22.1	--	83	184380	卖盘
09:53:55	22.1	-0.02	9	19890	卖盘
09:53:51	22.12	0.02	28	61936	买盘
09:53:40	22.1	--	45	100709	买盘
09:53:36	22.1	-0.02	35	77350	中性盘
09:53:31	22.12	0.03	32	70784	买盘
09:53:25	22.09	-0.02	16	35344	卖盘
09:53:21	22.11	0.01	61	134871	中性盘
09:53:16	22.1	--	13	28730	卖盘
09:53:06	22.1	-0.02	7	15470	卖盘
09:53:01	22.12	-0.01	26	57512	中性盘
09:52:55	22.13	--	15	33195	买盘
09:52:51	22.13	--	90	199170	买盘
09:52:46	22.13	--	20	44260	买盘
09:52:40	22.13	--	3	6639	卖盘
09:52:36	22.13	-0.01	25	55325	卖盘
09:52:31	22.14	0.01	169	374166	买盘
09:52:25	22.13	--	4	8852	卖盘
09:52:21	22.13	--	0	0	卖盘
09:52:16	22.13	-0.02	41	90733	卖盘
09:52:10	22.15	--	5	11075	买盘
09:52:06	22.15	--	186	412942	卖盘
09:52:01	22.15	--	140	310100	卖盘
09:51:51	22.15	-0.01	203	449645	卖盘
09:51:46	22.16	--	74	163984	卖盘
09:51:40	22.16	0.01	1	2216	卖盘
09:51:36	22.15	-0.01	35	77525	卖盘
09:51:31	22.16	0.01	67	149735	卖盘
09:51:25	22.15	--	0	0	卖盘
09:51:21	22.15	-0.02	34	75310	卖盘
09:51:16	22.17	--	75	166275	买盘
09:51:10	22.17	0.01	100	221700	买盘
09:51:06	22.16	-0.01	2	4432	中性盘
09:51:01	22.17	0.01	257	569769	买盘
09:50:55	22.16	-0.01	6	13296	中性盘
09:50:51	22.17	--	23	50991	买盘
09:50:46	22.17	--	11	24387	买盘
09:50:40	22.17	-0.01	61	135237	买盘
09:50:36	22.18	0.01	563	1250641	买盘
09:50:30	22.17	-0.01	83	184011	卖盘
09:50:25	22.18	--	23	51014	买盘
09:50:21	22.18	--	25	55450	买盘
09:50:15	22.18	--	40	88720	买盘
09:50:10	22.18	0.01	145	321610	买盘
09:50:06	22.17	--	98	217266	卖盘
09:50:01	22.17	-0.01	60	133020	卖盘
09:49:51	22.18	0.01	231	512358	卖盘
09:49:46	22.17	-0.01	43	95331	卖盘
09:49:40	22.18	0.01	1	2218	中性盘
09:49:34	22.17	--	370	820290	卖盘
09:49:30	22.17	0.01	532	1179444	买盘
09:49:25	22.16	-0.01	16	35766	卖盘
09:49:15	22.17	--	100	221700	买盘
09:49:10	22.17	--	147	325899	卖盘
09:49:04	22.17	-0.01	114	252738	卖盘
09:49:01	22.18	--	20	44360	买盘
09:48:55	22.18	--	30	66540	买盘
09:48:49	22.18	--	107	238922	卖盘
09:48:45	22.18	--	54	119772	卖盘
09:48:40	22.18	--	89	197402	卖盘
09:48:34	22.18	--	11	25019	卖盘
09:48:30	22.18	--	234	519012	卖盘
09:48:25	22.18	-0.02	31	68758	卖盘
09:48:15	22.2	--	31	68820	买盘
09:48:10	22.2	0.02	20	44400	买盘
09:48:00	22.18	-0.02	52	115336	买盘
09:47:55	22.2	0.02	110	244200	买盘
09:47:49	22.18	--	2	4436	卖盘
09:47:45	22.18	-0.01	28	62104	卖盘
09:47:40	22.19	-0.01	163	361697	卖盘
09:47:34	22.2	0.02	28	62160	买盘
09:47:30	22.18	--	196	434728	卖盘
09:47:25	22.18	--	25	55450	卖盘
09:47:19	22.18	-0.02	60	133080	卖盘
09:47:15	22.2	--	389	863580	买盘
09:47:10	22.2	0.02	176	390720	买盘
09:47:00	22.18	--	40	88720	卖盘
09:46:55	22.18	-0.02	10	22180	卖盘
09:46:49	22.2	0.02	329	730380	买盘
09:46:45	22.18	--	32	70976	买盘
09:46:34	22.18	--	23	51014	买盘
09:46:30	22.18	0.02	32	70976	买盘
09:46:25	22.16	-0.02	144	319104	卖盘
09:46:15	22.18	0.03	140	310520	买盘
09:46:04	22.15	-0.01	200	443000	卖盘
09:46:00	22.16	-0.02	42	93072	中性盘
09:45:55	22.18	0.03	13	28834	买盘
09:45:49	22.15	--	23	50945	卖盘
09:45:45	22.15	-0.03	267	591405	卖盘
09:45:40	22.18	0.03	63	139734	买盘
09:45:30	22.15	-0.01	71	157265	卖盘
09:45:25	22.16	-0.02	188	416608	卖盘
09:45:19	22.18	--	21	46578	卖盘
09:45:15	22.18	0.03	28	62104	买盘
09:45:10	22.15	-0.03	8	17720	卖盘
09:45:04	22.18	--	10	22180	买盘
09:45:00	22.18	0.03	43	95374	买盘
09:44:55	22.15	--	423	936944	卖盘
09:44:49	22.15	--	30	66450	卖盘
09:44:45	22.15	-0.03	30	66450	卖盘
09:44:40	22.18	0.02	166	368188	买盘
09:44:34	22.16	--	1	2216	买盘
09:44:30	22.16	-0.01	85	190553	卖盘
09:44:25	22.17	--	227	503281	卖盘
09:44:15	22.17	-0.01	10	22170	卖盘
09:44:10	22.18	--	251	556718	卖盘
09:44:04	22.18	-0.01	4	8872	卖盘
09:43:54	22.19	-0.01	115	255273	卖盘
09:43:49	22.2	--	25	55500	买盘
09:43:45	22.2	--	317	703740	买盘
09:43:39	22.2	-0.01	131	290820	卖盘
09:43:34	22.21	0.01	20	44420	买盘
09:43:30	22.2	--	84	186480	卖盘
09:43:24	22.2	-0.01	136	301920	卖盘
09:43:19	22.21	-0.01	31	68851	买盘
09:43:15	22.22	0.01	155	344410	买盘
09:43:09	22.21	-0.01	26	57746	买盘
09:43:04	22.22	--	27	59994	买盘
09:42:58	22.22	-0.01	91	202202	买盘
09:42:54	22.23	0.03	305	678015	买盘
09:42:49	22.2	-0.02	48	106560	卖盘
09:42:43	22.22	0.01	125	277750	买盘
09:42:39	22.21	--	11	24431	买盘
09:42:34	22.21	0.02	160	355360	卖盘
09:42:28	22.19	-0.03	10	22190	卖盘
09:42:24	22.22	--	380	844360	买盘
09:42:19	22.22	0.01	143	317746	买盘
09:42:13	22.21	--	63	139923	卖盘
09:42:09	22.21	0.01	454	1008334	买盘
09:42:04	22.2	0.01	4	8880	中性盘
09:41:58	22.19	-0.01	10	22190	卖盘
09:41:54	22.2	0.02	355	790231	买盘
09:41:49	22.18	0.01	105	232890	买盘
09:41:43	22.17	--	5	11085	卖盘
09:41:39	22.17	-0.01	31	68727	卖盘
09:41:34	22.18	--	14	31052	买盘
09:41:28	22.18	--	79	175222	买盘
09:41:24	22.18	--	119	263942	买盘
09:41:19	22.18	0.01	93	206274	买盘
09:41:13	22.17	--	36	79812	卖盘
09:41:09	22.17	--	230	509910	卖盘
09:41:04	22.17	--	16	35472	买盘
09:40:58	22.17	--	48	106416	买盘
09:40:54	22.17	0.02	88	195096	买盘
09:40:49	22.15	--	5	11075	卖盘
09:40:39	22.15	0.01	85	188275	买盘
09:40:34	22.14	0.01	11	24354	买盘
09:40:28	22.13	--	103	227939	买盘
09:40:24	22.13	0.01	304	672752	买盘
09:40:19	22.12	0.02	153	338436	买盘
09:40:09	22.1	--	5	11050	卖盘
09:40:04	22.1	--	117	258570	买盘
09:39:58	22.1	0.04	46	101660	买盘
09:39:54	22.06	0.01	98	216188	买盘
09:39:49	22.05	-0.04	101	222705	卖盘
09:39:39	22.09	0.02	218	481562	买盘
09:39:34	22.07	--	0	0	买盘
09:39:28	22.07	--	22	48554	买盘
09:39:24	22.07	--	0	0	买盘
09:39:19	22.07	0.05	32	70624	买盘
09:39:13	22.02	-0.05	78	171756	卖盘
09:39:09	22.07	0.05	152	335464	买盘
09:39:04	22.02	0.01	18	39636	卖盘
09:38:58	22.01	-0.01	108	237708	卖盘
09:38:49	22.02	--	244	537288	买盘
09:38:43	22.02	--	105	231210	卖盘
09:38:39	22.02	--	69	151938	卖盘
09:38:34	22.02	0.01	42	92484	买盘
09:38:28	22.01	-0.01	55	121055	卖盘
09:38:24	22.02	0.01	108	237816	买盘
09:38:19	22.01	0.01	197	433597	买盘
09:38:13	22.0	-0.01	24	52800	卖盘
09:38:09	22.01	--	171	376371	买盘
09:38:04	22.01	--	399	878199	买盘
09:37:58	22.01	-0.01	313	688913	买盘
09:37:54	22.02	0.01	219	482238	买盘
09:37:49	22.01	--	82	180482	卖盘
09:37:43	22.01	--	75	165075	卖盘
09:37:39	22.01	--	30	66030	卖盘
09:37:34	22.01	--	89	195889	卖盘
09:37:28	22.01	--	18	39618	卖盘
09:37:24	22.01	-0.01	35	77035	卖盘
09:37:19	22.02	--	12	26424	买盘
09:37:13	22.02	--	260	572520	卖盘
09:37:09	22.02	-0.01	43	94686	卖盘
09:37:03	22.03	--	69	152007	卖盘
09:36:58	22.03	--	10	22030	卖盘
09:36:54	22.03	-0.02	86	189458	卖盘
09:36:43	22.05	--	104	229320	卖盘
09:36:33	22.05	-0.01	92	202860	卖盘
09:36:22	22.06	-0.01	61	134566	卖盘
09:36:18	22.07	--	11	24277	买盘
09:36:13	22.07	--	7	15449	买盘
09:36:07	22.07	--	16	35312	买盘
09:36:03	22.07	--	27	59589	卖盘
09:35:58	22.07	-0.01	40	88280	卖盘
09:35:52	22.08	0.01	5	11040	卖盘
09:35:48	22.07	--	3	6621	卖盘
09:35:43	22.07	-0.03	46	101522	卖盘
09:35:37	22.1	-0.01	5	11050	卖盘
09:35:33	22.11	0.04	97	214467	买盘
09:35:28	22.07	--	3	6621	卖盘
09:35:22	22.07	-0.02	3	6621	卖盘
09:35:18	22.09	-0.01	421	929989	卖盘
09:35:13	22.1	--	7	15470	卖盘
09:35:07	22.1	0.02	74	163540	买盘
09:35:03	22.08	0.01	48	105983	买盘
09:34:52	22.07	0.01	14	30898	买盘
09:34:48	22.06	--	17	37502	买盘
09:34:43	22.06	0.02	16	35296	买盘
09:34:37	22.04	--	0	0	卖盘
09:34:33	22.04	--	90	198360	卖盘
09:34:28	22.04	--	39	85956	卖盘
09:34:18	22.04	--	31	68324	卖盘
09:34:13	22.04	--	0	0	卖盘
09:34:07	22.04	-0.04	1	2204	卖盘
09:34:03	22.08	0.04	30	66240	买盘
09:33:58	22.04	--	3	6612	卖盘
09:33:48	22.04	--	3	6612	卖盘
09:33:43	22.04	-0.01	17	37468	卖盘
09:33:37	22.05	--	0	0	中性盘
09:33:33	22.05	--	0	0	中性盘
09:33:28	22.05	-0.08	39	85995	卖盘
09:33:22	22.13	--	85	188105	卖盘
09:33:18	22.13	--	150	331950	卖盘
09:33:13	22.13	0.09	56	123928	买盘
09:33:07	22.04	-0.09	235	517940	卖盘
09:33:03	22.13	0.01	81	179253	买盘
09:32:58	22.12	-0.01	16	35392	卖盘
09:32:52	22.13	0.01	5	11065	买盘
09:32:48	22.12	--	11	24332	卖盘
09:32:43	22.12	--	0	0	卖盘
09:32:37	22.12	-0.02	179	395948	卖盘
09:32:33	22.14	--	15	33210	买盘
09:32:28	22.14	--	0	0	买盘
09:32:22	22.14	--	5	11070	买盘
09:32:18	22.14	0.02	28	61992	买盘
09:32:13	22.12	-0.01	123	272076	卖盘
09:32:07	22.13	0.01	79	174827	买盘
09:32:03	22.12	0.01	22	48664	买盘
09:31:58	22.11	-0.01	103	227733	卖盘
09:31:52	22.12	--	7	15484	买盘
09:31:48	22.12	0.01	15	33180	买盘
09:31:43	22.11	-0.01	180	397980	卖盘
09:31:33	22.12	0.01	70	154840	买盘
09:31:28	22.11	0.02	10	22110	买盘
09:31:13	22.09	0.04	25	55225	买盘
09:31:03	22.05	--	9	19845	卖盘
09:30:58	22.05	--	5	11025	卖盘
09:30:52	22.05	0.02	5	11025	中性盘
09:30:48	22.03	0.01	4	8812	中性盘
09:30:42	22.02	--	0	0	卖盘
09:30:37	22.02	--	5	11010	卖盘
09:30:33	22.02	-0.07	21	48091	卖盘
09:30:27	22.09	0.07	25	55225	买盘
09:30:18	22.02	-0.1	34	74868	卖盘
09:30:12	22.12	-0.01	57	126084	卖盘
09:30:07	22.13	--	672	1487136	卖盘
09:28:57	22.13	--	0	0	卖盘
09:25:06	22.13	22.13	127	281051	买盘
