成交时间	成交价	价格变动	成交量(手)	成交额(元)	性质
15:00:00	10.1	--	0	0	卖盘
15:00:00	10.1	--	0	0	卖盘
14:59:59	10.1	--	58	58580	买盘
14:59:53	10.1	--	84	84840	买盘
14:59:49	10.1	-0.01	47	47470	中性盘
14:59:44	10.11	0.01	64	64704	买盘
14:59:38	10.1	-0.01	10	10100	买盘
14:59:34	10.11	--	0	0	买盘
14:59:29	10.11	0.02	177	178947	买盘
14:59:23	10.09	-0.01	33	33297	卖盘
14:59:19	10.1	--	75	75750	买盘
14:59:14	10.1	--	1	1111	卖盘
14:59:08	10.1	--	15	16059	卖盘
14:59:04	10.1	0.01	200	202000	买盘
14:58:59	10.09	-0.01	376	380009	卖盘
14:58:53	10.1	--	1	1010	买盘
14:58:49	10.1	0.01	20	20200	买盘
14:58:38	10.09	-0.01	87	87783	卖盘
14:58:34	10.1	--	120	121200	买盘
14:58:29	10.1	--	505	510050	买盘
14:58:23	10.1	--	10	10100	买盘
14:58:19	10.1	--	266	268660	买盘
14:58:14	10.1	--	29	29290	买盘
14:58:08	10.1	0.01	14	14140	买盘
14:58:04	10.09	-0.01	58	58522	卖盘
14:57:59	10.1	0.01	10	10100	买盘
14:57:53	10.09	--	20	20180	卖盘
14:57:49	10.09	--	9	9081	卖盘
14:57:44	10.09	--	40	40360	卖盘
14:57:38	10.09	--	11	11401	卖盘
14:57:34	10.09	-0.01	116	117044	卖盘
14:57:29	10.1	--	30	30300	买盘
14:57:23	10.1	0.01	100	101000	买盘
14:57:19	10.09	--	101	102211	卖盘
14:57:14	10.09	-0.01	110	110990	卖盘
14:57:08	10.1	0.01	563	568630	买盘
14:56:59	10.09	-0.01	29	29261	卖盘
14:56:53	10.1	0.01	12	12120	买盘
14:56:49	10.09	--	1	1009	卖盘
14:56:44	10.09	-0.01	267	269403	卖盘
14:56:38	10.1	0.01	1	1010	买盘
14:56:34	10.09	--	9	9081	卖盘
14:56:29	10.09	-0.01	20	20180	卖盘
14:56:23	10.1	--	15	15150	买盘
14:56:19	10.1	0.01	117	118170	买盘
14:56:14	10.09	--	26	26234	卖盘
14:56:08	10.09	--	499	503491	卖盘
14:56:04	10.09	--	24	24821	卖盘
14:55:58	10.09	--	21	21189	卖盘
14:55:53	10.09	--	161	162449	卖盘
14:55:43	10.09	--	24	24216	卖盘
14:55:28	10.09	-0.01	20	20180	卖盘
14:55:23	10.1	0.01	183	184830	买盘
14:55:17	10.09	--	10	10090	卖盘
14:55:13	10.09	--	33	33297	卖盘
14:55:08	10.09	--	181	183032	买盘
14:54:58	10.09	--	50	50450	买盘
14:54:47	10.09	--	348	351737	卖盘
14:54:43	10.09	--	338	341042	卖盘
14:54:32	10.09	--	3	3027	卖盘
14:54:28	10.09	--	89	89801	卖盘
14:54:23	10.09	--	48	48432	卖盘
14:54:17	10.09	--	212	214311	买盘
14:54:13	10.09	0.01	2	2018	买盘
14:54:08	10.08	--	171	172368	卖盘
14:53:58	10.08	-0.01	498	501984	卖盘
14:53:53	10.09	--	615	620535	买盘
14:53:47	10.09	0.01	3	3027	买盘
14:53:43	10.08	--	119	119952	卖盘
14:53:38	10.08	-0.01	149	150192	卖盘
14:53:28	10.09	0.01	61	61549	买盘
14:53:23	10.08	--	252	254016	卖盘
14:53:17	10.08	-0.01	30	30240	卖盘
14:53:13	10.09	0.01	157	158413	买盘
14:53:08	10.08	--	5	5040	卖盘
14:53:02	10.08	--	71	71568	卖盘
14:52:58	10.08	-0.01	71	71568	卖盘
14:52:53	10.09	--	8	8072	买盘
14:52:43	10.09	0.01	1	1009	买盘
14:52:32	10.08	--	14	14112	卖盘
14:52:28	10.08	-0.01	303	305424	卖盘
14:52:23	10.09	--	50	50450	买盘
14:52:17	10.09	0.01	1	1009	买盘
14:52:13	10.08	-0.01	55	55440	卖盘
14:52:02	10.09	0.01	20	20180	买盘
14:51:58	10.08	--	250	252000	卖盘
14:51:47	10.08	-0.01	7	7056	卖盘
14:51:43	10.09	0.01	3	3027	买盘
14:51:32	10.08	--	100	100800	卖盘
14:51:23	10.08	--	488	492367	卖盘
14:51:13	10.08	--	17	17136	卖盘
14:51:08	10.08	-0.01	99	99792	卖盘
14:51:02	10.09	--	2	2018	买盘
14:50:53	10.09	--	10	10090	买盘
14:50:47	10.09	--	34	34306	买盘
14:50:43	10.09	--	100	100900	买盘
14:50:38	10.09	--	25	25225	买盘
14:50:32	10.09	--	4	4036	买盘
14:50:13	10.09	--	10	10090	买盘
14:50:02	10.09	0.01	15	15135	买盘
14:49:53	10.08	--	21	21168	卖盘
14:49:47	10.08	--	7	7056	卖盘
14:49:37	10.08	-0.01	20	20160	卖盘
14:49:32	10.09	--	72	72648	买盘
14:49:22	10.09	--	305	308380	买盘
14:49:17	10.09	0.01	5	5045	买盘
14:49:11	10.08	--	200	201600	卖盘
14:48:56	10.08	-0.01	471	474768	卖盘
14:48:47	10.09	--	73	73757	卖盘
14:48:41	10.09	--	19	19171	卖盘
14:48:37	10.09	--	2	2926	买盘
14:48:32	10.09	--	67	67603	买盘
14:48:26	10.09	--	30	30270	买盘
14:48:22	10.09	--	25	25225	买盘
14:48:17	10.09	--	23	23913	买盘
14:48:11	10.09	--	143	144852	卖盘
14:47:52	10.09	--	45	45405	卖盘
14:47:47	10.09	--	25	25225	卖盘
14:47:41	10.09	--	1	1009	卖盘
14:47:37	10.09	--	98	98882	卖盘
14:47:26	10.09	0.01	97	98316	买盘
14:47:22	10.08	--	140	141120	卖盘
14:47:07	10.08	--	15	15120	卖盘
14:47:02	10.08	-0.01	23	23184	卖盘
14:46:52	10.09	--	7	7567	买盘
14:46:47	10.09	--	60	60540	买盘
14:46:41	10.09	--	42	42842	卖盘
14:46:32	10.09	--	177	179137	买盘
14:46:26	10.09	--	50	50450	买盘
14:46:17	10.09	--	5	5045	买盘
14:46:07	10.09	0.01	35	35315	买盘
14:46:02	10.08	-0.01	260	262080	卖盘
14:45:52	10.09	0.01	76	76684	买盘
14:45:47	10.08	--	311	313488	卖盘
14:45:41	10.08	-0.01	80	80640	卖盘
14:45:37	10.09	0.01	30	30270	买盘
14:45:32	10.08	-0.01	21	21672	卖盘
14:45:26	10.09	--	20	20180	买盘
14:45:22	10.09	--	25	25225	买盘
14:45:17	10.09	--	30	30270	买盘
14:45:11	10.09	0.01	47	47423	买盘
14:45:07	10.08	-0.01	22	22176	卖盘
14:45:02	10.09	--	172	173548	买盘
14:44:56	10.09	--	18	18162	买盘
14:44:52	10.09	--	21	21189	买盘
14:44:47	10.09	--	17	17153	买盘
14:44:32	10.09	0.01	16	16144	买盘
14:44:22	10.08	-0.02	169	170352	卖盘
14:44:17	10.1	0.01	46	46460	买盘
14:44:11	10.09	--	123	124107	卖盘
14:43:56	10.09	-0.01	15	15135	卖盘
14:43:52	10.1	--	0	0	买盘
14:43:47	10.1	0.01	496	500960	买盘
14:43:37	10.09	--	2	2018	买盘
14:43:17	10.09	0.01	190	191710	买盘
14:43:11	10.08	--	5	5040	卖盘
14:43:07	10.08	-0.01	2	2016	卖盘
14:43:02	10.09	--	40	40360	买盘
14:42:50	10.09	--	7	7063	买盘
14:42:46	10.09	--	2	2018	买盘
14:42:41	10.09	0.01	7	7063	买盘
14:42:31	10.08	--	12	12700	卖盘
14:42:26	10.08	--	123	123984	卖盘
14:42:01	10.08	--	40	41126	买盘
14:41:50	10.08	--	12	12096	买盘
14:41:46	10.08	--	30	30240	买盘
14:41:31	10.08	--	9	9072	买盘
14:41:26	10.08	--	42	42336	买盘
14:41:20	10.08	--	24	24192	买盘
14:41:16	10.08	--	49	49392	买盘
14:41:01	10.08	--	178	179424	买盘
14:40:56	10.08	--	46	46468	卖盘
14:40:50	10.08	--	12	12096	卖盘
14:40:46	10.08	--	70	70560	卖盘
14:40:41	10.08	--	181	182448	卖盘
14:40:11	10.08	--	35	35280	卖盘
14:40:01	10.08	--	10	10080	卖盘
14:39:56	10.08	-0.01	127	128016	卖盘
14:39:50	10.09	0.01	143	144287	买盘
14:39:26	10.08	--	78	79531	买盘
14:39:16	10.08	--	305	307440	买盘
14:39:11	10.08	0.01	131	132854	买盘
14:38:50	10.07	-0.01	20	20140	卖盘
14:38:46	10.08	-0.01	22	22176	买盘
14:38:31	10.09	0.01	98	98882	买盘
14:38:26	10.08	--	1398	1409355	卖盘
14:38:11	10.08	-0.01	20	20160	卖盘
14:37:56	10.09	--	60	60540	买盘
14:37:46	10.09	-0.01	349	352484	卖盘
14:37:35	10.1	--	10	10100	买盘
14:37:31	10.1	--	5	5050	买盘
14:37:26	10.1	--	7	7070	买盘
14:37:20	10.1	0.01	50	50500	买盘
14:37:11	10.09	--	64	64576	卖盘
14:37:05	10.09	-0.01	24	24216	卖盘
14:36:56	10.1	0.01	125	126250	买盘
14:36:50	10.09	--	10	10090	卖盘
14:36:41	10.09	--	18	18162	卖盘
14:36:20	10.09	--	14	14791	买盘
14:36:14	10.09	--	20	20180	买盘
14:36:10	10.09	0.01	10	10090	买盘
14:36:05	10.08	-0.01	57	57456	卖盘
14:35:59	10.09	--	60	60540	买盘
14:35:55	10.09	--	137	138233	买盘
14:35:50	10.09	--	50	50450	买盘
14:35:40	10.09	--	42	42378	买盘
14:35:35	10.09	-0.01	436	440872	卖盘
14:35:25	10.1	--	70	70700	买盘
14:35:10	10.1	0.01	20	20200	买盘
14:35:05	10.09	-0.01	1	1009	卖盘
14:34:59	10.1	--	20	20200	买盘
14:34:50	10.1	--	30	30360	买盘
14:34:44	10.1	--	20	20200	买盘
14:34:29	10.1	0.01	34	34340	买盘
14:34:25	10.09	--	15	15135	买盘
14:34:20	10.09	0.01	200	201800	买盘
14:34:14	10.08	-0.01	20	20160	卖盘
14:34:10	10.09	0.01	18	18162	买盘
14:34:05	10.08	--	5	5040	卖盘
14:33:55	10.08	-0.01	14	14112	卖盘
14:33:44	10.09	--	13	13117	买盘
14:33:25	10.09	0.01	101	101909	买盘
14:33:20	10.08	--	10	10080	卖盘
14:33:14	10.08	-0.01	18	18144	卖盘
14:33:10	10.09	0.01	12	12108	买盘
14:33:05	10.08	-0.01	13	13104	卖盘
14:32:55	10.09	--	5	5045	买盘
14:32:50	10.09	0.01	10	10090	买盘
14:32:40	10.08	-0.01	278	280224	卖盘
14:32:35	10.09	--	207	208863	买盘
14:32:29	10.09	0.01	100	100900	买盘
14:32:25	10.08	-0.01	21	21168	卖盘
14:32:20	10.09	--	5	5045	买盘
14:32:10	10.09	--	899	907091	卖盘
14:32:05	10.09	-0.01	200	201800	卖盘
14:31:55	10.1	--	116	117160	买盘
14:31:50	10.1	--	200	202000	买盘
14:31:40	10.1	--	18	18180	买盘
14:31:29	10.1	--	81	81810	卖盘
14:31:25	10.1	--	230	232300	卖盘
14:31:20	10.1	--	200	202000	卖盘
14:31:10	10.1	-0.01	498	502980	卖盘
14:31:05	10.11	--	483	488515	卖盘
14:30:59	10.11	--	103	104133	卖盘
14:30:50	10.11	-0.01	230	232530	卖盘
14:30:44	10.12	0.01	25	25603	买盘
14:30:40	10.11	-0.01	119	120814	卖盘
14:30:29	10.12	0.01	10	10120	买盘
14:30:25	10.11	--	5	5055	卖盘
14:30:20	10.11	-0.01	109	110199	卖盘
14:30:14	10.12	--	21	21252	买盘
14:30:10	10.12	0.01	4	4047	买盘
14:29:59	10.11	-0.01	75	76199	卖盘
14:29:49	10.12	-0.01	482	487783	卖盘
14:29:44	10.13	--	204	207513	买盘
14:29:38	10.13	0.01	5	5065	买盘
14:29:34	10.12	-0.01	8	8095	卖盘
14:29:29	10.13	--	163	165119	买盘
14:29:23	10.13	--	244	247172	买盘
14:29:14	10.13	--	130	131690	买盘
14:29:08	10.13	--	10	10130	买盘
14:28:59	10.13	--	114	115482	买盘
14:28:44	10.13	0.01	35	35455	买盘
14:28:38	10.12	--	12	12143	卖盘
14:28:34	10.12	--	121	123362	卖盘
14:28:29	10.12	--	20	20240	卖盘
14:28:23	10.12	--	100	101199	卖盘
14:28:14	10.12	--	25	25299	卖盘
14:28:04	10.12	--	89	90068	卖盘
14:27:59	10.12	--	321	325742	买盘
14:27:53	10.12	--	18	18216	买盘
14:27:49	10.12	0.01	300	303600	买盘
14:27:44	10.11	-0.01	11	11121	卖盘
14:27:38	10.12	--	15	15179	买盘
14:27:34	10.12	--	26	26311	买盘
14:27:23	10.12	0.01	7	7083	买盘
14:27:14	10.11	-0.01	100	101100	卖盘
14:26:53	10.12	--	73	73997	卖盘
14:26:44	10.12	--	76	76912	卖盘
14:26:29	10.12	--	36	37393	卖盘
14:26:04	10.12	--	123	125083	卖盘
14:25:59	10.12	-0.01	3	3035	卖盘
14:25:53	10.13	0.01	20	20260	买盘
14:25:44	10.12	--	20	20240	卖盘
14:25:34	10.12	--	10	10120	卖盘
14:25:19	10.12	-0.01	1	1011	卖盘
14:25:14	10.13	--	43	44116	卖盘
14:25:04	10.13	--	75	76430	买盘
14:24:53	10.13	--	38	39051	卖盘
14:24:44	10.13	--	37	38291	卖盘
14:24:29	10.13	--	172	174843	卖盘
14:24:23	10.13	--	3	3039	卖盘
14:24:19	10.13	--	50	50650	卖盘
14:23:59	10.13	-0.01	225	227925	卖盘
14:23:53	10.14	0.01	51	51714	买盘
14:23:44	10.13	--	70	70910	卖盘
14:23:38	10.13	--	80	81040	卖盘
14:23:28	10.13	--	14	14283	卖盘
14:23:23	10.13	--	15	15195	卖盘
14:23:13	10.13	--	58	58754	卖盘
14:23:08	10.13	0.01	693	702971	买盘
14:23:02	10.12	-0.01	403	407835	卖盘
14:22:58	10.13	--	239	242107	买盘
14:22:53	10.13	0.01	200	202600	买盘
14:22:47	10.12	-0.01	25	25299	卖盘
14:22:43	10.13	0.01	30	30390	买盘
14:22:38	10.12	-0.01	11	11132	卖盘
14:22:28	10.13	0.01	1258	1274354	买盘
14:22:17	10.12	-0.01	10	10120	卖盘
14:22:13	10.13	0.01	92	93196	买盘
14:22:08	10.12	-0.01	30	30359	卖盘
14:22:02	10.13	--	32	32416	买盘
14:21:58	10.13	--	13	13169	买盘
14:21:43	10.13	--	1	1013	买盘
14:21:38	10.13	--	200	202600	买盘
14:21:17	10.13	--	20	20260	买盘
14:21:08	10.13	0.01	4	4052	买盘
14:20:58	10.12	-0.01	19	19228	卖盘
14:20:47	10.13	0.01	57	57741	买盘
14:20:32	10.12	-0.01	3	3035	卖盘
14:20:28	10.13	--	10	10130	买盘
14:20:23	10.13	--	61	61793	买盘
14:20:13	10.13	--	20	20260	买盘
14:19:53	10.13	0.01	90	91170	买盘
14:19:47	10.12	-0.01	33	33396	卖盘
14:19:38	10.13	0.01	195	197535	买盘
14:19:32	10.12	--	13	13155	卖盘
14:19:28	10.12	-0.01	7	7083	卖盘
14:19:23	10.13	0.01	38	38494	买盘
14:19:08	10.12	--	3	3035	卖盘
14:18:43	10.12	--	31	31371	卖盘
14:18:28	10.12	-0.01	3	3035	卖盘
14:18:23	10.13	--	30	30390	买盘
14:18:17	10.13	--	2	2026	买盘
14:18:02	10.13	--	25	25325	买盘
14:17:53	10.13	--	20	20260	买盘
14:17:47	10.13	0.01	3	3039	买盘
14:17:38	10.12	--	50	50599	卖盘
14:17:32	10.12	-0.01	44	45337	卖盘
14:17:17	10.13	--	170	172210	买盘
14:17:11	10.13	0.01	26	26338	买盘
14:17:07	10.12	--	19	19228	卖盘
14:17:02	10.12	--	225	227699	卖盘
14:16:47	10.12	--	57	58220	买盘
14:16:37	10.12	0.01	155	156860	买盘
14:16:32	10.11	-0.01	60	60660	卖盘
14:16:26	10.12	--	60	60719	买盘
14:16:22	10.12	--	33	33396	买盘
14:16:17	10.12	--	330	333960	买盘
14:16:11	10.12	--	2	2023	买盘
14:16:07	10.12	--	23	23276	买盘
14:16:02	10.12	--	19	19228	买盘
14:15:32	10.12	--	200	202399	买盘
14:15:26	10.12	--	4	4047	买盘
14:15:22	10.12	-0.01	484	490587	卖盘
14:15:17	10.13	0.01	1	1013	买盘
14:14:47	10.12	-0.01	80	80960	卖盘
14:14:37	10.13	--	14	14182	买盘
14:14:32	10.13	0.01	68	68884	买盘
14:14:22	10.12	--	1	1011	卖盘
14:14:17	10.12	--	2	2023	卖盘
14:14:11	10.12	--	65	65780	卖盘
14:14:07	10.12	--	45	45540	卖盘
14:14:02	10.12	--	77	77924	卖盘
14:13:56	10.12	--	5	5060	卖盘
14:13:52	10.12	--	28	28335	卖盘
14:13:47	10.12	-0.01	21	21555	卖盘
14:13:41	10.13	0.01	13	13169	买盘
14:13:37	10.12	--	31	31371	卖盘
14:13:32	10.12	--	34	34408	卖盘
14:13:22	10.12	--	7	7083	卖盘
14:13:07	10.12	--	1	1821	卖盘
14:13:02	10.12	--	5	5060	卖盘
14:12:52	10.12	--	110	111451	买盘
14:12:47	10.12	--	400	404799	买盘
14:12:37	10.12	--	11	11132	买盘
14:12:11	10.12	0.01	10	10120	买盘
14:12:07	10.11	-0.01	4	4549	卖盘
14:11:56	10.12	--	62	62743	买盘
14:11:52	10.12	0.01	34	34408	买盘
14:11:47	10.11	--	33	33363	卖盘
14:11:41	10.11	-0.01	1	1011	卖盘
14:11:32	10.12	--	6	6071	买盘
14:11:26	10.12	--	50	50599	买盘
14:11:11	10.12	--	20	20240	买盘
14:10:46	10.12	0.01	20	20240	买盘
14:10:41	10.11	-0.01	41	41451	卖盘
14:10:26	10.12	0.01	100	101199	买盘
14:10:16	10.11	-0.01	103	104133	卖盘
14:10:01	10.12	--	172	174468	卖盘
14:09:56	10.12	--	9	9108	卖盘
14:09:31	10.12	--	110	111319	卖盘
14:09:26	10.12	--	74	74888	卖盘
14:09:11	10.12	--	19	19228	卖盘
14:09:05	10.12	--	3	3035	卖盘
14:08:56	10.12	--	104	105855	卖盘
14:08:46	10.12	--	0	0	中性盘
14:08:41	10.12	--	0	0	买盘
14:08:31	10.12	--	306	309672	买盘
14:08:26	10.12	--	65	65780	买盘
14:08:20	10.12	--	20	20240	买盘
14:08:16	10.12	--	254	257047	买盘
14:08:11	10.12	--	22	22264	买盘
14:08:01	10.12	--	42	42908	卖盘
14:07:50	10.12	--	1	1011	卖盘
14:07:31	10.12	-0.01	2	2631	中性盘
14:07:16	10.13	0.01	545	552085	买盘
14:07:11	10.12	0.01	47	47563	买盘
14:07:01	10.11	-0.01	6	6571	卖盘
14:06:56	10.12	--	2	2023	买盘
14:06:46	10.12	0.01	21	21252	买盘
14:06:31	10.11	--	12	12132	卖盘
14:06:20	10.11	--	10	10110	卖盘
14:06:05	10.11	-0.01	19	19209	卖盘
14:06:01	10.12	0.01	7	7083	买盘
14:05:56	10.11	--	1	1314	卖盘
14:05:20	10.11	--	86	86946	卖盘
14:05:05	10.11	--	20	20220	卖盘
14:05:01	10.11	--	30	30330	卖盘
14:04:40	10.11	--	10	10110	卖盘
14:04:35	10.11	--	4	4044	卖盘
14:04:29	10.11	--	5	5055	卖盘
14:04:14	10.11	--	8	8088	卖盘
14:04:10	10.11	--	30	30330	卖盘
14:04:05	10.11	-0.01	30	30330	卖盘
14:03:55	10.12	--	23	23276	买盘
14:03:40	10.12	0.01	20	20240	买盘
14:03:29	10.11	--	20	21028	卖盘
14:03:14	10.11	-0.01	93	94326	卖盘
14:03:10	10.12	0.01	2	2023	买盘
14:03:05	10.11	-0.01	20	20220	卖盘
14:02:59	10.12	0.01	50	50599	买盘
14:02:55	10.11	--	135	136485	卖盘
14:02:40	10.11	--	59	59649	卖盘
14:02:35	10.11	--	292	295212	卖盘
14:02:29	10.11	-0.01	5	5055	卖盘
14:01:55	10.12	--	10	10120	买盘
14:01:50	10.12	--	9	9108	卖盘
14:01:44	10.12	--	19	19228	卖盘
14:01:40	10.12	-0.01	7	7083	卖盘
14:01:35	10.13	--	19	19247	买盘
14:01:29	10.13	--	0	0	买盘
14:01:25	10.13	0.01	500	506500	买盘
14:01:20	10.12	--	16	16191	买盘
14:01:14	10.12	--	2	2023	买盘
14:01:05	10.12	0.01	80	80960	买盘
14:00:50	10.11	-0.01	3	3033	卖盘
14:00:44	10.12	0.01	13	13155	买盘
14:00:40	10.11	-0.02	101	102111	卖盘
14:00:35	10.13	--	106	107378	买盘
14:00:29	10.13	0.02	120	121560	买盘
14:00:25	10.11	-0.01	71	71781	卖盘
14:00:20	10.12	-0.01	209	211507	卖盘
14:00:10	10.13	--	628	636164	买盘
14:00:05	10.13	--	102	103326	买盘
13:59:59	10.13	--	1	1013	买盘
13:59:55	10.13	--	6	6078	买盘
13:59:34	10.13	--	3	3039	买盘
13:59:29	10.13	--	1	1013	买盘
13:59:20	10.13	0.01	2	2026	买盘
13:59:14	10.12	-0.01	5	5060	卖盘
13:59:10	10.13	--	18	18234	买盘
13:59:05	10.13	--	21	21273	买盘
13:58:55	10.13	--	4	4052	买盘
13:58:50	10.13	--	3	3039	买盘
13:58:44	10.13	0.01	38	38494	中性盘
13:58:40	10.12	-0.02	92	93225	卖盘
13:58:35	10.14	0.01	7	7098	买盘
13:58:25	10.13	--	20	20260	卖盘
13:58:20	10.13	--	81	82458	买盘
13:58:14	10.13	--	1	1013	买盘
13:58:08	10.13	-0.01	12	12763	卖盘
13:58:04	10.14	0.01	293	297507	买盘
13:57:59	10.13	--	20	20260	买盘
13:57:49	10.13	0.01	20	20260	买盘
13:57:44	10.12	-0.01	11	11840	卖盘
13:57:38	10.13	0.01	433	438629	买盘
13:57:34	10.12	--	115	116592	卖盘
13:57:29	10.12	-0.01	13	13155	卖盘
13:57:19	10.13	0.01	27	27351	买盘
13:57:14	10.12	--	205	207459	卖盘
13:57:08	10.12	--	36	36432	卖盘
13:57:04	10.12	0.01	146	148156	买盘
13:56:59	10.11	--	12	12637	卖盘
13:56:49	10.11	-0.01	11	11121	卖盘
13:56:44	10.12	--	10	10120	买盘
13:56:34	10.12	--	51	51611	买盘
13:56:29	10.12	0.01	3	3035	买盘
13:56:23	10.11	-0.01	2	2022	卖盘
13:56:19	10.12	0.01	894	904727	买盘
13:56:14	10.11	--	110	111210	卖盘
13:56:08	10.11	-0.01	1	1314	卖盘
13:56:04	10.12	--	21	21252	买盘
13:55:53	10.12	--	7	7083	买盘
13:55:49	10.12	--	35	35420	买盘
13:55:44	10.12	--	12	12143	买盘
13:55:34	10.12	0.01	10	10120	买盘
13:55:19	10.11	-0.01	50	50550	卖盘
13:55:14	10.12	0.01	190	192279	买盘
13:54:49	10.11	--	15	15165	卖盘
13:54:44	10.11	--	20	20220	卖盘
13:54:34	10.11	--	4	4044	卖盘
13:54:29	10.11	--	110	111210	买盘
13:54:14	10.11	--	6	6066	买盘
13:54:04	10.11	--	84	84924	卖盘
13:53:59	10.11	--	25	25275	卖盘
13:53:53	10.11	--	100	101100	卖盘
13:53:49	10.11	-0.01	35	35385	卖盘
13:53:34	10.12	--	1	1011	买盘
13:53:23	10.12	--	100	101199	买盘
13:53:19	10.12	--	10	10120	买盘
13:53:08	10.12	--	446	451351	买盘
13:52:59	10.12	--	15	15179	买盘
13:52:49	10.12	0.01	34	34408	买盘
13:52:08	10.11	--	36	37204	买盘
13:52:03	10.11	--	18	18400	卖盘
13:51:59	10.11	-0.01	80	80880	卖盘
13:51:53	10.12	0.01	9	9108	买盘
13:51:47	10.11	-0.01	25	25275	卖盘
13:51:43	10.12	--	172	174064	买盘
13:51:38	10.12	--	50	50599	买盘
13:51:28	10.12	-0.01	605	613069	卖盘
13:51:23	10.13	--	86	87118	买盘
13:51:17	10.13	0.01	13	13169	买盘
13:51:08	10.12	-0.01	259	262107	卖盘
13:50:53	10.13	0.01	19	19247	买盘
13:50:47	10.12	-0.01	13	13155	卖盘
13:50:43	10.13	--	55	55715	买盘
13:50:38	10.13	--	206	208678	买盘
13:50:28	10.13	--	269	272497	买盘
13:50:17	10.13	--	26	26540	买盘
13:50:13	10.13	0.01	74	74962	买盘
13:50:08	10.12	-0.01	32	32383	卖盘
13:50:02	10.13	0.01	51	52189	买盘
13:49:53	10.12	--	84	85493	卖盘
13:49:47	10.12	--	192	194830	买盘
13:49:43	10.12	--	43	43516	买盘
13:49:38	10.12	--	52	52623	买盘
13:49:32	10.12	--	23	23276	买盘
13:49:28	10.12	--	485	490819	买盘
13:49:23	10.12	--	212	215151	买盘
13:49:17	10.12	--	2	2023	买盘
13:49:13	10.12	0.01	165	166980	买盘
13:49:08	10.11	--	33	33363	卖盘
13:48:58	10.11	--	50	50550	卖盘
13:48:47	10.11	0.01	310	313612	买盘
13:48:43	10.1	-0.01	21	21513	卖盘
13:48:38	10.11	--	1000	1011000	买盘
13:48:28	10.11	0.01	20	20220	买盘
13:48:23	10.1	--	2	2020	卖盘
13:48:13	10.1	--	79	79790	卖盘
13:48:08	10.1	--	100	101808	买盘
13:48:02	10.1	--	100	101000	买盘
13:47:58	10.1	--	2	2020	买盘
13:47:53	10.1	--	75	75750	买盘
13:47:43	10.1	--	40	40400	买盘
13:47:32	10.1	--	65	65650	买盘
13:47:28	10.1	--	30	30300	买盘
13:47:23	10.1	--	10	10100	买盘
13:47:13	10.1	--	217	219170	买盘
13:47:07	10.1	--	60	60600	买盘
13:46:58	10.1	--	663	669630	买盘
13:46:53	10.1	--	5	5050	买盘
13:46:47	10.1	--	38	38380	买盘
13:46:43	10.1	--	32	32320	买盘
13:46:37	10.1	--	7	7070	买盘
13:46:32	10.1	--	36	36360	买盘
13:46:28	10.1	--	68	68680	买盘
13:46:08	10.1	--	150	151500	买盘
13:46:02	10.1	--	1	1010	买盘
13:45:26	10.1	0.01	4	4040	买盘
13:44:47	10.09	--	5	5045	卖盘
13:44:26	10.09	--	6	6054	卖盘
13:44:17	10.09	0.01	47	47423	买盘
13:43:56	10.08	--	53	53928	卖盘
13:43:52	10.08	--	23	23184	卖盘
13:43:47	10.08	--	20	20160	卖盘
13:43:37	10.08	-0.01	100	100800	卖盘
13:43:26	10.09	0.01	365	368285	买盘
13:43:22	10.08	-0.01	10	10080	卖盘
13:43:17	10.09	0.01	10	10090	买盘
13:43:07	10.08	-0.01	150	151200	卖盘
13:43:02	10.09	0.01	5	5045	买盘
13:42:47	10.08	-0.01	20	20160	卖盘
13:42:41	10.09	0.01	34	34306	买盘
13:42:37	10.08	--	100	100800	卖盘
13:42:32	10.08	--	3	3024	卖盘
13:42:26	10.08	-0.01	1	1310	卖盘
13:42:22	10.09	0.01	2	2018	买盘
13:42:07	10.08	--	3	3024	卖盘
13:41:52	10.08	-0.01	5	5040	卖盘
13:41:32	10.09	0.01	13	13117	买盘
13:41:26	10.08	-0.01	26	26208	卖盘
13:41:22	10.09	0.01	6	6054	买盘
13:40:52	10.08	--	22	22176	卖盘
13:40:46	10.08	--	55	55440	卖盘
13:40:41	10.08	-0.01	10	10080	卖盘
13:40:31	10.09	0.01	50	50450	买盘
13:40:21	10.08	--	1	1008	卖盘
13:40:16	10.08	--	5	5040	买盘
13:40:01	10.08	--	15	15120	卖盘
13:39:36	10.08	--	16	16128	买盘
13:39:26	10.08	--	5	5040	买盘
13:39:16	10.08	0.01	1	1008	买盘
13:39:11	10.07	--	2	2014	卖盘
13:39:06	10.07	-0.01	10	10070	卖盘
13:39:01	10.08	0.01	70	70560	买盘
13:38:56	10.07	-0.01	688	692816	卖盘
13:38:41	10.08	0.01	18	18144	买盘
13:38:31	10.07	-0.01	15	15105	卖盘
13:38:26	10.08	0.01	25	25200	买盘
13:38:16	10.07	--	25	25175	卖盘
13:38:11	10.07	--	36	36252	卖盘
13:37:35	10.07	-0.01	1	1007	卖盘
13:37:16	10.08	--	5	5947	买盘
13:37:11	10.08	0.01	1	1008	买盘
13:37:01	10.07	-0.01	5	5035	卖盘
13:36:56	10.08	--	5	5040	买盘
13:36:50	10.08	0.01	3	3024	买盘
13:36:46	10.07	-0.01	76	76532	卖盘
13:36:41	10.08	--	25	25200	买盘
13:36:35	10.08	--	65	65520	买盘
13:36:31	10.08	--	320	322660	卖盘
13:36:20	10.08	--	50	50400	卖盘
13:36:16	10.08	--	13	13104	卖盘
13:35:50	10.08	0.01	48	49291	买盘
13:35:26	10.07	--	100	100700	卖盘
13:35:16	10.07	-0.01	50	50350	卖盘
13:35:11	10.08	0.01	5	5040	中性盘
13:35:05	10.07	-0.01	9	9063	卖盘
13:35:01	10.08	0.01	97	97776	买盘
13:34:46	10.07	--	1	1611	卖盘
13:34:41	10.07	--	10	10070	卖盘
13:34:31	10.07	-0.01	10	10070	卖盘
13:34:25	10.08	0.01	10	10080	买盘
13:34:20	10.07	-0.01	9	9063	卖盘
13:34:16	10.08	--	23	23184	买盘
13:33:55	10.08	0.01	4	4032	买盘
13:33:45	10.07	-0.01	14	14400	卖盘
13:33:40	10.08	0.01	3	3024	买盘
13:33:31	10.07	--	10	10070	卖盘
13:33:25	10.07	-0.01	213	214491	卖盘
13:33:20	10.08	0.01	20	20160	买盘
13:32:55	10.07	-0.01	62	62434	卖盘
13:32:50	10.08	--	50	50400	买盘
13:32:45	10.08	--	26	26208	卖盘
13:32:35	10.08	-0.01	3	3024	卖盘
13:32:25	10.09	0.01	80	80720	买盘
13:31:59	10.08	-0.01	275	277200	卖盘
13:31:50	10.09	--	19	19171	买盘
13:31:44	10.09	--	6	6054	买盘
13:31:40	10.09	--	49	49441	买盘
13:31:35	10.09	0.01	1	1009	买盘
13:30:59	10.08	-0.01	52	52416	卖盘
13:30:40	10.09	0.01	1	1009	买盘
13:30:35	10.08	-0.01	7	7056	卖盘
13:30:25	10.09	--	10	10090	买盘
13:30:05	10.09	--	7	7063	买盘
13:29:59	10.09	--	70	70630	买盘
13:29:40	10.09	0.01	103	103927	买盘
13:29:29	10.08	--	2	2016	卖盘
13:29:25	10.08	--	13	13104	买盘
13:29:20	10.08	--	1	1008	买盘
13:29:10	10.08	0.01	301	303408	买盘
13:28:59	10.07	--	9	9063	卖盘
13:28:50	10.07	--	43	43301	卖盘
13:28:39	10.07	-0.01	28	28196	卖盘
13:28:29	10.08	0.01	50	50400	买盘
13:28:24	10.07	-0.01	14	14098	卖盘
13:28:04	10.08	--	36	36792	买盘
13:27:55	10.08	0.01	20	20160	买盘
13:27:49	10.07	--	1	1007	卖盘
13:27:39	10.07	--	3	3021	卖盘
13:27:34	10.07	-0.01	27	27189	卖盘
13:27:29	10.08	--	10	10080	卖盘
13:27:19	10.08	--	98	98784	买盘
13:26:49	10.08	-0.01	2	2016	中性盘
13:26:44	10.09	--	16	16144	卖盘
13:26:34	10.09	--	657	662913	卖盘
13:26:19	10.09	-0.01	151	152359	卖盘
13:26:14	10.1	--	2	2020	卖盘
13:26:04	10.1	--	10	10100	卖盘
13:25:59	10.1	--	25	25250	卖盘
13:25:49	10.1	--	10	10100	卖盘
13:25:44	10.1	--	3	3030	卖盘
13:25:34	10.1	--	25	25250	买盘
13:25:29	10.1	--	5	5050	卖盘
13:25:19	10.1	-0.01	52	52520	卖盘
13:25:14	10.11	0.01	20	20220	买盘
13:25:08	10.1	--	1	1717	卖盘
13:24:49	10.1	--	168	169680	卖盘
13:24:44	10.1	--	2	2020	卖盘
13:24:29	10.1	--	10	10100	卖盘
13:24:14	10.1	--	34	34946	卖盘
13:24:08	10.1	-0.01	5	5050	卖盘
13:24:04	10.11	0.01	91	92001	买盘
13:23:49	10.1	--	29	30199	卖盘
13:23:44	10.1	--	5	5050	卖盘
13:23:34	10.1	--	1	1010	卖盘
13:23:29	10.1	--	30	30300	卖盘
13:23:19	10.1	--	7	7070	卖盘
13:23:14	10.1	-0.01	0	303	卖盘
13:22:59	10.11	0.01	75	76431	买盘
13:22:44	10.1	-0.01	1	1515	卖盘
13:22:38	10.11	0.01	41	41451	买盘
13:22:19	10.1	-0.01	10	10100	卖盘
13:22:14	10.11	0.01	10	10110	买盘
13:21:59	10.1	--	423	427230	卖盘
13:21:48	10.1	--	3	3030	卖盘
13:21:38	10.1	--	20	20200	卖盘
13:21:33	10.1	--	10	10100	卖盘
13:21:23	10.1	-0.01	54	54944	卖盘
13:21:19	10.11	--	10	10110	买盘
13:21:13	10.11	0.01	20	20220	买盘
13:21:08	10.1	--	48	48480	卖盘
13:20:48	10.1	-0.01	2	2020	卖盘
13:20:43	10.11	0.01	86	86946	买盘
13:20:33	10.1	-0.01	10	10100	卖盘
13:20:28	10.11	0.01	17	17187	买盘
13:20:18	10.1	-0.01	1	1010	卖盘
13:20:13	10.11	0.01	167	168837	买盘
13:20:03	10.1	--	16	16160	买盘
13:19:48	10.1	--	1	1010	买盘
13:19:43	10.1	--	10	10100	买盘
13:19:38	10.1	--	1	1010	买盘
13:19:28	10.1	--	27	27270	买盘
13:19:23	10.1	--	44	45349	卖盘
13:19:13	10.1	-0.01	10	10100	卖盘
13:19:08	10.11	0.01	202	204222	买盘
13:18:58	10.1	-0.01	52	52520	卖盘
13:18:53	10.11	0.01	10	10110	买盘
13:18:43	10.1	--	26	26260	卖盘
13:18:38	10.1	--	45	45450	卖盘
13:18:32	10.1	--	2	2020	卖盘
13:18:28	10.1	--	28	28381	买盘
13:18:08	10.1	--	100	101000	买盘
13:18:02	10.1	--	102	103020	买盘
13:17:58	10.1	0.01	50	50500	买盘
13:17:53	10.09	-0.01	7	7870	卖盘
13:17:43	10.1	--	73	73730	买盘
13:17:32	10.1	--	5	5050	买盘
13:17:13	10.1	--	33	33330	买盘
13:17:08	10.1	--	2	2020	买盘
13:17:02	10.1	--	30	30300	买盘
13:16:53	10.1	0.01	2	2020	买盘
13:16:47	10.09	-0.01	64	64576	卖盘
13:16:43	10.1	--	3	3030	买盘
13:16:38	10.1	--	114	115140	卖盘
13:16:32	10.1	--	100	101000	卖盘
13:16:23	10.1	-0.01	10	10100	卖盘
13:16:13	10.11	--	30	30330	买盘
13:16:08	10.11	--	61	61671	买盘
13:15:58	10.11	0.01	12	12132	买盘
13:15:43	10.1	--	1	1010	买盘
13:15:28	10.1	--	32	32320	买盘
13:15:23	10.1	-0.01	67	67670	卖盘
13:14:57	10.11	--	398	402378	买盘
13:14:47	10.11	0.01	5	5055	买盘
13:14:37	10.1	--	15	15150	卖盘
13:14:32	10.1	--	50	50500	卖盘
13:14:02	10.1	--	10	10100	卖盘
13:13:52	10.1	0.01	322	325927	买盘
13:13:42	10.09	--	10	10090	卖盘
13:13:17	10.09	--	22	22198	卖盘
13:13:12	10.09	-0.01	3	3027	卖盘
13:13:07	10.1	--	10	10100	买盘
13:13:02	10.1	0.01	43	43430	买盘
13:12:57	10.09	-0.01	51	51459	卖盘
13:12:52	10.1	0.01	10	10100	买盘
13:12:41	10.09	-0.01	4	4036	卖盘
13:12:37	10.1	--	100	101000	买盘
13:12:32	10.1	--	100	101000	买盘
13:12:22	10.1	--	10	10100	买盘
13:12:17	10.1	--	100	101000	买盘
13:12:07	10.1	--	25	25250	买盘
13:11:56	10.1	--	9	9090	买盘
13:11:47	10.1	--	10	10100	买盘
13:11:37	10.1	--	20	20200	买盘
13:11:32	10.1	0.01	21	21210	买盘
13:11:17	10.09	-0.01	3	3027	卖盘
13:11:07	10.1	0.01	30	30300	买盘
13:11:02	10.09	--	10	10090	卖盘
13:10:41	10.09	--	15	16012	买盘
13:10:37	10.09	--	40	40360	买盘
13:10:11	10.09	--	2	2018	买盘
13:09:47	10.09	--	5	5045	买盘
13:09:41	10.09	--	46	46414	买盘
13:09:37	10.09	--	25	25356	卖盘
13:09:32	10.09	0.01	74	75543	买盘
13:09:22	10.08	--	5	5241	卖盘
13:09:17	10.08	--	1	1915	卖盘
13:08:52	10.08	-0.01	10	10080	卖盘
13:08:47	10.09	0.01	78	78702	买盘
13:08:21	10.08	-0.01	22	22176	卖盘
13:08:17	10.09	--	5	5045	买盘
13:08:06	10.09	-0.01	19	19171	卖盘
13:07:51	10.1	--	0	0	买盘
13:07:46	10.1	0.01	74	74740	买盘
13:07:36	10.09	--	2	2018	卖盘
13:07:25	10.09	--	10	10090	卖盘
13:07:21	10.09	--	222	223998	卖盘
13:07:06	10.09	--	120	121080	买盘
13:07:01	10.09	--	10	10090	买盘
13:06:56	10.09	0.01	14	14126	买盘
13:06:51	10.08	-0.01	3	3024	卖盘
13:06:46	10.09	--	30	30270	买盘
13:06:36	10.09	--	1	1009	买盘
13:06:11	10.09	--	30	30270	买盘
13:06:01	10.09	--	4	4136	卖盘
13:05:56	10.09	--	130	132078	买盘
13:05:50	10.09	--	100	100900	买盘
13:05:35	10.09	--	19	19171	买盘
13:05:31	10.09	0.01	2	2018	买盘
13:05:16	10.08	--	10	10080	卖盘
13:05:05	10.08	0.01	12	12196	买盘
13:05:01	10.07	-0.01	10	10070	卖盘
13:04:41	10.08	--	8	8064	买盘
13:04:26	10.08	--	15	15120	买盘
13:04:20	10.08	--	10	10080	买盘
13:04:16	10.08	--	3	3024	买盘
13:04:05	10.08	--	100	100800	买盘
13:04:01	10.08	0.01	16	16128	买盘
13:03:41	10.07	--	103	104023	买盘
13:03:31	10.07	0.01	19	19133	买盘
13:03:26	10.06	--	5	5030	卖盘
13:03:11	10.06	-0.01	45	45270	卖盘
13:02:56	10.07	0.01	130	130910	买盘
13:02:49	10.06	-0.01	40	40240	卖盘
13:02:20	10.07	--	100	100700	买盘
13:01:30	10.07	--	20	20140	买盘
13:01:26	10.07	0.01	3	3021	买盘
13:01:15	10.06	-0.01	15	15090	卖盘
13:00:55	10.07	--	22	22154	买盘
13:00:40	10.07	-0.01	131	132621	卖盘
13:00:30	10.08	0.01	85	85680	买盘
13:00:15	10.07	--	135	135945	卖盘
13:00:10	10.07	--	28	28699	卖盘
13:00:05	10.07	0.01	730	735512	买盘
13:00:00	10.06	--	45	45270	卖盘
11:30:00	10.06	--	0	0	卖盘
11:29:59	10.06	--	0	0	卖盘
11:29:59	10.06	-0.01	30	30582	卖盘
11:29:46	10.07	--	5	5035	买盘
11:29:36	10.07	--	32	32526	卖盘
11:29:16	10.07	--	3	3021	卖盘
11:29:10	10.07	--	50	50350	卖盘
11:29:06	10.07	--	3	3021	卖盘
11:29:01	10.07	-0.01	20	20140	卖盘
11:28:46	10.08	--	15	15120	买盘
11:28:36	10.08	--	5	5040	买盘
11:28:31	10.08	--	8	8064	买盘
11:28:06	10.08	0.01	9	9072	买盘
11:27:36	10.07	--	43	44207	卖盘
11:27:31	10.07	--	5	5035	卖盘
11:27:25	10.07	--	5	5035	卖盘
11:27:21	10.07	--	1	1007	卖盘
11:27:16	10.07	--	7	7955	卖盘
11:27:10	10.07	--	50	50350	卖盘
11:27:06	10.07	--	76	77438	买盘
11:26:51	10.07	--	10	10070	买盘
11:26:46	10.07	--	30	30210	买盘
11:26:36	10.07	--	20	20140	买盘
11:26:10	10.07	--	5	5035	买盘
11:26:06	10.07	--	10	10070	买盘
11:26:01	10.07	--	21	21147	买盘
11:25:55	10.07	--	20	20140	买盘
11:25:51	10.07	0.01	10	10070	买盘
11:25:46	10.06	--	14	14084	卖盘
11:25:40	10.06	--	3	3018	卖盘
11:25:31	10.06	-0.01	32	32192	卖盘
11:25:25	10.07	0.01	15	15105	买盘
11:25:16	10.06	-0.01	70	70420	卖盘
11:25:10	10.07	0.01	35	35245	买盘
11:25:01	10.06	--	69	69414	买盘
11:24:55	10.06	0.01	60	60360	买盘
11:24:49	10.05	-0.01	30	30150	卖盘
11:24:46	10.06	--	547	550583	买盘
11:24:31	10.06	--	385	387310	买盘
11:24:25	10.06	--	13	13078	买盘
11:24:19	10.06	--	530	533180	卖盘
11:24:15	10.06	-0.01	2	2012	卖盘
11:24:10	10.07	0.01	104	104728	买盘
11:24:00	10.06	-0.01	54	54324	卖盘
11:23:49	10.07	--	0	0	买盘
11:23:45	10.07	--	73	73511	买盘
11:23:30	10.07	0.01	6	6042	买盘
11:23:25	10.06	--	1	1006	卖盘
11:23:15	10.06	--	19	19114	买盘
11:23:10	10.06	0.01	10	10060	买盘
11:23:04	10.05	-0.01	184	184920	卖盘
11:23:00	10.06	--	10	10060	买盘
11:22:55	10.06	--	36	36216	卖盘
11:22:49	10.06	0.01	5	5030	卖盘
11:22:45	10.05	-0.01	360	361800	卖盘
11:22:40	10.06	--	70	70420	卖盘
11:22:34	10.06	--	10	10060	卖盘
11:22:30	10.06	0.01	83	83498	买盘
11:22:25	10.05	-0.01	29	29145	卖盘
11:22:19	10.06	--	10	10060	买盘
11:22:15	10.06	0.01	114	114684	买盘
11:22:10	10.05	-0.01	100	100500	卖盘
11:22:00	10.06	0.01	20	20120	买盘
11:21:55	10.05	--	10	10050	卖盘
11:21:49	10.05	-0.01	30	30150	卖盘
11:21:45	10.06	0.01	80	80480	买盘
11:21:40	10.05	--	39	39195	卖盘
11:21:30	10.05	--	46	46230	卖盘
11:21:25	10.05	-0.01	90	90450	卖盘
11:21:15	10.06	--	128	128768	卖盘
11:21:10	10.06	--	229	230374	卖盘
11:21:04	10.06	-0.01	11	11066	卖盘
11:21:00	10.07	--	245	246715	买盘
11:20:49	10.07	0.01	30	30210	买盘
11:20:45	10.06	--	207	208242	卖盘
11:20:40	10.06	--	54	54827	卖盘
11:20:34	10.06	--	5	5030	卖盘
11:20:30	10.06	-0.01	30	30783	卖盘
11:20:25	10.07	0.01	208	209456	买盘
11:20:19	10.06	--	15	15090	卖盘
11:20:15	10.06	--	76	76456	卖盘
11:20:00	10.06	-0.01	5	5030	卖盘
11:19:45	10.07	--	43	43301	卖盘
11:19:34	10.07	--	61	61427	买盘
11:19:30	10.07	0.01	1	1007	买盘
11:19:25	10.06	-0.01	50	50300	卖盘
11:19:19	10.07	0.01	20	20140	买盘
11:19:04	10.06	-0.01	58	58348	卖盘
11:18:58	10.07	--	4	4028	买盘
11:18:49	10.07	0.01	30	30210	买盘
11:18:34	10.06	-0.01	50	50300	卖盘
11:18:25	10.07	--	30	30210	卖盘
11:18:19	10.07	0.01	7	7049	卖盘
11:18:13	10.06	-0.01	78	78468	卖盘
11:18:04	10.07	--	37	37259	卖盘
11:17:58	10.07	--	0	604	卖盘
11:17:54	10.07	--	48	48336	买盘
11:17:49	10.07	--	24	24168	买盘
11:17:34	10.07	--	22	22154	买盘
11:17:24	10.07	-0.01	408	410856	卖盘
11:17:19	10.08	0.01	10	10080	买盘
11:17:09	10.07	--	189	190524	卖盘
11:17:04	10.07	-0.01	2	2014	卖盘
11:16:58	10.08	--	15	15120	买盘
11:16:54	10.08	--	10	10080	买盘
11:16:49	10.08	--	5	5040	买盘
11:16:34	10.08	--	86	87192	卖盘
11:16:09	10.08	--	17	17136	卖盘
11:15:54	10.08	--	139	140112	卖盘
11:15:49	10.08	--	8	8568	卖盘
11:15:39	10.08	--	12	12096	卖盘
11:15:24	10.08	--	21	21168	卖盘
11:15:19	10.08	-0.01	4	4032	卖盘
11:15:09	10.09	0.01	2	2018	买盘
11:15:04	10.08	--	58	58464	卖盘
11:14:39	10.08	--	10	10080	卖盘
11:14:19	10.08	--	32	32256	买盘
11:14:13	10.08	--	8	8064	买盘
11:14:09	10.08	0.01	127	128016	买盘
11:14:04	10.07	-0.01	130	130910	卖盘
11:13:49	10.08	0.01	101	101808	买盘
11:13:43	10.07	-0.01	10	10070	卖盘
11:13:39	10.08	0.01	80	80640	买盘
11:13:34	10.07	-0.01	20	20140	卖盘
11:13:28	10.08	--	21	21168	买盘
11:13:24	10.08	--	10	10080	买盘
11:13:19	10.08	--	13	13910	买盘
11:13:13	10.08	--	3	3024	买盘
11:13:09	10.08	--	33	33264	买盘
11:13:04	10.08	--	3	3024	买盘
11:12:58	10.08	--	24	24192	买盘
11:12:52	10.08	0.01	5	5040	买盘
11:12:49	10.07	-0.01	6	6042	卖盘
11:12:28	10.08	--	1	1008	买盘
11:12:13	10.08	--	4	4032	买盘
11:12:07	10.08	--	1	1008	买盘
11:12:04	10.08	0.01	8	8064	买盘
11:11:58	10.07	--	6	6042	卖盘
11:11:52	10.07	-0.01	5	5035	卖盘
11:11:49	10.08	0.01	15	15120	买盘
11:11:43	10.07	--	2	2014	卖盘
11:11:33	10.07	--	47	47329	卖盘
11:11:28	10.07	--	66	66462	卖盘
11:11:13	10.07	0.01	82	82674	买盘
11:11:07	10.06	-0.01	210	211260	卖盘
11:11:03	10.07	--	63	63441	买盘
11:10:58	10.07	--	9	9063	买盘
11:10:48	10.07	--	10	10070	买盘
11:10:43	10.07	--	1	1007	买盘
11:10:37	10.07	0.01	10	10070	买盘
11:10:33	10.06	-0.01	93	93558	卖盘
11:10:28	10.07	0.01	40	40280	买盘
11:10:22	10.06	-0.01	10	10060	卖盘
11:10:18	10.07	0.01	125	125875	买盘
11:10:13	10.06	--	1001	1007006	卖盘
11:10:07	10.06	-0.01	18	18108	卖盘
11:10:03	10.07	--	10	10070	买盘
11:09:58	10.07	0.01	4	4028	买盘
11:09:52	10.06	-0.01	10	10060	卖盘
11:09:43	10.07	0.01	45	45315	卖盘
11:09:28	10.06	--	128	128768	卖盘
11:09:22	10.06	-0.01	10	10060	卖盘
11:09:18	10.07	--	103	103721	买盘
11:09:13	10.07	--	43	43301	买盘
11:09:03	10.07	0.01	31	31217	买盘
11:08:52	10.06	-0.01	90	90540	卖盘
11:08:48	10.07	--	21	21147	买盘
11:08:43	10.07	--	9	9063	买盘
11:08:37	10.07	--	11	11077	买盘
11:08:33	10.07	--	150	151050	买盘
11:08:28	10.07	--	76	76532	买盘
11:08:07	10.07	0.01	315	317205	买盘
11:08:03	10.06	-0.01	122	122732	卖盘
11:07:58	10.07	0.01	5	5035	买盘
11:07:48	10.06	-0.01	24	24144	卖盘
11:07:43	10.07	--	35	35245	买盘
11:07:37	10.07	--	14	14098	买盘
11:07:33	10.07	0.01	228	229596	买盘
11:07:28	10.06	--	20	20120	卖盘
11:07:18	10.06	-0.01	5	5030	卖盘
11:07:07	10.07	0.01	45	45315	卖盘
11:06:52	10.06	-0.01	5	5030	卖盘
11:06:48	10.07	0.01	16	16414	买盘
11:06:43	10.06	-0.01	400	402400	卖盘
11:06:37	10.07	--	148	149036	买盘
11:06:31	10.07	--	10	10070	买盘
11:06:28	10.07	0.01	1	1007	买盘
11:06:22	10.06	-0.01	30	30180	卖盘
11:06:16	10.07	0.01	12	12084	买盘
11:06:07	10.06	-0.01	121	121726	卖盘
11:05:46	10.07	--	10	10070	买盘
11:05:43	10.07	0.01	65	65455	买盘
11:05:37	10.06	--	395	397370	卖盘
11:05:28	10.06	-0.01	541	544246	卖盘
11:05:22	10.07	--	33	33231	买盘
11:05:12	10.07	--	51	51860	卖盘
11:05:07	10.07	--	925	931475	卖盘
11:05:01	10.07	--	18	18126	卖盘
11:04:57	10.07	-0.01	105	105735	卖盘
11:04:46	10.08	0.01	90	90720	买盘
11:04:37	10.07	--	30	30210	卖盘
11:04:31	10.07	--	219	220533	卖盘
11:04:16	10.07	-0.01	23	23161	卖盘
11:04:12	10.08	--	100	100800	买盘
11:04:07	10.08	--	17	17136	买盘
11:03:57	10.08	--	5	5040	买盘
11:03:46	10.08	--	5	5040	买盘
11:03:42	10.08	--	114	114912	卖盘
11:03:37	10.08	--	10	10080	卖盘
11:03:22	10.08	--	73	73584	买盘
11:03:16	10.08	--	5	5040	买盘
11:03:12	10.08	0.01	13	13104	卖盘
11:03:01	10.07	--	0	0	卖盘
11:02:57	10.07	-0.02	700	704900	卖盘
11:02:52	10.09	0.01	50	50450	买盘
11:02:46	10.08	--	216	217728	卖盘
11:02:42	10.08	--	4	4032	卖盘
11:02:37	10.08	-0.01	31	31248	卖盘
11:02:31	10.09	0.01	10	10090	买盘
11:02:27	10.08	--	64	64512	卖盘
11:02:22	10.08	-0.01	18	18144	卖盘
11:02:01	10.09	--	10	10090	买盘
11:01:57	10.09	--	36	36324	卖盘
11:01:37	10.09	--	27	27243	卖盘
11:01:31	10.09	--	24	24216	买盘
11:01:27	10.09	--	33	33297	买盘
11:01:16	10.09	-0.01	3	3027	买盘
11:01:07	10.1	--	0	0	买盘
11:01:01	10.1	0.01	255	258257	买盘
11:00:57	10.09	--	5	5045	卖盘
11:00:52	10.09	--	9	9081	卖盘
11:00:46	10.09	--	16	16144	卖盘
11:00:31	10.09	-0.01	10	10090	卖盘
11:00:16	10.1	--	4	4040	买盘
10:59:52	10.1	--	22	22220	买盘
10:59:31	10.1	--	17	17675	买盘
10:59:22	10.1	--	1	1010	买盘
10:59:16	10.1	--	220	222200	买盘
10:59:07	10.1	--	36	37269	卖盘
10:59:01	10.1	--	30	30300	卖盘
10:58:40	10.1	--	105	106050	卖盘
10:58:36	10.1	--	32	32320	卖盘
10:58:25	10.1	--	140	141501	卖盘
10:58:21	10.1	-0.01	0	303	卖盘
10:58:16	10.11	0.01	84	84924	买盘
10:58:06	10.1	--	20	20200	卖盘
10:58:01	10.1	--	1	1010	卖盘
10:57:51	10.1	-0.01	20	20200	卖盘
10:57:31	10.11	0.01	5	5055	买盘
10:57:25	10.1	--	10	10100	卖盘
10:57:21	10.1	--	6	6060	卖盘
10:57:16	10.1	--	35	35350	卖盘
10:57:06	10.1	--	20	20200	卖盘
10:57:01	10.1	-0.01	78	78780	卖盘
10:56:51	10.11	--	15	15165	买盘
10:56:40	10.11	0.01	4	4044	买盘
10:56:36	10.1	-0.01	10	10100	卖盘
10:56:31	10.11	--	50	50550	买盘
10:56:25	10.11	--	43	43473	买盘
10:56:21	10.11	--	70	70770	买盘
10:56:16	10.11	--	26	26286	买盘
10:56:10	10.11	0.01	37	37407	买盘
10:56:06	10.1	--	10	10100	卖盘
10:55:55	10.1	--	15	15150	卖盘
10:55:46	10.1	-0.01	10	10100	卖盘
10:55:36	10.11	--	15	15165	买盘
10:55:25	10.11	0.01	9	9099	买盘
10:55:16	10.1	--	22	22220	卖盘
10:55:10	10.1	-0.01	10	10100	卖盘
10:55:01	10.11	0.01	5	5055	买盘
10:54:51	10.1	-0.01	68	68680	卖盘
10:54:46	10.11	--	182	184002	买盘
10:54:40	10.11	0.01	6	6066	买盘
10:54:36	10.1	--	50	50500	卖盘
10:54:31	10.1	-0.01	219	221796	卖盘
10:54:25	10.11	0.01	3	3033	买盘
10:54:21	10.1	-0.01	41	41410	卖盘
10:54:16	10.11	0.01	10	10110	买盘
10:54:04	10.1	--	10	10100	卖盘
10:54:01	10.1	--	478	482780	买盘
10:53:49	10.1	--	20	20200	买盘
10:53:46	10.1	0.01	8	8080	买盘
10:53:31	10.09	--	53	53477	卖盘
10:53:10	10.09	--	5	5045	卖盘
10:53:04	10.09	--	6	6054	卖盘
10:52:55	10.09	--	10	10090	卖盘
10:52:49	10.09	--	10	10090	卖盘
10:52:25	10.09	--	1	1311	卖盘
10:52:15	10.09	--	7	7063	卖盘
10:52:10	10.09	--	20	20180	卖盘
10:51:55	10.09	--	25	26133	买盘
10:51:45	10.09	--	110	110990	买盘
10:51:40	10.09	--	2	2018	买盘
10:51:34	10.09	--	11	11199	卖盘
10:51:30	10.09	--	53	53981	卖盘
10:51:25	10.09	--	31	31279	卖盘
10:51:15	10.09	--	4	4237	卖盘
10:51:10	10.09	--	188	189893	买盘
10:51:04	10.09	--	10	10090	买盘
10:50:55	10.09	--	27	28050	卖盘
10:50:40	10.09	-0.01	26	26234	卖盘
10:50:15	10.1	0.01	20	20200	买盘
10:50:10	10.09	-0.01	78	78702	卖盘
10:49:55	10.1	--	48	48480	买盘
10:49:34	10.1	0.01	200	202000	买盘
10:49:25	10.09	-0.01	51	51660	卖盘
10:49:00	10.1	--	58	58580	买盘
10:48:49	10.1	0.01	10	10100	买盘
10:48:45	10.09	--	24	24216	卖盘
10:48:40	10.09	--	35	35315	卖盘
10:48:25	10.09	--	20	20180	卖盘
10:48:19	10.09	--	26	26234	卖盘
10:48:10	10.09	--	33	33297	卖盘
10:47:58	10.09	0.01	120	121080	买盘
10:47:55	10.08	--	81	81648	卖盘
10:47:49	10.08	-0.01	50	50400	卖盘
10:47:40	10.09	0.01	109	109981	买盘
10:47:34	10.08	-0.01	50	50400	卖盘
10:47:25	10.09	--	11	11099	买盘
10:47:19	10.09	--	20	20180	买盘
10:47:10	10.09	0.01	6	6054	买盘
10:46:58	10.08	--	10	10080	卖盘
10:46:54	10.08	--	5	5040	卖盘
10:46:49	10.08	--	258	260064	卖盘
10:46:40	10.08	--	17	17136	卖盘
10:46:34	10.08	--	25	25200	卖盘
10:46:28	10.08	--	4	4465	买盘
10:46:24	10.08	--	72	72576	买盘
10:46:19	10.08	--	1	1008	买盘
10:46:13	10.08	-0.01	359	362446	卖盘
10:46:09	10.09	0.01	10	10090	买盘
10:46:04	10.08	--	18	18144	卖盘
10:45:58	10.08	--	20	20160	卖盘
10:45:54	10.08	-0.01	24	24192	卖盘
10:45:49	10.09	0.01	332	334988	买盘
10:45:43	10.08	-0.01	25	25200	卖盘
10:45:39	10.09	--	1	1009	买盘
10:45:28	10.09	0.01	10	10090	买盘
10:45:24	10.08	-0.01	261	263592	卖盘
10:45:09	10.09	--	7	7063	买盘
10:45:04	10.09	--	30	30270	买盘
10:44:54	10.09	--	184	185918	卖盘
10:44:39	10.09	--	5	5045	卖盘
10:44:34	10.09	--	18	18162	卖盘
10:44:24	10.09	--	40	40360	卖盘
10:44:19	10.09	--	125	126125	卖盘
10:44:09	10.09	--	100	100900	卖盘
10:44:04	10.09	--	10	10090	卖盘
10:43:54	10.09	--	6	6054	卖盘
10:43:49	10.09	--	293	295637	卖盘
10:43:34	10.09	--	2	2623	卖盘
10:43:24	10.09	--	4	4540	卖盘
10:43:19	10.09	-0.01	70	70630	卖盘
10:43:13	10.1	0.01	60	60600	买盘
10:43:04	10.09	--	23	23207	卖盘
10:42:54	10.09	--	7	7063	卖盘
10:42:43	10.09	-0.01	5	5045	卖盘
10:42:39	10.1	--	5	5050	买盘
10:42:34	10.1	0.01	1	1010	买盘
10:42:24	10.09	-0.01	200	201800	卖盘
10:42:13	10.1	0.01	40	40400	买盘
10:42:04	10.09	--	7	7063	卖盘
10:41:58	10.09	-0.01	10	10090	卖盘
10:41:49	10.1	--	45	45450	买盘
10:41:28	10.1	0.01	100	101000	买盘
10:41:22	10.09	-0.01	450	454050	卖盘
10:41:13	10.1	--	72	73326	买盘
10:40:58	10.1	--	10	10100	买盘
10:40:49	10.1	--	10	10100	买盘
10:40:37	10.1	--	105	106050	买盘
10:40:34	10.1	0.01	2	2020	买盘
10:40:19	10.09	-0.01	73	73657	卖盘
10:40:13	10.1	0.01	16	16160	买盘
10:39:58	10.09	-0.01	41	41369	卖盘
10:39:52	10.1	0.01	5	5050	买盘
10:39:48	10.09	-0.01	17	17153	卖盘
10:39:43	10.1	0.01	20	20200	买盘
10:39:33	10.09	-0.01	5	5045	卖盘
10:39:28	10.1	--	35	35350	买盘
10:39:22	10.1	--	1	1010	买盘
10:39:18	10.1	0.01	10	10100	买盘
10:39:13	10.09	--	10	10090	卖盘
10:39:07	10.09	--	64	64576	卖盘
10:39:03	10.09	-0.01	62	62558	卖盘
10:38:58	10.1	--	1	1010	买盘
10:38:48	10.1	--	44	44440	买盘
10:38:43	10.1	0.01	1	1010	买盘
10:38:37	10.09	--	10	10090	卖盘
10:38:33	10.09	-0.01	39	39391	卖盘
10:38:22	10.1	--	10	10100	买盘
10:38:18	10.1	--	200	202000	买盘
10:38:13	10.1	0.01	10	10100	买盘
10:38:03	10.09	--	10	10090	卖盘
10:37:58	10.09	-0.01	1	1009	卖盘
10:37:48	10.1	0.01	100	101000	买盘
10:37:43	10.09	--	31	31279	卖盘
10:37:33	10.09	--	141	143025	卖盘
10:37:28	10.09	0.01	4	4036	卖盘
10:37:07	10.08	-0.01	40	40320	卖盘
10:37:03	10.09	--	71	71639	卖盘
10:36:58	10.09	--	40	40360	买盘
10:36:52	10.09	--	12	12108	买盘
10:36:48	10.09	--	12	12108	买盘
10:36:43	10.09	--	86	86774	买盘
10:36:33	10.09	--	21	21390	买盘
10:36:28	10.09	--	39	39351	买盘
10:36:22	10.09	--	15	15135	买盘
10:36:18	10.09	0.01	47	47423	买盘
10:36:13	10.08	-0.01	20	20160	卖盘
10:36:03	10.09	0.01	107	107963	买盘
10:35:58	10.08	-0.01	25	25200	卖盘
10:35:52	10.09	--	10	10090	买盘
10:35:48	10.09	0.01	11	11099	买盘
10:35:42	10.08	--	6	6552	卖盘
10:35:28	10.08	--	20	20160	卖盘
10:35:22	10.08	-0.01	161	162288	卖盘
10:35:18	10.09	0.01	10	10090	买盘
10:35:13	10.08	--	10	10080	卖盘
10:35:07	10.08	--	75	75831	买盘
10:35:01	10.08	--	181	182448	买盘
10:34:58	10.08	--	55	55440	买盘
10:34:52	10.08	--	389	392112	买盘
10:34:46	10.08	--	1	1008	买盘
10:34:43	10.08	--	36	36288	买盘
10:34:37	10.08	--	32	32256	买盘
10:34:31	10.08	-0.01	117	118712	卖盘
10:34:28	10.09	0.01	10	10090	买盘
10:34:22	10.08	--	12	12096	卖盘
10:34:16	10.08	--	20	20160	卖盘
10:34:13	10.08	-0.01	46	46368	卖盘
10:34:07	10.09	--	136	137456	买盘
10:33:52	10.09	--	162	164234	卖盘
10:33:42	10.09	-0.01	1020	1029180	卖盘
10:33:37	10.1	--	88	88880	买盘
10:33:22	10.1	--	330	333906	卖盘
10:33:16	10.1	-0.01	503	508030	卖盘
10:33:12	10.11	0.01	6	6066	买盘
10:33:07	10.1	--	170	171801	卖盘
10:32:57	10.1	-0.01	20	20200	卖盘
10:32:46	10.11	--	163	165702	卖盘
10:32:42	10.11	--	32	32352	卖盘
10:32:37	10.11	--	85	85935	卖盘
10:32:27	10.11	--	271	273981	卖盘
10:32:22	10.11	--	265	267915	卖盘
10:32:12	10.11	--	323	326553	卖盘
10:32:01	10.11	-0.01	3	3033	卖盘
10:31:46	10.12	0.01	2	2023	买盘
10:31:37	10.11	--	58	58638	卖盘
10:31:31	10.11	-0.01	31	31341	卖盘
10:31:22	10.12	--	28	28335	买盘
10:31:07	10.12	--	16	16191	买盘
10:30:46	10.12	--	3	3035	买盘
10:30:37	10.12	--	183	185307	卖盘
10:30:27	10.12	--	41	41492	卖盘
10:30:12	10.12	--	30	30359	卖盘
10:30:07	10.12	--	100	101199	卖盘
10:29:57	10.12	--	30	30359	卖盘
10:29:52	10.12	--	34	34408	卖盘
10:29:46	10.12	--	19	19228	卖盘
10:29:31	10.12	-0.01	20	20240	卖盘
10:29:27	10.13	--	103	104339	买盘
10:29:22	10.13	0.01	10	10130	买盘
10:29:12	10.12	-0.01	9	9108	卖盘
10:28:52	10.13	0.01	23	23299	买盘
10:28:46	10.12	-0.01	42	42504	卖盘
10:28:40	10.13	--	5	5065	买盘
10:28:37	10.13	0.01	20	20260	买盘
10:28:31	10.12	-0.02	1	1011	卖盘
10:28:25	10.14	0.01	39	39546	买盘
10:28:21	10.13	--	20	20260	买盘
10:28:16	10.13	--	356	361539	卖盘
10:28:10	10.13	--	53	53689	卖盘
10:28:07	10.13	--	2	2026	卖盘
10:28:01	10.13	--	20	20260	卖盘
10:27:51	10.13	--	1	1013	卖盘
10:27:46	10.13	--	5	5976	卖盘
10:27:36	10.13	0.01	331	335505	买盘
10:27:31	10.12	-0.01	75	75900	卖盘
10:27:16	10.13	--	30	30390	买盘
10:27:10	10.13	0.01	3	3039	买盘
10:26:46	10.12	-0.01	8	8095	卖盘
10:26:40	10.13	0.01	10	10130	买盘
10:26:31	10.12	-0.01	70	70840	卖盘
10:26:21	10.13	0.01	176	178288	买盘
10:26:16	10.12	-0.01	127	128523	卖盘
10:26:06	10.13	0.01	10	10130	买盘
10:25:55	10.12	--	8	8095	卖盘
10:25:51	10.12	--	30	30359	卖盘
10:25:46	10.12	--	11	11132	卖盘
10:25:36	10.12	--	58	58695	卖盘
10:25:31	10.12	--	100	101199	卖盘
10:25:16	10.12	-0.01	25	25299	卖盘
10:25:01	10.13	--	20	20260	买盘
10:24:55	10.13	0.01	29	29377	买盘
10:24:46	10.12	--	62	62743	卖盘
10:24:36	10.12	--	277	280324	卖盘
10:24:31	10.12	-0.01	13	13155	卖盘
10:24:25	10.13	0.01	90	91170	买盘
10:24:10	10.12	-0.01	219	221627	卖盘
10:24:06	10.13	0.01	100	101300	中性盘
10:23:55	10.12	-0.02	170	172040	卖盘
10:23:51	10.14	0.01	4	4056	买盘
10:23:46	10.13	--	28	29062	买盘
10:23:40	10.13	-0.01	81	82367	卖盘
10:23:36	10.14	0.01	5	5769	买盘
10:23:31	10.13	--	3	3039	卖盘
10:23:25	10.13	--	12	12156	卖盘
10:23:21	10.13	--	10	10130	卖盘
10:23:16	10.13	--	21	21273	卖盘
10:23:06	10.13	--	3	3039	卖盘
10:23:01	10.13	--	10	10130	买盘
10:22:55	10.13	--	1	1013	买盘
10:22:40	10.13	--	70	70910	买盘
10:22:31	10.13	--	6	6078	买盘
10:22:25	10.13	--	74	75265	卖盘
10:22:19	10.13	--	126	127638	卖盘
10:22:10	10.13	--	51	52372	买盘
10:22:04	10.13	--	79	80330	卖盘
10:21:45	10.13	--	67	67871	卖盘
10:21:40	10.13	--	12	12156	卖盘
10:21:34	10.13	--	31	31403	卖盘
10:21:30	10.13	--	5	5065	卖盘
10:21:15	10.13	--	50	50650	卖盘
10:21:10	10.13	-0.01	57	57741	卖盘
10:21:04	10.14	--	31	31434	买盘
10:20:55	10.14	0.01	51	51714	买盘
10:20:49	10.13	--	12	12156	卖盘
10:20:45	10.13	--	10	10130	卖盘
10:20:40	10.13	-0.01	3	3039	卖盘
10:20:34	10.14	--	50	50700	买盘
10:20:30	10.14	0.01	5	5070	买盘
10:20:25	10.13	--	109	110417	卖盘
10:20:15	10.13	--	15	16106	卖盘
10:20:10	10.13	--	55	55715	卖盘
10:20:04	10.13	--	500	506500	卖盘
10:19:55	10.13	--	82	83876	卖盘
10:19:49	10.13	-0.01	31	31403	卖盘
10:19:45	10.14	0.01	10	10140	买盘
10:19:40	10.13	-0.01	15	15195	卖盘
10:19:30	10.14	--	20	20280	买盘
10:19:15	10.14	--	19	19428	卖盘
10:19:10	10.14	--	220	223080	卖盘
10:19:04	10.14	--	60	60840	卖盘
10:19:00	10.14	--	107	108498	卖盘
10:18:55	10.14	-0.01	564	572129	卖盘
10:18:45	10.15	0.01	11	11165	买盘
10:18:40	10.14	-0.01	1	1014	卖盘
10:18:34	10.15	0.01	2	2030	买盘
10:18:30	10.14	--	27	27378	卖盘
10:18:25	10.14	-0.01	110	111540	卖盘
10:18:10	10.15	--	5	5075	买盘
10:18:04	10.15	--	36	36540	买盘
10:18:00	10.15	--	327	331905	卖盘
10:17:55	10.15	--	50	50750	卖盘
10:17:49	10.15	--	6	6090	卖盘
10:17:45	10.15	0.01	124	126073	买盘
10:17:40	10.14	-0.01	140	141960	卖盘
10:17:34	10.15	--	10	10150	买盘
10:17:30	10.15	--	126	127890	买盘
10:17:25	10.15	--	136	138040	买盘
10:17:19	10.15	--	3	3045	买盘
10:17:15	10.15	0.01	360	365400	买盘
10:17:04	10.14	-0.01	27	27378	卖盘
10:17:00	10.15	--	158	160370	买盘
10:16:55	10.15	0.01	50	50750	买盘
10:16:45	10.14	-0.01	60	60840	卖盘
10:16:40	10.15	--	9	9135	买盘
10:16:34	10.15	--	74	75110	买盘
10:16:25	10.15	--	130	131950	买盘
10:16:19	10.15	0.01	52	52780	买盘
10:16:04	10.14	--	2	2028	卖盘
10:15:49	10.14	--	124	125736	卖盘
10:15:43	10.14	--	14	14196	卖盘
10:15:39	10.14	-0.01	10	10140	卖盘
10:15:34	10.15	0.01	104	105560	买盘
10:15:24	10.14	-0.01	39	39951	卖盘
10:15:19	10.15	0.01	28	28420	买盘
10:15:13	10.14	--	15	15210	卖盘
10:15:09	10.14	-0.01	3	3042	中性盘
10:15:04	10.15	0.01	58	58870	买盘
10:14:58	10.14	--	60	60840	买盘
10:14:49	10.14	-0.01	5	5070	中性盘
10:14:43	10.15	0.01	753	764295	买盘
10:14:39	10.14	--	83	85064	卖盘
10:14:34	10.14	--	10	10140	卖盘
10:14:28	10.14	--	8	8112	卖盘
10:14:24	10.14	--	39	39546	卖盘
10:14:19	10.14	--	456	462495	买盘
10:14:09	10.14	--	22	22308	买盘
10:14:04	10.14	--	36	36504	买盘
10:13:58	10.14	--	5	5070	买盘
10:13:54	10.14	--	50	50700	买盘
10:13:49	10.14	--	59	59826	买盘
10:13:43	10.14	0.01	43	43602	买盘
10:13:39	10.13	-0.01	221	223873	中性盘
10:13:34	10.14	--	1054	1068857	买盘
10:13:24	10.14	--	257	261500	卖盘
10:13:19	10.14	-0.01	27	27378	卖盘
10:13:13	10.15	--	107	108605	买盘
10:13:04	10.15	0.01	24	24360	买盘
10:12:58	10.14	--	15	15210	卖盘
10:12:54	10.14	--	8	8112	卖盘
10:12:43	10.14	--	36	36504	卖盘
10:12:39	10.14	--	423	429033	买盘
10:12:34	10.14	--	65	65910	买盘
10:12:28	10.14	--	9	9126	买盘
10:12:24	10.14	0.01	6	6084	买盘
10:12:19	10.13	-0.01	570	578311	卖盘
10:12:09	10.14	0.01	514	521307	买盘
10:12:04	10.13	-0.01	30	30390	卖盘
10:11:49	10.14	--	15	15210	买盘
10:11:39	10.14	--	50	50700	买盘
10:11:34	10.14	--	5	5070	买盘
10:11:28	10.14	0.01	30	30420	买盘
10:11:24	10.13	--	121	122573	买盘
10:11:19	10.13	--	135	136755	卖盘
10:11:09	10.13	--	94	95222	买盘
10:11:04	10.13	--	103	104339	买盘
10:10:58	10.13	--	15	15195	买盘
10:10:54	10.13	0.01	260	263380	买盘
10:10:48	10.12	-0.01	169	171028	卖盘
10:10:39	10.13	--	5	5065	买盘
10:10:33	10.13	0.01	105	106365	买盘
10:10:24	10.12	-0.02	61	61731	卖盘
10:10:13	10.14	0.01	3000	3042000	买盘
10:10:09	10.13	0.01	20	20260	买盘
10:10:04	10.12	-0.01	15	15179	卖盘
10:09:58	10.13	0.01	41	41634	买盘
10:09:52	10.12	-0.01	10	10120	卖盘
10:09:49	10.13	--	284	287692	买盘
10:09:37	10.13	--	10	10130	买盘
10:09:34	10.13	0.01	20	20260	买盘
10:09:28	10.12	--	303	306636	卖盘
10:09:13	10.12	-0.01	43	43516	卖盘
10:09:03	10.13	--	38	38494	买盘
10:08:58	10.13	--	22	22286	买盘
10:08:52	10.13	--	13	13169	买盘
10:08:48	10.13	--	270	273510	买盘
10:08:37	10.13	--	5	5065	买盘
10:08:33	10.13	--	5	5065	买盘
10:08:28	10.13	--	11	11143	买盘
10:08:18	10.13	--	508	514604	买盘
10:08:13	10.13	-0.01	303	307850	卖盘
10:08:07	10.14	--	5	5070	买盘
10:08:03	10.14	--	35	35490	买盘
10:07:52	10.14	0.01	20	20280	买盘
10:07:48	10.13	-0.01	180	182340	卖盘
10:07:43	10.14	0.01	20	20280	买盘
10:07:33	10.13	--	19	19247	卖盘
10:07:28	10.13	0.01	569	576498	买盘
10:07:22	10.12	-0.01	249	251987	卖盘
10:07:18	10.13	--	33	33429	买盘
10:07:13	10.13	--	13	13169	买盘
10:07:03	10.13	--	236	239068	买盘
10:06:58	10.13	--	68	68884	买盘
10:06:43	10.13	--	204	206652	买盘
10:06:33	10.13	0.01	6	6078	买盘
10:06:28	10.12	-0.01	59	59707	卖盘
10:06:18	10.13	--	83	84079	买盘
10:06:13	10.13	--	113	114469	买盘
10:06:07	10.13	--	5	5065	买盘
10:06:03	10.13	--	68	68884	买盘
10:05:48	10.13	--	10	10130	买盘
10:05:43	10.13	--	16	16208	买盘
10:05:22	10.13	--	33	33429	买盘
10:05:03	10.13	--	65	65845	买盘
10:04:58	10.13	--	0	0	买盘
10:04:52	10.13	0.01	200	202600	买盘
10:04:48	10.12	--	6	6071	买盘
10:04:43	10.12	-0.01	629	636952	卖盘
10:04:37	10.13	--	12	12156	买盘
10:04:33	10.13	--	89	90157	买盘
10:04:28	10.13	0.01	320	324160	买盘
10:04:18	10.12	--	297	301171	买盘
10:04:13	10.12	-0.01	702	710828	卖盘
10:04:03	10.13	-0.01	573	580449	卖盘
10:03:57	10.14	--	13	13182	买盘
10:03:52	10.14	0.01	20	20280	买盘
10:03:48	10.13	-0.01	5	5065	卖盘
10:03:37	10.14	0.01	503	510042	买盘
10:03:31	10.13	--	2	2026	卖盘
10:03:22	10.13	0.01	23	24210	买盘
10:03:16	10.12	--	0	0	卖盘
10:03:13	10.12	-0.01	50	50599	卖盘
10:03:07	10.13	--	63	64021	买盘
10:03:01	10.13	0.01	200	202600	买盘
10:02:58	10.12	-0.01	10	10120	卖盘
10:02:52	10.13	0.01	3	3039	买盘
10:02:46	10.12	--	90	91080	卖盘
10:02:42	10.12	-0.01	45	45540	卖盘
10:02:37	10.13	--	52	52676	买盘
10:02:31	10.13	0.01	40	40520	买盘
10:02:27	10.12	-0.01	2	2023	卖盘
10:02:22	10.13	0.01	52	52676	买盘
10:02:12	10.12	--	32	32383	卖盘
10:02:07	10.12	--	4	4047	卖盘
10:01:57	10.12	--	91	92092	卖盘
10:01:52	10.12	0.01	46	46956	买盘
10:01:46	10.11	--	0	0	卖盘
10:01:42	10.11	-0.01	69	69860	卖盘
10:01:37	10.12	-0.01	29	29347	卖盘
10:01:31	10.13	0.01	145	146885	买盘
10:01:27	10.12	--	53	53635	卖盘
10:01:22	10.12	0.01	52	53433	买盘
10:01:12	10.11	-0.01	16	16176	卖盘
10:00:57	10.12	-0.01	28	28335	卖盘
10:00:52	10.13	0.01	25	25325	买盘
10:00:42	10.12	-0.01	3	3035	卖盘
10:00:27	10.13	--	0	0	买盘
10:00:22	10.13	0.01	300	303900	买盘
10:00:16	10.12	--	55	55963	卖盘
10:00:12	10.12	--	201	203411	卖盘
10:00:07	10.12	-0.01	48	48575	卖盘
10:00:01	10.13	--	50	50650	买盘
09:59:57	10.13	0.01	10	10130	买盘
09:59:52	10.12	-0.01	13	13155	卖盘
09:59:46	10.13	0.01	113	114469	卖盘
09:59:42	10.12	--	29	29550	卖盘
09:59:37	10.12	-0.01	135	136620	卖盘
09:59:31	10.13	--	25	25325	卖盘
09:59:27	10.13	--	95	96235	卖盘
09:59:22	10.13	--	132	133716	买盘
09:59:16	10.13	--	4	4052	买盘
09:59:12	10.13	-0.01	230	233283	卖盘
09:59:07	10.14	--	196	199463	买盘
09:59:01	10.14	0.01	130	131820	买盘
09:58:57	10.13	--	260	263380	卖盘
09:58:52	10.13	0.01	164	166132	买盘
09:58:46	10.12	--	40	40986	卖盘
09:58:42	10.12	--	220	222639	卖盘
09:58:37	10.12	-0.01	40	40480	卖盘
09:58:31	10.13	--	2	2026	买盘
09:58:27	10.13	-0.01	10	10130	买盘
09:58:22	10.14	--	33	33462	买盘
09:58:16	10.14	0.01	113	115393	买盘
09:58:12	10.13	--	133	134729	卖盘
09:58:07	10.13	--	40	40520	卖盘
09:58:01	10.13	0.01	64	65034	买盘
09:57:57	10.12	--	73	73876	买盘
09:57:51	10.12	-0.01	134	135608	卖盘
09:57:42	10.13	0.01	296	299848	买盘
09:57:36	10.12	--	120	121439	卖盘
09:57:31	10.12	--	108	109295	卖盘
09:57:27	10.12	--	2	2023	卖盘
09:57:22	10.12	-0.01	307	310684	卖盘
09:57:16	10.13	0.01	15	15195	买盘
09:57:12	10.12	--	27	27526	卖盘
09:57:06	10.12	--	117	118403	卖盘
09:57:01	10.12	--	4	4047	卖盘
09:56:51	10.12	0.01	312	316553	买盘
09:56:31	10.11	--	19	19209	卖盘
09:56:21	10.11	--	72	72792	卖盘
09:56:16	10.11	-0.01	315	318465	卖盘
09:56:10	10.12	--	6	6071	买盘
09:56:06	10.12	--	48	48575	买盘
09:56:01	10.12	--	154	155848	买盘
09:55:51	10.12	0.01	25	25299	买盘
09:55:46	10.11	-0.01	5	5055	卖盘
09:55:36	10.12	0.01	69	69828	买盘
09:55:31	10.11	--	20	20220	卖盘
09:55:21	10.11	--	134	135474	卖盘
09:55:16	10.11	--	147	148617	卖盘
09:55:10	10.11	--	11	11121	卖盘
09:55:06	10.11	-0.01	57	57627	卖盘
09:55:01	10.12	0.01	40	40480	买盘
09:54:51	10.11	--	77	77847	卖盘
09:54:46	10.11	--	3	3033	卖盘
09:54:36	10.11	--	306	309366	卖盘
09:54:31	10.11	--	155	156907	卖盘
09:54:25	10.11	--	37	37407	卖盘
09:54:21	10.11	--	130	131430	卖盘
09:54:16	10.11	--	5	5055	卖盘
09:54:10	10.11	--	20	20220	买盘
09:54:01	10.11	--	293	296223	买盘
09:53:51	10.11	--	206	208266	买盘
09:53:46	10.11	--	111	113130	卖盘
09:53:40	10.11	--	10	10110	卖盘
09:53:36	10.11	--	2	2022	卖盘
09:53:31	10.11	--	30	30431	买盘
09:53:25	10.11	--	10	10110	买盘
09:53:21	10.11	--	28	29217	卖盘
09:53:16	10.11	--	1	1011	卖盘
09:53:10	10.11	--	5	5055	卖盘
09:53:01	10.11	--	84	85025	卖盘
09:52:55	10.11	--	0	0	中性盘
09:52:51	10.11	0.01	30	30330	买盘
09:52:46	10.1	--	5	5050	卖盘
09:52:40	10.1	-0.02	32	32320	卖盘
09:52:36	10.12	0.02	1	1011	买盘
09:52:31	10.1	-0.01	43	43430	卖盘
09:52:25	10.11	--	30	30330	卖盘
09:52:21	10.11	0.01	227	229497	买盘
09:52:10	10.1	-0.01	38	38380	卖盘
09:52:06	10.11	0.01	103	104133	买盘
09:52:01	10.1	-0.01	36	36360	卖盘
09:51:55	10.11	--	5	5055	买盘
09:51:46	10.11	--	5	5055	买盘
09:51:40	10.11	--	20	20220	买盘
09:51:36	10.11	--	110	111210	买盘
09:51:31	10.11	0.01	3	3033	买盘
09:51:21	10.1	-0.01	302	305020	卖盘
09:51:16	10.11	0.01	40	40440	买盘
09:51:06	10.1	-0.01	223	225230	卖盘
09:51:00	10.11	--	17	17187	买盘
09:50:55	10.11	--	20	20220	买盘
09:50:51	10.11	--	2	2022	买盘
09:50:45	10.11	0.01	203	205233	卖盘
09:50:40	10.1	-0.01	527	532472	卖盘
09:50:36	10.11	--	1	1011	卖盘
09:50:30	10.11	--	10	10110	卖盘
09:50:25	10.11	--	93	94730	卖盘
09:50:21	10.11	--	210	212310	卖盘
09:50:15	10.11	--	95	96045	卖盘
09:50:10	10.11	-0.01	65	66220	卖盘
09:50:04	10.12	0.01	11	11132	买盘
09:49:55	10.11	0.01	176	178037	买盘
09:49:49	10.1	-0.01	3	3030	卖盘
09:49:40	10.11	--	241	243651	买盘
09:49:25	10.11	--	8	8088	买盘
09:49:19	10.11	--	14	15063	卖盘
09:49:15	10.11	--	10	10110	卖盘
09:49:10	10.11	--	33	33464	买盘
09:49:04	10.11	--	20	20220	买盘
09:49:00	10.11	0.01	10	10110	买盘
09:48:55	10.1	-0.01	81	81810	卖盘
09:48:49	10.11	0.01	5	5055	买盘
09:48:45	10.1	--	30	30300	卖盘
09:48:40	10.1	--	48	49288	卖盘
09:48:30	10.1	-0.01	81	81810	卖盘
09:48:25	10.11	-0.01	4	4044	卖盘
09:48:19	10.12	--	0	0	买盘
09:48:15	10.12	0.01	36	37039	买盘
09:48:10	10.11	--	20	20220	卖盘
09:48:04	10.11	0.01	190	192595	买盘
09:48:00	10.1	--	87	88779	买盘
09:47:55	10.1	--	124	125240	卖盘
09:47:45	10.1	--	46	46460	卖盘
09:47:40	10.1	--	45	45450	卖盘
09:47:25	10.1	0.01	7	7070	卖盘
09:47:19	10.09	--	25	25225	卖盘
09:47:15	10.09	-0.01	53	53477	卖盘
09:47:10	10.1	--	1	1010	卖盘
09:47:00	10.1	-0.01	18	18180	卖盘
09:46:55	10.11	--	3	3033	买盘
09:46:49	10.11	0.02	110	111210	买盘
09:46:45	10.09	--	0	0	卖盘
09:46:40	10.09	-0.02	553	557977	卖盘
09:46:34	10.11	--	11	11121	卖盘
09:46:30	10.11	--	550	556050	卖盘
09:46:25	10.11	-0.01	62	62682	卖盘
09:46:19	10.12	0.01	2	2023	买盘
09:46:15	10.11	-0.01	14	14154	卖盘
09:46:04	10.12	0.01	61	61731	买盘
09:46:00	10.11	-0.01	34	34677	卖盘
09:45:55	10.12	--	122	123463	买盘
09:45:49	10.12	0.01	20	20240	买盘
09:45:45	10.11	--	74	74814	卖盘
09:45:40	10.11	-0.01	105	106155	卖盘
09:45:34	10.12	0.01	135	136620	买盘
09:45:25	10.11	-0.01	44	44484	卖盘
09:45:19	10.12	0.01	94	95127	买盘
09:45:15	10.11	-0.01	16	16176	卖盘
09:45:10	10.12	--	13	13155	买盘
09:45:04	10.12	--	100	101199	买盘
09:45:00	10.12	--	57	57683	买盘
09:44:55	10.12	0.01	290	293480	买盘
09:44:49	10.11	--	158	159738	卖盘
09:44:45	10.11	--	289	292179	卖盘
09:44:40	10.11	--	130	131430	卖盘
09:44:30	10.11	--	40	40440	卖盘
09:44:24	10.11	-0.01	102	103122	卖盘
09:44:19	10.12	--	10	10120	买盘
09:44:15	10.12	--	10	10120	买盘
09:44:10	10.12	--	5	5060	买盘
09:44:04	10.12	--	2	2023	买盘
09:44:00	10.12	-0.01	239	242576	卖盘
09:43:54	10.13	--	10	10130	买盘
09:43:49	10.13	--	95	96235	卖盘
09:43:45	10.13	0.01	10	10130	中性盘
09:43:39	10.12	--	320	324143	卖盘
09:43:34	10.12	-0.01	24	24287	卖盘
09:43:28	10.13	--	21	21273	买盘
09:43:24	10.13	--	55	55715	买盘
09:43:19	10.13	--	56	56728	买盘
09:43:13	10.13	--	5	5065	中性盘
09:43:09	10.13	--	20	20260	卖盘
09:43:04	10.13	--	10	10130	卖盘
09:42:58	10.13	--	75	75975	卖盘
09:42:54	10.13	--	135	136755	卖盘
09:42:49	10.13	--	130	131690	卖盘
09:42:39	10.13	--	269	272497	卖盘
09:42:34	10.13	--	10	10130	卖盘
09:42:28	10.13	--	86	87118	卖盘
09:42:24	10.13	--	84	85092	卖盘
09:42:19	10.13	-0.01	1	1013	卖盘
09:42:13	10.14	0.01	40	40560	买盘
09:42:09	10.13	-0.01	69	69897	卖盘
09:42:04	10.14	0.01	65	65910	买盘
09:41:54	10.13	-0.01	20	20260	卖盘
09:41:49	10.14	0.01	103	104442	买盘
09:41:43	10.13	--	20	20260	买盘
09:41:39	10.13	-0.01	691	699983	卖盘
09:41:34	10.14	--	140	141960	买盘
09:41:28	10.14	--	240	243360	买盘
09:41:24	10.14	0.02	96	97344	买盘
09:41:19	10.12	-0.01	125	126499	卖盘
09:41:13	10.13	-0.01	54	54702	卖盘
09:41:09	10.14	--	20	20280	买盘
09:41:04	10.14	--	23	23322	买盘
09:40:58	10.14	--	30	30420	买盘
09:40:49	10.14	--	59	59826	买盘
09:40:39	10.14	--	40	40560	买盘
09:40:34	10.14	0.01	59	59826	买盘
09:40:28	10.13	--	10	10130	卖盘
09:40:24	10.13	--	201	203613	买盘
09:40:19	10.13	--	88	89144	买盘
09:40:13	10.13	--	15	15195	买盘
09:40:09	10.13	--	48	48624	买盘
09:40:04	10.13	--	10	10130	买盘
09:39:58	10.13	--	50	50650	买盘
09:39:54	10.13	0.01	65	65845	买盘
09:39:49	10.12	-0.01	59	59707	卖盘
09:39:43	10.13	0.01	5	5065	买盘
09:39:39	10.12	--	10	10120	卖盘
09:39:34	10.12	-0.01	9	9108	卖盘
09:39:28	10.13	0.01	19	19247	买盘
09:39:24	10.12	--	148	150079	买盘
09:39:09	10.12	0.01	5	5060	买盘
09:39:04	10.11	--	65	65715	卖盘
09:38:54	10.11	--	74	74814	卖盘
09:38:49	10.11	--	529	535617	买盘
09:38:43	10.11	0.01	73	73803	买盘
09:38:39	10.1	-0.01	62	62620	卖盘
09:38:34	10.11	0.01	44	44484	买盘
09:38:28	10.1	-0.01	30	30300	卖盘
09:38:24	10.11	0.01	10	10110	买盘
09:38:19	10.1	-0.01	80	80800	卖盘
09:38:13	10.11	--	2	2022	买盘
09:38:09	10.11	0.01	6	6066	买盘
09:38:04	10.1	--	6	6060	卖盘
09:37:54	10.1	--	50	50500	卖盘
09:37:48	10.1	--	115	116150	卖盘
09:37:43	10.1	--	2	2020	卖盘
09:37:33	10.1	--	2	2020	卖盘
09:37:28	10.1	--	23	23230	卖盘
09:37:24	10.1	--	205	207050	卖盘
09:37:19	10.1	-0.01	109	110090	卖盘
09:37:13	10.11	--	10	10110	买盘
09:36:58	10.11	--	134	135474	买盘
09:36:52	10.11	--	4	4044	买盘
09:36:48	10.11	--	19	19209	卖盘
09:36:43	10.11	--	3	3033	卖盘
09:36:33	10.11	--	19	19209	卖盘
09:36:28	10.11	0.01	12	12132	中性盘
09:36:22	10.1	-0.02	10	10100	卖盘
09:36:18	10.12	0.02	401	405811	买盘
09:36:13	10.1	--	11	11110	卖盘
09:36:07	10.1	-0.01	33	33835	卖盘
09:36:03	10.11	0.01	85	85935	买盘
09:35:52	10.1	--	29	29431	卖盘
09:35:48	10.1	-0.01	52	53025	卖盘
09:35:33	10.11	--	25	25275	买盘
09:35:22	10.11	--	5	5055	买盘
09:35:18	10.11	--	14	14154	卖盘
09:35:13	10.11	--	109	110199	卖盘
09:35:03	10.11	--	50	50550	卖盘
09:34:58	10.11	--	182	184002	卖盘
09:34:52	10.11	--	26	26286	卖盘
09:34:43	10.11	0.01	206	208266	买盘
09:34:37	10.1	--	32	32320	卖盘
09:34:33	10.1	-0.01	7	7070	卖盘
09:34:28	10.11	--	337	340707	买盘
09:34:22	10.11	--	38	38418	买盘
09:34:18	10.11	--	73	73803	买盘
09:34:13	10.11	--	148	149628	买盘
09:34:07	10.11	--	10	10110	买盘
09:34:03	10.11	0.01	38	38418	买盘
09:33:58	10.1	-0.02	24	24240	卖盘
09:33:48	10.12	0.02	11	11132	买盘
09:33:43	10.1	-0.01	100	101000	卖盘
09:33:33	10.11	0.01	15	15165	买盘
09:33:28	10.1	--	58	58580	卖盘
09:33:22	10.1	-0.01	28	28280	卖盘
09:33:18	10.11	--	12	12132	买盘
09:33:03	10.11	0.01	10	10110	买盘
09:32:58	10.1	--	89	89890	买盘
09:32:51	10.1	--	57	57570	卖盘
09:32:37	10.1	-0.01	65	65650	卖盘
09:32:33	10.11	--	25	25275	买盘
09:32:28	10.11	-0.01	133	134463	卖盘
09:32:18	10.12	--	10	10120	买盘
09:32:13	10.12	--	10	10990	卖盘
09:32:03	10.12	-0.01	10	10120	卖盘
09:31:58	10.13	-0.01	6	6078	买盘
09:31:48	10.14	--	144	146016	买盘
09:31:43	10.14	--	2	2028	买盘
09:31:37	10.14	--	19	19266	买盘
09:31:33	10.14	--	183	185562	卖盘
09:31:28	10.14	--	95	96330	卖盘
09:31:22	10.14	--	33	33462	卖盘
09:31:18	10.14	--	227	230178	卖盘
09:31:12	10.14	--	280	283920	卖盘
09:31:07	10.14	--	375	380250	买盘
09:31:03	10.14	--	50	50700	买盘
09:30:57	10.14	--	21	21294	买盘
09:30:52	10.14	-0.01	39	39546	买盘
09:30:42	10.15	0.02	30	30450	买盘
09:30:37	10.13	-0.01	70	70910	卖盘
09:30:31	10.14	--	14	14196	卖盘
09:30:27	10.14	0.01	58	58812	买盘
09:30:22	10.13	--	103	104339	卖盘
09:30:16	10.13	--	146	147898	卖盘
09:30:12	10.13	--	246	249198	卖盘
09:30:07	10.13	--	892	903737	买盘
09:28:57	10.13	--	0	0	买盘
09:25:06	10.13	10.13	404	409252	买盘
