成交时间	成交价	价格变动	成交量(手)	成交额(元)	性质
15:00:00	24.37	--	0	0	卖盘
15:00:00	24.37	-0.01	29	70673	卖盘
14:59:58	24.38	0.02	4	9752	买盘
14:59:43	24.36	--	3	7308	卖盘
14:59:33	24.36	-0.01	27	65772	卖盘
14:59:22	24.37	--	1	2437	买盘
14:59:13	24.37	--	3	7311	买盘
14:59:07	24.37	-0.01	88	214456	卖盘
14:59:03	24.38	--	24	58512	卖盘
14:58:43	24.38	--	13	31694	卖盘
14:58:33	24.38	-0.01	2	4876	卖盘
14:58:28	24.39	0.01	20	48780	买盘
14:58:07	24.38	--	2	4876	买盘
14:58:03	24.38	--	2	4876	买盘
14:57:52	24.38	0.01	2	4876	买盘
14:57:33	24.37	--	4	9748	卖盘
14:57:18	24.37	-0.01	1	2437	卖盘
14:57:13	24.38	--	8	19504	买盘
14:57:03	24.38	0.01	5	12190	买盘
14:56:52	24.37	-0.01	5	12185	卖盘
14:56:48	24.38	0.01	4	9752	买盘
14:56:43	24.37	-0.01	26	63362	卖盘
14:56:28	24.38	--	12	29256	买盘
14:56:07	24.38	--	1	2438	卖盘
14:55:37	24.38	--	19	46322	卖盘
14:55:33	24.38	--	55	134090	卖盘
14:55:28	24.38	--	91	221858	卖盘
14:55:18	24.38	--	4	9752	卖盘
14:55:03	24.38	-0.01	24	58512	卖盘
14:54:58	24.39	0.01	2	4878	买盘
14:54:48	24.38	-0.01	16	39008	卖盘
14:54:43	24.39	0.01	7	17073	买盘
14:54:17	24.38	--	12	29256	卖盘
14:54:12	24.38	--	12	29256	卖盘
14:54:02	24.38	-0.01	16	39008	卖盘
14:53:57	24.39	0.01	46	112194	卖盘
14:53:47	24.38	--	0	0	卖盘
14:53:37	24.38	--	9	21942	卖盘
14:53:32	24.38	-0.02	10	24380	卖盘
14:53:27	24.4	0.02	38	92720	买盘
14:53:22	24.38	--	21	51198	卖盘
14:53:17	24.38	--	0	0	卖盘
14:53:12	24.38	-0.01	26	63388	卖盘
14:53:02	24.39	--	10	24390	卖盘
14:52:57	24.39	-0.01	11	26829	卖盘
14:52:37	24.4	0.03	9	21960	买盘
14:52:27	24.37	--	0	0	卖盘
14:52:22	24.37	-0.01	11	28683	卖盘
14:51:52	24.38	-0.02	5	12190	买盘
14:51:42	24.4	--	0	0	买盘
14:51:37	24.4	--	0	0	买盘
14:51:31	24.4	--	10	24400	买盘
14:51:22	24.4	--	0	0	买盘
14:51:12	24.4	0.04	20	48800	买盘
14:51:07	24.36	-0.03	219	533484	卖盘
14:50:37	24.39	0.01	1	2439	买盘
14:50:27	24.38	--	15	36570	卖盘
14:50:12	24.38	-0.01	6	14628	卖盘
14:49:57	24.39	0.01	10	24390	买盘
14:49:52	24.38	--	0	0	卖盘
14:49:37	24.38	-0.02	11	28158	卖盘
14:49:27	24.4	0.01	50	122000	买盘
14:49:11	24.39	--	15	36585	买盘
14:48:26	24.39	--	2	4878	买盘
14:48:16	24.39	0.01	4	9756	买盘
14:48:11	24.38	--	5	12190	买盘
14:48:07	24.38	0.01	8	19504	买盘
14:47:56	24.37	--	9	21933	买盘
14:47:51	24.37	--	0	0	中性盘
14:47:41	24.37	--	0	0	中性盘
14:47:36	24.37	--	13	31681	卖盘
14:47:26	24.37	-0.02	99	241263	卖盘
14:47:21	24.39	--	12	29268	买盘
14:47:06	24.39	--	10	24390	买盘
14:46:56	24.39	0.01	3	7317	买盘
14:46:51	24.38	--	1	2438	卖盘
14:46:41	24.38	-0.01	15	36570	卖盘
14:46:36	24.39	--	10	24390	买盘
14:46:31	24.39	--	5	12195	买盘
14:46:25	24.39	-0.01	16	39024	卖盘
14:46:11	24.4	--	2	4880	买盘
14:46:06	24.4	-0.02	133	324520	卖盘
14:45:55	24.42	0.01	26	63492	买盘
14:45:51	24.41	--	1	2441	卖盘
14:45:46	24.41	-0.01	10	24410	卖盘
14:45:31	24.42	0.01	4	9768	买盘
14:45:26	24.41	--	10	24410	卖盘
14:45:16	24.41	--	27	65907	卖盘
14:44:51	24.41	-0.01	14	34174	卖盘
14:44:46	24.42	--	4	9768	买盘
14:44:40	24.42	--	13	31746	卖盘
14:44:16	24.42	-0.01	10	24420	卖盘
14:44:10	24.43	-0.01	3	7329	卖盘
14:44:06	24.44	0.01	9	21996	买盘
14:43:51	24.43	0.01	2	4886	卖盘
14:43:31	24.42	--	0	0	卖盘
14:43:16	24.42	-0.03	1	2442	卖盘
14:43:10	24.45	--	7	17115	买盘
14:42:10	24.45	-0.03	24	58680	卖盘
14:41:55	24.48	-0.01	3	7344	买盘
14:41:46	24.49	--	0	0	中性盘
14:41:35	24.49	0.01	35	85715	买盘
14:41:31	24.48	--	0	0	卖盘
14:41:20	24.48	0.03	5	12240	买盘
14:41:16	24.45	0.01	33	80685	买盘
14:41:10	24.44	--	0	0	卖盘
14:41:05	24.44	--	10	24440	买盘
14:40:35	24.44	0.03	2	4888	买盘
14:40:20	24.41	--	9	21969	买盘
14:40:10	24.41	--	20	48820	买盘
14:39:50	24.41	-0.03	5	12205	卖盘
14:39:20	24.44	0.04	2	4888	买盘
14:39:05	24.4	--	0	0	卖盘
14:38:55	24.4	--	1	2440	卖盘
14:38:40	24.4	-0.04	10	24400	卖盘
14:38:19	24.44	0.04	3	7332	买盘
14:37:45	24.4	--	25	61000	买盘
14:37:25	24.4	0.01	3	7320	买盘
14:37:10	24.39	-0.01	1	2439	卖盘
14:36:25	24.4	--	30	73200	买盘
14:36:10	24.4	0.01	10	24400	买盘
14:36:04	24.39	-0.01	1	2439	卖盘
14:35:59	24.4	0.01	1	2440	买盘
14:35:55	24.39	--	0	0	卖盘
14:35:49	24.39	-0.01	10	24390	卖盘
14:35:34	24.4	--	16	39040	买盘
14:35:29	24.4	--	20	48800	买盘
14:35:10	24.4	0.01	10	24400	买盘
14:35:04	24.39	-0.01	4	9756	卖盘
14:34:44	24.4	--	15	36600	买盘
14:34:40	24.4	--	50	122000	买盘
14:34:25	24.4	--	2	4880	买盘
14:34:14	24.4	--	0	0	买盘
14:34:10	24.4	--	5	12200	买盘
14:33:55	24.4	--	10	24400	买盘
14:33:14	24.4	--	0	0	买盘
14:33:09	24.4	0.02	10	24400	买盘
14:33:04	24.38	--	8	19504	买盘
14:32:54	24.38	--	4	9752	买盘
14:32:44	24.38	--	10	24380	买盘
14:32:39	24.38	--	101	246238	买盘
14:32:09	24.38	--	2	4876	买盘
14:31:54	24.38	0.01	10	24380	买盘
14:31:34	24.37	-0.01	90	219330	卖盘
14:31:14	24.38	--	5	12190	买盘
14:31:09	24.38	--	92	224296	卖盘
14:30:58	24.38	--	15	36570	卖盘
14:30:34	24.38	-0.01	15	36570	卖盘
14:30:19	24.39	--	5	12195	买盘
14:30:13	24.39	0.01	1	2439	买盘
14:30:04	24.38	-0.01	2	4876	卖盘
14:29:49	24.39	0.01	9	21951	买盘
14:29:39	24.38	-0.01	1	2438	卖盘
14:29:34	24.39	--	10	24390	买盘
14:29:28	24.39	--	3	7317	买盘
14:29:19	24.39	--	10	24390	买盘
14:29:04	24.39	--	20	48780	买盘
14:28:53	24.39	--	0	0	买盘
14:28:49	24.39	--	1	2439	买盘
14:28:34	24.39	0.03	54	131706	买盘
14:27:58	24.36	--	0	0	卖盘
14:27:49	24.36	-0.01	20	48720	卖盘
14:27:43	24.37	--	5	12185	买盘
14:27:34	24.37	-0.01	3	7311	买盘
14:27:19	24.38	0.01	8	19504	卖盘
14:27:13	24.37	--	12	29244	买盘
14:27:08	24.37	-0.01	158	385046	卖盘
14:27:04	24.38	-0.01	16	39008	卖盘
14:26:53	24.39	-0.01	50	121950	卖盘
14:26:43	24.4	--	20	48800	买盘
14:26:38	24.4	0.01	10	24400	买盘
14:26:33	24.39	--	35	85365	卖盘
14:26:28	24.39	-0.01	4	9756	卖盘
14:26:08	24.4	0.01	2	4880	买盘
14:26:03	24.39	--	10	24390	卖盘
14:25:38	24.39	-0.01	15	36585	卖盘
14:25:33	24.4	--	2	4880	买盘
14:25:28	24.4	--	48	117120	卖盘
14:25:18	24.4	--	6	14640	卖盘
14:25:08	24.4	--	43	104920	卖盘
14:25:03	24.4	-0.01	10	24400	卖盘
14:24:58	24.41	--	4	9764	买盘
14:24:53	24.41	-0.01	35	86533	卖盘
14:24:43	24.42	--	5	12210	买盘
14:24:37	24.42	-0.02	4	9768	卖盘
14:24:33	24.44	--	1	2444	买盘
14:24:28	24.44	--	1	2444	买盘
14:24:23	24.44	-0.01	4	9776	卖盘
14:24:13	24.45	0.01	1	2445	买盘
14:23:58	24.44	-0.01	30	73320	卖盘
14:23:48	24.45	--	5	12225	卖盘
14:23:43	24.45	--	16	39120	卖盘
14:22:58	24.45	--	209	511005	卖盘
14:22:48	24.45	--	8	19560	卖盘
14:22:33	24.45	--	4	9780	卖盘
14:22:18	24.45	--	0	0	卖盘
14:21:58	24.45	--	8	19560	买盘
14:21:48	24.45	--	40	97800	买盘
14:21:33	24.45	--	2	4890	买盘
14:21:28	24.45	--	2	4890	买盘
14:21:17	24.45	--	2	4890	买盘
14:21:13	24.45	-0.07	65	158925	卖盘
14:20:43	24.52	-0.01	2	4904	中性盘
14:20:32	24.53	0.01	47	115291	买盘
14:20:27	24.52	--	0	0	卖盘
14:20:17	24.52	0.02	15	36780	买盘
14:20:07	24.5	--	8	19600	买盘
14:19:52	24.5	--	4	9800	买盘
14:19:43	24.5	0.02	18	44100	买盘
14:19:32	24.48	0.02	2	4896	买盘
14:19:12	24.46	0.01	20	48920	买盘
14:18:42	24.45	--	3	7335	买盘
14:18:32	24.45	0.01	5	12225	买盘
14:18:27	24.44	-0.01	20	48880	卖盘
14:18:17	24.45	--	5	12225	卖盘
14:18:07	24.45	0.01	19	48875	买盘
14:17:52	24.44	0.01	37	91796	买盘
14:17:42	24.43	-0.01	10	24430	卖盘
14:17:32	24.44	--	0	0	买盘
14:17:17	24.44	--	5	13295	卖盘
14:17:07	24.44	--	2	4888	卖盘
14:16:57	24.44	--	2	4888	卖盘
14:16:42	24.44	--	5	12220	卖盘
14:16:37	24.44	-0.01	6	14664	卖盘
14:16:27	24.45	--	12	29364	卖盘
14:16:22	24.45	--	10	24450	卖盘
14:16:12	24.45	--	0	0	卖盘
14:16:07	24.45	-0.01	16	39120	卖盘
14:16:01	24.46	--	1	4867	买盘
14:15:57	24.46	--	18	44052	卖盘
14:15:52	24.46	--	30	73380	卖盘
14:15:37	24.46	--	0	0	卖盘
14:15:31	24.46	--	0	0	卖盘
14:15:22	24.46	--	0	0	卖盘
14:15:16	24.46	-0.01	20	48920	卖盘
14:15:11	24.47	-0.01	5	12235	卖盘
14:15:01	24.48	--	6	14688	买盘
14:14:37	24.48	--	5	12240	卖盘
14:14:06	24.48	-0.01	9	22032	卖盘
14:14:01	24.49	0.02	13	31836	买盘
14:13:52	24.47	--	0	0	卖盘
14:13:36	24.47	--	0	0	卖盘
14:11:51	24.47	-0.03	15	36705	卖盘
14:11:31	24.5	0.01	1	2450	买盘
14:11:26	24.49	--	31	75919	卖盘
14:11:11	24.49	-0.01	10	24490	卖盘
14:11:06	24.5	--	6	14700	买盘
14:10:56	24.5	0.01	1	2450	买盘
14:10:41	24.49	--	5	12245	卖盘
14:10:21	24.49	--	39	95511	卖盘
14:10:06	24.49	-0.01	8	19592	卖盘
14:09:31	24.5	--	60	149425	买盘
14:09:21	24.5	--	26	63700	卖盘
14:09:16	24.5	-0.02	3	7350	卖盘
14:08:51	24.52	--	6	14712	买盘
14:08:46	24.52	0.02	1	2452	买盘
14:08:31	24.5	--	5	12250	卖盘
14:08:21	24.5	--	15	36750	卖盘
14:08:16	24.5	-0.02	3	7350	卖盘
14:08:01	24.52	--	0	0	买盘
14:07:40	24.52	--	15	36780	买盘
14:07:01	24.52	0.02	18	44136	买盘
14:06:55	24.5	--	0	0	卖盘
14:06:50	24.5	--	2	4900	买盘
14:06:35	24.5	--	40	98000	买盘
14:06:30	24.5	--	13	31850	买盘
14:06:05	24.5	-0.02	10	24500	买盘
14:05:55	24.52	--	0	0	买盘
14:05:50	24.52	0.02	45	110340	买盘
14:05:25	24.5	--	0	0	买盘
14:04:55	24.5	0.02	1	2450	买盘
14:03:50	24.48	-0.04	16	39168	卖盘
14:03:45	24.52	--	0	0	买盘
14:03:35	24.52	--	0	0	买盘
14:03:30	24.52	0.04	4	9808	买盘
14:03:00	24.48	--	0	0	卖盘
14:02:55	24.48	--	20	48960	卖盘
14:02:49	24.48	-0.01	9	22032	卖盘
14:02:45	24.49	--	0	0	卖盘
14:02:19	24.49	--	0	0	卖盘
14:02:15	24.49	--	10	24490	卖盘
14:02:10	24.49	--	3	7346	卖盘
14:01:34	24.49	--	20	48980	卖盘
14:01:30	24.49	--	18	44082	卖盘
14:01:25	24.49	-0.03	1	2449	卖盘
13:59:44	24.52	--	4	9808	买盘
13:59:29	24.52	--	1	2452	买盘
13:59:14	24.52	--	0	0	买盘
13:58:54	24.52	0.04	3	7356	买盘
13:58:29	24.48	-0.04	17	41616	卖盘
13:58:24	24.52	-0.01	6	14712	买盘
13:58:14	24.53	--	0	0	买盘
13:57:39	24.53	--	1	2453	买盘
13:57:24	24.53	--	1	2453	买盘
13:56:54	24.53	--	25	61325	买盘
13:56:34	24.53	0.01	1	2453	买盘
13:56:29	24.52	--	29	71108	卖盘
13:56:24	24.52	-0.01	5	12260	卖盘
13:56:09	24.53	--	53	130009	卖盘
13:55:49	24.53	--	23	56419	卖盘
13:54:48	24.53	-0.02	1	2453	卖盘
13:54:39	24.55	--	0	0	买盘
13:54:08	24.55	--	6	14730	买盘
13:53:23	24.55	--	19	46645	买盘
13:53:08	24.55	0.01	11	27005	买盘
13:53:04	24.54	--	9	22086	买盘
13:52:53	24.54	--	1	2454	买盘
13:52:43	24.54	--	20	49080	买盘
13:51:53	24.54	--	3	7362	买盘
13:51:43	24.54	--	0	0	买盘
13:51:38	24.54	--	22	53988	买盘
13:51:33	24.54	0.01	4	9816	买盘
13:50:38	24.53	--	0	0	中性盘
13:50:33	24.53	--	4	9812	买盘
13:50:18	24.53	0.01	1	2453	买盘
13:49:33	24.52	0.06	22	53944	买盘
13:49:03	24.46	-0.06	10	24460	卖盘
13:48:58	24.52	--	20	49040	买盘
13:48:52	24.52	0.02	13	31876	买盘
13:48:48	24.5	--	0	0	卖盘
13:48:43	24.5	0.01	1	2450	买盘
13:48:33	24.49	-0.01	6	14693	买盘
13:48:13	24.5	--	0	0	买盘
13:48:07	24.5	0.05	20	49000	买盘
13:47:57	24.45	--	0	0	卖盘
13:47:42	24.45	-0.06	10	24450	卖盘
13:47:33	24.51	--	0	0	买盘
13:47:12	24.51	--	20	49020	买盘
13:47:02	24.51	--	21	51471	卖盘
13:46:47	24.51	-0.01	6	14706	中性盘
13:46:37	24.52	--	12	29424	买盘
13:46:17	24.52	--	5	12260	买盘
13:46:12	24.52	--	6	14712	买盘
13:46:07	24.52	--	0	0	买盘
13:46:02	24.52	0.02	1	2452	买盘
13:45:37	24.5	0.06	42	102900	买盘
13:45:22	24.44	--	15	36660	卖盘
13:45:17	24.44	--	20	50248	买盘
13:45:12	24.44	0.02	8	19552	买盘
13:45:02	24.42	-0.02	100	244200	卖盘
13:44:57	24.44	--	3	7332	买盘
13:44:52	24.44	--	10	24440	买盘
13:44:47	24.44	--	16	39104	买盘
13:44:17	24.44	--	44	108611	卖盘
13:44:12	24.44	--	1	3812	买盘
13:44:07	24.44	-0.01	12	30403	卖盘
13:43:57	24.45	0.01	1	2445	买盘
13:43:52	24.44	-0.01	16	39104	卖盘
13:43:32	24.45	-0.03	36	88020	卖盘
13:43:27	24.48	--	10	24480	买盘
13:42:46	24.48	-0.06	10	24480	卖盘
13:42:16	24.54	--	0	0	买盘
13:41:42	24.54	--	0	0	买盘
13:41:22	24.54	--	0	0	中性盘
13:40:36	24.54	-0.01	8	19632	买盘
13:40:21	24.55	--	0	0	买盘
13:40:12	24.55	--	3	7365	买盘
13:40:06	24.55	--	3	7365	买盘
13:39:41	24.55	0.02	41	100655	买盘
13:39:21	24.53	0.05	14	34342	买盘
13:39:16	24.48	-0.05	2	4896	卖盘
13:39:06	24.53	--	2	4906	买盘
13:38:56	24.53	--	0	0	中性盘
13:38:51	24.53	--	45	110385	卖盘
13:38:46	24.53	--	32	78496	卖盘
13:38:41	24.53	--	10	24530	卖盘
13:38:36	24.53	--	2	4906	卖盘
13:38:31	24.53	--	3	7359	卖盘
13:38:26	24.53	-0.01	10	24530	卖盘
13:38:21	24.54	0.01	1	2454	买盘
13:38:16	24.53	0.05	11	26983	买盘
13:38:11	24.48	-0.05	7	17136	卖盘
13:38:01	24.53	0.03	29	71137	买盘
13:37:51	24.5	--	3	7350	买盘
13:37:41	24.5	--	45	110250	买盘
13:37:36	24.5	--	43	105350	买盘
13:37:26	24.5	--	20	49000	买盘
13:37:21	24.5	0.01	3	7350	买盘
13:37:16	24.49	0.01	24	58775	买盘
13:37:01	24.48	0.01	21	51408	买盘
13:36:56	24.47	--	0	0	卖盘
13:36:31	24.47	0.02	3	7341	卖盘
13:36:26	24.45	--	2	4890	卖盘
13:36:21	24.45	--	8	19560	卖盘
13:36:06	24.45	--	1	2445	卖盘
13:35:56	24.45	--	15	36675	卖盘
13:35:51	24.45	0.01	67	163815	买盘
13:35:46	24.44	--	7	17108	卖盘
13:35:41	24.44	--	216	527904	卖盘
13:35:26	24.44	-0.01	2	4888	卖盘
13:35:21	24.45	--	6	14670	买盘
13:35:10	24.45	0.01	1	2445	买盘
13:35:06	24.44	--	18	46362	卖盘
13:34:56	24.44	-0.01	50	122200	卖盘
13:34:51	24.45	0.01	3	7335	买盘
13:34:36	24.44	--	30	73320	卖盘
13:34:31	24.44	--	100	244400	卖盘
13:34:16	24.44	--	2	4888	卖盘
13:34:06	24.44	--	3	7332	卖盘
13:33:45	24.44	-0.01	16	39104	卖盘
13:33:36	24.45	--	10	24450	买盘
13:33:16	24.45	--	35	85575	卖盘
13:32:15	24.45	--	16	39120	卖盘
13:32:10	24.45	-0.03	32	78240	卖盘
13:32:05	24.48	--	0	0	买盘
13:31:00	24.48	0.02	1	2448	买盘
13:30:50	24.46	-0.03	2	4892	卖盘
13:29:35	24.49	--	0	0	买盘
13:29:20	24.49	--	28	68572	买盘
13:28:30	24.49	0.03	1	2449	买盘
13:28:15	24.46	--	15	36690	买盘
13:28:00	24.46	0.01	1	2446	买盘
13:27:55	24.45	--	15	36675	卖盘
13:27:34	24.45	--	0	0	卖盘
13:27:24	24.45	-0.04	200	489000	卖盘
13:27:10	24.49	0.03	3	7346	买盘
13:27:00	24.46	-0.03	6	14676	卖盘
13:26:49	24.49	0.03	4	9796	买盘
13:26:45	24.46	--	5	12230	卖盘
13:26:24	24.46	--	6	14676	卖盘
13:26:09	24.46	--	0	0	卖盘
13:26:04	24.46	--	0	0	卖盘
13:25:54	24.46	-0.02	3	7338	卖盘
13:25:49	24.48	0.01	12	29376	买盘
13:25:44	24.47	--	6	14682	买盘
13:25:29	24.47	-0.01	1	2447	买盘
13:25:09	24.48	--	0	0	买盘
13:24:44	24.48	--	0	0	中性盘
13:24:24	24.48	-0.01	1	2448	买盘
13:24:09	24.49	--	0	0	买盘
13:23:29	24.49	--	25	61298	卖盘
13:23:14	24.49	0.03	27	68498	买盘
13:22:49	24.46	-0.02	16	39136	卖盘
13:22:24	24.48	0.01	4	9792	买盘
13:22:14	24.47	--	0	0	卖盘
13:22:04	24.47	--	20	48940	卖盘
13:21:59	24.47	--	0	0	卖盘
13:21:04	24.47	--	15	36705	卖盘
13:20:59	24.47	-0.02	8	19576	卖盘
13:20:39	24.49	0.02	3	7346	买盘
13:20:13	24.47	-0.02	5	12235	卖盘
13:20:09	24.49	--	0	0	买盘
13:20:04	24.49	-0.01	6	14693	中性盘
13:19:43	24.5	--	2	4900	买盘
13:19:23	24.5	--	1	2450	买盘
13:19:13	24.5	0.01	20	49000	买盘
13:19:08	24.49	-0.01	25	61224	卖盘
13:18:53	24.5	--	4	9800	卖盘
13:18:48	24.5	-0.03	2	4900	卖盘
13:18:33	24.53	0.03	1	2453	买盘
13:18:18	24.5	--	30	73500	卖盘
13:17:53	24.5	0.02	24	58800	买盘
13:17:43	24.48	-0.02	40	97920	卖盘
13:17:03	24.5	-0.02	7	17150	卖盘
13:16:53	24.52	0.02	20	49040	买盘
13:16:43	24.5	--	2	4900	卖盘
13:16:23	24.5	-0.02	2	4900	卖盘
13:16:03	24.52	--	5	12260	卖盘
13:15:58	24.52	--	10	24520	卖盘
13:15:48	24.52	--	2	4904	卖盘
13:15:23	24.52	-0.03	6	14712	卖盘
13:15:18	24.55	--	5	12275	买盘
13:15:13	24.55	--	1	2455	买盘
13:15:08	24.55	--	5	12275	买盘
13:14:58	24.55	--	0	0	买盘
13:14:53	24.55	--	0	0	买盘
13:14:43	24.55	0.01	5	12275	买盘
13:14:38	24.54	--	20	49080	买盘
13:14:33	24.54	--	18	44172	买盘
13:14:18	24.54	0.01	20	49080	买盘
13:14:07	24.53	--	4	9812	卖盘
13:14:03	24.53	--	7	17171	买盘
13:13:58	24.53	--	1	2453	买盘
13:13:33	24.53	--	1	2453	买盘
13:13:22	24.53	0.01	12	29436	买盘
13:13:07	24.52	0.02	5	12260	买盘
13:12:22	24.5	-0.01	10	24500	卖盘
13:12:18	24.51	--	38	93138	买盘
13:12:02	24.51	--	0	0	买盘
13:11:57	24.51	0.05	100	245100	买盘
13:11:32	24.46	--	43	105178	买盘
13:11:12	24.46	-0.05	19	46474	卖盘
13:10:57	24.51	0.04	500	1225500	买盘
13:10:22	24.47	--	0	0	买盘
13:10:17	24.47	--	1	2447	买盘
13:10:02	24.47	--	2	4894	买盘
13:09:32	24.47	0.01	1	2447	买盘
13:09:27	24.46	0.01	19	46474	买盘
13:08:17	24.45	-0.01	1	2445	卖盘
13:08:12	24.46	0.01	2	4892	买盘
13:07:42	24.45	-0.01	3	7335	卖盘
13:07:31	24.46	--	10	24460	买盘
13:07:17	24.46	--	0	0	买盘
13:06:37	24.46	--	2	4892	卖盘
13:06:16	24.46	--	21	51366	买盘
13:05:56	24.46	0.02	20	48920	买盘
13:04:41	24.44	--	5	12220	卖盘
13:04:31	24.44	--	16	39104	卖盘
13:04:21	24.44	--	0	0	卖盘
13:04:11	24.44	--	10	24440	卖盘
13:03:41	24.44	--	10	24440	卖盘
13:01:46	24.44	--	1	2444	卖盘
13:00:51	24.44	-0.02	16	39104	卖盘
13:00:25	24.46	--	13	31798	卖盘
13:00:06	24.46	0.02	44	107624	买盘
11:30:00	24.44	--	0	0	卖盘
11:29:59	24.44	--	0	0	卖盘
11:29:57	24.44	-0.02	360	879840	卖盘
11:29:42	24.46	0.02	2	4892	买盘
11:29:32	24.44	-0.02	102	249288	卖盘
11:29:27	24.46	0.01	3	7338	买盘
11:29:22	24.45	0.01	3	7335	买盘
11:29:02	24.44	0.03	163	399813	买盘
11:28:57	24.41	-0.01	2	4882	卖盘
11:28:27	24.42	--	10	24420	买盘
11:28:21	24.42	0.01	2	4884	买盘
11:28:01	24.41	-0.01	2	4882	卖盘
11:27:46	24.42	0.01	10	24420	买盘
11:27:42	24.41	--	10	24410	卖盘
11:27:27	24.41	--	16	39056	卖盘
11:27:16	24.41	--	14	34174	卖盘
11:27:12	24.41	-0.01	22	53702	卖盘
11:26:36	24.42	--	24	58608	买盘
11:26:16	24.42	--	12	29304	买盘
11:25:57	24.42	--	50	122100	卖盘
11:25:42	24.42	--	3	7326	卖盘
11:25:36	24.42	-0.01	10	24420	卖盘
11:24:56	24.43	--	20	48860	买盘
11:24:51	24.43	--	2	4886	买盘
11:24:16	24.43	--	21	51303	卖盘
11:23:56	24.43	--	6	14658	卖盘
11:23:21	24.43	--	4	9772	卖盘
11:23:11	24.43	--	19	46417	卖盘
11:23:01	24.43	--	10	24430	卖盘
11:22:56	24.43	-0.01	10	24430	卖盘
11:22:46	24.44	--	9	21996	买盘
11:22:36	24.44	-0.01	16	39104	卖盘
11:22:31	24.45	0.02	5	12225	买盘
11:22:06	24.43	--	0	0	卖盘
11:21:45	24.43	--	16	39088	卖盘
11:21:41	24.43	--	40	97720	买盘
11:21:30	24.43	0.03	2	4886	买盘
11:21:26	24.4	-0.03	5	12200	中性盘
11:21:21	24.43	0.01	62	151466	买盘
11:20:36	24.42	--	8	19536	卖盘
11:20:25	24.42	--	10	24420	卖盘
11:20:21	24.42	--	57	139194	买盘
11:19:40	24.42	0.03	3	7326	买盘
11:19:21	24.39	--	10	24390	卖盘
11:18:35	24.39	-0.03	23	56097	买盘
11:18:10	24.42	--	0	0	买盘
11:18:00	24.42	0.02	15	36630	买盘
11:17:55	24.4	--	0	0	中性盘
11:17:35	24.4	0.01	17	41480	中性盘
11:17:25	24.39	--	6	14634	买盘
11:17:10	24.39	-0.01	7	17073	卖盘
11:17:05	24.4	0.02	35	85400	买盘
11:16:55	24.38	-0.01	10	24380	卖盘
11:16:50	24.39	--	9	21951	卖盘
11:16:40	24.39	-0.01	5	12195	卖盘
11:15:04	24.4	--	3	7320	买盘
11:14:24	24.4	--	10	24400	买盘
11:14:04	24.4	0.01	3	7320	买盘
11:13:45	24.39	0.01	6	14634	买盘
11:13:00	24.38	-0.01	10	24380	卖盘
11:12:30	24.39	--	10	24390	买盘
11:12:00	24.39	--	7	17073	买盘
11:11:09	24.39	--	3	7317	买盘
11:10:39	24.39	0.01	2	4878	买盘
11:10:24	24.38	--	4	9752	卖盘
11:10:09	24.38	-0.01	1	2438	卖盘
11:09:59	24.39	0.01	3	7317	买盘
11:09:44	24.38	--	9	21942	卖盘
11:09:29	24.38	--	7	17066	卖盘
11:09:19	24.38	--	13	31694	卖盘
11:08:59	24.38	--	1	2438	卖盘
11:08:54	24.38	--	1	2438	卖盘
11:08:44	24.38	-0.02	2	4876	卖盘
11:08:39	24.4	0.01	11	26840	买盘
11:08:33	24.39	--	3	7317	买盘
11:08:28	24.39	0.02	1	2439	买盘
11:08:24	24.37	--	0	0	卖盘
11:08:18	24.37	-0.02	5	12185	卖盘
11:08:14	24.39	0.02	2	4878	买盘
11:08:09	24.37	-0.02	4	9748	卖盘
11:07:54	24.39	--	20	48780	买盘
11:07:48	24.39	--	20	48780	买盘
11:07:28	24.39	--	1	2439	买盘
11:07:13	24.39	0.02	20	48780	买盘
11:07:09	24.37	-0.02	11	26807	卖盘
11:06:39	24.39	--	2	4878	买盘
11:06:28	24.39	0.02	10	24390	买盘
11:06:18	24.37	--	16	38992	卖盘
11:05:43	24.37	--	0	0	卖盘
11:05:39	24.37	--	10	24370	卖盘
11:05:03	24.37	0.01	5	12185	买盘
11:04:28	24.36	--	18	43848	卖盘
11:04:23	24.36	-0.01	7	17052	卖盘
11:04:08	24.37	-0.01	2	4874	买盘
11:04:03	24.38	--	8	19504	卖盘
11:03:53	24.38	-0.01	2	4876	卖盘
11:03:48	24.39	--	0	0	买盘
11:03:43	24.39	--	0	0	买盘
11:03:13	24.39	--	2	4878	买盘
11:03:08	24.39	--	0	0	买盘
11:03:03	24.39	--	20	48780	买盘
11:02:58	24.39	0.04	5	12195	买盘
11:02:53	24.35	-0.04	16	38960	卖盘
11:02:48	24.39	--	2	4878	买盘
11:02:43	24.39	0.01	10	24390	买盘
11:02:38	24.38	--	11	26818	买盘
11:02:23	24.38	--	2	4876	买盘
11:02:13	24.38	--	0	0	买盘
11:02:08	24.38	--	5	12190	买盘
11:01:48	24.38	--	3	7314	买盘
11:01:33	24.38	0.02	20	48760	买盘
11:01:23	24.36	--	0	0	中性盘
11:00:52	24.36	0.01	23	56028	买盘
11:00:22	24.35	-0.01	60	146100	卖盘
11:00:12	24.36	--	10	24360	买盘
11:00:07	24.36	--	12	29232	买盘
10:59:27	24.36	--	21	51156	卖盘
10:59:22	24.36	-0.01	17	41412	卖盘
10:59:18	24.37	--	17	41429	卖盘
10:58:27	24.37	--	25	60925	卖盘
10:57:57	24.37	--	23	56051	买盘
10:57:42	24.37	-0.01	3	7311	买盘
10:57:32	24.38	0.02	20	48760	卖盘
10:57:27	24.36	--	0	0	卖盘
10:57:22	24.36	-0.02	15	36540	卖盘
10:57:07	24.38	--	5	12190	卖盘
10:57:02	24.38	--	8	19504	买盘
10:56:52	24.38	0.02	3	7314	买盘
10:56:42	24.36	--	0	0	卖盘
10:56:22	24.36	--	18	43848	买盘
10:56:12	24.36	0.01	2	4872	买盘
10:56:07	24.35	-0.01	3	7305	卖盘
10:55:57	24.36	--	4	9744	买盘
10:55:47	24.36	--	18	43848	买盘
10:55:42	24.36	0.01	8	19488	买盘
10:55:37	24.35	-0.01	17	41395	卖盘
10:55:22	24.36	0.01	2	4872	卖盘
10:55:17	24.35	-0.03	13	31655	卖盘
10:55:12	24.38	0.02	20	48760	买盘
10:54:57	24.36	-0.01	9	21924	卖盘
10:54:32	24.37	0.01	8	19496	卖盘
10:54:12	24.36	--	0	0	卖盘
10:54:06	24.36	-0.03	11	26796	卖盘
10:53:57	24.39	0.01	2	4878	买盘
10:53:46	24.38	--	15	36570	卖盘
10:53:42	24.38	0.03	28	68264	买盘
10:53:36	24.35	-0.03	27	65745	卖盘
10:53:31	24.38	--	0	0	买盘
10:53:21	24.38	0.03	10	24380	买盘
10:53:16	24.35	-0.03	10	24350	卖盘
10:52:42	24.38	0.03	1	2438	买盘
10:52:36	24.35	-0.03	2	4870	卖盘
10:52:27	24.38	0.03	25	60950	买盘
10:52:21	24.35	-0.03	79	192365	卖盘
10:52:16	24.38	-0.01	47	114586	卖盘
10:52:11	24.39	0.01	9	21951	买盘
10:52:01	24.38	--	1	2438	卖盘
10:51:57	24.38	--	4	9752	卖盘
10:51:51	24.38	--	2	4876	卖盘
10:51:46	24.38	--	19	46322	卖盘
10:51:26	24.38	-0.01	10	24380	卖盘
10:50:51	24.39	--	2	4878	买盘
10:50:46	24.39	-0.01	17	41463	卖盘
10:50:26	24.4	--	0	0	中性盘
10:50:11	24.4	--	20	48800	卖盘
10:49:41	24.4	--	16	39040	卖盘
10:49:36	24.4	0.01	8	19520	买盘
10:49:31	24.39	-0.01	16	39024	卖盘
10:49:26	24.4	0.01	3	7320	买盘
10:49:06	24.39	--	0	0	中性盘
10:49:01	24.39	--	0	0	中性盘
10:48:56	24.39	--	12	29268	买盘
10:48:36	24.39	--	2	4878	买盘
10:47:21	24.39	--	3	7317	卖盘
10:46:21	24.39	-0.01	2	4878	卖盘
10:46:06	24.4	-0.01	10	24400	买盘
10:46:00	24.41	--	0	0	买盘
10:45:51	24.41	--	0	0	买盘
10:45:40	24.41	--	6	14646	买盘
10:45:36	24.41	--	67	163547	买盘
10:45:25	24.41	--	60	146460	买盘
10:45:21	24.41	--	3	7323	买盘
10:44:25	24.41	--	8	19528	买盘
10:44:15	24.41	--	20	48820	买盘
10:43:25	24.41	--	17	41497	卖盘
10:43:00	24.41	-0.01	5	12205	卖盘
10:42:30	24.42	0.01	10	24420	买盘
10:42:20	24.41	0.01	10	24410	买盘
10:42:09	24.4	--	40	97600	买盘
10:41:39	24.4	0.01	11	26840	买盘
10:41:35	24.39	--	0	0	卖盘
10:41:30	24.39	--	1	2439	卖盘
10:41:09	24.39	--	7	17073	买盘
10:40:19	24.39	--	0	0	买盘
10:40:15	24.39	--	15	36585	买盘
10:39:49	24.39	--	35	85365	买盘
10:39:45	24.39	--	6	14634	买盘
10:39:34	24.39	0.02	7	17073	买盘
10:39:30	24.37	--	10	24370	卖盘
10:39:04	24.37	--	8	19496	买盘
10:39:00	24.37	--	2	4874	买盘
10:38:45	24.37	-0.02	15	36555	卖盘
10:38:34	24.39	--	0	0	买盘
10:38:29	24.39	0.02	19	46341	买盘
10:38:24	24.37	--	3	7311	卖盘
10:38:19	24.37	--	0	0	卖盘
10:38:14	24.37	--	0	0	卖盘
10:38:09	24.37	--	1	2437	卖盘
10:38:00	24.37	-0.01	6	14622	卖盘
10:37:54	24.38	--	48	117024	卖盘
10:37:49	24.38	-0.01	30	73140	卖盘
10:37:29	24.39	--	29	70731	卖盘
10:37:19	24.39	--	16	39024	卖盘
10:37:14	24.39	--	11	26829	卖盘
10:37:09	24.39	-0.01	2	4878	卖盘
10:36:44	24.4	--	38	92720	卖盘
10:36:39	24.4	--	3	7320	卖盘
10:36:29	24.4	--	10	24400	卖盘
10:36:14	24.4	-0.01	30	73200	卖盘
10:36:09	24.41	--	53	129373	买盘
10:36:04	24.41	--	40	97640	买盘
10:35:54	24.41	--	10	24410	买盘
10:35:49	24.41	-0.01	29	70789	卖盘
10:35:44	24.42	--	6	14652	买盘
10:35:24	24.42	0.01	20	48840	买盘
10:35:18	24.41	-0.01	16	39056	卖盘
10:35:14	24.42	--	1	2442	买盘
10:35:03	24.42	--	0	0	中性盘
10:34:58	24.42	0.01	10	24420	卖盘
10:34:28	24.41	--	0	0	卖盘
10:34:09	24.41	--	0	0	卖盘
10:34:03	24.41	-0.04	9	21969	卖盘
10:33:13	24.45	--	3	7335	买盘
10:32:58	24.45	0.04	20	48900	买盘
10:32:33	24.41	-0.05	10	24410	卖盘
10:31:38	24.46	--	0	0	买盘
10:30:38	24.46	-0.01	2	4892	买盘
10:30:28	24.47	--	0	0	买盘
10:29:18	24.47	--	0	0	中性盘
10:29:08	24.47	--	0	0	买盘
10:28:57	24.47	--	0	0	买盘
10:28:33	24.47	0.02	13	31811	买盘
10:28:23	24.45	0.05	7	17115	买盘
10:28:07	24.4	--	5	12200	卖盘
10:27:57	24.4	--	3	7320	卖盘
10:27:52	24.4	-0.02	28	68320	卖盘
10:27:37	24.42	0.02	20	48840	买盘
10:27:33	24.4	--	185	451400	卖盘
10:27:22	24.4	--	7	17080	卖盘
10:27:03	24.4	-0.02	20	48800	卖盘
10:26:52	24.42	--	0	0	买盘
10:26:48	24.42	--	10	24420	买盘
10:26:37	24.42	--	3	7326	买盘
10:26:27	24.42	--	92	224664	卖盘
10:26:22	24.42	--	0	0	卖盘
10:26:07	24.42	0.02	12	29304	买盘
10:26:03	24.4	-0.02	140	341600	卖盘
10:25:57	24.42	--	4	9768	买盘
10:25:22	24.42	--	31	75702	买盘
10:25:17	24.42	-0.05	41	100122	买盘
10:25:07	24.47	--	17	41599	卖盘
10:24:52	24.47	--	14	34258	卖盘
10:24:47	24.47	--	6	14682	卖盘
10:24:32	24.47	--	4	9788	买盘
10:24:27	24.47	0.06	20	48940	买盘
10:24:17	24.41	-0.05	78	190398	卖盘
10:24:12	24.46	--	30	73380	卖盘
10:24:02	24.46	--	52	127192	卖盘
10:23:47	24.46	0.01	33	80718	买盘
10:23:27	24.45	--	10	24450	买盘
10:23:07	24.45	-0.01	10	24450	中性盘
10:22:37	24.46	--	0	0	买盘
10:22:02	24.46	0.05	20	48920	买盘
10:21:57	24.41	--	14	34174	卖盘
10:21:42	24.41	--	0	0	卖盘
10:21:31	24.41	--	14	34174	卖盘
10:20:46	24.41	-0.04	417	1017897	卖盘
10:20:36	24.45	-0.01	10	24450	卖盘
10:20:26	24.46	0.01	20	48920	买盘
10:20:16	24.45	--	16	39120	卖盘
10:20:12	24.45	--	44	107580	买盘
10:20:06	24.45	--	0	0	买盘
10:19:57	24.45	0.03	3	7335	买盘
10:19:46	24.42	-0.03	1	2442	卖盘
10:19:42	24.45	--	15	36675	买盘
10:19:06	24.45	-0.01	5	12225	买盘
10:18:56	24.46	--	0	0	买盘
10:18:26	24.46	--	0	0	买盘
10:17:41	24.46	0.04	1	2446	买盘
10:17:31	24.42	--	19	46398	买盘
10:17:06	24.42	--	1	2442	买盘
10:17:01	24.42	--	20	48840	买盘
10:16:46	24.42	--	2	4884	买盘
10:16:26	24.42	--	0	0	买盘
10:16:21	24.42	--	1	2442	买盘
10:16:16	24.42	0.01	6	14652	买盘
10:16:11	24.41	--	14	34174	买盘
10:16:01	24.41	--	18	43938	买盘
10:15:41	24.41	--	29	70789	卖盘
10:15:30	24.41	-0.01	5	12205	卖盘
10:15:06	24.42	--	1	2442	买盘
10:15:00	24.42	--	10	24420	买盘
10:14:40	24.42	--	10	24420	买盘
10:14:36	24.42	--	0	0	买盘
10:14:30	24.42	--	7	17094	买盘
10:14:15	24.42	--	40	97680	买盘
10:14:10	24.42	--	2	4884	买盘
10:14:06	24.42	0.01	90	219780	买盘
10:13:55	24.41	-0.01	3	7323	买盘
10:13:51	24.42	--	1	2442	买盘
10:13:36	24.42	--	8	19536	买盘
10:13:30	24.42	0.02	144	351648	买盘
10:13:20	24.4	-0.02	6	14640	卖盘
10:13:15	24.42	--	26	63492	买盘
10:13:10	24.42	--	120	293040	买盘
10:13:06	24.42	--	50	122100	买盘
10:12:51	24.42	--	59	144078	买盘
10:12:10	24.42	--	10	24420	买盘
10:12:05	24.42	--	25	61050	卖盘
10:11:55	24.42	--	0	0	卖盘
10:11:45	24.42	-0.04	5	12210	卖盘
10:11:35	24.46	0.04	1	2446	买盘
10:11:30	24.42	--	5	12210	卖盘
10:11:20	24.42	--	0	0	卖盘
10:11:15	24.42	-0.06	5	12210	卖盘
10:11:10	24.48	--	2	4896	买盘
10:10:55	24.48	0.06	3	7344	买盘
10:10:50	24.42	-0.02	99	241758	中性盘
10:10:45	24.44	--	0	0	买盘
10:10:35	24.44	0.02	1	2444	买盘
10:10:20	24.42	0.02	4	9768	买盘
10:10:10	24.4	0.01	11	26840	买盘
10:10:05	24.39	-0.01	18	43902	买盘
10:09:55	24.4	--	0	0	买盘
10:09:50	24.4	0.03	22	53680	买盘
10:09:40	24.37	0.01	12	29244	卖盘
10:09:35	24.36	--	0	0	卖盘
10:09:30	24.36	--	0	0	卖盘
10:09:25	24.36	--	20	48720	卖盘
10:09:20	24.36	-0.01	25	60900	卖盘
10:09:15	24.37	-0.05	42	102354	中性盘
10:09:10	24.42	0.02	3	7326	买盘
10:09:00	24.4	--	20	48800	买盘
10:08:50	24.4	--	0	0	买盘
10:08:40	24.4	0.04	2	4880	买盘
10:08:34	24.36	-0.01	35	85260	卖盘
10:08:30	24.37	0.01	2	4874	买盘
10:08:15	24.36	-0.01	1	2436	卖盘
10:08:04	24.37	--	1	2437	买盘
10:07:39	24.37	0.01	1	2437	买盘
10:07:34	24.36	--	2	4872	买盘
10:07:30	24.36	--	1	2436	买盘
10:07:19	24.36	0.01	44	107184	买盘
10:07:15	24.35	-0.01	8	19480	卖盘
10:07:04	24.36	--	8	19488	买盘
10:07:00	24.36	-0.01	31	75516	卖盘
10:06:24	24.37	--	2	4874	买盘
10:06:04	24.37	-0.01	48	116976	卖盘
10:05:54	24.38	--	8	19504	买盘
10:05:44	24.38	0.01	23	56074	买盘
10:05:39	24.37	-0.01	1	2437	买盘
10:05:29	24.38	--	28	68264	卖盘
10:05:19	24.38	0.03	9	21942	中性盘
10:05:14	24.35	-0.03	15	36525	卖盘
10:05:09	24.38	--	1	2438	买盘
10:05:04	24.38	-0.01	1	2438	买盘
10:04:59	24.39	--	0	0	买盘
10:04:44	24.39	--	6	14634	买盘
10:04:39	24.39	-0.01	9	21951	买盘
10:04:34	24.4	--	5	12200	卖盘
10:04:29	24.4	-0.02	5	12200	卖盘
10:04:19	24.42	--	3	7326	买盘
10:04:09	24.42	0.11	1	2442	买盘
10:03:59	24.31	-0.11	195	474045	卖盘
10:03:39	24.42	0.04	1	2442	买盘
10:03:34	24.38	-0.01	28	68264	卖盘
10:03:29	24.39	--	7	17073	买盘
10:03:24	24.39	--	10	24390	买盘
10:03:14	24.39	-0.03	102	248778	卖盘
10:03:09	24.42	0.02	1	2442	买盘
10:03:04	24.4	--	10	24400	买盘
10:02:59	24.4	--	0	0	中性盘
10:02:54	24.4	-0.02	13	31719	卖盘
10:02:48	24.42	0.02	2	4884	买盘
10:02:24	24.4	0.01	44	107360	买盘
10:02:18	24.39	--	10	24390	买盘
10:02:13	24.39	-0.01	32	78048	卖盘
10:02:03	24.4	--	15	36600	买盘
10:01:54	24.4	--	100	244000	买盘
10:01:48	24.4	0.01	10	24400	买盘
10:01:43	24.39	-0.01	1	2439	卖盘
10:01:18	24.4	-0.04	10	24400	卖盘
10:01:13	24.44	0.03	10	24440	买盘
10:01:09	24.41	--	3	7323	卖盘
10:00:58	24.41	-0.03	1	2441	卖盘
10:00:43	24.44	--	3	7332	卖盘
10:00:39	24.44	-0.01	27	65988	卖盘
10:00:09	24.45	-0.02	14	34230	卖盘
09:59:58	24.47	--	0	0	中性盘
09:59:53	24.47	--	1	2447	卖盘
09:59:38	24.47	--	6	14682	卖盘
09:59:33	24.47	-0.03	3	7341	卖盘
09:59:28	24.5	0.02	6	14700	买盘
09:59:23	24.48	-0.03	3	7344	卖盘
09:59:18	24.51	--	0	0	买盘
09:59:08	24.51	0.04	6	14706	买盘
09:58:58	24.47	-0.04	16	39152	卖盘
09:58:48	24.51	--	29	71079	卖盘
09:58:33	24.51	-0.01	24	58824	卖盘
09:58:28	24.52	0.01	17	41684	买盘
09:58:23	24.51	--	5	12255	卖盘
09:58:08	24.51	--	20	49020	卖盘
09:57:58	24.51	--	2	4902	卖盘
09:57:53	24.51	0.02	17	41667	买盘
09:57:28	24.49	--	55	134695	买盘
09:57:23	24.49	--	0	0	买盘
09:57:13	24.49	-0.02	5	12245	中性盘
09:57:08	24.51	--	10	24510	买盘
09:56:58	24.51	-0.01	1	2451	中性盘
09:56:43	24.52	--	0	0	买盘
09:56:38	24.52	--	4	9808	买盘
09:56:33	24.52	--	13	31876	卖盘
09:56:27	24.52	0.05	6	14712	买盘
09:55:57	24.47	0.02	1	2447	买盘
09:55:52	24.45	--	0	0	卖盘
09:55:48	24.45	-0.02	5	12225	卖盘
09:55:37	24.47	--	27	66069	买盘
09:55:33	24.47	-0.01	21	51387	买盘
09:55:03	24.48	--	20	48960	买盘
09:54:47	24.48	--	3	7344	买盘
09:54:32	24.48	0.04	20	48960	买盘
09:54:12	24.44	-0.04	20	48880	买盘
09:54:07	24.48	0.05	3	7344	买盘
09:54:02	24.43	--	21	51303	卖盘
09:53:37	24.43	--	0	0	卖盘
09:53:32	24.43	--	10	24430	卖盘
09:53:22	24.43	--	20	48860	卖盘
09:53:12	24.43	--	308	752444	买盘
09:53:07	24.43	--	20	48860	买盘
09:52:52	24.43	--	7	17101	买盘
09:52:47	24.43	--	5	12215	卖盘
09:52:37	24.43	--	0	0	中性盘
09:52:32	24.43	0.01	9	21987	买盘
09:52:22	24.42	-0.01	20	48840	卖盘
09:52:17	24.43	--	47	114821	买盘
09:52:02	24.43	--	0	0	买盘
09:51:57	24.43	--	5	12215	买盘
09:51:52	24.43	0.01	50	122150	买盘
09:51:47	24.42	0.02	4	9768	买盘
09:51:42	24.4	-0.03	30	73200	卖盘
09:51:37	24.43	0.03	5	12215	买盘
09:51:32	24.4	-0.03	96	234240	卖盘
09:51:17	24.43	--	3	7329	买盘
09:51:07	24.43	-0.02	97	236971	卖盘
09:50:31	24.45	-0.03	30	73350	卖盘
09:50:27	24.48	0.01	27	66096	买盘
09:50:12	24.47	0.02	34	83198	买盘
09:49:56	24.45	--	71	173595	卖盘
09:49:46	24.45	-0.01	10	24450	卖盘
09:49:42	24.46	--	11	26906	买盘
09:49:31	24.46	--	10	24460	买盘
09:49:16	24.46	--	10	24460	买盘
09:49:11	24.46	--	10	24460	买盘
09:49:06	24.46	--	2	4892	买盘
09:49:01	24.46	--	40	97840	买盘
09:48:51	24.46	--	3	7338	卖盘
09:48:42	24.46	--	5	12230	卖盘
09:48:36	24.46	--	2	4892	买盘
09:48:16	24.46	0.02	3	7338	买盘
09:48:06	24.44	0.01	15	36660	买盘
09:48:01	24.43	--	0	0	卖盘
09:47:57	24.43	-0.02	49	119707	卖盘
09:47:46	24.45	--	13	31785	买盘
09:47:36	24.45	--	3	7335	买盘
09:47:21	24.45	--	3	7335	买盘
09:47:16	24.45	--	5	12225	买盘
09:47:11	24.45	-0.01	17	41565	卖盘
09:47:06	24.46	0.01	5	12230	买盘
09:46:51	24.45	--	0	0	中性盘
09:46:46	24.45	-0.01	5	12225	买盘
09:46:36	24.46	--	0	0	买盘
09:46:31	24.46	0.01	30	73380	中性盘
09:46:26	24.45	--	21	51345	卖盘
09:46:16	24.45	0.01	9	22005	买盘
09:46:11	24.44	-0.01	47	114868	卖盘
09:46:06	24.45	--	2	4890	卖盘
09:46:01	24.45	--	15	36675	卖盘
09:45:56	24.45	0.01	22	53790	买盘
09:45:51	24.44	-0.01	10	24440	卖盘
09:45:46	24.45	--	0	0	买盘
09:45:41	24.45	--	17	41565	中性盘
09:45:36	24.45	0.07	5	12225	买盘
09:45:31	24.38	-0.09	157	382766	卖盘
09:45:16	24.47	0.04	2	4894	买盘
09:45:06	24.43	-0.05	6	14658	卖盘
09:45:01	24.48	--	0	0	买盘
09:44:46	24.48	--	3	7344	买盘
09:44:36	24.48	0.08	16	39168	卖盘
09:44:26	24.4	-0.08	301	734440	卖盘
09:44:21	24.48	--	17	41616	买盘
09:44:11	24.48	--	106	259488	买盘
09:44:06	24.48	--	3	7344	买盘
09:44:00	24.48	--	1	2448	买盘
09:43:51	24.48	--	7	17136	买盘
09:43:41	24.48	--	2	4896	买盘
09:43:35	24.48	--	11	26928	买盘
09:43:25	24.48	-0.05	116	283968	买盘
09:43:10	24.53	--	0	0	买盘
09:43:05	24.53	0.05	3	7359	买盘
09:42:55	24.48	0.02	16	39168	买盘
09:42:51	24.46	-0.01	8	19568	卖盘
09:42:40	24.47	--	11	26917	买盘
09:42:35	24.47	0.01	8	19576	买盘
09:42:30	24.46	-0.01	5	12230	卖盘
09:42:20	24.47	-0.01	104	254488	卖盘
09:41:55	24.48	--	22	53856	买盘
09:41:45	24.48	0.01	10	24480	买盘
09:41:40	24.47	0.01	20	48940	卖盘
09:41:30	24.46	--	0	0	卖盘
09:41:25	24.46	--	5	12230	卖盘
09:41:20	24.46	-0.02	19	46474	卖盘
09:41:15	24.48	0.02	3	7344	买盘
09:41:00	24.46	-0.02	18	44028	卖盘
09:40:45	24.48	--	9	22032	卖盘
09:40:40	24.48	--	3	7344	卖盘
09:40:35	24.48	-0.02	2	4896	卖盘
09:40:25	24.5	--	5	12250	买盘
09:40:20	24.5	--	5	12250	买盘
09:40:15	24.5	-0.02	71	173950	卖盘
09:40:05	24.52	0.01	1	2452	卖盘
09:40:00	24.51	--	0	0	卖盘
09:39:55	24.51	-0.02	50	122550	卖盘
09:39:50	24.53	-0.01	3	7359	卖盘
09:39:40	24.54	-0.03	8	19632	卖盘
09:39:20	24.57	0.03	50	122850	买盘
09:39:15	24.54	--	78	191412	卖盘
09:39:10	24.54	-0.02	5	12270	卖盘
09:38:45	24.56	-0.01	60	147384	卖盘
09:38:40	24.57	--	1	2457	卖盘
09:38:35	24.57	--	57	140049	卖盘
09:38:25	24.57	--	20	49140	卖盘
09:38:05	24.57	0.02	6	17174	买盘
09:37:54	24.55	-0.01	11	27029	卖盘
09:37:24	24.56	--	5	14711	买盘
09:37:04	24.56	--	0	0	买盘
09:36:59	24.56	0.01	10	24560	买盘
09:36:49	24.55	--	13	31915	卖盘
09:36:44	24.55	--	1	2455	卖盘
09:36:39	24.55	--	12	29460	卖盘
09:36:24	24.55	-0.01	25	61375	卖盘
09:36:19	24.56	0.01	3	7368	买盘
09:36:14	24.55	--	1	2455	卖盘
09:36:09	24.55	-0.01	2	4910	卖盘
09:36:04	24.56	--	0	0	买盘
09:35:59	24.56	0.02	2	4912	买盘
09:35:54	24.54	--	0	0	卖盘
09:35:44	24.54	-0.02	5	12270	卖盘
09:35:29	24.56	--	5	12280	买盘
09:35:24	24.56	0.03	2	4912	买盘
09:35:09	24.53	-0.03	21	51513	卖盘
09:35:04	24.56	--	9	22104	买盘
09:34:29	24.56	0.04	2	4912	买盘
09:34:24	24.52	--	8	19616	买盘
09:34:19	24.52	--	22	53944	买盘
09:34:14	24.52	-0.01	10	24520	卖盘
09:34:04	24.53	0.01	34	83402	中性盘
09:33:49	24.52	-0.01	51	125052	卖盘
09:33:44	24.53	--	8	19624	卖盘
09:33:34	24.53	--	0	0	卖盘
09:33:29	24.53	-0.03	10	24530	卖盘
09:33:19	24.56	0.03	19	46664	买盘
09:32:59	24.53	--	0	0	卖盘
09:32:49	24.53	-0.03	5	12265	卖盘
09:32:39	24.56	--	2	4912	买盘
09:32:34	24.56	--	4	9824	买盘
09:32:29	24.56	--	0	0	买盘
09:32:18	24.56	0.04	1	2456	买盘
09:32:09	24.52	-0.05	9	22068	卖盘
09:31:59	24.57	-0.01	28	68796	买盘
09:31:49	24.58	--	0	0	买盘
09:31:39	24.58	--	0	0	买盘
09:31:33	24.58	0.08	10	24580	买盘
09:31:29	24.5	--	0	0	卖盘
09:31:13	24.5	--	19	46550	买盘
09:31:08	24.5	0.05	3	7350	买盘
09:30:58	24.45	--	0	0	卖盘
09:30:43	24.45	-0.05	3	7335	卖盘
09:30:28	24.5	0.09	1	2450	买盘
09:30:13	24.41	--	0	0	卖盘
09:30:08	24.41	-0.17	11	26875	卖盘
09:30:03	24.58	--	0	2433	买盘
09:28:45	24.58	--	0	0	买盘
09:25:06	24.58	24.58	5	12290	买盘
