成交时间	成交价	价格变动	成交量(手)	成交额(元)	性质
15:00:00	18.31	--	0	0	中性盘
15:00:00	18.31	-0.01	0	0	中性盘
14:59:55	18.32	0.02	17	31144	买盘
14:59:49	18.3	--	29	53070	买盘
14:59:44	18.3	--	26	47580	买盘
14:59:34	18.3	-0.01	6	10980	卖盘
14:59:29	18.31	--	17	31126	买盘
14:59:25	18.31	0.02	12	21972	买盘
14:59:14	18.29	--	0	0	卖盘
14:59:08	18.29	-0.02	71	129859	卖盘
14:59:04	18.31	--	49	89719	卖盘
14:58:59	18.31	--	50	91550	卖盘
14:58:53	18.31	-0.01	9	16479	卖盘
14:58:49	18.32	--	14	25648	买盘
14:58:29	18.32	--	6	10992	卖盘
14:58:19	18.32	--	36	65952	买盘
14:58:04	18.32	0.01	16	29312	买盘
14:57:59	18.31	0.01	20	36620	买盘
14:57:49	18.3	-0.01	22	40260	卖盘
14:57:29	18.31	0.01	6	10986	买盘
14:57:23	18.3	--	20	36600	卖盘
14:57:19	18.3	--	20	36600	卖盘
14:57:14	18.3	--	1	1830	卖盘
14:57:08	18.3	0.02	41	75030	买盘
14:56:53	18.28	--	0	0	卖盘
14:56:23	18.28	0.01	105	191940	买盘
14:56:19	18.27	--	2	3654	卖盘
14:55:59	18.27	--	16	29232	买盘
14:55:49	18.27	0.01	100	182700	买盘
14:55:44	18.26	--	5	9130	卖盘
14:55:34	18.26	--	15	27390	买盘
14:55:29	18.26	--	35	63910	卖盘
14:55:23	18.26	--	7	12782	卖盘
14:55:19	18.26	-0.01	10	18260	卖盘
14:55:08	18.27	--	100	182700	买盘
14:55:04	18.27	0.01	20	36540	买盘
14:54:59	18.26	--	15	27390	卖盘
14:54:53	18.26	--	11	20086	买盘
14:54:49	18.26	--	3	5478	买盘
14:54:44	18.26	--	5	9130	买盘
14:54:38	18.26	--	10	18260	买盘
14:54:34	18.26	-0.01	33	60258	卖盘
14:54:14	18.27	-0.01	47	85869	卖盘
14:54:04	18.28	--	10	18280	买盘
14:53:59	18.28	--	13	23764	买盘
14:53:49	18.28	--	10	18280	买盘
14:53:28	18.28	--	8	14624	买盘
14:53:23	18.28	--	3	5484	买盘
14:53:19	18.28	--	20	36560	卖盘
14:53:13	18.28	0.01	10	18280	卖盘
14:53:04	18.27	-0.01	55	100485	卖盘
14:52:49	18.28	0.01	5	9140	买盘
14:52:38	18.27	--	55	100485	买盘
14:52:33	18.27	0.01	10	18270	买盘
14:52:08	18.26	-0.01	58	105908	卖盘
14:52:03	18.27	-0.01	2	3654	卖盘
14:51:58	18.28	--	3	5484	买盘
14:51:53	18.28	--	65	118820	买盘
14:51:43	18.28	0.01	10	18280	买盘
14:51:32	18.27	-0.01	15	27405	卖盘
14:51:13	18.28	--	13	23764	买盘
14:51:02	18.28	--	138	252264	卖盘
14:50:53	18.28	--	24	43872	卖盘
14:50:43	18.28	-0.01	43	78604	卖盘
14:50:38	18.29	-0.01	117	213993	卖盘
14:50:28	18.3	--	5	9150	买盘
14:50:23	18.3	--	3	5490	买盘
14:50:13	18.3	--	44	80520	卖盘
14:49:58	18.3	-0.01	20	36600	卖盘
14:49:43	18.31	--	12	21972	买盘
14:48:58	18.31	--	5	9155	买盘
14:48:47	18.31	--	10	18310	买盘
14:48:38	18.31	-0.01	8	14647	卖盘
14:48:13	18.32	--	29	53128	买盘
14:48:08	18.32	0.01	14	25648	买盘
14:47:58	18.31	-0.01	30	54929	卖盘
14:47:47	18.32	0.01	1	1832	买盘
14:47:07	18.31	--	10	18310	卖盘
14:46:02	18.31	0.01	37	67747	买盘
14:45:52	18.3	--	62	113460	卖盘
14:45:32	18.3	--	51	93330	卖盘
14:45:22	18.3	--	5	9150	卖盘
14:44:32	18.3	--	68	124440	买盘
14:44:17	18.3	0.01	4	7320	买盘
14:44:11	18.29	-0.01	20	36580	卖盘
14:43:56	18.3	--	1	1830	买盘
14:43:52	18.3	0.01	3	5490	买盘
14:43:26	18.29	--	0	0	卖盘
14:43:22	18.29	-0.01	36	65844	卖盘
14:43:17	18.3	--	5	9150	卖盘
14:43:02	18.3	--	8	14640	买盘
14:42:41	18.3	0.01	1	1830	买盘
14:42:37	18.29	-0.01	1	1829	卖盘
14:42:32	18.3	--	6	10980	买盘
14:42:17	18.3	--	1	1830	买盘
14:42:07	18.3	--	1	1830	卖盘
14:41:52	18.3	--	10	18300	买盘
14:41:37	18.3	--	40	73200	卖盘
14:40:37	18.3	--	5	9150	买盘
14:40:31	18.3	--	22	40260	买盘
14:40:26	18.3	--	13	23790	买盘
14:40:16	18.3	--	22	40260	买盘
14:40:01	18.3	--	40	73200	卖盘
14:39:46	18.3	--	0	0	卖盘
14:39:41	18.3	-0.03	257	470310	卖盘
14:39:31	18.33	0.01	6	10997	买盘
14:39:11	18.32	-0.01	5	9160	卖盘
14:38:16	18.33	--	15	27494	买盘
14:38:01	18.33	--	13	23828	卖盘
14:37:46	18.33	--	5	9165	卖盘
14:37:31	18.33	--	60	109979	卖盘
14:37:16	18.33	--	23	42158	卖盘
14:36:56	18.33	--	13	23828	卖盘
14:36:46	18.33	-0.01	3	5498	卖盘
14:36:26	18.34	0.01	4	7336	买盘
14:36:01	18.33	--	22	40325	卖盘
14:35:41	18.33	--	97	177800	买盘
14:35:26	18.33	--	23	42158	买盘
14:35:20	18.33	--	33	60488	买盘
14:34:41	18.33	--	1	1832	买盘
14:34:20	18.33	--	1	1832	卖盘
14:33:55	18.33	--	15	27494	卖盘
14:33:20	18.33	--	0	0	中性盘
14:33:10	18.33	0.01	2	3665	买盘
14:32:59	18.32	-0.01	16	29312	卖盘
14:32:50	18.33	0.01	22	40325	买盘
14:32:40	18.32	--	1	1832	卖盘
14:32:20	18.32	-0.01	6	10992	卖盘
14:32:10	18.33	--	2	3665	买盘
14:31:59	18.33	--	29	53156	卖盘
14:31:35	18.33	--	20	36660	卖盘
14:31:20	18.33	-0.01	1	1832	卖盘
14:31:14	18.34	--	0	0	买盘
14:30:44	18.34	0.02	100	183400	买盘
14:30:35	18.32	-0.02	25	45800	卖盘
14:30:25	18.34	--	13	23842	买盘
14:30:14	18.34	--	20	36680	买盘
14:29:40	18.34	0.01	3	5502	买盘
14:29:20	18.33	-0.01	1	1832	卖盘
14:28:44	18.34	0.01	60	110040	买盘
14:28:40	18.33	--	12	21995	买盘
14:28:04	18.33	--	5	9165	买盘
14:27:49	18.33	-0.01	68	124643	卖盘
14:27:40	18.34	-0.02	79	144886	卖盘
14:27:04	18.36	--	10	18360	买盘
14:26:49	18.36	0.02	1	1836	买盘
14:26:14	18.34	--	20	36680	卖盘
14:25:44	18.34	--	25	45850	买盘
14:25:38	18.34	--	11	20174	买盘
14:25:04	18.34	--	0	0	中性盘
14:24:44	18.34	-0.01	10	18340	卖盘
14:24:19	18.35	-0.01	75	137625	卖盘
14:24:04	18.36	0.01	32	58752	买盘
14:23:59	18.35	-0.01	30	55545	卖盘
14:23:53	18.36	0.01	1	1836	买盘
14:23:49	18.35	-0.02	6	12349	卖盘
14:23:44	18.37	--	8	14696	买盘
14:23:29	18.37	--	11	20207	买盘
14:23:04	18.37	--	1	1837	买盘
14:22:59	18.37	--	54	99198	买盘
14:22:53	18.37	0.01	20	36740	买盘
14:22:49	18.36	--	25	45900	卖盘
14:22:34	18.36	--	24	44064	卖盘
14:22:23	18.36	--	34	62424	买盘
14:21:49	18.36	--	95	174420	买盘
14:20:58	18.36	--	18	33048	卖盘
14:20:53	18.36	--	2	3672	买盘
14:20:43	18.36	--	6	11016	卖盘
14:20:38	18.36	-0.01	4	7344	卖盘
14:20:23	18.37	--	4	7348	买盘
14:20:08	18.37	--	0	0	买盘
14:19:58	18.37	0.01	101	185886	买盘
14:19:53	18.36	0.01	8	16175	买盘
14:19:43	18.35	-0.02	6	11358	卖盘
14:19:32	18.37	0.01	13	23881	买盘
14:19:28	18.36	-0.01	10	18360	卖盘
14:19:02	18.37	--	15	27555	买盘
14:18:58	18.37	0.01	43	78991	买盘
14:18:43	18.36	--	8	16175	买盘
14:18:28	18.36	--	31	57264	卖盘
14:18:13	18.36	--	33	62075	买盘
14:18:08	18.36	--	6	11016	买盘
14:18:02	18.36	--	3	5508	买盘
14:17:43	18.36	--	15	27540	买盘
14:17:23	18.36	--	5	9180	买盘
14:17:17	18.36	--	10	18360	买盘
14:17:13	18.36	--	163	299268	买盘
14:17:02	18.36	--	5	9180	买盘
14:16:58	18.36	--	5	9180	买盘
14:16:53	18.36	--	44	80784	买盘
14:16:43	18.36	--	100	183600	买盘
14:16:28	18.36	0.01	2	3672	买盘
14:16:17	18.35	--	20	36700	卖盘
14:15:58	18.35	-0.01	3	5505	卖盘
14:15:32	18.36	--	5	9180	买盘
14:15:28	18.36	0.01	10	18360	买盘
14:15:23	18.35	--	10	18350	卖盘
14:14:57	18.35	--	6	11010	卖盘
14:14:52	18.35	--	29	53215	买盘
14:14:43	18.35	--	16	29360	买盘
14:14:22	18.35	--	0	0	中性盘
14:14:13	18.35	--	19	34865	买盘
14:13:52	18.35	--	0	0	买盘
14:13:32	18.35	--	0	0	买盘
14:13:26	18.35	--	5	9175	买盘
14:13:22	18.35	--	0	0	买盘
14:13:17	18.35	0.05	54	99090	买盘
14:13:11	18.3	--	0	0	卖盘
14:12:07	18.3	--	0	0	卖盘
14:11:56	18.3	-0.04	200	366000	卖盘
14:11:52	18.34	--	1	1834	卖盘
14:11:22	18.34	-0.01	11	20174	卖盘
14:11:17	18.35	0.01	10	18350	买盘
14:10:56	18.34	--	4	7336	买盘
14:10:52	18.34	--	10	18340	卖盘
14:10:47	18.34	0.01	10	18340	买盘
14:09:52	18.33	--	0	0	卖盘
14:09:07	18.33	--	1	1832	卖盘
14:09:01	18.33	--	2	3830	买盘
14:08:41	18.33	-0.01	17	32829	卖盘
14:08:31	18.34	--	0	0	买盘
14:08:01	18.34	-0.01	5	9170	买盘
14:07:41	18.35	0.02	3	5505	买盘
14:07:31	18.33	0.01	15	27494	卖盘
14:07:21	18.32	--	0	0	卖盘
14:07:16	18.32	-0.04	9	16488	卖盘
14:07:11	18.36	0.03	10	18360	买盘
14:07:05	18.33	--	0	0	卖盘
14:07:01	18.33	--	0	0	卖盘
14:06:41	18.33	--	0	0	卖盘
14:06:35	18.33	-0.02	50	91649	卖盘
14:06:31	18.35	--	23	42205	卖盘
14:06:16	18.35	--	20	36700	卖盘
14:06:05	18.35	-0.01	1	1835	卖盘
14:05:46	18.36	--	5	9180	买盘
14:05:20	18.36	--	10	18360	买盘
14:05:16	18.36	--	51	93636	买盘
14:04:46	18.36	--	10	18360	买盘
14:04:35	18.36	-0.01	10	18360	买盘
14:04:16	18.37	0.01	10	18370	买盘
14:04:11	18.36	--	5	9345	卖盘
14:04:05	18.36	-0.01	10	18360	卖盘
14:03:50	18.37	0.01	21	38577	买盘
14:03:41	18.36	--	22	40392	卖盘
14:03:11	18.36	--	2	3672	卖盘
14:02:55	18.36	--	10	18360	卖盘
14:02:50	18.36	-0.01	6	11016	卖盘
14:02:41	18.37	--	3	5511	买盘
14:02:35	18.37	--	4	7348	买盘
14:02:31	18.37	--	1	1837	买盘
14:02:25	18.37	--	2	3674	买盘
14:02:10	18.37	--	47	86339	买盘
14:02:01	18.37	--	5	9185	买盘
14:01:55	18.37	--	9	16533	买盘
14:01:50	18.37	--	9	16533	买盘
14:01:40	18.37	0.01	24	44088	买盘
14:01:25	18.36	--	32	60422	买盘
14:01:15	18.36	--	6	11016	买盘
14:00:55	18.36	0.01	3	5508	买盘
14:00:50	18.35	-0.01	18	33195	卖盘
14:00:40	18.36	--	14	27081	卖盘
14:00:35	18.36	--	11	20948	买盘
14:00:25	18.36	-0.01	50	93342	卖盘
14:00:10	18.37	0.01	15	27555	买盘
14:00:05	18.36	-0.01	5	9180	卖盘
14:00:00	18.37	0.01	4	7348	买盘
13:59:55	18.36	--	3	5801	买盘
13:59:50	18.36	--	67	123012	买盘
13:59:40	18.36	--	37	67932	买盘
13:59:20	18.36	-0.01	11	21738	卖盘
13:59:10	18.37	0.01	8	14696	买盘
13:59:05	18.36	-0.01	27	49572	卖盘
13:58:59	18.37	--	50	91850	买盘
13:58:55	18.37	--	20	36740	买盘
13:58:50	18.37	-0.01	28	51436	买盘
13:58:40	18.38	0.01	29	53302	买盘
13:58:35	18.37	--	30	55110	卖盘
13:58:29	18.37	--	5	9185	卖盘
13:58:25	18.37	--	10	18370	卖盘
13:58:20	18.37	--	10	18370	卖盘
13:58:14	18.37	--	8	14696	卖盘
13:58:05	18.37	0.01	31	56947	买盘
13:57:59	18.36	--	10	18360	卖盘
13:57:55	18.36	-0.01	3	5801	卖盘
13:57:50	18.37	0.02	27	49599	买盘
13:57:44	18.35	-0.01	1	3376	卖盘
13:57:40	18.36	--	8	14688	买盘
13:57:35	18.36	--	1	1836	买盘
13:57:29	18.36	-0.02	1	1836	买盘
13:57:25	18.38	--	0	0	买盘
13:57:20	18.38	0.08	26	47788	买盘
13:57:10	18.3	-0.06	162	296460	卖盘
13:57:05	18.36	0.02	400	734400	买盘
13:56:59	18.34	--	0	0	买盘
13:56:50	18.34	-0.01	16	29344	买盘
13:56:44	18.35	--	0	0	买盘
13:56:35	18.35	0.05	1000	1835000	买盘
13:56:25	18.3	--	21	38430	买盘
13:55:35	18.3	--	2	3660	买盘
13:55:25	18.3	--	20	36600	买盘
13:54:19	18.3	0.01	14	25620	买盘
13:54:09	18.29	-0.01	1	1829	卖盘
13:53:29	18.3	0.01	40	73200	买盘
13:51:49	18.29	--	3	5487	卖盘
13:51:08	18.29	0.01	7	12803	买盘
13:50:59	18.28	-0.01	10	18280	卖盘
13:50:48	18.29	--	10	18290	买盘
13:50:13	18.29	-0.01	22	40238	卖盘
13:49:19	18.3	0.01	20	36600	买盘
13:49:14	18.29	-0.01	6	10974	卖盘
13:48:38	18.3	0.02	9	16470	买盘
13:48:03	18.28	--	0	0	卖盘
13:46:08	18.28	-0.02	20	36560	卖盘
13:45:58	18.3	--	0	0	买盘
13:45:43	18.3	--	1	1830	买盘
13:45:08	18.3	0.02	151	276330	买盘
13:44:43	18.28	--	31	56668	卖盘
13:44:17	18.28	-0.02	1	1828	卖盘
13:42:37	18.3	--	5	9150	买盘
13:42:27	18.3	--	5	9150	买盘
13:42:23	18.3	-0.01	2	3660	中性盘
13:42:17	18.31	0.01	15	27464	买盘
13:42:08	18.3	--	1	1830	卖盘
13:42:02	18.3	--	3	5490	卖盘
13:41:52	18.3	--	1	1830	卖盘
13:41:47	18.3	--	5	9150	卖盘
13:41:42	18.3	--	0	0	中性盘
13:41:37	18.3	--	40	73200	卖盘
13:41:23	18.3	0.02	21	38430	买盘
13:41:17	18.28	--	0	383	卖盘
13:41:12	18.28	--	1	1828	卖盘
13:41:07	18.28	-0.02	6	12412	卖盘
13:40:52	18.3	--	9	16470	卖盘
13:40:37	18.3	--	0	0	卖盘
13:40:27	18.3	-0.01	12	21960	卖盘
13:40:22	18.31	--	4	8678	买盘
13:40:07	18.31	0.01	11	20141	买盘
13:40:02	18.3	-0.01	6	10980	卖盘
13:39:47	18.31	--	2	3661	买盘
13:39:41	18.31	--	6	10986	卖盘
13:38:52	18.31	--	0	0	买盘
13:38:02	18.31	--	8	14647	买盘
13:37:52	18.31	--	1	1830	买盘
13:37:47	18.31	--	6	11462	卖盘
13:37:06	18.31	--	10	18310	卖盘
13:36:47	18.31	--	4	7323	卖盘
13:36:21	18.31	--	31	58115	买盘
13:35:52	18.31	0.01	10	18310	买盘
13:35:17	18.3	--	30	54900	卖盘
13:35:06	18.3	-0.01	20	36600	卖盘
13:34:46	18.31	--	1	2307	卖盘
13:34:41	18.31	--	6	12340	买盘
13:34:31	18.31	--	12	21972	买盘
13:34:21	18.31	--	6	10986	买盘
13:34:16	18.31	--	4	7800	买盘
13:34:06	18.31	--	6	10986	买盘
13:32:41	18.31	0.01	40	73240	买盘
13:32:31	18.3	-0.01	1	1830	卖盘
13:32:26	18.31	--	1	1830	买盘
13:32:16	18.31	0.01	10	18310	买盘
13:32:00	18.3	--	1	1830	卖盘
13:31:50	18.3	0.02	24	43920	买盘
13:31:46	18.28	-0.02	105	191940	卖盘
13:31:35	18.3	--	107	195810	买盘
13:31:20	18.3	--	30	54900	买盘
13:31:16	18.3	--	3	5490	买盘
13:30:11	18.3	--	240	439200	买盘
13:29:41	18.3	--	0	0	买盘
13:29:30	18.3	--	10	18300	买盘
13:28:41	18.3	--	1	1830	卖盘
13:28:11	18.3	--	20	36600	买盘
13:28:00	18.3	--	10	18300	买盘
13:27:45	18.3	--	3	5490	买盘
13:27:25	18.3	--	1	1830	买盘
13:27:00	18.3	0.01	6	10980	卖盘
13:26:55	18.29	-0.02	1	1829	中性盘
13:26:45	18.31	0.01	10	18310	买盘
13:26:35	18.3	0.01	11	20130	中性盘
13:26:25	18.29	-0.01	10	18290	卖盘
13:26:14	18.3	--	9	16470	买盘
13:26:05	18.3	--	1	1830	卖盘
13:26:00	18.3	--	13	23790	卖盘
13:25:45	18.3	--	30	54900	卖盘
13:25:25	18.3	-0.01	25	45750	卖盘
13:24:35	18.31	0.01	12	21972	买盘
13:23:54	18.3	-0.01	33	60390	卖盘
13:23:20	18.31	--	20	36620	买盘
13:22:44	18.31	--	23	42113	买盘
13:22:39	18.31	0.01	6	10986	买盘
13:21:24	18.3	-0.01	1	1830	卖盘
13:21:04	18.31	0.01	5	9155	买盘
13:20:34	18.3	--	4	7320	卖盘
13:20:19	18.3	0.02	12	21960	买盘
13:19:49	18.28	--	1	1828	卖盘
13:19:19	18.28	--	1	1828	卖盘
13:19:14	18.28	-0.02	10	18280	卖盘
13:18:44	18.3	--	21	38430	卖盘
13:18:19	18.3	--	10	18300	卖盘
13:17:53	18.3	--	0	0	卖盘
13:17:19	18.3	0.02	66	120780	买盘
13:17:08	18.28	--	12	21936	卖盘
13:16:44	18.28	-0.02	6	10968	卖盘
13:16:29	18.3	--	6	10980	买盘
13:15:29	18.3	0.02	30	54900	买盘
13:14:53	18.28	-0.02	1	1828	卖盘
13:14:33	18.3	--	6	10980	买盘
13:14:29	18.3	-0.03	43	78690	卖盘
13:14:23	18.33	--	0	0	买盘
13:14:13	18.33	--	5	9165	买盘
13:13:53	18.33	0.02	135	247454	买盘
13:13:33	18.31	0.01	1	1830	买盘
13:13:18	18.3	-0.01	2	3660	卖盘
13:13:03	18.31	0.01	8	14647	买盘
13:12:58	18.3	--	8	14640	卖盘
13:11:58	18.3	--	3	5490	卖盘
13:11:32	18.3	--	10	18300	卖盘
13:11:13	18.3	--	4	7320	卖盘
13:10:53	18.3	0.01	56	102480	买盘
13:10:43	18.29	0.03	10	18290	买盘
13:10:13	18.26	--	0	0	卖盘
13:09:53	18.26	--	52	94988	买盘
13:09:42	18.26	0.01	190	346940	买盘
13:09:12	18.25	--	10	18250	卖盘
13:08:42	18.25	-0.01	18	32850	卖盘
13:08:38	18.26	--	30	54780	买盘
13:07:52	18.26	--	12	21912	卖盘
13:06:07	18.26	--	0	0	中性盘
13:06:02	18.26	--	18	32868	卖盘
13:04:26	18.26	--	8	14608	买盘
13:03:37	18.26	--	9	16434	买盘
13:03:32	18.26	0.01	3	5478	买盘
13:02:01	18.25	--	1	1825	卖盘
13:01:46	18.25	--	1	1825	卖盘
13:01:21	18.25	--	7	12775	卖盘
13:01:16	18.25	--	10	18250	卖盘
13:00:11	18.25	--	1	1825	卖盘
13:00:06	18.25	0.01	42	76650	买盘
11:30:00	18.24	--	0	0	卖盘
11:30:00	18.24	--	0	0	卖盘
11:29:52	18.24	-0.01	6	10943	卖盘
11:29:12	18.25	--	9	16425	买盘
11:29:07	18.25	--	21	38325	买盘
11:28:57	18.25	--	10	18250	买盘
11:28:07	18.25	--	27	49275	卖盘
11:27:31	18.25	--	33	60225	买盘
11:27:22	18.25	--	10	18250	买盘
11:26:57	18.25	--	2	3650	买盘
11:26:52	18.25	--	1	1825	买盘
11:26:37	18.25	--	2	3650	买盘
11:26:21	18.25	--	5	9125	买盘
11:26:16	18.25	--	24	43800	买盘
11:25:31	18.25	0.01	50	91250	买盘
11:25:21	18.24	-0.01	48	87551	卖盘
11:25:10	18.25	--	9	16425	买盘
11:25:01	18.25	0.01	10	18250	买盘
11:24:55	18.24	--	28	51071	买盘
11:24:46	18.24	--	5	9120	买盘
11:24:40	18.24	-0.01	3	5471	卖盘
11:24:31	18.25	0.01	1	1825	买盘
11:24:25	18.24	--	2	3647	卖盘
11:24:21	18.24	--	5	9120	卖盘
11:24:01	18.24	--	10	18240	卖盘
11:23:52	18.24	--	10	18240	买盘
11:23:46	18.24	--	3	5471	买盘
11:23:25	18.24	--	0	0	中性盘
11:23:21	18.24	--	10	18240	卖盘
11:22:46	18.24	--	17	31007	卖盘
11:22:31	18.24	0.01	3	5471	卖盘
11:22:25	18.23	--	22	40106	卖盘
11:22:21	18.23	-0.01	175	319025	卖盘
11:21:55	18.24	--	10	18240	卖盘
11:21:51	18.24	--	19	34656	卖盘
11:21:46	18.24	--	53	96671	卖盘
11:20:55	18.24	-0.02	36	65664	卖盘
11:20:16	18.26	0.01	58	105908	买盘
11:20:06	18.25	-0.01	12	21900	卖盘
11:18:19	18.26	0.01	37	67562	卖盘
11:18:15	18.25	-0.01	5	9125	卖盘
11:18:10	18.26	--	10	18260	卖盘
11:17:45	18.26	--	10	18260	卖盘
11:17:40	18.26	--	0	0	卖盘
11:17:34	18.26	--	28	51128	卖盘
11:17:25	18.26	-0.03	1	1826	卖盘
11:16:55	18.29	--	24	43896	卖盘
11:16:30	18.29	--	1	1829	卖盘
11:16:25	18.29	0.03	2	3658	买盘
11:15:34	18.26	--	0	0	卖盘
11:14:10	18.26	0.01	5	9130	买盘
11:13:55	18.25	-0.01	16	29200	卖盘
11:13:15	18.26	0.02	12	21912	买盘
11:12:40	18.24	--	0	0	卖盘
11:12:04	18.24	--	0	0	卖盘
11:11:58	18.24	-0.01	3	5471	卖盘
11:11:49	18.25	--	3	5475	买盘
11:11:43	18.25	-0.01	53	96725	卖盘
11:11:39	18.26	--	15	27390	卖盘
11:11:28	18.26	-0.01	21	38346	卖盘
11:11:19	18.27	0.01	20	36540	买盘
11:11:09	18.26	--	10	18260	卖盘
11:11:04	18.26	--	10	18260	卖盘
11:10:54	18.26	--	25	45650	卖盘
11:10:49	18.26	--	0	0	卖盘
11:10:43	18.26	-0.01	4	7304	卖盘
11:10:39	18.27	-0.01	10	18270	卖盘
11:10:19	18.28	--	50	91400	卖盘
11:09:58	18.28	--	5	9140	卖盘
11:09:54	18.28	--	1	1828	卖盘
11:09:43	18.28	--	20	36560	卖盘
11:09:39	18.28	--	1	1828	卖盘
11:09:34	18.28	-0.02	7	12796	卖盘
11:09:04	18.3	0.01	20	36600	买盘
11:08:58	18.29	--	3	5487	卖盘
11:08:54	18.29	--	5	9145	卖盘
11:08:49	18.29	--	4	7316	买盘
11:08:28	18.29	0.01	2	3658	卖盘
11:08:24	18.28	--	0	0	卖盘
11:07:24	18.28	-0.01	20	36560	卖盘
11:07:04	18.29	0.01	1	1829	卖盘
11:06:54	18.28	--	0	0	卖盘
11:06:39	18.28	--	0	0	卖盘
11:06:34	18.28	-0.02	15	27420	卖盘
11:06:13	18.3	-0.01	14	25620	卖盘
11:06:09	18.31	--	31	56760	卖盘
11:05:48	18.31	-0.01	15	27464	卖盘
11:05:43	18.32	--	13	23816	卖盘
11:05:37	18.32	--	11	20152	卖盘
11:05:33	18.32	--	10	18320	卖盘
11:05:28	18.32	-0.01	12	21984	卖盘
11:05:22	18.33	0.01	1	1832	买盘
11:05:18	18.32	-0.01	30	54960	卖盘
11:05:13	18.33	--	0	0	买盘
11:04:28	18.33	0.02	96	175967	买盘
11:04:13	18.31	-0.02	15	27464	卖盘
11:03:22	18.33	0.02	10	18330	买盘
11:03:13	18.31	--	0	0	卖盘
11:02:13	18.31	--	10	18310	中性盘
11:02:03	18.31	--	0	0	卖盘
11:01:07	18.31	--	10	18310	卖盘
11:01:03	18.31	-0.02	8	14647	卖盘
11:00:37	18.33	--	11	20162	买盘
10:59:58	18.33	--	9	16497	买盘
10:59:52	18.33	--	15	27494	买盘
10:59:12	18.33	--	10	18330	买盘
10:58:57	18.33	--	0	0	买盘
10:58:31	18.33	0.03	6	10997	买盘
10:58:22	18.3	-0.04	26	47580	卖盘
10:58:16	18.34	--	20	36680	买盘
10:58:12	18.34	--	1	1834	买盘
10:58:07	18.34	--	23	42182	买盘
10:57:57	18.34	--	10	18340	买盘
10:57:52	18.34	--	0	0	买盘
10:57:37	18.34	0.03	43	78862	买盘
10:57:27	18.31	-0.03	1	2764	卖盘
10:57:22	18.34	0.03	63	115542	买盘
10:57:16	18.31	-0.04	3	6390	卖盘
10:57:07	18.35	--	0	0	买盘
10:57:01	18.35	--	43	78905	买盘
10:56:57	18.35	--	28	51380	买盘
10:56:46	18.35	--	43	78905	买盘
10:56:37	18.35	--	0	0	买盘
10:56:31	18.35	--	20	36700	买盘
10:56:27	18.35	--	25	45875	买盘
10:56:22	18.35	0.01	12	22020	买盘
10:56:16	18.34	--	12	22008	买盘
10:56:12	18.34	--	50	91700	买盘
10:56:07	18.34	--	0	0	买盘
10:55:57	18.34	0.07	44	80696	买盘
10:55:52	18.27	--	0	0	卖盘
10:55:46	18.27	-0.07	15	27405	卖盘
10:55:42	18.34	0.01	42	77028	买盘
10:55:37	18.33	0.03	12	21995	买盘
10:55:31	18.3	-0.03	90	164700	卖盘
10:55:27	18.33	--	26	47657	买盘
10:55:22	18.33	--	31	56822	买盘
10:55:16	18.33	--	0	0	买盘
10:55:07	18.33	0.02	43	78818	买盘
10:55:01	18.31	-0.01	18	32958	卖盘
10:54:42	18.32	--	18	32976	买盘
10:54:12	18.32	--	10	18320	买盘
10:53:57	18.32	--	18	32976	买盘
10:53:52	18.32	-0.01	5	10625	卖盘
10:53:46	18.33	0.01	30	54989	买盘
10:53:41	18.32	-0.01	1	1832	卖盘
10:53:37	18.33	0.01	23	42525	买盘
10:53:27	18.32	--	44	80608	买盘
10:53:21	18.32	--	50	91600	买盘
10:53:16	18.32	--	5	9160	买盘
10:53:01	18.32	0.01	14	25648	买盘
10:52:46	18.31	0.01	7	12817	买盘
10:52:25	18.3	--	2	3660	买盘
10:52:21	18.3	0.03	156	285480	买盘
10:52:16	18.27	-0.02	20	36540	卖盘
10:52:06	18.29	--	18	32922	买盘
10:51:51	18.29	--	9	16461	买盘
10:51:46	18.29	--	28	51212	买盘
10:51:36	18.29	--	20	36580	买盘
10:51:06	18.29	--	0	0	买盘
10:50:40	18.29	0.03	22	40238	买盘
10:50:31	18.26	-0.02	10	18260	卖盘
10:50:21	18.28	--	27	49356	买盘
10:50:06	18.28	--	26	47528	买盘
10:49:55	18.28	--	0	0	中性盘
10:48:46	18.28	-0.01	10	18280	卖盘
10:47:51	18.29	0.04	14	25606	买盘
10:47:21	18.25	-0.03	1	1825	卖盘
10:46:25	18.28	0.04	200	365600	买盘
10:46:15	18.24	-0.01	1	1823	卖盘
10:45:49	18.25	0.01	1	1825	买盘
10:45:45	18.24	--	2	3647	卖盘
10:45:15	18.24	--	30	54719	卖盘
10:45:10	18.24	0.01	287	523487	买盘
10:44:25	18.23	-0.01	14	25522	卖盘
10:44:15	18.24	-0.02	107	195167	卖盘
10:43:45	18.26	--	0	0	买盘
10:43:25	18.26	0.02	30	54780	买盘
10:43:19	18.24	--	10	18240	卖盘
10:43:15	18.24	--	50	91199	卖盘
10:42:10	18.24	-0.02	90	164160	卖盘
10:41:49	18.26	--	2	3652	买盘
10:41:25	18.26	--	5	9130	买盘
10:41:00	18.26	0.02	1	1826	买盘
10:40:30	18.24	--	0	0	卖盘
10:40:15	18.24	-0.01	42	76608	卖盘
10:40:09	18.25	0.01	36	65700	买盘
10:39:19	18.24	0.01	8	14591	买盘
10:39:04	18.23	--	1	1823	卖盘
10:38:49	18.23	-0.01	10	18230	卖盘
10:38:39	18.24	--	42	76608	卖盘
10:38:34	18.24	0.01	6	10943	卖盘
10:38:09	18.23	--	0	0	卖盘
10:38:04	18.23	-0.03	20	36460	卖盘
10:37:49	18.26	--	0	0	买盘
10:37:39	18.26	0.03	3	5478	买盘
10:37:34	18.23	-0.02	55	100265	卖盘
10:37:19	18.25	-0.02	50	91250	卖盘
10:36:58	18.27	--	0	0	买盘
10:36:54	18.27	--	9	16443	卖盘
10:36:34	18.27	-0.01	13	23751	卖盘
10:36:24	18.28	--	3	5484	买盘
10:36:13	18.28	-0.01	4	7312	卖盘
10:35:34	18.29	--	2	3658	买盘
10:35:28	18.29	--	0	0	买盘
10:35:24	18.29	0.02	17	31093	买盘
10:35:13	18.27	--	0	0	卖盘
10:34:24	18.27	-0.01	24	43848	卖盘
10:33:54	18.28	0.01	2	3656	买盘
10:33:49	18.27	--	1	1827	卖盘
10:33:18	18.27	--	0	0	卖盘
10:33:08	18.27	--	10	18270	卖盘
10:32:48	18.27	--	20	36540	卖盘
10:31:48	18.27	--	20	36540	卖盘
10:31:43	18.27	--	39	71253	卖盘
10:31:18	18.27	-0.02	1	1827	卖盘
10:31:07	18.29	--	3	5487	买盘
10:31:03	18.29	--	3	5487	卖盘
10:30:13	18.29	--	47	85963	买盘
10:29:48	18.29	--	36	65844	卖盘
10:29:33	18.29	0.01	39	71331	买盘
10:29:13	18.28	--	33	60324	卖盘
10:29:03	18.28	--	30	54840	买盘
10:28:52	18.28	--	3	5484	买盘
10:28:43	18.28	--	19	34732	买盘
10:28:28	18.28	-0.01	2	3656	买盘
10:28:18	18.29	--	0	0	买盘
10:28:03	18.29	0.02	18	32922	买盘
10:27:48	18.27	-0.02	10	18270	买盘
10:27:37	18.29	--	0	0	买盘
10:27:33	18.29	0.02	300	548700	买盘
10:27:22	18.27	0.01	6	10962	买盘
10:27:07	18.26	--	1	1826	卖盘
10:26:42	18.26	-0.01	27	49302	卖盘
10:26:37	18.27	--	4	8952	买盘
10:26:31	18.27	--	20	36540	买盘
10:25:46	18.27	--	2	3654	买盘
10:25:42	18.27	--	3	5481	买盘
10:25:27	18.27	--	0	0	买盘
10:25:12	18.27	0.02	10	18270	买盘
10:25:07	18.25	--	50	91250	卖盘
10:24:46	18.25	--	5	9125	买盘
10:24:22	18.25	--	4	7300	卖盘
10:23:57	18.25	--	6	10950	买盘
10:23:52	18.25	--	15	27375	买盘
10:23:42	18.25	0.01	5	9125	买盘
10:23:37	18.24	--	50	91199	卖盘
10:23:27	18.24	--	1	1823	卖盘
10:23:07	18.24	--	8	14591	卖盘
10:22:42	18.24	--	48	88281	买盘
10:22:31	18.24	0.01	7	12767	买盘
10:22:22	18.23	--	6	10938	卖盘
10:22:07	18.23	--	3	5469	买盘
10:22:01	18.23	--	9	16407	买盘
10:21:52	18.23	--	1	1823	买盘
10:21:42	18.23	--	16	29168	买盘
10:21:37	18.23	--	8	14584	买盘
10:21:27	18.23	--	33	60159	买盘
10:21:16	18.23	--	5	9115	买盘
10:21:12	18.23	-0.01	34	61982	卖盘
10:21:07	18.24	--	10	18240	买盘
10:20:51	18.24	--	2	3647	买盘
10:20:46	18.24	--	5	9120	买盘
10:20:06	18.24	0.01	5	9120	买盘
10:20:01	18.23	--	55	100265	卖盘
10:19:06	18.23	0.01	13	23699	买盘
10:19:01	18.22	-0.01	6	10932	卖盘
10:18:55	18.23	--	20	36460	买盘
10:18:46	18.23	0.01	1	1823	买盘
10:18:06	18.22	--	2	3644	买盘
10:18:01	18.22	--	23	41906	买盘
10:17:46	18.22	--	1	1822	买盘
10:17:25	18.22	--	9	16398	买盘
10:17:16	18.22	--	55	100210	买盘
10:17:10	18.22	--	120	218640	卖盘
10:17:01	18.22	--	0	0	卖盘
10:16:51	18.22	--	3	5466	卖盘
10:16:25	18.22	-0.02	1	1822	卖盘
10:16:16	18.24	--	170	310080	买盘
10:15:40	18.24	0.01	19	35750	卖盘
10:15:16	18.23	--	6	11667	买盘
10:15:10	18.23	-0.01	43	79482	卖盘
10:15:01	18.24	0.01	14	27214	买盘
10:14:45	18.23	-0.01	1	1823	卖盘
10:14:21	18.24	-0.01	3	5617	卖盘
10:14:06	18.25	0.01	12	21900	买盘
10:14:00	18.24	--	14	25535	卖盘
10:13:55	18.24	-0.01	1	1823	卖盘
10:13:30	18.25	0.01	6	10950	买盘
10:13:25	18.24	-0.01	6	12622	卖盘
10:13:19	18.25	--	15	27375	买盘
10:13:15	18.25	--	5	9125	买盘
10:13:04	18.25	--	15	27375	卖盘
10:12:49	18.25	--	1	1825	买盘
10:12:45	18.25	--	10	18250	买盘
10:12:34	18.25	0.02	5	9125	买盘
10:12:19	18.23	--	0	0	卖盘
10:12:15	18.23	--	30	54690	卖盘
10:12:00	18.23	--	0	0	卖盘
10:11:55	18.23	-0.01	1	1823	卖盘
10:11:40	18.24	0.01	21	38449	买盘
10:11:30	18.23	-0.01	2	3646	卖盘
10:11:10	18.24	--	4	7295	买盘
10:10:30	18.24	0.01	61	111993	买盘
10:10:25	18.23	--	6	10938	买盘
10:10:19	18.23	--	10	18230	买盘
10:10:15	18.23	--	3	5469	买盘
10:10:10	18.23	--	21	38283	买盘
10:10:00	18.23	-0.01	95	173185	卖盘
10:09:49	18.24	--	20	36480	买盘
10:09:45	18.24	--	5	9120	买盘
10:09:34	18.24	--	20	36480	买盘
10:09:30	18.24	-0.01	33	60191	卖盘
10:09:15	18.25	--	3	5475	买盘
10:09:00	18.25	0.01	3	5475	买盘
10:08:54	18.24	--	0	0	卖盘
10:08:49	18.24	--	5	9120	卖盘
10:08:24	18.24	-0.01	2	3647	卖盘
10:08:15	18.25	-0.01	14	25550	卖盘
10:08:00	18.26	-0.01	31	58285	卖盘
10:07:28	18.27	0.01	20	36540	买盘
10:07:09	18.26	--	21	38346	卖盘
10:06:59	18.26	-0.01	5	9130	卖盘
10:06:49	18.27	0.01	18	32886	卖盘
10:06:39	18.26	--	0	0	卖盘
10:06:34	18.26	--	0	0	卖盘
10:06:24	18.26	-0.04	10	18260	卖盘
10:06:19	18.3	--	0	0	买盘
10:06:09	18.3	0.04	1	1830	买盘
10:06:04	18.26	-0.04	0	146	卖盘
10:05:54	18.3	--	11	20130	卖盘
10:05:43	18.3	--	19	34770	买盘
10:05:19	18.3	0.04	30	54900	买盘
10:05:04	18.26	--	1	1826	卖盘
10:04:54	18.26	--	30	54780	卖盘
10:04:39	18.26	-0.01	2	3652	卖盘
10:04:24	18.27	--	1	1827	卖盘
10:04:19	18.27	--	28	51156	卖盘
10:04:13	18.27	--	0	0	中性盘
10:04:09	18.27	--	0	0	买盘
10:04:04	18.27	--	10	18270	买盘
10:03:58	18.27	--	12	21924	卖盘
10:03:34	18.27	-0.02	1	1827	卖盘
10:03:28	18.29	0.02	1	1829	买盘
10:03:13	18.27	--	10	18270	卖盘
10:03:04	18.27	--	31	56637	卖盘
10:02:54	18.27	--	0	0	卖盘
10:02:33	18.27	--	2	3654	卖盘
10:02:24	18.27	--	3	5481	卖盘
10:02:09	18.27	--	0	0	卖盘
10:01:58	18.27	--	8	14616	买盘
10:01:53	18.27	--	1	1827	买盘
10:01:49	18.27	--	11	20097	买盘
10:01:39	18.27	--	20	36540	卖盘
10:01:33	18.27	-0.01	55	100485	卖盘
10:01:28	18.28	--	0	0	买盘
10:01:18	18.28	--	10	18280	买盘
10:01:13	18.28	-0.01	27	49356	卖盘
10:00:58	18.29	--	24	43896	卖盘
10:00:48	18.29	--	2	3658	卖盘
10:00:28	18.29	-0.02	30	54870	卖盘
10:00:18	18.31	--	0	0	买盘
09:59:43	18.31	0.02	5	9155	中性盘
09:59:13	18.29	-0.03	37	67673	卖盘
09:58:48	18.32	--	8	16121	卖盘
09:58:28	18.32	--	25	45800	卖盘
09:58:22	18.32	-0.01	4	7328	卖盘
09:58:18	18.33	0.01	4	7331	买盘
09:58:13	18.32	--	5	9160	卖盘
09:57:48	18.32	--	10	18320	卖盘
09:57:43	18.32	--	6	10992	卖盘
09:57:28	18.32	--	1	1832	卖盘
09:57:13	18.32	0.02	27	49830	买盘
09:57:03	18.3	--	19	36234	卖盘
09:56:43	18.3	--	20	36600	卖盘
09:56:28	18.3	--	25	46116	买盘
09:56:18	18.3	0.01	1	1830	买盘
09:56:12	18.29	-0.02	4	7316	卖盘
09:56:07	18.31	--	7	14281	卖盘
09:56:03	18.31	0.01	32	58958	买盘
09:55:42	18.3	--	1	1830	卖盘
09:55:37	18.3	--	5	9150	卖盘
09:55:12	18.3	-0.01	4	7320	卖盘
09:54:42	18.31	--	0	0	中性盘
09:54:37	18.31	--	3	5493	卖盘
09:54:27	18.31	0.01	2	3661	买盘
09:54:12	18.3	-0.03	7	12810	卖盘
09:53:52	18.33	--	0	0	买盘
09:53:27	18.33	0.03	42	76986	买盘
09:53:22	18.3	-0.02	20	36600	卖盘
09:53:16	18.32	0.01	6	10992	买盘
09:53:07	18.31	--	0	0	卖盘
09:52:57	18.31	-0.01	30	54929	卖盘
09:52:37	18.32	-0.01	6	10992	卖盘
09:52:22	18.33	--	20	36660	卖盘
09:52:12	18.33	--	2	3665	卖盘
09:52:07	18.33	--	41	75153	买盘
09:52:01	18.33	--	22	40325	买盘
09:51:42	18.33	0.02	77	141141	买盘
09:51:37	18.31	-0.03	1	1830	卖盘
09:51:31	18.34	0.01	33	60522	买盘
09:51:27	18.33	-0.01	6	11914	卖盘
09:51:22	18.34	0.01	5	9170	买盘
09:51:12	18.33	--	2	3665	卖盘
09:51:07	18.33	--	27	50407	买盘
09:50:52	18.33	--	42	77902	卖盘
09:50:46	18.33	--	3	5498	卖盘
09:50:42	18.33	--	15	27494	卖盘
09:50:37	18.33	--	21	38493	卖盘
09:50:31	18.33	-0.01	16	29327	卖盘
09:50:27	18.34	0.01	17	31178	买盘
09:50:22	18.33	-0.01	5	9165	卖盘
09:50:06	18.34	0.01	9	16506	买盘
09:50:01	18.33	--	6	10997	卖盘
09:49:57	18.33	-0.01	1	1832	卖盘
09:49:51	18.34	--	10	18340	买盘
09:49:46	18.34	--	9	16506	卖盘
09:49:42	18.34	--	40	73360	卖盘
09:49:37	18.34	0.01	11	20174	卖盘
09:49:27	18.33	--	0	0	卖盘
09:49:11	18.33	--	8	14663	卖盘
09:49:06	18.33	--	1	1832	卖盘
09:48:51	18.33	-0.01	105	192464	卖盘
09:48:46	18.34	--	1	1834	卖盘
09:48:36	18.34	--	5	9170	卖盘
09:48:21	18.34	--	10	18340	卖盘
09:48:16	18.34	0.01	84	154056	买盘
09:48:01	18.33	--	12	21995	卖盘
09:47:46	18.33	--	13	23828	卖盘
09:47:16	18.33	0.02	50	92566	买盘
09:46:46	18.31	--	17	31126	卖盘
09:46:06	18.31	--	10	18310	卖盘
09:45:55	18.31	--	1	1830	卖盘
09:45:16	18.31	--	0	0	中性盘
09:45:06	18.31	--	4	7323	卖盘
09:44:51	18.31	-0.01	3	5493	卖盘
09:44:21	18.32	-0.01	7	12824	中性盘
09:44:16	18.33	0.01	75	137475	买盘
09:44:10	18.32	0.01	1	1832	买盘
09:44:05	18.31	-0.02	10	18310	卖盘
09:43:50	18.33	--	0	0	买盘
09:43:40	18.33	--	0	0	买盘
09:43:30	18.33	0.01	56	102647	买盘
09:43:25	18.32	0.01	17	31144	买盘
09:43:15	18.31	--	115	210564	卖盘
09:43:06	18.31	--	5	9155	卖盘
09:42:45	18.31	-0.02	1	1830	卖盘
09:42:35	18.33	0.02	9	16497	买盘
09:42:25	18.31	--	10	18310	卖盘
09:42:19	18.31	--	1	1830	卖盘
09:41:40	18.31	--	5	9155	卖盘
09:41:25	18.31	--	10	18310	卖盘
09:41:10	18.31	--	2	3661	卖盘
09:40:40	18.31	-0.02	2	3661	卖盘
09:40:30	18.33	--	0	916	卖盘
09:40:25	18.33	--	73	133809	卖盘
09:40:15	18.33	--	6	10997	卖盘
09:40:10	18.33	--	115	210794	卖盘
09:40:04	18.33	--	34	62321	卖盘
09:40:00	18.33	--	1	1832	卖盘
09:39:55	18.33	-0.01	10	18330	卖盘
09:39:49	18.34	0.01	2	3668	买盘
09:39:45	18.33	--	15	27494	卖盘
09:39:19	18.33	--	6	10997	卖盘
09:39:15	18.33	-0.01	66	121894	卖盘
09:39:10	18.34	--	78	143052	买盘
09:39:04	18.34	0.01	5	9170	买盘
09:38:45	18.33	0.02	68	124643	买盘
09:38:40	18.31	--	62	113521	卖盘
09:38:30	18.31	--	6	10986	卖盘
09:38:25	18.31	--	4	7323	卖盘
09:38:10	18.31	-0.03	17	31126	卖盘
09:38:00	18.34	--	38	69692	买盘
09:37:49	18.34	--	3	5502	买盘
09:37:45	18.34	--	100	183400	买盘
09:37:40	18.34	0.01	2	3668	买盘
09:37:30	18.33	-0.01	1	1832	卖盘
09:37:24	18.34	0.02	10	18340	买盘
09:37:15	18.32	-0.01	2	3664	卖盘
09:37:09	18.33	--	52	95315	买盘
09:37:04	18.33	--	1	1832	买盘
09:37:00	18.33	-0.02	64	117311	卖盘
09:36:54	18.35	0.02	74	135790	买盘
09:36:40	18.33	0.01	40	73320	买盘
09:36:30	18.32	--	33	60456	卖盘
09:36:14	18.32	--	52	95264	买盘
09:36:04	18.32	--	5	9160	买盘
09:35:49	18.32	--	10	18320	买盘
09:35:39	18.32	0.01	30	54960	买盘
09:35:34	18.31	-0.01	1	1830	卖盘
09:35:24	18.32	--	15	27480	买盘
09:35:19	18.32	--	1	1832	买盘
09:35:09	18.32	0.01	6	10992	买盘
09:35:04	18.31	--	6	10986	卖盘
09:34:54	18.31	0.01	29	53098	买盘
09:34:49	18.3	-0.01	26	47580	中性盘
09:34:43	18.31	0.01	104	190424	买盘
09:34:34	18.3	--	14	25620	卖盘
09:34:19	18.3	0.01	10	18300	买盘
09:34:09	18.29	0.01	7	12803	买盘
09:34:04	18.28	--	1	1828	卖盘
09:33:49	18.28	--	1	1828	卖盘
09:33:34	18.28	0.02	224	409472	买盘
09:33:24	18.26	-0.01	4	7304	卖盘
09:33:19	18.27	--	6	10962	买盘
09:33:13	18.27	--	6	10962	买盘
09:33:04	18.27	--	14	25578	卖盘
09:32:58	18.27	--	4	7308	卖盘
09:32:54	18.27	--	19	34713	卖盘
09:32:49	18.27	0.02	20	36540	买盘
09:32:34	18.25	--	1	1825	卖盘
09:32:28	18.25	--	5	9125	卖盘
09:31:54	18.25	--	18	32850	卖盘
09:31:48	18.25	--	5	9125	卖盘
09:31:33	18.25	0.01	6	10950	卖盘
09:31:18	18.24	--	0	0	卖盘
09:31:03	18.24	--	0	0	卖盘
09:30:43	18.24	0.02	25	45599	买盘
09:30:28	18.22	--	11	20042	卖盘
09:30:18	18.22	-0.02	38	69236	卖盘
09:30:08	18.24	0.01	3	5471	买盘
09:30:03	18.23	--	111	202353	买盘
09:28:47	18.23	--	0	0	买盘
09:25:11	18.23	18.23	5	9115	买盘
