成交时间	成交价	价格变动	成交量(手)	成交额(元)	性质
15:00:00	29.93	--	0	0	买盘
15:00:00	29.93	0.03	0	0	买盘
15:00:00	29.9	-0.01	10	29900	卖盘
14:59:51	29.91	--	20	59849	买盘
14:59:47	29.91	-0.04	10	29910	卖盘
14:59:43	29.95	0.04	23	68885	买盘
14:59:32	29.91	0.01	2	5982	卖盘
14:58:57	29.9	--	0	0	中性盘
14:58:51	29.9	0.02	1	2990	中性盘
14:58:48	29.88	-0.02	5	14940	卖盘
14:58:42	29.9	--	2	5980	卖盘
14:58:33	29.9	--	0	0	中性盘
14:57:57	29.9	--	0	0	中性盘
14:57:52	29.9	--	1	2990	卖盘
14:57:37	29.9	--	5	14950	买盘
14:57:32	29.9	0.02	9	26910	买盘
14:57:27	29.88	-0.02	61	182268	卖盘
14:57:12	29.9	--	6	17940	买盘
14:57:07	29.9	--	4	11960	买盘
14:57:02	29.9	0.01	210	627900	买盘
14:56:47	29.89	--	2	5978	卖盘
14:56:32	29.89	-0.01	2	5978	卖盘
14:56:11	29.9	--	5	14950	买盘
14:56:06	29.9	-0.05	63	188370	卖盘
14:55:51	29.95	0.02	30	89850	卖盘
14:55:22	29.93	-0.03	4	11972	中性盘
14:55:15	29.96	0.03	205	614180	买盘
14:55:07	29.93	-0.01	26	78296	卖盘
14:54:46	29.94	--	16	47904	卖盘
14:54:41	29.94	-0.01	11	32934	卖盘
14:54:22	29.95	--	2	5990	买盘
14:53:12	29.95	--	21	62895	卖盘
14:52:46	29.95	--	29	86855	买盘
14:52:37	29.95	--	2	5990	买盘
14:52:15	29.95	0.01	10	29950	卖盘
14:51:46	29.94	--	0	0	卖盘
14:51:15	29.94	-0.03	1	2994	卖盘
14:50:36	29.97	0.04	4	11988	买盘
14:50:11	29.93	--	0	0	卖盘
14:49:30	29.93	--	6	17958	卖盘
14:49:24	29.93	--	0	0	卖盘
14:48:24	29.93	--	10	29930	卖盘
14:48:00	29.93	--	0	0	卖盘
14:47:20	29.93	--	148	445478	买盘
14:47:05	29.93	0.01	6	17958	买盘
14:47:00	29.92	-0.01	10	29920	卖盘
14:46:45	29.93	--	1	2993	卖盘
14:46:39	29.93	--	19	56867	买盘
14:46:15	29.93	--	7	20951	卖盘
14:46:05	29.93	0.01	3	8979	买盘
14:45:55	29.92	-0.01	5	14960	卖盘
14:45:45	29.93	0.01	2	5986	卖盘
14:45:21	29.92	-0.07	6	17952	卖盘
14:45:10	29.99	--	2	5998	买盘
14:44:30	29.99	--	7	20993	买盘
14:44:15	29.99	0.07	1	2999	买盘
14:44:05	29.92	-0.07	19	56848	卖盘
14:43:45	29.99	0.07	6	17994	买盘
14:43:40	29.92	--	0	0	卖盘
14:43:35	29.92	--	0	0	卖盘
14:43:24	29.92	--	30	89760	卖盘
14:43:09	29.92	0.01	2	5984	卖盘
14:41:44	29.91	--	0	0	卖盘
14:41:15	29.91	0.01	5	14955	卖盘
14:41:09	29.9	--	0	0	卖盘
14:40:48	29.9	--	57	170430	买盘
14:40:44	29.9	--	0	0	买盘
14:40:40	29.9	0.02	30	89700	买盘
14:40:33	29.88	--	5	14940	卖盘
14:40:29	29.88	--	7	20916	卖盘
14:40:18	29.88	--	5	14940	卖盘
14:40:09	29.88	--	10	29880	卖盘
14:40:00	29.88	--	12	35856	卖盘
14:39:49	29.88	-0.01	12	35856	卖盘
14:39:40	29.89	--	0	0	买盘
14:39:34	29.89	-0.01	12	35868	卖盘
14:39:29	29.9	--	8	23920	买盘
14:39:19	29.9	--	29	86710	卖盘
14:39:10	29.9	--	0	0	卖盘
14:39:03	29.9	-0.01	39	116610	卖盘
14:38:55	29.91	--	0	0	卖盘
14:38:48	29.91	--	0	0	卖盘
14:38:44	29.91	-0.01	3	8973	卖盘
14:38:40	29.92	--	0	0	买盘
14:38:34	29.92	-0.02	16	47872	卖盘
14:38:24	29.94	--	4	13383	卖盘
14:38:14	29.94	-0.05	18	53892	卖盘
14:38:09	29.99	0.01	30	89970	卖盘
14:37:33	29.98	--	55	164890	买盘
14:37:18	29.98	--	30	89940	买盘
14:37:14	29.98	--	5	14990	卖盘
14:37:09	29.98	-0.01	20	59960	卖盘
14:37:04	29.99	--	4	11996	卖盘
14:36:49	29.99	-0.04	99	296901	卖盘
14:35:57	30.03	0.03	5	15015	买盘
14:35:48	30.0	-0.03	24	72000	卖盘
14:35:33	30.03	0.03	1	3003	买盘
14:35:27	30.0	--	11	33000	卖盘
14:35:19	30.0	--	12	36000	卖盘
14:34:18	30.0	0.01	2	6000	买盘
14:34:12	29.99	--	0	0	卖盘
14:34:03	29.99	-0.04	1	2999	卖盘
14:33:54	30.03	0.04	2	6006	买盘
14:33:27	29.99	-0.01	31	92969	卖盘
14:33:18	30.0	0.01	5	15000	买盘
14:33:12	29.99	-0.01	4	11996	卖盘
14:32:48	30.0	--	0	0	买盘
14:32:27	30.0	-0.01	123	369000	卖盘
14:32:24	30.01	--	1	3001	卖盘
14:32:03	30.01	--	100	300100	卖盘
14:31:53	30.01	--	7	21007	卖盘
14:31:43	30.01	-0.02	2	6002	卖盘
14:31:38	30.03	--	8	24024	买盘
14:31:28	30.03	0.01	10	30030	买盘
14:31:18	30.02	-0.01	19	57038	卖盘
14:30:48	30.03	--	13	39039	卖盘
14:30:43	30.03	--	3	9009	卖盘
14:30:33	30.03	-0.02	6	18018	卖盘
14:30:23	30.05	--	2	6010	买盘
14:30:08	30.05	-0.01	10	30050	卖盘
14:29:43	30.06	--	39	117234	卖盘
14:29:38	30.06	--	12	36072	卖盘
14:29:21	30.06	-0.01	5	15030	卖盘
14:29:06	30.07	--	14	42098	卖盘
14:28:57	30.07	--	20	60140	卖盘
14:28:36	30.07	--	0	0	卖盘
14:28:27	30.07	-0.01	4	12028	卖盘
14:28:12	30.08	--	23	69184	卖盘
14:27:57	30.08	--	20	60160	卖盘
14:27:36	30.08	--	5	15040	卖盘
14:27:13	30.08	--	0	0	卖盘
14:26:42	30.08	--	5	15040	卖盘
14:26:36	30.08	--	11	33088	卖盘
14:26:32	30.08	-0.01	30	90240	卖盘
14:26:27	30.09	--	2	6018	卖盘
14:26:12	30.09	-0.01	1	3009	卖盘
14:25:51	30.1	0.01	10	30100	买盘
14:25:42	30.09	--	1	3009	卖盘
14:25:12	30.09	0.01	1	3009	卖盘
14:24:32	30.08	--	0	0	卖盘
14:24:17	30.08	--	5	15040	卖盘
14:24:12	30.08	-0.02	20	60160	卖盘
14:23:42	30.1	-0.02	18	54180	卖盘
14:23:36	30.12	0.02	10	30120	买盘
14:23:27	30.1	-0.02	10	30100	卖盘
14:23:21	30.12	0.02	6	18072	买盘
14:23:02	30.1	--	19	57190	买盘
14:22:47	30.1	0.02	2	6020	买盘
14:22:15	30.08	-0.02	10	30080	买盘
14:22:06	30.1	--	0	0	买盘
14:21:56	30.1	0.02	5	15050	买盘
14:21:51	30.08	--	13	39104	卖盘
14:21:26	30.08	--	2	6016	卖盘
14:21:11	30.08	0.01	1	3008	卖盘
14:20:45	30.07	--	0	0	卖盘
14:20:36	30.07	-0.01	1	3007	卖盘
14:20:30	30.08	--	0	0	买盘
14:20:26	30.08	-0.02	10	31584	卖盘
14:20:15	30.1	0.02	20	60200	买盘
14:19:36	30.08	0.01	71	215072	买盘
14:19:30	30.07	-0.01	10	30070	卖盘
14:18:15	30.08	--	19	58656	卖盘
14:18:06	30.08	-0.02	0	1504	卖盘
14:18:00	30.1	--	6	18060	买盘
14:17:36	30.1	0.02	4	12040	买盘
14:17:30	30.08	--	28	84224	卖盘
14:16:39	30.08	--	30	90240	买盘
14:16:36	30.08	--	6	18048	买盘
14:16:06	30.08	0.02	3	9024	买盘
14:15:55	30.06	--	0	0	卖盘
14:14:54	30.06	--	14	42084	卖盘
14:14:45	30.06	--	0	0	卖盘
14:14:24	30.06	-0.01	31	93186	卖盘
14:14:09	30.07	0.01	11	33077	卖盘
14:13:15	30.06	--	0	0	卖盘
14:12:39	30.06	-0.02	1	3006	卖盘
14:12:30	30.08	--	2	6016	买盘
14:11:39	30.08	--	15	45120	买盘
14:11:30	30.08	--	0	0	买盘
14:11:24	30.08	--	2	6016	买盘
14:11:15	30.08	0.01	4	12032	买盘
14:11:09	30.07	--	10	30070	买盘
14:11:00	30.07	--	9	27063	卖盘
14:10:54	30.07	--	10	30070	卖盘
14:10:39	30.07	--	1	3007	卖盘
14:10:15	30.07	--	0	0	中性盘
14:10:00	30.07	-0.01	10	30070	卖盘
14:09:45	30.08	--	10	30080	买盘
14:09:30	30.08	--	2	6016	买盘
14:08:54	30.08	--	10	30080	买盘
14:08:33	30.08	0.01	6	18048	买盘
14:08:14	30.07	0.01	20	60140	买盘
14:07:59	30.06	--	1	3006	买盘
14:07:18	30.06	--	16	48096	买盘
14:05:33	30.06	--	2	6012	卖盘
14:05:09	30.06	--	9	27054	卖盘
14:05:03	30.06	-0.01	11	33066	卖盘
14:04:39	30.07	--	6	18042	买盘
14:03:59	30.07	--	4	12028	卖盘
14:03:54	30.07	--	16	48112	卖盘
14:03:18	30.07	-0.01	7	21049	卖盘
14:03:09	30.08	--	5	15040	买盘
14:02:54	30.08	--	51	153408	卖盘
14:02:33	30.08	--	0	0	卖盘
14:02:24	30.08	--	5	15040	卖盘
14:01:27	30.08	--	20	60160	买盘
14:01:23	30.08	--	5	15040	买盘
14:00:33	30.08	--	5	15040	买盘
14:00:18	30.08	--	10	30080	买盘
14:00:08	30.08	--	4	12032	卖盘
13:59:48	30.08	-0.02	2	6016	卖盘
13:59:27	30.1	0.01	10	30100	买盘
13:59:18	30.09	-0.01	5	15045	买盘
13:59:12	30.1	--	4	12040	卖盘
13:58:53	30.1	--	0	0	卖盘
13:58:48	30.1	-0.01	10	30100	卖盘
13:57:53	30.11	--	1	3011	卖盘
13:57:38	30.11	-0.01	1	3011	卖盘
13:57:18	30.12	--	19	57228	卖盘
13:56:48	30.12	-0.01	1	3012	卖盘
13:56:33	30.13	--	4	12052	卖盘
13:56:23	30.13	-0.01	1	3013	卖盘
13:56:18	30.14	-0.01	18	54252	卖盘
13:55:52	30.15	--	3	9045	卖盘
13:55:48	30.15	--	2	6030	卖盘
13:55:42	30.15	--	5	15075	卖盘
13:55:38	30.15	--	6	18090	卖盘
13:55:33	30.15	--	2	6030	卖盘
13:55:18	30.15	-0.02	3	9045	卖盘
13:54:57	30.17	--	9	27153	买盘
13:54:51	30.17	--	14	42238	卖盘
13:54:47	30.17	--	16	48272	买盘
13:54:36	30.17	--	11	33187	买盘
13:54:21	30.17	--	7	21119	买盘
13:53:57	30.17	--	1	3017	买盘
13:53:36	30.17	--	0	0	中性盘
13:53:32	30.17	-0.01	1	3017	卖盘
13:53:27	30.18	--	11	33198	买盘
13:53:21	30.18	0.01	60	181080	买盘
13:53:12	30.17	-0.01	27	81459	卖盘
13:53:02	30.18	0.01	23	69414	买盘
13:52:57	30.17	--	10	30170	买盘
13:52:42	30.17	0.01	22	66374	买盘
13:52:36	30.16	-0.01	9	27144	中性盘
13:52:21	30.17	0.02	20	60340	买盘
13:52:12	30.15	0.01	11	33165	买盘
13:52:02	30.14	--	1	3014	买盘
13:51:57	30.14	0.01	5	15070	买盘
13:51:47	30.13	--	7	21091	买盘
13:51:42	30.13	--	4	12052	买盘
13:51:27	30.13	0.01	1	3013	买盘
13:51:17	30.12	--	7	21084	买盘
13:51:06	30.12	--	4	12048	买盘
13:50:57	30.12	0.01	1	3012	买盘
13:50:47	30.11	--	5	15055	买盘
13:50:42	30.11	--	5	15055	买盘
13:50:36	30.11	--	2	6022	买盘
13:50:31	30.11	--	1	3011	买盘
13:50:27	30.11	0.01	1	3011	买盘
13:50:12	30.1	--	0	0	中性盘
13:49:57	30.1	--	1	3010	买盘
13:49:42	30.1	-0.01	3	9030	卖盘
13:49:36	30.11	--	1	3011	买盘
13:49:32	30.11	--	1	3011	买盘
13:49:27	30.11	0.01	1	3011	买盘
13:49:21	30.1	-0.02	30	90300	卖盘
13:49:17	30.12	--	0	0	买盘
13:49:06	30.12	--	2	6024	买盘
13:48:51	30.12	--	2	6024	买盘
13:48:45	30.12	--	2	6024	买盘
13:48:42	30.12	0.03	7	21084	买盘
13:48:36	30.09	-0.01	28	84252	卖盘
13:48:30	30.1	--	1	3010	买盘
13:48:06	30.1	0.01	7	21070	买盘
13:48:00	30.09	--	1	3009	买盘
13:47:56	30.09	0.03	1	3009	买盘
13:47:51	30.06	-0.03	30	90180	卖盘
13:47:45	30.09	-0.01	3	9027	买盘
13:47:26	30.1	--	0	0	买盘
13:47:21	30.1	--	3	9030	买盘
13:46:56	30.1	--	3	9030	买盘
13:46:51	30.1	0.04	4	12040	买盘
13:46:45	30.06	-0.01	26	78156	卖盘
13:46:30	30.07	0.01	2	6014	买盘
13:46:21	30.06	-0.01	3	9018	卖盘
13:45:56	30.07	0.01	5	15035	买盘
13:45:51	30.06	-0.01	1	3006	卖盘
13:45:36	30.07	--	7	21049	买盘
13:45:30	30.07	-0.01	14	42098	卖盘
13:45:15	30.08	--	4	12032	买盘
13:45:11	30.08	--	4	12032	买盘
13:45:06	30.08	-0.01	14	42112	卖盘
13:44:45	30.09	0.01	49	147441	买盘
13:44:41	30.08	--	1	3008	卖盘
13:44:15	30.08	-0.01	11	33088	卖盘
13:43:55	30.09	--	31	93279	买盘
13:43:36	30.09	--	9	27081	买盘
13:42:21	30.09	0.01	7	21063	买盘
13:42:15	30.08	-0.01	5	15040	卖盘
13:42:10	30.09	--	1	3009	买盘
13:41:05	30.09	--	7	21063	买盘
13:41:00	30.09	--	20	60180	买盘
13:40:45	30.09	--	2	6018	买盘
13:39:50	30.09	--	1	3009	买盘
13:39:24	30.09	0.01	8	24072	买盘
13:39:15	30.08	-0.01	16	48128	卖盘
13:38:15	30.09	--	4	12036	买盘
13:37:54	30.09	--	6	18054	买盘
13:37:45	30.09	-0.03	16	48144	卖盘
13:37:30	30.12	0.02	13	39156	买盘
13:37:24	30.1	-0.01	5	15050	卖盘
13:37:09	30.11	--	9	27099	卖盘
13:36:50	30.11	--	1	3011	卖盘
13:36:30	30.11	0.01	8	24088	买盘
13:36:20	30.1	--	2	6020	卖盘
13:36:15	30.1	-0.01	10	30100	卖盘
13:35:54	30.11	--	3	9033	卖盘
13:35:50	30.11	--	2	6022	卖盘
13:35:39	30.11	--	8	24088	卖盘
13:35:18	30.11	-0.02	2	6022	卖盘
13:35:09	30.13	0.01	16	48208	买盘
13:35:03	30.12	-0.02	12	36144	卖盘
13:34:54	30.14	--	0	0	中性盘
13:34:33	30.14	--	0	0	中性盘
13:34:24	30.14	-0.01	20	60280	买盘
13:34:03	30.15	--	0	0	买盘
13:33:33	30.15	-0.02	1	3015	买盘
13:33:24	30.17	--	0	0	买盘
13:33:03	30.17	-0.02	19	57323	卖盘
13:32:59	30.19	--	0	0	买盘
13:32:54	30.19	0.01	11	33209	买盘
13:32:48	30.18	--	0	0	中性盘
13:32:44	30.18	0.01	10	30180	中性盘
13:32:29	30.17	--	4	12068	买盘
13:32:24	30.17	-0.01	14	42238	买盘
13:32:18	30.18	0.01	19	57342	买盘
13:32:14	30.17	--	2	6034	卖盘
13:32:03	30.17	--	10	30170	卖盘
13:31:44	30.17	--	3	9051	卖盘
13:31:39	30.17	0.02	14	42238	买盘
13:31:14	30.15	--	0	0	卖盘
13:31:03	30.15	--	0	0	卖盘
13:30:59	30.15	--	0	0	中性盘
13:30:54	30.15	0.02	9	27135	买盘
13:30:48	30.13	-0.02	1	3013	买盘
13:30:39	30.15	0.02	1	3015	买盘
13:30:33	30.13	--	0	0	卖盘
13:30:14	30.13	0.03	38	117145	买盘
13:30:03	30.1	--	22	66581	卖盘
13:29:44	30.1	0.05	277	836418	买盘
13:29:33	30.05	--	6	20854	卖盘
13:29:29	30.05	--	0	0	卖盘
13:29:24	30.05	-0.03	24	72300	卖盘
13:29:18	30.08	--	10	30080	卖盘
13:29:09	30.08	--	1	3008	卖盘
13:29:03	30.08	0.02	28	84224	买盘
13:28:39	30.06	-0.02	1	3006	卖盘
13:28:33	30.08	--	20	60160	买盘
13:27:57	30.08	-0.01	17	51136	卖盘
13:27:27	30.09	0.01	8	24072	买盘
13:26:48	30.08	--	13	39104	买盘
13:26:23	30.08	--	16	48128	买盘
13:25:42	30.08	--	10	30080	买盘
13:25:23	30.08	--	21	63168	卖盘
13:25:18	30.08	-0.01	10	30080	卖盘
13:25:12	30.09	0.01	3	9027	买盘
13:25:08	30.08	--	10	30080	卖盘
13:25:03	30.08	--	1	3008	卖盘
13:24:42	30.08	-0.01	2	6016	买盘
13:24:27	30.09	--	0	0	买盘
13:23:23	30.09	--	2	6018	买盘
13:22:33	30.09	--	10	30090	买盘
13:22:27	30.09	--	0	0	买盘
13:22:12	30.09	--	3	9027	买盘
13:22:07	30.09	0.01	5	15045	买盘
13:22:03	30.08	-0.01	15	45480	卖盘
13:21:57	30.09	0.01	25	75225	买盘
13:21:33	30.08	0.01	1	5655	卖盘
13:21:21	30.07	--	5	15035	买盘
13:21:06	30.07	-0.02	32	96584	卖盘
13:20:42	30.09	0.01	3	9027	买盘
13:20:36	30.08	-0.01	7	21056	卖盘
13:20:21	30.09	--	20	60180	买盘
13:20:17	30.09	0.01	2	6018	买盘
13:20:12	30.08	-0.01	6	18048	卖盘
13:20:02	30.09	--	18	54162	买盘
13:19:57	30.09	--	2	6018	买盘
13:19:51	30.09	--	12	36108	买盘
13:19:21	30.09	--	20	60180	买盘
13:19:12	30.09	--	12	36108	买盘
13:19:06	30.09	0.01	15	45135	买盘
13:18:57	30.08	-0.01	5	15040	卖盘
13:18:42	30.09	--	23	69207	买盘
13:18:21	30.09	--	2	6018	买盘
13:18:17	30.09	--	10	30090	买盘
13:18:12	30.09	--	73	219657	买盘
13:18:06	30.09	--	3	9027	买盘
13:17:57	30.09	0.01	12	36108	买盘
13:17:36	30.08	0.01	12	36096	买盘
13:17:12	30.07	--	23	69161	买盘
13:16:42	30.07	0.02	9	27063	买盘
13:16:27	30.05	--	0	0	卖盘
13:15:57	30.05	--	12	36060	买盘
13:15:51	30.05	-0.01	3	9015	买盘
13:15:42	30.06	--	0	0	中性盘
13:15:36	30.06	0.01	29	87174	买盘
13:15:21	30.05	0.01	37	111185	买盘
13:15:06	30.04	0.01	15	45060	买盘
13:14:36	30.03	-0.01	2	6006	卖盘
13:14:11	30.04	--	5	15020	买盘
13:14:06	30.04	--	10	30040	买盘
13:13:51	30.04	0.01	2	6008	买盘
13:13:21	30.03	0.03	6	18018	买盘
13:12:15	30.0	--	0	0	卖盘
13:12:06	30.0	--	9	27000	卖盘
13:11:36	30.0	-0.02	8	24000	卖盘
13:09:21	30.02	0.01	2	6004	买盘
13:09:15	30.01	-0.01	9	28899	卖盘
13:08:51	30.02	0.01	10	30020	买盘
13:08:45	30.01	-0.01	19	58129	卖盘
13:08:30	30.02	--	9	27018	买盘
13:08:23	30.02	-0.01	12	36024	卖盘
13:08:00	30.03	--	3	9009	卖盘
13:07:00	30.03	--	1	3003	买盘
13:06:45	30.03	0.03	66	198198	买盘
13:06:39	30.0	--	0	0	卖盘
13:06:00	30.0	--	0	0	卖盘
13:05:00	30.0	--	1	3000	卖盘
13:04:54	30.0	-0.02	10	30000	卖盘
13:04:39	30.02	0.02	17	51034	买盘
13:04:30	30.0	--	9	27000	卖盘
13:04:24	30.0	--	1	3000	卖盘
13:04:20	30.0	--	17	52410	买盘
13:04:00	30.0	--	0	0	买盘
13:03:39	30.0	0.06	15	45000	买盘
13:03:30	29.94	-0.06	1	4580	卖盘
13:03:24	30.0	--	10	30000	买盘
13:03:20	30.0	--	19	58590	卖盘
13:03:09	30.0	-0.01	29	88410	卖盘
13:02:53	30.01	--	2	6002	买盘
13:02:39	30.01	--	3	9003	买盘
13:02:30	30.01	-0.01	5	15005	卖盘
13:02:09	30.02	0.02	2	6004	买盘
13:02:04	30.0	--	0	0	卖盘
13:02:00	30.0	-0.03	3	9000	卖盘
13:01:54	30.03	0.02	20	60060	买盘
13:01:45	30.01	--	0	0	卖盘
13:01:29	30.01	--	3	9003	买盘
13:01:14	30.01	0.01	10	30010	买盘
13:01:09	30.0	--	10	30000	卖盘
13:00:39	30.0	0.01	52	156000	买盘
13:00:33	29.99	--	52	155948	买盘
13:00:09	29.99	0.06	10	29990	买盘
13:00:03	29.93	-0.07	61	182573	中性盘
11:30:00	30.0	--	0	0	买盘
11:30:00	30.0	--	0	0	买盘
11:29:50	30.0	--	11	33000	卖盘
11:29:29	30.0	-0.03	20	60000	卖盘
11:27:59	30.03	--	5	15015	买盘
11:27:51	30.03	--	0	0	买盘
11:27:35	30.03	--	31	93093	买盘
11:25:59	30.03	0.03	70	210210	买盘
11:25:55	30.0	--	5	15000	卖盘
11:25:44	30.0	--	11	33000	卖盘
11:25:38	30.0	-0.01	30	90000	卖盘
11:25:35	30.01	--	15	45015	买盘
11:25:08	30.01	--	5	15005	卖盘
11:24:38	30.01	0.01	25	75025	买盘
11:24:29	30.0	--	30	90000	卖盘
11:24:15	30.0	--	10	30000	卖盘
11:24:09	30.0	--	3	9000	卖盘
11:24:05	30.0	--	20	60000	卖盘
11:23:38	30.0	--	1	3000	卖盘
11:23:34	30.0	--	16	48000	卖盘
11:23:30	30.0	--	20	60000	卖盘
11:23:14	30.0	0.01	80	240000	买盘
11:23:00	29.99	--	14	41986	卖盘
11:22:38	29.99	0.08	2	5998	买盘
11:22:30	29.91	--	2	5982	卖盘
11:22:23	29.91	--	20	59820	卖盘
11:22:19	29.91	0.02	2	5982	买盘
11:22:08	29.89	-0.02	2	5978	卖盘
11:22:04	29.91	--	1	2991	买盘
11:21:53	29.91	-0.09	17	50847	卖盘
11:21:49	30.0	0.09	250	750000	买盘
11:21:45	29.91	--	3	8973	卖盘
11:21:39	29.91	0.01	17	50847	卖盘
11:21:19	29.9	-0.01	20	59800	卖盘
11:21:14	29.91	0.01	2	5982	买盘
11:21:08	29.9	-0.01	2	5980	卖盘
11:20:44	29.91	-0.07	8	23928	卖盘
11:20:38	29.98	--	17	50966	买盘
11:20:19	29.98	0.07	24	71952	买盘
11:20:14	29.91	-0.07	20	59820	卖盘
11:19:49	29.98	-0.01	9	26982	卖盘
11:19:38	29.99	0.01	15	44985	买盘
11:19:29	29.98	-0.01	1	2998	卖盘
11:19:19	29.99	--	25	74975	买盘
11:18:38	29.99	--	16	47984	买盘
11:18:29	29.99	-0.01	1	2999	卖盘
11:18:17	30.0	0.01	25	75000	买盘
11:17:47	29.99	-0.01	5	14995	卖盘
11:17:38	30.0	--	16	48000	买盘
11:17:24	30.0	0.01	25	75000	买盘
11:17:17	29.99	-0.01	12	35988	卖盘
11:17:08	30.0	--	3	9000	买盘
11:16:38	30.0	--	15	45000	买盘
11:16:17	30.0	0.01	24	72000	买盘
11:15:53	29.99	-0.01	2	5998	卖盘
11:15:48	30.0	--	2	6000	买盘
11:15:38	30.0	0.01	17	51000	买盘
11:15:18	29.99	-0.01	4	11996	买盘
11:14:53	30.0	--	0	0	买盘
11:14:38	30.0	--	2	6000	买盘
11:14:32	30.0	--	0	0	买盘
11:14:28	30.0	0.02	7	21000	买盘
11:14:23	29.98	-0.02	3	8994	卖盘
11:14:17	30.0	--	25	75000	买盘
11:13:38	30.0	0.02	15	45000	买盘
11:13:23	29.98	-0.01	33	98934	卖盘
11:12:58	29.99	0.01	5	14995	买盘
11:12:38	29.98	-0.01	20	59960	卖盘
11:12:32	29.99	--	5	14995	买盘
11:12:17	29.99	--	25	74975	买盘
11:12:08	29.99	--	3	8997	买盘
11:11:38	29.99	0.01	16	47984	买盘
11:11:17	29.98	--	10	29980	买盘
11:10:47	29.98	--	1	2998	卖盘
11:10:41	29.98	-0.01	10	29980	卖盘
11:10:38	29.99	0.01	15	44985	买盘
11:10:32	29.98	--	4	11992	卖盘
11:10:17	29.98	-0.01	9	26982	买盘
11:10:07	29.99	--	0	0	买盘
11:09:38	29.99	-0.01	16	47984	买盘
11:09:32	30.0	--	0	0	买盘
11:09:17	30.0	0.01	25	75000	买盘
11:09:07	29.99	--	1	2999	卖盘
11:08:52	29.99	--	10	29990	卖盘
11:08:38	29.99	0.08	7	20993	买盘
11:08:26	29.91	-0.08	3	8973	卖盘
11:08:23	29.99	0.08	25	74975	买盘
11:07:57	29.91	--	15	44865	卖盘
11:07:48	29.91	--	0	0	卖盘
11:07:41	29.91	-0.09	9	28803	卖盘
11:07:37	30.0	0.01	15	45000	买盘
11:07:32	29.99	--	7	20993	卖盘
11:07:17	29.99	0.07	17	50983	买盘
11:07:11	29.92	-0.03	19	57955	卖盘
11:07:07	29.95	--	16	47920	卖盘
11:07:03	29.95	--	0	0	卖盘
11:06:42	29.95	--	0	0	卖盘
11:06:37	29.95	--	22	65890	卖盘
11:06:32	29.95	-0.04	3	8985	卖盘
11:06:17	29.99	--	25	74975	买盘
11:06:11	29.99	--	0	0	买盘
11:05:56	29.99	--	0	0	中性盘
11:05:41	29.99	--	2	5998	卖盘
11:05:35	29.99	0.04	14	41986	买盘
11:05:20	29.95	-0.04	2	5990	买盘
11:05:02	29.99	--	0	0	买盘
11:04:35	29.99	--	15	44985	买盘
11:04:21	29.99	--	24	71976	买盘
11:04:05	29.99	--	0	0	买盘
11:03:35	29.99	--	27	80973	卖盘
11:03:20	29.99	0.08	14	41986	买盘
11:03:16	29.91	-0.08	29	86739	卖盘
11:02:50	29.99	-0.01	20	59980	卖盘
11:02:47	30.0	0.01	1	3000	买盘
11:02:41	29.99	-0.01	5	14995	卖盘
11:02:35	30.0	0.05	15	45000	买盘
11:02:20	29.95	-0.04	5	14975	卖盘
11:02:11	29.99	0.03	1	2999	买盘
11:01:57	29.96	-0.03	2	5992	卖盘
11:01:41	29.99	--	14	41986	卖盘
11:01:35	29.99	--	5	14995	买盘
11:01:20	29.99	--	24	71976	买盘
11:01:01	29.99	--	4	11996	卖盘
11:00:50	29.99	--	1	2999	卖盘
11:00:35	29.99	--	11	32989	买盘
11:00:20	29.99	--	25	74975	买盘
10:59:46	29.99	--	6	17994	卖盘
10:59:41	29.99	--	4	11996	卖盘
10:59:35	29.99	--	16	47984	卖盘
10:59:31	29.99	--	5	14995	卖盘
10:59:20	29.99	-0.01	9	26991	买盘
10:58:50	30.0	--	0	0	买盘
10:58:26	30.0	--	31	95010	卖盘
10:58:20	30.0	--	30	90000	卖盘
10:58:14	30.0	--	60	180000	卖盘
10:57:59	30.0	--	23	69000	卖盘
10:57:56	30.0	--	30	90000	卖盘
10:57:35	30.0	-0.01	30	90000	卖盘
10:57:29	30.01	0.01	22	66022	买盘
10:57:26	30.0	--	100	300000	卖盘
10:57:20	30.0	--	12	36000	卖盘
10:57:10	30.0	--	55	165000	卖盘
10:57:05	30.0	--	10	30000	卖盘
10:56:55	30.0	--	6	19080	卖盘
10:56:50	30.0	--	96	289920	卖盘
10:56:35	30.0	--	10	30000	卖盘
10:56:29	30.0	--	9	27000	卖盘
10:56:25	30.0	--	2	6000	卖盘
10:56:20	30.0	--	12	36000	卖盘
10:56:10	30.0	--	22	66000	卖盘
10:56:05	30.0	--	4	12000	卖盘
10:55:59	30.0	--	3	9000	卖盘
10:55:50	30.0	--	7	21000	卖盘
10:55:35	30.0	--	14	42000	卖盘
10:55:25	30.0	-0.01	5	15000	卖盘
10:55:20	30.01	--	7	21007	卖盘
10:54:29	30.01	--	13	39013	卖盘
10:54:20	30.01	--	7	21007	卖盘
10:54:15	30.01	--	20	60020	卖盘
10:53:59	30.01	--	5	15005	买盘
10:53:45	30.01	0.01	124	373114	买盘
10:53:30	30.0	--	8	24600	卖盘
10:53:25	30.0	-0.01	22	68400	卖盘
10:53:20	30.01	--	0	0	中性盘
10:52:44	30.01	--	2	6002	买盘
10:52:40	30.01	--	1	3001	买盘
10:52:35	30.01	--	4	12004	卖盘
10:52:05	30.01	--	3	9003	买盘
10:51:50	30.01	0.01	10	30010	买盘
10:51:35	30.0	--	33	99000	卖盘
10:51:09	30.0	0.04	52	156000	买盘
10:50:54	29.96	--	0	0	卖盘
10:50:39	29.96	-0.04	16	47936	卖盘
10:50:19	30.0	-0.01	249	747000	卖盘
10:50:14	30.01	--	2	6002	买盘
10:50:09	30.01	0.01	8	24008	买盘
10:49:59	30.0	--	50	150000	卖盘
10:49:39	30.0	--	13	39000	卖盘
10:49:14	30.0	--	10	30000	卖盘
10:49:04	30.0	--	1	3000	卖盘
10:48:34	30.0	-0.01	4	12000	卖盘
10:48:24	30.01	--	4	12004	买盘
10:47:59	30.01	--	10	30010	买盘
10:47:34	30.01	--	2	6002	买盘
10:46:49	30.01	0.01	9	27009	买盘
10:46:39	30.0	--	11	33000	卖盘
10:46:19	30.0	--	1	3000	卖盘
10:45:48	30.0	--	5	15000	卖盘
10:45:44	30.0	--	11	33000	卖盘
10:45:38	30.0	--	14	42000	卖盘
10:45:33	30.0	--	3	9000	卖盘
10:45:29	30.0	--	50	150000	卖盘
10:45:23	30.0	--	1	3000	卖盘
10:45:17	30.0	--	2	6000	卖盘
10:45:03	30.0	--	31	93000	卖盘
10:44:59	30.0	--	5	15000	卖盘
10:44:33	30.0	--	6	18000	卖盘
10:44:13	30.0	--	1	3000	卖盘
10:44:08	30.0	-0.02	24	72090	卖盘
10:44:02	30.02	0.02	73	219146	买盘
10:43:53	30.0	--	30	92910	卖盘
10:43:47	30.0	--	19	57000	卖盘
10:43:38	30.0	--	33	99000	卖盘
10:43:32	30.0	--	28	84000	卖盘
10:43:28	30.0	--	10	30000	卖盘
10:43:17	30.0	--	10	30000	卖盘
10:43:13	30.0	--	1	3000	卖盘
10:43:08	30.0	-0.01	60	180000	卖盘
10:43:02	30.01	0.01	10	30010	买盘
10:42:53	30.0	--	13	39000	卖盘
10:42:47	30.0	--	10	30000	卖盘
10:42:13	30.0	--	2	6000	卖盘
10:42:02	30.0	--	3	9000	卖盘
10:41:59	30.0	--	1	3000	卖盘
10:41:44	30.0	--	2	6000	卖盘
10:41:38	30.0	--	9	27000	买盘
10:41:23	30.0	0.03	10	30000	买盘
10:41:13	29.97	-0.03	2	5994	卖盘
10:41:08	30.0	-0.01	9	27000	卖盘
10:40:47	30.01	0.01	2	6002	买盘
10:40:28	30.0	--	1	3000	卖盘
10:40:23	30.0	--	4	12000	卖盘
10:39:53	30.0	--	10	30000	买盘
10:39:32	30.0	--	0	0	中性盘
10:39:17	30.0	--	3	9000	卖盘
10:39:02	30.0	--	16	48000	买盘
10:38:56	30.0	0.03	12	36000	买盘
10:38:38	29.97	--	1	2997	卖盘
10:38:32	29.97	--	3	8991	卖盘
10:38:17	29.97	--	0	0	卖盘
10:38:02	29.97	-0.03	29	86913	卖盘
10:37:22	30.0	-0.01	2	6000	卖盘
10:37:11	30.01	0.01	1	3001	买盘
10:37:02	30.0	--	1	3000	卖盘
10:36:56	30.0	0.03	15	45000	买盘
10:36:07	29.97	--	0	0	卖盘
10:35:56	29.97	--	2	5994	买盘
10:35:32	29.97	--	0	0	中性盘
10:35:26	29.97	--	10	29970	卖盘
10:35:02	29.97	-0.03	30	89910	卖盘
10:34:56	30.0	0.03	12	36000	买盘
10:33:56	29.97	0.02	10	29970	买盘
10:33:47	29.95	-0.01	7	20965	卖盘
10:33:41	29.96	0.01	7	20972	买盘
10:32:56	29.95	0.04	11	32945	买盘
10:32:50	29.91	--	20	59820	卖盘
10:32:20	29.91	--	0	0	卖盘
10:32:05	29.91	-0.04	20	59820	卖盘
10:31:56	29.95	0.03	26	77870	买盘
10:31:50	29.92	--	6	17952	卖盘
10:31:20	29.92	--	5	14960	卖盘
10:30:56	29.92	0.01	20	59840	买盘
10:30:46	29.91	-0.01	11	32901	卖盘
10:30:31	29.92	--	11	32912	卖盘
10:30:26	29.92	-0.03	2	5984	卖盘
10:30:11	29.95	--	29	86855	卖盘
10:30:05	29.95	--	1	2995	卖盘
10:29:56	29.95	0.03	2	5990	买盘
10:29:41	29.92	--	17	50864	卖盘
10:29:35	29.92	-0.02	12	35904	卖盘
10:29:20	29.94	-0.02	4	11976	卖盘
10:29:01	29.96	-0.03	6	17976	卖盘
10:28:56	29.99	0.03	45	134955	买盘
10:28:50	29.96	--	3	8988	卖盘
10:28:05	29.96	--	2	5992	卖盘
10:27:56	29.96	0.04	7	20972	买盘
10:27:50	29.92	--	3	8976	卖盘
10:27:41	29.92	-0.04	4	11968	卖盘
10:27:20	29.96	-0.03	22	65912	卖盘
10:27:05	29.99	-0.01	139	416861	卖盘
10:27:01	30.0	--	50	150000	卖盘
10:26:50	30.0	--	4	12000	卖盘
10:26:31	30.0	--	10	30000	卖盘
10:26:26	30.0	--	0	0	卖盘
10:26:11	30.0	-0.01	11	33000	卖盘
10:26:05	30.01	0.01	8	24008	买盘
10:25:59	30.0	--	2	6000	卖盘
10:25:44	30.0	--	0	0	卖盘
10:25:29	30.0	--	2	6000	卖盘
10:25:20	30.0	-0.01	3	9000	卖盘
10:25:14	30.01	--	4	12004	买盘
10:24:55	30.01	--	1	3001	卖盘
10:24:44	30.01	--	3	9003	卖盘
10:24:29	30.01	--	1	3001	买盘
10:24:20	30.01	0.01	10	30010	买盘
10:24:05	30.0	--	10	30000	卖盘
10:23:35	30.0	--	1	3000	卖盘
10:23:29	30.0	--	10	30000	卖盘
10:23:05	30.0	--	3	9000	卖盘
10:22:55	30.0	0.01	29	87000	买盘
10:22:50	29.99	--	7	20993	卖盘
10:22:40	29.99	-0.01	4	11996	卖盘
10:22:29	30.0	--	8	24000	买盘
10:22:25	30.0	0.01	13	39000	买盘
10:21:44	29.99	-0.01	3	11456	卖盘
10:21:29	30.0	--	31	93540	买盘
10:21:25	30.0	--	12	36000	买盘
10:21:05	30.0	0.01	13	39000	买盘
10:20:59	29.99	--	2	5998	卖盘
10:20:44	29.99	-0.01	3	8997	卖盘
10:20:40	30.0	0.01	374	1122000	买盘
10:20:29	29.99	--	5	14995	卖盘
10:20:25	29.99	0.01	2	5998	买盘
10:20:20	29.98	-0.01	3	8994	卖盘
10:20:14	29.99	--	30	89970	买盘
10:19:59	29.99	0.01	20	59980	买盘
10:19:50	29.98	-0.02	18	53964	卖盘
10:19:44	30.0	0.01	10	30000	买盘
10:19:35	29.99	--	16	47984	买盘
10:19:29	29.99	--	8	23992	买盘
10:19:23	29.99	0.01	12	35988	买盘
10:18:35	29.98	--	4	11992	卖盘
10:18:23	29.98	0.02	6	17988	买盘
10:17:59	29.96	0.01	10	29960	卖盘
10:17:53	29.95	--	0	0	卖盘
10:17:44	29.95	--	33	98835	买盘
10:17:38	29.95	0.03	30	89850	买盘
10:17:29	29.92	-0.03	13	38896	卖盘
10:17:23	29.95	0.03	13	38935	买盘
10:16:49	29.92	-0.03	7	20944	卖盘
10:16:29	29.95	--	15	44925	买盘
10:16:23	29.95	0.02	12	35940	买盘
10:16:14	29.93	0.01	3	8979	卖盘
10:15:59	29.92	--	0	0	卖盘
10:15:29	29.92	--	46	137632	买盘
10:15:23	29.92	--	13	38896	买盘
10:15:04	29.92	-0.03	9	26928	卖盘
10:14:53	29.95	--	21	62895	买盘
10:14:49	29.95	--	1	2995	卖盘
10:14:34	29.95	-0.04	4	11980	卖盘
10:14:29	29.99	--	8	23992	买盘
10:14:23	29.99	0.04	12	35988	买盘
10:13:58	29.95	--	12	35940	卖盘
10:13:38	29.95	-0.04	2	5990	卖盘
10:13:29	29.99	0.04	9	26991	买盘
10:13:08	29.95	-0.05	17	50915	卖盘
10:13:02	30.0	--	0	0	买盘
10:12:59	30.0	0.05	16	48000	买盘
10:12:53	29.95	--	40	119800	卖盘
10:12:44	29.95	-0.05	5	14975	卖盘
10:12:32	30.0	0.07	8	24000	买盘
10:12:08	29.93	--	0	0	卖盘
10:12:02	29.93	-0.07	3	8979	卖盘
10:11:59	30.0	0.07	191	573000	买盘
10:11:53	29.93	--	0	0	卖盘
10:11:23	29.93	--	2	5986	买盘
10:11:17	29.93	0.03	5	14965	买盘
10:11:13	29.9	--	2	5980	卖盘
10:10:53	29.9	-0.03	15	44850	卖盘
10:10:32	29.93	0.03	9	26937	买盘
10:10:13	29.9	--	8	23920	买盘
10:10:02	29.9	0.01	22	65780	买盘
10:09:38	29.89	--	2	5978	卖盘
10:09:32	29.89	--	9	26901	卖盘
10:09:13	29.89	-0.01	5	16618	卖盘
10:09:08	29.9	-0.03	5	14950	卖盘
10:09:02	29.93	0.02	10	29930	买盘
10:08:47	29.91	-0.02	23	70109	卖盘
10:08:32	29.93	0.01	8	23944	买盘
10:08:17	29.92	--	2	5984	买盘
10:07:53	29.92	--	15	44880	卖盘
10:07:43	29.92	-0.01	30	89760	卖盘
10:07:32	29.93	0.01	9	26937	买盘
10:07:23	29.92	--	11	32912	卖盘
10:07:17	29.92	-0.01	7	20944	卖盘
10:06:53	29.93	--	1	2993	卖盘
10:06:47	29.93	0.01	81	242433	买盘
10:06:38	29.92	-0.01	16	47872	卖盘
10:06:32	29.93	--	12	35916	卖盘
10:06:26	29.93	-0.01	1	2993	卖盘
10:06:11	29.94	-0.01	5	14970	卖盘
10:05:56	29.95	-0.01	1	2995	卖盘
10:05:47	29.96	--	3	8988	买盘
10:05:41	29.96	--	7	20972	买盘
10:05:38	29.96	--	2	5992	卖盘
10:05:32	29.96	-0.02	14	41944	卖盘
10:05:17	29.98	0.02	5	14990	买盘
10:05:11	29.96	-0.02	2	5992	卖盘
10:05:02	29.98	-0.05	8	23984	卖盘
10:04:52	30.03	--	2	6006	卖盘
10:04:41	30.03	--	5	15015	卖盘
10:04:17	30.03	--	7	21021	买盘
10:04:07	30.03	--	3	9009	卖盘
10:03:47	30.03	--	32	96096	买盘
10:03:41	30.03	0.03	2	6006	买盘
10:03:37	30.0	--	2	6000	卖盘
10:03:26	30.0	--	5	15000	买盘
10:03:22	30.0	--	12	36000	买盘
10:03:02	30.0	--	0	0	买盘
10:02:56	30.0	-0.02	8	24000	买盘
10:02:41	30.02	--	0	0	中性盘
10:02:26	30.02	0.01	10	30020	买盘
10:02:02	30.01	0.01	15	45015	买盘
10:01:32	30.0	0.02	7	21000	买盘
10:01:22	29.98	--	0	0	中性盘
10:01:02	29.98	-0.02	6	17988	卖盘
10:00:47	30.0	0.02	1	3000	买盘
10:00:32	29.98	0.04	2	5996	买盘
10:00:20	29.94	-0.06	1	2994	卖盘
10:00:05	30.0	--	0	0	买盘
10:00:01	30.0	--	0	0	买盘
09:59:50	30.0	0.02	23	69000	买盘
09:59:26	29.98	-0.04	16	47968	卖盘
09:59:17	30.02	0.02	27	81054	买盘
09:59:02	30.0	--	2	6000	卖盘
09:58:56	30.0	-0.02	4	12000	卖盘
09:58:41	30.02	--	13	39026	卖盘
09:58:26	30.02	--	15	45030	买盘
09:58:20	30.02	0.01	14	42028	买盘
09:58:11	30.01	0.09	10	30010	卖盘
09:58:01	29.92	--	0	0	卖盘
09:57:56	29.92	--	0	0	卖盘
09:57:46	29.92	-0.01	100	299200	卖盘
09:57:41	29.93	--	4	11972	买盘
09:57:35	29.93	0.01	49	146657	买盘
09:57:31	29.92	-0.01	108	323136	卖盘
09:57:26	29.93	--	8	23944	买盘
09:57:16	29.93	-0.09	30	89790	卖盘
09:57:05	30.02	-0.01	12	36024	中性盘
09:56:41	30.03	--	0	0	买盘
09:56:35	30.03	0.01	26	78078	买盘
09:56:20	30.02	--	3	9006	卖盘
09:56:16	30.02	--	11	33022	卖盘
09:56:05	30.02	--	3	9006	卖盘
09:55:50	30.02	0.02	12	36024	买盘
09:55:41	30.0	--	7	21000	卖盘
09:55:35	30.0	--	17	51000	买盘
09:55:31	30.0	--	1	3000	买盘
09:55:20	30.0	--	5	15000	买盘
09:55:05	30.0	--	0	0	买盘
09:55:01	30.0	--	0	0	中性盘
09:54:56	30.0	0.12	10	30000	买盘
09:54:31	29.88	--	3	8964	买盘
09:54:26	29.88	--	20	59760	买盘
09:54:05	29.88	-0.12	7	20916	卖盘
09:53:56	30.0	--	11	33000	买盘
09:53:50	30.0	0.12	2	6000	买盘
09:53:35	29.88	--	2	5976	卖盘
09:53:26	29.88	-0.12	1	2988	卖盘
09:53:20	30.0	--	42	126000	卖盘
09:53:14	30.0	--	6	18000	卖盘
09:53:10	30.0	--	54	162000	卖盘
09:53:05	30.0	-0.02	40	120000	卖盘
09:52:59	30.02	0.02	4	12008	买盘
09:52:44	30.0	-0.02	10	30000	卖盘
09:52:35	30.02	0.02	6	18012	买盘
09:52:29	30.0	--	50	150000	卖盘
09:52:14	30.0	--	5	15000	卖盘
09:52:11	30.0	0.08	160	480000	买盘
09:52:05	29.92	--	10	29920	买盘
09:51:59	29.92	0.12	11	32912	买盘
09:51:20	29.8	--	0	0	卖盘
09:51:05	29.8	--	33	100902	买盘
09:50:59	29.8	--	1	2980	买盘
09:50:55	29.8	--	0	0	买盘
09:50:35	29.8	--	60	178800	买盘
09:50:25	29.8	0.07	3	8940	买盘
09:50:14	29.73	0.01	10	29730	中性盘
09:50:10	29.72	--	12	35664	卖盘
09:50:05	29.72	0.01	1	2972	卖盘
09:49:40	29.71	--	0	0	卖盘
09:49:35	29.71	--	2	5942	卖盘
09:49:20	29.71	-0.09	8	23768	卖盘
09:49:14	29.8	--	8	23840	买盘
09:48:59	29.8	--	97	289477	卖盘
09:48:50	29.8	0.1	5	16658	卖盘
09:48:44	29.7	-0.1	19	56430	卖盘
09:48:35	29.8	--	0	0	卖盘
09:48:29	29.8	0.12	9	27624	卖盘
09:48:25	29.68	--	0	0	卖盘
09:48:20	29.68	-0.22	40	119135	卖盘
09:48:05	29.9	-0.05	2	5980	卖盘
09:47:50	29.95	0.05	10	29950	中性盘
09:47:35	29.9	0.03	45	134550	买盘
09:47:20	29.87	-0.01	2	5974	卖盘
09:47:14	29.88	--	1	2988	买盘
09:47:08	29.88	--	28	83664	卖盘
09:47:04	29.88	-0.01	40	119520	卖盘
09:46:59	29.89	-0.01	1	2989	买盘
09:46:53	29.9	--	0	0	买盘
09:46:50	29.9	0.02	13	38870	买盘
09:46:44	29.88	-0.02	33	98604	卖盘
09:46:38	29.9	0.02	11	32890	买盘
09:46:34	29.88	-0.01	9	26892	卖盘
09:46:29	29.89	-0.01	6	17934	中性盘
09:46:20	29.9	0.02	2	5980	买盘
09:46:14	29.88	-0.02	18	53784	卖盘
09:45:59	29.9	0.02	5	14950	买盘
09:45:44	29.88	--	508	1517904	买盘
09:45:38	29.88	--	9	26892	买盘
09:45:29	29.88	--	100	298800	买盘
09:45:14	29.88	0.02	51	152388	买盘
09:45:08	29.86	-0.01	23	68678	卖盘
09:44:59	29.87	-0.01	1	2987	卖盘
09:44:53	29.88	--	5	14940	买盘
09:44:49	29.88	0.01	1	2988	买盘
09:44:38	29.87	-0.01	7	20909	卖盘
09:44:34	29.88	0.01	30	89640	买盘
09:44:14	29.87	-0.01	9	26883	卖盘
09:44:08	29.88	--	37	110556	卖盘
09:43:44	29.88	--	4	11952	卖盘
09:43:38	29.88	--	10	29880	卖盘
09:43:29	29.88	--	18	53784	卖盘
09:43:19	29.88	-0.02	3	8964	卖盘
09:43:14	29.9	0.02	23	68770	买盘
09:43:08	29.88	-0.02	3	8964	卖盘
09:43:04	29.9	--	16	47840	买盘
09:42:49	29.9	--	3	8970	买盘
09:42:34	29.9	0.02	6	17940	买盘
09:42:29	29.88	-0.02	2	5976	卖盘
09:42:14	29.9	0.02	39	116610	买盘
09:42:04	29.88	--	6	17928	卖盘
09:41:53	29.88	--	19	56772	买盘
09:41:44	29.88	0.02	7	20916	买盘
09:41:38	29.86	--	20	59720	卖盘
09:41:23	29.86	0.01	9	26874	买盘
09:41:19	29.85	-0.01	17	50745	卖盘
09:41:14	29.86	0.01	5	14930	买盘
09:40:44	29.85	--	17	50745	买盘
09:40:38	29.85	0.02	4	11940	买盘
09:40:23	29.83	--	5	14915	买盘
09:40:17	29.83	0.01	41	122303	买盘
09:40:08	29.82	-0.01	6	17892	卖盘
09:40:02	29.83	--	0	0	买盘
09:39:59	29.83	0.01	9	26847	买盘
09:39:53	29.82	--	20	59640	买盘
09:39:47	29.82	-0.01	24	71568	卖盘
09:39:44	29.83	--	10	29830	买盘
09:39:23	29.83	--	10	29830	卖盘
09:39:17	29.83	--	0	0	卖盘
09:39:08	29.83	--	5	14915	卖盘
09:38:59	29.83	--	0	0	卖盘
09:38:53	29.83	--	0	0	卖盘
09:38:47	29.83	0.01	13	38779	买盘
09:38:38	29.82	-0.01	3	8946	卖盘
09:38:32	29.83	--	12	35796	买盘
09:38:23	29.83	--	4	11932	卖盘
09:38:17	29.83	--	0	0	卖盘
09:38:08	29.83	-0.02	10	29830	卖盘
09:37:53	29.85	-0.03	79	235815	卖盘
09:37:47	29.88	--	1	2988	买盘
09:37:43	29.88	-0.01	14	41832	卖盘
09:36:53	29.89	-0.01	11	32879	卖盘
09:36:43	29.9	--	1	2990	买盘
09:36:23	29.9	--	17	50830	买盘
09:36:08	29.9	--	2	5980	卖盘
09:36:02	29.9	--	3	8970	卖盘
09:35:58	29.9	--	5	14950	卖盘
09:35:47	29.9	--	10	29900	卖盘
09:35:38	29.9	--	22	65780	卖盘
09:35:28	29.9	--	6	17940	卖盘
09:35:17	29.9	--	1	2990	卖盘
09:35:13	29.9	-0.01	71	212290	卖盘
09:35:08	29.91	--	13	38883	卖盘
09:34:47	29.91	--	2	5982	卖盘
09:34:43	29.91	--	0	0	中性盘
09:34:38	29.91	--	45	134595	卖盘
09:34:32	29.91	0.01	5	14955	买盘
09:34:08	29.9	--	24	71760	卖盘
09:33:41	29.9	--	20	59800	卖盘
09:33:38	29.9	--	0	0	卖盘
09:33:11	29.9	--	3	8970	卖盘
09:33:02	29.9	--	1	2990	卖盘
09:32:53	29.9	--	19	56810	卖盘
09:32:41	29.9	--	50	149500	卖盘
09:32:26	29.9	--	14	41860	卖盘
09:32:02	29.9	--	0	0	卖盘
09:31:56	29.9	--	0	0	卖盘
09:31:32	29.9	-0.02	3	8970	卖盘
09:31:22	29.92	--	3	8976	买盘
09:31:11	29.92	-0.15	4	11968	卖盘
09:30:41	30.07	--	0	0	买盘
09:30:26	30.07	0.02	38	114266	买盘
09:30:11	30.05	--	4	12020	买盘
09:30:07	30.05	30.05	30	90150	买盘
