成交时间	成交价	价格变动	成交量(手)	成交额(元)	性质
15:00:00	9.82	--	0	0	卖盘
15:00:00	9.82	-0.01	0	0	卖盘
15:00:00	9.83	--	1	983	买盘
14:59:59	9.83	0.01	413	405979	买盘
14:59:53	9.82	-0.01	224	219968	买盘
14:59:49	9.83	--	261	256563	买盘
14:59:44	9.83	0.01	698	686134	买盘
14:59:38	9.82	--	307	301474	买盘
14:59:34	9.82	--	115	112930	买盘
14:59:29	9.82	--	613	601966	卖盘
14:59:23	9.82	--	116	113912	卖盘
14:59:19	9.82	-0.01	221	217022	中性盘
14:59:14	9.83	0.01	646	635018	买盘
14:59:08	9.82	0.01	522	512604	买盘
14:59:04	9.81	-0.01	172	168732	卖盘
14:58:59	9.82	--	343	336826	卖盘
14:58:53	9.82	0.01	562	551884	买盘
14:58:49	9.81	-0.01	416	408096	卖盘
14:58:44	9.82	--	383	376106	买盘
14:58:38	9.82	-0.01	139	136498	卖盘
14:58:34	9.83	--	208	204464	买盘
14:58:29	9.83	--	615	604545	买盘
14:58:23	9.83	0.01	280	275240	买盘
14:58:19	9.82	-0.01	145	142390	卖盘
14:58:14	9.83	-0.01	203	199549	卖盘
14:58:08	9.84	--	260	255840	买盘
14:58:04	9.84	--	10	9840	买盘
14:57:59	9.84	--	782	769488	卖盘
14:57:53	9.84	-0.01	349	343416	卖盘
14:57:49	9.85	--	68	66980	买盘
14:57:44	9.85	0.01	247	243295	买盘
14:57:38	9.84	-0.01	82	80688	卖盘
14:57:34	9.85	-0.01	140	137900	卖盘
14:57:29	9.86	--	1389	1369554	买盘
14:57:23	9.86	0.01	592	583712	买盘
14:57:19	9.85	-0.01	31	30535	卖盘
14:57:14	9.86	--	39	38454	买盘
14:57:08	9.86	-0.01	647	637961	卖盘
14:57:04	9.87	0.01	86	84882	买盘
14:56:59	9.86	-0.01	227	223822	卖盘
14:56:53	9.87	--	570	562590	卖盘
14:56:49	9.87	--	65	64154	买盘
14:56:44	9.87	0.01	315	310905	买盘
14:56:38	9.86	-0.01	746	735556	卖盘
14:56:34	9.87	--	671	662277	买盘
14:56:29	9.87	--	77	75999	买盘
14:56:23	9.87	--	280	276360	买盘
14:56:19	9.87	--	307	303009	卖盘
14:56:14	9.87	-0.01	599	591213	卖盘
14:56:08	9.88	--	402	397176	买盘
14:56:04	9.88	--	103	101764	买盘
14:55:59	9.88	--	472	466336	卖盘
14:55:53	9.88	-0.01	397	392236	卖盘
14:55:49	9.89	--	63	62307	买盘
14:55:44	9.89	0.01	158	156262	买盘
14:55:38	9.88	-0.01	449	443612	卖盘
14:55:34	9.89	--	222	219558	卖盘
14:55:28	9.89	0.01	49	48461	买盘
14:55:23	9.88	--	1163	1149044	卖盘
14:55:17	9.88	--	1080	1067040	卖盘
14:55:13	9.88	--	70	69160	卖盘
14:55:08	9.88	--	178	175864	卖盘
14:55:02	9.88	--	233	230204	买盘
14:54:58	9.88	0.01	265	261820	买盘
14:54:53	9.87	-0.01	79	77973	卖盘
14:54:47	9.88	0.01	458	452504	买盘
14:54:43	9.87	--	285	281295	卖盘
14:54:38	9.87	--	1073	1059051	卖盘
14:54:32	9.87	--	191	188516	卖盘
14:54:28	9.87	--	101	99686	卖盘
14:54:23	9.87	--	251	247736	卖盘
14:54:17	9.87	--	378	373303	买盘
14:54:13	9.87	--	69	68103	买盘
14:54:08	9.87	--	278	274386	买盘
14:54:02	9.87	--	204	201347	卖盘
14:53:58	9.87	--	65	64154	卖盘
14:53:53	9.87	0.01	45	44415	买盘
14:53:47	9.86	-0.01	444	437784	卖盘
14:53:43	9.87	0.01	113	111530	买盘
14:53:38	9.86	-0.01	65	64089	卖盘
14:53:32	9.87	0.01	93	91791	买盘
14:53:28	9.86	--	26	25636	卖盘
14:53:23	9.86	--	108	107454	买盘
14:53:17	9.86	--	9	8874	买盘
14:53:13	9.86	--	219	215934	买盘
14:53:08	9.86	--	259	255373	卖盘
14:53:02	9.86	--	463	456518	卖盘
14:52:58	9.86	-0.01	5	4930	卖盘
14:52:53	9.87	0.02	53	52310	买盘
14:52:47	9.85	-0.02	207	203895	卖盘
14:52:43	9.87	0.01	1368	1350216	买盘
14:52:38	9.86	0.01	86	84796	买盘
14:52:32	9.85	-0.01	254	250190	卖盘
14:52:28	9.86	--	22	21692	买盘
14:52:23	9.86	0.01	653	644676	买盘
14:52:17	9.85	--	234	230490	卖盘
14:52:13	9.85	-0.01	70	68950	卖盘
14:52:08	9.86	0.01	175	172550	买盘
14:52:02	9.85	0.01	911	897502	买盘
14:51:58	9.84	-0.01	385	379656	卖盘
14:51:53	9.85	--	401	394985	卖盘
14:51:47	9.85	--	1170	1152450	卖盘
14:51:43	9.85	--	19	18715	卖盘
14:51:38	9.85	--	285	280892	买盘
14:51:32	9.85	--	240	236400	买盘
14:51:28	9.85	--	86	84710	买盘
14:51:23	9.85	--	355	350492	卖盘
14:51:17	9.85	--	232	228520	卖盘
14:51:13	9.85	--	55	54175	卖盘
14:51:08	9.85	--	344	338840	卖盘
14:51:02	9.85	--	344	339007	买盘
14:50:58	9.85	--	655	645175	买盘
14:50:53	9.85	--	104	102440	买盘
14:50:47	9.85	--	216	212760	买盘
14:50:43	9.85	--	10	9850	买盘
14:50:38	9.85	--	676	666835	卖盘
14:50:32	9.85	--	135	132975	卖盘
14:50:28	9.85	--	111	109335	卖盘
14:50:23	9.85	--	60	59100	卖盘
14:50:17	9.85	--	695	684584	买盘
14:50:13	9.85	--	77	75845	买盘
14:50:08	9.85	--	476	468860	买盘
14:50:02	9.85	-0.01	264	261015	卖盘
14:49:58	9.86	0.01	20	19720	买盘
14:49:53	9.85	-0.01	106	104410	卖盘
14:49:47	9.86	0.01	467	460462	买盘
14:49:43	9.85	--	226	222610	卖盘
14:49:38	9.85	--	181	178285	卖盘
14:49:32	9.85	-0.01	116	114260	卖盘
14:49:28	9.86	0.01	20	19720	买盘
14:49:23	9.85	-0.01	167	164495	卖盘
14:49:17	9.86	0.01	39	38463	买盘
14:49:13	9.85	--	56	55160	买盘
14:49:08	9.85	-0.01	1381	1361260	卖盘
14:49:02	9.86	0.01	36	35496	买盘
14:48:58	9.85	-0.02	77	75845	卖盘
14:48:52	9.87	0.01	150	148050	买盘
14:48:47	9.86	--	261	257345	卖盘
14:48:41	9.86	0.01	1257	1239411	买盘
14:48:37	9.85	--	49	48265	卖盘
14:48:32	9.85	-0.01	1080	1063800	卖盘
14:48:26	9.86	--	173	170578	卖盘
14:48:22	9.86	--	59	58174	卖盘
14:48:17	9.86	-0.01	767	756262	卖盘
14:48:11	9.87	0.01	124	122387	中性盘
14:48:07	9.86	--	313	308618	卖盘
14:48:02	9.86	-0.02	248	244528	卖盘
14:47:56	9.88	--	11	10868	买盘
14:47:52	9.88	--	14	13832	买盘
14:47:47	9.88	-0.01	540	533520	卖盘
14:47:41	9.89	0.01	510	504390	买盘
14:47:37	9.88	--	476	470288	卖盘
14:47:32	9.88	-0.01	214	211432	卖盘
14:47:26	9.89	--	397	392633	买盘
14:47:22	9.89	--	49	48461	买盘
14:47:17	9.89	--	603	596367	卖盘
14:47:11	9.89	-0.01	412	407468	卖盘
14:47:07	9.9	--	384	380160	卖盘
14:47:02	9.9	--	453	448470	买盘
14:46:56	9.9	--	56	55440	买盘
14:46:52	9.9	--	42	41580	买盘
14:46:47	9.9	--	699	692010	买盘
14:46:41	9.9	--	57	56430	买盘
14:46:37	9.9	0.01	50	49500	买盘
14:46:32	9.89	-0.01	92	90988	卖盘
14:46:26	9.9	--	293	290070	卖盘
14:46:22	9.9	--	31	30690	卖盘
14:46:17	9.9	-0.01	38	37620	卖盘
14:46:11	9.91	--	122	120902	买盘
14:46:07	9.91	--	1022	1012802	买盘
14:46:02	9.91	--	122	120902	买盘
14:45:56	9.91	--	105	104055	买盘
14:45:52	9.91	--	392	388472	卖盘
14:45:47	9.91	--	752	745232	卖盘
14:45:41	9.91	--	137	135767	卖盘
14:45:37	9.91	-0.01	69	68379	卖盘
14:45:32	9.92	--	500	496000	买盘
14:45:26	9.92	0.01	181	179552	买盘
14:45:22	9.91	--	26	25766	买盘
14:45:17	9.91	--	582	576762	买盘
14:45:11	9.91	--	246	243786	卖盘
14:45:07	9.91	-0.01	527	522257	卖盘
14:45:02	9.92	--	312	309504	买盘
14:44:56	9.92	0.01	321	318432	买盘
14:44:52	9.91	--	21	20811	卖盘
14:44:47	9.91	-0.01	11	10901	卖盘
14:44:41	9.92	--	406	402752	买盘
14:44:37	9.92	--	31	30752	买盘
14:44:32	9.92	--	504	499968	卖盘
14:44:26	9.92	--	67	66464	卖盘
14:44:22	9.92	0.01	43	42656	中性盘
14:44:17	9.91	-0.02	155	153605	卖盘
14:44:11	9.93	0.01	78	77454	买盘
14:44:07	9.92	--	572	567424	卖盘
14:44:02	9.92	--	315	312480	卖盘
14:43:56	9.92	--	95	94240	卖盘
14:43:52	9.92	--	16	15872	卖盘
14:43:47	9.92	--	53	52576	卖盘
14:43:41	9.92	-0.01	213	211296	卖盘
14:43:37	9.93	0.01	16	15888	中性盘
14:43:32	9.92	-0.01	106	105152	卖盘
14:43:26	9.93	0.01	398	395214	买盘
14:43:22	9.92	--	16	15872	卖盘
14:43:17	9.92	-0.01	224	222208	中性盘
14:43:11	9.93	0.01	144	142992	买盘
14:43:07	9.92	--	406	402752	中性盘
14:43:02	9.92	-0.01	26	25792	中性盘
14:42:56	9.93	0.02	155	153915	买盘
14:42:52	9.91	0.01	109	108019	买盘
14:42:47	9.9	-0.02	1403	1388970	卖盘
14:42:41	9.92	0.01	604	599168	买盘
14:42:37	9.91	0.01	603	597573	卖盘
14:42:32	9.9	--	347	343530	卖盘
14:42:26	9.9	-0.01	512	506880	卖盘
14:42:20	9.91	0.01	201	199191	买盘
14:42:16	9.9	--	153	151470	卖盘
14:42:11	9.9	--	76	75240	卖盘
14:42:05	9.9	--	377	373230	卖盘
14:42:01	9.9	0.01	151	149589	买盘
14:41:56	9.89	--	287	283843	卖盘
14:41:50	9.89	-0.01	230	227470	卖盘
14:41:46	9.9	--	590	584100	买盘
14:41:41	9.9	0.01	274	271260	买盘
14:41:35	9.89	-0.01	118	116702	卖盘
14:41:31	9.9	--	172	170280	买盘
14:41:26	9.9	0.01	200	198000	买盘
14:41:20	9.89	-0.03	466	460874	卖盘
14:41:16	9.92	--	41	40672	卖盘
14:41:11	9.92	--	151	149792	卖盘
14:41:05	9.92	--	1408	1396736	卖盘
14:41:01	9.92	0.01	135	133920	买盘
14:40:56	9.91	-0.01	714	707574	卖盘
14:40:50	9.92	-0.01	152	150784	卖盘
14:40:46	9.93	0.01	150	148950	买盘
14:40:41	9.92	-0.01	60	59520	卖盘
14:40:35	9.93	--	119	118167	买盘
14:40:31	9.93	--	405	402165	买盘
14:40:26	9.93	-0.02	1260	1251180	卖盘
14:40:20	9.95	0.01	424	421879	买盘
14:40:16	9.94	0.01	113	112322	卖盘
14:40:11	9.93	-0.01	1050	1042650	卖盘
14:40:05	9.94	--	191	189854	卖盘
14:40:01	9.94	0.01	66	65604	买盘
14:39:56	9.93	-0.01	145	143985	卖盘
14:39:50	9.94	0.01	292	290248	买盘
14:39:46	9.93	-0.01	270	268110	卖盘
14:39:41	9.94	0.01	117	116298	买盘
14:39:35	9.93	0.01	8	7944	卖盘
14:39:31	9.92	-0.01	766	759872	卖盘
14:39:26	9.93	0.01	99	98307	买盘
14:39:20	9.92	0.03	380	376960	买盘
14:39:16	9.89	-0.01	88	87032	卖盘
14:39:11	9.9	--	438	433620	买盘
14:39:05	9.9	--	670	663300	买盘
14:39:01	9.9	--	259	256410	买盘
14:38:56	9.9	0.01	310	306900	买盘
14:38:50	9.89	-0.01	164	162196	卖盘
14:38:46	9.9	0.01	117	115830	买盘
14:38:41	9.89	--	25	24725	卖盘
14:38:35	9.89	--	55	54395	卖盘
14:38:31	9.89	--	11	10879	卖盘
14:38:26	9.89	--	48	47472	卖盘
14:38:20	9.89	-0.01	102	100878	卖盘
14:38:16	9.9	--	126	124740	买盘
14:38:11	9.9	-0.01	315	311850	卖盘
14:38:05	9.91	--	201	199191	买盘
14:38:01	9.91	-0.01	65	64415	卖盘
14:37:56	9.92	-0.01	167	165664	卖盘
14:37:50	9.93	-0.02	2	1986	中性盘
14:37:46	9.95	0.04	38	37810	买盘
14:37:41	9.91	-0.02	760	753160	卖盘
14:37:35	9.93	-0.02	1511	1500423	卖盘
14:37:31	9.95	-0.01	13	12934	卖盘
14:37:26	9.96	--	128	127488	买盘
14:37:20	9.96	-0.02	294	292824	卖盘
14:37:16	9.98	--	27	26946	买盘
14:37:11	9.98	--	110	109780	买盘
14:37:05	9.98	--	878	876244	卖盘
14:37:01	9.98	--	222	221556	卖盘
14:36:56	9.98	--	422	421156	卖盘
14:36:50	9.98	--	421	420158	卖盘
14:36:46	9.98	0.03	638	636724	买盘
14:36:41	9.95	-0.01	251	249744	卖盘
14:36:35	9.96	-0.02	98	97608	卖盘
14:36:31	9.98	--	15	14970	买盘
14:36:26	9.98	0.02	57	56886	买盘
14:36:20	9.96	-0.04	291	289836	卖盘
14:36:16	10.0	--	156	156000	买盘
14:36:11	10.0	--	374	374000	买盘
14:36:05	10.0	--	892	892940	卖盘
14:36:01	10.0	-0.01	714	714000	卖盘
14:35:56	10.01	--	897	897897	卖盘
14:35:50	10.01	--	444	444444	卖盘
14:35:44	10.01	--	474	474474	买盘
14:35:40	10.01	0.01	194	194194	买盘
14:35:35	10.0	--	661	661000	卖盘
14:35:29	10.0	--	638	638060	买盘
14:35:25	10.0	--	116	116000	买盘
14:35:20	10.0	--	1483	1483000	买盘
14:35:14	10.0	--	535	535000	买盘
14:35:10	10.0	--	802	802000	买盘
14:35:05	10.0	--	529	529000	买盘
14:34:59	10.0	0.04	567	567000	买盘
14:34:55	9.96	0.03	60	59760	中性盘
14:34:50	9.93	--	253	251229	卖盘
14:34:44	9.93	--	5079	5043447	买盘
14:34:40	9.93	0.01	17	16881	买盘
14:34:35	9.92	0.03	881	873952	买盘
14:34:29	9.89	--	901	891089	卖盘
14:34:25	9.89	--	237	234393	卖盘
14:34:20	9.89	0.03	1109	1096801	买盘
14:34:14	9.86	-0.01	591	582726	卖盘
14:34:10	9.87	--	857	845858	买盘
14:34:05	9.87	-0.01	186	183582	中性盘
14:33:59	9.88	0.01	859	848692	买盘
14:33:55	9.87	-0.01	87	85869	卖盘
14:33:50	9.88	--	320	316160	买盘
14:33:44	9.88	0.02	247	244036	买盘
14:33:40	9.86	-0.01	234	230724	卖盘
14:33:35	9.87	-0.01	324	319788	卖盘
14:33:29	9.88	0.01	261	257868	买盘
14:33:25	9.87	--	190	187529	买盘
14:33:20	9.87	--	180	177660	买盘
14:33:14	9.87	0.01	684	675108	买盘
14:33:10	9.86	--	49	48314	买盘
14:33:05	9.86	0.01	182	179452	卖盘
14:32:59	9.85	-0.03	552	543720	卖盘
14:32:55	9.88	0.01	120	118560	买盘
14:32:50	9.87	--	438	432305	卖盘
14:32:44	9.87	-0.02	370	365190	卖盘
14:32:40	9.89	--	128	126592	买盘
14:32:35	9.89	0.01	694	686366	买盘
14:32:29	9.88	-0.02	828	818064	卖盘
14:32:25	9.9	0.01	848	839520	买盘
14:32:20	9.89	-0.01	314	310546	卖盘
14:32:14	9.9	--	279	276210	卖盘
14:32:10	9.9	--	282	279180	卖盘
14:32:05	9.9	--	1089	1078110	买盘
14:31:59	9.9	-0.01	78	77220	卖盘
14:31:55	9.91	0.01	31	30721	中性盘
14:31:50	9.9	-0.03	1043	1032570	卖盘
14:31:44	9.93	0.01	320	317760	买盘
14:31:40	9.92	-0.01	6	5952	卖盘
14:31:35	9.93	--	674	669282	卖盘
14:31:29	9.93	-0.02	65	64545	卖盘
14:31:25	9.95	--	30	29849	买盘
14:31:20	9.95	-0.01	477	474614	卖盘
14:31:14	9.96	--	268	266928	买盘
14:31:10	9.96	--	431	429276	买盘
14:31:05	9.96	-0.01	1070	1065720	卖盘
14:30:59	9.97	--	612	610164	买盘
14:30:55	9.97	-0.01	199	198403	卖盘
14:30:50	9.98	--	348	347304	买盘
14:30:44	9.98	--	137	136726	买盘
14:30:40	9.98	--	488	487024	买盘
14:30:35	9.98	-0.01	1395	1392489	卖盘
14:30:29	9.99	0.01	929	928071	买盘
14:30:25	9.98	--	55	54890	卖盘
14:30:20	9.98	-0.01	400	399200	卖盘
14:30:14	9.99	--	476	475524	卖盘
14:30:10	9.99	--	440	440279	买盘
14:30:05	9.99	--	326	325674	买盘
14:29:59	9.99	0.01	324	323676	买盘
14:29:55	9.98	-0.02	174	173652	卖盘
14:29:50	10.0	0.02	995	995000	买盘
14:29:44	9.98	-0.01	111	110778	卖盘
14:29:40	9.99	0.02	334	333666	买盘
14:29:35	9.97	-0.01	612	610164	卖盘
14:29:29	9.98	0.01	436	435128	买盘
14:29:25	9.97	--	654	652038	卖盘
14:29:20	9.97	-0.01	81	80757	卖盘
14:29:14	9.98	--	378	377244	卖盘
14:29:08	9.98	--	632	630736	买盘
14:29:04	9.98	--	115	114770	卖盘
14:28:59	9.98	--	598	596804	买盘
14:28:53	9.98	0.02	789	787422	买盘
14:28:49	9.96	-0.02	68	67728	卖盘
14:28:44	9.98	-0.01	392	391216	卖盘
14:28:38	9.99	0.02	323	322677	买盘
14:28:34	9.97	0.01	108	107676	中性盘
14:28:29	9.96	-0.02	519	516924	卖盘
14:28:23	9.98	--	572	570856	卖盘
14:28:19	9.98	0.03	1254	1251492	买盘
14:28:14	9.95	-0.04	749	745255	卖盘
14:28:08	9.99	0.01	1416	1414584	买盘
14:28:04	9.98	--	346	345308	买盘
14:27:59	9.98	--	761	759478	买盘
14:27:53	9.98	-0.01	1530	1526940	卖盘
14:27:49	9.99	0.01	64	63936	买盘
14:27:44	9.98	-0.01	604	602792	卖盘
14:27:38	9.99	--	292	291708	卖盘
14:27:34	9.99	0.01	564	563436	买盘
14:27:29	9.98	--	280	279440	买盘
14:27:23	9.98	--	2011	2006978	卖盘
14:27:19	9.98	-0.02	373	372254	卖盘
14:27:14	10.0	--	1319	1319000	买盘
14:27:08	10.0	--	1036	1036000	买盘
14:27:04	10.0	--	560	560000	买盘
14:26:59	10.0	--	1327	1327000	卖盘
14:26:53	10.0	--	1741	1741000	买盘
14:26:49	10.0	--	269	269000	买盘
14:26:44	10.0	--	457	457000	买盘
14:26:38	10.0	-0.01	1970	1970000	卖盘
14:26:34	10.01	-0.04	390	390390	中性盘
14:26:29	10.05	--	1267	1273335	买盘
14:26:23	10.05	--	2355	2366775	买盘
14:26:19	10.05	-0.03	760	763800	卖盘
14:26:14	10.08	--	2502	2522016	买盘
14:26:08	10.08	-0.02	1452	1463616	卖盘
14:26:04	10.1	0.03	1211	1223110	买盘
14:25:59	10.07	0.05	1255	1263785	买盘
14:25:53	10.02	-0.05	460	460920	中性盘
14:25:49	10.07	0.04	453	456171	买盘
14:25:44	10.03	0.03	1608	1612824	买盘
14:25:38	10.0	--	2364	2364000	买盘
14:25:34	10.0	--	1345	1345000	买盘
14:25:29	10.0	0.02	1708	1708000	买盘
14:25:23	9.98	--	1752	1748496	买盘
14:25:19	9.98	--	839	837322	买盘
14:25:14	9.98	0.03	1043	1040914	买盘
14:25:08	9.95	--	879	874604	卖盘
14:25:04	9.95	0.03	417	414914	买盘
14:24:59	9.92	0.02	1257	1246944	买盘
14:24:53	9.9	0.02	2357	2333430	买盘
14:24:49	9.88	--	649	641212	买盘
14:24:44	9.88	0.01	1300	1284400	买盘
14:24:38	9.87	--	1265	1248555	买盘
14:24:34	9.87	0.02	634	625758	买盘
14:24:29	9.85	0.01	2034	2003490	买盘
14:24:23	9.84	0.01	2270	2233680	买盘
14:24:19	9.83	--	565	555395	卖盘
14:24:14	9.83	0.02	878	863074	买盘
14:24:08	9.81	-0.02	850	833850	卖盘
14:24:04	9.83	--	224	220192	买盘
14:23:59	9.83	0.03	1198	1177634	买盘
14:23:53	9.8	--	709	694820	卖盘
14:23:49	9.8	-0.04	506	495880	卖盘
14:23:44	9.84	0.02	1808	1779072	买盘
14:23:38	9.82	0.03	1656	1626192	买盘
14:23:34	9.79	-0.02	1045	1023054	卖盘
14:23:28	9.81	0.01	705	691605	中性盘
14:23:23	9.8	--	560	548800	卖盘
14:23:19	9.8	-0.02	654	640920	中性盘
14:23:14	9.82	0.02	583	572506	买盘
14:23:08	9.8	-0.04	695	681100	卖盘
14:23:02	9.84	0.01	1547	1522248	买盘
14:22:58	9.83	0.01	2341	2301203	中性盘
14:22:53	9.82	-0.02	3159	3102138	卖盘
14:22:47	9.84	--	4320	4250880	买盘
14:22:43	9.84	--	747	735048	卖盘
14:22:38	9.84	--	1497	1473048	买盘
14:22:32	9.84	0.01	1242	1222128	买盘
14:22:28	9.83	-0.01	410	403030	卖盘
14:22:23	9.84	0.01	1606	1580304	买盘
14:22:17	9.83	0.01	680	668440	买盘
14:22:13	9.82	0.01	467	458594	买盘
14:22:08	9.81	0.02	1651	1619631	买盘
14:22:02	9.79	0.02	5991	5865188	买盘
14:21:58	9.77	-0.01	837	817749	卖盘
14:21:53	9.78	--	1229	1201962	买盘
14:21:47	9.78	0.03	1617	1581426	买盘
14:21:43	9.75	0.01	1237	1206075	买盘
14:21:38	9.74	-0.01	405	394470	中性盘
14:21:32	9.75	0.04	1439	1403376	买盘
14:21:28	9.71	0.01	754	732134	买盘
14:21:23	9.7	--	4352	4221440	买盘
14:21:17	9.7	--	1712	1660639	买盘
14:21:13	9.7	--	236	228919	买盘
14:21:08	9.7	0.1	1239	1201830	买盘
14:21:02	9.6	0.02	733	703680	卖盘
14:20:58	9.58	--	45	43110	卖盘
14:20:53	9.58	0.01	10694	10244852	买盘
14:20:47	9.57	--	11032	10557624	买盘
14:20:43	9.57	0.01	64	61248	买盘
14:20:38	9.56	--	5	4780	卖盘
14:20:32	9.56	-0.01	50	47800	中性盘
14:20:28	9.57	0.03	1000	957000	买盘
14:20:23	9.54	-0.03	7	6677	卖盘
14:20:17	9.57	0.03	1000	957000	买盘
14:20:08	9.54	-0.01	30	28619	卖盘
14:20:02	9.55	--	65	62075	买盘
14:19:58	9.55	--	14	13370	买盘
14:19:43	9.55	--	10	9550	买盘
14:19:38	9.55	--	11	10505	卖盘
14:19:32	9.55	--	14	13370	卖盘
14:19:28	9.55	-0.01	5	4775	卖盘
14:19:23	9.56	0.01	20	19120	买盘
14:19:13	9.55	--	7	6685	卖盘
14:19:08	9.55	--	12	11460	卖盘
14:19:02	9.55	0.01	583	556765	买盘
14:18:58	9.54	--	123	117341	卖盘
14:18:53	9.54	-0.01	41	39114	卖盘
14:18:47	9.55	--	111	106005	卖盘
14:18:43	9.55	0.01	204	194820	买盘
14:18:38	9.54	--	11	10493	卖盘
14:18:32	9.54	-0.01	23	21941	卖盘
14:18:28	9.55	0.01	20	19100	买盘
14:18:23	9.54	--	111	105893	卖盘
14:18:13	9.54	-0.01	10	9540	中性盘
14:18:08	9.55	0.01	150	143250	买盘
14:18:02	9.54	0.01	78	74412	买盘
14:17:58	9.53	-0.01	94	89582	卖盘
14:17:53	9.54	--	90	85859	卖盘
14:17:47	9.54	--	35	33390	卖盘
14:17:43	9.54	--	5	4770	卖盘
14:17:32	9.54	--	51	48653	卖盘
14:17:23	9.54	-0.01	56	53423	卖盘
14:17:17	9.55	--	41	39155	买盘
14:17:07	9.55	-0.01	80	76400	卖盘
14:16:53	9.56	--	42	40152	买盘
14:16:47	9.56	0.01	228	217968	买盘
14:16:41	9.55	--	83	79265	卖盘
14:16:37	9.55	--	52	49660	卖盘
14:16:32	9.55	-0.01	146	139430	卖盘
14:16:26	9.56	--	40	38240	卖盘
14:16:22	9.56	--	42	40152	买盘
14:16:17	9.56	-0.01	104	99424	卖盘
14:16:11	9.57	0.01	76	72732	买盘
14:16:07	9.56	-0.01	2	1912	买盘
14:16:02	9.57	0.01	549	525393	买盘
14:15:56	9.56	--	170	162520	买盘
14:15:52	9.56	0.01	1	956	买盘
14:15:47	9.55	-0.02	48	45840	卖盘
14:15:41	9.57	0.02	421	402897	买盘
14:15:37	9.55	-0.02	15	14325	卖盘
14:15:32	9.57	0.01	164	156948	买盘
14:15:26	9.56	-0.01	372	355632	卖盘
14:15:22	9.57	0.01	30	28710	买盘
14:15:17	9.56	-0.01	148	141488	卖盘
14:15:11	9.57	0.01	74	70818	买盘
14:15:07	9.56	-0.01	61	58316	卖盘
14:15:02	9.57	--	194	185658	买盘
14:14:56	9.57	--	119	113883	买盘
14:14:52	9.57	0.01	76	72732	买盘
14:14:47	9.56	-0.01	3	2868	卖盘
14:14:41	9.57	0.01	102	97614	买盘
14:14:32	9.56	0.01	162	154872	买盘
14:14:26	9.55	--	139	132745	买盘
14:14:22	9.55	--	28	26740	买盘
14:14:17	9.55	0.01	241	230155	买盘
14:14:11	9.54	-0.01	52	49607	卖盘
14:14:07	9.55	--	20	19100	买盘
14:14:02	9.55	0.01	203	193865	买盘
14:13:56	9.54	--	1423	1357541	买盘
14:13:52	9.54	--	437	416897	买盘
14:13:47	9.54	--	311	296694	买盘
14:13:41	9.54	--	186	177443	买盘
14:13:37	9.54	--	180	171719	买盘
14:13:32	9.54	--	42	40068	买盘
14:13:26	9.54	--	277	264258	买盘
14:13:17	9.54	--	81	77274	买盘
14:13:07	9.54	--	20	19080	买盘
14:13:02	9.54	0.01	25	23849	买盘
14:12:56	9.53	--	474	451721	卖盘
14:12:52	9.53	-0.01	15	14294	卖盘
14:12:47	9.54	--	295	281430	买盘
14:12:41	9.54	--	229	218465	买盘
14:12:37	9.54	0.01	79	75366	买盘
14:12:32	9.53	--	10	9530	卖盘
14:12:26	9.53	-0.01	149	141997	卖盘
14:12:22	9.54	--	4	3815	买盘
14:12:17	9.54	0.01	169	161226	买盘
14:12:11	9.53	-0.01	5	4765	卖盘
14:12:07	9.54	--	51	48653	买盘
14:12:02	9.54	--	144	137376	买盘
14:11:56	9.54	--	110	104939	买盘
14:11:47	9.54	--	134	127835	买盘
14:11:41	9.54	0.01	88	83951	买盘
14:11:37	9.53	--	7	6671	卖盘
14:11:32	9.53	--	2	1905	卖盘
14:11:22	9.53	--	27	25731	卖盘
14:11:17	9.53	--	318	303054	买盘
14:11:07	9.53	--	10	9530	买盘
14:11:02	9.53	0.01	219	208707	买盘
14:10:56	9.52	-0.01	19	18088	卖盘
14:10:51	9.53	0.01	89	84817	买盘
14:10:47	9.52	--	107	101864	卖盘
14:10:41	9.52	--	179	170408	卖盘
14:10:35	9.52	--	59	56168	买盘
14:10:31	9.52	--	60	57120	卖盘
14:10:26	9.52	--	30	28560	卖盘
14:10:20	9.52	--	1	952	卖盘
14:10:16	9.52	-0.01	2	1904	卖盘
14:10:11	9.53	0.02	24	22872	买盘
14:10:05	9.51	-0.01	30	28530	卖盘
14:10:01	9.52	--	0	0	买盘
14:09:56	9.52	--	55	52360	买盘
14:09:50	9.52	--	277	263704	卖盘
14:09:46	9.52	-0.01	50	47600	卖盘
14:09:41	9.53	0.01	51	48603	买盘
14:09:35	9.52	--	60	57120	卖盘
14:09:31	9.52	--	6	5712	卖盘
14:09:26	9.52	--	101	96152	卖盘
14:09:20	9.52	--	5	4760	卖盘
14:09:16	9.52	--	10	9520	卖盘
14:09:11	9.52	--	16	15232	卖盘
14:08:56	9.52	0.01	122	116144	买盘
14:08:50	9.51	--	68	64668	卖盘
14:08:46	9.51	--	1	951	卖盘
14:08:41	9.51	--	40	38040	卖盘
14:08:31	9.51	0.01	88	83688	买盘
14:08:26	9.5	-0.01	50	47500	卖盘
14:08:20	9.51	--	142	135042	买盘
14:08:11	9.51	0.01	100	95100	中性盘
14:08:05	9.5	-0.01	522	495900	卖盘
14:07:56	9.51	-0.01	27	26162	卖盘
14:07:50	9.52	0.02	300	285600	买盘
14:07:46	9.5	-0.02	101	95950	卖盘
14:07:41	9.52	0.01	188	178976	买盘
14:07:35	9.51	-0.01	11	10461	卖盘
14:07:31	9.52	--	0	0	买盘
14:07:26	9.52	0.02	85	80920	买盘
14:07:20	9.5	--	0	0	卖盘
14:07:11	9.5	-0.02	127	120650	卖盘
14:07:05	9.52	0.01	216	205632	买盘
14:06:56	9.51	--	40	38040	卖盘
14:06:50	9.51	-0.01	30	28530	卖盘
14:06:46	9.52	0.01	9	8568	买盘
14:06:41	9.51	-0.01	36	34236	卖盘
14:06:35	9.52	0.01	75	71400	买盘
14:06:31	9.51	--	9	8559	卖盘
14:06:26	9.51	-0.01	40	38040	卖盘
14:06:20	9.52	--	100	95200	买盘
14:06:11	9.52	0.01	60	57120	买盘
14:06:05	9.51	--	5	4755	卖盘
14:05:56	9.51	--	222	211122	卖盘
14:05:50	9.51	-0.02	98	93198	中性盘
14:05:46	9.53	0.02	50	47650	买盘
14:05:41	9.51	--	356	338556	卖盘
14:05:35	9.51	-0.01	118	112218	卖盘
14:05:31	9.52	--	41	39032	买盘
14:05:26	9.52	0.01	25	23800	买盘
14:05:20	9.51	-0.01	212	201612	卖盘
14:05:16	9.52	--	19	18088	买盘
14:05:05	9.52	--	43	40936	买盘
14:04:56	9.52	--	510	485520	买盘
14:04:50	9.52	-0.01	608	578816	卖盘
14:04:46	9.53	--	20	19060	买盘
14:04:41	9.53	--	1	952	买盘
14:04:35	9.53	--	85	81005	买盘
14:04:31	9.53	--	33	31448	买盘
14:04:26	9.53	--	32	30495	买盘
14:04:20	9.53	--	90	85770	买盘
14:04:14	9.53	0.01	7	6671	买盘
14:03:59	9.52	-0.01	14	13328	卖盘
14:03:55	9.53	0.01	5	4765	买盘
14:03:50	9.52	--	38	36176	买盘
14:03:44	9.52	-0.01	176	167552	卖盘
14:03:40	9.53	0.01	9	8577	买盘
14:03:35	9.52	--	102	97104	卖盘
14:03:29	9.52	-0.01	46	43792	卖盘
14:03:20	9.53	0.01	6	5718	买盘
14:03:14	9.52	-0.01	30	28560	中性盘
14:03:10	9.53	0.01	27	25731	买盘
14:03:05	9.52	--	277	263704	卖盘
14:02:55	9.52	--	393	374136	卖盘
14:02:50	9.52	-0.02	92	87584	卖盘
14:02:44	9.54	0.02	109	103985	买盘
14:02:40	9.52	--	0	0	卖盘
14:02:35	9.52	-0.01	100	95200	卖盘
14:02:29	9.53	--	86	81958	买盘
14:02:25	9.53	--	5	4765	买盘
14:02:20	9.53	--	443	422179	买盘
14:02:10	9.53	0.01	5	4765	买盘
14:02:05	9.52	-0.01	10	9520	卖盘
14:01:59	9.53	0.01	25	23825	买盘
14:01:55	9.52	-0.01	105	99960	卖盘
14:01:50	9.53	0.01	671	639463	买盘
14:01:44	9.52	--	30	28560	卖盘
14:01:40	9.52	--	11	10472	卖盘
14:01:35	9.52	0.01	275	261800	买盘
14:01:29	9.51	-0.01	55	52305	卖盘
14:01:25	9.52	0.01	54	51408	买盘
14:01:20	9.51	--	166	157866	卖盘
14:01:14	9.51	--	225	213975	卖盘
14:01:10	9.51	-0.01	24	22824	卖盘
14:00:59	9.52	--	29	27608	买盘
14:00:50	9.52	--	27	25704	买盘
14:00:44	9.52	--	123	117096	卖盘
14:00:40	9.52	--	150	142800	卖盘
14:00:35	9.52	-0.01	337	320824	卖盘
14:00:29	9.53	--	25	23825	买盘
14:00:25	9.53	--	41	39073	买盘
14:00:20	9.53	0.01	1	952	买盘
14:00:14	9.52	--	162	154224	卖盘
14:00:05	9.52	-0.01	19	18088	卖盘
13:59:59	9.53	0.01	63	60038	买盘
13:59:55	9.52	-0.01	2	1904	卖盘
13:59:50	9.53	--	45	42885	买盘
13:59:44	9.53	0.01	12	11436	买盘
13:59:40	9.52	-0.01	183	174216	卖盘
13:59:35	9.53	--	31	29542	买盘
13:59:29	9.53	--	3	2859	买盘
13:59:25	9.53	--	1	952	买盘
13:59:20	9.53	--	49	46697	买盘
13:59:14	9.53	--	28	26684	买盘
13:59:05	9.53	--	87	82911	买盘
13:58:59	9.53	--	138	131514	买盘
13:58:55	9.53	0.01	24	22872	买盘
13:58:50	9.52	--	10	9520	卖盘
13:58:44	9.52	--	4	3808	卖盘
13:58:40	9.52	--	2	1904	卖盘
13:58:35	9.52	--	216	205632	卖盘
13:58:29	9.52	--	275	261800	卖盘
13:58:20	9.52	-0.01	6	5712	卖盘
13:58:14	9.53	--	130	123889	买盘
13:58:09	9.53	--	14	13342	买盘
13:58:05	9.53	--	292	278276	买盘
13:57:59	9.53	--	12	11436	买盘
13:57:49	9.53	0.01	13	12389	买盘
13:57:44	9.52	-0.01	104	99008	卖盘
13:57:38	9.53	0.01	10	9530	买盘
13:57:34	9.52	--	12	11424	卖盘
13:57:29	9.52	-0.01	60	57120	卖盘
13:57:23	9.53	--	22	20966	买盘
13:57:19	9.53	--	20	19060	买盘
13:57:14	9.53	-0.01	35	33355	卖盘
13:57:08	9.54	0.01	92	87767	买盘
13:56:59	9.53	-0.01	81	77193	卖盘
13:56:44	9.54	-0.02	660	629640	卖盘
13:56:38	9.56	-0.01	159	152004	卖盘
13:56:34	9.57	--	22	21054	买盘
13:56:29	9.57	0.01	99	94743	买盘
13:56:23	9.56	-0.01	21	20076	卖盘
13:56:14	9.57	--	39	37323	买盘
13:56:08	9.57	-0.01	278	266046	卖盘
13:56:04	9.58	--	85	81430	买盘
13:55:59	9.58	0.01	31	29698	买盘
13:55:53	9.57	--	51	48807	卖盘
13:55:49	9.57	--	318	304326	买盘
13:55:44	9.57	-0.01	85	81345	买盘
13:55:38	9.58	--	31	29698	买盘
13:55:34	9.58	--	6	5748	买盘
13:55:29	9.58	--	27	25866	买盘
13:55:23	9.58	--	449	430142	买盘
13:55:19	9.58	0.01	209	200222	买盘
13:55:14	9.57	--	219	209583	卖盘
13:55:08	9.57	0.01	510	488070	买盘
13:55:04	9.56	--	23	21988	卖盘
13:54:59	9.56	--	20	19120	卖盘
13:54:53	9.56	0.01	617	589852	买盘
13:54:49	9.55	--	33	31515	买盘
13:54:44	9.55	0.01	76	72580	买盘
13:54:38	9.54	--	22	20987	卖盘
13:54:34	9.54	0.02	44	41975	买盘
13:54:23	9.52	-0.01	16	15232	卖盘
13:54:19	9.53	0.01	10	9530	买盘
13:54:14	9.52	--	80	76160	卖盘
13:54:08	9.52	--	413	393176	买盘
13:54:04	9.52	0.01	200	190400	买盘
13:53:59	9.51	-0.01	125	118875	卖盘
13:53:53	9.52	--	183	174216	买盘
13:53:49	9.52	0.01	146	138992	买盘
13:53:44	9.51	--	28	26628	卖盘
13:53:38	9.51	-0.01	163	155013	卖盘
13:53:34	9.52	--	13	12376	买盘
13:53:29	9.52	--	70	66640	买盘
13:53:23	9.52	-0.02	379	360808	卖盘
13:53:19	9.54	--	5	4770	买盘
13:53:13	9.54	--	89	84905	卖盘
13:53:08	9.54	-0.01	15	14309	卖盘
13:53:04	9.55	-0.01	36	34380	中性盘
13:52:59	9.56	0.01	195	186420	买盘
13:52:53	9.55	-0.01	31	29605	卖盘
13:52:49	9.56	--	6	5736	买盘
13:52:44	9.56	--	32	30592	买盘
13:52:38	9.56	0.01	19	18164	买盘
13:52:34	9.55	--	10	9550	卖盘
13:52:29	9.55	-0.01	83	79265	卖盘
13:52:23	9.56	0.01	3	2868	买盘
13:52:19	9.55	--	0	0	卖盘
13:52:13	9.55	-0.02	70	66850	卖盘
13:52:08	9.57	-0.01	103	98571	中性盘
13:52:04	9.58	0.02	33	31614	买盘
13:51:59	9.56	-0.02	45	43020	卖盘
13:51:53	9.58	--	515	493370	买盘
13:51:48	9.58	-0.01	151	144658	卖盘
13:51:43	9.59	-0.01	50	47950	买盘
13:51:38	9.6	0.01	349	335376	买盘
13:51:33	9.59	-0.01	1723	1652357	卖盘
13:51:29	9.6	0.01	25	24000	买盘
13:51:23	9.59	--	200	191800	卖盘
13:51:17	9.59	-0.01	178	170702	卖盘
13:51:13	9.6	--	81	77760	买盘
13:51:08	9.6	--	416	399360	买盘
13:51:02	9.6	0.01	947	909120	买盘
13:50:58	9.59	--	548	525532	卖盘
13:50:53	9.59	--	1130	1084293	买盘
13:50:47	9.59	--	188	180292	买盘
13:50:43	9.59	0.01	15	14385	买盘
13:50:38	9.58	--	68	65144	卖盘
13:50:32	9.58	0.01	147	140826	买盘
13:50:28	9.57	-0.01	147	140679	卖盘
13:50:23	9.58	0.02	559	535522	买盘
13:50:17	9.56	-0.02	162	154872	卖盘
13:50:13	9.58	0.01	47	45026	买盘
13:50:08	9.57	0.01	683	653631	买盘
13:50:02	9.56	0.01	60	57360	买盘
13:49:58	9.55	--	170	162350	卖盘
13:49:53	9.55	--	122	116510	卖盘
13:49:47	9.55	0.04	2619	2501145	买盘
13:49:38	9.51	0.01	275	261525	买盘
13:49:23	9.5	--	46	43700	买盘
13:49:17	9.5	--	21	19950	买盘
13:49:13	9.5	--	6	5700	买盘
13:49:08	9.5	--	10	9500	买盘
13:49:02	9.5	--	171	162450	买盘
13:48:58	9.5	--	64	60800	买盘
13:48:47	9.5	0.01	20	19000	买盘
13:48:43	9.49	--	1	949	卖盘
13:48:38	9.49	--	20	18980	卖盘
13:48:32	9.49	0.01	2585	2453165	买盘
13:48:13	9.48	0.01	62	58776	买盘
13:48:08	9.47	-0.01	3	2841	卖盘
13:48:02	9.48	--	11	10428	买盘
13:47:53	9.48	--	11	10428	买盘
13:47:47	9.48	--	5	4740	买盘
13:47:43	9.48	0.01	3	2844	买盘
13:47:38	9.47	-0.01	5	4735	卖盘
13:47:32	9.48	0.01	10	9480	买盘
13:47:23	9.47	--	10	9470	卖盘
13:47:17	9.47	-0.01	100	94700	卖盘
13:47:13	9.48	0.01	100	94800	买盘
13:47:08	9.47	--	19	17993	卖盘
13:47:02	9.47	--	8	7576	卖盘
13:46:53	9.47	--	19	17993	买盘
13:46:47	9.47	0.01	82	77654	买盘
13:46:43	9.46	--	20	18920	卖盘
13:46:37	9.46	--	6	5676	卖盘
13:46:28	9.46	--	20	18920	买盘
13:46:17	9.46	0.01	25	23650	买盘
13:46:13	9.45	--	62	58589	卖盘
13:46:08	9.45	--	2	1889	卖盘
13:46:02	9.45	--	2	1889	卖盘
13:45:58	9.45	--	139	131355	卖盘
13:45:53	9.45	--	35	33075	卖盘
13:45:47	9.45	--	2	1889	卖盘
13:45:43	9.45	--	5	4725	卖盘
13:45:38	9.45	0.02	798	754110	买盘
13:45:32	9.43	--	26	24518	卖盘
13:45:27	9.43	-0.01	18	16974	卖盘
13:45:23	9.44	0.01	4	3776	买盘
13:45:13	9.43	-0.02	7	6601	卖盘
13:45:07	9.45	--	100	94500	买盘
13:45:02	9.45	--	0	0	买盘
13:44:58	9.45	--	10	9450	买盘
13:44:52	9.45	--	0	0	买盘
13:44:47	9.45	0.03	53	50084	买盘
13:44:41	9.42	-0.03	1	942	中性盘
13:44:37	9.45	--	0	0	买盘
13:44:32	9.45	--	0	0	买盘
13:44:26	9.45	0.05	20	18900	买盘
13:44:22	9.4	-0.05	1200	1128000	卖盘
13:44:17	9.45	--	157	148365	卖盘
13:44:11	9.45	-0.01	42	39690	卖盘
13:43:56	9.46	--	260	245960	卖盘
13:43:47	9.46	--	103	97438	卖盘
13:43:41	9.46	0.01	133	125818	买盘
13:43:37	9.45	-0.01	4	3779	卖盘
13:43:32	9.46	--	425	402050	卖盘
13:43:26	9.46	0.01	5	4730	卖盘
13:43:11	9.45	--	0	0	卖盘
13:43:07	9.45	--	15	14174	卖盘
13:43:02	9.45	-0.01	34	32129	卖盘
13:42:56	9.46	--	24	22704	买盘
13:42:47	9.46	-0.01	257	243122	卖盘
13:42:32	9.47	--	39	36933	买盘
13:42:26	9.47	--	2	1894	买盘
13:42:17	9.47	--	20	18940	买盘
13:42:11	9.47	--	4	3788	卖盘
13:42:07	9.47	-0.02	29	27463	卖盘
13:42:02	9.49	--	37	35113	买盘
13:41:52	9.49	0.01	14	13286	买盘
13:41:47	9.48	--	38	36024	买盘
13:41:41	9.48	--	1	948	买盘
13:41:37	9.48	--	14	13272	买盘
13:41:32	9.48	-0.01	35	33180	卖盘
13:41:26	9.49	0.01	146	138554	买盘
13:41:22	9.48	-0.01	50	47400	卖盘
13:41:17	9.49	--	58	55042	买盘
13:41:11	9.49	--	9	8541	买盘
13:41:07	9.49	0.01	5	4745	买盘
13:40:56	9.48	-0.02	38	36024	卖盘
13:40:52	9.5	0.01	143	135850	买盘
13:40:47	9.49	--	150	142350	卖盘
13:40:41	9.49	-0.01	522	495378	卖盘
13:40:37	9.5	0.01	5	4750	买盘
13:40:26	9.49	--	200	189800	卖盘
13:40:22	9.49	-0.01	7	6643	买盘
13:40:16	9.5	--	0	0	买盘
13:40:11	9.5	0.01	90	85500	买盘
13:40:07	9.49	--	13	12337	买盘
13:40:01	9.49	--	17	16133	买盘
13:39:56	9.49	--	135	128115	卖盘
13:39:51	9.49	0.01	14	13286	买盘
13:39:46	9.48	--	97	91956	卖盘
13:39:41	9.48	-0.01	23	21804	卖盘
13:39:31	9.49	0.01	7	6643	买盘
13:39:26	9.48	--	53	50244	卖盘
13:39:16	9.48	--	23	21804	卖盘
13:39:11	9.48	--	5	4740	卖盘
13:39:07	9.48	0.02	131	124188	买盘
13:39:01	9.46	-0.01	20	18920	中性盘
13:38:56	9.47	0.01	205	194135	买盘
13:38:51	9.46	0.01	42	39732	买盘
13:38:46	9.45	-0.01	7	6614	卖盘
13:38:41	9.46	0.01	28	26488	买盘
13:38:37	9.45	--	54	51029	卖盘
13:38:31	9.45	0.02	1295	1223775	买盘
13:38:26	9.43	--	0	0	卖盘
13:38:20	9.43	-0.01	88	82984	卖盘
13:38:16	9.44	0.01	20	18880	买盘
13:38:11	9.43	0.01	35	33005	卖盘
13:38:05	9.42	--	88	82896	卖盘
13:38:01	9.42	-0.01	44	41448	卖盘
13:37:56	9.43	--	157	148051	卖盘
13:37:50	9.43	0.01	122	115046	买盘
13:37:41	9.42	--	85	80070	买盘
13:37:35	9.42	--	0	0	中性盘
13:37:31	9.42	--	49	46158	卖盘
13:37:26	9.42	--	33	31086	卖盘
13:37:20	9.42	--	10	9420	卖盘
13:37:11	9.42	--	0	0	卖盘
13:37:05	9.42	-0.01	95	89490	卖盘
13:36:56	9.43	0.02	286	269698	买盘
13:36:50	9.41	--	43	40463	卖盘
13:36:41	9.41	-0.01	5	4705	卖盘
13:36:35	9.42	--	1	942	买盘
13:36:26	9.42	--	33	31086	买盘
13:36:20	9.42	--	94	88548	卖盘
13:36:16	9.42	--	35	32970	卖盘
13:36:11	9.42	--	67	63114	卖盘
13:36:05	9.42	-0.01	33	31086	卖盘
13:35:56	9.43	0.01	6	5658	买盘
13:35:50	9.42	-0.01	2	1884	卖盘
13:35:46	9.43	0.01	13	12259	中性盘
13:35:41	9.42	-0.01	121	113982	卖盘
13:35:31	9.43	--	10	9430	买盘
13:35:26	9.43	--	16	15088	卖盘
13:35:20	9.43	-0.01	148	139564	卖盘
13:35:05	9.44	--	63	59472	买盘
13:34:56	9.44	0.01	49	46256	买盘
13:34:50	9.43	-0.01	9	8487	卖盘
13:34:41	9.44	--	45	42480	买盘
13:34:26	9.44	0.01	25	23600	买盘
13:34:20	9.43	--	13	12259	卖盘
13:34:16	9.43	--	62	58466	卖盘
13:34:11	9.43	--	126	118818	卖盘
13:34:05	9.43	--	8	7544	卖盘
13:33:55	9.43	--	4	3772	买盘
13:33:50	9.43	-0.01	117	110331	卖盘
13:33:35	9.44	0.01	294	277536	买盘
13:33:31	9.43	--	13	12259	卖盘
13:33:25	9.43	-0.01	150	141450	卖盘
13:33:10	9.44	0.01	26	24544	买盘
13:33:01	9.43	--	50	47150	卖盘
13:32:55	9.43	--	117	110331	买盘
13:32:50	9.43	--	63	59409	买盘
13:32:46	9.43	--	2	1886	买盘
13:32:40	9.43	--	25	23575	买盘
13:32:35	9.43	--	72	67896	卖盘
13:32:30	9.43	--	1	943	卖盘
13:32:25	9.43	--	19	17917	卖盘
13:32:20	9.43	--	80	75440	卖盘
13:32:10	9.43	--	200	188600	卖盘
13:32:05	9.43	--	1	943	卖盘
13:31:55	9.43	--	15	14145	卖盘
13:31:50	9.43	-0.02	7	6601	卖盘
13:31:44	9.45	0.02	7	6614	买盘
13:31:40	9.43	-0.01	122	115046	卖盘
13:31:35	9.44	-0.01	27	25488	卖盘
13:31:29	9.45	--	8	7559	买盘
13:31:20	9.45	0.01	12	11340	买盘
13:31:14	9.44	--	17	16048	卖盘
13:31:10	9.44	0.01	123	116112	买盘
13:31:05	9.43	--	3	2829	卖盘
13:30:59	9.43	--	9	8487	卖盘
13:30:50	9.43	-0.02	5	4715	卖盘
13:30:44	9.45	--	0	0	买盘
13:30:35	9.45	--	1	944	买盘
13:30:29	9.45	0.04	1	944	买盘
13:30:25	9.41	-0.04	1	941	卖盘
13:30:20	9.45	0.05	20	18900	买盘
13:30:14	9.4	--	0	0	卖盘
13:30:10	9.4	-0.04	4008	3767520	卖盘
13:29:55	9.44	--	0	0	卖盘
13:29:50	9.44	-0.01	26	24544	卖盘
13:29:44	9.45	-0.01	29	27404	中性盘
13:29:29	9.46	0.01	411	388806	买盘
13:29:25	9.45	--	3	2835	卖盘
13:29:20	9.45	--	6	5670	卖盘
13:29:14	9.45	--	35	33075	卖盘
13:28:59	9.45	--	93	87885	卖盘
13:28:55	9.45	--	12	11340	卖盘
13:28:50	9.45	--	62	58589	买盘
13:28:44	9.45	--	82	77490	卖盘
13:28:35	9.45	--	228	215459	买盘
13:28:29	9.45	0.02	2	1889	买盘
13:28:24	9.43	--	0	0	卖盘
13:28:20	9.43	-0.03	310	292330	卖盘
13:28:14	9.46	--	2	1892	买盘
13:28:05	9.46	--	159	150414	卖盘
13:27:59	9.46	--	682	645172	卖盘
13:27:50	9.46	-0.01	10	9460	卖盘
13:27:35	9.47	--	258	244326	卖盘
13:27:29	9.47	--	140	132580	卖盘
13:27:24	9.47	--	814	770858	卖盘
13:27:19	9.47	--	41	38827	卖盘
13:27:14	9.47	--	43	40721	卖盘
13:27:09	9.47	-0.01	10	9470	卖盘
13:27:04	9.48	--	121	114708	买盘
13:26:59	9.48	--	8	7584	买盘
13:26:49	9.48	--	67	63516	卖盘
13:26:44	9.48	--	189	179172	卖盘
13:26:40	9.48	--	334	316632	买盘
13:26:34	9.48	--	66	62568	买盘
13:26:29	9.48	--	1	948	买盘
13:26:25	9.48	--	61	57828	卖盘
13:26:19	9.48	--	20	18960	卖盘
13:26:14	9.48	--	139	131772	卖盘
13:26:09	9.48	--	72	68256	卖盘
13:26:04	9.48	--	1	948	卖盘
13:25:59	9.48	--	70	66360	买盘
13:25:54	9.48	--	162	153576	买盘
13:25:49	9.48	--	130	123240	卖盘
13:25:44	9.48	--	11	10428	卖盘
13:25:39	9.48	--	13	12324	卖盘
13:25:34	9.48	--	43	40764	卖盘
13:25:19	9.48	--	5	4740	卖盘
13:25:14	9.48	-0.01	5	4740	买盘
13:25:08	9.49	0.01	55	52195	买盘
13:25:04	9.48	-0.01	143	135564	卖盘
13:24:59	9.49	--	106	100594	买盘
13:24:53	9.49	0.01	9	8541	买盘
13:24:44	9.48	-0.01	122	115656	卖盘
13:24:38	9.49	--	64	60736	买盘
13:24:34	9.49	--	20	18980	买盘
13:24:14	9.49	0.01	30	28470	买盘
13:24:08	9.48	-0.01	5	4740	卖盘
13:24:04	9.49	--	57	54093	卖盘
13:23:53	9.49	--	6	5694	卖盘
13:23:49	9.49	--	2	1898	卖盘
13:23:44	9.49	--	30	28470	卖盘
13:23:38	9.49	--	144	136656	买盘
13:23:14	9.49	0.01	12	11388	买盘
13:23:08	9.48	--	149	141252	卖盘
13:23:04	9.48	-0.01	51	48348	卖盘
13:22:59	9.49	0.01	176	167024	买盘
13:22:49	9.48	--	11	10428	卖盘
13:22:38	9.48	--	49	46452	卖盘
13:22:23	9.48	--	9	8532	卖盘
13:22:19	9.48	--	180	170640	买盘
13:22:14	9.48	--	3	2844	买盘
13:22:04	9.48	--	66	62568	买盘
13:21:59	9.48	--	293	277764	卖盘
13:21:53	9.48	--	20	18960	卖盘
13:21:49	9.48	--	21	19908	卖盘
13:21:29	9.48	--	300	284400	卖盘
13:21:23	9.48	--	21	19908	卖盘
13:21:19	9.48	--	14	13272	卖盘
13:21:08	9.48	-0.01	5	4740	卖盘
13:20:53	9.49	0.01	11	10439	买盘
13:20:43	9.48	--	184	174432	卖盘
13:20:38	9.48	-0.01	32	30336	卖盘
13:20:33	9.49	--	20	18980	买盘
13:20:23	9.49	--	61	57889	买盘
13:19:58	9.49	0.01	2	1898	买盘
13:19:53	9.48	--	24	22752	卖盘
13:19:43	9.48	-0.01	10	9480	卖盘
13:19:23	9.49	-0.01	63	59787	卖盘
13:19:18	9.5	--	50	47500	买盘
13:19:08	9.5	--	1	950	买盘
13:18:58	9.5	--	0	0	买盘
13:18:53	9.5	--	473	449350	买盘
13:18:43	9.5	0.01	32	30400	买盘
13:18:32	9.49	--	2	1898	卖盘
13:18:28	9.49	--	64	60736	卖盘
13:18:23	9.49	--	30	28470	卖盘
13:18:13	9.49	--	10	9490	卖盘
13:18:02	9.49	--	11	10439	卖盘
13:17:58	9.49	--	19	18031	买盘
13:17:53	9.49	--	5	4745	买盘
13:17:47	9.49	0.01	2	1898	买盘
13:17:43	9.48	-0.01	30	28440	卖盘
13:17:38	9.49	0.01	29	27521	买盘
13:17:23	9.48	-0.01	6	5688	卖盘
13:17:13	9.49	0.01	2	1898	买盘
13:16:58	9.48	--	1	948	卖盘
13:16:53	9.48	--	90	85320	买盘
13:16:47	9.48	0.01	22	20856	买盘
13:16:38	9.47	--	20	18940	卖盘
13:16:32	9.47	--	1	947	卖盘
13:16:28	9.47	-0.01	30	28410	卖盘
13:16:23	9.48	--	20	18960	买盘
13:16:17	9.48	--	613	581124	卖盘
13:16:13	9.48	--	20	18960	卖盘
13:16:08	9.48	--	20	18960	卖盘
13:15:53	9.48	--	52	49296	卖盘
13:15:47	9.48	--	44	41712	卖盘
13:15:43	9.48	--	1	948	卖盘
13:15:32	9.48	--	21	19908	卖盘
13:15:17	9.48	--	0	0	卖盘
13:15:13	9.48	-0.02	20	18960	卖盘
13:15:08	9.5	0.01	24	22800	买盘
13:15:02	9.49	--	6	5694	买盘
13:14:53	9.49	-0.01	39	37011	卖盘
13:14:47	9.5	--	37	35150	买盘
13:14:38	9.5	0.01	2	1900	买盘
13:14:32	9.49	--	10	9490	卖盘
13:14:23	9.49	-0.01	31	29419	卖盘
13:14:17	9.5	--	18	17100	买盘
13:14:02	9.5	--	138	131100	买盘
13:13:57	9.5	0.01	21	19950	买盘
13:13:52	9.49	-0.01	189	179361	卖盘
13:13:47	9.5	0.01	197	187150	买盘
13:13:42	9.49	--	3	2847	卖盘
13:13:32	9.49	-0.01	1	949	卖盘
13:13:22	9.5	--	388	368600	卖盘
13:13:17	9.5	--	12	11400	卖盘
13:13:12	9.5	--	5	4750	卖盘
13:13:07	9.5	--	30	28500	卖盘
13:13:02	9.5	-0.01	178	169100	卖盘
13:12:52	9.51	0.01	20	19020	买盘
13:12:47	9.5	--	26	24700	卖盘
13:12:42	9.5	--	20	19000	卖盘
13:12:37	9.5	--	30	28500	卖盘
13:12:32	9.5	--	33	31350	卖盘
13:12:27	9.5	--	1	950	卖盘
13:12:07	9.5	0.01	175	166250	买盘
13:12:02	9.49	-0.01	5	4745	卖盘
13:11:41	9.5	--	0	0	中性盘
13:11:32	9.5	--	25	23750	买盘
13:11:26	9.5	--	194	184300	卖盘
13:11:11	9.5	0.01	151	143450	买盘
13:11:02	9.49	-0.01	15	14235	卖盘
13:10:47	9.5	-0.01	5	4750	卖盘
13:10:41	9.51	0.04	51	48501	买盘
13:10:37	9.47	-0.03	274	259478	卖盘
13:10:32	9.5	--	160	152000	卖盘
13:10:22	9.5	--	99	94050	卖盘
13:10:17	9.5	--	46	43700	卖盘
13:10:11	9.5	--	238	226100	买盘
13:10:07	9.5	0.01	3	2850	买盘
13:10:02	9.49	--	5	4745	卖盘
13:09:56	9.49	-0.01	1	949	卖盘
13:09:52	9.5	0.02	60	57000	买盘
13:09:47	9.48	-0.01	30	28440	卖盘
13:09:41	9.49	0.01	45	42705	买盘
13:09:37	9.48	--	10	9480	卖盘
13:09:32	9.48	--	165	156420	卖盘
13:09:26	9.48	--	2	1896	卖盘
13:09:22	9.48	-0.02	2	1896	卖盘
13:09:17	9.5	0.02	64	60800	买盘
13:09:11	9.48	--	10	9480	卖盘
13:09:07	9.48	--	2	1896	卖盘
13:09:02	9.48	-0.01	25	23700	卖盘
13:08:52	9.49	--	30	28470	买盘
13:08:47	9.49	--	12	11388	买盘
13:08:41	9.49	--	47	44603	卖盘
13:08:37	9.49	--	52	49348	卖盘
13:08:32	9.49	--	0	0	卖盘
13:08:26	9.49	-0.01	284	269516	卖盘
13:08:11	9.5	--	0	0	买盘
13:07:47	9.5	--	0	0	买盘
13:07:41	9.5	--	257	244150	买盘
13:07:31	9.5	--	29	27550	买盘
13:07:16	9.5	0.04	1	950	买盘
13:07:11	9.46	-0.04	750	709500	卖盘
13:07:06	9.5	--	32	30400	买盘
13:07:01	9.5	-0.01	77	73150	中性盘
13:06:56	9.51	--	20	19020	卖盘
13:06:51	9.51	-0.01	6	5706	卖盘
13:06:41	9.52	--	6	5712	卖盘
13:06:36	9.52	0.06	200	190400	卖盘
13:06:25	9.46	--	0	0	卖盘
13:06:16	9.46	-0.06	4133	3909818	卖盘
13:06:11	9.52	--	13	12376	卖盘
13:06:06	9.52	0.01	145	138040	买盘
13:05:56	9.51	-0.02	66	62766	卖盘
13:05:51	9.53	--	0	0	买盘
13:05:46	9.53	0.02	421	401213	买盘
13:05:36	9.51	-0.02	4	3804	卖盘
13:05:31	9.53	--	0	0	买盘
13:05:26	9.53	--	110	104830	买盘
13:05:21	9.53	--	3	2859	买盘
13:05:16	9.53	--	180	171540	卖盘
13:05:11	9.53	--	30	28589	卖盘
13:05:05	9.53	--	131	124842	卖盘
13:05:01	9.53	--	5	4765	卖盘
13:04:56	9.53	--	104	99112	卖盘
13:04:50	9.53	--	200	190600	卖盘
13:04:46	9.53	--	21	20013	卖盘
13:04:41	9.53	--	5	4765	卖盘
13:04:35	9.53	--	126	120077	卖盘
13:04:31	9.53	--	267	254450	卖盘
13:04:26	9.53	0.03	250	238249	买盘
13:04:20	9.5	-0.02	7	6650	卖盘
13:04:01	9.52	-0.01	40	38080	卖盘
13:03:50	9.53	-0.01	37	35261	卖盘
13:03:35	9.54	--	17	16217	买盘
13:03:31	9.54	--	23	21941	买盘
13:03:26	9.54	--	70	66780	买盘
13:03:20	9.54	--	124	118295	卖盘
13:03:11	9.54	--	24	22895	卖盘
13:03:05	9.54	--	58	55331	卖盘
13:03:01	9.54	--	28	26711	卖盘
13:02:56	9.54	-0.01	14	13355	卖盘
13:02:46	9.55	0.01	3	2865	买盘
13:02:41	9.54	--	19	18126	卖盘
13:02:35	9.54	-0.01	81	77274	中性盘
13:02:26	9.55	-0.01	127	121285	卖盘
13:02:20	9.56	0.01	83	79348	买盘
13:02:11	9.55	--	95	90725	买盘
13:02:01	9.55	--	8	7640	买盘
13:01:56	9.55	--	21	20055	卖盘
13:01:50	9.55	--	39	37245	卖盘
13:01:46	9.55	--	25	23875	卖盘
13:01:41	9.55	--	81	77355	卖盘
13:01:35	9.55	0.02	90	85950	买盘
13:01:26	9.53	-0.03	6	5718	中性盘
13:01:20	9.56	0.04	50	47800	买盘
13:01:15	9.52	-0.03	25	23800	卖盘
13:01:11	9.55	0.01	898	857590	买盘
13:01:05	9.54	--	15	14309	买盘
13:01:00	9.54	--	0	0	买盘
13:00:55	9.54	--	43	41021	买盘
13:00:49	9.54	0.03	135	128789	买盘
13:00:45	9.51	-0.03	15	14265	卖盘
13:00:41	9.54	0.03	3	2861	买盘
13:00:35	9.51	--	23	21873	卖盘
13:00:30	9.51	-0.03	10	9510	卖盘
13:00:20	9.54	0.04	438	417851	买盘
13:00:15	9.5	--	0	0	卖盘
13:00:10	9.5	-0.02	336	319200	卖盘
13:00:05	9.52	0.02	225	214200	买盘
11:30:00	9.5	--	0	0	买盘
11:29:59	9.5	--	0	0	买盘
11:29:55	9.5	--	16	15200	买盘
11:29:46	9.5	--	16	15200	买盘
11:29:40	9.5	-0.01	404	383800	卖盘
11:29:36	9.51	0.01	5	4755	买盘
11:29:31	9.5	--	10	9500	卖盘
11:29:25	9.5	--	50	47500	卖盘
11:29:21	9.5	--	1	950	卖盘
11:29:16	9.5	--	23	21850	卖盘
11:29:01	9.5	--	32	30400	买盘
11:28:55	9.5	--	12	11400	买盘
11:28:51	9.5	--	25	23750	买盘
11:28:46	9.5	--	37	35150	卖盘
11:28:40	9.5	--	35	33250	买盘
11:28:36	9.5	--	111	105450	买盘
11:28:31	9.5	--	102	96900	买盘
11:28:25	9.5	--	161	152950	买盘
11:28:21	9.5	--	6	5700	买盘
11:28:16	9.5	--	17	16150	买盘
11:28:10	9.5	0.01	5	4750	买盘
11:28:06	9.49	-0.01	50	47450	卖盘
11:28:01	9.5	0.01	60	57000	买盘
11:27:55	9.49	-0.01	105	99645	卖盘
11:27:51	9.5	--	1	950	买盘
11:27:46	9.5	0.01	20	19000	买盘
11:27:40	9.49	-0.01	49	46501	卖盘
11:27:36	9.5	--	43	40850	买盘
11:27:31	9.5	-0.02	73	69350	卖盘
11:27:25	9.52	--	201	191352	买盘
11:27:21	9.52	--	73	69496	买盘
11:27:16	9.52	--	62	59024	买盘
11:27:10	9.52	--	267	254184	卖盘
11:27:06	9.52	--	56	53312	卖盘
11:27:01	9.52	--	138	131376	卖盘
11:26:55	9.52	-0.01	61	58072	卖盘
11:26:51	9.53	0.01	15	14294	买盘
11:26:46	9.52	-0.01	311	296072	卖盘
11:26:40	9.53	--	152	144856	买盘
11:26:36	9.53	--	15	14294	买盘
11:26:31	9.53	--	99	94347	卖盘
11:26:25	9.53	-0.01	166	158198	买盘
11:26:21	9.54	--	0	0	买盘
11:26:16	9.54	0.02	232	221327	买盘
11:26:10	9.52	--	74	70448	买盘
11:26:06	9.52	--	51	48552	买盘
11:26:01	9.52	--	183	174216	卖盘
11:25:55	9.52	0.02	100	95200	买盘
11:25:51	9.5	-0.02	7	6650	卖盘
11:25:46	9.52	--	32	30464	买盘
11:25:40	9.52	0.02	134	127568	买盘
11:25:36	9.5	-0.02	19	18050	卖盘
11:25:31	9.52	0.01	305	290360	买盘
11:25:25	9.51	--	92	87492	买盘
11:25:16	9.51	0.01	39	37089	买盘
11:25:10	9.5	0.03	354	336300	买盘
11:25:06	9.47	--	28	26516	买盘
11:25:01	9.47	--	186	176142	买盘
11:24:55	9.47	-0.03	220	208340	卖盘
11:24:46	9.5	0.04	585	555750	买盘
11:24:40	9.46	-0.04	5	4730	卖盘
11:24:34	9.5	0.04	1458	1385100	买盘
11:24:31	9.46	--	25	23650	卖盘
11:24:25	9.46	--	12	11352	卖盘
11:24:19	9.46	0.01	75	70950	买盘
11:24:16	9.45	-0.01	10	9450	卖盘
11:24:10	9.46	--	50	47300	买盘
11:24:04	9.46	0.01	8	7568	买盘
11:24:01	9.45	--	3	2835	卖盘
11:23:55	9.45	--	23	21735	买盘
11:23:49	9.45	--	0	0	中性盘
11:23:46	9.45	--	20	18900	买盘
11:23:40	9.45	--	36	34020	买盘
11:23:34	9.45	0.01	18	17010	买盘
11:23:19	9.44	--	8	7552	卖盘
11:23:10	9.44	-0.01	13	12272	卖盘
11:23:04	9.45	0.02	606	572670	买盘
11:22:55	9.43	--	64	60352	卖盘
11:22:45	9.43	--	25	23575	卖盘
11:22:40	9.43	--	82	77326	卖盘
11:22:34	9.43	--	35	33005	卖盘
11:22:30	9.43	--	7	6601	买盘
11:22:25	9.43	--	23	21689	买盘
11:22:19	9.43	--	11	10373	买盘
11:22:15	9.43	0.01	104	98072	买盘
11:22:10	9.42	--	1	942	卖盘
11:22:04	9.42	--	33	31086	卖盘
11:22:00	9.42	--	4	3768	卖盘
11:21:55	9.42	-0.01	47	44274	卖盘
11:21:49	9.43	0.01	114	107502	买盘
11:21:45	9.42	--	36	33912	卖盘
11:21:40	9.42	-0.01	54	50868	卖盘
11:21:34	9.43	--	1	943	买盘
11:21:30	9.43	--	59	55637	买盘
11:21:19	9.43	0.01	5	4715	卖盘
11:21:15	9.42	-0.03	60	56520	卖盘
11:21:10	9.45	--	0	0	买盘
11:21:04	9.45	--	48	45360	卖盘
11:21:00	9.45	0.03	21	19845	买盘
11:20:55	9.42	--	0	0	卖盘
11:20:49	9.42	-0.01	647	609474	卖盘
11:20:45	9.43	--	41	38663	买盘
11:20:40	9.43	--	15	14145	卖盘
11:20:34	9.43	--	20	18860	卖盘
11:20:19	9.43	0.01	10	9430	卖盘
11:20:15	9.42	--	10	9420	买盘
11:20:10	9.42	--	95	89490	卖盘
11:20:04	9.42	-0.02	126	118692	卖盘
11:20:00	9.44	0.02	10	9440	买盘
11:19:55	9.42	--	22	20724	卖盘
11:19:49	9.42	--	116	109272	卖盘
11:19:45	9.42	--	43	40506	卖盘
11:19:40	9.42	0.01	418	393756	买盘
11:19:30	9.41	-0.01	2	1882	卖盘
11:19:19	9.42	--	74	69708	卖盘
11:19:04	9.42	-0.03	423	398466	卖盘
11:18:55	9.45	--	60	56699	卖盘
11:18:40	9.45	-0.01	100	94500	卖盘
11:18:28	9.46	--	119	112574	卖盘
11:18:25	9.46	-0.01	23	21758	卖盘
11:18:19	9.47	--	95	89965	买盘
11:18:13	9.47	--	10	9470	买盘
11:18:10	9.47	--	99	93753	卖盘
11:18:04	9.47	--	155	146785	卖盘
11:17:58	9.47	--	6	5682	卖盘
11:17:49	9.47	-0.01	11	10417	卖盘
11:17:43	9.48	--	10	9480	买盘
11:17:34	9.48	--	13	12324	买盘
11:17:28	9.48	--	74	70152	买盘
11:17:13	9.48	-0.01	48	45504	中性盘
11:17:04	9.49	--	188	178412	买盘
11:16:58	9.49	0.01	46	43654	买盘
11:16:54	9.48	--	80	75840	卖盘
11:16:49	9.48	-0.01	71	67308	卖盘
11:16:39	9.49	0.01	6	5694	买盘
11:16:34	9.48	--	49	46916	买盘
11:16:28	9.48	0.01	190	180120	买盘
11:16:24	9.47	0.01	80	75760	卖盘
11:16:19	9.46	-0.02	5	4730	卖盘
11:16:13	9.48	0.01	601	569748	买盘
11:16:04	9.47	--	46	43562	卖盘
11:15:58	9.47	--	338	320086	卖盘
11:15:49	9.47	0.01	131	124057	买盘
11:15:43	9.46	--	20	18920	卖盘
11:15:34	9.46	0.01	138	130548	买盘
11:15:19	9.45	--	10	9450	买盘
11:15:13	9.45	--	80	75600	买盘
11:15:09	9.45	--	106	100169	卖盘
11:15:04	9.45	--	18	17010	卖盘
11:14:58	9.45	--	298	281610	卖盘
11:14:54	9.45	--	3	2835	卖盘
11:14:43	9.45	-0.01	10	9450	卖盘
11:14:28	9.46	--	0	0	买盘
11:14:24	9.46	0.01	129	122034	买盘
11:14:13	9.45	-0.01	64	60479	卖盘
11:14:04	9.46	--	46	43516	卖盘
11:13:58	9.46	0.01	100	94600	买盘
11:13:54	9.45	--	2	1889	买盘
11:13:49	9.45	-0.01	18	17010	卖盘
11:13:43	9.46	0.01	120	113520	买盘
11:13:34	9.45	--	2	1889	买盘
11:13:28	9.45	-0.01	32	30239	卖盘
11:13:24	9.46	0.01	30	28380	买盘
11:13:19	9.45	--	9	8505	中性盘
11:13:13	9.45	--	115	108674	卖盘
11:13:09	9.45	--	3	2835	卖盘
11:12:58	9.45	--	94	88830	买盘
11:12:54	9.45	--	12	11340	买盘
11:12:49	9.45	--	64	60479	买盘
11:12:34	9.45	0.01	30	28349	买盘
11:12:28	9.44	--	25	23600	买盘
11:12:19	9.44	--	13	12272	买盘
11:12:13	9.44	--	3	2832	买盘
11:12:07	9.44	0.01	49	46256	买盘
11:12:04	9.43	--	1	943	卖盘
11:11:58	9.43	0.01	393	370599	买盘
11:11:52	9.42	--	127	119634	卖盘
11:11:49	9.42	-0.01	10	9420	卖盘
11:11:37	9.43	--	205	193315	买盘
11:11:34	9.43	0.01	22	20746	买盘
11:11:19	9.42	--	10	9420	卖盘
11:11:07	9.42	--	57	53694	买盘
11:11:03	9.42	--	40	37680	买盘
11:10:58	9.42	0.01	102	96084	买盘
11:10:52	9.41	-0.01	51	47991	卖盘
11:10:43	9.42	--	201	189342	买盘
11:10:37	9.42	--	102	96084	买盘
11:10:33	9.42	--	100	94200	买盘
11:10:28	9.42	0.01	4	3768	买盘
11:10:18	9.41	--	15	14115	卖盘
11:10:07	9.41	--	26	24466	卖盘
11:10:03	9.41	--	12	11292	卖盘
11:09:58	9.41	--	177	166557	买盘
11:09:52	9.41	--	1	941	买盘
11:09:48	9.41	--	30	28230	买盘
11:09:43	9.41	--	4	3764	买盘
11:09:33	9.41	--	37	34817	卖盘
11:09:22	9.41	-0.01	3	2823	卖盘
11:09:18	9.42	0.01	8	7536	买盘
11:09:13	9.41	-0.01	101	95041	卖盘
11:09:07	9.42	0.01	15	14130	买盘
11:09:03	9.41	-0.01	100	94100	卖盘
11:08:52	9.42	0.01	73	68766	买盘
11:08:43	9.41	--	55	51755	卖盘
11:08:37	9.41	-0.01	9	8469	卖盘
11:08:28	9.42	-0.01	18	16956	卖盘
11:08:22	9.43	0.02	27	25461	买盘
11:08:13	9.41	--	100	94100	卖盘
11:08:07	9.41	-0.01	196	184436	卖盘
11:07:58	9.42	--	107	100794	买盘
11:07:52	9.42	0.01	250	235500	买盘
11:07:48	9.41	-0.01	20	18820	卖盘
11:07:43	9.42	--	19	17898	买盘
11:07:37	9.42	0.01	16	15072	买盘
11:07:33	9.41	--	26	24466	卖盘
11:07:28	9.41	0.01	19	17879	中性盘
11:07:22	9.4	--	192	180480	卖盘
11:07:18	9.4	--	0	0	卖盘
11:07:13	9.4	-0.01	107	100580	卖盘
11:07:07	9.41	0.01	18	16938	买盘
11:07:03	9.4	-0.01	5	4700	卖盘
11:06:58	9.41	--	39	36699	中性盘
11:06:52	9.41	--	525	494025	卖盘
11:06:48	9.41	0.01	88	82808	买盘
11:06:43	9.4	-0.01	85	79900	卖盘
11:06:37	9.41	0.01	12	11292	买盘
11:06:28	9.4	--	100	94000	卖盘
11:06:22	9.4	--	716	673134	卖盘
11:06:13	9.4	-0.01	41	38540	卖盘
11:05:58	9.41	0.01	5	4705	买盘
11:05:52	9.4	-0.01	600	564000	卖盘
11:05:46	9.41	--	21	19761	卖盘
11:05:43	9.41	-0.01	30	28230	卖盘
11:05:37	9.42	--	2	1884	买盘
11:05:22	9.42	--	7	6594	买盘
11:05:16	9.42	--	1	942	买盘
11:05:07	9.42	-0.01	167	157314	卖盘
11:05:01	9.43	0.01	11	10373	买盘
11:04:46	9.42	--	82	77244	卖盘
11:04:42	9.42	0.02	269	253398	买盘
11:04:37	9.4	--	6	5640	卖盘
11:04:31	9.4	--	8	7520	卖盘
11:04:27	9.4	--	77	72380	卖盘
11:04:22	9.4	--	11	10340	卖盘
11:04:16	9.4	--	25	23500	卖盘
11:04:07	9.4	0.01	464	437062	买盘
11:04:01	9.39	-0.01	1	939	卖盘
11:03:57	9.4	--	11	10340	买盘
11:03:52	9.4	-0.02	339	318697	卖盘
11:03:46	9.42	--	273	257166	卖盘
11:03:37	9.42	--	3	2826	卖盘
11:03:31	9.42	--	37	34854	卖盘
11:03:27	9.42	0.01	191	179922	买盘
11:03:22	9.41	0.01	3	2823	卖盘
11:03:16	9.4	-0.01	30	28200	卖盘
11:03:12	9.41	-0.02	41	38581	卖盘
11:03:07	9.43	0.02	5	4715	买盘
11:03:01	9.41	0.01	10	9410	中性盘
11:02:57	9.4	-0.02	2226	2093342	卖盘
11:02:52	9.42	--	4	3768	买盘
11:02:46	9.42	-0.01	360	339120	卖盘
11:02:31	9.43	-0.01	48	45264	卖盘
11:02:27	9.44	--	4	3776	买盘
11:02:22	9.44	--	15	14160	买盘
11:02:16	9.44	--	52	49088	买盘
11:02:07	9.44	--	36	33984	买盘
11:02:01	9.44	--	20	18880	买盘
11:01:57	9.44	--	12	11328	买盘
11:01:52	9.44	--	20	18880	买盘
11:01:46	9.44	0.01	58	54752	买盘
11:01:37	9.43	-0.01	18	16974	卖盘
11:01:31	9.44	--	40	37760	买盘
11:01:27	9.44	--	97	91568	买盘
11:01:22	9.44	--	110	103840	买盘
11:01:16	9.44	-0.02	652	615488	卖盘
11:01:07	9.46	--	10	9460	买盘
11:00:52	9.46	--	2	1892	买盘
11:00:46	9.46	--	36	34056	卖盘
11:00:37	9.46	0.01	49	46354	买盘
11:00:31	9.45	--	109	103004	卖盘
11:00:22	9.45	--	0	0	卖盘
11:00:11	9.45	-0.01	40	37800	卖盘
11:00:01	9.46	0.01	3	2838	买盘
10:59:46	9.45	0.01	21	19845	中性盘
10:59:37	9.44	-0.02	20	18880	卖盘
10:59:31	9.46	--	70	66220	买盘
10:59:25	9.46	0.01	4	3784	买盘
10:59:22	9.45	-0.01	397	375165	卖盘
10:59:16	9.46	--	9	8514	买盘
10:59:10	9.46	--	12	11352	买盘
10:59:07	9.46	--	3	2838	买盘
10:59:01	9.46	0.01	111	105006	买盘
10:58:55	9.45	-0.01	91	85995	卖盘
10:58:40	9.46	0.01	18	17028	买盘
10:58:36	9.45	-0.01	192	181440	卖盘
10:58:31	9.46	--	15	14190	买盘
10:58:25	9.46	0.01	53	50138	买盘
10:58:16	9.45	--	5	4725	卖盘
10:58:01	9.45	--	79	74655	买盘
10:57:55	9.45	--	10	9450	买盘
10:57:51	9.45	--	128	120959	买盘
10:57:46	9.45	--	54	51029	卖盘
10:57:40	9.45	--	54	51029	卖盘
10:57:31	9.45	0.01	129	121904	买盘
10:57:25	9.44	-0.01	12	11328	卖盘
10:57:16	9.45	0.01	8	7559	买盘
10:57:01	9.44	-0.01	12	11328	卖盘
10:56:55	9.45	--	37	34965	买盘
10:56:46	9.45	--	7	6614	买盘
10:56:40	9.45	--	75	70875	卖盘
10:56:36	9.45	-0.01	10	9450	卖盘
10:56:31	9.46	0.01	28	26488	买盘
10:56:21	9.45	--	1	944	卖盘
10:56:01	9.45	--	74	69930	卖盘
10:55:55	9.45	-0.01	3	2835	卖盘
10:55:40	9.46	--	58	54868	买盘
10:55:31	9.46	0.01	73	69058	买盘
10:55:25	9.45	-0.01	2	1889	卖盘
10:55:21	9.46	0.01	27	25542	买盘
10:55:16	9.45	--	90	85050	卖盘
10:55:10	9.45	--	40	37800	卖盘
10:55:06	9.45	--	11	10395	卖盘
10:54:55	9.45	--	127	120014	买盘
10:54:51	9.45	--	93	87885	买盘
10:54:40	9.45	--	15	14174	买盘
10:54:36	9.45	--	3	2835	买盘
10:54:31	9.45	--	113	106784	卖盘
10:54:25	9.45	-0.01	28	26459	卖盘
10:54:16	9.46	--	22	20812	买盘
10:54:10	9.46	0.01	5	4730	买盘
10:54:01	9.45	-0.01	92	86940	卖盘
10:53:55	9.46	--	32	30272	买盘
10:53:51	9.46	--	6	5676	买盘
10:53:46	9.46	--	25	23650	卖盘
10:53:40	9.46	--	11	10406	卖盘
10:53:34	9.46	-0.01	30	28380	卖盘
10:53:31	9.47	--	81	76707	买盘
10:53:19	9.47	--	9	8523	买盘
10:53:16	9.47	--	37	35039	买盘
10:53:10	9.47	--	1	947	买盘
10:53:01	9.47	--	12	11364	买盘
10:52:55	9.47	--	2	1894	买盘
10:52:49	9.47	--	3	2841	买盘
10:52:40	9.47	--	5	4735	买盘
10:52:34	9.47	0.01	23	21781	买盘
10:52:25	9.46	-0.01	11	10406	卖盘
10:52:19	9.47	0.01	6	5682	买盘
10:52:16	9.46	-0.01	6	5676	卖盘
10:52:10	9.47	--	140	132580	卖盘
10:52:04	9.47	--	22	20834	买盘
10:52:00	9.47	0.01	61	57767	买盘
10:51:55	9.46	-0.01	50	47300	卖盘
10:51:45	9.47	--	15	14205	买盘
10:51:40	9.47	0.01	15	14205	买盘
10:51:34	9.46	-0.01	249	235554	卖盘
10:51:19	9.47	--	7	6629	买盘
10:51:04	9.47	--	1	947	买盘
10:51:00	9.47	--	24	22728	卖盘
10:50:55	9.47	--	1	947	卖盘
10:50:49	9.47	--	89	84283	卖盘
10:50:45	9.47	--	21	19887	卖盘
10:50:40	9.47	0.02	10	9470	中性盘
10:50:34	9.45	-0.02	723	683235	卖盘
10:50:30	9.47	--	0	0	买盘
10:50:25	9.47	--	6	5682	买盘
10:50:19	9.47	--	4	3788	买盘
10:50:15	9.47	0.01	206	195082	买盘
10:50:10	9.46	--	7	6622	买盘
10:50:04	9.46	--	32	30272	卖盘
10:49:55	9.46	0.01	138	130548	买盘
10:49:49	9.45	--	36	34020	卖盘
10:49:45	9.45	-0.01	6	5670	卖盘
10:49:40	9.46	--	43	40678	买盘
10:49:34	9.46	--	26	24596	买盘
10:49:30	9.46	--	10	9460	买盘
10:49:25	9.46	0.01	50	47300	买盘
10:49:19	9.45	-0.01	19	17955	中性盘
10:49:10	9.46	0.02	80	75680	买盘
10:48:55	9.44	--	58	54752	卖盘
10:48:49	9.44	-0.01	401	378544	卖盘
10:48:45	9.45	--	20	18900	买盘
10:48:34	9.45	0.01	4	3779	买盘
10:48:25	9.44	--	30	28320	卖盘
10:48:19	9.44	-0.01	2	1888	卖盘
10:48:15	9.45	--	1	944	买盘
10:48:10	9.45	--	227	214514	买盘
10:48:04	9.45	--	11	10395	买盘
10:47:55	9.45	0.01	65	61424	买盘
10:47:49	9.44	-0.01	7	6608	卖盘
10:47:40	9.45	0.01	51	48195	买盘
10:47:34	9.44	--	32	30208	买盘
10:47:30	9.44	0.01	64	60416	买盘
10:47:25	9.43	-0.01	9	8487	卖盘
10:47:19	9.44	0.01	3	2832	买盘
10:47:10	9.43	--	25	23575	卖盘
10:47:04	9.43	--	110	103730	买盘
10:46:55	9.43	--	0	0	买盘
10:46:49	9.43	0.01	312	294216	卖盘
10:46:43	9.42	--	0	0	卖盘
10:46:40	9.42	--	203	191226	卖盘
10:46:34	9.42	--	21	19782	卖盘
10:46:25	9.42	--	32	30144	卖盘
10:46:19	9.42	0.01	294	276948	买盘
10:46:13	9.41	-0.01	37	34817	卖盘
10:46:04	9.42	--	22	20724	买盘
10:45:58	9.42	--	44	41448	买盘
10:45:55	9.42	-0.02	555	522810	卖盘
10:45:49	9.44	0.01	7	6608	买盘
10:45:43	9.43	-0.01	16	15088	卖盘
10:45:34	9.44	--	10	9440	买盘
10:45:28	9.44	--	58	54752	卖盘
10:45:19	9.44	--	38	35872	卖盘
10:45:13	9.44	--	31	29264	卖盘
10:45:09	9.44	--	1	944	卖盘
10:45:04	9.44	--	15	14160	卖盘
10:44:54	9.44	-0.01	325	306800	卖盘
10:44:49	9.45	0.01	20	18900	买盘
10:44:43	9.44	--	60	56640	卖盘
10:44:39	9.44	--	41	38704	卖盘
10:44:34	9.44	--	40	37760	卖盘
10:44:28	9.44	--	47	44368	卖盘
10:44:24	9.44	--	61	57584	卖盘
10:44:19	9.44	--	2	1888	卖盘
10:44:13	9.44	-0.01	10	9440	卖盘
10:44:09	9.45	--	34	32129	买盘
10:44:04	9.45	0.01	179	169155	买盘
10:43:58	9.44	--	22	20768	卖盘
10:43:54	9.44	--	55	51920	卖盘
10:43:43	9.44	--	314	296416	买盘
10:43:39	9.44	--	37	34928	买盘
10:43:28	9.44	--	12	11328	卖盘
10:43:24	9.44	--	2	1888	卖盘
10:43:19	9.44	--	76	71744	卖盘
10:43:13	9.44	--	28	26432	买盘
10:43:09	9.44	--	75	70800	买盘
10:43:04	9.44	--	7	6608	卖盘
10:42:58	9.44	-0.01	1	944	卖盘
10:42:54	9.45	0.01	1	944	买盘
10:42:49	9.44	-0.01	10	9440	卖盘
10:42:43	9.45	0.01	11	10395	买盘
10:42:39	9.44	-0.01	113	106672	卖盘
10:42:34	9.45	0.01	200	189000	买盘
10:42:28	9.44	-0.01	6	5664	卖盘
10:42:19	9.45	--	0	0	买盘
10:42:13	9.45	--	4	3779	买盘
10:42:09	9.45	--	0	0	买盘
10:41:58	9.45	0.02	2	1889	买盘
10:41:49	9.43	-0.02	200	188600	卖盘
10:41:39	9.45	--	343	324135	买盘
10:41:34	9.45	--	86	81270	买盘
10:41:13	9.45	--	77	72765	卖盘
10:41:09	9.45	-0.01	16	15119	卖盘
10:41:04	9.46	0.01	95	89870	买盘
10:40:58	9.45	--	69	65204	卖盘
10:40:52	9.45	--	70	66150	卖盘
10:40:49	9.45	-0.01	6	5670	卖盘
10:40:43	9.46	--	20	18920	买盘
10:40:37	9.46	0.01	1	946	买盘
10:40:34	9.45	0.01	63	59534	买盘
10:40:28	9.44	-0.01	211	199184	卖盘
10:40:22	9.45	--	144	136080	买盘
10:40:19	9.45	0.01	53	50084	买盘
10:40:07	9.44	--	50	47200	卖盘
10:40:03	9.44	--	62	58528	买盘
10:39:58	9.44	--	120	113280	买盘
10:39:52	9.44	0.01	42	39648	买盘
10:39:49	9.43	--	61	57523	卖盘
10:39:43	9.43	--	49	46207	卖盘
10:39:37	9.43	--	49	46207	卖盘
10:39:34	9.43	--	123	115989	卖盘
10:39:28	9.43	0.01	142	133906	买盘
10:39:22	9.42	-0.01	2	1884	卖盘
10:39:18	9.43	--	6	5658	买盘
10:39:13	9.43	--	18	16974	买盘
10:39:07	9.43	0.01	46	43378	买盘
10:39:03	9.42	--	1	942	卖盘
10:38:58	9.42	--	51	48042	卖盘
10:38:52	9.42	--	22	20724	买盘
10:38:48	9.42	-0.01	57	53694	卖盘
10:38:43	9.43	--	896	844928	买盘
10:38:37	9.43	0.01	101	95243	买盘
10:38:33	9.42	--	112	105504	卖盘
10:38:28	9.42	--	45	42390	买盘
10:38:22	9.42	0.01	3	2826	买盘
10:38:13	9.41	--	0	0	卖盘
10:38:07	9.41	-0.01	75	70575	卖盘
10:38:03	9.42	0.02	14	13188	中性盘
10:37:58	9.4	-0.04	519	487860	卖盘
10:37:52	9.44	0.02	9	8496	买盘
10:37:48	9.42	0.02	33	31086	卖盘
10:37:43	9.4	--	0	0	卖盘
10:37:37	9.4	-0.02	1200	1128000	卖盘
10:37:33	9.42	--	52	48984	买盘
10:37:28	9.42	--	323	304266	买盘
10:37:22	9.42	--	303	285426	买盘
10:37:18	9.42	--	121	113982	买盘
10:37:13	9.42	--	89	83838	买盘
10:37:07	9.42	--	15	14130	买盘
10:37:03	9.42	--	30	28260	买盘
10:36:58	9.42	-0.02	336	316512	卖盘
10:36:52	9.44	0.01	35	33040	买盘
10:36:48	9.43	--	18	16974	卖盘
10:36:43	9.43	-0.01	10	9430	中性盘
10:36:37	9.44	--	154	145376	买盘
10:36:28	9.44	--	70	66080	买盘
10:36:22	9.44	--	69	65136	买盘
10:36:18	9.44	0.01	6	5664	买盘
10:36:13	9.43	0.01	16	15088	卖盘
10:36:07	9.42	-0.01	333	313686	卖盘
10:36:03	9.43	0.01	304	286672	买盘
10:35:58	9.42	-0.01	30	28260	卖盘
10:35:52	9.43	--	7	6601	买盘
10:35:48	9.43	0.02	5	4715	买盘
10:35:43	9.41	--	0	0	卖盘
10:35:37	9.41	-0.01	378	355698	卖盘
10:35:33	9.42	--	13	12246	买盘
10:35:28	9.42	0.01	59	55578	买盘
10:35:22	9.41	0.01	138	129858	买盘
10:35:18	9.4	-0.01	39	36660	卖盘
10:35:13	9.41	0.01	72	67752	买盘
10:35:07	9.4	--	780	733200	卖盘
10:35:03	9.4	--	139	130660	卖盘
10:34:58	9.4	--	35	32900	卖盘
10:34:52	9.4	--	115	108100	卖盘
10:34:48	9.4	-0.01	10	9400	卖盘
10:34:43	9.41	0.01	185	174085	买盘
10:34:37	9.4	-0.01	98	92120	买盘
10:34:31	9.41	0.01	459	431919	买盘
10:34:28	9.4	--	193	181420	卖盘
10:34:22	9.4	--	274	257560	卖盘
10:34:16	9.4	--	88	82720	卖盘
10:34:13	9.4	--	195	183300	卖盘
10:34:07	9.4	-0.01	313	294220	卖盘
10:34:01	9.41	--	60	56460	买盘
10:33:52	9.41	--	178	167498	买盘
10:33:46	9.41	--	117	110097	卖盘
10:33:42	9.41	--	11	10351	卖盘
10:33:37	9.41	--	383	360403	卖盘
10:33:31	9.41	-0.01	21	19761	卖盘
10:33:27	9.42	--	50	47100	买盘
10:33:22	9.42	-0.01	85	80070	买盘
10:33:16	9.43	0.01	218	205574	买盘
10:33:12	9.42	--	60	56520	卖盘
10:33:07	9.42	--	14	13188	卖盘
10:33:01	9.42	-0.01	323	304266	卖盘
10:32:57	9.43	--	41	38663	卖盘
10:32:52	9.43	--	18	16974	卖盘
10:32:46	9.43	--	13	12259	卖盘
10:32:42	9.43	-0.01	116	109388	卖盘
10:32:31	9.44	--	272	256768	卖盘
10:32:27	9.44	--	150	141600	卖盘
10:32:22	9.44	-0.01	176	166144	卖盘
10:32:12	9.45	0.01	10	9450	买盘
10:32:07	9.44	-0.01	871	822224	卖盘
10:32:01	9.45	--	457	431864	卖盘
10:31:57	9.45	-0.01	88	83160	卖盘
10:31:52	9.46	0.01	191	180686	买盘
10:31:46	9.45	--	26	24569	卖盘
10:31:37	9.45	-0.01	100	94500	卖盘
10:31:31	9.46	0.01	33	31218	买盘
10:31:27	9.45	--	28	26459	卖盘
10:31:22	9.45	-0.01	3	2835	卖盘
10:31:16	9.46	0.01	7	6622	买盘
10:31:07	9.45	-0.01	10	9450	卖盘
10:30:57	9.46	--	50	47300	买盘
10:30:52	9.46	0.01	92	87032	买盘
10:30:46	9.45	-0.01	1000	944999	卖盘
10:30:42	9.46	-0.01	10	9460	卖盘
10:30:37	9.47	0.01	29	27463	买盘
10:30:31	9.46	--	10	9460	卖盘
10:30:22	9.46	--	41	38786	买盘
10:30:16	9.46	-0.01	86	81356	卖盘
10:30:12	9.47	--	1	947	买盘
10:30:07	9.47	0.01	9	8523	中性盘
10:30:01	9.46	-0.01	97	91762	卖盘
10:29:57	9.47	--	50	47350	买盘
10:29:52	9.47	--	199	188453	卖盘
10:29:46	9.47	0.01	1	947	中性盘
10:29:42	9.46	0.01	28	26488	卖盘
10:29:37	9.45	--	0	0	卖盘
10:29:31	9.45	-0.01	513	484784	卖盘
10:29:27	9.46	--	16	15136	买盘
10:29:22	9.46	-0.01	49	46354	卖盘
10:29:16	9.47	--	2	1894	买盘
10:29:12	9.47	0.01	111	105117	买盘
10:29:07	9.46	-0.01	236	223256	卖盘
10:29:01	9.47	0.01	13	12311	买盘
10:28:57	9.46	-0.01	6	5676	卖盘
10:28:52	9.47	0.01	12	11364	中性盘
10:28:46	9.46	-0.01	142	134332	卖盘
10:28:42	9.47	0.01	10	9470	买盘
10:28:37	9.46	-0.01	258	244068	卖盘
10:28:31	9.47	--	20	18940	买盘
10:28:27	9.47	--	30	28410	卖盘
10:28:21	9.47	--	88	83336	买盘
10:28:16	9.47	-0.01	390	369330	卖盘
10:28:07	9.48	--	150	142200	卖盘
10:28:01	9.48	0.01	5	4740	中性盘
10:27:55	9.47	-0.01	52	49244	卖盘
10:27:52	9.48	-0.01	11	10428	中性盘
10:27:46	9.49	0.02	362	343538	买盘
10:27:40	9.47	-0.01	175	165725	卖盘
10:27:31	9.48	0.01	45	42660	买盘
10:27:25	9.47	-0.02	214	202658	卖盘
10:27:21	9.49	0.01	257	243893	买盘
10:27:16	9.48	0.01	20	18960	中性盘
10:27:10	9.47	-0.01	47	44509	卖盘
10:27:06	9.48	-0.01	12	11376	卖盘
10:27:01	9.49	0.01	50	47450	买盘
10:26:55	9.48	-0.01	210	199080	卖盘
10:26:46	9.49	--	28	26572	卖盘
10:26:40	9.49	--	81	76869	卖盘
10:26:36	9.49	--	14	13286	卖盘
10:26:31	9.49	--	54	51246	卖盘
10:26:25	9.49	--	21	19929	卖盘
10:26:21	9.49	-0.01	535	507715	卖盘
10:26:16	9.5	--	23	21850	买盘
10:26:10	9.5	0.01	6	5700	中性盘
10:26:06	9.49	-0.02	548	520052	卖盘
10:26:01	9.51	--	16	15216	买盘
10:25:55	9.51	--	154	146454	卖盘
10:25:51	9.51	--	48	45648	卖盘
10:25:46	9.51	-0.01	136	129336	卖盘
10:25:36	9.52	--	32	30464	买盘
10:25:31	9.52	--	110	104720	买盘
10:25:25	9.52	--	54	51408	卖盘
10:25:21	9.52	-0.01	31	29512	卖盘
10:25:16	9.53	--	43	40979	买盘
10:25:10	9.53	0.01	154	146762	买盘
10:25:06	9.52	--	26	24752	买盘
10:25:01	9.52	-0.01	117	111384	卖盘
10:24:55	9.53	--	113	107689	卖盘
10:24:51	9.53	--	0	0	卖盘
10:24:46	9.53	--	46	43838	买盘
10:24:40	9.53	--	72	68616	买盘
10:24:36	9.53	--	23	21919	买盘
10:24:31	9.53	0.01	78	74334	中性盘
10:24:25	9.52	-0.01	614	584528	卖盘
10:24:21	9.53	--	11	10483	买盘
10:24:16	9.53	0.01	14	13342	卖盘
10:24:10	9.52	--	612	582624	卖盘
10:24:01	9.52	0.01	98	93296	买盘
10:23:55	9.51	0.01	23	21873	卖盘
10:23:51	9.5	--	0	0	卖盘
10:23:46	9.5	-0.02	12	11400	卖盘
10:23:40	9.52	0.02	99	94248	买盘
10:23:36	9.5	--	5	4750	买盘
10:23:31	9.5	--	63	59850	卖盘
10:23:16	9.5	0.02	141	133950	买盘
10:23:10	9.48	-0.01	19	18012	卖盘
10:23:06	9.49	-0.01	5	4745	买盘
10:23:01	9.5	0.01	19	18050	买盘
10:22:55	9.49	--	131	124319	买盘
10:22:51	9.49	0.01	59	55991	买盘
10:22:46	9.48	--	149	141252	卖盘
10:22:40	9.48	-0.01	67	63516	卖盘
10:22:36	9.49	0.01	31	29419	买盘
10:22:31	9.48	--	152	144096	卖盘
10:22:25	9.48	--	77	72996	买盘
10:22:21	9.48	--	11	10428	买盘
10:22:16	9.48	--	189	179172	买盘
10:22:10	9.48	0.01	63	59724	买盘
10:22:04	9.47	--	51	48297	卖盘
10:22:00	9.47	--	61	57767	卖盘
10:21:55	9.47	--	138	130686	买盘
10:21:49	9.47	--	265	250955	买盘
10:21:45	9.47	--	187	177089	买盘
10:21:40	9.47	--	454	429938	卖盘
10:21:34	9.47	--	225	213075	卖盘
10:21:25	9.47	-0.01	80	75760	卖盘
10:21:19	9.48	0.01	3	2844	买盘
10:21:10	9.47	--	170	160990	卖盘
10:21:04	9.47	--	963	911961	买盘
10:21:00	9.47	--	10	9470	买盘
10:20:55	9.47	--	166	157202	买盘
10:20:49	9.47	0.01	104	98488	买盘
10:20:45	9.46	-0.01	18	17028	卖盘
10:20:40	9.47	--	106	100382	买盘
10:20:34	9.47	--	316	299252	买盘
10:20:30	9.47	--	57	53979	买盘
10:20:25	9.47	--	205	194135	买盘
10:20:19	9.47	-0.01	134	126898	买盘
10:20:15	9.48	--	126	119448	卖盘
10:20:10	9.48	0.01	386	365928	买盘
10:20:04	9.47	--	815	771805	卖盘
10:20:00	9.47	-0.01	31	29357	卖盘
10:19:55	9.48	--	91	86268	买盘
10:19:49	9.48	--	43	40764	卖盘
10:19:45	9.48	--	71	67308	卖盘
10:19:40	9.48	-0.01	563	533724	卖盘
10:19:34	9.49	--	57	54093	买盘
10:19:30	9.49	0.01	33	31317	买盘
10:19:25	9.48	-0.01	32	30336	卖盘
10:19:19	9.49	--	277	262873	买盘
10:19:15	9.49	0.01	91	86359	买盘
10:19:10	9.48	--	47	44556	卖盘
10:19:04	9.48	-0.01	20	18960	卖盘
10:19:00	9.49	0.01	19	18031	买盘
10:18:55	9.48	--	31	29388	买盘
10:18:49	9.48	0.01	79	74892	买盘
10:18:40	9.47	0.01	21	19887	卖盘
10:18:34	9.46	--	188	177848	卖盘
10:18:25	9.46	0.01	17	16082	卖盘
10:18:19	9.45	-0.01	314	296730	卖盘
10:18:15	9.46	--	174	164604	买盘
10:18:10	9.46	--	56	52976	买盘
10:18:04	9.46	--	60	56760	买盘
10:18:00	9.46	--	18	17028	买盘
10:17:55	9.46	0.01	31	29326	买盘
10:17:49	9.45	--	64	60479	卖盘
10:17:45	9.45	--	11	10395	买盘
10:17:40	9.45	0.01	158	149310	买盘
10:17:34	9.44	0.01	121	114224	买盘
10:17:30	9.43	-0.01	72	67896	卖盘
10:17:25	9.44	--	154	145376	买盘
10:17:19	9.44	0.01	188	177472	买盘
10:17:15	9.43	-0.01	173	163139	卖盘
10:17:10	9.44	0.01	163	153872	买盘
10:17:04	9.43	-0.01	446	420578	卖盘
10:17:00	9.44	0.01	54	50976	买盘
10:16:55	9.43	-0.01	456	430008	卖盘
10:16:49	9.44	--	81	76464	卖盘
10:16:45	9.44	--	44	41536	卖盘
10:16:40	9.44	-0.01	51	48144	卖盘
10:16:34	9.45	0.01	312	294840	买盘
10:16:30	9.44	--	81	76464	卖盘
10:16:25	9.44	-0.01	143	134992	卖盘
10:16:19	9.45	--	545	515024	卖盘
10:16:15	9.45	--	32	30239	卖盘
10:16:10	9.45	-0.01	235	222074	卖盘
10:16:04	9.46	0.01	98	92708	买盘
10:16:00	9.45	-0.01	66	62369	卖盘
10:15:55	9.46	--	805	761530	卖盘
10:15:49	9.46	-0.01	89	84194	买盘
10:15:45	9.47	0.01	506	479182	买盘
10:15:39	9.46	--	174	164604	卖盘
10:15:34	9.46	--	645	610170	卖盘
10:15:28	9.46	-0.01	17	16082	卖盘
10:15:25	9.47	--	172	162884	买盘
10:15:19	9.47	-0.01	220	208340	卖盘
10:15:13	9.48	--	209	198132	买盘
10:15:09	9.48	--	141	133668	买盘
10:15:04	9.48	--	43	40764	买盘
10:14:58	9.48	--	237	224676	卖盘
10:14:54	9.48	-0.01	6	5688	卖盘
10:14:49	9.49	0.03	183	173667	买盘
10:14:43	9.46	-0.02	898	849508	卖盘
10:14:39	9.48	0.01	100	94800	买盘
10:14:34	9.47	-0.01	101	95647	卖盘
10:14:28	9.48	0.02	35	33180	买盘
10:14:19	9.46	-0.01	150	141900	卖盘
10:14:13	9.47	--	32	30304	买盘
10:14:09	9.47	--	1	947	买盘
10:14:04	9.47	--	52	49244	买盘
10:13:58	9.47	0.01	86	81442	买盘
10:13:54	9.46	--	149	140954	卖盘
10:13:49	9.46	--	352	332992	卖盘
10:13:43	9.46	-0.01	85	80410	卖盘
10:13:39	9.47	--	172	162884	买盘
10:13:34	9.47	0.01	224	212128	买盘
10:13:28	9.46	-0.01	8	7568	卖盘
10:13:24	9.47	0.02	16	15152	中性盘
10:13:19	9.45	-0.02	682	644490	卖盘
10:13:13	9.47	-0.01	20	18940	卖盘
10:13:09	9.48	--	6	5688	买盘
10:13:04	9.48	-0.01	127	120396	卖盘
10:12:58	9.49	-0.01	12	11388	中性盘
10:12:54	9.5	--	150	142500	买盘
10:12:49	9.5	-0.02	2264	2150800	卖盘
10:12:43	9.52	--	173	164696	买盘
10:12:39	9.52	-0.01	170	161840	卖盘
10:12:34	9.53	--	108	102924	买盘
10:12:28	9.53	0.01	1141	1087373	买盘
10:12:24	9.52	-0.01	20	19040	卖盘
10:12:19	9.53	--	253	241108	买盘
10:12:13	9.53	-0.01	923	879618	卖盘
10:12:09	9.54	0.01	100	95399	买盘
10:12:04	9.53	-0.01	101	96253	卖盘
10:11:58	9.54	-0.01	26	24803	卖盘
10:11:54	9.55	0.02	10	9550	买盘
10:11:49	9.53	-0.02	24	22872	卖盘
10:11:43	9.55	--	1110	1060050	卖盘
10:11:39	9.55	--	71	67805	卖盘
10:11:28	9.55	-0.01	143	136565	卖盘
10:11:24	9.56	--	53	50668	买盘
10:11:19	9.56	0.01	18	17208	中性盘
10:11:13	9.55	-0.01	347	331385	卖盘
10:11:09	9.56	--	173	165388	买盘
10:11:04	9.56	--	11	10516	买盘
10:10:58	9.56	-0.01	35	33460	卖盘
10:10:49	9.57	0.02	175	167475	买盘
10:10:43	9.55	-0.01	540	515700	卖盘
10:10:39	9.56	0.01	10	9560	买盘
10:10:34	9.55	-0.01	141	134655	卖盘
10:10:28	9.56	-0.01	213	203628	买盘
10:10:24	9.57	0.01	203	194271	买盘
10:10:18	9.56	0.01	11	10516	中性盘
10:10:13	9.55	-0.01	66	63030	卖盘
10:10:09	9.56	-0.01	198	189288	卖盘
10:10:04	9.57	0.01	30	28710	中性盘
10:09:58	9.56	-0.01	43	41108	卖盘
10:09:54	9.57	--	8	7656	买盘
10:09:49	9.57	--	6	5742	卖盘
10:09:43	9.57	-0.01	61	58377	中性盘
10:09:38	9.58	0.01	43	41194	买盘
10:09:34	9.57	--	34	32538	买盘
10:09:28	9.57	0.01	115	110055	买盘
10:09:24	9.56	-0.01	10	9560	卖盘
10:09:19	9.57	--	169	161733	买盘
10:09:13	9.57	--	55	52635	买盘
10:09:07	9.57	--	86	82302	买盘
10:09:04	9.57	--	83	79431	买盘
10:08:58	9.57	-0.01	147	140679	卖盘
10:08:52	9.58	--	16	15328	买盘
10:08:48	9.58	--	97	92926	卖盘
10:08:43	9.58	--	141	135078	卖盘
10:08:37	9.58	0.01	102	97716	买盘
10:08:33	9.57	--	130	124410	卖盘
10:08:28	9.57	-0.01	154	147378	卖盘
10:08:22	9.58	--	50	47900	买盘
10:08:13	9.58	0.01	252	241416	买盘
10:08:07	9.57	--	20	19140	买盘
10:08:03	9.57	--	7	6699	卖盘
10:07:58	9.57	-0.01	21	20097	中性盘
10:07:52	9.58	0.03	161	154238	买盘
10:07:48	9.55	-0.02	575	549125	卖盘
10:07:43	9.57	0.01	18	17226	中性盘
10:07:37	9.56	-0.01	163	155828	卖盘
10:07:33	9.57	0.01	5	4785	买盘
10:07:28	9.56	--	120	114720	卖盘
10:07:22	9.56	-0.01	111	106116	卖盘
10:07:18	9.57	--	35	33495	买盘
10:07:13	9.57	--	21	20097	买盘
10:07:07	9.57	--	144	137808	买盘
10:06:58	9.57	--	35	33495	买盘
10:06:52	9.57	0.01	24	22968	买盘
10:06:48	9.56	--	71	67876	卖盘
10:06:43	9.56	0.01	315	301140	买盘
10:06:37	9.55	--	119	113645	卖盘
10:06:33	9.55	--	100	95500	卖盘
10:06:28	9.55	-0.01	200	191000	卖盘
10:06:22	9.56	--	10	9560	买盘
10:06:18	9.56	0.01	64	61184	买盘
10:06:13	9.55	-0.01	21	20055	卖盘
10:06:07	9.56	--	242	231352	卖盘
10:06:03	9.56	--	14	13384	卖盘
10:05:58	9.56	--	16	15296	卖盘
10:05:52	9.56	-0.01	98	93688	卖盘
10:05:48	9.57	--	15	14355	买盘
10:05:43	9.57	--	391	374187	卖盘
10:05:37	9.57	-0.01	389	372273	卖盘
10:05:33	9.58	--	21	20118	卖盘
10:05:28	9.58	-0.01	85	81430	卖盘
10:05:22	9.59	--	99	94941	买盘
10:05:18	9.59	0.01	113	108367	买盘
10:05:13	9.58	-0.01	76	72808	卖盘
10:05:07	9.59	0.01	122	116998	买盘
10:05:03	9.58	-0.01	72	68976	卖盘
10:04:58	9.59	--	29	27811	买盘
10:04:52	9.59	--	23	22057	买盘
10:04:48	9.59	0.01	31	29729	买盘
10:04:43	9.58	-0.02	206	197348	卖盘
10:04:37	9.6	0.01	30	28800	买盘
10:04:33	9.59	--	115	110285	卖盘
10:04:28	9.59	-0.01	64	61376	买盘
10:04:22	9.6	0.01	190	182400	买盘
10:04:18	9.59	0.01	25	23975	买盘
10:04:13	9.58	-0.01	57	54606	卖盘
10:04:07	9.59	0.01	309	296331	买盘
10:04:03	9.58	-0.01	16	15328	卖盘
10:03:57	9.59	0.01	50	47950	中性盘
10:03:52	9.58	-0.01	236	226088	卖盘
10:03:48	9.59	--	10	9590	卖盘
10:03:43	9.59	--	194	186046	买盘
10:03:37	9.59	--	331	317429	买盘
10:03:33	9.59	--	57	54663	买盘
10:03:27	9.59	--	141	135219	买盘
10:03:22	9.59	--	266	255094	卖盘
10:03:18	9.59	--	100	95900	卖盘
10:03:13	9.59	--	163	156317	卖盘
10:03:07	9.59	--	280	268520	卖盘
10:03:03	9.59	--	10	9590	卖盘
10:02:58	9.59	--	784	751856	卖盘
10:02:52	9.59	--	210	201390	买盘
10:02:46	9.59	0.01	76	72884	买盘
10:02:43	9.58	-0.01	341	326678	卖盘
10:02:37	9.59	--	95	91105	买盘
10:02:31	9.59	0.01	162	155358	买盘
10:02:27	9.58	--	138	132204	买盘
10:02:22	9.58	--	78	74724	买盘
10:02:16	9.58	0.02	112	107296	买盘
10:02:12	9.56	-0.01	35	33460	卖盘
10:02:07	9.57	0.02	425	406725	买盘
10:02:01	9.55	--	139	132745	卖盘
10:01:57	9.55	0.01	120	114600	中性盘
10:01:52	9.54	-0.01	123	117341	卖盘
10:01:46	9.55	0.01	728	695240	买盘
10:01:42	9.54	0.01	24	22895	卖盘
10:01:37	9.53	-0.01	165	157245	卖盘
10:01:31	9.54	--	99	94445	买盘
10:01:27	9.54	--	34	32435	买盘
10:01:22	9.54	-0.01	259	247085	中性盘
10:01:16	9.55	0.01	439	419245	买盘
10:01:12	9.54	--	60	57239	卖盘
10:01:07	9.54	--	203	193661	卖盘
10:01:01	9.54	--	183	174581	卖盘
10:00:57	9.54	-0.01	118	112571	卖盘
10:00:52	9.55	--	177	169035	买盘
10:00:46	9.55	--	128	122240	买盘
10:00:42	9.55	0.01	35	33425	买盘
10:00:37	9.54	-0.01	88	83951	卖盘
10:00:31	9.55	-0.01	189	180495	卖盘
10:00:27	9.56	--	5	4780	买盘
10:00:22	9.56	--	82	78392	卖盘
10:00:16	9.56	--	361	345116	卖盘
10:00:12	9.56	-0.01	10	9560	卖盘
10:00:07	9.57	--	159	152163	买盘
10:00:01	9.57	--	606	579942	卖盘
09:59:57	9.57	-0.01	123	117711	卖盘
09:59:52	9.58	0.01	261	250038	买盘
09:59:46	9.57	-0.01	141	134937	卖盘
09:59:42	9.58	--	17	16286	买盘
09:59:37	9.58	--	238	228004	买盘
09:59:31	9.58	-0.02	241	231759	卖盘
09:59:27	9.6	0.02	933	895680	买盘
09:59:22	9.58	-0.01	3	2874	卖盘
09:59:16	9.59	--	18	17262	卖盘
09:59:12	9.59	--	186	178374	卖盘
09:59:07	9.59	-0.01	147	140973	卖盘
09:59:01	9.6	--	2	1920	买盘
09:58:57	9.6	--	51	48960	买盘
09:58:52	9.6	--	423	406080	卖盘
09:58:46	9.6	--	367	352320	卖盘
09:58:42	9.6	--	88	84480	卖盘
09:58:37	9.6	-0.01	41	39360	卖盘
09:58:31	9.61	0.01	102	98022	买盘
09:58:27	9.6	-0.01	726	696960	卖盘
09:58:22	9.61	0.01	50	48050	买盘
09:58:16	9.6	-0.01	222	213120	卖盘
09:58:12	9.61	0.01	210	201810	买盘
09:58:07	9.6	-0.01	156	149760	卖盘
09:58:01	9.61	--	290	278690	买盘
09:57:57	9.61	0.01	17	16336	买盘
09:57:52	9.6	--	72	69120	卖盘
09:57:46	9.6	-0.01	233	223680	卖盘
09:57:42	9.61	-0.01	132	126851	卖盘
09:57:37	9.62	0.01	991	953341	买盘
09:57:31	9.61	--	317	304637	卖盘
09:57:27	9.61	--	50	48050	买盘
09:57:22	9.61	--	325	312325	卖盘
09:57:16	9.61	--	172	165292	卖盘
09:57:12	9.61	--	71	68231	卖盘
09:57:06	9.61	0.01	315	302715	中性盘
09:57:01	9.6	-0.01	524	503040	卖盘
09:56:57	9.61	--	19	18259	买盘
09:56:51	9.61	0.01	100	96100	中性盘
09:56:46	9.6	--	309	296640	卖盘
09:56:42	9.6	--	95	91200	卖盘
09:56:37	9.6	--	151	144960	卖盘
09:56:31	9.6	--	115	110400	卖盘
09:56:27	9.6	--	70	67200	卖盘
09:56:22	9.6	-0.01	65	62400	卖盘
09:56:16	9.61	0.01	82	78802	买盘
09:56:10	9.6	--	20	19200	买盘
09:56:07	9.6	0.01	88	84556	买盘
09:56:01	9.59	--	1512	1450008	卖盘
09:55:55	9.59	--	97	93023	卖盘
09:55:51	9.59	0.01	922	884198	买盘
09:55:46	9.58	-0.01	49	46942	卖盘
09:55:40	9.59	0.01	71	68089	买盘
09:55:36	9.58	--	362	346796	卖盘
09:55:31	9.58	--	129	123582	卖盘
09:55:25	9.58	--	188	180104	卖盘
09:55:21	9.58	--	69	66102	卖盘
09:55:16	9.58	--	511	489538	买盘
09:55:10	9.58	--	291	278778	买盘
09:55:06	9.58	--	45	43110	买盘
09:55:01	9.58	0.01	481	460798	买盘
09:54:55	9.57	-0.01	467	446919	卖盘
09:54:51	9.58	0.01	71	68018	买盘
09:54:46	9.57	--	236	225852	卖盘
09:54:40	9.57	--	237	226809	卖盘
09:54:36	9.57	--	82	78474	买盘
09:54:31	9.57	--	27	25839	买盘
09:54:25	9.57	0.01	104	99528	买盘
09:54:21	9.56	--	18	17208	买盘
09:54:16	9.56	0.01	370	353720	卖盘
09:54:10	9.55	-0.01	356	339980	卖盘
09:54:06	9.56	--	222	212232	卖盘
09:54:01	9.56	--	609	582204	卖盘
09:53:55	9.56	--	18	17208	卖盘
09:53:51	9.56	--	36	34416	卖盘
09:53:46	9.56	0.01	179	171124	买盘
09:53:40	9.55	--	120	114600	卖盘
09:53:36	9.55	--	18	17190	卖盘
09:53:31	9.55	--	302	288410	买盘
09:53:25	9.55	0.01	577	551035	买盘
09:53:21	9.54	-0.01	201	191753	卖盘
09:53:16	9.55	0.01	382	364810	买盘
09:53:10	9.54	--	194	185075	卖盘
09:53:06	9.54	-0.01	102	97307	卖盘
09:53:01	9.55	0.01	246	234930	买盘
09:52:55	9.54	--	371	353933	买盘
09:52:51	9.54	--	31	29573	买盘
09:52:46	9.54	-0.02	344	328175	卖盘
09:52:40	9.56	0.01	258	246648	买盘
09:52:36	9.55	-0.01	246	234930	卖盘
09:52:31	9.56	--	301	287756	买盘
09:52:25	9.56	0.01	587	561172	买盘
09:52:21	9.55	--	81	77355	买盘
09:52:16	9.55	-0.01	1306	1247230	卖盘
09:52:10	9.56	--	248	237088	买盘
09:52:06	9.56	-0.01	610	583160	卖盘
09:52:01	9.57	--	421	402897	买盘
09:51:55	9.57	-0.01	317	303369	卖盘
09:51:51	9.58	--	21	20118	买盘
09:51:46	9.58	--	491	470378	卖盘
09:51:40	9.58	-0.02	199	190642	卖盘
09:51:36	9.6	--	370	355200	买盘
09:51:31	9.6	--	13	12480	买盘
09:51:25	9.6	-0.01	644	618240	卖盘
09:51:21	9.61	0.01	262	251781	买盘
09:51:16	9.6	--	149	143040	卖盘
09:51:10	9.6	--	192	184320	卖盘
09:51:06	9.6	-0.01	439	421440	卖盘
09:51:01	9.61	--	419	402659	买盘
09:50:55	9.61	-0.01	241	231601	卖盘
09:50:51	9.62	--	199	191437	买盘
09:50:46	9.62	0.01	918	883115	买盘
09:50:40	9.61	-0.01	426	409386	卖盘
09:50:36	9.62	--	179	172198	买盘
09:50:30	9.62	-0.01	558	536796	卖盘
09:50:25	9.63	0.01	992	955296	买盘
09:50:21	9.62	--	10	9620	卖盘
09:50:15	9.62	--	424	407887	买盘
09:50:10	9.62	--	390	375179	买盘
09:50:06	9.62	--	32	30783	买盘
09:50:01	9.62	0.01	724	696488	买盘
09:49:55	9.61	--	1096	1053256	买盘
09:49:51	9.61	--	261	250820	买盘
09:49:46	9.61	--	601	577561	买盘
09:49:40	9.61	--	526	505485	卖盘
09:49:34	9.61	--	118	113398	卖盘
09:49:30	9.61	0.01	658	632338	买盘
09:49:25	9.6	0.01	188	180480	买盘
09:49:19	9.59	-0.01	76	72884	卖盘
09:49:15	9.6	0.01	247	237120	买盘
09:49:10	9.59	-0.01	758	726922	中性盘
09:49:04	9.6	0.01	90	86400	买盘
09:49:01	9.59	--	811	777749	买盘
09:48:55	9.59	-0.01	412	395108	卖盘
09:48:49	9.6	--	474	455040	买盘
09:48:45	9.6	--	144	138240	买盘
09:48:40	9.6	--	692	664320	买盘
09:48:34	9.6	--	662	635520	卖盘
09:48:30	9.6	--	548	526080	卖盘
09:48:25	9.6	-0.01	552	529920	卖盘
09:48:19	9.61	--	436	418996	买盘
09:48:15	9.61	0.01	376	361336	买盘
09:48:10	9.6	--	176	168960	买盘
09:48:04	9.6	0.01	190	182400	卖盘
09:48:00	9.59	-0.01	739	708701	卖盘
09:47:55	9.6	-0.01	410	393600	卖盘
09:47:49	9.61	0.01	441	423801	买盘
09:47:45	9.6	--	83	79680	卖盘
09:47:40	9.6	0.01	939	901440	买盘
09:47:34	9.59	--	801	768159	卖盘
09:47:30	9.59	-0.01	228	218652	买盘
09:47:25	9.6	0.01	447	429120	买盘
09:47:19	9.59	-0.01	219	210021	卖盘
09:47:15	9.6	0.01	20	19200	买盘
09:47:10	9.59	-0.01	427	409493	卖盘
09:47:04	9.6	-0.02	386	370560	卖盘
09:47:00	9.62	--	590	567580	买盘
09:46:55	9.62	--	1608	1546895	卖盘
09:46:49	9.62	0.01	1088	1046655	买盘
09:46:45	9.61	-0.02	499	479539	卖盘
09:46:40	9.63	0.01	1270	1223010	买盘
09:46:34	9.62	--	977	939873	买盘
09:46:30	9.62	-0.01	279	268398	买盘
09:46:25	9.63	--	1116	1074708	买盘
09:46:19	9.63	--	218	209934	买盘
09:46:15	9.63	-0.02	416	400608	卖盘
09:46:10	9.65	--	1526	1472590	买盘
09:46:04	9.65	0.01	1671	1612515	买盘
09:46:00	9.64	-0.03	273	263172	中性盘
09:45:55	9.67	0.03	1029	995043	买盘
09:45:49	9.64	-0.02	1026	989064	卖盘
09:45:45	9.66	0.05	506	488796	买盘
09:45:40	9.61	-0.01	2078	1996957	卖盘
09:45:34	9.62	--	246	236651	买盘
09:45:30	9.62	0.01	133	127945	买盘
09:45:25	9.61	0.01	373	358453	买盘
09:45:19	9.6	0.01	1466	1407744	买盘
09:45:15	9.59	0.02	807	773913	买盘
09:45:10	9.57	--	689	659373	卖盘
09:45:04	9.57	0.01	994	951258	买盘
09:45:00	9.56	--	245	234220	买盘
09:44:55	9.56	--	983	939748	买盘
09:44:49	9.56	0.02	1164	1112784	买盘
09:44:45	9.54	-0.01	119	113525	卖盘
09:44:40	9.55	0.01	426	406830	买盘
09:44:34	9.54	0.01	1767	1685717	买盘
09:44:30	9.53	0.01	343	326879	买盘
09:44:25	9.52	-0.01	272	258944	卖盘
09:44:19	9.53	0.02	969	923456	买盘
09:44:15	9.51	--	194	184494	卖盘
09:44:10	9.51	--	58	55158	卖盘
09:44:04	9.51	0.03	2642	2512542	买盘
09:43:54	9.48	-0.01	246	233208	卖盘
09:43:49	9.49	0.01	443	420407	买盘
09:43:45	9.48	--	86	81528	卖盘
09:43:39	9.48	--	282	267336	买盘
09:43:34	9.48	--	95	90060	买盘
09:43:30	9.48	--	455	431340	买盘
09:43:24	9.48	-0.01	460	436080	卖盘
09:43:19	9.49	0.01	342	324558	买盘
09:43:15	9.48	-0.01	285	270180	买盘
09:43:09	9.49	0.01	355	336895	买盘
09:43:04	9.48	-0.01	270	255960	中性盘
09:42:58	9.49	0.01	56	53144	买盘
09:42:54	9.48	-0.01	273	258804	卖盘
09:42:49	9.49	--	298	282802	卖盘
09:42:43	9.49	-0.01	131	124319	卖盘
09:42:39	9.5	--	367	348650	买盘
09:42:34	9.5	--	176	167200	买盘
09:42:28	9.5	--	47	44650	买盘
09:42:24	9.5	--	1456	1383200	卖盘
09:42:19	9.5	-0.01	238	226100	卖盘
09:42:13	9.51	--	682	648582	卖盘
09:42:09	9.51	--	582	553482	卖盘
09:42:04	9.51	-0.02	284	270084	卖盘
09:41:58	9.53	0.01	1421	1354213	买盘
09:41:54	9.52	--	20	19040	买盘
09:41:49	9.52	-0.01	139	132328	卖盘
09:41:43	9.53	--	219	208707	买盘
09:41:39	9.53	--	223	212519	买盘
09:41:34	9.53	0.01	1225	1167425	卖盘
09:41:28	9.52	-0.01	566	538832	卖盘
09:41:24	9.53	--	406	386918	卖盘
09:41:19	9.53	--	812	773836	卖盘
09:41:13	9.53	0.01	273	260168	中性盘
09:41:09	9.52	-0.01	427	406504	卖盘
09:41:04	9.53	--	328	312584	买盘
09:40:58	9.53	-0.01	832	792896	卖盘
09:40:54	9.54	--	159	151686	买盘
09:40:49	9.54	-0.01	856	816623	卖盘
09:40:43	9.55	--	886	846130	买盘
09:40:39	9.55	--	49	46795	买盘
09:40:34	9.55	-0.01	248	236840	中性盘
09:40:28	9.56	0.04	1128	1078368	买盘
09:40:24	9.52	-0.01	382	363664	卖盘
09:40:19	9.53	0.01	142	135326	买盘
09:40:13	9.52	-0.03	1311	1248072	卖盘
09:40:09	9.55	0.03	283	270265	买盘
09:40:04	9.52	0.01	2769	2636088	买盘
09:39:58	9.51	-0.02	662	629562	卖盘
09:39:54	9.53	0.01	284	270652	买盘
09:39:49	9.52	-0.01	629	598808	中性盘
09:39:43	9.53	0.01	1375	1310375	买盘
09:39:39	9.52	0.01	230	218960	买盘
09:39:34	9.51	-0.02	474	450774	卖盘
09:39:28	9.53	0.02	560	533680	买盘
09:39:24	9.51	-0.01	421	400371	卖盘
09:39:19	9.52	0.01	489	465528	买盘
09:39:13	9.51	-0.02	539	512589	中性盘
09:39:09	9.53	0.01	778	741434	买盘
09:39:04	9.52	-0.01	1051	1000552	中性盘
09:38:58	9.53	0.03	877	835781	买盘
09:38:54	9.5	--	750	712500	买盘
09:38:49	9.5	-0.02	553	525350	中性盘
09:38:43	9.52	0.04	1779	1693608	买盘
09:38:39	9.48	--	280	265440	买盘
09:38:34	9.48	0.01	1532	1452336	买盘
09:38:28	9.47	-0.02	765	724455	卖盘
09:38:24	9.49	0.01	122	115778	买盘
09:38:19	9.48	0.03	1033	979284	买盘
09:38:13	9.45	0.01	937	885464	中性盘
09:38:09	9.44	-0.01	324	305856	卖盘
09:38:04	9.45	0.01	298	281610	买盘
09:37:58	9.44	0.01	128	120832	买盘
09:37:54	9.43	--	170	160310	卖盘
09:37:49	9.43	0.01	374	352682	买盘
09:37:43	9.42	--	32	30144	卖盘
09:37:39	9.42	0.03	203	191226	买盘
09:37:34	9.39	-0.01	124	116436	卖盘
09:37:28	9.4	0.02	575	540500	买盘
09:37:24	9.38	--	30	28140	卖盘
09:37:19	9.38	0.01	1003	940814	买盘
09:37:13	9.37	--	54	50597	卖盘
09:37:09	9.37	--	44	41228	卖盘
09:37:03	9.37	--	132	123683	买盘
09:36:58	9.37	0.01	373	349500	买盘
09:36:54	9.36	--	30	28080	卖盘
09:36:48	9.36	--	146	136656	卖盘
09:36:43	9.36	0.01	184	172224	买盘
09:36:39	9.35	0.01	310	289850	中性盘
09:36:33	9.34	-0.02	88	82192	卖盘
09:36:28	9.36	0.01	552	516671	买盘
09:36:22	9.35	--	3	2805	买盘
09:36:18	9.35	--	265	247775	买盘
09:36:13	9.35	-0.02	217	202895	卖盘
09:36:07	9.37	0.01	52	48723	买盘
09:36:03	9.36	--	70	65519	买盘
09:35:58	9.36	--	505	472680	买盘
09:35:52	9.36	-0.01	103	96408	卖盘
09:35:48	9.37	--	161	150857	买盘
09:35:43	9.37	0.01	92	86204	中性盘
09:35:37	9.36	-0.01	102	95472	卖盘
09:35:33	9.37	0.01	179	167723	买盘
09:35:28	9.36	0.02	349	326664	买盘
09:35:22	9.34	-0.01	126	117684	卖盘
09:35:18	9.35	-0.01	17	15895	卖盘
09:35:13	9.36	0.01	551	515735	买盘
09:35:07	9.35	0.01	425	397375	买盘
09:35:03	9.34	-0.01	38	35492	卖盘
09:34:58	9.35	-0.01	166	155210	中性盘
09:34:52	9.36	0.01	440	411840	买盘
09:34:48	9.35	--	168	157080	卖盘
09:34:43	9.35	-0.01	59	55165	卖盘
09:34:37	9.36	0.01	381	356616	买盘
09:34:28	9.35	0.02	330	308550	买盘
09:34:22	9.33	-0.02	117	109161	卖盘
09:34:18	9.35	--	24	22440	买盘
09:34:13	9.35	0.03	255	238425	买盘
09:34:07	9.32	--	128	119296	卖盘
09:34:03	9.32	-0.01	88	82016	卖盘
09:33:58	9.33	--	16	14928	卖盘
09:33:52	9.33	0.01	513	478629	买盘
09:33:48	9.32	0.01	27	25164	买盘
09:33:43	9.31	-0.01	183	170373	卖盘
09:33:37	9.32	0.01	79	73628	买盘
09:33:33	9.31	-0.01	235	218785	卖盘
09:33:28	9.32	0.01	12	11184	买盘
09:33:22	9.31	0.01	326	303506	中性盘
09:33:18	9.3	0.01	13	12090	中性盘
09:33:13	9.29	-0.02	968	899271	卖盘
09:33:07	9.31	--	51	47481	买盘
09:33:03	9.31	0.02	388	361228	买盘
09:32:58	9.29	-0.01	389	361380	卖盘
09:32:52	9.3	0.01	166	154380	买盘
09:32:48	9.29	--	34	31585	卖盘
09:32:43	9.29	--	60	55739	卖盘
09:32:37	9.29	-0.01	115	106834	卖盘
09:32:33	9.3	--	8	7440	卖盘
09:32:28	9.3	0.01	128	119040	买盘
09:32:22	9.29	-0.01	18	16722	卖盘
09:32:18	9.3	0.01	13	12090	买盘
09:32:13	9.29	--	61	56668	卖盘
09:32:07	9.29	-0.01	131	121698	卖盘
09:32:03	9.3	0.01	72	66960	买盘
09:31:58	9.29	--	330	306570	卖盘
09:31:52	9.29	0.01	1425	1323824	买盘
09:31:48	9.28	-0.01	395	366560	卖盘
09:31:43	9.29	0.01	89	82680	买盘
09:31:37	9.28	--	321	297888	卖盘
09:31:33	9.28	-0.01	29	26911	卖盘
09:31:28	9.29	0.01	70	65029	买盘
09:31:22	9.28	-0.02	102	94656	卖盘
09:31:13	9.3	-0.01	376	349680	中性盘
09:31:07	9.31	0.02	4	3724	买盘
09:31:03	9.29	-0.02	46	42733	卖盘
09:30:58	9.31	--	50	46550	买盘
09:30:52	9.31	0.04	33	30723	买盘
09:30:48	9.27	-0.06	105	97335	卖盘
09:30:42	9.33	0.05	28	26124	买盘
09:30:37	9.28	-0.03	208	193024	卖盘
09:30:33	9.31	--	20	18620	买盘
09:30:27	9.31	0.01	48	44688	卖盘
09:30:22	9.3	-0.01	45	41850	卖盘
09:30:18	9.31	0.01	10	9310	中性盘
09:30:12	9.3	--	251	233430	卖盘
09:30:07	9.3	0.02	2475	2301750	买盘
09:30:01	9.28	0.01	36	33408	中性盘
09:28:57	9.27	--	0	0	卖盘
09:25:08	9.27	9.27	1041	965007	买盘
