成交时间	成交价	价格变动	成交量(手)	成交额(元)	性质
15:00:00	12.23	--	0	0	卖盘
15:00:00	12.23	-0.01	5	6115	卖盘
14:59:59	12.24	0.01	94	115056	买盘
14:59:53	12.23	--	48	58704	卖盘
14:59:49	12.23	-0.01	315	385245	卖盘
14:59:44	12.24	--	60	73440	买盘
14:59:38	12.24	--	74	90576	买盘
14:59:34	12.24	0.01	370	452880	买盘
14:59:29	12.23	--	104	127192	卖盘
14:59:23	12.23	-0.01	186	227478	中性盘
14:59:19	12.24	0.02	375	459000	买盘
14:59:14	12.22	-0.01	244	298168	卖盘
14:59:08	12.23	--	46	56258	卖盘
14:59:04	12.23	--	95	116185	卖盘
14:58:59	12.23	--	993	1214439	买盘
14:58:53	12.23	--	112	136976	买盘
14:58:49	12.23	--	243	297189	买盘
14:58:44	12.23	--	238	291074	买盘
14:58:38	12.23	0.01	96	117408	买盘
14:58:34	12.22	--	22	26884	卖盘
14:58:29	12.22	0.01	128	156416	中性盘
14:58:23	12.21	--	144	175824	卖盘
14:58:19	12.21	--	50	61050	卖盘
14:58:14	12.21	--	171	208791	卖盘
14:58:08	12.21	--	408	498168	卖盘
14:58:04	12.21	0.01	76	92796	买盘
14:57:59	12.2	-0.01	84	102480	卖盘
14:57:53	12.21	--	318	388278	买盘
14:57:49	12.21	--	150	183150	买盘
14:57:44	12.21	--	344	420024	卖盘
14:57:38	12.21	--	126	153846	卖盘
14:57:34	12.21	--	109	133089	卖盘
14:57:29	12.21	-0.01	219	267399	卖盘
14:57:23	12.22	0.01	109	133198	买盘
14:57:19	12.21	--	154	188034	卖盘
14:57:14	12.21	--	78	95238	卖盘
14:57:08	12.21	--	156	190476	卖盘
14:57:04	12.21	-0.01	85	103785	卖盘
14:56:59	12.22	--	99	120978	买盘
14:56:53	12.22	--	129	157638	买盘
14:56:49	12.22	--	43	52546	买盘
14:56:44	12.22	--	132	161304	买盘
14:56:38	12.22	0.01	159	194298	买盘
14:56:34	12.21	-0.01	163	199023	卖盘
14:56:29	12.22	--	63	76986	买盘
14:56:23	12.22	-0.01	195	238290	卖盘
14:56:19	12.23	0.01	110	134530	买盘
14:56:14	12.22	--	155	189410	卖盘
14:56:08	12.22	-0.01	60	73320	卖盘
14:56:04	12.23	--	56	68488	买盘
14:55:59	12.23	--	180	220140	卖盘
14:55:53	12.23	--	90	110070	卖盘
14:55:49	12.23	-0.01	143	174889	卖盘
14:55:44	12.24	0.01	197	241128	买盘
14:55:38	12.23	--	53	64819	卖盘
14:55:34	12.23	-0.01	46	56258	卖盘
14:55:29	12.24	0.01	226	276624	买盘
14:55:23	12.23	--	82	100286	卖盘
14:55:19	12.23	-0.01	46	56258	卖盘
14:55:14	12.24	--	57	69768	买盘
14:55:08	12.24	--	86	105264	买盘
14:55:04	12.24	--	40	48960	买盘
14:54:58	12.24	--	68	83342	卖盘
14:54:53	12.24	0.01	78	96585	卖盘
14:54:48	12.23	-0.01	159	194457	卖盘
14:54:43	12.24	-0.01	344	421056	卖盘
14:54:38	12.25	0.01	307	376075	买盘
14:54:32	12.24	-0.01	114	139536	卖盘
14:54:28	12.25	--	335	410375	买盘
14:54:23	12.25	--	98	120050	买盘
14:54:17	12.25	--	30	36750	买盘
14:54:13	12.25	-0.01	175	214987	卖盘
14:54:08	12.26	--	67	82142	买盘
14:54:02	12.26	--	3	3678	买盘
14:53:58	12.26	--	31	38006	买盘
14:53:53	12.26	--	673	825098	卖盘
14:53:47	12.26	--	135	165510	卖盘
14:53:43	12.26	--	118	144668	卖盘
14:53:38	12.26	--	115	140990	卖盘
14:53:32	12.26	--	93	114631	卖盘
14:53:28	12.26	--	81	99306	买盘
14:53:23	12.26	--	386	473236	买盘
14:53:17	12.26	--	39	47814	买盘
14:53:13	12.26	--	39	47814	买盘
14:53:08	12.26	-0.01	124	152024	卖盘
14:53:02	12.27	0.01	50	61350	买盘
14:52:58	12.26	--	85	104210	卖盘
14:52:53	12.26	--	92	112792	卖盘
14:52:47	12.26	-0.01	71	87046	卖盘
14:52:43	12.27	0.01	42	51534	买盘
14:52:38	12.26	0.01	66	80916	买盘
14:52:32	12.25	-0.01	192	235200	卖盘
14:52:28	12.26	--	92	112792	买盘
14:52:23	12.26	0.01	188	230488	买盘
14:52:17	12.25	--	30	36750	卖盘
14:52:13	12.25	-0.01	58	71050	卖盘
14:52:08	12.26	0.01	123	150798	买盘
14:52:02	12.25	--	39	47775	卖盘
14:51:58	12.25	--	41	50225	卖盘
14:51:53	12.25	--	216	264600	买盘
14:51:47	12.25	--	242	296450	买盘
14:51:43	12.25	--	5	6125	买盘
14:51:38	12.25	0.01	84	102900	买盘
14:51:32	12.24	--	114	139536	卖盘
14:51:28	12.24	-0.01	7	8568	卖盘
14:51:23	12.25	0.02	75	91875	买盘
14:51:17	12.23	-0.01	82	100286	卖盘
14:51:13	12.24	--	20	24480	买盘
14:51:08	12.24	0.01	262	320688	买盘
14:51:02	12.23	--	74	90502	卖盘
14:50:58	12.23	--	137	167551	卖盘
14:50:53	12.23	-0.01	100	122300	卖盘
14:50:47	12.24	0.01	47	57528	买盘
14:50:43	12.23	--	5	6115	买盘
14:50:38	12.23	--	113	138199	卖盘
14:50:32	12.23	--	38	46474	卖盘
14:50:28	12.23	--	38	46474	买盘
14:50:23	12.23	--	77	94171	买盘
14:50:17	12.23	--	57	69711	买盘
14:50:13	12.23	--	143	174889	买盘
14:50:08	12.23	--	38	46474	买盘
14:50:02	12.23	--	64	78272	卖盘
14:49:58	12.23	--	74	90502	卖盘
14:49:53	12.23	--	16	19568	卖盘
14:49:47	12.23	--	12	14676	卖盘
14:49:43	12.23	-0.01	8	9784	卖盘
14:49:38	12.24	--	71	86904	卖盘
14:49:32	12.24	-0.01	232	283968	卖盘
14:49:28	12.25	--	10	12250	买盘
14:49:23	12.25	--	45	55125	卖盘
14:49:17	12.25	--	208	254800	卖盘
14:49:13	12.25	--	19	23275	卖盘
14:49:08	12.25	--	146	178850	卖盘
14:48:52	12.25	-0.02	220	269500	卖盘
14:48:47	12.27	--	317	388959	买盘
14:48:41	12.27	--	214	262578	买盘
14:48:38	12.27	--	269	330173	卖盘
14:48:32	12.27	--	693	851427	卖盘
14:48:28	12.27	--	97	119019	卖盘
14:48:22	12.27	--	314	385278	卖盘
14:48:17	12.27	-0.01	99	121473	卖盘
14:48:11	12.28	0.01	55	67540	买盘
14:48:07	12.27	--	84	103068	卖盘
14:48:02	12.27	--	564	692028	卖盘
14:47:56	12.27	-0.01	17	20859	卖盘
14:47:52	12.28	--	42	51576	买盘
14:47:47	12.28	--	215	264020	卖盘
14:47:41	12.28	--	5	6140	卖盘
14:47:37	12.28	--	263	322964	卖盘
14:47:32	12.28	--	112	137536	卖盘
14:47:26	12.28	-0.01	102	125256	卖盘
14:47:22	12.29	--	99	121670	买盘
14:47:17	12.29	--	45	55304	买盘
14:47:11	12.29	--	65	79885	买盘
14:47:07	12.29	0.01	199	244570	买盘
14:47:02	12.28	-0.01	211	259108	卖盘
14:46:56	12.29	--	7	8603	买盘
14:46:52	12.29	--	40	49160	卖盘
14:46:47	12.29	--	79	97091	卖盘
14:46:41	12.29	-0.01	39	47931	卖盘
14:46:37	12.3	0.01	444	546120	买盘
14:46:32	12.29	--	207	254402	买盘
14:46:26	12.29	--	48	58991	买盘
14:46:22	12.29	--	174	213845	买盘
14:46:17	12.29	--	242	297418	买盘
14:46:11	12.29	--	12	14747	买盘
14:46:07	12.29	--	415	510034	卖盘
14:46:02	12.29	-0.01	374	459744	卖盘
14:45:56	12.3	--	23	28290	买盘
14:45:52	12.3	0.01	133	163590	买盘
14:45:47	12.29	-0.01	53	65136	卖盘
14:45:41	12.3	--	290	356700	卖盘
14:45:37	12.3	0.01	153	188190	买盘
14:45:32	12.29	-0.01	147	180663	卖盘
14:45:26	12.3	--	54	66420	买盘
14:45:22	12.3	--	146	179580	买盘
14:45:17	12.3	0.01	96	118080	中性盘
14:45:11	12.29	-0.02	428	526012	卖盘
14:45:07	12.31	0.01	67	82477	买盘
14:45:02	12.3	--	297	365310	卖盘
14:44:56	12.3	-0.01	347	426810	卖盘
14:44:52	12.31	--	98	120638	买盘
14:44:47	12.31	--	69	84939	买盘
14:44:41	12.31	0.01	225	276975	买盘
14:44:37	12.3	--	106	130380	卖盘
14:44:32	12.3	-0.01	157	193110	卖盘
14:44:26	12.31	0.01	708	871548	买盘
14:44:22	12.3	--	12	14760	卖盘
14:44:17	12.3	--	52	63960	卖盘
14:44:11	12.3	0.01	1615	1987581	买盘
14:44:07	12.29	-0.01	21	25809	卖盘
14:44:02	12.3	--	116	142680	买盘
14:43:56	12.3	--	196	241080	买盘
14:43:52	12.3	0.01	4	4920	买盘
14:43:47	12.29	--	45	55304	卖盘
14:43:41	12.29	--	226	277754	买盘
14:43:37	12.29	--	61	74969	买盘
14:43:32	12.29	--	130	159770	买盘
14:43:26	12.29	-0.01	79	97091	买盘
14:43:22	12.3	0.01	15	18450	买盘
14:43:17	12.29	--	465	571485	买盘
14:43:11	12.29	0.01	313	384677	买盘
14:43:07	12.28	-0.01	6	7368	卖盘
14:43:02	12.29	0.01	182	223677	买盘
14:42:56	12.28	--	12	14736	卖盘
14:42:52	12.28	--	9	11052	卖盘
14:42:47	12.28	-0.01	212	260336	卖盘
14:42:41	12.29	--	131	161097	卖盘
14:42:37	12.29	--	23	28266	卖盘
14:42:32	12.29	--	670	823430	卖盘
14:42:26	12.29	--	87	108041	卖盘
14:42:22	12.29	0.01	409	502673	买盘
14:42:17	12.28	--	185	227180	卖盘
14:42:11	12.28	--	109	133852	卖盘
14:42:06	12.28	--	21	25788	卖盘
14:42:02	12.28	-0.01	59	72452	卖盘
14:41:56	12.29	--	170	208930	买盘
14:41:52	12.29	0.01	302	371158	买盘
14:41:47	12.28	-0.01	122	149816	卖盘
14:41:41	12.29	0.01	634	779186	买盘
14:41:35	12.28	-0.01	100	122800	卖盘
14:41:31	12.29	0.01	253	310937	买盘
14:41:26	12.28	--	63	77364	卖盘
14:41:20	12.28	--	118	144904	卖盘
14:41:16	12.28	--	86	105608	卖盘
14:41:11	12.28	--	238	292264	买盘
14:41:05	12.28	0.01	35	42980	买盘
14:41:01	12.27	-0.01	123	150921	卖盘
14:40:56	12.28	0.01	497	610316	买盘
14:40:50	12.27	--	194	238038	卖盘
14:40:46	12.27	--	46	56442	卖盘
14:40:41	12.27	--	208	255216	卖盘
14:40:35	12.27	-0.01	8	9816	卖盘
14:40:31	12.28	0.01	248	304544	中性盘
14:40:26	12.27	-0.01	236	289572	卖盘
14:40:20	12.28	0.01	62	76136	买盘
14:40:16	12.27	--	308	377916	卖盘
14:40:11	12.27	--	84	103068	卖盘
14:40:05	12.27	--	133	163191	卖盘
14:40:01	12.27	--	153	187731	卖盘
14:39:56	12.27	-0.01	432	530064	卖盘
14:39:50	12.28	0.01	69	84732	买盘
14:39:46	12.27	-0.01	99	121473	卖盘
14:39:41	12.28	--	13	15964	卖盘
14:39:35	12.28	-0.01	211	259108	卖盘
14:39:31	12.29	0.01	632	776728	买盘
14:39:26	12.28	-0.01	99	121572	卖盘
14:39:16	12.29	-0.01	300	368700	卖盘
14:39:11	12.3	0.01	309	380070	买盘
14:39:05	12.29	--	45	55304	卖盘
14:39:01	12.29	-0.01	133	163457	卖盘
14:38:56	12.3	0.01	149	183270	买盘
14:38:50	12.29	--	251	308479	卖盘
14:38:46	12.29	-0.01	254	312166	卖盘
14:38:41	12.3	0.02	284	349320	买盘
14:38:35	12.28	--	65	79820	卖盘
14:38:31	12.28	-0.01	101	124028	买盘
14:38:26	12.29	0.01	358	439981	买盘
14:38:20	12.28	-0.01	212	260336	卖盘
14:38:16	12.29	0.01	41	50389	买盘
14:38:11	12.28	--	176	216128	卖盘
14:38:05	12.28	0.01	108	132624	买盘
14:38:01	12.27	--	58	71166	卖盘
14:37:56	12.27	-0.01	154	188958	卖盘
14:37:50	12.28	--	368	451904	卖盘
14:37:46	12.28	0.02	543	666804	买盘
14:37:41	12.26	--	132	161832	买盘
14:37:35	12.26	--	19	23294	买盘
14:37:31	12.26	--	53	64978	买盘
14:37:26	12.26	-0.01	116	142216	卖盘
14:37:20	12.27	0.01	845	1036815	买盘
14:37:16	12.26	-0.01	22	26972	卖盘
14:37:11	12.27	0.01	44	53988	买盘
14:37:05	12.26	--	105	128730	买盘
14:37:01	12.26	--	61	74786	卖盘
14:36:56	12.26	--	230	281980	卖盘
14:36:50	12.26	--	29	35554	卖盘
14:36:46	12.26	0.01	50	61300	卖盘
14:36:41	12.25	--	42	51450	卖盘
14:36:35	12.25	-0.01	298	365050	卖盘
14:36:31	12.26	-0.01	11	13486	中性盘
14:36:26	12.27	0.02	759	931293	买盘
14:36:20	12.25	--	106	129850	卖盘
14:36:16	12.25	--	26	31850	卖盘
14:36:11	12.25	0.01	360	441906	买盘
14:36:05	12.24	-0.01	300	367200	卖盘
14:36:01	12.25	0.01	105	128625	买盘
14:35:56	12.24	--	213	260712	卖盘
14:35:50	12.24	--	45	55080	卖盘
14:35:46	12.24	--	20	24480	卖盘
14:35:41	12.24	0.01	222	271728	买盘
14:35:35	12.23	-0.01	49	59927	买盘
14:35:30	12.24	--	0	0	买盘
14:35:26	12.24	0.04	544	665856	买盘
14:35:20	12.2	-0.01	180	219600	卖盘
14:35:14	12.21	--	1	1221	买盘
14:35:10	12.21	--	110	134310	买盘
14:35:05	12.21	0.02	165	201465	买盘
14:34:59	12.19	-0.01	89	108491	卖盘
14:34:55	12.2	0.01	20	24400	买盘
14:34:50	12.19	-0.01	95	115805	卖盘
14:34:44	12.2	0.01	110	134200	买盘
14:34:40	12.19	0.01	80	97520	买盘
14:34:35	12.18	-0.01	112	136416	卖盘
14:34:29	12.19	0.01	33	40227	买盘
14:34:25	12.18	--	30	36540	卖盘
14:34:20	12.18	--	55	66990	买盘
14:34:14	12.18	--	5	6090	买盘
14:34:10	12.18	--	8	9744	买盘
14:34:05	12.18	0.02	252	306936	买盘
14:33:59	12.16	-0.01	28	34048	卖盘
14:33:55	12.17	--	20	24340	买盘
14:33:50	12.17	0.01	89	108313	买盘
14:33:44	12.16	--	31	37696	买盘
14:33:40	12.16	0.01	64	77824	买盘
14:33:35	12.15	--	143	173745	买盘
14:33:29	12.15	--	143	173745	卖盘
14:33:25	12.15	--	77	93555	卖盘
14:33:20	12.15	0.01	39	47385	买盘
14:33:14	12.14	-0.01	95	115330	卖盘
14:33:10	12.15	0.01	172	208980	买盘
14:33:05	12.14	--	72	87408	卖盘
14:32:59	12.14	--	31	37634	卖盘
14:32:55	12.14	--	278	337492	买盘
14:32:50	12.14	0.01	12	14568	买盘
14:32:44	12.13	--	21	25473	卖盘
14:32:35	12.13	--	87	105531	买盘
14:32:29	12.13	--	10	12130	买盘
14:32:25	12.13	--	41	49733	买盘
14:32:20	12.13	-0.01	44	53372	卖盘
14:32:14	12.14	0.01	108	131112	买盘
14:32:10	12.13	--	4	4852	买盘
14:32:05	12.13	-0.02	91	110383	卖盘
14:31:59	12.15	0.01	31	37665	买盘
14:31:55	12.14	-0.01	69	83766	卖盘
14:31:50	12.15	--	5	6075	买盘
14:31:44	12.15	--	353	428895	卖盘
14:31:40	12.15	--	43	52245	卖盘
14:31:35	12.15	-0.01	42	51030	卖盘
14:31:29	12.16	0.01	96	116736	中性盘
14:31:25	12.15	-0.01	186	225990	卖盘
14:31:20	12.16	-0.01	110	133760	卖盘
14:31:14	12.17	--	86	104662	买盘
14:31:10	12.17	--	35	42595	买盘
14:31:05	12.17	0.01	28	34076	买盘
14:30:59	12.16	-0.02	72	87552	卖盘
14:30:55	12.18	0.01	127	154686	买盘
14:30:50	12.17	--	38	46246	卖盘
14:30:44	12.17	--	29	35293	卖盘
14:30:40	12.17	--	29	35293	卖盘
14:30:35	12.17	--	71	86407	卖盘
14:30:29	12.17	--	395	480715	买盘
14:30:25	12.17	--	2	2434	买盘
14:30:20	12.17	-0.01	86	104662	卖盘
14:30:14	12.18	--	235	286230	买盘
14:30:10	12.18	--	36	43848	卖盘
14:30:05	12.18	-0.01	5	6090	中性盘
14:29:59	12.19	--	51	62169	买盘
14:29:50	12.19	--	49	59731	卖盘
14:29:44	12.19	--	5	6095	卖盘
14:29:40	12.19	0.01	50	60950	买盘
14:29:35	12.18	-0.01	60	73080	卖盘
14:29:29	12.19	0.02	104	126776	买盘
14:29:25	12.17	-0.02	1	1217	卖盘
14:29:20	12.19	--	29	35351	买盘
14:29:14	12.19	0.02	39	47541	买盘
14:29:09	12.17	-0.01	291	354147	卖盘
14:29:05	12.18	--	460	560280	卖盘
14:28:59	12.18	-0.01	125	152250	卖盘
14:28:53	12.19	0.01	33	40227	买盘
14:28:49	12.18	-0.01	4	4872	卖盘
14:28:44	12.19	0.01	112	136528	买盘
14:28:38	12.18	--	133	161994	卖盘
14:28:34	12.18	--	96	116928	卖盘
14:28:29	12.18	--	66	80388	卖盘
14:28:19	12.18	-0.01	26	31668	卖盘
14:28:14	12.19	0.01	11	13409	买盘
14:28:08	12.18	--	19	23142	买盘
14:28:04	12.18	--	136	165648	卖盘
14:27:59	12.18	--	98	119364	卖盘
14:27:53	12.18	-0.01	104	126672	卖盘
14:27:49	12.19	0.01	88	107272	买盘
14:27:44	12.18	--	39	47502	卖盘
14:27:38	12.18	--	24	29232	卖盘
14:27:34	12.18	--	42	51156	卖盘
14:27:29	12.18	--	147	179935	买盘
14:27:23	12.18	--	24	29232	卖盘
14:27:19	12.18	--	61	74298	卖盘
14:27:14	12.18	-0.01	11	13398	卖盘
14:27:08	12.19	--	17	20723	卖盘
14:27:04	12.19	-0.01	20	24380	卖盘
14:26:59	12.2	--	52	63439	买盘
14:26:53	12.2	--	2	2440	买盘
14:26:49	12.2	--	99	120780	卖盘
14:26:44	12.2	--	82	100040	卖盘
14:26:38	12.2	-0.01	26	31719	卖盘
14:26:34	12.21	--	423	516483	买盘
14:26:23	12.21	0.01	28	34188	买盘
14:26:19	12.2	-0.01	608	741760	卖盘
14:26:14	12.21	--	1	1221	卖盘
14:26:08	12.21	-0.02	7	8547	卖盘
14:26:04	12.23	0.01	59	72157	买盘
14:25:59	12.22	0.01	4	4888	中性盘
14:25:53	12.21	-0.01	117	142857	卖盘
14:25:49	12.22	-0.01	70	85540	卖盘
14:25:44	12.23	--	9	11007	买盘
14:25:38	12.23	--	10	12230	买盘
14:25:34	12.23	-0.01	18	22014	卖盘
14:25:29	12.24	--	24	29376	买盘
14:25:23	12.24	--	86	105264	卖盘
14:25:19	12.24	--	1	1224	中性盘
14:25:14	12.24	--	34	41616	卖盘
14:25:08	12.24	-0.01	38	46512	卖盘
14:25:04	12.25	0.01	255	312375	买盘
14:24:59	12.24	-0.01	17	20808	卖盘
14:24:53	12.25	--	33	40425	买盘
14:24:49	12.25	0.01	1	1225	买盘
14:24:44	12.24	-0.01	14	17136	中性盘
14:24:38	12.25	0.01	216	264918	买盘
14:24:34	12.24	--	19	23256	卖盘
14:24:29	12.24	-0.01	159	194616	卖盘
14:24:23	12.25	0.01	51	63381	买盘
14:24:19	12.24	--	19	23256	买盘
14:24:14	12.24	--	56	68862	卖盘
14:24:08	12.24	--	23	28152	卖盘
14:23:59	12.24	--	583	714497	买盘
14:23:53	12.24	--	52	63648	买盘
14:23:49	12.24	--	9	11016	买盘
14:23:44	12.24	0.01	24	29376	买盘
14:23:38	12.23	--	60	73380	卖盘
14:23:34	12.23	0.01	52	63596	卖盘
14:23:29	12.22	-0.01	51	62322	卖盘
14:23:23	12.23	--	29	35467	卖盘
14:23:19	12.23	--	82	100286	卖盘
14:23:14	12.23	--	10	12230	卖盘
14:23:08	12.23	0.01	186	227478	买盘
14:23:03	12.22	--	50	61100	卖盘
14:22:59	12.22	--	8	9776	卖盘
14:22:53	12.22	--	56	68432	卖盘
14:22:47	12.22	-0.01	12	14664	卖盘
14:22:43	12.23	-0.01	55	67265	中性盘
14:22:38	12.24	--	223	272952	买盘
14:22:33	12.24	--	22	26928	买盘
14:22:28	12.24	--	105	128838	卖盘
14:22:23	12.24	--	33	40392	卖盘
14:22:17	12.24	--	27	33048	卖盘
14:22:13	12.24	-0.01	51	62424	卖盘
14:22:08	12.25	0.01	16	19600	买盘
14:22:02	12.24	-0.01	28	34272	卖盘
14:21:58	12.25	--	199	244681	买盘
14:21:53	12.25	--	61	74725	买盘
14:21:43	12.25	-0.01	116	142418	卖盘
14:21:38	12.26	0.01	103	126278	买盘
14:21:32	12.25	--	8	9800	卖盘
14:21:28	12.25	-0.01	127	155575	卖盘
14:21:23	12.26	0.01	94	115244	买盘
14:21:17	12.25	-0.01	59	72275	卖盘
14:21:13	12.26	--	174	213324	买盘
14:21:08	12.26	0.01	263	322438	买盘
14:21:02	12.25	-0.02	100	122500	卖盘
14:20:58	12.27	0.01	202	247854	买盘
14:20:53	12.26	-0.01	164	201064	卖盘
14:20:43	12.27	--	16	19632	买盘
14:20:38	12.27	--	224	274848	卖盘
14:20:32	12.27	--	27	33129	卖盘
14:20:28	12.27	--	72	88344	卖盘
14:20:23	12.27	-0.01	40	49080	卖盘
14:20:17	12.28	--	3	3684	买盘
14:20:13	12.28	-0.01	152	186656	卖盘
14:20:08	12.29	--	59	72511	买盘
14:20:02	12.29	--	47	57762	买盘
14:19:58	12.29	-0.01	56	68824	卖盘
14:19:53	12.3	--	178	218940	卖盘
14:19:47	12.3	-0.01	65	79950	卖盘
14:19:43	12.31	0.01	353	434543	买盘
14:19:38	12.3	-0.01	433	532590	卖盘
14:19:32	12.31	--	167	205577	卖盘
14:19:28	12.31	--	460	566260	卖盘
14:19:23	12.31	0.01	100	123100	买盘
14:19:17	12.3	-0.01	91	111930	卖盘
14:19:13	12.31	--	117	144027	买盘
14:19:08	12.31	--	602	741062	买盘
14:19:02	12.31	--	449	552719	卖盘
14:18:58	12.31	--	37	45547	卖盘
14:18:53	12.31	--	233	286823	卖盘
14:18:47	12.31	--	90	110790	买盘
14:18:43	12.31	--	44	54164	买盘
14:18:38	12.31	--	240	295440	买盘
14:18:32	12.31	-0.02	324	398844	卖盘
14:18:28	12.33	0.02	204	251532	买盘
14:18:23	12.31	-0.02	668	822308	卖盘
14:18:17	12.33	--	126	155358	买盘
14:18:13	12.33	0.01	215	265095	中性盘
14:18:08	12.32	--	457	563024	卖盘
14:18:02	12.32	--	219	269808	买盘
14:17:58	12.32	0.01	71	87472	买盘
14:17:53	12.31	-0.01	85	104635	卖盘
14:17:47	12.32	0.01	210	258720	买盘
14:17:43	12.31	--	36	44316	买盘
14:17:38	12.31	0.01	257	316367	买盘
14:17:32	12.3	0.01	308	378840	买盘
14:17:28	12.29	-0.01	118	145022	卖盘
14:17:23	12.3	0.01	325	399750	买盘
14:17:17	12.29	--	76	93404	卖盘
14:17:13	12.29	--	17	20893	卖盘
14:17:08	12.29	--	291	357639	买盘
14:17:02	12.29	0.01	349	428920	买盘
14:16:58	12.28	--	97	119116	买盘
14:16:53	12.28	--	311	381908	买盘
14:16:47	12.28	--	435	534180	买盘
14:16:41	12.28	--	35	42980	买盘
14:16:38	12.28	0.01	86	105608	买盘
14:16:32	12.27	--	131	160737	买盘
14:16:26	12.27	--	113	138651	买盘
14:16:22	12.27	0.02	136	166872	买盘
14:16:17	12.25	-0.01	480	588000	卖盘
14:16:11	12.26	0.01	56	68656	买盘
14:16:07	12.25	--	75	91875	卖盘
14:16:02	12.25	--	71	87881	买盘
14:15:56	12.25	0.01	462	565950	买盘
14:15:52	12.24	-0.01	284	347616	卖盘
14:15:47	12.25	--	399	488775	买盘
14:15:41	12.25	0.01	114	139650	买盘
14:15:37	12.24	0.01	51	62424	买盘
14:15:32	12.23	--	283	346109	卖盘
14:15:26	12.23	--	51	62373	卖盘
14:15:22	12.23	0.01	213	260499	买盘
14:15:17	12.22	-0.01	338	413036	卖盘
14:15:11	12.23	0.01	73	89279	买盘
14:15:07	12.22	--	125	152750	卖盘
14:15:02	12.22	--	110	134420	卖盘
14:14:56	12.22	--	8	9776	卖盘
14:14:52	12.22	--	119	145540	买盘
14:14:47	12.22	--	111	135642	买盘
14:14:41	12.22	0.01	43	52546	买盘
14:14:37	12.21	-0.01	7	8547	卖盘
14:14:32	12.22	0.02	51	62322	买盘
14:14:26	12.2	-0.02	52	63439	卖盘
14:14:22	12.22	0.01	76	92872	买盘
14:14:17	12.21	0.01	49	59829	买盘
14:14:11	12.2	-0.01	63	76860	卖盘
14:14:07	12.21	-0.01	98	119658	买盘
14:14:02	12.22	--	245	299390	买盘
14:13:56	12.22	--	27	32994	买盘
14:13:52	12.22	0.01	55	67210	买盘
14:13:47	12.21	-0.02	64	78144	卖盘
14:13:41	12.23	0.01	68	83164	买盘
14:13:37	12.22	--	90	109980	卖盘
14:13:32	12.22	-0.01	161	196742	中性盘
14:13:26	12.23	--	274	335102	买盘
14:13:22	12.23	0.01	158	193234	买盘
14:13:17	12.22	-0.01	395	482690	卖盘
14:13:11	12.23	-0.01	97	118631	卖盘
14:13:07	12.24	-0.01	134	164016	卖盘
14:13:02	12.25	0.03	271	331975	买盘
14:12:56	12.22	-0.03	126	153972	卖盘
14:12:52	12.25	0.01	71	86975	买盘
14:12:47	12.24	--	329	402696	买盘
14:12:41	12.24	0.01	342	418608	买盘
14:12:37	12.23	--	502	613946	卖盘
14:12:32	12.23	-0.02	198	242154	卖盘
14:12:26	12.25	--	239	292775	买盘
14:12:22	12.25	0.02	116	142100	买盘
14:12:17	12.23	-0.02	99	121077	卖盘
14:12:11	12.25	--	80	98000	买盘
14:12:07	12.25	0.02	32	39200	买盘
14:12:02	12.23	0.01	271	331433	买盘
14:11:56	12.22	-0.01	268	327496	卖盘
14:11:52	12.23	--	212	259276	买盘
14:11:47	12.23	-0.01	122	149206	卖盘
14:11:41	12.24	0.02	150	183600	买盘
14:11:37	12.22	-0.01	87	106314	卖盘
14:11:32	12.23	0.01	276	337548	买盘
14:11:26	12.22	0.01	127	155194	买盘
14:11:22	12.21	-0.01	41	50061	中性盘
14:11:17	12.22	0.01	142	173524	买盘
14:11:11	12.21	0.01	267	326007	买盘
14:11:07	12.2	--	533	650260	买盘
14:11:02	12.2	--	459	559980	买盘
14:10:56	12.2	--	403	491660	买盘
14:10:51	12.2	0.01	30	36600	买盘
14:10:47	12.19	--	172	209668	买盘
14:10:41	12.19	0.01	525	639975	买盘
14:10:35	12.18	--	182	221676	买盘
14:10:32	12.18	0.02	374	455532	买盘
14:10:26	12.16	-0.01	330	401280	卖盘
14:10:20	12.17	0.01	126	153342	买盘
14:10:16	12.16	0.01	1021	1241536	买盘
14:10:11	12.15	--	931	1131165	买盘
14:10:05	12.15	--	38	46170	买盘
14:10:01	12.15	--	76	92340	买盘
14:09:56	12.15	0.02	1152	1399680	买盘
14:09:50	12.13	--	362	439106	买盘
14:09:46	12.13	--	37	44881	买盘
14:09:41	12.13	--	315	382095	买盘
14:09:35	12.13	0.01	456	553128	买盘
14:09:31	12.12	--	11	13332	卖盘
14:09:26	12.12	--	405	491272	买盘
14:09:20	12.12	--	52	63023	买盘
14:09:16	12.12	--	58	70296	买盘
14:09:11	12.12	--	58	70296	买盘
14:09:05	12.12	--	35	42420	买盘
14:09:01	12.12	0.02	449	544188	买盘
14:08:56	12.1	--	7	8470	卖盘
14:08:50	12.1	-0.01	35	42350	卖盘
14:08:46	12.11	0.01	506	612766	买盘
14:08:41	12.1	--	197	238370	买盘
14:08:35	12.1	--	5	6050	买盘
14:08:26	12.1	0.01	7	8470	买盘
14:08:16	12.09	-0.01	26	31434	卖盘
14:08:11	12.1	0.01	130	157300	买盘
14:08:05	12.09	-0.01	9	10881	买盘
14:07:56	12.1	--	0	0	买盘
14:07:50	12.1	0.02	82	99220	买盘
14:07:46	12.08	--	109	131672	卖盘
14:07:41	12.08	--	85	102680	卖盘
14:07:35	12.08	--	15	18120	卖盘
14:07:31	12.08	-0.01	13	15704	卖盘
14:07:26	12.09	0.01	49	59241	买盘
14:07:16	12.08	-0.01	6	7248	卖盘
14:07:11	12.09	0.01	38	45942	买盘
14:07:05	12.08	-0.01	29	35032	卖盘
14:07:01	12.09	--	15	18135	卖盘
14:06:50	12.09	--	137	165633	卖盘
14:06:46	12.09	0.01	35	42315	买盘
14:06:41	12.08	-0.01	54	65232	卖盘
14:06:35	12.09	--	208	251472	买盘
14:06:31	12.09	0.01	6	7254	买盘
14:06:26	12.08	-0.01	93	112344	卖盘
14:06:20	12.09	--	91	110019	买盘
14:06:11	12.09	--	10	12090	买盘
14:06:05	12.09	--	40	48360	卖盘
14:06:01	12.09	--	2	2418	买盘
14:05:56	12.09	-0.01	55	66495	买盘
14:05:50	12.1	0.01	165	199650	买盘
14:05:46	12.09	--	9	10881	卖盘
14:05:41	12.09	-0.01	49	59241	卖盘
14:05:35	12.1	0.01	17	20570	买盘
14:05:26	12.09	--	7	8463	卖盘
14:05:20	12.09	0.01	138	166842	买盘
14:05:16	12.08	-0.01	105	126840	卖盘
14:05:11	12.09	--	14	16926	买盘
14:05:05	12.09	--	7	8463	买盘
14:05:01	12.09	--	18	21762	买盘
14:04:56	12.09	--	54	65286	买盘
14:04:46	12.09	--	102	123318	买盘
14:04:41	12.09	--	72	87048	买盘
14:04:35	12.09	--	242	292578	卖盘
14:04:31	12.09	-0.01	33	39897	卖盘
14:04:26	12.1	--	13	15730	买盘
14:04:20	12.1	0.01	11	13310	买盘
14:04:16	12.09	--	64	77376	卖盘
14:04:11	12.09	--	64	77376	卖盘
14:04:05	12.09	--	33	39897	卖盘
14:03:55	12.09	0.01	70	84630	买盘
14:03:50	12.08	--	40	48320	卖盘
14:03:40	12.08	--	11	13288	卖盘
14:03:35	12.08	--	72	86976	卖盘
14:03:29	12.08	-0.01	10	12080	卖盘
14:03:25	12.09	0.01	21	25389	买盘
14:03:20	12.08	--	15	18120	卖盘
14:03:14	12.08	-0.01	4	4832	卖盘
14:03:10	12.09	--	36	43524	买盘
14:03:05	12.09	0.01	23	27807	买盘
14:02:55	12.08	--	9	10872	卖盘
14:02:50	12.08	--	10	12080	买盘
14:02:44	12.08	0.01	114	137712	买盘
14:02:40	12.07	-0.01	119	143633	卖盘
14:02:35	12.08	--	52	62816	买盘
14:02:29	12.08	0.01	9	10872	买盘
14:02:25	12.07	--	7	8449	卖盘
14:02:20	12.07	--	110	132770	卖盘
14:02:14	12.07	--	13	15691	卖盘
14:02:10	12.07	--	20	24140	卖盘
14:02:05	12.07	--	16	19312	卖盘
14:01:55	12.07	--	20	24140	卖盘
14:01:50	12.07	--	139	167773	买盘
14:01:44	12.07	--	101	121907	买盘
14:01:35	12.07	0.01	13	15691	买盘
14:01:29	12.06	-0.01	54	65124	卖盘
14:01:20	12.07	--	157	189499	卖盘
14:01:14	12.07	-0.01	105	126735	卖盘
14:01:10	12.08	0.01	28	33824	买盘
14:01:05	12.07	--	24	28968	卖盘
14:00:59	12.07	-0.01	20	24140	卖盘
14:00:55	12.08	--	124	149792	买盘
14:00:44	12.08	--	45	54360	买盘
14:00:40	12.08	-0.02	79	95432	中性盘
14:00:35	12.1	0.01	400	484000	买盘
14:00:29	12.09	--	10	12090	卖盘
14:00:25	12.09	--	40	48360	卖盘
14:00:14	12.09	-0.01	15	18135	卖盘
14:00:10	12.1	0.01	14	16940	买盘
14:00:05	12.09	--	2	2418	卖盘
13:59:59	12.09	--	24	29016	买盘
13:59:55	12.09	--	12	14508	买盘
13:59:50	12.09	0.01	49	59241	买盘
13:59:44	12.08	-0.01	10	12080	卖盘
13:59:40	12.09	-0.01	2	2418	中性盘
13:59:29	12.1	0.01	46	55660	买盘
13:59:25	12.09	--	8	9672	买盘
13:59:20	12.09	--	89	107601	买盘
13:59:14	12.09	--	6	7254	卖盘
13:59:10	12.09	--	1	1209	卖盘
13:59:05	12.09	--	2	2418	卖盘
13:58:50	12.09	--	105	126945	卖盘
13:58:44	12.09	--	41	49569	卖盘
13:58:40	12.09	-0.01	2	2418	卖盘
13:58:35	12.1	--	12	14520	买盘
13:58:29	12.1	--	29	35090	买盘
13:58:20	12.1	0.01	122	147620	买盘
13:58:14	12.09	--	1	1209	卖盘
13:58:09	12.09	-0.01	29	35061	卖盘
13:57:59	12.1	--	23	27830	买盘
13:57:49	12.1	--	7	8470	买盘
13:57:44	12.1	--	113	136730	卖盘
13:57:35	12.1	--	5	6050	卖盘
13:57:29	12.1	--	52	62920	卖盘
13:57:24	12.1	--	3	3630	卖盘
13:57:19	12.1	--	21	25410	卖盘
13:57:14	12.1	--	75	90750	卖盘
13:57:04	12.1	--	110	133100	卖盘
13:56:59	12.1	-0.01	10	12100	卖盘
13:56:53	12.11	0.01	6	7266	买盘
13:56:44	12.1	--	18	21780	卖盘
13:56:34	12.1	--	308	372680	卖盘
13:56:29	12.1	--	49	59290	卖盘
13:56:23	12.1	--	3	3630	卖盘
13:56:19	12.1	--	8	9680	卖盘
13:56:14	12.1	--	35	42350	卖盘
13:56:08	12.1	--	30	36300	卖盘
13:56:04	12.1	--	128	154880	卖盘
13:55:59	12.1	--	38	45980	卖盘
13:55:53	12.1	--	7	8470	卖盘
13:55:44	12.1	-0.01	64	77440	卖盘
13:55:34	12.11	0.01	113	136843	买盘
13:55:29	12.1	--	0	0	卖盘
13:55:23	12.1	-0.01	6	7260	卖盘
13:55:19	12.11	--	29	35119	买盘
13:55:14	12.11	--	10	12110	买盘
13:55:08	12.11	--	77	93247	卖盘
13:55:04	12.11	--	20	24220	卖盘
13:54:59	12.11	--	20	24220	卖盘
13:54:49	12.11	--	5	6055	卖盘
13:54:34	12.11	-0.01	57	69027	卖盘
13:54:29	12.12	0.01	57	69084	买盘
13:54:19	12.11	--	19	23009	卖盘
13:54:14	12.11	--	161	194971	卖盘
13:54:08	12.11	--	20	24220	卖盘
13:54:04	12.11	--	49	59339	卖盘
13:53:59	12.11	--	53	64183	卖盘
13:53:53	12.11	--	8	9688	卖盘
13:53:44	12.11	--	1	1211	买盘
13:53:38	12.11	--	13	15743	买盘
13:53:29	12.11	--	1	1211	买盘
13:53:23	12.11	--	116	140476	卖盘
13:53:14	12.11	-0.01	61	73871	卖盘
13:53:08	12.12	0.01	7	8484	买盘
13:53:04	12.11	--	40	48440	卖盘
13:52:59	12.11	--	33	39963	卖盘
13:52:53	12.11	-0.01	100	121100	卖盘
13:52:49	12.12	--	5	6060	买盘
13:52:44	12.12	0.01	57	69084	买盘
13:52:38	12.11	--	20	24220	卖盘
13:52:29	12.11	-0.01	3	3633	卖盘
13:52:23	12.12	--	18	21816	买盘
13:52:13	12.12	0.01	9	10908	买盘
13:52:08	12.11	--	18	21798	卖盘
13:52:04	12.11	-0.01	104	125944	卖盘
13:51:59	12.12	0.01	90	109080	买盘
13:51:53	12.11	--	6	7266	卖盘
13:51:48	12.11	--	5	6055	卖盘
13:51:43	12.11	--	54	65394	买盘
13:51:38	12.11	--	9	10899	买盘
13:51:29	12.11	-0.01	17	20587	卖盘
13:51:17	12.12	0.01	6	7271	买盘
13:51:14	12.11	-0.01	70	85569	卖盘
13:51:08	12.12	0.01	57	69496	买盘
13:51:02	12.11	--	16	19376	买盘
13:50:58	12.11	-0.01	41	50450	卖盘
13:50:53	12.12	0.01	9	10908	买盘
13:50:43	12.11	-0.01	30	36330	卖盘
13:50:38	12.12	0.01	3	3635	买盘
13:50:32	12.11	-0.01	120	145320	卖盘
13:50:28	12.12	0.01	55	66660	买盘
13:50:23	12.11	--	8	9688	卖盘
13:50:17	12.11	--	10	12110	卖盘
13:50:13	12.11	--	1	1211	卖盘
13:50:08	12.11	--	22	27053	买盘
13:50:02	12.11	--	23	27853	买盘
13:49:58	12.11	0.01	73	88403	买盘
13:49:53	12.1	--	14	16940	卖盘
13:49:47	12.1	-0.01	47	56870	卖盘
13:49:43	12.11	0.01	17	20587	买盘
13:49:38	12.1	0.01	19	22990	中性盘
13:49:32	12.09	-0.01	374	452166	卖盘
13:49:28	12.1	--	51	61710	买盘
13:49:23	12.1	--	119	143990	买盘
13:49:17	12.1	--	3	3630	买盘
13:49:13	12.1	--	58	70180	卖盘
13:49:08	12.1	--	128	154880	卖盘
13:49:02	12.1	--	107	129470	卖盘
13:48:58	12.1	--	30	36300	卖盘
13:48:53	12.1	--	10	12100	卖盘
13:48:47	12.1	--	7	8470	卖盘
13:48:43	12.1	--	4	4840	卖盘
13:48:38	12.1	--	115	139150	买盘
13:48:32	12.1	-0.01	10	12100	买盘
13:48:28	12.11	0.01	80	96880	买盘
13:48:23	12.1	--	49	60088	卖盘
13:48:17	12.1	--	5	6050	卖盘
13:48:13	12.1	--	81	98010	卖盘
13:48:08	12.1	0.01	406	491671	买盘
13:48:02	12.09	-0.01	4	4836	买盘
13:47:58	12.1	0.01	34	41140	买盘
13:47:53	12.09	--	32	38688	卖盘
13:47:47	12.09	-0.01	105	126945	卖盘
13:47:38	12.1	0.01	5	6050	买盘
13:47:32	12.09	--	1	1209	卖盘
13:47:23	12.09	--	21	25389	卖盘
13:47:17	12.09	--	74	89466	卖盘
13:47:13	12.09	-0.01	31	37479	卖盘
13:47:02	12.1	0.01	55	66550	买盘
13:46:53	12.09	-0.01	8	9672	卖盘
13:46:47	12.1	--	64	77440	买盘
13:46:43	12.1	--	1	1210	买盘
13:46:37	12.1	0.01	22	26620	买盘
13:46:23	12.09	--	12	14508	卖盘
13:46:17	12.09	--	1	1209	卖盘
13:46:13	12.09	--	74	89466	卖盘
13:46:02	12.09	-0.01	18	21762	卖盘
13:45:47	12.1	0.01	59	71390	买盘
13:45:38	12.09	-0.01	140	169260	卖盘
13:45:32	12.1	--	125	151927	买盘
13:45:23	12.1	0.01	67	81070	买盘
13:45:17	12.09	--	13	15717	卖盘
13:45:08	12.09	-0.01	50	60450	卖盘
13:44:58	12.1	0.01	200	242000	买盘
13:44:52	12.09	--	19	22971	卖盘
13:44:47	12.09	--	35	42315	卖盘
13:44:37	12.09	--	11	13299	卖盘
13:44:32	12.09	--	2	2418	卖盘
13:44:26	12.09	--	2	2418	卖盘
13:44:22	12.09	--	1	1209	卖盘
13:44:17	12.09	--	9	10881	卖盘
13:44:11	12.09	-0.01	26	31434	卖盘
13:44:07	12.1	0.01	65	78650	买盘
13:44:02	12.09	-0.01	10	12090	卖盘
13:43:52	12.1	0.01	19	22990	买盘
13:43:47	12.09	-0.01	10	12090	卖盘
13:43:32	12.1	--	120	145200	买盘
13:43:22	12.1	0.01	4	4840	买盘
13:43:17	12.09	--	32	38688	卖盘
13:43:11	12.09	--	31	37479	卖盘
13:43:07	12.09	-0.01	10	12090	卖盘
13:43:02	12.1	--	2	2420	买盘
13:42:56	12.1	--	41	49610	买盘
13:42:52	12.1	--	10	12100	中性盘
13:42:47	12.1	--	84	101640	中性盘
13:42:41	12.1	--	1	1210	卖盘
13:42:37	12.1	--	128	154880	买盘
13:42:26	12.1	--	8	9680	买盘
13:42:22	12.1	--	7	8470	买盘
13:42:17	12.1	--	94	113740	卖盘
13:42:11	12.1	--	33	39930	卖盘
13:42:07	12.1	-0.01	25	30250	卖盘
13:42:02	12.11	0.01	84	101724	买盘
13:41:56	12.1	-0.01	60	72600	卖盘
13:41:52	12.11	--	11	13321	买盘
13:41:47	12.11	0.01	10	12110	买盘
13:41:41	12.1	-0.01	8	9680	卖盘
13:41:37	12.11	--	205	248255	买盘
13:41:32	12.11	0.01	216	261576	买盘
13:41:22	12.1	--	25	30250	卖盘
13:41:17	12.1	-0.01	23	27830	卖盘
13:41:11	12.11	0.01	4	4844	买盘
13:41:07	12.1	--	56	67760	买盘
13:41:02	12.1	0.01	113	136730	买盘
13:40:56	12.09	-0.01	82	99138	卖盘
13:40:52	12.1	--	89	107690	买盘
13:40:47	12.1	0.01	6	7260	买盘
13:40:41	12.09	--	93	112437	卖盘
13:40:37	12.09	--	1	1209	卖盘
13:40:32	12.09	--	48	58032	卖盘
13:40:26	12.09	0.01	421	508989	买盘
13:40:22	12.08	--	111	134088	卖盘
13:40:16	12.08	--	70	84560	卖盘
13:40:11	12.08	-0.01	97	117176	卖盘
13:40:07	12.09	0.01	11	13299	买盘
13:40:01	12.08	--	44	53152	卖盘
13:39:56	12.08	--	24	28992	卖盘
13:39:52	12.08	-0.01	25	30200	卖盘
13:39:46	12.09	--	60	72540	买盘
13:39:41	12.09	--	11	13299	买盘
13:39:31	12.09	--	55	66495	卖盘
13:39:26	12.09	--	5	6045	卖盘
13:39:22	12.09	--	26	31434	卖盘
13:39:16	12.09	--	123	148707	卖盘
13:39:11	12.09	--	51	61659	卖盘
13:39:07	12.09	--	187	226083	买盘
13:39:01	12.09	--	60	72540	买盘
13:38:46	12.09	--	31	37479	卖盘
13:38:41	12.09	-0.01	13	15717	卖盘
13:38:31	12.1	--	7	8470	买盘
13:38:26	12.1	--	94	113740	卖盘
13:38:20	12.1	--	429	519090	卖盘
13:38:16	12.1	--	33	39930	卖盘
13:38:11	12.1	-0.01	48	58080	卖盘
13:38:01	12.11	--	189	228879	买盘
13:37:56	12.11	--	96	116256	卖盘
13:37:50	12.11	--	12	14532	卖盘
13:37:46	12.11	-0.01	20	24220	卖盘
13:37:41	12.12	0.01	29	35148	买盘
13:37:35	12.11	-0.01	5	6055	卖盘
13:37:31	12.12	0.01	54	65447	买盘
13:37:26	12.11	--	33	39963	卖盘
13:37:20	12.11	--	22	26642	卖盘
13:37:16	12.11	-0.01	78	94458	卖盘
13:37:11	12.12	--	14	16968	买盘
13:37:05	12.12	--	30	36360	买盘
13:37:01	12.12	--	34	41208	买盘
13:36:56	12.12	--	125	151500	买盘
13:36:50	12.12	0.01	19	23028	买盘
13:36:46	12.11	-0.02	112	135632	卖盘
13:36:41	12.13	0.01	71	86123	买盘
13:36:35	12.12	--	10	12120	卖盘
13:36:31	12.12	--	253	306636	卖盘
13:36:26	12.12	0.01	83	100596	买盘
13:36:20	12.11	--	207	250677	卖盘
13:36:16	12.11	--	83	100513	卖盘
13:36:11	12.11	--	9	10899	卖盘
13:36:05	12.11	--	18	21798	卖盘
13:36:01	12.11	-0.01	45	54495	卖盘
13:35:56	12.12	--	44	53328	买盘
13:35:50	12.12	--	1	1212	卖盘
13:35:46	12.12	--	254	307848	卖盘
13:35:41	12.12	--	57	69084	卖盘
13:35:35	12.12	--	65	78780	卖盘
13:35:31	12.12	--	28	33936	卖盘
13:35:26	12.12	--	82	99384	卖盘
13:35:20	12.12	-0.01	20	24240	卖盘
13:35:16	12.13	--	75	90975	买盘
13:35:11	12.13	0.01	47	57011	买盘
13:35:05	12.12	-0.01	70	84840	卖盘
13:35:01	12.13	--	1	1213	买盘
13:34:56	12.13	--	180	218340	买盘
13:34:50	12.13	--	20	24260	买盘
13:34:46	12.13	-0.01	28	33964	卖盘
13:34:41	12.14	0.01	24	29136	买盘
13:34:35	12.13	--	53	64289	卖盘
13:34:31	12.13	--	67	81271	卖盘
13:34:26	12.13	--	28	33964	卖盘
13:34:20	12.13	--	367	445171	卖盘
13:34:16	12.13	--	7	8491	卖盘
13:34:11	12.13	--	68	82484	买盘
13:34:05	12.13	--	262	317806	卖盘
13:33:55	12.13	--	101	122513	卖盘
13:33:50	12.13	--	91	110383	买盘
13:33:46	12.13	0.01	58	70354	买盘
13:33:40	12.12	--	33	39996	卖盘
13:33:35	12.12	--	51	61811	卖盘
13:33:31	12.12	-0.01	5	6060	卖盘
13:33:25	12.13	0.01	219	265647	买盘
13:33:20	12.12	-0.01	7	8484	卖盘
13:33:16	12.13	--	5	6065	买盘
13:33:10	12.13	0.01	57	69141	买盘
13:33:05	12.12	--	61	73932	卖盘
13:33:01	12.12	--	2	2424	卖盘
13:32:55	12.12	-0.02	138	167256	卖盘
13:32:50	12.14	0.01	265	321710	买盘
13:32:46	12.13	--	23	27899	买盘
13:32:40	12.13	--	66	80058	买盘
13:32:35	12.13	0.01	152	184376	买盘
13:32:30	12.12	-0.01	44	53328	卖盘
13:32:25	12.13	0.01	116	140708	买盘
13:32:20	12.12	--	43	52116	卖盘
13:32:15	12.12	--	70	84840	卖盘
13:32:10	12.12	-0.02	2	2424	卖盘
13:32:05	12.14	0.01	121	146894	买盘
13:31:59	12.13	0.01	11	13343	买盘
13:31:55	12.12	-0.02	57	69084	卖盘
13:31:50	12.14	--	125	151750	买盘
13:31:44	12.14	0.01	41	49774	买盘
13:31:40	12.13	--	211	255943	卖盘
13:31:35	12.13	-0.01	68	82484	卖盘
13:31:29	12.14	0.02	5	6070	买盘
13:31:25	12.12	-0.01	104	126047	卖盘
13:31:20	12.13	--	67	81271	买盘
13:31:14	12.13	--	35	42455	买盘
13:31:10	12.13	-0.01	43	52159	卖盘
13:31:05	12.14	--	12	14568	买盘
13:30:59	12.14	0.02	224	271936	买盘
13:30:55	12.12	-0.02	138	167256	卖盘
13:30:50	12.14	0.01	180	218520	买盘
13:30:40	12.13	--	93	112809	买盘
13:30:35	12.13	0.01	55	66715	买盘
13:30:29	12.12	-0.01	70	84840	卖盘
13:30:25	12.13	0.01	21	25473	中性盘
13:30:20	12.12	-0.01	66	79992	卖盘
13:30:14	12.13	--	11	13343	卖盘
13:30:10	12.13	--	327	396651	买盘
13:30:05	12.13	0.01	101	122513	买盘
13:29:59	12.12	-0.01	72	87264	卖盘
13:29:55	12.13	--	65	78845	买盘
13:29:50	12.13	--	31	37603	买盘
13:29:44	12.13	--	65	78845	买盘
13:29:40	12.13	0.01	255	309315	买盘
13:29:35	12.12	0.01	356	432320	买盘
13:29:29	12.11	-0.01	6	7266	卖盘
13:29:25	12.12	0.01	32	38784	买盘
13:29:20	12.11	0.01	151	182861	买盘
13:29:14	12.1	--	21	25410	买盘
13:29:10	12.1	--	93	112530	卖盘
13:29:05	12.1	-0.01	30	36300	卖盘
13:28:59	12.11	0.02	22	26642	中性盘
13:28:55	12.09	-0.02	431	521079	卖盘
13:28:50	12.11	--	23	27853	买盘
13:28:44	12.11	0.01	15	18165	买盘
13:28:40	12.1	-0.01	127	153670	卖盘
13:28:35	12.11	--	83	100513	买盘
13:28:29	12.11	--	91	110201	卖盘
13:28:25	12.11	--	23	27853	卖盘
13:28:20	12.11	--	285	345135	卖盘
13:28:14	12.11	-0.01	46	55706	卖盘
13:28:10	12.12	--	67	81204	买盘
13:28:05	12.12	--	7	8484	买盘
13:27:59	12.12	--	98	118775	买盘
13:27:55	12.12	--	53	64235	卖盘
13:27:50	12.12	-0.01	37	44844	卖盘
13:27:44	12.13	--	5	6065	买盘
13:27:39	12.13	--	51	61863	买盘
13:27:35	12.13	--	75	90975	卖盘
13:27:29	12.13	--	21	25473	卖盘
13:27:24	12.13	-0.01	141	171033	中性盘
13:27:19	12.14	0.01	114	138396	买盘
13:27:14	12.13	0.01	67	81271	买盘
13:27:09	12.12	-0.01	24	29087	卖盘
13:27:04	12.13	-0.01	25	30325	卖盘
13:26:59	12.14	--	118	143252	买盘
13:26:55	12.14	0.04	28	33992	买盘
13:26:49	12.1	-0.03	183	221430	卖盘
13:26:44	12.13	--	266	322658	卖盘
13:26:40	12.13	-0.01	400	485200	卖盘
13:26:34	12.14	--	121	146894	买盘
13:26:29	12.14	--	121	146894	买盘
13:26:25	12.14	--	14	16996	买盘
13:26:19	12.14	0.01	21	25494	买盘
13:26:14	12.13	0.06	1327	1609651	买盘
13:26:09	12.07	--	10	12070	买盘
13:26:04	12.07	--	72	86904	买盘
13:25:59	12.07	--	57	68799	买盘
13:25:54	12.07	-0.01	89	107423	卖盘
13:25:49	12.08	0.01	42	50736	中性盘
13:25:44	12.07	--	73	88111	卖盘
13:25:39	12.07	-0.01	36	43452	卖盘
13:25:34	12.08	--	28	33824	买盘
13:25:29	12.08	--	43	51944	买盘
13:25:23	12.08	--	5	6040	买盘
13:25:19	12.08	--	15	18120	买盘
13:25:14	12.08	-0.02	106	128048	卖盘
13:25:08	12.1	0.02	153	185130	买盘
13:25:04	12.08	-0.02	78	94224	卖盘
13:24:59	12.1	-0.01	182	220220	卖盘
13:24:53	12.11	0.01	25	30275	买盘
13:24:49	12.1	--	1	1210	卖盘
13:24:44	12.1	-0.02	112	135520	卖盘
13:24:38	12.12	0.01	70	84840	买盘
13:24:34	12.11	--	28	33908	卖盘
13:24:29	12.11	-0.01	53	64183	卖盘
13:24:23	12.12	--	17	20604	买盘
13:24:19	12.12	0.01	348	421776	买盘
13:24:14	12.11	-0.02	35	42385	卖盘
13:24:08	12.13	--	0	0	买盘
13:24:04	12.13	0.02	37	44881	买盘
13:23:59	12.11	-0.02	177	214347	卖盘
13:23:53	12.13	--	48	58224	买盘
13:23:49	12.13	--	168	203784	买盘
13:23:44	12.13	--	223	270499	中性盘
13:23:38	12.13	--	93	112809	卖盘
13:23:34	12.13	--	73	88549	买盘
13:23:29	12.13	--	261	316593	买盘
13:23:23	12.13	0.01	70	84910	买盘
13:23:19	12.12	-0.01	279	338148	卖盘
13:23:14	12.13	0.01	225	272925	买盘
13:23:08	12.12	-0.01	15	18180	卖盘
13:23:04	12.13	0.01	203	246239	买盘
13:22:59	12.12	--	157	190284	买盘
13:22:53	12.12	--	45	54540	买盘
13:22:49	12.12	--	144	174528	买盘
13:22:44	12.12	0.01	133	161196	买盘
13:22:38	12.11	-0.01	9	10899	卖盘
13:22:34	12.12	0.02	130	157560	买盘
13:22:29	12.1	0.01	251	303710	卖盘
13:22:23	12.09	--	10	12090	卖盘
13:22:19	12.09	--	200	241800	卖盘
13:22:14	12.09	--	1350	1632270	卖盘
13:22:08	12.09	--	81	97929	卖盘
13:22:04	12.09	--	840	1015560	买盘
13:21:59	12.09	--	192	232128	买盘
13:21:53	12.09	--	66	79794	买盘
13:21:49	12.09	--	10	12090	买盘
13:21:38	12.09	0.07	48	58032	买盘
13:21:34	12.02	0.01	110	132220	买盘
13:21:29	12.01	0.01	16	19216	中性盘
13:21:23	12.0	--	40	48000	买盘
13:21:19	12.0	--	10	12000	买盘
13:21:14	12.0	-0.1	5	6000	中性盘
13:21:08	12.1	0.1	4005	4846050	买盘
13:21:04	12.0	--	40	48000	买盘
13:20:59	12.0	--	48	57600	买盘
13:20:53	12.0	--	278	333600	卖盘
13:20:49	12.0	--	20	24000	卖盘
13:20:43	12.0	--	25	30000	卖盘
13:20:38	12.0	--	104	124800	卖盘
13:20:33	12.0	-0.01	11	13200	卖盘
13:20:28	12.01	0.01	5	6005	买盘
13:20:23	12.0	--	43	51600	卖盘
13:20:13	12.0	-0.01	276	331200	卖盘
13:20:08	12.01	--	24	28824	卖盘
13:20:03	12.01	--	10	12010	卖盘
13:19:58	12.01	--	8	9608	卖盘
13:19:53	12.01	-0.01	10	12010	卖盘
13:19:48	12.02	--	50	60100	买盘
13:19:43	12.02	--	142	170684	卖盘
13:19:38	12.02	-0.01	21	25242	卖盘
13:19:28	12.03	--	3	3609	买盘
13:19:23	12.03	--	38	46796	卖盘
13:19:18	12.03	--	34	41022	卖盘
13:19:08	12.03	--	108	129924	卖盘
13:18:58	12.03	--	8	9624	买盘
13:18:53	12.03	-0.01	58	69774	卖盘
13:18:47	12.04	-0.01	1	1204	卖盘
13:18:43	12.05	0.01	262	315710	买盘
13:18:38	12.04	0.02	7	8428	买盘
13:18:32	12.02	-0.01	7	8414	卖盘
13:18:23	12.03	0.01	4	4812	中性盘
13:18:17	12.02	--	17	20434	卖盘
13:18:13	12.02	-0.03	14	16828	卖盘
13:18:08	12.05	0.01	1	1205	买盘
13:18:02	12.04	-0.01	50	60199	中性盘
13:17:58	12.05	--	57	68685	卖盘
13:17:53	12.05	--	70	84350	卖盘
13:17:47	12.05	--	24	28920	卖盘
13:17:43	12.05	0.01	387	466335	买盘
13:17:38	12.04	--	41	49364	卖盘
13:17:32	12.04	0.01	140	168560	中性盘
13:17:28	12.03	--	23	27669	卖盘
13:17:23	12.03	-0.02	11	13233	卖盘
13:17:17	12.05	0.01	62	74710	买盘
13:17:13	12.04	0.01	64	77056	买盘
13:17:08	12.03	-0.02	9	10827	卖盘
13:17:02	12.05	0.01	51	61455	买盘
13:16:58	12.04	-0.01	14	16856	买盘
13:16:53	12.05	--	73	87965	买盘
13:16:47	12.05	--	15	18075	买盘
13:16:43	12.05	0.01	42	50610	买盘
13:16:38	12.04	-0.01	144	173376	卖盘
13:16:32	12.05	0.01	55	66275	买盘
13:16:28	12.04	-0.01	130	156520	卖盘
13:16:23	12.05	-0.01	378	455490	卖盘
13:16:17	12.06	0.01	13	15678	买盘
13:16:13	12.05	--	69	83145	卖盘
13:16:08	12.05	-0.01	128	154240	卖盘
13:16:02	12.06	0.01	40	48240	买盘
13:15:58	12.05	--	148	178340	卖盘
13:15:53	12.05	--	321	386805	卖盘
13:15:47	12.05	--	78	93990	卖盘
13:15:43	12.05	--	438	527790	买盘
13:15:38	12.05	0.01	69	83145	买盘
13:15:32	12.04	-0.01	50	60199	卖盘
13:15:28	12.05	--	100	120500	买盘
13:15:23	12.05	--	198	238590	买盘
13:15:17	12.05	--	32	38560	买盘
13:15:13	12.05	--	102	122910	买盘
13:15:08	12.05	--	66	79530	买盘
13:15:02	12.05	0.01	53	63865	买盘
13:14:58	12.04	--	11	13243	卖盘
13:14:53	12.04	-0.01	10	12040	卖盘
13:14:47	12.05	0.01	77	92785	买盘
13:14:43	12.04	--	150	180600	买盘
13:14:38	12.04	0.01	65	78260	买盘
13:14:32	12.03	-0.01	128	153984	卖盘
13:14:27	12.04	0.01	15	18060	买盘
13:14:23	12.03	--	63	75789	卖盘
13:14:17	12.03	--	47	56541	卖盘
13:14:12	12.03	--	151	181653	买盘
13:14:07	12.03	0.01	100	120300	买盘
13:14:02	12.02	-0.01	3	3606	卖盘
13:13:57	12.03	0.02	182	218946	买盘
13:13:52	12.01	--	174	208974	卖盘
13:13:47	12.01	--	17	20417	卖盘
13:13:42	12.01	-0.01	2	2402	卖盘
13:13:37	12.02	0.02	81	97362	买盘
13:13:32	12.0	-0.01	70	84000	卖盘
13:13:27	12.01	0.01	28	33628	买盘
13:13:22	12.0	-0.01	42	50400	卖盘
13:13:17	12.01	0.01	45	54045	买盘
13:13:12	12.0	--	20	24000	卖盘
13:13:07	12.0	--	3	3600	卖盘
13:13:02	12.0	--	122	147504	买盘
13:12:57	12.0	0.02	509	610800	买盘
13:12:52	11.98	-0.01	34	40732	卖盘
13:12:47	11.99	0.01	112	134288	买盘
13:12:42	11.98	-0.01	5	5990	卖盘
13:12:37	11.99	--	42	50358	买盘
13:12:32	11.99	0.01	67	80333	买盘
13:12:27	11.98	-0.01	118	141364	卖盘
13:12:22	11.99	--	158	189442	买盘
13:12:17	11.99	--	8	9592	买盘
13:12:11	11.99	--	25	29975	买盘
13:12:07	11.99	--	132	158268	买盘
13:12:02	11.99	--	3	3597	买盘
13:11:52	11.99	0.01	24	28776	买盘
13:11:47	11.98	--	26	31148	卖盘
13:11:41	11.98	--	72	86256	买盘
13:11:37	11.98	0.01	32	38336	买盘
13:11:32	11.97	-0.01	14	16758	卖盘
13:11:26	11.98	0.01	80	95840	买盘
13:11:22	11.97	-0.01	7	8379	卖盘
13:11:17	11.98	--	86	103028	买盘
13:11:11	11.98	0.01	11	13178	买盘
13:11:07	11.97	--	24	28728	卖盘
13:11:02	11.97	--	79	94563	卖盘
13:10:56	11.97	--	9	10773	卖盘
13:10:52	11.97	--	67	80199	买盘
13:10:47	11.97	--	66	79002	买盘
13:10:41	11.97	--	50	59850	买盘
13:10:37	11.97	--	148	177156	买盘
13:10:32	11.97	-0.01	134	160398	卖盘
13:10:26	11.98	0.01	5	5990	买盘
13:10:22	11.97	-0.01	52	62244	卖盘
13:10:17	11.98	--	29	34742	买盘
13:10:11	11.98	0.01	13	15574	买盘
13:10:07	11.97	--	40	47880	卖盘
13:09:52	11.97	-0.01	23	27531	卖盘
13:09:47	11.98	0.01	72	86256	买盘
13:09:41	11.97	--	10	11970	买盘
13:09:37	11.97	--	2	2394	买盘
13:09:32	11.97	-0.01	32	38304	卖盘
13:09:26	11.98	-0.01	20	23960	中性盘
13:09:22	11.99	0.01	200	239800	买盘
13:09:17	11.98	--	5	5990	买盘
13:09:07	11.98	0.01	2	2396	买盘
13:09:02	11.97	-0.01	1	1197	卖盘
13:08:52	11.98	--	13	15574	买盘
13:08:47	11.98	-0.01	240	287520	卖盘
13:08:41	11.99	0.01	84	100716	买盘
13:08:37	11.98	-0.01	30	35940	卖盘
13:08:32	11.99	--	30	35970	买盘
13:08:22	11.99	0.01	20	23980	买盘
13:08:02	11.98	0.01	166	198868	买盘
13:07:56	11.97	--	181	216657	买盘
13:07:47	11.97	--	22	26334	买盘
13:07:41	11.97	--	8	9576	买盘
13:07:36	11.97	0.01	4	4788	买盘
13:07:32	11.96	-0.01	131	156676	卖盘
13:07:21	11.97	0.01	5	5985	买盘
13:07:16	11.96	-0.01	1	1196	卖盘
13:07:11	11.97	0.01	5	5985	买盘
13:07:01	11.96	-0.01	188	224848	卖盘
13:06:56	11.97	--	24	28728	卖盘
13:06:51	11.97	0.01	15	17955	买盘
13:06:46	11.96	--	29	34684	卖盘
13:06:41	11.96	-0.01	32	38272	卖盘
13:06:36	11.97	--	11	13167	买盘
13:06:31	11.97	--	40	47880	买盘
13:06:25	11.97	--	40	47880	买盘
13:06:21	11.97	-0.01	64	76608	卖盘
13:06:16	11.98	--	43	51514	买盘
13:06:11	11.98	--	22	26356	买盘
13:06:06	11.98	--	23	27554	买盘
13:06:01	11.98	0.01	41	49118	买盘
13:05:56	11.97	--	10	11970	卖盘
13:05:51	11.97	--	25	29925	卖盘
13:05:46	11.97	-0.02	65	77805	卖盘
13:05:41	11.99	0.02	10	11990	买盘
13:05:36	11.97	-0.01	36	43092	卖盘
13:05:31	11.98	--	22	26356	买盘
13:05:26	11.98	-0.01	43	51514	卖盘
13:05:16	11.99	--	61	73139	买盘
13:05:11	11.99	--	11	13189	买盘
13:05:05	11.99	0.01	5	5995	买盘
13:05:01	11.98	-0.01	28	33544	卖盘
13:04:56	11.99	-0.01	10	11990	卖盘
13:04:50	12.0	0.01	121	145200	买盘
13:04:46	11.99	--	3	3597	买盘
13:04:41	11.99	--	86	103114	买盘
13:04:35	11.99	--	19	22781	买盘
13:04:31	11.99	-0.01	20	23980	买盘
13:04:20	12.0	--	0	0	买盘
13:04:16	12.0	0.01	62	74496	买盘
13:04:11	11.99	-0.01	134	160666	卖盘
13:04:05	12.0	--	47	56400	买盘
13:04:01	12.0	--	13	15600	买盘
13:03:56	12.0	--	196	235200	买盘
13:03:50	12.0	--	27	32400	买盘
13:03:46	12.0	0.01	13	15600	买盘
13:03:41	11.99	-0.01	332	398068	卖盘
13:03:35	12.0	--	16	19200	买盘
13:03:31	12.0	--	92	110400	买盘
13:03:26	12.0	-0.01	199	238800	卖盘
13:03:20	12.01	0.01	10	12010	买盘
13:03:16	12.0	-0.01	70	84000	卖盘
13:03:05	12.01	0.01	104	124904	买盘
13:03:01	12.0	--	117	140400	买盘
13:02:56	12.0	--	286	343200	买盘
13:02:50	12.0	0.01	1	1200	买盘
13:02:46	11.99	-0.01	363	435237	卖盘
13:02:41	12.0	--	132	158400	买盘
13:02:35	12.0	--	43	51600	买盘
13:02:31	12.0	--	585	702000	买盘
13:02:26	12.0	--	259	310800	买盘
13:02:20	12.0	--	16	19200	买盘
13:02:16	12.0	0.01	57	68400	买盘
13:02:11	11.99	-0.01	135	161865	卖盘
13:02:05	12.0	0.01	90	108000	买盘
13:02:01	11.99	--	41	50262	买盘
13:01:56	11.99	--	67	80333	买盘
13:01:50	11.99	--	19	22876	卖盘
13:01:46	11.99	--	52	62348	卖盘
13:01:41	11.99	--	18	21582	卖盘
13:01:35	11.99	--	20	23980	卖盘
13:01:31	11.99	--	24	29879	买盘
13:01:26	11.99	--	329	394471	买盘
13:01:20	11.99	--	10	11990	买盘
13:01:16	11.99	--	23	27577	买盘
13:01:11	11.99	--	0	0	买盘
13:01:05	11.99	--	10	11990	买盘
13:01:00	11.99	--	11	13189	买盘
13:00:55	11.99	--	154	184646	买盘
13:00:49	11.99	--	3	3597	买盘
13:00:45	11.99	--	10	11990	买盘
13:00:35	11.99	--	54	64746	买盘
13:00:30	11.99	--	21	25179	买盘
13:00:25	11.99	0.01	119	142681	买盘
13:00:20	11.98	--	32	38336	买盘
13:00:15	11.98	0.01	141	168918	买盘
13:00:10	11.97	-0.01	420	502740	卖盘
13:00:05	11.98	0.01	697	835006	买盘
11:30:00	11.97	--	0	0	卖盘
11:29:59	11.97	-0.01	49	58653	卖盘
11:29:55	11.98	--	15	17970	买盘
11:29:51	11.98	--	15	17970	买盘
11:29:46	11.98	--	92	110216	买盘
11:29:40	11.98	-0.01	365	437270	卖盘
11:29:36	11.99	0.01	79	94721	买盘
11:29:31	11.98	--	15	17970	卖盘
11:29:25	11.98	--	45	53910	卖盘
11:29:21	11.98	-0.01	1	1198	中性盘
11:29:16	11.99	0.01	36	43164	买盘
11:29:10	11.98	--	208	249184	卖盘
11:29:06	11.98	0.01	95	113810	买盘
11:29:01	11.97	--	193	231021	卖盘
11:28:55	11.97	-0.01	45	53865	卖盘
11:28:51	11.98	--	169	202462	买盘
11:28:46	11.98	--	289	346222	买盘
11:28:40	11.98	0.01	16	19168	买盘
11:28:36	11.97	--	67	80199	卖盘
11:28:31	11.97	--	118	141246	卖盘
11:28:25	11.97	-0.01	63	75411	卖盘
11:28:21	11.98	0.02	155	185690	买盘
11:28:16	11.96	-0.01	131	156676	卖盘
11:28:10	11.97	--	10	11970	卖盘
11:28:06	11.97	--	201	240597	卖盘
11:28:01	11.97	--	130	155610	买盘
11:27:55	11.97	--	5	5985	买盘
11:27:51	11.97	--	212	253764	买盘
11:27:46	11.97	--	66	79002	买盘
11:27:40	11.97	0.01	32	38304	买盘
11:27:36	11.96	--	459	548964	买盘
11:27:31	11.96	--	74	88504	买盘
11:27:25	11.96	0.01	24	28704	买盘
11:27:21	11.95	--	276	329820	卖盘
11:27:16	11.95	-0.01	133	158935	卖盘
11:27:10	11.96	0.01	76	90896	买盘
11:27:06	11.95	-0.01	2	2390	卖盘
11:27:01	11.96	0.01	145	173420	买盘
11:26:55	11.95	--	148	176860	买盘
11:26:51	11.95	--	62	74090	买盘
11:26:46	11.95	--	353	421835	买盘
11:26:40	11.95	--	372	444540	买盘
11:26:36	11.95	0.01	10	11950	买盘
11:26:31	11.94	--	13	15522	卖盘
11:26:25	11.94	--	74	88356	买盘
11:26:21	11.94	--	26	31044	买盘
11:26:16	11.94	--	54	64476	买盘
11:26:06	11.94	0.01	301	359394	买盘
11:26:01	11.93	--	151	180143	买盘
11:25:55	11.93	0.01	302	360286	买盘
11:25:46	11.92	--	103	122776	卖盘
11:25:40	11.92	--	32	38144	买盘
11:25:36	11.92	--	119	141848	买盘
11:25:31	11.92	0.01	7	8344	买盘
11:25:25	11.91	--	544	647904	卖盘
11:25:16	11.91	--	8	9528	卖盘
11:25:10	11.91	--	107	127437	买盘
11:25:06	11.91	--	61	72651	买盘
11:25:01	11.91	--	104	123864	买盘
11:24:55	11.91	-0.01	87	103617	卖盘
11:24:46	11.92	--	25	29800	买盘
11:24:40	11.92	0.01	61	72712	买盘
11:24:34	11.91	--	3	3573	卖盘
11:24:25	11.91	--	242	288222	买盘
11:24:19	11.91	0.01	10	11910	买盘
11:24:16	11.9	-0.01	124	147560	卖盘
11:24:10	11.91	--	20	23820	买盘
11:24:04	11.91	--	12	14292	买盘
11:24:01	11.91	--	67	79797	买盘
11:23:55	11.91	--	51	60741	买盘
11:23:46	11.91	--	156	185796	卖盘
11:23:40	11.91	--	136	161976	卖盘
11:23:34	11.91	--	14	16674	卖盘
11:23:30	11.91	--	170	202470	买盘
11:23:25	11.91	--	247	294177	买盘
11:23:19	11.91	--	10	11910	买盘
11:23:15	11.91	0.01	9	10719	买盘
11:23:10	11.9	-0.01	20	23800	卖盘
11:23:04	11.91	0.01	55	65505	买盘
11:23:00	11.9	-0.01	119	141610	卖盘
11:22:55	11.91	--	52	61932	买盘
11:22:49	11.91	--	34	40494	买盘
11:22:45	11.91	--	6	7146	买盘
11:22:40	11.91	0.02	15	17865	中性盘
11:22:34	11.89	-0.02	5	5945	卖盘
11:22:30	11.91	--	44	52404	卖盘
11:22:25	11.91	0.01	976	1163368	买盘
11:22:19	11.9	--	0	0	买盘
11:22:15	11.9	0.01	56	66640	买盘
11:22:04	11.89	--	50	59450	卖盘
11:22:00	11.89	0.01	165	196185	买盘
11:21:55	11.88	--	57	67716	卖盘
11:21:49	11.88	-0.01	1	1188	卖盘
11:21:45	11.89	0.01	14	16646	买盘
11:21:40	11.88	--	21	24948	卖盘
11:21:34	11.88	--	7	8316	卖盘
11:21:30	11.88	--	47	55836	卖盘
11:21:25	11.88	--	40	47520	卖盘
11:21:19	11.88	--	3	3564	卖盘
11:21:15	11.88	--	38	45144	卖盘
11:21:04	11.88	--	8	9504	卖盘
11:21:00	11.88	--	15	17820	卖盘
11:20:55	11.88	-0.01	15	17820	卖盘
11:20:45	11.89	0.01	187	222343	买盘
11:20:40	11.88	-0.01	5	5940	卖盘
11:20:30	11.89	0.01	32	38048	买盘
11:20:25	11.88	--	13	15444	卖盘
11:20:19	11.88	--	92	109296	卖盘
11:20:10	11.88	--	47	55836	卖盘
11:20:04	11.88	-0.01	28	33264	卖盘
11:19:55	11.89	--	76	90364	卖盘
11:19:49	11.89	--	112	133168	卖盘
11:19:40	11.89	-0.01	16	19024	卖盘
11:19:34	11.9	0.01	20	23800	买盘
11:19:30	11.89	--	11	13079	卖盘
11:19:19	11.89	--	90	107010	买盘
11:19:15	11.89	0.01	22	26158	买盘
11:19:10	11.88	--	10	11880	卖盘
11:19:04	11.88	--	14	16632	卖盘
11:19:00	11.88	--	25	29700	卖盘
11:18:49	11.88	-0.01	30	35640	卖盘
11:18:45	11.89	0.01	3	3567	买盘
11:18:40	11.88	--	16	19008	卖盘
11:18:34	11.88	--	210	249480	卖盘
11:18:25	11.88	-0.01	150	178200	卖盘
11:18:13	11.89	--	10	11890	买盘
11:18:10	11.89	--	15	17835	买盘
11:18:04	11.89	--	166	197374	卖盘
11:17:55	11.89	--	41	48749	卖盘
11:17:49	11.89	--	2	2378	卖盘
11:17:43	11.89	-0.01	1	1189	卖盘
11:17:40	11.9	--	2	2380	买盘
11:17:34	11.9	--	10	11900	买盘
11:17:28	11.9	--	16	19040	买盘
11:17:25	11.9	0.01	23	27370	卖盘
11:17:19	11.89	-0.01	255	303195	卖盘
11:17:13	11.9	--	28	33320	买盘
11:17:09	11.9	--	19	22610	买盘
11:17:04	11.9	--	16	19040	买盘
11:16:58	11.9	--	6	7140	买盘
11:16:54	11.9	--	12	14280	买盘
11:16:49	11.9	-0.01	29	34510	卖盘
11:16:43	11.91	--	27	32157	买盘
11:16:39	11.91	--	1	1191	买盘
11:16:34	11.91	0.01	67	79797	买盘
11:16:28	11.9	--	1	1190	卖盘
11:16:24	11.9	0.01	2	2380	中性盘
11:16:19	11.89	-0.01	86	102254	卖盘
11:16:13	11.9	-0.01	18	21420	卖盘
11:16:09	11.91	0.01	11	13101	买盘
11:16:04	11.9	0.01	23	27370	中性盘
11:15:58	11.89	-0.01	19	22591	卖盘
11:15:54	11.9	--	27	32130	买盘
11:15:49	11.9	--	25	29750	买盘
11:15:43	11.9	0.01	20	23800	买盘
11:15:39	11.89	-0.01	106	126034	卖盘
11:15:34	11.9	0.01	60	71400	买盘
11:15:28	11.89	-0.01	4	4756	卖盘
11:15:24	11.9	--	4	4760	买盘
11:15:19	11.9	0.01	190	226100	买盘
11:15:13	11.89	--	1	1189	卖盘
11:15:09	11.89	-0.01	10	11890	卖盘
11:15:04	11.9	--	55	65450	买盘
11:14:54	11.9	--	31	36890	买盘
11:14:49	11.9	0.01	10	11900	买盘
11:14:43	11.89	-0.01	6	7134	卖盘
11:14:39	11.9	--	52	61880	买盘
11:14:34	11.9	--	37	44030	买盘
11:14:28	11.9	--	24	28560	买盘
11:14:19	11.9	--	1	1190	买盘
11:14:13	11.9	--	43	51170	买盘
11:14:04	11.9	-0.01	81	96390	卖盘
11:13:58	11.91	--	6	7146	买盘
11:13:54	11.91	0.01	22	26202	买盘
11:13:49	11.9	--	24	28560	卖盘
11:13:43	11.9	-0.01	87	103530	卖盘
11:13:39	11.91	--	14	16674	买盘
11:13:34	11.91	--	123	146493	买盘
11:13:28	11.91	--	21	25011	买盘
11:13:24	11.91	--	14	16674	买盘
11:13:19	11.91	--	50	59550	买盘
11:13:13	11.91	--	19	22629	买盘
11:13:09	11.91	0.01	58	69078	买盘
11:12:58	11.9	-0.01	1	1190	中性盘
11:12:54	11.91	0.01	385	458535	买盘
11:12:49	11.9	0.01	90	107100	买盘
11:12:43	11.89	-0.01	10	11890	卖盘
11:12:39	11.9	--	103	122570	买盘
11:12:34	11.9	0.01	33	39270	买盘
11:12:28	11.89	--	61	72529	卖盘
11:12:13	11.89	--	1	1189	卖盘
11:12:04	11.89	--	35	41615	买盘
11:11:58	11.89	--	201	238989	买盘
11:11:52	11.89	--	10	11890	买盘
11:11:49	11.89	--	123	146247	买盘
11:11:43	11.89	--	10	11890	买盘
11:11:37	11.89	--	50	59450	买盘
11:11:34	11.89	0.01	21	24969	买盘
11:11:28	11.88	-0.01	17	20196	卖盘
11:11:22	11.89	--	32	38048	买盘
11:11:13	11.89	--	32	38048	买盘
11:11:07	11.89	--	3	3567	买盘
11:11:03	11.89	0.01	60	71340	买盘
11:10:58	11.88	-0.01	92	109296	卖盘
11:10:52	11.89	--	0	0	买盘
11:10:48	11.89	0.01	39	46371	买盘
11:10:43	11.88	--	88	104544	卖盘
11:10:37	11.88	--	80	95040	卖盘
11:10:28	11.88	--	49	58212	买盘
11:10:22	11.88	0.01	34	40392	买盘
11:10:18	11.87	-0.01	18	21366	卖盘
11:10:13	11.88	--	261	310068	买盘
11:10:03	11.88	0.01	45	53460	买盘
11:09:52	11.87	0.01	2	2374	卖盘
11:09:48	11.86	-0.01	159	188574	卖盘
11:09:43	11.87	--	19	22553	买盘
11:09:33	11.87	0.01	56	66472	买盘
11:09:28	11.86	-0.01	14	16604	卖盘
11:09:22	11.87	0.01	28	33236	买盘
11:09:18	11.86	-0.01	90	106740	卖盘
11:09:13	11.87	0.01	5	5935	买盘
11:09:07	11.86	--	0	0	卖盘
11:09:03	11.86	-0.01	56	66416	卖盘
11:08:52	11.87	--	10	11870	买盘
11:08:48	11.87	--	59	70033	买盘
11:08:43	11.87	--	17	20179	买盘
11:08:37	11.87	0.01	70	83090	买盘
11:08:33	11.86	-0.01	9	10674	卖盘
11:08:28	11.87	--	7	8309	卖盘
11:08:22	11.87	0.01	5	5935	中性盘
11:08:18	11.86	-0.01	56	66416	卖盘
11:08:13	11.87	--	30	35610	买盘
11:08:03	11.87	--	71	84277	买盘
11:07:58	11.87	0.01	10	11870	买盘
11:07:52	11.86	--	110	130460	卖盘
11:07:48	11.86	-0.01	38	45068	卖盘
11:07:43	11.87	--	104	123447	买盘
11:07:37	11.87	--	60	71220	卖盘
11:07:33	11.87	-0.01	487	578069	卖盘
11:07:28	11.88	--	10	11880	卖盘
11:07:22	11.88	--	38	45144	卖盘
11:07:18	11.88	--	59	70092	卖盘
11:07:13	11.88	--	73	86724	卖盘
11:07:07	11.88	--	46	54648	买盘
11:06:58	11.88	--	43	51084	买盘
11:06:52	11.88	--	1	1188	买盘
11:06:48	11.88	--	72	85536	买盘
11:06:43	11.88	--	181	215028	卖盘
11:06:37	11.88	--	62	73656	卖盘
11:06:28	11.88	--	5	5940	卖盘
11:06:18	11.88	--	90	106920	卖盘
11:06:13	11.88	-0.01	21	24948	卖盘
11:06:07	11.89	0.01	6	7134	买盘
11:06:01	11.88	--	7	8316	卖盘
11:05:58	11.88	-0.01	30	35640	卖盘
11:05:52	11.89	0.01	33	39237	买盘
11:05:43	11.88	--	22	26136	卖盘
11:05:37	11.88	--	147	174636	卖盘
11:05:31	11.88	--	22	26136	卖盘
11:05:28	11.88	--	9	10692	卖盘
11:05:22	11.88	-0.01	19	22572	卖盘
11:05:16	11.89	0.01	10	11890	买盘
11:05:13	11.88	-0.01	6	7128	卖盘
11:05:07	11.89	--	38	45182	买盘
11:05:01	11.89	--	2	2378	买盘
11:04:58	11.89	--	27	32103	卖盘
11:04:52	11.89	-0.01	51	60639	卖盘
11:04:46	11.9	0.01	20	23800	买盘
11:04:43	11.89	--	36	42804	卖盘
11:04:37	11.89	--	9	10701	卖盘
11:04:31	11.89	--	12	14268	卖盘
11:04:27	11.89	--	39	46371	卖盘
11:04:22	11.89	--	42	49938	卖盘
11:04:16	11.89	--	38	45182	卖盘
11:04:12	11.89	--	1	1189	卖盘
11:04:07	11.89	0.01	222	263958	买盘
11:04:01	11.88	-0.01	17	20196	卖盘
11:03:57	11.89	--	103	122467	买盘
11:03:52	11.89	0.01	17	20213	买盘
11:03:46	11.88	--	60	71280	卖盘
11:03:42	11.88	--	86	102168	卖盘
11:03:37	11.88	--	43	51084	卖盘
11:03:27	11.88	--	4	4752	卖盘
11:03:22	11.88	--	102	121176	卖盘
11:03:12	11.88	--	100	118800	卖盘
11:03:07	11.88	-0.01	24	28512	卖盘
11:03:01	11.89	--	12	14268	买盘
11:02:57	11.89	0.01	20	23780	买盘
11:02:52	11.88	--	50	59400	卖盘
11:02:46	11.88	-0.01	10	11880	卖盘
11:02:42	11.89	--	8	9512	卖盘
11:02:37	11.89	--	46	54694	买盘
11:02:31	11.89	0.01	60	71340	买盘
11:02:27	11.88	-0.01	15	17820	卖盘
11:02:22	11.89	--	22	26158	买盘
11:02:16	11.89	--	107	127223	买盘
11:02:12	11.89	--	16	19024	买盘
11:02:07	11.89	-0.01	20	23780	买盘
11:02:01	11.9	0.01	170	202300	买盘
11:01:57	11.89	--	15	17835	卖盘
11:01:52	11.89	--	91	108199	卖盘
11:01:42	11.89	0.01	98	116522	买盘
11:01:37	11.88	-0.01	7	8316	卖盘
11:01:22	11.89	--	139	165271	卖盘
11:01:16	11.89	--	71	84419	卖盘
11:01:07	11.89	--	1	1189	卖盘
11:01:01	11.89	-0.01	42	49938	卖盘
11:00:57	11.9	0.01	30	35700	买盘
11:00:52	11.89	--	30	35670	卖盘
11:00:46	11.89	-0.01	78	92742	卖盘
11:00:37	11.9	-0.01	44	52360	卖盘
11:00:31	11.91	0.01	70	83370	买盘
11:00:27	11.9	--	15	17850	买盘
11:00:22	11.9	--	51	60690	买盘
11:00:16	11.9	-0.01	108	128758	卖盘
11:00:12	11.91	0.01	51	60741	买盘
11:00:07	11.9	--	67	79730	卖盘
11:00:01	11.9	-0.01	24	28560	卖盘
10:59:52	11.91	0.01	175	208425	买盘
10:59:46	11.9	-0.01	54	64260	卖盘
10:59:40	11.91	0.01	38	45258	买盘
10:59:37	11.9	--	21	24990	卖盘
10:59:31	11.9	-0.01	5	5950	卖盘
10:59:25	11.91	0.01	25	29775	买盘
10:59:22	11.9	--	27	32130	卖盘
10:59:16	11.9	-0.01	7	8330	卖盘
10:59:10	11.91	--	32	38112	买盘
10:59:07	11.91	--	38	45258	买盘
10:59:01	11.91	--	90	107190	买盘
10:58:55	11.91	--	15	17865	买盘
10:58:52	11.91	--	1	1191	买盘
10:58:46	11.91	--	146	173886	卖盘
10:58:40	11.91	--	3	3573	卖盘
10:58:36	11.91	--	113	134583	卖盘
10:58:31	11.91	--	67	79797	卖盘
10:58:21	11.91	--	20	23820	卖盘
10:58:16	11.91	0.01	155	184605	买盘
10:58:10	11.9	-0.01	7	8330	卖盘
10:58:06	11.91	--	196	233436	买盘
10:58:01	11.91	0.01	58	69078	买盘
10:57:55	11.9	--	40	47600	卖盘
10:57:51	11.9	--	15	17850	卖盘
10:57:46	11.9	--	140	166600	卖盘
10:57:40	11.9	-0.01	322	383180	卖盘
10:57:36	11.91	0.01	49	58359	买盘
10:57:31	11.9	-0.01	167	199682	卖盘
10:57:25	11.91	0.01	10	11910	买盘
10:57:21	11.9	-0.01	4	4760	卖盘
10:57:10	11.91	--	47	55977	卖盘
10:57:06	11.91	--	35	41685	卖盘
10:57:01	11.91	--	158	188178	买盘
10:56:55	11.91	0.01	15	17865	买盘
10:56:51	11.9	-0.01	84	99960	卖盘
10:56:46	11.91	--	27	32157	卖盘
10:56:40	11.91	-0.01	122	145302	中性盘
10:56:36	11.92	0.01	180	214560	买盘
10:56:31	11.91	--	12	14292	卖盘
10:56:25	11.91	--	105	125055	卖盘
10:56:21	11.91	--	34	40494	卖盘
10:56:16	11.91	--	50	59550	卖盘
10:56:10	11.91	-0.01	3	3573	卖盘
10:56:06	11.92	0.01	119	141848	买盘
10:56:01	11.91	--	72	85752	卖盘
10:55:55	11.91	--	20	23820	卖盘
10:55:51	11.91	--	132	157212	卖盘
10:55:46	11.91	-0.01	34	40494	卖盘
10:55:40	11.92	--	116	138367	买盘
10:55:36	11.92	0.01	2	2384	买盘
10:55:31	11.91	-0.01	51	60741	卖盘
10:55:25	11.92	--	59	70328	买盘
10:55:21	11.92	--	13	15496	买盘
10:55:16	11.92	--	101	120392	卖盘
10:55:10	11.92	--	84	100128	卖盘
10:55:06	11.92	--	6	7152	卖盘
10:55:01	11.92	--	23	27416	买盘
10:54:55	11.92	--	66	78672	卖盘
10:54:51	11.92	--	3	3576	卖盘
10:54:46	11.92	-0.01	71	84632	卖盘
10:54:40	11.93	0.01	80	95440	买盘
10:54:36	11.92	--	40	47680	买盘
10:54:31	11.92	--	23	27416	买盘
10:54:25	11.92	0.01	122	145424	买盘
10:54:21	11.91	-0.01	101	120291	卖盘
10:54:16	11.92	--	47	56024	买盘
10:54:10	11.92	0.01	73	87016	买盘
10:54:01	11.91	--	30	35730	卖盘
10:53:55	11.91	-0.01	220	262020	卖盘
10:53:51	11.92	0.01	91	108472	买盘
10:53:46	11.91	-0.01	66	78606	卖盘
10:53:40	11.92	0.01	187	222904	买盘
10:53:34	11.91	--	126	150066	卖盘
10:53:31	11.91	--	32	38112	卖盘
10:53:25	11.91	0.01	81	97566	买盘
10:53:19	11.9	-0.01	108	128615	卖盘
10:53:16	11.91	--	48	57168	卖盘
10:53:10	11.91	--	357	425187	买盘
10:53:04	11.91	0.01	188	223908	买盘
10:53:01	11.9	-0.02	226	268940	卖盘
10:52:55	11.92	0.01	260	309920	买盘
10:52:49	11.91	--	55	65505	买盘
10:52:46	11.91	0.01	59	70269	买盘
10:52:40	11.9	-0.01	260	310494	卖盘
10:52:34	11.91	--	215	256065	卖盘
10:52:31	11.91	0.01	594	707454	买盘
10:52:25	11.9	-0.01	51	60690	卖盘
10:52:19	11.91	--	3	3573	买盘
10:52:16	11.91	-0.01	78	92898	卖盘
10:52:10	11.92	--	17	20264	买盘
10:52:04	11.92	0.01	41	48872	买盘
10:52:00	11.91	-0.02	102	121482	卖盘
10:51:55	11.93	--	114	136002	买盘
10:51:49	11.93	--	34	40562	买盘
10:51:45	11.93	0.01	164	195652	买盘
10:51:40	11.92	-0.01	58	69136	卖盘
10:51:34	11.93	--	115	137195	卖盘
10:51:30	11.93	-0.01	162	193266	卖盘
10:51:25	11.94	--	544	649536	买盘
10:51:19	11.94	0.01	165	197010	买盘
10:51:15	11.93	-0.01	199	237407	卖盘
10:51:10	11.94	--	45	53730	买盘
10:51:04	11.94	0.02	105	125370	买盘
10:51:00	11.92	--	322	383824	卖盘
10:50:55	11.92	0.01	294	350448	买盘
10:50:49	11.91	--	67	79797	卖盘
10:50:45	11.91	--	219	260829	买盘
10:50:40	11.91	0.01	117	139347	买盘
10:50:34	11.9	--	10	11900	卖盘
10:50:30	11.9	--	265	315350	买盘
10:50:25	11.9	--	240	285600	买盘
10:50:19	11.9	--	19	22610	买盘
10:50:15	11.9	0.01	20	23800	买盘
10:50:10	11.89	--	252	299628	买盘
10:50:04	11.89	0.01	27	32103	买盘
10:50:00	11.88	--	240	285120	买盘
10:49:55	11.88	--	39	46332	买盘
10:49:49	11.88	--	19	22572	买盘
10:49:45	11.88	0.01	71	84348	买盘
10:49:40	11.87	--	137	162619	买盘
10:49:34	11.87	0.01	91	108017	买盘
10:49:30	11.86	--	31	36766	卖盘
10:49:25	11.86	0.01	96	113856	买盘
10:49:19	11.85	--	88	104280	卖盘
10:49:15	11.85	-0.01	7	8295	卖盘
10:49:10	11.86	0.02	14	16604	买盘
10:49:04	11.84	--	231	273504	卖盘
10:49:00	11.84	-0.01	4	4736	卖盘
10:48:55	11.85	0.02	52	61620	买盘
10:48:49	11.83	--	142	167986	卖盘
10:48:45	11.83	-0.01	6	7098	卖盘
10:48:40	11.84	--	20	23680	买盘
10:48:34	11.84	0.01	76	89984	买盘
10:48:30	11.83	--	108	127764	卖盘
10:48:25	11.83	-0.01	25	29575	卖盘
10:48:19	11.84	--	18	21312	买盘
10:48:15	11.84	0.01	50	59200	买盘
10:48:10	11.83	--	34	40222	买盘
10:48:04	11.83	--	52	61516	买盘
10:48:00	11.83	-0.01	40	47320	卖盘
10:47:55	11.84	--	19	22496	买盘
10:47:49	11.84	--	26	30784	买盘
10:47:40	11.84	--	60	71040	买盘
10:47:34	11.84	0.03	116	137344	买盘
10:47:30	11.81	-0.03	39	46059	卖盘
10:47:25	11.84	0.01	14	16576	买盘
10:47:19	11.83	-0.01	86	101738	卖盘
10:47:13	11.84	--	47	55648	买盘
10:47:10	11.84	--	18	21312	买盘
10:47:04	11.84	--	66	78144	买盘
10:46:58	11.84	--	19	22496	买盘
10:46:55	11.84	--	216	255744	买盘
10:46:49	11.84	--	39	46176	买盘
10:46:43	11.84	0.01	112	132608	买盘
10:46:40	11.83	--	69	81627	卖盘
10:46:34	11.83	-0.01	21	24843	卖盘
10:46:28	11.84	--	10	11840	买盘
10:46:25	11.84	--	87	103008	买盘
10:46:19	11.84	--	27	31968	卖盘
10:46:13	11.84	--	41	48544	买盘
10:46:10	11.84	--	30	35520	卖盘
10:46:04	11.84	--	54	63936	卖盘
10:45:58	11.84	--	9	10656	卖盘
10:45:55	11.84	0.01	494	584896	买盘
10:45:49	11.83	--	10	11830	卖盘
10:45:43	11.83	--	33	39039	买盘
10:45:40	11.83	--	103	121849	买盘
10:45:34	11.83	-0.02	79	93457	卖盘
10:45:28	11.85	0.02	37	43845	买盘
10:45:25	11.83	--	40	47320	买盘
10:45:19	11.83	--	67	79261	买盘
10:45:13	11.83	--	23	27209	买盘
10:45:09	11.83	-0.02	14	16562	卖盘
10:45:04	11.85	--	119	141015	买盘
10:44:58	11.85	--	49	58065	买盘
10:44:54	11.85	0.04	183	216855	买盘
10:44:49	11.81	-0.04	289	341309	卖盘
10:44:43	11.85	0.01	90	106650	买盘
10:44:39	11.84	0.02	360	426240	买盘
10:44:34	11.82	-0.01	143	169026	卖盘
10:44:28	11.83	-0.01	3	3549	中性盘
10:44:24	11.84	0.02	49	58016	买盘
10:44:19	11.82	--	203	239946	卖盘
10:44:13	11.82	--	76	89832	卖盘
10:44:09	11.82	--	188	222216	买盘
10:44:04	11.82	0.01	26	30732	买盘
10:43:58	11.81	--	7	8267	卖盘
10:43:54	11.81	0.01	45	53145	买盘
10:43:49	11.8	--	100	118000	卖盘
10:43:43	11.8	--	26	30680	买盘
10:43:39	11.8	--	18	21240	买盘
10:43:34	11.8	--	241	284380	买盘
10:43:28	11.8	--	116	136880	买盘
10:43:24	11.8	0.01	208	245440	买盘
10:43:19	11.79	--	2	2358	卖盘
10:43:13	11.79	--	6	7073	卖盘
10:43:09	11.79	--	36	42444	买盘
10:43:04	11.79	--	157	185103	买盘
10:42:58	11.79	--	13	15326	买盘
10:42:49	11.79	--	15	17685	买盘
10:42:43	11.79	0.01	245	288855	买盘
10:42:34	11.78	--	40	47120	卖盘
10:42:28	11.78	--	12	14136	买盘
10:42:24	11.78	0.02	6	7068	买盘
10:42:19	11.76	0.01	14	16464	中性盘
10:42:13	11.75	-0.04	58	68150	卖盘
10:42:09	11.79	0.02	171	201608	买盘
10:42:04	11.77	0.01	74	87098	卖盘
10:41:54	11.76	-0.01	6	7056	卖盘
10:41:49	11.77	--	59	69443	卖盘
10:41:43	11.77	--	28	32956	买盘
10:41:39	11.77	0.01	10	11770	买盘
10:41:28	11.76	0.01	2	2352	卖盘
10:41:24	11.75	--	11	12925	卖盘
10:41:19	11.75	-0.01	111	130425	卖盘
10:41:13	11.76	0.01	14	16464	买盘
10:41:04	11.75	--	9	10575	卖盘
10:40:58	11.75	-0.01	15	17625	卖盘
10:40:52	11.76	--	20	23520	买盘
10:40:49	11.76	--	59	69384	买盘
10:40:43	11.76	--	27	31752	卖盘
10:40:34	11.76	-0.02	5	5880	卖盘
10:40:28	11.78	0.01	138	162564	买盘
10:40:19	11.77	--	1	1177	买盘
10:40:13	11.77	--	53	62381	卖盘
10:39:58	11.77	--	8	9416	买盘
10:39:52	11.77	--	117	137709	买盘
10:39:49	11.77	0.01	23	27071	买盘
10:39:43	11.76	--	1	1176	卖盘
10:39:34	11.76	--	57	67032	中性盘
10:39:28	11.76	--	26	30576	买盘
10:39:13	11.76	0.01	17	19992	买盘
10:39:03	11.75	--	35	41125	买盘
10:38:58	11.75	--	103	121025	买盘
10:38:52	11.75	--	71	83425	买盘
10:38:48	11.75	--	6	7050	买盘
10:38:43	11.75	0.01	40	47000	买盘
10:38:37	11.74	-0.01	5	5870	卖盘
10:38:33	11.75	0.01	62	72850	买盘
10:38:22	11.74	--	100	117400	卖盘
10:38:18	11.74	--	10	11740	卖盘
10:38:13	11.74	-0.01	40	46960	卖盘
10:38:03	11.75	0.01	34	39950	买盘
10:37:58	11.74	--	11	12914	卖盘
10:37:52	11.74	--	20	23480	卖盘
10:37:48	11.74	--	41	48134	卖盘
10:37:43	11.74	--	44	51656	买盘
10:37:37	11.74	--	10	11740	买盘
10:37:33	11.74	--	36	42264	买盘
10:37:28	11.74	--	34	39916	买盘
10:37:18	11.74	--	25	29350	买盘
10:37:13	11.74	0.02	16	18784	买盘
10:37:03	11.72	-0.02	58	67976	卖盘
10:36:58	11.74	0.02	308	361592	买盘
10:36:52	11.72	-0.01	33	38676	卖盘
10:36:48	11.73	--	5	5865	买盘
10:36:43	11.73	0.01	50	58650	买盘
10:36:37	11.72	--	43	50396	卖盘
10:36:33	11.72	--	153	179316	买盘
10:36:28	11.72	0.01	184	215648	买盘
10:36:22	11.71	--	71	83141	卖盘
10:36:18	11.71	-0.01	171	200241	卖盘
10:36:13	11.72	--	123	144156	买盘
10:36:07	11.72	--	85	99620	买盘
10:36:03	11.72	--	122	142984	买盘
10:35:58	11.72	--	88	103136	买盘
10:35:52	11.72	--	15	17580	买盘
10:35:48	11.72	--	17	19924	买盘
10:35:43	11.72	--	140	164080	卖盘
10:35:37	11.72	--	3	3516	卖盘
10:35:33	11.72	--	3	3516	卖盘
10:35:28	11.72	--	1	1172	卖盘
10:35:22	11.72	--	96	112512	买盘
10:35:18	11.72	--	129	151188	卖盘
10:35:13	11.72	-0.01	17	19924	卖盘
10:35:07	11.73	--	58	68034	买盘
10:35:03	11.73	0.01	13	15249	买盘
10:34:58	11.72	--	26	30472	卖盘
10:34:52	11.72	--	279	326988	卖盘
10:34:48	11.72	--	6	7032	卖盘
10:34:43	11.72	--	50	58600	卖盘
10:34:37	11.72	--	52	60944	卖盘
10:34:33	11.72	-0.02	78	91416	卖盘
10:34:28	11.74	0.01	57	66918	买盘
10:34:22	11.73	0.01	22	25806	买盘
10:34:18	11.72	--	278	325816	卖盘
10:34:13	11.72	-0.01	107	125404	卖盘
10:34:07	11.73	--	11	12903	卖盘
10:34:01	11.73	--	74	86802	买盘
10:33:58	11.73	--	194	227562	卖盘
10:33:52	11.73	-0.01	20	23460	卖盘
10:33:46	11.74	0.01	36	42264	买盘
10:33:42	11.73	-0.01	107	125511	卖盘
10:33:37	11.74	--	6	7044	买盘
10:33:31	11.74	--	10	11740	买盘
10:33:28	11.74	--	116	136184	卖盘
10:33:22	11.74	-0.01	4	4696	卖盘
10:33:16	11.75	--	3	3525	卖盘
10:33:13	11.75	--	183	215025	买盘
10:33:07	11.75	0.01	12	14100	买盘
10:33:01	11.74	-0.01	18	21132	卖盘
10:32:58	11.75	0.01	32	37600	买盘
10:32:52	11.74	-0.01	43	50482	卖盘
10:32:37	11.75	-0.01	25	29375	卖盘
10:32:27	11.76	0.01	8	9408	买盘
10:32:22	11.75	--	164	192700	买盘
10:32:16	11.75	-0.01	16	18800	卖盘
10:32:12	11.76	0.02	50	58800	买盘
10:32:07	11.74	-0.01	222	260628	卖盘
10:32:01	11.75	--	10	11750	卖盘
10:31:57	11.75	-0.02	156	183300	卖盘
10:31:52	11.77	0.01	12	14124	买盘
10:31:46	11.76	--	1	1176	买盘
10:31:42	11.76	--	231	271656	买盘
10:31:37	11.76	--	34	39984	买盘
10:31:31	11.76	0.01	25	29400	买盘
10:31:27	11.75	-0.01	77	90475	卖盘
10:31:22	11.76	--	8	9408	卖盘
10:31:16	11.76	--	3	3528	卖盘
10:31:12	11.76	--	3	3528	卖盘
10:31:07	11.76	--	11	12936	卖盘
10:30:57	11.76	0.01	91	107016	买盘
10:30:52	11.75	-0.01	149	175075	卖盘
10:30:46	11.76	--	6	7056	买盘
10:30:42	11.76	--	6	7056	买盘
10:30:37	11.76	--	109	128184	卖盘
10:30:31	11.76	--	66	77616	卖盘
10:30:27	11.76	--	10	11760	卖盘
10:30:22	11.76	--	105	123480	卖盘
10:30:16	11.76	--	20	23520	卖盘
10:30:12	11.76	-0.01	16	18816	卖盘
10:30:07	11.77	--	23	27071	买盘
10:30:01	11.77	--	10	11770	买盘
10:29:57	11.77	--	16	18832	买盘
10:29:46	11.77	--	198	233046	买盘
10:29:37	11.77	--	34	40018	买盘
10:29:31	11.77	0.01	5	5885	买盘
10:29:27	11.76	-0.01	1	1176	卖盘
10:29:22	11.77	--	2	2354	买盘
10:29:16	11.77	--	20	23540	买盘
10:29:07	11.77	--	6	7062	卖盘
10:28:52	11.77	--	10	11770	买盘
10:28:46	11.77	--	33	38841	卖盘
10:28:37	11.77	--	3	3531	卖盘
10:28:31	11.77	--	15	17655	卖盘
10:28:27	11.77	-0.01	2	2354	卖盘
10:28:22	11.78	0.01	8	9424	买盘
10:28:16	11.77	--	16	18832	卖盘
10:28:01	11.77	-0.01	49	57673	卖盘
10:27:52	11.78	0.01	86	101308	买盘
10:27:46	11.77	--	38	44726	卖盘
10:27:21	11.77	0.01	39	45903	卖盘
10:27:16	11.76	-0.01	371	436296	卖盘
10:27:10	11.77	--	12	14124	买盘
10:27:06	11.77	0.01	10	11770	买盘
10:26:51	11.76	-0.02	98	115248	卖盘
10:26:46	11.78	0.01	26	30628	买盘
10:26:36	11.77	--	4	4708	买盘
10:26:31	11.77	--	10	11770	买盘
10:26:25	11.77	--	32	37664	卖盘
10:26:21	11.77	--	114	134178	卖盘
10:26:16	11.77	-0.01	1	1177	卖盘
10:26:06	11.78	--	19	22382	买盘
10:25:55	11.78	--	50	58900	买盘
10:25:51	11.78	--	94	110732	买盘
10:25:46	11.78	--	5	5890	买盘
10:25:36	11.78	--	114	134292	买盘
10:25:31	11.78	--	79	93062	买盘
10:25:21	11.78	0.01	6	7068	买盘
10:25:16	11.77	--	21	25870	买盘
10:25:10	11.77	--	19	22363	买盘
10:25:06	11.77	--	11	12947	买盘
10:25:01	11.77	--	46	54165	卖盘
10:24:55	11.77	--	3	3531	卖盘
10:24:46	11.77	--	29	35286	买盘
10:24:40	11.77	--	5	5885	买盘
10:24:31	11.77	0.01	69	81213	买盘
10:24:25	11.76	-0.01	190	223440	卖盘
10:24:21	11.77	--	5	5885	买盘
10:24:16	11.77	--	10	11770	买盘
10:24:10	11.77	0.01	6	7062	买盘
10:24:06	11.76	--	56	65856	买盘
10:24:01	11.76	-0.01	35	41160	卖盘
10:23:51	11.77	--	0	0	买盘
10:23:46	11.77	0.01	32	37664	买盘
10:23:40	11.76	--	127	149352	卖盘
10:23:31	11.76	--	25	29400	卖盘
10:23:25	11.76	--	107	125832	卖盘
10:23:16	11.76	--	237	278712	买盘
10:23:10	11.76	--	13	15288	买盘
10:23:06	11.76	--	45	52920	买盘
10:23:01	11.76	--	85	99960	买盘
10:22:55	11.76	--	4	4704	买盘
10:22:51	11.76	--	3	3528	买盘
10:22:46	11.76	--	7	8232	买盘
10:22:40	11.76	--	84	98784	买盘
10:22:36	11.76	0.01	1	1176	买盘
10:22:31	11.75	-0.01	53	62275	卖盘
10:22:25	11.76	--	129	151704	买盘
10:22:21	11.76	--	5	5880	买盘
10:22:16	11.76	--	28	32928	买盘
10:22:10	11.76	0.01	93	109368	买盘
10:22:01	11.75	--	25	29375	卖盘
10:21:55	11.75	-0.01	128	150400	卖盘
10:21:46	11.76	-0.01	41	48216	买盘
10:21:40	11.77	0.01	117	137709	买盘
10:21:35	11.76	--	60	70560	卖盘
10:21:31	11.76	--	8	9408	卖盘
10:21:25	11.76	0.01	25	29400	买盘
10:21:19	11.75	-0.01	12	14100	卖盘
10:21:15	11.76	-0.01	81	95279	卖盘
10:21:10	11.77	--	13	15301	买盘
10:21:04	11.77	--	102	120054	卖盘
10:21:00	11.77	--	80	94160	买盘
10:20:55	11.77	--	4	4708	买盘
10:20:49	11.77	--	211	249500	买盘
10:20:45	11.77	--	226	266025	卖盘
10:20:40	11.77	--	43	50611	卖盘
10:20:34	11.77	--	67	79188	卖盘
10:20:30	11.77	--	109	129116	买盘
10:20:25	11.77	-0.01	32	38017	卖盘
10:20:19	11.78	0.01	72	84816	买盘
10:20:15	11.77	--	85	100045	卖盘
10:20:10	11.77	--	38	44726	卖盘
10:20:04	11.77	--	10	11770	卖盘
10:20:00	11.77	--	32	37664	卖盘
10:19:55	11.77	-0.01	14	16478	卖盘
10:19:45	11.78	-0.01	16	18848	卖盘
10:19:40	11.79	0.01	43	50696	买盘
10:19:30	11.78	--	60	70680	卖盘
10:19:25	11.78	--	41	48298	卖盘
10:19:19	11.78	0.01	10	11780	买盘
10:19:15	11.77	-0.01	193	227161	卖盘
10:19:10	11.78	--	82	96596	卖盘
10:18:55	11.78	--	15	17670	卖盘
10:18:49	11.78	--	58	68324	卖盘
10:18:45	11.78	--	14	16492	卖盘
10:18:40	11.78	--	24	28272	卖盘
10:18:34	11.78	0.01	7	8246	中性盘
10:18:30	11.77	-0.01	103	121231	卖盘
10:18:25	11.78	--	17	20026	卖盘
10:18:19	11.78	-0.01	8	9424	卖盘
10:18:15	11.79	--	2	2358	买盘
10:18:10	11.79	0.01	504	594216	买盘
10:18:04	11.78	--	8	9424	卖盘
10:18:00	11.78	--	12	14136	卖盘
10:17:55	11.78	--	3	3534	卖盘
10:17:49	11.78	-0.01	44	51832	卖盘
10:17:45	11.79	--	87	102572	买盘
10:17:34	11.79	0.01	38	44802	买盘
10:17:30	11.78	--	6	7068	卖盘
10:17:25	11.78	-0.01	51	60902	卖盘
10:17:19	11.79	--	55	64844	买盘
10:17:15	11.79	--	101	119078	卖盘
10:17:10	11.79	--	128	150912	卖盘
10:17:00	11.79	--	15	17685	卖盘
10:16:55	11.79	--	65	76635	卖盘
10:16:49	11.79	--	33	38907	卖盘
10:16:45	11.79	--	13	15326	卖盘
10:16:40	11.79	--	2	2358	卖盘
10:16:34	11.79	--	11	12968	卖盘
10:16:25	11.79	-0.01	50	58949	卖盘
10:16:19	11.8	0.01	27	31860	买盘
10:16:15	11.79	--	71	83709	卖盘
10:16:10	11.79	0.01	30	35370	卖盘
10:15:55	11.78	--	5	5890	卖盘
10:15:49	11.78	-0.02	87	102486	卖盘
10:15:45	11.8	0.02	108	127440	买盘
10:15:40	11.78	-0.01	97	114266	卖盘
10:15:34	11.79	-0.01	177	208682	卖盘
10:15:19	11.8	--	260	306800	买盘
10:15:13	11.8	--	23	27140	买盘
10:15:10	11.8	--	4	4720	买盘
10:15:04	11.8	--	140	165200	卖盘
10:14:54	11.8	--	77	90860	卖盘
10:14:49	11.8	--	200	236000	卖盘
10:14:40	11.8	-0.02	103	121540	卖盘
10:14:34	11.82	0.01	7	8274	买盘
10:14:24	11.81	-0.01	37	43697	卖盘
10:14:13	11.82	--	21	24822	买盘
10:13:58	11.82	--	2	2364	买盘
10:13:54	11.82	0.01	8	9456	买盘
10:13:49	11.81	--	0	0	卖盘
10:13:43	11.81	--	153	180693	卖盘
10:13:39	11.81	--	25	29525	卖盘
10:13:34	11.81	-0.01	1	1181	卖盘
10:13:28	11.82	--	40	47280	买盘
10:13:24	11.82	0.01	29	34278	买盘
10:13:19	11.81	-0.01	40	47240	卖盘
10:12:54	11.82	0.01	8	9456	买盘
10:12:49	11.81	-0.02	10	11810	卖盘
10:12:43	11.83	0.01	152	179816	买盘
10:12:34	11.82	--	11	13002	买盘
10:12:24	11.82	--	304	359328	卖盘
10:12:19	11.82	--	16	18912	卖盘
10:12:13	11.82	--	1	1182	卖盘
10:12:09	11.82	--	130	153660	卖盘
10:12:04	11.82	-0.01	21	24822	卖盘
10:11:58	11.83	0.01	42	49686	买盘
10:11:49	11.82	--	91	107562	卖盘
10:11:39	11.82	--	40	47280	卖盘
10:11:34	11.82	-0.01	3	3546	卖盘
10:11:24	11.83	0.01	25	29575	买盘
10:11:19	11.82	-0.01	3	3546	卖盘
10:11:09	11.83	0.01	26	30758	买盘
10:11:04	11.82	-0.02	129	152478	卖盘
10:10:54	11.84	0.01	1	1184	买盘
10:10:49	11.83	--	76	89908	买盘
10:10:43	11.83	--	1	1183	买盘
10:10:39	11.83	--	12	14196	买盘
10:10:34	11.83	-0.01	82	97006	卖盘
10:10:28	11.84	--	30	35520	买盘
10:10:24	11.84	--	20	23680	买盘
10:10:09	11.84	--	2	2368	买盘
10:10:04	11.84	0.01	10	11840	买盘
10:09:58	11.83	-0.01	19	22477	卖盘
10:09:43	11.84	0.01	178	210752	买盘
10:09:39	11.83	--	50	59150	卖盘
10:09:34	11.83	-0.01	4	4732	卖盘
10:09:28	11.84	--	40	47360	买盘
10:09:24	11.84	--	34	40256	买盘
10:09:19	11.84	--	2	2368	买盘
10:09:13	11.84	0.01	36	42624	买盘
10:09:04	11.83	-0.01	12	14196	卖盘
10:08:58	11.84	0.01	103	121952	买盘
10:08:52	11.83	--	37	43771	买盘
10:08:49	11.83	--	7	8281	卖盘
10:08:43	11.83	--	35	41405	买盘
10:08:37	11.83	0.01	10	11830	买盘
10:08:34	11.82	-0.01	39	46098	卖盘
10:08:28	11.83	--	40	47320	买盘
10:08:22	11.83	0.01	29	34307	买盘
10:08:18	11.82	--	104	122928	卖盘
10:08:13	11.82	--	86	101652	买盘
10:08:07	11.82	--	2	2364	买盘
10:08:03	11.82	0.01	101	119382	买盘
10:07:58	11.81	-0.01	20	23620	卖盘
10:07:52	11.82	--	9	10638	买盘
10:07:48	11.82	0.01	39	46098	买盘
10:07:43	11.81	0.01	22	25982	买盘
10:07:33	11.8	--	1	1180	卖盘
10:07:28	11.8	--	15	17700	买盘
10:07:22	11.8	--	9	10620	买盘
10:07:18	11.8	--	19	22420	买盘
10:07:13	11.8	-0.01	163	192340	卖盘
10:07:07	11.81	--	8	9448	卖盘
10:07:03	11.81	0.01	134	158254	买盘
10:06:52	11.8	--	20	23600	卖盘
10:06:48	11.8	--	27	31860	卖盘
10:06:43	11.8	--	104	122720	卖盘
10:06:37	11.8	--	10	11800	卖盘
10:06:33	11.8	--	14	16520	卖盘
10:06:22	11.8	--	1	1180	卖盘
10:06:18	11.8	--	21	24780	卖盘
10:06:13	11.8	--	108	127440	买盘
10:06:07	11.8	0.01	4	4720	买盘
10:06:03	11.79	-0.01	20	23580	卖盘
10:05:58	11.8	0.01	109	128620	买盘
10:05:52	11.79	--	50	58949	卖盘
10:05:48	11.79	--	195	229904	卖盘
10:05:43	11.79	--	18	21222	卖盘
10:05:37	11.79	-0.01	101	119078	卖盘
10:05:33	11.8	--	13	15340	买盘
10:05:28	11.8	0.01	277	326860	买盘
10:05:22	11.79	--	50	58949	买盘
10:05:18	11.79	--	144	169776	卖盘
10:05:13	11.79	--	11	12968	买盘
10:05:07	11.79	0.01	214	252305	买盘
10:05:03	11.78	-0.01	45	53010	卖盘
10:04:58	11.79	--	41	48339	买盘
10:04:52	11.79	0.01	31	36549	买盘
10:04:48	11.78	-0.01	31	36518	卖盘
10:04:43	11.79	0.01	57	67203	买盘
10:04:37	11.78	-0.01	22	25916	卖盘
10:04:33	11.79	0.01	60	70740	买盘
10:04:28	11.78	--	8	9424	卖盘
10:04:22	11.78	--	84	98952	卖盘
10:04:13	11.78	--	25	29450	买盘
10:04:07	11.78	-0.01	56	65968	中性盘
10:04:03	11.79	0.01	38	44802	买盘
10:03:57	11.78	--	25	29450	卖盘
10:03:52	11.78	--	100	117800	卖盘
10:03:48	11.78	-0.01	1	1178	卖盘
10:03:43	11.79	--	23	27116	买盘
10:03:37	11.79	--	66	77814	买盘
10:03:33	11.79	0.01	20	23580	买盘
10:03:28	11.78	-0.01	224	263872	卖盘
10:03:22	11.79	--	10	11790	卖盘
10:03:18	11.79	--	113	133227	买盘
10:03:13	11.79	--	78	91962	买盘
10:03:07	11.79	--	83	97857	卖盘
10:03:03	11.79	-0.01	60	70740	卖盘
10:02:58	11.8	--	46	54280	买盘
10:02:52	11.8	--	63	74340	买盘
10:02:47	11.8	0.01	4	4720	买盘
10:02:43	11.79	--	41	48339	卖盘
10:02:37	11.79	-0.01	230	271170	卖盘
10:02:32	11.8	--	3	3540	卖盘
10:02:27	11.8	0.01	54	63720	买盘
10:02:22	11.79	-0.01	145	170955	卖盘
10:02:16	11.8	0.01	21	24780	买盘
10:02:12	11.79	--	29	34191	卖盘
10:02:07	11.79	-0.01	169	199251	卖盘
10:02:01	11.8	0.01	48	56640	买盘
10:01:57	11.79	-0.01	21	24759	卖盘
10:01:52	11.8	0.01	9	10620	买盘
10:01:46	11.79	-0.01	3	3536	卖盘
10:01:42	11.8	0.01	43	50740	买盘
10:01:37	11.79	-0.01	85	100215	卖盘
10:01:31	11.8	0.01	83	97940	买盘
10:01:27	11.79	-0.01	52	61307	卖盘
10:01:22	11.8	--	20	23600	买盘
10:01:16	11.8	--	7	8260	买盘
10:01:12	11.8	--	29	34220	买盘
10:01:07	11.8	--	154	181720	卖盘
10:01:01	11.8	--	37	43660	卖盘
10:00:57	11.8	-0.01	31	36580	卖盘
10:00:52	11.81	0.01	37	43697	买盘
10:00:42	11.8	--	5	5900	卖盘
10:00:37	11.8	0.01	32	37760	买盘
10:00:31	11.79	-0.01	9	10611	卖盘
10:00:27	11.8	--	57	67260	买盘
10:00:22	11.8	--	5	5900	买盘
10:00:16	11.8	--	4	4720	买盘
10:00:12	11.8	--	39	46020	买盘
10:00:07	11.8	--	36	42480	买盘
10:00:01	11.8	--	105	123900	买盘
09:59:57	11.8	--	11	12980	买盘
09:59:52	11.8	0.01	19	22420	买盘
09:59:46	11.79	--	4	4716	卖盘
09:59:42	11.79	-0.01	41	48339	卖盘
09:59:37	11.8	--	113	133340	买盘
09:59:27	11.8	0.01	74	87320	买盘
09:59:22	11.79	--	63	74277	买盘
09:59:16	11.79	--	70	82530	买盘
09:59:12	11.79	-0.01	134	157986	买盘
09:59:07	11.8	--	0	0	买盘
09:59:01	11.8	0.01	241	284380	买盘
09:58:57	11.79	--	0	0	卖盘
09:58:52	11.79	-0.02	195	229904	卖盘
09:58:46	11.81	0.01	1	1181	买盘
09:58:42	11.8	--	23	27140	卖盘
09:58:37	11.8	-0.01	75	88500	卖盘
09:58:31	11.81	--	10	11810	买盘
09:58:27	11.81	--	17	20077	买盘
09:58:22	11.81	-0.01	291	343671	卖盘
09:58:16	11.82	0.01	73	86286	买盘
09:58:12	11.81	-0.01	2	2362	卖盘
09:58:07	11.82	--	25	29550	买盘
09:57:57	11.82	--	38	44916	卖盘
09:57:52	11.82	-0.01	207	244674	卖盘
09:57:42	11.83	0.01	12	14196	买盘
09:57:37	11.82	--	117	138294	卖盘
09:57:31	11.82	--	44	52008	卖盘
09:57:27	11.82	-0.01	21	24822	卖盘
09:57:22	11.83	0.01	2	2366	买盘
09:57:16	11.82	--	12	14184	卖盘
09:57:12	11.82	--	1	1182	卖盘
09:57:07	11.82	--	168	198576	买盘
09:57:01	11.82	--	33	39006	买盘
09:56:57	11.82	--	14	16548	买盘
09:56:51	11.82	--	53	62646	买盘
09:56:46	11.82	0.01	19	22458	买盘
09:56:42	11.81	--	33	38973	卖盘
09:56:37	11.81	--	0	0	卖盘
09:56:31	11.81	0.01	10	11810	中性盘
09:56:27	11.8	-0.01	191	225380	卖盘
09:56:22	11.81	0.01	32	37792	中性盘
09:56:16	11.8	--	20	23600	卖盘
09:56:12	11.8	--	91	107380	卖盘
09:56:07	11.8	--	88	103840	卖盘
09:56:01	11.8	--	28	33523	买盘
09:55:56	11.8	0.01	14	16520	买盘
09:55:51	11.79	--	168	198072	卖盘
09:55:46	11.79	-0.01	142	167418	卖盘
09:55:40	11.8	0.01	12	14160	买盘
09:55:36	11.79	--	111	130868	买盘
09:55:31	11.79	-0.01	63	74277	卖盘
09:55:25	11.8	--	3	3540	买盘
09:55:21	11.8	-0.01	211	248980	卖盘
09:55:16	11.81	0.01	31	36611	买盘
09:55:06	11.8	-0.02	774	913320	卖盘
09:55:01	11.82	--	41	48462	买盘
09:54:51	11.82	-0.02	7	8274	卖盘
09:54:46	11.84	--	35	41440	买盘
09:54:40	11.84	--	5	5920	买盘
09:54:36	11.84	-0.01	12	14208	买盘
09:54:21	11.85	0.01	810	959850	买盘
09:54:16	11.84	-0.01	62	73408	卖盘
09:54:10	11.85	0.01	40	47400	买盘
09:54:06	11.84	-0.01	26	30784	卖盘
09:54:01	11.85	--	1	1185	买盘
09:53:51	11.85	--	122	144570	卖盘
09:53:46	11.85	--	93	110205	卖盘
09:53:36	11.85	--	113	133905	卖盘
09:53:31	11.85	-0.01	5	5925	卖盘
09:53:25	11.86	0.01	31	36766	买盘
09:53:21	11.85	--	14	16590	卖盘
09:53:16	11.85	-0.01	9	10665	卖盘
09:53:10	11.86	0.01	15	17790	买盘
09:53:06	11.85	--	100	118500	卖盘
09:53:01	11.85	-0.01	132	156420	卖盘
09:52:55	11.86	--	74	87764	卖盘
09:52:51	11.86	--	28	33208	卖盘
09:52:46	11.86	--	163	193318	买盘
09:52:40	11.86	--	18	21348	买盘
09:52:36	11.86	--	22	26092	卖盘
09:52:31	11.86	--	48	56928	卖盘
09:52:25	11.86	--	10	11860	卖盘
09:52:21	11.86	--	27	32022	卖盘
09:52:16	11.86	-0.01	19	22534	卖盘
09:52:10	11.87	--	9	10683	买盘
09:52:06	11.87	0.01	26	30861	买盘
09:52:01	11.86	-0.01	27	32022	卖盘
09:51:55	11.87	0.01	7	8309	买盘
09:51:51	11.86	-0.01	12	14232	卖盘
09:51:46	11.87	-0.01	97	115756	卖盘
09:51:40	11.88	0.01	41	48708	买盘
09:51:36	11.87	--	7	8309	卖盘
09:51:31	11.87	--	26	30861	卖盘
09:51:25	11.87	--	4	4748	卖盘
09:51:21	11.87	0.02	70	83659	买盘
09:51:16	11.85	-0.02	44	52140	卖盘
09:51:10	11.87	--	20	23740	买盘
09:51:06	11.87	0.01	158	188163	买盘
09:51:01	11.86	--	19	22534	卖盘
09:50:55	11.86	-0.01	8	9488	卖盘
09:50:51	11.87	0.01	30	35610	买盘
09:50:46	11.86	--	86	101996	卖盘
09:50:40	11.86	-0.02	46	54556	卖盘
09:50:36	11.88	--	16	19008	买盘
09:50:31	11.88	0.01	101	119988	买盘
09:50:25	11.87	0.01	5	5935	中性盘
09:50:21	11.86	--	3	3558	卖盘
09:50:15	11.86	-0.01	219	259734	卖盘
09:50:10	11.87	0.01	12	14243	买盘
09:50:06	11.86	--	8	9488	卖盘
09:50:01	11.86	-0.01	98	116228	卖盘
09:49:40	11.87	--	2	2374	买盘
09:49:35	11.87	--	10	11870	买盘
09:49:31	11.87	-0.01	85	100895	卖盘
09:49:25	11.88	0.01	41	48708	买盘
09:49:21	11.87	-0.01	18	21366	卖盘
09:49:10	11.88	--	27	32076	买盘
09:49:04	11.88	--	39	46332	买盘
09:49:01	11.88	--	28	33264	买盘
09:48:55	11.88	--	42	49896	卖盘
09:48:45	11.88	--	10	11880	买盘
09:48:40	11.88	--	40	47520	卖盘
09:48:34	11.88	--	10	11880	买盘
09:48:30	11.88	--	25	29700	买盘
09:48:25	11.88	--	62	73656	买盘
09:48:19	11.88	0.01	11	13068	买盘
09:48:15	11.87	-0.01	21	24927	卖盘
09:48:10	11.88	--	43	51084	买盘
09:48:04	11.88	0.01	2	2376	买盘
09:48:00	11.87	--	60	71220	卖盘
09:47:55	11.87	--	33	39171	卖盘
09:47:49	11.87	--	20	23740	卖盘
09:47:45	11.87	--	77	91399	卖盘
09:47:40	11.87	0.01	13	15430	中性盘
09:47:34	11.86	-0.01	120	142320	卖盘
09:47:30	11.87	--	69	81903	买盘
09:47:25	11.87	0.01	12	14243	买盘
09:47:15	11.86	-0.01	176	208736	卖盘
09:47:10	11.87	--	26	30861	卖盘
09:47:04	11.87	--	25	29674	买盘
09:47:00	11.87	--	53	62910	买盘
09:46:55	11.87	--	66	78342	买盘
09:46:49	11.87	--	33	39171	买盘
09:46:45	11.87	--	68	80716	买盘
09:46:40	11.87	0.01	147	174489	买盘
09:46:34	11.86	-0.01	1	1186	卖盘
09:46:30	11.87	--	62	73594	买盘
09:46:25	11.87	0.01	14	16618	买盘
09:46:15	11.86	-0.01	118	139948	卖盘
09:46:10	11.87	--	75	89025	买盘
09:46:04	11.87	--	1	1187	买盘
09:46:00	11.87	0.01	37	43919	买盘
09:45:49	11.86	-0.01	5	5930	卖盘
09:45:45	11.87	--	135	160245	买盘
09:45:30	11.87	--	55	65284	卖盘
09:45:25	11.87	-0.01	84	99708	卖盘
09:45:19	11.88	--	1	1188	买盘
09:45:15	11.88	--	33	39204	买盘
09:45:10	11.88	--	69	81972	买盘
09:45:00	11.88	--	10	11880	卖盘
09:44:55	11.88	-0.01	131	155628	卖盘
09:44:49	11.89	0.01	73	86797	买盘
09:44:45	11.88	--	50	59400	卖盘
09:44:40	11.88	--	27	32076	卖盘
09:44:34	11.88	--	39	46332	卖盘
09:44:30	11.88	-0.01	9	10692	卖盘
09:44:25	11.89	--	20	23780	买盘
09:44:19	11.89	--	5	5945	买盘
09:44:15	11.89	--	87	103443	卖盘
09:44:10	11.89	-0.01	125	148625	卖盘
09:44:04	11.9	--	158	188020	卖盘
09:44:00	11.9	--	81	96390	卖盘
09:43:54	11.9	--	201	239190	卖盘
09:43:49	11.9	--	52	61880	卖盘
09:43:45	11.9	--	7	8330	卖盘
09:43:39	11.9	--	60	71400	卖盘
09:43:34	11.9	-0.01	224	266560	卖盘
09:43:30	11.91	--	10	11910	买盘
09:43:24	11.91	--	7	8337	买盘
09:43:19	11.91	--	128	152448	卖盘
09:43:15	11.91	--	122	145302	卖盘
09:43:09	11.91	--	139	165549	卖盘
09:43:04	11.91	--	112	133392	卖盘
09:43:00	11.91	-0.01	168	200088	卖盘
09:42:54	11.92	0.01	118	140656	买盘
09:42:49	11.91	--	2	2382	卖盘
09:42:45	11.91	--	5	5955	卖盘
09:42:39	11.91	--	67	79797	卖盘
09:42:34	11.91	-0.01	59	70269	卖盘
09:42:28	11.92	0.01	70	83440	买盘
09:42:24	11.91	-0.01	30	35730	卖盘
09:42:19	11.92	--	10	11920	买盘
09:42:13	11.92	--	69	82248	买盘
09:42:09	11.92	--	7	8344	买盘
09:42:04	11.92	-0.01	84	100128	卖盘
09:41:58	11.93	0.01	49	58457	买盘
09:41:54	11.92	-0.01	66	78672	卖盘
09:41:43	11.93	--	3	3579	买盘
09:41:39	11.93	0.01	123	146739	买盘
09:41:34	11.92	--	24	28608	卖盘
09:41:28	11.92	--	179	213368	卖盘
09:41:24	11.92	--	197	234824	卖盘
09:41:19	11.92	-0.01	10	11920	卖盘
09:41:13	11.93	0.01	48	57264	买盘
09:41:09	11.92	--	38	45296	卖盘
09:41:04	11.92	--	3	3576	卖盘
09:40:58	11.92	0.01	98	116816	买盘
09:40:54	11.91	-0.01	145	172695	卖盘
09:40:43	11.92	--	44	52448	买盘
09:40:39	11.92	--	15	17880	买盘
09:40:34	11.92	0.01	10	11920	买盘
09:40:28	11.91	--	40	47640	卖盘
09:40:24	11.91	-0.01	84	100044	卖盘
09:40:19	11.92	--	142	169264	买盘
09:40:13	11.92	0.01	61	72712	买盘
09:40:09	11.91	--	48	57168	买盘
09:40:04	11.91	--	174	207234	买盘
09:39:58	11.91	--	13	15483	买盘
09:39:54	11.91	--	69	82179	卖盘
09:39:49	11.91	--	30	35730	卖盘
09:39:43	11.91	--	6	7146	卖盘
09:39:39	11.91	0.01	164	195324	买盘
09:39:34	11.9	--	228	271320	卖盘
09:39:28	11.9	--	25	29750	卖盘
09:39:24	11.9	--	18	21420	卖盘
09:39:19	11.9	0.01	35	41650	买盘
09:39:13	11.89	--	74	87986	卖盘
09:39:09	11.89	0.01	12	14268	中性盘
09:39:04	11.88	-0.02	244	289872	卖盘
09:38:58	11.9	0.01	36	42840	买盘
09:38:54	11.89	--	22	26158	卖盘
09:38:49	11.89	--	321	381669	卖盘
09:38:39	11.89	--	61	72529	卖盘
09:38:34	11.89	0.01	34	40426	买盘
09:38:28	11.88	-0.01	35	41580	卖盘
09:38:24	11.89	0.01	40	47560	买盘
09:38:19	11.88	-0.01	142	168696	卖盘
09:38:13	11.89	0.01	76	90364	买盘
09:38:09	11.88	--	26	30888	卖盘
09:38:04	11.88	-0.01	203	241164	卖盘
09:37:58	11.89	--	0	0	买盘
09:37:54	11.89	0.01	63	74907	买盘
09:37:49	11.88	-0.01	28	33264	卖盘
09:37:43	11.89	0.02	13	15457	买盘
09:37:39	11.87	-0.01	133	157871	卖盘
09:37:34	11.88	--	123	146124	卖盘
09:37:28	11.88	0.01	12	14256	买盘
09:37:24	11.87	-0.01	79	93773	卖盘
09:37:19	11.88	0.01	58	68904	买盘
09:37:13	11.87	--	51	60536	卖盘
09:37:09	11.87	--	12	14243	买盘
09:37:04	11.87	0.01	75	89025	买盘
09:36:58	11.86	--	17	20162	卖盘
09:36:54	11.86	--	2	2372	卖盘
09:36:48	11.86	0.01	379	450063	买盘
09:36:43	11.85	--	76	90060	卖盘
09:36:39	11.85	--	39	46215	卖盘
09:36:33	11.85	--	48	56880	卖盘
09:36:28	11.85	-0.01	195	231075	卖盘
09:36:24	11.86	--	16	18976	买盘
09:36:18	11.86	--	108	128088	买盘
09:36:13	11.86	0.01	60	71160	买盘
09:36:08	11.85	-0.01	19	22515	卖盘
09:36:03	11.86	0.01	88	104368	买盘
09:35:58	11.85	-0.01	38	45030	卖盘
09:35:54	11.86	--	86	101996	买盘
09:35:48	11.86	--	45	53370	买盘
09:35:43	11.86	--	267	316662	卖盘
09:35:33	11.86	--	28	33208	买盘
09:35:28	11.86	--	33	39138	卖盘
09:35:22	11.86	-0.02	30	35580	卖盘
09:35:18	11.88	--	37	43956	买盘
09:35:13	11.88	-0.01	218	258984	卖盘
09:35:07	11.89	--	57	67773	买盘
09:35:03	11.89	--	67	79663	卖盘
09:34:58	11.89	-0.01	224	266336	卖盘
09:34:52	11.9	--	1	1190	买盘
09:34:48	11.9	--	63	74970	买盘
09:34:43	11.9	-0.01	106	126140	卖盘
09:34:37	11.91	0.01	25	29775	买盘
09:34:33	11.9	-0.02	20	23800	卖盘
09:34:28	11.92	0.02	82	97744	买盘
09:34:22	11.9	-0.02	15	17850	卖盘
09:34:18	11.92	-0.01	136	162112	中性盘
09:34:13	11.93	--	60	71580	买盘
09:34:07	11.93	--	30	35790	买盘
09:34:03	11.93	--	51	60843	卖盘
09:33:58	11.93	-0.01	67	79931	卖盘
09:33:52	11.94	0.01	57	68058	买盘
09:33:48	11.93	-0.01	123	146739	卖盘
09:33:43	11.94	--	236	281784	卖盘
09:33:37	11.94	-0.01	133	158802	卖盘
09:33:33	11.95	0.01	64	76480	卖盘
09:33:28	11.94	--	77	91938	卖盘
09:33:22	11.94	--	140	167160	卖盘
09:33:18	11.94	-0.01	165	197010	卖盘
09:33:13	11.95	0.01	84	100380	买盘
09:33:07	11.94	--	27	32238	买盘
09:33:03	11.94	0.01	92	109848	买盘
09:32:58	11.93	--	119	141967	卖盘
09:32:52	11.93	-0.01	66	78738	卖盘
09:32:48	11.94	0.01	596	711624	买盘
09:32:43	11.93	0.01	113	134809	买盘
09:32:37	11.92	-0.01	17	20264	卖盘
09:32:33	11.93	0.01	60	71580	买盘
09:32:28	11.92	--	99	118008	卖盘
09:32:22	11.92	--	14	16688	卖盘
09:32:18	11.92	0.01	171	203832	买盘
09:32:13	11.91	0.01	30	35730	卖盘
09:32:07	11.9	-0.01	140	166600	卖盘
09:32:03	11.91	--	45	53595	卖盘
09:31:58	11.91	--	34	40494	卖盘
09:31:52	11.91	0.01	68	80988	买盘
09:31:48	11.9	-0.01	137	163030	卖盘
09:31:43	11.91	--	30	35730	买盘
09:31:37	11.91	0.01	34	40494	买盘
09:31:33	11.9	--	118	140420	卖盘
09:31:28	11.9	0.02	42	49980	买盘
09:31:22	11.88	--	23	27324	卖盘
09:31:18	11.88	-0.02	21	24948	卖盘
09:31:13	11.9	0.02	361	429590	买盘
09:31:07	11.88	0.01	50	59400	买盘
09:31:03	11.87	0.01	11	13057	买盘
09:30:58	11.86	--	53	62858	卖盘
09:30:52	11.86	0.02	155	183830	买盘
09:30:42	11.84	-0.01	16	18944	卖盘
09:30:37	11.85	-0.01	69	81765	卖盘
09:30:33	11.86	--	20	23720	买盘
09:30:27	11.86	0.03	6	7116	买盘
09:30:22	11.83	--	15	17745	卖盘
09:30:12	11.83	-0.03	22	26026	卖盘
09:30:07	11.86	0.04	210	249060	买盘
09:28:57	11.82	--	0	0	卖盘
09:25:06	11.82	11.82	555	656010	买盘
