成交时间	成交价	价格变动	成交量(手)	成交额(元)	性质
15:00:00	14.26	--	0	0	卖盘
15:00:00	14.26	--	0	0	卖盘
14:59:59	14.26	-0.01	24	34224	卖盘
14:59:53	14.27	--	10	14270	买盘
14:59:44	14.27	0.02	13	18551	买盘
14:59:38	14.25	--	85	121125	卖盘
14:59:34	14.25	-0.01	20	28500	卖盘
14:59:29	14.26	--	46	65596	买盘
14:59:23	14.26	--	63	89838	买盘
14:59:08	14.26	--	10	14260	买盘
14:59:04	14.26	--	25	35650	买盘
14:58:59	14.26	--	10	14260	买盘
14:58:53	14.26	0.01	58	82708	买盘
14:58:49	14.25	--	70	99750	卖盘
14:58:38	14.25	-0.01	14	19950	卖盘
14:58:34	14.26	--	56	79856	卖盘
14:58:29	14.26	0.01	9	12834	买盘
14:58:23	14.25	--	11	15675	卖盘
14:58:19	14.25	--	26	37050	卖盘
14:58:08	14.25	--	365	520125	买盘
14:58:04	14.25	--	0	0	买盘
14:57:59	14.25	--	10	14250	买盘
14:57:53	14.25	0.01	138	196650	买盘
14:57:49	14.24	0.01	20	28480	中性盘
14:57:44	14.23	--	131	186413	卖盘
14:57:38	14.23	-0.01	109	155690	卖盘
14:57:34	14.24	0.01	54	76896	买盘
14:57:29	14.23	--	15	21345	卖盘
14:57:23	14.23	--	52	73996	卖盘
14:57:19	14.23	--	19	27037	卖盘
14:57:14	14.23	--	37	52651	卖盘
14:57:08	14.23	-0.01	95	135185	卖盘
14:57:04	14.24	0.01	5	7120	买盘
14:56:53	14.23	--	80	113840	卖盘
14:56:49	14.23	--	29	41323	买盘
14:56:38	14.23	--	34	48382	买盘
14:56:34	14.23	--	39	55497	买盘
14:56:29	14.23	--	13	19865	卖盘
14:56:23	14.23	-0.01	20	28460	卖盘
14:56:19	14.24	0.01	20	28480	买盘
14:56:14	14.23	-0.01	5	7115	卖盘
14:56:08	14.24	0.01	27	38448	买盘
14:55:58	14.23	--	1	1423	卖盘
14:55:53	14.23	--	75	106725	卖盘
14:55:47	14.23	--	42	59822	卖盘
14:55:43	14.23	--	30	42690	卖盘
14:55:38	14.23	0.01	1	1423	买盘
14:55:32	14.22	-0.01	10	14220	卖盘
14:55:28	14.23	--	5	7115	买盘
14:55:23	14.23	--	10	14230	买盘
14:55:17	14.23	--	110	156530	买盘
14:55:08	14.23	--	10	14230	买盘
14:55:02	14.23	0.01	7	9961	买盘
14:54:58	14.22	--	107	152154	卖盘
14:54:53	14.22	-0.01	153	217566	卖盘
14:54:47	14.23	0.01	21	29883	买盘
14:54:43	14.22	--	73	103806	卖盘
14:54:32	14.22	-0.01	57	81054	卖盘
14:54:23	14.23	--	34	48382	卖盘
14:54:17	14.23	--	62	88226	买盘
14:54:08	14.23	--	4	5692	买盘
14:53:53	14.23	--	13	18499	买盘
14:53:47	14.23	--	15	21345	买盘
14:53:43	14.23	--	25	35575	买盘
14:53:32	14.23	--	8	11384	买盘
14:53:28	14.23	-0.01	10	14230	买盘
14:53:17	14.24	0.01	109	155216	买盘
14:53:13	14.23	--	14	19922	卖盘
14:53:08	14.23	--	8	11384	卖盘
14:53:02	14.23	0.01	31	44113	买盘
14:52:58	14.22	-0.01	7	9954	卖盘
14:52:53	14.23	-0.01	23	32729	买盘
14:52:43	14.24	--	0	0	买盘
14:52:38	14.24	0.01	60	86280	买盘
14:52:32	14.23	-0.01	10	14230	卖盘
14:52:28	14.24	0.01	6	8544	买盘
14:52:23	14.23	--	97	138031	卖盘
14:52:17	14.23	--	90	128070	卖盘
14:52:13	14.23	--	14	19922	卖盘
14:51:47	14.23	--	12	17076	卖盘
14:51:43	14.23	--	13	18499	卖盘
14:51:38	14.23	--	26	36998	卖盘
14:51:32	14.23	--	15	21345	卖盘
14:51:28	14.23	--	10	14230	卖盘
14:51:23	14.23	--	50	71150	卖盘
14:51:17	14.23	--	91	130446	卖盘
14:51:13	14.23	0.01	5	8168	买盘
14:51:08	14.22	--	120	170640	卖盘
14:51:02	14.22	-0.01	6	8532	卖盘
14:50:58	14.23	0.01	16	22768	买盘
14:50:53	14.22	-0.01	1	1422	卖盘
14:50:47	14.23	--	7	9961	买盘
14:50:43	14.23	--	33	46959	买盘
14:50:27	14.23	--	70	99979	卖盘
14:50:23	14.23	--	44	62612	卖盘
14:50:17	14.23	--	266	378518	卖盘
14:50:02	14.23	-0.01	14	19922	卖盘
14:49:58	14.24	--	7	9968	买盘
14:49:53	14.24	--	73	103952	卖盘
14:49:47	14.24	--	50	71200	卖盘
14:49:43	14.24	-0.01	9	12816	卖盘
14:49:37	14.25	0.01	5	7125	买盘
14:49:32	14.24	--	0	0	卖盘
14:49:26	14.24	-0.02	61	86864	卖盘
14:49:22	14.26	0.01	2	2852	买盘
14:49:17	14.25	--	30	42750	买盘
14:48:56	14.25	-0.01	32	45600	卖盘
14:48:52	14.26	--	20	28520	买盘
14:48:47	14.26	0.01	25	35650	买盘
14:48:41	14.25	--	16	22800	卖盘
14:48:37	14.25	-0.01	4	5700	卖盘
14:48:26	14.26	--	36	51336	买盘
14:48:22	14.26	--	5	7130	买盘
14:48:02	14.26	--	68	96968	卖盘
14:47:47	14.26	0.01	22	31372	中性盘
14:47:41	14.25	-0.01	159	226575	卖盘
14:47:32	14.26	--	117	166842	买盘
14:47:26	14.26	0.01	11	15686	买盘
14:47:22	14.25	-0.01	1	1425	卖盘
14:47:11	14.26	--	9	12834	买盘
14:46:52	14.26	--	13	18538	买盘
14:46:47	14.26	0.02	4	5704	买盘
14:46:41	14.24	-0.01	50	71200	卖盘
14:46:37	14.25	--	2	2850	卖盘
14:46:32	14.25	0.01	11	15675	买盘
14:46:26	14.24	--	5	7120	卖盘
14:46:22	14.24	--	72	102528	卖盘
14:46:17	14.24	--	48	68352	卖盘
14:46:11	14.24	--	31	44144	卖盘
14:46:07	14.24	0.01	14	19936	买盘
14:46:02	14.23	-0.01	8	11384	卖盘
14:45:52	14.24	0.01	4	5696	买盘
14:45:47	14.23	--	47	67934	买盘
14:45:41	14.23	-0.02	26	37367	卖盘
14:45:37	14.25	--	0	0	买盘
14:45:26	14.25	0.01	103	146775	买盘
14:45:22	14.24	--	69	98256	买盘
14:45:17	14.24	0.01	18	25632	买盘
14:45:11	14.23	-0.01	13	19552	卖盘
14:45:07	14.24	0.01	10	14240	买盘
14:45:02	14.23	-0.01	13	18499	卖盘
14:44:52	14.24	-0.01	239	340336	卖盘
14:44:41	14.25	0.01	26	37050	中性盘
14:44:37	14.24	-0.02	100	142400	卖盘
14:44:32	14.26	--	6	8556	买盘
14:44:26	14.26	--	0	0	买盘
14:44:22	14.26	-0.01	139	198214	卖盘
14:44:17	14.27	0.01	10	14270	买盘
14:44:11	14.26	0.02	16	22816	卖盘
14:44:07	14.24	--	0	0	卖盘
14:44:02	14.24	-0.02	600	854400	卖盘
14:43:56	14.26	--	10	14260	卖盘
14:43:52	14.26	-0.02	7	9982	卖盘
14:43:47	14.28	0.01	306	436968	买盘
14:43:41	14.27	-0.01	28	39956	卖盘
14:43:37	14.28	0.01	3	4284	买盘
14:43:26	14.27	--	15	21405	卖盘
14:43:17	14.27	-0.01	19	27113	卖盘
14:43:11	14.28	0.01	30	42840	买盘
14:43:07	14.27	--	47	68124	卖盘
14:42:56	14.27	--	137	195499	卖盘
14:42:50	14.27	-0.01	106	151262	卖盘
14:42:46	14.28	0.01	14	19992	买盘
14:42:35	14.27	-0.01	5	7135	卖盘
14:42:31	14.28	--	2	2856	买盘
14:42:26	14.28	--	1	1428	买盘
14:42:20	14.28	--	71	101388	买盘
14:42:05	14.28	--	18	25704	卖盘
14:41:56	14.28	--	2	2856	卖盘
14:41:50	14.28	--	209	298452	卖盘
14:41:41	14.28	--	26	37128	卖盘
14:41:35	14.28	--	2	2856	卖盘
14:41:31	14.28	--	5	7140	卖盘
14:41:26	14.28	0.01	28	39984	买盘
14:41:16	14.27	-0.01	38	54226	卖盘
14:41:11	14.28	--	2	2856	卖盘
14:41:01	14.28	--	1	1428	卖盘
14:40:56	14.28	--	12	17136	买盘
14:40:50	14.28	--	3	4284	买盘
14:40:35	14.28	--	2	2856	卖盘
14:40:31	14.28	--	16	22848	卖盘
14:40:20	14.28	--	3	4284	卖盘
14:40:16	14.28	--	10	14280	卖盘
14:40:11	14.28	--	9	12852	买盘
14:40:05	14.28	0.01	20	28560	买盘
14:39:56	14.27	-0.01	9	12843	卖盘
14:39:50	14.28	0.01	30	42840	买盘
14:39:46	14.27	--	1	1427	卖盘
14:39:41	14.27	--	1	1427	卖盘
14:39:35	14.27	--	50	71350	卖盘
14:39:11	14.27	--	2	2854	卖盘
14:38:50	14.27	-0.01	8	11416	卖盘
14:38:46	14.28	0.01	29	41412	买盘
14:38:41	14.27	--	3	4281	卖盘
14:38:35	14.27	-0.01	40	57080	卖盘
14:38:31	14.28	0.01	13	18564	买盘
14:38:26	14.27	--	3	4281	卖盘
14:38:20	14.27	--	1	1427	卖盘
14:38:16	14.27	--	32	45664	卖盘
14:38:05	14.27	-0.01	2	2854	卖盘
14:38:01	14.28	0.01	5	7140	买盘
14:37:50	14.27	--	32	45664	卖盘
14:37:41	14.27	--	10	14641	卖盘
14:37:35	14.27	-0.03	10	14270	卖盘
14:37:31	14.3	0.03	5	7150	买盘
14:37:26	14.27	--	4	5708	卖盘
14:37:20	14.27	-0.02	83	118441	卖盘
14:37:16	14.29	-0.01	20	28580	买盘
14:37:05	14.3	0.02	168	240240	买盘
14:37:01	14.28	-0.01	25	35700	卖盘
14:36:56	14.29	0.03	78	111462	买盘
14:36:46	14.26	--	0	0	卖盘
14:36:41	14.26	-0.02	243	346518	卖盘
14:36:35	14.28	0.01	116	165648	买盘
14:36:29	14.27	-0.01	20	28540	卖盘
14:36:20	14.28	--	10	14280	买盘
14:36:14	14.28	0.01	23	32844	买盘
14:35:50	14.27	--	13	18551	卖盘
14:35:44	14.27	-0.01	54	77058	卖盘
14:35:35	14.28	--	48	68544	买盘
14:35:29	14.28	--	139	198492	买盘
14:35:25	14.28	--	9	12852	买盘
14:35:20	14.28	--	5	7140	买盘
14:35:14	14.28	--	1	1428	买盘
14:35:10	14.28	0.01	6	8568	买盘
14:35:05	14.27	--	0	0	中性盘
14:34:59	14.27	0.02	50	71350	买盘
14:34:55	14.25	-0.02	7	9975	卖盘
14:34:50	14.27	0.01	20	28540	买盘
14:34:44	14.26	0.02	279	397854	买盘
14:34:40	14.24	--	4	5696	卖盘
14:34:35	14.24	--	26	37024	买盘
14:34:29	14.24	--	5	7120	买盘
14:34:25	14.24	0.01	507	721968	买盘
14:34:20	14.23	--	337	480219	买盘
14:34:14	14.23	--	197	280743	买盘
14:34:10	14.23	--	80	113840	买盘
14:34:05	14.23	0.01	326	463898	买盘
14:33:59	14.22	--	20	28440	卖盘
14:33:55	14.22	--	10	14220	卖盘
14:33:44	14.22	-0.01	93	132246	卖盘
14:33:40	14.23	--	60	85380	卖盘
14:33:35	14.23	-0.01	9	12807	卖盘
14:33:29	14.24	--	10	14240	买盘
14:33:20	14.24	--	19	27056	卖盘
14:33:14	14.24	-0.01	39	55536	卖盘
14:33:05	14.25	0.01	40	57000	中性盘
14:32:59	14.24	-0.02	13	18512	卖盘
14:32:50	14.26	0.01	8	11408	中性盘
14:32:44	14.25	-0.02	393	560025	卖盘
14:32:40	14.27	0.01	14	19978	买盘
14:32:35	14.26	--	117	166842	卖盘
14:32:29	14.26	-0.01	10	14260	卖盘
14:32:25	14.27	0.01	22	31394	买盘
14:32:20	14.26	--	20	28520	卖盘
14:32:14	14.26	--	56	79856	卖盘
14:32:10	14.26	-0.01	4	5704	卖盘
14:32:05	14.27	--	4	5708	买盘
14:31:59	14.27	--	11	15697	买盘
14:31:55	14.27	-0.01	184	262568	卖盘
14:31:50	14.28	--	14	19992	卖盘
14:31:44	14.28	0.01	168	239904	买盘
14:31:40	14.27	-0.01	18	25686	卖盘
14:31:35	14.28	--	5	7140	买盘
14:31:29	14.28	0.01	11	15708	买盘
14:31:25	14.27	-0.01	5	7135	卖盘
14:31:14	14.28	--	27	38556	卖盘
14:31:10	14.28	--	162	231336	卖盘
14:30:59	14.28	-0.01	597	852516	卖盘
14:30:40	14.29	--	43	61446	卖盘
14:30:35	14.29	--	56	80024	卖盘
14:30:29	14.29	--	61	87169	卖盘
14:30:20	14.29	-0.01	52	74308	卖盘
14:30:05	14.3	0.01	10	14300	买盘
14:29:59	14.29	-0.01	1	1429	卖盘
14:29:53	14.3	--	109	155870	卖盘
14:29:49	14.3	--	13	18590	卖盘
14:29:44	14.3	--	5	7150	卖盘
14:29:38	14.3	--	3	4290	卖盘
14:29:29	14.3	--	11	15730	卖盘
14:29:23	14.3	--	38	54340	卖盘
14:29:14	14.3	0.01	5	7150	买盘
14:29:08	14.29	-0.01	25	35725	卖盘
14:28:53	14.3	--	55	78650	卖盘
14:28:49	14.3	--	0	0	卖盘
14:28:44	14.3	--	1	1430	卖盘
14:28:38	14.3	--	40	57200	卖盘
14:28:29	14.3	--	19	27170	卖盘
14:28:23	14.3	--	23	32890	卖盘
14:28:14	14.3	--	0	0	卖盘
14:27:59	14.3	--	98	140140	买盘
14:27:53	14.3	0.01	15	21450	买盘
14:27:38	14.29	--	26	37154	买盘
14:27:29	14.29	--	143	204347	买盘
14:27:23	14.29	0.01	77	110033	买盘
14:27:14	14.28	-0.01	85	121380	卖盘
14:27:08	14.29	--	3	4287	买盘
14:27:04	14.29	0.01	63	90027	买盘
14:26:59	14.28	--	27	38556	卖盘
14:26:53	14.28	--	3	4284	卖盘
14:26:44	14.28	-0.01	140	199920	卖盘
14:26:38	14.29	--	68	97172	买盘
14:26:29	14.29	--	5	7145	买盘
14:26:23	14.29	--	1	1429	买盘
14:26:19	14.29	--	53	75737	卖盘
14:26:14	14.29	--	60	85740	卖盘
14:26:04	14.29	-0.01	24	34296	卖盘
14:25:59	14.3	--	52	74360	卖盘
14:25:53	14.3	--	190	271700	卖盘
14:25:49	14.3	--	22	31460	卖盘
14:25:44	14.3	--	80	114400	卖盘
14:25:23	14.3	-0.03	508	726440	卖盘
14:25:19	14.33	--	27	38691	卖盘
14:25:08	14.33	--	65	93145	卖盘
14:25:04	14.33	--	20	28660	卖盘
14:24:53	14.33	--	5	7165	卖盘
14:24:49	14.33	--	10	14330	卖盘
14:24:44	14.33	--	20	28660	卖盘
14:24:38	14.33	--	10	14330	卖盘
14:24:34	14.33	--	9	12897	卖盘
14:24:23	14.33	-0.01	25	35825	卖盘
14:23:53	14.34	--	54	77436	卖盘
14:23:49	14.34	0.01	44	63096	卖盘
14:23:38	14.33	--	0	0	卖盘
14:23:32	14.33	-0.02	100	143300	卖盘
14:23:28	14.35	--	0	0	买盘
14:23:23	14.35	0.01	6	8610	买盘
14:23:17	14.34	-0.01	29	41586	卖盘
14:23:13	14.35	0.01	10	14350	买盘
14:23:08	14.34	-0.01	6	8604	卖盘
14:22:53	14.35	0.01	9	12915	买盘
14:22:32	14.34	-0.01	51	73134	卖盘
14:22:28	14.35	0.01	74	106190	买盘
14:22:17	14.34	-0.01	15	21510	卖盘
14:22:13	14.35	0.01	52	74620	买盘
14:22:08	14.34	--	0	0	卖盘
14:21:58	14.34	-0.01	100	143400	卖盘
14:21:53	14.35	--	32	45920	卖盘
14:21:47	14.35	0.02	175	251125	买盘
14:21:38	14.33	-0.02	3	4299	卖盘
14:21:32	14.35	--	0	0	中性盘
14:21:28	14.35	--	12	17220	卖盘
14:21:23	14.35	--	5	7175	卖盘
14:21:17	14.35	--	10	14350	卖盘
14:21:13	14.35	0.02	2	2870	中性盘
14:21:08	14.33	-0.02	261	374013	卖盘
14:21:02	14.35	--	1	1435	买盘
14:20:58	14.35	-0.01	5	7175	卖盘
14:20:53	14.36	--	50	71800	买盘
14:20:47	14.36	0.01	10	14360	买盘
14:20:43	14.35	-0.01	109	156415	卖盘
14:20:32	14.36	0.01	2	2872	买盘
14:20:23	14.35	--	1	1435	买盘
14:20:13	14.35	--	5	7175	买盘
14:20:08	14.35	0.01	3	4305	卖盘
14:20:02	14.34	-0.01	47	67398	卖盘
14:19:47	14.35	--	97	139195	卖盘
14:19:43	14.35	-0.01	186	266910	卖盘
14:19:32	14.36	--	50	71800	卖盘
14:19:08	14.36	--	5	7180	卖盘
14:18:58	14.36	--	9	12924	买盘
14:18:47	14.36	--	0	0	买盘
14:18:32	14.36	--	20	28720	买盘
14:18:17	14.36	-0.01	3	4308	卖盘
14:18:02	14.37	0.03	20	28740	买盘
14:17:58	14.34	-0.03	592	848985	卖盘
14:17:53	14.37	--	15	21555	买盘
14:17:47	14.37	--	1	1437	买盘
14:17:38	14.37	--	1	1437	买盘
14:17:32	14.37	--	39	56043	买盘
14:17:17	14.37	--	7	10059	卖盘
14:17:07	14.37	-0.01	8	11496	买盘
14:16:56	14.38	--	40	57520	买盘
14:16:47	14.38	0.02	20	28760	买盘
14:16:41	14.36	--	45	64620	卖盘
14:16:32	14.36	0.01	29	41644	买盘
14:16:26	14.35	-0.01	180	258300	卖盘
14:16:22	14.36	--	10	14360	买盘
14:16:17	14.36	--	21	30156	买盘
14:16:11	14.36	--	20	28720	买盘
14:16:07	14.36	--	35	50260	买盘
14:15:41	14.36	0.01	3	4308	卖盘
14:15:17	14.35	--	0	0	卖盘
14:15:11	14.35	-0.02	51	73185	卖盘
14:15:07	14.37	0.02	1	1437	买盘
14:14:56	14.35	-0.02	20	28700	卖盘
14:14:52	14.37	0.01	4	5748	买盘
14:14:41	14.36	--	25	35900	卖盘
14:14:32	14.36	--	13	18668	买盘
14:14:22	14.36	--	15	21540	买盘
14:14:17	14.36	--	10	14360	买盘
14:13:56	14.36	0.01	11	15796	中性盘
14:13:52	14.35	--	42	60270	卖盘
14:13:47	14.35	-0.01	37	53095	卖盘
14:13:32	14.36	0.01	20	28720	卖盘
14:13:26	14.35	--	0	0	卖盘
14:13:22	14.35	-0.02	102	146370	卖盘
14:12:56	14.37	--	1	1437	卖盘
14:12:47	14.37	--	22	31614	买盘
14:12:41	14.37	0.02	5	7185	买盘
14:12:37	14.35	--	15	21525	卖盘
14:12:26	14.35	-0.01	30	43050	卖盘
14:12:22	14.36	0.01	31	44516	卖盘
14:12:17	14.35	--	0	0	卖盘
14:12:07	14.35	--	9	12915	卖盘
14:12:02	14.35	--	270	387450	买盘
14:11:56	14.35	0.01	34	48790	买盘
14:11:52	14.34	-0.01	82	117588	卖盘
14:11:41	14.35	--	2	2870	买盘
14:11:32	14.35	--	47	67445	卖盘
14:11:26	14.35	--	1	1435	卖盘
14:11:22	14.35	-0.01	15	21525	卖盘
14:11:11	14.36	0.01	85	122060	买盘
14:11:05	14.35	-0.01	20	28700	卖盘
14:11:01	14.36	0.01	5	7180	买盘
14:10:56	14.35	--	64	91840	卖盘
14:10:50	14.35	-0.01	24	34440	卖盘
14:10:41	14.36	--	13	18668	买盘
14:10:35	14.36	--	1	2728	卖盘
14:10:31	14.36	--	70	100520	卖盘
14:10:26	14.36	--	106	152216	卖盘
14:10:20	14.36	--	36	51696	卖盘
14:10:11	14.36	-0.01	70	100520	卖盘
14:10:01	14.37	0.01	4	5748	买盘
14:09:50	14.36	-0.01	5	7180	卖盘
14:09:41	14.37	0.01	36	51732	买盘
14:09:16	14.36	-0.01	10	14360	卖盘
14:09:11	14.37	--	9	12933	买盘
14:09:01	14.37	--	5	7185	买盘
14:08:50	14.37	--	10	14370	买盘
14:08:46	14.37	--	5	7185	买盘
14:08:41	14.37	0.01	30	43110	买盘
14:08:20	14.36	-0.01	19	27284	卖盘
14:08:11	14.37	0.01	68	97716	中性盘
14:08:05	14.36	-0.03	35	50260	卖盘
14:07:56	14.39	0.02	11	15829	买盘
14:07:50	14.37	-0.02	39	56043	卖盘
14:07:41	14.39	0.01	86	123754	买盘
14:07:31	14.38	--	1	1438	卖盘
14:07:26	14.38	-0.01	10	14380	卖盘
14:07:20	14.39	0.01	11	15829	买盘
14:07:16	14.38	-0.01	4	5752	卖盘
14:07:11	14.39	-0.01	10	14390	买盘
14:07:05	14.4	--	0	0	买盘
14:06:56	14.4	0.02	20	28800	买盘
14:06:50	14.38	-0.01	80	115040	卖盘
14:06:41	14.39	--	4	5756	买盘
14:06:35	14.39	--	51	73389	买盘
14:06:31	14.39	0.01	50	71950	买盘
14:06:20	14.38	-0.01	20	28760	卖盘
14:06:16	14.39	--	0	0	买盘
14:06:11	14.39	--	57	82023	买盘
14:06:05	14.39	--	102	146778	买盘
14:06:01	14.39	0.01	10	14390	买盘
14:05:46	14.38	--	5	7190	卖盘
14:05:35	14.38	--	31	44578	买盘
14:05:30	14.38	0.01	18	25884	买盘
14:05:20	14.37	--	107	153759	卖盘
14:05:16	14.37	--	18	26009	买盘
14:05:11	14.37	--	57	81909	买盘
14:05:05	14.37	--	42	60354	买盘
14:05:01	14.37	0.01	51	73287	买盘
14:04:44	14.36	--	23	33028	买盘
14:04:40	14.36	0.01	150	215400	买盘
14:04:35	14.35	--	5	7175	卖盘
14:04:14	14.35	-0.01	33	47355	卖盘
14:04:05	14.36	0.01	33	47388	买盘
14:03:59	14.35	-0.01	20	28700	卖盘
14:03:50	14.36	--	56	80416	卖盘
14:03:40	14.36	--	14	20104	买盘
14:03:35	14.36	--	28	40208	卖盘
14:03:25	14.36	-0.01	50	71800	卖盘
14:03:20	14.37	--	34	50151	卖盘
14:03:14	14.37	--	20	28740	卖盘
14:03:10	14.37	0.01	171	245870	买盘
14:03:05	14.36	--	13	18668	卖盘
14:02:59	14.36	-0.01	86	123496	卖盘
14:02:55	14.37	--	12	17244	买盘
14:02:44	14.37	-0.01	12	18537	卖盘
14:02:35	14.38	--	49	70462	买盘
14:02:29	14.38	0.01	151	217138	买盘
14:02:10	14.37	-0.01	40	57480	卖盘
14:02:05	14.38	0.01	11	15818	卖盘
14:01:59	14.37	--	0	0	卖盘
14:01:55	14.37	-0.01	72	103464	卖盘
14:01:40	14.38	--	8	11647	买盘
14:01:35	14.38	--	27	38826	买盘
14:01:29	14.38	--	94	136466	卖盘
14:01:25	14.38	-0.01	30	43140	卖盘
14:01:20	14.39	0.01	80	115120	买盘
14:01:14	14.38	--	3	4314	卖盘
14:01:05	14.38	--	0	0	卖盘
14:00:59	14.38	-0.01	20	28760	卖盘
14:00:50	14.39	0.01	39	56121	买盘
14:00:40	14.38	-0.01	60	86280	卖盘
14:00:35	14.39	0.01	10	14390	买盘
14:00:29	14.38	-0.01	1	1438	卖盘
14:00:25	14.39	0.01	3	4317	买盘
14:00:20	14.38	-0.02	82	118059	卖盘
14:00:14	14.4	0.01	123	177120	买盘
14:00:10	14.39	--	3	4317	买盘
13:59:59	14.39	--	1	1439	卖盘
13:59:55	14.39	--	15	21585	卖盘
13:59:44	14.39	0.01	21	30219	中性盘
13:59:40	14.38	-0.02	2	2876	卖盘
13:59:34	14.4	--	54	77760	买盘
13:59:25	14.4	-0.01	316	455040	卖盘
13:59:20	14.41	--	105	151305	卖盘
13:59:14	14.41	--	33	47553	卖盘
13:58:59	14.41	-0.01	109	157069	卖盘
13:58:55	14.42	--	44	63448	卖盘
13:58:50	14.42	-0.01	47	67774	卖盘
13:58:44	14.43	--	20	28860	买盘
13:58:35	14.43	-0.01	932	1345871	卖盘
13:58:25	14.44	--	34	49096	卖盘
13:58:08	14.44	--	2	2888	卖盘
13:57:53	14.44	--	34	49096	买盘
13:57:49	14.44	--	38	54872	卖盘
13:57:44	14.44	--	10	14440	卖盘
13:57:23	14.44	--	2	2888	卖盘
13:57:14	14.44	-0.02	10	14440	卖盘
13:56:44	14.46	0.01	40	57840	买盘
13:56:38	14.45	-0.01	6	8670	买盘
13:56:29	14.46	--	0	0	买盘
13:56:23	14.46	0.01	100	144600	买盘
13:56:14	14.45	--	12	17340	买盘
13:56:08	14.45	--	2	2890	买盘
13:55:59	14.45	0.01	7	10115	买盘
13:55:38	14.44	-0.01	54	77976	卖盘
13:55:23	14.45	0.01	23	33235	买盘
13:55:04	14.44	-0.01	70	101080	卖盘
13:54:59	14.45	0.01	19	27455	买盘
13:54:38	14.44	-0.01	20	28880	卖盘
13:54:29	14.45	--	3	4335	买盘
13:54:23	14.45	--	30	43350	卖盘
13:54:19	14.45	--	1	1445	卖盘
13:54:08	14.45	--	204	294780	卖盘
13:53:59	14.45	-0.01	20	28900	卖盘
13:53:43	14.46	--	25	36150	卖盘
13:53:38	14.46	--	30	43380	卖盘
13:53:08	14.46	-0.03	24	34704	卖盘
13:52:49	14.49	--	0	0	买盘
13:52:38	14.49	0.01	50	72450	买盘
13:52:34	14.48	--	158	230087	卖盘
13:52:23	14.48	--	14	20272	卖盘
13:52:19	14.48	--	2	2896	卖盘
13:52:08	14.48	--	1	1448	卖盘
13:52:03	14.48	--	35	50680	卖盘
13:51:47	14.48	--	27	39096	卖盘
13:51:43	14.48	-0.01	3	4344	卖盘
13:51:38	14.49	0.01	18	26082	买盘
13:51:32	14.48	--	8	11584	卖盘
13:50:53	14.48	--	21	30552	卖盘
13:50:47	14.48	-0.01	1	1448	卖盘
13:50:43	14.49	0.01	11	15939	买盘
13:50:38	14.48	-0.01	7	10136	卖盘
13:50:32	14.49	0.01	1	1449	买盘
13:50:23	14.48	--	24	34752	卖盘
13:49:58	14.48	--	10	14480	卖盘
13:49:47	14.48	--	10	14480	卖盘
13:49:32	14.48	0.03	5	7240	买盘
13:49:23	14.45	--	0	0	卖盘
13:49:08	14.45	-0.02	538	777410	卖盘
13:48:47	14.47	-0.02	1	1447	卖盘
13:48:32	14.49	--	0	0	买盘
13:48:23	14.49	--	0	0	买盘
13:48:08	14.49	-0.01	50	72450	买盘
13:47:53	14.5	--	0	0	买盘
13:47:47	14.5	0.04	387	561150	买盘
13:47:32	14.46	-0.02	44	63624	卖盘
13:47:28	14.48	--	75	108600	卖盘
13:47:17	14.48	--	7	10136	卖盘
13:47:02	14.48	--	10	14480	卖盘
13:46:47	14.48	0.02	31	44888	买盘
13:46:13	14.46	--	0	0	卖盘
13:45:58	14.46	-0.03	53	76638	卖盘
13:45:53	14.49	0.03	314	454986	买盘
13:45:37	14.46	-0.01	20	28920	卖盘
13:45:32	14.47	--	114	164958	买盘
13:45:26	14.47	0.01	50	72350	买盘
13:45:17	14.46	--	105	151830	卖盘
13:45:07	14.46	--	5	7230	卖盘
13:45:02	14.46	--	5	7230	买盘
13:44:56	14.46	--	7	10122	买盘
13:44:41	14.46	--	79	114234	卖盘
13:44:37	14.46	--	5	7230	卖盘
13:44:32	14.46	--	50	72300	卖盘
13:44:22	14.46	-0.01	10	14460	卖盘
13:44:11	14.47	0.01	10	14470	卖盘
13:44:07	14.46	--	0	0	卖盘
13:44:02	14.46	-0.02	1	1446	卖盘
13:43:52	14.48	0.02	1	1448	买盘
13:43:47	14.46	-0.02	5	7230	卖盘
13:43:41	14.48	--	15	21720	买盘
13:43:32	14.48	0.02	69	99912	买盘
13:43:26	14.46	-0.02	10	14460	卖盘
13:43:22	14.48	--	1	1448	买盘
13:43:11	14.48	0.02	30	43440	买盘
13:43:07	14.46	-0.02	100	144600	卖盘
13:43:02	14.48	0.02	10	14480	买盘
13:42:56	14.46	-0.02	1	1446	卖盘
13:42:47	14.48	--	7	10136	买盘
13:42:17	14.48	--	41	59368	买盘
13:41:56	14.48	-0.01	18	26064	卖盘
13:41:37	14.49	0.01	15	21735	买盘
13:41:32	14.48	-0.01	10	14480	卖盘
13:41:22	14.49	0.01	3	4347	买盘
13:41:11	14.48	-0.01	4	5792	卖盘
13:41:07	14.49	0.01	50	72450	买盘
13:41:01	14.48	-0.01	3	4344	卖盘
13:40:56	14.49	--	0	0	买盘
13:40:46	14.49	--	0	0	买盘
13:40:41	14.49	0.02	15	21735	买盘
13:40:31	14.47	0.01	1	1447	买盘
13:40:26	14.46	--	0	0	卖盘
13:40:21	14.46	-0.01	17	24582	卖盘
13:40:16	14.47	-0.01	10	14470	中性盘
13:40:11	14.48	0.03	117	169416	买盘
13:40:06	14.45	--	2	2890	卖盘
13:40:01	14.45	--	61	88145	卖盘
13:39:31	14.45	-0.02	10	14450	卖盘
13:39:26	14.47	--	0	0	中性盘
13:39:22	14.47	0.02	3	4341	买盘
13:39:06	14.45	-0.02	112	161840	卖盘
13:39:01	14.47	0.02	81	117207	买盘
13:38:50	14.45	--	4	5780	卖盘
13:38:46	14.45	--	20	28900	卖盘
13:38:41	14.45	0.02	119	171955	买盘
13:38:35	14.43	--	10	14430	卖盘
13:38:26	14.43	--	0	0	卖盘
13:38:20	14.43	-0.01	150	216450	卖盘
13:38:11	14.44	0.01	115	166507	买盘
13:38:01	14.43	--	66	95238	卖盘
13:37:56	14.43	-0.01	6	8658	卖盘
13:37:35	14.44	-0.01	327	473184	卖盘
13:37:26	14.45	-0.01	10	14450	卖盘
13:37:11	14.46	-0.01	113	163398	卖盘
13:36:56	14.47	--	65	94055	卖盘
13:36:50	14.47	--	14	20258	卖盘
13:36:46	14.47	--	222	321234	卖盘
13:36:35	14.47	--	97	140359	卖盘
13:36:26	14.47	--	73	105631	卖盘
13:36:20	14.47	-0.01	30	43410	卖盘
13:36:10	14.48	--	27	39096	卖盘
13:35:56	14.48	--	3	4344	卖盘
13:35:46	14.48	-0.01	23	33304	卖盘
13:35:35	14.49	0.01	60	86940	买盘
13:35:31	14.48	0.01	2	2896	买盘
13:35:26	14.47	-0.01	18	26046	卖盘
13:35:20	14.48	--	41	59368	卖盘
13:35:11	14.48	--	20	28960	卖盘
13:35:05	14.48	-0.01	30	43440	卖盘
13:35:01	14.49	0.01	125	181125	买盘
13:34:56	14.48	-0.01	5	7240	卖盘
13:34:41	14.49	0.01	10	14490	买盘
13:34:35	14.48	-0.01	23	33304	卖盘
13:34:25	14.49	--	33	47817	卖盘
13:34:16	14.49	--	25	36225	卖盘
13:34:10	14.49	--	5	7245	卖盘
13:34:05	14.49	--	26	37674	买盘
13:33:45	14.49	--	27	39123	买盘
13:33:35	14.49	0.01	15	21735	买盘
13:33:31	14.48	0.01	50	72400	买盘
13:33:20	14.47	0.01	65	94055	买盘
13:33:15	14.46	--	2	2892	卖盘
13:33:05	14.46	--	61	88206	卖盘
13:33:01	14.46	--	0	0	卖盘
13:32:50	14.46	0.01	133	192766	买盘
13:32:45	14.45	-0.01	8	11560	卖盘
13:32:35	14.46	0.01	54	78084	买盘
13:32:29	14.45	0.01	2	2890	买盘
13:32:20	14.44	-0.01	21	30324	卖盘
13:32:14	14.45	0.01	18	26010	买盘
13:31:59	14.44	0.01	143	206492	买盘
13:31:50	14.43	--	2	2886	卖盘
13:31:44	14.43	0.01	19	27417	买盘
13:31:40	14.42	--	0	0	卖盘
13:31:35	14.42	-0.01	20	28840	卖盘
13:31:29	14.43	0.01	13	18759	买盘
13:31:25	14.42	--	120	173040	卖盘
13:30:59	14.42	--	18	25956	卖盘
13:30:50	14.42	-0.01	22	31724	卖盘
13:30:40	14.43	--	7	10101	买盘
13:30:35	14.43	--	10	14430	买盘
13:30:29	14.43	0.01	56	80808	买盘
13:30:25	14.42	-0.01	11	15862	卖盘
13:30:20	14.43	--	24	34632	买盘
13:30:05	14.43	0.01	10	14430	买盘
13:29:59	14.42	--	47	67774	买盘
13:29:55	14.42	--	47	67774	买盘
13:29:50	14.42	--	5	7210	买盘
13:29:44	14.42	--	32	46144	卖盘
13:29:35	14.42	--	55	79310	卖盘
13:29:29	14.42	--	28	40376	卖盘
13:29:25	14.42	--	5	7210	卖盘
13:29:20	14.42	--	6	8652	卖盘
13:29:14	14.42	-0.01	5	7210	卖盘
13:28:59	14.43	--	20	28860	买盘
13:28:50	14.43	--	16	23088	买盘
13:28:44	14.43	--	39	56277	卖盘
13:28:39	14.43	0.03	21	30303	买盘
13:28:35	14.4	--	0	0	卖盘
13:28:29	14.4	-0.03	515	741600	卖盘
13:28:24	14.43	0.01	1	1443	卖盘
13:28:14	14.42	0.01	73	105266	买盘
13:28:10	14.41	-0.01	32	46112	卖盘
13:28:04	14.42	--	30	43260	买盘
13:27:59	14.42	--	9	12978	买盘
13:27:55	14.42	--	20	28840	买盘
13:27:43	14.42	--	121	174482	卖盘
13:27:29	14.42	--	45	64890	卖盘
13:27:24	14.42	-0.02	80	115360	卖盘
13:27:19	14.44	0.01	3	4332	买盘
13:27:14	14.43	--	44	63492	买盘
13:27:09	14.43	--	25	36075	买盘
13:27:04	14.43	-0.01	7	10101	卖盘
13:26:59	14.44	0.01	39	56316	买盘
13:26:55	14.43	--	30	43290	卖盘
13:26:49	14.43	-0.01	4	5772	卖盘
13:26:44	14.44	--	31	44764	买盘
13:26:40	14.44	--	71	102524	卖盘
13:26:34	14.44	-0.01	58	83752	卖盘
13:26:29	14.45	-0.01	11	15895	卖盘
13:26:24	14.46	0.01	2	2892	买盘
13:26:19	14.45	-0.01	69	99705	卖盘
13:26:14	14.46	--	20	28920	卖盘
13:26:08	14.46	--	2	2892	卖盘
13:26:04	14.46	--	35	50610	卖盘
13:25:59	14.46	-0.02	34	49164	卖盘
13:25:44	14.48	--	75	109903	卖盘
13:25:38	14.48	-0.01	15	21720	卖盘
13:25:34	14.49	0.01	7	10143	买盘
13:25:29	14.48	-0.01	52	75296	卖盘
13:25:23	14.49	0.01	2	2898	买盘
13:25:14	14.48	--	20	28960	卖盘
13:25:08	14.48	--	0	0	卖盘
13:24:59	14.48	-0.02	663	960024	卖盘
13:24:44	14.5	--	52	75400	卖盘
13:24:23	14.5	--	101	146450	卖盘
13:24:19	14.5	--	5	7250	卖盘
13:24:14	14.5	--	5	7250	卖盘
13:23:59	14.5	--	74	107300	卖盘
13:23:53	14.5	-0.01	65	94250	卖盘
13:23:44	14.51	--	6	8706	买盘
13:23:38	14.51	--	60	87060	卖盘
13:23:34	14.51	--	22	31922	卖盘
13:23:29	14.51	0.01	4	5804	中性盘
13:23:23	14.5	-0.01	59	85550	卖盘
13:23:19	14.51	-0.01	7	10157	卖盘
13:23:14	14.52	0.01	13	18876	买盘
13:23:08	14.51	0.01	38	55138	买盘
13:22:53	14.5	--	5	7250	卖盘
13:22:34	14.5	--	58	84100	卖盘
13:22:29	14.5	--	37	53650	买盘
13:22:23	14.5	--	104	150800	买盘
13:22:19	14.5	0.01	10	14500	买盘
13:22:14	14.49	--	2	2898	卖盘
13:21:59	14.49	0.01	71	102879	买盘
13:21:48	14.48	-0.01	17	24616	卖盘
13:21:44	14.49	0.01	69	99981	买盘
13:21:38	14.48	--	41	59368	卖盘
13:21:33	14.48	--	2	2896	卖盘
13:21:29	14.48	--	52	75296	卖盘
13:21:23	14.48	0.02	216	312912	买盘
13:21:19	14.46	--	88	127248	卖盘
13:21:13	14.46	--	0	0	卖盘
13:21:08	14.46	-0.02	25	36150	卖盘
13:20:53	14.48	-0.01	19	27512	卖盘
13:20:38	14.49	--	12	17388	卖盘
13:20:33	14.49	-0.01	14	20286	卖盘
13:20:28	14.5	--	15	21750	买盘
13:20:23	14.5	--	3	4350	买盘
13:20:18	14.5	--	7	10150	买盘
13:20:13	14.5	--	1	1450	买盘
13:20:08	14.5	--	184	266800	卖盘
13:20:03	14.5	--	182	263900	卖盘
13:19:58	14.5	--	4	5800	卖盘
13:19:53	14.5	--	229	332050	卖盘
13:19:48	14.5	--	66	95700	卖盘
13:19:43	14.5	-0.01	250	362500	卖盘
13:19:38	14.51	0.01	63	91413	买盘
13:19:28	14.5	-0.01	16	23200	卖盘
13:19:23	14.51	--	30	43530	买盘
13:19:17	14.51	0.01	7	10157	买盘
13:19:13	14.5	-0.01	10	14500	卖盘
13:19:08	14.51	--	42	60942	卖盘
13:19:02	14.51	--	67	97217	卖盘
13:18:53	14.51	--	10	14510	卖盘
13:18:47	14.51	-0.03	10	14510	卖盘
13:18:38	14.54	0.02	63	91602	买盘
13:18:32	14.52	--	15	21780	卖盘
13:18:23	14.52	-0.01	17	24684	卖盘
13:18:17	14.53	--	10	14530	买盘
13:18:13	14.53	--	10	14530	买盘
13:18:08	14.53	--	15	21795	买盘
13:17:58	14.53	-0.01	56	81368	卖盘
13:17:53	14.54	-0.01	6	8724	买盘
13:17:43	14.55	--	0	0	买盘
13:17:38	14.55	0.01	110	160050	买盘
13:17:32	14.54	0.01	115	167210	中性盘
13:17:28	14.53	-0.01	22	31966	卖盘
13:17:23	14.54	--	2	2908	买盘
13:17:17	14.54	0.01	100	145400	买盘
13:17:13	14.53	--	2	2906	卖盘
13:17:08	14.53	-0.01	10	14530	卖盘
13:17:02	14.54	0.01	40	58160	买盘
13:16:58	14.53	--	44	63932	卖盘
13:16:47	14.53	-0.01	2	2906	卖盘
13:16:43	14.54	--	34	49436	卖盘
13:16:38	14.54	-0.01	13	18902	卖盘
13:16:32	14.55	0.01	8	11640	买盘
13:16:23	14.54	--	25	36350	卖盘
13:16:17	14.54	-0.01	10	14540	卖盘
13:16:13	14.55	0.01	10	14550	买盘
13:16:08	14.54	--	10	14540	买盘
13:16:02	14.54	0.01	5	7270	中性盘
13:15:58	14.53	-0.02	100	145300	卖盘
13:15:53	14.55	--	10	14550	买盘
13:15:43	14.55	0.02	74	107670	买盘
13:15:38	14.53	-0.01	10	14530	卖盘
13:15:32	14.54	0.01	409	594686	买盘
13:15:23	14.53	--	25	36325	卖盘
13:15:17	14.53	--	14	20342	卖盘
13:15:08	14.53	--	136	197608	买盘
13:15:02	14.53	--	20	29060	买盘
13:14:53	14.53	--	20	29060	买盘
13:14:47	14.53	-0.01	61	88633	卖盘
13:14:42	14.54	0.01	43	62521	买盘
13:14:37	14.53	-0.01	6	8718	卖盘
13:14:17	14.54	0.02	5	7270	买盘
13:14:12	14.52	-0.01	70	101640	卖盘
13:14:02	14.53	0.01	4	5812	买盘
13:13:57	14.52	--	13	18876	卖盘
13:13:52	14.52	--	1	1452	卖盘
13:13:47	14.52	--	105	152460	卖盘
13:13:42	14.52	--	90	130680	买盘
13:13:37	14.52	0.01	3	4356	买盘
13:13:27	14.51	--	45	65295	卖盘
13:13:17	14.51	--	10	14510	卖盘
13:13:12	14.51	-0.01	13	18863	卖盘
13:13:07	14.52	--	10	14520	买盘
13:13:02	14.52	--	0	0	买盘
13:12:57	14.52	-0.04	1	1452	卖盘
13:12:47	14.56	--	14	20384	买盘
13:12:41	14.56	0.02	68	99008	买盘
13:12:37	14.54	-0.02	24	34896	卖盘
13:12:32	14.56	0.01	165	241113	买盘
13:12:26	14.55	-0.01	49	71295	卖盘
13:12:22	14.56	--	1	1456	买盘
13:12:17	14.56	--	23	33488	买盘
13:12:11	14.56	--	158	230048	买盘
13:12:02	14.56	-0.01	38	55328	卖盘
13:11:56	14.57	--	21	30597	买盘
13:11:52	14.57	0.01	306	445842	买盘
13:11:47	14.56	--	49	71344	卖盘
13:11:41	14.56	--	10	14560	卖盘
13:11:37	14.56	0.01	97	141814	买盘
13:11:32	14.55	--	136	197880	买盘
13:11:26	14.55	--	23	33465	买盘
13:11:17	14.55	--	14	21243	卖盘
13:11:11	14.55	--	57	82935	卖盘
13:11:07	14.55	0.03	93	135897	买盘
13:11:02	14.52	0.02	21	30492	买盘
13:10:56	14.5	-0.02	5	7250	卖盘
13:10:52	14.52	--	9	13068	买盘
13:10:47	14.52	-0.03	77	112675	卖盘
13:10:41	14.55	-0.01	1	1455	卖盘
13:10:37	14.56	--	480	698880	买盘
13:10:32	14.56	0.01	31	45136	买盘
13:10:26	14.55	0.03	749	1090377	买盘
13:10:22	14.52	-0.01	70	101640	卖盘
13:10:17	14.53	0.01	99	143847	买盘
13:10:11	14.52	--	8	11616	卖盘
13:10:07	14.52	--	10	14520	卖盘
13:10:02	14.52	-0.02	7	10164	买盘
13:09:56	14.54	--	0	0	买盘
13:09:52	14.54	0.02	244	354776	买盘
13:09:37	14.52	0.04	10	14520	买盘
13:09:32	14.48	0.01	73	105704	中性盘
13:09:26	14.47	-0.03	12	17364	卖盘
13:09:22	14.5	--	14	20300	买盘
13:09:11	14.5	--	37	53650	买盘
13:09:02	14.5	--	0	0	买盘
13:08:52	14.5	--	65	94250	买盘
13:08:47	14.5	-0.03	26	37700	卖盘
13:08:41	14.53	0.04	38	55214	卖盘
13:08:37	14.49	-0.01	4	5796	卖盘
13:08:32	14.5	-0.04	80	116000	卖盘
13:08:25	14.54	0.04	190	276260	买盘
13:08:21	14.5	--	153	222662	卖盘
13:08:17	14.5	--	15	21750	卖盘
13:08:11	14.5	-0.01	5	7250	卖盘
13:08:02	14.51	0.01	184	266984	中性盘
13:07:55	14.5	-0.04	53	76850	卖盘
13:07:51	14.54	--	13	18902	买盘
13:07:46	14.54	--	14	20356	买盘
13:07:40	14.54	-0.01	12	17448	卖盘
13:07:36	14.55	--	37	53835	买盘
13:07:31	14.55	-0.02	86	125130	卖盘
13:07:25	14.57	-0.01	54	78678	中性盘
13:07:21	14.58	--	164	239112	买盘
13:07:16	14.58	0.02	20	29160	买盘
13:07:11	14.56	--	19	27664	买盘
13:07:06	14.56	-0.02	223	324688	卖盘
13:07:01	14.58	--	16	23328	卖盘
13:06:56	14.58	--	166	242028	买盘
13:06:51	14.58	0.01	119	173502	买盘
13:06:46	14.57	0.02	93	135501	买盘
13:06:41	14.55	-0.01	500	727500	卖盘
13:06:36	14.56	0.01	105	152880	买盘
13:06:25	14.55	0.04	302	439410	买盘
13:06:21	14.51	--	283	410633	买盘
13:06:16	14.51	0.01	20	29020	买盘
13:06:11	14.5	--	4	5800	卖盘
13:06:06	14.5	-0.01	190	275500	卖盘
13:05:56	14.51	0.01	30	43530	中性盘
13:05:50	14.5	-0.01	839	1216550	卖盘
13:05:46	14.51	-0.01	35	50785	卖盘
13:05:41	14.52	0.01	75	108900	买盘
13:05:35	14.51	0.01	220	319220	买盘
13:05:31	14.5	-0.01	15	21750	卖盘
13:05:26	14.51	0.01	1	1451	买盘
13:05:20	14.5	--	45	65250	卖盘
13:05:16	14.5	--	15	21750	卖盘
13:05:11	14.5	0.06	2801	4062088	买盘
13:05:05	14.44	0.01	130	187720	买盘
13:04:56	14.43	--	10	14430	卖盘
13:04:41	14.43	0.05	540	779220	买盘
13:04:35	14.38	--	43	61834	卖盘
13:04:31	14.38	--	0	0	卖盘
13:04:16	14.38	-0.02	1	1438	卖盘
13:04:05	14.4	0.02	39	56160	买盘
13:03:56	14.38	-0.01	43	61834	卖盘
13:03:50	14.39	--	59	84901	卖盘
13:03:46	14.39	--	5	7195	买盘
13:03:41	14.39	--	28	40292	卖盘
13:03:35	14.39	-0.01	31	44609	卖盘
13:03:26	14.4	--	20	28800	买盘
13:03:11	14.4	-0.01	46	66240	卖盘
13:03:01	14.41	--	10	14410	卖盘
13:02:56	14.41	-0.01	29	41789	卖盘
13:02:49	14.42	0.01	34	49028	买盘
13:02:46	14.41	--	5	7205	卖盘
13:02:41	14.41	--	5	7205	卖盘
13:02:35	14.41	--	47	67727	卖盘
13:02:26	14.41	-0.01	10	14410	卖盘
13:02:05	14.42	--	5	7210	买盘
13:01:50	14.42	--	19	27398	买盘
13:01:45	14.42	-0.01	50	72100	买盘
13:01:35	14.43	--	4	5772	卖盘
13:01:26	14.43	0.03	202	291486	买盘
13:01:15	14.4	--	37	53280	买盘
13:01:10	14.4	--	2	2880	买盘
13:01:00	14.4	--	61	87840	卖盘
13:00:49	14.4	--	0	0	卖盘
13:00:40	14.4	-0.02	10	14400	卖盘
13:00:35	14.42	0.02	152	219184	买盘
13:00:30	14.4	-0.02	14	20160	卖盘
13:00:15	14.42	0.02	2	2884	买盘
13:00:10	14.4	0.01	222	319680	买盘
13:00:05	14.39	-0.01	462	664818	卖盘
11:30:00	14.4	--	0	0	买盘
11:29:59	14.4	--	0	0	买盘
11:29:55	14.4	--	20	28800	买盘
11:29:51	14.4	--	20	28800	买盘
11:29:40	14.4	-0.01	33	47520	卖盘
11:29:36	14.41	--	98	141218	买盘
11:29:25	14.41	--	0	0	买盘
11:29:16	14.41	0.03	38	54758	买盘
11:29:10	14.38	-0.02	45	64710	卖盘
11:29:06	14.4	--	40	57600	卖盘
11:29:01	14.4	0.02	1459	2100960	买盘
11:28:55	14.38	--	30	43140	卖盘
11:28:51	14.38	--	16	23008	卖盘
11:28:46	14.38	--	14	20132	卖盘
11:28:40	14.38	--	30	43140	卖盘
11:28:31	14.38	--	42	60396	卖盘
11:28:25	14.38	--	5	7190	卖盘
11:28:21	14.38	--	93	133734	卖盘
11:28:16	14.38	--	10	14380	卖盘
11:28:10	14.38	--	15	21570	卖盘
11:28:06	14.38	-0.01	47	67586	卖盘
11:28:01	14.39	0.01	30	43170	买盘
11:27:55	14.38	-0.01	60	86280	卖盘
11:27:51	14.39	--	19	27341	买盘
11:27:46	14.39	--	44	63316	买盘
11:27:40	14.39	--	2	2878	买盘
11:27:21	14.39	--	124	178436	卖盘
11:27:16	14.39	--	10	14390	卖盘
11:27:10	14.39	--	1	1439	卖盘
11:27:06	14.39	-0.01	70	100730	卖盘
11:26:55	14.4	--	13	18720	买盘
11:26:51	14.4	--	4	5760	买盘
11:26:31	14.4	--	313	450720	买盘
11:26:25	14.4	0.01	30	43200	买盘
11:26:10	14.39	0.01	5	7195	中性盘
11:26:06	14.38	--	60	86280	卖盘
11:26:01	14.38	--	0	0	卖盘
11:25:55	14.38	--	6	8628	卖盘
11:25:51	14.38	-0.01	140	201320	卖盘
11:25:40	14.39	--	26	37414	买盘
11:25:34	14.39	--	7	10073	买盘
11:25:31	14.39	--	8	11512	买盘
11:25:25	14.39	-0.01	50	71950	卖盘
11:25:10	14.4	--	270	388800	买盘
11:25:04	14.4	--	37	53280	卖盘
11:25:01	14.4	--	10	14400	卖盘
11:24:55	14.4	-0.01	28	40320	卖盘
11:24:49	14.41	0.01	239	344399	买盘
11:24:46	14.4	--	5	7200	卖盘
11:24:40	14.4	--	2	2880	卖盘
11:24:34	14.4	--	15	21600	卖盘
11:24:31	14.4	--	10	14400	卖盘
11:24:25	14.4	--	49	70560	买盘
11:24:19	14.4	0.02	100	144000	买盘
11:24:04	14.38	--	0	0	卖盘
11:24:00	14.38	--	10	14380	卖盘
11:23:55	14.38	-0.01	21	30198	卖盘
11:23:49	14.39	0.01	171	246069	买盘
11:23:45	14.38	--	17	24446	卖盘
11:23:40	14.38	0.01	40	57520	买盘
11:23:34	14.37	--	30	43110	卖盘
11:23:25	14.37	--	54	77598	买盘
11:23:19	14.37	--	0	0	中性盘
11:23:15	14.37	--	9	12933	卖盘
11:23:10	14.37	--	20	28740	卖盘
11:23:04	14.37	--	49	70413	卖盘
11:22:45	14.37	--	20	28740	卖盘
11:22:34	14.37	0.03	1	1437	买盘
11:22:25	14.34	-0.02	100	143400	卖盘
11:22:19	14.36	-0.03	18	25848	卖盘
11:22:15	14.39	0.01	3	4317	买盘
11:22:10	14.38	-0.01	4	5752	卖盘
11:22:04	14.39	--	21	30219	买盘
11:22:00	14.39	--	240	345360	买盘
11:21:55	14.39	0.03	8	11512	买盘
11:21:49	14.36	-0.01	102	146472	卖盘
11:21:45	14.37	-0.03	60	86220	卖盘
11:21:40	14.4	0.04	300	432000	买盘
11:21:34	14.36	-0.01	459	659124	卖盘
11:21:25	14.37	--	14	20118	卖盘
11:21:19	14.37	0.01	56	81851	买盘
11:21:15	14.36	-0.01	1	1436	卖盘
11:21:10	14.37	--	60	86220	买盘
11:21:04	14.37	0.01	79	113523	买盘
11:21:00	14.36	--	6	8616	卖盘
11:20:49	14.36	0.01	86	123496	买盘
11:20:45	14.35	--	60	86100	卖盘
11:20:34	14.35	--	132	189420	卖盘
11:20:25	14.35	--	26	37310	买盘
11:20:19	14.35	0.03	17	24395	买盘
11:20:15	14.32	-0.03	34	48688	卖盘
11:20:10	14.35	-0.03	23	33005	卖盘
11:20:04	14.38	--	33	47511	卖盘
11:20:00	14.38	--	51	73338	卖盘
11:19:55	14.38	--	629	905882	买盘
11:19:45	14.38	--	0	0	买盘
11:19:34	14.38	--	30	43197	卖盘
11:19:30	14.38	--	321	461598	卖盘
11:19:25	14.38	--	252	363756	卖盘
11:19:19	14.38	-0.01	30	43140	卖盘
11:19:04	14.39	-0.01	86	123754	买盘
11:18:58	14.4	0.01	309	444960	买盘
11:18:55	14.39	--	2	2878	卖盘
11:18:49	14.39	-0.01	72	103608	卖盘
11:18:43	14.4	0.01	15	21600	买盘
11:18:39	14.39	-0.01	3	4317	卖盘
11:18:28	14.4	-0.01	50	72057	卖盘
11:18:25	14.41	--	10	14410	卖盘
11:18:19	14.41	--	37	53317	卖盘
11:18:13	14.41	--	30	43230	卖盘
11:18:04	14.41	0.01	8	11528	买盘
11:17:58	14.4	-0.02	57	82080	卖盘
11:17:49	14.42	0.01	198	285516	买盘
11:17:43	14.41	--	664	956824	卖盘
11:17:34	14.41	--	12	17292	卖盘
11:17:24	14.41	--	10	14410	卖盘
11:17:19	14.41	--	113	162833	卖盘
11:17:13	14.41	--	15	21615	卖盘
11:17:09	14.41	0.01	5	7205	买盘
11:17:04	14.4	-0.02	8	11520	卖盘
11:16:58	14.42	0.02	47	67774	买盘
11:16:54	14.4	--	0	0	卖盘
11:16:49	14.4	--	242	349862	买盘
11:16:43	14.4	-0.01	263	378777	卖盘
11:16:39	14.41	--	36	51876	卖盘
11:16:34	14.41	0.01	9	12969	买盘
11:16:28	14.4	--	41	60422	买盘
11:16:24	14.4	--	200	288000	买盘
11:16:19	14.4	--	113	162720	买盘
11:16:13	14.4	--	402	578937	卖盘
11:16:09	14.4	-0.02	11	15840	卖盘
11:16:04	14.42	0.02	273	395050	买盘
11:15:58	14.4	0.02	28	40320	买盘
11:15:54	14.38	-0.02	1	1438	卖盘
11:15:49	14.4	--	434	624960	买盘
11:15:43	14.4	--	25	36000	买盘
11:15:34	14.4	-0.01	41	59040	买盘
11:15:28	14.41	0.01	2263	3260983	买盘
11:15:24	14.4	--	18	25920	卖盘
11:15:19	14.4	--	40	57600	卖盘
11:15:13	14.4	--	19	27360	卖盘
11:15:09	14.4	--	10	14400	卖盘
11:15:04	14.4	0.03	816	1175040	买盘
11:14:58	14.37	0.02	75	107775	买盘
11:14:54	14.35	-0.03	5	7175	卖盘
11:14:49	14.38	0.03	4	5752	买盘
11:14:43	14.35	-0.02	96	137760	卖盘
11:14:34	14.37	--	53	76161	买盘
11:14:28	14.37	--	0	0	买盘
11:14:09	14.37	0.01	2	2874	卖盘
11:13:58	14.36	--	0	0	中性盘
11:13:54	14.36	-0.03	74	106264	卖盘
11:13:39	14.39	--	1	1439	买盘
11:13:28	14.39	-0.01	46	66194	买盘
11:13:13	14.4	0.01	41	59040	买盘
11:13:09	14.39	-0.01	135	194265	卖盘
11:13:04	14.4	0.01	34	48960	买盘
11:12:58	14.39	--	100	143900	卖盘
11:12:52	14.39	--	211	303629	卖盘
11:12:49	14.39	--	3	4317	卖盘
11:12:43	14.39	--	104	149656	卖盘
11:12:37	14.39	0.01	238	342482	买盘
11:12:34	14.38	--	284	408392	买盘
11:12:28	14.38	--	10	14380	买盘
11:12:22	14.38	--	35	50330	买盘
11:12:19	14.38	--	11	15818	买盘
11:12:13	14.38	0.01	47	67586	买盘
11:12:07	14.37	--	8	11496	卖盘
11:12:04	14.37	-0.01	8	11496	卖盘
11:11:58	14.38	0.01	40	57520	买盘
11:11:52	14.37	0.01	48	68976	买盘
11:11:49	14.36	--	8	11488	卖盘
11:11:37	14.36	-0.01	16	22976	中性盘
11:11:33	14.37	0.02	50	71850	买盘
11:11:28	14.35	0.01	32	45920	卖盘
11:11:22	14.34	--	0	0	卖盘
11:11:13	14.34	-0.01	19	27246	卖盘
11:11:07	14.35	--	124	177940	买盘
11:11:03	14.35	0.01	5	7175	买盘
11:10:52	14.34	0.01	10	14340	卖盘
11:10:48	14.33	0.02	143	204919	买盘
11:10:37	14.31	0.01	4	5724	买盘
11:10:33	14.3	--	15	21450	卖盘
11:10:22	14.3	-0.01	15	21450	卖盘
11:10:18	14.31	-0.02	21	30051	中性盘
11:10:13	14.33	0.02	124	177692	买盘
11:10:07	14.31	--	12	17172	卖盘
11:09:58	14.31	-0.01	33	47223	卖盘
11:09:52	14.32	0.01	7	10024	买盘
11:09:43	14.31	-0.01	3	4293	卖盘
11:09:22	14.32	--	9	12888	买盘
11:09:18	14.32	--	12	17184	买盘
11:09:13	14.32	--	0	0	买盘
11:09:07	14.32	0.02	27	38664	买盘
11:09:03	14.3	--	1	1430	卖盘
11:08:58	14.3	--	5	7150	卖盘
11:08:48	14.3	--	10	14300	卖盘
11:08:43	14.3	--	10	14300	卖盘
11:08:37	14.3	--	4	5720	卖盘
11:08:22	14.3	--	219	313170	买盘
11:08:18	14.3	--	12	17160	买盘
11:08:07	14.3	--	30	42900	买盘
11:08:03	14.3	-0.02	436	623480	卖盘
11:07:58	14.32	--	6	8592	卖盘
11:07:52	14.32	--	1	1432	卖盘
11:07:48	14.32	-0.01	10	14320	卖盘
11:07:43	14.33	--	6	8598	买盘
11:07:28	14.33	0.01	10	14330	买盘
11:07:22	14.32	-0.01	7	10024	卖盘
11:07:18	14.33	0.01	21	30093	买盘
11:07:07	14.32	--	5	7160	卖盘
11:07:03	14.32	--	10	14320	卖盘
11:06:58	14.32	--	25	35800	买盘
11:06:52	14.32	--	3	4296	买盘
11:06:48	14.32	--	10	14320	买盘
11:06:43	14.32	-0.01	12	17184	买盘
11:06:37	14.33	--	0	0	买盘
11:06:31	14.33	--	0	0	买盘
11:06:28	14.33	0.03	10	14330	卖盘
11:06:16	14.3	--	10	14300	卖盘
11:06:13	14.3	--	0	0	卖盘
11:06:07	14.3	--	130	185900	买盘
11:05:52	14.3	-0.1	21	30030	卖盘
11:05:46	14.4	0.1	840	1209600	买盘
11:05:31	14.3	--	0	0	中性盘
11:05:22	14.3	0.02	20	28600	中性盘
11:05:16	14.28	-0.02	112	159936	卖盘
11:05:12	14.3	0.01	29	41470	买盘
11:05:07	14.29	-0.01	49	70021	卖盘
11:05:01	14.3	--	7	10010	买盘
11:04:57	14.3	--	12	17160	卖盘
11:04:46	14.3	--	22	31460	卖盘
11:04:37	14.3	--	46	65780	卖盘
11:04:31	14.3	--	75	107250	买盘
11:04:27	14.3	0.01	7	10010	中性盘
11:04:22	14.29	-0.01	875	1251346	卖盘
11:04:12	14.3	--	66	94380	卖盘
11:04:07	14.3	-0.01	149	213070	卖盘
11:04:01	14.31	--	15	21465	买盘
11:03:52	14.31	--	11	15741	卖盘
11:03:37	14.31	-0.01	3	4293	卖盘
11:03:22	14.32	--	30	42960	买盘
11:03:16	14.32	--	69	98808	卖盘
11:03:12	14.32	--	18	25776	卖盘
11:03:07	14.32	--	1	1432	卖盘
11:03:01	14.32	-0.02	10	14320	卖盘
11:02:52	14.34	0.02	9	12906	买盘
11:02:46	14.32	-0.03	22	31504	卖盘
11:02:22	14.35	--	0	0	买盘
11:02:07	14.35	0.03	3	4305	买盘
11:02:01	14.32	-0.03	4	5728	卖盘
11:01:52	14.35	-0.01	10	14809	卖盘
11:01:46	14.36	0.01	36	51696	买盘
11:01:42	14.35	--	80	114800	卖盘
11:01:31	14.35	--	96	138735	买盘
11:01:07	14.35	--	19	27265	买盘
11:01:01	14.35	--	169	242974	卖盘
11:00:52	14.35	--	33	47355	卖盘
11:00:46	14.35	--	8	11480	卖盘
11:00:41	14.35	--	20	28700	卖盘
11:00:37	14.35	--	5	7175	卖盘
11:00:31	14.35	-0.02	8	11480	卖盘
11:00:27	14.37	--	20	28740	买盘
11:00:16	14.37	--	53	76161	卖盘
11:00:10	14.37	--	104	149448	卖盘
11:00:07	14.37	--	50	71850	买盘
11:00:01	14.37	-0.01	2	2874	卖盘
10:59:55	14.38	0.01	8	11504	买盘
10:59:46	14.37	--	3	4311	卖盘
10:59:40	14.37	-0.01	10	14370	卖盘
10:59:31	14.38	--	82	117916	买盘
10:59:25	14.38	-0.02	44	63272	卖盘
10:59:16	14.4	0.02	149	214560	买盘
10:59:10	14.38	-0.02	107	153866	卖盘
10:59:07	14.4	0.01	52	74880	买盘
10:59:01	14.39	--	126	181314	买盘
10:58:55	14.39	--	25	35975	卖盘
10:58:51	14.39	--	67	96413	卖盘
10:58:46	14.39	-0.01	122	175558	买盘
10:58:40	14.4	0.02	85	122400	买盘
10:58:36	14.38	-0.01	20	28760	卖盘
10:58:31	14.39	--	110	158290	买盘
10:58:25	14.39	0.01	137	197143	买盘
10:58:21	14.38	--	30	43140	卖盘
10:58:16	14.38	--	144	207072	买盘
10:58:10	14.38	0.01	160	230080	买盘
10:58:06	14.37	--	34	48858	买盘
10:58:01	14.37	0.02	50	71850	买盘
10:57:51	14.35	--	5	7175	卖盘
10:57:46	14.35	0.02	693	995430	买盘
10:57:40	14.33	-0.01	60	85980	中性盘
10:57:36	14.34	0.03	118	169212	买盘
10:57:31	14.31	--	166	237546	卖盘
10:57:25	14.31	--	7	10017	卖盘
10:57:10	14.31	0.02	982	1405242	买盘
10:57:01	14.29	0.01	204	291516	买盘
10:56:55	14.28	0.01	86	122808	买盘
10:56:40	14.27	-0.01	15	21405	卖盘
10:56:31	14.28	--	8	11424	买盘
10:56:25	14.28	--	35	49980	买盘
10:56:16	14.28	--	2	2856	买盘
10:56:10	14.28	--	16	22848	买盘
10:56:06	14.28	0.01	37	52836	买盘
10:56:01	14.27	--	1	1427	卖盘
10:55:51	14.27	--	21	29967	卖盘
10:55:46	14.27	0.01	133	189791	买盘
10:55:40	14.26	0.01	20	28520	中性盘
10:55:25	14.25	-0.01	29	41325	卖盘
10:55:21	14.26	0.01	11	15686	买盘
10:55:10	14.25	-0.01	81	115425	卖盘
10:54:51	14.26	0.01	14	19964	买盘
10:54:36	14.25	--	100	142500	卖盘
10:54:25	14.25	--	20	28500	卖盘
10:54:21	14.25	--	15	21375	卖盘
10:54:04	14.25	-0.01	10	14250	卖盘
10:54:01	14.26	--	3	4278	买盘
10:53:55	14.26	--	20	28520	买盘
10:53:25	14.26	0.01	9	12834	买盘
10:53:10	14.25	--	6	8550	买盘
10:53:00	14.25	-0.01	4	5700	卖盘
10:52:55	14.26	--	7	9982	买盘
10:52:40	14.26	0.02	45	64170	买盘
10:52:34	14.24	-0.01	25	35600	卖盘
10:52:30	14.25	--	6	8550	买盘
10:52:15	14.25	--	11	15675	买盘
10:52:10	14.25	-0.01	33	47025	卖盘
10:52:04	14.26	--	111	158286	买盘
10:51:40	14.26	--	10	14260	买盘
10:51:15	14.26	--	27	38502	卖盘
10:51:04	14.26	--	20	28520	卖盘
10:50:49	14.26	-0.01	144	205344	卖盘
10:50:40	14.27	--	10	14270	卖盘
10:50:34	14.27	--	4	5708	买盘
10:50:25	14.27	--	6	8562	卖盘
10:50:10	14.27	--	3	4281	卖盘
10:50:04	14.27	--	1	1427	买盘
10:49:55	14.27	--	3	4281	买盘
10:49:25	14.27	--	10	14270	买盘
10:49:19	14.27	0.01	2	2854	买盘
10:49:15	14.26	--	12	17112	卖盘
10:49:10	14.26	--	95	135470	卖盘
10:49:04	14.26	--	106	151156	买盘
10:48:49	14.26	0.01	23	32798	买盘
10:48:30	14.25	--	10	14250	卖盘
10:48:15	14.25	--	5	7125	卖盘
10:47:58	14.25	--	18	25650	卖盘
10:47:55	14.25	0.01	46	65550	买盘
10:47:43	14.24	--	5	7120	卖盘
10:47:34	14.24	--	2	2848	卖盘
10:47:13	14.24	0.01	384	546816	买盘
10:46:58	14.23	--	105	149415	卖盘
10:46:49	14.23	--	5	7115	卖盘
10:46:34	14.23	0.01	2	2846	买盘
10:46:28	14.22	-0.01	100	142200	卖盘
10:46:19	14.23	0.01	100	142300	买盘
10:46:09	14.22	-0.01	50	71100	卖盘
10:45:58	14.23	-0.01	17	24191	卖盘
10:45:54	14.24	0.01	58	82592	买盘
10:45:43	14.23	--	24	34152	卖盘
10:45:39	14.23	--	8	11384	卖盘
10:45:34	14.23	-0.01	5	7115	卖盘
10:45:28	14.24	--	30	42720	买盘
10:45:24	14.24	-0.01	15	21360	卖盘
10:45:19	14.25	0.01	11	15675	买盘
10:45:13	14.24	--	10	14240	卖盘
10:45:09	14.24	-0.01	6	8544	卖盘
10:45:04	14.25	--	15	21375	买盘
10:44:49	14.25	--	5	7125	买盘
10:44:34	14.25	--	23	32775	买盘
10:44:24	14.25	--	224	319200	卖盘
10:44:19	14.25	--	33	47025	卖盘
10:44:13	14.25	--	48	68400	买盘
10:44:04	14.25	--	6	8550	买盘
10:43:58	14.25	--	8	11400	买盘
10:43:54	14.25	--	10	14250	买盘
10:43:43	14.25	--	26	37050	卖盘
10:43:19	14.25	-0.01	14	19950	卖盘
10:43:09	14.26	0.01	100	142600	买盘
10:42:58	14.25	--	14	19950	卖盘
10:42:54	14.25	--	12	17100	卖盘
10:42:49	14.25	--	50	71250	卖盘
10:42:43	14.25	--	47	66975	卖盘
10:42:39	14.25	--	65	92625	卖盘
10:42:28	14.25	--	14	19950	卖盘
10:42:24	14.25	--	1	1425	卖盘
10:42:19	14.25	--	30	42750	卖盘
10:42:13	14.25	-0.01	20	28500	卖盘
10:41:58	14.26	0.01	77	109802	买盘
10:41:54	14.25	--	19	27075	卖盘
10:41:49	14.25	-0.01	5	7125	卖盘
10:41:39	14.26	--	40	57040	买盘
10:41:22	14.26	--	12	17112	卖盘
10:41:19	14.26	--	1	1426	卖盘
10:41:13	14.26	-0.01	1	1426	卖盘
10:41:07	14.27	--	29	41383	买盘
10:40:58	14.27	--	8	11416	买盘
10:40:52	14.27	--	100	142700	卖盘
10:40:37	14.27	--	27	38529	买盘
10:40:28	14.27	--	2	2854	买盘
10:40:22	14.27	-0.03	12	17124	卖盘
10:40:19	14.3	0.03	100	143000	买盘
10:40:07	14.27	--	6	8562	卖盘
10:39:52	14.27	-0.03	9	12843	买盘
10:39:37	14.3	0.02	300	429000	买盘
10:39:33	14.28	0.01	6	8568	买盘
10:39:28	14.27	--	0	0	买盘
10:39:22	14.27	0.01	10	14270	买盘
10:39:18	14.26	-0.01	6	8556	卖盘
10:39:13	14.27	0.01	17	24259	买盘
10:39:07	14.26	0.01	28	39928	买盘
10:38:52	14.25	--	76	108300	买盘
10:38:43	14.25	--	1	1425	买盘
10:38:33	14.25	--	11	15675	买盘
10:38:28	14.25	0.01	20	28500	买盘
10:38:13	14.24	-0.01	3	4272	卖盘
10:37:52	14.25	0.01	19	27075	买盘
10:37:43	14.24	-0.01	20	28480	卖盘
10:37:28	14.25	--	5	7125	买盘
10:37:13	14.25	--	16	22800	买盘
10:36:58	14.25	0.01	20	28500	买盘
10:36:52	14.24	--	3	4272	卖盘
10:36:48	14.24	--	35	49840	卖盘
10:36:43	14.24	-0.01	7	9968	卖盘
10:36:37	14.25	0.01	10	14250	买盘
10:36:33	14.24	-0.01	7	9968	卖盘
10:36:28	14.25	--	3	4275	买盘
10:36:22	14.25	--	5	7125	买盘
10:36:18	14.25	--	5	7125	买盘
10:36:07	14.25	-0.01	61	86925	卖盘
10:36:03	14.26	0.01	56	79856	买盘
10:35:52	14.25	--	31	44175	卖盘
10:35:48	14.25	0.02	286	407550	买盘
10:35:42	14.23	0.01	20	28460	卖盘
10:35:37	14.22	--	10	14220	卖盘
10:35:28	14.22	--	30	42660	卖盘
10:35:22	14.22	--	49	69678	买盘
10:35:18	14.22	0.01	4	5688	中性盘
10:35:13	14.21	-0.01	2	2842	卖盘
10:35:01	14.22	--	202	287244	买盘
10:34:52	14.22	--	56	79632	买盘
10:34:37	14.22	-0.03	394	560268	卖盘
10:34:31	14.25	--	10	14250	卖盘
10:34:28	14.25	--	30	42750	卖盘
10:34:22	14.25	-0.01	5	7125	卖盘
10:34:16	14.26	0.01	8	11408	买盘
10:34:07	14.25	-0.01	62	88350	卖盘
10:34:01	14.26	0.01	69	98394	买盘
10:33:52	14.25	--	143	203775	卖盘
10:33:46	14.25	-0.02	30	42750	卖盘
10:33:37	14.27	0.02	20	28540	买盘
10:33:31	14.25	--	19	27075	卖盘
10:33:22	14.25	--	5	7125	卖盘
10:33:16	14.25	--	20	28500	卖盘
10:33:12	14.25	--	2	2850	卖盘
10:33:07	14.25	--	29	41325	卖盘
10:33:01	14.25	--	23	32775	卖盘
10:32:46	14.25	--	33	47025	买盘
10:32:37	14.25	--	399	568575	买盘
10:32:31	14.25	0.01	150	213750	买盘
10:32:22	14.24	-0.01	5	7120	卖盘
10:32:16	14.25	-0.02	372	530100	卖盘
10:32:12	14.27	--	6	8562	卖盘
10:32:07	14.27	-0.01	4	5708	卖盘
10:32:01	14.28	--	3	4284	卖盘
10:31:52	14.28	-0.02	133	190038	卖盘
10:31:46	14.3	-0.01	52	74360	卖盘
10:31:37	14.31	-0.01	99	141669	中性盘
10:31:31	14.32	--	652	933664	买盘
10:31:27	14.32	0.02	40	57280	买盘
10:31:22	14.3	-0.01	20	28600	卖盘
10:31:16	14.31	0.01	29	41499	买盘
10:31:12	14.3	-0.01	199	284570	卖盘
10:31:07	14.31	-0.01	20	28620	中性盘
10:31:01	14.32	0.01	63	90216	买盘
10:30:57	14.31	-0.01	12	17172	卖盘
10:30:52	14.32	0.01	34	48688	买盘
10:30:46	14.31	--	25	35775	卖盘
10:30:37	14.31	--	84	120204	买盘
10:30:31	14.31	--	30	42930	买盘
10:30:27	14.31	0.01	58	82998	买盘
10:30:22	14.3	--	58	82940	卖盘
10:30:16	14.3	0.01	184	264435	买盘
10:30:07	14.29	--	506	723074	卖盘
10:30:01	14.29	--	68	97172	卖盘
10:29:57	14.29	--	60	85740	卖盘
10:29:46	14.29	-0.01	8	11432	卖盘
10:29:42	14.3	0.01	52	74360	买盘
10:29:37	14.29	-0.01	8	11432	卖盘
10:29:27	14.3	0.01	300	429000	买盘
10:29:16	14.29	--	0	0	买盘
10:29:12	14.29	0.03	4	5716	买盘
10:29:07	14.26	-0.03	8	11408	卖盘
10:29:01	14.29	0.04	164	234356	买盘
10:28:57	14.25	-0.05	8	11400	卖盘
10:28:52	14.3	--	12	17160	买盘
10:28:46	14.3	--	15	21450	买盘
10:28:40	14.3	--	1	1430	买盘
10:28:37	14.3	--	17	24310	买盘
10:28:16	14.3	0.05	1000	1430000	买盘
10:28:10	14.25	--	20	28500	卖盘
10:28:01	14.25	-0.01	4	5700	卖盘
10:27:55	14.26	0.01	10	14260	买盘
10:27:40	14.25	--	50	71250	买盘
10:27:31	14.25	--	1	1425	买盘
10:27:16	14.25	0.03	15	21375	买盘
10:27:06	14.22	--	10	14220	卖盘
10:27:01	14.22	-0.03	5	7110	卖盘
10:26:55	14.25	-0.01	2	2850	中性盘
10:26:51	14.26	0.05	10	14260	买盘
10:26:46	14.21	-0.05	30	42630	卖盘
10:26:40	14.26	0.05	1	1426	买盘
10:26:36	14.21	--	0	0	卖盘
10:26:21	14.21	-0.06	100	142100	卖盘
10:26:16	14.27	-0.01	7	9989	买盘
10:26:10	14.28	--	106	151368	买盘
10:26:06	14.28	--	40	57120	买盘
10:26:01	14.28	0.01	15	21420	买盘
10:25:55	14.27	--	46	65927	卖盘
10:25:51	14.27	--	6	8562	卖盘
10:25:40	14.27	--	5	7135	卖盘
10:25:36	14.27	0.03	646	922983	买盘
10:25:25	14.24	0.01	2	2848	买盘
10:25:21	14.23	-0.01	10	14230	买盘
10:25:16	14.24	--	0	0	买盘
10:25:01	14.24	--	0	0	买盘
10:24:55	14.24	0.04	510	726240	买盘
10:24:51	14.2	-0.04	396	562320	卖盘
10:24:36	14.24	--	6	8544	买盘
10:24:25	14.24	0.02	8	11392	买盘
10:24:21	14.22	-0.01	10	14220	卖盘
10:24:16	14.23	-0.02	2	2846	卖盘
10:24:01	14.25	--	0	0	买盘
10:23:51	14.25	--	20	28500	买盘
10:23:36	14.25	-0.01	10	14250	买盘
10:23:25	14.26	--	0	0	买盘
10:23:21	14.26	0.04	15	21390	买盘
10:23:16	14.22	-0.03	4	5688	卖盘
10:23:10	14.25	-0.01	8	12611	卖盘
10:23:06	14.26	0.02	52	74365	买盘
10:22:55	14.24	-0.01	5	7120	买盘
10:22:51	14.25	0.02	500	712500	买盘
10:22:40	14.23	-0.01	86	122378	卖盘
10:22:34	14.24	0.01	20	28480	中性盘
10:22:19	14.23	0.01	5	7115	卖盘
10:22:10	14.22	--	4	5688	卖盘
10:22:04	14.22	--	640	911359	卖盘
10:21:55	14.22	--	66	93852	买盘
10:21:49	14.22	0.01	25	35550	买盘
10:21:45	14.21	-0.01	10	14210	卖盘
10:21:40	14.22	0.01	19	27018	买盘
10:21:34	14.21	-0.01	32	45472	卖盘
10:21:25	14.22	--	20	28440	买盘
10:21:19	14.22	--	10	14220	买盘
10:21:10	14.22	0.01	4	5688	买盘
10:20:55	14.21	--	2	2842	买盘
10:20:49	14.21	0.01	30	42630	买盘
10:20:34	14.2	0.01	52	73840	买盘
10:20:25	14.19	0.01	7	9933	买盘
10:20:10	14.18	--	68	96424	买盘
10:20:04	14.18	--	10	14180	买盘
10:20:00	14.18	--	1	1418	买盘
10:19:55	14.18	--	20	28360	买盘
10:19:49	14.18	--	157	222626	卖盘
10:19:34	14.18	--	21	29778	卖盘
10:19:15	14.18	--	2	2836	卖盘
10:19:10	14.18	--	5	7090	卖盘
10:19:04	14.18	--	29	41122	买盘
10:18:40	14.18	--	8	11344	卖盘
10:18:34	14.18	0.01	11	15598	买盘
10:18:30	14.17	-0.01	5	7085	卖盘
10:18:19	14.18	--	0	0	买盘
10:18:10	14.18	--	10	14180	买盘
10:18:04	14.18	--	2	2836	买盘
10:18:00	14.18	--	10	14180	买盘
10:17:49	14.18	--	13	18434	卖盘
10:17:19	14.18	--	7	9926	卖盘
10:17:15	14.18	-0.01	3	4254	卖盘
10:17:10	14.19	0.01	10	14190	买盘
10:17:00	14.18	--	22	31196	卖盘
10:16:49	14.18	--	20	28360	卖盘
10:16:45	14.18	-0.01	95	134710	卖盘
10:16:30	14.19	--	0	0	买盘
10:16:25	14.19	0.04	122	173118	买盘
10:16:19	14.15	--	20	28300	买盘
10:16:13	14.15	-0.03	432	611280	卖盘
10:16:10	14.18	--	16	22688	卖盘
10:15:58	14.18	--	5	7090	卖盘
10:15:55	14.18	--	53	75154	买盘
10:15:49	14.18	0.01	5	7090	买盘
10:15:43	14.17	--	4	5668	卖盘
10:15:39	14.17	-0.01	9	12753	卖盘
10:15:34	14.18	--	9	12762	买盘
10:15:24	14.18	-0.01	30	42540	卖盘
10:15:13	14.19	0.01	5	7095	买盘
10:15:09	14.18	-0.01	6	8508	卖盘
10:15:04	14.19	--	94	133386	卖盘
10:14:58	14.19	--	0	0	卖盘
10:14:54	14.19	-0.02	16	22704	卖盘
10:14:49	14.21	0.01	19	26999	卖盘
10:14:43	14.2	--	0	0	卖盘
10:14:34	14.2	--	0	0	卖盘
10:14:28	14.2	0.01	4	5680	卖盘
10:14:24	14.19	--	0	0	卖盘
10:14:19	14.19	-0.04	25	35475	卖盘
10:14:13	14.23	0.04	14	19922	买盘
10:14:04	14.19	-0.05	5	7095	中性盘
10:13:49	14.24	--	0	0	买盘
10:13:43	14.24	0.01	207	294768	买盘
10:13:39	14.23	0.03	65	92495	买盘
10:13:34	14.2	-0.03	724	1028080	卖盘
10:13:28	14.23	-0.01	167	237641	卖盘
10:13:09	14.24	--	53	75472	卖盘
10:13:04	14.24	--	26	37024	卖盘
10:12:58	14.24	--	133	189392	卖盘
10:12:54	14.24	--	43	61232	卖盘
10:12:49	14.24	--	68	96832	卖盘
10:12:43	14.24	-0.01	80	113920	卖盘
10:12:39	14.25	--	15	21375	买盘
10:12:34	14.25	--	1	1425	买盘
10:12:24	14.25	--	5	7125	买盘
10:12:19	14.25	--	38	54150	买盘
10:12:09	14.25	--	50	71250	买盘
10:12:04	14.25	--	17	24225	买盘
10:11:58	14.25	--	20	28500	买盘
10:11:49	14.25	--	50	71250	买盘
10:11:43	14.25	--	82	116850	买盘
10:11:34	14.25	--	50	71250	买盘
10:11:28	14.25	--	24	34200	买盘
10:11:19	14.25	0.01	260	370500	买盘
10:11:13	14.24	--	92	131008	卖盘
10:10:58	14.24	-0.01	36	51264	卖盘
10:10:54	14.25	0.01	12	17100	买盘
10:10:48	14.24	--	5	7120	卖盘
10:10:43	14.24	--	55	78320	买盘
10:10:39	14.24	--	66	93984	买盘
10:10:28	14.24	--	10	14240	买盘
10:10:24	14.24	--	67	95408	卖盘
10:10:13	14.24	--	7	9968	卖盘
10:10:09	14.24	--	30	42720	卖盘
10:10:04	14.24	0.01	141	200784	买盘
10:09:58	14.23	--	57	81111	卖盘
10:09:49	14.23	--	20	28460	卖盘
10:09:37	14.23	-0.01	2	2846	卖盘
10:09:34	14.24	-0.01	20	28480	买盘
10:09:28	14.25	0.01	17	24225	买盘
10:09:22	14.24	--	35	49840	卖盘
10:09:18	14.24	--	7	9968	卖盘
10:09:07	14.24	--	11	15664	卖盘
10:08:58	14.24	0.01	25	35600	买盘
10:08:43	14.23	-0.02	10	14230	中性盘
10:08:37	14.25	0.03	154	219450	买盘
10:08:28	14.22	--	1	1422	卖盘
10:08:18	14.22	--	4	5688	买盘
10:08:13	14.22	--	78	110916	买盘
10:08:07	14.22	--	84	119448	买盘
10:07:58	14.22	--	18	25596	买盘
10:07:52	14.22	-0.01	28	39816	买盘
10:07:48	14.23	--	0	0	买盘
10:07:43	14.23	0.03	25	35575	买盘
10:07:37	14.2	-0.02	217	308140	卖盘
10:07:28	14.22	--	33	46926	卖盘
10:07:13	14.22	--	9	12798	买盘
10:07:07	14.22	--	26	36972	卖盘
10:07:03	14.22	-0.04	66	93852	卖盘
10:06:58	14.26	0.03	81	115506	买盘
10:06:52	14.23	-0.02	5	7115	中性盘
10:06:43	14.25	0.02	94	133950	买盘
10:06:37	14.23	--	6	8538	买盘
10:06:33	14.23	-0.02	3	4269	中性盘
10:06:28	14.25	--	130	185250	买盘
10:06:22	14.25	--	9	12825	买盘
10:06:18	14.25	-0.01	54	76950	卖盘
10:06:13	14.26	0.01	137	195362	买盘
10:06:07	14.25	--	8	11400	卖盘
10:05:58	14.25	-0.01	74	105450	卖盘
10:05:52	14.26	0.01	205	292330	买盘
10:05:48	14.25	--	35	49875	卖盘
10:05:43	14.25	-0.01	27	38475	卖盘
10:05:37	14.26	-0.01	30	42780	中性盘
10:05:33	14.27	0.02	77	109879	买盘
10:05:28	14.25	--	146	208050	卖盘
10:05:22	14.25	-0.01	116	165300	卖盘
10:05:18	14.26	--	111	158286	卖盘
10:05:13	14.26	0.01	82	116932	买盘
10:05:07	14.25	--	51	72675	卖盘
10:05:03	14.25	--	10	14250	卖盘
10:04:58	14.25	0.02	256	364800	买盘
10:04:52	14.23	0.01	96	136608	卖盘
10:04:43	14.22	-0.01	122	173484	卖盘
10:04:37	14.23	--	54	76842	买盘
10:04:28	14.23	0.01	5	7115	买盘
10:04:22	14.22	0.01	129	183438	买盘
10:04:18	14.21	--	36	51156	买盘
10:04:07	14.21	0.01	5	7105	买盘
10:04:03	14.2	--	10	14200	卖盘
10:03:57	14.2	--	0	0	卖盘
10:03:52	14.2	0.01	29	41180	买盘
10:03:48	14.19	-0.01	129	183051	卖盘
10:03:43	14.2	0.01	14	19880	买盘
10:03:37	14.19	--	10	14190	卖盘
10:03:31	14.19	-0.01	178	252582	卖盘
10:03:16	14.2	--	0	0	买盘
10:03:07	14.2	0.02	45	63900	买盘
10:03:01	14.18	-0.02	15	21270	卖盘
10:02:58	14.2	0.02	30	42600	买盘
10:02:52	14.18	--	44	62392	卖盘
10:02:46	14.18	--	12	17016	买盘
10:02:37	14.18	--	0	0	买盘
10:02:31	14.18	0.01	27	38286	买盘
10:02:27	14.17	--	49	69433	买盘
10:02:22	14.17	-0.01	28	39676	中性盘
10:02:16	14.18	0.04	51	72318	买盘
10:02:12	14.14	-0.04	100	141400	卖盘
10:02:07	14.18	--	86	121948	买盘
10:02:01	14.18	--	252	357336	买盘
10:01:52	14.18	--	52	74274	买盘
10:01:46	14.18	--	0	0	买盘
10:01:42	14.18	0.01	40	56720	买盘
10:01:31	14.17	0.01	70	99190	买盘
10:01:27	14.16	0.01	20	28320	买盘
10:01:22	14.15	-0.03	39	55185	卖盘
10:01:16	14.18	--	65	92170	买盘
10:01:07	14.18	0.01	53	75154	买盘
10:01:01	14.17	-0.05	114	161538	卖盘
10:00:57	14.22	--	0	0	买盘
10:00:52	14.22	--	0	0	买盘
10:00:46	14.22	0.02	107	152154	买盘
10:00:42	14.2	--	58	83240	卖盘
10:00:37	14.2	--	157	222940	卖盘
10:00:31	14.2	--	24	34080	卖盘
10:00:27	14.2	--	5	7100	卖盘
10:00:22	14.2	0.03	367	521679	买盘
10:00:16	14.17	--	22	31174	卖盘
10:00:07	14.17	0.01	25	35425	买盘
10:00:01	14.16	0.01	31	43896	卖盘
09:59:46	14.15	-0.02	229	324035	卖盘
09:59:37	14.17	--	141	199797	买盘
09:59:27	14.17	0.01	8	11336	买盘
09:59:22	14.16	--	0	0	卖盘
09:59:16	14.16	-0.02	44	62304	卖盘
09:59:01	14.18	--	33	46794	买盘
09:58:52	14.18	--	0	0	买盘
09:58:46	14.18	0.03	236	334648	买盘
09:58:42	14.15	-0.01	20	28300	卖盘
09:58:31	14.16	0.01	12	16992	买盘
09:58:27	14.15	-0.02	20	28300	卖盘
09:58:22	14.17	0.01	115	162955	买盘
09:58:16	14.16	0.01	1	1416	买盘
09:58:12	14.15	-0.01	10	14150	卖盘
09:58:07	14.16	--	23	32568	卖盘
09:58:01	14.16	-0.01	84	118944	卖盘
09:57:57	14.17	--	34	49580	卖盘
09:57:51	14.17	--	1	1417	卖盘
09:57:46	14.17	--	179	253643	卖盘
09:57:42	14.17	--	90	127544	买盘
09:57:31	14.17	--	54	76518	买盘
09:57:27	14.17	--	17	24089	卖盘
09:57:22	14.17	--	8	11336	卖盘
09:57:12	14.17	--	5	7085	买盘
09:57:01	14.17	0.01	8	11336	买盘
09:56:55	14.16	--	19	26904	卖盘
09:56:51	14.16	0.01	64	90624	买盘
09:56:46	14.15	--	5	7075	卖盘
09:56:40	14.15	--	30	42450	卖盘
09:56:31	14.15	0.02	135	191025	买盘
09:56:25	14.13	--	0	0	卖盘
09:56:16	14.13	--	8	12462	买盘
09:56:01	14.13	0.01	50	70650	买盘
09:55:55	14.12	0.01	7	9884	买盘
09:55:46	14.11	-0.01	34	47974	卖盘
09:55:40	14.12	--	83	117196	买盘
09:55:36	14.12	--	48	67776	买盘
09:55:31	14.12	0.01	10	14120	买盘
09:55:21	14.11	0.01	61	86071	买盘
09:55:16	14.1	-0.01	97	136770	卖盘
09:55:10	14.11	0.01	55	77605	买盘
09:55:06	14.1	-0.01	173	243930	卖盘
09:55:01	14.11	0.01	5	7055	买盘
09:54:55	14.1	-0.01	45	63450	卖盘
09:54:51	14.11	0.01	85	119935	买盘
09:54:46	14.1	--	56	78960	卖盘
09:54:40	14.1	-0.01	30	42300	卖盘
09:54:36	14.11	0.01	10	14110	买盘
09:54:31	14.1	--	94	132540	买盘
09:54:25	14.1	--	47	66270	买盘
09:54:16	14.1	--	100	141000	买盘
09:54:10	14.1	--	38	53580	买盘
09:54:06	14.1	0.01	30	42300	买盘
09:53:55	14.09	-0.01	12	16908	卖盘
09:53:51	14.1	--	8	11280	买盘
09:53:46	14.1	--	5	7050	买盘
09:53:36	14.1	--	1	1410	买盘
09:53:25	14.1	--	39	54990	买盘
09:53:21	14.1	--	128	180480	买盘
09:53:16	14.1	0.01	128	180480	买盘
09:53:10	14.09	--	5	7045	卖盘
09:53:06	14.09	0.01	173	243757	买盘
09:53:01	14.08	0.01	11	15488	买盘
09:52:55	14.07	-0.01	42	59094	卖盘
09:52:51	14.08	--	2	2816	买盘
09:52:46	14.08	--	110	154880	卖盘
09:52:40	14.08	-0.01	7	9856	卖盘
09:52:31	14.09	--	13	18317	买盘
09:52:21	14.09	0.01	69	97221	买盘
09:52:16	14.08	0.01	83	116864	买盘
09:52:10	14.07	-0.01	50	70350	卖盘
09:52:01	14.08	--	23	32384	买盘
09:51:55	14.08	--	70	98560	买盘
09:51:51	14.08	--	0	0	买盘
09:51:46	14.08	--	85	119680	买盘
09:51:40	14.08	0.01	10	14080	买盘
09:51:31	14.07	0.01	31	43617	买盘
09:51:25	14.06	-0.01	1	1406	卖盘
09:51:21	14.07	0.01	11	15477	买盘
09:51:10	14.06	--	306	430236	买盘
09:51:06	14.06	--	108	151848	买盘
09:51:00	14.06	--	16	22496	买盘
09:50:55	14.06	0.01	103	144818	买盘
09:50:51	14.05	--	3	4215	卖盘
09:50:40	14.05	-0.01	60	84300	卖盘
09:50:36	14.06	0.02	5	7030	买盘
09:50:30	14.04	0.01	4	5616	卖盘
09:50:25	14.03	--	91	127673	卖盘
09:50:21	14.03	0.01	21	29463	卖盘
09:50:10	14.02	-0.03	21	29442	卖盘
09:50:01	14.05	0.03	46	64630	买盘
09:49:55	14.02	--	9	12618	卖盘
09:49:49	14.02	-0.03	8	11216	卖盘
09:49:46	14.05	0.03	25	35125	买盘
09:49:40	14.02	--	25	35050	买盘
09:49:34	14.02	-0.04	262	367324	卖盘
09:49:25	14.06	0.01	35	49210	中性盘
09:49:19	14.05	-0.01	81	113805	卖盘
09:49:15	14.06	--	7	9842	买盘
09:49:10	14.06	--	50	70300	买盘
09:49:04	14.06	-0.01	15	21090	卖盘
09:49:00	14.07	0.01	52	73164	买盘
09:48:55	14.06	-0.01	28	39368	卖盘
09:48:49	14.07	--	20	28140	买盘
09:48:40	14.07	-0.03	453	637371	卖盘
09:48:34	14.1	0.01	36	50760	买盘
09:48:30	14.09	--	15	21135	卖盘
09:48:25	14.09	--	101	142309	卖盘
09:48:19	14.09	--	99	139491	卖盘
09:48:10	14.09	-0.01	100	140900	卖盘
09:48:04	14.1	0.01	41	57810	买盘
09:47:55	14.09	-0.01	10	14090	卖盘
09:47:49	14.1	0.01	57	80370	买盘
09:47:40	14.09	--	5	7045	卖盘
09:47:34	14.09	0.01	170	239530	买盘
09:47:30	14.08	--	25	35200	卖盘
09:47:25	14.08	--	17	23936	卖盘
09:47:19	14.08	--	30	42240	卖盘
09:47:10	14.08	--	0	0	卖盘
09:47:04	14.08	--	102	143616	卖盘
09:47:00	14.08	-0.01	82	115456	卖盘
09:46:55	14.09	0.01	17	23953	买盘
09:46:49	14.08	-0.01	30	42240	卖盘
09:46:40	14.09	--	5	7045	买盘
09:46:34	14.09	--	68	95812	卖盘
09:46:30	14.09	--	81	114129	卖盘
09:46:19	14.09	--	4	5636	卖盘
09:46:10	14.09	0.01	17	23953	卖盘
09:46:04	14.08	--	0	0	卖盘
09:46:00	14.08	--	3	4224	卖盘
09:45:55	14.08	-0.01	124	174592	卖盘
09:45:49	14.09	--	23	32407	买盘
09:45:40	14.09	--	24	33816	买盘
09:45:34	14.09	0.01	30	42270	买盘
09:45:30	14.08	-0.02	96	135168	卖盘
09:45:25	14.1	0.01	30	42300	买盘
09:45:19	14.09	--	10	14090	买盘
09:45:10	14.09	--	55	77495	卖盘
09:45:04	14.09	--	136	191624	卖盘
09:45:00	14.09	--	60	84540	卖盘
09:44:55	14.09	--	35	49315	卖盘
09:44:49	14.09	-0.01	15	21135	卖盘
09:44:40	14.1	--	292	411720	买盘
09:44:34	14.1	-0.01	99	139590	卖盘
09:44:30	14.11	--	11	15521	买盘
09:44:24	14.11	0.01	10	14110	买盘
09:44:19	14.1	--	78	109980	卖盘
09:44:15	14.1	-0.01	1	1410	卖盘
09:44:09	14.11	0.01	10	14110	买盘
09:44:04	14.1	--	120	169200	卖盘
09:44:00	14.1	--	6	8460	卖盘
09:43:49	14.1	0.01	44	62040	买盘
09:43:45	14.09	-0.01	35	49315	卖盘
09:43:39	14.1	0.01	10	14100	买盘
09:43:28	14.09	--	30	42270	卖盘
09:43:24	14.09	-0.01	99	139491	卖盘
09:43:19	14.1	--	10	14100	买盘
09:43:13	14.1	0.01	12	16920	买盘
09:43:09	14.09	--	10	14090	卖盘
09:42:58	14.09	--	3	4227	卖盘
09:42:49	14.09	-0.01	3	4227	中性盘
09:42:43	14.1	0.01	39	54990	买盘
09:42:39	14.09	-0.01	6	8454	卖盘
09:42:34	14.1	--	61	86010	买盘
09:42:28	14.1	0.01	123	173430	买盘
09:42:24	14.09	--	0	0	中性盘
09:42:19	14.09	--	34	47906	买盘
09:42:13	14.09	--	104	146536	卖盘
09:42:09	14.09	--	11	15499	卖盘
09:42:04	14.09	-0.03	194	273346	卖盘
09:41:58	14.12	0.12	75	105900	买盘
09:41:49	14.0	--	0	0	卖盘
09:41:43	14.0	-0.12	1142	1598800	卖盘
09:41:34	14.12	0.05	74	104488	买盘
09:41:28	14.07	-0.02	600	844200	卖盘
09:41:24	14.09	--	0	0	卖盘
09:41:13	14.09	--	48	67632	卖盘
09:41:09	14.09	0.01	16	22544	买盘
09:41:04	14.08	--	151	212608	卖盘
09:40:58	14.08	-0.01	58	81664	卖盘
09:40:54	14.09	-0.01	2	2818	中性盘
09:40:49	14.1	0.02	220	310200	买盘
09:40:43	14.08	-0.02	33	46464	卖盘
09:40:34	14.1	--	97	136770	买盘
09:40:28	14.1	-0.03	424	599207	卖盘
09:40:24	14.13	--	74	104562	买盘
09:40:19	14.13	--	30	42390	买盘
09:40:04	14.13	0.01	105	148365	买盘
09:39:58	14.12	--	211	297932	卖盘
09:39:54	14.12	-0.01	3	4236	卖盘
09:39:49	14.13	--	15	21195	买盘
09:39:43	14.13	0.01	20	28260	买盘
09:39:34	14.12	0.01	21	29694	买盘
09:39:28	14.11	--	11	15521	卖盘
09:39:24	14.11	-0.01	40	56440	卖盘
09:39:19	14.12	--	84	118608	买盘
09:39:13	14.12	0.01	96	135552	买盘
09:39:09	14.11	-0.01	22	31042	卖盘
09:39:04	14.12	--	35	49420	买盘
09:38:58	14.12	0.01	21	29652	买盘
09:38:54	14.11	-0.01	10	14110	卖盘
09:38:49	14.12	--	9	12708	买盘
09:38:43	14.12	0.02	48	67776	买盘
09:38:34	14.1	-0.01	50	70500	卖盘
09:38:28	14.11	--	2	2822	卖盘
09:38:24	14.11	0.01	40	56440	中性盘
09:38:19	14.1	--	5	7050	卖盘
09:37:58	14.1	0.02	6	8460	中性盘
09:37:48	14.08	-0.01	30	42240	卖盘
09:37:43	14.09	0.01	22	30998	买盘
09:37:39	14.08	--	30	42240	买盘
09:37:28	14.08	--	97	136576	卖盘
09:37:24	14.08	-0.01	8	11264	卖盘
09:37:18	14.09	--	17	23953	买盘
09:37:13	14.09	0.01	26	36634	买盘
09:37:07	14.08	-0.01	32	45056	卖盘
09:36:58	14.09	0.01	40	56360	买盘
09:36:52	14.08	--	48	67584	买盘
09:36:48	14.08	--	60	84480	买盘
09:36:43	14.08	0.01	70	98560	买盘
09:36:37	14.07	--	21	29547	卖盘
09:36:33	14.07	--	61	85827	卖盘
09:36:28	14.07	0.01	255	358785	买盘
09:36:22	14.06	--	8	11248	卖盘
09:36:13	14.06	-0.01	25	35150	卖盘
09:36:07	14.07	-0.02	65	91455	卖盘
09:35:58	14.09	-0.01	21	29589	中性盘
09:35:52	14.1	--	220	310200	买盘
09:35:48	14.1	--	19	26790	买盘
09:35:37	14.1	-0.03	262	370787	卖盘
09:35:28	14.13	0.03	400	565200	买盘
09:35:22	14.1	-0.03	315	444150	卖盘
09:35:18	14.13	--	35	49455	买盘
09:35:13	14.13	--	96	135648	卖盘
09:35:07	14.13	-0.01	97	137061	卖盘
09:34:58	14.14	0.01	129	182406	买盘
09:34:52	14.13	-0.01	68	96084	卖盘
09:34:48	14.14	--	2	2828	买盘
09:34:43	14.14	0.01	10	14140	买盘
09:34:37	14.13	-0.01	100	141300	卖盘
09:34:33	14.14	--	43	60802	卖盘
09:34:28	14.14	0.01	546	772044	买盘
09:34:22	14.13	--	50	70650	买盘
09:34:18	14.13	-0.02	78	110214	卖盘
09:34:13	14.15	-0.01	8	11320	买盘
09:34:07	14.16	--	0	0	买盘
09:34:03	14.16	--	133	188328	买盘
09:33:58	14.16	--	0	0	买盘
09:33:52	14.16	--	45	63720	卖盘
09:33:48	14.16	--	65	92040	卖盘
09:33:43	14.16	0.03	145	205320	买盘
09:33:37	14.13	--	75	105975	买盘
09:33:33	14.13	-0.03	33	46629	卖盘
09:33:28	14.16	0.03	71	100536	买盘
09:33:22	14.13	--	0	0	卖盘
09:33:13	14.13	--	7	9891	买盘
09:32:58	14.13	--	22	31086	买盘
09:32:51	14.13	--	46	64998	买盘
09:32:48	14.13	--	25	35325	买盘
09:32:43	14.13	--	4	5652	买盘
09:32:37	14.13	-0.05	45	63585	卖盘
09:32:33	14.18	0.05	322	456596	买盘
09:32:28	14.13	--	53	74889	卖盘
09:32:22	14.13	0.01	23	32499	买盘
09:32:18	14.12	-0.01	3	4236	中性盘
09:32:07	14.13	0.03	7	9891	买盘
09:31:58	14.1	--	0	0	卖盘
09:31:52	14.1	--	31	43752	卖盘
09:31:48	14.1	0.02	33	46530	买盘
09:31:43	14.08	-0.02	36	50688	卖盘
09:31:37	14.1	0.03	27	38070	买盘
09:31:33	14.07	--	0	0	卖盘
09:31:28	14.07	-0.03	72	101304	卖盘
09:31:22	14.1	0.02	154	217140	买盘
09:31:18	14.08	-0.02	59	83072	卖盘
09:31:07	14.1	0.03	20	28200	买盘
09:31:03	14.07	--	0	0	卖盘
09:30:52	14.07	-0.03	14	19698	买盘
09:30:48	14.1	0.02	600	846000	买盘
09:30:42	14.08	--	0	0	买盘
09:30:37	14.08	--	0	0	买盘
09:30:31	14.08	--	38	53504	买盘
09:30:16	14.08	--	20	28160	买盘
09:30:12	14.08	--	20	28160	买盘
09:30:07	14.08	-0.01	101	142208	卖盘
09:30:01	14.09	--	59	83131	买盘
09:28:51	14.09	--	0	0	买盘
09:25:06	14.09	14.09	191	269119	买盘
