成交时间	成交价	价格变动	成交量(手)	成交额(元)	性质
15:00:00	7.11	--	0	0	卖盘
15:00:00	7.11	--	0	0	卖盘
14:59:59	7.11	--	5	3555	卖盘
14:59:49	7.11	--	7	4977	卖盘
14:59:44	7.11	--	58	41238	卖盘
14:59:38	7.11	--	30	21330	卖盘
14:59:29	7.11	--	30	21330	卖盘
14:59:23	7.11	-0.01	20	14220	卖盘
14:59:19	7.12	0.01	120	85440	买盘
14:59:14	7.11	--	177	125847	卖盘
14:59:08	7.11	-0.01	262	186282	卖盘
14:59:04	7.12	0.01	71	50552	买盘
14:58:53	7.11	--	189	134379	卖盘
14:58:44	7.11	-0.01	30	21330	卖盘
14:58:38	7.12	0.01	7	4984	买盘
14:58:23	7.11	--	231	164241	卖盘
14:58:19	7.11	-0.01	30	21330	卖盘
14:58:14	7.12	0.01	14	9968	买盘
14:58:08	7.11	-0.01	528	375408	卖盘
14:57:59	7.12	0.01	7	4984	买盘
14:57:53	7.11	--	10	7110	卖盘
14:57:49	7.11	--	21	14931	卖盘
14:57:44	7.11	--	175	124425	卖盘
14:57:38	7.11	-0.01	11	7821	卖盘
14:57:29	7.12	--	954	679248	买盘
14:57:23	7.12	0.01	206	146672	买盘
14:57:19	7.11	-0.01	13	9598	卖盘
14:57:14	7.12	--	30	21360	买盘
14:57:04	7.12	--	165	117480	买盘
14:56:59	7.12	0.01	101	71912	买盘
14:56:53	7.11	--	19	13509	卖盘
14:56:49	7.11	-0.01	31	22041	卖盘
14:56:44	7.12	0.01	14	9968	买盘
14:56:38	7.11	--	4	2844	卖盘
14:56:34	7.11	-0.01	33	23463	卖盘
14:56:29	7.12	0.01	4	2848	买盘
14:56:23	7.11	-0.01	103	73233	卖盘
14:56:19	7.12	0.01	1	712	买盘
14:56:14	7.11	--	75	53325	卖盘
14:56:08	7.11	--	265	188415	卖盘
14:56:04	7.11	--	113	80343	卖盘
14:55:53	7.11	--	7	4977	卖盘
14:55:44	7.11	--	11	7821	卖盘
14:55:38	7.11	--	35	25240	卖盘
14:55:34	7.11	--	130	92430	卖盘
14:55:28	7.11	--	6	4266	卖盘
14:55:23	7.11	--	40	28440	卖盘
14:55:17	7.11	--	38	27018	卖盘
14:55:08	7.11	-0.01	12	8532	卖盘
14:54:58	7.12	0.01	5	3560	买盘
14:54:53	7.11	-0.01	70	49770	卖盘
14:54:38	7.12	--	3	2136	买盘
14:54:28	7.12	0.01	27	19224	买盘
14:54:23	7.11	--	382	271602	卖盘
14:54:13	7.11	--	37	26307	卖盘
14:54:08	7.11	-0.01	13	9243	卖盘
14:54:02	7.12	0.01	10	7120	买盘
14:53:58	7.11	--	49	34839	卖盘
14:53:47	7.11	--	50	35550	卖盘
14:53:43	7.11	--	6	4266	卖盘
14:53:32	7.11	--	10	7110	卖盘
14:53:23	7.11	-0.01	320	227520	卖盘
14:53:17	7.12	0.01	10	7120	买盘
14:53:13	7.11	--	500	355500	卖盘
14:53:08	7.11	--	11	7821	卖盘
14:53:02	7.11	-0.01	8	5688	卖盘
14:52:58	7.12	0.01	11	7832	买盘
14:52:53	7.11	--	150	106650	卖盘
14:52:47	7.11	-0.01	7	4977	卖盘
14:52:43	7.12	--	15	10680	买盘
14:52:38	7.12	0.01	10	7120	买盘
14:52:28	7.11	--	19	13509	卖盘
14:52:23	7.11	-0.01	50	35550	卖盘
14:52:17	7.12	0.01	59	42008	买盘
14:52:08	7.11	-0.01	206	146466	卖盘
14:52:02	7.12	--	100	71200	买盘
14:51:58	7.12	--	28	19936	买盘
14:51:53	7.12	--	10	7120	买盘
14:51:43	7.12	--	241	171592	买盘
14:51:38	7.12	--	10	7120	买盘
14:51:32	7.12	--	109	77608	买盘
14:51:23	7.12	--	66	46992	买盘
14:51:17	7.12	--	2	1424	买盘
14:51:13	7.12	--	18	12816	买盘
14:51:08	7.12	--	5	3560	买盘
14:50:58	7.12	0.01	23	16376	买盘
14:50:47	7.11	-0.01	41	29151	卖盘
14:50:43	7.12	--	21	14952	买盘
14:50:38	7.12	--	10	7120	买盘
14:50:32	7.12	--	100	71200	买盘
14:50:23	7.12	0.01	511	363832	买盘
14:50:17	7.11	-0.01	3	2133	卖盘
14:50:08	7.12	0.01	20	14240	买盘
14:50:02	7.11	--	104	73986	卖盘
14:49:47	7.11	--	40	28440	卖盘
14:49:32	7.11	-0.01	5	3555	卖盘
14:49:17	7.12	0.01	6	4272	买盘
14:49:08	7.11	--	13	9243	卖盘
14:49:02	7.11	--	59	41949	卖盘
14:48:52	7.11	--	10	7110	卖盘
14:48:32	7.11	--	17	12087	卖盘
14:48:26	7.11	--	15	10665	卖盘
14:48:22	7.11	-0.01	51	36261	卖盘
14:48:02	7.12	--	33	23496	买盘
14:47:47	7.12	--	15	10680	买盘
14:47:41	7.12	--	10	7120	买盘
14:47:37	7.12	--	60	42720	买盘
14:47:32	7.12	0.01	2	1424	买盘
14:47:22	7.11	-0.01	2	1422	卖盘
14:47:07	7.12	0.01	20	14240	买盘
14:47:02	7.11	-0.01	10	7110	卖盘
14:46:41	7.12	--	6	4272	买盘
14:46:37	7.12	--	91	64792	买盘
14:46:32	7.12	--	51	36746	卖盘
14:46:26	7.12	--	10	7120	卖盘
14:46:07	7.12	--	200	142400	卖盘
14:46:02	7.12	-0.01	242	172304	卖盘
14:45:52	7.13	0.01	25	17825	买盘
14:45:47	7.12	-0.01	37	26344	卖盘
14:45:41	7.13	--	2	1426	买盘
14:45:26	7.13	0.01	168	119784	买盘
14:45:11	7.12	-0.01	1	712	卖盘
14:45:02	7.13	--	70	49910	买盘
14:44:56	7.13	--	61	43493	买盘
14:44:52	7.13	0.01	1	713	买盘
14:44:47	7.12	-0.01	24	17088	卖盘
14:44:41	7.13	0.01	23	16399	买盘
14:44:37	7.12	-0.01	2	1424	卖盘
14:44:26	7.13	0.01	13	9269	买盘
14:44:17	7.12	--	30	21360	卖盘
14:44:11	7.12	--	11	8109	买盘
14:44:07	7.12	--	10	7120	买盘
14:43:56	7.12	0.01	50	35600	买盘
14:43:32	7.11	--	23	16353	卖盘
14:43:17	7.11	--	29	20619	买盘
14:43:11	7.11	0.01	39	27729	中性盘
14:43:07	7.1	-0.01	1032	733025	卖盘
14:43:02	7.11	--	42	29862	卖盘
14:42:56	7.11	--	25	17775	卖盘
14:42:52	7.11	--	1	711	卖盘
14:42:37	7.11	-0.02	95	67545	卖盘
14:42:32	7.13	0.02	167	119071	买盘
14:42:26	7.11	-0.02	600	426600	卖盘
14:42:20	7.13	--	4	2852	买盘
14:42:16	7.13	--	13	9269	买盘
14:42:05	7.13	--	40	28520	买盘
14:42:01	7.13	--	100	71300	买盘
14:41:50	7.13	--	19	13547	买盘
14:41:46	7.13	--	10	7130	买盘
14:41:41	7.13	--	5	3565	买盘
14:41:26	7.13	--	177	126201	买盘
14:41:11	7.13	0.01	51	36363	买盘
14:41:01	7.12	--	10	7120	卖盘
14:40:56	7.12	-0.01	180	128160	卖盘
14:40:50	7.13	--	13	9269	卖盘
14:40:46	7.13	--	117	83421	卖盘
14:40:41	7.13	--	62	44562	卖盘
14:40:26	7.13	0.01	142	101246	买盘
14:40:11	7.12	--	1	712	卖盘
14:40:05	7.12	-0.01	23	16475	卖盘
14:40:01	7.13	--	30	21390	买盘
14:39:50	7.13	--	49	34937	卖盘
14:39:31	7.13	--	51	36363	卖盘
14:39:26	7.13	--	200	142600	卖盘
14:39:20	7.13	0.01	121	86273	买盘
14:39:16	7.12	-0.01	16	11392	卖盘
14:38:56	7.13	--	74	52762	卖盘
14:38:50	7.13	--	466	332258	卖盘
14:38:46	7.13	--	169	120497	买盘
14:38:35	7.13	0.01	300	213900	买盘
14:38:26	7.12	--	0	0	卖盘
14:38:20	7.12	-0.01	45	32040	卖盘
14:38:16	7.13	--	29	20677	卖盘
14:38:11	7.13	--	287	204631	买盘
14:38:01	7.13	--	42	29946	买盘
14:37:26	7.13	--	1	713	买盘
14:37:16	7.13	--	100	71300	买盘
14:37:05	7.13	--	19	13547	买盘
14:37:01	7.13	--	315	224595	卖盘
14:36:56	7.13	--	139	99107	卖盘
14:36:50	7.13	--	5	3565	卖盘
14:36:41	7.13	0.01	161	114793	买盘
14:36:26	7.12	0.01	28	20142	买盘
14:36:01	7.11	-0.02	5	3555	卖盘
14:35:56	7.13	--	0	0	买盘
14:35:50	7.13	0.02	352	250976	买盘
14:35:44	7.11	--	18	12798	买盘
14:35:40	7.11	--	17	12087	买盘
14:35:35	7.11	-0.01	982	698202	卖盘
14:35:29	7.12	--	91	64792	买盘
14:35:25	7.12	--	215	153080	买盘
14:35:20	7.12	--	1	712	买盘
14:35:14	7.12	--	113	80456	卖盘
14:35:10	7.12	--	3	2136	买盘
14:35:05	7.12	--	20	14240	买盘
14:34:59	7.12	--	145	103240	买盘
14:34:55	7.12	--	7	4984	买盘
14:34:50	7.12	0.01	10	7120	买盘
14:34:35	7.11	-0.01	3	2133	卖盘
14:34:25	7.12	0.01	25	17800	买盘
14:34:10	7.11	-0.01	205	145755	卖盘
14:34:05	7.12	0.01	51	36312	买盘
14:33:55	7.11	0.01	9	6399	中性盘
14:33:50	7.1	-0.02	1000	710000	卖盘
14:33:35	7.12	--	1100	783200	买盘
14:33:20	7.12	0.01	20	14240	买盘
14:33:14	7.11	-0.01	50	35550	卖盘
14:32:50	7.12	--	130	92560	买盘
14:32:44	7.12	--	49	35393	卖盘
14:32:40	7.12	-0.01	320	227840	卖盘
14:32:35	7.13	0.01	350	249550	买盘
14:32:29	7.12	--	34	24208	卖盘
14:32:25	7.12	--	35	24920	卖盘
14:32:20	7.12	-0.01	502	358100	卖盘
14:32:14	7.13	--	16	11408	买盘
14:32:05	7.13	--	76	54544	卖盘
14:31:59	7.13	--	14	9982	卖盘
14:31:44	7.13	-0.01	10	7130	卖盘
14:31:40	7.14	0.01	4	2856	买盘
14:31:35	7.13	--	40	28520	卖盘
14:31:25	7.13	--	15	10695	卖盘
14:31:14	7.13	--	57	40641	卖盘
14:31:10	7.13	--	29	20677	卖盘
14:31:05	7.13	-0.01	65	46345	卖盘
14:30:59	7.14	0.01	44	31416	买盘
14:30:50	7.13	--	710	506230	卖盘
14:30:44	7.13	--	22	16042	卖盘
14:30:40	7.13	--	10	7130	卖盘
14:30:29	7.13	--	270	192510	卖盘
14:30:25	7.13	--	18	12834	卖盘
14:30:14	7.13	-0.01	78	55614	卖盘
14:30:10	7.14	--	95	67830	卖盘
14:30:05	7.14	0.01	10	7140	卖盘
14:29:55	7.13	--	0	0	卖盘
14:29:50	7.13	-0.01	1315	937595	卖盘
14:29:40	7.14	--	18	12852	卖盘
14:29:35	7.14	--	128	91392	卖盘
14:29:29	7.14	--	21	14994	卖盘
14:29:25	7.14	--	23	16422	卖盘
14:29:20	7.14	--	26	18564	卖盘
14:29:14	7.14	--	16	11424	卖盘
14:29:08	7.14	--	64	45696	卖盘
14:28:59	7.14	--	2	1428	卖盘
14:28:53	7.14	--	1	714	卖盘
14:28:49	7.14	-0.01	5	3570	卖盘
14:28:38	7.15	--	30	21450	买盘
14:28:34	7.15	--	84	60417	卖盘
14:28:29	7.15	--	138	98670	卖盘
14:28:19	7.15	--	4	3217	卖盘
14:28:14	7.15	-0.01	236	168740	卖盘
14:28:08	7.16	0.01	450	322200	买盘
14:28:04	7.15	-0.01	68	48620	卖盘
14:27:59	7.16	0.01	50	35800	买盘
14:27:49	7.15	-0.01	4	2860	卖盘
14:27:44	7.16	0.01	9	6444	买盘
14:27:38	7.15	--	30	21450	卖盘
14:27:34	7.15	--	176	125840	卖盘
14:27:29	7.15	-0.01	66	47190	卖盘
14:27:23	7.16	--	15	10740	买盘
14:27:14	7.16	0.01	21	15036	买盘
14:27:08	7.15	--	150	107250	卖盘
14:27:04	7.15	--	60	42900	卖盘
14:26:53	7.15	--	50	35750	卖盘
14:26:49	7.15	--	10	7150	卖盘
14:26:44	7.15	--	16	11440	卖盘
14:26:38	7.15	-0.01	2	1430	卖盘
14:26:34	7.16	0.01	14	10024	买盘
14:26:14	7.15	-0.01	65	46475	卖盘
14:26:08	7.16	0.01	17	12172	买盘
14:26:04	7.15	--	12	8580	卖盘
14:25:59	7.15	-0.01	10	7150	卖盘
14:25:53	7.16	0.01	160	114560	买盘
14:25:49	7.15	--	4	2860	卖盘
14:25:44	7.15	--	17	12155	卖盘
14:25:38	7.15	--	2	1430	卖盘
14:25:19	7.15	--	144	102960	卖盘
14:25:14	7.15	--	5	3575	卖盘
14:25:08	7.15	--	519	371085	买盘
14:24:59	7.15	--	25	17875	买盘
14:24:49	7.15	--	294	210210	买盘
14:24:44	7.15	--	240	171600	买盘
14:24:38	7.15	-0.01	463	331402	卖盘
14:24:34	7.16	--	72	51552	买盘
14:24:29	7.16	--	204	146422	买盘
14:24:23	7.16	0.01	20	14320	买盘
14:24:19	7.15	-0.01	11	7865	卖盘
14:24:14	7.16	--	31	22196	卖盘
14:24:08	7.16	0.01	19	13604	中性盘
14:23:59	7.15	-0.02	6	4290	卖盘
14:23:53	7.17	0.02	1300	932100	买盘
14:23:44	7.15	-0.01	105	75075	卖盘
14:23:38	7.16	--	20	14320	买盘
14:23:34	7.16	--	0	0	买盘
14:23:23	7.16	0.02	1579	1130564	买盘
14:23:19	7.14	-0.01	3	2142	卖盘
14:23:08	7.15	--	203	145145	买盘
14:23:02	7.15	--	20	14300	买盘
14:22:58	7.15	-0.01	361	258115	卖盘
14:22:53	7.16	0.01	103	73748	买盘
14:22:47	7.15	-0.01	524	374660	卖盘
14:22:43	7.16	--	54	38664	买盘
14:22:28	7.16	-0.01	532	380912	买盘
14:22:23	7.17	0.01	225	161325	买盘
14:22:17	7.16	-0.01	5	3580	卖盘
14:22:08	7.17	0.01	120	86040	买盘
14:21:58	7.16	-0.01	10	7160	卖盘
14:21:47	7.17	--	31	22227	买盘
14:21:43	7.17	--	1	717	买盘
14:21:38	7.17	0.01	878	629526	买盘
14:21:32	7.16	-0.01	20	14320	中性盘
14:21:28	7.17	0.01	1291	925647	买盘
14:21:23	7.16	--	109	78044	卖盘
14:21:17	7.16	--	202	144632	卖盘
14:21:13	7.16	--	74	52984	卖盘
14:21:08	7.16	--	318	227688	卖盘
14:20:58	7.16	--	192	137472	卖盘
14:20:53	7.16	0.01	55	39380	卖盘
14:20:43	7.15	--	0	0	卖盘
14:20:38	7.15	-0.01	1505	1076075	卖盘
14:20:32	7.16	-0.01	320	229478	卖盘
14:20:28	7.17	--	120	86040	买盘
14:20:23	7.17	0.01	33	23661	买盘
14:20:17	7.16	--	30	21480	卖盘
14:20:13	7.16	--	26	18616	卖盘
14:20:08	7.16	--	1102	789390	卖盘
14:20:02	7.16	--	10	7160	卖盘
14:19:58	7.16	--	176	126016	买盘
14:19:53	7.16	0.01	3	2148	买盘
14:19:47	7.15	--	3	2145	卖盘
14:19:43	7.15	--	70	50050	卖盘
14:19:38	7.15	--	128	91520	卖盘
14:19:32	7.15	--	93	66495	买盘
14:19:28	7.15	--	1033	738595	买盘
14:19:23	7.15	0.01	23	16445	买盘
14:19:17	7.14	-0.01	10019	7153566	卖盘
14:19:13	7.15	0.01	130	92950	买盘
14:19:08	7.14	--	11	7854	卖盘
14:18:58	7.14	-0.01	10	7140	卖盘
14:18:53	7.15	--	70	50050	买盘
14:18:43	7.15	--	507	362505	买盘
14:18:32	7.15	0.01	1000	715000	买盘
14:18:28	7.14	-0.01	1	714	卖盘
14:18:17	7.15	0.01	886	633490	买盘
14:17:58	7.14	--	10	7140	卖盘
14:17:53	7.14	-0.01	510	364140	卖盘
14:17:38	7.15	0.01	12	8580	买盘
14:17:23	7.14	--	24	17136	卖盘
14:17:17	7.14	--	350	249971	买盘
14:17:13	7.14	0.01	41	29274	买盘
14:17:08	7.13	-0.01	1	713	卖盘
14:17:02	7.14	--	220	157080	买盘
14:16:58	7.14	--	5	3570	买盘
14:16:53	7.14	--	130	92820	买盘
14:16:47	7.14	--	37	26418	买盘
14:16:41	7.14	--	42	29988	买盘
14:16:37	7.14	--	47	34200	卖盘
14:16:32	7.14	--	30	21420	卖盘
14:16:26	7.14	--	25	17921	买盘
14:16:22	7.14	--	146	104244	买盘
14:16:17	7.14	0.01	23	16422	买盘
14:16:11	7.13	-0.01	154	109802	卖盘
14:16:07	7.14	--	8	5712	买盘
14:16:02	7.14	--	37	26418	买盘
14:15:56	7.14	0.01	1392	993888	买盘
14:15:52	7.13	--	20	14260	卖盘
14:15:47	7.13	-0.01	334	238142	卖盘
14:15:41	7.14	0.01	2	1428	买盘
14:15:37	7.13	--	105	74865	卖盘
14:15:32	7.13	--	12	8556	卖盘
14:15:17	7.13	--	3	2139	卖盘
14:15:11	7.13	--	120	85560	卖盘
14:15:07	7.13	-0.01	20	14260	卖盘
14:15:02	7.14	0.01	40	28560	买盘
14:14:52	7.13	--	80	57040	卖盘
14:14:47	7.13	--	20	14260	卖盘
14:14:41	7.13	--	18	12834	买盘
14:14:32	7.13	0.01	25	17825	中性盘
14:14:22	7.12	-0.01	83	59096	卖盘
14:14:17	7.13	--	584	416392	买盘
14:14:11	7.13	--	100	71300	买盘
14:14:07	7.13	--	80	57040	买盘
14:14:02	7.13	--	36	25668	买盘
14:13:47	7.13	--	5	3565	买盘
14:13:32	7.13	0.01	422	301128	买盘
14:13:26	7.12	-0.01	5	3560	卖盘
14:13:17	7.13	0.01	6	4278	买盘
14:13:11	7.12	-0.01	10	7120	卖盘
14:13:02	7.13	0.01	50	35650	买盘
14:12:56	7.12	-0.01	10	7120	卖盘
14:12:47	7.13	0.01	330	235290	买盘
14:12:37	7.12	--	5	3560	卖盘
14:12:32	7.12	--	10	7120	卖盘
14:12:26	7.12	--	134	95408	卖盘
14:12:22	7.12	-0.01	4	2848	卖盘
14:12:17	7.13	0.01	8	5704	买盘
14:11:52	7.12	-0.01	52	37024	卖盘
14:11:47	7.13	0.01	52	37076	买盘
14:11:37	7.12	-0.01	187	133500	卖盘
14:11:17	7.13	--	26	18538	买盘
14:10:41	7.13	0.01	3	2139	买盘
14:10:35	7.12	--	22	15664	卖盘
14:10:31	7.12	-0.01	160	113920	卖盘
14:10:26	7.13	0.01	100	71300	买盘
14:10:16	7.12	--	150	106800	卖盘
14:10:05	7.12	-0.01	60	42720	卖盘
14:10:01	7.13	0.01	10	7130	买盘
14:09:41	7.12	--	0	356	卖盘
14:09:35	7.12	--	5	3560	卖盘
14:09:31	7.12	--	500	356000	卖盘
14:09:26	7.12	--	2	1424	卖盘
14:09:16	7.12	-0.01	1	712	卖盘
14:09:11	7.13	0.01	3	2139	买盘
14:09:05	7.12	--	4	2848	卖盘
14:09:01	7.12	--	3	2136	卖盘
14:08:56	7.12	--	12	8544	卖盘
14:08:46	7.12	--	114	81168	卖盘
14:08:41	7.12	--	7	4984	卖盘
14:08:35	7.12	-0.01	5	3560	卖盘
14:08:16	7.13	--	74	52762	买盘
14:08:11	7.13	0.01	100	71300	买盘
14:08:05	7.12	-0.01	55	39160	卖盘
14:08:01	7.13	--	20	14260	买盘
14:07:56	7.13	--	21	14973	买盘
14:07:50	7.13	--	13	9269	买盘
14:07:46	7.13	-0.01	114	81282	卖盘
14:07:41	7.14	0.01	110	78540	买盘
14:07:31	7.13	--	12	8556	卖盘
14:07:26	7.13	--	5	3565	卖盘
14:07:20	7.13	--	3	2139	卖盘
14:07:16	7.13	-0.01	28	19964	卖盘
14:07:11	7.14	0.01	1	714	买盘
14:07:05	7.13	-0.01	6	4278	卖盘
14:06:56	7.14	0.01	158	112812	买盘
14:06:46	7.13	--	167	119071	卖盘
14:06:41	7.13	-0.01	6	4278	卖盘
14:06:35	7.14	--	36	25989	卖盘
14:06:26	7.14	--	372	266036	买盘
14:06:16	7.14	0.01	50	35700	买盘
14:06:11	7.13	--	21	14973	卖盘
14:06:05	7.13	-0.01	100	71300	卖盘
14:05:56	7.14	--	18	12852	买盘
14:05:46	7.14	0.01	50	35700	买盘
14:05:41	7.13	-0.01	12	8556	卖盘
14:05:35	7.14	--	127	90963	卖盘
14:05:31	7.14	--	18	12852	卖盘
14:05:26	7.14	0.01	703	502370	买盘
14:05:20	7.13	--	69	49197	卖盘
14:05:11	7.13	-0.01	8	5704	卖盘
14:05:05	7.14	--	550	392700	买盘
14:05:01	7.14	0.01	18	12852	买盘
14:04:56	7.13	--	2	1426	卖盘
14:04:41	7.13	-0.01	21	14973	卖盘
14:04:35	7.14	--	380	271320	买盘
14:04:31	7.14	0.01	30	21420	买盘
14:04:20	7.13	--	77	54901	卖盘
14:04:10	7.13	--	351	250263	买盘
14:04:05	7.13	0.01	27	19251	买盘
14:03:59	7.12	-0.01	200	142400	卖盘
14:03:55	7.13	0.01	236	168268	买盘
14:03:50	7.12	-0.01	40	28480	卖盘
14:03:44	7.13	--	120	85560	买盘
14:03:40	7.13	0.01	51	36363	买盘
14:03:35	7.12	--	1	712	卖盘
14:03:29	7.12	-0.01	2	1424	卖盘
14:03:20	7.13	0.01	9	6417	买盘
14:03:10	7.12	--	6	4272	卖盘
14:03:05	7.12	0.01	4	2848	中性盘
14:02:55	7.11	-0.02	1	711	卖盘
14:02:40	7.13	0.02	2	1426	买盘
14:02:35	7.11	-0.02	100	71100	卖盘
14:02:29	7.13	--	8	5704	买盘
14:02:20	7.13	--	8	5704	买盘
14:02:14	7.13	--	10	7130	买盘
14:02:10	7.13	0.01	90	64170	买盘
14:02:05	7.12	-0.01	218	155216	卖盘
14:01:59	7.13	--	34	24242	卖盘
14:01:50	7.13	--	50	35650	卖盘
14:01:44	7.13	--	19	13547	卖盘
14:01:40	7.13	--	73	52049	卖盘
14:01:29	7.13	--	20	14260	卖盘
14:01:25	7.13	0.02	81	57753	买盘
14:01:20	7.11	-0.02	16	11376	中性盘
14:01:14	7.13	--	5	3565	买盘
14:01:10	7.13	-0.01	21	14973	买盘
14:01:05	7.14	--	13	9282	买盘
14:00:59	7.14	--	2005	1431570	买盘
14:00:55	7.14	--	68	48552	买盘
14:00:50	7.14	--	42	29988	买盘
14:00:40	7.14	--	240	171360	买盘
14:00:35	7.14	0.01	12	8568	买盘
14:00:29	7.13	--	10	7130	卖盘
14:00:14	7.13	--	87	62031	卖盘
14:00:10	7.13	--	13	9269	卖盘
14:00:05	7.13	-0.01	308	219604	卖盘
13:59:59	7.14	0.01	68	48552	买盘
13:59:50	7.13	--	10	7130	卖盘
13:59:44	7.13	--	20	14260	卖盘
13:59:35	7.13	--	42	29946	卖盘
13:59:29	7.13	-0.02	4	2852	卖盘
13:59:25	7.15	0.02	900	643500	买盘
13:59:20	7.13	--	95	67735	卖盘
13:59:14	7.13	--	151	107663	卖盘
13:59:05	7.13	-0.01	16	11408	卖盘
13:58:59	7.14	--	16	11424	买盘
13:58:50	7.14	--	65	46410	卖盘
13:58:44	7.14	--	300	214200	卖盘
13:58:35	7.14	-0.01	86	61404	卖盘
13:58:29	7.15	--	41	29315	买盘
13:58:25	7.15	--	99	70785	买盘
13:58:20	7.15	0.01	71	50765	买盘
13:58:14	7.14	-0.01	83	59262	卖盘
13:58:09	7.15	--	45	32175	买盘
13:58:05	7.15	--	75	53625	买盘
13:57:59	7.15	--	40	28600	买盘
13:57:55	7.15	-0.01	12	8580	中性盘
13:57:49	7.16	0.01	1186	849176	买盘
13:57:44	7.15	--	425	304232	卖盘
13:57:38	7.15	--	276	197340	卖盘
13:57:34	7.15	--	79	56842	卖盘
13:57:29	7.15	--	152	108680	卖盘
13:57:23	7.15	--	100	71500	卖盘
13:57:19	7.15	0.01	36	25740	买盘
13:57:14	7.14	-0.01	582	415548	卖盘
13:57:08	7.15	--	390	278850	买盘
13:57:04	7.15	--	94	67210	买盘
13:56:59	7.15	--	389	278135	买盘
13:56:49	7.15	0.01	86	61490	买盘
13:56:44	7.14	-0.01	95	67830	卖盘
13:56:38	7.15	0.01	4	2860	买盘
13:56:34	7.14	-0.01	51	36414	卖盘
13:56:29	7.15	0.01	58	41470	买盘
13:56:23	7.14	--	17	12138	卖盘
13:56:19	7.14	0.01	118	84252	买盘
13:56:14	7.13	-0.01	120	85560	卖盘
13:56:08	7.14	0.01	144	102816	买盘
13:56:04	7.13	-0.01	35	24955	卖盘
13:55:59	7.14	--	384	274176	买盘
13:55:53	7.14	--	80	57120	买盘
13:55:49	7.14	--	29	21063	买盘
13:55:44	7.14	--	368	262752	买盘
13:55:34	7.14	-0.01	423	302022	卖盘
13:55:29	7.15	-0.01	70	50050	中性盘
13:55:23	7.16	0.01	559	400244	买盘
13:55:19	7.15	-0.01	300	214500	卖盘
13:55:14	7.16	0.01	622	445352	买盘
13:55:08	7.15	-0.01	108	77220	卖盘
13:55:04	7.16	0.01	58	41528	买盘
13:54:59	7.15	--	813	581295	卖盘
13:54:53	7.15	-0.01	168	120120	卖盘
13:54:49	7.16	--	503	360148	买盘
13:54:44	7.16	--	432	309354	买盘
13:54:38	7.16	0.01	327	234805	买盘
13:54:34	7.15	--	97	69355	买盘
13:54:29	7.15	--	198	141570	买盘
13:54:23	7.15	0.04	5000	3575000	买盘
13:54:19	7.11	0.02	13	9243	买盘
13:54:14	7.09	-0.05	14	9926	中性盘
13:54:08	7.14	0.06	10370	7404180	买盘
13:53:53	7.08	-0.01	159	112572	卖盘
13:53:49	7.09	--	100	70900	买盘
13:53:44	7.09	--	163	115567	买盘
13:53:38	7.09	--	3	2127	买盘
13:53:29	7.09	0.01	44	31196	买盘
13:53:23	7.08	--	35	24780	卖盘
13:53:19	7.08	--	13	9204	卖盘
13:53:14	7.08	--	18	12744	卖盘
13:53:08	7.08	--	17	12036	卖盘
13:53:04	7.08	--	22	15576	卖盘
13:52:59	7.08	--	64	45312	卖盘
13:52:53	7.08	--	92	65136	卖盘
13:52:49	7.08	--	10	7080	卖盘
13:52:44	7.08	--	10	7080	卖盘
13:52:38	7.08	-0.01	9	6372	卖盘
13:52:34	7.09	--	59	41831	买盘
13:52:23	7.09	--	119	84371	买盘
13:52:19	7.09	--	61	43249	买盘
13:52:13	7.09	--	54	38286	买盘
13:52:08	7.09	--	65	46085	买盘
13:51:38	7.09	--	1	709	买盘
13:51:33	7.09	0.01	164	116276	买盘
13:51:29	7.08	--	32	22656	卖盘
13:51:13	7.08	-0.01	300	212400	卖盘
13:51:08	7.09	--	1	709	买盘
13:51:02	7.09	0.01	39	27651	买盘
13:50:58	7.08	--	2	1416	卖盘
13:50:53	7.08	-0.01	9	6372	卖盘
13:50:47	7.09	--	2	1418	买盘
13:50:43	7.09	0.01	10	7090	买盘
13:50:38	7.08	-0.01	1583	1120764	卖盘
13:50:28	7.09	0.01	22	15598	买盘
13:50:17	7.08	--	7	4956	卖盘
13:50:13	7.08	--	40	28320	卖盘
13:50:02	7.08	--	19	13452	卖盘
13:49:58	7.08	-0.01	16	11328	卖盘
13:49:53	7.09	0.01	53	37577	买盘
13:49:38	7.08	-0.01	124	87792	卖盘
13:49:28	7.09	--	19	13471	买盘
13:49:08	7.09	0.01	100	70900	买盘
13:48:58	7.08	-0.01	4	2832	卖盘
13:48:53	7.09	0.01	4	2836	买盘
13:48:43	7.08	--	3	2124	卖盘
13:48:28	7.08	--	15	10620	卖盘
13:48:23	7.08	--	10	7080	卖盘
13:48:13	7.08	-0.01	203	143724	卖盘
13:48:08	7.09	0.01	163	115567	买盘
13:47:58	7.08	--	10	7080	卖盘
13:47:53	7.08	--	124	87792	卖盘
13:47:43	7.08	--	3	2124	卖盘
13:47:32	7.08	--	7	4956	卖盘
13:47:28	7.08	--	10	7080	卖盘
13:47:23	7.08	--	10	7080	卖盘
13:47:17	7.08	-0.01	112	79296	卖盘
13:47:08	7.09	0.01	324	229716	买盘
13:47:02	7.08	--	8	5664	卖盘
13:46:47	7.08	-0.01	195	138060	卖盘
13:46:37	7.09	0.01	10	7090	买盘
13:46:32	7.08	--	8	5664	卖盘
13:46:17	7.08	--	1	708	卖盘
13:45:53	7.08	--	76	53808	买盘
13:45:47	7.08	--	10	7080	买盘
13:45:43	7.08	--	8	5664	买盘
13:45:38	7.08	0.01	58	41064	买盘
13:45:27	7.07	--	95	67518	卖盘
13:45:23	7.07	-0.01	123	87314	卖盘
13:45:17	7.08	--	20	14160	买盘
13:45:07	7.08	-0.01	99	70092	卖盘
13:44:52	7.09	--	65	46085	买盘
13:44:47	7.09	0.01	236	167324	买盘
13:44:37	7.08	--	278	196824	买盘
13:44:32	7.08	0.01	50	35400	买盘
13:44:07	7.07	--	4	2828	卖盘
13:43:52	7.07	-0.01	60	42420	卖盘
13:43:41	7.08	0.01	1	708	买盘
13:43:37	7.07	-0.01	48	33936	卖盘
13:43:11	7.08	0.01	9	6372	买盘
13:42:52	7.07	--	8	5656	卖盘
13:42:47	7.07	-0.01	38	26866	卖盘
13:42:32	7.08	0.01	5	3540	买盘
13:42:26	7.07	--	8	5656	卖盘
13:42:17	7.07	-0.01	160	113176	卖盘
13:42:02	7.08	0.01	40	28320	买盘
13:41:56	7.07	-0.01	148	104989	卖盘
13:41:52	7.08	-0.01	819	579852	卖盘
13:41:47	7.09	0.01	22	15598	买盘
13:41:37	7.08	-0.01	62	43896	卖盘
13:41:22	7.09	0.01	2	1418	买盘
13:41:11	7.08	-0.01	15	10620	卖盘
13:41:02	7.09	--	18	12762	买盘
13:40:37	7.09	--	15	10635	买盘
13:40:32	7.09	0.01	5	3545	买盘
13:40:16	7.08	-0.01	101	71862	卖盘
13:40:11	7.09	0.01	78	55302	买盘
13:40:07	7.08	-0.01	4	3186	卖盘
13:39:31	7.09	0.02	89	63143	买盘
13:39:11	7.07	-0.01	160	113317	卖盘
13:39:01	7.08	0.01	18	12744	买盘
13:38:56	7.07	--	30	21210	卖盘
13:38:51	7.07	-0.01	50	35350	卖盘
13:38:46	7.08	--	149	105846	买盘
13:38:41	7.08	--	78	55224	买盘
13:38:31	7.08	0.01	5	3540	买盘
13:38:20	7.07	-0.01	1	707	卖盘
13:38:11	7.08	0.01	117	82836	买盘
13:38:01	7.07	-0.01	30	21210	卖盘
13:37:31	7.08	0.01	5	3540	中性盘
13:37:20	7.07	-0.01	350	247450	卖盘
13:36:35	7.08	--	1	708	卖盘
13:36:31	7.08	--	52	36816	卖盘
13:36:26	7.08	--	5	3540	卖盘
13:36:11	7.08	--	183	129762	卖盘
13:35:41	7.08	--	17	12036	卖盘
13:35:26	7.08	--	75	53100	卖盘
13:35:20	7.08	--	10	7080	卖盘
13:34:31	7.08	--	0	0	卖盘
13:34:20	7.08	-0.01	100	70800	卖盘
13:34:11	7.09	0.01	3	2127	中性盘
13:34:05	7.08	-0.01	112	79296	卖盘
13:34:01	7.09	--	7	4963	卖盘
13:33:50	7.09	--	2	1418	卖盘
13:33:45	7.09	0.01	9	6381	卖盘
13:33:40	7.08	--	0	0	卖盘
13:33:20	7.08	--	7	4956	卖盘
13:33:10	7.08	--	160	113478	卖盘
13:33:05	7.08	--	0	0	卖盘
13:32:55	7.08	-0.02	10	7080	卖盘
13:32:40	7.1	--	137	97270	买盘
13:32:35	7.1	0.02	79	56090	买盘
13:32:30	7.08	--	0	0	卖盘
13:32:25	7.08	-0.01	382	270682	卖盘
13:32:20	7.09	--	10	7090	卖盘
13:32:10	7.09	--	59	42185	卖盘
13:31:55	7.09	0.01	77	54947	买盘
13:31:50	7.08	-0.01	17	12036	卖盘
13:31:40	7.09	0.01	475	336775	买盘
13:31:35	7.08	--	1	708	卖盘
13:31:10	7.08	-0.01	5	3540	卖盘
13:31:05	7.09	--	7	4963	买盘
13:30:55	7.09	--	15	10635	买盘
13:30:50	7.09	--	7	4963	买盘
13:30:44	7.09	0.01	15	10635	买盘
13:30:40	7.08	-0.01	50	35400	卖盘
13:30:35	7.09	--	15	10635	买盘
13:30:25	7.09	--	15	10635	买盘
13:30:14	7.09	0.01	3	2127	买盘
13:30:10	7.08	--	65	46720	卖盘
13:30:05	7.08	--	97	68881	卖盘
13:29:59	7.08	--	20	14160	卖盘
13:29:55	7.08	--	279	197532	买盘
13:29:44	7.08	--	15	10620	买盘
13:29:40	7.08	--	10	7080	买盘
13:29:29	7.08	--	100	70800	买盘
13:29:25	7.08	-0.01	10	7080	买盘
13:29:20	7.09	--	0	0	买盘
13:29:14	7.09	--	15	10635	买盘
13:29:05	7.09	--	29	20561	买盘
13:28:55	7.09	0.01	15	10635	买盘
13:28:50	7.08	-0.01	1	708	卖盘
13:28:44	7.09	0.01	15	10635	买盘
13:28:40	7.08	--	17	12036	卖盘
13:28:35	7.08	--	21	14868	卖盘
13:28:29	7.08	--	6	4248	卖盘
13:28:24	7.08	--	20	14160	卖盘
13:27:50	7.08	-0.01	1	708	卖盘
13:27:44	7.09	0.01	148	104932	买盘
13:27:39	7.08	--	23	16284	卖盘
13:27:35	7.08	--	23	16284	卖盘
13:27:29	7.08	--	7	4956	卖盘
13:27:19	7.08	--	20	14160	卖盘
13:27:09	7.08	--	45	32391	卖盘
13:27:04	7.08	--	114	81087	卖盘
13:26:59	7.08	--	10	7080	卖盘
13:26:55	7.08	--	10	7080	卖盘
13:26:40	7.08	--	7	4956	卖盘
13:26:34	7.08	-0.01	391	276983	卖盘
13:26:29	7.09	--	184	130456	卖盘
13:26:25	7.09	--	13	9217	卖盘
13:26:19	7.09	--	55	38995	卖盘
13:26:09	7.09	--	210	148890	卖盘
13:26:04	7.09	--	3	2127	卖盘
13:25:59	7.09	--	482	342092	卖盘
13:25:49	7.09	--	19	13471	卖盘
13:25:23	7.09	--	50	35450	卖盘
13:25:19	7.09	--	2	1418	卖盘
13:25:04	7.09	--	28	19852	卖盘
13:24:53	7.09	--	6	4254	卖盘
13:24:44	7.09	--	50	35450	卖盘
13:24:29	7.09	--	255	180795	卖盘
13:24:23	7.09	-0.01	16	11344	卖盘
13:24:14	7.1	0.01	1	710	买盘
13:24:04	7.09	--	180	127818	卖盘
13:23:49	7.09	--	10	7090	卖盘
13:23:44	7.09	--	89	63101	卖盘
13:23:29	7.09	--	27	19143	买盘
13:23:14	7.09	--	7	4963	买盘
13:23:08	7.09	--	19	13471	买盘
13:23:04	7.09	--	100	70900	买盘
13:22:53	7.09	--	7	4963	买盘
13:22:49	7.09	--	40	28360	卖盘
13:22:34	7.09	--	6	4254	卖盘
13:22:29	7.09	--	55	38995	卖盘
13:22:19	7.09	0.01	60	42540	买盘
13:22:08	7.08	--	18	12744	卖盘
13:22:04	7.08	--	120	84960	卖盘
13:21:49	7.08	--	20	14160	卖盘
13:21:34	7.08	--	1	708	卖盘
13:21:29	7.08	--	11	7788	买盘
13:21:19	7.08	--	1	708	买盘
13:21:13	7.08	0.01	9	6372	买盘
13:21:08	7.07	--	45	31850	卖盘
13:21:04	7.07	-0.01	115	81467	卖盘
13:20:59	7.08	--	30	21240	卖盘
13:20:53	7.08	--	5	3540	卖盘
13:20:48	7.08	--	119	84252	卖盘
13:20:28	7.08	-0.01	20	14160	卖盘
13:20:23	7.09	0.01	14	9926	买盘
13:20:18	7.08	--	16	11328	卖盘
13:20:08	7.08	--	22	15576	卖盘
13:19:58	7.08	-0.01	33	23364	卖盘
13:19:43	7.09	0.01	20	14180	买盘
13:19:38	7.08	--	181	128148	卖盘
13:19:33	7.08	--	8	5664	卖盘
13:19:28	7.08	--	500	354000	卖盘
13:19:18	7.08	--	10	7080	卖盘
13:19:13	7.08	-0.01	23	16284	卖盘
13:18:47	7.09	-0.01	42	29778	卖盘
13:18:43	7.1	0.01	3	2130	买盘
13:18:38	7.09	--	0	0	中性盘
13:18:32	7.09	-0.01	282	199938	卖盘
13:18:13	7.1	--	252	179431	卖盘
13:18:08	7.1	--	51	36266	卖盘
13:18:02	7.1	-0.01	109	77532	卖盘
13:17:53	7.11	0.01	15	10665	买盘
13:17:43	7.1	--	45	31950	卖盘
13:17:38	7.1	-0.01	32	22720	卖盘
13:17:32	7.11	0.01	20	14220	买盘
13:17:28	7.1	-0.01	4	2840	卖盘
13:17:23	7.11	0.01	50	35550	买盘
13:17:17	7.1	--	60	42600	卖盘
13:17:02	7.1	-0.01	2	1420	卖盘
13:16:58	7.11	--	30	21330	买盘
13:16:53	7.11	--	130	92430	买盘
13:16:43	7.11	0.01	153	108783	买盘
13:16:32	7.1	-0.01	10	7100	卖盘
13:16:17	7.11	--	10	7110	买盘
13:16:13	7.11	--	30	21330	买盘
13:15:53	7.11	--	20	14220	买盘
13:15:32	7.11	0.01	15	10665	买盘
13:15:23	7.1	-0.01	127	90525	卖盘
13:15:17	7.11	--	2	1422	买盘
13:15:13	7.11	0.01	103	73233	买盘
13:15:08	7.1	--	9	6390	卖盘
13:15:02	7.1	--	55	39397	卖盘
13:14:58	7.1	--	127	90730	卖盘
13:14:53	7.1	-0.01	23	16330	卖盘
13:14:43	7.11	0.01	56	39816	买盘
13:14:38	7.1	-0.01	11	7810	卖盘
13:14:32	7.11	0.01	21	14931	买盘
13:14:17	7.1	--	11	7810	卖盘
13:14:07	7.1	--	34	24140	卖盘
13:14:02	7.1	0.01	100	71000	买盘
13:13:47	7.09	-0.01	2	1418	卖盘
13:13:22	7.1	0.01	20	14200	买盘
13:13:17	7.09	-0.01	0	389	卖盘
13:13:12	7.1	0.01	20	14200	买盘
13:13:07	7.09	--	2	1418	卖盘
13:13:02	7.09	--	6	4254	卖盘
13:12:57	7.09	-0.01	23	16307	卖盘
13:12:52	7.1	0.01	5	3550	卖盘
13:12:47	7.09	--	0	0	卖盘
13:12:42	7.09	-0.02	14	9926	卖盘
13:12:37	7.11	0.01	2238	1591218	买盘
13:12:17	7.1	--	405	287550	买盘
13:12:11	7.1	--	2	1420	买盘
13:12:07	7.1	0.01	80	56800	买盘
13:12:02	7.09	-0.01	160	113638	卖盘
13:11:52	7.1	--	15	10650	买盘
13:11:32	7.1	--	59	41890	买盘
13:11:26	7.1	--	103	73130	买盘
13:11:22	7.1	0.02	70	49700	买盘
13:11:17	7.08	--	0	0	卖盘
13:11:07	7.08	--	881	623748	卖盘
13:11:02	7.08	-0.02	15	10620	卖盘
13:10:56	7.1	--	55	39050	买盘
13:10:52	7.1	--	54	38340	买盘
13:10:47	7.1	0.02	190	134900	买盘
13:10:07	7.08	-0.01	1	708	卖盘
13:10:02	7.09	0.01	30	21270	买盘
13:09:52	7.08	--	1	708	卖盘
13:09:47	7.08	--	10	7080	卖盘
13:09:37	7.08	-0.01	13	9204	卖盘
13:09:32	7.09	--	52	37094	卖盘
13:09:26	7.09	0.01	96	68546	买盘
13:09:07	7.08	--	2	1416	卖盘
13:09:02	7.08	--	69	48859	卖盘
13:08:56	7.08	-0.01	108	77009	卖盘
13:08:47	7.09	--	2	1418	买盘
13:08:37	7.09	0.01	20	14180	买盘
13:08:22	7.08	--	11	7788	卖盘
13:08:17	7.08	--	217	153990	卖盘
13:08:07	7.08	--	20	14160	卖盘
13:08:02	7.08	--	16	11328	卖盘
13:07:56	7.08	--	5	3540	卖盘
13:07:51	7.08	--	13	9204	卖盘
13:07:36	7.08	-0.01	2	1416	卖盘
13:07:31	7.09	0.01	26	18434	买盘
13:07:26	7.08	--	18	12744	卖盘
13:07:21	7.08	--	7	4956	卖盘
13:07:16	7.08	-0.01	3	2124	卖盘
13:07:11	7.09	--	127	90043	买盘
13:06:56	7.09	--	86	60974	买盘
13:06:41	7.09	--	20	14180	买盘
13:06:31	7.09	0.01	3	2127	买盘
13:06:11	7.08	--	55	38940	卖盘
13:06:01	7.08	--	52	36837	卖盘
13:05:56	7.08	-0.01	108	76641	卖盘
13:05:31	7.09	-0.01	133	94523	卖盘
13:05:26	7.1	0.01	60	42600	买盘
13:05:21	7.09	--	7	4963	卖盘
13:05:11	7.09	--	149	105641	卖盘
13:05:05	7.09	--	19	13471	卖盘
13:05:01	7.09	--	109	77763	买盘
13:04:56	7.09	--	28	19852	买盘
13:04:50	7.09	--	12	8508	买盘
13:04:35	7.09	-0.01	167	118629	卖盘
13:04:31	7.1	--	3	2130	买盘
13:04:26	7.1	0.01	185	131350	买盘
13:04:16	7.09	-0.01	12	8508	卖盘
13:04:11	7.1	0.01	191	135610	买盘
13:04:01	7.09	--	100	70900	卖盘
13:03:41	7.09	--	392	278410	买盘
13:03:31	7.09	--	0	0	买盘
13:03:26	7.09	0.02	5	3545	买盘
13:03:11	7.07	-0.02	40	28280	卖盘
13:03:05	7.09	0.02	217	153853	买盘
13:03:01	7.07	--	0	0	卖盘
13:02:56	7.07	-0.02	160	113317	卖盘
13:02:50	7.09	0.01	81	57429	买盘
13:02:31	7.08	--	220	156170	买盘
13:02:26	7.08	--	50	35400	买盘
13:02:11	7.08	0.01	170	120360	买盘
13:02:01	7.07	--	50	35350	卖盘
13:01:46	7.07	--	1	707	卖盘
13:01:41	7.07	0.01	22	16147	买盘
13:01:31	7.06	-0.01	2	1412	卖盘
13:01:20	7.07	0.01	40	28280	买盘
13:01:05	7.06	-0.01	4	2824	卖盘
13:00:55	7.07	--	200	141400	买盘
13:00:15	7.07	0.01	18	12726	买盘
13:00:10	7.06	--	156	110489	卖盘
13:00:05	7.06	0.01	1078	761632	买盘
11:30:00	7.05	--	0	0	卖盘
11:29:59	7.05	--	0	0	卖盘
11:29:51	7.05	-0.02	160	112997	卖盘
11:29:31	7.07	--	20	14140	买盘
11:29:16	7.07	--	188	133029	卖盘
11:29:01	7.07	-0.01	1	707	卖盘
11:28:55	7.08	0.01	16	11328	买盘
11:28:25	7.07	--	58	41006	卖盘
11:28:06	7.07	--	12	8484	卖盘
11:28:01	7.07	0.01	894	632651	买盘
11:27:55	7.06	--	10	7060	买盘
11:27:40	7.06	--	5	3530	买盘
11:27:36	7.06	--	3	2118	买盘
11:27:10	7.06	--	5	3530	买盘
11:27:06	7.06	--	3	2118	买盘
11:27:01	7.06	0.01	1	706	买盘
11:26:55	7.05	-0.01	49	34827	卖盘
11:26:51	7.06	0.01	5	3530	买盘
11:26:46	7.05	-0.01	110	78170	卖盘
11:26:40	7.06	--	1	706	买盘
11:26:36	7.06	--	104	73424	买盘
11:26:31	7.06	--	87	61422	买盘
11:26:25	7.06	--	5	3530	买盘
11:26:16	7.06	--	200	141200	买盘
11:26:10	7.06	--	20	14120	买盘
11:26:06	7.06	--	3	2118	买盘
11:26:01	7.06	--	8	5648	买盘
11:25:36	7.06	0.01	14	9884	买盘
11:25:31	7.05	--	10	7050	卖盘
11:25:21	7.05	-0.01	1	705	卖盘
11:25:16	7.06	--	20	14120	买盘
11:25:06	7.06	--	4	2824	买盘
11:24:55	7.06	--	75	52950	买盘
11:24:40	7.06	--	1	706	买盘
11:24:34	7.06	--	3	2118	买盘
11:24:25	7.06	--	23	16238	买盘
11:24:16	7.06	--	68	48008	买盘
11:24:10	7.06	--	21	14826	买盘
11:24:04	7.06	--	4	2824	买盘
11:23:55	7.06	0.01	93	65658	买盘
11:23:49	7.05	--	47	33487	卖盘
11:23:46	7.05	--	112	79509	卖盘
11:23:40	7.05	-0.01	59	41595	卖盘
11:23:34	7.06	--	34	24004	买盘
11:23:30	7.06	0.01	68	48008	买盘
11:23:25	7.05	--	4	2820	卖盘
11:23:19	7.05	-0.01	326	229830	卖盘
11:23:15	7.06	--	68	48008	买盘
11:23:04	7.06	--	3	2118	买盘
11:23:00	7.06	--	68	48008	买盘
11:22:55	7.06	0.01	63	44478	买盘
11:22:45	7.05	--	158	111587	买盘
11:22:40	7.05	--	151	106455	买盘
11:22:34	7.05	--	151	106455	买盘
11:22:30	7.05	--	100	70500	买盘
11:22:25	7.05	--	44	31020	买盘
11:22:19	7.05	--	8	5640	买盘
11:22:15	7.05	--	90	63450	买盘
11:22:10	7.05	--	52	37012	买盘
11:22:04	7.05	--	4	2820	买盘
11:22:00	7.05	--	42	29610	买盘
11:21:55	7.05	--	28	19740	买盘
11:21:45	7.05	0.01	222	156510	买盘
11:21:40	7.04	-0.01	31	21824	卖盘
11:21:34	7.05	0.01	23	16215	买盘
11:21:30	7.04	-0.01	46	32384	卖盘
11:21:25	7.05	--	10	7050	买盘
11:21:15	7.05	--	194	136925	卖盘
11:21:10	7.05	-0.01	47	33135	卖盘
11:21:04	7.06	0.01	4	2824	买盘
11:20:55	7.05	--	2	1410	卖盘
11:20:49	7.05	--	190	134147	卖盘
11:20:45	7.05	--	301	212557	卖盘
11:20:40	7.05	-0.01	40	28200	卖盘
11:20:34	7.06	0.01	3	2118	买盘
11:20:30	7.05	--	45	31725	卖盘
11:20:15	7.05	--	2	1410	买盘
11:20:10	7.05	-0.01	20	14100	买盘
11:20:04	7.06	0.01	1328	937568	买盘
11:20:00	7.05	--	523	368715	买盘
11:19:55	7.05	--	2	1410	买盘
11:19:34	7.05	0.01	81	57105	买盘
11:19:30	7.04	-0.02	2268	1596672	卖盘
11:19:25	7.06	--	80	56480	买盘
11:19:19	7.06	--	20	14120	买盘
11:19:10	7.06	--	161	113666	买盘
11:19:04	7.06	--	57	40354	卖盘
11:19:00	7.06	--	7	4942	卖盘
11:18:49	7.06	--	89	63187	卖盘
11:18:45	7.06	-0.01	2	1412	卖盘
11:18:34	7.07	0.01	5	3535	买盘
11:18:28	7.06	--	226	159556	卖盘
11:18:25	7.06	--	1	706	卖盘
11:18:19	7.06	--	7	4942	卖盘
11:18:10	7.06	--	23	16238	卖盘
11:18:04	7.06	-0.01	238	168028	卖盘
11:17:58	7.07	0.01	50	35350	买盘
11:17:54	7.06	--	23	16238	卖盘
11:17:49	7.06	--	8	5648	卖盘
11:17:39	7.06	--	166	117393	卖盘
11:17:34	7.06	-0.01	321	226626	卖盘
11:17:28	7.07	0.01	59	41713	买盘
11:17:19	7.06	-0.01	1	706	卖盘
11:17:04	7.07	0.01	27	19089	买盘
11:16:58	7.06	-0.01	2	1412	卖盘
11:16:54	7.07	--	11	7777	买盘
11:16:49	7.07	0.01	9	6363	买盘
11:16:43	7.06	--	150	105900	卖盘
11:16:39	7.06	-0.01	2	1412	卖盘
11:16:34	7.07	0.01	503	355621	买盘
11:16:24	7.06	-0.01	2	1412	卖盘
11:16:19	7.07	--	184	130088	买盘
11:16:13	7.07	--	146	103222	买盘
11:16:04	7.07	0.01	10	7070	买盘
11:15:49	7.06	-0.01	22	15532	卖盘
11:15:34	7.07	--	8	5656	买盘
11:15:28	7.07	--	7	4949	买盘
11:15:24	7.07	--	161	113827	卖盘
11:15:13	7.07	0.01	10	7070	卖盘
11:15:09	7.06	--	0	0	卖盘
11:15:04	7.06	--	4	2824	卖盘
11:14:58	7.06	-0.01	187	132022	卖盘
11:14:54	7.07	0.01	90	63630	买盘
11:14:49	7.06	-0.01	2	1412	卖盘
11:14:39	7.07	--	159	112907	买盘
11:14:34	7.07	--	193	136861	买盘
11:14:28	7.07	0.01	8	5656	买盘
11:14:24	7.06	--	18	12708	卖盘
11:14:19	7.06	-0.01	2	1412	卖盘
11:14:13	7.07	--	65	45955	买盘
11:14:04	7.07	--	5	3535	买盘
11:13:58	7.07	0.01	88	62216	买盘
11:13:49	7.06	-0.01	3	2118	卖盘
11:13:39	7.07	--	10	7070	买盘
11:13:34	7.07	0.01	3	2121	买盘
11:13:28	7.06	-0.01	201	141906	卖盘
11:13:24	7.07	0.01	20	14140	买盘
11:13:13	7.06	-0.01	2	1412	卖盘
11:13:04	7.07	0.01	14	9898	买盘
11:12:58	7.06	-0.01	200	141200	卖盘
11:12:54	7.07	--	20	14140	买盘
11:12:43	7.07	0.01	11	7777	买盘
11:12:39	7.06	-0.01	66	46949	卖盘
11:12:34	7.07	0.01	14	9898	买盘
11:12:28	7.06	--	2	1412	卖盘
11:12:22	7.06	-0.01	1	706	卖盘
11:12:19	7.07	--	75	53025	买盘
11:12:07	7.07	--	78	55146	买盘
11:12:04	7.07	--	3	2121	买盘
11:11:58	7.07	--	30	21210	买盘
11:11:52	7.07	0.01	34	24038	买盘
11:11:49	7.06	--	78	55068	卖盘
11:11:43	7.06	--	70	49420	卖盘
11:11:37	7.06	-0.01	56	39627	卖盘
11:11:34	7.07	--	165	116761	买盘
11:11:19	7.07	--	100	70700	买盘
11:11:07	7.07	--	63	44541	买盘
11:11:03	7.07	0.01	119	84133	买盘
11:10:58	7.06	--	65	45890	买盘
11:10:52	7.06	--	30	21180	买盘
11:10:48	7.06	--	63	44478	买盘
11:10:37	7.06	--	34	24004	买盘
11:10:33	7.06	--	5	3530	买盘
11:10:28	7.06	0.01	50	35300	买盘
11:10:22	7.05	--	46	32430	卖盘
11:10:13	7.05	-0.01	4	2820	卖盘
11:10:07	7.06	0.01	6	4236	买盘
11:10:03	7.05	--	100	70500	卖盘
11:09:58	7.05	--	75	52875	卖盘
11:09:52	7.05	-0.01	12	8460	卖盘
11:09:48	7.06	0.01	11	7766	买盘
11:09:43	7.05	-0.01	238	167790	卖盘
11:09:33	7.06	0.01	13	9178	买盘
11:09:28	7.05	--	1071	755055	卖盘
11:09:22	7.05	-0.01	98	69090	卖盘
11:09:18	7.06	--	240	169440	买盘
11:09:03	7.06	--	37	26122	买盘
11:08:58	7.06	--	61	43066	买盘
11:08:52	7.06	--	10	7060	买盘
11:08:48	7.06	--	427	301991	卖盘
11:08:43	7.06	--	3	2118	卖盘
11:08:37	7.06	-0.01	61	43157	卖盘
11:08:33	7.07	0.01	153	108277	买盘
11:08:22	7.06	-0.01	325	229450	卖盘
11:08:13	7.07	--	120	84840	买盘
11:08:07	7.07	--	205	144935	买盘
11:07:58	7.07	0.01	10	7070	买盘
11:07:52	7.06	--	36	25416	卖盘
11:07:48	7.06	--	35	24710	卖盘
11:07:43	7.06	--	19	13414	卖盘
11:07:37	7.06	--	300	211800	卖盘
11:07:33	7.06	--	60	42360	卖盘
11:07:28	7.06	--	111	78366	卖盘
11:07:22	7.06	--	39	27534	卖盘
11:07:13	7.06	-0.01	10	7060	卖盘
11:07:07	7.07	0.01	4	2828	买盘
11:06:58	7.06	--	5	3530	卖盘
11:06:52	7.06	--	80	56480	卖盘
11:06:43	7.06	-0.01	9	6354	卖盘
11:06:37	7.07	0.01	64	45248	买盘
11:06:33	7.06	--	51	36006	卖盘
11:06:18	7.06	-0.01	43	30358	卖盘
11:06:13	7.07	--	15	10605	买盘
11:06:07	7.07	0.01	5	3535	买盘
11:05:58	7.06	--	44	31064	卖盘
11:05:52	7.06	-0.01	65	45890	卖盘
11:05:43	7.07	--	100	70700	买盘
11:05:37	7.07	0.01	48	33964	买盘
11:05:31	7.06	-0.01	115	81359	卖盘
11:05:22	7.07	--	0	0	卖盘
11:05:16	7.07	--	132	93324	卖盘
11:05:13	7.07	-0.01	174	123018	卖盘
11:05:07	7.08	0.01	4	2832	买盘
11:04:58	7.07	--	24	16968	卖盘
11:04:52	7.07	--	63	44541	买盘
11:04:46	7.07	--	23	16261	买盘
11:04:42	7.07	--	11	7777	买盘
11:04:37	7.07	--	4	2828	买盘
11:04:31	7.07	-0.01	7	4949	中性盘
11:04:27	7.08	0.01	1310	927926	买盘
11:04:12	7.07	-0.01	7	4949	中性盘
11:04:07	7.08	0.01	53	37524	买盘
11:03:57	7.07	--	1	707	卖盘
11:03:52	7.07	--	5	3535	买盘
11:03:42	7.07	-0.01	10	7070	买盘
11:03:37	7.08	0.01	11	7788	买盘
11:03:31	7.07	--	10	7070	买盘
11:03:27	7.07	--	80	56560	买盘
11:03:22	7.07	-0.01	7	4949	中性盘
11:03:16	7.08	0.01	11	7788	买盘
11:03:12	7.07	0.01	5	3535	中性盘
11:03:07	7.06	-0.01	69	48714	卖盘
11:02:52	7.07	-0.01	24	16968	中性盘
11:02:46	7.08	0.02	50	35400	买盘
11:02:42	7.06	-0.02	23	16238	卖盘
11:02:37	7.08	0.02	4	2832	买盘
11:02:31	7.06	-0.01	168	118805	卖盘
11:02:27	7.07	--	7	4949	卖盘
11:02:22	7.07	--	4	2828	卖盘
11:02:12	7.07	-0.01	384	271488	卖盘
11:02:07	7.08	0.01	28	19824	买盘
11:02:01	7.07	--	230	162610	卖盘
11:01:46	7.07	-0.01	55	38885	卖盘
11:01:37	7.08	--	3	2124	买盘
11:01:31	7.08	0.01	51	36108	买盘
11:01:16	7.07	--	33	23331	卖盘
11:01:12	7.07	-0.01	43	30401	卖盘
11:01:07	7.08	--	4	2832	买盘
11:00:52	7.08	--	28	19824	买盘
11:00:46	7.08	--	327	231792	卖盘
11:00:42	7.08	-0.01	20	14160	卖盘
11:00:37	7.09	0.01	4	2836	买盘
11:00:31	7.08	--	18	12744	卖盘
11:00:22	7.08	0.01	386	273571	买盘
11:00:16	7.07	--	100	70700	卖盘
11:00:11	7.07	--	50	35350	卖盘
11:00:07	7.07	--	13	9191	卖盘
10:59:57	7.07	--	62	43982	买盘
10:59:52	7.07	0.01	130	91910	买盘
10:59:46	7.06	-0.01	226	159909	卖盘
10:59:40	7.07	--	50	35350	买盘
10:59:37	7.07	--	40	28280	买盘
10:59:31	7.07	0.01	192	135941	买盘
10:59:25	7.06	--	20	14120	卖盘
10:59:22	7.06	-0.01	134	94604	卖盘
10:59:16	7.07	--	100	70700	买盘
10:59:10	7.07	--	50	35350	买盘
10:59:07	7.07	--	206	145642	买盘
10:59:01	7.07	--	10	7070	买盘
10:58:55	7.07	--	15	10605	买盘
10:58:52	7.07	--	1	707	买盘
10:58:46	7.07	-0.01	311	220435	卖盘
10:58:40	7.08	--	47	33276	买盘
10:58:36	7.08	0.01	103	72924	买盘
10:58:31	7.07	-0.01	100	70700	卖盘
10:58:25	7.08	--	10	7080	买盘
10:58:21	7.08	--	1552	1098816	买盘
10:58:16	7.08	--	10	7080	买盘
10:58:10	7.08	0.01	1	708	买盘
10:58:06	7.07	-0.01	16	11312	卖盘
10:58:01	7.08	--	158	112288	卖盘
10:57:51	7.08	-0.01	163	115758	卖盘
10:57:36	7.09	0.01	3	2127	买盘
10:57:21	7.08	-0.01	528	373824	卖盘
10:57:06	7.09	0.01	4	2836	买盘
10:56:51	7.08	-0.01	1	708	卖盘
10:56:40	7.09	--	5	3545	买盘
10:56:36	7.09	0.01	4	2836	买盘
10:56:31	7.08	--	54	38904	卖盘
10:56:25	7.08	-0.01	105	74573	卖盘
10:56:21	7.09	--	138	97842	卖盘
10:56:10	7.09	--	1	709	买盘
10:56:06	7.09	--	8	5672	买盘
10:55:46	7.09	--	30	21270	买盘
10:55:36	7.09	0.01	11	7799	买盘
10:55:31	7.08	-0.02	60	42480	卖盘
10:55:25	7.1	--	1	710	买盘
10:55:21	7.1	--	0	0	买盘
10:55:16	7.1	0.01	1484	1053838	买盘
10:55:10	7.09	-0.01	100	70900	卖盘
10:55:06	7.1	0.01	4	2840	买盘
10:54:46	7.09	-0.01	65	46085	卖盘
10:54:36	7.1	0.01	3	2130	买盘
10:54:31	7.09	--	123	87207	卖盘
10:54:25	7.09	--	22	15598	卖盘
10:54:10	7.09	--	8	5672	买盘
10:54:06	7.09	--	4	2836	买盘
10:54:01	7.09	--	63	44667	买盘
10:53:55	7.09	--	5	3545	买盘
10:53:51	7.09	--	12	8508	买盘
10:53:46	7.09	-0.01	10	7090	中性盘
10:53:34	7.1	0.02	289	205190	买盘
10:53:31	7.08	-0.01	68	48795	卖盘
10:53:25	7.09	--	147	104478	买盘
10:53:19	7.09	--	63	44667	买盘
10:53:16	7.09	--	91	64519	买盘
10:53:10	7.09	--	24	17016	买盘
10:53:04	7.09	--	4	2836	买盘
10:53:01	7.09	--	142	100678	买盘
10:52:55	7.09	0.01	261	185049	买盘
10:52:49	7.08	-0.01	118	83544	卖盘
10:52:40	7.09	--	50	35450	买盘
10:52:34	7.09	--	54	38286	买盘
10:52:31	7.09	--	37	26233	买盘
10:52:19	7.09	--	26	18434	买盘
10:52:04	7.09	0.01	3	2127	买盘
10:52:00	7.08	-0.01	20	14160	卖盘
10:51:45	7.09	--	1	709	买盘
10:51:34	7.09	0.01	24	17016	买盘
10:51:30	7.08	--	0	0	卖盘
10:51:25	7.08	-0.01	149	105492	卖盘
10:51:15	7.09	--	2	1418	卖盘
10:51:10	7.09	--	118	83662	卖盘
10:51:04	7.09	--	24	17016	卖盘
10:51:00	7.09	--	14	9926	卖盘
10:50:55	7.09	--	169	120331	买盘
10:50:40	7.09	--	11	7799	买盘
10:50:34	7.09	0.01	3	2127	买盘
10:50:30	7.08	--	10	7080	卖盘
10:50:25	7.08	-0.01	237	167994	卖盘
10:50:19	7.09	0.01	10	7090	买盘
10:50:10	7.08	-0.01	14	9912	卖盘
10:50:04	7.09	--	4	2836	买盘
10:50:00	7.09	0.01	50	35450	买盘
10:49:45	7.08	--	301	213108	卖盘
10:49:40	7.08	-0.01	200	141600	卖盘
10:49:34	7.09	--	3	2127	买盘
10:49:30	7.09	0.01	75	53175	买盘
10:49:15	7.08	-0.01	50	35400	卖盘
10:49:10	7.09	0.01	135	96069	买盘
10:49:04	7.08	--	54	38232	卖盘
10:48:55	7.08	--	10	7080	卖盘
10:48:40	7.08	-0.01	56	39648	卖盘
10:48:34	7.09	--	7	4963	买盘
10:48:25	7.09	--	33	23397	买盘
10:48:15	7.09	--	1	709	买盘
10:48:04	7.09	--	3	2127	买盘
10:47:55	7.09	--	32	22688	买盘
10:47:45	7.09	--	220	155980	买盘
10:47:40	7.09	--	124	87916	买盘
10:47:34	7.09	--	9	6381	买盘
10:47:25	7.09	--	242	171776	买盘
10:47:13	7.09	--	220	155980	买盘
10:47:10	7.09	--	106	75154	买盘
10:47:04	7.09	0.01	4	2836	买盘
10:46:55	7.08	--	1	708	卖盘
10:46:40	7.08	-0.01	17	12036	卖盘
10:46:34	7.09	0.01	8	5672	买盘
10:46:19	7.08	-0.01	87	61596	卖盘
10:46:04	7.09	0.01	4	2836	买盘
10:45:55	7.08	--	28	19824	卖盘
10:45:39	7.08	-0.01	150	106200	卖盘
10:45:34	7.09	0.01	9	6381	买盘
10:45:28	7.08	-0.01	33	23364	卖盘
10:45:24	7.09	0.01	115	81535	买盘
10:45:13	7.08	--	10	7080	卖盘
10:45:04	7.08	-0.01	5	3540	卖盘
10:44:54	7.09	--	8	5672	买盘
10:44:49	7.09	0.01	39	27651	买盘
10:44:39	7.08	-0.01	1	708	卖盘
10:44:34	7.09	0.01	4	2836	买盘
10:44:24	7.08	--	46	33219	卖盘
10:44:19	7.08	-0.01	113	80258	卖盘
10:44:13	7.09	--	276	195684	买盘
10:44:04	7.09	0.01	143	101387	买盘
10:43:58	7.08	--	81	57348	卖盘
10:43:54	7.08	--	16	11328	卖盘
10:43:49	7.08	--	3	2124	卖盘
10:43:39	7.08	-0.01	9	6372	卖盘
10:43:34	7.09	--	4	2836	买盘
10:43:24	7.09	0.01	49	34741	买盘
10:43:19	7.08	--	51	36108	卖盘
10:43:09	7.08	-0.01	3	2124	卖盘
10:43:04	7.09	--	4	2836	买盘
10:42:58	7.09	0.01	20	14180	买盘
10:42:54	7.08	--	53	37524	卖盘
10:42:49	7.08	--	1	708	卖盘
10:42:34	7.08	--	38	26904	卖盘
10:42:19	7.08	--	75	53100	卖盘
10:42:13	7.08	-0.01	227	160716	卖盘
10:42:09	7.09	--	71	50339	买盘
10:42:04	7.09	0.01	4	2836	买盘
10:41:39	7.08	-0.01	100	70800	卖盘
10:41:34	7.09	--	4	2836	买盘
10:41:28	7.09	0.01	1	709	买盘
10:41:19	7.08	--	338	239502	卖盘
10:41:13	7.08	-0.01	99	70092	卖盘
10:41:04	7.09	0.01	189	134001	买盘
10:40:58	7.08	-0.01	148	104784	卖盘
10:40:49	7.09	--	63	44667	买盘
10:40:34	7.09	--	24	17016	买盘
10:40:28	7.09	--	7	4963	买盘
10:40:22	7.09	--	2	1418	买盘
10:40:19	7.09	--	312	221208	买盘
10:40:13	7.09	0.01	50	35450	买盘
10:40:07	7.08	-0.01	5	3540	卖盘
10:40:03	7.09	--	3	2127	买盘
10:39:49	7.09	--	10	7090	买盘
10:39:43	7.09	--	50	35450	买盘
10:39:34	7.09	0.01	29	20561	买盘
10:39:28	7.08	-0.01	51	36108	卖盘
10:39:18	7.09	0.01	12	8508	买盘
10:39:13	7.08	--	1	708	卖盘
10:39:07	7.08	-0.01	7	4956	卖盘
10:39:03	7.09	0.01	5	3545	买盘
10:38:58	7.08	--	100	70800	卖盘
10:38:52	7.08	--	33	23364	买盘
10:38:48	7.08	--	249	176292	买盘
10:38:43	7.08	--	10	7080	买盘
10:38:37	7.08	--	24	16992	买盘
10:38:33	7.08	--	191	135228	买盘
10:38:28	7.08	0.01	81	57348	买盘
10:38:18	7.07	-0.01	160	113317	卖盘
10:38:13	7.08	--	100	70800	买盘
10:38:07	7.08	--	276	195408	买盘
10:38:03	7.08	0.01	143	101244	买盘
10:37:58	7.07	-0.01	2	1414	卖盘
10:37:52	7.08	--	40	28320	买盘
10:37:48	7.08	0.01	40	28320	买盘
10:37:37	7.07	-0.01	29	20503	卖盘
10:37:33	7.08	--	54	38232	买盘
10:37:28	7.08	--	124	87792	买盘
10:37:22	7.08	0.01	14	9912	买盘
10:37:13	7.07	-0.01	67	47369	卖盘
10:37:07	7.08	--	23	16284	买盘
10:37:03	7.08	0.01	4	2832	中性盘
10:36:58	7.07	-0.01	319	225533	卖盘
10:36:48	7.08	--	40	28320	买盘
10:36:37	7.08	--	120	84960	买盘
10:36:33	7.08	--	10	7080	买盘
10:36:28	7.08	--	97	68676	买盘
10:36:18	7.08	--	32	22656	卖盘
10:36:13	7.08	-0.01	92	65136	中性盘
10:36:07	7.09	0.01	223	158107	买盘
10:35:58	7.08	-0.01	554	392501	卖盘
10:35:52	7.09	0.01	182	129392	买盘
10:35:48	7.08	-0.01	20	14160	卖盘
10:35:43	7.09	0.01	67	47503	买盘
10:35:37	7.08	--	155	110094	卖盘
10:35:33	7.08	--	330	233640	卖盘
10:35:22	7.08	--	453	320943	卖盘
10:35:18	7.08	--	113	80690	卖盘
10:35:07	7.08	--	71	50622	卖盘
10:34:58	7.08	--	60	42480	卖盘
10:34:52	7.08	-0.01	48	33984	卖盘
10:34:43	7.09	--	177	125493	买盘
10:34:37	7.09	0.01	3	2127	买盘
10:34:31	7.08	--	0	354	卖盘
10:34:28	7.08	-0.01	25	17700	卖盘
10:34:22	7.09	0.01	663	470421	买盘
10:34:13	7.08	-0.01	124	88146	卖盘
10:34:07	7.09	--	4	2836	买盘
10:33:58	7.09	0.01	21	14889	买盘
10:33:52	7.08	--	187	132396	卖盘
10:33:42	7.08	-0.01	78	55224	卖盘
10:33:37	7.09	0.01	4	2836	买盘
10:33:31	7.08	--	141	99828	卖盘
10:33:27	7.08	--	2	1416	卖盘
10:33:22	7.08	--	37	26550	卖盘
10:33:16	7.08	-0.01	214	151512	卖盘
10:33:13	7.09	0.01	200	141800	买盘
10:33:07	7.08	-0.01	68	48144	卖盘
10:33:01	7.09	--	115	81535	卖盘
10:32:57	7.09	--	1	709	卖盘
10:32:52	7.09	-0.01	52	36868	卖盘
10:32:46	7.1	--	5	3550	买盘
10:32:42	7.1	0.01	276	195960	买盘
10:32:37	7.09	--	154	109186	卖盘
10:32:22	7.09	--	3	2127	卖盘
10:32:16	7.09	0.01	87	61760	买盘
10:32:12	7.08	-0.01	115	81540	卖盘
10:32:07	7.09	--	295	209155	卖盘
10:31:57	7.09	--	5	3545	卖盘
10:31:52	7.09	--	1	709	卖盘
10:31:42	7.09	-0.01	20	14180	卖盘
10:31:37	7.1	0.01	7	4970	买盘
10:31:27	7.09	-0.01	301	213409	卖盘
10:31:22	7.1	--	10	7100	买盘
10:31:16	7.1	0.01	100	71000	买盘
10:31:12	7.09	--	4	2836	卖盘
10:31:07	7.09	--	440	311960	卖盘
10:30:57	7.09	--	100	70900	卖盘
10:30:42	7.09	-0.01	10	7090	卖盘
10:30:37	7.1	0.02	3	2130	买盘
10:30:31	7.08	--	100	70800	卖盘
10:30:27	7.08	-0.02	332	235056	卖盘
10:30:22	7.1	0.01	313	222230	买盘
10:30:07	7.09	--	24	17016	买盘
10:30:01	7.09	--	27	19143	买盘
10:29:52	7.09	--	40	28360	买盘
10:29:46	7.09	--	286	202774	买盘
10:29:42	7.09	-0.01	15	10989	卖盘
10:29:37	7.1	--	9	6390	买盘
10:29:22	7.1	0.01	80	56800	买盘
10:29:16	7.09	0.01	77	54777	卖盘
10:29:12	7.08	-0.01	104	74000	卖盘
10:29:07	7.09	--	13	9415	买盘
10:29:01	7.09	--	32	22688	买盘
10:28:57	7.09	--	50	35450	买盘
10:28:52	7.09	--	20	14180	买盘
10:28:46	7.09	-0.01	913	647827	卖盘
10:28:37	7.1	0.01	219	155490	买盘
10:28:31	7.09	--	7	4963	卖盘
10:28:27	7.09	--	50	35450	卖盘
10:28:21	7.09	--	396	280764	卖盘
10:28:16	7.09	-0.01	25	17725	卖盘
10:28:07	7.1	--	4	2840	买盘
10:28:01	7.1	--	331	235010	买盘
10:27:52	7.1	0.01	2	1775	买盘
10:27:46	7.09	-0.01	4	2836	卖盘
10:27:36	7.1	--	3	2130	买盘
10:27:31	7.1	0.01	34	24140	买盘
10:27:25	7.09	-0.01	11	7799	卖盘
10:27:21	7.1	--	244	173240	买盘
10:27:10	7.1	0.01	5	3550	买盘
10:27:06	7.09	-0.01	16	11344	卖盘
10:27:01	7.1	0.01	65	46150	买盘
10:26:51	7.09	--	2	1418	卖盘
10:26:36	7.09	-0.01	168	119112	卖盘
10:26:21	7.1	--	195	138450	买盘
10:26:16	7.1	0.01	67	48059	买盘
10:26:10	7.09	--	99	70609	卖盘
10:26:06	7.09	-0.01	31	21979	卖盘
10:26:01	7.1	--	3	2130	买盘
10:25:55	7.1	--	2	1420	买盘
10:25:51	7.1	--	5	3550	买盘
10:25:46	7.1	--	10	7100	买盘
10:25:36	7.1	--	4	2840	买盘
10:25:31	7.1	0.01	10	7100	买盘
10:25:25	7.09	-0.01	10	7090	卖盘
10:25:21	7.1	0.01	58	41180	买盘
10:25:16	7.09	-0.01	4	2836	卖盘
10:25:06	7.1	0.01	20	14200	买盘
10:24:55	7.09	-0.01	3	2127	卖盘
10:24:51	7.1	--	9	6390	买盘
10:24:46	7.1	0.01	20	14555	买盘
10:24:36	7.09	--	283	200647	卖盘
10:24:31	7.09	--	105	74445	卖盘
10:24:25	7.09	--	610	432490	卖盘
10:24:21	7.09	--	71	50339	卖盘
10:24:16	7.09	-0.01	209	148181	卖盘
10:24:06	7.1	0.01	6	4260	买盘
10:23:55	7.09	--	57	40413	卖盘
10:23:46	7.09	--	40	28360	卖盘
10:23:40	7.09	-0.01	3	2127	卖盘
10:23:36	7.1	--	3	2130	买盘
10:23:21	7.1	0.01	138	97980	买盘
10:23:16	7.09	--	56	39704	卖盘
10:23:10	7.09	-0.01	162	115056	卖盘
10:23:06	7.1	--	4	2840	买盘
10:22:40	7.1	--	1	710	买盘
10:22:36	7.1	0.01	4	2840	买盘
10:22:25	7.09	-0.01	12	8508	卖盘
10:22:10	7.1	--	20	14200	买盘
10:22:04	7.1	--	3	2130	买盘
10:22:00	7.1	0.01	11	7810	买盘
10:21:55	7.09	--	279	197811	卖盘
10:21:49	7.09	-0.01	4	2836	卖盘
10:21:46	7.1	--	333	236430	买盘
10:21:40	7.1	0.01	54	38340	买盘
10:21:34	7.09	--	72	51048	卖盘
10:21:30	7.09	-0.01	275	194975	卖盘
10:21:25	7.1	0.01	124	88040	买盘
10:21:19	7.09	--	831	589179	买盘
10:21:15	7.09	--	19	13471	买盘
10:21:04	7.09	--	3	2127	买盘
10:21:00	7.09	--	266	188594	买盘
10:20:55	7.09	0.01	148	104932	买盘
10:20:49	7.08	-0.01	105	74340	卖盘
10:20:40	7.09	0.01	30	21270	买盘
10:20:34	7.08	-0.01	34	24072	卖盘
10:20:30	7.09	0.01	7	4963	买盘
10:20:19	7.08	-0.01	4	2832	卖盘
10:20:15	7.09	--	475	337441	卖盘
10:20:10	7.09	-0.01	260	184538	卖盘
10:20:04	7.1	--	4	2840	买盘
10:20:00	7.1	0.01	10	7100	买盘
10:19:55	7.09	--	88	62392	卖盘
10:19:45	7.09	--	213	151371	卖盘
10:19:34	7.09	-0.01	23	16307	卖盘
10:19:30	7.1	0.01	340	241400	买盘
10:19:25	7.09	--	80	56720	卖盘
10:19:15	7.09	--	30	21270	卖盘
10:19:10	7.09	--	45	31905	卖盘
10:19:04	7.09	--	87	61683	卖盘
10:19:00	7.09	--	30	21270	卖盘
10:18:55	7.09	-0.01	40	28360	卖盘
10:18:49	7.1	0.01	9	6390	买盘
10:18:45	7.09	-0.01	20	14534	卖盘
10:18:40	7.1	--	10	7100	买盘
10:18:34	7.1	0.01	4	2840	买盘
10:18:30	7.09	-0.01	51	36159	卖盘
10:18:25	7.1	0.01	20	14200	买盘
10:18:15	7.09	-0.01	43	30487	卖盘
10:18:10	7.1	--	29	20590	买盘
10:18:04	7.1	0.01	13	9230	买盘
10:17:55	7.09	-0.01	56	39704	卖盘
10:17:49	7.1	0.01	13	9230	买盘
10:17:45	7.09	-0.01	51	36159	卖盘
10:17:40	7.1	--	338	239980	买盘
10:17:34	7.1	0.01	81	57510	买盘
10:17:30	7.09	--	100	70900	卖盘
10:17:25	7.09	--	159	112731	卖盘
10:17:19	7.09	--	10	7090	卖盘
10:17:10	7.09	--	116	82293	卖盘
10:17:04	7.09	-0.01	114	80974	卖盘
10:17:00	7.1	--	2	1420	买盘
10:16:55	7.1	0.01	29	20590	买盘
10:16:49	7.09	-0.01	0	354	卖盘
10:16:34	7.1	0.01	14	9940	买盘
10:16:25	7.09	--	62	43958	卖盘
10:16:19	7.09	--	25	17725	卖盘
10:16:10	7.09	-0.01	44	31196	卖盘
10:16:04	7.1	--	4	2840	买盘
10:15:55	7.1	--	996	707160	买盘
10:15:49	7.1	0.01	100	71000	买盘
10:15:45	7.09	--	50	35450	卖盘
10:15:39	7.09	-0.01	125	88625	卖盘
10:15:34	7.1	--	151	107210	买盘
10:15:25	7.1	--	21	14910	买盘
10:15:19	7.1	0.01	10	7100	买盘
10:15:13	7.09	-0.01	6	4254	卖盘
10:15:04	7.1	-0.01	1628	1156391	卖盘
10:14:58	7.11	0.01	64	45504	买盘
10:14:54	7.1	-0.01	35	24850	卖盘
10:14:49	7.11	0.01	9	6399	买盘
10:14:43	7.1	--	22	15620	卖盘
10:14:39	7.1	-0.01	13	9230	卖盘
10:14:34	7.11	0.01	24	17064	买盘
10:14:28	7.1	--	38	26980	卖盘
10:14:24	7.1	--	12	8520	卖盘
10:14:19	7.1	--	180	127800	卖盘
10:14:09	7.1	-0.01	53	38311	卖盘
10:14:04	7.11	0.01	135	96212	买盘
10:13:58	7.1	--	11	7810	卖盘
10:13:54	7.1	-0.01	155	110050	卖盘
10:13:49	7.11	--	17	12087	买盘
10:13:43	7.11	--	138	98118	买盘
10:13:39	7.11	--	80	56880	买盘
10:13:34	7.11	--	4	2844	买盘
10:13:28	7.11	--	27	19197	买盘
10:13:24	7.11	0.01	10	7110	买盘
10:13:19	7.1	-0.01	55	39050	卖盘
10:13:09	7.11	--	41	29151	买盘
10:13:04	7.11	-0.01	1351	960916	卖盘
10:12:58	7.12	0.01	138	98256	买盘
10:12:54	7.11	--	11	7821	卖盘
10:12:49	7.11	--	6	4266	卖盘
10:12:43	7.11	--	24	17064	卖盘
10:12:39	7.11	-0.01	47	33417	卖盘
10:12:34	7.12	0.01	953	678536	买盘
10:12:24	7.11	-0.01	1236	878796	卖盘
10:12:19	7.12	--	12	8544	买盘
10:12:13	7.12	--	1	712	买盘
10:12:09	7.12	--	39	27768	买盘
10:12:04	7.12	--	328	233536	买盘
10:11:58	7.12	--	138	98256	买盘
10:11:54	7.12	--	2	1424	买盘
10:11:49	7.12	--	13	9256	买盘
10:11:34	7.12	0.01	11	7832	买盘
10:11:28	7.11	--	61	43371	卖盘
10:11:04	7.11	-0.02	230	163530	卖盘
10:10:58	7.13	0.01	20	14260	买盘
10:10:49	7.12	--	14	9968	卖盘
10:10:43	7.12	--	263	187256	卖盘
10:10:39	7.12	-0.01	2	1424	卖盘
10:10:34	7.13	0.01	25	17825	买盘
10:10:28	7.12	--	170	121040	卖盘
10:10:24	7.12	-0.01	40	28480	卖盘
10:10:18	7.13	--	20	14260	买盘
10:10:13	7.13	0.01	300	213900	买盘
10:10:09	7.12	-0.01	131	93272	卖盘
10:10:04	7.13	0.01	103	73439	买盘
10:09:54	7.12	-0.01	5	3560	卖盘
10:09:49	7.13	0.01	112	79856	买盘
10:09:39	7.12	--	59	42008	卖盘
10:09:34	7.12	--	245	174440	卖盘
10:09:28	7.12	-0.01	20	14240	卖盘
10:09:19	7.13	0.01	138	98394	买盘
10:09:07	7.12	-0.01	822	585264	卖盘
10:09:04	7.13	0.01	17	12121	买盘
10:08:58	7.12	--	13	9256	卖盘
10:08:49	7.12	--	108	76896	买盘
10:08:43	7.12	-0.01	62	44144	卖盘
10:08:33	7.13	0.01	3	2139	买盘
10:08:28	7.12	--	20	14240	卖盘
10:08:22	7.12	-0.01	500	356000	中性盘
10:08:18	7.13	0.01	40	28520	买盘
10:08:13	7.12	-0.01	177	126024	卖盘
10:08:03	7.13	0.01	662	472006	买盘
10:07:58	7.12	-0.01	561	399432	卖盘
10:07:52	7.13	--	10	7130	买盘
10:07:48	7.13	--	2	1426	买盘
10:07:43	7.13	--	11	7843	买盘
10:07:37	7.13	--	159	113367	买盘
10:07:33	7.13	--	58	41354	买盘
10:07:28	7.13	--	86	61318	买盘
10:07:22	7.13	--	20	14260	买盘
10:07:03	7.13	0.01	26	18538	买盘
10:06:58	7.12	-0.01	34	24208	卖盘
10:06:48	7.13	--	500	356500	买盘
10:06:33	7.13	--	90	64170	买盘
10:06:28	7.13	--	153	109089	买盘
10:06:18	7.13	0.01	20	14260	买盘
10:06:07	7.12	--	54	38448	卖盘
10:06:03	7.12	-0.01	227	161624	卖盘
10:05:58	7.13	--	100	71300	买盘
10:05:33	7.13	0.01	4	2852	买盘
10:05:22	7.12	-0.01	4	2848	卖盘
10:05:13	7.13	0.01	1	713	买盘
10:05:07	7.12	-0.01	126	89712	卖盘
10:05:03	7.13	0.01	4	2852	买盘
10:04:58	7.12	--	14	9968	卖盘
10:04:52	7.12	--	28	19936	卖盘
10:04:43	7.12	--	169	120328	买盘
10:04:37	7.12	0.01	104	74048	买盘
10:04:33	7.11	-0.01	20	14220	卖盘
10:04:28	7.12	0.01	417	296904	买盘
10:04:22	7.11	-0.01	62	44082	卖盘
10:04:18	7.12	0.01	1	712	买盘
10:04:07	7.11	-0.01	6	4266	卖盘
10:04:03	7.12	--	50	35600	买盘
10:03:57	7.12	--	50	35600	买盘
10:03:52	7.12	0.01	69	49128	买盘
10:03:48	7.11	--	1	711	卖盘
10:03:43	7.11	-0.01	85	60435	卖盘
10:03:37	7.12	--	53	37736	买盘
10:03:33	7.12	--	13	9256	买盘
10:03:27	7.12	--	10	7120	买盘
10:03:22	7.12	--	5	3560	买盘
10:03:18	7.12	-0.01	211	150588	卖盘
10:03:13	7.13	--	13	9269	买盘
10:03:07	7.13	--	20	14260	买盘
10:02:58	7.13	--	49	34937	买盘
10:02:52	7.13	0.01	245	174685	买盘
10:02:46	7.12	-0.01	88	63012	卖盘
10:02:43	7.13	0.01	30	21390	买盘
10:02:37	7.12	-0.01	619	440728	卖盘
10:02:31	7.13	--	5	3565	买盘
10:02:27	7.13	--	62	44206	买盘
10:02:22	7.13	0.01	19	13547	买盘
10:02:16	7.12	-0.01	10	7120	卖盘
10:02:12	7.13	--	10	7130	买盘
10:02:07	7.13	--	214	152582	买盘
10:02:01	7.13	0.01	40	28520	买盘
10:01:57	7.12	--	24	17088	卖盘
10:01:52	7.12	-0.01	110	78320	卖盘
10:01:42	7.13	--	50	35650	买盘
10:01:37	7.13	--	14	9982	买盘
10:01:31	7.13	0.01	54	38502	买盘
10:01:27	7.12	-0.01	4	2848	卖盘
10:01:22	7.13	0.01	20	14260	买盘
10:01:12	7.12	-0.01	539	383768	卖盘
10:01:07	7.13	--	14	9982	买盘
10:01:01	7.13	--	10	7130	买盘
10:00:57	7.13	--	285	203205	买盘
10:00:52	7.13	--	10	7130	买盘
10:00:42	7.13	--	23	16399	买盘
10:00:37	7.13	0.01	106	75578	买盘
10:00:31	7.12	-0.01	2	1424	卖盘
10:00:27	7.13	--	96	68448	买盘
10:00:22	7.13	0.01	30	21390	买盘
10:00:16	7.12	-0.01	500	356000	卖盘
10:00:12	7.13	--	60	42780	买盘
10:00:07	7.13	--	101	72013	买盘
10:00:01	7.13	0.01	10	7130	买盘
09:59:57	7.12	-0.01	25	17800	卖盘
09:59:52	7.13	--	19	13547	买盘
09:59:42	7.13	--	10	7130	买盘
09:59:37	7.13	--	14	9982	买盘
09:59:31	7.13	--	62	44206	买盘
09:59:27	7.13	--	118	84134	买盘
09:59:22	7.13	--	17	12548	卖盘
09:59:12	7.13	--	97	69446	买盘
09:59:07	7.13	0.01	330	235290	买盘
09:59:01	7.12	-0.01	40	28480	卖盘
09:58:57	7.13	--	80	57040	卖盘
09:58:52	7.13	--	42	29946	卖盘
09:58:46	7.13	--	2	1426	卖盘
09:58:42	7.13	--	20	14260	买盘
09:58:37	7.13	--	24	17112	买盘
09:58:31	7.13	-0.01	106	75578	卖盘
09:58:27	7.14	0.01	101	72114	买盘
09:58:22	7.13	--	221	157573	买盘
09:58:16	7.13	--	93	66309	卖盘
09:58:12	7.13	-0.01	52	37076	卖盘
09:58:07	7.14	--	54	38556	买盘
09:58:01	7.14	--	294	209916	买盘
09:57:52	7.14	--	30	21420	买盘
09:57:46	7.14	--	90	64260	买盘
09:57:37	7.14	--	82	58548	买盘
09:57:31	7.14	--	91	64974	买盘
09:57:27	7.14	--	105	74970	买盘
09:57:22	7.14	0.01	249	177786	买盘
09:57:12	7.13	-0.01	12	8556	中性盘
09:57:06	7.14	0.01	1615	1153110	买盘
09:57:01	7.13	0.01	87	62031	买盘
09:56:57	7.12	-0.01	1	712	卖盘
09:56:51	7.13	--	98	69874	买盘
09:56:46	7.13	0.01	101	72013	买盘
09:56:42	7.12	--	50	35600	卖盘
09:56:37	7.12	-0.01	85	60520	卖盘
09:56:31	7.13	0.01	10	7130	买盘
09:56:27	7.12	-0.01	159	113208	卖盘
09:56:22	7.13	--	23	16399	买盘
09:56:16	7.13	--	29	20677	买盘
09:56:10	7.13	--	17	12121	买盘
09:56:07	7.13	0.01	116	82708	买盘
09:56:01	7.12	-0.01	132	93984	卖盘
09:55:55	7.13	0.01	17	12121	买盘
09:55:51	7.12	-0.01	80	56960	卖盘
09:55:46	7.13	--	111	79143	买盘
09:55:40	7.13	--	143	101959	买盘
09:55:36	7.13	--	34	24242	买盘
09:55:31	7.13	0.01	29	20677	买盘
09:55:25	7.12	-0.01	30	21360	卖盘
09:55:21	7.13	0.01	18	12834	买盘
09:55:16	7.12	0.01	653	464936	买盘
09:55:10	7.11	-0.02	13	9243	卖盘
09:55:06	7.13	0.01	86	61318	买盘
09:55:01	7.12	--	118	84016	卖盘
09:54:55	7.12	--	26	18512	卖盘
09:54:51	7.12	--	47	33464	卖盘
09:54:40	7.12	--	187	133500	卖盘
09:54:36	7.12	0.01	310	221076	买盘
09:54:31	7.11	--	50	35550	卖盘
09:54:25	7.11	-0.01	131	93141	卖盘
09:54:21	7.12	0.01	50	35600	买盘
09:54:16	7.11	--	110	78210	卖盘
09:54:10	7.11	-0.01	4	2844	卖盘
09:54:06	7.12	0.01	83	59096	买盘
09:54:01	7.11	-0.01	2	1422	卖盘
09:53:55	7.12	0.01	76	54468	买盘
09:53:51	7.11	--	69	49059	买盘
09:53:46	7.11	--	531	377541	买盘
09:53:40	7.11	-0.01	88	62568	卖盘
09:53:36	7.12	0.01	4	2848	买盘
09:53:31	7.11	--	500	355500	卖盘
09:53:25	7.11	--	45	31995	买盘
09:53:21	7.11	-0.01	162	115182	买盘
09:53:16	7.12	0.02	32	22784	买盘
09:53:10	7.1	-0.01	280	198800	卖盘
09:53:06	7.11	--	2254	1602594	卖盘
09:53:01	7.11	-0.02	268	190548	卖盘
09:52:51	7.13	0.01	11	7843	买盘
09:52:46	7.12	--	43	30616	卖盘
09:52:40	7.12	-0.01	89	63368	卖盘
09:52:36	7.13	0.01	175	124775	买盘
09:52:31	7.12	-0.01	48	34176	卖盘
09:52:25	7.13	--	103	73439	买盘
09:52:21	7.13	-0.01	1309	933317	卖盘
09:52:10	7.14	0.01	35	24990	买盘
09:52:06	7.13	--	55	39215	卖盘
09:51:55	7.13	-0.01	4	2852	卖盘
09:51:46	7.14	--	10	7140	买盘
09:51:36	7.14	--	443	316587	卖盘
09:51:31	7.14	-0.01	61	43554	卖盘
09:51:25	7.15	--	107	76505	买盘
09:51:21	7.15	--	293	209495	买盘
09:51:16	7.15	0.01	296	211640	买盘
09:51:10	7.14	--	100	71400	卖盘
09:51:06	7.14	-0.01	93	66402	卖盘
09:51:01	7.15	0.01	10	7150	买盘
09:50:55	7.14	--	180	128520	卖盘
09:50:51	7.14	-0.01	50	35700	卖盘
09:50:46	7.15	--	51	36822	卖盘
09:50:40	7.15	--	298	213427	买盘
09:50:36	7.15	--	6	4290	买盘
09:50:30	7.15	--	287	205205	买盘
09:50:25	7.15	0.01	220	157300	买盘
09:50:21	7.14	-0.01	1	714	卖盘
09:50:10	7.15	--	81	58272	买盘
09:50:06	7.15	-0.01	338	241670	买盘
09:50:01	7.16	--	0	0	买盘
09:49:55	7.16	0.01	525	375900	买盘
09:49:51	7.15	--	20	14300	买盘
09:49:46	7.15	--	717	513012	卖盘
09:49:40	7.15	--	20	14300	卖盘
09:49:34	7.15	--	47	33962	买盘
09:49:30	7.15	0.01	865	618475	买盘
09:49:25	7.14	-0.01	17	12138	卖盘
09:49:19	7.15	--	111	79365	买盘
09:49:15	7.15	--	529	378235	买盘
09:49:10	7.15	--	151	107965	买盘
09:49:04	7.15	0.01	4	2860	买盘
09:48:55	7.14	-0.01	426	304164	卖盘
09:48:49	7.15	0.01	90	64350	中性盘
09:48:45	7.14	-0.01	100	71400	卖盘
09:48:40	7.15	--	98	70070	买盘
09:48:34	7.15	--	31	22165	卖盘
09:48:30	7.15	0.01	72	51480	买盘
09:48:25	7.14	-0.01	24	17136	卖盘
09:48:19	7.15	--	11	7865	买盘
09:48:15	7.15	0.01	652	466180	买盘
09:48:04	7.14	--	179	127806	卖盘
09:48:00	7.14	--	56	39984	卖盘
09:47:55	7.14	-0.01	4	2856	卖盘
09:47:49	7.15	--	117	83655	买盘
09:47:45	7.15	0.01	45	32175	买盘
09:47:40	7.14	--	11	7854	卖盘
09:47:34	7.14	--	15	10710	卖盘
09:47:30	7.14	--	383	273462	卖盘
09:47:25	7.14	--	720	514080	卖盘
09:47:19	7.14	--	8	5712	卖盘
09:47:15	7.14	--	51	36414	卖盘
09:47:10	7.14	-0.01	35	24990	卖盘
09:47:04	7.15	0.01	42	30030	买盘
09:47:00	7.14	--	1025	731921	买盘
09:46:55	7.14	--	119	84966	买盘
09:46:49	7.14	--	101	72114	买盘
09:46:45	7.14	--	44	31416	买盘
09:46:40	7.14	--	15	10710	买盘
09:46:34	7.14	--	49	34986	买盘
09:46:30	7.14	--	47	33558	买盘
09:46:25	7.14	-0.01	66	47481	卖盘
09:46:19	7.15	0.01	562	402187	买盘
09:46:15	7.14	--	94	67116	卖盘
09:46:10	7.14	--	69	49266	卖盘
09:46:04	7.14	--	86	61404	卖盘
09:46:00	7.14	-0.01	78	55692	卖盘
09:45:55	7.15	--	75	53625	买盘
09:45:49	7.15	-0.01	1471	1051765	卖盘
09:45:45	7.16	--	221	158236	买盘
09:45:40	7.16	--	5	3580	买盘
09:45:34	7.16	--	30	21480	买盘
09:45:30	7.16	--	21	15036	买盘
09:45:25	7.16	-0.01	194	138904	卖盘
09:45:19	7.17	0.01	185	132645	买盘
09:45:15	7.16	--	80	57280	卖盘
09:45:10	7.16	-0.01	172	123152	卖盘
09:45:04	7.17	0.01	693	496881	买盘
09:45:00	7.16	-0.01	32	22912	中性盘
09:44:55	7.17	0.01	2804	2010468	买盘
09:44:49	7.16	--	211	151076	买盘
09:44:45	7.16	-0.01	38	27208	买盘
09:44:40	7.17	0.01	91	65247	买盘
09:44:34	7.16	-0.01	83	59428	卖盘
09:44:25	7.17	0.02	1	717	买盘
09:44:19	7.15	-0.01	1148	820820	卖盘
09:44:15	7.16	--	3	2148	买盘
09:44:10	7.16	--	43	30788	买盘
09:44:04	7.16	--	91	65514	卖盘
09:44:00	7.16	--	10	7160	卖盘
09:43:54	7.16	-0.01	1251	895716	卖盘
09:43:49	7.17	0.01	222	159174	买盘
09:43:39	7.16	-0.01	841	602156	卖盘
09:43:34	7.17	0.01	195	139815	买盘
09:43:30	7.16	--	14	10382	卖盘
09:43:24	7.16	-0.01	67	47972	中性盘
09:43:19	7.17	0.01	320	229440	买盘
09:43:15	7.16	0.01	43	30788	买盘
09:43:09	7.15	-0.02	22	15730	卖盘
09:43:04	7.17	--	1329	952893	买盘
09:42:54	7.17	--	137	98229	买盘
09:42:49	7.17	--	148	106116	买盘
09:42:43	7.17	--	0	0	买盘
09:42:39	7.17	0.02	33	23661	买盘
09:42:34	7.15	-0.02	29	20735	卖盘
09:42:28	7.17	--	5	3585	买盘
09:42:24	7.17	0.01	102	73134	买盘
09:42:19	7.16	--	137	98092	卖盘
09:42:13	7.16	0.01	29	20764	买盘
09:42:09	7.15	--	135	96525	卖盘
09:42:04	7.15	0.01	1553	1110395	中性盘
09:41:58	7.14	-0.01	154	109956	卖盘
09:41:54	7.15	-0.01	108	77220	卖盘
09:41:49	7.16	--	289	206924	买盘
09:41:43	7.16	0.01	179	128164	买盘
09:41:39	7.15	--	19	13585	卖盘
09:41:34	7.15	--	30	21450	卖盘
09:41:28	7.15	--	35	25025	卖盘
09:41:24	7.15	--	229	163735	买盘
09:41:19	7.15	0.01	116	82940	买盘
09:41:09	7.14	--	244	174216	卖盘
09:41:04	7.14	0.01	278	198492	买盘
09:40:58	7.13	--	230	163990	卖盘
09:40:54	7.13	-0.01	300	213900	卖盘
09:40:49	7.14	--	215	153510	买盘
09:40:43	7.14	--	30	21420	买盘
09:40:39	7.14	--	75	53550	买盘
09:40:34	7.14	-0.02	1231	878934	卖盘
09:40:28	7.16	0.01	13	9308	买盘
09:40:24	7.15	--	673	481195	买盘
09:40:19	7.15	0.01	222	158730	买盘
09:40:13	7.14	--	71	50694	卖盘
09:40:09	7.14	-0.01	28	19992	买盘
09:40:04	7.15	0.01	90	64350	买盘
09:39:58	7.14	--	250	178500	卖盘
09:39:54	7.14	-0.01	334	238476	卖盘
09:39:49	7.15	0.01	166	118690	买盘
09:39:43	7.14	--	60	42840	卖盘
09:39:39	7.14	--	20	14280	卖盘
09:39:34	7.14	--	619	441966	买盘
09:39:24	7.14	0.01	146	104244	买盘
09:39:19	7.13	-0.01	164	116932	卖盘
09:39:13	7.14	0.01	114	81396	买盘
09:39:09	7.13	0.02	2466	1758279	买盘
09:39:04	7.11	-0.01	294	209034	中性盘
09:38:58	7.12	0.02	30	21360	买盘
09:38:54	7.1	--	16	11360	卖盘
09:38:49	7.1	--	125	88750	卖盘
09:38:43	7.1	--	22	15620	卖盘
09:38:39	7.1	--	37	26270	卖盘
09:38:34	7.1	--	1387	984770	卖盘
09:38:28	7.1	--	600	426355	买盘
09:38:24	7.1	0.01	19	13490	买盘
09:38:13	7.09	--	220	155980	卖盘
09:38:09	7.09	-0.01	40	28360	卖盘
09:38:04	7.1	--	14	9940	买盘
09:37:58	7.1	0.01	50	35500	买盘
09:37:54	7.09	-0.01	300	212700	卖盘
09:37:49	7.1	--	117	83070	买盘
09:37:43	7.1	0.01	30	21300	买盘
09:37:39	7.09	-0.01	61	43249	卖盘
09:37:34	7.1	--	902	640420	卖盘
09:37:28	7.1	--	306	217260	卖盘
09:37:19	7.1	--	29	20590	卖盘
09:37:13	7.1	--	7	4970	卖盘
09:37:03	7.1	--	17	12070	卖盘
09:36:58	7.1	-0.01	18	12780	卖盘
09:36:54	7.11	0.01	515	366165	买盘
09:36:48	7.1	-0.01	126	89460	卖盘
09:36:43	7.11	0.01	50	35550	买盘
09:36:39	7.1	--	3	2130	卖盘
09:36:33	7.1	0.01	136	96560	买盘
09:36:28	7.09	-0.01	84	59556	卖盘
09:36:18	7.1	--	63	44730	卖盘
09:36:13	7.1	--	100	71000	买盘
09:36:07	7.1	0.01	100	71000	买盘
09:36:03	7.09	--	30	21270	卖盘
09:35:58	7.09	-0.01	127	90043	卖盘
09:35:52	7.1	0.01	50	35500	买盘
09:35:48	7.09	-0.01	50	35450	卖盘
09:35:43	7.1	0.01	47	33370	买盘
09:35:37	7.09	-0.01	25	17725	卖盘
09:35:33	7.1	-0.01	14	9940	卖盘
09:35:28	7.11	0.01	300	213300	买盘
09:35:22	7.1	0.01	60	42600	买盘
09:35:18	7.09	-0.01	33	23397	卖盘
09:35:13	7.1	--	412	292520	卖盘
09:35:07	7.1	--	31	22010	卖盘
09:34:58	7.1	0.01	173	122830	买盘
09:34:52	7.09	-0.02	30	21270	卖盘
09:34:48	7.11	--	0	0	买盘
09:34:43	7.11	0.02	7	4977	买盘
09:34:37	7.09	-0.03	836	592724	卖盘
09:34:33	7.12	--	351	249912	买盘
09:34:28	7.12	0.01	903	642936	买盘
09:34:22	7.11	--	232	164952	卖盘
09:34:18	7.11	--	540	383940	卖盘
09:34:13	7.11	-0.01	55	39105	卖盘
09:34:07	7.12	--	1	712	买盘
09:34:03	7.12	--	33	23496	卖盘
09:33:58	7.12	--	90	64080	卖盘
09:33:48	7.12	--	170	121040	卖盘
09:33:43	7.12	0.01	194	138128	买盘
09:33:37	7.11	-0.02	10	7110	卖盘
09:33:33	7.13	0.01	454	323702	买盘
09:33:28	7.12	--	207	147384	买盘
09:33:22	7.12	--	171	121752	卖盘
09:33:18	7.12	--	123	87576	买盘
09:33:13	7.12	--	321	228552	买盘
09:33:07	7.12	-0.01	85	60520	买盘
09:33:03	7.13	0.01	182	129766	买盘
09:32:58	7.12	-0.01	52	37024	卖盘
09:32:48	7.13	0.01	241	171833	买盘
09:32:43	7.12	--	30	21360	买盘
09:32:37	7.12	-0.01	41	29192	卖盘
09:32:33	7.13	0.01	299	213187	买盘
09:32:28	7.12	-0.01	355	252760	中性盘
09:32:22	7.13	0.03	16	11408	买盘
09:32:18	7.1	--	260	184600	卖盘
09:32:13	7.1	--	1370	972700	买盘
09:32:03	7.1	--	51	36210	买盘
09:31:58	7.1	0.01	128	90880	买盘
09:31:52	7.09	--	50	35450	卖盘
09:31:43	7.09	-0.01	38	26942	中性盘
09:31:37	7.1	0.01	255	181050	买盘
09:31:33	7.09	0.01	20	14180	买盘
09:31:28	7.08	--	162	114696	买盘
09:31:22	7.08	--	5	3540	买盘
09:31:18	7.08	--	20	14160	买盘
09:31:13	7.08	-0.01	85	60180	卖盘
09:31:07	7.09	0.01	32	22688	买盘
09:31:03	7.08	--	6	4248	卖盘
09:30:58	7.08	--	630	446040	买盘
09:30:52	7.08	--	85	60180	买盘
09:30:48	7.08	--	20	14160	买盘
09:30:42	7.08	--	284	201072	卖盘
09:30:37	7.08	0.01	49	34692	买盘
09:30:33	7.07	-0.01	50	35350	卖盘
09:30:27	7.08	--	102	72216	买盘
09:30:22	7.08	0.01	10	7080	买盘
09:30:12	7.07	-0.01	16	11312	卖盘
09:30:07	7.08	0.01	652	461616	买盘
09:28:57	7.07	--	0	0	卖盘
09:25:06	7.07	7.07	816	577569	买盘
