成交时间	成交价	价格变动	成交量(手)	成交额(元)	性质
15:00:00	4.16	--	0	0	卖盘
15:00:00	4.16	--	0	0	卖盘
15:00:00	4.16	--	3	1248	卖盘
14:59:59	4.16	--	68	28288	卖盘
14:59:53	4.16	-0.01	248	103168	卖盘
14:59:49	4.17	0.01	64	26688	买盘
14:59:44	4.16	--	92	38272	卖盘
14:59:38	4.16	--	55	22880	卖盘
14:59:34	4.16	-0.01	116	48256	卖盘
14:59:29	4.17	0.01	216	90072	买盘
14:59:23	4.16	--	11	4576	卖盘
14:59:19	4.16	--	149	62067	卖盘
14:59:14	4.16	--	157	65312	卖盘
14:59:04	4.16	-0.01	3	1248	卖盘
14:58:59	4.17	0.01	70	29190	买盘
14:58:53	4.16	-0.01	210	87360	卖盘
14:58:49	4.17	0.01	438	182646	买盘
14:58:44	4.16	--	232	96512	卖盘
14:58:29	4.16	-0.01	60	24960	卖盘
14:58:23	4.17	0.01	1000	417000	买盘
14:58:19	4.16	--	10	4160	卖盘
14:58:14	4.16	--	10	4160	卖盘
14:58:08	4.16	-0.01	5	2080	卖盘
14:58:04	4.17	0.01	1012	422004	买盘
14:57:59	4.16	-0.01	90	37440	卖盘
14:57:53	4.17	0.01	5	2085	买盘
14:57:34	4.16	--	768	319829	买盘
14:57:29	4.16	0.01	1410	586560	买盘
14:57:23	4.15	--	2102	872662	卖盘
14:56:59	4.15	--	30	12450	卖盘
14:56:53	4.15	--	40	16600	卖盘
14:56:44	4.15	-0.01	238	98770	卖盘
14:56:29	4.16	--	1	416	买盘
14:56:23	4.16	--	3	1248	买盘
14:56:14	4.16	0.01	21	8736	买盘
14:56:04	4.15	-0.01	1000	415000	卖盘
14:55:59	4.16	0.01	33	13728	买盘
14:55:53	4.15	-0.01	1	415	卖盘
14:55:44	4.16	0.01	73	30368	买盘
14:55:29	4.15	--	10	4150	卖盘
14:55:23	4.15	--	13	5644	卖盘
14:55:19	4.15	--	1	747	卖盘
14:55:14	4.15	--	110	45650	卖盘
14:55:08	4.15	--	1	415	卖盘
14:55:04	4.15	--	56	23240	卖盘
14:54:59	4.15	--	451	187165	卖盘
14:54:53	4.15	--	52	21580	卖盘
14:54:38	4.15	--	15	6225	卖盘
14:54:29	4.15	-0.01	558	231570	卖盘
14:54:08	4.16	0.01	1	416	买盘
14:54:04	4.15	--	64	26809	买盘
14:53:59	4.15	--	166	69056	卖盘
14:53:53	4.15	0.01	773	321044	买盘
14:53:43	4.14	--	156	64583	卖盘
14:53:38	4.14	-0.01	55	22770	卖盘
14:53:33	4.15	--	565	234475	买盘
14:53:23	4.15	0.01	133	55195	买盘
14:53:17	4.14	--	40	16560	卖盘
14:53:13	4.14	--	33	13661	卖盘
14:52:58	4.14	-0.01	8	3311	卖盘
14:52:43	4.15	--	1	415	买盘
14:52:38	4.15	--	19	7885	买盘
14:52:28	4.15	--	368	152720	买盘
14:52:23	4.15	--	17	7055	买盘
14:52:13	4.15	0.01	319	132385	买盘
14:52:08	4.14	-0.01	2	827	卖盘
14:51:58	4.15	--	78	32370	买盘
14:51:53	4.15	--	34	14110	买盘
14:51:47	4.15	--	101	41915	买盘
14:51:32	4.15	0.01	3	1245	买盘
14:51:17	4.14	--	12	4968	卖盘
14:51:13	4.14	--	17	7037	卖盘
14:51:08	4.14	-0.01	11	4554	卖盘
14:51:02	4.15	--	47	19505	买盘
14:50:53	4.15	--	3	1245	买盘
14:50:47	4.15	0.01	30	12450	买盘
14:50:43	4.14	-0.01	191	79074	卖盘
14:50:38	4.15	0.01	2	830	买盘
14:50:32	4.14	-0.01	23	9522	卖盘
14:50:23	4.15	0.01	2	830	买盘
14:50:17	4.14	-0.01	15	6209	卖盘
14:50:13	4.15	0.01	51	21165	买盘
14:50:08	4.14	--	5	2070	卖盘
14:50:02	4.14	-0.01	3	1242	卖盘
14:49:53	4.15	--	51	21165	买盘
14:49:47	4.15	--	535	222191	卖盘
14:49:43	4.15	--	48	19920	卖盘
14:49:38	4.15	--	32	13280	卖盘
14:49:17	4.15	--	11	4565	卖盘
14:49:08	4.15	-0.01	42	17430	卖盘
14:49:02	4.16	--	31	12896	买盘
14:48:58	4.16	0.01	35	14560	买盘
14:48:53	4.15	-0.01	540	224100	卖盘
14:48:47	4.16	0.01	23	9568	买盘
14:48:43	4.15	--	11	4565	卖盘
14:48:38	4.15	-0.01	298	123753	卖盘
14:48:32	4.16	0.01	1	416	买盘
14:48:28	4.15	--	70	29050	卖盘
14:48:17	4.15	--	10	4150	卖盘
14:48:08	4.15	-0.01	65	26975	卖盘
14:48:02	4.16	0.01	34	14144	买盘
14:47:47	4.15	-0.01	11	4565	卖盘
14:47:43	4.16	0.01	11	4576	买盘
14:47:38	4.15	--	11	4565	卖盘
14:47:32	4.15	--	5	2075	卖盘
14:47:28	4.15	--	145	60341	买盘
14:47:22	4.15	--	92	38180	买盘
14:47:17	4.15	--	350	145250	买盘
14:47:07	4.15	--	113	46895	买盘
14:47:02	4.15	--	1	415	买盘
14:46:58	4.15	--	30	12450	买盘
14:46:52	4.15	--	100	41500	买盘
14:46:47	4.15	--	2031	842865	买盘
14:46:26	4.15	--	4	1660	买盘
14:46:22	4.15	--	211	87565	买盘
14:46:17	4.15	--	66	27390	买盘
14:46:11	4.15	--	1	415	买盘
14:46:07	4.15	--	72	29880	买盘
14:45:56	4.15	0.01	7	2905	买盘
14:45:52	4.14	-0.01	16	6623	卖盘
14:45:47	4.15	0.01	20	8300	买盘
14:45:41	4.14	-0.01	82	33948	卖盘
14:45:37	4.15	--	44	18260	买盘
14:45:17	4.15	0.01	653	270995	买盘
14:44:56	4.14	-0.01	38	15731	卖盘
14:44:41	4.15	--	28	11620	买盘
14:44:26	4.15	--	42	17430	买盘
14:43:47	4.15	--	42	17430	买盘
14:43:41	4.15	--	1	415	买盘
14:43:11	4.15	0.01	72	29880	买盘
14:42:47	4.14	-0.01	10	4140	卖盘
14:42:41	4.15	--	1	415	买盘
14:42:37	4.15	--	2	830	买盘
14:42:26	4.15	--	2838	1177936	卖盘
14:42:22	4.15	--	20	8300	卖盘
14:42:17	4.15	--	22	9130	卖盘
14:42:07	4.15	--	67	27871	卖盘
14:42:02	4.15	--	44	18260	卖盘
14:41:56	4.15	--	51	21165	卖盘
14:41:47	4.15	--	11	4565	卖盘
14:41:37	4.15	--	11	4565	卖盘
14:41:26	4.15	--	110	45650	卖盘
14:41:17	4.15	--	21	8715	卖盘
14:41:11	4.15	--	94	39010	卖盘
14:41:01	4.15	--	32	13446	卖盘
14:40:56	4.15	--	11	4565	卖盘
14:40:51	4.15	--	22	9130	卖盘
14:40:46	4.15	--	55	22825	卖盘
14:40:41	4.15	--	11	4565	卖盘
14:40:31	4.15	--	55	22825	卖盘
14:40:26	4.15	-0.01	22	9130	卖盘
14:40:20	4.16	0.01	20	8320	买盘
14:40:16	4.15	--	47	19588	卖盘
14:40:11	4.15	--	29	12035	卖盘
14:40:01	4.15	-0.01	43	18177	卖盘
14:39:56	4.16	--	1	416	买盘
14:39:50	4.16	--	8	3328	买盘
14:39:26	4.16	--	100	41600	买盘
14:39:11	4.16	--	1	416	买盘
14:39:05	4.16	0.01	10	4160	买盘
14:38:35	4.15	--	8	3320	卖盘
14:38:26	4.15	-0.01	6	2490	卖盘
14:38:20	4.16	0.01	3	1248	买盘
14:38:16	4.15	--	2	830	卖盘
14:37:50	4.15	-0.01	30	12450	卖盘
14:37:41	4.16	--	20	8320	买盘
14:37:35	4.16	--	101	42016	买盘
14:37:20	4.16	--	100	41600	买盘
14:37:01	4.16	--	44	18304	买盘
14:36:50	4.16	--	10	4160	买盘
14:36:20	4.16	0.01	8	3328	买盘
14:36:11	4.15	-0.01	7	2905	卖盘
14:36:05	4.16	--	37	15392	买盘
14:35:50	4.16	--	150	62400	买盘
14:35:35	4.16	--	1	416	买盘
14:35:26	4.16	0.01	1501	624416	买盘
14:35:16	4.15	-0.01	8	3320	卖盘
14:34:56	4.16	--	97	40352	买盘
14:34:20	4.16	--	72	29952	买盘
14:34:15	4.16	0.01	1	416	买盘
14:33:50	4.15	-0.01	80	33200	卖盘
14:33:25	4.16	--	615	255840	买盘
14:32:44	4.16	0.01	5	2080	买盘
14:32:40	4.15	--	11	4565	卖盘
14:32:35	4.15	--	43	17845	卖盘
14:32:29	4.15	--	11	4565	卖盘
14:32:25	4.15	--	27	11454	卖盘
14:32:20	4.15	-0.01	60	25248	卖盘
14:32:05	4.16	0.01	14	5824	买盘
14:31:59	4.15	-0.01	233	96695	卖盘
14:31:55	4.16	--	3	1248	买盘
14:31:50	4.16	--	2	832	买盘
14:31:44	4.16	--	71	29536	买盘
14:31:35	4.16	--	337	140358	卖盘
14:31:29	4.16	--	11	4576	卖盘
14:31:25	4.16	--	9	3744	卖盘
14:31:20	4.16	--	10	4160	卖盘
14:31:14	4.16	-0.01	13	5408	卖盘
14:30:44	4.17	0.01	70	29190	买盘
14:30:35	4.16	--	2	832	卖盘
14:30:10	4.16	--	50	20800	卖盘
14:30:05	4.16	--	283	117977	买盘
14:29:59	4.16	--	16	6656	买盘
14:29:55	4.16	--	5	2080	买盘
14:29:50	4.16	--	32	13312	买盘
14:29:44	4.16	--	2	832	买盘
14:29:35	4.16	--	50	20800	买盘
14:29:20	4.16	0.01	18	7488	买盘
14:29:14	4.15	--	74	30710	卖盘
14:29:05	4.15	-0.01	320	132800	卖盘
14:28:59	4.16	0.01	22	9152	买盘
14:28:44	4.15	-0.01	4	1660	卖盘
14:28:39	4.16	0.01	22	9152	买盘
14:28:35	4.15	-0.01	17	7304	卖盘
14:28:29	4.16	--	14	5824	买盘
14:28:19	4.16	--	100	41600	买盘
14:28:14	4.16	--	44	18304	买盘
14:27:49	4.16	0.01	12	4992	买盘
14:27:44	4.15	--	67	27805	卖盘
14:27:29	4.15	-0.01	44	18260	卖盘
14:27:08	4.16	--	6	2496	买盘
14:26:49	4.16	--	20	8320	买盘
14:26:44	4.16	--	24	9984	买盘
14:26:34	4.16	--	38	15808	买盘
14:26:19	4.16	0.01	20	8320	买盘
14:26:14	4.15	-0.01	3	1245	卖盘
14:26:04	4.16	--	20	8320	买盘
14:25:59	4.16	-0.01	10	4160	买盘
14:25:49	4.17	0.02	16	6672	买盘
14:25:44	4.15	-0.01	651	270165	卖盘
14:25:34	4.16	--	460	191692	卖盘
14:25:23	4.16	--	8	3328	卖盘
14:25:14	4.16	--	43	17888	卖盘
14:25:08	4.16	--	150	62400	卖盘
14:25:04	4.16	-0.01	56	23296	卖盘
14:24:59	4.17	0.01	53	22101	买盘
14:24:53	4.16	-0.01	26	10816	卖盘
14:24:49	4.17	0.01	541	225597	买盘
14:24:44	4.16	--	30	12480	卖盘
14:24:34	4.16	--	55	22880	卖盘
14:24:29	4.16	--	11	4576	卖盘
14:24:23	4.16	--	47	19552	卖盘
14:24:14	4.16	--	200	83200	卖盘
14:24:08	4.16	--	94	39104	卖盘
14:24:04	4.16	--	11	4576	卖盘
14:23:59	4.16	--	11	4576	卖盘
14:23:53	4.16	--	44	18304	卖盘
14:23:49	4.16	0.01	4	1747	买盘
14:23:44	4.15	-0.01	11	4565	卖盘
14:23:38	4.16	--	20	8652	卖盘
14:23:34	4.16	--	79	32947	买盘
14:23:29	4.16	--	6	2496	买盘
14:23:23	4.16	--	31	12896	买盘
14:23:19	4.16	--	13	5408	买盘
14:23:14	4.16	--	421	175136	买盘
14:23:04	4.16	--	110	45760	买盘
14:22:59	4.16	--	115	47840	买盘
14:22:53	4.16	--	188	78208	买盘
14:22:43	4.16	--	71	29536	买盘
14:22:38	4.16	--	241	100256	买盘
14:22:29	4.16	--	58	24128	买盘
14:22:23	4.16	--	148	61568	买盘
14:22:14	4.16	0.01	500	208000	买盘
14:21:53	4.15	--	75	31125	卖盘
14:21:38	4.15	--	50	20833	买盘
14:21:33	4.15	0.01	584	242360	买盘
14:21:23	4.14	-0.01	200	82800	卖盘
14:21:13	4.15	0.01	1560	647400	买盘
14:21:08	4.14	--	2	827	卖盘
14:20:53	4.14	-0.01	101	41814	卖盘
14:20:43	4.15	0.01	4	1660	买盘
14:20:23	4.14	-0.01	25	10350	卖盘
14:20:13	4.15	--	74	30710	买盘
14:19:58	4.15	--	62	25730	买盘
14:19:53	4.15	0.01	50	20750	买盘
14:19:43	4.14	-0.01	54	22356	卖盘
14:19:38	4.15	0.01	2	830	买盘
14:19:23	4.14	-0.01	5	2070	卖盘
14:19:13	4.15	0.01	1	415	买盘
14:19:08	4.14	--	44	18216	卖盘
14:19:02	4.14	--	33	13661	卖盘
14:18:58	4.14	--	11	4554	卖盘
14:18:53	4.14	--	191	79074	卖盘
14:18:47	4.14	--	55	22770	卖盘
14:18:38	4.14	-0.01	77	31877	卖盘
14:18:32	4.15	0.01	89	36935	买盘
14:18:28	4.14	-0.01	22	9108	卖盘
14:18:23	4.15	0.01	31	12865	买盘
14:18:17	4.14	--	77	31877	卖盘
14:18:13	4.14	-0.01	22	9108	卖盘
14:18:02	4.15	0.01	10	4150	买盘
14:17:53	4.14	--	605	250469	卖盘
14:17:47	4.14	-0.01	111	45954	卖盘
14:17:43	4.15	--	66	27390	买盘
14:17:32	4.15	--	34	14110	买盘
14:17:17	4.15	--	40	16600	买盘
14:17:13	4.15	--	102	42330	买盘
14:17:02	4.15	--	20	8300	买盘
14:16:58	4.15	--	5	2075	买盘
14:16:53	4.15	--	3	1245	买盘
14:16:47	4.15	0.01	44	18260	买盘
14:16:38	4.14	--	61	25253	卖盘
14:16:22	4.14	--	4	1655	卖盘
14:16:08	4.14	--	12	4968	卖盘
14:15:52	4.14	--	300	124199	卖盘
14:15:47	4.14	--	106	44049	卖盘
14:15:32	4.14	--	18	7451	卖盘
14:15:28	4.14	--	101	41814	卖盘
14:15:23	4.14	--	1030	426419	买盘
14:15:17	4.14	--	1051	435113	买盘
14:15:13	4.14	--	10	4140	买盘
14:15:07	4.14	--	40	16560	买盘
14:15:02	4.14	--	10	4140	买盘
14:14:57	4.14	--	42	17388	买盘
14:14:52	4.14	0.01	180	74520	买盘
14:14:47	4.13	-0.01	6	2478	卖盘
14:14:43	4.14	--	45	18630	买盘
14:14:32	4.14	--	313	129581	买盘
14:13:52	4.14	0.01	92	38170	买盘
14:13:47	4.13	-0.01	63	26019	卖盘
14:13:41	4.14	--	15	6209	买盘
14:13:32	4.14	--	31	12833	买盘
14:13:22	4.14	0.01	23	9522	买盘
14:13:17	4.13	--	3	1239	卖盘
14:13:11	4.13	--	80	33040	卖盘
14:13:02	4.13	--	14	5782	卖盘
14:12:56	4.13	--	23	9499	卖盘
14:12:52	4.13	--	1	743	卖盘
14:12:32	4.13	--	88	36344	卖盘
14:12:17	4.13	-0.01	50	20650	卖盘
14:12:07	4.14	0.01	3	1242	买盘
14:12:02	4.13	--	200	82600	卖盘
14:11:56	4.13	--	1702	703256	卖盘
14:11:47	4.13	-0.01	25	10325	卖盘
14:11:41	4.14	0.01	1	413	买盘
14:11:16	4.13	-0.01	4496	1856848	卖盘
14:10:56	4.14	--	7	2898	买盘
14:10:47	4.14	0.01	7	2898	买盘
14:09:51	4.13	--	3	1239	卖盘
14:09:31	4.13	-0.01	26	10738	卖盘
14:09:16	4.14	0.01	2	827	买盘
14:09:07	4.13	--	22	9086	卖盘
14:09:01	4.13	--	11	4543	卖盘
14:08:46	4.13	--	20	8260	卖盘
14:08:41	4.13	--	198	81856	卖盘
14:08:16	4.13	-0.01	66	27258	卖盘
14:08:11	4.14	0.01	68	28151	买盘
14:08:01	4.13	--	11	4543	卖盘
14:07:56	4.13	-0.01	11	4543	卖盘
14:07:46	4.14	0.01	4	1655	买盘
14:07:31	4.13	--	26	10738	卖盘
14:07:20	4.13	--	22	9086	卖盘
14:06:56	4.13	-0.01	24	10242	卖盘
14:05:56	4.14	--	25	10350	买盘
14:05:26	4.14	0.01	9	3725	买盘
14:05:20	4.13	-0.01	30	12390	卖盘
14:05:05	4.14	0.01	1	413	买盘
14:05:01	4.13	--	19	7847	卖盘
14:04:35	4.13	-0.01	57	23541	卖盘
14:04:20	4.14	0.01	37	15317	买盘
14:04:11	4.13	-0.01	85	35105	卖盘
14:03:46	4.14	0.01	6	2484	买盘
14:03:35	4.13	--	7	2891	卖盘
14:03:25	4.13	--	20	8260	卖盘
14:03:20	4.13	--	9	3717	卖盘
14:03:10	4.13	-0.01	297	122661	卖盘
14:03:00	4.14	--	10	4140	买盘
14:02:50	4.14	0.01	5	2070	买盘
14:02:40	4.13	--	28	11564	卖盘
14:01:10	4.13	--	32	13216	卖盘
14:00:50	4.13	-0.01	15	6195	卖盘
13:59:55	4.14	--	233	96461	买盘
13:59:14	4.14	0.01	10	4140	买盘
13:58:59	4.13	-0.01	60	24780	卖盘
13:58:50	4.14	--	10	4140	买盘
13:58:40	4.14	0.01	20	8280	买盘
13:58:35	4.13	-0.01	97	40061	卖盘
13:58:20	4.14	0.01	33	13661	买盘
13:57:50	4.13	--	100	41300	卖盘
13:57:29	4.13	-0.01	136	56333	卖盘
13:57:20	4.14	0.01	10	4140	买盘
13:56:59	4.13	--	12	4956	卖盘
13:56:50	4.13	-0.01	849	350637	卖盘
13:56:29	4.14	--	122	50507	买盘
13:56:04	4.14	0.01	30	12419	买盘
13:55:55	4.13	-0.01	114	47164	卖盘
13:55:49	4.14	0.01	10	4140	买盘
13:55:34	4.13	-0.01	14	5782	卖盘
13:54:59	4.14	0.01	170	70380	买盘
13:54:49	4.13	--	1	743	卖盘
13:54:34	4.13	--	62	25606	卖盘
13:54:19	4.13	--	30	12390	卖盘
13:54:14	4.13	-0.01	105	43365	卖盘
13:53:49	4.14	--	8	3311	买盘
13:53:34	4.14	0.01	2	827	买盘
13:53:29	4.13	-0.01	120	49560	卖盘
13:53:08	4.14	0.01	1	413	买盘
13:52:59	4.13	--	5	2065	卖盘
13:52:49	4.13	-0.01	10	4130	卖盘
13:52:44	4.14	0.01	5	2070	买盘
13:52:19	4.13	--	50	20650	卖盘
13:52:08	4.13	--	10	4130	卖盘
13:52:04	4.13	-0.01	50	20650	卖盘
13:51:38	4.14	0.01	14	5796	买盘
13:51:14	4.13	-0.01	13	5369	卖盘
13:51:08	4.14	--	20	8280	买盘
13:50:38	4.14	0.01	32	13247	买盘
13:50:23	4.13	-0.01	1268	523931	卖盘
13:50:18	4.14	--	5	2070	买盘
13:49:13	4.14	0.01	21	8694	买盘
13:49:08	4.13	-0.01	7	2891	卖盘
13:48:28	4.14	--	223	92322	买盘
13:47:43	4.14	0.01	100	41400	买盘
13:47:38	4.13	-0.01	56	23128	卖盘
13:47:33	4.14	0.01	21	8694	买盘
13:47:23	4.13	--	5	2065	卖盘
13:47:08	4.13	--	39	16107	卖盘
13:46:58	4.13	--	1	413	卖盘
13:46:53	4.13	--	94	38822	卖盘
13:46:38	4.13	--	8	3304	卖盘
13:46:23	4.13	--	1	413	卖盘
13:46:13	4.13	--	4	1652	卖盘
13:45:38	4.13	--	1	413	卖盘
13:45:23	4.13	--	1	413	卖盘
13:45:02	4.13	-0.01	1	413	卖盘
13:44:58	4.14	0.01	5	2070	买盘
13:44:32	4.13	-0.01	6	2643	卖盘
13:44:17	4.14	--	3	1242	买盘
13:44:08	4.14	0.01	10	4140	买盘
13:43:27	4.13	-0.01	96	39648	卖盘
13:42:22	4.14	0.01	1	413	买盘
13:42:12	4.13	--	18	7434	卖盘
13:42:07	4.13	--	20	8260	卖盘
13:42:02	4.13	--	168	69384	卖盘
13:41:57	4.13	--	33	13629	卖盘
13:41:42	4.13	--	0	165	卖盘
13:40:47	4.13	--	288	118944	卖盘
13:40:22	4.13	-0.01	33	13629	卖盘
13:40:17	4.14	0.01	200	82800	买盘
13:40:07	4.13	--	17	7021	卖盘
13:40:02	4.13	--	16	6608	卖盘
13:39:57	4.13	-0.01	33	13629	卖盘
13:39:52	4.14	--	20	8280	买盘
13:39:32	4.14	--	17	7037	买盘
13:39:17	4.14	--	98	40572	买盘
13:39:11	4.14	--	54	22438	卖盘
13:39:02	4.14	--	44	18216	卖盘
13:38:52	4.14	--	83	34693	买盘
13:38:26	4.14	--	18	7451	买盘
13:38:17	4.14	--	95	39412	卖盘
13:38:11	4.14	--	37	15649	卖盘
13:38:06	4.14	--	8	3311	卖盘
13:37:32	4.14	--	151	62513	卖盘
13:36:26	4.14	--	9	3725	卖盘
13:35:56	4.14	--	145	60029	买盘
13:35:52	4.14	--	44	18216	买盘
13:35:36	4.14	--	4	1655	买盘
13:35:21	4.14	--	1	413	买盘
13:35:11	4.14	--	22	9108	卖盘
13:34:56	4.14	--	100	41400	卖盘
13:34:36	4.14	--	78	32291	卖盘
13:34:31	4.14	--	1	413	卖盘
13:34:16	4.14	0.01	445	184230	买盘
13:34:06	4.13	--	399	164787	卖盘
13:33:41	4.13	-0.01	17	7021	卖盘
13:32:50	4.14	0.01	11	4554	买盘
13:32:46	4.13	-0.01	3	1239	卖盘
13:32:35	4.14	0.01	25	10350	买盘
13:32:26	4.13	--	34	14042	卖盘
13:32:20	4.13	-0.01	20	8260	卖盘
13:32:11	4.14	--	20	8280	买盘
13:31:56	4.14	--	50	20700	卖盘
13:31:45	4.14	--	104	43056	卖盘
13:31:26	4.14	--	134	55475	卖盘
13:31:20	4.14	--	300	124199	卖盘
13:31:05	4.14	--	100	41400	卖盘
13:30:50	4.14	--	10	4140	卖盘
13:30:41	4.14	--	11	4554	卖盘
13:30:15	4.14	--	20	8280	卖盘
13:30:10	4.14	--	200	82800	卖盘
13:30:05	4.14	--	101	41814	卖盘
13:29:56	4.14	--	102	42228	卖盘
13:29:40	4.14	--	100	41400	卖盘
13:29:20	4.14	--	89	36846	卖盘
13:29:10	4.14	--	86	35604	买盘
13:29:05	4.14	--	37	15317	买盘
13:28:55	4.14	0.01	8	3311	买盘
13:28:20	4.13	-0.01	40	16520	卖盘
13:28:10	4.14	--	19	7865	卖盘
13:28:05	4.14	--	6	2484	买盘
13:27:35	4.14	--	592	245448	卖盘
13:26:44	4.14	--	87	36018	卖盘
13:25:29	4.14	--	10	4140	卖盘
13:25:14	4.14	--	54	22356	卖盘
13:24:59	4.14	--	48	19872	卖盘
13:24:54	4.14	--	349	144568	卖盘
13:24:50	4.14	--	100	41400	卖盘
13:24:39	4.14	-0.01	32	13579	卖盘
13:23:54	4.15	--	37	15355	买盘
13:23:35	4.15	--	12	4980	买盘
13:23:29	4.15	0.01	14	5810	买盘
13:23:24	4.14	-0.01	4	1821	卖盘
13:23:20	4.15	0.01	8	3320	买盘
13:22:59	4.14	--	11	4554	卖盘
13:22:29	4.14	--	180	74520	卖盘
13:21:59	4.14	--	50	20700	卖盘
13:21:54	4.14	--	210	86940	卖盘
13:21:49	4.14	--	16	6623	卖盘
13:21:39	4.14	--	8	3311	卖盘
13:21:09	4.14	--	14	5796	卖盘
13:20:59	4.14	--	0	219	卖盘
13:20:34	4.14	--	400	165600	卖盘
13:20:29	4.14	--	10	4140	卖盘
13:19:59	4.14	--	11	4554	卖盘
13:19:49	4.14	-0.01	419	173466	卖盘
13:19:44	4.15	0.01	150	62250	买盘
13:19:29	4.14	--	5	2070	卖盘
13:19:14	4.14	--	120	49679	卖盘
13:18:48	4.14	--	11	4554	卖盘
13:18:44	4.14	--	3	1242	卖盘
13:18:34	4.14	--	3	1242	卖盘
13:18:14	4.14	--	133	55144	买盘
13:18:08	4.14	--	18	7451	买盘
13:18:03	4.14	--	39	16145	买盘
13:17:53	4.14	--	1	413	买盘
13:17:38	4.14	--	50	20700	买盘
13:17:18	4.14	--	87	36018	买盘
13:17:14	4.14	--	70	28979	买盘
13:17:08	4.14	--	1287	532818	买盘
13:16:53	4.14	0.01	241	99773	买盘
13:16:44	4.13	-0.01	67	27671	卖盘
13:16:28	4.14	--	50	20700	买盘
13:16:14	4.14	--	5	2070	买盘
13:15:38	4.14	0.01	155	64169	买盘
13:15:23	4.13	--	1	413	卖盘
13:15:08	4.13	--	5	2065	卖盘
13:14:43	4.13	-0.01	30	12390	卖盘
13:14:38	4.14	--	4	1655	买盘
13:14:33	4.14	--	20	8280	买盘
13:14:13	4.14	0.01	10	4140	买盘
13:14:08	4.13	-0.01	3	1239	卖盘
13:14:03	4.14	--	100	41400	买盘
13:13:53	4.14	--	15	6209	买盘
13:13:38	4.14	--	10	4140	买盘
13:12:53	4.14	--	3	1242	买盘
13:12:17	4.14	0.01	4	1655	买盘
13:12:02	4.13	--	11	4543	卖盘
13:11:58	4.13	--	4	1652	卖盘
13:11:23	4.13	--	362	149506	卖盘
13:11:08	4.13	-0.01	6	2478	卖盘
13:11:02	4.14	0.01	200	82800	买盘
13:10:08	4.13	--	8	3304	卖盘
13:10:02	4.13	--	94	38822	卖盘
13:09:53	4.13	--	23	9499	卖盘
13:09:47	4.13	--	1	413	卖盘
13:08:22	4.13	--	221	91438	卖盘
13:08:07	4.13	--	50	20650	卖盘
13:07:37	4.13	-0.01	1	413	卖盘
13:07:02	4.14	--	16	6623	买盘
13:06:52	4.14	0.01	54	22356	买盘
13:06:22	4.13	--	3	1239	卖盘
13:06:11	4.13	--	17	7021	卖盘
13:05:56	4.13	--	0	247	卖盘
13:05:37	4.13	--	5	2230	卖盘
13:05:32	4.13	-0.01	28	11564	卖盘
13:05:11	4.14	--	39	16145	买盘
13:04:32	4.14	--	10	4140	买盘
13:04:11	4.14	0.01	50	20700	买盘
13:04:01	4.13	--	49	20237	卖盘
13:03:56	4.13	--	25	10325	卖盘
13:03:51	4.13	--	50	20650	卖盘
13:03:46	4.13	--	27	11151	卖盘
13:03:11	4.13	--	4	1652	卖盘
13:02:41	4.13	--	10	4130	卖盘
13:02:26	4.13	--	169	69797	卖盘
13:02:16	4.13	--	288	118944	卖盘
13:01:56	4.13	--	3	1239	卖盘
13:01:46	4.13	--	2	826	卖盘
13:01:06	4.13	--	6	2478	卖盘
13:00:51	4.13	-0.01	7	2891	卖盘
13:00:11	4.14	--	16	6623	买盘
13:00:06	4.14	0.01	165	68475	买盘
11:30:00	4.13	--	0	0	卖盘
11:30:00	4.13	--	0	0	卖盘
11:29:52	4.13	--	8	3304	卖盘
11:29:37	4.13	--	14	5782	卖盘
11:29:27	4.13	--	43	17841	卖盘
11:29:16	4.13	--	12	5121	买盘
11:29:12	4.13	--	9	3717	买盘
11:29:07	4.13	--	10	4130	买盘
11:28:42	4.13	--	30	12390	买盘
11:28:31	4.13	--	92	37996	买盘
11:28:22	4.13	--	52	21476	买盘
11:28:07	4.13	0.01	50	20650	买盘
11:27:16	4.12	--	93	38316	卖盘
11:27:11	4.12	-0.01	9	3708	卖盘
11:27:07	4.13	0.01	13	5369	买盘
11:27:01	4.12	-0.01	3	1236	卖盘
11:26:57	4.13	0.01	50	20650	买盘
11:26:52	4.12	-0.01	6	2472	卖盘
11:26:46	4.13	0.01	28	11564	买盘
11:26:16	4.12	--	100	41200	卖盘
11:26:10	4.12	--	10	4120	卖盘
11:25:55	4.12	--	31	12772	卖盘
11:25:52	4.12	--	38	15656	卖盘
11:25:25	4.12	-0.01	1	412	卖盘
11:25:16	4.13	0.01	535	220955	买盘
11:25:07	4.12	--	233	95996	卖盘
11:25:01	4.12	--	14	5932	卖盘
11:24:46	4.12	-0.01	200	82400	卖盘
11:24:36	4.13	0.01	50	20650	买盘
11:24:21	4.12	-0.01	62	25544	卖盘
11:24:16	4.13	0.01	126	52038	买盘
11:24:06	4.12	--	42	17304	卖盘
11:23:55	4.12	-0.01	13	5356	卖盘
11:23:51	4.13	0.01	61	25193	买盘
11:23:46	4.12	--	20	8240	卖盘
11:23:36	4.12	--	60	24720	卖盘
11:23:31	4.12	-0.01	10	4120	卖盘
11:23:25	4.13	--	15	6195	买盘
11:23:21	4.13	0.01	24	9912	买盘
11:23:01	4.12	--	160	65920	卖盘
11:22:46	4.12	-0.01	50	20600	卖盘
11:22:40	4.13	--	60	24780	买盘
11:22:36	4.13	0.01	15	6195	买盘
11:22:31	4.12	-0.01	194	79928	卖盘
11:22:25	4.13	0.01	14	5782	买盘
11:22:10	4.12	--	15	6180	卖盘
11:22:06	4.12	-0.01	71	29252	卖盘
11:22:01	4.13	0.01	50	20650	买盘
11:21:55	4.12	--	210	86520	卖盘
11:21:46	4.12	--	53	21836	卖盘
11:21:31	4.12	--	136	56032	卖盘
11:21:16	4.12	--	40	16480	卖盘
11:21:10	4.12	-0.01	4038	1663656	卖盘
11:21:06	4.13	--	1	413	买盘
11:20:46	4.13	--	10	4130	买盘
11:20:16	4.13	--	18	7434	买盘
11:20:10	4.13	--	508	209804	卖盘
11:20:01	4.13	--	78	32214	卖盘
11:19:55	4.13	--	20	8260	卖盘
11:19:30	4.13	--	21	8673	卖盘
11:19:04	4.13	--	1	413	卖盘
11:18:55	4.13	-0.01	20	8260	卖盘
11:18:30	4.14	0.01	50	20700	买盘
11:18:15	4.13	--	45	18585	买盘
11:18:10	4.13	--	10	4130	买盘
11:18:00	4.13	--	120	49560	买盘
11:17:55	4.13	--	9	3717	买盘
11:17:49	4.13	--	36	14868	买盘
11:17:45	4.13	--	2	826	买盘
11:17:40	4.13	--	900	371700	买盘
11:17:34	4.13	--	10	4130	买盘
11:17:25	4.13	--	5	2065	买盘
11:17:04	4.13	--	10	4130	买盘
11:17:00	4.13	--	3	1239	买盘
11:16:55	4.13	0.01	66	27258	买盘
11:16:49	4.12	-0.01	26	10712	卖盘
11:16:40	4.13	--	1	413	买盘
11:16:25	4.13	--	4	1652	买盘
11:16:19	4.13	--	9	3717	卖盘
11:16:04	4.13	0.01	155	64015	中性盘
11:15:55	4.12	-0.01	482	198860	卖盘
11:15:49	4.13	0.01	19	7847	买盘
11:15:45	4.12	-0.01	250	103000	卖盘
11:15:40	4.13	--	20	8260	买盘
11:15:34	4.13	--	131	54103	买盘
11:15:25	4.13	--	80	33040	买盘
11:15:10	4.13	--	228	94164	买盘
11:15:04	4.13	--	126	52038	买盘
11:15:00	4.13	--	20	8260	买盘
11:14:55	4.13	--	103	42539	买盘
11:14:49	4.13	--	223	92099	买盘
11:14:40	4.13	--	10	4130	买盘
11:14:34	4.13	--	100	41300	买盘
11:14:30	4.13	--	125	51625	买盘
11:14:25	4.13	--	1	413	买盘
11:14:19	4.13	0.01	27	11151	买盘
11:14:15	4.12	--	20	8240	卖盘
11:14:04	4.12	--	1013	417520	卖盘
11:13:49	4.12	-0.01	100	41200	卖盘
11:13:45	4.13	--	4	1652	买盘
11:13:34	4.13	0.01	2	826	买盘
11:13:25	4.12	-0.01	25	10300	卖盘
11:13:04	4.13	0.01	37	15281	买盘
11:12:59	4.12	--	13	5356	卖盘
11:12:34	4.12	-0.01	12	4944	卖盘
11:12:28	4.13	--	91	37583	买盘
11:12:13	4.13	--	20	8260	买盘
11:12:09	4.13	--	148	61124	买盘
11:12:04	4.13	--	150	61950	买盘
11:11:54	4.13	0.01	59	24367	买盘
11:11:49	4.12	--	11	4532	卖盘
11:11:39	4.12	-0.01	23	9476	卖盘
11:11:28	4.13	--	10	4130	买盘
11:11:24	4.13	--	193	79709	买盘
11:11:19	4.13	--	728	300717	卖盘
11:11:09	4.13	-0.01	256	105728	卖盘
11:11:04	4.14	0.01	126	52163	买盘
11:10:58	4.13	--	99	40887	卖盘
11:10:49	4.13	--	88	36344	卖盘
11:10:43	4.13	--	240	99314	卖盘
11:10:28	4.13	--	18	7434	卖盘
11:10:19	4.13	--	52	21476	卖盘
11:10:13	4.13	--	60	24780	卖盘
11:10:04	4.13	--	1130	466690	卖盘
11:09:58	4.13	--	5	2065	卖盘
11:09:54	4.13	--	36	14868	卖盘
11:09:49	4.13	--	14	5782	卖盘
11:09:43	4.13	-0.01	5	2065	卖盘
11:09:34	4.14	0.01	2	827	买盘
11:09:19	4.13	--	0	0	卖盘
11:09:13	4.13	-0.01	5500	2271500	卖盘
11:08:58	4.14	--	174	72036	卖盘
11:08:28	4.14	--	11	4554	卖盘
11:08:13	4.14	--	54	22356	卖盘
11:07:54	4.14	--	120	49679	卖盘
11:07:49	4.14	--	110	45540	卖盘
11:07:43	4.14	--	26	10764	卖盘
11:07:39	4.14	--	214	88761	卖盘
11:07:34	4.14	--	100	41400	卖盘
11:07:04	4.14	--	68	28151	卖盘
11:06:58	4.14	--	30	12419	卖盘
11:06:28	4.14	--	70	28979	卖盘
11:06:22	4.14	--	250	103499	卖盘
11:06:13	4.14	--	152	62927	卖盘
11:06:07	4.14	--	67	27737	卖盘
11:06:03	4.14	--	251	103913	卖盘
11:05:58	4.14	--	219	90666	卖盘
11:05:37	4.14	--	15	6209	卖盘
11:05:28	4.14	-0.01	32	13496	卖盘
11:05:18	4.15	0.01	220	91300	买盘
11:04:58	4.14	-0.01	35	14489	卖盘
11:04:48	4.15	0.01	1	415	买盘
11:04:43	4.14	--	1	413	卖盘
11:04:37	4.14	--	7	3146	卖盘
11:04:22	4.14	--	2	827	卖盘
11:04:07	4.14	--	150	62099	卖盘
11:03:43	4.14	--	9	4057	卖盘
11:03:37	4.14	--	90	37260	卖盘
11:02:48	4.14	--	15	6209	卖盘
11:02:13	4.14	--	1500	621000	卖盘
11:01:52	4.14	-0.01	22	9108	卖盘
11:01:43	4.15	0.01	200	83000	买盘
11:01:28	4.14	-0.01	21	8694	卖盘
11:01:13	4.15	--	10	4150	买盘
11:01:07	4.15	--	25	10375	买盘
11:01:03	4.15	--	10	4150	买盘
11:00:58	4.15	--	519	215385	买盘
11:00:43	4.15	0.01	40	16600	买盘
11:00:37	4.14	--	7	2980	卖盘
11:00:28	4.14	--	5	2070	卖盘
10:59:52	4.14	--	30	12668	卖盘
10:59:27	4.14	-0.01	100	41400	卖盘
10:59:07	4.15	0.01	50	20750	买盘
10:58:57	4.14	--	20	8280	卖盘
10:58:31	4.14	--	120	49679	卖盘
10:58:27	4.14	--	20	8280	卖盘
10:58:01	4.14	--	20	8280	卖盘
10:57:57	4.14	--	21	8694	卖盘
10:57:46	4.14	-0.01	34	14075	卖盘
10:57:42	4.15	0.01	100	41500	买盘
10:57:31	4.14	-0.01	340	140760	卖盘
10:57:16	4.15	--	6	2490	买盘
10:56:52	4.15	0.01	1	415	买盘
10:56:46	4.14	-0.01	30	12419	卖盘
10:56:27	4.15	--	9	3735	买盘
10:56:16	4.15	0.01	54	22410	买盘
10:55:46	4.14	0.01	83	34444	买盘
10:55:42	4.13	-0.01	5	2065	卖盘
10:55:37	4.14	--	10	4140	买盘
10:55:31	4.14	--	65	26909	买盘
10:55:22	4.14	0.01	49	20286	买盘
10:55:16	4.13	-0.01	25	10325	卖盘
10:55:12	4.14	--	150	62099	买盘
10:55:07	4.14	--	205	84870	买盘
10:55:01	4.14	--	163	67482	买盘
10:54:57	4.14	--	50	20700	买盘
10:54:52	4.14	--	100	41400	买盘
10:54:46	4.14	--	108	44712	买盘
10:54:42	4.14	--	2063	854081	卖盘
10:54:16	4.14	--	5	2070	卖盘
10:54:07	4.14	--	1	413	卖盘
10:54:01	4.14	--	45	18630	卖盘
10:53:52	4.14	--	24	9936	卖盘
10:53:36	4.14	--	62	25667	卖盘
10:53:31	4.14	--	67	27737	卖盘
10:53:21	4.14	--	32	13247	买盘
10:53:16	4.14	--	32	13247	买盘
10:53:06	4.14	0.01	145	60029	卖盘
10:52:55	4.13	--	0	0	卖盘
10:52:51	4.13	-0.01	17	7021	卖盘
10:52:40	4.14	0.01	821	339894	买盘
10:52:36	4.13	-0.01	13	5369	卖盘
10:52:31	4.14	-0.01	797	330206	卖盘
10:52:21	4.15	0.01	90	37350	买盘
10:52:16	4.14	--	3800	1573199	卖盘
10:52:10	4.14	-0.01	110	45540	卖盘
10:52:06	4.15	--	30	12450	买盘
10:51:46	4.15	0.01	13	5395	买盘
10:51:31	4.14	--	500	206999	卖盘
10:51:16	4.14	--	2	827	卖盘
10:51:10	4.14	--	6	2649	卖盘
10:50:46	4.14	-0.01	52	21528	卖盘
10:50:10	4.15	--	6	2490	买盘
10:50:01	4.15	--	912	378480	卖盘
10:49:55	4.15	--	15	6225	卖盘
10:49:51	4.15	--	128	53120	卖盘
10:49:46	4.15	--	34	14110	买盘
10:49:31	4.15	0.01	60	24900	买盘
10:49:16	4.14	--	4	1655	卖盘
10:49:01	4.14	--	280	116085	卖盘
10:48:55	4.14	--	14	5796	卖盘
10:48:46	4.14	-0.01	41	16974	卖盘
10:48:25	4.15	--	120	49800	买盘
10:48:21	4.15	--	50	20750	买盘
10:48:01	4.15	--	20	8300	买盘
10:47:51	4.15	--	10	4150	买盘
10:47:46	4.15	--	15	6225	买盘
10:47:40	4.15	--	92	38180	买盘
10:47:31	4.15	--	24	9960	买盘
10:47:04	4.15	--	1496	621006	卖盘
10:47:01	4.15	--	1146	475590	卖盘
10:46:34	4.15	--	26	10790	卖盘
10:46:25	4.15	--	100	41500	卖盘
10:46:15	4.15	--	18	7802	卖盘
10:46:10	4.15	--	22	9130	卖盘
10:46:00	4.15	--	1500	622500	卖盘
10:45:55	4.15	--	10	4150	卖盘
10:45:25	4.15	--	13	5395	卖盘
10:44:49	4.15	-0.01	10	4150	卖盘
10:44:40	4.16	0.01	1	416	买盘
10:44:25	4.15	--	1	415	卖盘
10:44:10	4.15	-0.01	2	830	卖盘
10:43:49	4.16	--	5	2080	买盘
10:43:10	4.16	--	1	416	买盘
10:42:40	4.16	--	1	416	买盘
10:42:34	4.16	--	3	1248	买盘
10:42:10	4.16	--	9	3744	买盘
10:41:55	4.16	0.01	126	52416	买盘
10:41:49	4.15	--	230	95450	卖盘
10:41:25	4.15	-0.01	1065	441975	卖盘
10:41:19	4.16	0.01	90	37440	买盘
10:41:15	4.15	--	51	21165	卖盘
10:41:10	4.15	--	30	12450	卖盘
10:41:04	4.15	--	140	58100	卖盘
10:40:55	4.15	--	10	4150	卖盘
10:40:49	4.15	--	183	76277	卖盘
10:40:43	4.15	--	792	328680	买盘
10:40:40	4.15	0.01	1	415	买盘
10:40:34	4.14	-0.01	51	21114	卖盘
10:40:19	4.15	--	1	415	买盘
10:40:09	4.15	--	55	22825	买盘
10:40:04	4.15	0.01	100	41500	买盘
10:39:39	4.14	--	591	244673	卖盘
10:39:28	4.14	--	1	745	卖盘
10:39:24	4.14	-0.01	329	136206	卖盘
10:39:19	4.15	--	215	89225	买盘
10:39:13	4.15	0.01	84	34860	买盘
10:39:04	4.14	--	31	12833	卖盘
10:38:58	4.14	--	20	8280	卖盘
10:38:54	4.14	-0.01	316	130823	卖盘
10:38:43	4.15	--	141	58515	卖盘
10:38:39	4.15	--	1	415	卖盘
10:38:34	4.15	--	444	184260	卖盘
10:38:28	4.15	--	50	20750	卖盘
10:38:19	4.15	--	1300	539500	卖盘
10:38:13	4.15	--	121	50215	卖盘
10:38:09	4.15	--	477	197955	卖盘
10:38:04	4.15	--	50	20750	卖盘
10:37:58	4.15	--	200	83000	卖盘
10:37:54	4.15	--	50	20750	卖盘
10:37:43	4.15	--	120	49800	卖盘
10:37:34	4.15	--	739	306685	卖盘
10:37:13	4.15	--	141	58847	卖盘
10:37:09	4.15	--	1	747	卖盘
10:37:04	4.15	--	157	65155	卖盘
10:36:58	4.15	--	15	6225	卖盘
10:36:49	4.15	--	1	747	卖盘
10:36:43	4.15	--	10	4150	卖盘
10:36:09	4.15	--	1	747	卖盘
10:36:04	4.15	--	500	207500	卖盘
10:35:54	4.15	--	208	86320	卖盘
10:35:43	4.15	--	100	41500	卖盘
10:35:39	4.15	--	1	747	卖盘
10:35:24	4.15	-0.01	12	4980	卖盘
10:35:13	4.16	--	2	832	买盘
10:35:04	4.16	0.01	39	16224	买盘
10:34:58	4.15	--	6	2822	卖盘
10:34:23	4.15	--	2	1162	卖盘
10:34:19	4.15	--	2152	893080	卖盘
10:34:13	4.15	--	2	830	卖盘
10:34:03	4.15	-0.01	42	17762	卖盘
10:33:58	4.16	--	10	4160	买盘
10:33:52	4.16	0.01	10	4160	买盘
10:33:43	4.15	--	1	747	卖盘
10:33:28	4.15	-0.01	2118	878970	卖盘
10:32:58	4.16	--	10	4160	买盘
10:32:33	4.16	--	20	8320	买盘
10:32:22	4.16	--	12	4992	买盘
10:32:13	4.16	--	142	59321	卖盘
10:31:58	4.16	-0.01	103	42848	卖盘
10:31:43	4.17	0.01	101	42117	买盘
10:31:18	4.16	--	100	41600	卖盘
10:31:07	4.16	--	200	83200	卖盘
10:30:58	4.16	--	321	133702	买盘
10:30:52	4.16	0.01	100	41600	买盘
10:30:43	4.15	--	120	49800	卖盘
10:30:37	4.15	-0.01	4	1660	卖盘
10:30:22	4.16	0.01	3	1248	买盘
10:30:13	4.15	-0.01	18	7470	卖盘
10:30:07	4.16	--	3	1248	买盘
10:29:58	4.16	--	2	832	买盘
10:29:52	4.16	--	3	1248	买盘
10:29:43	4.16	--	2	832	买盘
10:29:37	4.16	--	3	1248	买盘
10:29:33	4.16	--	10	4160	买盘
10:29:28	4.16	--	24	10233	卖盘
10:29:22	4.16	--	112	46592	卖盘
10:29:18	4.16	--	37	15392	卖盘
10:29:13	4.16	--	16	6656	卖盘
10:28:52	4.16	--	100	41600	卖盘
10:28:33	4.16	0.01	30	12646	买盘
10:28:28	4.15	-0.01	621	257964	卖盘
10:28:13	4.16	0.01	33	13894	买盘
10:28:07	4.15	-0.01	13	5395	卖盘
10:28:03	4.16	--	5	2080	买盘
10:27:58	4.16	--	10	4160	买盘
10:27:22	4.16	--	38	15808	买盘
10:27:13	4.16	0.01	3	1248	买盘
10:26:52	4.15	-0.01	3	1245	卖盘
10:26:46	4.16	--	17	7072	买盘
10:26:27	4.16	--	6	2496	买盘
10:26:22	4.16	-0.01	478	199097	卖盘
10:26:16	4.17	--	200	83400	买盘
10:25:22	4.17	0.01	1	417	买盘
10:24:57	4.16	--	2	832	卖盘
10:24:52	4.16	--	3	1580	卖盘
10:24:42	4.16	--	150	62400	卖盘
10:24:37	4.16	--	41	17056	卖盘
10:24:22	4.16	-0.01	1	416	卖盘
10:24:16	4.17	--	96	40032	买盘
10:23:42	4.17	0.01	5	2085	买盘
10:23:31	4.16	--	20	8320	卖盘
10:23:27	4.16	-0.01	8	3328	卖盘
10:23:22	4.17	--	50	20850	买盘
10:23:07	4.17	0.01	33	13761	买盘
10:22:52	4.16	--	160	66560	卖盘
10:22:42	4.16	--	538	224057	买盘
10:22:37	4.16	--	136	56576	买盘
10:22:22	4.16	--	1000	416000	买盘
10:22:16	4.16	--	100	41600	买盘
10:22:12	4.16	0.01	4	1664	买盘
10:22:01	4.15	-0.01	100	41500	卖盘
10:21:52	4.16	--	50	20800	买盘
10:21:46	4.16	0.01	32	13312	买盘
10:21:42	4.15	--	100	41500	卖盘
10:21:06	4.15	-0.01	5	2075	卖盘
10:21:01	4.16	--	126	52416	买盘
10:20:51	4.16	0.01	75	31200	买盘
10:20:46	4.15	-0.01	10	4150	卖盘
10:20:36	4.16	--	46	19136	买盘
10:20:21	4.16	--	53	22048	买盘
10:19:46	4.16	--	15	6240	买盘
10:19:16	4.16	--	8	3328	买盘
10:19:06	4.16	--	142	59072	卖盘
10:19:01	4.16	--	1	416	卖盘
10:18:55	4.16	--	100	41600	卖盘
10:18:31	4.16	--	21	8736	卖盘
10:18:10	4.16	--	10	4160	卖盘
10:18:06	4.16	--	14	5824	卖盘
10:18:01	4.16	--	10	4160	卖盘
10:17:55	4.16	--	9	3744	卖盘
10:17:40	4.16	--	28	11648	卖盘
10:17:25	4.16	-0.01	40	16640	卖盘
10:17:21	4.17	0.01	1	417	买盘
10:17:16	4.16	--	68	28288	买盘
10:17:10	4.16	--	30	12480	买盘
10:17:06	4.16	0.01	30	12480	买盘
10:17:01	4.15	--	0	0	卖盘
10:16:55	4.15	-0.02	2	830	卖盘
10:16:51	4.17	0.01	1649	687633	买盘
10:16:31	4.16	--	10	4160	买盘
10:16:25	4.16	--	854	355422	卖盘
10:16:16	4.16	--	1	416	卖盘
10:16:06	4.16	-0.01	1	416	卖盘
10:16:01	4.17	--	69	28773	买盘
10:15:15	4.17	0.01	4	1668	买盘
10:15:10	4.16	-0.01	2	832	卖盘
10:15:04	4.17	0.01	5	2085	买盘
10:15:00	4.16	--	18	7488	卖盘
10:14:55	4.16	--	44	18636	卖盘
10:14:25	4.16	--	125	52000	卖盘
10:14:10	4.16	--	3	1248	卖盘
10:13:55	4.16	--	116	48597	买盘
10:13:49	4.16	--	4	1664	买盘
10:13:45	4.16	0.01	377	156832	买盘
10:13:40	4.15	-0.01	10	4150	卖盘
10:13:34	4.16	--	100	41600	买盘
10:13:30	4.16	--	1	416	买盘
10:13:25	4.16	--	75	31200	买盘
10:13:10	4.16	0.01	49	20384	买盘
10:12:45	4.15	-0.01	5	2075	卖盘
10:12:40	4.16	--	24	9984	买盘
10:12:34	4.16	--	20	8320	买盘
10:12:25	4.16	--	90	37440	买盘
10:12:19	4.16	0.01	1	416	买盘
10:12:04	4.15	--	2	830	卖盘
10:11:55	4.15	-0.01	103	42745	卖盘
10:11:49	4.16	--	9	3744	买盘
10:11:45	4.16	--	20	8320	买盘
10:11:40	4.16	--	10	4160	买盘
10:11:34	4.16	--	48	19968	买盘
10:11:10	4.16	--	112	46592	买盘
10:11:04	4.16	--	32	13312	买盘
10:11:00	4.16	--	10	4160	买盘
10:10:49	4.16	--	21	8736	买盘
10:10:40	4.16	--	187	77792	买盘
10:10:34	4.16	--	9	3744	买盘
10:10:25	4.16	--	131	54496	买盘
10:10:19	4.16	--	91	37856	买盘
10:10:15	4.16	--	20	8320	买盘
10:10:04	4.16	--	50	20800	买盘
10:09:40	4.16	0.01	23	9568	买盘
10:09:25	4.15	--	10	4150	卖盘
10:09:09	4.15	-0.01	11	4565	卖盘
10:09:04	4.16	0.01	200	83200	买盘
10:08:54	4.15	--	337	139855	卖盘
10:08:49	4.15	--	28	11620	卖盘
10:08:43	4.15	--	1	415	卖盘
10:08:39	4.15	-0.01	12	5312	卖盘
10:08:24	4.16	0.01	300	124800	买盘
10:08:19	4.15	--	300	124500	卖盘
10:07:49	4.15	-0.01	10	4150	卖盘
10:07:39	4.16	--	14	5824	买盘
10:07:34	4.16	--	3015	1254240	买盘
10:07:24	4.16	--	1	416	买盘
10:07:13	4.16	--	87	36192	买盘
10:07:09	4.16	--	1011	420983	卖盘
10:07:04	4.16	--	106	44096	卖盘
10:06:49	4.16	--	288	119808	卖盘
10:06:43	4.16	--	170	70720	卖盘
10:06:39	4.16	--	280	116480	卖盘
10:06:34	4.16	--	123	51168	卖盘
10:06:28	4.16	--	561	233376	卖盘
10:06:24	4.16	--	49	20384	卖盘
10:06:19	4.16	--	21	8736	卖盘
10:05:58	4.16	--	9	3744	卖盘
10:05:43	4.16	--	1600	665600	卖盘
10:05:39	4.16	--	50	20800	卖盘
10:05:24	4.16	-0.01	5	2080	卖盘
10:05:19	4.17	0.01	36	15012	买盘
10:05:13	4.16	--	8	3328	卖盘
10:05:04	4.16	--	600	249683	卖盘
10:04:43	4.16	--	11	4576	卖盘
10:04:19	4.16	--	1	416	卖盘
10:03:58	4.16	-0.01	66	27456	卖盘
10:03:54	4.17	--	60	25020	买盘
10:03:39	4.17	--	200	83400	买盘
10:03:28	4.17	--	1	417	买盘
10:03:19	4.17	--	3	1251	买盘
10:03:13	4.17	0.01	28	11676	买盘
10:03:09	4.16	-0.01	367	152672	卖盘
10:03:03	4.17	0.01	100	41700	买盘
10:02:43	4.16	--	466	193856	卖盘
10:02:39	4.16	-0.01	10	4160	卖盘
10:02:33	4.17	0.01	20	8340	买盘
10:02:28	4.16	-0.01	300	124800	卖盘
10:01:48	4.17	--	40	16680	买盘
10:01:43	4.17	0.01	1	417	买盘
10:01:28	4.16	-0.01	37	15392	卖盘
10:01:18	4.17	0.01	15	6255	买盘
10:01:13	4.16	--	1	416	卖盘
10:01:07	4.16	--	90	37440	卖盘
10:01:03	4.16	--	5	2246	卖盘
10:00:58	4.16	-0.01	12	4992	卖盘
10:00:33	4.17	--	400	166800	买盘
10:00:28	4.17	0.01	7	2919	买盘
10:00:18	4.16	-0.01	152	63232	卖盘
10:00:13	4.17	0.01	311	129687	买盘
10:00:07	4.16	-0.01	30	12480	卖盘
09:59:43	4.17	0.01	11	4587	买盘
09:59:28	4.16	--	25	10400	卖盘
09:59:22	4.16	--	8	3328	卖盘
09:59:13	4.16	-0.01	50	20800	卖盘
09:59:07	4.17	0.01	3090	1288530	买盘
09:58:43	4.16	-0.01	153	63648	卖盘
09:58:33	4.17	--	3	1251	买盘
09:58:28	4.17	--	6	2502	买盘
09:58:03	4.17	0.01	4	1668	买盘
09:57:58	4.16	--	1	416	卖盘
09:57:52	4.16	--	0	0	卖盘
09:57:43	4.16	-0.01	1091	453864	卖盘
09:57:33	4.17	--	110	45870	买盘
09:57:22	4.17	--	45	18765	买盘
09:57:07	4.17	--	20	8340	买盘
09:56:58	4.17	--	305	127593	卖盘
09:56:52	4.17	-0.01	525	218925	卖盘
09:56:43	4.18	0.01	17	7105	买盘
09:56:37	4.17	--	1	417	卖盘
09:56:27	4.17	--	29	12093	卖盘
09:56:07	4.17	--	6	2502	卖盘
09:55:57	4.17	--	92	38364	卖盘
09:55:46	4.17	-0.01	28	11676	卖盘
09:55:42	4.18	0.01	72	30095	买盘
09:55:31	4.17	--	56	23352	卖盘
09:55:16	4.17	-0.01	50	20850	卖盘
09:55:12	4.18	0.01	63	26334	买盘
09:55:07	4.17	-0.01	196	81732	卖盘
09:54:57	4.18	--	16	6688	买盘
09:54:42	4.18	--	22	9196	买盘
09:54:27	4.18	0.01	148	61863	买盘
09:54:12	4.17	-0.01	22	9174	卖盘
09:54:07	4.18	--	252	105336	买盘
09:54:01	4.18	--	29	12122	买盘
09:53:42	4.18	0.01	21	8778	买盘
09:53:37	4.17	-0.01	20	8340	卖盘
09:53:27	4.18	0.01	179	74822	买盘
09:53:22	4.17	--	21	8757	卖盘
09:53:12	4.17	--	30	12510	卖盘
09:53:07	4.17	--	2	834	卖盘
09:53:01	4.17	--	56	23360	买盘
09:52:46	4.17	--	5	2085	买盘
09:52:42	4.17	--	23	9591	买盘
09:52:37	4.17	--	16	6672	买盘
09:52:31	4.17	--	144	60048	买盘
09:52:22	4.17	--	207	86319	买盘
09:52:07	4.17	--	161	67137	买盘
09:51:57	4.17	--	20	8340	买盘
09:51:52	4.17	0.01	5	2085	买盘
09:51:46	4.16	--	5	2080	卖盘
09:51:42	4.16	-0.01	20	8320	卖盘
09:51:37	4.17	0.01	304	126768	买盘
09:51:27	4.16	--	60	24960	卖盘
09:51:22	4.16	--	30	12480	卖盘
09:51:12	4.16	-0.01	8	3328	卖盘
09:51:01	4.17	0.01	98	40866	买盘
09:50:57	4.16	-0.01	795	331052	卖盘
09:50:52	4.17	--	8	3336	买盘
09:50:46	4.17	--	27	11259	买盘
09:50:42	4.17	0.01	17	7089	买盘
09:50:37	4.16	-0.01	290	120640	卖盘
09:50:31	4.17	--	578	241026	买盘
09:50:27	4.17	-0.01	1196	498982	卖盘
09:50:22	4.18	--	3	1254	买盘
09:50:12	4.18	0.01	39	16301	买盘
09:50:06	4.17	-0.01	98	40866	卖盘
09:50:01	4.18	0.01	15	6270	买盘
09:49:51	4.17	-0.01	27	11259	卖盘
09:49:46	4.18	--	28	11704	买盘
09:49:40	4.18	--	17	7105	买盘
09:49:36	4.18	--	3	1254	买盘
09:49:31	4.18	--	786	328882	卖盘
09:49:25	4.18	--	1	418	卖盘
09:49:16	4.18	--	211	88198	卖盘
09:49:06	4.18	--	51	21652	卖盘
09:49:01	4.18	-0.01	211	88198	卖盘
09:48:55	4.19	--	112	46928	买盘
09:48:51	4.19	--	266	111454	买盘
09:48:46	4.19	--	27	11313	买盘
09:48:40	4.19	--	17	7123	买盘
09:48:36	4.19	0.01	350	146650	买盘
09:48:31	4.18	-0.01	15	6270	卖盘
09:48:25	4.19	0.01	20	8380	买盘
09:48:21	4.18	--	200	83600	卖盘
09:48:16	4.18	-0.01	17	7105	卖盘
09:48:10	4.19	--	112	46928	买盘
09:48:01	4.19	--	151	63269	买盘
09:47:40	4.19	--	196	82124	买盘
09:47:36	4.19	0.01	126	52794	买盘
09:47:25	4.18	--	10	4180	卖盘
09:47:10	4.18	0.01	684	286079	买盘
09:47:06	4.17	-0.01	44	18348	卖盘
09:46:51	4.18	0.01	35	14629	买盘
09:46:46	4.17	-0.01	1	417	卖盘
09:46:40	4.18	0.01	262	109515	买盘
09:46:25	4.17	0.01	150	62716	买盘
09:46:21	4.16	-0.01	14	5824	卖盘
09:46:16	4.17	--	87	36279	买盘
09:46:10	4.17	--	251	104667	买盘
09:46:06	4.17	--	294	122598	买盘
09:46:01	4.17	--	631	263127	买盘
09:45:55	4.17	--	21	8757	买盘
09:45:51	4.17	--	72	30024	买盘
09:45:46	4.17	--	34	14178	买盘
09:45:40	4.17	--	34	14178	买盘
09:45:36	4.17	--	7	2919	买盘
09:45:30	4.17	--	51	21267	买盘
09:45:25	4.17	--	3	1251	买盘
09:45:16	4.17	0.01	100	41700	买盘
09:45:10	4.16	-0.01	22	9152	卖盘
09:45:00	4.17	--	20	8340	买盘
09:44:55	4.17	--	167	69639	买盘
09:44:40	4.17	--	60	25020	买盘
09:44:36	4.17	--	41	17097	买盘
09:44:30	4.17	--	22	9424	买盘
09:44:16	4.17	0.01	126	52542	买盘
09:43:55	4.16	--	268	111488	买盘
09:43:45	4.16	--	187	77792	买盘
09:43:40	4.16	--	144	59904	买盘
09:43:35	4.16	--	32	13312	买盘
09:43:30	4.16	--	1	416	买盘
09:43:25	4.16	--	21	8736	买盘
09:43:15	4.16	--	219	91104	买盘
09:43:10	4.16	--	68	28288	买盘
09:43:04	4.16	--	17	7072	买盘
09:43:00	4.16	--	4	1664	买盘
09:42:40	4.16	0.01	62	25792	买盘
09:42:30	4.15	--	84	34860	卖盘
09:42:10	4.15	-0.01	10	4150	卖盘
09:42:04	4.16	--	48	19968	买盘
09:42:00	4.16	0.01	118	49088	买盘
09:41:55	4.15	-0.01	137	57187	卖盘
09:41:40	4.16	0.01	127	52832	买盘
09:41:34	4.15	-0.01	1	415	卖盘
09:41:30	4.16	0.01	2	832	买盘
09:41:25	4.15	-0.01	352	146080	卖盘
09:41:19	4.16	0.01	51	21216	买盘
09:41:15	4.15	-0.01	54	22410	卖盘
09:41:10	4.16	0.01	324	134784	买盘
09:40:55	4.15	--	80	33200	卖盘
09:40:45	4.15	-0.01	125	51875	卖盘
09:40:40	4.16	0.01	37	15392	买盘
09:40:30	4.15	-0.01	58	24070	卖盘
09:40:25	4.16	--	2	832	买盘
09:40:04	4.16	--	2	832	买盘
09:40:00	4.16	--	10	4160	买盘
09:39:55	4.16	0.01	56	23296	买盘
09:39:49	4.15	-0.01	105	43575	卖盘
09:39:40	4.16	--	27	11232	买盘
09:39:25	4.16	--	2142	891072	卖盘
09:39:19	4.16	-0.01	49	20384	卖盘
09:39:15	4.17	--	6	2502	买盘
09:39:10	4.17	0.01	110	45870	买盘
09:38:54	4.16	-0.01	132	54912	卖盘
09:38:49	4.17	--	11	4587	买盘
09:38:40	4.17	0.01	532	221844	买盘
09:38:34	4.16	-0.01	69	28704	卖盘
09:38:30	4.17	0.01	20	8340	买盘
09:38:24	4.16	-0.01	22	9152	卖盘
09:38:19	4.17	--	15	6255	买盘
09:38:09	4.17	--	127	52959	买盘
09:37:54	4.17	--	37	15679	卖盘
09:37:49	4.17	--	22	9340	买盘
09:37:40	4.17	0.01	27	11259	买盘
09:37:30	4.16	-0.01	101	42016	卖盘
09:37:24	4.17	--	183	76311	买盘
09:37:19	4.17	--	100	41700	买盘
09:37:09	4.17	--	35	14595	买盘
09:36:54	4.17	--	22	9174	买盘
09:36:43	4.17	--	2	834	买盘
09:36:39	4.17	--	31	12927	买盘
09:36:24	4.17	--	5	2085	买盘
09:36:19	4.17	0.01	100	41700	买盘
09:36:13	4.16	-0.01	10	4160	卖盘
09:36:09	4.17	--	509	212253	买盘
09:35:54	4.17	0.01	53	22101	买盘
09:35:49	4.16	-0.01	2	832	卖盘
09:35:39	4.17	0.01	65	27105	买盘
09:35:34	4.16	--	84	34944	卖盘
09:35:24	4.16	-0.01	20	8320	卖盘
09:35:19	4.17	0.01	262	109254	买盘
09:35:13	4.16	0.01	9	3744	买盘
09:35:09	4.15	-0.01	15	6225	卖盘
09:35:04	4.16	--	20	8320	买盘
09:34:58	4.16	0.01	171	71136	买盘
09:34:54	4.15	-0.01	39	16185	卖盘
09:34:43	4.16	--	31	12896	买盘
09:34:39	4.16	--	27	11232	买盘
09:34:28	4.16	--	499	207584	卖盘
09:34:13	4.16	--	30	12480	卖盘
09:34:09	4.16	--	181	75296	卖盘
09:33:58	4.16	--	327	136032	卖盘
09:33:49	4.16	--	2040	848640	卖盘
09:33:43	4.16	-0.01	27	11232	卖盘
09:33:39	4.17	--	32	13344	买盘
09:33:34	4.17	--	83	34611	买盘
09:33:13	4.17	--	30	12510	买盘
09:33:09	4.17	--	50	20850	买盘
09:32:48	4.17	--	14	5838	买盘
09:32:43	4.17	--	56	23352	买盘
09:32:39	4.17	--	51	21267	买盘
09:32:33	4.17	--	35	14595	买盘
09:32:28	4.17	--	50	20850	买盘
09:32:18	4.17	--	742	309414	卖盘
09:31:58	4.17	--	8	3336	卖盘
09:31:43	4.17	--	190	79230	卖盘
09:31:38	4.17	--	143	59631	卖盘
09:31:33	4.17	--	95	39615	卖盘
09:31:28	4.17	--	100	41700	买盘
09:31:18	4.17	-0.01	1	417	卖盘
09:31:03	4.18	0.01	7	2926	买盘
09:30:58	4.17	-0.01	28	11676	卖盘
09:30:43	4.18	0.02	15	6270	买盘
09:30:37	4.16	--	0	0	卖盘
09:30:33	4.16	-0.02	53	22048	卖盘
09:30:28	4.18	--	0	0	买盘
09:30:18	4.18	--	200	83600	买盘
09:30:07	4.18	0.01	221	92378	买盘
09:30:03	4.17	-0.01	225	93825	卖盘
09:28:52	4.18	--	0	0	买盘
09:25:06	4.18	4.18	810	338580	买盘
