成交时间	成交价	价格变动	成交量(手)	成交额(元)	性质
15:00:00	12.11	--	0	0	卖盘
15:00:00	12.11	-0.03	0	0	卖盘
14:59:59	12.14	0.03	1	1214	买盘
14:59:53	12.11	-0.02	54	65394	卖盘
14:59:44	12.13	0.02	126	152838	买盘
14:59:38	12.11	--	1	1211	买盘
14:59:34	12.11	-0.02	93	112623	卖盘
14:59:29	12.13	--	2	2426	买盘
14:59:23	12.13	--	13	15769	买盘
14:59:19	12.13	--	0	0	买盘
14:59:14	12.13	--	6	7278	卖盘
14:59:08	12.13	0.03	54	65502	买盘
14:58:59	12.1	-0.02	300	363000	卖盘
14:58:44	12.12	--	78	94839	买盘
14:58:29	12.12	--	8	9696	买盘
14:58:23	12.12	-0.02	218	265125	卖盘
14:58:14	12.14	0.02	4	4856	买盘
14:58:08	12.12	-0.02	303	367236	卖盘
14:57:59	12.14	--	8	9712	买盘
14:57:53	12.14	0.02	600	728400	买盘
14:57:44	12.12	-0.02	16	19392	卖盘
14:57:38	12.14	--	12	14568	买盘
14:57:34	12.14	--	20	24280	买盘
14:57:29	12.14	0.01	300	364200	买盘
14:57:19	12.13	-0.01	10	12130	卖盘
14:57:14	12.14	--	9	10926	买盘
14:57:08	12.14	--	99	120186	卖盘
14:56:53	12.14	--	15	18210	卖盘
14:56:38	12.14	--	16	19424	卖盘
14:56:34	12.14	0.02	33	40062	买盘
14:56:29	12.12	-0.01	300	363600	卖盘
14:56:23	12.13	-0.02	267	323871	卖盘
14:56:19	12.15	0.01	300	364500	买盘
14:56:14	12.14	--	20	24280	买盘
14:56:08	12.14	--	66	80124	买盘
14:55:59	12.14	--	39	47346	卖盘
14:55:53	12.14	-0.01	10	12140	卖盘
14:55:49	12.15	0.01	14	17010	买盘
14:55:44	12.14	--	1	1214	卖盘
14:55:38	12.14	-0.01	12	14568	卖盘
14:55:08	12.15	0.02	1	1215	买盘
14:55:04	12.13	-0.01	80	97040	卖盘
14:54:59	12.14	0.01	297	360861	买盘
14:54:53	12.13	-0.01	5	6065	卖盘
14:54:44	12.14	--	314	381196	卖盘
14:54:34	12.14	--	3	3642	卖盘
14:54:23	12.14	--	2	2428	卖盘
14:54:14	12.14	--	12	14568	买盘
14:54:08	12.14	--	8	9712	卖盘
14:53:58	12.14	--	19	23066	卖盘
14:53:53	12.14	--	0	0	中性盘
14:53:47	12.14	--	35	42490	卖盘
14:53:32	12.14	0.01	175	212450	买盘
14:53:23	12.13	-0.01	10	12130	卖盘
14:53:08	12.14	0.01	50	60700	买盘
14:52:53	12.13	--	8	9704	卖盘
14:52:23	12.13	-0.01	5	6065	卖盘
14:52:02	12.14	--	117	142038	卖盘
14:51:58	12.14	-0.01	63	76482	卖盘
14:51:53	12.15	0.01	18	21870	买盘
14:51:38	12.14	--	10	12140	卖盘
14:51:28	12.14	-0.01	2	2428	卖盘
14:51:08	12.15	--	276	335340	卖盘
14:50:47	12.15	-0.01	7	8505	卖盘
14:50:43	12.16	0.01	255	310080	买盘
14:50:32	12.15	-0.01	25	30375	卖盘
14:50:23	12.16	--	24	29184	买盘
14:50:17	12.16	0.01	214	260224	买盘
14:50:08	12.15	--	17	20655	买盘
14:50:02	12.15	--	0	0	中性盘
14:49:58	12.15	--	20	24300	买盘
14:49:53	12.15	-0.01	180	218700	卖盘
14:49:32	12.16	--	72	87552	买盘
14:49:17	12.16	--	45	54720	买盘
14:49:08	12.16	--	3	3648	买盘
14:48:58	12.16	0.01	2	2432	买盘
14:48:53	12.15	-0.02	10	12150	卖盘
14:48:47	12.17	--	5	6085	买盘
14:48:43	12.17	0.01	2	2434	买盘
14:48:38	12.16	--	50	60800	卖盘
14:48:32	12.16	--	15	18240	卖盘
14:48:28	12.16	--	30	36480	卖盘
14:48:23	12.16	0.01	42	52275	买盘
14:48:17	12.15	-0.01	25	30375	卖盘
14:48:08	12.16	--	60	72960	买盘
14:48:02	12.16	--	2	2432	买盘
14:47:58	12.16	--	20	24320	买盘
14:47:38	12.16	--	0	0	买盘
14:47:32	12.16	0.01	900	1094400	买盘
14:47:22	12.15	--	157	190755	买盘
14:46:52	12.15	--	23	27945	买盘
14:46:47	12.15	--	41	49815	买盘
14:46:41	12.15	--	10	12150	买盘
14:46:26	12.15	--	34	41310	卖盘
14:46:07	12.15	--	10	12150	卖盘
14:45:47	12.15	-0.01	57	69255	卖盘
14:45:41	12.16	0.01	70	85120	买盘
14:45:32	12.15	--	4	4860	卖盘
14:45:22	12.15	-0.01	24	29160	卖盘
14:45:17	12.16	0.01	49	59584	买盘
14:45:11	12.15	--	21	25515	卖盘
14:45:02	12.15	--	27	32805	卖盘
14:44:52	12.15	--	30	36450	卖盘
14:44:41	12.15	--	5	6075	卖盘
14:44:32	12.15	--	26	31590	卖盘
14:44:26	12.15	--	220	267300	卖盘
14:44:02	12.15	--	36	43740	卖盘
14:43:56	12.15	-0.01	7	8505	卖盘
14:43:32	12.16	0.01	5	6080	买盘
14:43:11	12.15	--	200	243000	卖盘
14:43:02	12.15	--	125	151875	卖盘
14:42:56	12.15	-0.01	200	243000	卖盘
14:42:52	12.16	--	70	85120	买盘
14:42:47	12.16	--	43	52288	买盘
14:42:37	12.16	0.01	7	8512	买盘
14:42:32	12.15	--	1	1215	卖盘
14:42:26	12.15	--	4	4860	卖盘
14:42:17	12.15	-0.01	22	26730	卖盘
14:41:52	12.16	0.01	16	19456	买盘
14:41:47	12.15	-0.01	10	12150	卖盘
14:41:41	12.16	0.01	29	35264	买盘
14:41:26	12.15	-0.01	37	44955	卖盘
14:41:22	12.16	--	192	233472	买盘
14:41:17	12.16	--	135	164160	买盘
14:41:01	12.16	--	17	20672	卖盘
14:40:56	12.16	--	10	12160	卖盘
14:40:50	12.16	--	13	15808	卖盘
14:40:46	12.16	--	13	15808	卖盘
14:40:41	12.16	--	10	12160	卖盘
14:40:35	12.16	--	40	48640	卖盘
14:40:16	12.16	--	44	53504	买盘
14:40:05	12.16	--	250	304000	买盘
14:39:46	12.16	--	7	8512	买盘
14:39:41	12.16	--	2	2432	买盘
14:39:35	12.16	--	4	4864	卖盘
14:39:20	12.16	--	66	80256	买盘
14:39:16	12.16	--	14	17024	买盘
14:39:05	12.16	0.01	60	72960	买盘
14:38:46	12.15	-0.01	33	40095	卖盘
14:38:35	12.16	--	2	2432	买盘
14:38:26	12.16	--	37	44992	买盘
14:38:20	12.16	-0.01	29	35264	卖盘
14:38:11	12.17	0.01	40	48680	买盘
14:38:05	12.16	--	133	161728	买盘
14:38:01	12.16	0.01	7	8512	买盘
14:37:50	12.15	-0.01	30	36450	卖盘
14:37:35	12.16	-0.01	72	87552	卖盘
14:37:26	12.17	0.01	195	237315	买盘
14:37:20	12.16	--	14	17024	卖盘
14:37:16	12.16	--	20	24320	卖盘
14:37:11	12.16	--	15	18240	卖盘
14:37:01	12.16	--	44	53504	买盘
14:36:50	12.16	--	100	121600	买盘
14:36:41	12.16	--	28	34048	买盘
14:36:31	12.16	--	44	53504	卖盘
14:36:26	12.16	--	61	74176	卖盘
14:36:11	12.16	-0.01	14	17024	卖盘
14:36:05	12.17	--	2	2434	买盘
14:35:56	12.17	0.01	17	20689	买盘
14:35:50	12.16	--	100	121600	卖盘
14:35:41	12.16	--	2	2432	买盘
14:35:35	12.16	--	22	26752	卖盘
14:35:26	12.16	--	12	14592	卖盘
14:35:20	12.16	--	26	31616	卖盘
14:35:16	12.16	--	59	71744	卖盘
14:35:11	12.16	0.01	111	134976	买盘
14:35:05	12.15	-0.01	8	9720	卖盘
14:34:59	12.16	--	2	2432	买盘
14:34:50	12.16	0.01	80	97280	买盘
14:34:41	12.15	-0.01	26	31590	卖盘
14:34:20	12.16	--	41	49856	买盘
14:34:05	12.16	--	96	116736	卖盘
14:33:59	12.16	-0.01	10	12160	卖盘
14:33:50	12.17	0.01	41	49897	买盘
14:33:25	12.16	--	50	60800	卖盘
14:33:10	12.16	--	2	2432	卖盘
14:33:05	12.16	-0.01	152	184832	卖盘
14:32:55	12.17	--	10	12170	买盘
14:32:50	12.17	0.01	80	97360	买盘
14:32:44	12.16	-0.01	20	24320	卖盘
14:32:40	12.17	0.01	20	24340	买盘
14:32:35	12.16	--	29	35264	卖盘
14:32:20	12.16	--	10	12160	卖盘
14:32:10	12.16	--	73	88768	买盘
14:31:50	12.16	0.01	126	153216	买盘
14:31:35	12.15	--	9	10935	卖盘
14:31:29	12.15	--	1	1215	卖盘
14:31:25	12.15	--	17	20655	卖盘
14:30:59	12.15	-0.01	10	12150	卖盘
14:30:29	12.16	0.01	41	49856	买盘
14:29:59	12.15	-0.01	100	121500	卖盘
14:29:44	12.16	--	41	49856	买盘
14:29:29	12.16	--	120	145920	卖盘
14:29:20	12.16	-0.01	6	7296	卖盘
14:29:14	12.17	0.01	57	69369	买盘
14:28:35	12.16	-0.01	10	12160	卖盘
14:27:59	12.17	0.01	59	71803	买盘
14:27:29	12.16	--	22	26752	卖盘
14:27:04	12.16	--	41	49856	买盘
14:26:49	12.16	--	5	6080	买盘
14:26:44	12.16	--	8	9728	卖盘
14:26:38	12.16	--	5	6080	卖盘
14:26:29	12.16	--	80	97280	卖盘
14:26:19	12.16	-0.01	10	12160	卖盘
14:26:04	12.17	--	0	0	买盘
14:25:59	12.17	0.01	30	36510	买盘
14:25:53	12.16	-0.01	35	43557	卖盘
14:25:49	12.17	0.01	2	2434	买盘
14:25:44	12.16	--	144	175104	卖盘
14:25:38	12.16	--	10	12160	卖盘
14:25:34	12.16	-0.01	14	17024	卖盘
14:25:19	12.17	--	46	55982	买盘
14:25:14	12.17	0.01	10	12170	买盘
14:24:59	12.16	-0.01	1	1216	卖盘
14:24:53	12.17	0.01	2	2434	买盘
14:24:44	12.16	-0.01	8	9728	卖盘
14:24:38	12.17	--	31	37727	买盘
14:24:34	12.17	--	15	18255	买盘
14:24:19	12.17	--	1	1217	卖盘
14:24:14	12.17	--	130	158210	买盘
14:24:08	12.17	--	12	14604	买盘
14:24:04	12.17	--	2	2434	买盘
14:23:59	12.17	--	116	141172	卖盘
14:23:53	12.17	--	60	73020	卖盘
14:23:49	12.17	--	33	40161	卖盘
14:23:44	12.17	--	10	12170	卖盘
14:23:38	12.17	--	1	1217	卖盘
14:23:29	12.17	-0.01	13	15821	卖盘
14:23:08	12.18	--	90	109620	买盘
14:22:59	12.18	--	135	164430	买盘
14:22:53	12.18	--	6	7308	买盘
14:22:43	12.18	--	16	19488	买盘
14:22:34	12.18	0.01	34	41412	买盘
14:22:18	12.17	--	30	36510	卖盘
14:22:14	12.17	--	386	469762	买盘
14:22:08	12.17	--	62	75454	买盘
14:21:59	12.17	0.01	14	17038	买盘
14:21:53	12.16	--	99	120602	买盘
14:21:38	12.16	--	20	24320	买盘
14:21:23	12.16	--	2	2432	买盘
14:21:17	12.16	--	41	49856	买盘
14:20:53	12.16	0.01	20	24320	买盘
14:20:43	12.15	-0.01	4	4860	卖盘
14:20:28	12.16	--	11	13376	买盘
14:20:23	12.16	0.01	7	8512	买盘
14:20:13	12.15	--	79	95985	卖盘
14:20:08	12.15	--	1	1215	卖盘
14:19:53	12.15	-0.01	9	10935	卖盘
14:19:47	12.16	--	0	997	卖盘
14:19:32	12.16	0.01	187	227610	买盘
14:19:28	12.15	-0.01	1	1215	卖盘
14:19:23	12.16	--	168	204288	买盘
14:19:13	12.16	--	10	12160	买盘
14:19:08	12.16	0.01	118	143488	买盘
14:18:53	12.15	-0.01	7	8505	卖盘
14:18:47	12.16	--	28	34048	买盘
14:18:38	12.16	0.01	5	6080	买盘
14:18:32	12.15	-0.01	10	12150	卖盘
14:18:28	12.16	--	54	65664	买盘
14:18:23	12.16	-0.01	133	162725	卖盘
14:18:17	12.17	--	33	40161	买盘
14:18:13	12.17	--	30	36510	买盘
14:18:08	12.17	--	4	4868	买盘
14:18:02	12.17	--	29	35293	买盘
14:17:53	12.17	--	5	6085	买盘
14:17:47	12.17	-0.01	21	25557	卖盘
14:17:43	12.18	0.01	165	200970	买盘
14:17:38	12.17	--	5	6085	卖盘
14:17:32	12.17	--	66	80322	买盘
14:17:23	12.17	0.01	22	26774	买盘
14:17:17	12.16	-0.01	20	24320	卖盘
14:17:13	12.17	0.01	200	243400	买盘
14:17:08	12.16	-0.01	120	145920	卖盘
14:17:02	12.17	0.01	5	6085	买盘
14:16:53	12.16	--	71	86336	卖盘
14:16:47	12.16	--	29	35264	卖盘
14:16:43	12.16	--	19	23322	买盘
14:16:37	12.16	--	101	122816	买盘
14:16:22	12.16	--	0	0	买盘
14:16:17	12.16	--	5	6080	买盘
14:16:13	12.16	--	19	23104	买盘
14:16:02	12.16	--	62	75392	买盘
14:15:58	12.16	0.01	19	23104	买盘
14:15:52	12.15	--	33	40095	买盘
14:15:47	12.15	--	11	13365	买盘
14:15:32	12.15	-0.01	7	9501	卖盘
14:15:28	12.16	0.01	14	17024	买盘
14:15:23	12.15	-0.01	26	31590	卖盘
14:15:17	12.16	0.01	27	32832	买盘
14:15:07	12.15	--	30	36668	买盘
14:15:02	12.15	--	60	72900	买盘
14:14:56	12.15	--	50	60750	买盘
14:14:52	12.15	--	20	24300	买盘
14:14:47	12.15	--	3	3645	买盘
14:14:37	12.15	0.01	50	60750	买盘
14:14:26	12.14	--	100	121400	卖盘
14:14:22	12.14	--	93	113460	买盘
14:14:17	12.14	--	212	257368	买盘
14:14:11	12.14	--	27	32778	买盘
14:14:07	12.14	0.01	17	20638	买盘
14:13:56	12.13	0.01	99	120087	买盘
14:13:52	12.12	-0.01	12	14543	卖盘
14:13:47	12.13	0.01	7	8491	买盘
14:13:32	12.12	--	10	12120	卖盘
14:13:17	12.12	--	42	50904	卖盘
14:13:07	12.12	--	32	38784	买盘
14:12:56	12.12	0.01	41	49692	买盘
14:12:41	12.11	--	1	1211	卖盘
14:11:56	12.11	--	17	20587	卖盘
14:11:37	12.11	--	7	8900	买盘
14:11:26	12.11	-0.01	80	97061	卖盘
14:11:16	12.12	--	8	9696	买盘
14:10:41	12.12	0.01	5	6060	买盘
14:09:51	12.11	--	69	83559	卖盘
14:09:46	12.11	--	5	6055	卖盘
14:09:16	12.11	-0.01	0	1029	卖盘
14:09:01	12.12	--	145	175740	卖盘
14:08:46	12.12	-0.01	5	6060	卖盘
14:08:36	12.13	--	41	49733	买盘
14:08:31	12.13	--	21	25473	买盘
14:08:26	12.13	0.01	30	36390	买盘
14:08:11	12.12	-0.01	40	48480	卖盘
14:08:01	12.13	0.01	6	7278	买盘
14:07:56	12.12	-0.01	4	4848	卖盘
14:07:41	12.13	0.01	50	60650	买盘
14:07:31	12.12	-0.01	1	1927	卖盘
14:07:26	12.13	--	2	2426	买盘
14:07:16	12.13	0.01	20	24260	买盘
14:06:31	12.12	-0.01	0	496	卖盘
14:06:26	12.13	--	15	18195	买盘
14:06:20	12.13	--	94	114022	买盘
14:06:05	12.13	--	7	8491	买盘
14:05:46	12.13	--	59	71567	买盘
14:05:26	12.13	--	106	128578	买盘
14:05:01	12.13	0.01	3	3639	买盘
14:04:56	12.12	--	43	52116	卖盘
14:04:46	12.12	-0.01	5	6060	卖盘
14:04:31	12.13	--	5	6065	买盘
14:04:16	12.13	0.01	6	7278	买盘
14:03:25	12.12	-0.01	50	60599	卖盘
14:03:15	12.13	--	41	49733	买盘
14:03:00	12.13	--	2	2426	卖盘
14:02:55	12.13	--	20	24260	买盘
14:02:50	12.13	--	40	48520	买盘
14:02:40	12.13	0.01	70	84910	卖盘
14:02:25	12.12	--	0	0	卖盘
14:02:00	12.12	--	1	1212	卖盘
14:01:50	12.12	-0.01	4	4848	卖盘
14:01:35	12.13	--	187	226831	买盘
14:01:20	12.13	--	424	514312	买盘
14:01:05	12.13	0.01	6	7278	买盘
14:00:55	12.12	--	16	19392	买盘
14:00:50	12.12	--	5	6060	买盘
14:00:44	12.12	--	10	12120	买盘
14:00:40	12.12	--	10	12120	买盘
14:00:35	12.12	--	6	7271	买盘
14:00:20	12.12	--	0	0	买盘
14:00:10	12.12	--	41	49692	买盘
13:59:35	12.12	--	10	12120	买盘
13:59:20	12.12	--	86	104232	卖盘
13:58:50	12.12	-0.01	9	10908	卖盘
13:58:05	12.13	--	5	6065	买盘
13:57:50	12.13	--	41	49733	买盘
13:57:44	12.13	--	9	10917	买盘
13:57:20	12.13	0.01	41	49733	买盘
13:56:55	12.12	-0.01	16	19392	卖盘
13:56:29	12.13	--	5	6065	买盘
13:56:25	12.13	--	11	13343	买盘
13:56:19	12.13	0.02	12	14556	买盘
13:56:04	12.11	-0.01	100	121100	卖盘
13:55:59	12.12	--	47	56963	买盘
13:55:19	12.12	--	6	7271	买盘
13:55:14	12.12	0.01	6	7271	买盘
13:55:04	12.11	-0.01	1	1211	卖盘
13:54:44	12.12	0.02	117	141804	买盘
13:54:24	12.1	--	5	6050	卖盘
13:54:04	12.1	--	2	2420	卖盘
13:53:49	12.1	--	6	7260	买盘
13:53:34	12.1	--	19	22990	卖盘
13:53:29	12.1	-0.02	1	1210	卖盘
13:53:04	12.12	--	5	6060	买盘
13:52:59	12.12	-0.02	21	25452	卖盘
13:52:49	12.14	--	41	49774	买盘
13:52:23	12.14	--	1	1214	买盘
13:52:14	12.14	0.02	317	384838	买盘
13:51:53	12.12	--	9	10908	买盘
13:51:44	12.12	0.01	4	4848	买盘
13:51:34	12.11	--	0	0	卖盘
13:51:29	12.11	--	37	44807	买盘
13:51:23	12.11	--	21	25431	买盘
13:51:19	12.11	--	108	130788	买盘
13:51:08	12.11	0.01	17	20587	买盘
13:50:34	12.1	-0.01	4	4840	卖盘
13:50:23	12.11	0.01	7	8477	买盘
13:50:13	12.1	--	111	134310	买盘
13:49:19	12.1	--	0	0	买盘
13:49:13	12.1	--	274	331540	买盘
13:48:48	12.1	-0.01	292	353320	卖盘
13:48:08	12.11	-0.01	142	171962	卖盘
13:48:03	12.12	0.01	6	7271	买盘
13:47:43	12.11	--	100	121100	卖盘
13:47:08	12.11	-0.01	24	29064	卖盘
13:46:28	12.12	-0.01	164	199470	卖盘
13:45:43	12.13	--	5	6065	买盘
13:45:08	12.13	0.01	4	4852	买盘
13:45:02	12.12	-0.01	10	12120	卖盘
13:44:58	12.13	--	41	49733	买盘
13:44:12	12.13	0.01	30	36390	买盘
13:44:08	12.12	--	20	24240	卖盘
13:44:02	12.12	-0.01	100	121199	卖盘
13:43:53	12.13	0.01	143	173459	买盘
13:43:32	12.12	-0.01	3	3635	卖盘
13:43:12	12.13	0.01	41	49733	买盘
13:42:43	12.12	-0.01	46	55752	卖盘
13:42:22	12.13	0.01	22	26686	买盘
13:42:17	12.12	-0.01	25	30299	卖盘
13:41:57	12.13	--	10	12130	买盘
13:41:37	12.13	--	9	11147	卖盘
13:41:32	12.13	--	0	909	卖盘
13:41:22	12.13	--	0	72	买盘
13:41:17	12.13	--	52	64216	卖盘
13:41:07	12.13	--	30	37396	卖盘
13:41:02	12.13	--	5	6065	卖盘
13:40:52	12.13	-0.01	20	24260	卖盘
13:40:47	12.14	--	6	7284	买盘
13:40:42	12.14	0.01	5	6349	买盘
13:40:37	12.13	--	10	12130	卖盘
13:40:32	12.13	-0.01	5	6065	卖盘
13:40:26	12.14	0.01	1	1214	买盘
13:40:17	12.13	--	22	26686	卖盘
13:40:11	12.13	-0.01	37	44881	卖盘
13:39:56	12.14	-0.01	121	146894	卖盘
13:39:32	12.15	0.01	1	1215	买盘
13:39:26	12.14	-0.01	52	63128	卖盘
13:39:22	12.15	0.01	3	3645	买盘
13:39:17	12.14	-0.01	3	3642	卖盘
13:38:36	12.15	--	10	12150	买盘
13:38:11	12.15	--	13	15795	买盘
13:37:41	12.15	--	10	12150	买盘
13:37:36	12.15	--	7	8505	买盘
13:37:26	12.15	--	1	1215	买盘
13:37:21	12.15	--	33	40095	买盘
13:37:11	12.15	0.01	4	4860	买盘
13:37:06	12.14	-0.01	20	24280	卖盘
13:37:02	12.15	--	2	2430	买盘
13:36:56	12.15	--	41	49815	买盘
13:36:31	12.15	--	5	6075	买盘
13:36:26	12.15	--	36	44760	卖盘
13:36:02	12.15	--	10	12150	卖盘
13:35:56	12.15	--	0	1142	卖盘
13:35:52	12.15	--	33	40362	买盘
13:35:36	12.15	--	19	23085	买盘
13:35:26	12.15	0.01	10	12150	买盘
13:35:21	12.14	-0.01	26	31564	卖盘
13:35:16	12.15	--	10	12150	买盘
13:35:11	12.15	--	8	9720	买盘
13:35:06	12.15	--	13	16742	卖盘
13:34:51	12.15	-0.01	27	32805	卖盘
13:34:36	12.16	0.01	100	121600	买盘
13:34:11	12.15	--	5	6075	卖盘
13:33:56	12.15	--	326	396357	买盘
13:33:16	12.15	0.01	41	50118	买盘
13:32:26	12.14	--	0	254	卖盘
13:32:20	12.14	0.02	8	10064	买盘
13:32:16	12.12	-0.02	3	3635	卖盘
13:32:05	12.14	0.01	17	20638	买盘
13:31:56	12.13	--	3	3639	卖盘
13:31:41	12.13	--	24	29112	卖盘
13:31:26	12.13	-0.01	21	25473	卖盘
13:31:20	12.14	--	6	7284	买盘
13:31:11	12.14	--	5	6070	买盘
13:31:00	12.14	-0.01	28	34853	卖盘
13:30:56	12.15	0.01	5	6075	买盘
13:30:41	12.14	--	0	352	卖盘
13:30:35	12.14	--	3	3642	买盘
13:30:30	12.14	--	2	2428	买盘
13:30:26	12.14	-0.01	5	6070	卖盘
13:30:20	12.15	--	5	6075	买盘
13:30:10	12.15	--	0	0	买盘
13:30:05	12.15	0.01	38	46170	买盘
13:30:00	12.14	--	2	3374	卖盘
13:29:56	12.14	-0.01	0	267	卖盘
13:29:50	12.15	0.02	280	340200	买盘
13:29:45	12.13	-0.01	30	36390	卖盘
13:29:25	12.14	--	0	437	卖盘
13:29:15	12.14	--	50	60809	买盘
13:28:40	12.14	--	31	37634	买盘
13:28:35	12.14	--	10	12140	买盘
13:28:25	12.14	0.01	61	74054	买盘
13:28:10	12.13	--	5	6065	卖盘
13:28:05	12.13	--	0	509	卖盘
13:27:50	12.13	-0.01	5	6065	卖盘
13:27:40	12.14	--	35	42490	买盘
13:27:25	12.14	--	48	58272	买盘
13:27:20	12.14	--	21	25494	买盘
13:27:15	12.14	--	3	3642	买盘
13:27:05	12.14	--	69	83766	买盘
13:26:55	12.14	0.01	33	40062	买盘
13:26:40	12.13	--	0	1006	卖盘
13:26:20	12.13	-0.01	0	448	卖盘
13:26:14	12.14	0.01	41	49774	买盘
13:26:10	12.13	--	10	12130	卖盘
13:25:50	12.13	--	10	12154	卖盘
13:25:35	12.13	0.01	74	90708	买盘
13:25:14	12.12	-0.01	20	24240	卖盘
13:24:14	12.13	--	62	75206	买盘
13:23:59	12.13	0.01	6	7278	买盘
13:23:54	12.12	-0.01	11	13332	卖盘
13:23:50	12.13	0.01	30	36390	买盘
13:23:35	12.12	-0.01	10	12120	卖盘
13:22:29	12.13	--	8	9704	买盘
13:22:24	12.13	--	1	1213	买盘
13:22:20	12.13	--	21	25473	买盘
13:22:14	12.13	-0.01	191	231792	卖盘
13:22:04	12.14	--	10	12140	买盘
13:21:04	12.14	0.01	8	9712	买盘
13:20:44	12.13	--	0	339	卖盘
13:20:34	12.13	--	40	49284	买盘
13:20:14	12.13	--	13	16666	卖盘
13:20:04	12.13	--	20	24260	卖盘
13:19:49	12.13	--	5	6380	卖盘
13:19:34	12.13	--	10	12130	卖盘
13:19:19	12.13	-0.01	4	4852	卖盘
13:19:14	12.14	--	26	31564	买盘
13:18:59	12.14	--	22	27230	卖盘
13:18:53	12.14	-0.01	20	24280	卖盘
13:18:44	12.15	0.01	2	2430	买盘
13:18:34	12.14	--	11	13354	卖盘
13:18:29	12.14	-0.01	20	24280	卖盘
13:18:08	12.15	--	1	1215	买盘
13:17:53	12.15	0.01	14	17010	买盘
13:17:48	12.14	--	6	7284	卖盘
13:17:38	12.14	--	10	12722	卖盘
13:17:23	12.14	--	143	173711	买盘
13:17:14	12.14	--	7	8498	买盘
13:17:08	12.14	--	2	2428	买盘
13:16:53	12.14	--	10	12140	买盘
13:16:48	12.14	--	41	49774	买盘
13:16:44	12.14	--	2	2428	买盘
13:16:23	12.14	0.02	1	1214	买盘
13:16:08	12.12	-0.02	0	666	卖盘
13:15:58	12.14	0.02	30	36420	买盘
13:15:53	12.12	-0.02	60	72720	卖盘
13:15:48	12.14	--	41	49774	买盘
13:15:44	12.14	--	10	12140	买盘
13:15:13	12.14	-0.01	456	553584	卖盘
13:14:58	12.15	--	20	24300	买盘
13:14:53	12.15	--	20	24300	买盘
13:14:48	12.15	--	10	12150	买盘
13:14:43	12.15	0.01	1	1215	买盘
13:14:38	12.14	-0.01	37	44918	卖盘
13:14:23	12.15	0.01	29	35235	买盘
13:13:58	12.14	--	30	36420	卖盘
13:13:43	12.14	0.01	208	252512	买盘
13:13:13	12.13	--	7	8491	买盘
13:12:38	12.13	-0.01	21	25473	卖盘
13:12:28	12.14	--	4	5730	卖盘
13:12:13	12.14	0.01	233	283201	买盘
13:12:08	12.13	-0.01	5	6065	买盘
13:12:02	12.14	--	0	0	买盘
13:11:23	12.14	--	36	44578	卖盘
13:11:08	12.14	-0.01	30	36420	卖盘
13:11:02	12.15	--	10	12150	买盘
13:10:42	12.15	0.01	5	6075	买盘
13:10:38	12.14	--	2	2428	卖盘
13:10:23	12.14	--	331	402173	买盘
13:10:17	12.14	--	5	6070	买盘
13:09:53	12.14	0.01	26	31564	买盘
13:09:47	12.13	--	14	16982	卖盘
13:09:37	12.13	--	17	20621	买盘
13:09:27	12.13	0.01	3	3639	买盘
13:09:23	12.12	-0.01	30	36360	卖盘
13:09:17	12.13	-0.01	10	12130	买盘
13:09:12	12.14	--	0	0	买盘
13:08:52	12.14	0.01	22	26708	买盘
13:08:38	12.13	0.01	26	31538	买盘
13:08:22	12.12	-0.01	38	46056	卖盘
13:08:02	12.13	--	6	7278	买盘
13:07:42	12.13	--	10	12130	买盘
13:07:37	12.13	--	9	10917	买盘
13:07:32	12.13	--	41	49733	买盘
13:07:22	12.13	--	22	26686	买盘
13:07:07	12.13	--	100	121300	买盘
13:07:02	12.13	--	10	12130	买盘
13:06:32	12.13	0.01	14	16982	买盘
13:06:17	12.12	-0.01	66	79992	卖盘
13:06:11	12.13	--	8	9704	买盘
13:06:02	12.13	--	10	12130	买盘
13:05:52	12.13	0.01	67	81271	买盘
13:05:47	12.12	--	5	6060	卖盘
13:05:41	12.12	--	15	18180	卖盘
13:05:21	12.12	--	19	23028	卖盘
13:05:11	12.12	-0.01	4	4848	卖盘
13:04:51	12.13	0.01	104	126152	买盘
13:04:47	12.12	--	2	2424	卖盘
13:04:11	12.12	--	10	12120	卖盘
13:04:06	12.12	-0.01	10	12120	买盘
13:03:41	12.13	--	0	0	买盘
13:03:31	12.13	0.02	65	78845	买盘
13:03:17	12.11	-0.01	30	36330	卖盘
13:03:01	12.12	--	42	50904	买盘
13:02:46	12.12	--	10	12120	买盘
13:02:26	12.12	-0.01	22	26664	卖盘
13:02:21	12.13	--	0	0	买盘
13:02:16	12.13	0.01	28	33964	买盘
13:02:01	12.12	--	30	36360	卖盘
13:01:46	12.12	--	38	46056	卖盘
13:01:06	12.12	--	42	50904	卖盘
13:00:16	12.12	--	10	12120	卖盘
13:00:11	12.12	--	10	12120	卖盘
13:00:05	12.12	--	22	26664	卖盘
13:00:01	12.12	--	35	42420	买盘
11:30:00	12.12	--	0	0	买盘
11:30:00	12.12	--	0	0	买盘
11:29:57	12.12	-0.01	218	264216	卖盘
11:29:37	12.13	--	45	54585	买盘
11:29:22	12.13	--	1	1213	买盘
11:29:16	12.13	0.01	10	12130	买盘
11:29:07	12.12	-0.01	45	54540	卖盘
11:29:01	12.13	--	89	107957	买盘
11:28:46	12.13	--	2	2426	买盘
11:28:37	12.13	--	10	12130	买盘
11:28:27	12.13	-0.01	46	55798	卖盘
11:28:16	12.14	--	5	6070	买盘
11:28:12	12.14	0.01	254	308356	买盘
11:28:01	12.13	--	0	0	买盘
11:27:52	12.13	--	112	135856	买盘
11:27:31	12.13	--	15	18195	买盘
11:27:11	12.13	--	5	6065	买盘
11:27:07	12.13	--	0	0	买盘
11:26:57	12.13	--	187	226831	买盘
11:26:46	12.13	--	149	180737	卖盘
11:26:42	12.13	--	20	24260	卖盘
11:26:31	12.13	--	222	269286	买盘
11:26:25	12.13	--	24	29112	买盘
11:26:16	12.13	--	2	2426	买盘
11:26:07	12.13	-0.01	3	3639	买盘
11:26:01	12.14	0.01	732	888648	买盘
11:25:46	12.13	--	198	240174	卖盘
11:25:25	12.13	--	230	278990	买盘
11:25:21	12.13	--	9	10917	买盘
11:25:01	12.13	--	24	29112	买盘
11:24:51	12.13	--	0	0	买盘
11:24:46	12.13	--	19	23047	买盘
11:24:40	12.13	--	20	24260	买盘
11:24:36	12.13	0.01	513	622269	买盘
11:24:31	12.12	-0.01	104	126047	卖盘
11:24:25	12.13	--	37	44881	买盘
11:24:21	12.13	--	278	337214	买盘
11:24:16	12.13	--	8	9704	买盘
11:24:10	12.13	0.01	38	46094	买盘
11:24:01	12.12	-0.01	18	21816	卖盘
11:23:46	12.13	0.01	53	64289	买盘
11:23:31	12.12	0.01	24	29087	中性盘
11:23:25	12.11	--	41	49651	卖盘
11:23:21	12.11	--	2	2422	卖盘
11:23:16	12.11	-0.01	42	50862	卖盘
11:23:10	12.12	0.01	6	7271	买盘
11:23:06	12.11	-0.01	34	41174	卖盘
11:23:01	12.12	--	45	54540	买盘
11:22:55	12.12	-0.01	10	12120	买盘
11:22:51	12.13	--	71	86123	卖盘
11:22:46	12.13	--	19	23047	卖盘
11:22:40	12.13	0.01	96	116448	买盘
11:22:36	12.12	--	75	90900	卖盘
11:22:31	12.12	--	14	16968	卖盘
11:22:25	12.12	0.01	576	698112	买盘
11:22:10	12.11	--	5	6055	卖盘
11:22:06	12.11	--	5	6055	卖盘
11:22:01	12.11	0.02	521	630931	买盘
11:21:55	12.09	--	30	36270	卖盘
11:21:51	12.09	-0.02	30	36270	卖盘
11:21:31	12.11	--	0	0	买盘
11:21:21	12.11	0.02	71	85981	买盘
11:21:16	12.09	-0.03	12	14508	卖盘
11:21:06	12.12	--	94	113927	买盘
11:20:55	12.12	0.03	5	6060	买盘
11:20:51	12.09	--	5	6045	卖盘
11:20:46	12.09	-0.02	398	481182	卖盘
11:20:40	12.11	0.02	852	1031772	买盘
11:20:25	12.09	--	0	0	中性盘
11:20:16	12.09	--	0	0	买盘
11:20:10	12.09	--	49	59241	买盘
11:20:01	12.09	0.01	25	30225	买盘
11:19:55	12.08	-0.01	38	45904	卖盘
11:19:46	12.09	-0.01	10	12090	买盘
11:19:30	12.1	--	69	83490	卖盘
11:19:25	12.1	--	150	181500	卖盘
11:19:19	12.1	--	134	162140	卖盘
11:19:15	12.1	--	83	100430	卖盘
11:19:10	12.1	0.01	496	600160	买盘
11:19:04	12.09	--	30	36270	卖盘
11:19:00	12.09	-0.01	137	165633	卖盘
11:18:40	12.1	--	37	44770	卖盘
11:18:30	12.1	--	14	16940	卖盘
11:18:19	12.1	-0.01	2	2420	卖盘
11:18:10	12.11	-0.01	164	198604	买盘
11:18:04	12.12	--	0	0	买盘
11:18:00	12.12	--	0	0	买盘
11:17:45	12.12	--	192	232703	买盘
11:17:19	12.12	0.04	368	446016	买盘
11:17:10	12.08	-0.02	300	362400	卖盘
11:16:55	12.1	-0.01	2	2420	卖盘
11:16:49	12.11	0.01	5	6055	买盘
11:16:40	12.1	--	32	38720	买盘
11:16:15	12.1	-0.01	348	421080	卖盘
11:16:10	12.11	--	20	24220	卖盘
11:16:04	12.11	--	30	36330	卖盘
11:16:00	12.11	-0.01	10	12110	卖盘
11:15:49	12.12	--	83	100596	买盘
11:15:40	12.12	--	6	7271	买盘
11:15:25	12.12	--	80	96960	卖盘
11:15:19	12.12	-0.01	5	6060	卖盘
11:15:00	12.13	--	8	9704	买盘
11:14:45	12.13	--	20	24260	卖盘
11:14:40	12.13	--	2	2426	卖盘
11:14:34	12.13	0.02	243	294759	买盘
11:14:25	12.11	-0.02	57	69027	卖盘
11:14:19	12.13	0.01	52	63076	买盘
11:14:10	12.12	--	39	47268	买盘
11:14:04	12.12	--	36	43632	卖盘
11:13:55	12.12	--	174	210888	卖盘
11:13:49	12.12	--	1	1212	卖盘
11:13:45	12.12	--	268	324816	卖盘
11:13:40	12.12	--	32	38784	卖盘
11:13:25	12.12	-0.01	15	18180	卖盘
11:13:19	12.13	--	40	48520	买盘
11:13:10	12.13	--	0	0	买盘
11:13:04	12.13	--	45	54585	买盘
11:12:58	12.13	0.01	24	29112	买盘
11:12:49	12.12	-0.01	37	44844	卖盘
11:12:39	12.13	-0.01	221	268073	卖盘
11:12:34	12.14	--	76	92264	买盘
11:12:28	12.14	0.01	13	15782	买盘
11:12:24	12.13	--	34	41242	卖盘
11:12:19	12.13	-0.01	8	9704	卖盘
11:12:09	12.14	--	81	98334	买盘
11:12:04	12.14	-0.01	75	91050	买盘
11:11:54	12.15	--	0	0	买盘
11:11:49	12.15	0.02	544	660960	买盘
11:11:39	12.13	0.01	170	206210	买盘
11:11:24	12.12	--	62	75144	买盘
11:11:19	12.12	--	13	15755	买盘
11:11:09	12.12	-0.01	18	21816	中性盘
11:11:04	12.13	0.02	15	18195	买盘
11:10:58	12.11	-0.02	196	237356	卖盘
11:10:54	12.13	--	0	0	买盘
11:10:49	12.13	--	385	467005	卖盘
11:10:43	12.13	0.01	152	184376	买盘
11:10:34	12.12	--	2	2424	中性盘
11:10:28	12.12	-0.01	133	161196	卖盘
11:10:19	12.13	--	15	18195	买盘
11:10:09	12.13	--	6	7278	中性盘
11:10:04	12.13	-0.01	209	253517	卖盘
11:09:58	12.14	--	83	100762	卖盘
11:09:54	12.14	--	13	15782	卖盘
11:09:49	12.14	--	78	94692	买盘
11:09:39	12.14	--	13	15782	买盘
11:09:34	12.14	--	139	168746	卖盘
11:09:28	12.14	-0.01	100	121400	卖盘
11:09:19	12.15	--	10	12150	买盘
11:09:13	12.15	0.01	165	200475	买盘
11:09:09	12.14	--	12	14568	买盘
11:09:04	12.14	-0.01	137	166318	卖盘
11:08:58	12.15	0.01	161	195615	买盘
11:08:54	12.14	-0.02	799	969986	卖盘
11:08:49	12.16	0.01	5	6080	买盘
11:08:43	12.15	0.01	279	338985	买盘
11:08:39	12.14	--	26	31564	买盘
11:08:34	12.14	--	15	18210	买盘
11:08:28	12.14	-0.01	68	82552	卖盘
11:08:24	12.15	--	103	125145	买盘
11:08:19	12.15	--	70	85050	买盘
11:08:13	12.15	--	35	42525	买盘
11:08:09	12.15	--	177	215055	买盘
11:08:04	12.15	--	284	345060	卖盘
11:07:58	12.15	--	160	194400	卖盘
11:07:49	12.15	0.01	52	63180	买盘
11:07:43	12.14	-0.01	27	32778	卖盘
11:07:39	12.15	0.01	500	607500	买盘
11:07:34	12.14	--	17	20638	卖盘
11:07:28	12.14	-0.03	23	27922	卖盘
11:07:24	12.17	--	54	65718	买盘
11:07:19	12.17	-0.01	26	31642	中性盘
11:07:13	12.18	-0.01	119	144942	买盘
11:07:09	12.19	0.01	29	35351	买盘
11:07:04	12.18	-0.01	63	76734	中性盘
11:06:58	12.19	--	69	84111	买盘
11:06:52	12.19	-0.01	49	59731	中性盘
11:06:48	12.2	-0.01	246	300120	卖盘
11:06:43	12.21	--	361	440781	卖盘
11:06:37	12.21	0.02	45	54945	中性盘
11:06:34	12.19	--	134	163346	卖盘
11:06:28	12.19	-0.01	416	507104	卖盘
11:06:22	12.2	--	64	78080	买盘
11:06:18	12.2	--	226	275720	买盘
11:06:13	12.2	0.01	179	218380	买盘
11:06:03	12.19	0.06	752	916688	买盘
11:05:58	12.13	0.01	286	346918	买盘
11:05:52	12.12	0.01	10	12120	买盘
11:05:48	12.11	-0.02	6	7266	卖盘
11:05:43	12.13	0.02	17	20621	买盘
11:05:37	12.11	0.01	123	148953	买盘
11:05:28	12.1	--	35	42350	买盘
11:05:18	12.1	--	8	9680	买盘
11:05:13	12.1	--	19	22990	买盘
11:05:03	12.1	--	16	19360	买盘
11:04:58	12.1	0.02	292	353320	买盘
11:04:52	12.08	-0.01	11	13288	卖盘
11:04:48	12.09	--	0	0	买盘
11:04:43	12.09	0.02	378	457002	买盘
11:04:37	12.07	-0.01	31	37417	卖盘
11:04:33	12.08	--	20	24160	买盘
11:04:28	12.08	--	2	2416	买盘
11:04:22	12.08	--	5	6040	买盘
11:04:13	12.08	--	64	77312	买盘
11:04:07	12.08	--	57	68856	买盘
11:03:52	12.08	--	0	0	买盘
11:03:48	12.08	0.01	450	543600	买盘
11:03:43	12.07	--	3	3621	买盘
11:03:37	12.07	0.01	32	38624	买盘
11:03:33	12.06	-0.01	33	39798	卖盘
11:03:28	12.07	--	80	96560	买盘
11:03:22	12.07	--	17	20519	买盘
11:03:13	12.07	--	9	10863	买盘
11:02:58	12.07	--	10	12070	买盘
11:02:52	12.07	0.01	13	15691	买盘
11:02:48	12.06	--	1	1206	卖盘
11:01:58	12.06	--	24	28944	卖盘
11:01:28	12.06	--	16	19296	买盘
11:01:03	12.06	--	3	3618	买盘
11:00:28	12.06	--	7	8442	买盘
11:00:22	12.06	-0.01	14	16884	中性盘
11:00:16	12.07	--	11	13277	买盘
11:00:13	12.07	0.01	380	458660	买盘
11:00:07	12.06	0.01	10	12060	中性盘
11:00:01	12.05	-0.01	250	301250	卖盘
10:59:46	12.06	0.01	26	31356	买盘
10:59:37	12.05	--	18	21690	卖盘
10:59:31	12.05	--	0	0	卖盘
10:59:27	12.05	--	113	136165	卖盘
10:59:16	12.05	--	2	2410	卖盘
10:59:07	12.05	-0.02	50	60250	卖盘
10:58:42	12.07	--	50	60350	买盘
10:58:22	12.07	--	67	80869	卖盘
10:58:12	12.07	-0.01	24	28968	卖盘
10:58:07	12.08	--	34	41072	买盘
10:57:57	12.08	0.01	30	36240	买盘
10:57:52	12.07	-0.01	10	12070	卖盘
10:57:42	12.08	--	30	36240	买盘
10:57:31	12.08	0.01	10	12080	买盘
10:56:57	12.07	--	37	44659	买盘
10:56:52	12.07	--	20	24140	买盘
10:56:37	12.07	--	31	37417	买盘
10:56:16	12.07	0.01	19	22933	买盘
10:56:07	12.06	-0.01	143	172458	卖盘
10:56:01	12.07	--	20	24140	买盘
10:55:52	12.07	--	3	3621	买盘
10:55:46	12.07	0.01	37	44659	买盘
10:55:07	12.06	-0.01	27	32562	卖盘
10:55:01	12.07	--	10	12070	买盘
10:54:31	12.07	--	68	82076	买盘
10:54:27	12.07	0.01	10	12070	买盘
10:54:16	12.06	-0.01	5	6030	卖盘
10:54:01	12.07	--	41	49487	买盘
10:53:52	12.07	--	4	4828	买盘
10:53:46	12.07	--	0	0	买盘
10:53:36	12.07	0.02	28	33796	买盘
10:53:21	12.05	--	1	1205	卖盘
10:53:06	12.05	--	5	6025	买盘
10:53:01	12.05	--	53	63865	买盘
10:52:51	12.05	0.01	35	42175	买盘
10:52:46	12.04	--	7	8428	卖盘
10:52:21	12.04	-0.01	19	22876	中性盘
10:52:16	12.05	0.01	16	19280	买盘
10:52:06	12.04	--	17	20468	买盘
10:51:51	12.04	0.01	6	7223	买盘
10:51:25	12.03	-0.01	30	36090	卖盘
10:50:55	12.04	--	27	32507	买盘
10:50:46	12.04	--	30	36120	买盘
10:50:40	12.04	--	4	4816	买盘
10:50:21	12.04	--	5	6020	买盘
10:50:16	12.04	--	20	24080	买盘
10:50:10	12.04	--	4	4816	买盘
10:50:01	12.04	--	1	2082	卖盘
10:49:55	12.04	--	3	3937	买盘
10:49:51	12.04	-0.01	6	8102	卖盘
10:49:36	12.05	0.01	5	6025	买盘
10:49:16	12.04	--	50	60199	卖盘
10:49:10	12.04	--	11	13243	卖盘
10:49:01	12.04	--	10	12365	卖盘
10:48:55	12.04	--	10	12040	卖盘
10:48:46	12.04	--	5	6020	卖盘
10:48:40	12.04	--	8	9632	卖盘
10:48:16	12.04	-0.01	1	1204	卖盘
10:47:31	12.05	0.01	5	6025	买盘
10:47:25	12.04	--	4	4816	卖盘
10:47:01	12.04	-0.01	6	7223	卖盘
10:46:45	12.05	0.01	45	54225	买盘
10:46:15	12.04	-0.01	48	57791	卖盘
10:45:45	12.05	--	10	12050	买盘
10:45:30	12.05	--	22	26510	买盘
10:45:25	12.05	--	10	12050	买盘
10:45:10	12.05	--	2	2410	买盘
10:44:55	12.05	--	8	9640	买盘
10:44:45	12.05	0.01	52	62660	买盘
10:44:15	12.04	--	25	30099	卖盘
10:44:10	12.04	-0.01	28	33712	卖盘
10:43:45	12.05	--	4	4820	买盘
10:43:34	12.05	--	8	9640	买盘
10:43:00	12.05	0.01	19	22895	买盘
10:42:49	12.04	-0.01	11	13243	卖盘
10:42:40	12.05	--	5	6025	买盘
10:41:55	12.05	0.01	1	1205	买盘
10:41:49	12.04	-0.01	11	13243	卖盘
10:41:45	12.05	--	13	15665	买盘
10:41:34	12.05	--	0	0	买盘
10:41:25	12.05	0.02	41	49405	买盘
10:41:19	12.03	-0.01	6	7218	卖盘
10:41:04	12.04	--	3	3611	卖盘
10:40:55	12.04	0.01	27	32507	买盘
10:40:49	12.03	-0.01	20	24060	卖盘
10:40:19	12.04	--	8	9632	卖盘
10:39:58	12.04	0.02	1	1204	买盘
10:39:54	12.02	--	0	0	卖盘
10:39:49	12.02	-0.02	11	13222	卖盘
10:39:34	12.04	--	2	2408	买盘
10:39:19	12.04	0.01	69	83076	买盘
10:39:04	12.03	--	0	0	卖盘
10:38:49	12.03	--	11	13233	卖盘
10:38:34	12.03	--	20	24060	卖盘
10:38:13	12.03	--	1	1203	卖盘
10:38:09	12.03	-0.02	15	18045	卖盘
10:38:04	12.05	0.02	3	3615	买盘
10:37:58	12.03	--	2	2406	卖盘
10:37:49	12.03	--	11	13233	卖盘
10:37:34	12.03	--	82	98646	卖盘
10:37:19	12.03	-0.02	50	60150	卖盘
10:37:13	12.05	0.01	6	7230	买盘
10:36:54	12.04	0.01	20	24080	买盘
10:36:49	12.03	-0.01	11	13233	卖盘
10:36:34	12.04	--	10	12040	买盘
10:36:28	12.04	--	22	26487	买盘
10:36:13	12.04	-0.01	48	57791	卖盘
10:36:09	12.05	0.01	16	19280	买盘
10:35:49	12.04	-0.01	11	13243	卖盘
10:35:24	12.05	--	10	12050	买盘
10:35:19	12.05	0.01	5	6025	买盘
10:34:49	12.04	-0.01	11	13243	卖盘
10:34:19	12.05	--	86	103630	卖盘
10:34:03	12.05	--	0	0	卖盘
10:33:52	12.05	--	1	1205	卖盘
10:33:49	12.05	--	11	13255	卖盘
10:33:43	12.05	--	1	1205	卖盘
10:33:33	12.05	-0.01	70	84350	卖盘
10:33:28	12.06	--	7	8442	卖盘
10:33:22	12.06	-0.01	13	15678	买盘
10:33:13	12.07	--	0	0	买盘
10:32:58	12.07	--	1	1207	买盘
10:32:48	12.07	--	18	21726	买盘
10:32:28	12.07	0.02	19	22933	买盘
10:32:18	12.05	--	1	1205	卖盘
10:32:07	12.05	-0.02	22	26510	卖盘
10:32:03	12.07	--	10	12070	买盘
10:31:48	12.07	--	27	32589	买盘
10:31:28	12.07	0.01	19	22933	买盘
10:31:22	12.06	-0.01	24	28944	卖盘
10:31:07	12.07	--	25	30175	卖盘
10:30:52	12.07	--	1	1207	卖盘
10:30:37	12.07	--	20	24140	卖盘
10:30:33	12.07	--	32	38624	买盘
10:30:28	12.07	--	19	22933	买盘
10:30:22	12.07	-0.01	20	24140	卖盘
10:30:18	12.08	--	25	30200	买盘
10:30:13	12.08	--	4	4832	买盘
10:29:48	12.08	--	23	27784	买盘
10:29:28	12.08	0.01	19	22952	买盘
10:29:22	12.07	--	11	13277	卖盘
10:29:07	12.07	0.01	39	47073	买盘
10:28:58	12.06	--	9	10854	买盘
10:28:28	12.06	0.01	23	27738	买盘
10:28:22	12.05	-0.01	11	13255	卖盘
10:28:07	12.06	0.01	22	26532	买盘
10:28:03	12.05	0.01	135	162675	买盘
10:27:52	12.04	0.01	54	65015	买盘
10:27:37	12.03	-0.02	5	6015	卖盘
10:27:27	12.05	0.02	19	22895	买盘
10:27:22	12.03	--	11	13233	卖盘
10:26:57	12.03	-0.01	93	111879	卖盘
10:26:52	12.04	--	2	2408	买盘
10:26:46	12.04	--	18	21672	买盘
10:26:42	12.04	--	50	60199	买盘
10:26:31	12.04	--	10	12040	买盘
10:26:27	12.04	0.01	30	36120	买盘
10:26:22	12.03	-0.01	11	13233	卖盘
10:26:07	12.04	--	297	357588	买盘
10:25:37	12.04	--	17	20468	买盘
10:25:27	12.04	0.01	19	22876	买盘
10:25:22	12.03	-0.01	68	81804	卖盘
10:25:12	12.04	0.01	46	55383	买盘
10:24:57	12.03	--	10	12030	卖盘
10:24:22	12.03	-0.01	33	39699	卖盘
10:24:16	12.04	--	3	3611	买盘
10:24:01	12.04	--	14	16856	买盘
10:23:46	12.04	0.01	20	24080	买盘
10:23:37	12.03	--	100	120300	卖盘
10:23:22	12.03	--	16	19248	卖盘
10:23:07	12.03	-0.01	1	1203	卖盘
10:22:57	12.04	0.01	48	57791	买盘
10:22:52	12.03	--	10	12030	卖盘
10:22:22	12.03	--	11	13233	卖盘
10:22:12	12.03	--	148	178056	买盘
10:22:07	12.03	--	5	6015	买盘
10:21:52	12.03	--	44	52932	买盘
10:21:46	12.03	--	5	6015	买盘
10:21:42	12.03	--	28	33684	买盘
10:21:10	12.03	--	1	1203	买盘
10:21:01	12.03	0.01	14	16842	买盘
10:20:51	12.02	--	315	378630	卖盘
10:20:36	12.02	--	13	15626	卖盘
10:20:31	12.02	0.01	41	49282	买盘
10:20:25	12.01	-0.01	8	9608	卖盘
10:20:21	12.02	--	14	16828	买盘
10:19:51	12.02	--	12	14424	卖盘
10:19:46	12.02	--	39	46878	卖盘
10:19:36	12.02	--	13	15626	买盘
10:19:21	12.02	--	32	38464	卖盘
10:19:16	12.02	0.01	8	9616	买盘
10:19:06	12.01	--	89	106889	卖盘
10:19:01	12.01	--	50	60050	卖盘
10:18:55	12.01	--	37	44437	卖盘
10:18:51	12.01	-0.01	30	36030	卖盘
10:18:46	12.02	--	9	10818	买盘
10:18:36	12.02	--	16	19232	买盘
10:18:31	12.02	--	8	9616	买盘
10:17:55	12.02	-0.01	8	9616	卖盘
10:17:21	12.03	0.01	1	1203	买盘
10:17:10	12.02	--	212	254824	卖盘
10:17:01	12.02	--	7	8414	卖盘
10:16:55	12.02	-0.01	13	15626	卖盘
10:16:51	12.03	0.01	8	9624	买盘
10:16:40	12.02	-0.01	266	319732	卖盘
10:16:31	12.03	0.01	16	19248	买盘
10:16:25	12.02	--	6	7212	卖盘
10:16:10	12.02	-0.01	7	8414	卖盘
10:16:01	12.03	--	29	34887	卖盘
10:15:55	12.03	--	21	25263	卖盘
10:15:46	12.03	--	81	97443	卖盘
10:15:40	12.03	--	4	4812	卖盘
10:15:31	12.03	--	10	12030	卖盘
10:15:15	12.03	--	341	410223	卖盘
10:15:10	12.03	--	2	2406	卖盘
10:14:55	12.03	--	11	13233	卖盘
10:14:34	12.03	--	1	1203	卖盘
10:14:30	12.03	--	18	21654	卖盘
10:14:04	12.03	--	9	10827	买盘
10:13:55	12.03	--	19	22857	买盘
10:13:49	12.03	0.01	9	10827	买盘
10:13:19	12.02	--	1	1202	卖盘
10:13:15	12.02	-0.01	93	111786	卖盘
10:13:04	12.03	--	7	8421	卖盘
10:13:00	12.03	0.01	4	4812	买盘
10:12:55	12.02	-0.01	11	13222	卖盘
10:12:40	12.03	0.01	10	12030	买盘
10:12:30	12.02	--	9	10818	卖盘
10:12:25	12.02	--	5	6010	卖盘
10:12:04	12.02	--	10	12020	卖盘
10:11:55	12.02	--	11	13222	卖盘
10:11:45	12.02	--	20	24040	卖盘
10:11:25	12.02	-0.02	30	36060	卖盘
10:11:15	12.04	0.01	128	154112	买盘
10:11:10	12.03	0.02	9	10827	买盘
10:10:55	12.01	-0.01	21	25221	卖盘
10:10:45	12.02	--	8	10457	买盘
10:10:40	12.02	--	42	50484	买盘
10:10:19	12.02	--	22	26444	买盘
10:10:15	12.02	--	21	25242	买盘
10:10:04	12.02	--	7	8414	买盘
10:09:55	12.02	--	18	21636	买盘
10:09:40	12.02	--	115	138590	卖盘
10:09:30	12.02	--	84	101809	买盘
10:09:25	12.02	--	1	1202	买盘
10:09:09	12.02	--	9	10818	买盘
10:09:04	12.02	0.01	1	1202	买盘
10:08:54	12.01	-0.01	28	33628	卖盘
10:08:49	12.02	--	18	21636	买盘
10:08:39	12.02	--	1	1202	买盘
10:08:34	12.02	--	10	12020	买盘
10:08:24	12.02	0.01	28	33656	买盘
10:08:19	12.01	-0.01	48	57648	卖盘
10:08:13	12.02	--	1	1202	买盘
10:08:09	12.02	0.01	14	16828	买盘
10:08:04	12.01	-0.01	29	34829	卖盘
10:07:58	12.02	--	11	13222	买盘
10:07:54	12.02	0.01	21	25242	买盘
10:07:49	12.01	-0.01	106	127306	卖盘
10:07:39	12.02	0.01	1	1202	买盘
10:07:28	12.01	--	156	187356	卖盘
10:07:24	12.01	--	15	18015	卖盘
10:07:19	12.01	--	11	13211	卖盘
10:07:13	12.01	--	251	301451	卖盘
10:07:09	12.01	-0.01	60	72060	卖盘
10:07:04	12.02	--	9	10818	买盘
10:06:54	12.02	--	17	20434	卖盘
10:06:39	12.02	--	7	8414	卖盘
10:06:34	12.02	-0.01	500	601000	卖盘
10:06:28	12.03	--	57	68571	卖盘
10:06:24	12.03	0.01	1	1203	卖盘
10:06:19	12.02	-0.01	10	12020	卖盘
10:06:04	12.03	--	8	9624	买盘
10:05:58	12.03	--	27	32481	买盘
10:05:49	12.03	--	1	1203	买盘
10:05:43	12.03	0.01	69	83007	买盘
10:05:39	12.02	-0.01	4	4808	卖盘
10:05:34	12.03	--	38	45714	买盘
10:05:19	12.03	-0.01	1218	1465254	卖盘
10:05:13	12.04	0.01	21	25284	买盘
10:05:04	12.03	-0.01	52	62556	卖盘
10:04:58	12.04	0.01	1	1204	买盘
10:04:28	12.03	-0.01	32	38496	卖盘
10:03:58	12.04	--	14	16856	买盘
10:03:49	12.04	0.01	1	1204	买盘
10:03:34	12.03	-0.01	20	24060	卖盘
10:03:28	12.04	0.01	1	1204	买盘
10:03:23	12.03	-0.01	1	1203	卖盘
10:03:19	12.04	--	6	7223	买盘
10:02:58	12.04	--	14	16856	买盘
10:02:48	12.04	--	18	21672	买盘
10:02:33	12.04	--	18	21672	买盘
10:02:18	12.04	--	10	12040	买盘
10:02:13	12.04	0.01	53	63811	买盘
10:02:03	12.03	-0.01	6	7218	卖盘
10:01:58	12.04	--	7	8428	买盘
10:01:52	12.04	--	27	32507	买盘
10:01:43	12.04	--	20	24080	买盘
10:01:22	12.04	-0.01	196	235983	卖盘
10:01:13	12.05	--	20	24100	买盘
10:00:58	12.05	--	25	30125	买盘
10:00:48	12.05	--	50	60250	买盘
10:00:43	12.05	0.01	37	44585	买盘
10:00:22	12.04	-0.01	1	1204	卖盘
10:00:18	12.05	0.01	5	6025	买盘
10:00:13	12.04	0.01	62	74648	买盘
09:59:58	12.03	-0.01	1	1203	卖盘
09:59:52	12.04	--	10	12040	买盘
09:59:37	12.04	-0.01	244	293776	卖盘
09:59:33	12.05	--	1	1205	买盘
09:59:28	12.05	--	27	32535	买盘
09:59:18	12.05	--	5	6025	买盘
09:59:13	12.05	--	8	9640	买盘
09:58:52	12.05	--	80	96400	买盘
09:58:43	12.05	0.01	100	120500	买盘
09:58:22	12.04	-0.01	1	1204	卖盘
09:58:13	12.05	--	10	12050	买盘
09:57:37	12.05	--	12	14460	买盘
09:57:28	12.05	--	2	2410	买盘
09:57:03	12.05	--	19	22895	买盘
09:56:58	12.05	--	7	8435	买盘
09:56:52	12.05	--	13	15665	买盘
09:56:43	12.05	0.01	9	10845	买盘
09:56:37	12.04	--	1	1204	卖盘
09:55:57	12.04	-0.01	42	50568	卖盘
09:55:42	12.05	0.01	37	44585	买盘
09:55:22	12.04	-0.01	104	125215	卖盘
09:55:12	12.05	--	21	25305	买盘
09:55:07	12.05	--	13	15665	买盘
09:54:57	12.05	--	81	97605	卖盘
09:54:52	12.05	--	1	1205	卖盘
09:54:42	12.05	--	12	14460	卖盘
09:54:31	12.05	--	7	8435	买盘
09:54:27	12.05	--	15	18075	买盘
09:54:22	12.05	-0.01	11	13255	卖盘
09:54:16	12.06	0.01	1	1206	买盘
09:54:12	12.05	--	15	18075	买盘
09:54:07	12.05	--	1	1205	卖盘
09:53:57	12.05	--	81	97605	卖盘
09:53:42	12.05	--	10	12050	卖盘
09:53:37	12.05	--	34	40970	卖盘
09:53:27	12.05	--	3	3615	卖盘
09:53:16	12.05	--	33	39765	卖盘
09:53:07	12.05	--	161	194005	买盘
09:53:01	12.05	--	27	32535	买盘
09:52:52	12.05	--	33	39765	卖盘
09:52:37	12.05	--	5	6025	卖盘
09:52:31	12.05	0.01	22	26510	买盘
09:52:07	12.04	--	0	0	卖盘
09:52:01	12.04	--	28	33712	卖盘
09:51:57	12.04	--	28	33712	卖盘
09:51:37	12.04	--	9	10836	卖盘
09:50:41	12.04	0.01	1	1204	买盘
09:50:37	12.03	--	8	9624	卖盘
09:50:31	12.03	-0.01	4	4812	卖盘
09:50:22	12.04	--	83	99932	买盘
09:50:16	12.04	0.01	21	25284	买盘
09:50:11	12.03	--	22	26466	卖盘
09:50:06	12.03	--	135	162405	卖盘
09:49:46	12.03	-0.01	1	1203	卖盘
09:49:31	12.04	0.01	3	3611	买盘
09:49:25	12.03	-0.01	4	4812	卖盘
09:49:21	12.04	--	35	42140	买盘
09:49:10	12.04	-0.01	189	227555	卖盘
09:48:51	12.05	--	32	38560	买盘
09:48:40	12.05	--	3	3615	买盘
09:48:21	12.05	--	58	70251	卖盘
09:48:01	12.05	--	1	1205	卖盘
09:47:51	12.05	--	114	137370	卖盘
09:47:46	12.05	--	18	21690	卖盘
09:47:25	12.05	--	14	16870	卖盘
09:47:06	12.05	--	14	16870	卖盘
09:46:51	12.05	--	5	6025	卖盘
09:46:46	12.05	-0.01	10	12050	卖盘
09:46:40	12.06	0.01	16	19296	买盘
09:46:31	12.05	--	88	106040	卖盘
09:46:21	12.05	--	1	1205	卖盘
09:46:10	12.05	-0.01	9	10845	卖盘
09:46:06	12.06	0.01	7	8442	买盘
09:45:46	12.05	--	18	21690	卖盘
09:45:40	12.05	--	22	27353	买盘
09:45:30	12.05	--	83	100015	买盘
09:45:25	12.05	--	6	7230	买盘
09:45:21	12.05	--	10	12050	买盘
09:45:16	12.05	--	21	25305	买盘
09:45:00	12.05	--	11	13255	买盘
09:44:55	12.05	--	101	121705	买盘
09:44:45	12.05	--	179	215695	买盘
09:44:36	12.05	--	179	215695	买盘
09:44:30	12.05	--	128	154240	买盘
09:44:25	12.05	0.01	218	262690	买盘
09:44:10	12.04	-0.01	2	2408	卖盘
09:44:04	12.05	0.01	3	3615	买盘
09:43:55	12.04	-0.01	39	46956	卖盘
09:43:49	12.05	0.01	128	154240	买盘
09:43:45	12.04	--	19	22876	卖盘
09:43:40	12.04	--	60	72240	卖盘
09:43:19	12.04	--	38	45752	卖盘
09:43:00	12.04	--	8	9632	卖盘
09:42:55	12.04	--	50	60199	卖盘
09:42:49	12.04	--	8	9632	卖盘
09:42:45	12.04	--	4	4816	卖盘
09:42:30	12.04	-0.02	34	40936	卖盘
09:42:15	12.06	0.02	10	12060	买盘
09:42:10	12.04	-0.01	44	52975	卖盘
09:41:55	12.05	0.01	1	1205	买盘
09:41:45	12.04	-0.02	3	3611	卖盘
09:41:34	12.06	0.01	10	12060	买盘
09:41:25	12.05	--	20	24100	卖盘
09:41:19	12.05	--	0	0	卖盘
09:41:15	12.05	--	180	216900	卖盘
09:41:04	12.05	--	0	0	卖盘
09:40:49	12.05	-0.02	50	60250	卖盘
09:40:40	12.07	0.02	37	44659	买盘
09:40:34	12.05	--	0	0	中性盘
09:40:30	12.05	--	0	0	卖盘
09:40:25	12.05	--	290	349450	卖盘
09:40:19	12.05	-0.02	8	9640	卖盘
09:40:15	12.07	--	26	31382	买盘
09:40:04	12.07	0.02	12	14484	买盘
09:40:00	12.05	--	0	0	卖盘
09:39:55	12.05	-0.02	28	33740	卖盘
09:39:45	12.07	0.01	335	404345	买盘
09:39:40	12.06	0.01	126	151956	买盘
09:39:34	12.05	--	31	37355	卖盘
09:39:25	12.05	--	10	12050	卖盘
09:39:10	12.05	--	0	0	卖盘
09:39:04	12.05	-0.01	90	108450	卖盘
09:39:00	12.06	--	900	1085400	卖盘
09:38:49	12.06	-0.01	10	12060	卖盘
09:38:45	12.07	--	20	24140	买盘
09:38:40	12.07	--	12	14484	买盘
09:37:45	12.07	--	11	13277	买盘
09:37:28	12.07	0.01	30	36210	买盘
09:37:24	12.06	--	1	1206	卖盘
09:37:19	12.06	-0.01	2	2412	卖盘
09:37:13	12.07	0.01	16	19312	买盘
09:37:09	12.06	--	40	48240	买盘
09:37:04	12.06	0.01	166	200196	买盘
09:36:39	12.05	--	115	138575	买盘
09:36:34	12.05	--	5	6025	买盘
09:36:28	12.05	--	6	7230	买盘
09:36:19	12.05	--	30	36150	买盘
09:35:54	12.05	--	3	3615	买盘
09:35:43	12.05	0.01	5	6025	买盘
09:35:39	12.04	--	6	7223	卖盘
09:35:34	12.04	--	186	223943	买盘
09:35:19	12.04	--	162	195048	买盘
09:35:13	12.04	--	21	25284	买盘
09:35:09	12.04	--	150	180600	买盘
09:35:04	12.04	--	22	26487	买盘
09:34:54	12.04	--	10	12040	买盘
09:34:49	12.04	0.01	6	7223	买盘
09:34:43	12.03	-0.01	4	4812	卖盘
09:34:34	12.04	0.01	5	6020	买盘
09:34:28	12.03	-0.01	25	30075	卖盘
09:34:19	12.04	--	18	21672	买盘
09:34:13	12.04	--	21	25284	买盘
09:34:09	12.04	0.01	215	258859	买盘
09:33:58	12.03	--	78	93834	卖盘
09:33:54	12.03	--	15	19043	卖盘
09:33:49	12.03	--	70	84210	卖盘
09:33:43	12.03	--	78	93834	卖盘
09:33:33	12.03	--	78	93834	卖盘
09:33:28	12.03	-0.01	1	1203	卖盘
09:33:24	12.04	--	2	2408	买盘
09:32:48	12.04	--	18	21672	买盘
09:32:43	12.04	--	34	40936	卖盘
09:32:33	12.04	--	130	156520	卖盘
09:32:28	12.04	--	54	65015	卖盘
09:32:18	12.04	-0.01	166	199864	卖盘
09:32:09	12.05	0.01	4	4820	买盘
09:32:03	12.04	-0.01	177	213107	卖盘
09:31:58	12.05	--	246	296430	买盘
09:31:53	12.05	--	3	3615	买盘
09:31:43	12.05	-0.01	241	290405	卖盘
09:31:28	12.06	-0.01	27	32562	卖盘
09:31:22	12.07	--	31	37417	买盘
09:31:13	12.07	0.01	27	32589	买盘
09:31:03	12.06	-0.01	18	21708	卖盘
09:30:58	12.07	--	4	4828	买盘
09:30:52	12.07	--	50	60350	买盘
09:30:43	12.07	--	37	44659	买盘
09:30:33	12.07	-0.01	6	7242	买盘
09:30:22	12.08	--	0	0	买盘
09:30:13	12.08	0.03	21	25368	买盘
09:30:07	12.05	--	20	24702	卖盘
09:30:03	12.05	0.01	108	130140	买盘
09:28:52	12.04	--	0	0	卖盘
09:25:06	12.04	12.04	100	120399	买盘
