成交时间	成交价	价格变动	成交量(手)	成交额(元)	性质
15:00:00	11.71	--	0	0	买盘
15:00:00	11.71	0.01	576	674496	买盘
14:59:59	11.7	-0.01	14	16379	卖盘
14:59:54	11.71	0.01	45	52695	买盘
14:59:49	11.7	-0.01	161	188370	卖盘
14:59:44	11.71	0.01	114	133494	买盘
14:59:39	11.7	--	370	432900	卖盘
14:59:34	11.7	-0.01	110	128699	卖盘
14:59:29	11.71	0.01	87	101877	买盘
14:59:24	11.7	--	109	127529	卖盘
14:59:19	11.7	--	152	177840	卖盘
14:59:14	11.7	--	9	10530	卖盘
14:59:09	11.7	--	155	181350	卖盘
14:59:04	11.7	--	98	114660	卖盘
14:58:59	11.7	-0.01	34	39780	卖盘
14:58:54	11.71	0.01	27	31617	买盘
14:58:49	11.7	--	235	274950	卖盘
14:58:44	11.7	--	14	16379	卖盘
14:58:39	11.7	--	257	300690	买盘
14:58:34	11.7	0.01	72	84240	中性盘
14:58:29	11.69	-0.01	150	175350	卖盘
14:58:24	11.7	--	42	49140	买盘
14:58:19	11.7	--	101	118170	买盘
14:58:14	11.7	--	98	114660	卖盘
14:58:09	11.7	--	116	135720	卖盘
14:58:03	11.7	--	57	66690	卖盘
14:57:59	11.7	-0.01	51	59670	卖盘
14:57:54	11.71	--	16	18736	买盘
14:57:49	11.71	0.01	45	52695	买盘
14:57:44	11.7	--	133	155610	卖盘
14:57:39	11.7	--	140	163800	卖盘
14:57:34	11.7	--	153	179010	卖盘
14:57:29	11.7	-0.01	57	66690	卖盘
14:57:24	11.71	0.01	38	44498	买盘
14:57:19	11.7	--	153	179010	卖盘
14:57:14	11.7	--	23	26910	卖盘
14:57:09	11.7	--	84	98280	卖盘
14:57:04	11.7	--	370	432900	买盘
14:56:59	11.7	--	35	40961	买盘
14:56:54	11.7	--	78	91260	买盘
14:56:49	11.7	0.01	115	134550	买盘
14:56:44	11.69	-0.01	30	35070	卖盘
14:56:39	11.7	--	32	37440	卖盘
14:56:34	11.7	--	578	676260	买盘
14:56:29	11.7	--	24	28080	买盘
14:56:24	11.7	0.01	239	279630	买盘
14:56:18	11.69	--	86	100534	卖盘
14:56:14	11.69	-0.01	27	31563	卖盘
14:56:09	11.7	--	300	351000	买盘
14:56:04	11.7	--	207	242189	买盘
14:55:59	11.7	--	4	4680	买盘
14:55:54	11.7	0.01	338	395460	买盘
14:55:49	11.69	-0.01	126	147294	卖盘
14:55:44	11.7	0.01	4	4680	买盘
14:55:39	11.69	--	43	50267	卖盘
14:55:34	11.69	0.01	155	181195	买盘
14:55:28	11.68	-0.01	230	268640	卖盘
14:55:24	11.69	0.01	95	111055	买盘
14:55:19	11.68	-0.01	160	186880	卖盘
14:55:13	11.69	--	5	5845	卖盘
14:55:09	11.69	--	24	28056	卖盘
14:55:03	11.69	0.01	130	151970	买盘
14:54:58	11.68	-0.01	50	58400	卖盘
14:54:53	11.69	--	36	42084	买盘
14:54:48	11.69	0.01	58	67802	买盘
14:54:38	11.68	--	10	11680	卖盘
14:54:33	11.68	--	285	333253	买盘
14:54:28	11.68	0.01	37	43216	买盘
14:54:23	11.67	--	14	16338	卖盘
14:54:18	11.67	--	60	70020	卖盘
14:54:13	11.67	-0.01	75	87525	卖盘
14:54:08	11.68	0.01	30	35040	买盘
14:54:03	11.67	0.01	50	58350	买盘
14:53:58	11.66	-0.02	90	104940	卖盘
14:53:53	11.68	0.02	426	497568	买盘
14:53:47	11.66	--	28	32648	卖盘
14:53:43	11.66	--	7	8162	卖盘
14:53:38	11.66	-0.01	6	6996	卖盘
14:53:33	11.67	--	46	53682	买盘
14:53:28	11.67	--	139	162213	卖盘
14:53:23	11.67	--	82	95694	卖盘
14:53:17	11.67	--	45	52515	卖盘
14:53:13	11.67	--	42	49014	卖盘
14:53:08	11.67	--	2	2334	卖盘
14:53:02	11.67	--	74	86358	买盘
14:52:58	11.67	--	799	932433	卖盘
14:52:53	11.67	-0.01	113	131871	卖盘
14:52:43	11.68	--	122	142496	买盘
14:52:38	11.68	-0.01	755	881840	卖盘
14:52:32	11.69	--	364	425516	买盘
14:52:28	11.69	--	47	54943	买盘
14:52:17	11.69	--	17	19873	买盘
14:52:13	11.69	--	138	161322	买盘
14:52:08	11.69	-0.01	184	215096	卖盘
14:52:02	11.7	--	108	126359	买盘
14:51:57	11.7	--	188	219960	买盘
14:51:53	11.7	--	128	149760	买盘
14:51:47	11.7	--	66	77220	买盘
14:51:43	11.7	-0.01	163	190710	卖盘
14:51:38	11.71	0.01	43	50353	买盘
14:51:32	11.7	0.01	62	72540	卖盘
14:51:28	11.69	-0.01	300	350700	卖盘
14:51:23	11.7	--	45	53316	卖盘
14:51:17	11.7	-0.01	154	180180	中性盘
14:51:12	11.71	--	277	324367	买盘
14:51:08	11.71	--	11	12881	买盘
14:51:02	11.71	0.01	54	63234	买盘
14:50:58	11.7	--	7	8189	卖盘
14:50:53	11.7	--	100	117000	卖盘
14:50:47	11.7	-0.01	83	97110	卖盘
14:50:42	11.71	0.01	661	774031	买盘
14:50:38	11.7	--	13	15209	买盘
14:50:32	11.7	-0.01	696	815010	卖盘
14:50:27	11.71	0.01	80	93680	买盘
14:50:23	11.7	-0.01	232	271440	卖盘
14:50:17	11.71	0.01	2	2342	买盘
14:50:13	11.7	-0.01	262	306540	卖盘
14:50:08	11.71	0.01	14	16394	买盘
14:50:02	11.7	--	123	143910	卖盘
14:49:58	11.7	--	59	69509	买盘
14:49:47	11.7	--	120	140400	买盘
14:49:42	11.7	--	38	45150	卖盘
14:49:38	11.7	--	43	50310	卖盘
14:49:32	11.7	--	41	47970	卖盘
14:49:27	11.7	--	56	65519	卖盘
14:49:22	11.7	--	163	191189	买盘
14:49:17	11.7	--	14	16379	买盘
14:49:08	11.7	--	30	35100	买盘
14:49:02	11.7	--	177	207090	卖盘
14:48:58	11.7	--	101	118170	卖盘
14:48:52	11.7	--	22	25740	卖盘
14:48:47	11.7	0.01	314	367380	买盘
14:48:42	11.69	-0.01	61	71309	卖盘
14:48:37	11.7	--	11	12870	买盘
14:48:32	11.7	0.01	50	58500	买盘
14:48:27	11.69	--	92	108494	卖盘
14:48:22	11.69	-0.01	19	22211	卖盘
14:48:17	11.7	--	22	25740	买盘
14:48:11	11.7	0.01	41	47970	买盘
14:48:07	11.69	-0.01	72	84168	卖盘
14:48:02	11.7	--	11	12870	买盘
14:47:56	11.7	--	5	5850	买盘
14:47:52	11.7	--	22	25740	买盘
14:47:47	11.7	0.01	24	28080	买盘
14:47:37	11.69	-0.01	200	233800	卖盘
14:47:32	11.7	--	45	52650	卖盘
14:47:26	11.7	--	184	215280	买盘
14:47:22	11.7	0.01	168	196560	买盘
14:47:17	11.69	-0.01	30	35070	卖盘
14:47:11	11.7	--	110	128699	买盘
14:47:07	11.7	--	3	3510	买盘
14:47:02	11.7	--	30	35100	买盘
14:46:52	11.7	--	57	66690	买盘
14:46:47	11.7	--	35	40950	买盘
14:46:41	11.7	--	21	24570	买盘
14:46:32	11.7	--	68	79560	卖盘
14:46:26	11.7	--	28	32759	卖盘
14:46:22	11.7	--	65	76050	卖盘
14:46:17	11.7	--	106	124019	买盘
14:46:11	11.7	--	284	332280	买盘
14:46:07	11.7	--	51	59670	买盘
14:46:02	11.7	--	38	44460	买盘
14:45:52	11.7	--	72	84240	买盘
14:45:41	11.7	--	55	64349	买盘
14:45:37	11.7	--	26	30419	卖盘
14:45:32	11.7	--	1	1170	卖盘
14:45:26	11.7	-0.01	51	59670	卖盘
14:45:21	11.71	0.01	110	128810	买盘
14:45:17	11.7	--	8	9360	卖盘
14:45:11	11.7	--	56	65519	卖盘
14:45:06	11.7	--	24	28080	卖盘
14:44:56	11.7	--	22	25740	卖盘
14:44:51	11.7	--	94	109980	卖盘
14:44:47	11.7	--	19	22230	卖盘
14:44:41	11.7	--	107	125189	买盘
14:44:36	11.7	--	9	10530	买盘
14:44:26	11.7	--	229	267930	卖盘
14:44:21	11.7	--	86	100620	卖盘
14:44:17	11.7	--	18	21060	卖盘
14:44:11	11.7	--	69	80730	卖盘
14:44:06	11.7	--	28	32759	卖盘
14:44:02	11.7	-0.01	2	2340	卖盘
14:43:56	11.71	--	11	12881	买盘
14:43:47	11.71	--	14	16838	卖盘
14:43:41	11.71	--	94	110074	卖盘
14:43:32	11.71	-0.01	39	45669	卖盘
14:43:26	11.72	0.01	54	63288	买盘
14:43:21	11.71	--	171	200241	卖盘
14:43:17	11.71	-0.01	3	3513	卖盘
14:43:11	11.72	0.01	117	137124	买盘
14:43:06	11.71	-0.01	75	87825	卖盘
14:42:56	11.72	0.01	9	10548	买盘
14:42:51	11.71	--	133	155743	卖盘
14:42:47	11.71	-0.01	80	93680	卖盘
14:42:41	11.72	0.01	45	52740	买盘
14:42:36	11.71	-0.01	100	117100	卖盘
14:42:26	11.72	--	77	90958	买盘
14:42:21	11.72	0.01	101	118372	买盘
14:42:16	11.71	--	60	70260	卖盘
14:42:11	11.71	--	23	26933	卖盘
14:42:06	11.71	--	17	19907	卖盘
14:42:01	11.71	--	12	14052	卖盘
14:41:56	11.71	-0.01	16	18736	卖盘
14:41:51	11.72	0.01	13	15236	买盘
14:41:41	11.71	--	160	187360	卖盘
14:41:35	11.71	--	176	206107	买盘
14:41:31	11.71	--	30	35130	买盘
14:41:26	11.71	--	18	21078	买盘
14:41:20	11.71	--	88	103048	买盘
14:41:16	11.71	--	100	117100	买盘
14:41:05	11.71	-0.01	35	40985	买盘
14:41:01	11.72	0.01	10	11720	买盘
14:40:56	11.71	--	17	19907	买盘
14:40:50	11.71	-0.01	10	11710	买盘
14:40:46	11.72	0.01	112	131264	买盘
14:40:41	11.71	-0.01	10	11710	卖盘
14:40:35	11.72	--	30	35160	买盘
14:40:31	11.72	0.01	13	15236	买盘
14:40:20	11.71	-0.01	30	35130	卖盘
14:40:16	11.72	--	10	11720	买盘
14:40:05	11.72	0.01	750	879000	买盘
14:40:01	11.71	--	142	166282	卖盘
14:39:56	11.71	--	20	23420	卖盘
14:39:50	11.71	--	50	58550	卖盘
14:39:46	11.71	-0.01	11	12881	卖盘
14:39:35	11.72	--	25	29300	买盘
14:39:31	11.72	--	47	55084	买盘
14:39:20	11.72	--	12	14064	买盘
14:39:16	11.72	--	21	24612	卖盘
14:39:11	11.72	--	8	9376	卖盘
14:39:05	11.72	--	22	25784	卖盘
14:39:01	11.72	--	3	3516	卖盘
14:38:56	11.72	--	98	114856	买盘
14:38:50	11.72	--	59	69148	买盘
14:38:45	11.72	--	29	33988	买盘
14:38:35	11.72	--	21	24612	买盘
14:38:30	11.72	--	2	2344	买盘
14:38:26	11.72	--	41	48052	买盘
14:38:20	11.72	0.01	240	281280	买盘
14:38:15	11.71	-0.01	9	10539	卖盘
14:38:11	11.72	--	10	11720	买盘
14:38:00	11.72	--	36	42192	买盘
14:37:56	11.72	--	205	240260	买盘
14:37:50	11.72	--	34	39848	买盘
14:37:45	11.72	0.01	8	9376	买盘
14:37:35	11.71	-0.01	63	73773	卖盘
14:37:30	11.72	0.01	5	5860	买盘
14:37:26	11.71	--	6	7026	卖盘
14:37:20	11.71	--	195	228345	卖盘
14:37:15	11.71	-0.01	72	84312	卖盘
14:37:10	11.72	--	2	2344	买盘
14:37:05	11.72	0.01	118	138296	买盘
14:37:00	11.71	-0.01	13	15223	卖盘
14:36:50	11.72	--	183	214476	买盘
14:36:45	11.72	--	257	301204	买盘
14:36:30	11.72	--	279	326988	卖盘
14:36:20	11.72	--	55	64460	买盘
14:36:15	11.72	--	50	58600	买盘
14:36:11	11.72	--	25	29300	买盘
14:36:05	11.72	--	67	78524	买盘
14:36:00	11.72	-0.01	231	270732	卖盘
14:35:55	11.73	0.01	369	432837	买盘
14:35:50	11.72	-0.01	103	120716	卖盘
14:35:45	11.73	0.01	15	17595	买盘
14:35:40	11.72	--	8	9376	卖盘
14:35:30	11.72	--	13	15236	卖盘
14:35:20	11.72	--	34	39848	卖盘
14:35:14	11.72	-0.01	114	133608	卖盘
14:35:10	11.73	0.01	32	37536	买盘
14:34:59	11.72	--	40	46880	卖盘
14:34:55	11.72	-0.01	29	33988	卖盘
14:34:40	11.73	0.01	35	41055	买盘
14:34:35	11.72	--	10	11720	卖盘
14:34:29	11.72	--	230	269560	卖盘
14:34:25	11.72	--	12	14064	买盘
14:34:20	11.72	-0.01	100	117200	买盘
14:34:14	11.73	--	8	9384	买盘
14:34:10	11.73	--	26	30498	买盘
14:34:05	11.73	--	59	69207	买盘
14:33:59	11.73	--	252	295596	买盘
14:33:55	11.73	--	26	30498	买盘
14:33:50	11.73	-0.01	430	504390	卖盘
14:33:44	11.74	-0.01	1	1174	买盘
14:33:40	11.75	0.01	450	528750	买盘
14:33:35	11.74	-0.01	101	118574	卖盘
14:33:29	11.75	--	13	15275	买盘
14:33:25	11.75	--	58	68150	买盘
14:33:20	11.75	0.01	25	29375	买盘
14:33:14	11.74	-0.01	204	239496	卖盘
14:33:10	11.75	0.01	80	94000	买盘
14:33:05	11.74	--	30	35220	买盘
14:32:59	11.74	-0.01	199	233626	卖盘
14:32:55	11.75	0.01	24	28200	买盘
14:32:50	11.74	-0.01	96	112704	买盘
14:32:44	11.75	0.01	486	571050	买盘
14:32:40	11.74	--	190	223647	卖盘
14:32:35	11.74	-0.01	5	5870	卖盘
14:32:29	11.75	0.01	95	111625	买盘
14:32:24	11.74	--	495	581717	买盘
14:32:14	11.74	0.01	149	174926	买盘
14:32:09	11.73	--	87	102051	卖盘
14:31:59	11.73	--	172	201756	买盘
14:31:54	11.73	0.01	279	327267	买盘
14:31:49	11.72	--	10	12458	买盘
14:31:44	11.72	--	13	15236	买盘
14:31:39	11.72	--	320	375040	买盘
14:31:35	11.72	0.01	50	58600	买盘
14:31:29	11.71	--	44	51524	买盘
14:31:24	11.71	--	261	305631	买盘
14:31:19	11.71	--	38	44498	买盘
14:31:09	11.71	--	43	50353	买盘
14:31:05	11.71	0.01	10	11710	买盘
14:30:59	11.7	--	26	30419	卖盘
14:30:44	11.7	--	296	346320	买盘
14:30:39	11.7	--	2	2340	买盘
14:30:35	11.7	--	13	15209	买盘
14:30:29	11.7	0.01	179	209430	买盘
14:30:24	11.69	-0.01	23	26887	卖盘
14:30:19	11.7	--	515	602550	买盘
14:30:14	11.7	--	57	66690	买盘
14:30:09	11.7	0.01	80	93600	买盘
14:30:04	11.69	--	57	66633	卖盘
14:29:59	11.69	--	408	476952	卖盘
14:29:54	11.69	--	64	74816	买盘
14:29:50	11.69	--	36	42084	买盘
14:29:44	11.69	0.01	1	1169	买盘
14:29:39	11.68	-0.02	122	142496	卖盘
14:29:34	11.7	0.02	500	585000	买盘
14:29:29	11.68	--	47	54896	卖盘
14:29:19	11.68	--	0	0	卖盘
14:29:14	11.68	-0.01	238	277984	卖盘
14:29:09	11.69	0.01	112	130928	买盘
14:29:04	11.68	--	2	2336	卖盘
14:28:59	11.68	--	2	2336	卖盘
14:28:54	11.68	--	13	15184	卖盘
14:28:44	11.68	--	15	17520	卖盘
14:28:38	11.68	--	23	26864	卖盘
14:28:34	11.68	--	313	365584	卖盘
14:28:29	11.68	--	2	2336	卖盘
14:28:23	11.68	-0.01	554	647072	卖盘
14:28:19	11.69	0.01	300	350700	买盘
14:28:14	11.68	--	14	16352	卖盘
14:28:08	11.68	-0.01	48	56064	卖盘
14:27:53	11.69	--	129	150801	买盘
14:27:49	11.69	--	41	47929	买盘
14:27:44	11.69	--	10	11690	买盘
14:27:38	11.69	--	37	43253	买盘
14:27:34	11.69	--	397	464093	卖盘
14:27:29	11.69	--	3	3507	卖盘
14:27:23	11.69	--	60	70140	卖盘
14:27:19	11.69	-0.01	20	23380	卖盘
14:27:08	11.7	0.01	11	12870	买盘
14:27:04	11.69	-0.01	20	23380	卖盘
14:26:53	11.7	0.01	57	66690	买盘
14:26:49	11.69	-0.01	43	50267	卖盘
14:26:38	11.7	--	24	28080	买盘
14:26:23	11.7	--	164	191880	卖盘
14:26:19	11.7	-0.01	42	49140	卖盘
14:26:08	11.71	--	2	2342	买盘
14:26:04	11.71	0.01	40	46840	买盘
14:25:53	11.7	-0.01	209	244529	卖盘
14:25:48	11.71	--	80	93680	买盘
14:25:44	11.71	--	14	16394	买盘
14:25:38	11.71	0.01	60	70260	买盘
14:25:33	11.7	-0.01	24	28080	卖盘
14:25:23	11.71	0.01	75	87825	买盘
14:25:18	11.7	--	75	87750	卖盘
14:25:13	11.7	--	2	2340	卖盘
14:25:08	11.7	--	1	1170	卖盘
14:25:03	11.7	--	10	11700	卖盘
14:24:58	11.7	--	45	52650	卖盘
14:24:53	11.7	--	55	64349	买盘
14:24:48	11.7	0.01	122	142740	买盘
14:24:43	11.69	-0.01	23	26887	卖盘
14:24:38	11.7	--	1	1170	买盘
14:24:33	11.7	--	406	475020	买盘
14:24:28	11.7	0.01	2	2340	买盘
14:24:23	11.69	-0.01	44	51436	卖盘
14:24:13	11.7	--	118	138060	买盘
14:23:58	11.7	--	1	1170	买盘
14:23:53	11.7	0.01	2	2340	买盘
14:23:48	11.69	-0.01	27	31563	卖盘
14:23:38	11.7	0.01	55	64349	买盘
14:23:33	11.69	--	129	150801	买盘
14:23:23	11.69	0.01	141	164829	买盘
14:23:18	11.68	--	46	53728	卖盘
14:23:13	11.68	-0.01	10	11680	卖盘
14:23:08	11.69	0.01	117	136773	买盘
14:23:03	11.68	-0.01	12	14016	中性盘
14:22:53	11.69	--	1	1169	买盘
14:22:48	11.69	0.02	22	25718	买盘
14:22:43	11.67	-0.02	21	24507	卖盘
14:22:38	11.69	0.01	151	176519	买盘
14:22:33	11.68	-0.01	50	58400	卖盘
14:22:28	11.69	--	0	0	买盘
14:22:23	11.69	0.01	207	241983	买盘
14:22:17	11.68	--	10	11680	卖盘
14:22:08	11.68	--	35	40880	卖盘
14:22:02	11.68	-0.01	5	5840	卖盘
14:21:58	11.69	0.01	117	136773	买盘
14:21:53	11.68	--	26	30368	卖盘
14:21:47	11.68	--	52	60736	卖盘
14:21:43	11.68	0.01	158	184544	买盘
14:21:38	11.67	--	10	11670	卖盘
14:21:32	11.67	--	58	67686	卖盘
14:21:23	11.67	-0.01	12	14004	卖盘
14:21:17	11.68	0.01	24	28032	买盘
14:21:13	11.67	-0.01	374	436458	卖盘
14:21:02	11.68	--	248	289664	买盘
14:20:58	11.68	0.01	8	9344	买盘
14:20:53	11.67	-0.01	20	23340	卖盘
14:20:47	11.68	--	209	244112	买盘
14:20:43	11.68	--	99	115632	买盘
14:20:38	11.68	--	5	5840	买盘
14:20:32	11.68	--	7	8176	买盘
14:20:28	11.68	--	20	23360	买盘
14:20:23	11.68	--	40	46720	买盘
14:20:17	11.68	--	5	5840	买盘
14:20:13	11.68	--	7	8176	买盘
14:20:02	11.68	--	5	5840	买盘
14:19:58	11.68	0.01	18	21024	买盘
14:19:53	11.67	--	5	5835	卖盘
14:19:47	11.67	-0.01	41	47847	卖盘
14:19:43	11.68	0.01	13	15184	买盘
14:19:32	11.67	--	3	3501	卖盘
14:19:23	11.67	--	6	7002	卖盘
14:19:17	11.67	0.01	25	29175	卖盘
14:19:12	11.66	-0.01	1790	2087140	卖盘
14:19:07	11.67	0.01	57	66519	买盘
14:19:02	11.66	--	1	2273	卖盘
14:18:57	11.66	--	262	305492	卖盘
14:18:47	11.66	--	140	163240	卖盘
14:18:42	11.66	--	13	15158	卖盘
14:18:37	11.66	--	50	58300	卖盘
14:18:27	11.66	--	284	331144	买盘
14:18:22	11.66	0.01	1	1166	中性盘
14:18:17	11.65	-0.01	292	340180	卖盘
14:18:12	11.66	-0.01	128	149248	卖盘
14:18:07	11.67	0.02	37	43179	买盘
14:18:02	11.65	-0.01	206	239990	卖盘
14:17:47	11.66	0.01	66	76956	卖盘
14:17:42	11.65	-0.01	99	115335	卖盘
14:17:37	11.66	--	10	11660	卖盘
14:17:32	11.66	0.01	20	23320	中性盘
14:17:27	11.65	-0.01	460	535900	卖盘
14:17:22	11.66	0.01	50	58300	买盘
14:17:17	11.65	--	75	87375	卖盘
14:17:12	11.65	-0.01	102	118830	卖盘
14:17:07	11.66	--	10	11660	买盘
14:17:02	11.66	-0.01	15	17490	卖盘
14:16:57	11.67	--	583	680361	买盘
14:16:47	11.67	0.01	102	119034	买盘
14:16:42	11.66	-0.01	100	116600	卖盘
14:16:32	11.67	0.01	1	1167	卖盘
14:16:27	11.66	--	0	0	卖盘
14:16:22	11.66	-0.01	105	122430	卖盘
14:16:17	11.67	--	15	17505	卖盘
14:16:12	11.67	--	94	109698	卖盘
14:16:02	11.67	--	30	35010	卖盘
14:15:56	11.67	--	116	135372	卖盘
14:15:52	11.67	-0.01	8	9336	卖盘
14:15:47	11.68	0.01	27	31536	买盘
14:15:41	11.67	--	102	119034	买盘
14:15:37	11.67	--	37	43179	买盘
14:15:26	11.67	0.01	36	42012	买盘
14:15:22	11.66	-0.02	470	548020	卖盘
14:15:11	11.68	0.01	10	11680	买盘
14:15:07	11.67	-0.01	107	124869	卖盘
14:15:02	11.68	0.01	2	2336	买盘
14:14:56	11.67	--	21	24507	卖盘
14:14:52	11.67	--	41	47847	卖盘
14:14:41	11.67	--	47	54849	卖盘
14:14:37	11.67	--	20	23340	卖盘
14:14:32	11.67	--	24	28008	卖盘
14:14:26	11.67	--	213	248571	卖盘
14:14:22	11.67	--	21	24507	卖盘
14:14:17	11.67	--	23	26841	卖盘
14:14:11	11.67	--	3	3501	卖盘
14:14:07	11.67	-0.01	273	318591	卖盘
14:14:02	11.68	--	2	2336	买盘
14:13:56	11.68	--	35	40880	买盘
14:13:52	11.68	--	22	25696	买盘
14:13:41	11.68	--	63	73584	卖盘
14:13:37	11.68	--	10	11680	卖盘
14:13:32	11.68	0.01	34	39712	买盘
14:13:26	11.67	-0.01	50	58350	卖盘
14:13:22	11.68	0.01	20	23360	买盘
14:13:17	11.67	-0.01	20	23340	卖盘
14:13:11	11.68	--	23	26864	买盘
14:13:07	11.68	0.01	8	9344	买盘
14:13:02	11.67	-0.01	16	18672	卖盘
14:12:56	11.68	-0.01	3	3504	卖盘
14:12:51	11.69	--	346	404474	买盘
14:12:41	11.69	0.01	70	81830	买盘
14:12:36	11.68	--	6	7008	卖盘
14:12:31	11.68	--	1	1168	卖盘
14:12:26	11.68	--	5	5840	卖盘
14:12:21	11.68	--	298	348064	卖盘
14:12:11	11.68	--	4	4672	卖盘
14:12:06	11.68	--	2	2336	卖盘
14:12:01	11.68	-0.01	11	12848	卖盘
14:11:56	11.69	0.01	13	15197	买盘
14:11:51	11.68	--	10	11680	卖盘
14:11:46	11.68	-0.01	7	8176	卖盘
14:11:41	11.69	0.01	4	4676	买盘
14:11:36	11.68	-0.01	131	153008	卖盘
14:11:26	11.69	--	34	39746	买盘
14:11:21	11.69	--	1	1169	买盘
14:11:16	11.69	-0.01	2	2338	中性盘
14:11:11	11.7	0.01	69	80730	买盘
14:11:06	11.69	--	50	58450	卖盘
14:10:56	11.69	--	10	11690	卖盘
14:10:51	11.69	--	25	29225	买盘
14:10:41	11.69	--	12	14028	买盘
14:10:36	11.69	--	6	7014	买盘
14:10:26	11.69	--	64	74816	买盘
14:10:21	11.69	--	68	79492	买盘
14:10:16	11.69	--	51	59619	买盘
14:10:06	11.69	--	7	8183	买盘
14:09:56	11.69	--	109	127421	卖盘
14:09:51	11.69	--	63	73647	卖盘
14:09:36	11.69	--	18	21042	卖盘
14:09:31	11.69	--	10	11690	卖盘
14:09:20	11.69	--	16	18704	卖盘
14:09:16	11.69	-0.01	121	141449	卖盘
14:09:11	11.7	0.01	3	3510	买盘
14:09:05	11.69	-0.01	10	11690	卖盘
14:08:56	11.7	--	13	15209	买盘
14:08:50	11.7	--	5	5850	买盘
14:08:46	11.7	0.01	33	38610	买盘
14:08:35	11.69	-0.01	7	8183	卖盘
14:08:31	11.7	--	43	50310	买盘
14:08:26	11.7	--	15	17550	卖盘
14:08:20	11.7	--	46	53820	卖盘
14:08:11	11.7	--	4	4680	卖盘
14:08:05	11.7	--	60	70200	买盘
14:08:01	11.7	--	25	29250	买盘
14:07:56	11.7	--	5	5850	买盘
14:07:46	11.7	--	10	11700	买盘
14:07:31	11.7	--	14	16379	买盘
14:07:26	11.7	--	117	136890	买盘
14:07:20	11.7	--	15	17550	买盘
14:07:16	11.7	--	140	163800	买盘
14:07:11	11.7	--	3	3510	买盘
14:07:01	11.7	--	239	279630	买盘
14:06:56	11.7	--	10	11700	买盘
14:06:50	11.7	--	74	86580	卖盘
14:06:46	11.7	-0.01	68	79560	卖盘
14:06:41	11.71	0.01	60	70260	买盘
14:06:35	11.7	--	633	740610	卖盘
14:06:30	11.7	-0.01	15	17550	卖盘
14:06:26	11.71	--	7	8197	买盘
14:06:20	11.71	--	10	11710	买盘
14:06:15	11.71	--	22	26195	卖盘
14:06:10	11.71	-0.01	121	141691	卖盘
14:06:00	11.72	--	12	14064	买盘
14:05:50	11.72	--	74	86728	买盘
14:05:45	11.72	-0.01	330	386760	买盘
14:05:40	11.73	0.01	78	91494	买盘
14:05:35	11.72	--	2	2344	卖盘
14:05:30	11.72	--	10	11720	卖盘
14:05:25	11.72	--	18	21834	买盘
14:05:20	11.72	0.01	52	60944	买盘
14:05:15	11.71	--	10	11710	卖盘
14:05:10	11.71	-0.01	105	122955	卖盘
14:05:05	11.72	--	49	57428	买盘
14:05:00	11.72	--	6	7032	买盘
14:04:55	11.72	0.01	19	22268	买盘
14:04:50	11.71	-0.01	8	9368	卖盘
14:04:45	11.72	0.01	4	4688	买盘
14:04:40	11.71	0.01	50	58550	买盘
14:04:35	11.7	--	3	3510	卖盘
14:04:30	11.7	-0.01	68	79560	卖盘
14:04:25	11.71	0.01	110	128810	买盘
14:04:20	11.7	--	150	175500	卖盘
14:04:05	11.7	--	43	50310	买盘
14:04:00	11.7	0.01	95	111150	买盘
14:03:50	11.69	--	18	21042	买盘
14:03:45	11.69	-0.01	34	39746	卖盘
14:03:40	11.7	0.01	8	9360	买盘
14:03:35	11.69	--	248	289912	卖盘
14:03:30	11.69	--	9	10521	卖盘
14:03:25	11.69	-0.01	49	57281	卖盘
14:03:20	11.7	--	50	58500	买盘
14:03:15	11.7	0.01	122	142740	买盘
14:03:10	11.69	-0.01	4	4676	卖盘
14:03:05	11.7	0.01	207	242189	买盘
14:02:50	11.69	--	6	7014	卖盘
14:02:44	11.69	--	2	2338	卖盘
14:02:40	11.69	-0.01	10	11690	卖盘
14:02:35	11.7	--	48	56160	买盘
14:02:29	11.7	--	22	25740	买盘
14:02:20	11.7	--	111	129869	卖盘
14:02:14	11.7	--	15	17550	卖盘
14:02:05	11.7	--	24	28080	买盘
14:01:59	11.7	--	5	5850	卖盘
14:01:55	11.7	--	2	2340	买盘
14:01:50	11.7	--	302	353340	买盘
14:01:44	11.7	--	17	19890	买盘
14:01:40	11.7	--	81	94770	买盘
14:01:25	11.7	--	1	1170	买盘
14:01:20	11.7	0.01	10	11700	买盘
14:01:14	11.69	-0.01	183	213927	卖盘
14:01:10	11.7	0.01	122	142740	买盘
14:01:05	11.69	--	30	35070	卖盘
14:00:59	11.69	--	5	5845	卖盘
14:00:44	11.69	--	10	11690	卖盘
14:00:40	11.69	0.01	532	621908	买盘
14:00:35	11.68	--	10	11680	买盘
14:00:29	11.68	0.01	16	18688	买盘
14:00:25	11.67	-0.01	376	438792	卖盘
14:00:14	11.68	--	68	79424	买盘
14:00:09	11.68	0.01	308	359744	买盘
14:00:05	11.67	-0.01	10	11670	卖盘
13:59:59	11.68	0.01	17	19856	买盘
13:59:54	11.67	-0.01	6	7002	卖盘
13:59:44	11.68	--	1	1168	买盘
13:59:34	11.68	--	30	35040	买盘
13:59:29	11.68	0.01	11	12848	买盘
13:59:24	11.67	--	320	373440	卖盘
13:59:14	11.67	--	133	155211	买盘
13:59:09	11.67	--	43	50181	买盘
13:59:04	11.67	0.01	10	11670	买盘
13:58:59	11.66	-0.01	20	23320	卖盘
13:58:54	11.67	--	161	187887	买盘
13:58:49	11.67	0.01	10	11670	买盘
13:58:44	11.66	-0.01	20	23320	卖盘
13:58:39	11.67	0.01	48	56016	买盘
13:58:34	11.66	-0.01	204	237864	卖盘
13:58:29	11.67	--	21	24507	买盘
13:58:24	11.67	--	56	65352	买盘
13:58:19	11.67	-0.01	174	203058	卖盘
13:58:14	11.68	0.01	83	96944	买盘
13:58:09	11.67	--	39	45513	卖盘
13:58:04	11.67	--	11	12837	卖盘
13:57:59	11.67	0.01	65	75855	卖盘
13:57:54	11.66	-0.01	55	64130	卖盘
13:57:49	11.67	--	10	11670	买盘
13:57:44	11.67	--	805	939435	买盘
13:57:39	11.67	-0.01	316	368772	卖盘
13:57:34	11.68	0.01	30	35040	买盘
13:57:29	11.67	--	3	3501	卖盘
13:57:24	11.67	-0.01	114	133038	卖盘
13:57:14	11.68	--	235	274480	卖盘
13:57:09	11.68	-0.01	25	29200	卖盘
13:57:04	11.69	--	1	1169	买盘
13:56:59	11.69	0.01	2	2338	买盘
13:56:54	11.68	-0.01	11	12848	卖盘
13:56:39	11.69	-0.02	83	97027	卖盘
13:56:34	11.71	--	0	0	买盘
13:56:29	11.71	0.02	100	117100	买盘
13:56:23	11.69	-0.01	389	454741	卖盘
13:56:19	11.7	--	105	122849	卖盘
13:56:14	11.7	0.01	170	198900	买盘
13:56:08	11.69	--	108	126252	卖盘
13:56:04	11.69	-0.01	3	3507	卖盘
13:55:53	11.7	--	117	136890	买盘
13:55:44	11.7	0.01	13	15209	买盘
13:55:38	11.69	--	31	36239	卖盘
13:55:34	11.69	--	38	44422	买盘
13:55:29	11.69	--	45	52605	买盘
13:55:23	11.69	--	10	11690	买盘
13:55:19	11.69	--	50	58450	买盘
13:55:14	11.69	0.01	26	30394	买盘
13:55:08	11.68	--	109	127312	卖盘
13:55:04	11.68	--	8	9344	卖盘
13:54:53	11.68	--	30	35040	卖盘
13:54:44	11.68	-0.01	5	5840	卖盘
13:54:38	11.69	0.01	61	71309	买盘
13:54:34	11.68	--	38	44384	卖盘
13:54:19	11.68	-0.01	85	99280	卖盘
13:54:14	11.69	0.01	13	15197	买盘
13:54:08	11.68	-0.01	31	36208	卖盘
13:54:04	11.69	0.01	61	71309	买盘
13:53:59	11.68	-0.01	53	61904	卖盘
13:53:53	11.69	--	144	168336	买盘
13:53:49	11.69	--	183	213927	买盘
13:53:44	11.69	0.01	80	93520	买盘
13:53:38	11.68	-0.01	22	25696	卖盘
13:53:33	11.69	--	76	88844	买盘
13:53:23	11.69	--	10	11690	买盘
13:53:18	11.69	-0.01	343	400967	卖盘
13:53:13	11.7	--	13	15209	买盘
13:53:08	11.7	0.01	7	8189	买盘
13:53:03	11.69	--	210	245490	卖盘
13:52:58	11.69	--	76	88844	卖盘
13:52:53	11.69	--	86	100534	卖盘
13:52:48	11.69	--	50	58450	卖盘
13:52:43	11.69	-0.01	21	24549	卖盘
13:52:38	11.7	0.01	45	52650	买盘
13:52:33	11.69	--	91	106379	卖盘
13:52:28	11.69	--	25	29225	卖盘
13:52:23	11.69	-0.01	78	91182	卖盘
13:52:18	11.7	--	55	64349	买盘
13:52:13	11.7	--	19	22230	买盘
13:52:08	11.7	--	59	70164	卖盘
13:52:03	11.7	--	46	53820	卖盘
13:51:58	11.7	--	814	952380	卖盘
13:51:53	11.7	--	13	15209	卖盘
13:51:48	11.7	--	201	235170	卖盘
13:51:38	11.7	-0.01	560	655200	卖盘
13:51:33	11.71	--	96	112416	卖盘
13:51:28	11.71	--	9	10539	卖盘
13:51:23	11.71	-0.01	36	42156	卖盘
13:51:18	11.72	0.01	103	120716	买盘
13:51:13	11.71	--	40	46840	卖盘
13:51:03	11.71	--	4	4684	卖盘
13:50:48	11.71	-0.01	24	28104	卖盘
13:50:43	11.72	--	13	15236	卖盘
13:50:33	11.72	--	35	41020	买盘
13:50:18	11.72	-0.01	130	152360	卖盘
13:50:08	11.73	0.01	146	171258	买盘
13:50:02	11.72	--	40	46880	卖盘
13:49:58	11.72	-0.02	14	16408	卖盘
13:49:47	11.74	0.02	33	38742	买盘
13:49:38	11.72	--	2	2344	卖盘
13:49:32	11.72	-0.01	20	23440	卖盘
13:49:28	11.73	-0.01	52	60996	中性盘
13:49:23	11.74	0.01	30	35220	买盘
13:49:17	11.73	--	49	57477	买盘
13:49:13	11.73	0.01	53	62169	买盘
13:49:08	11.72	--	5	5860	卖盘
13:48:58	11.72	--	0	0	卖盘
13:48:47	11.72	-0.02	305	357460	卖盘
13:48:43	11.74	0.01	4	4696	买盘
13:48:38	11.73	--	31	36363	卖盘
13:48:32	11.73	-0.01	30	35190	卖盘
13:48:28	11.74	--	9	10566	买盘
13:48:23	11.74	0.01	2	2348	买盘
13:48:17	11.73	--	69	80937	卖盘
13:48:13	11.73	-0.01	21	24633	卖盘
13:47:58	11.74	-0.01	1	1174	中性盘
13:47:53	11.75	--	8	9400	买盘
13:47:47	11.75	--	10	11750	买盘
13:47:43	11.75	0.02	3	3525	买盘
13:47:38	11.73	-0.01	61	71553	卖盘
13:47:32	11.74	--	39	45786	卖盘
13:47:28	11.74	--	14	16436	卖盘
13:47:17	11.74	0.02	159	186666	买盘
13:47:13	11.72	-0.01	309	362148	卖盘
13:47:02	11.73	--	5	5865	卖盘
13:46:53	11.73	--	10	11730	卖盘
13:46:47	11.73	--	2	2346	卖盘
13:46:42	11.73	--	141	165393	买盘
13:46:37	11.73	--	10	11730	卖盘
13:46:32	11.73	--	60	70380	卖盘
13:46:27	11.73	--	28	32844	卖盘
13:46:22	11.73	-0.01	4	4692	卖盘
13:46:17	11.74	0.01	37	43438	买盘
13:46:12	11.73	--	38	44574	卖盘
13:46:02	11.73	--	24	28152	卖盘
13:45:57	11.73	--	40	46920	卖盘
13:45:52	11.73	--	10	11730	卖盘
13:45:47	11.73	--	30	35190	卖盘
13:45:42	11.73	--	31	36363	卖盘
13:45:27	11.73	-0.02	11	12903	卖盘
13:45:22	11.75	--	34	39950	买盘
13:45:17	11.75	0.01	118	138650	买盘
13:45:12	11.74	-0.01	34	39916	卖盘
13:45:07	11.75	--	5	5875	买盘
13:45:02	11.75	--	26	30550	买盘
13:44:57	11.75	--	22	25850	买盘
13:44:52	11.75	--	3	3525	买盘
13:44:47	11.75	--	5	5875	买盘
13:44:32	11.75	0.01	30	35250	买盘
13:44:27	11.74	-0.01	13	15262	卖盘
13:44:17	11.75	0.01	204	239700	买盘
13:44:07	11.74	--	154	180796	买盘
13:44:02	11.74	--	4	4696	买盘
13:43:57	11.74	--	0	0	买盘
13:43:52	11.74	0.01	117	137358	买盘
13:43:47	11.73	--	127	148971	卖盘
13:43:42	11.73	--	7	8211	卖盘
13:43:37	11.73	--	20	23460	卖盘
13:43:32	11.73	--	12	14076	买盘
13:43:22	11.73	--	13	15249	买盘
13:43:17	11.73	0.01	50	58650	买盘
13:43:11	11.72	-0.01	209	244948	卖盘
13:43:07	11.73	--	100	117300	买盘
13:43:02	11.73	0.01	159	186507	买盘
13:42:56	11.72	--	14	16408	卖盘
13:42:52	11.72	-0.01	6	7032	卖盘
13:42:41	11.73	--	17	19941	卖盘
13:42:37	11.73	--	8	9384	买盘
13:42:32	11.73	--	2	2346	卖盘
13:42:26	11.73	0.01	12	14076	买盘
13:42:22	11.72	--	35	41020	卖盘
13:42:17	11.72	-0.01	8	9376	卖盘
13:42:11	11.73	--	213	249849	买盘
13:42:07	11.73	0.01	67	78591	买盘
13:42:02	11.72	--	4	4688	卖盘
13:41:56	11.72	--	60	70320	卖盘
13:41:52	11.72	--	62	72664	卖盘
13:41:47	11.72	0.01	108	126576	买盘
13:41:41	11.71	-0.01	5	5855	卖盘
13:41:37	11.72	0.01	109	127748	买盘
13:41:32	11.71	--	5	5855	卖盘
13:41:26	11.71	--	1	1171	卖盘
13:41:22	11.71	--	42	49182	卖盘
13:41:17	11.71	--	12	14052	买盘
13:41:07	11.71	--	40	46840	买盘
13:41:02	11.71	--	97	113587	卖盘
13:40:56	11.71	--	71	83141	卖盘
13:40:52	11.71	--	13	15223	卖盘
13:40:47	11.71	--	20	23420	卖盘
13:40:41	11.71	-0.01	50	58550	卖盘
13:40:32	11.72	0.01	10	11720	买盘
13:40:21	11.71	0.01	31	36301	卖盘
13:40:16	11.7	-0.02	30	35100	卖盘
13:40:11	11.72	0.02	10	11720	买盘
13:40:06	11.7	--	25	29250	卖盘
13:39:56	11.7	--	33	38610	卖盘
13:39:51	11.7	--	5	5850	卖盘
13:39:46	11.7	-0.02	9	10565	卖盘
13:39:41	11.72	0.01	202	236744	买盘
13:39:36	11.71	--	11	12881	买盘
13:39:31	11.71	-0.01	36	42156	卖盘
13:39:26	11.72	--	14	16408	买盘
13:39:11	11.72	-0.01	25	30436	卖盘
13:39:06	11.73	0.01	60	70380	买盘
13:39:01	11.72	--	10	11720	卖盘
13:38:56	11.72	--	22	25784	卖盘
13:38:51	11.72	--	10	11720	卖盘
13:38:46	11.72	--	40	46880	卖盘
13:38:41	11.72	0.02	745	873175	买盘
13:38:36	11.7	-0.01	42	49140	卖盘
13:38:31	11.71	--	1	1171	买盘
13:38:26	11.71	--	13	15223	买盘
13:38:21	11.71	0.01	34	39814	买盘
13:38:16	11.7	-0.01	7	8189	卖盘
13:38:11	11.71	--	701	820871	卖盘
13:38:06	11.71	--	74	86654	买盘
13:38:01	11.71	--	2	2342	买盘
13:37:56	11.71	--	86	100706	买盘
13:37:51	11.71	--	44	51524	卖盘
13:37:46	11.71	-0.01	147	172137	卖盘
13:37:41	11.72	0.01	22	25784	买盘
13:37:36	11.71	--	194	227174	买盘
13:37:31	11.71	--	52	60892	买盘
13:37:26	11.71	--	58	67918	买盘
13:37:16	11.71	-0.01	44	51524	卖盘
13:37:11	11.72	0.01	88	103136	买盘
13:37:06	11.71	--	33	38643	卖盘
13:37:01	11.71	--	22	25762	卖盘
13:36:56	11.71	--	257	301801	卖盘
13:36:50	11.71	-0.01	185	216635	卖盘
13:36:35	11.72	0.01	225	263700	买盘
13:36:31	11.71	--	24	28104	卖盘
13:36:26	11.71	-0.01	4	4684	卖盘
13:36:11	11.72	--	21	25748	卖盘
13:36:05	11.72	--	230	269560	卖盘
13:36:01	11.72	--	61	71492	卖盘
13:35:50	11.72	--	30	35160	卖盘
13:35:46	11.72	--	211	247292	卖盘
13:35:41	11.72	--	4	4688	卖盘
13:35:35	11.72	-0.01	15	17580	卖盘
13:35:31	11.73	0.01	14	16422	买盘
13:35:20	11.72	--	5	5860	卖盘
13:35:16	11.72	-0.01	33	38676	卖盘
13:35:05	11.73	--	3	3519	买盘
13:35:01	11.73	--	30	35190	买盘
13:34:56	11.73	--	7	8211	买盘
13:34:50	11.73	--	0	234	卖盘
13:34:46	11.73	--	100	117300	卖盘
13:34:41	11.73	--	1	1173	卖盘
13:34:35	11.73	--	48	56304	卖盘
13:34:31	11.73	--	55	64515	卖盘
13:34:26	11.73	-0.01	18	21114	卖盘
13:34:16	11.74	0.01	39	45786	买盘
13:34:05	11.73	--	49	57477	卖盘
13:34:00	11.73	--	576	676586	买盘
13:33:55	11.73	0.01	5	5865	买盘
13:33:50	11.72	--	24	28128	卖盘
13:33:45	11.72	--	226	264872	卖盘
13:33:40	11.72	--	3	3516	卖盘
13:33:35	11.72	--	35	41020	卖盘
13:33:30	11.72	-0.01	3	3516	卖盘
13:33:25	11.73	0.01	3	3519	买盘
13:33:20	11.72	--	17	19924	卖盘
13:33:15	11.72	--	54	63288	卖盘
13:33:10	11.72	--	3	3516	卖盘
13:33:05	11.72	-0.01	8	9376	卖盘
13:32:45	11.73	--	45	53019	卖盘
13:32:35	11.73	-0.01	42	49266	卖盘
13:32:30	11.74	0.01	48	56352	买盘
13:32:25	11.73	--	28	32844	卖盘
13:32:20	11.73	--	116	136068	卖盘
13:32:10	11.73	--	12	15014	买盘
13:32:05	11.73	--	190	223104	卖盘
13:32:00	11.73	--	243	285039	卖盘
13:31:50	11.73	--	207	242811	卖盘
13:31:45	11.73	--	20	23460	卖盘
13:31:35	11.73	--	217	254541	卖盘
13:31:30	11.73	0.01	238	280112	买盘
13:31:20	11.72	--	34	39848	卖盘
13:31:15	11.72	--	21	24612	卖盘
13:31:10	11.72	--	2	2344	卖盘
13:31:05	11.72	--	90	105480	卖盘
13:31:00	11.72	--	42	49224	卖盘
13:30:50	11.72	-0.01	3	3516	卖盘
13:30:44	11.73	--	33	38709	买盘
13:30:40	11.73	-0.01	8	9384	卖盘
13:30:35	11.74	0.02	17	19958	买盘
13:30:29	11.72	-0.01	70	82040	卖盘
13:30:25	11.73	--	5	5865	买盘
13:30:20	11.73	0.01	60	70380	买盘
13:30:14	11.72	-0.01	206	241432	卖盘
13:30:10	11.73	--	9	10557	买盘
13:30:05	11.73	--	20	23460	买盘
13:29:59	11.73	--	47	55131	卖盘
13:29:44	11.73	-0.01	40	46920	卖盘
13:29:40	11.74	0.01	14	16436	买盘
13:29:35	11.73	-0.01	2	2346	卖盘
13:29:29	11.74	-0.01	9	10566	卖盘
13:29:25	11.75	0.03	40	47000	买盘
13:29:20	11.72	-0.02	217	254324	卖盘
13:29:14	11.74	--	66	77484	买盘
13:29:05	11.74	--	59	69266	买盘
13:28:59	11.74	-0.01	68	79832	卖盘
13:28:55	11.75	--	231	271425	买盘
13:28:44	11.75	0.01	36	42300	买盘
13:28:40	11.74	-0.01	77	90398	卖盘
13:28:35	11.75	--	148	173900	买盘
13:28:25	11.75	--	101	118675	买盘
13:28:20	11.75	--	80	94000	买盘
13:28:14	11.75	0.01	46	54050	买盘
13:28:10	11.74	-0.01	5	5870	卖盘
13:28:05	11.75	0.01	2	2350	买盘
13:27:59	11.74	--	113	132662	卖盘
13:27:50	11.74	--	1	1174	卖盘
13:27:44	11.74	-0.01	8	9392	卖盘
13:27:39	11.75	0.01	720	846000	买盘
13:27:34	11.74	--	3	3522	卖盘
13:27:29	11.74	-0.01	98	115052	卖盘
13:27:24	11.75	0.01	30	35250	买盘
13:27:19	11.74	--	24	28176	卖盘
13:27:14	11.74	--	100	117400	卖盘
13:27:09	11.74	-0.01	25	29350	卖盘
13:27:04	11.75	--	70	82250	买盘
13:26:59	11.75	0.01	46	54050	买盘
13:26:54	11.74	--	5	5870	卖盘
13:26:49	11.74	0.01	25	29350	买盘
13:26:44	11.73	-0.01	68	79764	卖盘
13:26:39	11.74	--	10	11740	买盘
13:26:34	11.74	0.01	34	39916	买盘
13:26:29	11.73	-0.01	10	11730	卖盘
13:26:24	11.74	0.01	71	83354	买盘
13:26:19	11.73	--	20	23460	卖盘
13:26:14	11.73	--	128	150144	卖盘
13:26:09	11.73	--	39	45782	买盘
13:26:04	11.73	-0.01	88	104361	卖盘
13:25:59	11.74	0.01	609	714966	买盘
13:25:54	11.73	--	5	5865	卖盘
13:25:49	11.73	--	52	60996	卖盘
13:25:44	11.73	--	23	26979	卖盘
13:25:39	11.73	0.01	52	61031	买盘
13:25:34	11.72	--	70	82040	卖盘
13:25:29	11.72	-0.01	670	785240	卖盘
13:25:24	11.73	0.02	225	263925	买盘
13:25:19	11.71	-0.01	67	78457	卖盘
13:25:14	11.72	0.01	67	78524	买盘
13:25:09	11.71	-0.02	12	14052	卖盘
13:25:04	11.73	--	0	0	买盘
13:24:59	11.73	0.01	510	598230	买盘
13:24:54	11.72	--	115	135916	卖盘
13:24:49	11.72	-0.01	210	246120	卖盘
13:24:44	11.73	0.01	62	72726	买盘
13:24:39	11.72	--	1	1172	卖盘
13:24:34	11.72	--	5	5860	卖盘
13:24:29	11.72	-0.03	8	9376	卖盘
13:24:23	11.75	0.02	1000	1175000	买盘
13:24:14	11.73	--	81	95013	卖盘
13:24:08	11.73	--	85	99705	卖盘
13:24:04	11.73	--	170	199410	卖盘
13:23:53	11.73	--	2	2346	卖盘
13:23:44	11.73	-0.01	5	5865	卖盘
13:23:38	11.74	-0.01	25	29350	卖盘
13:23:34	11.75	0.02	617	724975	买盘
13:23:29	11.73	--	86	100878	卖盘
13:23:23	11.73	-0.02	55	64515	卖盘
13:23:19	11.75	--	1	1175	买盘
13:23:14	11.75	--	7	8225	买盘
13:23:08	11.75	--	38	44885	卖盘
13:23:04	11.75	--	130	152750	卖盘
13:22:59	11.75	--	100	117500	卖盘
13:22:53	11.75	--	25	29375	卖盘
13:22:49	11.75	--	30	35250	卖盘
13:22:44	11.75	0.01	320	376940	买盘
13:22:38	11.74	--	313	367462	买盘
13:22:34	11.74	0.01	10	11740	中性盘
13:22:29	11.73	-0.02	33	38709	卖盘
13:22:23	11.75	0.02	525	616875	买盘
13:22:19	11.73	--	20	23460	卖盘
13:22:14	11.73	-0.01	100	117300	卖盘
13:22:08	11.74	--	83	97442	买盘
13:22:04	11.74	0.01	62	72788	买盘
13:21:59	11.73	--	60	70380	卖盘
13:21:53	11.73	--	4	4692	卖盘
13:21:49	11.73	--	136	159528	卖盘
13:21:34	11.73	--	129	151317	卖盘
13:21:23	11.73	--	12	14076	卖盘
13:21:18	11.73	0.01	95	111446	买盘
13:21:14	11.72	-0.01	10	11720	卖盘
13:21:08	11.73	--	90	105570	买盘
13:20:53	11.73	0.01	2	2346	买盘
13:20:48	11.72	--	12	14064	卖盘
13:20:43	11.72	0.01	41	48075	买盘
13:20:38	11.71	--	97	113587	卖盘
13:20:33	11.71	--	57	66747	卖盘
13:20:28	11.71	--	1	1171	卖盘
13:20:23	11.71	--	107	125297	买盘
13:20:13	11.71	--	50	58550	买盘
13:20:08	11.71	--	109	127639	买盘
13:19:58	11.71	0.01	25	29275	买盘
13:19:53	11.7	-0.01	174	203580	卖盘
13:19:48	11.71	--	37	43327	中性盘
13:19:43	11.71	--	50	58550	中性盘
13:19:38	11.71	-0.01	100	117100	卖盘
13:19:33	11.72	0.01	222	260184	买盘
13:19:28	11.71	--	46	55013	卖盘
13:19:18	11.71	-0.02	33	38643	卖盘
13:19:13	11.73	0.02	51	59823	买盘
13:19:08	11.71	-0.01	44	51524	卖盘
13:19:03	11.72	0.01	276	323495	买盘
13:18:58	11.71	-0.01	47	55037	卖盘
13:18:53	11.72	0.01	55	64460	买盘
13:18:48	11.71	-0.01	235	275185	卖盘
13:18:38	11.72	--	8	9376	买盘
13:18:33	11.72	--	117	138272	卖盘
13:18:28	11.72	--	3	3516	卖盘
13:18:23	11.72	-0.01	20	23440	卖盘
13:18:13	11.73	0.01	69	80937	买盘
13:18:08	11.72	-0.01	14	16408	卖盘
13:18:03	11.73	-0.01	60	70380	卖盘
13:17:58	11.74	0.01	204	239496	买盘
13:17:53	11.73	0.01	174	204102	买盘
13:17:47	11.72	-0.01	286	335215	卖盘
13:17:43	11.73	--	42	49266	买盘
13:17:32	11.73	--	4	4692	买盘
13:17:28	11.73	--	181	212313	卖盘
13:17:23	11.73	-0.01	205	240465	卖盘
13:17:17	11.74	--	25	29350	买盘
13:17:08	11.74	0.01	5	5870	买盘
13:17:02	11.73	-0.02	3	3519	卖盘
13:16:53	11.75	0.01	117	137475	买盘
13:16:47	11.74	--	23	27002	买盘
13:16:43	11.74	0.02	5	5870	买盘
13:16:38	11.72	--	0	0	卖盘
13:16:32	11.72	-0.03	13	15236	卖盘
13:16:28	11.75	0.03	64	75200	买盘
13:16:17	11.72	-0.03	30	35160	卖盘
13:16:13	11.75	0.03	600	705000	买盘
13:16:08	11.72	--	17	19924	买盘
13:15:58	11.72	-0.01	156	182832	卖盘
13:15:53	11.73	0.01	7	8211	买盘
13:15:47	11.72	--	137	160564	卖盘
13:15:43	11.72	--	22	25784	卖盘
13:15:32	11.72	0.01	30	35160	买盘
13:15:28	11.71	--	50	58550	卖盘
13:15:22	11.71	--	5	5855	卖盘
13:15:17	11.71	-0.01	21	24591	卖盘
13:15:13	11.72	0.01	283	331676	买盘
13:15:02	11.71	-0.01	345	403995	卖盘
13:14:57	11.72	0.01	30	35160	买盘
13:14:53	11.71	-0.01	4	4684	卖盘
13:14:47	11.72	0.01	40	46880	买盘
13:14:42	11.71	--	22	25762	卖盘
13:14:37	11.71	-0.01	130	152230	卖盘
13:14:32	11.72	--	30	35160	买盘
13:14:27	11.72	--	94	110168	买盘
13:14:22	11.72	0.01	5	5860	买盘
13:14:17	11.71	-0.01	69	80799	卖盘
13:14:12	11.72	--	56	65632	买盘
13:14:07	11.72	--	43	50396	买盘
13:14:02	11.72	0.01	7	8204	买盘
13:13:57	11.71	-0.01	30	35130	卖盘
13:13:52	11.72	--	15	17580	买盘
13:13:47	11.72	--	230	269560	买盘
13:13:42	11.72	-0.01	106	124232	卖盘
13:13:32	11.73	--	117	137241	买盘
13:13:27	11.73	0.01	30	35190	卖盘
13:13:22	11.72	--	0	0	卖盘
13:13:17	11.72	-0.01	152	178144	卖盘
13:13:12	11.73	0.01	6	7038	中性盘
13:13:02	11.72	-0.02	121	141812	卖盘
13:12:57	11.74	--	15	17610	买盘
13:12:47	11.74	--	10	11740	买盘
13:12:42	11.74	--	40	46960	卖盘
13:12:37	11.74	-0.01	5	5870	卖盘
13:12:32	11.75	--	183	215025	买盘
13:12:17	11.75	0.01	6	7050	买盘
13:12:12	11.74	-0.02	257	301718	卖盘
13:12:07	11.76	--	15	17640	买盘
13:12:02	11.76	--	38	44688	买盘
13:11:57	11.76	-0.01	131	154056	卖盘
13:11:52	11.77	--	1	1177	买盘
13:11:47	11.77	--	18	21186	买盘
13:11:42	11.77	-0.01	9	10593	中性盘
13:11:37	11.78	--	69	81282	买盘
13:11:32	11.78	0.01	6	7068	买盘
13:11:27	11.77	-0.01	92	108284	卖盘
13:11:22	11.78	--	59	69502	买盘
13:11:17	11.78	0.01	141	166098	买盘
13:11:11	11.77	-0.02	119	140063	卖盘
13:11:07	11.79	0.01	563	663777	买盘
13:11:02	11.78	--	20	23560	买盘
13:10:56	11.78	0.01	481	566618	买盘
13:10:52	11.77	-0.01	116	136532	卖盘
13:10:47	11.78	--	2	2356	买盘
13:10:41	11.78	-0.01	190	223820	卖盘
13:10:37	11.79	--	32	37728	买盘
13:10:32	11.79	--	6	7073	买盘
13:10:26	11.79	--	43	50696	买盘
13:10:22	11.79	--	127	149733	买盘
13:10:17	11.79	0.02	2	2358	买盘
13:10:11	11.77	-0.02	232	273064	卖盘
13:10:07	11.79	0.01	176	207503	买盘
13:10:02	11.78	0.01	10	11780	买盘
13:09:56	11.77	--	20	23540	卖盘
13:09:52	11.77	--	34	40018	卖盘
13:09:47	11.77	--	51	60027	卖盘
13:09:41	11.77	--	411	483747	买盘
13:09:37	11.77	0.01	5	5885	买盘
13:09:32	11.76	--	75	88200	卖盘
13:09:26	11.76	--	59	69384	卖盘
13:09:22	11.76	--	10	11760	卖盘
13:09:17	11.76	0.01	21	24696	中性盘
13:09:11	11.75	--	274	321950	卖盘
13:09:07	11.75	-0.01	207	243225	卖盘
13:09:02	11.76	--	63	74088	买盘
13:08:56	11.76	--	117	137592	买盘
13:08:52	11.76	-0.04	9	10584	买盘
13:08:47	11.8	0.03	2010	2371800	买盘
13:08:41	11.77	--	212	249524	买盘
13:08:37	11.77	0.01	410	482570	买盘
13:08:32	11.76	-0.01	35	41160	中性盘
13:08:26	11.77	0.01	280	329560	买盘
13:08:21	11.76	-0.01	8	9408	卖盘
13:08:17	11.77	--	10	11770	买盘
13:08:11	11.77	0.01	8	9416	买盘
13:08:06	11.76	-0.01	179	210504	卖盘
13:08:01	11.77	--	16	18832	卖盘
13:07:56	11.77	0.02	511	601447	买盘
13:07:51	11.75	--	167	196225	卖盘
13:07:46	11.75	-0.01	20	23500	卖盘
13:07:41	11.76	0.01	167	196392	买盘
13:07:36	11.75	--	58	68150	买盘
13:07:31	11.75	0.02	4	4700	买盘
13:07:26	11.73	--	134	157182	卖盘
13:07:21	11.73	-0.01	15	17595	中性盘
13:07:16	11.74	0.01	522	612828	买盘
13:07:11	11.73	--	56	65688	买盘
13:07:06	11.73	-0.01	20	23460	卖盘
13:07:01	11.74	0.02	30	35220	买盘
13:06:56	11.72	--	157	184004	卖盘
13:06:51	11.72	--	63	73836	卖盘
13:06:46	11.72	0.02	309	362148	买盘
13:06:41	11.7	--	76	88920	卖盘
13:06:36	11.7	--	10	11700	卖盘
13:06:26	11.7	--	69	80730	卖盘
13:06:21	11.7	0.01	862	1009054	买盘
13:06:11	11.69	--	22	25718	卖盘
13:06:06	11.69	--	130	151970	买盘
13:06:01	11.69	--	56	65464	买盘
13:05:56	11.69	0.01	150	175350	买盘
13:05:51	11.68	0.01	34	39712	中性盘
13:05:46	11.67	-0.01	79	92193	卖盘
13:05:41	11.68	--	24	28032	卖盘
13:05:31	11.68	0.01	2	2336	买盘
13:05:26	11.67	--	132	154044	卖盘
13:05:21	11.67	-0.01	98	114366	卖盘
13:05:16	11.68	0.01	22	25696	买盘
13:05:11	11.67	-0.01	34	39678	卖盘
13:05:06	11.68	--	117	136656	买盘
13:05:01	11.68	0.01	158	184544	买盘
13:04:51	11.67	-0.01	2	2334	卖盘
13:04:46	11.68	0.02	20	23360	买盘
13:04:41	11.66	--	58	67628	卖盘
13:04:36	11.66	-0.01	140	163240	卖盘
13:04:31	11.67	--	55	64185	买盘
13:04:26	11.67	0.01	5	5835	买盘
13:04:20	11.66	-0.02	1	1166	卖盘
13:04:16	11.68	0.01	62	72416	买盘
13:04:11	11.67	--	21	24507	买盘
13:04:05	11.67	-0.01	47	54849	卖盘
13:04:01	11.68	--	10	11680	买盘
13:03:56	11.68	--	977	1141136	卖盘
13:03:50	11.68	-0.01	79	92272	卖盘
13:03:46	11.69	-0.01	79	92351	卖盘
13:03:41	11.7	0.01	20	23400	买盘
13:03:35	11.69	-0.01	18	21042	卖盘
13:03:31	11.7	0.01	33	38610	买盘
13:03:20	11.69	-0.01	20	23380	中性盘
13:03:16	11.7	0.01	55	64349	买盘
13:03:11	11.69	-0.01	5	5845	卖盘
13:03:05	11.7	--	31	36270	买盘
13:03:01	11.7	--	638	746460	买盘
13:02:56	11.7	--	5	5850	买盘
13:02:50	11.7	0.01	173	202410	买盘
13:02:46	11.69	--	109	127421	买盘
13:02:41	11.69	-0.01	79	92351	卖盘
13:02:35	11.7	0.01	22	25740	买盘
13:02:31	11.69	-0.01	73	85337	卖盘
13:02:26	11.7	0.01	66	77220	买盘
13:02:20	11.69	-0.01	76	88844	卖盘
13:02:16	11.7	0.01	100	117000	买盘
13:02:11	11.69	--	10	11690	卖盘
13:02:05	11.69	--	14	16366	卖盘
13:02:01	11.69	0.01	137	160153	买盘
13:01:56	11.68	-0.01	26	30368	卖盘
13:01:50	11.69	--	145	169505	买盘
13:01:45	11.69	--	40	46760	买盘
13:01:41	11.69	--	40	46760	买盘
13:01:35	11.69	--	206	240814	买盘
13:01:30	11.69	--	23	26887	买盘
13:01:25	11.69	--	60	70140	买盘
13:01:20	11.69	0.01	43	50267	买盘
13:01:15	11.68	-0.01	254	296672	卖盘
13:01:05	11.69	0.01	129	150801	买盘
13:01:00	11.68	--	90	105120	买盘
13:00:50	11.68	--	820	957760	买盘
13:00:45	11.68	--	27	31536	买盘
13:00:40	11.68	--	50	58400	买盘
13:00:35	11.68	--	28	32704	买盘
13:00:30	11.68	--	117	136656	买盘
13:00:25	11.68	0.03	60	70080	买盘
13:00:20	11.65	-0.02	38	44270	卖盘
13:00:15	11.67	-0.01	5	5835	卖盘
13:00:10	11.68	0.01	155	181040	买盘
13:00:05	11.67	0.02	830	968866	买盘
11:30:00	11.65	--	0	0	买盘
11:30:00	11.65	0.01	5	5825	买盘
11:29:57	11.64	-0.01	222	258408	卖盘
11:29:52	11.65	--	128	149120	买盘
11:29:47	11.65	--	27	31455	买盘
11:29:42	11.65	--	141	164265	买盘
11:29:37	11.65	--	8	9320	买盘
11:29:32	11.65	--	58	67570	买盘
11:29:22	11.65	0.02	18	20970	买盘
11:29:17	11.63	-0.02	10	11630	卖盘
11:29:12	11.65	--	30	34950	买盘
11:29:07	11.65	0.02	33	38445	买盘
11:29:02	11.63	-0.02	28	32564	卖盘
11:28:57	11.65	--	57	66405	买盘
11:28:47	11.65	0.01	51	59415	买盘
11:28:42	11.64	-0.01	207	240948	卖盘
11:28:37	11.65	0.01	65	75725	买盘
11:28:31	11.64	0.01	45	52380	买盘
11:28:27	11.63	-0.01	99	115137	卖盘
11:28:21	11.64	0.01	17	19788	买盘
11:28:16	11.63	-0.01	35	40705	卖盘
11:28:12	11.64	-0.01	65	75660	卖盘
11:28:06	11.65	0.02	27	31455	买盘
11:28:01	11.63	--	3	3489	卖盘
11:27:56	11.63	-0.01	210	244230	卖盘
11:27:51	11.64	0.01	4	4656	买盘
11:27:46	11.63	--	128	148864	买盘
11:27:41	11.63	--	20	23260	买盘
11:27:36	11.63	--	541	629183	卖盘
11:27:21	11.63	-0.01	1	1163	卖盘
11:27:11	11.64	0.01	51	59364	买盘
11:27:06	11.63	--	231	268653	买盘
11:27:01	11.63	--	6	6978	买盘
11:26:56	11.63	--	193	224459	买盘
11:26:51	11.63	0.01	17	19771	买盘
11:26:46	11.62	-0.01	10	11620	卖盘
11:26:41	11.63	--	78	90714	买盘
11:26:36	11.63	--	437	508231	卖盘
11:26:26	11.63	-0.02	300	348900	卖盘
11:26:21	11.65	0.01	57	66405	买盘
11:26:16	11.64	--	97	112908	买盘
11:26:11	11.64	--	102	118728	买盘
11:26:06	11.64	--	172	200208	买盘
11:26:01	11.64	--	3	3492	买盘
11:25:56	11.64	0.01	30	34920	买盘
11:25:51	11.63	-0.01	20	23260	卖盘
11:25:46	11.64	0.01	5	5820	买盘
11:25:41	11.63	-0.02	10	11630	卖盘
11:25:36	11.65	0.01	262	305230	买盘
11:25:31	11.64	0.01	12	13968	买盘
11:25:26	11.63	-0.02	3	3489	卖盘
11:25:21	11.65	--	28	32620	买盘
11:25:16	11.65	--	3	3495	买盘
11:25:11	11.65	--	54	62910	买盘
11:25:06	11.65	0.01	325	378625	买盘
11:25:01	11.64	-0.01	37	43068	卖盘
11:24:51	11.65	--	38	44270	买盘
11:24:46	11.65	--	30	34950	买盘
11:24:41	11.65	-0.02	147	172408	卖盘
11:24:36	11.67	--	8	9336	买盘
11:24:26	11.67	0.01	232	270744	买盘
11:24:21	11.66	0.01	15	17490	买盘
11:24:16	11.65	-0.01	20	23300	卖盘
11:24:11	11.66	0.01	58	67628	买盘
11:24:06	11.65	--	29	33785	卖盘
11:24:01	11.65	-0.01	107	124655	卖盘
11:23:56	11.66	0.01	104	121264	买盘
11:23:51	11.65	--	23	26795	卖盘
11:23:46	11.65	-0.01	5	5825	卖盘
11:23:36	11.66	0.01	1	1166	买盘
11:23:31	11.65	-0.01	12	13980	卖盘
11:23:26	11.66	--	16	18656	买盘
11:23:21	11.66	--	46	53636	卖盘
11:23:16	11.66	--	5	5830	卖盘
11:23:11	11.66	--	78	90959	买盘
11:23:06	11.66	0.01	300	349800	买盘
11:23:01	11.65	--	48	55920	卖盘
11:22:56	11.65	-0.01	133	154945	卖盘
11:22:51	11.66	0.01	5	5830	买盘
11:22:41	11.65	-0.02	282	329683	卖盘
11:22:31	11.67	--	1	1167	买盘
11:22:26	11.67	--	317	369939	买盘
11:22:21	11.67	--	19	22173	买盘
11:22:16	11.67	--	24	28008	买盘
11:22:11	11.67	--	31	36177	卖盘
11:22:06	11.67	-0.01	143	166881	卖盘
11:22:01	11.68	--	86	100448	买盘
11:21:55	11.68	0.01	48	56064	买盘
11:21:51	11.67	-0.01	59	68853	卖盘
11:21:45	11.68	--	8	9344	买盘
11:21:40	11.68	--	24	28032	买盘
11:21:36	11.68	--	102	119136	卖盘
11:21:30	11.68	--	94	109792	卖盘
11:21:25	11.68	--	225	262800	买盘
11:21:20	11.68	--	14	16352	买盘
11:21:15	11.68	--	96	112128	买盘
11:21:10	11.68	0.01	36	42048	买盘
11:21:05	11.67	-0.01	12	14004	卖盘
11:21:00	11.68	0.01	88	102784	买盘
11:20:55	11.67	-0.01	10	11670	卖盘
11:20:45	11.68	--	305	356240	买盘
11:20:40	11.68	0.02	10	11680	买盘
11:20:35	11.66	--	35	40810	卖盘
11:20:30	11.66	-0.02	512	596992	卖盘
11:20:25	11.68	0.02	70	81760	买盘
11:20:20	11.66	--	30	34980	卖盘
11:20:15	11.66	--	251	292677	买盘
11:20:10	11.66	--	0	0	买盘
11:20:05	11.66	-0.01	17	19822	中性盘
11:20:00	11.67	0.01	100	116700	买盘
11:19:55	11.66	0.01	60	69960	买盘
11:19:50	11.65	--	437	509105	卖盘
11:19:45	11.65	--	285	332025	卖盘
11:19:40	11.65	--	112	130480	卖盘
11:19:35	11.65	--	30	34950	卖盘
11:19:30	11.65	--	33	38445	买盘
11:19:25	11.65	--	52	60580	买盘
11:19:20	11.65	--	23	26795	买盘
11:19:15	11.65	0.01	38	44270	买盘
11:19:05	11.64	-0.01	41	47724	中性盘
11:19:00	11.65	--	338	393770	买盘
11:18:55	11.65	--	142	165430	买盘
11:18:45	11.65	0.02	200	233000	买盘
11:18:40	11.63	0.01	23	26749	买盘
11:18:30	11.62	--	12	13943	卖盘
11:18:20	11.62	--	34	39508	买盘
11:18:05	11.62	0.01	2003	2327486	买盘
11:18:00	11.61	0.01	10	11610	买盘
11:17:55	11.6	--	0	0	中性盘
11:17:50	11.6	--	28	32480	买盘
11:17:40	11.6	--	4	4640	买盘
11:17:35	11.6	-0.01	12	13920	中性盘
11:17:30	11.61	0.01	10	11610	买盘
11:17:25	11.6	--	58	67280	买盘
11:17:20	11.6	-0.01	109	126440	卖盘
11:17:15	11.61	0.01	93	107973	买盘
11:17:10	11.6	--	10	11600	卖盘
11:17:05	11.6	--	25	29000	卖盘
11:17:00	11.6	-0.01	40	46400	卖盘
11:16:55	11.61	0.01	23	26703	买盘
11:16:50	11.6	-0.01	35	40600	卖盘
11:16:45	11.61	--	10	11610	买盘
11:16:40	11.61	--	23	26703	买盘
11:16:34	11.61	0.01	8	9288	买盘
11:16:30	11.6	--	26	30160	卖盘
11:16:25	11.6	-0.01	43	49880	卖盘
11:16:20	11.61	0.01	33	38313	买盘
11:16:14	11.6	--	20	23200	卖盘
11:16:10	11.6	-0.01	19	22040	卖盘
11:16:05	11.61	--	3	3483	买盘
11:16:00	11.61	0.01	18	20898	买盘
11:15:50	11.6	0.01	56	64960	中性盘
11:15:45	11.59	-0.01	50	57950	卖盘
11:15:40	11.6	--	69	80040	买盘
11:15:30	11.6	--	190	220400	卖盘
11:15:25	11.6	--	10	11600	卖盘
11:15:19	11.6	--	10	11600	卖盘
11:15:15	11.6	--	10	11600	卖盘
11:15:10	11.6	--	353	409480	买盘
11:15:04	11.6	--	26	30160	买盘
11:14:54	11.6	0.01	15	17400	买盘
11:14:44	11.59	-0.01	15	17385	卖盘
11:14:39	11.6	0.01	60	69600	买盘
11:14:29	11.59	--	21	24339	卖盘
11:14:19	11.59	--	100	115900	卖盘
11:14:14	11.59	--	95	110105	买盘
11:14:04	11.59	--	179	207461	卖盘
11:13:59	11.59	--	30	34770	卖盘
11:13:54	11.59	--	67	77653	卖盘
11:13:44	11.59	--	14	16226	卖盘
11:13:39	11.59	-0.01	31	35929	卖盘
11:13:29	11.6	--	20	23200	买盘
11:13:24	11.6	0.01	122	141520	买盘
11:13:14	11.59	--	94	108946	卖盘
11:13:09	11.59	--	40	46360	卖盘
11:13:04	11.59	-0.01	20	23180	卖盘
11:12:59	11.6	0.01	27	31320	买盘
11:12:49	11.59	--	10	11590	卖盘
11:12:44	11.59	--	46	53314	卖盘
11:12:39	11.59	--	63	73017	卖盘
11:12:34	11.59	--	22	25498	卖盘
11:12:29	11.59	--	39	45201	卖盘
11:12:24	11.59	--	24	27816	卖盘
11:12:19	11.59	--	15	17385	卖盘
11:12:14	11.59	--	30	34770	卖盘
11:12:09	11.59	-0.01	21	24339	卖盘
11:12:04	11.6	--	26	30160	买盘
11:11:59	11.6	0.01	23	26680	买盘
11:11:53	11.59	--	49	56791	买盘
11:11:44	11.59	--	0	0	中性盘
11:11:38	11.59	-0.01	130	150670	卖盘
11:11:34	11.6	0.01	8	9280	买盘
11:11:29	11.59	-0.01	105	121695	卖盘
11:11:23	11.6	--	28	32480	买盘
11:11:18	11.6	--	65	75400	买盘
11:11:08	11.6	--	10	11600	买盘
11:11:04	11.6	--	5	5800	买盘
11:10:59	11.6	--	93	107880	卖盘
11:10:53	11.6	--	239	277240	卖盘
11:10:49	11.6	--	64	74240	卖盘
11:10:44	11.6	--	73	84680	卖盘
11:10:39	11.6	-0.01	11	12760	卖盘
11:10:34	11.61	0.01	165	191565	买盘
11:10:29	11.6	-0.01	180	208800	卖盘
11:10:24	11.61	0.01	55	63855	买盘
11:10:19	11.6	--	28	32480	卖盘
11:10:14	11.6	--	249	288840	卖盘
11:10:09	11.6	-0.01	40	46400	卖盘
11:10:04	11.61	0.01	50	58050	买盘
11:09:59	11.6	--	50	58000	卖盘
11:09:54	11.6	--	30	34800	卖盘
11:09:44	11.6	--	43	49880	卖盘
11:09:39	11.6	--	84	97440	卖盘
11:09:34	11.6	--	3	3480	卖盘
11:09:24	11.6	--	200	232000	卖盘
11:09:19	11.6	--	38	44080	买盘
11:09:13	11.6	0.01	55	63800	买盘
11:09:09	11.59	-0.01	70	81130	卖盘
11:08:58	11.6	--	16	18560	买盘
11:08:54	11.6	--	37	42920	买盘
11:08:48	11.6	--	11	12760	买盘
11:08:43	11.6	--	30	34800	买盘
11:08:39	11.6	--	30	34800	买盘
11:08:33	11.6	--	145	168200	买盘
11:08:28	11.6	--	194	225040	买盘
11:08:23	11.6	0.01	103	119480	买盘
11:08:18	11.59	-0.01	264	305976	卖盘
11:08:13	11.6	--	20	23200	买盘
11:08:08	11.6	--	36	41760	买盘
11:08:03	11.6	0.01	44	51040	买盘
11:07:53	11.59	-0.01	53	61427	卖盘
11:07:48	11.6	0.01	173	200680	买盘
11:07:38	11.59	-0.01	14	16226	卖盘
11:07:33	11.6	--	16	18560	买盘
11:07:28	11.6	--	13	15080	买盘
11:07:23	11.6	0.01	29	33640	买盘
11:07:18	11.59	-0.01	27	31293	卖盘
11:07:13	11.6	0.01	16	18560	买盘
11:07:08	11.59	-0.01	15	17385	卖盘
11:07:03	11.6	0.01	8	9280	买盘
11:06:58	11.59	-0.01	108	125172	卖盘
11:06:53	11.6	0.01	53	61480	买盘
11:06:48	11.59	--	9	10431	卖盘
11:06:43	11.59	--	29	33611	卖盘
11:06:38	11.59	-0.01	76	88084	卖盘
11:06:33	11.6	--	105	121800	买盘
11:06:28	11.6	0.01	26	30160	买盘
11:06:23	11.59	0.01	20	23180	中性盘
11:06:13	11.58	-0.01	30	34740	卖盘
11:06:08	11.59	-0.01	10	11590	中性盘
11:06:03	11.6	0.02	185	214600	买盘
11:05:58	11.58	-0.01	16	18528	卖盘
11:05:53	11.59	--	28	32452	买盘
11:05:47	11.59	--	24	27816	买盘
11:05:43	11.59	--	30	34770	卖盘
11:05:38	11.59	--	153	177327	卖盘
11:05:32	11.59	--	79	91561	卖盘
11:05:28	11.59	-0.01	30	34770	卖盘
11:05:23	11.6	--	17	19720	买盘
11:05:13	11.6	-0.01	171	198360	卖盘
11:05:08	11.61	-0.01	27	31347	买盘
11:05:02	11.62	--	45	52290	买盘
11:04:57	11.62	--	10	11620	买盘
11:04:53	11.62	0.01	1892	2198504	买盘
11:04:47	11.61	-0.01	45	52245	卖盘
11:04:38	11.62	-0.01	104	120847	卖盘
11:04:33	11.63	--	28	32564	买盘
11:04:17	11.63	-0.01	42	48846	中性盘
11:04:12	11.64	-0.01	12	13968	买盘
11:04:08	11.65	0.01	87	101355	买盘
11:04:02	11.64	--	70	81480	买盘
11:03:58	11.64	-0.01	6	6984	买盘
11:03:53	11.65	0.01	455	530075	买盘
11:03:48	11.64	--	13	15132	买盘
11:03:43	11.64	0.02	27	31428	买盘
11:03:38	11.62	-0.02	12	13943	中性盘
11:03:32	11.64	-0.02	12	13968	中性盘
11:03:28	11.66	--	0	0	买盘
11:03:23	11.66	0.04	1365	1591590	买盘
11:03:17	11.62	-0.03	20	23240	卖盘
11:03:12	11.65	--	10	11650	买盘
11:03:08	11.65	0.05	26	30290	买盘
11:03:02	11.6	--	0	0	卖盘
11:02:58	11.6	-0.05	33	38280	卖盘
11:02:52	11.65	0.04	35	40775	买盘
11:02:47	11.61	-0.03	600	696600	卖盘
11:02:42	11.64	0.02	66	76824	买盘
11:02:37	11.62	0.01	512	594944	买盘
11:02:32	11.61	--	30	34830	卖盘
11:02:28	11.61	0.01	180	208980	买盘
11:02:22	11.6	-0.01	106	122960	卖盘
11:02:17	11.61	--	47	54567	买盘
11:02:12	11.61	0.01	11	12771	买盘
11:02:07	11.6	--	18	20880	卖盘
11:02:02	11.6	-0.01	129	149640	卖盘
11:01:57	11.61	--	14	16254	买盘
11:01:52	11.61	0.01	64	74304	买盘
11:01:47	11.6	--	43	49880	卖盘
11:01:42	11.6	--	155	180797	买盘
11:01:32	11.6	--	55	63800	买盘
11:01:22	11.6	--	10	11600	买盘
11:01:17	11.6	0.02	80	92800	买盘
11:01:07	11.58	--	10	11580	卖盘
11:01:02	11.58	-0.01	79	91482	卖盘
11:00:57	11.59	--	55	63745	买盘
11:00:52	11.59	--	3	3477	买盘
11:00:47	11.59	--	133	154147	买盘
11:00:42	11.59	--	29	33611	买盘
11:00:32	11.59	0.01	170	197030	买盘
11:00:27	11.58	--	3	3474	卖盘
11:00:17	11.58	-0.01	5	5790	卖盘
11:00:12	11.59	--	34	39406	买盘
11:00:07	11.59	0.01	48	55632	买盘
11:00:02	11.58	-0.01	72	83376	卖盘
10:59:57	11.59	--	17	19703	买盘
10:59:52	11.59	--	25	28975	买盘
10:59:46	11.59	0.01	126	146034	买盘
10:59:41	11.58	--	3	3474	买盘
10:59:37	11.58	--	12	13896	买盘
10:59:32	11.58	--	186	215388	卖盘
10:59:22	11.58	-0.01	2	2316	卖盘
10:59:16	11.59	--	9	10431	买盘
10:59:11	11.59	0.01	10	11590	买盘
10:59:07	11.58	-0.01	100	115800	卖盘
10:59:02	11.59	--	63	73017	买盘
10:58:56	11.59	--	42	48678	买盘
10:58:51	11.59	--	5	5795	买盘
10:58:46	11.59	--	35	40565	卖盘
10:58:41	11.59	--	233	270047	卖盘
10:58:36	11.59	--	15	17385	卖盘
10:58:32	11.59	--	24	27816	卖盘
10:58:17	11.59	0.01	5	5795	买盘
10:58:11	11.58	-0.02	20	23160	卖盘
10:58:06	11.6	--	5	5800	买盘
10:58:02	11.6	--	4	4640	买盘
10:57:56	11.6	--	165	191562	卖盘
10:57:51	11.6	--	1	1160	卖盘
10:57:47	11.6	-0.01	22	25520	卖盘
10:57:41	11.61	--	13	15093	买盘
10:57:36	11.61	--	10	11610	买盘
10:57:32	11.61	--	131	152091	卖盘
10:57:26	11.61	-0.01	50	58050	卖盘
10:57:11	11.62	--	130	151060	卖盘
10:57:06	11.62	-0.01	20	23240	卖盘
10:57:02	11.63	--	61	70943	买盘
10:56:56	11.63	--	87	101181	卖盘
10:56:51	11.63	--	10	11630	卖盘
10:56:46	11.63	-0.01	110	127930	卖盘
10:56:41	11.64	0.01	51	59364	买盘
10:56:36	11.63	-0.01	78	90714	卖盘
10:56:31	11.64	0.01	2	2328	买盘
10:56:21	11.63	--	300	348900	卖盘
10:56:16	11.63	--	10	11630	卖盘
10:56:11	11.63	--	120	139560	卖盘
10:56:06	11.63	--	203	236089	卖盘
10:56:01	11.63	0.01	90	104670	买盘
10:55:56	11.62	-0.01	85	98770	卖盘
10:55:46	11.63	--	65	75595	卖盘
10:55:41	11.63	-0.01	46	53498	卖盘
10:55:36	11.64	0.01	567	659988	买盘
10:55:31	11.63	--	21	24423	卖盘
10:55:26	11.63	--	85	98855	卖盘
10:55:21	11.63	--	23	26749	卖盘
10:55:16	11.63	--	24	27912	卖盘
10:55:11	11.63	0.01	526	611738	买盘
10:55:06	11.62	-0.01	225	261449	卖盘
10:55:01	11.63	--	23	26749	卖盘
10:54:56	11.63	--	55	63965	卖盘
10:54:51	11.63	--	99	115137	卖盘
10:54:46	11.63	--	6	6978	卖盘
10:54:41	11.63	--	76	88388	买盘
10:54:36	11.63	0.01	18	20934	中性盘
10:54:31	11.62	-0.01	212	246343	卖盘
10:54:26	11.63	--	559	650117	买盘
10:54:21	11.63	0.01	57	66291	买盘
10:54:16	11.62	-0.03	12	13943	卖盘
10:54:11	11.65	0.03	527	613955	买盘
10:54:06	11.62	--	154	178948	买盘
10:54:01	11.62	-0.02	15	17430	卖盘
10:53:56	11.64	0.02	607	706548	买盘
10:53:51	11.62	-0.01	157	182434	卖盘
10:53:46	11.63	--	124	144212	买盘
10:53:41	11.63	--	162	188406	买盘
10:53:36	11.63	0.01	151	175613	买盘
10:53:31	11.62	-0.01	80	92960	卖盘
10:53:26	11.63	--	156	181428	买盘
10:53:20	11.63	0.01	86	100018	买盘
10:53:16	11.62	-0.01	20	23240	卖盘
10:53:11	11.63	--	135	157005	买盘
10:53:05	11.63	0.01	203	236089	买盘
10:53:01	11.62	--	21	24402	卖盘
10:52:56	11.62	0.01	98	113875	买盘
10:52:50	11.61	--	51	59211	卖盘
10:52:46	11.61	-0.01	1	1161	卖盘
10:52:41	11.62	0.01	23	26726	买盘
10:52:35	11.61	--	78	90558	买盘
10:52:30	11.61	--	510	593108	买盘
10:52:26	11.61	--	119	138159	买盘
10:52:20	11.61	0.01	61	70821	买盘
10:52:15	11.6	--	5	5800	卖盘
10:52:11	11.6	--	30	34800	买盘
10:52:05	11.6	-0.01	35	40600	卖盘
10:52:00	11.61	0.01	48	55728	买盘
10:51:56	11.6	--	96	111360	买盘
10:51:45	11.6	--	153	177480	买盘
10:51:41	11.6	--	50	58000	买盘
10:51:35	11.6	--	103	119480	买盘
10:51:30	11.6	--	200	232000	买盘
10:51:26	11.6	0.04	28	32480	买盘
10:51:20	11.56	-0.04	20	23120	卖盘
10:51:11	11.6	0.04	1268	1470880	买盘
10:51:05	11.56	--	58	67048	买盘
10:50:56	11.56	--	60	69360	买盘
10:50:50	11.56	--	398	460088	买盘
10:50:45	11.56	--	22	25432	买盘
10:50:35	11.56	0.01	1	1156	买盘
10:50:26	11.55	--	115	132825	卖盘
10:50:20	11.55	0.01	253	293000	买盘
10:50:15	11.54	--	15	17310	卖盘
10:50:05	11.54	--	118	136172	卖盘
10:50:00	11.54	0.01	109	125785	卖盘
10:49:50	11.53	-0.01	29	33437	卖盘
10:49:45	11.54	--	10	11540	买盘
10:49:40	11.54	--	1	1154	买盘
10:49:35	11.54	--	30	34620	买盘
10:49:30	11.54	--	71	81934	买盘
10:49:25	11.54	0.01	2	2308	买盘
10:49:20	11.53	-0.01	5	5765	卖盘
10:49:15	11.54	--	17	19618	买盘
10:49:10	11.54	--	2	2308	买盘
10:49:05	11.54	--	91	105013	卖盘
10:49:00	11.54	-0.01	11	12693	卖盘
10:48:50	11.55	0.01	36	41580	买盘
10:48:45	11.54	--	26	30003	卖盘
10:48:34	11.54	--	3	3461	卖盘
10:48:30	11.54	0.01	2	2308	卖盘
10:48:25	11.53	--	0	0	卖盘
10:48:20	11.53	-0.01	20	23060	卖盘
10:48:15	11.54	0.01	8	9232	买盘
10:48:10	11.53	-0.01	3	3459	卖盘
10:48:04	11.54	0.01	12	13847	买盘
10:48:00	11.53	--	21	24213	买盘
10:47:55	11.53	--	6	6918	买盘
10:47:50	11.53	0.01	43	49579	买盘
10:47:45	11.52	--	52	59904	卖盘
10:47:40	11.52	-0.01	25	28800	卖盘
10:47:35	11.53	--	9	10377	买盘
10:47:30	11.53	--	111	127983	卖盘
10:47:25	11.53	-0.01	2	2306	卖盘
10:47:20	11.54	--	10	11540	买盘
10:47:10	11.54	--	2	2308	买盘
10:46:59	11.54	-0.01	229	264266	卖盘
10:46:50	11.55	--	15	17325	买盘
10:46:44	11.55	--	86	99330	买盘
10:46:40	11.55	0.01	6	6930	买盘
10:46:35	11.54	0.01	20	23080	中性盘
10:46:29	11.53	-0.01	100	115300	卖盘
10:46:25	11.54	0.01	30	34620	买盘
10:46:20	11.53	-0.01	36	41508	卖盘
10:46:14	11.54	--	34	39236	买盘
10:45:59	11.54	--	8	9232	买盘
10:45:54	11.54	-0.01	12	13847	卖盘
10:45:49	11.55	0.01	178	205590	买盘
10:45:44	11.54	--	10	11540	卖盘
10:45:39	11.54	--	55	63469	买盘
10:45:35	11.54	-0.01	45	51929	卖盘
10:45:24	11.55	0.01	5	5775	买盘
10:45:20	11.54	-0.01	34	39236	卖盘
10:45:14	11.55	--	159	183645	卖盘
10:45:09	11.55	-0.01	50	57750	卖盘
10:45:05	11.56	--	2	2312	买盘
10:44:59	11.56	--	61	70516	买盘
10:44:54	11.56	-0.01	1	1156	买盘
10:44:50	11.57	--	19	21983	买盘
10:44:44	11.57	0.01	118	136526	买盘
10:44:39	11.56	0.01	8	9248	买盘
10:44:34	11.55	-0.01	32	36960	卖盘
10:44:29	11.56	-0.01	9	10404	卖盘
10:44:20	11.57	--	24	27768	买盘
10:44:14	11.57	--	98	113386	卖盘
10:44:09	11.57	--	15	17355	卖盘
10:44:05	11.57	--	78	90246	卖盘
10:43:59	11.57	--	28	32396	卖盘
10:43:54	11.57	--	122	141154	买盘
10:43:49	11.57	--	128	148096	买盘
10:43:44	11.57	--	11	12727	买盘
10:43:34	11.57	0.02	54	62478	买盘
10:43:24	11.55	-0.02	7	8085	卖盘
10:43:19	11.57	--	15	17355	买盘
10:43:14	11.57	--	56	64792	卖盘
10:43:09	11.57	--	46	53222	卖盘
10:42:59	11.57	--	10	11570	卖盘
10:42:54	11.57	--	199	230243	买盘
10:42:49	11.57	0.01	30	34710	买盘
10:42:44	11.56	--	11	12716	卖盘
10:42:34	11.56	--	26	30056	卖盘
10:42:28	11.56	--	136	157216	卖盘
10:42:24	11.56	--	13	15028	卖盘
10:42:14	11.56	--	2	2312	卖盘
10:42:09	11.56	--	52	60112	买盘
10:41:59	11.56	--	10	11560	买盘
10:41:54	11.56	--	62	71672	买盘
10:41:49	11.56	--	100	115600	买盘
10:41:43	11.56	--	80	92480	买盘
10:41:39	11.56	0.01	15	17340	买盘
10:41:34	11.55	--	100	115500	卖盘
10:41:29	11.55	--	106	122430	买盘
10:41:24	11.55	--	106	122430	买盘
10:41:19	11.55	--	1	1155	买盘
10:41:14	11.55	-0.01	118	136290	卖盘
10:41:09	11.56	--	35	40460	买盘
10:41:04	11.56	--	18	20808	买盘
10:40:59	11.56	-0.01	215	248540	卖盘
10:40:54	11.57	--	13	15041	买盘
10:40:49	11.57	0.01	18	20826	买盘
10:40:44	11.56	-0.02	291	336396	卖盘
10:40:38	11.58	--	95	110010	卖盘
10:40:29	11.58	-0.02	77	89166	卖盘
10:40:23	11.6	0.01	75	87000	买盘
10:40:19	11.59	0.02	34	39406	买盘
10:40:14	11.57	-0.02	165	190905	卖盘
10:40:08	11.59	--	199	230641	买盘
10:40:04	11.59	--	11	12749	买盘
10:39:59	11.59	--	315	365989	卖盘
10:39:53	11.59	--	43	49837	卖盘
10:39:48	11.59	-0.01	130	150670	卖盘
10:39:44	11.6	0.01	99	114840	买盘
10:39:38	11.59	--	125	145129	买盘
10:39:33	11.59	--	138	159942	买盘
10:39:29	11.59	0.02	10	11590	买盘
10:39:23	11.57	-0.02	37	43711	卖盘
10:39:18	11.59	--	10	11590	卖盘
10:39:14	11.59	0.03	875	1014379	买盘
10:39:08	11.56	--	19	21964	卖盘
10:38:59	11.56	--	5	5780	买盘
10:38:53	11.56	-0.02	81	93636	买盘
10:38:48	11.58	--	0	0	买盘
10:38:44	11.58	0.03	248	287184	买盘
10:38:38	11.55	-0.01	78	90990	卖盘
10:38:33	11.56	0.01	10	11560	卖盘
10:38:29	11.55	-0.01	50	57750	卖盘
10:38:23	11.56	0.02	480	555134	买盘
10:38:14	11.54	-0.01	10	11540	卖盘
10:38:08	11.55	--	3	3465	买盘
10:38:03	11.55	0.01	6	6930	买盘
10:37:59	11.54	--	24	27695	买盘
10:37:53	11.54	--	48	55391	买盘
10:37:44	11.54	--	82	94628	买盘
10:37:38	11.54	0.01	50	57699	买盘
10:37:33	11.53	--	29	33437	卖盘
10:37:28	11.53	--	23	26519	卖盘
10:37:23	11.53	0.02	340	392020	买盘
10:37:18	11.51	-0.01	27	31077	卖盘
10:37:13	11.52	--	120	138240	买盘
10:37:08	11.52	--	35	40320	买盘
10:37:03	11.52	0.01	20	23040	买盘
10:36:58	11.51	--	5	5755	卖盘
10:36:53	11.51	--	20	23020	买盘
10:36:48	11.51	--	14	16114	买盘
10:36:43	11.51	--	19	21869	买盘
10:36:38	11.51	0.01	124	142724	买盘
10:36:22	11.5	--	7	8050	卖盘
10:36:18	11.5	0.01	155	178250	买盘
10:36:13	11.49	--	14	16086	卖盘
10:36:08	11.49	--	25	28725	卖盘
10:36:03	11.49	--	15	17235	卖盘
10:35:58	11.49	--	20	22980	卖盘
10:35:53	11.49	--	30	34470	卖盘
10:35:48	11.49	-0.01	15	17235	卖盘
10:35:43	11.5	0.01	8	9200	买盘
10:35:37	11.49	--	1	1149	卖盘
10:35:33	11.49	-0.01	56	64344	卖盘
10:35:23	11.5	0.01	20	23000	买盘
10:35:18	11.49	--	2	2298	卖盘
10:35:13	11.49	-0.01	10	11490	卖盘
10:35:08	11.5	0.01	34	39100	买盘
10:35:03	11.49	-0.01	16	18384	卖盘
10:34:53	11.5	-0.01	1	1150	买盘
10:34:48	11.51	0.01	110	126610	买盘
10:34:43	11.5	--	25	28750	卖盘
10:34:33	11.5	--	25	28750	买盘
10:34:22	11.5	--	327	376866	买盘
10:34:17	11.5	--	27	31050	买盘
10:34:08	11.5	--	20	23000	买盘
10:34:02	11.5	--	13	14950	买盘
10:33:58	11.5	--	14	16100	买盘
10:33:47	11.5	--	2	2300	买盘
10:33:43	11.5	--	19	21850	买盘
10:33:32	11.5	-0.01	166	191233	卖盘
10:33:28	11.51	0.01	10	11510	买盘
10:33:23	11.5	-0.01	150	172500	卖盘
10:33:08	11.51	--	7	8057	买盘
10:33:02	11.51	0.01	16	18416	中性盘
10:32:52	11.5	--	102	117300	卖盘
10:32:47	11.5	-0.01	100	115000	卖盘
10:32:22	11.51	-0.01	213	245163	中性盘
10:32:17	11.52	0.02	20	23040	买盘
10:32:12	11.5	--	50	57500	卖盘
10:32:07	11.5	-0.01	120	138000	卖盘
10:32:02	11.51	0.01	10	11510	中性盘
10:31:57	11.5	--	10	11500	卖盘
10:31:52	11.5	--	50	57500	卖盘
10:31:47	11.5	--	573	658950	卖盘
10:31:42	11.5	--	16	18400	卖盘
10:31:37	11.5	--	100	115000	卖盘
10:31:32	11.5	--	40	46000	卖盘
10:31:17	11.5	-0.01	4	4600	卖盘
10:31:02	11.51	0.01	13	14963	买盘
10:30:57	11.5	--	2	2300	卖盘
10:30:52	11.5	-0.01	60	69000	卖盘
10:30:47	11.51	--	9	10359	买盘
10:30:32	11.51	-0.01	9	10359	卖盘
10:30:27	11.52	0.01	115	132480	买盘
10:30:22	11.51	-0.01	205	235955	卖盘
10:30:17	11.52	--	120	138240	买盘
10:30:12	11.52	-0.01	125	144000	卖盘
10:30:07	11.53	0.01	23	26519	买盘
10:30:01	11.52	--	6	6912	卖盘
10:29:57	11.52	--	64	73728	买盘
10:29:52	11.52	--	16	18432	卖盘
10:29:42	11.52	--	96	110592	卖盘
10:29:31	11.52	0.01	98	112896	买盘
10:29:27	11.51	-0.01	220	253220	卖盘
10:29:22	11.52	--	15	17280	买盘
10:29:16	11.52	--	15	17280	买盘
10:29:12	11.52	--	117	134784	买盘
10:29:07	11.52	0.01	5	5760	买盘
10:29:01	11.51	--	198	227898	卖盘
10:28:57	11.51	-0.01	129	148479	卖盘
10:28:52	11.52	0.01	16	18432	买盘
10:28:46	11.51	-0.01	60	69060	卖盘
10:28:42	11.52	0.01	6	6912	买盘
10:28:31	11.51	--	33	37983	卖盘
10:28:12	11.51	-0.01	30	34530	卖盘
10:28:07	11.52	0.01	308	354816	买盘
10:28:01	11.51	--	10	11510	买盘
10:27:57	11.51	--	63	72513	买盘
10:27:52	11.51	-0.01	32	36832	买盘
10:27:46	11.52	--	120	138240	卖盘
10:27:41	11.52	0.02	56	64512	中性盘
10:27:37	11.5	-0.03	2	2300	卖盘
10:27:31	11.53	0.02	44	50732	买盘
10:27:26	11.51	-0.01	47	54097	中性盘
10:27:16	11.52	0.01	112	129024	买盘
10:27:11	11.51	--	28	32228	卖盘
10:27:07	11.51	--	8	9208	卖盘
10:27:01	11.51	--	5	5755	卖盘
10:26:56	11.51	-0.02	4	4604	卖盘
10:26:51	11.53	0.03	120	138360	买盘
10:26:46	11.5	--	42	48300	卖盘
10:26:41	11.5	-0.01	158	181700	卖盘
10:26:31	11.51	--	0	0	中性盘
10:26:26	11.51	-0.02	60	69060	卖盘
10:26:16	11.53	-0.01	111	127983	买盘
10:26:11	11.54	--	0	0	买盘
10:26:06	11.54	--	0	0	买盘
10:26:01	11.54	0.01	155	178870	买盘
10:25:56	11.53	0.03	746	860138	买盘
10:25:51	11.5	-0.01	20	23000	卖盘
10:25:46	11.51	--	64	73664	买盘
10:25:41	11.51	0.01	1	1151	买盘
10:25:31	11.5	--	444	511416	买盘
10:25:26	11.5	-0.01	14	16100	买盘
10:25:16	11.51	--	0	0	买盘
10:25:11	11.51	0.02	33	37983	买盘
10:25:06	11.49	--	43	49407	卖盘
10:25:01	11.49	-0.02	85	97665	卖盘
10:24:56	11.51	--	0	0	买盘
10:24:46	11.51	0.03	458	527158	买盘
10:24:41	11.48	-0.01	28	32144	卖盘
10:24:36	11.49	--	85	97665	买盘
10:24:26	11.49	--	22	25278	买盘
10:24:16	11.49	--	79	90771	买盘
10:24:11	11.49	--	153	175797	买盘
10:24:06	11.49	--	25	28725	买盘
10:24:01	11.49	--	56	64344	买盘
10:23:56	11.49	--	48	55152	买盘
10:23:51	11.49	--	97	111453	买盘
10:23:40	11.49	--	77	88473	买盘
10:23:36	11.49	--	7	8043	买盘
10:23:31	11.49	--	8	9192	买盘
10:23:25	11.49	--	15	17235	买盘
10:23:21	11.49	--	10	11490	买盘
10:23:16	11.49	--	1	1149	买盘
10:23:10	11.49	0.01	28	32172	买盘
10:23:06	11.48	--	161	184828	卖盘
10:23:01	11.48	--	8	9184	卖盘
10:22:55	11.48	-0.01	20	22960	卖盘
10:22:51	11.49	--	66	75834	买盘
10:22:46	11.49	--	15	17235	买盘
10:22:40	11.49	0.01	200	229800	买盘
10:22:36	11.48	-0.01	90	103320	卖盘
10:22:31	11.49	--	5	5745	买盘
10:22:25	11.49	-0.01	101	116049	卖盘
10:22:21	11.5	--	19	21850	买盘
10:22:16	11.5	--	86	98900	买盘
10:22:10	11.5	--	186	213900	卖盘
10:22:06	11.5	-0.01	27	31050	卖盘
10:22:01	11.51	--	115	132365	买盘
10:21:55	11.51	0.01	249	286599	买盘
10:21:51	11.5	--	15	17250	买盘
10:21:40	11.5	--	104	119600	买盘
10:21:36	11.5	--	27	31050	买盘
10:21:31	11.5	--	3	3450	买盘
10:21:25	11.5	--	93	106950	卖盘
10:21:20	11.5	-0.01	29	33350	卖盘
10:21:10	11.51	0.01	16	18416	买盘
10:21:01	11.5	--	45	51750	买盘
10:20:55	11.5	-0.01	181	208150	卖盘
10:20:35	11.51	-0.01	55	63305	卖盘
10:20:31	11.52	--	40	46080	买盘
10:20:25	11.52	--	55	63360	卖盘
10:20:20	11.52	-0.01	22	25344	中性盘
10:20:15	11.53	0.01	71	81863	买盘
10:20:10	11.52	--	29	33408	买盘
10:20:05	11.52	-0.01	49	56448	中性盘
10:20:00	11.53	0.01	359	413927	买盘
10:19:55	11.52	--	90	103680	买盘
10:19:50	11.52	0.01	24	27648	买盘
10:19:45	11.51	0.01	65	74815	卖盘
10:19:40	11.5	--	0	0	卖盘
10:19:35	11.5	--	4	4600	卖盘
10:19:30	11.5	--	68	78200	卖盘
10:19:25	11.5	-0.02	7	8050	卖盘
10:19:20	11.52	0.02	802	923904	买盘
10:19:15	11.5	--	40	46000	卖盘
10:19:10	11.5	--	23	26450	卖盘
10:19:05	11.5	0.01	245	281750	买盘
10:19:00	11.49	--	5	5745	卖盘
10:18:55	11.49	--	83	95367	买盘
10:18:50	11.49	0.01	32	36768	买盘
10:18:45	11.48	-0.01	1	1148	卖盘
10:18:40	11.49	0.01	23	26427	买盘
10:18:30	11.48	-0.01	15	17220	卖盘
10:18:25	11.49	--	17	19533	买盘
10:18:20	11.49	--	43	49407	买盘
10:18:15	11.49	--	32	36768	买盘
10:18:05	11.49	--	5	5745	买盘
10:17:50	11.49	0.02	36	41364	买盘
10:17:45	11.47	-0.02	222	254634	卖盘
10:17:40	11.49	--	11	12639	卖盘
10:17:35	11.49	--	16	18384	卖盘
10:17:30	11.49	-0.01	38	43662	卖盘
10:17:20	11.5	--	20	23000	买盘
10:17:15	11.5	--	5	5750	买盘
10:17:04	11.5	--	55	63250	卖盘
10:17:00	11.5	--	28	32200	卖盘
10:16:55	11.5	0.02	452	519800	买盘
10:16:49	11.48	-0.01	121	138908	卖盘
10:16:45	11.49	--	206	236694	买盘
10:16:40	11.49	--	25	28725	买盘
10:16:34	11.49	0.01	72	82728	买盘
10:16:30	11.48	--	115	132020	卖盘
10:16:19	11.48	--	36	41328	买盘
10:16:15	11.48	--	16	18368	买盘
10:16:04	11.48	0.01	22	25256	买盘
10:16:00	11.47	-0.03	5	5735	卖盘
10:15:49	11.5	0.02	83	95450	买盘
10:15:45	11.48	--	81	92988	卖盘
10:15:40	11.48	--	25	28700	卖盘
10:15:34	11.48	-0.01	7	8036	卖盘
10:15:30	11.49	--	12	13788	买盘
10:15:25	11.49	--	5	5745	买盘
10:15:19	11.49	-0.01	76	87324	卖盘
10:15:14	11.5	--	47	54050	卖盘
10:15:10	11.5	--	103	118450	卖盘
10:15:04	11.5	--	94	108100	卖盘
10:14:59	11.5	-0.02	21	24150	卖盘
10:14:55	11.52	--	76	87552	买盘
10:14:49	11.52	--	56	64512	买盘
10:14:44	11.52	--	64	73728	买盘
10:14:40	11.52	0.01	27	31104	买盘
10:14:34	11.51	-0.01	1	1151	中性盘
10:14:29	11.52	-0.02	281	323712	卖盘
10:14:25	11.54	0.01	14	16155	买盘
10:14:19	11.53	0.01	189	217917	买盘
10:14:14	11.52	--	201	231552	卖盘
10:14:09	11.52	--	65	74880	卖盘
10:14:04	11.52	--	50	57600	卖盘
10:13:59	11.52	0.05	131	150912	买盘
10:13:54	11.47	--	0	0	卖盘
10:13:49	11.47	--	687	787989	卖盘
10:13:44	11.47	--	397	455359	买盘
10:13:39	11.47	0.01	10	11470	买盘
10:13:34	11.46	--	100	114600	卖盘
10:13:29	11.46	-0.01	110	126060	卖盘
10:13:24	11.47	0.01	23	26920	买盘
10:13:19	11.46	--	119	136374	买盘
10:13:14	11.46	--	68	77928	买盘
10:13:09	11.46	--	20	22920	买盘
10:13:04	11.46	-0.01	835	957517	卖盘
10:12:59	11.47	0.01	93	106671	买盘
10:12:54	11.46	-0.01	30	34380	卖盘
10:12:49	11.47	0.01	8	9176	买盘
10:12:44	11.46	0.01	452	518530	买盘
10:12:34	11.45	--	109	124804	买盘
10:12:29	11.45	--	44	50380	买盘
10:12:24	11.45	-0.01	23	26941	卖盘
10:12:19	11.46	0.01	55	63030	买盘
10:12:14	11.45	--	79	90993	卖盘
10:12:04	11.45	0.01	226	258769	买盘
10:11:54	11.44	0.02	81	92664	买盘
10:11:44	11.42	0.01	179	204418	买盘
10:11:34	11.41	--	1	1141	卖盘
10:11:29	11.41	--	18	21553	买盘
10:11:24	11.41	--	300	342300	买盘
10:11:19	11.41	0.01	30	34230	买盘
10:11:14	11.4	--	76	86640	买盘
10:11:09	11.4	0.01	147	167580	买盘
10:10:58	11.39	0.01	82	93398	买盘
10:10:54	11.38	-0.01	30	34140	卖盘
10:10:49	11.39	--	24	27336	买盘
10:10:43	11.39	0.01	5	5695	买盘
10:10:39	11.38	0.01	255	290190	买盘
10:10:34	11.37	-0.01	474	538938	卖盘
10:10:28	11.38	--	34	38692	买盘
10:10:24	11.38	--	55	62590	买盘
10:10:19	11.38	0.01	20	22760	买盘
10:10:13	11.37	-0.01	5	5685	卖盘
10:10:09	11.38	0.01	128	145664	买盘
10:10:04	11.37	--	38	43206	卖盘
10:09:58	11.37	-0.01	40	45480	卖盘
10:09:54	11.38	0.01	68	77384	买盘
10:09:49	11.37	-0.01	34	38658	卖盘
10:09:43	11.38	0.01	250	284500	买盘
10:09:39	11.37	-0.01	207	235358	卖盘
10:09:34	11.38	--	7	7966	买盘
10:09:28	11.38	--	158	179804	买盘
10:09:24	11.38	--	104	118352	买盘
10:09:19	11.38	--	33	37554	买盘
10:09:13	11.38	--	10	11380	买盘
10:09:09	11.38	-0.02	208	236704	卖盘
10:09:04	11.4	0.01	43	49020	买盘
10:08:58	11.39	0.01	20	22780	买盘
10:08:53	11.38	-0.02	108	122904	卖盘
10:08:49	11.4	0.02	108	123120	买盘
10:08:43	11.38	--	93	105834	卖盘
10:08:38	11.38	-0.02	50	56900	卖盘
10:08:28	11.4	0.01	57	64980	买盘
10:08:23	11.39	-0.01	10	11390	卖盘
10:08:19	11.4	--	0	0	买盘
10:08:13	11.4	0.01	139	158460	买盘
10:08:08	11.39	-0.01	112	127568	卖盘
10:08:04	11.4	--	3	3420	买盘
10:07:58	11.4	0.01	178	202920	买盘
10:07:53	11.39	-0.01	48	54672	中性盘
10:07:43	11.4	0.02	42	47880	买盘
10:07:38	11.38	-0.01	284	323192	卖盘
10:07:28	11.39	--	28	31892	买盘
10:07:23	11.39	0.01	126	143514	买盘
10:07:13	11.38	-0.01	7	7966	卖盘
10:07:08	11.39	0.02	21	23919	买盘
10:07:03	11.37	-0.01	67	76179	卖盘
10:06:53	11.38	0.01	120	136560	买盘
10:06:48	11.37	--	49	55712	卖盘
10:06:43	11.37	--	45	51165	卖盘
10:06:38	11.37	--	446	507420	买盘
10:06:33	11.37	0.01	84	95508	买盘
10:06:28	11.36	--	111	126096	卖盘
10:06:23	11.36	--	93	105648	卖盘
10:06:13	11.36	--	384	436224	买盘
10:06:08	11.36	0.01	321	364656	买盘
10:06:03	11.35	-0.01	8	9080	卖盘
10:05:58	11.36	--	197	223792	卖盘
10:05:53	11.36	--	440	499840	卖盘
10:05:48	11.36	--	63	71568	卖盘
10:05:38	11.36	-0.02	536	608896	卖盘
10:05:33	11.38	0.02	39	44382	买盘
10:05:28	11.36	-0.02	1020	1158720	卖盘
10:05:23	11.38	0.01	496	564448	买盘
10:05:18	11.37	--	36	40932	卖盘
10:05:13	11.37	-0.01	70	79590	卖盘
10:05:08	11.38	-0.01	121	137698	卖盘
10:05:03	11.39	0.01	44	50116	买盘
10:04:58	11.38	-0.01	283	322054	卖盘
10:04:53	11.39	--	440	501160	买盘
10:04:48	11.39	0.01	88	100232	买盘
10:04:43	11.38	-0.01	54	61452	卖盘
10:04:37	11.39	--	31	35309	买盘
10:04:33	11.39	--	208	236912	卖盘
10:04:28	11.39	--	115	130985	卖盘
10:04:22	11.39	--	10	11390	卖盘
10:04:18	11.39	-0.01	26	29614	卖盘
10:04:13	11.4	--	3	3420	买盘
10:04:07	11.4	--	67	76380	买盘
10:04:03	11.4	--	32	37084	卖盘
10:03:58	11.4	--	15	17100	卖盘
10:03:52	11.4	-0.01	303	345420	卖盘
10:03:48	11.41	0.01	59	67319	买盘
10:03:43	11.4	-0.01	6	6840	卖盘
10:03:37	11.41	0.01	7	7987	买盘
10:03:33	11.4	--	34	38760	卖盘
10:03:28	11.4	--	9	10260	卖盘
10:03:22	11.4	-0.02	75	85625	卖盘
10:03:18	11.42	--	48	54816	买盘
10:03:13	11.42	--	14	15988	买盘
10:03:07	11.42	0.01	2	2284	买盘
10:03:03	11.41	-0.01	346	394786	卖盘
10:02:58	11.42	--	0	0	卖盘
10:02:52	11.42	--	59	67378	卖盘
10:02:47	11.42	--	41	46822	卖盘
10:02:43	11.42	--	70	79940	卖盘
10:02:37	11.42	--	217	247814	卖盘
10:02:32	11.42	--	52	59384	卖盘
10:02:28	11.42	--	5	5710	卖盘
10:02:22	11.42	--	70	79940	卖盘
10:02:17	11.42	--	122	139324	卖盘
10:02:13	11.42	-0.01	3	3426	卖盘
10:02:07	11.43	0.01	154	176022	买盘
10:02:02	11.42	--	8	9136	卖盘
10:01:58	11.42	--	70	79940	卖盘
10:01:52	11.42	-0.01	455	519610	卖盘
10:01:47	11.43	0.01	131	149733	买盘
10:01:37	11.42	-0.02	40	45680	卖盘
10:01:32	11.44	0.01	205	235538	买盘
10:01:27	11.43	--	83	94869	卖盘
10:01:22	11.43	--	280	320040	买盘
10:01:17	11.43	--	212	242316	买盘
10:01:07	11.43	--	159	181737	卖盘
10:01:02	11.43	--	70	80010	卖盘
10:00:57	11.43	--	149	170307	卖盘
10:00:52	11.43	--	42	48006	卖盘
10:00:47	11.43	--	140	160020	卖盘
10:00:42	11.43	0.02	150	171450	买盘
10:00:37	11.41	-0.01	23	26243	卖盘
10:00:32	11.42	--	70	79940	买盘
10:00:27	11.42	--	65	74230	卖盘
10:00:22	11.42	-0.01	1	1142	卖盘
10:00:17	11.43	--	12	13716	买盘
10:00:12	11.43	-0.01	35	40005	卖盘
10:00:07	11.44	0.01	95	108680	买盘
10:00:02	11.43	--	42	48006	卖盘
09:59:57	11.43	--	15	17145	卖盘
09:59:52	11.43	0.01	69	78867	买盘
09:59:47	11.42	--	57	65094	买盘
09:59:42	11.42	--	4	4568	中性盘
09:59:37	11.42	-0.02	306	349452	卖盘
09:59:32	11.44	0.01	530	606320	买盘
09:59:27	11.43	--	46	52578	买盘
09:59:22	11.43	--	307	350901	卖盘
09:59:17	11.43	-0.01	13	14859	卖盘
09:59:12	11.44	0.01	59	67496	买盘
09:59:02	11.43	0.01	129	147447	卖盘
09:58:42	11.42	--	131	149602	卖盘
09:58:37	11.42	--	10	11420	卖盘
09:58:32	11.42	0.01	71	81082	买盘
09:58:27	11.41	--	142	162022	卖盘
09:58:22	11.41	--	8	9128	卖盘
09:58:16	11.41	0.01	62	70742	买盘
09:58:12	11.4	-0.01	10	11400	卖盘
09:58:07	11.41	0.01	60	68460	买盘
09:58:01	11.4	--	73	83220	卖盘
09:57:57	11.4	--	4	4560	卖盘
09:57:46	11.4	--	90	103135	买盘
09:57:42	11.4	--	38	43320	买盘
09:57:37	11.4	0.01	18	20520	买盘
09:57:31	11.39	-0.01	185	210715	卖盘
09:57:27	11.4	0.01	47	53580	买盘
09:57:22	11.39	--	202	230078	卖盘
09:57:16	11.39	--	58	66062	卖盘
09:57:12	11.39	--	13	14807	买盘
09:57:07	11.39	--	22	25058	买盘
09:57:01	11.39	--	303	345117	买盘
09:56:57	11.39	--	46	52394	卖盘
09:56:52	11.39	0.01	19	21641	买盘
09:56:46	11.38	-0.01	170	193460	卖盘
09:56:42	11.39	--	93	106530	卖盘
09:56:31	11.39	0.01	137	156578	买盘
09:56:27	11.38	--	95	108110	买盘
09:56:22	11.38	-0.01	431	491081	卖盘
09:56:16	11.39	--	409	465851	买盘
09:56:11	11.39	--	94	107066	买盘
09:56:07	11.39	--	24	27336	买盘
09:56:01	11.39	--	59	67201	买盘
09:55:56	11.39	-0.01	43	48977	卖盘
09:55:52	11.4	--	45	51300	买盘
09:55:46	11.4	--	56	63840	卖盘
09:55:41	11.4	--	19	21660	卖盘
09:55:37	11.4	--	14	15960	买盘
09:55:31	11.4	--	11	12540	买盘
09:55:26	11.4	0.02	486	554575	买盘
09:55:21	11.38	--	106	120628	买盘
09:55:16	11.38	--	111	126318	买盘
09:55:11	11.38	--	194	220772	买盘
09:55:06	11.38	--	5	5690	买盘
09:55:01	11.38	-0.04	1217	1385549	卖盘
09:54:56	11.42	-0.02	135	154170	卖盘
09:54:46	11.44	0.01	11	12584	买盘
09:54:41	11.43	-0.01	3	3429	买盘
09:54:36	11.44	--	13	14872	卖盘
09:54:31	11.44	0.04	189	216216	买盘
09:54:26	11.4	-0.03	45	51300	卖盘
09:54:21	11.43	--	51	58293	卖盘
09:54:16	11.43	0.03	115	131445	买盘
09:54:11	11.4	-0.03	35	39900	中性盘
09:54:06	11.43	0.04	26	29718	买盘
09:54:01	11.39	0.01	48	54672	卖盘
09:53:56	11.38	-0.01	263	299294	卖盘
09:53:51	11.39	-0.04	13	14807	卖盘
09:53:46	11.43	0.04	444	507492	买盘
09:53:41	11.39	0.01	107	122408	买盘
09:53:36	11.38	-0.01	59	67142	卖盘
09:53:31	11.39	0.01	55	62645	买盘
09:53:26	11.38	--	1047	1191486	买盘
09:53:21	11.38	0.01	35	39830	买盘
09:53:16	11.37	-0.01	23	26151	卖盘
09:53:11	11.38	--	40	45520	买盘
09:53:06	11.38	--	307	349366	卖盘
09:53:01	11.38	0.01	62	70556	买盘
09:52:56	11.37	--	159	180783	卖盘
09:52:51	11.37	--	203	230810	卖盘
09:52:46	11.37	-0.01	110	125069	卖盘
09:52:41	11.38	0.01	179	203702	买盘
09:52:36	11.37	-0.01	80	90960	卖盘
09:52:31	11.38	-0.01	1153	1312717	卖盘
09:52:26	11.39	--	37	42143	买盘
09:52:21	11.39	--	26	29614	卖盘
09:52:16	11.39	0.01	8	9112	中性盘
09:52:11	11.38	-0.02	156	177528	卖盘
09:52:06	11.4	--	20	22800	卖盘
09:52:01	11.4	-0.01	3	3420	卖盘
09:51:55	11.41	--	47	53627	买盘
09:51:51	11.41	--	552	629832	买盘
09:51:40	11.41	--	15	17115	买盘
09:51:36	11.41	-0.03	42	47922	卖盘
09:51:31	11.44	-0.01	2	2288	卖盘
09:51:25	11.45	--	24	27480	卖盘
09:51:21	11.45	0.06	9	10305	卖盘
09:51:16	11.39	--	0	0	卖盘
09:51:10	11.39	-0.06	2000	2278000	卖盘
09:51:06	11.45	--	45	51525	卖盘
09:51:01	11.45	--	50	57250	卖盘
09:50:55	11.45	--	1	1145	卖盘
09:50:51	11.45	--	12	13740	买盘
09:50:46	11.45	0.02	15	17175	中性盘
09:50:40	11.43	-0.01	345	394872	卖盘
09:50:36	11.44	--	20	22880	卖盘
09:50:31	11.44	--	23	26312	卖盘
09:50:25	11.44	-0.01	110	125840	卖盘
09:50:21	11.45	0.02	68	77860	买盘
09:50:16	11.43	--	0	0	卖盘
09:50:10	11.43	-0.01	65	74295	卖盘
09:50:06	11.44	0.01	64	73216	买盘
09:50:01	11.43	--	0	0	卖盘
09:49:55	11.43	-0.01	57	65151	卖盘
09:49:50	11.44	0.01	84	96096	中性盘
09:49:46	11.43	-0.01	93	106299	卖盘
09:49:40	11.44	0.01	73	83512	买盘
09:49:35	11.43	--	12	13716	卖盘
09:49:31	11.43	--	12	13716	卖盘
09:49:25	11.43	--	28	32004	卖盘
09:49:20	11.43	0.01	384	438912	买盘
09:49:16	11.42	-0.01	155	177010	卖盘
09:49:10	11.43	--	150	171450	买盘
09:49:05	11.43	--	42	48006	买盘
09:48:55	11.43	--	72	82296	买盘
09:48:50	11.43	0.01	149	170307	买盘
09:48:45	11.42	--	52	59384	卖盘
09:48:40	11.42	-0.01	84	95928	卖盘
09:48:35	11.43	--	5	5715	买盘
09:48:30	11.43	--	7	8001	买盘
09:48:25	11.43	--	407	465201	卖盘
09:48:20	11.43	--	35	40005	卖盘
09:48:15	11.43	--	11	12573	卖盘
09:48:10	11.43	--	13	14859	卖盘
09:48:05	11.43	-0.01	202	230886	卖盘
09:48:00	11.44	--	39	44616	买盘
09:47:55	11.44	0.01	38	43472	买盘
09:47:50	11.43	-0.01	28	32004	卖盘
09:47:45	11.44	0.01	5	5720	买盘
09:47:40	11.43	--	25	28575	买盘
09:47:35	11.43	0.01	3143	3592449	卖盘
09:47:30	11.42	-0.01	20	22840	卖盘
09:47:25	11.43	0.01	108	123444	中性盘
09:47:20	11.42	-0.01	204	232968	卖盘
09:47:15	11.43	--	38	43434	买盘
09:47:10	11.43	0.01	51	58293	买盘
09:47:05	11.42	--	83	94786	卖盘
09:47:00	11.42	--	31	35402	买盘
09:46:55	11.42	--	122	139324	卖盘
09:46:50	11.42	--	350	399700	买盘
09:46:45	11.42	--	205	234110	买盘
09:46:40	11.42	--	9	10278	买盘
09:46:35	11.42	0.01	114	130188	买盘
09:46:30	11.41	-0.01	56	63896	卖盘
09:46:25	11.42	-0.01	20	22840	卖盘
09:46:20	11.43	--	83	94869	买盘
09:46:15	11.43	0.02	177	202311	买盘
09:46:10	11.41	-0.01	504	576090	卖盘
09:46:05	11.42	--	245	279790	卖盘
09:46:00	11.42	0.01	417	476214	买盘
09:45:55	11.41	--	90	102690	卖盘
09:45:50	11.41	-0.01	249	284223	卖盘
09:45:45	11.42	--	375	428250	买盘
09:45:40	11.42	--	170	194140	买盘
09:45:34	11.42	--	209	238678	买盘
09:45:30	11.42	--	107	122194	买盘
09:45:25	11.42	-0.02	361	412262	卖盘
09:45:19	11.44	--	134	153296	买盘
09:45:15	11.44	--	7	8008	买盘
09:45:10	11.44	--	72	82368	买盘
09:45:04	11.44	-0.01	297	339768	卖盘
09:45:00	11.45	--	25	28625	买盘
09:44:55	11.45	0.01	49	56105	买盘
09:44:49	11.44	-0.01	83	94952	卖盘
09:44:45	11.45	--	47	53815	买盘
09:44:40	11.45	--	18	21216	卖盘
09:44:34	11.45	--	73	83928	卖盘
09:44:30	11.45	--	78	89310	卖盘
09:44:25	11.45	-0.01	195	223275	卖盘
09:44:19	11.46	--	33	37818	买盘
09:44:15	11.46	--	80	91680	买盘
09:44:04	11.46	--	22	25212	买盘
09:44:00	11.46	-0.01	112	128352	卖盘
09:43:55	11.47	0.01	13	14911	买盘
09:43:49	11.46	-0.01	62	71052	卖盘
09:43:44	11.47	0.01	81	92907	卖盘
09:43:40	11.46	--	0	0	卖盘
09:43:34	11.46	-0.03	6	6876	卖盘
09:43:29	11.49	0.03	208	238992	买盘
09:43:25	11.46	--	41	46986	卖盘
09:43:19	11.46	--	382	437966	卖盘
09:43:14	11.46	0.01	2055	2355030	中性盘
09:43:10	11.45	-0.01	40	45800	卖盘
09:43:04	11.46	--	168	192528	买盘
09:42:59	11.46	--	95	108870	买盘
09:42:55	11.46	0.01	23	26358	买盘
09:42:49	11.45	-0.01	525	601125	卖盘
09:42:44	11.46	0.01	26	29796	买盘
09:42:39	11.45	-0.01	152	174040	卖盘
09:42:34	11.46	--	88	100848	卖盘
09:42:24	11.46	--	5	5730	卖盘
09:42:19	11.46	0.01	102	116892	买盘
09:42:14	11.45	--	119	136255	卖盘
09:42:04	11.45	0.01	80	91600	卖盘
09:41:59	11.44	--	322	368368	卖盘
09:41:54	11.44	-0.01	24	27456	卖盘
09:41:49	11.45	--	17	19465	买盘
09:41:44	11.45	--	110	125949	买盘
09:41:39	11.45	--	64	73280	买盘
09:41:34	11.45	--	155	177475	买盘
09:41:29	11.45	--	408	467160	卖盘
09:41:24	11.45	-0.01	30	34350	卖盘
09:41:19	11.46	--	234	268164	买盘
09:41:14	11.46	0.01	91	104286	买盘
09:41:09	11.45	-0.01	67	76715	卖盘
09:41:04	11.46	--	69	79074	买盘
09:40:59	11.46	--	30	34380	买盘
09:40:54	11.46	-0.01	154	176484	卖盘
09:40:49	11.47	--	77	88319	买盘
09:40:44	11.47	0.01	33	37851	买盘
09:40:39	11.46	-0.01	128	146688	卖盘
09:40:34	11.47	-0.01	7	8029	买盘
09:40:29	11.48	--	294	337512	买盘
09:40:24	11.48	--	102	117096	买盘
09:40:19	11.48	--	107	122836	买盘
09:40:14	11.48	--	31	35588	买盘
09:40:09	11.48	-0.02	507	582036	卖盘
09:40:04	11.5	--	95	109250	买盘
09:39:59	11.5	--	12	13800	买盘
09:39:54	11.5	--	34	39100	买盘
09:39:49	11.5	--	110	126500	买盘
09:39:44	11.5	-0.01	1367	1572050	卖盘
09:39:39	11.51	--	150	172661	卖盘
09:39:34	11.51	--	26	29926	卖盘
09:39:28	11.51	--	245	281995	卖盘
09:39:24	11.51	--	134	154234	卖盘
09:39:19	11.51	--	4	4604	卖盘
09:39:13	11.51	--	12	13812	卖盘
09:39:09	11.51	-0.01	61	70211	卖盘
09:38:58	11.52	0.01	28	32256	买盘
09:38:54	11.51	-0.01	148	170348	卖盘
09:38:49	11.52	0.01	20	23040	买盘
09:38:43	11.51	-0.01	11	12661	卖盘
09:38:39	11.52	--	41	47232	卖盘
09:38:34	11.52	--	6	6912	卖盘
09:38:28	11.52	0.01	41	47232	买盘
09:38:24	11.51	-0.01	67	77117	卖盘
09:38:19	11.52	0.01	11	12672	买盘
09:38:13	11.51	-0.02	1018	1171718	卖盘
09:38:09	11.53	--	294	338982	买盘
09:38:04	11.53	0.01	72	83016	买盘
09:37:58	11.52	-0.01	61	70272	卖盘
09:37:54	11.53	-0.01	69	79557	卖盘
09:37:49	11.54	0.02	43	49621	买盘
09:37:43	11.52	-0.01	182	209664	卖盘
09:37:39	11.53	--	151	174103	买盘
09:37:34	11.53	--	41	47273	买盘
09:37:28	11.53	--	102	117606	买盘
09:37:23	11.53	-0.01	252	290556	卖盘
09:37:19	11.54	--	80	92320	买盘
09:37:13	11.54	0.01	60	69240	买盘
09:37:08	11.53	-0.01	71	81863	卖盘
09:37:04	11.54	--	2	2308	买盘
09:36:58	11.54	--	76	87704	买盘
09:36:53	11.54	0.02	98	113091	买盘
09:36:49	11.52	--	6	6912	卖盘
09:36:43	11.52	--	101	117492	卖盘
09:36:38	11.52	-0.01	10	11520	中性盘
09:36:34	11.53	--	110	126830	买盘
09:36:28	11.53	0.02	210	242130	买盘
09:36:23	11.51	--	21	24171	卖盘
09:36:18	11.51	0.01	31	35681	中性盘
09:36:13	11.5	--	75	86250	卖盘
09:36:08	11.5	--	42	48300	卖盘
09:35:58	11.5	--	57	65550	买盘
09:35:53	11.5	--	56	64400	买盘
09:35:48	11.5	0.01	5	5750	买盘
09:35:43	11.49	--	11	12639	卖盘
09:35:38	11.49	0.01	20	22980	中性盘
09:35:33	11.48	--	110	126280	卖盘
09:35:28	11.48	-0.02	183	210084	卖盘
09:35:23	11.5	0.01	45	51750	买盘
09:35:18	11.49	0.01	28	32172	买盘
09:35:13	11.48	-0.01	479	549892	卖盘
09:35:08	11.49	-0.01	63	72387	中性盘
09:35:03	11.5	--	5	5750	买盘
09:34:58	11.5	0.01	433	497950	买盘
09:34:53	11.49	-0.01	300	344700	卖盘
09:34:48	11.5	--	226	259900	买盘
09:34:43	11.5	--	108	124200	买盘
09:34:38	11.5	0.01	183	210450	买盘
09:34:33	11.49	-0.01	104	119496	卖盘
09:34:28	11.5	--	42	48300	买盘
09:34:23	11.5	--	39	44850	买盘
09:34:18	11.5	--	275	316250	买盘
09:34:13	11.5	--	227	261050	卖盘
09:34:08	11.5	--	311	357650	卖盘
09:34:03	11.5	-0.01	165	189750	卖盘
09:33:58	11.51	0.01	8	9208	买盘
09:33:53	11.5	--	21	24150	卖盘
09:33:48	11.5	-0.01	32	36800	卖盘
09:33:43	11.51	--	83	95533	买盘
09:33:38	11.51	--	7	8057	买盘
09:33:33	11.51	-0.02	480	552480	卖盘
09:33:28	11.53	0.01	26	29978	买盘
09:33:23	11.52	-0.01	91	104832	卖盘
09:33:18	11.53	--	5	5765	买盘
09:33:13	11.53	--	143	165490	卖盘
09:33:07	11.53	-0.01	87	100852	卖盘
09:33:03	11.54	--	38	43852	买盘
09:32:57	11.54	--	5	5770	买盘
09:32:52	11.54	--	2	2308	买盘
09:32:48	11.54	--	203	234261	卖盘
09:32:43	11.54	-0.01	8	9232	卖盘
09:32:37	11.55	0.01	52	60060	买盘
09:32:33	11.54	--	28	32311	卖盘
09:32:22	11.54	--	12	13847	卖盘
09:32:18	11.54	--	11	12693	卖盘
09:32:13	11.54	0.01	45	51929	卖盘
09:32:07	11.53	-0.01	30	34590	卖盘
09:32:03	11.54	0.02	103	118861	买盘
09:31:58	11.52	-0.03	234	269568	卖盘
09:31:52	11.55	--	0	0	买盘
09:31:48	11.55	0.02	101	116655	买盘
09:31:43	11.53	--	10	11530	买盘
09:31:37	11.53	-0.01	212	244770	卖盘
09:31:33	11.54	--	44	50775	买盘
09:31:27	11.54	--	6	6923	买盘
09:31:22	11.54	-0.01	240	277779	卖盘
09:31:17	11.55	--	48	55440	买盘
09:31:07	11.55	--	19	21945	买盘
09:31:02	11.55	-0.03	254	293370	卖盘
09:30:57	11.58	0.02	5	5790	买盘
09:30:52	11.56	-0.02	14	16184	卖盘
09:30:47	11.58	--	13	15054	买盘
09:30:32	11.58	--	0	0	买盘
09:30:28	11.58	--	117	135486	买盘
09:30:22	11.58	0.02	18	20844	买盘
09:30:17	11.56	-0.02	31	35836	卖盘
09:30:07	11.58	-0.01	1090	1262220	卖盘
09:30:02	11.59	0.01	477	552843	买盘
09:28:40	11.58	--	0	0	卖盘
09:25:07	11.58	11.58	409	473622	买盘
