成交时间	成交价	价格变动	成交量(手)	成交额(元)	性质
15:00:00	9.04	--	0	0	卖盘
15:00:00	9.04	-0.01	0	0	卖盘
14:59:59	9.05	0.01	74	66970	买盘
14:59:53	9.04	--	24	21695	卖盘
14:59:49	9.04	--	16	14463	卖盘
14:59:44	9.04	--	24	21695	卖盘
14:59:38	9.04	-0.01	59	53335	卖盘
14:59:29	9.05	0.01	244	220820	买盘
14:59:23	9.04	--	8	7231	卖盘
14:59:19	9.04	--	32	28927	卖盘
14:59:14	9.04	-0.01	272	245887	买盘
14:59:08	9.05	0.01	20	18100	买盘
14:59:04	9.04	--	90	81640	卖盘
14:58:53	9.04	--	2	1807	卖盘
14:58:49	9.04	-0.01	4	3615	卖盘
14:58:44	9.05	0.01	75	67875	买盘
14:58:38	9.04	--	382	345327	卖盘
14:58:34	9.04	-0.01	149	134696	卖盘
14:58:29	9.05	0.01	334	302270	买盘
14:58:23	9.04	-0.01	147	132888	卖盘
14:58:14	9.05	--	76	68780	买盘
14:58:08	9.05	--	287	259735	买盘
14:58:04	9.05	--	36	32580	买盘
14:57:59	9.05	--	18	16290	买盘
14:57:53	9.05	--	102	92310	买盘
14:57:49	9.05	--	224	202720	买盘
14:57:44	9.05	0.01	837	757485	买盘
14:57:38	9.04	-0.01	40	36160	卖盘
14:57:34	9.05	0.01	16	14480	买盘
14:57:29	9.04	-0.01	12	10847	卖盘
14:57:23	9.05	0.01	365	330325	买盘
14:57:14	9.04	--	38	34352	卖盘
14:57:08	9.04	--	110	100063	买盘
14:57:04	9.04	--	60	54239	买盘
14:56:59	9.04	0.01	15	13559	买盘
14:56:53	9.03	-0.01	10	9030	卖盘
14:56:49	9.04	--	108	97631	买盘
14:56:44	9.04	--	410	370639	买盘
14:56:38	9.04	--	30	27119	买盘
14:56:34	9.04	--	41	37064	买盘
14:56:29	9.04	--	52	47007	买盘
14:56:23	9.04	--	26	23503	买盘
14:56:19	9.04	--	350	316399	买盘
14:56:14	9.04	--	330	298464	卖盘
14:56:08	9.04	--	6	5423	卖盘
14:56:04	9.04	0.01	15	14319	买盘
14:55:59	9.03	-0.01	300	270900	卖盘
14:55:53	9.04	0.01	401	362503	买盘
14:55:49	9.03	--	23	20769	卖盘
14:55:44	9.03	--	10	9030	卖盘
14:55:38	9.03	--	142	128225	卖盘
14:55:34	9.03	-0.01	17	15350	卖盘
14:55:29	9.04	0.01	1000	903999	买盘
14:55:23	9.03	-0.01	56	50568	卖盘
14:55:14	9.04	0.01	9	8135	买盘
14:55:08	9.03	--	174	157122	卖盘
14:55:04	9.03	-0.01	1	902	卖盘
14:54:59	9.04	0.01	303	273912	买盘
14:54:44	9.03	--	82	74046	买盘
14:54:38	9.03	0.01	87	78561	买盘
14:54:34	9.02	-0.01	32	28864	卖盘
14:54:29	9.03	--	250	225749	买盘
14:54:23	9.03	--	194	175182	买盘
14:54:19	9.03	--	10	9030	买盘
14:54:14	9.03	0.01	22	19866	买盘
14:54:08	9.02	-0.01	1	902	卖盘
14:53:58	9.03	0.01	12	10836	买盘
14:53:53	9.02	-0.01	143	128986	卖盘
14:53:43	9.03	0.01	130	117389	买盘
14:53:38	9.02	--	36	32472	卖盘
14:53:32	9.02	--	19	17138	卖盘
14:53:28	9.02	-0.01	33	29766	卖盘
14:53:23	9.03	--	20	18060	买盘
14:53:17	9.03	0.01	25	22575	买盘
14:53:13	9.02	-0.01	35	31570	卖盘
14:53:08	9.03	--	269	242906	买盘
14:53:02	9.03	--	10	9030	买盘
14:52:53	9.03	--	234	211301	买盘
14:52:43	9.03	--	20	18060	买盘
14:52:32	9.03	--	110	99330	买盘
14:52:17	9.03	--	9	8126	买盘
14:52:13	9.03	0.01	45	40635	买盘
14:52:08	9.02	--	217	195734	卖盘
14:52:02	9.02	-0.01	5	4708	卖盘
14:51:58	9.03	--	26	23478	买盘
14:51:53	9.03	--	122	110165	买盘
14:51:47	9.03	--	327	295281	卖盘
14:51:43	9.03	--	71	64112	卖盘
14:51:38	9.03	--	684	617652	卖盘
14:51:32	9.03	--	38	34314	卖盘
14:51:23	9.03	--	43	38829	卖盘
14:51:17	9.03	--	34	30701	卖盘
14:51:13	9.03	0.01	23	20769	买盘
14:51:08	9.02	-0.01	308	277816	卖盘
14:51:02	9.03	--	480	433439	买盘
14:50:58	9.03	--	56	50568	买盘
14:50:53	9.03	--	8	7223	买盘
14:50:47	9.03	--	573	517418	买盘
14:50:38	9.03	--	92	83076	买盘
14:50:32	9.03	0.01	133	120098	买盘
14:50:23	9.02	--	10	9020	卖盘
14:50:13	9.02	--	300	270600	卖盘
14:50:08	9.02	--	2	1804	卖盘
14:50:02	9.02	-0.01	22	19844	卖盘
14:49:47	9.03	0.01	16	14447	买盘
14:49:43	9.02	-0.01	4	3608	卖盘
14:49:38	9.03	0.01	49	44247	买盘
14:49:32	9.02	--	18	16236	卖盘
14:49:28	9.02	--	9	8118	卖盘
14:49:23	9.02	--	50	45100	卖盘
14:49:17	9.02	--	90	81180	买盘
14:49:13	9.02	0.01	42	37884	买盘
14:49:08	9.01	-0.01	31	27931	卖盘
14:49:02	9.02	--	177	159654	卖盘
14:48:58	9.02	--	8	7216	卖盘
14:48:53	9.02	--	8	7216	卖盘
14:48:47	9.02	--	46	41492	买盘
14:48:43	9.02	-0.01	106	95612	买盘
14:48:38	9.03	0.01	91	82173	买盘
14:48:32	9.02	--	46	41492	卖盘
14:48:23	9.02	0.01	147	132900	买盘
14:48:17	9.01	--	20	18020	卖盘
14:48:08	9.01	--	39	35139	卖盘
14:48:02	9.01	-0.01	12	10812	卖盘
14:47:58	9.02	--	127	114554	卖盘
14:47:53	9.02	--	371	334642	卖盘
14:47:47	9.02	-0.01	4	3608	卖盘
14:47:43	9.03	0.01	23	20769	买盘
14:47:38	9.02	--	73	65846	买盘
14:47:32	9.02	-0.01	452	407704	卖盘
14:47:28	9.03	0.01	362	326886	买盘
14:47:22	9.02	--	40	36080	卖盘
14:47:17	9.02	--	40	36080	卖盘
14:47:11	9.02	-0.01	3	2706	卖盘
14:47:07	9.03	0.01	14	12642	买盘
14:47:02	9.02	--	49	44198	卖盘
14:46:56	9.02	--	20	18040	买盘
14:46:52	9.02	0.01	5	4510	买盘
14:46:47	9.01	-0.01	14	12614	卖盘
14:46:32	9.02	--	10	9020	买盘
14:46:26	9.02	0.01	100	90200	买盘
14:46:22	9.01	-0.01	23	20723	卖盘
14:46:17	9.02	--	100	90200	买盘
14:46:11	9.02	--	24	21648	买盘
14:46:07	9.02	--	251	226402	买盘
14:46:02	9.02	--	36	32472	卖盘
14:45:47	9.02	--	8	7216	卖盘
14:45:41	9.02	--	59	53218	卖盘
14:45:32	9.02	--	94	84788	买盘
14:45:22	9.02	--	6	5412	卖盘
14:45:17	9.02	--	4	3608	买盘
14:45:11	9.02	-0.01	16	14432	卖盘
14:45:07	9.03	0.01	109	98427	买盘
14:45:02	9.02	--	23	20746	买盘
14:44:56	9.02	--	5	4510	买盘
14:44:52	9.02	--	14	12736	卖盘
14:44:47	9.02	0.01	88	80169	买盘
14:44:41	9.01	-0.01	81	72981	卖盘
14:44:32	9.02	--	50	45100	买盘
14:44:26	9.02	--	323	291346	买盘
14:44:11	9.02	--	9	8118	买盘
14:44:07	9.02	--	8	7216	买盘
14:44:02	9.02	--	100	90200	买盘
14:43:41	9.02	0.01	137	123574	买盘
14:43:22	9.01	--	153	137853	卖盘
14:43:17	9.01	-0.01	20	18020	卖盘
14:43:11	9.02	--	3	2706	买盘
14:43:07	9.02	--	7	6314	买盘
14:42:47	9.02	0.01	25	22550	买盘
14:42:41	9.01	--	7	6307	卖盘
14:42:37	9.01	-0.01	9	8109	卖盘
14:42:32	9.02	--	5	4510	买盘
14:42:17	9.02	--	260	234520	买盘
14:42:11	9.02	--	6	5412	买盘
14:42:07	9.02	0.01	12	10824	买盘
14:42:02	9.01	-0.01	16	14416	卖盘
14:41:56	9.02	0.01	145	130790	买盘
14:41:52	9.01	--	104	93704	卖盘
14:41:47	9.01	--	157	141457	卖盘
14:41:41	9.01	--	30	27030	卖盘
14:41:37	9.01	--	4	3604	卖盘
14:41:32	9.01	-0.01	55	49555	卖盘
14:41:26	9.02	0.01	6	5412	买盘
14:41:22	9.01	-0.01	10	9010	卖盘
14:41:17	9.02	0.01	100	90200	买盘
14:41:11	9.01	-0.01	47	42347	中性盘
14:41:06	9.02	0.02	8	7216	买盘
14:41:01	9.0	-0.02	8	7200	卖盘
14:40:50	9.02	0.02	204	184008	买盘
14:40:46	9.0	-0.02	24	21600	卖盘
14:40:41	9.02	--	289	260678	卖盘
14:40:31	9.02	--	123	110946	卖盘
14:40:26	9.02	-0.01	4	3608	卖盘
14:40:16	9.03	--	24	21672	买盘
14:40:11	9.03	--	6	5418	买盘
14:40:05	9.03	0.02	18	16253	买盘
14:40:01	9.01	-0.01	97	87397	卖盘
14:39:46	9.02	--	153	138006	买盘
14:39:35	9.02	--	150	135300	买盘
14:39:31	9.02	0.01	63	56826	买盘
14:39:26	9.01	-0.01	100	90100	卖盘
14:39:20	9.02	--	42	37884	买盘
14:39:11	9.02	--	116	104632	买盘
14:39:05	9.02	0.01	7	6314	买盘
14:38:50	9.01	-0.01	19	17119	卖盘
14:38:46	9.02	--	50	45100	买盘
14:38:20	9.02	--	23	20746	买盘
14:38:11	9.02	--	6	5412	买盘
14:38:05	9.02	--	15	13530	买盘
14:38:01	9.02	--	72	64944	买盘
14:37:56	9.02	--	3	2706	买盘
14:37:46	9.02	0.01	3	2706	买盘
14:37:41	9.01	--	50	45050	卖盘
14:37:31	9.01	-0.01	6	5406	买盘
14:37:20	9.02	--	0	0	买盘
14:37:11	9.02	--	6	5412	买盘
14:37:05	9.02	-0.01	8	7216	买盘
14:36:56	9.03	--	60	54179	买盘
14:36:35	9.03	--	0	0	买盘
14:36:31	9.03	0.03	66	59597	买盘
14:36:26	9.0	--	103	92700	买盘
14:36:20	9.0	--	1	900	买盘
14:36:16	9.0	--	11	9900	买盘
14:36:11	9.0	--	55	49500	买盘
14:36:05	9.0	--	36	32400	买盘
14:36:01	9.0	-0.02	604	544302	卖盘
14:35:50	9.02	--	78	70356	卖盘
14:35:41	9.02	--	30	27060	卖盘
14:35:35	9.02	--	17	15334	卖盘
14:35:26	9.02	--	7	6314	卖盘
14:35:20	9.02	--	202	182204	买盘
14:35:16	9.02	--	10	9020	买盘
14:35:11	9.02	--	17	15334	买盘
14:35:05	9.02	-0.01	27	24354	卖盘
14:34:50	9.03	0.01	6	5418	买盘
14:34:29	9.02	-0.01	49	44928	卖盘
14:34:20	9.03	--	500	451499	卖盘
14:34:10	9.03	-0.01	21	18963	卖盘
14:34:05	9.04	0.01	48	43391	买盘
14:33:50	9.03	--	54	48762	卖盘
14:33:40	9.03	0.02	156	141039	买盘
14:33:29	9.01	-0.02	50	45050	卖盘
14:33:25	9.03	0.02	3	2709	买盘
14:33:20	9.01	-0.01	120	108120	卖盘
14:33:14	9.02	-0.01	14	12628	卖盘
14:33:10	9.03	--	6	5418	买盘
14:33:05	9.03	--	8	7223	买盘
14:32:59	9.03	--	7	7052	卖盘
14:32:55	9.03	0.02	192	173547	买盘
14:32:50	9.01	-0.01	1	901	卖盘
14:32:44	9.02	-0.01	6	5412	中性盘
14:32:35	9.03	0.02	108	97524	买盘
14:32:29	9.01	--	204	183804	卖盘
14:32:25	9.01	--	16	14416	卖盘
14:32:20	9.01	-0.01	121	109219	卖盘
14:32:14	9.02	-0.01	183	165796	卖盘
14:32:10	9.03	--	6	5418	买盘
14:32:05	9.03	0.01	253	228458	买盘
14:31:59	9.02	--	18	16236	卖盘
14:31:55	9.02	--	77	69454	卖盘
14:31:44	9.02	-0.01	7	6314	卖盘
14:31:35	9.03	--	39	35217	买盘
14:31:29	9.03	--	33	29798	卖盘
14:31:25	9.03	--	39	35217	卖盘
14:31:14	9.03	-0.01	35	31604	中性盘
14:31:10	9.04	0.01	6	5423	买盘
14:31:05	9.03	-0.01	25	22575	卖盘
14:30:59	9.04	--	126	113903	买盘
14:30:50	9.04	0.01	28	25311	买盘
14:30:44	9.03	--	65	58694	卖盘
14:30:40	9.03	--	95	85785	买盘
14:30:35	9.03	--	3	2709	买盘
14:30:29	9.03	0.01	29	26186	买盘
14:30:20	9.02	-0.01	32	28864	卖盘
14:30:14	9.03	--	87	78732	买盘
14:30:10	9.03	--	6	5418	买盘
14:30:05	9.03	0.01	195	176085	买盘
14:29:59	9.02	-0.01	15	13530	卖盘
14:29:55	9.03	--	29	26186	买盘
14:29:44	9.03	--	128	115583	买盘
14:29:40	9.03	0.01	336	303408	买盘
14:29:35	9.02	--	48	43296	买盘
14:29:29	9.02	-0.01	76	68552	卖盘
14:29:20	9.03	0.01	29	26186	买盘
14:29:14	9.02	--	90	81180	买盘
14:29:10	9.02	--	37	33374	买盘
14:29:05	9.02	--	12	10824	买盘
14:28:59	9.02	--	27	24354	买盘
14:28:49	9.02	--	29	26158	买盘
14:28:39	9.02	-0.01	50	45100	卖盘
14:28:35	9.03	--	26	23478	买盘
14:28:29	9.03	--	127	114680	买盘
14:28:24	9.03	--	0	0	买盘
14:28:19	9.03	--	42	37926	买盘
14:28:14	9.03	--	29	26186	买盘
14:28:08	9.03	--	16	14447	买盘
14:28:04	9.03	0.01	217	195951	买盘
14:27:53	9.02	0.01	29	26158	买盘
14:27:49	9.01	-0.01	15	13515	卖盘
14:27:44	9.02	-0.01	32	28864	中性盘
14:27:34	9.03	--	50	45150	买盘
14:27:29	9.03	--	38	34314	买盘
14:27:19	9.03	0.01	29	26186	买盘
14:27:14	9.02	--	100	90200	买盘
14:27:08	9.02	--	31	27962	买盘
14:27:04	9.02	--	104	93808	买盘
14:26:59	9.02	-0.01	59	53218	买盘
14:26:49	9.03	0.02	27	24381	买盘
14:26:44	9.01	-0.02	45	40545	卖盘
14:26:38	9.03	--	129	116486	买盘
14:26:34	9.03	--	0	0	买盘
14:26:23	9.03	--	34	30701	买盘
14:26:14	9.03	--	33	29798	买盘
14:26:08	9.03	--	508	458723	买盘
14:26:04	9.03	0.01	29	26186	买盘
14:25:53	9.02	--	45	40590	卖盘
14:25:49	9.02	--	4	3608	卖盘
14:25:44	9.02	--	38	34276	卖盘
14:25:38	9.02	-0.01	28	25256	卖盘
14:25:29	9.03	--	30	27089	买盘
14:25:19	9.03	--	27	24381	买盘
14:25:14	9.03	--	17	15350	买盘
14:25:08	9.03	--	64	57791	买盘
14:24:59	9.03	0.01	32	28895	买盘
14:24:49	9.02	-0.02	10	9020	卖盘
14:24:44	9.04	0.01	33	29831	买盘
14:24:38	9.03	0.01	49	44247	买盘
14:24:34	9.02	--	20	18040	卖盘
14:24:29	9.02	-0.01	4	3608	卖盘
14:24:23	9.03	-0.01	28	25284	卖盘
14:24:14	9.04	--	25	22599	买盘
14:24:08	9.04	0.02	30	27119	买盘
14:24:04	9.02	-0.02	34	30668	卖盘
14:23:59	9.04	0.02	105	94919	买盘
14:23:53	9.02	-0.01	36	32472	卖盘
14:23:44	9.03	--	77	69531	买盘
14:23:38	9.03	--	27	24381	买盘
14:23:34	9.03	--	4	3611	买盘
14:23:29	9.03	--	112	101136	卖盘
14:23:23	9.03	-0.01	4	3611	卖盘
14:23:19	9.04	0.01	29	26215	买盘
14:23:14	9.03	-0.01	46	41538	卖盘
14:23:08	9.04	--	64	57855	买盘
14:23:04	9.04	--	3	2711	买盘
14:22:59	9.04	--	160	144640	买盘
14:22:49	9.04	--	95	85879	买盘
14:22:43	9.04	--	25	22599	买盘
14:22:34	9.04	0.01	28	25311	买盘
14:22:29	9.03	-0.01	20	18060	卖盘
14:22:23	9.04	0.01	29	26215	买盘
14:22:14	9.03	--	35	31604	买盘
14:22:08	9.03	--	519	468656	买盘
14:21:59	9.03	--	51	46053	买盘
14:21:53	9.03	--	104	93912	买盘
14:21:38	9.03	--	29	26186	买盘
14:21:28	9.03	--	27	24381	买盘
14:21:23	9.03	--	9	8126	买盘
14:21:17	9.03	--	30	27089	买盘
14:21:13	9.03	--	19	17157	买盘
14:21:08	9.03	--	48	43344	买盘
14:20:53	9.03	--	30	27089	买盘
14:20:43	9.03	--	29	26186	买盘
14:20:38	9.03	--	3	2709	买盘
14:20:32	9.03	--	28	25284	买盘
14:20:28	9.03	--	9	8126	买盘
14:20:23	9.03	--	32	28895	买盘
14:20:13	9.03	--	48	43344	买盘
14:20:08	9.03	--	18	16253	买盘
14:20:02	9.03	--	28	25284	买盘
14:19:53	9.03	-0.01	531	479492	卖盘
14:19:47	9.04	0.01	27	24407	买盘
14:19:43	9.03	-0.01	26	23478	卖盘
14:19:38	9.04	0.01	29	26215	买盘
14:19:32	9.03	-0.01	55	49665	卖盘
14:19:28	9.04	0.01	28	25311	买盘
14:19:23	9.03	0.01	11	9933	买盘
14:19:17	9.02	--	60	54120	卖盘
14:19:13	9.02	--	50	45100	卖盘
14:19:08	9.02	--	59	53218	卖盘
14:19:02	9.02	--	12	10824	卖盘
14:18:58	9.02	--	4	3608	卖盘
14:18:53	9.02	-0.01	104	93808	卖盘
14:18:47	9.03	--	30	27089	买盘
14:18:43	9.03	0.01	50	45150	买盘
14:18:38	9.02	-0.01	28	25256	卖盘
14:18:32	9.03	--	67	60500	买盘
14:18:28	9.03	--	38	34314	买盘
14:18:23	9.03	--	29	26186	买盘
14:18:17	9.03	0.01	493	445178	买盘
14:18:13	9.02	-0.01	8	7216	卖盘
14:18:08	9.03	0.01	104	93912	买盘
14:18:02	9.02	-0.01	59	53218	卖盘
14:17:58	9.03	0.01	77	69531	买盘
14:17:53	9.02	-0.01	4	3608	卖盘
14:17:47	9.03	--	29	26186	买盘
14:17:38	9.03	--	29	26186	买盘
14:17:32	9.03	--	21	18963	买盘
14:17:28	9.03	0.01	30	27089	买盘
14:17:17	9.02	--	87	78474	买盘
14:17:13	9.02	--	30	27060	买盘
14:17:08	9.02	--	115	103730	买盘
14:17:02	9.02	--	31	27962	买盘
14:16:58	9.02	--	1	902	买盘
14:16:53	9.02	--	33	29766	买盘
14:16:47	9.02	-0.01	24	21648	卖盘
14:16:43	9.03	--	28	25284	买盘
14:16:37	9.03	0.01	104	93912	买盘
14:16:32	9.02	--	50	45100	卖盘
14:16:28	9.02	-0.01	7	6314	卖盘
14:16:22	9.03	--	29	26186	买盘
14:16:13	9.03	--	19	17157	买盘
14:16:08	9.03	0.01	72	65015	买盘
14:16:02	9.02	--	90	81180	买盘
14:15:58	9.02	--	49	44198	买盘
14:15:47	9.02	--	146	131692	买盘
14:15:37	9.02	--	25	22550	买盘
14:15:32	9.02	--	3	2706	买盘
14:15:23	9.02	--	35	31570	买盘
14:15:17	9.02	--	45	40590	买盘
14:15:12	9.02	--	40	36080	买盘
14:15:07	9.02	--	232	209264	买盘
14:15:02	9.02	0.01	51	46002	买盘
14:14:56	9.01	-0.01	20	18020	卖盘
14:14:52	9.02	0.01	44	39688	买盘
14:14:47	9.01	--	10	9010	卖盘
14:14:41	9.01	--	50	45050	卖盘
14:14:37	9.01	--	50	45050	买盘
14:14:32	9.01	0.01	25	22525	买盘
14:14:26	9.0	0.01	20	18000	卖盘
14:14:17	8.99	-0.01	208	186992	卖盘
14:14:11	9.0	--	36	32400	买盘
14:14:07	9.0	--	60	54000	买盘
14:14:02	9.0	--	21	18900	买盘
14:13:56	9.0	--	31	27900	买盘
14:13:52	9.0	--	9	8100	买盘
14:13:47	9.0	--	84	75600	买盘
14:13:41	9.0	--	16	14400	买盘
14:13:37	9.0	--	0	0	买盘
14:13:32	9.0	--	41	36900	买盘
14:13:26	9.0	--	39	35100	买盘
14:13:11	9.0	-0.01	145	130500	卖盘
14:13:02	9.01	--	33	29733	买盘
14:12:56	9.01	--	10	9010	买盘
14:12:52	9.01	0.01	30	27030	买盘
14:12:47	9.0	-0.01	3	2700	卖盘
14:12:41	9.01	0.01	36	32436	买盘
14:12:37	9.0	-0.01	10	9000	卖盘
14:12:32	9.01	--	3	2703	买盘
14:12:26	9.01	--	37	33337	买盘
14:12:17	9.01	0.01	37	33337	买盘
14:12:11	9.0	0.01	273	245700	买盘
14:12:07	8.99	--	34	30566	买盘
14:12:02	8.99	-0.01	100	89900	中性盘
14:11:56	9.0	0.01	73	65700	买盘
14:11:47	8.99	--	29	26071	买盘
14:11:32	8.99	--	26	23374	买盘
14:11:26	8.99	0.01	10	8990	买盘
14:11:22	8.98	-0.01	40	35920	卖盘
14:11:16	8.99	0.01	39	35366	买盘
14:11:11	8.98	--	52	46696	买盘
14:11:07	8.98	--	19	17062	买盘
14:11:02	8.98	-0.01	172	154456	卖盘
14:10:56	8.99	--	20	17980	买盘
14:10:47	8.99	--	44	39556	买盘
14:10:41	8.99	0.01	27	24273	买盘
14:10:37	8.98	--	4	3592	卖盘
14:10:31	8.98	--	151	135598	买盘
14:10:26	8.98	--	150	134700	买盘
14:10:22	8.98	--	1	898	买盘
14:10:16	8.98	--	126	113148	买盘
14:10:11	8.98	--	136	122128	买盘
14:10:07	8.98	0.01	31	27838	买盘
14:10:02	8.97	-0.01	20	17940	卖盘
14:09:56	8.98	-0.01	551	494798	卖盘
14:09:41	8.99	-0.01	136	122264	卖盘
14:09:36	9.0	0.01	16	14400	买盘
14:09:31	8.99	-0.01	35	31465	卖盘
14:09:26	9.0	--	10	9000	买盘
14:09:21	9.0	-0.01	29	26100	买盘
14:09:16	9.01	0.01	67	60367	买盘
14:09:11	9.0	--	43	38700	中性盘
14:09:07	9.0	--	36	32400	卖盘
14:09:01	9.0	-0.01	35	31500	卖盘
14:08:56	9.01	--	10	9010	买盘
14:08:51	9.01	--	0	0	买盘
14:08:46	9.01	0.01	29	26129	买盘
14:08:41	9.0	-0.01	47	42300	卖盘
14:08:36	9.01	0.01	41	36941	买盘
14:08:31	9.0	-0.01	39	35100	卖盘
14:08:26	9.01	0.01	36	32436	买盘
14:08:16	9.0	-0.01	52	46800	卖盘
14:08:11	9.01	0.01	8	7208	买盘
14:08:05	9.0	--	18	16200	卖盘
14:08:01	9.0	--	55	49500	卖盘
14:07:56	9.0	-0.01	41	36900	卖盘
14:07:46	9.01	--	20	18020	买盘
14:07:41	9.01	--	108	97308	买盘
14:07:31	9.01	0.01	33	29733	买盘
14:07:26	9.0	-0.01	173	155700	卖盘
14:07:20	9.01	0.01	58	52258	买盘
14:07:16	9.0	-0.01	11	9900	卖盘
14:07:11	9.01	--	42	37842	买盘
14:07:01	9.01	--	8	7208	买盘
14:06:56	9.01	--	84	75684	买盘
14:06:46	9.01	0.01	29	26129	买盘
14:06:41	9.0	-0.01	5	4698	卖盘
14:06:35	9.01	--	41	36941	买盘
14:06:26	9.01	--	328	295528	买盘
14:06:16	9.01	0.01	33	29733	买盘
14:06:11	9.0	-0.01	100	90000	卖盘
14:06:05	9.01	0.01	63	56763	买盘
14:06:01	9.0	--	8	7200	卖盘
14:05:56	9.0	-0.01	17	15300	卖盘
14:05:50	9.01	0.01	25	22525	买盘
14:05:46	9.0	-0.01	6	5400	卖盘
14:05:41	9.01	0.01	29	26129	买盘
14:05:31	9.0	--	39	35100	卖盘
14:05:26	9.0	--	118	106308	买盘
14:05:20	9.0	--	97	87300	买盘
14:05:16	9.0	-0.01	1864	1678392	卖盘
14:05:11	9.01	--	39	35139	买盘
14:05:05	9.01	-0.01	444	400638	卖盘
14:04:56	9.02	0.01	230	207460	买盘
14:04:50	9.01	-0.01	171	154071	卖盘
14:04:35	9.02	0.01	100	90200	买盘
14:04:31	9.01	--	789	710889	卖盘
14:04:26	9.01	-0.01	17	15317	卖盘
14:04:20	9.02	--	55	49610	买盘
14:04:16	9.02	--	3	2706	买盘
14:04:11	9.02	0.01	4	3608	买盘
14:04:05	9.01	-0.01	37	33643	卖盘
14:04:01	9.02	--	437	394174	卖盘
14:03:50	9.02	--	26	23452	卖盘
14:03:35	9.02	-0.01	10	9020	卖盘
14:03:25	9.03	--	10	9030	买盘
14:03:20	9.03	--	20	18060	买盘
14:03:15	9.03	0.01	8	7223	买盘
14:03:05	9.02	-0.01	312	281424	卖盘
14:02:55	9.03	--	113	102039	买盘
14:02:50	9.03	--	5	4515	买盘
14:02:35	9.03	-0.01	43	38829	卖盘
14:02:31	9.04	--	12	10847	买盘
14:02:25	9.04	--	10	9040	买盘
14:02:20	9.04	0.01	32	28927	买盘
14:02:16	9.03	-0.01	11	9933	卖盘
14:02:10	9.04	--	3	2711	买盘
14:02:05	9.04	--	16	14463	买盘
14:01:55	9.04	0.01	4	3615	买盘
14:01:50	9.03	--	110	99330	卖盘
14:01:45	9.03	--	77	69531	买盘
14:01:35	9.03	-0.01	103	93009	卖盘
14:01:25	9.04	--	40	36160	买盘
14:01:20	9.04	--	32	28927	买盘
14:01:10	9.04	--	79	71416	买盘
14:01:05	9.04	0.01	4	3615	买盘
14:00:55	9.03	--	19	17157	卖盘
14:00:44	9.03	-0.01	8	7223	卖盘
14:00:25	9.04	--	10	9040	买盘
14:00:20	9.04	--	23	20791	买盘
14:00:10	9.04	--	3	2711	买盘
14:00:05	9.04	--	4	3615	买盘
13:59:59	9.04	0.01	5	4520	买盘
13:59:50	9.03	-0.01	15	13544	卖盘
13:59:35	9.04	--	19	17176	买盘
13:59:20	9.04	--	37	33448	买盘
13:59:14	9.04	--	23	20791	买盘
13:59:10	9.04	--	10	9040	买盘
13:59:05	9.04	--	6	5423	买盘
13:58:59	9.04	--	23	20791	买盘
13:58:55	9.04	--	15	13559	买盘
13:58:44	9.04	--	5	4520	买盘
13:58:35	9.04	--	2	1807	买盘
13:58:20	9.04	0.01	23	20791	买盘
13:58:14	9.03	-0.01	10	9030	卖盘
13:58:10	9.04	--	6	5423	买盘
13:58:05	9.04	0.01	4	3615	买盘
13:57:54	9.03	--	90	81270	买盘
13:57:44	9.03	--	56	50568	买盘
13:57:40	9.03	--	1	902	买盘
13:57:20	9.03	--	20	18060	买盘
13:57:10	9.03	--	122	110165	买盘
13:57:05	9.03	--	8	7223	买盘
13:56:59	9.03	--	28	25284	买盘
13:56:44	9.03	--	1	902	买盘
13:56:19	9.03	--	43	38829	买盘
13:56:14	9.03	--	51	46053	买盘
13:56:09	9.03	0.01	10	9030	买盘
13:56:04	9.02	--	5	4510	卖盘
13:55:59	9.02	-0.01	10	9020	卖盘
13:55:55	9.03	--	15	13544	买盘
13:55:49	9.03	0.01	2	1805	买盘
13:55:44	9.02	-0.01	7	6314	卖盘
13:55:19	9.03	--	3	2709	买盘
13:55:10	9.03	--	16	14447	买盘
13:55:04	9.03	0.01	4	3611	买盘
13:54:49	9.02	-0.01	25	22550	卖盘
13:54:44	9.03	--	10	9030	买盘
13:54:39	9.03	0.01	5	4515	买盘
13:54:24	9.02	-0.01	1	902	卖盘
13:54:14	9.03	--	9	8126	买盘
13:54:08	9.03	--	14	12642	买盘
13:53:44	9.03	--	10	9030	买盘
13:53:29	9.03	--	4	3611	买盘
13:53:08	9.03	0.01	42	37926	买盘
13:53:04	9.02	--	13	11726	买盘
13:52:59	9.02	--	85	76670	买盘
13:52:53	9.02	--	50	45100	买盘
13:52:49	9.02	0.01	5	4510	买盘
13:52:44	9.01	-0.01	50	45050	卖盘
13:52:29	9.02	--	30	27060	买盘
13:52:23	9.02	--	30	27060	买盘
13:52:19	9.02	--	21	18942	买盘
13:52:14	9.02	--	1	902	买盘
13:52:08	9.02	--	20	18040	买盘
13:51:59	9.02	--	12	10824	买盘
13:51:53	9.02	0.01	30	27060	买盘
13:51:48	9.01	-0.01	21	18921	卖盘
13:51:44	9.02	--	5	4510	买盘
13:51:38	9.02	0.01	61	55022	买盘
13:51:34	9.01	-0.01	27	24327	卖盘
13:51:29	9.02	--	3	2706	买盘
13:51:23	9.02	--	11	9922	买盘
13:51:08	9.02	0.01	7	6314	买盘
13:51:04	9.01	--	40	36040	卖盘
13:50:59	9.01	-0.01	15	13515	卖盘
13:50:53	9.02	0.01	18	16236	买盘
13:50:48	9.01	-0.01	2	1802	卖盘
13:50:43	9.02	0.01	9	8118	买盘
13:50:38	9.01	--	42	37842	卖盘
13:50:29	9.01	--	2	1802	卖盘
13:50:23	9.01	--	9	8109	卖盘
13:50:18	9.01	-0.01	70	63070	卖盘
13:50:13	9.02	0.01	3	2706	买盘
13:50:08	9.01	--	111	100011	卖盘
13:50:03	9.01	-0.01	16	14416	卖盘
13:49:59	9.02	--	51	46002	买盘
13:49:53	9.02	--	8	7216	买盘
13:49:44	9.02	--	1	902	买盘
13:49:38	9.02	--	6	5412	卖盘
13:49:34	9.02	--	10	9020	卖盘
13:49:28	9.02	-0.01	113	101926	卖盘
13:49:23	9.03	0.01	3	2709	买盘
13:49:19	9.02	-0.01	6	5412	卖盘
13:49:08	9.03	0.01	4	3611	买盘
13:48:58	9.02	-0.02	45	40590	卖盘
13:48:53	9.04	0.02	8	7231	买盘
13:48:48	9.02	-0.01	2387	2153074	卖盘
13:48:38	9.03	--	70	63209	卖盘
13:48:33	9.03	-0.01	145	130934	卖盘
13:48:18	9.04	0.01	4	3615	买盘
13:48:13	9.03	-0.01	140	126419	卖盘
13:48:08	9.04	0.01	192	173567	买盘
13:48:03	9.03	-0.01	97	87591	卖盘
13:47:58	9.04	--	35	31639	买盘
13:47:53	9.04	0.01	8	7231	买盘
13:47:48	9.03	--	10	9030	卖盘
13:47:43	9.03	--	40	36120	卖盘
13:47:33	9.03	--	12	10836	卖盘
13:47:13	9.03	-0.01	7	6321	卖盘
13:47:08	9.04	--	7	6327	买盘
13:46:53	9.04	--	121	110034	卖盘
13:46:47	9.04	--	21	18984	卖盘
13:46:17	9.04	--	5	4773	买盘
13:46:13	9.04	--	100	90399	买盘
13:46:08	9.04	--	30	27119	买盘
13:46:02	9.04	--	3	2711	买盘
13:45:58	9.04	--	190	171759	买盘
13:45:53	9.04	--	16	14463	买盘
13:45:32	9.04	--	13	11751	买盘
13:45:17	9.04	--	26	23503	买盘
13:45:12	9.04	--	3	2711	买盘
13:45:08	9.04	--	30	27119	买盘
13:45:02	9.04	--	100	90399	买盘
13:44:53	9.04	--	11	9943	买盘
13:44:47	9.04	--	196	177834	卖盘
13:44:27	9.04	-0.01	50	45199	卖盘
13:44:17	9.05	--	1	905	买盘
13:44:08	9.05	--	10	9050	买盘
13:44:02	9.05	--	4	3620	买盘
13:43:53	9.05	0.01	8	7240	买盘
13:43:47	9.04	--	601	543304	卖盘
13:43:38	9.04	--	5	4520	卖盘
13:43:32	9.04	--	0	0	卖盘
13:43:17	9.04	-0.01	9	8135	卖盘
13:43:12	9.05	0.01	12	10860	买盘
13:43:07	9.04	-0.01	270	244079	卖盘
13:43:02	9.05	0.01	153	138465	买盘
13:42:53	9.04	--	42	37968	卖盘
13:42:32	9.04	-0.01	10	9040	卖盘
13:42:27	9.05	--	5	4525	买盘
13:42:22	9.05	--	44	39820	买盘
13:42:17	9.05	--	3	2715	买盘
13:42:12	9.05	--	6	5430	买盘
13:42:07	9.05	0.01	8	7240	买盘
13:41:57	9.04	-0.01	4	3615	卖盘
13:41:52	9.05	--	20	18100	买盘
13:41:47	9.05	--	134	121270	卖盘
13:41:42	9.05	-0.01	20	18100	卖盘
13:41:37	9.06	0.01	50	45300	买盘
13:41:32	9.05	-0.01	16	14480	卖盘
13:41:22	9.06	0.01	8	7248	买盘
13:41:17	9.05	-0.01	13	11765	卖盘
13:41:12	9.06	0.01	6	5436	买盘
13:41:07	9.05	-0.01	79	71495	卖盘
13:41:02	9.06	0.01	45	40770	买盘
13:40:52	9.05	--	6	5430	卖盘
13:40:47	9.05	-0.01	12	10860	卖盘
13:40:42	9.06	0.01	30	27180	买盘
13:40:37	9.05	--	70	63350	卖盘
13:40:32	9.05	--	5	4525	卖盘
13:40:22	9.05	-0.01	14	12670	卖盘
13:40:17	9.06	--	31	28086	买盘
13:40:11	9.06	--	6	5436	买盘
13:40:07	9.06	--	4	3624	买盘
13:40:02	9.06	--	64	57984	卖盘
13:39:56	9.06	--	12	10872	卖盘
13:39:52	9.06	--	208	188448	卖盘
13:39:47	9.06	--	493	446956	买盘
13:39:37	9.06	--	70	63420	买盘
13:39:32	9.06	--	63	57078	买盘
13:39:26	9.06	--	289	261834	买盘
13:39:22	9.06	--	28	25368	买盘
13:39:11	9.06	--	211	191166	买盘
13:39:07	9.06	--	28	25368	买盘
13:38:52	9.06	0.01	181	163986	买盘
13:38:32	9.05	-0.01	5	4525	卖盘
13:38:21	9.06	--	349	316194	买盘
13:38:17	9.06	--	10	9060	买盘
13:38:11	9.06	0.01	13	11778	买盘
13:38:06	9.05	-0.01	35	31675	卖盘
13:38:02	9.06	0.01	19	17214	买盘
13:37:56	9.05	--	7	6335	卖盘
13:37:51	9.05	-0.01	10	9050	卖盘
13:37:36	9.06	0.01	4	3624	买盘
13:37:17	9.05	-0.01	9	8145	卖盘
13:37:11	9.06	0.01	11	9966	买盘
13:37:06	9.05	--	189	171045	卖盘
13:37:02	9.05	--	8	7240	卖盘
13:36:56	9.05	-0.01	7	6335	卖盘
13:36:51	9.06	--	9	8154	买盘
13:36:31	9.06	--	1	906	买盘
13:36:11	9.06	0.01	47	42582	买盘
13:36:07	9.05	--	27	24435	卖盘
13:36:02	9.05	--	46	41630	卖盘
13:35:56	9.05	--	141	127605	卖盘
13:35:46	9.05	--	6	5430	卖盘
13:35:36	9.05	--	7	6335	卖盘
13:35:31	9.05	-0.01	5	4525	卖盘
13:35:26	9.06	0.01	7	6342	买盘
13:35:16	9.05	-0.01	10	9050	卖盘
13:35:11	9.06	0.01	11	9966	买盘
13:35:06	9.05	--	79	71495	卖盘
13:35:01	9.05	-0.01	12	10860	卖盘
13:34:56	9.06	0.01	2	1812	买盘
13:34:46	9.05	--	2	1810	卖盘
13:34:41	9.05	--	1	905	卖盘
13:34:31	9.05	-0.01	1	905	卖盘
13:34:21	9.06	--	19	17214	买盘
13:34:11	9.06	--	4	3624	买盘
13:34:06	9.06	--	9	8154	买盘
13:33:50	9.06	--	50	45300	买盘
13:33:46	9.06	--	33	29898	买盘
13:33:31	9.06	--	80	72480	买盘
13:33:26	9.06	--	14	12684	买盘
13:33:11	9.06	--	4	3624	买盘
13:33:05	9.06	--	6	5436	买盘
13:32:50	9.06	--	4	3624	买盘
13:32:31	9.06	--	4	3624	买盘
13:32:26	9.06	--	141	127746	买盘
13:32:20	9.06	--	24	21744	买盘
13:32:11	9.06	--	15	13590	买盘
13:32:05	9.06	0.01	38	34428	买盘
13:31:56	9.05	-0.01	5	4525	卖盘
13:31:50	9.06	0.01	3	2718	买盘
13:31:35	9.05	--	55	49775	卖盘
13:31:26	9.05	-0.01	10	9050	卖盘
13:31:15	9.06	0.01	4	3624	买盘
13:31:11	9.05	-0.01	31	28055	卖盘
13:31:05	9.06	0.01	20	18120	买盘
13:30:56	9.05	-0.01	5	4525	卖盘
13:30:35	9.06	0.01	1	906	买盘
13:30:30	9.05	--	95	85975	卖盘
13:30:26	9.05	--	1	905	卖盘
13:30:20	9.05	-0.01	6	5430	卖盘
13:30:10	9.06	--	9	8154	买盘
13:30:05	9.06	--	14	12684	买盘
13:29:56	9.06	--	2	1812	买盘
13:29:50	9.06	--	3	2718	买盘
13:29:40	9.06	0.01	300	271800	买盘
13:29:25	9.05	--	2	1810	卖盘
13:29:15	9.05	--	7	6335	买盘
13:29:10	9.05	--	57	51585	卖盘
13:29:05	9.05	--	83	75115	卖盘
13:28:40	9.05	-0.01	100	90500	卖盘
13:28:35	9.06	--	101	91506	买盘
13:28:25	9.06	--	70	63420	买盘
13:28:20	9.06	--	66	59796	买盘
13:28:10	9.06	--	18	16308	买盘
13:28:05	9.06	--	28	25368	买盘
13:28:00	9.06	--	3	2718	买盘
13:27:50	9.06	--	11	9966	买盘
13:27:40	9.06	--	16	14496	买盘
13:27:30	9.06	--	20	18120	买盘
13:27:25	9.06	0.01	90	81540	买盘
13:27:10	9.05	-0.01	95	85975	卖盘
13:27:05	9.06	--	9	8154	买盘
13:26:55	9.06	--	13	11778	买盘
13:26:10	9.06	--	5	4530	买盘
13:26:05	9.06	0.01	16	14496	买盘
13:25:59	9.05	--	3	2715	卖盘
13:25:55	9.05	--	1	905	卖盘
13:25:50	9.05	--	8	7240	卖盘
13:25:40	9.05	--	62	56110	卖盘
13:25:29	9.05	--	45	40725	卖盘
13:25:25	9.05	-0.01	403	364715	卖盘
13:25:20	9.06	--	576	521856	买盘
13:25:14	9.06	--	3	2718	买盘
13:25:09	9.06	--	29	26274	买盘
13:25:05	9.06	--	49	44394	买盘
13:24:59	9.06	0.01	20	18120	买盘
13:24:44	9.05	-0.01	2	1810	卖盘
13:24:39	9.06	0.01	15	13590	买盘
13:24:35	9.05	--	20	18100	卖盘
13:24:29	9.05	-0.01	16	14480	卖盘
13:24:24	9.06	--	2	1812	买盘
13:24:20	9.06	--	15	13590	买盘
13:24:14	9.06	--	15	13590	买盘
13:24:09	9.06	--	4	3624	买盘
13:24:04	9.06	0.01	5	4530	买盘
13:23:54	9.05	--	5	4525	卖盘
13:23:50	9.05	--	1	905	卖盘
13:23:44	9.05	--	68	61540	卖盘
13:23:35	9.05	--	4	3620	卖盘
13:23:24	9.05	--	38	34390	卖盘
13:23:20	9.05	--	4	3620	买盘
13:23:14	9.05	0.01	3	2715	买盘
13:23:09	9.04	-0.01	75	67800	卖盘
13:23:05	9.05	0.01	1	905	买盘
13:22:59	9.04	-0.01	49	44295	卖盘
13:22:49	9.05	--	15	13575	买盘
13:22:44	9.05	--	24	21720	买盘
13:22:35	9.05	--	1	905	买盘
13:22:29	9.05	0.01	248	224440	买盘
13:22:20	9.04	-0.02	4	3615	卖盘
13:22:14	9.06	0.02	3	2718	买盘
13:22:09	9.04	-0.01	392	354367	卖盘
13:22:04	9.05	0.01	5	4525	买盘
13:21:54	9.04	-0.01	45	40679	卖盘
13:21:49	9.05	--	18	16290	买盘
13:21:44	9.05	--	5	4525	买盘
13:21:39	9.05	0.01	20	18100	卖盘
13:21:29	9.04	--	0	0	卖盘
13:21:24	9.04	-0.01	244	220575	卖盘
13:21:19	9.05	--	36	32580	买盘
13:21:14	9.05	--	20	18100	买盘
13:21:04	9.05	-0.01	33	29865	买盘
13:20:59	9.06	--	5	4530	买盘
13:20:54	9.06	--	400	363007	买盘
13:20:39	9.06	--	3	2718	买盘
13:20:34	9.06	--	9	8154	买盘
13:20:29	9.06	--	4	3624	买盘
13:20:19	9.06	--	10	9060	买盘
13:20:14	9.06	0.01	3	2718	买盘
13:19:59	9.05	-0.01	4	3620	卖盘
13:19:53	9.06	0.01	23	20838	买盘
13:19:49	9.05	-0.01	52	47060	卖盘
13:19:44	9.06	--	1	906	买盘
13:19:34	9.06	0.01	5	4530	买盘
13:19:29	9.05	--	100	90500	卖盘
13:19:19	9.05	-0.01	6	5430	卖盘
13:19:14	9.06	--	14	12684	买盘
13:19:08	9.06	--	8	7248	买盘
13:19:04	9.06	-0.01	241	218346	卖盘
13:18:48	9.07	0.01	56	50792	买盘
13:18:44	9.06	--	1	906	卖盘
13:18:34	9.06	-0.01	30	27180	卖盘
13:18:29	9.07	0.02	4	3628	买盘
13:18:23	9.05	--	506	457930	卖盘
13:18:14	9.05	--	50	45250	卖盘
13:18:03	9.05	-0.01	20	18100	卖盘
13:17:59	9.06	0.01	5	4530	卖盘
13:17:53	9.05	--	0	0	卖盘
13:17:48	9.05	-0.02	1000	905000	卖盘
13:17:44	9.07	0.01	40	36280	买盘
13:17:33	9.06	--	5	4530	卖盘
13:17:29	9.06	-0.01	25	22650	卖盘
13:17:14	9.07	--	13	11791	买盘
13:17:08	9.07	--	10	9070	买盘
13:17:03	9.07	--	41	37187	买盘
13:16:58	9.07	0.01	15	13605	买盘
13:16:53	9.06	-0.01	64	57984	卖盘
13:16:38	9.07	0.01	245	222215	买盘
13:16:18	9.06	--	46	41676	买盘
13:16:14	9.06	--	4	3624	买盘
13:16:08	9.06	0.01	34	30804	买盘
13:16:03	9.05	-0.01	25	22625	卖盘
13:15:48	9.06	-0.01	3	2718	买盘
13:15:44	9.07	--	0	0	买盘
13:15:38	9.07	--	178	161446	买盘
13:15:28	9.07	0.01	10	9070	买盘
13:15:13	9.06	-0.01	510	462060	卖盘
13:15:08	9.07	0.01	5	4535	买盘
13:15:03	9.06	--	3	2718	卖盘
13:14:58	9.06	-0.01	17	15402	卖盘
13:14:43	9.07	--	593	537851	买盘
13:14:38	9.07	0.01	10	9070	买盘
13:14:28	9.06	--	2	1812	卖盘
13:14:23	9.06	-0.02	23	20838	卖盘
13:14:08	9.08	0.01	44	39952	买盘
13:14:03	9.07	-0.01	45	40815	卖盘
13:13:58	9.08	--	15	13620	买盘
13:13:53	9.08	0.01	85	77180	买盘
13:13:48	9.07	-0.01	10	9070	卖盘
13:13:43	9.08	--	30	27240	买盘
13:13:38	9.08	--	62	56296	买盘
13:13:33	9.08	--	49	44492	买盘
13:13:28	9.08	0.01	14	12712	买盘
13:13:23	9.07	--	34	30838	卖盘
13:13:17	9.07	--	40	36280	卖盘
13:13:13	9.07	--	16	14512	卖盘
13:13:02	9.07	-0.01	31	28117	卖盘
13:12:58	9.08	0.01	61	55388	买盘
13:12:53	9.07	-0.01	19	17233	卖盘
13:12:43	9.08	0.01	5	4540	买盘
13:12:38	9.07	-0.01	10	9070	中性盘
13:12:32	9.08	0.01	337	305996	买盘
13:12:28	9.07	--	213	193191	卖盘
13:12:23	9.07	--	637	577759	卖盘
13:12:17	9.07	-0.01	5	4535	卖盘
13:12:13	9.08	--	10	9080	买盘
13:12:08	9.08	--	114	103512	买盘
13:12:02	9.08	--	73	66284	买盘
13:11:58	9.08	0.01	3	2724	买盘
13:11:53	9.07	-0.01	3	2721	中性盘
13:11:47	9.08	0.01	500	454000	买盘
13:11:38	9.07	--	130	117910	买盘
13:11:32	9.07	--	51	46257	卖盘
13:11:27	9.07	-0.01	25	22675	中性盘
13:11:23	9.08	0.01	580	526640	买盘
13:11:17	9.07	--	190	173155	卖盘
13:11:12	9.07	--	103	93421	卖盘
13:11:08	9.07	--	86	78083	买盘
13:11:02	9.07	--	93	84351	买盘
13:10:57	9.07	--	6	5442	买盘
13:10:53	9.07	--	50	45350	买盘
13:10:47	9.07	-0.01	134	122363	卖盘
13:10:42	9.08	--	15	13620	买盘
13:10:38	9.08	--	101	91708	买盘
13:10:32	9.08	0.01	33	29964	买盘
13:10:27	9.07	-0.01	20	18140	卖盘
13:10:23	9.08	0.01	112	101696	买盘
13:10:17	9.07	--	86	78083	买盘
13:10:12	9.07	0.01	100	90700	买盘
13:10:08	9.06	-0.01	12	10872	卖盘
13:10:02	9.07	0.01	1802	1634414	买盘
13:09:53	9.06	--	123	111438	卖盘
13:09:47	9.06	--	34	30804	卖盘
13:09:42	9.06	--	62	56172	卖盘
13:09:37	9.06	--	298	269988	买盘
13:09:32	9.06	--	309	279954	买盘
13:09:17	9.06	--	217	196602	买盘
13:09:07	9.06	--	33	29898	买盘
13:09:02	9.06	--	240	217440	买盘
13:08:57	9.06	--	40	36240	买盘
13:08:52	9.06	0.01	20	18120	买盘
13:08:47	9.05	--	2046	1851928	买盘
13:08:38	9.05	0.01	2	1810	买盘
13:08:32	9.04	-0.01	21	18984	卖盘
13:08:22	9.05	--	118	106790	买盘
13:08:17	9.05	--	21	19005	买盘
13:08:12	9.05	--	1	905	买盘
13:08:07	9.05	0.01	7	6335	买盘
13:08:02	9.04	-0.01	29	26215	卖盘
13:07:57	9.05	--	42	38010	买盘
13:07:47	9.05	0.01	21	19005	买盘
13:07:37	9.04	--	10	9040	卖盘
13:07:32	9.04	-0.01	39	35256	卖盘
13:07:07	9.05	0.01	4	3620	买盘
13:07:02	9.04	--	64	57855	卖盘
13:06:52	9.04	--	96	87037	买盘
13:06:37	9.04	--	50	45199	买盘
13:06:32	9.04	--	32	28927	买盘
13:06:26	9.04	--	913	825351	买盘
13:06:07	9.04	0.01	173	156391	买盘
13:06:02	9.03	--	20	18060	卖盘
13:05:52	9.03	--	44	39732	卖盘
13:05:37	9.03	--	10	9030	卖盘
13:05:32	9.03	0.01	63	56888	买盘
13:05:21	9.02	-0.01	8	7216	卖盘
13:05:17	9.03	--	14	12642	买盘
13:05:06	9.03	--	114	102941	买盘
13:05:02	9.03	--	10	9030	买盘
13:04:56	9.03	--	26	23478	买盘
13:04:51	9.03	--	37	33411	卖盘
13:04:47	9.03	--	110	99330	卖盘
13:04:36	9.03	--	28	25284	卖盘
13:04:32	9.03	--	18	16253	卖盘
13:04:21	9.03	--	60	54179	卖盘
13:04:16	9.03	-0.01	67	60500	卖盘
13:04:11	9.04	0.01	11	9943	买盘
13:04:01	9.03	--	336	303408	卖盘
13:03:51	9.03	--	9	8126	卖盘
13:03:46	9.03	-0.01	10	9030	卖盘
13:03:41	9.04	0.01	31	28023	买盘
13:03:31	9.03	-0.01	183	165249	卖盘
13:03:21	9.04	--	5	4520	买盘
13:03:11	9.04	--	3	2711	买盘
13:03:06	9.04	0.01	4	3615	买盘
13:03:01	9.03	--	70	63209	卖盘
13:02:56	9.03	--	126	113777	卖盘
13:02:41	9.03	--	48	43344	卖盘
13:02:31	9.03	-0.01	18	16253	卖盘
13:02:21	9.04	0.01	1	903	买盘
13:02:16	9.03	--	8	7223	卖盘
13:02:11	9.03	-0.01	5	4515	卖盘
13:02:06	9.04	0.01	7	6327	买盘
13:02:01	9.03	--	19	17157	卖盘
13:01:36	9.03	--	1	902	卖盘
13:01:31	9.03	--	18	16253	卖盘
13:01:26	9.03	--	26	23478	买盘
13:01:11	9.03	--	3	2709	买盘
13:01:06	9.03	0.01	4	3611	买盘
13:01:01	9.02	--	19	17138	卖盘
13:00:46	9.02	--	6	5412	卖盘
13:00:31	9.02	--	21	18942	卖盘
13:00:20	9.02	-0.01	2	1804	卖盘
13:00:16	9.03	--	37	33411	买盘
13:00:11	9.03	--	53	47859	买盘
13:00:05	9.03	0.01	539	486716	卖盘
13:00:01	9.02	--	19	17138	卖盘
11:30:00	9.02	--	0	0	卖盘
11:30:00	9.02	--	0	0	卖盘
11:30:00	9.02	-0.01	503	453706	卖盘
11:29:52	9.03	0.01	104	93912	买盘
11:29:37	9.02	-0.01	16	14432	卖盘
11:29:27	9.03	0.01	300	270900	买盘
11:29:01	9.02	--	40	36080	卖盘
11:28:57	9.02	-0.01	482	434764	卖盘
11:28:52	9.03	--	1	902	买盘
11:28:16	9.03	--	3	2709	买盘
11:28:07	9.03	--	10	9030	买盘
11:28:01	9.03	--	2	1805	买盘
11:27:57	9.03	--	211	190533	买盘
11:27:52	9.03	--	29	26186	买盘
11:27:37	9.03	--	3	2709	买盘
11:27:31	9.03	0.01	5	4515	买盘
11:27:22	9.02	-0.01	11	9922	卖盘
11:27:16	9.03	0.01	11	9933	买盘
11:26:57	9.02	-0.01	20	18040	卖盘
11:26:52	9.03	0.01	1	902	买盘
11:26:46	9.02	--	1	902	卖盘
11:26:31	9.02	--	32	28864	卖盘
11:26:25	9.02	--	5	4510	卖盘
11:26:10	9.02	--	388	349976	买盘
11:25:55	9.02	--	3	2706	买盘
11:25:52	9.02	--	39	35178	买盘
11:25:46	9.02	0.01	20	18040	买盘
11:25:21	9.01	-0.01	48	43248	卖盘
11:25:10	9.02	--	3	2706	买盘
11:25:07	9.02	0.02	44	39688	买盘
11:25:01	9.0	-0.01	1	900	卖盘
11:24:55	9.01	--	16	14416	买盘
11:24:51	9.01	0.01	50	45050	买盘
11:24:46	9.0	-0.01	24	21600	卖盘
11:24:40	9.01	--	50	45050	买盘
11:24:36	9.01	--	158	142358	买盘
11:24:31	9.01	--	104	93704	买盘
11:24:25	9.01	0.01	151	136051	买盘
11:24:16	9.0	--	28	25200	卖盘
11:24:10	9.0	--	14	12600	卖盘
11:24:06	9.0	-0.01	3	2700	卖盘
11:24:01	9.01	0.01	86	77594	买盘
11:23:55	9.0	--	4	3600	买盘
11:23:46	9.0	0.01	133	119700	买盘
11:23:40	8.99	0.01	32	28768	中性盘
11:23:36	8.98	-0.02	5	4490	卖盘
11:23:31	9.0	--	29	26100	买盘
11:23:25	9.0	--	238	214200	买盘
11:23:21	9.0	0.01	319	287100	买盘
11:23:16	8.99	-0.01	345	310946	卖盘
11:23:10	9.0	--	24	21600	买盘
11:23:01	9.0	--	124	111600	买盘
11:22:55	9.0	--	99	89100	买盘
11:22:51	9.0	--	30	27000	买盘
11:22:46	9.0	--	109	98100	买盘
11:22:36	9.0	0.01	10	9000	买盘
11:22:31	8.99	--	64	57536	卖盘
11:22:25	8.99	--	74	66526	卖盘
11:22:21	8.99	--	6	5394	卖盘
11:22:16	8.99	-0.01	40	35960	卖盘
11:22:10	9.0	0.01	23	20700	买盘
11:22:01	8.99	-0.01	33	29667	卖盘
11:21:55	9.0	0.01	62	55800	买盘
11:21:46	8.99	-0.01	45	40455	卖盘
11:21:40	9.0	0.01	15	13500	买盘
11:21:36	8.99	--	107	96300	买盘
11:21:31	8.99	--	1	899	买盘
11:21:25	8.99	--	239	214861	买盘
11:21:21	8.99	-0.01	152	137439	卖盘
11:21:16	9.0	--	201	180900	卖盘
11:21:10	9.0	--	55	49500	卖盘
11:21:06	9.0	--	7	6300	卖盘
11:21:01	9.0	--	10	9000	卖盘
11:20:55	9.0	--	249	224100	买盘
11:20:51	9.0	0.01	119	107100	买盘
11:20:46	8.99	--	11	9889	卖盘
11:20:40	8.99	--	78	70229	买盘
11:20:31	8.99	--	61	55630	卖盘
11:20:25	8.99	-0.01	18	16182	卖盘
11:20:21	9.0	0.01	1	900	买盘
11:20:16	8.99	--	251	225649	卖盘
11:20:10	8.99	-0.01	210	188790	卖盘
11:20:04	9.0	0.01	38	34200	买盘
11:20:01	8.99	-0.01	23	20677	卖盘
11:19:55	9.0	--	291	261900	买盘
11:19:49	9.0	--	1	900	买盘
11:19:30	9.0	-0.01	273	245700	卖盘
11:19:25	9.01	--	65	58565	买盘
11:19:10	9.01	--	4	3604	买盘
11:19:04	9.01	--	63	56763	买盘
11:19:00	9.01	0.01	37	33337	买盘
11:18:55	9.0	-0.01	28	25200	卖盘
11:18:40	9.01	--	35	31535	买盘
11:18:25	9.01	--	12	10812	买盘
11:18:19	9.01	--	40	36040	买盘
11:18:10	9.01	--	161	145061	买盘
11:18:04	9.01	--	237	213537	卖盘
11:18:00	9.01	-0.01	20	18020	卖盘
11:17:45	9.02	0.01	10	9020	买盘
11:17:40	9.01	-0.01	24	21624	卖盘
11:17:30	9.02	--	1	902	买盘
11:17:25	9.02	--	9	8118	买盘
11:17:10	9.02	0.01	31	27962	买盘
11:17:04	9.01	-0.01	44	39644	卖盘
11:17:00	9.02	--	1	902	买盘
11:16:49	9.02	--	2	1804	买盘
11:16:45	9.02	0.01	20	18040	买盘
11:16:30	9.01	--	28	25228	买盘
11:16:25	9.01	--	50	45050	买盘
11:16:15	9.01	--	49	44149	买盘
11:16:10	9.01	--	10	9010	买盘
11:16:04	9.01	--	42	37842	买盘
11:15:55	9.01	--	62	55862	买盘
11:15:49	9.01	--	1	901	买盘
11:15:45	9.01	-0.01	45	40545	卖盘
11:15:40	9.02	0.01	121	109142	买盘
11:15:19	9.01	-0.01	21	18921	卖盘
11:15:10	9.02	--	11	9922	买盘
11:15:04	9.02	0.01	125	112750	买盘
11:15:00	9.01	-0.01	50	45050	卖盘
11:14:49	9.02	--	16	14432	买盘
11:14:40	9.02	0.01	20	18040	买盘
11:14:34	9.01	--	35	31535	卖盘
11:14:30	9.01	--	15	13515	买盘
11:14:19	9.01	--	81	72981	买盘
11:14:15	9.01	-0.01	14	12614	卖盘
11:14:10	9.02	0.01	40	36080	买盘
11:14:04	9.01	--	20	18020	买盘
11:13:49	9.01	0.02	12	10812	买盘
11:13:45	8.99	-0.02	313	281387	卖盘
11:13:40	9.01	0.01	57	51357	买盘
11:13:34	9.0	--	45	40500	买盘
11:13:28	9.0	-0.01	49	44100	卖盘
11:13:25	9.01	--	6	5406	买盘
11:13:19	9.01	0.01	30	27030	买盘
11:13:10	9.0	-0.01	115	103500	卖盘
11:13:04	9.01	--	108	97308	买盘
11:12:58	9.01	0.01	19	17119	买盘
11:12:49	9.0	-0.01	20	18000	卖盘
11:12:43	9.01	0.01	1	901	买盘
11:12:39	9.0	--	248	223200	买盘
11:12:28	9.0	--	1	900	买盘
11:12:24	9.0	--	12	10800	买盘
11:12:13	9.0	--	20	18000	买盘
11:12:04	9.0	--	15	13500	买盘
11:11:49	9.0	--	34	30600	买盘
11:11:39	9.0	0.01	103	92700	买盘
11:11:34	8.99	-0.01	31	27869	卖盘
11:11:28	9.0	--	1	900	买盘
11:11:24	9.0	--	86	77400	买盘
11:11:19	9.0	0.01	51	45900	买盘
11:11:09	8.99	-0.02	500	449500	卖盘
11:11:04	9.01	0.01	198	178398	买盘
11:10:58	9.0	--	113	101700	卖盘
11:10:54	9.0	--	28	25200	卖盘
11:10:49	9.0	--	352	316800	卖盘
11:10:43	9.0	--	29	26100	卖盘
11:10:39	9.0	--	5	4500	卖盘
11:10:34	9.0	--	12	10800	卖盘
11:10:28	9.0	--	40	36000	卖盘
11:10:24	9.0	-0.01	6	5400	卖盘
11:10:19	9.01	--	4	3604	买盘
11:10:13	9.01	--	94	84694	卖盘
11:10:04	9.01	--	26	23426	卖盘
11:09:58	9.01	--	41	36941	卖盘
11:09:54	9.01	--	17	15317	卖盘
11:09:49	9.01	--	109	98209	卖盘
11:09:43	9.01	--	2	1802	卖盘
11:09:34	9.01	-0.01	7	6307	卖盘
11:09:28	9.02	--	55	49610	买盘
11:09:13	9.02	--	1	902	买盘
11:09:04	9.02	--	185	166870	买盘
11:08:54	9.02	--	73	65846	卖盘
11:08:49	9.02	--	99	89298	买盘
11:08:43	9.02	--	59	53218	买盘
11:08:39	9.02	--	0	0	买盘
11:08:34	9.02	--	9	8118	买盘
11:08:28	9.02	--	7	6314	买盘
11:08:24	9.02	--	20	18040	买盘
11:08:19	9.02	--	114	102828	卖盘
11:08:13	9.02	--	12	10824	卖盘
11:08:04	9.02	0.03	12	10824	买盘
11:07:58	8.99	-0.03	5	4495	卖盘
11:07:54	9.02	0.03	10	9020	买盘
11:07:49	8.99	-0.02	1762	1584038	卖盘
11:07:43	9.01	-0.02	1670	1504670	卖盘
11:07:34	9.03	--	21	18963	买盘
11:07:28	9.03	--	61	55082	买盘
11:07:24	9.03	0.01	7	6321	买盘
11:07:19	9.02	--	9	8118	卖盘
11:07:13	9.02	-0.01	36	32472	卖盘
11:07:09	9.03	--	1	902	买盘
11:07:04	9.03	--	13	11739	买盘
11:06:58	9.03	0.01	1	902	买盘
11:06:52	9.02	-0.01	20	18040	卖盘
11:06:43	9.03	--	2	1805	买盘
11:06:37	9.03	--	6	5418	买盘
11:06:34	9.03	-0.01	22	19866	卖盘
11:06:28	9.04	0.01	134	121135	买盘
11:06:22	9.03	-0.01	297	268191	卖盘
11:06:18	9.04	0.01	16	14463	买盘
11:06:13	9.03	--	122	110165	卖盘
11:06:03	9.03	--	20	18060	卖盘
11:05:58	9.03	-0.01	50	45150	卖盘
11:05:52	9.04	0.01	46	41583	买盘
11:05:48	9.03	-0.01	54	48762	卖盘
11:05:43	9.04	0.01	403	364311	买盘
11:05:37	9.03	-0.01	10	9030	卖盘
11:05:33	9.04	--	20	18080	买盘
11:05:28	9.04	--	386	349594	卖盘
11:05:18	9.04	-0.01	108	97631	卖盘
11:05:13	9.05	0.01	3	2715	买盘
11:05:07	9.04	-0.01	24	21695	卖盘
11:05:03	9.05	0.01	13	11765	买盘
11:04:48	9.04	-0.01	60	54239	卖盘
11:04:33	9.05	--	59	53395	买盘
11:04:22	9.05	--	200	181000	买盘
11:04:03	9.05	--	23	20815	买盘
11:03:58	9.05	--	5	4525	买盘
11:03:07	9.05	--	13	11765	买盘
11:03:03	9.05	0.01	5	4525	买盘
11:02:48	9.04	-0.01	511	461943	卖盘
11:02:43	9.05	--	12	10860	买盘
11:02:37	9.05	0.01	5	4525	买盘
11:02:33	9.04	--	232	209727	卖盘
11:02:22	9.04	--	226	204303	卖盘
11:02:07	9.04	-0.01	1	903	卖盘
11:01:52	9.05	--	423	382815	买盘
11:01:37	9.05	--	113	102265	卖盘
11:01:33	9.05	--	25	22625	卖盘
11:01:28	9.05	--	58	52490	卖盘
11:01:18	9.05	-0.01	36	32580	卖盘
11:01:13	9.06	--	736	666816	买盘
11:01:07	9.06	--	36	32616	买盘
11:01:03	9.06	--	4	3624	买盘
11:00:58	9.06	--	116	105096	买盘
11:00:52	9.06	0.01	127	115062	买盘
11:00:43	9.05	-0.01	12	10860	卖盘
11:00:37	9.06	0.01	75	67950	买盘
11:00:33	9.05	--	215	194575	买盘
11:00:28	9.05	--	511	462455	买盘
11:00:13	9.05	--	8	7240	买盘
10:59:52	9.05	--	10	9050	买盘
10:59:43	9.05	--	11	9955	买盘
10:59:37	9.05	0.01	100	90500	买盘
10:59:27	9.04	--	5	4520	卖盘
10:59:12	9.04	--	415	375413	买盘
10:59:01	9.04	--	82	74128	买盘
10:58:57	9.04	--	85	76840	买盘
10:58:52	9.04	0.01	8	7231	买盘
10:58:37	9.03	-0.01	45	40635	卖盘
10:58:22	9.04	0.01	150	135600	买盘
10:58:07	9.03	0.01	1	902	买盘
10:58:01	9.02	-0.01	1	902	卖盘
10:57:57	9.03	--	120	108359	卖盘
10:57:52	9.03	--	160	144480	卖盘
10:57:42	9.03	--	2	1805	卖盘
10:57:37	9.03	--	2	1805	卖盘
10:57:31	9.03	--	2	1805	卖盘
10:57:27	9.03	-0.01	69	62306	卖盘
10:57:22	9.04	--	0	0	买盘
10:57:16	9.04	0.01	23	20791	买盘
10:57:12	9.03	--	2	1805	买盘
10:57:07	9.03	-0.01	323	291669	卖盘
10:57:01	9.04	--	45	40679	买盘
10:56:52	9.04	--	2	1807	买盘
10:56:42	9.04	-0.01	144	130826	卖盘
10:56:37	9.05	--	3	2715	买盘
10:56:31	9.05	--	51	46155	买盘
10:56:22	9.05	--	1	905	买盘
10:56:16	9.05	--	10	9050	买盘
10:56:12	9.05	--	10	9050	买盘
10:56:07	9.05	0.01	28	25340	买盘
10:55:57	9.04	-0.01	10	9040	卖盘
10:55:52	9.05	--	79	71495	买盘
10:55:46	9.05	--	8	7240	买盘
10:55:37	9.05	--	17	15385	买盘
10:55:27	9.05	--	61	55205	买盘
10:55:22	9.05	--	307	277835	买盘
10:55:16	9.05	--	47	42535	买盘
10:55:07	9.05	0.01	215	194828	买盘
10:55:01	9.04	--	35	31639	买盘
10:54:57	9.04	--	30	27119	买盘
10:54:52	9.04	--	6	5423	买盘
10:54:46	9.04	--	10	9040	买盘
10:54:42	9.04	--	300	271200	买盘
10:54:37	9.04	--	1	903	买盘
10:54:31	9.04	--	10	9040	买盘
10:54:27	9.04	0.01	27	24407	买盘
10:54:16	9.03	-0.01	10	9030	卖盘
10:54:12	9.04	0.01	220	198879	买盘
10:54:07	9.03	--	37	33411	买盘
10:54:01	9.03	--	42	37926	卖盘
10:53:57	9.03	--	25	22575	卖盘
10:53:40	9.03	--	48	43344	买盘
10:53:36	9.03	--	128	115583	买盘
10:53:25	9.03	--	2	1805	买盘
10:53:21	9.03	--	94	84882	买盘
10:53:16	9.03	0.01	43	38829	买盘
10:53:06	9.02	--	37	33374	卖盘
10:52:55	9.02	--	5	4510	卖盘
10:52:51	9.02	--	67	60434	买盘
10:52:46	9.02	--	29	26158	买盘
10:52:40	9.02	--	21	18942	买盘
10:52:36	9.02	--	3	2706	买盘
10:52:31	9.02	--	10	9020	买盘
10:52:25	9.02	--	11	9922	买盘
10:52:16	9.02	--	1	902	买盘
10:52:06	9.02	0.01	10	9020	买盘
10:52:01	9.01	--	24	22119	买盘
10:51:51	9.01	--	10	9010	买盘
10:51:46	9.01	--	10	9010	买盘
10:51:31	9.01	-0.01	51	46356	卖盘
10:51:25	9.02	--	10	9020	买盘
10:51:16	9.02	--	26	23452	买盘
10:51:10	9.02	0.01	99	89298	买盘
10:51:06	9.01	--	26	23426	卖盘
10:50:55	9.01	-0.01	37	33337	卖盘
10:50:46	9.02	0.01	3	2706	买盘
10:50:36	9.01	-0.01	36	32436	卖盘
10:50:31	9.02	0.01	1	902	买盘
10:50:21	9.01	--	17	15317	卖盘
10:50:16	9.01	--	81	73476	卖盘
10:50:10	9.01	--	39	35139	卖盘
10:50:06	9.01	-0.01	3	2703	卖盘
10:50:01	9.02	0.01	1	902	买盘
10:49:51	9.01	-0.01	4	3604	中性盘
10:49:46	9.02	0.02	1	902	买盘
10:49:40	9.0	-0.02	25	22500	卖盘
10:49:31	9.02	0.01	95	85690	买盘
10:49:25	9.01	--	130	117130	卖盘
10:49:16	9.01	--	3	2703	卖盘
10:49:10	9.01	--	0	0	中性盘
10:49:06	9.01	0.01	1	901	买盘
10:48:55	9.0	-0.01	57	51300	卖盘
10:48:51	9.01	--	40	36040	卖盘
10:48:46	9.01	--	20	18020	卖盘
10:48:36	9.01	0.01	2	1802	买盘
10:48:31	9.0	-0.01	2	2268	卖盘
10:48:25	9.01	--	35	31535	卖盘
10:48:16	9.01	-0.01	87	78387	卖盘
10:48:10	9.02	0.01	5	4510	买盘
10:48:01	9.01	-0.01	2	1802	卖盘
10:47:55	9.02	0.01	3	2706	买盘
10:47:51	9.01	-0.01	1	901	卖盘
10:47:34	9.02	--	24	21648	买盘
10:47:25	9.02	--	1	902	买盘
10:47:16	9.02	0.01	1	902	买盘
10:47:01	9.01	--	16	14416	买盘
10:46:55	9.01	--	3	2703	买盘
10:46:49	9.01	--	5	4505	买盘
10:46:45	9.01	--	25	22525	买盘
10:46:34	9.01	--	36	32436	卖盘
10:46:25	9.01	--	14	12614	买盘
10:46:15	9.01	--	87	78387	买盘
10:46:10	9.01	--	6	5406	中性盘
10:46:00	9.01	-0.01	531	479295	卖盘
10:45:45	9.02	--	1	902	买盘
10:45:40	9.02	0.01	1	902	买盘
10:45:34	9.01	-0.01	10	9010	卖盘
10:45:25	9.02	0.01	1	902	买盘
10:45:19	9.01	-0.01	29	26129	卖盘
10:45:15	9.02	--	9	8118	买盘
10:45:00	9.02	--	9	8118	卖盘
10:44:55	9.02	--	7	6314	买盘
10:44:45	9.02	--	118	106436	中性盘
10:44:40	9.02	--	0	0	买盘
10:44:34	9.02	--	460	414920	卖盘
10:44:25	9.02	-0.01	50	45100	卖盘
10:44:19	9.03	0.01	40	36120	买盘
10:44:15	9.02	--	5	4510	卖盘
10:44:10	9.02	-0.01	91	82082	卖盘
10:44:04	9.03	--	11	9933	买盘
10:44:00	9.03	--	115	103844	买盘
10:43:49	9.03	--	9	8126	买盘
10:43:34	9.03	--	16	14447	买盘
10:43:30	9.03	0.01	5	4515	买盘
10:43:25	9.02	--	30	27060	卖盘
10:43:04	9.02	-0.01	295	266090	卖盘
10:42:55	9.03	--	1	902	买盘
10:42:49	9.03	--	64	57791	买盘
10:42:34	9.03	--	131	118292	买盘
10:42:30	9.03	0.01	16	14447	买盘
10:42:19	9.02	-0.01	40	36080	卖盘
10:42:04	9.03	--	5	4515	买盘
10:41:49	9.03	0.01	123	111114	买盘
10:41:40	9.02	--	71	64042	买盘
10:41:34	9.02	0.01	10	9020	买盘
10:41:25	9.01	-0.01	62	55862	卖盘
10:41:15	9.02	0.01	50	45100	买盘
10:41:04	9.01	-0.01	24	21624	卖盘
10:40:55	9.02	--	1	902	买盘
10:40:49	9.02	0.01	74	66748	买盘
10:40:43	9.01	--	5	4505	卖盘
10:40:34	9.01	-0.01	10	9010	卖盘
10:40:28	9.02	--	3	2706	买盘
10:40:24	9.02	0.01	10	9020	买盘
10:40:19	9.01	-0.01	20	18020	卖盘
10:40:09	9.02	--	4	3608	买盘
10:40:04	9.02	--	78	70356	买盘
10:39:58	9.02	--	1	902	买盘
10:39:54	9.02	0.01	50	45100	买盘
10:39:49	9.01	--	15	13515	卖盘
10:39:43	9.01	--	25	22525	卖盘
10:39:39	9.01	-0.01	21	18921	卖盘
10:39:34	9.02	0.01	20	18040	买盘
10:39:24	9.01	-0.01	3	2703	卖盘
10:39:19	9.02	--	559	504254	买盘
10:39:13	9.02	--	1	902	买盘
10:39:09	9.02	--	1	902	买盘
10:38:54	9.02	0.01	5	4510	买盘
10:38:49	9.01	-0.01	21	19776	卖盘
10:38:43	9.02	0.01	93	83931	买盘
10:38:34	9.01	--	136	122536	卖盘
10:38:28	9.01	--	0	0	卖盘
10:38:24	9.01	-0.01	166	149566	卖盘
10:38:19	9.02	0.01	6	5412	买盘
10:38:13	9.01	--	27	24327	卖盘
10:38:09	9.01	-0.01	15	13515	卖盘
10:38:04	9.02	--	86	77572	买盘
10:37:54	9.02	0.01	1	902	买盘
10:37:49	9.01	--	15	13515	卖盘
10:37:43	9.01	-0.01	28	25228	卖盘
10:37:34	9.02	--	165	148830	卖盘
10:37:28	9.02	-0.01	60	54120	卖盘
10:37:24	9.03	--	16	14447	买盘
10:37:19	9.03	--	505	456014	买盘
10:37:13	9.03	0.01	10	9030	买盘
10:37:04	9.02	--	81	73062	卖盘
10:36:58	9.02	--	85	76670	卖盘
10:36:54	9.02	--	11	9922	卖盘
10:36:49	9.02	--	25	22550	卖盘
10:36:43	9.02	-0.01	5	4510	卖盘
10:36:34	9.03	0.01	231	208592	买盘
10:36:19	9.02	--	11	9922	买盘
10:36:04	9.02	0.01	25	22550	买盘
10:35:58	9.01	--	10	9010	卖盘
10:35:54	9.01	-0.01	39	35139	卖盘
10:35:49	9.02	--	22	19844	买盘
10:35:43	9.02	-0.01	393	354486	卖盘
10:35:34	9.03	--	14	12642	买盘
10:35:28	9.03	0.01	111	100233	买盘
10:35:19	9.02	-0.01	10	9020	卖盘
10:35:13	9.03	--	5	4515	买盘
10:35:09	9.03	--	4	3611	买盘
10:35:04	9.03	--	577	521030	卖盘
10:34:58	9.03	--	1	902	卖盘
10:34:54	9.03	-0.01	15	13544	卖盘
10:34:49	9.04	--	76	68704	买盘
10:34:43	9.04	0.01	172	155487	买盘
10:34:33	9.03	-0.01	120	108359	卖盘
10:34:28	9.04	0.01	40	36160	买盘
10:34:13	9.03	--	11	9933	卖盘
10:34:03	9.03	-0.01	43	38829	卖盘
10:33:58	9.04	--	2	1807	买盘
10:33:49	9.04	--	17	15367	买盘
10:33:43	9.04	-0.01	318	288122	卖盘
10:33:33	9.05	--	1	905	买盘
10:33:28	9.05	0.01	120	108600	买盘
10:33:18	9.04	-0.01	134	121135	卖盘
10:33:03	9.05	0.01	13	11765	买盘
10:32:58	9.04	-0.01	80	72320	卖盘
10:32:48	9.05	--	13	11765	买盘
10:32:43	9.05	--	10	9050	买盘
10:32:37	9.05	--	22	19910	买盘
10:32:33	9.05	--	2	1810	买盘
10:32:28	9.05	0.01	13	11765	买盘
10:32:18	9.04	-0.01	11	9943	卖盘
10:32:13	9.05	--	31	28055	买盘
10:32:03	9.05	--	42	38010	买盘
10:31:48	9.05	--	238	215390	买盘
10:31:43	9.05	--	26	23530	卖盘
10:31:37	9.05	--	205	185525	卖盘
10:31:33	9.05	--	16	14480	卖盘
10:31:28	9.05	--	24	21720	卖盘
10:31:22	9.05	--	74	66970	卖盘
10:31:07	9.05	0.01	732	662460	买盘
10:31:03	9.04	-0.01	11	9943	卖盘
10:30:52	9.05	0.01	24	21720	买盘
10:30:43	9.04	--	20	18080	卖盘
10:30:37	9.04	--	65	59013	买盘
10:30:33	9.04	--	0	650	卖盘
10:30:28	9.04	0.01	24	21949	买盘
10:30:22	9.03	-0.01	88	79464	卖盘
10:30:13	9.04	0.01	1	903	买盘
10:30:07	9.03	-0.01	20	18060	卖盘
10:29:52	9.04	--	10	9040	买盘
10:29:43	9.04	--	1	903	买盘
10:29:33	9.04	--	5	4520	买盘
10:29:28	9.04	--	87	79298	卖盘
10:29:22	9.04	-0.01	115	103959	卖盘
10:29:13	9.05	--	8	7240	买盘
10:29:07	9.05	--	37	33485	买盘
10:29:03	9.05	--	866	783730	卖盘
10:28:58	9.05	-0.01	5	4525	卖盘
10:28:52	9.06	--	87	78822	卖盘
10:28:48	9.06	-0.01	31	28086	中性盘
10:28:43	9.07	0.01	505	458035	买盘
10:28:37	9.06	--	66	59796	买盘
10:28:33	9.06	--	104	94224	卖盘
10:28:28	9.06	--	174	157644	卖盘
10:28:22	9.06	--	33	29898	卖盘
10:28:18	9.06	--	412	373272	卖盘
10:28:13	9.06	--	125	113250	卖盘
10:28:07	9.06	--	45	40770	卖盘
10:28:03	9.06	0.01	20	18120	卖盘
10:27:58	9.05	-0.01	89	80545	卖盘
10:27:52	9.06	--	297	269082	买盘
10:27:46	9.06	--	22	19932	买盘
10:27:43	9.06	0.01	555	502830	买盘
10:27:37	9.05	-0.01	37	33485	卖盘
10:27:31	9.06	0.01	49	44394	买盘
10:27:27	9.05	--	34	30770	卖盘
10:27:22	9.05	--	158	142990	卖盘
10:27:13	9.05	--	221	200005	卖盘
10:27:07	9.05	--	1343	1215415	买盘
10:27:01	9.05	0.01	100	90500	买盘
10:26:57	9.04	0.01	406	367277	买盘
10:26:52	9.03	-0.01	35	31604	卖盘
10:26:46	9.04	--	50	45199	买盘
10:26:42	9.04	--	510	461039	买盘
10:26:37	9.04	--	88	79551	买盘
10:26:31	9.04	--	2	1807	买盘
10:26:27	9.04	0.01	3	2711	买盘
10:26:22	9.03	-0.01	16	14447	卖盘
10:26:16	9.04	0.01	59	53335	买盘
10:25:57	9.03	-0.01	39	35217	卖盘
10:25:52	9.04	0.01	124	112095	买盘
10:25:37	9.03	--	15	13544	卖盘
10:25:31	9.03	0.01	494	446081	买盘
10:25:27	9.02	0.01	5	4510	买盘
10:25:22	9.01	-0.01	61	54961	卖盘
10:25:16	9.02	--	15	13530	买盘
10:25:01	9.02	--	50	45100	买盘
10:24:52	9.02	--	1	902	买盘
10:24:42	9.02	--	346	312092	卖盘
10:24:37	9.02	-0.01	63	56826	卖盘
10:24:31	9.03	--	2	1805	买盘
10:24:27	9.03	0.01	1	902	买盘
10:24:22	9.02	-0.01	115	103730	卖盘
10:24:16	9.03	--	90	81270	买盘
10:24:12	9.03	--	1	902	买盘
10:24:07	9.03	--	40	36120	买盘
10:24:01	9.03	--	2	1805	买盘
10:23:46	9.03	--	59	53276	买盘
10:23:37	9.03	--	40	36120	买盘
10:23:31	9.03	--	86	77658	卖盘
10:23:22	9.03	--	25	22575	卖盘
10:23:12	9.03	--	10	9030	卖盘
10:23:07	9.03	--	51	46053	卖盘
10:22:57	9.03	--	394	355782	买盘
10:22:52	9.03	--	24	21672	买盘
10:22:37	9.03	0.01	215	194145	买盘
10:22:31	9.02	--	9	8118	卖盘
10:22:22	9.02	0.01	18	16236	卖盘
10:22:12	9.01	-0.01	36	32436	卖盘
10:22:07	9.02	--	22	19844	卖盘
10:22:01	9.02	--	110	99220	买盘
10:21:56	9.02	--	50	45100	买盘
10:21:52	9.02	--	791	713482	买盘
10:21:46	9.02	0.01	12	10824	买盘
10:21:31	9.01	--	4	3604	卖盘
10:21:25	9.01	-0.01	57	51357	卖盘
10:21:22	9.02	--	4	3608	买盘
10:21:16	9.02	0.01	11	9922	买盘
10:21:10	9.01	-0.01	10	9010	卖盘
10:21:06	9.02	0.01	3	2706	买盘
10:21:01	9.01	--	383	345083	买盘
10:20:55	9.01	--	1	901	买盘
10:20:51	9.01	--	32	28832	买盘
10:20:46	9.01	--	340	306340	买盘
10:20:36	9.01	0.01	121	109021	买盘
10:20:31	9.0	-0.01	125	112500	卖盘
10:20:21	9.01	--	9	8109	买盘
10:20:16	9.01	--	41	36941	买盘
10:20:01	9.01	--	78	70278	买盘
10:19:51	9.01	--	44	39644	买盘
10:19:46	9.01	--	10	9010	买盘
10:19:31	9.01	0.01	1	901	买盘
10:19:21	9.0	--	0	0	卖盘
10:19:16	9.0	--	298	268200	卖盘
10:19:10	9.0	--	0	0	卖盘
10:19:06	9.0	-0.01	146	131400	卖盘
10:19:01	9.01	--	189	170289	买盘
10:18:55	9.01	0.01	24	21624	买盘
10:18:40	9.0	--	289	260100	卖盘
10:18:31	9.0	-0.01	34	30600	卖盘
10:18:16	9.01	0.01	3	2703	买盘
10:18:10	9.0	-0.01	28	25200	卖盘
10:18:06	9.01	--	13	11713	买盘
10:18:01	9.01	0.01	189	170289	买盘
10:17:55	9.0	-0.01	15	13500	卖盘
10:17:51	9.01	--	134	120734	买盘
10:17:36	9.01	0.01	50	45050	买盘
10:17:31	9.0	-0.01	11	9900	卖盘
10:17:25	9.01	0.01	6	5406	买盘
10:17:21	9.0	-0.01	14	12600	卖盘
10:17:16	9.01	--	20	18020	买盘
10:17:06	9.01	--	10	9010	买盘
10:17:01	9.01	--	30	27030	买盘
10:16:55	9.01	--	16	14416	买盘
10:16:46	9.01	--	4	3604	买盘
10:16:31	9.01	0.01	89	80189	买盘
10:16:25	9.0	-0.01	2	1800	卖盘
10:16:16	9.01	0.01	152	136952	买盘
10:16:06	9.0	-0.01	8	7200	卖盘
10:16:01	9.01	0.01	1	901	买盘
10:15:55	9.0	-0.01	29	26100	卖盘
10:15:46	9.01	--	74	66674	买盘
10:15:31	9.01	0.01	10	9010	买盘
10:15:25	9.0	--	23	20700	卖盘
10:15:15	9.0	-0.01	114	102600	卖盘
10:15:10	9.01	--	10	9010	买盘
10:15:04	9.01	0.01	86	77486	买盘
10:15:00	9.0	-0.01	4	3600	卖盘
10:14:55	9.01	--	17	15317	买盘
10:14:30	9.01	0.01	1	901	买盘
10:14:25	9.0	--	32	28800	卖盘
10:14:04	9.0	--	20	18000	卖盘
10:14:00	9.0	--	65	58500	卖盘
10:13:55	9.0	-0.01	66	59400	卖盘
10:13:49	9.01	--	10	9010	买盘
10:13:40	9.01	0.01	120	108120	买盘
10:13:30	9.0	-0.01	20	18000	卖盘
10:13:25	9.01	--	4	3604	买盘
10:13:19	9.01	0.01	28	25228	买盘
10:13:15	9.0	--	177	159840	买盘
10:13:10	9.0	--	8	7200	买盘
10:13:04	9.0	--	21	18900	买盘
10:13:00	9.0	0.01	54	48600	买盘
10:12:55	8.99	-0.01	19	17081	卖盘
10:12:49	9.0	--	5	4500	买盘
10:12:45	9.0	--	59	53100	买盘
10:12:40	9.0	-0.01	181	163260	卖盘
10:12:34	9.01	--	1	901	买盘
10:12:30	9.01	0.01	35	31535	买盘
10:12:25	9.0	-0.01	60	54000	卖盘
10:12:19	9.01	0.01	28	25228	买盘
10:12:15	9.0	-0.01	10	9000	卖盘
10:12:04	9.01	0.01	138	124338	买盘
10:12:00	9.0	--	50	45000	卖盘
10:11:55	9.0	-0.01	15	13500	卖盘
10:11:49	9.01	--	117	105417	买盘
10:11:40	9.01	--	100	90100	买盘
10:11:34	9.01	--	41	36941	买盘
10:11:30	9.01	0.01	10	9010	买盘
10:11:25	9.0	-0.01	10	9000	卖盘
10:11:15	9.01	--	23	20723	买盘
10:11:04	9.01	0.01	255	229755	买盘
10:10:55	9.0	--	52	47340	买盘
10:10:49	9.0	--	20	18000	买盘
10:10:45	9.0	--	23	20700	买盘
10:10:40	9.0	-0.01	156	140760	卖盘
10:10:34	9.01	0.01	199	179299	买盘
10:10:30	9.0	--	38	34200	卖盘
10:10:25	9.0	--	3	2700	卖盘
10:10:19	9.0	--	18	16200	卖盘
10:10:10	9.0	--	31	27900	卖盘
10:10:04	9.0	0.01	133	120240	买盘
10:10:00	8.99	--	60	53940	卖盘
10:09:55	8.99	-0.01	15	13485	卖盘
10:09:49	9.0	--	535	481500	买盘
10:09:45	9.0	0.01	1	900	买盘
10:09:40	8.99	-0.01	10	8990	卖盘
10:09:34	9.0	--	63	56700	买盘
10:09:25	9.0	--	20	18000	买盘
10:09:19	9.0	--	14	12600	买盘
10:09:09	9.0	--	10	9000	买盘
10:09:04	9.0	--	3	2700	买盘
10:09:00	9.0	0.01	1	900	买盘
10:08:54	8.99	--	33	29667	买盘
10:08:49	8.99	-0.01	13	11687	中性盘
10:08:43	9.0	0.01	4	3600	买盘
10:08:39	8.99	--	6	5394	买盘
10:08:34	8.99	--	460	413540	买盘
10:08:24	8.99	0.01	51	45849	买盘
10:08:19	8.98	-0.01	7	6286	卖盘
10:08:13	8.99	--	4	3596	买盘
10:08:09	8.99	0.01	38	34162	买盘
10:08:04	8.98	--	183	164334	买盘
10:07:58	8.98	--	4	3592	买盘
10:07:54	8.98	--	4	3592	买盘
10:07:49	8.98	0.01	5	4490	买盘
10:07:39	8.97	-0.01	22	19734	卖盘
10:07:34	8.98	0.01	49	44002	买盘
10:07:24	8.97	-0.01	35	31395	卖盘
10:07:19	8.98	0.01	3	2694	买盘
10:07:09	8.97	-0.01	61	54717	卖盘
10:06:54	8.98	--	37	33226	买盘
10:06:24	8.98	--	242	217316	卖盘
10:06:19	8.98	-0.01	66	59268	卖盘
10:06:09	8.99	0.01	359	322741	买盘
10:06:04	8.98	--	25	22450	卖盘
10:05:58	8.98	--	75	67350	卖盘
10:05:53	8.98	-0.01	20	17960	卖盘
10:05:49	8.99	0.01	6	5394	买盘
10:05:43	8.98	--	12	10776	卖盘
10:05:39	8.98	-0.01	60	53880	卖盘
10:05:28	8.99	--	41	36859	买盘
10:05:19	8.99	0.01	15	13485	买盘
10:04:58	8.98	-0.01	5	4490	卖盘
10:04:54	8.99	--	0	0	卖盘
10:04:49	8.99	-0.01	22	19778	卖盘
10:04:43	9.0	0.01	15	13500	买盘
10:04:39	8.99	--	24	21836	卖盘
10:04:19	8.99	--	6	5645	卖盘
10:04:09	8.99	-0.01	23	20677	卖盘
10:04:04	9.0	--	1	900	买盘
10:03:58	9.0	0.01	93	83961	买盘
10:03:49	8.99	-0.01	70	62930	卖盘
10:03:43	9.0	0.01	302	271800	买盘
10:03:34	8.99	--	6	5394	卖盘
10:03:28	8.99	-0.01	3	2697	卖盘
10:03:19	9.0	0.01	51	45900	买盘
10:03:13	8.99	0.01	338	303862	买盘
10:03:09	8.98	--	4	3592	卖盘
10:03:03	8.98	-0.01	17	15266	卖盘
10:02:58	8.99	0.01	34	30566	买盘
10:02:33	8.98	-0.01	70	62860	卖盘
10:02:28	8.99	--	1	899	买盘
10:02:18	8.99	0.01	11	9889	买盘
10:02:13	8.98	-0.01	153	137394	卖盘
10:02:03	8.99	0.01	2	1798	买盘
10:01:58	8.98	-0.01	40	35920	卖盘
10:01:43	8.99	0.01	47	42253	买盘
10:01:37	8.98	--	32	28736	买盘
10:01:28	8.98	--	51	45798	买盘
10:01:22	8.98	--	44	39512	买盘
10:01:18	8.98	--	13	11674	买盘
10:01:13	8.98	0.01	202	181396	买盘
10:01:07	8.97	-0.01	50	44850	卖盘
10:00:52	8.98	0.01	18	16164	买盘
10:00:48	8.97	-0.01	4	3588	卖盘
10:00:43	8.98	0.01	10	8980	买盘
10:00:33	8.97	-0.01	11	9867	卖盘
10:00:28	8.98	--	15	13470	买盘
10:00:22	8.98	--	10	8980	买盘
10:00:18	8.98	--	10	8980	卖盘
10:00:13	8.98	--	26	23348	卖盘
10:00:07	8.98	--	64	57472	买盘
10:00:03	8.98	--	97	87106	卖盘
09:59:58	8.98	-0.01	20	17960	卖盘
09:59:52	8.99	--	185	166315	买盘
09:59:48	8.99	0.01	1	899	买盘
09:59:43	8.98	--	7	6286	卖盘
09:59:37	8.98	--	10	8980	卖盘
09:59:33	8.98	-0.01	9	8082	卖盘
09:59:28	8.99	--	1	899	买盘
09:59:07	8.99	--	1567	1408912	买盘
09:58:58	8.99	-0.01	30	26970	中性盘
09:58:52	9.0	0.01	47	42300	买盘
09:58:43	8.99	--	83	75021	卖盘
09:58:37	8.99	--	7	6293	卖盘
09:58:28	8.99	--	100	90394	买盘
09:58:22	8.99	--	366	329034	买盘
09:58:18	8.99	0.01	10	8990	买盘
09:58:13	8.98	-0.01	31	27838	卖盘
09:58:07	8.99	--	220	197905	卖盘
09:57:58	8.99	-0.01	107	96193	卖盘
09:57:52	9.0	--	63	56700	买盘
09:57:43	9.0	0.01	55	49500	买盘
09:57:37	8.99	--	10	8990	卖盘
09:57:28	8.99	-0.01	16	14384	卖盘
09:57:22	9.0	0.01	17	15300	买盘
09:57:13	8.99	--	30	26970	卖盘
09:57:07	8.99	--	10	8990	卖盘
09:56:58	8.99	-0.01	3	3164	卖盘
09:56:52	9.0	--	69	62406	买盘
09:56:48	9.0	--	37	33300	买盘
09:56:43	9.0	--	104	93600	买盘
09:56:37	9.0	--	22	19800	买盘
09:56:27	9.0	--	85	76500	买盘
09:56:12	9.0	--	547	492300	买盘
09:56:01	9.0	--	19	17100	买盘
09:55:57	9.0	--	11	9900	买盘
09:55:52	9.0	0.01	7	6300	买盘
09:55:46	8.99	-0.01	11	9889	卖盘
09:55:42	9.0	0.01	11	9900	买盘
09:55:27	8.99	--	21	18879	卖盘
09:55:22	8.99	--	124	111476	卖盘
09:55:16	8.99	--	5	4495	卖盘
09:55:07	8.99	--	267	240033	买盘
09:55:01	8.99	0.01	5	4495	买盘
09:54:57	8.98	-0.01	12	10776	卖盘
09:54:52	8.99	--	16	14384	买盘
09:54:46	8.99	--	5	4495	买盘
09:54:42	8.99	0.01	4	3596	买盘
09:54:37	8.98	-0.01	30	26940	卖盘
09:54:31	8.99	0.01	14	12586	买盘
09:54:27	8.98	-0.01	54	48492	卖盘
09:54:22	8.99	--	208	186992	买盘
09:54:12	8.99	0.01	51	45849	买盘
09:54:07	8.98	-0.01	13	12212	卖盘
09:54:01	8.99	--	20	17980	买盘
09:53:57	8.99	--	18	16721	买盘
09:53:52	8.99	--	20	17980	买盘
09:53:42	8.99	--	4	3596	买盘
09:53:37	8.99	--	20	17980	买盘
09:53:31	8.99	0.01	5	4495	买盘
09:53:16	8.98	--	12	10776	卖盘
09:53:07	8.98	-0.01	116	104168	卖盘
09:53:01	8.99	0.01	102	91698	买盘
09:52:46	8.98	-0.01	14	12572	卖盘
09:52:37	8.99	-0.01	3	2697	买盘
09:52:31	9.0	--	7	6300	买盘
09:52:27	9.0	--	10	9000	买盘
09:52:22	9.0	0.01	50	45000	买盘
09:52:16	8.99	-0.01	23	20677	卖盘
09:52:12	9.0	--	10	9000	买盘
09:52:07	9.0	--	1	900	买盘
09:52:01	9.0	--	232	208800	买盘
09:51:57	9.0	--	245	220500	买盘
09:51:52	9.0	--	68	61200	卖盘
09:51:46	9.0	-0.01	85	76500	卖盘
09:51:42	9.01	0.01	14	12614	买盘
09:51:37	9.0	-0.01	26	23400	卖盘
09:51:31	9.01	--	109	98209	买盘
09:51:27	9.01	--	260	234260	买盘
09:51:22	9.01	--	220	198220	买盘
09:51:16	9.01	0.01	38	34238	买盘
09:51:12	9.0	--	20	18000	卖盘
09:51:07	9.0	--	2	1800	买盘
09:51:01	9.0	-0.01	250	225540	卖盘
09:50:57	9.01	0.01	44	40184	买盘
09:50:52	9.0	--	45	40500	买盘
09:50:46	9.0	--	74	66600	买盘
09:50:41	9.0	--	10	9000	买盘
09:50:37	9.0	0.01	300	270000	买盘
09:50:31	8.99	-0.01	222	199578	卖盘
09:50:27	9.0	0.01	15	13500	买盘
09:50:22	8.99	-0.01	100	89900	卖盘
09:50:16	9.0	0.01	5	4500	买盘
09:50:06	8.99	-0.01	110	98890	卖盘
09:50:01	9.0	0.01	15	13500	买盘
09:49:55	8.99	--	5	4495	卖盘
09:49:51	8.99	-0.01	67	60233	卖盘
09:49:46	9.0	--	9	8100	买盘
09:49:36	9.0	0.01	123	110700	买盘
09:49:31	8.99	--	200	179800	卖盘
09:49:21	8.99	-0.01	11	9889	卖盘
09:49:16	9.0	0.01	9	8100	买盘
09:49:06	8.99	--	50	44950	卖盘
09:49:01	8.99	--	35	31465	买盘
09:48:55	8.99	--	10	8990	买盘
09:48:51	8.99	--	154	138446	买盘
09:48:40	8.99	--	32	28768	卖盘
09:48:36	8.99	--	52	46748	买盘
09:48:31	8.99	--	51	45849	买盘
09:48:25	8.99	--	5	4495	买盘
09:48:21	8.99	0.01	30	26970	买盘
09:48:16	8.98	--	40	35920	卖盘
09:48:06	8.98	--	4	3592	卖盘
09:48:01	8.98	0.01	410	368180	买盘
09:47:55	8.97	--	30	26910	卖盘
09:47:51	8.97	--	12	10764	卖盘
09:47:46	8.97	0.01	38	34086	买盘
09:47:40	8.96	-0.01	4	3584	卖盘
09:47:36	8.97	--	15	13455	买盘
09:47:31	8.97	--	162	145314	卖盘
09:47:16	8.97	-0.01	16	14352	卖盘
09:47:10	8.98	--	59	52982	买盘
09:46:55	8.98	--	15	13470	买盘
09:46:46	8.98	--	63	56574	买盘
09:46:40	8.98	0.01	1	898	买盘
09:46:36	8.97	-0.01	58	52026	卖盘
09:46:31	8.98	0.01	1	898	买盘
09:46:25	8.97	--	435	390195	卖盘
09:46:16	8.97	-0.01	9	8073	卖盘
09:46:10	8.98	--	22	19756	买盘
09:46:06	8.98	--	54	48492	买盘
09:46:01	8.98	--	5	4490	买盘
09:45:55	8.98	--	22	19756	买盘
09:45:46	8.98	0.01	440	395120	买盘
09:45:30	8.97	--	242	217074	卖盘
09:45:21	8.97	--	5	4485	卖盘
09:45:10	8.97	--	397	356109	买盘
09:45:06	8.97	--	50	44850	买盘
09:45:00	8.97	--	201	180297	买盘
09:44:55	8.97	--	37	33189	买盘
09:44:45	8.97	--	30	26910	买盘
09:44:40	8.97	-0.01	600	538200	卖盘
09:44:30	8.98	--	11	9878	买盘
09:44:21	8.98	0.01	625	561250	买盘
09:44:16	8.97	--	150	134550	买盘
09:43:49	8.97	0.01	20	17940	买盘
09:43:45	8.96	-0.01	35	31360	卖盘
09:43:40	8.97	--	169	151593	买盘
09:43:30	8.97	--	15	13455	买盘
09:43:25	8.97	0.01	25	22425	买盘
09:43:19	8.96	-0.01	10	8960	卖盘
09:43:04	8.97	--	5	4485	买盘
09:43:00	8.97	0.01	21	18837	买盘
09:42:55	8.96	-0.01	2	1792	卖盘
09:42:45	8.97	--	170	152490	买盘
09:42:30	8.97	0.01	60	53820	买盘
09:42:25	8.96	--	100	89600	卖盘
09:42:15	8.96	--	53	47488	卖盘
09:42:10	8.96	--	169	151424	买盘
09:42:00	8.96	--	195	174720	买盘
09:41:55	8.96	0.01	100	89600	买盘
09:41:49	8.95	--	109	97554	卖盘
09:41:45	8.95	-0.01	8	7159	卖盘
09:41:40	8.96	0.01	14	12544	买盘
09:41:34	8.95	--	100	89500	卖盘
09:41:30	8.95	-0.01	51	45645	卖盘
09:41:25	8.96	0.01	132	118272	买盘
09:41:19	8.95	-0.01	6	5370	卖盘
09:41:15	8.96	--	27	24192	买盘
09:41:04	8.96	--	21	18816	买盘
09:40:49	8.96	--	1	896	买盘
09:40:45	8.96	0.01	4	3584	买盘
09:40:34	8.95	--	210	187949	卖盘
09:40:30	8.95	--	1	894	卖盘
09:40:25	8.95	-0.01	150	134250	卖盘
09:40:04	8.96	--	3	2688	买盘
09:40:00	8.96	0.01	34	30464	买盘
09:39:45	8.95	-0.01	109	97554	卖盘
09:39:40	8.96	0.01	100	89600	买盘
09:39:34	8.95	-0.01	36	32694	卖盘
09:39:25	8.96	--	1	896	买盘
09:39:19	8.96	0.01	18	16128	买盘
09:39:10	8.95	--	15	13424	卖盘
09:39:04	8.95	--	5	4475	卖盘
09:38:54	8.95	--	45	40275	卖盘
09:38:49	8.95	-0.01	45	40275	卖盘
09:38:45	8.96	0.01	4	3584	买盘
09:38:40	8.95	--	10	8950	卖盘
09:38:24	8.95	--	52	46539	买盘
09:38:19	8.95	--	14	12529	买盘
09:38:09	8.95	0.01	30	26849	买盘
09:38:04	8.94	-0.01	138	123962	卖盘
09:37:54	8.95	0.01	16	14319	买盘
09:37:45	8.94	-0.01	22	19668	卖盘
09:37:40	8.95	--	91	81445	买盘
09:37:24	8.95	0.01	228	204059	买盘
09:37:19	8.94	0.01	426	381460	买盘
09:37:09	8.93	--	155	138415	卖盘
09:37:04	8.93	-0.01	73	65189	卖盘
09:36:54	8.94	0.01	46	41124	买盘
09:36:49	8.93	-0.01	23	20539	卖盘
09:36:39	8.94	--	4	3576	买盘
09:36:34	8.94	-0.01	409	365646	卖盘
09:36:24	8.95	--	132	118139	买盘
09:36:09	8.95	-0.01	238	213009	卖盘
09:35:54	8.96	--	21	18816	买盘
09:35:49	8.96	--	9	8064	买盘
09:35:43	8.96	--	75	67200	买盘
09:35:39	8.96	-0.01	31	27776	中性盘
09:35:34	8.97	--	0	0	买盘
09:35:19	8.97	0.02	1	897	买盘
09:35:13	8.95	--	8	7159	卖盘
09:35:09	8.95	--	11	9845	买盘
09:35:04	8.95	--	10	8950	买盘
09:34:54	8.95	--	43	38485	买盘
09:34:49	8.95	-0.02	192	171840	卖盘
09:34:43	8.97	0.02	59	52923	买盘
09:34:39	8.95	-0.01	20	17900	卖盘
09:34:34	8.96	--	95	85120	买盘
09:34:28	8.96	0.01	6	5376	买盘
09:34:24	8.95	-0.01	18	16109	卖盘
09:34:19	8.96	0.01	10	8960	买盘
09:34:13	8.95	-0.01	3	2685	卖盘
09:34:04	8.96	0.01	20	17920	买盘
09:33:58	8.95	-0.01	38	34010	卖盘
09:33:54	8.96	-0.01	10	8960	卖盘
09:33:43	8.97	--	5	4485	买盘
09:33:28	8.97	0.01	38	34086	买盘
09:33:18	8.96	--	42	37632	卖盘
09:33:13	8.96	0.01	71	63616	买盘
09:33:09	8.95	--	4	3579	卖盘
09:33:03	8.95	0.01	13	11634	买盘
09:32:58	8.94	--	4	3576	卖盘
09:32:48	8.94	--	1	894	买盘
09:32:43	8.94	0.01	21	18774	中性盘
09:32:39	8.93	-0.02	43	38399	卖盘
09:32:33	8.95	--	496	443919	买盘
09:32:13	8.95	-0.01	331	296245	卖盘
09:32:09	8.96	--	45	40320	买盘
09:31:58	8.96	--	57	51072	买盘
09:31:53	8.96	--	21	18816	买盘
09:31:43	8.96	-0.01	21	18816	买盘
09:31:22	8.97	--	0	0	买盘
09:31:18	8.97	--	87	78039	买盘
09:31:13	8.97	--	33	29601	买盘
09:31:07	8.97	--	0	0	买盘
09:31:03	8.97	-0.01	63	56511	卖盘
09:30:58	8.98	--	52	46696	买盘
09:30:52	8.98	--	32	28736	买盘
09:30:43	8.98	0.02	38	34124	买盘
09:30:37	8.96	--	10	8960	买盘
09:30:33	8.96	-0.02	21	18816	卖盘
09:30:28	8.98	--	0	0	买盘
09:30:22	8.98	--	0	0	买盘
09:30:18	8.98	0.03	2	1796	买盘
09:30:07	8.95	--	0	0	卖盘
09:30:03	8.95	--	414	370529	买盘
09:28:52	8.95	--	0	0	买盘
09:25:06	8.95	8.95	622	556690	买盘
