成交时间	成交价	价格变动	成交量(手)	成交额(元)	性质
15:00:00	22.11	--	0	0	卖盘
15:00:00	22.11	-0.01	0	0	卖盘
14:59:59	22.12	0.01	7	15484	买盘
14:59:49	22.11	-0.01	5	11055	卖盘
14:59:44	22.12	0.01	4	8848	买盘
14:59:39	22.11	--	2	4422	卖盘
14:59:34	22.11	--	25	55275	卖盘
14:59:19	22.11	--	3	6633	买盘
14:59:14	22.11	--	5	11055	买盘
14:59:09	22.11	0.01	40	88440	买盘
14:58:59	22.1	-0.01	28	61880	卖盘
14:58:49	22.11	--	13	28743	卖盘
14:58:44	22.11	-0.01	39	86229	卖盘
14:58:39	22.12	--	4	8848	买盘
14:58:34	22.12	--	65	143780	买盘
14:58:29	22.12	-0.01	5	11060	买盘
14:58:19	22.13	0.01	50	110650	买盘
14:58:14	22.12	--	15	33180	卖盘
14:58:09	22.12	--	14	30968	卖盘
14:57:59	22.12	--	8	17696	卖盘
14:57:54	22.12	--	20	44240	卖盘
14:57:49	22.12	--	1	2212	买盘
14:57:44	22.12	0.01	13	28756	买盘
14:57:39	22.11	-0.01	2	4422	卖盘
14:57:34	22.12	--	6	13272	买盘
14:57:29	22.12	--	8	17696	买盘
14:57:24	22.12	0.01	150	331800	买盘
14:57:19	22.11	--	12	26532	卖盘
14:57:14	22.11	-0.01	2	4422	卖盘
14:57:09	22.12	--	3	6636	卖盘
14:57:04	22.12	--	2	4424	买盘
14:56:59	22.12	0.01	59	130508	买盘
14:56:49	22.11	--	4	8844	卖盘
14:56:44	22.11	--	29	64119	卖盘
14:56:39	22.11	--	10	22110	卖盘
14:56:14	22.11	--	2	4422	买盘
14:56:09	22.11	--	3	6633	买盘
14:56:04	22.11	--	34	75174	买盘
14:55:59	22.11	--	15	33165	买盘
14:55:34	22.11	--	21	46431	卖盘
14:55:03	22.11	0.01	22	48642	买盘
14:54:58	22.1	--	12	26520	卖盘
14:54:53	22.1	0.02	42	92820	买盘
14:54:48	22.08	-0.02	15	33120	卖盘
14:54:43	22.1	--	28	61880	买盘
14:54:38	22.1	0.02	100	221000	买盘
14:54:33	22.08	-0.01	10	22080	卖盘
14:54:28	22.09	--	13	28717	买盘
14:54:23	22.09	--	5	11045	买盘
14:54:08	22.09	0.01	36	79524	买盘
14:53:58	22.08	-0.01	2	4416	卖盘
14:53:53	22.09	0.01	3	6627	买盘
14:53:43	22.08	-0.01	1	2208	卖盘
14:53:38	22.09	0.01	20	44180	买盘
14:53:23	22.08	-0.01	5	11040	卖盘
14:52:58	22.09	0.01	5	11045	买盘
14:52:43	22.08	0.01	7	15455	买盘
14:52:38	22.07	-0.02	8	17656	卖盘
14:52:32	22.09	--	2	4418	卖盘
14:52:28	22.09	0.02	94	207646	买盘
14:52:17	22.07	--	5	11035	卖盘
14:52:13	22.07	--	22	48554	卖盘
14:52:02	22.07	--	0	0	卖盘
14:51:53	22.07	-0.02	1	2207	卖盘
14:51:32	22.09	-0.01	18	39762	买盘
14:51:23	22.1	--	0	0	买盘
14:50:58	22.1	--	0	0	买盘
14:50:42	22.1	0.04	7	15470	买盘
14:50:38	22.06	0.01	20	44120	买盘
14:50:08	22.05	-0.01	22	48510	卖盘
14:49:58	22.06	--	12	26472	买盘
14:49:53	22.06	--	1	2206	买盘
14:49:47	22.06	--	1	2206	买盘
14:49:42	22.06	--	2	4412	买盘
14:49:38	22.06	-0.04	1	2206	卖盘
14:49:22	22.1	--	3	6630	卖盘
14:49:17	22.1	0.04	10	22100	买盘
14:49:12	22.06	-0.05	77	169862	卖盘
14:49:08	22.11	0.01	1	2211	买盘
14:49:02	22.1	--	2	4420	买盘
14:48:58	22.1	--	10	22100	买盘
14:48:42	22.1	-0.01	16	35360	卖盘
14:48:37	22.11	0.01	5	11055	买盘
14:48:22	22.1	--	2	4420	卖盘
14:48:11	22.1	-0.01	27	59670	卖盘
14:48:07	22.11	--	20	44220	买盘
14:48:02	22.11	0.01	2	4422	买盘
14:47:56	22.1	-0.01	10	22100	卖盘
14:47:47	22.11	0.01	14	30954	买盘
14:47:41	22.1	--	10	22100	卖盘
14:47:37	22.1	-0.01	5	11050	卖盘
14:47:32	22.11	--	7	15477	买盘
14:47:26	22.11	0.01	6	13266	买盘
14:47:22	22.1	-0.01	8	17680	卖盘
14:47:17	22.11	--	1	2211	买盘
14:47:02	22.11	0.01	5	11055	买盘
14:46:56	22.1	--	5	11050	卖盘
14:46:47	22.1	-0.01	32	70720	卖盘
14:46:41	22.11	--	5	11055	买盘
14:46:37	22.11	0.01	3	6633	买盘
14:46:26	22.1	--	6	13260	卖盘
14:46:22	22.1	--	5	11050	卖盘
14:46:17	22.1	--	7	15470	买盘
14:46:02	22.1	--	10	22100	买盘
14:45:56	22.1	--	10	22100	买盘
14:45:47	22.1	-0.01	143	316030	卖盘
14:45:41	22.11	-0.01	10	22110	卖盘
14:45:37	22.12	--	20	44240	买盘
14:45:32	22.12	0.01	20	44240	买盘
14:45:26	22.11	-0.01	5	11055	卖盘
14:45:21	22.12	0.01	9	19908	买盘
14:45:17	22.11	-0.01	15	33165	卖盘
14:45:11	22.12	0.01	2	4424	买盘
14:45:06	22.11	-0.01	5	11055	卖盘
14:45:02	22.12	0.01	15	33180	买盘
14:44:56	22.11	-0.01	50	110550	卖盘
14:44:51	22.12	0.01	7	15484	买盘
14:44:36	22.11	--	2	4422	卖盘
14:44:21	22.11	-0.01	7	15477	卖盘
14:44:02	22.12	0.01	40	88480	买盘
14:43:47	22.11	--	3	6633	卖盘
14:43:32	22.11	--	10	22110	卖盘
14:43:21	22.11	--	23	50853	卖盘
14:42:56	22.11	--	15	33165	卖盘
14:42:51	22.11	-0.01	4	8844	卖盘
14:42:47	22.12	0.01	1	2212	买盘
14:42:41	22.11	--	42	92862	卖盘
14:42:31	22.11	--	12	26532	卖盘
14:42:21	22.11	-0.01	10	22110	卖盘
14:42:01	22.12	-0.02	492	1088304	卖盘
14:41:35	22.14	-0.01	50	110700	卖盘
14:41:26	22.15	0.01	10	22150	买盘
14:41:05	22.14	-0.01	5	11070	卖盘
14:40:31	22.15	--	5	11075	买盘
14:40:16	22.15	--	1	2215	买盘
14:40:11	22.15	0.01	50	110750	买盘
14:40:01	22.14	-0.01	4	8856	卖盘
14:39:56	22.15	0.01	20	44300	买盘
14:39:41	22.14	--	32	70848	买盘
14:39:35	22.14	--	20	44280	买盘
14:38:56	22.14	--	5	11070	买盘
14:38:50	22.14	--	5	11070	买盘
14:38:45	22.14	0.01	5	11070	买盘
14:38:41	22.13	-0.01	1	2213	卖盘
14:38:30	22.14	--	19	42066	买盘
14:38:05	22.14	--	2	4428	买盘
14:37:45	22.14	--	7	15498	卖盘
14:37:35	22.14	--	8	17712	卖盘
14:37:20	22.14	0.01	3	6642	中性盘
14:37:05	22.13	0.01	2	4426	买盘
14:36:56	22.12	-0.01	8	17696	卖盘
14:36:41	22.13	-0.01	41	90733	卖盘
14:36:05	22.14	--	1	2214	卖盘
14:36:00	22.14	--	5	11070	买盘
14:35:50	22.14	--	4	8856	买盘
14:35:40	22.14	--	20	44280	买盘
14:35:20	22.14	--	1	2214	买盘
14:35:14	22.14	--	12	26568	买盘
14:34:59	22.14	0.01	1	2214	买盘
14:34:55	22.13	-0.01	3	6639	卖盘
14:34:50	22.14	--	0	0	买盘
14:34:40	22.14	0.02	10	22140	买盘
14:34:35	22.12	-0.02	7	15484	卖盘
14:34:25	22.14	0.01	15	33210	买盘
14:34:10	22.13	-0.01	18	39834	卖盘
14:34:05	22.14	0.01	20	44280	买盘
14:33:14	22.13	--	1	2213	买盘
14:33:10	22.13	--	15	33195	买盘
14:32:50	22.13	--	14	30982	买盘
14:32:35	22.13	-0.01	20	44260	卖盘
14:32:29	22.14	0.01	20	44280	买盘
14:32:24	22.13	--	9	19917	卖盘
14:32:20	22.13	--	23	50899	买盘
14:32:09	22.13	0.01	12	26556	买盘
14:31:29	22.12	--	14	30968	卖盘
14:31:24	22.12	-0.01	5	11060	卖盘
14:31:14	22.13	--	16	35408	买盘
14:30:04	22.13	--	13	28769	买盘
14:29:54	22.13	--	0	0	中性盘
14:29:50	22.13	--	5	11065	卖盘
14:28:54	22.13	--	1	2213	卖盘
14:28:44	22.13	--	1	2213	买盘
14:28:34	22.13	--	20	44260	卖盘
14:27:59	22.13	-0.01	5	11065	卖盘
14:27:49	22.14	0.01	20	44280	买盘
14:27:44	22.13	--	1	2213	卖盘
14:27:38	22.13	--	1	2213	卖盘
14:27:23	22.13	--	1	2213	卖盘
14:27:08	22.13	--	9	19917	卖盘
14:27:04	22.13	--	18	39834	卖盘
14:26:59	22.13	--	1	2213	卖盘
14:26:53	22.13	0.01	27	59751	买盘
14:26:19	22.12	--	37	81844	卖盘
14:26:04	22.12	-0.01	1	2212	卖盘
14:25:53	22.13	-0.01	1	2213	卖盘
14:25:48	22.14	0.01	8	17712	买盘
14:25:33	22.13	--	9	19917	买盘
14:25:08	22.13	-0.01	6	13278	卖盘
14:25:03	22.14	--	10	22140	买盘
14:24:33	22.14	--	2	4428	买盘
14:24:23	22.14	--	0	0	买盘
14:23:58	22.14	0.01	3	6642	买盘
14:23:53	22.13	--	0	0	买盘
14:23:48	22.13	-0.01	6	13278	卖盘
14:23:33	22.14	--	2	4428	卖盘
14:23:28	22.14	--	5	11070	卖盘
14:23:08	22.14	--	2	4428	卖盘
14:23:03	22.14	0.02	117	259038	买盘
14:22:43	22.12	-0.02	22	48664	卖盘
14:22:38	22.14	--	0	0	买盘
14:22:28	22.14	0.02	5	11070	买盘
14:22:23	22.12	-0.02	2	4424	卖盘
14:22:13	22.14	0.01	10	22140	买盘
14:22:08	22.13	--	2	4426	卖盘
14:21:58	22.13	0.01	53	117289	买盘
14:21:43	22.12	--	10	22120	卖盘
14:21:32	22.12	0.01	3	6636	卖盘
14:21:28	22.11	--	0	0	卖盘
14:21:23	22.11	-0.01	21	46431	卖盘
14:21:08	22.12	0.01	3	6636	买盘
14:20:53	22.11	-0.01	20	44220	卖盘
14:20:47	22.12	--	0	0	中性盘
14:20:38	22.12	-0.01	10	22120	卖盘
14:20:23	22.13	--	5	11065	买盘
14:19:58	22.13	--	10	22130	买盘
14:19:53	22.13	--	3	6639	买盘
14:19:47	22.13	0.02	50	110650	买盘
14:19:43	22.11	-0.01	51	112761	卖盘
14:19:23	22.12	--	18	39816	买盘
14:19:12	22.12	--	32	70784	卖盘
14:19:07	22.12	--	8	17696	卖盘
14:18:57	22.12	0.01	10	22120	买盘
14:18:52	22.11	--	3	6633	卖盘
14:18:17	22.11	--	0	0	卖盘
14:18:12	22.11	-0.01	5	11055	卖盘
14:17:57	22.12	--	12	26544	卖盘
14:17:52	22.12	0.01	26	57512	中性盘
14:17:47	22.11	-0.01	30	66330	卖盘
14:17:42	22.12	-0.02	2	4424	卖盘
14:16:57	22.14	0.02	10	22140	买盘
14:16:52	22.12	--	5	11060	卖盘
14:16:22	22.12	-0.02	11	24332	卖盘
14:16:07	22.14	--	0	0	买盘
14:15:56	22.14	--	0	0	买盘
14:15:47	22.14	--	5	11070	买盘
14:15:41	22.14	0.01	2	4428	卖盘
14:15:22	22.13	-0.01	5	11065	卖盘
14:15:17	22.14	0.01	17	37638	买盘
14:15:02	22.13	-0.01	1	2213	卖盘
14:14:37	22.14	--	0	0	中性盘
14:14:26	22.14	--	0	0	卖盘
14:14:22	22.14	-0.01	25	55350	卖盘
14:14:07	22.15	0.01	6	13290	买盘
14:13:47	22.14	--	4	8856	卖盘
14:13:32	22.14	--	16	35424	卖盘
14:13:02	22.14	-0.01	7	15498	卖盘
14:12:51	22.15	0.01	15	33225	买盘
14:12:36	22.14	--	18	39852	卖盘
14:12:26	22.14	--	12	26568	卖盘
14:12:01	22.14	--	41	90774	买盘
14:11:41	22.14	--	6	13284	买盘
14:11:21	22.14	0.02	11	24354	买盘
14:10:46	22.12	--	4	8848	买盘
14:10:36	22.12	--	10	22120	卖盘
14:10:31	22.12	--	4	8848	卖盘
14:10:21	22.12	0.01	11	24332	买盘
14:10:06	22.11	-0.01	1	2211	卖盘
14:10:01	22.12	0.01	7	15484	买盘
14:09:41	22.11	0.01	13	28743	买盘
14:09:36	22.1	--	10	22100	卖盘
14:09:26	22.1	--	9	19890	卖盘
14:09:20	22.1	-0.01	14	30940	卖盘
14:09:16	22.11	--	5	11055	买盘
14:09:01	22.11	-0.01	10	22110	卖盘
14:08:46	22.12	0.01	6	13272	买盘
14:08:26	22.11	--	21	46431	卖盘
14:08:16	22.11	--	51	112761	卖盘
14:08:05	22.11	-0.01	5	11055	卖盘
14:07:56	22.12	--	6	13272	买盘
14:07:50	22.12	0.01	10	22120	买盘
14:07:26	22.11	-0.01	11	24321	卖盘
14:06:56	22.12	0.01	6	13272	买盘
14:06:30	22.11	--	22	48642	卖盘
14:06:05	22.11	-0.01	1	2211	卖盘
14:05:55	22.12	0.01	11	24332	买盘
14:05:35	22.11	-0.01	4	8844	卖盘
14:05:30	22.12	0.01	6	13272	买盘
14:05:15	22.11	-0.01	9	19899	卖盘
14:05:00	22.12	0.01	14	30968	买盘
14:04:45	22.11	--	2	4422	卖盘
14:04:40	22.11	-0.01	7	15477	卖盘
14:04:35	22.12	--	3	6636	买盘
14:04:00	22.12	--	6	13272	买盘
14:03:55	22.12	-0.02	207	458083	卖盘
14:03:50	22.14	--	0	0	买盘
14:03:40	22.14	--	0	0	买盘
14:03:30	22.14	0.02	82	181548	买盘
14:02:50	22.12	-0.01	21	46452	卖盘
14:02:44	22.13	0.01	30	66390	买盘
14:02:40	22.12	-0.01	4	8848	卖盘
14:02:29	22.13	--	6	13278	买盘
14:02:25	22.13	--	11	24343	买盘
14:01:55	22.13	--	4	8852	买盘
14:01:29	22.13	0.01	6	13278	买盘
14:01:14	22.12	--	2	4424	卖盘
14:00:55	22.12	--	2	4424	卖盘
14:00:20	22.12	-0.01	8	17696	卖盘
14:00:14	22.13	0.01	6	13278	买盘
13:59:59	22.12	--	1	2212	卖盘
13:59:54	22.12	--	13	28756	卖盘
13:59:39	22.12	-0.01	1	2212	卖盘
13:59:34	22.13	--	6	13278	买盘
13:59:19	22.13	0.01	10	22130	买盘
13:59:14	22.12	--	2	4424	卖盘
13:59:04	22.12	--	41	90692	卖盘
13:58:54	22.12	--	63	139356	卖盘
13:58:34	22.12	--	9	19908	卖盘
13:58:04	22.12	-0.01	11	24332	卖盘
13:57:19	22.13	-0.01	11	24343	卖盘
13:57:09	22.14	--	10	22140	买盘
13:56:59	22.14	0.01	6	13284	买盘
13:56:54	22.13	--	2	4426	卖盘
13:56:29	22.13	--	1	2213	卖盘
13:56:23	22.13	-0.01	2	4426	卖盘
13:56:04	22.14	--	5	11070	买盘
13:55:59	22.14	--	1	2214	买盘
13:55:53	22.14	--	5	11070	买盘
13:55:34	22.14	0.01	6	13284	买盘
13:55:29	22.13	-0.01	2	4426	卖盘
13:55:19	22.14	0.01	6	13284	买盘
13:55:14	22.13	--	1	2213	卖盘
13:55:08	22.13	-0.01	100	221300	卖盘
13:55:04	22.14	--	5	11070	买盘
13:54:53	22.14	0.01	8	17712	买盘
13:54:38	22.13	-0.01	1	2213	卖盘
13:54:19	22.14	--	5	11070	买盘
13:54:08	22.14	--	6	13284	买盘
13:53:59	22.14	-0.01	1	2214	卖盘
13:53:49	22.15	0.01	3	6645	买盘
13:53:33	22.14	0.01	1	2214	中性盘
13:53:23	22.13	--	4	8852	卖盘
13:53:18	22.13	--	8	17704	卖盘
13:52:58	22.13	--	6	14251	买盘
13:52:43	22.13	--	6	13278	买盘
13:52:33	22.13	--	4	10091	卖盘
13:52:18	22.13	--	45	99585	卖盘
13:52:13	22.13	--	9	19917	卖盘
13:52:08	22.13	--	0	0	卖盘
13:52:03	22.13	-0.01	10	22130	卖盘
13:51:58	22.14	0.01	2	4428	买盘
13:51:43	22.13	-0.02	20	44260	卖盘
13:51:08	22.15	-0.01	3	6645	卖盘
13:51:03	22.16	0.01	9	19944	买盘
13:50:13	22.15	--	15	33225	卖盘
13:49:58	22.15	--	10	22150	卖盘
13:49:53	22.15	--	5	11075	卖盘
13:49:43	22.15	--	1	2215	卖盘
13:49:28	22.15	--	3	6645	卖盘
13:49:23	22.15	-0.01	1	2215	卖盘
13:48:43	22.16	-0.01	10	22160	卖盘
13:48:38	22.17	--	1	2217	买盘
13:48:32	22.17	--	12	26604	买盘
13:48:28	22.17	0.01	8	17736	买盘
13:48:13	22.16	0.01	4	8864	买盘
13:48:02	22.15	--	10	22150	卖盘
13:47:58	22.15	--	77	170555	买盘
13:47:53	22.15	--	10	22150	买盘
13:47:47	22.15	--	10	22150	买盘
13:47:43	22.15	0.01	4	8860	买盘
13:47:38	22.14	-0.01	5	11070	卖盘
13:47:23	22.15	--	0	0	买盘
13:47:17	22.15	0.02	6	13290	买盘
13:47:13	22.13	--	3	6639	卖盘
13:46:53	22.13	--	21	47446	买盘
13:46:42	22.13	--	210	464730	买盘
13:46:37	22.13	--	104	230152	买盘
13:46:32	22.13	0.01	6	13278	买盘
13:46:22	22.12	-0.01	156	345072	卖盘
13:45:52	22.13	--	6	13278	买盘
13:45:42	22.13	--	52	115076	买盘
13:45:12	22.13	--	6	13278	买盘
13:45:07	22.13	--	9	19917	买盘
13:44:52	22.13	--	10	22130	买盘
13:44:47	22.13	--	20	44260	买盘
13:44:37	22.13	--	20	44260	买盘
13:44:27	22.13	--	12	26556	买盘
13:44:17	22.13	--	7	15491	买盘
13:44:12	22.13	--	3	6639	买盘
13:44:07	22.13	0.01	10	22130	买盘
13:43:52	22.12	-0.01	5	11060	卖盘
13:43:42	22.13	--	50	110650	买盘
13:43:37	22.13	--	30	66390	买盘
13:43:32	22.13	0.01	10	22130	买盘
13:43:26	22.12	--	2	4424	卖盘
13:43:22	22.12	-0.01	11	24332	卖盘
13:43:11	22.13	--	5	11065	买盘
13:42:52	22.13	--	50	110650	买盘
13:42:17	22.13	0.01	16	35408	买盘
13:42:02	22.12	--	5	12630	卖盘
13:41:56	22.12	--	4	8848	卖盘
13:41:52	22.12	--	12	26544	卖盘
13:41:37	22.12	-0.01	10	22120	卖盘
13:40:52	22.13	0.01	21	46473	买盘
13:40:47	22.12	--	12	26544	卖盘
13:40:41	22.12	-0.01	20	44240	卖盘
13:40:36	22.13	--	10	22130	买盘
13:40:32	22.13	--	7	15491	买盘
13:40:01	22.13	0.01	19	42047	买盘
13:39:56	22.12	--	2	4424	卖盘
13:39:41	22.12	-0.01	3	6636	卖盘
13:39:26	22.13	--	57	126141	买盘
13:38:51	22.13	--	200	442600	买盘
13:38:36	22.13	--	25	55325	买盘
13:38:31	22.13	--	20	44260	买盘
13:38:21	22.13	--	10	22130	买盘
13:37:51	22.13	--	27	59751	买盘
13:37:41	22.13	0.01	10	22130	买盘
13:37:21	22.12	--	32	70784	卖盘
13:36:56	22.12	-0.01	1	2212	卖盘
13:36:41	22.13	0.01	5	11065	买盘
13:36:26	22.12	--	5	11060	卖盘
13:35:56	22.12	--	20	44682	买盘
13:35:50	22.12	--	6	13272	买盘
13:35:41	22.12	0.01	6	13272	买盘
13:35:31	22.11	-0.01	2	4422	卖盘
13:35:26	22.12	0.01	3	6636	买盘
13:35:16	22.11	-0.01	23	50853	卖盘
13:35:01	22.12	--	8	17696	买盘
13:34:46	22.12	--	6	13272	买盘
13:34:41	22.12	--	1	3981	卖盘
13:34:35	22.12	--	3	6636	卖盘
13:34:31	22.12	0.01	17	38046	买盘
13:34:16	22.11	-0.01	36	79596	卖盘
13:34:01	22.12	--	6	13272	买盘
13:33:45	22.12	--	21	48221	卖盘
13:33:40	22.12	-0.01	1	2212	卖盘
13:33:30	22.13	0.01	6	13278	买盘
13:33:10	22.12	--	26	57954	卖盘
13:33:00	22.12	--	4	8848	买盘
13:32:55	22.12	-0.01	9	19908	卖盘
13:32:50	22.13	0.01	1	2213	买盘
13:32:40	22.12	--	20	44240	卖盘
13:32:35	22.12	-0.01	1	2212	买盘
13:32:30	22.13	--	0	0	买盘
13:32:25	22.13	0.01	30	66390	买盘
13:32:20	22.12	--	4	8848	买盘
13:32:10	22.12	--	2	4424	卖盘
13:31:55	22.12	--	1	2212	卖盘
13:31:40	22.12	-0.01	10	22120	卖盘
13:31:30	22.13	--	102	225726	买盘
13:30:55	22.13	--	50	110650	买盘
13:30:35	22.13	-0.02	91	201383	卖盘
13:30:25	22.15	--	14	31009	买盘
13:30:20	22.15	-0.01	80	177200	卖盘
13:30:14	22.16	0.02	16	35456	买盘
13:30:10	22.14	-0.02	3	6642	卖盘
13:29:44	22.16	--	0	1772	卖盘
13:29:40	22.16	--	27	60275	买盘
13:29:05	22.16	--	3	6648	买盘
13:28:59	22.16	--	0	0	买盘
13:28:40	22.16	0.01	38	85980	卖盘
13:28:25	22.15	--	27	60247	买盘
13:28:05	22.15	--	60	132900	买盘
13:27:55	22.15	--	3	6645	买盘
13:27:34	22.15	-0.01	256	568812	卖盘
13:27:29	22.16	--	8	17728	买盘
13:27:19	22.16	-0.01	1	2216	卖盘
13:27:04	22.17	0.01	3	6651	买盘
13:26:54	22.16	--	2	4432	卖盘
13:26:44	22.16	--	0	0	中性盘
13:26:39	22.16	0.01	10	22160	卖盘
13:26:34	22.15	-0.01	270	598050	卖盘
13:26:24	22.16	--	18	39888	买盘
13:26:19	22.16	0.01	105	232680	买盘
13:26:04	22.15	--	5	11075	卖盘
13:25:54	22.15	-0.01	10	22150	卖盘
13:25:49	22.16	--	10	22160	买盘
13:25:39	22.16	--	28	62048	卖盘
13:25:34	22.16	--	0	0	卖盘
13:25:24	22.16	--	14	31024	卖盘
13:25:14	22.16	--	8	17728	卖盘
13:24:54	22.16	--	20	44320	卖盘
13:24:34	22.16	-0.02	3	6648	卖盘
13:24:14	22.18	--	33	73194	买盘
13:24:08	22.18	--	62	137516	卖盘
13:23:59	22.18	--	3	6654	卖盘
13:23:53	22.18	-0.01	5	11090	卖盘
13:23:44	22.19	0.01	30	66570	买盘
13:23:38	22.18	--	11	24398	卖盘
13:23:14	22.18	--	2	4436	卖盘
13:23:04	22.18	--	34	75412	买盘
13:22:49	22.18	--	29	64322	买盘
13:22:34	22.18	0.02	6	13308	买盘
13:22:14	22.16	-0.01	1	2216	卖盘
13:21:49	22.17	--	13	28821	买盘
13:21:44	22.17	--	13	28821	买盘
13:21:29	22.17	--	5	11085	买盘
13:21:23	22.17	-0.01	21	46557	买盘
13:21:14	22.18	--	0	0	买盘
13:21:03	22.18	--	80	177440	买盘
13:20:53	22.18	0.01	23	51014	买盘
13:20:48	22.17	--	1	2217	卖盘
13:20:13	22.17	0.01	6	13302	中性盘
13:19:53	22.16	--	1	2216	卖盘
13:19:28	22.16	--	1	2216	卖盘
13:19:23	22.16	--	11	24376	卖盘
13:19:03	22.16	--	27	59832	卖盘
13:18:53	22.16	--	2	4432	卖盘
13:18:43	22.16	--	41	90856	买盘
13:18:33	22.16	0.01	16	35456	买盘
13:18:28	22.15	-0.01	4	8860	卖盘
13:18:03	22.16	--	3	6648	买盘
13:17:58	22.16	--	20	44320	买盘
13:17:53	22.16	--	5	11080	买盘
13:17:47	22.16	--	32	70912	卖盘
13:17:32	22.16	--	0	0	卖盘
13:17:13	22.16	--	0	0	卖盘
13:17:08	22.16	-0.02	3	6648	卖盘
13:17:02	22.18	0.02	6	13308	买盘
13:16:43	22.16	-0.02	70	155120	卖盘
13:16:28	22.18	0.02	8	17744	买盘
13:16:02	22.16	--	10	22160	卖盘
13:15:43	22.16	0.01	3	6648	卖盘
13:15:38	22.15	--	0	0	卖盘
13:15:32	22.15	-0.01	50	110750	卖盘
13:15:28	22.16	-0.01	4	9307	买盘
13:15:22	22.17	0.01	108	239436	买盘
13:15:13	22.16	--	15	33240	卖盘
13:15:08	22.16	--	6	13296	卖盘
13:15:02	22.16	--	5	11080	卖盘
13:14:57	22.16	--	12	26592	卖盘
13:14:22	22.16	--	16	35456	买盘
13:14:17	22.16	--	20	44320	买盘
13:14:07	22.16	0.01	5	11080	卖盘
13:13:47	22.15	--	0	0	卖盘
13:13:42	22.15	-0.01	3	6645	卖盘
13:13:37	22.16	0.01	6	13296	买盘
13:13:22	22.15	--	20	44300	卖盘
13:13:07	22.15	-0.01	2	4430	卖盘
13:13:02	22.16	--	45	99720	买盘
13:12:52	22.16	--	1	2216	买盘
13:12:22	22.16	--	23	50968	卖盘
13:11:57	22.16	--	9	19944	卖盘
13:11:37	22.16	0.01	14	31024	中性盘
13:11:32	22.15	--	35	77525	卖盘
13:11:27	22.15	--	6	13290	卖盘
13:11:17	22.15	-0.01	5	11075	卖盘
13:10:47	22.16	--	9	19944	买盘
13:10:41	22.16	--	41	90856	卖盘
13:10:32	22.16	-0.01	2	4432	卖盘
13:10:22	22.17	--	3	6651	买盘
13:10:07	22.17	--	8	17736	买盘
13:09:47	22.17	0.01	4	8868	买盘
13:09:07	22.16	-0.01	4	8864	卖盘
13:09:02	22.17	0.01	20	44340	买盘
13:08:52	22.16	--	5	11080	卖盘
13:08:21	22.16	--	23	50968	买盘
13:08:17	22.16	--	3	6648	买盘
13:07:56	22.16	--	16	35456	卖盘
13:07:46	22.16	-0.01	2	4432	卖盘
13:07:36	22.17	0.01	20	44340	买盘
13:07:31	22.16	-0.01	5	11080	卖盘
13:07:06	22.17	0.01	2	4434	买盘
13:06:31	22.16	--	1	2216	卖盘
13:06:21	22.16	--	6	13296	卖盘
13:06:16	22.16	-0.01	1	2216	卖盘
13:06:06	22.17	--	5	11085	买盘
13:06:01	22.17	--	5	11085	买盘
13:05:51	22.17	--	12	26604	买盘
13:05:46	22.17	0.01	1	2217	买盘
13:05:36	22.16	--	10	22160	卖盘
13:05:26	22.16	--	1	2216	卖盘
13:05:06	22.16	-0.01	3	6648	卖盘
13:05:01	22.17	0.01	8	17736	买盘
13:04:56	22.16	--	15	33240	卖盘
13:04:51	22.16	--	2	4432	卖盘
13:04:41	22.16	--	5	11080	卖盘
13:04:36	22.16	--	20	44320	卖盘
13:04:31	22.16	--	18	39888	卖盘
13:04:20	22.16	--	10	22160	卖盘
13:04:16	22.16	--	26	57616	卖盘
13:04:11	22.16	--	3	6648	卖盘
13:04:01	22.16	--	15	33240	卖盘
13:03:46	22.16	-0.01	1	2216	卖盘
13:03:41	22.17	--	19	42123	买盘
13:03:26	22.17	-0.01	3	6651	卖盘
13:03:16	22.18	0.01	2	4436	买盘
13:03:11	22.17	-0.01	2	4434	卖盘
13:02:56	22.18	0.01	1	2218	买盘
13:02:46	22.17	0.01	7	15519	卖盘
13:02:31	22.16	--	0	0	卖盘
13:02:26	22.16	--	1	2216	卖盘
13:02:11	22.16	0.01	42	93072	买盘
13:02:01	22.15	-0.01	5	11075	卖盘
13:01:56	22.16	0.01	20	44320	买盘
13:01:25	22.15	-0.01	51	112965	卖盘
13:01:15	22.16	--	20	44320	买盘
13:00:50	22.16	--	2	4432	买盘
13:00:40	22.16	--	10	22160	买盘
13:00:25	22.16	0.01	30	66480	买盘
13:00:10	22.15	-0.01	64	141760	卖盘
13:00:05	22.16	0.02	196	434336	买盘
13:00:00	22.14	0.01	20	44280	买盘
11:30:00	22.13	--	0	0	卖盘
11:30:00	22.13	--	0	0	卖盘
11:29:52	22.13	0.01	71	157123	买盘
11:29:37	22.12	0.01	5	11060	买盘
11:29:32	22.11	-0.01	10	22110	卖盘
11:29:27	22.12	0.01	2	4424	买盘
11:29:22	22.11	--	4	8844	卖盘
11:29:17	22.11	--	18	39798	卖盘
11:29:12	22.11	-0.01	7	15477	卖盘
11:28:57	22.12	0.01	7	15484	买盘
11:28:47	22.11	-0.01	6	13266	卖盘
11:28:42	22.12	--	11	24332	买盘
11:28:37	22.12	--	23	50876	买盘
11:28:27	22.12	-0.01	25	55300	买盘
11:27:56	22.13	0.01	5	11065	买盘
11:27:51	22.12	-0.01	1	2212	卖盘
11:27:46	22.13	--	0	0	买盘
11:27:41	22.13	--	6	13278	卖盘
11:27:36	22.13	--	6	13278	卖盘
11:27:31	22.13	0.01	12	26556	买盘
11:27:16	22.12	-0.01	5	11060	卖盘
11:27:01	22.13	--	0	0	买盘
11:26:51	22.13	0.01	10	22130	买盘
11:26:36	22.12	--	28	61936	买盘
11:26:16	22.12	--	0	0	买盘
11:25:56	22.12	--	5	11060	买盘
11:25:36	22.12	--	50	110600	买盘
11:25:06	22.12	--	0	0	买盘
11:25:01	22.12	0.02	25	55300	买盘
11:24:56	22.1	0.01	5	11050	买盘
11:24:51	22.09	--	3	6627	卖盘
11:24:46	22.09	--	4	8836	卖盘
11:24:41	22.09	--	1	2209	卖盘
11:24:31	22.09	0.03	5	11045	买盘
11:24:11	22.06	-0.03	3	6618	卖盘
11:24:01	22.09	-0.04	5	11045	买盘
11:23:56	22.13	--	0	0	买盘
11:23:36	22.13	-0.01	20	44260	买盘
11:23:26	22.14	--	0	0	买盘
11:23:21	22.14	0.01	100	221400	买盘
11:23:11	22.13	0.08	39	86307	买盘
11:23:06	22.05	-0.07	30	66150	卖盘
11:22:51	22.12	0.02	20	44240	买盘
11:22:46	22.1	--	1	2210	卖盘
11:22:36	22.1	--	5	11050	卖盘
11:22:31	22.1	--	2	4420	卖盘
11:22:21	22.1	0.01	40	88400	买盘
11:22:06	22.09	0.01	5	11045	卖盘
11:21:55	22.08	--	0	0	卖盘
11:21:51	22.08	-0.02	20	44160	卖盘
11:21:36	22.1	--	9	19890	卖盘
11:21:30	22.1	--	0	0	卖盘
11:21:25	22.1	--	20	44200	卖盘
11:21:15	22.1	0.02	66	145860	买盘
11:20:55	22.08	--	510	1126080	卖盘
11:20:25	22.08	-0.01	2	4416	卖盘
11:20:15	22.09	--	16	35344	买盘
11:20:05	22.09	0.01	5	11045	买盘
11:19:40	22.08	--	98	218150	买盘
11:19:30	22.08	0.01	5	11040	买盘
11:19:25	22.07	--	5	11035	卖盘
11:19:15	22.07	--	5	11035	卖盘
11:19:10	22.07	--	3	6621	卖盘
11:19:00	22.07	--	59	130213	买盘
11:18:55	22.07	--	7	15449	买盘
11:18:40	22.07	--	30	66210	买盘
11:18:35	22.07	--	5	11035	买盘
11:18:30	22.07	0.02	15	33105	买盘
11:18:10	22.05	--	2	4410	卖盘
11:17:55	22.05	0.01	43	94815	买盘
11:17:45	22.04	--	10	22040	卖盘
11:17:10	22.04	-0.01	18	39672	卖盘
11:16:30	22.05	--	0	0	中性盘
11:16:25	22.05	--	23	50715	买盘
11:16:00	22.05	0.01	20	44100	买盘
11:15:55	22.04	--	4	8816	卖盘
11:15:45	22.04	--	8	17632	卖盘
11:15:30	22.04	--	20	44080	买盘
11:15:25	22.04	--	0	0	买盘
11:14:54	22.04	0.02	5	11020	买盘
11:14:49	22.02	-0.02	10	22020	卖盘
11:14:44	22.04	--	2	4408	买盘
11:13:54	22.04	--	1	2204	买盘
11:13:44	22.04	--	13	28652	买盘
11:13:24	22.04	--	1	2204	买盘
11:12:54	22.04	--	3	6612	买盘
11:12:24	22.04	-0.01	3	6612	卖盘
11:12:09	22.05	--	43	94815	买盘
11:12:04	22.05	--	7	15435	买盘
11:11:53	22.05	--	16	35280	卖盘
11:11:38	22.05	--	5	11025	卖盘
11:11:18	22.05	--	14	30870	卖盘
11:11:04	22.05	--	8	17640	卖盘
11:10:53	22.05	-0.02	30	66150	卖盘
11:10:39	22.07	--	0	0	卖盘
11:10:34	22.07	--	1	2207	卖盘
11:10:24	22.07	--	10	22070	卖盘
11:10:14	22.07	0.03	43	94901	买盘
11:09:49	22.04	--	15	33060	买盘
11:09:09	22.04	--	0	0	中性盘
11:08:54	22.04	0.02	3	6612	卖盘
11:08:33	22.02	--	0	0	卖盘
11:08:23	22.02	-0.02	10	22020	卖盘
11:08:03	22.04	0.02	5	11020	买盘
11:07:58	22.02	-0.03	15	33030	卖盘
11:07:33	22.05	--	0	0	买盘
11:07:28	22.05	0.02	38	83790	买盘
11:07:13	22.03	-0.01	1	2203	卖盘
11:07:08	22.04	0.01	3	6612	买盘
11:07:03	22.03	-0.01	10	22030	卖盘
11:06:48	22.04	--	3	6612	买盘
11:06:38	22.04	0.01	17	37468	买盘
11:06:28	22.03	-0.01	6	13218	卖盘
11:06:23	22.04	0.01	5	11020	买盘
11:06:13	22.03	-0.01	2	4406	卖盘
11:06:08	22.04	--	9	19836	卖盘
11:05:53	22.04	0.01	1	2204	卖盘
11:05:43	22.03	--	5	11015	卖盘
11:05:38	22.03	--	0	0	中性盘
11:05:28	22.03	--	0	0	买盘
11:05:17	22.03	--	1	2203	卖盘
11:05:08	22.03	-0.05	1	2203	中性盘
11:05:02	22.08	--	0	0	买盘
11:04:43	22.08	-0.01	4	8832	买盘
11:04:17	22.09	--	0	0	买盘
11:04:02	22.09	-0.01	5	11045	买盘
11:03:58	22.1	--	0	0	买盘
11:03:53	22.1	0.02	60	132600	买盘
11:03:48	22.08	-0.02	2	4416	卖盘
11:03:43	22.1	0.01	9	19890	买盘
11:03:38	22.09	--	7	15463	卖盘
11:03:28	22.09	--	59	130331	卖盘
11:03:17	22.09	0.09	62	136958	买盘
11:03:12	22.0	--	0	2002	买盘
11:03:08	22.0	-0.05	175	385198	卖盘
11:03:02	22.05	0.05	88	194040	买盘
11:02:58	22.0	--	17	37400	卖盘
11:02:52	22.0	-0.05	1	2200	卖盘
11:02:42	22.05	0.04	88	194040	买盘
11:02:32	22.01	0.01	8	17608	买盘
11:02:17	22.0	--	99	219802	买盘
11:01:52	22.0	0.01	131	288200	买盘
11:01:37	21.99	--	125	274875	买盘
11:01:27	21.99	--	10	21990	买盘
11:00:57	21.99	0.01	10	21990	买盘
11:00:52	21.98	-0.01	3	6594	卖盘
11:00:32	21.99	--	5	10995	买盘
11:00:07	21.99	0.01	102	224297	买盘
10:59:46	21.98	--	9	19782	卖盘
10:59:37	21.98	--	7	15386	卖盘
10:59:22	21.98	--	9	19782	买盘
10:59:16	21.98	--	11	24178	卖盘
10:59:11	21.98	-0.01	5	10990	卖盘
10:58:56	21.99	0.01	16	35184	买盘
10:58:51	21.98	--	2	4396	卖盘
10:58:17	21.98	0.04	55	120890	买盘
10:57:56	21.94	-0.01	20	43880	卖盘
10:57:41	21.95	--	11	24145	买盘
10:57:06	21.95	0.01	8	17560	买盘
10:56:56	21.94	--	10	21940	卖盘
10:56:46	21.94	0.01	2	4388	买盘
10:56:26	21.93	--	0	0	中性盘
10:56:16	21.93	0.01	20	43860	卖盘
10:56:06	21.92	--	0	0	卖盘
10:55:31	21.92	--	7	15344	买盘
10:55:16	21.92	0.01	18	39456	买盘
10:55:01	21.91	-0.01	1	2191	卖盘
10:54:56	21.92	-0.03	30	65760	卖盘
10:54:51	21.95	0.03	10	21950	买盘
10:54:31	21.92	-0.03	1	2192	卖盘
10:52:11	21.95	--	8	17560	买盘
10:51:56	21.95	--	0	0	买盘
10:51:50	21.95	--	0	0	买盘
10:51:45	21.95	0.03	20	43900	买盘
10:51:41	21.92	--	5	10960	买盘
10:51:30	21.92	-0.02	27	59184	卖盘
10:51:26	21.94	--	5	10970	卖盘
10:51:20	21.94	0.02	24	52656	买盘
10:51:05	21.92	--	4	8768	买盘
10:51:00	21.92	--	2	4384	买盘
10:50:50	21.92	--	1	2192	买盘
10:50:45	21.92	--	10	21920	买盘
10:50:26	21.92	--	2	4384	买盘
10:49:55	21.92	--	4	8768	卖盘
10:49:25	21.92	--	5	10960	卖盘
10:49:15	21.92	--	10	21920	卖盘
10:48:10	21.92	0.01	10	21920	卖盘
10:47:50	21.91	--	0	0	卖盘
10:46:50	21.91	-0.01	4	8764	卖盘
10:46:29	21.92	--	0	0	买盘
10:46:14	21.92	-0.02	1	2192	卖盘
10:45:59	21.94	--	2	4388	卖盘
10:45:44	21.94	0.01	8	17552	买盘
10:45:05	21.93	--	1	2193	卖盘
10:44:54	21.93	-0.01	5	10965	卖盘
10:44:34	21.94	-0.01	7	15358	卖盘
10:44:24	21.95	0.01	6	13170	买盘
10:43:54	21.94	-0.01	5	10970	卖盘
10:43:34	21.95	--	20	43900	买盘
10:43:29	21.95	--	10	21950	买盘
10:43:09	21.95	--	3	6585	买盘
10:43:04	21.95	-0.04	6	13170	卖盘
10:42:44	21.99	0.04	1	2199	买盘
10:42:39	21.95	-0.04	4	8780	卖盘
10:42:34	21.99	--	92	202308	卖盘
10:42:24	21.99	--	11	24189	卖盘
10:42:19	21.99	--	38	83562	买盘
10:42:14	21.99	--	0	0	买盘
10:41:29	21.99	--	0	0	买盘
10:41:24	21.99	0.06	10	21990	买盘
10:41:19	21.93	-0.06	4	8772	卖盘
10:41:09	21.99	-0.01	1	2199	买盘
10:40:54	22.0	0.01	213	468600	买盘
10:40:49	21.99	--	3	6596	卖盘
10:40:38	21.99	0.09	56	123143	买盘
10:40:08	21.9	-0.08	12	26280	卖盘
10:39:53	21.98	0.07	110	241780	买盘
10:39:48	21.91	0.01	5	10955	买盘
10:39:29	21.9	--	4	8760	买盘
10:39:23	21.9	--	1	2190	买盘
10:39:08	21.9	--	40	87600	买盘
10:39:03	21.9	0.01	50	109500	买盘
10:38:33	21.89	0.01	15	32835	买盘
10:38:03	21.88	0.02	11	24068	买盘
10:37:59	21.86	-0.02	15	32790	卖盘
10:37:53	21.88	0.03	5	10940	买盘
10:36:53	21.85	--	0	0	卖盘
10:36:03	21.85	--	0	0	卖盘
10:35:43	21.85	--	2	4370	卖盘
10:35:08	21.85	--	1	2185	卖盘
10:34:37	21.85	--	19	41515	卖盘
10:34:13	21.85	--	15	32775	卖盘
10:33:58	21.85	--	2	4370	卖盘
10:32:52	21.85	--	1	2185	卖盘
10:32:47	21.85	--	9	19665	卖盘
10:32:32	21.85	--	10	21850	卖盘
10:31:57	21.85	-0.04	1	2185	卖盘
10:31:47	21.89	0.04	1	2189	买盘
10:31:32	21.85	-0.04	55	120175	卖盘
10:31:12	21.89	0.04	20	43780	卖盘
10:31:02	21.85	--	0	0	卖盘
10:30:52	21.85	--	48	104880	卖盘
10:30:47	21.85	-0.01	1	2185	卖盘
10:30:37	21.86	--	4	8744	卖盘
10:30:32	21.86	--	0	0	卖盘
10:30:17	21.86	--	10	21860	卖盘
10:30:07	21.86	-0.03	1	2186	卖盘
10:29:42	21.89	--	0	0	买盘
10:29:12	21.89	0.04	5	10945	买盘
10:28:42	21.85	-0.05	10	21850	卖盘
10:28:37	21.9	--	0	0	买盘
10:28:12	21.9	--	3	6570	买盘
10:27:46	21.9	--	3	6570	买盘
10:27:37	21.9	--	0	0	买盘
10:27:22	21.9	--	0	0	买盘
10:27:11	21.9	0.01	1	2190	买盘
10:26:41	21.89	-0.01	20	43780	买盘
10:25:51	21.9	--	0	0	买盘
10:25:41	21.9	--	2	4380	买盘
10:25:36	21.9	0.01	37	81030	买盘
10:25:31	21.89	--	8	17512	买盘
10:25:26	21.89	--	1	2189	买盘
10:25:16	21.89	--	1	2189	卖盘
10:25:11	21.89	-0.01	10	21890	卖盘
10:24:41	21.9	-0.01	4	8760	卖盘
10:24:01	21.91	-0.01	3	6573	卖盘
10:23:51	21.92	0.01	10	21920	买盘
10:23:46	21.91	--	1	2191	买盘
10:23:40	21.91	--	2	4382	卖盘
10:23:31	21.91	0.01	3	6573	买盘
10:23:16	21.9	0.01	15	32850	买盘
10:23:06	21.89	0.04	15	32835	买盘
10:22:40	21.85	0.03	48	104880	买盘
10:22:31	21.82	-0.03	2	4364	卖盘
10:22:16	21.85	0.03	33	72105	买盘
10:22:06	21.82	-0.03	15	32730	卖盘
10:22:01	21.85	0.03	49	107065	买盘
10:21:55	21.82	--	5	10910	卖盘
10:21:36	21.82	-0.02	22	48004	卖盘
10:21:20	21.84	0.01	42	92121	买盘
10:21:16	21.83	--	18	39294	买盘
10:21:05	21.83	0.01	15	32744	买盘
10:21:01	21.82	-0.01	5	10910	卖盘
10:20:50	21.83	0.01	6	13097	买盘
10:20:46	21.82	--	11	24002	卖盘
10:20:15	21.82	--	5	10910	买盘
10:20:05	21.82	--	1	2182	买盘
10:20:00	21.82	--	20	43640	买盘
10:19:50	21.82	--	45	98190	买盘
10:19:45	21.82	--	5	10910	买盘
10:19:20	21.82	-0.01	120	261840	买盘
10:19:15	21.83	--	0	0	买盘
10:19:10	21.83	0.05	64	139712	买盘
10:19:05	21.78	--	0	0	卖盘
10:18:15	21.78	--	6	13068	卖盘
10:18:05	21.78	--	7	15246	卖盘
10:17:45	21.78	-0.04	7	15246	卖盘
10:17:35	21.82	0.05	5	10910	买盘
10:17:15	21.77	--	0	0	卖盘
10:17:00	21.77	--	18	39186	买盘
10:16:55	21.77	--	100	217700	买盘
10:16:45	21.77	--	45	97965	买盘
10:16:30	21.77	--	33	71841	卖盘
10:16:15	21.77	--	8	17416	买盘
10:16:00	21.77	0.01	11	23947	卖盘
10:15:40	21.76	--	0	0	卖盘
10:15:30	21.76	--	0	0	卖盘
10:15:19	21.76	-0.07	10	21760	卖盘
10:15:10	21.83	--	10	21830	买盘
10:14:29	21.83	--	10	21830	买盘
10:14:14	21.83	--	0	0	买盘
10:14:04	21.83	--	26	56757	买盘
10:13:49	21.83	0.08	30	65489	买盘
10:13:34	21.75	0.03	50	108750	买盘
10:13:29	21.72	0.01	2	4344	买盘
10:13:09	21.71	--	85	184535	买盘
10:12:54	21.71	--	20	43420	买盘
10:12:49	21.71	--	3	6513	买盘
10:12:39	21.71	--	30	65130	买盘
10:12:29	21.71	--	6	13026	买盘
10:12:24	21.71	--	0	0	买盘
10:12:19	21.71	0.02	5	10855	买盘
10:12:14	21.69	--	0	0	中性盘
10:12:04	21.69	--	5	10845	买盘
10:11:59	21.69	-0.02	10	21690	卖盘
10:11:54	21.71	0.03	12	26052	买盘
10:11:29	21.68	-0.02	12	26016	卖盘
10:11:24	21.7	--	0	0	中性盘
10:11:09	21.7	0.02	2	4340	买盘
10:11:04	21.68	-0.02	4	8672	卖盘
10:10:58	21.7	--	50	108500	买盘
10:10:54	21.7	--	12	26040	买盘
10:10:43	21.7	--	22	47740	买盘
10:10:39	21.7	--	3	6510	买盘
10:10:34	21.7	-0.01	19	41230	买盘
10:10:13	21.71	--	0	0	买盘
10:10:09	21.71	--	9	19539	买盘
10:09:54	21.71	--	7	15197	买盘
10:09:24	21.71	0.03	5	10855	买盘
10:09:19	21.68	-0.03	20	43360	卖盘
10:09:04	21.71	0.01	5	10855	买盘
10:08:38	21.7	--	4	8680	卖盘
10:08:28	21.7	-0.01	1	2170	卖盘
10:08:23	21.71	--	0	0	买盘
10:08:19	21.71	--	2	4342	买盘
10:08:04	21.71	--	1	2171	卖盘
10:07:43	21.71	0.04	19	41249	买盘
10:07:38	21.67	--	7	15169	买盘
10:07:33	21.67	--	1	2167	买盘
10:07:28	21.67	--	42	91014	卖盘
10:07:23	21.67	--	13	28171	卖盘
10:07:18	21.67	-0.02	7	15169	卖盘
10:07:08	21.69	--	0	0	中性盘
10:07:03	21.69	--	5	10845	买盘
10:06:48	21.69	--	10	21690	卖盘
10:06:38	21.69	-0.02	23	49887	卖盘
10:06:33	21.71	-0.01	4	8684	卖盘
10:06:23	21.72	-0.03	2	4344	买盘
10:06:18	21.75	0.03	2	4350	买盘
10:06:13	21.72	-0.03	4	8688	卖盘
10:05:53	21.75	-0.01	25	54375	卖盘
10:05:33	21.76	-0.03	16	34816	卖盘
10:05:18	21.79	-0.01	16	35278	卖盘
10:05:13	21.8	--	97	213509	卖盘
10:05:03	21.8	--	0	130	卖盘
10:04:53	21.8	--	0	0	卖盘
10:04:48	21.8	-0.03	5	10900	卖盘
10:04:33	21.83	-0.01	52	115306	卖盘
10:04:18	21.84	0.01	1	2184	买盘
10:04:13	21.83	--	20	43660	卖盘
10:04:03	21.83	--	105	229607	卖盘
10:03:37	21.83	--	10	21830	卖盘
10:03:28	21.83	--	10	21830	卖盘
10:03:18	21.83	--	44	96051	买盘
10:02:47	21.83	--	0	0	中性盘
10:02:28	21.83	0.01	1	2183	买盘
10:02:13	21.82	--	0	0	中性盘
10:01:47	21.82	-0.02	5	10910	卖盘
10:01:42	21.84	0.03	6	13104	买盘
10:01:37	21.81	--	0	0	卖盘
10:01:32	21.81	0.01	8	19214	卖盘
10:01:27	21.8	-0.04	54	117720	卖盘
10:01:02	21.84	--	30	65520	买盘
10:00:57	21.84	--	2	4368	卖盘
10:00:27	21.84	0.04	18	39312	买盘
09:59:32	21.8	--	15	32700	卖盘
09:59:12	21.8	--	4	8720	卖盘
09:59:07	21.8	--	5	10900	卖盘
09:58:32	21.8	0.01	78	170040	买盘
09:58:12	21.79	--	81	176499	卖盘
09:58:07	21.79	-0.01	1	2179	卖盘
09:58:01	21.8	0.01	93	202740	买盘
09:57:52	21.79	-0.01	11	23969	卖盘
09:57:42	21.8	0.01	10	21800	买盘
09:57:31	21.79	-0.01	5	10895	卖盘
09:57:22	21.8	0.01	20	43600	买盘
09:57:07	21.79	-0.01	5	10895	卖盘
09:56:57	21.8	--	5	10900	买盘
09:56:37	21.8	--	14	30520	买盘
09:56:31	21.8	0.01	16	34880	买盘
09:56:27	21.79	--	6	13074	卖盘
09:56:22	21.79	--	3	6537	卖盘
09:55:52	21.79	--	16	34864	卖盘
09:55:41	21.79	-0.01	10	21790	卖盘
09:55:31	21.8	--	5	10900	买盘
09:55:11	21.8	--	10	21800	买盘
09:55:06	21.8	-0.05	141	307380	卖盘
09:54:41	21.85	0.01	11	24035	买盘
09:54:21	21.84	--	4	8736	买盘
09:54:06	21.84	-0.01	4	8736	中性盘
09:53:51	21.85	--	0	0	买盘
09:53:26	21.85	--	5	10925	买盘
09:53:11	21.85	--	1	2185	买盘
09:52:56	21.85	-0.01	255	557175	卖盘
09:52:51	21.86	--	3	6558	买盘
09:52:46	21.86	--	2	4372	买盘
09:52:26	21.86	0.01	5	10930	卖盘
09:52:21	21.85	--	0	0	卖盘
09:52:16	21.85	--	10	21850	卖盘
09:52:06	21.85	--	8	17480	卖盘
09:51:46	21.85	--	5	10925	卖盘
09:51:31	21.85	--	3	6555	卖盘
09:51:21	21.85	--	7	15295	卖盘
09:51:16	21.85	--	7	15295	卖盘
09:51:01	21.85	--	5	10925	卖盘
09:50:46	21.85	0.05	38	83030	买盘
09:50:36	21.8	-0.01	1	2180	卖盘
09:50:31	21.81	--	7	15267	卖盘
09:50:21	21.81	-0.04	5	10905	卖盘
09:50:01	21.85	-0.03	7	15295	卖盘
09:49:46	21.88	-0.01	58	129048	卖盘
09:49:40	21.89	-0.01	2	4378	卖盘
09:49:20	21.9	-0.02	6	13140	卖盘
09:49:16	21.92	0.02	1	2192	买盘
09:49:05	21.9	--	9	19710	卖盘
09:49:01	21.9	--	2	4380	卖盘
09:48:55	21.9	-0.02	1	2190	卖盘
09:48:45	21.92	0.02	1	2192	买盘
09:48:15	21.9	-0.02	5	10950	卖盘
09:47:35	21.92	0.03	5	10960	买盘
09:47:15	21.89	--	44	96316	卖盘
09:47:05	21.89	0.01	1	2189	卖盘
09:47:00	21.88	-0.01	9	19692	卖盘
09:46:50	21.89	--	4	8756	买盘
09:46:35	21.89	--	2	4378	买盘
09:46:30	21.89	0.01	15	32835	中性盘
09:46:20	21.88	-0.03	7	15316	卖盘
09:46:15	21.91	--	0	0	买盘
09:46:10	21.91	0.02	5	10955	买盘
09:46:05	21.89	--	7	15323	卖盘
09:46:00	21.89	--	0	0	买盘
09:45:40	21.89	-0.02	568	1243352	卖盘
09:45:30	21.91	--	30	65730	卖盘
09:45:25	21.91	--	5	10955	卖盘
09:45:15	21.91	--	9	19719	卖盘
09:45:10	21.91	-0.02	52	113932	卖盘
09:45:00	21.93	--	2	4386	买盘
09:44:49	21.93	--	2	4386	买盘
09:44:40	21.93	0.02	1	2193	买盘
09:44:30	21.91	-0.02	1	2191	卖盘
09:44:25	21.93	--	29	63597	买盘
09:44:15	21.93	--	27	59211	卖盘
09:44:10	21.93	-0.04	4	8772	卖盘
09:43:49	21.97	-0.01	1	2197	买盘
09:43:44	21.98	--	0	0	买盘
09:43:40	21.98	--	3	6594	买盘
09:43:25	21.98	--	0	0	买盘
09:43:04	21.98	0.04	40	87920	买盘
09:42:49	21.94	--	1	2194	卖盘
09:42:44	21.94	--	0	0	中性盘
09:42:39	21.94	0.04	9	19746	买盘
09:42:29	21.9	--	0	0	卖盘
09:42:19	21.9	--	0	0	卖盘
09:42:14	21.9	-0.05	20	43800	卖盘
09:41:49	21.95	0.07	1	2195	买盘
09:41:39	21.88	-0.02	30	65640	卖盘
09:41:34	21.9	--	1	2190	卖盘
09:41:24	21.9	0.02	7	15329	买盘
09:40:59	21.88	--	6	13128	卖盘
09:40:49	21.88	-0.01	17	37239	卖盘
09:40:44	21.89	--	10	21890	卖盘
09:40:39	21.89	--	1	2189	卖盘
09:40:19	21.89	-0.04	1	2189	卖盘
09:40:14	21.93	-0.05	69	153466	卖盘
09:40:09	21.98	--	15	32970	买盘
09:40:04	21.98	0.02	14	30903	买盘
09:39:59	21.96	--	21	46116	卖盘
09:39:54	21.96	-0.02	5	10980	卖盘
09:39:44	21.98	--	22	48356	卖盘
09:39:39	21.98	-0.01	4	8792	卖盘
09:39:34	21.99	0.01	10	21990	买盘
09:39:28	21.98	--	0	0	卖盘
09:39:24	21.98	--	7	15386	卖盘
09:39:19	21.98	--	30	65940	卖盘
09:39:04	21.98	-0.01	1	2198	卖盘
09:38:58	21.99	0.01	114	250685	买盘
09:38:54	21.98	--	2	4396	买盘
09:38:43	21.98	--	18	39564	买盘
09:38:39	21.98	--	1	2198	买盘
09:38:34	21.98	--	3	6594	买盘
09:38:28	21.98	--	1	2198	买盘
09:38:19	21.98	0.02	25	54950	买盘
09:38:09	21.96	--	43	94428	买盘
09:38:04	21.96	0.01	13	28548	买盘
09:37:54	21.95	--	70	155757	买盘
09:37:49	21.95	0.02	242	531277	买盘
09:37:39	21.93	--	1	2193	卖盘
09:37:19	21.93	--	10	24035	买盘
09:37:08	21.93	--	1	2193	买盘
09:37:04	21.93	-0.02	8	17631	卖盘
09:36:58	21.95	--	0	0	买盘
09:36:53	21.95	0.01	35	76825	买盘
09:36:49	21.94	0.01	2	4388	买盘
09:36:43	21.93	-0.01	1	2193	卖盘
09:36:38	21.94	0.01	68	151298	买盘
09:36:34	21.93	-0.01	51	111843	卖盘
09:36:28	21.94	0.01	11	24134	买盘
09:36:23	21.93	--	9	19737	买盘
09:36:18	21.93	-0.01	1	2193	买盘
09:35:58	21.94	0.06	1	2194	买盘
09:35:48	21.88	--	0	0	卖盘
09:35:43	21.88	-0.06	15	32820	卖盘
09:35:33	21.94	--	3	6582	买盘
09:35:28	21.94	-0.01	1	2194	买盘
09:35:18	21.95	--	0	0	买盘
09:35:08	21.95	0.07	28	61460	买盘
09:35:03	21.88	-0.06	24	52512	卖盘
09:34:53	21.94	--	14	30716	卖盘
09:34:48	21.94	0.01	4	8776	买盘
09:34:38	21.93	--	0	0	中性盘
09:34:23	21.93	-0.03	4	8772	中性盘
09:34:18	21.96	--	0	0	买盘
09:34:13	21.96	0.06	50	109800	买盘
09:34:08	21.9	--	8	17520	卖盘
09:34:03	21.9	-0.05	17	37230	卖盘
09:33:58	21.95	-0.01	12	26340	卖盘
09:33:53	21.96	--	1	2196	买盘
09:33:48	21.96	--	0	0	买盘
09:33:43	21.96	--	0	0	买盘
09:33:38	21.96	0.08	78	171288	买盘
09:33:33	21.88	-0.07	2	4376	卖盘
09:33:28	21.95	--	0	0	买盘
09:33:23	21.95	0.07	4	8780	买盘
09:33:18	21.88	--	0	0	卖盘
09:33:13	21.88	-0.01	13	28444	卖盘
09:33:03	21.89	--	0	0	卖盘
09:32:57	21.89	0.01	20	43780	买盘
09:32:43	21.88	-0.02	2	4376	买盘
09:32:37	21.9	--	0	0	中性盘
09:32:33	21.9	0.1	10	21900	买盘
09:32:28	21.8	-0.1	28	61040	卖盘
09:32:22	21.9	-0.1	15	32850	买盘
09:32:07	22.0	-0.09	43	94600	卖盘
09:32:03	22.09	0.11	59	130331	买盘
09:31:58	21.98	-0.08	10	21980	卖盘
09:31:52	22.06	0.06	10	22060	买盘
09:31:48	22.0	0.02	42	92400	中性盘
09:31:43	21.98	-0.02	10	21980	卖盘
09:31:37	22.0	--	5	11000	卖盘
09:31:33	22.0	0.02	38	83600	买盘
09:31:27	21.98	-0.01	13	28574	卖盘
09:31:22	21.99	--	9	19791	买盘
09:31:17	21.99	0.2	5	10995	买盘
09:31:13	21.79	-0.08	103	224437	卖盘
09:31:02	21.87	-0.02	6	13122	卖盘
09:30:57	21.89	0.02	20	43780	卖盘
09:30:52	21.87	-0.03	6	13122	卖盘
09:30:47	21.9	0.11	50	109500	买盘
09:30:43	21.79	-0.06	10	21790	卖盘
09:30:37	21.85	0.25	22	48070	买盘
09:30:28	21.6	--	10	21600	卖盘
09:30:17	21.6	--	33	71280	卖盘
09:30:13	21.6	0.15	4	8640	卖盘
09:30:07	21.45	--	0	0	卖盘
09:30:02	21.45	-0.15	120	257400	卖盘
09:28:46	21.6	--	0	0	买盘
09:25:07	21.6	21.6	29	62640	买盘
