成交时间	成交价	价格变动	成交量(手)	成交额(元)	性质
15:00:00	18.05	--	0	0	卖盘
15:00:00	18.05	-0.01	0	0	卖盘
14:59:59	18.06	0.01	52	93912	买盘
14:59:53	18.05	-0.01	8	14440	卖盘
14:59:49	18.06	0.01	119	214913	买盘
14:59:44	18.05	--	110	198550	卖盘
14:59:38	18.05	-0.01	18	32490	卖盘
14:59:34	18.06	0.01	97	175182	买盘
14:59:29	18.05	--	116	209380	卖盘
14:59:23	18.05	0.01	177	319485	买盘
14:59:19	18.04	--	34	61336	卖盘
14:59:14	18.04	-0.01	150	271953	卖盘
14:59:08	18.05	--	32	57760	买盘
14:59:04	18.05	--	166	299630	买盘
14:58:59	18.05	--	56	101080	买盘
14:58:53	18.05	--	43	77615	买盘
14:58:49	18.05	--	5	9025	买盘
14:58:44	18.05	-0.02	711	1283589	卖盘
14:58:38	18.07	0.02	93	168051	买盘
14:58:34	18.05	--	13	23465	卖盘
14:58:29	18.05	-0.01	127	229235	卖盘
14:58:23	18.06	--	30	54179	卖盘
14:58:19	18.06	--	29	53945	买盘
14:58:14	18.06	--	98	176988	买盘
14:58:08	18.06	--	41	74046	买盘
14:58:04	18.06	--	48	86688	买盘
14:57:59	18.06	--	77	139062	买盘
14:57:53	18.06	--	7	12642	买盘
14:57:49	18.06	--	79	142674	买盘
14:57:44	18.06	0.01	150	270900	买盘
14:57:38	18.05	-0.01	15	27075	卖盘
14:57:34	18.06	--	27	48762	买盘
14:57:29	18.06	--	19	34314	买盘
14:57:19	18.06	--	25	45150	买盘
14:57:14	18.06	--	279	503873	买盘
14:57:08	18.06	--	4	7223	买盘
14:57:04	18.06	0.01	54	97524	买盘
14:56:59	18.05	--	3	5415	卖盘
14:56:53	18.05	-0.01	3	5415	卖盘
14:56:49	18.06	0.01	41	74046	买盘
14:56:44	18.05	-0.01	151	272555	卖盘
14:56:38	18.06	--	2	3611	买盘
14:56:34	18.06	--	4	7223	买盘
14:56:29	18.06	0.01	228	411767	买盘
14:56:23	18.05	--	84	151620	卖盘
14:56:19	18.05	-0.01	2	3610	卖盘
14:56:14	18.06	0.01	3	5418	买盘
14:56:08	18.05	--	50	90250	卖盘
14:56:04	18.05	--	220	397100	买盘
14:55:59	18.05	--	14	25270	买盘
14:55:53	18.05	--	15	27075	买盘
14:55:49	18.05	--	9	16245	买盘
14:55:44	18.05	--	168	303240	卖盘
14:55:38	18.05	--	37	66785	卖盘
14:55:34	18.05	-0.01	100	180500	卖盘
14:55:29	18.06	--	12	21672	买盘
14:55:23	18.06	0.01	41	74046	买盘
14:55:19	18.05	--	14	25270	买盘
14:55:14	18.05	--	97	175319	卖盘
14:55:08	18.05	--	2	3610	卖盘
14:55:04	18.05	--	4	7220	卖盘
14:54:59	18.05	--	48	88210	买盘
14:54:53	18.05	--	3	5415	买盘
14:54:49	18.05	--	139	250895	买盘
14:54:44	18.05	--	116	209380	买盘
14:54:38	18.05	--	62	111910	买盘
14:54:34	18.05	--	26	46930	买盘
14:54:29	18.05	0.01	1	1805	买盘
14:54:23	18.04	--	10	18040	卖盘
14:54:19	18.04	--	14	25256	卖盘
14:54:14	18.04	-0.01	36	64944	卖盘
14:54:04	18.05	--	30	54384	卖盘
14:53:58	18.05	0.02	256	463650	买盘
14:53:53	18.03	--	127	228981	卖盘
14:53:47	18.03	--	3	5409	卖盘
14:53:43	18.03	--	25	45075	买盘
14:53:38	18.03	--	25	45075	买盘
14:53:32	18.03	--	15	27045	买盘
14:53:28	18.03	-0.01	69	124407	卖盘
14:53:23	18.04	--	20	36080	买盘
14:53:13	18.04	0.01	12	21648	买盘
14:53:08	18.03	-0.01	53	95559	卖盘
14:53:02	18.04	0.01	2	3608	买盘
14:52:58	18.03	-0.01	29	52287	卖盘
14:52:53	18.04	0.01	70	126280	买盘
14:52:47	18.03	-0.01	101	182103	卖盘
14:52:43	18.04	--	52	93808	买盘
14:52:32	18.04	--	31	55924	买盘
14:52:28	18.04	--	179	322916	买盘
14:52:23	18.04	-0.01	108	195066	卖盘
14:52:17	18.05	0.01	13	23465	买盘
14:52:13	18.04	--	16	28864	卖盘
14:52:08	18.04	--	2	3608	卖盘
14:51:58	18.04	-0.01	216	390187	卖盘
14:51:53	18.05	--	10	18050	买盘
14:51:47	18.05	--	2	3610	买盘
14:51:43	18.05	--	12	21660	买盘
14:51:38	18.05	0.01	146	263530	买盘
14:51:32	18.04	-0.01	45	81180	卖盘
14:51:28	18.05	0.01	5	9025	买盘
14:51:23	18.04	-0.01	80	144320	卖盘
14:51:17	18.05	0.01	19	34295	买盘
14:51:13	18.04	-0.01	9	16236	卖盘
14:51:08	18.05	--	92	166060	买盘
14:51:02	18.05	--	10	18050	买盘
14:50:58	18.05	0.01	137	247285	买盘
14:50:47	18.04	--	16	28864	卖盘
14:50:43	18.04	--	43	77572	卖盘
14:50:38	18.04	-0.02	66	119064	卖盘
14:50:28	18.06	0.01	10	18060	买盘
14:50:23	18.05	--	107	193135	卖盘
14:50:17	18.05	-0.01	12	21660	卖盘
14:50:13	18.06	0.01	40	72240	买盘
14:50:08	18.05	-0.01	78	140790	卖盘
14:50:02	18.06	0.01	21	37926	买盘
14:49:53	18.05	-0.01	11	19855	卖盘
14:49:47	18.06	0.01	3	5418	买盘
14:49:43	18.05	-0.01	46	83030	卖盘
14:49:38	18.06	--	5	9030	买盘
14:49:32	18.06	--	10	18060	买盘
14:49:23	18.06	--	12	23261	卖盘
14:49:17	18.06	--	6	10836	卖盘
14:49:13	18.06	--	41	74046	卖盘
14:49:08	18.06	--	115	207689	卖盘
14:49:02	18.06	--	4	7223	卖盘
14:48:53	18.06	0.02	190	343356	买盘
14:48:43	18.04	--	0	0	卖盘
14:48:38	18.04	-0.01	53	95612	卖盘
14:48:28	18.05	0.01	36	64980	买盘
14:48:23	18.04	-0.01	2	3608	卖盘
14:48:17	18.05	--	92	166060	买盘
14:48:13	18.05	0.01	85	153425	买盘
14:48:08	18.04	--	67	120868	卖盘
14:48:02	18.04	-0.01	2	3608	卖盘
14:47:58	18.05	--	3	5415	买盘
14:47:47	18.05	--	9	16245	买盘
14:47:43	18.05	--	11	19855	买盘
14:47:38	18.05	--	10	18050	买盘
14:47:32	18.05	--	34	61370	卖盘
14:47:28	18.05	--	7	13681	买盘
14:47:22	18.05	--	92	166818	卖盘
14:47:17	18.05	-0.01	5	9025	卖盘
14:47:07	18.06	--	75	135450	买盘
14:47:02	18.06	0.01	112	202272	买盘
14:46:56	18.05	--	230	415150	卖盘
14:46:52	18.05	-0.01	29	52345	卖盘
14:46:41	18.06	0.01	9	16253	买盘
14:46:37	18.05	--	48	86640	卖盘
14:46:32	18.05	--	5	9025	卖盘
14:46:26	18.05	-0.01	25	45125	卖盘
14:46:22	18.06	0.01	125	225749	买盘
14:46:17	18.05	-0.01	20	36100	卖盘
14:46:07	18.06	0.01	41	74046	买盘
14:46:02	18.05	-0.01	25	45125	卖盘
14:45:56	18.06	--	47	84882	买盘
14:45:52	18.06	0.01	1	1805	买盘
14:45:47	18.05	-0.01	12	21660	卖盘
14:45:41	18.06	0.01	54	97524	买盘
14:45:37	18.05	-0.01	34	61370	卖盘
14:45:32	18.06	--	20	36120	买盘
14:45:22	18.06	--	9	16253	买盘
14:45:17	18.06	--	15	27089	买盘
14:45:11	18.06	-0.01	170	308609	卖盘
14:45:07	18.07	--	139	251389	买盘
14:44:56	18.07	--	7	12649	买盘
14:44:52	18.07	--	35	63245	买盘
14:44:47	18.07	--	2	3614	买盘
14:44:41	18.07	--	1	1807	买盘
14:44:37	18.07	--	44	79508	卖盘
14:44:32	18.07	-0.01	57	102999	卖盘
14:44:26	18.08	0.01	4	7231	买盘
14:44:22	18.07	--	2	3614	卖盘
14:44:07	18.07	-0.01	134	242138	中性盘
14:44:02	18.08	0.02	60	108479	买盘
14:43:52	18.06	-0.01	170	307020	卖盘
14:43:37	18.07	--	54	97578	买盘
14:43:32	18.07	0.01	1	1807	中性盘
14:43:26	18.06	-0.01	33	59597	卖盘
14:43:22	18.07	--	7	12649	买盘
14:43:17	18.07	--	23	41561	卖盘
14:43:11	18.07	--	1	1807	卖盘
14:43:07	18.07	-0.01	51	92157	中性盘
14:43:02	18.08	0.02	22	39775	中性盘
14:42:52	18.06	--	0	0	卖盘
14:42:47	18.06	-0.03	19	34314	卖盘
14:42:37	18.09	--	6	12445	卖盘
14:42:32	18.09	--	15	27135	卖盘
14:42:26	18.09	--	25	45225	卖盘
14:42:22	18.09	--	36	65124	卖盘
14:42:17	18.09	--	116	209844	卖盘
14:42:11	18.09	--	45	81405	卖盘
14:42:07	18.09	--	85	155429	卖盘
14:42:02	18.09	--	26	47034	卖盘
14:41:56	18.09	--	6	10854	卖盘
14:41:52	18.09	--	57	103113	卖盘
14:41:47	18.09	--	111	200799	卖盘
14:41:41	18.09	--	11	19899	卖盘
14:41:37	18.09	0.04	693	1253998	买盘
14:41:32	18.05	-0.01	58	104690	卖盘
14:41:26	18.06	--	9	16253	买盘
14:41:21	18.06	--	13	23478	卖盘
14:41:17	18.06	--	37	66822	卖盘
14:41:11	18.06	--	410	740460	卖盘
14:41:01	18.06	--	14	25284	卖盘
14:40:50	18.06	-0.01	15	27089	卖盘
14:40:46	18.07	--	3	5421	买盘
14:40:41	18.07	--	48	86736	卖盘
14:40:35	18.07	-0.01	50	90350	卖盘
14:40:31	18.08	0.01	3	5423	买盘
14:40:26	18.07	-0.01	20	36140	卖盘
14:40:20	18.08	-0.01	5	9040	中性盘
14:40:16	18.09	0.01	70	126630	买盘
14:40:11	18.08	--	57	104502	卖盘
14:40:01	18.08	0.01	35	63641	买盘
14:39:56	18.07	-0.01	19	34333	卖盘
14:39:46	18.08	--	20	37606	卖盘
14:39:41	18.08	--	5	9040	卖盘
14:39:31	18.08	0.02	15	27481	买盘
14:39:16	18.06	--	0	0	卖盘
14:39:11	18.06	-0.01	232	418991	卖盘
14:39:01	18.07	--	25	45175	卖盘
14:38:50	18.07	-0.01	1	1807	卖盘
14:38:46	18.08	0.02	200	361599	买盘
14:38:41	18.06	-0.02	389	702534	卖盘
14:38:20	18.08	0.01	1	1807	买盘
14:38:16	18.07	0.01	75	135525	买盘
14:38:11	18.06	--	90	162540	卖盘
14:38:05	18.06	--	150	270900	卖盘
14:38:01	18.06	--	113	204078	卖盘
14:37:56	18.06	-0.01	69	124613	卖盘
14:37:31	18.07	--	10	18070	买盘
14:37:26	18.07	--	2	3614	卖盘
14:37:20	18.07	-0.01	1	1807	卖盘
14:37:16	18.08	0.01	109	197071	买盘
14:37:11	18.07	--	53	95771	买盘
14:37:05	18.07	--	40	72280	买盘
14:37:01	18.07	--	291	525837	卖盘
14:36:46	18.07	--	38	68666	买盘
14:36:41	18.07	0.01	26	46982	买盘
14:36:26	18.06	--	11	19866	买盘
14:36:16	18.06	--	9	16253	卖盘
14:36:11	18.06	-0.01	47	84882	卖盘
14:36:05	18.07	--	69	124683	买盘
14:36:01	18.07	0.01	56	101192	买盘
14:35:50	18.06	-0.01	52	93912	卖盘
14:35:46	18.07	--	5	9035	买盘
14:35:41	18.07	0.01	35	63245	买盘
14:35:35	18.06	-0.01	66	119195	卖盘
14:35:31	18.07	--	204	368628	买盘
14:35:26	18.07	0.01	53	95771	买盘
14:35:20	18.06	--	1	1805	卖盘
14:35:15	18.06	--	50	90300	卖盘
14:35:10	18.06	-0.01	41	74046	卖盘
14:35:05	18.07	0.01	40	72280	买盘
14:34:59	18.06	--	30	54179	卖盘
14:34:50	18.06	-0.01	20	36120	买盘
14:34:40	18.07	--	0	0	买盘
14:34:35	18.07	--	303	547521	买盘
14:34:29	18.07	--	0	0	买盘
14:34:25	18.07	--	63	113841	买盘
14:34:20	18.07	--	26	46982	买盘
14:34:05	18.07	0.01	47	84929	买盘
14:33:59	18.06	-0.01	6	10836	卖盘
14:33:50	18.07	--	27	48789	买盘
14:33:35	18.07	--	93	168051	买盘
14:33:25	18.07	0.01	77	139139	买盘
14:33:20	18.06	--	27	49665	卖盘
14:33:14	18.06	--	18	32507	卖盘
14:33:10	18.06	--	20	36120	卖盘
14:33:05	18.06	--	27	48762	买盘
14:32:55	18.06	0.01	10	18060	买盘
14:32:50	18.05	--	46	83030	卖盘
14:32:40	18.05	--	4	7220	卖盘
14:32:35	18.05	--	3	5415	卖盘
14:32:25	18.05	-0.01	223	402515	卖盘
14:32:20	18.06	--	54	97668	买盘
14:32:14	18.06	0.01	91	164346	买盘
14:32:10	18.05	-0.01	61	110105	卖盘
14:31:59	18.06	--	3	5418	买盘
14:31:55	18.06	--	24	43344	买盘
14:31:50	18.06	-0.01	310	559860	卖盘
14:31:44	18.07	--	5	9035	卖盘
14:31:40	18.07	--	11	19877	卖盘
14:31:35	18.07	--	10	18070	卖盘
14:31:29	18.07	--	45	81315	卖盘
14:31:25	18.07	--	18	32526	卖盘
14:31:20	18.07	0.01	4	7228	买盘
14:31:14	18.06	-0.01	21	37926	卖盘
14:31:10	18.07	--	30	54210	买盘
14:31:05	18.07	0.01	107	193349	买盘
14:30:59	18.06	-0.01	12	21672	卖盘
14:30:55	18.07	--	4	7228	买盘
14:30:50	18.07	--	20	36140	买盘
14:30:40	18.07	--	1	1807	买盘
14:30:35	18.07	--	24	43368	买盘
14:30:29	18.07	-0.01	36	65052	卖盘
14:30:25	18.08	0.01	44	79551	买盘
14:30:20	18.07	-0.01	15	27105	卖盘
14:30:10	18.08	--	47	84975	买盘
14:30:05	18.08	--	1	1807	买盘
14:29:55	18.08	0.01	9	16271	买盘
14:29:50	18.07	--	169	305383	买盘
14:29:44	18.07	--	40	72280	买盘
14:29:40	18.07	--	8	14456	买盘
14:29:35	18.07	--	19	34333	买盘
14:29:29	18.07	0.01	19	34333	买盘
14:29:25	18.06	-0.01	57	102941	卖盘
14:29:20	18.07	--	16	28912	买盘
14:29:09	18.07	--	48	86736	买盘
14:29:05	18.07	--	343	619801	买盘
14:28:59	18.07	--	2	3614	买盘
14:28:55	18.07	--	31	56017	买盘
14:28:49	18.07	0.01	16	28912	买盘
14:28:44	18.06	-0.01	100	180600	卖盘
14:28:39	18.07	--	12	21684	买盘
14:28:35	18.07	--	1	1807	买盘
14:28:29	18.07	--	18	32526	买盘
14:28:24	18.07	0.01	56	101192	买盘
14:28:19	18.06	-0.01	63	113777	卖盘
14:28:14	18.07	--	44	79508	买盘
14:28:08	18.07	--	8	14456	买盘
14:28:04	18.07	--	11	19877	买盘
14:27:59	18.07	--	30	54210	买盘
14:27:53	18.07	--	12	21684	买盘
14:27:49	18.07	0.01	21	37947	买盘
14:27:44	18.06	0.01	8	14447	中性盘
14:27:38	18.05	-0.01	693	1250865	卖盘
14:27:34	18.06	--	19	34314	买盘
14:27:29	18.06	0.01	34	61403	买盘
14:27:19	18.05	-0.01	56	101080	卖盘
14:27:14	18.06	--	52	93912	买盘
14:27:04	18.06	--	35	63209	买盘
14:26:59	18.06	--	43	77658	买盘
14:26:53	18.06	--	10	18060	买盘
14:26:49	18.06	--	21	37926	买盘
14:26:44	18.06	--	6	10836	买盘
14:26:34	18.06	--	29	52373	买盘
14:26:29	18.06	0.01	49	88494	买盘
14:26:19	18.05	-0.01	65	117325	卖盘
14:26:14	18.06	-0.01	56	101136	卖盘
14:26:04	18.07	--	10	18070	买盘
14:25:59	18.07	0.01	31	56017	买盘
14:25:49	18.06	0.01	112	202272	买盘
14:25:44	18.05	-0.01	110	198550	卖盘
14:25:38	18.06	--	3	5418	买盘
14:25:34	18.06	--	44	79464	买盘
14:25:29	18.06	--	105	189630	买盘
14:25:23	18.06	0.01	13	23478	买盘
14:25:19	18.05	-0.01	53	95665	卖盘
14:25:14	18.06	-0.01	77	139062	卖盘
14:25:08	18.07	--	4	7228	买盘
14:25:04	18.07	--	18	32526	买盘
14:24:59	18.07	--	14	25298	买盘
14:24:49	18.07	-0.01	650	1174550	中性盘
14:24:44	18.08	0.02	95	171759	买盘
14:24:34	18.06	-0.01	140	252839	卖盘
14:24:29	18.07	--	148	267436	卖盘
14:24:23	18.07	-0.01	33	59631	卖盘
14:24:19	18.08	--	63	113903	买盘
14:24:14	18.08	--	114	206111	买盘
14:24:04	18.08	-0.01	561	1014287	卖盘
14:23:59	18.09	--	6	10854	买盘
14:23:53	18.09	--	17	30753	买盘
14:23:49	18.09	--	4	7236	买盘
14:23:44	18.09	--	5	9045	买盘
14:23:38	18.09	0.01	4	7236	中性盘
14:23:34	18.08	--	531	960047	买盘
14:23:29	18.08	--	526	951007	买盘
14:23:23	18.08	0.01	82	148256	买盘
14:23:19	18.07	-0.03	42	75894	卖盘
14:23:14	18.1	--	0	0	买盘
14:23:08	18.1	--	5	9050	买盘
14:23:04	18.1	0.04	578	1046180	买盘
14:22:59	18.06	-0.01	5	9030	卖盘
14:22:53	18.07	--	4	7228	买盘
14:22:49	18.07	--	64	115648	买盘
14:22:43	18.07	0.01	8	14456	买盘
14:22:38	18.06	-0.01	40	72240	卖盘
14:22:34	18.07	0.02	10	18070	买盘
14:22:29	18.05	--	1053	1900665	卖盘
14:22:18	18.05	--	566	1021630	买盘
14:22:14	18.05	--	80	144400	买盘
14:22:08	18.05	--	40	72200	买盘
14:22:03	18.05	0.01	7	12635	买盘
14:21:58	18.04	0.01	777	1401708	买盘
14:21:53	18.03	-0.01	126	227178	卖盘
14:21:48	18.04	--	11	19844	买盘
14:21:43	18.04	0.01	4	7216	买盘
14:21:38	18.03	--	145	261435	买盘
14:21:32	18.03	--	401	723003	买盘
14:21:28	18.03	--	30	54090	买盘
14:21:23	18.03	0.01	88	158664	买盘
14:21:17	18.02	-0.01	124	223448	卖盘
14:21:13	18.03	--	38	68514	买盘
14:21:08	18.03	0.01	392	706776	买盘
14:21:02	18.02	--	3	5406	卖盘
14:20:58	18.02	--	7	12614	买盘
14:20:53	18.02	0.01	7	12614	买盘
14:20:47	18.01	-0.01	7	12607	卖盘
14:20:43	18.02	--	15	27030	卖盘
14:20:38	18.02	0.01	1	1802	买盘
14:20:32	18.01	--	137	247637	买盘
14:20:28	18.01	--	46	82846	买盘
14:20:23	18.01	--	73	131473	买盘
14:20:17	18.01	--	24	43224	买盘
14:20:13	18.01	-0.02	460	829360	卖盘
14:20:08	18.03	--	44	79332	买盘
14:20:02	18.03	--	4	7212	买盘
14:19:58	18.03	--	9	16227	买盘
14:19:53	18.03	--	4	7212	买盘
14:19:47	18.03	0.01	24	43272	买盘
14:19:43	18.02	--	23	41446	买盘
14:19:38	18.02	--	87	156774	买盘
14:19:32	18.02	--	4	7208	买盘
14:19:28	18.02	0.01	80	144160	买盘
14:19:23	18.01	-0.01	107	193607	卖盘
14:19:17	18.02	--	54	97308	买盘
14:19:13	18.02	--	34	61268	买盘
14:19:08	18.02	0.01	80	144160	买盘
14:18:58	18.01	--	90	162090	买盘
14:18:53	18.01	--	23	41423	买盘
14:18:47	18.01	--	45	81045	买盘
14:18:43	18.01	--	72	129672	买盘
14:18:38	18.01	-0.01	334	601534	卖盘
14:18:32	18.02	0.01	13	23426	买盘
14:18:28	18.01	-0.01	479	862679	卖盘
14:18:23	18.02	--	53	95506	买盘
14:18:17	18.02	--	108	194616	买盘
14:18:13	18.02	--	91	163982	买盘
14:18:08	18.02	--	84	151368	买盘
14:18:02	18.02	--	40	72080	买盘
14:17:58	18.02	--	48	86496	买盘
14:17:53	18.02	--	9	16218	买盘
14:17:43	18.02	--	514	926228	买盘
14:17:38	18.02	--	441	794682	买盘
14:17:28	18.02	0.01	16	28832	买盘
14:17:23	18.01	--	541	974341	卖盘
14:17:13	18.01	--	400	720400	买盘
14:17:08	18.01	--	52	93652	买盘
14:17:02	18.01	--	278	500678	买盘
14:16:58	18.01	0.01	19	34219	买盘
14:16:53	18.0	-0.01	43	77400	卖盘
14:16:47	18.01	--	3	5403	买盘
14:16:43	18.01	--	816	1469616	买盘
14:16:37	18.01	0.01	37	66637	买盘
14:16:28	18.0	--	51	91800	卖盘
14:16:22	18.0	-0.01	86	154800	卖盘
14:16:17	18.01	0.01	1	1801	买盘
14:16:13	18.0	-0.01	91	163800	卖盘
14:16:08	18.01	0.01	64	115264	买盘
14:16:02	18.0	--	0	0	中性盘
14:15:58	18.0	--	34	61200	买盘
14:15:52	18.0	-0.01	471	847800	中性盘
14:15:47	18.01	0.01	104	187304	买盘
14:15:42	18.0	--	254	457200	买盘
14:15:37	18.0	--	379	682200	买盘
14:15:32	18.0	--	300	540000	买盘
14:15:28	18.0	--	13	23400	买盘
14:15:22	18.0	--	40	72000	买盘
14:15:17	18.0	--	134	241200	买盘
14:15:12	18.0	0.01	74	133200	卖盘
14:15:07	17.99	--	66	120515	卖盘
14:15:02	17.99	-0.01	4	7195	卖盘
14:14:56	18.0	--	105	189000	买盘
14:14:52	18.0	0.01	210	378000	买盘
14:14:47	17.99	-0.01	18	32381	卖盘
14:14:41	18.0	--	39	70200	买盘
14:14:37	18.0	0.01	8	14400	买盘
14:14:17	17.99	0.01	93	167307	买盘
14:14:07	17.98	--	94	169012	卖盘
14:14:02	17.98	-0.01	30	53940	卖盘
14:13:52	17.99	--	201	361598	买盘
14:13:47	17.99	0.01	6	10793	买盘
14:13:37	17.98	-0.01	50	89900	卖盘
14:13:26	17.99	0.01	6	10793	买盘
14:13:22	17.98	--	291	523218	买盘
14:13:17	17.98	0.01	44	79112	买盘
14:13:07	17.97	--	81	146275	买盘
14:13:02	17.97	--	2	3594	买盘
14:12:56	17.97	--	125	224625	买盘
14:12:52	17.97	--	60	107820	买盘
14:12:47	17.97	--	12	21564	买盘
14:12:41	17.97	--	14	25984	卖盘
14:12:37	17.97	--	41	73677	卖盘
14:12:32	17.97	--	2	3594	卖盘
14:12:26	17.97	--	97	175279	买盘
14:12:22	17.97	--	100	179700	买盘
14:12:11	17.97	--	1	1797	买盘
14:12:07	17.97	-0.01	135	243421	卖盘
14:11:52	17.98	0.01	20	35960	买盘
14:11:41	17.97	-0.01	234	421468	卖盘
14:11:37	17.98	--	9	16182	买盘
14:11:26	17.98	--	673	1210054	卖盘
14:11:22	17.98	--	50	89900	卖盘
14:11:16	17.98	--	300	539400	卖盘
14:11:07	17.98	--	70	125860	卖盘
14:11:02	17.98	-0.01	52	93496	卖盘
14:10:52	17.99	--	10	17990	买盘
14:10:37	17.99	0.01	55	98944	买盘
14:10:31	17.98	-0.01	23	41354	卖盘
14:10:26	17.99	--	151	271649	买盘
14:10:22	17.99	--	1	1798	买盘
14:10:16	17.99	--	25	44974	买盘
14:10:07	17.99	--	42	75558	买盘
14:10:02	17.99	--	158	284242	卖盘
14:09:56	17.99	--	58	104341	卖盘
14:09:51	17.99	--	9	16190	卖盘
14:09:46	17.99	-0.01	59	106140	卖盘
14:09:41	18.0	--	87	156600	买盘
14:09:31	18.0	--	16	28800	买盘
14:09:16	18.0	0.01	34	61200	买盘
14:09:07	17.99	-0.01	45	80955	卖盘
14:09:01	18.0	0.01	60	108000	买盘
14:08:50	17.99	--	7	12592	卖盘
14:08:41	17.99	--	8	14391	卖盘
14:08:36	17.99	--	44	79156	卖盘
14:08:31	17.99	--	2	3597	卖盘
14:08:26	17.99	-0.01	3	5396	卖盘
14:08:16	18.0	--	57	102600	买盘
14:08:05	18.0	0.01	40	72000	买盘
14:08:01	17.99	-0.01	44	79156	卖盘
14:07:56	18.0	0.01	10	18000	买盘
14:07:50	17.99	-0.01	18	32381	卖盘
14:07:46	18.0	0.01	50	90000	买盘
14:07:41	17.99	-0.01	61	109738	卖盘
14:07:35	18.0	0.01	10	18000	买盘
14:07:31	17.99	--	24	43175	卖盘
14:07:26	17.99	-0.01	3	5396	卖盘
14:07:16	18.0	0.01	4	7200	买盘
14:07:11	17.99	-0.01	6	10793	卖盘
14:07:05	18.0	--	40	72000	买盘
14:07:01	18.0	0.01	7	12600	买盘
14:06:56	17.99	-0.01	144	259055	卖盘
14:06:50	18.0	--	1	1800	买盘
14:06:46	18.0	--	15	27000	买盘
14:06:41	18.0	--	35	63000	买盘
14:06:31	18.0	--	121	217818	卖盘
14:06:26	18.0	--	25	45000	卖盘
14:06:20	18.0	--	17	30600	卖盘
14:06:16	18.0	--	38	70182	买盘
14:06:11	18.0	--	23	41400	买盘
14:06:05	18.0	0.01	44	79200	买盘
14:06:01	17.99	-0.01	28	50371	卖盘
14:05:56	18.0	--	57	102600	买盘
14:05:46	18.0	-0.01	126	226818	卖盘
14:05:35	18.01	0.01	128	230528	买盘
14:05:31	18.0	--	64	115200	卖盘
14:05:16	18.0	--	3	5400	卖盘
14:05:11	18.0	-0.01	22	41382	卖盘
14:05:05	18.01	--	40	72040	买盘
14:05:01	18.01	--	2	3602	买盘
14:04:56	18.01	0.01	7	12607	买盘
14:04:50	18.0	-0.01	49	88200	卖盘
14:04:41	18.01	--	6	10806	买盘
14:04:31	18.01	0.01	5	9005	买盘
14:04:26	18.0	-0.01	5	9000	卖盘
14:04:20	18.01	0.01	1	1801	买盘
14:04:11	18.0	-0.01	218	392400	卖盘
14:04:05	18.01	--	40	72040	买盘
14:04:01	18.01	0.01	1	1801	买盘
14:03:46	18.0	--	44	79200	卖盘
14:03:40	18.0	--	13	23400	卖盘
14:03:35	18.0	-0.01	5	9000	卖盘
14:03:31	18.01	--	11	19811	买盘
14:03:15	18.01	0.01	26	46826	买盘
14:03:05	18.0	--	31	55800	买盘
14:03:00	18.0	--	6	10800	买盘
14:02:55	18.0	0.01	13	23400	买盘
14:02:45	17.99	-0.01	52	93547	卖盘
14:02:40	18.0	--	8	14400	买盘
14:02:30	18.0	--	1	1800	买盘
14:02:25	18.0	--	11	19800	买盘
14:02:20	18.0	--	64	115200	卖盘
14:02:15	18.0	-0.01	105	189000	卖盘
14:02:10	18.01	--	9	16209	买盘
14:02:00	18.01	0.01	300	540300	买盘
14:01:55	18.0	--	106	190800	卖盘
14:01:44	18.0	-0.01	45	81000	卖盘
14:01:40	18.01	--	20	36020	买盘
14:01:30	18.01	--	35	63035	买盘
14:01:25	18.01	0.01	1	1801	买盘
14:01:20	18.0	-0.01	32	57600	卖盘
14:01:10	18.01	0.02	28	50428	买盘
14:01:05	17.99	--	10	17990	卖盘
14:00:59	17.99	--	0	0	卖盘
14:00:50	17.99	-0.01	9	16190	卖盘
14:00:40	18.0	-0.01	50	90000	卖盘
14:00:35	18.01	--	3	5403	买盘
14:00:29	18.01	--	47	84647	买盘
14:00:25	18.01	0.01	18	32418	买盘
14:00:14	18.0	--	0	0	卖盘
14:00:10	18.0	--	11	19800	买盘
14:00:05	18.0	0.02	50	90000	买盘
13:59:55	17.98	--	210	377580	卖盘
13:59:40	17.98	--	1256	2258288	卖盘
13:59:35	17.98	-0.01	4	7192	卖盘
13:59:29	17.99	0.01	50	89949	买盘
13:59:25	17.98	-0.01	12	21576	卖盘
13:59:20	17.99	0.01	29	52170	买盘
13:59:14	17.98	--	3	5394	卖盘
13:59:05	17.98	-0.01	40	71920	卖盘
13:58:59	17.99	--	146	262654	买盘
13:58:55	17.99	0.01	45	80955	买盘
13:58:50	17.98	--	20	35960	卖盘
13:58:35	17.98	--	49	88102	买盘
13:58:29	17.98	--	56	100688	买盘
13:58:25	17.98	--	16	28768	买盘
13:58:20	17.98	-0.01	50	89900	卖盘
13:58:14	17.99	--	1	1798	买盘
13:58:10	17.99	0.01	8	14391	买盘
13:57:54	17.98	--	263	472874	买盘
13:57:40	17.98	0.01	8	14384	买盘
13:57:35	17.97	--	141	253376	买盘
13:57:29	17.97	--	4	7188	买盘
13:57:25	17.97	--	19	34143	买盘
13:57:19	17.97	--	29	52113	买盘
13:57:09	17.97	--	10	17970	买盘
13:57:05	17.97	--	63	113211	卖盘
13:56:40	17.97	-0.01	55	98835	中性盘
13:56:34	17.98	0.02	54	97092	买盘
13:56:29	17.96	--	4	7184	卖盘
13:56:25	17.96	-0.01	59	105964	卖盘
13:56:19	17.97	0.01	20	35940	买盘
13:56:14	17.96	-0.01	103	184988	卖盘
13:56:09	17.97	0.01	2	3594	买盘
13:55:55	17.96	-0.01	3	5388	卖盘
13:55:49	17.97	-0.01	29	52113	卖盘
13:55:39	17.98	0.01	11	19778	买盘
13:55:24	17.97	--	39	70083	卖盘
13:55:19	17.97	--	97	174309	买盘
13:55:04	17.97	--	9	16172	卖盘
13:54:59	17.97	0.01	1	1797	买盘
13:54:54	17.96	0.01	5	8980	卖盘
13:54:44	17.95	--	94	168730	卖盘
13:54:39	17.95	-0.03	4	7180	卖盘
13:54:34	17.98	0.02	58	104284	买盘
13:54:29	17.96	--	2	3592	买盘
13:54:19	17.96	--	2	3592	卖盘
13:54:14	17.96	-0.02	30	53880	卖盘
13:54:08	17.98	0.02	9	16182	买盘
13:54:04	17.96	0.01	14	25144	中性盘
13:53:59	17.95	--	283	507985	卖盘
13:53:53	17.95	--	100	179500	卖盘
13:53:49	17.95	--	60	107700	卖盘
13:53:44	17.95	--	0	0	卖盘
13:53:38	17.95	-0.01	40	71800	卖盘
13:53:34	17.96	-0.01	20	35920	买盘
13:53:29	17.97	0.02	27	48519	买盘
13:53:23	17.95	-0.01	461	827495	卖盘
13:53:19	17.96	--	40	71840	卖盘
13:53:14	17.96	--	61	109556	卖盘
13:53:08	17.96	--	62	111352	卖盘
13:52:59	17.96	--	45	80820	卖盘
13:52:49	17.96	--	70	125720	卖盘
13:52:44	17.96	--	40	71840	卖盘
13:52:38	17.96	--	41	73636	买盘
13:52:34	17.96	--	296	531616	买盘
13:52:29	17.96	--	457	820772	卖盘
13:52:19	17.96	-0.01	111	199356	卖盘
13:52:08	17.97	0.01	36	64691	卖盘
13:52:04	17.96	-0.01	62	111352	卖盘
13:51:59	17.97	--	50	89850	卖盘
13:51:53	17.97	--	16	28752	买盘
13:51:48	17.97	0.01	421	756537	买盘
13:51:44	17.96	--	24	43104	卖盘
13:51:38	17.96	--	40	71840	卖盘
13:51:34	17.96	--	0	0	卖盘
13:51:29	17.96	-0.02	70	125720	卖盘
13:51:19	17.98	0.01	45	80910	买盘
13:51:14	17.97	--	192	345024	卖盘
13:51:04	17.97	--	108	194076	卖盘
13:50:59	17.97	--	20	35940	卖盘
13:50:48	17.97	-0.01	100	179700	卖盘
13:50:43	17.98	0.01	3	5394	买盘
13:50:29	17.97	-0.01	14	25158	卖盘
13:50:23	17.98	0.01	13	23374	买盘
13:50:13	17.97	--	128	230016	卖盘
13:50:08	17.97	-0.01	85	152745	卖盘
13:50:03	17.98	0.01	1	1798	买盘
13:49:59	17.97	-0.01	30	53910	卖盘
13:49:48	17.98	--	9	16182	买盘
13:49:43	17.98	--	277	498046	买盘
13:49:34	17.98	0.01	4	7192	买盘
13:49:28	17.97	-0.01	48	86256	卖盘
13:49:13	17.98	0.01	28	50344	卖盘
13:49:03	17.97	--	45	80865	卖盘
13:48:58	17.97	--	5	8985	卖盘
13:48:53	17.97	--	0	0	卖盘
13:48:48	17.97	-0.02	605	1087185	卖盘
13:48:43	17.99	--	5	8995	买盘
13:48:38	17.99	--	20	35980	买盘
13:48:33	17.99	--	259	465940	卖盘
13:48:13	17.99	--	11	19789	卖盘
13:47:58	17.99	--	83	149317	买盘
13:47:53	17.99	0.01	2	3597	买盘
13:47:43	17.98	-0.01	5	8990	卖盘
13:47:38	17.99	--	60	107939	买盘
13:47:32	17.99	0.01	200	359799	买盘
13:47:28	17.98	-0.01	4	7192	卖盘
13:47:17	17.99	--	5	8995	买盘
13:47:13	17.99	0.01	10	17990	买盘
13:47:08	17.98	-0.01	2	3596	卖盘
13:46:58	17.99	--	49	88150	买盘
13:46:53	17.99	--	16	28783	买盘
13:46:47	17.99	--	34	61165	买盘
13:46:32	17.99	--	9	16190	买盘
13:46:23	17.99	0.01	1	1798	买盘
13:45:58	17.98	--	206	370388	买盘
13:45:53	17.98	--	47	84506	买盘
13:45:42	17.98	--	1	1798	买盘
13:45:38	17.98	--	15	26970	买盘
13:45:32	17.98	--	3	5394	买盘
13:45:27	17.98	0.02	153	275094	中性盘
13:45:23	17.96	-0.03	1145	2056420	卖盘
13:45:17	17.99	0.01	3	5396	买盘
13:45:12	17.98	--	10	17980	卖盘
13:45:08	17.98	--	48	86304	买盘
13:45:02	17.98	--	50	89900	买盘
13:44:58	17.98	--	26	46748	买盘
13:44:53	17.98	0.01	33	59334	买盘
13:44:47	17.97	--	46	82662	卖盘
13:44:42	17.97	--	90	161730	卖盘
13:44:38	17.97	-0.01	13	23361	卖盘
13:44:32	17.98	--	150	269700	买盘
13:44:08	17.98	-0.01	307	551986	卖盘
13:44:02	17.99	0.01	10	17990	买盘
13:43:58	17.98	--	21	37758	卖盘
13:43:43	17.98	-0.01	46	82708	卖盘
13:43:38	17.99	--	10	17990	买盘
13:43:27	17.99	-0.01	115	206884	买盘
13:43:23	18.0	0.01	100	180000	买盘
13:43:12	17.99	--	11	19789	买盘
13:43:07	17.99	--	5	8995	买盘
13:43:02	17.99	-0.01	37	66563	卖盘
13:42:57	18.0	--	35	63000	买盘
13:42:47	18.0	--	10	18000	买盘
13:42:37	18.0	--	51	91800	买盘
13:42:32	18.0	0.01	8	14400	买盘
13:42:17	17.99	0.01	3	5396	买盘
13:42:12	17.98	-0.02	3	5394	卖盘
13:42:07	18.0	--	101	181800	买盘
13:42:02	18.0	0.01	103	185400	买盘
13:41:57	17.99	--	222	399377	中性盘
13:41:47	17.99	--	10	17990	卖盘
13:41:42	17.99	--	22	39578	卖盘
13:41:32	17.99	-0.01	46	82754	卖盘
13:41:22	18.0	0.01	3	5400	买盘
13:41:17	17.99	-0.01	1	1798	卖盘
13:41:12	18.0	0.01	2	3600	买盘
13:41:02	17.99	-0.01	74	133126	卖盘
13:40:57	18.0	0.01	16	28800	买盘
13:40:52	17.99	--	15	26984	卖盘
13:40:47	17.99	0.01	164	295036	买盘
13:40:42	17.98	-0.01	13	23374	卖盘
13:40:37	17.99	--	1	1798	买盘
13:40:32	17.99	-0.01	53	95346	卖盘
13:40:26	18.0	0.01	502	903600	买盘
13:40:22	17.99	-0.01	2	3597	卖盘
13:40:17	18.0	0.01	43	77400	买盘
13:40:07	17.99	-0.01	14	25185	卖盘
13:40:02	18.0	0.02	25	45000	买盘
13:39:56	17.98	-0.02	78	140244	卖盘
13:39:52	18.0	--	5	9000	买盘
13:39:47	18.0	--	35	63000	买盘
13:39:41	18.0	0.02	76	136800	买盘
13:39:37	17.98	-0.01	5	8990	卖盘
13:39:32	17.99	-0.03	1003	1804396	卖盘
13:39:26	18.02	--	6	10812	卖盘
13:39:22	18.02	--	100	180200	卖盘
13:39:11	18.02	--	10	18020	卖盘
13:39:07	18.02	-0.01	3	5406	买盘
13:39:02	18.03	0.01	50	90150	买盘
13:38:56	18.02	--	15	27030	买盘
13:38:52	18.02	-0.01	86	154972	卖盘
13:38:47	18.03	--	3	5409	买盘
13:38:36	18.03	--	43	77529	买盘
13:38:32	18.03	--	82	147846	买盘
13:38:21	18.03	0.01	10	18030	买盘
13:38:17	18.02	-0.01	46	82892	卖盘
13:37:56	18.03	0.01	17	30651	买盘
13:37:51	18.02	-0.01	10	18020	卖盘
13:37:47	18.03	0.02	308	555324	买盘
13:37:32	18.01	-0.01	5	9005	卖盘
13:37:26	18.02	0.01	224	403648	买盘
13:37:21	18.01	--	21	37821	卖盘
13:37:17	18.01	-0.01	97	174697	卖盘
13:37:06	18.02	--	8	14416	买盘
13:37:02	18.02	--	2	3604	买盘
13:36:56	18.02	--	26	46852	买盘
13:36:51	18.02	--	10	18020	买盘
13:36:47	18.02	--	249	448698	买盘
13:36:31	18.02	--	10	18020	买盘
13:36:26	18.02	--	50	90100	买盘
13:36:21	18.02	--	99	178398	买盘
13:36:17	18.02	--	80	144160	买盘
13:36:11	18.02	--	60	108120	买盘
13:36:07	18.02	--	184	331568	买盘
13:36:02	18.02	--	54	97308	买盘
13:35:52	18.02	--	55	99110	买盘
13:35:46	18.02	--	13	23426	买盘
13:35:41	18.02	--	2	3604	买盘
13:35:36	18.02	--	8	14416	买盘
13:35:31	18.02	--	71	127942	买盘
13:35:26	18.02	--	0	0	买盘
13:35:21	18.02	--	28	50456	买盘
13:35:16	18.02	--	20	36040	买盘
13:35:06	18.02	0.02	72	129744	买盘
13:35:01	18.0	--	51	91800	卖盘
13:34:51	18.0	0.02	142	257202	买盘
13:34:46	17.98	-0.02	6	10788	卖盘
13:34:31	18.0	0.01	3409	6136200	买盘
13:34:26	17.99	--	2	3597	买盘
13:34:16	17.99	--	36	64763	买盘
13:34:01	17.99	0.01	48	86351	买盘
13:33:50	17.98	-0.01	53	95294	卖盘
13:33:46	17.99	--	6	10793	买盘
13:33:35	17.99	--	21	37779	买盘
13:33:31	17.99	0.01	35	62964	买盘
13:33:20	17.98	-0.01	109	195982	卖盘
13:33:16	17.99	0.02	1	1798	买盘
13:33:05	17.97	--	0	0	卖盘
13:33:01	17.97	-0.01	649	1166253	卖盘
13:32:56	17.98	--	63	113274	买盘
13:32:50	17.98	--	1	1798	买盘
13:32:46	17.98	--	172	309256	买盘
13:32:41	17.98	--	11	19778	买盘
13:32:31	17.98	--	170	305660	买盘
13:32:26	17.98	--	46	82708	买盘
13:32:20	17.98	--	10	17980	买盘
13:32:15	17.98	--	210	377580	买盘
13:32:11	17.98	--	106	190588	买盘
13:32:05	17.98	0.01	2	3596	买盘
13:31:56	17.97	-0.01	4	7188	卖盘
13:31:50	17.98	--	66	118668	买盘
13:31:45	17.98	--	33	59334	买盘
13:31:41	17.98	--	18	32364	买盘
13:31:35	17.98	--	4	7192	买盘
13:31:26	17.98	--	17	30566	买盘
13:31:15	17.98	--	11	19778	买盘
13:31:11	17.98	0.01	2	3596	买盘
13:31:00	17.97	-0.01	6	10782	卖盘
13:30:56	17.98	0.01	164	294872	买盘
13:30:45	17.97	-0.01	47	84459	卖盘
13:30:41	17.98	0.01	22	39556	买盘
13:30:35	17.97	-0.01	42	75474	卖盘
13:30:30	17.98	--	6	10788	买盘
13:30:26	17.98	--	9	16182	买盘
13:30:20	17.98	--	103	185194	买盘
13:30:15	17.98	--	40	71920	买盘
13:30:10	17.98	--	9	16182	买盘
13:30:00	17.98	0.01	20	35960	买盘
13:29:45	17.97	--	67	120398	卖盘
13:29:40	17.97	-0.01	251	451047	卖盘
13:29:30	17.98	--	7	12586	买盘
13:29:25	17.98	--	136	244528	买盘
13:29:15	17.98	--	0	0	买盘
13:29:10	17.98	0.01	583	1048234	买盘
13:29:05	17.97	-0.01	137	246188	卖盘
13:28:40	17.98	--	66	118668	买盘
13:28:25	17.98	--	27	48546	买盘
13:28:15	17.98	--	29	52142	买盘
13:28:10	17.98	--	20	35960	买盘
13:28:05	17.98	0.01	5	8990	买盘
13:28:00	17.97	-0.01	13	23361	卖盘
13:27:55	17.98	--	10	17980	买盘
13:27:50	17.98	0.01	8	14384	买盘
13:27:40	17.97	--	45	80865	买盘
13:27:35	17.97	--	22	39534	买盘
13:27:29	17.97	-0.01	67	120398	卖盘
13:27:25	17.98	0.01	26	46748	买盘
13:27:15	17.97	--	1	1797	卖盘
13:27:10	17.97	--	38	68286	买盘
13:27:05	17.97	--	12	21564	买盘
13:27:00	17.97	--	12	21564	买盘
13:26:55	17.97	--	5	8985	买盘
13:26:50	17.97	--	3	5391	买盘
13:26:44	17.97	--	30	53910	买盘
13:26:40	17.97	--	20	35940	买盘
13:26:35	17.97	--	9	16172	买盘
13:26:29	17.97	--	1	1797	买盘
13:26:25	17.97	--	29	52113	卖盘
13:26:20	17.97	--	29	52113	卖盘
13:26:10	17.97	-0.01	12	21564	卖盘
13:26:05	17.98	0.01	20	35960	买盘
13:25:59	17.97	--	25	44925	卖盘
13:25:55	17.97	--	4	7188	卖盘
13:25:50	17.97	--	40	71880	买盘
13:25:40	17.97	--	46	82662	买盘
13:25:35	17.97	--	20	35940	买盘
13:25:29	17.97	0.01	5	8985	买盘
13:25:25	17.96	-0.01	27	48492	卖盘
13:25:20	17.97	--	5	8985	卖盘
13:25:09	17.97	--	14	25158	卖盘
13:25:05	17.97	--	19	34143	卖盘
13:24:54	17.97	-0.01	7	12579	卖盘
13:24:50	17.98	0.01	21	37758	买盘
13:24:44	17.97	--	9	16172	卖盘
13:24:39	17.97	--	10	17970	卖盘
13:24:20	17.97	--	46	82662	卖盘
13:24:14	17.97	--	6	10782	卖盘
13:24:09	17.97	--	22	39534	买盘
13:24:04	17.97	0.01	7	12579	买盘
13:23:54	17.96	--	35	62860	卖盘
13:23:49	17.96	--	125	224500	卖盘
13:23:44	17.96	--	4	7184	卖盘
13:23:39	17.96	--	36	64656	卖盘
13:23:35	17.96	-0.01	51	91596	卖盘
13:23:24	17.97	0.01	4	7188	买盘
13:23:20	17.96	-0.01	16	28736	卖盘
13:23:09	17.97	-0.01	217	389949	卖盘
13:23:05	17.98	0.01	16	28768	买盘
13:22:59	17.97	--	66	118601	卖盘
13:22:54	17.97	--	31	55707	卖盘
13:22:49	17.97	--	10	17970	卖盘
13:22:39	17.97	-0.01	9	16172	卖盘
13:22:35	17.98	0.01	8	14384	买盘
13:22:29	17.97	--	9	16172	买盘
13:22:24	17.97	--	20	35940	买盘
13:22:20	17.97	--	106	190482	买盘
13:22:09	17.97	--	81	145557	买盘
13:22:04	17.97	0.01	78	140166	买盘
13:21:59	17.96	-0.01	5	8980	卖盘
13:21:54	17.97	--	5	8985	买盘
13:21:44	17.97	0.01	1	1797	买盘
13:21:34	17.96	-0.01	86	154456	卖盘
13:21:29	17.97	--	3	5391	买盘
13:21:24	17.97	0.01	5	8985	买盘
13:21:19	17.96	-0.01	228	409488	卖盘
13:21:14	17.97	--	60	107820	买盘
13:21:09	17.97	--	130	233609	买盘
13:21:04	17.97	--	56	100632	买盘
13:20:59	17.97	0.01	76	136572	买盘
13:20:54	17.96	-0.01	30	53880	卖盘
13:20:49	17.97	--	18	32345	买盘
13:20:44	17.97	--	13	23361	买盘
13:20:38	17.97	--	142	255371	卖盘
13:20:34	17.97	--	28	50316	卖盘
13:20:29	17.97	--	36	64691	卖盘
13:20:24	17.97	-0.01	40	71880	卖盘
13:20:19	17.98	--	6	10788	买盘
13:20:14	17.98	0.01	48	86304	买盘
13:20:08	17.97	--	30	53910	卖盘
13:20:04	17.97	-0.01	22	41133	卖盘
13:19:59	17.98	0.01	67	120466	买盘
13:19:53	17.97	--	15	26955	卖盘
13:19:49	17.97	--	48	86256	卖盘
13:19:44	17.97	-0.01	5	8985	卖盘
13:19:38	17.98	0.01	4	7192	买盘
13:19:34	17.97	-0.01	33	59300	卖盘
13:19:29	17.98	0.01	8	14384	买盘
13:19:23	17.97	-0.01	8	14376	卖盘
13:19:19	17.98	--	27	48546	买盘
13:19:14	17.98	--	49	88102	买盘
13:19:08	17.98	0.01	9	16182	买盘
13:19:04	17.97	--	77	138369	卖盘
13:18:59	17.97	--	96	172512	卖盘
13:18:53	17.97	--	89	159933	卖盘
13:18:38	17.97	--	25	44925	卖盘
13:18:34	17.97	--	566	1017101	卖盘
13:18:29	17.97	--	5	8985	卖盘
13:18:23	17.97	-0.01	21	37737	卖盘
13:18:18	17.98	--	42	75516	买盘
13:18:14	17.98	0.01	92	165416	买盘
13:18:03	17.97	-0.01	73	131181	卖盘
13:17:59	17.98	0.01	11	19778	买盘
13:17:53	17.97	-0.01	96	172512	卖盘
13:17:48	17.98	--	58	104284	买盘
13:17:44	17.98	--	3	5394	买盘
13:17:38	17.98	0.01	1	1798	买盘
13:17:33	17.97	--	71	127586	卖盘
13:17:23	17.97	-0.01	51	91647	卖盘
13:17:18	17.98	--	9	16182	买盘
13:17:14	17.98	--	20	35960	买盘
13:17:03	17.98	--	254	456692	买盘
13:16:58	17.98	--	129	231942	买盘
13:16:48	17.98	0.01	36	64728	买盘
13:16:44	17.97	-0.01	54	97038	卖盘
13:16:33	17.98	--	34	61132	买盘
13:16:28	17.98	0.01	308	553784	买盘
13:16:18	17.97	--	15	26955	卖盘
13:16:14	17.97	--	556	999131	买盘
13:16:08	17.97	0.01	52	93444	买盘
13:15:58	17.96	-0.01	90	161640	卖盘
13:15:53	17.97	0.01	1	1797	买盘
13:15:48	17.96	--	100	179600	卖盘
13:15:44	17.96	--	97	174212	卖盘
13:15:38	17.96	--	51	91596	卖盘
13:15:33	17.96	-0.01	85	152660	卖盘
13:15:28	17.97	0.01	10	17970	买盘
13:15:23	17.96	--	41	73636	卖盘
13:15:18	17.96	-0.01	15	26940	卖盘
13:15:13	17.97	0.01	14	25158	买盘
13:15:03	17.96	--	10	17960	卖盘
13:14:58	17.96	-0.01	81	145476	卖盘
13:14:53	17.97	--	50	89850	买盘
13:14:48	17.97	--	50	89850	买盘
13:14:43	17.97	--	106	190482	买盘
13:14:38	17.97	0.01	1	1797	买盘
13:14:33	17.96	--	79	141884	卖盘
13:14:28	17.96	--	108	193968	卖盘
13:14:23	17.96	-0.01	17	30532	卖盘
13:14:18	17.97	0.01	3	5391	买盘
13:14:13	17.96	--	56	100576	卖盘
13:14:08	17.96	-0.01	1	1796	卖盘
13:14:02	17.97	0.01	77	138369	买盘
13:13:53	17.96	--	97	174212	买盘
13:13:47	17.96	--	4	7184	买盘
13:13:43	17.96	--	138	247848	卖盘
13:13:38	17.96	--	4	7184	买盘
13:13:33	17.96	--	10	17960	买盘
13:13:28	17.96	-0.01	85	152660	卖盘
13:13:23	17.97	0.01	5	8985	买盘
13:13:17	17.96	--	37	66452	卖盘
13:13:13	17.96	-0.01	33	59268	卖盘
13:13:02	17.97	0.01	63	113211	买盘
13:12:58	17.96	--	87	156252	买盘
13:12:53	17.96	--	138	247848	卖盘
13:12:43	17.96	-0.01	76	136496	卖盘
13:12:38	17.97	0.01	3	5391	买盘
13:12:32	17.96	--	15	26940	卖盘
13:12:28	17.96	--	59	105964	卖盘
13:12:23	17.96	-0.01	98	176008	卖盘
13:12:17	17.97	0.01	11	19767	买盘
13:12:13	17.96	-0.01	12	21552	卖盘
13:12:08	17.97	--	13	23361	买盘
13:12:02	17.97	0.01	2	3594	买盘
13:11:53	17.96	--	34	61064	卖盘
13:11:47	17.96	--	74	132904	买盘
13:11:42	17.96	--	33	59268	买盘
13:11:38	17.96	--	43	77228	买盘
13:11:32	17.96	--	202	362792	买盘
13:11:27	17.96	--	7	12572	买盘
13:11:23	17.96	--	53	95188	买盘
13:11:17	17.96	--	5	8980	买盘
13:11:08	17.96	--	32	57472	买盘
13:10:57	17.96	--	138	247848	买盘
13:10:53	17.96	0.01	22	39512	买盘
13:10:47	17.95	-0.01	3	5385	卖盘
13:10:42	17.96	0.01	15	26940	买盘
13:10:38	17.95	-0.01	45	80775	卖盘
13:10:32	17.96	--	15	26940	买盘
13:10:23	17.96	--	19	34124	买盘
13:10:17	17.96	0.01	7	12572	买盘
13:10:12	17.95	--	91	163345	卖盘
13:10:08	17.95	-0.01	6	10770	卖盘
13:10:02	17.96	--	13	23348	买盘
13:09:57	17.96	--	23	41308	买盘
13:09:53	17.96	--	39	70044	买盘
13:09:47	17.96	--	3	5388	买盘
13:09:42	17.96	--	7	12572	买盘
13:09:37	17.96	--	5	8980	买盘
13:09:32	17.96	--	10	17960	买盘
13:09:27	17.96	--	96	172416	买盘
13:09:12	17.96	--	63	113148	买盘
13:09:07	17.96	--	60	107760	买盘
13:09:02	17.96	-0.01	139	249644	卖盘
13:08:57	17.97	--	241	433077	买盘
13:08:52	17.97	--	1	1797	买盘
13:08:47	17.97	--	11	19767	买盘
13:08:38	17.97	--	7	12579	买盘
13:08:32	17.97	--	12	21564	买盘
13:08:27	17.97	0.01	15	26955	买盘
13:08:22	17.96	-0.01	67	120332	卖盘
13:08:17	17.97	0.01	6	10782	买盘
13:08:12	17.96	--	13	23348	卖盘
13:08:07	17.96	--	46	82616	卖盘
13:07:57	17.96	-0.01	10	17960	卖盘
13:07:52	17.97	0.01	43	77271	买盘
13:07:47	17.96	--	54	96984	买盘
13:07:42	17.96	--	20	35920	买盘
13:07:37	17.96	0.02	18	32328	买盘
13:07:32	17.94	-0.02	604	1083576	卖盘
13:07:27	17.96	0.01	37	66452	买盘
13:07:22	17.95	--	44	78980	卖盘
13:07:17	17.95	--	18	32974	买盘
13:07:11	17.95	--	119	213605	买盘
13:07:07	17.95	--	59	105905	买盘
13:07:02	17.95	--	83	148985	买盘
13:06:52	17.95	--	34	61030	买盘
13:06:41	17.95	--	52	93340	买盘
13:06:37	17.95	--	27	48465	买盘
13:06:32	17.95	--	9	16155	买盘
13:06:26	17.95	--	5	8975	买盘
13:06:22	17.95	--	50	89750	买盘
13:06:17	17.95	--	14	25130	买盘
13:06:11	17.95	--	238	427210	买盘
13:06:07	17.95	--	57	102315	买盘
13:06:02	17.95	-0.01	1320	2370530	卖盘
13:05:56	17.96	-0.01	50	89800	卖盘
13:05:52	17.97	--	60	107820	买盘
13:05:47	17.97	--	20	35940	买盘
13:05:32	17.97	--	6	10782	买盘
13:05:21	17.97	0.01	11	19767	买盘
13:05:17	17.96	-0.01	14	25144	卖盘
13:05:11	17.97	--	4	7188	买盘
13:05:02	17.97	--	49	88053	买盘
13:04:51	17.97	--	13	23361	买盘
13:04:41	17.97	0.01	25	44925	买盘
13:04:36	17.96	-0.01	3	5388	卖盘
13:04:32	17.97	--	41	73677	买盘
13:04:26	17.97	0.01	11	19767	买盘
13:04:21	17.96	-0.01	25	44900	卖盘
13:04:06	17.97	0.01	2	3594	买盘
13:04:01	17.96	--	14	25144	卖盘
13:03:56	17.96	--	2	3592	卖盘
13:03:51	17.96	--	77	138292	卖盘
13:03:46	17.96	-0.01	22	39512	卖盘
13:03:36	17.97	--	8	14376	买盘
13:03:21	17.97	--	33	59300	买盘
13:03:17	17.97	--	222	398934	卖盘
13:03:06	17.97	-0.01	60	107820	卖盘
13:03:01	17.98	0.02	219	393762	买盘
13:02:51	17.96	--	23	41308	卖盘
13:02:41	17.96	-0.01	19	34124	卖盘
13:02:36	17.97	--	4	7188	买盘
13:02:31	17.97	-0.01	6	10782	中性盘
13:02:21	17.98	0.02	5	8990	买盘
13:02:06	17.96	-0.02	27	48492	卖盘
13:02:01	17.98	-0.01	126	226548	卖盘
13:01:56	17.99	--	24	43175	买盘
13:01:51	17.99	0.01	20	35980	买盘
13:01:46	17.98	--	6	10788	卖盘
13:01:36	17.98	-0.01	151	271498	卖盘
13:01:31	17.99	--	28	50371	卖盘
13:01:26	17.99	--	9	16190	买盘
13:01:16	17.99	--	5	8995	买盘
13:01:01	17.99	0.01	10	17990	买盘
13:00:56	17.98	--	13	23374	卖盘
13:00:51	17.98	0.02	2233	4014934	买盘
13:00:46	17.96	--	2	3592	买盘
13:00:41	17.96	--	50	89800	买盘
13:00:35	17.96	--	10	17960	买盘
13:00:31	17.96	--	2	3592	买盘
13:00:16	17.96	--	4	7184	卖盘
13:00:11	17.96	--	337	605916	买盘
13:00:05	17.96	0.01	315	565740	买盘
13:00:01	17.95	--	112	201040	买盘
11:30:00	17.95	--	0	0	买盘
11:30:00	17.95	--	0	0	买盘
11:30:00	17.95	--	116	208220	买盘
11:29:57	17.95	--	50	89750	买盘
11:29:52	17.95	--	11	19745	买盘
11:29:46	17.95	--	65	116675	买盘
11:29:42	17.95	0.01	13	23335	买盘
11:29:37	17.94	-0.01	94	168636	卖盘
11:29:31	17.95	--	21	37695	买盘
11:29:27	17.95	--	79	141805	买盘
11:29:22	17.95	--	91	163345	买盘
11:29:16	17.95	0.01	5	8975	买盘
11:29:12	17.94	--	49	87906	卖盘
11:29:07	17.94	--	14	25116	卖盘
11:28:57	17.94	--	303	543582	卖盘
11:28:52	17.94	--	39	69966	买盘
11:28:46	17.94	--	5	8970	买盘
11:28:42	17.94	--	96	172224	买盘
11:28:37	17.94	--	30	53820	买盘
11:28:31	17.94	-0.01	104	186576	卖盘
11:28:27	17.95	--	167	299765	买盘
11:28:22	17.95	--	157	281815	买盘
11:28:16	17.95	-0.01	2154	3866430	卖盘
11:28:12	17.96	--	60	107760	买盘
11:28:07	17.96	--	42	75432	买盘
11:28:01	17.96	--	31	55676	买盘
11:27:57	17.96	--	62	111352	买盘
11:27:52	17.96	--	91	163436	买盘
11:27:46	17.96	-0.01	442	793832	卖盘
11:27:42	17.97	--	18	32345	买盘
11:27:37	17.97	0.01	538	966785	买盘
11:27:31	17.96	-0.01	10	17960	卖盘
11:27:27	17.97	--	101	181497	买盘
11:27:22	17.97	--	52	93444	买盘
11:27:16	17.97	--	20	35940	买盘
11:27:10	17.97	--	597	1072809	买盘
11:27:07	17.97	--	211	379167	买盘
11:27:01	17.97	--	23	41331	买盘
11:26:56	17.97	--	149	267753	买盘
11:26:46	17.97	0.01	26	46722	买盘
11:26:42	17.96	--	295	529820	买盘
11:26:37	17.96	-0.01	1028	1846288	卖盘
11:26:31	17.97	--	198	355806	买盘
11:26:25	17.97	--	163	292911	买盘
11:26:21	17.97	--	12	21564	买盘
11:26:16	17.97	--	55	98835	买盘
11:26:10	17.97	0.01	8	14376	买盘
11:26:07	17.96	-0.01	138	247848	卖盘
11:26:01	17.97	--	78	140166	买盘
11:25:52	17.97	--	143	256970	买盘
11:25:46	17.97	--	124	222828	买盘
11:25:40	17.97	-0.01	859	1543623	卖盘
11:25:37	17.98	--	339	609522	买盘
11:25:31	17.98	--	2049	3684102	买盘
11:25:25	17.98	--	7	12586	买盘
11:25:21	17.98	--	206	370388	买盘
11:25:16	17.98	--	84	151032	买盘
11:25:10	17.98	--	7	12586	买盘
11:25:07	17.98	0.01	252	453096	买盘
11:25:01	17.97	--	182	327054	买盘
11:24:55	17.97	--	37	66489	买盘
11:24:51	17.97	-0.01	113	203061	卖盘
11:24:46	17.98	--	42	75516	买盘
11:24:40	17.98	0.01	152	273296	买盘
11:24:36	17.97	--	23	41331	买盘
11:24:31	17.97	-0.01	120	215640	卖盘
11:24:21	17.98	0.01	512	920576	买盘
11:24:06	17.97	0.01	223	400748	买盘
11:24:01	17.96	-0.01	839	1506844	卖盘
11:23:55	17.97	--	6	10782	买盘
11:23:51	17.97	--	344	618168	买盘
11:23:46	17.97	-0.01	158	283926	卖盘
11:23:40	17.98	0.01	74	133052	买盘
11:23:36	17.97	-0.01	20	35940	卖盘
11:23:31	17.98	0.01	5	8990	买盘
11:23:25	17.97	--	161	289317	卖盘
11:23:21	17.97	--	989	1777233	买盘
11:23:16	17.97	--	115	206655	买盘
11:23:10	17.97	0.01	19	34143	买盘
11:23:06	17.96	--	331	594476	卖盘
11:23:01	17.96	-0.01	244	438224	卖盘
11:22:55	17.97	--	302	542694	买盘
11:22:51	17.97	--	46	82662	买盘
11:22:46	17.97	-0.01	136	244391	卖盘
11:22:40	17.98	--	46	82708	买盘
11:22:36	17.98	--	108	194184	买盘
11:22:31	17.98	--	105	188790	买盘
11:22:25	17.98	0.01	32	57536	买盘
11:22:21	17.97	--	27	48519	卖盘
11:22:16	17.97	--	278	499565	买盘
11:22:10	17.97	--	585	1051245	买盘
11:22:06	17.97	--	25	44925	买盘
11:22:01	17.97	-0.01	330	593010	卖盘
11:21:55	17.98	--	23	41354	买盘
11:21:51	17.98	0.01	138	248124	买盘
11:21:46	17.97	-0.01	115	206655	卖盘
11:21:40	17.98	--	180	323640	买盘
11:21:36	17.98	--	114	204972	卖盘
11:21:31	17.98	-0.01	100	181544	卖盘
11:21:25	17.99	-0.01	186	334614	买盘
11:21:21	18.0	--	0	0	买盘
11:21:16	18.0	0.01	30	54000	买盘
11:21:10	17.99	0.01	12	21587	买盘
11:21:06	17.98	-0.02	486	873881	卖盘
11:21:01	18.0	0.01	118	212400	买盘
11:20:55	17.99	-0.01	11	19789	卖盘
11:20:50	18.0	--	220	396000	买盘
11:20:46	18.0	--	7	12600	买盘
11:20:40	18.0	-0.03	5706	10272510	卖盘
11:20:35	18.03	0.01	31	55893	买盘
11:20:31	18.02	-0.01	76	136952	卖盘
11:20:21	18.03	--	5	9015	买盘
11:20:16	18.03	--	1149	2071647	卖盘
11:20:10	18.03	-0.01	28	50484	卖盘
11:20:01	18.04	--	4	7216	买盘
11:19:55	18.04	--	78	140712	卖盘
11:19:49	18.04	--	25	45100	卖盘
11:19:25	18.04	-0.02	2	3608	买盘
11:19:15	18.06	0.02	23	41538	买盘
11:19:10	18.04	--	323	582692	卖盘
11:19:00	18.04	-0.01	16	28864	卖盘
11:18:49	18.05	--	12	21660	卖盘
11:18:40	18.05	--	16	28880	卖盘
11:18:30	18.05	0.01	53	95665	买盘
11:18:19	18.04	-0.01	10	18040	卖盘
11:18:15	18.05	--	6	10830	买盘
11:18:00	18.05	--	16	28880	卖盘
11:17:45	18.05	-0.01	76	137180	卖盘
11:17:40	18.06	--	12	21672	买盘
11:17:34	18.06	--	176	317856	买盘
11:17:30	18.06	--	79	142674	买盘
11:17:19	18.06	-0.01	75	135450	卖盘
11:17:10	18.07	-0.01	6	10842	卖盘
11:17:04	18.08	--	2	3615	买盘
11:17:00	18.08	0.01	18	32543	买盘
11:16:55	18.07	--	19	34333	卖盘
11:16:40	18.07	--	3	5421	卖盘
11:16:30	18.07	--	59	106613	买盘
11:16:25	18.07	0.01	2	3614	买盘
11:16:15	18.06	--	2	3611	卖盘
11:16:10	18.06	--	4	7223	买盘
11:16:00	18.06	--	13	23478	买盘
11:15:55	18.06	--	55	99330	买盘
11:15:49	18.06	-0.01	87	157122	卖盘
11:15:30	18.07	--	75	135525	买盘
11:15:10	18.07	0.01	10	18070	买盘
11:15:04	18.06	-0.01	50	90300	卖盘
11:15:00	18.07	0.01	10	18070	买盘
11:14:55	18.06	--	1	1805	卖盘
11:14:49	18.06	--	2	3611	卖盘
11:14:45	18.06	--	16	28895	卖盘
11:14:40	18.06	-0.01	1	1805	卖盘
11:14:30	18.07	--	80	144560	买盘
11:14:25	18.07	0.01	12	21684	买盘
11:14:19	18.06	-0.01	9	16253	卖盘
11:14:15	18.07	-0.01	75	135525	卖盘
11:14:10	18.08	--	23	41583	卖盘
11:13:55	18.08	--	8	14463	卖盘
11:13:40	18.08	0.01	6	10847	买盘
11:13:34	18.07	-0.01	3	5421	卖盘
11:13:28	18.08	--	77	139216	买盘
11:13:24	18.08	--	11	19887	买盘
11:13:13	18.08	0.01	1	1807	买盘
11:13:04	18.07	--	23	41561	卖盘
11:12:54	18.07	0.02	21	37947	买盘
11:12:49	18.05	--	10	18050	卖盘
11:12:43	18.05	--	11	19855	卖盘
11:12:34	18.05	--	8	14440	卖盘
11:12:28	18.05	0.02	20	36100	买盘
11:12:24	18.03	-0.01	115	207345	卖盘
11:12:19	18.04	--	1	1804	卖盘
11:12:09	18.04	--	5	9020	买盘
11:12:04	18.04	0.02	121	218284	买盘
11:11:58	18.02	--	12	21624	卖盘
11:11:54	18.02	-0.01	95	171190	卖盘
11:11:49	18.03	0.01	9	16227	买盘
11:11:39	18.02	-0.01	243	437886	卖盘
11:11:34	18.03	0.01	40	72120	卖盘
11:11:28	18.02	-0.01	80	144160	卖盘
11:11:24	18.03	0.01	120	216360	买盘
11:11:19	18.02	--	12	21624	卖盘
11:11:13	18.02	-0.01	36	64962	卖盘
11:11:09	18.03	--	108	194724	买盘
11:11:04	18.03	--	10	18030	买盘
11:10:54	18.03	-0.01	45	81135	卖盘
11:10:49	18.04	0.01	15	27060	买盘
11:10:43	18.03	--	57	102771	卖盘
11:10:39	18.03	-0.01	96	173088	卖盘
11:10:34	18.04	--	18	32472	买盘
11:10:28	18.04	--	75	135300	买盘
11:10:24	18.04	0.01	10	18040	卖盘
11:10:13	18.03	-0.02	204	367812	卖盘
11:10:09	18.05	0.02	2	3610	买盘
11:10:04	18.03	--	0	0	卖盘
11:09:58	18.03	--	142	256026	卖盘
11:09:54	18.03	-0.01	65	117195	卖盘
11:09:49	18.04	-0.02	24	43296	卖盘
11:09:43	18.06	0.01	8	14447	买盘
11:09:34	18.05	-0.01	8	14440	买盘
11:09:28	18.06	0.02	80	144480	买盘
11:09:24	18.04	--	0	0	卖盘
11:09:19	18.04	-0.02	364	656656	卖盘
11:09:09	18.06	--	1	1805	买盘
11:09:04	18.06	--	11	19866	买盘
11:08:54	18.06	--	8	14447	买盘
11:08:49	18.06	0.01	1	1805	买盘
11:08:34	18.05	-0.01	142	256310	卖盘
11:08:28	18.06	0.01	75	135450	买盘
11:08:24	18.05	-0.01	48	86640	卖盘
11:08:19	18.06	0.01	12	21672	买盘
11:07:54	18.05	-0.01	39	70395	卖盘
11:07:49	18.06	--	4	7223	买盘
11:07:39	18.06	--	64	116992	卖盘
11:07:34	18.06	--	4	7223	卖盘
11:07:28	18.06	0.01	10	18457	买盘
11:07:24	18.05	-0.01	25	45125	卖盘
11:07:19	18.06	0.01	40	72240	买盘
11:07:13	18.05	-0.01	2	3610	卖盘
11:07:09	18.06	0.01	7	12642	买盘
11:07:04	18.05	--	165	297825	卖盘
11:06:58	18.05	--	90	162450	卖盘
11:06:43	18.05	-0.01	5	9025	卖盘
11:06:34	18.06	--	10	18060	买盘
11:06:28	18.06	--	78	140868	买盘
11:06:22	18.06	--	27	48762	买盘
11:06:18	18.06	-0.01	362	653772	卖盘
11:06:13	18.07	--	1	1807	买盘
11:06:07	18.07	--	10	18070	买盘
11:06:03	18.07	-0.02	96	174881	卖盘
11:05:58	18.09	0.01	5	9045	买盘
11:05:52	18.08	--	0	0	中性盘
11:05:48	18.08	--	3	5423	卖盘
11:05:43	18.08	-0.01	2	3615	中性盘
11:05:28	18.09	--	280	506917	买盘
11:05:18	18.09	--	1	1809	买盘
11:05:13	18.09	-0.01	9	16281	卖盘
11:05:07	18.1	0.02	10	18100	买盘
11:05:03	18.08	-0.02	296	535168	卖盘
11:04:58	18.1	--	5	9050	买盘
11:04:48	18.1	--	83	150230	卖盘
11:04:43	18.1	--	7	12670	卖盘
11:04:28	18.1	0.01	19	34390	买盘
11:04:07	18.09	0.01	108	195372	买盘
11:03:52	18.08	-0.01	11	19887	卖盘
11:03:48	18.09	0.01	208	376272	买盘
11:03:33	18.08	-0.01	50	90399	卖盘
11:03:28	18.09	0.01	67	121203	买盘
11:03:22	18.08	--	29	52431	卖盘
11:03:18	18.08	-0.01	3	5423	卖盘
11:03:13	18.09	--	2	3618	买盘
11:03:03	18.09	0.01	10	18090	买盘
11:02:58	18.08	-0.01	130	235039	卖盘
11:02:37	18.09	-0.01	97	175473	卖盘
11:02:33	18.1	--	1	1810	买盘
11:02:28	18.1	0.01	75	135750	买盘
11:02:18	18.09	-0.01	13	23517	卖盘
11:02:03	18.1	--	10	18100	买盘
11:01:58	18.1	--	76	137560	卖盘
11:01:48	18.1	--	11	19910	卖盘
11:01:43	18.1	--	60	108600	卖盘
11:01:37	18.1	--	15	27150	卖盘
11:01:33	18.1	-0.01	50	90500	卖盘
11:01:28	18.11	0.01	75	135825	买盘
11:01:22	18.1	--	65	117650	卖盘
11:01:13	18.1	-0.01	14	25340	卖盘
11:00:58	18.11	--	13	23543	买盘
11:00:47	18.11	--	84	152124	买盘
11:00:43	18.11	-0.01	98	177478	卖盘
11:00:31	18.12	0.01	40	72480	买盘
11:00:27	18.11	-0.01	110	199210	卖盘
11:00:12	18.12	--	2	3624	买盘
11:00:01	18.12	--	170	308040	买盘
10:59:58	18.12	--	0	0	买盘
10:59:52	18.12	--	11	19932	买盘
10:59:37	18.12	0.02	399	722988	买盘
10:59:31	18.1	--	10	18100	买盘
10:59:27	18.1	--	75	135750	买盘
10:59:12	18.1	0.01	8	14480	买盘
10:59:07	18.09	--	19	34371	卖盘
10:59:01	18.09	-0.01	3	5427	卖盘
10:58:57	18.1	0.01	10	18100	买盘
10:58:52	18.09	--	4	7236	卖盘
10:58:46	18.09	-0.01	10	18090	卖盘
10:58:42	18.1	--	30	54300	买盘
10:58:37	18.1	0.01	100	181000	买盘
10:58:31	18.09	-0.02	123	224225	卖盘
10:58:27	18.11	0.02	5	9145	买盘
10:58:22	18.09	-0.02	2	3618	卖盘
10:58:16	18.11	--	10	18110	买盘
10:58:12	18.11	-0.01	524	948964	中性盘
10:58:07	18.12	--	108	197417	卖盘
10:57:52	18.12	--	449	813678	买盘
10:57:46	18.12	--	0	0	买盘
10:57:42	18.12	0.04	560	1014720	买盘
10:57:37	18.08	-0.01	168	303744	卖盘
10:57:27	18.09	0.01	10	18090	买盘
10:57:22	18.08	-0.01	74	133792	中性盘
10:57:16	18.09	0.03	85	153765	买盘
10:57:07	18.06	--	20	36120	卖盘
10:57:01	18.06	--	12	21672	卖盘
10:56:57	18.06	--	5	9030	买盘
10:56:52	18.06	--	3	5418	买盘
10:56:42	18.06	-0.03	1152	2080511	卖盘
10:56:31	18.09	--	85	153765	买盘
10:56:12	18.09	-0.01	394	712746	卖盘
10:56:01	18.1	--	10	18100	买盘
10:55:57	18.1	-0.02	345	624450	卖盘
10:55:46	18.12	--	50	90600	买盘
10:55:42	18.12	-0.01	73	132276	卖盘
10:55:37	18.13	0.01	11	19943	买盘
10:55:31	18.12	--	11	19932	买盘
10:55:27	18.12	-0.01	10	18120	中性盘
10:55:22	18.13	0.01	20	36260	买盘
10:55:16	18.12	0.01	3	5436	中性盘
10:55:12	18.11	-0.02	300	543300	卖盘
10:55:07	18.13	0.01	5	9065	买盘
10:55:01	18.12	-0.01	10	18120	卖盘
10:54:57	18.13	--	30	54390	买盘
10:54:52	18.13	--	9	16317	买盘
10:54:37	18.13	--	27	48951	买盘
10:54:31	18.13	--	75	135975	买盘
10:54:27	18.13	--	10	18130	买盘
10:54:16	18.13	--	50	90650	买盘
10:54:07	18.13	--	73	132349	买盘
10:54:01	18.13	--	54	97902	买盘
10:53:57	18.13	--	86	155918	买盘
10:53:52	18.13	0.01	79	143227	买盘
10:53:31	18.12	--	6	10872	买盘
10:53:21	18.12	0.01	19	34428	买盘
10:53:06	18.11	--	87	157557	买盘
10:53:01	18.11	--	2	3622	买盘
10:52:55	18.11	--	20	36220	买盘
10:52:51	18.11	--	26	47086	卖盘
10:52:36	18.11	--	9	16299	卖盘
10:52:31	18.11	--	73	132203	买盘
10:52:21	18.11	0.01	13	23543	买盘
10:52:16	18.1	--	2	3620	买盘
10:52:10	18.1	--	1	1810	买盘
10:52:06	18.1	-0.01	75	135750	卖盘
10:52:01	18.11	0.01	109	197399	买盘
10:51:51	18.1	--	10	18100	买盘
10:51:46	18.1	0.01	23	41630	买盘
10:51:36	18.09	-0.02	2	3618	卖盘
10:51:31	18.11	0.02	75	135825	买盘
10:51:16	18.09	--	0	0	卖盘
10:51:10	18.09	--	7	12663	买盘
10:51:01	18.09	--	1	1809	买盘
10:50:40	18.09	--	18	32562	买盘
10:50:31	18.09	0.01	75	135675	买盘
10:50:21	18.08	-0.01	10	18080	卖盘
10:50:16	18.09	0.01	81	146529	买盘
10:50:06	18.08	--	60	108479	卖盘
10:50:01	18.08	--	1	1807	卖盘
10:49:55	18.08	--	0	0	卖盘
10:49:46	18.08	--	12	21695	卖盘
10:49:36	18.08	-0.02	17	30735	卖盘
10:49:31	18.1	0.01	75	135750	买盘
10:49:25	18.09	--	5	9045	卖盘
10:49:21	18.09	--	26	47034	卖盘
10:49:16	18.09	--	10	18090	买盘
10:48:55	18.09	-0.01	10	18090	买盘
10:48:51	18.1	--	0	0	买盘
10:48:36	18.1	0.01	34	61540	买盘
10:48:31	18.09	--	79	142911	卖盘
10:48:16	18.09	--	84	151956	买盘
10:48:10	18.09	--	4	7236	买盘
10:47:55	18.09	-0.01	31	56079	卖盘
10:47:51	18.1	--	14	25340	买盘
10:47:34	18.1	--	41	74210	买盘
10:47:31	18.1	0.02	75	135750	买盘
10:47:25	18.08	--	0	0	卖盘
10:47:16	18.08	-0.02	54	97631	卖盘
10:47:10	18.1	--	20	36200	买盘
10:47:01	18.1	--	10	18100	买盘
10:46:55	18.1	--	8	14480	买盘
10:46:49	18.1	0.01	20	36200	买盘
10:46:45	18.09	-0.01	96	173664	卖盘
10:46:40	18.1	--	13	23530	卖盘
10:46:30	18.1	--	39	70590	买盘
10:46:25	18.1	--	28	50680	买盘
10:46:19	18.1	--	50	90500	买盘
10:46:10	18.1	--	0	0	买盘
10:46:04	18.1	0.01	1	1810	买盘
10:46:00	18.09	--	2	3618	卖盘
10:45:55	18.09	--	1	1809	卖盘
10:45:30	18.09	0.01	81	146529	买盘
10:45:25	18.08	-0.02	115	207919	卖盘
10:45:19	18.1	0.01	26	47060	买盘
10:45:15	18.09	-0.01	20	36180	卖盘
10:45:10	18.1	0.01	25	45250	买盘
10:45:04	18.09	-0.01	120	217080	卖盘
10:45:00	18.1	--	6	10860	买盘
10:44:55	18.1	--	50	90500	买盘
10:44:49	18.1	--	1	1810	买盘
10:44:40	18.1	--	241	436210	卖盘
10:44:25	18.1	0.01	9	16290	买盘
10:44:00	18.09	--	12	21708	卖盘
10:43:55	18.09	--	13	23517	卖盘
10:43:45	18.09	--	1	1809	卖盘
10:43:40	18.09	--	50	90450	卖盘
10:43:30	18.09	--	20	36180	买盘
10:43:25	18.09	--	11	19899	买盘
10:43:19	18.09	0.01	10	18090	买盘
10:43:10	18.08	--	51	92207	卖盘
10:43:04	18.08	-0.01	20	36160	卖盘
10:43:00	18.09	0.01	5	9045	买盘
10:42:55	18.08	--	24	43391	买盘
10:42:49	18.08	--	10	18080	买盘
10:42:45	18.08	-0.01	88	159103	卖盘
10:42:30	18.09	0.01	81	146529	买盘
10:42:25	18.08	--	31	56047	买盘
10:42:19	18.08	-0.01	194	350751	卖盘
10:42:15	18.09	0.01	34	61506	买盘
10:42:10	18.08	--	30	54239	卖盘
10:42:04	18.08	--	6	10847	卖盘
10:41:55	18.08	0.02	94	169951	买盘
10:41:49	18.06	--	6	10836	卖盘
10:41:45	18.06	-0.02	10	18060	卖盘
10:41:40	18.08	0.02	3	5423	买盘
10:41:25	18.06	--	6	10836	买盘
10:41:15	18.06	--	4	7223	买盘
10:41:10	18.06	-0.02	15	27089	卖盘
10:41:04	18.08	--	2	3615	卖盘
10:41:00	18.08	--	11	19887	卖盘
10:40:49	18.08	-0.01	14	25311	卖盘
10:40:43	18.09	--	10	18090	卖盘
10:40:40	18.09	--	3	5427	买盘
10:40:28	18.09	0.01	75	135675	买盘
10:40:19	18.08	-0.01	347	627375	卖盘
10:40:09	18.09	--	178	322002	卖盘
10:40:04	18.09	--	14	25326	卖盘
10:39:49	18.09	--	28	50652	卖盘
10:39:34	18.09	-0.01	26	47034	卖盘
10:39:28	18.1	0.01	75	135750	买盘
10:39:09	18.09	--	89	161001	买盘
10:38:58	18.09	-0.01	21	37989	卖盘
10:38:34	18.1	-0.01	2	3620	买盘
10:38:28	18.11	--	65	117715	卖盘
10:38:24	18.11	0.01	110	199210	买盘
10:38:19	18.1	--	3	5430	卖盘
10:38:13	18.1	--	0	0	卖盘
10:38:09	18.1	--	37	66970	卖盘
10:37:58	18.1	--	0	0	卖盘
10:37:54	18.1	--	33	59730	买盘
10:37:49	18.1	--	79	142990	卖盘
10:37:43	18.1	-0.02	49	88690	卖盘
10:37:39	18.12	0.02	23	41676	买盘
10:37:34	18.1	-0.01	56	101360	卖盘
10:37:28	18.11	-0.02	248	449128	卖盘
10:37:24	18.13	0.02	75	135975	买盘
10:37:13	18.11	-0.01	50	90550	卖盘
10:37:09	18.12	-0.01	14	25368	卖盘
10:36:54	18.13	0.01	12	21756	买盘
10:36:39	18.12	-0.01	11	19932	卖盘
10:36:34	18.13	0.01	165	299145	买盘
10:36:24	18.12	0.01	30	54360	买盘
10:36:19	18.11	--	105	190155	卖盘
10:36:09	18.11	--	7	12677	卖盘
10:36:04	18.11	--	10	18110	卖盘
10:35:54	18.11	-0.01	81	146691	卖盘
10:35:49	18.12	-0.01	5	9060	卖盘
10:35:39	18.13	0.01	3	5439	买盘
10:35:34	18.12	--	10	18120	卖盘
10:35:24	18.12	0.01	42	76104	买盘
10:35:19	18.11	-0.01	21	38031	卖盘
10:35:09	18.12	--	38	68856	买盘
10:34:43	18.12	-0.01	40	72480	买盘
10:34:37	18.13	0.01	82	148666	买盘
10:34:33	18.12	--	28	50736	卖盘
10:34:23	18.12	0.01	42	76104	买盘
10:34:19	18.11	-0.01	9	16299	卖盘
10:34:13	18.12	0.01	53	96036	买盘
10:34:03	18.11	--	70	126770	卖盘
10:33:58	18.11	--	22	39842	卖盘
10:33:52	18.11	--	51	92361	卖盘
10:33:43	18.11	--	210	380310	卖盘
10:33:33	18.11	-0.01	10	18110	卖盘
10:33:28	18.12	0.01	75	135900	买盘
10:33:22	18.11	--	100	181100	卖盘
10:33:13	18.11	-0.01	53	95983	卖盘
10:33:07	18.12	--	48	86976	买盘
10:33:03	18.12	--	7	12684	买盘
10:32:37	18.12	0.01	6	10872	买盘
10:32:28	18.11	-0.01	99	179289	卖盘
10:32:18	18.12	--	21	38052	买盘
10:32:13	18.12	--	5	9060	买盘
10:32:07	18.12	--	81	146772	卖盘
10:32:03	18.12	--	97	175764	卖盘
10:31:58	18.12	--	69	125028	卖盘
10:31:43	18.12	--	6	10872	买盘
10:31:37	18.12	--	5	9060	买盘
10:31:33	18.12	--	34	61608	卖盘
10:31:28	18.12	--	82	148584	卖盘
10:31:22	18.12	-0.01	9	16308	买盘
10:31:18	18.13	--	53	96089	买盘
10:31:13	18.13	0.01	1	1813	买盘
10:31:03	18.12	-0.01	3	5436	卖盘
10:30:58	18.13	0.02	18	32634	买盘
10:30:48	18.11	--	0	0	卖盘
10:30:43	18.11	-0.01	26	47086	卖盘
10:30:33	18.12	--	25	45300	买盘
10:30:28	18.12	--	75	135900	买盘
10:30:18	18.12	0.01	140	253680	买盘
10:30:03	18.11	--	52	94172	卖盘
10:29:58	18.11	-0.01	60	108660	卖盘
10:29:48	18.12	-0.01	85	154020	卖盘
10:29:33	18.13	--	21	38073	卖盘
10:29:28	18.13	-0.01	18	32634	卖盘
10:29:22	18.14	--	75	136050	买盘
10:29:18	18.14	--	6	10884	买盘
10:29:07	18.14	--	0	0	中性盘
10:29:03	18.14	-0.01	109	197726	中性盘
10:28:58	18.15	0.02	140	254099	买盘
10:28:48	18.13	-0.01	3	5439	卖盘
10:28:37	18.14	0.01	10	18140	买盘
10:28:22	18.13	0.01	21	38073	买盘
10:28:18	18.12	--	12	21744	卖盘
10:28:13	18.12	--	30	54360	买盘
10:28:07	18.12	--	18	32616	买盘
10:28:03	18.12	--	50	90600	买盘
10:27:58	18.12	--	10	18120	买盘
10:27:52	18.12	0.01	10	18120	买盘
10:27:46	18.11	--	19	34409	卖盘
10:27:42	18.11	--	24	43464	卖盘
10:27:22	18.11	--	11	19921	卖盘
10:27:12	18.11	0.01	439	795029	买盘
10:27:07	18.1	-0.01	9	16290	卖盘
10:26:52	18.11	0.01	9	16299	买盘
10:26:46	18.1	-0.01	50	90500	卖盘
10:26:42	18.11	--	158	286138	买盘
10:26:37	18.11	0.01	41	74251	买盘
10:26:31	18.1	--	17	30770	卖盘
10:26:27	18.1	--	60	109432	买盘
10:26:22	18.1	--	2	3620	买盘
10:26:12	18.1	--	18	32580	买盘
10:26:07	18.1	--	15	27150	买盘
10:26:01	18.1	--	19	34390	卖盘
10:25:57	18.1	-0.01	11	19910	卖盘
10:25:52	18.11	--	7	12677	买盘
10:25:42	18.11	0.02	5	9055	买盘
10:25:37	18.09	-0.01	5	9045	买盘
10:25:31	18.1	--	0	0	中性盘
10:25:27	18.1	--	198	358380	买盘
10:25:22	18.1	--	5	9050	买盘
10:25:16	18.1	0.01	100	181000	买盘
10:25:07	18.09	--	0	0	中性盘
10:24:57	18.09	--	5	9045	买盘
10:24:52	18.09	--	6	10854	买盘
10:24:46	18.09	--	85	153765	买盘
10:24:42	18.09	-0.02	75	135675	卖盘
10:24:37	18.11	0.01	33	59763	买盘
10:24:27	18.1	--	119	215390	买盘
10:24:16	18.1	--	438	792780	买盘
10:24:12	18.1	--	5	9050	买盘
10:24:07	18.1	0.01	40	72400	买盘
10:24:01	18.09	-0.01	4	7236	卖盘
10:23:57	18.1	--	10	18100	买盘
10:23:52	18.1	--	5	9050	买盘
10:23:46	18.1	--	2	3620	买盘
10:23:42	18.1	0.01	2	3620	买盘
10:23:37	18.09	--	21	37989	卖盘
10:23:27	18.09	0.02	46	83214	买盘
10:23:16	18.07	-0.01	4	7228	卖盘
10:23:12	18.08	--	83	150064	买盘
10:23:07	18.08	0.01	1	1807	买盘
10:23:01	18.07	--	47	84929	买盘
10:22:57	18.07	--	5	9035	买盘
10:22:52	18.07	-0.01	49	88543	卖盘
10:22:42	18.08	--	10	18080	买盘
10:22:37	18.08	0.01	52	94015	买盘
10:22:27	18.07	--	2	3614	卖盘
10:22:22	18.07	0.02	3	5421	买盘
10:22:16	18.05	--	1	1805	买盘
10:22:12	18.05	0.01	14	25270	中性盘
10:22:07	18.04	--	23	41492	卖盘
10:22:01	18.04	--	0	0	卖盘
10:21:56	18.04	-0.03	7	12628	卖盘
10:21:52	18.07	-0.01	10	18070	买盘
10:21:46	18.08	--	0	0	买盘
10:21:42	18.08	0.04	38	68704	买盘
10:21:36	18.04	--	7	12628	卖盘
10:21:31	18.04	-0.01	79	142516	卖盘
10:21:25	18.05	-0.03	38	68590	卖盘
10:21:22	18.08	0.05	3	5423	买盘
10:21:06	18.03	--	60	108180	卖盘
10:21:01	18.03	-0.05	56	100968	卖盘
10:20:51	18.08	0.04	30	54239	买盘
10:20:46	18.04	-0.01	5	9741	买盘
10:20:40	18.05	--	1	1805	卖盘
10:20:31	18.05	0.02	19	34295	买盘
10:20:25	18.03	--	52	94495	买盘
10:20:21	18.03	--	12	21636	买盘
10:20:16	18.03	--	3	5409	买盘
10:20:10	18.03	--	10	18030	买盘
10:20:06	18.03	--	42	76789	卖盘
10:20:01	18.03	-0.01	155	279465	卖盘
10:19:55	18.04	--	36	64944	卖盘
10:19:51	18.04	0.01	49	89135	买盘
10:19:46	18.03	-0.01	5	9015	卖盘
10:19:40	18.04	--	6	10824	买盘
10:19:36	18.04	0.01	91	164164	买盘
10:19:31	18.03	-0.01	8	14424	卖盘
10:19:25	18.04	0.01	10	18040	买盘
10:19:21	18.03	--	34	61302	买盘
10:19:06	18.03	--	10	18030	买盘
10:19:01	18.03	--	34	61302	卖盘
10:18:55	18.03	--	10	18030	卖盘
10:18:46	18.03	-0.01	20	36060	卖盘
10:18:40	18.04	0.01	12	21648	买盘
10:18:36	18.03	-0.01	33	59499	卖盘
10:18:31	18.04	--	75	135300	买盘
10:18:25	18.04	0.01	10	18040	买盘
10:18:21	18.03	--	1	1803	卖盘
10:18:16	18.03	--	1	1803	卖盘
10:18:01	18.03	-0.01	41	73923	卖盘
10:17:55	18.04	0.01	20	36080	买盘
10:17:51	18.03	-0.01	40	72120	卖盘
10:17:31	18.04	0.01	8	14432	买盘
10:17:25	18.03	--	23	41469	买盘
10:17:16	18.03	-0.01	6	10818	卖盘
10:17:01	18.04	--	265	478060	卖盘
10:16:55	18.04	--	50	90200	卖盘
10:16:51	18.04	0.01	30	54120	买盘
10:16:46	18.03	0.02	13	23439	卖盘
10:16:36	18.01	--	0	0	卖盘
10:16:31	18.01	-0.04	159	286359	卖盘
10:16:25	18.05	--	95	171475	买盘
10:16:16	18.05	0.01	1	1805	买盘
10:16:10	18.04	-0.01	6	10824	卖盘
10:16:06	18.05	0.04	4	7220	买盘
10:16:01	18.01	-0.03	731	1316531	卖盘
10:15:55	18.04	--	1	1804	卖盘
10:15:51	18.04	--	47	84788	卖盘
10:15:46	18.04	--	0	0	卖盘
10:15:34	18.04	-0.05	106	191224	卖盘
10:15:30	18.09	--	0	0	买盘
10:15:25	18.09	--	85	153765	买盘
10:15:20	18.09	0.04	5	9045	买盘
10:15:15	18.05	-0.03	100	180500	卖盘
10:15:10	18.08	-0.01	5	9040	卖盘
10:15:04	18.09	--	1	1809	买盘
10:15:00	18.09	--	10	18090	买盘
10:14:45	18.09	0.01	4	7236	买盘
10:14:40	18.08	--	20	36160	卖盘
10:14:34	18.08	--	15	27119	卖盘
10:14:25	18.08	0.01	313	565904	买盘
10:14:19	18.07	-0.02	3	5421	卖盘
10:14:15	18.09	--	0	0	买盘
10:14:10	18.09	0.02	30	54270	买盘
10:14:00	18.07	--	2	3614	卖盘
10:13:55	18.07	--	34	61438	卖盘
10:13:49	18.07	--	64	115648	买盘
10:13:45	18.07	0.01	16	28912	买盘
10:13:40	18.06	-0.01	4	7223	卖盘
10:13:34	18.07	--	14	25298	买盘
10:13:30	18.07	-0.02	9	16263	卖盘
10:13:25	18.09	--	94	170046	买盘
10:13:15	18.09	--	10	18090	买盘
10:13:10	18.09	--	13	24584	卖盘
10:13:04	18.09	--	5	9045	卖盘
10:12:55	18.09	0.03	5	9786	买盘
10:12:49	18.06	-0.03	2	3611	卖盘
10:12:40	18.09	--	37	66933	买盘
10:12:34	18.09	--	2	3618	买盘
10:12:30	18.09	0.03	40	72360	买盘
10:12:25	18.06	-0.03	96	173376	卖盘
10:12:15	18.09	0.03	10	18090	买盘
10:12:10	18.06	-0.02	28	50568	卖盘
10:12:04	18.08	--	1	1807	买盘
10:12:00	18.08	-0.01	14	25311	卖盘
10:11:55	18.09	--	10	18090	买盘
10:11:49	18.09	--	10	18090	买盘
10:11:45	18.09	-0.02	3	6494	卖盘
10:11:40	18.11	--	65	118457	买盘
10:11:34	18.11	--	33	59763	买盘
10:11:30	18.11	--	0	0	买盘
10:11:25	18.11	0.01	88	159368	买盘
10:11:19	18.1	--	7	12670	卖盘
10:11:15	18.1	--	14	25340	卖盘
10:11:10	18.1	--	46	83260	买盘
10:11:04	18.1	--	19	34390	买盘
10:11:00	18.1	0.01	4	7240	买盘
10:10:55	18.09	-0.01	10	18090	卖盘
10:10:49	18.1	--	5	9050	卖盘
10:10:45	18.1	0.01	33	59730	买盘
10:10:40	18.09	0.05	530	958770	买盘
10:10:30	18.04	--	44	79376	卖盘
10:10:25	18.04	0.01	31	55924	买盘
10:10:19	18.03	--	7	12621	卖盘
10:10:15	18.03	--	10	18030	卖盘
10:10:10	18.03	-0.01	24	43272	卖盘
10:10:04	18.04	0.01	3	5412	买盘
10:10:00	18.03	--	156	281268	买盘
10:09:55	18.03	--	143	257829	买盘
10:09:45	18.03	0.01	125	225375	买盘
10:09:40	18.02	0.01	9	16218	买盘
10:09:34	18.01	0.01	2	3602	中性盘
10:09:30	18.0	--	52	93600	卖盘
10:09:25	18.0	--	130	234000	买盘
10:09:19	18.0	--	218	392400	买盘
10:09:14	18.0	--	115	207000	买盘
10:09:09	18.0	--	13	23400	买盘
10:09:04	18.0	0.01	11	19800	买盘
10:09:00	17.99	--	45	80955	卖盘
10:08:54	17.99	0.01	13	23386	卖盘
10:08:49	17.98	-0.01	61	109678	卖盘
10:08:43	17.99	0.01	14	25185	买盘
10:08:39	17.98	--	4	7192	买盘
10:08:34	17.98	--	87	156426	卖盘
10:08:28	17.98	0.01	115	207615	买盘
10:08:24	17.97	--	640	1150080	卖盘
10:08:19	17.97	--	260	467219	卖盘
10:08:13	17.97	-0.01	9	16172	卖盘
10:08:09	17.98	0.01	119	213962	买盘
10:08:04	17.97	-0.01	40	71880	中性盘
10:07:58	17.98	--	96	172608	买盘
10:07:54	17.98	0.01	287	516978	买盘
10:07:49	17.97	--	101	181497	买盘
10:07:43	17.97	0.01	58	104226	中性盘
10:07:39	17.96	-0.01	265	475940	卖盘
10:07:34	17.97	0.01	418	751990	买盘
10:07:28	17.96	-0.01	463	831548	卖盘
10:07:24	17.97	-0.01	338	607386	卖盘
10:07:19	17.98	--	312	560976	买盘
10:07:13	17.98	--	139	249922	买盘
10:07:09	17.98	--	419	753362	卖盘
10:07:04	17.98	-0.02	20	35960	卖盘
10:06:58	18.0	--	15	27000	买盘
10:06:54	18.0	--	161	289800	买盘
10:06:49	18.0	-0.01	696	1253862	卖盘
10:06:43	18.01	--	129	232329	买盘
10:06:39	18.01	-0.01	1212	2183028	卖盘
10:06:34	18.02	0.01	672	1212601	买盘
10:06:28	18.01	-0.01	318	572718	卖盘
10:06:24	18.02	--	404	728008	卖盘
10:06:19	18.02	--	672	1210944	买盘
10:06:13	18.02	-0.01	10	18020	中性盘
10:06:09	18.03	0.01	384	692352	买盘
10:06:04	18.02	-0.01	136	245072	卖盘
10:05:58	18.03	--	217	391251	买盘
10:05:53	18.03	--	540	973620	卖盘
10:05:49	18.03	--	16	29515	卖盘
10:05:43	18.03	-0.01	164	295692	卖盘
10:05:39	18.04	--	213	384252	卖盘
10:05:34	18.04	-0.01	64	115456	卖盘
10:05:24	18.05	--	204	368220	买盘
10:05:19	18.05	-0.01	547	987335	卖盘
10:05:13	18.06	--	22	39732	买盘
10:05:09	18.06	--	20	36120	买盘
10:05:04	18.06	--	25	45150	买盘
10:04:58	18.06	--	290	523739	卖盘
10:04:54	18.06	-0.01	196	353976	卖盘
10:04:49	18.07	--	2	3614	买盘
10:04:39	18.07	--	26	46982	买盘
10:04:34	18.07	-0.01	131	237114	卖盘
10:04:28	18.08	0.01	93	168143	买盘
10:04:24	18.07	-0.01	110	198770	卖盘
10:04:19	18.08	0.01	107	193455	买盘
10:04:13	18.07	--	1	1807	卖盘
10:04:09	18.07	--	29	52403	卖盘
10:04:04	18.07	--	59	108112	卖盘
10:03:58	18.07	--	6	10842	卖盘
10:03:54	18.07	-0.01	112	202384	卖盘
10:03:49	18.08	--	12	21695	买盘
10:03:43	18.08	--	5	9040	买盘
10:03:39	18.08	--	330	596640	买盘
10:03:34	18.08	--	102	184415	买盘
10:03:28	18.08	--	13	23503	买盘
10:03:23	18.08	--	75	135600	买盘
10:03:19	18.08	0.01	25	45199	买盘
10:03:13	18.07	-0.01	72	130104	卖盘
10:03:03	18.08	--	28	50623	买盘
10:02:58	18.08	--	11	19887	买盘
10:02:53	18.08	0.01	19	36069	买盘
10:02:48	18.07	--	36	65142	卖盘
10:02:43	18.07	--	38	68666	卖盘
10:02:38	18.07	--	81	146367	卖盘
10:02:33	18.07	-0.01	2	3614	卖盘
10:02:28	18.08	--	39	70512	买盘
10:02:22	18.08	0.01	80	144640	买盘
10:02:18	18.07	-0.01	154	278278	卖盘
10:02:13	18.08	0.01	19	34352	买盘
10:02:07	18.07	0.01	21	37947	卖盘
10:01:58	18.06	-0.01	313	565278	卖盘
10:01:52	18.07	--	30	54210	买盘
10:01:48	18.07	--	138	249366	买盘
10:01:43	18.07	--	73	131911	买盘
10:01:33	18.07	--	17	30719	买盘
10:01:28	18.07	--	19	34333	买盘
10:01:22	18.07	0.01	98	177086	买盘
10:01:18	18.06	-0.01	157	283542	卖盘
10:01:13	18.07	0.01	13	23491	买盘
10:01:07	18.06	-0.01	90	162540	卖盘
10:01:03	18.07	--	79	142753	买盘
10:00:58	18.07	0.01	48	86736	买盘
10:00:52	18.06	-0.01	146	263676	卖盘
10:00:48	18.07	--	26	46982	买盘
10:00:43	18.07	--	3	5421	买盘
10:00:37	18.07	--	26	46982	买盘
10:00:33	18.07	--	1386	2504502	买盘
10:00:28	18.07	--	77	139139	买盘
10:00:22	18.07	--	155	280085	买盘
10:00:18	18.07	-0.01	254	458978	卖盘
10:00:13	18.08	0.01	10	18080	买盘
10:00:07	18.07	--	155	280085	卖盘
10:00:03	18.07	-0.01	32	57824	卖盘
09:59:58	18.08	--	80	144640	买盘
09:59:52	18.08	--	7	12655	买盘
09:59:48	18.08	0.01	54	97631	买盘
09:59:43	18.07	0.01	11	19877	中性盘
09:59:37	18.06	--	31	55985	卖盘
09:59:33	18.06	--	127	229361	卖盘
09:59:28	18.06	--	105	189630	卖盘
09:59:22	18.06	--	7	12642	卖盘
09:59:18	18.06	--	60	108359	卖盘
09:59:13	18.06	--	123	223853	买盘
09:59:07	18.06	--	39	70434	买盘
09:59:03	18.06	--	24	43344	买盘
09:58:58	18.06	--	191	345036	卖盘
09:58:52	18.06	--	129	234689	买盘
09:58:48	18.06	-0.01	369	666504	卖盘
09:58:43	18.07	0.02	180	326976	买盘
09:58:37	18.05	-0.01	36	64980	卖盘
09:58:33	18.06	0.01	13	23478	卖盘
09:58:28	18.05	-0.02	242	436810	卖盘
09:58:22	18.07	--	93	168051	买盘
09:58:18	18.07	0.01	160	289120	买盘
09:58:13	18.06	0.01	86	155316	中性盘
09:58:07	18.05	--	220	397100	卖盘
09:58:03	18.05	--	18	32490	卖盘
09:57:58	18.05	-0.03	1023	1846605	卖盘
09:57:52	18.08	0.01	40	72320	中性盘
09:57:48	18.07	-0.01	174	314418	卖盘
09:57:43	18.08	-0.01	615	1111920	卖盘
09:57:33	18.09	--	104	188136	卖盘
09:57:28	18.09	-0.01	35	63315	卖盘
09:57:22	18.1	--	194	351140	买盘
09:57:18	18.1	--	101	182810	买盘
09:57:13	18.1	0.01	63	114030	买盘
09:57:07	18.09	--	40	72360	卖盘
09:57:03	18.09	-0.01	76	137484	卖盘
09:56:58	18.1	--	6	10860	买盘
09:56:52	18.1	--	123	222630	买盘
09:56:48	18.1	--	26	47060	买盘
09:56:43	18.1	--	108	195480	买盘
09:56:33	18.1	0.01	61	110410	买盘
09:56:27	18.09	-0.01	36	65124	卖盘
09:56:22	18.1	0.01	3	5430	买盘
09:56:12	18.09	-0.01	206	372654	卖盘
09:56:07	18.1	0.01	62	112220	买盘
09:56:01	18.09	--	7	12663	卖盘
09:55:57	18.09	--	51	92259	卖盘
09:55:52	18.09	--	44	79596	买盘
09:55:46	18.09	--	101	182709	买盘
09:55:42	18.09	-0.01	72	130248	中性盘
09:55:37	18.1	0.02	42	76020	买盘
09:55:31	18.08	--	6	10847	卖盘
09:55:27	18.08	-0.01	29	52431	卖盘
09:55:22	18.09	0.01	117	213371	买盘
09:55:16	18.08	--	93	168143	买盘
09:55:12	18.08	-0.01	193	348943	卖盘
09:55:07	18.09	--	5	9045	买盘
09:55:01	18.09	--	143	258687	卖盘
09:54:57	18.09	0.02	142	256878	买盘
09:54:52	18.07	-0.01	327	590889	卖盘
09:54:46	18.08	-0.01	435	786479	卖盘
09:54:42	18.09	--	65	117585	买盘
09:54:37	18.09	--	45	81405	买盘
09:54:31	18.09	0.01	171	309339	买盘
09:54:27	18.08	-0.01	104	188031	卖盘
09:54:22	18.09	0.01	51	92259	买盘
09:54:16	18.08	-0.01	214	386911	卖盘
09:54:12	18.09	0.01	16	28944	买盘
09:54:07	18.08	--	373	674383	买盘
09:54:01	18.08	--	54	97631	买盘
09:53:57	18.08	0.01	158	285664	买盘
09:53:52	18.07	-0.01	94	169858	卖盘
09:53:46	18.08	--	10	18080	买盘
09:53:42	18.08	0.01	327	591216	买盘
09:53:37	18.07	0.01	43	77701	买盘
09:53:31	18.06	--	15	27089	卖盘
09:53:27	18.06	0.01	205	370230	中性盘
09:53:22	18.05	-0.01	332	599260	卖盘
09:53:16	18.06	--	156	281736	买盘
09:53:12	18.06	0.01	119	214913	买盘
09:53:07	18.05	--	300	541500	买盘
09:53:01	18.05	--	52	93860	卖盘
09:52:57	18.05	--	163	294215	买盘
09:52:52	18.05	-0.01	282	509010	卖盘
09:52:46	18.06	0.01	22	39732	买盘
09:52:42	18.05	-0.01	74	133570	卖盘
09:52:37	18.06	--	188	339528	卖盘
09:52:31	18.06	--	15	27089	卖盘
09:52:27	18.06	-0.01	102	184212	卖盘
09:52:22	18.07	-0.01	242	437294	卖盘
09:52:16	18.08	--	183	330863	卖盘
09:52:12	18.08	--	202	365215	买盘
09:52:07	18.08	--	51	92207	买盘
09:52:01	18.08	-0.01	117	211535	卖盘
09:51:57	18.09	-0.01	1525	2758725	卖盘
09:51:52	18.1	--	21	38010	买盘
09:51:46	18.1	--	88	159280	买盘
09:51:42	18.1	--	66	119460	买盘
09:51:37	18.1	--	76	137560	买盘
09:51:31	18.1	0.01	1	1810	买盘
09:51:27	18.09	-0.01	168	303912	卖盘
09:51:22	18.1	-0.01	73	132130	中性盘
09:51:16	18.11	--	909	1646199	买盘
09:51:12	18.11	-0.01	589	1066679	卖盘
09:51:07	18.12	--	69	125028	买盘
09:51:01	18.12	--	92	166704	买盘
09:50:57	18.12	--	145	262740	卖盘
09:50:52	18.12	--	97	175764	卖盘
09:50:46	18.12	-0.01	3	5436	卖盘
09:50:41	18.13	--	118	213934	买盘
09:50:36	18.13	0.01	19	34447	买盘
09:50:31	18.12	--	102	184824	卖盘
09:50:27	18.12	-0.02	300	543600	卖盘
09:50:22	18.14	--	402	729228	买盘
09:50:16	18.14	0.01	34	61676	买盘
09:50:11	18.13	-0.01	110	199430	卖盘
09:50:06	18.14	--	152	275728	卖盘
09:50:01	18.14	-0.01	104	188656	卖盘
09:49:55	18.15	--	18	32669	买盘
09:49:51	18.15	--	87	157905	买盘
09:49:46	18.15	-0.01	753	1366695	卖盘
09:49:40	18.16	0.01	3	5448	买盘
09:49:36	18.15	-0.01	553	1003694	卖盘
09:49:31	18.16	-0.01	753	1367556	卖盘
09:49:25	18.17	--	156	283452	买盘
09:49:21	18.17	--	23	41791	买盘
09:49:16	18.17	0.01	347	630499	买盘
09:49:10	18.16	-0.02	1333	2420728	卖盘
09:49:06	18.18	--	56	101808	买盘
09:49:01	18.18	0.01	38	69084	买盘
09:48:55	18.17	-0.01	2	3634	卖盘
09:48:51	18.18	--	71	129078	卖盘
09:48:46	18.18	-0.01	14	25452	中性盘
09:48:40	18.19	0.01	163	296497	买盘
09:48:36	18.18	-0.01	159	289062	卖盘
09:48:31	18.19	--	58	105502	买盘
09:48:25	18.19	0.01	5	9095	买盘
09:48:21	18.18	-0.01	289	525402	卖盘
09:48:16	18.19	--	1	1819	买盘
09:48:10	18.19	0.01	5	9095	买盘
09:48:06	18.18	-0.01	83	150894	卖盘
09:48:01	18.19	0.01	6	10914	买盘
09:47:51	18.18	--	2	3636	卖盘
09:47:46	18.18	-0.01	12	21816	卖盘
09:47:40	18.19	0.01	22	40018	买盘
09:47:36	18.18	--	205	372690	卖盘
09:47:31	18.18	--	153	278154	卖盘
09:47:16	18.18	-0.01	54	98172	卖盘
09:47:10	18.19	0.01	37	67303	买盘
09:47:06	18.18	-0.01	116	210888	卖盘
09:47:01	18.19	0.01	45	81855	买盘
09:46:55	18.18	--	41	74538	卖盘
09:46:51	18.18	-0.01	43	78174	卖盘
09:46:40	18.19	0.01	1	1819	买盘
09:46:36	18.18	-0.01	12	21816	卖盘
09:46:31	18.19	0.01	27	49113	买盘
09:46:25	18.18	--	10	18180	卖盘
09:46:21	18.18	-0.01	24	43632	卖盘
09:46:16	18.19	--	10	18190	买盘
09:46:10	18.19	--	25	45475	买盘
09:46:06	18.19	--	214	389266	买盘
09:46:01	18.19	--	5	9095	买盘
09:45:55	18.19	--	57	103683	买盘
09:45:51	18.19	0.01	101	183719	买盘
09:45:46	18.18	-0.01	54	98172	卖盘
09:45:40	18.19	--	12	21828	买盘
09:45:36	18.19	0.01	53	96407	买盘
09:45:30	18.18	--	41	74538	卖盘
09:45:25	18.18	--	25	45450	买盘
09:45:21	18.18	--	8	14544	买盘
09:45:16	18.18	--	55	99990	卖盘
09:45:10	18.18	-0.01	208	378144	卖盘
09:45:06	18.19	--	128	232832	买盘
09:45:00	18.19	0.01	18	32742	买盘
09:44:55	18.18	--	22	39996	卖盘
09:44:51	18.18	--	36	65448	卖盘
09:44:45	18.18	-0.01	7	12726	卖盘
09:44:40	18.19	0.01	7	12733	买盘
09:44:36	18.18	--	18	32724	卖盘
09:44:30	18.18	--	56	101808	卖盘
09:44:25	18.18	--	580	1054440	买盘
09:44:16	18.18	--	10	18180	买盘
09:44:10	18.18	0.01	5	9090	买盘
09:44:04	18.17	-0.01	2	3634	卖盘
09:44:00	18.18	0.01	8	14544	买盘
09:43:55	18.17	-0.01	323	586891	卖盘
09:43:45	18.18	--	158	287244	买盘
09:43:40	18.18	0.01	7	12726	买盘
09:43:34	18.17	-0.01	19	34523	卖盘
09:43:30	18.18	0.01	8	14544	买盘
09:43:25	18.17	--	203	368851	卖盘
09:43:19	18.17	-0.01	9	16353	卖盘
09:43:15	18.18	--	256	465408	买盘
09:43:10	18.18	--	5	9090	买盘
09:43:04	18.18	0.01	10	18180	买盘
09:43:00	18.17	-0.01	5	9085	卖盘
09:42:55	18.18	--	19	34542	买盘
09:42:49	18.18	--	3	5454	买盘
09:42:45	18.18	--	5	9090	买盘
09:42:40	18.18	0.01	243	441774	买盘
09:42:34	18.17	--	7	12719	卖盘
09:42:30	18.17	-0.01	10	18170	卖盘
09:42:25	18.18	--	36	65448	买盘
09:42:15	18.18	--	4	7272	买盘
09:42:10	18.18	--	11	19998	买盘
09:42:04	18.18	--	5	9090	买盘
09:42:00	18.18	0.01	51	92718	买盘
09:41:55	18.17	-0.01	11	19987	卖盘
09:41:49	18.18	--	1	1818	买盘
09:41:45	18.18	--	40	72720	买盘
09:41:40	18.18	--	9	16362	买盘
09:41:34	18.18	--	6	10908	买盘
09:41:30	18.18	--	98	178164	中性盘
09:41:25	18.18	0.01	15	27270	买盘
09:41:19	18.17	-0.01	6	10902	卖盘
09:41:15	18.18	--	105	190890	买盘
09:41:10	18.18	0.01	9	16362	中性盘
09:41:04	18.17	-0.01	12	21804	卖盘
09:41:00	18.18	0.01	5	9090	买盘
09:40:55	18.17	--	26	47242	卖盘
09:40:49	18.17	--	37	67229	卖盘
09:40:45	18.17	--	109	198053	卖盘
09:40:40	18.17	--	92	168871	买盘
09:40:34	18.17	--	8	14536	买盘
09:40:30	18.17	0.01	117	212589	买盘
09:40:25	18.16	-0.01	57	103512	卖盘
09:40:19	18.17	0.01	24	43608	买盘
09:40:15	18.16	-0.01	43	78088	卖盘
09:40:09	18.17	0.01	101	183517	买盘
09:40:04	18.16	-0.01	170	308720	卖盘
09:40:00	18.17	0.01	61	110837	买盘
09:39:55	18.16	--	159	288744	卖盘
09:39:49	18.16	-0.01	6	10896	卖盘
09:39:45	18.17	--	11	19987	买盘
09:39:40	18.17	-0.02	366	665131	卖盘
09:39:34	18.19	--	0	0	买盘
09:39:30	18.19	--	392	713048	买盘
09:39:25	18.19	--	12	21828	买盘
09:39:19	18.19	0.01	1	1819	买盘
09:39:15	18.18	-0.02	135	245430	卖盘
09:39:10	18.2	0.01	42	76440	买盘
09:39:04	18.19	-0.01	3	5457	卖盘
09:39:00	18.2	-0.01	12	21840	买盘
09:38:54	18.21	0.01	99	180279	买盘
09:38:44	18.2	-0.02	187	340340	卖盘
09:38:40	18.22	0.02	39	71058	买盘
09:38:30	18.2	--	16	29120	买盘
09:38:24	18.2	0.01	53	96460	买盘
09:38:15	18.19	-0.01	35	63665	卖盘
09:38:09	18.2	0.01	5	9100	买盘
09:37:59	18.19	-0.01	86	156434	买盘
09:37:54	18.2	0.01	102	185640	买盘
09:37:49	18.19	--	62	112778	买盘
09:37:44	18.19	--	13	23647	买盘
09:37:40	18.19	--	573	1042287	卖盘
09:37:34	18.19	--	85	154615	卖盘
09:37:28	18.19	--	40	72760	卖盘
09:37:24	18.19	-0.01	20	36380	卖盘
09:37:19	18.2	0.01	45	81900	买盘
09:37:13	18.19	--	5	9095	卖盘
09:37:09	18.19	--	377	685763	卖盘
09:37:04	18.19	0.01	119	216461	买盘
09:36:58	18.18	-0.01	43	78174	卖盘
09:36:54	18.19	--	44	80036	买盘
09:36:49	18.19	--	45	81855	买盘
09:36:43	18.19	--	7	12733	买盘
09:36:39	18.19	0.01	20	36380	买盘
09:36:34	18.18	--	232	421776	卖盘
09:36:28	18.18	-0.01	1	1818	卖盘
09:36:24	18.19	--	105	190995	买盘
09:36:19	18.19	-0.01	69	125511	卖盘
09:36:13	18.2	--	30	54600	买盘
09:36:09	18.2	--	151	274820	买盘
09:36:04	18.2	--	268	487760	卖盘
09:35:58	18.2	-0.01	125	227500	卖盘
09:35:54	18.21	0.01	20	36420	中性盘
09:35:49	18.2	-0.03	78	141960	卖盘
09:35:43	18.23	0.02	1	1823	买盘
09:35:39	18.21	0.01	1	1821	中性盘
09:35:34	18.2	-0.04	59	107380	卖盘
09:35:28	18.24	--	0	0	买盘
09:35:24	18.24	0.04	158	288192	买盘
09:35:19	18.2	-0.03	10	18200	卖盘
09:35:13	18.23	0.06	43	78389	买盘
09:35:09	18.17	-0.07	777	1413516	卖盘
09:34:58	18.24	0.05	10	18240	买盘
09:34:54	18.19	--	24	43656	买盘
09:34:49	18.19	0.03	30	54570	买盘
09:34:43	18.16	-0.02	79	143464	卖盘
09:34:39	18.18	0.01	256	465408	买盘
09:34:34	18.17	0.01	82	148994	买盘
09:34:28	18.16	--	322	584752	卖盘
09:34:24	18.16	-0.01	101	183416	卖盘
09:34:19	18.17	0.01	151	274367	买盘
09:34:13	18.16	0.01	33	59928	买盘
09:34:09	18.15	-0.01	116	210539	卖盘
09:34:04	18.16	--	210	381360	卖盘
09:33:58	18.16	--	187	339592	卖盘
09:33:54	18.16	--	117	212472	卖盘
09:33:49	18.16	--	65	118040	卖盘
09:33:43	18.16	-0.02	19	34504	卖盘
09:33:39	18.18	0.02	187	339966	买盘
09:33:33	18.16	-0.02	137	248792	卖盘
09:33:28	18.18	--	32	58176	卖盘
09:33:24	18.18	-0.01	291	529038	卖盘
09:33:18	18.19	0.01	42	76398	买盘
09:33:13	18.18	-0.01	42	76356	卖盘
09:33:09	18.19	--	25	45475	买盘
09:33:03	18.19	-0.01	224	407456	卖盘
09:32:58	18.2	--	118	214760	卖盘
09:32:54	18.2	-0.01	40	72800	卖盘
09:32:48	18.21	--	223	406083	卖盘
09:32:43	18.21	-0.02	105	191205	卖盘
09:32:39	18.23	0.01	175	319025	买盘
09:32:33	18.22	-0.01	39	71058	卖盘
09:32:28	18.23	0.01	17	30991	中性盘
09:32:24	18.22	-0.01	424	772528	卖盘
09:32:18	18.23	-0.01	96	175008	卖盘
09:32:13	18.24	--	18	32832	买盘
09:32:09	18.24	-0.01	69	125855	卖盘
09:32:03	18.25	-0.01	151	275575	卖盘
09:31:58	18.26	--	10	18260	买盘
09:31:53	18.26	-0.01	90	164340	卖盘
09:31:48	18.27	--	12	21924	买盘
09:31:43	18.27	--	6	10962	买盘
09:31:38	18.27	-0.01	3	5481	卖盘
09:31:33	18.28	0.01	5	9140	买盘
09:31:28	18.27	0.01	6	10962	中性盘
09:31:18	18.26	-0.02	22	40172	卖盘
09:31:07	18.28	0.03	228	416784	买盘
09:31:03	18.25	--	7	12775	卖盘
09:30:58	18.25	--	75	136875	卖盘
09:30:52	18.25	0.02	19	34675	买盘
09:30:48	18.23	-0.02	6	10938	卖盘
09:30:43	18.25	0.03	14	25550	买盘
09:30:37	18.22	-0.03	15	27330	卖盘
09:30:33	18.25	--	23	41975	买盘
09:30:28	18.25	--	0	0	买盘
09:30:22	18.25	--	3	5475	买盘
09:30:13	18.25	-0.04	3	5475	买盘
09:30:07	18.29	0.07	315	576135	买盘
09:30:03	18.22	-0.07	239	435458	卖盘
09:28:47	18.29	--	0	0	买盘
09:25:06	18.29	18.29	1186	2169194	买盘
