成交时间	成交价	价格变动	成交量(手)	成交额(元)	性质
15:00:00	3.08	--	0	0	买盘
15:00:00	3.08	0.01	0	0	买盘
15:00:00	3.07	--	401	123107	卖盘
14:59:58	3.07	-0.01	614	188498	卖盘
14:59:51	3.08	0.01	45	13860	买盘
14:59:47	3.07	-0.01	313	96091	卖盘
14:59:43	3.08	0.01	130	40040	买盘
14:59:36	3.07	--	52	15964	卖盘
14:59:32	3.07	--	27	8289	卖盘
14:59:28	3.07	--	182	55874	卖盘
14:59:22	3.07	-0.01	354	108678	卖盘
14:59:18	3.08	0.01	1783	549164	买盘
14:59:12	3.07	--	31	9517	卖盘
14:59:07	3.07	-0.01	302	92714	卖盘
14:59:02	3.08	--	110	33880	买盘
14:58:57	3.08	--	45	13860	买盘
14:58:51	3.08	--	400	123200	买盘
14:58:48	3.08	--	953	293524	买盘
14:58:42	3.08	0.01	151	46508	买盘
14:58:37	3.07	--	10	3070	卖盘
14:58:33	3.07	--	237	72759	卖盘
14:58:27	3.07	--	94	28858	卖盘
14:58:22	3.07	--	100	30700	卖盘
14:58:18	3.07	--	491	150737	卖盘
14:58:12	3.07	--	251	77057	卖盘
14:58:06	3.07	-0.01	200	61400	卖盘
14:58:02	3.08	0.01	6	1848	买盘
14:57:57	3.07	-0.01	349	107143	卖盘
14:57:52	3.08	--	171	52668	买盘
14:57:47	3.08	--	10	3080	买盘
14:57:42	3.08	--	1086	334488	买盘
14:57:37	3.08	--	360	110880	买盘
14:57:32	3.08	--	20	6160	买盘
14:57:27	3.08	--	15	4620	买盘
14:57:22	3.08	--	107	32956	买盘
14:57:17	3.08	--	12	3696	买盘
14:57:12	3.08	--	181	55748	买盘
14:57:07	3.08	0.01	256	78848	买盘
14:56:57	3.07	--	404	124028	卖盘
14:56:51	3.07	-0.01	51	15657	卖盘
14:56:47	3.08	0.01	31	9548	买盘
14:56:42	3.07	--	163	50041	卖盘
14:56:37	3.07	--	436	133852	卖盘
14:56:32	3.07	-0.01	120	36840	卖盘
14:56:27	3.08	0.01	974	299992	买盘
14:56:21	3.07	-0.01	193	59251	卖盘
14:56:11	3.08	0.01	88	27104	买盘
14:56:06	3.07	--	320	98240	卖盘
14:56:00	3.07	--	16	4912	卖盘
14:55:56	3.07	--	25	7675	卖盘
14:55:51	3.07	--	51	15657	卖盘
14:55:45	3.07	--	183	56181	卖盘
14:55:42	3.07	-0.01	111	34077	卖盘
14:55:37	3.08	0.01	191	58828	买盘
14:55:30	3.07	--	35	10745	卖盘
14:55:27	3.07	-0.01	174	53418	卖盘
14:55:22	3.08	--	420	129360	买盘
14:55:11	3.08	--	284	87472	买盘
14:55:07	3.08	0.01	37	11396	买盘
14:55:00	3.07	--	10	3070	卖盘
14:54:56	3.07	-0.01	84	25788	卖盘
14:54:52	3.08	--	1273	392084	买盘
14:54:41	3.08	--	356	109648	买盘
14:54:37	3.08	--	31	9548	买盘
14:54:31	3.08	0.01	741	228228	买盘
14:54:27	3.07	-0.01	60	18420	卖盘
14:54:22	3.08	--	500	154000	买盘
14:54:16	3.08	--	5	1540	买盘
14:54:11	3.08	0.01	9	2772	买盘
14:54:07	3.07	-0.01	36	11052	卖盘
14:54:01	3.08	--	26	8008	买盘
14:53:56	3.08	0.01	116	35728	买盘
14:53:51	3.07	--	10	3070	卖盘
14:53:45	3.07	--	620	190340	卖盘
14:53:41	3.07	--	145	44515	卖盘
14:53:37	3.07	--	13	3991	卖盘
14:53:31	3.07	-0.01	30	9210	卖盘
14:53:27	3.08	--	9	2772	买盘
14:53:22	3.08	0.01	276	85008	买盘
14:53:12	3.07	--	661	202927	卖盘
14:53:06	3.07	--	170	52190	卖盘
14:52:52	3.07	--	223	68461	卖盘
14:52:46	3.07	--	4	1228	卖盘
14:52:42	3.07	--	491	150737	卖盘
14:52:37	3.07	--	430	132010	卖盘
14:52:30	3.07	--	910	279370	卖盘
14:52:26	3.07	--	62	19034	卖盘
14:52:21	3.07	-0.01	14	4298	卖盘
14:52:11	3.08	0.01	13	4004	买盘
14:52:06	3.07	--	249	76443	卖盘
14:52:01	3.07	--	15	4605	卖盘
14:51:56	3.07	--	42	12894	卖盘
14:51:51	3.07	-0.01	226	69382	卖盘
14:51:46	3.08	0.01	6	1848	买盘
14:51:41	3.07	--	31	9517	卖盘
14:51:36	3.07	--	198	60786	卖盘
14:51:31	3.07	-0.01	10	3070	卖盘
14:51:26	3.08	0.01	79	24332	买盘
14:51:21	3.07	--	223	68461	卖盘
14:51:15	3.07	--	67	20569	卖盘
14:51:11	3.07	--	129	39603	卖盘
14:51:06	3.07	--	110	33770	卖盘
14:50:56	3.07	--	271	83197	卖盘
14:50:51	3.07	-0.01	142	43594	卖盘
14:50:45	3.08	0.01	25	7700	买盘
14:50:41	3.07	--	1	307	卖盘
14:50:36	3.07	--	211	64777	卖盘
14:50:30	3.07	--	71	21797	卖盘
14:50:21	3.07	--	25	7675	卖盘
14:50:16	3.07	-0.01	324	99468	卖盘
14:50:11	3.08	0.01	22	6776	买盘
14:50:06	3.07	--	38	11666	卖盘
14:50:00	3.07	--	227	69689	卖盘
14:49:56	3.07	--	117	35919	卖盘
14:49:46	3.07	--	520	159640	卖盘
14:49:36	3.07	--	4721	1449347	卖盘
14:49:30	3.07	--	31	9517	卖盘
14:49:24	3.07	-0.01	20	6140	卖盘
14:49:21	3.08	0.01	185	56980	买盘
14:49:15	3.07	-0.01	1	307	卖盘
14:49:10	3.08	0.01	415	127820	买盘
14:49:05	3.07	--	34	10438	卖盘
14:48:54	3.07	--	51	15657	卖盘
14:48:40	3.07	--	140	42980	卖盘
14:48:35	3.07	--	54	16578	卖盘
14:48:31	3.07	-0.01	206	63242	卖盘
14:48:24	3.08	0.01	100	30800	买盘
14:48:20	3.07	--	104	31928	卖盘
14:48:15	3.07	-0.01	20	6140	卖盘
14:48:10	3.08	0.01	7	2156	买盘
14:48:06	3.07	--	103	31621	卖盘
14:48:00	3.07	--	233	71531	卖盘
14:47:54	3.07	--	245	75215	卖盘
14:47:50	3.07	-0.01	279	85653	卖盘
14:47:40	3.08	0.01	2	616	买盘
14:47:36	3.07	--	484	148588	卖盘
14:47:31	3.07	--	209	64163	卖盘
14:47:15	3.07	--	428	131396	卖盘
14:47:09	3.07	-0.01	10	3070	卖盘
14:47:05	3.08	0.01	327	100716	买盘
14:47:00	3.07	--	200	61400	卖盘
14:46:55	3.07	-0.01	28	8596	卖盘
14:46:50	3.08	0.01	22	6776	买盘
14:46:35	3.07	--	456	139992	卖盘
14:46:25	3.07	-0.01	1	307	卖盘
14:46:20	3.08	0.01	313	96404	买盘
14:46:15	3.07	-0.01	115	35305	卖盘
14:46:10	3.08	0.01	7	2156	买盘
14:46:05	3.07	-0.01	297	91179	卖盘
14:46:00	3.08	0.01	62	19096	买盘
14:45:55	3.07	--	172	52804	卖盘
14:45:50	3.07	-0.01	225	69075	卖盘
14:45:45	3.08	0.01	148	45584	买盘
14:45:39	3.07	--	35	10745	卖盘
14:45:36	3.07	-0.01	40	12280	卖盘
14:45:30	3.08	0.01	6	1848	买盘
14:45:21	3.07	-0.01	318	97626	卖盘
14:45:10	3.08	0.01	12	3696	买盘
14:45:06	3.07	--	683	209681	卖盘
14:45:00	3.07	--	107	32849	卖盘
14:44:54	3.07	--	193	59251	卖盘
14:44:50	3.07	--	134	41138	卖盘
14:44:45	3.07	--	27	8289	卖盘
14:44:35	3.07	--	31	9520	卖盘
14:44:30	3.07	--	22	6754	卖盘
14:44:24	3.07	--	2	614	卖盘
14:44:20	3.07	--	257	78899	卖盘
14:44:15	3.07	-0.01	160	49120	卖盘
14:44:09	3.08	0.01	7	2156	买盘
14:44:05	3.07	-0.01	44	13508	卖盘
14:43:55	3.08	0.01	135	41580	买盘
14:43:50	3.07	-0.01	588	180516	卖盘
14:43:45	3.08	--	188	57904	买盘
14:43:40	3.08	0.01	4044	1245552	买盘
14:43:35	3.07	-0.01	22	6754	卖盘
14:43:30	3.08	--	227	69916	买盘
14:43:24	3.08	--	183	56364	买盘
14:43:20	3.08	0.01	7	2156	买盘
14:43:15	3.07	-0.01	535	164245	卖盘
14:43:09	3.08	--	157	48356	买盘
14:43:05	3.08	--	26	8008	买盘
14:42:59	3.08	--	146	44968	买盘
14:42:54	3.08	0.01	139	42812	买盘
14:42:44	3.07	--	234	71838	卖盘
14:42:39	3.07	-0.01	64	19648	卖盘
14:42:33	3.08	0.01	72	22176	买盘
14:42:29	3.07	--	192	58944	卖盘
14:42:24	3.07	--	0	33	卖盘
14:42:18	3.07	--	360	110520	卖盘
14:42:15	3.07	-0.01	51	15657	卖盘
14:42:09	3.08	--	147	45276	买盘
14:42:03	3.08	0.01	34	10472	买盘
14:41:59	3.07	-0.01	30	9210	卖盘
14:41:55	3.08	0.01	642	197736	买盘
14:41:49	3.07	--	14	4298	卖盘
14:41:44	3.07	-0.01	26	7982	卖盘
14:41:39	3.08	0.01	21	6468	买盘
14:41:33	3.07	--	86	26432	卖盘
14:41:30	3.07	--	138	42366	卖盘
14:41:25	3.07	--	152	46664	卖盘
14:41:15	3.07	-0.01	104	31928	卖盘
14:41:09	3.08	--	57	17556	买盘
14:41:04	3.08	--	85	26180	买盘
14:40:59	3.08	--	10	3080	买盘
14:40:54	3.08	--	117	36036	买盘
14:40:44	3.08	--	68	20944	买盘
14:40:40	3.08	0.01	107	32956	买盘
14:40:33	3.07	--	18	5526	卖盘
14:40:29	3.07	--	332	101924	卖盘
14:40:25	3.07	-0.01	364	111748	卖盘
14:40:18	3.08	0.01	168	51744	买盘
14:40:15	3.07	-0.01	565	173455	卖盘
14:40:09	3.08	--	581	178948	买盘
14:40:04	3.08	0.01	60	18480	买盘
14:40:00	3.07	--	183	56181	卖盘
14:39:54	3.07	--	925	283975	卖盘
14:39:49	3.07	--	2340	718380	卖盘
14:39:44	3.07	--	1054	323578	卖盘
14:39:40	3.07	--	2982	915474	卖盘
14:39:34	3.07	--	169	51935	卖盘
14:39:29	3.07	--	319	98218	卖盘
14:39:25	3.07	--	431	132317	卖盘
14:39:19	3.07	--	230	70610	卖盘
14:39:14	3.07	--	433	132931	卖盘
14:39:10	3.07	-0.01	118	36226	卖盘
14:39:03	3.08	0.01	73	22484	买盘
14:39:00	3.07	-0.01	150	46050	卖盘
14:38:55	3.08	--	105	32340	买盘
14:38:48	3.08	0.01	660	203280	买盘
14:38:44	3.07	--	1162	356734	卖盘
14:38:40	3.07	--	337	103459	卖盘
14:38:34	3.07	--	5	1535	卖盘
14:38:14	3.07	-0.01	4	1228	卖盘
14:38:09	3.08	--	2188	673904	买盘
14:38:03	3.08	--	179	55132	买盘
14:37:59	3.08	--	3	924	买盘
14:37:54	3.08	--	130	40040	买盘
14:37:48	3.08	--	31	9548	买盘
14:37:44	3.08	0.01	124	38192	买盘
14:37:39	3.07	--	174	53418	卖盘
14:37:33	3.07	--	268	82276	卖盘
14:37:29	3.07	-0.01	156	47922	卖盘
14:37:24	3.08	0.01	17	5236	买盘
14:37:18	3.07	-0.01	12	3684	卖盘
14:37:14	3.08	--	25	7700	买盘
14:37:09	3.08	--	55	16940	买盘
14:37:04	3.08	0.01	131	40348	买盘
14:36:59	3.07	-0.01	5	1535	卖盘
14:36:54	3.08	0.01	9	2772	买盘
14:36:49	3.07	--	12	3684	卖盘
14:36:43	3.07	--	70	21490	卖盘
14:36:39	3.07	--	36	11052	卖盘
14:36:33	3.07	-0.01	8	2456	卖盘
14:36:29	3.08	0.01	4	1232	买盘
14:36:24	3.07	--	10	3070	卖盘
14:36:18	3.07	-0.01	62	19034	卖盘
14:36:13	3.08	--	10	3080	买盘
14:36:08	3.08	--	68	20944	买盘
14:36:03	3.08	0.01	83	25564	买盘
14:35:54	3.07	--	231	70917	卖盘
14:35:48	3.07	--	13	3991	卖盘
14:35:39	3.07	--	38	11666	卖盘
14:35:33	3.07	--	115	35305	卖盘
14:35:27	3.07	--	279	85683	卖盘
14:35:19	3.07	-0.01	316	97012	卖盘
14:35:08	3.08	0.01	45	13860	买盘
14:35:03	3.07	--	312	95784	卖盘
14:34:57	3.07	--	12	3684	卖盘
14:34:54	3.07	-0.01	300	92100	卖盘
14:34:48	3.08	--	3	924	买盘
14:34:42	3.08	0.01	10	3080	买盘
14:34:38	3.07	--	467	143369	卖盘
14:34:33	3.07	--	33	10131	卖盘
14:34:28	3.07	-0.01	132	40524	卖盘
14:34:23	3.08	0.01	6	1848	买盘
14:34:18	3.07	-0.01	240	73680	卖盘
14:34:09	3.08	--	47	14476	买盘
14:34:03	3.08	0.01	112	34496	买盘
14:33:57	3.07	--	34	10438	卖盘
14:33:54	3.07	--	720	221040	卖盘
14:33:42	3.07	--	14	4298	卖盘
14:33:38	3.07	--	142	43594	卖盘
14:33:23	3.07	-0.01	86	26432	卖盘
14:33:18	3.08	--	23	7084	买盘
14:33:08	3.08	--	69	21252	买盘
14:33:03	3.08	0.01	11	3388	买盘
14:32:57	3.07	--	10	3070	卖盘
14:32:53	3.07	-0.01	72	22104	卖盘
14:32:48	3.08	0.01	30	9240	买盘
14:32:42	3.07	--	1	310	卖盘
14:32:39	3.07	--	49	15043	卖盘
14:32:33	3.07	--	66	20262	卖盘
14:32:27	3.07	-0.01	20	6140	卖盘
14:32:18	3.08	0.01	3	924	买盘
14:32:12	3.07	-0.01	5	1535	卖盘
14:32:09	3.08	--	65	20020	买盘
14:32:03	3.08	0.01	136	41888	买盘
14:31:48	3.07	--	31	9517	卖盘
14:31:38	3.07	--	66	20262	卖盘
14:31:33	3.07	-0.01	104	31928	卖盘
14:31:28	3.08	--	298	91784	买盘
14:31:23	3.08	--	305	93970	买盘
14:31:18	3.08	0.01	500	154000	买盘
14:31:13	3.07	-0.01	10	3070	卖盘
14:31:08	3.08	--	192	59136	买盘
14:31:03	3.08	--	32	9856	买盘
14:30:57	3.08	0.01	26	8008	买盘
14:30:53	3.07	-0.01	1053	323271	卖盘
14:30:48	3.08	0.01	12	3696	买盘
14:30:38	3.07	--	48	14736	卖盘
14:30:33	3.07	--	270	82890	卖盘
14:30:27	3.07	--	88	27016	卖盘
14:30:23	3.07	--	38	11666	卖盘
14:30:18	3.07	-0.01	6	1842	卖盘
14:30:12	3.08	0.01	317	97636	买盘
14:30:08	3.07	-0.01	90	27630	卖盘
14:30:03	3.08	0.01	55	16940	买盘
14:29:57	3.07	--	281	86267	卖盘
14:29:53	3.07	--	55	16885	卖盘
14:29:48	3.07	--	64	19648	卖盘
14:29:43	3.07	--	1485	455895	卖盘
14:29:38	3.07	--	148	45436	卖盘
14:29:27	3.07	--	110	33770	卖盘
14:29:21	3.07	--	1	478	卖盘
14:29:18	3.07	--	182	56039	卖盘
14:29:12	3.07	--	77	23639	卖盘
14:29:06	3.07	-0.01	50	15350	卖盘
14:29:03	3.08	0.01	2	616	买盘
14:28:57	3.07	-0.01	66	20262	卖盘
14:28:52	3.08	--	32	9856	买盘
14:28:47	3.08	0.01	25	7700	买盘
14:28:42	3.07	-0.01	204	62628	卖盘
14:28:36	3.08	--	51	15708	买盘
14:28:27	3.08	--	26	8008	买盘
14:28:21	3.08	0.01	76	23408	买盘
14:28:17	3.07	--	26	7982	卖盘
14:28:12	3.07	--	263	80741	卖盘
14:28:06	3.07	-0.01	98	30086	卖盘
14:28:02	3.08	--	12	3696	买盘
14:27:57	3.08	0.01	35	10780	买盘
14:27:51	3.07	--	56	17192	卖盘
14:27:47	3.07	--	89	27323	卖盘
14:27:42	3.07	--	0	159	卖盘
14:27:36	3.07	--	52	15964	卖盘
14:27:32	3.07	--	11	3377	卖盘
14:27:27	3.07	--	56	17192	卖盘
14:27:21	3.07	--	124	38068	卖盘
14:27:17	3.07	--	93	28581	卖盘
14:27:13	3.07	-0.01	424	130168	卖盘
14:27:06	3.08	--	254	78232	买盘
14:27:03	3.08	--	252	77616	买盘
14:26:57	3.08	0.01	25	7700	买盘
14:26:48	3.07	--	67	20569	卖盘
14:26:36	3.07	--	100	30700	卖盘
14:26:32	3.07	-0.01	24	7368	卖盘
14:26:27	3.08	0.01	93	28644	买盘
14:26:18	3.07	-0.01	51	15657	卖盘
14:26:12	3.08	--	40	12320	买盘
14:26:06	3.08	--	1056	325248	买盘
14:26:02	3.08	--	786	242088	买盘
14:25:57	3.08	--	45	13860	买盘
14:25:47	3.08	0.01	7	2156	买盘
14:25:37	3.07	--	40	12280	卖盘
14:25:32	3.07	-0.01	78	23946	卖盘
14:25:28	3.08	--	65	20020	买盘
14:25:17	3.08	--	1240	381950	买盘
14:25:12	3.08	0.01	107	32956	买盘
14:25:02	3.07	--	73	22625	卖盘
14:24:57	3.07	--	73	22411	卖盘
14:24:51	3.07	--	1222	375154	卖盘
14:24:42	3.07	--	205	62935	卖盘
14:24:36	3.07	--	155	47585	卖盘
14:24:32	3.07	--	431	132317	卖盘
14:24:27	3.07	--	97	29779	卖盘
14:24:17	3.07	-0.01	5	1535	卖盘
14:24:12	3.08	--	7	2156	买盘
14:24:06	3.08	0.01	20	6160	买盘
14:24:02	3.07	--	86	26402	卖盘
14:23:57	3.07	--	124	38068	卖盘
14:23:51	3.07	-0.01	76	23332	卖盘
14:23:47	3.08	--	28	8624	买盘
14:23:42	3.08	0.01	237	72996	买盘
14:23:36	3.07	-0.01	153	46971	卖盘
14:23:32	3.08	0.01	50	15400	买盘
14:23:27	3.07	-0.01	146	44822	卖盘
14:23:21	3.08	0.01	55	16940	买盘
14:23:17	3.07	-0.01	7	2348	卖盘
14:23:12	3.08	--	5338	1644242	买盘
14:23:06	3.08	0.01	95	29260	买盘
14:23:02	3.07	-0.01	51	15657	卖盘
14:22:57	3.08	0.01	97	29876	买盘
14:22:51	3.07	-0.01	8	2456	卖盘
14:22:41	3.08	--	84	25872	买盘
14:22:36	3.08	--	72	22176	买盘
14:22:30	3.08	--	2	616	买盘
14:22:26	3.08	--	97	29876	买盘
14:22:21	3.08	0.01	4503	1386924	买盘
14:22:15	3.07	--	1	307	卖盘
14:22:11	3.07	-0.01	27	8289	卖盘
14:22:06	3.08	0.01	66	20328	买盘
14:21:56	3.07	-0.01	57	17499	卖盘
14:21:51	3.08	0.01	42	12936	买盘
14:21:41	3.07	-0.01	120	36840	卖盘
14:21:36	3.08	--	26	8008	买盘
14:21:26	3.08	0.01	24	7392	买盘
14:21:21	3.07	--	588	180516	卖盘
14:21:15	3.07	--	5	1535	卖盘
14:21:11	3.07	--	176	54081	卖盘
14:21:06	3.07	--	80	24848	卖盘
14:20:56	3.07	-0.01	53	16271	卖盘
14:20:41	3.08	--	156	48048	买盘
14:20:30	3.08	--	10	3080	买盘
14:20:26	3.08	0.01	30	9240	买盘
14:20:21	3.07	-0.01	180	55260	卖盘
14:20:15	3.08	0.01	15	4620	买盘
14:20:11	3.07	-0.01	1008	309456	卖盘
14:20:06	3.08	0.01	4	1232	买盘
14:20:00	3.07	-0.01	1	307	卖盘
14:19:56	3.08	--	32	9856	买盘
14:19:51	3.08	--	600	184800	买盘
14:19:41	3.08	0.01	38	11704	买盘
14:19:36	3.07	-0.01	61	18727	卖盘
14:19:26	3.08	0.01	26	8008	买盘
14:19:21	3.07	-0.01	56	17192	卖盘
14:19:11	3.08	0.01	149	45892	买盘
14:19:06	3.07	-0.01	157	48238	卖盘
14:18:56	3.08	--	46	14168	买盘
14:18:51	3.08	--	183	56364	买盘
14:18:45	3.08	--	7	2156	买盘
14:18:41	3.08	--	23	7084	买盘
14:18:36	3.08	--	323	99484	买盘
14:18:26	3.08	--	37	11396	买盘
14:18:15	3.08	--	32	9856	买盘
14:18:11	3.08	0.01	547	168476	买盘
14:18:06	3.07	--	144	44208	卖盘
14:18:00	3.07	--	71	21797	卖盘
14:17:56	3.07	--	130	39910	卖盘
14:17:51	3.07	-0.01	122	37454	卖盘
14:17:45	3.08	0.01	7	2156	买盘
14:17:41	3.07	-0.01	1795	551065	卖盘
14:17:36	3.08	0.01	10	3080	买盘
14:17:30	3.07	-0.01	10	3070	卖盘
14:17:25	3.08	0.01	38	11704	买盘
14:17:15	3.07	--	101	31007	卖盘
14:17:11	3.07	-0.01	69	21183	卖盘
14:17:06	3.08	0.01	59	18350	买盘
14:17:00	3.07	-0.01	78	24105	卖盘
14:16:56	3.08	--	40	12320	买盘
14:16:45	3.08	--	67	20636	买盘
14:16:39	3.08	0.01	4	1232	买盘
14:16:36	3.07	--	53	16271	卖盘
14:16:30	3.07	--	76	23332	卖盘
14:16:21	3.07	-0.01	50	15350	卖盘
14:16:15	3.08	--	403	124124	买盘
14:16:11	3.08	0.01	50	15400	买盘
14:16:06	3.07	-0.01	290	89030	卖盘
14:16:00	3.08	--	25	7700	买盘
14:15:50	3.08	0.01	7	2156	买盘
14:15:45	3.07	--	24	7368	卖盘
14:15:39	3.07	--	1	307	卖盘
14:15:35	3.07	--	51	15657	卖盘
14:15:31	3.07	-0.01	154	47278	卖盘
14:15:24	3.08	0.01	1	308	买盘
14:15:20	3.07	-0.01	1	307	卖盘
14:15:09	3.08	--	7	2156	买盘
14:15:05	3.08	0.01	2	616	买盘
14:15:00	3.07	--	112	34414	卖盘
14:14:54	3.07	--	66	20262	卖盘
14:14:50	3.07	--	60	18420	卖盘
14:14:45	3.07	--	11	3377	卖盘
14:14:39	3.07	--	9	2763	卖盘
14:14:35	3.07	-0.01	56	17192	卖盘
14:14:30	3.08	--	23	7084	买盘
14:14:09	3.08	--	7	2156	买盘
14:14:05	3.08	--	2	616	买盘
14:14:00	3.08	--	26	8008	买盘
14:13:54	3.08	0.01	2	616	买盘
14:13:50	3.07	--	320	98240	卖盘
14:13:45	3.07	-0.01	5	1535	卖盘
14:13:35	3.08	--	24	7392	买盘
14:13:30	3.08	--	179	55132	买盘
14:13:20	3.08	0.01	129	39732	买盘
14:13:15	3.07	-0.01	33	10131	卖盘
14:13:09	3.08	--	7	2156	买盘
14:13:05	3.08	0.01	27	8316	买盘
14:13:00	3.07	-0.01	113	34721	卖盘
14:12:45	3.08	0.01	5	1540	买盘
14:12:30	3.07	--	56	17192	卖盘
14:12:24	3.07	--	5	1535	卖盘
14:12:16	3.07	-0.01	50	15350	卖盘
14:12:09	3.08	--	63	19404	买盘
14:12:05	3.08	0.01	47	14476	买盘
14:12:00	3.07	--	26	7982	卖盘
14:11:50	3.07	--	225	69075	卖盘
14:11:45	3.07	--	23	7061	卖盘
14:11:39	3.07	--	140	42980	卖盘
14:11:35	3.07	-0.01	2	614	卖盘
14:11:30	3.08	--	24	7392	买盘
14:11:24	3.08	0.01	6	1848	买盘
14:11:20	3.07	--	60	18420	卖盘
14:11:15	3.07	-0.01	285	87495	卖盘
14:11:09	3.08	--	74	22792	买盘
14:11:05	3.08	--	2	616	买盘
14:11:00	3.08	0.01	86	26488	买盘
14:10:54	3.07	-0.01	286	87832	卖盘
14:10:49	3.08	--	24	7392	买盘
14:10:45	3.08	0.01	11	3388	买盘
14:10:39	3.07	-0.01	89	27323	卖盘
14:10:30	3.08	0.01	26	8008	买盘
14:10:20	3.07	--	43	13201	卖盘
14:10:15	3.07	-0.01	60	18420	卖盘
14:10:09	3.08	--	7	2156	买盘
14:10:04	3.08	--	306	94248	买盘
14:10:00	3.08	--	26	8008	买盘
14:09:54	3.08	--	9	2772	买盘
14:09:45	3.08	--	215	66220	买盘
14:09:30	3.08	0.01	64	19712	买盘
14:09:24	3.07	--	83	25481	卖盘
14:09:19	3.07	-0.01	5	1535	卖盘
14:09:15	3.08	--	260	80080	买盘
14:09:09	3.08	--	57	17556	买盘
14:09:05	3.08	--	3	924	买盘
14:09:00	3.08	0.01	84	25872	买盘
14:08:54	3.07	-0.01	278	85376	卖盘
14:08:44	3.08	0.01	120	36960	买盘
14:08:39	3.07	--	35	10745	卖盘
14:08:29	3.07	--	49	15043	卖盘
14:08:24	3.07	-0.01	141	43287	卖盘
14:08:14	3.08	--	200	61600	买盘
14:08:09	3.08	--	12	3696	买盘
14:08:03	3.08	--	2	616	买盘
14:07:59	3.08	0.01	86	26488	买盘
14:07:54	3.07	-0.01	4	1228	卖盘
14:07:48	3.08	0.01	17	5236	买盘
14:07:44	3.07	-0.01	77	23639	卖盘
14:07:39	3.08	0.01	162	49896	买盘
14:07:33	3.07	--	7	2149	卖盘
14:07:29	3.07	--	65	19955	卖盘
14:07:24	3.07	--	9	2763	卖盘
14:07:14	3.07	-0.01	17	5219	卖盘
14:07:09	3.08	--	34	10472	买盘
14:07:03	3.08	--	37	11396	买盘
14:06:59	3.08	--	25	7700	买盘
14:06:54	3.08	0.01	267	82322	买盘
14:06:48	3.07	-0.01	111	34328	卖盘
14:06:44	3.08	0.01	100	30800	买盘
14:06:39	3.07	--	59	18113	卖盘
14:06:29	3.07	--	198	60786	卖盘
14:06:24	3.07	--	31	9517	卖盘
14:06:14	3.07	-0.01	212	65084	卖盘
14:06:09	3.08	--	114	35112	买盘
14:06:03	3.08	0.01	12	3696	买盘
14:05:59	3.07	-0.01	43	13201	卖盘
14:05:54	3.08	0.01	5	1540	买盘
14:05:48	3.07	--	3	921	卖盘
14:05:39	3.07	--	56	17192	卖盘
14:05:33	3.07	--	10	3070	卖盘
14:05:29	3.07	--	58	17806	卖盘
14:05:24	3.07	-0.01	92	28244	卖盘
14:05:18	3.08	0.01	401	123508	买盘
14:05:14	3.07	-0.01	100	30700	卖盘
14:05:09	3.08	--	61	18788	买盘
14:05:03	3.08	--	42	12936	买盘
14:04:59	3.08	--	33	10164	买盘
14:04:54	3.08	0.01	163	50204	买盘
14:04:48	3.07	--	4	1482	卖盘
14:04:44	3.07	-0.01	81	24949	卖盘
14:04:39	3.08	0.01	5062	1559096	买盘
14:04:33	3.07	-0.01	1	307	卖盘
14:04:29	3.08	0.01	46	14168	买盘
14:04:24	3.07	--	51	15657	卖盘
14:04:18	3.07	--	1	307	卖盘
14:04:14	3.07	-0.01	5001	1535307	卖盘
14:04:09	3.08	--	125	38500	买盘
14:04:03	3.08	0.01	3	924	买盘
14:03:59	3.07	--	10036	3081052	卖盘
14:03:54	3.07	--	2	614	卖盘
14:03:48	3.07	-0.01	20	6140	卖盘
14:03:44	3.08	0.01	1	308	买盘
14:03:39	3.07	--	56	17192	卖盘
14:03:33	3.07	-0.01	8	2456	卖盘
14:03:29	3.08	0.01	58	17864	买盘
14:03:14	3.07	-0.01	30	9210	卖盘
14:03:09	3.08	0.01	241	74228	买盘
14:03:03	3.07	--	284	87188	卖盘
14:02:59	3.07	-0.01	134	41138	卖盘
14:02:54	3.08	0.01	134	41272	买盘
14:02:48	3.07	--	33	10131	卖盘
14:02:44	3.07	--	86	26432	卖盘
14:02:39	3.07	--	120	36840	卖盘
14:02:33	3.07	-0.01	3	921	卖盘
14:02:29	3.08	0.01	25	7700	买盘
14:02:24	3.07	--	11	3377	卖盘
14:02:13	3.07	-0.01	45	13815	卖盘
14:02:08	3.08	--	2190	674520	买盘
14:02:03	3.08	--	2	616	买盘
14:01:57	3.08	0.01	25	7700	买盘
14:01:53	3.07	--	36	11052	卖盘
14:01:42	3.07	-0.01	102	31314	卖盘
14:01:38	3.08	--	200	61600	买盘
14:01:27	3.08	0.01	25	7700	买盘
14:01:23	3.07	-0.01	10	3070	卖盘
14:01:08	3.08	--	12	3696	买盘
14:01:03	3.08	--	337	103796	买盘
14:00:57	3.08	0.01	35	10780	买盘
14:00:53	3.07	--	101	31007	卖盘
14:00:48	3.07	-0.01	32	9824	卖盘
14:00:42	3.08	--	186	57318	买盘
14:00:33	3.08	--	700	215600	买盘
14:00:27	3.08	0.01	24	7392	买盘
14:00:23	3.07	-0.01	35	10745	卖盘
14:00:08	3.08	--	42	12936	买盘
14:00:03	3.08	--	102	31416	买盘
13:59:57	3.08	--	28	8624	买盘
13:59:53	3.08	0.01	5052	1556016	买盘
13:59:48	3.07	--	804	246828	卖盘
13:59:42	3.07	-0.01	1639	503173	卖盘
13:59:38	3.08	0.01	84	25872	买盘
13:59:33	3.07	-0.01	56	17192	卖盘
13:59:27	3.08	0.01	24	7392	买盘
13:59:18	3.07	-0.01	385	118195	卖盘
13:59:08	3.08	--	14	4312	买盘
13:59:03	3.08	--	36	11088	买盘
13:58:57	3.08	0.01	25	7700	买盘
13:58:53	3.07	--	65	19955	卖盘
13:58:48	3.07	--	11	3377	卖盘
13:58:42	3.07	--	1	307	卖盘
13:58:38	3.07	--	92	28274	卖盘
13:58:33	3.07	-0.01	166	50962	卖盘
13:58:27	3.08	0.01	26	8008	买盘
13:58:18	3.07	--	100	30700	卖盘
13:58:12	3.07	-0.01	31	9517	卖盘
13:58:08	3.08	--	8	2464	买盘
13:58:03	3.08	--	166	51128	买盘
13:57:57	3.08	0.01	24	7392	买盘
13:57:53	3.07	--	3	921	卖盘
13:57:48	3.07	--	2	614	卖盘
13:57:42	3.07	--	35	10745	卖盘
13:57:38	3.07	--	2	614	卖盘
13:57:33	3.07	-0.01	95	29165	卖盘
13:57:27	3.08	0.01	25	7700	买盘
13:57:23	3.07	-0.01	3	921	卖盘
13:57:08	3.08	--	9	2772	买盘
13:57:03	3.08	--	183	56364	买盘
13:56:57	3.08	0.01	24	7392	买盘
13:56:53	3.07	-0.01	26	7982	卖盘
13:56:48	3.08	--	7	2156	买盘
13:56:37	3.08	--	129	39762	买盘
13:56:33	3.08	--	3	924	买盘
13:56:27	3.08	0.01	25	7700	买盘
13:56:23	3.07	--	3	921	卖盘
13:56:18	3.07	-0.01	4	1228	卖盘
13:56:12	3.08	--	7	2156	买盘
13:56:03	3.08	0.01	94	28952	买盘
13:55:57	3.07	-0.01	101	31007	卖盘
13:55:52	3.08	0.01	10	3080	买盘
13:55:48	3.07	--	2	614	卖盘
13:55:42	3.07	--	91	27937	卖盘
13:55:33	3.07	-0.01	2	614	卖盘
13:55:27	3.08	0.01	27	8316	买盘
13:55:21	3.07	--	70	21490	卖盘
13:55:18	3.07	-0.01	40	12280	卖盘
13:55:12	3.08	0.01	37	11396	买盘
13:55:02	3.07	--	22	6754	卖盘
13:54:57	3.07	--	63	19341	卖盘
13:54:51	3.07	--	19	5833	卖盘
13:54:32	3.07	--	86	26432	卖盘
13:54:27	3.07	--	32	9824	卖盘
13:54:12	3.07	-0.01	35	10745	卖盘
13:54:02	3.08	0.01	12	3696	买盘
13:53:57	3.07	--	26	7982	卖盘
13:53:42	3.07	--	4	1228	卖盘
13:53:36	3.07	--	62	19034	卖盘
13:53:32	3.07	--	63	19341	卖盘
13:53:27	3.07	-0.01	171	52497	卖盘
13:53:21	3.08	0.01	50	15400	买盘
13:53:17	3.07	-0.01	20	6140	卖盘
13:53:12	3.08	0.01	7	2156	买盘
13:53:06	3.07	-0.01	6	1842	卖盘
13:53:02	3.08	--	58	17864	买盘
13:52:57	3.08	--	5034	1550472	买盘
13:52:51	3.08	0.01	5000	1540000	买盘
13:52:32	3.07	-0.01	117	35949	卖盘
13:52:27	3.08	0.01	54	16632	买盘
13:52:21	3.07	--	7	2149	卖盘
13:52:17	3.07	-0.01	120	36840	卖盘
13:52:12	3.08	0.01	7	2156	买盘
13:52:06	3.07	-0.01	13	3991	卖盘
13:52:02	3.08	--	2	616	买盘
13:51:57	3.08	0.01	26	8008	买盘
13:51:47	3.07	--	130	39910	卖盘
13:51:42	3.07	--	63	19341	卖盘
13:51:32	3.07	--	168	51576	卖盘
13:51:27	3.07	--	3407	1045949	卖盘
13:51:21	3.07	-0.01	180	55260	卖盘
13:51:17	3.08	--	634	195272	买盘
13:51:12	3.08	0.01	153	47124	买盘
13:51:06	3.07	-0.01	33	10131	卖盘
13:51:02	3.08	0.01	419	129052	买盘
13:50:57	3.07	--	231	70917	卖盘
13:50:47	3.07	--	3858	1184568	买盘
13:50:42	3.07	0.01	3401	1044107	买盘
13:50:27	3.06	-0.01	123	37668	卖盘
13:50:21	3.07	0.01	62	19034	买盘
13:50:17	3.06	--	1740	532440	卖盘
13:50:12	3.06	-0.01	13	3978	卖盘
13:50:06	3.07	--	28	8596	买盘
13:50:02	3.07	--	15	4605	买盘
13:49:57	3.07	0.01	27	8289	买盘
13:49:51	3.06	-0.01	42	12852	卖盘
13:49:42	3.07	--	185	56795	买盘
13:49:27	3.07	--	25	7675	买盘
13:49:12	3.07	--	334	102538	买盘
13:49:06	3.07	--	2	614	买盘
13:48:57	3.07	0.01	177	54339	买盘
13:48:51	3.06	--	150	45900	卖盘
13:48:45	3.06	--	1	306	卖盘
13:48:42	3.06	--	55	16830	卖盘
13:48:36	3.06	--	17	5202	卖盘
13:48:30	3.06	--	26	7956	卖盘
13:48:26	3.06	--	128	39198	卖盘
13:48:21	3.06	--	38	11628	卖盘
13:48:11	3.06	--	66	20196	卖盘
13:48:06	3.06	--	4	1224	卖盘
13:48:00	3.06	--	6	1836	卖盘
13:47:56	3.06	--	71	21726	卖盘
13:47:51	3.06	--	50	15300	卖盘
13:47:45	3.06	--	1	306	卖盘
13:47:41	3.06	--	55	16830	卖盘
13:47:36	3.06	--	22	6732	卖盘
13:47:26	3.06	--	134	41004	卖盘
13:47:15	3.06	-0.01	163	49878	卖盘
13:47:11	3.07	0.01	7	2149	买盘
13:47:06	3.06	-0.01	74	22644	卖盘
13:46:56	3.07	--	34	10438	买盘
13:46:51	3.07	--	1	307	买盘
13:46:45	3.07	--	33	10131	买盘
13:46:41	3.07	0.01	20	6140	买盘
13:46:36	3.06	-0.01	154	47124	卖盘
13:46:30	3.07	0.01	5	1535	买盘
13:46:26	3.06	--	132	40422	卖盘
13:46:21	3.06	-0.01	5	1530	卖盘
13:46:15	3.07	--	7	2149	买盘
13:46:11	3.07	0.01	51	15657	买盘
13:46:06	3.06	--	136	41616	卖盘
13:46:00	3.06	-0.01	85	26010	卖盘
13:45:56	3.07	-0.01	2729	837803	卖盘
13:45:51	3.08	0.01	200	61600	买盘
13:45:45	3.07	--	23	7061	卖盘
13:45:41	3.07	--	13	3991	卖盘
13:45:36	3.07	--	156	47892	卖盘
13:45:30	3.07	--	13	3991	卖盘
13:45:26	3.07	-0.01	25	7675	卖盘
13:45:15	3.08	0.01	7	2156	买盘
13:45:11	3.07	--	6	1842	卖盘
13:45:06	3.07	--	12	3684	卖盘
13:45:00	3.07	--	5	1535	卖盘
13:44:56	3.07	--	55	16885	卖盘
13:44:45	3.07	--	30	9210	卖盘
13:44:41	3.07	--	39	11973	卖盘
13:44:36	3.07	-0.01	30	9210	卖盘
13:44:26	3.08	0.01	30	9313	买盘
13:44:21	3.07	-0.01	83	25745	卖盘
13:44:15	3.08	0.01	7	2156	买盘
13:44:11	3.07	--	180	55260	卖盘
13:44:06	3.07	--	107	32849	卖盘
13:44:00	3.07	-0.01	200	61400	卖盘
13:43:55	3.08	0.01	524	161392	买盘
13:43:51	3.07	--	1266	388662	买盘
13:43:45	3.07	--	50	15350	买盘
13:43:41	3.07	--	30	9210	买盘
13:43:36	3.07	--	108	33156	买盘
13:43:30	3.07	--	33	10131	买盘
13:43:26	3.07	--	1605	492735	买盘
13:43:15	3.07	--	7	2149	买盘
13:43:06	3.07	--	34	10438	买盘
13:43:00	3.07	--	100	30700	买盘
13:42:56	3.07	0.01	24	7368	买盘
13:42:45	3.06	--	20	6120	卖盘
13:42:41	3.06	-0.01	10	3060	卖盘
13:42:36	3.07	--	168	51576	买盘
13:42:30	3.07	0.01	25	7675	买盘
13:42:26	3.06	-0.01	2	612	卖盘
13:42:21	3.07	--	148	45466	买盘
13:42:15	3.07	--	35	10745	买盘
13:42:10	3.07	--	79	24253	买盘
13:42:06	3.07	--	32	9824	买盘
13:42:00	3.07	--	53	16271	买盘
13:41:54	3.07	--	100	30700	买盘
13:41:35	3.07	--	65	19955	买盘
13:41:30	3.07	--	25	7675	买盘
13:41:15	3.07	--	8198	2516930	卖盘
13:41:09	3.07	-0.01	720	221040	卖盘
13:41:05	3.08	0.01	249	76692	买盘
13:41:00	3.07	--	982	301474	卖盘
13:40:54	3.07	--	20	6140	卖盘
13:40:34	3.07	--	110	33770	卖盘
13:40:30	3.07	-0.01	224	68768	卖盘
13:40:15	3.08	0.01	93	28674	买盘
13:40:09	3.07	--	70	21490	卖盘
13:40:05	3.07	--	119	36533	卖盘
13:40:00	3.07	--	71	21797	卖盘
13:39:50	3.07	-0.01	271	83197	卖盘
13:39:45	3.08	0.01	5	1540	买盘
13:39:35	3.07	--	134	41138	卖盘
13:39:30	3.07	-0.01	300	92100	卖盘
13:39:24	3.08	--	26	8008	买盘
13:39:20	3.08	0.01	100	30800	买盘
13:39:15	3.07	--	31	9517	卖盘
13:39:05	3.07	--	202	62014	卖盘
13:39:00	3.07	--	30	9210	卖盘
13:38:54	3.07	--	5	1535	卖盘
13:38:50	3.07	--	631	193717	卖盘
13:38:45	3.07	-0.01	122	37454	卖盘
13:38:39	3.08	0.01	12	3696	买盘
13:38:35	3.07	-0.01	425	130475	卖盘
13:38:30	3.08	0.01	25	7700	买盘
13:38:24	3.07	--	10	3070	卖盘
13:38:19	3.07	-0.01	5	1535	卖盘
13:38:15	3.08	0.01	157	48386	买盘
13:38:05	3.07	--	62	19034	卖盘
13:37:59	3.07	-0.01	458	140606	卖盘
13:37:54	3.08	--	1524	469392	买盘
13:37:50	3.08	0.01	1	308	买盘
13:37:45	3.07	-0.01	174	53418	卖盘
13:37:39	3.08	0.01	20	6160	买盘
13:37:35	3.07	-0.01	5	1535	卖盘
13:37:30	3.08	--	24	7392	买盘
13:37:24	3.08	--	2	616	买盘
13:37:15	3.08	0.01	63	19404	买盘
13:37:05	3.07	--	42	12894	卖盘
13:37:00	3.07	--	46	14122	卖盘
13:36:50	3.07	-0.01	69	21183	卖盘
13:36:39	3.08	0.01	7	2156	买盘
13:36:34	3.07	-0.01	3	921	卖盘
13:36:30	3.08	--	26	8008	买盘
13:36:24	3.08	0.01	56	17248	买盘
13:36:20	3.07	-0.01	12	3684	卖盘
13:36:15	3.08	0.01	15	4620	买盘
13:36:09	3.07	-0.01	85	26125	卖盘
13:36:05	3.08	0.01	6	1848	买盘
13:36:00	3.07	--	50	15350	卖盘
13:35:54	3.07	--	510	156570	卖盘
13:35:45	3.07	--	56	17192	卖盘
13:35:39	3.07	--	30	9210	卖盘
13:35:30	3.07	-0.01	576	176832	卖盘
13:35:24	3.08	--	17	5236	买盘
13:35:15	3.08	0.01	89	27412	买盘
13:35:09	3.07	-0.01	1	307	卖盘
13:35:03	3.08	--	2	616	买盘
13:34:59	3.08	--	4	1232	买盘
13:34:54	3.08	0.01	47	14476	买盘
13:34:48	3.07	--	23	7061	卖盘
13:34:44	3.07	-0.01	107	32849	卖盘
13:34:29	3.08	--	50	15400	买盘
13:34:24	3.08	--	54	16632	买盘
13:34:18	3.08	--	2	616	买盘
13:34:14	3.08	0.01	110	33880	买盘
13:34:09	3.07	--	152	46694	卖盘
13:34:03	3.07	-0.01	269	82583	卖盘
13:33:54	3.08	0.01	79	24332	买盘
13:33:44	3.07	--	300	92100	卖盘
13:33:39	3.07	-0.01	62	19034	卖盘
13:33:33	3.08	0.01	20	6160	买盘
13:33:29	3.07	--	234	71838	卖盘
13:33:18	3.07	-0.01	6	1842	卖盘
13:33:14	3.08	0.01	30	9240	买盘
13:33:03	3.07	-0.01	89	27323	卖盘
13:32:59	3.08	--	2	616	买盘
13:32:54	3.08	--	84	25872	买盘
13:32:44	3.08	0.01	25	7700	买盘
13:32:39	3.07	--	80	24560	卖盘
13:32:29	3.07	-0.01	66	20262	卖盘
13:32:24	3.08	0.01	26	8008	买盘
13:32:18	3.07	-0.01	360	110520	卖盘
13:32:14	3.08	0.01	43	13244	买盘
13:32:09	3.07	-0.01	144	44422	卖盘
13:32:03	3.08	--	2	616	买盘
13:31:59	3.08	0.01	317	97636	买盘
13:31:48	3.07	-0.01	200	61400	卖盘
13:31:44	3.08	0.01	80	24640	买盘
13:31:39	3.07	--	181	55567	卖盘
13:31:29	3.07	--	33	10131	卖盘
13:31:24	3.07	0.01	2588	794648	买盘
13:31:18	3.06	-0.01	763	233478	卖盘
13:31:14	3.07	--	1851	568257	买盘
13:31:09	3.07	--	1429	438703	买盘
13:31:03	3.07	--	60	18604	买盘
13:30:59	3.07	--	4176	1282032	买盘
13:30:54	3.07	--	598	183586	买盘
13:30:48	3.07	--	50	15350	买盘
13:30:44	3.07	--	3123	958761	买盘
13:30:39	3.07	--	223	68461	买盘
13:30:33	3.07	--	170	52190	买盘
13:30:29	3.07	--	641	196787	买盘
13:30:24	3.07	--	91	27937	买盘
13:30:18	3.07	--	3812	1170284	买盘
13:30:14	3.07	--	108	33156	买盘
13:30:09	3.07	--	168	51708	买盘
13:30:03	3.07	0.01	109	33564	买盘
13:29:59	3.06	-0.01	430	131867	卖盘
13:29:54	3.07	--	1328	407696	买盘
13:29:48	3.07	0.01	342	104994	买盘
13:29:44	3.06	-0.01	277	84762	卖盘
13:29:39	3.07	0.01	2194	673558	买盘
13:29:33	3.06	-0.01	1	306	卖盘
13:29:29	3.07	--	56	17192	买盘
13:29:24	3.07	--	289	88723	买盘
13:29:18	3.07	--	92	28244	买盘
13:29:14	3.07	--	1507	462649	买盘
13:29:09	3.07	0.01	620	190340	买盘
13:29:03	3.06	-0.01	131	40269	卖盘
13:28:59	3.07	--	210	64470	买盘
13:28:54	3.07	--	1262	387434	买盘
13:28:48	3.07	--	162	49734	买盘
13:28:39	3.07	--	364	111748	买盘
13:28:33	3.07	--	382	117274	买盘
13:28:27	3.07	--	65	19955	买盘
13:28:23	3.07	0.01	1550	475850	买盘
13:28:18	3.06	-0.01	20	6120	卖盘
13:28:12	3.07	--	1318	404626	买盘
13:28:08	3.07	--	1003	307921	买盘
13:28:03	3.07	0.01	293	90190	买盘
13:27:57	3.06	-0.01	33	10379	卖盘
13:27:53	3.07	--	283	86881	买盘
13:27:48	3.07	0.01	508	155956	买盘
13:27:38	3.06	-0.01	205	62730	卖盘
13:27:33	3.07	--	60	18420	买盘
13:27:27	3.07	--	1793	550451	买盘
13:27:23	3.07	--	165	50655	买盘
13:27:18	3.07	0.01	59	18113	买盘
13:27:12	3.06	-0.01	202	61812	卖盘
13:27:08	3.07	--	12	3684	买盘
13:27:03	3.07	0.01	77	23639	买盘
13:26:57	3.06	-0.01	156	47919	卖盘
13:26:53	3.07	--	52	15964	买盘
13:26:48	3.07	--	1000	307000	买盘
13:26:38	3.07	--	1557	477999	买盘
13:26:33	3.07	--	200	61400	买盘
13:26:23	3.07	0.01	157	48199	买盘
13:26:18	3.06	-0.01	76	23256	卖盘
13:26:12	3.07	0.01	1	307	买盘
13:26:08	3.06	-0.01	12	3672	卖盘
13:26:03	3.07	--	210	64470	买盘
13:25:57	3.07	--	634	194668	买盘
13:25:53	3.07	0.01	82	25358	买盘
13:25:48	3.06	--	68	20808	卖盘
13:25:42	3.06	-0.01	28	8568	卖盘
13:25:38	3.07	--	2	614	买盘
13:25:27	3.07	--	841	258187	买盘
13:25:23	3.07	--	43	13201	买盘
13:25:18	3.07	--	64	19648	买盘
13:25:08	3.07	--	10	3070	买盘
13:25:03	3.07	--	2	614	买盘
13:24:57	3.07	0.01	57	17499	买盘
13:24:53	3.06	-0.01	58	17931	卖盘
13:24:48	3.07	--	5	1535	买盘
13:24:42	3.07	--	50	15350	买盘
13:24:38	3.07	0.01	5	1535	买盘
13:24:33	3.06	--	194	59364	卖盘
13:24:27	3.06	-0.01	20	6120	卖盘
13:24:23	3.07	0.01	25	7675	买盘
13:24:18	3.06	--	168	51408	卖盘
13:24:12	3.06	-0.01	7	2142	卖盘
13:24:07	3.07	--	45	13815	买盘
13:24:03	3.07	0.01	7	2149	买盘
13:23:57	3.06	-0.01	26	7956	卖盘
13:23:53	3.07	--	190	58544	买盘
13:23:48	3.07	--	6	1842	买盘
13:23:38	3.07	0.01	5	1535	买盘
13:23:33	3.06	-0.01	28	8568	卖盘
13:23:27	3.07	--	20	6140	买盘
13:23:23	3.07	--	44	13508	买盘
13:23:18	3.07	0.01	12	3684	买盘
13:23:12	3.06	-0.01	9	2754	卖盘
13:23:08	3.07	--	5	1535	买盘
13:23:03	3.07	0.01	7	2149	买盘
13:22:57	3.06	-0.01	506	154836	卖盘
13:22:53	3.07	--	133	41015	买盘
13:22:48	3.07	--	3434	1054238	买盘
13:22:42	3.07	--	2	614	买盘
13:22:37	3.07	0.01	135	41445	买盘
13:22:33	3.06	-0.01	34	10404	卖盘
13:22:27	3.07	--	52	15964	买盘
13:22:23	3.07	--	3	921	买盘
13:22:18	3.07	0.01	12	3684	买盘
13:22:12	3.06	-0.01	5	1530	卖盘
13:22:07	3.07	0.01	9	2763	买盘
13:22:03	3.06	-0.01	46	14076	卖盘
13:21:57	3.07	0.01	114	35028	买盘
13:21:51	3.06	-0.01	58	17931	卖盘
13:21:47	3.07	--	5	1535	买盘
13:21:42	3.07	--	124	38068	买盘
13:21:36	3.07	0.01	20	6140	买盘
13:21:33	3.06	-0.01	40	12240	卖盘
13:21:27	3.07	--	31	9517	买盘
13:21:17	3.07	--	12	3684	买盘
13:21:12	3.07	--	508	155956	买盘
13:21:06	3.07	--	5	1535	买盘
13:21:02	3.07	0.01	244	74908	买盘
13:20:57	3.06	--	33	10098	卖盘
13:20:47	3.06	-0.01	81	24969	卖盘
13:20:42	3.07	--	69	21183	买盘
13:20:36	3.07	0.01	45	13815	买盘
13:20:31	3.06	--	6	1836	卖盘
13:20:27	3.06	-0.01	32	9792	卖盘
13:20:17	3.07	0.01	449	137843	买盘
13:20:12	3.06	-0.01	46	14076	卖盘
13:20:06	3.07	--	7	2149	买盘
13:20:02	3.07	--	1006	308842	买盘
13:19:57	3.07	0.01	91	27937	买盘
13:19:51	3.06	--	91	27876	卖盘
13:19:47	3.06	-0.01	79	24357	卖盘
13:19:42	3.07	--	15	4605	买盘
13:19:36	3.07	0.01	5	1535	买盘
13:19:32	3.06	-0.01	461	141066	卖盘
13:19:27	3.07	0.01	203	62321	买盘
13:19:21	3.06	-0.01	571	174726	卖盘
13:19:17	3.07	0.01	514	157798	买盘
13:19:12	3.06	--	17	5202	卖盘
13:19:06	3.06	-0.01	525	160650	卖盘
13:19:02	3.07	--	130	39910	买盘
13:18:57	3.07	--	59	18113	买盘
13:18:51	3.07	--	10	3070	买盘
13:18:47	3.07	0.01	59	18297	买盘
13:18:42	3.06	-0.01	250	76500	卖盘
13:18:36	3.07	--	45	13815	买盘
13:18:32	3.07	--	46	14122	买盘
13:18:27	3.07	0.01	37	11359	买盘
13:18:21	3.06	-0.01	72	22032	卖盘
13:18:17	3.07	--	7	2149	买盘
13:18:12	3.07	--	50	15350	买盘
13:18:06	3.07	--	2	614	买盘
13:18:02	3.07	0.01	10	3070	买盘
13:17:57	3.06	-0.01	35	10710	卖盘
13:17:47	3.07	0.01	148	45650	买盘
13:17:42	3.06	-0.01	110	33660	卖盘
13:17:32	3.07	0.01	85	26095	买盘
13:17:27	3.06	--	31	9486	卖盘
13:17:17	3.06	-0.01	36	11016	卖盘
13:17:12	3.07	0.01	1	307	买盘
13:17:06	3.06	-0.01	3	918	卖盘
13:17:02	3.07	--	776	238232	买盘
13:16:57	3.07	0.01	141	43287	买盘
13:16:47	3.06	--	44	13653	卖盘
13:16:42	3.06	--	2053	628517	卖盘
13:16:36	3.06	--	4	1224	卖盘
13:16:32	3.06	-0.01	71	21726	卖盘
13:16:27	3.07	0.01	675	207225	买盘
13:16:17	3.06	-0.01	23	7038	卖盘
13:16:12	3.07	--	14	4298	买盘
13:16:06	3.07	--	845	259415	买盘
13:15:57	3.07	0.01	191	58637	买盘
13:15:51	3.06	--	106	32436	卖盘
13:15:47	3.06	--	10	3105	卖盘
13:15:42	3.06	-0.01	147	45150	卖盘
13:15:36	3.07	0.01	171	52497	买盘
13:15:27	3.06	-0.01	259	79254	卖盘
13:15:21	3.07	0.01	21	6447	买盘
13:15:15	3.06	-0.01	107	32742	卖盘
13:15:12	3.07	--	9	2763	买盘
13:15:06	3.07	--	225	69075	买盘
13:15:00	3.07	--	1034	317438	买盘
13:14:56	3.07	--	128	39296	买盘
13:14:51	3.07	0.01	23	7061	买盘
13:14:45	3.06	--	68	20808	卖盘
13:14:40	3.06	-0.01	58	17931	卖盘
13:14:36	3.07	--	1	307	买盘
13:14:30	3.07	--	3	921	买盘
13:14:26	3.07	--	24	7368	买盘
13:14:21	3.07	--	2	614	买盘
13:14:15	3.07	--	90	27630	买盘
13:14:11	3.07	0.01	22	6754	买盘
13:14:06	3.06	-0.01	67	20502	卖盘
13:14:00	3.07	--	62	19034	买盘
13:13:56	3.07	--	226	69382	买盘
13:13:51	3.07	0.01	202	62014	买盘
13:13:45	3.06	--	83	25398	卖盘
13:13:41	3.06	--	254	77938	卖盘
13:13:36	3.06	-0.01	19	5814	卖盘
13:13:30	3.07	--	103	31621	买盘
13:13:26	3.07	0.01	167	51269	买盘
13:13:21	3.06	-0.01	206	63036	卖盘
13:13:15	3.07	--	254	77978	买盘
13:13:11	3.07	--	528	162096	买盘
13:13:06	3.07	--	18	5526	买盘
13:12:56	3.07	--	351	107757	买盘
13:12:51	3.07	--	186	57102	买盘
13:12:45	3.07	--	83	25481	买盘
13:12:41	3.07	--	71	21981	买盘
13:12:36	3.07	--	40	12280	买盘
13:12:30	3.07	--	288	88416	买盘
13:12:26	3.07	0.01	84	25788	买盘
13:12:21	3.06	--	124	37944	卖盘
13:12:15	3.06	-0.01	76	23256	卖盘
13:12:11	3.07	0.01	5	1535	买盘
13:12:06	3.06	--	144	44064	卖盘
13:11:56	3.06	-0.01	925	283050	卖盘
13:11:51	3.07	--	22	6754	买盘
13:11:45	3.07	0.01	713	218891	买盘
13:11:41	3.06	-0.01	286	87546	卖盘
13:11:36	3.07	0.01	1	307	买盘
13:11:26	3.06	-0.01	212	64872	卖盘
13:11:15	3.07	0.01	175	53725	买盘
13:11:06	3.06	--	203	62121	卖盘
13:10:56	3.06	--	133	40698	卖盘
13:10:51	3.06	--	21	6426	卖盘
13:10:45	3.06	--	68	20808	卖盘
13:10:41	3.06	-0.01	580	177480	卖盘
13:10:36	3.07	0.01	17	5219	买盘
13:10:30	3.06	--	22	6732	卖盘
13:10:26	3.06	--	85	26010	卖盘
13:10:15	3.06	-0.01	74	22644	卖盘
13:10:06	3.07	--	3	921	买盘
13:10:00	3.07	--	205	62935	买盘
13:09:56	3.07	0.01	130	39910	买盘
13:09:45	3.06	--	68	20808	卖盘
13:09:41	3.06	--	200	61200	卖盘
13:09:36	3.06	--	87	26652	卖盘
13:09:30	3.06	-0.01	7	2142	卖盘
13:09:26	3.07	--	27	8289	买盘
13:09:15	3.07	0.01	75	23025	买盘
13:09:06	3.06	--	23	7038	卖盘
13:09:00	3.06	-0.01	10	3060	卖盘
13:08:56	3.07	--	26	7982	买盘
13:08:50	3.07	0.01	5	1535	买盘
13:08:45	3.06	--	478	146268	卖盘
13:08:36	3.06	--	24	7344	卖盘
13:08:30	3.06	--	20	6120	卖盘
13:08:23	3.06	--	132	40392	卖盘
13:08:20	3.06	--	138	42228	卖盘
13:08:15	3.06	-0.01	75	22950	卖盘
13:08:05	3.07	0.01	3	921	买盘
13:08:00	3.06	-0.01	1	306	卖盘
13:07:54	3.07	0.01	88	27016	买盘
13:07:50	3.06	--	20	6120	卖盘
13:07:45	3.06	--	74	22644	卖盘
13:07:35	3.06	--	93	28488	卖盘
13:07:30	3.06	-0.01	328	100368	卖盘
13:07:24	3.07	--	26	7982	买盘
13:07:15	3.07	--	75	23025	买盘
13:07:05	3.07	0.01	9	2763	买盘
13:07:00	3.06	-0.01	34	10404	卖盘
13:06:54	3.07	0.01	60	18420	买盘
13:06:50	3.06	--	47	14382	卖盘
13:06:45	3.06	--	68	20808	卖盘
13:06:39	3.06	--	17	5202	卖盘
13:06:35	3.06	--	52	15912	卖盘
13:06:30	3.06	-0.01	273	83538	卖盘
13:06:24	3.07	0.01	56	17192	买盘
13:06:20	3.06	--	100	30600	卖盘
13:06:15	3.06	-0.01	75	22950	卖盘
13:06:05	3.07	0.01	3	921	买盘
13:06:00	3.06	-0.01	150	45900	卖盘
13:05:54	3.07	--	26	7982	买盘
13:05:50	3.07	0.01	17	5219	买盘
13:05:45	3.06	-0.01	67	20502	卖盘
13:05:35	3.07	0.01	51	15810	买盘
13:05:30	3.06	-0.01	78	24051	卖盘
13:05:24	3.07	0.01	54	16578	买盘
13:05:20	3.06	-0.01	5	1530	卖盘
13:05:15	3.07	0.01	7	2149	买盘
13:05:05	3.06	--	203	62118	卖盘
13:04:54	3.06	--	57	17442	卖盘
13:04:50	3.06	-0.01	1	306	卖盘
13:04:45	3.07	0.01	2	614	买盘
13:04:30	3.06	-0.01	5	1530	卖盘
13:04:24	3.07	--	24	7368	买盘
13:04:15	3.07	0.01	13	3991	买盘
13:04:05	3.06	--	358	109548	卖盘
13:04:00	3.06	-0.01	23	7038	卖盘
13:03:54	3.07	--	90	27630	买盘
13:03:39	3.07	--	100	30700	买盘
13:03:33	3.07	0.01	1	307	买盘
13:03:30	3.06	-0.01	86	26346	卖盘
13:03:24	3.07	0.01	52	15964	买盘
13:03:20	3.06	-0.01	2	612	卖盘
13:03:15	3.07	--	7	2149	买盘
13:03:09	3.07	0.01	5	1535	买盘
13:03:05	3.06	--	7	2142	卖盘
13:03:00	3.06	-0.01	408	124848	卖盘
13:02:53	3.07	0.01	53	16271	买盘
13:02:45	3.06	-0.01	365	111690	卖盘
13:02:35	3.07	0.01	3	921	买盘
13:02:30	3.06	--	11	3366	卖盘
13:02:24	3.06	-0.01	62	18972	卖盘
13:02:14	3.07	--	10	3070	买盘
13:02:09	3.07	--	1	307	买盘
13:02:04	3.07	0.01	3	921	买盘
13:02:00	3.06	-0.01	50	15300	卖盘
13:01:54	3.07	0.01	59	18113	买盘
13:01:45	3.06	--	745	227970	卖盘
13:01:39	3.06	-0.01	1	306	卖盘
13:01:33	3.07	0.01	1	307	买盘
13:01:29	3.06	-0.01	86	26346	卖盘
13:01:23	3.07	--	681	209067	买盘
13:01:14	3.07	--	217	66619	买盘
13:01:03	3.07	0.01	3	921	买盘
13:00:59	3.06	-0.01	50	15300	卖盘
13:00:54	3.07	0.01	24	7368	买盘
13:00:48	3.06	--	20	6120	卖盘
13:00:29	3.06	--	67	20502	卖盘
13:00:18	3.06	-0.01	86	26316	卖盘
13:00:13	3.07	--	25	7675	买盘
13:00:09	3.07	0.01	1471	451781	买盘
13:00:03	3.06	-0.01	1530	468180	卖盘
11:30:00	3.07	--	0	0	买盘
11:30:00	3.07	--	0	0	买盘
11:29:59	3.07	0.01	124	38068	买盘
11:29:55	3.06	--	906	277236	卖盘
11:29:44	3.06	-0.01	6	1836	卖盘
11:29:40	3.07	--	4	1228	买盘
11:29:35	3.07	0.01	33	10131	买盘
11:29:29	3.06	-0.01	114	34884	卖盘
11:29:25	3.07	--	111	34107	买盘
11:29:15	3.07	--	128	39296	买盘
11:29:11	3.07	--	117	35919	买盘
11:28:56	3.07	0.01	24	7368	买盘
11:28:51	3.06	--	3	918	卖盘
11:28:40	3.06	--	39	11934	卖盘
11:28:35	3.06	--	119	36414	卖盘
11:28:29	3.06	--	54	16524	卖盘
11:28:25	3.06	--	276	84456	卖盘
11:28:20	3.06	--	50	15300	卖盘
11:28:14	3.06	-0.01	9	2754	卖盘
11:28:10	3.07	0.01	4	1228	买盘
11:27:59	3.06	-0.01	1	306	卖盘
11:27:56	3.07	0.01	24	7368	买盘
11:27:51	3.06	-0.01	10	3060	卖盘
11:27:40	3.07	--	4	1228	买盘
11:27:25	3.07	--	261	80157	买盘
11:27:14	3.07	--	7	2149	买盘
11:27:05	3.07	0.01	204	62628	买盘
11:26:55	3.06	--	232	70992	卖盘
11:26:44	3.06	--	2	612	卖盘
11:26:40	3.06	-0.01	60	18360	卖盘
11:26:35	3.07	0.01	4	1228	买盘
11:26:25	3.06	-0.01	54	16524	卖盘
11:26:20	3.07	--	187	57409	买盘
11:26:14	3.07	0.01	26	7982	买盘
11:26:10	3.06	--	106	32436	卖盘
11:26:05	3.06	--	134	41004	卖盘
11:25:55	3.06	--	193	59058	卖盘
11:25:44	3.06	-0.01	10	3060	卖盘
11:25:38	3.07	--	5	1535	买盘
11:25:24	3.07	0.01	27	8289	买盘
11:25:20	3.06	-0.01	86	26346	卖盘
11:25:14	3.07	0.01	14	4298	买盘
11:24:59	3.06	-0.01	58	17931	卖盘
11:24:53	3.07	--	25	7675	买盘
11:24:50	3.07	--	11	3377	买盘
11:24:35	3.07	0.01	45	13815	买盘
11:24:29	3.06	-0.01	10	3060	卖盘
11:24:24	3.07	--	25	7675	买盘
11:24:20	3.07	--	61	18727	买盘
11:24:15	3.07	0.01	58	17806	买盘
11:24:09	3.06	--	21	6426	卖盘
11:24:05	3.06	-0.01	250	76500	卖盘
11:23:59	3.07	--	102	31498	买盘
11:23:54	3.07	--	33	10131	买盘
11:23:49	3.07	--	1	307	买盘
11:23:44	3.07	--	27	8289	买盘
11:23:38	3.07	0.01	58	17806	买盘
11:23:34	3.06	-0.01	11	3366	卖盘
11:23:30	3.07	--	3	921	买盘
11:23:23	3.07	0.01	29	8903	买盘
11:23:19	3.06	-0.01	23	7047	卖盘
11:23:14	3.07	--	115	35326	买盘
11:23:08	3.07	--	14	4298	买盘
11:23:05	3.07	0.01	8	2456	买盘
11:23:00	3.06	-0.01	62	19155	卖盘
11:22:53	3.07	--	25	7675	买盘
11:22:38	3.07	0.01	4	1228	买盘
11:22:30	3.06	-0.01	31	9486	卖盘
11:22:23	3.07	--	29	8903	买盘
11:22:19	3.07	--	148	45436	买盘
11:22:14	3.07	0.01	7	2149	买盘
11:22:08	3.06	--	130	39780	卖盘
11:22:04	3.06	--	13	3978	卖盘
11:21:59	3.06	-0.01	24	7530	卖盘
11:21:53	3.07	--	58	18109	买盘
11:21:49	3.07	0.01	10	3070	买盘
11:21:45	3.06	-0.01	242	74052	卖盘
11:21:34	3.07	--	60	18420	买盘
11:21:29	3.07	--	20	6140	买盘
11:21:24	3.07	0.01	115	35305	买盘
11:21:19	3.06	-0.01	7	2142	卖盘
11:21:14	3.07	0.01	93	28581	买盘
11:21:08	3.06	-0.01	30	9180	卖盘
11:21:04	3.07	0.01	21	6447	买盘
11:20:53	3.06	-0.01	86	26499	卖盘
11:20:49	3.07	--	839	257573	买盘
11:20:44	3.07	--	100	30700	买盘
11:20:38	3.07	0.01	15	4605	买盘
11:20:29	3.06	-0.01	110	33660	卖盘
11:20:23	3.07	--	59	18113	买盘
11:20:14	3.07	0.01	7	2149	买盘
11:20:08	3.06	-0.01	160	48960	卖盘
11:20:04	3.07	--	40	12280	买盘
11:19:59	3.07	--	48	14736	买盘
11:19:53	3.07	0.01	49	15236	买盘
11:19:49	3.06	--	63	19574	卖盘
11:19:38	3.06	--	200	61200	卖盘
11:19:33	3.06	-0.01	38	11628	卖盘
11:19:23	3.07	0.01	27	8289	买盘
11:19:19	3.06	-0.01	470	143820	卖盘
11:19:14	3.07	--	14	4298	买盘
11:19:09	3.07	--	120	36870	买盘
11:18:59	3.07	--	4	1228	买盘
11:18:53	3.07	--	85	26279	买盘
11:18:47	3.07	0.01	4	1228	买盘
11:18:44	3.06	--	10	3060	卖盘
11:18:32	3.06	--	55	16830	卖盘
11:18:29	3.06	-0.01	8	2448	卖盘
11:18:24	3.07	--	45	13815	买盘
11:18:17	3.07	--	8	2456	买盘
11:18:14	3.07	--	7	2149	买盘
11:18:08	3.07	--	4	1228	买盘
11:17:59	3.07	--	17	5219	买盘
11:17:53	3.07	0.01	88	27200	买盘
11:17:44	3.06	-0.01	85	26010	卖盘
11:17:38	3.07	--	4	1228	买盘
11:17:24	3.07	0.01	40	12280	买盘
11:17:17	3.06	-0.01	158	48348	卖盘
11:17:13	3.07	0.01	83	25481	买盘
11:17:08	3.06	--	105	32160	卖盘
11:16:59	3.06	-0.01	8	2448	卖盘
11:16:53	3.07	0.02	1935	594192	买盘
11:16:47	3.05	-0.01	43	13392	卖盘
11:16:43	3.06	--	501	153306	买盘
11:16:38	3.06	--	533	163098	买盘
11:16:32	3.06	--	22	6732	买盘
11:16:28	3.06	--	504	154224	买盘
11:16:23	3.06	--	375	114750	买盘
11:16:17	3.06	--	411	125766	买盘
11:16:13	3.06	--	553	169218	买盘
11:16:08	3.06	--	600	183600	买盘
11:16:02	3.06	--	1273	389538	买盘
11:15:58	3.06	--	862	263772	买盘
11:15:53	3.06	--	806	246636	买盘
11:15:48	3.06	--	1256	384519	买盘
11:15:43	3.06	0.01	117	35802	买盘
11:15:38	3.05	-0.01	1143	348615	卖盘
11:15:33	3.06	--	5010	1533060	买盘
11:15:28	3.06	--	215	65790	买盘
11:15:23	3.06	--	89	27234	买盘
11:15:18	3.06	--	131	40086	买盘
11:15:14	3.06	--	1595	488070	买盘
11:15:09	3.06	--	1376	421086	买盘
11:15:03	3.06	--	178	54468	买盘
11:14:59	3.06	--	840	257040	买盘
11:14:53	3.06	--	3193	977058	买盘
11:14:47	3.06	--	135	41493	买盘
11:14:44	3.06	--	449	137394	买盘
11:14:38	3.06	--	98	29988	买盘
11:14:32	3.06	0.01	311	95166	买盘
11:14:28	3.05	-0.01	265	80825	卖盘
11:14:23	3.06	--	657	201042	买盘
11:14:17	3.06	--	648	198288	买盘
11:14:13	3.06	--	57	17442	买盘
11:14:09	3.06	--	140	42840	买盘
11:14:03	3.06	--	263	80478	买盘
11:13:58	3.06	--	220	67320	买盘
11:13:53	3.06	--	81	24786	买盘
11:13:47	3.06	0.01	21	6426	买盘
11:13:43	3.05	-0.01	105	32207	卖盘
11:13:38	3.06	--	350	107100	买盘
11:13:32	3.06	--	250	76500	买盘
11:13:28	3.06	--	564	172584	买盘
11:13:23	3.06	0.01	1047	320382	买盘
11:13:17	3.05	-0.01	61	18605	卖盘
11:13:13	3.06	--	123	37638	买盘
11:13:08	3.06	0.01	120	36720	买盘
11:13:02	3.05	-0.01	4	1284	卖盘
11:12:58	3.06	--	205	63002	买盘
11:12:53	3.06	0.01	531	162486	买盘
11:12:48	3.05	--	233	71065	卖盘
11:12:43	3.05	--	195	59658	卖盘
11:12:32	3.05	-0.01	363	110715	卖盘
11:12:26	3.06	--	60	18360	买盘
11:12:23	3.06	--	188	57528	买盘
11:12:17	3.06	--	121	37026	买盘
11:12:12	3.06	0.01	380	116280	买盘
11:12:08	3.05	-0.01	1	305	卖盘
11:11:53	3.06	0.01	569	174114	买盘
11:11:47	3.05	-0.01	903	275628	卖盘
11:11:41	3.06	--	297	91157	买盘
11:11:38	3.06	--	4	1224	买盘
11:11:33	3.06	--	60	18360	买盘
11:11:27	3.06	--	11	3366	买盘
11:11:23	3.06	--	64	19584	买盘
11:11:17	3.06	--	165	50490	买盘
11:11:11	3.06	--	16	4896	买盘
11:11:08	3.06	0.01	183	55998	买盘
11:11:02	3.05	--	168	51270	卖盘
11:10:57	3.05	--	30	9150	卖盘
11:10:52	3.05	-0.01	213	64964	卖盘
11:10:47	3.06	0.01	81	24786	买盘
11:10:41	3.05	-0.01	64	19703	卖盘
11:10:38	3.06	0.01	447	136782	买盘
11:10:32	3.05	-0.01	408	124440	卖盘
11:10:26	3.06	--	1410	431460	买盘
11:10:23	3.06	--	470	143820	买盘
11:10:17	3.06	--	135	41310	买盘
11:10:11	3.06	--	402	123012	买盘
11:10:07	3.06	--	252	77112	买盘
11:10:02	3.06	0.01	350	107100	买盘
11:09:56	3.05	-0.01	41	12505	卖盘
11:09:52	3.06	0.01	306	93636	买盘
11:09:48	3.05	-0.01	253	77165	卖盘
11:09:41	3.06	0.01	75	23133	买盘
11:09:38	3.05	--	520	158600	卖盘
11:09:32	3.05	--	523	159515	卖盘
11:09:26	3.05	-0.01	112	34160	卖盘
11:09:22	3.06	--	1564	478584	买盘
11:09:17	3.06	--	4129	1263474	买盘
11:09:11	3.06	--	64	19584	买盘
11:09:07	3.06	--	150	45900	买盘
11:09:02	3.06	0.01	62	18972	买盘
11:08:57	3.05	-0.01	177	54015	卖盘
11:08:52	3.06	--	10707	3276406	卖盘
11:08:47	3.06	--	10212	3124872	卖盘
11:08:41	3.06	--	1172	358824	卖盘
11:08:38	3.06	--	689	211130	卖盘
11:08:33	3.06	--	114	34884	卖盘
11:08:26	3.06	-0.01	572	175032	卖盘
11:08:23	3.07	0.01	1214	372698	买盘
11:08:18	3.06	--	379	115974	卖盘
11:08:12	3.06	--	10020	3066120	卖盘
11:08:07	3.06	--	66	20196	卖盘
11:08:02	3.06	-0.01	3073	940338	卖盘
11:07:57	3.07	--	10557	3240999	买盘
11:07:53	3.07	0.01	471	144597	买盘
11:07:48	3.06	--	4070	1245420	卖盘
11:07:41	3.06	--	473	144738	卖盘
11:07:37	3.06	--	185	56793	卖盘
11:07:32	3.06	--	88	26928	卖盘
11:07:26	3.06	--	40	12240	卖盘
11:07:22	3.06	-0.01	9026	2761956	卖盘
11:07:17	3.07	0.01	21	6447	买盘
11:07:03	3.06	--	86	26316	卖盘
11:06:56	3.06	-0.01	2	765	卖盘
11:06:52	3.07	0.01	516	158596	买盘
11:06:47	3.06	-0.01	286	87516	卖盘
11:06:42	3.07	0.01	27	8289	买盘
11:06:37	3.06	--	59	18237	卖盘
11:06:32	3.06	-0.01	86	26316	卖盘
11:06:22	3.07	--	24	7368	买盘
11:06:17	3.07	--	7	2149	买盘
11:06:11	3.07	--	3	921	买盘
11:06:07	3.07	0.01	13	3991	买盘
11:06:02	3.06	--	34	10404	卖盘
11:05:56	3.06	--	42	12852	卖盘
11:05:52	3.06	--	113	34578	卖盘
11:05:41	3.06	--	19	5814	卖盘
11:05:35	3.06	--	58	17931	卖盘
11:05:32	3.06	-0.01	242	74052	卖盘
11:05:26	3.07	--	26	7982	买盘
11:05:20	3.07	0.01	76	23332	买盘
11:05:17	3.06	-0.01	14	4284	卖盘
11:05:11	3.07	0.01	262	80434	买盘
11:05:05	3.06	--	400	122400	卖盘
11:05:02	3.06	--	131	40086	卖盘
11:04:56	3.06	--	174	53244	卖盘
11:04:50	3.06	--	96	29406	卖盘
11:04:46	3.06	--	96	29376	卖盘
11:04:41	3.06	--	219	67014	卖盘
11:04:32	3.06	--	40	12240	卖盘
11:04:27	3.06	--	34	10404	卖盘
11:04:21	3.06	--	74	22644	卖盘
11:04:17	3.06	--	123	37638	卖盘
11:04:11	3.06	--	15	4590	卖盘
11:04:05	3.06	--	7	2142	卖盘
11:03:56	3.06	--	85	26010	卖盘
11:03:50	3.06	--	5	1530	卖盘
11:03:46	3.06	-0.01	56	17136	卖盘
11:03:41	3.07	0.01	22	6754	买盘
11:03:32	3.06	-0.01	7	2142	卖盘
11:03:27	3.07	--	125	38375	买盘
11:03:20	3.07	0.01	1	307	买盘
11:03:16	3.06	--	418	127908	卖盘
11:03:11	3.06	--	2	612	卖盘
11:03:05	3.06	-0.01	122	37332	卖盘
11:02:57	3.07	0.01	26	7982	买盘
11:02:47	3.06	--	141	43176	卖盘
11:02:41	3.06	-0.01	200	61200	卖盘
11:02:31	3.07	--	211	64777	买盘
11:02:26	3.07	0.01	25	7675	买盘
11:02:17	3.06	-0.01	79	24174	卖盘
11:02:11	3.07	0.01	9	2763	买盘
11:02:05	3.06	-0.01	284	86904	卖盘
11:02:01	3.07	0.01	104	31928	买盘
11:01:57	3.06	--	246	75276	卖盘
11:01:51	3.06	--	164	50184	卖盘
11:01:47	3.06	-0.01	38	11628	卖盘
11:01:41	3.07	0.01	70	21490	买盘
11:01:35	3.06	--	302	92412	卖盘
11:01:32	3.06	-0.01	256	78336	卖盘
11:01:26	3.07	--	24	7368	买盘
11:01:16	3.07	--	25	7675	买盘
11:01:05	3.07	0.01	7	2149	买盘
11:01:01	3.06	-0.01	70	21420	卖盘
11:00:56	3.07	0.01	25	7675	买盘
11:00:50	3.06	--	34	10404	卖盘
11:00:46	3.06	--	144	44094	卖盘
11:00:41	3.06	-0.01	251	76806	卖盘
11:00:35	3.07	0.01	7	2149	买盘
11:00:31	3.06	-0.01	119	36414	卖盘
11:00:27	3.07	--	618	189965	买盘
11:00:16	3.07	0.01	7	2149	买盘
11:00:11	3.06	-0.01	14	4284	卖盘
11:00:01	3.07	0.01	26	7982	买盘
10:59:56	3.06	--	74	22644	卖盘
10:59:50	3.06	-0.01	10	3060	卖盘
10:59:46	3.07	0.01	59	18113	买盘
10:59:41	3.06	-0.01	897	274482	卖盘
10:59:35	3.07	0.01	5	1535	买盘
10:59:31	3.06	--	23	7038	卖盘
10:59:26	3.06	-0.01	164	50184	卖盘
10:59:20	3.07	--	25	7675	买盘
10:59:14	3.07	0.01	17	5219	买盘
10:59:11	3.06	--	432	132192	卖盘
10:59:05	3.06	--	116	35496	卖盘
10:58:59	3.06	-0.01	31	9486	卖盘
10:58:56	3.07	--	675	207225	买盘
10:58:50	3.07	0.01	295	90565	买盘
10:58:44	3.06	--	136	41646	卖盘
10:58:41	3.06	--	205	62730	卖盘
10:58:36	3.06	--	30	9180	卖盘
10:58:29	3.06	-0.01	1005	307530	卖盘
10:58:26	3.07	0.01	357	109599	买盘
10:58:20	3.06	-0.01	20	6120	卖盘
10:58:14	3.07	0.01	7	2149	买盘
10:58:11	3.06	--	1	306	卖盘
10:58:05	3.06	--	120	36720	卖盘
10:57:59	3.06	-0.01	293	89658	卖盘
10:57:56	3.07	0.01	81	24867	买盘
10:57:51	3.06	--	258	78948	卖盘
10:57:41	3.06	--	60	18360	卖盘
10:57:26	3.06	--	42	12852	卖盘
10:57:20	3.06	-0.01	76	23256	卖盘
10:57:14	3.07	0.01	7	2149	买盘
10:57:10	3.06	--	101	30906	卖盘
10:57:00	3.06	--	5	1530	卖盘
10:56:55	3.06	-0.01	125	38250	卖盘
10:56:50	3.07	--	341	104687	买盘
10:56:44	3.07	0.01	100	30700	买盘
10:56:40	3.06	--	326	99786	卖盘
10:56:35	3.06	--	2	612	卖盘
10:56:29	3.06	-0.01	153	46818	卖盘
10:56:25	3.07	0.01	144	44208	买盘
10:56:20	3.06	-0.01	59	18054	卖盘
10:56:15	3.07	--	39	11973	买盘
10:56:10	3.07	0.01	98	30086	买盘
10:56:05	3.06	--	63	19278	卖盘
10:55:55	3.06	--	164	50184	卖盘
10:55:50	3.06	-0.01	183	55998	卖盘
10:55:44	3.07	--	1	307	买盘
10:55:35	3.07	0.01	1	307	买盘
10:55:29	3.06	-0.01	8	2448	卖盘
10:55:25	3.07	--	24	7368	买盘
10:55:20	3.07	--	16	4912	买盘
10:55:14	3.07	0.01	14	4298	买盘
10:55:10	3.06	-0.01	86	26316	卖盘
10:55:05	3.07	--	327	100389	买盘
10:54:59	3.07	0.01	5	1535	买盘
10:54:56	3.06	-0.01	30	9180	卖盘
10:54:50	3.07	--	33	10131	买盘
10:54:44	3.07	0.01	7	2149	买盘
10:54:41	3.06	--	88	26958	卖盘
10:54:36	3.06	-0.01	377	115362	卖盘
10:54:29	3.07	--	28	8596	买盘
10:54:26	3.07	0.01	96	29472	买盘
10:54:20	3.06	-0.01	54	16524	卖盘
10:54:15	3.07	--	7	2149	买盘
10:54:10	3.07	--	33	10131	买盘
10:54:05	3.07	--	165	50655	买盘
10:53:59	3.07	--	58	17806	买盘
10:53:55	3.07	--	156	47892	买盘
10:53:40	3.07	--	33	10131	买盘
10:53:35	3.07	--	100	30700	买盘
10:53:30	3.07	--	5	1535	买盘
10:53:25	3.07	--	26	7982	买盘
10:53:20	3.07	--	630	193410	买盘
10:53:14	3.07	--	15	4605	买盘
10:53:10	3.07	--	101	31007	买盘
10:53:05	3.07	0.01	8	2456	买盘
10:52:59	3.06	--	1	306	卖盘
10:52:55	3.06	-0.01	163	49878	卖盘
10:52:50	3.07	--	37	11359	买盘
10:52:44	3.07	--	7	2149	买盘
10:52:35	3.07	--	168	51606	买盘
10:52:29	3.07	--	306	93942	买盘
10:52:23	3.07	--	24	7368	买盘
10:52:20	3.07	0.01	1	307	买盘
10:52:14	3.06	-0.01	64	19584	卖盘
10:52:05	3.07	--	8	2456	买盘
10:52:00	3.07	0.01	2	614	买盘
10:51:53	3.06	--	41	12546	卖盘
10:51:50	3.06	-0.01	3	918	卖盘
10:51:44	3.07	0.01	29	8903	买盘
10:51:35	3.06	-0.01	41	12546	卖盘
10:51:29	3.07	--	95	29165	买盘
10:51:24	3.07	--	106	32542	买盘
10:51:20	3.07	--	14	4298	买盘
10:51:14	3.07	0.01	425	130475	买盘
10:51:09	3.06	-0.01	1	306	卖盘
10:51:05	3.07	0.01	15	4605	买盘
10:50:59	3.06	-0.01	17	5202	卖盘
10:50:54	3.07	0.01	56	17192	买盘
10:50:49	3.06	--	5	1530	卖盘
10:50:44	3.06	--	38	11628	卖盘
10:50:39	3.06	--	134	41004	卖盘
10:50:34	3.06	--	5	1771	卖盘
10:50:29	3.06	-0.01	87	26716	卖盘
10:50:24	3.07	0.01	51	15657	买盘
10:50:19	3.06	-0.01	66	20196	卖盘
10:50:14	3.07	--	7	2149	买盘
10:50:09	3.07	0.01	5	1535	买盘
10:50:04	3.06	--	15	4590	卖盘
10:49:59	3.06	-0.01	77	23562	卖盘
10:49:54	3.07	--	43	13201	买盘
10:49:24	3.07	--	32	9824	买盘
10:49:14	3.07	--	31	9517	买盘
10:49:09	3.07	0.01	1	307	买盘
10:49:00	3.06	-0.01	101	30906	卖盘
10:48:54	3.07	0.01	25	7675	买盘
10:48:49	3.06	-0.01	106	32436	卖盘
10:48:45	3.07	--	100	30700	买盘
10:48:39	3.07	--	62	19034	买盘
10:48:34	3.07	0.01	43	13201	买盘
10:48:29	3.06	-0.01	86	26346	卖盘
10:48:24	3.07	0.01	25	7675	买盘
10:48:19	3.06	-0.01	2	612	卖盘
10:48:14	3.07	--	7	2149	买盘
10:48:09	3.07	--	10	3070	买盘
10:48:04	3.07	0.01	52	15964	买盘
10:47:59	3.06	-0.01	14	4284	卖盘
10:47:53	3.07	0.01	224	68768	买盘
10:47:49	3.06	--	7	2142	卖盘
10:47:45	3.06	-0.01	512	156708	卖盘
10:47:38	3.07	0.01	2	614	买盘
10:47:34	3.06	--	110	33660	卖盘
10:47:29	3.06	-0.01	25	7650	卖盘
10:47:23	3.07	--	25	7675	买盘
10:47:14	3.07	--	83	25481	买盘
10:47:08	3.07	0.01	13	3991	买盘
10:47:04	3.06	--	30	9180	卖盘
10:46:59	3.06	-0.01	4	1224	卖盘
10:46:53	3.07	0.01	74	22718	买盘
10:46:49	3.06	-0.01	3	918	卖盘
10:46:44	3.07	--	1	307	买盘
10:46:39	3.07	--	10	3070	买盘
10:46:33	3.07	--	3	921	买盘
10:46:29	3.07	--	142	43624	买盘
10:46:23	3.07	0.01	32	9824	买盘
10:46:19	3.06	-0.01	169	51714	卖盘
10:46:14	3.07	--	7	2149	买盘
10:46:04	3.07	--	11	3377	买盘
10:45:59	3.07	--	2	614	买盘
10:45:53	3.07	0.01	27	8289	买盘
10:45:44	3.06	-0.01	119	36414	卖盘
10:45:38	3.07	--	26	7982	买盘
10:45:33	3.07	0.01	1	307	买盘
10:45:29	3.06	--	122	37332	卖盘
10:45:23	3.06	-0.01	108	33048	卖盘
10:45:17	3.07	--	510	156570	买盘
10:45:14	3.07	--	61	18727	买盘
10:45:08	3.07	--	23	7061	买盘
10:45:03	3.07	0.01	5	1535	买盘
10:44:59	3.06	-0.01	20	6120	卖盘
10:44:53	3.07	--	41	12587	买盘
10:44:38	3.07	--	79	24253	买盘
10:44:33	3.07	0.01	200	61400	买盘
10:44:29	3.06	--	5	1704	卖盘
10:44:23	3.06	--	21722	6647094	卖盘
10:44:17	3.06	-0.01	504	154224	卖盘
10:44:13	3.07	0.01	2183	670181	买盘
10:44:08	3.06	-0.01	5074	1552644	卖盘
10:43:58	3.07	--	162	49734	买盘
10:43:53	3.07	--	24	7368	买盘
10:43:43	3.07	0.01	84	25788	买盘
10:43:38	3.06	--	147	44982	卖盘
10:43:32	3.06	-0.01	36	11016	卖盘
10:43:28	3.07	--	23	7061	买盘
10:43:23	3.07	0.01	55	16885	买盘
10:43:17	3.06	-0.01	186	57111	卖盘
10:43:13	3.07	--	223	68755	买盘
10:43:08	3.07	0.01	327	100389	买盘
10:43:02	3.06	--	51	15606	卖盘
10:42:58	3.06	-0.01	70	21420	卖盘
10:42:53	3.07	0.01	25	7675	买盘
10:42:43	3.06	-0.01	66	20196	卖盘
10:42:38	3.07	0.01	31	9517	买盘
10:42:32	3.06	--	78	23868	卖盘
10:42:28	3.06	-0.01	35	10710	卖盘
10:42:23	3.07	0.01	204	62658	买盘
10:42:17	3.06	-0.01	38	11808	卖盘
10:42:13	3.07	--	247	75832	买盘
10:42:08	3.07	--	160	49120	买盘
10:42:02	3.07	--	100	30700	买盘
10:41:59	3.07	--	21	6447	买盘
10:41:53	3.07	--	555	170385	买盘
10:41:47	3.07	--	13	3991	买盘
10:41:44	3.07	--	190	58330	买盘
10:41:38	3.07	--	10	3070	买盘
10:41:28	3.07	0.01	100	30700	买盘
10:41:23	3.06	-0.01	176	53856	卖盘
10:41:13	3.07	--	116	35796	买盘
10:41:08	3.07	--	124	38068	买盘
10:41:02	3.07	--	19	5833	买盘
10:40:58	3.07	--	31	9517	买盘
10:40:53	3.07	--	298	91486	买盘
10:40:47	3.07	--	4	1228	买盘
10:40:43	3.07	0.01	7	2149	买盘
10:40:32	3.06	-0.01	14	4284	卖盘
10:40:28	3.07	--	33	10131	买盘
10:40:23	3.07	0.01	60	18420	买盘
10:40:17	3.06	-0.01	86	26346	卖盘
10:40:13	3.07	--	78	24130	买盘
10:40:02	3.07	--	67	20569	卖盘
10:39:58	3.07	--	77	23639	买盘
10:39:53	3.07	--	121	37147	买盘
10:39:43	3.07	--	5	1535	买盘
10:39:38	3.07	0.01	4	1228	买盘
10:39:32	3.06	-0.01	200	61200	卖盘
10:39:26	3.07	0.01	1	307	买盘
10:39:23	3.06	-0.01	29	8874	卖盘
10:39:17	3.07	--	46	14122	买盘
10:39:11	3.07	0.01	25	7859	买盘
10:39:08	3.06	-0.01	34	10404	卖盘
10:39:02	3.07	--	300	92100	买盘
10:38:56	3.07	--	16	4912	买盘
10:38:53	3.07	-0.01	1357	416599	卖盘
10:38:47	3.08	0.01	88	27104	买盘
10:38:41	3.07	--	28	8596	卖盘
10:38:38	3.07	--	19	5833	卖盘
10:38:32	3.07	--	10	3070	卖盘
10:38:26	3.07	-0.01	30	9210	卖盘
10:38:23	3.08	0.01	66	20328	买盘
10:38:17	3.07	--	243	74631	卖盘
10:38:11	3.07	--	34	10637	卖盘
10:38:08	3.07	--	100	30991	卖盘
10:38:02	3.07	-0.01	2	614	卖盘
10:37:56	3.08	0.01	37	11396	买盘
10:37:53	3.07	-0.01	79	24253	卖盘
10:37:47	3.08	0.01	43	13244	买盘
10:37:37	3.07	--	8	2456	卖盘
10:37:32	3.07	--	55	16885	卖盘
10:37:26	3.07	--	274	84118	卖盘
10:37:22	3.07	-0.01	1	307	卖盘
10:37:17	3.08	0.02	1949	600384	买盘
10:37:07	3.06	--	71	21909	卖盘
10:37:02	3.06	-0.01	42	12852	卖盘
10:36:56	3.07	--	45	13815	买盘
10:36:52	3.07	--	413	126830	买盘
10:36:47	3.07	--	76	23332	买盘
10:36:37	3.07	-0.01	1285	394709	卖盘
10:36:32	3.08	0.01	8	2464	买盘
10:36:22	3.07	-0.01	67	20569	卖盘
10:36:17	3.08	0.01	55	17229	买盘
10:36:11	3.07	-0.01	79	24302	卖盘
10:36:07	3.08	0.01	171	52852	买盘
10:36:02	3.07	--	106	32542	卖盘
10:35:56	3.07	--	35	10745	卖盘
10:35:53	3.07	-0.01	100	30700	卖盘
10:35:47	3.08	0.01	778	239624	买盘
10:35:37	3.07	--	120	36840	卖盘
10:35:32	3.07	--	41	12587	卖盘
10:35:26	3.07	--	613	188191	卖盘
10:35:22	3.07	-0.01	8	2456	卖盘
10:35:17	3.08	0.01	7	2156	买盘
10:35:11	3.07	--	113	34691	卖盘
10:35:02	3.07	--	58	17990	卖盘
10:34:52	3.07	--	5	1535	卖盘
10:34:37	3.07	--	300	92100	卖盘
10:34:22	3.07	-0.01	5	1535	卖盘
10:34:17	3.08	0.02	20	6160	买盘
10:34:11	3.06	--	0	0	卖盘
10:34:07	3.06	-0.01	293	89847	卖盘
10:34:02	3.07	--	3794	1164893	买盘
10:33:47	3.07	--	30	9210	买盘
10:33:41	3.07	--	101	31007	买盘
10:33:37	3.07	--	38	11666	买盘
10:33:32	3.07	--	36	11052	买盘
10:33:26	3.07	0.01	239	73373	买盘
10:33:17	3.06	-0.01	33	10098	卖盘
10:33:11	3.07	0.01	14	4298	买盘
10:33:07	3.06	-0.01	36	11016	卖盘
10:33:02	3.07	0.01	4158	1276690	买盘
10:32:56	3.06	--	4	1224	卖盘
10:32:50	3.06	-0.01	5	1530	卖盘
10:32:47	3.07	0.01	1	307	买盘
10:32:41	3.06	-0.01	88	26928	卖盘
10:32:35	3.07	0.01	14	4298	买盘
10:32:31	3.06	-0.01	252	77112	卖盘
10:32:26	3.07	0.01	403	123721	买盘
10:32:17	3.06	--	107	32742	卖盘
10:32:11	3.06	--	6	2117	卖盘
10:32:05	3.06	-0.01	89	27289	卖盘
10:32:02	3.07	--	92	28428	买盘
10:31:56	3.07	0.01	87	26709	买盘
10:31:47	3.06	-0.01	107	32742	卖盘
10:31:41	3.07	--	116	35612	买盘
10:31:35	3.07	--	26	7982	买盘
10:31:32	3.07	--	78	23946	买盘
10:31:17	3.07	--	43	13201	买盘
10:31:11	3.07	--	10	3070	买盘
10:31:05	3.07	--	129	39799	卖盘
10:31:01	3.07	--	431	132501	卖盘
10:30:56	3.07	--	116	35612	卖盘
10:30:50	3.07	--	35	10745	卖盘
10:30:46	3.07	--	925	283975	卖盘
10:30:41	3.07	--	371	113897	卖盘
10:30:31	3.07	--	39	11973	卖盘
10:30:26	3.07	--	137	42059	卖盘
10:30:16	3.07	--	40	12280	卖盘
10:30:11	3.07	-0.01	589	180823	卖盘
10:30:05	3.08	0.01	183	56511	买盘
10:30:01	3.07	--	142	43658	卖盘
10:29:56	3.07	--	219	67236	卖盘
10:29:50	3.07	--	130	39910	卖盘
10:29:46	3.07	--	107	32849	卖盘
10:29:41	3.07	--	9	2763	卖盘
10:29:35	3.07	--	2	614	卖盘
10:29:26	3.07	-0.01	775	237925	卖盘
10:29:20	3.08	0.01	1001	308308	买盘
10:29:16	3.07	--	15	4605	卖盘
10:29:11	3.07	--	951	292159	卖盘
10:29:01	3.07	--	852	261564	卖盘
10:28:56	3.07	--	231	71101	卖盘
10:28:50	3.07	--	254	77978	卖盘
10:28:46	3.07	-0.01	4	1228	卖盘
10:28:41	3.08	0.01	79	24332	买盘
10:28:31	3.07	--	180	55260	卖盘
10:28:20	3.07	--	30	9210	卖盘
10:28:17	3.07	-0.01	8	2456	卖盘
10:28:11	3.08	0.01	13	4004	买盘
10:28:05	3.07	--	1	307	卖盘
10:28:01	3.07	--	101	31037	卖盘
10:27:56	3.07	--	63	19525	卖盘
10:27:50	3.07	-0.01	3	921	卖盘
10:27:46	3.08	0.01	13	4004	买盘
10:27:41	3.07	--	14	4298	卖盘
10:27:35	3.07	--	50	15350	卖盘
10:27:31	3.07	-0.01	30	9210	卖盘
10:27:26	3.08	0.01	193	59444	买盘
10:27:20	3.07	--	10	3070	卖盘
10:27:16	3.07	--	9	2763	卖盘
10:27:11	3.07	--	333	102231	卖盘
10:27:05	3.07	--	9	2763	卖盘
10:27:01	3.07	-0.01	173	53111	卖盘
10:26:56	3.08	0.01	81	25132	买盘
10:26:50	3.07	--	13	3991	卖盘
10:26:46	3.07	--	166	50962	卖盘
10:26:41	3.07	--	200	61400	卖盘
10:26:35	3.07	--	3	921	卖盘
10:26:31	3.07	-0.01	8	2456	卖盘
10:26:26	3.08	0.01	53	16324	买盘
10:26:20	3.07	-0.01	1051	322657	卖盘
10:26:14	3.08	--	57	17556	买盘
10:26:11	3.08	--	91	28028	买盘
10:25:59	3.08	0.01	435	134220	买盘
10:25:56	3.07	--	123	37761	卖盘
10:25:50	3.07	-0.01	208	64138	卖盘
10:25:44	3.08	0.01	4	1232	买盘
10:25:40	3.07	--	89	27323	卖盘
10:25:35	3.07	--	120	36840	卖盘
10:25:29	3.07	-0.01	10	3070	卖盘
10:25:25	3.08	--	4	1232	买盘
10:25:20	3.08	--	3	924	买盘
10:25:14	3.08	0.01	7	2156	买盘
10:25:11	3.07	-0.01	8	2456	卖盘
10:25:05	3.08	0.01	16	4928	买盘
10:24:59	3.07	--	50	15350	卖盘
10:24:55	3.07	--	676	207532	卖盘
10:24:50	3.07	--	132	40708	卖盘
10:24:44	3.07	--	205	62935	卖盘
10:24:40	3.07	-0.01	119	36533	卖盘
10:24:35	3.08	0.01	91	28028	买盘
10:24:29	3.07	--	9	2763	卖盘
10:24:25	3.07	--	117	35919	卖盘
10:24:20	3.07	-0.01	19	5833	卖盘
10:24:14	3.08	--	40	12320	买盘
10:24:10	3.08	0.01	64	19712	买盘
10:24:05	3.07	--	15	4605	卖盘
10:23:55	3.07	--	86	26432	卖盘
10:23:50	3.07	--	58	17990	卖盘
10:23:44	3.07	--	124	38068	卖盘
10:23:40	3.07	--	661	202927	卖盘
10:23:35	3.07	-0.01	109	33463	卖盘
10:23:25	3.08	--	24	7392	买盘
10:23:20	3.08	--	20	6160	买盘
10:23:14	3.08	--	7	2156	买盘
10:23:10	3.08	0.01	551	169708	买盘
10:23:05	3.07	--	103	31621	卖盘
10:22:55	3.07	--	57	17499	卖盘
10:22:50	3.07	--	306	93942	卖盘
10:22:40	3.07	--	58	17806	卖盘
10:22:35	3.07	-0.01	61	18727	卖盘
10:22:29	3.08	0.01	30	9240	买盘
10:22:25	3.07	-0.01	140	42980	卖盘
10:22:20	3.08	--	40	12320	买盘
10:22:14	3.08	0.01	15	4620	买盘
10:22:10	3.07	--	60	18420	卖盘
10:22:05	3.07	--	21	6447	卖盘
10:21:59	3.07	--	30	9210	卖盘
10:21:55	3.07	--	431	132347	卖盘
10:21:50	3.07	--	57	17499	卖盘
10:21:44	3.07	--	61	18727	卖盘
10:21:40	3.07	-0.01	47	14429	卖盘
10:21:35	3.08	--	17	5236	买盘
10:21:29	3.08	--	94	28952	买盘
10:21:20	3.08	--	150	46200	买盘
10:21:14	3.08	--	75	23100	买盘
10:21:10	3.08	0.01	4013	1236004	买盘
10:21:05	3.07	--	290	89030	卖盘
10:20:59	3.07	--	60	18420	卖盘
10:20:55	3.07	--	65	19955	卖盘
10:20:40	3.07	--	64	19648	卖盘
10:20:29	3.07	--	165	50655	卖盘
10:20:25	3.07	--	602	184814	卖盘
10:20:20	3.07	--	8	2456	卖盘
10:20:14	3.07	-0.01	55	16885	卖盘
10:20:10	3.08	0.01	78	24024	买盘
10:20:05	3.07	--	713	218891	卖盘
10:19:59	3.07	--	92	28244	卖盘
10:19:55	3.07	--	208	63856	卖盘
10:19:50	3.07	--	248	76166	卖盘
10:19:44	3.07	-0.01	84	25788	卖盘
10:19:38	3.08	0.01	1	308	买盘
10:19:35	3.07	--	95	29257	买盘
10:19:29	3.07	--	349	107143	买盘
10:19:23	3.07	--	240	73680	买盘
10:19:20	3.07	--	1000	307000	买盘
10:19:14	3.07	--	253	77671	买盘
10:19:08	3.07	0.01	294	90258	买盘
10:19:05	3.06	-0.01	336	102816	卖盘
10:18:59	3.07	0.01	100	30700	买盘
10:18:53	3.06	-0.01	1	306	卖盘
10:18:50	3.07	--	39	11973	买盘
10:18:44	3.07	--	50	15350	买盘
10:18:38	3.07	--	305	93635	买盘
10:18:29	3.07	--	34	10438	买盘
10:18:23	3.07	--	52	15964	买盘
10:18:19	3.07	--	58	17806	买盘
10:18:14	3.07	--	78	23946	买盘
10:18:04	3.07	--	606	186256	卖盘
10:17:59	3.07	--	232	71224	卖盘
10:17:53	3.07	--	1271	390197	卖盘
10:17:49	3.07	--	412	126514	卖盘
10:17:44	3.07	--	65	19955	卖盘
10:17:38	3.07	--	25	7675	卖盘
10:17:34	3.07	--	63	19341	卖盘
10:17:29	3.07	--	5084	1560788	卖盘
10:17:23	3.07	--	58	17806	卖盘
10:17:19	3.07	--	150	46050	卖盘
10:17:14	3.07	--	99	30393	卖盘
10:17:08	3.07	-0.01	10	3070	卖盘
10:17:04	3.08	0.01	92	28336	买盘
10:16:59	3.07	-0.01	30	9210	卖盘
10:16:53	3.08	0.01	405	124740	买盘
10:16:49	3.07	--	434	133238	卖盘
10:16:44	3.07	--	518	159026	卖盘
10:16:38	3.07	--	8	2456	卖盘
10:16:34	3.07	-0.01	120	36840	卖盘
10:16:29	3.08	0.01	468	144144	买盘
10:16:23	3.07	--	265	81355	卖盘
10:16:19	3.07	--	25	7675	卖盘
10:16:14	3.07	--	247	75829	卖盘
10:16:08	3.07	--	10	3070	卖盘
10:16:04	3.07	--	256	78592	卖盘
10:15:59	3.07	--	1931	592817	卖盘
10:15:53	3.07	--	42	12894	卖盘
10:15:49	3.07	--	818	251126	卖盘
10:15:44	3.07	--	138	42396	卖盘
10:15:38	3.07	-0.01	5039	1546973	卖盘
10:15:34	3.08	--	56	17248	买盘
10:15:29	3.08	0.01	210	64680	买盘
10:15:19	3.07	-0.01	50	15350	卖盘
10:15:14	3.08	--	5018	1545544	买盘
10:15:08	3.08	0.01	14	4312	买盘
10:15:04	3.07	--	90	27630	卖盘
10:14:59	3.07	--	35	10745	卖盘
10:14:53	3.07	--	319	97933	卖盘
10:14:49	3.07	--	41	12587	卖盘
10:14:44	3.07	--	169	51883	卖盘
10:14:38	3.07	--	5	1535	卖盘
10:14:34	3.07	--	1450	445150	卖盘
10:14:29	3.07	-0.01	971	298097	卖盘
10:14:23	3.08	--	150	46200	买盘
10:14:19	3.08	--	517	159236	买盘
10:14:14	3.08	0.01	507	156156	买盘
10:14:08	3.07	--	16	4912	卖盘
10:14:04	3.07	-0.01	10	3070	卖盘
10:13:58	3.08	0.01	10	3080	买盘
10:13:53	3.07	--	20	6140	卖盘
10:13:49	3.07	--	108	33156	卖盘
10:13:44	3.07	-0.01	105	32265	卖盘
10:13:38	3.08	--	320	98560	买盘
10:13:34	3.08	0.01	45	13860	买盘
10:13:29	3.07	--	209	64163	卖盘
10:13:23	3.07	--	624	191568	卖盘
10:13:17	3.07	--	105	32235	卖盘
10:13:14	3.07	--	537	164859	卖盘
10:13:08	3.07	--	16	4912	卖盘
10:12:59	3.07	--	1171	359497	卖盘
10:12:53	3.07	--	81	24867	卖盘
10:12:47	3.07	--	101	31007	卖盘
10:12:44	3.07	--	58	17806	卖盘
10:12:38	3.07	--	685	210295	卖盘
10:12:32	3.07	--	46	14122	卖盘
10:12:29	3.07	-0.01	5	1535	卖盘
10:12:24	3.08	--	2	616	买盘
10:12:17	3.08	0.01	13	4004	买盘
10:12:14	3.07	--	322	98854	卖盘
10:12:08	3.07	-0.01	327	100389	卖盘
10:12:02	3.08	0.01	239	73612	买盘
10:11:59	3.07	--	3	921	卖盘
10:11:53	3.07	--	10	3070	卖盘
10:11:47	3.07	--	25	7675	卖盘
10:11:44	3.07	-0.01	56	17413	卖盘
10:11:38	3.08	0.01	2086	642605	买盘
10:11:32	3.07	--	110	33770	卖盘
10:11:28	3.07	-0.01	131	40217	卖盘
10:11:23	3.08	0.01	76	23408	买盘
10:11:17	3.07	-0.01	21	6447	卖盘
10:11:13	3.08	0.01	1310	403480	买盘
10:11:08	3.07	--	475	145825	卖盘
10:11:02	3.07	--	23	7061	卖盘
10:10:58	3.07	--	50	15350	卖盘
10:10:53	3.07	--	173	53111	卖盘
10:10:47	3.07	-0.01	20	6140	卖盘
10:10:43	3.08	0.01	623	191884	买盘
10:10:38	3.07	--	28	8596	卖盘
10:10:32	3.07	--	292	89644	卖盘
10:10:28	3.07	--	17	5219	卖盘
10:10:23	3.07	--	42	12894	卖盘
10:10:17	3.07	-0.01	1084	332788	卖盘
10:10:13	3.08	--	20	6160	买盘
10:10:08	3.08	0.01	25	7700	买盘
10:10:02	3.07	--	199	61093	卖盘
10:09:58	3.07	--	163	50041	卖盘
10:09:53	3.07	-0.01	190	58330	卖盘
10:09:47	3.08	--	100	30800	买盘
10:09:38	3.08	0.01	58	17981	买盘
10:09:32	3.07	--	387	119030	卖盘
10:09:28	3.07	--	173	53111	卖盘
10:09:23	3.07	-0.01	2	614	卖盘
10:09:17	3.08	--	562	173096	买盘
10:09:13	3.08	--	1528	470624	买盘
10:09:08	3.08	--	62	19096	买盘
10:09:02	3.08	0.01	252	77616	买盘
10:08:58	3.07	-0.01	163	50041	卖盘
10:08:53	3.08	--	7	2156	买盘
10:08:47	3.08	0.01	144	44352	买盘
10:08:43	3.07	--	139	42673	卖盘
10:08:38	3.07	-0.01	100	30700	卖盘
10:08:32	3.08	0.01	17	5236	买盘
10:08:28	3.07	-0.01	349	107143	卖盘
10:08:23	3.08	--	574	176792	买盘
10:08:13	3.08	0.01	161	49588	买盘
10:08:08	3.07	-0.01	188	57716	卖盘
10:08:02	3.08	--	29	8932	买盘
10:07:58	3.08	0.01	120	36960	买盘
10:07:53	3.07	--	38	11666	卖盘
10:07:47	3.07	--	5	1535	卖盘
10:07:43	3.07	--	93	28551	卖盘
10:07:38	3.07	--	183	56420	卖盘
10:07:32	3.07	--	94	28956	卖盘
10:07:28	3.07	-0.01	335	102845	卖盘
10:07:23	3.08	0.01	107	32956	买盘
10:07:17	3.07	-0.01	16	4912	卖盘
10:07:13	3.08	0.01	716	220528	买盘
10:07:08	3.07	-0.01	28	8596	卖盘
10:07:02	3.08	0.01	45	13860	买盘
10:06:56	3.07	--	45	13815	卖盘
10:06:53	3.07	--	116	35612	卖盘
10:06:47	3.07	-0.01	49	15043	卖盘
10:06:41	3.08	--	117	36036	买盘
10:06:32	3.08	0.01	312	96096	买盘
10:06:23	3.07	--	26	7982	卖盘
10:06:17	3.07	--	191	58637	卖盘
10:06:11	3.07	--	11	3377	卖盘
10:06:07	3.07	-0.01	105	32235	卖盘
10:06:02	3.08	--	261	80388	买盘
10:05:56	3.08	--	3	924	买盘
10:05:53	3.08	0.01	37	11396	买盘
10:05:47	3.07	-0.01	131	40217	卖盘
10:05:41	3.08	0.01	7	2156	买盘
10:05:38	3.07	-0.01	73	22411	卖盘
10:05:32	3.08	0.01	241	74258	买盘
10:05:26	3.07	-0.01	152	46664	卖盘
10:05:22	3.08	0.01	7	2156	买盘
10:05:17	3.07	-0.01	4612	1415884	卖盘
10:05:11	3.08	0.01	7	2156	买盘
10:05:08	3.07	-0.01	123	37761	卖盘
10:05:02	3.08	0.01	10091	3108028	买盘
10:04:56	3.07	-0.01	9	2763	卖盘
10:04:52	3.08	0.01	10	3080	买盘
10:04:47	3.07	--	31	9517	卖盘
10:04:41	3.07	--	2	614	卖盘
10:04:37	3.07	-0.01	57	17499	卖盘
10:04:32	3.08	0.01	42	12936	买盘
10:04:17	3.07	-0.01	172	52804	卖盘
10:04:11	3.08	--	2	616	买盘
10:04:07	3.08	0.01	276	85008	买盘
10:04:02	3.07	-0.01	89	27323	卖盘
10:03:56	3.08	--	13	4004	买盘
10:03:52	3.08	--	142	43736	买盘
10:03:47	3.08	0.01	4	1232	买盘
10:03:41	3.07	-0.01	184	56488	卖盘
10:03:37	3.08	0.01	20	6160	买盘
10:03:32	3.07	--	124	38068	卖盘
10:03:26	3.07	--	503	154451	卖盘
10:03:22	3.07	-0.01	87	26709	卖盘
10:03:17	3.08	0.01	103	31724	买盘
10:03:11	3.07	--	233	71531	卖盘
10:03:07	3.07	--	31	9517	卖盘
10:03:02	3.07	--	120	36840	卖盘
10:02:56	3.07	-0.01	142	43594	卖盘
10:02:52	3.08	0.01	67	20636	买盘
10:02:47	3.07	--	235	72145	卖盘
10:02:41	3.07	--	30	9210	卖盘
10:02:37	3.07	--	891	273537	卖盘
10:02:32	3.07	--	87	26709	卖盘
10:02:22	3.07	-0.01	1	307	卖盘
10:02:17	3.08	0.01	270	83160	买盘
10:02:11	3.07	--	500	153500	卖盘
10:02:02	3.07	--	120	36840	卖盘
10:01:56	3.07	--	8	2456	卖盘
10:01:52	3.07	--	17	5219	卖盘
10:01:47	3.07	-0.01	39	11973	卖盘
10:01:37	3.08	0.01	104	32032	买盘
10:01:32	3.07	-0.01	113	34691	卖盘
10:01:26	3.08	0.01	62	19096	买盘
10:01:22	3.07	-0.01	163	50071	卖盘
10:01:17	3.08	0.01	254	78232	买盘
10:01:07	3.07	--	202	62014	卖盘
10:01:02	3.07	-0.01	332	101924	卖盘
10:00:56	3.08	0.01	3423	1054284	买盘
10:00:52	3.07	--	128	39296	卖盘
10:00:47	3.07	-0.01	30	9210	卖盘
10:00:41	3.08	--	64	19712	买盘
10:00:37	3.08	--	208	64064	买盘
10:00:32	3.08	--	26	8008	买盘
10:00:26	3.08	0.01	121	37268	买盘
10:00:20	3.07	-0.01	200	61400	卖盘
10:00:17	3.08	--	48	14784	买盘
10:00:11	3.08	0.01	365	112420	买盘
10:00:05	3.07	-0.01	10	3070	卖盘
10:00:01	3.08	0.01	423	130284	买盘
09:59:56	3.07	-0.01	899	275993	卖盘
09:59:50	3.08	0.01	62	19096	买盘
09:59:47	3.07	-0.01	863	264941	卖盘
09:59:35	3.08	0.01	82	25256	买盘
09:59:32	3.07	--	53	16271	卖盘
09:59:26	3.07	--	166	50962	卖盘
09:59:20	3.07	-0.01	415	127435	卖盘
09:59:17	3.08	--	26	8008	买盘
09:59:05	3.08	--	14	4312	买盘
09:59:02	3.08	0.01	153	47124	买盘
09:58:56	3.07	-0.01	50	15350	卖盘
09:58:50	3.08	0.01	5	1540	买盘
09:58:47	3.07	--	150	46050	卖盘
09:58:41	3.07	-0.01	50	15350	卖盘
09:58:35	3.08	0.01	37	11396	买盘
09:58:31	3.07	--	3	921	卖盘
09:58:26	3.07	-0.01	202	62014	卖盘
09:58:20	3.08	0.01	2	616	买盘
09:58:16	3.07	-0.01	595	182665	卖盘
09:58:11	3.08	0.01	124	38192	买盘
09:58:01	3.07	--	269	82583	卖盘
09:57:56	3.07	--	20	6140	卖盘
09:57:50	3.07	--	1	307	卖盘
09:57:41	3.07	--	147	45129	卖盘
09:57:35	3.07	--	40	12280	卖盘
09:57:31	3.07	--	75	23025	卖盘
09:57:26	3.07	--	126	38682	卖盘
09:57:20	3.07	--	2071	635797	卖盘
09:57:16	3.07	--	11	3573	卖盘
09:57:11	3.07	-0.01	198	60927	卖盘
09:57:05	3.08	0.01	111	34188	买盘
09:57:01	3.07	--	24	7368	卖盘
09:56:56	3.07	--	20	6140	卖盘
09:56:46	3.07	-0.01	37	11359	卖盘
09:56:41	3.08	--	123	37884	买盘
09:56:31	3.08	0.01	21	6468	买盘
09:56:26	3.07	--	27	8289	卖盘
09:56:20	3.07	-0.01	678	208146	卖盘
09:56:16	3.08	0.01	231	71148	买盘
09:56:11	3.07	--	111	34077	卖盘
09:56:05	3.07	--	41	12587	卖盘
09:56:01	3.07	--	209	64163	卖盘
09:55:56	3.07	--	88	27016	卖盘
09:55:50	3.07	--	5	1535	卖盘
09:55:46	3.07	--	657	201699	卖盘
09:55:41	3.07	--	17	5219	卖盘
09:55:35	3.07	--	70	21490	卖盘
09:55:31	3.07	-0.01	2468	757676	卖盘
09:55:26	3.08	0.01	7	2156	买盘
09:55:20	3.07	--	3	921	卖盘
09:55:16	3.07	--	566	173762	卖盘
09:55:11	3.07	--	107	32879	卖盘
09:55:01	3.07	-0.01	75	23025	卖盘
09:54:56	3.08	0.01	42	12936	买盘
09:54:46	3.07	--	204	62628	卖盘
09:54:41	3.07	--	33	10131	卖盘
09:54:35	3.07	-0.01	17	5219	卖盘
09:54:31	3.08	--	220	67760	买盘
09:54:26	3.08	0.01	101	31108	买盘
09:54:20	3.07	-0.01	47	14429	卖盘
09:54:16	3.08	--	7	2156	买盘
09:54:11	3.08	--	23	7084	买盘
09:54:01	3.08	--	165	50820	买盘
09:53:56	3.08	0.01	1135	349580	买盘
09:53:50	3.07	--	39	11973	卖盘
09:53:41	3.07	--	16	4912	卖盘
09:53:35	3.07	-0.01	46	14122	卖盘
09:53:29	3.08	0.01	89	27412	买盘
09:53:26	3.07	--	95	29165	卖盘
09:53:20	3.07	-0.01	388	119116	卖盘
09:53:14	3.08	0.01	7	2156	买盘
09:53:10	3.07	--	111	34107	卖盘
09:53:05	3.07	-0.01	5043	1548201	卖盘
09:52:59	3.08	0.01	110	33880	买盘
09:52:56	3.07	--	10069	3091183	卖盘
09:52:50	3.07	--	23	7061	卖盘
09:52:44	3.07	--	20	6140	卖盘
09:52:41	3.07	-0.01	15	4605	卖盘
09:52:35	3.08	0.01	60	18480	买盘
09:52:29	3.07	--	89	27323	卖盘
09:52:20	3.07	-0.01	87	26709	卖盘
09:52:14	3.08	0.01	17	5236	买盘
09:52:11	3.07	--	342	104994	卖盘
09:52:05	3.07	--	33	10131	卖盘
09:51:59	3.07	--	16	4912	卖盘
09:51:56	3.07	--	1507	462649	卖盘
09:51:50	3.07	-0.01	18	5526	卖盘
09:51:44	3.08	0.01	50	15400	买盘
09:51:40	3.07	-0.01	12	3684	卖盘
09:51:35	3.08	0.01	68	20944	买盘
09:51:25	3.07	--	151	46357	卖盘
09:51:20	3.07	-0.01	1	307	卖盘
09:51:14	3.08	0.01	21	6468	买盘
09:51:10	3.07	--	72	22104	卖盘
09:51:05	3.07	--	116	35642	卖盘
09:50:59	3.07	--	5	1535	卖盘
09:50:55	3.07	--	634	194638	卖盘
09:50:50	3.07	--	63	19341	卖盘
09:50:40	3.07	--	553	169771	卖盘
09:50:35	3.07	--	65	19955	卖盘
09:50:29	3.07	--	10	3070	卖盘
09:50:20	3.07	--	50	15350	卖盘
09:50:14	3.07	--	27	8289	卖盘
09:50:10	3.07	--	80	24560	卖盘
09:50:05	3.07	--	110	33770	卖盘
09:49:59	3.07	--	255	78285	卖盘
09:49:55	3.07	-0.01	107	32925	卖盘
09:49:50	3.08	0.01	3172	976976	买盘
09:49:44	3.07	-0.01	60	18420	卖盘
09:49:40	3.08	--	57	17556	买盘
09:49:35	3.08	0.01	898	276584	买盘
09:49:25	3.07	--	114	34998	卖盘
09:49:20	3.07	-0.01	784	240688	卖盘
09:49:14	3.08	0.01	41	12628	买盘
09:49:10	3.07	--	1524	467868	卖盘
09:49:05	3.07	-0.01	109	33493	卖盘
09:48:55	3.08	0.01	235	72380	买盘
09:48:50	3.07	--	260	79820	卖盘
09:48:44	3.07	--	4	1228	卖盘
09:48:40	3.07	--	58	17806	卖盘
09:48:35	3.07	--	46	14122	卖盘
09:48:29	3.07	--	1	307	卖盘
09:48:25	3.07	--	221	67847	卖盘
09:48:20	3.07	-0.01	39	11973	卖盘
09:48:14	3.08	0.01	7	2156	买盘
09:48:10	3.07	--	259	79513	卖盘
09:48:05	3.07	--	507	155649	卖盘
09:47:59	3.07	--	4	1228	卖盘
09:47:55	3.07	-0.01	160	49120	卖盘
09:47:50	3.08	0.01	678	208824	买盘
09:47:44	3.07	--	2	614	卖盘
09:47:40	3.07	--	498	152886	卖盘
09:47:35	3.07	--	721	221347	卖盘
09:47:29	3.07	--	33	10131	卖盘
09:47:23	3.07	--	347	106529	卖盘
09:47:20	3.07	-0.01	575	176525	卖盘
09:47:14	3.08	0.01	244	75152	买盘
09:47:08	3.07	-0.01	50	15350	卖盘
09:47:04	3.08	0.01	186	57288	买盘
09:46:59	3.07	--	164	50348	卖盘
09:46:53	3.07	--	65	19955	卖盘
09:46:50	3.07	-0.01	332	101924	卖盘
09:46:44	3.08	--	151	46508	买盘
09:46:38	3.08	--	355	109340	买盘
09:46:34	3.08	--	91	28028	买盘
09:46:29	3.08	0.01	536	165088	买盘
09:46:23	3.07	--	10	3070	卖盘
09:46:20	3.07	-0.01	151	46357	卖盘
09:46:14	3.08	0.01	407	125587	买盘
09:46:08	3.07	--	112	34384	卖盘
09:46:05	3.07	--	324	99468	卖盘
09:45:59	3.07	-0.01	253	77671	卖盘
09:45:50	3.08	0.01	163	50204	买盘
09:45:44	3.07	-0.01	93	28551	卖盘
09:45:38	3.08	--	102	31416	买盘
09:45:35	3.08	--	4	1232	买盘
09:45:29	3.08	--	56	17248	买盘
09:45:23	3.08	--	60	18480	买盘
09:45:20	3.08	0.01	213	65604	买盘
09:45:14	3.07	-0.01	2093	642551	卖盘
09:45:08	3.08	--	42	12936	买盘
09:44:59	3.08	0.01	122	37576	买盘
09:44:49	3.07	-0.01	82	25174	卖盘
09:44:44	3.08	0.01	32	9856	买盘
09:44:38	3.07	--	9	2763	卖盘
09:44:34	3.07	--	313	96091	卖盘
09:44:29	3.07	--	284	87188	卖盘
09:44:19	3.07	-0.01	17	5219	卖盘
09:44:14	3.08	0.01	54	16632	买盘
09:44:08	3.07	-0.01	202	62014	卖盘
09:44:04	3.08	0.01	1	308	买盘
09:43:59	3.07	--	50	15350	卖盘
09:43:49	3.07	-0.01	3	921	卖盘
09:43:44	3.08	--	95	29260	买盘
09:43:38	3.08	--	1130	348040	买盘
09:43:34	3.08	--	20	6160	买盘
09:43:29	3.08	--	319	98252	买盘
09:43:14	3.08	--	1595	491260	买盘
09:43:08	3.08	0.01	35	10780	买盘
09:43:04	3.07	--	675	207225	卖盘
09:42:59	3.07	--	1367	419669	卖盘
09:42:53	3.07	--	6	1842	卖盘
09:42:49	3.07	-0.01	73	22411	卖盘
09:42:44	3.08	0.01	973	299684	买盘
09:42:38	3.07	--	66	20262	卖盘
09:42:34	3.07	--	123	37761	卖盘
09:42:29	3.07	--	111	34077	卖盘
09:42:23	3.07	--	310	95170	卖盘
09:42:19	3.07	--	298	91486	卖盘
09:42:14	3.07	-0.01	303	93021	卖盘
09:42:08	3.08	0.01	4	1232	买盘
09:42:04	3.07	-0.01	120	36840	卖盘
09:41:59	3.08	--	126	38808	买盘
09:41:53	3.08	0.01	1295	398860	买盘
09:41:49	3.07	-0.01	82	25174	卖盘
09:41:44	3.08	0.01	7	2156	买盘
09:41:38	3.07	-0.01	13	3991	卖盘
09:41:34	3.08	--	369	113652	买盘
09:41:29	3.08	--	9	2772	买盘
09:41:23	3.08	0.01	2	616	买盘
09:41:19	3.07	-0.01	2899	889993	卖盘
09:41:14	3.08	--	253	77924	买盘
09:41:04	3.08	0.01	68	20944	买盘
09:40:59	3.07	--	1037	318359	卖盘
09:40:53	3.07	--	455	139685	卖盘
09:40:38	3.07	--	393	120651	卖盘
09:40:32	3.07	--	5	1535	卖盘
09:40:29	3.07	-0.01	41	12587	卖盘
09:40:23	3.08	0.01	121	37268	买盘
09:40:17	3.07	-0.01	64	19648	卖盘
09:40:14	3.08	0.01	77	23719	买盘
09:40:08	3.07	--	300	92100	卖盘
09:39:59	3.07	--	890	273230	卖盘
09:39:53	3.07	--	48	14736	卖盘
09:39:47	3.07	--	9	2763	卖盘
09:39:44	3.07	-0.01	711	218277	卖盘
09:39:38	3.08	--	107	32956	买盘
09:39:32	3.08	0.01	4	1232	买盘
09:39:29	3.07	--	113	34691	卖盘
09:39:23	3.07	--	56	17192	卖盘
09:39:17	3.07	-0.01	9	2763	卖盘
09:39:14	3.08	0.01	806	248248	买盘
09:39:08	3.07	-0.01	14	4298	卖盘
09:39:02	3.08	0.01	21	6468	买盘
09:38:59	3.07	--	415	127405	卖盘
09:38:53	3.07	-0.01	19	5833	卖盘
09:38:47	3.08	0.01	163	50204	买盘
09:38:44	3.07	--	3873	1189011	卖盘
09:38:38	3.07	-0.01	216	66312	卖盘
09:38:32	3.08	0.01	37	11396	买盘
09:38:28	3.07	--	2	614	卖盘
09:38:23	3.07	--	389	119423	卖盘
09:38:17	3.07	--	78	23946	卖盘
09:38:13	3.07	--	102	31314	卖盘
09:38:08	3.07	--	484	148588	卖盘
09:38:02	3.07	--	20	6140	卖盘
09:37:58	3.07	--	42	12894	卖盘
09:37:53	3.07	--	303	93021	卖盘
09:37:47	3.07	-0.01	170	52190	卖盘
09:37:43	3.08	0.01	658	202664	买盘
09:37:38	3.07	--	47	14429	卖盘
09:37:32	3.07	-0.01	107	32849	卖盘
09:37:28	3.08	0.01	131	40348	买盘
09:37:23	3.07	--	1164	357348	卖盘
09:37:17	3.07	-0.01	24	7368	卖盘
09:37:13	3.08	--	26	8008	买盘
09:37:08	3.08	0.01	60	18480	买盘
09:37:02	3.07	--	8	2456	卖盘
09:36:58	3.07	--	13	3991	卖盘
09:36:53	3.07	--	218	66926	卖盘
09:36:47	3.07	--	62	19034	卖盘
09:36:43	3.07	--	37	11359	卖盘
09:36:38	3.07	--	200	61400	卖盘
09:36:32	3.07	--	477	146439	卖盘
09:36:28	3.07	--	2271	697197	卖盘
09:36:17	3.07	-0.01	129	39603	卖盘
09:36:13	3.08	--	19	5852	买盘
09:36:08	3.08	--	545	167860	买盘
09:36:02	3.08	0.01	23	7084	买盘
09:35:58	3.07	--	136	41752	卖盘
09:35:53	3.07	--	724	222268	卖盘
09:35:43	3.07	--	767	235469	卖盘
09:35:38	3.07	--	353	108371	卖盘
09:35:32	3.07	--	274	84118	卖盘
09:35:28	3.07	--	949	291343	卖盘
09:35:23	3.07	--	101	31007	卖盘
09:35:17	3.07	-0.01	150	46050	卖盘
09:35:13	3.08	0.01	928	285824	买盘
09:35:02	3.07	--	91	27937	卖盘
09:34:58	3.07	--	680	208760	卖盘
09:34:53	3.07	--	10126	3108682	卖盘
09:34:38	3.07	-0.01	187	57409	卖盘
09:34:32	3.08	0.01	59	18172	买盘
09:34:28	3.07	--	210	64470	卖盘
09:34:23	3.07	-0.01	6	1842	卖盘
09:34:17	3.08	0.01	24	7392	买盘
09:34:11	3.07	-0.01	2500	767500	卖盘
09:34:08	3.08	0.01	1141	351428	买盘
09:34:02	3.07	--	74	22718	卖盘
09:33:53	3.07	--	6607	2028349	卖盘
09:33:47	3.07	--	611	187577	卖盘
09:33:41	3.07	--	2	614	卖盘
09:33:38	3.07	--	28	8596	卖盘
09:33:32	3.07	-0.01	224	68768	卖盘
09:33:23	3.08	--	439	135212	买盘
09:33:17	3.08	0.01	255	78540	买盘
09:33:11	3.07	--	10	3070	卖盘
09:33:07	3.07	--	263	80741	卖盘
09:33:02	3.07	--	86	26402	卖盘
09:32:56	3.07	--	24	7368	卖盘
09:32:53	3.07	--	66	20262	卖盘
09:32:47	3.07	--	147	45129	卖盘
09:32:38	3.07	--	1637	502559	卖盘
09:32:32	3.07	-0.01	102	31314	卖盘
09:32:26	3.08	0.01	164	50512	买盘
09:32:22	3.07	-0.01	200	61400	卖盘
09:32:17	3.08	0.01	21	6468	买盘
09:32:11	3.07	--	3	921	卖盘
09:32:08	3.07	-0.01	65	19955	卖盘
09:32:02	3.08	--	183	56364	买盘
09:31:52	3.08	0.01	124	38192	买盘
09:31:47	3.07	--	20	6140	卖盘
09:31:41	3.07	--	58	17806	卖盘
09:31:37	3.07	--	224	68768	卖盘
09:31:32	3.07	--	9	2763	卖盘
09:31:26	3.07	--	14	4298	卖盘
09:31:22	3.07	--	28	8596	卖盘
09:31:17	3.07	-0.01	42	12894	卖盘
09:31:11	3.08	--	29	8932	买盘
09:31:07	3.08	--	200	61600	买盘
09:31:02	3.08	--	65	20020	买盘
09:30:52	3.08	--	420	129360	买盘
09:30:47	3.08	-0.01	1986	611718	卖盘
09:30:41	3.09	0.01	206	63654	买盘
09:30:37	3.08	--	59	18172	卖盘
09:30:32	3.08	--	1884	580272	卖盘
09:30:26	3.08	--	205	63140	卖盘
09:30:17	3.08	--	1822	561176	卖盘
09:30:11	3.08	--	41	12628	卖盘
09:30:07	3.08	--	3202	986493	卖盘
09:30:02	3.08	--	1570	483560	卖盘
09:28:43	3.08	--	0	0	卖盘
09:25:01	3.08	3.08	9928	3057824	买盘
