成交时间	成交价	价格变动	成交量(手)	成交额(元)	性质
15:00:00	13.99	--	0	0	买盘
15:00:00	13.99	0.01	15	20985	买盘
14:59:59	13.98	--	71	99258	买盘
14:59:53	13.98	--	271	378858	卖盘
14:59:49	13.98	--	154	215292	卖盘
14:59:44	13.98	-0.01	33	46134	卖盘
14:59:38	13.99	--	99	138501	买盘
14:59:34	13.99	--	225	314775	买盘
14:59:29	13.99	--	106	148294	买盘
14:59:23	13.99	--	247	345553	卖盘
14:59:19	13.99	--	306	428094	买盘
14:59:14	13.99	0.03	27	37773	中性盘
14:59:08	13.96	-0.02	269	375524	卖盘
14:59:04	13.98	-0.01	1699	2375202	卖盘
14:58:59	13.99	--	142	198658	卖盘
14:58:53	13.99	--	444	621156	买盘
14:58:49	13.99	--	272	380528	买盘
14:58:44	13.99	-0.01	396	554004	中性盘
14:58:38	14.0	0.01	861	1205400	买盘
14:58:34	13.99	--	609	851991	买盘
14:58:29	13.99	--	75	104925	买盘
14:58:23	13.99	--	105	146895	卖盘
14:58:19	13.99	--	442	618358	买盘
14:58:14	13.99	--	70	97930	买盘
14:58:08	13.99	--	395	552605	买盘
14:58:04	13.99	0.01	805	1126195	买盘
14:57:59	13.98	-0.01	110	153780	卖盘
14:57:53	13.99	--	118	165082	买盘
14:57:49	13.99	0.02	204	285396	买盘
14:57:44	13.97	--	22	30734	卖盘
14:57:38	13.97	--	41	57277	买盘
14:57:34	13.97	--	1002	1399794	买盘
14:57:29	13.97	-0.01	226	315722	卖盘
14:57:23	13.98	0.01	624	872352	买盘
14:57:19	13.97	--	370	516890	卖盘
14:57:14	13.97	--	50	69850	卖盘
14:57:08	13.97	--	486	678942	卖盘
14:57:04	13.97	0.01	101	141097	中性盘
14:56:59	13.96	-0.01	155	216380	卖盘
14:56:53	13.97	0.01	399	557403	买盘
14:56:49	13.96	--	385	537460	卖盘
14:56:44	13.96	--	144	201024	卖盘
14:56:38	13.96	--	309	431364	买盘
14:56:34	13.96	0.02	842	1175432	卖盘
14:56:29	13.94	-0.02	282	393108	卖盘
14:56:23	13.96	--	236	329456	买盘
14:56:19	13.96	--	219	305724	买盘
14:56:14	13.96	-0.01	65	90740	中性盘
14:56:08	13.97	0.01	210	293370	买盘
14:56:03	13.96	0.03	107	149372	中性盘
14:55:59	13.93	-0.04	82	114226	卖盘
14:55:53	13.97	--	705	984885	买盘
14:55:49	13.97	--	391	546227	买盘
14:55:44	13.97	--	68	94996	卖盘
14:55:38	13.97	--	256	357632	买盘
14:55:33	13.97	-0.01	147	205359	卖盘
14:55:23	13.98	--	292	408216	买盘
14:55:19	13.98	--	1553	2171094	卖盘
14:55:13	13.98	-0.01	226	315948	卖盘
14:55:08	13.99	--	245	342755	买盘
14:55:02	13.99	--	61	85339	卖盘
14:54:58	13.99	-0.01	170	237830	卖盘
14:54:53	14.0	--	269	376600	买盘
14:54:47	14.0	--	240	336000	买盘
14:54:43	14.0	--	88	123200	买盘
14:54:38	14.0	-0.01	454	635600	卖盘
14:54:32	14.01	--	261	365661	卖盘
14:54:28	14.01	--	163	228363	卖盘
14:54:23	14.01	-0.01	297	416097	卖盘
14:54:17	14.02	--	138	193476	买盘
14:54:13	14.02	0.01	213	298626	买盘
14:54:08	14.01	--	1374	1924974	卖盘
14:54:02	14.01	-0.01	40	56040	卖盘
14:53:58	14.02	--	229	321058	买盘
14:53:53	14.02	0.01	961	1347322	买盘
14:53:47	14.01	--	16	22416	卖盘
14:53:43	14.01	--	47	65847	卖盘
14:53:38	14.01	-0.02	1275	1786275	卖盘
14:53:32	14.03	0.01	164	230092	买盘
14:53:28	14.02	-0.01	182	255164	卖盘
14:53:23	14.03	0.01	15	21045	买盘
14:53:17	14.02	--	140	196280	卖盘
14:53:13	14.02	-0.01	593	831386	卖盘
14:53:08	14.03	--	33	46299	卖盘
14:53:02	14.03	--	219	307257	买盘
14:52:57	14.03	--	319	447557	卖盘
14:52:53	14.03	--	50	70150	卖盘
14:52:47	14.03	-0.01	191	267973	卖盘
14:52:43	14.04	--	86	120743	买盘
14:52:38	14.04	0.01	322	452088	买盘
14:52:32	14.03	--	577	809531	卖盘
14:52:27	14.03	-0.01	167	234301	卖盘
14:52:23	14.04	0.01	128	179712	买盘
14:52:17	14.03	-0.01	275	385825	卖盘
14:52:13	14.04	--	395	554580	买盘
14:52:08	14.04	--	39	54756	卖盘
14:52:02	14.04	--	115	162274	卖盘
14:51:58	14.04	-0.01	130	182520	卖盘
14:51:53	14.05	0.01	120	168600	买盘
14:51:47	14.04	--	142	199368	卖盘
14:51:42	14.04	--	305	428220	卖盘
14:51:38	14.04	--	212	297648	卖盘
14:51:32	14.04	--	185	259739	卖盘
14:51:28	14.04	-0.01	77	108108	卖盘
14:51:23	14.05	0.01	462	649110	买盘
14:51:17	14.04	--	195	273780	卖盘
14:51:13	14.04	-0.01	315	442260	卖盘
14:51:08	14.05	0.01	282	396800	买盘
14:51:02	14.04	-0.01	307	431028	卖盘
14:50:58	14.05	0.01	39	54795	买盘
14:50:53	14.04	--	35	49140	卖盘
14:50:47	14.04	0.01	359	504035	买盘
14:50:43	14.03	-0.01	236	331108	卖盘
14:50:38	14.04	0.01	81	113724	买盘
14:50:32	14.03	-0.01	629	882487	卖盘
14:50:28	14.04	--	603	847426	卖盘
14:50:23	14.04	--	10	14040	卖盘
14:50:17	14.04	-0.01	56	78624	卖盘
14:50:13	14.05	0.01	200	281000	买盘
14:50:08	14.04	-0.01	9	12636	卖盘
14:50:02	14.05	-0.01	31	43555	买盘
14:49:58	14.06	0.01	725	1020699	买盘
14:49:53	14.05	-0.01	133	186865	卖盘
14:49:47	14.06	--	611	859066	买盘
14:49:43	14.06	--	135	189810	卖盘
14:49:38	14.06	--	102	143412	卖盘
14:49:32	14.06	--	117	164502	卖盘
14:49:28	14.06	--	386	542716	卖盘
14:49:23	14.06	-0.01	152	213712	卖盘
14:49:17	14.07	--	303	426321	买盘
14:49:12	14.07	--	468	658476	买盘
14:49:08	14.07	--	53	74571	买盘
14:49:02	14.07	0.01	275	386925	买盘
14:48:57	14.06	--	162	227772	卖盘
14:48:53	14.06	-0.01	70	98420	中性盘
14:48:47	14.07	--	290	408030	卖盘
14:48:42	14.07	0.02	168	236376	买盘
14:48:37	14.05	-0.01	75	105375	卖盘
14:48:32	14.06	--	333	468198	卖盘
14:48:26	14.06	--	424	596144	卖盘
14:48:22	14.06	--	25	35150	卖盘
14:48:17	14.06	--	90	126540	卖盘
14:48:11	14.06	--	256	359992	买盘
14:48:07	14.06	--	116	163096	买盘
14:48:02	14.06	0.01	394	553964	买盘
14:47:56	14.05	-0.01	155	217775	中性盘
14:47:52	14.06	0.01	162	227772	买盘
14:47:47	14.05	--	573	805655	买盘
14:47:41	14.05	--	612	859860	买盘
14:47:37	14.05	0.01	253	355465	买盘
14:47:32	14.04	--	171	240083	卖盘
14:47:26	14.04	-0.01	115	161460	卖盘
14:47:22	14.05	0.01	85	119425	买盘
14:47:17	14.04	-0.01	109	153036	卖盘
14:47:11	14.05	0.01	107	150335	买盘
14:47:07	14.04	--	79	110916	买盘
14:47:02	14.04	0.01	755	1060020	买盘
14:46:52	14.03	0.01	196	274988	买盘
14:46:47	14.02	--	41	57482	买盘
14:46:41	14.02	-0.01	773	1083746	卖盘
14:46:36	14.03	0.01	112	157136	买盘
14:46:32	14.02	--	23	32246	买盘
14:46:26	14.02	0.01	136	190672	买盘
14:46:22	14.01	-0.01	250	350250	卖盘
14:46:17	14.02	0.01	50	70100	买盘
14:46:11	14.01	-0.01	78	109278	卖盘
14:46:07	14.02	0.01	124	173848	买盘
14:46:02	14.01	0.01	2	2802	中性盘
14:45:56	14.0	--	188	263200	卖盘
14:45:52	14.0	--	822	1150800	卖盘
14:45:47	14.0	--	50	70000	卖盘
14:45:41	14.0	--	542	758800	买盘
14:45:37	14.0	--	227	317800	买盘
14:45:26	14.0	0.01	38	53200	买盘
14:45:21	13.99	-0.01	210	293790	卖盘
14:45:17	14.0	--	124	173600	买盘
14:45:11	14.0	--	87	121800	买盘
14:45:07	14.0	--	17	23800	买盘
14:45:02	14.0	0.01	125	175000	买盘
14:44:56	13.99	--	312	436488	卖盘
14:44:52	13.99	-0.01	115	160885	卖盘
14:44:47	14.0	--	22	30800	买盘
14:44:41	14.0	--	288	403200	买盘
14:44:37	14.0	--	157	219800	买盘
14:44:32	14.0	--	46	64400	买盘
14:44:26	14.0	--	272	380800	买盘
14:44:22	14.0	--	168	235200	买盘
14:44:17	14.0	--	2	2800	买盘
14:44:11	14.0	--	43	60200	买盘
14:44:06	14.0	--	119	166600	买盘
14:44:02	14.0	--	101	141400	买盘
14:43:56	14.0	--	78	109200	买盘
14:43:52	14.0	--	37	51800	卖盘
14:43:47	14.0	--	2	2800	卖盘
14:43:41	14.0	--	127	177800	卖盘
14:43:36	14.0	0.01	125	175000	买盘
14:43:32	13.99	--	80	111920	买盘
14:43:26	13.99	-0.01	365	510635	卖盘
14:43:22	14.0	--	240	336000	买盘
14:43:17	14.0	--	42	58800	买盘
14:43:11	14.0	--	92	128800	买盘
14:43:07	14.0	--	162	226800	买盘
14:43:02	14.0	--	32	44800	买盘
14:42:56	14.0	0.01	196	274400	买盘
14:42:52	13.99	--	221	309179	卖盘
14:42:47	13.99	--	54	75546	卖盘
14:42:41	13.99	--	25	34975	卖盘
14:42:36	13.99	0.01	97	135703	买盘
14:42:32	13.98	-0.02	72	100656	卖盘
14:42:26	14.0	0.01	374	523600	买盘
14:42:21	13.99	--	628	878572	买盘
14:42:16	13.99	--	62	86738	买盘
14:42:11	13.99	0.01	287	401513	买盘
14:42:05	13.98	-0.02	87	121626	卖盘
14:42:01	14.0	0.01	464	649600	买盘
14:41:56	13.99	--	78	109122	买盘
14:41:50	13.99	--	136	190264	买盘
14:41:46	13.99	--	419	586181	买盘
14:41:41	13.99	-0.01	324	453276	卖盘
14:41:35	14.0	--	227	317800	买盘
14:41:31	14.0	0.01	152	212800	买盘
14:41:26	13.99	-0.01	104	145496	卖盘
14:41:20	14.0	0.01	384	537600	买盘
14:41:16	13.99	--	24	33576	卖盘
14:41:11	13.99	--	221	309179	卖盘
14:41:05	13.99	0.01	232	324568	买盘
14:41:01	13.98	-0.01	211	294978	卖盘
14:40:56	13.99	-0.01	134	187466	中性盘
14:40:50	14.0	0.02	235	329000	买盘
14:40:46	13.98	-0.02	64	89472	卖盘
14:40:41	14.0	0.01	15	21000	买盘
14:40:35	13.99	-0.01	112	156688	卖盘
14:40:31	14.0	--	31	43400	卖盘
14:40:26	14.0	--	34	47600	卖盘
14:40:20	14.0	--	300	420000	卖盘
14:40:16	14.0	--	324	453600	买盘
14:40:11	14.0	--	38	53200	买盘
14:40:05	14.0	--	13	18200	买盘
14:40:01	14.0	--	417	583800	买盘
14:39:56	14.0	-0.01	104	145600	卖盘
14:39:50	14.01	0.01	211	295611	买盘
14:39:46	14.0	--	125	175000	卖盘
14:39:41	14.0	--	9	12600	卖盘
14:39:35	14.0	-0.01	73	102200	卖盘
14:39:30	14.01	0.01	193	270393	买盘
14:39:26	14.0	-0.01	36	50400	卖盘
14:39:20	14.01	0.01	70	98070	买盘
14:39:16	14.0	--	111	155400	卖盘
14:39:11	14.0	--	65	91000	卖盘
14:39:05	14.0	--	341	477400	买盘
14:39:01	14.0	--	32	44800	买盘
14:38:56	14.0	--	115	161000	买盘
14:38:50	14.0	-0.02	66	92400	中性盘
14:38:46	14.02	0.03	116	162632	买盘
14:38:41	13.99	-0.03	73	102127	卖盘
14:38:35	14.02	0.01	46	64492	买盘
14:38:31	14.01	0.02	234	327834	买盘
14:38:26	13.99	-0.01	41	57359	卖盘
14:38:20	14.0	-0.01	859	1202600	买盘
14:38:15	14.01	0.03	332	465132	买盘
14:38:11	13.98	-0.01	219	306162	卖盘
14:38:05	13.99	--	184	257416	卖盘
14:38:00	13.99	0.02	349	488251	买盘
14:37:56	13.97	-0.02	213	297561	卖盘
14:37:50	13.99	--	53	74147	买盘
14:37:46	13.99	0.01	4	5596	买盘
14:37:35	13.98	0.01	259	362781	买盘
14:37:31	13.97	--	130	181610	买盘
14:37:26	13.97	--	146	203962	买盘
14:37:20	13.97	-0.02	192	268224	卖盘
14:37:16	13.99	0.02	73	102127	买盘
14:37:11	13.97	0.01	159	222123	买盘
14:37:05	13.96	--	563	785948	卖盘
14:37:01	13.96	--	121	168916	卖盘
14:36:56	13.96	--	161	224756	卖盘
14:36:50	13.96	0.01	70	97720	买盘
14:36:45	13.95	-0.01	233	325035	卖盘
14:36:41	13.96	--	80	111680	买盘
14:36:35	13.96	--	452	630992	买盘
14:36:31	13.96	--	68	94928	买盘
14:36:26	13.96	-0.06	862	1203352	卖盘
14:36:20	14.02	0.02	122	171044	买盘
14:36:16	14.0	--	101	141400	买盘
14:36:11	14.0	--	127	177800	买盘
14:36:05	14.0	-0.02	67	93800	卖盘
14:36:00	14.02	-0.01	39	54678	卖盘
14:35:56	14.03	--	66	92598	买盘
14:35:50	14.03	0.03	1014	1422642	买盘
14:35:44	14.0	-0.03	715	1001000	卖盘
14:35:40	14.03	0.01	190	266570	买盘
14:35:35	14.02	-0.02	65	91130	卖盘
14:35:29	14.04	--	31	43524	买盘
14:35:25	14.04	0.01	44	61775	买盘
14:35:20	14.03	--	48	67344	卖盘
14:35:14	14.03	-0.01	186	260958	卖盘
14:35:10	14.04	0.01	53	74412	买盘
14:35:05	14.03	-0.01	612	858636	卖盘
14:34:59	14.04	-0.01	496	696384	卖盘
14:34:55	14.05	0.01	84	118020	买盘
14:34:50	14.04	--	78	109512	卖盘
14:34:44	14.04	--	262	367848	买盘
14:34:40	14.04	--	8	11232	买盘
14:34:35	14.04	-0.01	408	572832	卖盘
14:34:29	14.05	--	171	240255	买盘
14:34:24	14.05	-0.01	62	87110	卖盘
14:34:20	14.06	0.02	131	184186	买盘
14:34:14	14.04	-0.01	249	350298	卖盘
14:34:10	14.05	-0.01	25	35125	卖盘
14:34:05	14.06	--	65	91390	买盘
14:33:59	14.06	0.01	583	819698	买盘
14:33:55	14.05	-0.01	65	91325	卖盘
14:33:44	14.06	0.01	528	742368	买盘
14:33:40	14.05	--	19	26695	卖盘
14:33:35	14.05	-0.01	19	26695	卖盘
14:33:29	14.06	0.01	66	92796	买盘
14:33:25	14.05	0.01	217	304885	买盘
14:33:20	14.04	--	55	77220	卖盘
14:33:14	14.04	-0.02	269	377676	卖盘
14:33:09	14.06	0.01	21	29526	卖盘
14:33:05	14.05	0.01	42	59010	买盘
14:32:59	14.04	-0.01	270	379080	卖盘
14:32:55	14.05	--	225	316125	卖盘
14:32:50	14.05	-0.01	155	217775	卖盘
14:32:44	14.06	0.01	146	205276	买盘
14:32:40	14.05	-0.01	177	248685	卖盘
14:32:35	14.06	0.01	120	168720	买盘
14:32:29	14.05	--	74	103970	卖盘
14:32:25	14.05	--	166	233230	买盘
14:32:20	14.05	--	48	68142	买盘
14:32:14	14.05	-0.01	58	81490	卖盘
14:32:10	14.06	0.02	54	75924	买盘
14:32:05	14.04	-0.01	85	119340	卖盘
14:31:59	14.05	-0.01	325	456625	卖盘
14:31:55	14.06	0.02	165	231990	买盘
14:31:50	14.04	--	9	12636	卖盘
14:31:44	14.04	-0.01	71	99684	卖盘
14:31:39	14.05	-0.01	5	7025	买盘
14:31:35	14.06	0.01	19	26714	买盘
14:31:29	14.05	0.02	85	119425	买盘
14:31:25	14.03	--	229	321287	卖盘
14:31:20	14.03	-0.02	34	47702	卖盘
14:31:14	14.05	0.02	17	23885	买盘
14:31:09	14.03	-0.02	59	82777	卖盘
14:31:05	14.05	0.02	35	49175	买盘
14:30:59	14.03	--	161	225883	卖盘
14:30:55	14.03	--	213	298839	卖盘
14:30:50	14.03	--	15	21045	卖盘
14:30:44	14.03	-0.03	49	69448	中性盘
14:30:40	14.06	--	95	133570	买盘
14:30:34	14.06	--	6	8436	买盘
14:30:29	14.06	-0.01	67	94202	中性盘
14:30:24	14.07	--	877	1233939	买盘
14:30:19	14.07	--	95	133665	买盘
14:30:14	14.07	--	70	98490	买盘
14:30:09	14.07	--	170	239190	卖盘
14:30:04	14.07	--	12	16884	卖盘
14:29:59	14.07	-0.02	259	364413	卖盘
14:29:55	14.09	--	564	794676	买盘
14:29:50	14.09	--	47	66223	买盘
14:29:44	14.09	0.01	16	22544	买盘
14:29:40	14.08	-0.02	319	449152	卖盘
14:29:35	14.1	--	50	70500	买盘
14:29:29	14.1	--	334	470940	买盘
14:29:23	14.1	--	170	239700	买盘
14:29:19	14.1	-0.01	663	934830	卖盘
14:29:14	14.11	--	32	45152	买盘
14:29:08	14.11	--	27	38097	买盘
14:29:04	14.11	--	7	9877	买盘
14:28:59	14.11	-0.01	118	166498	卖盘
14:28:53	14.12	0.01	161	227332	买盘
14:28:49	14.11	--	99	139689	卖盘
14:28:44	14.11	--	108	152388	卖盘
14:28:38	14.11	--	94	132634	卖盘
14:28:34	14.11	--	53	74783	卖盘
14:28:29	14.11	-0.01	58	81838	中性盘
14:28:23	14.12	0.01	395	557740	买盘
14:28:19	14.11	--	104	146744	卖盘
14:28:14	14.11	-0.01	192	270912	卖盘
14:28:08	14.12	--	161	227332	买盘
14:28:04	14.12	--	219	309228	买盘
14:27:59	14.12	--	136	192032	买盘
14:27:53	14.12	0.01	278	392536	买盘
14:27:49	14.11	-0.01	100	141100	卖盘
14:27:44	14.12	--	55	77660	买盘
14:27:38	14.12	--	101	142612	买盘
14:27:33	14.12	0.02	352	497024	买盘
14:27:29	14.1	--	154	217140	卖盘
14:27:23	14.1	-0.01	439	618990	卖盘
14:27:19	14.11	0.01	108	152388	买盘
14:27:14	14.1	-0.02	22	31020	卖盘
14:27:08	14.12	0.03	641	905092	买盘
14:27:03	14.09	--	100	140900	卖盘
14:26:59	14.09	-0.01	201	283209	卖盘
14:26:53	14.1	--	365	514650	买盘
14:26:49	14.1	--	21	29610	买盘
14:26:44	14.1	--	170	239700	买盘
14:26:38	14.1	--	211	297510	买盘
14:26:34	14.1	--	145	204450	卖盘
14:26:29	14.1	-0.01	6	8460	卖盘
14:26:23	14.11	0.01	177	249747	买盘
14:26:18	14.1	-0.01	145	204450	中性盘
14:26:14	14.11	0.01	123	173553	买盘
14:26:08	14.1	--	258	364597	卖盘
14:26:03	14.1	--	86	121260	卖盘
14:25:59	14.1	--	95	133950	卖盘
14:25:53	14.1	--	95	133950	买盘
14:25:48	14.1	--	22	31020	买盘
14:25:44	14.1	-0.01	38	53580	买盘
14:25:38	14.11	--	61	86071	买盘
14:25:33	14.11	-0.01	345	486795	中性盘
14:25:29	14.12	0.02	125	176500	买盘
14:25:23	14.1	-0.01	63	88830	卖盘
14:25:19	14.11	--	53	74783	卖盘
14:25:14	14.11	0.01	12	16932	中性盘
14:25:08	14.1	-0.03	362	510420	卖盘
14:25:04	14.13	-0.01	236	333468	买盘
14:24:59	14.14	--	776	1097264	买盘
14:24:53	14.14	0.01	70	98980	买盘
14:24:49	14.13	0.03	31	43803	卖盘
14:24:44	14.1	-0.01	117	164970	卖盘
14:24:38	14.11	0.01	85	119935	中性盘
14:24:33	14.1	-0.05	137	193170	卖盘
14:24:29	14.15	--	12	16980	买盘
14:24:23	14.15	0.02	532	752780	买盘
14:24:19	14.13	-0.03	1336	1887768	卖盘
14:24:14	14.16	0.01	137	193992	买盘
14:24:08	14.15	--	617	873055	卖盘
14:24:04	14.15	-0.01	324	458460	卖盘
14:23:59	14.16	--	101	143016	卖盘
14:23:53	14.16	--	164	232224	卖盘
14:23:49	14.16	--	517	732072	买盘
14:23:43	14.16	0.01	218	308688	买盘
14:23:38	14.15	--	231	326865	卖盘
14:23:34	14.15	-0.01	1410	1995150	卖盘
14:23:29	14.16	0.01	410	580560	买盘
14:23:23	14.15	--	708	1001820	买盘
14:23:19	14.15	0.01	254	359410	买盘
14:23:14	14.14	-0.01	112	158368	卖盘
14:23:08	14.15	0.01	384	543360	买盘
14:23:04	14.14	--	748	1057672	买盘
14:22:59	14.14	--	91	128674	买盘
14:22:53	14.14	--	1434	2027676	买盘
14:22:47	14.14	0.01	46	65044	中性盘
14:22:43	14.13	-0.01	525	741825	卖盘
14:22:38	14.14	0.02	1761	2490054	买盘
14:22:32	14.12	--	711	1003932	买盘
14:22:28	14.12	--	15	21180	买盘
14:22:23	14.12	--	716	1010992	买盘
14:22:17	14.12	0.02	400	564800	买盘
14:22:13	14.1	-0.01	325	458250	卖盘
14:22:08	14.11	--	111	156621	买盘
14:22:02	14.11	0.01	1716	2421276	买盘
14:21:58	14.1	--	355	500550	买盘
14:21:53	14.1	0.01	218	307380	买盘
14:21:47	14.09	0.01	806	1135654	买盘
14:21:43	14.08	--	11	15488	卖盘
14:21:38	14.08	0.02	31	43676	买盘
14:21:32	14.06	0.01	387	544122	卖盘
14:21:28	14.05	-0.01	1018	1430290	卖盘
14:21:23	14.06	0.01	153	215118	买盘
14:21:17	14.05	-0.01	93	130665	卖盘
14:21:13	14.06	0.01	510	717060	买盘
14:21:08	14.05	--	16	22480	卖盘
14:21:02	14.05	--	108	151740	买盘
14:20:57	14.05	0.01	426	598530	买盘
14:20:47	14.04	-0.01	525	737100	卖盘
14:20:43	14.05	0.01	75	105375	卖盘
14:20:38	14.04	-0.01	53	74412	卖盘
14:20:32	14.05	--	157	220585	卖盘
14:20:28	14.05	0.02	801	1125405	买盘
14:20:23	14.03	--	25	35075	卖盘
14:20:17	14.03	--	58	81374	卖盘
14:20:13	14.03	--	287	402661	卖盘
14:20:07	14.03	--	210	294630	卖盘
14:20:02	14.03	--	23	32269	卖盘
14:19:57	14.03	--	71	99613	卖盘
14:19:53	14.03	--	20	28060	卖盘
14:19:47	14.03	-0.01	517	725351	卖盘
14:19:43	14.04	0.01	209	293436	买盘
14:19:38	14.03	-0.01	97	136091	卖盘
14:19:32	14.04	0.01	41	57564	买盘
14:19:28	14.03	-0.02	16	22448	卖盘
14:19:23	14.05	0.01	127	178435	买盘
14:19:17	14.04	--	633	888732	卖盘
14:19:13	14.04	-0.01	156	219024	卖盘
14:19:08	14.05	--	42	59010	买盘
14:19:02	14.05	--	141	198105	买盘
14:18:58	14.05	--	295	414475	卖盘
14:18:53	14.05	--	192	269760	卖盘
14:18:47	14.05	--	180	252900	卖盘
14:18:42	14.05	--	698	980690	卖盘
14:18:38	14.05	--	65	91325	卖盘
14:18:32	14.05	--	100	140500	卖盘
14:18:28	14.05	--	387	543735	卖盘
14:18:23	14.05	--	1228	1725340	卖盘
14:18:17	14.05	--	171	240255	卖盘
14:18:12	14.05	--	162	227610	卖盘
14:18:08	14.05	--	26	36530	卖盘
14:18:02	14.05	-0.01	1178	1655090	卖盘
14:17:57	14.06	--	86	120916	买盘
14:17:52	14.06	--	520	731120	买盘
14:17:47	14.06	--	251	352906	买盘
14:17:43	14.06	--	211	296666	买盘
14:17:38	14.06	--	41	57646	买盘
14:17:32	14.06	0.01	107	150442	买盘
14:17:27	14.05	-0.01	73	102565	卖盘
14:17:22	14.06	0.01	69	97014	买盘
14:17:17	14.05	--	135	189675	买盘
14:17:13	14.05	--	102	143310	买盘
14:17:07	14.05	--	314	441170	买盘
14:17:02	14.05	--	247	347035	买盘
14:16:57	14.05	--	104	146120	买盘
14:16:53	14.05	--	80	112400	买盘
14:16:47	14.05	0.01	530	744650	买盘
14:16:42	14.04	--	63	88452	买盘
14:16:37	14.04	--	10	14040	买盘
14:16:32	14.04	0.01	107	150228	买盘
14:16:27	14.03	--	241	338123	买盘
14:16:22	14.03	--	36	50508	买盘
14:16:17	14.03	0.01	233	326899	买盘
14:16:11	14.02	--	66	92532	买盘
14:16:07	14.02	--	140	196280	买盘
14:16:02	14.02	--	73	102346	买盘
14:15:56	14.02	--	161	225722	买盘
14:15:52	14.02	--	57	79914	买盘
14:15:46	14.02	0.01	9	12618	买盘
14:15:41	14.01	--	39	54639	卖盘
14:15:37	14.01	0.01	110	154110	买盘
14:15:32	14.0	-0.01	125	175000	卖盘
14:15:26	14.01	--	73	102273	买盘
14:15:22	14.01	0.01	21	29421	买盘
14:15:17	14.0	--	25	35000	卖盘
14:15:11	14.0	--	283	396200	买盘
14:15:07	14.0	--	23	32200	买盘
14:15:02	14.0	--	27	37800	买盘
14:14:56	14.0	0.01	211	295400	买盘
14:14:52	13.99	--	222	310578	卖盘
14:14:47	13.99	-0.01	27	37773	卖盘
14:14:41	14.0	0.01	183	256200	买盘
14:14:37	13.99	-0.01	1	1399	卖盘
14:14:32	14.0	0.01	66	92400	买盘
14:14:26	13.99	--	112	156688	买盘
14:14:22	13.99	--	176	246224	买盘
14:14:17	13.99	--	79	110521	买盘
14:14:11	13.99	--	218	304982	买盘
14:14:07	13.99	0.01	321	449079	买盘
14:14:02	13.98	-0.01	60	83880	卖盘
14:13:55	13.99	0.01	89	124511	买盘
14:13:51	13.98	-0.01	135	188730	卖盘
14:13:46	13.99	--	5	6995	买盘
14:13:41	13.99	0.01	11	15389	买盘
14:13:36	13.98	-0.01	29	40542	卖盘
14:13:31	13.99	0.01	32	44768	买盘
14:13:26	13.98	--	140	195720	买盘
14:13:21	13.98	--	110	153780	买盘
14:13:17	13.98	--	1	1398	买盘
14:13:11	13.98	--	27	37746	买盘
14:13:07	13.98	--	12	16776	买盘
14:13:01	13.98	--	28	39144	买盘
14:12:56	13.98	--	211	294978	买盘
14:12:51	13.98	0.01	27	37746	买盘
14:12:47	13.97	-0.01	198	276606	卖盘
14:12:41	13.98	--	131	183138	卖盘
14:12:36	13.98	--	61	85278	卖盘
14:12:25	13.98	--	32	44736	卖盘
14:12:21	13.98	--	119	166362	买盘
14:12:16	13.98	0.01	242	338316	买盘
14:12:11	13.97	-0.01	190	265430	卖盘
14:12:07	13.98	--	41	57318	买盘
14:12:01	13.98	--	207	289386	卖盘
14:11:55	13.98	0.01	179	250242	买盘
14:11:51	13.97	--	131	183007	卖盘
14:11:46	13.97	-0.02	10	13970	卖盘
14:11:41	13.99	0.01	98	137102	买盘
14:11:36	13.98	--	138	192924	买盘
14:11:31	13.98	-0.01	246	343908	卖盘
14:11:25	13.99	-0.01	17	23783	卖盘
14:11:21	14.0	0.01	53	74200	买盘
14:11:16	13.99	--	23	32177	买盘
14:11:11	13.99	--	149	208451	买盘
14:11:06	13.99	--	412	576388	卖盘
14:11:01	13.99	-0.01	93	130107	卖盘
14:10:55	14.0	--	81	113400	买盘
14:10:51	14.0	--	146	204400	买盘
14:10:46	14.0	0.01	30	42000	中性盘
14:10:41	13.99	--	598	836602	卖盘
14:10:36	13.99	--	64	89536	卖盘
14:10:31	13.99	--	53	74147	买盘
14:10:26	13.99	--	24	33576	卖盘
14:10:21	13.99	-0.01	64	89536	中性盘
14:10:16	14.0	0.02	45	63000	买盘
14:10:11	13.98	--	267	373266	卖盘
14:10:06	13.98	-0.01	42	58716	卖盘
14:10:02	13.99	0.01	34	47566	中性盘
14:09:56	13.98	-0.01	254	355092	卖盘
14:09:51	13.99	-0.01	158	221042	中性盘
14:09:46	14.0	--	733	1027110	买盘
14:09:41	14.0	--	292	408800	卖盘
14:09:35	14.0	-0.01	202	282800	卖盘
14:09:31	14.01	--	159	222759	卖盘
14:09:25	14.01	-0.01	77	107877	卖盘
14:09:20	14.02	0.01	136	190672	买盘
14:09:15	14.01	-0.01	92	128892	卖盘
14:09:10	14.02	--	113	158426	卖盘
14:09:05	14.02	--	187	262174	卖盘
14:09:01	14.02	--	129	180858	卖盘
14:08:56	14.02	--	71	99542	买盘
14:08:50	14.02	--	100	140200	买盘
14:08:46	14.02	--	21	29442	买盘
14:08:41	14.02	-0.01	133	186466	卖盘
14:08:35	14.03	0.02	120	168360	买盘
14:08:31	14.01	-0.01	1002	1403802	卖盘
14:08:26	14.02	--	208	291616	卖盘
14:08:20	14.02	-0.01	44	61688	买盘
14:08:15	14.03	0.02	39	54717	买盘
14:08:11	14.01	--	155	217155	卖盘
14:08:05	14.01	--	136	190536	卖盘
14:08:00	14.01	--	106	148506	卖盘
14:07:56	14.01	--	528	739728	卖盘
14:07:49	14.01	0.01	160	224160	买盘
14:07:46	14.0	-0.01	150	210000	卖盘
14:07:40	14.01	-0.01	46	64446	买盘
14:07:34	14.02	--	507	710814	买盘
14:07:30	14.02	0.01	37	51874	买盘
14:07:26	14.01	-0.01	32	44832	卖盘
14:07:20	14.02	--	161	225722	卖盘
14:07:15	14.02	0.01	184	257968	买盘
14:07:10	14.01	-0.01	10	14010	卖盘
14:07:04	14.02	--	4	5608	买盘
14:07:00	14.02	--	87	121974	卖盘
14:06:55	14.02	-0.01	306	429012	卖盘
14:06:50	14.03	0.01	116	162748	买盘
14:06:45	14.02	--	58	82017	买盘
14:06:40	14.02	-0.01	37	51874	买盘
14:06:35	14.03	-0.02	984	1381043	卖盘
14:06:30	14.05	0.03	2389	3357458	买盘
14:06:25	14.02	-0.01	9	12618	中性盘
14:06:20	14.03	--	803	1126609	买盘
14:06:15	14.03	--	94	131882	买盘
14:06:10	14.03	-0.01	96	134688	卖盘
14:06:05	14.04	--	177	248507	买盘
14:06:00	14.04	--	185	259739	买盘
14:05:55	14.04	-0.01	194	272376	卖盘
14:05:50	14.05	0.01	1057	1485576	买盘
14:05:45	14.04	-0.01	401	563004	卖盘
14:05:40	14.05	--	38	53390	买盘
14:05:35	14.05	0.01	290	407450	买盘
14:05:30	14.04	--	228	320112	卖盘
14:05:26	14.04	0.01	356	500736	买盘
14:05:20	14.03	--	1610	2258830	卖盘
14:05:15	14.03	-0.01	395	554185	卖盘
14:05:10	14.04	0.01	69	96876	买盘
14:05:05	14.03	--	246	345138	卖盘
14:05:00	14.03	0.01	525	736575	买盘
14:04:55	14.02	-0.01	114	159828	卖盘
14:04:50	14.03	0.01	133	186599	买盘
14:04:45	14.02	--	486	681372	买盘
14:04:40	14.02	0.01	164	229928	买盘
14:04:35	14.01	--	188	263388	卖盘
14:04:30	14.01	--	64	89664	卖盘
14:04:25	14.01	0.02	449	629049	买盘
14:04:20	13.99	-0.02	151	211249	卖盘
14:04:15	14.01	0.02	171	239571	买盘
14:04:10	13.99	-0.01	629	881104	卖盘
14:04:05	14.0	0.01	527	738500	买盘
14:04:00	13.99	--	206	288194	卖盘
14:03:55	13.99	0.02	66	92334	买盘
14:03:49	13.97	-0.01	1102	1539494	卖盘
14:03:45	13.98	-0.02	167	233466	买盘
14:03:40	14.0	0.01	80	112000	买盘
14:03:35	13.99	0.01	371	519029	买盘
14:03:31	13.98	-0.01	5	6990	买盘
14:03:25	13.99	0.01	83	116117	买盘
14:03:20	13.98	-0.01	103	143994	卖盘
14:03:15	13.99	0.01	405	566595	买盘
14:03:10	13.98	--	90	125820	卖盘
14:03:05	13.98	0.01	48	67104	中性盘
14:03:00	13.97	-0.02	479	669163	卖盘
14:02:55	13.99	--	28	39172	买盘
14:02:50	13.99	0.01	161	225239	买盘
14:02:45	13.98	-0.01	28	39144	买盘
14:02:40	13.99	--	140	195860	卖盘
14:02:34	13.99	--	234	327366	买盘
14:02:29	13.99	--	33	46167	买盘
14:02:25	13.99	--	234	327366	买盘
14:02:20	13.99	--	313	437887	卖盘
14:02:14	13.99	--	223	311977	卖盘
14:02:09	13.99	--	134	187466	卖盘
14:02:04	13.99	--	262	366538	买盘
14:01:59	13.99	0.01	272	380528	买盘
14:01:55	13.98	-0.01	540	754920	卖盘
14:01:50	13.99	0.01	71	99329	中性盘
14:01:44	13.98	--	360	503280	卖盘
14:01:40	13.98	--	43	60114	卖盘
14:01:34	13.98	-0.01	709	991182	卖盘
14:01:29	13.99	-0.01	122	170678	中性盘
14:01:25	14.0	0.01	454	635600	买盘
14:01:20	13.99	--	285	398715	卖盘
14:01:14	13.99	-0.01	555	776445	卖盘
14:01:10	14.0	--	205	287000	买盘
14:01:05	14.0	0.01	174	243600	买盘
14:00:59	13.99	-0.01	103	144097	卖盘
14:00:54	14.0	0.01	50	70000	买盘
14:00:50	13.99	--	88	123112	卖盘
14:00:44	13.99	-0.01	76	106324	中性盘
14:00:39	14.0	0.01	32	44800	买盘
14:00:34	13.99	-0.01	34	47566	卖盘
14:00:29	14.0	0.03	285	399000	买盘
14:00:24	13.97	-0.01	77	107569	卖盘
14:00:19	13.98	--	113	157974	卖盘
14:00:14	13.98	-0.01	524	732552	卖盘
14:00:09	13.99	0.01	57	79743	买盘
14:00:04	13.98	--	140	195720	买盘
13:59:59	13.98	--	347	485106	卖盘
13:59:54	13.98	-0.01	195	272610	卖盘
13:59:49	13.99	--	232	324568	买盘
13:59:44	13.99	-0.01	191	267209	中性盘
13:59:39	14.0	--	228	319200	买盘
13:59:35	14.0	--	756	1058400	买盘
13:59:29	14.0	--	216	302400	买盘
13:59:24	14.0	--	156	218400	卖盘
13:59:19	14.0	--	356	498400	买盘
13:59:14	14.0	--	251	351400	买盘
13:59:09	14.0	--	692	968800	卖盘
13:59:04	14.0	-0.01	78	109200	卖盘
13:58:59	14.01	--	264	369864	买盘
13:58:55	14.01	-0.02	643	902159	卖盘
13:58:49	14.03	0.03	269	377407	买盘
13:58:44	14.0	-0.02	171	239400	卖盘
13:58:39	14.02	--	774	1085148	买盘
13:58:34	14.02	--	180	252360	买盘
13:58:29	14.02	-0.01	1023	1434246	买盘
13:58:24	14.03	--	942	1321626	买盘
13:58:19	14.03	--	292	409676	买盘
13:58:14	14.03	0.01	1189	1668251	买盘
13:58:09	14.02	-0.01	601	842602	中性盘
13:58:04	14.03	0.01	543	761829	买盘
13:57:59	14.02	0.02	444	622488	买盘
13:57:54	14.0	-0.01	502	702800	卖盘
13:57:49	14.01	0.02	84	117684	买盘
13:57:44	13.99	--	604	846199	卖盘
13:57:39	13.99	--	209	292391	卖盘
13:57:34	13.99	--	232	324568	卖盘
13:57:29	13.99	--	643	899557	卖盘
13:57:24	13.99	-0.01	227	317573	中性盘
13:57:19	14.0	--	148	207200	买盘
13:57:14	14.0	0.01	393	550200	买盘
13:57:09	13.99	-0.01	136	190264	买盘
13:57:04	14.0	--	61	85400	买盘
13:56:58	14.0	--	201	281400	买盘
13:56:54	14.0	--	167	233800	买盘
13:56:49	14.0	--	240	336000	买盘
13:56:44	14.0	--	628	879676	卖盘
13:56:39	14.0	--	444	622398	卖盘
13:56:34	14.0	-0.02	155	217000	卖盘
13:56:29	14.02	--	265	371530	买盘
13:56:23	14.02	--	410	574820	卖盘
13:56:19	14.02	-0.01	366	513132	卖盘
13:56:14	14.03	--	293	411079	买盘
13:56:08	14.03	-0.01	271	380213	卖盘
13:56:04	14.04	--	140	196560	买盘
13:55:59	14.04	--	177	248507	买盘
13:55:54	14.04	--	769	1079676	卖盘
13:55:49	14.04	-0.02	573	804492	卖盘
13:55:44	14.06	--	803	1129018	买盘
13:55:38	14.06	--	1621	2279126	买盘
13:55:34	14.06	--	1419	1995114	买盘
13:55:29	14.06	0.01	495	695970	买盘
13:55:23	14.05	-0.01	745	1046725	卖盘
13:55:19	14.06	-0.01	176	247456	卖盘
13:55:14	14.07	0.03	520	731640	买盘
13:55:08	14.04	-0.02	568	797472	卖盘
13:55:04	14.06	0.02	444	624264	买盘
13:54:59	14.04	0.01	3702	5197608	买盘
13:54:53	14.03	-0.01	734	1029802	卖盘
13:54:49	14.04	0.01	297	417816	买盘
13:54:44	14.03	-0.01	1052	1475956	卖盘
13:54:38	14.04	0.01	1512	2123423	买盘
13:54:34	14.03	0.03	870	1220610	买盘
13:54:29	14.0	-0.02	3094	4331600	卖盘
13:54:23	14.02	0.02	1048	1469296	中性盘
13:54:18	14.0	0.01	2176	3046526	买盘
13:54:14	13.99	-0.01	3833	5362367	卖盘
13:54:08	14.0	0.01	2791	3907400	买盘
13:54:03	13.99	-0.01	580	811420	卖盘
13:53:59	14.0	0.02	724	1013600	买盘
13:53:53	13.98	-0.01	971	1357458	卖盘
13:53:48	13.99	--	225	314775	买盘
13:53:44	13.99	0.03	1106	1548203	买盘
13:53:38	13.96	--	2507	3499772	买盘
13:53:33	13.96	--	2936	4098656	买盘
13:53:29	13.96	0.04	257	358772	买盘
13:53:23	13.92	-0.03	1001	1394505	卖盘
13:53:18	13.95	0.03	2176	3035799	买盘
13:53:14	13.92	0.01	245	341151	买盘
13:53:08	13.91	--	517	719147	买盘
13:53:02	13.91	0.01	365	507715	买盘
13:52:58	13.9	--	375	522042	买盘
13:52:52	13.9	--	580	806200	买盘
13:52:48	13.9	0.02	2099	2917610	买盘
13:52:43	13.88	0.01	53	73564	买盘
13:52:38	13.87	-0.01	42	58254	卖盘
13:52:33	13.88	0.02	128	177664	买盘
13:52:28	13.86	--	2054	2846844	卖盘
13:52:22	13.86	--	94	130284	买盘
13:52:18	13.86	--	83	115038	买盘
13:52:13	13.86	--	40	55440	卖盘
13:52:08	13.86	--	276	382536	买盘
13:52:03	13.86	--	156	216216	卖盘
13:51:58	13.86	-0.01	67	92862	卖盘
13:51:53	13.87	0.01	185	256595	买盘
13:51:48	13.86	--	297	411642	买盘
13:51:43	13.86	--	10	13860	买盘
13:51:37	13.86	--	170	235620	买盘
13:51:33	13.86	0.01	13	18018	买盘
13:51:28	13.85	0.02	5	6925	卖盘
13:51:22	13.83	-0.01	1117	1544824	卖盘
13:51:14	13.84	--	138	190992	卖盘
13:51:08	13.84	0.02	254	351536	买盘
13:51:03	13.82	--	141	194862	卖盘
13:50:58	13.82	-0.01	21	29022	卖盘
13:50:53	13.83	0.01	237	327771	买盘
13:50:48	13.82	--	185	255670	买盘
13:50:43	13.82	0.01	388	536216	买盘
13:50:38	13.81	-0.01	67	92527	卖盘
13:50:33	13.82	--	45	62190	卖盘
13:50:28	13.82	--	68	93976	卖盘
13:50:23	13.82	--	175	241850	卖盘
13:50:18	13.82	0.02	41	56662	中性盘
13:50:13	13.8	-0.03	500	690000	卖盘
13:50:08	13.83	0.01	55	76065	买盘
13:50:03	13.82	--	3	4146	买盘
13:49:58	13.82	--	41	56662	买盘
13:49:53	13.82	0.02	10	13820	买盘
13:49:48	13.8	-0.02	1122	1548360	卖盘
13:49:43	13.82	-0.01	106	146492	卖盘
13:49:37	13.83	-0.02	92	127236	卖盘
13:49:33	13.85	0.02	56	77560	买盘
13:49:28	13.83	-0.02	501	692883	卖盘
13:49:22	13.85	-0.01	284	394378	卖盘
13:49:17	13.86	0.01	159	220374	买盘
13:49:13	13.85	-0.01	39	54015	卖盘
13:49:08	13.86	-0.01	707	979902	卖盘
13:49:03	13.87	0.01	160	221920	买盘
13:48:58	13.86	--	23	32279	买盘
13:48:53	13.86	--	370	512820	买盘
13:48:47	13.86	--	91	126126	买盘
13:48:43	13.86	-0.01	105	146514	卖盘
13:48:38	13.87	--	507	703611	买盘
13:48:31	13.87	--	179	248273	买盘
13:48:27	13.87	--	222	307914	买盘
13:48:23	13.87	--	341	472967	买盘
13:48:17	13.87	--	220	305140	买盘
13:48:12	13.87	0.01	32	44384	中性盘
13:48:08	13.86	--	542	751212	卖盘
13:48:02	13.86	--	608	842688	卖盘
13:47:58	13.86	--	97	134442	卖盘
13:47:52	13.86	--	445	616770	卖盘
13:47:47	13.86	0.01	1008	1398418	买盘
13:47:43	13.85	--	21	29085	卖盘
13:47:38	13.85	--	196	271460	卖盘
13:47:32	13.85	--	442	612170	买盘
13:47:28	13.85	--	103	142655	买盘
13:47:22	13.85	--	53	73405	买盘
13:47:17	13.85	--	289	400265	买盘
13:47:13	13.85	--	127	175895	买盘
13:47:08	13.85	--	100	138500	买盘
13:47:02	13.85	--	1027	1422395	买盘
13:46:57	13.85	--	228	315780	买盘
13:46:52	13.85	--	474	656490	买盘
13:46:47	13.85	0.01	318	440430	买盘
13:46:42	13.84	-0.01	125	173000	中性盘
13:46:37	13.85	0.02	637	882245	买盘
13:46:32	13.83	-0.01	9	12447	中性盘
13:46:26	13.84	0.02	75	103800	买盘
13:46:22	13.82	-0.01	200	276400	卖盘
13:46:17	13.83	-0.01	20	27660	买盘
13:46:12	13.84	0.02	331	458104	买盘
13:46:07	13.82	--	71	98122	卖盘
13:46:02	13.82	--	242	334444	卖盘
13:45:57	13.82	--	184	254288	买盘
13:45:52	13.82	--	10	13820	买盘
13:45:47	13.82	--	183	252906	买盘
13:45:42	13.82	--	75	103650	买盘
13:45:37	13.82	--	10	13820	买盘
13:45:32	13.82	--	39	53898	买盘
13:45:27	13.82	0.01	112	154784	买盘
13:45:23	13.81	-0.01	216	298296	卖盘
13:45:17	13.82	0.01	147	203154	买盘
13:45:12	13.81	--	10	13810	卖盘
13:45:07	13.81	--	13	17953	卖盘
13:45:01	13.81	--	11	15191	卖盘
13:44:57	13.81	--	223	307963	买盘
13:44:52	13.81	--	178	245818	买盘
13:44:46	13.81	0.01	11	15191	买盘
13:44:42	13.8	--	143	197340	卖盘
13:44:37	13.8	--	5	6900	卖盘
13:44:32	13.8	--	86	118680	买盘
13:44:26	13.8	--	172	237360	买盘
13:44:22	13.8	--	99	136620	买盘
13:44:16	13.8	--	101	139380	买盘
13:44:12	13.8	--	47	64860	买盘
13:44:01	13.8	--	48	66240	买盘
13:43:57	13.8	0.01	18	24840	买盘
13:43:52	13.79	--	6	8274	卖盘
13:43:46	13.79	--	46	63433	买盘
13:43:42	13.79	--	38	52402	买盘
13:43:37	13.79	--	61	84119	卖盘
13:43:32	13.79	--	75	103425	买盘
13:43:26	13.79	--	18	24822	买盘
13:43:22	13.79	--	6	8274	买盘
13:43:17	13.79	0.01	156	215124	买盘
13:43:12	13.78	--	4	5512	卖盘
13:43:07	13.78	-0.01	5	6890	卖盘
13:43:02	13.79	0.01	21	28959	买盘
13:42:57	13.78	--	42	57876	卖盘
13:42:47	13.78	--	74	101972	卖盘
13:42:42	13.78	--	29	39962	卖盘
13:42:37	13.78	--	85	117130	卖盘
13:42:31	13.78	--	4	5512	卖盘
13:42:22	13.78	0.01	222	306605	买盘
13:42:16	13.77	--	56	77112	卖盘
13:42:11	13.77	--	101	139077	卖盘
13:42:01	13.77	--	17	23409	卖盘
13:41:55	13.77	-0.01	37	50949	卖盘
13:41:52	13.78	0.01	51	70278	买盘
13:41:46	13.77	--	51	70227	卖盘
13:41:40	13.77	--	13	17901	卖盘
13:41:37	13.77	-0.01	300	413100	卖盘
13:41:31	13.78	0.01	20	27560	买盘
13:41:25	13.77	-0.01	4	5508	卖盘
13:41:22	13.78	--	20	27560	买盘
13:41:17	13.78	0.01	160	220480	买盘
13:41:10	13.77	-0.01	352	485392	卖盘
13:41:07	13.78	-0.01	5	6890	卖盘
13:41:02	13.79	0.01	98	135142	买盘
13:40:56	13.78	-0.01	162	223236	卖盘
13:40:52	13.79	0.01	10	13790	买盘
13:40:46	13.78	-0.01	219	302471	卖盘
13:40:40	13.79	--	159	220626	卖盘
13:40:36	13.79	--	60	82740	卖盘
13:40:32	13.79	-0.01	120	165480	卖盘
13:40:26	13.8	--	288	397440	买盘
13:40:22	13.8	0.01	14	19320	买盘
13:40:17	13.79	-0.01	40	55160	卖盘
13:40:11	13.8	--	24	33120	买盘
13:40:06	13.8	-0.01	38	52440	卖盘
13:40:02	13.81	0.01	11	15191	买盘
13:39:55	13.8	-0.01	33	45540	买盘
13:39:51	13.81	--	460	635260	买盘
13:39:46	13.81	0.01	375	517875	买盘
13:39:40	13.8	--	773	1066740	卖盘
13:39:36	13.8	--	158	218040	卖盘
13:39:31	13.8	-0.01	42	57960	卖盘
13:39:25	13.81	0.01	38	52478	买盘
13:39:21	13.8	-0.01	74	102120	卖盘
13:39:16	13.81	--	0	0	买盘
13:39:10	13.81	0.01	123	169863	买盘
13:39:06	13.8	-0.01	135	186300	卖盘
13:39:01	13.81	0.01	255	352155	买盘
13:38:55	13.8	--	7	9660	卖盘
13:38:51	13.8	--	52	71760	买盘
13:38:46	13.8	0.01	114	157320	买盘
13:38:40	13.79	-0.01	124	170996	卖盘
13:38:36	13.8	--	2	2760	买盘
13:38:25	13.8	--	143	197340	买盘
13:38:20	13.8	0.01	23	31740	买盘
13:38:16	13.79	-0.01	54	74466	卖盘
13:38:11	13.8	--	176	242880	买盘
13:38:06	13.8	0.01	64	88320	买盘
13:38:01	13.79	-0.01	5	6895	卖盘
13:37:55	13.8	--	111	153180	买盘
13:37:51	13.8	--	21	28980	买盘
13:37:46	13.8	--	9	12420	买盘
13:37:41	13.8	--	56	77280	买盘
13:37:36	13.8	--	96	132480	买盘
13:37:26	13.8	--	27	37260	买盘
13:37:20	13.8	0.01	161	222193	买盘
13:37:16	13.79	--	86	119959	卖盘
13:37:10	13.79	-0.01	104	143416	卖盘
13:37:06	13.8	0.01	20	27600	买盘
13:37:01	13.79	-0.01	22	30337	卖盘
13:36:55	13.8	--	93	128340	买盘
13:36:51	13.8	0.01	9	12420	买盘
13:36:46	13.79	--	26	35854	卖盘
13:36:41	13.79	--	10	13790	卖盘
13:36:31	13.79	--	7	9653	卖盘
13:36:26	13.79	0.01	303	417850	买盘
13:36:20	13.78	-0.01	18	24804	卖盘
13:36:11	13.79	0.01	116	159964	买盘
13:36:06	13.78	-0.01	12	16536	卖盘
13:35:50	13.79	--	7	9653	买盘
13:35:46	13.79	0.02	46	63433	买盘
13:35:40	13.77	-0.01	54	74358	卖盘
13:35:36	13.78	0.01	122	168116	中性盘
13:35:31	13.77	-0.01	39	53703	卖盘
13:35:25	13.78	0.01	54	74412	买盘
13:35:21	13.77	-0.02	73	100521	卖盘
13:35:16	13.79	--	4	5516	买盘
13:35:11	13.79	0.02	7	9653	买盘
13:35:05	13.77	-0.01	243	334611	卖盘
13:35:01	13.78	-0.01	98	135044	卖盘
13:34:56	13.79	--	45	62054	买盘
13:34:50	13.79	--	201	277179	买盘
13:34:40	13.79	--	122	168238	买盘
13:34:35	13.79	--	10	13790	买盘
13:34:31	13.79	-0.01	265	365435	卖盘
13:34:26	13.8	0.01	78	107640	买盘
13:34:20	13.79	--	33	45507	卖盘
13:34:11	13.79	-0.01	23	31716	卖盘
13:34:05	13.8	0.01	115	158700	买盘
13:34:01	13.79	-0.01	30	41370	卖盘
13:33:56	13.8	0.01	205	282900	买盘
13:33:50	13.79	--	31	42749	卖盘
13:33:45	13.79	--	18	24822	买盘
13:33:41	13.79	-0.01	220	303380	卖盘
13:33:35	13.8	--	15	20700	买盘
13:33:31	13.8	--	25	34500	买盘
13:33:25	13.8	--	18	24840	买盘
13:33:20	13.8	--	134	184920	买盘
13:33:14	13.8	--	5	6900	买盘
13:33:11	13.8	--	136	187680	买盘
13:33:04	13.8	0.01	1	1380	买盘
13:32:55	13.79	0.01	97	133763	买盘
13:32:50	13.78	-0.01	50	68900	卖盘
13:32:45	13.79	--	100	137900	买盘
13:32:35	13.79	0.01	36	49644	买盘
13:32:30	13.78	--	32	44096	卖盘
13:32:19	13.78	0.01	1	1378	卖盘
13:32:15	13.77	--	157	217538	卖盘
13:32:05	13.77	--	183	251991	卖盘
13:32:00	13.77	--	548	754596	卖盘
13:31:45	13.77	--	429	590733	买盘
13:31:34	13.77	0.01	30	41310	买盘
13:31:30	13.76	--	13	18314	买盘
13:31:25	13.76	--	58	79808	买盘
13:31:20	13.76	--	56	77056	买盘
13:31:15	13.76	--	488	672176	买盘
13:30:59	13.76	0.01	93	128656	买盘
13:30:55	13.75	--	46	63250	买盘
13:30:49	13.75	--	8	11000	买盘
13:30:45	13.75	--	41	56375	买盘
13:30:40	13.75	0.01	17	23375	买盘
13:30:34	13.74	--	147	201978	卖盘
13:30:30	13.74	-0.01	25	34350	卖盘
13:30:25	13.75	--	8	11000	买盘
13:30:20	13.75	0.01	65	89375	买盘
13:30:15	13.74	--	36	49464	买盘
13:30:10	13.74	-0.01	302	414948	卖盘
13:30:04	13.75	0.01	105	144375	买盘
13:30:00	13.74	--	33	45342	卖盘
13:29:49	13.74	-0.01	10	13740	卖盘
13:29:45	13.75	--	10	13750	买盘
13:29:40	13.75	0.01	1	1375	买盘
13:29:35	13.74	--	87	119538	卖盘
13:29:30	13.74	--	269	369606	卖盘
13:29:25	13.74	-0.01	10	13740	卖盘
13:29:20	13.75	0.02	126	173250	买盘
13:29:15	13.73	--	7	9611	卖盘
13:29:10	13.73	--	4	5492	卖盘
13:29:05	13.73	--	1	1373	卖盘
13:29:00	13.73	-0.01	340	466820	卖盘
13:28:55	13.74	--	18	24732	买盘
13:28:50	13.74	0.01	32	43968	中性盘
13:28:44	13.73	-0.02	110	151030	卖盘
13:28:40	13.75	0.01	28	38500	买盘
13:28:35	13.74	-0.01	40	54960	卖盘
13:28:30	13.75	--	317	435875	卖盘
13:28:25	13.75	--	317	435875	卖盘
13:28:19	13.75	--	227	312125	买盘
13:28:14	13.75	--	48	66000	买盘
13:28:10	13.75	--	20	27500	买盘
13:28:03	13.75	-0.01	181	248875	卖盘
13:27:58	13.76	0.01	68	93568	买盘
13:27:54	13.75	-0.01	122	168011	卖盘
13:27:49	13.76	--	6	8256	卖盘
13:27:43	13.76	--	24	33024	卖盘
13:27:39	13.76	--	2	2752	卖盘
13:27:34	13.76	--	576	793690	买盘
13:27:29	13.76	--	23	31648	买盘
13:27:25	13.76	--	28	38528	买盘
13:27:19	13.76	0.01	5	6880	买盘
13:27:14	13.75	-0.01	44	60500	卖盘
13:27:10	13.76	--	10	13760	买盘
13:27:05	13.76	-0.01	106	146117	卖盘
13:26:58	13.77	0.01	150	206550	买盘
13:26:55	13.76	--	7	9632	卖盘
13:26:49	13.76	-0.01	398	547648	卖盘
13:26:44	13.77	--	50	68850	卖盘
13:26:40	13.77	--	2	2754	卖盘
13:26:34	13.77	--	6	8262	卖盘
13:26:29	13.77	-0.01	60	82620	卖盘
13:26:24	13.78	--	10	13780	买盘
13:26:19	13.78	--	37	50986	买盘
13:26:13	13.78	--	123	169494	买盘
13:26:09	13.78	--	4	5512	买盘
13:26:05	13.78	--	121	166765	卖盘
13:25:58	13.78	--	119	163982	卖盘
13:25:50	13.78	--	57	79896	买盘
13:25:43	13.78	--	261	359658	买盘
13:25:39	13.78	--	100	137800	买盘
13:25:34	13.78	--	11	15185	卖盘
13:25:28	13.78	--	383	527774	卖盘
13:25:24	13.78	-0.01	17	23426	卖盘
13:25:19	13.79	0.01	94	129625	买盘
13:25:14	13.78	-0.01	132	181896	卖盘
13:25:09	13.79	--	101	139279	买盘
13:25:04	13.79	--	10	13790	买盘
13:24:58	13.79	--	13	17927	卖盘
13:24:54	13.79	--	38	53753	卖盘
13:24:49	13.79	--	13	17927	卖盘
13:24:43	13.79	0.01	30	41370	中性盘
13:24:39	13.78	-0.01	13	17914	卖盘
13:24:34	13.79	--	26	35854	买盘
13:24:28	13.79	--	6	8274	买盘
13:24:24	13.79	--	57	78603	买盘
13:24:19	13.79	-0.01	36	49644	卖盘
13:24:13	13.8	0.01	58	80040	买盘
13:24:09	13.79	-0.01	121	166859	卖盘
13:24:04	13.8	0.01	45	62100	买盘
13:23:59	13.79	--	33	45507	卖盘
13:23:54	13.79	--	91	125488	卖盘
13:23:49	13.79	--	21	28959	卖盘
13:23:44	13.79	0.01	67	92393	买盘
13:23:39	13.78	--	180	248040	卖盘
13:23:34	13.78	-0.01	1	1378	卖盘
13:23:28	13.79	0.01	87	119972	买盘
13:23:24	13.78	--	151	208078	卖盘
13:23:19	13.78	--	6	8268	卖盘
13:23:13	13.78	-0.02	5	6890	卖盘
13:23:08	13.8	--	124	171120	买盘
13:22:59	13.8	--	61	84180	买盘
13:22:54	13.8	--	15	20700	买盘
13:22:49	13.8	--	26	35880	卖盘
13:22:43	13.8	-0.01	37	51060	卖盘
13:22:39	13.81	0.01	118	162958	买盘
13:22:34	13.8	-0.01	5	6900	卖盘
13:22:28	13.81	0.01	56	77336	买盘
13:22:23	13.8	-0.01	12	16560	买盘
13:22:19	13.81	--	217	299677	买盘
13:22:14	13.81	--	312	430872	买盘
13:22:08	13.81	-0.01	930	1284330	买盘
13:21:58	13.82	--	40	55280	买盘
13:21:54	13.82	--	609	841638	买盘
13:21:49	13.82	--	1	1382	买盘
13:21:44	13.82	--	253	349646	卖盘
13:21:39	13.82	--	25	34550	卖盘
13:21:34	13.82	--	8	11056	卖盘
13:21:28	13.82	--	73	100886	买盘
13:21:22	13.82	--	96	132672	买盘
13:21:18	13.82	--	7	9674	卖盘
13:21:13	13.82	-0.01	48	66336	卖盘
13:21:08	13.83	0.01	170	235110	买盘
13:21:03	13.82	--	54	74628	卖盘
13:20:58	13.82	--	27	37314	卖盘
13:20:53	13.82	--	83	114706	卖盘
13:20:49	13.82	0.01	10	13820	买盘
13:20:43	13.81	--	227	313487	卖盘
13:20:38	13.81	-0.01	147	203007	卖盘
13:20:33	13.82	0.01	35	48370	买盘
13:20:29	13.81	-0.01	324	447444	卖盘
13:20:19	13.82	0.01	10	13820	买盘
13:20:13	13.81	-0.02	104	143624	卖盘
13:20:08	13.83	0.01	98	135534	买盘
13:20:03	13.82	-0.01	28	38696	卖盘
13:19:58	13.83	--	162	224046	买盘
13:19:52	13.83	--	72	99576	买盘
13:19:49	13.83	--	105	145215	买盘
13:19:44	13.83	--	81	112023	买盘
13:19:38	13.83	--	184	254956	卖盘
13:19:33	13.83	--	505	698415	卖盘
13:19:28	13.83	--	15	20745	卖盘
13:19:23	13.83	--	329	455905	买盘
13:19:18	13.83	--	118	163194	买盘
13:19:13	13.83	--	552	763900	卖盘
13:19:08	13.83	--	713	986079	卖盘
13:19:03	13.83	-0.01	5	6915	卖盘
13:18:59	13.84	0.01	370	512979	买盘
13:18:52	13.83	--	64	88512	买盘
13:18:48	13.83	--	191	264153	买盘
13:18:43	13.83	0.01	20	27660	买盘
13:18:38	13.82	--	272	375904	卖盘
13:18:33	13.82	-0.01	171	236322	中性盘
13:18:28	13.83	--	25	34575	买盘
13:18:23	13.83	0.01	204	282132	买盘
13:18:18	13.82	0.02	366	505812	买盘
13:18:13	13.8	--	705	972900	卖盘
13:18:08	13.8	--	199	274620	卖盘
13:17:58	13.8	--	2	2760	卖盘
13:17:53	13.8	--	223	307740	买盘
13:17:48	13.8	--	33	45540	买盘
13:17:43	13.8	--	32	44160	卖盘
13:17:37	13.8	--	6	8280	卖盘
13:17:33	13.8	--	123	169740	卖盘
13:17:28	13.8	--	259	357420	买盘
13:17:23	13.8	0.01	23	31740	买盘
13:17:18	13.79	-0.01	195	268905	卖盘
13:17:13	13.8	--	60	82800	买盘
13:17:08	13.8	--	22	30360	买盘
13:17:03	13.8	--	71	97980	买盘
13:16:53	13.8	--	53	73140	买盘
13:16:43	13.8	--	41	56580	买盘
13:16:37	13.8	0.01	12	16560	买盘
13:16:33	13.79	--	89	122730	卖盘
13:16:28	13.79	-0.01	2	2758	卖盘
13:16:22	13.8	--	36	49680	买盘
13:16:18	13.8	--	133	183540	买盘
13:16:13	13.8	--	64	88320	买盘
13:16:08	13.8	--	118	162840	买盘
13:16:03	13.8	0.01	197	271860	买盘
13:15:58	13.79	--	58	79982	卖盘
13:15:53	13.79	--	148	204092	卖盘
13:15:48	13.79	-0.01	12	16548	卖盘
13:15:38	13.8	--	316	436080	买盘
13:15:33	13.8	0.01	103	142140	买盘
13:15:28	13.79	-0.01	300	413700	卖盘
13:15:22	13.8	--	8	11040	买盘
13:15:18	13.8	--	145	200100	买盘
13:15:13	13.8	--	7	9660	买盘
13:15:08	13.8	0.01	94	129720	买盘
13:15:03	13.79	-0.01	3	4137	卖盘
13:14:53	13.8	0.01	26	35880	买盘
13:14:48	13.79	-0.01	10	13790	卖盘
13:14:43	13.8	--	23	31740	买盘
13:14:37	13.8	--	17	23460	买盘
13:14:32	13.8	0.01	162	223560	买盘
13:14:28	13.79	-0.01	69	95151	卖盘
13:14:22	13.8	0.01	218	300840	买盘
13:14:17	13.79	-0.01	80	110320	卖盘
13:14:08	13.8	0.01	11	15180	中性盘
13:14:02	13.79	-0.01	361	497818	卖盘
13:13:57	13.8	0.01	22	30360	买盘
13:13:52	13.79	-0.01	55	75845	卖盘
13:13:47	13.8	0.01	32	44160	买盘
13:13:42	13.79	0.01	16	22064	买盘
13:13:37	13.78	-0.01	284	391352	卖盘
13:13:32	13.79	--	12	16548	买盘
13:13:27	13.79	--	101	139279	买盘
13:13:22	13.79	0.01	38	52402	买盘
13:13:17	13.78	--	231	319296	卖盘
13:13:12	13.78	--	70	96460	卖盘
13:13:07	13.78	--	94	129532	卖盘
13:13:02	13.78	--	181	249418	卖盘
13:12:57	13.78	-0.01	85	117130	卖盘
13:12:52	13.79	0.01	114	157206	买盘
13:12:47	13.78	-0.01	123	169494	卖盘
13:12:42	13.79	--	140	193060	买盘
13:12:38	13.79	--	351	484028	买盘
13:12:32	13.79	-0.01	265	365435	卖盘
13:12:27	13.8	-0.01	26	35880	卖盘
13:12:23	13.81	--	91	125671	买盘
13:12:17	13.81	--	394	544114	买盘
13:12:12	13.81	--	45	62145	买盘
13:12:08	13.81	-0.01	183	252723	卖盘
13:12:02	13.82	--	208	287456	买盘
13:11:57	13.82	0.01	160	221120	买盘
13:11:52	13.81	--	71	98051	卖盘
13:11:46	13.81	--	6	8286	卖盘
13:11:42	13.81	--	81	111861	买盘
13:11:37	13.81	--	7	9667	买盘
13:11:32	13.81	--	66	91146	买盘
13:11:27	13.81	0.01	130	179530	中性盘
13:11:22	13.8	-0.01	404	557520	卖盘
13:11:17	13.81	0.01	98	135338	买盘
13:11:12	13.8	--	3	4140	卖盘
13:11:01	13.8	0.01	105	144913	买盘
13:10:57	13.79	-0.01	25	34475	卖盘
13:10:52	13.8	0.01	14	19320	买盘
13:10:47	13.79	-0.01	55	75845	卖盘
13:10:41	13.8	0.01	144	198720	买盘
13:10:37	13.79	0.01	2	2758	中性盘
13:10:31	13.78	--	761	1048658	卖盘
13:10:27	13.78	--	119	163982	卖盘
13:10:17	13.78	--	190	261820	卖盘
13:10:12	13.78	-0.01	26	35828	卖盘
13:10:07	13.79	0.01	55	75845	买盘
13:10:02	13.78	-0.01	41	56498	卖盘
13:09:57	13.79	--	72	99288	买盘
13:09:52	13.79	0.01	62	85498	买盘
13:09:46	13.78	-0.01	89	122642	卖盘
13:09:42	13.79	0.01	103	142037	买盘
13:09:37	13.78	--	17	23426	买盘
13:09:32	13.78	--	279	384462	买盘
13:09:27	13.78	--	16	22048	买盘
13:09:22	13.78	--	107	147446	买盘
13:09:16	13.78	--	307	423046	买盘
13:09:12	13.78	--	84	115752	买盘
13:09:07	13.78	--	49	67522	买盘
13:09:02	13.78	--	62	85436	买盘
13:08:57	13.78	--	145	199810	买盘
13:08:52	13.78	--	55	75790	买盘
13:08:47	13.78	--	22	30316	买盘
13:08:41	13.78	--	68	93704	卖盘
13:08:37	13.78	-0.01	29	39962	卖盘
13:08:31	13.79	--	194	267526	买盘
13:08:27	13.79	0.01	21	28959	买盘
13:08:22	13.78	--	218	301520	买盘
13:08:16	13.78	-0.01	115	159834	卖盘
13:08:12	13.79	0.01	121	166872	买盘
13:08:07	13.78	--	51	70278	卖盘
13:08:01	13.78	-0.01	60	82680	卖盘
13:07:55	13.79	--	45	62054	买盘
13:07:46	13.79	-0.01	203	279937	卖盘
13:07:40	13.8	0.01	14	19320	买盘
13:07:36	13.79	--	10	13790	卖盘
13:07:32	13.79	0.01	107	147553	买盘
13:07:26	13.78	--	141	194298	卖盘
13:07:16	13.78	-0.01	74	101972	卖盘
13:07:11	13.79	-0.01	125	172375	卖盘
13:07:07	13.8	--	144	198720	买盘
13:07:02	13.8	-0.01	459	633420	卖盘
13:06:56	13.81	--	325	448825	买盘
13:06:51	13.81	--	64	88384	买盘
13:06:47	13.81	-0.01	154	212674	卖盘
13:06:41	13.82	0.01	271	374522	买盘
13:06:36	13.81	--	75	103575	买盘
13:06:31	13.81	--	240	331440	买盘
13:06:25	13.81	--	64	88384	买盘
13:06:21	13.81	-0.01	94	129814	买盘
13:06:16	13.82	--	632	873686	买盘
13:06:11	13.82	--	94	129908	买盘
13:06:07	13.82	0.01	124	171368	买盘
13:06:01	13.81	--	38	52478	卖盘
13:05:56	13.81	--	94	130932	买盘
13:05:51	13.81	0.01	267	368727	买盘
13:05:46	13.8	--	663	915202	卖盘
13:05:40	13.8	--	168	231840	卖盘
13:05:35	13.8	--	27	37260	卖盘
13:05:31	13.8	--	606	836280	卖盘
13:05:25	13.8	0.01	419	579337	买盘
13:05:21	13.79	-0.01	372	512987	卖盘
13:05:16	13.8	--	72	99360	买盘
13:05:11	13.8	0.01	94	129720	买盘
13:05:06	13.79	-0.01	103	142037	卖盘
13:04:55	13.8	0.01	221	304980	买盘
13:04:51	13.79	--	291	401289	买盘
13:04:46	13.79	0.01	113	155827	买盘
13:04:41	13.78	--	472	650416	卖盘
13:04:36	13.78	-0.01	455	626990	卖盘
13:04:31	13.79	0.01	263	362677	买盘
13:04:25	13.78	-0.01	174	239772	卖盘
13:04:21	13.79	--	15	20685	买盘
13:04:10	13.79	0.01	81	111699	买盘
13:04:05	13.78	0.01	161	221858	买盘
13:04:01	13.77	0.01	20	27540	买盘
13:03:55	13.76	-0.01	67	92192	卖盘
13:03:50	13.77	-0.01	149	205173	买盘
13:03:46	13.78	--	0	0	买盘
13:03:40	13.78	0.02	110	151580	买盘
13:03:35	13.76	0.01	30	41280	中性盘
13:03:31	13.75	-0.01	55	75625	卖盘
13:03:26	13.76	-0.01	91	125216	卖盘
13:03:20	13.77	0.01	113	155601	买盘
13:03:16	13.76	-0.01	114	156864	卖盘
13:03:11	13.77	-0.01	45	61965	卖盘
13:03:06	13.78	0.01	23	31694	买盘
13:03:01	13.77	-0.01	41	56457	卖盘
13:02:56	13.78	0.01	59	81302	买盘
13:02:50	13.77	-0.01	105	144585	卖盘
13:02:46	13.78	--	50	68900	买盘
13:02:40	13.78	--	82	112996	买盘
13:02:35	13.78	-0.01	220	303160	卖盘
13:02:31	13.79	0.01	27	37233	买盘
13:02:26	13.78	-0.01	239	329342	卖盘
13:02:21	13.79	--	241	332339	买盘
13:02:16	13.79	--	31	42749	买盘
13:02:10	13.79	--	86	118593	卖盘
13:02:06	13.79	--	353	486786	买盘
13:02:01	13.79	0.02	84	115836	买盘
13:01:55	13.77	-0.02	505	695385	卖盘
13:01:50	13.79	0.01	292	402668	买盘
13:01:46	13.78	0.01	9	12402	买盘
13:01:40	13.77	--	50	68850	买盘
13:01:36	13.77	--	51	70227	买盘
13:01:31	13.77	0.02	83	114291	买盘
13:01:25	13.75	-0.02	154	211750	中性盘
13:01:21	13.77	0.02	287	395199	买盘
13:01:16	13.75	--	10	13750	买盘
13:01:10	13.75	0.02	168	231962	买盘
13:01:05	13.73	--	80	109840	买盘
13:01:00	13.73	0.01	96	131808	买盘
13:00:56	13.72	-0.01	162	222264	卖盘
13:00:50	13.73	--	259	355607	买盘
13:00:44	13.73	--	14	19222	买盘
13:00:40	13.73	0.01	363	498399	买盘
13:00:30	13.72	--	15	20580	买盘
13:00:25	13.72	0.03	128	175616	买盘
13:00:19	13.69	-0.02	100	136900	卖盘
13:00:15	13.71	-0.01	19	26049	中性盘
13:00:10	13.72	0.01	56	76832	买盘
13:00:05	13.71	0.03	1841	2525148	买盘
11:30:00	13.68	--	0	0	买盘
11:29:59	13.68	0.01	69	94392	买盘
11:29:46	13.67	-0.01	35	47845	卖盘
11:29:41	13.68	--	23	31464	买盘
11:29:26	13.68	0.01	5	6840	买盘
11:29:12	13.67	-0.01	5	6835	中性盘
11:29:07	13.68	0.02	1	1368	买盘
11:29:01	13.66	-0.02	101	137966	卖盘
11:28:56	13.68	0.01	62	84816	买盘
11:28:46	13.67	0.01	5	6835	买盘
11:28:41	13.66	-0.01	27	36882	卖盘
11:28:31	13.67	-0.01	5	6835	中性盘
11:28:27	13.68	0.01	86	117648	买盘
11:28:22	13.67	--	3	4101	卖盘
11:28:16	13.67	--	31	42377	卖盘
11:28:12	13.67	--	78	106626	买盘
11:28:01	13.67	--	5	6835	买盘
11:27:56	13.67	--	120	164040	买盘
11:27:52	13.67	--	11	15037	买盘
11:27:46	13.67	--	10	13670	买盘
11:27:40	13.67	--	40	54680	买盘
11:27:31	13.67	-0.01	48	65616	卖盘
11:27:25	13.68	--	67	91656	买盘
11:27:21	13.68	-0.01	112	153216	中性盘
11:27:16	13.69	0.02	32	43808	买盘
11:27:10	13.67	--	31	42377	卖盘
11:27:06	13.67	--	199	272033	卖盘
11:27:01	13.67	--	26	35542	买盘
11:26:55	13.67	--	47	64249	买盘
11:26:46	13.67	0.01	65	88855	买盘
11:26:40	13.66	--	1	1366	买盘
11:26:36	13.66	0.01	8	10928	买盘
11:26:25	13.65	--	108	147420	买盘
11:26:21	13.65	--	12	16380	买盘
11:26:16	13.65	0.01	8	10920	买盘
11:26:10	13.64	-0.01	56	76384	卖盘
11:26:01	13.65	0.01	10	13650	买盘
11:25:55	13.64	--	1159	1580876	买盘
11:25:52	13.64	--	5	6820	买盘
11:25:46	13.64	--	41	55924	买盘
11:25:40	13.64	--	75	102300	买盘
11:25:36	13.64	--	50	68200	买盘
11:25:31	13.64	--	6	8184	买盘
11:25:25	13.64	0.01	8	10912	买盘
11:25:16	13.63	--	25	34075	卖盘
11:25:10	13.63	--	108	147204	买盘
11:25:06	13.63	0.01	10	13630	买盘
11:25:01	13.62	-0.01	10	13620	卖盘
11:24:55	13.63	0.01	160	218080	买盘
11:24:51	13.62	--	10	13620	卖盘
11:24:45	13.62	0.01	114	155268	买盘
11:24:40	13.61	--	10	13610	卖盘
11:24:31	13.61	0.01	95	129295	买盘
11:24:25	13.6	-0.01	50	68000	卖盘
11:24:21	13.61	--	644	876484	买盘
11:24:16	13.61	--	34	46274	买盘
11:24:10	13.61	--	52	70772	买盘
11:24:06	13.61	--	53	72133	买盘
11:24:01	13.61	0.01	143	194623	买盘
11:23:55	13.6	-0.01	179	243440	卖盘
11:23:51	13.61	0.01	5	6805	买盘
11:23:40	13.6	-0.01	10	13600	卖盘
11:23:36	13.61	0.01	91	123851	买盘
11:23:31	13.6	--	51	69360	买盘
11:23:25	13.6	--	192	261120	卖盘
11:23:19	13.6	--	7	9520	卖盘
11:23:16	13.6	-0.01	23	31280	卖盘
11:23:10	13.61	--	71	96631	买盘
11:23:06	13.61	0.01	150	204150	买盘
11:23:01	13.6	--	6	8160	买盘
11:22:55	13.6	-0.01	399	542640	卖盘
11:22:51	13.61	--	27	36747	卖盘
11:22:46	13.61	0.01	2	2722	买盘
11:22:40	13.6	--	304	413440	卖盘
11:22:35	13.6	--	132	179520	卖盘
11:22:31	13.6	--	141	191760	卖盘
11:22:25	13.6	--	46	62560	卖盘
11:22:20	13.6	--	273	371280	买盘
11:22:16	13.6	--	48	65280	买盘
11:22:10	13.6	0.01	53	72080	买盘
11:22:06	13.59	-0.01	37	50283	卖盘
11:22:01	13.6	0.01	4	5440	买盘
11:21:55	13.59	-0.01	184	250056	卖盘
11:21:51	13.6	0.01	29	39440	买盘
11:21:45	13.59	--	30	40770	卖盘
11:21:40	13.59	--	12	16308	卖盘
11:21:36	13.59	-0.01	139	188901	卖盘
11:21:31	13.6	--	47	63920	买盘
11:21:25	13.6	0.01	244	331840	买盘
11:21:19	13.59	-0.01	63	85617	卖盘
11:21:16	13.6	-0.01	81	110160	中性盘
11:21:10	13.61	0.01	13	17693	买盘
11:21:04	13.6	--	55	74800	卖盘
11:21:01	13.6	0.01	30	40800	买盘
11:20:55	13.59	-0.02	48	65232	卖盘
11:20:49	13.61	0.01	10	13610	买盘
11:20:45	13.6	--	100	136000	卖盘
11:20:40	13.6	--	59	80240	买盘
11:20:34	13.6	--	315	428400	卖盘
11:20:30	13.6	--	238	323680	卖盘
11:20:24	13.6	--	87	118320	卖盘
11:20:19	13.6	--	73	99280	卖盘
11:20:15	13.6	0.01	42	57120	买盘
11:20:10	13.59	--	45	61155	卖盘
11:20:04	13.59	-0.01	134	182106	卖盘
11:20:00	13.6	--	10	13600	卖盘
11:19:55	13.6	--	126	171360	买盘
11:19:49	13.6	--	432	587520	买盘
11:19:45	13.6	0.01	142	193120	买盘
11:19:40	13.59	--	208	282672	卖盘
11:19:34	13.59	-0.01	71	96489	卖盘
11:19:25	13.6	--	70	95200	买盘
11:19:19	13.6	--	28	38080	买盘
11:19:15	13.6	--	196	266560	卖盘
11:19:10	13.6	--	36	48960	卖盘
11:19:04	13.6	--	25	34000	卖盘
11:18:59	13.6	--	45	61200	卖盘
11:18:55	13.6	--	162	220320	买盘
11:18:49	13.6	--	112	152320	买盘
11:18:44	13.6	-0.01	19	25840	卖盘
11:18:40	13.61	0.01	25	34025	买盘
11:18:34	13.6	--	477	648720	卖盘
11:18:30	13.6	-0.01	1000	1360000	卖盘
11:18:25	13.61	--	253	344333	买盘
11:18:19	13.61	0.01	272	370192	买盘
11:18:14	13.6	-0.01	9	12240	卖盘
11:18:10	13.61	0.01	97	132017	买盘
11:18:04	13.6	--	499	678640	卖盘
11:18:00	13.6	--	55	74800	卖盘
11:17:55	13.6	--	62	84320	卖盘
11:17:49	13.6	--	63	85680	卖盘
11:17:45	13.6	-0.01	111	150960	卖盘
11:17:40	13.61	--	198	269478	卖盘
11:17:34	13.61	--	206	280366	卖盘
11:17:30	13.61	-0.01	710	966310	卖盘
11:17:25	13.62	0.01	108	147096	买盘
11:17:19	13.61	-0.01	115	156515	卖盘
11:17:14	13.62	--	19	25878	买盘
11:17:10	13.62	--	3	4085	买盘
11:17:04	13.62	--	136	185232	买盘
11:16:59	13.62	-0.01	165	224730	卖盘
11:16:55	13.63	--	20	27260	买盘
11:16:49	13.63	-0.01	19	25897	中性盘
11:16:45	13.64	0.01	779	1062556	买盘
11:16:40	13.63	-0.01	6	8178	卖盘
11:16:34	13.64	-0.01	129	175956	卖盘
11:16:29	13.65	0.01	2	2730	买盘
11:16:19	13.64	--	37	50468	卖盘
11:16:15	13.64	-0.01	26	35464	卖盘
11:16:10	13.65	--	86	117390	买盘
11:16:04	13.65	--	20	27300	买盘
11:16:00	13.65	--	3	4095	买盘
11:15:54	13.65	--	18	24570	买盘
11:15:49	13.65	--	47	64155	买盘
11:15:45	13.65	0.02	17	23205	买盘
11:15:40	13.63	--	24	32712	卖盘
11:15:34	13.63	-0.01	52	70876	卖盘
11:15:29	13.64	0.01	12	16368	中性盘
11:15:25	13.63	-0.01	125	170375	卖盘
11:15:19	13.64	--	29	39556	卖盘
11:15:15	13.64	--	27	36828	卖盘
11:15:09	13.64	--	29	39556	买盘
11:15:04	13.64	--	43	58652	买盘
11:14:59	13.64	--	14	19096	买盘
11:14:54	13.64	--	7	9548	买盘
11:14:49	13.64	--	90	122760	卖盘
11:14:43	13.64	-0.01	92	125488	卖盘
11:14:34	13.65	0.01	16	21840	买盘
11:14:28	13.64	--	276	376464	买盘
11:14:25	13.64	--	33	45012	买盘
11:14:19	13.64	0.01	14	19096	买盘
11:14:13	13.63	-0.01	70	95410	卖盘
11:14:08	13.64	0.01	175	238700	买盘
11:14:04	13.63	-0.01	129	175827	卖盘
11:13:58	13.64	0.01	80	109120	买盘
11:13:54	13.63	-0.01	202	275326	卖盘
11:13:49	13.64	0.01	263	358732	买盘
11:13:43	13.63	-0.01	59	80417	卖盘
11:13:38	13.64	0.02	12	16368	买盘
11:13:34	13.62	-0.01	44	59928	卖盘
11:13:27	13.63	-0.01	302	411626	卖盘
11:13:24	13.64	--	155	211420	买盘
11:13:19	13.64	0.01	49	66836	买盘
11:13:13	13.63	--	5	6815	买盘
11:13:09	13.63	0.01	5	6815	卖盘
11:13:04	13.62	-0.01	319	434478	卖盘
11:12:58	13.63	--	10	13630	买盘
11:12:54	13.63	--	32	43616	买盘
11:12:49	13.63	--	70	95410	买盘
11:12:43	13.63	--	66	89958	卖盘
11:12:39	13.63	--	100	136300	卖盘
11:12:34	13.63	--	58	79054	卖盘
11:12:28	13.63	-0.01	435	592905	卖盘
11:12:24	13.64	--	15	20460	买盘
11:12:19	13.64	--	31	42284	买盘
11:12:13	13.64	-0.01	65	88660	卖盘
11:12:09	13.65	0.01	5	6825	买盘
11:12:04	13.64	-0.01	203	276892	卖盘
11:11:58	13.65	0.01	94	128310	买盘
11:11:54	13.64	--	10	13640	买盘
11:11:49	13.64	-0.01	113	154132	卖盘
11:11:43	13.65	0.02	51	69615	买盘
11:11:37	13.63	-0.02	5	6815	卖盘
11:11:34	13.65	0.02	150	204750	买盘
11:11:28	13.63	-0.01	217	295771	卖盘
11:11:24	13.64	--	352	480128	买盘
11:11:19	13.64	0.01	42	57288	买盘
11:11:13	13.63	--	138	188094	卖盘
11:11:04	13.63	--	523	712849	卖盘
11:10:58	13.63	--	152	207176	买盘
11:10:54	13.63	0.01	114	155382	买盘
11:10:49	13.62	--	2	2724	卖盘
11:10:43	13.62	0.01	463	630606	中性盘
11:10:39	13.61	-0.01	339	461379	卖盘
11:10:34	13.62	0.01	90	122580	买盘
11:10:28	13.61	-0.01	357	485877	卖盘
11:10:23	13.62	0.01	295	401790	买盘
11:10:19	13.61	--	1241	1689001	买盘
11:10:13	13.61	--	134	182374	买盘
11:10:09	13.61	--	83	112963	卖盘
11:10:04	13.61	-0.01	290	394690	卖盘
11:09:58	13.62	-0.01	368	501216	买盘
11:09:54	13.63	--	1123	1530649	买盘
11:09:49	13.63	--	12	16356	买盘
11:09:43	13.63	--	383	522029	卖盘
11:09:39	13.63	-0.01	194	264422	卖盘
11:09:34	13.64	--	14	19096	买盘
11:09:28	13.64	--	199	271436	卖盘
11:09:23	13.64	-0.02	631	860684	卖盘
11:09:19	13.66	--	6	8196	买盘
11:09:13	13.66	--	309	422681	卖盘
11:09:07	13.66	--	201	275344	卖盘
11:09:04	13.66	0.01	60	81960	卖盘
11:08:58	13.65	-0.02	1151	1571115	卖盘
11:08:52	13.67	0.01	261	356787	买盘
11:08:43	13.66	-0.01	11	15026	卖盘
11:08:38	13.67	--	12	16404	买盘
11:08:34	13.67	--	102	139434	卖盘
11:08:28	13.67	--	26	35542	卖盘
11:08:23	13.67	-0.01	65	88855	卖盘
11:08:19	13.68	0.01	5	6840	买盘
11:08:13	13.67	--	53	72451	买盘
11:08:07	13.67	--	117	159939	买盘
11:08:04	13.67	-0.01	2	2734	中性盘
11:07:58	13.68	0.01	434	594300	买盘
11:07:52	13.67	-0.01	60	82020	卖盘
11:07:49	13.68	--	11	15048	买盘
11:07:43	13.68	--	4	5472	买盘
11:07:37	13.68	--	102	139536	卖盘
11:07:33	13.68	-0.01	50	68400	卖盘
11:07:28	13.69	--	115	157435	买盘
11:07:22	13.69	0.01	32	43808	买盘
11:07:13	13.68	--	28	38304	卖盘
11:07:07	13.68	--	80	109440	卖盘
11:07:03	13.68	-0.01	15	20520	卖盘
11:06:58	13.69	0.01	45	61605	买盘
11:06:52	13.68	--	127	173736	卖盘
11:06:48	13.68	--	20	27360	卖盘
11:06:43	13.68	--	42	57456	卖盘
11:06:37	13.68	--	204	279072	卖盘
11:06:33	13.68	--	10	13680	卖盘
11:06:28	13.68	--	92	125856	买盘
11:06:22	13.68	0.01	93	127224	买盘
11:06:18	13.67	--	304	415568	卖盘
11:06:13	13.67	-0.01	36	49212	卖盘
11:06:07	13.68	--	283	387923	买盘
11:06:03	13.68	--	205	280440	买盘
11:05:58	13.68	--	16	21888	买盘
11:05:52	13.68	--	60	82080	买盘
11:05:47	13.68	-0.01	409	560100	卖盘
11:05:43	13.69	0.01	146	199874	买盘
11:05:37	13.68	-0.01	96	131328	卖盘
11:05:33	13.69	0.01	23	31487	买盘
11:05:28	13.68	-0.01	60	82080	卖盘
11:05:22	13.69	--	35	47915	中性盘
11:05:18	13.69	--	1	1369	买盘
11:05:13	13.69	--	47	64343	买盘
11:05:07	13.69	--	90	123210	买盘
11:05:01	13.69	--	89	121841	卖盘
11:04:58	13.69	-0.01	24	32856	卖盘
11:04:52	13.7	0.01	18	24660	买盘
11:04:47	13.69	-0.01	20	27380	卖盘
11:04:43	13.7	--	55	75350	买盘
11:04:37	13.7	0.01	43	58910	买盘
11:04:31	13.69	-0.01	40	54760	卖盘
11:04:28	13.7	0.01	57	78090	买盘
11:04:22	13.69	--	27	36963	卖盘
11:04:17	13.69	--	4	5476	卖盘
11:04:12	13.69	--	147	201243	买盘
11:04:07	13.69	--	124	169756	买盘
11:04:03	13.69	--	101	138269	买盘
11:03:58	13.69	0.01	1	1369	买盘
11:03:52	13.68	-0.01	61	83448	卖盘
11:03:47	13.69	--	74	101306	买盘
11:03:37	13.69	--	16	21904	买盘
11:03:33	13.69	-0.01	33	45177	卖盘
11:03:28	13.7	0.01	8	10960	买盘
11:03:22	13.69	--	11	15059	卖盘
11:03:18	13.69	-0.01	20	27380	中性盘
11:03:13	13.7	0.02	10	13700	买盘
11:03:07	13.68	-0.02	800	1094400	卖盘
11:03:02	13.7	-0.02	616	843920	卖盘
11:02:52	13.72	--	10	13720	买盘
11:02:48	13.72	--	0	0	卖盘
11:02:43	13.72	--	161	220892	卖盘
11:02:37	13.72	-0.01	154	211288	卖盘
11:02:32	13.73	0.01	44	60412	买盘
11:02:22	13.72	--	2	2744	卖盘
11:02:17	13.72	--	61	84172	卖盘
11:02:13	13.72	--	7	9604	卖盘
11:02:06	13.72	--	11	15092	卖盘
11:02:03	13.72	0.02	61	83692	买盘
11:01:58	13.7	-0.01	100	137000	卖盘
11:01:52	13.71	--	111	152181	卖盘
11:01:47	13.71	--	31	42501	卖盘
11:01:42	13.71	--	36	49356	卖盘
11:01:37	13.71	--	76	104196	卖盘
11:01:31	13.71	--	60	82260	卖盘
11:01:27	13.71	--	76	104196	卖盘
11:01:22	13.71	--	36	49356	买盘
11:01:12	13.71	--	61	83631	卖盘
11:01:07	13.71	--	30	41130	卖盘
11:01:01	13.71	--	20	27420	卖盘
11:00:56	13.71	0.01	6	8226	卖盘
11:00:52	13.7	--	0	0	卖盘
11:00:46	13.7	-0.03	67	91790	卖盘
11:00:37	13.73	0.02	500	686500	买盘
11:00:31	13.71	--	225	308475	买盘
11:00:27	13.71	--	120	164520	买盘
11:00:22	13.71	--	48	65808	买盘
11:00:07	13.71	-0.01	67	91857	卖盘
10:59:56	13.72	--	20	27440	买盘
10:59:52	13.72	--	31	42532	卖盘
10:59:46	13.72	--	10	13720	卖盘
10:59:41	13.72	--	131	179732	卖盘
10:59:37	13.72	--	60	82320	卖盘
10:59:31	13.72	--	25	34300	卖盘
10:59:27	13.72	--	124	170128	卖盘
10:59:22	13.72	--	39	53508	卖盘
10:59:16	13.72	--	50	68600	卖盘
10:59:12	13.72	0.01	167	229124	买盘
10:59:07	13.71	-0.01	10	13710	卖盘
10:58:52	13.72	--	586	803992	卖盘
10:58:46	13.72	-0.01	3	4116	卖盘
10:58:42	13.73	0.01	40	54920	买盘
10:58:37	13.72	--	149	204428	卖盘
10:58:31	13.72	--	242	332024	卖盘
10:58:26	13.72	--	103	141316	卖盘
10:58:22	13.72	-0.01	27	37044	卖盘
10:58:16	13.73	--	255	350115	买盘
10:58:07	13.73	--	9	12357	买盘
10:58:01	13.73	--	53	72769	买盘
10:57:57	13.73	0.02	37	50801	买盘
10:57:52	13.71	-0.02	167	228957	卖盘
10:57:46	13.73	--	50	68650	买盘
10:57:42	13.73	--	24	32952	买盘
10:57:37	13.73	0.01	96	133167	买盘
10:57:31	13.72	-0.01	123	168756	卖盘
10:57:27	13.73	--	17	23341	买盘
10:57:21	13.73	0.01	26	35698	买盘
10:57:16	13.72	-0.03	10	13720	卖盘
10:57:12	13.75	0.02	160	220000	买盘
10:57:07	13.73	-0.01	51	70023	卖盘
10:57:01	13.74	--	16	21984	中性盘
10:56:57	13.74	0.01	3	4122	买盘
10:56:52	13.73	-0.01	21	28833	卖盘
10:56:46	13.74	--	20	27480	买盘
10:56:42	13.74	0.01	3	4122	买盘
10:56:36	13.73	0.01	9	12357	卖盘
10:56:31	13.72	-0.01	135	185233	卖盘
10:56:27	13.73	--	20	27460	买盘
10:56:22	13.73	--	7	9611	买盘
10:56:16	13.73	-0.02	144	199071	卖盘
10:56:11	13.75	0.02	105	144375	买盘
10:56:07	13.73	--	137	188101	卖盘
10:55:56	13.73	--	174	238902	卖盘
10:55:52	13.73	--	200	274600	卖盘
10:55:42	13.73	0.01	192	263629	买盘
10:55:31	13.72	-0.01	50	68600	卖盘
10:55:25	13.73	--	76	104348	买盘
10:55:22	13.73	--	10	13730	买盘
10:55:16	13.73	--	102	140046	买盘
10:55:12	13.73	--	303	416019	买盘
10:55:07	13.73	--	11	15103	买盘
10:55:01	13.73	--	137	188101	买盘
10:54:55	13.73	--	15	20595	买盘
10:54:52	13.73	0.01	33	45309	买盘
10:54:37	13.72	0.01	4	5488	中性盘
10:54:31	13.71	-0.01	143	196053	卖盘
10:54:25	13.72	--	75	102900	买盘
10:54:22	13.72	--	35	48020	买盘
10:54:16	13.72	--	56	76832	买盘
10:54:10	13.72	--	10	13720	买盘
10:54:06	13.72	--	1	1372	买盘
10:54:01	13.72	0.01	300	411600	买盘
10:53:51	13.71	--	168	230328	买盘
10:53:46	13.71	--	13	17823	买盘
10:53:40	13.71	--	5	6855	买盘
10:53:35	13.71	0.01	2	2742	买盘
10:53:31	13.7	--	27	36990	买盘
10:53:25	13.7	--	4	5480	买盘
10:53:21	13.7	--	26	35620	买盘
10:53:16	13.7	0.01	62	84940	买盘
10:53:10	13.69	-0.01	121	166004	卖盘
10:53:06	13.7	--	108	147960	卖盘
10:52:55	13.7	0.01	31	42470	买盘
10:52:51	13.69	--	5	6845	卖盘
10:52:46	13.69	--	203	278249	买盘
10:52:40	13.69	--	73	99937	买盘
10:52:36	13.69	0.01	26	35594	买盘
10:52:31	13.68	-0.01	260	355680	卖盘
10:52:25	13.69	0.01	63	87492	买盘
10:52:20	13.68	-0.01	54	73872	卖盘
10:52:16	13.69	--	233	318977	买盘
10:52:10	13.69	0.01	111	151959	买盘
10:52:06	13.68	-0.01	17	23256	卖盘
10:52:01	13.69	--	68	93092	买盘
10:51:55	13.69	--	156	214590	卖盘
10:51:51	13.69	-0.01	206	282014	卖盘
10:51:46	13.7	0.01	129	177072	买盘
10:51:40	13.69	--	100	136900	卖盘
10:51:35	13.69	--	57	78033	卖盘
10:51:31	13.69	--	16	21904	卖盘
10:51:25	13.69	-0.01	9	12321	卖盘
10:51:16	13.7	--	12	16440	买盘
10:51:10	13.7	--	151	207897	卖盘
10:51:05	13.7	-0.01	141	193170	卖盘
10:51:01	13.71	--	21	28791	买盘
10:50:55	13.71	--	29	39759	买盘
10:50:51	13.71	0.01	13	17823	买盘
10:50:36	13.7	-0.01	62	84940	卖盘
10:50:31	13.71	--	20	27420	卖盘
10:50:25	13.71	--	53	72663	卖盘
10:50:20	13.71	--	9	12339	卖盘
10:50:16	13.71	--	37	50727	卖盘
10:50:10	13.71	--	48	65808	卖盘
10:50:05	13.71	--	28	38388	卖盘
10:49:55	13.71	--	69	94599	卖盘
10:49:50	13.71	--	49	67179	中性盘
10:49:40	13.71	-0.01	2	2742	卖盘
10:49:36	13.72	--	30	41160	卖盘
10:49:25	13.72	--	83	113876	买盘
10:49:20	13.72	0.02	135	185220	买盘
10:49:10	13.7	-0.01	85	116450	卖盘
10:49:05	13.71	--	10	13710	卖盘
10:49:01	13.71	-0.01	11	15081	卖盘
10:48:55	13.72	--	72	98784	买盘
10:48:51	13.72	--	70	96040	买盘
10:48:46	13.72	0.01	22	30184	买盘
10:48:40	13.71	--	20	27420	卖盘
10:48:34	13.71	-0.01	39	53469	中性盘
10:48:31	13.72	0.02	1	1372	买盘
10:48:19	13.7	--	63	86310	卖盘
10:48:16	13.7	--	15	20550	卖盘
10:48:10	13.7	-0.01	55	75350	卖盘
10:48:04	13.71	0.01	94	129216	买盘
10:48:01	13.7	--	10	13700	卖盘
10:47:54	13.7	0.01	19	26030	买盘
10:47:49	13.69	-0.01	275	376475	卖盘
10:47:46	13.7	--	27	36990	买盘
10:47:40	13.7	--	14	19180	买盘
10:47:34	13.7	--	39	53430	卖盘
10:47:30	13.7	--	23	31510	卖盘
10:47:25	13.7	0.01	12	16440	买盘
10:47:19	13.69	-0.01	516	706404	卖盘
10:47:14	13.7	0.01	20	27400	买盘
10:47:10	13.69	--	303	414807	卖盘
10:47:04	13.69	--	55	75295	卖盘
10:46:59	13.69	--	69	94461	卖盘
10:46:55	13.69	--	80	109520	中性盘
10:46:49	13.69	0.01	60	82140	中性盘
10:46:45	13.68	-0.02	12	16416	卖盘
10:46:40	13.7	0.01	214	293180	买盘
10:46:34	13.69	--	173	236837	卖盘
10:46:30	13.69	--	40	54760	卖盘
10:46:24	13.69	--	239	327191	卖盘
10:46:19	13.69	--	30	41070	卖盘
10:46:15	13.69	--	60	82140	卖盘
10:46:10	13.69	--	23	31487	买盘
10:46:04	13.69	-0.01	63	86247	买盘
10:46:00	13.7	0.02	8	10960	买盘
10:45:55	13.68	-0.02	292	399456	卖盘
10:45:49	13.7	--	249	341130	卖盘
10:45:44	13.7	0.01	71	97270	买盘
10:45:40	13.69	-0.01	180	246420	卖盘
10:45:34	13.7	0.01	135	184950	买盘
10:45:29	13.69	-0.01	3	4107	卖盘
10:45:25	13.7	--	458	627460	买盘
10:45:19	13.7	--	6	8220	买盘
10:45:14	13.7	--	1	1370	买盘
10:45:09	13.7	-0.01	152	208240	卖盘
10:45:04	13.71	0.01	26	35646	买盘
10:44:54	13.7	--	122	167140	卖盘
10:44:49	13.7	--	30	41100	买盘
10:44:45	13.7	--	8	10960	买盘
10:44:40	13.7	--	46	63020	买盘
10:44:34	13.7	-0.01	120	164400	卖盘
10:44:30	13.71	--	6	8226	卖盘
10:44:25	13.71	0.01	104	142584	买盘
10:44:19	13.7	--	568	778160	买盘
10:44:15	13.7	--	1	1370	买盘
10:44:09	13.7	--	56	76720	卖盘
10:44:04	13.7	--	15	20550	卖盘
10:44:00	13.7	0.01	26	35620	卖盘
10:43:54	13.69	-0.01	205	280645	卖盘
10:43:49	13.7	0.01	32	43840	卖盘
10:43:44	13.69	-0.01	883	1209730	卖盘
10:43:39	13.7	--	116	158920	买盘
10:43:34	13.7	--	35	47950	买盘
10:43:30	13.7	-0.01	771	1056735	卖盘
10:43:25	13.71	--	7	10501	买盘
10:43:19	13.71	-0.01	88	121114	卖盘
10:43:13	13.72	0.01	133	182476	中性盘
10:43:04	13.71	-0.01	18	24678	卖盘
10:43:00	13.72	--	43	58996	买盘
10:42:54	13.72	0.01	10	13720	买盘
10:42:49	13.71	--	20	27420	卖盘
10:42:45	13.71	-0.01	14	19194	卖盘
10:42:40	13.72	0.01	4	5488	买盘
10:42:34	13.71	--	501	687775	买盘
10:42:30	13.71	--	263	360573	买盘
10:42:25	13.71	0.01	48	65808	买盘
10:42:19	13.7	--	15	20550	卖盘
10:42:15	13.7	--	8	10960	卖盘
10:42:10	13.7	--	71	97270	买盘
10:42:04	13.7	0.02	10	13700	买盘
10:41:54	13.68	-0.01	115	157320	卖盘
10:41:49	13.69	--	125	171125	买盘
10:41:43	13.69	0.01	37	50653	买盘
10:41:40	13.68	--	35	47880	买盘
10:41:34	13.68	--	405	554040	买盘
10:41:28	13.68	--	150	205200	买盘
10:41:24	13.68	--	42	57456	买盘
10:41:19	13.68	-0.01	170	232560	卖盘
10:41:13	13.69	0.01	301	412069	买盘
10:41:09	13.68	-0.01	33	45144	卖盘
10:41:04	13.69	--	379	518851	买盘
10:40:58	13.69	0.01	252	344988	买盘
10:40:53	13.68	-0.01	184	252177	卖盘
10:40:49	13.69	-0.01	27	36963	卖盘
10:40:38	13.7	0.01	11	15070	中性盘
10:40:34	13.69	-0.03	3108	4255755	卖盘
10:40:28	13.72	--	112	153664	卖盘
10:40:24	13.72	-0.01	81	111132	卖盘
10:40:19	13.73	--	14	19222	买盘
10:40:13	13.73	--	928	1274144	卖盘
10:40:09	13.73	--	18	24714	卖盘
10:40:04	13.73	-0.01	147	201831	卖盘
10:39:58	13.74	--	22	30228	买盘
10:39:54	13.74	0.01	8	10992	买盘
10:39:49	13.73	-0.02	591	811443	卖盘
10:39:43	13.75	0.01	38	52250	买盘
10:39:39	13.74	--	15	20610	卖盘
10:39:33	13.74	--	0	0	中性盘
10:39:28	13.74	--	120	164880	卖盘
10:39:24	13.74	-0.01	25	34350	卖盘
10:39:19	13.75	0.01	118	162250	买盘
10:39:13	13.74	-0.01	98	134652	卖盘
10:39:09	13.75	--	8	11000	买盘
10:39:04	13.75	-0.01	22	30250	卖盘
10:38:58	13.76	0.01	59	81184	买盘
10:38:54	13.75	--	5	6875	卖盘
10:38:49	13.75	-0.01	13	17875	卖盘
10:38:43	13.76	0.01	53	72928	买盘
10:38:39	13.75	--	6	8250	买盘
10:38:34	13.75	-0.02	68	93500	卖盘
10:38:28	13.77	0.02	100	137700	买盘
10:38:24	13.75	-0.02	38	52250	卖盘
10:38:19	13.77	0.03	22	30294	买盘
10:38:13	13.74	-0.06	30	41220	卖盘
10:38:09	13.8	0.05	590	814200	买盘
10:38:04	13.75	0.01	14	19250	买盘
10:37:58	13.74	-0.01	30	41220	中性盘
10:37:53	13.75	--	19	26125	买盘
10:37:43	13.75	0.02	20	27500	买盘
10:37:39	13.73	--	0	0	卖盘
10:37:34	13.73	-0.05	147	201831	卖盘
10:37:28	13.78	0.05	85	117130	买盘
10:37:24	13.73	0.01	17	23341	卖盘
10:37:18	13.72	--	0	0	卖盘
10:37:13	13.72	--	235	322420	卖盘
10:37:09	13.72	-0.07	65	89180	卖盘
10:36:58	13.79	0.06	999	1377621	买盘
10:36:54	13.73	--	39	53547	买盘
10:36:49	13.73	-0.01	3	4119	买盘
10:36:42	13.74	0.01	8	10992	买盘
10:36:39	13.73	--	39	53547	卖盘
10:36:33	13.73	--	207	284211	卖盘
10:36:28	13.73	-0.01	2	2746	卖盘
10:36:23	13.74	0.01	284	390216	买盘
10:36:19	13.73	0.01	17	23341	中性盘
10:36:08	13.72	-0.01	212	290864	卖盘
10:36:03	13.73	--	0	0	买盘
10:35:58	13.73	0.03	23	31579	中性盘
10:35:54	13.7	--	214	293180	卖盘
10:35:49	13.7	--	100	137000	卖盘
10:35:43	13.7	-0.01	113	154810	卖盘
10:35:37	13.71	-0.01	227	311217	卖盘
10:35:34	13.72	-0.03	28	38416	卖盘
10:35:28	13.75	0.04	354	486750	买盘
10:35:22	13.71	--	188	257748	买盘
10:35:18	13.71	--	9	12339	买盘
10:35:13	13.71	--	111	152181	买盘
10:35:07	13.71	--	387	530577	卖盘
10:35:04	13.71	-0.01	10	13710	卖盘
10:34:58	13.72	--	29	39788	买盘
10:34:52	13.72	--	128	175616	买盘
10:34:49	13.72	--	35	48020	买盘
10:34:43	13.72	--	185	253820	买盘
10:34:37	13.72	-0.01	6	8232	卖盘
10:34:33	13.73	--	227	311671	买盘
10:34:28	13.73	--	94	129062	买盘
10:34:22	13.73	--	60	82380	卖盘
10:34:17	13.73	--	7	9611	卖盘
10:34:13	13.73	0.01	76	104348	卖盘
10:34:07	13.72	-0.02	112	153664	卖盘
10:34:03	13.74	0.01	56	76944	买盘
10:33:58	13.73	--	21	28833	买盘
10:33:52	13.73	-0.01	176	241648	卖盘
10:33:48	13.74	--	1	1374	买盘
10:33:43	13.74	--	18	24732	买盘
10:33:37	13.74	-0.01	54	74196	卖盘
10:33:33	13.75	0.01	24	33000	买盘
10:33:28	13.74	--	5	6870	买盘
10:33:22	13.74	--	23	31602	买盘
10:33:18	13.74	0.02	20	27480	买盘
10:33:13	13.72	-0.01	16	21952	卖盘
10:33:07	13.73	--	192	263616	卖盘
10:33:03	13.73	--	54	74142	卖盘
10:32:58	13.73	--	79	108467	卖盘
10:32:52	13.73	--	0	0	卖盘
10:32:48	13.73	0.01	15	20595	中性盘
10:32:43	13.72	--	31	42532	卖盘
10:32:37	13.72	-0.04	405	555660	卖盘
10:32:32	13.76	0.04	24	33024	买盘
10:32:28	13.72	-0.03	128	175616	卖盘
10:32:22	13.75	0.01	134	184250	买盘
10:32:17	13.74	--	100	137400	买盘
10:32:13	13.74	-0.01	1808	2484192	卖盘
10:32:07	13.75	--	28	38500	买盘
10:32:03	13.75	--	48	66000	买盘
10:31:58	13.75	--	281	386375	买盘
10:31:52	13.75	-0.01	155	213125	卖盘
10:31:48	13.76	--	28	38528	买盘
10:31:43	13.76	--	22	30272	买盘
10:31:37	13.76	0.01	21	28896	买盘
10:31:32	13.75	--	90	123750	卖盘
10:31:28	13.75	0.01	460	632500	买盘
10:31:21	13.74	--	13	17862	卖盘
10:31:18	13.74	-0.02	79	108546	卖盘
10:31:12	13.76	0.01	110	151360	买盘
10:31:07	13.75	--	103	141625	买盘
10:31:03	13.75	--	15	20625	买盘
10:30:57	13.75	--	15	20625	卖盘
10:30:52	13.75	-0.01	37	50875	卖盘
10:30:47	13.76	0.01	81	111456	买盘
10:30:43	13.75	-0.01	10	13750	卖盘
10:30:37	13.76	0.01	28	38528	买盘
10:30:32	13.75	-0.02	466	640750	卖盘
10:30:28	13.77	0.02	6	8262	买盘
10:30:22	13.75	-0.03	77	105875	卖盘
10:30:18	13.78	0.02	96	132288	买盘
10:30:13	13.76	0.01	30	41280	买盘
10:30:07	13.75	-0.03	867	1192125	卖盘
10:30:01	13.78	0.01	55	75790	买盘
10:29:58	13.77	--	39	53703	买盘
10:29:52	13.77	-0.01	175	240975	卖盘
10:29:47	13.78	--	245	337610	买盘
10:29:42	13.78	0.02	6	8268	买盘
10:29:36	13.76	-0.02	61	83936	卖盘
10:29:32	13.78	0.01	57	78546	买盘
10:29:28	13.77	--	18	24786	卖盘
10:29:22	13.77	--	201	276777	卖盘
10:29:18	13.77	0.01	85	117045	买盘
10:29:12	13.76	-0.01	5	6880	卖盘
10:29:07	13.77	0.01	44	60588	买盘
10:29:01	13.76	-0.01	129	177504	卖盘
10:28:58	13.77	-0.01	113	155601	卖盘
10:28:52	13.78	--	25	34450	买盘
10:28:45	13.78	-0.01	826	1138228	卖盘
10:28:42	13.79	--	42	57918	买盘
10:28:37	13.79	--	9	12411	买盘
10:28:31	13.79	--	256	353024	卖盘
10:28:28	13.79	-0.01	8	11032	卖盘
10:28:22	13.8	0.01	81	111780	买盘
10:28:16	13.79	-0.02	65	89635	卖盘
10:28:12	13.81	--	0	0	买盘
10:28:07	13.81	0.01	437	603497	买盘
10:28:01	13.8	--	140	193200	卖盘
10:27:57	13.8	--	656	905280	卖盘
10:27:52	13.8	--	8	11040	卖盘
10:27:46	13.8	-0.01	564	778320	卖盘
10:27:42	13.81	0.01	127	175387	买盘
10:27:37	13.8	-0.01	513	707940	卖盘
10:27:31	13.81	-0.01	36	49716	卖盘
10:27:27	13.82	--	5	6910	买盘
10:27:22	13.82	--	176	243232	卖盘
10:27:16	13.82	--	104	143728	卖盘
10:27:12	13.82	--	328	453296	卖盘
10:27:07	13.82	-0.01	87	120234	卖盘
10:27:01	13.83	--	6	8298	买盘
10:26:57	13.83	--	7	9681	买盘
10:26:52	13.83	--	40	55320	卖盘
10:26:46	13.83	--	96	132768	卖盘
10:26:42	13.83	--	19	26277	卖盘
10:26:36	13.83	-0.01	38	52554	卖盘
10:26:31	13.84	0.01	77	106568	买盘
10:26:26	13.83	0.01	256	354048	买盘
10:26:21	13.82	--	81	111942	卖盘
10:26:16	13.82	--	102	140964	卖盘
10:26:11	13.82	--	20	27640	卖盘
10:26:07	13.82	-0.01	59	81538	卖盘
10:26:01	13.83	--	25	34575	买盘
10:25:56	13.83	--	7	9681	买盘
10:25:51	13.83	--	329	455007	买盘
10:25:46	13.83	--	295	407985	中性盘
10:25:41	13.83	-0.01	20	27660	卖盘
10:25:37	13.84	0.01	555	768120	买盘
10:25:31	13.83	-0.01	141	195003	卖盘
10:25:27	13.84	--	105	145320	买盘
10:25:21	13.84	0.01	65	89960	买盘
10:25:16	13.83	-0.01	432	597456	卖盘
10:25:12	13.84	--	20	27680	买盘
10:25:07	13.84	--	38	52592	买盘
10:25:01	13.84	--	62	85808	买盘
10:24:57	13.84	--	67	92728	买盘
10:24:52	13.84	0.01	261	361224	卖盘
10:24:45	13.83	-0.01	445	615435	卖盘
10:24:42	13.84	0.01	65	89960	买盘
10:24:37	13.83	-0.01	43	59469	卖盘
10:24:31	13.84	-0.01	127	175768	卖盘
10:24:26	13.85	--	129	178665	买盘
10:24:22	13.85	--	80	110800	买盘
10:24:16	13.85	--	168	232680	卖盘
10:24:12	13.85	--	113	156505	卖盘
10:24:07	13.85	--	11	15235	卖盘
10:24:01	13.85	0.02	75	103875	买盘
10:23:57	13.83	-0.01	255	352665	卖盘
10:23:51	13.84	--	344	476096	卖盘
10:23:46	13.84	--	35	48440	卖盘
10:23:41	13.84	--	154	213136	卖盘
10:23:36	13.84	--	354	489936	买盘
10:23:31	13.84	0.01	117	161928	买盘
10:23:26	13.83	-0.01	151	208833	中性盘
10:23:21	13.84	0.01	121	167464	买盘
10:23:16	13.83	-0.01	272	376176	卖盘
10:23:12	13.84	--	409	566056	买盘
10:23:06	13.84	--	96	132864	买盘
10:23:01	13.84	-0.01	305	422120	买盘
10:22:56	13.85	0.01	362	501370	买盘
10:22:51	13.84	-0.01	80	110720	卖盘
10:22:45	13.85	0.02	47	65095	买盘
10:22:39	13.83	-0.02	50	69150	卖盘
10:22:36	13.85	0.02	68	94180	买盘
10:22:31	13.83	--	644	890652	买盘
10:22:25	13.83	--	85	117555	买盘
10:22:21	13.83	0.01	90	124470	买盘
10:22:16	13.82	0.01	68	93976	买盘
10:22:10	13.81	--	239	330059	卖盘
10:22:01	13.81	--	154	212674	买盘
10:21:55	13.81	--	441	609021	买盘
10:21:51	13.81	--	118	162958	买盘
10:21:46	13.81	0.01	1165	1608865	买盘
10:21:40	13.8	--	20	27600	卖盘
10:21:36	13.8	--	10	13800	卖盘
10:21:31	13.8	--	128	177578	买盘
10:21:25	13.8	0.01	225	310500	买盘
10:21:21	13.79	-0.01	14	19306	卖盘
10:21:16	13.8	0.01	113	155940	买盘
10:21:09	13.79	--	50	68950	卖盘
10:21:06	13.79	--	58	79982	卖盘
10:21:01	13.79	--	144	198576	卖盘
10:20:55	13.79	0.01	79	108941	买盘
10:20:51	13.78	-0.01	30	41340	卖盘
10:20:46	13.79	--	52	71708	卖盘
10:20:40	13.79	--	217	299243	卖盘
10:20:36	13.79	--	26	35854	卖盘
10:20:31	13.79	0.01	487	671573	买盘
10:20:25	13.78	-0.01	127	175006	卖盘
10:20:20	13.79	-0.01	13	17927	卖盘
10:20:16	13.8	0.01	83	114540	买盘
10:20:09	13.79	--	385	531356	卖盘
10:20:06	13.79	-0.01	18	24822	卖盘
10:20:01	13.8	--	51	70380	买盘
10:19:55	13.8	--	119	164220	卖盘
10:19:51	13.8	-0.01	64	88320	卖盘
10:19:46	13.81	--	34	47713	买盘
10:19:40	13.81	0.01	538	742978	买盘
10:19:36	13.8	--	55	75900	买盘
10:19:31	13.8	--	107	147660	买盘
10:19:25	13.8	--	407	561660	卖盘
10:19:20	13.8	-0.01	23	31740	卖盘
10:19:16	13.81	--	134	185054	买盘
10:19:09	13.81	0.01	89	122909	买盘
10:19:05	13.8	--	127	175260	买盘
10:19:01	13.8	--	121	166980	买盘
10:18:55	13.8	-0.01	212	292560	卖盘
10:18:51	13.81	--	101	139481	买盘
10:18:46	13.81	0.01	74	102194	买盘
10:18:40	13.8	-0.01	283	390540	卖盘
10:18:36	13.81	--	98	135338	买盘
10:18:31	13.81	0.01	329	454349	买盘
10:18:24	13.8	--	23	31740	卖盘
10:18:21	13.8	--	191	263580	买盘
10:18:16	13.8	0.01	13	17940	买盘
10:18:10	13.79	-0.01	201	277179	卖盘
10:18:06	13.8	--	252	347760	卖盘
10:18:01	13.8	--	145	200100	卖盘
10:17:55	13.8	0.01	229	316199	买盘
10:17:51	13.79	-0.01	408	562632	卖盘
10:17:46	13.8	--	54	74520	买盘
10:17:40	13.8	0.01	276	380880	买盘
10:17:35	13.79	-0.01	182	250977	卖盘
10:17:30	13.8	--	182	251160	卖盘
10:17:25	13.8	--	73	100740	卖盘
10:17:21	13.8	-0.02	195	269100	卖盘
10:17:16	13.82	--	137	189334	买盘
10:17:10	13.82	0.01	153	211446	卖盘
10:17:06	13.81	-0.01	44	60764	中性盘
10:17:01	13.82	--	11	15202	买盘
10:16:54	13.82	--	225	310950	买盘
10:16:51	13.82	-0.02	81	111942	中性盘
10:16:45	13.84	0.01	210	290640	买盘
10:16:40	13.83	--	1218	1684494	卖盘
10:16:36	13.83	-0.01	136	188088	中性盘
10:16:30	13.84	0.02	132	182688	买盘
10:16:25	13.82	-0.02	154	212828	卖盘
10:16:21	13.84	0.01	555	769324	中性盘
10:16:15	13.83	--	194	268302	卖盘
10:16:10	13.83	-0.01	339	468837	卖盘
10:16:04	13.84	0.01	105	145320	买盘
10:16:00	13.83	--	11	15392	买盘
10:15:54	13.83	-0.02	485	670755	买盘
10:15:49	13.85	0.02	217	300545	买盘
10:15:45	13.83	--	1482	2049606	卖盘
10:15:40	13.83	--	434	600222	卖盘
10:15:34	13.83	-0.02	424	586392	卖盘
10:15:30	13.85	0.01	96	132960	买盘
10:15:25	13.84	0.01	110	152240	中性盘
10:15:19	13.83	-0.01	200	276600	卖盘
10:15:14	13.84	--	48	66432	买盘
10:15:10	13.84	-0.01	148	204832	卖盘
10:15:04	13.85	--	449	621865	买盘
10:15:00	13.85	--	257	355945	买盘
10:14:55	13.85	--	752	1041520	买盘
10:14:49	13.85	-0.01	1747	2419595	卖盘
10:14:45	13.86	--	504	698544	买盘
10:14:40	13.86	--	810	1122660	买盘
10:14:34	13.86	0.01	148	205128	买盘
10:14:29	13.85	--	85	117725	卖盘
10:14:25	13.85	0.01	668	925180	买盘
10:14:19	13.84	--	275	380600	买盘
10:14:14	13.84	-0.01	674	932816	卖盘
10:14:09	13.85	0.01	840	1163400	买盘
10:14:04	13.84	0.01	89	123176	卖盘
10:14:00	13.83	-0.01	469	648627	卖盘
10:13:55	13.84	-0.01	343	474712	中性盘
10:13:49	13.85	0.02	237	328245	买盘
10:13:43	13.83	--	40	55320	卖盘
10:13:39	13.83	0.01	958	1324914	买盘
10:13:34	13.82	--	234	323388	卖盘
10:13:30	13.82	--	30	41460	卖盘
10:13:25	13.82	--	731	1010242	买盘
10:13:19	13.82	0.01	155	214210	买盘
10:13:14	13.81	-0.01	203	280343	卖盘
10:13:09	13.82	--	300	414600	买盘
10:13:04	13.82	0.01	22	30404	买盘
10:12:59	13.81	--	17	23477	卖盘
10:12:54	13.81	--	197	272057	卖盘
10:12:49	13.81	0.01	523	722263	买盘
10:12:40	13.8	-0.01	158	218040	卖盘
10:12:34	13.81	0.01	191	263771	买盘
10:12:29	13.8	-0.01	52	71760	卖盘
10:12:25	13.81	--	238	328678	买盘
10:12:19	13.81	--	156	215436	买盘
10:12:15	13.81	--	0	0	买盘
10:12:10	13.81	0.01	143	197483	买盘
10:12:04	13.8	-0.01	26	35880	中性盘
10:11:59	13.81	0.01	71	98051	买盘
10:11:54	13.8	--	65	89700	卖盘
10:11:49	13.8	0.02	17	23460	中性盘
10:11:45	13.78	-0.03	516	711048	卖盘
10:11:39	13.81	0.02	50	69050	买盘
10:11:34	13.79	-0.01	168	231672	卖盘
10:11:29	13.8	0.02	272	375360	买盘
10:11:25	13.78	-0.01	34	46852	卖盘
10:11:19	13.79	-0.01	203	279937	卖盘
10:11:15	13.8	0.01	1266	1747080	买盘
10:11:09	13.79	-0.01	187	257872	卖盘
10:11:03	13.8	0.01	138	190440	买盘
10:11:00	13.79	-0.01	55	75845	卖盘
10:10:55	13.8	0.01	15	20700	买盘
10:10:49	13.79	0.01	219	302001	买盘
10:10:44	13.78	-0.01	637	877786	卖盘
10:10:39	13.79	0.01	89	122730	买盘
10:10:33	13.78	-0.01	82	112996	卖盘
10:10:29	13.79	--	174	239945	买盘
10:10:24	13.79	--	20	27580	买盘
10:10:19	13.79	0.01	89	122730	买盘
10:10:15	13.78	-0.01	95	130910	卖盘
10:10:09	13.79	0.01	26	35854	买盘
10:10:04	13.78	--	158	217724	卖盘
10:09:58	13.78	--	277	381706	卖盘
10:09:54	13.78	--	43	59254	卖盘
10:09:49	13.78	--	136	187408	买盘
10:09:43	13.78	--	344	474032	买盘
10:09:39	13.78	--	43	59254	买盘
10:09:34	13.78	-0.01	103	141934	卖盘
10:09:28	13.79	0.01	225	310275	买盘
10:09:24	13.78	-0.01	203	279734	卖盘
10:09:19	13.79	--	401	552979	买盘
10:09:13	13.79	--	158	217882	买盘
10:09:09	13.79	0.01	9	12411	买盘
10:09:04	13.78	-0.01	197	271466	卖盘
10:08:58	13.79	--	102	140658	卖盘
10:08:54	13.79	-0.01	63	86877	卖盘
10:08:48	13.8	--	124	171120	买盘
10:08:42	13.8	--	136	187680	买盘
10:08:39	13.8	--	198	273240	卖盘
10:08:34	13.8	-0.01	447	616860	卖盘
10:08:28	13.81	-0.01	766	1057846	卖盘
10:08:24	13.82	--	61	84302	买盘
10:08:19	13.82	0.02	416	574912	买盘
10:08:13	13.8	-0.01	89	122820	卖盘
10:08:09	13.81	--	273	377013	卖盘
10:08:04	13.81	--	534	737454	买盘
10:07:58	13.81	0.01	371	512351	买盘
10:07:53	13.8	--	173	238740	买盘
10:07:49	13.8	--	290	400200	买盘
10:07:43	13.8	0.01	115	158700	买盘
10:07:39	13.79	-0.01	80	110320	卖盘
10:07:34	13.8	0.01	268	369840	买盘
10:07:28	13.79	-0.02	93	128246	卖盘
10:07:24	13.81	--	76	104956	买盘
10:07:19	13.81	0.01	653	901793	买盘
10:07:13	13.8	0.01	1921	2650980	买盘
10:07:08	13.79	0.01	96	132384	买盘
10:07:04	13.78	--	101	139178	卖盘
10:06:58	13.78	0.01	356	490568	买盘
10:06:54	13.77	0.01	39	53703	买盘
10:06:49	13.76	--	70	96320	卖盘
10:06:43	13.76	0.04	776	1067776	买盘
10:06:38	13.72	-0.02	455	624260	卖盘
10:06:34	13.74	--	12	16488	买盘
10:06:28	13.74	0.01	87	119538	买盘
10:06:23	13.73	--	32	43936	买盘
10:06:19	13.73	-0.01	157	215561	卖盘
10:06:13	13.74	0.01	60	82440	买盘
10:06:04	13.73	--	13	17849	卖盘
10:05:58	13.73	0.02	591	811443	买盘
10:05:53	13.71	0.01	70	95970	中性盘
10:05:48	13.7	-0.02	40	54800	卖盘
10:05:43	13.72	0.01	222	304584	买盘
10:05:39	13.71	0.01	39	53469	中性盘
10:05:34	13.7	-0.02	220	301400	卖盘
10:05:28	13.72	0.02	1237	1697164	买盘
10:05:23	13.7	--	78	106860	卖盘
10:05:18	13.7	--	32	43840	卖盘
10:05:12	13.7	-0.01	22	30140	卖盘
10:05:08	13.71	0.01	106	145326	买盘
10:04:58	13.7	-0.01	41	56170	卖盘
10:04:54	13.71	--	58	79518	买盘
10:04:48	13.71	--	24	32904	买盘
10:04:43	13.71	-0.01	30	41130	卖盘
10:04:38	13.72	--	100	137200	买盘
10:04:33	13.72	0.01	217	297724	买盘
10:04:28	13.71	--	26	35646	卖盘
10:04:24	13.71	-0.01	52	71292	卖盘
10:04:18	13.72	0.01	12	16464	买盘
10:04:13	13.71	-0.01	71	97341	卖盘
10:04:08	13.72	--	23	31556	买盘
10:04:03	13.72	--	50	68600	买盘
10:03:58	13.72	--	24	32928	买盘
10:03:52	13.72	0.02	96	131712	买盘
10:03:48	13.7	--	0	0	卖盘
10:03:43	13.7	-0.02	92	126040	卖盘
10:03:37	13.72	0.02	90	123480	买盘
10:03:33	13.7	-0.01	68	93160	卖盘
10:03:28	13.71	-0.01	203	278313	中性盘
10:03:22	13.72	0.01	121	166012	买盘
10:03:18	13.71	--	134	183714	卖盘
10:03:13	13.71	--	31	42501	卖盘
10:03:07	13.71	--	268	367428	卖盘
10:03:03	13.71	-0.01	8	10968	卖盘
10:02:58	13.72	0.01	26	35672	买盘
10:02:51	13.71	--	64	87744	卖盘
10:02:48	13.71	--	26	35646	卖盘
10:02:43	13.71	--	208	285168	卖盘
10:02:36	13.71	--	255	349605	卖盘
10:02:33	13.71	-0.01	1	1371	卖盘
10:02:28	13.72	0.01	335	459620	买盘
10:02:22	13.71	--	247	338637	卖盘
10:02:18	13.71	0.02	700	959700	买盘
10:02:13	13.69	-0.01	45	61605	卖盘
10:02:07	13.7	--	70	95900	买盘
10:02:03	13.7	--	21	28770	买盘
10:01:58	13.7	-0.01	379	519230	卖盘
10:01:52	13.71	--	42	57582	买盘
10:01:43	13.71	--	214	293394	买盘
10:01:37	13.71	-0.01	248	340008	卖盘
10:01:33	13.72	--	3	4116	买盘
10:01:27	13.72	--	113	155036	买盘
10:01:22	13.72	--	36	49392	买盘
10:01:18	13.72	--	128	175616	买盘
10:01:13	13.72	--	47	64484	卖盘
10:01:07	13.72	0.01	58	79576	买盘
10:01:02	13.71	--	47	64437	卖盘
10:00:57	13.71	-0.01	130	178230	卖盘
10:00:52	13.72	--	28	38416	买盘
10:00:47	13.72	0.01	106	145432	买盘
10:00:43	13.71	-0.01	53	72663	卖盘
10:00:37	13.72	--	325	445900	卖盘
10:00:27	13.72	-0.01	3	4116	卖盘
10:00:22	13.73	--	76	104348	买盘
10:00:17	13.73	--	58	79634	买盘
10:00:13	13.73	-0.01	98	134554	中性盘
10:00:07	13.74	0.01	310	425940	中性盘
10:00:02	13.73	--	311	427003	卖盘
09:59:58	13.73	-0.01	99	135927	卖盘
09:59:52	13.74	--	11	15114	买盘
09:59:47	13.74	--	105	144270	卖盘
09:59:42	13.74	--	5	6870	卖盘
09:59:37	13.74	-0.01	48	65952	卖盘
09:59:32	13.75	--	10	13750	买盘
09:59:27	13.75	--	37	50875	买盘
09:59:21	13.75	-0.01	57	78375	卖盘
09:59:17	13.76	0.01	529	727904	买盘
09:59:13	13.75	-0.01	35	48125	卖盘
09:59:07	13.76	0.01	159	218784	买盘
09:59:02	13.75	-0.01	334	459250	卖盘
09:58:52	13.76	--	307	422432	买盘
09:58:47	13.76	--	110	151360	买盘
09:58:42	13.76	--	20	27520	买盘
09:58:37	13.76	-0.01	91	125216	卖盘
09:58:33	13.77	--	21	28917	买盘
09:58:28	13.77	0.01	8	11016	买盘
09:58:21	13.76	-0.01	117	160992	中性盘
09:58:18	13.77	-0.01	512	705024	卖盘
09:58:12	13.78	--	23	31694	买盘
09:58:06	13.78	--	543	748254	买盘
09:58:02	13.78	-0.02	617	850226	卖盘
09:57:57	13.8	-0.01	52	71760	买盘
09:57:51	13.81	0.01	188	259628	买盘
09:57:47	13.8	--	123	169740	卖盘
09:57:42	13.8	--	156	215280	买盘
09:57:37	13.8	--	238	328440	卖盘
09:57:30	13.8	--	212	292560	卖盘
09:57:27	13.8	--	117	161460	卖盘
09:57:22	13.8	--	259	357420	买盘
09:57:16	13.8	--	276	380880	买盘
09:57:12	13.8	--	53	73140	买盘
09:57:07	13.8	0.01	63	86940	买盘
09:57:01	13.79	--	258	355782	卖盘
09:56:57	13.79	0.01	118	162722	买盘
09:56:51	13.78	0.02	145	199810	中性盘
09:56:45	13.76	-0.01	792	1090686	卖盘
09:56:42	13.77	0.01	102	140454	买盘
09:56:37	13.76	--	16	22016	卖盘
09:56:31	13.76	--	27	37152	卖盘
09:56:27	13.76	--	3	4128	买盘
09:56:22	13.76	--	183	251808	买盘
09:56:16	13.76	0.01	94	129344	买盘
09:56:12	13.75	--	131	180125	卖盘
09:56:07	13.75	0.02	213	292875	买盘
09:56:00	13.73	-0.01	27	37071	卖盘
09:55:57	13.74	0.01	26	35724	买盘
09:55:52	13.73	0.02	180	247140	买盘
09:55:46	13.71	0.01	42	57582	中性盘
09:55:42	13.7	--	87	119190	卖盘
09:55:37	13.7	--	214	293180	卖盘
09:55:30	13.7	--	148	202924	买盘
09:55:27	13.7	--	63	86310	买盘
09:55:22	13.7	-0.01	180	247805	卖盘
09:55:16	13.71	0.01	368	504692	买盘
09:55:12	13.7	0.01	65	89050	买盘
09:55:07	13.69	-0.01	93	127317	卖盘
09:55:01	13.7	0.01	286	391820	买盘
09:54:56	13.69	--	6	8214	卖盘
09:54:51	13.69	--	49	67081	买盘
09:54:46	13.69	0.01	228	312132	买盘
09:54:41	13.68	-0.01	36	49248	买盘
09:54:36	13.69	--	393	538017	买盘
09:54:31	13.69	--	332	454508	买盘
09:54:25	13.69	--	2	2738	买盘
09:54:22	13.69	0.01	27	36963	买盘
09:54:16	13.68	--	104	142272	买盘
09:54:12	13.68	0.01	60	82080	买盘
09:54:07	13.67	--	18	24606	卖盘
09:54:01	13.67	--	112	153104	买盘
09:53:56	13.67	--	17	23239	买盘
09:53:52	13.67	0.01	42	57414	买盘
09:53:46	13.66	--	13	17758	卖盘
09:53:41	13.66	--	143	195338	买盘
09:53:37	13.66	0.01	13	17758	买盘
09:53:30	13.65	0.01	71	96915	中性盘
09:53:26	13.64	-0.01	151	205964	卖盘
09:53:21	13.65	0.01	69	94185	买盘
09:53:16	13.64	--	120	163680	买盘
09:53:11	13.64	-0.01	137	186868	卖盘
09:53:06	13.65	0.01	256	349440	买盘
09:53:01	13.64	--	139	189596	卖盘
09:52:57	13.64	--	53	72292	卖盘
09:52:52	13.64	--	120	163680	买盘
09:52:46	13.64	0.01	180	245520	买盘
09:52:41	13.63	-0.01	334	455242	卖盘
09:52:37	13.64	--	25	34100	买盘
09:52:31	13.64	-0.01	433	590612	卖盘
09:52:26	13.65	--	191	260715	买盘
09:52:21	13.65	--	32	43680	买盘
09:52:16	13.65	-0.01	87	118755	卖盘
09:52:12	13.66	0.01	304	415264	买盘
09:52:06	13.65	--	50	68250	卖盘
09:52:01	13.65	-0.01	190	259350	卖盘
09:51:56	13.66	0.01	217	296422	买盘
09:51:51	13.65	--	123	167895	卖盘
09:51:46	13.65	-0.01	206	281190	卖盘
09:51:42	13.66	0.01	182	248612	买盘
09:51:36	13.65	-0.01	252	343980	卖盘
09:51:31	13.66	--	376	513616	买盘
09:51:26	13.66	--	195	266370	买盘
09:51:21	13.66	--	14	19124	买盘
09:51:16	13.66	-0.02	130	177580	卖盘
09:51:09	13.68	0.01	109	149112	买盘
09:51:06	13.67	--	10	13670	卖盘
09:51:01	13.67	-0.01	450	615150	卖盘
09:50:54	13.68	0.01	142	194256	买盘
09:50:51	13.67	0.01	29	39643	买盘
09:50:46	13.66	-0.01	87	118842	卖盘
09:50:40	13.67	--	162	221454	卖盘
09:50:36	13.67	--	18	24606	卖盘
09:50:31	13.67	--	478	653426	卖盘
09:50:25	13.67	--	141	192747	卖盘
09:50:21	13.67	0.01	114	155838	买盘
09:50:16	13.66	-0.01	162	221292	卖盘
09:50:09	13.67	-0.02	334	456578	卖盘
09:50:06	13.69	0.01	108	147852	买盘
09:50:01	13.68	--	392	536256	卖盘
09:49:55	13.68	--	222	303696	卖盘
09:49:50	13.68	--	81	110808	卖盘
09:49:46	13.68	--	85	116280	卖盘
09:49:39	13.68	-0.01	38	51984	卖盘
09:49:36	13.69	-0.01	25	34225	买盘
09:49:31	13.7	0.01	198	272465	买盘
09:49:25	13.69	--	71	97199	卖盘
09:49:20	13.69	--	123	168387	卖盘
09:49:15	13.69	0.01	356	487528	买盘
09:49:09	13.68	--	161	220248	买盘
09:49:05	13.68	--	18	24624	买盘
09:49:00	13.68	-0.01	187	255816	卖盘
09:48:55	13.69	-0.02	363	498151	卖盘
09:48:51	13.71	0.01	40	55004	买盘
09:48:46	13.7	--	205	280850	买盘
09:48:40	13.7	-0.01	270	369900	卖盘
09:48:36	13.71	--	38	52098	买盘
09:48:31	13.71	0.01	345	472995	买盘
09:48:24	13.7	--	104	142480	卖盘
09:48:19	13.7	--	60	82200	买盘
09:48:16	13.7	--	337	461690	买盘
09:48:10	13.7	--	388	531560	卖盘
09:48:05	13.7	-0.01	9	12330	卖盘
09:48:01	13.71	0.01	140	191940	买盘
09:47:55	13.7	--	69	94530	卖盘
09:47:50	13.7	0.01	76	104120	买盘
09:47:45	13.69	--	27	36963	卖盘
09:47:40	13.69	0.02	45	61605	中性盘
09:47:31	13.67	-0.01	194	265198	卖盘
09:47:25	13.68	0.01	55	75240	买盘
09:47:20	13.67	--	10	13670	卖盘
09:47:16	13.67	--	94	128498	卖盘
09:47:10	13.67	--	259	354053	卖盘
09:47:05	13.67	--	250	341750	买盘
09:47:00	13.67	--	17	23239	买盘
09:46:55	13.67	--	193	263831	买盘
09:46:50	13.67	--	327	447009	买盘
09:46:46	13.67	--	5	6835	买盘
09:46:40	13.67	--	242	330814	卖盘
09:46:35	13.67	-0.01	244	333548	卖盘
09:46:30	13.68	0.01	145	198360	买盘
09:46:25	13.67	-0.01	98	133966	卖盘
09:46:21	13.68	--	163	222984	买盘
09:46:16	13.68	-0.03	1165	1593720	卖盘
09:46:10	13.71	--	128	175488	卖盘
09:46:05	13.71	-0.01	89	122019	卖盘
09:46:00	13.72	--	23	31556	卖盘
09:45:55	13.72	--	152	208544	卖盘
09:45:51	13.72	--	122	167384	卖盘
09:45:45	13.72	0.01	661	906892	中性盘
09:45:40	13.71	-0.02	49	67179	卖盘
09:45:35	13.73	0.01	233	319909	买盘
09:45:30	13.72	-0.01	388	533529	卖盘
09:45:25	13.73	-0.01	63	86499	卖盘
09:45:20	13.74	--	98	134652	买盘
09:45:15	13.74	0.01	60	82440	买盘
09:45:10	13.73	-0.01	147	201831	卖盘
09:45:05	13.74	-0.01	451	619674	卖盘
09:45:00	13.75	0.01	54	74250	买盘
09:44:55	13.74	-0.01	114	156636	卖盘
09:44:49	13.75	0.01	46	63250	买盘
09:44:45	13.74	--	75	103050	卖盘
09:44:40	13.74	-0.01	93	127782	卖盘
09:44:34	13.75	0.01	495	680625	买盘
09:44:30	13.74	--	96	131904	买盘
09:44:25	13.74	-0.01	51	70074	卖盘
09:44:19	13.75	--	124	170500	买盘
09:44:15	13.75	0.01	82	112928	买盘
09:44:10	13.74	--	71	98749	卖盘
09:44:04	13.74	--	105	144270	卖盘
09:43:59	13.74	-0.01	89	122286	卖盘
09:43:55	13.75	--	520	715000	买盘
09:43:49	13.75	--	97	133375	买盘
09:43:45	13.75	--	26	35750	买盘
09:43:40	13.75	-0.01	300	412500	卖盘
09:43:34	13.76	0.02	77	105952	买盘
09:43:30	13.74	-0.02	103	141522	卖盘
09:43:25	13.76	0.01	63	86688	买盘
09:43:19	13.75	-0.01	587	807125	卖盘
09:43:14	13.76	0.01	97	133472	买盘
09:43:10	13.75	-0.02	153	210375	卖盘
09:43:04	13.77	0.01	272	374544	买盘
09:43:00	13.76	-0.01	138	189888	卖盘
09:42:55	13.77	0.01	542	746334	买盘
09:42:49	13.76	-0.01	54	74304	卖盘
09:42:45	13.77	0.01	65	89505	买盘
09:42:40	13.76	-0.01	153	210528	卖盘
09:42:34	13.77	--	202	278154	买盘
09:42:29	13.77	0.01	162	223074	买盘
09:42:25	13.76	0.01	74	101824	卖盘
09:42:19	13.75	-0.03	240	330000	卖盘
09:42:14	13.78	0.02	409	563602	买盘
09:42:09	13.76	-0.01	128	176128	卖盘
09:42:04	13.77	-0.01	630	867510	卖盘
09:41:59	13.78	0.01	102	140556	买盘
09:41:54	13.77	--	425	585225	买盘
09:41:49	13.77	--	278	382806	买盘
09:41:44	13.77	--	20	27540	买盘
09:41:40	13.77	-0.01	106	145962	卖盘
09:41:34	13.78	--	259	356902	买盘
09:41:30	13.78	--	90	124020	买盘
09:41:24	13.78	-0.01	239	329342	卖盘
09:41:19	13.79	0.01	302	416458	买盘
09:41:15	13.78	-0.01	278	383084	卖盘
09:41:10	13.79	--	384	529536	买盘
09:41:04	13.79	--	444	612276	卖盘
09:41:00	13.79	--	69	95151	卖盘
09:40:55	13.79	--	531	732249	卖盘
09:40:49	13.79	-0.01	213	293727	卖盘
09:40:45	13.8	--	322	444360	卖盘
09:40:39	13.8	--	223	307740	卖盘
09:40:34	13.8	--	72	99360	卖盘
09:40:30	13.8	0.01	390	538200	买盘
09:40:24	13.79	--	297	409563	买盘
09:40:19	13.79	--	668	921172	卖盘
09:40:15	13.79	-0.01	793	1093547	卖盘
09:40:09	13.8	0.02	340	469200	买盘
09:40:03	13.78	-0.02	1550	2135900	卖盘
09:39:59	13.8	0.01	847	1168860	买盘
09:39:54	13.79	--	600	827400	卖盘
09:39:49	13.79	--	468	645372	卖盘
09:39:44	13.79	--	650	896350	卖盘
09:39:39	13.79	-0.01	155	213745	卖盘
09:39:34	13.8	0.01	745	1028100	买盘
09:39:29	13.79	--	589	812231	买盘
09:39:24	13.79	--	28	38612	买盘
09:39:19	13.79	0.01	378	521261	买盘
09:39:14	13.78	-0.01	336	463008	卖盘
09:39:09	13.79	0.01	550	758450	买盘
09:39:04	13.78	-0.01	231	318318	卖盘
09:38:59	13.79	0.03	789	1088031	买盘
09:38:54	13.76	-0.03	83	114208	卖盘
09:38:49	13.79	--	355	489544	买盘
09:38:44	13.79	-0.01	364	501955	卖盘
09:38:39	13.8	-0.02	87	120060	卖盘
09:38:33	13.82	-0.01	263	363466	卖盘
09:38:28	13.83	0.06	467	645861	中性盘
09:38:24	13.77	-0.08	1388	1911276	卖盘
09:38:19	13.85	-0.01	1109	1535965	卖盘
09:38:13	13.86	-0.03	1262	1749132	卖盘
09:38:09	13.89	0.02	287	398643	买盘
09:38:04	13.87	-0.02	2209	3063883	卖盘
09:37:58	13.89	-0.01	921	1279269	卖盘
09:37:54	13.9	--	759	1055010	买盘
09:37:49	13.9	0.02	350	486500	买盘
09:37:43	13.88	0.01	1299	1804344	买盘
09:37:39	13.87	-0.01	1133	1571526	卖盘
09:37:34	13.88	0.01	1023	1419924	买盘
09:37:28	13.87	-0.01	953	1321811	卖盘
09:37:24	13.88	0.04	341	474640	买盘
09:37:19	13.84	-0.02	935	1294040	卖盘
09:37:13	13.86	0.01	1296	1796256	买盘
09:37:09	13.85	0.02	334	462590	买盘
09:37:04	13.83	-0.01	558	771714	卖盘
09:36:57	13.84	-0.01	520	719680	中性盘
09:36:54	13.85	--	110	152350	买盘
09:36:49	13.85	--	926	1282510	买盘
09:36:43	13.85	0.06	1033	1430705	买盘
09:36:39	13.79	-0.01	816	1125264	卖盘
09:36:34	13.8	0.02	439	605820	买盘
09:36:28	13.78	--	354	487812	买盘
09:36:24	13.78	0.01	92	126776	买盘
09:36:19	13.77	--	420	578340	卖盘
09:36:13	13.77	-0.01	102	140454	买盘
09:36:09	13.78	0.03	151	208078	买盘
09:36:03	13.75	--	191	262625	卖盘
09:35:57	13.75	0.01	56	77000	卖盘
09:35:54	13.74	--	561	770814	卖盘
09:35:49	13.74	0.02	107	147196	买盘
09:35:43	13.72	--	76	104272	卖盘
09:35:38	13.72	0.01	393	539196	买盘
09:35:34	13.71	0.01	1131	1550601	中性盘
09:35:28	13.7	--	197	269890	卖盘
09:35:23	13.7	--	80	109600	卖盘
09:35:18	13.7	--	104	142480	买盘
09:35:13	13.7	0.01	289	395930	买盘
09:35:08	13.69	--	412	564028	买盘
09:35:03	13.69	--	54	73926	买盘
09:34:58	13.69	--	32	43808	买盘
09:34:54	13.69	--	127	173863	卖盘
09:34:48	13.69	-0.01	107	146483	卖盘
09:34:42	13.7	0.01	198	271260	买盘
09:34:38	13.69	-0.01	337	461353	中性盘
09:34:33	13.7	--	773	1059010	卖盘
09:34:28	13.7	0.01	396	542520	买盘
09:34:23	13.69	-0.01	486	665334	卖盘
09:34:18	13.7	-0.03	729	999921	卖盘
09:34:13	13.73	-0.03	530	727690	卖盘
09:34:09	13.76	0.01	462	635712	买盘
09:34:03	13.75	--	195	268125	买盘
09:33:58	13.75	0.01	153	210375	买盘
09:33:53	13.74	-0.02	871	1196754	卖盘
09:33:48	13.76	--	194	266944	买盘
09:33:43	13.76	0.01	365	502240	买盘
09:33:38	13.75	-0.01	730	1003750	卖盘
09:33:33	13.76	--	128	176128	买盘
09:33:28	13.76	--	398	547648	买盘
09:33:23	13.76	--	310	426560	买盘
09:33:18	13.76	--	51	70176	买盘
09:33:13	13.76	--	146	200896	买盘
09:33:08	13.76	0.01	336	462336	买盘
09:33:03	13.75	0.04	76	104500	买盘
09:32:57	13.71	0.01	93	127503	卖盘
09:32:53	13.7	0.01	1324	1814058	卖盘
09:32:48	13.69	-0.01	61	83509	卖盘
09:32:43	13.7	0.01	432	591840	买盘
09:32:38	13.69	--	87	119103	卖盘
09:32:33	13.69	0.01	197	269693	买盘
09:32:28	13.68	--	206	281808	卖盘
09:32:22	13.68	0.02	298	408457	买盘
09:32:18	13.66	-0.01	198	270468	卖盘
09:32:13	13.67	0.01	325	444275	卖盘
09:32:07	13.66	-0.02	237	323742	卖盘
09:32:03	13.68	--	129	176472	买盘
09:31:58	13.68	--	515	704520	买盘
09:31:52	13.68	0.02	993	1358424	中性盘
09:31:48	13.66	-0.01	191	260906	卖盘
09:31:43	13.67	-0.01	180	246060	卖盘
09:31:37	13.68	0.02	594	812592	买盘
09:31:33	13.66	--	169	230854	买盘
09:31:28	13.66	-0.02	477	651582	卖盘
09:31:22	13.68	0.01	1485	2031480	买盘
09:31:18	13.67	--	863	1179721	买盘
09:31:13	13.67	--	395	539965	卖盘
09:31:07	13.67	--	400	546800	卖盘
09:31:03	13.67	--	145	198215	买盘
09:30:58	13.67	--	385	526295	买盘
09:30:52	13.67	-0.02	1841	2517221	卖盘
09:30:48	13.69	-0.02	485	663965	卖盘
09:30:42	13.71	0.01	442	605982	买盘
09:30:37	13.7	0.01	508	695960	买盘
09:30:33	13.69	--	381	521589	买盘
09:30:28	13.69	0.02	358	490102	买盘
09:30:21	13.67	-0.01	65	88855	卖盘
09:30:17	13.68	0.01	133	181944	买盘
09:30:12	13.67	--	808	1104536	卖盘
09:30:06	13.67	0.05	4957	6776219	买盘
09:30:02	13.62	0.01	1547	2107014	买盘
09:28:47	13.61	--	0	0	卖盘
09:25:00	13.61	13.61	10224	13915653	买盘
