成交时间	成交价	价格变动	成交量(手)	成交额(元)	性质
15:00:00	17.67	--	0	0	买盘
15:00:00	17.67	0.01	35	61845	买盘
14:59:59	17.66	--	867	1531122	买盘
14:59:53	17.66	-0.02	1215	2145690	卖盘
14:59:49	17.68	--	1902	3362736	买盘
14:59:44	17.68	--	587	1037816	买盘
14:59:38	17.68	0.02	1537	2717416	买盘
14:59:34	17.66	-0.01	1373	2424718	卖盘
14:59:29	17.67	0.01	902	1593834	买盘
14:59:23	17.66	-0.02	4062	7173492	卖盘
14:59:19	17.68	-0.01	148	261664	卖盘
14:59:14	17.69	0.02	1769	3129361	买盘
14:59:08	17.67	-0.01	913	1613271	卖盘
14:59:04	17.68	--	249	440232	买盘
14:58:59	17.68	-0.02	865	1529320	卖盘
14:58:53	17.7	0.01	660	1168200	买盘
14:58:49	17.69	--	975	1724775	买盘
14:58:44	17.69	--	688	1217072	买盘
14:58:38	17.69	-0.01	1750	3095750	卖盘
14:58:34	17.7	--	697	1233690	买盘
14:58:29	17.7	0.01	624	1104480	买盘
14:58:23	17.69	0.01	1570	2777330	买盘
14:58:19	17.68	-0.01	1681	2972008	卖盘
14:58:14	17.69	--	2616	4627704	卖盘
14:58:08	17.69	--	299	528931	卖盘
14:58:04	17.69	--	99	175131	卖盘
14:57:59	17.69	0.01	1063	1880447	买盘
14:57:53	17.68	-0.01	61	107848	卖盘
14:57:49	17.69	0.01	429	758901	买盘
14:57:44	17.68	0.01	2186	3864848	买盘
14:57:38	17.67	--	170	300390	卖盘
14:57:34	17.67	--	1586	2802462	卖盘
14:57:29	17.67	0.01	4689	8285463	买盘
14:57:23	17.66	0.01	1509	2664894	买盘
14:57:19	17.65	--	41	72365	卖盘
14:57:14	17.65	-0.01	2763	4876695	卖盘
14:57:08	17.66	0.01	1839	3247674	买盘
14:57:04	17.65	0.01	262	462429	买盘
14:56:59	17.64	-0.01	648	1143072	卖盘
14:56:53	17.65	0.01	2263	3994194	买盘
14:56:49	17.64	--	170	299880	卖盘
14:56:44	17.64	0.01	733	1293012	买盘
14:56:38	17.63	-0.02	3128	5514664	卖盘
14:56:34	17.65	--	121	213564	买盘
14:56:29	17.65	--	450	794249	买盘
14:56:23	17.65	--	925	1632624	卖盘
14:56:19	17.65	0.01	1613	2846945	卖盘
14:56:14	17.64	-0.01	1008	1778112	卖盘
14:56:08	17.65	0.01	4171	7361814	买盘
14:56:04	17.64	--	1048	1848672	买盘
14:55:58	17.64	-0.01	567	1000188	卖盘
14:55:53	17.65	--	671	1184315	买盘
14:55:47	17.65	--	618	1090770	买盘
14:55:43	17.65	--	405	714825	买盘
14:55:38	17.65	--	1616	2852240	买盘
14:55:32	17.65	-0.01	3867	6825254	卖盘
14:55:28	17.66	0.01	320	565120	买盘
14:55:23	17.65	--	862	1521429	卖盘
14:55:17	17.65	--	1380	2435700	买盘
14:55:13	17.65	--	814	1436710	买盘
14:55:08	17.65	--	1867	3295254	卖盘
14:55:02	17.65	-0.01	3733	6588744	卖盘
14:54:58	17.66	0.01	205	362030	买盘
14:54:53	17.65	--	356	628340	卖盘
14:54:47	17.65	--	2694	4754910	买盘
14:54:43	17.65	--	528	931919	买盘
14:54:38	17.65	-0.01	234	413009	中性盘
14:54:32	17.66	--	1921	3392486	买盘
14:54:28	17.66	--	272	480352	买盘
14:54:23	17.66	0.01	299	528034	买盘
14:54:17	17.65	-0.01	266	469489	卖盘
14:54:13	17.66	0.01	626	1105516	买盘
14:54:08	17.65	--	1821	3214064	买盘
14:54:02	17.65	--	304	536560	买盘
14:53:58	17.65	-0.02	1348	2379220	卖盘
14:53:53	17.67	0.02	2472	4368024	买盘
14:53:47	17.65	-0.01	612	1080180	卖盘
14:53:43	17.66	--	253	446798	买盘
14:53:38	17.66	0.01	1188	2098008	买盘
14:53:32	17.65	--	2921	5155565	买盘
14:53:28	17.65	--	118	208269	买盘
14:53:23	17.65	-0.01	2512	4433680	卖盘
14:53:17	17.66	-0.01	858	1515228	卖盘
14:53:13	17.67	0.01	775	1369425	买盘
14:53:08	17.66	--	736	1299776	卖盘
14:53:02	17.66	-0.01	658	1162028	卖盘
14:52:58	17.67	0.02	121	213807	买盘
14:52:53	17.65	-0.01	524	924859	卖盘
14:52:47	17.66	--	1503	2654298	买盘
14:52:43	17.66	--	58	102428	买盘
14:52:38	17.66	0.01	1119	1976154	买盘
14:52:32	17.65	--	174	307110	买盘
14:52:28	17.65	--	198	349470	买盘
14:52:23	17.65	--	511	901914	买盘
14:52:17	17.65	0.01	1268	2238020	买盘
14:52:13	17.64	--	90	158760	卖盘
14:52:08	17.64	-0.01	113	199332	卖盘
14:52:02	17.65	--	617	1089005	卖盘
14:51:58	17.65	0.02	3237	5713305	买盘
14:51:53	17.63	-0.01	204	359652	卖盘
14:51:47	17.64	0.01	197	347508	买盘
14:51:43	17.63	0.01	423	745749	中性盘
14:51:38	17.62	--	432	762241	卖盘
14:51:32	17.62	--	603	1062486	卖盘
14:51:28	17.62	-0.01	120	211440	卖盘
14:51:23	17.63	0.01	760	1339880	买盘
14:51:17	17.62	--	537	946194	买盘
14:51:13	17.62	--	205	361210	买盘
14:51:08	17.62	--	1831	3226222	卖盘
14:51:02	17.62	-0.01	434	764708	卖盘
14:50:58	17.63	0.01	214	377282	买盘
14:50:53	17.62	-0.01	829	1460698	卖盘
14:50:47	17.63	--	372	655836	买盘
14:50:43	17.63	-0.01	328	578264	卖盘
14:50:38	17.64	0.01	4380	7726320	买盘
14:50:32	17.63	--	744	1311672	卖盘
14:50:27	17.63	--	129	227427	买盘
14:50:23	17.63	--	512	902656	卖盘
14:50:17	17.63	-0.01	163	287369	卖盘
14:50:13	17.64	0.01	152	268128	买盘
14:50:08	17.63	-0.01	2087	3679381	卖盘
14:50:02	17.64	--	181	319284	买盘
14:49:58	17.64	--	159	280476	卖盘
14:49:53	17.64	--	772	1361808	卖盘
14:49:47	17.64	--	356	627984	卖盘
14:49:42	17.64	--	473	834372	买盘
14:49:37	17.64	--	1314	2317896	买盘
14:49:32	17.64	0.01	720	1270080	买盘
14:49:26	17.63	-0.01	2398	4227674	卖盘
14:49:22	17.64	--	498	878472	卖盘
14:49:17	17.64	--	498	878472	买盘
14:49:11	17.64	--	90	158760	买盘
14:49:07	17.64	--	143	252252	买盘
14:49:02	17.64	--	384	677376	买盘
14:48:56	17.64	-0.01	1702	3002328	卖盘
14:48:52	17.65	0.01	72	127079	买盘
14:48:47	17.64	--	375	661500	卖盘
14:48:41	17.64	-0.01	149	262836	卖盘
14:48:37	17.65	0.01	126	222389	买盘
14:48:32	17.64	-0.01	239	421596	卖盘
14:48:26	17.65	--	1365	2409225	卖盘
14:48:22	17.65	-0.01	2280	4024199	卖盘
14:48:17	17.66	0.01	315	556290	买盘
14:48:11	17.65	--	723	1276095	买盘
14:48:07	17.65	--	289	510084	买盘
14:48:02	17.65	--	565	997224	买盘
14:47:56	17.65	0.01	638	1126070	买盘
14:47:52	17.64	-0.01	4401	7764069	卖盘
14:47:47	17.65	--	479	846493	买盘
14:47:41	17.65	--	1813	3200650	买盘
14:47:37	17.65	0.01	197	347705	买盘
14:47:32	17.64	-0.01	652	1150128	卖盘
14:47:26	17.65	--	101	178265	买盘
14:47:22	17.65	-0.01	106	187089	卖盘
14:47:17	17.66	0.01	1285	2269310	买盘
14:47:11	17.65	--	176	310640	卖盘
14:47:07	17.65	--	206	363589	卖盘
14:47:02	17.65	0.01	765	1351284	买盘
14:46:56	17.64	0.01	1562	2756885	买盘
14:46:52	17.63	--	1235	2177305	卖盘
14:46:47	17.63	--	1207	2127941	卖盘
14:46:41	17.63	--	1067	1881121	卖盘
14:46:37	17.63	--	47	82861	卖盘
14:46:32	17.63	--	1175	2071524	买盘
14:46:26	17.63	--	381	671703	买盘
14:46:22	17.63	--	131	230953	买盘
14:46:17	17.63	--	358	631154	卖盘
14:46:11	17.63	--	1657	2921291	卖盘
14:46:07	17.63	--	629	1108927	卖盘
14:46:02	17.63	-0.01	391	689333	卖盘
14:45:56	17.64	--	129	227556	买盘
14:45:52	17.64	--	74	130536	买盘
14:45:47	17.64	-0.01	223	393372	卖盘
14:45:41	17.65	0.01	2053	3623544	买盘
14:45:36	17.64	-0.01	820	1446480	卖盘
14:45:32	17.65	0.01	199	351235	买盘
14:45:26	17.64	--	920	1622880	卖盘
14:45:22	17.64	-0.01	1671	2947644	卖盘
14:45:17	17.65	-0.02	1693	2989027	卖盘
14:45:11	17.67	--	96	169632	买盘
14:45:07	17.67	--	3043	5376981	买盘
14:45:02	17.67	--	1153	2037351	卖盘
14:44:56	17.67	-0.01	102	180234	卖盘
14:44:52	17.68	0.01	105	185640	买盘
14:44:47	17.67	-0.01	64	113088	卖盘
14:44:41	17.68	0.01	247	436696	买盘
14:44:37	17.67	-0.01	142	250914	卖盘
14:44:32	17.68	--	1626	2874768	卖盘
14:44:26	17.68	--	558	986544	卖盘
14:44:22	17.68	-0.01	5	8840	中性盘
14:44:17	17.69	--	389	688141	买盘
14:44:11	17.69	0.01	158	279502	买盘
14:44:07	17.68	--	755	1334840	卖盘
14:44:02	17.68	-0.01	94	166192	卖盘
14:43:56	17.69	--	434	767746	卖盘
14:43:52	17.69	--	131	231739	卖盘
14:43:47	17.69	--	562	994178	卖盘
14:43:41	17.69	--	246	435174	卖盘
14:43:37	17.69	--	752	1330288	买盘
14:43:32	17.69	0.02	1188	2101572	买盘
14:43:26	17.67	-0.01	1359	2401353	卖盘
14:43:22	17.68	--	54	95472	卖盘
14:43:17	17.68	--	827	1462136	卖盘
14:43:11	17.68	--	101	178568	卖盘
14:43:07	17.68	--	1235	2183480	卖盘
14:43:02	17.68	0.01	5	9724	买盘
14:42:56	17.67	--	1795	3171765	买盘
14:42:50	17.67	-0.01	486	858762	卖盘
14:42:46	17.68	-0.01	2107	3725176	卖盘
14:42:41	17.69	0.01	802	1418738	买盘
14:42:35	17.68	--	187	330616	买盘
14:42:31	17.68	--	160	282880	买盘
14:42:26	17.68	--	424	749632	买盘
14:42:20	17.68	0.01	619	1094392	买盘
14:42:16	17.67	--	401	708567	卖盘
14:42:11	17.67	--	432	763344	买盘
14:42:05	17.67	0.01	412	728004	买盘
14:42:01	17.66	--	220	388520	卖盘
14:41:56	17.66	0.01	549	969534	中性盘
14:41:50	17.65	-0.01	649	1145485	卖盘
14:41:46	17.66	--	663	1170858	买盘
14:41:41	17.66	--	635	1121410	买盘
14:41:35	17.66	0.01	342	603972	买盘
14:41:31	17.65	-0.01	799	1410235	卖盘
14:41:26	17.66	--	666	1176156	买盘
14:41:20	17.66	--	1338	2362908	卖盘
14:41:16	17.66	--	279	492714	买盘
14:41:11	17.66	0.01	267	471522	中性盘
14:41:05	17.65	-0.01	422	744829	卖盘
14:41:01	17.66	--	219	386754	卖盘
14:40:56	17.66	0.02	484	856492	买盘
14:40:50	17.64	-0.01	537	947268	卖盘
14:40:46	17.65	--	901	1590264	卖盘
14:40:41	17.65	0.01	996	1758363	买盘
14:40:35	17.64	-0.01	432	762048	卖盘
14:40:31	17.65	0.01	228	402419	买盘
14:40:26	17.64	--	976	1721664	卖盘
14:40:20	17.64	-0.01	137	241668	卖盘
14:40:16	17.65	0.01	2106	3717089	买盘
14:40:11	17.64	-0.01	385	679140	买盘
14:40:05	17.65	--	3147	5555796	买盘
14:40:01	17.65	--	106	187089	买盘
14:39:56	17.65	--	509	898384	买盘
14:39:50	17.65	--	232	409479	买盘
14:39:46	17.65	--	83	146495	卖盘
14:39:41	17.65	--	1160	2047399	卖盘
14:39:35	17.65	--	312	550680	卖盘
14:39:31	17.65	--	236	416539	卖盘
14:39:26	17.65	--	489	863084	卖盘
14:39:20	17.65	0.01	2749	4852408	买盘
14:39:16	17.64	--	114	201096	买盘
14:39:11	17.64	--	1924	3393936	买盘
14:39:05	17.64	--	999	1762236	卖盘
14:39:01	17.64	-0.01	91	160524	卖盘
14:38:56	17.65	0.01	416	734239	买盘
14:38:50	17.64	--	615	1084860	买盘
14:38:46	17.64	0.01	112	197568	买盘
14:38:41	17.63	-0.01	459	809217	卖盘
14:38:35	17.64	--	951	1677564	买盘
14:38:31	17.64	-0.01	61	109121	卖盘
14:38:26	17.65	--	808	1426120	买盘
14:38:20	17.65	--	522	921329	买盘
14:38:16	17.65	--	151	266762	买盘
14:38:11	17.65	-0.02	695	1228263	卖盘
14:38:05	17.67	0.01	662	1169754	买盘
14:38:01	17.66	--	1286	2271076	买盘
14:37:56	17.66	-0.02	583	1029578	卖盘
14:37:50	17.68	--	225	397800	买盘
14:37:46	17.68	--	292	516256	卖盘
14:37:41	17.68	-0.02	168	297024	卖盘
14:37:35	17.7	--	69	122130	买盘
14:37:31	17.7	-0.01	25	44250	卖盘
14:37:26	17.71	0.01	1136	2011856	买盘
14:37:20	17.7	--	54	95580	卖盘
14:37:15	17.7	0.02	1238	2191260	买盘
14:37:11	17.68	0.02	316	558688	卖盘
14:37:05	17.66	-0.01	2044	3609704	卖盘
14:37:01	17.67	0.01	181	319827	卖盘
14:36:56	17.66	-0.01	2118	3740388	卖盘
14:36:50	17.67	--	984	1738904	买盘
14:36:46	17.67	--	155	273885	买盘
14:36:41	17.67	--	1144	2023038	卖盘
14:36:35	17.67	--	555	980685	卖盘
14:36:29	17.67	0.02	666	1176998	买盘
14:36:25	17.65	--	259	457134	卖盘
14:36:20	17.65	-0.02	3377	5960404	卖盘
14:36:14	17.67	0.02	252	445284	买盘
14:36:10	17.65	-0.01	247	435954	卖盘
14:36:05	17.66	0.02	2565	4529790	买盘
14:35:59	17.64	--	510	899640	卖盘
14:35:55	17.64	--	273	481572	买盘
14:35:50	17.64	--	544	959616	买盘
14:35:44	17.64	--	1229	2167956	买盘
14:35:40	17.64	-0.01	333	587412	卖盘
14:35:35	17.65	--	949	1674984	买盘
14:35:29	17.65	--	582	1027229	买盘
14:35:25	17.65	-0.01	153	270045	卖盘
14:35:20	17.66	0.01	409	722294	买盘
14:35:14	17.65	-0.01	1690	2982849	卖盘
14:35:10	17.66	--	144	254304	买盘
14:35:05	17.66	--	185	326710	买盘
14:34:59	17.66	--	659	1165383	卖盘
14:34:55	17.66	--	283	499778	卖盘
14:34:50	17.66	--	627	1107282	卖盘
14:34:44	17.66	0.02	2529	4466390	买盘
14:34:40	17.64	-0.01	556	980784	卖盘
14:34:35	17.65	--	2578	4550170	买盘
14:34:29	17.65	--	470	829549	买盘
14:34:25	17.65	0.02	589	1039584	买盘
14:34:20	17.63	--	478	842714	卖盘
14:34:14	17.63	0.01	1298	2288374	买盘
14:34:10	17.62	--	392	690704	卖盘
14:34:05	17.62	--	2654	4676348	卖盘
14:33:59	17.62	--	666	1173492	买盘
14:33:55	17.62	--	116	204392	买盘
14:33:50	17.62	--	1552	2734624	买盘
14:33:44	17.62	-0.01	368	648416	卖盘
14:33:40	17.63	0.03	312	550831	买盘
14:33:35	17.6	--	4030	7093785	卖盘
14:33:29	17.6	0.01	3529	6211814	买盘
14:33:25	17.59	--	2146	3774814	卖盘
14:33:20	17.59	0.01	1668	2934012	买盘
14:33:14	17.58	--	1750	3076499	买盘
14:33:10	17.58	--	515	905369	买盘
14:33:05	17.58	0.01	2831	4976897	买盘
14:32:59	17.57	-0.03	5112	8981784	卖盘
14:32:55	17.6	--	775	1364000	买盘
14:32:50	17.6	0.01	1002	1763520	买盘
14:32:44	17.59	-0.01	777	1366743	卖盘
14:32:40	17.6	-0.03	6048	10644603	卖盘
14:32:35	17.63	0.03	10155	17904904	卖盘
14:32:29	17.6	-0.05	20598	36252480	卖盘
14:32:25	17.65	0.01	319	563035	中性盘
14:32:20	17.64	-0.01	2325	4101300	卖盘
14:32:14	17.65	--	587	1036054	买盘
14:32:10	17.65	--	232	409479	买盘
14:32:05	17.65	--	650	1147250	买盘
14:31:59	17.65	--	3083	5441495	卖盘
14:31:54	17.65	-0.01	637	1124305	卖盘
14:31:50	17.66	0.01	795	1403970	买盘
14:31:44	17.65	--	1342	2368630	卖盘
14:31:40	17.65	--	1373	2423345	买盘
14:31:35	17.65	0.01	2030	3582949	买盘
14:31:29	17.64	-0.01	514	906696	卖盘
14:31:25	17.65	-0.01	909	1604384	卖盘
14:31:20	17.66	0.01	817	1442822	买盘
14:31:14	17.65	-0.01	1364	2407460	中性盘
14:31:10	17.66	0.01	2565	4529790	买盘
14:31:05	17.65	-0.01	1007	1777354	卖盘
14:30:59	17.66	-0.01	722	1275052	卖盘
14:30:55	17.67	0.01	1778	3141726	买盘
14:30:50	17.66	0.01	299	528034	中性盘
14:30:44	17.65	-0.02	1145	2020924	卖盘
14:30:40	17.67	0.01	482	851694	中性盘
14:30:35	17.66	0.01	415	732890	买盘
14:30:29	17.65	--	1085	1915024	卖盘
14:30:25	17.65	--	551	972514	卖盘
14:30:20	17.65	-0.01	331	584215	卖盘
14:30:14	17.66	-0.02	635	1121410	中性盘
14:30:10	17.68	0.03	522	922896	买盘
14:30:05	17.65	-0.05	5399	9529235	卖盘
14:29:59	17.7	0.01	1157	2047890	买盘
14:29:53	17.69	--	1128	1995432	买盘
14:29:49	17.69	--	94	166286	卖盘
14:29:44	17.69	--	707	1250683	买盘
14:29:38	17.69	-0.01	1861	3292109	卖盘
14:29:34	17.7	--	118	208860	买盘
14:29:29	17.7	0.01	166	293820	买盘
14:29:23	17.69	--	677	1197613	卖盘
14:29:19	17.69	0.01	947	1675243	中性盘
14:29:14	17.68	--	639	1129752	卖盘
14:29:08	17.68	-0.01	218	385424	卖盘
14:29:04	17.69	0.01	537	949953	买盘
14:28:59	17.68	-0.02	633	1119144	卖盘
14:28:53	17.7	0.01	279	493830	买盘
14:28:49	17.69	-0.01	450	796050	卖盘
14:28:44	17.7	--	7360	13027200	卖盘
14:28:38	17.7	-0.02	7655	13549350	卖盘
14:28:34	17.72	--	273	483755	卖盘
14:28:29	17.72	-0.01	109	193148	卖盘
14:28:23	17.73	--	277	491121	买盘
14:28:19	17.73	-0.01	2480	4397040	卖盘
14:28:14	17.74	--	1086	1926563	买盘
14:28:08	17.74	--	189	335285	买盘
14:28:04	17.74	--	7	12417	买盘
14:27:59	17.74	--	296	525104	买盘
14:27:53	17.74	-0.01	277	492267	卖盘
14:27:49	17.75	0.03	468	831605	买盘
14:27:44	17.72	-0.02	1605	2844060	卖盘
14:27:38	17.74	-0.02	1308	2321261	卖盘
14:27:34	17.76	0.01	933	1657008	买盘
14:27:29	17.75	--	30	53250	买盘
14:27:23	17.75	-0.01	934	1657850	卖盘
14:27:19	17.76	--	128	227328	买盘
14:27:14	17.76	0.01	85	150960	中性盘
14:27:08	17.75	-0.02	1609	2855975	卖盘
14:27:04	17.77	--	83	147491	买盘
14:26:59	17.77	--	7	12439	买盘
14:26:53	17.77	--	1036	1840972	买盘
14:26:49	17.77	--	53	94181	买盘
14:26:44	17.77	--	172	305644	卖盘
14:26:38	17.77	--	3092	5494484	卖盘
14:26:34	17.77	--	126	223902	买盘
14:26:29	17.77	0.01	26	46202	买盘
14:26:23	17.76	-0.01	138	245088	卖盘
14:26:19	17.77	-0.01	7	12439	卖盘
14:26:14	17.78	0.01	34	60452	买盘
14:26:08	17.77	--	83	147491	买盘
14:26:04	17.77	--	70	124390	买盘
14:25:59	17.77	-0.01	434	771218	卖盘
14:25:53	17.78	--	12	21336	卖盘
14:25:49	17.78	--	336	597408	卖盘
14:25:44	17.78	-0.01	142	252476	卖盘
14:25:38	17.79	0.01	226	402054	买盘
14:25:34	17.78	--	103	183134	卖盘
14:25:29	17.78	--	881	1566418	买盘
14:25:23	17.78	--	180	320040	买盘
14:25:19	17.78	0.01	5	8890	买盘
14:25:14	17.77	--	73	129721	卖盘
14:25:08	17.77	--	36	63972	卖盘
14:25:04	17.77	-0.01	106	188362	卖盘
14:24:59	17.78	--	91	161798	卖盘
14:24:53	17.78	--	1204	2140712	卖盘
14:24:49	17.78	--	1004	1785112	买盘
14:24:44	17.78	0.01	91	161798	买盘
14:24:38	17.77	--	59	104843	卖盘
14:24:34	17.77	0.01	10	17770	卖盘
14:24:29	17.76	-0.02	15	26640	卖盘
14:24:23	17.78	0.01	869	1545082	买盘
14:24:18	17.77	0.01	117	207909	买盘
14:24:14	17.76	--	896	1591296	卖盘
14:24:08	17.76	0.01	459	815184	买盘
14:24:04	17.75	--	96	170400	买盘
14:23:59	17.75	0.01	67	118925	买盘
14:23:53	17.74	--	82	145468	卖盘
14:23:49	17.74	-0.04	2024	3590575	卖盘
14:23:44	17.78	0.03	396	704994	买盘
14:23:38	17.75	0.02	167	296425	买盘
14:23:32	17.73	-0.01	927	1643571	卖盘
14:23:28	17.74	--	16	28383	买盘
14:23:23	17.74	--	345	612030	买盘
14:23:17	17.74	-0.03	3988	7075581	卖盘
14:23:13	17.77	0.01	26	46202	卖盘
14:23:08	17.76	--	186	330336	卖盘
14:23:02	17.76	--	708	1257408	卖盘
14:22:58	17.76	-0.01	32	56832	中性盘
14:22:53	17.77	--	254	451358	买盘
14:22:47	17.77	-0.02	120	213240	卖盘
14:22:43	17.79	--	2218	3945822	买盘
14:22:38	17.79	0.04	260	462540	买盘
14:22:32	17.75	-0.03	396	702900	卖盘
14:22:28	17.78	--	1041	1850898	买盘
14:22:23	17.78	-0.01	1398	2486764	卖盘
14:22:17	17.79	--	61	108519	买盘
14:22:13	17.79	--	59	104961	买盘
14:22:08	17.79	--	644	1145676	卖盘
14:22:02	17.79	-0.01	58	103182	卖盘
14:21:58	17.8	--	340	605200	买盘
14:21:53	17.8	--	1086	1934219	卖盘
14:21:47	17.8	--	44	78960	卖盘
14:21:43	17.8	--	698	1242440	卖盘
14:21:38	17.8	--	969	1724820	卖盘
14:21:32	17.8	--	1247	2219660	买盘
14:21:28	17.8	--	20	35600	买盘
14:21:23	17.8	--	267	475260	买盘
14:21:17	17.8	--	139	247420	卖盘
14:21:13	17.8	0.01	478	850840	买盘
14:21:08	17.79	--	2037	3623823	卖盘
14:21:02	17.79	-0.01	350	622650	卖盘
14:20:58	17.8	--	796	1416880	卖盘
14:20:53	17.8	--	190	338200	卖盘
14:20:47	17.8	--	1155	2055900	买盘
14:20:43	17.8	0.01	113	201140	买盘
14:20:38	17.79	--	85	151215	卖盘
14:20:32	17.79	0.01	536	953544	卖盘
14:20:28	17.78	-0.01	346	615188	卖盘
14:20:23	17.79	--	305	542595	买盘
14:20:17	17.79	--	510	907290	买盘
14:20:13	17.79	0.01	24	42696	买盘
14:20:08	17.78	--	63	112014	卖盘
14:20:02	17.78	-0.01	138	245364	卖盘
14:19:58	17.79	--	1176	2092104	卖盘
14:19:53	17.79	-0.01	111	197469	卖盘
14:19:47	17.8	0.02	1074	1911720	买盘
14:19:43	17.78	-0.01	82	145796	卖盘
14:19:38	17.79	--	652	1159908	买盘
14:19:32	17.79	-0.01	1280	2277120	卖盘
14:19:28	17.8	--	72	128160	卖盘
14:19:23	17.8	--	2944	5240320	买盘
14:19:17	17.8	--	289	514420	买盘
14:19:08	17.8	0.01	946	1683880	买盘
14:19:02	17.79	--	223	396717	卖盘
14:18:58	17.79	-0.01	2	3558	卖盘
14:18:53	17.8	0.01	1020	1815600	买盘
14:18:47	17.79	--	288	513010	买盘
14:18:43	17.79	--	21	37359	买盘
14:18:38	17.79	--	294	523026	买盘
14:18:32	17.79	--	18	32022	买盘
14:18:28	17.79	0.01	75	133425	买盘
14:18:23	17.78	--	240	426720	买盘
14:18:17	17.78	-0.01	880	1564640	卖盘
14:18:13	17.79	--	149	265071	买盘
14:18:08	17.79	--	84	149436	买盘
14:18:02	17.79	--	347	617313	买盘
14:17:58	17.79	0.01	50	88950	买盘
14:17:53	17.78	-0.01	94	168021	卖盘
14:17:47	17.79	0.03	847	1506813	买盘
14:17:42	17.76	--	99	175824	买盘
14:17:38	17.76	-0.03	1809	3212784	卖盘
14:17:32	17.79	0.01	1073	1908867	买盘
14:17:27	17.78	--	120	213360	卖盘
14:17:22	17.78	--	98	174244	卖盘
14:17:17	17.78	0.01	659	1171702	买盘
14:17:11	17.77	--	134	238118	卖盘
14:17:07	17.77	--	108	191916	买盘
14:17:02	17.77	0.02	129	229233	卖盘
14:16:56	17.75	-0.03	1689	2997975	卖盘
14:16:52	17.78	--	75	133350	买盘
14:16:47	17.78	--	51	90678	买盘
14:16:41	17.78	-0.01	2855	5076190	卖盘
14:16:37	17.79	--	27	48033	买盘
14:16:32	17.79	0.01	626	1113654	买盘
14:16:26	17.78	--	633	1125474	买盘
14:16:22	17.78	--	101	179578	买盘
14:16:17	17.78	--	467	830326	买盘
14:16:11	17.78	0.01	616	1095248	买盘
14:16:07	17.77	--	1571	2791667	买盘
14:16:02	17.77	--	196	348292	买盘
14:15:56	17.77	--	378	671706	买盘
14:15:52	17.77	0.01	10	17770	买盘
14:15:47	17.76	-0.01	54	95904	卖盘
14:15:41	17.77	0.01	871	1547784	买盘
14:15:37	17.76	--	20	35520	买盘
14:15:32	17.76	--	257	456432	买盘
14:15:26	17.76	-0.01	1328	2360286	卖盘
14:15:22	17.77	0.02	183	325208	买盘
14:15:17	17.75	-0.01	23	40825	卖盘
14:15:11	17.76	--	308	547008	买盘
14:15:07	17.76	--	34	60384	买盘
14:15:02	17.76	--	4635	8231760	卖盘
14:14:56	17.76	0.01	376	667776	买盘
14:14:52	17.75	-0.01	228	404700	卖盘
14:14:47	17.76	--	165	293040	卖盘
14:14:41	17.76	--	209	371184	卖盘
14:14:37	17.76	--	150	266400	买盘
14:14:32	17.76	0.01	139	246864	买盘
14:14:26	17.75	-0.01	1503	2667825	卖盘
14:14:22	17.76	0.01	61	108336	买盘
14:14:17	17.75	--	29	51475	卖盘
14:14:11	17.75	--	506	898150	买盘
14:14:07	17.75	0.01	87	154425	买盘
14:14:02	17.74	--	305	541070	买盘
14:13:56	17.74	-0.02	1233	2187342	卖盘
14:13:51	17.76	0.01	16	28416	买盘
14:13:47	17.75	-0.01	841	1492775	卖盘
14:13:41	17.76	--	29	51504	买盘
14:13:37	17.76	-0.01	51	90576	卖盘
14:13:32	17.77	0.01	65	115505	买盘
14:13:26	17.76	0.02	119	211344	买盘
14:13:21	17.74	--	315	558810	卖盘
14:13:17	17.74	-0.02	697	1236478	卖盘
14:13:11	17.76	--	41	72816	买盘
14:13:07	17.76	0.01	86	152736	买盘
14:13:02	17.75	-0.01	257	456175	卖盘
14:12:56	17.76	0.01	210	372960	买盘
14:12:51	17.75	-0.01	92	163300	卖盘
14:12:47	17.76	--	404	717504	买盘
14:12:41	17.76	--	808	1435008	卖盘
14:12:32	17.76	--	145	257520	买盘
14:12:26	17.76	--	114	202464	买盘
14:12:22	17.76	--	149	264624	买盘
14:12:17	17.76	--	516	916416	买盘
14:12:11	17.76	--	115	204240	买盘
14:12:07	17.76	--	107	190032	买盘
14:12:02	17.76	--	57	101232	卖盘
14:11:56	17.76	--	52	92352	卖盘
14:11:51	17.76	0.01	52	92352	中性盘
14:11:47	17.75	0.01	999	1773225	买盘
14:11:41	17.74	-0.01	116	205783	卖盘
14:11:36	17.75	-0.01	58	102950	卖盘
14:11:32	17.76	0.01	61	108336	买盘
14:11:26	17.75	0.01	345	612375	买盘
14:11:22	17.74	-0.02	162	287388	卖盘
14:11:17	17.76	0.02	77	136752	买盘
14:11:11	17.74	-0.02	1413	2506662	卖盘
14:11:05	17.76	0.02	272	483072	买盘
14:11:01	17.74	--	223	395601	卖盘
14:10:56	17.74	--	166	294484	卖盘
14:10:50	17.74	--	267	473657	卖盘
14:10:46	17.74	--	85	150790	买盘
14:10:41	17.74	--	68	120631	买盘
14:10:35	17.74	-0.01	296	525104	卖盘
14:10:31	17.75	0.01	115	204125	买盘
14:10:26	17.74	-0.01	297	526878	卖盘
14:10:20	17.75	--	11	19525	买盘
14:10:16	17.75	--	73	129575	买盘
14:10:11	17.75	--	661	1173275	卖盘
14:10:05	17.75	--	536	951400	卖盘
14:10:01	17.75	-0.01	25	44375	卖盘
14:09:55	17.76	--	19	33744	买盘
14:09:50	17.76	0.01	21	37296	中性盘
14:09:46	17.75	-0.02	5	8875	卖盘
14:09:41	17.77	0.03	59	104843	买盘
14:09:35	17.74	-0.01	418	741531	卖盘
14:09:31	17.75	-0.03	257	456175	卖盘
14:09:26	17.78	0.02	61	108458	买盘
14:09:20	17.76	--	45	79920	买盘
14:09:16	17.76	0.01	5	8880	买盘
14:09:11	17.75	-0.01	40	71000	卖盘
14:09:05	17.76	-0.01	725	1287600	卖盘
14:08:56	17.77	--	116	206132	卖盘
14:08:50	17.77	-0.01	33	58641	卖盘
14:08:46	17.78	0.02	189	336042	买盘
14:08:41	17.76	--	106	188256	卖盘
14:08:35	17.76	-0.01	825	1465200	卖盘
14:08:31	17.77	0.02	81	143937	买盘
14:08:26	17.75	-0.01	327	580425	卖盘
14:08:20	17.76	0.01	83	147408	买盘
14:08:11	17.75	--	41	72775	卖盘
14:08:05	17.75	0.01	681	1208775	买盘
14:08:01	17.74	-0.01	340	603160	卖盘
14:07:56	17.75	-0.01	819	1453725	卖盘
14:07:50	17.76	--	30	53280	买盘
14:07:46	17.76	-0.01	58	103008	中性盘
14:07:41	17.77	0.02	264	469128	买盘
14:07:35	17.75	--	206	365650	卖盘
14:07:31	17.75	--	0	0	卖盘
14:07:26	17.75	-0.03	1058	1877950	卖盘
14:07:20	17.78	0.03	519	922782	买盘
14:07:16	17.75	--	40	71000	卖盘
14:07:11	17.75	-0.01	104	184600	卖盘
14:07:05	17.76	0.01	14	24864	买盘
14:07:01	17.75	--	9	15975	买盘
14:06:56	17.75	-0.01	523	928325	卖盘
14:06:50	17.76	--	139	246864	买盘
14:06:46	17.76	--	149	264624	买盘
14:06:41	17.76	--	159	282384	买盘
14:06:35	17.76	--	104	184704	买盘
14:06:31	17.76	--	18	31968	买盘
14:06:26	17.76	--	919	1632144	买盘
14:06:20	17.76	0.01	191	339216	买盘
14:06:16	17.75	-0.01	62	110050	卖盘
14:06:11	17.76	-0.02	477	847152	卖盘
14:06:05	17.78	--	172	305816	买盘
14:06:01	17.78	0.02	73	129794	买盘
14:05:56	17.76	0.02	37	65712	卖盘
14:05:50	17.74	-0.01	1121	1988653	卖盘
14:05:46	17.75	-0.04	399	708225	卖盘
14:05:41	17.79	--	304	540816	买盘
14:05:35	17.79	--	164	291756	买盘
14:05:29	17.79	0.02	608	1081632	买盘
14:05:26	17.77	0.01	59	104843	买盘
14:05:20	17.76	-0.01	155	275280	卖盘
14:05:16	17.77	--	123	218571	卖盘
14:05:11	17.77	--	141	250557	卖盘
14:05:05	17.77	-0.02	110	195470	中性盘
14:05:01	17.79	0.03	146	259734	买盘
14:04:56	17.76	-0.01	289	513264	卖盘
14:04:50	17.77	-0.01	161	287216	卖盘
14:04:44	17.78	0.01	93	165354	中性盘
14:04:40	17.77	-0.01	15	27312	卖盘
14:04:35	17.78	0.02	153	272034	买盘
14:04:29	17.76	-0.02	113	200688	卖盘
14:04:25	17.78	--	20	35560	买盘
14:04:20	17.78	0.01	119	212702	买盘
14:04:14	17.77	-0.01	608	1081073	卖盘
14:04:10	17.78	--	138	245364	卖盘
14:04:05	17.78	0.01	34	60452	卖盘
14:03:59	17.77	--	127	225679	中性盘
14:03:55	17.77	0.02	2	3554	买盘
14:03:50	17.75	-0.03	122	216550	卖盘
14:03:44	17.78	0.02	1469	2611882	买盘
14:03:40	17.76	-0.02	1096	1947614	卖盘
14:03:35	17.78	0.01	1039	1847342	买盘
14:03:29	17.77	--	1250	2221250	卖盘
14:03:25	17.77	--	55	97735	卖盘
14:03:20	17.77	0.02	1784	3170825	买盘
14:03:14	17.75	--	396	702900	买盘
14:03:10	17.75	-0.01	1171	2078525	中性盘
14:03:05	17.76	0.03	273	484848	买盘
14:02:59	17.73	--	137	244017	卖盘
14:02:55	17.73	-0.02	245	434385	卖盘
14:02:50	17.75	--	58	102950	卖盘
14:02:44	17.75	-0.01	36	63900	卖盘
14:02:40	17.76	0.03	201	356976	买盘
14:02:35	17.73	--	656	1163088	卖盘
14:02:29	17.73	-0.02	247	438587	卖盘
14:02:25	17.75	0.03	141	250275	买盘
14:02:20	17.72	-0.01	143	253395	卖盘
14:02:14	17.73	--	181	320913	买盘
14:02:10	17.73	-0.02	87	154251	买盘
14:02:05	17.75	0.02	1104	1959600	买盘
14:01:59	17.73	--	129	229833	卖盘
14:01:55	17.73	--	22	39006	卖盘
14:01:50	17.73	-0.02	426	755298	卖盘
14:01:44	17.75	0.01	351	623025	买盘
14:01:40	17.74	--	9	15965	买盘
14:01:35	17.74	--	442	784107	买盘
14:01:29	17.74	-0.03	855	1516769	卖盘
14:01:25	17.77	--	100	177700	卖盘
14:01:20	17.77	0.02	201	357177	卖盘
14:01:14	17.75	--	827	1467925	买盘
14:01:10	17.75	--	87	154425	卖盘
14:01:05	17.75	--	101	179275	卖盘
14:00:59	17.75	-0.01	270	479250	卖盘
14:00:55	17.76	0.01	9	15984	买盘
14:00:50	17.75	-0.01	302	536050	卖盘
14:00:44	17.76	0.01	136	241536	买盘
14:00:39	17.75	-0.01	215	381625	卖盘
14:00:35	17.76	--	35	62160	买盘
14:00:29	17.76	--	493	876225	买盘
14:00:25	17.76	--	68	120768	买盘
14:00:19	17.76	-0.01	630	1118880	卖盘
14:00:14	17.77	--	796	1414492	买盘
14:00:10	17.77	--	5	8885	买盘
14:00:05	17.77	0.02	522	927594	中性盘
13:59:59	17.75	-0.03	659	1169725	卖盘
13:59:55	17.78	0.03	12	21336	买盘
13:59:50	17.75	-0.01	534	947850	卖盘
13:59:44	17.76	-0.01	594	1054944	卖盘
13:59:39	17.77	-0.02	117	207909	卖盘
13:59:34	17.79	0.01	163	289977	买盘
13:59:29	17.78	--	304	540512	买盘
13:59:25	17.78	-0.01	376	668528	卖盘
13:59:20	17.79	-0.01	566	1006914	卖盘
13:59:14	17.8	--	283	503740	买盘
13:59:10	17.8	--	18	32040	买盘
13:59:05	17.8	--	66	117480	买盘
13:58:59	17.8	--	415	738700	卖盘
13:58:55	17.8	--	98	174440	卖盘
13:58:50	17.8	0.01	1716	3054480	买盘
13:58:44	17.79	--	96	170784	买盘
13:58:40	17.79	--	316	562164	卖盘
13:58:35	17.79	0.01	650	1156350	买盘
13:58:29	17.78	--	353	627634	卖盘
13:58:24	17.78	--	48	85344	买盘
13:58:20	17.78	0.01	1258	2236724	中性盘
13:58:14	17.77	--	326	579302	卖盘
13:58:08	17.77	-0.01	185	328745	中性盘
13:58:04	17.78	0.02	371	659638	买盘
13:57:59	17.76	-0.02	71	126096	卖盘
13:57:53	17.78	0.02	173	307594	买盘
13:57:49	17.76	--	5	8880	买盘
13:57:44	17.76	-0.01	404	717504	卖盘
13:57:38	17.77	-0.01	200	355400	卖盘
13:57:34	17.78	0.01	309	549402	买盘
13:57:29	17.77	--	465	826305	卖盘
13:57:23	17.77	--	6	10662	卖盘
13:57:19	17.77	--	16	28432	卖盘
13:57:14	17.77	0.01	347	616619	买盘
13:57:08	17.76	-0.01	229	406704	中性盘
13:57:04	17.77	0.01	13	23101	买盘
13:56:59	17.76	--	898	1594848	买盘
13:56:53	17.76	-0.01	463	822288	卖盘
13:56:49	17.77	-0.01	370	657490	卖盘
13:56:44	17.78	0.01	1078	1916684	买盘
13:56:38	17.77	-0.01	172	305644	卖盘
13:56:34	17.78	0.01	9	16002	买盘
13:56:29	17.77	--	65	115505	卖盘
13:56:22	17.77	0.01	1274	2263898	买盘
13:56:19	17.76	--	284	504384	买盘
13:56:14	17.76	0.01	40	71040	买盘
13:56:08	17.75	-0.02	2075	3683125	卖盘
13:56:04	17.77	--	64	113728	买盘
13:55:59	17.77	--	31	55087	买盘
13:55:53	17.77	0.01	113	200801	买盘
13:55:49	17.76	0.01	58	103008	买盘
13:55:44	17.75	-0.02	90	159750	中性盘
13:55:38	17.77	0.02	1050	1865850	买盘
13:55:34	17.75	-0.01	21	37275	卖盘
13:55:29	17.76	0.01	133	236208	买盘
13:55:23	17.75	--	58	102950	卖盘
13:55:19	17.75	--	25	44375	卖盘
13:55:14	17.75	-0.01	114	202350	卖盘
13:55:08	17.76	-0.01	32	56832	卖盘
13:55:04	17.77	0.03	368	653936	买盘
13:54:59	17.74	--	95	168529	卖盘
13:54:53	17.74	--	316	560584	卖盘
13:54:49	17.74	--	57	101117	卖盘
13:54:44	17.74	--	177	313998	卖盘
13:54:38	17.74	0.02	74	131276	买盘
13:54:33	17.72	-0.02	1313	2326636	卖盘
13:54:29	17.74	--	955	1694169	买盘
13:54:23	17.74	--	291	516233	卖盘
13:54:19	17.74	-0.02	185	328190	卖盘
13:54:13	17.76	0.01	513	911088	买盘
13:54:08	17.75	0.01	55	97625	买盘
13:54:04	17.74	-0.01	11	19514	卖盘
13:53:59	17.75	-0.01	280	497000	卖盘
13:53:53	17.76	0.01	100	177600	买盘
13:53:49	17.75	-0.01	81	143775	卖盘
13:53:43	17.76	0.01	103	182928	买盘
13:53:38	17.75	-0.02	20	35500	卖盘
13:53:33	17.77	0.01	62	110174	买盘
13:53:29	17.76	-0.01	1073	1905648	卖盘
13:53:23	17.77	-0.01	869	1544213	卖盘
13:53:19	17.78	0.01	36	64008	买盘
13:53:13	17.77	-0.01	1463	2599751	卖盘
13:53:08	17.78	0.01	1755	3120390	买盘
13:53:04	17.77	-0.01	464	824528	卖盘
13:52:59	17.78	-0.01	6237	11089386	卖盘
13:52:52	17.79	0.01	176	313104	买盘
13:52:49	17.78	-0.01	764	1358392	卖盘
13:52:43	17.79	--	84	149436	买盘
13:52:38	17.79	-0.01	846	1505034	卖盘
13:52:34	17.8	0.02	155	275900	买盘
13:52:29	17.78	-0.02	757	1345946	卖盘
13:52:22	17.8	0.01	1102	1961560	买盘
13:52:13	17.79	-0.01	265	471435	中性盘
13:52:08	17.8	--	102	181560	买盘
13:52:03	17.8	-0.01	73	129940	中性盘
13:51:59	17.81	0.01	1587	2827640	买盘
13:51:53	17.8	-0.01	319	567820	卖盘
13:51:47	17.81	0.01	950	1691949	买盘
13:51:43	17.8	-0.01	595	1060577	卖盘
13:51:38	17.81	--	751	1337833	买盘
13:51:32	17.81	--	525	935024	买盘
13:51:28	17.81	--	2023	3604441	卖盘
13:51:23	17.81	--	3341	5950321	卖盘
13:51:17	17.81	--	742	1321502	卖盘
13:51:13	17.81	0.01	1103	1964745	买盘
13:51:08	17.8	--	1031	1835180	买盘
13:51:02	17.8	--	931	1657180	买盘
13:50:58	17.8	--	250	445000	买盘
13:50:53	17.8	-0.01	402	715560	卖盘
13:50:47	17.81	0.01	907	1615384	买盘
13:50:43	17.8	0.01	547	974229	买盘
13:50:38	17.79	--	881	1567299	卖盘
13:50:32	17.79	--	85	151215	卖盘
13:50:28	17.79	0.01	204	362916	买盘
13:50:23	17.78	--	73	129794	买盘
13:50:17	17.78	-0.02	704	1251712	卖盘
13:50:13	17.8	0.01	1019	1813820	买盘
13:50:08	17.79	0.01	1568	2789472	买盘
13:50:02	17.78	-0.02	119	212222	卖盘
13:49:58	17.8	0.01	219	390959	买盘
13:49:53	17.79	--	525	933975	买盘
13:49:47	17.79	--	277	492783	买盘
13:49:43	17.79	0.01	389	692031	买盘
13:49:38	17.78	--	147	261366	卖盘
13:49:32	17.78	-0.01	448	796544	卖盘
13:49:28	17.79	0.01	43	76497	买盘
13:49:23	17.78	--	252	448056	卖盘
13:49:17	17.78	--	341	606298	买盘
13:49:13	17.78	--	185	328930	买盘
13:49:08	17.78	0.01	71	126238	买盘
13:49:02	17.77	-0.01	156	277212	卖盘
13:48:58	17.78	0.02	416	739648	买盘
13:48:53	17.76	--	162	287712	卖盘
13:48:47	17.76	-0.01	110	195360	卖盘
13:48:43	17.77	--	3	5331	卖盘
13:48:37	17.77	-0.02	523	929371	卖盘
13:48:32	17.79	0.01	85	151215	买盘
13:48:28	17.78	0.03	319	567182	买盘
13:48:23	17.75	0.02	1005	1783875	买盘
13:48:17	17.73	-0.01	121	214533	卖盘
13:48:13	17.74	--	261	463013	买盘
13:48:08	17.74	-0.01	1403	2488922	卖盘
13:48:02	17.75	--	13	23075	买盘
13:47:58	17.75	--	62	110050	买盘
13:47:53	17.75	-0.02	1150	2041250	卖盘
13:47:47	17.77	0.01	956	1698812	买盘
13:47:42	17.76	--	48	85248	买盘
13:47:38	17.76	--	97	172272	买盘
13:47:32	17.76	-0.01	1294	2298144	卖盘
13:47:27	17.77	--	60	106620	买盘
13:47:22	17.77	--	99	175923	卖盘
13:47:17	17.77	-0.02	371	659267	卖盘
13:47:13	17.79	0.01	185	329115	买盘
13:47:07	17.78	0.01	153	272034	卖盘
13:47:02	17.77	-0.01	718	1275886	卖盘
13:46:58	17.78	0.01	3	5334	中性盘
13:46:53	17.77	--	1030	1830310	卖盘
13:46:47	17.77	--	91	161707	卖盘
13:46:43	17.77	--	388	689476	卖盘
13:46:37	17.77	0.01	173	307421	中性盘
13:46:32	17.76	0.01	3569	6338544	买盘
13:46:28	17.75	-0.01	209	370975	卖盘
13:46:22	17.76	--	1029	1827504	买盘
13:46:17	17.76	--	189	335664	卖盘
13:46:13	17.76	-0.01	113	200688	卖盘
13:46:08	17.77	0.02	132	234564	买盘
13:46:02	17.75	-0.01	439	779225	卖盘
13:45:58	17.76	0.01	74	131424	买盘
13:45:53	17.75	-0.01	713	1265575	卖盘
13:45:47	17.76	-0.02	152	269952	卖盘
13:45:42	17.78	0.03	1249	2220722	买盘
13:45:37	17.75	-0.02	2569	4559975	卖盘
13:45:32	17.77	0.02	59	104843	买盘
13:45:26	17.75	--	166	294650	卖盘
13:45:22	17.75	-0.01	792	1405800	卖盘
13:45:17	17.76	0.01	1221	2168496	买盘
13:45:11	17.75	0.02	15	26625	买盘
13:45:07	17.73	-0.01	736	1304928	买盘
13:45:02	17.74	0.01	322	571228	买盘
13:44:56	17.73	0.01	57	101061	买盘
13:44:52	17.72	0.02	345	611340	买盘
13:44:47	17.7	-0.01	1603	2837310	卖盘
13:44:41	17.71	--	29	51359	买盘
13:44:37	17.71	0.01	26	46046	买盘
13:44:32	17.7	--	528	934560	卖盘
13:44:26	17.7	0.01	48	84960	中性盘
13:44:22	17.69	--	11	19459	卖盘
13:44:17	17.69	--	4033	7134377	卖盘
13:44:11	17.69	--	316	559004	买盘
13:44:07	17.69	--	131	231739	买盘
13:44:02	17.69	--	588	1040172	卖盘
13:43:56	17.69	--	118	208742	卖盘
13:43:52	17.69	--	7	12383	卖盘
13:43:47	17.69	--	30	53070	卖盘
13:43:41	17.69	0.01	809	1431121	买盘
13:43:37	17.68	--	39	68952	卖盘
13:43:31	17.68	-0.01	108	190944	卖盘
13:43:26	17.69	--	202	357338	买盘
13:43:22	17.69	--	69	122061	买盘
13:43:17	17.69	--	89	157441	买盘
13:43:11	17.69	--	1520	2688880	卖盘
13:43:07	17.69	--	148	261812	买盘
13:43:02	17.69	--	93	164517	买盘
13:42:56	17.69	--	117	206973	卖盘
13:42:52	17.69	-0.01	27	47763	卖盘
13:42:47	17.7	--	1746	3090420	买盘
13:42:41	17.7	-0.01	989	1750530	卖盘
13:42:37	17.71	--	80	141680	买盘
13:42:32	17.71	0.01	108	191268	中性盘
13:42:25	17.7	-0.01	1196	2116920	卖盘
13:42:22	17.71	--	1	1771	买盘
13:42:17	17.71	--	223	394933	买盘
13:42:11	17.71	--	424	750904	买盘
13:42:07	17.71	-0.01	189	334719	卖盘
13:42:02	17.72	--	125	221500	买盘
13:41:56	17.72	0.01	532	942703	买盘
13:41:47	17.71	0.01	94	166474	买盘
13:41:40	17.7	-0.02	868	1536360	卖盘
13:41:37	17.72	0.01	169	299468	买盘
13:41:32	17.71	0.01	120	212520	买盘
13:41:26	17.7	--	61	107970	卖盘
13:41:21	17.7	--	499	883230	卖盘
13:41:17	17.7	--	40	70800	卖盘
13:41:11	17.7	0.01	72	127440	买盘
13:41:07	17.69	-0.03	2898	5126562	卖盘
13:41:01	17.72	0.02	204	361488	买盘
13:40:56	17.7	--	91	161070	买盘
13:40:52	17.7	0.01	360	637200	买盘
13:40:46	17.69	-0.01	99	175131	卖盘
13:40:41	17.7	-0.02	138	245145	卖盘
13:40:36	17.72	--	6	10632	买盘
13:40:31	17.72	0.01	272	481983	买盘
13:40:26	17.71	-0.01	28	49588	卖盘
13:40:21	17.72	0.01	109	193148	中性盘
13:40:16	17.71	-0.01	70	123970	卖盘
13:40:11	17.72	0.01	161	285292	卖盘
13:40:06	17.71	--	0	0	卖盘
13:40:01	17.71	-0.01	728	1290173	卖盘
13:39:56	17.72	0.01	75	132900	买盘
13:39:51	17.71	--	25	44275	卖盘
13:39:46	17.71	0.01	126	223146	卖盘
13:39:41	17.7	-0.01	138	244260	卖盘
13:39:36	17.71	--	22	38962	卖盘
13:39:31	17.71	--	100	177100	卖盘
13:39:25	17.71	-0.01	38	67298	卖盘
13:39:21	17.72	0.01	1	1772	买盘
13:39:16	17.71	-0.01	285	504735	买盘
13:39:11	17.72	0.01	663	1174836	买盘
13:39:06	17.71	-0.01	59	104489	卖盘
13:39:01	17.72	0.02	1682	2980504	买盘
13:38:56	17.7	-0.01	345	610650	卖盘
13:38:49	17.71	--	34	60214	买盘
13:38:46	17.71	--	578	1023638	买盘
13:38:41	17.71	--	428	757988	买盘
13:38:34	17.71	--	109	193039	买盘
13:38:31	17.71	--	255	451605	买盘
13:38:26	17.71	--	599	1060829	买盘
13:38:19	17.71	0.01	337	596827	买盘
13:38:16	17.7	--	26	46020	卖盘
13:38:11	17.7	0.02	1738	3076260	买盘
13:38:05	17.68	-0.01	314	555152	卖盘
13:38:01	17.69	0.01	170	300730	买盘
13:37:56	17.68	--	1134	2004912	买盘
13:37:50	17.68	--	517	914056	买盘
13:37:46	17.68	0.01	199	351832	买盘
13:37:41	17.67	--	1189	2100963	卖盘
13:37:35	17.67	0.01	143	252681	买盘
13:37:31	17.66	--	717	1266222	卖盘
13:37:26	17.66	0.01	1498	2645468	中性盘
13:37:20	17.65	-0.01	308	543620	卖盘
13:37:16	17.66	--	892	1575272	买盘
13:37:11	17.66	-0.02	818	1444588	卖盘
13:37:05	17.68	0.02	649	1147432	买盘
13:37:01	17.66	-0.01	7781	13741246	卖盘
13:36:56	17.67	0.01	1439	2542713	买盘
13:36:50	17.66	-0.03	4293	7581438	卖盘
13:36:46	17.69	0.02	295	521855	买盘
13:36:41	17.67	-0.01	367	648489	卖盘
13:36:35	17.68	--	242	427856	买盘
13:36:31	17.68	--	17	30056	买盘
13:36:26	17.68	--	684	1209312	卖盘
13:36:20	17.68	-0.01	769	1359592	卖盘
13:36:16	17.69	--	97	171593	卖盘
13:36:10	17.69	--	184	325496	卖盘
13:36:05	17.69	-0.01	79	139751	卖盘
13:36:01	17.7	0.01	359	635430	买盘
13:35:56	17.69	--	455	804895	卖盘
13:35:49	17.69	-0.01	90	159210	中性盘
13:35:46	17.7	--	1138	2014260	买盘
13:35:41	17.7	--	313	554010	买盘
13:35:35	17.7	--	365	646050	买盘
13:35:31	17.7	--	34	60180	买盘
13:35:25	17.7	-0.01	343	607110	卖盘
13:35:20	17.71	0.01	94	166474	买盘
13:35:16	17.7	--	56	99120	卖盘
13:35:11	17.7	-0.01	914	1617780	卖盘
13:35:05	17.71	0.01	1418	2511278	买盘
13:35:01	17.7	--	23	40710	买盘
13:34:56	17.7	--	392	693840	买盘
13:34:50	17.7	--	395	699150	买盘
13:34:45	17.7	--	53	93810	买盘
13:34:41	17.7	-0.02	999	1768230	卖盘
13:34:35	17.72	--	1586	2810392	买盘
13:34:31	17.72	0.01	86	152392	买盘
13:34:25	17.71	--	1137	2013627	买盘
13:34:20	17.71	0.01	1555	2753905	买盘
13:34:16	17.7	--	114	201780	卖盘
13:34:10	17.7	--	92	162840	卖盘
13:34:05	17.7	--	1230	2177100	买盘
13:34:00	17.7	--	26	46020	买盘
13:33:55	17.7	--	188	332760	买盘
13:33:49	17.7	-0.02	405	716850	卖盘
13:33:45	17.72	0.01	67	118723	买盘
13:33:40	17.71	-0.01	150	265650	买盘
13:33:35	17.72	0.01	640	1134080	买盘
13:33:30	17.71	-0.01	42	74382	中性盘
13:33:25	17.72	0.01	204	362374	买盘
13:33:20	17.71	--	24	42504	卖盘
13:33:15	17.71	-0.02	23	40733	卖盘
13:33:10	17.73	0.04	291	516829	买盘
13:33:05	17.69	-0.01	1073	1898137	卖盘
13:33:00	17.7	--	301	532770	买盘
13:32:55	17.7	-0.01	731	1293870	卖盘
13:32:49	17.71	-0.01	168	297528	卖盘
13:32:44	17.72	0.01	52	92144	买盘
13:32:40	17.71	-0.01	35	61985	卖盘
13:32:35	17.72	--	487	862964	买盘
13:32:29	17.72	0.01	58	102776	买盘
13:32:25	17.71	-0.01	242	428582	卖盘
13:32:20	17.72	0.02	473	838156	买盘
13:32:14	17.7	--	64	113280	卖盘
13:32:10	17.7	--	262	463740	买盘
13:32:04	17.7	--	155	274350	买盘
13:31:59	17.7	0.01	709	1254930	买盘
13:31:55	17.69	--	32	56608	卖盘
13:31:50	17.69	0.01	952	1684088	中性盘
13:31:44	17.68	--	762	1347216	卖盘
13:31:40	17.68	--	28	49504	卖盘
13:31:35	17.68	--	3217	5687656	卖盘
13:31:29	17.68	--	2247	3972696	卖盘
13:31:25	17.68	-0.01	352	622336	卖盘
13:31:19	17.69	0.01	367	649223	买盘
13:31:13	17.68	-0.01	868	1534624	卖盘
13:31:10	17.69	0.01	72	127368	买盘
13:31:05	17.68	--	449	793832	买盘
13:30:59	17.68	-0.01	3989	7052552	卖盘
13:30:55	17.69	-0.01	130	229970	卖盘
13:30:50	17.7	--	286	506220	买盘
13:30:44	17.7	--	425	752250	买盘
13:30:40	17.7	--	225	398250	买盘
13:30:35	17.7	--	150	265500	买盘
13:30:29	17.7	--	1406	2488620	卖盘
13:30:25	17.7	--	30	53100	卖盘
13:30:19	17.7	0.01	641	1134570	买盘
13:30:14	17.69	--	400	707918	卖盘
13:30:10	17.69	--	156	276848	买盘
13:30:05	17.69	--	325	574925	买盘
13:29:59	17.69	--	1912	3382328	买盘
13:29:55	17.69	-0.02	2507	4435767	卖盘
13:29:50	17.71	0.01	99	175329	买盘
13:29:43	17.7	--	391	692955	卖盘
13:29:40	17.7	-0.01	239	423030	卖盘
13:29:34	17.71	0.02	875	1549625	买盘
13:29:29	17.69	-0.01	211	373259	卖盘
13:29:25	17.7	--	82	145140	买盘
13:29:20	17.7	0.01	564	998280	买盘
13:29:14	17.69	-0.01	397	702293	卖盘
13:29:10	17.7	--	470	831900	买盘
13:29:05	17.7	-0.01	118	208860	买盘
13:28:59	17.71	0.01	2709	4797639	买盘
13:28:55	17.7	--	424	750480	卖盘
13:28:50	17.7	--	1235	2185950	卖盘
13:28:44	17.7	-0.01	143	253110	卖盘
13:28:39	17.71	0.01	310	549010	买盘
13:28:35	17.7	--	653	1155810	买盘
13:28:29	17.7	--	675	1194750	买盘
13:28:24	17.7	--	73	129210	买盘
13:28:20	17.7	--	1435	2539950	买盘
13:28:14	17.7	-0.01	3538	6262260	卖盘
13:28:09	17.71	--	697	1234387	卖盘
13:28:04	17.71	-0.02	1683	2980593	卖盘
13:27:59	17.73	--	594	1053162	买盘
13:27:54	17.73	--	131	232263	买盘
13:27:49	17.73	--	319	565587	买盘
13:27:43	17.73	0.01	759	1345707	买盘
13:27:39	17.72	-0.01	31	54932	卖盘
13:27:34	17.73	0.03	1654	2932542	买盘
13:27:29	17.7	-0.02	787	1392990	卖盘
13:27:24	17.72	--	17	30123	买盘
13:27:19	17.72	--	652	1155344	买盘
13:27:13	17.72	--	300	531600	卖盘
13:27:09	17.72	--	110	194920	卖盘
13:27:04	17.72	0.01	1064	1885407	买盘
13:26:59	17.71	--	287	508277	卖盘
13:26:54	17.71	-0.01	154	272734	卖盘
13:26:49	17.72	--	87	154164	卖盘
13:26:44	17.72	--	491	870052	卖盘
13:26:40	17.72	--	395	699940	卖盘
13:26:34	17.72	--	31	54932	卖盘
13:26:29	17.72	--	169	299468	卖盘
13:26:24	17.72	--	72	127583	买盘
13:26:19	17.72	-0.01	1257	2227404	卖盘
13:26:14	17.73	0.01	1416	2510568	中性盘
13:26:07	17.72	--	209	370348	卖盘
13:26:04	17.72	--	29	51388	卖盘
13:25:59	17.72	-0.01	193	341996	卖盘
13:25:53	17.73	0.01	116	205668	买盘
13:25:49	17.72	--	58	102776	买盘
13:25:44	17.72	0.01	664	1176608	卖盘
13:25:38	17.71	-0.01	755	1337105	卖盘
13:25:34	17.72	--	265	469579	卖盘
13:25:29	17.72	--	110	194920	买盘
13:25:23	17.72	--	464	822208	买盘
13:25:19	17.72	--	58	102776	买盘
13:25:14	17.72	-0.01	1035	1834019	卖盘
13:25:08	17.73	--	257	455661	卖盘
13:25:04	17.73	--	295	523035	买盘
13:24:59	17.73	0.01	87	154251	买盘
13:24:53	17.72	-0.01	126	223272	卖盘
13:24:49	17.73	--	482	854586	卖盘
13:24:44	17.73	--	2141	3795993	买盘
13:24:38	17.73	--	102	180846	买盘
13:24:33	17.73	0.01	117	207441	中性盘
13:24:28	17.72	-0.01	148	262256	卖盘
13:24:23	17.73	--	243	430839	买盘
13:24:19	17.73	--	52	92196	买盘
13:24:13	17.73	--	95	168435	卖盘
13:24:08	17.73	-0.01	497	881181	卖盘
13:24:04	17.74	--	249	441725	卖盘
13:23:59	17.74	--	28	49671	买盘
13:23:53	17.74	--	9	15965	买盘
13:23:49	17.74	--	2	3547	买盘
13:23:44	17.74	-0.01	129	228845	卖盘
13:23:38	17.75	-0.01	609	1080975	中性盘
13:23:34	17.76	0.01	117	207792	买盘
13:23:29	17.75	--	37	65675	买盘
13:23:23	17.75	--	390	692818	卖盘
13:23:18	17.75	-0.01	214	379850	卖盘
13:23:14	17.76	--	176	312576	买盘
13:23:08	17.76	--	2123	3770448	卖盘
13:23:04	17.76	--	46	81696	卖盘
13:22:59	17.76	-0.01	238	422688	卖盘
13:22:53	17.77	--	39	69303	买盘
13:22:49	17.77	--	2	3554	买盘
13:22:44	17.77	0.01	897	1593969	买盘
13:22:38	17.76	--	584	1037184	买盘
13:22:34	17.76	-0.01	1023	1816848	卖盘
13:22:29	17.77	0.01	324	575748	卖盘
13:22:23	17.76	-0.02	157	278832	卖盘
13:22:19	17.78	0.01	208	369824	买盘
13:22:13	17.77	--	184	326968	买盘
13:22:07	17.77	-0.01	114	202578	卖盘
13:22:04	17.78	--	1109	1971802	买盘
13:21:59	17.78	--	216	384048	卖盘
13:21:53	17.78	-0.01	28	49784	卖盘
13:21:48	17.79	0.02	152	270408	买盘
13:21:43	17.77	-0.01	193	342961	卖盘
13:21:37	17.78	-0.01	413	734314	卖盘
13:21:33	17.79	0.01	20	35580	买盘
13:21:29	17.78	--	900	1600200	买盘
13:21:22	17.78	--	76	135128	买盘
13:21:18	17.78	--	183	325374	买盘
13:21:13	17.78	0.01	51	90678	买盘
13:21:08	17.77	-0.01	58	103066	卖盘
13:21:04	17.78	--	5	8890	买盘
13:20:58	17.78	-0.01	329	584962	卖盘
13:20:52	17.79	0.01	140	249060	买盘
13:20:48	17.78	-0.01	20	35560	卖盘
13:20:43	17.79	--	107	190353	买盘
13:20:38	17.79	-0.01	112	199248	买盘
13:20:33	17.8	0.02	208	370240	买盘
13:20:28	17.78	-0.01	1568	2787904	卖盘
13:20:23	17.79	0.01	944	1679376	买盘
13:20:18	17.78	--	25	44450	卖盘
13:20:13	17.78	-0.01	184	327152	卖盘
13:20:07	17.79	0.02	840	1494360	买盘
13:20:03	17.77	--	12	21324	卖盘
13:19:58	17.77	--	344	611288	买盘
13:19:53	17.77	-0.01	1477	2624629	卖盘
13:19:48	17.78	0.01	209	371602	买盘
13:19:43	17.77	-0.01	158	280766	卖盘
13:19:38	17.78	0.01	181	321818	买盘
13:19:28	17.77	--	658	1169266	买盘
13:19:23	17.77	0.01	35	62195	中性盘
13:19:17	17.76	-0.01	855	1518480	卖盘
13:19:13	17.77	--	80	142160	卖盘
13:19:08	17.77	-0.01	1	1777	卖盘
13:19:02	17.78	0.01	31	55118	买盘
13:18:58	17.77	--	330	586410	卖盘
13:18:52	17.77	--	97	172369	买盘
13:18:47	17.77	--	222	394494	买盘
13:18:43	17.77	-0.01	11	19547	中性盘
13:18:38	17.78	--	132	234696	买盘
13:18:32	17.78	--	113	200914	买盘
13:18:28	17.78	--	30	53340	买盘
13:18:22	17.78	--	370	657860	买盘
13:18:17	17.78	--	502	892556	卖盘
13:18:13	17.78	-0.01	3	5334	卖盘
13:18:08	17.79	0.01	207	368253	买盘
13:18:01	17.78	0.02	881	1566418	买盘
13:17:58	17.76	-0.02	54	95904	卖盘
13:17:53	17.78	0.01	214	380492	买盘
13:17:46	17.77	0.01	466	828082	卖盘
13:17:43	17.76	-0.01	333	591408	卖盘
13:17:38	17.77	--	55	97735	买盘
13:17:32	17.77	--	95	168815	买盘
13:17:28	17.77	0.02	6	10662	买盘
13:17:22	17.75	-0.02	41	72775	卖盘
13:17:17	17.77	-0.01	212	376724	卖盘
13:17:13	17.78	0.03	151	268478	买盘
13:17:08	17.75	-0.02	2602	4618550	卖盘
13:17:02	17.77	--	410	728570	买盘
13:16:58	17.77	--	1	1777	买盘
13:16:53	17.77	-0.01	381	677037	卖盘
13:16:47	17.78	--	440	782320	买盘
13:16:43	17.78	-0.01	105	186690	买盘
13:16:38	17.79	0.01	1322	2351838	买盘
13:16:32	17.78	--	178	316484	卖盘
13:16:28	17.78	-0.01	44	78232	卖盘
13:16:23	17.79	--	540	960660	买盘
13:16:17	17.79	--	819	1457001	买盘
13:16:13	17.79	--	14	24906	买盘
13:16:07	17.79	--	4641	8256339	卖盘
13:16:02	17.79	--	100	177900	卖盘
13:15:58	17.79	--	34	60486	卖盘
13:15:53	17.79	0.01	710	1263090	买盘
13:15:46	17.78	--	162	288036	卖盘
13:15:43	17.78	--	190	337820	卖盘
13:15:38	17.78	--	243	432054	卖盘
13:15:32	17.78	0.01	2065	3671570	买盘
13:15:28	17.77	-0.01	10	17770	卖盘
13:15:22	17.78	--	231	410718	卖盘
13:15:17	17.78	--	758	1347724	卖盘
13:15:12	17.78	--	125	222250	卖盘
13:15:08	17.78	0.01	215	382270	买盘
13:15:02	17.77	-0.01	348	618396	卖盘
13:14:57	17.78	--	995	1769110	买盘
13:14:53	17.78	0.01	45	80010	买盘
13:14:47	17.77	--	769	1366513	买盘
13:14:42	17.77	0.01	40	71080	买盘
13:14:37	17.76	--	91	161616	卖盘
13:14:32	17.76	0.01	74	131424	中性盘
13:14:27	17.75	-0.01	2091	3711525	卖盘
13:14:22	17.76	-0.01	41	72816	卖盘
13:14:17	17.77	0.02	107	190139	买盘
13:14:12	17.75	--	1043	1852532	买盘
13:14:07	17.75	--	418	741950	买盘
13:14:02	17.75	--	950	1686250	买盘
13:13:57	17.75	--	897	1592175	买盘
13:13:52	17.75	0.01	115	204125	买盘
13:13:46	17.74	-0.01	271	480753	卖盘
13:13:42	17.75	0.01	11	19525	买盘
13:13:37	17.74	-0.01	38	67412	卖盘
13:13:32	17.75	--	100	177500	买盘
13:13:27	17.75	--	156	276900	买盘
13:13:22	17.75	0.01	477	846675	买盘
13:13:17	17.74	--	739	1310986	卖盘
13:13:12	17.74	--	4	7095	卖盘
13:13:07	17.74	0.02	1107	1963817	买盘
13:13:02	17.72	-0.02	703	1245716	卖盘
13:12:56	17.74	0.01	241	427533	买盘
13:12:52	17.73	-0.02	536	950328	卖盘
13:12:47	17.75	--	438	777450	买盘
13:12:41	17.75	--	21	37275	买盘
13:12:37	17.75	--	304	539600	买盘
13:12:32	17.75	-0.01	1741	3090843	卖盘
13:12:26	17.76	--	11	19536	卖盘
13:12:22	17.76	--	1305	2317680	卖盘
13:12:17	17.76	0.01	103	182928	买盘
13:12:11	17.75	--	224	397600	卖盘
13:12:07	17.75	--	616	1094607	买盘
13:12:02	17.75	--	246	436650	买盘
13:11:55	17.75	--	280	497000	买盘
13:11:52	17.75	-0.01	1431	2540593	卖盘
13:11:47	17.76	--	254	451104	买盘
13:11:40	17.76	0.01	260	461760	买盘
13:11:37	17.75	--	230	408250	卖盘
13:11:32	17.75	0.02	890	1580957	买盘
13:11:26	17.73	-0.02	144	255312	卖盘
13:11:21	17.75	0.02	306	543150	买盘
13:11:16	17.73	-0.01	620	1099260	卖盘
13:11:11	17.74	-0.01	420	745079	卖盘
13:11:07	17.75	0.01	55	97625	买盘
13:11:02	17.74	--	46	81604	卖盘
13:10:56	17.74	--	183	324642	买盘
13:10:52	17.74	0.01	152	269648	买盘
13:10:47	17.73	--	920	1631160	卖盘
13:10:41	17.73	-0.01	254	450342	卖盘
13:10:37	17.74	--	26	46123	买盘
13:10:32	17.74	0.01	389	690085	买盘
13:10:25	17.73	-0.01	222	393606	卖盘
13:10:22	17.74	0.01	70	124179	买盘
13:10:16	17.73	-0.01	515	913095	卖盘
13:10:11	17.74	0.01	569	1009405	买盘
13:10:07	17.73	0.02	280	496440	买盘
13:10:01	17.71	-0.01	155	274505	卖盘
13:09:55	17.72	0.01	287	508563	买盘
13:09:52	17.71	-0.01	46	81466	卖盘
13:09:47	17.72	--	307	544004	买盘
13:09:41	17.72	--	94	166568	买盘
13:09:37	17.72	0.01	3	5316	中性盘
13:09:31	17.71	--	362	641102	卖盘
13:09:26	17.71	-0.01	502	889042	卖盘
13:09:22	17.72	--	63	111636	买盘
13:09:17	17.72	--	1007	1784404	买盘
13:09:11	17.72	0.01	396	701712	买盘
13:09:07	17.71	-0.01	95	168245	卖盘
13:09:02	17.72	--	205	363260	买盘
13:08:55	17.72	-0.01	23	40756	卖盘
13:08:52	17.73	0.02	36	63828	买盘
13:08:47	17.71	-0.01	52	92092	卖盘
13:08:41	17.72	-0.01	542	960423	卖盘
13:08:37	17.73	0.01	75	132975	中性盘
13:08:32	17.72	-0.03	526	932071	卖盘
13:08:25	17.75	0.02	288	511200	买盘
13:08:21	17.73	0.01	77	136521	买盘
13:08:17	17.72	-0.01	189	334908	卖盘
13:08:11	17.73	--	2	3546	买盘
13:08:06	17.73	-0.01	51	90423	卖盘
13:08:01	17.74	-0.01	1	1773	卖盘
13:07:55	17.75	--	47	83425	买盘
13:07:51	17.75	0.01	139	246725	买盘
13:07:46	17.74	-0.01	601	1066741	卖盘
13:07:40	17.75	--	1030	1829457	卖盘
13:07:36	17.75	--	74	131350	卖盘
13:07:31	17.75	0.01	849	1506975	买盘
13:07:25	17.74	-0.01	309	548166	卖盘
13:07:21	17.75	--	95	168625	买盘
13:07:16	17.75	--	184	326600	买盘
13:07:11	17.75	-0.01	67	118925	卖盘
13:07:06	17.76	0.01	56	99456	买盘
13:07:01	17.75	--	524	930100	卖盘
13:06:56	17.75	--	124	220100	卖盘
13:06:51	17.75	--	693	1230075	买盘
13:06:46	17.75	--	147	260925	买盘
13:06:40	17.75	--	110	195250	卖盘
13:06:36	17.75	--	1513	2685575	卖盘
13:06:31	17.75	-0.01	437	775675	卖盘
13:06:25	17.76	0.01	259	459984	买盘
13:06:21	17.75	--	66	117150	卖盘
13:06:16	17.75	-0.01	294	521850	卖盘
13:06:11	17.76	0.02	515	914640	买盘
13:06:06	17.74	--	25	44349	买盘
13:06:01	17.74	-0.01	595	1055530	卖盘
13:05:56	17.75	0.01	64	113600	买盘
13:05:49	17.74	-0.02	68	120631	卖盘
13:05:46	17.76	--	33	58608	买盘
13:05:40	17.76	--	78	138528	买盘
13:05:35	17.76	0.01	12	21312	买盘
13:05:31	17.75	-0.01	221	392275	卖盘
13:05:26	17.76	-0.01	110	195360	卖盘
13:05:19	17.77	0.01	67	119059	买盘
13:05:16	17.76	--	200	355200	卖盘
13:05:10	17.76	--	21	37296	卖盘
13:05:05	17.76	-0.01	366	650016	买盘
13:05:01	17.77	0.02	2550	4531350	买盘
13:04:56	17.75	0.01	35	62125	卖盘
13:04:50	17.74	-0.01	117	207557	卖盘
13:04:45	17.75	0.01	8	14200	卖盘
13:04:41	17.74	--	1008	1788191	卖盘
13:04:35	17.74	-0.02	88	156112	卖盘
13:04:31	17.76	0.03	32	56832	买盘
13:04:26	17.73	--	289	512397	卖盘
13:04:20	17.73	--	269	476937	卖盘
13:04:16	17.73	-0.01	57	101061	卖盘
13:04:10	17.74	--	178	315772	买盘
13:04:04	17.74	0.02	243	431081	买盘
13:04:01	17.72	-0.01	79	139988	卖盘
13:03:56	17.73	--	1168	2070864	买盘
13:03:50	17.73	--	87	154251	买盘
13:03:46	17.73	0.01	19	33687	买盘
13:03:41	17.72	-0.01	172	304784	卖盘
13:03:35	17.73	--	408	723384	买盘
13:03:30	17.73	-0.01	150	265950	卖盘
13:03:25	17.74	--	270	478979	卖盘
13:03:20	17.74	0.01	117	207557	买盘
13:03:15	17.73	--	43	76239	卖盘
13:03:11	17.73	--	51	90423	买盘
13:03:05	17.73	-0.01	32	56736	卖盘
13:03:00	17.74	0.02	34	60315	买盘
13:02:56	17.72	-0.02	536	949791	卖盘
13:02:49	17.74	-0.02	531	941993	卖盘
13:02:45	17.76	--	35	62160	买盘
13:02:40	17.76	--	224	397824	卖盘
13:02:34	17.76	0.01	251	445776	卖盘
13:02:31	17.75	-0.01	316	560900	卖盘
13:02:25	17.76	--	319	566544	买盘
13:02:20	17.76	--	252	447552	卖盘
13:02:15	17.76	-0.01	43	76368	卖盘
13:02:11	17.77	--	94	167038	卖盘
13:02:05	17.77	--	46	81742	卖盘
13:02:01	17.77	0.01	100	177700	中性盘
13:01:56	17.76	--	46	81696	买盘
13:01:50	17.76	--	174	309024	买盘
13:01:45	17.76	--	734	1303584	卖盘
13:01:40	17.76	0.01	144	255744	买盘
13:01:35	17.75	-0.02	71	126025	卖盘
13:01:30	17.77	0.02	679	1206583	买盘
13:01:25	17.75	0.03	143	253825	买盘
13:01:19	17.72	-0.04	911	1614292	卖盘
13:01:15	17.76	0.01	154	273504	买盘
13:01:10	17.75	-0.02	238	422450	卖盘
13:01:05	17.77	0.01	420	746340	买盘
13:01:00	17.76	0.02	94	166944	买盘
13:00:55	17.74	-0.01	47	83377	卖盘
13:00:49	17.75	--	295	523625	买盘
13:00:45	17.75	--	20	35500	中性盘
13:00:40	17.75	--	987	1751925	买盘
13:00:35	17.75	--	207	367425	买盘
13:00:30	17.75	--	7	12425	买盘
13:00:25	17.75	-0.01	331	587525	中性盘
13:00:20	17.76	0.05	562	998556	买盘
13:00:15	17.71	-0.01	1193	2112803	卖盘
13:00:10	17.72	-0.01	2178	3859415	卖盘
13:00:05	17.73	0.02	4301	7625673	买盘
11:30:00	17.71	--	0	0	卖盘
11:29:59	17.71	-0.02	25	44275	卖盘
11:29:55	17.73	0.01	126	223398	买盘
11:29:51	17.72	--	428	758416	买盘
11:29:46	17.72	-0.01	71	125811	中性盘
11:29:40	17.73	--	59	104607	买盘
11:29:36	17.73	--	168	297864	买盘
11:29:31	17.73	0.03	579	1026567	买盘
11:29:25	17.7	-0.02	177	313290	卖盘
11:29:21	17.72	--	111	196692	买盘
11:29:16	17.72	--	641	1135852	卖盘
11:29:10	17.72	--	153	271116	买盘
11:29:06	17.72	--	59	104548	买盘
11:29:01	17.72	-0.01	219	388068	卖盘
11:28:55	17.73	--	209	370557	卖盘
11:28:51	17.73	--	10	17730	卖盘
11:28:46	17.73	--	816	1446768	买盘
11:28:40	17.73	0.01	99	175527	买盘
11:28:36	17.72	-0.01	125	221500	卖盘
11:28:31	17.73	--	513	909549	买盘
11:28:25	17.73	0.01	206	365238	买盘
11:28:21	17.72	--	7	12404	卖盘
11:28:16	17.72	0.01	966	1711752	买盘
11:28:10	17.71	--	41	72611	买盘
11:28:06	17.71	-0.01	47	83237	卖盘
11:28:01	17.72	0.01	258	457175	买盘
11:27:55	17.71	--	246	435666	卖盘
11:27:51	17.71	0.01	14	24794	卖盘
11:27:46	17.7	--	127	224790	卖盘
11:27:40	17.7	--	1011	1789470	卖盘
11:27:36	17.7	-0.01	70	123900	卖盘
11:27:31	17.71	0.02	1726	3057011	买盘
11:27:25	17.69	-0.01	563	995947	卖盘
11:27:21	17.7	0.01	147	260190	买盘
11:27:16	17.69	-0.01	179	316651	卖盘
11:27:10	17.7	--	316	559320	买盘
11:27:06	17.7	0.01	48	84960	买盘
11:27:01	17.69	--	742	1312598	买盘
11:26:55	17.69	0.01	353	624457	买盘
11:26:51	17.68	-0.01	565	998920	卖盘
11:26:46	17.69	--	91	160979	买盘
11:26:40	17.69	0.01	2278	4029782	买盘
11:26:36	17.68	-0.01	779	1378774	卖盘
11:26:31	17.69	-0.01	112	198128	卖盘
11:26:25	17.7	0.01	861	1523970	买盘
11:26:21	17.69	--	419	741211	卖盘
11:26:16	17.69	--	71	125599	卖盘
11:26:10	17.69	--	979	1732116	买盘
11:26:06	17.69	--	1418	2508442	买盘
11:26:01	17.69	0.01	109	192821	买盘
11:25:55	17.68	-0.01	177	312936	卖盘
11:25:51	17.69	0.01	363	642147	买盘
11:25:46	17.68	--	163	288184	买盘
11:25:40	17.68	--	471	832728	买盘
11:25:34	17.68	--	999	1766232	卖盘
11:25:31	17.68	--	587	1037816	卖盘
11:25:25	17.68	-0.01	214	378352	卖盘
11:25:19	17.69	0.01	51	90219	买盘
11:25:16	17.68	-0.01	437	772616	卖盘
11:25:10	17.69	--	59	104371	买盘
11:25:04	17.69	0.01	51	90219	买盘
11:25:01	17.68	--	1978	3497104	卖盘
11:24:55	17.68	--	1821	3219528	买盘
11:24:49	17.68	--	1161	2052648	买盘
11:24:46	17.68	0.01	360	636480	买盘
11:24:40	17.67	--	478	844626	卖盘
11:24:34	17.67	--	136	240312	卖盘
11:24:31	17.67	--	1656	2926152	卖盘
11:24:25	17.67	-0.01	169	298623	卖盘
11:24:19	17.68	0.01	506	894608	买盘
11:24:15	17.67	-0.01	115	203205	卖盘
11:24:10	17.68	0.01	363	641784	买盘
11:24:04	17.67	--	220	388740	卖盘
11:24:00	17.67	-0.01	70	123690	卖盘
11:23:55	17.68	0.01	1945	3438760	买盘
11:23:49	17.67	--	123	217341	买盘
11:23:45	17.67	--	609	1076103	卖盘
11:23:40	17.67	-0.01	2042	3608214	卖盘
11:23:34	17.68	0.01	844	1492192	买盘
11:23:30	17.67	-0.02	91	160797	卖盘
11:23:25	17.69	0.02	2347	4153346	买盘
11:23:19	17.67	-0.02	1596	2820132	卖盘
11:23:15	17.69	--	2448	4330512	卖盘
11:23:10	17.69	--	1513	2676497	买盘
11:23:04	17.69	--	806	1425814	买盘
11:23:00	17.69	--	59	104371	买盘
11:22:55	17.69	--	517	914573	买盘
11:22:49	17.69	0.02	314	555466	买盘
11:22:45	17.67	-0.03	140	247380	卖盘
11:22:40	17.7	0.04	1082	1915405	买盘
11:22:34	17.66	-0.03	1854	3275665	卖盘
11:22:30	17.69	-0.01	122	215818	卖盘
11:22:25	17.7	0.01	720	1274400	买盘
11:22:19	17.69	0.03	2554	4518026	买盘
11:22:15	17.66	--	1541	2721670	买盘
11:22:10	17.66	0.01	3918	6919188	买盘
11:22:04	17.65	--	678	1196670	卖盘
11:22:00	17.65	0.01	227	400654	卖盘
11:21:55	17.64	-0.01	1962	3460968	卖盘
11:21:49	17.65	0.01	725	1279625	买盘
11:21:45	17.64	--	185	326340	卖盘
11:21:40	17.64	--	1914	3376296	买盘
11:21:34	17.64	0.01	1686	2974104	买盘
11:21:30	17.63	-0.01	956	1685428	卖盘
11:21:25	17.64	0.01	547	964908	中性盘
11:21:19	17.63	-0.01	12170	21455710	卖盘
11:21:15	17.64	0.01	1447	2552508	买盘
11:21:10	17.63	0.01	1410	2485830	买盘
11:21:04	17.62	-0.02	1038	1828956	卖盘
11:21:00	17.64	--	1204	2123856	买盘
11:20:55	17.64	0.01	1228	2166192	买盘
11:20:49	17.63	--	1306	2302478	卖盘
11:20:45	17.63	--	3410	6011830	卖盘
11:20:40	17.63	-0.01	976	1720688	卖盘
11:20:34	17.64	--	832	1467648	卖盘
11:20:30	17.64	-0.01	315	555660	卖盘
11:20:25	17.65	--	5144	9079160	买盘
11:20:19	17.65	--	849	1498484	买盘
11:20:15	17.65	-0.01	5347	9437455	卖盘
11:20:10	17.66	--	888	1568208	买盘
11:20:04	17.66	--	1260	2225160	买盘
11:20:00	17.66	-0.01	1795	3170853	卖盘
11:19:55	17.67	0.01	1777	3139959	卖盘
11:19:49	17.66	-0.02	1140	2013240	卖盘
11:19:45	17.68	0.01	463	818584	买盘
11:19:40	17.67	--	2757	4872502	买盘
11:19:34	17.67	--	1333	2355411	买盘
11:19:30	17.67	--	766	1353522	买盘
11:19:25	17.67	--	1517	2680539	卖盘
11:19:19	17.67	-0.02	2184	3859128	卖盘
11:19:13	17.69	0.02	72	127368	买盘
11:19:10	17.67	-0.03	3949	6977883	卖盘
11:19:04	17.7	0.01	1494	2644380	买盘
11:18:58	17.69	-0.02	1113	1968897	卖盘
11:18:55	17.71	--	826	1462846	买盘
11:18:49	17.71	0.01	823	1457533	买盘
11:18:43	17.7	-0.01	10	17700	卖盘
11:18:39	17.71	0.01	1205	2134055	买盘
11:18:34	17.7	-0.01	705	1247850	卖盘
11:18:28	17.71	0.01	90	159390	卖盘
11:18:25	17.7	-0.01	860	1522200	卖盘
11:18:19	17.71	--	412	729652	买盘
11:18:13	17.71	--	494	874874	买盘
11:18:10	17.71	-0.01	3626	6421646	卖盘
11:18:04	17.72	--	232	411104	买盘
11:17:58	17.72	--	120	212640	买盘
11:17:54	17.72	--	65	115179	买盘
11:17:49	17.72	--	168	297696	买盘
11:17:43	17.72	-0.01	356	630832	卖盘
11:17:39	17.73	--	414	734022	买盘
11:17:34	17.73	--	2611	4629303	买盘
11:17:28	17.73	--	194	343962	买盘
11:17:24	17.73	--	54	95742	买盘
11:17:19	17.73	-0.01	956	1694988	卖盘
11:17:13	17.74	--	146	259003	买盘
11:17:09	17.74	--	10	17740	买盘
11:17:04	17.74	--	2208	3918322	买盘
11:16:58	17.74	--	136	241707	卖盘
11:16:54	17.74	--	171	303354	卖盘
11:16:49	17.74	--	261	463013	卖盘
11:16:43	17.74	--	998	1770451	买盘
11:16:39	17.74	0.01	122	217758	买盘
11:16:34	17.73	-0.02	1041	1846136	卖盘
11:16:28	17.75	--	953	1691575	买盘
11:16:24	17.75	0.02	10	17750	买盘
11:16:19	17.73	--	560	992880	卖盘
11:16:13	17.73	-0.01	308	546084	卖盘
11:16:09	17.74	--	159	282066	卖盘
11:16:04	17.74	--	528	938002	买盘
11:15:58	17.74	--	743	1318082	买盘
11:15:54	17.74	0.01	307	544618	买盘
11:15:49	17.73	-0.01	133	235809	卖盘
11:15:43	17.74	0.01	110	195139	买盘
11:15:39	17.73	0.01	40	70920	卖盘
11:15:34	17.72	-0.01	844	1495568	卖盘
11:15:28	17.73	-0.02	792	1404216	卖盘
11:15:24	17.75	--	59	104725	买盘
11:15:19	17.75	--	258	457950	买盘
11:15:13	17.75	0.01	188	333700	买盘
11:15:09	17.74	0.01	2	3547	卖盘
11:15:04	17.73	-0.02	633	1122309	卖盘
11:14:58	17.75	--	1587	2816925	买盘
11:14:54	17.75	0.01	193	342575	买盘
11:14:49	17.74	0.01	279	494945	买盘
11:14:43	17.73	--	183	324459	卖盘
11:14:39	17.73	-0.01	103	182619	卖盘
11:14:34	17.74	--	204	361895	买盘
11:14:28	17.74	0.01	220	390279	卖盘
11:14:24	17.73	-0.02	657	1164861	卖盘
11:14:19	17.75	--	88	156200	买盘
11:14:13	17.75	--	485	860875	卖盘
11:14:09	17.75	--	203	360325	卖盘
11:14:04	17.75	-0.01	469	832475	卖盘
11:13:58	17.76	0.03	103	182928	买盘
11:13:54	17.73	-0.04	1637	2902401	卖盘
11:13:49	17.77	0.02	355	630835	买盘
11:13:43	17.75	--	203	360325	卖盘
11:13:39	17.75	--	40	71000	卖盘
11:13:34	17.75	-0.01	59	104725	卖盘
11:13:28	17.76	--	573	1017648	买盘
11:13:24	17.76	0.02	31	55056	买盘
11:13:19	17.74	-0.01	1457	2584718	卖盘
11:13:13	17.75	0.01	494	876850	买盘
11:13:09	17.74	-0.01	187	331737	卖盘
11:13:04	17.75	--	422	749050	买盘
11:12:58	17.75	0.01	153	271575	买盘
11:12:52	17.74	0.01	54	95795	中性盘
11:12:49	17.73	-0.03	1003	1778319	卖盘
11:12:43	17.76	0.02	635	1127760	买盘
11:12:37	17.74	-0.01	176	312224	卖盘
11:12:34	17.75	--	251	445525	买盘
11:12:28	17.75	--	359	637225	买盘
11:12:22	17.75	0.01	358	635450	买盘
11:12:19	17.74	-0.01	740	1312760	中性盘
11:12:13	17.75	-0.01	2334	4142850	卖盘
11:12:07	17.76	--	203	360528	买盘
11:12:04	17.76	-0.01	159	282384	卖盘
11:11:58	17.77	--	137	243449	买盘
11:11:52	17.77	0.01	75	133275	买盘
11:11:49	17.76	--	337	598512	买盘
11:11:43	17.76	--	462	820512	卖盘
11:11:37	17.76	-0.01	393	697968	卖盘
11:11:33	17.77	0.01	303	538431	买盘
11:11:28	17.76	--	206	365856	卖盘
11:11:22	17.76	--	108	191808	卖盘
11:11:18	17.76	0.02	173	307248	买盘
11:11:13	17.74	--	89	157886	卖盘
11:11:07	17.74	-0.02	865	1534509	卖盘
11:11:03	17.76	0.01	159	282384	买盘
11:10:58	17.75	0.01	321	569775	买盘
11:10:52	17.74	0.01	300	532200	买盘
11:10:48	17.73	--	127	225171	卖盘
11:10:43	17.73	0.01	283	501759	买盘
11:10:37	17.72	-0.01	852	1509744	卖盘
11:10:33	17.73	0.01	128	226944	买盘
11:10:28	17.72	0.01	1732	3069104	买盘
11:10:22	17.71	-0.02	1165	2063215	卖盘
11:10:18	17.73	0.02	227	402471	买盘
11:10:13	17.71	0.01	2385	4223835	买盘
11:10:07	17.7	--	3895	6894150	卖盘
11:10:03	17.7	--	580	1026600	卖盘
11:09:58	17.7	--	5779	10228830	买盘
11:09:52	17.7	--	1857	3286890	买盘
11:09:48	17.7	--	189	334530	买盘
11:09:43	17.7	--	3984	7051680	卖盘
11:09:37	17.7	-0.01	978	1731060	卖盘
11:09:33	17.71	-0.02	251	444521	中性盘
11:09:28	17.73	--	2428	4304844	买盘
11:09:22	17.73	--	980	1737540	卖盘
11:09:18	17.73	--	466	826218	卖盘
11:09:13	17.73	-0.01	361	640053	卖盘
11:09:07	17.74	0.02	810	1436939	买盘
11:09:03	17.72	-0.02	1426	2526872	卖盘
11:08:58	17.74	0.01	532	943767	买盘
11:08:52	17.73	--	349	618777	卖盘
11:08:48	17.73	--	90	159570	卖盘
11:08:43	17.73	0.02	859	1523007	买盘
11:08:37	17.71	-0.01	2117	3749207	中性盘
11:08:33	17.72	--	175	310100	买盘
11:08:28	17.72	0.03	3541	6274652	买盘
11:08:22	17.69	0.01	610	1079090	买盘
11:08:18	17.68	--	572	1011296	卖盘
11:08:13	17.68	-0.01	678	1198704	卖盘
11:08:07	17.69	0.01	639	1130391	买盘
11:08:03	17.68	--	538	951184	买盘
11:07:58	17.68	-0.01	4823	8527064	卖盘
11:07:52	17.69	-0.01	531	939339	卖盘
11:07:48	17.7	--	305	539850	买盘
11:07:43	17.7	-0.03	22251	39384270	卖盘
11:07:37	17.73	-0.02	10210	18102330	卖盘
11:07:33	17.75	--	219	388725	买盘
11:07:28	17.75	-0.01	3708	6582818	卖盘
11:07:22	17.76	-0.01	11078	19674528	卖盘
11:07:18	17.77	--	539	957803	买盘
11:07:13	17.77	--	3695	6566015	买盘
11:07:07	17.77	--	479	851183	买盘
11:07:03	17.77	--	412	732124	买盘
11:06:58	17.77	-0.03	17690	31435130	卖盘
11:06:52	17.8	0.02	278	494840	买盘
11:06:48	17.78	--	359	638302	卖盘
11:06:43	17.78	-0.01	340	604520	卖盘
11:06:37	17.79	--	145	257955	买盘
11:06:31	17.79	--	132	234828	买盘
11:06:28	17.79	0.01	2209	3929811	中性盘
11:06:22	17.78	-0.01	1071	1904238	卖盘
11:06:16	17.79	--	49	87171	卖盘
11:06:13	17.79	-0.01	165	293535	卖盘
11:06:07	17.8	--	72	128160	买盘
11:06:01	17.8	--	483	859740	卖盘
11:05:58	17.8	-0.01	246	437880	卖盘
11:05:52	17.81	0.01	189	336609	买盘
11:05:46	17.8	0.01	29	51620	卖盘
11:05:43	17.79	-0.01	507	901953	卖盘
11:05:37	17.8	--	1097	1952660	买盘
11:05:31	17.8	0.01	31	55180	买盘
11:05:28	17.79	--	102	181458	卖盘
11:05:22	17.79	-0.01	1429	2542191	卖盘
11:05:16	17.8	--	372	662160	买盘
11:05:12	17.8	0.01	3	5340	买盘
11:05:07	17.79	--	365	649335	卖盘
11:05:01	17.79	0.01	169	300651	买盘
11:04:57	17.78	-0.01	1219	2167382	卖盘
11:04:52	17.79	-0.01	2573	4577367	卖盘
11:04:46	17.8	0.01	467	831260	买盘
11:04:42	17.79	--	157	279303	卖盘
11:04:37	17.79	0.01	114	202806	中性盘
11:04:31	17.78	-0.02	672	1196362	卖盘
11:04:27	17.8	0.01	36	64080	买盘
11:04:22	17.79	0.01	560	996240	买盘
11:04:16	17.78	-0.01	3017	5364226	卖盘
11:04:12	17.79	0.01	639	1136781	买盘
11:04:07	17.78	-0.01	1943	3454654	卖盘
11:04:01	17.79	0.01	203	361137	买盘
11:03:57	17.78	-0.01	48	85344	卖盘
11:03:52	17.79	-0.01	47	83613	中性盘
11:03:46	17.8	0.01	1634	2908520	买盘
11:03:42	17.79	-0.01	63	112077	买盘
11:03:37	17.8	0.03	1079	1921510	买盘
11:03:31	17.77	-0.01	137	243449	卖盘
11:03:27	17.78	--	43	76454	买盘
11:03:22	17.78	0.01	126	224028	买盘
11:03:16	17.77	-0.01	77	136829	卖盘
11:03:12	17.78	-0.01	5198	9242044	卖盘
11:03:07	17.79	0.03	2474	4401246	买盘
11:03:01	17.76	-0.01	1642	2916192	卖盘
11:02:57	17.77	0.01	529	940033	买盘
11:02:52	17.76	-0.02	3629	6445104	卖盘
11:02:46	17.78	--	146	259588	买盘
11:02:42	17.78	--	47	83566	买盘
11:02:37	17.78	-0.01	1859	3305302	卖盘
11:02:31	17.79	-0.01	282	501678	卖盘
11:02:27	17.8	--	177	315060	买盘
11:02:22	17.8	--	20490	36472200	卖盘
11:02:16	17.8	-0.01	10944	19480320	卖盘
11:02:12	17.81	0.01	200	356200	买盘
11:02:07	17.8	-0.02	5168	9200499	卖盘
11:02:01	17.82	-0.01	10051	17910882	卖盘
11:01:57	17.83	-0.01	122	217525	买盘
11:01:52	17.84	--	3032	5409088	买盘
11:01:46	17.84	--	203	362152	买盘
11:01:42	17.84	--	25	44600	买盘
11:01:37	17.84	--	795	1418280	卖盘
11:01:31	17.84	--	36	64224	卖盘
11:01:27	17.84	-0.01	131	233704	卖盘
11:01:22	17.85	0.02	189	337365	买盘
11:01:16	17.83	-0.01	104	185431	卖盘
11:01:12	17.84	-0.01	207	369288	卖盘
11:01:07	17.85	--	146	260610	买盘
11:01:01	17.85	0.01	131	233835	买盘
11:00:57	17.84	-0.01	45	80280	卖盘
11:00:52	17.85	--	21	37485	买盘
11:00:46	17.85	0.01	113	201705	买盘
11:00:41	17.84	-0.01	103	183752	卖盘
11:00:37	17.85	--	1951	3482535	买盘
11:00:31	17.85	--	109	194565	买盘
11:00:27	17.85	--	5	8925	买盘
11:00:22	17.85	--	331	590835	卖盘
11:00:16	17.85	--	701	1251285	卖盘
11:00:10	17.85	0.01	837	1494045	买盘
11:00:07	17.84	--	613	1093592	买盘
11:00:01	17.84	-0.01	369	658296	卖盘
10:59:55	17.85	--	348	621180	卖盘
10:59:52	17.85	--	246	439110	卖盘
10:59:46	17.85	-0.01	7	12495	卖盘
10:59:40	17.86	0.01	10029	17911794	买盘
10:59:37	17.85	0.01	123	219555	买盘
10:59:31	17.84	-0.01	4478	7988752	卖盘
10:59:25	17.85	--	131	233835	买盘
10:59:22	17.85	-0.01	987	1761795	卖盘
10:59:16	17.86	0.02	614	1096604	买盘
10:59:10	17.84	-0.01	1886	3364624	卖盘
10:59:07	17.85	--	184	328440	买盘
10:59:01	17.85	--	254	453390	买盘
10:58:55	17.85	-0.01	654	1167390	卖盘
10:58:51	17.86	--	326	582236	卖盘
10:58:46	17.86	--	190	339340	买盘
10:58:40	17.86	-0.01	284	507224	中性盘
10:58:36	17.87	0.01	352	629024	买盘
10:58:31	17.86	--	1757	3138002	卖盘
10:58:25	17.86	-0.01	85	151810	卖盘
10:58:21	17.87	0.01	60	107220	买盘
10:58:16	17.86	--	233	416138	卖盘
10:58:10	17.86	-0.01	660	1178760	卖盘
10:58:06	17.87	-0.01	201	359187	买盘
10:58:01	17.88	--	1673	2991324	买盘
10:57:55	17.88	--	139	248532	买盘
10:57:51	17.88	0.02	246	439848	买盘
10:57:46	17.86	-0.01	1249	2230714	卖盘
10:57:40	17.87	0.01	90	160830	卖盘
10:57:36	17.86	-0.02	85	151810	卖盘
10:57:31	17.88	--	32	57216	买盘
10:57:25	17.88	-0.01	495	885060	卖盘
10:57:21	17.89	--	191	341699	卖盘
10:57:16	17.89	--	294	525966	卖盘
10:57:10	17.89	-0.01	412	737068	卖盘
10:57:06	17.9	0.01	235	420649	买盘
10:57:01	17.89	--	1281	2291709	卖盘
10:56:55	17.89	-0.02	959	1715651	卖盘
10:56:51	17.91	0.01	323	578493	买盘
10:56:46	17.9	-0.01	769	1376510	卖盘
10:56:40	17.91	0.01	741	1327131	买盘
10:56:36	17.9	0.02	1546	2767340	买盘
10:56:31	17.88	-0.02	186	332568	卖盘
10:56:25	17.9	0.01	14233	25477069	买盘
10:56:21	17.89	0.02	309	552801	买盘
10:56:16	17.87	0.02	878	1568986	买盘
10:56:10	17.85	--	5573	9947805	卖盘
10:56:06	17.85	--	555	990675	买盘
10:56:01	17.85	--	265	473025	买盘
10:55:55	17.85	0.01	55	98175	买盘
10:55:51	17.84	--	10883	19415272	卖盘
10:55:46	17.84	0.01	89	158776	买盘
10:55:40	17.83	0.01	145	258534	买盘
10:55:36	17.82	-0.02	618	1101276	卖盘
10:55:31	17.84	0.02	802	1431089	买盘
10:55:25	17.82	-0.01	303	541407	卖盘
10:55:21	17.83	--	340	606220	卖盘
10:55:16	17.83	--	179	319156	卖盘
10:55:10	17.83	--	263	468928	卖盘
10:55:06	17.83	--	151	269233	卖盘
10:55:01	17.83	--	325	579475	卖盘
10:54:55	17.83	0.01	77	137611	买盘
10:54:51	17.82	-0.01	22	39204	买盘
10:54:46	17.83	--	828	1476323	买盘
10:54:40	17.83	0.01	184	328071	买盘
10:54:36	17.82	--	24	42768	卖盘
10:54:31	17.82	0.01	334	595188	卖盘
10:54:25	17.81	--	463	824602	卖盘
10:54:21	17.81	--	139	247558	卖盘
10:54:16	17.81	--	1025	1825524	卖盘
10:54:10	17.81	--	161	286741	买盘
10:54:04	17.81	--	102	181662	买盘
10:54:01	17.81	--	1038	1848677	卖盘
10:53:55	17.81	--	1595	2840695	买盘
10:53:49	17.81	0.01	814	1449734	买盘
10:53:46	17.8	-0.01	4416	7860480	卖盘
10:53:40	17.81	0.02	840	1496040	买盘
10:53:34	17.79	-0.01	87	154773	卖盘
10:53:31	17.8	--	1521	2707380	卖盘
10:53:25	17.8	--	877	1561060	买盘
10:53:19	17.8	--	6	10680	买盘
10:53:16	17.8	--	831	1479180	买盘
10:53:10	17.8	--	2956	5261680	买盘
10:53:04	17.8	--	262	466360	买盘
10:53:00	17.8	--	1166	2075480	买盘
10:52:55	17.8	--	581	1034180	买盘
10:52:49	17.8	0.01	51	90780	买盘
10:52:45	17.79	-0.01	195	346905	卖盘
10:52:40	17.8	0.01	2665	4743700	买盘
10:52:34	17.79	-0.01	74	131646	卖盘
10:52:30	17.8	--	325	578500	买盘
10:52:25	17.8	0.01	492	875760	买盘
10:52:19	17.79	-0.01	481	855699	卖盘
10:52:15	17.8	--	9	16020	买盘
10:52:10	17.8	0.01	691	1229980	买盘
10:52:04	17.79	--	226	402054	卖盘
10:52:00	17.79	--	13	23127	卖盘
10:51:55	17.79	--	763	1357377	买盘
10:51:49	17.79	--	195	346905	买盘
10:51:45	17.79	--	120	213480	买盘
10:51:40	17.79	-0.01	1719	3058101	卖盘
10:51:34	17.8	--	417	742260	买盘
10:51:30	17.8	--	299	532220	买盘
10:51:25	17.8	0.01	354	630120	买盘
10:51:19	17.79	-0.01	357	635103	卖盘
10:51:15	17.8	--	194	345320	买盘
10:51:10	17.8	0.03	417	742260	买盘
10:51:04	17.77	-0.03	1627	2891179	卖盘
10:51:00	17.8	--	73	129940	买盘
10:50:55	17.8	0.01	576	1025280	买盘
10:50:49	17.79	--	863	1535277	卖盘
10:50:45	17.79	--	42	74718	卖盘
10:50:40	17.79	0.01	196	348684	中性盘
10:50:34	17.78	-0.01	331	588518	卖盘
10:50:30	17.79	--	20	35580	卖盘
10:50:25	17.79	0.01	694	1234626	中性盘
10:50:19	17.78	--	130	231140	卖盘
10:50:15	17.78	-0.02	155	275590	卖盘
10:50:10	17.8	--	1387	2468860	买盘
10:50:04	17.8	0.03	5042	8974760	买盘
10:50:00	17.77	-0.01	433	769441	卖盘
10:49:55	17.78	--	1492	2652776	买盘
10:49:49	17.78	-0.01	395	702310	买盘
10:49:45	17.79	0.01	81	144099	买盘
10:49:40	17.78	--	755	1342390	买盘
10:49:34	17.78	0.01	197	350266	中性盘
10:49:30	17.77	-0.02	5372	9546044	卖盘
10:49:25	17.79	--	621	1104759	买盘
10:49:19	17.79	-0.01	550	978450	卖盘
10:49:15	17.8	--	394	701320	买盘
10:49:10	17.8	--	92	163760	买盘
10:49:04	17.8	-0.01	190	338200	卖盘
10:49:00	17.81	--	997	1775656	买盘
10:48:55	17.81	0.01	567	1009826	买盘
10:48:49	17.8	-0.01	269	478820	卖盘
10:48:45	17.81	0.01	597	1063257	买盘
10:48:40	17.8	0.01	257	457460	买盘
10:48:34	17.79	-0.01	162	288198	卖盘
10:48:30	17.8	-0.01	23	40940	中性盘
10:48:25	17.81	0.01	1920	3419519	买盘
10:48:19	17.8	--	565	1005700	卖盘
10:48:15	17.8	--	58	103240	卖盘
10:48:10	17.8	-0.01	629	1119620	卖盘
10:48:04	17.81	--	502	894061	买盘
10:47:58	17.81	-0.02	327	582387	卖盘
10:47:55	17.83	0.01	1136	2025487	买盘
10:47:49	17.82	0.01	524	933768	买盘
10:47:43	17.81	--	175	311675	卖盘
10:47:39	17.81	--	52	92612	卖盘
10:47:34	17.81	--	168	299208	卖盘
10:47:28	17.81	--	34	60553	买盘
10:47:25	17.81	-0.01	1390	2475590	中性盘
10:47:19	17.82	0.02	396	705672	买盘
10:47:13	17.8	-0.01	441	784980	卖盘
10:47:10	17.81	0.01	361	642941	买盘
10:47:04	17.8	-0.01	108	192240	卖盘
10:46:58	17.81	--	1	1780	买盘
10:46:54	17.81	--	83	147823	买盘
10:46:49	17.81	0.01	1172	2087331	中性盘
10:46:43	17.8	--	111	197580	卖盘
10:46:39	17.8	--	933	1660740	卖盘
10:46:34	17.8	--	153	272340	卖盘
10:46:28	17.8	--	9	16020	卖盘
10:46:24	17.8	--	187	332860	买盘
10:46:19	17.8	0.01	3147	5601660	买盘
10:46:13	17.79	0.01	1387	2467473	中性盘
10:46:09	17.78	-0.01	707	1257046	卖盘
10:46:04	17.79	--	1074	1910646	买盘
10:45:58	17.79	--	171	304209	买盘
10:45:54	17.79	--	123	218817	买盘
10:45:49	17.79	-0.01	907	1613553	卖盘
10:45:43	17.8	-0.01	436	776080	卖盘
10:45:39	17.81	0.01	213	379353	买盘
10:45:34	17.8	--	419	745820	买盘
10:45:28	17.8	--	629	1119620	买盘
10:45:24	17.8	0.01	50	89000	买盘
10:45:19	17.79	--	3164	5628756	卖盘
10:45:13	17.79	0.01	197	350463	卖盘
10:45:09	17.78	-0.02	22	39116	卖盘
10:45:04	17.8	0.01	1547	2753660	买盘
10:44:58	17.79	0.01	783	1392957	买盘
10:44:54	17.78	-0.01	196	348488	中性盘
10:44:49	17.79	-0.01	1550	2757450	中性盘
10:44:43	17.8	--	1583	2817740	买盘
10:44:39	17.8	--	414	736920	买盘
10:44:34	17.8	-0.02	2396	4264880	卖盘
10:44:28	17.82	-0.01	1751	3120282	卖盘
10:44:24	17.83	--	105	187214	买盘
10:44:19	17.83	--	469	836226	买盘
10:44:13	17.83	-0.02	1003	1788348	卖盘
10:44:09	17.85	--	130	232050	买盘
10:44:04	17.85	--	696	1242360	买盘
10:43:58	17.85	-0.02	4992	8910720	卖盘
10:43:54	17.87	--	1003	1792361	买盘
10:43:49	17.87	0.02	1127	2013949	买盘
10:43:43	17.85	-0.01	2709	4835565	卖盘
10:43:39	17.86	0.03	89	158954	买盘
10:43:34	17.83	-0.04	173	308458	中性盘
10:43:28	17.87	0.05	1947	3479289	买盘
10:43:24	17.82	--	134	238788	买盘
10:43:19	17.82	-0.01	374	666468	买盘
10:43:13	17.83	--	971	1731292	买盘
10:43:09	17.83	0.01	286	509937	买盘
10:43:04	17.82	0.02	2644	4711608	买盘
10:42:58	17.8	--	1777	3163060	买盘
10:42:54	17.8	0.02	833	1482740	买盘
10:42:49	17.78	-0.02	972	1728216	卖盘
10:42:43	17.8	-0.02	3541	6302980	卖盘
10:42:39	17.82	0.01	119	212058	买盘
10:42:34	17.81	-0.01	1851	3296630	卖盘
10:42:28	17.82	--	328	584496	卖盘
10:42:24	17.82	--	208	370656	卖盘
10:42:19	17.82	-0.01	681	1213542	卖盘
10:42:13	17.83	0.01	1259	2244797	买盘
10:42:09	17.82	-0.02	875	1559250	卖盘
10:42:04	17.84	--	497	886648	买盘
10:41:58	17.84	--	365	651160	卖盘
10:41:54	17.84	-0.02	397	708248	卖盘
10:41:49	17.86	0.01	1409	2516474	买盘
10:41:43	17.85	--	129	230265	买盘
10:41:39	17.85	-0.01	944	1685040	卖盘
10:41:34	17.86	-0.01	660	1178760	卖盘
10:41:28	17.87	--	1332	2380284	买盘
10:41:22	17.87	--	261	466407	买盘
10:41:19	17.87	0.01	98	175126	买盘
10:41:13	17.86	--	351	626886	买盘
10:41:07	17.86	-0.01	859	1534174	卖盘
10:41:04	17.87	--	267	477129	卖盘
10:40:58	17.87	0.01	443	791641	买盘
10:40:52	17.86	-0.01	290	517940	买盘
10:40:49	17.87	0.01	210	375270	买盘
10:40:43	17.86	-0.01	526	939436	卖盘
10:40:37	17.87	0.02	755	1349185	买盘
10:40:33	17.85	-0.02	286	510510	卖盘
10:40:28	17.87	--	472	843464	卖盘
10:40:22	17.87	--	1846	3298802	卖盘
10:40:18	17.87	--	614	1097218	卖盘
10:40:13	17.87	0.01	523	934601	买盘
10:40:07	17.86	-0.01	1962	3504132	卖盘
10:40:03	17.87	--	159	284133	买盘
10:39:58	17.87	--	213	380631	买盘
10:39:52	17.87	--	578	1032886	卖盘
10:39:48	17.87	-0.01	157	280559	卖盘
10:39:43	17.88	--	90	160920	卖盘
10:39:37	17.88	-0.01	658	1176504	卖盘
10:39:33	17.89	0.01	65	116285	买盘
10:39:28	17.88	--	416	743808	卖盘
10:39:22	17.88	0.03	363	649044	买盘
10:39:18	17.85	-0.03	1523	2718555	卖盘
10:39:13	17.88	0.03	98	175224	买盘
10:39:07	17.85	--	428	763980	卖盘
10:39:03	17.85	0.01	215	383775	卖盘
10:38:58	17.84	--	1745	3113080	卖盘
10:38:52	17.84	-0.01	337	601208	卖盘
10:38:48	17.85	0.01	56	99960	买盘
10:38:43	17.84	-0.01	497	886648	中性盘
10:38:37	17.85	-0.04	1241	2215185	中性盘
10:38:33	17.89	--	72	128808	买盘
10:38:28	17.89	0.01	997	1783633	买盘
10:38:22	17.88	-0.02	793	1417884	卖盘
10:38:18	17.9	--	868	1553719	买盘
10:38:13	17.9	--	450	805499	买盘
10:38:07	17.9	0.02	917	1641429	买盘
10:38:03	17.88	-0.02	558	997704	卖盘
10:37:58	17.9	-0.01	1597	2858630	卖盘
10:37:52	17.91	0.01	1444	2586204	中性盘
10:37:48	17.9	--	416	744639	买盘
10:37:43	17.9	0.01	1131	2024489	买盘
10:37:37	17.89	--	980	1753220	卖盘
10:37:33	17.89	--	595	1064455	卖盘
10:37:28	17.89	0.02	2611	4671079	买盘
10:37:22	17.87	0.01	693	1238391	买盘
10:37:18	17.86	0.01	1181	2109266	买盘
10:37:13	17.85	0.01	1943	3468255	买盘
10:37:07	17.84	0.02	877	1564568	买盘
10:37:03	17.82	0.06	101	179982	卖盘
10:36:58	17.76	-0.07	4255	7556880	卖盘
10:36:52	17.83	0.05	1532	2731555	买盘
10:36:48	17.78	--	61	108458	卖盘
10:36:43	17.78	--	440	782320	卖盘
10:36:37	17.78	--	130	231140	卖盘
10:36:33	17.78	0.02	48	85344	中性盘
10:36:28	17.76	-0.01	2379	4225104	卖盘
10:36:22	17.77	0.01	842	1496234	买盘
10:36:18	17.76	-0.01	943	1674768	卖盘
10:36:13	17.77	--	568	1009336	卖盘
10:36:07	17.77	0.01	1122	1993794	买盘
10:36:03	17.76	-0.01	428	760128	卖盘
10:35:58	17.77	--	1047	1860519	买盘
10:35:52	17.77	-0.01	1176	2089752	卖盘
10:35:48	17.78	0.01	231	410718	买盘
10:35:42	17.77	-0.01	590	1048430	中性盘
10:35:37	17.78	-0.01	1180	2098040	中性盘
10:35:33	17.79	0.02	467	830793	买盘
10:35:28	17.77	0.01	455	808535	卖盘
10:35:22	17.76	--	475	843600	卖盘
10:35:16	17.76	-0.02	354	628704	卖盘
10:35:13	17.78	0.01	534	949452	买盘
10:35:07	17.77	0.01	316	561532	买盘
10:35:01	17.76	--	211	374736	卖盘
10:34:58	17.76	--	8437	14984112	卖盘
10:34:52	17.76	--	1091	1937811	买盘
10:34:46	17.76	0.01	315	559440	买盘
10:34:43	17.75	--	1238	2197450	卖盘
10:34:37	17.75	-0.01	1224	2172600	卖盘
10:34:31	17.76	0.01	207	367632	买盘
10:34:28	17.75	-0.01	1605	2848875	卖盘
10:34:22	17.76	-0.01	1206	2141856	卖盘
10:34:16	17.77	--	265	471900	买盘
10:34:13	17.77	0.02	636	1130172	买盘
10:34:07	17.75	-0.02	415	736625	中性盘
10:34:01	17.77	0.01	1754	3116858	买盘
10:33:57	17.76	--	3039	5397264	买盘
10:33:52	17.76	--	1197	2125872	卖盘
10:33:46	17.76	--	391	694416	卖盘
10:33:42	17.76	-0.01	6215	11037840	卖盘
10:33:37	17.77	--	715	1270555	买盘
10:33:31	17.77	0.01	579	1028883	中性盘
10:33:27	17.76	-0.01	5544	9846144	卖盘
10:33:22	17.77	-0.01	2372	4215044	卖盘
10:33:16	17.78	--	1985	3529721	买盘
10:33:12	17.78	--	114	202692	买盘
10:33:07	17.78	--	660	1173480	买盘
10:33:01	17.78	0.01	1138	2023364	中性盘
10:32:57	17.77	-0.02	4190	7445630	卖盘
10:32:52	17.79	0.01	1424	2533296	买盘
10:32:46	17.78	--	1551	2757678	买盘
10:32:42	17.78	-0.01	149	264922	中性盘
10:32:37	17.79	0.01	7138	12698502	买盘
10:32:31	17.78	-0.01	372	661416	卖盘
10:32:27	17.79	0.01	164	291756	买盘
10:32:22	17.78	-0.01	2635	4685030	卖盘
10:32:16	17.79	--	1529	2720091	卖盘
10:32:12	17.79	--	77	136983	卖盘
10:32:07	17.79	-0.01	1329	2364291	卖盘
10:32:01	17.8	-0.01	2265	4031700	中性盘
10:31:57	17.81	0.02	1174	2090893	买盘
10:31:52	17.79	-0.02	2904	5166269	卖盘
10:31:46	17.81	--	225	400725	买盘
10:31:42	17.81	--	211	375791	买盘
10:31:37	17.81	--	382	680342	卖盘
10:31:31	17.81	-0.01	91	162071	卖盘
10:31:27	17.82	--	26	46332	买盘
10:31:22	17.82	-0.01	1288	2295216	卖盘
10:31:16	17.83	--	39	69537	买盘
10:31:12	17.83	--	27	48140	买盘
10:31:07	17.83	--	183	327073	卖盘
10:31:01	17.83	-0.01	280	499239	卖盘
10:30:57	17.84	--	221	394264	买盘
10:30:52	17.84	--	146	260464	买盘
10:30:46	17.84	--	736	1313024	买盘
10:30:42	17.84	--	53	94552	卖盘
10:30:37	17.84	-0.01	856	1527104	卖盘
10:30:31	17.85	0.01	208	371280	买盘
10:30:27	17.84	--	546	974581	买盘
10:30:22	17.84	--	122	217648	买盘
10:30:16	17.84	--	124	221216	买盘
10:30:12	17.84	-0.01	262	467925	卖盘
10:30:07	17.85	--	392	700987	买盘
10:30:01	17.85	0.01	198	353430	买盘
10:29:57	17.84	--	435	776040	卖盘
10:29:52	17.84	0.01	701	1250584	买盘
10:29:46	17.83	-0.01	320	570560	卖盘
10:29:42	17.84	--	179	319336	卖盘
10:29:37	17.84	--	247	440648	买盘
10:29:31	17.84	--	229	408536	买盘
10:29:27	17.84	--	11	19624	买盘
10:29:22	17.84	-0.01	317	565528	中性盘
10:29:16	17.85	--	913	1630990	买盘
10:29:12	17.85	0.01	156	278460	买盘
10:29:07	17.84	--	164	293557	卖盘
10:29:01	17.84	-0.01	229	408536	中性盘
10:28:56	17.85	--	157	280245	买盘
10:28:52	17.85	0.01	438	781830	买盘
10:28:46	17.84	0.01	819	1461096	买盘
10:28:40	17.83	--	388	691803	买盘
10:28:36	17.83	--	107	190780	买盘
10:28:31	17.83	0.01	84	149772	买盘
10:28:25	17.82	--	168	299376	买盘
10:28:21	17.82	--	833	1484406	买盘
10:28:16	17.82	--	3119	5558058	买盘
10:28:10	17.82	0.01	361	643302	买盘
10:28:06	17.81	--	457	813916	卖盘
10:28:01	17.81	0.03	2483	4423950	买盘
10:27:55	17.78	-0.01	388	689864	卖盘
10:27:51	17.79	-0.01	1137	2022723	中性盘
10:27:46	17.8	--	2543	4526540	买盘
10:27:40	17.8	--	704	1253120	卖盘
10:27:36	17.8	-0.01	294	523320	卖盘
10:27:31	17.81	--	477	849536	买盘
10:27:25	17.81	0.01	707	1259167	买盘
10:27:21	17.8	--	104	185120	卖盘
10:27:16	17.8	--	572	1018160	卖盘
10:27:10	17.8	--	37	65860	买盘
10:27:06	17.8	--	472	840160	卖盘
10:27:01	17.8	--	164	291920	买盘
10:26:55	17.8	0.01	606	1078680	买盘
10:26:51	17.79	-0.02	215	382485	卖盘
10:26:46	17.81	0.02	119	211938	买盘
10:26:40	17.79	-0.02	3684	6553836	卖盘
10:26:36	17.81	--	1294	2304614	买盘
10:26:31	17.81	0.01	742	1321502	买盘
10:26:25	17.8	0.01	570	1014600	买盘
10:26:21	17.79	-0.01	526	935754	卖盘
10:26:16	17.8	0.01	78	138840	中性盘
10:26:10	17.79	-0.01	844	1501476	卖盘
10:26:06	17.8	0.02	158	281240	买盘
10:26:01	17.78	-0.01	1376	2446528	卖盘
10:25:55	17.79	--	859	1528161	卖盘
10:25:51	17.79	--	674	1199046	买盘
10:25:46	17.79	0.01	2956	5258724	中性盘
10:25:40	17.78	-0.02	2039	3625342	卖盘
10:25:36	17.8	--	542	964760	买盘
10:25:31	17.8	--	365	649700	买盘
10:25:25	17.8	0.01	281	500180	买盘
10:25:21	17.79	--	377	670683	卖盘
10:25:16	17.79	--	749	1332471	买盘
10:25:10	17.79	0.01	201	357579	中性盘
10:25:06	17.78	-0.02	316	561848	卖盘
10:25:01	17.8	--	527	938060	卖盘
10:24:55	17.8	--	521	927380	买盘
10:24:51	17.8	0.02	1251	2226869	买盘
10:24:45	17.78	-0.01	1164	2069592	卖盘
10:24:40	17.79	-0.01	3129	5566491	卖盘
10:24:36	17.8	--	181	322180	买盘
10:24:31	17.8	--	232	412960	买盘
10:24:25	17.8	--	297	528660	买盘
10:24:21	17.8	--	88	156640	买盘
10:24:16	17.8	--	1538	2738441	卖盘
10:24:10	17.8	-0.01	7627	13576060	卖盘
10:24:06	17.81	--	78	138918	买盘
10:24:01	17.81	--	410	730210	买盘
10:23:55	17.81	-0.02	957	1704416	卖盘
10:23:51	17.83	0.01	154	274582	买盘
10:23:45	17.82	0.01	349	621918	中性盘
10:23:40	17.81	-0.02	489	870908	卖盘
10:23:36	17.83	0.02	128	228223	买盘
10:23:31	17.81	--	325	578825	卖盘
10:23:25	17.81	-0.04	409	728429	卖盘
10:23:21	17.85	0.04	1000	1785000	买盘
10:23:16	17.81	-0.02	237	422096	卖盘
10:23:10	17.83	0.03	245	436834	中性盘
10:23:06	17.8	-0.03	840	1495912	卖盘
10:23:01	17.83	-0.01	272	484975	中性盘
10:22:55	17.84	0.03	105	187320	买盘
10:22:51	17.81	-0.02	98	174538	卖盘
10:22:46	17.83	0.02	368	656143	买盘
10:22:40	17.81	0.01	148	263588	中性盘
10:22:34	17.8	-0.04	633	1126740	卖盘
10:22:31	17.84	0.01	238	424592	买盘
10:22:25	17.83	0.01	201	358382	卖盘
10:22:19	17.82	-0.01	180	320760	卖盘
10:22:15	17.83	--	336	599088	卖盘
10:22:10	17.83	--	518	923593	买盘
10:22:04	17.83	0.01	1307	2330381	买盘
10:22:00	17.82	0.01	578	1029996	中性盘
10:21:54	17.81	--	749	1333969	买盘
10:21:49	17.81	--	45	80145	买盘
10:21:45	17.81	-0.02	85	151652	卖盘
10:21:40	17.83	0.03	704	1255231	买盘
10:21:34	17.8	-0.01	355	631900	卖盘
10:21:30	17.81	0.01	82	146042	买盘
10:21:25	17.8	-0.01	113	201140	卖盘
10:21:19	17.81	--	206	366886	买盘
10:21:15	17.81	0.01	164	292084	中性盘
10:21:10	17.8	--	1300	2314000	卖盘
10:21:04	17.8	--	1305	2322900	卖盘
10:21:00	17.8	--	200	356017	卖盘
10:20:55	17.8	--	408	726240	卖盘
10:20:49	17.8	0.01	451	802780	买盘
10:20:45	17.79	--	233	414507	卖盘
10:20:40	17.79	--	457	813003	买盘
10:20:34	17.79	-0.01	2276	4049004	卖盘
10:20:30	17.8	--	94	167320	买盘
10:20:25	17.8	0.01	397	706660	中性盘
10:20:19	17.79	-0.01	324	576396	卖盘
10:20:15	17.8	0.01	111	197580	买盘
10:20:10	17.79	--	873	1553067	买盘
10:20:04	17.79	-0.01	263	467877	卖盘
10:20:00	17.8	--	3024	5382720	卖盘
10:19:55	17.8	0.01	1549	2757558	买盘
10:19:49	17.79	--	380	676020	卖盘
10:19:45	17.79	-0.01	392	697368	卖盘
10:19:40	17.8	0.01	379	674620	买盘
10:19:34	17.79	--	320	569280	卖盘
10:19:30	17.79	--	2063	3670077	卖盘
10:19:25	17.79	--	554	985566	卖盘
10:19:19	17.79	--	850	1512150	买盘
10:19:15	17.79	--	108	192132	买盘
10:19:10	17.79	--	598	1063842	买盘
10:19:04	17.79	-0.01	614	1092306	卖盘
10:19:00	17.8	0.01	2598	4624440	买盘
10:18:55	17.79	-0.01	975	1735414	卖盘
10:18:49	17.8	0.01	190	338200	买盘
10:18:45	17.79	--	147	261513	卖盘
10:18:40	17.79	0.01	155	275745	卖盘
10:18:34	17.78	-0.01	1752	3115056	卖盘
10:18:30	17.79	--	429	763191	买盘
10:18:25	17.79	-0.02	4874	8672304	卖盘
10:18:19	17.81	--	936	1667015	买盘
10:18:14	17.81	--	70	124669	买盘
10:18:10	17.81	--	168	299208	买盘
10:18:04	17.81	0.01	934	1663453	买盘
10:18:00	17.8	-0.01	1024	1822720	卖盘
10:17:55	17.81	--	1044	1861127	卖盘
10:17:49	17.81	-0.01	502	894061	卖盘
10:17:45	17.82	0.01	364	648648	买盘
10:17:40	17.81	--	627	1116687	卖盘
10:17:34	17.81	--	1310	2333110	卖盘
10:17:30	17.81	--	78	138918	卖盘
10:17:25	17.81	--	2273	4048230	卖盘
10:17:19	17.81	--	309	550329	卖盘
10:17:15	17.81	--	133	236872	卖盘
10:17:10	17.81	0.01	324	577044	中性盘
10:17:04	17.8	-0.02	2023	3600940	卖盘
10:16:59	17.82	0.01	36	64152	买盘
10:16:55	17.81	-0.01	4491	8000234	卖盘
10:16:49	17.82	-0.01	1392	2480544	卖盘
10:16:45	17.83	--	112	199695	买盘
10:16:40	17.83	--	125	222874	买盘
10:16:34	17.83	-0.01	458	816613	卖盘
10:16:30	17.84	--	320	570897	买盘
10:16:24	17.84	-0.01	936	1669824	买盘
10:16:19	17.85	0.01	244	435540	买盘
10:16:13	17.84	-0.01	71	126664	中性盘
10:16:10	17.85	0.02	363	647955	买盘
10:16:04	17.83	-0.01	141	251402	卖盘
10:15:58	17.84	-0.01	566	1011082	卖盘
10:15:54	17.85	0.01	1103	1968855	中性盘
10:15:49	17.84	-0.01	3495	6235080	卖盘
10:15:43	17.85	--	79	141015	卖盘
10:15:39	17.85	-0.01	293	523165	卖盘
10:15:34	17.86	--	304	542944	卖盘
10:15:28	17.86	0.01	2705	4831130	买盘
10:15:24	17.85	0.01	291	519435	中性盘
10:15:19	17.84	-0.01	7610	13576240	卖盘
10:15:13	17.85	--	137	244545	卖盘
10:15:09	17.85	0.01	1289	2301150	买盘
10:15:04	17.84	--	234	417456	卖盘
10:14:58	17.84	--	57	101688	卖盘
10:14:54	17.84	0.02	1242	2215728	买盘
10:14:49	17.82	-0.01	764	1361448	卖盘
10:14:43	17.83	-0.02	603	1076646	卖盘
10:14:39	17.85	0.03	193	344790	买盘
10:14:34	17.82	-0.01	321	573518	卖盘
10:14:28	17.83	-0.01	1244	2218052	卖盘
10:14:24	17.84	--	27	48168	买盘
10:14:19	17.84	--	1482	2643888	卖盘
10:14:13	17.84	--	361	644024	卖盘
10:14:09	17.84	--	141	251544	卖盘
10:14:04	17.84	--	235	419240	卖盘
10:13:58	17.84	--	127	226568	卖盘
10:13:54	17.84	--	56	100189	买盘
10:13:49	17.84	-0.02	1069	1907096	卖盘
10:13:43	17.86	0.01	335	598310	买盘
10:13:39	17.85	--	385	687225	卖盘
10:13:34	17.85	-0.02	563	1004955	卖盘
10:13:28	17.87	0.01	114	203718	买盘
10:13:24	17.86	--	267	477540	卖盘
10:13:19	17.86	-0.02	2279	4070294	卖盘
10:13:13	17.88	--	1153	2061564	买盘
10:13:09	17.88	0.01	115	205637	买盘
10:13:04	17.87	-0.03	1022	1826832	卖盘
10:12:58	17.9	0.02	229	409909	买盘
10:12:54	17.88	-0.02	419	749172	卖盘
10:12:49	17.9	-0.01	437	782229	卖盘
10:12:43	17.91	--	250	447750	买盘
10:12:39	17.91	--	198	354618	买盘
10:12:34	17.91	--	148	265068	买盘
10:12:28	17.91	-0.01	769	1377279	卖盘
10:12:24	17.92	--	763	1367296	买盘
10:12:19	17.92	--	2801	5019392	买盘
10:12:13	17.92	0.01	201	360192	买盘
10:12:09	17.91	--	17	30447	卖盘
10:12:04	17.91	--	191	342081	卖盘
10:11:58	17.91	0.01	273	488943	买盘
10:11:54	17.9	-0.01	18	32219	卖盘
10:11:49	17.91	0.03	544	974304	买盘
10:11:43	17.88	-0.01	306	548397	卖盘
10:11:39	17.89	-0.01	179	320749	卖盘
10:11:34	17.9	0.02	595	1066320	买盘
10:11:28	17.88	-0.02	494	883272	卖盘
10:11:24	17.9	0.01	78	139620	买盘
10:11:19	17.89	0.01	525	939225	买盘
10:11:13	17.88	--	285	509580	卖盘
10:11:09	17.88	-0.01	350	625800	卖盘
10:11:03	17.89	0.01	478	855142	买盘
10:10:58	17.88	--	90	160920	卖盘
10:10:54	17.88	-0.01	134	239592	卖盘
10:10:48	17.89	0.01	149	266561	中性盘
10:10:43	17.88	--	1096	1959648	卖盘
10:10:39	17.88	--	192	343296	买盘
10:10:33	17.88	--	235	420180	卖盘
10:10:28	17.88	0.01	265	473820	中性盘
10:10:24	17.87	-0.01	73	130451	卖盘
10:10:18	17.88	--	2581	4614828	买盘
10:10:13	17.88	0.01	1165	2083020	买盘
10:10:09	17.87	--	899	1606513	卖盘
10:10:03	17.87	--	908	1623686	买盘
10:09:58	17.87	--	638	1140106	买盘
10:09:52	17.87	--	54	96498	买盘
10:09:48	17.87	--	569	1016803	买盘
10:09:43	17.87	0.01	490	875630	买盘
10:09:37	17.86	0.01	86	153596	中性盘
10:09:34	17.85	-0.02	134	239190	卖盘
10:09:28	17.87	--	177	316299	卖盘
10:09:22	17.87	0.01	67	119729	买盘
10:09:18	17.86	0.01	1068	1907448	中性盘
10:09:13	17.85	--	814	1452990	卖盘
10:09:07	17.85	--	1046	1867110	卖盘
10:09:03	17.85	-0.01	690	1231650	卖盘
10:08:58	17.86	--	599	1069814	买盘
10:08:52	17.86	0.01	376	671536	买盘
10:08:48	17.85	-0.01	441	787185	卖盘
10:08:43	17.86	-0.01	1483	2648638	中性盘
10:08:37	17.87	0.01	747	1334889	买盘
10:08:33	17.86	--	183	326838	卖盘
10:08:28	17.86	--	939	1677054	卖盘
10:08:22	17.86	--	149	266114	中性盘
10:08:18	17.86	--	46	82156	卖盘
10:08:13	17.86	0.01	157	280402	买盘
10:08:07	17.85	-0.02	1814	3237990	卖盘
10:08:03	17.87	0.01	51	91137	买盘
10:07:58	17.86	--	71	126806	卖盘
10:07:52	17.86	0.01	355	634030	中性盘
10:07:48	17.85	--	285	508725	卖盘
10:07:43	17.85	--	548	978180	卖盘
10:07:37	17.85	-0.01	1519	2711415	卖盘
10:07:33	17.86	0.02	165	294690	买盘
10:07:28	17.84	--	358	638672	卖盘
10:07:22	17.84	--	1221	2178264	卖盘
10:07:18	17.84	-0.01	158	281872	卖盘
10:07:13	17.85	--	2331	4160835	买盘
10:07:07	17.85	--	3384	6040440	买盘
10:07:03	17.85	-0.01	1140	2034900	卖盘
10:06:58	17.86	--	218	389348	卖盘
10:06:52	17.86	-0.01	740	1321640	卖盘
10:06:48	17.87	0.01	174	310938	卖盘
10:06:43	17.86	0.01	439	784054	买盘
10:06:37	17.85	-0.01	1146	2045610	卖盘
10:06:33	17.86	--	587	1048382	卖盘
10:06:27	17.86	--	163	291118	卖盘
10:06:22	17.86	--	213	380418	卖盘
10:06:18	17.86	--	93	166098	买盘
10:06:13	17.86	0.01	3765	6724290	买盘
10:06:07	17.85	--	1137	2029545	买盘
10:06:03	17.85	--	509	908565	买盘
10:05:58	17.85	0.01	154	274890	买盘
10:05:52	17.84	-0.01	526	938384	卖盘
10:05:48	17.85	0.01	64	114240	买盘
10:05:42	17.84	--	1219	2174696	卖盘
10:05:37	17.84	-0.01	809	1443256	卖盘
10:05:33	17.85	--	3014	5379990	买盘
10:05:28	17.85	0.02	346	617610	买盘
10:05:22	17.83	--	422	752425	卖盘
10:05:18	17.83	--	371	661492	卖盘
10:05:13	17.83	-0.01	128	228223	卖盘
10:05:07	17.84	--	616	1098944	买盘
10:05:03	17.84	-0.02	407	726088	卖盘
10:04:58	17.86	0.01	671	1198406	买盘
10:04:52	17.85	--	1159	2068815	卖盘
10:04:48	17.85	--	131	233835	卖盘
10:04:43	17.85	-0.01	409	730065	买盘
10:04:37	17.86	0.02	334	596524	买盘
10:04:33	17.84	--	335	597640	买盘
10:04:28	17.84	-0.01	1229	2192536	卖盘
10:04:22	17.85	--	344	614040	买盘
10:04:18	17.85	--	69	123165	买盘
10:04:13	17.85	-0.01	438	781830	卖盘
10:04:07	17.86	0.01	542	968012	买盘
10:04:03	17.85	0.01	157	280245	买盘
10:03:57	17.84	-0.01	714	1273776	卖盘
10:03:52	17.85	--	188	335580	卖盘
10:03:48	17.85	--	76	135660	卖盘
10:03:43	17.85	--	396	706860	卖盘
10:03:37	17.85	0.01	520	928200	买盘
10:03:31	17.84	--	428	763552	卖盘
10:03:27	17.84	--	2478	4420752	买盘
10:03:22	17.84	0.03	231	412104	买盘
10:03:16	17.81	-0.03	431	767611	卖盘
10:03:13	17.84	0.02	270	481680	中性盘
10:03:06	17.82	-0.02	1110	1978020	卖盘
10:03:01	17.84	0.02	56	99904	中性盘
10:02:58	17.82	-0.02	4372	7790904	卖盘
10:02:52	17.84	--	595	1061480	卖盘
10:02:46	17.84	0.02	474	845616	买盘
10:02:42	17.82	0.01	128	228096	买盘
10:02:37	17.81	-0.02	1039	1850458	卖盘
10:02:31	17.83	0.02	183	326288	买盘
10:02:27	17.81	0.01	1263	2249403	卖盘
10:02:22	17.8	-0.02	713	1269140	卖盘
10:02:16	17.82	0.02	125	222750	买盘
10:02:12	17.8	0.01	905	1610900	卖盘
10:02:07	17.79	-0.03	751	1336029	卖盘
10:02:01	17.82	0.02	208	370656	中性盘
10:01:57	17.8	0.01	1060	1886800	卖盘
10:01:52	17.79	-0.04	3555	6324345	卖盘
10:01:46	17.83	0.02	577	1028790	买盘
10:01:42	17.81	--	36	64115	卖盘
10:01:37	17.81	--	450	801592	卖盘
10:01:31	17.81	0.02	472	840810	买盘
10:01:27	17.79	0.01	410	729390	买盘
10:01:22	17.78	-0.02	1074	1909572	卖盘
10:01:16	17.8	0.01	411	731580	买盘
10:01:12	17.79	--	84	149436	卖盘
10:01:07	17.79	0.02	1026	1825254	买盘
10:01:01	17.77	0.02	1770	3145290	买盘
10:00:57	17.75	-0.02	636	1128900	卖盘
10:00:52	17.77	0.01	6642	11802834	买盘
10:00:46	17.76	--	669	1188144	卖盘
10:00:42	17.76	--	300	532800	卖盘
10:00:37	17.76	0.01	1670	2965920	买盘
10:00:31	17.75	-0.01	756	1341900	卖盘
10:00:27	17.76	--	184	326784	买盘
10:00:22	17.76	--	2564	4553664	卖盘
10:00:16	17.76	-0.02	4148	7368446	卖盘
10:00:12	17.78	--	620	1102360	买盘
10:00:07	17.78	--	1353	2405634	卖盘
10:00:01	17.78	-0.01	2436	4331208	卖盘
09:59:57	17.79	--	291	517689	买盘
09:59:52	17.79	-0.01	2736	4867344	卖盘
09:59:46	17.8	-0.01	2824	5026720	卖盘
09:59:42	17.81	0.01	1215	2163915	买盘
09:59:37	17.8	-0.01	677	1205060	卖盘
09:59:31	17.81	--	234	416753	买盘
09:59:27	17.81	-0.01	464	826383	卖盘
09:59:22	17.82	-0.01	322	573804	中性盘
09:59:16	17.83	0.02	2370	4225710	买盘
09:59:12	17.81	-0.01	596	1061476	卖盘
09:59:07	17.82	-0.01	1159	2065338	卖盘
09:59:01	17.83	0.01	494	880801	买盘
09:58:57	17.82	-0.01	226	402732	卖盘
09:58:52	17.83	-0.01	280	499239	卖盘
09:58:46	17.84	0.01	2375	4237000	买盘
09:58:42	17.83	--	724	1290891	卖盘
09:58:37	17.83	0.01	1397	2490850	买盘
09:58:31	17.82	-0.01	573	1021086	卖盘
09:58:27	17.83	-0.01	87	155120	中性盘
09:58:22	17.84	0.01	1655	2952520	买盘
09:58:16	17.83	-0.02	848	1511983	卖盘
09:58:12	17.85	0.01	715	1276275	买盘
09:58:07	17.84	-0.01	323	576232	中性盘
09:58:01	17.85	0.01	597	1065645	买盘
09:57:57	17.84	--	419	747496	买盘
09:57:51	17.84	-0.01	760	1355840	卖盘
09:57:46	17.85	--	1598	2852430	买盘
09:57:42	17.85	--	509	908565	买盘
09:57:36	17.85	0.02	909	1622565	买盘
09:57:31	17.83	-0.03	1034	1844156	卖盘
09:57:27	17.86	--	72	128592	买盘
09:57:22	17.86	0.01	810	1447910	买盘
09:57:16	17.85	0.02	496	885360	买盘
09:57:12	17.83	-0.01	1061	1891762	卖盘
09:57:06	17.84	--	479	854536	卖盘
09:57:01	17.84	0.01	98	174832	买盘
09:56:55	17.83	0.01	92	164035	买盘
09:56:51	17.82	--	674	1201068	卖盘
09:56:46	17.82	--	1530	2726460	卖盘
09:56:40	17.82	0.01	1571	2799522	买盘
09:56:37	17.81	--	526	938391	买盘
09:56:31	17.81	--	751	1337726	买盘
09:56:25	17.81	-0.01	275	489774	卖盘
09:56:21	17.82	0.01	765	1363230	买盘
09:56:16	17.81	0.02	956	1702635	买盘
09:56:10	17.79	-0.02	260	462540	卖盘
09:56:06	17.81	-0.01	2241	3991220	卖盘
09:56:01	17.82	0.01	1790	3189780	买盘
09:55:55	17.81	0.02	581	1034760	买盘
09:55:51	17.79	-0.01	711	1264869	卖盘
09:55:46	17.8	-0.02	2238	3983640	中性盘
09:55:40	17.82	0.01	2311	4118202	买盘
09:55:36	17.81	0.01	534	951053	买盘
09:55:31	17.8	0.01	1035	1842300	中性盘
09:55:25	17.79	--	859	1528161	卖盘
09:55:21	17.79	-0.01	1009	1795011	卖盘
09:55:16	17.8	-0.01	646	1149880	卖盘
09:55:10	17.81	--	2344	4174663	买盘
09:55:06	17.81	0.01	395	703495	买盘
09:55:01	17.8	-0.01	1182	2103960	卖盘
09:54:55	17.81	--	1368	2436408	买盘
09:54:51	17.81	0.01	372	662532	买盘
09:54:46	17.8	-0.01	504	897120	卖盘
09:54:40	17.81	--	1621	2887001	卖盘
09:54:36	17.81	--	805	1433705	卖盘
09:54:31	17.81	-0.01	1243	2213783	卖盘
09:54:25	17.82	0.01	1215	2165130	买盘
09:54:21	17.81	--	1057	1882516	买盘
09:54:16	17.81	--	785	1398085	买盘
09:54:10	17.81	-0.01	3240	5771063	卖盘
09:54:06	17.82	-0.01	292	520344	卖盘
09:54:01	17.83	0.01	1856	3309247	买盘
09:53:55	17.82	-0.02	354	630828	买盘
09:53:51	17.84	--	770	1373680	买盘
09:53:46	17.84	0.02	310	553040	买盘
09:53:40	17.82	0.01	940	1675080	中性盘
09:53:36	17.81	-0.03	136	242215	卖盘
09:53:31	17.84	0.02	969	1728696	中性盘
09:53:25	17.82	0.02	620	1104840	中性盘
09:53:21	17.8	-0.02	1453	2586340	卖盘
09:53:16	17.82	0.03	2330	4152166	买盘
09:53:10	17.79	-0.01	3097	5509563	卖盘
09:53:06	17.8	-0.01	526	936280	卖盘
09:53:01	17.81	0.02	846	1506726	买盘
09:52:55	17.79	--	1399	2488821	卖盘
09:52:51	17.79	0.01	331	588849	买盘
09:52:46	17.78	--	1972	3506216	卖盘
09:52:40	17.78	--	1973	3507994	卖盘
09:52:36	17.78	--	630	1120140	买盘
09:52:31	17.78	--	1699	3022528	卖盘
09:52:25	17.78	--	1228	2183632	买盘
09:52:21	17.78	0.01	771	1370838	买盘
09:52:16	17.77	--	1542	2740134	卖盘
09:52:10	17.77	-0.01	889	1579753	卖盘
09:52:06	17.78	-0.01	1046	1859788	卖盘
09:52:01	17.79	--	1364	2426556	买盘
09:51:55	17.79	0.02	4133	7352607	买盘
09:51:51	17.77	0.01	6808	12097816	买盘
09:51:46	17.76	-0.01	1529	2715504	卖盘
09:51:40	17.77	--	1595	2834315	买盘
09:51:36	17.77	-0.01	4143	7362111	卖盘
09:51:31	17.78	--	2404	4274312	买盘
09:51:25	17.78	--	2205	3920490	买盘
09:51:21	17.78	--	974	1731772	买盘
09:51:16	17.78	0.01	1843	3276854	买盘
09:51:10	17.77	-0.01	1876	3333652	卖盘
09:51:06	17.78	-0.01	275	488950	卖盘
09:51:00	17.79	-0.01	5704	10147416	卖盘
09:50:55	17.8	--	1509	2686020	买盘
09:50:51	17.8	-0.02	5331	9490710	卖盘
09:50:45	17.82	0.01	4375	7796250	买盘
09:50:40	17.81	-0.01	1011	1800590	卖盘
09:50:36	17.82	--	842	1500444	买盘
09:50:30	17.82	-0.01	3162	5634684	卖盘
09:50:25	17.83	--	2943	5247368	卖盘
09:50:21	17.83	-0.02	370	659709	卖盘
09:50:15	17.85	--	2022	3609270	买盘
09:50:10	17.85	-0.01	1353	2415105	卖盘
09:50:04	17.86	-0.01	160	285760	卖盘
09:50:01	17.87	0.01	1359	2428533	买盘
09:49:55	17.86	--	499	891214	卖盘
09:49:49	17.86	0.02	248	442928	买盘
09:49:45	17.84	--	915	1632360	卖盘
09:49:40	17.84	--	4262	7604799	买盘
09:49:34	17.84	--	1017	1814328	买盘
09:49:30	17.84	0.02	4091	7298344	买盘
09:49:25	17.82	-0.01	2603	4638546	卖盘
09:49:19	17.83	-0.01	1187	2116421	卖盘
09:49:15	17.84	0.01	1200	2140800	卖盘
09:49:10	17.83	--	1027	1831140	卖盘
09:49:04	17.83	--	306	545598	卖盘
09:49:00	17.83	--	18214	32475561	买盘
09:48:55	17.83	0.01	1456	2596047	买盘
09:48:49	17.82	0.01	645	1149390	买盘
09:48:45	17.81	-0.02	3113	5544253	卖盘
09:48:40	17.83	--	1584	2824271	买盘
09:48:34	17.83	0.01	8621	15371242	买盘
09:48:30	17.82	--	890	1585980	买盘
09:48:25	17.82	--	1078	1920996	买盘
09:48:19	17.82	-0.01	6477	11542014	卖盘
09:48:15	17.83	--	2232	3980280	买盘
09:48:10	17.83	--	1674	2984741	买盘
09:48:04	17.83	--	2009	3582046	买盘
09:48:00	17.83	--	9214	16428561	买盘
09:47:55	17.83	-0.02	7996	14256867	卖盘
09:47:49	17.85	0.02	1735	3096975	买盘
09:47:45	17.83	-0.03	336	599088	卖盘
09:47:40	17.86	--	618	1103748	买盘
09:47:34	17.86	--	2251	4020286	买盘
09:47:30	17.86	-0.03	586	1046596	中性盘
09:47:25	17.89	0.01	6843	12242127	买盘
09:47:18	17.88	-0.02	12058	21559704	卖盘
09:47:15	17.9	--	666	1192140	买盘
09:47:10	17.9	--	502	898579	买盘
09:47:04	17.9	0.01	831	1488904	买盘
09:47:00	17.89	-0.02	2615	4678610	卖盘
09:46:55	17.91	--	1296	2321136	买盘
09:46:49	17.91	0.01	4459	7986069	买盘
09:46:45	17.9	-0.01	370	662300	卖盘
09:46:40	17.91	--	413	739683	卖盘
09:46:34	17.91	--	2898	5190318	卖盘
09:46:30	17.91	0.01	595	1065645	中性盘
09:46:25	17.9	-0.01	1198	2144420	卖盘
09:46:19	17.91	--	860	1540260	买盘
09:46:15	17.91	--	1376	2464416	买盘
09:46:10	17.91	0.01	819	1466829	买盘
09:46:04	17.9	-0.03	577	1032829	卖盘
09:46:00	17.93	--	750	1344750	买盘
09:45:55	17.93	0.01	615	1102695	买盘
09:45:48	17.92	-0.01	511	915712	卖盘
09:45:45	17.93	--	767	1375231	买盘
09:45:40	17.93	0.03	2717	4872997	买盘
09:45:34	17.9	-0.06	7713	13806359	卖盘
09:45:30	17.96	0.01	172	308912	买盘
09:45:25	17.95	--	3060	5492700	卖盘
09:45:19	17.95	-0.01	1159	2080405	卖盘
09:45:15	17.96	-0.02	1315	2361740	中性盘
09:45:10	17.98	--	377	677846	买盘
09:45:04	17.98	--	365	656270	买盘
09:44:59	17.98	--	256	460288	买盘
09:44:55	17.98	--	1360	2445280	卖盘
09:44:49	17.98	-0.02	1008	1812384	卖盘
09:44:45	18.0	0.08	1515	2727000	买盘
09:44:40	17.92	-0.08	933	1671936	卖盘
09:44:34	18.0	0.01	16513	29725110	买盘
09:44:30	17.99	--	219	393980	买盘
09:44:24	17.99	--	12551	22579248	买盘
09:44:19	17.99	--	599	1077601	买盘
09:44:15	17.99	-0.01	192	345407	买盘
09:44:09	18.0	--	5887	10596600	买盘
09:44:04	18.0	--	2672	4809600	买盘
09:44:00	18.0	-0.01	1661	2990088	卖盘
09:43:54	18.01	-0.01	1410	2539410	买盘
09:43:49	18.02	--	2812	5067224	卖盘
09:43:45	18.02	--	797	1436194	买盘
09:43:39	18.02	-0.01	920	1657840	卖盘
09:43:34	18.03	--	1437	2590911	买盘
09:43:28	18.03	0.01	289	521067	买盘
09:43:24	18.02	--	3538	6375476	卖盘
09:43:19	18.02	-0.01	2023	3645446	卖盘
09:43:13	18.03	--	873	1574019	买盘
09:43:09	18.03	--	1409	2540427	卖盘
09:43:04	18.03	--	1142	2059026	买盘
09:42:58	18.03	--	748	1348644	买盘
09:42:54	18.03	0.01	2278	4107234	买盘
09:42:49	18.02	--	537	967674	卖盘
09:42:43	18.02	-0.01	3178	5726756	卖盘
09:42:39	18.03	--	1263	2277964	卖盘
09:42:34	18.03	0.01	6538	11789041	买盘
09:42:28	18.02	-0.01	4177	7527728	卖盘
09:42:24	18.03	--	1322	2383566	买盘
09:42:19	18.03	--	3667	6612123	卖盘
09:42:13	18.03	-0.02	463	834789	卖盘
09:42:09	18.05	--	857	1546885	买盘
09:42:04	18.05	0.01	1961	3539605	买盘
09:41:58	18.04	--	1070	1930280	买盘
09:41:54	18.04	-0.01	1973	3560194	卖盘
09:41:49	18.05	0.01	732	1321260	买盘
09:41:43	18.04	0.01	865	1560460	卖盘
09:41:39	18.03	-0.01	1157	2086071	卖盘
09:41:34	18.04	0.01	1246	2247784	卖盘
09:41:28	18.03	--	2083	3756027	买盘
09:41:24	18.03	-0.01	1715	3092145	卖盘
09:41:19	18.04	0.01	2071	3736084	买盘
09:41:13	18.03	-0.01	308	555324	卖盘
09:41:09	18.04	0.01	202	364408	买盘
09:41:04	18.03	--	451	813153	买盘
09:40:58	18.03	--	119	214557	买盘
09:40:54	18.03	0.01	388	699564	买盘
09:40:49	18.02	0.01	4589	8270405	买盘
09:40:43	18.01	--	921	1658721	买盘
09:40:39	18.01	0.01	230	414230	买盘
09:40:34	18.0	-0.01	130	234000	卖盘
09:40:28	18.01	0.02	874	1575586	买盘
09:40:24	17.99	--	142	255457	卖盘
09:40:19	17.99	--	1078	1939321	卖盘
09:40:13	17.99	--	2816	5065984	买盘
09:40:09	17.99	0.01	273	491126	买盘
09:40:04	17.98	-0.01	405	728190	卖盘
09:39:58	17.99	0.01	1295	2329705	买盘
09:39:54	17.98	0.01	3026	5440748	买盘
09:39:49	17.97	--	939	1687383	买盘
09:39:43	17.97	0.01	456	819432	买盘
09:39:39	17.96	0.01	242	434632	买盘
09:39:34	17.95	0.01	512	919040	买盘
09:39:28	17.94	-0.01	1508	2705352	卖盘
09:39:24	17.95	--	474	850830	卖盘
09:39:19	17.95	0.01	2265	4065675	买盘
09:39:13	17.94	--	1205	2161770	卖盘
09:39:09	17.94	0.01	995	1785030	卖盘
09:39:04	17.93	-0.01	2801	5022193	卖盘
09:38:58	17.94	-0.01	1997	3582618	卖盘
09:38:53	17.95	--	1157	2076815	买盘
09:38:48	17.95	--	2959	5311405	卖盘
09:38:43	17.95	--	1322	2372990	卖盘
09:38:39	17.95	-0.01	435	780825	卖盘
09:38:34	17.96	--	424	761504	买盘
09:38:28	17.96	0.01	813	1460148	中性盘
09:38:24	17.95	-0.01	696	1249320	卖盘
09:38:19	17.96	-0.02	431	774076	卖盘
09:38:13	17.98	0.02	1328	2387744	买盘
09:38:08	17.96	-0.02	493	885428	卖盘
09:38:04	17.98	--	515	925970	卖盘
09:37:57	17.98	0.02	868	1560664	买盘
09:37:54	17.96	0.04	565	1014740	买盘
09:37:48	17.92	-0.04	1271	2277632	卖盘
09:37:43	17.96	0.02	1239	2225244	买盘
09:37:39	17.94	-0.01	3097	5556018	卖盘
09:37:33	17.95	0.02	1895	3401560	买盘
09:37:28	17.93	--	1791	3211263	卖盘
09:37:24	17.93	--	861	1543773	买盘
09:37:18	17.93	-0.01	1056	1893408	卖盘
09:37:12	17.94	--	1423	2552862	买盘
09:37:07	17.94	0.01	416	746304	买盘
09:37:03	17.93	-0.01	1551	2780943	中性盘
09:36:58	17.94	-0.02	4647	8336718	卖盘
09:36:52	17.96	0.01	584	1048864	买盘
09:36:48	17.95	-0.01	1437	2579415	卖盘
09:36:43	17.96	-0.01	2011	3611756	卖盘
09:36:37	17.97	--	599	1076403	卖盘
09:36:33	17.97	-0.01	710	1275870	卖盘
09:36:28	17.98	0.02	715	1285570	买盘
09:36:22	17.96	-0.02	5518	9910328	卖盘
09:36:18	17.98	-0.01	818	1470764	卖盘
09:36:13	17.99	--	2585	4650415	买盘
09:36:07	17.99	0.03	744	1338456	买盘
09:36:03	17.96	-0.01	907	1628972	卖盘
09:35:58	17.97	--	1377	2474469	买盘
09:35:52	17.97	--	786	1412442	卖盘
09:35:48	17.97	-0.02	940	1689180	卖盘
09:35:43	17.99	-0.01	3040	5468959	卖盘
09:35:37	18.0	--	3132	5637600	买盘
09:35:33	18.0	--	1276	2296800	买盘
09:35:28	18.0	--	2261	4070430	卖盘
09:35:22	18.0	-0.01	950	1710000	卖盘
09:35:18	18.01	0.01	1132	2038732	中性盘
09:35:13	18.0	--	925	1665000	卖盘
09:35:07	18.0	--	1727	3108600	买盘
09:35:03	18.0	--	574	1033200	买盘
09:34:58	18.0	--	1828	3290400	买盘
09:34:52	18.0	--	673	1211400	买盘
09:34:48	18.0	-0.01	961	1729800	卖盘
09:34:43	18.01	0.02	3190	5745190	买盘
09:34:37	17.99	-0.03	2590	4660183	卖盘
09:34:33	18.02	-0.02	806	1452412	买盘
09:34:28	18.04	0.04	2596	4683184	买盘
09:34:22	18.0	-0.02	1594	2869200	卖盘
09:34:18	18.02	--	2311	4164422	卖盘
09:34:13	18.02	0.02	4482	8077591	买盘
09:34:06	18.0	-0.02	8117	14611374	卖盘
09:34:03	18.02	--	628	1131656	买盘
09:33:58	18.02	-0.01	2546	4587892	卖盘
09:33:52	18.03	-0.01	1333	2403399	买盘
09:33:48	18.04	-0.01	1144	2063776	卖盘
09:33:43	18.05	-0.02	8278	14941790	卖盘
09:33:37	18.07	0.03	2465	4454255	买盘
09:33:33	18.04	-0.01	1161	2094444	卖盘
09:33:28	18.05	-0.01	731	1319455	卖盘
09:33:22	18.06	-0.01	1315	2374890	卖盘
09:33:18	18.07	0.05	299	540293	买盘
09:33:13	18.02	-0.03	1402	2526530	卖盘
09:33:07	18.05	0.05	834	1505370	买盘
09:33:03	18.0	-0.01	813	1463400	卖盘
09:32:58	18.01	0.01	464	835664	买盘
09:32:51	18.0	0.02	4609	8297100	买盘
09:32:48	17.98	--	686	1233428	卖盘
09:32:43	17.98	-0.02	1421	2554958	卖盘
09:32:37	18.0	0.04	4162	7491600	买盘
09:32:33	17.96	-0.02	4258	7647368	卖盘
09:32:28	17.98	0.02	5148	9256104	买盘
09:32:22	17.96	--	1147	2060012	卖盘
09:32:18	17.96	--	967	1736732	卖盘
09:32:13	17.96	-0.01	1699	3051404	卖盘
09:32:07	17.97	0.01	1131	2032406	买盘
09:32:03	17.96	--	263	472348	卖盘
09:31:58	17.96	-0.01	759	1363738	卖盘
09:31:52	17.97	0.03	1562	2806914	买盘
09:31:48	17.94	-0.02	2925	5247450	卖盘
09:31:43	17.96	0.02	2427	4358892	买盘
09:31:37	17.94	0.01	2781	4989114	买盘
09:31:33	17.93	-0.01	1148	2058364	卖盘
09:31:28	17.94	-0.02	3458	6203652	卖盘
09:31:22	17.96	--	1016	1824736	卖盘
09:31:18	17.96	--	3293	5914228	买盘
09:31:12	17.96	0.02	1465	2631140	买盘
09:31:07	17.94	--	740	1327560	卖盘
09:31:03	17.94	0.01	1029	1846026	买盘
09:30:57	17.93	-0.01	1177	2110361	卖盘
09:30:52	17.94	--	3482	6246708	卖盘
09:30:48	17.94	0.01	629	1128426	买盘
09:30:42	17.93	0.01	909	1629837	买盘
09:30:36	17.92	0.01	353	632576	买盘
09:30:31	17.91	0.02	200	358200	中性盘
09:30:27	17.89	-0.01	2288	4093232	卖盘
09:30:22	17.9	0.03	2290	4099099	买盘
09:30:16	17.87	-0.04	717	1281279	卖盘
09:30:12	17.91	0.02	2845	5095395	中性盘
09:30:07	17.89	0.01	26378	47190242	买盘
09:30:01	17.88	-0.02	3751	6706788	卖盘
09:28:51	17.9	--	0	0	卖盘
09:25:01	17.9	17.9	15306	27397739	买盘
