成交时间	成交价	价格变动	成交量(手)	成交额(元)	性质
15:00:00	14.59	--	0	0	卖盘
15:00:00	14.59	--	0	0	卖盘
14:59:59	14.59	--	20	29180	卖盘
14:59:52	14.59	--	1	1459	卖盘
14:59:48	14.59	--	8	11672	卖盘
14:59:37	14.59	--	38	55442	卖盘
14:58:58	14.59	--	10	14590	卖盘
14:58:43	14.59	--	5	7295	卖盘
14:58:28	14.59	--	3	4377	卖盘
14:58:07	14.59	--	2	2918	卖盘
14:57:43	14.59	--	10	14590	卖盘
14:57:22	14.59	--	14	20426	卖盘
14:57:18	14.59	--	1	1459	卖盘
14:57:12	14.59	--	5	7295	卖盘
14:57:02	14.59	--	10	14590	卖盘
14:56:57	14.59	--	32	46688	卖盘
14:56:37	14.59	--	40	58360	卖盘
14:56:32	14.59	--	14	20426	卖盘
14:56:12	14.59	--	1	1459	卖盘
14:55:57	14.59	--	30	43770	卖盘
14:55:42	14.59	--	2	2918	卖盘
14:55:22	14.59	--	5	7295	卖盘
14:55:16	14.59	--	25	36475	卖盘
14:54:57	14.59	--	3	4377	卖盘
14:54:52	14.59	--	10	14590	卖盘
14:54:42	14.59	--	10	14590	卖盘
14:54:37	14.59	--	10	14590	卖盘
14:54:31	14.59	--	6	8754	卖盘
14:54:27	14.59	--	10	14590	卖盘
14:54:12	14.59	--	3	4377	卖盘
14:54:01	14.59	--	31	45229	卖盘
14:53:52	14.59	--	12	17508	卖盘
14:53:22	14.59	--	50	72950	卖盘
14:53:12	14.59	--	5	7295	卖盘
14:53:01	14.59	--	5	7295	卖盘
14:52:56	14.59	--	5	7295	卖盘
14:52:52	14.59	--	100	145900	卖盘
14:52:41	14.59	--	10	14590	卖盘
14:52:31	14.59	--	5	7295	卖盘
14:52:22	14.59	--	18	26262	卖盘
14:52:01	14.59	--	16	23344	卖盘
14:51:46	14.59	--	35	51065	卖盘
14:51:42	14.59	--	13	18967	卖盘
14:51:37	14.59	--	3	4377	卖盘
14:51:31	14.59	--	627	914793	卖盘
14:51:07	14.59	--	2	2918	卖盘
14:50:52	14.59	--	30	43770	卖盘
14:50:46	14.59	--	5	7295	卖盘
14:50:31	14.59	--	3	4377	卖盘
14:50:21	14.59	--	2	2918	卖盘
14:50:16	14.59	--	1	1459	卖盘
14:50:01	14.59	--	14	20426	卖盘
14:49:56	14.59	--	20	29180	卖盘
14:49:21	14.59	--	1	1459	卖盘
14:49:16	14.59	--	10	14590	卖盘
14:49:11	14.59	--	2	2918	卖盘
14:49:06	14.59	--	105	153195	卖盘
14:49:01	14.59	--	5	7295	卖盘
14:48:46	14.59	--	26	37934	卖盘
14:48:36	14.59	--	6	8754	卖盘
14:47:36	14.59	--	4	5836	卖盘
14:47:31	14.59	--	1	1459	卖盘
14:47:25	14.59	--	1	1459	卖盘
14:47:21	14.59	--	15	21885	卖盘
14:47:01	14.59	--	15	21885	卖盘
14:46:46	14.59	--	20	29180	卖盘
14:46:36	14.59	--	22	32098	卖盘
14:46:25	14.59	--	50	72950	卖盘
14:46:01	14.59	--	10	14590	卖盘
14:45:55	14.59	--	0	14	卖盘
14:45:46	14.59	--	2	2918	卖盘
14:45:20	14.59	--	20	29180	卖盘
14:45:10	14.59	--	4	5836	卖盘
14:45:01	14.59	--	26	37934	卖盘
14:44:50	14.59	--	2	2918	卖盘
14:44:40	14.59	--	2	2918	卖盘
14:44:31	14.59	--	13	18967	卖盘
14:44:25	14.59	--	13	18967	卖盘
14:44:20	14.59	--	3	4377	卖盘
14:44:01	14.59	--	95	138605	卖盘
14:43:40	14.59	--	82	119638	卖盘
14:43:31	14.59	--	10	14590	卖盘
14:43:25	14.59	--	1	1459	卖盘
14:43:10	14.59	--	1	1459	卖盘
14:42:55	14.59	--	409	596731	卖盘
14:42:45	14.59	--	2	2918	卖盘
14:42:40	14.59	--	11	16049	卖盘
14:42:30	14.59	--	2	2918	卖盘
14:42:10	14.59	--	6	8754	卖盘
14:42:00	14.59	--	11	16049	卖盘
14:41:44	14.59	--	10	14590	卖盘
14:41:30	14.59	--	21	30639	卖盘
14:41:25	14.59	--	27	39393	卖盘
14:41:15	14.59	--	27	39393	卖盘
14:40:45	14.59	--	47	68573	卖盘
14:40:40	14.59	--	25	36475	卖盘
14:40:30	14.59	--	2	2918	卖盘
14:40:25	14.59	--	11	16049	卖盘
14:40:15	14.59	--	40	58360	卖盘
14:40:10	14.59	--	0	729	卖盘
14:39:55	14.59	--	60	87540	卖盘
14:39:45	14.59	--	54	78786	卖盘
14:39:34	14.59	--	25	36475	卖盘
14:39:25	14.59	--	5	7295	卖盘
14:39:19	14.59	--	9	13131	卖盘
14:39:00	14.59	--	5	7295	卖盘
14:38:55	14.59	--	130	191099	卖盘
14:38:49	14.59	--	4	5836	卖盘
14:38:40	14.59	--	8	11672	卖盘
14:38:34	14.59	--	30	43770	卖盘
14:38:29	14.59	--	4	5836	卖盘
14:38:19	14.59	--	5	7295	卖盘
14:38:09	14.59	--	10	14590	卖盘
14:38:04	14.59	--	48	70032	卖盘
14:37:59	14.59	--	21	30639	卖盘
14:37:55	14.59	--	16	23344	卖盘
14:37:49	14.59	--	15	21885	卖盘
14:37:39	14.59	--	250	364750	卖盘
14:37:34	14.59	--	41	59819	卖盘
14:37:25	14.59	--	1	1459	卖盘
14:37:19	14.59	--	55	80245	卖盘
14:37:09	14.59	--	50	72950	卖盘
14:37:04	14.59	--	6	8754	卖盘
14:36:59	14.59	--	2	2918	卖盘
14:36:49	14.59	--	343	500437	卖盘
14:36:40	14.59	--	20	29180	卖盘
14:36:34	14.59	--	5	7295	卖盘
14:36:19	14.59	--	4	5836	卖盘
14:36:14	14.59	--	2	2918	卖盘
14:36:09	14.59	--	20	29180	卖盘
14:36:04	14.59	--	61	88999	卖盘
14:35:54	14.59	--	30	43770	卖盘
14:35:49	14.59	--	4	5836	卖盘
14:35:44	14.59	--	2	2918	卖盘
14:35:39	14.59	--	93	135687	卖盘
14:35:24	14.59	--	30	43770	卖盘
14:35:14	14.59	--	17	24803	卖盘
14:35:09	14.59	--	11	16049	卖盘
14:35:04	14.59	--	8	11672	卖盘
14:34:59	14.59	--	14	20426	卖盘
14:34:49	14.59	--	3	4377	卖盘
14:34:44	14.59	--	312	455208	卖盘
14:34:39	14.59	--	6	8754	卖盘
14:34:34	14.59	--	8	11672	卖盘
14:34:24	14.59	--	11	16049	卖盘
14:34:19	14.59	--	62	90458	卖盘
14:34:13	14.59	--	2	2918	卖盘
14:34:09	14.59	--	16	23344	卖盘
14:33:58	14.59	--	10	14590	卖盘
14:33:54	14.59	--	34	49606	卖盘
14:33:49	14.59	0.01	565	824335	卖盘
14:33:43	14.58	--	95	138510	卖盘
14:33:39	14.58	--	387	564246	卖盘
14:33:34	14.58	-0.01	320	466560	卖盘
14:33:28	14.59	--	13	18967	买盘
14:33:24	14.59	--	553	806827	买盘
14:33:19	14.59	0.01	44	64196	买盘
14:33:13	14.58	--	37	53946	卖盘
14:33:09	14.58	--	59	86022	卖盘
14:33:04	14.58	--	107	156006	卖盘
14:32:58	14.58	-0.01	5	7290	卖盘
14:32:54	14.59	--	75	109425	买盘
14:32:49	14.59	--	51	74409	买盘
14:32:43	14.59	--	262	382258	买盘
14:32:34	14.59	--	937	1367083	卖盘
14:32:28	14.59	--	37	53983	卖盘
14:32:24	14.59	--	362	528158	卖盘
14:32:18	14.59	--	136	198424	卖盘
14:32:13	14.59	--	85	124015	卖盘
14:32:09	14.59	--	484	706156	卖盘
14:32:04	14.59	--	281	409979	卖盘
14:31:58	14.59	--	131	191129	卖盘
14:31:53	14.59	--	20	29180	卖盘
14:31:49	14.59	--	1409	2055731	卖盘
14:31:43	14.59	--	419	611321	卖盘
14:31:38	14.59	--	164	239276	卖盘
14:31:34	14.59	--	33	48147	卖盘
14:31:28	14.59	--	383	558797	卖盘
14:31:23	14.59	--	19	27721	卖盘
14:31:19	14.59	--	475	693025	卖盘
14:31:13	14.59	0.01	3451	5035009	买盘
14:31:08	14.58	--	408	594864	卖盘
14:31:03	14.58	--	543	791694	买盘
14:30:58	14.58	--	1090	1589220	买盘
14:30:53	14.58	0.01	190	277020	买盘
14:30:48	14.57	-0.01	495	721215	卖盘
14:30:43	14.58	0.01	221	322218	买盘
14:30:38	14.57	0.01	45	65565	买盘
14:30:34	14.56	0.01	178	259168	买盘
14:30:28	14.55	0.01	157	228435	卖盘
14:30:23	14.54	-0.01	101	146854	卖盘
14:30:19	14.55	--	91	132405	买盘
14:30:13	14.55	--	38	55290	买盘
14:30:08	14.55	--	13	18915	买盘
14:30:04	14.55	0.03	99	144045	买盘
14:29:58	14.52	0.02	600	871200	买盘
14:29:53	14.5	--	67	97150	买盘
14:29:49	14.5	--	236	342200	买盘
14:29:43	14.5	0.1	368	533600	买盘
14:29:38	14.4	--	449	646560	买盘
14:29:34	14.4	0.03	2801	4033440	买盘
14:29:28	14.37	0.01	80	114960	买盘
14:29:23	14.36	--	106	152230	买盘
14:29:19	14.36	--	76	109136	买盘
14:29:13	14.36	0.01	62	89032	买盘
14:29:03	14.35	0.02	1774	2545690	买盘
14:28:58	14.33	0.01	88	126104	买盘
14:28:53	14.32	--	74	105968	买盘
14:28:48	14.32	0.01	220	315040	买盘
14:28:43	14.31	0.01	305	436455	买盘
14:28:33	14.3	--	0	0	买盘
14:28:28	14.3	0.02	35	50050	买盘
14:28:23	14.28	--	10	14280	卖盘
14:28:13	14.28	0.02	18	25704	买盘
14:28:08	14.26	0.02	44	62744	买盘
14:28:03	14.24	-0.02	59	84016	卖盘
14:27:58	14.26	--	11	15686	卖盘
14:27:53	14.26	0.03	471	671646	买盘
14:27:48	14.23	--	3	4269	卖盘
14:27:43	14.23	-0.02	67	95341	卖盘
14:27:32	14.25	--	1	1425	买盘
14:27:28	14.25	0.01	38	54150	买盘
14:27:22	14.24	-0.01	94	133856	卖盘
14:27:13	14.25	--	27	38475	买盘
14:27:07	14.25	--	1	1425	买盘
14:27:03	14.25	--	200	285000	买盘
14:26:58	14.25	0.04	126	179550	买盘
14:26:52	14.21	--	0	0	卖盘
14:26:48	14.21	-0.04	50	71050	卖盘
14:26:43	14.25	0.02	106	151050	买盘
14:26:37	14.23	--	4	5692	卖盘
14:26:33	14.23	-0.01	11	15653	卖盘
14:26:28	14.24	0.01	25	35600	买盘
14:26:22	14.23	-0.01	40	56920	卖盘
14:26:18	14.24	--	18	25632	买盘
14:26:13	14.24	--	28	39872	买盘
14:26:07	14.24	0.01	11	15664	买盘
14:26:03	14.23	0.01	246	350058	买盘
14:25:58	14.22	0.01	77	109494	买盘
14:25:52	14.21	--	5	7105	卖盘
14:25:48	14.21	-0.02	4	5684	中性盘
14:25:43	14.23	0.02	135	192105	买盘
14:25:37	14.21	-0.02	56	79576	卖盘
14:25:33	14.23	0.01	140	199220	买盘
14:25:28	14.22	0.02	40	56880	买盘
14:25:22	14.2	-0.02	40	56800	卖盘
14:25:18	14.22	0.02	1	1422	买盘
14:25:13	14.2	-0.01	50	71000	卖盘
14:25:07	14.21	0.01	2	2842	买盘
14:24:58	14.2	--	165	234300	买盘
14:24:47	14.2	--	100	142000	买盘
14:24:43	14.2	--	144	204480	卖盘
14:24:37	14.2	--	173	245660	卖盘
14:24:32	14.2	-0.01	20	28400	卖盘
14:24:27	14.21	0.01	166	235886	买盘
14:24:22	14.2	-0.02	49	69580	卖盘
14:24:17	14.22	--	0	0	买盘
14:24:13	14.22	--	27	38394	买盘
14:24:07	14.22	--	10	14220	买盘
14:24:02	14.22	--	0	0	买盘
14:23:58	14.22	0.01	69	98118	买盘
14:23:47	14.21	0.01	9	12789	买盘
14:23:43	14.2	0.01	121	171820	买盘
14:23:37	14.19	-0.01	45	63855	卖盘
14:23:32	14.2	--	100	142000	买盘
14:23:27	14.2	--	315	447300	卖盘
14:23:22	14.2	--	28	39760	卖盘
14:23:17	14.2	-0.03	78	110760	卖盘
14:23:13	14.23	0.03	44	62612	买盘
14:23:02	14.2	-0.02	32	45440	卖盘
14:22:58	14.22	--	28	39816	买盘
14:22:47	14.22	-0.02	45	63990	卖盘
14:22:43	14.24	--	51	72624	买盘
14:22:28	14.24	--	46	65504	买盘
14:22:22	14.24	--	16	22784	买盘
14:22:13	14.24	0.02	63	89712	买盘
14:22:07	14.22	-0.02	74	105228	卖盘
14:22:02	14.24	--	0	0	买盘
14:21:57	14.24	0.02	57	81168	买盘
14:21:47	14.22	-0.02	30	42660	卖盘
14:21:43	14.24	--	51	72624	买盘
14:21:37	14.24	--	1	1424	买盘
14:21:32	14.24	-0.02	54	76896	卖盘
14:21:27	14.26	0.02	31	44206	买盘
14:21:22	14.24	-0.02	36	51264	卖盘
14:21:12	14.26	--	26	37076	买盘
14:21:07	14.26	-0.02	29	41354	卖盘
14:20:57	14.28	0.02	70	99960	买盘
14:20:52	14.26	--	4	5704	卖盘
14:20:42	14.26	--	30	42780	卖盘
14:20:37	14.26	0.01	73	104098	买盘
14:20:32	14.25	--	26	37050	买盘
14:20:27	14.25	-0.01	100	142500	买盘
14:20:22	14.26	--	15	21390	买盘
14:20:12	14.26	0.01	38	54188	买盘
14:20:01	14.25	--	5	7125	买盘
14:19:57	14.25	0.01	60	85500	买盘
14:19:52	14.24	--	13	18512	买盘
14:19:46	14.24	--	1	1424	买盘
14:19:42	14.24	0.02	33	46992	买盘
14:19:37	14.22	-0.02	70	99540	卖盘
14:19:31	14.24	0.02	36	51264	买盘
14:19:27	14.22	--	9	12798	卖盘
14:19:12	14.22	0.01	102	145044	买盘
14:19:07	14.21	--	35	49735	买盘
14:19:01	14.21	0.01	9	12789	买盘
14:18:57	14.2	-0.01	19	26980	买盘
14:18:52	14.21	0.01	28	39788	买盘
14:18:46	14.2	0.02	22	31240	买盘
14:18:42	14.18	-0.03	18	25524	卖盘
14:18:37	14.21	0.01	44	62524	买盘
14:18:31	14.2	--	37	52540	买盘
14:18:27	14.2	--	2	2840	卖盘
14:18:22	14.2	--	79	112180	买盘
14:18:16	14.2	-0.01	5	7100	买盘
14:18:12	14.21	--	68	96628	买盘
14:18:06	14.21	0.01	52	73892	买盘
14:18:01	14.2	--	84	119280	卖盘
14:17:57	14.2	--	51	72420	卖盘
14:17:52	14.2	--	110	156200	卖盘
14:17:36	14.2	-0.01	16	22720	卖盘
14:17:26	14.21	0.01	65	92365	买盘
14:17:22	14.2	--	10	14200	卖盘
14:17:16	14.2	--	122	173240	卖盘
14:17:11	14.2	--	25	35500	卖盘
14:17:06	14.2	--	32	45440	卖盘
14:17:01	14.2	--	86	122120	卖盘
14:16:56	14.2	--	51	72420	买盘
14:16:52	14.2	--	5	7100	买盘
14:16:46	14.2	--	150	213000	买盘
14:16:41	14.2	--	4	5680	买盘
14:16:31	14.2	-0.01	248	352160	卖盘
14:16:22	14.21	0.01	128	181888	买盘
14:16:16	14.2	--	67	95140	卖盘
14:16:07	14.2	--	55	78100	卖盘
14:16:01	14.2	--	37	52540	卖盘
14:15:56	14.2	--	4	5680	卖盘
14:15:52	14.2	--	113	160460	卖盘
14:15:46	14.2	--	2	2840	卖盘
14:15:41	14.2	--	10	14200	卖盘
14:15:37	14.2	--	84	119280	卖盘
14:15:31	14.2	-0.01	3	4260	卖盘
14:15:26	14.21	--	109	154889	卖盘
14:15:22	14.21	--	32	45472	卖盘
14:15:16	14.21	--	6	8526	卖盘
14:15:01	14.21	--	5	7105	卖盘
14:14:56	14.21	-0.01	2	2842	卖盘
14:14:51	14.22	-0.01	20	28440	卖盘
14:14:36	14.23	--	71	101033	卖盘
14:14:31	14.23	-0.02	8	11384	卖盘
14:14:21	14.25	--	0	0	中性盘
14:14:16	14.25	--	113	161025	卖盘
14:14:11	14.25	--	13	18525	卖盘
14:14:06	14.25	-0.01	1	1425	卖盘
14:13:56	14.26	--	1	1426	买盘
14:13:51	14.26	--	2	2852	卖盘
14:13:46	14.26	--	14	19964	卖盘
14:13:41	14.26	--	12	17112	卖盘
14:13:36	14.26	--	25	35650	卖盘
14:13:31	14.26	-0.01	79	112654	卖盘
14:13:26	14.27	--	27	38529	买盘
14:13:16	14.27	--	27	38529	买盘
14:13:06	14.27	--	219	312513	卖盘
14:13:01	14.27	--	40	57080	卖盘
14:12:51	14.27	-0.03	36	51372	卖盘
14:12:46	14.3	--	27	38610	买盘
14:12:40	14.3	0.02	15	21450	买盘
14:12:35	14.28	-0.02	64	91392	卖盘
14:12:31	14.3	--	26	37180	买盘
14:12:25	14.3	--	1	1430	买盘
14:12:16	14.3	0.02	37	52910	买盘
14:12:10	14.28	--	5	7140	卖盘
14:12:06	14.28	-0.02	4	5712	卖盘
14:12:01	14.3	--	31	44330	买盘
14:11:55	14.3	0.01	1	1430	买盘
14:11:50	14.29	-0.01	396	565884	卖盘
14:11:46	14.3	--	16	22880	卖盘
14:11:40	14.3	-0.01	3	4290	卖盘
14:11:31	14.31	--	33	47223	买盘
14:11:20	14.31	0.01	5	7155	买盘
14:11:16	14.3	-0.02	22	31460	卖盘
14:11:10	14.32	0.01	20	28640	买盘
14:11:06	14.31	--	30	42930	卖盘
14:11:01	14.31	--	85	121635	卖盘
14:10:55	14.31	0.01	10	14310	中性盘
14:10:51	14.3	--	12	17160	卖盘
14:10:46	14.3	--	20	28600	卖盘
14:10:36	14.3	--	84	120120	买盘
14:10:25	14.3	-0.03	82	117260	卖盘
14:10:15	14.33	--	1	1433	买盘
14:10:10	14.33	--	270	386910	买盘
14:10:05	14.33	--	74	106042	卖盘
14:09:55	14.33	--	3	4299	卖盘
14:09:45	14.33	--	146	209218	买盘
14:09:35	14.33	0.03	11	15763	买盘
14:09:31	14.3	-0.04	58	82940	卖盘
14:09:25	14.34	--	33	47322	买盘
14:09:20	14.34	0.01	23	32982	买盘
14:09:16	14.33	--	38	54454	卖盘
14:09:10	14.33	--	45	64485	卖盘
14:09:01	14.33	0.03	6	8598	买盘
14:08:55	14.3	-0.03	26	37180	卖盘
14:08:50	14.33	--	10	14330	买盘
14:08:45	14.33	--	3	4299	买盘
14:08:40	14.33	-0.02	21	30093	卖盘
14:08:35	14.35	0.02	47	67445	买盘
14:08:30	14.33	-0.01	12	17196	卖盘
14:08:25	14.34	--	13	18642	卖盘
14:08:15	14.34	-0.01	44	63096	卖盘
14:08:10	14.35	--	20	28700	买盘
14:08:05	14.35	--	34	50210	卖盘
14:08:00	14.35	--	81	116235	卖盘
14:07:55	14.35	--	22	31584	买盘
14:07:50	14.35	--	7	10045	买盘
14:07:45	14.35	--	11	15785	买盘
14:07:40	14.35	--	40	57400	买盘
14:07:30	14.35	0.01	67	96145	买盘
14:07:20	14.34	--	20	28680	卖盘
14:07:15	14.34	0.01	22	31548	中性盘
14:07:10	14.33	--	23	32959	卖盘
14:07:05	14.33	-0.02	15	21495	卖盘
14:07:00	14.35	0.01	73	104755	买盘
14:06:55	14.34	0.04	11	15774	买盘
14:06:50	14.3	--	33	47190	卖盘
14:06:45	14.3	--	2	2860	卖盘
14:06:40	14.3	-0.05	25	35750	买盘
14:06:30	14.35	--	0	0	买盘
14:06:25	14.35	0.07	131	187985	买盘
14:06:15	14.28	-0.05	16	22848	中性盘
14:06:10	14.33	--	0	0	买盘
14:06:04	14.33	0.07	173	247909	买盘
14:06:00	14.26	-0.04	88	125488	卖盘
14:05:55	14.3	0.04	50	71500	买盘
14:05:49	14.26	--	6	8556	卖盘
14:05:45	14.26	-0.03	14	19964	卖盘
14:05:40	14.29	0.03	28	40012	买盘
14:05:34	14.26	--	10	14260	卖盘
14:05:30	14.26	--	779	1110854	卖盘
14:05:25	14.26	--	0	0	卖盘
14:05:19	14.26	--	5	7130	卖盘
14:05:15	14.26	-0.02	18	25668	卖盘
14:05:10	14.28	--	13	18564	买盘
14:05:04	14.28	0.02	5	7140	买盘
14:05:00	14.26	--	1	1426	卖盘
14:04:55	14.26	--	110	156860	卖盘
14:04:49	14.26	--	25	35650	卖盘
14:04:45	14.26	--	20	28520	卖盘
14:04:40	14.26	--	20	28520	卖盘
14:04:34	14.26	0.01	2	2852	买盘
14:04:30	14.25	-0.01	666	949050	卖盘
14:04:25	14.26	--	6	8556	买盘
14:04:15	14.26	0.01	100	142600	买盘
14:04:10	14.25	-0.01	105	149625	卖盘
14:04:00	14.26	0.01	47	67022	买盘
14:03:54	14.25	--	34	48450	卖盘
14:03:49	14.25	--	53	75525	买盘
14:03:45	14.25	0.01	28	39900	买盘
14:03:39	14.24	--	5	7120	卖盘
14:03:34	14.24	0.02	33	46992	买盘
14:03:29	14.22	--	2	2844	卖盘
14:03:24	14.22	-0.03	3	4266	卖盘
14:03:19	14.25	0.01	28	39900	买盘
14:03:14	14.24	--	51	72624	卖盘
14:03:10	14.24	--	0	0	卖盘
14:03:04	14.24	--	56	79744	卖盘
14:02:59	14.24	0.02	33	46992	卖盘
14:02:55	14.22	-0.02	31	44082	卖盘
14:02:49	14.24	0.02	25	35600	买盘
14:02:39	14.22	--	32	45504	买盘
14:02:34	14.22	-0.02	34	48348	卖盘
14:02:29	14.24	0.02	8	11392	买盘
14:02:24	14.22	--	17	24174	卖盘
14:02:19	14.22	-0.04	47	66834	卖盘
14:02:14	14.26	--	6	8556	卖盘
14:02:09	14.26	0.02	63	89838	买盘
14:02:04	14.24	-0.02	31	44144	卖盘
14:01:59	14.26	--	31	44206	卖盘
14:01:54	14.26	-0.01	20	28520	卖盘
14:01:49	14.27	--	161	229747	卖盘
14:01:39	14.27	-0.01	18	25686	卖盘
14:01:34	14.28	0.01	5	7140	中性盘
14:01:29	14.27	-0.02	38	54226	卖盘
14:01:25	14.29	0.01	102	145758	买盘
14:01:19	14.28	-0.01	30	42840	中性盘
14:01:14	14.29	--	68	97172	买盘
14:01:09	14.29	--	11	15718	买盘
14:01:04	14.29	0.01	96	137184	买盘
14:00:59	14.28	0.01	48	68544	中性盘
14:00:54	14.27	-0.01	33	47091	卖盘
14:00:49	14.28	-0.01	15	21420	卖盘
14:00:44	14.29	0.01	30	42870	买盘
14:00:39	14.28	0.01	20	28560	买盘
14:00:34	14.27	-0.01	19	27113	卖盘
14:00:29	14.28	--	53	75684	买盘
14:00:24	14.28	--	5	7140	买盘
14:00:19	14.28	0.01	153	218484	买盘
14:00:14	14.27	0.01	57	81339	买盘
14:00:09	14.26	--	97	138322	买盘
14:00:04	14.26	--	0	0	中性盘
13:59:59	14.26	--	30	42780	买盘
13:59:54	14.26	0.01	215	306590	买盘
13:59:49	14.25	--	83	118275	买盘
13:59:44	14.25	--	127	180975	买盘
13:59:39	14.25	0.01	15	21375	买盘
13:59:34	14.24	0.02	99	140976	买盘
13:59:29	14.22	--	24	34128	卖盘
13:59:24	14.22	--	10	14220	卖盘
13:59:19	14.22	0.04	1943	2762946	买盘
13:59:14	14.18	0.01	68	96424	买盘
13:59:09	14.17	--	58	82186	卖盘
13:59:04	14.17	-0.01	14	19838	卖盘
13:58:58	14.18	0.01	18	25524	买盘
13:58:49	14.17	--	105	148785	买盘
13:58:43	14.17	--	34	48178	买盘
13:58:39	14.17	--	78	110526	买盘
13:58:34	14.17	--	18	25506	卖盘
13:58:28	14.17	--	16	22672	买盘
13:58:19	14.17	0.01	5	7085	买盘
13:58:13	14.16	--	20	28320	买盘
13:58:09	14.16	--	0	0	买盘
13:58:04	14.16	-0.01	35	49560	买盘
13:57:58	14.17	0.01	18	25506	买盘
13:57:49	14.16	--	1	1416	买盘
13:57:43	14.16	--	33	46728	卖盘
13:57:39	14.16	0.03	8	11328	买盘
13:57:28	14.13	-0.02	42	59346	卖盘
13:57:19	14.15	--	179	254077	买盘
13:57:13	14.15	0.01	95	134425	买盘
13:56:58	14.14	--	20	28280	买盘
13:56:54	14.14	--	6	8484	买盘
13:56:48	14.14	-0.01	69	97566	卖盘
13:56:43	14.15	0.01	35	49525	买盘
13:56:33	14.14	-0.01	10	14140	卖盘
13:56:28	14.15	0.01	300	424500	买盘
13:56:23	14.14	--	11	15554	卖盘
13:56:18	14.14	--	5	7070	卖盘
13:56:13	14.14	--	10	14140	卖盘
13:56:08	14.14	--	10	14140	卖盘
13:56:03	14.14	--	59	83426	卖盘
13:55:58	14.14	--	28	39592	卖盘
13:55:53	14.14	-0.01	181	256556	卖盘
13:55:48	14.15	--	128	181912	买盘
13:55:43	14.15	--	20	28300	买盘
13:55:38	14.15	--	53	75617	卖盘
13:55:33	14.15	-0.01	168	237720	卖盘
13:55:28	14.16	0.01	22	31152	买盘
13:55:18	14.15	-0.01	70	99050	卖盘
13:55:13	14.16	--	19	26904	买盘
13:54:58	14.16	--	143	202488	卖盘
13:54:53	14.16	-0.01	3	4248	卖盘
13:54:48	14.17	--	106	150202	买盘
13:54:43	14.17	--	20	28340	买盘
13:54:38	14.17	--	5	7085	买盘
13:54:28	14.17	--	39	55263	卖盘
13:54:23	14.17	--	7	9919	卖盘
13:54:13	14.17	--	40	56680	卖盘
13:54:08	14.17	--	13	18421	卖盘
13:54:03	14.17	-0.01	10	14170	中性盘
13:53:58	14.18	-0.01	21	29778	买盘
13:53:43	14.19	0.01	118	167442	买盘
13:53:33	14.18	--	3	4254	卖盘
13:53:28	14.18	-0.01	23	32614	卖盘
13:53:23	14.19	0.01	131	185889	买盘
13:53:18	14.18	--	11	15598	卖盘
13:53:13	14.18	-0.01	25	35450	中性盘
13:53:08	14.19	0.01	123	174537	买盘
13:53:03	14.18	--	2	2836	买盘
13:52:58	14.18	--	131	185758	卖盘
13:52:53	14.18	--	13	18434	卖盘
13:52:48	14.18	-0.01	5	7090	卖盘
13:52:43	14.19	--	19	26961	买盘
13:52:38	14.19	--	11	15609	买盘
13:52:33	14.19	0.01	8	11352	买盘
13:52:28	14.18	-0.01	36	51048	卖盘
13:52:23	14.19	0.01	3	4257	买盘
13:52:18	14.18	-0.01	2	2836	卖盘
13:52:13	14.19	--	71	100749	买盘
13:52:07	14.19	0.01	3	4257	买盘
13:52:03	14.18	--	177	250986	卖盘
13:51:58	14.18	--	24	34032	买盘
13:51:52	14.18	--	15	21270	买盘
13:51:48	14.18	--	0	0	买盘
13:51:43	14.18	0.01	18	25524	买盘
13:51:37	14.17	--	8	11336	卖盘
13:51:33	14.17	0.02	12	17004	卖盘
13:51:28	14.15	--	0	0	卖盘
13:51:22	14.15	--	34	48110	卖盘
13:51:18	14.15	--	370	523550	卖盘
13:51:13	14.15	--	115	162725	卖盘
13:51:03	14.15	--	84	119652	买盘
13:50:58	14.15	--	225	318375	买盘
13:50:48	14.15	--	27	38205	买盘
13:50:43	14.15	--	35	49525	买盘
13:50:28	14.15	--	85	120275	买盘
13:50:18	14.15	--	123	174045	买盘
13:50:13	14.15	0.01	20	28300	买盘
13:50:07	14.14	-0.01	22	31108	卖盘
13:50:03	14.15	0.01	26	36790	买盘
13:49:57	14.14	--	29	41006	卖盘
13:49:47	14.14	--	5	7070	卖盘
13:49:42	14.14	-0.01	21	29694	卖盘
13:49:37	14.15	0.01	23	32545	买盘
13:49:27	14.14	--	47	66458	买盘
13:49:22	14.14	--	89	125846	买盘
13:49:17	14.14	--	5	7070	买盘
13:49:12	14.14	--	19	26866	买盘
13:49:07	14.14	--	42	59388	卖盘
13:49:02	14.14	--	13	18382	买盘
13:48:57	14.14	--	32	45248	买盘
13:48:52	14.14	--	6	8484	买盘
13:48:42	14.14	--	19	26866	买盘
13:48:37	14.14	--	11	15554	买盘
13:48:27	14.14	0.01	22	31108	买盘
13:48:22	14.13	--	10	14130	卖盘
13:48:12	14.13	--	77	108801	买盘
13:48:07	14.13	0.03	50	70650	买盘
13:48:02	14.1	-0.03	10	14100	卖盘
13:47:57	14.13	0.03	131	185103	买盘
13:47:52	14.1	--	6	8460	买盘
13:47:47	14.1	--	37	52170	卖盘
13:47:42	14.1	--	118	166380	卖盘
13:47:37	14.1	--	2	2820	卖盘
13:47:32	14.1	-0.01	33	46530	卖盘
13:47:27	14.11	--	21	29631	买盘
13:47:22	14.11	--	9	12699	买盘
13:47:17	14.11	--	10	14110	买盘
13:47:12	14.11	-0.01	19	26809	中性盘
13:46:57	14.12	-0.01	36	50832	卖盘
13:46:47	14.13	--	1	1413	买盘
13:46:42	14.13	0.03	46	64998	买盘
13:46:37	14.1	--	0	0	卖盘
13:46:32	14.1	-0.03	5	7050	卖盘
13:46:27	14.13	0.01	18	25434	买盘
13:46:22	14.12	--	13	18356	买盘
13:46:17	14.12	--	7	9884	买盘
13:46:12	14.12	0.03	20	28240	买盘
13:46:07	14.09	--	100	140900	卖盘
13:46:02	14.09	--	0	0	卖盘
13:45:57	14.09	-0.01	111	156399	卖盘
13:45:52	14.1	0.01	17	23970	买盘
13:45:42	14.09	-0.01	54	76086	卖盘
13:45:37	14.1	--	100	141000	买盘
13:45:32	14.1	--	10	14100	买盘
13:45:27	14.1	0.01	23	32430	买盘
13:45:12	14.09	0.01	26	36634	卖盘
13:45:07	14.08	-0.01	138	194304	卖盘
13:44:57	14.09	0.01	20	28180	买盘
13:44:52	14.08	--	3	4224	卖盘
13:44:46	14.08	0.01	22	30976	卖盘
13:44:42	14.07	--	0	0	卖盘
13:44:37	14.07	--	188	264516	卖盘
13:44:31	14.07	--	32	45024	买盘
13:44:27	14.07	--	66	92862	卖盘
13:44:22	14.07	-0.03	106	149142	卖盘
13:44:16	14.1	0.03	81	114210	买盘
13:44:12	14.07	--	21	29547	卖盘
13:44:07	14.07	0.02	170	239190	买盘
13:44:01	14.05	-0.02	29	40745	卖盘
13:43:57	14.07	--	29	40803	买盘
13:43:52	14.07	--	162	227934	买盘
13:43:46	14.07	--	13	18291	卖盘
13:43:42	14.07	--	307	431949	卖盘
13:43:37	14.07	--	3	4221	卖盘
13:43:31	14.07	--	22	30954	卖盘
13:43:27	14.07	-0.01	39	54873	卖盘
13:43:16	14.08	--	4	5632	买盘
13:43:12	14.08	-0.01	54	76032	卖盘
13:43:07	14.09	0.01	1	1409	买盘
13:43:01	14.08	--	47	66176	卖盘
13:42:57	14.08	--	31	43648	卖盘
13:42:51	14.08	-0.01	21	29568	卖盘
13:42:42	14.09	0.01	20	28180	买盘
13:42:36	14.08	-0.02	160	225280	卖盘
13:42:26	14.1	0.01	23	32430	买盘
13:42:21	14.09	-0.01	7	9863	卖盘
13:42:16	14.1	--	45	63450	买盘
13:42:11	14.1	--	21	29610	买盘
13:42:06	14.1	--	20	28200	买盘
13:42:01	14.1	--	53	74730	买盘
13:41:56	14.1	0.01	19	26790	买盘
13:41:46	14.09	-0.01	9	12681	卖盘
13:41:41	14.1	0.01	19	26790	买盘
13:41:36	14.09	0.01	11	15499	卖盘
13:41:31	14.08	-0.02	2	2816	卖盘
13:41:26	14.1	0.02	114	160740	买盘
13:41:21	14.08	-0.01	18	25344	卖盘
13:41:16	14.09	--	151	212759	买盘
13:41:11	14.09	--	22	30998	买盘
13:41:01	14.09	--	25	35225	买盘
13:40:56	14.09	--	19	26771	买盘
13:40:51	14.09	-0.01	120	169080	卖盘
13:40:41	14.1	0.01	300	423000	买盘
13:40:31	14.09	-0.01	138	194442	卖盘
13:40:26	14.1	--	0	0	卖盘
13:40:21	14.1	--	42	59220	买盘
13:40:16	14.1	--	102	143820	买盘
13:40:11	14.1	--	19	26790	买盘
13:40:06	14.1	0.01	29	40890	买盘
13:40:01	14.09	-0.01	8	11272	卖盘
13:39:56	14.1	--	58	81780	买盘
13:39:51	14.1	--	0	0	买盘
13:39:46	14.1	0.01	360	507600	买盘
13:39:41	14.09	--	35	49315	卖盘
13:39:31	14.09	-0.01	2	2818	卖盘
13:39:26	14.1	0.01	21	29610	买盘
13:39:21	14.09	--	4	5636	卖盘
13:39:16	14.09	--	7	9863	卖盘
13:39:11	14.09	--	22	30998	买盘
13:39:01	14.09	--	91	128219	买盘
13:38:56	14.09	--	18	25362	买盘
13:38:51	14.09	--	7	9863	买盘
13:38:46	14.09	-0.01	148	208532	卖盘
13:38:41	14.1	0.01	18	25380	买盘
13:38:31	14.09	--	16	22544	买盘
13:38:26	14.09	--	19	26771	买盘
13:38:21	14.09	--	30	42270	买盘
13:38:16	14.09	--	29	40861	买盘
13:38:11	14.09	0.01	23	32407	买盘
13:38:05	14.08	--	140	197120	卖盘
13:38:01	14.08	--	10	14080	卖盘
13:37:56	14.08	--	23	32384	卖盘
13:37:51	14.08	--	15	21120	卖盘
13:37:46	14.08	--	133	187264	买盘
13:37:40	14.08	--	21	29568	买盘
13:37:36	14.08	0.01	21	29568	买盘
13:37:31	14.07	-0.01	6	8442	卖盘
13:37:25	14.08	0.01	20	28160	买盘
13:37:20	14.07	-0.01	41	57687	卖盘
13:37:16	14.08	0.01	74	104192	买盘
13:37:10	14.07	--	54	75978	卖盘
13:37:01	14.07	-0.01	108	151956	卖盘
13:36:55	14.08	--	22	30976	买盘
13:36:51	14.08	-0.01	235	330880	卖盘
13:36:46	14.09	0.01	10	14090	买盘
13:36:40	14.08	-0.01	32	45056	卖盘
13:36:36	14.09	0.01	36	50724	买盘
13:36:31	14.08	--	9	12672	买盘
13:36:25	14.08	0.01	42	59136	买盘
13:36:21	14.07	-0.01	144	202608	卖盘
13:36:16	14.08	--	135	190080	买盘
13:36:10	14.08	0.01	19	26752	买盘
13:36:06	14.07	-0.01	143	201201	卖盘
13:36:01	14.08	0.03	95	133760	买盘
13:35:55	14.05	--	29	40745	卖盘
13:35:51	14.05	--	27	37935	买盘
13:35:45	14.05	-0.01	168	236040	卖盘
13:35:40	14.06	-0.01	131	184186	卖盘
13:35:35	14.07	--	35	49245	卖盘
13:35:30	14.07	0.02	424	596568	买盘
13:35:25	14.05	--	13	18265	买盘
13:35:20	14.05	0.03	2	2810	买盘
13:35:15	14.02	-0.03	466	653332	卖盘
13:35:10	14.05	--	11	15455	买盘
13:35:05	14.05	--	70	98350	卖盘
13:35:00	14.05	-0.02	152	213560	卖盘
13:34:55	14.07	0.02	518	728826	买盘
13:34:50	14.05	--	2	2810	卖盘
13:34:45	14.05	-0.01	13	18265	卖盘
13:34:35	14.06	--	89	125134	卖盘
13:34:30	14.06	--	17	23902	卖盘
13:34:25	14.06	--	14	19684	卖盘
13:34:15	14.06	-0.03	24	33744	卖盘
13:34:10	14.09	--	0	0	买盘
13:34:00	14.09	--	0	0	中性盘
13:33:55	14.09	-0.01	11	15499	卖盘
13:33:50	14.1	--	10	14100	买盘
13:33:45	14.1	-0.01	578	814980	卖盘
13:33:40	14.11	0.01	131	184841	买盘
13:33:35	14.1	--	50	70500	卖盘
13:33:30	14.1	-0.01	5	7050	卖盘
13:33:25	14.11	--	29	40919	买盘
13:33:20	14.11	-0.03	159	224349	卖盘
13:33:15	14.14	0.02	25	35350	买盘
13:33:10	14.12	--	19	26828	买盘
13:33:05	14.12	-0.02	9	12708	卖盘
13:33:00	14.14	-0.01	103	145642	卖盘
13:32:55	14.15	0.01	112	158480	买盘
13:32:50	14.14	-0.01	8	11312	卖盘
13:32:40	14.15	--	21	29715	买盘
13:32:35	14.15	--	7	9905	买盘
13:32:30	14.15	-0.03	216	306262	卖盘
13:32:25	14.18	0.02	19	26942	买盘
13:32:14	14.16	-0.02	115	162840	卖盘
13:32:10	14.18	--	19	26942	买盘
13:32:05	14.18	0.02	25	35450	买盘
13:31:59	14.16	-0.02	8	11328	卖盘
13:31:55	14.18	--	19	26942	买盘
13:31:50	14.18	--	14	19852	买盘
13:31:40	14.18	-0.01	18	25524	买盘
13:31:29	14.19	0.03	30	42570	买盘
13:31:25	14.16	-0.02	520	736320	卖盘
13:31:15	14.18	-0.01	7	9926	卖盘
13:31:10	14.19	0.01	27	38313	买盘
13:31:00	14.18	-0.01	9	12762	买盘
13:30:55	14.19	0.01	19	26961	买盘
13:30:45	14.18	--	3	4254	买盘
13:30:40	14.18	--	20	28360	买盘
13:30:34	14.18	--	5	7090	买盘
13:30:30	14.18	--	22	31196	卖盘
13:30:25	14.18	-0.01	28	39704	卖盘
13:30:15	14.19	--	181	256839	卖盘
13:30:10	14.19	--	131	185889	卖盘
13:30:04	14.19	--	42	59598	卖盘
13:30:00	14.19	-0.01	26	36894	卖盘
13:29:55	14.2	0.01	31	44020	买盘
13:29:49	14.19	--	2	2838	卖盘
13:29:44	14.19	-0.01	7	9933	卖盘
13:29:40	14.2	0.01	41	58220	买盘
13:29:30	14.19	-0.01	18	25542	卖盘
13:29:25	14.2	0.01	19	26980	买盘
13:29:19	14.19	--	98	139062	买盘
13:29:14	14.19	--	14	19866	买盘
13:29:10	14.19	--	18	25542	买盘
13:28:59	14.19	--	101	143319	买盘
13:28:55	14.19	0.01	47	66693	买盘
13:28:49	14.18	-0.01	1	1418	卖盘
13:28:39	14.19	--	140	198660	买盘
13:28:34	14.19	0.01	13	18447	买盘
13:28:30	14.18	--	42	59556	卖盘
13:28:24	14.18	--	82	116276	卖盘
13:28:19	14.18	--	9	12762	卖盘
13:28:14	14.18	--	43	60974	买盘
13:28:09	14.18	0.01	45	63810	买盘
13:28:04	14.17	--	100	141700	卖盘
13:27:59	14.17	-0.01	20	28340	卖盘
13:27:54	14.18	0.01	19	26942	买盘
13:27:49	14.17	--	71	100607	买盘
13:27:39	14.17	--	19	26923	买盘
13:27:34	14.17	--	7	9919	买盘
13:27:24	14.17	0.01	19	26923	买盘
13:27:19	14.16	-0.02	7	9912	卖盘
13:27:09	14.18	0.01	28	39704	买盘
13:27:04	14.17	0.01	20	28340	买盘
13:26:59	14.16	-0.01	9	12744	卖盘
13:26:54	14.17	0.01	23	32591	买盘
13:26:49	14.16	--	102	144432	买盘
13:26:39	14.16	--	20	28320	买盘
13:26:34	14.16	--	11	15576	卖盘
13:26:29	14.16	0.01	1	1416	中性盘
13:26:24	14.15	-0.01	25	35375	卖盘
13:26:14	14.16	--	89	126024	卖盘
13:26:09	14.16	--	30	42480	卖盘
13:26:04	14.16	-0.02	104	147264	卖盘
13:25:59	14.18	--	0	0	买盘
13:25:54	14.18	0.02	18	25524	买盘
13:25:49	14.16	--	5	7080	卖盘
13:25:39	14.16	-0.02	148	209568	卖盘
13:25:34	14.18	0.02	109	154562	买盘
13:25:24	14.16	--	61	86376	卖盘
13:25:19	14.16	0.01	5	7080	中性盘
13:25:08	14.15	-0.01	182	257530	卖盘
13:25:04	14.16	-0.02	33	46728	中性盘
13:24:59	14.18	0.03	89	126202	买盘
13:24:54	14.15	-0.01	80	113200	卖盘
13:24:49	14.16	--	2	2832	买盘
13:24:38	14.16	--	91	128856	卖盘
13:24:34	14.16	--	14	19824	卖盘
13:24:29	14.16	--	47	66552	卖盘
13:24:24	14.16	--	40	56640	卖盘
13:24:19	14.16	--	27	38232	卖盘
13:24:14	14.16	--	113	160008	买盘
13:24:09	14.16	--	81	114696	买盘
13:23:59	14.16	--	20	28320	买盘
13:23:54	14.16	--	113	160008	卖盘
13:23:49	14.16	--	0	0	卖盘
13:23:39	14.16	-0.02	41	58056	卖盘
13:23:34	14.18	0.02	9	12762	买盘
13:23:28	14.16	-0.02	19	26904	卖盘
13:23:24	14.18	0.02	54	76572	买盘
13:23:19	14.16	-0.02	206	291696	卖盘
13:23:13	14.18	--	159	225462	卖盘
13:23:08	14.18	--	78	110604	卖盘
13:23:04	14.18	--	31	43958	卖盘
13:22:58	14.18	--	2	2836	卖盘
13:22:54	14.18	--	190	269420	买盘
13:22:43	14.18	0.02	30	42540	买盘
13:22:38	14.16	-0.02	30	42480	卖盘
13:22:28	14.18	0.02	30	42540	买盘
13:22:23	14.16	-0.02	7	9912	卖盘
13:22:19	14.18	0.01	1	1418	买盘
13:22:13	14.17	0.01	38	53846	卖盘
13:22:09	14.16	--	15	21240	卖盘
13:22:04	14.16	-0.03	36	50976	卖盘
13:21:58	14.19	0.03	29	41151	买盘
13:21:54	14.16	-0.01	40	56640	卖盘
13:21:48	14.17	-0.01	22	31174	中性盘
13:21:43	14.18	0.02	29	41122	买盘
13:21:38	14.16	--	37	52392	卖盘
13:21:33	14.16	-0.02	10	14160	卖盘
13:21:28	14.18	0.02	35	49630	买盘
13:21:23	14.16	-0.02	112	158592	卖盘
13:21:13	14.18	--	66	93588	买盘
13:21:03	14.18	--	5	7090	买盘
13:20:58	14.18	0.01	30	42540	买盘
13:20:53	14.17	0.01	54	76518	买盘
13:20:48	14.16	-0.03	2	2832	卖盘
13:20:43	14.19	-0.01	136	192984	买盘
13:20:33	14.2	--	0	0	买盘
13:20:28	14.2	0.02	178	252760	买盘
13:20:23	14.18	--	25	35450	买盘
13:20:18	14.18	--	43	60974	卖盘
13:20:13	14.18	-0.01	192	272256	卖盘
13:20:08	14.19	-0.01	2	2838	买盘
13:20:03	14.2	0.02	16	22720	买盘
13:19:58	14.18	-0.01	82	116276	卖盘
13:19:53	14.19	--	99	140481	卖盘
13:19:48	14.19	--	20	28380	卖盘
13:19:43	14.19	0.01	128	181632	买盘
13:19:33	14.18	-0.02	16	22688	卖盘
13:19:28	14.2	--	28	39760	买盘
13:19:18	14.2	0.02	201	285420	买盘
13:19:13	14.18	-0.01	334	473612	卖盘
13:19:07	14.19	--	70	99330	卖盘
13:19:03	14.19	-0.01	119	168861	买盘
13:18:58	14.2	0.01	88	124960	买盘
13:18:48	14.19	-0.01	190	269610	中性盘
13:18:43	14.2	0.01	161	228620	买盘
13:18:38	14.19	-0.01	42	59598	卖盘
13:18:33	14.2	--	4	5680	买盘
13:18:28	14.2	-0.01	58	82360	卖盘
13:18:23	14.21	-0.01	3	4263	中性盘
13:18:18	14.22	0.01	73	103806	买盘
13:18:13	14.21	0.01	73	103733	买盘
13:18:03	14.2	--	27	38340	卖盘
13:17:58	14.2	--	100	142000	买盘
13:17:53	14.2	0.01	74	105080	买盘
13:17:48	14.19	-0.01	56	79464	卖盘
13:17:43	14.2	--	497	705740	买盘
13:17:38	14.2	--	11	15620	买盘
13:17:33	14.2	0.01	5	7100	买盘
13:17:28	14.19	0.01	163	231297	买盘
13:17:23	14.18	--	23	32614	买盘
13:17:18	14.18	--	6	8508	买盘
13:17:13	14.18	0.01	31	43958	买盘
13:17:08	14.17	--	316	447772	买盘
13:17:02	14.17	0.01	72	102024	买盘
13:16:58	14.16	--	84	118944	卖盘
13:16:53	14.16	--	2	2832	卖盘
13:16:48	14.16	0.01	91	128856	买盘
13:16:43	14.15	--	34	48110	卖盘
13:16:38	14.15	-0.01	30	42450	卖盘
13:16:33	14.16	0.01	134	190536	买盘
13:16:28	14.15	--	16	22640	卖盘
13:16:22	14.15	--	12	16980	卖盘
13:16:18	14.15	--	41	58015	卖盘
13:16:13	14.15	0.03	127	179705	买盘
13:16:07	14.12	-0.03	5	7060	卖盘
13:16:03	14.15	0.01	38	53770	买盘
13:15:58	14.14	-0.01	68	96152	卖盘
13:15:48	14.15	-0.02	133	188195	卖盘
13:15:43	14.17	0.01	85	120445	买盘
13:15:37	14.16	--	12	16992	卖盘
13:15:33	14.16	-0.01	112	158592	卖盘
13:15:28	14.17	--	36	51012	买盘
13:15:22	14.17	--	50	70850	买盘
13:15:17	14.17	-0.01	53	75101	卖盘
13:15:13	14.18	--	63	89334	买盘
13:15:03	14.18	--	42	59556	买盘
13:14:58	14.18	-0.01	215	304870	卖盘
13:14:52	14.19	--	2	2838	卖盘
13:14:48	14.19	--	91	129129	卖盘
13:14:42	14.19	--	210	297990	买盘
13:14:37	14.19	0.01	33	46827	买盘
13:14:32	14.18	-0.03	62	87916	卖盘
13:14:27	14.21	0.01	47	66787	买盘
13:14:22	14.2	-0.01	76	107920	卖盘
13:14:17	14.21	--	20	28420	买盘
13:14:12	14.21	--	29	41209	买盘
13:14:07	14.21	--	87	123627	卖盘
13:14:02	14.21	-0.01	50	71050	卖盘
13:13:57	14.22	-0.01	30	42660	中性盘
13:13:52	14.23	--	109	155107	买盘
13:13:47	14.23	0.01	62	88226	买盘
13:13:42	14.22	--	108	153576	卖盘
13:13:37	14.22	-0.01	18	25596	卖盘
13:13:32	14.23	--	10	14230	买盘
13:13:27	14.23	--	59	83957	卖盘
13:13:22	14.23	-0.02	13	18499	卖盘
13:13:17	14.25	0.04	7	9975	买盘
13:13:12	14.21	-0.04	168	238728	卖盘
13:13:07	14.25	--	22	31350	买盘
13:13:02	14.25	0.02	28	39900	买盘
13:12:57	14.23	-0.03	109	155107	卖盘
13:12:52	14.26	-0.02	83	118358	中性盘
13:12:47	14.28	0.01	143	204204	买盘
13:12:42	14.27	0.01	65	92755	买盘
13:12:37	14.26	-0.02	52	74152	卖盘
13:12:32	14.28	0.01	15	21420	买盘
13:12:27	14.27	-0.01	59	84193	卖盘
13:12:22	14.28	-0.01	29	41412	卖盘
13:12:17	14.29	-0.01	25	35725	卖盘
13:12:12	14.3	0.01	163	233090	买盘
13:12:07	14.29	-0.01	123	175767	卖盘
13:12:02	14.3	-0.01	10	14300	卖盘
13:11:57	14.31	--	78	111618	卖盘
13:11:52	14.31	-0.01	26	37206	卖盘
13:11:47	14.32	-0.03	99	141768	卖盘
13:11:42	14.35	--	45	64575	买盘
13:11:37	14.35	-0.03	15	21525	卖盘
13:11:32	14.38	0.03	73	104974	买盘
13:11:27	14.35	-0.04	52	74620	卖盘
13:11:22	14.39	0.04	13	18707	买盘
13:11:16	14.35	-0.05	18	25830	卖盘
13:11:12	14.4	0.01	183	263520	买盘
13:11:07	14.39	--	55	79145	买盘
13:11:01	14.39	-0.01	56	80584	中性盘
13:10:57	14.4	0.01	329	473760	买盘
13:10:52	14.39	-0.01	43	61877	中性盘
13:10:46	14.4	0.04	34	48960	买盘
13:10:42	14.36	0.01	263	377668	中性盘
13:10:37	14.35	-0.04	109	156415	卖盘
13:10:32	14.39	--	3	4317	买盘
13:10:27	14.39	0.04	222	319458	买盘
13:10:22	14.35	--	106	152110	买盘
13:10:17	14.35	0.05	39	55965	买盘
13:10:11	14.3	0.01	180	257400	卖盘
13:10:07	14.29	-0.06	79	112891	卖盘
13:10:02	14.35	0.06	46	66010	买盘
13:09:57	14.29	0.02	208	297232	中性盘
13:09:52	14.27	--	323	460935	卖盘
13:09:47	14.27	-0.01	7	9989	卖盘
13:09:41	14.28	0.02	202	288456	买盘
13:09:37	14.26	--	38	54188	卖盘
13:09:32	14.26	-0.01	27	38502	中性盘
13:09:27	14.27	0.03	326	465202	买盘
13:09:22	14.24	0.01	155	220720	中性盘
13:09:16	14.23	--	222	315906	卖盘
13:09:11	14.23	0.03	83	118109	买盘
13:09:07	14.2	--	118	167560	卖盘
13:09:01	14.2	--	85	120700	卖盘
13:08:57	14.2	--	486	690120	买盘
13:08:52	14.2	0.02	322	457240	买盘
13:08:46	14.18	0.01	10	14180	中性盘
13:08:41	14.17	-0.02	131	185627	卖盘
13:08:37	14.19	0.01	132	187308	买盘
13:08:31	14.18	0.01	26	36868	买盘
13:08:27	14.17	0.04	95	134615	买盘
13:08:21	14.13	0.01	59	83367	买盘
13:08:16	14.12	-0.01	290	409480	卖盘
13:08:12	14.13	0.02	598	844974	买盘
13:08:07	14.11	-0.04	94	132634	卖盘
13:08:01	14.15	0.05	72	101880	买盘
13:07:56	14.1	--	60	84600	卖盘
13:07:52	14.1	0.02	90	126900	买盘
13:07:46	14.08	--	7	9856	买盘
13:07:42	14.08	0.02	101	142208	买盘
13:07:36	14.06	0.05	17	23902	买盘
13:07:31	14.01	0.01	10	14010	卖盘
13:07:26	14.0	--	45	63000	卖盘
13:07:21	14.0	--	324	453600	买盘
13:07:16	14.0	0.01	342	478800	买盘
13:07:11	13.99	--	33	46167	卖盘
13:07:06	13.99	--	883	1235317	买盘
13:07:01	13.99	--	83	116117	买盘
13:06:56	13.99	--	188	263012	买盘
13:06:51	13.99	--	323	451877	买盘
13:06:46	13.99	0.06	59	82541	买盘
13:06:41	13.93	--	3	4179	买盘
13:06:36	13.93	-0.06	266	370538	中性盘
13:06:31	13.99	0.08	2120	2965880	买盘
13:06:26	13.91	0.01	11	15301	买盘
13:06:21	13.9	0.01	409	568510	买盘
13:06:16	13.89	0.01	177	245853	买盘
13:06:11	13.88	--	48	66624	卖盘
13:06:06	13.88	-0.01	20	27760	中性盘
13:06:01	13.89	0.01	129	179181	买盘
13:05:51	13.88	--	23	31924	买盘
13:05:46	13.88	--	30	41640	买盘
13:05:36	13.88	-0.01	49	68012	卖盘
13:05:31	13.89	0.01	252	350028	买盘
13:05:21	13.88	--	55	76340	买盘
13:05:16	13.88	0.03	25	34700	买盘
13:05:10	13.85	-0.03	20	27700	卖盘
13:05:06	13.88	0.01	200	277600	买盘
13:05:01	13.87	0.02	50	69350	买盘
13:04:56	13.85	--	0	0	卖盘
13:04:51	13.85	-0.02	5	6925	卖盘
13:04:46	13.87	0.02	145	201115	买盘
13:04:41	13.85	-0.01	3	4155	卖盘
13:04:36	13.86	--	9	12474	买盘
13:04:31	13.86	--	81	112266	买盘
13:04:26	13.86	0.01	8	11088	卖盘
13:04:21	13.85	--	0	0	卖盘
13:04:16	13.85	-0.01	227	314395	卖盘
13:04:11	13.86	0.01	79	109494	买盘
13:04:06	13.85	-0.01	3	4155	卖盘
13:04:01	13.86	0.01	96	133056	买盘
13:03:56	13.85	--	68	94180	卖盘
13:03:50	13.85	-0.01	17	23545	卖盘
13:03:46	13.86	0.01	71	98406	买盘
13:03:36	13.85	-0.01	48	66480	卖盘
13:03:31	13.86	0.01	32	44352	买盘
13:03:25	13.85	-0.01	13	18005	卖盘
13:03:21	13.86	--	12	16632	买盘
13:03:16	13.86	0.01	158	218988	买盘
13:03:06	13.85	--	12	16620	买盘
13:03:01	13.85	0.01	52	72020	买盘
13:02:55	13.84	-0.01	5	6920	卖盘
13:02:51	13.85	--	21	29085	卖盘
13:02:46	13.85	0.01	19	26315	买盘
13:02:41	13.84	--	4	5536	卖盘
13:02:35	13.84	-0.01	8	11072	中性盘
13:02:31	13.85	0.02	257	355945	买盘
13:02:21	13.83	-0.01	50	69150	卖盘
13:02:16	13.84	0.03	279	386136	买盘
13:02:06	13.81	-0.02	50	69050	卖盘
13:02:01	13.83	--	26	35958	买盘
13:01:55	13.83	0.01	33	45639	买盘
13:01:50	13.82	-0.01	3	4146	中性盘
13:01:46	13.83	0.01	426	589158	买盘
13:01:40	13.82	-0.01	81	111942	卖盘
13:01:31	13.83	--	77	106491	买盘
13:01:25	13.83	--	13	17979	卖盘
13:01:21	13.83	-0.01	20	27660	卖盘
13:01:16	13.84	0.02	52	71968	买盘
13:01:10	13.82	-0.01	6	8292	卖盘
13:01:05	13.83	--	31	42873	买盘
13:01:00	13.83	--	24	33192	买盘
13:00:55	13.83	--	1	1383	买盘
13:00:51	13.83	--	99	136917	卖盘
13:00:46	13.83	--	32	44256	中性盘
13:00:36	13.83	-0.01	5	6915	卖盘
13:00:31	13.84	0.01	26	35984	中性盘
13:00:25	13.83	0.01	23	31809	卖盘
13:00:14	13.82	--	0	0	卖盘
13:00:10	13.82	-0.01	721	996422	中性盘
13:00:05	13.83	--	497	687351	买盘
11:30:00	13.83	--	0	0	买盘
11:29:59	13.83	--	0	0	买盘
11:29:59	13.83	0.02	50	69150	买盘
11:29:57	13.81	--	0	0	买盘
11:29:51	13.81	-0.02	20	27620	买盘
11:29:46	13.83	--	25	34575	买盘
11:29:42	13.83	0.02	42	58086	买盘
11:29:36	13.81	-0.02	30	41430	买盘
11:29:31	13.83	0.04	24	33192	买盘
11:29:27	13.79	-0.02	65	89635	卖盘
11:29:21	13.81	--	26	35906	卖盘
11:29:16	13.81	0.01	124	171244	买盘
11:29:12	13.8	--	642	885960	卖盘
11:29:06	13.8	-0.01	38	52440	卖盘
11:29:01	13.81	--	47	64907	买盘
11:28:57	13.81	--	20	27620	买盘
11:28:51	13.81	-0.01	63	87003	卖盘
11:28:42	13.82	--	21	29022	买盘
11:28:36	13.82	0.02	229	316478	买盘
11:28:31	13.8	0.01	478	659640	买盘
11:28:27	13.79	0.01	366	504713	买盘
11:28:21	13.78	-0.01	7	9646	卖盘
11:28:16	13.79	0.01	25	34475	买盘
11:28:12	13.78	--	20	27560	卖盘
11:28:06	13.78	-0.01	10	13780	中性盘
11:28:01	13.79	0.01	25	34475	买盘
11:27:57	13.78	0.01	441	607698	买盘
11:27:51	13.77	-0.01	54	74358	卖盘
11:27:46	13.78	0.01	25	34450	买盘
11:27:42	13.77	0.02	20	27540	中性盘
11:27:36	13.75	-0.03	9	12375	卖盘
11:27:31	13.78	0.01	24	33072	买盘
11:27:27	13.77	--	35	48195	卖盘
11:27:21	13.77	--	74	101898	买盘
11:27:16	13.77	--	28	38556	买盘
11:27:01	13.77	-0.01	25	34425	买盘
11:26:56	13.78	0.03	6	8268	买盘
11:26:51	13.75	-0.03	7	9625	卖盘
11:26:46	13.78	0.02	50	68900	买盘
11:26:36	13.76	-0.01	386	531136	卖盘
11:26:31	13.77	--	26	35802	买盘
11:26:26	13.77	--	5	6885	买盘
11:26:21	13.77	-0.01	20	27540	中性盘
11:26:16	13.78	0.01	32	44096	买盘
11:26:11	13.77	-0.01	2	2754	买盘
11:26:06	13.78	--	0	0	买盘
11:26:01	13.78	--	26	35828	买盘
11:25:56	13.78	0.03	10	13780	买盘
11:25:51	13.75	-0.03	5	6875	中性盘
11:25:46	13.78	0.01	26	35828	买盘
11:25:41	13.77	--	20	27540	买盘
11:25:36	13.77	-0.01	13	17901	卖盘
11:25:31	13.78	0.04	26	35828	买盘
11:25:26	13.74	--	0	0	卖盘
11:25:21	13.74	-0.01	20	27480	卖盘
11:25:16	13.75	0.01	9	12375	买盘
11:25:11	13.74	-0.04	6	8244	卖盘
11:25:06	13.78	0.03	430	592540	买盘
11:25:01	13.75	0.01	524	720500	买盘
11:24:56	13.74	--	8	10992	卖盘
11:24:51	13.74	-0.01	126	173124	卖盘
11:24:45	13.75	0.01	38	52250	买盘
11:24:36	13.74	--	3	4122	卖盘
11:24:30	13.74	--	77	105798	买盘
11:24:21	13.74	--	200	274800	买盘
11:24:15	13.74	--	26	35724	买盘
11:24:11	13.74	0.02	9	12366	买盘
11:24:06	13.72	-0.02	148	203056	卖盘
11:24:00	13.74	--	141	193734	买盘
11:23:51	13.74	--	0	0	买盘
11:23:45	13.74	0.01	78	107172	买盘
11:23:40	13.73	-0.01	41	56293	卖盘
11:23:30	13.74	0.01	31	42594	买盘
11:23:25	13.73	--	21	28833	卖盘
11:23:21	13.73	--	129	177117	买盘
11:23:15	13.73	--	25	34325	买盘
11:23:00	13.73	0.03	26	35698	买盘
11:22:55	13.7	-0.02	10	13700	卖盘
11:22:51	13.72	0.02	405	555660	买盘
11:22:45	13.7	--	161	220570	买盘
11:22:36	13.7	--	20	27400	买盘
11:22:30	13.7	0.01	21	28770	卖盘
11:22:21	13.69	--	0	0	卖盘
11:22:15	13.69	--	9	12321	买盘
11:22:10	13.69	--	1	1369	买盘
11:22:06	13.69	--	20	27380	买盘
11:22:00	13.69	-0.02	32	43808	卖盘
11:21:55	13.71	--	12	16452	买盘
11:21:51	13.71	0.02	21	28791	买盘
11:21:45	13.69	-0.02	26	35594	卖盘
11:21:40	13.71	--	0	0	买盘
11:21:36	13.71	0.01	20	27420	买盘
11:21:30	13.7	--	42	57540	卖盘
11:21:21	13.7	-0.01	42	57540	卖盘
11:21:15	13.71	0.01	4	5484	买盘
11:21:10	13.7	--	8	10960	买盘
11:21:05	13.7	--	29	39730	买盘
11:21:00	13.7	--	4	5480	买盘
11:20:55	13.7	--	7	9590	买盘
11:20:51	13.7	0.01	3	4110	买盘
11:20:40	13.69	-0.01	1	1369	卖盘
11:20:36	13.7	--	0	0	买盘
11:20:30	13.7	0.01	160	219200	买盘
11:20:20	13.69	0.02	20	27380	买盘
11:20:10	13.67	-0.01	30	41010	卖盘
11:20:05	13.68	--	22	30096	买盘
11:20:00	13.68	--	50	68400	买盘
11:19:50	13.68	--	31	42408	买盘
11:19:40	13.68	--	49	67032	卖盘
11:19:35	13.68	--	40	54720	卖盘
11:19:25	13.68	-0.01	1	1368	卖盘
11:19:20	13.69	0.01	23	31487	买盘
11:19:05	13.68	--	1	1368	买盘
11:18:45	13.68	-0.02	2	2736	中性盘
11:18:40	13.7	0.01	144	197280	买盘
11:18:35	13.69	-0.01	67	91723	卖盘
11:18:30	13.7	0.03	1	1370	买盘
11:18:25	13.67	--	0	0	卖盘
11:18:20	13.67	--	0	0	卖盘
11:18:15	13.67	-0.03	11	15037	卖盘
11:18:05	13.7	-0.01	2	2740	买盘
11:18:00	13.71	0.01	51	69921	买盘
11:17:50	13.7	--	43	58910	买盘
11:17:45	13.7	--	21	28770	买盘
11:17:39	13.7	--	0	0	买盘
11:17:30	13.7	0.02	54	73980	买盘
11:17:20	13.68	--	2	2736	卖盘
11:17:15	13.68	--	140	191520	卖盘
11:17:09	13.68	-0.01	15	20520	卖盘
11:17:04	13.69	-0.01	50	68450	买盘
11:17:00	13.7	0.01	26	35620	买盘
11:16:54	13.69	--	4	5476	买盘
11:16:49	13.69	--	4	5476	买盘
11:16:45	13.69	-0.01	137	187553	卖盘
11:16:39	13.7	--	20	27400	买盘
11:16:34	13.7	-0.01	7	9590	卖盘
11:16:30	13.71	--	37	50727	买盘
11:16:24	13.71	--	6	8226	买盘
11:16:19	13.71	--	0	0	买盘
11:16:15	13.71	0.01	26	35646	买盘
11:16:00	13.7	0.01	31	42470	卖盘
11:15:54	13.69	--	0	0	卖盘
11:15:49	13.69	--	0	0	卖盘
11:15:45	13.69	-0.01	150	205350	卖盘
11:15:39	13.7	0.01	5	6850	买盘
11:15:30	13.69	--	32	43808	卖盘
11:15:15	13.69	-0.01	76	104044	卖盘
11:15:09	13.7	0.01	15	20550	买盘
11:15:04	13.69	-0.01	55	75295	卖盘
11:15:00	13.7	--	29	39730	买盘
11:14:54	13.7	--	6	8220	买盘
11:14:45	13.7	--	200	274000	卖盘
11:14:39	13.7	--	1	1370	卖盘
11:14:34	13.7	--	12	16440	卖盘
11:14:30	13.7	--	57	78090	卖盘
11:14:24	13.7	-0.01	10	13700	卖盘
11:14:15	13.71	-0.01	26	35646	买盘
11:14:09	13.72	--	0	0	买盘
11:14:00	13.72	0.02	45	61740	买盘
11:13:54	13.7	--	5	6850	卖盘
11:13:49	13.7	-0.03	10	13700	卖盘
11:13:44	13.73	--	78	107094	买盘
11:13:34	13.73	0.03	13	17849	买盘
11:13:29	13.7	-0.02	328	449360	卖盘
11:13:24	13.72	--	9	12348	卖盘
11:13:19	13.72	--	17	23324	卖盘
11:13:14	13.72	--	39	53508	卖盘
11:13:09	13.72	-0.01	17	23324	卖盘
11:12:59	13.73	--	38	52174	买盘
11:12:54	13.73	-0.01	46	63158	卖盘
11:12:44	13.74	--	27	37098	买盘
11:12:39	13.74	--	10	13740	卖盘
11:12:29	13.74	-0.01	43	59082	卖盘
11:12:19	13.75	--	3	4125	买盘
11:12:14	13.75	--	236	324500	卖盘
11:12:09	13.75	--	107	147125	卖盘
11:12:04	13.75	--	106	145750	卖盘
11:11:59	13.75	--	10	13750	卖盘
11:11:54	13.75	0.03	439	603625	买盘
11:11:44	13.72	--	235	322420	卖盘
11:11:29	13.72	--	27	37044	买盘
11:11:24	13.72	--	36	49392	卖盘
11:11:18	13.72	--	10	13720	卖盘
11:11:14	13.72	--	17	23324	买盘
11:11:09	13.72	0.01	4	5488	中性盘
11:11:03	13.71	-0.01	10	13710	卖盘
11:10:59	13.72	--	35	48020	买盘
11:10:54	13.72	0.02	6	8232	买盘
11:10:44	13.7	--	429	587730	买盘
11:10:39	13.7	0.01	51	69870	买盘
11:10:33	13.69	--	3	4107	卖盘
11:10:24	13.69	0.02	121	165649	卖盘
11:10:18	13.67	-0.02	400	546800	卖盘
11:10:13	13.69	0.01	28	38332	买盘
11:10:09	13.68	--	34	46512	卖盘
11:10:03	13.68	0.01	306	418608	买盘
11:09:58	13.67	--	9	12303	买盘
11:09:54	13.67	--	68	92956	卖盘
11:09:48	13.67	0.03	70	95690	买盘
11:09:43	13.64	--	0	0	卖盘
11:09:33	13.64	--	48	65472	买盘
11:09:28	13.64	--	27	36828	买盘
11:09:24	13.64	-0.03	6	8184	卖盘
11:09:18	13.67	--	200	273400	买盘
11:09:13	13.67	0.02	26	35542	买盘
11:09:03	13.65	0.01	1	1365	中性盘
11:08:58	13.64	-0.02	69	94116	卖盘
11:08:54	13.66	0.01	328	448048	买盘
11:08:48	13.65	-0.01	5	6825	卖盘
11:08:43	13.66	0.01	26	35516	买盘
11:08:33	13.65	-0.01	9	12285	卖盘
11:08:28	13.66	0.01	36	49176	买盘
11:08:24	13.65	-0.01	34	46410	买盘
11:08:18	13.66	--	0	0	买盘
11:08:13	13.66	0.01	28	38248	买盘
11:08:09	13.65	--	2	2730	卖盘
11:08:03	13.65	-0.01	4	5460	中性盘
11:07:58	13.66	--	26	35516	买盘
11:07:48	13.66	--	0	0	买盘
11:07:43	13.66	--	54	73764	买盘
11:07:39	13.66	0.01	5	6830	买盘
11:07:33	13.65	-0.01	9	12285	卖盘
11:07:28	13.66	0.01	48	65568	买盘
11:07:18	13.65	--	14	19110	卖盘
11:07:13	13.65	--	32	43680	卖盘
11:07:09	13.65	--	71	96915	卖盘
11:07:03	13.65	0.02	54	73710	买盘
11:06:58	13.63	-0.02	37	50431	卖盘
11:06:43	13.65	--	30	40950	卖盘
11:06:38	13.65	--	38	51870	卖盘
11:06:33	13.65	--	15	20475	卖盘
11:06:28	13.65	-0.01	48	65520	卖盘
11:06:23	13.66	0.01	154	210364	买盘
11:06:18	13.65	-0.01	30	40950	卖盘
11:06:13	13.66	0.01	33	45078	买盘
11:06:08	13.65	-0.01	12	16380	买盘
11:06:03	13.66	--	0	0	买盘
11:05:58	13.66	0.04	85	116110	买盘
11:05:48	13.62	-0.03	10	13620	卖盘
11:05:43	13.65	--	28	38220	买盘
11:05:28	13.65	--	28	38220	买盘
11:05:22	13.65	--	1	1365	买盘
11:05:13	13.65	--	26	35490	买盘
11:04:58	13.65	--	27	36855	买盘
11:04:53	13.65	--	1	1365	买盘
11:04:48	13.65	--	40	54600	买盘
11:04:43	13.65	--	26	35490	买盘
11:04:38	13.65	0.03	7	9555	买盘
11:04:33	13.62	-0.03	2	2724	卖盘
11:04:27	13.65	-0.01	26	35490	中性盘
11:04:18	13.66	--	0	0	买盘
11:04:12	13.66	--	56	76496	买盘
11:04:08	13.66	--	7	9562	买盘
11:04:03	13.66	0.04	3	4098	买盘
11:03:57	13.62	-0.04	63	85806	卖盘
11:03:53	13.66	--	6	8196	买盘
11:03:48	13.66	-0.01	102	139332	卖盘
11:03:42	13.67	0.01	51	69717	买盘
11:03:37	13.66	-0.01	3	4098	卖盘
11:03:33	13.67	0.01	1	1367	买盘
11:03:27	13.66	0.01	55	75130	买盘
11:03:12	13.65	-0.01	57	77805	卖盘
11:03:07	13.66	--	5	6830	买盘
11:03:03	13.66	--	0	0	中性盘
11:02:57	13.66	--	18	24588	卖盘
11:02:52	13.66	--	150	204900	卖盘
11:02:48	13.66	0.01	1108	1513528	买盘
11:02:42	13.65	0.01	40	54600	买盘
11:02:33	13.64	--	26	35464	卖盘
11:02:27	13.64	--	6	8184	买盘
11:02:18	13.64	--	5	6820	卖盘
11:02:12	13.64	0.01	21	28644	买盘
11:01:57	13.63	--	36	49068	买盘
11:01:42	13.63	0.02	29	39527	买盘
11:01:33	13.61	-0.01	2	2722	卖盘
11:01:27	13.62	--	26	35412	买盘
11:01:12	13.62	--	28	38136	买盘
11:01:07	13.62	--	27	36774	卖盘
11:01:03	13.62	-0.01	506	689172	卖盘
11:00:57	13.63	0.01	26	35438	买盘
11:00:52	13.62	-0.01	8	10896	卖盘
11:00:42	13.63	0.01	30	40890	买盘
11:00:37	13.62	0.01	36	49032	买盘
11:00:27	13.61	-0.01	28	38108	卖盘
11:00:22	13.62	0.01	9	12258	买盘
11:00:17	13.61	-0.02	12	16332	卖盘
11:00:12	13.63	--	30	40890	买盘
11:00:02	13.63	--	0	0	买盘
10:59:57	13.63	--	29	39527	买盘
10:59:42	13.63	0.03	33	44979	买盘
10:59:37	13.6	-0.02	20	27200	卖盘
10:59:27	13.62	0.02	27	36774	买盘
10:59:12	13.6	0.01	1	1360	买盘
10:58:57	13.59	--	0	0	中性盘
10:58:52	13.59	--	4	5436	买盘
10:58:47	13.59	--	5	6795	买盘
10:58:42	13.59	-0.01	10	13590	买盘
10:58:32	13.6	-0.03	11	14960	卖盘
10:58:27	13.63	0.03	29	39527	买盘
10:58:22	13.6	--	0	0	卖盘
10:58:17	13.6	-0.02	5	6800	卖盘
10:58:12	13.62	--	81	110322	买盘
10:58:02	13.62	-0.02	1	1362	中性盘
10:57:57	13.64	0.02	26	35464	买盘
10:57:47	13.62	--	0	0	卖盘
10:57:42	13.62	-0.02	18	24516	卖盘
10:57:32	13.64	--	0	0	买盘
10:57:27	13.64	0.03	299	407836	买盘
10:57:17	13.61	0.01	285	387885	中性盘
10:57:06	13.6	-0.02	29	39440	卖盘
10:56:51	13.62	0.01	27	36774	买盘
10:56:36	13.61	--	51	69411	卖盘
10:56:27	13.61	-0.01	19	25859	卖盘
10:56:21	13.62	--	26	35412	买盘
10:56:12	13.62	--	1	1362	买盘
10:56:06	13.62	-0.01	7	9534	买盘
10:56:01	13.63	--	0	0	买盘
10:55:57	13.63	0.01	33	44979	买盘
10:55:51	13.62	0.02	30	40860	买盘
10:55:42	13.6	-0.02	4	5440	卖盘
10:55:36	13.62	--	14	19068	卖盘
10:55:27	13.62	0.03	915	1246230	买盘
10:55:21	13.59	--	34	46206	卖盘
10:55:16	13.59	-0.01	14	19026	卖盘
10:55:12	13.6	0.01	203	276080	买盘
10:55:06	13.59	--	20	27180	卖盘
10:55:01	13.59	--	72	97848	买盘
10:54:57	13.59	--	25	33975	买盘
10:54:51	13.59	0.01	31	42129	买盘
10:54:46	13.58	--	5	6790	卖盘
10:54:41	13.58	-0.01	7	9506	卖盘
10:54:36	13.59	--	0	0	买盘
10:54:27	13.59	--	1	1359	买盘
10:54:21	13.59	--	71	96489	卖盘
10:54:16	13.59	-0.01	23	31257	卖盘
10:54:12	13.6	0.01	5	6800	买盘
10:54:06	13.59	--	30	40770	卖盘
10:53:56	13.59	-0.01	40	54360	卖盘
10:53:51	13.6	0.02	7	9520	买盘
10:53:36	13.58	--	50	67900	卖盘
10:53:31	13.58	--	1	1358	卖盘
10:53:26	13.58	--	16	21728	卖盘
10:53:21	13.58	0.02	3	4074	买盘
10:53:06	13.56	--	0	0	卖盘
10:52:56	13.56	-0.01	23	31188	卖盘
10:52:51	13.57	0.01	7	9499	中性盘
10:52:36	13.56	--	35	47460	买盘
10:52:21	13.56	0.01	37	50172	买盘
10:52:11	13.55	-0.01	50	67750	卖盘
10:52:06	13.56	--	110	149160	卖盘
10:51:56	13.56	-0.03	16	21696	卖盘
10:51:46	13.59	0.03	67	91053	买盘
10:51:31	13.56	--	0	0	卖盘
10:51:21	13.56	--	21	28476	买盘
10:51:06	13.56	-0.04	77	104412	卖盘
10:50:56	13.6	--	7	9520	买盘
10:50:51	13.6	--	26	35360	买盘
10:50:41	13.6	0.01	1	1360	买盘
10:50:36	13.59	0.03	12	16308	买盘
10:50:30	13.56	-0.04	50	67800	卖盘
10:50:21	13.6	0.01	27	36720	买盘
10:50:15	13.59	-0.01	1	1359	卖盘
10:50:06	13.6	--	52	70720	卖盘
10:49:51	13.6	-0.01	35	47600	卖盘
10:49:45	13.61	--	21	28581	卖盘
10:49:40	13.61	--	6	8166	卖盘
10:49:36	13.61	--	15	20415	买盘
10:49:30	13.61	-0.01	15	20415	中性盘
10:49:25	13.62	0.02	218	296916	买盘
10:49:21	13.6	-0.02	88	119680	卖盘
10:49:15	13.62	--	53	72186	买盘
10:49:10	13.62	0.02	9	12258	买盘
10:49:06	13.6	-0.01	62	84320	卖盘
10:49:00	13.61	-0.01	76	103436	卖盘
10:48:55	13.62	--	62	84444	买盘
10:48:51	13.62	0.01	95	129389	买盘
10:48:45	13.61	--	3	4083	卖盘
10:48:40	13.61	-0.01	2	2722	卖盘
10:48:35	13.62	--	61	83082	卖盘
10:48:30	13.62	--	25	34050	卖盘
10:48:21	13.62	-0.02	131	178422	卖盘
10:48:15	13.64	0.01	203	276892	买盘
10:48:10	13.63	--	8	10904	买盘
10:48:00	13.63	-0.01	36	49068	卖盘
10:47:55	13.64	--	9	12276	买盘
10:47:51	13.64	0.02	33	45012	买盘
10:47:45	13.62	0.01	40	54480	买盘
10:47:36	13.61	--	40	54440	卖盘
10:47:30	13.61	--	167	227287	买盘
10:47:25	13.61	0.01	6	8166	买盘
10:47:20	13.6	--	74	100640	卖盘
10:47:15	13.6	-0.01	5	6800	卖盘
10:47:06	13.61	0.01	28	38108	买盘
10:47:00	13.6	0.02	657	893520	买盘
10:46:50	13.58	0.02	103	139874	买盘
10:46:45	13.56	-0.01	4	5424	卖盘
10:46:35	13.57	0.01	20	27140	买盘
10:46:30	13.56	--	2	2712	卖盘
10:46:25	13.56	--	1	1356	卖盘
10:46:20	13.56	0.01	191	258996	买盘
10:46:15	13.55	--	27	36585	卖盘
10:46:10	13.55	-0.01	3	4065	卖盘
10:46:05	13.56	--	0	0	买盘
10:46:00	13.56	0.01	152	206112	买盘
10:45:50	13.55	0.01	27	36585	买盘
10:45:45	13.54	--	21	28434	卖盘
10:45:40	13.54	--	5	6770	卖盘
10:45:35	13.54	-0.01	29	39266	卖盘
10:45:20	13.55	--	0	0	买盘
10:45:15	13.55	-0.01	1	1355	中性盘
10:45:05	13.56	-0.01	85	115260	买盘
10:44:50	13.57	0.01	131	177767	买盘
10:44:45	13.56	--	0	0	卖盘
10:44:35	13.56	--	31	42036	卖盘
10:44:30	13.56	0.05	107	145092	中性盘
10:44:24	13.51	-0.06	1100	1486100	卖盘
10:44:20	13.57	0.01	53	71921	卖盘
10:44:09	13.56	--	0	0	卖盘
10:44:05	13.56	--	0	0	卖盘
10:44:00	13.56	-0.01	3	4068	卖盘
10:43:54	13.57	-0.02	28	37996	卖盘
10:43:49	13.59	0.01	100	135900	买盘
10:43:45	13.58	-0.01	28	38024	中性盘
10:43:34	13.59	0.01	51	69309	买盘
10:43:29	13.58	-0.01	103	139874	卖盘
10:43:24	13.59	--	6	8154	买盘
10:43:19	13.59	--	27	36693	买盘
10:43:15	13.59	--	19	25821	卖盘
10:43:09	13.59	--	11	14949	卖盘
10:43:04	13.59	-0.01	7	9513	中性盘
10:43:00	13.6	0.02	19	25840	买盘
10:42:54	13.58	--	10	13580	卖盘
10:42:44	13.58	--	43	58394	卖盘
10:42:39	13.58	-0.02	28	38024	中性盘
10:42:34	13.6	0.03	351	477360	买盘
10:42:29	13.57	-0.01	8	10856	卖盘
10:42:24	13.58	0.01	213	289254	买盘
10:42:19	13.57	0.01	5	6785	买盘
10:42:15	13.56	-0.01	54	73224	卖盘
10:42:09	13.57	--	89	120773	买盘
10:42:04	13.57	0.01	18	24426	买盘
10:42:00	13.56	-0.01	5	6780	卖盘
10:41:54	13.57	0.01	18	24426	买盘
10:41:49	13.56	--	22	29832	买盘
10:41:44	13.56	--	6	8136	买盘
10:41:39	13.56	0.01	48	65088	买盘
10:41:34	13.55	0.03	1	1490	中性盘
10:41:29	13.52	--	4	5408	卖盘
10:41:24	13.52	-0.04	32	43264	卖盘
10:41:19	13.56	0.03	684	927504	买盘
10:41:09	13.53	0.01	152	205656	买盘
10:41:00	13.52	--	52	70304	卖盘
10:40:49	13.52	0.02	201	271752	买盘
10:40:39	13.5	-0.02	100	135000	卖盘
10:40:34	13.52	0.02	176	237952	买盘
10:40:29	13.5	-0.01	27	36450	卖盘
10:40:24	13.51	0.02	328	443128	买盘
10:40:14	13.49	--	7	9443	卖盘
10:40:09	13.49	--	2	2698	卖盘
10:40:04	13.49	--	188	254934	买盘
10:39:54	13.49	0.01	168	226632	买盘
10:39:49	13.48	-0.01	1	1348	卖盘
10:39:44	13.49	-0.01	1	1349	买盘
10:39:39	13.5	0.02	400	540000	买盘
10:39:34	13.48	0.01	6	8088	中性盘
10:39:29	13.47	--	5	6735	卖盘
10:39:24	13.47	-0.02	34	45798	卖盘
10:39:19	13.49	0.02	315	424935	买盘
10:39:14	13.47	-0.01	0	781	卖盘
10:39:09	13.48	0.01	33	44484	买盘
10:39:04	13.47	--	4	5388	卖盘
10:38:59	13.47	--	3	4041	卖盘
10:38:54	13.47	0.02	171	230337	买盘
10:38:49	13.45	--	16	21520	卖盘
10:38:44	13.45	--	109	146605	卖盘
10:38:39	13.45	--	169	227305	买盘
10:38:29	13.45	0.01	10	13450	中性盘
10:38:24	13.44	-0.01	122	163968	卖盘
10:38:19	13.45	--	87	117015	买盘
10:38:14	13.45	0.02	50	67250	买盘
10:38:09	13.43	-0.01	79	106097	卖盘
10:38:03	13.44	--	153	205632	卖盘
10:37:54	13.44	0.01	5	6720	买盘
10:37:48	13.43	--	118	158474	卖盘
10:37:44	13.43	--	115	154445	卖盘
10:37:33	13.43	--	73	98039	卖盘
10:37:24	13.43	--	2	2686	卖盘
10:37:18	13.43	--	49	65807	卖盘
10:37:13	13.43	--	130	174590	卖盘
10:37:09	13.43	--	0	0	卖盘
10:36:58	13.43	-0.02	19	25517	卖盘
10:36:54	13.45	0.01	6	8070	买盘
10:36:48	13.44	0.04	7	9408	买盘
10:36:39	13.4	-0.03	854	1144360	卖盘
10:36:24	13.43	0.02	14	18802	买盘
10:36:18	13.41	--	5	6705	卖盘
10:36:13	13.41	--	0	0	卖盘
10:36:08	13.41	--	227	304407	卖盘
10:36:03	13.41	-0.03	3	4023	卖盘
10:35:58	13.44	0.03	1	1344	买盘
10:35:54	13.41	-0.04	5	6705	卖盘
10:35:48	13.45	--	0	0	买盘
10:35:43	13.45	0.04	700	941500	买盘
10:35:39	13.41	0.01	1	1341	中性盘
10:35:33	13.4	-0.01	57	76380	卖盘
10:35:13	13.41	-0.03	796	1067771	卖盘
10:35:09	13.44	-0.01	29	38976	卖盘
10:34:58	13.45	0.01	2	2690	买盘
10:34:53	13.44	-0.01	53	71232	卖盘
10:34:33	13.45	--	8	10760	卖盘
10:34:28	13.45	--	98	131810	卖盘
10:34:18	13.45	-0.01	21	28245	卖盘
10:34:13	13.46	0.01	45	60570	买盘
10:34:08	13.45	--	46	61870	卖盘
10:34:03	13.45	--	60	80700	卖盘
10:33:53	13.45	--	10	13450	卖盘
10:33:48	13.45	--	42	56490	卖盘
10:33:38	13.45	--	4	5380	卖盘
10:33:23	13.45	-0.01	4	5380	卖盘
10:33:08	13.46	--	5	6730	卖盘
10:33:03	13.46	--	19	25574	卖盘
10:32:58	13.46	--	8	10768	卖盘
10:32:53	13.46	--	10	13460	卖盘
10:32:33	13.46	-0.01	20	26920	卖盘
10:32:28	13.47	--	6	8082	买盘
10:32:23	13.47	--	11	14817	买盘
10:32:03	13.47	-0.01	20	26940	中性盘
10:31:53	13.48	--	182	245336	买盘
10:31:48	13.48	--	5	6740	买盘
10:31:42	13.48	--	2	2696	买盘
10:31:38	13.48	--	90	121320	买盘
10:31:33	13.48	0.01	66	88968	买盘
10:31:23	13.47	--	30	40410	卖盘
10:31:18	13.47	--	13	17511	卖盘
10:31:12	13.47	--	14	18858	卖盘
10:31:03	13.47	--	17	22899	卖盘
10:30:57	13.47	--	135	181845	买盘
10:30:48	13.47	--	10	13470	买盘
10:30:42	13.47	--	71	95637	买盘
10:30:37	13.47	-0.01	41	55227	卖盘
10:30:33	13.48	0.01	62	83576	买盘
10:30:27	13.47	--	129	173763	卖盘
10:30:18	13.47	-0.01	1	1347	卖盘
10:30:12	13.48	0.01	2	2696	买盘
10:30:07	13.47	-0.01	4	5388	卖盘
10:30:03	13.48	0.01	3	4044	买盘
10:29:57	13.47	-0.01	5	6735	卖盘
10:29:48	13.48	0.01	100	134800	买盘
10:29:37	13.47	--	20	26940	卖盘
10:29:27	13.47	--	5	6735	卖盘
10:29:22	13.47	-0.01	53	71391	卖盘
10:29:18	13.48	0.01	81	109188	买盘
10:29:12	13.47	--	90	121230	卖盘
10:29:07	13.47	-0.01	10	13470	卖盘
10:29:03	13.48	0.01	16	21568	买盘
10:28:57	13.47	--	45	60615	卖盘
10:28:52	13.47	--	15	20205	卖盘
10:28:48	13.47	--	29	39063	卖盘
10:28:42	13.47	--	37	49839	卖盘
10:28:33	13.47	--	3	4041	卖盘
10:28:27	13.47	--	52	70044	卖盘
10:28:22	13.47	0.02	170	228990	买盘
10:28:12	13.45	-0.01	25	33625	卖盘
10:28:07	13.46	--	208	279968	卖盘
10:28:02	13.46	-0.01	20	26920	卖盘
10:27:52	13.47	--	9	12123	卖盘
10:27:47	13.47	--	110	148170	卖盘
10:27:42	13.47	-0.01	205	276135	卖盘
10:27:37	13.48	--	137	184676	卖盘
10:27:33	13.48	--	14	18872	卖盘
10:27:27	13.48	--	67	90316	卖盘
10:27:22	13.48	--	1	1348	卖盘
10:27:17	13.48	--	190	256120	卖盘
10:27:07	13.48	-0.01	14	18872	卖盘
10:27:02	13.49	--	23	31027	买盘
10:26:57	13.49	--	1	1349	买盘
10:26:42	13.49	-0.01	181	244169	卖盘
10:26:32	13.5	0.01	16	21600	买盘
10:26:27	13.49	--	106	142994	卖盘
10:26:22	13.49	--	3	4047	卖盘
10:26:12	13.49	--	11	14839	卖盘
10:26:07	13.49	-0.01	1	1349	卖盘
10:26:02	13.5	0.02	83	112050	买盘
10:25:57	13.48	-0.02	13	17524	卖盘
10:25:52	13.5	0.02	3	4050	买盘
10:25:47	13.48	-0.02	36	48528	卖盘
10:25:42	13.5	--	9	12150	买盘
10:25:37	13.5	-0.01	4	5400	买盘
10:25:32	13.51	0.01	17	22967	买盘
10:25:27	13.5	--	72	97200	卖盘
10:25:22	13.5	--	10	13500	卖盘
10:25:17	13.5	-0.01	241	325350	卖盘
10:25:12	13.51	0.01	43	58093	买盘
10:25:07	13.5	-0.01	11	14850	卖盘
10:25:02	13.51	0.01	5	6755	买盘
10:24:57	13.5	--	36	48600	卖盘
10:24:47	13.5	-0.01	13	17550	卖盘
10:24:42	13.51	--	28	37828	买盘
10:24:27	13.51	--	61	82411	卖盘
10:24:16	13.51	--	101	136451	卖盘
10:24:12	13.51	--	90	121590	卖盘
10:24:06	13.51	--	10	13510	卖盘
10:24:01	13.51	--	20	27020	卖盘
10:23:56	13.51	--	200	270200	卖盘
10:23:46	13.51	--	3	4053	卖盘
10:23:42	13.51	--	13	17563	买盘
10:23:36	13.51	0.01	8	10808	买盘
10:23:31	13.5	--	0	0	卖盘
10:23:27	13.5	-0.01	87	117450	卖盘
10:23:21	13.51	--	121	163471	卖盘
10:23:16	13.51	-0.01	11	14861	卖盘
10:23:12	13.52	0.01	5	6760	买盘
10:23:06	13.51	--	26	35126	买盘
10:22:57	13.51	--	3	4053	买盘
10:22:46	13.51	--	41	55391	卖盘
10:22:42	13.51	--	37	49987	卖盘
10:22:36	13.51	-0.01	51	68901	卖盘
10:22:27	13.52	0.01	42	56784	买盘
10:22:21	13.51	--	39	52689	买盘
10:22:16	13.51	-0.01	23	31073	卖盘
10:22:12	13.52	--	29	39208	买盘
10:22:06	13.52	--	4	5408	买盘
10:21:56	13.52	-0.01	165	223080	买盘
10:21:51	13.53	0.04	29	39237	买盘
10:21:46	13.49	-0.02	486	655614	卖盘
10:21:42	13.51	-0.01	49	67360	卖盘
10:21:36	13.52	--	30	40560	买盘
10:21:26	13.52	--	1	1352	买盘
10:21:21	13.52	--	93	125925	卖盘
10:21:16	13.52	--	85	114920	卖盘
10:21:06	13.52	--	11	14872	卖盘
10:20:56	13.52	--	16	21632	卖盘
10:20:51	13.52	--	9	12168	卖盘
10:20:46	13.52	-0.01	23	31096	卖盘
10:20:41	13.53	0.01	53	71709	买盘
10:20:36	13.52	--	1	1352	卖盘
10:20:31	13.52	-0.01	46	62192	卖盘
10:20:26	13.53	0.01	82	110946	买盘
10:20:21	13.52	--	84	113568	卖盘
10:20:16	13.52	-0.01	0	1162	卖盘
10:20:11	13.53	0.01	78	105534	买盘
10:20:06	13.52	--	35	47320	卖盘
10:20:01	13.52	--	51	68952	卖盘
10:19:56	13.52	--	210	283920	卖盘
10:19:51	13.52	--	24	32448	卖盘
10:19:41	13.52	0.02	736	995072	买盘
10:19:36	13.5	--	60	81000	卖盘
10:19:31	13.5	--	65	87750	卖盘
10:19:26	13.5	--	39	52650	卖盘
10:19:21	13.5	--	50	67500	买盘
10:18:51	13.5	-0.01	52	70200	买盘
10:18:41	13.51	--	14	18914	买盘
10:18:36	13.51	0.01	126	170226	买盘
10:18:31	13.5	--	4	5400	卖盘
10:18:26	13.5	--	10	13500	卖盘
10:18:21	13.5	--	52	70200	卖盘
10:18:15	13.5	--	22	29700	卖盘
10:18:00	13.5	--	27	36450	卖盘
10:17:56	13.5	--	15	20250	卖盘
10:17:51	13.5	--	17	22950	卖盘
10:17:45	13.5	-0.01	2	2700	卖盘
10:17:41	13.51	0.01	26	35126	买盘
10:17:36	13.5	0.01	114	153900	买盘
10:17:30	13.49	--	20	26980	卖盘
10:17:25	13.49	-0.01	10	13490	卖盘
10:17:20	13.5	0.01	44	59400	买盘
10:17:10	13.49	--	4	5396	卖盘
10:17:06	13.49	0.01	123	165927	买盘
10:16:51	13.48	--	9	12132	卖盘
10:16:45	13.48	-0.01	22	29656	卖盘
10:16:40	13.49	0.01	16	21584	买盘
10:16:36	13.48	-0.01	5	6740	卖盘
10:16:30	13.49	0.01	69	93081	买盘
10:16:25	13.48	-0.01	30	40440	卖盘
10:16:21	13.49	--	2	2698	买盘
10:16:15	13.49	--	24	32376	卖盘
10:16:10	13.49	--	11	14839	卖盘
10:16:06	13.49	--	29	39121	卖盘
10:16:00	13.49	-0.01	80	107920	卖盘
10:15:55	13.5	0.01	1	1350	买盘
10:15:51	13.49	--	1	1349	卖盘
10:15:45	13.49	-0.01	49	66101	卖盘
10:15:40	13.5	-0.02	15	20250	卖盘
10:15:36	13.52	0.02	88	118976	买盘
10:15:30	13.5	--	28	37800	买盘
10:15:25	13.5	--	10	13500	卖盘
10:15:21	13.5	-0.02	102	137700	卖盘
10:15:15	13.52	0.02	28	37856	中性盘
10:15:10	13.5	-0.02	281	379350	卖盘
10:15:05	13.52	--	45	60840	卖盘
10:15:00	13.52	-0.01	37	50024	卖盘
10:14:55	13.53	--	10	13530	买盘
10:14:50	13.53	0.01	89	120417	买盘
10:14:45	13.52	-0.01	12	16224	卖盘
10:14:35	13.53	0.01	37	50061	买盘
10:14:30	13.52	0.02	27	36504	买盘
10:14:25	13.5	-0.01	403	544050	卖盘
10:14:20	13.51	--	14	18914	卖盘
10:14:15	13.51	--	24	32424	买盘
10:14:10	13.51	--	227	306677	买盘
10:14:05	13.51	--	207	279657	买盘
10:14:00	13.51	--	68	91868	买盘
10:13:55	13.51	--	31	41881	卖盘
10:13:50	13.51	--	287	387737	买盘
10:13:45	13.51	--	10	13510	买盘
10:13:40	13.51	--	133	179683	买盘
10:13:35	13.51	--	63	85113	买盘
10:13:30	13.51	--	4	5404	买盘
10:13:25	13.51	--	20	27020	买盘
10:13:20	13.51	-0.01	16	21616	卖盘
10:13:15	13.52	--	40	54080	买盘
10:13:10	13.52	--	2	2704	买盘
10:13:05	13.52	0.01	7	9464	买盘
10:13:00	13.51	0.02	487	658463	买盘
10:12:50	13.49	--	53	71497	买盘
10:12:45	13.49	--	92	124108	买盘
10:12:30	13.49	0.02	188	253612	买盘
10:12:25	13.47	--	9	12123	卖盘
10:12:20	13.47	-0.02	3	4041	卖盘
10:12:15	13.49	0.04	21	28329	买盘
10:11:55	13.45	--	0	0	卖盘
10:11:49	13.45	-0.05	96	129120	卖盘
10:11:45	13.5	0.05	547	738450	买盘
10:11:40	13.45	-0.01	75	100875	卖盘
10:11:35	13.46	-0.03	3	4038	卖盘
10:11:30	13.49	0.02	75	101175	买盘
10:11:20	13.47	--	2	2694	卖盘
10:11:15	13.47	-0.03	2	2694	卖盘
10:11:09	13.5	0.04	390	526500	买盘
10:11:04	13.46	0.01	256	344576	买盘
10:11:00	13.45	--	20	26900	卖盘
10:10:54	13.45	--	10	13450	卖盘
10:10:49	13.45	-0.01	25	33625	卖盘
10:10:44	13.46	-0.04	8	10768	买盘
10:10:39	13.5	0.05	1500	2025000	买盘
10:10:30	13.45	-0.03	48	64560	卖盘
10:10:24	13.48	0.03	30	40440	买盘
10:10:14	13.45	-0.01	2	2690	卖盘
10:10:09	13.46	0.05	141	189786	买盘
10:10:04	13.41	--	11	14751	买盘
10:10:00	13.41	--	63	84483	买盘
10:09:54	13.41	--	109	146169	买盘
10:09:49	13.41	--	3	4023	买盘
10:09:45	13.41	0.01	25	33525	买盘
10:09:39	13.4	--	46	61640	买盘
10:09:30	13.4	--	27	36180	卖盘
10:09:24	13.4	--	35	46900	卖盘
10:09:15	13.4	-0.01	6	8040	卖盘
10:09:09	13.41	-0.04	43	57663	卖盘
10:09:00	13.45	--	20	26900	买盘
10:08:54	13.45	--	7	9415	买盘
10:08:49	13.45	-0.02	295	396775	卖盘
10:08:45	13.47	--	36	48492	卖盘
10:08:39	13.47	--	28	37716	卖盘
10:08:34	13.47	-0.01	11	14817	卖盘
10:08:29	13.48	--	24	32352	买盘
10:08:24	13.48	--	35	47180	卖盘
10:08:19	13.48	--	45	60660	卖盘
10:08:14	13.48	--	26	35048	卖盘
10:08:09	13.48	-0.01	14	18872	卖盘
10:08:04	13.49	-0.01	31	41819	卖盘
10:07:59	13.5	0.01	97	130950	买盘
10:07:54	13.49	--	44	59356	卖盘
10:07:44	13.49	--	145	195605	卖盘
10:07:39	13.49	-0.01	169	227981	卖盘
10:07:34	13.5	-0.01	12	16200	中性盘
10:07:29	13.51	0.01	198	267498	买盘
10:07:24	13.5	-0.01	193	260550	卖盘
10:07:19	13.51	0.01	30	40530	买盘
10:07:14	13.5	--	269	363150	买盘
10:07:09	13.5	--	58	78300	买盘
10:07:04	13.5	--	19	25650	买盘
10:06:59	13.5	--	8	10800	买盘
10:06:54	13.5	--	103	139050	买盘
10:06:49	13.5	0.04	260	351000	买盘
10:06:44	13.46	--	266	358036	卖盘
10:06:39	13.46	--	299	402454	卖盘
10:06:34	13.46	0.01	62	83452	买盘
10:06:24	13.45	--	62	83390	卖盘
10:06:19	13.45	0.05	892	1200600	买盘
10:06:14	13.4	--	62	83080	卖盘
10:06:09	13.4	-0.01	24	32160	卖盘
10:05:59	13.41	--	27	36207	买盘
10:05:54	13.41	0.01	20	26820	中性盘
10:05:49	13.4	-0.02	20	26800	卖盘
10:05:44	13.42	0.02	15	20130	买盘
10:05:39	13.4	-0.03	30	40200	卖盘
10:05:29	13.43	0.02	54	72522	买盘
10:05:24	13.41	-0.03	64	85824	中性盘
10:05:19	13.44	0.02	137	184128	买盘
10:05:14	13.42	0.01	105	140910	买盘
10:05:09	13.41	-0.01	10	13410	中性盘
10:05:03	13.42	--	48	64416	买盘
10:04:58	13.42	--	100	134200	买盘
10:04:54	13.42	--	68	91256	买盘
10:04:48	13.42	--	69	93081	卖盘
10:04:43	13.42	--	25	34408	买盘
10:04:39	13.42	--	38	51479	卖盘
10:04:33	13.42	-0.01	50	67100	卖盘
10:04:28	13.43	0.01	14	18802	买盘
10:04:24	13.42	-0.01	212	284504	卖盘
10:04:18	13.43	0.01	42	56406	买盘
10:04:09	13.42	--	26	34892	卖盘
10:04:03	13.42	--	146	195932	卖盘
10:03:58	13.42	0.07	602	808742	买盘
10:03:48	13.35	--	1019	1360365	卖盘
10:03:43	13.35	--	10	13350	卖盘
10:03:38	13.35	-0.01	3	4005	卖盘
10:03:24	13.36	-0.02	3	4008	中性盘
10:03:18	13.38	--	33	44154	买盘
10:03:08	13.38	--	4	5352	买盘
10:03:03	13.38	--	1	1338	买盘
10:02:53	13.38	-0.02	2	2676	卖盘
10:02:48	13.4	--	2	2680	买盘
10:02:43	13.4	--	17	22780	买盘
10:02:39	13.4	--	99	132660	买盘
10:02:33	13.4	--	293	393129	卖盘
10:02:28	13.4	--	5	6700	卖盘
10:02:23	13.4	--	44	58960	卖盘
10:02:18	13.4	--	61	81740	卖盘
10:02:13	13.4	0.01	156	209870	买盘
10:02:08	13.39	-0.01	14	18746	卖盘
10:02:03	13.4	0.01	40	53600	买盘
10:01:58	13.39	-0.01	20	26780	中性盘
10:01:53	13.4	0.01	26	35349	买盘
10:01:48	13.39	-0.01	109	145951	卖盘
10:01:43	13.4	0.01	129	172860	买盘
10:01:38	13.39	-0.01	255	341445	卖盘
10:01:33	13.4	0.01	105	140700	买盘
10:01:23	13.39	--	57	76323	卖盘
10:01:18	13.39	0.04	301	403869	买盘
10:01:08	13.35	-0.01	171	228792	卖盘
10:01:03	13.36	--	4	5344	卖盘
10:00:58	13.36	--	100	134428	买盘
10:00:53	13.36	--	30	40080	买盘
10:00:48	13.36	-0.03	13	17875	卖盘
10:00:38	13.39	0.03	2	2678	买盘
10:00:33	13.36	-0.04	422	563792	卖盘
10:00:28	13.4	--	53	71020	卖盘
10:00:23	13.4	-0.01	376	503840	买盘
10:00:18	13.41	0.01	70	93870	买盘
10:00:13	13.4	--	20	26800	卖盘
10:00:08	13.4	-0.01	35	46900	卖盘
10:00:03	13.41	-0.01	542	726822	卖盘
09:59:58	13.42	--	189	253638	买盘
09:59:53	13.42	-0.01	245	328790	卖盘
09:59:48	13.43	0.01	333	447219	买盘
09:59:43	13.42	--	67	89914	卖盘
09:59:38	13.42	--	49	65758	卖盘
09:59:33	13.42	0.02	157	210694	买盘
09:59:28	13.4	0.01	21	28140	买盘
09:59:23	13.39	-0.01	143	191477	卖盘
09:59:18	13.4	0.01	123	164820	买盘
09:59:13	13.39	--	8	10712	卖盘
09:59:08	13.39	--	150	200850	卖盘
09:59:03	13.39	0.04	322	431988	买盘
09:58:57	13.35	--	72	96120	卖盘
09:58:53	13.35	--	332	443220	买盘
09:58:48	13.35	--	105	140175	买盘
09:58:42	13.35	--	38	50730	买盘
09:58:38	13.35	--	148	197580	买盘
09:58:33	13.35	--	45	60075	买盘
09:58:27	13.35	0.02	42	56070	买盘
09:58:22	13.33	-0.01	5	6665	卖盘
09:58:17	13.34	--	29	38686	买盘
09:58:12	13.34	0.01	31	41354	买盘
09:58:07	13.33	0.02	190	253270	买盘
09:58:03	13.31	0.01	7	9317	买盘
09:57:57	13.3	-0.01	7	9310	卖盘
09:57:52	13.31	0.01	9	11979	买盘
09:57:48	13.3	--	1	1330	卖盘
09:57:42	13.3	--	10	13818	买盘
09:57:37	13.3	0.01	190	252700	买盘
09:57:32	13.29	-0.01	8	10632	买盘
09:57:27	13.3	0.01	82	109060	买盘
09:57:22	13.29	0.01	12	15947	买盘
09:57:18	13.28	-0.01	3	3984	卖盘
09:57:07	13.29	0.01	30	39870	买盘
09:57:03	13.28	0.01	14	18592	买盘
09:56:57	13.27	-0.01	126	167202	卖盘
09:56:52	13.28	--	15	19920	买盘
09:56:47	13.28	0.01	7	9296	买盘
09:56:42	13.27	--	31	41137	卖盘
09:56:37	13.27	--	8	10616	卖盘
09:56:32	13.27	--	55	72985	买盘
09:56:27	13.27	--	25	33175	买盘
09:56:22	13.27	--	4	5308	买盘
09:56:17	13.27	--	10	13270	买盘
09:56:12	13.27	0.02	9	11943	买盘
09:56:07	13.25	-0.02	20	26500	卖盘
09:56:02	13.27	0.02	38	50426	买盘
09:55:57	13.25	--	10	13250	卖盘
09:55:52	13.25	-0.01	29	38425	卖盘
09:55:47	13.26	0.01	18	24438	买盘
09:55:42	13.25	-0.01	12	15900	卖盘
09:55:17	13.26	--	0	755	卖盘
09:55:12	13.26	--	150	198900	卖盘
09:55:07	13.26	--	15	19890	卖盘
09:54:52	13.26	-0.01	20	26520	卖盘
09:54:47	13.27	0.01	8	10616	买盘
09:54:42	13.26	0.01	444	589314	买盘
09:54:32	13.25	--	2	2650	卖盘
09:54:27	13.25	--	10	13250	卖盘
09:54:12	13.25	0.01	61	80825	卖盘
09:54:07	13.24	-0.01	16	21184	卖盘
09:54:02	13.25	-0.01	2	2650	卖盘
09:53:57	13.26	--	0	0	买盘
09:53:52	13.26	--	5	6630	买盘
09:53:47	13.26	--	9	11934	买盘
09:53:42	13.26	0.01	16	21216	买盘
09:53:32	13.25	--	46	60950	卖盘
09:53:27	13.25	--	15	19875	卖盘
09:53:22	13.25	-0.01	2	2650	卖盘
09:53:17	13.26	--	20	26520	买盘
09:53:12	13.26	0.01	13	17238	买盘
09:53:07	13.25	0.01	5	6625	卖盘
09:53:02	13.24	-0.01	51	67524	卖盘
09:52:57	13.25	0.01	188	249100	买盘
09:52:47	13.24	--	3	3972	卖盘
09:52:42	13.24	0.01	25	33100	中性盘
09:52:36	13.23	-0.01	111	146853	卖盘
09:52:32	13.24	--	35	46340	卖盘
09:52:21	13.24	0.01	17	22508	买盘
09:52:11	13.23	-0.01	2	2646	卖盘
09:52:06	13.24	--	20	26480	买盘
09:52:01	13.24	--	0	0	中性盘
09:51:57	13.24	0.01	11	14564	卖盘
09:51:46	13.23	-0.01	7	9261	卖盘
09:51:31	13.24	0.01	6	7944	买盘
09:51:21	13.23	-0.01	285	377055	卖盘
09:51:12	13.24	0.01	114	150936	买盘
09:51:06	13.23	-0.01	100	132300	卖盘
09:50:57	13.24	--	14	18536	卖盘
09:50:46	13.24	0.01	40	52960	卖盘
09:50:41	13.23	--	46	60858	买盘
09:50:36	13.23	--	4	5292	卖盘
09:50:31	13.23	--	1	1323	卖盘
09:50:27	13.23	--	10	13230	卖盘
09:50:21	13.23	--	19	25137	卖盘
09:50:16	13.23	--	5	6615	卖盘
09:50:11	13.23	0.01	184	243432	买盘
09:50:06	13.22	--	50	66100	卖盘
09:50:01	13.22	-0.01	30	39660	卖盘
09:49:51	13.23	--	43	56889	卖盘
09:49:41	13.23	--	35	46305	卖盘
09:49:36	13.23	-0.02	22	29106	卖盘
09:49:31	13.25	--	6	7950	买盘
09:49:26	13.25	--	3	3975	买盘
09:49:21	13.25	--	0	0	买盘
09:49:11	13.25	--	4	5300	买盘
09:48:56	13.25	--	1	1325	买盘
09:48:46	13.25	0.03	7	9275	买盘
09:48:41	13.22	-0.03	53	70066	卖盘
09:48:36	13.25	--	7	9275	买盘
09:48:26	13.25	0.02	10	13250	买盘
09:48:21	13.23	--	50	66150	卖盘
09:47:56	13.23	--	0	0	卖盘
09:47:51	13.23	-0.03	2	2646	卖盘
09:47:46	13.26	--	7	9282	买盘
09:47:36	13.26	0.03	50	66300	中性盘
09:47:26	13.23	-0.04	621	821583	卖盘
09:47:21	13.27	0.01	1	1327	买盘
09:47:16	13.26	--	7	9282	卖盘
09:47:11	13.26	--	20	26520	卖盘
09:47:06	13.26	--	3	3978	卖盘
09:47:01	13.26	0.01	14	19213	买盘
09:46:56	13.25	-0.01	112	148400	卖盘
09:46:45	13.26	--	18	23868	买盘
09:46:41	13.26	--	63	83538	买盘
09:46:36	13.26	--	4	5304	买盘
09:46:30	13.26	-0.01	28	37804	卖盘
09:46:25	13.27	0.01	7	9289	卖盘
09:46:21	13.26	-0.01	125	165750	卖盘
09:46:15	13.27	0.01	175	232875	买盘
09:46:10	13.26	--	40	53040	卖盘
09:46:05	13.26	--	20	26520	卖盘
09:46:00	13.26	--	55	72930	买盘
09:45:55	13.26	0.01	4	5304	买盘
09:45:50	13.25	-0.01	41	54325	卖盘
09:45:45	13.26	0.01	11	14586	买盘
09:45:40	13.25	--	1	1325	卖盘
09:45:36	13.25	--	8	10600	卖盘
09:45:30	13.25	--	21	27825	买盘
09:45:20	13.25	--	3	3975	卖盘
09:45:15	13.25	--	1	1325	卖盘
09:45:10	13.25	--	22	29150	买盘
09:45:05	13.25	0.02	34	45050	买盘
09:45:00	13.23	-0.02	428	566244	卖盘
09:44:50	13.25	--	98	129850	买盘
09:44:45	13.25	--	91	120575	买盘
09:44:40	13.25	--	7	9275	买盘
09:44:36	13.25	-0.01	2	2650	卖盘
09:44:30	13.26	0.01	77	102102	买盘
09:44:20	13.25	--	10	13250	卖盘
09:44:10	13.25	-0.01	10	13250	卖盘
09:44:05	13.26	0.03	357	473382	买盘
09:44:00	13.23	--	0	0	卖盘
09:43:50	13.23	0.01	48	63504	卖盘
09:43:45	13.22	--	0	0	卖盘
09:43:40	13.22	--	15	19830	卖盘
09:43:30	13.22	0.01	50	66100	买盘
09:43:25	13.21	-0.01	154	203434	卖盘
09:43:20	13.22	0.01	7	9254	买盘
09:43:05	13.21	-0.01	50	66050	卖盘
09:43:00	13.22	-0.04	63	83286	买盘
09:42:55	13.26	--	0	0	买盘
09:42:45	13.26	0.01	288	381888	买盘
09:42:40	13.25	--	30	39750	卖盘
09:42:35	13.25	--	55	72875	卖盘
09:42:30	13.25	--	151	200075	卖盘
09:42:24	13.25	--	7	9275	卖盘
09:42:20	13.25	--	6	7950	卖盘
09:42:15	13.25	--	324	429300	卖盘
09:42:10	13.25	--	103	136475	卖盘
09:42:05	13.25	0.05	183	242475	买盘
09:41:55	13.2	-0.05	20	26400	卖盘
09:41:50	13.25	--	0	0	买盘
09:41:45	13.25	--	0	0	买盘
09:41:40	13.25	--	10	13250	卖盘
09:41:35	13.25	0.05	572	757900	买盘
09:41:30	13.2	-0.04	162	213840	卖盘
09:41:20	13.24	--	22	29128	买盘
09:41:15	13.24	0.05	162	214488	买盘
09:41:10	13.19	-0.01	1	1319	卖盘
09:41:05	13.2	0.01	5	6600	买盘
09:41:00	13.19	-0.01	1	1319	卖盘
09:40:55	13.2	--	77	101640	卖盘
09:40:50	13.2	--	5	6600	卖盘
09:40:45	13.2	--	159	209880	买盘
09:40:35	13.2	--	12	15840	买盘
09:40:24	13.2	--	2	2640	卖盘
09:40:15	13.2	-0.03	120	158400	卖盘
09:40:09	13.23	0.02	20	26460	买盘
09:39:54	13.21	0.01	3	3963	买盘
09:39:44	13.2	--	29	38280	卖盘
09:39:39	13.2	--	62	81840	卖盘
09:39:29	13.2	--	110	145200	卖盘
09:39:19	13.2	-0.01	4	5280	卖盘
09:39:14	13.21	--	12	15852	卖盘
09:39:09	13.21	-0.04	27	35667	卖盘
09:39:04	13.25	0.04	100	132500	买盘
09:38:59	13.21	0.01	7	9247	中性盘
09:38:49	13.2	--	33	43560	卖盘
09:38:44	13.2	--	59	77880	卖盘
09:38:39	13.2	--	10	13200	卖盘
09:38:34	13.2	--	14	18480	卖盘
09:38:19	13.2	--	0	0	卖盘
09:38:14	13.2	-0.03	418	551760	卖盘
09:38:09	13.23	--	0	0	中性盘
09:38:04	13.23	0.03	5	6615	卖盘
09:37:54	13.2	--	0	0	卖盘
09:37:49	13.2	-0.03	4	5280	买盘
09:37:44	13.23	--	151	199773	买盘
09:37:39	13.23	0.03	42	55566	买盘
09:37:34	13.2	-0.05	14	18480	卖盘
09:37:29	13.25	0.02	248	328600	买盘
09:37:24	13.23	0.01	211	279153	买盘
09:37:14	13.22	--	9	11898	卖盘
09:37:09	13.22	--	182	240604	卖盘
09:36:59	13.22	-0.01	100	132200	卖盘
09:36:54	13.23	--	61	80703	买盘
09:36:44	13.23	0.01	10	13230	中性盘
09:36:39	13.22	-0.01	169	223418	卖盘
09:36:34	13.23	--	3	3969	卖盘
09:36:29	13.23	-0.01	13	17199	卖盘
09:36:24	13.24	0.01	13	17212	买盘
09:36:14	13.23	--	11	14553	卖盘
09:36:09	13.23	-0.03	1	1323	卖盘
09:36:04	13.26	0.03	26	34476	买盘
09:35:59	13.23	-0.01	74	97902	卖盘
09:35:54	13.24	-0.02	27	35748	卖盘
09:35:44	13.26	--	23	30498	买盘
09:35:39	13.26	0.01	90	119340	买盘
09:35:34	13.25	-0.02	1	1325	中性盘
09:35:29	13.27	0.03	58	76966	买盘
09:35:24	13.24	-0.01	83	109892	卖盘
09:35:19	13.25	--	1	1325	卖盘
09:35:14	13.25	--	4	5300	卖盘
09:35:09	13.25	--	9	11925	卖盘
09:34:59	13.25	-0.03	2	2650	卖盘
09:34:54	13.28	--	63	83664	买盘
09:34:49	13.28	--	3	3984	买盘
09:34:44	13.28	--	47	62416	买盘
09:34:39	13.28	--	273	363300	卖盘
09:34:33	13.28	--	31	41168	卖盘
09:34:29	13.28	-0.01	321	426288	卖盘
09:34:24	13.29	0.01	53	70437	买盘
09:34:18	13.28	0.05	406	539739	买盘
09:34:13	13.23	--	3	3969	买盘
09:34:09	13.23	0.01	45	59535	买盘
09:34:03	13.22	--	45	59490	卖盘
09:33:58	13.22	0.02	29	38338	买盘
09:33:53	13.2	-0.02	1	1320	卖盘
09:33:48	13.22	0.02	37	48914	买盘
09:33:43	13.2	0.02	596	786720	买盘
09:33:38	13.18	--	13	17134	卖盘
09:33:33	13.18	--	15	19770	卖盘
09:33:28	13.18	0.02	21	27678	卖盘
09:33:23	13.16	-0.01	390	513240	卖盘
09:33:18	13.17	--	32	42144	买盘
09:33:08	13.17	-0.01	2	2634	中性盘
09:33:03	13.18	0.02	66	86988	买盘
09:32:58	13.16	--	15	19740	卖盘
09:32:53	13.16	--	214	281624	卖盘
09:32:48	13.16	-0.02	483	635628	卖盘
09:32:38	13.18	-0.01	15	19770	卖盘
09:32:33	13.19	0.01	182	240058	买盘
09:32:28	13.18	--	39	51402	卖盘
09:32:23	13.18	0.01	364	479752	买盘
09:32:18	13.17	--	1	1317	卖盘
09:32:13	13.17	-0.01	36	47412	卖盘
09:32:08	13.18	--	51	67218	买盘
09:32:03	13.18	0.01	38	50084	买盘
09:31:58	13.17	--	224	295008	买盘
09:31:53	13.17	0.04	301	396417	买盘
09:31:48	13.13	-0.01	17	22321	卖盘
09:31:43	13.14	--	6	7884	买盘
09:31:38	13.14	0.01	30	39420	买盘
09:31:33	13.13	--	13	17069	卖盘
09:31:28	13.13	0.01	11	14443	卖盘
09:31:23	13.12	-0.01	38	49856	卖盘
09:31:18	13.13	-0.01	3	3939	中性盘
09:31:13	13.14	0.03	40	52560	买盘
09:31:08	13.11	--	0	0	卖盘
09:31:03	13.11	--	0	0	卖盘
09:30:57	13.11	--	90	117990	卖盘
09:30:53	13.11	-0.04	64	83904	卖盘
09:30:48	13.15	--	112	147280	买盘
09:30:43	13.15	--	3	3945	买盘
09:30:38	13.15	0.04	17	22355	中性盘
09:30:33	13.11	0.01	6	7866	中性盘
09:30:23	13.1	-0.08	49	64190	卖盘
09:30:13	13.18	--	8	10544	买盘
09:30:08	13.18	0.05	112	147616	买盘
09:30:03	13.13	-0.07	199	261287	卖盘
09:28:45	13.2	--	0	0	买盘
09:25:01	13.2	13.2	662	873840	买盘
