成交时间	成交价	价格变动	成交量(手)	成交额(元)	性质
15:00:00	11.01	--	0	0	卖盘
15:00:00	11.01	-0.02	133	146433	卖盘
14:59:59	11.03	--	330	363990	买盘
14:59:53	11.03	0.01	229	252586	中性盘
14:59:48	11.02	-0.01	386	425372	卖盘
14:59:43	11.03	0.01	1091	1203373	买盘
14:59:38	11.02	--	91	100282	卖盘
14:59:33	11.02	0.02	865	953230	买盘
14:59:28	11.0	--	632	695200	买盘
14:59:24	11.0	--	481	529100	买盘
14:59:18	11.0	0.01	634	697400	买盘
14:59:14	10.99	0.01	720	791280	中性盘
14:59:09	10.98	--	38	41724	卖盘
14:59:03	10.98	-0.02	243	266814	卖盘
14:58:58	11.0	0.03	4890	5379000	买盘
14:58:53	10.97	--	877	962069	卖盘
14:58:48	10.97	--	565	619805	卖盘
14:58:44	10.97	0.01	65	72215	买盘
14:58:39	10.96	--	746	817616	卖盘
14:58:33	10.96	--	91	99736	卖盘
14:58:29	10.96	0.01	222	243312	买盘
14:58:23	10.95	--	551	603345	买盘
14:58:19	10.95	0.01	136	148920	买盘
14:58:13	10.94	-0.01	181	198014	卖盘
14:58:08	10.95	0.01	15	16425	买盘
14:58:03	10.94	0.02	122	133468	中性盘
14:57:59	10.92	-0.01	464	506688	卖盘
14:57:53	10.93	--	85	92905	卖盘
14:57:48	10.93	--	140	153020	买盘
14:57:43	10.93	--	100	109300	买盘
14:57:39	10.93	--	84	91812	买盘
14:57:33	10.93	-0.01	216	236088	卖盘
14:57:29	10.94	0.01	89	97366	买盘
14:57:23	10.93	--	33	36069	卖盘
14:57:18	10.93	--	70	76510	卖盘
14:57:13	10.93	--	117	127881	卖盘
14:57:09	10.93	0.01	3055	3339115	中性盘
14:57:03	10.92	-0.01	366	399672	卖盘
14:56:58	10.93	--	43	46999	买盘
14:56:53	10.93	--	49	53557	买盘
14:56:48	10.93	--	89	97277	卖盘
14:56:43	10.93	--	189	206577	卖盘
14:56:38	10.93	--	40	43720	卖盘
14:56:33	10.93	-0.01	75	81975	卖盘
14:56:28	10.94	--	34	37196	买盘
14:56:18	10.94	--	38	41572	买盘
14:56:13	10.94	--	319	348986	卖盘
14:56:08	10.94	-0.01	46	50324	卖盘
14:56:02	10.95	0.01	125	136875	买盘
14:55:58	10.94	-0.01	98	107212	卖盘
14:55:53	10.95	--	60	65700	买盘
14:55:48	10.95	--	152	166440	买盘
14:55:43	10.95	--	325	355875	买盘
14:55:38	10.95	0.01	70	76650	买盘
14:55:32	10.94	-0.01	2011	2200034	卖盘
14:55:28	10.95	--	152	166440	买盘
14:55:23	10.95	--	953	1043534	卖盘
14:55:18	10.95	-0.01	306	335070	卖盘
14:55:13	10.96	0.01	241	264136	买盘
14:55:08	10.95	--	134	146730	卖盘
14:55:02	10.95	-0.01	17	18615	卖盘
14:54:58	10.96	0.01	167	183032	买盘
14:54:53	10.95	-0.01	160	175200	卖盘
14:54:47	10.96	--	120	131520	买盘
14:54:43	10.96	0.01	343	375928	买盘
14:54:38	10.95	--	118	129209	卖盘
14:54:33	10.95	-0.01	141	154395	买盘
14:54:28	10.96	0.01	744	815424	买盘
14:54:23	10.95	--	57	62414	买盘
14:54:17	10.95	0.01	128	140160	买盘
14:54:13	10.94	-0.01	698	763612	买盘
14:54:08	10.95	--	552	604440	买盘
14:54:02	10.95	--	46	50370	买盘
14:53:58	10.95	0.02	394	431430	买盘
14:53:53	10.93	--	121	132253	卖盘
14:53:47	10.93	--	69	75417	卖盘
14:53:43	10.93	0.03	1520	1661360	买盘
14:53:38	10.9	-0.01	52	56680	卖盘
14:53:32	10.91	0.01	59	64369	买盘
14:53:28	10.9	--	59	64310	卖盘
14:53:23	10.9	--	2	2180	卖盘
14:53:17	10.9	-0.01	7	7630	卖盘
14:53:13	10.91	0.01	63	68733	买盘
14:53:08	10.9	0.04	2250	2452500	买盘
14:53:02	10.86	--	0	0	卖盘
14:52:57	10.86	-0.01	82	89052	卖盘
14:52:53	10.87	0.02	215	233704	买盘
14:52:47	10.85	--	10	10850	卖盘
14:52:42	10.85	--	62	67270	卖盘
14:52:38	10.85	--	12	13020	买盘
14:52:32	10.85	0.01	63	68355	买盘
14:52:27	10.84	-0.01	76	82384	卖盘
14:52:22	10.85	0.01	43	46655	买盘
14:52:17	10.84	--	71	76964	卖盘
14:52:13	10.84	-0.01	319	345796	卖盘
14:52:08	10.85	0.01	28	30380	买盘
14:52:02	10.84	-0.01	169	183196	卖盘
14:51:57	10.85	--	110	119350	买盘
14:51:52	10.85	0.01	61	66185	买盘
14:51:47	10.84	-0.01	35	37940	卖盘
14:51:42	10.85	--	47	50995	买盘
14:51:37	10.85	--	193	209405	买盘
14:51:32	10.85	--	19	20615	买盘
14:51:27	10.85	--	363	393855	买盘
14:51:23	10.85	-0.03	984	1067640	卖盘
14:51:17	10.88	--	116	126208	买盘
14:51:12	10.88	--	43	46784	买盘
14:51:07	10.88	-0.01	221	240448	卖盘
14:51:02	10.89	0.01	5	5445	中性盘
14:50:57	10.88	--	805	875840	卖盘
14:50:52	10.88	-0.01	58	63104	卖盘
14:50:47	10.89	0.01	30	32670	买盘
14:50:42	10.88	-0.01	53	57664	卖盘
14:50:37	10.89	0.01	43	46827	买盘
14:50:27	10.88	-0.01	469	510272	卖盘
14:50:22	10.89	0.02	129	140481	买盘
14:50:17	10.87	-0.02	410	445669	卖盘
14:50:13	10.89	0.01	15	16335	买盘
14:50:07	10.88	--	215	233920	卖盘
14:50:02	10.88	-0.01	3	3264	卖盘
14:49:57	10.89	--	5	5445	买盘
14:49:53	10.89	--	100	108900	买盘
14:49:47	10.89	--	664	723096	买盘
14:49:42	10.89	0.01	50	54450	买盘
14:49:37	10.88	-0.01	31	33728	卖盘
14:49:32	10.89	0.01	32	34848	买盘
14:49:27	10.88	-0.01	12	13056	卖盘
14:49:22	10.89	--	27	29403	买盘
14:49:17	10.89	--	4	4356	买盘
14:49:11	10.89	--	5	5445	买盘
14:49:07	10.89	0.01	9	9801	买盘
14:49:02	10.88	0.01	3	3264	中性盘
14:48:57	10.87	-0.02	329	357623	卖盘
14:48:47	10.89	--	93	101277	买盘
14:48:37	10.89	0.01	78	84942	买盘
14:48:32	10.88	0.02	657	714816	中性盘
14:48:26	10.86	-0.03	15	16290	卖盘
14:48:22	10.89	--	105	114345	买盘
14:48:11	10.89	--	0	0	买盘
14:48:06	10.89	--	32	34848	买盘
14:48:02	10.89	-0.01	681	741609	卖盘
14:47:56	10.9	--	58	63220	买盘
14:47:52	10.9	0.01	110	119900	买盘
14:47:47	10.89	-0.01	100	108900	卖盘
14:47:41	10.9	0.01	15	16350	买盘
14:47:32	10.89	0.01	129	140481	买盘
14:47:26	10.88	-0.01	38	41344	卖盘
14:47:22	10.89	0.01	30	32670	买盘
14:47:17	10.88	--	5	5440	卖盘
14:47:11	10.88	--	3	3264	卖盘
14:47:07	10.88	-0.01	49	53312	卖盘
14:47:02	10.89	0.01	379	412731	买盘
14:46:52	10.88	0.01	159	172992	买盘
14:46:47	10.87	-0.01	54	58697	卖盘
14:46:41	10.88	0.01	73	79424	买盘
14:46:32	10.87	--	22	23914	卖盘
14:46:26	10.87	--	5	5435	卖盘
14:46:22	10.87	--	81	88047	卖盘
14:46:11	10.87	--	1	1087	卖盘
14:46:06	10.87	0.01	498	541326	买盘
14:45:56	10.86	-0.01	2	2172	卖盘
14:45:51	10.87	0.01	5	5435	买盘
14:45:46	10.86	--	16	17376	卖盘
14:45:36	10.86	--	21	22806	卖盘
14:45:31	10.86	0.01	1	1086	买盘
14:45:21	10.85	-0.03	324	351540	卖盘
14:45:16	10.88	0.02	170	184960	买盘
14:45:11	10.86	0.01	1	1086	卖盘
14:45:06	10.85	-0.02	334	362390	卖盘
14:45:02	10.87	0.01	90	97830	买盘
14:44:56	10.86	--	3	3258	买盘
14:44:51	10.86	-0.04	184	199824	卖盘
14:44:47	10.9	0.04	47	51230	买盘
14:44:35	10.86	-0.01	227	246522	卖盘
14:44:31	10.87	0.01	1	1087	中性盘
14:44:21	10.86	-0.02	71	77106	卖盘
14:44:16	10.88	0.01	190	206720	买盘
14:44:11	10.87	-0.02	5	5435	买盘
14:44:05	10.89	--	0	0	买盘
14:44:01	10.89	0.01	215	234135	买盘
14:43:56	10.88	--	25	27200	买盘
14:43:50	10.88	--	115	125120	卖盘
14:43:46	10.88	--	5	5440	卖盘
14:43:36	10.88	--	120	130560	买盘
14:43:21	10.88	-0.02	65	70720	卖盘
14:43:16	10.9	0.02	25	27250	买盘
14:43:11	10.88	--	6	6528	卖盘
14:43:06	10.88	--	112	121856	卖盘
14:43:01	10.88	--	55	59840	卖盘
14:42:51	10.88	--	104	113152	卖盘
14:42:41	10.88	-0.02	60	65280	卖盘
14:42:36	10.9	0.02	118	128620	买盘
14:42:30	10.88	--	54	58752	卖盘
14:42:26	10.88	-0.01	40	43520	中性盘
14:42:20	10.89	0.01	11	11979	买盘
14:42:16	10.88	--	6	6528	买盘
14:42:11	10.88	--	16	17408	买盘
14:42:05	10.88	--	55	59840	卖盘
14:41:56	10.88	--	8	8704	卖盘
14:41:46	10.88	-0.01	35	38080	卖盘
14:41:41	10.89	0.01	107	116523	买盘
14:41:35	10.88	--	56	60928	卖盘
14:41:31	10.88	-0.02	20	21760	卖盘
14:41:26	10.9	0.01	30	32700	买盘
14:41:16	10.89	--	25	27225	卖盘
14:41:11	10.89	--	20	21780	卖盘
14:41:05	10.89	--	5	5445	卖盘
14:41:00	10.89	-0.02	6	6534	卖盘
14:40:56	10.91	0.01	128	139648	买盘
14:40:50	10.9	--	2	2180	买盘
14:40:45	10.9	--	60	65400	卖盘
14:40:41	10.9	--	102	111180	卖盘
14:40:35	10.9	--	6	6540	卖盘
14:40:26	10.9	-0.01	43	46870	卖盘
14:40:20	10.91	--	11	12001	买盘
14:40:11	10.91	--	33	36003	卖盘
14:40:05	10.91	--	4	4364	卖盘
14:40:01	10.91	-0.01	62	67642	卖盘
14:39:56	10.92	--	6	6552	买盘
14:39:45	10.92	--	45	49140	买盘
14:39:41	10.92	--	17	18564	买盘
14:39:35	10.92	--	27	29484	买盘
14:39:30	10.92	--	38	41496	买盘
14:39:26	10.92	--	27	29484	买盘
14:39:20	10.92	0.01	3	3276	买盘
14:39:15	10.91	-0.02	102	111282	卖盘
14:39:10	10.93	0.01	6	6558	买盘
14:38:59	10.92	-0.01	61	66612	卖盘
14:38:45	10.93	--	87	95091	买盘
14:38:40	10.93	0.01	23	25139	买盘
14:38:35	10.92	--	6	6552	卖盘
14:38:29	10.92	-0.01	20	21840	中性盘
14:38:25	10.93	0.01	47	51371	买盘
14:38:14	10.92	-0.01	22	24024	卖盘
14:38:00	10.93	0.01	72	78696	买盘
14:37:50	10.92	-0.01	10	10920	卖盘
14:37:41	10.93	--	8	8744	买盘
14:37:35	10.93	--	21	22953	买盘
14:37:29	10.93	-0.02	74	80882	卖盘
14:37:25	10.95	--	165	180675	买盘
14:37:20	10.95	0.01	2	2190	买盘
14:37:15	10.94	-0.02	22	24068	卖盘
14:37:10	10.96	0.01	88	96448	买盘
14:36:59	10.95	--	28	30659	买盘
14:36:55	10.95	--	17	18615	买盘
14:36:50	10.95	0.01	37	40515	买盘
14:36:45	10.94	-0.01	115	125810	买盘
14:36:40	10.95	--	24	26280	买盘
14:36:35	10.95	--	2	2190	买盘
14:36:30	10.95	--	317	347115	卖盘
14:36:25	10.95	-0.01	35	38325	买盘
14:36:20	10.96	0.02	31	33976	买盘
14:36:14	10.94	-0.02	21	22974	卖盘
14:36:10	10.96	0.02	1	1096	买盘
14:35:59	10.94	--	320	350080	卖盘
14:35:55	10.94	0.01	20	21880	买盘
14:35:50	10.93	-0.03	43	46999	卖盘
14:35:44	10.96	0.02	85	93160	买盘
14:35:35	10.94	--	12	13128	买盘
14:35:29	10.94	-0.02	80	87520	卖盘
14:35:25	10.96	--	70	76720	买盘
14:35:20	10.96	0.01	566	620336	买盘
14:35:14	10.95	-0.01	25	27375	卖盘
14:35:10	10.96	--	27	29592	买盘
14:35:05	10.96	0.01	43	47128	买盘
14:34:59	10.95	-0.01	2	2190	卖盘
14:34:55	10.96	--	22	24112	买盘
14:34:50	10.96	0.01	180	197280	买盘
14:34:40	10.95	-0.01	318	348210	卖盘
14:34:35	10.96	0.01	223	244408	买盘
14:34:24	10.95	--	15	16425	卖盘
14:34:20	10.95	--	91	99645	买盘
14:34:14	10.95	0.01	80	87600	买盘
14:34:10	10.94	-0.01	359	392746	卖盘
14:34:05	10.95	0.01	16	17520	买盘
14:33:59	10.94	--	2	2188	卖盘
14:33:55	10.94	--	13	14222	卖盘
14:33:50	10.94	0.01	102	111588	卖盘
14:33:44	10.93	-0.01	311	339923	卖盘
14:33:40	10.94	0.01	75	82050	买盘
14:33:35	10.93	--	75	81975	卖盘
14:33:25	10.93	--	32	34976	卖盘
14:33:20	10.93	0.01	40	43720	卖盘
14:33:10	10.92	-0.01	107	116844	卖盘
14:33:05	10.93	0.01	30	32790	买盘
14:32:59	10.92	0.01	10	10920	中性盘
14:32:54	10.91	-0.01	437	476767	卖盘
14:32:50	10.92	-0.01	58	63336	卖盘
14:32:44	10.93	0.01	47	51371	买盘
14:32:39	10.92	--	17	18564	买盘
14:32:34	10.92	0.01	201	219492	买盘
14:32:29	10.91	--	63	68733	卖盘
14:32:19	10.91	0.01	134	146194	买盘
14:32:14	10.9	-0.01	125	136250	卖盘
14:32:09	10.91	--	99	108009	买盘
14:32:03	10.91	--	532	580412	买盘
14:31:59	10.91	--	2	2182	买盘
14:31:54	10.91	--	86	93826	买盘
14:31:49	10.91	0.01	173	188743	买盘
14:31:44	10.9	-0.01	128	139520	卖盘
14:31:39	10.91	0.01	87	94917	买盘
14:31:34	10.9	--	118	128620	卖盘
14:31:24	10.9	--	233	253970	买盘
14:31:19	10.9	--	48	52320	买盘
14:31:09	10.9	-0.01	28	30520	买盘
14:31:04	10.91	0.02	74	80734	买盘
14:30:59	10.89	0.01	18	19602	买盘
14:30:54	10.88	-0.01	51	55488	卖盘
14:30:49	10.89	--	17	18513	买盘
14:30:44	10.89	--	27	29403	买盘
14:30:38	10.89	-0.01	61	66429	卖盘
14:30:34	10.9	0.02	486	529740	买盘
14:30:23	10.88	--	10	10880	卖盘
14:30:19	10.88	0.01	25	27200	买盘
14:30:09	10.87	--	36	39132	卖盘
14:30:04	10.87	--	46	50002	买盘
14:29:59	10.87	0.01	20	21740	买盘
14:29:53	10.86	-0.01	47	51042	卖盘
14:29:49	10.87	--	23	25001	买盘
14:29:44	10.87	0.01	4	4348	买盘
14:29:39	10.86	--	438	475668	卖盘
14:29:34	10.86	-0.01	48	52128	卖盘
14:29:23	10.87	--	13	14130	买盘
14:29:19	10.87	--	55	59784	卖盘
14:29:14	10.87	-0.03	52	56523	卖盘
14:29:04	10.9	-0.01	24	26160	中性盘
14:28:59	10.91	--	58	63278	买盘
14:28:53	10.91	--	32	34912	买盘
14:28:49	10.91	--	77	84007	卖盘
14:28:44	10.91	0.01	60	65460	中性盘
14:28:38	10.9	--	15	16350	卖盘
14:28:34	10.9	-0.01	135	147150	卖盘
14:28:29	10.91	--	330	360030	买盘
14:28:23	10.91	0.01	9	9819	买盘
14:28:18	10.9	-0.01	49	53410	卖盘
14:28:14	10.91	--	7	7637	买盘
14:28:04	10.91	--	38	41458	买盘
14:27:59	10.91	--	143	156013	买盘
14:27:53	10.91	0.01	32	34912	买盘
14:27:49	10.9	-0.01	53	57770	卖盘
14:27:44	10.91	--	115	125465	买盘
14:27:34	10.91	--	63	68733	买盘
14:27:29	10.91	--	217	236747	买盘
14:27:23	10.91	--	98	106918	买盘
14:27:18	10.91	0.01	97	105827	买盘
14:27:14	10.9	-0.01	375	408750	卖盘
14:27:08	10.91	--	600	654600	买盘
14:27:04	10.91	--	824	898984	买盘
14:26:59	10.91	--	43	46913	买盘
14:26:53	10.91	--	21	22911	买盘
14:26:49	10.91	--	44	48004	买盘
14:26:44	10.91	--	98	106918	买盘
14:26:33	10.91	-0.01	80	87280	买盘
14:26:29	10.92	0.02	614	670488	买盘
14:26:18	10.9	0.02	870	948300	买盘
14:26:13	10.88	--	665	723520	卖盘
14:26:03	10.88	--	34	36992	买盘
14:25:58	10.88	--	86	93568	买盘
14:25:53	10.88	--	21	22848	买盘
14:25:47	10.88	--	106	115328	买盘
14:25:43	10.88	--	26	28288	买盘
14:25:38	10.88	0.01	13	14144	买盘
14:25:33	10.87	-0.01	16	17392	卖盘
14:25:28	10.88	--	43	46784	买盘
14:25:23	10.88	--	38	41344	买盘
14:25:18	10.88	--	7	7616	买盘
14:25:13	10.88	0.01	20	21760	买盘
14:25:08	10.87	--	159	172833	买盘
14:25:03	10.87	--	41	44567	买盘
14:24:58	10.87	--	13	14130	买盘
14:24:53	10.87	--	29	31522	买盘
14:24:48	10.87	--	18	19566	买盘
14:24:43	10.87	--	162	176094	买盘
14:24:38	10.87	--	28	30435	买盘
14:24:33	10.87	--	25	27174	买盘
14:24:28	10.87	--	105	114134	买盘
14:24:23	10.87	--	17	18479	买盘
14:24:18	10.87	0.01	57	61958	买盘
14:24:13	10.86	0.04	31	33666	中性盘
14:24:08	10.82	-0.03	1137	1230948	卖盘
14:24:03	10.85	--	152	164920	卖盘
14:23:57	10.85	0.02	601	652085	买盘
14:23:53	10.83	--	54	58482	买盘
14:23:48	10.83	--	174	188442	买盘
14:23:43	10.83	--	25	27075	买盘
14:23:33	10.83	0.01	427	462441	卖盘
14:23:23	10.82	-0.02	15	16230	卖盘
14:23:18	10.84	0.01	214	231976	买盘
14:23:13	10.83	--	65	70395	买盘
14:23:08	10.83	--	16	17328	买盘
14:23:03	10.83	-0.01	70	75810	卖盘
14:22:58	10.84	--	30	32520	买盘
14:22:53	10.84	--	23	24932	买盘
14:22:47	10.84	0.01	32	34688	买盘
14:22:43	10.83	--	30	32490	卖盘
14:22:38	10.83	-0.01	5	5415	卖盘
14:22:32	10.84	--	20	21680	买盘
14:22:28	10.84	0.01	138	149592	买盘
14:22:23	10.83	--	51	55233	买盘
14:22:17	10.83	--	21	22743	买盘
14:22:13	10.83	--	164	177612	卖盘
14:22:02	10.83	--	14	15162	买盘
14:21:57	10.83	0.01	140	151620	买盘
14:21:53	10.82	--	12	12984	买盘
14:21:43	10.82	--	40	43280	买盘
14:21:28	10.82	0.01	500	541000	买盘
14:21:23	10.81	0.01	36	38916	买盘
14:21:17	10.8	--	2	2160	卖盘
14:21:13	10.8	-0.01	77	83160	中性盘
14:21:08	10.81	0.01	86	92966	买盘
14:20:58	10.8	--	447	482760	卖盘
14:20:53	10.8	--	22	23760	买盘
14:20:43	10.8	0.02	345	372600	买盘
14:20:38	10.78	-0.01	50	53900	卖盘
14:20:32	10.79	--	40	43160	买盘
14:20:28	10.79	--	5	5395	买盘
14:20:23	10.79	0.01	33	35607	买盘
14:20:17	10.78	--	6	6468	卖盘
14:20:02	10.78	0.01	291	313698	买盘
14:19:56	10.77	-0.01	40	43080	卖盘
14:19:53	10.78	0.01	12	12936	买盘
14:19:47	10.77	0.01	68	73236	买盘
14:19:41	10.76	-0.01	59	63484	卖盘
14:19:37	10.77	--	33	35541	买盘
14:19:26	10.77	--	14	15078	买盘
14:19:22	10.77	--	35	37695	买盘
14:19:17	10.77	--	16	17232	买盘
14:19:11	10.77	0.01	32	34464	买盘
14:19:07	10.76	--	3	3228	卖盘
14:18:52	10.76	--	47	50572	买盘
14:18:47	10.76	--	39	41964	买盘
14:18:42	10.76	0.01	2	2152	买盘
14:18:37	10.75	--	27	29025	卖盘
14:18:32	10.75	-0.01	3	3225	卖盘
14:18:27	10.76	--	24	25824	买盘
14:18:22	10.76	--	153	164628	买盘
14:18:17	10.76	--	30	32280	买盘
14:18:12	10.76	--	9	9684	买盘
14:18:07	10.76	--	31	33356	买盘
14:18:02	10.76	-0.01	438	471288	卖盘
14:17:57	10.77	--	53	57081	买盘
14:17:52	10.77	--	136	146472	买盘
14:17:47	10.77	--	8	8616	买盘
14:17:42	10.77	0.01	39	42003	买盘
14:17:37	10.76	--	167	179692	卖盘
14:17:26	10.76	0.01	98	105448	买盘
14:17:22	10.75	-0.01	15	16125	卖盘
14:17:11	10.76	0.01	18	19368	买盘
14:17:07	10.75	--	117	125775	买盘
14:17:02	10.75	--	10	10750	买盘
14:16:57	10.75	-0.01	899	966425	卖盘
14:16:52	10.76	--	37	39812	买盘
14:16:47	10.76	--	129	138804	买盘
14:16:41	10.76	--	15	16140	买盘
14:16:37	10.76	--	36	38736	买盘
14:16:32	10.76	-0.01	20	21520	卖盘
14:16:26	10.77	--	40	43080	买盘
14:16:22	10.77	0.01	37	39849	买盘
14:16:17	10.76	-0.01	1334	1435384	卖盘
14:16:11	10.77	0.01	5	5385	买盘
14:16:02	10.76	--	5	5380	卖盘
14:15:56	10.76	0.01	367	394892	买盘
14:15:51	10.75	--	104	111800	卖盘
14:15:47	10.75	--	4	4300	卖盘
14:15:37	10.75	0.01	10	10750	买盘
14:15:32	10.74	-0.01	30	32220	卖盘
14:15:21	10.75	--	344	369800	买盘
14:15:17	10.75	--	140	150500	买盘
14:15:11	10.75	--	11	11825	买盘
14:15:07	10.75	0.01	34	36550	买盘
14:15:02	10.74	--	15	16110	卖盘
14:14:52	10.74	--	6	6444	卖盘
14:14:47	10.74	--	205	220170	卖盘
14:14:41	10.74	--	69	74106	买盘
14:14:37	10.74	0.01	329	353346	买盘
14:14:32	10.73	-0.01	68	72964	卖盘
14:14:22	10.74	--	42	45108	卖盘
14:14:17	10.74	--	370	397380	买盘
14:14:11	10.74	--	23	24702	买盘
14:14:07	10.74	--	16	17184	买盘
14:14:02	10.74	--	26	27924	买盘
14:13:52	10.74	-0.01	135	144990	卖盘
14:13:47	10.75	0.01	28	30100	买盘
14:13:41	10.74	-0.01	76	81624	卖盘
14:13:35	10.75	0.01	17	18275	买盘
14:13:32	10.74	-0.01	59	63366	卖盘
14:13:26	10.75	0.01	26	27950	买盘
14:13:21	10.74	--	72	77328	卖盘
14:13:16	10.74	-0.01	44	47256	卖盘
14:13:11	10.75	--	43	46225	买盘
14:13:06	10.75	--	358	384850	买盘
14:13:01	10.75	--	15	16125	买盘
14:12:56	10.75	--	1	1075	买盘
14:12:51	10.75	--	88	94600	卖盘
14:12:41	10.75	--	5	5375	卖盘
14:12:36	10.75	0.02	364	391300	买盘
14:12:31	10.73	-0.01	576	618048	卖盘
14:12:26	10.74	-0.01	70	75180	卖盘
14:12:20	10.75	--	34	36550	买盘
14:12:16	10.75	0.02	136	146200	买盘
14:12:11	10.73	--	52	55796	卖盘
14:12:05	10.73	--	10	10730	卖盘
14:12:01	10.73	0.01	628	673844	买盘
14:11:56	10.72	--	21	22512	卖盘
14:11:51	10.72	--	930	996960	买盘
14:11:46	10.72	--	31	33232	买盘
14:11:41	10.72	-0.01	309	331248	卖盘
14:11:36	10.73	--	20	21460	买盘
14:11:31	10.73	-0.01	566	607318	卖盘
14:11:26	10.74	--	9	9666	卖盘
14:11:20	10.74	--	146	156804	卖盘
14:11:16	10.74	--	1	1074	卖盘
14:11:06	10.74	-0.01	33	35442	买盘
14:11:01	10.75	--	0	0	买盘
14:10:56	10.75	--	32	34400	买盘
14:10:51	10.75	0.01	404	434300	买盘
14:10:46	10.74	--	31	33294	卖盘
14:10:41	10.74	-0.01	10	10740	卖盘
14:10:36	10.75	--	130	139750	买盘
14:10:31	10.75	--	22	23650	买盘
14:10:26	10.75	--	21	22575	买盘
14:10:20	10.75	-0.01	90	96750	卖盘
14:10:11	10.76	-0.01	70	75320	卖盘
14:10:05	10.77	--	19	20463	买盘
14:10:01	10.77	--	50	53850	买盘
14:09:56	10.77	--	544	585888	买盘
14:09:50	10.77	--	40	43080	买盘
14:09:45	10.77	0.01	50	53850	买盘
14:09:41	10.76	--	54	58104	卖盘
14:09:35	10.76	--	1	1076	卖盘
14:09:31	10.76	0.01	65	69940	中性盘
14:09:26	10.75	-0.01	43	46225	卖盘
14:09:16	10.76	0.01	102	109752	买盘
14:09:11	10.75	--	6	6450	卖盘
14:09:05	10.75	--	19	20425	卖盘
14:09:01	10.75	--	9	9675	卖盘
14:08:56	10.75	-0.01	21	22575	卖盘
14:08:50	10.76	--	5	5380	买盘
14:08:45	10.76	--	245	263620	卖盘
14:08:41	10.76	--	805	866180	卖盘
14:08:31	10.76	--	65	69940	卖盘
14:08:26	10.76	-0.01	79	85004	卖盘
14:08:20	10.77	--	90	96930	买盘
14:08:11	10.77	--	284	305868	卖盘
14:08:05	10.77	--	14	15078	卖盘
14:08:01	10.77	-0.01	7	7539	卖盘
14:07:56	10.78	0.01	153	164934	买盘
14:07:50	10.77	--	5	5385	卖盘
14:07:46	10.77	0.01	34	36618	卖盘
14:07:41	10.76	-0.02	167	179692	卖盘
14:07:35	10.78	0.01	51	54978	买盘
14:07:29	10.77	--	52	56004	卖盘
14:07:26	10.77	--	67	72159	卖盘
14:07:20	10.77	--	26	28002	卖盘
14:07:15	10.77	--	130	140010	卖盘
14:07:11	10.77	-0.01	8	8616	卖盘
14:06:59	10.78	-0.01	269	289982	卖盘
14:06:56	10.79	0.01	31	33449	买盘
14:06:44	10.78	-0.01	134	144452	卖盘
14:06:40	10.79	--	20	21580	买盘
14:06:35	10.79	--	305	329095	卖盘
14:06:30	10.79	-0.01	63	67977	卖盘
14:06:20	10.8	--	129	139320	买盘
14:06:15	10.8	--	10	10800	买盘
14:06:05	10.8	-0.01	267	288360	卖盘
14:06:00	10.81	-0.01	15	16215	卖盘
14:05:55	10.82	0.01	205	221810	买盘
14:05:44	10.81	-0.01	101	109181	卖盘
14:05:40	10.82	--	1	1082	买盘
14:05:30	10.82	--	99	107118	买盘
14:05:25	10.82	-0.01	81	87642	卖盘
14:05:20	10.83	-0.02	413	447279	卖盘
14:05:14	10.85	--	47	50995	买盘
14:05:10	10.85	--	50	54250	买盘
14:05:05	10.85	--	45	48825	买盘
14:04:35	10.85	--	30	32550	买盘
14:04:30	10.85	0.02	58	62930	买盘
14:04:20	10.83	--	10	10830	卖盘
14:04:15	10.83	-0.02	10	10830	卖盘
14:04:10	10.85	--	24	26040	买盘
14:04:00	10.85	-0.01	35	37975	买盘
14:03:39	10.86	--	0	0	买盘
14:03:35	10.86	0.01	199	216114	买盘
14:03:29	10.85	--	0	0	买盘
14:03:20	10.85	--	24	26040	买盘
14:03:09	10.85	0.05	411	445935	买盘
14:03:05	10.8	-0.06	80	86400	卖盘
14:02:59	10.86	--	0	0	买盘
14:02:55	10.86	--	8	8688	买盘
14:02:44	10.86	--	66	72045	买盘
14:02:40	10.86	--	37	40182	买盘
14:02:35	10.86	--	45	48870	买盘
14:02:24	10.86	0.01	21	22806	买盘
14:02:20	10.85	-0.01	25	27841	卖盘
14:02:14	10.86	0.01	12	13032	买盘
14:02:10	10.85	--	38	41230	卖盘
14:02:05	10.85	--	568	616280	卖盘
14:01:59	10.85	--	940	1019900	卖盘
14:01:55	10.85	0.03	1389	1507065	买盘
14:01:50	10.82	0.02	19	20558	卖盘
14:01:44	10.8	-0.02	500	540000	卖盘
14:01:40	10.82	0.01	5	5410	买盘
14:01:35	10.81	-0.02	25	27025	卖盘
14:01:29	10.83	0.01	25	27075	买盘
14:01:25	10.82	0.01	30	32460	买盘
14:01:20	10.81	--	73	78913	卖盘
14:01:14	10.81	-0.01	100	108100	卖盘
14:01:10	10.82	0.01	34	36788	买盘
14:01:05	10.81	--	40	43240	买盘
14:00:55	10.81	--	16	17296	买盘
14:00:50	10.81	-0.01	507	548067	卖盘
14:00:44	10.82	--	70	75740	买盘
14:00:39	10.82	--	13	14066	买盘
14:00:35	10.82	--	26	28132	买盘
14:00:29	10.82	--	164	177448	卖盘
14:00:23	10.82	-0.01	3	3246	卖盘
14:00:19	10.83	0.01	41	44403	买盘
14:00:14	10.82	--	8	8656	买盘
14:00:08	10.82	--	45	48690	买盘
14:00:04	10.82	--	11	11902	买盘
13:59:59	10.82	-0.01	239	258598	卖盘
13:59:54	10.83	--	43	46569	买盘
13:59:49	10.83	--	44	47652	买盘
13:59:38	10.83	0.02	88	95304	买盘
13:59:33	10.81	-0.02	52	56212	卖盘
13:59:29	10.83	0.01	24	25992	买盘
13:59:23	10.82	-0.01	161	174202	中性盘
13:59:19	10.83	--	22	23826	买盘
13:59:14	10.83	0.01	111	120213	买盘
13:59:09	10.82	--	43	46526	卖盘
13:59:04	10.82	-0.01	50	54100	卖盘
13:58:59	10.83	0.01	9	9747	买盘
13:58:53	10.82	-0.01	50	54100	买盘
13:58:49	10.83	0.01	60	64980	买盘
13:58:44	10.82	--	56	60592	买盘
13:58:38	10.82	--	44	47608	买盘
13:58:34	10.82	--	224	243439	卖盘
13:58:29	10.82	-0.01	32	34624	卖盘
13:58:23	10.83	--	19	20577	买盘
13:58:19	10.83	--	45	48735	买盘
13:58:14	10.83	--	37	40071	买盘
13:58:08	10.83	-0.01	39	42237	买盘
13:58:04	10.84	0.01	49	53116	买盘
13:57:59	10.83	-0.01	10	10830	卖盘
13:57:53	10.84	--	182	197288	卖盘
13:57:49	10.84	-0.01	102	110568	卖盘
13:57:44	10.85	0.01	26	28210	买盘
13:57:39	10.84	-0.01	40	43360	买盘
13:57:34	10.85	0.01	45	48825	买盘
13:57:29	10.84	0.02	34	36856	卖盘
13:57:23	10.82	--	84	90888	卖盘
13:57:19	10.82	--	2	2164	卖盘
13:57:14	10.82	--	84	90898	卖盘
13:57:08	10.82	-0.02	70	75740	卖盘
13:57:03	10.84	--	31	33604	买盘
13:56:59	10.84	--	89	96476	买盘
13:56:53	10.84	--	19	20596	买盘
13:56:49	10.84	--	65	70460	买盘
13:56:44	10.84	--	39	42276	买盘
13:56:33	10.84	--	114	123576	买盘
13:56:29	10.84	--	75	81300	买盘
13:56:23	10.84	--	13	14092	买盘
13:56:19	10.84	--	41	44444	买盘
13:56:14	10.84	--	334	362056	买盘
13:56:03	10.84	--	63	68292	买盘
13:55:59	10.84	--	11	11924	买盘
13:55:53	10.84	0.01	148	160432	买盘
13:55:48	10.83	--	99	107217	卖盘
13:55:44	10.83	-0.01	8	8664	卖盘
13:55:38	10.84	--	40	43360	买盘
13:55:29	10.84	0.01	39	42276	买盘
13:55:23	10.83	0.02	117	126711	买盘
13:55:19	10.81	-0.02	85	91885	卖盘
13:55:14	10.83	0.01	50	54150	买盘
13:55:08	10.82	-0.01	34	36788	中性盘
13:55:04	10.83	0.01	388	420204	买盘
13:54:59	10.82	--	199	215318	买盘
13:54:53	10.82	-0.01	3	3246	中性盘
13:54:49	10.83	0.02	159	172197	买盘
13:54:44	10.81	-0.01	77	83237	卖盘
13:54:38	10.82	--	54	58428	买盘
13:54:34	10.82	--	133	143906	卖盘
13:54:29	10.82	-0.01	76	82232	卖盘
13:54:23	10.83	--	0	0	买盘
13:54:17	10.83	0.01	23	24909	买盘
13:54:14	10.82	--	92	99544	买盘
13:54:08	10.82	--	31	33542	买盘
13:54:03	10.82	-0.01	68	74647	卖盘
13:53:59	10.83	--	15	16245	买盘
13:53:53	10.83	--	89	96387	买盘
13:53:47	10.83	0.01	44	47652	买盘
13:53:43	10.82	--	10	10820	卖盘
13:53:38	10.82	--	125	135250	卖盘
13:53:33	10.82	--	35	37870	卖盘
13:53:28	10.82	-0.01	37	40034	卖盘
13:53:23	10.83	0.01	69	74727	买盘
13:53:17	10.82	-0.01	544	588608	卖盘
13:53:13	10.83	0.01	105	113715	买盘
13:53:08	10.82	-0.03	9	9738	卖盘
13:53:03	10.85	0.02	98	106330	买盘
13:52:58	10.83	--	58	62814	买盘
13:52:53	10.83	-0.02	178	193748	卖盘
13:52:47	10.85	0.01	225	244233	买盘
13:52:43	10.84	--	72	78048	买盘
13:52:32	10.84	--	25	27100	买盘
13:52:27	10.84	0.01	155	168020	买盘
13:52:23	10.83	-0.02	199	215517	卖盘
13:52:18	10.85	0.01	104	112840	买盘
13:52:13	10.84	--	333	360972	卖盘
13:52:08	10.84	0.01	315	341460	买盘
13:52:03	10.83	-0.01	92	99636	中性盘
13:51:57	10.84	--	546	591864	买盘
13:51:53	10.84	0.01	17	18428	买盘
13:51:47	10.83	0.01	31	33583	中性盘
13:51:43	10.82	-0.01	67	72494	卖盘
13:51:38	10.83	--	82	88806	买盘
13:51:33	10.83	--	67	72561	买盘
13:51:28	10.83	--	54	58482	买盘
13:51:23	10.83	-0.01	104	112632	卖盘
13:51:17	10.84	--	259	280756	卖盘
13:51:13	10.84	--	38	41192	卖盘
13:51:08	10.84	-0.01	2	2168	买盘
13:51:03	10.85	--	46	49910	买盘
13:50:58	10.85	--	130	141050	买盘
13:50:53	10.85	--	28	30380	买盘
13:50:48	10.85	0.02	42	45570	买盘
13:50:43	10.83	-0.03	127	137541	卖盘
13:50:38	10.86	0.01	487	528882	买盘
13:50:32	10.85	--	50	54250	买盘
13:50:28	10.85	0.01	330	358050	买盘
13:50:23	10.84	-0.01	144	156096	卖盘
13:50:17	10.85	--	247	267995	卖盘
13:50:12	10.85	--	19	20615	买盘
13:50:08	10.85	-0.01	132	143220	卖盘
13:50:02	10.86	--	170	184620	卖盘
13:49:58	10.86	-0.01	19	20634	卖盘
13:49:53	10.87	--	13	14130	买盘
13:49:47	10.87	0.01	9	9783	买盘
13:49:43	10.86	-0.01	20	21720	卖盘
13:49:38	10.87	0.02	56	60871	买盘
13:49:32	10.85	-0.01	2	2170	卖盘
13:49:28	10.86	0.01	41	44526	买盘
13:49:23	10.85	--	180	195300	卖盘
13:49:17	10.85	-0.01	48	52080	卖盘
13:49:12	10.86	--	25	27150	买盘
13:49:08	10.86	--	61	66246	买盘
13:49:02	10.86	--	2	2172	买盘
13:48:58	10.86	--	66	71676	买盘
13:48:53	10.86	--	105	114030	买盘
13:48:47	10.86	--	31	33666	买盘
13:48:43	10.86	--	153	166158	买盘
13:48:38	10.86	--	40	43440	买盘
13:48:32	10.86	-0.01	5	5430	买盘
13:48:28	10.87	--	625	679375	买盘
13:48:23	10.87	0.01	746	810901	买盘
13:48:17	10.86	--	26	28236	卖盘
13:48:12	10.86	-0.01	555	602730	卖盘
13:48:08	10.87	0.01	98	106525	买盘
13:48:02	10.86	0.01	101	109686	买盘
13:47:58	10.85	-0.01	1	1085	卖盘
13:47:53	10.86	0.01	224	243264	买盘
13:47:47	10.85	--	135	146475	买盘
13:47:42	10.85	--	70	75950	买盘
13:47:38	10.85	--	620	672700	买盘
13:47:32	10.85	-0.01	23	24955	卖盘
13:47:26	10.86	0.06	328	356208	买盘
13:47:22	10.8	--	73	78840	买盘
13:47:17	10.8	-0.01	27	29160	买盘
13:47:12	10.81	-0.04	160	172960	卖盘
13:47:07	10.85	0.04	118	128030	买盘
13:46:56	10.81	-0.02	179	193499	卖盘
13:46:52	10.83	--	97	105051	买盘
13:46:47	10.83	-0.03	249	269667	买盘
13:46:41	10.86	0.02	859	932874	买盘
13:46:36	10.84	--	180	195120	买盘
13:46:32	10.84	--	43	46612	买盘
13:46:27	10.84	--	276	299184	买盘
13:46:22	10.84	-0.01	158	171272	卖盘
13:46:17	10.85	-0.01	68	73780	买盘
13:46:11	10.86	0.01	47	51042	买盘
13:46:06	10.85	--	58	62930	卖盘
13:46:02	10.85	-0.01	319	346115	卖盘
13:45:56	10.86	--	104	112944	买盘
13:45:52	10.86	-0.01	95	103170	卖盘
13:45:46	10.87	--	34	36958	买盘
13:45:42	10.87	0.01	62	67394	买盘
13:45:36	10.86	--	110	119460	卖盘
13:45:32	10.86	-0.02	11	11946	卖盘
13:45:27	10.88	0.01	259	281792	买盘
13:45:21	10.87	-0.01	104	113047	卖盘
13:45:17	10.88	0.01	217	236096	买盘
13:45:12	10.87	-0.01	226	245661	卖盘
13:45:07	10.88	--	65	70720	买盘
13:45:02	10.88	--	201	218688	买盘
13:44:56	10.88	--	56	60928	买盘
13:44:52	10.88	-0.02	170	185177	卖盘
13:44:41	10.9	0.01	87	94830	买盘
13:44:37	10.89	-0.01	55	59895	中性盘
13:44:32	10.9	--	102	111180	买盘
13:44:26	10.9	0.02	84	91560	买盘
13:44:22	10.88	-0.02	61	66368	卖盘
13:44:17	10.9	--	410	446900	卖盘
13:44:11	10.9	-0.01	20	21800	卖盘
13:44:07	10.91	0.01	185	201835	买盘
13:44:02	10.9	--	96	104640	买盘
13:43:56	10.9	--	114	124260	买盘
13:43:51	10.9	0.01	33	35970	买盘
13:43:47	10.89	--	239	260271	卖盘
13:43:37	10.89	-0.01	58	63162	卖盘
13:43:32	10.9	--	35	38150	买盘
13:43:26	10.9	--	14	15260	买盘
13:43:22	10.9	--	96	104640	买盘
13:43:17	10.9	-0.01	109	118810	卖盘
13:43:11	10.91	--	20	21820	买盘
13:43:07	10.91	0.01	263	286933	买盘
13:43:02	10.9	-0.01	38	41420	卖盘
13:42:56	10.91	0.01	23	25093	买盘
13:42:52	10.9	-0.01	535	583150	中性盘
13:42:47	10.91	--	103	112373	买盘
13:42:41	10.91	0.01	76	82916	买盘
13:42:37	10.9	--	28	30520	买盘
13:42:32	10.9	0.01	43	46870	买盘
13:42:26	10.89	-0.01	187	203643	卖盘
13:42:21	10.9	--	59	64310	买盘
13:42:17	10.9	--	60	65400	买盘
13:42:11	10.9	0.01	4	4360	买盘
13:42:06	10.89	-0.01	818	890802	卖盘
13:42:02	10.9	0.01	101	110090	中性盘
13:41:56	10.89	-0.01	15	16335	卖盘
13:41:52	10.9	0.01	60	65400	买盘
13:41:47	10.89	-0.01	84	91476	卖盘
13:41:41	10.9	--	51	55590	买盘
13:41:37	10.9	--	106	115540	买盘
13:41:32	10.9	0.01	251	273590	买盘
13:41:26	10.89	--	44	47916	卖盘
13:41:21	10.89	-0.02	185	201465	卖盘
13:41:17	10.91	0.01	112	123064	买盘
13:41:11	10.9	--	111	120990	买盘
13:41:06	10.9	-0.02	83	90470	卖盘
13:41:02	10.92	0.02	456	497952	买盘
13:40:56	10.9	-0.02	475	517750	卖盘
13:40:51	10.92	-0.01	81	88452	卖盘
13:40:46	10.93	-0.03	89	97277	卖盘
13:40:41	10.96	0.03	19	20824	买盘
13:40:36	10.93	-0.03	59	64487	买盘
13:40:31	10.96	0.01	82	89872	买盘
13:40:26	10.95	0.02	76	83220	买盘
13:40:20	10.93	--	17	18581	买盘
13:40:16	10.93	-0.04	334	365062	卖盘
13:40:05	10.97	--	203	222691	买盘
13:40:01	10.97	--	564	618708	买盘
13:39:55	10.97	--	22	24134	买盘
13:39:51	10.97	-0.02	37	40589	卖盘
13:39:46	10.99	-0.01	46	50773	卖盘
13:39:41	11.0	--	256	282480	买盘
13:39:35	11.0	0.01	72	79200	买盘
13:39:31	10.99	--	7	7693	卖盘
13:39:26	10.99	--	0	0	中性盘
13:39:21	10.99	--	178	195622	买盘
13:39:16	10.99	--	21	23079	买盘
13:39:11	10.99	--	10	10990	买盘
13:39:06	10.99	-0.01	176	193424	中性盘
13:39:00	11.0	--	1845	2029500	买盘
13:38:56	11.0	--	51	56100	买盘
13:38:50	11.0	--	283	311300	买盘
13:38:46	11.0	--	550	605220	买盘
13:38:41	11.0	--	93	102300	买盘
13:38:35	11.0	-0.01	151	166100	卖盘
13:38:31	11.01	0.01	1521	1674621	中性盘
13:38:26	11.0	-0.02	51	56100	卖盘
13:38:21	11.02	-0.01	404	445208	买盘
13:38:16	11.03	0.03	55	60665	买盘
13:38:06	11.0	-0.02	807	887700	卖盘
13:38:01	11.02	--	215	236930	买盘
13:37:56	11.02	0.01	3	3306	中性盘
13:37:51	11.01	-0.01	123	135423	卖盘
13:37:46	11.02	0.01	86	94772	买盘
13:37:41	11.01	-0.02	202	222402	卖盘
13:37:35	11.03	--	63	69489	买盘
13:37:31	11.03	--	333	367299	买盘
13:37:26	11.03	0.01	40	44120	买盘
13:37:20	11.02	-0.01	64	70528	卖盘
13:37:16	11.03	-0.01	43	47429	中性盘
13:37:11	11.04	--	141	155664	买盘
13:37:05	11.04	--	44	48575	买盘
13:37:00	11.04	--	94	103775	买盘
13:36:56	11.04	0.01	524	578496	买盘
13:36:50	11.03	-0.01	33	36399	卖盘
13:36:46	11.04	0.01	58	64031	买盘
13:36:41	11.03	--	89	98167	卖盘
13:36:34	11.03	--	15	16545	卖盘
13:36:30	11.03	0.01	147	162141	买盘
13:36:25	11.02	--	90	99180	卖盘
13:36:20	11.02	--	55	60610	中性盘
13:36:15	11.02	--	109	120118	买盘
13:36:10	11.02	--	190	209380	卖盘
13:36:05	11.02	--	37	40774	买盘
13:36:01	11.02	--	273	300846	买盘
13:35:55	11.02	0.01	527	580754	买盘
13:35:50	11.01	-0.01	57	62757	卖盘
13:35:46	11.02	--	199	219298	买盘
13:35:41	11.02	-0.02	542	597284	卖盘
13:35:35	11.04	0.02	175	193199	买盘
13:35:30	11.02	--	470	517940	卖盘
13:35:26	11.02	--	542	597284	卖盘
13:35:20	11.02	--	106	116812	卖盘
13:35:16	11.02	0.01	673	741646	买盘
13:35:11	11.01	--	173	190473	卖盘
13:35:05	11.01	0.01	335	368835	买盘
13:35:00	11.0	-0.01	43	47300	卖盘
13:34:56	11.01	0.02	2559	2817459	买盘
13:34:50	10.99	-0.01	60	65940	卖盘
13:34:45	11.0	0.01	202	222200	买盘
13:34:41	10.99	-0.01	2392	2628808	卖盘
13:34:35	11.0	0.01	1417	1559580	买盘
13:34:29	10.99	0.01	697	766222	买盘
13:34:24	10.98	--	318	349164	卖盘
13:34:20	10.98	--	2	2196	卖盘
13:34:15	10.98	0.01	2090	2295698	买盘
13:34:10	10.97	--	263	288511	买盘
13:34:05	10.97	0.01	97	106409	买盘
13:34:00	10.96	--	217	237832	卖盘
13:33:55	10.96	-0.01	187	204952	卖盘
13:33:50	10.97	0.02	58	63626	买盘
13:33:45	10.95	-0.01	571	625245	卖盘
13:33:40	10.96	-0.02	30	32880	卖盘
13:33:35	10.98	0.03	1150	1262700	买盘
13:33:30	10.95	-0.02	786	860670	卖盘
13:33:24	10.97	0.01	699	766803	买盘
13:33:20	10.96	0.01	1567	1717432	买盘
13:33:14	10.95	-0.01	30	32850	卖盘
13:33:09	10.96	0.01	63	69048	买盘
13:33:05	10.95	0.01	24	26280	买盘
13:33:00	10.94	--	275	300850	卖盘
13:32:54	10.94	--	111	121434	卖盘
13:32:50	10.94	--	301	329294	卖盘
13:32:45	10.94	--	525	574350	买盘
13:32:40	10.94	-0.01	159	173946	卖盘
13:32:35	10.95	0.01	6	6570	买盘
13:32:29	10.94	--	16	17504	卖盘
13:32:24	10.94	--	109	119246	卖盘
13:32:14	10.94	--	527	576538	买盘
13:32:10	10.94	--	0	0	买盘
13:32:05	10.94	0.01	50	54700	买盘
13:31:59	10.93	0.03	20	21860	买盘
13:31:55	10.9	-0.04	39	42510	卖盘
13:31:50	10.94	-0.01	46	50324	中性盘
13:31:45	10.95	0.01	84	91980	买盘
13:31:40	10.94	--	87	95178	卖盘
13:31:35	10.94	-0.01	10	10940	中性盘
13:31:30	10.95	0.01	1860	2036699	买盘
13:31:24	10.94	--	5	5470	买盘
13:31:20	10.94	0.03	49	53606	买盘
13:31:14	10.91	-0.03	65	70915	卖盘
13:31:10	10.94	0.03	92	100648	买盘
13:31:04	10.91	-0.03	60	65678	卖盘
13:30:59	10.94	--	127	138938	卖盘
13:30:55	10.94	0.03	527	577413	买盘
13:30:50	10.91	--	55	60005	买盘
13:30:44	10.91	-0.03	40	43640	卖盘
13:30:40	10.94	0.03	502	549188	买盘
13:30:35	10.91	0.02	181	197471	买盘
13:30:29	10.89	--	58	63162	买盘
13:30:24	10.89	-0.02	1291	1405899	卖盘
13:30:20	10.91	0.01	13	14183	买盘
13:30:14	10.9	--	347	378230	买盘
13:30:10	10.9	0.01	343	373870	买盘
13:30:05	10.89	-0.01	14	15246	中性盘
13:29:59	10.9	--	13	14170	买盘
13:29:55	10.9	--	33	35970	买盘
13:29:50	10.9	0.01	87	94830	买盘
13:29:39	10.89	-0.01	54	58806	卖盘
13:29:35	10.9	0.01	10	10900	买盘
13:29:29	10.89	-0.01	20	21780	卖盘
13:29:25	10.9	--	119	129710	买盘
13:29:19	10.9	0.01	149	162410	买盘
13:29:14	10.89	--	0	0	买盘
13:29:10	10.89	0.01	227	247203	买盘
13:29:05	10.88	--	7	7616	买盘
13:28:59	10.88	--	15	16320	买盘
13:28:55	10.88	--	334	363392	卖盘
13:28:49	10.88	--	457	497216	卖盘
13:28:44	10.88	--	54	58752	卖盘
13:28:39	10.88	--	146	158848	买盘
13:28:35	10.88	0.01	23	25024	买盘
13:28:24	10.87	-0.01	88	95656	中性盘
13:28:20	10.88	0.01	258	280704	买盘
13:28:14	10.87	-0.01	29	31522	卖盘
13:28:09	10.88	-0.02	80	87040	买盘
13:28:04	10.9	0.02	38	41420	买盘
13:27:59	10.88	--	2	2176	买盘
13:27:54	10.88	--	23	25024	买盘
13:27:48	10.88	-0.02	210	228480	卖盘
13:27:44	10.9	--	14	15260	买盘
13:27:39	10.9	0.01	228	248520	买盘
13:27:34	10.89	0.01	20	21780	中性盘
13:27:29	10.88	-0.03	53	57664	卖盘
13:27:24	10.91	-0.01	41	44731	卖盘
13:27:19	10.92	--	167	182364	买盘
13:27:14	10.92	--	50	54600	买盘
13:27:09	10.92	--	231	252252	中性盘
13:27:04	10.92	-0.01	59	64428	中性盘
13:26:59	10.93	0.01	59	64487	中性盘
13:26:54	10.92	-0.02	129	140868	中性盘
13:26:49	10.94	0.03	832	910208	买盘
13:26:44	10.91	-0.01	47	51277	买盘
13:26:39	10.92	--	350	382200	买盘
13:26:34	10.92	--	678	740376	买盘
13:26:29	10.92	--	10	10920	买盘
13:26:24	10.92	--	150	164509	买盘
13:26:19	10.92	0.02	531	580234	买盘
13:26:14	10.9	-0.01	544	593668	卖盘
13:26:09	10.91	0.01	91	99281	中性盘
13:26:04	10.9	-0.02	336	366240	卖盘
13:25:59	10.92	0.02	368	402238	买盘
13:25:54	10.9	--	335	365150	买盘
13:25:49	10.9	-0.02	566	617648	卖盘
13:25:44	10.92	--	186	203112	买盘
13:25:38	10.92	-0.01	384	419328	卖盘
13:25:34	10.93	0.05	393	429931	买盘
13:25:29	10.88	-0.04	565	615427	卖盘
13:25:24	10.92	0.02	387	422604	买盘
13:25:19	10.9	0.03	1872	2040861	买盘
13:25:14	10.87	--	69	75003	买盘
13:25:09	10.87	-0.01	778	846392	卖盘
13:25:04	10.88	0.01	3035	3302460	买盘
13:24:59	10.87	--	246	267402	买盘
13:24:53	10.87	--	2077	2257699	买盘
13:24:49	10.87	--	2973	3231814	卖盘
13:24:44	10.87	--	873	949874	买盘
13:24:38	10.87	0.01	2303	2503361	买盘
13:24:33	10.86	-0.01	2808	3049650	卖盘
13:24:29	10.87	--	1038	1128306	买盘
13:24:23	10.87	0.01	970	1054390	买盘
13:24:18	10.86	--	1269	1378134	卖盘
13:24:14	10.86	--	512	556032	卖盘
13:24:08	10.86	--	657	713502	卖盘
13:24:03	10.86	0.05	3559	3865997	买盘
13:23:59	10.81	-0.02	41	44321	卖盘
13:23:53	10.83	0.02	5	5415	买盘
13:23:44	10.81	-0.03	2	2162	卖盘
13:23:38	10.84	--	8	8672	买盘
13:23:33	10.84	0.06	1171	1269364	买盘
13:23:29	10.78	-0.03	138	148764	卖盘
13:23:23	10.81	0.01	28	30268	买盘
13:23:19	10.8	--	14	15120	买盘
13:23:14	10.8	0.02	95	102600	买盘
13:23:08	10.78	-0.02	200	215600	卖盘
13:23:03	10.8	-0.01	26	28080	中性盘
13:22:59	10.81	--	58	62698	买盘
13:22:49	10.81	0.02	1080	1167480	买盘
13:22:44	10.79	--	169	182351	卖盘
13:22:38	10.79	-0.05	7	7552	卖盘
13:22:33	10.84	0.05	1458	1580472	买盘
13:22:29	10.79	-0.01	315	339885	卖盘
13:22:18	10.8	--	191	206280	卖盘
13:22:14	10.8	--	103	111240	卖盘
13:22:08	10.8	-0.03	25	27000	卖盘
13:22:02	10.83	0.03	329	356307	买盘
13:21:59	10.8	--	6	6480	买盘
13:21:53	10.8	--	442	477360	买盘
13:21:48	10.8	--	29	31320	买盘
13:21:43	10.8	--	808	872640	买盘
13:21:38	10.8	--	48	51840	买盘
13:21:32	10.8	--	41	44280	买盘
13:21:28	10.8	-0.01	104	112320	卖盘
13:21:23	10.81	-0.02	46	49726	卖盘
13:21:18	10.83	--	91	98553	买盘
13:21:13	10.83	--	17	18411	买盘
13:21:08	10.83	0.03	34	36822	买盘
13:21:03	10.8	-0.03	83	89640	卖盘
13:20:58	10.83	0.03	13	14079	买盘
13:20:53	10.8	-0.03	40	43200	卖盘
13:20:47	10.83	0.03	150	162450	买盘
13:20:43	10.8	--	68	73440	卖盘
13:20:33	10.8	--	455	491400	买盘
13:20:27	10.8	--	38	41040	买盘
13:20:18	10.8	--	12	12960	卖盘
13:20:13	10.8	--	199	214920	买盘
13:20:08	10.8	--	20	21600	买盘
13:20:02	10.8	--	0	0	买盘
13:19:58	10.8	--	73	78840	卖盘
13:19:53	10.8	--	13	14040	卖盘
13:19:48	10.8	--	368	397440	卖盘
13:19:43	10.8	--	139	150120	卖盘
13:19:38	10.8	--	8	8640	卖盘
13:19:32	10.8	--	100	108000	买盘
13:19:28	10.8	--	121	130680	卖盘
13:19:23	10.8	0.02	129	139320	买盘
13:19:17	10.78	-0.02	400	431200	卖盘
13:19:13	10.8	-0.01	113	122040	卖盘
13:19:08	10.81	0.01	5	5405	买盘
13:19:02	10.8	--	61	65880	卖盘
13:18:58	10.8	--	62	66960	卖盘
13:18:53	10.8	-0.02	28	30240	卖盘
13:18:47	10.82	--	1	1082	买盘
13:18:38	10.82	0.02	232	251024	买盘
13:18:32	10.8	-0.01	478	516240	卖盘
13:18:27	10.81	--	188	203228	买盘
13:18:23	10.81	0.01	1	1081	买盘
13:18:17	10.8	-0.02	19	20520	卖盘
13:18:12	10.82	--	0	0	买盘
13:18:07	10.82	--	100	108200	买盘
13:18:01	10.82	--	335	362470	买盘
13:17:42	10.82	-0.02	60	64920	卖盘
13:17:38	10.84	0.01	400	433600	买盘
13:17:27	10.83	--	10	10830	卖盘
13:17:22	10.83	--	31	33573	卖盘
13:17:12	10.83	-0.01	104	112632	卖盘
13:17:08	10.84	--	174	188616	卖盘
13:17:02	10.84	-0.01	20	21680	卖盘
13:16:57	10.85	0.01	73	79205	买盘
13:16:52	10.84	--	153	165852	卖盘
13:16:47	10.84	--	20	21680	卖盘
13:16:42	10.84	--	100	108400	卖盘
13:16:38	10.84	0.01	638	691592	买盘
13:16:32	10.83	--	21	22743	卖盘
13:16:27	10.83	--	274	296742	卖盘
13:16:22	10.83	--	103	111549	卖盘
13:16:17	10.83	--	1	1083	卖盘
13:16:13	10.83	0.02	265	286995	买盘
13:16:08	10.81	-0.01	166	179446	卖盘
13:15:57	10.82	0.02	69	74658	买盘
13:15:53	10.8	-0.01	501	541080	卖盘
13:15:47	10.81	0.01	153	165393	买盘
13:15:42	10.8	--	73	78840	卖盘
13:15:38	10.8	--	274	295920	买盘
13:15:32	10.8	--	411	443880	买盘
13:15:27	10.8	0.01	203	219240	买盘
13:15:22	10.79	-0.01	12	12947	中性盘
13:15:17	10.8	--	1	1080	买盘
13:15:07	10.8	0.01	28	30240	买盘
13:14:57	10.79	--	4	4316	买盘
13:14:52	10.79	0.02	99	106820	买盘
13:14:47	10.77	-0.01	13	14001	卖盘
13:14:42	10.78	0.01	8	8624	买盘
13:14:37	10.77	-0.01	85	91545	中性盘
13:14:32	10.78	--	410	441980	买盘
13:14:26	10.78	0.01	39	42042	买盘
13:14:22	10.77	-0.01	12	12924	卖盘
13:14:12	10.78	--	116	125047	买盘
13:14:07	10.78	-0.01	78	84084	买盘
13:13:57	10.79	--	492	530868	买盘
13:13:46	10.79	-0.01	104	112215	中性盘
13:13:42	10.8	--	59	63720	买盘
13:13:37	10.8	--	33	35640	买盘
13:13:32	10.8	--	484	522720	卖盘
13:13:27	10.8	--	36	38880	卖盘
13:13:22	10.8	--	67	72360	卖盘
13:13:17	10.8	-0.01	10	10800	买盘
13:13:11	10.81	--	669	723189	买盘
13:13:06	10.81	--	37	39997	买盘
13:13:02	10.81	--	31	33511	卖盘
13:12:57	10.81	--	407	439967	卖盘
13:12:52	10.81	--	40	43240	卖盘
13:12:47	10.81	--	5	5405	卖盘
13:12:42	10.81	-0.01	309	334029	卖盘
13:12:37	10.82	--	348	376536	买盘
13:12:32	10.82	--	10	10820	买盘
13:12:26	10.82	-0.02	454	491228	卖盘
13:12:22	10.84	--	34	36856	买盘
13:12:17	10.84	-0.01	35	37940	买盘
13:12:12	10.85	0.01	346	375410	买盘
13:12:07	10.84	-0.01	185	200540	卖盘
13:12:02	10.85	0.01	136	147560	买盘
13:11:56	10.84	-0.01	6	6504	中性盘
13:11:51	10.85	0.01	369	400365	买盘
13:11:47	10.84	0.03	137	148508	买盘
13:11:41	10.81	--	2	2162	卖盘
13:11:36	10.81	-0.01	510	551310	中性盘
13:11:31	10.82	0.03	2162	2339294	买盘
13:11:26	10.79	-0.01	30	32369	中性盘
13:11:21	10.8	--	1036	1118880	买盘
13:11:17	10.8	0.01	879	949320	买盘
13:11:11	10.79	--	537	579423	买盘
13:11:06	10.79	0.01	147	158613	买盘
13:11:02	10.78	-0.01	345	371910	卖盘
13:10:56	10.79	0.01	228	246011	买盘
13:10:52	10.78	--	143	154154	买盘
13:10:47	10.78	--	853	919534	买盘
13:10:41	10.78	0.01	65	70070	买盘
13:10:36	10.77	-0.01	6	6462	中性盘
13:10:31	10.78	0.01	92	99176	买盘
13:10:26	10.77	--	97	104469	买盘
13:10:22	10.77	0.01	146	157242	买盘
13:10:16	10.76	0.05	126	135576	买盘
13:10:11	10.71	-0.04	310	332010	卖盘
13:10:06	10.75	-0.01	35	37625	买盘
13:10:02	10.76	0.04	379	407804	买盘
13:09:56	10.72	--	29	31088	买盘
13:09:51	10.72	--	225	241200	买盘
13:09:46	10.72	--	433	464176	卖盘
13:09:41	10.72	-0.02	1514	1623008	卖盘
13:09:37	10.74	-0.01	101	108474	中性盘
13:09:32	10.75	0.02	1051	1129825	买盘
13:09:21	10.73	0.01	126	135198	买盘
13:09:16	10.72	0.01	244	261568	买盘
13:09:11	10.71	-0.01	10	10710	卖盘
13:09:06	10.72	0.01	34	36448	买盘
13:09:02	10.71	--	144	154224	买盘
13:08:56	10.71	0.01	208	222768	买盘
13:08:50	10.7	-0.01	152	162640	卖盘
13:08:46	10.71	0.01	17	18207	买盘
13:08:36	10.7	--	16	17120	卖盘
13:08:30	10.7	0.05	899	961929	买盘
13:08:26	10.65	--	218	232170	卖盘
13:08:16	10.65	-0.02	10	10650	卖盘
13:08:11	10.67	--	8	8536	买盘
13:08:06	10.67	-0.01	152	162184	卖盘
13:08:01	10.68	--	2	2136	买盘
13:07:56	10.68	--	0	0	买盘
13:07:50	10.68	--	621	663228	买盘
13:07:46	10.68	--	7	7476	买盘
13:07:36	10.68	-0.01	105	112140	卖盘
13:07:20	10.69	--	2	2138	买盘
13:07:16	10.69	--	18	19242	买盘
13:07:04	10.69	--	14	14966	买盘
13:07:01	10.69	--	0	0	买盘
13:06:56	10.69	--	75	80175	卖盘
13:06:51	10.69	0.01	11	11759	卖盘
13:06:46	10.68	--	70	74760	买盘
13:06:41	10.68	-0.01	146	155928	卖盘
13:06:36	10.69	--	110	117590	买盘
13:06:31	10.69	0.01	4	4276	买盘
13:06:20	10.68	-0.01	5	5340	中性盘
13:06:16	10.69	0.01	23	24587	买盘
13:06:00	10.68	-0.01	115	122820	卖盘
13:05:50	10.69	0.01	1	1069	买盘
13:05:46	10.68	--	4	4272	卖盘
13:05:41	10.68	-0.01	20	21360	卖盘
13:05:35	10.69	0.01	6	6414	买盘
13:05:31	10.68	--	14	14952	买盘
13:05:20	10.68	0.01	23	24564	买盘
13:05:15	10.67	0.01	6	6402	卖盘
13:05:05	10.66	--	5	5330	卖盘
13:05:00	10.66	-0.03	110	117260	卖盘
13:04:45	10.69	0.03	5	5345	买盘
13:04:41	10.66	-0.03	20	21320	卖盘
13:04:35	10.69	0.03	62	66278	买盘
13:04:30	10.66	--	3	3198	卖盘
13:04:11	10.66	-0.03	63	67158	卖盘
13:04:00	10.69	--	20	21380	买盘
13:03:55	10.69	--	119	127211	卖盘
13:03:45	10.69	--	52	55588	卖盘
13:03:41	10.69	--	5	5345	卖盘
13:03:31	10.69	-0.01	21	22449	卖盘
13:03:26	10.7	--	10	10700	买盘
13:03:00	10.7	--	24	25680	买盘
13:02:55	10.7	0.01	89	95230	买盘
13:02:50	10.69	-0.01	6	6414	卖盘
13:02:46	10.7	--	4	4280	买盘
13:02:40	10.7	--	10	10700	买盘
13:02:30	10.7	--	10	10700	买盘
13:02:26	10.7	--	1	1070	买盘
13:02:10	10.7	0.01	10	10700	买盘
13:01:55	10.69	-0.01	1	1069	卖盘
13:01:40	10.7	--	13	13909	卖盘
13:01:29	10.7	--	9	9630	卖盘
13:01:20	10.7	-0.01	54	57779	卖盘
13:01:10	10.71	--	6	6426	买盘
13:00:59	10.71	--	1	1071	买盘
13:00:29	10.71	--	16	17136	买盘
13:00:20	10.71	0.01	8	8568	买盘
13:00:14	10.7	-0.01	3	3210	中性盘
13:00:10	10.71	0.02	399	427329	买盘
13:00:05	10.69	--	271	289699	买盘
13:00:00	10.69	--	17	18173	卖盘
11:30:00	10.69	--	0	0	卖盘
11:30:00	10.69	--	0	0	卖盘
11:29:56	10.69	--	20	21380	卖盘
11:29:47	10.69	--	10	10690	卖盘
11:29:36	10.69	-0.01	7	7483	卖盘
11:29:32	10.7	--	70	74900	卖盘
11:29:26	10.7	--	12	12840	卖盘
11:29:21	10.7	--	15	16049	卖盘
11:29:16	10.7	-0.01	23	24610	卖盘
11:29:06	10.71	0.01	20	21420	买盘
11:29:01	10.7	-0.01	10	10700	卖盘
11:28:56	10.71	0.01	1	1071	买盘
11:28:46	10.7	-0.02	50	53500	卖盘
11:28:36	10.72	0.01	10	10720	买盘
11:28:31	10.71	-0.01	5	5355	卖盘
11:28:21	10.72	--	32	34304	买盘
11:28:10	10.72	--	1	1072	买盘
11:28:01	10.72	--	10	10720	卖盘
11:27:56	10.72	--	12	12864	卖盘
11:27:46	10.72	-0.01	28	30016	卖盘
11:27:25	10.73	--	10	10730	买盘
11:27:20	10.73	0.02	9	9657	买盘
11:27:16	10.71	-0.02	4	4284	卖盘
11:27:10	10.73	0.02	21	22533	买盘
11:27:06	10.71	-0.02	34	36414	卖盘
11:26:56	10.73	0.02	9	9657	买盘
11:26:40	10.71	--	20	21420	卖盘
11:26:36	10.71	-0.01	20	21420	卖盘
11:26:31	10.72	-0.01	1	1072	卖盘
11:26:25	10.73	--	0	0	买盘
11:26:16	10.73	0.02	64	68672	买盘
11:26:11	10.71	--	2	2142	卖盘
11:26:00	10.71	--	10	10710	卖盘
11:25:56	10.71	--	5	5355	卖盘
11:25:50	10.71	-0.01	133	142443	卖盘
11:25:46	10.72	--	126	135072	买盘
11:25:41	10.72	0.01	2	2144	买盘
11:25:36	10.71	-0.01	44	47124	卖盘
11:25:31	10.72	0.01	10	10720	买盘
11:25:26	10.71	--	11	11781	卖盘
11:25:16	10.71	-0.01	6	6426	卖盘
11:25:10	10.72	0.01	6	6432	买盘
11:25:05	10.71	-0.01	25	26775	卖盘
11:25:00	10.72	--	6	6432	买盘
11:24:56	10.72	0.01	167	179024	买盘
11:24:50	10.71	--	30	32130	买盘
11:24:46	10.71	0.01	3	3213	买盘
11:24:41	10.7	-0.01	7	7489	卖盘
11:24:35	10.71	0.01	863	924273	买盘
11:24:30	10.7	0.01	17	18190	买盘
11:24:21	10.69	-0.01	75	80175	卖盘
11:24:15	10.7	0.01	35	37450	买盘
11:24:10	10.69	--	47	50243	卖盘
11:24:05	10.69	--	35	37415	卖盘
11:24:00	10.69	--	175	187075	买盘
11:23:55	10.69	--	0	0	买盘
11:23:51	10.69	0.03	38	40622	买盘
11:23:45	10.66	-0.03	36	38376	卖盘
11:23:41	10.69	--	5	5345	买盘
11:23:35	10.69	--	1	1069	买盘
11:23:31	10.69	--	39	41691	买盘
11:23:25	10.69	--	8	8552	买盘
11:23:15	10.69	--	5	5345	买盘
11:23:11	10.69	0.02	39	41691	买盘
11:23:05	10.67	-0.02	2	2134	卖盘
11:23:00	10.69	--	23	24587	买盘
11:22:55	10.69	--	0	0	买盘
11:22:50	10.69	0.03	52	55588	买盘
11:22:45	10.66	0.01	61	65026	卖盘
11:22:40	10.65	-0.04	66	70290	卖盘
11:22:35	10.69	0.03	52	55588	买盘
11:22:30	10.66	--	153	163098	卖盘
11:22:20	10.66	-0.01	6	6396	卖盘
11:22:15	10.67	-0.02	6	6402	中性盘
11:22:10	10.69	0.03	29	31001	买盘
11:22:06	10.66	-0.03	18	19188	卖盘
11:22:00	10.69	--	4	4276	买盘
11:21:55	10.69	--	29	31001	买盘
11:21:49	10.69	--	9	9621	买盘
11:21:45	10.69	--	0	0	买盘
11:21:40	10.69	0.02	22	23518	买盘
11:21:35	10.67	--	39	41613	卖盘
11:21:30	10.67	--	6	6402	卖盘
11:21:25	10.67	--	21	22407	卖盘
11:21:20	10.67	-0.02	1	1067	卖盘
11:21:15	10.69	0.02	35	37415	买盘
11:21:10	10.67	-0.01	38	40546	买盘
11:21:05	10.68	--	0	0	买盘
11:21:00	10.68	0.03	15	16020	买盘
11:20:55	10.65	--	94	100110	卖盘
11:20:50	10.65	-0.02	5	5325	卖盘
11:20:45	10.67	0.02	29	30943	买盘
11:20:40	10.65	--	5	5325	卖盘
11:20:34	10.65	--	19	20235	买盘
11:20:30	10.65	--	5	5325	买盘
11:20:25	10.65	-0.03	141	150165	卖盘
11:20:19	10.68	0.01	5	5340	买盘
11:20:15	10.67	0.01	25	26675	买盘
11:20:04	10.66	0.01	5	5330	中性盘
11:20:00	10.65	0.02	564	600660	买盘
11:19:55	10.63	-0.01	130	138190	卖盘
11:19:45	10.64	--	53	56392	买盘
11:19:40	10.64	-0.03	77	81928	卖盘
11:19:35	10.67	0.02	3	3201	买盘
11:19:29	10.65	-0.02	5	5325	卖盘
11:19:25	10.67	--	29	30943	买盘
11:19:14	10.67	--	15	16005	买盘
11:18:58	10.67	--	50	53350	买盘
11:18:44	10.67	--	29	30943	买盘
11:18:39	10.67	--	52	55484	卖盘
11:18:29	10.67	--	40	42680	卖盘
11:18:24	10.67	0.04	26	27742	买盘
11:18:20	10.63	-0.02	116	123308	卖盘
11:18:14	10.65	0.01	322	342930	买盘
11:18:09	10.64	-0.01	28	29792	中性盘
11:18:05	10.65	--	257	273705	买盘
11:17:58	10.65	--	59	62835	买盘
11:17:54	10.65	--	105	111825	买盘
11:17:49	10.65	--	59	62835	买盘
11:17:44	10.65	--	228	242820	买盘
11:17:40	10.65	--	147	156555	买盘
11:17:35	10.65	--	151	160815	买盘
11:17:28	10.65	--	511	544215	买盘
11:17:24	10.65	-0.01	425	452625	卖盘
11:17:14	10.66	--	180	191880	买盘
11:17:09	10.66	--	29	30914	买盘
11:17:04	10.66	-0.01	203	216398	卖盘
11:16:58	10.67	0.01	15	16005	买盘
11:16:49	10.66	-0.01	10	10660	卖盘
11:16:44	10.67	0.02	64	68288	买盘
11:16:39	10.65	-0.01	3	3195	卖盘
11:16:29	10.66	-0.01	58	61828	卖盘
11:16:24	10.67	-0.01	2	2134	买盘
11:16:19	10.68	-0.01	8	8544	卖盘
11:16:14	10.69	--	30	32070	买盘
11:16:09	10.69	--	41	43829	买盘
11:16:04	10.69	--	11	11759	买盘
11:15:59	10.69	--	59	63071	买盘
11:15:54	10.69	0.01	54	57726	买盘
11:15:49	10.68	--	55	58740	买盘
11:15:44	10.68	--	0	0	买盘
11:15:39	10.68	0.04	6	6408	买盘
11:15:34	10.64	--	127	135128	卖盘
11:15:28	10.64	--	7	7448	买盘
11:15:24	10.64	0.01	23	24472	买盘
11:15:19	10.63	-0.01	55	58465	卖盘
11:15:13	10.64	--	12	12768	买盘
11:15:09	10.64	0.01	8	8512	买盘
11:15:04	10.63	-0.01	62	65906	卖盘
11:14:54	10.64	--	20	21280	买盘
11:14:49	10.64	-0.01	19	20216	卖盘
11:14:43	10.65	--	137	145905	买盘
11:14:39	10.65	--	3	3195	买盘
11:14:34	10.65	--	46	48990	买盘
11:14:29	10.65	--	14	14910	买盘
11:14:23	10.65	-0.03	1021	1087365	卖盘
11:14:19	10.68	0.01	16	17088	买盘
11:14:14	10.67	-0.02	20	21340	卖盘
11:14:09	10.69	0.01	69	73761	买盘
11:14:04	10.68	-0.01	1	1068	买盘
11:13:58	10.69	--	0	0	买盘
11:13:53	10.69	0.01	59	63071	买盘
11:13:49	10.68	-0.01	5	5340	卖盘
11:13:39	10.69	0.01	56	59864	买盘
11:13:34	10.68	0.01	35	37380	买盘
11:13:29	10.67	--	0	0	卖盘
11:13:24	10.67	-0.02	235	250745	卖盘
11:13:14	10.69	--	29	31001	买盘
11:13:07	10.69	0.01	128	136832	买盘
11:13:04	10.68	-0.02	31	33108	卖盘
11:12:53	10.7	0.02	88	94160	买盘
11:12:43	10.68	--	8	8544	买盘
11:12:38	10.68	-0.01	54	57672	卖盘
11:12:34	10.69	-0.01	37	39553	卖盘
11:12:29	10.7	0.01	28	29959	买盘
11:12:22	10.69	-0.01	15	16035	卖盘
11:12:18	10.7	--	11	11770	买盘
11:12:14	10.7	--	75	80250	买盘
11:12:08	10.7	--	43	46010	买盘
11:12:03	10.7	--	37	39590	买盘
11:11:53	10.7	-0.01	374	400543	卖盘
11:11:48	10.71	--	33	35343	买盘
11:11:37	10.71	0.01	137	146727	买盘
11:11:34	10.7	-0.01	53	56709	卖盘
11:11:28	10.71	0.01	29	31059	买盘
11:11:23	10.7	--	1004	1074986	买盘
11:11:14	10.7	--	53	56709	买盘
11:11:08	10.7	--	81	86670	买盘
11:11:03	10.7	--	33	35310	买盘
11:10:52	10.7	--	64	68480	买盘
11:10:48	10.7	0.01	189	202230	买盘
11:10:43	10.69	--	60	64140	卖盘
11:10:38	10.69	0.01	320	342080	买盘
11:10:28	10.68	--	0	0	卖盘
11:10:23	10.68	-0.02	10	10680	卖盘
11:10:18	10.7	0.01	20	21400	买盘
11:10:13	10.69	0.01	3	3207	买盘
11:10:08	10.68	--	88	93984	买盘
11:10:03	10.68	--	12	12816	买盘
11:09:53	10.68	--	16	17088	买盘
11:09:49	10.68	--	25	26700	买盘
11:09:43	10.68	--	34	36312	卖盘
11:09:38	10.68	-0.01	71	75828	卖盘
11:09:33	10.69	0.01	1	1069	买盘
11:09:28	10.68	0.02	37	39516	买盘
11:09:23	10.66	--	78	83148	卖盘
11:09:18	10.66	-0.02	6	6396	卖盘
11:09:08	10.68	0.01	104	111072	买盘
11:09:03	10.67	--	37	39479	买盘
11:08:58	10.67	-0.01	12	12804	卖盘
11:08:53	10.68	-0.02	17	18156	买盘
11:08:48	10.7	--	0	0	买盘
11:08:43	10.7	0.02	47	50290	买盘
11:08:37	10.68	-0.02	82	87576	卖盘
11:08:33	10.7	--	0	0	买盘
11:08:28	10.7	--	16	17120	买盘
11:08:23	10.7	--	40	42800	买盘
11:08:18	10.7	-0.01	341	365233	卖盘
11:08:13	10.71	--	7	7497	买盘
11:08:03	10.71	--	85	91035	买盘
11:07:58	10.71	-0.01	6	6426	买盘
11:07:52	10.72	--	0	0	买盘
11:07:48	10.72	0.01	251	269072	买盘
11:07:43	10.71	-0.01	37	39627	卖盘
11:07:37	10.72	--	1	1072	买盘
11:07:33	10.72	--	6	6432	买盘
11:07:28	10.72	-0.01	63	67536	中性盘
11:07:22	10.73	--	36	38628	买盘
11:07:18	10.73	0.01	26	27898	买盘
11:07:13	10.72	-0.01	3	3216	卖盘
11:07:07	10.73	--	51	54723	买盘
11:07:03	10.73	--	87	93351	买盘
11:06:58	10.73	--	10	10730	买盘
11:06:52	10.73	--	9	9657	买盘
11:06:46	10.73	-0.01	9	9657	卖盘
11:06:43	10.74	0.01	46	49404	买盘
11:06:37	10.73	--	25	26825	卖盘
11:06:32	10.73	-0.01	15	16095	中性盘
11:06:28	10.74	0.02	53	56922	买盘
11:06:22	10.72	-0.03	10	10720	卖盘
11:06:17	10.75	--	85	91375	买盘
11:06:12	10.75	0.01	39	41925	买盘
11:06:08	10.74	0.01	85	91290	买盘
11:06:02	10.73	--	143	153439	买盘
11:05:57	10.73	-0.01	46	49358	卖盘
11:05:52	10.74	--	12	12888	买盘
11:05:46	10.74	--	7	7518	买盘
11:05:42	10.74	-0.01	207	222318	卖盘
11:05:38	10.75	--	5	5375	卖盘
11:05:31	10.75	0.01	812	872900	买盘
11:05:27	10.74	--	123	132102	买盘
11:05:23	10.74	0.01	10	10740	买盘
11:05:17	10.73	-0.01	302	324046	卖盘
11:05:12	10.74	0.01	15	16110	买盘
11:05:07	10.73	-0.01	9	9657	卖盘
11:05:02	10.74	--	11	11814	买盘
11:04:57	10.74	0.01	54	57996	买盘
11:04:52	10.73	--	279	299367	买盘
11:04:47	10.73	0.01	45	48285	买盘
11:04:42	10.72	--	33	35376	卖盘
11:04:38	10.72	--	61	65392	卖盘
11:04:31	10.72	--	20	21440	卖盘
11:04:27	10.72	0.01	236	252992	买盘
11:04:23	10.71	0.01	29	31059	买盘
11:04:17	10.7	--	1	1070	卖盘
11:04:12	10.7	--	447	478289	卖盘
11:04:07	10.7	0.03	1246	1333926	买盘
11:04:02	10.67	-0.01	39	41613	卖盘
11:03:57	10.68	0.01	25	26700	买盘
11:03:53	10.67	--	100	106700	卖盘
11:03:42	10.67	-0.01	23	24541	卖盘
11:03:37	10.68	0.01	29	30972	买盘
11:03:32	10.67	-0.01	11	11737	卖盘
11:03:27	10.68	0.01	5	5340	买盘
11:03:17	10.67	-0.02	21	22407	卖盘
11:03:12	10.69	0.01	31	33139	买盘
11:03:02	10.68	--	6	6408	买盘
11:02:57	10.68	--	2	2136	买盘
11:02:52	10.68	0.01	38	40584	买盘
11:02:47	10.67	-0.01	72	76824	卖盘
11:02:42	10.68	--	28	29904	买盘
11:02:37	10.68	--	299	319332	买盘
11:02:27	10.68	-0.01	153	163404	卖盘
11:02:22	10.69	--	20	21380	买盘
11:02:12	10.69	--	3	3207	买盘
11:02:07	10.69	0.01	42	44898	买盘
11:01:57	10.68	--	9	9612	卖盘
11:01:52	10.68	-0.01	5	5340	中性盘
11:01:46	10.69	--	5	5345	买盘
11:01:42	10.69	--	29	31001	买盘
11:01:36	10.69	--	4	4276	买盘
11:01:27	10.69	0.02	68	72692	买盘
11:01:22	10.67	-0.02	20	21340	卖盘
11:01:15	10.69	--	28	29932	买盘
11:01:07	10.69	--	48	51312	买盘
11:01:02	10.69	--	10	10690	买盘
11:00:57	10.69	-0.01	29	31001	中性盘
11:00:52	10.7	0.01	68	72760	买盘
11:00:42	10.69	-0.01	62	66278	卖盘
11:00:37	10.7	0.01	181	193670	买盘
11:00:26	10.69	--	6	6414	卖盘
11:00:22	10.69	0.03	1681	1796989	买盘
11:00:16	10.66	--	150	159900	卖盘
11:00:11	10.66	-0.02	114	121524	卖盘
11:00:07	10.68	0.01	15	16020	买盘
10:59:56	10.67	0.01	2	2134	买盘
10:59:52	10.66	-0.01	41	43706	卖盘
10:59:40	10.67	0.01	8	8536	买盘
10:59:31	10.66	-0.01	52	55432	中性盘
10:59:26	10.67	-0.01	12	12804	卖盘
10:59:21	10.68	--	25	26700	买盘
10:59:11	10.68	0.01	42	44856	买盘
10:59:06	10.67	-0.01	5	5335	卖盘
10:59:01	10.68	--	32	34176	买盘
10:58:56	10.68	--	11	11748	买盘
10:58:51	10.68	--	29	30972	买盘
10:58:46	10.68	--	7	7476	买盘
10:58:36	10.68	--	9	9612	买盘
10:58:31	10.68	0.01	36	38448	买盘
10:58:26	10.67	--	2	2134	买盘
10:58:21	10.67	--	45	48015	买盘
10:58:11	10.67	--	33	35211	买盘
10:58:06	10.67	--	27	28809	买盘
10:58:01	10.67	--	0	0	买盘
10:57:56	10.67	0.03	19	20273	买盘
10:57:51	10.64	-0.02	135	143640	卖盘
10:57:41	10.66	--	73	77818	买盘
10:57:36	10.66	--	11	11726	买盘
10:57:31	10.66	--	29	30914	买盘
10:57:26	10.66	--	24	25584	买盘
10:57:21	10.66	-0.01	51	54366	卖盘
10:57:16	10.67	--	1	1067	买盘
10:57:11	10.67	--	85	90695	买盘
10:57:06	10.67	--	0	0	中性盘
10:57:01	10.67	0.01	10	10670	买盘
10:56:56	10.66	-0.01	213	227058	卖盘
10:56:51	10.67	-0.01	61	65087	卖盘
10:56:46	10.68	0.02	54	57672	买盘
10:56:36	10.66	-0.01	8	8528	卖盘
10:56:25	10.67	--	124	132308	卖盘
10:56:21	10.67	-0.01	1	1067	卖盘
10:56:16	10.68	--	461	492348	买盘
10:56:10	10.68	0.01	14	14952	买盘
10:56:06	10.67	-0.02	34	36278	卖盘
10:56:01	10.69	0.01	500	534500	买盘
10:55:51	10.68	--	34	36312	卖盘
10:55:46	10.68	--	133	142044	卖盘
10:55:40	10.68	--	51	54468	卖盘
10:55:36	10.68	-0.01	20	21360	卖盘
10:55:31	10.69	0.01	24	25656	买盘
10:55:25	10.68	--	64	68352	卖盘
10:55:20	10.68	-0.01	13	13884	卖盘
10:55:16	10.69	0.01	20	21380	买盘
10:55:06	10.68	-0.01	161	171948	卖盘
10:55:01	10.69	0.01	108	115452	买盘
10:54:51	10.68	--	20	21360	买盘
10:54:46	10.68	--	13	13884	买盘
10:54:40	10.68	-0.01	32	34176	卖盘
10:54:36	10.69	--	1005	1074345	买盘
10:54:30	10.69	0.01	81	86589	买盘
10:54:25	10.68	-0.01	100	106800	卖盘
10:54:21	10.69	--	27	28863	买盘
10:54:16	10.69	--	252	269388	买盘
10:54:11	10.69	--	69	73761	买盘
10:54:05	10.69	--	52	55588	买盘
10:54:01	10.69	--	128	136832	买盘
10:53:54	10.69	--	38	40622	买盘
10:53:50	10.69	0.01	57	60933	买盘
10:53:46	10.68	-0.01	70	74760	卖盘
10:53:41	10.69	0.01	19	20311	买盘
10:53:35	10.68	--	330	352440	买盘
10:53:31	10.68	--	316	337488	买盘
10:53:25	10.68	0.01	30	32040	买盘
10:53:20	10.67	--	18	19206	买盘
10:53:15	10.67	0.01	22	23474	买盘
10:53:10	10.66	-0.01	3	3198	卖盘
10:53:05	10.67	0.01	29	30943	买盘
10:53:00	10.66	0.03	2791	2975206	买盘
10:52:55	10.63	--	20	21260	卖盘
10:52:50	10.63	--	654	695414	买盘
10:52:45	10.63	--	109	115867	买盘
10:52:40	10.63	0.02	3	3189	买盘
10:52:35	10.61	-0.02	1	1061	中性盘
10:52:30	10.63	--	500	531500	买盘
10:52:25	10.63	--	5	5315	买盘
10:52:20	10.63	--	29	30827	买盘
10:52:15	10.63	--	35	37205	买盘
10:52:05	10.63	--	0	0	买盘
10:52:00	10.63	--	118	125434	买盘
10:51:49	10.63	0.01	215	228545	买盘
10:51:45	10.62	--	305	323910	买盘
10:51:40	10.62	--	89	94518	买盘
10:51:35	10.62	0.01	50	53099	买盘
10:51:30	10.61	--	26	27586	卖盘
10:51:25	10.61	-0.01	230	244030	卖盘
10:51:20	10.62	--	70	74340	买盘
10:51:15	10.62	--	61	64781	买盘
10:51:11	10.62	0.01	7	7433	买盘
10:51:05	10.61	--	192	203712	买盘
10:51:00	10.61	--	252	267372	买盘
10:50:50	10.61	0.01	139	147479	买盘
10:50:45	10.6	-0.01	236	250160	中性盘
10:50:39	10.61	--	34	36074	买盘
10:50:35	10.61	0.02	228	241908	买盘
10:50:30	10.59	-0.01	415	439485	卖盘
10:50:25	10.6	--	645	683700	买盘
10:50:19	10.6	--	8	8480	买盘
10:50:15	10.6	--	25	26500	买盘
10:50:04	10.6	--	32	33920	买盘
10:49:59	10.6	--	6	6360	买盘
10:49:55	10.6	--	59	62540	买盘
10:49:49	10.6	--	13	13780	买盘
10:49:40	10.6	--	20	21200	买盘
10:49:34	10.6	--	14	14840	买盘
10:49:30	10.6	--	50	53000	买盘
10:49:25	10.6	--	21	22260	买盘
10:49:19	10.6	-0.01	47	49820	卖盘
10:49:15	10.61	--	23	24403	买盘
10:49:10	10.61	--	71	75331	买盘
10:49:04	10.61	--	0	0	买盘
10:49:00	10.61	0.01	88	93368	买盘
10:48:54	10.6	-0.01	62	65720	卖盘
10:48:45	10.61	--	66	70026	买盘
10:48:40	10.61	--	81	85941	买盘
10:48:34	10.61	--	13	13793	买盘
10:48:29	10.61	--	52	55172	买盘
10:48:25	10.61	--	33	35013	买盘
10:48:15	10.61	--	108	114588	买盘
10:48:10	10.61	--	82	87002	买盘
10:48:04	10.61	--	9	9549	买盘
10:48:00	10.61	--	57	60477	买盘
10:47:50	10.61	0.01	34	36074	买盘
10:47:44	10.6	-0.01	2	2120	中性盘
10:47:40	10.61	--	140	148540	买盘
10:47:34	10.61	--	15	15915	买盘
10:47:28	10.61	0.02	29	30769	买盘
10:47:25	10.59	-0.01	151	159909	卖盘
10:47:20	10.6	--	8	8480	买盘
10:47:14	10.6	-0.01	77	81620	中性盘
10:47:10	10.61	--	83	88063	买盘
10:47:05	10.61	0.01	8	8488	买盘
10:46:59	10.6	-0.01	94	99640	卖盘
10:46:54	10.61	0.01	71	75331	买盘
10:46:49	10.6	--	46	48760	卖盘
10:46:44	10.6	-0.01	102	108120	卖盘
10:46:38	10.61	--	57	60477	买盘
10:46:34	10.61	--	38	40318	买盘
10:46:29	10.61	0.01	71	75331	买盘
10:46:24	10.6	--	86	91160	卖盘
10:46:19	10.6	-0.01	81	85860	卖盘
10:46:14	10.61	0.01	124	131564	买盘
10:46:09	10.6	-0.01	5	5300	卖盘
10:46:04	10.61	--	73	77453	买盘
10:45:59	10.61	0.01	168	178248	买盘
10:45:54	10.6	--	119	126140	买盘
10:45:49	10.6	--	33	34980	买盘
10:45:43	10.6	0.01	59	62540	中性盘
10:45:39	10.59	-0.01	343	363237	中性盘
10:45:34	10.6	--	22	23320	买盘
10:45:29	10.6	--	63	66780	卖盘
10:45:24	10.6	--	688	729280	买盘
10:45:14	10.6	0.01	66	69960	买盘
10:45:09	10.59	--	68	72012	买盘
10:45:04	10.59	--	8	8472	买盘
10:44:59	10.59	--	90	95310	买盘
10:44:54	10.59	--	24	25416	买盘
10:44:44	10.59	-0.01	61	64599	中性盘
10:44:39	10.6	--	31	32860	买盘
10:44:34	10.6	--	2	2120	买盘
10:44:29	10.6	--	78	82680	买盘
10:44:24	10.6	0.01	7	7420	买盘
10:44:19	10.59	-0.01	1	1059	中性盘
10:44:14	10.6	0.02	111	117660	买盘
10:44:09	10.58	-0.02	2	2116	卖盘
10:44:04	10.6	--	6	6360	买盘
10:43:58	10.6	--	15	15900	买盘
10:43:54	10.6	0.02	30	31800	买盘
10:43:49	10.58	-0.01	29	30682	卖盘
10:43:39	10.59	-0.01	6	6354	中性盘
10:43:34	10.6	0.01	78	82680	买盘
10:43:28	10.59	-0.01	15	15885	卖盘
10:43:23	10.6	0.01	29	30740	买盘
10:43:19	10.59	-0.01	36	38124	卖盘
10:43:09	10.6	--	41	43460	买盘
10:43:04	10.6	0.01	4	4240	买盘
10:42:58	10.59	--	89	94251	卖盘
10:42:53	10.59	-0.01	33	34947	卖盘
10:42:49	10.6	--	29	30740	买盘
10:42:43	10.6	--	13	13780	买盘
10:42:39	10.6	--	41	43460	买盘
10:42:34	10.6	--	100	106000	买盘
10:42:28	10.6	--	9	9540	买盘
10:42:24	10.6	-0.01	30	31800	卖盘
10:42:19	10.61	--	20	21220	买盘
10:42:13	10.61	0.02	2	2122	买盘
10:42:09	10.59	-0.01	45	47655	卖盘
10:42:04	10.6	--	39	41340	买盘
10:41:53	10.6	--	13	13780	买盘
10:41:49	10.6	--	36	38160	卖盘
10:41:43	10.6	--	13	13780	买盘
10:41:39	10.6	-0.01	61	64660	卖盘
10:41:34	10.61	0.01	116	123076	买盘
10:41:23	10.6	-0.01	11	11660	买盘
10:41:19	10.61	0.01	136	144296	买盘
10:41:13	10.6	-0.01	201	213060	卖盘
10:41:07	10.61	0.01	1	1061	买盘
10:41:04	10.6	-0.01	55	58300	卖盘
10:40:59	10.61	0.01	32	33952	买盘
10:40:52	10.6	-0.01	6	6360	卖盘
10:40:49	10.61	--	47	49867	买盘
10:40:43	10.61	--	23	24403	买盘
10:40:38	10.61	0.01	2	2122	买盘
10:40:34	10.6	-0.01	14	14840	卖盘
10:40:28	10.61	--	112	118832	买盘
10:40:18	10.61	0.01	11	11671	买盘
10:40:13	10.6	--	24	25440	卖盘
10:40:08	10.6	--	38	40280	买盘
10:40:03	10.6	--	54	57240	买盘
10:39:53	10.6	--	40	42400	买盘
10:39:48	10.6	--	57	60420	买盘
10:39:38	10.6	--	9	9540	买盘
10:39:33	10.6	--	71	75260	买盘
10:39:23	10.6	--	41	43460	买盘
10:39:18	10.6	--	292	309520	买盘
10:39:07	10.6	0.01	11	11660	买盘
10:39:03	10.59	-0.01	84	88956	卖盘
10:38:53	10.6	0.01	34	36040	买盘
10:38:48	10.59	-0.01	20	21180	卖盘
10:38:43	10.6	--	69	73140	买盘
10:38:37	10.6	0.01	140	148400	买盘
10:38:33	10.59	--	31	32829	卖盘
10:38:28	10.59	-0.01	76	80484	卖盘
10:38:23	10.6	--	94	99640	买盘
10:38:18	10.6	--	200	212000	买盘
10:38:13	10.6	0.01	37	39220	买盘
10:38:07	10.59	--	214	226626	买盘
10:38:03	10.59	0.02	1	1059	买盘
10:37:58	10.57	--	67	70819	卖盘
10:37:53	10.57	--	118	124726	买盘
10:37:47	10.57	-0.02	5	5285	买盘
10:37:43	10.59	--	0	0	买盘
10:37:37	10.59	--	37	39183	买盘
10:37:33	10.59	--	28	29652	买盘
10:37:23	10.59	--	0	0	买盘
10:37:18	10.59	0.03	137	145305	买盘
10:37:12	10.56	--	1	1056	买盘
10:37:07	10.56	-0.03	131	139170	卖盘
10:37:03	10.59	--	1	1059	买盘
10:36:58	10.59	0.01	62	65658	买盘
10:36:53	10.58	--	19	20102	买盘
10:36:43	10.58	--	8	8464	买盘
10:36:37	10.58	0.01	62	65596	买盘
10:36:28	10.57	-0.02	42	44394	卖盘
10:36:18	10.59	0.01	48	50832	买盘
10:36:13	10.58	--	6	6348	买盘
10:36:07	10.58	--	51	53958	买盘
10:36:03	10.58	--	44	46552	买盘
10:35:58	10.58	--	29	30682	买盘
10:35:48	10.58	-0.01	223	235934	卖盘
10:35:43	10.59	--	1	1059	买盘
10:35:33	10.59	--	55	58245	买盘
10:35:28	10.59	--	115	121785	买盘
10:35:22	10.59	--	1	1059	买盘
10:35:18	10.59	--	35	37065	买盘
10:35:13	10.59	--	27	28593	买盘
10:35:07	10.59	--	5	5295	买盘
10:35:02	10.59	--	138	146142	买盘
10:34:58	10.59	--	6	6354	买盘
10:34:52	10.59	--	2	2118	买盘
10:34:47	10.59	-0.01	22	23298	中性盘
10:34:42	10.6	-0.01	30	31800	中性盘
10:34:32	10.61	0.01	13	13793	买盘
10:34:28	10.6	0.01	70	74200	买盘
10:34:22	10.59	-0.01	5	5295	卖盘
10:34:17	10.6	0.04	62	66313	买盘
10:34:13	10.56	-0.01	200	211200	卖盘
10:34:07	10.57	--	29	30653	买盘
10:34:02	10.57	-0.02	289	305473	卖盘
10:33:46	10.59	0.01	65	68835	买盘
10:33:42	10.58	-0.01	165	174570	卖盘
10:33:32	10.59	--	52	55068	买盘
10:33:27	10.59	-0.01	88	93192	卖盘
10:33:22	10.6	--	21	22260	买盘
10:33:16	10.6	-0.01	14	14840	中性盘
10:33:12	10.61	--	240	254640	买盘
10:33:07	10.61	--	104	110344	买盘
10:33:01	10.61	--	4	4244	买盘
10:32:57	10.61	0.01	13	13793	买盘
10:32:52	10.6	--	13	13780	卖盘
10:32:47	10.6	--	282	298920	买盘
10:32:41	10.6	0.01	65	68900	买盘
10:32:37	10.59	-0.01	1	1059	卖盘
10:32:32	10.6	0.01	56	59360	买盘
10:32:27	10.59	0.01	165	174735	买盘
10:32:22	10.58	--	156	165048	买盘
10:32:17	10.58	--	87	92046	买盘
10:32:12	10.58	--	21	22218	买盘
10:32:07	10.58	0.02	529	559682	买盘
10:32:02	10.56	-0.02	108	114048	卖盘
10:31:57	10.58	0.02	2	2116	买盘
10:31:52	10.56	-0.02	4	4224	卖盘
10:31:47	10.58	0.01	89	94162	买盘
10:31:42	10.57	-0.01	89	94073	卖盘
10:31:31	10.58	--	127	134366	买盘
10:31:27	10.58	--	32	33856	买盘
10:31:22	10.58	--	12	12696	买盘
10:31:17	10.58	--	28	29624	买盘
10:31:12	10.58	--	29	30682	买盘
10:31:07	10.58	--	20	21160	买盘
10:31:01	10.58	--	28	29624	买盘
10:30:57	10.58	--	11	11638	买盘
10:30:52	10.58	--	39	41262	买盘
10:30:42	10.58	--	53	56074	买盘
10:30:37	10.58	--	29	30682	买盘
10:30:31	10.58	--	20	21160	买盘
10:30:27	10.58	-0.01	114	120612	卖盘
10:30:22	10.59	--	3	3177	买盘
10:30:12	10.59	-0.01	25	26475	卖盘
10:30:07	10.6	0.01	14	14840	买盘
10:30:01	10.59	--	3	3177	卖盘
10:29:57	10.59	0.01	26	27534	中性盘
10:29:52	10.58	-0.02	26	27508	卖盘
10:29:46	10.6	--	18	19080	买盘
10:29:42	10.6	0.02	53	56180	买盘
10:29:37	10.58	--	31	32798	卖盘
10:29:31	10.58	--	74	78292	买盘
10:29:26	10.58	-0.02	13	13754	卖盘
10:29:22	10.6	--	59	62540	买盘
10:29:16	10.6	0.02	1	1060	买盘
10:29:12	10.58	-0.02	3	3174	卖盘
10:29:07	10.6	0.02	63	66780	买盘
10:29:01	10.58	-0.01	8	8464	卖盘
10:28:56	10.59	--	3	3177	买盘
10:28:52	10.59	-0.02	89	94251	卖盘
10:28:46	10.61	--	29	30769	买盘
10:28:41	10.61	0.01	19	20159	买盘
10:28:37	10.6	--	67	71020	卖盘
10:28:31	10.6	--	20	21200	卖盘
10:28:25	10.6	--	91	96460	卖盘
10:28:21	10.6	--	5	5300	卖盘
10:28:16	10.6	--	2	2120	买盘
10:28:11	10.6	--	47	49820	买盘
10:28:07	10.6	--	12	12720	买盘
10:27:55	10.6	0.01	13	13780	中性盘
10:27:52	10.59	-0.03	64	67776	卖盘
10:27:46	10.62	0.02	37	39294	买盘
10:27:40	10.6	--	12	12720	卖盘
10:27:37	10.6	--	37	39220	卖盘
10:27:31	10.6	-0.02	49	51940	卖盘
10:27:26	10.62	--	136	144432	买盘
10:27:20	10.62	0.02	12	12743	买盘
10:27:16	10.6	--	25	26500	卖盘
10:27:10	10.6	-0.02	88	93280	卖盘
10:27:06	10.62	0.02	63	66906	买盘
10:27:01	10.6	-0.01	60	63600	卖盘
10:26:55	10.61	--	6	6366	买盘
10:26:51	10.61	-0.02	49	51989	卖盘
10:26:46	10.63	--	0	0	买盘
10:26:41	10.63	0.01	28	29764	买盘
10:26:35	10.62	-0.01	8	8496	卖盘
10:26:31	10.63	--	32	34016	买盘
10:26:25	10.63	--	23	24449	买盘
10:26:21	10.63	0.01	94	99922	买盘
10:26:16	10.62	-0.01	8	8496	卖盘
10:26:11	10.63	--	77	81851	买盘
10:26:06	10.63	-0.01	6	6378	中性盘
10:26:01	10.64	--	317	337288	买盘
10:25:56	10.64	0.02	92	97888	买盘
10:25:50	10.62	-0.03	97	103013	卖盘
10:25:46	10.65	0.01	72	76680	买盘
10:25:41	10.64	-0.01	69	73416	中性盘
10:25:36	10.65	0.01	72	76680	买盘
10:25:31	10.64	-0.01	310	329840	卖盘
10:25:25	10.65	0.01	25	26625	买盘
10:25:21	10.64	0.01	155	164920	买盘
10:25:16	10.63	-0.01	5	5315	卖盘
10:25:11	10.64	-0.01	83	88312	卖盘
10:25:06	10.65	0.02	12	12780	买盘
10:25:01	10.63	-0.02	22	23386	卖盘
10:24:55	10.65	0.01	119	126735	买盘
10:24:50	10.64	0.02	64	68096	中性盘
10:24:46	10.62	--	14	14867	卖盘
10:24:41	10.62	--	79	83898	卖盘
10:24:36	10.62	-0.01	247	262314	卖盘
10:24:31	10.63	--	49	52087	买盘
10:24:25	10.63	--	244	259372	卖盘
10:24:21	10.63	--	85	90355	卖盘
10:24:16	10.63	0.01	1035	1100205	买盘
10:24:10	10.62	-0.01	46	48852	卖盘
10:24:05	10.63	--	5	5315	买盘
10:24:01	10.63	0.02	84	89292	买盘
10:23:55	10.61	--	143	151723	卖盘
10:23:50	10.61	-0.01	25	26525	卖盘
10:23:46	10.62	0.01	74	78588	买盘
10:23:40	10.61	--	73	77453	买盘
10:23:36	10.61	-0.01	156	165516	中性盘
10:23:30	10.62	-0.01	19	20178	买盘
10:23:25	10.63	--	0	0	买盘
10:23:21	10.63	0.01	148	157324	买盘
10:23:16	10.62	--	13	13805	买盘
10:23:10	10.62	-0.01	31	32922	买盘
10:23:06	10.63	0.01	49	52087	买盘
10:23:01	10.62	-0.01	67	71154	中性盘
10:22:55	10.63	--	0	0	买盘
10:22:51	10.63	0.03	38	40394	买盘
10:22:46	10.6	-0.04	96	101760	卖盘
10:22:40	10.64	--	21	22344	买盘
10:22:36	10.64	-0.01	73	77672	买盘
10:22:31	10.65	--	26	27690	买盘
10:22:25	10.65	0.04	81	86265	买盘
10:22:21	10.61	-0.04	170	180370	卖盘
10:22:16	10.65	--	97	103305	买盘
10:22:10	10.65	--	122	129930	买盘
10:22:04	10.65	--	62	66030	买盘
10:22:01	10.65	0.01	360	383400	买盘
10:21:55	10.64	0.03	64	68096	买盘
10:21:49	10.61	-0.03	34	36074	中性盘
10:21:46	10.64	0.05	806	857584	买盘
10:21:40	10.59	-0.01	25	26475	卖盘
10:21:35	10.6	0.01	1510	1600600	买盘
10:21:31	10.59	--	387	409833	买盘
10:21:20	10.59	0.01	134	141906	买盘
10:21:16	10.58	--	175	185150	买盘
10:21:10	10.58	0.01	35	37030	买盘
10:21:05	10.57	-0.01	563	595091	中性盘
10:21:00	10.58	0.01	447	473613	买盘
10:20:55	10.57	--	379	400603	买盘
10:20:49	10.57	0.02	239	252623	买盘
10:20:45	10.55	-0.01	273	288015	卖盘
10:20:40	10.56	--	6	6336	买盘
10:20:35	10.56	--	318	335808	买盘
10:20:30	10.56	--	113	119328	买盘
10:20:25	10.56	0.01	179	189024	买盘
10:20:20	10.55	0.01	1007	1062385	买盘
10:20:15	10.54	--	16	16864	买盘
10:20:10	10.54	-0.01	37	38998	中性盘
10:20:04	10.55	0.03	850	896750	买盘
10:20:00	10.52	-0.02	134	140968	卖盘
10:19:55	10.54	--	12	12647	买盘
10:19:49	10.54	--	9	9486	买盘
10:19:45	10.54	--	61	64293	买盘
10:19:40	10.54	-0.01	13	13701	中性盘
10:19:34	10.55	0.01	61	64355	买盘
10:19:30	10.54	--	134	141236	卖盘
10:19:25	10.54	--	21	22134	卖盘
10:19:20	10.54	--	270	284580	卖盘
10:19:15	10.54	0.01	104	109615	买盘
10:19:10	10.53	--	32	33696	中性盘
10:19:05	10.53	-0.01	419	441207	卖盘
10:19:00	10.54	--	23	24241	买盘
10:18:55	10.54	0.01	2	2108	买盘
10:18:49	10.53	-0.01	60	63179	中性盘
10:18:45	10.54	0.01	8	8432	买盘
10:18:40	10.53	-0.02	4	4212	买盘
10:18:34	10.55	0.01	52	54860	买盘
10:18:30	10.54	--	74	77996	买盘
10:18:25	10.54	0.02	8	8432	买盘
10:18:19	10.52	0.01	204	214608	买盘
10:18:15	10.51	-0.01	56	58856	卖盘
10:18:10	10.52	0.01	41	43132	卖盘
10:18:04	10.51	-0.01	1	1051	卖盘
10:17:59	10.52	--	57	59964	买盘
10:17:55	10.52	-0.03	143	150436	卖盘
10:17:49	10.55	0.01	10	10550	买盘
10:17:44	10.54	-0.01	15	15809	中性盘
10:17:39	10.55	0.03	182	192010	买盘
10:17:34	10.52	-0.03	39	41028	卖盘
10:17:29	10.55	--	52	54860	卖盘
10:17:25	10.55	--	1210	1276550	买盘
10:17:19	10.55	--	37	39035	买盘
10:17:15	10.55	0.01	300	316500	买盘
10:17:10	10.54	--	138	145452	卖盘
10:16:59	10.54	--	90	94859	卖盘
10:16:55	10.54	-0.01	34	35836	卖盘
10:16:49	10.55	--	3	3165	买盘
10:16:45	10.55	0.01	36	37980	买盘
10:16:40	10.54	--	8	8432	卖盘
10:16:34	10.54	0.05	24	25295	买盘
10:16:29	10.49	-0.04	348	365052	卖盘
10:16:25	10.53	0.01	66	69498	买盘
10:16:19	10.52	--	34	35768	卖盘
10:16:15	10.52	--	239	251428	卖盘
10:16:10	10.52	-0.01	8	8416	卖盘
10:16:04	10.53	--	4	4212	买盘
10:15:59	10.53	0.01	4	4212	买盘
10:15:55	10.52	-0.01	10	10520	卖盘
10:15:49	10.53	--	66	69498	买盘
10:15:44	10.53	--	2592	2729376	卖盘
10:15:40	10.53	--	50	52650	卖盘
10:15:34	10.53	-0.01	60	63179	卖盘
10:15:28	10.54	0.01	55	57969	买盘
10:15:24	10.53	-0.01	55	57915	卖盘
10:15:19	10.54	0.02	30	31619	买盘
10:15:14	10.52	-0.01	97	102044	卖盘
10:15:10	10.53	-0.02	46	48438	卖盘
10:15:04	10.55	--	14	14770	买盘
10:14:59	10.55	--	351	370305	买盘
10:14:55	10.55	--	44	46420	买盘
10:14:49	10.55	--	90	94950	买盘
10:14:44	10.55	--	81	85455	买盘
10:14:39	10.55	--	108	113940	买盘
10:14:34	10.55	--	29	30595	买盘
10:14:29	10.55	0.01	103	108665	买盘
10:14:24	10.54	-0.01	31	32673	中性盘
10:14:19	10.55	0.05	141	148755	买盘
10:14:09	10.5	-0.01	157	164850	卖盘
10:14:04	10.51	-0.03	21	22071	卖盘
10:13:58	10.54	0.05	3014	3176755	买盘
10:13:54	10.49	--	79	82871	买盘
10:13:49	10.49	--	3	3147	买盘
10:13:43	10.49	--	137	143713	买盘
10:13:39	10.49	--	20	20980	买盘
10:13:34	10.49	0.01	7	7343	买盘
10:13:29	10.48	-0.01	12	12576	卖盘
10:13:24	10.49	--	80	83920	买盘
10:13:19	10.49	0.01	3	3147	买盘
10:13:13	10.48	--	17	17816	卖盘
10:13:09	10.48	-0.01	18	18864	卖盘
10:13:04	10.49	0.01	29	30421	买盘
10:12:58	10.48	--	61	63928	买盘
10:12:54	10.48	-0.01	10	10480	卖盘
10:12:49	10.49	--	31	32519	买盘
10:12:43	10.49	--	205	215045	买盘
10:12:39	10.49	--	12	12588	买盘
10:12:34	10.49	--	67	70283	卖盘
10:12:28	10.49	-0.01	10	10490	中性盘
10:12:24	10.5	0.01	45	47250	买盘
10:12:19	10.49	--	5	5245	买盘
10:12:14	10.49	--	23	24127	买盘
10:12:09	10.49	--	79	82871	买盘
10:12:03	10.49	--	0	0	买盘
10:11:59	10.49	--	59	61891	买盘
10:11:54	10.49	0.01	126	132174	买盘
10:11:49	10.48	--	3	3144	买盘
10:11:44	10.48	0.02	22	23056	买盘
10:11:38	10.46	-0.01	81	84726	卖盘
10:11:28	10.47	0.01	107	112029	买盘
10:11:24	10.46	--	88	92048	买盘
10:11:19	10.46	--	45	47070	买盘
10:11:13	10.46	--	32	33472	买盘
10:11:08	10.46	--	87	91002	买盘
10:11:04	10.46	0.01	226	236396	买盘
10:10:58	10.45	--	80	83600	买盘
10:10:54	10.45	--	72	75240	买盘
10:10:49	10.45	--	26	27169	买盘
10:10:43	10.45	0.01	41	42845	买盘
10:10:39	10.44	-0.01	28	29232	买盘
10:10:34	10.45	--	22	22990	买盘
10:10:28	10.45	0.02	3	3135	买盘
10:10:23	10.43	-0.02	8	8344	卖盘
10:10:19	10.45	0.02	55	57474	买盘
10:10:13	10.43	-0.01	56	58408	卖盘
10:10:09	10.44	-0.01	36	37584	中性盘
10:10:03	10.45	0.01	242	252889	买盘
10:09:58	10.44	--	8	8352	买盘
10:09:54	10.44	--	44	45936	买盘
10:09:49	10.44	0.02	11	11484	买盘
10:09:43	10.42	--	0	0	卖盘
10:09:38	10.42	--	84	87528	卖盘
10:09:33	10.42	-0.01	84	87528	卖盘
10:09:28	10.43	--	15	15645	买盘
10:09:22	10.43	-0.01	9	9387	卖盘
10:09:19	10.44	--	8	8352	买盘
10:09:13	10.44	--	74	77256	卖盘
10:09:08	10.44	-0.01	1	1044	卖盘
10:09:04	10.45	0.01	36	37620	买盘
10:08:58	10.44	-0.01	5	5220	买盘
10:08:53	10.45	--	25	26125	买盘
10:08:49	10.45	0.01	11	11495	买盘
10:08:38	10.44	--	23	24012	买盘
10:08:33	10.44	0.03	52	54288	买盘
10:08:28	10.41	-0.01	129	134289	卖盘
10:08:22	10.42	0.02	10	10420	买盘
10:08:18	10.4	-0.01	104	108160	卖盘
10:08:07	10.41	0.01	22	22902	买盘
10:08:03	10.4	-0.01	250	260000	卖盘
10:07:58	10.41	--	3	3123	卖盘
10:07:52	10.41	-0.01	50	52050	卖盘
10:07:48	10.42	--	32	33344	买盘
10:07:43	10.42	--	35	36470	卖盘
10:07:38	10.42	-0.01	165	171930	卖盘
10:07:33	10.43	--	35	36505	卖盘
10:07:28	10.43	--	37	38591	卖盘
10:07:23	10.43	-0.01	153	159579	卖盘
10:07:18	10.44	-0.01	5	5220	中性盘
10:07:13	10.45	0.02	12	12540	买盘
10:07:07	10.43	-0.02	50	52150	卖盘
10:07:03	10.45	--	30	31349	买盘
10:06:58	10.45	0.01	32	33440	买盘
10:06:52	10.44	--	29	30276	买盘
10:06:48	10.44	--	150	156600	卖盘
10:06:43	10.44	--	81	84564	卖盘
10:06:38	10.44	--	77	80388	卖盘
10:06:33	10.44	-0.01	35	36540	卖盘
10:06:28	10.45	--	3	3135	买盘
10:06:22	10.45	--	48	50160	买盘
10:06:18	10.45	--	143	149435	卖盘
10:06:13	10.45	-0.01	2	2090	卖盘
10:06:08	10.46	0.01	96	100416	买盘
10:06:03	10.45	-0.01	71	74195	卖盘
10:05:58	10.46	--	4	4184	买盘
10:05:53	10.46	-0.02	199	208154	卖盘
10:05:48	10.48	0.01	45	47160	买盘
10:05:42	10.47	--	102	106794	卖盘
10:05:37	10.47	--	162	169614	卖盘
10:05:33	10.47	--	164	171708	买盘
10:05:28	10.47	-0.02	27	28269	卖盘
10:05:22	10.49	0.02	49	51401	买盘
10:05:18	10.47	-0.02	8	8376	卖盘
10:05:13	10.49	--	14	14686	买盘
10:05:07	10.49	--	11	11539	买盘
10:05:03	10.49	--	66	69234	买盘
10:04:58	10.49	--	51	53499	买盘
10:04:48	10.49	--	27	28323	买盘
10:04:43	10.49	--	170	178330	买盘
10:04:37	10.49	0.02	29	30421	买盘
10:04:33	10.47	-0.02	63	65961	中性盘
10:04:28	10.49	--	97	101753	买盘
10:04:22	10.49	--	29	30421	买盘
10:04:18	10.49	--	126	132174	买盘
10:04:12	10.49	0.02	138	144762	买盘
10:04:07	10.47	-0.02	4	4188	卖盘
10:04:03	10.49	--	92	96508	买盘
10:03:58	10.49	-0.01	39	40911	中性盘
10:03:52	10.5	--	119	124950	买盘
10:03:48	10.5	--	71	74550	买盘
10:03:43	10.5	0.04	158	165900	买盘
10:03:37	10.46	-0.04	342	357732	卖盘
10:03:33	10.5	0.04	149	156450	买盘
10:03:28	10.46	-0.04	79	82634	卖盘
10:03:22	10.5	--	6	6300	买盘
10:03:17	10.5	0.03	150	157500	买盘
10:03:13	10.47	-0.02	43	45021	卖盘
10:03:07	10.49	-0.01	1	1049	卖盘
10:03:02	10.5	--	29	30450	买盘
10:02:58	10.5	0.03	49	51450	买盘
10:02:52	10.47	-0.03	5	5235	卖盘
10:02:46	10.5	0.03	55	57750	买盘
10:02:43	10.47	0.02	35	36645	买盘
10:02:37	10.45	-0.05	53	55384	卖盘
10:02:32	10.5	--	275	288750	买盘
10:02:28	10.5	0.05	17	17850	买盘
10:02:22	10.45	-0.01	4	4180	卖盘
10:02:17	10.46	-0.01	418	437228	中性盘
10:02:12	10.47	-0.03	16	16752	中性盘
10:02:07	10.5	--	48	50400	买盘
10:02:02	10.5	0.04	57	59850	买盘
10:01:57	10.46	-0.04	77	80542	卖盘
10:01:52	10.5	0.03	14	14700	买盘
10:01:47	10.47	-0.01	59	61773	买盘
10:01:42	10.48	--	31	32488	买盘
10:01:37	10.48	0.01	56	58688	买盘
10:01:32	10.47	-0.01	63	65961	卖盘
10:01:27	10.48	0.01	143	149864	买盘
10:01:17	10.47	0.02	20	20940	买盘
10:01:12	10.45	-0.03	171	178695	卖盘
10:01:07	10.48	--	10	10480	买盘
10:01:01	10.48	-0.01	27	28296	卖盘
10:00:57	10.49	--	49	51401	买盘
10:00:52	10.49	-0.01	6	6294	卖盘
10:00:46	10.5	0.01	68	71400	买盘
10:00:42	10.49	0.01	85	89165	买盘
10:00:37	10.48	-0.01	78	81744	卖盘
10:00:32	10.49	--	28	29372	买盘
10:00:27	10.49	-0.01	109	114341	卖盘
10:00:22	10.5	--	16	16800	买盘
10:00:17	10.5	0.01	65	68250	买盘
10:00:12	10.49	-0.01	34	35666	卖盘
10:00:07	10.5	--	30	31500	卖盘
10:00:02	10.5	0.01	65	68250	买盘
09:59:57	10.49	-0.01	48	50352	卖盘
09:59:52	10.5	--	28	29400	买盘
09:59:47	10.5	--	62	65100	买盘
09:59:42	10.5	-0.02	108	113400	卖盘
09:59:36	10.52	0.01	35	36820	买盘
09:59:31	10.51	--	76	79876	买盘
09:59:27	10.51	--	108	113508	买盘
09:59:22	10.51	--	9	9459	买盘
09:59:17	10.51	-0.01	27	28377	中性盘
09:59:12	10.52	0.01	103	108356	买盘
09:59:07	10.51	0.01	6	6306	卖盘
09:59:01	10.5	-0.01	75	78750	卖盘
09:58:56	10.51	--	64	67264	买盘
09:58:52	10.51	0.01	102	107202	买盘
09:58:46	10.5	--	32	33600	卖盘
09:58:42	10.5	-0.01	105	110250	卖盘
09:58:37	10.51	--	100	105100	买盘
09:58:31	10.51	--	134	140834	买盘
09:58:26	10.51	--	228	239628	卖盘
09:58:22	10.51	-0.02	106	111406	卖盘
09:58:16	10.53	0.01	51	53703	买盘
09:58:12	10.52	-0.01	173	181996	买盘
09:58:07	10.53	--	104	109512	买盘
09:58:01	10.53	0.01	121	127412	买盘
09:57:57	10.52	-0.01	81	85212	中性盘
09:57:51	10.53	0.03	193	203229	买盘
09:57:46	10.5	-0.04	366	384300	卖盘
09:57:42	10.54	0.01	187	197097	买盘
09:57:36	10.53	--	335	352755	买盘
09:57:31	10.53	--	470	494909	买盘
09:57:27	10.53	0.03	114	120041	买盘
09:57:22	10.5	-0.03	64	67200	卖盘
09:57:16	10.53	-0.01	87	91611	卖盘
09:57:11	10.54	--	129	135966	买盘
09:57:07	10.54	0.01	134	141236	买盘
09:57:01	10.53	-0.01	48	50544	卖盘
09:56:56	10.54	0.04	211	222393	买盘
09:56:52	10.5	-0.03	277	290850	卖盘
09:56:46	10.53	--	77	81081	买盘
09:56:41	10.53	--	206	216918	买盘
09:56:37	10.53	--	21	22113	买盘
09:56:31	10.53	--	58	61073	买盘
09:56:25	10.53	--	280	294840	买盘
09:56:22	10.53	--	695	731835	买盘
09:56:16	10.53	--	19	20007	买盘
09:56:11	10.53	-0.01	120	126359	卖盘
09:56:07	10.54	0.02	119	125425	买盘
09:56:01	10.52	-0.01	40	42080	卖盘
09:55:55	10.53	--	55	57915	买盘
09:55:51	10.53	0.04	172	181116	买盘
09:55:46	10.49	-0.04	43	45107	卖盘
09:55:41	10.53	0.03	106	111618	买盘
09:55:36	10.5	-0.03	235	246750	卖盘
09:55:31	10.53	0.02	27	28431	买盘
09:55:26	10.51	0.01	201	211251	买盘
09:55:21	10.5	--	283	297150	卖盘
09:55:16	10.5	--	166	174300	卖盘
09:55:11	10.5	--	323	339150	买盘
09:55:06	10.5	0.01	75	78750	买盘
09:55:01	10.49	-0.01	39	40911	卖盘
09:54:55	10.5	0.01	221	232050	买盘
09:54:51	10.49	-0.01	50	52450	中性盘
09:54:46	10.5	--	125	131250	买盘
09:54:41	10.5	0.01	143	150150	买盘
09:54:36	10.49	-0.01	285	298965	买盘
09:54:31	10.5	--	73	76650	买盘
09:54:25	10.5	--	107	112350	买盘
09:54:21	10.5	0.01	629	660450	买盘
09:54:16	10.49	--	97	101753	卖盘
09:54:11	10.49	--	271	284279	卖盘
09:54:06	10.49	0.01	60	62940	买盘
09:54:01	10.48	-0.01	16	16768	卖盘
09:53:55	10.49	0.01	245	257005	买盘
09:53:51	10.48	--	107	112136	卖盘
09:53:46	10.48	--	26	27248	卖盘
09:53:41	10.48	--	54	56592	卖盘
09:53:36	10.48	--	223	233704	买盘
09:53:31	10.48	-0.01	19	19912	卖盘
09:53:25	10.49	0.03	32	33568	买盘
09:53:21	10.46	-0.02	122	127612	卖盘
09:53:16	10.48	-0.01	62	64976	中性盘
09:53:11	10.49	0.01	23	24127	买盘
09:53:06	10.48	0.02	91	95368	买盘
09:53:01	10.46	--	24	25104	卖盘
09:52:56	10.46	--	65	67990	卖盘
09:52:51	10.46	-0.03	21	21966	卖盘
09:52:45	10.49	0.02	236	247564	买盘
09:52:40	10.47	-0.02	33	34551	卖盘
09:52:36	10.49	--	77	80773	买盘
09:52:31	10.49	0.03	490	514010	买盘
09:52:25	10.46	--	35	36610	卖盘
09:52:21	10.46	-0.03	18	18828	卖盘
09:52:16	10.49	0.04	10	10490	买盘
09:52:10	10.45	-0.04	5	5225	卖盘
09:52:06	10.49	0.03	159	166791	买盘
09:52:01	10.46	0.02	21	21966	中性盘
09:51:55	10.44	--	29	30276	卖盘
09:51:51	10.44	--	614	641016	买盘
09:51:46	10.44	--	119	124236	卖盘
09:51:40	10.44	-0.01	118	123192	卖盘
09:51:36	10.45	0.01	113	118084	买盘
09:51:31	10.44	--	183	191052	卖盘
09:51:25	10.44	--	83	86652	卖盘
09:51:21	10.44	--	126	131544	卖盘
09:51:16	10.44	-0.02	6	6264	卖盘
09:51:10	10.46	--	71	74266	买盘
09:51:06	10.46	-0.04	209	218614	卖盘
09:51:01	10.5	--	6	6300	买盘
09:50:55	10.5	0.02	287	301350	买盘
09:50:51	10.48	-0.03	50	52400	卖盘
09:50:46	10.51	-0.01	591	621141	买盘
09:50:40	10.52	0.02	598	629096	买盘
09:50:35	10.5	-0.02	348	365400	卖盘
09:50:31	10.52	--	51	53652	卖盘
09:50:25	10.52	--	92	96784	卖盘
09:50:20	10.52	-0.01	410	431320	卖盘
09:50:16	10.53	--	392	412776	买盘
09:50:10	10.53	--	35	36855	买盘
09:50:05	10.53	-0.01	100	105300	卖盘
09:50:01	10.54	--	47	49537	买盘
09:49:55	10.54	--	67	70618	卖盘
09:49:50	10.54	-0.01	75	79050	卖盘
09:49:45	10.55	--	162	170910	买盘
09:49:40	10.55	0.01	84	88620	买盘
09:49:34	10.54	0.01	46	48483	买盘
09:49:30	10.53	-0.01	451	474903	卖盘
09:49:25	10.54	--	5	5270	买盘
09:49:19	10.54	-0.01	171	180233	卖盘
09:49:15	10.55	0.02	74	78070	买盘
09:49:10	10.53	-0.01	32	33696	卖盘
09:49:05	10.54	0.01	432	455327	买盘
09:49:00	10.53	-0.01	95	100035	卖盘
09:48:55	10.54	0.01	62	65347	买盘
09:48:49	10.53	--	227	239031	买盘
09:48:45	10.53	--	25	26325	买盘
09:48:40	10.53	-0.01	14	14742	中性盘
09:48:35	10.54	0.01	309	325686	买盘
09:48:30	10.53	--	71	74763	卖盘
09:48:25	10.53	--	129	135837	卖盘
09:48:20	10.53	0.03	281	295893	买盘
09:48:15	10.5	--	211	221550	卖盘
09:48:10	10.5	--	75	78750	卖盘
09:48:05	10.5	--	74	77700	卖盘
09:48:00	10.5	0.02	211	221550	买盘
09:47:55	10.48	-0.02	24	25152	卖盘
09:47:50	10.5	--	98	102900	买盘
09:47:45	10.5	--	23	24150	买盘
09:47:40	10.5	--	55	57750	买盘
09:47:35	10.5	--	101	106050	卖盘
09:47:30	10.5	-0.02	357	374850	卖盘
09:47:25	10.52	0.01	85	89420	买盘
09:47:20	10.51	-0.04	134	140834	卖盘
09:47:15	10.55	0.01	391	412505	买盘
09:47:10	10.54	-0.01	50	52699	买盘
09:47:05	10.55	0.01	264	278520	买盘
09:47:00	10.54	-0.01	145	152830	中性盘
09:46:55	10.55	--	164	173020	买盘
09:46:50	10.55	0.01	123	129765	买盘
09:46:45	10.54	-0.02	126	132804	卖盘
09:46:40	10.56	0.01	50	52800	买盘
09:46:35	10.55	0.05	293	309115	买盘
09:46:29	10.5	--	85	89250	买盘
09:46:25	10.5	0.01	275	288750	买盘
09:46:19	10.49	-0.01	23	24127	中性盘
09:46:15	10.5	0.07	148	155400	买盘
09:46:10	10.43	-0.02	342	356706	卖盘
09:46:04	10.45	-0.05	51	53295	卖盘
09:45:59	10.5	0.07	49	51450	买盘
09:45:54	10.43	--	1281	1336083	买盘
09:45:49	10.43	0.02	6	6258	买盘
09:45:45	10.41	-0.02	190	197790	卖盘
09:45:39	10.43	0.02	277	288911	买盘
09:45:29	10.41	0.05	42	43722	中性盘
09:45:25	10.36	-0.07	50	51800	卖盘
09:45:19	10.43	--	0	0	买盘
09:45:15	10.43	0.06	1046	1090978	买盘
09:45:10	10.37	--	154	159698	卖盘
09:45:04	10.37	-0.01	94	97477	卖盘
09:45:00	10.38	--	13	13494	买盘
09:44:54	10.38	0.02	62	64356	买盘
09:44:49	10.36	-0.02	76	78736	卖盘
09:44:45	10.38	0.01	229	237702	买盘
09:44:40	10.37	--	48	49775	买盘
09:44:29	10.37	0.01	105	108884	买盘
09:44:25	10.36	--	129	133644	买盘
09:44:19	10.36	-0.02	6	6216	中性盘
09:44:13	10.38	0.03	109	113142	买盘
09:44:10	10.35	-0.01	114	118445	卖盘
09:44:04	10.36	--	34	35224	买盘
09:43:59	10.36	--	145	150220	买盘
09:43:54	10.36	0.01	103	106708	买盘
09:43:49	10.35	0.01	4	4140	买盘
09:43:44	10.34	-0.03	196	202684	卖盘
09:43:40	10.37	0.03	258	268562	买盘
09:43:34	10.34	-0.01	161	166474	卖盘
09:43:28	10.35	-0.01	33	34155	中性盘
09:43:25	10.36	0.02	5	5180	中性盘
09:43:19	10.34	-0.01	21	21714	卖盘
09:43:13	10.35	-0.01	46	47610	中性盘
09:43:09	10.36	--	69	71484	买盘
09:43:04	10.36	0.02	46	47656	买盘
09:42:58	10.34	-0.03	15	15510	中性盘
09:42:54	10.37	0.01	174	180438	买盘
09:42:49	10.36	0.03	221	228956	买盘
09:42:43	10.33	-0.01	11	11363	卖盘
09:42:39	10.34	--	542	560428	买盘
09:42:34	10.34	--	20	20680	买盘
09:42:29	10.34	--	81	83754	买盘
09:42:24	10.34	0.02	157	162338	买盘
09:42:19	10.32	-0.02	13	13416	中性盘
09:42:14	10.34	--	419	433246	买盘
09:42:08	10.34	--	242	250228	买盘
09:42:04	10.34	--	100	103400	买盘
09:41:58	10.34	--	181	187154	卖盘
09:41:54	10.34	--	20	20680	买盘
09:41:49	10.34	--	4	4136	买盘
09:41:43	10.34	0.03	437	451858	买盘
09:41:39	10.31	-0.01	48	49488	卖盘
09:41:34	10.32	0.01	45	46440	买盘
09:41:28	10.31	--	146	150526	卖盘
09:41:24	10.31	--	20	20620	卖盘
09:41:19	10.31	0.01	26	26806	买盘
09:41:13	10.3	--	14	14420	卖盘
09:41:09	10.3	0.03	408	420240	买盘
09:41:04	10.27	0.01	18	18486	卖盘
09:40:59	10.26	0.01	280	287280	买盘
09:40:54	10.25	0.01	30	30750	买盘
09:40:49	10.24	--	36	36864	卖盘
09:40:44	10.24	-0.01	50	51200	卖盘
09:40:39	10.25	--	37	37925	买盘
09:40:34	10.25	--	3	3075	买盘
09:40:29	10.25	-0.04	151	154775	卖盘
09:40:24	10.29	--	127	130682	买盘
09:40:19	10.29	--	12	12347	买盘
09:40:14	10.29	--	32	32928	卖盘
09:40:09	10.29	0.04	326	335454	买盘
09:40:04	10.25	-0.05	87	89175	卖盘
09:39:58	10.3	--	0	0	买盘
09:39:54	10.3	0.01	308	317240	买盘
09:39:48	10.29	-0.01	24	24695	中性盘
09:39:43	10.3	0.01	128	131840	买盘
09:39:39	10.29	-0.01	259	266511	卖盘
09:39:33	10.3	-0.01	287	295610	卖盘
09:39:28	10.31	0.01	8	8248	买盘
09:39:23	10.3	--	84	86520	卖盘
09:39:19	10.3	-0.01	119	122570	卖盘
09:39:13	10.31	0.01	8	8248	买盘
09:39:09	10.3	--	51	52530	买盘
09:39:04	10.3	0.01	358	368740	买盘
09:38:54	10.29	--	8	8232	卖盘
09:38:49	10.29	0.04	73	75117	买盘
09:38:39	10.25	0.01	228	233700	买盘
09:38:34	10.24	0.01	192	196608	买盘
09:38:28	10.23	--	128	130944	卖盘
09:38:24	10.23	0.03	23	23529	卖盘
09:38:19	10.2	-0.04	120	122399	卖盘
09:38:13	10.24	0.01	85	87040	买盘
09:38:08	10.23	0.03	87	89001	买盘
09:38:04	10.2	-0.03	41	41820	卖盘
09:37:58	10.23	--	0	0	买盘
09:37:53	10.23	0.03	32	32736	买盘
09:37:49	10.2	--	11	11220	卖盘
09:37:43	10.2	0.01	33	33660	买盘
09:37:38	10.19	-0.01	1238	1261522	卖盘
09:37:34	10.2	--	523	533460	买盘
09:37:28	10.2	0.01	300	306000	买盘
09:37:22	10.19	-0.01	52	52988	卖盘
09:37:19	10.2	0.01	311	317220	买盘
09:37:13	10.19	--	100	101900	卖盘
09:37:07	10.19	--	114	116166	买盘
09:37:03	10.19	0.01	251	255769	买盘
09:36:58	10.18	--	6	6108	卖盘
09:36:52	10.18	--	31	31558	卖盘
09:36:48	10.18	-0.01	181	184258	卖盘
09:36:43	10.19	--	3	3057	买盘
09:36:38	10.19	0.01	48	48912	中性盘
09:36:33	10.18	0.02	61	62098	卖盘
09:36:28	10.16	-0.02	516	524256	卖盘
09:36:23	10.18	--	5	5090	卖盘
09:36:18	10.18	0.01	113	115034	买盘
09:36:13	10.17	0.02	69	70173	买盘
09:36:08	10.15	-0.02	125	126875	卖盘
09:36:03	10.17	0.02	365	371205	买盘
09:35:58	10.15	0.01	3	3045	卖盘
09:35:52	10.14	--	353	357942	卖盘
09:35:48	10.14	--	104	105456	卖盘
09:35:43	10.14	-0.01	113	114582	卖盘
09:35:37	10.15	0.04	51	51765	买盘
09:35:33	10.11	-0.03	416	420576	卖盘
09:35:28	10.14	0.02	194	196716	买盘
09:35:22	10.12	--	61	61731	买盘
09:35:18	10.12	0.02	223	225675	中性盘
09:35:13	10.1	-0.01	514	519140	卖盘
09:35:08	10.11	-0.03	829	838119	卖盘
09:35:03	10.14	0.02	59	59826	中性盘
09:34:58	10.12	--	8	8095	卖盘
09:34:53	10.12	0.01	321	324852	卖盘
09:34:48	10.11	0.01	58	58638	卖盘
09:34:43	10.1	-0.02	221	223523	卖盘
09:34:38	10.12	--	22	22264	卖盘
09:34:33	10.12	0.02	116	117391	中性盘
09:34:27	10.1	-0.08	506	511060	卖盘
09:34:23	10.18	--	163	165934	买盘
09:34:18	10.18	-0.01	702	714636	卖盘
09:34:13	10.19	--	104	105976	卖盘
09:34:08	10.19	-0.01	72	73368	卖盘
09:34:03	10.2	--	251	256019	买盘
09:33:57	10.2	0.01	20	20400	买盘
09:33:52	10.19	-0.07	799	814181	卖盘
09:33:48	10.26	--	158	162108	卖盘
09:33:43	10.26	--	27	27702	卖盘
09:33:37	10.26	--	0	0	卖盘
09:33:32	10.26	-0.02	89	91314	卖盘
09:33:27	10.28	--	11	11308	买盘
09:33:17	10.28	-0.03	1	1028	买盘
09:33:07	10.31	0.02	335	345385	买盘
09:33:03	10.29	--	80	82320	卖盘
09:32:57	10.29	--	38	39102	卖盘
09:32:52	10.29	-0.01	2	2058	卖盘
09:32:48	10.3	--	64	65920	买盘
09:32:43	10.3	--	43	44290	买盘
09:32:37	10.3	--	6	6180	买盘
09:32:33	10.3	-0.02	321	330630	卖盘
09:32:28	10.32	--	55	56760	买盘
09:32:22	10.32	0.01	51	52632	买盘
09:32:17	10.31	-0.01	16	16496	卖盘
09:32:13	10.32	--	21	21672	卖盘
09:32:07	10.32	--	1	1032	卖盘
09:32:03	10.32	0.02	340	350880	买盘
09:31:58	10.3	-0.01	212	218360	卖盘
09:31:52	10.31	--	64	65984	卖盘
09:31:46	10.31	--	8	8248	卖盘
09:31:43	10.31	--	166	171146	卖盘
09:31:37	10.31	--	54	55674	卖盘
09:31:31	10.31	--	28	28868	卖盘
09:31:27	10.31	0.01	163	168053	买盘
09:31:22	10.3	-0.01	189	194670	卖盘
09:31:17	10.31	--	70	72170	买盘
09:31:12	10.31	0.01	42	43302	中性盘
09:31:07	10.3	--	15	15450	卖盘
09:31:02	10.3	-0.03	280	288400	卖盘
09:30:57	10.33	-0.02	22	22726	中性盘
09:30:52	10.35	0.05	20	20700	买盘
09:30:46	10.3	--	35	36050	买盘
09:30:42	10.3	-0.04	55	56650	卖盘
09:30:37	10.34	-0.03	1	1034	卖盘
09:30:31	10.37	0.06	475	492574	买盘
09:30:27	10.31	-0.03	344	354664	卖盘
09:30:22	10.34	--	4	4136	买盘
09:30:16	10.34	--	4	4136	买盘
09:30:12	10.34	--	53	54802	买盘
09:30:07	10.34	0.01	2283	2360622	买盘
09:30:02	10.33	0.03	352	363616	买盘
09:28:46	10.3	--	0	0	卖盘
09:25:04	10.3	10.3	467	481010	买盘
