成交时间	成交价	价格变动	成交量(手)	成交额(元)	性质
15:00:00	8.26	--	0	0	买盘
15:00:00	8.26	0.01	1	826	买盘
14:59:59	8.25	--	122	100650	卖盘
14:59:53	8.25	-0.01	104	85800	卖盘
14:59:49	8.26	0.01	63	52038	买盘
14:59:44	8.25	-0.01	139	114675	卖盘
14:59:38	8.26	--	36	29736	卖盘
14:59:34	8.26	--	59	48734	卖盘
14:59:29	8.26	--	49	40474	卖盘
14:59:23	8.26	0.01	390	322140	中性盘
14:59:19	8.25	0.01	157	129525	买盘
14:59:14	8.24	-0.02	150	123600	卖盘
14:59:08	8.26	--	266	219716	买盘
14:59:04	8.26	--	30	24780	买盘
14:58:59	8.26	0.01	15	12390	买盘
14:58:53	8.25	--	1049	865425	买盘
14:58:49	8.25	--	25	20625	买盘
14:58:44	8.25	0.01	266	219450	买盘
14:58:38	8.24	-0.01	30	24720	卖盘
14:58:34	8.25	--	10	8250	买盘
14:58:29	8.25	0.01	71	58616	买盘
14:58:23	8.24	--	223	183752	买盘
14:58:19	8.24	--	18	14832	买盘
14:58:14	8.24	--	66	54384	买盘
14:58:08	8.24	--	438	360912	买盘
14:58:04	8.24	0.01	14	11536	买盘
14:57:59	8.23	-0.01	50	41150	卖盘
14:57:53	8.24	-0.01	845	696280	卖盘
14:57:49	8.25	--	14	11550	买盘
14:57:44	8.25	0.01	110	90750	买盘
14:57:38	8.24	0.01	133	109592	买盘
14:57:34	8.23	-0.01	33	27940	卖盘
14:57:29	8.24	--	247	203882	买盘
14:57:23	8.24	--	155	127777	买盘
14:57:19	8.24	--	275	226641	买盘
14:57:14	8.24	--	422	347728	买盘
14:57:08	8.24	0.01	27	22289	买盘
14:57:04	8.23	-0.01	121	99788	卖盘
14:56:59	8.24	0.01	15	12360	买盘
14:56:53	8.23	--	65	53495	卖盘
14:56:49	8.23	--	144	118676	卖盘
14:56:38	8.23	-0.01	33	27159	卖盘
14:56:34	8.24	0.01	153	126072	买盘
14:56:29	8.23	--	1580	1301031	买盘
14:56:23	8.23	--	20	16460	买盘
14:56:19	8.23	0.01	208	171184	买盘
14:56:14	8.22	-0.01	60	49320	卖盘
14:56:08	8.23	--	145	119335	买盘
14:56:04	8.23	0.01	703	578865	买盘
14:55:59	8.22	--	70	57540	卖盘
14:55:53	8.22	-0.01	30	24750	卖盘
14:55:49	8.23	0.01	139	114397	买盘
14:55:44	8.22	-0.01	135	111463	卖盘
14:55:38	8.23	0.01	88	72424	买盘
14:55:34	8.22	--	42	34614	卖盘
14:55:28	8.22	--	22	18084	卖盘
14:55:23	8.22	--	33	27224	卖盘
14:55:19	8.22	--	10	8598	卖盘
14:55:13	8.22	--	11	9042	卖盘
14:55:08	8.22	--	144	118483	卖盘
14:55:04	8.22	-0.01	102	83844	卖盘
14:54:59	8.23	0.01	17	13991	买盘
14:54:53	8.22	-0.01	289	237755	卖盘
14:54:49	8.23	--	109	89707	买盘
14:54:38	8.23	0.01	65	53495	买盘
14:54:32	8.22	-0.01	127	104607	卖盘
14:54:23	8.23	0.01	69	56787	买盘
14:54:17	8.22	-0.01	37	30586	卖盘
14:54:13	8.23	--	17	14303	买盘
14:54:08	8.23	0.01	22	18106	买盘
14:54:02	8.22	-0.01	480	394773	卖盘
14:53:58	8.23	--	7	5761	买盘
14:53:53	8.23	0.01	40	32920	买盘
14:53:47	8.22	--	49	40401	卖盘
14:53:43	8.22	-0.01	27	22654	卖盘
14:53:38	8.23	0.01	71	58433	买盘
14:53:32	8.22	--	130	106860	卖盘
14:53:28	8.22	-0.01	78	64116	卖盘
14:53:23	8.23	--	87	71601	买盘
14:53:17	8.23	--	108	88884	买盘
14:53:13	8.23	0.01	17	13991	买盘
14:53:08	8.22	-0.01	16	13152	卖盘
14:53:02	8.23	0.01	191	157670	买盘
14:52:58	8.22	-0.01	899	739380	卖盘
14:52:53	8.23	--	15	12345	买盘
14:52:47	8.23	0.01	31	25513	买盘
14:52:43	8.22	--	14	11508	卖盘
14:52:38	8.22	-0.01	80	65760	卖盘
14:52:32	8.23	--	15	12345	买盘
14:52:28	8.23	0.01	32	26368	买盘
14:52:23	8.22	--	512	421439	卖盘
14:52:17	8.22	-0.01	221	181982	卖盘
14:52:08	8.23	--	25	20575	买盘
14:52:02	8.23	0.01	86	70778	买盘
14:51:58	8.22	-0.01	40	32880	卖盘
14:51:53	8.23	--	7	5761	买盘
14:51:47	8.23	0.01	115	94645	买盘
14:51:43	8.22	-0.01	9	7398	卖盘
14:51:38	8.23	--	19	15637	买盘
14:51:32	8.23	--	182	149786	买盘
14:51:28	8.23	0.01	41	33989	买盘
14:51:17	8.22	--	87	71596	卖盘
14:51:13	8.22	--	58	47676	卖盘
14:51:08	8.22	-0.01	13	10686	卖盘
14:51:02	8.23	--	28	23167	买盘
14:50:58	8.23	0.01	145	119524	买盘
14:50:53	8.22	-0.01	33	27126	卖盘
14:50:47	8.23	--	30	25183	买盘
14:50:43	8.23	0.01	7	5761	买盘
14:50:38	8.22	--	29	23838	卖盘
14:50:32	8.22	-0.01	50	41100	卖盘
14:50:28	8.23	--	14	11522	买盘
14:50:23	8.23	--	1	823	买盘
14:50:17	8.23	--	55	45265	买盘
14:50:13	8.23	0.01	126	103698	买盘
14:50:08	8.22	-0.01	129	106243	卖盘
14:50:02	8.23	--	77	63988	买盘
14:49:58	8.23	--	4	3292	买盘
14:49:53	8.23	--	3	2674	卖盘
14:49:47	8.23	-0.01	954	785759	卖盘
14:49:43	8.24	--	107	88168	买盘
14:49:38	8.24	--	5	4120	买盘
14:49:32	8.24	--	49	40376	卖盘
14:49:28	8.24	-0.01	20	16480	卖盘
14:49:23	8.25	0.01	52	42900	买盘
14:49:17	8.24	--	19	15656	买盘
14:49:13	8.24	0.01	46	37904	买盘
14:49:08	8.23	-0.02	16	13168	卖盘
14:49:02	8.25	0.02	10	8250	买盘
14:48:58	8.23	--	47	38681	卖盘
14:48:53	8.23	-0.01	3049	2509327	卖盘
14:48:47	8.24	0.01	1019	839656	买盘
14:48:43	8.23	--	151	124273	卖盘
14:48:37	8.23	--	26	21398	卖盘
14:48:32	8.23	0.01	752	619579	买盘
14:48:27	8.22	-0.01	33	27126	卖盘
14:48:22	8.23	0.01	29	23867	买盘
14:48:17	8.22	-0.01	28	23016	卖盘
14:48:12	8.23	0.01	113	92999	买盘
14:48:07	8.22	-0.01	31	25482	卖盘
14:48:02	8.23	--	96	79147	卖盘
14:47:56	8.23	0.01	245	202318	买盘
14:47:52	8.22	--	205	168510	卖盘
14:47:47	8.22	-0.01	141	115902	卖盘
14:47:41	8.23	0.01	20	16460	买盘
14:47:37	8.22	-0.01	56	46032	卖盘
14:47:32	8.23	0.01	71	58433	买盘
14:47:26	8.22	-0.01	33	27126	卖盘
14:47:22	8.23	--	80	65840	买盘
14:47:17	8.23	0.01	7	5761	买盘
14:47:11	8.22	--	967	794874	买盘
14:47:07	8.22	--	10	8220	买盘
14:47:02	8.22	--	31	25482	买盘
14:46:56	8.22	0.01	371	304962	买盘
14:46:52	8.21	-0.01	135	110835	卖盘
14:46:47	8.22	--	30	24660	买盘
14:46:41	8.22	--	7	5754	买盘
14:46:37	8.22	0.01	17	13974	买盘
14:46:32	8.21	--	122	100268	卖盘
14:46:26	8.21	-0.01	41	33858	卖盘
14:46:17	8.22	0.01	5	4110	买盘
14:46:11	8.21	--	4	3284	卖盘
14:46:02	8.21	--	21	17413	卖盘
14:45:56	8.21	--	15	12315	卖盘
14:45:52	8.21	-0.01	135	110835	卖盘
14:45:47	8.22	--	34	27948	买盘
14:45:41	8.22	0.01	50	41100	买盘
14:45:37	8.21	-0.01	5	4105	卖盘
14:45:32	8.22	0.01	297	244134	买盘
14:45:26	8.21	--	147	120687	卖盘
14:45:22	8.21	-0.01	51	41871	卖盘
14:45:17	8.22	0.01	18	14796	买盘
14:45:11	8.21	--	23	18883	卖盘
14:45:07	8.21	--	20	16420	买盘
14:44:56	8.21	0.01	5	4105	中性盘
14:44:52	8.2	-0.02	140	114799	卖盘
14:44:47	8.22	0.01	85	69870	买盘
14:44:41	8.21	--	170	139570	买盘
14:44:37	8.21	0.01	17	13957	买盘
14:44:32	8.2	--	320	262400	卖盘
14:44:26	8.2	-0.01	230	188895	卖盘
14:44:22	8.21	--	25	20525	买盘
14:44:17	8.21	0.01	85	69785	买盘
14:44:11	8.2	-0.01	35	28765	卖盘
14:44:07	8.21	--	329	270109	买盘
14:44:02	8.21	--	23	18891	买盘
14:43:56	8.21	0.01	181	148601	买盘
14:43:52	8.2	-0.01	356	292502	卖盘
14:43:47	8.21	--	57	46797	卖盘
14:43:41	8.21	--	26	21419	卖盘
14:43:37	8.21	-0.01	110	90318	卖盘
14:43:32	8.22	0.01	7	5754	买盘
14:43:26	8.21	--	147	120851	卖盘
14:43:22	8.21	--	237	194577	卖盘
14:43:17	8.21	-0.01	72	59112	卖盘
14:43:11	8.22	0.01	37	30726	买盘
14:43:07	8.21	--	45	36945	卖盘
14:43:02	8.21	--	16	13136	卖盘
14:42:56	8.21	--	178	146138	卖盘
14:42:52	8.21	-0.01	132	108372	卖盘
14:42:47	8.22	0.01	128	105347	买盘
14:42:41	8.21	-0.01	29	24014	卖盘
14:42:37	8.22	0.01	20	16440	买盘
14:42:26	8.21	-0.01	124	101804	卖盘
14:42:22	8.22	0.01	131	107780	买盘
14:42:16	8.21	-0.01	16	13136	卖盘
14:42:11	8.22	--	35	28835	买盘
14:42:06	8.22	--	137	113403	卖盘
14:42:02	8.22	-0.01	21	17262	卖盘
14:41:56	8.23	--	17	14032	买盘
14:41:51	8.23	--	194	159662	买盘
14:41:47	8.23	0.01	7	5761	买盘
14:41:41	8.22	-0.01	121	99667	卖盘
14:41:35	8.23	0.01	42	34566	买盘
14:41:31	8.22	-0.01	47	38634	卖盘
14:41:26	8.23	0.01	217	178623	买盘
14:41:20	8.22	-0.01	24	19728	卖盘
14:41:16	8.23	0.01	7	5761	买盘
14:41:11	8.22	--	143	117546	卖盘
14:41:05	8.22	--	50	41223	卖盘
14:41:01	8.22	-0.01	65	53487	卖盘
14:40:56	8.23	0.01	52	42796	买盘
14:40:50	8.22	--	181	148782	卖盘
14:40:46	8.22	-0.01	23	18906	卖盘
14:40:41	8.23	0.01	24	19752	买盘
14:40:35	8.22	-0.01	43	35403	卖盘
14:40:31	8.23	0.01	33	27159	买盘
14:40:26	8.22	-0.01	260	213720	卖盘
14:40:20	8.23	0.01	7	5761	买盘
14:40:16	8.22	-0.01	40	32880	卖盘
14:40:11	8.23	0.01	19	15637	买盘
14:40:05	8.22	--	42	34647	卖盘
14:40:01	8.22	-0.01	62	51079	卖盘
14:39:56	8.23	--	601	494762	卖盘
14:39:50	8.23	-0.01	198	162954	卖盘
14:39:41	8.24	--	24	19833	买盘
14:39:35	8.24	0.01	59	48616	买盘
14:39:26	8.23	-0.01	145	119450	卖盘
14:39:20	8.24	0.01	45	37080	买盘
14:39:16	8.23	--	10	8230	卖盘
14:39:11	8.23	-0.01	34	28163	卖盘
14:39:05	8.24	--	25	20600	买盘
14:39:01	8.24	--	8	6592	买盘
14:38:56	8.24	0.01	16	13184	买盘
14:38:50	8.23	-0.01	145	119335	卖盘
14:38:46	8.24	--	8	6592	买盘
14:38:41	8.24	--	15	12360	买盘
14:38:35	8.24	--	217	178808	买盘
14:38:31	8.24	0.01	7	5768	买盘
14:38:26	8.23	-0.01	120	98760	卖盘
14:38:20	8.24	0.01	45	37080	买盘
14:38:16	8.23	-0.01	55	45314	卖盘
14:38:11	8.24	--	36	29944	买盘
14:38:05	8.24	0.01	58	47792	买盘
14:38:01	8.23	-0.01	26	21398	卖盘
14:37:56	8.24	--	7	5768	买盘
14:37:50	8.24	--	350	288400	买盘
14:37:46	8.24	--	14	11536	买盘
14:37:35	8.24	--	39	32136	买盘
14:37:31	8.24	--	486	400464	买盘
14:37:26	8.24	--	11	9064	买盘
14:37:20	8.24	--	144	118656	买盘
14:37:16	8.24	--	210	173040	买盘
14:37:11	8.24	0.01	47	38728	买盘
14:37:05	8.23	-0.01	132	108636	卖盘
14:37:01	8.24	--	22	18128	买盘
14:36:56	8.24	0.01	61	50264	买盘
14:36:50	8.23	--	137	112751	买盘
14:36:46	8.23	--	20	16460	买盘
14:36:41	8.23	-0.01	14	11522	买盘
14:36:35	8.24	--	0	0	买盘
14:36:31	8.24	--	127	104648	买盘
14:36:26	8.24	0.02	7	5768	买盘
14:36:20	8.22	-0.01	632	519504	卖盘
14:36:16	8.23	0.01	532	437934	买盘
14:36:11	8.22	--	60	49320	买盘
14:36:05	8.22	--	67	55074	买盘
14:36:01	8.22	--	364	299857	卖盘
14:35:56	8.22	--	680	559173	卖盘
14:35:50	8.22	-0.01	649	534061	卖盘
14:35:45	8.23	0.01	14	11522	买盘
14:35:40	8.22	--	8	6576	卖盘
14:35:35	8.22	-0.01	12	9864	卖盘
14:35:30	8.23	--	607	499725	买盘
14:35:20	8.23	--	49	40343	买盘
14:35:15	8.23	--	8	6584	买盘
14:35:10	8.23	--	129	106167	买盘
14:35:05	8.23	--	153	125935	买盘
14:34:59	8.23	-0.01	81	67387	卖盘
14:34:55	8.24	0.01	7	5768	买盘
14:34:50	8.23	-0.01	404	332607	卖盘
14:34:44	8.24	--	17	14008	买盘
14:34:40	8.24	0.01	7	5768	买盘
14:34:35	8.23	-0.01	28	23496	卖盘
14:34:29	8.24	--	204	168096	买盘
14:34:25	8.24	--	7	5768	买盘
14:34:20	8.24	--	28	23072	买盘
14:34:14	8.24	0.01	41	33784	买盘
14:34:10	8.23	-0.01	36	29628	卖盘
14:34:05	8.24	--	27	22355	买盘
14:33:59	8.24	--	90	74407	买盘
14:33:55	8.24	0.01	31	25544	买盘
14:33:50	8.23	-0.01	44	36212	卖盘
14:33:44	8.24	--	8	6592	买盘
14:33:40	8.24	--	28	23072	买盘
14:33:35	8.24	--	27	22248	买盘
14:33:29	8.24	--	153	126072	买盘
14:33:25	8.24	--	6	4944	买盘
14:33:20	8.24	--	93	76632	买盘
14:33:14	8.24	--	26	21424	买盘
14:33:10	8.24	-0.01	82	67757	卖盘
14:33:05	8.25	--	57	47025	买盘
14:32:59	8.25	0.01	28	23100	买盘
14:32:55	8.24	-0.01	68	56032	卖盘
14:32:50	8.25	--	148	122100	买盘
14:32:44	8.25	--	25	20625	买盘
14:32:40	8.25	--	17	14025	买盘
14:32:35	8.25	0.01	84	69300	买盘
14:32:29	8.24	-0.01	83	68392	卖盘
14:32:25	8.25	--	40	33000	买盘
14:32:20	8.25	--	48	39600	买盘
14:32:14	8.25	--	25	20625	买盘
14:32:10	8.25	--	5	4125	买盘
14:32:05	8.25	--	1141	942009	卖盘
14:31:59	8.25	-0.01	134	110550	卖盘
14:31:55	8.26	0.01	15	12390	买盘
14:31:50	8.25	-0.01	179	147675	卖盘
14:31:44	8.26	--	65	53690	买盘
14:31:40	8.26	0.01	27	22302	买盘
14:31:35	8.25	-0.02	203	167475	卖盘
14:31:29	8.27	0.01	135	111645	买盘
14:31:25	8.26	-0.01	82	67732	买盘
14:31:20	8.27	0.02	129	106683	买盘
14:31:14	8.25	-0.01	152	125400	卖盘
14:31:10	8.26	--	18	15008	买盘
14:31:05	8.26	--	65	53929	卖盘
14:30:59	8.26	-0.01	70	57820	卖盘
14:30:55	8.27	--	133	109991	买盘
14:30:50	8.27	0.01	120	99240	买盘
14:30:44	8.26	-0.01	57	47082	卖盘
14:30:40	8.27	--	21	17367	买盘
14:30:35	8.27	0.01	100	82700	买盘
14:30:29	8.26	-0.01	113	93338	卖盘
14:30:25	8.27	0.01	29	23983	买盘
14:30:20	8.26	-0.01	260	214760	卖盘
14:30:14	8.27	--	34	28118	卖盘
14:30:09	8.27	--	13	10751	买盘
14:30:05	8.27	--	3	2481	中性盘
14:29:59	8.27	--	95	78565	买盘
14:29:55	8.27	--	133	109991	卖盘
14:29:50	8.27	-0.01	111	91797	卖盘
14:29:40	8.28	--	97	80316	买盘
14:29:35	8.28	--	87	72036	买盘
14:29:29	8.28	--	162	134136	买盘
14:29:24	8.28	--	128	105983	买盘
14:29:19	8.28	0.01	8	6623	买盘
14:29:14	8.27	--	7	5789	卖盘
14:29:09	8.27	--	19	16043	买盘
14:29:04	8.27	--	20	16540	买盘
14:28:59	8.27	--	44	36388	买盘
14:28:54	8.27	--	251	207577	买盘
14:28:49	8.27	0.01	7	5789	买盘
14:28:44	8.26	-0.01	4	3304	卖盘
14:28:38	8.27	--	39	32253	买盘
14:28:34	8.27	0.01	27	22329	买盘
14:28:29	8.26	-0.01	115	94990	卖盘
14:28:23	8.27	--	17	14059	买盘
14:28:19	8.27	0.01	70	57890	买盘
14:28:14	8.26	-0.01	32	26432	卖盘
14:28:08	8.27	-0.01	118	97586	卖盘
14:28:04	8.28	--	57	47195	买盘
14:27:59	8.28	0.01	13	10764	买盘
14:27:53	8.27	--	586	484622	买盘
14:27:49	8.27	--	62	51274	卖盘
14:27:44	8.27	--	74	61198	卖盘
14:27:38	8.27	--	8	6616	买盘
14:27:34	8.27	0.01	11	9097	买盘
14:27:29	8.26	-0.01	130	107380	卖盘
14:27:23	8.27	--	28	23156	买盘
14:27:19	8.27	--	7	5789	买盘
14:27:14	8.27	--	26	21609	买盘
14:27:08	8.27	--	16	13232	买盘
14:27:04	8.27	-0.01	13	10751	卖盘
14:26:59	8.28	--	13	10764	买盘
14:26:53	8.28	0.01	141	116747	买盘
14:26:49	8.27	--	84	69468	卖盘
14:26:44	8.27	--	10	8303	卖盘
14:26:38	8.27	-0.01	26	21617	卖盘
14:26:34	8.28	0.01	20	16560	买盘
14:26:29	8.27	--	113	93451	卖盘
14:26:23	8.27	-0.01	51	42177	卖盘
14:26:19	8.28	--	107	88596	买盘
14:26:08	8.28	--	18	14903	买盘
14:26:04	8.28	--	11	9108	买盘
14:25:59	8.28	0.01	13	10764	买盘
14:25:53	8.27	-0.01	219	181113	卖盘
14:25:49	8.28	0.01	18	14903	买盘
14:25:44	8.27	-0.01	64	52928	卖盘
14:25:38	8.28	--	35	28979	买盘
14:25:34	8.28	--	108	89424	买盘
14:25:29	8.28	-0.01	232	192278	卖盘
14:25:23	8.29	--	20	16580	买盘
14:25:19	8.29	-0.01	690	572009	卖盘
14:25:14	8.3	--	207	171810	买盘
14:25:08	8.3	--	123	102090	买盘
14:25:04	8.3	--	27	22410	买盘
14:24:59	8.3	--	29	24070	买盘
14:24:53	8.3	--	283	234890	卖盘
14:24:49	8.3	--	60	49800	卖盘
14:24:44	8.3	--	261	216630	买盘
14:24:38	8.3	0.01	16	13280	买盘
14:24:34	8.29	--	123	101966	卖盘
14:24:29	8.29	--	131	108598	卖盘
14:24:23	8.29	-0.01	80	66320	卖盘
14:24:19	8.3	0.01	59	48970	买盘
14:24:14	8.29	0.01	201	166628	买盘
14:24:08	8.28	-0.01	41	34005	卖盘
14:24:04	8.29	0.01	23	19066	买盘
14:23:59	8.28	-0.01	81	67068	卖盘
14:23:53	8.29	--	177	146732	买盘
14:23:49	8.29	--	66	54713	卖盘
14:23:44	8.29	-0.01	60	49739	卖盘
14:23:38	8.3	--	468	388440	卖盘
14:23:34	8.3	-0.01	23	19090	卖盘
14:23:29	8.31	-0.01	310	257610	卖盘
14:23:23	8.32	--	59	49088	买盘
14:23:19	8.32	--	90	74880	买盘
14:23:14	8.32	--	366	304512	卖盘
14:23:08	8.32	-0.01	10	8320	买盘
14:23:04	8.33	0.01	86	71638	买盘
14:22:59	8.32	--	63	52416	买盘
14:22:53	8.32	-0.01	155	128960	卖盘
14:22:48	8.33	--	87	72471	买盘
14:22:43	8.33	--	9	7497	买盘
14:22:38	8.33	--	227	189091	买盘
14:22:32	8.33	--	23	19159	买盘
14:22:28	8.33	--	144	119952	买盘
14:22:23	8.33	--	28	23324	买盘
14:22:17	8.33	--	184	153272	买盘
14:22:13	8.33	--	9	7497	买盘
14:22:08	8.33	0.01	33	27489	买盘
14:22:02	8.32	0.01	640	532480	买盘
14:21:58	8.31	0.01	8	6648	买盘
14:21:53	8.3	-0.02	208	172640	卖盘
14:21:47	8.32	-0.01	39	32448	卖盘
14:21:43	8.33	0.01	420	349860	买盘
14:21:38	8.32	0.02	7	5824	买盘
14:21:32	8.3	-0.02	76	63080	卖盘
14:21:28	8.32	--	120	99840	买盘
14:21:23	8.32	--	17	14144	买盘
14:21:17	8.32	0.01	27	22464	买盘
14:21:13	8.31	--	45	37395	买盘
14:21:08	8.31	--	264	219384	买盘
14:21:02	8.31	0.01	56	46536	买盘
14:20:53	8.3	-0.01	163	135290	卖盘
14:20:47	8.31	0.01	15	12465	买盘
14:20:38	8.3	--	16	13280	买盘
14:20:32	8.3	--	16	13280	买盘
14:20:28	8.3	--	135	112050	买盘
14:20:23	8.3	-0.01	64	53120	卖盘
14:20:17	8.31	0.01	77	63987	买盘
14:20:13	8.3	-0.01	50	41500	卖盘
14:20:08	8.31	--	23	19113	买盘
14:20:02	8.31	--	58	48198	买盘
14:19:58	8.31	--	13	10803	买盘
14:19:53	8.31	--	183	152073	买盘
14:19:47	8.31	-0.01	20	16620	中性盘
14:19:43	8.32	0.02	120	99840	买盘
14:19:38	8.3	-0.01	202	168373	卖盘
14:19:32	8.31	0.01	113	94019	买盘
14:19:28	8.3	-0.01	115	95450	卖盘
14:19:23	8.31	--	17	14127	买盘
14:19:17	8.31	0.01	54	44874	买盘
14:19:08	8.3	-0.01	200	166000	卖盘
14:19:02	8.31	--	25	20775	买盘
14:18:58	8.31	--	34	28254	买盘
14:18:53	8.31	0.01	198	164538	买盘
14:18:47	8.3	-0.01	100	83000	卖盘
14:18:43	8.31	--	22	18282	买盘
14:18:38	8.31	-0.01	527	438651	卖盘
14:18:32	8.32	--	112	93184	买盘
14:18:28	8.32	--	137	113984	买盘
14:18:23	8.32	0.01	216	179712	买盘
14:18:17	8.31	-0.01	63	52353	卖盘
14:18:13	8.32	--	29	24128	买盘
14:18:08	8.32	--	26	21632	买盘
14:18:02	8.32	-0.01	33	27456	卖盘
14:17:58	8.33	0.01	27	22491	买盘
14:17:53	8.32	--	135	112320	卖盘
14:17:47	8.32	-0.01	157	130624	卖盘
14:17:43	8.33	--	188	156604	买盘
14:17:32	8.33	-0.01	54	44982	卖盘
14:17:28	8.34	--	92	76728	买盘
14:17:22	8.34	--	5	4170	买盘
14:17:17	8.34	--	24	20016	买盘
14:17:13	8.34	--	83	69222	买盘
14:17:07	8.34	0.01	92	76728	买盘
14:17:02	8.33	-0.01	15	12495	卖盘
14:16:57	8.34	0.02	183	152622	买盘
14:16:53	8.32	-0.01	438	364416	卖盘
14:16:47	8.33	0.01	1932	1609356	买盘
14:16:42	8.32	0.01	109	90688	买盘
14:16:37	8.31	--	6	4986	卖盘
14:16:32	8.31	0.01	598	497054	买盘
14:16:28	8.3	--	186	154380	卖盘
14:16:22	8.3	--	41	34777	买盘
14:16:17	8.3	--	316	262280	买盘
14:16:12	8.3	--	45	37350	买盘
14:16:07	8.3	--	2	1660	买盘
14:16:02	8.3	0.01	20	16600	买盘
14:15:56	8.29	--	9	7460	卖盘
14:15:52	8.29	--	4	3315	卖盘
14:15:47	8.29	0.01	424	351495	买盘
14:15:41	8.28	-0.01	60	49679	卖盘
14:15:37	8.29	--	5	4145	买盘
14:15:32	8.29	0.01	13	10776	买盘
14:15:26	8.28	--	152	125855	卖盘
14:15:22	8.28	--	116	96635	买盘
14:15:17	8.28	--	1	827	买盘
14:15:11	8.28	--	61	50507	买盘
14:15:02	8.28	--	39	32291	买盘
14:14:56	8.28	--	44	36432	买盘
14:14:52	8.28	0.01	72	59615	买盘
14:14:47	8.27	-0.01	169	139763	卖盘
14:14:41	8.28	--	21	17512	买盘
14:14:37	8.28	--	274	226871	买盘
14:14:32	8.28	0.01	60	49679	买盘
14:14:26	8.27	-0.01	134	110818	卖盘
14:14:17	8.28	--	83	68757	买盘
14:14:11	8.28	--	23	19044	买盘
14:14:07	8.28	--	7	5796	买盘
14:13:56	8.28	0.01	49	40572	买盘
14:13:52	8.27	--	63	52101	卖盘
14:13:47	8.27	-0.01	133	109991	卖盘
14:13:41	8.28	--	125	103499	买盘
14:13:32	8.28	--	59	48851	买盘
14:13:26	8.28	--	139	115091	买盘
14:13:17	8.28	0.01	13	10764	买盘
14:13:11	8.27	--	376	310952	卖盘
14:13:07	8.27	-0.01	33	27291	卖盘
14:13:02	8.28	--	68	56303	买盘
14:12:56	8.28	0.01	42	34776	买盘
14:12:52	8.27	0.02	232	192029	买盘
14:12:47	8.25	-0.01	239	197175	卖盘
14:12:41	8.26	-0.01	240	198240	卖盘
14:12:37	8.27	--	73	60371	买盘
14:12:26	8.27	--	136	112472	买盘
14:12:22	8.27	--	0	0	买盘
14:12:17	8.27	0.01	40	33080	买盘
14:12:11	8.26	--	40	33040	买盘
14:12:01	8.26	--	20	16520	卖盘
14:11:56	8.26	--	37	31371	卖盘
14:11:47	8.26	-0.01	149	123090	卖盘
14:11:41	8.27	--	21	17367	买盘
14:11:37	8.27	--	8	6616	买盘
14:11:31	8.27	0.01	10	8270	买盘
14:11:26	8.26	--	123	101598	卖盘
14:11:22	8.26	-0.01	33	27258	卖盘
14:11:11	8.27	--	19	15713	买盘
14:11:06	8.27	-0.01	45	37215	卖盘
14:11:01	8.28	--	0	0	买盘
14:10:56	8.28	0.02	126	104327	买盘
14:10:52	8.26	-0.02	134	110684	卖盘
14:10:41	8.28	--	0	0	买盘
14:10:37	8.28	0.01	30	24839	买盘
14:10:31	8.27	0.01	7	5789	买盘
14:10:26	8.26	-0.01	155	128030	卖盘
14:10:21	8.27	--	42	34734	买盘
14:10:16	8.27	--	22	18194	买盘
14:10:11	8.27	--	379	313433	卖盘
14:10:06	8.27	0.01	46	38042	买盘
14:10:02	8.26	--	2	1652	卖盘
14:09:56	8.26	-0.02	9	7434	卖盘
14:09:51	8.28	--	152	125855	买盘
14:09:46	8.28	--	15	12419	买盘
14:09:35	8.28	0.01	18	14903	买盘
14:09:31	8.27	-0.01	10	8270	中性盘
14:09:26	8.28	0.01	181	149868	买盘
14:09:21	8.27	-0.01	62	51274	卖盘
14:09:11	8.28	--	128	105983	买盘
14:09:06	8.28	--	19	15897	卖盘
14:09:01	8.28	--	213	176364	卖盘
14:08:56	8.28	-0.01	237	196235	卖盘
14:08:50	8.29	--	134	111085	买盘
14:08:46	8.29	--	34	28185	买盘
14:08:41	8.29	--	68	56371	买盘
14:08:35	8.29	--	304	252015	卖盘
14:08:31	8.29	-0.01	119	98650	卖盘
14:08:26	8.3	--	199	165170	买盘
14:08:20	8.3	0.01	61	50630	买盘
14:08:16	8.29	--	48	39791	卖盘
14:08:11	8.29	-0.01	55	45594	卖盘
14:08:05	8.3	--	93	77190	买盘
14:08:01	8.3	0.01	8	6640	买盘
14:07:56	8.29	-0.01	97	80412	卖盘
14:07:50	8.3	--	473	392590	卖盘
14:07:46	8.3	--	142	118524	买盘
14:07:41	8.3	--	32	26560	买盘
14:07:35	8.3	--	464	385120	买盘
14:07:31	8.3	0.01	35	29050	买盘
14:07:26	8.29	-0.01	159	131811	卖盘
14:07:20	8.3	--	23	19090	买盘
14:07:16	8.3	0.01	7	5810	买盘
14:07:11	8.29	-0.01	86	71293	买盘
14:07:05	8.3	0.02	300	249000	买盘
14:07:01	8.28	-0.01	1933	1600523	卖盘
14:06:56	8.29	--	109	90360	买盘
14:06:50	8.29	0.01	156	129323	买盘
14:06:46	8.28	--	45	37260	卖盘
14:06:41	8.28	-0.01	33	27323	卖盘
14:06:35	8.29	0.01	17	14092	买盘
14:06:31	8.28	0.02	938	776663	买盘
14:06:26	8.26	-0.01	128	105728	卖盘
14:06:20	8.27	0.01	7	5789	买盘
14:06:16	8.26	-0.01	10	8260	卖盘
14:06:11	8.27	0.01	105	86835	买盘
14:06:05	8.26	--	1	826	卖盘
14:06:00	8.26	-0.01	122	100772	卖盘
14:05:56	8.27	--	16	13232	买盘
14:05:50	8.27	-0.01	380	314260	买盘
14:05:41	8.28	0.01	51	42228	买盘
14:05:35	8.27	--	62	51274	买盘
14:05:31	8.27	--	17	14059	买盘
14:05:26	8.27	--	129	106683	买盘
14:05:20	8.27	--	16	13232	买盘
14:05:16	8.27	--	33	27291	买盘
14:05:10	8.27	--	33	27291	买盘
14:05:05	8.27	--	39	32253	买盘
14:05:01	8.27	-0.01	161	133147	卖盘
14:04:55	8.28	0.01	58	48023	买盘
14:04:50	8.27	-0.01	159	131493	卖盘
14:04:46	8.28	--	22	18216	买盘
14:04:40	8.28	0.01	23	19044	买盘
14:04:35	8.27	--	230	190210	买盘
14:04:31	8.27	0.01	10	8270	买盘
14:04:25	8.26	--	146	120596	卖盘
14:04:20	8.26	--	202	166959	买盘
14:04:16	8.26	--	28	23128	买盘
14:04:10	8.26	--	6	4956	买盘
14:04:05	8.26	--	32	26432	买盘
14:04:01	8.26	0.01	186	153636	买盘
14:03:55	8.25	--	13	10725	卖盘
14:03:50	8.25	-0.01	36	29700	卖盘
14:03:46	8.26	--	23	18998	买盘
14:03:40	8.26	--	14	11564	买盘
14:03:35	8.26	--	4	3304	买盘
14:03:31	8.26	0.02	22	18172	买盘
14:03:25	8.24	-0.01	149	122776	卖盘
14:03:20	8.25	-0.01	27	22275	卖盘
14:03:15	8.26	0.01	11	9086	买盘
14:03:10	8.25	--	5	4125	卖盘
14:03:05	8.25	0.01	32	26400	买盘
14:03:00	8.24	--	21	17304	卖盘
14:02:50	8.24	-0.01	148	121952	卖盘
14:02:45	8.25	-0.01	19	15675	中性盘
14:02:40	8.26	--	17	14042	买盘
14:02:35	8.26	--	65	53690	买盘
14:02:29	8.26	--	17	14042	买盘
14:02:25	8.26	--	48	39648	买盘
14:02:20	8.26	--	12	9912	买盘
14:02:14	8.26	--	16	13216	买盘
14:02:10	8.26	--	21	17346	买盘
14:02:05	8.26	0.02	10	8260	买盘
14:01:59	8.24	-0.02	5	4120	卖盘
14:01:55	8.26	-0.01	14	11564	买盘
14:01:50	8.27	--	154	127358	买盘
14:01:35	8.27	0.01	12	9924	买盘
14:01:29	8.26	0.02	297	245792	买盘
14:01:25	8.24	-0.01	112	92288	卖盘
14:01:20	8.25	-0.01	21	17358	卖盘
14:01:14	8.26	--	28	23260	买盘
14:01:10	8.26	--	7	5782	买盘
14:01:05	8.26	0.01	29	23954	买盘
14:00:50	8.25	--	130	107250	卖盘
14:00:44	8.25	--	17	14025	卖盘
14:00:39	8.25	-0.01	3	2475	卖盘
14:00:24	8.26	--	118	97468	买盘
14:00:20	8.26	0.01	2	1652	买盘
14:00:14	8.25	--	40	33000	卖盘
13:59:59	8.25	--	31	25575	卖盘
13:59:54	8.25	-0.01	2	1650	中性盘
13:59:50	8.26	0.01	158	130508	买盘
13:59:44	8.25	--	7	5775	买盘
13:59:39	8.25	--	7	5775	买盘
13:59:35	8.25	-0.01	10	8250	卖盘
13:59:29	8.26	0.02	65	53690	买盘
13:59:24	8.24	-0.02	112	92288	卖盘
13:59:20	8.26	0.01	7	5782	买盘
13:59:14	8.25	--	39	32175	买盘
13:59:10	8.25	-0.01	76	63054	卖盘
13:59:05	8.26	0.01	9	7434	买盘
13:58:59	8.25	0.02	68	56570	买盘
13:58:50	8.23	-0.02	132	108636	卖盘
13:58:40	8.25	--	7	5775	买盘
13:58:35	8.25	--	25	20625	买盘
13:58:25	8.25	-0.02	106	87804	卖盘
13:58:20	8.27	0.01	37	30599	买盘
13:58:14	8.26	-0.01	1	826	卖盘
13:58:05	8.27	--	89	73603	买盘
13:57:59	8.27	--	178	147206	买盘
13:57:54	8.27	0.01	45	37215	买盘
13:57:50	8.26	-0.01	225	185850	卖盘
13:57:44	8.27	0.01	12	9924	买盘
13:57:40	8.26	-0.01	20	16520	卖盘
13:57:34	8.27	0.01	7	5789	买盘
13:57:29	8.26	--	17	14042	卖盘
13:57:25	8.26	--	832	687702	买盘
13:57:14	8.26	--	14	11564	买盘
13:57:09	8.26	--	89	73514	买盘
13:57:04	8.26	--	7	5782	买盘
13:56:59	8.26	--	5	4130	买盘
13:56:54	8.26	0.01	16	13216	买盘
13:56:49	8.25	--	234	193099	买盘
13:56:44	8.25	--	13	10725	买盘
13:56:40	8.25	--	7	5775	买盘
13:56:34	8.25	--	50	41250	买盘
13:56:29	8.25	--	19	15675	买盘
13:56:24	8.25	--	122	100650	买盘
13:56:14	8.25	--	7	5775	买盘
13:56:09	8.25	--	26	22225	买盘
13:55:59	8.25	--	7	5775	买盘
13:55:54	8.25	0.01	7	5775	买盘
13:55:49	8.24	--	124	102176	卖盘
13:55:44	8.24	--	9	7416	卖盘
13:55:38	8.24	-0.01	29	23896	卖盘
13:55:34	8.25	--	28	23100	买盘
13:55:23	8.25	0.01	126	103950	买盘
13:55:19	8.24	-0.01	2	1648	卖盘
13:55:14	8.25	--	11	9075	买盘
13:55:08	8.25	--	22	18150	买盘
13:55:04	8.25	0.01	12	9900	买盘
13:54:59	8.24	-0.02	10	8289	卖盘
13:54:53	8.26	0.02	9	7434	买盘
13:54:49	8.24	-0.02	125	103000	卖盘
13:54:44	8.26	0.01	41	33866	买盘
13:54:38	8.25	--	204	168300	卖盘
13:54:34	8.25	-0.01	40	33000	卖盘
13:54:29	8.26	0.01	7	5782	买盘
13:54:23	8.25	-0.01	138	113850	卖盘
13:54:19	8.26	--	10	8260	买盘
13:54:14	8.26	--	7	5782	买盘
13:54:08	8.26	--	8	6608	买盘
13:53:59	8.26	--	7	5782	买盘
13:53:49	8.26	0.01	332	274232	买盘
13:53:44	8.25	--	14	11550	买盘
13:53:38	8.25	0.01	14	11550	买盘
13:53:34	8.24	0.02	5	4120	卖盘
13:53:29	8.22	--	19	15618	卖盘
13:53:23	8.22	-0.02	120	98640	卖盘
13:53:18	8.24	0.01	605	498520	买盘
13:53:08	8.23	--	2	1646	中性盘
13:53:04	8.23	--	14	11522	买盘
13:52:59	8.23	0.02	52	42796	买盘
13:52:49	8.21	-0.02	126	103446	卖盘
13:52:44	8.23	0.01	19	15637	买盘
13:52:38	8.22	--	18	14796	买盘
13:52:29	8.22	--	7	5754	买盘
13:52:23	8.22	-0.02	99	81378	卖盘
13:52:19	8.24	0.01	8	6592	买盘
13:52:14	8.23	--	3	2469	买盘
13:52:04	8.23	--	20	16460	买盘
13:51:59	8.23	--	7	5761	买盘
13:51:53	8.23	0.01	9	7407	中性盘
13:51:48	8.22	-0.01	125	102750	卖盘
13:51:44	8.23	--	51	41973	卖盘
13:51:38	8.23	-0.01	59	48557	买盘
13:51:34	8.24	--	8	6592	买盘
13:51:29	8.24	0.01	37	30488	买盘
13:51:23	8.23	-0.01	115	94645	买盘
13:51:19	8.24	0.01	125	103000	买盘
13:51:14	8.23	0.01	45	37035	买盘
13:51:08	8.22	--	134	110148	买盘
13:50:59	8.22	--	7	5754	买盘
13:50:53	8.22	-0.02	7	5754	买盘
13:50:48	8.24	--	0	0	买盘
13:50:43	8.24	--	617	508408	买盘
13:50:38	8.24	0.01	55	45377	买盘
13:50:33	8.23	--	27	22221	卖盘
13:50:29	8.23	-0.01	72	59256	卖盘
13:50:23	8.24	--	237	195288	买盘
13:50:18	8.24	0.01	128	105472	买盘
13:50:13	8.23	--	10	8230	卖盘
13:50:08	8.23	-0.01	27	22237	卖盘
13:50:03	8.24	--	17	14205	买盘
13:49:53	8.24	0.01	12	9888	买盘
13:49:48	8.23	-0.01	448	368704	卖盘
13:49:43	8.24	--	8	6592	买盘
13:49:38	8.24	--	7	5768	买盘
13:49:34	8.24	--	3	2472	买盘
13:49:28	8.24	--	15	12360	卖盘
13:49:23	8.24	-0.01	629	518296	卖盘
13:49:18	8.25	--	7	5775	买盘
13:49:13	8.25	0.01	297	245025	买盘
13:49:08	8.24	--	80	65920	卖盘
13:49:03	8.24	-0.01	101	83224	卖盘
13:48:58	8.25	0.01	7	5775	买盘
13:48:53	8.24	--	28	23072	卖盘
13:48:48	8.24	--	171	140904	卖盘
13:48:43	8.24	--	1	824	卖盘
13:48:38	8.24	--	26	21424	买盘
13:48:32	8.24	-0.01	7	5768	中性盘
13:48:28	8.25	0.02	2	1650	买盘
13:48:23	8.23	-0.02	130	106990	卖盘
13:48:17	8.25	--	56	46200	卖盘
13:48:13	8.25	--	32	26400	买盘
13:48:08	8.25	0.02	47	38775	买盘
13:48:02	8.23	-0.02	506	416438	卖盘
13:47:58	8.25	0.01	8	6600	买盘
13:47:53	8.24	--	25	20600	卖盘
13:47:47	8.24	0.01	228	187872	买盘
13:47:43	8.23	-0.01	13	10699	卖盘
13:47:38	8.24	--	7	5768	买盘
13:47:32	8.24	--	12	9888	买盘
13:47:28	8.24	0.01	7	5768	买盘
13:47:23	8.23	--	57	46911	卖盘
13:47:17	8.23	--	10	8954	买盘
13:47:08	8.23	--	7	5761	买盘
13:47:02	8.23	--	36	29628	买盘
13:46:58	8.23	0.01	3	2469	买盘
13:46:53	8.22	--	10	8220	卖盘
13:46:47	8.22	-0.01	135	110970	卖盘
13:46:38	8.23	--	4	3292	买盘
13:46:32	8.23	--	14	11522	买盘
13:46:27	8.23	0.02	7	5761	买盘
13:46:23	8.21	--	119	97699	卖盘
13:46:12	8.21	-0.02	4	3284	卖盘
13:46:08	8.23	--	14	11522	买盘
13:45:57	8.23	--	15	12443	卖盘
13:45:53	8.23	0.02	141	116767	买盘
13:45:47	8.21	-0.01	126	103446	卖盘
13:45:42	8.22	--	47	38634	买盘
13:45:38	8.22	-0.01	99	81690	卖盘
13:45:32	8.23	--	122	100817	买盘
13:45:23	8.23	--	619	509437	卖盘
13:45:17	8.23	-0.01	90	74070	卖盘
13:45:12	8.24	0.01	105	86520	买盘
13:45:08	8.23	--	30	24690	卖盘
13:45:02	8.23	--	12	9876	卖盘
13:44:57	8.23	-0.01	14	11522	卖盘
13:44:47	8.24	--	144	118656	卖盘
13:44:42	8.24	-0.01	2	1648	卖盘
13:44:32	8.25	0.01	29	23925	买盘
13:44:27	8.24	--	8	6592	卖盘
13:44:23	8.24	--	117	96408	卖盘
13:44:17	8.24	--	100	82400	卖盘
13:44:08	8.24	--	42	34608	卖盘
13:44:02	8.24	0.01	38	31312	买盘
13:43:57	8.23	-0.01	45	37035	卖盘
13:43:52	8.24	0.01	8	6592	买盘
13:43:47	8.23	-0.01	125	102875	卖盘
13:43:37	8.24	--	4	3296	买盘
13:43:32	8.24	--	34	28016	卖盘
13:43:27	8.24	0.01	157	129368	买盘
13:43:07	8.23	-0.01	3	2469	卖盘
13:43:02	8.24	0.01	5	4120	卖盘
13:42:57	8.23	--	0	0	卖盘
13:42:52	8.23	-0.01	45	37035	卖盘
13:42:47	8.24	--	133	109592	卖盘
13:42:43	8.24	--	22	18128	买盘
13:42:32	8.24	0.01	28	23072	买盘
13:42:27	8.23	--	153	125919	买盘
13:42:22	8.23	--	93	76539	买盘
13:42:17	8.23	0.01	20	16460	买盘
13:42:12	8.22	--	10	8318	卖盘
13:42:02	8.22	--	25	20550	卖盘
13:41:57	8.22	--	108	88776	卖盘
13:41:47	8.22	--	125	102750	卖盘
13:41:41	8.22	-0.01	124	101928	卖盘
13:41:37	8.23	-0.01	347	285581	卖盘
13:41:32	8.24	0.01	2	1648	买盘
13:41:26	8.23	-0.01	113	92999	卖盘
13:41:22	8.24	--	24	19776	买盘
13:41:11	8.24	--	156	128898	卖盘
13:41:02	8.24	0.01	417	344077	买盘
13:40:56	8.23	-0.01	141	116396	卖盘
13:40:52	8.24	-0.01	30	24720	卖盘
13:40:47	8.25	--	360	297000	买盘
13:40:41	8.25	--	64	52800	买盘
13:40:37	8.25	--	622	513150	卖盘
13:40:32	8.25	-0.01	19	15675	卖盘
13:40:26	8.26	--	694	573244	买盘
13:40:22	8.26	--	56	46256	买盘
13:40:17	8.26	--	377	311402	卖盘
13:40:11	8.26	-0.01	21	17346	卖盘
13:40:07	8.27	--	18	14886	买盘
13:40:02	8.27	0.01	18	14886	买盘
13:39:56	8.26	-0.01	280	231280	卖盘
13:39:52	8.27	0.01	50	41350	买盘
13:39:47	8.26	-0.01	144	118944	卖盘
13:39:41	8.27	--	94	77738	卖盘
13:39:36	8.27	-0.01	74	61198	卖盘
13:39:32	8.28	--	101	83628	买盘
13:39:26	8.28	--	114	94391	买盘
13:39:21	8.28	--	12	9936	卖盘
13:39:17	8.28	--	7	5796	买盘
13:39:11	8.28	--	6	4968	买盘
13:39:06	8.28	--	20	16560	买盘
13:39:02	8.28	--	86	71208	卖盘
13:38:56	8.28	--	109	90252	卖盘
13:38:47	8.28	0.01	240	198719	买盘
13:38:41	8.27	-0.01	5	4135	卖盘
13:38:36	8.28	-0.01	323	267444	中性盘
13:38:32	8.29	--	41	33989	买盘
13:38:26	8.29	0.01	150	124349	买盘
13:38:21	8.28	-0.01	86	71208	卖盘
13:38:16	8.29	0.01	178	147561	买盘
13:38:11	8.28	-0.01	133	110123	卖盘
13:38:06	8.29	0.01	15	12434	买盘
13:38:02	8.28	--	503	416483	买盘
13:37:56	8.28	-0.01	25	20700	中性盘
13:37:47	8.29	0.02	149	123520	买盘
13:37:41	8.27	-0.01	638	527626	卖盘
13:37:32	8.28	0.02	18	14903	卖盘
13:37:26	8.26	-0.04	113	93338	卖盘
13:37:21	8.3	0.02	121	100430	买盘
13:37:11	8.28	--	111	91908	卖盘
13:37:01	8.28	--	551	456227	卖盘
13:36:56	8.28	-0.01	99	81972	卖盘
13:36:51	8.29	0.01	17	14092	买盘
13:36:46	8.28	--	242	200375	买盘
13:36:41	8.28	--	117	96875	买盘
13:36:36	8.28	--	77	63755	卖盘
13:36:31	8.28	--	490	405719	卖盘
13:36:26	8.28	--	118	97703	卖盘
13:36:21	8.28	0.02	500	413999	买盘
13:36:11	8.26	0.01	86	71036	买盘
13:36:07	8.25	--	31	25575	卖盘
13:35:56	8.25	--	41	33825	卖盘
13:35:51	8.25	--	145	119625	卖盘
13:35:46	8.25	--	42	34732	买盘
13:35:41	8.25	0.01	20	16500	买盘
13:35:36	8.24	-0.01	8	6592	卖盘
13:35:31	8.25	0.01	20	16500	买盘
13:35:26	8.24	--	117	96408	卖盘
13:35:21	8.24	--	20	16949	卖盘
13:35:11	8.24	--	1	824	卖盘
13:34:50	8.24	-0.01	134	110416	卖盘
13:34:46	8.25	--	10	8250	买盘
13:34:41	8.25	--	133	109725	卖盘
13:34:35	8.25	--	28	23100	买盘
13:34:31	8.25	--	5	4125	卖盘
13:34:26	8.25	--	626	516450	买盘
13:34:20	8.25	--	39	32175	买盘
13:34:16	8.25	--	20	16500	买盘
13:34:11	8.25	-0.01	677	558525	卖盘
13:34:05	8.26	--	30	24780	买盘
13:34:01	8.26	0.01	9	7434	买盘
13:33:56	8.25	-0.01	19	15675	卖盘
13:33:50	8.26	--	165	136290	买盘
13:33:46	8.26	--	22	18172	卖盘
13:33:41	8.26	--	72	59472	卖盘
13:33:35	8.26	--	8	6608	卖盘
13:33:31	8.26	--	138	113988	买盘
13:33:26	8.26	-0.01	123	101598	卖盘
13:33:20	8.27	--	5	4135	买盘
13:33:15	8.27	0.01	24	19848	买盘
13:33:11	8.26	-0.01	311	256886	卖盘
13:33:05	8.27	0.01	24	19848	买盘
13:33:00	8.26	-0.01	1015	838390	卖盘
13:32:56	8.27	--	296	244792	卖盘
13:32:50	8.27	--	193	159611	卖盘
13:32:45	8.27	--	25	20675	卖盘
13:32:40	8.27	--	78	64506	买盘
13:32:35	8.27	-0.01	76	62852	卖盘
13:32:31	8.28	0.01	60	49679	买盘
13:32:26	8.27	-0.01	535	442445	卖盘
13:32:20	8.28	-0.01	75	62099	买盘
13:32:15	8.29	--	364	302087	买盘
13:32:11	8.29	--	59	48910	买盘
13:32:05	8.29	--	111	92018	买盘
13:32:00	8.29	0.01	2	1657	买盘
13:31:56	8.28	-0.02	963	797363	卖盘
13:31:50	8.3	0.01	240	199200	买盘
13:31:45	8.29	--	110	91189	卖盘
13:31:41	8.29	-0.02	148	122691	卖盘
13:31:35	8.31	0.02	446	370626	买盘
13:31:31	8.29	0.01	29	24040	买盘
13:31:26	8.28	-0.02	181	149868	卖盘
13:31:20	8.3	0.02	3004	2493818	买盘
13:31:15	8.28	--	136	112607	卖盘
13:31:11	8.28	0.02	1930	1598039	买盘
13:31:05	8.26	--	108	89208	卖盘
13:31:00	8.26	0.01	225	185850	买盘
13:30:56	8.25	0.01	358	295350	买盘
13:30:50	8.24	--	54	44496	买盘
13:30:45	8.24	-0.02	8	6592	买盘
13:30:41	8.26	0.01	375	309750	买盘
13:30:35	8.25	0.01	510	420750	买盘
13:30:30	8.24	--	95	78280	卖盘
13:30:26	8.24	0.01	41	33784	买盘
13:30:20	8.23	--	13	10699	卖盘
13:30:15	8.23	-0.02	6	4938	卖盘
13:30:10	8.25	0.02	1000	825000	买盘
13:30:05	8.23	--	159	130857	买盘
13:30:00	8.23	0.03	324	266865	买盘
13:29:55	8.2	--	302	247639	卖盘
13:29:40	8.2	--	50	41000	卖盘
13:29:35	8.2	--	24	19680	买盘
13:29:30	8.2	--	114	93479	买盘
13:29:25	8.2	0.01	12	9840	买盘
13:29:20	8.19	-0.01	200	163800	卖盘
13:29:15	8.2	--	372	305040	卖盘
13:29:10	8.2	--	132	108239	买盘
13:29:05	8.2	--	22	18040	买盘
13:29:00	8.2	0.01	15	12299	买盘
13:28:50	8.19	--	355	290745	买盘
13:28:30	8.19	0.02	66	54054	买盘
13:28:20	8.17	--	10	8170	卖盘
13:28:14	8.17	0.01	1806	1476016	买盘
13:28:05	8.16	--	21	17136	买盘
13:27:59	8.16	--	69	56304	买盘
13:27:55	8.16	--	45	36720	买盘
13:27:50	8.16	-0.03	2077	1695133	卖盘
13:27:44	8.19	-0.01	135	110565	卖盘
13:27:35	8.2	0.01	77	63139	买盘
13:27:29	8.19	-0.01	23	18837	卖盘
13:27:25	8.2	0.01	84	68880	买盘
13:27:20	8.19	--	77	63062	卖盘
13:27:05	8.19	--	50	40950	卖盘
13:26:59	8.19	0.01	308	252251	买盘
13:26:50	8.18	-0.01	210	171910	卖盘
13:26:44	8.19	--	25	20475	买盘
13:26:35	8.19	--	30	24570	买盘
13:26:29	8.19	--	20	16502	买盘
13:26:20	8.19	0.01	33	27027	买盘
13:26:14	8.18	-0.01	182	148965	卖盘
13:25:59	8.19	0.01	289	236691	买盘
13:25:50	8.18	--	54	44172	卖盘
13:25:44	8.18	--	10	8319	卖盘
13:25:39	8.18	--	22	17996	卖盘
13:25:35	8.18	--	19	15574	卖盘
13:25:24	8.18	-0.01	14	11452	卖盘
13:25:20	8.19	--	10	8189	买盘
13:25:14	8.19	0.01	5	4094	买盘
13:25:04	8.18	-0.01	30	24540	卖盘
13:24:54	8.19	0.01	5	4094	买盘
13:24:50	8.18	--	116	94888	卖盘
13:24:39	8.18	--	51	41718	卖盘
13:24:35	8.18	--	31	25358	卖盘
13:24:29	8.18	--	5	4090	卖盘
13:24:19	8.18	--	14	11452	卖盘
13:24:14	8.18	--	28	22904	买盘
13:24:09	8.18	0.01	33	26994	买盘
13:24:04	8.17	-0.01	21	17157	卖盘
13:23:59	8.18	--	50	40900	买盘
13:23:49	8.18	--	53	43354	卖盘
13:23:44	8.18	-0.01	33	26994	卖盘
13:23:39	8.19	0.01	22	18018	买盘
13:23:35	8.18	--	30	24540	卖盘
13:23:29	8.18	-0.02	5	4090	卖盘
13:23:24	8.2	0.01	8	6559	买盘
13:23:19	8.19	--	12	9828	卖盘
13:23:14	8.19	-0.01	11	9009	买盘
13:23:09	8.2	--	0	0	买盘
13:23:04	8.2	0.01	170	139400	买盘
13:22:59	8.19	--	45	36855	买盘
13:22:54	8.19	--	74	60605	卖盘
13:22:49	8.19	-0.01	16	13104	卖盘
13:22:44	8.2	0.01	17	13939	买盘
13:22:34	8.19	-0.01	124	101556	卖盘
13:22:24	8.2	--	198	162360	卖盘
13:22:19	8.2	-0.01	2	1639	卖盘
13:22:14	8.21	0.01	22	18062	买盘
13:22:09	8.2	0.01	124	101679	中性盘
13:22:04	8.19	-0.02	21	17199	卖盘
13:21:59	8.21	--	10	8210	买盘
13:21:54	8.21	--	95	78602	卖盘
13:21:49	8.21	--	16	13136	卖盘
13:21:44	8.21	-0.01	171	140391	卖盘
13:21:39	8.22	--	13	10686	买盘
13:21:34	8.22	--	111	91242	买盘
13:21:29	8.22	--	30	24660	买盘
13:21:23	8.22	-0.01	22	18084	中性盘
13:21:19	8.23	--	356	292988	买盘
13:21:14	8.23	--	13	10699	买盘
13:21:08	8.23	0.01	95	78185	买盘
13:21:04	8.22	-0.01	11	9042	中性盘
13:20:59	8.23	0.01	23	19142	买盘
13:20:53	8.22	0.01	8	6576	买盘
13:20:44	8.21	--	18	14778	买盘
13:20:38	8.21	--	13	10673	买盘
13:20:34	8.21	0.02	502	412142	买盘
13:20:29	8.19	--	0	0	卖盘
13:20:23	8.19	-0.04	10	8189	卖盘
13:20:14	8.23	0.05	500	411500	买盘
13:20:08	8.18	-0.02	136	111526	卖盘
13:20:04	8.2	0.01	2300	1885999	买盘
13:19:59	8.19	0.01	230	188370	买盘
13:19:53	8.18	--	52	42536	卖盘
13:19:49	8.18	--	14	11452	卖盘
13:19:44	8.18	--	42	34429	卖盘
13:19:38	8.18	--	110	89980	卖盘
13:19:33	8.18	--	10	8180	卖盘
13:19:29	8.18	--	16	13194	卖盘
13:19:23	8.18	--	10	8180	卖盘
13:19:14	8.18	--	2	1636	卖盘
13:19:08	8.18	--	10	8327	卖盘
13:19:03	8.18	--	20	16360	卖盘
13:18:53	8.18	--	15	12270	卖盘
13:18:43	8.18	--	36	29448	卖盘
13:18:38	8.18	--	34	27926	卖盘
13:18:28	8.18	--	10	8278	卖盘
13:18:18	8.18	-0.01	9	7362	卖盘
13:18:14	8.19	0.01	2	1638	买盘
13:18:03	8.18	--	30	24540	卖盘
13:17:58	8.18	--	19	15542	卖盘
13:17:53	8.18	--	310	253580	卖盘
13:17:48	8.18	-0.01	100	81800	卖盘
13:17:44	8.19	--	35	28665	买盘
13:17:38	8.19	--	13	10647	买盘
13:17:29	8.19	--	33	27027	买盘
13:17:23	8.19	--	42	34398	买盘
13:17:14	8.19	0.01	8	6552	买盘
13:17:08	8.18	--	0	0	卖盘
13:17:03	8.18	-0.02	12	9816	买盘
13:16:58	8.2	0.02	1762	1444839	买盘
13:16:53	8.18	--	13	10634	买盘
13:16:48	8.18	0.01	205	167690	买盘
13:16:43	8.17	-0.01	10	8341	卖盘
13:16:38	8.18	0.01	8	6544	买盘
13:16:33	8.17	-0.01	13	10735	卖盘
13:16:23	8.18	--	28	22904	买盘
13:16:18	8.18	--	44	35992	买盘
13:16:13	8.18	--	128	104704	卖盘
13:16:03	8.18	-0.01	10	8180	卖盘
13:15:58	8.19	0.01	4	3276	买盘
13:15:53	8.18	-0.01	32	26176	卖盘
13:15:48	8.19	-0.01	41	33579	买盘
13:15:43	8.2	--	0	0	买盘
13:15:38	8.2	--	61	50019	买盘
13:15:33	8.2	--	31	25419	买盘
13:15:28	8.2	--	0	0	买盘
13:15:23	8.2	-0.01	501	410819	卖盘
13:15:18	8.21	--	128	105088	中性盘
13:15:13	8.21	--	99	81279	买盘
13:15:08	8.21	-0.01	74	60754	买盘
13:15:03	8.22	0.01	50	41100	买盘
13:14:58	8.21	--	222	182262	买盘
13:14:53	8.21	--	83	68143	卖盘
13:14:48	8.21	--	223	183083	卖盘
13:14:43	8.21	-0.01	10	8210	卖盘
13:14:38	8.22	0.01	80	65760	买盘
13:14:32	8.21	-0.01	146	119866	卖盘
13:14:28	8.22	0.01	61	50142	买盘
13:14:23	8.21	--	110	90310	卖盘
13:14:17	8.21	--	210	172410	卖盘
13:14:02	8.21	0.04	2257	1852997	买盘
13:13:53	8.17	0.01	221	180557	买盘
13:13:47	8.16	--	239	195350	买盘
13:13:38	8.16	--	108	88128	买盘
13:13:32	8.16	--	11	8976	买盘
13:13:23	8.16	--	15	12240	买盘
13:13:17	8.16	-0.01	1763	1439097	卖盘
13:13:13	8.17	0.01	13	10621	买盘
13:13:08	8.16	--	3	2448	卖盘
13:13:02	8.16	--	296	241862	买盘
13:12:58	8.16	--	62	50592	买盘
13:12:53	8.16	--	5	4080	买盘
13:12:47	8.16	--	11	8976	买盘
13:12:42	8.16	--	1	816	买盘
13:12:38	8.16	--	13	10608	买盘
13:12:27	8.16	--	676	552105	卖盘
13:12:23	8.16	-0.01	50	40800	卖盘
13:12:08	8.17	0.01	77	62909	买盘
13:12:02	8.16	--	55	44880	卖盘
13:11:57	8.16	--	20	16320	卖盘
13:11:53	8.16	0.02	2253	1838774	买盘
13:11:37	8.14	--	21	17094	卖盘
13:11:32	8.14	--	29	23606	买盘
13:11:23	8.14	--	41	33374	卖盘
13:11:17	8.14	--	70	56980	卖盘
13:11:12	8.14	--	19	15466	卖盘
13:11:08	8.14	-0.01	4	3256	卖盘
13:11:02	8.15	0.01	62	50530	买盘
13:10:53	8.14	--	42	34188	卖盘
13:10:47	8.14	--	10	8140	卖盘
13:10:38	8.14	--	20	16280	卖盘
13:10:23	8.14	--	86	70004	买盘
13:10:17	8.14	--	43	35034	买盘
13:10:08	8.14	--	20	16280	买盘
13:10:02	8.14	--	12	9784	买盘
13:09:53	8.14	--	2	1628	买盘
13:09:47	8.14	--	34	27676	买盘
13:09:42	8.14	--	14	11396	买盘
13:09:32	8.14	--	36	29304	买盘
13:09:27	8.14	--	76	61864	买盘
13:09:17	8.14	--	21	17094	买盘
13:09:12	8.14	--	20	16280	买盘
13:09:07	8.14	0.01	90	73260	买盘
13:08:57	8.13	--	1	813	卖盘
13:08:52	8.13	--	10	8130	卖盘
13:08:42	8.13	--	18	14634	卖盘
13:08:32	8.13	--	81	65853	卖盘
13:08:27	8.13	--	2	1626	卖盘
13:08:22	8.13	0.02	103	83925	买盘
13:08:12	8.11	-0.01	65	52844	卖盘
13:08:07	8.12	--	5	4059	买盘
13:08:02	8.12	--	145	117764	买盘
13:07:56	8.12	0.01	351	285012	买盘
13:07:47	8.11	-0.01	5	4054	卖盘
13:07:37	8.12	0.01	20	16239	买盘
13:07:32	8.11	-0.01	8	6488	卖盘
13:07:26	8.12	--	16	12991	买盘
13:07:22	8.12	0.01	13	10555	买盘
13:07:11	8.11	-0.01	3	2433	卖盘
13:06:52	8.12	--	44	35728	买盘
13:06:47	8.12	--	13	10555	买盘
13:06:17	8.12	-0.01	487	396069	卖盘
13:05:56	8.13	--	2	1626	买盘
13:05:47	8.13	0.01	8	6504	买盘
13:05:41	8.12	--	31	25171	卖盘
13:05:32	8.12	-0.01	17	13803	卖盘
13:05:26	8.13	--	10	8130	买盘
13:05:21	8.13	0.01	2	1626	买盘
13:05:16	8.12	--	15	12179	卖盘
13:05:11	8.12	-0.01	20	16239	卖盘
13:04:56	8.13	0.01	22	17886	买盘
13:04:51	8.12	-0.01	4	3247	卖盘
13:04:47	8.13	--	15	12195	买盘
13:04:41	8.13	-0.01	95	77235	卖盘
13:04:26	8.14	0.01	37	30118	买盘
13:04:21	8.13	-0.01	10	8130	卖盘
13:04:01	8.14	--	4	3256	卖盘
13:03:56	8.14	--	15	12210	卖盘
13:03:46	8.14	0.01	93	75702	买盘
13:03:41	8.13	-0.01	209	169917	卖盘
13:03:21	8.14	0.01	2	1628	买盘
13:03:11	8.13	-0.01	21	17073	买盘
13:02:51	8.14	--	0	0	买盘
13:02:46	8.14	0.02	113	91982	买盘
13:02:41	8.12	-0.02	11	8932	卖盘
13:02:36	8.14	--	25	20350	买盘
13:02:21	8.14	--	1	814	买盘
13:02:16	8.14	0.02	5	4070	买盘
13:02:06	8.12	-0.02	6	4871	卖盘
13:01:51	8.14	0.02	205	167016	买盘
13:01:36	8.12	-0.02	10	8258	卖盘
13:01:26	8.14	--	2	1628	买盘
13:01:16	8.14	--	1	814	买盘
13:01:05	8.14	-0.01	210	170940	买盘
13:00:50	8.15	--	0	0	买盘
13:00:46	8.15	0.03	478	389822	买盘
13:00:41	8.12	--	10	8493	卖盘
13:00:16	8.12	--	4	3247	卖盘
13:00:11	8.12	--	77	62523	卖盘
13:00:05	8.12	0.02	4105	3333349	买盘
11:30:00	8.1	--	0	0	卖盘
11:30:00	8.1	--	0	0	卖盘
11:29:57	8.1	--	15	12150	卖盘
11:29:52	8.1	--	16	12960	卖盘
11:29:46	8.1	--	16	12960	卖盘
11:29:42	8.1	--	1	810	卖盘
11:29:37	8.1	--	30	24300	卖盘
11:29:16	8.1	--	470	380700	买盘
11:29:12	8.1	--	3	2430	买盘
11:29:07	8.1	0.01	104	84240	买盘
11:28:57	8.09	-0.01	1	809	卖盘
11:28:37	8.1	--	1	810	买盘
11:28:31	8.1	--	21	17010	买盘
11:28:27	8.1	--	12	9720	买盘
11:28:16	8.1	--	7	5670	买盘
11:28:12	8.1	0.02	10	8100	买盘
11:28:07	8.08	-0.02	10	8080	卖盘
11:28:01	8.1	0.01	13	10530	买盘
11:27:57	8.09	0.01	12	9772	买盘
11:27:52	8.08	-0.01	21	16968	卖盘
11:27:46	8.09	--	100	80900	买盘
11:27:40	8.09	--	52	42068	买盘
11:27:37	8.09	0.01	30	24270	买盘
11:27:31	8.08	-0.01	9	7272	卖盘
11:27:25	8.09	--	34	27506	买盘
11:27:22	8.09	0.01	102	82518	买盘
11:27:16	8.08	-0.01	10	8120	卖盘
11:27:10	8.09	--	131	106723	卖盘
11:27:01	8.09	--	100	80900	卖盘
11:26:55	8.09	-0.01	1	809	卖盘
11:26:51	8.1	--	60	48656	买盘
11:26:46	8.1	0.01	57	46170	买盘
11:26:40	8.09	-0.01	10	8098	卖盘
11:26:31	8.1	--	2	1620	买盘
11:26:21	8.1	0.01	5	4050	买盘
11:26:16	8.09	--	51	41259	卖盘
11:25:55	8.09	-0.01	32	25888	卖盘
11:25:46	8.1	--	90	72900	买盘
11:25:40	8.1	0.01	8	6480	买盘
11:25:31	8.09	--	4	3236	卖盘
11:25:16	8.09	0.01	305	246745	买盘
11:25:10	8.08	-0.01	370	298960	卖盘
11:25:06	8.09	--	5	4045	买盘
11:24:55	8.09	--	7	5663	买盘
11:24:51	8.09	0.01	9	7281	买盘
11:24:46	8.08	-0.01	95	76760	卖盘
11:24:40	8.09	0.01	165	133485	买盘
11:24:36	8.08	--	220	177760	卖盘
11:24:25	8.08	--	180	145440	卖盘
11:24:21	8.08	-0.01	11	8888	买盘
11:24:16	8.09	0.01	248	200632	买盘
11:24:06	8.08	0.01	5	4040	买盘
11:24:01	8.07	--	40	32433	买盘
11:23:55	8.07	--	33	26631	买盘
11:23:51	8.07	--	55	44385	买盘
11:23:46	8.07	--	31	25017	买盘
11:23:40	8.07	--	1291	1042490	卖盘
11:23:31	8.07	-0.01	140	112980	卖盘
11:23:25	8.08	0.01	200	161600	买盘
11:23:21	8.07	--	202	163014	卖盘
11:23:16	8.07	--	54	43731	卖盘
11:23:10	8.07	-0.01	23	18561	卖盘
11:23:06	8.08	--	20	16160	买盘
11:22:55	8.08	--	25	20200	买盘
11:22:51	8.08	--	1	808	买盘
11:22:46	8.08	--	12	9696	买盘
11:22:31	8.08	0.01	215	173720	买盘
11:22:21	8.07	--	41	33087	卖盘
11:22:16	8.07	--	21	16947	卖盘
11:22:10	8.07	--	16	12912	卖盘
11:22:06	8.07	--	2	1614	卖盘
11:22:01	8.07	-0.01	16	12912	卖盘
11:21:55	8.08	0.01	303	244824	买盘
11:21:46	8.07	--	107	86349	卖盘
11:21:40	8.07	--	420	338940	卖盘
11:21:36	8.07	--	29	23403	卖盘
11:21:31	8.07	--	30	24210	卖盘
11:21:25	8.07	0.01	1099	886901	买盘
11:21:19	8.06	-0.01	1	806	卖盘
11:21:16	8.07	0.01	251	202557	买盘
11:21:10	8.06	-0.01	15	12243	卖盘
11:21:05	8.07	0.01	27	21789	买盘
11:20:55	8.06	--	32	25792	卖盘
11:20:49	8.06	--	10	8068	卖盘
11:20:45	8.06	--	49	39494	卖盘
11:20:40	8.06	-0.01	71	57226	卖盘
11:20:34	8.07	--	399	321993	买盘
11:20:30	8.07	0.01	10	8070	买盘
11:20:25	8.06	-0.01	118	95108	卖盘
11:20:10	8.07	-0.01	345	278415	卖盘
11:20:04	8.08	--	26	21008	买盘
11:20:00	8.08	--	4	3232	买盘
11:19:55	8.08	--	13	10504	买盘
11:19:45	8.08	0.01	105	84840	买盘
11:19:40	8.07	--	15	12105	卖盘
11:19:34	8.07	0.01	21	16947	买盘
11:19:30	8.06	-0.01	237	191022	卖盘
11:19:25	8.07	0.01	9	7263	买盘
11:19:19	8.06	-0.01	20	16120	卖盘
11:19:15	8.07	--	1078	869946	买盘
11:19:10	8.07	--	49	39543	买盘
11:19:04	8.07	--	47	37929	买盘
11:19:00	8.07	--	10	8070	买盘
11:18:55	8.07	--	15	12145	买盘
11:18:49	8.07	0.01	10	8070	中性盘
11:18:40	8.06	-0.01	640	515840	卖盘
11:18:34	8.07	-0.01	13	10507	卖盘
11:18:30	8.08	0.01	1	808	买盘
11:18:19	8.07	--	63	50841	卖盘
11:18:15	8.07	--	0	0	卖盘
11:18:10	8.07	0.01	10	8070	卖盘
11:18:04	8.06	--	23	18546	卖盘
11:18:00	8.06	--	500	403000	卖盘
11:17:55	8.06	--	10	8180	卖盘
11:17:49	8.06	-0.03	1000	806000	卖盘
11:17:45	8.09	--	2	1618	买盘
11:17:40	8.09	-0.01	60	48540	卖盘
11:17:25	8.1	--	20	16200	买盘
11:17:04	8.1	--	5	4050	卖盘
11:17:00	8.1	-0.01	15	12150	卖盘
11:16:55	8.11	0.01	1	811	中性盘
11:16:49	8.1	-0.01	5	4050	卖盘
11:16:34	8.11	--	5	4054	卖盘
11:16:30	8.11	--	1	811	卖盘
11:16:25	8.11	--	2046	1659306	买盘
11:16:10	8.11	--	2	1622	买盘
11:15:55	8.11	-0.01	60	48660	卖盘
11:15:49	8.12	0.01	3	2435	买盘
11:15:34	8.11	0.01	2	1622	中性盘
11:15:30	8.1	-0.01	34	27540	卖盘
11:15:25	8.11	0.01	172	139492	买盘
11:15:19	8.1	-0.01	3	2430	卖盘
11:15:04	8.11	0.01	41	33251	买盘
11:15:00	8.1	--	6	4860	卖盘
11:14:54	8.1	--	2	1620	卖盘
11:14:49	8.1	--	10	8100	卖盘
11:14:43	8.1	0.01	95	76950	买盘
11:14:40	8.09	--	6	4854	卖盘
11:14:34	8.09	-0.01	20	16180	卖盘
11:14:28	8.1	0.02	8	6480	买盘
11:14:09	8.08	--	0	0	卖盘
11:14:04	8.08	-0.01	115	92920	卖盘
11:13:58	8.09	--	83	67794	买盘
11:13:54	8.09	--	10	8090	买盘
11:13:49	8.09	--	76	61484	买盘
11:13:43	8.09	--	10	8090	买盘
11:13:34	8.09	0.01	18	14570	买盘
11:13:28	8.08	--	10	8080	卖盘
11:13:19	8.08	--	10	8096	卖盘
11:13:13	8.08	--	46	37168	卖盘
11:13:04	8.08	--	69	55752	卖盘
11:12:58	8.08	--	116	93728	卖盘
11:12:54	8.08	-0.01	45	36489	卖盘
11:12:49	8.09	0.01	44	35596	买盘
11:12:43	8.08	-0.01	30	24312	卖盘
11:12:39	8.09	--	50	40450	买盘
11:12:34	8.09	--	509	411781	买盘
11:12:28	8.09	-0.01	200	161800	卖盘
11:12:19	8.1	--	6	4860	买盘
11:12:13	8.1	--	20	16200	买盘
11:12:09	8.1	0.01	859	695790	买盘
11:12:04	8.09	--	15	12135	卖盘
11:11:49	8.09	--	10	8090	卖盘
11:11:28	8.09	--	1140	922429	买盘
11:11:19	8.09	0.01	127	102743	买盘
11:11:09	8.08	--	8	6464	卖盘
11:11:04	8.08	0.01	37	29896	中性盘
11:10:58	8.07	-0.01	248	200733	卖盘
11:10:49	8.08	--	65	52730	卖盘
11:10:43	8.08	--	25	20797	卖盘
11:10:39	8.08	--	59	47672	卖盘
11:10:34	8.08	--	15	12120	卖盘
11:10:28	8.08	0.01	54	43632	买盘
11:10:24	8.07	--	149	120243	买盘
11:10:19	8.07	--	162	130734	卖盘
11:10:13	8.07	--	26	20982	卖盘
11:10:04	8.07	-0.01	8	6456	卖盘
11:09:58	8.08	0.02	9	7272	中性盘
11:09:54	8.06	-0.02	54	43524	卖盘
11:09:49	8.08	-0.02	44	35899	卖盘
11:09:43	8.1	-0.02	10	8100	卖盘
11:09:39	8.12	--	0	0	买盘
11:09:34	8.12	--	5	4059	买盘
11:09:28	8.12	0.06	1	811	中性盘
11:09:24	8.06	-0.06	7801	6287606	卖盘
11:09:19	8.12	-0.01	87	70806	卖盘
11:09:13	8.13	--	159	129267	卖盘
11:09:04	8.13	--	12	9756	卖盘
11:08:43	8.13	-0.01	26	21138	卖盘
11:08:34	8.14	0.01	14	11396	买盘
11:08:28	8.13	--	4	3252	卖盘
11:08:23	8.13	--	8	6504	卖盘
11:08:19	8.13	--	5	4065	卖盘
11:08:13	8.13	--	2	1626	卖盘
11:08:07	8.13	--	34	27642	卖盘
11:08:04	8.13	--	4	3252	卖盘
11:07:58	8.13	--	77	62601	卖盘
11:07:52	8.13	--	3	2439	卖盘
11:07:49	8.13	--	40	32520	卖盘
11:07:43	8.13	0.01	260	211380	买盘
11:07:37	8.12	--	6	4871	买盘
11:07:28	8.12	-0.01	63	51155	卖盘
11:07:22	8.13	0.01	10	8130	买盘
11:07:13	8.12	--	151	122611	卖盘
11:07:07	8.12	0.02	88	71456	买盘
11:06:58	8.1	--	136	110160	买盘
11:06:52	8.1	--	53	42930	买盘
11:06:43	8.1	--	203	164430	卖盘
11:06:28	8.1	-0.02	2	1620	卖盘
11:06:22	8.12	0.02	14	11367	买盘
11:06:18	8.1	--	4	3240	卖盘
11:06:13	8.1	--	89	72090	买盘
11:06:07	8.1	--	107	86670	卖盘
11:05:58	8.1	-0.02	50	40500	卖盘
11:05:52	8.12	-0.01	32	25983	买盘
11:05:37	8.13	--	16	13008	买盘
11:05:28	8.13	--	24	19512	买盘
11:05:18	8.13	--	3	2439	买盘
11:05:13	8.13	--	12	9756	卖盘
11:05:07	8.13	-0.01	77	63210	卖盘
11:05:03	8.14	--	4834	3934876	买盘
11:04:58	8.14	0.01	4	3256	买盘
11:04:52	8.13	-0.01	5	4065	卖盘
11:04:37	8.14	0.01	2	1628	买盘
11:04:33	8.13	--	10	8268	卖盘
11:04:28	8.13	-0.01	20	16325	卖盘
11:04:22	8.14	--	1	814	买盘
11:04:18	8.14	-0.01	10	8140	买盘
11:04:13	8.15	--	0	0	买盘
11:04:07	8.15	0.02	2	1630	买盘
11:04:03	8.13	-0.01	48	39024	卖盘
11:03:58	8.14	--	21	17094	卖盘
11:03:52	8.14	--	7	5698	买盘
11:03:48	8.14	--	125	101750	卖盘
11:03:37	8.14	-0.01	100	81400	卖盘
11:03:13	8.15	--	153	124695	买盘
11:03:07	8.15	--	9	7335	买盘
11:03:03	8.15	--	50	40750	买盘
11:02:58	8.15	0.01	40	32600	买盘
11:02:48	8.14	-0.01	48	39072	卖盘
11:02:43	8.15	--	179	145885	买盘
11:02:37	8.15	--	13	10595	买盘
11:02:33	8.15	--	10	8150	买盘
11:02:28	8.15	--	24	19560	买盘
11:02:22	8.15	--	39	31785	卖盘
11:02:18	8.15	--	1	815	卖盘
11:02:03	8.15	--	6	4890	买盘
11:01:58	8.15	-0.01	1	815	买盘
11:01:52	8.16	0.01	88	71808	买盘
11:01:47	8.15	-0.01	8	6520	买盘
11:01:43	8.16	0.01	486	396576	买盘
11:01:37	8.15	--	126	102690	买盘
11:01:31	8.15	--	71	57865	买盘
11:01:28	8.15	--	44	35860	买盘
11:01:22	8.15	--	35	28525	买盘
11:01:16	8.15	--	44	35860	买盘
11:01:07	8.15	--	1	815	卖盘
11:00:52	8.15	-0.01	20	16300	卖盘
11:00:46	8.16	0.01	5	4080	买盘
11:00:42	8.15	--	6	4890	卖盘
11:00:31	8.15	--	3	2445	卖盘
11:00:27	8.15	0.01	36	29747	买盘
11:00:22	8.14	--	30	24420	买盘
11:00:16	8.14	-0.02	73	59422	卖盘
11:00:12	8.16	0.01	288	235008	买盘
11:00:07	8.15	0.01	44	35860	买盘
11:00:01	8.14	--	1	814	卖盘
10:59:16	8.14	--	20	16280	卖盘
10:59:12	8.14	0.01	5	4070	买盘
10:59:07	8.13	-0.01	28	22764	卖盘
10:59:01	8.14	--	12	9768	买盘
10:58:52	8.14	0.01	113	91982	买盘
10:58:46	8.13	--	8	6504	卖盘
10:58:37	8.13	--	22	17886	卖盘
10:58:16	8.13	--	104	84552	卖盘
10:58:07	8.13	--	1	813	卖盘
10:57:57	8.13	-0.01	15	12195	卖盘
10:57:52	8.14	0.01	2	1628	买盘
10:57:46	8.13	-0.01	3	2439	卖盘
10:57:42	8.14	--	22	17908	买盘
10:57:37	8.14	-0.01	52	42328	卖盘
10:57:31	8.15	0.02	3	2445	买盘
10:57:22	8.13	-0.01	10	8130	卖盘
10:57:16	8.14	--	10	8140	卖盘
10:57:12	8.14	--	5	4070	卖盘
10:57:07	8.14	0.01	10	8140	中性盘
10:57:01	8.13	--	500	406500	卖盘
10:56:57	8.13	-0.01	21	17073	卖盘
10:56:52	8.14	0.01	32	26048	买盘
10:56:46	8.13	--	92	74796	卖盘
10:56:42	8.13	--	5	4065	卖盘
10:56:37	8.13	-0.01	3	2439	卖盘
10:56:31	8.14	--	19	15466	买盘
10:56:27	8.14	--	100	81400	买盘
10:56:16	8.14	--	82	66748	买盘
10:56:12	8.14	--	2	1628	买盘
10:56:07	8.14	-0.01	979	796906	卖盘
10:56:01	8.15	--	32	26080	买盘
10:55:57	8.15	--	288	234720	买盘
10:55:46	8.15	--	5	4075	买盘
10:55:42	8.15	--	20	16300	买盘
10:55:37	8.15	--	2	1630	买盘
10:55:31	8.15	--	30	24450	买盘
10:55:22	8.15	--	8	6520	买盘
10:55:16	8.15	--	53	43195	卖盘
10:55:07	8.15	--	7	5705	买盘
10:55:01	8.15	--	68	55420	买盘
10:54:56	8.15	--	50	40750	买盘
10:54:52	8.15	--	110	89650	买盘
10:54:46	8.15	--	4	3260	买盘
10:54:42	8.15	--	43	35045	买盘
10:54:37	8.15	--	10	8150	买盘
10:54:25	8.15	--	98	79870	买盘
10:54:10	8.15	--	4	3260	买盘
10:54:06	8.15	--	42	34230	卖盘
10:54:01	8.15	--	46	37490	卖盘
10:53:55	8.15	0.01	183	149145	买盘
10:53:51	8.14	--	3	2442	卖盘
10:53:46	8.14	-0.01	90	73260	卖盘
10:53:40	8.15	--	30	24450	买盘
10:53:36	8.15	--	5	4075	买盘
10:53:31	8.15	-0.01	71	57865	卖盘
10:53:25	8.16	--	25	20400	买盘
10:53:21	8.16	-0.01	30	24480	买盘
10:53:10	8.17	0.01	105	85785	买盘
10:53:06	8.16	0.01	30	24480	买盘
10:53:01	8.15	--	70	57050	卖盘
10:52:46	8.15	--	118	96504	买盘
10:52:40	8.15	--	20	16300	买盘
10:52:36	8.15	--	10	8150	买盘
10:52:21	8.15	0.01	7	5705	买盘
10:52:16	8.14	0.01	33	26862	买盘
10:52:10	8.13	--	413	335769	卖盘
10:52:06	8.13	--	5	4065	卖盘
10:52:01	8.13	--	281	228453	买盘
10:51:51	8.13	--	50	40650	买盘
10:51:46	8.13	--	21	17073	买盘
10:51:31	8.13	--	49	39837	买盘
10:51:25	8.13	--	158	128454	卖盘
10:51:16	8.13	-0.01	10	8130	卖盘
10:51:10	8.14	--	180	146520	买盘
10:51:06	8.14	--	34	27676	买盘
10:51:01	8.14	-0.01	2	1628	买盘
10:50:55	8.15	0.02	449	365935	买盘
10:50:51	8.13	--	7	5691	买盘
10:50:46	8.13	--	10	8130	买盘
10:50:36	8.13	--	10	8130	买盘
10:50:31	8.13	0.01	20	16260	买盘
10:50:25	8.12	--	3	2435	卖盘
10:50:21	8.12	--	0	0	卖盘
10:50:16	8.12	--	186	151032	卖盘
10:50:01	8.12	--	1	811	卖盘
10:49:55	8.12	0.01	29	23547	买盘
10:49:46	8.11	--	17	13786	卖盘
10:49:40	8.11	--	3	2433	卖盘
10:49:31	8.11	-0.04	6	4866	卖盘
10:49:25	8.15	0.04	1013	825595	买盘
10:49:16	8.11	--	174	141114	卖盘
10:49:10	8.11	--	11	8921	卖盘
10:49:06	8.11	--	5	4054	买盘
10:49:01	8.11	-0.01	2	1622	买盘
10:48:46	8.12	0.01	38	30855	买盘
10:48:40	8.11	-0.01	3	2433	卖盘
10:48:31	8.12	--	30	24359	买盘
10:48:25	8.12	0.01	40	32479	买盘
10:48:19	8.11	0.01	69	55958	卖盘
10:48:04	8.1	--	1	810	卖盘
10:48:01	8.1	-0.02	5	4050	卖盘
10:47:55	8.12	0.02	5	4059	买盘
10:47:46	8.1	0.01	515	417336	买盘
10:47:40	8.09	-0.01	749	606588	卖盘
10:47:34	8.1	--	1535	1243350	买盘
10:47:19	8.1	--	10	8100	买盘
10:47:04	8.1	0.01	50	40500	买盘
10:46:55	8.09	-0.01	58	46922	卖盘
10:46:49	8.1	--	52	42120	买盘
10:46:45	8.1	0.01	3	2430	买盘
10:46:40	8.09	--	12	9708	卖盘
10:46:30	8.09	-0.01	12	9708	卖盘
10:46:25	8.1	0.01	16	12960	买盘
10:46:19	8.09	--	130	105331	买盘
10:46:15	8.09	--	10	8090	买盘
10:46:10	8.09	0.01	145	117507	买盘
10:46:04	8.08	-0.01	15	12120	卖盘
10:46:00	8.09	--	38	30742	买盘
10:45:49	8.09	--	48	38832	买盘
10:45:45	8.09	0.01	2	1618	买盘
10:45:40	8.08	-0.01	10	8217	卖盘
10:45:34	8.09	--	118	95478	买盘
10:45:30	8.09	-0.01	92	75026	卖盘
10:45:25	8.1	0.01	63	51030	买盘
10:45:19	8.09	--	386	312274	卖盘
10:45:15	8.09	--	3	2427	卖盘
10:45:04	8.09	--	72	58256	卖盘
10:45:00	8.09	-0.01	10	8154	卖盘
10:44:55	8.1	0.01	686	555660	买盘
10:44:49	8.09	--	93	75237	卖盘
10:44:45	8.09	-0.01	3	2427	卖盘
10:44:40	8.1	0.01	1	810	买盘
10:44:25	8.09	-0.01	273	220986	卖盘
10:44:19	8.1	0.01	1	810	买盘
10:44:10	8.09	--	84	67956	卖盘
10:44:00	8.09	--	0	0	卖盘
10:43:55	8.09	-0.01	208	168272	卖盘
10:43:49	8.1	--	210	170100	卖盘
10:43:40	8.1	--	76	61851	买盘
10:43:34	8.1	0.01	70	56700	买盘
10:43:30	8.09	-0.01	29	23517	卖盘
10:43:25	8.1	-0.01	378	306698	卖盘
10:43:15	8.11	0.01	1	811	买盘
10:43:10	8.1	--	73	59616	卖盘
10:43:00	8.1	-0.01	15	12150	卖盘
10:42:55	8.11	--	2	1622	买盘
10:42:49	8.11	0.01	1	811	买盘
10:42:45	8.1	-0.01	1	810	卖盘
10:42:40	8.11	0.01	1	811	买盘
10:42:34	8.1	-0.01	38	30780	卖盘
10:42:30	8.11	--	2	1622	买盘
10:42:25	8.11	--	16	12976	卖盘
10:42:19	8.11	--	1	811	卖盘
10:42:10	8.11	--	19	15408	卖盘
10:42:04	8.11	0.01	96	77856	买盘
10:41:58	8.1	-0.02	20	16200	卖盘
10:41:55	8.12	0.02	62	50343	买盘
10:41:49	8.1	--	12	9720	卖盘
10:41:43	8.1	--	679	550605	买盘
10:41:34	8.1	0.01	406	328860	买盘
10:41:28	8.09	-0.01	139	112531	卖盘
10:41:24	8.1	0.01	501	405810	买盘
10:41:19	8.09	-0.01	51	41259	卖盘
10:41:13	8.1	--	132	106920	买盘
10:41:10	8.1	--	27	22007	买盘
10:41:04	8.1	--	20	16200	买盘
10:40:58	8.1	0.01	234	189540	买盘
10:40:54	8.09	--	20	16268	卖盘
10:40:43	8.09	-0.01	310	250790	卖盘
10:40:39	8.1	--	2	1620	买盘
10:40:28	8.1	--	47	38070	买盘
10:40:24	8.1	--	20	16200	买盘
10:40:19	8.1	--	5	4050	买盘
10:40:13	8.1	--	292	236714	卖盘
10:40:09	8.1	--	42	34020	卖盘
10:40:04	8.1	--	30	24300	卖盘
10:39:58	8.1	--	10	8205	卖盘
10:39:49	8.1	--	1092	884520	卖盘
10:39:43	8.1	--	57	46170	卖盘
10:39:39	8.1	-0.01	10	8100	卖盘
10:39:34	8.11	--	423	343053	买盘
10:39:28	8.11	0.01	3	2433	买盘
10:39:24	8.1	--	4	3240	卖盘
10:39:19	8.1	--	820	664200	卖盘
10:39:13	8.1	--	299	242190	卖盘
10:39:09	8.1	--	35	28350	卖盘
10:39:04	8.1	--	88	71280	卖盘
10:38:58	8.1	--	94	76140	卖盘
10:38:54	8.1	--	2	1620	卖盘
10:38:49	8.1	0.01	236	191670	买盘
10:38:43	8.09	--	436	352724	卖盘
10:38:39	8.09	--	152	123129	买盘
10:38:34	8.09	--	15	12135	买盘
10:38:28	8.09	0.01	10	8090	买盘
10:38:24	8.08	-0.01	3	2424	卖盘
10:38:19	8.09	--	432	350135	卖盘
10:38:13	8.09	--	99	80091	卖盘
10:38:09	8.09	--	144	116496	卖盘
10:38:04	8.09	--	205	165845	卖盘
10:37:58	8.09	--	124	100316	卖盘
10:37:49	8.09	0.01	315	254996	买盘
10:37:43	8.08	-0.01	146	117968	卖盘
10:37:39	8.09	0.01	15	12135	买盘
10:37:34	8.08	-0.01	2024	1635561	卖盘
10:37:28	8.09	--	41	33169	买盘
10:37:19	8.09	--	362	293505	卖盘
10:37:09	8.09	-0.01	32	25928	卖盘
10:37:04	8.1	--	179	145111	买盘
10:36:58	8.1	--	17	13770	买盘
10:36:54	8.1	--	63	51030	买盘
10:36:49	8.1	--	313	253829	卖盘
10:36:43	8.1	--	374	302940	卖盘
10:36:34	8.1	--	314	254340	卖盘
10:36:28	8.1	--	106	85860	卖盘
10:36:19	8.1	-0.01	510	413100	卖盘
10:36:13	8.11	0.01	80	64879	买盘
10:36:09	8.1	-0.01	6	4860	卖盘
10:35:54	8.11	0.01	2	1622	买盘
10:35:49	8.1	0.02	322	261330	买盘
10:35:43	8.08	-0.01	869	702152	卖盘
10:35:39	8.09	0.01	3	2427	中性盘
10:35:34	8.08	-0.01	206	166448	卖盘
10:35:28	8.09	-0.01	133	107597	卖盘
10:35:22	8.1	0.01	437	353994	买盘
10:35:19	8.09	--	270	218430	卖盘
10:35:13	8.09	-0.01	20	16180	卖盘
10:35:07	8.1	0.01	40	32400	买盘
10:35:04	8.09	--	33	26697	卖盘
10:34:58	8.09	-0.01	611	494299	卖盘
10:34:52	8.1	--	6	4860	买盘
10:34:37	8.1	--	43	34830	买盘
10:34:33	8.1	--	1	810	买盘
10:34:28	8.1	--	10	8100	买盘
10:34:22	8.1	--	20	16200	买盘
10:34:18	8.1	--	2	1620	买盘
10:34:13	8.1	0.02	575	465750	卖盘
10:34:07	8.08	-0.03	5616	4537728	卖盘
10:33:58	8.11	0.01	45	36495	买盘
10:33:52	8.1	-0.01	32	26057	卖盘
10:33:48	8.11	--	26	21134	买盘
10:33:43	8.11	--	7	5677	买盘
10:33:33	8.11	0.01	20	16219	买盘
10:33:28	8.1	-0.01	57	46170	卖盘
10:33:22	8.11	0.01	2	1622	买盘
10:33:18	8.1	--	43	34830	卖盘
10:33:13	8.1	--	566	458662	卖盘
10:33:07	8.1	-0.01	18	14580	卖盘
10:32:58	8.11	--	19	15408	买盘
10:32:52	8.11	0.01	18	14597	买盘
10:32:48	8.1	--	1	810	卖盘
10:32:43	8.1	--	257	208170	卖盘
10:32:37	8.1	--	15	12150	卖盘
10:32:33	8.1	--	1	810	卖盘
10:32:28	8.1	--	8	6480	卖盘
10:32:22	8.1	-0.01	14	11340	卖盘
10:32:18	8.11	0.01	30	24330	买盘
10:32:13	8.1	-0.01	255	206849	卖盘
10:32:07	8.11	--	1	811	卖盘
10:32:03	8.11	0.01	63	51603	买盘
10:31:58	8.1	--	25	20250	卖盘
10:31:52	8.1	-0.01	115	93150	卖盘
10:31:48	8.11	--	20	16219	买盘
10:31:37	8.11	-0.01	239	194202	卖盘
10:31:33	8.12	0.01	1	811	买盘
10:31:28	8.11	-0.01	10	8182	卖盘
10:31:22	8.12	0.01	720	584640	买盘
10:31:13	8.11	-0.01	563	456592	卖盘
10:31:07	8.12	--	11	9183	买盘
10:31:03	8.12	0.01	10	8119	买盘
10:30:58	8.11	--	39	31628	卖盘
10:30:52	8.11	-0.01	11	9107	卖盘
10:30:48	8.12	--	5	4059	买盘
10:30:43	8.12	--	10	8119	买盘
10:30:37	8.12	0.01	28	22735	买盘
10:30:33	8.11	--	7	5677	卖盘
10:30:28	8.11	--	344	278984	卖盘
10:30:22	8.11	-0.01	13	10543	卖盘
10:30:18	8.12	0.01	313	254155	买盘
10:30:13	8.11	-0.01	515	417664	卖盘
10:30:07	8.12	--	50	40599	买盘
10:29:58	8.12	--	31	25171	买盘
10:29:52	8.12	0.01	3	2435	买盘
10:29:43	8.11	--	52	42172	卖盘
10:29:37	8.11	-0.01	371	300913	卖盘
10:29:33	8.12	--	8	6495	买盘
10:29:28	8.12	--	312	253343	买盘
10:29:22	8.12	0.01	14	11416	买盘
10:29:13	8.11	--	500	405500	卖盘
10:29:07	8.11	-0.01	23	18653	卖盘
10:29:01	8.12	0.01	50	40599	买盘
10:28:58	8.11	-0.01	28	22708	卖盘
10:28:52	8.12	--	10	8119	买盘
10:28:46	8.12	0.01	2	1623	买盘
10:28:43	8.11	-0.01	16	13105	卖盘
10:28:37	8.12	0.01	209	169707	买盘
10:28:31	8.11	-0.01	13	10559	卖盘
10:28:22	8.12	--	3	2435	买盘
10:28:16	8.12	--	5	4059	买盘
10:28:12	8.12	--	57	46283	卖盘
10:28:07	8.12	-0.01	510	414119	卖盘
10:28:01	8.13	0.01	402	326826	买盘
10:27:57	8.12	--	8	6495	卖盘
10:27:52	8.12	-0.01	10	8119	卖盘
10:27:46	8.13	0.01	100	81300	买盘
10:27:42	8.12	-0.01	20	16239	卖盘
10:27:37	8.13	--	43	34959	卖盘
10:27:22	8.13	--	35	28455	买盘
10:27:16	8.13	0.01	10	8130	买盘
10:27:12	8.12	-0.01	289	234667	卖盘
10:27:07	8.13	-0.01	237	192998	卖盘
10:26:52	8.14	0.01	648	527472	买盘
10:26:46	8.13	--	65	52845	卖盘
10:26:42	8.13	-0.01	154	125202	卖盘
10:26:37	8.14	--	110	89540	买盘
10:26:31	8.14	0.01	76	61864	买盘
10:26:16	8.13	--	820	667155	买盘
10:26:12	8.13	--	50	40650	买盘
10:26:01	8.13	--	4	3252	买盘
10:25:57	8.13	--	6	4878	买盘
10:25:52	8.13	--	224	182429	卖盘
10:25:46	8.13	--	662	538206	卖盘
10:25:42	8.13	--	1	813	卖盘
10:25:37	8.13	--	181	147648	买盘
10:25:31	8.13	--	222	180486	买盘
10:25:22	8.13	0.02	1	813	买盘
10:25:16	8.11	-0.02	100	81100	卖盘
10:25:12	8.13	0.01	431	350403	买盘
10:25:07	8.12	-0.01	310	251719	卖盘
10:25:01	8.13	--	12	9756	买盘
10:24:57	8.13	0.01	303	246339	买盘
10:24:52	8.12	-0.01	37	30043	卖盘
10:24:46	8.13	--	5	4065	买盘
10:24:42	8.13	0.02	3	2439	买盘
10:24:37	8.11	-0.02	253	205183	卖盘
10:24:31	8.13	--	5	4065	买盘
10:24:27	8.13	--	20	16260	买盘
10:24:22	8.13	--	36	29268	买盘
10:24:16	8.13	0.01	415	337395	买盘
10:24:12	8.12	--	31	25171	买盘
10:24:07	8.12	--	289	234667	卖盘
10:24:01	8.12	--	115	93379	卖盘
10:23:57	8.12	--	21	17052	卖盘
10:23:52	8.12	-0.01	130	105559	买盘
10:23:46	8.13	0.01	114	93486	买盘
10:23:37	8.12	--	153	124235	卖盘
10:23:31	8.12	--	18	14624	卖盘
10:23:27	8.12	0.01	2	1623	买盘
10:23:22	8.11	-0.01	11	8921	卖盘
10:23:16	8.12	--	200	162399	买盘
10:23:06	8.12	-0.01	370	300764	卖盘
10:23:01	8.13	--	6	4878	买盘
10:22:57	8.13	--	10	8130	买盘
10:22:52	8.13	--	2	1626	买盘
10:22:46	8.13	--	276	224388	买盘
10:22:41	8.13	-0.01	1137	924381	卖盘
10:22:37	8.14	0.01	25	20350	买盘
10:22:22	8.13	--	1	813	卖盘
10:22:16	8.13	--	466	378858	买盘
10:22:06	8.13	-0.01	41	33333	买盘
10:22:01	8.14	0.01	307	249898	买盘
10:21:55	8.13	--	486	395118	卖盘
10:21:40	8.13	--	94	76909	买盘
10:21:31	8.13	0.01	60	48780	买盘
10:21:25	8.12	--	50	40599	中性盘
10:21:21	8.12	0.01	300	243599	买盘
10:21:16	8.11	-0.01	18	14597	卖盘
10:21:10	8.12	0.01	112	90943	买盘
10:21:06	8.11	--	68	55147	买盘
10:21:01	8.11	--	741	600951	买盘
10:20:55	8.11	--	126	102186	买盘
10:20:46	8.11	--	103	83533	买盘
10:20:40	8.11	0.01	48	38928	买盘
10:20:31	8.1	-0.01	25	20250	卖盘
10:20:16	8.11	0.01	35	28384	买盘
10:20:06	8.1	-0.01	1	810	卖盘
10:20:01	8.11	-0.01	100	81100	卖盘
10:19:55	8.12	0.02	1	811	买盘
10:19:51	8.1	--	18	14580	卖盘
10:19:46	8.1	-0.02	117	94770	卖盘
10:19:31	8.12	0.02	50	40599	中性盘
10:19:21	8.1	--	100	81000	卖盘
10:19:16	8.1	--	200	162000	卖盘
10:19:10	8.1	--	32	25920	卖盘
10:19:01	8.1	--	500	405000	卖盘
10:18:55	8.1	--	19	15390	卖盘
10:18:51	8.1	--	6	4860	卖盘
10:18:46	8.1	--	227	184194	卖盘
10:18:40	8.1	--	496	402084	买盘
10:18:36	8.1	--	5	4050	买盘
10:18:31	8.1	--	113	91530	买盘
10:18:25	8.1	--	168	136080	卖盘
10:18:21	8.1	0.01	44	35640	卖盘
10:18:16	8.09	-0.01	162	131058	卖盘
10:18:10	8.1	--	425	344250	买盘
10:18:06	8.1	--	8	6480	买盘
10:18:01	8.1	0.01	537	434970	买盘
10:17:55	8.09	-0.01	16	13105	卖盘
10:17:51	8.1	--	12	10368	卖盘
10:17:46	8.1	--	554	448740	卖盘
10:17:40	8.1	0.01	99	80190	买盘
10:17:36	8.09	-0.01	259	209531	卖盘
10:17:31	8.1	--	35	28350	买盘
10:17:25	8.1	--	46	37260	买盘
10:17:16	8.1	--	44	36126	卖盘
10:17:10	8.1	--	107	86994	卖盘
10:17:06	8.1	--	122	98820	卖盘
10:17:01	8.1	--	5	4050	中性盘
10:16:55	8.1	-0.02	12	9720	卖盘
10:16:51	8.12	0.01	11	8932	买盘
10:16:46	8.11	--	96	77856	卖盘
10:16:40	8.11	0.02	13	10543	卖盘
10:16:36	8.09	-0.03	5	4045	卖盘
10:16:31	8.12	0.02	277	225411	买盘
10:16:25	8.1	-0.01	1583	1282554	卖盘
10:16:21	8.11	-0.01	129	104618	卖盘
10:16:16	8.12	--	22	17864	买盘
10:16:10	8.12	0.01	7	5683	买盘
10:16:05	8.11	-0.01	15	12165	卖盘
10:15:55	8.12	-0.02	262	212906	卖盘
10:15:50	8.14	--	0	0	买盘
10:15:45	8.14	0.01	473	385022	买盘
10:15:40	8.13	--	3	2439	卖盘
10:15:34	8.13	-0.01	1	813	中性盘
10:15:30	8.14	0.01	104	84656	买盘
10:15:25	8.13	0.01	20	16260	中性盘
10:15:19	8.12	--	500	405999	卖盘
10:15:10	8.12	--	366	297516	卖盘
10:15:04	8.12	--	52	42223	卖盘
10:14:55	8.12	-0.01	511	414931	卖盘
10:14:49	8.13	--	2	1626	买盘
10:14:45	8.13	0.01	13	10569	买盘
10:14:40	8.12	--	0	0	卖盘
10:14:34	8.12	-0.01	308	250095	卖盘
10:14:30	8.13	--	11	8943	卖盘
10:14:25	8.13	--	1	1138	买盘
10:14:19	8.13	--	31	25203	买盘
10:14:10	8.13	--	45	36585	买盘
10:14:04	8.13	--	70	56910	买盘
10:14:00	8.13	--	11	8943	买盘
10:13:55	8.13	-0.01	425	345931	卖盘
10:13:49	8.14	0.01	50	40700	买盘
10:13:45	8.13	--	240	195526	卖盘
10:13:40	8.13	-0.01	27	21951	卖盘
10:13:30	8.14	--	14	11396	买盘
10:13:25	8.14	--	34	27676	买盘
10:13:19	8.14	--	15	12210	买盘
10:13:10	8.14	--	10	8140	买盘
10:13:04	8.14	--	622	506308	买盘
10:13:00	8.14	--	5	4070	买盘
10:12:55	8.14	0.01	564	459096	买盘
10:12:49	8.13	-0.01	35	28455	卖盘
10:12:40	8.14	--	82	66748	买盘
10:12:34	8.14	--	64	52096	买盘
10:12:19	8.14	0.01	6	4884	买盘
10:12:15	8.13	-0.01	5	4065	卖盘
10:12:10	8.14	--	8	6512	买盘
10:12:04	8.14	0.01	304	247456	买盘
10:12:00	8.13	--	66	53658	买盘
10:11:55	8.13	--	384	312192	卖盘
10:11:49	8.13	--	43	34959	卖盘
10:11:45	8.13	--	15	12195	卖盘
10:11:40	8.13	--	6	4878	卖盘
10:11:34	8.13	0.01	5	4065	卖盘
10:11:25	8.12	--	211	171331	卖盘
10:11:19	8.12	--	59	47907	卖盘
10:11:10	8.12	--	3	2435	卖盘
10:11:04	8.12	--	1039	843667	卖盘
10:10:55	8.12	--	86	69832	卖盘
10:10:49	8.12	-0.01	19	15427	卖盘
10:10:40	8.13	--	215	174795	买盘
10:10:34	8.13	0.01	20	16260	买盘
10:10:19	8.12	0.01	33	26795	买盘
10:10:15	8.11	-0.01	134	108673	卖盘
10:10:10	8.12	--	97	78763	买盘
10:10:04	8.12	0.01	185	150220	买盘
10:09:59	8.11	--	3	2433	买盘
10:09:55	8.11	--	357	289527	买盘
10:09:49	8.11	--	1272	1031591	卖盘
10:09:45	8.11	0.01	110	89210	卖盘
10:09:39	8.1	-0.01	110	89100	卖盘
10:09:34	8.11	--	8	6488	卖盘
10:09:29	8.11	--	70	56769	买盘
10:09:25	8.11	--	30	24330	买盘
10:09:19	8.11	0.01	70	56769	中性盘
10:09:13	8.1	-0.01	103	83430	卖盘
10:09:04	8.11	0.01	630	510929	买盘
10:08:58	8.1	0.01	419	339390	买盘
10:08:54	8.09	-0.01	30	24270	卖盘
10:08:49	8.1	--	509	412290	买盘
10:08:43	8.1	--	262	212220	买盘
10:08:39	8.1	0.01	10	8100	买盘
10:08:34	8.09	-0.01	153	123777	卖盘
10:08:28	8.1	--	227	183870	买盘
10:08:19	8.1	0.02	12	9720	中性盘
10:08:13	8.08	-0.02	118	95344	卖盘
10:08:09	8.1	--	8	6480	卖盘
10:08:04	8.1	--	886	717660	买盘
10:07:58	8.1	0.01	53	42930	买盘
10:07:54	8.09	--	35	28315	卖盘
10:07:49	8.09	-0.01	506	409354	卖盘
10:07:43	8.1	0.01	118	95580	买盘
10:07:39	8.09	-0.01	423	342207	卖盘
10:07:34	8.1	--	85	68850	买盘
10:07:28	8.1	--	732	592920	卖盘
10:07:24	8.1	--	95	76950	卖盘
10:07:19	8.1	-0.01	692	560520	卖盘
10:07:13	8.11	0.01	109	88399	买盘
10:07:09	8.1	--	32	25920	卖盘
10:07:04	8.1	--	442	358020	买盘
10:06:58	8.1	--	161	130410	买盘
10:06:54	8.1	0.01	50	40500	买盘
10:06:49	8.09	-0.01	1380	1116420	卖盘
10:06:43	8.1	--	191	154710	买盘
10:06:39	8.1	0.01	12	9720	买盘
10:06:34	8.09	-0.01	52	42068	卖盘
10:06:28	8.1	--	1122	908820	卖盘
10:06:24	8.1	--	132	106920	卖盘
10:06:19	8.1	-0.01	215	174150	卖盘
10:06:13	8.11	0.01	17	13786	买盘
10:06:09	8.1	-0.01	1	810	卖盘
10:06:04	8.11	--	20	16219	买盘
10:05:58	8.11	--	329	266819	卖盘
10:05:53	8.11	-0.01	172	139492	卖盘
10:05:49	8.12	-0.01	1821	1478651	卖盘
10:05:43	8.13	--	46	37398	买盘
10:05:39	8.13	--	211	171543	卖盘
10:05:34	8.13	-0.01	97	78861	卖盘
10:05:28	8.14	--	138	112332	买盘
10:05:24	8.14	--	13	10582	买盘
10:05:19	8.14	0.01	50	40700	买盘
10:05:13	8.13	-0.01	220	178860	卖盘
10:05:04	8.14	0.01	614	499796	买盘
10:04:58	8.13	--	126	102438	买盘
10:04:54	8.13	0.01	2	1626	买盘
10:04:49	8.12	-0.02	601	488011	卖盘
10:04:43	8.14	0.01	116	94424	买盘
10:04:39	8.13	0.01	38	30894	买盘
10:04:34	8.12	--	396	321551	卖盘
10:04:28	8.12	-0.01	15	12179	卖盘
10:04:24	8.13	0.01	12	9756	买盘
10:04:19	8.12	--	46	37352	卖盘
10:04:13	8.12	--	79	64147	卖盘
10:04:09	8.12	0.01	115	93379	买盘
10:04:04	8.11	-0.01	179	145169	卖盘
10:03:58	8.12	0.01	419	340227	买盘
10:03:53	8.11	-0.01	4	3244	卖盘
10:03:49	8.12	0.01	127	103123	买盘
10:03:43	8.11	-0.01	78	63257	卖盘
10:03:38	8.12	--	69	56027	买盘
10:03:33	8.12	0.01	38	30855	买盘
10:03:23	8.11	--	57	46227	卖盘
10:03:18	8.11	-0.01	200	162200	卖盘
10:03:13	8.12	--	2	1623	买盘
10:03:07	8.12	0.01	10	8119	中性盘
10:03:03	8.11	-0.01	1664	1349504	卖盘
10:02:58	8.12	--	1	811	卖盘
10:02:52	8.12	--	3	2435	卖盘
10:02:48	8.12	--	274	222487	卖盘
10:02:43	8.12	--	6	4871	卖盘
10:02:37	8.12	0.01	35	28419	买盘
10:02:28	8.11	--	318	257897	卖盘
10:02:22	8.11	0.01	773	626903	买盘
10:02:18	8.1	-0.01	101	81810	卖盘
10:02:13	8.11	0.01	164	133004	买盘
10:02:07	8.1	--	1190	963900	买盘
10:02:03	8.1	--	5	4050	买盘
10:01:58	8.1	0.01	235	190350	买盘
10:01:52	8.09	--	74	59890	卖盘
10:01:48	8.09	-0.01	153	123777	卖盘
10:01:43	8.1	--	80	64800	买盘
10:01:37	8.1	--	98	79380	买盘
10:01:33	8.1	--	30	24300	买盘
10:01:28	8.1	--	201	162810	买盘
10:01:22	8.1	--	325	263250	买盘
10:01:18	8.1	--	101	81810	买盘
10:01:13	8.1	--	20	16200	买盘
10:01:07	8.1	-0.01	636	515160	卖盘
10:01:03	8.11	0.01	61	49471	买盘
10:00:58	8.1	--	24	19440	卖盘
10:00:52	8.1	-0.01	2	1620	卖盘
10:00:43	8.11	--	164	133004	买盘
10:00:37	8.11	0.01	144	116783	买盘
10:00:33	8.1	-0.01	3	2430	卖盘
10:00:28	8.11	0.01	112	90832	买盘
10:00:22	8.1	-0.01	117	94770	卖盘
10:00:18	8.11	--	138	111917	买盘
10:00:13	8.11	--	19	15408	买盘
10:00:07	8.11	--	620	502819	卖盘
09:59:58	8.11	--	346	280606	卖盘
09:59:52	8.11	--	10	8109	卖盘
09:59:43	8.11	0.01	13	10543	买盘
09:59:37	8.1	--	77	62370	卖盘
09:59:33	8.1	--	112	90720	卖盘
09:59:28	8.1	0.01	487	395004	买盘
09:59:22	8.09	-0.01	528	427152	卖盘
09:59:18	8.1	--	462	374220	买盘
09:59:13	8.1	0.01	66	53460	买盘
09:59:07	8.09	--	577	466793	卖盘
09:59:03	8.09	--	320	258880	卖盘
09:58:57	8.09	--	580	469220	卖盘
09:58:52	8.09	--	161	130249	卖盘
09:58:48	8.09	-0.01	402	325218	卖盘
09:58:43	8.1	0.01	341	276210	买盘
09:58:37	8.09	--	118	95462	卖盘
09:58:33	8.09	--	2	1618	卖盘
09:58:28	8.09	--	519	419871	买盘
09:58:22	8.09	--	65	52585	买盘
09:58:18	8.09	0.01	103	83327	买盘
09:58:13	8.08	-0.02	302	244016	卖盘
09:58:07	8.1	--	578	468180	买盘
09:58:02	8.1	--	508	411480	买盘
09:57:58	8.1	--	315	255150	买盘
09:57:52	8.1	-0.01	1575	1275750	卖盘
09:57:48	8.11	--	26	21086	买盘
09:57:42	8.11	0.01	23	18653	买盘
09:57:37	8.1	-0.02	171	138510	卖盘
09:57:32	8.12	0.02	21	17052	买盘
09:57:27	8.1	-0.01	1356	1098360	卖盘
09:57:22	8.11	--	536	434695	卖盘
09:57:18	8.11	--	229	185719	买盘
09:57:07	8.11	-0.01	312	253031	卖盘
09:57:03	8.12	0.01	2092	1698703	买盘
09:56:57	8.11	-0.01	326	264386	卖盘
09:56:52	8.12	0.01	205	166459	买盘
09:56:46	8.11	--	381	308991	卖盘
09:56:37	8.11	--	897	727467	买盘
09:56:31	8.11	--	250	202750	买盘
09:56:27	8.11	0.01	105	85155	买盘
09:56:22	8.1	--	243	196830	买盘
09:56:16	8.1	--	1687	1366470	卖盘
09:56:12	8.1	0.01	155	125550	中性盘
09:56:07	8.09	--	689	557449	卖盘
09:56:01	8.09	--	834	674706	卖盘
09:55:57	8.09	0.02	1049	848641	买盘
09:55:52	8.07	--	1017	820719	卖盘
09:55:46	8.07	-0.03	4527	3653289	卖盘
09:55:42	8.1	0.02	202	163620	买盘
09:55:37	8.08	-0.02	2746	2218768	卖盘
09:55:31	8.1	--	322	260820	卖盘
09:55:27	8.1	-0.01	158	127980	卖盘
09:55:22	8.11	--	420	340620	买盘
09:55:16	8.11	0.01	112	90832	买盘
09:55:07	8.1	-0.01	223	180630	卖盘
09:55:01	8.11	0.03	523	424152	买盘
09:54:57	8.08	-0.01	325	262608	卖盘
09:54:52	8.09	-0.03	1260	1019340	卖盘
09:54:46	8.12	0.01	222	180263	买盘
09:54:42	8.11	--	321	260330	买盘
09:54:37	8.11	--	1063	862092	买盘
09:54:31	8.11	--	2448	1985327	卖盘
09:54:27	8.11	-0.01	147	119216	卖盘
09:54:22	8.12	-0.01	394	319927	买盘
09:54:16	8.13	0.02	158	128454	买盘
09:54:12	8.11	--	175	141925	卖盘
09:54:07	8.11	-0.01	1834	1487374	卖盘
09:54:01	8.12	-0.01	1013	822555	卖盘
09:53:57	8.13	--	8	6504	买盘
09:53:52	8.13	--	243	197559	买盘
09:53:46	8.13	0.01	275	223575	买盘
09:53:42	8.12	0.01	41	33292	中性盘
09:53:37	8.11	-0.01	1617	1311387	卖盘
09:53:31	8.12	--	63	51155	卖盘
09:53:27	8.12	-0.01	8	6495	卖盘
09:53:22	8.13	0.02	162	131706	买盘
09:53:16	8.11	--	208	168688	卖盘
09:53:12	8.11	-0.01	632	512551	卖盘
09:53:07	8.12	0.01	117	95003	中性盘
09:53:01	8.11	-0.01	1113	902886	卖盘
09:52:57	8.12	--	154	125527	卖盘
09:52:52	8.12	0.01	438	355655	买盘
09:52:46	8.11	0.01	151	122460	买盘
09:52:42	8.1	-0.01	75	60750	卖盘
09:52:37	8.11	-0.01	145	117594	卖盘
09:52:31	8.12	--	567	460403	买盘
09:52:27	8.12	--	217	176772	卖盘
09:52:22	8.12	-0.01	1029	835547	卖盘
09:52:16	8.13	0.01	227	184551	买盘
09:52:12	8.12	-0.01	504	409247	卖盘
09:52:07	8.13	-0.01	160	130080	买盘
09:52:01	8.14	--	1163	946682	买盘
09:51:57	8.14	--	258	210012	买盘
09:51:52	8.14	-0.01	1205	980870	卖盘
09:51:46	8.15	--	39	31785	买盘
09:51:42	8.15	-0.01	534	435210	卖盘
09:51:37	8.16	0.01	143	116688	买盘
09:51:31	8.15	-0.02	75	61125	卖盘
09:51:26	8.17	0.01	70	57190	买盘
09:51:22	8.16	--	201	164016	卖盘
09:51:16	8.16	--	1	816	卖盘
09:51:12	8.16	--	193	157488	买盘
09:51:07	8.16	--	328	267648	买盘
09:51:01	8.16	-0.01	516	421056	中性盘
09:50:56	8.17	0.03	172	140524	买盘
09:50:46	8.14	-0.02	418	340252	卖盘
09:50:40	8.16	0.02	267	217872	买盘
09:50:36	8.14	--	30	24420	卖盘
09:50:31	8.14	-0.01	744	605616	卖盘
09:50:25	8.15	0.02	291	237165	买盘
09:50:21	8.13	-0.01	84	68535	卖盘
09:50:16	8.14	--	310	252340	卖盘
09:50:10	8.14	0.01	391	318274	中性盘
09:50:06	8.13	--	300	243900	卖盘
09:50:01	8.13	-0.01	105	85365	卖盘
09:49:55	8.14	--	305	248270	卖盘
09:49:51	8.14	--	42	34188	卖盘
09:49:46	8.14	--	1118	910052	买盘
09:49:40	8.14	--	287	233618	买盘
09:49:36	8.14	--	253	205942	买盘
09:49:31	8.14	0.01	215	175010	买盘
09:49:25	8.13	0.01	868	705684	买盘
09:49:21	8.12	-0.01	143	116115	卖盘
09:49:16	8.13	--	159	129267	买盘
09:49:10	8.13	--	421	342273	卖盘
09:49:06	8.13	0.01	382	310566	卖盘
09:49:01	8.12	-0.01	538	436855	卖盘
09:48:55	8.13	--	329	267477	卖盘
09:48:51	8.13	--	189	153657	卖盘
09:48:46	8.13	--	713	579669	买盘
09:48:40	8.13	--	922	749586	买盘
09:48:36	8.13	-0.02	771	626823	卖盘
09:48:31	8.15	0.01	352	286880	买盘
09:48:25	8.14	-0.01	1331	1083434	卖盘
09:48:21	8.15	-0.01	43	35045	中性盘
09:48:16	8.16	0.01	701	572016	买盘
09:48:10	8.15	0.01	234	190710	买盘
09:48:06	8.14	-0.01	321	261294	卖盘
09:48:01	8.15	--	409	333335	买盘
09:47:55	8.15	0.02	138	112470	中性盘
09:47:51	8.13	-0.03	1514	1230882	卖盘
09:47:46	8.16	-0.01	426	347616	卖盘
09:47:40	8.17	--	727	593959	买盘
09:47:36	8.17	--	180	147060	买盘
09:47:31	8.17	--	168	137256	买盘
09:47:25	8.17	--	61	49837	买盘
09:47:21	8.17	-0.01	412	336604	卖盘
09:47:16	8.18	--	405	331290	卖盘
09:47:10	8.18	--	275	224950	买盘
09:47:06	8.18	-0.01	34	27812	卖盘
09:47:00	8.19	--	130	106470	买盘
09:46:55	8.19	--	483	395577	买盘
09:46:51	8.19	0.01	36	29484	买盘
09:46:46	8.18	-0.02	327	267486	卖盘
09:46:40	8.2	--	133	109059	买盘
09:46:36	8.2	0.01	236	193519	买盘
09:46:30	8.19	--	454	371826	卖盘
09:46:25	8.19	--	187	153153	卖盘
09:46:21	8.19	--	50	40950	卖盘
09:46:16	8.19	0.01	2617	2143323	中性盘
09:46:10	8.18	-0.01	299	244582	卖盘
09:46:06	8.19	0.02	476	389844	买盘
09:46:01	8.17	--	334	272878	卖盘
09:45:55	8.17	0.01	330	269691	买盘
09:45:51	8.16	-0.01	152	124032	卖盘
09:45:46	8.17	-0.03	2615	2136455	卖盘
09:45:40	8.2	-0.01	121	99219	卖盘
09:45:36	8.21	--	60	49260	买盘
09:45:30	8.21	-0.01	1563	1283715	卖盘
09:45:25	8.22	--	187	153714	买盘
09:45:20	8.22	--	12	9864	买盘
09:45:16	8.22	-0.02	2567	2110813	卖盘
09:45:10	8.24	--	164	135136	买盘
09:45:06	8.24	0.01	115	94760	买盘
09:45:00	8.23	-0.02	92	75716	卖盘
09:44:55	8.25	0.01	1042	859650	买盘
09:44:50	8.24	--	290	238960	卖盘
09:44:45	8.24	--	1233	1015992	卖盘
09:44:40	8.24	--	163	134312	买盘
09:44:35	8.24	-0.01	121	99704	卖盘
09:44:25	8.25	0.01	1182	975150	买盘
09:44:19	8.24	--	17	14008	买盘
09:44:15	8.24	--	537	442488	卖盘
09:44:10	8.24	--	45	37080	卖盘
09:44:04	8.24	-0.01	60	49440	卖盘
09:44:00	8.25	0.01	116	95700	买盘
09:43:55	8.24	--	403	332072	卖盘
09:43:49	8.24	--	400	329600	卖盘
09:43:45	8.24	-0.01	128	105472	卖盘
09:43:40	8.25	--	140	115500	买盘
09:43:34	8.25	--	64	52800	卖盘
09:43:25	8.25	0.01	14	11550	卖盘
09:43:19	8.24	-0.01	134	110416	中性盘
09:43:15	8.25	--	447	368775	买盘
09:43:10	8.25	-0.01	257	212025	中性盘
09:43:04	8.26	0.01	398	328748	买盘
09:43:00	8.25	-0.01	343	282975	卖盘
09:42:55	8.26	--	8	6608	卖盘
09:42:49	8.26	0.01	479	395654	买盘
09:42:45	8.25	--	596	491700	卖盘
09:42:40	8.25	--	53	43807	买盘
09:42:34	8.25	--	75	61875	买盘
09:42:25	8.25	-0.01	471	389317	卖盘
09:42:19	8.26	0.01	143	118118	卖盘
09:42:15	8.25	-0.01	719	593175	卖盘
09:42:10	8.26	0.01	133	109858	买盘
09:42:04	8.25	-0.01	41	33825	卖盘
09:42:00	8.26	--	127	104902	买盘
09:41:55	8.26	--	87	71862	买盘
09:41:49	8.26	0.01	349	288274	买盘
09:41:45	8.25	--	3	2475	卖盘
09:41:40	8.25	--	31	25575	卖盘
09:41:34	8.25	0.01	817	674107	买盘
09:41:30	8.24	-0.01	10	8240	卖盘
09:41:25	8.25	-0.01	206	169950	卖盘
09:41:19	8.26	0.01	252	208152	买盘
09:41:15	8.25	0.01	179	147675	买盘
09:41:10	8.24	-0.01	422	347728	卖盘
09:41:04	8.25	--	301	248325	卖盘
09:41:00	8.25	--	1443	1190475	买盘
09:40:55	8.25	0.01	114	94050	买盘
09:40:49	8.24	-0.01	324	266976	卖盘
09:40:45	8.25	--	41	33825	卖盘
09:40:39	8.25	--	96	79200	卖盘
09:40:34	8.25	0.02	56	46200	中性盘
09:40:30	8.23	-0.03	55	45265	卖盘
09:40:25	8.26	--	30	24780	买盘
09:40:19	8.26	-0.02	849	701274	卖盘
09:40:15	8.28	-0.01	3783	3132323	卖盘
09:40:09	8.29	-0.01	5	4145	买盘
09:40:04	8.3	0.01	1095	908850	买盘
09:39:54	8.29	-0.01	142	117717	卖盘
09:39:49	8.3	-0.01	67	55610	卖盘
09:39:45	8.31	0.02	72	59832	买盘
09:39:40	8.29	-0.03	161	133469	卖盘
09:39:34	8.32	0.01	20	16640	买盘
09:39:29	8.31	0.01	20	16620	买盘
09:39:25	8.3	--	10	8300	买盘
09:39:19	8.3	-0.02	1119	929492	卖盘
09:39:14	8.32	0.01	126	104832	买盘
09:39:10	8.31	--	37	30747	卖盘
09:39:04	8.31	-0.01	121	100551	卖盘
09:38:59	8.32	0.01	60	49920	中性盘
09:38:54	8.31	--	81	67311	卖盘
09:38:49	8.31	--	329	273399	卖盘
09:38:44	8.31	--	10	8310	卖盘
09:38:39	8.31	0.01	385	320043	买盘
09:38:34	8.3	-0.01	525	435750	卖盘
09:38:28	8.31	--	0	0	买盘
09:38:24	8.31	0.01	193	160383	买盘
09:38:19	8.3	-0.01	22	18260	卖盘
09:38:14	8.31	0.01	632	525192	买盘
09:38:09	8.3	--	26	21580	买盘
09:38:04	8.3	0.01	146	121180	买盘
09:37:58	8.29	-0.01	78	64661	卖盘
09:37:49	8.3	0.01	172	142760	买盘
09:37:43	8.29	--	336	278544	卖盘
09:37:39	8.29	-0.02	10	8290	卖盘
09:37:34	8.31	0.01	265	220215	买盘
09:37:28	8.3	--	22	18260	卖盘
09:37:24	8.3	--	302	250660	买盘
09:37:19	8.3	-0.01	108	89640	卖盘
09:37:13	8.31	--	351	291681	买盘
09:37:09	8.31	--	327	271737	买盘
09:37:04	8.31	0.01	159	132129	买盘
09:36:58	8.3	--	63	52290	买盘
09:36:54	8.3	--	25	20750	买盘
09:36:49	8.3	--	145	120350	买盘
09:36:43	8.3	-0.03	624	517920	卖盘
09:36:39	8.33	0.02	8	6664	买盘
09:36:34	8.31	--	352	292512	买盘
09:36:28	8.31	--	53	44043	卖盘
09:36:24	8.31	-0.02	754	626574	卖盘
09:36:19	8.33	0.01	410	341530	买盘
09:36:13	8.32	--	36	29952	买盘
09:36:09	8.32	--	95	79040	卖盘
09:36:04	8.32	--	122	101504	卖盘
09:35:58	8.32	--	81	67392	买盘
09:35:54	8.32	--	54	44928	买盘
09:35:49	8.32	--	120	99840	买盘
09:35:43	8.32	-0.01	312	259584	中性盘
09:35:39	8.33	--	21	17493	买盘
09:35:34	8.33	0.01	54	44982	买盘
09:35:28	8.32	-0.01	156	129792	卖盘
09:35:24	8.33	--	37	30821	买盘
09:35:19	8.33	--	258	214914	卖盘
09:35:13	8.33	--	20	16660	卖盘
09:35:09	8.33	--	143	119119	卖盘
09:35:04	8.33	0.02	825	687225	买盘
09:34:58	8.31	--	256	212736	买盘
09:34:54	8.31	0.01	521	432951	买盘
09:34:49	8.3	0.01	431	357730	买盘
09:34:43	8.29	0.01	264	218855	买盘
09:34:39	8.28	--	435	360180	卖盘
09:34:34	8.28	0.02	104	86112	买盘
09:34:28	8.26	-0.01	137	113162	卖盘
09:34:24	8.27	--	12	9924	卖盘
09:34:19	8.27	--	76	62852	卖盘
09:34:13	8.27	0.01	453	374631	买盘
09:34:09	8.26	--	69	56994	卖盘
09:34:03	8.26	--	223	184198	买盘
09:33:58	8.26	--	101	83426	买盘
09:33:54	8.26	0.01	138	113988	买盘
09:33:48	8.25	--	128	105600	卖盘
09:33:43	8.25	--	120	99000	卖盘
09:33:39	8.25	--	43	35475	买盘
09:33:33	8.25	--	97	80025	卖盘
09:33:28	8.25	--	349	287925	卖盘
09:33:23	8.25	--	20	16500	卖盘
09:33:18	8.25	-0.01	50	41250	卖盘
09:33:13	8.26	0.01	212	175442	买盘
09:33:09	8.25	--	277	229020	卖盘
09:33:03	8.25	-0.01	318	262680	卖盘
09:32:58	8.26	--	151	124726	买盘
09:32:53	8.26	--	14	11564	买盘
09:32:48	8.26	--	238	196588	买盘
09:32:43	8.26	--	46	37996	买盘
09:32:38	8.26	--	44	36344	买盘
09:32:33	8.26	--	84	69384	卖盘
09:32:28	8.26	-0.01	160	132160	卖盘
09:32:18	8.27	0.01	26	21502	买盘
09:32:13	8.26	-0.02	131	108206	卖盘
09:32:08	8.28	0.03	88	72864	买盘
09:32:03	8.25	-0.03	134	110550	卖盘
09:31:58	8.28	-0.01	126	104327	中性盘
09:31:52	8.29	-0.01	148	122691	买盘
09:31:48	8.3	0.02	123	102090	买盘
09:31:43	8.28	-0.03	727	601956	卖盘
09:31:37	8.31	0.02	245	203595	买盘
09:31:33	8.29	-0.01	110	91189	卖盘
09:31:28	8.3	--	118	97940	买盘
09:31:22	8.3	--	135	112050	卖盘
09:31:18	8.3	-0.03	36	29880	卖盘
09:31:13	8.33	0.03	224	186592	买盘
09:31:07	8.3	--	24	19920	卖盘
09:31:03	8.3	-0.03	60	49800	卖盘
09:30:58	8.33	--	143	119119	卖盘
09:30:52	8.33	0.03	165	137445	买盘
09:30:48	8.3	0.03	116	96280	买盘
09:30:43	8.27	--	43	35561	买盘
09:30:37	8.27	-0.02	262	216674	卖盘
09:30:33	8.29	0.04	136	112743	买盘
09:30:28	8.25	-0.02	149	122925	卖盘
09:30:22	8.27	0.05	115	95105	买盘
09:30:18	8.22	--	0	0	卖盘
09:30:13	8.22	-0.03	603	495690	卖盘
09:30:07	8.25	0.01	1591	1312814	买盘
09:30:03	8.24	-0.01	561	462264	卖盘
09:28:47	8.25	--	0	0	买盘
09:25:06	8.25	8.25	4467	3685275	买盘
