成交时间	成交价	价格变动	成交量(手)	成交额(元)	性质
15:00:00	8.12	--	0	0	中性盘
15:00:00	8.12	-0.01	0	0	中性盘
14:59:59	8.13	--	258	209754	买盘
14:59:53	8.13	0.01	255	207315	买盘
14:59:49	8.12	--	59	47907	卖盘
14:59:44	8.12	0.01	41	33292	卖盘
14:59:38	8.11	-0.01	219	177609	卖盘
14:59:34	8.12	--	13	10555	买盘
14:59:29	8.12	0.01	123	99875	买盘
14:59:23	8.11	-0.01	84	68124	卖盘
14:59:19	8.12	--	229	185947	买盘
14:59:14	8.12	--	62	50343	买盘
14:59:08	8.12	--	302	245223	卖盘
14:59:04	8.12	--	158	128295	买盘
14:58:59	8.12	--	94	76327	卖盘
14:58:53	8.12	--	120	97439	买盘
14:58:49	8.12	-0.01	30	24359	买盘
14:58:44	8.13	0.02	156	126828	买盘
14:58:38	8.11	-0.01	55	44605	卖盘
14:58:34	8.12	--	331	268772	买盘
14:58:29	8.12	0.01	484	393007	买盘
14:58:23	8.11	-0.01	52	42172	卖盘
14:58:19	8.12	--	137	111243	卖盘
14:58:14	8.12	0.01	530	430359	买盘
14:58:08	8.11	--	361	292771	卖盘
14:58:04	8.11	-0.01	335	271685	卖盘
14:57:59	8.12	--	61	49531	买盘
14:57:53	8.12	0.01	83	67396	买盘
14:57:49	8.11	-0.01	12	9732	卖盘
14:57:44	8.12	0.01	150	121799	买盘
14:57:38	8.11	--	4	3244	卖盘
14:57:34	8.11	--	8	6488	卖盘
14:57:29	8.11	--	440	356840	卖盘
14:57:23	8.11	--	80	64879	卖盘
14:57:19	8.11	--	66	53525	卖盘
14:57:14	8.11	--	41	33251	卖盘
14:57:08	8.11	--	461	373871	卖盘
14:57:04	8.11	--	12	9732	卖盘
14:56:59	8.11	--	85	68935	卖盘
14:56:53	8.11	--	877	711247	买盘
14:56:49	8.11	0.01	30	24330	买盘
14:56:44	8.1	--	13	10530	卖盘
14:56:38	8.1	--	14	11340	卖盘
14:56:29	8.1	--	100	81000	卖盘
14:56:23	8.1	--	268	217080	买盘
14:56:14	8.1	--	10	8100	买盘
14:56:08	8.1	--	362	293220	买盘
14:56:04	8.1	--	36	29160	买盘
14:55:59	8.1	--	120	97200	买盘
14:55:53	8.1	--	49	39690	买盘
14:55:44	8.1	-0.01	530	429300	卖盘
14:55:38	8.11	--	736	596896	买盘
14:55:34	8.11	--	160	129759	买盘
14:55:29	8.11	0.01	56	45416	买盘
14:55:23	8.1	-0.01	45	36450	卖盘
14:55:19	8.11	0.01	218	176798	买盘
14:55:14	8.1	-0.01	4	3240	卖盘
14:55:08	8.11	--	144	116783	买盘
14:55:04	8.11	0.01	1208	979687	买盘
14:54:59	8.1	--	56	45360	卖盘
14:54:53	8.1	-0.01	32	25920	卖盘
14:54:43	8.11	0.01	46	37306	买盘
14:54:38	8.1	--	155	125550	卖盘
14:54:32	8.1	--	20	16200	卖盘
14:54:28	8.1	--	18	14580	卖盘
14:54:23	8.1	--	60	48600	卖盘
14:54:17	8.1	0.01	1042	844384	买盘
14:54:13	8.09	-0.01	78	63102	卖盘
14:54:08	8.1	--	40	32400	买盘
14:54:02	8.1	--	10	8100	买盘
14:53:58	8.1	--	549	444690	买盘
14:53:53	8.1	--	159	128790	买盘
14:53:43	8.1	0.01	86	69660	买盘
14:53:38	8.09	--	69	55821	卖盘
14:53:32	8.09	--	626	506434	卖盘
14:53:28	8.09	-0.01	20	16180	卖盘
14:53:23	8.1	--	77	62370	买盘
14:53:17	8.1	--	10	8100	买盘
14:53:13	8.1	--	63	51030	买盘
14:53:08	8.1	0.01	124	100440	买盘
14:53:02	8.09	-0.01	160	129440	卖盘
14:52:58	8.1	0.01	163	132030	买盘
14:52:53	8.09	--	15	12135	卖盘
14:52:47	8.09	--	200	161800	卖盘
14:52:43	8.09	--	14	11326	卖盘
14:52:38	8.09	--	10	8090	卖盘
14:52:28	8.09	0.01	970	784730	买盘
14:52:23	8.08	-0.01	59	47672	卖盘
14:52:17	8.09	--	219	177171	买盘
14:52:08	8.09	0.01	400	323600	买盘
14:52:02	8.08	--	267	215849	卖盘
14:51:58	8.08	-0.01	10	8080	卖盘
14:51:53	8.09	0.01	247	200146	买盘
14:51:47	8.08	--	272	220260	卖盘
14:51:38	8.08	--	8	6464	卖盘
14:51:32	8.08	--	119	96152	卖盘
14:51:23	8.08	0.01	547	442299	买盘
14:51:17	8.07	--	82	66521	卖盘
14:51:13	8.07	--	3	2421	卖盘
14:51:08	8.07	--	3	2421	卖盘
14:51:02	8.07	-0.01	178	144170	卖盘
14:50:53	8.08	--	1866	1508212	卖盘
14:50:47	8.08	--	57	46056	卖盘
14:50:43	8.08	--	9	7272	卖盘
14:50:32	8.08	--	512	413696	卖盘
14:50:28	8.08	0.01	413	334027	买盘
14:50:23	8.07	--	37	29859	卖盘
14:50:08	8.07	-0.01	801	646407	卖盘
14:49:47	8.08	--	14	11312	买盘
14:49:32	8.08	--	172	138976	买盘
14:49:23	8.08	--	50	40400	买盘
14:49:17	8.08	--	1	808	买盘
14:49:13	8.08	0.01	14	11312	买盘
14:49:08	8.07	-0.01	6	4842	卖盘
14:49:02	8.08	--	20	16160	买盘
14:48:58	8.08	0.01	46	37168	买盘
14:48:53	8.07	--	1199	967593	卖盘
14:48:47	8.07	--	54	43578	卖盘
14:48:43	8.07	--	3	2421	卖盘
14:48:38	8.07	--	36	29052	卖盘
14:48:32	8.07	--	27	21789	卖盘
14:48:28	8.07	--	10	8070	卖盘
14:48:17	8.07	--	10	8070	卖盘
14:48:07	8.07	--	12	9684	卖盘
14:48:02	8.07	--	159	128313	卖盘
14:47:47	8.07	--	22	17754	卖盘
14:47:37	8.07	-0.01	3	2421	卖盘
14:47:32	8.08	0.01	75	60600	买盘
14:47:11	8.07	-0.01	8	6456	卖盘
14:47:07	8.08	--	15	12120	买盘
14:46:56	8.08	0.01	25	20200	买盘
14:46:52	8.07	--	51	41157	卖盘
14:46:32	8.07	--	1	807	卖盘
14:46:26	8.07	--	1250	1008750	卖盘
14:46:11	8.07	--	120	96840	卖盘
14:46:02	8.07	--	1	807	卖盘
14:45:56	8.07	--	3	2421	卖盘
14:45:32	8.07	--	9	7263	卖盘
14:45:26	8.07	--	20	16140	卖盘
14:45:02	8.07	-0.01	350	282450	卖盘
14:44:56	8.08	0.01	150	121200	买盘
14:44:52	8.07	--	191	154137	卖盘
14:44:47	8.07	-0.01	20	16140	卖盘
14:44:41	8.08	0.01	7	5656	买盘
14:44:37	8.07	--	18	14526	卖盘
14:44:17	8.07	--	490	395430	卖盘
14:44:02	8.07	--	7	5649	卖盘
14:43:56	8.07	--	13	10491	卖盘
14:43:47	8.07	--	68	54876	卖盘
14:43:41	8.07	--	73	58911	卖盘
14:43:37	8.07	--	126	101682	卖盘
14:43:32	8.07	--	106	85542	卖盘
14:43:26	8.07	--	240	193680	卖盘
14:43:11	8.07	--	20	16140	卖盘
14:42:52	8.07	--	5	4035	卖盘
14:42:47	8.07	-0.01	3	2421	卖盘
14:42:41	8.08	0.01	25	20200	买盘
14:42:32	8.07	--	13	10491	卖盘
14:42:26	8.07	--	5	4035	卖盘
14:42:17	8.07	--	540	435780	卖盘
14:42:07	8.07	--	6	4842	卖盘
14:42:02	8.07	--	16	12912	卖盘
14:41:56	8.07	--	15	12105	卖盘
14:41:52	8.07	--	3	2421	卖盘
14:41:47	8.07	0.01	136	109752	买盘
14:41:37	8.06	--	3	2418	卖盘
14:41:31	8.06	--	89	71734	卖盘
14:41:26	8.06	--	19	15314	卖盘
14:41:20	8.06	--	6	4836	卖盘
14:41:11	8.06	0.01	12	9672	卖盘
14:41:05	8.05	--	0	0	卖盘
14:41:01	8.05	--	496	399280	卖盘
14:40:56	8.05	--	0	0	卖盘
14:40:50	8.05	--	3	2415	卖盘
14:40:46	8.05	--	18	14490	卖盘
14:40:41	8.05	--	20	16100	卖盘
14:40:35	8.05	--	0	0	卖盘
14:40:31	8.05	-0.01	15	12075	卖盘
14:40:26	8.06	--	803	647218	卖盘
14:40:16	8.06	0.01	16	12896	买盘
14:40:05	8.05	--	0	0	卖盘
14:40:01	8.05	--	5	4025	卖盘
14:39:56	8.05	-0.02	3	2415	卖盘
14:39:50	8.07	0.02	25	20175	买盘
14:39:35	8.05	-0.01	350	281750	卖盘
14:39:31	8.06	--	10	8060	买盘
14:39:26	8.06	--	184	148304	卖盘
14:39:05	8.06	0.01	14	11284	中性盘
14:38:56	8.05	--	140	112700	卖盘
14:38:46	8.05	--	0	0	卖盘
14:38:20	8.05	-0.01	830	668150	卖盘
14:38:16	8.06	0.01	30	24180	买盘
14:38:05	8.05	-0.01	340	273700	卖盘
14:38:01	8.06	--	5	4030	买盘
14:37:35	8.06	0.01	5	4030	买盘
14:37:31	8.05	--	242	194810	卖盘
14:37:26	8.05	-0.01	377	303485	卖盘
14:37:11	8.06	--	342	275652	卖盘
14:37:05	8.06	-0.01	169	136214	卖盘
14:36:26	8.07	0.01	10	8070	买盘
14:35:56	8.06	--	1	806	卖盘
14:35:46	8.06	--	341	274846	买盘
14:35:41	8.06	--	173	139438	买盘
14:35:20	8.06	--	7	5642	买盘
14:35:15	8.06	--	200	161200	买盘
14:35:05	8.06	--	200	161200	买盘
14:34:50	8.06	--	3	2418	买盘
14:34:40	8.06	--	13	10478	买盘
14:34:25	8.06	0.01	93	74958	买盘
14:34:20	8.05	-0.01	10	8050	卖盘
14:34:10	8.06	--	45	36270	买盘
14:34:05	8.06	0.01	15	12090	买盘
14:33:40	8.05	-0.01	240	193200	卖盘
14:33:29	8.06	0.01	50	40300	买盘
14:33:20	8.05	--	1	805	卖盘
14:33:14	8.05	--	340	273700	卖盘
14:32:40	8.05	--	4	3220	卖盘
14:32:35	8.05	--	185	148925	卖盘
14:32:29	8.05	--	3	2415	卖盘
14:32:25	8.05	--	12	9660	卖盘
14:32:20	8.05	-0.01	9	7245	卖盘
14:32:14	8.06	0.01	8	6448	买盘
14:32:05	8.05	--	3	2415	卖盘
14:31:59	8.05	-0.01	119	95795	卖盘
14:31:44	8.06	0.01	2	1612	买盘
14:31:40	8.05	-0.01	26	20930	卖盘
14:31:29	8.06	--	88	70928	买盘
14:31:25	8.06	0.01	1	806	买盘
14:31:14	8.05	--	3	2415	卖盘
14:30:59	8.05	-0.01	30	24150	卖盘
14:30:55	8.06	--	5	4030	买盘
14:30:50	8.06	--	64	51584	买盘
14:30:44	8.06	--	20	16120	买盘
14:30:35	8.06	--	16	12896	买盘
14:30:29	8.06	--	4	3224	买盘
14:30:20	8.06	-0.01	139	112034	卖盘
14:30:14	8.07	0.01	4	3228	买盘
14:30:10	8.06	--	87	70122	卖盘
14:29:59	8.06	-0.01	19	15314	卖盘
14:29:44	8.07	--	5	4035	买盘
14:29:29	8.07	--	4	3228	买盘
14:29:19	8.07	--	20	16140	买盘
14:29:05	8.07	--	30	24210	买盘
14:28:38	8.07	--	0	0	买盘
14:28:23	8.07	0.02	30	24210	买盘
14:28:14	8.05	-0.01	390	313950	卖盘
14:28:04	8.06	--	380	306280	卖盘
14:27:59	8.06	-0.01	100	80600	卖盘
14:27:53	8.07	--	18	14526	买盘
14:27:49	8.07	--	50	40350	买盘
14:27:34	8.07	0.01	30	24210	买盘
14:27:29	8.06	--	0	0	卖盘
14:27:14	8.06	-0.01	286	230516	卖盘
14:27:08	8.07	--	16	12912	买盘
14:26:49	8.07	--	34	27438	卖盘
14:26:34	8.07	-0.01	3	2421	卖盘
14:26:04	8.08	--	50	40400	买盘
14:25:53	8.08	0.02	5	4040	买盘
14:25:49	8.06	--	3	2418	卖盘
14:25:44	8.06	-0.02	23	18538	卖盘
14:25:19	8.08	0.01	800	646400	买盘
14:25:14	8.07	-0.01	111	89577	卖盘
14:25:04	8.08	--	4	3232	买盘
14:24:53	8.08	0.01	4	3232	买盘
14:24:49	8.07	--	18	14526	买盘
14:24:44	8.07	--	482	388974	卖盘
14:24:34	8.07	--	15	12105	卖盘
14:24:29	8.07	--	7	5649	卖盘
14:24:08	8.07	-0.01	12	9684	卖盘
14:24:04	8.08	--	3	2424	卖盘
14:23:59	8.08	0.01	509	411272	买盘
14:23:53	8.07	-0.02	6	4842	卖盘
14:23:49	8.09	0.02	267	216003	买盘
14:23:44	8.07	-0.01	10	8070	卖盘
14:23:29	8.08	--	20	16160	买盘
14:23:23	8.08	--	43	34744	买盘
14:23:19	8.08	--	5	4040	买盘
14:23:14	8.08	--	13	10504	买盘
14:22:59	8.08	--	10	8080	买盘
14:22:53	8.08	--	118	95344	卖盘
14:22:49	8.08	--	11	8888	卖盘
14:22:38	8.08	--	300	242400	卖盘
14:22:29	8.08	--	47	37976	卖盘
14:22:13	8.08	--	463	374104	买盘
14:22:08	8.08	--	50	40400	买盘
14:21:58	8.08	0.01	58	46864	买盘
14:21:53	8.07	-0.01	30	24210	卖盘
14:21:32	8.08	--	104	84032	买盘
14:21:08	8.08	0.01	7	5656	买盘
14:20:53	8.07	--	4	3228	卖盘
14:20:38	8.07	--	25	20175	卖盘
14:20:23	8.07	--	3	2421	卖盘
14:20:08	8.07	--	69	55683	卖盘
14:20:02	8.07	-0.01	1	807	卖盘
14:19:53	8.08	0.01	86	69488	买盘
14:19:43	8.07	--	2	1614	卖盘
14:19:38	8.07	--	100	80700	卖盘
14:19:17	8.07	0.01	52	41964	买盘
14:19:13	8.06	--	3	2418	卖盘
14:19:08	8.06	--	25	20150	卖盘
14:19:02	8.06	--	9	7254	卖盘
14:18:58	8.06	0.01	3	2418	中性盘
14:18:53	8.05	-0.01	33	26565	卖盘
14:18:47	8.06	--	15	12090	卖盘
14:18:43	8.06	--	6	4836	卖盘
14:18:38	8.06	--	15	12090	卖盘
14:18:32	8.06	--	6	4836	卖盘
14:18:28	8.06	-0.02	6	4836	卖盘
14:18:23	8.08	0.02	50	40400	买盘
14:18:17	8.06	-0.01	21	16926	卖盘
14:18:13	8.07	--	6	4842	卖盘
14:18:02	8.07	-0.01	41	33087	卖盘
14:17:58	8.08	0.01	110	88880	买盘
14:17:53	8.07	-0.01	3	2421	卖盘
14:17:47	8.08	--	53	42824	买盘
14:17:02	8.08	--	1	808	买盘
14:16:53	8.08	0.01	36	29088	买盘
14:16:47	8.07	-0.01	21	16947	卖盘
14:16:32	8.08	--	0	0	买盘
14:16:22	8.08	0.01	10	8080	买盘
14:16:02	8.07	-0.01	18	14526	卖盘
14:15:47	8.08	0.01	271	218968	买盘
14:15:37	8.07	-0.01	15	12105	卖盘
14:15:26	8.08	--	10	8080	买盘
14:15:17	8.08	0.01	5	4040	买盘
14:15:07	8.07	--	33	26631	卖盘
14:15:02	8.07	0.01	304	245675	买盘
14:14:52	8.06	--	195	157403	卖盘
14:14:47	8.06	-0.01	180	145652	卖盘
14:14:26	8.07	0.01	7	5649	买盘
14:14:22	8.06	--	177	142662	买盘
14:14:17	8.06	0.01	7	5642	买盘
14:14:07	8.05	--	442	355810	买盘
14:14:02	8.05	--	10	8050	买盘
14:13:56	8.05	--	54	43470	买盘
14:13:41	8.05	--	6	4830	买盘
14:13:26	8.05	--	53	42665	买盘
14:13:11	8.05	--	1	805	买盘
14:12:56	8.05	0.01	1	805	买盘
14:12:52	8.04	-0.01	1	803	卖盘
14:12:47	8.05	--	6	4830	买盘
14:12:32	8.05	0.01	231	185955	买盘
14:12:17	8.04	-0.01	3	2411	卖盘
14:12:02	8.05	--	1	805	买盘
14:11:56	8.05	0.01	50	40250	买盘
14:11:26	8.04	--	0	699	卖盘
14:11:16	8.04	--	7	5627	卖盘
14:11:01	8.04	--	8	6431	卖盘
14:10:31	8.04	-0.01	100	80399	卖盘
14:10:26	8.05	--	39	31395	买盘
14:10:22	8.05	0.01	1	805	买盘
14:09:31	8.04	--	6	4823	卖盘
14:09:26	8.04	--	7	5627	卖盘
14:09:11	8.04	--	4	3215	卖盘
14:09:06	8.04	--	6	4823	卖盘
14:09:01	8.04	--	3	2411	卖盘
14:08:46	8.04	--	0	0	卖盘
14:08:41	8.04	-0.01	528	425074	卖盘
14:08:16	8.05	-0.02	29	23345	卖盘
14:08:05	8.07	0.01	14	11298	买盘
14:07:56	8.06	0.01	19	15314	买盘
14:07:46	8.05	-0.01	2	1610	卖盘
14:07:31	8.06	0.01	423	341276	买盘
14:06:56	8.05	--	4	3220	买盘
14:06:50	8.05	--	170	136850	买盘
14:06:26	8.05	--	16	12880	买盘
14:05:56	8.05	--	16	12880	买盘
14:05:50	8.05	--	50	40250	买盘
14:05:35	8.05	-0.01	30	24150	卖盘
14:05:20	8.06	0.01	10	8060	买盘
14:05:16	8.05	--	10	8050	卖盘
14:05:11	8.05	--	5	4025	卖盘
14:04:46	8.05	--	572	460460	买盘
14:04:35	8.05	--	10	8050	买盘
14:04:31	8.05	0.01	40	32200	买盘
14:04:25	8.04	-0.01	25	20099	卖盘
14:03:55	8.05	--	15	12075	买盘
14:03:40	8.05	--	5	4025	买盘
14:03:25	8.05	--	47	37835	买盘
14:03:05	8.05	--	26	20930	买盘
14:02:55	8.05	--	15	12075	买盘
14:02:30	8.05	--	10	8050	买盘
14:02:25	8.05	--	15	12075	买盘
14:02:10	8.05	--	0	0	买盘
14:02:05	8.05	--	4	3220	买盘
14:01:55	8.05	0.02	15	12075	买盘
14:01:50	8.03	-0.02	71	57012	卖盘
14:01:35	8.05	0.01	454	365470	买盘
14:01:25	8.04	--	63	50651	买盘
14:01:14	8.04	0.01	10	8039	买盘
14:01:10	8.03	-0.01	6	4818	卖盘
14:01:05	8.04	--	10	8039	买盘
14:00:55	8.04	--	15	12059	买盘
14:00:50	8.04	--	19	15275	买盘
14:00:25	8.04	--	70	56279	买盘
13:59:54	8.04	--	20	16079	买盘
13:59:44	8.04	--	8	6431	卖盘
13:59:35	8.04	--	7	5627	买盘
13:59:25	8.04	--	7	5627	买盘
13:59:20	8.04	--	10	8039	买盘
13:59:14	8.04	--	26	20903	卖盘
13:58:44	8.04	--	3	2411	卖盘
13:58:29	8.04	--	11	8843	卖盘
13:57:54	8.04	0.01	11	8843	买盘
13:57:50	8.03	-0.01	497	399090	卖盘
13:57:44	8.04	--	11	8843	买盘
13:57:40	8.04	0.01	2	1607	买盘
13:57:09	8.03	-0.01	11	8833	卖盘
13:56:59	8.04	0.01	1	803	买盘
13:56:29	8.03	-0.01	109	87527	卖盘
13:56:19	8.04	0.01	10	8039	买盘
13:56:09	8.03	-0.01	1	802	卖盘
13:55:59	8.04	0.01	10	8039	买盘
13:55:55	8.03	-0.01	1	802	卖盘
13:55:44	8.04	--	300	241199	买盘
13:55:29	8.04	--	10	8039	买盘
13:54:59	8.04	0.01	6	4823	买盘
13:54:04	8.03	--	5	4014	卖盘
13:53:59	8.03	--	43	34529	买盘
13:53:53	8.03	--	49	39347	买盘
13:53:49	8.03	--	18	14453	买盘
13:53:44	8.03	--	75	60224	买盘
13:53:29	8.03	--	40	32119	买盘
13:53:23	8.03	--	53	42559	买盘
13:53:14	8.03	--	139	111616	买盘
13:53:08	8.03	--	68	54603	买盘
13:52:59	8.03	--	147	118040	买盘
13:52:38	8.03	--	80	64239	买盘
13:52:34	8.03	--	7	5621	买盘
13:52:14	8.03	--	10	8029	买盘
13:52:08	8.03	--	5	4014	买盘
13:51:59	8.03	--	111	89133	买盘
13:51:48	8.03	--	1	802	买盘
13:51:44	8.03	0.01	6	4818	买盘
13:51:38	8.02	-0.01	10	8020	卖盘
13:51:23	8.03	--	9	7226	买盘
13:51:19	8.03	--	8	6423	买盘
13:51:14	8.03	--	7	5621	买盘
13:51:08	8.03	--	10	8029	买盘
13:50:59	8.03	--	1	802	买盘
13:50:53	8.03	0.01	12	9636	买盘
13:50:38	8.02	-0.01	17	13634	卖盘
13:50:23	8.03	--	32	25695	买盘
13:49:58	8.03	0.01	22	17666	买盘
13:49:23	8.02	-0.01	200	160400	卖盘
13:49:13	8.03	--	5	4014	买盘
13:49:08	8.03	0.01	10	8029	买盘
13:48:58	8.02	-0.01	70	56140	卖盘
13:48:53	8.03	--	21	16863	买盘
13:48:38	8.03	--	10	8029	买盘
13:48:18	8.03	--	4	3211	买盘
13:48:13	8.03	0.01	50	40150	买盘
13:47:58	8.02	-0.01	8	6416	卖盘
13:47:53	8.03	--	40	32119	买盘
13:47:38	8.03	--	365	293095	卖盘
13:47:23	8.03	-0.01	5	4014	卖盘
13:46:47	8.04	-0.01	136	109343	卖盘
13:46:43	8.05	--	5	4025	买盘
13:46:38	8.05	--	1	805	买盘
13:46:32	8.05	0.01	100	80500	买盘
13:46:02	8.04	0.01	145	116579	买盘
13:45:47	8.03	--	10	8029	卖盘
13:45:42	8.03	-0.01	462	370985	卖盘
13:45:23	8.04	--	2	1607	买盘
13:45:17	8.04	--	3	2411	买盘
13:45:08	8.04	--	16	12863	买盘
13:45:02	8.04	-0.01	278	223511	卖盘
13:44:57	8.05	0.01	2	1610	买盘
13:44:38	8.04	--	103	82811	卖盘
13:44:27	8.04	-0.01	5	4019	卖盘
13:44:08	8.05	--	7	5635	买盘
13:43:47	8.05	--	66	53435	卖盘
13:43:43	8.05	--	48	38640	卖盘
13:43:37	8.05	--	20	16100	卖盘
13:43:32	8.05	--	40	32200	卖盘
13:43:17	8.05	--	450	362250	卖盘
13:42:47	8.05	--	6	4830	卖盘
13:42:32	8.05	-0.01	5	4025	卖盘
13:42:22	8.06	0.01	77	62062	买盘
13:42:07	8.05	0.01	198	159889	买盘
13:41:57	8.04	--	493	396371	卖盘
13:41:47	8.04	-0.01	15	12059	卖盘
13:41:42	8.05	--	41	33005	买盘
13:41:22	8.05	--	50	40250	买盘
13:41:17	8.05	--	1	805	买盘
13:41:07	8.05	--	246	198335	卖盘
13:40:41	8.05	--	4	3220	卖盘
13:40:37	8.05	--	233	187565	卖盘
13:40:32	8.05	-0.01	1	805	卖盘
13:40:26	8.06	0.01	3	2418	买盘
13:40:22	8.05	--	16	12880	卖盘
13:40:02	8.05	--	3	2415	卖盘
13:39:56	8.05	--	21	16905	卖盘
13:39:52	8.05	-0.01	5	4025	卖盘
13:39:41	8.06	--	54	43524	买盘
13:39:32	8.06	--	20	16120	买盘
13:39:26	8.06	0.01	350	282100	买盘
13:39:11	8.05	--	5	4025	卖盘
13:38:36	8.05	0.01	187	151034	买盘
13:38:32	8.04	-0.01	1	803	卖盘
13:38:26	8.05	0.01	20	16100	买盘
13:37:56	8.04	--	3	2411	卖盘
13:37:36	8.04	--	6	4823	卖盘
13:37:32	8.04	--	89	71555	买盘
13:37:26	8.04	--	30	24119	买盘
13:37:21	8.04	--	3	2411	买盘
13:37:11	8.04	--	68	54671	买盘
13:37:01	8.04	--	217	174467	卖盘
13:36:56	8.04	-0.01	5	4019	卖盘
13:36:51	8.05	0.01	20	16100	买盘
13:36:41	8.04	-0.01	20	16079	卖盘
13:36:36	8.05	--	10	8050	买盘
13:36:31	8.05	0.01	35	28175	买盘
13:36:16	8.04	--	50	40199	卖盘
13:36:01	8.04	-0.01	6	4823	卖盘
13:35:56	8.05	--	2	1610	买盘
13:35:46	8.05	0.01	62	49910	买盘
13:35:36	8.04	-0.01	3	2411	卖盘
13:35:16	8.05	--	2	1610	买盘
13:35:11	8.05	-0.01	166	133935	卖盘
13:35:01	8.06	0.01	10	8060	买盘
13:34:46	8.05	--	490	394450	卖盘
13:34:31	8.05	--	2	1610	卖盘
13:34:26	8.05	-0.01	3	2415	卖盘
13:33:46	8.06	0.01	2	1612	买盘
13:33:31	8.05	--	4	3220	卖盘
13:33:26	8.05	-0.01	20	16100	卖盘
13:33:11	8.06	--	20	16120	买盘
13:32:56	8.06	--	5	4030	买盘
13:32:50	8.06	0.01	3	2418	买盘
13:32:20	8.05	--	21	16905	卖盘
13:32:11	8.05	--	84	68119	买盘
13:31:50	8.05	--	157	126385	买盘
13:31:41	8.05	--	22	17710	买盘
13:31:35	8.05	--	129	103845	买盘
13:31:26	8.05	--	104	83720	买盘
13:31:20	8.05	--	25	20125	买盘
13:31:15	8.05	--	200	161000	买盘
13:30:56	8.05	--	150	120750	买盘
13:30:50	8.05	--	150	120750	买盘
13:30:35	8.05	0.01	1	805	买盘
13:30:05	8.04	--	1	803	卖盘
13:29:50	8.04	--	6	4823	卖盘
13:29:40	8.04	--	34	27335	卖盘
13:29:30	8.04	-0.01	7	5627	卖盘
13:29:25	8.05	0.01	3	2415	买盘
13:29:20	8.04	--	6	4823	卖盘
13:29:15	8.04	0.01	22	17687	买盘
13:29:10	8.03	-0.01	510	409529	卖盘
13:29:05	8.04	--	120	96479	买盘
13:28:50	8.04	--	20	16079	买盘
13:28:40	8.04	--	433	348131	卖盘
13:28:05	8.04	--	1	803	卖盘
13:27:55	8.04	-0.01	5	4019	卖盘
13:27:45	8.05	0.01	459	369495	买盘
13:27:35	8.04	-0.01	5	4019	卖盘
13:27:20	8.05	0.01	194	156170	买盘
13:27:14	8.04	--	5	4019	卖盘
13:27:10	8.04	--	21	16884	卖盘
13:26:55	8.04	-0.01	15	12059	卖盘
13:26:35	8.05	--	27	21735	买盘
13:25:59	8.05	--	10	8050	买盘
13:25:55	8.05	--	51	41360	卖盘
13:25:44	8.05	0.01	97	78584	买盘
13:25:35	8.04	-0.01	4	3215	卖盘
13:25:24	8.05	--	112	90465	卖盘
13:25:14	8.05	--	40	32200	卖盘
13:25:05	8.05	--	48	39139	买盘
13:24:54	8.05	-0.01	401	323110	卖盘
13:24:35	8.06	--	7	5642	买盘
13:24:29	8.06	0.01	1	806	买盘
13:24:14	8.05	-0.01	202	162610	卖盘
13:23:44	8.06	0.01	1	806	买盘
13:23:35	8.05	--	20	16100	卖盘
13:22:59	8.05	--	166	133630	卖盘
13:22:49	8.05	--	20	16100	卖盘
13:22:44	8.05	--	12	9660	卖盘
13:22:29	8.05	--	2	1610	卖盘
13:22:14	8.05	--	23	18515	卖盘
13:22:09	8.05	--	4	3220	卖盘
13:21:59	8.05	--	22	17710	卖盘
13:21:49	8.05	--	15	12075	卖盘
13:21:44	8.05	--	4	3220	卖盘
13:21:19	8.05	--	2	1610	卖盘
13:20:59	8.05	--	150	120750	卖盘
13:20:23	8.05	-0.01	480	386400	卖盘
13:20:04	8.06	--	12	9672	买盘
13:19:59	8.06	0.01	80	64480	买盘
13:19:53	8.05	--	350	281750	卖盘
13:19:49	8.05	-0.01	3	2415	卖盘
13:19:38	8.06	0.01	200	161200	买盘
13:19:29	8.05	-0.01	490	394450	卖盘
13:19:23	8.06	--	98	78988	买盘
13:19:19	8.06	--	5	4030	买盘
13:19:08	8.06	--	20	16120	买盘
13:19:04	8.06	--	3	2418	买盘
13:18:48	8.06	--	200	161200	买盘
13:18:44	8.06	--	10	8060	买盘
13:18:38	8.06	--	10	8060	买盘
13:18:29	8.06	--	7	5642	买盘
13:18:23	8.06	--	28	22568	买盘
13:18:14	8.06	--	120	96720	买盘
13:17:58	8.06	--	240	193440	买盘
13:17:33	8.06	0.01	102	82212	买盘
13:17:29	8.05	-0.01	20	16100	卖盘
13:16:48	8.06	--	5	4030	买盘
13:16:43	8.06	--	62	49972	买盘
13:15:53	8.06	--	35	28451	卖盘
13:15:48	8.06	--	15	12090	卖盘
13:15:38	8.06	--	15	12090	卖盘
13:15:28	8.06	--	1	806	卖盘
13:15:23	8.06	--	106	85436	卖盘
13:15:13	8.06	--	2	1612	卖盘
13:14:58	8.06	0.01	273	220602	买盘
13:14:53	8.05	--	19	15295	卖盘
13:13:58	8.05	-0.01	4	3220	卖盘
13:13:53	8.06	--	34	27404	买盘
13:13:43	8.06	--	10	8060	买盘
13:13:38	8.06	--	9	7254	买盘
13:13:13	8.06	0.01	399	321594	买盘
13:13:02	8.05	--	497	400085	卖盘
13:12:58	8.05	-0.01	36	28980	卖盘
13:12:43	8.06	0.01	50	40300	买盘
13:12:32	8.05	-0.01	8	6440	卖盘
13:12:23	8.06	0.01	9	7254	买盘
13:12:02	8.05	-0.01	3	2415	卖盘
13:11:53	8.06	--	202	163053	卖盘
13:10:27	8.06	--	5	4030	卖盘
13:09:53	8.06	--	40	32240	卖盘
13:09:47	8.06	-0.01	150	120900	卖盘
13:09:32	8.07	--	22	17754	买盘
13:09:02	8.07	0.01	15	12105	买盘
13:08:22	8.06	-0.01	0	338	卖盘
13:08:17	8.07	0.01	200	161400	买盘
13:08:07	8.06	--	10	8060	卖盘
13:07:32	8.06	--	323	260563	买盘
13:07:22	8.06	--	30	24180	买盘
13:07:11	8.06	0.01	2	1612	买盘
13:07:02	8.05	-0.01	5	4025	卖盘
13:06:41	8.06	--	20	16120	买盘
13:06:17	8.06	--	40	32240	买盘
13:06:11	8.06	--	27	21762	买盘
13:06:02	8.06	--	17	13702	买盘
13:05:52	8.06	--	244	196664	买盘
13:05:47	8.06	0.01	1	806	买盘
13:05:32	8.05	--	8	6440	卖盘
13:05:17	8.05	--	20	16100	卖盘
13:05:02	8.05	--	20	16100	卖盘
13:04:41	8.05	--	28	22540	卖盘
13:04:36	8.05	-0.01	4	3220	卖盘
13:04:32	8.06	0.01	15	12090	买盘
13:04:26	8.05	--	95	76475	卖盘
13:03:56	8.05	--	7	5635	卖盘
13:03:41	8.05	--	20	16100	卖盘
13:02:46	8.05	-0.01	6	4830	卖盘
13:01:41	8.06	0.01	12	9672	买盘
13:00:35	8.05	--	4	3220	卖盘
13:00:16	8.05	--	7	5635	卖盘
13:00:11	8.05	--	117	94185	卖盘
13:00:05	8.05	--	45	36724	卖盘
11:30:00	8.05	--	0	0	卖盘
11:30:00	8.05	--	0	0	卖盘
11:29:31	8.05	--	50	40250	卖盘
11:28:22	8.05	--	10	8050	卖盘
11:28:07	8.05	-0.01	40	32200	卖盘
11:28:01	8.06	--	10	8060	买盘
11:27:42	8.06	--	80	64480	买盘
11:27:31	8.06	0.01	30	24180	买盘
11:27:22	8.05	--	30	24150	卖盘
11:26:52	8.05	--	30	24150	卖盘
11:25:36	8.05	--	18	14490	卖盘
11:25:31	8.05	--	229	184345	买盘
11:25:06	8.05	--	9	7245	买盘
11:25:01	8.05	--	10	8050	买盘
11:24:55	8.05	0.01	1	805	买盘
11:24:40	8.04	-0.01	4	3215	卖盘
11:24:31	8.05	--	13	10465	买盘
11:24:25	8.05	0.01	42	33810	买盘
11:24:06	8.04	--	5	4019	买盘
11:23:55	8.04	--	28	22511	中性盘
11:23:40	8.04	--	0	0	卖盘
11:23:21	8.04	--	28	22511	买盘
11:23:16	8.04	--	515	414059	买盘
11:23:10	8.04	--	60	48239	买盘
11:23:01	8.04	--	0	0	中性盘
11:22:46	8.04	--	0	0	买盘
11:22:31	8.04	--	5	4019	卖盘
11:22:25	8.04	0.01	5	4019	卖盘
11:22:10	8.03	--	0	0	卖盘
11:22:06	8.03	-0.01	500	401499	卖盘
11:21:55	8.04	--	0	0	卖盘
11:21:51	8.04	--	4	3215	卖盘
11:21:46	8.04	-0.01	500	401999	卖盘
11:21:40	8.05	--	30	24150	卖盘
11:21:36	8.05	--	0	0	卖盘
11:21:10	8.05	-0.01	501	403305	卖盘
11:21:06	8.06	--	12	9672	卖盘
11:20:55	8.06	--	41	33046	卖盘
11:20:49	8.06	--	6	4836	卖盘
11:20:46	8.06	--	10	8060	卖盘
11:20:30	8.06	--	4	3224	卖盘
11:20:16	8.06	--	1	806	卖盘
11:20:10	8.06	--	8	6448	卖盘
11:20:04	8.06	--	10	8060	卖盘
11:19:49	8.06	--	75	60450	卖盘
11:19:40	8.06	-0.01	2	1612	卖盘
11:18:55	8.07	--	3	2421	买盘
11:18:19	8.07	0.01	270	217890	买盘
11:18:04	8.06	--	154	124124	买盘
11:17:40	8.06	--	11	8866	卖盘
11:17:25	8.06	0.01	289	232934	买盘
11:17:19	8.05	--	20	16100	卖盘
11:17:10	8.05	--	106	85330	卖盘
11:17:04	8.05	-0.01	11	8855	卖盘
11:17:00	8.06	--	10	8060	买盘
11:16:49	8.06	--	34	27404	买盘
11:16:45	8.06	0.01	10	8060	买盘
11:16:34	8.05	-0.01	5	4025	卖盘
11:16:10	8.06	0.01	7	5642	买盘
11:15:45	8.05	--	5	4025	卖盘
11:15:40	8.05	--	5	4025	卖盘
11:15:04	8.05	--	3	2415	卖盘
11:14:15	8.05	--	2	1610	卖盘
11:14:10	8.05	--	48	38640	卖盘
11:13:40	8.05	--	18	14490	买盘
11:13:34	8.05	--	49	39445	买盘
11:13:28	8.05	--	4	3220	买盘
11:13:19	8.05	--	22	17710	卖盘
11:13:09	8.05	0.01	51	41055	买盘
11:12:49	8.04	-0.01	1	803	卖盘
11:12:39	8.05	--	10	8050	买盘
11:12:34	8.05	--	14	11270	买盘
11:12:04	8.05	--	614	494270	卖盘
11:11:54	8.05	--	30	24150	卖盘
11:11:49	8.05	-0.01	3	2415	卖盘
11:11:09	8.06	--	25	20375	卖盘
11:10:58	8.06	--	27	21762	卖盘
11:10:49	8.06	--	12	9672	卖盘
11:10:28	8.06	--	10	8060	卖盘
11:10:24	8.06	--	100	80600	卖盘
11:10:19	8.06	--	18	14508	卖盘
11:10:04	8.06	--	18	14508	卖盘
11:09:54	8.06	--	19	15314	卖盘
11:09:49	8.06	--	19	15314	卖盘
11:09:43	8.06	--	1	806	卖盘
11:08:58	8.06	--	6	4836	卖盘
11:08:28	8.06	-0.01	3	2418	卖盘
11:08:04	8.07	0.01	5	4035	买盘
11:07:33	8.06	--	4	3224	卖盘
11:07:28	8.06	-0.01	4	3224	卖盘
11:07:13	8.07	--	222	179154	卖盘
11:07:04	8.07	--	312	251784	卖盘
11:06:58	8.07	--	33	26631	卖盘
11:06:48	8.07	--	10	8070	卖盘
11:06:43	8.07	--	48	38736	卖盘
11:06:33	8.07	--	4	3228	卖盘
11:06:28	8.07	--	82	66174	卖盘
11:06:03	8.07	--	505	407535	卖盘
11:05:58	8.07	--	19	15333	卖盘
11:05:52	8.07	--	60	48420	卖盘
11:05:48	8.07	-0.01	5	4035	卖盘
11:05:22	8.08	0.01	631	509848	买盘
11:05:18	8.07	--	5	4035	卖盘
11:03:52	8.07	--	92	74244	卖盘
11:03:22	8.07	-0.01	20	16140	卖盘
11:03:18	8.08	--	20	16160	买盘
11:02:58	8.08	0.01	10	8080	买盘
11:02:43	8.07	-0.01	12	9684	卖盘
11:02:07	8.08	0.01	15	12120	买盘
11:02:03	8.07	--	1	807	卖盘
11:01:58	8.07	-0.01	17	13719	卖盘
11:01:52	8.08	--	25	20200	买盘
11:01:48	8.08	--	16	12928	卖盘
11:01:43	8.08	--	5	4040	卖盘
11:01:37	8.08	--	66	53328	卖盘
11:01:28	8.08	--	34	27472	卖盘
11:01:18	8.08	-0.01	17	13736	中性盘
11:01:13	8.09	--	4	3236	买盘
11:01:07	8.09	--	15	12135	买盘
11:01:03	8.09	--	0	0	买盘
11:00:58	8.09	--	25	20225	买盘
11:00:43	8.09	--	8	6472	买盘
11:00:37	8.09	--	10	8090	买盘
11:00:16	8.09	0.01	100	80900	买盘
11:00:12	8.08	--	925	747400	卖盘
11:00:07	8.08	--	30	24240	卖盘
10:59:57	8.08	--	39	31512	卖盘
10:59:27	8.08	0.01	234	189072	买盘
10:58:37	8.07	-0.01	4	3228	卖盘
10:58:16	8.08	--	5	4040	买盘
10:58:07	8.08	0.01	654	528432	买盘
10:57:57	8.07	--	5	4035	卖盘
10:57:37	8.07	--	235	189645	买盘
10:57:31	8.07	--	12	9684	买盘
10:57:22	8.07	--	98	79086	买盘
10:57:16	8.07	--	6	4842	买盘
10:57:12	8.07	--	32	25824	买盘
10:57:01	8.07	-0.01	191	154137	卖盘
10:56:52	8.08	0.02	55	44440	买盘
10:56:46	8.06	-0.01	98	78988	卖盘
10:56:31	8.07	--	98	79086	买盘
10:56:16	8.07	--	97	78279	买盘
10:56:07	8.07	--	10	8070	买盘
10:55:57	8.07	--	183	147681	买盘
10:55:52	8.07	--	11	8877	买盘
10:55:42	8.07	--	97	78279	买盘
10:55:31	8.07	0.01	29	23403	买盘
10:55:27	8.06	-0.01	150	120900	卖盘
10:55:22	8.07	--	99	79893	买盘
10:55:07	8.07	--	102	82314	买盘
10:54:46	8.07	0.01	10	8070	买盘
10:54:22	8.06	-0.01	1	806	卖盘
10:54:07	8.07	--	113	91191	买盘
10:53:21	8.07	0.01	43	34701	买盘
10:52:51	8.06	--	40	32240	卖盘
10:52:46	8.06	--	10	8060	卖盘
10:52:25	8.06	--	69	56194	买盘
10:52:21	8.06	-0.01	735	592635	卖盘
10:52:01	8.07	0.01	41	33087	买盘
10:51:46	8.06	--	8	6448	卖盘
10:51:40	8.06	-0.01	7	5642	卖盘
10:51:25	8.07	--	3	2421	买盘
10:51:06	8.07	--	10	8070	买盘
10:50:46	8.07	--	10	8070	买盘
10:50:40	8.07	0.01	50	40350	买盘
10:50:31	8.06	-0.01	100	80600	卖盘
10:50:25	8.07	--	59	47613	买盘
10:50:10	8.07	--	52	41964	买盘
10:50:06	8.07	0.01	60	48420	买盘
10:49:46	8.06	-0.01	14	11284	卖盘
10:49:25	8.07	0.01	8	6456	买盘
10:49:16	8.06	-0.01	30	24180	卖盘
10:49:10	8.07	0.01	20	16140	买盘
10:48:55	8.06	--	137	110422	卖盘
10:48:06	8.06	--	1	806	卖盘
10:47:55	8.06	--	3	2418	卖盘
10:47:10	8.06	--	161	129766	卖盘
10:47:00	8.06	--	9	7254	卖盘
10:46:55	8.06	-0.01	20	16120	卖盘
10:46:45	8.07	--	5	4035	买盘
10:46:34	8.07	0.01	6	4842	买盘
10:46:30	8.06	-0.01	1	806	卖盘
10:46:25	8.07	--	20	16140	买盘
10:44:49	8.07	0.01	4	3228	买盘
10:44:40	8.06	--	162	131152	买盘
10:44:34	8.06	--	14	11284	买盘
10:44:30	8.06	--	13	10703	卖盘
10:44:25	8.06	--	106	85436	卖盘
10:44:10	8.06	--	37	29822	卖盘
10:43:55	8.06	0.01	173	140018	买盘
10:43:49	8.05	-0.01	50	40250	卖盘
10:43:30	8.06	--	300	241800	买盘
10:43:10	8.06	--	5	4030	买盘
10:42:34	8.06	0.01	5	4030	买盘
10:42:19	8.05	--	5	4025	卖盘
10:42:15	8.05	--	3	2415	卖盘
10:42:04	8.05	--	20	16100	卖盘
10:41:55	8.05	--	300	241500	卖盘
10:41:40	8.05	-0.01	49	39445	卖盘
10:41:04	8.06	--	5	4030	买盘
10:40:49	8.06	--	29	23599	卖盘
10:40:40	8.06	--	57	46522	买盘
10:40:24	8.06	0.01	10	8060	买盘
10:40:19	8.05	-0.01	2	1610	卖盘
10:40:13	8.06	--	44	35464	买盘
10:39:49	8.06	0.01	88	70928	买盘
10:39:39	8.05	--	189	152145	卖盘
10:39:19	8.05	--	20	16100	卖盘
10:39:13	8.05	--	30	24150	卖盘
10:39:09	8.05	--	137	110285	卖盘
10:38:54	8.05	--	27	21735	卖盘
10:38:49	8.05	--	3	2415	卖盘
10:38:43	8.05	--	1	805	卖盘
10:38:39	8.05	0.01	33	26565	卖盘
10:38:28	8.04	--	0	0	卖盘
10:38:09	8.04	-0.01	107	86027	卖盘
10:37:58	8.05	--	201	162110	卖盘
10:37:43	8.05	--	6	4830	卖盘
10:37:28	8.05	--	7	5635	卖盘
10:37:09	8.05	--	4	3220	卖盘
10:37:04	8.05	--	3	2415	卖盘
10:36:58	8.05	-0.01	113	90965	卖盘
10:36:49	8.06	--	5	4755	卖盘
10:36:28	8.06	--	19	15314	卖盘
10:36:13	8.06	--	2	1612	卖盘
10:36:09	8.06	--	110	88660	卖盘
10:36:04	8.06	--	10	8060	卖盘
10:35:58	8.06	--	162	130572	卖盘
10:35:13	8.06	-0.01	10	8060	卖盘
10:34:33	8.07	0.01	10	8070	买盘
10:34:28	8.06	--	67	54002	卖盘
10:34:18	8.06	--	4	3224	卖盘
10:34:13	8.06	--	1	806	卖盘
10:34:03	8.06	--	1	806	卖盘
10:33:58	8.06	-0.01	30	24180	卖盘
10:33:28	8.07	--	1	807	买盘
10:33:03	8.07	0.01	29	23403	买盘
10:32:07	8.06	--	9	7254	卖盘
10:31:58	8.06	--	1	806	卖盘
10:31:52	8.06	--	4	3224	卖盘
10:31:48	8.06	--	10	8060	卖盘
10:31:43	8.06	--	20	16120	卖盘
10:31:22	8.06	--	7	5642	卖盘
10:31:07	8.06	0.01	171	137906	买盘
10:31:03	8.05	--	12	9660	卖盘
10:30:58	8.05	-0.01	11	8855	卖盘
10:30:52	8.06	0.01	11	8866	买盘
10:30:48	8.05	-0.01	12	9660	卖盘
10:30:37	8.06	--	10	8060	买盘
10:30:07	8.06	0.01	81	65286	买盘
10:29:52	8.05	--	33	26565	卖盘
10:28:28	8.05	-0.01	1	805	卖盘
10:28:22	8.06	0.01	105	84630	买盘
10:28:13	8.05	--	9	7245	卖盘
10:28:07	8.05	-0.01	14	11270	卖盘
10:27:42	8.06	0.01	10	8060	买盘
10:27:22	8.05	--	18	14490	卖盘
10:27:12	8.05	--	8	6440	卖盘
10:27:07	8.05	--	43	34615	卖盘
10:26:37	8.05	-0.01	2	1610	卖盘
10:25:31	8.06	--	10	8060	买盘
10:25:22	8.06	--	3	2418	买盘
10:25:16	8.06	--	52	42637	卖盘
10:24:57	8.06	-0.01	2	1612	卖盘
10:24:37	8.07	0.01	3	2421	买盘
10:24:22	8.06	--	1	806	卖盘
10:24:07	8.06	-0.01	46	37076	卖盘
10:23:52	8.07	--	5	4035	买盘
10:23:42	8.07	--	39	31473	买盘
10:23:37	8.07	0.01	5	4035	买盘
10:23:22	8.06	--	10	8060	卖盘
10:23:12	8.06	--	0	80	买盘
10:23:06	8.06	0.01	517	416702	买盘
10:22:57	8.05	--	20	16100	卖盘
10:22:52	8.05	-0.01	10	8050	卖盘
10:22:37	8.06	0.01	4	3224	买盘
10:22:27	8.05	-0.01	20	16100	卖盘
10:22:12	8.06	0.01	35	28210	买盘
10:21:52	8.05	--	2	2028	卖盘
10:21:31	8.05	--	183	147395	买盘
10:21:06	8.05	0.01	70	56350	买盘
10:21:01	8.04	-0.01	8	6431	卖盘
10:20:55	8.05	--	31	24955	买盘
10:20:51	8.05	0.01	10	8050	买盘
10:20:40	8.04	--	26	20903	卖盘
10:20:36	8.04	--	40	32159	卖盘
10:20:10	8.04	-0.01	50	40199	卖盘
10:20:01	8.05	0.01	27	21735	买盘
10:19:46	8.04	-0.01	170	136680	卖盘
10:19:16	8.05	0.01	30	24150	买盘
10:19:10	8.04	--	180	144719	卖盘
10:18:40	8.04	--	5	4019	卖盘
10:18:36	8.04	--	5	4019	卖盘
10:18:25	8.04	--	22	17687	卖盘
10:18:21	8.04	--	40	32159	买盘
10:18:06	8.04	--	12	9647	卖盘
10:18:01	8.04	--	40	32159	卖盘
10:17:51	8.04	--	13	10451	卖盘
10:17:40	8.04	--	10	8039	卖盘
10:16:55	8.04	-0.01	217	174467	卖盘
10:16:25	8.05	0.01	27	21735	买盘
10:16:16	8.04	-0.01	11	8843	卖盘
10:16:10	8.05	--	3	2415	买盘
10:16:01	8.05	--	20	16100	买盘
10:15:55	8.05	--	71	57155	买盘
10:15:40	8.05	--	53	42665	买盘
10:15:04	8.05	--	72	57960	买盘
10:14:15	8.05	--	719	578795	买盘
10:14:00	8.05	--	11	8855	买盘
10:13:25	8.05	--	118	94990	买盘
10:13:19	8.05	--	5	4025	买盘
10:13:04	8.05	--	108	87664	卖盘
10:12:55	8.05	-0.01	6	4830	卖盘
10:12:49	8.06	0.01	20	16120	买盘
10:12:34	8.05	--	38	30590	卖盘
10:12:04	8.05	-0.01	5	4025	卖盘
10:12:00	8.06	0.01	4	3224	买盘
10:11:34	8.05	--	152	122360	卖盘
10:11:25	8.05	--	7	5635	卖盘
10:11:19	8.05	0.01	189	152225	买盘
10:11:00	8.04	-0.01	20	16079	卖盘
10:10:49	8.05	0.01	1	805	买盘
10:10:40	8.04	--	11	8843	卖盘
10:10:10	8.04	--	3	2411	卖盘
10:09:55	8.04	-0.01	10	8039	卖盘
10:09:34	8.05	--	20	16100	买盘
10:09:19	8.05	0.01	5	4025	买盘
10:09:09	8.04	--	54	43415	卖盘
10:08:54	8.04	-0.01	2	1607	卖盘
10:08:49	8.05	0.02	3	2415	买盘
10:08:39	8.03	0.02	50	40150	中性盘
10:08:34	8.01	-0.03	2615	2094615	卖盘
10:08:28	8.04	--	176	141503	买盘
10:08:19	8.04	0.01	5	4019	买盘
10:07:58	8.03	--	44	35340	卖盘
10:07:43	8.03	-0.01	70	56209	卖盘
10:07:34	8.04	0.01	135	108539	买盘
10:07:28	8.03	--	10	8029	卖盘
10:07:24	8.03	--	100	80300	卖盘
10:07:19	8.03	--	51	40953	卖盘
10:06:58	8.03	--	135	108404	卖盘
10:06:54	8.03	-0.01	300	240899	卖盘
10:06:39	8.04	-0.01	222	178487	卖盘
10:06:34	8.05	0.01	18	14490	买盘
10:06:28	8.04	--	133	106931	卖盘
10:06:24	8.04	-0.01	219	176075	卖盘
10:06:19	8.05	--	6	5554	卖盘
10:06:13	8.05	--	8	6440	卖盘
10:06:09	8.05	--	18	14490	卖盘
10:06:04	8.05	--	5	4025	卖盘
10:05:49	8.05	--	5	4025	卖盘
10:05:34	8.05	--	5	4025	卖盘
10:05:13	8.05	--	11	8935	买盘
10:05:04	8.05	--	119	96519	卖盘
10:04:58	8.05	--	5	4025	卖盘
10:04:54	8.05	--	12	9660	卖盘
10:04:49	8.05	--	5	4025	卖盘
10:04:43	8.05	-0.01	3	2415	卖盘
10:04:39	8.06	0.01	4	3224	买盘
10:04:28	8.05	-0.01	20	16100	卖盘
10:04:24	8.06	0.01	16	12896	买盘
10:04:19	8.05	--	11	8855	卖盘
10:04:13	8.05	--	6	4830	卖盘
10:04:09	8.05	--	30	24150	卖盘
10:04:04	8.05	--	200	161000	卖盘
10:03:49	8.05	-0.01	188	151340	卖盘
10:03:39	8.06	--	5	4030	买盘
10:03:33	8.06	0.01	14	11284	买盘
10:03:28	8.05	--	5	4025	卖盘
10:03:03	8.05	-0.01	30	24150	卖盘
10:02:58	8.06	--	24	19344	买盘
10:02:48	8.06	--	21	16926	买盘
10:02:43	8.06	0.01	134	108004	买盘
10:02:33	8.05	--	11	8855	卖盘
10:02:28	8.05	-0.01	6	4830	卖盘
10:02:18	8.06	0.01	16	12896	买盘
10:02:07	8.05	-0.01	3	2415	卖盘
10:02:03	8.06	0.01	36	29016	买盘
10:01:33	8.05	-0.01	4	3220	卖盘
10:01:18	8.06	0.01	15	12090	买盘
10:01:13	8.05	-0.01	30	24150	卖盘
10:01:07	8.06	0.01	1	806	买盘
10:00:48	8.05	--	19	15295	卖盘
10:00:37	8.05	--	0	80	卖盘
10:00:22	8.05	--	30	24150	卖盘
10:00:18	8.05	--	4	3220	卖盘
09:59:52	8.05	--	0	0	卖盘
09:59:48	8.05	-0.01	100	80500	卖盘
09:59:37	8.06	--	52	41912	卖盘
09:59:33	8.06	--	18	14508	卖盘
09:59:28	8.06	--	19	15314	卖盘
09:59:13	8.06	--	30	24180	卖盘
09:59:03	8.06	-0.01	10	8060	卖盘
09:58:57	8.07	0.01	15	12105	买盘
09:58:03	8.06	--	35	28210	卖盘
09:57:42	8.06	--	27	21762	买盘
09:57:22	8.06	-0.01	93	74958	卖盘
09:57:07	8.07	0.01	30	24210	买盘
09:56:57	8.06	--	10	8060	卖盘
09:56:52	8.06	-0.01	20	16120	卖盘
09:56:42	8.07	0.01	30	24210	买盘
09:56:31	8.06	--	6	4836	卖盘
09:56:22	8.06	--	3	2418	卖盘
09:56:01	8.06	-0.01	4	3224	卖盘
09:55:57	8.07	0.01	7	5649	买盘
09:55:37	8.06	--	24	19344	卖盘
09:55:27	8.06	--	24	19344	卖盘
09:55:16	8.06	--	22	17732	卖盘
09:55:12	8.06	--	5	4030	卖盘
09:54:52	8.06	--	136	109616	买盘
09:54:46	8.06	0.01	24	19344	买盘
09:54:37	8.05	--	202	162610	卖盘
09:54:27	8.05	--	26	20930	卖盘
09:54:22	8.05	--	11	8855	卖盘
09:54:07	8.05	-0.01	19	15295	卖盘
09:53:52	8.06	--	1	806	买盘
09:53:46	8.06	0.01	4	3224	买盘
09:53:22	8.05	-0.01	200	161000	卖盘
09:52:57	8.06	0.01	10	8060	买盘
09:52:52	8.05	-0.01	85	68425	卖盘
09:52:37	8.06	--	10	8060	买盘
09:52:16	8.06	--	30	24180	买盘
09:52:07	8.06	--	1	806	买盘
09:51:46	8.06	--	59	47554	买盘
09:51:37	8.06	--	1	806	买盘
09:51:31	8.06	--	106	85436	买盘
09:51:07	8.06	0.01	1	806	买盘
09:50:57	8.05	-0.01	4	3220	卖盘
09:50:46	8.06	--	318	256308	卖盘
09:50:36	8.06	--	5	4030	卖盘
09:50:31	8.06	--	12	9672	卖盘
09:50:10	8.06	--	20	16120	卖盘
09:50:06	8.06	--	82	66092	卖盘
09:50:01	8.06	--	10	8060	卖盘
09:49:46	8.06	-0.01	20	16120	卖盘
09:49:25	8.07	0.01	3	2421	买盘
09:49:21	8.06	--	19	15314	卖盘
09:49:01	8.06	0.01	36	29016	卖盘
09:48:51	8.05	--	0	0	卖盘
09:48:46	8.05	-0.01	215	173075	卖盘
09:48:31	8.06	--	39	31434	买盘
09:48:21	8.06	--	13	10478	卖盘
09:48:10	8.06	-0.01	25	20150	卖盘
09:48:06	8.07	0.01	46	37122	买盘
09:48:01	8.06	--	30	24180	卖盘
09:47:51	8.06	--	124	99944	卖盘
09:47:46	8.06	--	10	8060	卖盘
09:47:40	8.06	0.01	3	2418	卖盘
09:47:16	8.05	-0.01	60	48300	卖盘
09:47:10	8.06	--	66	53196	卖盘
09:47:06	8.06	--	74	59644	买盘
09:46:55	8.06	--	13	10478	买盘
09:46:31	8.06	-0.01	318	256308	卖盘
09:46:25	8.07	0.01	49	39543	买盘
09:46:01	8.06	--	20	16120	卖盘
09:45:46	8.06	--	21	16926	卖盘
09:45:36	8.06	-0.01	2	1612	卖盘
09:45:25	8.07	--	2	1614	买盘
09:45:00	8.07	--	4	3228	买盘
09:44:15	8.07	0.01	3	2421	买盘
09:44:10	8.06	--	13	10478	卖盘
09:43:55	8.06	0.01	39	31434	买盘
09:43:40	8.05	--	5	4025	卖盘
09:43:15	8.05	--	5	4025	卖盘
09:43:10	8.05	--	2	1610	卖盘
09:42:55	8.05	-0.01	1	805	卖盘
09:42:30	8.06	0.01	13	10478	买盘
09:42:25	8.05	--	0	0	卖盘
09:42:19	8.05	0.01	6	4830	卖盘
09:42:10	8.04	--	0	0	卖盘
09:41:55	8.04	-0.02	751	603803	卖盘
09:41:34	8.06	--	15	12090	卖盘
09:41:10	8.06	--	264	212784	卖盘
09:41:04	8.06	--	82	66092	卖盘
09:40:25	8.06	-0.01	100	80600	卖盘
09:40:09	8.07	--	65	52455	买盘
09:40:04	8.07	0.01	70	56490	买盘
09:39:54	8.06	-0.01	30	24180	卖盘
09:39:40	8.07	--	48	38736	买盘
09:39:25	8.07	--	218	175926	卖盘
09:39:19	8.07	--	13	10491	卖盘
09:39:15	8.07	-0.01	2	1614	卖盘
09:39:10	8.08	--	10	8080	买盘
09:38:34	8.08	0.01	70	56560	买盘
09:38:30	8.07	--	20	16140	卖盘
09:38:24	8.07	-0.01	6	4842	卖盘
09:38:09	8.08	--	9	7272	买盘
09:37:58	8.08	-0.01	9	7272	卖盘
09:37:54	8.09	0.01	62	50158	买盘
09:37:49	8.08	--	4	3232	卖盘
09:37:43	8.08	--	20	16160	卖盘
09:37:34	8.08	--	1	808	卖盘
09:37:13	8.08	--	38	30704	卖盘
09:37:09	8.08	-0.01	100	80800	卖盘
09:36:54	8.09	--	1	809	买盘
09:36:39	8.09	0.01	9	7281	买盘
09:36:34	8.08	--	81	65448	卖盘
09:36:13	8.08	--	100	80800	卖盘
09:35:58	8.08	0.02	5	4040	买盘
09:35:24	8.06	0.01	5	4030	卖盘
09:35:19	8.05	-0.01	83	66815	卖盘
09:35:13	8.06	--	20	16120	买盘
09:35:04	8.06	0.01	5	4030	买盘
09:34:58	8.05	--	0	0	卖盘
09:34:54	8.05	-0.01	185	148925	卖盘
09:34:49	8.06	0.01	4	3224	买盘
09:34:34	8.05	-0.01	16	12880	卖盘
09:34:19	8.06	0.01	3	2418	买盘
09:34:04	8.05	-0.01	30	24150	卖盘
09:33:58	8.06	--	37	29822	买盘
09:33:54	8.06	--	10	8060	买盘
09:33:33	8.06	--	39	31434	卖盘
09:33:18	8.06	--	1	806	卖盘
09:33:13	8.06	-0.02	10	8060	卖盘
09:32:58	8.08	--	0	0	买盘
09:32:28	8.08	-0.01	558	450864	卖盘
09:32:18	8.09	--	9	7281	卖盘
09:32:03	8.09	--	12	9708	买盘
09:31:48	8.09	--	20	16180	买盘
09:31:43	8.09	--	24	19416	卖盘
09:31:37	8.09	--	6	4854	卖盘
09:31:33	8.09	--	8	6472	卖盘
09:31:18	8.09	--	82	66338	卖盘
09:31:07	8.09	0.01	20	16180	买盘
09:31:03	8.08	--	0	0	卖盘
09:30:48	8.08	-0.02	21	16968	卖盘
09:30:43	8.1	0.01	49	39690	买盘
09:30:37	8.09	--	2	1618	买盘
09:30:33	8.09	--	20	16180	买盘
09:30:28	8.09	--	28	22652	买盘
09:30:18	8.09	--	1	809	买盘
09:30:13	8.09	--	5	4045	买盘
09:30:07	8.09	--	11	8899	买盘
09:30:03	8.09	0.01	10	8090	买盘
09:28:52	8.08	--	0	0	卖盘
09:25:06	8.08	8.08	105	84840	买盘
