成交时间	成交价	价格变动	成交量(手)	成交额(元)	性质
15:00:00	13.81	0.01	0	0	卖盘
15:00:00	13.8	--	0	0	卖盘
15:00:00	13.8	--	0	0	卖盘
14:59:59	13.8	-0.02	980	1352400	卖盘
14:59:53	13.82	--	156	216628	买盘
14:59:49	13.82	--	3	4146	买盘
14:59:44	13.82	--	25	34550	买盘
14:59:38	13.82	--	80	110560	买盘
14:59:34	13.82	0.01	57	78774	买盘
14:59:29	13.81	-0.01	30	41430	卖盘
14:59:23	13.82	--	245	338590	买盘
14:59:19	13.82	--	16	22112	买盘
14:59:14	13.82	--	362	500284	卖盘
14:59:08	13.82	-0.01	66	91212	卖盘
14:59:04	13.83	--	5	6915	买盘
14:58:59	13.83	--	70	96810	买盘
14:58:53	13.83	0.01	4	5532	买盘
14:58:49	13.82	-0.01	5	6910	卖盘
14:58:44	13.83	--	12	16596	买盘
14:58:34	13.83	--	289	399687	买盘
14:58:29	13.83	--	2	2766	买盘
14:58:23	13.83	--	88	121704	买盘
14:58:08	13.83	--	76	105108	买盘
14:58:04	13.83	--	1	1383	买盘
14:57:59	13.83	--	15	20745	买盘
14:57:53	13.83	0.01	5	6915	买盘
14:57:44	13.82	-0.01	87	120234	卖盘
14:57:38	13.83	--	30	41490	买盘
14:57:34	13.83	--	61	84363	买盘
14:57:29	13.83	--	325	449475	卖盘
14:57:23	13.83	--	82	113406	卖盘
14:57:19	13.83	-0.01	40	55320	卖盘
14:57:08	13.84	--	543	751512	买盘
14:57:04	13.84	0.01	10	13840	买盘
14:56:59	13.83	--	24	33192	卖盘
14:56:53	13.83	-0.01	45	62235	卖盘
14:56:49	13.84	0.01	31	42904	买盘
14:56:44	13.83	--	29	40107	卖盘
14:56:38	13.83	-0.01	13	17979	卖盘
14:56:34	13.84	0.01	13	17992	买盘
14:56:29	13.83	--	44	60852	卖盘
14:56:23	13.83	0.01	43	59469	买盘
14:56:19	13.82	-0.01	7	9674	卖盘
14:56:14	13.83	--	13	17979	买盘
14:56:08	13.83	--	33	45639	买盘
14:56:04	13.83	--	21	29043	买盘
14:55:59	13.83	--	88	121704	买盘
14:55:53	13.83	0.01	70	96810	买盘
14:55:49	13.82	--	10	13820	卖盘
14:55:44	13.82	-0.01	41	56662	卖盘
14:55:38	13.83	--	44	60852	买盘
14:55:34	13.83	--	18	24894	买盘
14:55:23	13.83	--	324	448092	买盘
14:55:14	13.83	0.01	5	6915	买盘
14:55:08	13.82	--	35	48370	卖盘
14:54:59	13.82	--	315	435330	卖盘
14:54:53	13.82	--	44	60808	卖盘
14:54:44	13.82	--	4	5528	卖盘
14:54:38	13.82	--	56	77392	卖盘
14:54:29	13.82	--	10	13820	卖盘
14:54:23	13.82	--	44	60808	卖盘
14:54:18	13.82	--	7	9674	卖盘
14:54:08	13.82	--	100	138200	卖盘
14:54:03	13.82	-0.01	21	29022	卖盘
14:53:58	13.83	--	6	8298	买盘
14:53:53	13.83	0.01	13	17979	买盘
14:53:47	13.82	-0.01	27	37314	卖盘
14:53:43	13.83	--	70	96810	买盘
14:53:38	13.83	--	72	99576	买盘
14:53:32	13.83	--	19	26277	买盘
14:53:28	13.83	-0.01	448	619584	卖盘
14:53:23	13.84	0.01	17	23528	买盘
14:53:17	13.83	-0.01	54	74682	卖盘
14:53:13	13.84	0.01	5	6920	买盘
14:53:08	13.83	--	4	5532	卖盘
14:52:58	13.83	--	4	5532	卖盘
14:52:53	13.83	--	41	56703	卖盘
14:52:47	13.83	-0.01	37	51171	卖盘
14:52:43	13.84	0.01	58	80272	买盘
14:52:38	13.83	-0.01	10	13830	卖盘
14:52:28	13.84	--	101	140185	卖盘
14:52:23	13.84	--	218	301712	卖盘
14:52:17	13.84	--	7	9688	卖盘
14:52:08	13.84	--	28	38752	卖盘
14:52:02	13.84	--	10	13840	卖盘
14:51:53	13.84	--	8	11072	卖盘
14:51:47	13.84	--	1	1384	卖盘
14:51:43	13.84	--	42	58128	卖盘
14:51:38	13.84	--	5	6920	卖盘
14:51:32	13.84	-0.01	4	5536	卖盘
14:51:23	13.85	--	59	81715	买盘
14:51:17	13.85	--	1	1385	买盘
14:51:13	13.85	--	14	19390	买盘
14:51:08	13.85	--	78	108030	卖盘
14:51:02	13.85	--	24	33240	买盘
14:50:58	13.85	--	69	95565	买盘
14:50:53	13.85	-0.01	60	83100	卖盘
14:50:47	13.86	0.01	42	58212	买盘
14:50:43	13.85	--	4	5540	卖盘
14:50:28	13.85	--	219	303315	卖盘
14:50:23	13.85	-0.01	5	6925	卖盘
14:50:17	13.86	0.01	74	102564	买盘
14:49:53	13.85	-0.01	4	5540	卖盘
14:49:47	13.86	--	42	58212	买盘
14:49:43	13.86	0.01	2	2772	买盘
14:49:38	13.85	--	23	31855	卖盘
14:49:32	13.85	--	79	109415	买盘
14:49:28	13.85	--	428	592780	卖盘
14:49:17	13.85	--	14	19390	卖盘
14:49:13	13.85	--	25	34625	卖盘
14:49:08	13.85	--	22	30470	卖盘
14:49:02	13.85	0.01	9	12465	卖盘
14:48:58	13.84	-0.01	13	17992	卖盘
14:48:53	13.85	-0.01	4	5540	卖盘
14:48:47	13.86	0.01	32	44352	买盘
14:48:43	13.85	--	21	29777	买盘
14:48:38	13.85	--	99	137807	卖盘
14:48:32	13.85	--	95	131575	卖盘
14:48:23	13.85	--	14	19390	卖盘
14:48:17	13.85	--	13	18697	卖盘
14:48:13	13.85	--	4	5540	卖盘
14:48:08	13.85	--	67	92795	买盘
14:48:02	13.85	--	38	52630	买盘
14:47:56	13.85	-0.01	85	117725	卖盘
14:47:47	13.86	--	137	189882	卖盘
14:47:41	13.86	--	20	27720	卖盘
14:47:37	13.86	--	20	27720	卖盘
14:47:32	13.86	--	508	704088	买盘
14:47:22	13.86	0.01	102	141372	买盘
14:47:17	13.85	-0.01	11	15235	卖盘
14:47:11	13.86	0.01	13	18018	买盘
14:47:02	13.85	0.01	11	15927	买盘
14:46:56	13.84	-0.01	112	155700	卖盘
14:46:52	13.85	-0.01	735	1018667	卖盘
14:46:47	13.86	0.01	58	80388	买盘
14:46:41	13.85	--	5	6925	卖盘
14:46:32	13.85	--	21	29085	卖盘
14:46:26	13.85	--	100	138500	卖盘
14:46:22	13.85	--	37	51245	卖盘
14:46:17	13.85	--	105	145425	卖盘
14:46:11	13.85	--	458	634620	买盘
14:46:02	13.85	--	93	128805	买盘
14:45:56	13.85	--	65	90025	买盘
14:45:52	13.85	--	1	1385	买盘
14:45:47	13.85	--	13	18005	买盘
14:45:41	13.85	0.01	5	6925	买盘
14:45:32	13.84	--	100	138400	卖盘
14:45:26	13.84	-0.01	519	718296	卖盘
14:45:22	13.85	0.01	13	18005	买盘
14:45:17	13.84	--	102	141168	卖盘
14:45:11	13.84	-0.01	2	2768	卖盘
14:45:07	13.85	--	14	19390	买盘
14:45:02	13.85	--	61	84485	买盘
14:44:52	13.85	0.01	10	13850	买盘
14:44:47	13.84	0.02	16	22144	买盘
14:44:41	13.82	-0.02	49	67718	卖盘
14:44:37	13.84	-0.01	18	24912	卖盘
14:44:26	13.85	0.01	22	30470	买盘
14:44:22	13.84	--	34	47056	买盘
14:44:17	13.84	--	2	2768	买盘
14:44:11	13.84	--	698	966032	买盘
14:44:07	13.84	-0.01	5	6920	买盘
14:44:02	13.85	--	101	139885	买盘
14:43:56	13.85	0.01	13	18005	买盘
14:43:52	13.84	--	330	456720	卖盘
14:43:47	13.84	--	35	48440	卖盘
14:43:41	13.84	--	8	11072	卖盘
14:43:37	13.84	--	167	231128	卖盘
14:43:32	13.84	--	632	875380	卖盘
14:43:26	13.84	0.03	367	508620	买盘
14:43:17	13.81	-0.01	49	67669	卖盘
14:43:11	13.82	0.01	1	1382	卖盘
14:43:07	13.81	-0.03	635	877335	卖盘
14:43:02	13.84	0.02	1043	1443512	卖盘
14:42:56	13.82	-0.02	421	581822	卖盘
14:42:52	13.84	--	10	13840	卖盘
14:42:47	13.84	-0.01	40	55360	卖盘
14:42:41	13.85	0.01	70	96950	买盘
14:42:37	13.84	-0.01	28	38752	卖盘
14:42:32	13.85	0.01	27	37395	买盘
14:42:26	13.84	-0.01	45	62280	卖盘
14:42:17	13.85	0.01	24	33240	买盘
14:42:11	13.84	--	81	112104	卖盘
14:42:07	13.84	0.01	231	319704	买盘
14:41:56	13.83	0.01	15	20745	卖盘
14:41:47	13.82	-0.01	81	111942	卖盘
14:41:41	13.83	0.01	17	24147	买盘
14:41:37	13.82	-0.01	19	26258	卖盘
14:41:31	13.83	--	80	111386	卖盘
14:41:26	13.83	--	810	1120866	卖盘
14:41:20	13.83	-0.01	4	5532	卖盘
14:41:16	13.84	0.01	5	6920	买盘
14:41:11	13.83	--	2	2766	卖盘
14:41:05	13.83	--	29	40107	买盘
14:41:01	13.83	--	28	38724	买盘
14:40:56	13.83	--	113	156279	卖盘
14:40:50	13.83	--	27	37341	卖盘
14:40:41	13.83	--	314	434262	卖盘
14:40:31	13.83	--	438	605754	卖盘
14:40:26	13.83	-0.01	7	9681	卖盘
14:40:20	13.84	0.01	6	8304	买盘
14:40:16	13.83	-0.01	8	11064	卖盘
14:40:11	13.84	--	11	15224	买盘
14:40:05	13.84	--	110	152240	买盘
14:40:01	13.84	--	9	12456	买盘
14:39:56	13.84	0.01	47	65048	买盘
14:39:50	13.83	-0.01	10	13830	卖盘
14:39:46	13.84	0.01	14	19376	买盘
14:39:41	13.83	--	130	179790	卖盘
14:39:35	13.83	--	4	5532	卖盘
14:39:31	13.83	--	12	16596	卖盘
14:39:26	13.83	--	132	182556	卖盘
14:39:20	13.83	--	22	30426	买盘
14:39:05	13.83	0.01	5	6915	买盘
14:38:56	13.82	-0.02	59	81538	卖盘
14:38:50	13.84	0.01	6	8304	买盘
14:38:41	13.83	--	200	276600	卖盘
14:38:35	13.83	--	2	2766	卖盘
14:38:26	13.83	--	100	138300	卖盘
14:38:20	13.83	--	10	13830	卖盘
14:38:11	13.83	-0.01	2	2766	卖盘
14:38:05	13.84	--	57	78888	买盘
14:38:01	13.84	--	10	13840	买盘
14:37:50	13.84	0.01	76	105184	买盘
14:37:46	13.83	-0.01	9	12447	卖盘
14:37:41	13.84	0.01	66	91344	买盘
14:37:35	13.83	--	50	69150	卖盘
14:37:31	13.83	--	5	6915	卖盘
14:37:26	13.83	--	2	2766	卖盘
14:37:20	13.83	--	41	56703	买盘
14:37:16	13.83	0.01	4	5532	买盘
14:37:11	13.82	-0.01	2	2764	卖盘
14:37:05	13.83	-0.01	93	128619	卖盘
14:37:01	13.84	0.01	42	58128	买盘
14:36:50	13.83	--	13	17979	卖盘
14:36:35	13.83	-0.01	45	62235	卖盘
14:36:31	13.84	0.01	10	13840	买盘
14:36:26	13.83	-0.01	152	210216	卖盘
14:36:20	13.84	--	9	12456	买盘
14:36:11	13.84	0.01	6	8304	买盘
14:36:05	13.83	--	9	12447	卖盘
14:36:01	13.83	0.01	153	211599	买盘
14:35:56	13.82	--	90	124380	卖盘
14:35:50	13.82	--	20	27640	卖盘
14:35:41	13.82	--	3	4146	卖盘
14:35:31	13.82	-0.01	62	85684	卖盘
14:35:26	13.83	--	58	80214	卖盘
14:35:20	13.83	--	419	579477	卖盘
14:35:10	13.83	--	132	182556	卖盘
14:35:05	13.83	--	11	15213	卖盘
14:34:59	13.83	--	3	4149	卖盘
14:34:55	13.83	--	7	9681	卖盘
14:34:40	13.83	--	10	13830	卖盘
14:34:35	13.83	-0.01	9	12460	卖盘
14:34:29	13.84	0.01	6	8304	买盘
14:34:20	13.83	-0.01	6	8298	卖盘
14:34:14	13.84	0.01	78	107952	买盘
14:34:10	13.83	-0.01	10	13830	卖盘
14:34:05	13.84	0.01	254	351536	买盘
14:33:55	13.83	--	5	6915	卖盘
14:33:50	13.83	--	110	152849	买盘
14:33:44	13.83	--	134	185985	卖盘
14:33:35	13.83	--	13	17979	卖盘
14:33:29	13.83	--	72	99576	卖盘
14:33:20	13.83	--	10	13830	卖盘
14:33:14	13.83	--	678	938393	买盘
14:33:05	13.83	--	15	20745	买盘
14:32:59	13.83	--	5	6915	买盘
14:32:50	13.83	--	131	181173	买盘
14:32:44	13.83	-0.01	63	87129	卖盘
14:32:40	13.84	0.01	14	19376	买盘
14:32:35	13.83	-0.01	130	179790	卖盘
14:32:29	13.84	0.01	251	347384	买盘
14:32:25	13.83	--	55	76065	卖盘
14:32:20	13.83	--	55	76065	卖盘
14:32:14	13.83	--	323	446709	卖盘
14:31:59	13.83	--	20	27660	卖盘
14:31:55	13.83	0.01	60	82980	买盘
14:31:50	13.82	-0.01	77	106414	卖盘
14:31:44	13.83	--	5	6915	买盘
14:31:29	13.83	--	25	34575	买盘
14:31:25	13.83	--	10	13830	买盘
14:31:14	13.83	-0.01	157	217131	卖盘
14:31:10	13.84	--	6	8304	买盘
14:31:05	13.84	--	79	109336	买盘
14:30:59	13.84	--	1	1384	买盘
14:30:55	13.84	0.01	66	91344	买盘
14:30:44	13.83	--	14	19362	卖盘
14:30:35	13.83	-0.01	55	76065	卖盘
14:30:29	13.84	0.01	42	58128	买盘
14:30:14	13.83	--	5	6915	卖盘
14:30:10	13.83	-0.01	5	6915	卖盘
14:30:05	13.84	--	93	128712	买盘
14:29:59	13.84	0.01	110	152240	买盘
14:29:55	13.83	--	322	446446	买盘
14:29:50	13.83	--	14	19362	买盘
14:29:44	13.83	--	76	106062	卖盘
14:29:40	13.83	--	10	13830	卖盘
14:29:29	13.83	--	67	92661	卖盘
14:29:25	13.83	-0.01	100	138300	卖盘
14:29:14	13.84	--	141	195144	买盘
14:29:09	13.84	0.01	1	1384	买盘
14:29:05	13.83	--	9	12447	卖盘
14:28:59	13.83	--	15	20745	卖盘
14:28:55	13.83	0.01	131	181601	买盘
14:28:49	13.82	-0.01	50	69100	卖盘
14:28:44	13.83	0.01	1	1383	买盘
14:28:38	13.82	--	10	13820	卖盘
14:28:34	13.82	--	10	13820	卖盘
14:28:29	13.82	--	70	96740	卖盘
14:28:14	13.82	-0.01	30	41460	卖盘
14:28:08	13.83	--	52	71916	买盘
14:27:59	13.83	0.01	42	58086	买盘
14:27:53	13.82	--	421	581822	买盘
14:27:49	13.82	0.01	9	12438	买盘
14:27:44	13.81	-0.01	1	1381	卖盘
14:27:38	13.82	--	79	109178	卖盘
14:27:29	13.82	-0.01	24	33168	卖盘
14:27:23	13.83	-0.01	4	5532	买盘
14:27:08	13.84	0.01	302	417968	买盘
14:27:04	13.83	--	65	89895	卖盘
14:26:53	13.83	-0.01	10	13830	卖盘
14:26:49	13.84	0.01	10	13840	买盘
14:26:38	13.83	-0.01	328	453624	卖盘
14:26:29	13.84	0.01	202	279568	买盘
14:26:23	13.83	--	28	38724	卖盘
14:26:14	13.83	--	1	1383	卖盘
14:26:08	13.83	--	1	1383	卖盘
14:26:04	13.83	--	12	16596	卖盘
14:25:59	13.83	-0.01	24	33192	卖盘
14:25:53	13.84	0.03	5	6920	买盘
14:25:49	13.81	-0.03	101	139481	卖盘
14:25:44	13.84	0.03	8	11072	买盘
14:25:38	13.81	-0.02	32	44192	卖盘
14:25:29	13.83	0.02	33	45639	买盘
14:25:23	13.81	--	10	13810	卖盘
14:25:19	13.81	-0.03	33	45573	卖盘
14:25:14	13.84	--	302	417968	卖盘
14:25:08	13.84	0.03	429	593736	买盘
14:25:04	13.81	-0.03	1	1381	卖盘
14:24:59	13.84	--	68	94112	买盘
14:24:53	13.84	0.02	5	6920	买盘
14:24:49	13.82	-0.02	91	125762	卖盘
14:24:44	13.84	0.02	119	164696	买盘
14:24:38	13.82	-0.02	565	780830	卖盘
14:24:34	13.84	--	5	6920	卖盘
14:24:29	13.84	0.02	212	293408	买盘
14:24:23	13.82	--	37	51134	卖盘
14:24:19	13.82	-0.02	97	134054	卖盘
14:24:14	13.84	0.01	1	1384	买盘
14:24:08	13.83	-0.01	372	514476	卖盘
14:24:04	13.84	--	13	17992	买盘
14:23:59	13.84	0.01	79	109336	买盘
14:23:53	13.83	--	44	60852	卖盘
14:23:49	13.83	-0.01	3	4149	卖盘
14:23:44	13.84	0.01	822	1137648	买盘
14:23:38	13.83	-0.01	63	87129	卖盘
14:23:34	13.84	0.01	111	153624	买盘
14:23:23	13.83	--	156	215748	卖盘
14:23:19	13.83	--	35	48405	卖盘
14:23:14	13.83	--	8	11064	卖盘
14:23:08	13.83	--	47	65001	卖盘
14:23:04	13.83	--	96	132768	卖盘
14:22:59	13.83	--	50	69150	卖盘
14:22:53	13.83	--	20	27660	卖盘
14:22:49	13.83	--	1	1383	卖盘
14:22:29	13.83	--	32	44256	卖盘
14:22:23	13.83	0.01	816	1128528	买盘
14:22:17	13.82	0.01	549	758718	买盘
14:22:13	13.81	-0.01	68	93908	卖盘
14:22:08	13.82	0.01	2	2764	买盘
14:21:58	13.81	0.01	149	205769	买盘
14:21:53	13.8	-0.01	31	42780	卖盘
14:21:47	13.81	0.01	83	114623	买盘
14:21:43	13.8	-0.01	95	131100	卖盘
14:21:32	13.81	--	9	12429	卖盘
14:21:28	13.81	--	1	1381	卖盘
14:21:17	13.81	-0.01	348	480588	卖盘
14:21:08	13.82	--	138	190716	买盘
14:21:02	13.82	-0.01	16	22112	卖盘
14:20:58	13.83	0.01	5	6915	买盘
14:20:53	13.82	--	11	15202	卖盘
14:20:47	13.82	--	47	64954	买盘
14:20:38	13.82	0.01	13	17966	卖盘
14:20:32	13.81	-0.01	501	691881	卖盘
14:20:28	13.82	--	10	13820	卖盘
14:20:23	13.82	--	86	118852	卖盘
14:20:17	13.82	--	18	24876	卖盘
14:20:13	13.82	-0.01	10	13820	卖盘
14:20:08	13.83	0.01	51	70533	买盘
14:20:02	13.82	-0.01	50	69100	卖盘
14:19:53	13.83	--	1	1383	买盘
14:19:47	13.83	0.01	171	236493	买盘
14:19:43	13.82	-0.01	9	12438	卖盘
14:19:38	13.83	--	84	116172	卖盘
14:19:32	13.83	--	160	221280	卖盘
14:19:28	13.83	--	19	26277	卖盘
14:19:23	13.83	--	25	34575	卖盘
14:19:17	13.83	--	128	177024	卖盘
14:19:13	13.83	--	3	4149	卖盘
14:19:02	13.83	--	41	56703	卖盘
14:18:58	13.83	-0.01	5	6915	卖盘
14:18:53	13.84	--	656	907904	买盘
14:18:47	13.84	--	35	48440	买盘
14:18:38	13.84	--	140	193760	卖盘
14:18:32	13.84	--	323	447032	卖盘
14:18:28	13.84	--	10	13840	卖盘
14:18:23	13.84	--	89	123176	卖盘
14:18:17	13.84	--	279	386136	卖盘
14:18:13	13.84	--	1	1384	卖盘
14:18:08	13.84	--	195	269880	买盘
14:18:02	13.84	--	104	143936	卖盘
14:17:53	13.84	--	740	1024160	卖盘
14:17:47	13.84	-0.01	300	415200	卖盘
14:17:43	13.85	0.01	26	36010	买盘
14:17:38	13.84	--	4	5536	卖盘
14:17:32	13.84	0.01	2404	3327136	买盘
14:17:28	13.83	--	35	48405	买盘
14:17:23	13.83	0.01	32	44256	买盘
14:17:17	13.82	-0.01	56	77392	卖盘
14:17:13	13.83	0.01	45	62926	买盘
14:17:08	13.82	--	45	62190	卖盘
14:17:02	13.82	0.01	433	598406	买盘
14:16:58	13.81	-0.01	67	92527	卖盘
14:16:53	13.82	0.01	47	64954	买盘
14:16:47	13.81	--	2	2762	卖盘
14:16:43	13.81	--	31	42811	卖盘
14:16:37	13.81	--	21	29001	卖盘
14:16:32	13.81	--	546	754150	买盘
14:16:28	13.81	--	330	455730	买盘
14:16:22	13.81	--	2	2762	买盘
14:16:17	13.81	--	20	27620	买盘
14:16:02	13.81	0.02	422	583044	买盘
14:15:52	13.79	-0.01	94	129625	卖盘
14:15:47	13.8	0.01	4	5520	买盘
14:15:32	13.79	--	1574	2170546	卖盘
14:15:17	13.79	0.01	427	588833	买盘
14:15:11	13.78	--	91	125398	卖盘
14:15:02	13.78	--	220	303160	卖盘
14:14:52	13.78	-0.01	9	12402	卖盘
14:14:47	13.79	--	255	351645	买盘
14:14:37	13.79	0.01	13	17927	买盘
14:14:32	13.78	--	17	23426	卖盘
14:14:26	13.78	--	748	1030744	卖盘
14:14:22	13.78	--	5	6890	卖盘
14:14:17	13.78	--	21	28938	卖盘
14:14:11	13.78	--	20	27560	卖盘
14:14:02	13.78	0.01	760	1047472	买盘
14:13:56	13.77	--	20	27540	卖盘
14:13:41	13.77	--	1	1377	卖盘
14:13:37	13.77	--	72	99144	卖盘
14:13:32	13.77	-0.01	40	55080	卖盘
14:13:26	13.78	--	628	865384	买盘
14:13:17	13.78	0.01	53	73034	买盘
14:13:11	13.77	--	5	6885	卖盘
14:13:02	13.77	-0.01	523	720859	卖盘
14:12:56	13.78	0.01	42	57876	买盘
14:12:52	13.77	--	70	96390	卖盘
14:12:47	13.77	--	10	13770	卖盘
14:12:41	13.77	--	10	13770	卖盘
14:12:26	13.77	--	948	1305396	买盘
14:12:17	13.77	0.01	92	126684	买盘
14:12:11	13.76	-0.01	1	1376	卖盘
14:12:02	13.77	0.01	18	24786	买盘
14:11:52	13.76	-0.01	3	4128	卖盘
14:11:47	13.77	0.01	140	192780	买盘
14:11:32	13.76	--	50	68800	卖盘
14:11:26	13.76	--	0	0	中性盘
14:11:22	13.76	--	4	5504	买盘
14:11:16	13.76	--	106	145856	卖盘
14:11:11	13.76	--	259	356384	卖盘
14:11:07	13.76	--	2	2752	卖盘
14:11:01	13.76	--	752	1034752	卖盘
14:10:56	13.76	--	465	639840	买盘
14:10:46	13.76	0.02	50	68800	买盘
14:10:41	13.74	-0.02	72	98928	卖盘
14:10:31	13.76	--	502	690752	卖盘
14:10:16	13.76	--	574	789824	卖盘
14:10:11	13.76	-0.01	5	6880	卖盘
14:10:02	13.77	0.01	207	285039	买盘
14:09:56	13.76	0.02	240	330240	买盘
14:09:46	13.74	-0.01	501	688374	卖盘
14:09:41	13.75	0.01	4	5500	卖盘
14:09:31	13.74	-0.02	466	640284	卖盘
14:09:26	13.76	0.01	733	1008608	买盘
14:09:11	13.75	-0.01	512	704000	卖盘
14:09:07	13.76	--	62	85312	买盘
14:08:56	13.76	--	208	286208	买盘
14:08:50	13.76	0.01	3	4128	卖盘
14:08:41	13.75	-0.01	109	149875	卖盘
14:08:35	13.76	0.01	40	55040	买盘
14:08:26	13.75	--	46	63250	买盘
14:08:05	13.75	--	57	78375	买盘
14:07:56	13.75	-0.01	244	335500	卖盘
14:07:50	13.76	0.01	240	330240	买盘
14:07:46	13.75	-0.01	20	27500	卖盘
14:07:41	13.76	--	24	33024	买盘
14:07:35	13.76	0.01	11	15136	买盘
14:07:31	13.75	-0.01	102	140250	卖盘
14:07:26	13.76	--	143	196768	买盘
14:07:20	13.76	0.01	582	800832	买盘
14:07:11	13.75	--	1	1375	卖盘
14:07:05	13.75	--	20	27500	卖盘
14:06:50	13.75	--	484	665500	买盘
14:06:41	13.75	-0.01	27	37125	卖盘
14:06:26	13.76	--	11	15136	买盘
14:06:20	13.76	--	524	721024	卖盘
14:06:11	13.76	-0.01	85	116960	卖盘
14:06:05	13.77	--	203	279531	买盘
14:05:56	13.77	0.01	20	27540	买盘
14:05:46	13.76	--	10	13760	卖盘
14:05:41	13.76	--	1	1376	卖盘
14:05:35	13.76	--	56	77056	卖盘
14:05:31	13.76	--	63	86688	卖盘
14:05:26	13.76	--	189	260064	卖盘
14:05:20	13.76	0.01	737	1015033	买盘
14:05:16	13.75	-0.01	22	30250	卖盘
14:05:11	13.76	0.01	1	1376	买盘
14:05:01	13.75	--	1	1375	卖盘
14:04:50	13.75	-0.01	849	1167375	卖盘
14:04:46	13.76	--	11	15136	买盘
14:04:25	13.76	0.01	20	27520	买盘
14:04:20	13.75	--	50	68750	卖盘
14:04:10	13.75	--	284	390500	卖盘
14:04:05	13.75	--	8	11000	卖盘
14:04:01	13.75	--	3	4125	卖盘
14:03:55	13.75	--	11	15125	卖盘
14:03:50	13.75	--	722	993410	买盘
14:03:46	13.75	0.01	10	13750	买盘
14:03:20	13.74	-0.01	12	16488	卖盘
14:03:15	13.75	--	42	57750	买盘
14:03:05	13.75	0.01	103	141625	买盘
14:03:00	13.74	--	11	15114	卖盘
14:02:55	13.74	--	14	19236	卖盘
14:02:50	13.74	0.01	363	499050	买盘
14:02:45	13.73	--	2	2746	卖盘
14:02:40	13.73	--	1	1373	卖盘
14:02:30	13.73	--	1	1373	卖盘
14:02:20	13.73	--	12	16476	卖盘
14:02:15	13.73	-0.01	11	15789	卖盘
14:02:10	13.74	0.01	468	643719	买盘
14:02:05	13.73	--	9	12357	买盘
14:01:55	13.73	--	11	15103	买盘
14:01:50	13.73	0.01	2	2746	买盘
14:01:44	13.72	-0.01	10	13720	卖盘
14:01:40	13.73	--	5	6865	买盘
14:01:35	13.73	--	10	13730	买盘
14:01:29	13.73	--	4	5492	买盘
14:01:20	13.73	--	16	21968	买盘
14:01:14	13.73	0.01	9	12357	买盘
14:01:05	13.72	-0.01	66	90552	卖盘
14:00:50	13.73	0.01	23	31579	买盘
14:00:44	13.72	--	22	30184	卖盘
14:00:29	13.72	--	384	527534	买盘
14:00:20	13.72	--	1	1372	买盘
14:00:14	13.72	--	42	57624	买盘
14:00:09	13.72	--	16	21952	买盘
13:59:50	13.72	0.01	10	13720	买盘
13:59:44	13.71	-0.01	1	1371	卖盘
13:59:25	13.72	--	25	34300	买盘
13:59:20	13.72	0.01	23	31556	买盘
13:59:14	13.71	-0.01	44	60324	卖盘
13:59:05	13.72	--	39	53508	买盘
13:58:59	13.72	0.01	20	27440	买盘
13:58:44	13.71	--	300	411300	卖盘
13:58:25	13.71	--	19	26049	卖盘
13:58:20	13.71	--	12	16452	卖盘
13:58:14	13.71	-0.01	1	1371	卖盘
13:58:05	13.72	--	18	24696	买盘
13:57:54	13.72	0.01	42	57624	买盘
13:57:44	13.71	--	50	68550	买盘
13:57:40	13.71	--	40	54840	买盘
13:57:35	13.71	--	42	57582	卖盘
13:57:19	13.71	-0.01	7	9597	卖盘
13:57:14	13.72	--	69	94668	买盘
13:57:09	13.72	0.01	1	1372	买盘
13:57:04	13.71	--	11	15341	买盘
13:56:59	13.71	--	0	1110	卖盘
13:56:55	13.71	--	13	18083	买盘
13:56:49	13.71	--	2	2742	买盘
13:56:44	13.71	--	113	154923	买盘
13:56:34	13.71	--	4	5484	买盘
13:56:29	13.71	--	19	26049	买盘
13:56:19	13.71	--	1	1371	买盘
13:56:14	13.71	--	44	61434	卖盘
13:55:59	13.71	--	16	21936	卖盘
13:55:55	13.71	-0.01	22	30162	卖盘
13:55:49	13.72	--	20	27440	买盘
13:55:34	13.72	--	1	1372	买盘
13:55:29	13.72	--	65	89180	买盘
13:55:19	13.72	--	245	336140	买盘
13:55:14	13.72	--	2	2744	买盘
13:55:04	13.72	0.01	61	83692	买盘
13:54:59	13.71	--	301	412671	卖盘
13:54:53	13.71	-0.01	30	41130	卖盘
13:54:44	13.72	0.01	11	15092	买盘
13:54:38	13.71	--	12	16452	卖盘
13:54:19	13.71	--	12	16452	卖盘
13:54:08	13.71	-0.01	512	701952	卖盘
13:54:04	13.72	--	5	6860	买盘
13:53:59	13.72	--	10	13720	买盘
13:53:49	13.72	--	2	2744	买盘
13:53:29	13.72	--	13	17836	买盘
13:53:19	13.72	--	12	16464	买盘
13:53:14	13.72	--	19	26068	买盘
13:53:08	13.72	0.01	28	38416	买盘
13:53:04	13.71	-0.01	1	1371	卖盘
13:52:53	13.72	--	42	57624	买盘
13:52:49	13.72	0.01	21	28812	买盘
13:52:14	13.71	--	28	38388	卖盘
13:52:08	13.71	-0.01	172	235812	卖盘
13:51:59	13.72	--	100	137200	买盘
13:51:48	13.72	--	29	39788	买盘
13:51:44	13.72	--	9	12348	买盘
13:51:29	13.72	--	100	137200	买盘
13:51:08	13.72	--	22	30184	买盘
13:50:53	13.72	--	5	6860	卖盘
13:50:48	13.72	--	20	27440	卖盘
13:50:34	13.72	--	5	6860	卖盘
13:50:29	13.72	--	3	4116	卖盘
13:50:18	13.72	--	10	13720	卖盘
13:50:13	13.72	--	12	16464	卖盘
13:50:03	13.72	-0.01	10	13720	卖盘
13:49:48	13.73	0.01	3	4119	买盘
13:49:43	13.72	-0.01	6	8232	卖盘
13:49:28	13.73	0.01	63	86499	买盘
13:49:23	13.72	-0.01	11	15092	卖盘
13:49:08	13.73	0.01	23	31579	买盘
13:48:53	13.72	--	707	970004	卖盘
13:48:48	13.72	--	23	31556	卖盘
13:48:43	13.72	-0.01	29	39788	卖盘
13:48:28	13.73	0.01	1	1373	买盘
13:48:23	13.72	-0.01	9	12348	卖盘
13:48:13	13.73	--	10	13730	买盘
13:47:47	13.73	--	2	2746	买盘
13:47:28	13.73	0.01	10	13730	买盘
13:47:13	13.72	-0.01	1	1372	卖盘
13:47:08	13.73	--	1	1373	买盘
13:46:47	13.73	--	8	10984	买盘
13:46:32	13.73	0.01	6	8238	买盘
13:46:28	13.72	--	34	46798	卖盘
13:46:17	13.72	--	26	35672	卖盘
13:45:53	13.72	-0.01	10	13720	卖盘
13:45:47	13.73	0.01	111	152403	买盘
13:45:42	13.72	-0.01	1	1372	卖盘
13:45:27	13.73	0.01	37	50801	买盘
13:45:23	13.72	-0.01	1000	1372000	卖盘
13:45:17	13.73	--	52	71396	买盘
13:45:08	13.73	--	14	19222	买盘
13:45:02	13.73	-0.01	265	364778	卖盘
13:44:58	13.74	--	42	57708	买盘
13:44:47	13.74	--	66	90684	买盘
13:44:38	13.74	0.01	10	13740	买盘
13:44:17	13.73	--	6	8238	卖盘
13:44:12	13.73	--	1	1373	卖盘
13:43:58	13.73	-0.01	8	11011	卖盘
13:43:53	13.74	0.01	15	20610	买盘
13:43:43	13.73	--	1	1373	卖盘
13:43:32	13.73	--	1	1373	卖盘
13:43:22	13.73	--	53	72769	卖盘
13:43:17	13.73	-0.01	3	4119	卖盘
13:43:12	13.74	0.01	51	70074	买盘
13:43:07	13.73	--	239	328147	卖盘
13:43:02	13.73	--	52	71396	卖盘
13:42:47	13.73	--	100	137300	卖盘
13:42:43	13.73	--	20	27460	卖盘
13:42:22	13.73	--	0	864	卖盘
13:42:17	13.73	--	11	15103	卖盘
13:42:12	13.73	--	1	1373	卖盘
13:42:07	13.73	-0.01	163	223799	卖盘
13:41:47	13.74	0.01	63	86562	买盘
13:41:42	13.73	--	0	919	卖盘
13:41:37	13.73	-0.01	21	28833	卖盘
13:41:32	13.74	0.01	41	56334	买盘
13:41:12	13.73	--	0	590	卖盘
13:41:07	13.73	0.01	33	45309	买盘
13:41:02	13.72	-0.01	1	1372	卖盘
13:40:56	13.73	0.01	10	13730	买盘
13:40:41	13.72	--	2	3073	卖盘
13:40:37	13.72	--	12	16464	卖盘
13:40:32	13.72	--	152	208544	卖盘
13:40:17	13.72	-0.01	300	412135	卖盘
13:40:11	13.73	0.01	45	61785	买盘
13:40:02	13.72	--	60	82320	卖盘
13:39:56	13.72	-0.01	26	35672	卖盘
13:39:52	13.73	--	0	1208	买盘
13:39:47	13.73	0.02	2	2746	卖盘
13:39:41	13.71	--	0	0	卖盘
13:39:37	13.71	-0.02	1294	1774074	卖盘
13:39:32	13.73	-0.01	21	28833	卖盘
13:39:26	13.74	--	117	160758	买盘
13:39:21	13.74	--	10	13740	买盘
13:39:17	13.74	--	47	65539	卖盘
13:39:11	13.74	-0.01	1	1374	卖盘
13:39:06	13.75	0.01	4	5500	买盘
13:39:02	13.74	-0.01	500	687000	卖盘
13:38:47	13.75	--	12	17215	卖盘
13:38:41	13.75	--	24	33000	卖盘
13:38:32	13.75	--	10	14410	买盘
13:38:26	13.75	--	24	33000	买盘
13:38:21	13.75	--	4	5500	买盘
13:38:17	13.75	--	67	92125	买盘
13:38:11	13.75	--	25	34375	买盘
13:38:06	13.75	-0.01	118	162250	卖盘
13:37:51	13.76	--	2	2752	买盘
13:37:47	13.76	0.01	18	24768	买盘
13:37:41	13.75	-0.01	22	30250	卖盘
13:37:32	13.76	-0.01	153	210982	卖盘
13:37:26	13.77	--	5	6885	买盘
13:37:16	13.77	-0.01	38	52326	卖盘
13:37:06	13.78	--	11	15158	买盘
13:37:01	13.78	--	6	8268	买盘
13:36:56	13.78	--	81	112114	卖盘
13:36:46	13.78	--	0	881	卖盘
13:36:31	13.78	--	15	20670	卖盘
13:36:26	13.78	--	2	2756	买盘
13:36:21	13.78	--	9	12402	卖盘
13:36:16	13.78	--	15	20670	卖盘
13:36:11	13.78	--	4	6697	卖盘
13:36:07	13.78	--	141	194298	买盘
13:35:56	13.78	0.01	3	4134	买盘
13:35:46	13.77	--	12	17363	买盘
13:35:41	13.77	--	1	1377	买盘
13:35:36	13.77	--	7	9639	卖盘
13:35:26	13.77	--	102	140454	买盘
13:35:21	13.77	--	54	74358	卖盘
13:35:11	13.77	--	22	30294	卖盘
13:35:06	13.77	--	50	68850	卖盘
13:35:01	13.77	--	77	106029	卖盘
13:34:46	13.77	--	1	1377	卖盘
13:34:31	13.77	--	1	1377	卖盘
13:34:20	13.77	--	12	16524	卖盘
13:34:11	13.77	--	40	55080	卖盘
13:34:01	13.77	--	10	13770	卖盘
13:33:50	13.77	--	423	583159	买盘
13:33:35	13.77	--	55	75735	买盘
13:33:26	13.77	--	5	6885	买盘
13:33:20	13.77	0.01	48	66096	卖盘
13:33:16	13.76	-0.01	400	550400	卖盘
13:33:05	13.77	0.01	4529	6236433	买盘
13:32:56	13.76	--	5	6880	卖盘
13:32:50	13.76	-0.01	118	162368	卖盘
13:32:35	13.77	0.01	10	13770	买盘
13:32:31	13.76	--	8	11008	卖盘
13:32:26	13.76	--	45	61920	卖盘
13:32:15	13.76	--	26	35954	卖盘
13:32:11	13.76	--	8	11008	卖盘
13:32:05	13.76	--	125	172000	卖盘
13:31:56	13.76	--	10	13760	卖盘
13:31:50	13.76	--	84	116203	卖盘
13:31:45	13.76	-0.01	0	68	卖盘
13:31:41	13.77	0.01	38	52326	买盘
13:31:31	13.76	--	11	15136	卖盘
13:31:20	13.76	--	4	5504	卖盘
13:31:15	13.76	-0.01	100	137600	卖盘
13:31:05	13.77	0.01	97	133569	买盘
13:31:00	13.76	--	50	68800	卖盘
13:30:50	13.76	--	3	4128	卖盘
13:30:45	13.76	--	10	13760	卖盘
13:30:35	13.76	--	61	83936	卖盘
13:30:30	13.76	-0.01	5	6880	卖盘
13:30:20	13.77	0.01	8	11016	买盘
13:30:15	13.76	--	3	4128	卖盘
13:30:10	13.76	-0.01	320	440911	卖盘
13:30:05	13.77	0.01	61	83997	买盘
13:30:00	13.76	--	13	17888	卖盘
13:29:50	13.76	--	31	42656	卖盘
13:29:45	13.76	--	20	27520	卖盘
13:29:40	13.76	-0.01	629	865504	卖盘
13:29:35	13.77	--	270	371790	买盘
13:29:25	13.77	--	24	33048	买盘
13:29:05	13.77	0.01	137	188649	买盘
13:29:00	13.76	-0.01	0	1155	卖盘
13:28:55	13.77	0.01	10	13770	买盘
13:28:40	13.76	-0.01	27	37152	卖盘
13:28:35	13.77	--	2	2754	买盘
13:28:25	13.77	--	161	222206	买盘
13:28:20	13.77	--	2	2754	买盘
13:28:15	13.77	0.01	2	2754	买盘
13:28:10	13.76	-0.01	3	4128	卖盘
13:28:05	13.77	0.01	43	59211	买盘
13:28:00	13.76	--	4	5504	卖盘
13:27:55	13.76	--	9	12384	卖盘
13:27:50	13.76	0.01	954	1313254	买盘
13:27:45	13.75	--	20	27500	卖盘
13:27:40	13.75	-0.01	56	77000	卖盘
13:27:29	13.76	--	9	12384	买盘
13:27:25	13.76	0.01	42	57792	买盘
13:27:20	13.75	--	135	186615	买盘
13:27:05	13.75	--	20	27500	买盘
13:26:59	13.75	--	9	12375	买盘
13:26:50	13.75	--	3	4125	买盘
13:26:44	13.75	0.01	10	13750	买盘
13:26:35	13.74	-0.01	12	16488	卖盘
13:26:29	13.75	--	6	8250	买盘
13:26:20	13.75	--	42	57750	买盘
13:26:05	13.75	--	61	83875	买盘
13:25:55	13.75	0.01	10	14162	买盘
13:25:35	13.74	-0.01	11	15114	卖盘
13:25:29	13.75	--	8	11000	买盘
13:25:24	13.75	0.01	424	583000	买盘
13:25:20	13.74	-0.01	1	1374	卖盘
13:25:09	13.75	--	20	27500	买盘
13:25:05	13.75	0.01	2	2750	买盘
13:24:44	13.74	--	41	56334	买盘
13:24:29	13.74	--	15	20610	买盘
13:24:14	13.74	0.02	10	13740	买盘
13:24:09	13.72	--	23	31556	卖盘
13:23:49	13.72	--	346	474712	卖盘
13:23:44	13.72	-0.04	12	16464	卖盘
13:23:39	13.76	--	0	0	买盘
13:23:29	13.76	0.05	24	33024	买盘
13:23:24	13.71	--	0	0	卖盘
13:23:20	13.71	--	3	4113	卖盘
13:23:14	13.71	-0.05	66	90486	卖盘
13:23:04	13.76	--	3022	4158272	卖盘
13:22:59	13.76	-0.01	36	49536	卖盘
13:22:49	13.77	--	51	70227	买盘
13:22:44	13.77	--	46	63342	买盘
13:22:34	13.77	0.01	28	38556	买盘
13:22:19	13.76	-0.01	1	1376	卖盘
13:22:14	13.77	--	204	280908	买盘
13:22:04	13.77	--	40	55080	买盘
13:21:59	13.77	--	2	2754	买盘
13:21:54	13.77	--	57	78489	买盘
13:21:49	13.77	--	16	22032	买盘
13:21:34	13.77	0.01	23	31671	买盘
13:21:19	13.76	-0.01	10	13760	卖盘
13:21:14	13.77	--	16	22032	买盘
13:21:04	13.77	0.01	17	23409	买盘
13:20:59	13.76	--	24	33024	卖盘
13:20:49	13.76	--	3	4128	卖盘
13:20:44	13.76	-0.01	50	68800	卖盘
13:20:29	13.77	--	12	16524	买盘
13:20:23	13.77	--	11	15147	买盘
13:20:08	13.77	--	6	8262	买盘
13:20:04	13.77	--	16	22032	买盘
13:19:59	13.77	0.01	2	2754	买盘
13:19:53	13.76	-0.01	4	5504	卖盘
13:19:49	13.77	0.01	12	16524	买盘
13:19:44	13.76	-0.01	54	75308	卖盘
13:19:38	13.77	0.01	14	19278	买盘
13:19:34	13.76	--	8	11008	卖盘
13:19:29	13.76	--	4	5504	卖盘
13:19:19	13.76	-0.01	54	74304	卖盘
13:19:14	13.77	--	13	17901	买盘
13:19:08	13.77	--	3	4131	买盘
13:19:04	13.77	--	16	22032	买盘
13:18:53	13.77	--	23	31671	买盘
13:18:44	13.77	--	9	12393	买盘
13:18:38	13.77	0.01	46	63342	买盘
13:18:33	13.76	-0.01	12	16512	卖盘
13:18:29	13.77	--	73	100521	买盘
13:18:23	13.77	--	20	27540	买盘
13:18:14	13.77	--	5	6885	买盘
13:18:03	13.77	0.01	50	68850	买盘
13:17:58	13.76	--	10	15067	卖盘
13:17:53	13.76	--	2	2752	卖盘
13:17:44	13.76	0.01	465	640060	买盘
13:17:33	13.75	--	5	6875	卖盘
13:17:23	13.75	--	7	9625	卖盘
13:17:18	13.75	-0.01	1	1375	卖盘
13:17:08	13.76	--	10	13760	买盘
13:17:03	13.76	0.01	8	11008	买盘
13:16:48	13.75	-0.01	46	63745	卖盘
13:16:43	13.76	--	74	101824	买盘
13:16:38	13.76	0.01	33	45408	买盘
13:16:28	13.75	0.02	26	35750	买盘
13:16:23	13.73	-0.01	0	659	卖盘
13:16:18	13.74	-0.01	2	2748	中性盘
13:16:14	13.75	0.01	41	56375	买盘
13:16:08	13.74	0.01	10	13740	买盘
13:16:03	13.73	--	50	68650	卖盘
13:15:58	13.73	-0.02	0	1153	中性盘
13:15:53	13.75	--	0	0	买盘
13:15:48	13.75	0.03	43	59125	买盘
13:15:28	13.72	0.01	1	1372	卖盘
13:15:18	13.71	--	0	0	卖盘
13:15:13	13.71	-0.05	10	13710	卖盘
13:15:08	13.76	--	425	584800	买盘
13:14:58	13.76	--	0	0	买盘
13:14:53	13.76	0.02	3751	5161376	买盘
13:14:48	13.74	-0.01	22	30228	卖盘
13:14:43	13.75	0.01	66	90750	买盘
13:14:38	13.74	--	61	84501	卖盘
13:14:33	13.74	--	15	20610	卖盘
13:14:23	13.74	--	24	33663	卖盘
13:14:18	13.74	-0.01	1	1374	卖盘
13:14:02	13.75	0.01	1	1375	买盘
13:13:58	13.74	--	85	116790	买盘
13:13:47	13.74	--	118	162132	买盘
13:13:32	13.74	--	570	783180	买盘
13:13:23	13.74	0.02	4	5496	买盘
13:13:17	13.72	-0.02	373	511756	卖盘
13:13:13	13.74	--	50	68700	买盘
13:13:08	13.74	0.01	20	27480	买盘
13:12:53	13.73	--	10	13730	卖盘
13:12:47	13.73	0.01	1	1373	卖盘
13:12:38	13.72	-0.01	20	27440	卖盘
13:12:32	13.73	--	11	15103	买盘
13:12:28	13.73	--	2	2746	买盘
13:12:08	13.73	--	19	26087	买盘
13:12:02	13.73	--	3	4119	买盘
13:11:57	13.73	--	56	76888	买盘
13:11:47	13.73	--	58	79634	买盘
13:11:38	13.73	0.01	13	17849	买盘
13:11:17	13.72	-0.01	12	16464	卖盘
13:11:12	13.73	0.01	1	1373	买盘
13:11:08	13.72	--	4	5488	买盘
13:11:02	13.72	--	10	13720	卖盘
13:10:53	13.72	-0.01	272	373184	卖盘
13:10:47	13.73	0.01	6	8238	买盘
13:10:32	13.72	--	12	16464	卖盘
13:10:08	13.72	--	138	189336	买盘
13:09:57	13.72	0.01	10	13720	买盘
13:09:47	13.71	0.01	1	1371	卖盘
13:09:32	13.7	-0.02	18	24660	卖盘
13:09:27	13.72	0.02	1382	1896104	买盘
13:09:17	13.7	-0.01	12	16440	卖盘
13:09:12	13.71	0.01	10	13710	买盘
13:09:02	13.7	-0.01	19	26030	卖盘
13:08:47	13.71	--	8	10968	买盘
13:08:32	13.71	--	57	78147	买盘
13:08:27	13.71	--	3	4113	买盘
13:08:22	13.71	--	13	17823	买盘
13:08:17	13.71	--	13	17823	买盘
13:08:07	13.71	--	1	1371	买盘
13:08:02	13.71	--	19	26049	买盘
13:07:57	13.71	--	3	4113	买盘
13:07:47	13.71	--	12	16452	买盘
13:07:42	13.71	--	4	5484	买盘
13:07:32	13.71	0.01	50	68550	买盘
13:07:11	13.7	-0.01	10	13700	卖盘
13:07:02	13.71	0.01	19	26049	买盘
13:06:47	13.7	-0.01	1	1370	卖盘
13:06:41	13.71	0.01	10	13710	买盘
13:06:32	13.7	-0.01	19	26030	卖盘
13:06:26	13.71	--	30	41130	买盘
13:06:02	13.71	0.01	9	12339	买盘
13:05:52	13.7	--	2	2740	卖盘
13:05:37	13.7	-0.01	3	4110	卖盘
13:05:32	13.71	0.01	14	19194	买盘
13:05:26	13.7	--	66	90420	卖盘
13:05:17	13.7	--	8	10960	卖盘
13:05:11	13.7	-0.01	12	16440	卖盘
13:05:06	13.71	--	106	145326	买盘
13:05:02	13.71	--	56	76776	卖盘
13:04:51	13.71	--	20	27420	卖盘
13:04:47	13.71	--	1	1371	卖盘
13:04:41	13.71	--	3	4113	卖盘
13:04:26	13.71	-0.01	55	75405	卖盘
13:04:06	13.72	--	18	24696	买盘
13:04:01	13.72	--	13	17836	买盘
13:03:56	13.72	0.01	13	17836	买盘
13:03:31	13.71	--	1	1371	卖盘
13:03:17	13.71	--	1	1371	卖盘
13:02:56	13.71	--	14	19194	卖盘
13:02:31	13.71	-0.01	20	27420	卖盘
13:02:26	13.72	0.01	83	113876	买盘
13:02:01	13.71	--	10	13710	卖盘
13:01:56	13.71	--	20	27420	卖盘
13:01:46	13.71	--	1	1371	卖盘
13:01:31	13.71	-0.01	4	5484	卖盘
13:01:26	13.72	--	2	2744	买盘
13:01:21	13.72	--	3	4116	买盘
13:01:11	13.72	--	1	1372	买盘
13:01:06	13.72	--	1	1372	买盘
13:01:01	13.72	--	18	24696	买盘
13:00:46	13.72	--	174	238728	买盘
13:00:41	13.72	--	10	13720	买盘
13:00:31	13.72	0.01	8	10976	买盘
13:00:26	13.71	0.01	50	68550	买盘
13:00:20	13.7	-0.01	1	1370	卖盘
13:00:16	13.71	0.01	44	60324	买盘
13:00:11	13.7	-0.01	43	58910	卖盘
13:00:05	13.71	0.01	655	898005	买盘
11:30:00	13.7	--	0	0	卖盘
11:30:00	13.7	--	0	0	卖盘
11:30:00	13.7	--	50	68500	卖盘
11:29:12	13.7	--	749	1026130	买盘
11:29:01	13.7	0.01	20	27400	买盘
11:28:46	13.69	--	4	5476	卖盘
11:28:16	13.69	0.01	466	637954	买盘
11:28:07	13.68	-0.01	124	169632	卖盘
11:27:57	13.69	--	105	143745	买盘
11:27:52	13.69	--	122	167018	买盘
11:27:46	13.69	--	26	35594	卖盘
11:27:37	13.69	-0.01	5	6845	卖盘
11:27:31	13.7	0.01	10	13700	买盘
11:27:22	13.69	--	300	410700	卖盘
11:27:16	13.69	--	1	1369	卖盘
11:27:10	13.69	--	200	273800	卖盘
11:26:46	13.69	-0.01	6	8214	卖盘
11:26:40	13.7	0.01	10	13700	买盘
11:26:25	13.69	--	1	1369	卖盘
11:26:07	13.69	0.01	385	527065	买盘
11:25:55	13.68	--	1	1368	买盘
11:25:46	13.68	--	11	15048	买盘
11:25:16	13.68	0.01	1	1368	买盘
11:25:10	13.67	-0.01	4	5468	卖盘
11:24:55	13.68	--	7	9576	买盘
11:24:36	13.68	--	74	101232	买盘
11:24:25	13.68	0.01	16	21888	买盘
11:24:21	13.67	-0.01	4	5468	卖盘
11:24:16	13.68	0.01	6	8208	买盘
11:24:06	13.67	--	60	82020	卖盘
11:24:01	13.67	--	5	6835	卖盘
11:23:51	13.67	0.01	61	83387	买盘
11:23:36	13.66	--	113	154358	买盘
11:23:25	13.66	--	54	73764	买盘
11:23:16	13.66	0.01	7	9562	买盘
11:23:10	13.65	--	4	5460	卖盘
11:22:55	13.65	--	1	1365	卖盘
11:22:46	13.65	--	0	0	卖盘
11:22:40	13.65	--	10	13650	卖盘
11:22:36	13.65	-0.01	47	64155	卖盘
11:22:31	13.66	--	17	23222	卖盘
11:22:16	13.66	-0.01	239	326474	卖盘
11:22:10	13.67	-0.01	14	19138	卖盘
11:22:01	13.68	0.01	131	179208	买盘
11:21:46	13.67	--	5	6835	卖盘
11:21:40	13.67	--	500	683500	卖盘
11:21:25	13.67	-0.01	91	124397	卖盘
11:21:21	13.68	-0.01	20	27360	卖盘
11:21:10	13.69	0.01	301	412069	买盘
11:21:06	13.68	--	17	23256	卖盘
11:20:46	13.68	-0.01	1	1368	卖盘
11:20:31	13.69	0.01	1	1369	买盘
11:20:25	13.68	-0.01	10	13680	卖盘
11:20:19	13.69	--	70	95830	卖盘
11:20:16	13.69	--	0	0	中性盘
11:20:04	13.69	--	310	424390	卖盘
11:19:40	13.69	--	10	13690	卖盘
11:19:19	13.69	-0.01	301	412069	卖盘
11:19:15	13.7	0.01	5	6850	买盘
11:19:10	13.69	-0.01	11	15059	卖盘
11:19:04	13.7	0.01	3	4110	买盘
11:18:55	13.69	--	7	9583	卖盘
11:18:40	13.69	--	5	6845	卖盘
11:18:25	13.69	--	6	8214	卖盘
11:18:19	13.69	--	10	13690	卖盘
11:18:10	13.69	-0.01	10	13690	卖盘
11:18:04	13.7	0.01	3	4110	买盘
11:17:49	13.69	-0.01	1	1369	卖盘
11:17:34	13.7	--	19	26030	买盘
11:17:15	13.7	--	39	53430	买盘
11:17:10	13.7	-0.01	159	217830	卖盘
11:17:04	13.71	0.01	3	4113	买盘
11:16:55	13.7	--	73	100010	卖盘
11:16:49	13.7	--	114	156180	卖盘
11:16:40	13.7	--	23	31510	卖盘
11:16:19	13.7	--	1	1370	卖盘
11:16:15	13.7	-0.01	66	90420	卖盘
11:16:04	13.71	--	3	4113	买盘
11:15:55	13.71	--	27	37017	买盘
11:15:34	13.71	--	243	333153	卖盘
11:15:25	13.71	-0.01	4	5484	卖盘
11:15:15	13.72	--	41	56252	买盘
11:15:04	13.72	0.01	5	6860	买盘
11:14:55	13.71	--	310	425010	卖盘
11:14:49	13.71	--	1	1371	卖盘
11:14:40	13.71	--	3	4113	卖盘
11:14:34	13.71	--	12	16452	买盘
11:14:15	13.71	--	47	64437	买盘
11:14:10	13.71	-0.01	41	56211	卖盘
11:14:04	13.72	--	3	4116	买盘
11:13:58	13.72	0.01	14	19208	买盘
11:13:49	13.71	--	37	50727	卖盘
11:13:40	13.71	--	7	9597	卖盘
11:13:34	13.71	--	18	24678	卖盘
11:13:19	13.71	--	1	1371	卖盘
11:13:13	13.71	0.01	341	467511	买盘
11:13:09	13.7	-0.01	5	6850	卖盘
11:13:04	13.71	--	3	4113	买盘
11:12:58	13.71	--	5	6855	买盘
11:12:28	13.71	0.01	8	10968	买盘
11:12:19	13.7	--	20	27400	卖盘
11:12:13	13.7	--	8	10960	买盘
11:12:04	13.7	--	11	15070	卖盘
11:11:58	13.7	0.01	30	41100	买盘
11:11:49	13.69	-0.01	1	1369	卖盘
11:11:43	13.7	--	284	389080	卖盘
11:11:39	13.7	--	20	27400	卖盘
11:11:34	13.7	--	4	5480	卖盘
11:11:28	13.7	--	10	13700	卖盘
11:11:24	13.7	--	2	2740	卖盘
11:11:19	13.7	-0.01	14	19180	卖盘
11:11:13	13.71	--	20	27420	买盘
11:11:04	13.71	-0.01	3	4113	买盘
11:10:58	13.72	--	0	0	买盘
11:10:54	13.72	-0.01	8	10976	买盘
11:10:49	13.73	0.01	165	226545	买盘
11:10:34	13.72	--	46	63112	买盘
11:10:28	13.72	-0.01	61	83692	卖盘
11:10:19	13.73	0.01	210	288330	买盘
11:10:13	13.72	--	9	12348	买盘
11:10:09	13.72	-0.01	1	1372	卖盘
11:10:04	13.73	0.01	119	163387	买盘
11:09:58	13.72	--	92	126224	卖盘
11:09:49	13.72	--	29	39788	卖盘
11:09:43	13.72	--	41	56252	卖盘
11:09:34	13.72	0.01	250	343013	买盘
11:09:28	13.71	--	102	139842	卖盘
11:09:24	13.71	-0.01	466	638886	卖盘
11:09:19	13.72	--	1	1372	买盘
11:09:13	13.72	--	133	182476	买盘
11:09:04	13.72	--	8	10976	买盘
11:08:58	13.72	--	20	27440	买盘
11:08:54	13.72	--	23	31556	买盘
11:08:49	13.72	--	1	1372	买盘
11:08:43	13.72	--	8	10976	买盘
11:08:34	13.72	--	157	215404	卖盘
11:08:28	13.72	-0.01	20	27440	卖盘
11:08:24	13.73	0.01	1	1373	买盘
11:08:19	13.72	-0.01	31	42532	卖盘
11:08:13	13.73	--	20	27460	买盘
11:08:04	13.73	--	3	4119	买盘
11:07:54	13.73	0.01	7	9611	买盘
11:07:43	13.72	-0.01	37	50764	卖盘
11:07:34	13.73	--	26	35698	买盘
11:07:28	13.73	-0.01	42	57666	卖盘
11:07:13	13.74	--	104	142896	买盘
11:07:04	13.74	--	19	26106	买盘
11:06:58	13.74	0.01	26	35724	买盘
11:06:52	13.73	--	3	4119	卖盘
11:06:48	13.73	-0.01	1	1373	卖盘
11:06:43	13.74	0.01	8	10992	买盘
11:06:37	13.73	--	29	39817	卖盘
11:06:33	13.73	--	5	6865	卖盘
11:06:28	13.73	--	128	175744	卖盘
11:06:18	13.73	-0.01	30	41190	卖盘
11:06:13	13.74	--	48	65952	买盘
11:06:07	13.74	0.01	132	181368	买盘
11:06:03	13.73	--	18	24714	卖盘
11:05:58	13.73	-0.01	29	39817	卖盘
11:05:48	13.74	0.01	1	1374	买盘
11:05:37	13.73	-0.01	66	90618	卖盘
11:05:28	13.74	0.01	8	10992	买盘
11:05:22	13.73	-0.01	57	78261	卖盘
11:05:18	13.74	--	11	15114	卖盘
11:05:13	13.74	--	26	35724	买盘
11:05:07	13.74	--	397	545478	卖盘
11:05:03	13.74	--	3	4122	卖盘
11:04:58	13.74	--	64	87936	买盘
11:04:48	13.74	--	65	89310	买盘
11:04:43	13.74	--	3	4122	买盘
11:04:37	13.74	0.01	116	159384	买盘
11:04:28	13.73	--	16	21968	卖盘
11:04:22	13.73	--	30	41190	卖盘
11:04:07	13.73	0.01	653	896569	买盘
11:04:03	13.72	--	3	4116	买盘
11:03:58	13.72	--	2	2744	买盘
11:03:52	13.72	--	145	198940	卖盘
11:03:48	13.72	-0.01	1	1372	卖盘
11:03:37	13.73	--	24	32952	买盘
11:03:33	13.73	--	1	1373	买盘
11:03:13	13.73	0.01	39	53547	买盘
11:02:58	13.72	-0.01	19	26068	卖盘
11:02:52	13.73	-0.01	11	15103	买盘
11:02:48	13.74	--	0	0	买盘
11:02:43	13.74	0.01	30	41220	买盘
11:02:37	13.73	-0.01	24	32952	卖盘
11:02:28	13.74	--	10	13740	买盘
11:02:22	13.74	--	31	42594	买盘
11:02:18	13.74	--	89	122286	买盘
11:02:13	13.74	--	27	37098	买盘
11:02:07	13.74	--	85	116790	卖盘
11:01:58	13.74	-0.01	19	26106	卖盘
11:01:52	13.75	0.01	20	27500	买盘
11:01:48	13.74	-0.01	101	138774	卖盘
11:01:37	13.75	--	57	78375	买盘
11:01:28	13.75	--	5	6875	买盘
11:01:22	13.75	--	164	225500	卖盘
11:01:18	13.75	-0.01	5	6875	卖盘
11:01:13	13.76	0.01	105	144480	买盘
11:01:07	13.75	--	40	55000	卖盘
11:00:58	13.75	-0.01	137	188375	卖盘
11:00:52	13.76	0.01	114	156864	买盘
11:00:46	13.75	-0.01	1	1375	卖盘
11:00:43	13.76	--	3	4128	买盘
11:00:37	13.76	--	50	68800	买盘
11:00:31	13.76	0.01	107	147232	买盘
11:00:27	13.75	-0.01	10	13750	卖盘
11:00:22	13.76	0.01	130	178880	买盘
11:00:16	13.75	-0.01	315	433125	卖盘
11:00:12	13.76	0.01	24	33024	买盘
11:00:07	13.75	--	28	38500	卖盘
11:00:01	13.75	--	158	217250	卖盘
10:59:57	13.75	--	26	36437	买盘
10:59:52	13.75	--	37	50875	买盘
10:59:46	13.75	--	449	618062	卖盘
10:59:42	13.75	--	150	206250	卖盘
10:59:37	13.75	--	49	67375	卖盘
10:59:31	13.75	--	421	579562	买盘
10:59:16	13.75	0.01	164	225500	买盘
10:59:12	13.74	-0.01	20	27480	卖盘
10:59:01	13.75	0.01	5	6875	买盘
10:58:52	13.74	--	5	6870	卖盘
10:58:46	13.74	--	15	20610	卖盘
10:58:42	13.74	--	40	54960	卖盘
10:58:37	13.74	--	238	327012	买盘
10:58:31	13.74	--	210	288540	买盘
10:58:27	13.74	--	1	1374	买盘
10:58:22	13.74	--	84	115416	买盘
10:58:16	13.74	--	67	92058	买盘
10:58:07	13.74	--	1	1374	买盘
10:58:01	13.74	0.01	351	482274	买盘
10:57:57	13.73	--	4	5492	卖盘
10:57:52	13.73	--	23	31579	卖盘
10:57:46	13.73	--	9	12357	卖盘
10:57:42	13.73	--	81	111213	买盘
10:57:37	13.73	0.01	4	5492	买盘
10:57:31	13.72	--	7	9604	卖盘
10:57:27	13.72	-0.01	14	19208	卖盘
10:57:22	13.73	--	46	63158	卖盘
10:57:16	13.73	--	121	166133	买盘
10:57:07	13.73	--	30	41190	买盘
10:57:01	13.73	0.01	40	54920	买盘
10:56:52	13.72	--	229	314188	卖盘
10:56:46	13.72	-0.01	4	5488	卖盘
10:56:42	13.73	--	56	76888	买盘
10:56:37	13.73	0.01	390	535470	买盘
10:56:22	13.72	-0.01	5	6860	卖盘
10:56:16	13.73	0.01	44	60412	买盘
10:56:01	13.72	--	10	13720	卖盘
10:55:52	13.72	--	4	5488	卖盘
10:55:46	13.72	--	102	139944	买盘
10:55:42	13.72	0.01	24	32928	买盘
10:55:37	13.71	-0.01	110	150810	卖盘
10:55:31	13.72	--	22	30184	买盘
10:55:22	13.72	--	32	43904	买盘
10:55:16	13.72	0.01	86	117992	买盘
10:55:12	13.71	-0.01	60	82260	卖盘
10:55:01	13.72	0.01	74	101528	买盘
10:54:57	13.71	--	7	9597	卖盘
10:54:52	13.71	--	30	41130	卖盘
10:54:46	13.71	--	587	804777	买盘
10:54:37	13.71	--	90	123390	买盘
10:54:31	13.71	--	70	95970	买盘
10:54:25	13.71	--	5	6855	买盘
10:54:22	13.71	0.01	25	34275	买盘
10:54:16	13.7	-0.01	12	16440	卖盘
10:54:10	13.71	0.01	10	13710	买盘
10:54:07	13.7	-0.01	110	150700	卖盘
10:54:01	13.71	0.01	10	13710	买盘
10:53:46	13.7	--	21	28770	卖盘
10:53:40	13.7	--	124	169880	卖盘
10:53:36	13.7	--	15	20550	买盘
10:53:31	13.7	--	23	31510	买盘
10:53:25	13.7	--	1547	2119390	买盘
10:53:16	13.7	--	58	79460	买盘
10:53:10	13.7	--	6	8220	买盘
10:53:06	13.7	--	8	10960	买盘
10:52:55	13.7	--	59	80830	买盘
10:52:51	13.7	--	5	6850	买盘
10:52:46	13.7	--	12	16440	买盘
10:52:40	13.7	--	22	30140	买盘
10:52:36	13.7	--	10	13700	买盘
10:52:31	13.7	0.01	21	28770	买盘
10:52:25	13.69	--	394	539386	买盘
10:52:16	13.69	0.01	105	143745	买盘
10:52:10	13.68	-0.01	8	10944	卖盘
10:52:01	13.69	--	32	43808	买盘
10:51:55	13.69	0.01	10	13690	买盘
10:51:36	13.68	--	21	28728	卖盘
10:51:31	13.68	0.01	286	391248	买盘
10:51:25	13.67	-0.01	20	27340	卖盘
10:51:21	13.68	0.01	5	6840	买盘
10:51:16	13.67	-0.01	22	30074	卖盘
10:51:06	13.68	--	1	1368	买盘
10:50:55	13.68	0.01	33	45144	买盘
10:50:40	13.67	-0.01	20	27340	卖盘
10:50:31	13.68	0.01	22	30096	买盘
10:50:01	13.67	--	4	5468	卖盘
10:49:51	13.67	--	20	27340	卖盘
10:49:46	13.67	-0.01	1	1367	卖盘
10:49:36	13.68	-0.01	85	116280	卖盘
10:48:55	13.69	-0.01	11	15059	买盘
10:48:36	13.7	--	0	0	买盘
10:48:31	13.7	0.02	15	20550	买盘
10:48:25	13.68	-0.02	15	20520	卖盘
10:48:16	13.7	--	122	167140	买盘
10:48:10	13.7	--	2	2740	买盘
10:48:01	13.7	--	223	305510	卖盘
10:47:55	13.7	--	286	391820	买盘
10:47:34	13.7	--	133	182210	买盘
10:47:30	13.7	--	0	0	买盘
10:47:25	13.7	--	428	586360	卖盘
10:47:19	13.7	--	220	301400	卖盘
10:47:15	13.7	--	595	815150	卖盘
10:47:10	13.7	--	36	49320	卖盘
10:47:04	13.7	--	700	959000	卖盘
10:47:00	13.7	-0.01	29	39730	卖盘
10:46:55	13.71	0.01	53	72663	买盘
10:46:49	13.7	-0.01	1	1370	卖盘
10:46:40	13.71	0.01	94	128874	卖盘
10:46:34	13.7	--	350	479500	卖盘
10:46:30	13.7	-0.01	200	274000	卖盘
10:46:25	13.71	--	327	448317	买盘
10:46:19	13.71	0.01	45	61695	买盘
10:46:15	13.7	--	8	10960	卖盘
10:46:10	13.7	--	156	213720	卖盘
10:46:04	13.7	0.01	391	535670	买盘
10:45:55	13.69	--	287	393683	买盘
10:45:49	13.69	--	0	0	买盘
10:45:40	13.69	0.01	407	557183	买盘
10:45:30	13.68	0.03	898	1228464	买盘
10:45:25	13.65	--	8	10920	卖盘
10:45:04	13.65	--	20	27300	卖盘
10:44:55	13.65	-0.03	20	27300	卖盘
10:44:49	13.68	0.03	980	1340640	买盘
10:44:45	13.65	--	10	13650	卖盘
10:44:40	13.65	--	30	40950	卖盘
10:44:34	13.65	--	10	13650	卖盘
10:44:10	13.65	0.02	434	593092	买盘
10:44:04	13.63	-0.02	30	40890	卖盘
10:43:55	13.65	--	96	131040	买盘
10:43:45	13.65	--	1	1365	买盘
10:43:34	13.65	0.02	449	612885	买盘
10:43:25	13.63	--	20	27260	卖盘
10:43:19	13.63	-0.01	1	1363	卖盘
10:43:10	13.64	0.01	252	343728	买盘
10:43:04	13.63	-0.01	9	12267	卖盘
10:42:55	13.64	0.01	6	8184	买盘
10:42:40	13.63	--	31	42253	买盘
10:42:34	13.63	--	7	9541	买盘
10:42:19	13.63	--	36	49068	买盘
10:42:15	13.63	--	3	4089	买盘
10:42:10	13.63	--	1	1363	买盘
10:42:00	13.63	--	57	77691	卖盘
10:41:55	13.63	--	2	2726	卖盘
10:41:49	13.63	--	1	1363	卖盘
10:41:45	13.63	--	5	6815	卖盘
10:41:34	13.63	--	76	103588	买盘
10:41:25	13.63	0.01	175	238525	买盘
10:41:04	13.62	--	10	13620	卖盘
10:40:55	13.62	--	6	8171	卖盘
10:40:49	13.62	0.01	408	555696	买盘
10:40:34	13.61	--	20	27220	卖盘
10:40:19	13.61	--	1	1361	卖盘
10:40:09	13.61	--	9	13011	卖盘
10:40:04	13.61	--	13	18373	卖盘
10:39:58	13.61	--	200	272200	卖盘
10:39:54	13.61	--	7	9527	卖盘
10:39:49	13.61	--	20	27220	卖盘
10:39:43	13.61	--	19	25859	卖盘
10:39:19	13.61	--	11	14971	卖盘
10:39:09	13.61	--	18	24498	卖盘
10:39:04	13.61	0.01	108	146988	买盘
10:38:58	13.6	-0.01	116	157760	卖盘
10:38:54	13.61	0.01	45	61245	买盘
10:38:49	13.6	-0.01	15	20400	卖盘
10:38:43	13.61	0.01	9	12249	买盘
10:38:39	13.6	--	7	9520	卖盘
10:38:34	13.6	-0.01	245	333200	卖盘
10:38:28	13.61	0.01	273	371553	买盘
10:38:19	13.6	-0.01	1	1360	卖盘
10:38:13	13.61	0.01	9	12249	买盘
10:37:58	13.6	--	70	95200	卖盘
10:37:54	13.6	--	18	24480	买盘
10:37:49	13.6	--	1632	2219520	卖盘
10:37:43	13.6	-0.01	60	81600	卖盘
10:37:34	13.61	0.01	30	40830	买盘
10:37:28	13.6	-0.01	23	31280	卖盘
10:37:19	13.61	0.01	6	8166	买盘
10:37:09	13.6	--	11	14960	卖盘
10:36:49	13.6	0.01	83	112880	买盘
10:36:34	13.59	--	23	31257	卖盘
10:36:24	13.59	-0.01	9	12231	卖盘
10:36:19	13.6	0.01	1	1360	买盘
10:35:49	13.59	--	1	1359	卖盘
10:35:43	13.59	-0.01	11	14949	卖盘
10:35:34	13.6	--	17	23120	买盘
10:35:28	13.6	--	2	2720	买盘
10:35:24	13.6	--	1	1360	卖盘
10:35:13	13.6	--	165	224400	中性盘
10:35:09	13.6	--	18	24480	卖盘
10:35:04	13.6	--	1000	1360000	卖盘
10:34:58	13.6	-0.01	23	31280	卖盘
10:34:52	13.61	--	4	5444	买盘
10:34:43	13.61	-0.01	66	89826	卖盘
10:34:33	13.62	0.01	35	47670	买盘
10:34:19	13.61	-0.01	1	1361	卖盘
10:34:13	13.62	0.01	8	10896	买盘
10:33:52	13.61	--	89	121129	买盘
10:33:28	13.61	0.01	410	558010	买盘
10:33:18	13.6	-0.01	44	59840	卖盘
10:33:13	13.61	--	532	724052	卖盘
10:32:52	13.61	--	1	1361	卖盘
10:32:43	13.61	--	10	13610	卖盘
10:32:37	13.61	-0.01	10	13610	卖盘
10:32:28	13.62	0.01	51	69462	买盘
10:32:22	13.61	--	10	13610	卖盘
10:32:18	13.61	-0.01	1	1361	卖盘
10:32:13	13.62	--	2	2724	买盘
10:32:07	13.62	--	2	2724	买盘
10:31:52	13.62	-0.01	13	17706	卖盘
10:31:37	13.63	--	5	6815	买盘
10:31:28	13.63	--	30	40890	买盘
10:31:18	13.63	--	12	16356	买盘
10:31:13	13.63	--	62	84506	买盘
10:31:07	13.63	0.01	5	6815	买盘
10:30:58	13.62	--	32	43584	卖盘
10:30:52	13.62	--	505	687810	卖盘
10:30:48	13.62	-0.01	13	17706	卖盘
10:30:37	13.63	--	4	5452	买盘
10:30:33	13.63	--	4	5452	买盘
10:30:22	13.63	0.01	10	13630	买盘
10:30:18	13.62	-0.01	30	40860	卖盘
10:29:37	13.63	--	3	4089	买盘
10:29:28	13.63	0.01	1	1363	买盘
10:29:18	13.62	-0.01	1	1362	卖盘
10:29:13	13.63	--	24	32712	买盘
10:28:58	13.63	--	1	1363	买盘
10:28:52	13.63	0.01	20	27260	买盘
10:28:43	13.62	-0.01	13	17706	卖盘
10:28:37	13.63	--	3	4089	买盘
10:28:13	13.63	--	43	58609	卖盘
10:28:01	13.63	--	300	408900	卖盘
10:27:46	13.63	-0.01	1	1363	卖盘
10:27:27	13.64	0.01	323	440572	买盘
10:27:22	13.63	-0.01	13	17719	卖盘
10:27:16	13.64	0.01	110	150040	买盘
10:27:12	13.63	--	1	1363	卖盘
10:27:07	13.63	--	105	143115	卖盘
10:26:52	13.63	--	22	29986	卖盘
10:26:46	13.63	--	22	29986	卖盘
10:26:42	13.63	-0.01	30	40890	卖盘
10:26:37	13.64	--	141	192324	买盘
10:26:16	13.64	0.01	108	147312	买盘
10:26:07	13.63	-0.02	22	29986	卖盘
10:26:01	13.65	0.02	409	558285	买盘
10:25:37	13.63	0.01	666	907962	买盘
10:25:22	13.62	--	19	25878	卖盘
10:25:12	13.62	--	1	1362	卖盘
10:25:07	13.62	--	2	2724	卖盘
10:24:46	13.62	-0.01	1	1362	卖盘
10:24:37	13.63	--	50	68150	卖盘
10:24:31	13.63	--	14	19082	卖盘
10:24:27	13.63	-0.01	206	280778	卖盘
10:24:16	13.64	--	88	120032	买盘
10:24:12	13.64	--	17	23188	买盘
10:23:52	13.64	0.01	10	13640	买盘
10:23:22	13.63	--	6	8178	卖盘
10:23:16	13.63	-0.01	10	13630	卖盘
10:23:12	13.64	0.01	10	13640	买盘
10:23:01	13.63	--	100	136300	卖盘
10:22:57	13.63	--	2	2726	卖盘
10:22:52	13.63	0.01	632	861416	买盘
10:22:46	13.62	--	5	6810	买盘
10:22:37	13.62	--	154	209748	买盘
10:22:22	13.62	0.01	25	34050	买盘
10:22:16	13.61	--	53	72133	卖盘
10:21:52	13.61	--	15	20415	卖盘
10:21:46	13.61	-0.01	1	1361	卖盘
10:21:36	13.62	0.01	1	1362	买盘
10:21:25	13.61	--	8	10888	卖盘
10:21:22	13.61	--	11	14971	卖盘
10:21:10	13.61	--	436	593464	买盘
10:20:55	13.61	0.01	15	20415	买盘
10:20:46	13.6	-0.01	14	19040	卖盘
10:20:40	13.61	0.01	5	6805	买盘
10:20:31	13.6	--	7	9520	卖盘
10:20:25	13.6	--	10	13600	卖盘
10:20:10	13.6	--	103	140080	卖盘
10:20:06	13.6	--	5	6800	卖盘
10:20:01	13.6	--	2	2720	卖盘
10:19:55	13.6	--	100	136000	卖盘
10:19:46	13.6	--	55	74800	卖盘
10:19:40	13.6	--	3	4080	卖盘
10:19:36	13.6	--	103	140080	卖盘
10:19:25	13.6	-0.01	54	73440	卖盘
10:19:16	13.61	--	109	148349	买盘
10:19:10	13.61	--	364	496696	卖盘
10:19:01	13.61	--	3	4083	卖盘
10:18:55	13.61	--	101	137461	卖盘
10:18:40	13.61	--	2	2722	卖盘
10:18:25	13.61	--	13	17693	卖盘
10:18:21	13.61	--	5	6805	卖盘
10:18:16	13.61	-0.01	1	1361	卖盘
10:18:10	13.62	0.01	10	13620	买盘
10:18:01	13.61	--	16	21776	卖盘
10:17:55	13.61	--	214	291254	卖盘
10:17:51	13.61	0.01	226	307654	买盘
10:17:46	13.6	--	10	13600	卖盘
10:17:40	13.6	--	3	4080	卖盘
10:17:36	13.6	--	4	5440	卖盘
10:17:31	13.6	--	2	2720	卖盘
10:17:21	13.6	--	9	12240	卖盘
10:17:16	13.6	-0.01	374	509932	卖盘
10:17:01	13.61	--	3	4083	卖盘
10:16:55	13.61	--	15	20415	卖盘
10:16:46	13.61	--	84	114324	卖盘
10:16:40	13.61	--	1	1361	卖盘
10:16:36	13.61	-0.01	19	25859	卖盘
10:16:31	13.62	--	38	51756	买盘
10:16:25	13.62	0.01	10	13620	买盘
10:16:16	13.61	--	12	16332	卖盘
10:16:10	13.61	-0.01	140	190608	卖盘
10:16:06	13.62	0.01	15	20430	买盘
10:15:55	13.61	-0.01	39	53079	卖盘
10:15:51	13.62	--	44	59928	买盘
10:15:40	13.62	0.01	5	6810	买盘
10:15:34	13.61	--	191	259951	卖盘
10:15:30	13.61	--	80	108880	卖盘
10:15:25	13.61	--	22	29942	卖盘
10:15:15	13.61	-0.01	13	17693	卖盘
10:15:10	13.62	--	6	8171	买盘
10:14:55	13.62	0.01	31	42222	买盘
10:14:49	13.61	-0.01	10	13610	卖盘
10:14:40	13.62	0.01	10	13620	买盘
10:14:25	13.61	--	1	1361	卖盘
10:14:19	13.61	-0.01	2	2722	卖盘
10:14:15	13.62	0.01	1	1362	买盘
10:14:04	13.61	-0.01	2	2722	卖盘
10:14:00	13.62	0.01	58	78996	买盘
10:13:49	13.61	--	1	1361	卖盘
10:13:45	13.61	--	9	12249	卖盘
10:13:40	13.61	-0.01	100	136100	卖盘
10:13:34	13.62	--	5	6810	买盘
10:13:30	13.62	--	1	1362	买盘
10:13:19	13.62	--	29	39498	买盘
10:13:15	13.62	--	5	6810	买盘
10:12:55	13.62	--	23	31326	买盘
10:12:49	13.62	-0.01	46	62652	卖盘
10:12:40	13.63	--	110	149930	卖盘
10:12:34	13.63	-0.01	122	166286	卖盘
10:12:30	13.64	0.01	14	19096	买盘
10:12:25	13.63	--	200	272600	卖盘
10:12:19	13.63	-0.01	104	141752	卖盘
10:12:15	13.64	0.01	50	68200	买盘
10:12:10	13.63	-0.01	100	136300	卖盘
10:12:04	13.64	--	67	92070	买盘
10:12:00	13.64	0.01	9	12276	买盘
10:11:55	13.63	--	4	5452	卖盘
10:11:49	13.63	0.01	341	465464	买盘
10:11:40	13.62	0.01	5	6810	买盘
10:11:34	13.61	--	11	14971	卖盘
10:11:30	13.61	-0.01	15	20415	卖盘
10:11:15	13.62	0.01	150	204300	买盘
10:11:10	13.61	-0.01	10	13610	卖盘
10:11:04	13.62	0.01	33	44946	买盘
10:11:00	13.61	--	33	44913	卖盘
10:10:55	13.61	--	1	1361	卖盘
10:10:49	13.61	0.01	418	568898	买盘
10:10:30	13.6	--	6	8160	卖盘
10:10:25	13.6	0.03	645	877200	买盘
10:10:19	13.57	--	105	142485	买盘
10:10:15	13.57	--	131	177767	买盘
10:10:10	13.57	--	106	143842	买盘
10:10:04	13.57	--	95	128915	买盘
10:10:00	13.57	--	298	404386	买盘
10:09:55	13.57	--	780	1058460	买盘
10:09:49	13.57	--	41	55637	卖盘
10:09:34	13.57	--	11	14927	买盘
10:09:30	13.57	0.01	4	5428	卖盘
10:09:25	13.56	--	0	0	卖盘
10:09:19	13.56	--	81	109836	卖盘
10:09:13	13.56	--	0	0	卖盘
10:09:09	13.56	-0.01	204	276624	卖盘
10:09:04	13.57	--	22	29854	买盘
10:08:58	13.57	--	20	27140	买盘
10:08:54	13.57	--	85	115345	买盘
10:08:49	13.57	-0.01	131	177767	卖盘
10:08:43	13.58	0.01	15	20370	买盘
10:08:39	13.57	-0.01	6	8142	卖盘
10:08:34	13.58	--	92	124936	买盘
10:08:28	13.58	--	33	44814	买盘
10:08:24	13.58	0.01	36	48888	买盘
10:08:19	13.57	-0.01	2	2714	卖盘
10:08:13	13.58	--	0	0	买盘
10:08:09	13.58	0.01	15	20370	买盘
10:08:04	13.57	-0.01	16	21712	卖盘
10:07:58	13.58	--	3	4074	买盘
10:07:54	13.58	0.01	31	42098	买盘
10:07:49	13.57	--	41	55637	卖盘
10:07:43	13.57	-0.01	123	166911	卖盘
10:07:39	13.58	0.01	4	5432	买盘
10:07:34	13.57	0.01	42	56994	中性盘
10:07:28	13.56	-0.01	99	134244	卖盘
10:07:24	13.57	--	29	39353	卖盘
10:07:19	13.57	--	6	8142	卖盘
10:07:13	13.57	0.02	28	37996	买盘
10:07:09	13.55	--	0	0	卖盘
10:07:04	13.55	-0.02	2034	2756070	卖盘
10:06:58	13.57	--	9	12213	买盘
10:06:54	13.57	0.01	1	1357	买盘
10:06:49	13.56	--	81	109836	卖盘
10:06:43	13.56	0.01	153	207603	买盘
10:06:39	13.55	-0.01	124	168020	卖盘
10:06:34	13.56	--	1265	1716031	买盘
10:06:28	13.56	--	9	12204	买盘
10:06:19	13.56	--	10	13560	买盘
10:06:13	13.56	-0.01	2347	3183196	卖盘
10:06:09	13.57	--	3	4071	卖盘
10:06:04	13.57	--	80	108560	卖盘
10:05:58	13.57	-0.01	15	20355	卖盘
10:05:53	13.58	0.01	11	14938	买盘
10:05:49	13.57	-0.01	9	12213	卖盘
10:05:43	13.58	--	5	6790	买盘
10:05:34	13.58	--	110	149380	卖盘
10:05:13	13.58	--	111	150860	买盘
10:05:04	13.58	--	3	4074	买盘
10:04:58	13.58	--	999	1357877	卖盘
10:04:54	13.58	--	12	16296	卖盘
10:04:43	13.58	--	30	40740	卖盘
10:04:39	13.58	--	22	29876	卖盘
10:04:34	13.58	--	0	0	卖盘
10:04:19	13.58	--	1	1358	卖盘
10:04:13	13.58	-0.01	74	101293	卖盘
10:04:09	13.59	--	5	6795	买盘
10:04:04	13.59	--	49	66591	买盘
10:03:58	13.59	--	15	20942	卖盘
10:03:49	13.59	--	512	696609	买盘
10:03:33	13.59	--	49	66591	买盘
10:03:23	13.59	--	10	13590	买盘
10:03:18	13.59	--	20	27180	买盘
10:03:13	13.59	--	51	69309	买盘
10:03:07	13.59	-0.01	408	555029	卖盘
10:03:03	13.6	0.01	13	17680	买盘
10:02:48	13.59	--	1	1359	卖盘
10:02:37	13.59	--	7	9513	卖盘
10:02:33	13.59	--	5	6795	卖盘
10:02:28	13.59	--	25	33975	卖盘
10:02:22	13.59	-0.01	152	206568	卖盘
10:02:18	13.6	0.01	63	85680	买盘
10:02:13	13.59	--	16	21744	卖盘
10:02:03	13.59	--	5	6795	卖盘
10:01:48	13.59	--	100	135900	卖盘
10:01:37	13.59	-0.01	46	62514	卖盘
10:01:33	13.6	-0.01	19	26520	卖盘
10:01:28	13.61	0.01	22	29942	买盘
10:01:22	13.6	-0.01	125	170000	卖盘
10:01:18	13.61	0.01	103	140183	买盘
10:01:07	13.6	--	11	14960	卖盘
10:00:58	13.6	--	1	1360	卖盘
10:00:52	13.6	--	10	13600	卖盘
10:00:48	13.6	--	3	4080	卖盘
10:00:33	13.6	--	12	16320	卖盘
10:00:22	13.6	--	24	33320	买盘
10:00:18	13.6	--	10	13600	买盘
10:00:13	13.6	0.01	63	85680	买盘
10:00:07	13.59	-0.01	20	27180	卖盘
09:59:58	13.6	0.01	262	356320	买盘
09:59:48	13.59	--	1	1359	卖盘
09:59:43	13.59	-0.01	40	54360	卖盘
09:59:37	13.6	--	15	20400	买盘
09:59:33	13.6	0.01	15	20400	买盘
09:59:18	13.59	-0.01	1	1359	卖盘
09:59:13	13.6	0.01	57	78322	买盘
09:59:07	13.59	--	18	24462	买盘
09:59:03	13.59	--	25	33975	买盘
09:58:57	13.59	--	32	43488	买盘
09:58:52	13.59	--	43	58437	买盘
09:58:37	13.59	0.01	40	54360	买盘
09:58:33	13.58	--	1	1358	卖盘
09:58:28	13.58	--	10	13580	卖盘
09:58:18	13.58	-0.01	1	1358	卖盘
09:58:13	13.59	0.01	53	72027	买盘
09:58:07	13.58	-0.01	38	51604	卖盘
09:58:03	13.59	0.01	115	156285	买盘
09:57:58	13.58	--	47	63826	卖盘
09:57:52	13.58	--	23	31234	卖盘
09:57:48	13.58	--	3	4074	卖盘
09:57:42	13.58	-0.01	8	10864	卖盘
09:57:37	13.59	0.01	10	13590	买盘
09:57:28	13.58	--	206	280427	卖盘
09:57:22	13.58	-0.01	11	14938	卖盘
09:57:18	13.59	--	8	10872	买盘
09:57:12	13.59	--	141	191619	买盘
09:57:07	13.59	--	9	12231	买盘
09:56:57	13.59	0.01	13	17667	买盘
09:56:52	13.58	--	44	59752	卖盘
09:56:46	13.58	--	1	1358	卖盘
09:56:37	13.58	--	80	108640	卖盘
09:56:31	13.58	--	129	175182	买盘
09:56:27	13.58	--	16	21728	买盘
09:56:22	13.58	--	503	683074	买盘
09:56:16	13.58	--	12	16296	买盘
09:55:52	13.58	--	82	111356	买盘
09:55:42	13.58	--	116	157528	买盘
09:55:37	13.58	-0.01	255	346290	卖盘
09:55:27	13.59	--	10	13590	买盘
09:55:22	13.59	--	23	31257	买盘
09:55:16	13.59	0.01	158	214722	买盘
09:55:12	13.58	-0.01	52	70616	卖盘
09:55:01	13.59	--	99	134541	买盘
09:54:52	13.59	0.01	824	1119816	买盘
09:54:46	13.58	--	127	172466	卖盘
09:54:37	13.58	-0.01	325	441350	卖盘
09:54:31	13.59	0.01	101	137259	买盘
09:54:22	13.58	-0.01	130	176540	卖盘
09:54:16	13.59	0.01	42	57078	买盘
09:54:12	13.58	-0.01	1	1358	卖盘
09:54:07	13.59	0.01	24	32616	买盘
09:54:01	13.58	--	24	32592	卖盘
09:53:57	13.58	-0.01	9	12222	卖盘
09:53:52	13.59	--	183	248697	买盘
09:53:46	13.59	--	118	160362	买盘
09:53:42	13.59	--	14	19026	买盘
09:53:37	13.59	--	4	5436	买盘
09:53:31	13.59	0.01	7	9513	买盘
09:53:27	13.58	-0.01	23	31234	卖盘
09:53:22	13.59	0.01	211	286749	买盘
09:53:16	13.58	--	7	9506	卖盘
09:53:07	13.58	--	150	203700	卖盘
09:53:01	13.58	--	90	122220	卖盘
09:52:57	13.58	0.01	168	228144	买盘
09:52:52	13.57	--	17	23069	卖盘
09:52:46	13.57	--	54	73278	卖盘
09:52:42	13.57	--	123	166911	卖盘
09:52:37	13.57	-0.01	432	586224	卖盘
09:52:31	13.58	--	210	285193	买盘
09:52:27	13.58	--	305	414190	买盘
09:52:22	13.58	-0.01	106	143948	卖盘
09:52:16	13.59	0.02	147	199773	卖盘
09:52:12	13.57	-0.03	327	443739	卖盘
09:52:07	13.6	0.01	6	8160	买盘
09:52:01	13.59	0.01	183	248697	买盘
09:51:57	13.58	--	103	139874	卖盘
09:51:52	13.58	0.01	28	38024	卖盘
09:51:46	13.57	--	326	442382	卖盘
09:51:42	13.57	-0.01	300	407100	卖盘
09:51:37	13.58	--	103	140553	买盘
09:51:26	13.58	--	1	1358	买盘
09:51:22	13.58	-0.01	366	497707	卖盘
09:51:16	13.59	0.01	63	85617	买盘
09:51:12	13.58	--	10	13580	卖盘
09:51:07	13.58	-0.01	7	9506	卖盘
09:51:01	13.59	--	80	108720	买盘
09:50:57	13.59	--	10	13590	买盘
09:50:51	13.59	--	32	43488	买盘
09:50:46	13.59	--	72	97848	卖盘
09:50:36	13.59	-0.01	34	46206	卖盘
09:50:31	13.6	0.01	157	213520	买盘
09:50:25	13.59	-0.01	30	40770	卖盘
09:50:21	13.6	0.01	154	209440	买盘
09:50:16	13.59	-0.01	78	106002	卖盘
09:50:10	13.6	--	14	19040	买盘
09:50:01	13.6	--	16	21760	买盘
09:49:55	13.6	-0.01	584	794920	卖盘
09:49:51	13.61	0.01	112	152432	买盘
09:49:46	13.6	--	13	17680	卖盘
09:49:36	13.6	--	4	5440	卖盘
09:49:31	13.6	--	63	85680	卖盘
09:49:25	13.6	--	405	550800	卖盘
09:49:21	13.6	-0.01	165	224400	卖盘
09:49:16	13.61	0.01	125	170125	买盘
09:49:10	13.6	--	80	108800	卖盘
09:49:06	13.6	--	10	13600	卖盘
09:49:01	13.6	-0.01	59	80240	卖盘
09:48:55	13.61	--	181	246341	买盘
09:48:46	13.61	-0.01	1123	1528403	卖盘
09:48:31	13.62	--	30	40860	卖盘
09:48:25	13.62	-0.01	21	28602	卖盘
09:48:21	13.63	--	0	0	买盘
09:48:16	13.63	0.02	19	25897	买盘
09:48:10	13.61	--	64	87104	卖盘
09:48:01	13.61	--	81	110241	卖盘
09:47:51	13.61	--	100	136100	卖盘
09:47:46	13.61	--	17	23137	买盘
09:47:40	13.61	0.01	35	47635	买盘
09:47:36	13.6	-0.01	155	210800	卖盘
09:47:31	13.61	--	39	53079	买盘
09:47:25	13.61	--	25	34025	卖盘
09:47:16	13.61	0.02	30	41510	买盘
09:47:10	13.59	-0.02	102	139297	卖盘
09:47:06	13.61	0.01	22	30622	买盘
09:47:01	13.6	--	25	34000	卖盘
09:46:55	13.6	--	341	463760	买盘
09:46:51	13.6	--	310	421600	买盘
09:46:46	13.6	--	315	429080	买盘
09:46:40	13.6	0.01	158	214880	买盘
09:46:36	13.59	--	13	17667	买盘
09:46:31	13.59	0.01	72	97848	卖盘
09:46:25	13.58	-0.02	258	350364	卖盘
09:46:16	13.6	0.01	10	13600	买盘
09:46:10	13.59	-0.05	2283	3102597	卖盘
09:46:01	13.64	-0.01	20	27280	买盘
09:45:55	13.65	--	261	356265	买盘
09:45:46	13.65	-0.01	7	9555	卖盘
09:45:40	13.66	--	72	98352	买盘
09:45:36	13.66	0.01	27	36882	买盘
09:45:30	13.65	-0.01	2009	2742285	卖盘
09:45:25	13.66	--	10	13660	买盘
09:45:10	13.66	0.01	36	49176	买盘
09:45:06	13.65	-0.01	16	21840	卖盘
09:44:55	13.66	--	17	23222	买盘
09:44:50	13.66	--	13	17758	买盘
09:44:45	13.66	--	21	28686	卖盘
09:44:36	13.66	--	96	131136	买盘
09:44:30	13.66	--	6	8196	买盘
09:44:25	13.66	--	2	2732	卖盘
09:44:15	13.66	0.01	7	9562	卖盘
09:44:10	13.65	-0.01	824	1124760	卖盘
09:44:00	13.66	--	50	68300	卖盘
09:43:55	13.66	--	64	87424	卖盘
09:43:49	13.66	-0.01	29	39614	卖盘
09:43:45	13.67	0.01	10	13670	买盘
09:43:40	13.66	--	91	124306	卖盘
09:43:34	13.66	--	10	13660	卖盘
09:43:19	13.66	-0.01	20	27320	卖盘
09:43:15	13.67	0.01	19	25973	买盘
09:43:04	13.66	--	31	42346	卖盘
09:43:00	13.66	-0.01	74	101084	卖盘
09:42:55	13.67	--	26	35542	买盘
09:42:49	13.67	0.01	11	15037	买盘
09:42:40	13.66	-0.01	40	54640	卖盘
09:42:34	13.67	0.01	63	86121	买盘
09:42:30	13.66	-0.01	4	5464	卖盘
09:42:25	13.67	--	15	20505	买盘
09:42:19	13.67	--	23	31441	买盘
09:42:15	13.67	0.01	52	71084	买盘
09:42:04	13.66	--	21	28686	卖盘
09:42:00	13.66	--	80	109280	卖盘
09:41:55	13.66	--	23	31418	卖盘
09:41:49	13.66	-0.01	4	5464	卖盘
09:41:45	13.67	--	1	1367	买盘
09:41:34	13.67	--	11	15037	买盘
09:41:30	13.67	--	5	6835	买盘
09:41:25	13.67	0.01	26	35542	买盘
09:41:19	13.66	-0.01	9	12294	卖盘
09:41:15	13.67	0.01	45	61515	买盘
09:41:10	13.66	-0.01	60	81960	卖盘
09:41:04	13.67	0.01	22	30074	买盘
09:40:55	13.66	-0.01	3	4098	卖盘
09:40:49	13.67	-0.01	379	518093	卖盘
09:40:34	13.68	--	9	12312	买盘
09:40:19	13.68	--	11	15048	买盘
09:40:15	13.68	--	75	102600	买盘
09:40:09	13.68	--	72	98496	卖盘
09:40:04	13.68	--	2	2736	卖盘
09:40:00	13.68	--	14	19152	卖盘
09:39:54	13.68	--	412	563616	卖盘
09:39:34	13.68	-0.01	8	10944	卖盘
09:39:30	13.69	0.01	9	12321	买盘
09:39:19	13.68	--	1	1368	卖盘
09:39:15	13.68	--	8	10944	卖盘
09:39:10	13.68	--	41	56088	卖盘
09:39:00	13.68	--	13	17784	卖盘
09:38:34	13.68	-0.01	7	9576	买盘
09:38:30	13.69	0.01	13	17797	买盘
09:38:24	13.68	--	50	68400	卖盘
09:38:19	13.68	--	22	30096	卖盘
09:37:49	13.68	--	1	1368	卖盘
09:37:39	13.68	--	10	13680	卖盘
09:37:34	13.68	--	105	143640	卖盘
09:37:28	13.68	-0.01	18	24624	卖盘
09:37:24	13.69	0.01	43	58867	买盘
09:37:13	13.68	--	92	125856	买盘
09:36:58	13.68	--	5	6840	买盘
09:36:54	13.68	--	24	32832	买盘
09:36:49	13.68	--	10	13680	买盘
09:36:43	13.68	--	26	35568	卖盘
09:36:28	13.68	--	7	9576	卖盘
09:36:24	13.68	--	69	94392	卖盘
09:36:19	13.68	--	15	20520	卖盘
09:36:13	13.68	--	20	27360	卖盘
09:36:04	13.68	-0.01	9	12312	卖盘
09:35:54	13.69	0.01	4	5476	买盘
09:35:49	13.68	-0.01	38	51984	卖盘
09:35:43	13.69	--	11	15059	买盘
09:35:34	13.69	--	40	54760	买盘
09:35:19	13.69	--	4	5476	买盘
09:35:13	13.69	--	88	120472	买盘
09:35:09	13.69	--	6	8214	买盘
09:35:04	13.69	-0.01	34	46546	卖盘
09:34:54	13.7	--	0	0	买盘
09:34:49	13.7	0.01	66	90420	买盘
09:34:43	13.69	--	13	17797	买盘
09:34:39	13.69	--	35	47915	卖盘
09:34:24	13.69	--	2	2738	卖盘
09:34:19	13.69	--	5	6845	卖盘
09:34:13	13.69	--	2	2738	卖盘
09:34:04	13.69	--	20	27380	卖盘
09:33:43	13.69	--	2	2738	卖盘
09:33:33	13.69	--	21	28749	卖盘
09:33:28	13.69	--	25	34225	买盘
09:33:18	13.69	--	26	35594	卖盘
09:33:13	13.69	0.01	113	154697	买盘
09:33:09	13.68	-0.01	2	2736	卖盘
09:32:58	13.69	0.03	28	38332	买盘
09:32:54	13.66	-0.02	92	125672	卖盘
09:32:48	13.68	--	68	93024	买盘
09:32:33	13.68	-0.02	206	281808	卖盘
09:32:28	13.7	0.01	28	38360	买盘
09:32:23	13.69	--	14	19166	卖盘
09:32:18	13.69	-0.01	11	15059	卖盘
09:32:13	13.7	0.01	4	5480	买盘
09:31:58	13.69	-0.01	11	15059	卖盘
09:31:52	13.7	--	5	6850	买盘
09:31:48	13.7	--	5	6850	买盘
09:31:43	13.7	--	2	2740	买盘
09:31:33	13.7	--	11	15070	买盘
09:31:18	13.7	-0.01	86	119094	卖盘
09:31:13	13.71	--	14	19194	买盘
09:31:07	13.71	0.01	2	2742	买盘
09:31:03	13.7	--	21	28865	买盘
09:30:58	13.7	--	28	38360	买盘
09:30:52	13.7	--	14	19180	买盘
09:30:43	13.7	--	3	4110	买盘
09:30:37	13.7	--	16	21920	买盘
09:30:28	13.7	--	4	5480	买盘
09:30:18	13.7	--	1	1370	买盘
09:30:13	13.7	0.01	1	1370	买盘
09:30:07	13.69	-0.01	53	72557	卖盘
09:29:01	13.7	--	0	0	买盘
09:25:07	13.7	13.7	632	865840	买盘
