成交时间	成交价	价格变动	成交量(手)	成交额(元)	性质
15:00:00	7.66	--	0	0	买盘
15:00:00	7.66	0.01	0	0	买盘
14:59:59	7.65	--	53	40545	卖盘
14:59:53	7.65	--	72	55080	卖盘
14:59:49	7.65	-0.01	118	90270	卖盘
14:59:44	7.66	0.01	74	56684	买盘
14:59:38	7.65	-0.01	58	44370	卖盘
14:59:34	7.66	--	28	21448	买盘
14:59:29	7.66	--	162	124092	买盘
14:59:23	7.66	--	32	24512	买盘
14:59:19	7.66	0.01	28	21448	买盘
14:59:14	7.65	-0.02	554	424269	卖盘
14:59:08	7.67	0.01	139	106613	买盘
14:58:59	7.66	--	150	114900	卖盘
14:58:53	7.66	--	274	209884	卖盘
14:58:49	7.66	--	183	140178	卖盘
14:58:44	7.66	--	84	65033	卖盘
14:58:38	7.66	-0.01	20	15320	卖盘
14:58:34	7.67	0.01	158	121186	买盘
14:58:29	7.66	-0.01	50	38300	卖盘
14:58:23	7.67	0.01	26	19942	买盘
14:58:19	7.66	-0.01	100	76600	卖盘
14:58:14	7.67	0.01	78	59826	买盘
14:58:08	7.66	--	57	43662	卖盘
14:58:04	7.66	-0.01	27	20682	卖盘
14:57:59	7.67	0.01	104	79768	买盘
14:57:53	7.66	-0.01	56	42896	卖盘
14:57:49	7.67	0.01	37	28379	买盘
14:57:44	7.66	0.01	53	40981	买盘
14:57:38	7.65	-0.01	10	7650	卖盘
14:57:34	7.66	-0.01	48	36768	卖盘
14:57:29	7.67	0.02	80	61360	买盘
14:57:23	7.65	--	278	212670	卖盘
14:57:14	7.65	--	679	519435	卖盘
14:57:08	7.65	-0.01	121	92565	卖盘
14:57:04	7.66	0.01	34	26044	买盘
14:56:59	7.65	-0.01	33	25245	卖盘
14:56:53	7.66	0.01	17	13251	买盘
14:56:49	7.65	-0.01	44	33660	卖盘
14:56:44	7.66	--	105	80430	卖盘
14:56:38	7.66	0.01	126	96516	买盘
14:56:34	7.65	--	7	5355	卖盘
14:56:29	7.65	-0.01	42	32130	卖盘
14:56:23	7.66	--	196	150519	买盘
14:56:19	7.66	0.01	49	37534	买盘
14:56:14	7.65	--	102	78642	卖盘
14:56:08	7.65	--	72	55080	卖盘
14:56:04	7.65	--	10	7650	卖盘
14:55:59	7.65	-0.01	1165	891638	卖盘
14:55:53	7.66	--	95	72770	买盘
14:55:48	7.66	0.01	91	69706	买盘
14:55:44	7.65	--	10	7650	卖盘
14:55:38	7.65	--	18	13770	卖盘
14:55:34	7.65	--	43	32895	卖盘
14:55:28	7.65	--	52	39780	卖盘
14:55:23	7.65	-0.01	298	227970	卖盘
14:55:17	7.66	0.01	60	45960	买盘
14:55:08	7.65	0.01	82	63242	买盘
14:55:02	7.64	--	344	262816	卖盘
14:54:58	7.64	-0.01	37	28268	卖盘
14:54:53	7.65	--	67	51255	买盘
14:54:47	7.65	--	126	96642	卖盘
14:54:43	7.65	--	2	1530	卖盘
14:54:38	7.65	--	31	24227	买盘
14:54:32	7.65	--	2274	1740298	卖盘
14:54:28	7.65	--	50	38250	卖盘
14:54:23	7.65	--	231	176715	卖盘
14:54:17	7.65	--	193	147645	卖盘
14:54:13	7.65	-0.01	174	133110	卖盘
14:54:08	7.66	--	23	17618	买盘
14:54:02	7.66	--	25	19150	买盘
14:53:58	7.66	--	10	7660	买盘
14:53:53	7.66	--	417	319467	卖盘
14:53:47	7.66	--	236	181005	卖盘
14:53:38	7.66	--	143	109538	卖盘
14:53:32	7.66	--	131	100729	卖盘
14:53:28	7.66	--	138	105708	卖盘
14:53:23	7.66	--	47	36002	卖盘
14:53:17	7.66	--	358	274335	买盘
14:53:13	7.66	--	139	106474	买盘
14:53:08	7.66	--	143	109538	买盘
14:52:53	7.66	--	42	32172	买盘
14:52:47	7.66	--	998	764667	卖盘
14:52:43	7.66	--	5	3830	卖盘
14:52:38	7.66	--	50	38300	卖盘
14:52:32	7.66	--	10	8349	卖盘
14:52:23	7.66	-0.01	84	64344	卖盘
14:52:17	7.67	0.01	70	53690	买盘
14:52:13	7.66	-0.01	41	31406	卖盘
14:52:08	7.67	0.01	10	7823	买盘
14:52:02	7.66	-0.01	29	22214	卖盘
14:51:58	7.67	0.01	33	25311	买盘
14:51:53	7.66	--	34	26044	卖盘
14:51:47	7.66	--	67	51322	卖盘
14:51:38	7.66	--	34	26044	卖盘
14:51:32	7.66	--	4	3064	卖盘
14:51:23	7.66	--	7	5362	卖盘
14:51:17	7.66	--	117	89622	卖盘
14:51:13	7.66	--	17	13022	卖盘
14:51:08	7.66	--	63	48258	卖盘
14:51:02	7.66	--	57	43662	卖盘
14:50:58	7.66	--	56	42896	卖盘
14:50:53	7.66	--	118	90388	卖盘
14:50:47	7.66	--	267	204751	卖盘
14:50:43	7.66	-0.01	5	3830	卖盘
14:50:38	7.67	0.01	8	6136	买盘
14:50:32	7.66	--	56	43508	卖盘
14:50:28	7.66	--	48	36768	卖盘
14:50:23	7.66	--	54	41364	卖盘
14:50:17	7.66	--	13	9958	卖盘
14:50:13	7.66	--	449	344347	买盘
14:50:08	7.66	0.01	10	7660	买盘
14:50:02	7.65	-0.01	355	271620	卖盘
14:49:53	7.66	--	72	55381	卖盘
14:49:47	7.66	--	60	45960	卖盘
14:49:43	7.66	--	53	40598	卖盘
14:49:38	7.66	--	230	176180	卖盘
14:49:32	7.66	--	150	114900	卖盘
14:49:26	7.66	--	30	22980	卖盘
14:49:22	7.66	--	279	213714	卖盘
14:49:17	7.66	--	136	104176	卖盘
14:49:11	7.66	-0.01	40	30640	卖盘
14:49:07	7.67	0.01	123	94341	买盘
14:49:02	7.66	--	140	107240	卖盘
14:48:56	7.66	--	216	165456	卖盘
14:48:52	7.66	--	5	3830	卖盘
14:48:47	7.66	-0.01	359	274994	卖盘
14:48:41	7.67	0.01	24	18638	买盘
14:48:32	7.66	--	85	65110	卖盘
14:48:22	7.66	--	114	87324	卖盘
14:48:17	7.66	-0.01	119	91154	卖盘
14:48:11	7.67	0.01	42	32214	买盘
14:48:02	7.66	--	12	9192	卖盘
14:47:56	7.66	--	30	22980	卖盘
14:47:41	7.66	-0.01	3	2298	卖盘
14:47:32	7.67	--	20	15340	买盘
14:47:26	7.67	-0.01	158	121676	卖盘
14:47:17	7.68	0.01	220	168960	买盘
14:47:11	7.67	--	32	24544	卖盘
14:47:07	7.67	--	6	4602	卖盘
14:47:02	7.67	-0.01	200	153400	卖盘
14:46:56	7.68	--	76	59028	买盘
14:46:47	7.68	0.01	17	13056	买盘
14:46:41	7.67	--	6	4602	卖盘
14:46:37	7.67	--	21	16797	卖盘
14:46:32	7.67	--	50	39040	卖盘
14:46:26	7.67	--	5	4218	卖盘
14:46:17	7.67	--	5	3835	卖盘
14:46:11	7.67	-0.01	20	15340	卖盘
14:46:02	7.68	0.01	43	33024	买盘
14:45:56	7.67	--	35	26845	卖盘
14:45:47	7.67	--	44	33748	卖盘
14:45:41	7.67	--	55	42185	卖盘
14:45:32	7.67	--	40	30680	卖盘
14:45:22	7.67	--	21	16107	卖盘
14:45:17	7.67	--	3	2301	卖盘
14:45:11	7.67	--	15	11658	卖盘
14:45:07	7.67	--	2	1534	买盘
14:45:02	7.67	--	1081	829127	卖盘
14:44:56	7.67	-0.01	225	172575	卖盘
14:44:52	7.68	0.01	32	24576	买盘
14:44:47	7.67	--	2	1534	卖盘
14:44:41	7.67	--	34	26078	卖盘
14:44:22	7.67	0.01	27	20709	卖盘
14:44:17	7.66	--	13	9958	卖盘
14:44:11	7.66	-0.01	489	374574	卖盘
14:44:07	7.67	--	1	767	卖盘
14:44:02	7.67	-0.01	23	17641	卖盘
14:43:56	7.68	0.01	80	61440	买盘
14:43:32	7.67	-0.01	53	40651	卖盘
14:43:22	7.68	--	28	21504	卖盘
14:43:17	7.68	--	61	46848	卖盘
14:43:11	7.68	--	4	3072	卖盘
14:43:07	7.68	--	30	23040	卖盘
14:43:02	7.68	--	7	5376	卖盘
14:42:56	7.68	0.01	430	330240	买盘
14:42:47	7.67	--	0	0	卖盘
14:42:41	7.67	--	3	2301	卖盘
14:42:35	7.67	0.01	1	767	买盘
14:42:32	7.66	-0.03	98	75068	卖盘
14:42:26	7.69	0.02	10	7690	买盘
14:42:20	7.67	0.01	3	2301	买盘
14:42:16	7.66	-0.02	1416	1085192	卖盘
14:42:11	7.68	--	5	3840	卖盘
14:42:05	7.68	--	54	41779	买盘
14:41:56	7.68	--	14	11212	卖盘
14:41:50	7.68	--	10	7680	卖盘
14:41:46	7.68	--	104	79872	卖盘
14:41:41	7.68	--	102	79027	卖盘
14:41:35	7.68	--	102	78336	卖盘
14:41:31	7.68	--	100	76800	卖盘
14:41:26	7.68	0.01	663	509568	买盘
14:41:16	7.67	-0.01	24	18408	卖盘
14:41:11	7.68	0.01	30	23040	买盘
14:41:05	7.67	--	6	4602	卖盘
14:40:56	7.67	--	2	1534	卖盘
14:40:50	7.67	--	14	10738	卖盘
14:40:41	7.67	--	101	77467	卖盘
14:40:35	7.67	--	54	41418	卖盘
14:40:26	7.67	--	2	1534	卖盘
14:40:16	7.67	--	4	3068	卖盘
14:40:05	7.67	--	3	2301	卖盘
14:40:01	7.67	--	3	2991	卖盘
14:39:56	7.67	-0.01	20	15340	卖盘
14:39:46	7.68	0.01	340	261120	买盘
14:39:41	7.67	--	209	160303	卖盘
14:39:35	7.67	--	70	53690	卖盘
14:39:31	7.67	-0.01	17	13039	卖盘
14:39:20	7.68	0.01	21	16128	买盘
14:39:16	7.67	--	100	76700	卖盘
14:39:11	7.67	-0.01	3	2301	卖盘
14:39:05	7.68	0.01	143	109824	买盘
14:39:01	7.67	--	100	76700	卖盘
14:38:56	7.67	-0.01	14	10738	卖盘
14:38:50	7.68	0.01	272	208896	买盘
14:38:35	7.67	--	20	15340	卖盘
14:38:20	7.67	--	20	15340	卖盘
14:38:16	7.67	-0.01	59	45360	卖盘
14:38:05	7.68	--	96	73728	买盘
14:37:50	7.68	--	84	64512	买盘
14:37:41	7.68	--	214	164582	卖盘
14:37:35	7.68	--	69	52992	卖盘
14:37:26	7.68	--	204	156672	卖盘
14:37:20	7.68	--	10	7680	卖盘
14:37:16	7.68	--	17	13056	卖盘
14:37:11	7.68	--	20	15360	卖盘
14:36:56	7.68	-0.01	31	23808	卖盘
14:36:50	7.69	0.01	33	25377	买盘
14:36:46	7.68	-0.01	400	307200	卖盘
14:36:41	7.69	--	7	5383	买盘
14:36:35	7.69	--	350	269226	卖盘
14:36:29	7.69	0.01	153	118349	买盘
14:36:26	7.68	--	16	12288	卖盘
14:36:20	7.68	--	10	7680	卖盘
14:36:14	7.68	-0.01	155	119040	卖盘
14:36:11	7.69	0.01	30	23070	买盘
14:36:05	7.68	-0.01	4	3072	卖盘
14:35:55	7.69	0.01	5	3845	买盘
14:35:50	7.68	--	20	15360	卖盘
14:35:44	7.68	-0.01	41	31488	卖盘
14:35:40	7.69	--	30	23070	买盘
14:35:29	7.69	--	605	465245	买盘
14:35:20	7.69	--	20	15380	买盘
14:35:14	7.69	--	62	47678	买盘
14:35:10	7.69	--	17	13073	买盘
14:35:05	7.69	--	15	11611	卖盘
14:34:59	7.69	--	10	7690	卖盘
14:34:55	7.69	--	32	24608	卖盘
14:34:50	7.69	--	10	7690	卖盘
14:34:44	7.69	--	15	12227	卖盘
14:34:35	7.69	0.01	50	38450	买盘
14:34:29	7.68	--	14	10982	卖盘
14:34:20	7.68	--	35	27264	卖盘
14:34:14	7.68	--	69	52992	卖盘
14:34:10	7.68	--	144	111283	买盘
14:34:05	7.68	--	135	103680	买盘
14:33:55	7.68	0.01	226	173568	买盘
14:33:50	7.67	-0.01	25	19175	卖盘
14:33:44	7.68	--	3	2304	买盘
14:33:40	7.68	0.01	500	384000	买盘
14:33:35	7.67	-0.01	312	239304	卖盘
14:33:29	7.68	--	362	278553	卖盘
14:33:25	7.68	--	5	3840	卖盘
14:33:20	7.68	--	14	10752	卖盘
14:32:59	7.68	--	17	13056	卖盘
14:32:55	7.68	0.01	1129	867302	买盘
14:32:50	7.67	-0.01	82	62894	卖盘
14:32:44	7.68	0.01	45	34560	买盘
14:32:40	7.67	--	44	33748	卖盘
14:32:35	7.67	--	13	9971	卖盘
14:32:29	7.67	--	50	38350	卖盘
14:32:20	7.67	--	8	6136	卖盘
14:32:14	7.67	--	10	7670	卖盘
14:32:10	7.67	-0.01	500	383500	卖盘
14:32:05	7.68	--	119	91392	卖盘
14:31:59	7.68	--	277	212736	卖盘
14:31:50	7.68	--	1086	834048	卖盘
14:31:44	7.68	-0.01	54	41472	卖盘
14:31:35	7.69	0.01	10	7690	买盘
14:31:25	7.68	-0.01	12	9216	卖盘
14:31:20	7.69	--	635	488699	卖盘
14:31:14	7.69	--	160	123040	卖盘
14:31:05	7.69	--	245	188405	卖盘
14:30:59	7.69	--	41	31529	卖盘
14:30:55	7.69	--	100	76900	卖盘
14:30:50	7.69	--	5	3845	卖盘
14:30:44	7.69	-0.01	25	19225	卖盘
14:30:40	7.7	--	3	2310	买盘
14:30:35	7.7	0.01	83	63910	买盘
14:30:29	7.69	-0.01	7	5383	卖盘
14:30:20	7.7	--	200	154000	买盘
14:30:14	7.7	--	54	41580	买盘
14:30:05	7.7	--	688	529760	卖盘
14:29:53	7.7	--	36	27720	卖盘
14:29:44	7.7	--	17	13090	卖盘
14:29:38	7.7	--	127	97790	卖盘
14:29:34	7.7	--	13	10010	卖盘
14:29:29	7.7	--	432	333025	买盘
14:29:20	7.7	--	7	5390	买盘
14:29:14	7.7	--	688	529914	卖盘
14:29:08	7.7	--	2	1540	卖盘
14:29:04	7.7	--	81	62370	卖盘
14:28:49	7.7	-0.01	100	77000	卖盘
14:28:44	7.71	0.01	5	3855	买盘
14:28:38	7.7	-0.01	54	41965	卖盘
14:28:29	7.71	0.01	58	44718	买盘
14:28:23	7.7	--	24	18480	卖盘
14:28:14	7.7	--	20	15400	卖盘
14:28:08	7.7	--	223	171710	卖盘
14:27:59	7.7	--	28	21560	卖盘
14:27:53	7.7	--	50	38500	卖盘
14:27:49	7.7	--	64	49280	卖盘
14:27:44	7.7	--	48	36960	卖盘
14:27:29	7.7	-0.01	60	46200	卖盘
14:27:19	7.71	0.01	10	7710	买盘
14:27:14	7.7	--	5	3850	卖盘
14:27:04	7.7	--	5	4081	卖盘
14:26:53	7.7	--	420	323400	买盘
14:26:49	7.7	-0.01	58	44660	卖盘
14:26:44	7.71	0.01	21	16191	买盘
14:26:38	7.7	--	83	63910	卖盘
14:26:34	7.7	-0.01	10	7700	卖盘
14:26:29	7.71	0.01	6	4626	买盘
14:26:23	7.7	-0.01	9	6930	卖盘
14:26:14	7.71	0.01	205	158055	买盘
14:26:08	7.7	--	27	20790	卖盘
14:26:04	7.7	--	20	15400	卖盘
14:25:59	7.7	--	63	48510	卖盘
14:25:53	7.7	--	55	42350	卖盘
14:25:49	7.7	--	13	10010	卖盘
14:25:44	7.7	--	5	3850	卖盘
14:25:38	7.7	--	49	37730	卖盘
14:25:34	7.7	--	17	13090	卖盘
14:25:29	7.7	--	25	19250	卖盘
14:25:23	7.7	--	6	4620	卖盘
14:25:08	7.7	--	20	15400	卖盘
14:25:04	7.7	-0.01	5	3850	卖盘
14:24:53	7.71	0.01	19	14649	买盘
14:24:49	7.7	-0.01	5	3850	卖盘
14:24:44	7.71	0.01	120	92520	买盘
14:24:38	7.7	-0.01	5	3850	卖盘
14:24:34	7.71	0.01	1	771	买盘
14:24:29	7.7	--	110	84700	卖盘
14:24:23	7.7	--	3	2310	卖盘
14:24:14	7.7	--	135	103950	卖盘
14:24:08	7.7	--	10	7700	卖盘
14:23:59	7.7	--	10	7700	卖盘
14:23:53	7.7	--	32	24640	卖盘
14:23:49	7.7	-0.01	50	38500	卖盘
14:23:32	7.71	0.01	24	18504	买盘
14:23:23	7.7	-0.01	96	74151	卖盘
14:23:17	7.71	0.01	25	19275	买盘
14:23:02	7.7	--	60	46200	卖盘
14:22:53	7.7	--	174	133980	卖盘
14:22:47	7.7	--	65	50050	卖盘
14:22:32	7.7	--	2	1540	卖盘
14:22:28	7.7	--	12	9625	卖盘
14:22:23	7.7	--	8	6160	卖盘
14:22:13	7.7	--	4	3080	卖盘
14:22:08	7.7	-0.01	15	11550	卖盘
14:21:53	7.71	0.01	2	1542	买盘
14:21:47	7.7	-0.01	220	169400	卖盘
14:21:38	7.71	--	44	33924	买盘
14:21:32	7.71	--	16	12336	买盘
14:21:28	7.71	--	50	38550	买盘
14:21:08	7.71	--	161	124439	卖盘
14:20:58	7.71	-0.01	5	3855	卖盘
14:20:53	7.72	--	5	3860	买盘
14:20:43	7.72	0.01	61	47092	买盘
14:20:38	7.71	--	81	62451	卖盘
14:20:32	7.71	--	300	231300	卖盘
14:20:23	7.71	--	47	36237	卖盘
14:20:17	7.71	--	5	3855	卖盘
14:20:08	7.71	--	8	6168	卖盘
14:20:02	7.71	-0.01	105	80955	卖盘
14:19:58	7.72	0.01	24	18528	买盘
14:19:53	7.71	--	8	6168	卖盘
14:19:47	7.71	--	4	3084	卖盘
14:19:43	7.71	-0.01	1	1156	卖盘
14:19:32	7.72	0.01	1	772	买盘
14:19:13	7.71	-0.01	8	6168	卖盘
14:19:08	7.72	0.01	7	5404	买盘
14:18:58	7.71	--	54	41634	卖盘
14:18:53	7.71	--	14	10794	卖盘
14:18:43	7.71	--	20	15420	卖盘
14:18:38	7.71	-0.01	70	53970	卖盘
14:18:32	7.72	0.01	20	15440	买盘
14:18:23	7.71	--	159	122743	卖盘
14:18:17	7.71	-0.01	7	5397	卖盘
14:18:08	7.72	--	18	13896	买盘
14:17:38	7.72	--	43	33196	买盘
14:17:22	7.72	0.01	20	15440	买盘
14:17:11	7.71	-0.01	5	3855	卖盘
14:17:07	7.72	0.01	36	28486	买盘
14:16:56	7.71	-0.01	72	55512	卖盘
14:16:52	7.72	0.01	15	11580	买盘
14:16:47	7.71	-0.01	4	3084	卖盘
14:16:32	7.72	0.01	18	13896	买盘
14:16:26	7.71	--	40	30840	买盘
14:16:22	7.71	--	4	3084	买盘
14:16:17	7.71	--	8	6168	买盘
14:16:11	7.71	--	55	42405	买盘
14:16:07	7.71	--	17	13107	买盘
14:16:02	7.71	0.01	60	46260	买盘
14:15:52	7.7	-0.01	4	3080	卖盘
14:15:47	7.71	-0.01	30	23130	买盘
14:15:41	7.72	--	0	0	买盘
14:15:37	7.72	0.01	809	624548	买盘
14:15:11	7.71	0.01	104	80184	买盘
14:15:02	7.7	--	20	15400	卖盘
14:14:56	7.7	-0.01	6	4620	卖盘
14:14:52	7.71	0.01	40	30840	买盘
14:14:47	7.7	-0.01	52	40271	卖盘
14:14:26	7.71	0.01	38	29298	买盘
14:14:17	7.7	--	39	30030	卖盘
14:13:56	7.7	--	3	2310	卖盘
14:13:47	7.7	--	2	1540	卖盘
14:13:41	7.7	--	56	43120	卖盘
14:13:32	7.7	--	15	11550	卖盘
14:13:11	7.7	--	17	13090	卖盘
14:12:56	7.7	--	0	693	买盘
14:12:52	7.7	--	1	770	买盘
14:12:47	7.7	--	61	46970	买盘
14:12:41	7.7	--	5	3850	买盘
14:12:32	7.7	--	181	139447	卖盘
14:12:26	7.7	--	1	770	卖盘
14:12:17	7.7	--	316	243936	卖盘
14:12:02	7.7	--	8	6160	卖盘
14:11:47	7.7	--	12	9317	卖盘
14:11:26	7.7	0.01	20	15400	买盘
14:11:17	7.69	--	0	0	卖盘
14:11:11	7.69	-0.01	1	769	卖盘
14:11:01	7.7	--	15	11550	卖盘
14:10:56	7.7	--	91	70686	买盘
14:10:46	7.7	--	1	770	买盘
14:10:35	7.7	--	107	82544	卖盘
14:10:26	7.7	--	63	49126	卖盘
14:10:20	7.7	-0.01	250	192500	卖盘
14:10:16	7.71	0.01	7	5397	买盘
14:10:11	7.7	--	100	77000	卖盘
14:10:05	7.7	-0.01	300	231000	卖盘
14:10:01	7.71	0.01	7	5397	买盘
14:09:56	7.7	-0.01	5	3850	卖盘
14:09:50	7.71	0.01	47	36237	买盘
14:09:26	7.7	-0.01	31	23870	卖盘
14:09:20	7.71	0.01	604	465684	买盘
14:09:11	7.7	-0.01	18	13860	卖盘
14:09:05	7.71	0.01	20	15420	买盘
14:08:56	7.7	--	52	40040	中性盘
14:08:46	7.7	-0.01	1	770	买盘
14:08:41	7.71	--	0	0	买盘
14:08:35	7.71	0.01	18	13878	买盘
14:08:31	7.7	0.01	2	1540	买盘
14:08:26	7.69	-0.01	18	13842	卖盘
14:08:20	7.7	-0.01	97	74844	中性盘
14:08:16	7.71	0.01	105	80955	买盘
14:08:11	7.7	0.01	2	1540	买盘
14:07:56	7.69	--	2	1538	卖盘
14:07:50	7.69	-0.01	32	24608	卖盘
14:07:46	7.7	--	100	77000	买盘
14:07:26	7.7	0.01	4	3080	买盘
14:07:20	7.69	--	315	242235	卖盘
14:07:05	7.69	-0.01	5	3845	卖盘
14:07:01	7.7	0.01	20	15400	买盘
14:06:50	7.69	--	29	22762	卖盘
14:06:46	7.69	--	26	19994	卖盘
14:06:35	7.69	--	713	548297	卖盘
14:06:20	7.69	--	25	19225	买盘
14:06:11	7.69	--	94	72286	买盘
14:05:50	7.69	--	30	23070	买盘
14:05:35	7.69	--	20	15380	买盘
14:05:20	7.69	--	14	10766	买盘
14:05:11	7.69	--	50	38450	买盘
14:04:56	7.69	--	96	73824	卖盘
14:04:29	7.69	-0.01	30	23070	卖盘
14:04:25	7.7	--	5	3850	买盘
14:04:20	7.7	0.01	10	7700	买盘
14:04:14	7.69	--	40	30760	卖盘
14:04:05	7.69	--	39	29991	卖盘
14:03:59	7.69	--	175	134575	卖盘
14:03:35	7.69	--	300	230700	卖盘
14:03:29	7.69	--	276	212244	卖盘
14:03:14	7.69	--	5	3845	卖盘
14:03:10	7.69	-0.01	4	3076	卖盘
14:02:50	7.7	0.01	50	38500	买盘
14:02:44	7.69	-0.01	5	3845	卖盘
14:02:29	7.7	0.01	4	3080	买盘
14:02:20	7.69	-0.01	5	3845	卖盘
14:01:40	7.7	--	244	188372	卖盘
14:01:35	7.7	-0.01	109	83930	卖盘
14:01:29	7.71	0.01	108	83268	买盘
14:01:20	7.7	--	70	53900	卖盘
14:01:14	7.7	-0.01	555	428043	卖盘
14:01:10	7.71	0.01	4	3084	买盘
14:00:59	7.7	--	59	45430	卖盘
14:00:55	7.7	--	10	7700	卖盘
14:00:50	7.7	--	56	43120	卖盘
14:00:40	7.7	-0.01	4	3080	卖盘
14:00:25	7.71	--	10	7710	买盘
14:00:20	7.71	--	47	36237	买盘
13:59:50	7.71	--	15	11565	买盘
13:59:44	7.71	--	31	23901	买盘
13:59:34	7.71	--	8	6168	买盘
13:59:29	7.71	0.01	30	23130	买盘
13:59:25	7.7	-0.01	160	123200	卖盘
13:59:20	7.71	0.01	10	7710	买盘
13:59:14	7.7	--	15	11550	卖盘
13:59:05	7.7	--	50	38500	卖盘
13:58:59	7.7	-0.01	2	1540	卖盘
13:58:35	7.71	--	10	7710	买盘
13:58:29	7.71	--	7	5397	买盘
13:58:04	7.71	--	11	8481	买盘
13:57:53	7.71	0.01	184	141864	买盘
13:57:44	7.7	--	110	84700	卖盘
13:57:14	7.7	--	3	2310	卖盘
13:57:04	7.7	--	20	15400	卖盘
13:56:53	7.7	--	50	38500	卖盘
13:56:34	7.7	-0.01	15	11550	卖盘
13:56:19	7.71	--	10	7710	买盘
13:56:14	7.71	--	89	68619	买盘
13:56:08	7.71	--	50	38550	买盘
13:55:59	7.71	--	10	7710	买盘
13:55:53	7.71	--	6	4626	买盘
13:55:44	7.71	--	154	118734	卖盘
13:55:38	7.71	--	30	23130	卖盘
13:55:23	7.71	--	7	5397	卖盘
13:55:14	7.71	0.01	10	7710	中性盘
13:55:08	7.7	-0.01	820	631400	卖盘
13:55:04	7.71	--	5	3855	卖盘
13:54:59	7.71	-0.01	251	193521	卖盘
13:54:53	7.72	--	2	1544	买盘
13:54:49	7.72	0.01	1	772	买盘
13:54:44	7.71	-0.01	67	51657	卖盘
13:54:38	7.72	--	17	13124	买盘
13:54:34	7.72	--	20	15440	买盘
13:54:29	7.72	--	960	741120	卖盘
13:54:23	7.72	--	37	28564	卖盘
13:54:19	7.72	-0.01	2	1544	卖盘
13:54:08	7.73	--	121	93533	卖盘
13:54:04	7.73	--	70	54110	卖盘
13:53:59	7.73	--	67	51791	卖盘
13:53:53	7.73	-0.01	164	126772	卖盘
13:53:49	7.74	0.01	460	356040	买盘
13:53:44	7.73	--	15	11595	卖盘
13:53:38	7.73	--	40	30920	卖盘
13:53:34	7.73	--	69	53337	买盘
13:53:29	7.73	--	487	376451	买盘
13:53:23	7.73	0.01	109	84257	买盘
13:53:19	7.72	--	34	26248	卖盘
13:53:13	7.72	-0.01	114	88008	卖盘
13:53:08	7.73	0.01	4	3092	买盘
13:53:04	7.72	-0.01	29	22388	卖盘
13:52:59	7.73	0.01	30	23190	买盘
13:52:53	7.72	--	15	11580	卖盘
13:52:49	7.72	--	5	3860	卖盘
13:52:43	7.72	--	171	132012	卖盘
13:52:38	7.72	--	145	112171	买盘
13:52:34	7.72	--	46	35512	买盘
13:52:29	7.72	--	85	65620	买盘
13:52:23	7.72	--	353	272516	买盘
13:52:19	7.72	--	106	81832	买盘
13:52:13	7.72	--	50	38600	买盘
13:52:08	7.72	0.01	108	83376	买盘
13:52:03	7.71	--	4	3084	卖盘
13:51:53	7.71	--	221	170853	买盘
13:51:43	7.71	--	200	154200	买盘
13:51:38	7.71	0.01	111	85581	买盘
13:51:32	7.7	--	249	192084	买盘
13:51:08	7.7	0.01	1232	948640	买盘
13:51:02	7.69	--	5	3845	买盘
13:50:58	7.69	--	238	183022	卖盘
13:50:53	7.69	-0.01	9	6921	卖盘
13:50:47	7.7	0.01	1	770	买盘
13:50:43	7.69	0.01	66	50754	买盘
13:50:38	7.68	-0.02	23	17740	卖盘
13:50:32	7.7	0.02	7	5390	买盘
13:50:28	7.68	-0.01	754	579072	卖盘
13:50:17	7.69	-0.01	152	116888	卖盘
13:50:08	7.7	--	201	154770	买盘
13:50:02	7.7	0.01	149	114730	买盘
13:49:58	7.69	--	22	16918	卖盘
13:49:47	7.69	--	1	769	卖盘
13:49:38	7.69	--	178	137112	买盘
13:49:32	7.69	--	172	132268	买盘
13:49:23	7.69	--	10	7690	买盘
13:49:17	7.69	--	368	282992	买盘
13:49:08	7.69	0.01	15	11535	买盘
13:49:02	7.68	-0.01	2	1536	卖盘
13:48:58	7.69	--	5	3845	买盘
13:48:53	7.69	--	51	39219	买盘
13:48:47	7.69	--	70	53830	买盘
13:48:38	7.69	0.01	6	4614	买盘
13:48:23	7.68	--	12	9216	卖盘
13:48:17	7.68	--	2	1536	卖盘
13:48:08	7.68	--	4	3763	卖盘
13:47:58	7.68	0.01	301	231275	买盘
13:47:53	7.67	-0.01	73	55991	卖盘
13:47:47	7.68	--	116	89088	买盘
13:47:43	7.68	--	61	46848	买盘
13:47:38	7.68	--	230	176640	买盘
13:47:32	7.68	--	130	99840	买盘
13:47:28	7.68	--	30	23040	买盘
13:47:23	7.68	--	5	3840	买盘
13:47:17	7.68	--	100	76800	买盘
13:47:02	7.68	--	2	1536	买盘
13:46:58	7.68	-0.02	612	470676	卖盘
13:46:53	7.7	--	14	10780	买盘
13:46:47	7.7	--	75	57750	买盘
13:46:37	7.7	--	13	10010	卖盘
13:46:32	7.7	-0.01	20	15400	买盘
13:46:22	7.71	0.01	280	215880	买盘
13:46:17	7.7	--	274	211673	卖盘
13:46:13	7.7	-0.01	50	38500	卖盘
13:46:08	7.71	--	57	43947	买盘
13:45:58	7.71	0.01	12	9252	买盘
13:45:53	7.7	--	30	23100	卖盘
13:45:47	7.7	--	5	3850	卖盘
13:45:42	7.7	--	10	7700	卖盘
13:45:37	7.7	0.01	151	116347	买盘
13:45:32	7.69	-0.01	105	80745	卖盘
13:45:26	7.7	--	47	36190	买盘
13:45:22	7.7	--	30	23100	买盘
13:45:17	7.7	--	30	23100	买盘
13:45:07	7.7	--	68	52360	买盘
13:45:02	7.7	0.01	288	221760	买盘
13:44:56	7.69	-0.01	26	19994	卖盘
13:44:47	7.7	--	115	88550	买盘
13:44:41	7.7	--	30	23100	买盘
13:44:26	7.7	--	640	492800	买盘
13:44:17	7.7	0.01	176	135520	买盘
13:44:02	7.69	--	409	314751	买盘
13:43:56	7.69	0.01	222	170718	买盘
13:43:52	7.68	--	12	9216	卖盘
13:43:47	7.68	-0.01	25	19200	卖盘
13:43:41	7.69	--	13	9997	买盘
13:43:32	7.69	0.01	8	6152	买盘
13:43:26	7.68	--	11	8448	卖盘
13:43:17	7.68	--	6	4608	卖盘
13:43:07	7.68	--	50	38400	卖盘
13:43:02	7.68	--	100	76800	卖盘
13:42:56	7.68	--	72	55987	卖盘
13:42:52	7.68	--	146	112128	卖盘
13:42:41	7.68	--	195	150481	买盘
13:42:37	7.68	--	3	2304	买盘
13:42:26	7.68	--	246	188928	买盘
13:42:17	7.68	0.01	13	9984	买盘
13:42:02	7.67	-0.01	7	5369	卖盘
13:41:41	7.68	0.01	140	107520	买盘
13:41:26	7.67	-0.01	4	3068	卖盘
13:41:22	7.68	0.01	10	7680	买盘
13:41:07	7.67	-0.01	150	115050	卖盘
13:41:01	7.68	0.01	305	234240	买盘
13:40:56	7.67	--	274	210541	买盘
13:40:52	7.67	--	200	153400	买盘
13:40:41	7.67	--	204	156468	买盘
13:40:26	7.67	0.01	100	76700	买盘
13:40:21	7.66	-0.01	2	1532	卖盘
13:40:11	7.67	--	33	25311	买盘
13:40:01	7.67	0.01	52	39884	买盘
13:39:56	7.66	-0.01	543	415938	卖盘
13:39:46	7.67	--	8	6519	卖盘
13:39:41	7.67	--	54	41418	卖盘
13:39:36	7.67	--	664	509288	卖盘
13:39:26	7.67	--	68	52462	卖盘
13:39:16	7.67	--	233	178787	买盘
13:39:01	7.67	--	202	154934	买盘
13:38:46	7.67	0.01	32	24544	买盘
13:38:41	7.66	-0.01	100	76600	卖盘
13:38:35	7.67	0.01	206	158002	买盘
13:38:31	7.66	-0.01	15	11490	卖盘
13:38:26	7.67	--	30	23010	买盘
13:38:20	7.67	0.01	23	17641	买盘
13:38:16	7.66	-0.01	5	3830	卖盘
13:38:11	7.67	--	40	30680	买盘
13:37:56	7.67	--	47	36049	买盘
13:37:50	7.67	0.01	94	72098	买盘
13:37:41	7.66	-0.01	3	2298	卖盘
13:37:35	7.67	--	302	232324	卖盘
13:37:26	7.67	--	14	10738	卖盘
13:37:20	7.67	--	73	55991	卖盘
13:37:16	7.67	--	120	92040	卖盘
13:37:11	7.67	--	18	13806	卖盘
13:37:01	7.67	-0.01	20	15340	卖盘
13:36:56	7.68	0.01	15	11520	买盘
13:36:41	7.67	-0.01	321	246207	卖盘
13:36:26	7.68	0.01	50	38400	买盘
13:36:20	7.67	--	68	52156	卖盘
13:36:11	7.67	-0.01	6	4602	卖盘
13:36:05	7.68	--	6	4608	买盘
13:36:01	7.68	--	1	768	买盘
13:35:56	7.68	--	8	6144	买盘
13:35:50	7.68	--	4	3072	买盘
13:35:35	7.68	--	1	768	买盘
13:35:26	7.68	--	10	7680	买盘
13:35:20	7.68	0.01	82	62976	买盘
13:35:16	7.67	-0.01	34	26078	卖盘
13:35:05	7.68	--	500	384000	买盘
13:34:50	7.68	0.01	6	4608	买盘
13:34:41	7.67	--	1	767	卖盘
13:34:25	7.67	-0.01	29	22243	卖盘
13:34:20	7.68	0.01	10	7680	买盘
13:34:16	7.67	--	9	6903	卖盘
13:34:10	7.67	--	9	6903	卖盘
13:33:50	7.67	--	1	767	卖盘
13:33:40	7.67	0.01	907	695745	买盘
13:33:35	7.66	-0.01	1	995	卖盘
13:33:20	7.67	--	200	153400	买盘
13:33:05	7.67	--	10	7670	买盘
13:33:01	7.67	--	28	21476	买盘
13:32:55	7.67	--	2	1534	买盘
13:32:50	7.67	--	37	28379	买盘
13:32:35	7.67	-0.01	648	497706	卖盘
13:32:29	7.68	--	228	175104	买盘
13:32:25	7.68	0.01	2	1536	买盘
13:32:20	7.67	--	50	38350	卖盘
13:31:59	7.67	--	3	2301	卖盘
13:31:55	7.67	-0.01	50	38350	卖盘
13:31:44	7.68	--	216	166087	卖盘
13:31:40	7.68	--	20	15928	买盘
13:31:35	7.68	--	28	21703	卖盘
13:31:20	7.68	--	70	54174	卖盘
13:31:05	7.68	-0.01	6	4608	卖盘
13:30:50	7.69	0.01	73	56829	买盘
13:30:44	7.68	--	10	7680	卖盘
13:30:20	7.68	0.01	104	80102	买盘
13:30:14	7.67	-0.01	13	9971	卖盘
13:29:50	7.68	--	185	142617	卖盘
13:29:35	7.68	--	100	76800	卖盘
13:29:20	7.68	0.01	7	5606	买盘
13:29:14	7.67	-0.01	20	15340	卖盘
13:29:05	7.68	0.01	42	32256	买盘
13:28:59	7.67	--	55	42185	卖盘
13:28:29	7.67	--	1	767	卖盘
13:28:20	7.67	--	10	7670	卖盘
13:28:14	7.67	--	76	58292	卖盘
13:28:04	7.67	-0.01	0	690	卖盘
13:27:59	7.68	0.01	105	80640	买盘
13:27:55	7.67	--	46	35282	卖盘
13:27:49	7.67	--	33	26001	卖盘
13:27:43	7.67	--	10	7670	卖盘
13:27:34	7.67	--	78	60056	买盘
13:27:29	7.67	--	94	72098	买盘
13:27:19	7.67	--	10	7670	买盘
13:27:09	7.67	-0.01	653	501387	卖盘
13:27:04	7.68	0.01	216	166118	买盘
13:26:49	7.67	-0.01	67	51542	卖盘
13:26:44	7.68	--	49	37632	买盘
13:26:40	7.68	0.01	5	3840	买盘
13:26:34	7.67	-0.01	50	38350	卖盘
13:26:19	7.68	--	49	37632	买盘
13:25:59	7.68	--	49	37632	买盘
13:25:34	7.68	--	20	15360	买盘
13:25:29	7.68	--	2	1536	买盘
13:25:08	7.68	--	22	16896	买盘
13:25:04	7.68	--	449	345446	卖盘
13:24:53	7.68	-0.01	404	310272	卖盘
13:24:49	7.69	0.01	5	3845	买盘
13:24:38	7.68	--	10	7680	卖盘
13:24:29	7.68	-0.01	68	52224	卖盘
13:24:23	7.69	0.01	20	15380	买盘
13:24:14	7.68	-0.01	30	23040	卖盘
13:24:08	7.69	--	4	3076	买盘
13:23:59	7.69	0.01	48	36912	买盘
13:23:53	7.68	-0.01	26	19968	卖盘
13:23:44	7.69	0.01	49	37681	买盘
13:23:34	7.68	--	5	3840	卖盘
13:23:04	7.68	-0.01	1	768	卖盘
13:22:44	7.69	0.01	75	57675	买盘
13:22:38	7.68	--	24	18432	卖盘
13:22:34	7.68	--	11	8448	卖盘
13:22:29	7.68	--	3	2304	卖盘
13:22:23	7.68	-0.01	1	768	卖盘
13:22:19	7.69	0.01	10	7690	买盘
13:21:59	7.68	-0.01	5	3840	卖盘
13:21:44	7.69	0.01	1	769	买盘
13:21:33	7.68	-0.01	5	3840	卖盘
13:21:29	7.69	0.01	47	36604	买盘
13:21:23	7.68	-0.01	32	24576	卖盘
13:21:13	7.69	0.01	8	6152	买盘
13:21:04	7.68	-0.01	10	7680	卖盘
13:20:43	7.69	--	20	15380	买盘
13:20:38	7.69	--	24	18456	买盘
13:20:23	7.69	--	90	69210	买盘
13:20:13	7.69	--	20	15380	买盘
13:20:08	7.69	--	29	22301	买盘
13:20:03	7.69	0.01	3	2307	买盘
13:19:53	7.68	--	3	2304	卖盘
13:19:48	7.68	-0.01	12	9216	卖盘
13:19:43	7.69	0.01	15	11535	买盘
13:19:38	7.68	-0.01	6	4608	卖盘
13:19:33	7.69	0.01	10	7690	买盘
13:19:28	7.68	-0.01	14	10752	卖盘
13:19:17	7.69	0.01	1	769	买盘
13:19:13	7.68	-0.01	42	32256	卖盘
13:19:08	7.69	0.01	36	27684	买盘
13:18:58	7.68	--	3	2304	卖盘
13:18:53	7.68	-0.01	41	31488	卖盘
13:18:28	7.69	--	30	23070	买盘
13:18:17	7.69	--	609	468321	卖盘
13:17:32	7.69	-0.01	500	384500	卖盘
13:17:23	7.7	--	66	50820	买盘
13:17:17	7.7	--	10	7700	买盘
13:17:02	7.7	--	178	137060	买盘
13:16:58	7.7	--	103	79310	买盘
13:16:53	7.7	--	5	3850	买盘
13:16:47	7.7	--	30	23100	买盘
13:16:38	7.7	0.01	49	37730	买盘
13:16:32	7.69	--	44	33836	卖盘
13:16:17	7.69	--	20	15380	卖盘
13:16:13	7.69	-0.01	4	3076	卖盘
13:16:08	7.7	--	29	22330	买盘
13:15:58	7.7	--	157	120890	买盘
13:15:46	7.7	--	10	7700	买盘
13:15:43	7.7	--	98	75567	卖盘
13:15:38	7.7	--	22	16940	卖盘
13:15:32	7.7	--	100	77000	卖盘
13:15:28	7.7	--	20	15400	卖盘
13:15:17	7.7	--	12	9240	卖盘
13:15:12	7.7	--	119	92292	买盘
13:15:08	7.7	--	10	7700	买盘
13:15:02	7.7	--	186	143220	买盘
13:14:53	7.7	0.01	3	2310	买盘
13:14:42	7.69	-0.01	20	15380	卖盘
13:14:37	7.7	--	15	11550	买盘
13:14:22	7.7	--	50	38500	买盘
13:14:17	7.7	0.01	34	26180	买盘
13:14:07	7.69	-0.01	1	769	卖盘
13:14:02	7.7	--	1	770	买盘
13:13:57	7.7	0.01	50	38500	买盘
13:13:47	7.69	-0.01	94	72286	卖盘
13:13:42	7.7	--	48	36960	买盘
13:13:37	7.7	--	1	770	买盘
13:13:32	7.7	--	26	20020	买盘
13:13:27	7.7	0.01	1	770	买盘
13:13:22	7.69	-0.01	54	41526	卖盘
13:13:17	7.7	--	55	42350	买盘
13:13:07	7.7	--	9	6930	买盘
13:13:02	7.7	--	100	77000	买盘
13:12:57	7.7	--	41	31570	买盘
13:12:47	7.7	--	202	155540	买盘
13:12:41	7.7	--	10	7700	买盘
13:12:37	7.7	0.01	64	49280	买盘
13:12:32	7.69	-0.01	62	48293	卖盘
13:12:26	7.7	--	80	61600	买盘
13:12:22	7.7	--	300	231000	买盘
13:12:17	7.7	--	190	146300	买盘
13:12:07	7.7	--	459	353430	买盘
13:12:02	7.7	--	86	66220	买盘
13:11:56	7.7	0.01	50	38500	买盘
13:11:47	7.69	--	435	334976	买盘
13:11:32	7.69	--	134	103046	买盘
13:11:26	7.69	--	10	7690	买盘
13:11:07	7.69	--	31	23839	买盘
13:10:26	7.69	0.01	17	13073	买盘
13:09:56	7.68	-0.01	10	7680	卖盘
13:09:52	7.69	--	1	769	买盘
13:09:47	7.69	0.01	5	3845	买盘
13:09:37	7.68	--	30	23040	卖盘
13:09:32	7.68	--	10	7680	卖盘
13:09:17	7.68	--	51	39168	卖盘
13:08:47	7.68	--	20	15590	卖盘
13:08:37	7.68	--	50	38400	卖盘
13:08:32	7.68	--	20	15360	卖盘
13:08:25	7.68	-0.01	8	6144	卖盘
13:08:21	7.69	0.01	6	4614	买盘
13:08:11	7.68	--	20	15360	卖盘
13:08:06	7.68	--	10	7680	卖盘
13:08:02	7.68	-0.01	200	153600	卖盘
13:07:55	7.69	--	71	54599	买盘
13:07:40	7.69	0.01	44	33836	买盘
13:07:36	7.68	--	50	38400	卖盘
13:07:31	7.68	--	35	26880	卖盘
13:07:25	7.68	--	26	19968	卖盘
13:07:21	7.68	--	25	19200	卖盘
13:07:16	7.68	0.01	216	166118	买盘
13:07:11	7.67	--	18	13806	卖盘
13:06:51	7.67	--	33	25924	卖盘
13:06:31	7.67	-0.01	14	10738	卖盘
13:06:25	7.68	0.01	6	4608	买盘
13:06:11	7.67	-0.01	49	37583	卖盘
13:06:06	7.68	--	3	2304	买盘
13:06:01	7.68	--	35	26880	买盘
13:05:56	7.68	--	25	19200	买盘
13:05:41	7.68	--	13	9984	买盘
13:05:35	7.68	--	6	4608	买盘
13:05:31	7.68	0.01	11	8448	买盘
13:05:20	7.67	-0.02	1	767	卖盘
13:05:16	7.69	--	0	0	买盘
13:05:11	7.69	0.01	155	119195	买盘
13:05:01	7.68	0.01	10	7680	买盘
13:04:56	7.67	-0.01	2	1534	卖盘
13:04:35	7.68	--	28	21504	买盘
13:04:26	7.68	--	5	3840	买盘
13:04:20	7.68	--	1	768	买盘
13:04:01	7.68	0.01	10	7680	买盘
13:03:56	7.67	--	75	57525	卖盘
13:03:41	7.67	-0.01	10	7670	卖盘
13:03:35	7.68	--	5	3840	买盘
13:03:26	7.68	--	30	23040	买盘
13:03:11	7.68	--	50	38400	买盘
13:02:49	7.68	0.01	72	55296	买盘
13:01:56	7.67	--	5	3835	卖盘
13:01:50	7.67	--	29	22243	卖盘
13:01:46	7.67	--	23	17641	买盘
13:01:41	7.67	--	7	5369	卖盘
13:01:35	7.67	0.01	16	12272	买盘
13:01:10	7.66	-0.01	10	7660	卖盘
13:00:55	7.67	--	10	7670	买盘
13:00:49	7.67	--	46	35282	买盘
13:00:45	7.67	--	60	46096	卖盘
13:00:25	7.67	--	38	29836	买盘
13:00:20	7.67	--	49	37583	买盘
13:00:15	7.67	--	44	33748	买盘
13:00:10	7.67	--	336	258248	卖盘
13:00:05	7.67	--	371	285170	买盘
11:30:00	7.67	--	0	0	买盘
11:29:59	7.67	--	0	0	买盘
11:29:55	7.67	--	2	1534	买盘
11:29:51	7.67	-0.01	24	18408	卖盘
11:29:46	7.68	0.01	2	1536	买盘
11:29:40	7.67	-0.01	7	5369	卖盘
11:29:31	7.68	--	2	1536	买盘
11:29:21	7.68	0.01	1	768	买盘
11:28:55	7.67	--	30	23010	买盘
11:28:46	7.67	--	35	26845	买盘
11:28:25	7.67	--	580	444860	卖盘
11:28:16	7.67	--	29	22243	卖盘
11:27:46	7.67	0.01	103	79001	买盘
11:27:40	7.66	-0.01	71	54386	卖盘
11:27:36	7.67	--	20	15340	买盘
11:27:31	7.67	--	46	35282	买盘
11:27:25	7.67	0.01	50	38350	买盘
11:27:10	7.66	--	14	10953	卖盘
11:27:01	7.66	--	56	42972	卖盘
11:26:51	7.66	--	39	29874	卖盘
11:26:46	7.66	-0.01	57	43662	卖盘
11:26:40	7.67	0.01	65	49855	买盘
11:26:25	7.66	--	0	0	卖盘
11:26:16	7.66	-0.01	28	21448	卖盘
11:26:10	7.67	--	80	61360	买盘
11:26:06	7.67	0.01	5	3835	买盘
11:25:55	7.66	-0.01	3	2298	卖盘
11:25:51	7.67	--	53	40651	买盘
11:25:46	7.67	--	73	55991	买盘
11:25:40	7.67	0.01	9	6903	买盘
11:25:25	7.66	--	84	64344	卖盘
11:25:19	7.66	-0.01	40	30640	卖盘
11:25:16	7.67	0.01	4	3068	买盘
11:25:10	7.66	-0.01	10	7660	卖盘
11:25:04	7.67	0.01	10	7670	买盘
11:24:49	7.66	-0.01	3	2298	卖盘
11:24:40	7.67	0.01	71	54457	买盘
11:24:34	7.66	--	15	11490	买盘
11:24:25	7.66	--	14	10724	买盘
11:24:19	7.66	0.01	1	766	买盘
11:24:10	7.65	-0.02	10	7650	卖盘
11:24:04	7.67	0.02	73	55991	买盘
11:24:00	7.65	--	0	0	卖盘
11:23:55	7.65	-0.01	298	227970	卖盘
11:23:45	7.66	--	48	36844	买盘
11:23:40	7.66	--	70	53620	买盘
11:23:34	7.66	--	1	766	买盘
11:23:25	7.66	--	129	99503	卖盘
11:23:19	7.66	--	15	11490	卖盘
11:23:15	7.66	--	5	3830	卖盘
11:23:10	7.66	--	3	2298	卖盘
11:23:04	7.66	--	43	32938	卖盘
11:22:45	7.66	--	3	2298	卖盘
11:22:40	7.66	--	3	2298	卖盘
11:22:34	7.66	--	101	77442	买盘
11:22:19	7.66	--	61	46726	卖盘
11:22:10	7.66	0.01	108	82728	买盘
11:22:04	7.65	--	31	23715	卖盘
11:21:49	7.65	-0.01	11	8415	卖盘
11:21:40	7.66	--	263	201458	买盘
11:21:34	7.66	--	322	246652	卖盘
11:21:30	7.66	--	10	7660	卖盘
11:21:19	7.66	--	6	4596	卖盘
11:21:15	7.66	--	5	3830	卖盘
11:21:10	7.66	-0.01	153	117198	卖盘
11:21:04	7.67	0.01	74	56758	买盘
11:20:55	7.66	-0.02	5	3830	卖盘
11:20:40	7.68	0.01	87	67123	买盘
11:20:34	7.67	--	40	30680	卖盘
11:20:30	7.67	--	11	8437	卖盘
11:20:25	7.67	-0.01	23	17641	卖盘
11:20:19	7.68	0.01	30	23040	买盘
11:19:55	7.67	--	0	0	卖盘
11:19:49	7.67	--	10	7976	卖盘
11:19:45	7.67	-0.01	133	102011	卖盘
11:19:34	7.68	0.01	120	92313	买盘
11:19:25	7.67	-0.01	5	3835	卖盘
11:19:19	7.68	0.01	57	43776	买盘
11:19:13	7.67	--	20	15340	卖盘
11:19:10	7.67	--	20	15340	卖盘
11:18:58	7.67	--	52	39884	卖盘
11:18:34	7.67	--	46	35282	卖盘
11:18:13	7.67	0.01	30	23010	卖盘
11:18:10	7.66	-0.02	4	3064	卖盘
11:18:04	7.68	0.01	20	15360	买盘
11:17:58	7.67	--	19	14573	卖盘
11:17:49	7.67	-0.01	105	80535	卖盘
11:17:43	7.68	0.01	5	3840	买盘
11:17:39	7.67	-0.01	6	4602	卖盘
11:17:24	7.68	0.01	5	3840	买盘
11:17:09	7.67	-0.01	6	4602	卖盘
11:16:58	7.68	0.01	1	768	买盘
11:16:54	7.67	--	37	28379	买盘
11:16:43	7.67	--	7	5369	买盘
11:16:39	7.67	--	23	17641	卖盘
11:16:28	7.67	--	1	767	买盘
11:16:24	7.67	--	14	10738	买盘
11:16:19	7.67	--	85	65195	卖盘
11:15:49	7.67	--	15	11505	卖盘
11:15:43	7.67	-0.01	179	137293	卖盘
11:15:28	7.68	0.01	1	768	买盘
11:15:19	7.67	--	6	4602	卖盘
11:14:49	7.67	--	24	18408	卖盘
11:14:43	7.67	-0.01	58	44486	卖盘
11:14:39	7.68	--	25	19200	买盘
11:14:28	7.68	0.01	10	7680	买盘
11:14:19	7.67	-0.01	10	7670	卖盘
11:14:13	7.68	0.01	5	3840	买盘
11:13:58	7.67	-0.01	11	8437	卖盘
11:13:49	7.68	--	62	47616	买盘
11:13:34	7.68	0.01	21	16128	买盘
11:13:24	7.67	--	10	7670	卖盘
11:13:19	7.67	--	31	23777	卖盘
11:13:13	7.67	-0.01	48	36816	卖盘
11:12:58	7.68	0.01	145	111360	买盘
11:12:22	7.67	--	2	1534	卖盘
11:12:13	7.67	-0.01	12	9204	卖盘
11:12:04	7.68	--	53	40704	买盘
11:11:58	7.68	--	15	11520	买盘
11:11:52	7.68	--	2	1536	买盘
11:11:49	7.68	--	73	56064	卖盘
11:11:43	7.68	--	19	14592	卖盘
11:11:34	7.68	0.01	41	31488	买盘
11:11:18	7.67	--	6	4602	卖盘
11:11:07	7.67	0.01	5	3835	卖盘
11:10:52	7.66	--	66	50556	卖盘
11:10:48	7.66	--	2	1532	卖盘
11:10:37	7.66	--	67	51628	买盘
11:10:33	7.66	0.01	105	80430	买盘
11:10:28	7.65	--	278	212670	卖盘
11:10:22	7.65	-0.01	20	15300	卖盘
11:10:18	7.66	0.01	7	5362	买盘
11:10:13	7.65	--	16	12240	卖盘
11:10:03	7.65	--	1	765	卖盘
11:09:58	7.65	--	20	15300	卖盘
11:09:52	7.65	--	210	160650	卖盘
11:09:43	7.65	-0.01	23	17748	卖盘
11:09:37	7.66	--	1	766	买盘
11:09:07	7.66	--	167	128534	卖盘
11:08:52	7.66	--	97	74302	卖盘
11:08:43	7.66	--	1	766	卖盘
11:08:37	7.66	--	89	68174	卖盘
11:08:28	7.66	-0.01	10	7660	卖盘
11:08:22	7.67	0.01	130	99710	买盘
11:08:18	7.66	--	16	12256	卖盘
11:08:13	7.66	-0.01	14	10724	卖盘
11:08:07	7.67	0.01	54	41418	买盘
11:07:52	7.66	--	10	7660	卖盘
11:07:37	7.66	--	2	1532	卖盘
11:07:28	7.66	--	25	19150	卖盘
11:07:22	7.66	--	5	3983	卖盘
11:07:18	7.66	-0.02	40	31099	卖盘
11:07:13	7.68	0.02	2	1536	买盘
11:07:07	7.66	--	0	0	卖盘
11:06:52	7.66	--	3	2298	卖盘
11:06:48	7.66	--	7	5362	卖盘
11:06:43	7.66	--	13	10570	卖盘
11:06:31	7.66	-0.02	100	76600	卖盘
11:06:28	7.68	0.02	38	29184	买盘
11:06:22	7.66	--	41	31406	卖盘
11:06:13	7.66	-0.02	52	39832	卖盘
11:06:07	7.68	--	96	73728	买盘
11:05:58	7.68	--	609	467865	卖盘
11:05:52	7.68	--	13	9984	卖盘
11:05:46	7.68	--	227	174643	卖盘
11:05:43	7.68	--	44	33792	卖盘
11:05:37	7.68	--	113	86784	卖盘
11:05:28	7.68	--	2	1536	卖盘
11:05:22	7.68	--	73	56064	卖盘
11:05:07	7.68	-0.01	1	768	卖盘
11:04:57	7.69	0.01	9	6921	买盘
11:04:52	7.68	--	5	3840	卖盘
11:04:46	7.68	--	20	15360	卖盘
11:04:42	7.68	--	22	16896	卖盘
11:04:37	7.68	--	57	44083	卖盘
11:04:31	7.68	0.02	214	164352	买盘
11:04:27	7.66	--	0	459	买盘
11:04:22	7.66	--	951	728466	买盘
11:04:16	7.66	--	70	53620	买盘
11:04:07	7.66	--	1013	775958	卖盘
11:04:01	7.66	--	5	3830	卖盘
11:03:57	7.66	--	100	76600	卖盘
11:03:52	7.66	--	57	43662	卖盘
11:03:46	7.66	--	25	19150	卖盘
11:03:42	7.66	-0.01	424	324784	卖盘
11:03:22	7.67	-0.01	514	394997	卖盘
11:03:16	7.68	--	2	1536	买盘
11:03:12	7.68	--	197	151319	卖盘
11:03:07	7.68	-0.01	210	161280	卖盘
11:02:52	7.69	--	80	61520	买盘
11:02:37	7.69	--	33	25377	卖盘
11:02:31	7.69	--	50	38450	卖盘
11:02:16	7.69	--	23	17687	卖盘
11:02:12	7.69	-0.01	36	27684	卖盘
11:02:07	7.7	--	60	46200	买盘
11:01:52	7.7	--	0	0	买盘
11:01:46	7.7	0.01	712	548586	买盘
11:01:37	7.69	--	9	6921	卖盘
11:01:31	7.69	-0.01	20	15380	卖盘
11:01:27	7.7	0.01	10	7700	买盘
11:01:07	7.69	--	129	99623	买盘
11:00:41	7.69	0.01	1	769	买盘
11:00:37	7.68	-0.01	5	3840	卖盘
11:00:31	7.69	--	1	769	买盘
11:00:27	7.69	--	40	30760	买盘
11:00:16	7.69	--	78	59982	买盘
11:00:10	7.69	--	1	769	买盘
10:59:52	7.69	0.01	88	67672	买盘
10:59:25	7.68	--	2	1536	卖盘
10:59:22	7.68	--	31	23808	卖盘
10:59:07	7.68	--	6	4608	卖盘
10:58:51	7.68	0.01	118	90992	买盘
10:58:36	7.67	-0.01	36	27612	卖盘
10:58:31	7.68	0.01	398	305664	买盘
10:58:25	7.67	--	19	14573	卖盘
10:58:16	7.67	-0.01	6	4602	卖盘
10:58:10	7.68	0.01	130	99840	买盘
10:58:06	7.67	--	10	7670	卖盘
10:57:55	7.67	--	214	164138	卖盘
10:57:51	7.67	-0.01	32	24544	卖盘
10:57:40	7.68	0.01	100	76800	买盘
10:57:16	7.67	--	10	7670	卖盘
10:57:10	7.67	-0.01	10	7670	卖盘
10:57:01	7.68	--	21	16128	买盘
10:56:55	7.68	--	43	33024	买盘
10:56:51	7.68	0.01	100	76800	买盘
10:56:40	7.67	-0.01	6	4602	卖盘
10:56:25	7.68	0.01	210	161280	买盘
10:56:16	7.67	--	30	23010	卖盘
10:56:10	7.67	-0.01	106	81302	卖盘
10:55:55	7.68	0.01	200	153600	买盘
10:55:40	7.67	-0.01	28	21476	卖盘
10:55:25	7.68	--	100	76800	买盘
10:55:21	7.68	--	4	3072	买盘
10:55:16	7.68	--	300	230400	买盘
10:55:06	7.68	0.01	35	26880	买盘
10:55:01	7.67	--	56	42952	卖盘
10:54:51	7.67	--	53	40651	卖盘
10:54:46	7.67	--	69	52923	卖盘
10:54:40	7.67	--	26	19942	卖盘
10:54:36	7.67	--	4	3068	卖盘
10:54:31	7.67	--	37	28379	卖盘
10:54:16	7.67	--	8	6136	卖盘
10:54:10	7.67	--	65	49855	卖盘
10:54:04	7.67	--	302	232094	卖盘
10:54:01	7.67	--	1	997	卖盘
10:53:55	7.67	--	29	22243	卖盘
10:53:49	7.67	-0.01	10	7670	卖盘
10:53:46	7.68	--	104	79872	买盘
10:53:40	7.68	--	119	91392	卖盘
10:53:31	7.68	--	62	47616	卖盘
10:53:25	7.68	--	13	9984	卖盘
10:53:16	7.68	--	13	9984	卖盘
10:53:00	7.68	-0.01	2	1536	卖盘
10:52:49	7.69	--	133	102277	买盘
10:52:46	7.69	--	6	4614	买盘
10:52:40	7.69	--	401	309022	卖盘
10:52:34	7.69	--	502	386038	卖盘
10:52:30	7.69	--	100	76900	卖盘
10:52:25	7.69	--	12	9228	卖盘
10:52:19	7.69	0.01	20	15495	买盘
10:52:15	7.68	-0.01	18	13824	卖盘
10:52:04	7.69	--	100	76900	买盘
10:52:00	7.69	--	14	10766	买盘
10:51:55	7.69	--	174	133806	买盘
10:51:40	7.69	--	15	11535	买盘
10:51:34	7.69	--	65	49985	买盘
10:51:25	7.69	0.01	10	7690	买盘
10:51:19	7.68	-0.01	137	105216	卖盘
10:51:15	7.69	--	2	1837	卖盘
10:51:10	7.69	--	79	60751	卖盘
10:50:55	7.69	--	128	98901	买盘
10:50:45	7.69	0.01	3	2307	买盘
10:50:40	7.68	-0.01	23	17664	中性盘
10:50:25	7.69	--	174	133806	买盘
10:50:19	7.69	0.02	7	5383	买盘
10:50:10	7.67	--	10	7823	卖盘
10:50:00	7.67	--	105	80535	卖盘
10:49:55	7.67	-0.01	224	171808	卖盘
10:49:49	7.68	--	122	94003	买盘
10:49:40	7.68	0.01	20	15360	买盘
10:49:34	7.67	-0.01	46	35282	卖盘
10:49:30	7.68	0.01	44	33792	买盘
10:49:25	7.67	--	202	154934	买盘
10:49:19	7.67	0.01	74	56758	买盘
10:49:10	7.66	-0.01	67	51322	卖盘
10:49:00	7.67	0.01	5	3835	买盘
10:48:55	7.66	--	0	0	卖盘
10:48:49	7.66	-0.01	228	174648	卖盘
10:48:25	7.67	--	11	8437	卖盘
10:48:19	7.67	-0.01	81	62127	卖盘
10:48:15	7.68	0.01	8	6144	买盘
10:48:10	7.67	-0.01	51	39117	卖盘
10:48:04	7.68	0.01	13	9984	买盘
10:47:58	7.67	-0.01	20	15340	卖盘
10:47:49	7.68	--	48	36864	买盘
10:47:43	7.68	--	952	731750	卖盘
10:47:40	7.68	--	1	768	卖盘
10:47:34	7.68	-0.01	3	2764	卖盘
10:47:25	7.69	--	57	43833	买盘
10:47:19	7.69	0.01	62	47678	买盘
10:47:13	7.68	-0.01	10	7680	卖盘
10:47:10	7.69	--	59	45371	买盘
10:46:58	7.69	--	1	769	买盘
10:46:55	7.69	--	115	88435	买盘
10:46:49	7.69	-0.01	94	72739	卖盘
10:46:43	7.7	0.01	13	10010	买盘
10:46:40	7.69	--	136	104584	卖盘
10:46:28	7.69	--	38	29222	卖盘
10:46:24	7.69	--	20	15380	卖盘
10:46:13	7.69	--	146	112274	卖盘
10:45:58	7.69	0.01	297	228708	买盘
10:45:43	7.68	--	101	77568	卖盘
10:45:39	7.68	-0.01	23	17664	卖盘
10:45:34	7.69	0.01	37	28453	买盘
10:45:28	7.68	-0.01	28	21964	卖盘
10:45:19	7.69	--	1	769	买盘
10:45:13	7.69	--	20	15380	买盘
10:45:04	7.69	--	50	38450	买盘
10:44:58	7.69	--	126	97347	卖盘
10:44:54	7.69	--	2	1538	卖盘
10:44:49	7.69	--	106	81514	卖盘
10:44:39	7.69	--	11	8459	卖盘
10:44:34	7.69	--	307	236398	买盘
10:44:28	7.69	--	105	80745	买盘
10:44:24	7.69	--	27	20763	买盘
10:44:19	7.69	--	22	16918	买盘
10:44:13	7.69	--	80	61520	买盘
10:43:58	7.69	0.01	213	163797	买盘
10:43:49	7.68	-0.01	1	768	卖盘
10:43:43	7.69	--	60	46140	买盘
10:43:39	7.69	--	505	388345	买盘
10:43:28	7.69	--	9	6921	买盘
10:43:24	7.69	-0.01	29	22754	卖盘
10:43:19	7.7	0.01	39	30030	买盘
10:43:13	7.69	--	10	7690	卖盘
10:43:04	7.69	--	26	19994	卖盘
10:42:58	7.69	--	10	7690	卖盘
10:42:54	7.69	--	169	130276	买盘
10:42:49	7.69	0.01	4	3076	买盘
10:42:39	7.68	--	106	81408	卖盘
10:42:34	7.68	-0.01	100	76800	卖盘
10:42:28	7.69	0.01	130	99970	买盘
10:42:24	7.68	-0.01	55	42240	中性盘
10:42:19	7.69	0.01	23	17687	买盘
10:42:13	7.68	-0.01	23	17664	卖盘
10:42:09	7.69	-0.01	158	121955	卖盘
10:42:04	7.7	0.01	338	260575	买盘
10:41:58	7.69	--	14	10766	卖盘
10:41:54	7.69	--	79	60751	卖盘
10:41:49	7.69	--	401	308369	买盘
10:41:43	7.69	0.01	100	76900	买盘
10:41:39	7.68	-0.01	21	16128	卖盘
10:41:34	7.69	--	68	52292	卖盘
10:41:28	7.69	--	30	23070	卖盘
10:41:22	7.69	-0.01	402	309138	卖盘
10:41:19	7.7	--	30	23100	买盘
10:41:13	7.7	0.01	415	319550	买盘
10:41:07	7.69	-0.01	22	16918	卖盘
10:40:58	7.7	0.01	1	770	买盘
10:40:52	7.69	--	20	15380	卖盘
10:40:43	7.69	--	130	99970	买盘
10:40:34	7.69	--	0	0	买盘
10:40:22	7.69	0.03	16	12304	买盘
10:40:19	7.66	-0.04	45	34470	卖盘
10:40:13	7.7	0.04	1000	770000	买盘
10:39:58	7.66	--	258	197628	买盘
10:39:48	7.66	0.01	8	6128	买盘
10:39:43	7.65	--	80	61200	卖盘
10:39:33	7.65	--	2	1530	卖盘
10:39:28	7.65	--	40	30676	卖盘
10:39:22	7.65	--	180	138235	买盘
10:39:18	7.65	0.01	11	8415	买盘
10:39:13	7.64	--	82	62648	卖盘
10:38:58	7.64	0.01	251	191764	买盘
10:38:52	7.63	-0.01	59	45017	卖盘
10:38:43	7.64	0.01	66	51111	买盘
10:38:37	7.63	--	27	20601	买盘
10:38:33	7.63	--	22	16786	买盘
10:38:28	7.63	-0.02	388	296120	卖盘
10:38:18	7.65	--	41	31747	卖盘
10:38:13	7.65	0.01	158	121252	买盘
10:38:07	7.64	0.01	120	91680	买盘
10:38:03	7.63	--	10	7630	卖盘
10:37:58	7.63	-0.01	14	11368	卖盘
10:37:52	7.64	0.01	47	35908	买盘
10:37:43	7.63	--	195	148785	买盘
10:37:37	7.63	--	165	125895	买盘
10:37:33	7.63	0.01	3	2289	买盘
10:37:28	7.62	-0.01	91	69342	卖盘
10:37:22	7.63	--	44	33572	买盘
10:37:18	7.63	--	22	16786	卖盘
10:37:13	7.63	--	99	75537	卖盘
10:37:07	7.63	--	36	27468	卖盘
10:36:58	7.63	--	473	360899	卖盘
10:36:52	7.63	--	62	47306	买盘
10:36:48	7.63	--	201	153363	买盘
10:36:37	7.63	0.01	32	24416	买盘
10:36:28	7.62	-0.01	132	100584	卖盘
10:36:22	7.63	--	28	21364	卖盘
10:36:18	7.63	0.01	1	763	中性盘
10:36:13	7.62	-0.01	163	124891	卖盘
10:36:07	7.63	0.01	377	287651	买盘
10:36:03	7.62	-0.01	100	76200	卖盘
10:35:58	7.63	0.01	60	45780	买盘
10:35:52	7.62	--	3	2286	卖盘
10:35:48	7.62	--	581	442722	卖盘
10:35:42	7.62	--	10	7620	卖盘
10:35:37	7.62	--	35	26670	卖盘
10:35:33	7.62	--	121	92202	卖盘
10:35:28	7.62	0.01	382	291084	卖盘
10:35:22	7.61	--	162	123282	卖盘
10:35:13	7.61	--	10	7610	卖盘
10:35:07	7.61	--	106	80666	卖盘
10:35:02	7.61	--	1020	776600	卖盘
10:34:58	7.61	--	1063	808943	卖盘
10:34:52	7.61	-0.01	73	55553	卖盘
10:34:43	7.62	--	10	7620	买盘
10:34:37	7.62	--	10	7620	买盘
10:34:31	7.62	--	205	156667	卖盘
10:34:28	7.62	--	80	60960	卖盘
10:34:22	7.62	--	59	44958	卖盘
10:34:16	7.62	--	23	17526	卖盘
10:34:13	7.62	-0.01	5	3810	卖盘
10:34:07	7.63	0.01	47	35861	买盘
10:33:57	7.62	-0.01	137	104394	卖盘
10:33:52	7.63	0.01	27	20601	买盘
10:33:46	7.62	--	20	15240	卖盘
10:33:42	7.62	--	55	41910	卖盘
10:33:37	7.62	--	160	121920	卖盘
10:33:31	7.62	-0.01	34	25908	卖盘
10:33:27	7.63	0.01	43	32809	买盘
10:33:22	7.62	-0.01	17	12954	卖盘
10:33:16	7.63	0.01	20	15260	买盘
10:33:12	7.62	--	296	225552	卖盘
10:33:07	7.62	--	10	7620	卖盘
10:33:01	7.62	--	3	2286	卖盘
10:32:57	7.62	--	35	26670	卖盘
10:32:52	7.62	--	154	117348	卖盘
10:32:46	7.62	-0.01	394	300228	卖盘
10:32:42	7.63	0.01	23	17549	买盘
10:32:37	7.62	-0.01	191	145542	卖盘
10:32:31	7.63	--	53	40439	买盘
10:32:22	7.63	--	21	16023	买盘
10:32:16	7.63	0.01	70	53410	买盘
10:32:12	7.62	-0.01	692	527304	卖盘
10:32:07	7.63	--	391	298638	卖盘
10:32:01	7.63	--	21	16023	卖盘
10:31:57	7.63	--	50	38150	卖盘
10:31:52	7.63	-0.01	2	1526	卖盘
10:31:46	7.64	0.01	37	28268	买盘
10:31:42	7.63	--	15	11445	卖盘
10:31:37	7.63	--	1	763	卖盘
10:31:31	7.63	-0.01	142	108346	卖盘
10:31:22	7.64	--	14	10772	卖盘
10:31:16	7.64	--	28	21392	卖盘
10:31:12	7.64	--	10	7640	卖盘
10:31:07	7.64	--	87	66468	卖盘
10:31:01	7.64	--	1	764	卖盘
10:30:57	7.64	--	10	7640	卖盘
10:30:52	7.64	--	6	4584	卖盘
10:30:46	7.64	--	43	33539	卖盘
10:30:31	7.64	--	27	20628	买盘
10:30:27	7.64	--	43	32852	卖盘
10:30:22	7.64	-0.01	33	25212	中性盘
10:30:16	7.65	0.01	400	306000	买盘
10:30:12	7.64	--	31	23684	买盘
10:30:07	7.64	--	28	21392	买盘
10:30:01	7.64	--	186	142104	卖盘
10:29:52	7.64	--	126	96264	卖盘
10:29:46	7.64	0.01	233	178470	买盘
10:29:42	7.63	--	12	9156	卖盘
10:29:37	7.63	--	87	66381	卖盘
10:29:31	7.63	0.01	4	3052	中性盘
10:29:27	7.62	-0.01	35	26670	卖盘
10:29:22	7.63	0.01	143	109490	买盘
10:29:16	7.62	-0.01	207	157734	卖盘
10:29:12	7.63	0.01	22	16786	买盘
10:29:07	7.62	--	5	3810	卖盘
10:29:01	7.62	--	8	6096	卖盘
10:28:57	7.62	--	14	10668	卖盘
10:28:52	7.62	--	356	271272	卖盘
10:28:46	7.62	--	224	171373	买盘
10:28:40	7.62	--	3	2286	买盘
10:28:37	7.62	-0.01	183	139522	卖盘
10:28:31	7.63	0.01	72	55622	买盘
10:28:25	7.62	--	70	53340	卖盘
10:28:21	7.62	--	5	3810	卖盘
10:28:16	7.62	--	108	82296	卖盘
10:28:10	7.62	--	63	48006	买盘
10:28:07	7.62	0.01	371	282702	买盘
10:28:01	7.61	-0.01	87	66207	卖盘
10:27:55	7.62	0.01	120	91440	卖盘
10:27:51	7.61	-0.02	806	613366	卖盘
10:27:46	7.63	0.01	8	6104	买盘
10:27:40	7.62	-0.01	30	22860	卖盘
10:27:36	7.63	--	0	0	买盘
10:27:31	7.63	--	16	12208	买盘
10:27:25	7.63	-0.01	13	9919	卖盘
10:27:16	7.64	-0.01	6	4584	中性盘
10:27:10	7.65	0.04	19	14535	买盘
10:27:06	7.61	-0.04	3846	2927186	卖盘
10:27:01	7.65	--	428	327420	买盘
10:26:55	7.65	0.01	37	28305	买盘
10:26:51	7.64	-0.01	15	11460	卖盘
10:26:40	7.65	--	10	7650	买盘
10:26:25	7.65	0.01	82	62730	买盘
10:26:21	7.64	--	1	993	卖盘
10:26:16	7.64	-0.01	39	29796	卖盘
10:26:10	7.65	--	130	99450	买盘
10:26:06	7.65	--	28	21420	买盘
10:26:01	7.65	--	3	2295	买盘
10:25:55	7.65	--	98	74970	买盘
10:25:51	7.65	--	104	79560	卖盘
10:25:46	7.65	--	313	239445	卖盘
10:25:40	7.65	-0.01	204	156060	卖盘
10:25:36	7.66	--	35	26810	买盘
10:25:31	7.66	--	93	71238	买盘
10:25:21	7.66	0.01	4	3064	买盘
10:25:16	7.65	--	78	59670	卖盘
10:25:10	7.65	-0.01	109	83385	卖盘
10:25:06	7.66	0.01	10	7660	买盘
10:25:01	7.65	-0.01	43	32895	卖盘
10:24:55	7.66	--	11	8426	买盘
10:24:51	7.66	0.01	51	39066	买盘
10:24:46	7.65	-0.01	108	82620	卖盘
10:24:40	7.66	0.01	20	15320	买盘
10:24:36	7.65	--	6	4590	卖盘
10:24:31	7.65	--	10	7650	卖盘
10:24:25	7.65	--	141	107865	卖盘
10:24:16	7.65	-0.01	9	6885	卖盘
10:24:10	7.66	0.01	6	4596	买盘
10:24:06	7.65	--	24	18360	卖盘
10:24:01	7.65	-0.01	20	15300	卖盘
10:23:55	7.66	0.01	50	38300	买盘
10:23:51	7.65	-0.01	106	81090	卖盘
10:23:46	7.66	--	30	22980	买盘
10:23:40	7.66	0.01	3	2298	买盘
10:23:31	7.65	--	208	159120	买盘
10:23:25	7.65	--	23	17595	买盘
10:23:16	7.65	--	16	12240	买盘
10:23:10	7.65	--	157	120411	卖盘
10:23:06	7.65	--	89	68544	买盘
10:23:01	7.65	--	117	89505	买盘
10:22:51	7.65	--	71	54315	买盘
10:22:46	7.65	--	376	287869	卖盘
10:22:40	7.65	--	86	66325	买盘
10:22:34	7.65	--	40	30600	买盘
10:22:31	7.65	--	31	23715	买盘
10:22:25	7.65	--	13	9945	买盘
10:22:19	7.65	--	28	21420	买盘
10:22:16	7.65	0.01	63	48195	买盘
10:22:10	7.64	-0.01	132	100848	卖盘
10:22:04	7.65	0.01	114	87210	买盘
10:22:00	7.64	-0.01	1	764	卖盘
10:21:55	7.65	--	105	80325	买盘
10:21:49	7.65	0.01	34	26010	买盘
10:21:45	7.64	--	40	30560	卖盘
10:21:40	7.64	-0.01	222	169608	卖盘
10:21:34	7.65	0.01	1	765	买盘
10:21:30	7.64	--	14	10696	卖盘
10:21:25	7.64	-0.01	183	139812	卖盘
10:21:19	7.65	0.01	28	21420	买盘
10:21:15	7.64	--	60	45840	买盘
10:21:10	7.64	--	315	240660	买盘
10:21:04	7.64	0.01	315	240660	买盘
10:21:00	7.63	-0.01	70	53410	卖盘
10:20:55	7.64	--	96	73344	买盘
10:20:49	7.64	0.01	50	38200	买盘
10:20:45	7.63	-0.01	31	23653	卖盘
10:20:40	7.64	0.01	5	3820	买盘
10:20:34	7.63	-0.01	81	61803	卖盘
10:20:30	7.64	0.01	11	8404	买盘
10:20:25	7.63	--	182	138866	卖盘
10:20:19	7.63	-0.01	168	128184	卖盘
10:20:15	7.64	--	4	3056	买盘
10:20:10	7.64	0.01	4	3056	买盘
10:20:04	7.63	-0.01	326	248738	卖盘
10:20:00	7.64	--	10	7640	卖盘
10:19:55	7.64	--	147	112308	卖盘
10:19:49	7.64	0.01	77	58904	买盘
10:19:45	7.63	-0.01	237	181517	卖盘
10:19:40	7.64	0.01	111	84880	中性盘
10:19:34	7.63	--	268	204484	卖盘
10:19:30	7.63	-0.01	122	93086	卖盘
10:19:25	7.64	0.01	196	149744	买盘
10:19:19	7.63	--	51	38913	买盘
10:19:15	7.63	--	10	7630	买盘
10:19:10	7.63	-0.01	617	470771	卖盘
10:19:04	7.64	--	111	84804	卖盘
10:19:00	7.64	-0.01	5	3820	卖盘
10:18:55	7.65	--	20	15300	买盘
10:18:49	7.65	-0.01	189	144891	卖盘
10:18:45	7.66	--	412	315592	买盘
10:18:40	7.66	--	1066	816785	买盘
10:18:34	7.66	0.01	21	16086	买盘
10:18:30	7.65	-0.01	3	2295	卖盘
10:18:25	7.66	--	161	123326	卖盘
10:18:19	7.66	--	365	279590	卖盘
10:18:15	7.66	--	11	8426	卖盘
10:18:10	7.66	--	1499	1148463	卖盘
10:18:04	7.66	-0.01	5	3830	卖盘
10:18:00	7.67	--	40	30680	买盘
10:17:55	7.67	--	718	551396	卖盘
10:17:49	7.67	-0.01	106	81302	卖盘
10:17:45	7.68	--	56	43008	买盘
10:17:40	7.68	--	3	2304	买盘
10:17:34	7.68	0.01	29	22348	买盘
10:17:30	7.67	--	20	15340	卖盘
10:17:25	7.67	--	113	86671	卖盘
10:17:19	7.67	--	1	767	卖盘
10:17:15	7.67	--	118	90506	卖盘
10:17:10	7.67	--	34	26078	卖盘
10:17:04	7.67	--	21	16107	卖盘
10:17:00	7.67	-0.01	12	9204	卖盘
10:16:49	7.68	--	12	9216	买盘
10:16:45	7.68	--	57	43776	卖盘
10:16:40	7.68	--	42	32256	卖盘
10:16:34	7.68	--	11	8448	卖盘
10:16:30	7.68	--	22	16896	卖盘
10:16:25	7.68	--	67	51456	卖盘
10:16:19	7.68	--	80	61440	卖盘
10:16:13	7.68	-0.01	10	7680	卖盘
10:16:04	7.69	0.01	67	51523	买盘
10:15:58	7.68	--	30	23040	卖盘
10:15:55	7.68	--	89	68352	卖盘
10:15:49	7.68	--	63	48384	卖盘
10:15:43	7.68	--	1	768	卖盘
10:15:39	7.68	-0.01	60	46080	卖盘
10:15:34	7.69	0.01	400	307600	买盘
10:15:24	7.68	--	1306	1003008	卖盘
10:15:19	7.68	-0.01	77	59136	卖盘
10:15:13	7.69	--	100	76900	买盘
10:15:09	7.69	--	10	7690	买盘
10:14:58	7.69	--	271	208399	卖盘
10:14:49	7.69	--	218	167642	卖盘
10:14:39	7.69	--	2	1538	卖盘
10:14:34	7.69	--	13	9997	卖盘
10:14:28	7.69	--	43	33067	卖盘
10:14:24	7.69	--	15	11535	卖盘
10:14:19	7.69	-0.01	13	9997	卖盘
10:14:13	7.7	0.01	35	26950	买盘
10:14:09	7.69	-0.01	11	8459	卖盘
10:14:04	7.7	0.01	4	3080	买盘
10:13:54	7.69	-0.01	1	769	卖盘
10:13:49	7.7	0.01	20	15400	买盘
10:13:34	7.69	--	5	3845	卖盘
10:13:28	7.69	--	17	13073	卖盘
10:13:24	7.69	--	7	5383	卖盘
10:13:19	7.69	--	24	18456	卖盘
10:13:13	7.69	--	523	402187	卖盘
10:13:04	7.69	--	92	70748	卖盘
10:12:49	7.69	-0.01	32	24608	卖盘
10:12:43	7.7	0.01	39	30030	买盘
10:12:39	7.69	-0.01	1	769	卖盘
10:12:34	7.7	0.01	218	167860	买盘
10:12:28	7.69	--	18	13842	卖盘
10:12:24	7.69	--	105	80745	卖盘
10:12:19	7.69	--	2	1538	卖盘
10:12:13	7.69	--	5	3845	卖盘
10:12:04	7.69	--	222	170718	卖盘
10:11:58	7.69	--	79	60751	卖盘
10:11:43	7.69	--	11	8459	卖盘
10:11:28	7.69	--	12	9228	卖盘
10:11:24	7.69	-0.01	63	48447	卖盘
10:11:19	7.7	0.01	45	34650	买盘
10:11:13	7.69	--	11	8459	卖盘
10:10:58	7.69	-0.01	19	14611	卖盘
10:10:49	7.7	--	23	17710	买盘
10:10:43	7.7	--	139	107030	买盘
10:10:33	7.7	0.01	165	127050	买盘
10:10:28	7.69	--	8	6152	卖盘
10:10:24	7.69	--	16	12304	卖盘
10:10:18	7.69	--	146	112274	卖盘
10:10:13	7.69	-0.01	60	46140	卖盘
10:10:09	7.7	--	10	7700	买盘
10:10:04	7.7	--	42	32340	买盘
10:09:58	7.7	--	137	106183	卖盘
10:09:54	7.7	--	47	36190	卖盘
10:09:43	7.7	--	17	13090	卖盘
10:09:34	7.7	--	27	20790	卖盘
10:09:28	7.7	--	3	2541	卖盘
10:09:22	7.7	--	200	154616	买盘
10:09:18	7.7	--	79	60830	买盘
10:09:13	7.7	--	20	15400	买盘
10:09:07	7.7	--	30	23100	买盘
10:09:03	7.7	--	2	1540	买盘
10:08:58	7.7	--	40	30800	买盘
10:08:43	7.7	--	22	16940	买盘
10:08:37	7.7	--	20	15400	买盘
10:08:28	7.7	--	79	60830	买盘
10:08:22	7.7	--	40	30800	买盘
10:08:18	7.7	0.01	2	1540	买盘
10:08:13	7.69	-0.01	141	108429	卖盘
10:08:07	7.7	0.01	60	46200	买盘
10:07:58	7.69	--	50	38450	卖盘
10:07:48	7.69	0.01	99	76131	买盘
10:07:43	7.68	-0.01	102	78336	卖盘
10:07:37	7.69	--	61	46909	买盘
10:07:28	7.69	0.01	446	342974	买盘
10:07:18	7.68	--	3	2995	卖盘
10:07:13	7.68	--	67	51456	卖盘
10:07:07	7.68	--	272	208896	买盘
10:07:03	7.68	--	5	3840	买盘
10:06:58	7.68	--	56	43008	买盘
10:06:52	7.68	--	53	40704	买盘
10:06:48	7.68	--	31	23808	买盘
10:06:43	7.68	--	123	94464	买盘
10:06:37	7.68	0.01	111	85248	买盘
10:06:33	7.67	-0.01	28	21476	卖盘
10:06:28	7.68	--	172	132096	买盘
10:06:22	7.68	--	15	11520	买盘
10:06:18	7.68	--	2	1536	买盘
10:06:13	7.68	-0.01	229	176563	卖盘
10:06:07	7.69	--	456	350664	买盘
10:05:58	7.69	0.01	25	19225	买盘
10:05:52	7.68	--	67	51456	卖盘
10:05:43	7.68	-0.01	26	19968	卖盘
10:05:37	7.69	--	18	13842	买盘
10:05:33	7.69	--	43	33067	买盘
10:05:28	7.69	--	18	13842	买盘
10:05:22	7.69	--	37	28453	买盘
10:05:13	7.69	0.01	23	17687	买盘
10:05:07	7.68	-0.01	16	12288	卖盘
10:05:03	7.69	0.01	43	33067	买盘
10:04:58	7.68	-0.02	8	6144	卖盘
10:04:52	7.7	0.02	108	83160	买盘
10:04:37	7.68	-0.02	30	23040	卖盘
10:04:28	7.7	0.01	29	22330	买盘
10:04:22	7.69	0.01	28	21532	买盘
10:04:18	7.68	--	30	23040	卖盘
10:04:13	7.68	-0.01	161	123648	卖盘
10:04:07	7.69	0.01	15	11535	买盘
10:03:57	7.68	-0.01	48	36864	卖盘
10:03:52	7.69	0.01	4	3076	买盘
10:03:48	7.68	--	64	49152	卖盘
10:03:43	7.68	--	15	11520	卖盘
10:03:37	7.68	--	39	30028	买盘
10:03:31	7.68	--	30	23040	买盘
10:03:27	7.68	--	99	76032	买盘
10:03:22	7.68	--	96	73728	买盘
10:03:16	7.68	0.01	111	85248	买盘
10:03:13	7.67	--	25	19175	卖盘
10:03:07	7.67	--	16	12272	卖盘
10:03:02	7.67	--	45	34898	卖盘
10:02:58	7.67	--	9	6903	卖盘
10:02:52	7.67	-0.01	20	15340	卖盘
10:02:46	7.68	0.01	5	3840	买盘
10:02:42	7.67	--	15	11505	卖盘
10:02:37	7.67	-0.01	132	101244	卖盘
10:02:31	7.68	0.01	57	43776	买盘
10:02:27	7.67	--	71	54457	买盘
10:02:22	7.67	-0.01	162	124254	卖盘
10:02:16	7.68	0.01	82	62976	买盘
10:02:12	7.67	-0.01	346	265382	卖盘
10:02:07	7.68	0.01	20	15360	买盘
10:01:57	7.67	-0.01	21	16107	卖盘
10:01:52	7.68	0.01	82	62976	买盘
10:01:46	7.67	--	35	26845	卖盘
10:01:42	7.67	--	61	46787	卖盘
10:01:37	7.67	0.01	18	13806	卖盘
10:01:31	7.66	--	0	0	卖盘
10:01:27	7.66	-0.01	25	19150	卖盘
10:01:22	7.67	0.01	158	121186	买盘
10:01:16	7.66	-0.01	139	106474	卖盘
10:01:12	7.67	--	33	25311	买盘
10:01:07	7.67	--	90	69260	买盘
10:01:01	7.67	--	79	60593	买盘
10:00:57	7.67	--	3	2301	买盘
10:00:52	7.67	--	27	20709	买盘
10:00:46	7.67	-0.01	300	230636	卖盘
10:00:42	7.68	0.01	14	10752	买盘
10:00:37	7.67	-0.01	41	31447	卖盘
10:00:31	7.68	--	26	19968	买盘
10:00:27	7.68	0.01	19	14592	买盘
10:00:22	7.67	--	23	17641	卖盘
10:00:16	7.67	-0.02	183	140361	卖盘
10:00:07	7.69	--	10	7690	买盘
10:00:01	7.69	0.02	20	15380	中性盘
09:59:57	7.67	-0.01	1794	1376381	卖盘
09:59:52	7.68	-0.01	7	5376	卖盘
09:59:46	7.69	--	13	9997	买盘
09:59:42	7.69	0.01	94	72286	买盘
09:59:37	7.68	--	7	6067	卖盘
09:59:31	7.68	-0.01	38	29184	卖盘
09:59:27	7.69	0.01	116	89204	买盘
09:59:22	7.68	-0.01	64	49152	卖盘
09:59:16	7.69	--	46	35374	买盘
09:59:07	7.69	--	47	36143	买盘
09:59:01	7.69	0.01	12	9228	买盘
09:58:52	7.68	--	101	77568	卖盘
09:58:46	7.68	--	49	37632	卖盘
09:58:42	7.68	-0.01	1000	768000	卖盘
09:58:37	7.69	--	50	38450	卖盘
09:58:31	7.69	--	225	173025	卖盘
09:58:27	7.69	-0.01	2	1538	卖盘
09:58:22	7.7	--	139	107030	买盘
09:58:16	7.7	0.01	334	257180	买盘
09:58:12	7.69	-0.01	11	8689	卖盘
09:58:07	7.7	--	92	70840	买盘
09:57:51	7.7	--	63	48510	卖盘
09:57:46	7.7	0.01	54	41580	卖盘
09:57:42	7.69	-0.02	87	66903	卖盘
09:57:36	7.71	0.01	41	32227	买盘
09:57:31	7.7	--	25	19635	卖盘
09:57:22	7.7	--	10	7700	卖盘
09:57:12	7.7	-0.01	56	43120	卖盘
09:57:06	7.71	0.01	43	33307	买盘
09:57:01	7.7	--	140	107800	卖盘
09:56:55	7.7	--	9	6930	卖盘
09:56:51	7.7	--	55	42350	卖盘
09:56:46	7.7	0.01	110	85085	买盘
09:56:40	7.69	--	32	24608	卖盘
09:56:37	7.69	-0.01	15	11535	卖盘
09:56:31	7.7	--	47	36190	卖盘
09:56:25	7.7	0.01	56	43120	买盘
09:56:21	7.69	-0.02	30	23070	卖盘
09:56:16	7.71	0.01	144	111563	买盘
09:56:06	7.7	0.01	546	420420	买盘
09:56:01	7.69	-0.01	42	32298	卖盘
09:55:55	7.7	--	135	103950	买盘
09:55:51	7.7	0.01	19	14630	买盘
09:55:46	7.69	-0.01	171	132114	卖盘
09:55:36	7.7	--	560	431354	买盘
09:55:31	7.7	0.01	261	200970	买盘
09:55:25	7.69	--	23	17687	卖盘
09:55:21	7.69	-0.01	150	115350	卖盘
09:55:16	7.7	0.01	87	67683	买盘
09:55:10	7.69	--	110	84590	卖盘
09:55:06	7.69	--	3	2307	卖盘
09:55:01	7.69	--	68	52292	卖盘
09:54:51	7.69	--	37	28453	买盘
09:54:46	7.69	--	83	63827	卖盘
09:54:36	7.69	--	98	75362	买盘
09:54:31	7.69	--	172	132268	买盘
09:54:25	7.69	--	411	316059	卖盘
09:54:21	7.69	--	102	78438	卖盘
09:54:16	7.69	--	64	49216	卖盘
09:54:10	7.69	--	13	9997	卖盘
09:54:06	7.69	--	79	60751	卖盘
09:54:01	7.69	--	3	2307	卖盘
09:53:55	7.69	-0.01	408	313905	卖盘
09:53:51	7.7	--	92	70840	卖盘
09:53:46	7.7	--	135	103950	卖盘
09:53:40	7.7	--	219	168630	卖盘
09:53:36	7.7	--	3	2310	卖盘
09:53:31	7.7	-0.01	196	151305	卖盘
09:53:25	7.71	--	266	205471	买盘
09:53:21	7.71	--	28	21588	买盘
09:53:16	7.71	0.01	20	15420	买盘
09:53:10	7.7	-0.01	147	113190	卖盘
09:53:01	7.71	--	55	42405	买盘
09:52:55	7.71	--	55	42405	买盘
09:52:51	7.71	0.01	54	41634	买盘
09:52:46	7.7	-0.01	172	132440	卖盘
09:52:40	7.71	-0.01	186	143714	卖盘
09:52:36	7.72	0.01	12	9264	买盘
09:52:31	7.71	--	46	36082	卖盘
09:52:25	7.71	-0.01	13	10023	卖盘
09:52:21	7.72	0.01	48	37056	买盘
09:52:16	7.71	--	69	53353	卖盘
09:52:10	7.71	--	337	259827	卖盘
09:52:06	7.71	--	46	35697	卖盘
09:52:01	7.71	-0.01	145	111795	卖盘
09:51:55	7.72	0.01	400	308800	买盘
09:51:46	7.71	--	102	78642	卖盘
09:51:40	7.71	--	58	44718	卖盘
09:51:31	7.71	--	61	47031	卖盘
09:51:21	7.71	--	50	38550	卖盘
09:51:16	7.71	--	21	16191	卖盘
09:51:10	7.71	-0.01	58	44949	卖盘
09:51:01	7.72	-0.01	43	33890	卖盘
09:50:55	7.73	0.01	27	20871	买盘
09:50:51	7.72	--	5	3860	卖盘
09:50:45	7.72	--	14	10808	卖盘
09:50:40	7.72	0.01	615	474857	买盘
09:50:36	7.71	--	124	96297	卖盘
09:50:30	7.71	--	11	8481	卖盘
09:50:25	7.71	--	640	493902	卖盘
09:50:21	7.71	--	6	4626	卖盘
09:50:15	7.71	--	122	94062	卖盘
09:50:10	7.71	--	12	9252	卖盘
09:50:05	7.71	--	2	1542	卖盘
09:50:01	7.71	--	163	125673	卖盘
09:49:55	7.71	--	23	17733	卖盘
09:49:50	7.71	--	16	12336	卖盘
09:49:46	7.71	--	193	149342	卖盘
09:49:40	7.71	--	110	84810	卖盘
09:49:34	7.71	--	4	3084	卖盘
09:49:30	7.71	--	41	31611	卖盘
09:49:25	7.71	-0.01	15	11565	卖盘
09:49:19	7.72	--	30	23160	买盘
09:49:15	7.72	--	40	31574	买盘
09:49:10	7.72	--	16	12352	买盘
09:49:04	7.72	0.01	49	37828	买盘
09:49:00	7.71	--	572	441012	卖盘
09:48:55	7.71	--	21	16191	卖盘
09:48:45	7.71	--	2	1773	卖盘
09:48:40	7.71	--	7	5859	卖盘
09:48:30	7.71	--	85	65535	卖盘
09:48:25	7.71	--	35	26985	卖盘
09:48:19	7.71	--	7	5397	卖盘
09:48:15	7.71	--	522	402462	买盘
09:48:10	7.71	--	145	111795	卖盘
09:48:04	7.71	--	10	7710	卖盘
09:48:00	7.71	--	85	65535	卖盘
09:47:55	7.71	--	35	26985	卖盘
09:47:49	7.71	-0.01	131	101001	卖盘
09:47:40	7.72	--	404	311888	买盘
09:47:34	7.72	0.01	105	81060	买盘
09:47:30	7.71	-0.01	1	771	卖盘
09:47:25	7.72	0.01	35	27020	买盘
09:47:19	7.71	-0.01	20	15420	卖盘
09:47:15	7.72	--	500	386000	卖盘
09:47:10	7.72	-0.01	33	25476	卖盘
09:47:04	7.73	--	40	30920	买盘
09:47:00	7.73	--	48	37104	买盘
09:46:55	7.73	--	255	197424	卖盘
09:46:49	7.73	--	75	57975	卖盘
09:46:45	7.73	--	20	15460	卖盘
09:46:40	7.73	--	240	185520	卖盘
09:46:34	7.73	--	14	10822	卖盘
09:46:30	7.73	--	301	233136	买盘
09:46:25	7.73	--	51	39423	买盘
09:46:19	7.73	--	246	190158	买盘
09:46:15	7.73	--	4	3092	买盘
09:46:10	7.73	-0.01	473	365938	卖盘
09:46:04	7.74	--	193	149382	买盘
09:46:00	7.74	--	15	11610	买盘
09:45:55	7.74	--	261	202014	买盘
09:45:49	7.74	0.01	7	5418	买盘
09:45:45	7.73	-0.01	28	21644	卖盘
09:45:40	7.74	--	20	15944	买盘
09:45:34	7.74	0.01	14	10836	买盘
09:45:30	7.73	--	185	143005	卖盘
09:45:25	7.73	--	0	0	中性盘
09:45:19	7.73	--	551	425923	买盘
09:45:15	7.73	0.01	30	23190	买盘
09:45:10	7.72	-0.01	52	40452	卖盘
09:45:04	7.73	0.01	36	27828	买盘
09:45:00	7.72	--	4	3088	卖盘
09:44:55	7.72	--	61	47092	卖盘
09:44:49	7.72	--	54	41765	卖盘
09:44:45	7.72	--	41	31652	买盘
09:44:40	7.72	0.01	32	24704	买盘
09:44:34	7.71	-0.01	19	14649	卖盘
09:44:30	7.72	0.01	1	772	买盘
09:44:24	7.71	--	23	17733	卖盘
09:44:19	7.71	0.01	75	57979	买盘
09:44:15	7.7	-0.01	4	3080	卖盘
09:44:10	7.71	--	173	133383	买盘
09:44:04	7.71	--	89	69081	买盘
09:43:54	7.71	0.01	44	33924	买盘
09:43:49	7.7	-0.01	7	5390	卖盘
09:43:45	7.71	0.01	140	107940	买盘
09:43:39	7.7	--	739	569030	卖盘
09:43:29	7.7	--	75	57750	卖盘
09:43:24	7.7	-0.01	62	47740	卖盘
09:43:19	7.71	0.01	356	274476	买盘
09:43:14	7.7	--	127	97790	买盘
09:43:09	7.7	--	4	3080	买盘
09:43:04	7.7	--	790	608300	买盘
09:42:58	7.7	--	36	27720	买盘
09:42:54	7.7	0.01	118	90860	买盘
09:42:49	7.69	-0.01	155	119195	卖盘
09:42:43	7.7	--	3	2310	买盘
09:42:39	7.7	--	66	50820	买盘
09:42:34	7.7	-0.01	400	308000	卖盘
09:42:28	7.71	--	40	30840	买盘
09:42:24	7.71	--	699	538929	买盘
09:42:19	7.71	0.01	50	38550	买盘
09:42:13	7.7	-0.01	121	93170	卖盘
09:42:09	7.71	--	63	48573	买盘
09:41:54	7.71	-0.01	1240	956040	卖盘
09:41:43	7.72	-0.01	10	7720	卖盘
09:41:39	7.73	--	50	38650	买盘
09:41:34	7.73	--	161	124453	买盘
09:41:24	7.73	--	20	15460	买盘
09:41:19	7.73	0.01	158	122134	买盘
09:41:13	7.72	-0.01	80	61760	卖盘
09:41:09	7.73	--	84	64932	卖盘
09:41:04	7.73	-0.01	209	161557	卖盘
09:40:58	7.74	0.01	365	282510	买盘
09:40:49	7.73	--	14	10822	卖盘
09:40:43	7.73	0.01	20	15460	卖盘
09:40:39	7.72	0.01	4	3088	卖盘
09:40:34	7.71	-0.01	910	701610	卖盘
09:40:28	7.72	--	119	92485	卖盘
09:40:24	7.72	-0.01	40	30880	卖盘
09:40:19	7.73	--	93	72120	买盘
09:40:13	7.73	0.01	140	108220	买盘
09:40:09	7.72	--	32	24704	卖盘
09:40:04	7.72	--	74	57128	卖盘
09:39:58	7.72	0.01	366	283246	买盘
09:39:49	7.71	--	6	4626	卖盘
09:39:43	7.71	0.01	147	113337	买盘
09:39:39	7.7	-0.01	52	40040	卖盘
09:39:34	7.71	--	45	34695	买盘
09:39:28	7.71	0.01	56	43176	买盘
09:39:24	7.7	--	7	5390	卖盘
09:39:19	7.7	--	31	23870	卖盘
09:39:13	7.7	0.01	291	224070	买盘
09:39:09	7.69	-0.01	21	16149	卖盘
09:39:04	7.7	0.01	594	457380	买盘
09:38:58	7.69	--	58	44602	买盘
09:38:54	7.69	--	10	7690	买盘
09:38:49	7.69	--	202	155338	卖盘
09:38:43	7.69	0.01	246	189404	买盘
09:38:39	7.68	-0.01	61	46848	卖盘
09:38:34	7.69	0.01	61	46909	买盘
09:38:28	7.68	--	78	59904	卖盘
09:38:24	7.68	--	76	58368	卖盘
09:38:19	7.68	0.01	98	75571	买盘
09:38:13	7.67	-0.01	485	371995	卖盘
09:38:09	7.68	--	90	69120	买盘
09:38:04	7.68	0.01	442	339456	买盘
09:37:58	7.67	--	898	688766	卖盘
09:37:54	7.67	-0.01	57	43719	卖盘
09:37:49	7.68	--	146	112128	买盘
09:37:43	7.68	--	312	239616	买盘
09:37:39	7.68	0.01	53	40704	买盘
09:37:33	7.67	-0.01	74	56758	卖盘
09:37:28	7.68	--	49	37632	买盘
09:37:24	7.68	0.01	11	8448	买盘
09:37:19	7.67	-0.01	56	42952	卖盘
09:37:13	7.68	--	73	56064	买盘
09:37:07	7.68	--	22	16896	卖盘
09:37:03	7.68	--	85	65280	卖盘
09:36:58	7.68	0.01	27	20736	买盘
09:36:53	7.67	-0.01	150	115050	卖盘
09:36:48	7.68	--	177	135936	卖盘
09:36:43	7.68	-0.01	172	132096	中性盘
09:36:37	7.69	0.01	102	78438	买盘
09:36:33	7.68	-0.01	49	37632	中性盘
09:36:28	7.69	--	230	176870	买盘
09:36:22	7.69	--	22	16918	买盘
09:36:18	7.69	--	136	104584	买盘
09:36:13	7.69	-0.01	220	169180	卖盘
09:36:07	7.7	--	236	181720	买盘
09:36:03	7.7	0.01	120	92400	卖盘
09:35:58	7.69	-0.01	150	115350	卖盘
09:35:52	7.7	--	39	30030	卖盘
09:35:48	7.7	--	51	39270	买盘
09:35:43	7.7	--	69	53130	买盘
09:35:37	7.7	-0.03	418	321860	卖盘
09:35:33	7.73	-0.01	1061	820153	买盘
09:35:28	7.74	0.01	97	75542	买盘
09:35:22	7.73	-0.01	241	186293	卖盘
09:35:18	7.74	--	73	56502	买盘
09:35:13	7.74	0.01	61	47214	买盘
09:35:07	7.73	--	17	13141	卖盘
09:35:03	7.73	--	420	324660	卖盘
09:34:58	7.73	-0.01	360	278280	卖盘
09:34:52	7.74	0.01	48	37152	买盘
09:34:48	7.73	-0.01	134	103582	卖盘
09:34:43	7.74	--	16	12384	买盘
09:34:37	7.74	-0.01	146	113004	卖盘
09:34:33	7.75	0.01	64	49600	买盘
09:34:28	7.74	--	42	32508	卖盘
09:34:13	7.74	0.01	115	89010	买盘
09:34:07	7.73	-0.01	30	23190	卖盘
09:33:58	7.74	--	294	227710	买盘
09:33:52	7.74	0.01	540	418114	买盘
09:33:43	7.73	-0.01	144	111312	卖盘
09:33:37	7.74	0.01	138	106812	买盘
09:33:33	7.73	-0.01	14	10822	卖盘
09:33:28	7.74	--	29	22446	买盘
09:33:22	7.74	0.01	40	30960	买盘
09:33:18	7.73	--	4	3092	卖盘
09:33:13	7.73	--	107	82711	卖盘
09:33:07	7.73	--	10	7730	卖盘
09:33:03	7.73	--	698	539554	买盘
09:32:58	7.73	--	27	20871	买盘
09:32:51	7.73	--	240	185520	买盘
09:32:48	7.73	--	7	5411	买盘
09:32:43	7.73	--	175	135275	卖盘
09:32:37	7.73	--	213	164649	卖盘
09:32:33	7.73	--	20	15460	卖盘
09:32:28	7.73	0.01	141	108993	买盘
09:32:22	7.72	-0.01	284	219248	卖盘
09:32:18	7.73	--	5	3865	买盘
09:32:13	7.73	-0.01	576	445248	卖盘
09:32:07	7.74	--	170	131580	卖盘
09:32:03	7.74	--	115	89010	卖盘
09:31:58	7.74	--	90	69660	卖盘
09:31:52	7.74	-0.02	202	156348	卖盘
09:31:48	7.76	0.02	10	7760	买盘
09:31:43	7.74	-0.02	178	137772	卖盘
09:31:37	7.76	--	238	184688	买盘
09:31:33	7.76	0.02	73	56648	买盘
09:31:28	7.74	-0.02	462	357588	卖盘
09:31:22	7.76	--	162	125712	卖盘
09:31:18	7.76	--	80	62080	卖盘
09:31:12	7.76	--	193	149768	买盘
09:31:07	7.76	--	164	127264	买盘
09:30:57	7.76	0.01	321	249096	买盘
09:30:52	7.75	0.01	345	267375	买盘
09:30:48	7.74	--	0	0	买盘
09:30:42	7.74	0.02	183	142106	买盘
09:30:37	7.72	--	73	56356	卖盘
09:30:27	7.72	--	16	12352	卖盘
09:30:12	7.72	0.01	521	402520	买盘
09:30:07	7.71	-0.01	1242	957582	中性盘
09:30:01	7.72	--	35	27020	买盘
09:28:51	7.72	--	0	0	买盘
09:25:06	7.72	7.72	544	419968	买盘
