成交时间	成交价	价格变动	成交量(手)	成交额(元)	性质
15:00:00	13.16	--	0	0	卖盘
15:00:00	13.16	-0.01	0	0	卖盘
14:59:59	13.17	--	50	65850	买盘
14:59:49	13.17	0.01	26	34242	买盘
14:59:38	13.16	--	10	13160	卖盘
14:59:34	13.16	0.01	32	42177	买盘
14:59:29	13.15	-0.01	78	102570	卖盘
14:59:23	13.16	--	7	9212	买盘
14:59:19	13.16	--	17	22372	买盘
14:59:08	13.16	--	37	48692	买盘
14:59:04	13.16	0.01	15	19740	买盘
14:58:59	13.15	-0.01	75	98625	卖盘
14:58:53	13.16	0.01	10	13160	买盘
14:58:49	13.15	-0.01	227	298505	卖盘
14:58:44	13.16	--	37	48692	买盘
14:58:38	13.16	0.01	18	23688	买盘
14:58:34	13.15	-0.01	183	240645	卖盘
14:58:29	13.16	--	55	72380	买盘
14:58:19	13.16	-0.01	136	180226	卖盘
14:58:04	13.17	--	33	43790	买盘
14:57:38	13.17	--	9	11853	买盘
14:57:34	13.17	0.01	28	37929	买盘
14:57:23	13.16	--	122	160552	卖盘
14:57:19	13.16	--	45	59220	卖盘
14:56:59	13.16	--	23	30268	卖盘
14:56:53	13.16	--	16	21056	卖盘
14:56:49	13.16	--	7	9212	卖盘
14:56:44	13.16	--	41	53956	中性盘
14:56:38	13.16	--	5	6580	卖盘
14:56:34	13.16	--	1	1316	买盘
14:56:29	13.16	--	7	9212	卖盘
14:56:14	13.16	--	5	6580	卖盘
14:56:04	13.16	-0.01	15	19740	卖盘
14:55:59	13.17	0.01	2	2634	买盘
14:55:49	13.16	--	8	10528	卖盘
14:55:38	13.16	--	83	109530	卖盘
14:55:29	13.16	--	10	13160	卖盘
14:55:19	13.16	0.01	89	117163	买盘
14:55:14	13.15	-0.01	42	55230	卖盘
14:54:59	13.16	--	10	13160	买盘
14:54:53	13.16	--	13	17108	买盘
14:54:38	13.16	--	6	7896	买盘
14:54:34	13.16	0.01	5	6580	买盘
14:54:19	13.15	-0.01	40	52600	卖盘
14:54:04	13.16	0.01	50	65800	买盘
14:53:53	13.15	--	10	13150	卖盘
14:53:38	13.15	--	37	49233	买盘
14:53:28	13.15	--	4	5260	买盘
14:53:23	13.15	--	20	26300	买盘
14:53:17	13.15	--	29	38135	买盘
14:53:13	13.15	0.01	32	42080	买盘
14:53:08	13.14	-0.01	128	168192	卖盘
14:52:58	13.15	--	107	140705	卖盘
14:52:43	13.15	-0.01	51	67065	卖盘
14:52:38	13.16	--	2	2632	买盘
14:52:32	13.16	--	25	32900	买盘
14:52:28	13.16	0.01	8	10528	买盘
14:52:08	13.15	-0.01	25	32875	卖盘
14:52:02	13.16	0.01	18	23688	买盘
14:51:53	13.15	--	33	43395	卖盘
14:51:43	13.15	0.01	25	32875	买盘
14:51:38	13.14	-0.02	7	9198	卖盘
14:51:23	13.16	0.02	140	184240	买盘
14:51:08	13.14	--	4	5256	卖盘
14:51:02	13.14	--	0	0	卖盘
14:50:58	13.14	--	110	144540	卖盘
14:50:47	13.14	--	0	0	卖盘
14:50:43	13.14	-0.01	184	241776	卖盘
14:50:38	13.15	--	17	22355	卖盘
14:50:28	13.15	--	1	1315	买盘
14:50:23	13.15	--	12	15780	买盘
14:50:13	13.15	--	25	32875	买盘
14:50:02	13.15	-0.01	222	291930	卖盘
14:49:58	13.16	--	1	1316	买盘
14:49:43	13.16	-0.01	11	15752	卖盘
14:49:38	13.17	0.01	5	6585	买盘
14:49:28	13.16	-0.01	45	59259	卖盘
14:49:23	13.17	--	30	40247	卖盘
14:49:08	13.17	0.01	25	33504	买盘
14:48:58	13.16	-0.01	27	35532	卖盘
14:48:38	13.17	--	4	6005	卖盘
14:48:28	13.17	-0.01	30	39510	卖盘
14:48:13	13.18	0.01	21	27678	买盘
14:48:08	13.17	--	10	13170	卖盘
14:47:43	13.17	--	54	71697	买盘
14:47:38	13.17	0.01	5	6585	买盘
14:47:32	13.16	--	19	25004	卖盘
14:47:22	13.16	--	4	5264	卖盘
14:47:11	13.16	--	46	60536	买盘
14:47:02	13.16	0.01	11	14476	买盘
14:46:56	13.15	-0.01	2	2630	卖盘
14:46:52	13.16	--	9	11844	买盘
14:46:47	13.16	--	20	26320	买盘
14:46:22	13.16	--	16	21056	买盘
14:46:11	13.16	--	10	13160	买盘
14:46:07	13.16	--	20	26320	买盘
14:46:02	13.16	0.01	3	3948	买盘
14:45:47	13.15	-0.01	15	19725	卖盘
14:45:37	13.16	0.01	10	13160	买盘
14:45:22	13.15	--	21	27615	卖盘
14:45:02	13.15	--	9	11835	卖盘
14:44:52	13.15	0.01	10	13150	买盘
14:44:47	13.14	-0.02	132	173448	卖盘
14:44:37	13.16	0.02	5	6580	买盘
14:44:22	13.14	-0.01	62	81651	卖盘
14:44:17	13.15	--	67	88289	卖盘
14:44:02	13.15	-0.02	55	72430	卖盘
14:43:56	13.17	--	0	0	买盘
14:43:47	13.17	0.01	189	249466	买盘
14:43:41	13.16	--	32	42112	买盘
14:43:26	13.16	-0.01	11	14476	卖盘
14:43:22	13.17	--	9	11853	买盘
14:43:11	13.17	-0.01	5	6729	卖盘
14:43:07	13.18	--	4	5272	买盘
14:42:56	13.18	--	1	2491	买盘
14:42:47	13.18	--	19	25186	卖盘
14:42:32	13.18	--	241	318811	买盘
14:42:22	13.18	--	0	0	买盘
14:42:17	13.18	0.01	67	88991	买盘
14:42:11	13.17	-0.01	200	263400	卖盘
14:42:02	13.18	--	5	7631	卖盘
14:41:47	13.18	--	41	54038	卖盘
14:41:37	13.18	-0.02	110	144980	卖盘
14:41:32	13.2	--	79	105270	卖盘
14:41:26	13.2	--	17	22440	卖盘
14:41:21	13.2	0.01	279	368610	买盘
14:41:17	13.19	--	4	6265	卖盘
14:41:11	13.19	--	16	21433	买盘
14:41:01	13.19	--	8	10552	买盘
14:40:46	13.19	0.01	29	38527	买盘
14:40:35	13.18	-0.01	5	6590	买盘
14:40:31	13.19	0.01	47	61993	买盘
14:40:16	13.18	-0.01	23	30959	卖盘
14:40:11	13.19	--	1	1319	买盘
14:40:05	13.19	0.01	20	26380	买盘
14:40:01	13.18	--	22	28996	卖盘
14:39:46	13.18	-0.01	16	21760	卖盘
14:39:41	13.19	0.01	13	17147	买盘
14:39:31	13.18	--	28	36904	卖盘
14:39:16	13.18	0.01	42	56015	买盘
14:38:46	13.17	-0.01	2	3937	卖盘
14:38:41	13.18	--	4	5272	买盘
14:38:31	13.18	--	23	30314	买盘
14:38:26	13.18	0.01	10	13180	买盘
14:38:20	13.17	--	13	17121	卖盘
14:38:11	13.17	--	7	9324	卖盘
14:37:56	13.17	--	5	6585	卖盘
14:37:46	13.17	--	4	5268	卖盘
14:37:41	13.17	--	24	31660	卖盘
14:37:16	13.17	--	5	6585	卖盘
14:37:11	13.17	--	50	65942	卖盘
14:37:01	13.17	--	34	45831	买盘
14:36:50	13.17	0.01	20	26340	买盘
14:36:46	13.16	--	82	109214	卖盘
14:36:31	13.16	--	55	72380	卖盘
14:36:16	13.16	--	41	53956	卖盘
14:36:11	13.16	--	231	304864	买盘
14:36:01	13.16	0.01	5	6580	买盘
14:35:56	13.15	--	52	68380	卖盘
14:35:46	13.15	-0.01	31	40765	卖盘
14:35:31	13.16	--	9	11844	卖盘
14:35:26	13.16	0.01	1	1316	卖盘
14:35:20	13.15	--	0	0	卖盘
14:35:16	13.15	--	186	244590	卖盘
14:35:10	13.15	--	26	34387	卖盘
14:35:05	13.15	--	7	9205	卖盘
14:34:55	13.15	--	34	44841	买盘
14:34:50	13.15	0.01	99	130290	买盘
14:34:45	13.14	--	1	1314	买盘
14:34:40	13.14	--	74	97236	卖盘
14:34:25	13.14	-0.01	100	131400	卖盘
14:34:20	13.15	--	49	64435	买盘
14:34:14	13.15	--	2	2630	买盘
14:34:10	13.15	--	12	15780	卖盘
14:34:05	13.15	--	18	23670	买盘
14:33:59	13.15	--	1	1315	买盘
14:33:40	13.15	--	41	53915	买盘
14:33:35	13.15	--	50	65750	卖盘
14:33:29	13.15	-0.01	2	2630	卖盘
14:33:20	13.16	0.01	15	19740	买盘
14:33:10	13.15	--	20	26300	卖盘
14:32:59	13.15	--	0	0	中性盘
14:32:55	13.15	--	84	110460	卖盘
14:32:50	13.15	-0.01	17	22355	卖盘
14:32:29	13.16	0.01	6	7896	买盘
14:32:20	13.15	-0.01	5	6575	卖盘
14:31:55	13.16	--	7	9212	卖盘
14:31:50	13.16	0.01	55	72380	买盘
14:31:40	13.15	-0.01	4	5260	卖盘
14:31:35	13.16	--	30	39480	买盘
14:31:25	13.16	0.01	5	6580	买盘
14:31:20	13.15	-0.01	9	11835	卖盘
14:31:05	13.16	-0.01	10	13160	买盘
14:30:50	13.17	--	0	0	买盘
14:30:40	13.17	--	11	14487	买盘
14:30:20	13.17	--	15	19755	买盘
14:30:05	13.17	--	0	0	买盘
14:29:55	13.17	0.02	14	18438	买盘
14:29:50	13.15	-0.02	102	134130	卖盘
14:29:25	13.17	0.01	10	13170	买盘
14:29:14	13.16	-0.01	9	11844	卖盘
14:28:49	13.17	--	0	0	买盘
14:28:24	13.17	0.02	1	1317	买盘
14:28:19	13.15	--	4	5260	卖盘
14:28:14	13.15	-0.02	9	11835	卖盘
14:27:49	13.17	--	40	52680	买盘
14:27:38	13.17	--	79	104043	买盘
14:27:14	13.17	--	201	264717	买盘
14:27:04	13.17	--	0	0	买盘
14:26:44	13.17	0.02	5	6585	买盘
14:26:29	13.15	--	20	26300	卖盘
14:26:23	13.15	--	1	1315	卖盘
14:26:14	13.15	--	4	5260	卖盘
14:25:53	13.15	-0.02	14	18410	卖盘
14:25:49	13.17	--	10	13170	买盘
14:25:29	13.17	--	52	68747	卖盘
14:25:19	13.17	--	8	10536	卖盘
14:25:14	13.17	--	41	55050	买盘
14:24:53	13.17	--	19	25023	卖盘
14:24:49	13.17	--	29	38193	卖盘
14:24:44	13.17	0.03	58	76386	买盘
14:24:04	13.14	--	6	7884	卖盘
14:23:53	13.14	--	11	14454	卖盘
14:23:29	13.14	--	0	1064	卖盘
14:23:19	13.14	0.01	106	139284	买盘
14:23:14	13.13	--	97	127361	卖盘
14:23:08	13.13	--	117	153621	卖盘
14:23:04	13.13	--	63	82719	卖盘
14:22:59	13.13	--	2	2626	卖盘
14:22:49	13.13	--	60	78780	买盘
14:22:43	13.13	0.01	66	86658	买盘
14:22:34	13.12	-0.01	6	7871	卖盘
14:22:29	13.13	--	3	3939	买盘
14:22:23	13.13	--	50	65650	买盘
14:22:18	13.13	--	10	13130	买盘
14:22:14	13.13	0.01	5	6565	买盘
14:21:58	13.12	0.01	43	56416	买盘
14:21:53	13.11	--	30	39330	买盘
14:21:48	13.11	--	12	15732	买盘
14:21:43	13.11	--	45	58995	买盘
14:21:38	13.11	0.01	299	391989	卖盘
14:21:32	13.1	-0.01	287	375970	卖盘
14:21:28	13.11	0.01	374	490314	买盘
14:21:23	13.1	--	63	82530	卖盘
14:21:17	13.1	0.01	11	14410	卖盘
14:21:13	13.09	--	66	86394	卖盘
14:21:08	13.09	--	159	208131	卖盘
14:21:02	13.09	-0.01	117	153153	卖盘
14:20:58	13.1	0.01	160	209600	中性盘
14:20:53	13.09	--	224	293216	卖盘
14:20:47	13.09	--	3	3927	卖盘
14:20:43	13.09	--	152	199452	买盘
14:20:38	13.09	--	234	306306	买盘
14:20:32	13.09	--	12	15708	买盘
14:20:28	13.09	-0.02	157	206337	卖盘
14:20:23	13.11	0.02	211	277106	买盘
14:20:17	13.09	--	2	2618	卖盘
14:20:13	13.09	--	13	17017	卖盘
14:20:08	13.09	--	525	687225	卖盘
14:20:02	13.09	-0.01	529	692461	卖盘
14:19:58	13.1	0.01	147	192570	买盘
14:19:53	13.09	-0.01	72	94248	卖盘
14:19:47	13.1	--	49	64190	买盘
14:19:43	13.1	--	497	651070	买盘
14:19:38	13.1	--	608	797305	卖盘
14:19:32	13.1	-0.02	476	623560	卖盘
14:19:28	13.12	0.01	14	18853	买盘
14:19:23	13.11	--	288	378393	卖盘
14:19:17	13.11	--	296	388056	卖盘
14:19:13	13.11	-0.01	394	516665	卖盘
14:19:08	13.12	--	253	331936	买盘
14:19:02	13.12	--	106	140252	卖盘
14:18:58	13.12	-0.01	112	146944	卖盘
14:18:47	13.13	--	107	140491	卖盘
14:18:43	13.13	-0.01	238	312494	卖盘
14:18:38	13.14	-0.01	289	379746	卖盘
14:18:32	13.15	--	54	71259	卖盘
14:18:28	13.15	-0.01	65	85475	卖盘
14:18:23	13.16	-0.02	20	26320	卖盘
14:18:13	13.18	-0.01	58	76444	卖盘
14:18:02	13.19	--	1	1319	卖盘
14:17:58	13.19	--	14	18466	卖盘
14:17:53	13.19	-0.01	31	40889	卖盘
14:17:38	13.2	--	10	13200	买盘
14:17:23	13.2	0.01	113	149160	买盘
14:17:08	13.19	-0.01	11	14509	卖盘
14:16:08	13.2	0.01	7	9240	买盘
14:15:58	13.19	--	6	7914	卖盘
14:15:12	13.19	--	34	44846	买盘
14:15:02	13.19	0.01	229	302051	买盘
14:14:47	13.18	0.02	60	79080	买盘
14:14:37	13.16	--	8	10528	卖盘
14:14:22	13.16	--	21	28425	买盘
14:13:47	13.16	0.01	1	1316	买盘
14:13:37	13.15	-0.01	2	2630	卖盘
14:13:26	13.16	--	6	7896	买盘
14:13:07	13.16	--	6	7896	买盘
14:12:56	13.16	-0.02	81	107122	卖盘
14:12:47	13.18	--	3	3954	买盘
14:11:41	13.18	0.02	10	13180	买盘
14:11:22	13.16	-0.02	2	2632	卖盘
14:11:11	13.18	0.02	10	13180	买盘
14:10:52	13.16	-0.02	4	5264	卖盘
14:10:47	13.18	--	8	10544	买盘
14:10:41	13.18	--	8	10544	买盘
14:10:02	13.18	--	2	2636	买盘
14:09:31	13.18	--	2	2636	买盘
14:09:26	13.18	0.02	3	3954	买盘
14:09:11	13.16	--	5	6580	卖盘
14:09:07	13.16	0.01	1	2105	卖盘
14:08:46	13.15	--	0	0	卖盘
14:07:56	13.15	-0.01	21	27615	卖盘
14:07:50	13.16	0.01	8	10528	买盘
14:07:46	13.15	--	5	6575	卖盘
14:07:05	13.15	-0.01	4	5260	卖盘
14:06:41	13.16	0.01	30	39480	买盘
14:06:20	13.15	-0.01	4	5260	卖盘
14:06:16	13.16	0.01	2	2632	买盘
14:06:01	13.15	--	0	0	卖盘
14:05:50	13.15	-0.01	20	26300	卖盘
14:05:46	13.16	0.01	20	26320	买盘
14:04:46	13.15	--	20	26300	卖盘
14:04:16	13.15	--	13	18160	买盘
14:04:11	13.15	--	0	0	买盘
14:03:56	13.15	--	5	6575	买盘
14:03:40	13.15	0.01	20	26300	买盘
14:03:00	13.14	0.01	12	15768	买盘
14:02:40	13.13	--	30	40046	买盘
14:02:31	13.13	--	55	72215	买盘
14:02:16	13.13	--	32	42016	买盘
14:02:05	13.13	0.01	32	42016	买盘
14:01:40	13.12	-0.01	4	5248	卖盘
14:01:25	13.13	--	4	5252	买盘
14:01:14	13.13	--	10	13130	买盘
14:01:10	13.13	--	20	26260	买盘
14:01:05	13.13	--	30	39390	买盘
14:00:50	13.13	0.01	10	13130	买盘
13:59:59	13.12	-0.01	2	2624	卖盘
13:59:55	13.13	0.01	25	32825	买盘
13:59:40	13.12	-0.01	11	14432	卖盘
13:59:35	13.13	--	376	493688	卖盘
13:59:29	13.13	--	8	10504	卖盘
13:59:14	13.13	-0.01	4	5252	卖盘
13:58:25	13.14	--	13	17082	买盘
13:58:05	13.14	--	2	2628	买盘
13:57:59	13.14	--	64	84096	卖盘
13:56:49	13.14	-0.01	3	3942	卖盘
13:56:44	13.15	--	8	10520	买盘
13:56:40	13.15	0.01	20	26300	买盘
13:56:29	13.14	0.01	3	4993	卖盘
13:55:55	13.13	--	70	91910	卖盘
13:55:49	13.13	-0.01	4	5252	卖盘
13:55:44	13.14	--	3	3942	买盘
13:55:39	13.14	--	22	28908	买盘
13:55:34	13.14	--	30	39420	买盘
13:55:24	13.14	--	26	34164	买盘
13:55:19	13.14	--	50	65700	买盘
13:55:10	13.14	--	164	215496	卖盘
13:54:59	13.14	--	4	5256	卖盘
13:54:39	13.14	--	1	1314	买盘
13:54:29	13.14	--	15	19710	买盘
13:54:24	13.14	0.01	20	26280	买盘
13:54:14	13.13	--	50	65650	卖盘
13:53:53	13.13	0.01	51	66963	买盘
13:53:44	13.12	-0.01	45	59040	卖盘
13:53:38	13.13	--	3	4070	买盘
13:53:34	13.13	--	1	1313	买盘
13:53:23	13.13	--	10	13130	买盘
13:53:14	13.13	0.02	26	34138	买盘
13:53:04	13.11	--	16	20976	卖盘
13:52:49	13.11	--	78	102611	买盘
13:52:44	13.11	--	9	11799	买盘
13:52:34	13.11	--	98	128478	买盘
13:52:29	13.11	0.01	62	81282	买盘
13:52:14	13.1	--	8	10480	卖盘
13:52:08	13.1	-0.01	18	23580	卖盘
13:52:04	13.11	--	20	26220	买盘
13:51:59	13.11	--	3	3933	买盘
13:51:48	13.11	0.01	30	39330	买盘
13:51:44	13.1	-0.01	8	10480	卖盘
13:51:38	13.11	--	10	13110	买盘
13:51:34	13.11	--	12	15732	买盘
13:51:29	13.11	--	13	17043	买盘
13:51:19	13.11	--	60	78660	买盘
13:51:14	13.11	--	21	28710	卖盘
13:51:04	13.11	--	247	323948	买盘
13:50:59	13.11	--	1	1311	买盘
13:50:53	13.11	--	14	19533	卖盘
13:50:48	13.11	--	2	2622	卖盘
13:50:43	13.11	--	3	3933	卖盘
13:50:38	13.11	--	3	3933	卖盘
13:50:29	13.11	--	0	0	卖盘
13:50:23	13.11	-0.01	217	284618	卖盘
13:50:18	13.12	--	6	7871	卖盘
13:50:13	13.12	--	8	10496	卖盘
13:50:08	13.12	-0.01	3	3935	卖盘
13:50:03	13.13	0.01	79	103727	买盘
13:49:59	13.12	0.01	153	200736	买盘
13:49:48	13.11	--	139	182229	卖盘
13:49:44	13.11	--	135	176985	卖盘
13:49:34	13.11	-0.02	22	28842	卖盘
13:49:28	13.13	--	53	69589	买盘
13:49:19	13.13	0.02	37	48581	买盘
13:49:13	13.11	-0.02	13	17043	卖盘
13:49:08	13.13	0.02	4	5252	买盘
13:49:03	13.11	-0.01	25	32775	卖盘
13:48:58	13.12	--	8	10496	卖盘
13:48:53	13.12	--	5	6560	买盘
13:48:48	13.12	0.01	1	1312	卖盘
13:48:43	13.11	-0.01	28	36708	卖盘
13:48:38	13.12	--	45	59040	买盘
13:48:33	13.12	--	30	39360	买盘
13:48:28	13.12	0.01	31	40672	买盘
13:48:18	13.11	--	20	26220	卖盘
13:48:13	13.11	--	54	70794	卖盘
13:48:08	13.11	--	33	43263	卖盘
13:48:03	13.11	--	39	51129	卖盘
13:47:58	13.11	--	29	38019	卖盘
13:47:47	13.11	--	37	48507	卖盘
13:47:43	13.11	--	14	18354	卖盘
13:47:38	13.11	--	8	10488	卖盘
13:47:33	13.11	--	8	10488	卖盘
13:47:28	13.11	--	5	6555	卖盘
13:47:23	13.11	--	16	20976	买盘
13:47:17	13.11	--	23	30153	卖盘
13:47:13	13.11	--	15	19665	卖盘
13:47:08	13.11	--	24	31464	卖盘
13:47:02	13.11	--	37	48507	卖盘
13:46:58	13.11	--	52	68172	卖盘
13:46:53	13.11	-0.01	68	89148	卖盘
13:46:47	13.12	0.01	10	13120	买盘
13:46:43	13.11	--	91	119301	卖盘
13:46:38	13.11	-0.01	89	116679	卖盘
13:46:28	13.12	--	6	7871	卖盘
13:46:23	13.12	--	6	7871	卖盘
13:46:13	13.12	--	20	26240	卖盘
13:46:08	13.12	--	10	13120	卖盘
13:46:02	13.12	--	7	9184	卖盘
13:45:58	13.12	--	2	2624	卖盘
13:45:53	13.12	-0.01	4	5248	卖盘
13:45:47	13.13	0.01	7	9191	买盘
13:45:43	13.12	-0.01	16	20992	卖盘
13:45:38	13.13	--	42	55146	买盘
13:45:32	13.13	--	11	14443	买盘
13:45:27	13.13	--	1	1313	买盘
13:45:23	13.13	--	11	14443	卖盘
13:45:12	13.13	0.01	9	11817	中性盘
13:45:08	13.12	--	22	28864	卖盘
13:45:02	13.12	-0.01	50	65600	卖盘
13:44:58	13.13	0.01	56	73528	买盘
13:44:53	13.12	-0.01	59	77408	卖盘
13:44:47	13.13	0.01	12	15756	买盘
13:44:42	13.12	-0.01	60	78720	卖盘
13:44:38	13.13	--	6	7878	买盘
13:44:32	13.13	--	31	40703	卖盘
13:44:27	13.13	--	8	10504	卖盘
13:44:23	13.13	--	7	9191	卖盘
13:44:12	13.13	--	6	7878	卖盘
13:44:08	13.13	--	6	7878	卖盘
13:43:58	13.13	--	15	19695	卖盘
13:43:53	13.13	--	2	2626	卖盘
13:43:43	13.13	--	7	9191	卖盘
13:43:38	13.13	-0.01	11	14443	卖盘
13:43:32	13.14	0.01	13	17082	买盘
13:43:27	13.13	--	8	10504	卖盘
13:43:17	13.13	--	10	13130	卖盘
13:43:12	13.13	--	9	11817	卖盘
13:43:07	13.13	--	10	13130	卖盘
13:42:57	13.13	--	80	105040	卖盘
13:42:47	13.13	--	25	32825	卖盘
13:42:43	13.13	--	31	40703	卖盘
13:42:37	13.13	--	43	56459	卖盘
13:42:27	13.13	--	39	51207	卖盘
13:42:22	13.13	-0.01	125	164125	卖盘
13:42:07	13.14	-0.01	43	56502	卖盘
13:42:02	13.15	0.01	5	6575	买盘
13:41:57	13.14	--	8	10512	卖盘
13:41:52	13.14	--	11	14454	卖盘
13:41:47	13.14	--	16	21024	卖盘
13:41:42	13.14	--	6	7884	卖盘
13:41:37	13.14	--	24	31536	卖盘
13:41:27	13.14	--	14	18396	卖盘
13:41:22	13.14	-0.01	13	17082	卖盘
13:41:12	13.15	-0.01	18	23919	卖盘
13:41:07	13.16	0.01	211	277676	买盘
13:40:57	13.15	--	5	6575	卖盘
13:40:52	13.15	--	7	9205	卖盘
13:40:47	13.15	--	14	18410	卖盘
13:40:42	13.15	--	15	19725	卖盘
13:40:37	13.15	--	4	5260	卖盘
13:40:32	13.15	0.02	34	45775	买盘
13:40:22	13.13	--	64	84032	卖盘
13:40:17	13.13	--	30	39390	卖盘
13:40:11	13.13	-0.01	29	38077	卖盘
13:40:07	13.14	0.01	8	10512	买盘
13:40:02	13.13	--	39	51207	卖盘
13:39:56	13.13	--	0	0	卖盘
13:39:52	13.13	--	44	57772	卖盘
13:39:47	13.13	--	0	0	卖盘
13:39:41	13.13	-0.01	39	51207	卖盘
13:39:37	13.14	0.01	49	64386	买盘
13:39:32	13.13	--	53	69589	卖盘
13:39:22	13.13	-0.01	23	30199	卖盘
13:39:17	13.14	--	2	2628	卖盘
13:39:11	13.14	0.01	9	11826	卖盘
13:39:07	13.13	--	0	0	卖盘
13:39:02	13.13	-0.02	8	10504	卖盘
13:38:56	13.15	0.02	54	71010	买盘
13:38:52	13.13	--	17	22321	卖盘
13:38:47	13.13	--	18	23634	卖盘
13:38:41	13.13	--	0	0	卖盘
13:38:36	13.13	--	23	30199	卖盘
13:38:32	13.13	--	25	32825	卖盘
13:38:21	13.13	--	83	108979	卖盘
13:38:17	13.13	--	80	105040	卖盘
13:38:11	13.13	-0.01	80	105040	卖盘
13:38:06	13.14	0.01	6	7884	中性盘
13:38:02	13.13	-0.01	87	114231	卖盘
13:37:56	13.14	--	1	1314	买盘
13:37:51	13.14	--	1	1314	卖盘
13:37:47	13.14	--	46	60444	卖盘
13:37:41	13.14	--	5	6570	卖盘
13:37:36	13.14	--	53	69642	卖盘
13:37:32	13.14	-0.01	5	6570	卖盘
13:37:26	13.15	0.01	10	13150	买盘
13:37:21	13.14	--	8	10512	卖盘
13:37:17	13.14	--	5	6570	卖盘
13:37:11	13.14	--	9	11826	卖盘
13:37:06	13.14	--	11	14454	卖盘
13:37:02	13.14	--	10	13140	卖盘
13:36:51	13.14	-0.01	14	18396	卖盘
13:36:47	13.15	--	53	69695	卖盘
13:36:41	13.15	--	7	9205	卖盘
13:36:36	13.15	--	10	13150	卖盘
13:36:31	13.15	-0.01	9	11835	卖盘
13:36:26	13.16	0.01	2	2632	买盘
13:36:21	13.15	--	13	17095	卖盘
13:36:17	13.15	--	21	27615	卖盘
13:36:11	13.15	--	5	6575	卖盘
13:36:07	13.15	--	7	9205	卖盘
13:36:02	13.15	--	9	11835	卖盘
13:35:52	13.15	--	9	11835	卖盘
13:35:46	13.15	--	13	17095	卖盘
13:35:41	13.15	--	20	26300	卖盘
13:35:36	13.15	--	14	18410	卖盘
13:35:31	13.15	--	10	13150	卖盘
13:35:26	13.15	--	2	2630	卖盘
13:35:21	13.15	0.01	26	34190	买盘
13:35:16	13.14	--	10	13140	卖盘
13:35:11	13.14	--	14	18396	卖盘
13:35:06	13.14	--	14	18396	卖盘
13:35:01	13.14	-0.01	17	22338	卖盘
13:34:56	13.15	0.01	30	39450	买盘
13:34:51	13.14	--	16	21024	卖盘
13:34:46	13.14	--	10	13140	卖盘
13:34:41	13.14	--	13	17082	卖盘
13:34:36	13.14	--	14	18396	卖盘
13:34:31	13.14	--	5	6570	卖盘
13:34:21	13.14	--	73	95922	卖盘
13:34:16	13.14	--	44	57816	卖盘
13:34:11	13.14	--	17	22338	卖盘
13:34:06	13.14	--	24	31536	卖盘
13:34:01	13.14	0.01	29	38106	卖盘
13:33:56	13.13	-0.01	56	73528	卖盘
13:33:50	13.14	--	18	23652	买盘
13:33:46	13.14	--	83	109062	卖盘
13:33:41	13.14	--	17	22338	卖盘
13:33:35	13.14	--	17	22338	卖盘
13:33:31	13.14	-0.01	21	27594	卖盘
13:33:26	13.15	0.01	34	44710	买盘
13:33:16	13.14	--	23	30222	卖盘
13:33:11	13.14	--	52	68328	卖盘
13:33:05	13.14	--	69	90666	卖盘
13:33:01	13.14	--	69	90666	卖盘
13:32:56	13.14	0.01	11	14454	卖盘
13:32:50	13.13	--	4	5252	卖盘
13:32:46	13.13	--	14	18382	卖盘
13:32:41	13.13	--	26	34138	卖盘
13:32:35	13.13	--	31	40703	卖盘
13:32:31	13.13	--	41	53833	卖盘
13:32:26	13.13	--	41	53833	卖盘
13:32:20	13.13	--	0	0	卖盘
13:32:16	13.13	--	80	105040	卖盘
13:32:11	13.13	--	127	166751	卖盘
13:32:05	13.13	-0.01	114	149682	卖盘
13:31:56	13.14	--	77	101178	卖盘
13:31:50	13.14	--	58	76212	卖盘
13:31:45	13.14	--	113	148482	卖盘
13:31:41	13.14	--	126	165564	卖盘
13:31:35	13.14	--	164	215496	卖盘
13:31:31	13.14	-0.01	165	216810	卖盘
13:31:26	13.15	--	30	39450	买盘
13:31:20	13.15	--	41	53915	卖盘
13:31:15	13.15	--	16	21040	卖盘
13:31:11	13.15	--	52	68380	卖盘
13:31:05	13.15	--	25	32875	卖盘
13:31:00	13.15	--	41	53915	卖盘
13:30:56	13.15	--	41	53915	卖盘
13:30:45	13.15	-0.01	50	65750	卖盘
13:30:41	13.16	--	48	63418	卖盘
13:30:30	13.16	--	1	1316	卖盘
13:30:15	13.16	--	11	14476	卖盘
13:30:10	13.16	--	5	6580	卖盘
13:30:05	13.16	--	13	17108	卖盘
13:30:00	13.16	--	7	9212	卖盘
13:29:56	13.16	--	6	7896	卖盘
13:29:45	13.16	--	12	15792	卖盘
13:29:40	13.16	--	16	21056	卖盘
13:29:35	13.16	--	18	23688	卖盘
13:29:30	13.16	--	26	34216	卖盘
13:29:25	13.16	--	26	34216	卖盘
13:29:15	13.16	-0.01	31	40796	卖盘
13:29:10	13.17	0.01	36	47412	中性盘
13:29:05	13.16	--	72	94752	卖盘
13:29:00	13.16	-0.01	15	19740	卖盘
13:28:50	13.17	--	29	38193	卖盘
13:28:45	13.17	--	8	10536	卖盘
13:28:35	13.17	0.01	15	19755	买盘
13:28:30	13.16	--	13	17108	卖盘
13:28:25	13.16	--	7	10277	卖盘
13:28:15	13.16	--	3	3948	卖盘
13:28:10	13.16	--	7	9212	卖盘
13:28:05	13.16	--	2	2632	卖盘
13:28:00	13.16	-0.01	1	1316	卖盘
13:27:45	13.17	0.01	1	1317	买盘
13:27:40	13.16	--	15	19740	卖盘
13:27:35	13.16	--	7	9212	卖盘
13:27:29	13.16	0.01	6	7896	卖盘
13:27:25	13.15	-0.01	7	9205	卖盘
13:27:20	13.16	0.01	1	1316	买盘
13:27:15	13.15	-0.01	26	34190	卖盘
13:27:10	13.16	--	14	18424	卖盘
13:27:05	13.16	0.01	9	11844	买盘
13:27:00	13.15	--	9	11835	卖盘
13:26:55	13.15	-0.01	7	9205	卖盘
13:26:50	13.16	0.01	18	23688	买盘
13:26:44	13.15	--	15	19725	卖盘
13:26:40	13.15	--	14	18410	卖盘
13:26:35	13.15	--	32	42080	卖盘
13:26:29	13.15	--	45	59175	卖盘
13:26:25	13.15	--	51	67065	卖盘
13:26:20	13.15	--	46	60490	卖盘
13:26:10	13.15	--	0	0	卖盘
13:26:05	13.15	--	56	73640	卖盘
13:25:59	13.15	--	61	80215	卖盘
13:25:55	13.15	--	26	34190	卖盘
13:25:50	13.15	--	42	55230	卖盘
13:25:40	13.15	--	17	22355	卖盘
13:25:35	13.15	--	19	24985	卖盘
13:25:29	13.15	--	23	30245	卖盘
13:25:25	13.15	--	12	15780	卖盘
13:25:20	13.15	--	12	15780	卖盘
13:25:09	13.15	--	22	28930	卖盘
13:25:05	13.15	--	32	42080	卖盘
13:24:59	13.15	--	41	53915	卖盘
13:24:54	13.15	--	54	71010	卖盘
13:24:50	13.15	--	53	69695	卖盘
13:24:39	13.15	--	75	98625	卖盘
13:24:35	13.15	--	0	0	卖盘
13:24:29	13.15	-0.01	75	98625	卖盘
13:24:24	13.16	0.01	6	7896	中性盘
13:24:20	13.15	-0.01	91	119665	卖盘
13:24:14	13.16	--	5	6580	买盘
13:24:09	13.16	--	21	27636	卖盘
13:24:04	13.16	--	16	21056	卖盘
13:23:59	13.16	--	14	18424	卖盘
13:23:54	13.16	--	49	64484	卖盘
13:23:49	13.16	--	21	27636	卖盘
13:23:39	13.16	--	28	36848	卖盘
13:23:35	13.16	--	83	109228	卖盘
13:23:29	13.16	--	83	109228	卖盘
13:23:24	13.16	-0.01	83	109228	卖盘
13:23:14	13.17	--	19	25023	卖盘
13:23:09	13.17	--	6	7902	卖盘
13:23:05	13.17	--	11	14487	卖盘
13:22:59	13.17	--	20	26340	卖盘
13:22:54	13.17	-0.01	21	27657	卖盘
13:22:49	13.18	0.01	33	43494	买盘
13:22:39	13.17	--	7	9219	卖盘
13:22:35	13.17	--	11	14487	卖盘
13:22:29	13.17	--	13	17121	卖盘
13:22:24	13.17	--	13	17121	卖盘
13:22:20	13.17	--	2	2634	卖盘
13:22:09	13.17	--	1	1317	卖盘
13:21:59	13.17	--	2	2634	卖盘
13:21:54	13.17	--	4	5268	卖盘
13:21:49	13.17	--	11	14487	卖盘
13:21:39	13.17	--	12	15804	卖盘
13:21:34	13.17	--	40	52680	卖盘
13:21:29	13.17	-0.01	29	38193	卖盘
13:21:24	13.18	--	49	64582	买盘
13:21:09	13.18	--	11	15460	卖盘
13:21:04	13.18	--	4	5272	卖盘
13:20:59	13.18	--	8	10544	卖盘
13:20:54	13.18	--	11	14498	卖盘
13:20:49	13.18	--	14	18452	卖盘
13:20:39	13.18	--	14	18452	卖盘
13:20:34	13.18	--	4	5272	卖盘
13:20:29	13.18	--	4	5272	卖盘
13:20:24	13.18	--	5	6945	卖盘
13:20:19	13.18	--	6	7908	卖盘
13:20:14	13.18	--	6	7908	卖盘
13:20:04	13.18	--	8	10544	卖盘
13:19:59	13.18	--	7	9226	卖盘
13:19:53	13.18	--	2	2636	卖盘
13:19:49	13.18	--	3	3954	卖盘
13:19:44	13.18	--	3	3954	卖盘
13:19:34	13.18	--	2	2636	卖盘
13:19:29	13.18	--	2	2636	卖盘
13:19:23	13.18	--	4	5272	卖盘
13:19:19	13.18	--	5	6590	卖盘
13:19:14	13.18	0.01	8	10544	买盘
13:19:04	13.17	-0.01	7	9219	卖盘
13:18:53	13.18	--	1	1318	卖盘
13:18:48	13.18	0.01	9	11862	卖盘
13:18:44	13.17	--	10	13170	卖盘
13:18:34	13.17	--	13	17121	卖盘
13:18:29	13.17	--	0	0	卖盘
13:18:23	13.17	-0.01	30	39510	卖盘
13:18:18	13.18	0.01	45	59310	买盘
13:18:14	13.17	--	54	71118	卖盘
13:18:03	13.17	--	69	90873	卖盘
13:17:59	13.17	-0.01	65	85605	卖盘
13:17:48	13.18	--	2	2636	卖盘
13:17:44	13.18	--	17	22406	卖盘
13:17:38	13.18	0.01	1	1318	买盘
13:17:33	13.17	--	14	18438	卖盘
13:17:29	13.17	--	1	1317	卖盘
13:17:23	13.17	--	17	22389	卖盘
13:17:18	13.17	--	20	26340	卖盘
13:17:14	13.17	--	11	14487	卖盘
13:17:03	13.17	--	16	21072	卖盘
13:16:58	13.17	--	17	22389	卖盘
13:16:53	13.17	--	7	9219	卖盘
13:16:48	13.17	--	10	13170	卖盘
13:16:44	13.17	--	11	14487	卖盘
13:16:33	13.17	--	16	21072	卖盘
13:16:28	13.17	--	20	26340	卖盘
13:16:23	13.17	--	21	27657	卖盘
13:16:18	13.17	--	0	0	卖盘
13:16:14	13.17	-0.01	42	55314	卖盘
13:16:08	13.18	0.01	2	2636	买盘
13:16:03	13.17	--	46	60582	卖盘
13:15:58	13.17	-0.01	20	26340	卖盘
13:15:53	13.18	-0.01	5	6590	买盘
13:15:48	13.19	0.01	5	6595	卖盘
13:15:44	13.18	--	106	139708	卖盘
13:15:33	13.18	--	16	21088	卖盘
13:15:28	13.18	--	6	7908	卖盘
13:15:23	13.18	--	9	11862	卖盘
13:15:18	13.18	--	13	17134	卖盘
13:15:13	13.18	--	18	23724	卖盘
13:15:08	13.18	--	3	3954	卖盘
13:15:03	13.18	--	24	31632	买盘
13:14:58	13.18	0.01	53	69854	买盘
13:14:53	13.17	-0.01	30	39510	卖盘
13:14:43	13.18	--	37	48766	卖盘
13:14:33	13.18	--	7	9226	卖盘
13:14:28	13.18	0.01	6	7908	卖盘
13:14:23	13.17	--	54	71118	卖盘
13:14:18	13.17	-0.01	49	64533	卖盘
13:14:13	13.18	--	0	0	买盘
13:14:08	13.18	--	1	1318	卖盘
13:14:02	13.18	--	1	1318	卖盘
13:13:58	13.18	--	3	3954	卖盘
13:13:53	13.18	--	5	6590	买盘
13:13:47	13.18	--	16	21088	卖盘
13:13:43	13.18	--	3	3954	卖盘
13:13:33	13.18	--	2	2636	卖盘
13:13:28	13.18	--	4	5272	卖盘
13:13:23	13.18	--	6	7908	卖盘
13:13:17	13.18	--	9	11862	卖盘
13:13:13	13.18	--	11	14498	卖盘
13:13:08	13.18	--	13	17134	卖盘
13:12:58	13.18	--	15	19770	卖盘
13:12:53	13.18	--	19	25042	卖盘
13:12:47	13.18	--	21	27678	卖盘
13:12:43	13.18	--	7	9226	卖盘
13:12:38	13.18	-0.02	5	6590	卖盘
13:12:28	13.2	0.02	13	17160	买盘
13:12:23	13.18	--	4	5272	卖盘
13:12:17	13.18	--	6	7908	卖盘
13:12:13	13.18	--	7	9226	卖盘
13:12:08	13.18	--	9	11862	卖盘
13:11:58	13.18	--	19	25042	卖盘
13:11:53	13.18	--	26	34268	卖盘
13:11:47	13.18	--	34	44812	卖盘
13:11:43	13.18	--	32	42176	卖盘
13:11:12	13.18	--	0	0	卖盘
13:10:57	13.18	--	7	9226	买盘
13:10:53	13.18	--	4	5272	买盘
13:10:42	13.18	--	32	42176	买盘
13:10:38	13.18	--	10	13180	买盘
13:10:27	13.18	--	10	13180	买盘
13:10:23	13.18	--	4	5272	买盘
13:10:12	13.18	--	2	2636	买盘
13:10:08	13.18	--	10	13180	买盘
13:09:42	13.18	--	81	106758	买盘
13:09:37	13.18	-0.04	40	52720	卖盘
13:09:27	13.22	0.02	25	33050	买盘
13:09:12	13.2	--	10	13200	卖盘
13:09:07	13.2	--	12	15840	卖盘
13:07:57	13.2	--	19	25080	卖盘
13:07:52	13.2	0.02	38	50160	买盘
13:07:42	13.18	-0.02	169	222742	卖盘
13:07:37	13.2	--	0	0	中性盘
13:07:32	13.2	--	0	0	买盘
13:06:41	13.2	--	23	30360	卖盘
13:06:02	13.2	-0.02	17	22440	卖盘
13:05:47	13.22	--	66	87252	买盘
13:04:56	13.22	0.02	50	66100	买盘
13:04:51	13.2	-0.02	5	6600	卖盘
13:03:36	13.22	0.02	23	30406	买盘
13:03:21	13.2	--	0	0	卖盘
13:03:01	13.2	--	18	23760	买盘
13:02:36	13.2	--	0	0	买盘
13:02:26	13.2	--	8	10560	买盘
13:02:01	13.2	--	2	2640	买盘
13:01:51	13.2	0.02	15	19800	买盘
13:01:46	13.18	--	1	1318	卖盘
13:00:16	13.18	-0.01	15	19770	卖盘
13:00:05	13.19	--	21	27699	买盘
11:30:00	13.19	--	0	0	买盘
11:30:00	13.19	--	0	0	买盘
11:29:52	13.19	-0.01	1	1319	卖盘
11:29:42	13.2	--	0	0	买盘
11:29:12	13.2	--	2	2640	买盘
11:28:57	13.2	--	8	10560	买盘
11:28:27	13.2	--	38	50160	买盘
11:27:57	13.2	--	3	3960	买盘
11:27:31	13.2	-0.02	5	6600	买盘
11:27:22	13.22	--	0	0	买盘
11:26:52	13.22	0.04	10	13220	买盘
11:26:01	13.18	-0.01	5	6590	卖盘
11:25:46	13.19	0.02	35	46165	买盘
11:25:07	13.17	--	4	5268	买盘
11:25:01	13.17	--	0	0	中性盘
11:24:46	13.17	--	1	1317	卖盘
11:24:40	13.17	--	4	5268	买盘
11:24:36	13.17	--	30	39510	买盘
11:24:31	13.17	--	15	19755	买盘
11:24:21	13.17	--	7	9219	买盘
11:24:06	13.17	0.01	157	206769	买盘
11:23:55	13.16	0.01	20	26320	卖盘
11:23:51	13.15	--	0	0	中性盘
11:23:46	13.15	-0.02	206	270890	卖盘
11:23:36	13.17	0.01	5	6585	买盘
11:23:31	13.16	0.01	2	2632	买盘
11:23:21	13.15	-0.01	44	57860	卖盘
11:23:16	13.16	--	8	10528	卖盘
11:23:06	13.16	--	10	13160	卖盘
11:22:51	13.16	0.01	9	11844	买盘
11:22:46	13.15	0.01	1	1315	买盘
11:22:40	13.14	-0.01	104	136656	卖盘
11:22:25	13.15	-0.01	121	159115	卖盘
11:22:21	13.16	-0.01	46	60536	卖盘
11:22:01	13.17	--	3	3951	买盘
11:21:46	13.17	--	28	36876	卖盘
11:21:40	13.17	-0.01	20	26340	卖盘
11:21:31	13.18	--	5	6590	买盘
11:20:46	13.18	--	13	17134	卖盘
11:20:31	13.18	0.01	1	1318	买盘
11:20:10	13.17	--	9	11853	买盘
11:20:04	13.17	--	2	2634	买盘
11:20:01	13.17	-0.01	39	51363	卖盘
11:19:49	13.18	0.01	10	13180	买盘
11:19:10	13.17	--	5	6585	卖盘
11:18:10	13.17	--	6	7902	卖盘
11:18:00	13.17	-0.01	1	1317	卖盘
11:17:55	13.18	--	5	6590	买盘
11:17:04	13.18	-0.01	12	15816	卖盘
11:16:55	13.19	--	3	3957	买盘
11:16:34	13.19	-0.01	22	29018	卖盘
11:15:55	13.2	--	30	39600	买盘
11:15:25	13.2	--	3	3960	卖盘
11:15:15	13.2	0.01	50	66000	买盘
11:15:00	13.19	--	39	51441	买盘
11:14:55	13.19	--	1	1319	买盘
11:14:49	13.19	-0.01	2	2638	买盘
11:14:19	13.2	--	0	0	买盘
11:14:15	13.2	0.03	10	13200	买盘
11:14:10	13.17	0.01	37	48729	卖盘
11:14:00	13.16	--	29	38164	卖盘
11:13:55	13.16	--	100	131600	卖盘
11:13:49	13.16	--	4	5264	卖盘
11:13:28	13.16	--	189	248724	买盘
11:13:24	13.16	--	106	139496	卖盘
11:13:19	13.16	--	5	6580	卖盘
11:13:10	13.16	0.02	7	9212	卖盘
11:13:04	13.14	--	0	0	卖盘
11:12:54	13.14	--	20	26280	买盘
11:12:49	13.14	--	2	2628	买盘
11:12:43	13.14	-0.05	531	697734	卖盘
11:12:39	13.19	0.01	5	6595	买盘
11:12:24	13.18	-0.01	162	213516	卖盘
11:12:19	13.19	--	23	30337	卖盘
11:12:09	13.19	--	20	26380	卖盘
11:11:49	13.19	--	40	52760	卖盘
11:11:13	13.19	--	50	65950	卖盘
11:11:09	13.19	--	0	0	卖盘
11:10:58	13.19	-0.02	80	105520	卖盘
11:10:34	13.21	--	5	6605	卖盘
11:10:24	13.21	--	2	2642	卖盘
11:10:19	13.21	--	5	6605	卖盘
11:09:58	13.21	--	2	2642	卖盘
11:09:39	13.21	--	4	5284	卖盘
11:09:34	13.21	0.01	3	3963	买盘
11:09:28	13.2	-0.01	40	52800	卖盘
11:09:19	13.21	--	5	6605	买盘
11:08:49	13.21	--	16	21136	买盘
11:08:24	13.21	--	21	27741	买盘
11:08:13	13.21	--	15	19815	卖盘
11:08:09	13.21	--	0	0	卖盘
11:08:04	13.21	--	0	0	卖盘
11:07:04	13.21	-0.01	7	9247	卖盘
11:06:48	13.22	--	0	0	中性盘
11:06:34	13.22	-0.02	7	9254	卖盘
11:04:48	13.24	-0.01	8	10592	买盘
11:04:33	13.25	--	0	0	买盘
11:04:13	13.25	--	1	1325	买盘
11:04:03	13.25	--	1	1325	买盘
11:03:58	13.25	--	714	947361	卖盘
11:03:48	13.25	--	103	136475	卖盘
11:03:28	13.25	-0.01	115	152375	卖盘
11:02:03	13.26	-0.01	30	39780	卖盘
11:01:58	13.27	0.01	23	30521	买盘
11:01:52	13.26	--	2	2652	卖盘
11:01:18	13.26	--	1	1326	卖盘
11:00:27	13.26	--	2	2652	卖盘
11:00:07	13.26	--	0	0	中性盘
10:59:52	13.26	--	5	6630	卖盘
10:59:27	13.26	--	0	0	中性盘
10:59:16	13.26	--	14	18564	买盘
10:59:12	13.26	--	11	14586	买盘
10:58:07	13.26	--	0	0	中性盘
10:57:52	13.26	-0.01	2	2652	卖盘
10:57:37	13.27	-0.01	14	18578	卖盘
10:57:31	13.28	0.01	22	29216	买盘
10:57:27	13.27	--	20	26540	卖盘
10:57:22	13.27	--	11	14597	卖盘
10:57:12	13.27	--	10	13270	卖盘
10:56:52	13.27	--	10	13270	卖盘
10:56:37	13.27	0.01	20	26540	买盘
10:56:27	13.26	--	26	34476	卖盘
10:56:07	13.26	--	47	62322	买盘
10:56:01	13.26	0.01	4	5304	买盘
10:55:42	13.25	-0.01	87	115275	卖盘
10:55:27	13.26	0.01	4	5304	买盘
10:55:16	13.25	0.03	159	210688	买盘
10:54:52	13.22	--	6	7932	卖盘
10:54:42	13.22	0.01	4	5288	买盘
10:53:52	13.21	0.01	47	62087	买盘
10:53:46	13.2	-0.01	2	2640	卖盘
10:53:31	13.21	--	0	0	买盘
10:53:25	13.21	0.02	15	19815	买盘
10:53:16	13.19	--	8	10552	卖盘
10:53:10	13.19	--	9	11871	卖盘
10:53:06	13.19	--	15	19785	卖盘
10:53:01	13.19	--	27	35613	卖盘
10:52:51	13.19	0.02	64	84416	买盘
10:52:46	13.17	-0.02	104	136968	卖盘
10:52:40	13.19	--	97	127943	买盘
10:52:36	13.19	--	66	87054	买盘
10:52:31	13.19	0.02	18	23742	买盘
10:52:21	13.17	--	0	0	卖盘
10:52:16	13.17	-0.01	13	17121	卖盘
10:52:10	13.18	0.02	4	5272	买盘
10:52:06	13.16	-0.01	24	31584	卖盘
10:52:01	13.17	0.01	64	84288	买盘
10:51:51	13.16	--	31	40796	卖盘
10:51:46	13.16	-0.01	53	69748	卖盘
10:51:40	13.17	--	50	65850	买盘
10:51:36	13.17	-0.01	89	117213	卖盘
10:51:31	13.18	0.01	32	42176	买盘
10:51:21	13.17	-0.01	23	30291	卖盘
10:51:16	13.18	--	25	32950	买盘
10:51:10	13.18	--	2	2636	卖盘
10:51:06	13.18	-0.01	141	185838	卖盘
10:51:01	13.19	--	54	71226	买盘
10:50:51	13.19	--	175	230825	卖盘
10:50:46	13.19	--	164	216316	卖盘
10:50:40	13.19	-0.02	93	122667	卖盘
10:50:36	13.21	0.02	10	13210	买盘
10:50:31	13.19	-0.01	124	163556	卖盘
10:50:21	13.2	--	57	75240	买盘
10:50:16	13.2	--	27	35640	卖盘
10:50:10	13.2	--	5	6600	卖盘
10:50:06	13.2	--	8	10560	卖盘
10:50:01	13.2	--	12	15840	卖盘
10:49:51	13.2	--	20	26400	卖盘
10:49:46	13.2	--	28	36960	卖盘
10:49:40	13.2	--	37	48840	卖盘
10:49:36	13.2	--	50	66000	卖盘
10:49:31	13.2	-0.01	49	64680	卖盘
10:49:16	13.21	--	8	10568	卖盘
10:49:10	13.21	--	5	6605	卖盘
10:49:06	13.21	--	6	7926	卖盘
10:49:01	13.21	--	8	10568	卖盘
10:48:51	13.21	--	6	7926	卖盘
10:48:46	13.21	--	1	1321	卖盘
10:48:36	13.21	--	1	1321	卖盘
10:48:31	13.21	--	2	2642	卖盘
10:48:21	13.21	--	2	2642	卖盘
10:48:16	13.21	--	4	5284	卖盘
10:48:10	13.21	--	5	6605	卖盘
10:48:06	13.21	--	7	9247	卖盘
10:48:01	13.21	-0.01	7	9247	卖盘
10:47:51	13.22	--	10	13220	卖盘
10:47:46	13.22	--	5	6610	卖盘
10:47:40	13.22	--	4	5288	卖盘
10:47:34	13.22	--	5	6610	卖盘
10:47:31	13.22	--	2	2644	卖盘
10:47:25	13.22	-0.01	3	3966	卖盘
10:47:16	13.23	0.01	35	46305	买盘
10:47:10	13.22	--	8	10576	卖盘
10:47:04	13.22	--	11	14542	卖盘
10:47:01	13.22	--	15	19830	卖盘
10:46:55	13.22	-0.01	14	18508	卖盘
10:46:49	13.23	--	30	39690	买盘
10:46:40	13.23	--	7	9261	卖盘
10:46:34	13.23	--	3	3969	卖盘
10:46:30	13.23	--	4	5292	卖盘
10:46:25	13.23	--	2	2646	卖盘
10:46:15	13.23	--	3	3969	卖盘
10:46:10	13.23	--	5	6615	卖盘
10:46:04	13.23	--	6	7938	卖盘
10:46:00	13.23	--	7	9261	卖盘
10:45:55	13.23	--	7	9261	卖盘
10:45:45	13.23	--	0	0	卖盘
10:45:40	13.23	-0.01	12	15876	卖盘
10:45:34	13.24	0.01	20	26480	买盘
10:45:30	13.23	--	21	27783	卖盘
10:45:25	13.23	--	15	19845	卖盘
10:45:19	13.23	0.01	13	17199	买盘
10:45:15	13.22	0.01	2	2644	中性盘
10:45:10	13.21	-0.01	12	15852	卖盘
10:45:04	13.22	0.01	30	39660	买盘
10:45:00	13.21	--	28	36988	卖盘
10:44:55	13.21	--	36	47556	卖盘
10:44:45	13.21	-0.01	36	47556	卖盘
10:44:40	13.22	-0.01	2	2644	卖盘
10:44:25	13.23	-0.01	1	1323	卖盘
10:44:10	13.24	0.01	11	14564	买盘
10:44:04	13.23	-0.01	1	1323	卖盘
10:43:55	13.24	0.02	16	21184	买盘
10:43:45	13.22	--	1	1322	卖盘
10:43:40	13.22	--	10	13220	卖盘
10:43:34	13.22	--	4	5288	卖盘
10:43:30	13.22	-0.02	4	5288	卖盘
10:43:25	13.24	0.02	7	9268	买盘
10:43:15	13.22	--	3	3966	卖盘
10:43:10	13.22	--	2	2644	卖盘
10:43:04	13.22	0.02	33	43626	买盘
10:43:00	13.2	0.01	2	2640	卖盘
10:42:49	13.19	--	0	0	卖盘
10:42:45	13.19	-0.03	20	26380	卖盘
10:42:40	13.22	--	59	77998	买盘
10:42:34	13.22	0.03	45	59490	买盘
10:42:30	13.19	--	25	32975	卖盘
10:42:25	13.19	--	27	35613	卖盘
10:42:15	13.19	--	11	14509	卖盘
10:42:10	13.19	--	2	2638	卖盘
10:42:04	13.19	-0.03	3	3957	卖盘
10:42:00	13.22	0.04	8	10576	买盘
10:41:55	13.18	--	0	0	卖盘
10:41:49	13.18	--	0	0	卖盘
10:41:45	13.18	-0.04	41	54038	卖盘
10:41:40	13.22	0.04	46	60812	买盘
10:41:34	13.18	--	0	0	卖盘
10:41:30	13.18	--	12	15816	卖盘
10:41:25	13.18	--	11	14498	卖盘
10:41:15	13.18	--	12	15816	卖盘
10:41:04	13.18	-0.04	500	659000	卖盘
10:41:00	13.22	0.01	21	27762	买盘
10:40:55	13.21	--	13	17173	卖盘
10:40:49	13.21	--	50	66050	卖盘
10:40:40	13.21	--	33	43593	卖盘
10:40:34	13.21	--	52	68692	卖盘
10:40:28	13.21	--	36	47556	卖盘
10:40:24	13.21	--	1	1321	卖盘
10:40:19	13.21	0.02	47	62087	买盘
10:40:09	13.19	--	34	44846	卖盘
10:40:04	13.19	-0.02	32	42208	中性盘
10:39:58	13.21	--	0	0	买盘
10:39:54	13.21	0.01	23	30383	买盘
10:39:49	13.2	--	1	1320	卖盘
10:39:39	13.2	-0.01	2	2640	卖盘
10:39:34	13.21	--	14	18494	买盘
10:39:28	13.21	0.03	10	13210	中性盘
10:39:24	13.18	-0.03	515	678770	卖盘
10:39:19	13.21	--	27	35667	卖盘
10:39:13	13.21	-0.01	20	26420	卖盘
10:39:09	13.22	0.01	31	40982	买盘
10:39:04	13.21	--	38	50198	卖盘
10:38:58	13.21	--	40	52840	卖盘
10:38:54	13.21	--	20	26420	卖盘
10:38:49	13.21	--	33	43593	卖盘
10:38:39	13.21	--	0	0	卖盘
10:38:34	13.21	-0.04	20	26420	卖盘
10:38:28	13.25	--	5	6625	买盘
10:38:24	13.25	--	10	13250	买盘
10:38:19	13.25	0.04	2	2650	买盘
10:38:13	13.21	-0.04	4	5284	卖盘
10:38:04	13.25	--	16	22511	卖盘
10:37:49	13.25	--	83	109988	买盘
10:37:39	13.25	0.05	15	19875	买盘
10:37:34	13.2	--	73	96360	卖盘
10:37:28	13.2	-0.04	901	1189320	卖盘
10:37:24	13.24	--	3	3972	卖盘
10:37:04	13.24	--	32	42368	卖盘
10:36:58	13.24	-0.01	11	14564	卖盘
10:36:43	13.25	-0.01	142	188150	卖盘
10:36:39	13.26	--	229	303654	买盘
10:36:34	13.26	--	49	64974	卖盘
10:36:24	13.26	--	9	11934	卖盘
10:36:19	13.26	-0.01	8	10608	卖盘
10:36:09	13.27	--	20	26540	卖盘
10:36:04	13.27	--	4	5308	卖盘
10:35:54	13.27	--	6	7962	卖盘
10:35:49	13.27	--	4	5308	卖盘
10:35:43	13.27	--	3	3981	卖盘
10:35:39	13.27	--	5	6635	卖盘
10:35:34	13.27	0.01	13	17251	买盘
10:35:24	13.26	--	12	15912	卖盘
10:35:19	13.26	--	11	14586	卖盘
10:35:13	13.26	--	13	17238	卖盘
10:35:09	13.26	--	15	19890	卖盘
10:35:04	13.26	--	17	22542	卖盘
10:34:53	13.26	--	13	17238	卖盘
10:34:49	13.26	--	13	17238	卖盘
10:34:37	13.26	-0.01	20	26520	卖盘
10:34:33	13.27	--	4	5308	卖盘
10:34:28	13.27	--	4	5308	买盘
10:34:23	13.27	--	0	0	卖盘
10:34:19	13.27	--	24	31848	卖盘
10:34:13	13.27	--	5	6635	卖盘
10:34:07	13.27	-0.01	5	6635	卖盘
10:34:03	13.28	--	3	3984	买盘
10:33:58	13.28	--	10	14594	卖盘
10:33:43	13.28	--	1	1341	卖盘
10:33:33	13.28	--	1	1328	卖盘
10:33:28	13.28	--	1	1328	卖盘
10:33:18	13.28	--	2	2656	卖盘
10:33:13	13.28	--	7	9296	卖盘
10:33:07	13.28	--	16	21248	买盘
10:32:58	13.28	--	4	5312	卖盘
10:32:48	13.28	--	6	7968	卖盘
10:32:43	13.28	--	1	1328	卖盘
10:32:37	13.28	--	2	2656	卖盘
10:32:33	13.28	--	1	1328	卖盘
10:32:28	13.28	--	2	2656	卖盘
10:32:18	13.28	--	3	3984	卖盘
10:32:13	13.28	--	3	3984	卖盘
10:32:07	13.28	--	9	11952	卖盘
10:32:03	13.28	--	4	5312	卖盘
10:31:58	13.28	--	4	5312	卖盘
10:31:48	13.28	--	5	6640	卖盘
10:31:43	13.28	--	1	1328	卖盘
10:31:37	13.28	--	1	1328	卖盘
10:31:33	13.28	--	1	1328	卖盘
10:31:28	13.28	--	1	1328	卖盘
10:31:18	13.28	--	1	1328	卖盘
10:31:13	13.28	--	2	2656	卖盘
10:31:07	13.28	--	2	2656	卖盘
10:31:03	13.28	--	1	1328	卖盘
10:30:58	13.28	--	2	2656	卖盘
10:30:48	13.28	--	1	1328	卖盘
10:30:43	13.28	-0.01	1	1328	卖盘
10:30:37	13.29	0.01	3	3986	中性盘
10:30:33	13.28	--	1	1328	卖盘
10:30:28	13.28	-0.02	2	2656	卖盘
10:30:18	13.3	--	3	3990	卖盘
10:30:13	13.3	--	1	1330	卖盘
10:30:07	13.3	--	4	5320	卖盘
10:30:03	13.3	--	24	31920	卖盘
10:29:58	13.3	--	6	7980	卖盘
10:29:48	13.3	--	6	7980	卖盘
10:29:43	13.3	0.02	56	74480	买盘
10:29:37	13.28	--	3	3984	卖盘
10:29:33	13.28	--	8	10624	卖盘
10:29:28	13.28	--	34	45152	卖盘
10:29:22	13.28	--	1	1328	卖盘
10:29:18	13.28	--	10	13280	卖盘
10:29:13	13.28	--	10	13280	卖盘
10:29:07	13.28	--	11	14608	卖盘
10:29:03	13.28	--	12	15936	卖盘
10:28:58	13.28	--	12	15936	卖盘
10:28:43	13.28	--	14	18592	卖盘
10:28:33	13.28	--	3	3984	卖盘
10:28:28	13.28	0.01	8	10624	买盘
10:28:18	13.27	--	12	15924	卖盘
10:28:03	13.27	--	3	3981	卖盘
10:27:52	13.27	-0.01	2	2654	卖盘
10:27:42	13.28	-0.03	82	108896	卖盘
10:27:22	13.31	--	0	0	买盘
10:27:07	13.31	--	10	13310	买盘
10:26:22	13.31	0.02	10	13310	买盘
10:26:12	13.29	--	25	33225	卖盘
10:25:31	13.29	0.01	1	1329	买盘
10:24:57	13.28	--	1	1328	卖盘
10:24:46	13.28	--	1	1328	卖盘
10:24:42	13.28	-0.01	1	1328	卖盘
10:24:22	13.29	-0.02	9	11961	卖盘
10:24:12	13.31	--	3	3993	买盘
10:23:57	13.31	--	20	26620	买盘
10:23:22	13.31	--	0	0	买盘
10:23:12	13.31	0.03	3	3993	买盘
10:22:52	13.28	--	21	27888	买盘
10:22:22	13.28	--	78	103584	卖盘
10:21:56	13.28	--	54	71712	买盘
10:21:52	13.28	--	94	124832	买盘
10:21:42	13.28	--	16	21248	买盘
10:21:25	13.28	--	0	0	买盘
10:21:22	13.28	--	1	1328	买盘
10:21:10	13.28	--	3	3984	买盘
10:21:06	13.28	--	32	42496	买盘
10:21:01	13.28	--	2	2656	买盘
10:20:46	13.28	-0.03	28	37184	卖盘
10:20:36	13.31	--	5	6655	买盘
10:20:31	13.31	--	2	2662	买盘
10:20:21	13.31	0.02	26	34606	买盘
10:20:16	13.29	--	10	13290	卖盘
10:20:06	13.29	--	0	0	卖盘
10:20:01	13.29	-0.03	1	1329	卖盘
10:19:51	13.32	0.02	35	46620	买盘
10:19:46	13.3	--	20	26600	买盘
10:19:06	13.3	0.01	10	13300	买盘
10:18:46	13.29	--	29	38541	买盘
10:18:10	13.29	--	32	42528	买盘
10:17:55	13.29	0.01	2	2658	买盘
10:17:46	13.28	--	10	13280	卖盘
10:17:31	13.28	--	3	3984	卖盘
10:17:21	13.28	--	2	2656	卖盘
10:17:16	13.28	0.02	19	25232	买盘
10:17:10	13.26	-0.02	9	11934	卖盘
10:17:01	13.28	--	5	6640	卖盘
10:16:55	13.28	--	100	132800	卖盘
10:16:51	13.28	--	14	18592	卖盘
10:16:46	13.28	--	55	73040	卖盘
10:16:40	13.28	--	28	37184	卖盘
10:16:36	13.28	-0.01	84	111552	卖盘
10:16:31	13.29	0.01	52	69108	买盘
10:16:21	13.28	--	60	79680	卖盘
10:16:16	13.28	--	57	75696	卖盘
10:16:10	13.28	-0.01	59	78352	卖盘
10:16:06	13.29	0.01	116	154164	买盘
10:16:01	13.28	--	74	98272	卖盘
10:15:55	13.28	-0.01	10	13280	卖盘
10:15:46	13.29	0.01	1	1329	买盘
10:15:34	13.28	--	2	2656	卖盘
10:15:00	13.28	0.02	127	168656	买盘
10:14:00	13.26	-0.01	29	38454	卖盘
10:13:55	13.27	--	6	7962	卖盘
10:13:45	13.27	0.01	32	42464	买盘
10:13:25	13.26	--	3	3978	卖盘
10:13:00	13.26	--	5	6630	卖盘
10:12:49	13.26	-0.02	28	37128	卖盘
10:12:30	13.28	--	100	132800	买盘
10:12:19	13.28	0.01	1	1328	买盘
10:12:15	13.27	--	0	0	中性盘
10:12:04	13.27	-0.01	5	6635	卖盘
10:11:45	13.28	-0.01	4	5312	卖盘
10:11:34	13.29	--	97	128912	卖盘
10:11:19	13.29	0.01	47	62462	买盘
10:10:49	13.28	0.01	8	10624	买盘
10:10:40	13.27	--	2	2654	卖盘
10:10:15	13.27	--	15	19905	买盘
10:10:10	13.27	--	10	13270	买盘
10:09:49	13.27	--	0	0	买盘
10:09:45	13.27	0.01	53	70331	买盘
10:09:40	13.26	0.01	2	2652	买盘
10:09:30	13.25	--	3	3975	卖盘
10:09:14	13.25	--	60	79500	买盘
10:09:09	13.25	--	18	23850	买盘
10:09:00	13.25	--	110	145750	买盘
10:08:54	13.25	--	12	15900	买盘
10:08:39	13.25	0.01	4	5300	买盘
10:08:34	13.24	--	27	35748	买盘
10:08:24	13.24	--	67	88708	买盘
10:08:19	13.24	--	15	19860	买盘
10:08:13	13.24	--	3	3972	买盘
10:08:09	13.24	--	5	6620	买盘
10:08:04	13.24	--	5	6620	买盘
10:07:54	13.24	--	2	2648	买盘
10:07:49	13.24	--	41	54284	买盘
10:07:43	13.24	--	0	0	买盘
10:07:39	13.24	0.01	2	2648	买盘
10:07:28	13.23	--	0	0	卖盘
10:07:24	13.23	--	20	26460	卖盘
10:07:13	13.23	-0.01	21	27783	卖盘
10:07:09	13.24	--	37	48988	卖盘
10:07:04	13.24	-0.01	10	13240	卖盘
10:06:54	13.25	--	93	123225	卖盘
10:06:49	13.25	--	34	45050	卖盘
10:06:43	13.25	-0.01	119	157675	卖盘
10:06:39	13.26	--	69	92554	卖盘
10:06:34	13.26	-0.01	123	163098	卖盘
10:06:28	13.27	--	1	1327	买盘
10:06:24	13.27	--	143	189761	卖盘
10:06:19	13.27	--	158	209666	卖盘
10:06:13	13.27	--	3	3981	卖盘
10:06:09	13.27	--	71	94217	卖盘
10:06:04	13.27	-0.01	52	69004	卖盘
10:05:53	13.28	--	71	94288	卖盘
10:05:49	13.28	--	23	30544	卖盘
10:05:39	13.28	-0.01	15	19920	卖盘
10:05:28	13.29	--	4	5316	卖盘
10:05:24	13.29	-0.01	161	213969	卖盘
10:05:19	13.3	0.01	29	38570	买盘
10:05:09	13.29	-0.01	32	42528	卖盘
10:05:04	13.3	--	3	3990	买盘
10:04:58	13.3	--	15	19950	卖盘
10:04:54	13.3	--	1	1330	卖盘
10:04:49	13.3	--	1	1330	卖盘
10:04:39	13.3	--	1	1330	卖盘
10:04:34	13.3	-0.01	2	2660	卖盘
10:04:28	13.31	0.01	20	26620	买盘
10:04:24	13.3	--	2	2660	卖盘
10:04:19	13.3	--	20	26600	卖盘
10:04:09	13.3	--	3	3990	卖盘
10:04:04	13.3	--	3	3990	卖盘
10:03:58	13.3	--	5	6650	卖盘
10:03:54	13.3	-0.02	4	5320	卖盘
10:03:49	13.32	0.02	7	9324	买盘
10:03:39	13.3	-0.02	5	6650	卖盘
10:03:34	13.32	--	1	1332	卖盘
10:03:28	13.32	-0.01	51	67932	卖盘
10:03:23	13.33	0.01	5	6665	买盘
10:03:03	13.32	--	1	1332	卖盘
10:02:58	13.32	--	1	1332	卖盘
10:02:53	13.32	-0.01	1	1332	卖盘
10:02:48	13.33	0.01	43	57319	买盘
10:02:38	13.32	--	17	22644	卖盘
10:02:33	13.32	0.03	22	29304	买盘
10:02:28	13.29	--	20	26580	卖盘
10:02:18	13.29	-0.01	26	34554	卖盘
10:02:13	13.3	--	26	34580	卖盘
10:02:07	13.3	0.01	9	11970	买盘
10:02:03	13.29	--	26	34554	卖盘
10:01:58	13.29	--	2	2658	卖盘
10:01:52	13.29	--	2	2658	卖盘
10:01:48	13.29	--	3	3986	卖盘
10:01:33	13.29	0.01	6	7973	买盘
10:01:28	13.28	--	11	14608	卖盘
10:01:22	13.28	--	3	3984	卖盘
10:01:18	13.28	0.01	6	7968	卖盘
10:01:13	13.27	-0.01	59	78293	卖盘
10:01:07	13.28	--	10	13280	卖盘
10:01:03	13.28	0.01	99	131472	买盘
10:00:58	13.27	--	91	120757	卖盘
10:00:52	13.27	-0.01	170	225590	卖盘
10:00:48	13.28	0.01	146	193888	买盘
10:00:43	13.27	--	9	11943	卖盘
10:00:37	13.27	-0.01	1	1327	买盘
10:00:33	13.28	0.01	400	531200	买盘
10:00:28	13.27	--	10	13270	卖盘
10:00:22	13.27	--	188	249476	卖盘
10:00:18	13.27	-0.01	68	90236	卖盘
10:00:13	13.28	--	55	73040	买盘
10:00:07	13.28	0.01	10	13280	买盘
10:00:03	13.27	-0.01	69	91563	卖盘
09:59:58	13.28	--	1	1328	买盘
09:59:52	13.28	--	20	26560	买盘
09:59:48	13.28	--	51	67728	卖盘
09:59:43	13.28	--	7	9296	卖盘
09:59:33	13.28	--	2	2656	卖盘
09:59:28	13.28	--	3	3984	卖盘
09:59:22	13.28	--	4	5312	卖盘
09:59:18	13.28	--	4	5312	卖盘
09:59:03	13.28	-0.02	24	31872	卖盘
09:58:58	13.3	0.01	3	3990	买盘
09:58:52	13.29	--	2	2658	卖盘
09:58:48	13.29	--	2	2658	卖盘
09:58:43	13.29	--	4	5316	卖盘
09:58:33	13.29	--	13	17277	卖盘
09:58:28	13.29	--	4	5316	卖盘
09:58:22	13.29	--	5	6645	卖盘
09:58:18	13.29	-0.03	4	5316	卖盘
09:58:13	13.32	--	0	0	买盘
09:58:07	13.32	0.02	100	133200	买盘
09:58:03	13.3	0.01	4	5320	卖盘
09:57:58	13.29	--	0	0	卖盘
09:57:52	13.29	-0.02	9	11961	卖盘
09:57:48	13.31	--	2	2662	卖盘
09:57:43	13.31	--	12	15972	卖盘
09:57:33	13.31	--	15	19965	卖盘
09:57:28	13.31	--	11	14641	卖盘
09:57:22	13.31	--	5	6655	卖盘
09:57:18	13.31	--	3	3993	卖盘
09:57:13	13.31	0.02	64	85184	买盘
09:57:07	13.29	--	4	5316	卖盘
09:56:58	13.29	--	1	1329	卖盘
09:56:52	13.29	--	10	13290	卖盘
09:56:43	13.29	--	1	1329	卖盘
09:56:33	13.29	--	23	30566	卖盘
09:56:27	13.29	--	23	30566	卖盘
09:56:22	13.29	--	6	7973	卖盘
09:56:16	13.29	0.01	4	5316	卖盘
09:56:07	13.28	--	0	0	卖盘
09:54:42	13.28	--	34	45152	买盘
09:54:27	13.28	--	30	39840	买盘
09:54:16	13.28	0.01	14	18592	卖盘
09:54:01	13.27	--	33	43791	卖盘
09:53:57	13.27	--	0	0	卖盘
09:53:52	13.27	--	0	0	卖盘
09:53:46	13.27	--	24	31848	卖盘
09:53:42	13.27	-0.01	36	47772	卖盘
09:53:37	13.28	0.01	91	120848	买盘
09:53:31	13.27	-0.01	48	63696	卖盘
09:53:16	13.28	--	32	42496	卖盘
09:53:12	13.28	-0.04	215	285520	卖盘
09:53:07	13.32	--	0	0	买盘
09:52:52	13.32	0.04	27	35964	买盘
09:52:37	13.28	-0.04	5	6640	卖盘
09:52:31	13.32	0.04	17	22644	买盘
09:52:27	13.28	--	15	19920	卖盘
09:52:22	13.28	--	38	50464	卖盘
09:52:16	13.28	--	28	37184	卖盘
09:52:12	13.28	--	26	34528	卖盘
09:52:07	13.28	0.01	36	47808	中性盘
09:52:01	13.27	--	5	6900	买盘
09:51:52	13.27	--	5	6635	买盘
09:51:42	13.27	--	36	48833	卖盘
09:51:37	13.27	--	0	0	卖盘
09:51:31	13.27	--	0	0	卖盘
09:51:22	13.27	--	0	0	卖盘
09:51:12	13.27	0.01	318	422251	中性盘
09:51:07	13.26	--	24	31824	卖盘
09:51:01	13.26	--	33	43758	卖盘
09:50:57	13.26	--	110	145860	卖盘
09:50:52	13.26	--	61	80886	卖盘
09:50:46	13.26	--	33	43758	卖盘
09:50:41	13.26	0.01	66	87516	卖盘
09:50:36	13.25	-0.01	1132	1499900	卖盘
09:50:31	13.26	--	4	5304	卖盘
09:50:27	13.26	--	54	71604	卖盘
09:50:22	13.26	-0.02	80	106080	卖盘
09:50:16	13.28	--	0	0	买盘
09:50:11	13.28	0.01	12	15936	买盘
09:50:06	13.27	--	4	5308	卖盘
09:50:01	13.27	--	12	15924	卖盘
09:49:55	13.27	-0.01	7	9289	卖盘
09:49:51	13.28	0.01	53	70384	买盘
09:49:46	13.27	-0.01	58	76966	卖盘
09:49:36	13.28	--	56	74368	买盘
09:49:31	13.28	--	3	3984	买盘
09:49:10	13.28	--	80	106240	买盘
09:49:06	13.28	0.01	78	103584	买盘
09:49:01	13.27	-0.01	3	3981	卖盘
09:48:51	13.28	--	10	13280	买盘
09:48:46	13.28	--	0	0	买盘
09:48:36	13.28	0.02	102	135456	买盘
09:48:31	13.26	-0.01	48	63648	卖盘
09:48:25	13.27	--	0	0	中性盘
09:48:16	13.27	-0.01	12	15924	卖盘
09:48:06	13.28	--	7	9296	买盘
09:48:01	13.28	--	78	103584	买盘
09:47:55	13.28	--	5	6640	买盘
09:47:51	13.28	-0.01	33	43824	卖盘
09:47:46	13.29	--	10	13290	买盘
09:47:40	13.29	--	5	6645	买盘
09:47:36	13.29	--	200	265800	买盘
09:47:31	13.29	0.01	60	79740	买盘
09:47:21	13.28	--	10	13280	卖盘
09:47:16	13.28	--	28	37184	买盘
09:47:06	13.28	0.02	10	13280	买盘
09:47:01	13.26	-0.01	20	26520	卖盘
09:46:55	13.27	0.01	27	35829	买盘
09:46:51	13.26	--	0	0	中性盘
09:46:46	13.26	-0.01	10	13260	卖盘
09:46:36	13.27	--	5	6635	买盘
09:46:31	13.27	--	105	139335	买盘
09:46:25	13.27	0.02	10	13270	买盘
09:46:21	13.25	-0.02	41	54325	卖盘
09:46:16	13.27	0.02	25	33175	买盘
09:46:10	13.25	-0.03	61	80825	卖盘
09:46:06	13.28	--	7	9296	买盘
09:46:01	13.28	--	115	152720	买盘
09:45:55	13.28	--	7	9296	买盘
09:45:51	13.28	--	7	9296	买盘
09:45:46	13.28	--	14	18592	卖盘
09:45:40	13.28	--	26	34528	买盘
09:45:36	13.28	--	1	1328	买盘
09:45:30	13.28	--	1	1328	卖盘
09:45:25	13.28	--	19	25232	买盘
09:45:21	13.28	--	5	6640	买盘
09:45:16	13.28	--	5	6640	买盘
09:45:06	13.28	-0.02	79	104912	卖盘
09:45:00	13.3	--	23	30590	买盘
09:44:45	13.3	-0.04	901	1198330	卖盘
09:44:30	13.34	0.01	100	133400	买盘
09:44:16	13.33	0.01	21	27993	买盘
09:44:04	13.32	-0.01	1	1332	卖盘
09:44:00	13.33	-0.01	4	5332	买盘
09:43:55	13.34	--	0	0	买盘
09:43:45	13.34	--	14	18676	买盘
09:43:40	13.34	0.01	6	8004	买盘
09:43:34	13.33	-0.01	55	73315	中性盘
09:43:30	13.34	--	5	6670	买盘
09:43:15	13.34	--	12	16008	买盘
09:43:10	13.34	-0.01	23	30682	卖盘
09:42:49	13.35	--	0	0	买盘
09:42:45	13.35	0.05	36	48060	卖盘
09:42:25	13.3	--	0	0	卖盘
09:42:19	13.3	-0.08	350	465500	卖盘
09:42:10	13.38	--	0	0	买盘
09:42:00	13.38	0.05	14	18732	买盘
09:41:55	13.33	-0.06	16	21328	卖盘
09:41:49	13.39	0.04	800	1071200	买盘
09:41:45	13.35	--	10	13350	买盘
09:41:40	13.35	--	5	6675	买盘
09:41:25	13.35	0.05	6	8010	买盘
09:41:15	13.3	-0.03	238	316540	卖盘
09:41:10	13.33	--	14	18662	卖盘
09:41:04	13.33	-0.02	23	30659	卖盘
09:41:00	13.35	--	21	28035	买盘
09:40:55	13.35	--	5	6675	买盘
09:40:49	13.35	--	29	38715	买盘
09:40:45	13.35	0.02	13	17355	买盘
09:40:40	13.33	-0.02	1	1333	卖盘
09:40:34	13.35	--	9	12015	买盘
09:40:25	13.35	-0.03	707	943845	卖盘
09:40:15	13.38	--	20	26760	卖盘
09:40:04	13.38	--	40	53520	卖盘
09:40:00	13.38	0.01	5	6690	中性盘
09:39:55	13.37	-0.01	48	64175	卖盘
09:39:49	13.38	--	2	2676	卖盘
09:39:45	13.38	--	16	21408	买盘
09:39:40	13.38	--	5	6690	买盘
09:39:30	13.38	0.01	50	66900	卖盘
09:39:25	13.37	-0.01	10	13370	卖盘
09:39:19	13.38	--	26	34788	买盘
09:39:04	13.38	--	77	103026	卖盘
09:39:00	13.38	--	60	80280	卖盘
09:38:45	13.38	--	0	0	卖盘
09:38:40	13.38	-0.02	12	16056	卖盘
09:38:15	13.4	--	10	13400	买盘
09:38:09	13.4	0.02	3	4020	买盘
09:38:04	13.38	--	14	18732	卖盘
09:37:49	13.38	-0.01	99	132462	卖盘
09:37:44	13.39	--	18	24102	卖盘
09:37:40	13.39	-0.01	10	13390	卖盘
09:37:34	13.4	--	27	36180	买盘
09:37:24	13.4	--	11	14994	卖盘
09:37:13	13.4	-0.01	73	97820	卖盘
09:37:09	13.41	0.01	5	6705	买盘
09:37:04	13.4	-0.01	204	273360	卖盘
09:36:58	13.41	--	30	40230	买盘
09:36:49	13.41	-0.01	103	138123	中性盘
09:36:43	13.42	0.01	25	33550	买盘
09:36:39	13.41	0.01	34	45594	中性盘
09:36:34	13.4	-0.01	200	268000	卖盘
09:36:28	13.41	-0.01	5	6705	卖盘
09:36:24	13.42	--	60	80520	买盘
09:36:19	13.42	--	3	4026	买盘
09:36:13	13.42	--	5	6710	买盘
09:36:09	13.42	--	20	26840	买盘
09:36:04	13.42	--	17	22814	买盘
09:35:58	13.42	--	33	44286	买盘
09:35:54	13.42	0.01	8	10736	买盘
09:35:49	13.41	-0.01	4	5364	卖盘
09:35:43	13.42	--	73	97966	卖盘
09:35:39	13.42	--	78	104676	卖盘
09:35:34	13.42	--	1	1342	卖盘
09:35:28	13.42	-0.01	20	26840	卖盘
09:35:24	13.43	0.01	1	1343	买盘
09:35:13	13.42	-0.01	2	2684	卖盘
09:35:09	13.43	0.02	62	84353	买盘
09:35:04	13.41	--	75	100575	买盘
09:34:58	13.41	--	20	26820	买盘
09:34:54	13.41	-0.01	91	122285	卖盘
09:34:49	13.42	0.01	1	1342	买盘
09:34:39	13.41	0.01	48	65454	买盘
09:34:34	13.4	-0.02	61	81740	卖盘
09:34:24	13.42	--	106	142506	卖盘
09:34:19	13.42	--	41	55022	买盘
09:34:13	13.42	0.01	42	57451	买盘
09:34:09	13.41	--	37	49871	卖盘
09:33:58	13.41	0.01	3	4023	卖盘
09:33:54	13.4	--	128	171520	卖盘
09:33:49	13.4	--	2	2680	卖盘
09:33:43	13.4	--	27	36180	卖盘
09:33:39	13.4	--	33	45305	卖盘
09:33:33	13.4	-0.01	56	75040	卖盘
09:33:28	13.41	0.01	1	1341	买盘
09:33:24	13.4	--	17	22780	买盘
09:33:18	13.4	--	5	6700	买盘
09:33:09	13.4	--	25	33500	买盘
09:33:03	13.4	-0.03	19	25460	卖盘
09:32:54	13.43	--	1256	1686808	买盘
09:32:48	13.43	--	22	29546	买盘
09:32:43	13.43	-0.01	12	16116	卖盘
09:32:39	13.44	--	13	17472	买盘
09:32:33	13.44	0.04	6	8064	买盘
09:32:24	13.4	-0.04	306	410040	卖盘
09:32:18	13.44	-0.01	9	12096	买盘
09:32:13	13.45	--	0	0	买盘
09:32:09	13.45	0.02	77	103565	买盘
09:32:03	13.43	0.02	27	36261	中性盘
09:31:58	13.41	-0.02	2	2682	卖盘
09:31:53	13.43	-0.01	10	13430	买盘
09:31:48	13.44	0.04	18	24192	买盘
09:31:43	13.4	-0.03	95	127300	卖盘
09:31:38	13.43	-0.02	6	8058	中性盘
09:31:33	13.45	0.02	1112	1495640	买盘
09:31:28	13.43	--	14	18802	买盘
09:31:18	13.43	--	0	0	买盘
09:31:13	13.43	-0.02	1	1343	中性盘
09:31:07	13.45	--	6	8070	买盘
09:31:03	13.45	--	140	188300	买盘
09:30:58	13.45	0.1	19	25555	买盘
09:30:52	13.35	-0.15	5	6675	卖盘
09:30:48	13.5	0.03	1040	1404000	买盘
09:30:43	13.47	--	90	121230	买盘
09:30:37	13.47	--	46	62123	卖盘
09:30:33	13.47	--	23	30981	卖盘
09:30:28	13.47	0.09	935	1260630	买盘
09:30:22	13.38	0.04	10	13380	中性盘
09:30:18	13.34	-0.05	51	68034	卖盘
09:30:13	13.39	--	116	155324	买盘
09:30:07	13.39	0.01	68	91052	买盘
09:30:03	13.38	-0.02	261	349218	卖盘
09:28:47	13.4	--	0	0	买盘
09:25:06	13.4	13.4	178	238520	买盘
