成交时间	成交价	价格变动	成交量(手)	成交额(元)	性质
15:00:00	23.05	--	0	0	卖盘
15:00:00	23.05	--	0	0	卖盘
15:00:00	23.05	0.01	62	142910	买盘
14:59:52	23.04	--	37	85248	卖盘
14:59:18	23.04	--	10	23040	卖盘
14:59:07	23.04	0.01	6	13824	中性盘
14:58:57	23.03	-0.01	48	110544	卖盘
14:58:52	23.04	--	42	98472	卖盘
14:58:42	23.04	-0.01	24	55296	卖盘
14:58:37	23.05	--	54	124470	买盘
14:58:27	23.05	0.01	10	23050	买盘
14:58:22	23.04	-0.01	3	6912	卖盘
14:58:12	23.05	-0.01	35	80675	卖盘
14:58:07	23.06	0.01	197	454282	买盘
14:57:52	23.05	--	22	50710	卖盘
14:57:47	23.05	-0.01	8	18440	卖盘
14:57:42	23.06	0.01	7	16142	买盘
14:57:37	23.05	-0.01	1	2305	卖盘
14:57:27	23.06	0.01	2	4612	买盘
14:57:17	23.05	--	30	69150	买盘
14:57:12	23.05	--	22	50710	买盘
14:57:07	23.05	--	26	59930	买盘
14:57:02	23.05	--	26	59930	买盘
14:56:57	23.05	--	13	29965	买盘
14:56:52	23.05	0.01	11	25355	买盘
14:56:47	23.04	-0.01	10	24883	卖盘
14:56:42	23.05	--	2	4610	买盘
14:56:32	23.05	0.01	2	4610	买盘
14:56:01	23.04	-0.01	15	34560	买盘
14:55:52	23.05	0.01	13	29965	买盘
14:55:46	23.04	-0.02	1	2304	卖盘
14:55:42	23.06	0.01	151	348206	买盘
14:55:31	23.05	--	0	0	买盘
14:55:22	23.05	0.02	5	11525	买盘
14:55:16	23.03	-0.01	3	6909	卖盘
14:54:57	23.04	--	4	9216	卖盘
14:54:42	23.04	0.01	1	2304	买盘
14:54:37	23.03	-0.02	5	11515	卖盘
14:54:16	23.05	0.02	123	283515	买盘
14:54:07	23.03	--	0	0	卖盘
14:54:01	23.03	-0.01	58	133574	卖盘
14:53:52	23.04	--	7	16128	买盘
14:53:46	23.04	--	8	18432	卖盘
14:53:42	23.04	--	5	11520	卖盘
14:53:31	23.04	--	2	4608	买盘
14:53:22	23.04	--	7	16128	买盘
14:53:16	23.04	--	5	11520	买盘
14:53:12	23.04	-0.01	1	2304	卖盘
14:52:52	23.05	0.01	5	11525	买盘
14:52:46	23.04	-0.01	3	6912	卖盘
14:52:11	23.05	--	5	11525	卖盘
14:52:01	23.05	-0.01	1	2305	卖盘
14:51:57	23.06	--	1	2306	买盘
14:51:51	23.06	0.01	1	2306	买盘
14:51:46	23.05	--	4	9220	买盘
14:51:41	23.05	0.02	10	23050	买盘
14:51:26	23.03	--	3	6909	卖盘
14:51:21	23.03	-0.01	62	142786	卖盘
14:51:16	23.04	--	1	2304	买盘
14:51:11	23.04	-0.02	1	2304	卖盘
14:51:06	23.06	0.01	12	27672	买盘
14:51:01	23.05	0.01	1	2305	买盘
14:50:56	23.04	-0.02	1	2304	卖盘
14:50:46	23.06	--	0	0	买盘
14:50:36	23.06	--	33	76098	买盘
14:50:31	23.06	0.01	4	9224	买盘
14:50:21	23.05	-0.01	3	6915	卖盘
14:50:06	23.06	0.02	136	313616	买盘
14:50:01	23.04	0.01	9	20736	卖盘
14:49:46	23.03	--	0	0	卖盘
14:49:36	23.03	--	0	0	卖盘
14:49:31	23.03	-0.03	1	2303	卖盘
14:49:21	23.06	0.03	20	46120	买盘
14:49:16	23.03	-0.03	30	69090	卖盘
14:49:10	23.06	--	49	112994	买盘
14:49:01	23.06	--	78	179868	买盘
14:48:46	23.06	0.01	100	230600	买盘
14:48:40	23.05	0.02	2	4610	买盘
14:48:31	23.03	--	0	0	卖盘
14:48:25	23.03	-0.03	130	299390	卖盘
14:48:10	23.06	--	38	87628	买盘
14:48:01	23.06	--	79	182174	买盘
14:47:54	23.06	0.01	4	9224	买盘
14:47:40	23.05	-0.01	1	2305	卖盘
14:47:25	23.06	--	4	9224	买盘
14:47:10	23.06	--	35	80710	买盘
14:47:01	23.06	--	1	2306	买盘
14:46:55	23.06	--	4	9224	买盘
14:46:46	23.06	0.02	1	2306	买盘
14:46:40	23.04	--	0	0	卖盘
14:46:36	23.04	-0.02	10	23040	卖盘
14:46:31	23.06	--	105	242130	买盘
14:46:25	23.06	--	4	9224	买盘
14:46:16	23.06	-0.01	37	85322	卖盘
14:46:10	23.07	--	34	78438	买盘
14:46:01	23.07	0.01	101	233007	买盘
14:45:55	23.06	--	23	53038	买盘
14:45:36	23.06	--	22	51654	卖盘
14:45:30	23.06	-0.01	27	63645	卖盘
14:45:25	23.07	0.01	4	9228	买盘
14:45:00	23.06	0.01	91	209846	买盘
14:44:55	23.05	-0.01	29	66845	卖盘
14:44:40	23.06	--	36	83016	买盘
14:44:25	23.06	0.01	4	9224	买盘
14:44:15	23.05	-0.01	8	18440	卖盘
14:44:10	23.06	0.02	40	92240	买盘
14:43:55	23.04	-0.01	6	13824	卖盘
14:43:50	23.05	-0.01	2	4610	买盘
14:43:30	23.06	0.01	100	230600	买盘
14:43:25	23.05	--	3	6915	买盘
14:43:20	23.05	--	1	2305	买盘
14:43:10	23.05	--	38	87590	买盘
14:42:54	23.05	--	15	34575	买盘
14:42:50	23.05	--	0	0	买盘
14:42:25	23.05	--	100	230500	买盘
14:42:10	23.05	0.02	36	82980	买盘
14:42:04	23.03	-0.02	10	23030	卖盘
14:41:59	23.05	0.01	4	9220	买盘
14:41:55	23.04	--	0	0	中性盘
14:41:49	23.04	-0.01	1	2304	买盘
14:41:40	23.05	0.02	100	230500	买盘
14:41:25	23.03	-0.01	1	2303	买盘
14:41:10	23.04	-0.01	46	105984	卖盘
14:40:54	23.05	--	50	115250	买盘
14:40:49	23.05	0.02	51	117555	买盘
14:40:40	23.03	-0.01	5	11515	卖盘
14:40:30	23.04	--	11	25344	买盘
14:40:25	23.04	-0.01	8	18432	买盘
14:40:15	23.05	--	0	0	买盘
14:40:10	23.05	0.01	39	89895	买盘
14:40:04	23.04	-0.01	78	179712	买盘
14:39:55	23.05	--	21	48405	买盘
14:39:49	23.05	0.01	28	64540	买盘
14:39:44	23.04	--	1	2304	卖盘
14:39:25	23.04	--	9	20736	卖盘
14:39:10	23.04	-0.01	14	32256	中性盘
14:39:00	23.05	0.02	120	276600	买盘
14:38:55	23.03	--	5	12274	买盘
14:38:24	23.03	--	3	6909	中性盘
14:38:09	23.03	-0.01	155	356965	卖盘
14:37:54	23.04	--	4	9216	买盘
14:37:49	23.04	--	1	2304	买盘
14:37:29	23.04	--	8	18432	卖盘
14:37:14	23.04	--	0	0	中性盘
14:37:09	23.04	-0.01	39	89856	卖盘
14:37:04	23.05	--	0	0	中性盘
14:36:59	23.05	0.01	4	9220	卖盘
14:36:54	23.04	--	0	0	卖盘
14:36:49	23.04	-0.02	2	4608	卖盘
14:36:29	23.06	--	4	9224	买盘
14:36:14	23.06	--	32	73792	卖盘
14:36:09	23.06	0.02	6	13836	买盘
14:35:58	23.04	--	6	13824	卖盘
14:35:49	23.04	-0.03	2	4608	卖盘
14:35:43	23.07	--	0	0	买盘
14:35:28	23.07	0.01	55	126885	买盘
14:35:13	23.06	0.04	35	80710	卖盘
14:35:08	23.02	--	0	0	卖盘
14:35:03	23.02	-0.05	0	1381	卖盘
14:34:58	23.07	0.02	4	9228	买盘
14:34:54	23.05	-0.02	6	13830	卖盘
14:34:43	23.07	0.01	100	230700	买盘
14:34:38	23.06	--	0	0	买盘
14:34:28	23.06	0.01	4	9224	买盘
14:34:19	23.05	-0.01	26	59930	卖盘
14:34:13	23.06	--	0	0	买盘
14:34:09	23.06	0.01	34	78404	买盘
14:33:58	23.05	0.01	4	9220	买盘
14:33:43	23.04	--	56	129162	买盘
14:33:28	23.04	0.01	3	6912	买盘
14:33:19	23.03	-0.01	3	6909	卖盘
14:33:09	23.04	--	39	89856	买盘
14:32:58	23.04	--	4	9216	买盘
14:32:49	23.04	--	100	230400	买盘
14:32:39	23.04	0.03	1	2304	买盘
14:32:28	23.01	--	0	0	卖盘
14:32:24	23.01	-0.03	5	11505	卖盘
14:32:09	23.04	0.02	37	85248	买盘
14:32:04	23.02	0.01	1	2302	卖盘
14:31:58	23.01	--	0	0	卖盘
14:31:48	23.01	-0.03	10	23010	卖盘
14:31:43	23.04	0.02	100	230400	买盘
14:31:38	23.02	0.01	1	2302	买盘
14:31:33	23.01	--	10	23010	卖盘
14:31:28	23.01	-0.02	8	18408	卖盘
14:31:13	23.03	--	25	57575	卖盘
14:31:08	23.03	0.01	10	23030	买盘
14:30:58	23.02	-0.02	9	20718	卖盘
14:30:43	23.04	--	1	2304	买盘
14:30:33	23.04	--	152	350208	买盘
14:30:28	23.04	--	0	0	买盘
14:30:08	23.04	--	36	82944	买盘
14:30:03	23.04	-0.02	26	59904	卖盘
14:29:58	23.06	0.01	4	9224	买盘
14:29:48	23.05	--	4	9220	卖盘
14:29:38	23.05	-0.01	15	34575	卖盘
14:29:27	23.06	0.01	124	285944	买盘
14:29:13	23.05	0.01	10	23050	卖盘
14:29:07	23.04	--	0	0	中性盘
14:29:03	23.04	--	0	0	买盘
14:28:58	23.04	--	4	9216	买盘
14:28:52	23.04	--	9	20736	卖盘
14:28:47	23.04	--	2	4608	卖盘
14:28:37	23.04	-0.03	20	46080	卖盘
14:28:27	23.07	0.01	6	13842	买盘
14:28:21	23.06	0.02	6	13836	买盘
14:28:17	23.04	-0.02	4	9216	买盘
14:28:13	23.06	--	0	0	买盘
14:28:06	23.06	--	36	83016	买盘
14:28:02	23.06	0.02	120	276720	买盘
14:27:57	23.04	--	4	9216	买盘
14:27:28	23.04	--	4	9216	买盘
14:27:21	23.04	0.03	4	9216	中性盘
14:27:17	23.01	-0.04	20	46020	卖盘
14:27:13	23.05	--	0	0	买盘
14:27:07	23.05	0.01	37	85285	买盘
14:26:57	23.04	0.03	4	9216	中性盘
14:26:43	23.01	--	0	0	卖盘
14:26:22	23.01	--	16	38610	买盘
14:26:06	23.01	--	42	96642	买盘
14:25:57	23.01	--	3	6903	买盘
14:25:43	23.01	--	9	20709	买盘
14:25:28	23.01	--	4	9204	买盘
14:25:17	23.01	--	22	50622	买盘
14:25:06	23.01	-0.04	203	467609	卖盘
14:24:58	23.05	--	14	32270	卖盘
14:24:27	23.05	--	10	23050	卖盘
14:24:22	23.05	--	2	4610	卖盘
14:24:17	23.05	-0.01	142	327310	卖盘
14:24:12	23.06	--	20	46120	买盘
14:24:06	23.06	0.01	65	149890	买盘
14:24:02	23.05	-0.01	1	2305	卖盘
14:23:57	23.06	0.01	3	6918	买盘
14:23:51	23.05	--	91	209755	卖盘
14:23:47	23.05	-0.01	1	2305	卖盘
14:23:42	23.06	0.01	4	9224	买盘
14:23:32	23.05	--	55	126775	卖盘
14:23:21	23.05	--	1	2305	卖盘
14:23:12	23.05	--	122	283007	买盘
14:23:06	23.05	0.03	40	92200	买盘
14:23:02	23.02	-0.03	10	23020	卖盘
14:22:57	23.05	--	0	0	买盘
14:22:37	23.05	--	25	57625	买盘
14:22:26	23.05	--	0	0	买盘
14:22:06	23.05	0.02	37	85285	买盘
14:22:00	23.03	--	20	46060	卖盘
14:21:56	23.03	--	4	9212	买盘
14:21:36	23.03	--	3	6909	买盘
14:21:30	23.03	--	0	0	买盘
14:21:26	23.03	0.02	3	6909	买盘
14:21:21	23.01	-0.03	3	6903	卖盘
14:21:07	23.04	0.01	38	87552	买盘
14:20:56	23.03	--	5	11515	买盘
14:20:51	23.03	0.01	5	11515	卖盘
14:20:26	23.02	--	0	0	卖盘
14:20:21	23.02	--	2	4604	卖盘
14:20:16	23.02	--	31	71362	卖盘
14:20:11	23.02	-0.02	2	4604	卖盘
14:20:07	23.04	--	33	76032	买盘
14:20:00	23.04	--	39	91745	卖盘
14:19:56	23.04	-0.01	5	11520	卖盘
14:19:41	23.05	0.01	1	2305	买盘
14:19:36	23.04	--	1	2304	卖盘
14:19:30	23.04	-0.01	6	13824	卖盘
14:19:21	23.05	0.01	4	9220	买盘
14:19:15	23.04	--	2	4608	卖盘
14:19:11	23.04	-0.01	9	21150	卖盘
14:19:06	23.05	--	39	89895	买盘
14:18:56	23.05	--	3	6915	买盘
14:18:21	23.05	--	4	9220	买盘
14:18:06	23.05	0.01	37	85285	买盘
14:18:00	23.04	0.02	14	32256	买盘
14:17:56	23.02	--	0	0	卖盘
14:17:46	23.02	-0.02	4	9208	卖盘
14:17:21	23.04	--	0	0	买盘
14:17:15	23.04	--	0	0	中性盘
14:17:06	23.04	0.03	34	78336	买盘
14:17:00	23.01	-0.02	10	23010	卖盘
14:16:56	23.03	0.02	4	9212	买盘
14:16:21	23.01	--	0	0	卖盘
14:16:15	23.01	--	5	11505	卖盘
14:16:11	23.01	0.01	2	4602	卖盘
14:16:06	23.0	--	6	13800	买盘
14:15:55	23.0	--	4	9200	买盘
14:15:51	23.0	--	1	2300	买盘
14:15:45	23.0	-0.05	4	9200	卖盘
14:15:24	23.05	--	0	0	买盘
14:15:09	23.05	0.01	37	85285	买盘
14:15:05	23.04	0.07	10	23040	买盘
14:14:54	22.97	--	0	0	卖盘
14:14:45	22.97	--	0	0	卖盘
14:14:15	22.97	--	0	0	卖盘
14:14:09	22.97	--	121	278855	卖盘
14:14:05	22.97	--	0	0	卖盘
14:14:00	22.97	--	30	68910	卖盘
14:13:54	22.97	--	0	0	卖盘
14:13:45	22.97	-0.03	2	4594	卖盘
14:13:30	23.0	--	10	23000	买盘
14:13:24	23.0	--	504	1159200	买盘
14:13:15	23.0	-0.04	102	235980	卖盘
14:13:09	23.04	0.03	17	41011	买盘
14:13:00	23.01	--	1	2301	卖盘
14:12:54	23.01	-0.02	19	43719	卖盘
14:12:45	23.03	-0.02	2	4606	卖盘
14:12:39	23.05	--	0	0	买盘
14:12:24	23.05	--	4	9220	买盘
14:12:16	23.05	--	1	2305	买盘
14:12:09	23.05	--	39	89895	买盘
14:11:54	23.05	--	0	0	买盘
14:11:50	23.05	--	5	11525	买盘
14:11:45	23.05	--	6	13830	卖盘
14:11:39	23.05	-0.01	3	6915	卖盘
14:11:24	23.06	--	0	0	买盘
14:11:09	23.06	0.01	37	85322	买盘
14:11:05	23.05	--	4	9220	卖盘
14:10:54	23.05	--	0	0	中性盘
14:10:45	23.05	-0.01	4	9220	卖盘
14:10:24	23.06	--	6	13836	买盘
14:10:09	23.06	--	34	78404	买盘
14:10:00	23.06	0.05	10	23060	买盘
14:09:54	23.01	--	0	0	卖盘
14:09:39	23.01	-0.04	500	1150500	卖盘
14:09:30	23.05	-0.01	12	27660	卖盘
14:09:24	23.06	--	4	9224	买盘
14:09:09	23.06	--	40	92240	买盘
14:08:54	23.06	--	4	9224	买盘
14:08:24	23.06	--	5	11530	买盘
14:08:18	23.06	--	2	4612	买盘
14:08:09	23.06	--	37	85322	买盘
14:07:54	23.06	0.01	4	9224	买盘
14:07:44	23.05	-0.02	3	6915	卖盘
14:07:39	23.07	--	0	0	买盘
14:07:24	23.07	--	4	9228	买盘
14:07:18	23.07	--	2	4614	买盘
14:07:09	23.07	--	36	83052	买盘
14:07:03	23.07	0.02	3	6921	买盘
14:06:59	23.05	-0.02	1	2305	卖盘
14:06:54	23.07	0.02	4	9228	买盘
14:06:24	23.05	-0.01	6	13830	卖盘
14:06:14	23.06	--	5	11530	卖盘
14:06:09	23.06	0.01	27	62262	买盘
14:06:03	23.05	0.01	25	57625	买盘
14:05:54	23.04	-0.01	80	184320	卖盘
14:05:24	23.05	--	4	9220	买盘
14:05:09	23.05	--	59	135995	买盘
14:04:54	23.05	--	5	11525	买盘
14:04:24	23.05	--	4	9220	买盘
14:04:09	23.05	--	36	82980	买盘
14:03:54	23.05	0.01	4	9220	买盘
14:03:44	23.04	-0.01	28	64512	卖盘
14:03:29	23.05	--	13	29965	买盘
14:03:24	23.05	--	4	9220	买盘
14:03:09	23.05	--	35	80675	买盘
14:02:54	23.05	--	4	9220	买盘
14:02:48	23.05	--	2	4610	买盘
14:02:24	23.05	0.01	4	9220	买盘
14:02:14	23.04	-0.01	3	7833	卖盘
14:02:09	23.05	--	39	89895	买盘
14:01:53	23.05	0.01	4	9220	买盘
14:01:48	23.04	--	0	1843	卖盘
14:01:27	23.04	-0.01	1	2304	卖盘
14:01:23	23.05	0.01	5	11525	买盘
14:01:12	23.04	-0.01	6	13824	卖盘
14:01:08	23.05	--	34	78370	买盘
14:00:57	23.05	--	10	23050	买盘
14:00:53	23.05	0.01	56	129080	买盘
14:00:48	23.04	--	10	23040	卖盘
14:00:33	23.04	-0.01	6	13824	卖盘
14:00:23	23.05	0.01	4	9220	买盘
14:00:18	23.04	--	10	23040	卖盘
14:00:12	23.04	-0.01	71	163584	卖盘
14:00:08	23.05	--	35	80675	买盘
13:59:53	23.05	--	4	9220	买盘
13:59:38	23.05	--	234	539370	卖盘
13:59:33	23.05	-0.01	10	23050	卖盘
13:59:23	23.06	0.01	4	9224	买盘
13:59:18	23.05	--	20	46100	卖盘
13:59:12	23.05	-0.02	30	69150	卖盘
13:59:08	23.07	0.02	41	94587	买盘
13:59:03	23.05	--	2	4610	卖盘
13:58:57	23.05	-0.02	28	64540	卖盘
13:58:53	23.07	0.01	4	9228	买盘
13:58:38	23.06	-0.01	2	4612	卖盘
13:58:33	23.07	--	0	0	买盘
13:58:23	23.07	--	4	9228	买盘
13:58:08	23.07	--	38	87666	买盘
13:57:53	23.07	--	5	11535	买盘
13:57:48	23.07	0.01	100	230700	买盘
13:57:27	23.06	--	1	2306	买盘
13:57:23	23.06	--	4	9224	买盘
13:57:08	23.06	--	37	85322	买盘
13:56:53	23.06	--	4	9224	买盘
13:56:42	23.06	-0.02	24	55344	卖盘
13:56:23	23.08	--	4	9232	买盘
13:56:18	23.08	--	5	11540	买盘
13:56:08	23.08	--	34	78472	买盘
13:55:53	23.08	0.01	4	9232	买盘
13:55:48	23.07	--	1	2307	买盘
13:55:21	23.07	-0.01	11	25377	卖盘
13:55:12	23.08	--	0	0	买盘
13:55:06	23.08	0.01	39	90012	买盘
13:54:51	23.07	--	7	16149	买盘
13:54:42	23.07	--	87	200709	买盘
13:54:21	23.07	--	5	11535	买盘
13:54:06	23.07	0.02	59	136113	买盘
13:53:57	23.05	-0.02	61	140605	卖盘
13:53:51	23.07	--	5	11535	买盘
13:53:21	23.07	--	4	9228	买盘
13:53:06	23.07	--	35	80745	买盘
13:52:51	23.07	--	4	9228	买盘
13:52:42	23.07	--	34	78438	买盘
13:52:21	23.07	--	5	11535	买盘
13:52:12	23.07	--	5	11535	买盘
13:52:06	23.07	--	40	92280	买盘
13:51:51	23.07	-0.01	4	9228	买盘
13:51:36	23.08	--	150	346200	买盘
13:51:32	23.08	--	120	276960	买盘
13:51:27	23.08	--	3	6923	买盘
13:51:21	23.08	0.01	7	16155	买盘
13:51:17	23.07	--	3	6921	买盘
13:51:12	23.07	--	0	0	买盘
13:51:06	23.07	--	35	80745	买盘
13:50:57	23.07	--	45	103815	买盘
13:50:51	23.07	0.02	5	11535	买盘
13:50:21	23.05	-0.02	37	85285	卖盘
13:50:06	23.07	--	40	92280	买盘
13:49:57	23.07	-0.01	4	9228	卖盘
13:49:51	23.08	--	4	9232	买盘
13:49:21	23.08	--	0	0	买盘
13:49:06	23.08	0.03	34	78472	买盘
13:48:57	23.05	-0.02	10	23050	卖盘
13:48:51	23.07	--	4	9228	买盘
13:48:30	23.07	--	0	0	买盘
13:48:21	23.07	--	4	9228	买盘
13:48:06	23.07	0.02	35	80745	买盘
13:47:56	23.05	-0.02	5	11525	卖盘
13:47:51	23.07	--	4	9228	买盘
13:47:36	23.07	--	6	13842	买盘
13:47:21	23.07	--	5	11535	买盘
13:47:15	23.07	--	4	9228	买盘
13:47:06	23.07	--	34	78438	买盘
13:46:51	23.07	--	4	9228	买盘
13:46:36	23.07	--	5	11535	买盘
13:46:26	23.07	--	1	2307	买盘
13:46:21	23.07	--	4	9228	买盘
13:46:06	23.07	--	39	89973	买盘
13:45:51	23.07	0.01	8	18456	买盘
13:45:36	23.06	-0.01	1	2306	中性盘
13:45:26	23.07	--	10	23070	买盘
13:45:21	23.07	--	4	9228	买盘
13:45:06	23.07	--	36	83052	买盘
13:44:56	23.07	--	0	0	买盘
13:44:51	23.07	0.01	4	9228	买盘
13:44:21	23.06	-0.01	4	9224	买盘
13:44:11	23.07	--	0	0	买盘
13:44:06	23.07	0.01	539	1243473	买盘
13:43:56	23.06	0.01	5	11530	卖盘
13:43:21	23.05	--	0	0	卖盘
13:43:15	23.05	-0.02	4	9220	买盘
13:43:06	23.07	0.01	46	106122	买盘
13:43:00	23.06	--	49	112994	买盘
13:42:51	23.06	0.02	4	9224	买盘
13:42:45	23.04	--	1	2304	卖盘
13:42:41	23.04	--	5	11520	卖盘
13:42:36	23.04	-0.02	1	2304	卖盘
13:42:21	23.06	--	4	9224	买盘
13:42:06	23.06	--	42	98696	买盘
13:41:54	23.06	0.01	4	9224	买盘
13:41:51	23.05	-0.01	1	2766	卖盘
13:41:35	23.06	0.01	61	140666	买盘
13:41:24	23.05	-0.01	18	41490	卖盘
13:41:09	23.06	--	36	83016	买盘
13:40:54	23.06	0.02	4	9224	买盘
13:40:45	23.04	-0.02	100	230400	卖盘
13:40:24	23.06	--	5	11530	买盘
13:40:15	23.06	--	82	189092	买盘
13:40:09	23.06	--	35	80710	买盘
13:40:05	23.06	--	2	6456	卖盘
13:40:00	23.06	-0.01	1	2767	卖盘
13:39:54	23.07	--	0	0	买盘
13:39:45	23.07	0.01	20	46140	买盘
13:39:30	23.06	-0.01	4	9224	卖盘
13:39:24	23.07	--	0	0	买盘
13:39:09	23.07	0.03	38	87666	买盘
13:39:00	23.04	-0.02	1	2304	卖盘
13:38:54	23.06	0.01	4	9224	买盘
13:38:30	23.05	-0.01	2	4610	卖盘
13:38:24	23.06	--	7	16142	卖盘
13:38:09	23.06	0.01	34	78404	买盘
13:37:54	23.05	0.01	4	9220	买盘
13:37:30	23.04	-0.01	3	6912	卖盘
13:37:24	23.05	-0.01	6	13830	买盘
13:37:20	23.06	--	0	0	买盘
13:37:09	23.06	--	38	87628	买盘
13:36:54	23.06	--	4	9224	买盘
13:36:24	23.06	--	4	9224	买盘
13:36:09	23.06	0.02	36	83016	买盘
13:36:00	23.04	-0.02	0	921	卖盘
13:35:54	23.06	--	4	9224	买盘
13:35:45	23.06	--	6	13836	卖盘
13:35:39	23.06	-0.01	12	27672	卖盘
13:35:24	23.07	0.01	4	9228	买盘
13:35:15	23.06	--	1	2306	卖盘
13:35:09	23.06	0.01	15	34590	买盘
13:34:54	23.05	--	4	9220	买盘
13:34:24	23.05	--	4	9220	买盘
13:34:09	23.05	--	39	89895	买盘
13:33:54	23.05	0.02	5	11525	买盘
13:33:48	23.03	--	20	46060	卖盘
13:33:44	23.03	--	40	92120	卖盘
13:33:39	23.03	-0.01	20	46060	卖盘
13:33:29	23.04	--	93	214272	卖盘
13:33:24	23.04	--	9	20736	卖盘
13:33:18	23.04	-0.01	1	2304	卖盘
13:33:09	23.05	0.01	39	89895	买盘
13:33:03	23.04	-0.01	3	6912	卖盘
13:32:54	23.05	0.01	4	9220	买盘
13:32:39	23.04	--	117	269568	卖盘
13:32:29	23.04	-0.01	78	179712	卖盘
13:32:24	23.05	-0.02	114	263692	卖盘
13:32:18	23.07	--	50	115350	买盘
13:32:09	23.07	--	35	80745	买盘
13:32:03	23.07	--	5	11535	买盘
13:31:59	23.07	--	0	0	买盘
13:31:54	23.07	--	4	9228	买盘
13:31:44	23.07	0.02	10	23070	买盘
13:31:39	23.05	-0.02	25	57625	卖盘
13:31:24	23.07	0.01	4	9228	买盘
13:31:18	23.06	-0.01	4	10607	中性盘
13:31:09	23.07	0.01	40	92280	买盘
13:31:03	23.06	--	5	11530	买盘
13:30:54	23.06	--	4	9224	买盘
13:30:48	23.06	--	0	0	中性盘
13:30:39	23.06	-0.01	20	46120	卖盘
13:30:24	23.07	-0.01	220	507540	卖盘
13:30:09	23.08	0.01	39	90012	买盘
13:29:59	23.07	--	35	80745	卖盘
13:29:54	23.07	--	11	25377	卖盘
13:29:39	23.07	--	54	124578	买盘
13:29:24	23.07	0.02	4	9228	买盘
13:29:18	23.05	-0.02	5	11525	卖盘
13:29:09	23.07	0.01	36	83052	买盘
13:28:54	23.06	--	4	9224	买盘
13:28:39	23.06	--	4	9224	买盘
13:28:33	23.06	--	21	48426	买盘
13:28:27	23.06	-0.02	22	50732	卖盘
13:28:24	23.08	0.01	6	13847	买盘
13:28:18	23.07	--	13	29991	卖盘
13:28:12	23.07	-0.01	1	2307	卖盘
13:28:09	23.08	--	33	76164	买盘
13:28:03	23.08	-0.01	4	9232	卖盘
13:27:57	23.09	--	13	30017	买盘
13:27:53	23.09	--	10	23090	买盘
13:27:33	23.09	--	10	23090	买盘
13:27:27	23.09	--	1	2309	买盘
13:27:23	23.09	--	4	9236	买盘
13:27:18	23.09	--	0	0	买盘
13:27:08	23.09	0.01	40	92360	买盘
13:26:57	23.08	--	94	217413	买盘
13:26:53	23.08	--	5	11540	买盘
13:26:48	23.08	--	5	11540	买盘
13:26:33	23.08	-0.01	0	1846	卖盘
13:26:23	23.09	--	4	9236	买盘
13:26:08	23.09	--	37	85433	买盘
13:25:53	23.09	0.01	4	9236	买盘
13:25:38	23.08	-0.01	1	2308	卖盘
13:25:23	23.09	0.01	4	9236	买盘
13:25:18	23.08	--	8	18925	买盘
13:25:08	23.08	0.01	34	78472	买盘
13:25:03	23.07	-0.01	19	45678	卖盘
13:24:53	23.08	0.01	4	9232	买盘
13:24:42	23.07	--	1	2768	中性盘
13:24:38	23.07	-0.01	2	4614	卖盘
13:24:23	23.08	-0.01	4	9232	买盘
13:24:18	23.09	--	0	0	买盘
13:24:08	23.09	0.02	41	94669	买盘
13:23:57	23.07	0.02	2	4614	卖盘
13:23:53	23.05	-0.01	90	207450	卖盘
13:23:42	23.06	--	76	175256	买盘
13:23:23	23.06	--	5	11530	买盘
13:23:08	23.06	--	38	87628	买盘
13:22:57	23.06	-0.01	28	64568	卖盘
13:22:53	23.07	--	4	9228	买盘
13:22:42	23.07	-0.01	4	9228	卖盘
13:22:23	23.08	--	4	9232	买盘
13:22:08	23.08	--	36	83088	买盘
13:21:51	23.08	--	4	9232	买盘
13:21:42	23.08	--	43	101159	卖盘
13:21:33	23.08	-0.01	20	47360	卖盘
13:21:21	23.09	0.01	8	18472	买盘
13:21:17	23.08	--	50	115399	卖盘
13:21:12	23.08	-0.01	20	46160	卖盘
13:21:06	23.09	--	33	76197	买盘
13:20:51	23.09	0.01	4	9236	买盘
13:20:47	23.08	--	0	0	卖盘
13:20:42	23.08	-0.01	10	23080	卖盘
13:20:27	23.09	-0.01	5	11545	买盘
13:20:21	23.1	0.01	22	50820	买盘
13:20:17	23.09	0.01	44	101596	买盘
13:20:12	23.08	-0.01	17	39236	卖盘
13:20:06	23.09	--	39	90051	买盘
13:19:51	23.09	0.01	83	191647	买盘
13:19:36	23.08	--	36	84588	买盘
13:19:21	23.08	--	4	9232	买盘
13:19:12	23.08	--	0	0	买盘
13:19:06	23.08	0.01	37	85396	买盘
13:18:57	23.07	-0.01	4	9228	卖盘
13:18:51	23.08	0.01	50	115399	买盘
13:18:47	23.07	--	10	23070	买盘
13:18:42	23.07	-0.01	4	9228	卖盘
13:18:36	23.08	--	11	25387	买盘
13:18:32	23.08	--	37	85396	买盘
13:18:21	23.08	--	0	0	买盘
13:18:06	23.08	0.05	35	80780	买盘
13:17:51	23.03	--	0	0	卖盘
13:17:36	23.03	-0.04	4	9212	卖盘
13:17:27	23.07	-0.01	2	4614	卖盘
13:17:21	23.08	0.01	4	9232	买盘
13:17:17	23.07	--	10	23070	卖盘
13:17:12	23.07	-0.01	12	27684	卖盘
13:17:06	23.08	0.01	40	92320	买盘
13:16:57	23.07	-0.01	10	23070	卖盘
13:16:51	23.08	--	4	9232	买盘
13:16:42	23.08	--	8	18464	买盘
13:16:32	23.08	--	2	4616	买盘
13:16:27	23.08	-0.01	5	12347	卖盘
13:16:21	23.09	0.01	5	11545	买盘
13:16:17	23.08	--	0	1500	买盘
13:16:06	23.08	0.01	38	87704	买盘
13:15:57	23.07	-0.01	8	18456	卖盘
13:15:51	23.08	0.01	4	9232	买盘
13:15:42	23.07	--	7	16149	卖盘
13:15:21	23.07	--	13	29991	买盘
13:15:15	23.07	--	7	16149	买盘
13:15:06	23.07	-0.01	36	83052	中性盘
13:15:00	23.08	--	3	6923	买盘
13:14:51	23.08	0.01	15	34620	买盘
13:14:45	23.07	-0.01	1	4037	卖盘
13:14:41	23.08	0.01	10	23080	买盘
13:14:30	23.07	0.02	22	51330	买盘
13:14:21	23.05	-0.02	4	9220	中性盘
13:14:15	23.07	--	25	57675	买盘
13:14:06	23.07	0.02	35	80745	买盘
13:13:56	23.05	--	0	0	中性盘
13:13:51	23.05	--	4	9220	买盘
13:13:36	23.05	-0.01	1	2305	卖盘
13:13:21	23.06	--	4	9224	买盘
13:13:15	23.06	--	3	6918	买盘
13:13:06	23.06	0.01	39	89934	买盘
13:13:00	23.05	--	0	0	买盘
13:12:51	23.05	0.02	5	11525	买盘
13:12:30	23.03	--	15	34545	买盘
13:12:26	23.03	--	19	43757	买盘
13:12:21	23.03	0.02	4	9212	买盘
13:12:06	23.01	--	0	0	中性盘
13:12:00	23.01	--	15	34515	买盘
13:11:51	23.01	-0.02	18	41418	卖盘
13:11:21	23.03	--	4	9212	买盘
13:11:06	23.03	--	35	80605	买盘
13:10:51	23.03	0.02	6	13818	买盘
13:10:36	23.01	--	1	2301	卖盘
13:10:30	23.01	-0.02	13	29913	卖盘
13:10:21	23.03	0.02	4	9212	买盘
13:10:15	23.01	--	0	0	卖盘
13:10:11	23.01	-0.02	10	23010	卖盘
13:10:06	23.03	0.01	40	92120	买盘
13:09:51	23.02	--	6	13812	买盘
13:09:45	23.02	--	5	11510	买盘
13:09:30	23.02	--	2	4604	买盘
13:09:21	23.02	-0.01	5	11510	买盘
13:09:10	23.03	--	0	0	买盘
13:09:06	23.03	0.01	38	87514	买盘
13:08:51	23.02	--	4	9208	买盘
13:08:45	23.02	--	10	23020	买盘
13:08:24	23.02	0.01	4	9208	买盘
13:08:09	23.01	0.01	4	9204	买盘
13:08:00	23.0	0.04	7	16100	买盘
13:07:54	22.96	0.02	23	52808	卖盘
13:07:50	22.94	--	0	0	卖盘
13:07:45	22.94	--	10	22940	卖盘
13:07:39	22.94	--	2	4588	卖盘
13:07:35	22.94	-0.01	9	20646	卖盘
13:07:30	22.95	-0.08	10	22950	卖盘
13:07:24	23.03	0.09	24	55272	卖盘
13:07:15	22.94	-0.1	6	13764	卖盘
13:07:09	23.04	0.01	34	78336	买盘
13:07:05	23.03	0.1	1	2303	买盘
13:07:00	22.93	--	0	0	卖盘
13:06:54	22.93	-0.07	19	43567	卖盘
13:06:39	23.0	0.07	3	6900	卖盘
13:06:30	22.93	--	0	0	卖盘
13:06:24	22.93	-0.12	12	27516	卖盘
13:06:15	23.05	--	0	0	买盘
13:06:09	23.05	0.05	39	89895	买盘
13:06:00	23.0	--	0	0	中性盘
13:05:54	23.0	0.07	5	11500	中性盘
13:05:50	22.93	-0.07	666	1528536	卖盘
13:05:45	23.0	0.01	9	20700	买盘
13:05:39	22.99	-0.01	30	68970	卖盘
13:05:24	23.0	--	4	9200	买盘
13:05:09	23.0	--	37	85100	买盘
13:05:05	23.0	--	0	0	买盘
13:04:54	23.0	--	4	9200	买盘
13:04:45	23.0	--	30	69000	买盘
13:04:24	23.0	0.02	4	9200	买盘
13:04:09	22.98	-0.01	153	351594	卖盘
13:03:45	22.99	-0.01	23	52877	卖盘
13:03:15	23.0	--	326	750697	卖盘
13:03:09	23.0	-0.04	80	184000	卖盘
13:02:50	23.04	--	5	11520	买盘
13:02:35	23.04	--	0	0	买盘
13:02:09	23.04	0.01	34	78336	买盘
13:01:18	23.03	0.02	131	303074	买盘
13:01:03	23.01	--	0	0	卖盘
13:00:18	23.01	--	7	16107	卖盘
13:00:09	23.01	-0.02	123	283943	卖盘
13:00:03	23.03	0.01	113	262495	买盘
11:30:00	23.02	--	0	0	卖盘
11:30:00	23.02	--	0	0	卖盘
11:29:45	23.02	-0.01	1	2302	卖盘
11:29:36	23.03	0.01	4	9212	买盘
11:29:30	23.02	-0.01	10	23020	卖盘
11:29:15	23.03	--	1	2303	买盘
11:29:06	23.03	--	4	9212	买盘
11:28:36	23.03	--	5	11515	买盘
11:28:21	23.03	--	8	18424	买盘
11:28:15	23.03	--	5	11515	买盘
11:28:06	23.03	--	4	9212	买盘
11:28:00	23.03	0.01	10	23030	买盘
11:27:51	23.02	-0.01	1	2302	卖盘
11:27:36	23.03	--	4	9212	买盘
11:27:06	23.03	--	4	9212	买盘
11:26:35	23.03	--	6	13818	买盘
11:26:05	23.03	--	4	9212	买盘
11:26:00	23.03	--	17	40417	卖盘
11:25:50	23.03	--	0	2256	卖盘
11:25:35	23.03	--	120	277442	买盘
11:25:09	23.03	--	4	9212	买盘
11:24:45	23.03	--	39	89817	买盘
11:24:39	23.03	--	7	16121	买盘
11:24:35	23.03	--	1	2303	买盘
11:24:09	23.03	--	5	11515	买盘
11:24:00	23.03	--	22	50666	买盘
11:23:39	23.03	0.01	26	59878	买盘
11:23:30	23.02	-0.01	0	23	卖盘
11:23:24	23.03	--	10	23030	买盘
11:23:20	23.03	0.01	102	234906	买盘
11:23:09	23.02	--	0	23	卖盘
11:23:00	23.02	0.02	35	80570	买盘
11:22:45	23.0	--	5	11500	卖盘
11:22:39	23.0	0.01	6	15203	买盘
11:22:30	22.99	-0.01	13	29886	卖盘
11:22:24	23.0	--	1	2760	卖盘
11:22:15	23.0	--	0	1840	卖盘
11:22:09	23.0	0.01	2	4600	买盘
11:22:00	22.99	-0.01	15	34485	卖盘
11:21:54	23.0	0.01	1	2300	买盘
11:21:50	22.99	--	0	2230	卖盘
11:21:24	22.99	--	6	14782	买盘
11:21:09	22.99	--	15	34485	买盘
11:21:00	22.99	--	8	18392	买盘
11:20:54	22.99	--	10	22990	买盘
11:20:50	22.99	--	10	22990	买盘
11:20:45	22.99	-0.02	52	119800	卖盘
11:20:39	23.01	--	4	9204	买盘
11:20:24	23.01	0.01	5	13552	买盘
11:20:19	23.0	--	5	11500	买盘
11:20:08	23.0	--	4	9200	买盘
11:19:50	23.0	--	1	2300	买盘
11:19:44	23.0	-0.01	14	32499	卖盘
11:19:39	23.01	0.01	4	9204	买盘
11:19:29	23.0	--	0	1817	卖盘
11:19:09	23.0	--	14	32384	买盘
11:18:39	23.0	--	4	9200	买盘
11:18:33	23.0	--	15	36639	卖盘
11:18:09	23.0	--	4	9223	卖盘
11:17:39	23.0	--	3	7038	买盘
11:17:09	23.0	--	4	9200	买盘
11:16:48	23.0	-0.01	25	59777	卖盘
11:16:44	23.01	--	6	13806	买盘
11:16:39	23.01	--	4	9204	买盘
11:16:09	23.01	--	4	9204	买盘
11:15:54	23.01	--	2	4602	买盘
11:15:39	23.01	--	4	9204	买盘
11:15:18	23.01	-0.01	30	69030	卖盘
11:15:14	23.02	--	1	2302	买盘
11:15:09	23.02	--	4	9208	买盘
11:14:44	23.02	--	8	18416	买盘
11:14:39	23.02	--	4	9208	买盘
11:14:33	23.02	--	6	13812	买盘
11:14:18	23.02	-0.01	13	29926	卖盘
11:14:13	23.03	--	8	18424	买盘
11:14:03	23.03	--	14	32242	买盘
11:13:58	23.03	--	1	2303	买盘
11:13:53	23.03	--	2	4606	买盘
11:13:48	23.03	--	100	230300	买盘
11:13:39	23.03	0.02	4	9212	买盘
11:13:33	23.01	-0.02	15	34515	卖盘
11:13:18	23.03	0.03	1	2303	买盘
11:13:13	23.0	--	0	0	卖盘
11:13:08	23.0	--	0	0	卖盘
11:13:02	23.0	--	0	23	卖盘
11:12:48	23.0	0.01	20	46000	卖盘
11:12:38	22.99	--	0	0	卖盘
11:12:28	22.99	--	0	1862	卖盘
11:12:12	22.99	-0.02	21	48279	卖盘
11:12:08	23.01	0.03	2	4602	买盘
11:11:57	22.98	-0.01	0	459	卖盘
11:11:48	22.99	0.01	9	20691	卖盘
11:11:38	22.98	--	0	0	卖盘
11:11:27	22.98	0.02	0	22	卖盘
11:10:57	22.96	-0.01	10	22960	卖盘
11:10:53	22.97	--	98	227265	买盘
11:10:41	22.97	--	14	32158	买盘
11:10:38	22.97	--	9	20673	买盘
11:10:23	22.97	--	1	2297	买盘
11:10:12	22.97	--	6	13782	买盘
11:10:08	22.97	--	4	9188	买盘
11:10:03	22.97	-0.06	235	539795	卖盘
11:09:48	23.03	--	3	6909	买盘
11:09:42	23.03	--	42	97647	卖盘
11:09:38	23.03	--	24	56193	卖盘
11:09:33	23.03	--	79	181937	卖盘
11:09:27	23.03	--	14	32242	卖盘
11:09:22	23.03	-0.01	10	23030	卖盘
11:09:08	23.04	--	73	168192	卖盘
11:09:02	23.04	--	55	126720	卖盘
11:08:48	23.04	-0.01	15	34560	卖盘
11:08:42	23.05	--	111	257238	卖盘
11:08:38	23.05	--	27	62235	卖盘
11:08:33	23.05	--	23	53015	卖盘
11:08:27	23.05	--	1	2305	卖盘
11:08:23	23.05	--	10	23050	卖盘
11:08:18	23.05	--	214	493270	卖盘
11:08:12	23.05	-0.01	8	18440	卖盘
11:08:08	23.06	--	4	9224	买盘
11:08:03	23.06	--	4	9224	卖盘
11:07:57	23.06	--	3	6918	卖盘
11:07:41	23.06	-0.01	52	119912	卖盘
11:07:37	23.07	0.01	4	9228	买盘
11:07:27	23.06	--	10	23060	卖盘
11:07:12	23.06	--	5	11530	买盘
11:07:07	23.06	--	5	11530	买盘
11:06:56	23.06	-0.01	113	260578	卖盘
11:06:47	23.07	-0.01	18	41526	买盘
11:06:42	23.08	--	0	0	买盘
11:06:37	23.08	0.01	4	9232	买盘
11:06:32	23.07	--	7	16149	卖盘
11:06:17	23.07	-0.01	2	4614	卖盘
11:06:12	23.08	0.01	1	2308	买盘
11:06:07	23.07	--	0	0	中性盘
11:06:02	23.07	--	3	6921	卖盘
11:05:57	23.07	--	4	9228	买盘
11:05:41	23.07	--	33	76131	买盘
11:05:36	23.07	--	4	9228	买盘
11:05:32	23.07	-0.01	12	27684	卖盘
11:05:17	23.08	--	7	16155	买盘
11:05:06	23.08	--	4	9232	买盘
11:04:47	23.08	--	13	30003	买盘
11:04:42	23.08	0.01	1	2308	买盘
11:04:36	23.07	--	10	23070	卖盘
11:04:27	23.07	-0.01	10	23070	卖盘
11:04:05	23.08	0.01	4	9232	买盘
11:03:56	23.07	--	10	23070	买盘
11:03:47	23.07	--	20	46140	买盘
11:03:36	23.07	0.01	4	9228	买盘
11:03:32	23.06	-0.01	3	6918	卖盘
11:03:27	23.07	--	102	235314	买盘
11:03:16	23.07	--	12	27684	买盘
11:03:12	23.07	--	10	23070	买盘
11:03:06	23.07	--	59	136113	买盘
11:02:57	23.07	-0.01	41	96432	卖盘
11:02:35	23.08	--	4	9232	买盘
11:02:26	23.08	--	5	11540	买盘
11:02:17	23.08	-0.01	22	52160	卖盘
11:02:12	23.09	0.01	2	4618	买盘
11:01:57	23.08	--	10	23080	卖盘
11:01:51	23.08	--	72	167099	买盘
11:01:36	23.08	0.01	9	20772	买盘
11:01:21	23.07	--	5	11535	卖盘
11:01:12	23.07	--	49	113043	卖盘
11:01:02	23.07	--	1	2307	卖盘
11:00:57	23.07	--	212	489545	买盘
11:00:46	23.07	0.01	3	6921	买盘
11:00:41	23.06	-0.01	54	124524	卖盘
11:00:35	23.07	0.01	4	9228	买盘
11:00:31	23.06	--	10	23060	卖盘
11:00:27	23.06	-0.01	5	11530	卖盘
11:00:21	23.07	0.01	1	2307	买盘
11:00:11	23.06	-0.01	20	46120	卖盘
11:00:06	23.07	--	0	0	买盘
11:00:01	23.07	0.01	43	99201	买盘
10:59:56	23.06	-0.01	32	73792	卖盘
10:59:36	23.07	--	8	18456	买盘
10:59:31	23.07	0.01	1	2307	买盘
10:59:21	23.06	-0.01	50	115300	卖盘
10:59:11	23.07	--	50	115350	买盘
10:59:05	23.07	0.01	54	124578	买盘
10:58:59	23.06	--	2	4612	卖盘
10:58:56	23.06	-0.01	12	28133	卖盘
10:58:44	23.07	--	30	69210	买盘
10:58:36	23.07	0.01	4	9228	买盘
10:58:29	23.06	-0.01	112	258272	卖盘
10:58:26	23.07	--	18	41526	卖盘
10:58:14	23.07	-0.01	40	92280	卖盘
10:58:06	23.08	0.01	5	11540	买盘
10:57:45	23.07	--	29	66903	买盘
10:57:36	23.07	--	49	113043	买盘
10:57:29	23.07	--	19	43833	卖盘
10:57:14	23.07	-0.01	10	23070	卖盘
10:57:10	23.08	--	213	491603	买盘
10:57:06	23.08	--	44	101551	买盘
10:56:51	23.08	--	0	0	买盘
10:56:44	23.08	--	0	0	买盘
10:56:35	23.08	0.03	5	11540	买盘
10:56:29	23.05	-0.02	77	177485	卖盘
10:56:26	23.07	--	113	260691	卖盘
10:56:21	23.07	--	16	36912	买盘
10:56:10	23.07	--	3	6921	买盘
10:56:05	23.07	--	4	9228	买盘
10:55:59	23.07	--	21	48447	卖盘
10:55:50	23.07	--	13	29991	卖盘
10:55:30	23.07	--	15	34605	买盘
10:55:14	23.07	--	1	2307	买盘
10:55:06	23.07	0.01	176	406032	卖盘
10:54:59	23.06	-0.02	78	179868	卖盘
10:54:56	23.08	--	50	115399	买盘
10:54:41	23.08	--	2	4616	买盘
10:54:36	23.08	-0.02	54	124631	买盘
10:54:29	23.1	-0.01	228	528066	卖盘
10:54:26	23.11	-0.02	73	168703	卖盘
10:54:20	23.13	--	57	131841	买盘
10:54:15	23.13	--	15	34695	买盘
10:54:10	23.13	0.01	2	4626	买盘
10:53:59	23.12	--	21	48552	买盘
10:53:50	23.12	0.02	2	4624	买盘
10:53:35	23.1	0.04	882	2038344	买盘
10:53:25	23.06	--	1	2306	卖盘
10:53:20	23.06	0.01	50	115300	买盘
10:53:00	23.05	--	159	367417	买盘
10:52:44	23.05	0.01	36	82980	买盘
10:52:40	23.04	-0.01	6	13824	卖盘
10:52:35	23.05	--	9	20745	买盘
10:52:29	23.05	--	8	18440	买盘
10:52:23	23.05	0.01	150	345750	买盘
10:52:05	23.04	--	105	241920	卖盘
10:52:00	23.04	--	205	472320	买盘
10:51:38	23.04	0.01	4	9216	买盘
10:51:24	23.03	--	9	20727	卖盘
10:51:20	23.03	-0.01	1	2303	卖盘
10:51:15	23.04	--	1	2304	买盘
10:51:09	23.04	--	4	9216	买盘
10:51:00	23.04	--	33	76032	卖盘
10:50:44	23.04	-0.01	50	115200	卖盘
10:50:39	23.05	0.01	154	354970	买盘
10:50:30	23.04	--	12	27648	卖盘
10:50:15	23.04	--	17	39628	买盘
10:50:09	23.04	--	4	9216	买盘
10:50:05	23.04	-0.01	2	4608	中性盘
10:49:59	23.05	--	50	115250	买盘
10:49:44	23.05	0.01	3	6915	买盘
10:49:39	23.04	-0.01	4	9216	中性盘
10:49:35	23.05	--	5	11525	买盘
10:49:29	23.05	--	1	2305	买盘
10:49:24	23.05	--	2	4610	买盘
10:49:20	23.05	--	20	46100	买盘
10:49:14	23.05	0.01	52	121704	买盘
10:49:09	23.04	--	14	32256	卖盘
10:49:05	23.04	--	4	9676	卖盘
10:49:00	23.04	-0.01	20	46080	卖盘
10:48:54	23.05	--	4	9220	买盘
10:48:50	23.05	0.02	14	32270	买盘
10:48:45	23.03	--	6	13818	卖盘
10:48:39	23.03	--	24	55272	卖盘
10:48:35	23.03	-0.02	20	46060	卖盘
10:48:29	23.05	--	10	23050	买盘
10:48:24	23.05	--	111	255855	买盘
10:48:20	23.05	--	15	34575	买盘
10:48:14	23.05	-0.02	275	635719	卖盘
10:48:09	23.07	0.01	21	48447	买盘
10:48:04	23.06	--	4	9224	买盘
10:47:59	23.06	0.01	5	11530	买盘
10:47:53	23.05	--	4	9220	卖盘
10:47:50	23.05	--	27	62696	买盘
10:47:45	23.05	--	20	46100	买盘
10:47:38	23.05	0.02	34	78370	买盘
10:47:34	23.03	--	0	0	卖盘
10:47:29	23.03	--	26	59878	买盘
10:47:23	23.03	--	14	32242	买盘
10:47:09	23.03	--	62	142786	卖盘
10:46:59	23.03	--	10	23030	买盘
10:46:53	23.03	--	335	771505	买盘
10:46:39	23.03	0.03	2	4606	买盘
10:46:29	23.0	--	569	1310379	买盘
10:46:23	23.0	--	307	706100	买盘
10:46:08	23.0	--	4	9200	买盘
10:46:04	23.0	--	3	6900	买盘
10:45:44	23.0	0.01	1	2300	买盘
10:45:38	22.99	--	40	91960	买盘
10:45:33	22.99	--	20	45980	买盘
10:45:14	22.99	--	1	2299	买盘
10:45:08	22.99	--	4	9196	买盘
10:45:03	22.99	--	20	45980	买盘
10:44:53	22.99	--	33	75867	买盘
10:44:48	22.99	--	10	22990	买盘
10:44:38	22.99	--	4	9196	买盘
10:44:33	22.99	0.01	12	27587	买盘
10:44:23	22.98	-0.01	21	48258	卖盘
10:44:08	22.99	0.01	4	9196	买盘
10:44:03	22.98	--	10	22980	卖盘
10:43:43	22.98	--	90	206820	卖盘
10:43:39	22.98	-0.01	27	62046	卖盘
10:43:33	22.99	0.01	1	2299	买盘
10:43:23	22.98	0.01	140	321720	买盘
10:43:08	22.97	--	82	188354	卖盘
10:43:02	22.97	--	88	202136	卖盘
10:42:54	22.97	--	264	606408	买盘
10:42:47	22.97	--	5	11485	买盘
10:42:44	22.97	--	29	66613	买盘
10:42:38	22.97	--	4	9188	买盘
10:42:17	22.97	--	2	4594	买盘
10:42:08	22.97	0.01	4	9188	买盘
10:41:53	22.96	-0.01	19	43624	卖盘
10:41:38	22.97	--	4	9188	买盘
10:41:32	22.97	--	10	22970	买盘
10:41:28	22.97	--	20	45940	买盘
10:41:18	22.97	-0.01	150	344550	卖盘
10:41:08	22.98	--	5	11490	买盘
10:41:02	22.98	--	3	6894	买盘
10:40:58	22.98	--	5	11490	买盘
10:40:53	22.98	0.01	1	2298	买盘
10:40:32	22.97	0.01	9	20673	买盘
10:40:28	22.96	-0.01	20	45920	卖盘
10:40:23	22.97	--	10	22970	买盘
10:40:17	22.97	--	13	29861	买盘
10:40:08	22.97	0.01	1	2297	买盘
10:40:02	22.96	--	40	91840	买盘
10:39:47	22.96	--	200	459200	买盘
10:39:28	22.96	--	10	22960	买盘
10:39:17	22.96	0.01	26	59696	买盘
10:39:11	22.95	--	49	112455	买盘
10:39:08	22.95	--	4	9180	买盘
10:39:02	22.95	--	83	190485	买盘
10:38:38	22.95	--	4	9180	买盘
10:38:17	22.95	0.01	21	48195	买盘
10:38:11	22.94	-0.01	64	146816	卖盘
10:38:08	22.95	--	4	9180	买盘
10:37:47	22.95	--	7	16065	买盘
10:37:37	22.95	--	4	9180	买盘
10:37:26	22.95	--	13	29835	买盘
10:37:07	22.95	--	6	13770	买盘
10:37:02	22.95	--	8	18360	买盘
10:36:37	22.95	--	4	9180	买盘
10:36:17	22.95	--	22	50490	买盘
10:36:07	22.95	--	5	11475	买盘
10:36:02	22.95	0.01	9	20655	买盘
10:35:56	22.94	-0.01	7	16058	卖盘
10:35:41	22.95	--	1	2295	买盘
10:35:37	22.95	--	54	123930	买盘
10:35:11	22.95	--	1	2295	买盘
10:35:08	22.95	--	5	11475	买盘
10:35:02	22.95	0.01	2	4590	买盘
10:34:47	22.94	0.01	39	89488	买盘
10:34:37	22.93	-0.01	20	45860	卖盘
10:34:32	22.94	0.01	6	13764	买盘
10:34:26	22.93	--	7	16051	买盘
10:34:17	22.93	--	1	2293	买盘
10:34:07	22.93	--	4	9172	买盘
10:33:47	22.93	--	4	9172	卖盘
10:33:37	22.93	--	3	6879	买盘
10:33:32	22.93	0.01	20	45860	买盘
10:33:26	22.92	-0.01	10	22920	卖盘
10:33:22	22.93	--	5	11465	买盘
10:33:11	22.93	--	2	4586	买盘
10:33:07	22.93	--	4	9172	买盘
10:32:50	22.93	-0.01	4	9172	卖盘
10:32:35	22.94	--	4	9176	买盘
10:32:20	22.94	0.01	1	2294	买盘
10:32:05	22.93	--	0	0	中性盘
10:31:35	22.93	--	6	13758	买盘
10:31:32	22.93	0.01	6	13758	买盘
10:31:20	22.92	-0.01	57	130644	卖盘
10:31:05	22.93	--	4	9172	买盘
10:30:50	22.93	--	11	25223	买盘
10:30:41	22.93	--	4	9172	买盘
10:30:35	22.93	0.01	4	9172	买盘
10:30:31	22.92	--	10	22920	卖盘
10:30:17	22.92	--	7	16044	卖盘
10:30:11	22.92	-0.01	10	22920	卖盘
10:30:05	22.93	--	5	11465	买盘
10:30:01	22.93	--	5	11465	买盘
10:29:35	22.93	--	4	9172	买盘
10:29:26	22.93	0.01	2	4586	买盘
10:29:20	22.92	-0.01	8	18336	卖盘
10:29:05	22.93	--	4	9172	买盘
10:28:50	22.93	--	36	82548	买盘
10:28:35	22.93	--	4	9172	买盘
10:28:31	22.93	-0.01	8	18344	卖盘
10:28:20	22.94	--	9	20646	买盘
10:28:11	22.94	--	89	204166	买盘
10:28:05	22.94	--	97	224789	卖盘
10:28:01	22.94	-0.01	42	96348	卖盘
10:27:41	22.95	--	1	2295	买盘
10:27:35	22.95	--	9	20655	买盘
10:27:26	22.95	--	27	61965	买盘
10:27:16	22.95	--	1	2295	买盘
10:27:11	22.95	--	13	29835	买盘
10:27:05	22.95	--	4	9180	买盘
10:27:01	22.95	--	5	11475	买盘
10:26:56	22.95	0.01	86	197370	买盘
10:26:50	22.94	-0.01	88	201872	卖盘
10:26:46	22.95	--	5	11475	买盘
10:26:35	22.95	--	4	9180	买盘
10:26:20	22.95	0.01	2	4590	买盘
10:26:05	22.94	-0.01	111	254634	卖盘
10:25:50	22.95	--	22	50490	买盘
10:25:35	22.95	0.01	27	61965	买盘
10:25:29	22.94	-0.01	20	45880	卖盘
10:25:26	22.95	--	2	4590	买盘
10:25:11	22.95	0.01	7	16065	买盘
10:25:05	22.94	--	154	353298	买盘
10:24:50	22.94	--	1	2294	买盘
10:24:35	22.94	0.02	4	9176	买盘
10:24:29	22.92	-0.02	18	41256	卖盘
10:24:05	22.94	--	0	0	买盘
10:23:44	22.94	--	100	229400	买盘
10:23:35	22.94	--	9	20646	买盘
10:23:20	22.94	--	1	2294	买盘
10:23:05	22.94	--	4	9176	买盘
10:22:59	22.94	0.01	10	22940	买盘
10:22:50	22.93	-0.01	41	94013	卖盘
10:22:35	22.94	0.01	4	9176	买盘
10:22:29	22.93	-0.01	25	57325	卖盘
10:22:20	22.94	--	1	2294	买盘
10:22:05	22.94	0.01	4	9176	买盘
10:21:59	22.93	--	151	346243	卖盘
10:21:50	22.93	0.01	1	2315	卖盘
10:21:44	22.92	-0.02	10	22920	卖盘
10:21:35	22.94	0.01	4	9176	买盘
10:21:14	22.93	0.01	4	9630	卖盘
10:21:05	22.92	--	0	0	卖盘
10:20:50	22.92	0.02	3	6876	卖盘
10:20:25	22.9	-0.03	230	528074	卖盘
10:20:20	22.93	0.02	363	832359	买盘
10:20:10	22.91	0.01	6	13746	卖盘
10:20:05	22.9	--	0	0	卖盘
10:19:59	22.9	--	17	38930	卖盘
10:19:55	22.9	--	6	13740	卖盘
10:19:38	22.9	--	100	229000	卖盘
10:19:20	22.9	--	135	309150	买盘
10:19:14	22.9	--	7	16029	买盘
10:19:08	22.9	--	15	34350	买盘
10:18:59	22.9	--	21	48090	买盘
10:18:53	22.9	--	20	45800	买盘
10:18:44	22.9	--	20	45800	买盘
10:18:38	22.9	0.01	4	9160	买盘
10:18:29	22.89	--	4	9156	卖盘
10:18:23	22.89	-0.01	3	8240	卖盘
10:18:20	22.9	--	1	2290	买盘
10:18:14	22.9	--	3	6870	买盘
10:18:08	22.9	0.01	4	9160	买盘
10:17:49	22.89	--	107	244923	卖盘
10:17:38	22.89	--	6	13734	卖盘
10:17:29	22.89	-0.01	3	6867	卖盘
10:17:19	22.9	--	2	4580	买盘
10:17:08	22.9	--	4	9160	买盘
10:16:59	22.9	-0.02	76	174040	卖盘
10:16:44	22.92	0.02	8	18336	买盘
10:16:38	22.9	--	0	0	卖盘
10:16:34	22.9	-0.02	19	43510	卖盘
10:16:29	22.92	-0.01	9	20628	卖盘
10:16:23	22.93	--	0	0	买盘
10:16:19	22.93	--	50	114650	买盘
10:16:14	22.93	0.01	90	206370	买盘
10:16:08	22.92	--	5	11460	卖盘
10:15:53	22.92	--	4	9168	买盘
10:15:38	22.92	0.01	4	9168	买盘
10:15:34	22.91	-0.01	11	25201	卖盘
10:15:14	22.92	--	18	41256	买盘
10:15:08	22.92	--	0	0	买盘
10:14:53	22.92	--	1	2292	买盘
10:14:38	22.92	--	101	231492	买盘
10:14:34	22.92	--	14	32088	买盘
10:14:29	22.92	--	3	6876	买盘
10:14:19	22.92	--	1	2292	买盘
10:14:08	22.92	--	0	0	买盘
10:13:59	22.92	--	5	11460	买盘
10:13:34	22.92	--	0	0	买盘
10:13:23	22.92	0.02	2	4584	买盘
10:13:08	22.9	--	4	9160	买盘
10:12:32	22.9	--	26	59539	买盘
10:12:24	22.9	--	5	11450	买盘
10:12:14	22.9	0.01	1	2290	买盘
10:12:08	22.89	--	94	215166	卖盘
10:12:02	22.89	--	8	19685	买盘
10:11:59	22.89	--	30	68670	买盘
10:11:53	22.89	--	24	54936	买盘
10:11:38	22.89	--	51	116739	买盘
10:11:32	22.89	0.01	125	286125	买盘
10:11:23	22.88	-0.01	62	141856	卖盘
10:11:08	22.89	0.01	4	9156	买盘
10:11:02	22.88	--	2	4576	卖盘
10:10:53	22.88	--	47	107536	卖盘
10:10:47	22.88	0.01	87	199513	买盘
10:10:43	22.87	-0.01	25	57220	卖盘
10:10:38	22.88	0.01	44	100672	买盘
10:10:32	22.87	--	4	9148	卖盘
10:10:23	22.87	--	42	96054	卖盘
10:10:17	22.87	-0.01	3	6861	卖盘
10:10:08	22.88	--	4	9152	买盘
10:10:02	22.88	--	14	32032	买盘
10:09:53	22.88	--	111	253968	买盘
10:09:47	22.88	--	20	45760	买盘
10:09:38	22.88	0.01	11	25168	买盘
10:09:28	22.87	--	0	0	卖盘
10:09:17	22.87	-0.01	17	38879	卖盘
10:09:08	22.88	0.01	3	6864	卖盘
10:09:02	22.87	--	0	0	卖盘
10:08:58	22.87	-0.02	6	13722	卖盘
10:08:53	22.89	0.01	13	29757	买盘
10:08:47	22.88	0.01	3	6864	买盘
10:08:43	22.87	--	10	22870	卖盘
10:08:38	22.87	-0.01	10	22870	卖盘
10:08:32	22.88	0.01	4	9152	买盘
10:08:23	22.87	-0.01	29	67237	卖盘
10:08:17	22.88	-0.01	18	41184	卖盘
10:08:13	22.89	--	3	6867	卖盘
10:08:08	22.89	0.01	3	6867	中性盘
10:08:02	22.88	--	1	2288	卖盘
10:07:47	22.88	--	43	98384	卖盘
10:07:43	22.88	--	80	183040	卖盘
10:07:38	22.88	--	24	54912	卖盘
10:07:32	22.88	-0.02	3	6864	卖盘
10:07:23	22.9	-0.01	442	1012179	卖盘
10:07:17	22.91	-0.01	53	121423	卖盘
10:07:08	22.92	--	4	9168	买盘
10:06:53	22.92	--	1	2292	卖盘
10:06:41	22.92	--	9	20628	买盘
10:06:38	22.92	-0.01	64	146688	卖盘
10:06:32	22.93	0.01	6	13758	买盘
10:06:26	22.92	-0.01	1	2292	卖盘
10:06:17	22.93	--	1	2293	买盘
10:06:08	22.93	0.01	4	9172	买盘
10:06:02	22.92	--	20	45840	卖盘
10:05:47	22.92	--	0	0	卖盘
10:05:41	22.92	--	20	45840	卖盘
10:05:32	22.92	--	0	0	卖盘
10:05:26	22.92	-0.02	1	2292	卖盘
10:05:17	22.94	0.02	2	4588	买盘
10:05:08	22.92	--	10	22920	卖盘
10:04:47	22.92	-0.02	2	4584	卖盘
10:04:41	22.94	--	0	0	买盘
10:04:37	22.94	0.02	4	9176	买盘
10:04:26	22.92	--	19	43548	卖盘
10:04:11	22.92	-0.02	5	11460	卖盘
10:04:07	22.94	--	14	32116	卖盘
10:04:02	22.94	--	1	2294	中性盘
10:03:56	22.94	--	1	2294	卖盘
10:03:41	22.94	0.01	5	11470	卖盘
10:03:37	22.93	--	0	0	卖盘
10:03:26	22.93	-0.02	3	6879	卖盘
10:03:11	22.95	--	1	2295	买盘
10:03:07	22.95	--	3	6885	买盘
10:03:02	22.95	--	0	0	买盘
10:02:41	22.95	--	10	22950	买盘
10:02:37	22.95	0.03	14	32130	买盘
10:02:32	22.92	-0.03	45	103140	卖盘
10:02:26	22.95	--	7	16065	卖盘
10:02:22	22.95	-0.01	8	18360	卖盘
10:02:17	22.96	--	1	2296	买盘
10:02:02	22.96	--	7	16072	买盘
10:01:47	22.96	--	160	367360	买盘
10:01:41	22.96	--	67	153832	买盘
10:01:37	22.96	--	4	9184	买盘
10:01:32	22.96	-0.01	5	11480	卖盘
10:01:26	22.97	0.01	10	22970	买盘
10:01:17	22.96	-0.01	15	34440	卖盘
10:01:11	22.97	--	2	4594	买盘
10:01:02	22.97	--	3	6891	买盘
10:00:56	22.97	--	5	11485	买盘
10:00:37	22.97	0.03	3	7993	买盘
10:00:32	22.94	-0.01	2	5505	卖盘
10:00:26	22.95	--	4	9180	买盘
10:00:11	22.95	--	1	2295	买盘
10:00:05	22.95	0.01	3	6885	买盘
09:59:56	22.94	-0.01	3	6882	卖盘
09:59:47	22.95	--	3	6885	买盘
09:59:41	22.95	--	5	11475	买盘
09:59:35	22.95	--	3	6885	买盘
09:59:32	22.95	0.02	5	11475	买盘
09:59:20	22.93	-0.02	11	25223	卖盘
09:59:17	22.95	-0.01	42	96390	卖盘
09:59:11	22.96	--	26	59696	买盘
09:59:05	22.96	--	4	9184	买盘
09:59:02	22.96	0.01	3	6888	买盘
09:58:50	22.95	--	0	0	卖盘
09:58:35	22.95	-0.02	10	22950	卖盘
09:58:32	22.97	0.02	3	6891	买盘
09:58:26	22.95	--	10	22950	卖盘
09:58:20	22.95	-0.01	236	541620	卖盘
09:58:16	22.96	0.01	1	2296	买盘
09:58:11	22.95	-0.01	1	2295	卖盘
09:58:05	22.96	--	6	13776	买盘
09:58:01	22.96	-0.01	3	6888	买盘
09:57:50	22.97	--	0	0	买盘
09:57:41	22.97	0.02	2	4594	买盘
09:57:35	22.95	-0.02	404	927180	卖盘
09:57:31	22.97	--	3	6891	买盘
09:57:16	22.97	--	1	2297	买盘
09:57:05	22.97	--	7	16079	买盘
09:57:01	22.97	0.01	16	36752	买盘
09:56:56	22.96	--	26	60889	买盘
09:56:35	22.96	-0.01	223	513110	卖盘
09:56:26	22.97	--	32	73504	买盘
09:56:20	22.97	--	1	2297	买盘
09:56:16	22.97	--	2	4594	买盘
09:56:05	22.97	--	7	16079	买盘
09:55:50	22.97	-0.01	12	27564	卖盘
09:55:35	22.98	--	4	9192	买盘
09:55:31	22.98	0.02	3	6894	买盘
09:55:20	22.96	--	0	0	卖盘
09:55:11	22.96	-0.03	443	1017128	卖盘
09:55:05	22.99	0.01	71	163229	买盘
09:55:01	22.98	0.01	4	10386	买盘
09:54:56	22.97	--	15	35557	卖盘
09:54:50	22.97	--	6	13782	卖盘
09:54:46	22.97	--	12	28758	买盘
09:54:35	22.97	0.01	4	9188	买盘
09:54:31	22.96	-0.01	2	4592	卖盘
09:54:26	22.97	--	6	13782	买盘
09:54:20	22.97	-0.01	12	28666	卖盘
09:54:16	22.98	--	40	91920	买盘
09:54:11	22.98	--	3	6894	买盘
09:54:05	22.98	--	14	32172	买盘
09:53:56	22.98	0.01	4	9192	买盘
09:53:50	22.97	-0.01	22	50534	卖盘
09:53:41	22.98	-0.01	2	4596	卖盘
09:53:35	22.99	--	7	16092	买盘
09:53:20	22.99	0.01	1	2299	买盘
09:53:14	22.98	0.01	2	4596	卖盘
09:53:05	22.97	--	3	6891	卖盘
09:52:50	22.97	--	1	2297	卖盘
09:52:44	22.97	--	18	42540	买盘
09:52:35	22.97	--	4	9188	买盘
09:52:14	22.97	-0.01	18	41346	卖盘
09:52:11	22.98	--	2	4596	买盘
09:52:05	22.98	0.01	4	9192	中性盘
09:51:56	22.97	-0.01	5	11485	卖盘
09:51:35	22.98	-0.01	2	4596	买盘
09:51:29	22.99	0.01	3	6896	买盘
09:51:25	22.98	-0.01	50	114900	卖盘
09:51:05	22.99	--	5	11495	买盘
09:50:50	22.99	--	3	6896	买盘
09:50:35	22.99	0.01	9	20691	买盘
09:50:29	22.98	-0.02	30	68940	卖盘
09:50:20	23.0	--	0	0	买盘
09:50:14	23.0	--	9	20700	买盘
09:50:10	23.0	--	25	57500	买盘
09:50:05	23.0	0.02	4	9200	买盘
09:49:59	22.98	-0.01	19	43662	卖盘
09:49:50	22.99	0.01	13	29886	买盘
09:49:29	22.98	0.02	13	29874	买盘
09:49:14	22.96	--	54	123984	卖盘
09:49:10	22.96	-0.01	100	229600	卖盘
09:49:05	22.97	0.01	1	2297	买盘
09:48:50	22.96	--	17	39032	买盘
09:48:40	22.96	--	6	13776	买盘
09:48:35	22.96	-0.01	288	661248	卖盘
09:48:25	22.97	--	20	45940	卖盘
09:48:14	22.97	-0.01	64	147008	卖盘
09:48:05	22.98	0.01	16	36768	买盘
09:47:59	22.97	0.01	158	362926	买盘
09:47:50	22.96	-0.01	5	11480	卖盘
09:47:40	22.97	-0.01	3	6891	卖盘
09:47:35	22.98	-0.01	4	9192	买盘
09:47:29	22.99	0.01	2	4598	买盘
09:47:23	22.98	--	0	0	中性盘
09:47:20	22.98	-0.02	23	52854	卖盘
09:47:08	23.0	--	1	2300	买盘
09:47:05	23.0	--	9	20700	买盘
09:46:59	23.0	--	55	126500	买盘
09:46:53	23.0	--	1	2300	买盘
09:46:50	23.0	--	1	2300	买盘
09:46:44	23.0	--	175	402500	买盘
09:46:35	23.0	--	4	9200	买盘
09:46:29	23.0	--	1	2300	买盘
09:46:23	23.0	-0.02	241	556186	卖盘
09:46:14	23.02	-0.02	23	52946	卖盘
09:46:08	23.04	-0.01	27	62208	卖盘
09:46:05	23.05	0.01	8	18440	买盘
09:45:59	23.04	--	14	32256	卖盘
09:45:44	23.04	0.04	10	23040	买盘
09:45:35	23.0	--	0	0	卖盘
09:45:23	23.0	--	0	0	卖盘
09:45:20	23.0	-0.02	32	73600	卖盘
09:45:14	23.02	-0.03	6	13812	中性盘
09:45:08	23.05	0.05	50	115250	买盘
09:45:04	23.0	--	8	18400	卖盘
09:44:59	23.0	--	3	6900	卖盘
09:44:53	23.0	--	0	0	卖盘
09:44:49	23.0	--	50	115414	买盘
09:44:44	23.0	--	45	103500	卖盘
09:44:38	23.0	--	43	98900	卖盘
09:44:34	23.0	--	0	0	卖盘
09:44:23	23.0	--	57	131238	买盘
09:44:14	23.0	--	42	98762	卖盘
09:44:08	23.0	0.01	19	43838	买盘
09:44:04	22.99	-0.01	4	9196	买盘
09:43:59	23.0	--	119	273700	买盘
09:43:53	23.0	0.01	11	25300	买盘
09:43:49	22.99	-0.01	5	11495	卖盘
09:43:38	23.0	--	3	6900	买盘
09:43:34	23.0	--	4	9200	买盘
09:43:23	23.0	0.01	2	4600	买盘
09:43:19	22.99	-0.01	8	18392	卖盘
09:43:14	23.0	0.01	3	6900	买盘
09:43:08	22.99	-0.01	14	32185	中性盘
09:43:04	23.0	0.05	4	9200	买盘
09:42:49	22.95	-0.05	100	231657	卖盘
09:42:44	23.0	--	21	48300	卖盘
09:42:34	23.0	--	1	2300	卖盘
09:42:29	23.0	0.04	204	469338	买盘
09:42:23	22.96	--	3	6888	卖盘
09:42:19	22.96	-0.01	3	6888	卖盘
09:42:08	22.97	--	51	117147	买盘
09:42:04	22.97	--	4	9188	买盘
09:41:59	22.97	--	14	32158	买盘
09:41:34	22.97	0.01	39	89583	买盘
09:41:29	22.96	0.02	2	4592	买盘
09:41:23	22.94	--	0	0	卖盘
09:41:14	22.94	--	3	6882	买盘
09:41:08	22.94	0.04	1	2294	买盘
09:41:04	22.9	--	0	0	卖盘
09:40:59	22.9	--	24	54960	卖盘
09:40:53	22.9	--	0	0	卖盘
09:40:44	22.9	-0.06	9	20610	中性盘
09:40:38	22.96	0.06	200	459200	买盘
09:40:32	22.9	--	4	9160	买盘
09:40:23	22.9	--	169	387010	卖盘
09:40:17	22.9	-0.04	15	34350	卖盘
09:40:14	22.94	0.03	2	4588	买盘
09:40:08	22.91	0.01	2	4582	卖盘
09:40:02	22.9	--	0	0	卖盘
09:39:47	22.9	--	5	11450	卖盘
09:39:32	22.9	0.01	1	2290	买盘
09:39:29	22.89	--	15	34335	卖盘
09:39:23	22.89	-0.05	15	34335	卖盘
09:39:17	22.94	--	89	204166	买盘
09:39:14	22.94	0.04	1	2294	买盘
09:38:59	22.9	--	0	0	卖盘
09:38:53	22.9	--	0	0	卖盘
09:38:47	22.9	-0.05	9	20610	中性盘
09:38:38	22.95	0.05	17	39015	买盘
09:38:32	22.9	-0.05	4	9160	买盘
09:38:23	22.95	--	0	0	买盘
09:38:17	22.95	--	43	98685	买盘
09:38:13	22.95	--	1	2295	买盘
09:38:08	22.95	0.05	4	9180	买盘
09:38:02	22.9	--	4	9160	买盘
09:37:53	22.9	--	10	22900	买盘
09:37:47	22.9	-0.05	17	38930	卖盘
09:37:38	22.95	0.07	17	39015	买盘
09:37:32	22.88	-0.02	1	2288	卖盘
09:37:28	22.9	--	3	6870	买盘
09:37:17	22.9	--	12	27480	买盘
09:37:13	22.9	--	0	0	买盘
09:37:08	22.9	--	1	2290	买盘
09:37:02	22.9	0.01	15	34350	买盘
09:36:53	22.89	-0.01	1	2289	卖盘
09:36:38	22.9	--	102	233580	卖盘
09:36:28	22.9	--	0	0	卖盘
09:36:23	22.9	--	0	0	卖盘
09:36:17	22.9	-0.01	1	2290	卖盘
09:36:08	22.91	0.01	26	59566	买盘
09:36:02	22.9	0.01	7	16029	买盘
09:35:58	22.89	-0.01	3	6867	卖盘
09:35:53	22.9	--	2	4580	买盘
09:35:47	22.9	--	5	11450	买盘
09:35:32	22.9	--	16	36640	卖盘
09:35:28	22.9	-0.07	5	11450	卖盘
09:35:17	22.97	0.09	11	25267	买盘
09:35:08	22.88	-0.02	41	93808	卖盘
09:35:02	22.9	--	1	2290	卖盘
09:34:53	22.9	--	0	0	卖盘
09:34:47	22.9	--	10	22900	卖盘
09:34:43	22.9	--	17	38930	买盘
09:34:38	22.9	--	6	13740	买盘
09:34:32	22.9	--	5	11450	买盘
09:34:23	22.9	--	5	11450	卖盘
09:34:17	22.9	-0.01	2	4580	卖盘
09:34:11	22.91	0.01	1	2291	买盘
09:34:08	22.9	-0.07	35	80150	卖盘
09:34:02	22.97	0.05	17	39049	买盘
09:33:56	22.92	--	0	0	买盘
09:33:53	22.92	0.04	50	114600	买盘
09:33:47	22.88	-0.03	55	125840	卖盘
09:33:41	22.91	-0.01	2	4582	卖盘
09:33:32	22.92	--	14	32088	买盘
09:33:26	22.92	-0.01	7	16044	卖盘
09:33:17	22.93	--	1	2293	买盘
09:33:11	22.93	--	11	25223	卖盘
09:33:08	22.93	-0.01	1	2293	卖盘
09:33:02	22.94	--	4	9176	买盘
09:32:56	22.94	--	0	0	中性盘
09:32:53	22.94	--	13	29822	卖盘
09:32:41	22.94	-0.02	3	6882	卖盘
09:32:38	22.96	--	1	2296	买盘
09:32:32	22.96	--	0	0	买盘
09:32:17	22.96	-0.01	46	105616	卖盘
09:32:11	22.97	--	7	16079	卖盘
09:32:02	22.97	0.01	39	89583	买盘
09:31:41	22.96	0.03	80	183680	买盘
09:31:26	22.93	-0.01	20	45860	买盘
09:31:17	22.94	--	40	91760	买盘
09:31:11	22.94	0.01	1	2294	买盘
09:31:07	22.93	0.02	3	6879	卖盘
09:31:02	22.91	--	0	0	卖盘
09:30:56	22.91	--	6	13746	买盘
09:30:32	22.91	0.01	94	215354	中性盘
09:30:26	22.9	-0.01	3	6870	卖盘
09:30:17	22.91	-0.04	4	9164	卖盘
09:30:11	22.95	0.05	1	2295	买盘
09:30:07	22.9	--	7	16029	卖盘
09:30:02	22.9	--	33	75570	卖盘
09:29:01	22.9	--	0	0	卖盘
09:25:08	22.9	22.9	10	24274	买盘
