成交时间	成交价	价格变动	成交量(手)	成交额(元)	性质
15:00:00	19.24	--	0	0	买盘
15:00:00	19.24	0.01	247	475227	买盘
14:59:58	19.23	-0.01	98	188454	卖盘
14:59:52	19.24	0.01	51	98123	买盘
14:59:48	19.23	-0.02	112	215376	卖盘
14:59:43	19.25	--	419	806575	买盘
14:59:37	19.25	0.01	11	21175	买盘
14:59:33	19.24	--	162	311688	卖盘
14:59:28	19.24	--	284	546416	卖盘
14:59:22	19.24	-0.01	31	59643	卖盘
14:59:18	19.25	0.01	360	693000	买盘
14:59:12	19.24	-0.01	163	313612	卖盘
14:59:07	19.25	0.01	43	82775	买盘
14:59:02	19.24	--	107	205867	买盘
14:58:57	19.24	--	112	215487	卖盘
14:58:52	19.24	-0.01	41	78884	卖盘
14:58:48	19.25	0.01	205	394625	买盘
14:58:42	19.24	0.01	117	225107	买盘
14:58:37	19.23	-0.01	81	155763	卖盘
14:58:33	19.24	--	782	1504567	卖盘
14:58:27	19.24	--	164	315536	卖盘
14:58:22	19.24	0.01	35	67340	买盘
14:58:18	19.23	-0.01	143	274989	卖盘
14:58:12	19.24	--	146	280904	买盘
14:58:07	19.24	-0.01	212	407887	卖盘
14:58:02	19.25	0.01	162	311850	买盘
14:57:57	19.24	-0.01	134	257815	卖盘
14:57:52	19.25	0.01	84	161700	买盘
14:57:47	19.24	-0.01	183	352092	卖盘
14:57:42	19.25	0.01	44	84700	买盘
14:57:37	19.24	-0.01	98	188551	卖盘
14:57:32	19.25	0.01	87	167475	买盘
14:57:27	19.24	--	84	161616	卖盘
14:57:22	19.24	--	26	50023	卖盘
14:57:17	19.24	--	55	105819	买盘
14:57:12	19.24	--	389	748435	买盘
14:57:07	19.24	--	14	26935	买盘
14:57:02	19.24	--	89	171236	买盘
14:56:57	19.24	--	60	115439	买盘
14:56:52	19.24	0.01	8	15391	买盘
14:56:47	19.23	--	177	340371	买盘
14:56:42	19.23	-0.01	132	253836	卖盘
14:56:37	19.24	0.01	49	94275	买盘
14:56:32	19.23	--	56	107688	卖盘
14:56:27	19.23	--	125	240375	卖盘
14:56:22	19.23	-0.01	67	128841	卖盘
14:56:16	19.24	0.02	48	92351	买盘
14:56:12	19.22	-0.02	304	584288	卖盘
14:56:07	19.24	0.01	32	61567	买盘
14:56:01	19.23	0.01	35	67305	中性盘
14:55:57	19.22	-0.01	262	503563	卖盘
14:55:52	19.23	--	190	365370	买盘
14:55:46	19.23	--	55	105765	买盘
14:55:42	19.23	0.01	14	26922	买盘
14:55:37	19.22	--	53	101866	卖盘
14:55:31	19.22	--	67	128773	卖盘
14:55:27	19.22	--	72	138384	卖盘
14:55:22	19.22	--	88	169136	卖盘
14:55:16	19.22	--	79	151838	卖盘
14:55:12	19.22	--	75	144150	卖盘
14:55:07	19.22	-0.01	40	76880	中性盘
14:55:01	19.23	0.02	78	149994	买盘
14:54:57	19.21	-0.01	65	124865	卖盘
14:54:52	19.22	--	80	153760	买盘
14:54:46	19.22	0.01	22	42284	买盘
14:54:42	19.21	-0.01	74	142154	卖盘
14:54:37	19.22	--	38	73036	买盘
14:54:31	19.22	0.01	56	107632	买盘
14:54:27	19.21	-0.01	134	257414	卖盘
14:54:22	19.22	--	67	128773	卖盘
14:54:16	19.22	--	43	82646	卖盘
14:54:12	19.22	--	111	213342	卖盘
14:54:07	19.22	0.01	100	192200	卖盘
14:54:01	19.21	--	15	28815	卖盘
14:53:57	19.21	--	80	153680	卖盘
14:53:52	19.21	-0.01	113	217073	卖盘
14:53:46	19.22	0.01	5	9610	买盘
14:53:42	19.21	-0.01	134	257414	卖盘
14:53:37	19.22	--	141	271002	买盘
14:53:31	19.22	0.01	17	32673	买盘
14:53:27	19.21	-0.01	157	301597	卖盘
14:53:22	19.22	0.01	18	34596	买盘
14:53:16	19.21	--	20	38420	卖盘
14:53:12	19.21	--	62	119102	卖盘
14:53:07	19.21	--	89	170969	卖盘
14:53:01	19.21	--	129	247809	买盘
14:52:57	19.21	--	151	290071	买盘
14:52:52	19.21	--	223	428383	买盘
14:52:46	19.21	0.01	65	124865	买盘
14:52:42	19.2	-0.01	121	232320	卖盘
14:52:37	19.21	--	31	59551	卖盘
14:52:31	19.21	--	113	217073	买盘
14:52:27	19.21	--	132	253572	卖盘
14:52:22	19.21	--	77	147917	卖盘
14:52:16	19.21	--	102	195942	卖盘
14:52:11	19.21	-0.01	178	341938	卖盘
14:52:07	19.22	0.01	189	363258	买盘
14:52:01	19.21	--	9	17289	卖盘
14:51:57	19.21	-0.01	203	389963	卖盘
14:51:51	19.22	--	19	36518	买盘
14:51:46	19.22	--	55	105710	买盘
14:51:41	19.22	--	82	157604	买盘
14:51:36	19.22	--	8	15376	买盘
14:51:31	19.22	--	5	9610	买盘
14:51:26	19.22	--	81	155682	买盘
14:51:21	19.22	-0.01	304	584288	卖盘
14:51:16	19.23	--	22	42306	买盘
14:51:11	19.23	--	50	96150	买盘
14:51:06	19.23	--	45	86535	买盘
14:51:01	19.23	--	15	28845	买盘
14:50:51	19.23	--	39	74997	卖盘
14:50:46	19.23	-0.02	142	273066	卖盘
14:50:41	19.25	0.01	87	167475	买盘
14:50:36	19.24	--	86	165464	卖盘
14:50:31	19.24	--	46	88504	卖盘
14:50:26	19.24	--	37	71188	卖盘
14:50:21	19.24	--	8	15391	卖盘
14:50:16	19.24	0.01	53	101971	中性盘
14:50:11	19.23	-0.01	60	115380	卖盘
14:50:06	19.24	0.01	189	363635	买盘
14:50:01	19.23	--	27	51921	卖盘
14:49:56	19.23	--	7	13461	卖盘
14:49:51	19.23	--	33	63459	卖盘
14:49:46	19.23	-0.01	13	24999	中性盘
14:49:41	19.24	0.02	8	15391	买盘
14:49:36	19.22	-0.01	136	261391	卖盘
14:49:31	19.23	--	69	132687	买盘
14:49:25	19.23	0.01	19	36537	买盘
14:49:21	19.22	--	37	71114	卖盘
14:49:16	19.22	--	316	607352	卖盘
14:49:10	19.22	--	0	0	卖盘
14:49:05	19.22	--	62	119164	卖盘
14:49:01	19.22	-0.04	82	157604	卖盘
14:48:55	19.26	0.04	1044	2010744	买盘
14:48:50	19.22	--	88	169136	买盘
14:48:46	19.22	--	112	215264	卖盘
14:48:40	19.22	-0.01	1	1922	卖盘
14:48:35	19.23	0.01	7	13461	买盘
14:48:31	19.22	--	11	21142	卖盘
14:48:25	19.22	0.01	1	1922	卖盘
14:48:20	19.21	-0.01	36	69156	卖盘
14:48:16	19.22	-0.03	1	1922	中性盘
14:48:10	19.25	0.04	72	138600	买盘
14:48:06	19.21	--	1001	1922921	卖盘
14:48:01	19.21	-0.01	29	55709	卖盘
14:47:54	19.22	0.01	54	103788	买盘
14:47:50	19.21	--	25	48025	买盘
14:47:46	19.21	--	188	361148	卖盘
14:47:40	19.21	-0.01	49	94129	卖盘
14:47:36	19.22	0.01	122	234484	买盘
14:47:31	19.21	--	10	19210	卖盘
14:47:25	19.21	0.01	26	49946	中性盘
14:47:21	19.2	-0.02	505	969600	卖盘
14:47:16	19.22	--	15	28830	买盘
14:47:10	19.22	0.01	151	290222	买盘
14:47:06	19.21	-0.01	3	5763	卖盘
14:47:01	19.22	0.01	101	194122	买盘
14:46:55	19.21	--	83	159443	卖盘
14:46:51	19.21	-0.01	13	24973	卖盘
14:46:46	19.22	0.01	13	24986	买盘
14:46:40	19.21	-0.01	10	19210	卖盘
14:46:36	19.22	0.01	145	278690	买盘
14:46:31	19.21	-0.01	25	48025	卖盘
14:46:25	19.22	--	47	90334	买盘
14:46:20	19.22	--	55	105710	买盘
14:46:16	19.22	--	73	140306	买盘
14:46:10	19.22	0.01	18	34596	买盘
14:46:05	19.21	-0.01	52	99892	卖盘
14:46:01	19.22	0.01	240	461280	买盘
14:45:55	19.21	-0.01	3	5763	中性盘
14:45:51	19.22	0.01	117	224874	买盘
14:45:46	19.21	-0.01	544	1045024	卖盘
14:45:40	19.22	--	2	3844	买盘
14:45:36	19.22	--	69	132618	买盘
14:45:30	19.22	--	23	44206	买盘
14:45:25	19.22	0.01	128	246016	买盘
14:45:21	19.21	--	167	320807	卖盘
14:45:16	19.21	-0.01	55	105655	卖盘
14:45:10	19.22	--	223	428606	买盘
14:45:06	19.22	0.01	38	73036	买盘
14:45:00	19.21	-0.01	73	140233	卖盘
14:44:55	19.22	--	10	19220	买盘
14:44:50	19.22	--	20	38440	买盘
14:44:45	19.22	-0.01	561	1078242	卖盘
14:44:40	19.23	--	34	65382	买盘
14:44:35	19.23	--	22	42306	买盘
14:44:30	19.23	--	101	194223	买盘
14:44:25	19.23	--	34	65382	买盘
14:44:20	19.23	--	425	817275	卖盘
14:44:15	19.23	-0.01	13	24999	卖盘
14:44:10	19.24	--	179	344396	买盘
14:44:05	19.24	--	20	38480	买盘
14:44:00	19.24	--	22	42328	买盘
14:43:55	19.24	0.01	5	9620	买盘
14:43:50	19.23	-0.01	69	132687	卖盘
14:43:45	19.24	--	15	28859	买盘
14:43:40	19.24	0.01	9	17316	买盘
14:43:35	19.23	--	125	240375	卖盘
14:43:30	19.23	-0.01	27	51921	卖盘
14:43:25	19.24	--	13	25011	买盘
14:43:20	19.24	0.01	44	84656	买盘
14:43:15	19.23	-0.01	23	44229	卖盘
14:43:10	19.24	0.02	10	19240	买盘
14:43:05	19.22	-0.01	1	1922	卖盘
14:42:59	19.23	-0.01	36	69228	卖盘
14:42:54	19.24	0.02	6	11543	买盘
14:42:50	19.22	--	30	57756	卖盘
14:42:45	19.22	-0.01	182	349804	卖盘
14:42:40	19.23	--	10	19230	买盘
14:42:34	19.23	--	7	13461	买盘
14:42:29	19.23	0.01	96	184608	买盘
14:42:25	19.22	--	52	99944	卖盘
14:42:19	19.22	--	265	509329	卖盘
14:42:15	19.22	--	265	509329	买盘
14:42:10	19.22	0.01	31	59582	买盘
14:42:04	19.21	--	72	138312	卖盘
14:41:59	19.21	--	38	72998	卖盘
14:41:55	19.21	-0.01	15	28815	卖盘
14:41:49	19.22	0.01	34	65347	买盘
14:41:45	19.21	-0.01	37	71077	卖盘
14:41:40	19.22	0.01	31	59582	买盘
14:41:33	19.21	-0.01	19	36499	卖盘
14:41:30	19.22	--	106	203732	买盘
14:41:25	19.22	0.01	28	53816	买盘
14:41:18	19.21	--	5	9605	卖盘
14:41:15	19.21	-0.01	258	495618	卖盘
14:41:10	19.22	--	67	128773	买盘
14:41:04	19.22	0.01	12	23064	买盘
14:41:00	19.21	-0.01	19	36499	卖盘
14:40:54	19.22	--	26	49972	买盘
14:40:49	19.22	--	18	34596	买盘
14:40:44	19.22	--	186	357492	买盘
14:40:40	19.22	--	12	23064	买盘
14:40:34	19.22	-0.01	66	126851	卖盘
14:40:30	19.23	--	192	369216	买盘
14:40:25	19.23	0.01	26	49998	买盘
14:40:19	19.22	0.01	41	78802	买盘
14:40:15	19.21	-0.01	78	149838	卖盘
14:40:10	19.22	--	151	290222	买盘
14:40:04	19.22	--	5	11435	卖盘
14:40:00	19.22	-0.01	253	486362	卖盘
14:39:55	19.23	--	16	30768	买盘
14:39:49	19.23	-0.01	56	107688	卖盘
14:39:44	19.24	0.01	93	178932	买盘
14:39:40	19.23	--	26	49998	卖盘
14:39:34	19.23	--	30	57690	卖盘
14:39:29	19.23	--	9	17307	卖盘
14:39:25	19.23	-0.01	62	119226	卖盘
14:39:19	19.24	--	32	61567	卖盘
14:39:15	19.24	-0.01	122	234727	卖盘
14:39:10	19.25	0.01	28	53900	买盘
14:39:03	19.24	--	10	19240	卖盘
14:39:00	19.24	-0.01	17	32707	卖盘
14:38:55	19.25	--	177	340725	卖盘
14:38:49	19.25	--	76	146300	卖盘
14:38:45	19.25	--	157	302225	卖盘
14:38:40	19.25	-0.01	39	75075	卖盘
14:38:30	19.26	--	184	354384	卖盘
14:38:24	19.26	--	168	323568	卖盘
14:38:19	19.26	--	15	28890	卖盘
14:38:14	19.26	-0.01	76	146376	卖盘
14:38:09	19.27	--	183	352641	买盘
14:38:03	19.27	--	2	3854	买盘
14:37:59	19.27	0.01	29	55883	买盘
14:37:54	19.26	-0.01	15	28890	卖盘
14:37:49	19.27	0.01	67	129109	买盘
14:37:44	19.26	-0.01	40	77040	卖盘
14:37:39	19.27	--	149	288818	卖盘
14:37:34	19.27	--	1	1927	卖盘
14:37:29	19.27	--	168	323736	卖盘
14:37:24	19.27	--	87	167649	卖盘
14:37:19	19.27	--	229	441283	卖盘
14:37:14	19.27	--	92	177284	卖盘
14:37:09	19.27	--	22	42394	卖盘
14:36:59	19.27	-0.01	9	17343	卖盘
14:36:54	19.28	0.01	75	144600	买盘
14:36:49	19.27	--	0	0	卖盘
14:36:44	19.27	-0.01	36	69603	卖盘
14:36:39	19.28	--	25	48200	买盘
14:36:33	19.28	--	14	26992	买盘
14:36:29	19.28	--	1	3624	卖盘
14:36:24	19.28	-0.01	125	241231	卖盘
14:36:19	19.29	0.01	95	183255	买盘
14:36:14	19.28	-0.01	15	28920	卖盘
14:36:08	19.29	0.01	73	140817	买盘
14:36:04	19.28	-0.01	21	40488	卖盘
14:35:58	19.29	0.01	13	25077	买盘
14:35:54	19.28	0.01	7	13496	买盘
14:35:49	19.27	--	3	5781	卖盘
14:35:43	19.27	-0.01	1	1927	卖盘
14:35:39	19.28	-0.02	13	25064	中性盘
14:35:34	19.3	0.03	223	430390	买盘
14:35:28	19.27	-0.03	15	28905	卖盘
14:35:23	19.3	0.01	71	137030	买盘
14:35:19	19.29	--	40	77160	买盘
14:35:13	19.29	--	0	0	买盘
14:35:08	19.29	0.02	4	7716	卖盘
14:35:03	19.27	--	0	0	卖盘
14:34:58	19.27	-0.02	25	48175	卖盘
14:34:54	19.29	0.02	69	133101	买盘
14:34:49	19.27	-0.02	125	240875	卖盘
14:34:43	19.29	--	4	7716	买盘
14:34:38	19.29	--	76	146604	卖盘
14:34:34	19.29	--	51	98379	卖盘
14:34:28	19.29	-0.01	10	19290	卖盘
14:34:23	19.3	0.01	21	40530	买盘
14:34:19	19.29	--	4	7716	卖盘
14:34:13	19.29	--	6	11574	卖盘
14:34:09	19.29	--	16	30864	卖盘
14:34:04	19.29	--	5	9645	卖盘
14:33:58	19.29	0.03	22	42438	买盘
14:33:54	19.26	--	0	0	卖盘
14:33:49	19.26	-0.03	1	1926	卖盘
14:33:43	19.29	0.03	50	96450	买盘
14:33:38	19.26	-0.02	43	82818	卖盘
14:33:33	19.28	--	19	36632	买盘
14:33:23	19.28	0.02	28	53984	买盘
14:33:19	19.26	--	12	23112	卖盘
14:33:13	19.26	--	15	28890	卖盘
14:33:09	19.26	--	5	9630	卖盘
14:33:04	19.26	--	74	142524	卖盘
14:32:58	19.26	--	20	38520	卖盘
14:32:54	19.26	--	29	55854	买盘
14:32:49	19.26	--	57	109782	买盘
14:32:39	19.26	0.01	29	55854	买盘
14:32:24	19.25	-0.01	21	40425	卖盘
14:32:18	19.26	-0.03	1	1926	卖盘
14:32:12	19.29	--	0	0	买盘
14:32:09	19.29	0.04	2	3858	买盘
14:32:04	19.25	--	26	50050	卖盘
14:31:58	19.25	--	5	9625	卖盘
14:31:53	19.25	--	3	5775	卖盘
14:31:48	19.25	--	2	3850	卖盘
14:31:43	19.25	--	3	5775	买盘
14:31:38	19.25	--	31	59675	买盘
14:31:33	19.25	0.01	7	13475	卖盘
14:31:28	19.24	-0.01	50	96199	卖盘
14:31:23	19.25	--	863	1661275	买盘
14:31:18	19.25	--	30	57750	买盘
14:31:13	19.25	0.01	14	26950	买盘
14:31:08	19.24	-0.01	77	148148	卖盘
14:31:03	19.25	--	40	77000	买盘
14:30:58	19.25	--	174	334950	卖盘
14:30:53	19.25	--	114	219450	买盘
14:30:48	19.25	0.01	18	34650	买盘
14:30:43	19.24	--	1024	1970175	卖盘
14:30:38	19.24	-0.01	20	38480	卖盘
14:30:33	19.25	0.01	45	86625	买盘
14:30:28	19.24	-0.01	10	19240	卖盘
14:30:23	19.25	0.01	24	46200	买盘
14:30:18	19.24	-0.01	26	50023	卖盘
14:30:13	19.25	-0.01	13	25025	买盘
14:30:08	19.26	--	166	319716	买盘
14:30:03	19.26	--	49	95702	买盘
14:29:58	19.26	0.01	15	28890	买盘
14:29:53	19.25	-0.01	19	36575	卖盘
14:29:48	19.26	--	597	1149822	卖盘
14:29:43	19.26	--	40	77040	卖盘
14:29:38	19.26	--	29	55854	卖盘
14:29:32	19.26	--	52	100152	卖盘
14:29:27	19.26	-0.01	9	17334	卖盘
14:29:22	19.27	--	67	129109	买盘
14:29:13	19.27	--	113	217751	卖盘
14:29:07	19.27	--	2	3854	卖盘
14:29:03	19.27	--	75	144525	卖盘
14:28:52	19.27	--	24	46248	卖盘
14:28:47	19.27	-0.01	40	77080	卖盘
14:28:43	19.28	--	4	7712	买盘
14:28:33	19.28	-0.01	45	88668	卖盘
14:28:27	19.29	0.01	42	81018	买盘
14:28:21	19.28	--	32	61696	卖盘
14:28:17	19.28	--	44	84832	卖盘
14:28:13	19.28	--	120	231360	卖盘
14:28:06	19.28	--	77	148456	卖盘
14:28:02	19.28	--	100	192819	卖盘
14:27:57	19.28	--	16	30848	卖盘
14:27:52	19.28	-0.01	35	67480	卖盘
14:27:47	19.29	0.01	44	84876	买盘
14:27:42	19.28	-0.01	12	23136	卖盘
14:27:36	19.29	--	2	3858	买盘
14:27:32	19.29	--	20	38580	买盘
14:27:28	19.29	--	11	21219	买盘
14:27:21	19.29	--	17	32793	买盘
14:27:17	19.29	--	10	19290	买盘
14:27:13	19.29	--	7	13503	买盘
14:27:07	19.29	--	127	244983	卖盘
14:27:03	19.29	--	105	202545	卖盘
14:26:57	19.29	--	10	19290	卖盘
14:26:52	19.29	-0.01	5	9645	卖盘
14:26:48	19.3	--	10	19300	买盘
14:26:43	19.3	0.01	35	67550	买盘
14:26:37	19.29	--	4	7716	卖盘
14:26:32	19.29	-0.01	29	55941	中性盘
14:26:27	19.3	0.01	100	193000	买盘
14:26:22	19.29	-0.01	17	32793	卖盘
14:26:18	19.3	0.01	52	100360	买盘
14:26:12	19.29	--	43	82947	买盘
14:26:06	19.29	-0.01	7	13503	买盘
14:26:02	19.3	--	2	3860	买盘
14:25:57	19.3	--	20	38600	买盘
14:25:51	19.3	0.01	3	5790	买盘
14:25:48	19.29	-0.01	11	21219	卖盘
14:25:43	19.3	--	0	0	买盘
14:25:37	19.3	0.02	11	21230	买盘
14:25:32	19.28	-0.01	5	9640	卖盘
14:25:28	19.29	--	2	3858	买盘
14:25:17	19.29	-0.01	118	227622	卖盘
14:25:13	19.3	0.01	22	42460	买盘
14:25:06	19.29	--	10	19290	卖盘
14:25:03	19.29	--	107	206403	卖盘
14:24:58	19.29	--	27	52083	卖盘
14:24:52	19.29	--	11	21219	卖盘
14:24:47	19.29	--	24	46296	卖盘
14:24:37	19.29	--	15	28935	卖盘
14:24:32	19.29	--	10	19290	卖盘
14:24:27	19.29	--	16	30864	卖盘
14:24:22	19.29	--	3	5787	卖盘
14:24:17	19.29	--	12	23148	卖盘
14:24:12	19.29	0.01	10	19290	买盘
14:24:06	19.28	-0.01	21	40488	卖盘
14:24:02	19.29	0.01	70	135030	买盘
14:23:57	19.28	-0.01	53	102184	卖盘
14:23:51	19.29	--	39	75231	买盘
14:23:47	19.29	--	1	1929	买盘
14:23:42	19.29	--	50	96450	买盘
14:23:36	19.29	0.01	21	40509	买盘
14:23:32	19.28	--	0	0	卖盘
14:23:27	19.28	-0.01	40	77120	卖盘
14:23:21	19.29	--	5	9645	买盘
14:23:17	19.29	0.01	24	46296	中性盘
14:23:12	19.28	--	23	44344	卖盘
14:23:06	19.28	-0.01	126	242928	卖盘
14:23:02	19.29	0.01	177	341433	买盘
14:22:51	19.28	--	2	3856	卖盘
14:22:47	19.28	0.01	29	55912	卖盘
14:22:41	19.27	--	0	0	卖盘
14:22:37	19.27	-0.01	24	46248	卖盘
14:22:30	19.28	--	12	23136	买盘
14:22:26	19.28	--	6	11568	买盘
14:22:22	19.28	--	5	9640	买盘
14:22:11	19.28	--	57	109896	卖盘
14:22:06	19.28	--	20	38560	卖盘
14:21:56	19.28	--	17	32776	卖盘
14:21:51	19.28	--	53	102184	卖盘
14:21:45	19.28	0.01	6	11568	中性盘
14:21:41	19.27	-0.01	144	277488	卖盘
14:21:36	19.28	--	103	198584	买盘
14:21:26	19.28	--	302	582256	买盘
14:21:21	19.28	--	76	146528	卖盘
14:21:16	19.28	-0.01	115	221720	卖盘
14:21:11	19.29	0.01	2	3858	买盘
14:21:07	19.28	-0.01	10	19280	卖盘
14:21:01	19.29	-0.01	3	5787	买盘
14:20:56	19.3	--	0	0	买盘
14:20:51	19.3	0.01	96	185280	买盘
14:20:45	19.29	-0.01	24	46296	卖盘
14:20:41	19.3	0.01	44	84920	买盘
14:20:37	19.29	-0.01	127	244983	卖盘
14:20:31	19.3	--	11	21230	买盘
14:20:26	19.3	--	55	106150	买盘
14:20:21	19.3	--	21	40530	买盘
14:20:16	19.3	--	9	17370	买盘
14:20:11	19.3	--	6	11580	买盘
14:20:07	19.3	--	32	61760	买盘
14:20:00	19.3	--	6	11580	卖盘
14:19:56	19.3	--	86	165980	卖盘
14:19:51	19.3	-0.01	72	138960	卖盘
14:19:45	19.31	--	12	23172	买盘
14:19:41	19.31	--	95	183445	买盘
14:19:36	19.31	--	8	15447	买盘
14:19:30	19.31	-0.01	5	9655	卖盘
14:19:26	19.32	0.01	88	170016	买盘
14:19:21	19.31	--	4	7723	买盘
14:19:15	19.31	--	31	59860	卖盘
14:19:11	19.31	--	23	44413	买盘
14:19:06	19.31	--	98	189238	卖盘
14:19:00	19.31	--	1	1930	买盘
14:18:56	19.31	--	28	54068	买盘
14:18:51	19.31	-0.01	73	140963	买盘
14:18:45	19.32	0.01	259	500388	买盘
14:18:42	19.31	-0.01	34	65654	卖盘
14:18:36	19.32	--	40	77280	买盘
14:18:30	19.32	0.01	21	40572	买盘
14:18:26	19.31	-0.01	38	73378	卖盘
14:18:21	19.32	--	45	86940	买盘
14:18:15	19.32	0.02	23	44436	买盘
14:18:11	19.3	--	1	1930	卖盘
14:18:06	19.3	--	33	63690	卖盘
14:18:00	19.3	--	50	96500	买盘
14:17:56	19.3	0.01	82	158260	买盘
14:17:51	19.29	-0.01	11	21219	中性盘
14:17:46	19.3	0.01	6	11580	买盘
14:17:41	19.29	--	0	0	中性盘
14:17:36	19.29	--	54	104166	卖盘
14:17:26	19.29	0.04	9	17361	中性盘
14:17:21	19.25	-0.05	86	165550	卖盘
14:17:15	19.3	0.05	974	1880418	买盘
14:17:11	19.25	--	0	0	卖盘
14:17:06	19.25	--	43	82775	卖盘
14:17:00	19.25	0.01	14	26950	中性盘
14:16:56	19.24	--	75	144300	卖盘
14:16:51	19.24	--	37	71188	卖盘
14:16:45	19.24	-0.01	9	17316	卖盘
14:16:41	19.25	--	1561	3004925	卖盘
14:16:36	19.25	--	32	61600	卖盘
14:16:30	19.25	--	2	3850	卖盘
14:16:26	19.25	--	12	23100	卖盘
14:16:21	19.25	-0.01	60	115500	卖盘
14:16:15	19.26	0.01	5	9630	买盘
14:16:11	19.25	-0.01	64	123200	卖盘
14:15:55	19.26	--	26	50076	买盘
14:15:51	19.26	0.01	9	17334	买盘
14:15:45	19.25	--	17	32725	卖盘
14:15:39	19.25	--	17	32725	卖盘
14:15:35	19.25	--	33	63525	卖盘
14:15:31	19.25	-0.01	23	44275	卖盘
14:15:24	19.26	--	9	17334	买盘
14:15:20	19.26	--	4	7704	买盘
14:15:15	19.26	--	46	88596	买盘
14:15:05	19.26	0.01	21	40446	买盘
14:15:01	19.25	-0.01	80	154000	卖盘
14:14:54	19.26	--	40	77040	买盘
14:14:50	19.26	--	26	50076	买盘
14:14:35	19.26	-0.01	24	46224	卖盘
14:14:30	19.27	0.01	8	15416	买盘
14:14:20	19.26	--	23	44298	卖盘
14:14:15	19.26	--	96	184896	卖盘
14:14:09	19.26	0.01	30	57780	买盘
14:14:05	19.25	-0.01	27	51975	卖盘
14:14:00	19.26	--	14	26964	买盘
14:13:54	19.26	--	3	5778	买盘
14:13:50	19.26	--	1	1926	卖盘
14:13:45	19.26	-0.01	110	211860	卖盘
14:13:39	19.27	--	4	7708	买盘
14:13:35	19.27	0.01	107	206189	买盘
14:13:30	19.26	--	18	34668	卖盘
14:13:24	19.26	--	27	52002	买盘
14:13:20	19.26	-0.01	13	25038	买盘
14:13:15	19.27	0.01	105	202335	买盘
14:13:09	19.26	--	2	3852	卖盘
14:13:05	19.26	--	14	26964	卖盘
14:12:50	19.26	--	10	19260	卖盘
14:12:45	19.26	--	38	73188	买盘
14:12:39	19.26	--	20	38520	买盘
14:12:35	19.26	--	118	227268	买盘
14:12:30	19.26	--	18	34668	买盘
14:12:24	19.26	--	3	5778	买盘
14:12:20	19.26	0.01	20	38520	买盘
14:12:16	19.25	--	53	102025	卖盘
14:12:05	19.25	-0.01	6	11550	卖盘
14:12:00	19.26	--	10	19260	买盘
14:11:54	19.26	--	28	53928	买盘
14:11:50	19.26	0.01	33	63558	买盘
14:11:45	19.25	-0.01	48	92400	卖盘
14:11:39	19.26	--	1	1926	买盘
14:11:35	19.26	--	68	130968	买盘
14:11:30	19.26	--	41	78966	买盘
14:11:20	19.26	--	10	19260	买盘
14:11:15	19.26	0.01	3	5778	买盘
14:11:09	19.25	--	39	75075	卖盘
14:11:05	19.25	-0.01	3	5775	卖盘
14:11:00	19.26	--	36	69336	买盘
14:10:45	19.26	0.01	20	38520	买盘
14:10:39	19.25	-0.01	83	159775	卖盘
14:10:35	19.26	0.01	5	9630	买盘
14:10:20	19.25	-0.01	38	73150	卖盘
14:10:15	19.26	0.01	2	3852	买盘
14:10:05	19.25	--	74	142450	买盘
14:10:00	19.25	--	68	130900	买盘
14:09:54	19.25	--	74	142450	买盘
14:09:45	19.25	0.01	17	32725	买盘
14:09:39	19.24	-0.01	5	9620	卖盘
14:09:35	19.25	0.01	14	26950	买盘
14:09:30	19.24	--	18	34632	卖盘
14:09:20	19.24	--	7	13467	卖盘
14:09:15	19.24	--	48	92351	卖盘
14:09:09	19.24	--	9	17316	卖盘
14:09:05	19.24	--	5	9620	卖盘
14:09:00	19.24	--	74	142376	卖盘
14:08:48	19.24	-0.01	10	19240	卖盘
14:08:44	19.25	0.01	30	57750	买盘
14:08:39	19.24	--	11	21164	卖盘
14:08:33	19.24	--	61	117363	卖盘
14:08:29	19.24	-0.01	22	42328	卖盘
14:08:24	19.25	--	48	92400	买盘
14:08:18	19.25	0.01	3	5775	买盘
14:08:14	19.24	-0.01	71	136604	卖盘
14:08:09	19.25	0.01	10	19250	买盘
14:08:03	19.24	--	6	11543	卖盘
14:07:59	19.24	-0.01	13	25011	卖盘
14:07:54	19.25	--	116	223300	买盘
14:07:44	19.25	--	61	117425	买盘
14:07:39	19.25	--	9	17325	买盘
14:07:33	19.25	--	8	15400	买盘
14:07:29	19.25	--	15	28875	买盘
14:07:24	19.25	0.01	5	9625	买盘
14:07:18	19.24	-0.01	6	11543	卖盘
14:07:14	19.25	--	137	263725	买盘
14:07:09	19.25	-0.01	33	63525	卖盘
14:06:59	19.26	0.01	10	19260	买盘
14:06:54	19.25	--	45	86625	卖盘
14:06:39	19.25	--	87	167475	买盘
14:06:33	19.25	-0.01	206	396550	卖盘
14:06:29	19.26	0.01	5	9630	买盘
14:06:18	19.25	-0.01	105	202125	卖盘
14:06:14	19.26	-0.01	43	82818	卖盘
14:06:09	19.27	--	28	53956	买盘
14:06:03	19.27	--	13	25051	买盘
14:05:59	19.27	0.01	38	73226	买盘
14:05:54	19.26	-0.01	23	44298	卖盘
14:05:48	19.27	--	102	196554	买盘
14:05:44	19.27	--	5	9635	买盘
14:05:39	19.27	--	113	217751	买盘
14:05:33	19.27	--	3	5781	买盘
14:05:29	19.27	--	22	42394	买盘
14:05:24	19.27	--	18	34686	买盘
14:05:18	19.27	--	14	26978	买盘
14:05:14	19.27	0.02	3	5781	买盘
14:05:09	19.25	-0.02	6	11550	卖盘
14:05:03	19.27	--	5	9635	买盘
14:04:59	19.27	--	101	194627	买盘
14:04:54	19.27	0.01	2	3854	买盘
14:04:44	19.26	--	82	159838	卖盘
14:04:39	19.26	--	13	25038	卖盘
14:04:33	19.26	--	5	9630	卖盘
14:04:29	19.26	-0.01	10	19260	卖盘
14:04:24	19.27	0.01	55	105985	买盘
14:04:18	19.26	--	3	5778	买盘
14:04:14	19.26	0.02	105	202230	买盘
14:04:09	19.24	-0.01	60	115439	卖盘
14:04:03	19.25	0.01	90	173250	买盘
14:03:59	19.24	--	20	38480	卖盘
14:03:54	19.24	--	47	90427	卖盘
14:03:48	19.24	-0.01	21	40404	卖盘
14:03:44	19.25	--	16	30800	买盘
14:03:39	19.25	--	16	30800	买盘
14:03:33	19.25	--	28	53900	买盘
14:03:29	19.25	0.01	2	3850	买盘
14:03:24	19.24	-0.01	55	105819	卖盘
14:03:18	19.25	--	18	34650	买盘
14:03:14	19.25	--	34	65450	买盘
14:03:09	19.25	--	98	188650	卖盘
14:02:59	19.25	--	19	36575	买盘
14:02:54	19.25	-0.01	147	282975	卖盘
14:02:48	19.26	0.01	3	5778	买盘
14:02:44	19.25	--	23	44275	卖盘
14:02:39	19.25	--	83	159775	卖盘
14:02:33	19.25	-0.01	27	51975	卖盘
14:02:29	19.26	--	4	7704	买盘
14:02:24	19.26	0.01	8	15408	买盘
14:02:18	19.25	--	37	71225	卖盘
14:02:14	19.25	-0.01	3	5775	卖盘
14:02:09	19.26	--	15	28890	买盘
14:02:03	19.26	--	38	73188	买盘
14:01:53	19.26	0.01	36	69336	买盘
14:01:48	19.25	--	10	19250	卖盘
14:01:42	19.25	--	2	3850	卖盘
14:01:38	19.25	--	12	23100	卖盘
14:01:27	19.25	-0.01	7	13475	卖盘
14:01:23	19.26	--	37	71262	卖盘
14:01:18	19.26	--	39	75114	买盘
14:01:12	19.26	--	13	25038	买盘
14:01:08	19.26	--	11	21186	买盘
14:01:03	19.26	--	4	7704	买盘
14:00:57	19.26	--	0	0	中性盘
14:00:53	19.26	-0.01	23	44298	卖盘
14:00:48	19.27	--	14	26978	买盘
14:00:42	19.27	--	10	19270	买盘
14:00:38	19.27	--	46	88642	中性盘
14:00:33	19.27	--	82	158014	卖盘
14:00:23	19.27	0.01	53	102131	买盘
14:00:18	19.26	-0.01	42	80892	卖盘
14:00:12	19.27	--	27	52029	买盘
14:00:08	19.27	-0.01	63	121401	卖盘
14:00:03	19.28	0.01	1	1928	买盘
13:59:57	19.27	--	33	63591	卖盘
13:59:53	19.27	--	28	53956	卖盘
13:59:48	19.27	-0.01	9	17343	卖盘
13:59:42	19.28	0.02	38	73264	买盘
13:59:38	19.26	-0.01	215	414090	卖盘
13:59:33	19.27	--	27	52029	买盘
13:59:27	19.27	0.01	88	169576	买盘
13:59:23	19.26	-0.01	136	261936	卖盘
13:59:18	19.27	0.01	46	88642	买盘
13:59:08	19.26	--	38	73188	卖盘
13:59:03	19.26	--	1	1926	买盘
13:58:57	19.26	-0.01	14	26964	卖盘
13:58:53	19.27	--	76	146452	买盘
13:58:48	19.27	0.01	64	123328	买盘
13:58:42	19.26	--	20	38520	卖盘
13:58:38	19.26	--	12	23112	卖盘
13:58:33	19.26	--	28	53928	卖盘
13:58:27	19.26	--	52	100152	买盘
13:58:23	19.26	-0.01	43	82818	卖盘
13:58:18	19.27	0.02	50	96350	买盘
13:58:08	19.25	-0.01	51	98175	卖盘
13:58:03	19.26	--	150	288900	卖盘
13:57:57	19.26	--	5	9630	卖盘
13:57:53	19.26	0.01	27	52002	买盘
13:57:48	19.25	-0.01	83	159775	卖盘
13:57:42	19.26	0.01	21	40446	买盘
13:57:38	19.25	--	14	26950	卖盘
13:57:33	19.25	-0.01	5	9625	卖盘
13:57:23	19.26	0.01	2	3852	买盘
13:57:18	19.25	--	4	7700	卖盘
13:57:08	19.25	--	2	3850	卖盘
13:57:03	19.25	0.01	125	240625	买盘
13:56:53	19.24	--	17	32707	卖盘
13:56:48	19.24	-0.01	40	76960	卖盘
13:56:42	19.25	0.01	19	36575	买盘
13:56:38	19.24	--	2	3847	卖盘
13:56:33	19.24	-0.01	47	90427	卖盘
13:56:27	19.25	0.01	10	19250	买盘
13:56:23	19.24	--	11	21164	卖盘
13:56:18	19.24	-0.01	26	50023	卖盘
13:56:12	19.25	--	33	63525	买盘
13:56:08	19.25	0.01	44	84700	买盘
13:56:03	19.24	--	84	161616	卖盘
13:55:57	19.24	--	8	15391	卖盘
13:55:53	19.24	-0.01	25	48099	卖盘
13:55:48	19.25	0.01	107	205975	买盘
13:55:42	19.24	-0.01	3	5771	卖盘
13:55:38	19.25	--	25	48125	买盘
13:55:33	19.25	-0.01	229	440825	卖盘
13:55:27	19.26	-0.01	70	134820	卖盘
13:55:21	19.27	--	5	9635	买盘
13:55:18	19.27	--	104	200408	买盘
13:55:12	19.27	--	10	19270	中性盘
13:55:06	19.27	--	6	11562	买盘
13:55:02	19.27	0.01	21	40467	买盘
13:54:57	19.26	-0.01	79	152154	卖盘
13:54:51	19.27	--	11	21197	买盘
13:54:47	19.27	--	26	50102	卖盘
13:54:42	19.27	--	1	1927	卖盘
13:54:36	19.27	-0.01	3	5781	卖盘
13:54:32	19.28	0.01	33	63624	买盘
13:54:27	19.27	0.02	65	125255	买盘
13:54:21	19.25	-0.01	54	103950	卖盘
13:54:17	19.26	--	10	19260	卖盘
13:54:12	19.26	--	7	13482	卖盘
13:54:06	19.26	0.01	9	17334	买盘
13:54:02	19.25	--	212	408100	卖盘
13:53:57	19.25	--	17	32725	卖盘
13:53:51	19.25	--	0	0	卖盘
13:53:47	19.25	-0.02	89	171325	卖盘
13:53:42	19.27	--	75	144525	买盘
13:53:36	19.27	--	30	57810	买盘
13:53:32	19.27	-0.01	375	723723	卖盘
13:53:27	19.28	-0.01	78	150384	卖盘
13:53:21	19.29	--	69	133101	买盘
13:53:17	19.29	-0.01	100	192900	卖盘
13:53:12	19.3	--	60	115800	买盘
13:53:06	19.3	0.01	35	67550	买盘
13:53:02	19.29	--	44	84876	卖盘
13:52:57	19.29	-0.01	44	84876	中性盘
13:52:51	19.3	0.01	19	36670	买盘
13:52:47	19.29	--	118	227622	买盘
13:52:42	19.29	-0.01	92	177468	中性盘
13:52:36	19.3	0.01	61	117730	买盘
13:52:32	19.29	--	94	181326	卖盘
13:52:27	19.29	0.01	27	52083	卖盘
13:52:21	19.28	-0.01	22	42416	卖盘
13:52:17	19.29	0.01	185	356865	买盘
13:52:12	19.28	-0.01	119	229432	卖盘
13:52:06	19.29	0.01	68	132001	买盘
13:52:02	19.28	--	89	171592	买盘
13:51:57	19.28	--	54	104112	买盘
13:51:51	19.28	0.01	30	57840	买盘
13:51:47	19.27	--	40	77080	卖盘
13:51:42	19.27	--	123	237021	买盘
13:51:36	19.27	0.01	68	131036	买盘
13:51:32	19.26	-0.01	101	194526	卖盘
13:51:27	19.27	--	143	275561	买盘
13:51:17	19.27	0.01	20	38540	买盘
13:51:12	19.26	0.01	42	80892	买盘
13:51:02	19.25	--	10	19250	卖盘
13:50:57	19.25	0.01	499	960575	买盘
13:50:51	19.24	--	49	94275	买盘
13:50:47	19.24	--	17	32707	买盘
13:50:42	19.24	0.01	112	215487	买盘
13:50:36	19.23	-0.01	8	15384	卖盘
13:50:32	19.24	0.01	26	50023	买盘
13:50:27	19.23	--	16	30768	买盘
13:50:21	19.23	--	10	19230	买盘
13:50:17	19.23	--	130	249990	买盘
13:50:12	19.23	0.01	18	34614	买盘
13:50:06	19.22	--	6	11532	卖盘
13:50:02	19.22	--	81	155682	买盘
13:49:57	19.22	--	112	215264	买盘
13:49:51	19.22	--	10	19220	买盘
13:49:47	19.22	--	57	109554	买盘
13:49:42	19.22	0.01	30	57660	买盘
13:49:36	19.21	-0.01	2	3842	卖盘
13:49:32	19.22	--	17	32673	卖盘
13:49:27	19.22	0.01	8	15376	买盘
13:49:21	19.21	-0.01	5	9605	卖盘
13:49:17	19.22	--	5	9610	买盘
13:49:12	19.22	-0.01	13	24986	中性盘
13:49:06	19.23	0.03	5	9615	买盘
13:49:02	19.2	-0.01	61	117120	卖盘
13:48:57	19.21	--	0	0	卖盘
13:48:51	19.21	--	15	28815	买盘
13:48:45	19.21	--	20	38420	卖盘
13:48:42	19.21	-0.01	515	989315	卖盘
13:48:36	19.22	0.01	1	1922	买盘
13:48:26	19.21	--	27	51867	买盘
13:48:15	19.21	--	9	17289	买盘
13:48:11	19.21	--	64	122944	买盘
13:48:06	19.21	--	59	113339	卖盘
13:47:56	19.21	-0.01	15	28815	卖盘
13:47:51	19.22	0.01	36	69192	买盘
13:47:45	19.21	--	7	13447	卖盘
13:47:41	19.21	--	8	15368	卖盘
13:47:36	19.21	--	21	40341	卖盘
13:47:30	19.21	0.01	56	107576	买盘
13:47:26	19.2	--	30	57600	卖盘
13:47:21	19.2	-0.01	13	24960	卖盘
13:47:15	19.21	0.01	10	19210	买盘
13:47:11	19.2	-0.01	13	24960	卖盘
13:47:06	19.21	0.01	3	5763	买盘
13:47:00	19.2	--	10	19200	卖盘
13:46:56	19.2	-0.01	45	86400	卖盘
13:46:51	19.21	0.01	33	63393	买盘
13:46:45	19.2	-0.01	61	117120	卖盘
13:46:41	19.21	0.01	14	26894	买盘
13:46:36	19.2	-0.01	42	80640	卖盘
13:46:30	19.21	--	20	38420	买盘
13:46:26	19.21	--	10	19210	买盘
13:46:21	19.21	--	162	311202	买盘
13:46:15	19.21	0.01	10	19210	买盘
13:46:11	19.2	-0.01	117	224640	卖盘
13:46:06	19.21	--	68	130628	买盘
13:46:00	19.21	--	14	26894	买盘
13:45:56	19.21	-0.01	21	40341	中性盘
13:45:51	19.22	--	106	203732	买盘
13:45:45	19.22	0.02	36	69192	买盘
13:45:41	19.2	-0.02	97	186240	卖盘
13:45:36	19.22	0.02	25	48050	买盘
13:45:26	19.2	--	27	51840	卖盘
13:45:21	19.2	--	4	7680	卖盘
13:45:15	19.2	-0.01	12	23040	卖盘
13:45:11	19.21	0.01	34	65314	买盘
13:45:06	19.2	--	2	3840	卖盘
13:45:00	19.2	--	9	17280	买盘
13:44:56	19.2	--	28	53760	卖盘
13:44:51	19.2	--	11	21120	买盘
13:44:45	19.2	--	22	42240	买盘
13:44:41	19.2	--	52	99840	买盘
13:44:36	19.2	--	6	11520	买盘
13:44:30	19.2	0.01	10	19200	买盘
13:44:26	19.19	--	14	26866	卖盘
13:44:21	19.19	0.01	66	126654	卖盘
13:44:15	19.18	--	1	1918	卖盘
13:44:11	19.18	--	26	49868	卖盘
13:44:06	19.18	--	19	36442	卖盘
13:44:00	19.18	--	1	1918	卖盘
13:43:56	19.18	-0.01	13	24934	卖盘
13:43:51	19.19	--	10	19190	买盘
13:43:45	19.19	--	5	9595	买盘
13:43:41	19.19	0.01	27	51813	买盘
13:43:36	19.18	--	40	76720	卖盘
13:43:26	19.18	--	6	11508	卖盘
13:43:21	19.18	--	46	88228	买盘
13:43:15	19.18	--	25	47950	买盘
13:43:11	19.18	--	73	140014	买盘
13:43:06	19.18	--	24	46032	买盘
13:43:00	19.18	--	30	57540	买盘
13:42:56	19.18	--	50	95900	卖盘
13:42:51	19.18	--	23	44114	买盘
13:42:45	19.18	--	61	116998	买盘
13:42:41	19.18	-0.01	75	143850	卖盘
13:42:36	19.19	--	1	1919	买盘
13:42:26	19.19	--	14	26866	买盘
13:42:21	19.19	--	29	55651	卖盘
13:42:15	19.19	-0.01	51	97869	卖盘
13:42:11	19.2	--	25	48000	买盘
13:42:06	19.2	--	0	0	买盘
13:42:00	19.2	--	13	24960	买盘
13:41:54	19.2	--	9	17280	买盘
13:41:45	19.2	--	56	107520	买盘
13:41:39	19.2	--	6	11520	买盘
13:41:35	19.2	--	50	96000	买盘
13:41:30	19.2	--	50	96000	买盘
13:41:24	19.2	--	6	11520	买盘
13:41:20	19.2	0.03	35	67200	买盘
13:41:15	19.17	-0.03	10	19170	卖盘
13:41:05	19.2	0.03	406	779520	买盘
13:41:00	19.17	0.01	23	44091	买盘
13:40:54	19.16	-0.01	2	3832	中性盘
13:40:50	19.17	0.01	23	44091	买盘
13:40:45	19.16	0.01	41	78556	买盘
13:40:39	19.15	-0.01	25	47875	卖盘
13:40:35	19.16	--	4	7664	卖盘
13:40:30	19.16	-0.01	1	1916	中性盘
13:40:24	19.17	0.01	287	550179	买盘
13:40:20	19.16	--	4	7664	买盘
13:40:15	19.16	0.01	12	22992	买盘
13:40:09	19.15	-0.01	1	1914	卖盘
13:40:00	19.16	--	8	15328	买盘
13:39:50	19.16	--	62	118792	买盘
13:39:45	19.16	0.01	15	28740	买盘
13:39:39	19.15	-0.01	6	11490	卖盘
13:39:35	19.16	0.01	43	82388	买盘
13:39:30	19.15	--	1	1914	卖盘
13:39:24	19.15	-0.01	4	7659	卖盘
13:39:20	19.16	--	6	11496	买盘
13:39:15	19.16	0.01	26	49816	买盘
13:39:05	19.15	-0.01	37	70855	卖盘
13:39:00	19.16	0.01	21	40236	买盘
13:38:54	19.15	-0.01	9	17235	卖盘
13:38:50	19.16	0.01	105	201180	买盘
13:38:45	19.15	0.01	10	19150	买盘
13:38:39	19.14	-0.01	21	40194	卖盘
13:38:35	19.15	-0.01	22	42130	中性盘
13:38:30	19.16	--	97	185852	买盘
13:38:24	19.16	0.01	39	74724	买盘
13:38:20	19.15	-0.02	133	254694	卖盘
13:38:15	19.17	--	7	13419	买盘
13:38:09	19.17	--	17	32589	买盘
13:38:05	19.17	0.01	22	42174	买盘
13:38:00	19.16	--	1	1916	卖盘
13:37:54	19.16	0.01	78	149448	买盘
13:37:50	19.15	--	39	74685	买盘
13:37:45	19.15	--	74	141710	买盘
13:37:39	19.15	--	13	24894	买盘
13:37:35	19.15	--	86	164690	卖盘
13:37:30	19.15	0.01	13	24894	卖盘
13:37:24	19.14	--	25	47850	卖盘
13:37:20	19.14	-0.01	50	95700	卖盘
13:37:15	19.15	--	67	128304	买盘
13:37:09	19.15	--	2	3829	买盘
13:37:05	19.15	--	73	139795	买盘
13:37:00	19.15	--	102	195330	买盘
13:36:50	19.15	0.01	11	21065	买盘
13:36:45	19.14	--	11	21054	卖盘
13:36:35	19.14	--	20	38280	买盘
13:36:30	19.14	--	69	132066	买盘
13:36:20	19.14	--	27	51678	卖盘
13:36:15	19.14	-0.01	46	88044	卖盘
13:36:09	19.15	0.01	5	9575	买盘
13:36:00	19.14	--	59	112926	卖盘
13:35:54	19.14	--	20	38280	卖盘
13:35:50	19.14	--	2	3828	卖盘
13:35:45	19.14	--	0	0	中性盘
13:35:39	19.14	--	33	63162	买盘
13:35:35	19.14	--	36	68904	买盘
13:35:30	19.14	-0.02	495	947430	卖盘
13:35:24	19.16	--	44	84304	卖盘
13:35:15	19.16	--	9	17244	卖盘
13:35:09	19.16	--	11	21076	卖盘
13:35:03	19.16	0.02	49	93884	买盘
13:35:00	19.14	-0.01	99	189486	卖盘
13:34:54	19.15	--	65	124474	卖盘
13:34:44	19.15	--	35	67025	卖盘
13:34:39	19.15	-0.01	33	63194	买盘
13:34:33	19.16	0.02	200	383200	买盘
13:34:29	19.14	--	32	61248	卖盘
13:34:24	19.14	--	43	82302	卖盘
13:34:18	19.14	--	55	105270	卖盘
13:34:14	19.14	--	29	55506	卖盘
13:34:09	19.14	--	133	254562	卖盘
13:34:03	19.14	--	30	57420	卖盘
13:33:59	19.14	-0.01	54	103356	卖盘
13:33:54	19.15	0.01	44	84260	买盘
13:33:48	19.14	-0.01	30	57420	卖盘
13:33:44	19.15	--	89	170435	买盘
13:33:39	19.15	--	13	24894	买盘
13:33:33	19.15	-0.01	661	1265815	卖盘
13:33:29	19.16	0.01	53	101548	买盘
13:33:24	19.15	--	59	112984	卖盘
13:33:18	19.15	-0.01	32	61279	卖盘
13:33:14	19.16	--	147	281652	买盘
13:33:09	19.16	--	5	9580	买盘
13:33:03	19.16	--	9	17244	买盘
13:32:59	19.16	-0.01	209	400444	卖盘
13:32:54	19.17	--	76	145692	买盘
13:32:44	19.17	--	4	7668	买盘
13:32:39	19.17	--	116	222372	卖盘
13:32:33	19.17	-0.01	30	57510	卖盘
13:32:29	19.18	0.01	37	70966	买盘
13:32:24	19.17	--	26	49842	卖盘
13:32:14	19.17	-0.01	62	118854	卖盘
13:32:09	19.18	--	71	136178	买盘
13:31:59	19.18	--	19	36442	买盘
13:31:48	19.18	0.01	239	458402	买盘
13:31:44	19.17	--	7	13419	买盘
13:31:39	19.17	0.01	23	44091	买盘
13:31:33	19.16	-0.01	5	9580	卖盘
13:31:29	19.17	--	11	21087	买盘
13:31:24	19.17	--	17	32589	卖盘
13:31:14	19.17	--	11	21087	卖盘
13:31:09	19.17	--	22	42174	卖盘
13:30:54	19.17	--	28	53676	买盘
13:30:48	19.17	--	5	9585	买盘
13:30:44	19.17	--	242	463914	卖盘
13:30:39	19.17	--	143	274131	卖盘
13:30:29	19.17	--	51	97767	卖盘
13:30:24	19.17	-0.01	11	21087	卖盘
13:30:18	19.18	0.02	11	21098	买盘
13:30:14	19.16	-0.01	62	118792	卖盘
13:30:09	19.17	--	26	49842	买盘
13:30:03	19.17	--	30	57510	买盘
13:29:59	19.17	--	10	19170	买盘
13:29:54	19.17	--	5	9585	买盘
13:29:44	19.17	--	11	21087	买盘
13:29:39	19.17	--	66	126522	买盘
13:29:33	19.17	-0.01	186	356562	卖盘
13:29:29	19.18	0.01	11	21098	买盘
13:29:24	19.17	-0.01	37	70929	卖盘
13:29:18	19.18	--	28	53704	买盘
13:29:14	19.18	--	40	76720	买盘
13:29:09	19.18	--	3	5754	买盘
13:29:03	19.18	0.01	35	67130	买盘
13:28:59	19.17	-0.01	63	120771	卖盘
13:28:54	19.18	0.01	12	23016	买盘
13:28:48	19.17	-0.01	15	28755	卖盘
13:28:39	19.18	0.01	25	47950	买盘
13:28:33	19.17	-0.01	1	1917	卖盘
13:28:27	19.18	-0.01	29	55622	卖盘
13:28:24	19.19	0.01	1	1919	买盘
13:28:18	19.18	--	19	36442	卖盘
13:28:09	19.18	--	17	32606	买盘
13:28:03	19.18	--	9	17262	买盘
13:27:53	19.18	--	28	53704	买盘
13:27:48	19.18	--	63	120834	买盘
13:27:42	19.18	--	2	3836	买盘
13:27:38	19.18	--	398	763364	卖盘
13:27:33	19.18	0.01	51	97818	买盘
13:27:23	19.17	-0.01	110	210870	卖盘
13:27:18	19.18	0.01	10	19180	买盘
13:27:12	19.17	-0.01	41	78597	卖盘
13:27:08	19.18	0.01	15	28770	买盘
13:26:57	19.17	--	24	46008	卖盘
13:26:53	19.17	--	38	72846	卖盘
13:26:48	19.17	--	2	3834	卖盘
13:26:42	19.17	--	1	1917	卖盘
13:26:38	19.17	0.01	260	498420	买盘
13:26:33	19.16	--	10	19160	卖盘
13:26:23	19.16	-0.01	8	15328	卖盘
13:26:18	19.17	--	150	287550	买盘
13:26:03	19.17	0.01	1	1917	买盘
13:25:57	19.16	--	11	21076	买盘
13:25:53	19.16	--	2	3832	买盘
13:25:48	19.16	--	11	21076	卖盘
13:25:42	19.16	--	29	55564	买盘
13:25:38	19.16	--	55	105380	卖盘
13:25:33	19.16	--	5	9580	卖盘
13:25:27	19.16	--	2	3832	卖盘
13:25:23	19.16	--	20	38320	买盘
13:25:18	19.16	--	55	105380	买盘
13:25:12	19.16	--	10	19160	买盘
13:25:08	19.16	--	37	70892	买盘
13:25:03	19.16	--	111	212676	买盘
13:24:57	19.16	0.01	63	120708	买盘
13:24:53	19.15	-0.01	52	99579	卖盘
13:24:48	19.16	0.01	29	55564	买盘
13:24:42	19.15	-0.01	11	21065	卖盘
13:24:38	19.16	--	39	74724	买盘
13:24:27	19.16	--	7	13412	买盘
13:24:23	19.16	--	8	15328	买盘
13:24:18	19.16	--	69	132204	买盘
13:24:08	19.16	--	6	11496	买盘
13:24:03	19.16	0.01	11	21076	买盘
13:23:53	19.15	--	48	91920	卖盘
13:23:48	19.15	-0.01	3	5745	卖盘
13:23:38	19.16	--	50	95800	卖盘
13:23:33	19.16	--	65	124540	卖盘
13:23:23	19.16	-0.01	40	76640	卖盘
13:23:18	19.17	--	2	3834	买盘
13:23:12	19.17	0.01	221	423657	买盘
13:23:08	19.16	--	28	53648	卖盘
13:23:03	19.16	-0.01	3	5748	卖盘
13:22:53	19.17	0.01	10	19170	买盘
13:22:48	19.16	--	242	463672	买盘
13:22:42	19.16	0.01	35	67060	买盘
13:22:38	19.15	--	37	70855	卖盘
13:22:33	19.15	-0.01	5	9575	卖盘
13:22:27	19.16	--	205	392780	买盘
13:22:23	19.16	-0.01	22	42152	中性盘
13:22:18	19.17	0.01	402	770634	买盘
13:22:12	19.16	--	8	15328	卖盘
13:22:08	19.16	--	83	159028	卖盘
13:22:03	19.16	--	36	68976	卖盘
13:21:57	19.16	--	10	19160	卖盘
13:21:51	19.16	-0.01	21	40236	卖盘
13:21:48	19.17	0.01	23	44091	买盘
13:21:42	19.16	-0.01	27	51732	卖盘
13:21:36	19.17	0.01	9	17253	买盘
13:21:33	19.16	-0.01	6	11496	卖盘
13:21:27	19.17	--	22	42174	买盘
13:21:21	19.17	0.01	21	40257	买盘
13:21:17	19.16	-0.01	29	55564	卖盘
13:21:12	19.17	0.01	11	21087	买盘
13:21:02	19.16	-0.01	7	13412	卖盘
13:20:57	19.17	0.01	7	13419	买盘
13:20:47	19.16	-0.01	18	34488	卖盘
13:20:42	19.17	--	2	3834	买盘
13:20:32	19.17	0.01	32	61344	买盘
13:20:27	19.16	-0.01	35	67060	卖盘
13:20:17	19.17	0.01	23	44091	中性盘
13:20:12	19.16	-0.02	13	24908	卖盘
13:20:06	19.18	--	5	9590	买盘
13:20:02	19.18	0.02	10	19180	买盘
13:19:57	19.16	--	53	101548	卖盘
13:19:51	19.16	--	35	67060	卖盘
13:19:47	19.16	-0.02	6	11496	卖盘
13:19:42	19.18	0.02	3	5754	买盘
13:19:36	19.16	--	7	13412	卖盘
13:19:32	19.16	--	37	70892	卖盘
13:19:27	19.16	--	8	15328	买盘
13:19:21	19.16	--	20	38320	买盘
13:19:17	19.16	--	109	208844	买盘
13:19:12	19.16	0.01	75	143700	买盘
13:19:06	19.15	-0.01	5	9575	卖盘
13:19:02	19.16	0.01	39	74724	买盘
13:18:57	19.15	-0.01	28	53619	卖盘
13:18:51	19.16	--	19	36404	买盘
13:18:47	19.16	--	130	249080	卖盘
13:18:42	19.16	-0.01	30	57480	卖盘
13:18:32	19.17	--	34	65178	买盘
13:18:27	19.17	-0.01	14	26838	买盘
13:18:21	19.18	--	18	34524	买盘
13:18:17	19.18	0.02	18	34524	买盘
13:18:12	19.16	-0.01	91	174356	卖盘
13:18:06	19.17	0.01	16	30672	买盘
13:18:02	19.16	-0.01	9	17244	卖盘
13:17:57	19.17	0.01	20	38340	买盘
13:17:51	19.16	--	10	19160	卖盘
13:17:47	19.16	--	89	170524	卖盘
13:17:42	19.16	-0.01	207	396612	卖盘
13:17:32	19.17	--	27	51759	买盘
13:17:27	19.17	0.01	13	24921	买盘
13:17:21	19.16	--	4	7664	卖盘
13:17:17	19.16	--	9	17244	卖盘
13:17:12	19.16	--	101	193516	卖盘
13:17:06	19.16	0.01	2	3832	买盘
13:17:02	19.15	--	105	201074	卖盘
13:16:57	19.15	-0.01	48	91920	卖盘
13:16:51	19.16	--	6	11496	买盘
13:16:47	19.16	--	11	21076	买盘
13:16:42	19.16	--	52	99632	买盘
13:16:36	19.16	--	5	9580	买盘
13:16:32	19.16	--	33	63228	买盘
13:16:27	19.16	--	39	74724	买盘
13:16:21	19.16	0.01	10	19160	买盘
13:16:17	19.15	--	23	44045	卖盘
13:16:12	19.15	-0.01	60	114899	卖盘
13:16:06	19.16	--	3	5748	买盘
13:16:01	19.16	-0.01	20	38320	中性盘
13:15:57	19.17	0.01	67	128439	买盘
13:15:51	19.16	-0.01	57	109212	卖盘
13:15:47	19.17	--	24	46008	买盘
13:15:42	19.17	--	4	7668	买盘
13:15:36	19.17	-0.01	57	109269	卖盘
13:15:30	19.18	0.01	10	19180	买盘
13:15:27	19.17	--	17	32589	买盘
13:15:21	19.17	-0.01	16	30672	中性盘
13:15:15	19.18	--	21	40278	买盘
13:15:12	19.18	0.01	14	26852	买盘
13:15:06	19.17	-0.01	12	23004	卖盘
13:14:56	19.18	--	17	32606	买盘
13:14:51	19.18	--	8	15344	买盘
13:14:45	19.18	--	31	59458	卖盘
13:14:41	19.18	-0.01	4	7672	卖盘
13:14:36	19.19	--	61	117059	买盘
13:14:30	19.19	0.01	10	19190	买盘
13:14:26	19.18	--	10	19180	卖盘
13:14:11	19.18	0.01	30	57540	买盘
13:14:06	19.17	--	25	47925	卖盘
13:14:00	19.17	--	32	61344	卖盘
13:13:56	19.17	-0.01	51	97767	卖盘
13:13:51	19.18	--	5	9590	买盘
13:13:45	19.18	0.01	7	13426	买盘
13:13:41	19.17	--	22	42174	中性盘
13:13:30	19.17	--	2	3834	卖盘
13:13:26	19.17	0.01	18	34506	中性盘
13:13:21	19.16	--	6	11496	卖盘
13:13:15	19.16	-0.02	1	1916	中性盘
13:13:11	19.18	0.03	1	1918	买盘
13:12:56	19.15	--	2	3829	卖盘
13:12:51	19.15	--	1	1914	买盘
13:12:45	19.15	--	34	65109	买盘
13:12:41	19.15	--	25	47875	买盘
13:12:36	19.15	--	8	15319	买盘
13:12:30	19.15	--	371	710465	买盘
13:12:26	19.15	--	14	26809	买盘
13:12:21	19.15	--	8	15319	买盘
13:12:15	19.15	--	5	9575	买盘
13:12:11	19.15	--	10	19150	买盘
13:12:06	19.15	0.01	12	22980	买盘
13:12:00	19.14	-0.01	139	266046	卖盘
13:11:56	19.15	0.01	5	9575	买盘
13:11:51	19.14	--	18	34452	卖盘
13:11:45	19.14	0.01	38	72732	买盘
13:11:41	19.13	-0.01	28	53564	卖盘
13:11:36	19.14	0.01	99	189486	买盘
13:11:30	19.13	-0.01	1	1913	卖盘
13:11:26	19.14	0.01	59	112926	买盘
13:11:21	19.13	-0.01	46	87998	卖盘
13:11:15	19.14	--	1	1914	买盘
13:11:11	19.14	--	35	66990	买盘
13:11:06	19.14	0.01	38	72732	买盘
13:10:56	19.13	-0.01	68	130084	卖盘
13:10:51	19.14	0.01	9	17226	买盘
13:10:45	19.13	-0.01	18	34434	卖盘
13:10:41	19.14	--	15	28710	买盘
13:10:36	19.14	0.01	15	28710	买盘
13:10:30	19.13	--	118	225734	卖盘
13:10:26	19.13	-0.01	38	72694	卖盘
13:10:21	19.14	0.01	25	47850	买盘
13:10:11	19.13	--	18	34434	卖盘
13:10:06	19.13	--	51	97563	卖盘
13:09:56	19.13	--	4	7652	卖盘
13:09:51	19.13	--	4	7652	卖盘
13:09:45	19.13	--	22	42086	卖盘
13:09:41	19.13	--	5	9565	卖盘
13:09:36	19.13	--	54	103302	买盘
13:09:30	19.13	--	2	3826	买盘
13:09:26	19.13	--	6	11478	买盘
13:09:21	19.13	--	52	99476	买盘
13:09:15	19.13	0.01	13	24869	买盘
13:09:10	19.12	-0.01	239	456968	卖盘
13:09:00	19.13	--	5	9565	买盘
13:08:56	19.13	--	55	105215	卖盘
13:08:51	19.13	--	1	1913	卖盘
13:08:45	19.13	--	37	70781	买盘
13:08:39	19.13	--	22	42086	买盘
13:08:36	19.13	--	7	13391	买盘
13:08:30	19.13	0.01	8	15304	买盘
13:08:24	19.12	-0.01	16	30592	卖盘
13:08:21	19.13	--	14	26782	买盘
13:08:15	19.13	--	13	24869	买盘
13:08:09	19.13	--	1	1913	买盘
13:08:05	19.13	--	4	7652	买盘
13:08:00	19.13	--	169	323297	卖盘
13:07:54	19.13	--	14	26782	卖盘
13:07:45	19.13	--	2	3826	卖盘
13:07:39	19.13	-0.01	10	19130	卖盘
13:07:35	19.14	--	20	38280	买盘
13:07:30	19.14	0.01	10	19140	买盘
13:07:24	19.13	--	4	7652	卖盘
13:07:20	19.13	--	11	21043	中性盘
13:07:15	19.13	--	6	11478	买盘
13:07:09	19.13	--	4	7652	买盘
13:07:05	19.13	--	31	59303	买盘
13:07:00	19.13	--	26	49738	卖盘
13:06:54	19.13	-0.01	61	116693	卖盘
13:06:50	19.14	0.01	21	40194	买盘
13:06:39	19.13	-0.01	6	11478	卖盘
13:06:35	19.14	0.01	30	57420	买盘
13:06:30	19.13	--	28	53564	买盘
13:06:24	19.13	--	2	3826	买盘
13:06:20	19.13	-0.01	72	137736	卖盘
13:06:15	19.14	0.01	81	155034	买盘
13:06:09	19.13	-0.01	20	38260	卖盘
13:06:05	19.14	--	22	42108	买盘
13:06:00	19.14	--	11	21054	买盘
13:05:54	19.14	--	5	9570	买盘
13:05:45	19.14	0.01	38	72732	买盘
13:05:39	19.13	--	10	19130	卖盘
13:05:35	19.13	--	5	9565	卖盘
13:05:30	19.13	0.02	436	834068	买盘
13:05:24	19.11	-0.01	17	32487	卖盘
13:05:20	19.12	0.01	28	53536	中性盘
13:05:15	19.11	-0.01	660	1261260	卖盘
13:05:09	19.12	--	2	5028	买盘
13:05:05	19.12	--	124	237088	买盘
13:05:00	19.12	--	81	154872	买盘
13:04:54	19.12	0.01	12	22944	买盘
13:04:50	19.11	-0.01	47	89817	卖盘
13:04:45	19.12	--	73	139576	买盘
13:04:39	19.12	0.01	58	110896	买盘
13:04:35	19.11	-0.01	36	68796	卖盘
13:04:30	19.12	--	375	717707	卖盘
13:04:24	19.12	-0.01	35	66920	卖盘
13:04:20	19.13	0.01	16	30608	买盘
13:04:15	19.12	-0.01	40	76480	卖盘
13:04:05	19.13	--	22	42086	买盘
13:04:00	19.13	--	118	225734	卖盘
13:03:54	19.13	--	73	139649	卖盘
13:03:50	19.13	--	3	5739	卖盘
13:03:45	19.13	--	35	66955	卖盘
13:03:39	19.13	--	1	1913	卖盘
13:03:35	19.13	-0.01	11	21043	卖盘
13:03:30	19.14	--	169	323466	买盘
13:03:24	19.14	--	20	38280	买盘
13:03:20	19.14	--	76	145464	买盘
13:03:15	19.14	--	12	22968	买盘
13:03:09	19.14	--	1	1914	买盘
13:03:05	19.14	--	51	97614	卖盘
13:03:00	19.14	-0.01	24	45936	卖盘
13:02:54	19.15	--	51	97665	买盘
13:02:50	19.15	--	17	32554	买盘
13:02:45	19.15	--	57	109154	卖盘
13:02:30	19.15	-0.01	91	174265	卖盘
13:02:24	19.16	--	13	24908	买盘
13:02:19	19.16	--	5	9580	买盘
13:02:15	19.16	0.01	15	28740	买盘
13:02:09	19.15	-0.01	50	95750	卖盘
13:02:05	19.16	--	22	42152	买盘
13:02:00	19.16	--	41	78556	买盘
13:01:54	19.16	--	11	21076	买盘
13:01:45	19.16	--	31	59396	卖盘
13:01:39	19.16	--	27	51732	卖盘
13:01:33	19.16	--	2	3832	卖盘
13:01:30	19.16	-0.01	19	36404	卖盘
13:01:24	19.17	--	142	272214	买盘
13:01:18	19.17	--	14	26838	买盘
13:01:09	19.17	--	131	251127	卖盘
13:01:03	19.17	--	10	19170	卖盘
13:00:59	19.17	--	21	40257	卖盘
13:00:54	19.17	--	7	13419	卖盘
13:00:44	19.17	-0.01	12	23004	卖盘
13:00:39	19.18	0.01	1	1918	买盘
13:00:33	19.17	--	8	15336	买盘
13:00:18	19.17	0.01	3	5751	买盘
13:00:09	19.16	-0.04	1067	2044372	卖盘
13:00:03	19.2	--	463	888960	买盘
11:30:00	19.2	--	0	0	买盘
11:30:00	19.2	--	0	0	买盘
11:29:59	19.2	0.01	13	24960	买盘
11:29:56	19.19	--	15	28785	卖盘
11:29:51	19.19	-0.01	26	49894	卖盘
11:29:41	19.2	--	25	48000	买盘
11:29:36	19.2	--	12	23040	买盘
11:29:30	19.2	0.01	34	65280	买盘
11:29:26	19.19	-0.01	21	40299	卖盘
11:29:21	19.2	--	12	23040	买盘
11:29:15	19.2	--	3	5760	买盘
11:29:11	19.2	--	25	48000	买盘
11:29:06	19.2	-0.02	70	134400	卖盘
11:28:56	19.22	--	11	21142	卖盘
11:28:51	19.22	--	523	1005205	卖盘
11:28:41	19.22	-0.01	11	21142	卖盘
11:28:36	19.23	--	5	9615	买盘
11:28:26	19.23	-0.03	22	42306	卖盘
11:28:21	19.26	0.02	11	21186	买盘
11:28:15	19.24	-0.01	12	23087	中性盘
11:28:10	19.25	-0.02	66	127050	买盘
11:28:06	19.27	--	114	219678	买盘
11:27:56	19.27	--	15	28905	买盘
11:27:51	19.27	-0.01	13	25051	中性盘
11:27:45	19.28	0.03	5	9640	买盘
11:27:40	19.25	--	14	26950	买盘
11:27:36	19.25	-0.03	10	19250	卖盘
11:27:30	19.28	--	0	0	买盘
11:27:26	19.28	0.07	321	618888	买盘
11:27:15	19.21	--	7	13447	卖盘
11:27:11	19.21	0.01	3	5763	中性盘
11:27:06	19.2	-0.04	17	32640	卖盘
11:26:55	19.24	0.04	4	7695	买盘
11:26:50	19.2	-0.04	9	17280	卖盘
11:26:45	19.24	0.05	1	1923	买盘
11:26:40	19.19	--	0	0	卖盘
11:26:35	19.19	--	0	0	卖盘
11:26:30	19.19	--	29	55651	卖盘
11:26:25	19.19	--	820	1573580	卖盘
11:26:20	19.19	-0.01	12	23028	卖盘
11:26:15	19.2	0.01	6	11520	买盘
11:26:10	19.19	-0.01	8	15352	卖盘
11:26:05	19.2	--	7	13440	买盘
11:25:55	19.2	--	3	5760	买盘
11:25:50	19.2	--	30	57600	买盘
11:25:45	19.2	0.01	1	1920	买盘
11:25:35	19.19	--	9	17271	卖盘
11:25:30	19.19	--	10	19190	卖盘
11:25:24	19.19	-0.01	40	76760	卖盘
11:25:20	19.2	--	53	101760	买盘
11:25:15	19.2	--	34	65280	买盘
11:25:09	19.2	--	2	3840	买盘
11:25:05	19.2	--	12	23040	买盘
11:25:00	19.2	--	2	3840	买盘
11:24:54	19.2	-0.03	352	675840	卖盘
11:24:50	19.23	0.01	17	32691	买盘
11:24:45	19.22	-0.01	30	57660	卖盘
11:24:39	19.23	0.01	10	19230	买盘
11:24:35	19.22	-0.01	79	151838	卖盘
11:24:30	19.23	--	114	219222	卖盘
11:24:24	19.23	-0.01	1	1923	卖盘
11:24:20	19.24	0.01	16	30783	买盘
11:24:15	19.23	-0.01	13	24999	卖盘
11:24:09	19.24	--	2	3847	买盘
11:24:05	19.24	--	7	13467	买盘
11:24:00	19.24	--	8	15391	买盘
11:23:50	19.24	--	15	28859	买盘
11:23:44	19.24	--	6	11543	买盘
11:23:39	19.24	--	14	26935	买盘
11:23:35	19.24	--	51	99220	卖盘
11:23:30	19.24	-0.01	10	19240	卖盘
11:23:20	19.25	0.01	45	86625	买盘
11:23:09	19.24	0.01	34	66243	买盘
11:23:00	19.23	-0.01	2	4942	卖盘
11:22:54	19.24	--	24	47003	买盘
11:22:49	19.24	--	2	3847	买盘
11:22:45	19.24	0.01	43	82732	买盘
11:22:39	19.23	-0.01	11	21153	卖盘
11:22:35	19.24	--	41	78884	买盘
11:22:30	19.24	--	71	136604	买盘
11:22:24	19.24	--	12	23087	买盘
11:22:20	19.24	0.01	104	200095	买盘
11:22:15	19.23	-0.01	10	19230	卖盘
11:22:09	19.24	0.01	6	11543	买盘
11:21:50	19.23	--	38	73074	买盘
11:21:45	19.23	--	30	57690	买盘
11:21:39	19.23	--	10	19230	买盘
11:21:35	19.23	--	10	19230	买盘
11:21:30	19.23	--	21	40383	买盘
11:21:24	19.23	0.01	4	7692	买盘
11:21:19	19.22	-0.01	76	147167	卖盘
11:21:15	19.23	--	39	75823	卖盘
11:21:04	19.23	--	57	109611	卖盘
11:21:00	19.23	--	54	103842	买盘
11:20:54	19.23	--	12	23076	买盘
11:20:50	19.23	0.01	21	40383	买盘
11:20:45	19.22	-0.01	32	61504	卖盘
11:20:39	19.23	--	26	49998	买盘
11:20:34	19.23	0.01	500	961500	买盘
11:20:19	19.22	--	66	126851	卖盘
11:20:14	19.22	--	8	15376	卖盘
11:20:04	19.22	--	29	55738	买盘
11:19:59	19.22	0.01	30	57660	买盘
11:19:54	19.21	-0.01	3	5763	中性盘
11:19:50	19.22	0.01	217	417074	买盘
11:19:44	19.21	-0.01	80	153680	卖盘
11:19:39	19.22	--	3	5766	买盘
11:19:29	19.22	0.01	5	9610	买盘
11:19:20	19.21	--	20	38420	卖盘
11:19:03	19.21	--	8	15368	买盘
11:18:59	19.21	--	10	19210	买盘
11:18:48	19.21	-0.01	42	80682	卖盘
11:18:44	19.22	--	16	30752	买盘
11:18:29	19.22	--	25	48050	买盘
11:18:24	19.22	0.01	22	42284	买盘
11:18:18	19.21	--	5	9605	买盘
11:18:14	19.21	-0.01	73	140233	卖盘
11:18:09	19.22	--	64	123008	买盘
11:18:03	19.22	--	7	13454	买盘
11:17:59	19.22	0.01	33	63425	买盘
11:17:54	19.21	--	74	142154	卖盘
11:17:44	19.21	0.01	13	24973	买盘
11:17:39	19.2	-0.01	49	94080	卖盘
11:17:33	19.21	--	12	23052	买盘
11:17:29	19.21	--	15	28815	买盘
11:17:24	19.21	--	15	28815	买盘
11:17:14	19.21	0.01	27	51867	买盘
11:17:09	19.2	-0.01	60	115200	卖盘
11:17:03	19.21	--	0	0	买盘
11:16:59	19.21	0.01	46	88366	买盘
11:16:54	19.2	--	5	9600	卖盘
11:16:48	19.2	0.01	5	9600	买盘
11:16:44	19.19	--	10	19190	卖盘
11:16:39	19.19	--	51	97869	卖盘
11:16:29	19.19	--	29	55651	买盘
11:16:18	19.19	--	3	5757	买盘
11:16:13	19.19	0.01	26	49894	买盘
11:16:09	19.18	-0.01	14	26852	卖盘
11:16:03	19.19	--	25	47975	买盘
11:15:59	19.19	0.01	7	13433	买盘
11:15:54	19.18	-0.01	6	11508	卖盘
11:15:48	19.19	-0.01	43	82517	卖盘
11:15:44	19.2	0.01	63	120960	买盘
11:15:33	19.19	0.01	2	3838	买盘
11:15:24	19.18	-0.02	74	141932	卖盘
11:15:18	19.2	0.02	3	5760	买盘
11:15:14	19.18	--	0	0	卖盘
11:15:09	19.18	--	0	0	卖盘
11:14:59	19.18	-0.01	18	34524	卖盘
11:14:54	19.19	0.01	82	157358	买盘
11:14:47	19.18	--	2	3836	卖盘
11:14:44	19.18	--	0	0	卖盘
11:14:39	19.18	-0.01	106	203308	卖盘
11:14:29	19.19	--	18	34542	买盘
11:14:24	19.19	--	2	3838	买盘
11:14:13	19.19	--	19	36461	卖盘
11:14:09	19.19	0.01	49	94031	卖盘
11:14:03	19.18	-0.01	14	26852	卖盘
11:13:58	19.19	--	35	67165	买盘
11:13:53	19.19	--	16	30704	买盘
11:13:48	19.19	--	12	23028	买盘
11:13:43	19.19	--	3	5757	买盘
11:13:39	19.19	--	1	1919	买盘
11:13:33	19.19	--	120	230280	买盘
11:13:28	19.19	--	83	159277	卖盘
11:13:23	19.19	-0.01	14	26866	卖盘
11:13:18	19.2	0.01	12	23040	买盘
11:13:13	19.19	--	8	15352	卖盘
11:13:02	19.19	-0.01	5	9595	卖盘
11:12:58	19.2	--	3	5760	买盘
11:12:53	19.2	--	9	17280	买盘
11:12:48	19.2	0.01	9	17280	买盘
11:12:43	19.19	--	67	128573	卖盘
11:12:38	19.19	-0.01	10	19190	卖盘
11:12:33	19.2	0.01	145	278400	买盘
11:12:28	19.19	--	25	47975	卖盘
11:12:23	19.19	-0.01	26	49894	卖盘
11:12:18	19.2	--	26	49920	买盘
11:12:12	19.2	--	11	21120	买盘
11:12:08	19.2	--	80	153600	买盘
11:12:03	19.2	--	2	3840	买盘
11:11:57	19.2	0.01	9	17280	买盘
11:11:53	19.19	-0.01	36	69084	卖盘
11:11:48	19.2	0.01	13	24960	买盘
11:11:41	19.19	--	10	19190	卖盘
11:11:38	19.19	-0.01	25	47975	买盘
11:11:33	19.2	0.01	91	174720	买盘
11:11:23	19.19	-0.01	119	228361	卖盘
11:11:17	19.2	0.01	12	23040	买盘
11:11:08	19.19	--	160	307040	卖盘
11:11:03	19.19	--	19	36461	卖盘
11:10:57	19.19	--	17	32623	卖盘
11:10:53	19.19	-0.01	4	7676	卖盘
11:10:48	19.2	--	37	71040	买盘
11:10:41	19.2	0.01	21	40320	买盘
11:10:38	19.19	--	7	13433	买盘
11:10:33	19.19	--	21	40299	卖盘
11:10:27	19.19	-0.01	10	19190	卖盘
11:10:23	19.2	--	64	122880	买盘
11:10:18	19.2	0.02	10	19200	买盘
11:10:12	19.18	--	0	0	卖盘
11:10:08	19.18	-0.02	126	241668	卖盘
11:10:03	19.2	--	69	132480	买盘
11:09:57	19.2	--	8	15360	买盘
11:09:53	19.2	0.01	29	55680	买盘
11:09:48	19.19	0.01	89	170791	买盘
11:09:42	19.18	--	21	40278	卖盘
11:09:38	19.18	-0.02	31	59458	卖盘
11:09:33	19.2	--	3	5760	买盘
11:09:27	19.2	0.01	14	26880	买盘
11:09:22	19.19	--	84	161196	卖盘
11:09:18	19.19	-0.01	8	15352	卖盘
11:09:11	19.2	--	5	9600	买盘
11:09:08	19.2	--	25	48000	卖盘
11:09:02	19.2	--	23	44160	卖盘
11:08:57	19.2	-0.01	71	136320	卖盘
11:08:53	19.21	0.01	47	90287	买盘
11:08:48	19.2	--	46	88320	卖盘
11:08:42	19.2	--	10	19200	卖盘
11:08:38	19.2	--	8	15360	卖盘
11:08:33	19.2	-0.02	86	165120	卖盘
11:08:27	19.22	--	22	42284	卖盘
11:08:23	19.22	-0.01	26	49972	卖盘
11:08:18	19.23	0.01	64	123072	买盘
11:08:12	19.22	--	4	7688	买盘
11:08:08	19.22	--	154	295988	卖盘
11:08:03	19.22	-0.01	76	146072	卖盘
11:07:57	19.23	0.02	21	40383	买盘
11:07:53	19.21	-0.01	39	74919	卖盘
11:07:48	19.22	0.02	74	142228	买盘
11:07:41	19.2	--	43	82560	卖盘
11:07:37	19.2	--	17	32640	卖盘
11:07:33	19.2	--	11	21120	卖盘
11:07:27	19.2	0.01	24	46080	中性盘
11:07:22	19.19	-0.01	212	406828	卖盘
11:07:18	19.2	0.02	28	53760	买盘
11:07:12	19.18	-0.01	200	383600	卖盘
11:07:07	19.19	--	18	34542	买盘
11:07:03	19.19	--	133	255227	买盘
11:06:56	19.19	--	80	153520	买盘
11:06:52	19.19	--	36	69084	买盘
11:06:47	19.19	--	16	30704	买盘
11:06:37	19.19	--	57	109383	买盘
11:06:22	19.19	0.01	14	26866	买盘
11:06:17	19.18	--	47	90146	买盘
11:06:12	19.18	--	60	115080	买盘
11:06:02	19.18	0.01	29	55622	买盘
11:05:52	19.17	0.01	118	226206	买盘
11:05:47	19.16	--	1	1916	卖盘
11:05:41	19.16	0.01	185	354460	买盘
11:05:36	19.15	-0.01	6	11490	卖盘
11:05:32	19.16	0.02	74	141784	买盘
11:05:27	19.14	-0.01	19	36366	卖盘
11:05:20	19.15	--	18	34470	买盘
11:05:17	19.15	--	47	90005	买盘
11:05:11	19.15	-0.01	12	22980	中性盘
11:05:06	19.16	0.02	20	38320	买盘
11:05:02	19.14	--	122	233508	卖盘
11:04:56	19.14	-0.01	3	5742	卖盘
11:04:47	19.15	0.02	6	11490	买盘
11:04:42	19.13	-0.01	3	5739	卖盘
11:04:36	19.14	-0.02	36	68904	卖盘
11:04:32	19.16	0.02	116	222256	买盘
11:04:27	19.14	-0.01	31	59334	中性盘
11:04:21	19.15	0.01	71	135965	买盘
11:04:17	19.14	-0.01	65	124410	卖盘
11:03:56	19.15	0.01	26	49789	买盘
11:03:51	19.14	--	6	11484	卖盘
11:03:47	19.14	--	5	9570	卖盘
11:03:42	19.14	--	14	26796	卖盘
11:03:36	19.14	--	16	30624	卖盘
11:03:32	19.14	0.01	28	53592	买盘
11:03:27	19.13	-0.01	52	99476	卖盘
11:03:20	19.14	0.01	10	19140	买盘
11:03:16	19.13	-0.01	22	42086	卖盘
11:03:12	19.14	0.01	37	70818	买盘
11:03:06	19.13	--	18	34434	卖盘
11:03:02	19.13	--	16	30608	卖盘
11:02:57	19.13	-0.01	12	22956	卖盘
11:02:51	19.14	--	6	11484	买盘
11:02:47	19.14	--	63	120582	买盘
11:02:42	19.14	--	73	139722	买盘
11:02:35	19.14	--	13	24882	买盘
11:02:31	19.14	--	4	7656	买盘
11:02:26	19.14	--	43	82302	买盘
11:02:17	19.14	--	21	40194	买盘
11:02:06	19.14	0.01	1	1914	买盘
11:02:02	19.13	-0.01	31	59303	卖盘
11:01:57	19.14	--	6	11484	买盘
11:01:47	19.14	0.01	62	118668	买盘
11:01:41	19.13	--	12	22956	卖盘
11:01:32	19.13	0.01	12	22956	买盘
11:01:26	19.12	-0.01	12	22944	卖盘
11:01:21	19.13	--	120	229560	买盘
11:01:17	19.13	--	3	5739	买盘
11:01:12	19.13	--	27	51651	卖盘
11:01:02	19.13	--	13	24869	卖盘
11:00:57	19.13	-0.01	25	47825	卖盘
11:00:50	19.14	--	46	88044	买盘
11:00:46	19.14	--	25	47850	买盘
11:00:41	19.14	0.01	6	11484	买盘
11:00:35	19.13	--	16	30608	卖盘
11:00:31	19.13	-0.01	12	22956	卖盘
11:00:21	19.14	0.01	4	7656	买盘
11:00:16	19.13	0.01	1	1913	卖盘
11:00:11	19.12	--	136	260032	卖盘
11:00:06	19.12	-0.01	11	21032	卖盘
10:59:56	19.13	--	8	15304	买盘
10:59:51	19.13	0.01	59	112867	买盘
10:59:46	19.12	-0.01	89	170168	卖盘
10:59:41	19.13	--	41	78433	买盘
10:59:36	19.13	--	24	45912	买盘
10:59:31	19.13	--	216	413208	买盘
10:59:15	19.13	0.01	20	38260	买盘
10:59:11	19.12	--	1	1912	卖盘
10:59:05	19.12	-0.01	16	30592	卖盘
10:58:59	19.13	0.01	14	26782	买盘
10:58:56	19.12	--	60	114720	卖盘
10:58:51	19.12	-0.01	26	49712	卖盘
10:58:44	19.13	0.01	10	19130	买盘
10:58:41	19.12	-0.01	27	51624	卖盘
10:58:36	19.13	--	6	11478	卖盘
10:58:29	19.13	0.01	5	9565	卖盘
10:58:26	19.12	-0.01	37	70744	卖盘
10:58:21	19.13	--	37	70781	买盘
10:58:14	19.13	0.01	3	5739	中性盘
10:58:11	19.12	-0.01	43	82216	卖盘
10:58:06	19.13	--	16	30608	买盘
10:58:00	19.13	--	1	1913	买盘
10:57:56	19.13	--	14	26782	卖盘
10:57:51	19.13	-0.02	26	49738	卖盘
10:57:45	19.15	0.03	5	9575	买盘
10:57:41	19.12	--	20	38240	卖盘
10:57:36	19.12	-0.01	23	45180	卖盘
10:57:29	19.13	--	5	9565	买盘
10:57:26	19.13	-0.02	100	192007	卖盘
10:57:21	19.15	0.02	118	225969	买盘
10:57:14	19.13	-0.02	3	5739	卖盘
10:57:10	19.15	0.02	19	36385	买盘
10:57:06	19.13	--	0	0	卖盘
10:57:00	19.13	--	58	110954	卖盘
10:56:56	19.13	--	15	28695	卖盘
10:56:51	19.13	--	18	34434	卖盘
10:56:41	19.13	--	131	250603	卖盘
10:56:35	19.13	-0.01	35	66955	卖盘
10:56:29	19.14	0.01	5	9570	买盘
10:56:26	19.13	-0.01	39	74607	卖盘
10:56:21	19.14	--	79	151206	买盘
10:56:05	19.14	--	145	277530	卖盘
10:55:59	19.14	--	11	21054	卖盘
10:55:56	19.14	--	17	32538	买盘
10:55:50	19.14	-0.01	26	49764	卖盘
10:55:45	19.15	--	11	21065	买盘
10:55:41	19.15	0.01	8	15319	中性盘
10:55:35	19.14	-0.01	145	277530	卖盘
10:55:30	19.15	0.01	1	1914	卖盘
10:55:26	19.14	-0.01	50	95700	卖盘
10:55:20	19.15	-0.01	64	122559	卖盘
10:55:14	19.16	--	97	185852	买盘
10:55:11	19.16	0.01	5	9580	买盘
10:54:59	19.15	-0.01	46	88090	卖盘
10:54:56	19.16	-0.01	2	3832	中性盘
10:54:51	19.17	--	10	19170	买盘
10:54:41	19.17	--	22	42174	买盘
10:54:36	19.17	0.01	20	38340	买盘
10:54:26	19.16	--	63	120708	买盘
10:54:20	19.16	--	28	53648	卖盘
10:54:15	19.16	--	3	5748	卖盘
10:54:10	19.16	--	1	1916	卖盘
10:53:55	19.16	-0.01	12	22992	卖盘
10:53:50	19.17	--	34	65178	买盘
10:53:40	19.17	0.01	19	36423	买盘
10:53:35	19.16	-0.01	99	189684	卖盘
10:53:20	19.17	0.01	13	24921	买盘
10:53:15	19.16	--	40	76640	卖盘
10:53:10	19.16	-0.01	68	130288	卖盘
10:53:05	19.17	0.01	16	30672	买盘
10:53:00	19.16	--	23	44068	卖盘
10:52:55	19.16	--	1	1916	卖盘
10:52:50	19.16	--	12	22992	卖盘
10:52:44	19.16	-0.01	14	26824	卖盘
10:52:40	19.17	0.01	32	61344	买盘
10:52:35	19.16	--	6	11496	卖盘
10:52:29	19.16	--	12	22992	卖盘
10:52:20	19.16	--	9	17244	卖盘
10:52:14	19.16	0.01	91	174356	买盘
10:52:09	19.15	-0.01	15	28724	卖盘
10:52:00	19.16	--	10	19160	买盘
10:51:53	19.16	--	39	74724	卖盘
10:51:50	19.16	--	7	13412	卖盘
10:51:45	19.16	--	9	17244	卖盘
10:51:38	19.16	--	3	5748	卖盘
10:51:35	19.16	--	38	72808	卖盘
10:51:29	19.16	--	23	44068	卖盘
10:51:24	19.16	-0.01	8	15328	卖盘
10:51:20	19.17	0.01	1	1917	买盘
10:51:15	19.16	--	48	91968	卖盘
10:51:05	19.16	--	24	45984	卖盘
10:51:00	19.16	--	2	3832	卖盘
10:50:50	19.16	--	18	34488	买盘
10:50:44	19.16	0.01	5	9580	买盘
10:50:39	19.15	--	8	15319	卖盘
10:50:34	19.15	-0.02	6	11490	卖盘
10:50:30	19.17	--	0	0	买盘
10:50:24	19.17	0.02	18	34506	买盘
10:50:20	19.15	--	2	3829	卖盘
10:50:09	19.15	--	5	9575	买盘
10:50:04	19.15	-0.01	15	28724	买盘
10:49:59	19.16	0.02	2	3832	买盘
10:49:54	19.14	-0.01	52	99528	卖盘
10:49:49	19.15	--	71	135965	买盘
10:49:44	19.15	-0.02	495	947924	卖盘
10:49:39	19.17	--	37	70929	买盘
10:49:35	19.17	--	10	19170	买盘
10:49:29	19.17	0.01	1	1917	买盘
10:49:24	19.16	-0.01	9	17244	卖盘
10:49:20	19.17	--	10	19170	买盘
10:49:14	19.17	--	12	23004	买盘
10:49:09	19.17	0.01	13	24921	买盘
10:49:05	19.16	--	6	11496	卖盘
10:49:00	19.16	-0.01	8	15328	卖盘
10:48:54	19.17	0.01	4	7668	买盘
10:48:50	19.16	--	3	5748	卖盘
10:48:45	19.16	-0.01	106	203096	卖盘
10:48:39	19.17	--	4	7668	买盘
10:48:35	19.17	0.01	1	1917	买盘
10:48:29	19.16	-0.01	38	72808	卖盘
10:48:20	19.17	--	22	42174	买盘
10:48:14	19.17	0.01	8	15336	买盘
10:48:09	19.16	--	2	3832	卖盘
10:48:04	19.16	--	23	44068	卖盘
10:47:50	19.16	--	37	70892	买盘
10:47:45	19.16	--	12	22992	卖盘
10:47:38	19.16	--	12	22992	卖盘
10:47:34	19.16	--	3	5748	卖盘
10:47:29	19.16	--	31	59396	买盘
10:47:19	19.16	--	9	17244	买盘
10:47:14	19.16	0.01	4	7664	买盘
10:47:08	19.15	--	70	134050	卖盘
10:47:04	19.15	--	4	7659	卖盘
10:46:59	19.15	--	4	7659	卖盘
10:46:53	19.15	--	140	268100	买盘
10:46:49	19.15	--	39	74685	买盘
10:46:44	19.15	--	15	28724	买盘
10:46:34	19.15	--	49	93835	买盘
10:46:29	19.15	--	6	11490	买盘
10:46:14	19.15	--	10	19150	卖盘
10:46:08	19.15	--	21	40215	卖盘
10:46:04	19.15	-0.01	90	172350	卖盘
10:45:59	19.16	--	25	47900	买盘
10:45:53	19.16	0.01	44	84304	买盘
10:45:48	19.15	-0.01	15	28724	卖盘
10:45:44	19.16	-0.01	2	3832	买盘
10:45:38	19.17	0.01	549	1052433	买盘
10:45:33	19.16	--	8	15328	卖盘
10:45:29	19.16	--	8	15328	卖盘
10:45:23	19.16	--	68	130288	卖盘
10:45:17	19.16	--	13	24908	卖盘
10:45:14	19.16	--	5	9580	卖盘
10:45:08	19.16	-0.01	27	51732	卖盘
10:44:59	19.17	--	2	3834	买盘
10:44:53	19.17	--	10	19170	买盘
10:44:48	19.17	-0.01	333	638361	卖盘
10:44:44	19.18	--	39	74802	卖盘
10:44:38	19.18	--	15	28770	卖盘
10:44:33	19.18	--	10	19180	买盘
10:44:29	19.18	0.01	46	88228	买盘
10:44:23	19.17	-0.01	21	40257	卖盘
10:44:08	19.18	--	4	7672	买盘
10:44:03	19.18	--	0	0	中性盘
10:43:59	19.18	-0.01	7	13426	中性盘
10:43:54	19.19	0.01	23	44137	买盘
10:43:47	19.18	0.01	41	78638	买盘
10:43:43	19.17	0.01	9	17253	买盘
10:43:39	19.16	--	36	68976	卖盘
10:43:33	19.16	-0.01	150	287400	卖盘
10:43:28	19.17	--	265	508005	中性盘
10:43:23	19.17	--	28	53676	卖盘
10:43:17	19.17	-0.01	46	88182	卖盘
10:43:13	19.18	--	20	38360	买盘
10:43:08	19.18	--	18	34524	买盘
10:43:02	19.18	--	14	26852	买盘
10:42:58	19.18	--	39	74802	卖盘
10:42:54	19.18	--	9	17262	买盘
10:42:47	19.18	--	34	65212	买盘
10:42:44	19.18	0.02	18	34524	买盘
10:42:32	19.16	--	10	19160	卖盘
10:42:29	19.16	--	304	582464	买盘
10:42:23	19.16	0.01	35	67060	买盘
10:42:17	19.15	-0.01	12	22980	卖盘
10:42:14	19.16	--	4	7664	买盘
10:42:08	19.16	0.02	26	49816	买盘
10:42:03	19.14	-0.01	24	45936	卖盘
10:41:59	19.15	--	73	139795	卖盘
10:41:53	19.15	0.01	16	30639	中性盘
10:41:47	19.14	-0.01	15	28710	卖盘
10:41:44	19.15	--	62	118729	买盘
10:41:38	19.15	0.01	4	7659	买盘
10:41:32	19.14	--	4	7656	卖盘
10:41:28	19.14	-0.01	6	11484	卖盘
10:41:23	19.15	0.01	19	36385	买盘
10:41:14	19.14	--	4	7656	买盘
10:41:08	19.14	-0.01	37	70818	卖盘
10:41:02	19.15	--	2	3829	卖盘
10:40:58	19.15	0.02	196	376546	买盘
10:40:53	19.13	-0.01	76	145388	卖盘
10:40:47	19.14	--	10	19140	买盘
10:40:43	19.14	--	34	65076	买盘
10:40:38	19.14	0.01	46	88044	买盘
10:40:32	19.13	-0.01	28	53564	卖盘
10:40:28	19.14	--	3	5742	买盘
10:40:23	19.14	--	62	118668	买盘
10:40:17	19.14	-0.01	54	104064	卖盘
10:40:13	19.15	--	41	78515	买盘
10:40:08	19.15	0.01	18	34470	买盘
10:40:02	19.14	--	2	3828	卖盘
10:39:58	19.14	--	53	102647	买盘
10:39:53	19.14	--	34	65076	买盘
10:39:47	19.14	0.01	19	36366	买盘
10:39:43	19.13	--	155	296515	卖盘
10:39:38	19.13	--	59	112867	卖盘
10:39:28	19.13	--	13	24869	卖盘
10:39:23	19.13	--	19	36347	卖盘
10:39:17	19.13	--	33	63129	买盘
10:39:11	19.13	-0.01	44	84172	卖盘
10:39:08	19.14	0.01	9	17226	买盘
10:39:02	19.13	--	16	30608	卖盘
10:38:56	19.13	--	13	24869	卖盘
10:38:53	19.13	--	50	95650	卖盘
10:38:47	19.13	--	16	30608	卖盘
10:38:41	19.13	0.01	6	11478	卖盘
10:38:38	19.12	-0.01	27	51624	卖盘
10:38:32	19.13	--	42	80346	买盘
10:38:26	19.13	--	48	91824	卖盘
10:38:23	19.13	-0.01	13	24869	卖盘
10:38:17	19.14	0.01	20	38280	买盘
10:38:11	19.13	--	12	22956	卖盘
10:38:08	19.13	0.01	60	114780	卖盘
10:37:56	19.12	--	80	152960	卖盘
10:37:53	19.12	-0.01	54	103248	卖盘
10:37:47	19.13	--	401	767113	买盘
10:37:41	19.13	0.01	8	15304	买盘
10:37:37	19.12	--	43	82216	卖盘
10:37:32	19.12	-0.01	8	15296	卖盘
10:37:26	19.13	--	9	17217	买盘
10:37:22	19.13	--	22	42086	买盘
10:37:17	19.13	0.01	113	216169	买盘
10:37:11	19.12	-0.01	63	120456	卖盘
10:37:07	19.13	-0.01	23	43999	卖盘
10:37:02	19.14	0.02	18	34452	买盘
10:36:56	19.12	-0.01	44	84128	卖盘
10:36:52	19.13	0.01	33	63129	买盘
10:36:47	19.12	-0.01	21	40152	卖盘
10:36:41	19.13	0.01	39	74607	买盘
10:36:37	19.12	-0.01	17	32504	卖盘
10:36:32	19.13	0.01	38	72694	买盘
10:36:26	19.12	--	15	28680	卖盘
10:36:23	19.12	-0.01	17	32504	卖盘
10:36:17	19.13	--	34	65042	买盘
10:36:11	19.13	0.01	12	22956	买盘
10:36:07	19.12	-0.01	25	47800	卖盘
10:36:02	19.13	0.01	121	231473	买盘
10:35:56	19.12	-0.01	34	65008	卖盘
10:35:53	19.13	--	188	359644	买盘
10:35:47	19.13	--	44	84172	买盘
10:35:41	19.13	--	14	26782	买盘
10:35:37	19.13	--	50	95650	买盘
10:35:32	19.13	--	26	49738	买盘
10:35:26	19.13	--	8	15304	买盘
10:35:22	19.13	0.01	85	162605	买盘
10:35:17	19.12	-0.01	110	210320	卖盘
10:35:08	19.13	0.01	78	149214	买盘
10:35:02	19.12	--	62	118544	卖盘
10:34:56	19.12	--	1	1912	卖盘
10:34:52	19.12	--	47	89864	买盘
10:34:47	19.12	0.01	77	147224	买盘
10:34:41	19.11	-0.01	43	82173	卖盘
10:34:37	19.12	--	157	300184	买盘
10:34:32	19.12	-0.01	17	32504	卖盘
10:34:26	19.13	--	72	137736	买盘
10:34:22	19.13	0.02	48	91824	买盘
10:34:17	19.11	--	0	0	卖盘
10:34:11	19.11	-0.01	103	196833	卖盘
10:34:07	19.12	0.01	90	172080	买盘
10:34:02	19.11	-0.01	32	61152	卖盘
10:33:56	19.12	--	2	3824	买盘
10:33:52	19.12	0.01	31	59272	买盘
10:33:47	19.11	--	166	317226	卖盘
10:33:41	19.11	-0.01	23	43953	卖盘
10:33:37	19.12	--	26	49712	买盘
10:33:32	19.12	--	14	26768	买盘
10:33:26	19.12	--	33	63096	卖盘
10:33:22	19.12	--	46	87952	卖盘
10:33:17	19.12	--	29	55448	卖盘
10:33:07	19.12	--	568	1086016	买盘
10:33:02	19.12	--	169	323128	买盘
10:32:56	19.12	--	117	223704	买盘
10:32:50	19.12	--	6	11472	买盘
10:32:47	19.12	0.01	50	95600	买盘
10:32:41	19.11	--	41	78351	卖盘
10:32:35	19.11	--	19	36309	买盘
10:32:32	19.11	--	74	141414	买盘
10:32:26	19.11	--	66	126126	买盘
10:32:20	19.11	0.01	33	63063	买盘
10:32:17	19.1	--	77	147070	卖盘
10:32:11	19.1	-0.01	37	70670	卖盘
10:32:05	19.11	0.01	20	38220	买盘
10:32:02	19.1	-0.01	175	334250	卖盘
10:31:56	19.11	0.01	21	40131	买盘
10:31:50	19.1	-0.02	422	806020	卖盘
10:31:47	19.12	--	56	107072	买盘
10:31:41	19.12	0.01	81	154872	买盘
10:31:35	19.11	-0.01	56	107016	卖盘
10:31:32	19.12	--	66	126192	买盘
10:31:26	19.12	--	139	265768	买盘
10:31:20	19.12	--	20	38240	卖盘
10:31:17	19.12	-0.01	158	302096	卖盘
10:31:11	19.13	0.01	65	124345	买盘
10:31:05	19.12	--	114	217968	卖盘
10:31:01	19.12	--	69	131928	卖盘
10:30:56	19.12	--	30	57360	卖盘
10:30:46	19.12	--	517	988504	卖盘
10:30:41	19.12	--	11	21032	卖盘
10:30:35	19.12	-0.01	99	189288	卖盘
10:30:31	19.13	--	100	191300	买盘
10:30:26	19.13	--	83	158779	买盘
10:30:20	19.13	--	21	40173	买盘
10:30:17	19.13	--	123	235299	买盘
10:30:11	19.13	0.01	740	1417494	买盘
10:30:05	19.12	--	81	154872	卖盘
10:30:01	19.12	-0.01	1	1912	卖盘
10:29:56	19.13	--	224	428512	买盘
10:29:50	19.13	-0.01	7	13391	中性盘
10:29:47	19.14	0.01	38	72732	买盘
10:29:41	19.13	-0.01	247	472511	卖盘
10:29:35	19.14	--	47	89958	卖盘
10:29:31	19.14	-0.01	68	130152	卖盘
10:29:26	19.15	0.01	85	162775	买盘
10:29:20	19.14	--	12	22968	卖盘
10:29:16	19.14	--	69	132066	卖盘
10:29:11	19.14	--	139	266046	卖盘
10:29:02	19.14	-0.01	96	183744	卖盘
10:28:56	19.15	0.01	68	130219	买盘
10:28:50	19.14	--	10	19140	卖盘
10:28:46	19.14	--	56	107184	卖盘
10:28:41	19.14	--	21	40194	卖盘
10:28:35	19.14	--	16	30624	买盘
10:28:31	19.14	0.01	17	32538	买盘
10:28:26	19.13	-0.01	127	242951	卖盘
10:28:20	19.14	0.01	4	7656	买盘
10:28:17	19.13	--	77	147301	卖盘
10:28:11	19.13	-0.01	91	174083	卖盘
10:28:05	19.14	--	8	15312	买盘
10:28:01	19.14	0.01	43	82302	买盘
10:27:56	19.13	--	59	112867	卖盘
10:27:50	19.13	-0.01	10	19130	卖盘
10:27:46	19.14	0.01	45	86130	买盘
10:27:41	19.13	--	30	57390	卖盘
10:27:35	19.13	--	6	11478	卖盘
10:27:31	19.13	--	5	9565	中性盘
10:27:26	19.13	--	36	68868	买盘
10:27:20	19.13	0.01	7	13391	买盘
10:27:16	19.12	-0.01	3	5774	卖盘
10:27:11	19.13	0.01	17	32521	买盘
10:27:05	19.12	-0.01	3	5736	卖盘
10:27:01	19.13	0.01	50	95650	买盘
10:26:56	19.12	-0.01	21	40152	卖盘
10:26:50	19.13	0.01	29	55477	买盘
10:26:46	19.12	--	5	9560	卖盘
10:26:41	19.12	--	173	330776	买盘
10:26:35	19.12	--	46	87952	买盘
10:26:31	19.12	--	94	179728	买盘
10:26:26	19.12	--	20	38240	买盘
10:26:20	19.12	--	76	145312	买盘
10:26:14	19.12	--	31	59272	买盘
10:26:11	19.12	--	43	82216	买盘
10:26:05	19.12	--	127	242824	买盘
10:25:59	19.12	--	2	3824	买盘
10:25:56	19.12	-0.01	47	89864	卖盘
10:25:50	19.13	--	85	162605	买盘
10:25:44	19.13	0.01	16	30608	买盘
10:25:41	19.12	--	111	212232	卖盘
10:25:35	19.12	-0.01	44	84128	卖盘
10:25:29	19.13	--	118	225734	买盘
10:25:26	19.13	--	14	26782	买盘
10:25:20	19.13	--	117	223821	买盘
10:25:14	19.13	--	12	22956	卖盘
10:25:11	19.13	-0.01	25	47825	卖盘
10:25:05	19.14	0.02	44	84216	买盘
10:24:59	19.12	-0.02	165	315480	卖盘
10:24:56	19.14	--	152	290928	买盘
10:24:50	19.14	0.01	20	38280	买盘
10:24:44	19.13	-0.01	21	40173	卖盘
10:24:41	19.14	--	53	101442	买盘
10:24:35	19.14	-0.01	170	327255	卖盘
10:24:29	19.15	0.01	17	32554	买盘
10:24:25	19.14	-0.01	59	112926	卖盘
10:24:20	19.15	0.01	71	135965	买盘
10:24:14	19.14	-0.01	13	24882	卖盘
10:24:10	19.15	0.01	17	32554	买盘
10:24:05	19.14	--	14	26796	卖盘
10:23:59	19.14	-0.01	372	712008	卖盘
10:23:56	19.15	--	18	34470	买盘
10:23:50	19.15	--	11	21065	买盘
10:23:44	19.15	--	8	15319	买盘
10:23:40	19.15	--	60	114899	卖盘
10:23:35	19.15	--	69	132135	卖盘
10:23:29	19.15	--	4	7659	卖盘
10:23:25	19.15	-0.01	13	24894	卖盘
10:23:20	19.16	--	1	1916	买盘
10:23:05	19.16	0.01	5	9580	中性盘
10:22:59	19.15	-0.02	92	176180	卖盘
10:22:55	19.17	0.01	9	17253	买盘
10:22:50	19.16	0.01	2	3832	买盘
10:22:44	19.15	--	34	65109	买盘
10:22:40	19.15	--	46	88090	卖盘
10:22:35	19.15	-0.01	19	36385	卖盘
10:22:29	19.16	0.01	10	19160	买盘
10:22:25	19.15	--	37	70855	卖盘
10:22:20	19.15	-0.01	19	36385	卖盘
10:22:10	19.16	0.01	203	388948	买盘
10:22:05	19.15	--	96	183840	中性盘
10:21:59	19.15	--	41	78515	买盘
10:21:55	19.15	--	18	34470	买盘
10:21:50	19.15	-0.04	104	199159	卖盘
10:21:44	19.19	--	7	13433	卖盘
10:21:40	19.19	0.03	608	1166752	买盘
10:21:35	19.16	--	50	95800	买盘
10:21:29	19.16	--	6	11496	买盘
10:21:25	19.16	--	82	157112	买盘
10:21:20	19.16	-0.01	87	166692	卖盘
10:21:14	19.17	--	12	23004	买盘
10:21:10	19.17	--	4	7668	买盘
10:20:59	19.17	-0.01	10	19170	买盘
10:20:55	19.18	--	53	101654	买盘
10:20:50	19.18	0.01	12	23016	买盘
10:20:44	19.17	--	10	19170	买盘
10:20:40	19.17	--	60	115020	买盘
10:20:35	19.17	--	5	9585	买盘
10:20:29	19.17	--	7	13419	买盘
10:20:25	19.17	-0.01	117	224289	卖盘
10:20:20	19.18	0.01	38	72884	买盘
10:20:14	19.17	-0.02	9	17253	卖盘
10:20:10	19.19	0.02	7	13433	买盘
10:20:05	19.17	-0.01	41	78597	卖盘
10:19:55	19.18	0.02	44	84392	买盘
10:19:50	19.16	--	106	203096	卖盘
10:19:44	19.16	--	1	1916	卖盘
10:19:38	19.16	--	8	15328	买盘
10:19:35	19.16	0.01	23	44068	买盘
10:19:29	19.15	-0.01	28	53619	卖盘
10:19:23	19.16	0.01	31	59396	买盘
10:19:20	19.15	--	133	254694	卖盘
10:19:14	19.15	--	36	68940	卖盘
10:19:05	19.15	--	47	90005	买盘
10:18:59	19.15	0.01	27	51704	买盘
10:18:53	19.14	--	5	9570	卖盘
10:18:50	19.14	--	4	7656	卖盘
10:18:44	19.14	0.01	20	38318	买盘
10:18:38	19.13	-0.01	20	38260	卖盘
10:18:35	19.14	--	53	103317	卖盘
10:18:29	19.14	--	21	40194	卖盘
10:18:20	19.14	0.01	18	34490	买盘
10:18:14	19.13	-0.01	157	300341	卖盘
10:18:08	19.14	--	1	1914	买盘
10:18:05	19.14	0.01	51	97614	买盘
10:17:59	19.13	--	53	101389	卖盘
10:17:53	19.13	--	31	59303	卖盘
10:17:49	19.13	--	33	63129	买盘
10:17:44	19.13	0.01	224	428512	买盘
10:17:38	19.12	-0.01	26	49712	卖盘
10:17:34	19.13	--	53	101389	买盘
10:17:29	19.13	0.01	72	137736	买盘
10:17:23	19.12	-0.01	180	344160	卖盘
10:17:19	19.13	--	35	66955	买盘
10:17:14	19.13	--	7	13391	买盘
10:17:08	19.13	0.01	21	40173	买盘
10:17:04	19.12	-0.01	31	59272	卖盘
10:16:59	19.13	-0.01	48	91824	卖盘
10:16:53	19.14	0.01	15	28710	买盘
10:16:49	19.13	--	96	185522	卖盘
10:16:44	19.13	--	1	1913	卖盘
10:16:38	19.13	--	50	95650	卖盘
10:16:34	19.13	--	49	93775	买盘
10:16:29	19.13	0.01	308	589204	买盘
10:16:23	19.12	-0.01	11	21032	卖盘
10:16:19	19.13	0.02	21	40173	买盘
10:16:14	19.11	-0.01	36	68796	卖盘
10:16:08	19.12	--	46	87952	买盘
10:16:04	19.12	--	72	139537	卖盘
10:15:59	19.12	-0.01	64	122368	卖盘
10:15:53	19.13	0.01	3	5739	买盘
10:15:49	19.12	--	26	49712	卖盘
10:15:44	19.12	-0.01	85	162520	卖盘
10:15:38	19.13	--	39	74607	买盘
10:15:34	19.13	0.01	14	26782	买盘
10:15:29	19.12	--	131	250472	卖盘
10:15:23	19.12	--	13	24856	卖盘
10:15:19	19.12	-0.01	38	72656	卖盘
10:15:14	19.13	0.01	14	26782	买盘
10:15:08	19.12	-0.01	17	32504	卖盘
10:15:04	19.13	--	74	141562	卖盘
10:14:59	19.13	-0.01	74	141562	中性盘
10:14:53	19.14	--	199	380886	买盘
10:14:49	19.14	--	44	84216	卖盘
10:14:44	19.14	-0.01	29	55506	卖盘
10:14:38	19.15	--	18	34470	买盘
10:14:34	19.15	--	26	49789	买盘
10:14:29	19.15	--	21	40215	买盘
10:14:23	19.15	--	32	61279	买盘
10:14:19	19.15	--	29	55534	买盘
10:14:14	19.15	--	101	193415	卖盘
10:14:08	19.15	-0.02	211	404064	卖盘
10:14:04	19.17	0.01	155	297135	买盘
10:13:59	19.16	0.01	41	78556	买盘
10:13:49	19.15	--	39	74685	卖盘
10:13:44	19.15	0.02	433	829194	买盘
10:13:38	19.13	-0.01	45	86085	卖盘
10:13:34	19.14	0.01	6	11484	买盘
10:13:29	19.13	-0.02	13	24869	卖盘
10:13:23	19.15	0.01	17	32554	中性盘
10:13:17	19.14	0.01	3	5742	买盘
10:13:14	19.13	-0.02	21	40173	卖盘
10:13:08	19.15	0.02	39	74723	买盘
10:13:02	19.13	0.01	1	1913	中性盘
10:12:59	19.12	-0.01	123	235176	卖盘
10:12:53	19.13	--	147	281211	买盘
10:12:44	19.13	--	118	225734	买盘
10:12:38	19.13	--	23	43999	买盘
10:12:32	19.13	--	20	38260	买盘
10:12:29	19.13	-0.01	417	797721	卖盘
10:12:24	19.14	--	106	202884	买盘
10:12:17	19.14	--	32	61248	买盘
10:12:14	19.14	--	129	248781	卖盘
10:12:08	19.14	--	26	49764	卖盘
10:12:02	19.14	--	294	562716	卖盘
10:11:59	19.14	-0.02	47	89958	卖盘
10:11:53	19.16	--	2	3832	中性盘
10:11:47	19.16	0.02	105	201218	买盘
10:11:44	19.14	--	148	283272	买盘
10:11:38	19.14	-0.02	329	631581	卖盘
10:11:32	19.16	0.02	71	136074	买盘
10:11:29	19.14	-0.02	154	294756	卖盘
10:11:23	19.16	0.01	20	38320	买盘
10:11:17	19.15	--	7	13404	卖盘
10:11:13	19.15	0.01	62	118729	中性盘
10:11:08	19.14	--	293	560802	卖盘
10:11:02	19.14	--	7	13398	卖盘
10:10:58	19.14	--	59	112926	卖盘
10:10:53	19.14	--	67	128238	买盘
10:10:47	19.14	--	32	61248	买盘
10:10:43	19.14	--	92	176088	买盘
10:10:38	19.14	0.01	25	47850	买盘
10:10:32	19.13	-0.01	57	109041	卖盘
10:10:28	19.14	0.01	72	137808	买盘
10:10:23	19.13	--	32	61216	卖盘
10:10:17	19.13	0.01	400	765200	买盘
10:10:13	19.12	--	82	156784	卖盘
10:10:08	19.12	-0.01	190	363280	卖盘
10:10:02	19.13	--	24	45912	买盘
10:09:58	19.13	0.01	59	112867	买盘
10:09:53	19.12	--	28	53536	卖盘
10:09:47	19.12	--	10	19120	卖盘
10:09:43	19.12	--	46	87952	卖盘
10:09:38	19.12	0.01	174	332688	买盘
10:09:32	19.11	-0.01	58	110838	卖盘
10:09:28	19.12	--	62	118544	买盘
10:09:23	19.12	--	37	70744	买盘
10:09:17	19.12	0.01	19	36328	买盘
10:09:13	19.11	-0.01	122	233142	中性盘
10:09:08	19.12	--	346	661552	卖盘
10:09:02	19.12	--	14	26768	卖盘
10:08:58	19.12	0.02	159	304008	买盘
10:08:53	19.1	-0.02	397	758270	卖盘
10:08:47	19.12	0.01	7	13384	买盘
10:08:43	19.11	--	30	57330	卖盘
10:08:38	19.11	--	38	72618	卖盘
10:08:32	19.11	0.01	16	30576	卖盘
10:08:28	19.1	--	88	169760	买盘
10:08:23	19.1	-0.01	142	271449	卖盘
10:08:17	19.11	0.01	64	122304	买盘
10:08:13	19.1	--	210	402780	卖盘
10:08:08	19.1	--	111	212010	买盘
10:08:02	19.1	--	100	191000	买盘
10:07:58	19.1	-0.01	101	192910	卖盘
10:07:53	19.11	0.01	182	347802	买盘
10:07:47	19.1	--	221	422110	买盘
10:07:43	19.1	-0.01	1591	3038810	卖盘
10:07:38	19.11	-0.01	255	487305	卖盘
10:07:32	19.12	0.01	31	59272	中性盘
10:07:28	19.11	-0.01	356	680316	卖盘
10:07:23	19.12	-0.02	872	1667264	卖盘
10:07:17	19.14	--	35	66990	买盘
10:07:13	19.14	--	106	202884	买盘
10:07:08	19.14	-0.01	306	585684	卖盘
10:07:02	19.15	--	30	57449	买盘
10:06:56	19.15	-0.01	94	181886	卖盘
10:06:53	19.16	0.01	236	452176	买盘
10:06:47	19.15	-0.01	735	1407525	卖盘
10:06:41	19.16	--	12	22992	买盘
10:06:38	19.16	--	42	80472	买盘
10:06:32	19.16	-0.01	266	509885	卖盘
10:06:26	19.17	-0.02	59	113103	卖盘
10:06:23	19.19	--	20	40068	买盘
10:06:17	19.19	0.03	272	521968	买盘
10:06:11	19.16	--	25	47900	卖盘
10:06:08	19.16	-0.02	51	97716	卖盘
10:06:02	19.18	0.02	54	103572	买盘
10:05:56	19.16	-0.02	10	19160	卖盘
10:05:53	19.18	--	32	61376	买盘
10:05:47	19.18	--	210	402780	买盘
10:05:41	19.18	--	102	195636	买盘
10:05:38	19.18	-0.01	73	140244	卖盘
10:05:32	19.19	0.01	47	90193	买盘
10:05:26	19.18	--	7	13426	卖盘
10:05:23	19.18	-0.01	53	101654	卖盘
10:05:17	19.19	--	223	427937	买盘
10:05:11	19.19	0.01	11	21109	买盘
10:05:08	19.18	-0.01	278	534891	卖盘
10:05:02	19.19	-0.01	92	176548	卖盘
10:04:56	19.2	0.01	112	215040	买盘
10:04:52	19.19	-0.01	95	182305	卖盘
10:04:47	19.2	--	44	84537	卖盘
10:04:41	19.2	--	11	21120	卖盘
10:04:37	19.2	--	345	662400	卖盘
10:04:32	19.2	--	59	113280	卖盘
10:04:26	19.2	-0.01	40	76800	卖盘
10:04:22	19.21	--	21	40341	买盘
10:04:17	19.21	-0.01	56	107576	卖盘
10:04:11	19.22	-0.01	101	194122	卖盘
10:04:07	19.23	0.01	68	130764	买盘
10:04:02	19.22	--	25	48050	卖盘
10:03:56	19.22	--	40	76880	卖盘
10:03:52	19.22	0.02	319	613118	买盘
10:03:47	19.2	-0.01	147	282240	卖盘
10:03:41	19.21	--	8	15368	买盘
10:03:37	19.21	0.01	39	74919	买盘
10:03:32	19.2	-0.01	57	109440	卖盘
10:03:26	19.21	--	40	76840	买盘
10:03:22	19.21	--	22	42262	买盘
10:03:17	19.21	-0.02	311	597431	卖盘
10:03:11	19.23	-0.01	2	3846	卖盘
10:03:07	19.24	--	108	207791	卖盘
10:03:02	19.24	0.01	166	319384	买盘
10:02:56	19.23	--	7	13461	买盘
10:02:52	19.23	--	19	36537	买盘
10:02:47	19.23	--	28	53844	卖盘
10:02:41	19.23	0.01	24	46152	中性盘
10:02:37	19.22	-0.01	85	163370	卖盘
10:02:32	19.23	-0.01	36	69228	卖盘
10:02:26	19.24	0.01	1	1923	买盘
10:02:22	19.23	--	25	48075	卖盘
10:02:17	19.23	0.01	10	19230	买盘
10:02:11	19.22	--	15	28830	卖盘
10:02:07	19.22	-0.01	24	46128	卖盘
10:02:02	19.23	0.01	22	42306	买盘
10:01:56	19.22	--	1	1922	卖盘
10:01:52	19.22	--	24	46128	卖盘
10:01:47	19.22	0.01	127	244094	买盘
10:01:41	19.21	--	17	32657	卖盘
10:01:37	19.21	--	51	97971	卖盘
10:01:32	19.21	--	55	105655	买盘
10:01:26	19.21	0.01	27	51867	卖盘
10:01:22	19.2	-0.01	96	184320	卖盘
10:01:17	19.21	0.01	69	132549	买盘
10:01:11	19.2	--	22	42240	卖盘
10:01:07	19.2	--	99	190080	卖盘
10:01:02	19.2	--	147	282240	卖盘
10:00:56	19.2	-0.01	12	23040	卖盘
10:00:52	19.21	--	28	53788	买盘
10:00:47	19.21	--	19	36499	卖盘
10:00:41	19.21	--	20	38420	卖盘
10:00:37	19.21	--	10	19210	卖盘
10:00:32	19.21	-0.02	2	3842	卖盘
10:00:26	19.23	--	2	3846	买盘
10:00:20	19.23	--	90	173070	买盘
10:00:17	19.23	--	26	49998	买盘
10:00:11	19.23	--	7	13461	买盘
10:00:05	19.23	-0.01	68	130764	卖盘
10:00:02	19.24	--	1	1923	买盘
09:59:56	19.24	--	67	128907	卖盘
09:59:50	19.24	-0.01	15	28859	卖盘
09:59:47	19.25	0.01	65	125125	买盘
09:59:41	19.24	-0.01	119	228955	卖盘
09:59:35	19.25	0.01	36	69300	买盘
09:59:32	19.24	-0.01	103	198171	卖盘
09:59:26	19.25	--	40	77000	买盘
09:59:20	19.25	--	7	13475	买盘
09:59:17	19.25	-0.01	92	177100	卖盘
09:59:11	19.26	0.01	61	117486	买盘
09:59:05	19.25	--	21	40425	卖盘
09:59:02	19.25	0.01	34	65450	买盘
09:58:56	19.24	--	70	134680	卖盘
09:58:47	19.24	--	3	5771	卖盘
09:58:41	19.24	0.02	52	100047	买盘
09:58:35	19.22	0.01	217	417074	买盘
09:58:32	19.21	--	356	683876	卖盘
09:58:26	19.21	--	8	15368	卖盘
09:58:20	19.21	--	112	215152	卖盘
09:58:16	19.21	--	8	15368	卖盘
09:58:11	19.21	0.01	23	44183	买盘
09:58:01	19.2	-0.01	71	136320	卖盘
09:57:56	19.21	0.01	48	92208	买盘
09:57:50	19.2	--	28	53760	卖盘
09:57:46	19.2	0.01	124	239942	买盘
09:57:41	19.19	--	631	1210889	卖盘
09:57:35	19.19	--	87	166953	卖盘
09:57:31	19.19	-0.01	35	67165	卖盘
09:57:26	19.2	--	45	86400	买盘
09:57:20	19.2	0.01	10	19200	买盘
09:57:16	19.19	--	27	51813	卖盘
09:57:11	19.19	--	41	78679	卖盘
09:57:01	19.19	-0.01	49	94031	卖盘
09:56:56	19.2	0.01	14	26880	买盘
09:56:50	19.19	0.01	33	63327	买盘
09:56:46	19.18	-0.01	229	439222	卖盘
09:56:41	19.19	--	93	178467	买盘
09:56:35	19.19	--	10	19190	买盘
09:56:31	19.19	--	26	49894	卖盘
09:56:26	19.19	--	94	180386	卖盘
09:56:20	19.19	-0.01	39	74841	卖盘
09:56:16	19.2	--	94	180480	买盘
09:56:11	19.2	0.01	40	76800	买盘
09:56:05	19.19	-0.01	158	303202	卖盘
09:56:01	19.2	--	3	5760	买盘
09:55:56	19.2	0.01	35	67200	买盘
09:55:50	19.19	--	92	176548	买盘
09:55:46	19.19	--	35	67165	买盘
09:55:41	19.19	--	33	63327	买盘
09:55:35	19.19	-0.01	10	19190	买盘
09:55:31	19.2	0.01	85	163200	买盘
09:55:26	19.19	--	35	67165	卖盘
09:55:20	19.19	--	1	1919	卖盘
09:55:16	19.19	--	76	145844	卖盘
09:55:11	19.19	--	36	69084	买盘
09:55:05	19.19	--	12	23028	买盘
09:55:01	19.19	--	55	105545	买盘
09:54:56	19.19	--	193	370367	卖盘
09:54:50	19.19	--	44	85165	买盘
09:54:46	19.19	0.01	60	115140	买盘
09:54:41	19.18	--	169	324142	卖盘
09:54:35	19.18	-0.01	94	180292	卖盘
09:54:31	19.19	--	130	249470	买盘
09:54:26	19.19	--	43	82517	买盘
09:54:20	19.19	0.01	40	76760	买盘
09:54:16	19.18	-0.01	223	427714	卖盘
09:54:11	19.19	--	54	103626	卖盘
09:54:05	19.19	0.01	47	90193	卖盘
09:54:01	19.18	-0.02	1	1918	卖盘
09:53:56	19.2	0.02	129	247680	买盘
09:53:50	19.18	0.01	32	61376	卖盘
09:53:44	19.17	-0.01	54	103518	卖盘
09:53:41	19.18	--	29	55622	卖盘
09:53:35	19.18	0.01	40	76720	买盘
09:53:29	19.17	-0.03	227	435159	卖盘
09:53:26	19.2	0.03	203	389760	买盘
09:53:20	19.17	0.01	85	162945	买盘
09:53:14	19.16	-0.01	56	107296	卖盘
09:53:11	19.17	--	51	97767	买盘
09:53:05	19.17	--	91	174447	卖盘
09:52:59	19.17	--	42	80514	卖盘
09:52:56	19.17	0.01	88	168696	卖盘
09:52:50	19.16	-0.01	58	111128	卖盘
09:52:44	19.17	0.01	57	109269	买盘
09:52:41	19.16	-0.01	94	180104	卖盘
09:52:35	19.17	0.01	159	304803	买盘
09:52:29	19.16	-0.01	48	91968	卖盘
09:52:26	19.17	--	47	90099	买盘
09:52:20	19.17	0.01	53	101601	买盘
09:52:14	19.16	--	12	22992	卖盘
09:52:11	19.16	--	66	126456	卖盘
09:52:05	19.16	-0.01	70	134120	卖盘
09:51:59	19.17	0.01	29	55593	买盘
09:51:56	19.16	--	42	80472	买盘
09:51:50	19.16	-0.01	5	9580	中性盘
09:51:44	19.17	--	4	7668	买盘
09:51:40	19.17	-0.01	1164	2231426	卖盘
09:51:35	19.18	--	83	159194	买盘
09:51:29	19.18	0.01	6	11508	买盘
09:51:25	19.17	-0.01	66	126522	卖盘
09:51:20	19.18	0.01	55	105490	买盘
09:51:14	19.17	-0.01	143	274131	卖盘
09:51:10	19.18	--	126	241668	卖盘
09:51:05	19.18	--	20	38360	卖盘
09:50:59	19.18	-0.01	11	21098	卖盘
09:50:55	19.19	0.02	188	360772	买盘
09:50:50	19.17	-0.02	161	308637	卖盘
09:50:44	19.19	0.02	22	42218	买盘
09:50:40	19.17	-0.01	164	314388	卖盘
09:50:35	19.18	0.01	39	74802	中性盘
09:50:29	19.17	-0.02	14	26838	卖盘
09:50:25	19.19	0.02	55	105545	买盘
09:50:20	19.17	--	38	72846	卖盘
09:50:14	19.17	-0.01	14	26838	卖盘
09:50:10	19.18	--	114	218652	卖盘
09:50:05	19.18	0.02	144	276192	买盘
09:49:59	19.16	-0.01	141	270156	卖盘
09:49:55	19.17	--	101	193617	卖盘
09:49:50	19.17	0.01	83	159111	买盘
09:49:44	19.16	--	34	65144	卖盘
09:49:40	19.16	0.01	49	93884	买盘
09:49:35	19.15	--	189	361935	卖盘
09:49:29	19.15	--	176	337040	卖盘
09:49:25	19.15	--	247	473004	卖盘
09:49:20	19.15	--	195	373425	卖盘
09:49:14	19.15	--	104	199159	卖盘
09:49:10	19.15	0.01	220	421299	买盘
09:49:05	19.14	--	433	828762	卖盘
09:48:59	19.14	-0.01	63	120582	卖盘
09:48:55	19.15	0.01	558	1068570	买盘
09:48:50	19.14	--	98	187572	卖盘
09:48:44	19.14	-0.01	36	68904	卖盘
09:48:40	19.15	--	123	235544	买盘
09:48:35	19.15	--	69	132135	买盘
09:48:29	19.15	--	500	957499	卖盘
09:48:25	19.15	-0.01	465	890474	卖盘
09:48:20	19.16	--	184	352544	买盘
09:48:14	19.16	--	97	185852	买盘
09:48:10	19.16	--	129	247164	买盘
09:48:05	19.16	-0.01	175	335300	卖盘
09:47:59	19.17	0.01	150	287550	中性盘
09:47:55	19.16	--	377	722332	卖盘
09:47:50	19.16	--	137	262492	卖盘
09:47:44	19.16	-0.01	205	392780	卖盘
09:47:40	19.17	0.01	180	345060	买盘
09:47:35	19.16	--	133	254828	卖盘
09:47:29	19.16	--	167	319972	卖盘
09:47:23	19.16	-0.01	309	592044	卖盘
09:47:20	19.17	--	188	360396	买盘
09:47:14	19.17	0.01	439	841563	中性盘
09:47:08	19.16	-0.01	89	170524	卖盘
09:47:05	19.17	--	106	203202	卖盘
09:46:59	19.17	0.01	225	431325	中性盘
09:46:53	19.16	-0.02	322	616952	卖盘
09:46:50	19.18	0.01	147	281946	买盘
09:46:44	19.17	-0.01	65	124605	卖盘
09:46:38	19.18	--	25	47950	买盘
09:46:35	19.18	--	199	381682	买盘
09:46:29	19.18	--	246	471828	卖盘
09:46:23	19.18	--	97	186046	卖盘
09:46:20	19.18	--	150	287700	买盘
09:46:14	19.18	--	195	374010	卖盘
09:46:08	19.18	--	113	216734	买盘
09:46:05	19.18	--	283	542794	买盘
09:45:59	19.18	--	128	245504	买盘
09:45:53	19.18	--	92	176456	买盘
09:45:50	19.18	--	293	561974	卖盘
09:45:44	19.18	--	226	433468	卖盘
09:45:38	19.18	--	74	141932	卖盘
09:45:35	19.18	-0.01	143	274274	卖盘
09:45:29	19.19	0.01	176	337744	买盘
09:45:23	19.18	--	128	245504	卖盘
09:45:20	19.18	-0.01	372	713496	卖盘
09:45:14	19.19	--	249	477831	买盘
09:45:08	19.19	-0.01	155	297502	卖盘
09:45:04	19.2	0.01	199	383942	买盘
09:44:59	19.19	-0.01	264	506616	卖盘
09:44:53	19.2	0.01	27	51840	买盘
09:44:49	19.19	-0.01	159	305121	卖盘
09:44:44	19.2	0.01	295	566400	买盘
09:44:38	19.19	--	50	95950	卖盘
09:44:34	19.19	--	171	328149	卖盘
09:44:29	19.19	--	149	285931	买盘
09:44:23	19.19	--	33	63327	买盘
09:44:19	19.19	0.01	249	477831	买盘
09:44:14	19.18	--	389	746102	卖盘
09:44:08	19.18	-0.01	65	124670	卖盘
09:44:04	19.19	--	137	262903	买盘
09:43:59	19.19	--	126	241794	买盘
09:43:53	19.19	-0.01	142	272498	卖盘
09:43:49	19.2	0.01	165	316800	买盘
09:43:44	19.19	-0.01	868	1665692	卖盘
09:43:38	19.2	--	72	138240	买盘
09:43:34	19.2	--	226	433920	买盘
09:43:29	19.2	-0.01	2063	3962841	卖盘
09:43:23	19.21	-0.01	20	38420	卖盘
09:43:19	19.22	-0.01	117	224874	卖盘
09:43:14	19.23	0.01	149	286527	买盘
09:43:08	19.22	--	55	105710	卖盘
09:43:04	19.22	0.01	376	722710	买盘
09:42:59	19.21	-0.01	247	474487	卖盘
09:42:53	19.22	--	51	98022	买盘
09:42:49	19.22	--	134	257547	买盘
09:42:44	19.22	-0.01	113	219069	卖盘
09:42:38	19.23	0.01	216	415368	买盘
09:42:34	19.22	-0.01	117	224874	卖盘
09:42:29	19.23	0.01	57	109611	买盘
09:42:23	19.22	--	34	65347	卖盘
09:42:19	19.22	--	122	234484	卖盘
09:42:14	19.22	-0.01	43	82646	卖盘
09:42:08	19.23	--	62	119226	买盘
09:42:04	19.23	-0.01	117	225048	卖盘
09:41:59	19.24	--	128	246271	买盘
09:41:53	19.24	-0.02	434	835015	卖盘
09:41:49	19.26	--	101	194526	买盘
09:41:44	19.26	0.02	47	90522	买盘
09:41:38	19.24	-0.03	52	100047	卖盘
09:41:34	19.27	0.02	46	88642	买盘
09:41:29	19.25	-0.02	270	519750	卖盘
09:41:23	19.27	-0.01	148	285196	中性盘
09:41:19	19.28	0.02	217	418376	卖盘
09:41:14	19.26	-0.03	201	387126	卖盘
09:41:08	19.29	0.01	7	13503	买盘
09:41:04	19.28	--	156	300768	卖盘
09:40:59	19.28	--	701	1351528	卖盘
09:40:53	19.28	--	83	160024	卖盘
09:40:49	19.28	-0.01	102	196656	卖盘
09:40:44	19.29	--	98	189042	买盘
09:40:38	19.29	0.01	42	81018	买盘
09:40:32	19.28	0.01	24	46272	买盘
09:40:29	19.27	--	68	131036	卖盘
09:40:23	19.27	--	42	80934	卖盘
09:40:17	19.27	--	10	19270	卖盘
09:40:14	19.27	--	163	314101	买盘
09:40:08	19.27	0.01	36	69372	买盘
09:40:02	19.26	-0.01	42	80892	卖盘
09:39:59	19.27	0.01	156	300612	买盘
09:39:53	19.26	0.01	78	150228	买盘
09:39:47	19.25	--	43	82775	卖盘
09:39:44	19.25	--	56	107800	卖盘
09:39:38	19.25	0.01	190	365750	买盘
09:39:32	19.24	-0.01	31	59643	卖盘
09:39:29	19.25	0.02	29	55825	买盘
09:39:23	19.23	--	28	53844	卖盘
09:39:17	19.23	--	7	15326	卖盘
09:39:14	19.23	--	145	278835	买盘
09:39:08	19.23	0.01	167	321141	买盘
09:39:02	19.22	--	20	38440	卖盘
09:38:59	19.22	--	51	98022	卖盘
09:38:53	19.22	-0.01	69	132618	卖盘
09:38:47	19.23	0.02	96	184646	买盘
09:38:44	19.21	-0.01	284	545564	卖盘
09:38:38	19.22	0.01	249	478578	买盘
09:38:32	19.21	--	52	99892	卖盘
09:38:29	19.21	--	72	138312	卖盘
09:38:23	19.21	0.01	208	399568	买盘
09:38:17	19.2	-0.01	130	249600	卖盘
09:38:13	19.21	--	50	96050	买盘
09:38:08	19.21	-0.01	64	122944	卖盘
09:38:02	19.22	0.01	92	176824	买盘
09:37:58	19.21	0.01	197	378437	买盘
09:37:53	19.2	-0.01	218	418560	卖盘
09:37:47	19.21	--	6	11526	买盘
09:37:43	19.21	-0.01	90	172890	卖盘
09:37:38	19.22	--	93	178746	买盘
09:37:32	19.22	0.01	102	196044	买盘
09:37:28	19.21	--	222	426462	卖盘
09:37:23	19.21	-0.01	57	109497	卖盘
09:37:17	19.22	--	26	49972	买盘
09:37:13	19.22	-0.01	99	190278	卖盘
09:37:08	19.23	0.01	62	119226	买盘
09:37:02	19.22	--	4	7688	卖盘
09:36:58	19.22	--	48	92256	卖盘
09:36:53	19.22	--	139	267158	买盘
09:36:47	19.22	--	84	161448	买盘
09:36:43	19.22	0.02	158	303676	买盘
09:36:38	19.2	-0.01	122	234240	卖盘
09:36:32	19.21	0.01	119	228599	中性盘
09:36:28	19.2	--	96	184320	卖盘
09:36:23	19.2	--	187	359040	卖盘
09:36:17	19.2	--	157	301440	买盘
09:36:13	19.2	--	56	107520	卖盘
09:36:08	19.2	0.01	316	606720	买盘
09:36:02	19.19	--	153	293607	卖盘
09:35:58	19.19	-0.01	196	376124	卖盘
09:35:53	19.2	--	220	422400	卖盘
09:35:47	19.2	0.01	106	203520	中性盘
09:35:43	19.19	--	499	957581	卖盘
09:35:38	19.19	-0.01	80	153520	卖盘
09:35:32	19.2	--	56	107520	中性盘
09:35:28	19.2	0.01	278	533760	买盘
09:35:23	19.19	-0.01	379	727301	卖盘
09:35:17	19.2	--	349	670080	卖盘
09:35:13	19.2	0.01	296	568320	买盘
09:35:08	19.19	-0.01	244	468236	卖盘
09:35:02	19.2	-0.01	152	291840	卖盘
09:34:58	19.21	0.01	351	674271	买盘
09:34:53	19.2	--	338	648960	卖盘
09:34:47	19.2	-0.01	342	656640	卖盘
09:34:43	19.21	--	266	510986	卖盘
09:34:38	19.21	--	208	399568	买盘
09:34:32	19.21	0.02	82	157522	买盘
09:34:28	19.19	-0.01	411	788709	卖盘
09:34:23	19.2	--	366	702720	卖盘
09:34:17	19.2	0.01	511	981120	买盘
09:34:11	19.19	-0.01	14	26866	中性盘
09:34:08	19.2	--	262	503040	买盘
09:34:02	19.2	-0.02	169	324480	卖盘
09:33:56	19.22	--	186	357492	买盘
09:33:53	19.22	-0.01	107	205654	卖盘
09:33:47	19.23	-0.01	84	161532	卖盘
09:33:41	19.24	0.02	90	173160	买盘
09:33:38	19.22	-0.02	1121	2154562	卖盘
09:33:32	19.24	-0.01	155	298220	中性盘
09:33:26	19.25	--	24	46200	买盘
09:33:23	19.25	--	316	608300	买盘
09:33:17	19.25	--	148	284900	卖盘
09:33:11	19.25	-0.01	164	315700	卖盘
09:33:08	19.26	--	128	246528	卖盘
09:33:02	19.26	-0.01	101	194526	卖盘
09:32:56	19.27	-0.01	62	119474	卖盘
09:32:53	19.28	0.01	72	138816	买盘
09:32:47	19.27	-0.01	248	477896	卖盘
09:32:41	19.28	-0.01	69	133032	卖盘
09:32:38	19.29	0.01	331	638499	买盘
09:32:32	19.28	-0.01	494	952432	卖盘
09:32:26	19.29	0.01	78	150462	中性盘
09:32:23	19.28	-0.01	117	225576	卖盘
09:32:17	19.29	-0.01	121	233409	卖盘
09:32:11	19.3	--	203	391790	买盘
09:32:08	19.3	-0.01	230	443900	卖盘
09:32:02	19.31	--	128	247167	买盘
09:31:56	19.31	--	32	61791	买盘
09:31:52	19.31	0.02	136	262616	中性盘
09:31:47	19.29	-0.02	153	295137	卖盘
09:31:41	19.31	0.04	130	251029	买盘
09:31:37	19.27	-0.04	182	350714	卖盘
09:31:32	19.31	0.03	87	167997	买盘
09:31:26	19.28	--	195	375960	买盘
09:31:22	19.28	--	247	476216	卖盘
09:31:17	19.28	-0.02	173	333544	卖盘
09:31:11	19.3	0.03	58	111940	买盘
09:31:07	19.27	-0.01	603	1161981	卖盘
09:31:02	19.28	-0.01	361	696008	卖盘
09:30:56	19.29	0.02	9	17361	买盘
09:30:52	19.27	-0.01	206	396962	卖盘
09:30:47	19.28	--	62	119536	买盘
09:30:41	19.28	0.01	14	26992	买盘
09:30:37	19.27	0.01	121	233167	买盘
09:30:32	19.26	--	61	117486	卖盘
09:30:26	19.26	--	5	9630	卖盘
09:30:22	19.26	0.01	47	90522	买盘
09:30:17	19.25	0.03	34	65450	买盘
09:30:11	19.22	--	37	71114	卖盘
09:30:07	19.22	-0.01	2807	5395054	中性盘
09:30:02	19.23	--	242	465366	买盘
09:28:43	19.23	--	0	0	买盘
09:25:05	19.23	19.23	1155	2221065	买盘
