成交时间	成交价	价格变动	成交量(手)	成交额(元)	性质
15:00:00	5.31	--	0	0	中性盘
15:00:00	5.31	-0.01	0	0	中性盘
15:00:00	5.32	0.01	43	22876	买盘
14:59:59	5.31	--	168	89208	卖盘
14:59:53	5.31	--	5	2655	卖盘
14:59:49	5.31	-0.01	205	108854	卖盘
14:59:44	5.32	0.01	43	22876	买盘
14:59:34	5.31	--	10	5310	卖盘
14:59:29	5.31	0.01	48	25487	中性盘
14:59:23	5.3	-0.01	120	63600	卖盘
14:59:19	5.31	--	105	55754	买盘
14:59:14	5.31	0.01	79	41949	买盘
14:59:08	5.3	-0.01	220	116600	卖盘
14:59:04	5.31	--	15	7964	买盘
14:58:59	5.31	--	7	3716	买盘
14:58:53	5.31	--	95	50444	买盘
14:58:49	5.31	--	80	42480	买盘
14:58:44	5.31	--	148	78588	买盘
14:58:38	5.31	--	123	65647	买盘
14:58:34	5.31	--	220	116819	买盘
14:58:29	5.31	--	30	15929	买盘
14:58:23	5.31	0.01	16	8496	买盘
14:58:14	5.3	--	86	45580	卖盘
14:58:04	5.3	--	2	1060	卖盘
14:57:59	5.3	--	84	44520	卖盘
14:57:53	5.3	--	133	70490	卖盘
14:57:49	5.3	--	97	51410	卖盘
14:57:44	5.3	--	74	39220	卖盘
14:57:38	5.3	--	125	66250	买盘
14:57:34	5.3	--	29	15370	买盘
14:57:29	5.3	-0.01	5	2650	中性盘
14:57:23	5.31	0.01	1924	1021643	买盘
14:57:19	5.3	--	20	10600	买盘
14:57:14	5.3	--	40	21200	买盘
14:57:08	5.3	--	32	16960	卖盘
14:57:04	5.3	--	48	25440	买盘
14:56:53	5.3	--	119	63070	买盘
14:56:49	5.3	-0.01	539	285670	卖盘
14:56:44	5.31	0.01	30	15929	买盘
14:56:38	5.3	--	2	1060	卖盘
14:56:34	5.3	--	21	11130	卖盘
14:56:29	5.3	--	1	530	卖盘
14:56:23	5.3	--	34	18020	卖盘
14:56:14	5.3	--	229	121370	买盘
14:56:08	5.3	--	102	54060	买盘
14:55:58	5.3	--	21	11130	买盘
14:55:47	5.3	--	61	32330	买盘
14:55:32	5.3	--	32	16960	卖盘
14:55:28	5.3	--	15	7950	卖盘
14:55:23	5.3	--	56	29680	卖盘
14:55:17	5.3	--	68	36040	卖盘
14:55:13	5.3	--	49	25970	买盘
14:55:08	5.3	--	25	13250	买盘
14:55:02	5.3	--	68	36040	卖盘
14:54:53	5.3	--	78	41340	卖盘
14:54:47	5.3	-0.01	70	37100	卖盘
14:54:43	5.31	0.01	24	12743	买盘
14:54:38	5.3	--	398	210940	卖盘
14:54:32	5.3	--	146	77380	卖盘
14:54:28	5.3	--	6	3180	卖盘
14:54:23	5.3	--	54	28620	卖盘
14:54:17	5.3	-0.01	112	59360	卖盘
14:54:08	5.31	0.01	100	53099	买盘
14:54:02	5.3	--	209	110770	卖盘
14:53:58	5.3	-0.01	206	109180	卖盘
14:53:53	5.31	0.01	108	57347	买盘
14:53:47	5.3	--	48	25440	卖盘
14:53:38	5.3	-0.01	30	15900	卖盘
14:53:32	5.31	0.01	17	9027	买盘
14:53:28	5.3	--	58	30740	卖盘
14:53:23	5.3	--	10	5300	卖盘
14:53:17	5.3	--	187	99110	卖盘
14:53:13	5.3	--	14	7420	卖盘
14:53:02	5.3	-0.01	281	148930	卖盘
14:52:58	5.31	--	37	19647	买盘
14:52:53	5.31	0.01	141	74871	买盘
14:52:47	5.3	--	54	28620	卖盘
14:52:43	5.3	--	22	11660	卖盘
14:52:38	5.3	--	5	2650	卖盘
14:52:32	5.3	--	10	5300	卖盘
14:52:28	5.3	--	36	19080	卖盘
14:52:23	5.3	--	230	121900	卖盘
14:52:08	5.3	--	39	20670	卖盘
14:51:58	5.3	-0.01	10	5300	卖盘
14:51:47	5.31	0.01	5	2655	买盘
14:51:38	5.3	-0.01	58	30740	卖盘
14:51:32	5.31	--	10	5310	买盘
14:51:28	5.31	--	10	5310	买盘
14:51:23	5.31	0.01	43	22833	买盘
14:51:08	5.3	-0.01	26	13780	卖盘
14:51:02	5.31	0.01	10	5310	买盘
14:50:58	5.3	-0.01	53	28090	卖盘
14:50:53	5.31	--	67	35577	买盘
14:50:47	5.31	0.01	20	10620	买盘
14:50:43	5.3	-0.01	49	25970	卖盘
14:50:38	5.31	0.01	6	3185	买盘
14:50:32	5.3	-0.01	78	41340	卖盘
14:50:27	5.31	--	10	5310	买盘
14:50:13	5.31	0.01	50	26549	买盘
14:50:08	5.3	-0.01	153	81090	卖盘
14:50:02	5.31	--	1	531	买盘
14:49:47	5.31	--	1	531	买盘
14:49:43	5.31	--	19	10089	卖盘
14:49:32	5.31	--	22	11682	卖盘
14:49:26	5.31	--	146	77526	卖盘
14:49:17	5.31	--	50	26549	卖盘
14:49:11	5.31	--	30	15929	卖盘
14:49:07	5.31	--	101	53630	卖盘
14:49:02	5.31	--	20	10620	卖盘
14:48:56	5.31	--	11	5841	卖盘
14:48:47	5.31	--	42	22302	卖盘
14:48:41	5.31	--	106	56285	卖盘
14:48:37	5.31	--	50	26549	卖盘
14:48:32	5.31	-0.01	100	53099	卖盘
14:48:26	5.32	--	28	14896	买盘
14:48:22	5.32	0.01	8	4256	买盘
14:48:17	5.31	-0.01	52	27611	卖盘
14:48:11	5.32	--	5	2660	买盘
14:48:07	5.32	0.01	10	5320	买盘
14:48:02	5.31	-0.01	40	21240	卖盘
14:47:41	5.32	--	6	3192	买盘
14:47:32	5.32	--	30	15960	买盘
14:47:07	5.32	--	10	5320	买盘
14:47:02	5.32	--	15	7980	买盘
14:46:56	5.32	--	9	4788	买盘
14:46:52	5.32	--	2	1064	买盘
14:46:47	5.32	--	37	19684	买盘
14:46:41	5.32	--	90	47880	买盘
14:46:32	5.32	--	40	21280	买盘
14:46:26	5.32	--	73	38836	买盘
14:46:17	5.32	0.01	23	12236	买盘
14:46:07	5.31	--	5	2655	卖盘
14:46:02	5.31	--	77	40887	卖盘
14:45:56	5.31	--	10	5310	卖盘
14:45:47	5.31	-0.01	317	168327	卖盘
14:45:32	5.32	0.01	40	21280	买盘
14:45:26	5.31	-0.01	95	50444	卖盘
14:45:22	5.32	0.01	74	39368	买盘
14:45:17	5.31	-0.01	1	531	卖盘
14:45:11	5.32	--	1	532	买盘
14:45:07	5.32	0.01	200	106400	买盘
14:45:02	5.31	--	63	33453	卖盘
14:44:56	5.31	-0.01	20	10620	卖盘
14:44:47	5.32	0.01	117	62244	买盘
14:44:41	5.31	--	23	12213	卖盘
14:44:37	5.31	-0.01	4	2124	卖盘
14:44:32	5.32	--	19	10108	买盘
14:44:11	5.32	0.01	5	2660	买盘
14:44:02	5.31	-0.01	200	106199	卖盘
14:43:56	5.32	0.01	154	81928	买盘
14:43:52	5.31	-0.01	10	5310	卖盘
14:43:32	5.32	0.01	409	217588	买盘
14:43:26	5.31	--	17	9027	买盘
14:43:22	5.31	--	12	6371	买盘
14:43:17	5.31	--	5	2655	买盘
14:43:11	5.31	--	166	88146	买盘
14:42:56	5.31	--	7	3716	买盘
14:42:46	5.31	--	8	4248	买盘
14:42:41	5.31	--	16	8496	买盘
14:42:35	5.31	--	27	14336	买盘
14:42:31	5.31	--	20	10620	买盘
14:42:26	5.31	--	13	6902	买盘
14:42:20	5.31	0.01	16	8496	买盘
14:42:11	5.3	--	26	13780	卖盘
14:41:56	5.3	-0.01	20	10600	卖盘
14:41:50	5.31	--	7	3716	买盘
14:41:41	5.31	0.01	40	21240	买盘
14:41:35	5.3	-0.01	23	12190	卖盘
14:41:31	5.31	0.01	11	5841	买盘
14:41:26	5.3	-0.01	3	1590	卖盘
14:41:20	5.31	--	236	125315	买盘
14:41:16	5.31	0.01	23	12213	买盘
14:41:11	5.3	-0.01	80	42400	卖盘
14:41:01	5.31	0.01	40	21240	买盘
14:40:56	5.3	--	22	11660	卖盘
14:40:50	5.3	-0.01	659	349270	卖盘
14:40:35	5.31	0.01	7	3716	买盘
14:40:31	5.3	-0.01	1	530	卖盘
14:40:20	5.31	--	18	9558	买盘
14:40:11	5.31	--	20	10620	买盘
14:40:05	5.31	0.01	52	27611	买盘
14:40:01	5.3	--	3	1590	卖盘
14:39:56	5.3	-0.01	61	32330	卖盘
14:39:31	5.31	--	1	531	买盘
14:39:16	5.31	--	1	531	买盘
14:39:11	5.31	--	2	1062	买盘
14:38:50	5.31	--	157	83367	卖盘
14:38:46	5.31	--	5	2655	卖盘
14:38:35	5.31	--	78	41418	买盘
14:38:31	5.31	0.01	20	10620	买盘
14:38:26	5.3	-0.01	28	14840	卖盘
14:38:20	5.31	--	50	26549	买盘
14:38:16	5.31	--	1	531	买盘
14:38:05	5.31	--	73	38763	卖盘
14:37:41	5.31	-0.01	10	5310	卖盘
14:37:35	5.32	0.01	1	532	买盘
14:37:26	5.31	--	226	120005	买盘
14:37:20	5.31	-0.01	165	87615	卖盘
14:37:16	5.32	0.01	50	26600	买盘
14:37:11	5.31	-0.01	10	5310	卖盘
14:37:05	5.32	--	40	21280	买盘
14:37:01	5.32	0.01	23	12236	买盘
14:36:50	5.31	-0.01	30	15929	卖盘
14:36:46	5.32	--	50	26600	买盘
14:36:41	5.32	0.01	42	22344	买盘
14:36:35	5.31	--	20	10620	卖盘
14:36:29	5.31	--	4	2124	卖盘
14:36:25	5.31	-0.01	15	7964	卖盘
14:36:20	5.32	0.01	10	5320	买盘
14:36:14	5.31	-0.01	5	2655	卖盘
14:35:55	5.32	--	0	0	买盘
14:35:50	5.32	0.01	35	18620	买盘
14:35:44	5.31	-0.01	388	206320	卖盘
14:35:40	5.32	--	1	532	买盘
14:35:35	5.32	--	26	13832	买盘
14:35:20	5.32	--	40	21280	买盘
14:35:14	5.32	0.01	8	4256	买盘
14:35:05	5.31	-0.02	5	2655	卖盘
14:34:59	5.33	0.02	1	533	买盘
14:34:35	5.31	-0.01	380	201779	卖盘
14:34:25	5.32	--	257	136724	买盘
14:34:20	5.32	0.01	48	25536	买盘
14:34:14	5.31	-0.01	15	7964	卖盘
14:34:10	5.32	--	1	532	买盘
14:34:05	5.32	0.01	20	10640	买盘
14:33:59	5.31	--	3	1592	卖盘
14:33:55	5.31	--	1	531	卖盘
14:33:44	5.31	-0.01	30	15929	卖盘
14:33:40	5.32	0.01	198	105336	买盘
14:33:35	5.31	-0.01	3	1592	卖盘
14:33:29	5.32	0.01	30	15960	买盘
14:33:25	5.31	--	100	53099	卖盘
14:33:20	5.31	-0.01	10	5310	卖盘
14:33:14	5.32	--	6	3192	买盘
14:33:10	5.32	0.01	3	1596	买盘
14:32:59	5.31	-0.01	6	3185	卖盘
14:32:55	5.32	-0.01	73	38836	卖盘
14:32:50	5.33	0.01	348	185484	买盘
14:32:44	5.32	-0.01	167	88844	卖盘
14:32:40	5.33	0.01	10	5330	买盘
14:32:35	5.32	-0.01	10	5320	卖盘
14:32:25	5.33	--	2	1066	买盘
14:32:20	5.33	--	777	414407	卖盘
14:32:14	5.33	--	2	1066	卖盘
14:32:05	5.33	-0.01	40	21320	卖盘
14:31:50	5.34	--	62	33108	买盘
14:31:29	5.34	--	5	2670	买盘
14:31:20	5.34	--	50	26700	买盘
14:31:14	5.34	--	10	5340	买盘
14:31:05	5.34	--	4	2136	买盘
14:30:50	5.34	--	36	19224	卖盘
14:30:44	5.34	--	150	80100	卖盘
14:30:40	5.34	--	102	54468	卖盘
14:30:35	5.34	--	18	9612	卖盘
14:30:29	5.34	--	2	1068	卖盘
14:30:25	5.34	--	24	12816	卖盘
14:30:20	5.34	--	20	10680	卖盘
14:30:14	5.34	--	22	11748	卖盘
14:30:10	5.34	-0.01	80	42720	卖盘
14:30:05	5.35	--	87	46545	买盘
14:29:53	5.35	--	199	106465	买盘
14:29:49	5.35	0.01	117	62594	买盘
14:29:38	5.34	-0.01	60	32040	卖盘
14:29:29	5.35	--	14	7489	买盘
14:29:19	5.35	0.01	3	1605	买盘
14:29:14	5.34	--	90	48060	卖盘
14:29:04	5.34	--	20	10680	卖盘
14:28:59	5.34	-0.01	15	8010	卖盘
14:28:53	5.35	--	104	55639	买盘
14:28:44	5.35	--	18	9630	买盘
14:28:38	5.35	--	71	37985	买盘
14:28:34	5.35	--	10	5350	买盘
14:28:29	5.35	--	148	79180	买盘
14:28:23	5.35	0.01	37	19795	买盘
14:28:19	5.34	--	23	12282	卖盘
14:28:14	5.34	--	68	36312	卖盘
14:28:08	5.34	-0.01	100	53400	卖盘
14:28:04	5.35	0.01	141	75435	买盘
14:27:53	5.34	-0.01	30	16020	卖盘
14:27:49	5.35	0.01	23	12305	买盘
14:27:44	5.34	--	5	2670	卖盘
14:27:38	5.34	--	44	23853	买盘
14:27:29	5.34	--	183	97722	买盘
14:27:23	5.34	0.01	11	5874	买盘
14:27:19	5.33	-0.01	10	5330	卖盘
14:27:14	5.34	0.01	160	85440	买盘
14:26:59	5.33	-0.01	793	422669	卖盘
14:26:49	5.34	0.01	40	21360	买盘
14:26:38	5.33	-0.01	25	13325	卖盘
14:26:34	5.34	--	40	21360	买盘
14:26:29	5.34	--	46	24564	买盘
14:26:23	5.34	--	30	16020	买盘
14:26:14	5.34	--	280	149520	买盘
14:26:08	5.34	--	133	71022	买盘
14:26:04	5.34	--	37	19758	买盘
14:25:59	5.34	--	98	52332	买盘
14:25:53	5.34	0.01	24	12816	买盘
14:25:49	5.33	--	256	136714	卖盘
14:25:44	5.33	-0.01	316	168428	卖盘
14:25:38	5.34	--	142	75828	买盘
14:25:29	5.34	--	200	106800	买盘
14:25:23	5.34	0.01	68	36312	买盘
14:25:19	5.33	--	10	5330	卖盘
14:25:14	5.33	--	130	69290	卖盘
14:25:08	5.33	--	27	14391	卖盘
14:25:04	5.33	-0.01	17	9061	卖盘
14:24:59	5.34	0.01	500	267000	买盘
14:24:53	5.33	-0.01	49	26117	卖盘
14:24:44	5.34	0.01	26	13884	买盘
14:24:38	5.33	-0.01	8	4264	卖盘
14:24:29	5.34	0.01	1	534	买盘
14:24:23	5.33	-0.01	86	45838	卖盘
14:24:19	5.34	--	124	66216	买盘
14:24:14	5.34	--	254	135636	买盘
14:24:08	5.34	--	116	61944	买盘
14:24:04	5.34	--	2	1068	买盘
14:23:59	5.34	--	20	10680	买盘
14:23:44	5.34	--	25	13350	买盘
14:23:23	5.34	0.01	10	5340	买盘
14:23:17	5.33	-0.01	15	7995	卖盘
14:23:08	5.34	--	30	16020	买盘
14:23:02	5.34	0.01	1	534	买盘
14:22:53	5.33	--	15	7995	卖盘
14:22:47	5.33	--	2	1066	卖盘
14:22:43	5.33	-0.01	143	76219	卖盘
14:22:38	5.34	--	4	2136	买盘
14:22:32	5.34	0.01	60	32040	买盘
14:22:28	5.33	--	32	17056	卖盘
14:22:23	5.33	--	1	533	卖盘
14:22:17	5.33	--	20	10660	卖盘
14:22:13	5.33	--	12	6396	卖盘
14:22:02	5.33	--	15	7995	卖盘
14:21:38	5.33	--	90	47970	卖盘
14:21:32	5.33	-0.01	14	7462	卖盘
14:21:23	5.34	--	24	12816	买盘
14:21:17	5.34	--	15	8010	买盘
14:21:13	5.34	0.01	125	66750	买盘
14:21:08	5.33	-0.01	14	7462	卖盘
14:20:38	5.34	--	45	24030	买盘
14:20:17	5.34	--	20	10680	买盘
14:20:08	5.34	0.01	5	2670	买盘
14:20:02	5.33	-0.01	117	62361	卖盘
14:19:47	5.34	--	5	2670	买盘
14:19:28	5.34	--	6	3204	买盘
14:19:13	5.34	0.01	55	29370	买盘
14:19:08	5.33	-0.01	108	57564	卖盘
14:18:53	5.34	0.01	36	19224	买盘
14:18:43	5.33	-0.01	1	533	卖盘
14:18:38	5.34	0.01	35	18690	买盘
14:18:23	5.33	--	126	67158	卖盘
14:18:02	5.33	-0.01	1	533	卖盘
14:17:53	5.34	0.01	2	1068	买盘
14:17:27	5.33	--	18	9594	卖盘
14:17:22	5.33	--	370	197210	卖盘
14:17:17	5.33	--	1	533	卖盘
14:16:52	5.33	--	2	1066	卖盘
14:16:41	5.33	-0.01	10	5330	卖盘
14:16:37	5.34	0.01	3	1602	买盘
14:16:11	5.33	--	6	3198	卖盘
14:15:56	5.33	--	33	17589	卖盘
14:15:52	5.33	-0.01	1	533	卖盘
14:15:41	5.34	0.01	3	1602	买盘
14:15:26	5.33	-0.01	5	2665	中性盘
14:15:22	5.34	0.01	200	106800	买盘
14:15:17	5.33	--	55	29315	卖盘
14:15:11	5.33	--	13	6929	卖盘
14:15:02	5.33	--	82	43706	买盘
14:14:56	5.33	--	22	11726	买盘
14:14:52	5.33	--	153	81549	买盘
14:14:41	5.33	--	7	3731	买盘
14:14:37	5.33	--	24	12792	买盘
14:14:26	5.33	--	22	11726	卖盘
14:14:17	5.33	--	40	21320	卖盘
14:14:11	5.33	-0.01	50	26650	卖盘
14:13:56	5.34	0.01	27	14418	买盘
14:13:52	5.33	--	2	1066	卖盘
14:13:32	5.33	--	1	533	买盘
14:13:22	5.33	--	30	15990	买盘
14:13:02	5.33	0.01	6	3198	买盘
14:12:56	5.32	-0.01	51	27132	卖盘
14:12:47	5.33	--	15	7995	买盘
14:12:41	5.33	0.01	540	287820	买盘
14:12:32	5.32	-0.01	61	32452	卖盘
14:12:26	5.33	--	35	18655	买盘
14:11:32	5.33	0.01	18	9594	买盘
14:11:17	5.32	--	58	30856	卖盘
14:11:05	5.32	--	1	532	卖盘
14:11:01	5.32	--	10	5320	卖盘
14:10:56	5.32	--	44	23408	卖盘
14:10:26	5.32	--	212	112784	卖盘
14:10:20	5.32	--	6	3192	卖盘
14:10:11	5.32	-0.01	51	27132	卖盘
14:09:50	5.33	0.01	158	84214	买盘
14:09:35	5.32	-0.01	12	6384	卖盘
14:09:26	5.33	--	9	4797	买盘
14:09:20	5.33	--	20	10660	买盘
14:09:05	5.33	--	10	5330	买盘
14:09:01	5.33	0.01	19	10127	买盘
14:08:50	5.32	--	16	8512	卖盘
14:08:46	5.32	-0.01	20	10640	卖盘
14:08:41	5.33	--	239	127387	买盘
14:08:35	5.33	--	2	1066	买盘
14:08:31	5.33	--	1	533	买盘
14:08:26	5.33	0.01	20	10660	买盘
14:08:20	5.32	--	1	532	卖盘
14:08:16	5.32	--	192	102144	卖盘
14:08:11	5.32	-0.01	3	1596	卖盘
14:08:05	5.33	0.01	216	115128	买盘
14:07:56	5.32	--	17	9044	卖盘
14:07:50	5.32	-0.01	11	5852	卖盘
14:07:46	5.33	0.01	163	86879	买盘
14:07:41	5.32	-0.01	7	3724	卖盘
14:07:35	5.33	--	13	6929	买盘
14:07:31	5.33	0.01	20	10660	买盘
14:07:26	5.32	-0.01	20	10640	卖盘
14:07:20	5.33	0.01	1	533	买盘
14:07:16	5.32	--	5	2660	卖盘
14:07:11	5.32	--	45	23940	卖盘
14:06:56	5.32	--	20	10640	卖盘
14:06:50	5.32	--	429	228228	卖盘
14:06:46	5.32	--	100	53200	卖盘
14:06:41	5.32	--	46	24472	卖盘
14:06:31	5.32	--	20	10640	卖盘
14:06:26	5.32	--	50	26600	卖盘
14:06:20	5.32	--	1	532	卖盘
14:06:11	5.32	--	3	1596	卖盘
14:05:56	5.32	-0.01	40	21280	卖盘
14:05:35	5.33	--	2	1066	买盘
14:05:26	5.33	--	138	73554	卖盘
14:05:11	5.33	-0.01	200	106600	卖盘
14:05:01	5.34	0.01	60	32040	买盘
14:04:44	5.33	--	188	100204	卖盘
14:04:29	5.33	--	32	17056	卖盘
14:04:20	5.33	--	33	17589	卖盘
14:04:14	5.33	--	22	11726	卖盘
14:04:05	5.33	--	10	5330	卖盘
14:03:59	5.33	--	40	21320	卖盘
14:03:55	5.33	--	10	5330	卖盘
14:03:50	5.33	--	22	11726	卖盘
14:03:44	5.33	--	3	1599	卖盘
14:03:35	5.33	--	20	10660	卖盘
14:03:20	5.33	--	100	53300	卖盘
14:03:14	5.33	--	88	46904	买盘
14:02:55	5.33	--	1	533	卖盘
14:02:44	5.33	--	38	20254	卖盘
14:02:40	5.33	-0.01	1	533	卖盘
14:02:35	5.34	0.01	10	5340	买盘
14:02:29	5.33	-0.01	59	31447	卖盘
14:02:25	5.34	0.01	10	5340	买盘
14:02:20	5.33	--	7	3731	卖盘
14:02:14	5.33	--	23	12259	卖盘
14:02:10	5.33	--	16	8528	卖盘
14:02:05	5.33	-0.01	29	15457	卖盘
14:01:59	5.34	0.01	68	36312	买盘
14:01:50	5.33	-0.01	25	13325	卖盘
14:01:35	5.34	0.01	51	27234	买盘
14:01:29	5.33	--	34	18122	卖盘
14:01:20	5.33	--	55	29315	卖盘
14:01:14	5.33	--	32	17056	卖盘
14:01:05	5.33	--	73	38909	卖盘
14:00:50	5.33	--	5	2665	卖盘
14:00:44	5.33	--	297	158301	卖盘
14:00:29	5.33	--	20	10660	卖盘
14:00:25	5.33	--	60	31980	卖盘
14:00:20	5.33	-0.01	4	2132	卖盘
14:00:05	5.34	0.01	1	534	买盘
13:59:59	5.33	-0.01	21	11193	卖盘
13:59:44	5.34	0.01	25	13350	买盘
13:59:34	5.33	--	168	89682	买盘
13:59:29	5.33	0.01	10	5330	买盘
13:59:14	5.32	-0.01	15	7980	卖盘
13:59:10	5.33	--	1	533	买盘
13:59:05	5.33	0.01	578	308074	买盘
13:58:50	5.32	--	41	21812	卖盘
13:58:44	5.32	--	2	1064	卖盘
13:58:35	5.32	-0.01	2	1064	卖盘
13:58:29	5.33	--	23	12259	买盘
13:58:25	5.33	--	30	15990	买盘
13:58:20	5.33	--	33	17589	买盘
13:58:14	5.33	--	55	29315	买盘
13:58:08	5.33	--	40	21320	买盘
13:57:59	5.33	0.01	1000	533000	买盘
13:57:53	5.32	--	17	9044	卖盘
13:57:44	5.32	--	71	37772	卖盘
13:57:29	5.32	--	145	77140	买盘
13:57:23	5.32	--	100	53200	买盘
13:57:14	5.32	--	252	134064	买盘
13:57:08	5.32	--	301	160132	买盘
13:56:53	5.32	--	28	14896	卖盘
13:56:49	5.32	--	305	162260	买盘
13:56:34	5.32	--	38	20216	买盘
13:56:23	5.32	--	15	7980	买盘
13:56:08	5.32	--	1	532	买盘
13:55:59	5.32	--	1	532	买盘
13:55:53	5.32	--	6	3192	买盘
13:55:44	5.32	--	1	532	买盘
13:55:19	5.32	--	30	15960	买盘
13:55:14	5.32	--	3	1596	买盘
13:55:08	5.32	--	57	30324	买盘
13:54:59	5.32	--	3	1596	买盘
13:54:29	5.32	0.01	97	51843	买盘
13:54:23	5.31	-0.01	146	77526	卖盘
13:54:08	5.32	--	1	532	买盘
13:54:04	5.32	--	24	12768	买盘
13:53:59	5.32	0.01	142	75544	买盘
13:53:53	5.31	--	24	12743	卖盘
13:53:43	5.31	--	72	38232	卖盘
13:53:38	5.31	--	74	39294	卖盘
13:53:13	5.31	-0.01	48	25487	卖盘
13:53:08	5.32	--	18	9576	买盘
13:52:59	5.32	--	0	0	中性盘
13:52:53	5.32	0.01	10	5320	卖盘
13:52:43	5.31	-0.01	110	58409	卖盘
13:52:38	5.32	--	9	4788	卖盘
13:52:29	5.32	--	17	9044	买盘
13:52:13	5.32	0.01	5	2660	中性盘
13:52:08	5.31	-0.02	10	5310	卖盘
13:51:53	5.33	0.02	54	28782	买盘
13:51:43	5.31	--	2	1062	卖盘
13:51:38	5.31	-0.01	56	29735	卖盘
13:51:32	5.32	--	30	15960	买盘
13:51:13	5.32	--	17	9044	买盘
13:51:08	5.32	--	43	22876	买盘
13:50:47	5.32	0.01	104	55328	买盘
13:50:43	5.31	--	2	1062	卖盘
13:50:38	5.31	-0.01	10	5310	卖盘
13:50:28	5.32	--	15	7980	买盘
13:50:23	5.32	--	2	1064	买盘
13:50:17	5.32	--	2	1064	买盘
13:50:13	5.32	--	56	29792	买盘
13:50:08	5.32	0.01	1	532	买盘
13:50:02	5.31	-0.01	40	21240	卖盘
13:49:58	5.32	0.01	1	532	买盘
13:49:53	5.31	-0.01	12	6371	卖盘
13:49:38	5.32	--	29	15428	买盘
13:49:23	5.32	--	10	5320	买盘
13:49:13	5.32	--	73	38836	买盘
13:49:02	5.32	--	79	42028	买盘
13:48:53	5.32	--	4	2394	卖盘
13:48:47	5.32	--	7	3724	卖盘
13:48:38	5.32	--	13	6916	卖盘
13:48:32	5.32	--	10	5320	卖盘
13:48:23	5.32	--	20	10640	卖盘
13:48:17	5.32	0.01	318	169442	买盘
13:47:47	5.31	--	293	155583	卖盘
13:47:43	5.31	--	64	33984	卖盘
13:47:28	5.31	-0.01	3	1592	卖盘
13:47:23	5.32	--	4	2128	买盘
13:47:17	5.32	0.01	50	26600	买盘
13:47:02	5.31	-0.01	80	42480	卖盘
13:46:43	5.32	0.01	3	1596	买盘
13:46:37	5.31	--	9	4779	卖盘
13:46:32	5.31	--	47	24956	卖盘
13:46:28	5.31	--	3	1592	卖盘
13:46:17	5.31	-0.01	43	22833	卖盘
13:46:13	5.32	--	50	26600	买盘
13:46:08	5.32	--	19	10108	买盘
13:46:02	5.32	0.01	10	5320	买盘
13:45:53	5.31	--	13	6902	卖盘
13:45:26	5.31	--	177	93987	卖盘
13:45:17	5.31	--	30	15929	卖盘
13:45:11	5.31	--	61	32390	卖盘
13:44:56	5.31	-0.01	31	16461	卖盘
13:44:26	5.32	--	10	5320	买盘
13:44:22	5.32	--	6	3192	买盘
13:44:07	5.32	--	40	21280	买盘
13:44:02	5.32	--	2	1064	买盘
13:43:26	5.32	0.01	50	26600	买盘
13:43:22	5.31	-0.01	12	6371	卖盘
13:43:17	5.32	--	20	10640	买盘
13:43:11	5.32	--	4	2394	卖盘
13:43:02	5.32	--	103	55062	买盘
13:42:56	5.32	0.01	273	145236	买盘
13:42:47	5.31	-0.01	47	24956	卖盘
13:42:41	5.32	--	20	10640	买盘
13:42:26	5.32	0.01	6	3192	买盘
13:42:17	5.31	--	110	58409	卖盘
13:42:11	5.31	--	10	5310	卖盘
13:42:02	5.31	--	20	10620	卖盘
13:41:56	5.31	--	4	2124	卖盘
13:41:52	5.31	--	10	5310	卖盘
13:41:41	5.31	--	22	11682	卖盘
13:41:37	5.31	--	122	64781	买盘
13:41:32	5.31	--	23	12213	买盘
13:41:26	5.31	--	10	5310	买盘
13:41:17	5.31	--	200	106199	买盘
13:41:11	5.31	--	87	46197	买盘
13:41:07	5.31	0.01	32	16992	买盘
13:41:01	5.3	--	63	33390	卖盘
13:40:52	5.3	--	5	2650	卖盘
13:40:46	5.3	-0.01	17	9010	卖盘
13:40:41	5.31	0.01	5	2655	买盘
13:40:26	5.3	--	1	530	卖盘
13:40:16	5.3	-0.01	100	53000	卖盘
13:39:56	5.31	0.01	134	71154	卖盘
13:39:46	5.3	-0.01	19	10070	卖盘
13:39:41	5.31	--	72	38518	买盘
13:39:36	5.31	--	139	73809	买盘
13:39:16	5.31	--	5	2655	买盘
13:39:11	5.31	--	58	30797	买盘
13:39:01	5.31	0.01	23	12213	买盘
13:38:56	5.3	-0.01	4	2120	卖盘
13:38:46	5.31	0.01	14	7433	买盘
13:38:41	5.3	-0.01	220	116600	卖盘
13:38:35	5.31	--	160	84960	买盘
13:38:20	5.31	--	6	3185	买盘
13:38:11	5.31	--	2	1062	买盘
13:37:56	5.31	--	554	294174	卖盘
13:37:41	5.31	-0.01	203	107792	卖盘
13:37:16	5.32	-0.01	267	142044	卖盘
13:37:11	5.33	0.01	11	5863	买盘
13:37:05	5.32	--	25	13300	卖盘
13:36:56	5.32	-0.01	27	14364	卖盘
13:36:46	5.33	--	9	4797	买盘
13:36:41	5.33	0.01	4	2132	买盘
13:36:26	5.32	--	32	17024	卖盘
13:36:20	5.32	--	2	1064	卖盘
13:36:05	5.32	--	115	61180	卖盘
13:36:01	5.32	--	20	10640	卖盘
13:35:50	5.32	--	62	32984	卖盘
13:35:46	5.32	-0.01	25	13300	卖盘
13:35:35	5.33	--	3	1599	买盘
13:35:26	5.33	0.01	47	25051	买盘
13:35:20	5.32	--	12	6384	卖盘
13:35:05	5.32	--	3	1596	卖盘
13:34:56	5.32	--	13	6916	卖盘
13:34:35	5.32	-0.01	20	10640	卖盘
13:34:20	5.33	--	25	13325	买盘
13:34:01	5.33	--	2	1066	买盘
13:33:50	5.33	--	10	5330	买盘
13:33:35	5.33	--	9	4797	买盘
13:33:25	5.33	--	4	2132	买盘
13:33:01	5.33	0.01	295	157235	买盘
13:32:55	5.32	-0.01	5	2660	卖盘
13:32:50	5.33	--	42	22386	买盘
13:32:45	5.33	--	8	4264	买盘
13:32:40	5.33	--	18	9594	买盘
13:32:20	5.33	0.01	1	533	买盘
13:32:14	5.32	-0.01	3	1596	卖盘
13:32:10	5.33	--	35	18655	买盘
13:32:05	5.33	--	73	38909	买盘
13:31:59	5.33	--	6	3198	买盘
13:31:35	5.33	--	12	6396	买盘
13:31:25	5.33	0.01	100	53300	买盘
13:31:14	5.32	--	10	5320	卖盘
13:31:10	5.32	-0.01	27	14364	卖盘
13:30:59	5.33	--	11	5863	买盘
13:30:50	5.33	--	21	11193	买盘
13:30:29	5.33	--	35	18655	买盘
13:30:20	5.33	--	2	1066	买盘
13:30:14	5.33	--	21	11193	卖盘
13:30:10	5.33	-0.01	7	3731	卖盘
13:29:59	5.34	0.01	35	18690	买盘
13:29:55	5.33	--	8	4264	买盘
13:29:50	5.33	--	74	39442	买盘
13:29:40	5.33	--	30	15990	卖盘
13:29:35	5.33	--	1	533	卖盘
13:29:20	5.33	--	25	13325	卖盘
13:29:14	5.33	--	23	12259	卖盘
13:29:05	5.33	-0.01	248	132184	卖盘
13:28:55	5.34	--	23	12282	买盘
13:28:50	5.34	0.01	35	18690	买盘
13:28:44	5.33	--	91	48503	卖盘
13:28:39	5.33	--	20	10660	卖盘
13:28:35	5.33	--	4	2132	卖盘
13:28:29	5.33	--	77	41041	卖盘
13:28:24	5.33	--	7	3731	卖盘
13:28:20	5.33	--	30	15990	卖盘
13:28:14	5.33	--	17	9061	卖盘
13:27:59	5.33	-0.01	21	11193	卖盘
13:27:34	5.34	--	86	45924	买盘
13:27:19	5.34	--	354	189281	卖盘
13:27:14	5.34	--	76	40872	卖盘
13:27:04	5.34	--	109	58206	卖盘
13:26:59	5.34	-0.01	1120	598080	卖盘
13:26:44	5.35	--	25	13375	买盘
13:26:24	5.35	--	36	19260	买盘
13:25:59	5.35	--	1	829	卖盘
13:25:53	5.35	--	744	398040	卖盘
13:25:49	5.35	--	30	16049	卖盘
13:25:38	5.35	-0.01	124	66340	卖盘
13:25:29	5.36	0.01	60	32160	买盘
13:25:23	5.35	--	50	26750	卖盘
13:25:19	5.35	--	10	5350	卖盘
13:25:14	5.35	--	220	117699	卖盘
13:25:08	5.35	-0.01	32	17120	卖盘
13:25:04	5.36	0.01	2	1072	买盘
13:24:59	5.35	-0.01	80	42800	卖盘
13:24:53	5.36	0.01	109	58424	买盘
13:24:44	5.35	--	5	2675	卖盘
13:24:23	5.35	--	10	5350	卖盘
13:24:08	5.35	--	2	1070	卖盘
13:23:53	5.35	--	13	6954	卖盘
13:23:49	5.35	--	20	10700	卖盘
13:23:38	5.35	--	0	192	卖盘
13:23:29	5.35	--	54	28889	卖盘
13:23:23	5.35	-0.01	5	2675	卖盘
13:23:14	5.36	0.01	110	58960	买盘
13:23:08	5.35	--	1	535	卖盘
13:23:04	5.35	--	80	42848	买盘
13:22:59	5.35	--	1	535	买盘
13:22:44	5.35	--	43	23491	卖盘
13:22:38	5.35	-0.01	30	16049	卖盘
13:22:29	5.36	0.01	219	117384	买盘
13:22:23	5.35	--	61	32634	卖盘
13:22:14	5.35	--	108	57779	卖盘
13:22:08	5.35	-0.01	561	300135	卖盘
13:22:04	5.36	0.01	20	10720	买盘
13:21:59	5.35	--	97	51895	卖盘
13:21:53	5.35	--	12	6420	卖盘
13:21:48	5.35	--	10	5350	卖盘
13:21:44	5.35	--	80	42800	卖盘
13:21:38	5.35	--	100	53500	卖盘
13:21:29	5.35	--	36	19260	卖盘
13:21:22	5.35	--	215	115024	卖盘
13:21:13	5.35	--	70	37450	卖盘
13:21:08	5.35	--	13	6954	卖盘
13:20:43	5.35	--	75	40125	卖盘
13:20:33	5.35	--	5	2675	卖盘
13:20:28	5.35	--	2	1070	卖盘
13:20:23	5.35	--	1	535	卖盘
13:20:13	5.35	--	10	5350	卖盘
13:20:07	5.35	-0.01	0	48	卖盘
13:20:03	5.36	--	57	30552	买盘
13:19:58	5.36	0.01	10	5360	买盘
13:19:53	5.35	-0.01	15	8024	卖盘
13:19:48	5.36	--	1	536	买盘
13:19:43	5.36	0.01	14	7504	买盘
13:19:38	5.35	-0.01	5	2675	卖盘
13:19:33	5.36	--	1	536	买盘
13:19:28	5.36	--	156	83616	买盘
13:19:23	5.36	--	60	32160	买盘
13:19:17	5.36	--	115	61640	买盘
13:18:47	5.36	0.01	11	5896	买盘
13:18:38	5.35	-0.01	35	18725	卖盘
13:18:32	5.36	0.01	2	1072	买盘
13:18:28	5.35	-0.01	8	4280	卖盘
13:18:23	5.36	--	1	536	买盘
13:18:13	5.36	--	25	13400	买盘
13:18:08	5.36	0.01	51	27336	买盘
13:18:02	5.35	-0.01	8	4280	卖盘
13:17:58	5.36	0.01	81	43416	买盘
13:17:53	5.35	-0.01	5	2675	卖盘
13:17:43	5.36	--	2	1072	买盘
13:17:38	5.36	--	2	1072	买盘
13:17:28	5.36	0.01	8	4288	买盘
13:17:08	5.35	-0.01	2	1070	卖盘
13:17:02	5.36	--	240	128640	买盘
13:16:58	5.36	--	18	9648	买盘
13:16:47	5.36	--	4	2144	买盘
13:16:38	5.36	0.01	25	13400	买盘
13:16:23	5.35	--	1	535	卖盘
13:16:17	5.35	--	7	3744	卖盘
13:16:13	5.35	--	4	2140	卖盘
13:16:08	5.35	-0.01	130	69550	卖盘
13:15:43	5.36	0.01	20	10720	买盘
13:15:38	5.35	-0.01	5	2675	卖盘
13:15:28	5.36	0.01	181	97016	买盘
13:15:17	5.35	-0.01	5	2675	卖盘
13:15:08	5.36	0.01	46	24656	买盘
13:14:57	5.35	-0.01	5	2675	卖盘
13:14:53	5.36	0.01	95	50920	买盘
13:14:47	5.35	-0.01	58	31029	卖盘
13:14:22	5.36	--	60	32160	买盘
13:14:17	5.36	--	6	3216	买盘
13:14:12	5.36	0.01	100	53600	买盘
13:14:07	5.35	-0.01	15	8024	卖盘
13:14:02	5.36	0.01	77	41272	买盘
13:13:57	5.35	--	30	16049	卖盘
13:13:52	5.35	--	101	54035	卖盘
13:13:32	5.35	-0.01	6	3210	买盘
13:13:22	5.36	--	119	63784	买盘
13:13:17	5.36	--	0	0	买盘
13:13:12	5.36	0.01	270	144720	买盘
13:13:07	5.35	-0.01	1	535	卖盘
13:13:02	5.36	0.01	380	203680	买盘
13:12:52	5.35	-0.01	8	4280	卖盘
13:12:47	5.36	0.01	104	55744	买盘
13:12:41	5.35	--	3	1605	卖盘
13:12:37	5.35	--	1	535	卖盘
13:12:32	5.35	--	48	25680	卖盘
13:12:22	5.35	-0.01	7	3744	卖盘
13:12:11	5.36	--	5	2680	买盘
13:12:07	5.36	0.01	20	10720	买盘
13:12:02	5.35	--	1	535	卖盘
13:11:56	5.35	--	11	5885	卖盘
13:11:52	5.35	--	1	535	卖盘
13:11:41	5.35	-0.01	40	21400	卖盘
13:11:37	5.36	0.01	62	33232	买盘
13:11:32	5.35	--	136	72760	买盘
13:11:26	5.35	-0.01	35	18725	卖盘
13:11:21	5.36	--	100	53600	买盘
13:11:17	5.36	0.01	13	6968	买盘
13:11:11	5.35	--	418	223629	卖盘
13:11:07	5.35	-0.01	100	53500	卖盘
13:11:02	5.36	0.01	60	32160	买盘
13:10:56	5.35	--	60	32099	卖盘
13:10:52	5.35	--	10	5350	卖盘
13:10:47	5.35	-0.01	10	5350	卖盘
13:10:41	5.36	0.01	86	46096	买盘
13:10:37	5.35	--	2	1070	卖盘
13:10:32	5.35	--	200	107000	卖盘
13:10:26	5.35	-0.01	10	5350	卖盘
13:10:22	5.36	0.01	70	37520	买盘
13:10:17	5.35	--	453	242354	卖盘
13:10:02	5.35	--	38	20330	卖盘
13:09:56	5.35	--	2	1070	卖盘
13:09:32	5.35	--	20	10700	卖盘
13:09:17	5.35	--	30	16049	卖盘
13:09:11	5.35	-0.01	11	5885	卖盘
13:09:07	5.36	0.01	69	36984	买盘
13:09:02	5.35	--	53	28354	卖盘
13:08:55	5.35	--	11	5885	卖盘
13:08:52	5.35	--	15	8024	卖盘
13:08:32	5.35	--	254	135890	卖盘
13:08:25	5.35	0.01	573	306555	买盘
13:08:21	5.34	-0.01	50	26700	卖盘
13:08:17	5.35	0.01	6	3210	买盘
13:08:06	5.34	--	117	62478	卖盘
13:07:55	5.34	--	59	31506	卖盘
13:07:46	5.34	--	26	13884	卖盘
13:07:36	5.34	--	1	534	卖盘
13:07:31	5.34	--	20	10680	卖盘
13:07:21	5.34	-0.01	12	6408	卖盘
13:06:41	5.35	--	3	1605	卖盘
13:06:16	5.35	--	5	2675	卖盘
13:06:06	5.35	-0.01	8	4280	卖盘
13:06:01	5.36	0.01	74	39664	买盘
13:05:56	5.35	--	27	14444	卖盘
13:05:50	5.35	-0.01	30	16049	卖盘
13:05:46	5.36	--	10	5360	买盘
13:05:41	5.36	0.01	59	31624	买盘
13:05:20	5.35	--	16	8560	卖盘
13:05:11	5.35	--	1	535	卖盘
13:05:01	5.35	--	78	41730	卖盘
13:04:56	5.35	--	20	10700	卖盘
13:04:45	5.35	--	33	17655	卖盘
13:04:41	5.35	--	10	5350	卖盘
13:04:35	5.35	--	28	14979	买盘
13:04:31	5.35	--	13	6954	买盘
13:04:20	5.35	0.01	19	10165	买盘
13:04:16	5.34	--	0	0	卖盘
13:04:05	5.34	--	8	4272	卖盘
13:03:50	5.34	--	1	534	卖盘
13:03:41	5.34	-0.02	30	16020	卖盘
13:03:35	5.36	--	104	55744	买盘
13:03:05	5.36	--	20	10720	买盘
13:02:56	5.36	0.01	165	88440	买盘
13:02:49	5.35	--	30	16049	卖盘
13:02:34	5.35	--	16	8560	卖盘
13:02:26	5.35	-0.01	1	535	卖盘
13:02:20	5.36	--	119	63784	买盘
13:02:15	5.36	--	300	160800	买盘
13:02:01	5.36	--	1	536	买盘
13:01:56	5.36	--	56	30016	买盘
13:01:50	5.36	--	409	219224	买盘
13:01:45	5.36	--	20	10720	买盘
13:01:35	5.36	--	93	49848	买盘
13:01:30	5.36	0.01	115	61640	买盘
13:01:26	5.35	--	212	113419	卖盘
13:01:20	5.35	-0.01	58	31029	卖盘
13:01:15	5.36	--	20	10720	买盘
13:01:10	5.36	0.01	29	15544	买盘
13:01:00	5.35	-0.01	30	16049	卖盘
13:00:55	5.36	0.01	201	107736	买盘
13:00:49	5.35	--	10	5350	卖盘
13:00:45	5.35	--	1	535	卖盘
13:00:35	5.35	-0.01	10	5350	卖盘
13:00:30	5.36	0.01	11	5896	买盘
13:00:25	5.35	--	131	70085	卖盘
13:00:20	5.35	--	30	16049	卖盘
13:00:15	5.35	--	24	12840	卖盘
13:00:10	5.35	0.02	2013	1076955	买盘
13:00:05	5.33	--	474	252700	买盘
11:30:00	5.33	--	0	0	买盘
11:29:59	5.33	--	0	0	买盘
11:29:59	5.33	--	18	9594	买盘
11:29:55	5.33	--	8	4264	买盘
11:29:46	5.33	--	6	3198	买盘
11:29:36	5.33	0.01	10	5330	买盘
11:29:25	5.32	-0.01	15	7980	卖盘
11:28:46	5.33	0.01	63	33579	买盘
11:28:31	5.32	--	13	6916	卖盘
11:28:25	5.32	--	240	127680	买盘
11:28:16	5.32	0.01	4	2128	买盘
11:28:10	5.31	-0.01	10	5310	卖盘
11:28:06	5.32	0.01	8	4256	买盘
11:28:01	5.31	-0.01	28	14867	卖盘
11:27:55	5.32	0.01	7	3724	买盘
11:27:46	5.31	-0.01	10	5310	卖盘
11:27:40	5.32	--	21	11172	买盘
11:27:31	5.32	--	32	17024	买盘
11:27:25	5.32	--	23	12236	买盘
11:27:16	5.32	--	1	532	买盘
11:27:10	5.32	--	13	6916	买盘
11:27:06	5.32	0.01	20	10640	买盘
11:26:55	5.31	--	5	2655	卖盘
11:26:31	5.31	--	74	39294	卖盘
11:26:25	5.31	--	10	5310	卖盘
11:26:21	5.31	0.01	13	6902	中性盘
11:26:16	5.3	-0.02	84	44520	卖盘
11:26:10	5.32	--	70	37240	买盘
11:26:06	5.32	0.01	15	7980	买盘
11:26:01	5.31	--	30	15929	卖盘
11:25:51	5.31	--	44	23364	买盘
11:25:46	5.31	--	5	2655	买盘
11:25:40	5.31	--	10	5310	买盘
11:25:31	5.31	-0.01	76	40356	卖盘
11:25:25	5.32	--	13	6916	买盘
11:25:19	5.32	0.01	9	4788	买盘
11:25:16	5.31	--	5	2655	卖盘
11:25:04	5.31	--	12	6371	卖盘
11:24:46	5.31	--	1	531	卖盘
11:24:40	5.31	--	12	6371	卖盘
11:24:34	5.31	--	54	28673	买盘
11:24:25	5.31	--	22	11682	买盘
11:24:19	5.31	--	36	19116	买盘
11:24:10	5.31	--	16	8496	卖盘
11:24:04	5.31	--	1	531	卖盘
11:24:00	5.31	-0.01	10	5310	卖盘
11:23:55	5.32	0.01	2	1064	买盘
11:23:34	5.31	--	1	531	买盘
11:23:30	5.31	0.01	130	69030	买盘
11:23:25	5.3	-0.01	12	6360	卖盘
11:23:19	5.31	--	34	18054	买盘
11:23:04	5.31	--	160	84960	买盘
11:23:00	5.31	--	2	1062	买盘
11:22:55	5.31	--	43	22833	买盘
11:22:49	5.31	0.01	50	26549	买盘
11:22:45	5.3	-0.01	489	259170	卖盘
11:22:40	5.31	--	65	34515	买盘
11:22:30	5.31	--	65	34515	买盘
11:22:25	5.31	0.01	16	8496	买盘
11:22:19	5.3	--	9	4770	卖盘
11:22:10	5.3	-0.01	20	10600	卖盘
11:22:04	5.31	0.01	40	21240	买盘
11:22:00	5.3	-0.01	10	5300	卖盘
11:21:55	5.31	0.01	85	45135	买盘
11:21:49	5.3	-0.01	19	10070	卖盘
11:21:40	5.31	0.01	20	10620	买盘
11:21:19	5.3	--	12	6360	卖盘
11:21:15	5.3	-0.01	10	5300	卖盘
11:21:10	5.31	0.01	3	1592	买盘
11:21:04	5.3	--	10	5300	卖盘
11:20:55	5.3	--	37	19610	卖盘
11:20:49	5.3	--	82	43460	买盘
11:20:45	5.3	--	1	530	买盘
11:20:40	5.3	--	328	173840	买盘
11:20:34	5.3	--	111	58830	卖盘
11:20:19	5.3	--	10	5300	卖盘
11:20:15	5.3	0.01	1	530	买盘
11:20:10	5.29	-0.01	83	43907	卖盘
11:20:04	5.3	0.01	15	7950	买盘
11:19:49	5.29	-0.03	1802	953258	卖盘
11:19:45	5.32	--	50	26600	买盘
11:19:40	5.32	0.01	26	13832	买盘
11:19:34	5.31	--	149	79119	卖盘
11:19:30	5.31	-0.01	10	5310	卖盘
11:19:25	5.32	--	6	3192	买盘
11:19:19	5.32	--	3	1596	买盘
11:19:10	5.32	--	76	40432	买盘
11:18:55	5.32	--	90	47880	买盘
11:18:49	5.32	--	4	2128	买盘
11:18:43	5.32	-0.01	380	202160	卖盘
11:18:28	5.33	0.01	6	3198	买盘
11:18:25	5.32	--	19	10108	卖盘
11:18:19	5.32	--	10	5320	卖盘
11:18:13	5.32	-0.01	166	88312	卖盘
11:18:04	5.33	0.01	3	1599	买盘
11:17:24	5.32	-0.01	1	532	卖盘
11:17:19	5.33	0.01	6	3198	买盘
11:17:13	5.32	-0.01	12	6384	卖盘
11:16:58	5.33	0.01	10	5330	买盘
11:16:49	5.32	--	10	5320	卖盘
11:16:19	5.32	--	4	2128	卖盘
11:16:13	5.32	--	19	10108	卖盘
11:16:09	5.32	--	20	10640	卖盘
11:15:58	5.32	-0.01	310	164920	卖盘
11:15:49	5.33	--	30	15990	买盘
11:15:39	5.33	0.01	62	33046	买盘
11:15:34	5.32	-0.01	1	532	卖盘
11:15:28	5.33	0.01	10	5330	买盘
11:15:04	5.32	-0.01	212	112784	卖盘
11:14:58	5.33	--	100	53300	买盘
11:14:49	5.33	--	124	66092	买盘
11:14:43	5.33	0.01	301	160433	买盘
11:14:39	5.32	-0.01	21	11172	卖盘
11:14:34	5.33	--	5	2665	买盘
11:14:28	5.33	--	2	1066	买盘
11:14:19	5.33	--	100	53779	卖盘
11:14:04	5.33	--	36	19241	买盘
11:13:58	5.33	--	56	29848	买盘
11:13:54	5.33	--	26	13858	买盘
11:13:49	5.33	--	66	35178	买盘
11:13:34	5.33	--	253	134849	买盘
11:13:28	5.33	--	20	10660	买盘
11:13:19	5.33	--	4	2132	买盘
11:13:13	5.33	--	1	533	买盘
11:13:09	5.33	--	10	5330	买盘
11:13:04	5.33	--	73	38909	买盘
11:12:58	5.33	--	110	58630	买盘
11:12:49	5.33	--	30	15990	买盘
11:12:43	5.33	--	29	15457	买盘
11:12:37	5.33	--	34	18122	卖盘
11:12:34	5.33	--	26	13858	买盘
11:12:28	5.33	--	6	3198	卖盘
11:12:22	5.33	--	23	12259	买盘
11:12:19	5.33	--	53	28249	买盘
11:12:13	5.33	--	46	24518	买盘
11:12:07	5.33	--	21	11193	买盘
11:12:04	5.33	--	30	15990	买盘
11:11:58	5.33	--	53	28249	买盘
11:11:52	5.33	-0.01	374	199342	卖盘
11:11:43	5.34	--	4	2136	买盘
11:11:33	5.34	0.01	8	4272	买盘
11:11:28	5.33	-0.01	380	202540	卖盘
11:11:22	5.34	--	25	13350	买盘
11:11:18	5.34	--	2	1068	买盘
11:11:13	5.34	--	58	30972	买盘
11:11:07	5.34	-0.01	65	34710	卖盘
11:10:58	5.35	0.01	6	3210	买盘
11:10:52	5.34	--	13	6942	买盘
11:10:48	5.34	0.01	100	53400	买盘
11:10:43	5.33	--	501	267033	卖盘
11:10:33	5.33	--	3	1599	卖盘
11:10:28	5.33	0.01	224	119392	买盘
11:10:22	5.32	-0.01	24	12768	卖盘
11:10:07	5.33	0.01	10	5330	买盘
11:10:03	5.32	-0.01	46	24472	卖盘
11:09:52	5.33	-0.01	534	284622	卖盘
11:09:48	5.34	--	1	534	买盘
11:09:28	5.34	--	15	8010	买盘
11:09:22	5.34	--	29	15486	买盘
11:09:18	5.34	0.01	1	534	买盘
11:09:13	5.33	--	5	2665	卖盘
11:09:07	5.33	-0.01	95	50635	卖盘
11:08:58	5.34	--	20	10680	买盘
11:08:48	5.34	--	177	94518	卖盘
11:08:43	5.34	--	10	5340	卖盘
11:08:37	5.34	--	16	8544	卖盘
11:08:33	5.34	--	54	28836	卖盘
11:08:28	5.34	-0.01	31	16554	卖盘
11:08:22	5.35	--	32	17120	买盘
11:08:13	5.35	--	14	7489	买盘
11:08:07	5.35	0.01	19	10165	买盘
11:08:03	5.34	--	264	140976	卖盘
11:07:58	5.34	-0.01	113	60342	卖盘
11:07:43	5.35	0.01	20	10700	买盘
11:07:37	5.34	-0.01	41	21894	卖盘
11:07:28	5.35	0.01	1	535	买盘
11:07:22	5.34	--	60	32040	卖盘
11:07:18	5.34	-0.01	30	16020	卖盘
11:07:13	5.35	--	60	32099	买盘
11:07:07	5.35	--	15	8024	买盘
11:07:03	5.35	--	27	14444	买盘
11:06:52	5.35	--	57	30494	买盘
11:06:43	5.35	--	73	39055	买盘
11:06:37	5.35	--	26	13909	买盘
11:06:31	5.35	--	12	6420	买盘
11:06:22	5.35	--	3	1605	买盘
11:06:16	5.35	--	6	3210	买盘
11:06:13	5.35	--	178	95230	买盘
11:06:01	5.35	0.01	10	5350	买盘
11:05:52	5.34	--	15	8010	卖盘
11:05:46	5.34	--	2	1068	卖盘
11:05:37	5.34	--	4	2136	卖盘
11:05:16	5.34	--	100	53400	卖盘
11:05:07	5.34	--	10	5340	卖盘
11:05:01	5.34	--	10	5340	卖盘
11:04:37	5.34	-0.01	3	1602	卖盘
11:04:31	5.35	0.01	23	12305	买盘
11:04:16	5.34	-0.01	29	15486	卖盘
11:04:07	5.35	--	64	34240	卖盘
11:03:57	5.35	--	18	9630	卖盘
11:03:52	5.35	--	206	110209	卖盘
11:03:46	5.35	--	18	9630	卖盘
11:03:37	5.35	--	27	14444	卖盘
11:03:31	5.35	--	52	27819	卖盘
11:03:27	5.35	--	60	32099	卖盘
11:03:22	5.35	-0.01	4	2140	卖盘
11:03:12	5.36	--	10	5360	买盘
11:03:07	5.36	--	62	33232	买盘
11:03:01	5.36	--	24	12864	买盘
11:02:57	5.36	0.01	8	4288	买盘
11:02:52	5.35	-0.01	681	364335	卖盘
11:02:46	5.36	--	10	5360	买盘
11:02:42	5.36	--	4	2144	买盘
11:02:37	5.36	--	117	62712	买盘
11:02:31	5.36	--	21	11256	买盘
11:02:27	5.36	--	3	1608	买盘
11:02:22	5.36	--	1	536	买盘
11:02:16	5.36	--	18	9648	买盘
11:02:07	5.36	--	12	6432	买盘
11:02:01	5.36	--	402	215472	卖盘
11:01:57	5.36	--	82	43952	卖盘
11:01:52	5.36	--	39	20904	卖盘
11:01:46	5.36	--	30	16080	卖盘
11:01:37	5.36	--	2	1072	卖盘
11:01:31	5.36	--	144	77184	卖盘
11:01:16	5.36	-0.01	152	81472	卖盘
11:01:12	5.37	--	100	53700	买盘
11:01:07	5.37	--	310	166470	卖盘
11:01:01	5.37	--	61	32757	卖盘
11:00:57	5.37	--	9	4833	卖盘
11:00:52	5.37	0.01	496	266352	买盘
11:00:46	5.36	-0.01	75	40200	卖盘
11:00:37	5.37	--	21	11277	买盘
11:00:31	5.37	--	20	10740	买盘
11:00:27	5.37	--	21	11277	买盘
11:00:22	5.37	--	129	69273	买盘
11:00:16	5.37	--	55	29535	买盘
11:00:07	5.37	-0.01	7	3759	买盘
10:59:52	5.38	0.01	300	161400	买盘
10:59:46	5.37	--	26	13962	卖盘
10:59:40	5.37	--	158	84846	卖盘
10:59:31	5.37	--	188	100956	买盘
10:59:25	5.37	-0.01	76	40812	中性盘
10:59:22	5.38	0.01	202	108676	买盘
10:59:16	5.37	--	23	12351	买盘
10:59:10	5.37	--	126	67662	卖盘
10:59:07	5.37	-0.01	47	25239	卖盘
10:59:01	5.38	--	100	53800	买盘
10:58:55	5.38	0.01	258	138804	买盘
10:58:51	5.37	-0.01	182	97734	卖盘
10:58:46	5.38	--	227	122126	买盘
10:58:40	5.38	--	5	2690	买盘
10:58:36	5.38	0.01	27	14526	买盘
10:58:31	5.37	-0.01	289	155644	卖盘
10:58:25	5.38	-0.01	100	53800	卖盘
10:58:21	5.39	--	18	9702	买盘
10:58:16	5.39	--	61	32879	买盘
10:58:10	5.39	--	101	54439	买盘
10:58:06	5.39	--	52	28028	买盘
10:58:01	5.39	-0.01	130	70070	卖盘
10:57:55	5.4	0.01	359	193860	买盘
10:57:51	5.39	--	10	5390	卖盘
10:57:46	5.39	--	250	134750	卖盘
10:57:40	5.39	--	505	272195	卖盘
10:57:36	5.39	--	333	179573	买盘
10:57:31	5.39	0.01	528	284592	买盘
10:57:25	5.38	-0.01	125	67250	卖盘
10:57:21	5.39	0.01	58	31261	买盘
10:57:16	5.38	-0.01	604	324952	卖盘
10:57:10	5.39	0.01	1012	545468	买盘
10:57:06	5.38	-0.01	44	23672	卖盘
10:57:01	5.39	0.01	142	76538	买盘
10:56:55	5.38	--	444	238872	买盘
10:56:51	5.38	--	48	25824	买盘
10:56:46	5.38	0.01	1029	553602	买盘
10:56:40	5.37	-0.01	20	10740	卖盘
10:56:36	5.38	0.01	18	9684	买盘
10:56:31	5.37	--	539	289604	买盘
10:56:25	5.37	--	211	113307	买盘
10:56:21	5.37	0.01	289	155193	买盘
10:56:16	5.36	-0.01	1	536	卖盘
10:56:10	5.37	0.01	15	8055	买盘
10:56:06	5.36	0.01	2	1072	买盘
10:56:01	5.35	--	115	61524	买盘
10:55:55	5.35	--	186	99510	买盘
10:55:51	5.35	-0.01	282	150870	卖盘
10:55:46	5.36	-0.01	7	3752	卖盘
10:55:40	5.37	0.02	1963	1054131	买盘
10:55:36	5.35	-0.01	60	32099	卖盘
10:55:31	5.36	0.01	24	12864	买盘
10:55:25	5.35	--	1	535	卖盘
10:55:21	5.35	--	46	24610	买盘
10:55:16	5.35	0.01	289	154615	买盘
10:55:10	5.34	-0.01	40	21360	卖盘
10:55:06	5.35	--	5	2675	买盘
10:55:01	5.35	0.01	152	81320	买盘
10:54:55	5.34	-0.01	20	10680	卖盘
10:54:51	5.35	0.01	551	294785	买盘
10:54:46	5.34	-0.01	200	106800	卖盘
10:54:40	5.35	--	11	5885	买盘
10:54:36	5.35	--	38	20330	买盘
10:54:25	5.35	--	205	109674	买盘
10:54:10	5.35	0.01	69	36915	买盘
10:54:04	5.34	-0.01	68	36312	卖盘
10:54:01	5.35	--	129	69015	买盘
10:53:55	5.35	--	78	41730	买盘
10:53:49	5.35	0.01	111	59384	买盘
10:53:46	5.34	-0.01	23	12282	卖盘
10:53:40	5.35	--	25	13375	买盘
10:53:34	5.35	--	31	16585	买盘
10:53:31	5.35	0.01	50	26750	买盘
10:53:25	5.34	-0.01	161	85974	卖盘
10:53:19	5.35	--	48	25680	买盘
10:53:16	5.35	--	10	5350	买盘
10:53:10	5.35	0.01	55	29424	买盘
10:53:00	5.34	--	246	131364	卖盘
10:52:55	5.34	--	4	2136	卖盘
10:52:49	5.34	0.01	1468	783912	买盘
10:52:46	5.33	--	20	10660	买盘
10:52:34	5.33	--	8	4264	买盘
10:52:30	5.33	--	253	134849	买盘
10:52:25	5.33	--	10	5330	买盘
10:52:19	5.33	0.01	35	18655	买盘
10:52:10	5.32	-0.01	113	60116	卖盘
10:52:00	5.33	--	5	2665	买盘
10:51:55	5.33	0.01	32	17056	买盘
10:51:49	5.32	-0.01	32	17024	卖盘
10:51:40	5.33	--	208	110864	买盘
10:51:34	5.33	--	2	1066	买盘
10:51:19	5.33	--	1	533	买盘
10:51:10	5.33	--	40	21320	买盘
10:51:04	5.33	0.01	119	63427	买盘
10:51:00	5.32	-0.01	37	19684	卖盘
10:50:55	5.33	--	43	22919	卖盘
10:50:45	5.33	--	29	15457	买盘
10:50:40	5.33	--	91	48503	买盘
10:50:34	5.33	--	313	166829	卖盘
10:50:30	5.33	--	206	109798	买盘
10:50:25	5.33	--	28	14924	买盘
10:50:19	5.33	0.01	5	2665	买盘
10:50:15	5.32	-0.01	32	17024	卖盘
10:50:10	5.33	--	169	90077	买盘
10:50:04	5.33	--	44	23452	买盘
10:50:00	5.33	--	6	3198	买盘
10:49:55	5.33	0.01	22	11726	买盘
10:49:49	5.32	-0.01	134	71288	卖盘
10:49:30	5.33	0.01	146	77818	买盘
10:49:25	5.32	--	30	15960	卖盘
10:49:19	5.32	-0.01	11	5852	卖盘
10:49:15	5.33	--	41	21853	买盘
10:49:10	5.33	0.01	27	14391	买盘
10:49:04	5.32	0.01	96	51072	卖盘
10:48:55	5.31	--	5	2655	卖盘
10:48:49	5.31	-0.01	46	24426	卖盘
10:48:45	5.32	--	16	8512	卖盘
10:48:40	5.32	-0.01	5	2660	中性盘
10:48:34	5.33	0.01	1159	617747	买盘
10:48:25	5.32	--	33	17556	买盘
10:48:19	5.32	--	71	37772	买盘
10:48:15	5.32	--	1	532	买盘
10:48:10	5.32	--	25	13300	买盘
10:48:04	5.32	0.01	33	17556	买盘
10:47:55	5.31	--	13	6902	卖盘
10:47:49	5.31	-0.01	19	10089	卖盘
10:47:40	5.32	--	10	5320	买盘
10:47:34	5.32	--	71	37772	买盘
10:47:19	5.32	--	117	62244	买盘
10:47:13	5.32	0.01	50	26600	买盘
10:47:10	5.31	--	345	183195	卖盘
10:46:49	5.31	--	15	7964	买盘
10:46:43	5.31	--	6	3185	买盘
10:46:34	5.31	--	183	97173	卖盘
10:46:28	5.31	--	258	136998	买盘
10:46:19	5.31	--	267	141777	买盘
10:46:13	5.31	--	2	1062	买盘
10:46:09	5.31	0.01	38	20178	买盘
10:46:04	5.3	-0.01	40	21200	卖盘
10:45:58	5.31	--	40	21240	买盘
10:45:54	5.31	--	25	13274	买盘
10:45:34	5.31	--	321	170451	卖盘
10:45:19	5.31	-0.01	40	21240	卖盘
10:45:13	5.32	0.01	9	4788	买盘
10:45:04	5.31	--	3	1592	卖盘
10:44:58	5.31	--	19	10089	卖盘
10:44:49	5.31	-0.01	3	1592	卖盘
10:44:43	5.32	--	11	5852	买盘
10:44:39	5.32	--	1	532	买盘
10:44:28	5.32	0.01	30	15960	买盘
10:44:19	5.31	--	9	4779	卖盘
10:44:13	5.31	--	10	5310	卖盘
10:44:09	5.31	--	6	3185	卖盘
10:44:04	5.31	-0.01	220	116819	卖盘
10:43:58	5.32	0.01	12	6384	买盘
10:43:54	5.31	--	34	18054	卖盘
10:43:49	5.31	-0.01	116	61595	卖盘
10:43:43	5.32	0.01	16	8512	买盘
10:43:34	5.31	--	30	15929	卖盘
10:43:28	5.31	--	100	53099	卖盘
10:43:24	5.31	--	15	7964	卖盘
10:43:19	5.31	--	25	13274	卖盘
10:43:13	5.31	--	86	45666	卖盘
10:42:58	5.31	--	10	5310	卖盘
10:42:49	5.31	-0.01	30	15929	卖盘
10:42:43	5.32	0.01	11	5852	买盘
10:42:39	5.31	--	10	5310	卖盘
10:42:34	5.31	-0.01	142	75402	卖盘
10:42:24	5.32	0.01	4	2128	买盘
10:42:13	5.31	-0.01	42	22302	卖盘
10:42:04	5.32	--	135	71820	买盘
10:41:54	5.32	--	50	26600	买盘
10:41:49	5.32	--	42	22344	买盘
10:41:43	5.32	--	82	43624	买盘
10:41:39	5.32	--	5	2660	买盘
10:41:28	5.32	--	24	12768	买盘
10:41:19	5.32	0.01	100	53200	买盘
10:41:13	5.31	-0.01	118	62657	卖盘
10:41:07	5.32	0.01	7	3724	买盘
10:41:04	5.31	-0.01	69	36639	卖盘
10:40:58	5.32	0.01	64	34048	买盘
10:40:52	5.31	--	53	28142	卖盘
10:40:43	5.31	-0.01	32	16992	卖盘
10:40:28	5.32	--	72	38304	买盘
10:40:22	5.32	--	50	26600	买盘
10:40:19	5.32	--	5	2660	买盘
10:40:13	5.32	--	23	12236	买盘
10:40:07	5.32	--	90	47880	买盘
10:40:03	5.32	-0.01	71	37772	买盘
10:39:58	5.33	0.01	143	76219	买盘
10:39:52	5.32	--	160	85120	买盘
10:39:43	5.32	--	9	4788	买盘
10:39:37	5.32	-0.01	269	143108	卖盘
10:39:33	5.33	--	10	5330	买盘
10:39:28	5.33	--	59	31447	买盘
10:39:22	5.33	-0.01	611	325663	卖盘
10:39:18	5.34	--	182	97188	买盘
10:39:13	5.34	--	180	96120	买盘
10:39:07	5.34	--	135	72090	买盘
10:39:03	5.34	--	511	272874	买盘
10:38:58	5.34	--	22	11748	买盘
10:38:52	5.34	0.01	72	38448	买盘
10:38:48	5.33	0.01	89	47437	买盘
10:38:43	5.32	-0.01	268	142576	卖盘
10:38:37	5.33	--	482	256906	买盘
10:38:33	5.33	0.01	543	289419	买盘
10:38:28	5.32	--	1	532	卖盘
10:38:22	5.32	--	118	62776	买盘
10:38:18	5.32	--	220	117040	买盘
10:38:13	5.32	--	199	105868	买盘
10:38:07	5.32	0.01	78	41496	买盘
10:37:52	5.31	--	14	7433	卖盘
10:37:48	5.31	0.01	86	45666	买盘
10:37:37	5.3	--	139	73670	买盘
10:37:33	5.3	--	38	20140	买盘
10:37:28	5.3	--	23	12190	买盘
10:37:22	5.3	0.01	507	268710	买盘
10:37:18	5.29	-0.01	6	3174	卖盘
10:37:13	5.3	--	37	19610	买盘
10:37:07	5.3	--	722	382660	买盘
10:36:58	5.3	--	57	30210	买盘
10:36:52	5.3	--	111	58830	买盘
10:36:48	5.3	--	71	37630	买盘
10:36:43	5.3	--	485	257050	买盘
10:36:37	5.3	--	101	53530	买盘
10:36:28	5.3	--	168	89040	买盘
10:36:22	5.3	0.01	81	42930	买盘
10:36:18	5.29	-0.01	50	26450	卖盘
10:36:13	5.3	0.01	3	1590	买盘
10:36:03	5.29	--	147	77763	买盘
10:35:58	5.29	--	91	48139	买盘
10:35:52	5.29	--	266	140714	买盘
10:35:48	5.29	0.01	9	4761	买盘
10:35:42	5.28	-0.01	50	26400	卖盘
10:35:37	5.29	--	377	199433	买盘
10:35:33	5.29	--	39	20631	买盘
10:35:28	5.29	0.01	18	9522	买盘
10:35:22	5.28	--	293	154704	卖盘
10:35:13	5.28	--	60	31680	卖盘
10:35:07	5.28	--	102	54347	买盘
10:35:01	5.28	--	633	334224	买盘
10:34:58	5.28	0.01	93	49104	买盘
10:34:52	5.27	-0.01	345	181814	卖盘
10:34:46	5.28	--	292	154176	买盘
10:34:43	5.28	--	90	47520	买盘
10:34:37	5.28	0.01	2	1056	买盘
10:34:31	5.27	-0.01	469	247162	卖盘
10:34:28	5.28	--	119	62832	买盘
10:34:22	5.28	--	5	2640	买盘
10:34:16	5.28	--	116	61248	买盘
10:34:13	5.28	--	10	5280	买盘
10:34:07	5.28	--	150	79200	买盘
10:34:01	5.28	--	37	19536	买盘
10:33:57	5.28	--	3	1584	买盘
10:33:52	5.28	--	5	2640	买盘
10:33:46	5.28	--	138	72864	卖盘
10:33:42	5.28	-0.01	401	211728	中性盘
10:33:37	5.29	--	167	88343	买盘
10:33:31	5.29	--	32	16928	买盘
10:33:27	5.29	0.01	19	10051	买盘
10:33:22	5.28	-0.01	131	69168	卖盘
10:33:16	5.29	--	385	203665	买盘
10:33:12	5.29	--	79	41791	卖盘
10:33:07	5.29	0.01	478	252862	买盘
10:33:01	5.28	-0.01	353	186384	卖盘
10:32:57	5.29	--	308	162932	买盘
10:32:52	5.29	--	70	37030	买盘
10:32:46	5.29	--	352	186208	卖盘
10:32:42	5.29	-0.01	646	341734	卖盘
10:32:37	5.3	--	538	285140	买盘
10:32:31	5.3	--	44	23320	买盘
10:32:27	5.3	-0.01	2212	1172360	卖盘
10:32:22	5.31	0.01	81	43011	买盘
10:32:16	5.3	-0.01	392	207760	卖盘
10:32:12	5.31	--	20	10620	买盘
10:32:07	5.31	--	214	113633	买盘
10:32:01	5.31	-0.01	1578	837917	卖盘
10:31:57	5.32	--	50	26600	买盘
10:31:52	5.32	--	625	332500	买盘
10:31:46	5.32	--	622	330904	买盘
10:31:42	5.32	0.01	90	47880	买盘
10:31:37	5.31	--	626	332406	卖盘
10:31:31	5.31	-0.01	20	10620	卖盘
10:31:27	5.32	--	21	11172	买盘
10:31:22	5.32	--	66	35112	买盘
10:31:16	5.32	--	4	2128	买盘
10:31:12	5.32	--	21	11172	买盘
10:31:07	5.32	--	199	105868	买盘
10:31:01	5.32	--	58	30856	买盘
10:30:57	5.32	--	50	26600	买盘
10:30:52	5.32	--	110	58520	买盘
10:30:46	5.32	--	75	39900	买盘
10:30:42	5.32	--	26	13832	买盘
10:30:37	5.32	--	218	115976	买盘
10:30:31	5.32	--	137	72884	买盘
10:30:22	5.32	--	1280	680960	买盘
10:30:16	5.32	--	371	197372	买盘
10:30:12	5.32	0.01	15	7980	买盘
10:30:07	5.31	-0.01	11	5841	卖盘
10:30:01	5.32	--	52	27664	买盘
10:29:57	5.32	0.01	8	4256	买盘
10:29:52	5.31	-0.01	47	24956	卖盘
10:29:46	5.32	--	41	21812	买盘
10:29:42	5.32	--	104	55328	买盘
10:29:37	5.32	--	50	26600	买盘
10:29:31	5.32	--	6	3192	买盘
10:29:22	5.32	0.01	254	135128	买盘
10:29:16	5.31	--	73	38763	卖盘
10:29:12	5.31	-0.01	30	15929	卖盘
10:29:07	5.32	0.01	145	77140	买盘
10:29:01	5.31	--	59	31328	卖盘
10:28:56	5.31	-0.01	1	531	卖盘
10:28:52	5.32	0.01	26	13832	买盘
10:28:46	5.31	--	5	2655	卖盘
10:28:40	5.31	--	21	11151	卖盘
10:28:37	5.31	-0.01	20	10620	卖盘
10:28:31	5.32	--	5	2660	买盘
10:28:25	5.32	--	242	128744	买盘
10:28:16	5.32	0.01	83	44156	买盘
10:28:10	5.31	-0.01	44	23364	卖盘
10:28:01	5.32	0.01	7	3724	买盘
10:27:55	5.31	--	90	47790	卖盘
10:27:51	5.31	-0.01	18	9558	卖盘
10:27:46	5.32	0.01	30	15960	买盘
10:27:40	5.31	--	32	16992	卖盘
10:27:31	5.31	-0.01	10	5310	卖盘
10:27:25	5.32	0.01	12	6384	买盘
10:27:21	5.31	--	5	2655	卖盘
10:27:16	5.31	-0.01	70	37170	卖盘
10:27:10	5.32	0.01	65	34580	买盘
10:27:06	5.31	-0.01	33	17523	卖盘
10:27:01	5.32	--	61	32452	买盘
10:26:55	5.32	0.01	37	19684	买盘
10:26:46	5.31	--	182	96642	卖盘
10:26:40	5.31	--	85	45135	卖盘
10:26:36	5.31	-0.01	13	6902	卖盘
10:26:31	5.32	0.01	31	16492	买盘
10:26:25	5.31	-0.01	210	111509	卖盘
10:26:21	5.32	0.01	109	57988	中性盘
10:26:16	5.31	-0.01	60	31859	卖盘
10:26:10	5.32	0.01	161	85652	买盘
10:26:06	5.31	--	18	9558	卖盘
10:25:55	5.31	-0.01	178	94518	卖盘
10:25:51	5.32	--	2	1064	买盘
10:25:46	5.32	--	30	15960	买盘
10:25:40	5.32	--	57	30324	买盘
10:25:36	5.32	--	50	26600	买盘
10:25:31	5.32	--	40	21280	买盘
10:25:25	5.32	--	68	36176	买盘
10:25:21	5.32	--	22	11704	买盘
10:25:16	5.32	--	308	163856	卖盘
10:25:10	5.32	--	57	30324	卖盘
10:25:06	5.32	--	85	45220	卖盘
10:25:01	5.32	--	21	11172	卖盘
10:24:55	5.32	--	61	32452	卖盘
10:24:46	5.32	-0.01	106	56392	卖盘
10:24:40	5.33	--	4	2132	买盘
10:24:36	5.33	--	20	10660	买盘
10:24:31	5.33	--	6	3198	买盘
10:24:25	5.33	--	153	81549	买盘
10:24:21	5.33	--	16	8528	买盘
10:24:16	5.33	--	21	11193	买盘
10:24:10	5.33	-0.01	131	69823	卖盘
10:24:06	5.34	0.01	83	44322	买盘
10:24:01	5.33	-0.01	442	235586	卖盘
10:23:55	5.34	--	893	476862	买盘
10:23:51	5.34	--	101	53934	买盘
10:23:46	5.34	0.01	77	41118	买盘
10:23:40	5.33	-0.01	70	37310	卖盘
10:23:36	5.34	--	70	37380	买盘
10:23:31	5.34	--	95	50730	买盘
10:23:25	5.34	--	222	118548	买盘
10:23:21	5.34	--	20	10680	买盘
10:23:16	5.34	--	101	53934	买盘
10:23:10	5.34	--	33	17622	买盘
10:23:06	5.34	--	120	64080	买盘
10:23:01	5.34	0.01	400	213600	买盘
10:22:55	5.33	-0.01	110	58630	卖盘
10:22:51	5.34	--	28	14952	买盘
10:22:46	5.34	--	62	33108	买盘
10:22:40	5.34	0.01	47	25098	买盘
10:22:34	5.33	--	112	59696	卖盘
10:22:31	5.33	-0.01	25	13325	卖盘
10:22:25	5.34	--	123	65682	买盘
10:22:19	5.34	--	42	22428	买盘
10:22:15	5.34	0.01	16	8544	买盘
10:22:10	5.33	--	52	27716	卖盘
10:22:04	5.33	--	250	133250	卖盘
10:22:00	5.33	--	106	56498	卖盘
10:21:55	5.33	--	32	17056	卖盘
10:21:49	5.33	--	279	148707	卖盘
10:21:40	5.33	-0.01	52	27716	卖盘
10:21:34	5.34	0.02	449	239766	买盘
10:21:30	5.32	--	5	2660	卖盘
10:21:25	5.32	--	110	58520	卖盘
10:21:19	5.32	--	145	77140	卖盘
10:21:15	5.32	--	116	61712	卖盘
10:21:10	5.32	--	6	3192	卖盘
10:21:04	5.32	0.01	8	4256	卖盘
10:21:00	5.31	-0.01	167	88677	卖盘
10:20:55	5.32	--	68	36176	买盘
10:20:49	5.32	--	37	19684	买盘
10:20:40	5.32	--	38	20216	买盘
10:20:34	5.32	--	37	19684	买盘
10:20:30	5.32	--	26	13832	买盘
10:20:25	5.32	--	56	29792	卖盘
10:20:19	5.32	--	182	96824	卖盘
10:20:15	5.32	--	12	6384	买盘
10:20:10	5.32	--	321	170772	买盘
10:20:04	5.32	0.01	21	11172	买盘
10:20:00	5.31	--	407	216116	卖盘
10:19:55	5.31	-0.01	105	55754	卖盘
10:19:49	5.32	0.01	174	92568	买盘
10:19:40	5.31	--	21	11151	卖盘
10:19:34	5.31	-0.01	144	76464	卖盘
10:19:30	5.32	0.01	26	13832	买盘
10:19:25	5.31	-0.01	631	335061	卖盘
10:19:19	5.32	--	131	69692	买盘
10:19:15	5.32	--	55	29260	买盘
10:19:10	5.32	--	172	91504	买盘
10:19:04	5.32	--	44	23408	买盘
10:19:00	5.32	--	689	366548	卖盘
10:18:55	5.32	-0.01	65	34580	卖盘
10:18:49	5.33	0.01	1013	539929	买盘
10:18:45	5.32	-0.01	5	2660	卖盘
10:18:40	5.33	--	517	275561	买盘
10:18:25	5.33	--	700	373100	卖盘
10:18:19	5.33	--	135	71955	卖盘
10:18:10	5.33	--	534	284622	卖盘
10:18:04	5.33	--	42	22386	卖盘
10:18:00	5.33	-0.01	21	11193	卖盘
10:17:55	5.34	0.01	245	130830	买盘
10:17:49	5.33	--	50	26650	卖盘
10:17:45	5.33	-0.01	51	27183	卖盘
10:17:40	5.34	0.01	119	63546	买盘
10:17:34	5.33	-0.01	17	9061	卖盘
10:17:25	5.34	--	30	16020	买盘
10:17:19	5.34	--	72	38976	卖盘
10:17:15	5.34	--	14	7476	卖盘
10:17:10	5.34	-0.01	613	327342	卖盘
10:17:04	5.35	0.01	21	11235	买盘
10:17:00	5.34	--	248	132437	卖盘
10:16:55	5.34	-0.01	36	19224	卖盘
10:16:49	5.35	0.01	24	12840	买盘
10:16:45	5.34	--	2	1068	卖盘
10:16:40	5.34	--	20	10680	卖盘
10:16:34	5.34	0.01	535	285690	买盘
10:16:30	5.33	-0.01	80	42640	卖盘
10:16:25	5.34	0.01	3	1602	买盘
10:16:19	5.33	--	13	6929	卖盘
10:16:13	5.33	-0.01	8	4264	卖盘
10:16:10	5.34	--	131	69954	买盘
10:16:04	5.34	--	34	18156	买盘
10:15:49	5.34	--	607	324138	买盘
10:15:43	5.34	-0.01	309	165006	卖盘
10:15:34	5.35	--	57	30494	买盘
10:15:28	5.35	--	41	21935	买盘
10:15:24	5.35	0.01	2	1070	买盘
10:15:19	5.34	--	155	82770	卖盘
10:15:13	5.34	-0.01	188	100392	卖盘
10:15:04	5.35	--	232	124119	买盘
10:14:58	5.35	0.01	53	28354	买盘
10:14:54	5.34	-0.01	14	7476	卖盘
10:14:49	5.35	--	117	62594	买盘
10:14:43	5.35	--	27	14444	买盘
10:14:39	5.35	--	32	17120	买盘
10:14:34	5.35	--	30	16049	买盘
10:14:28	5.35	--	25	13375	买盘
10:14:19	5.35	0.01	20	10700	买盘
10:14:13	5.34	-0.01	719	383946	卖盘
10:14:09	5.35	--	40	21400	卖盘
10:14:04	5.35	--	251	134285	卖盘
10:13:58	5.35	--	0	0	卖盘
10:13:54	5.35	-0.01	174	93090	卖盘
10:13:49	5.36	--	1294	693584	买盘
10:13:43	5.36	--	22	11792	买盘
10:13:39	5.36	--	20	10720	买盘
10:13:28	5.36	--	82	43952	买盘
10:13:24	5.36	--	44	23584	买盘
10:13:19	5.36	--	215	115240	卖盘
10:13:13	5.36	--	33	17688	卖盘
10:13:09	5.36	--	21	11256	卖盘
10:13:04	5.36	--	24	12864	卖盘
10:12:58	5.36	--	26	13936	买盘
10:12:54	5.36	--	3	1608	买盘
10:12:49	5.36	--	16	8576	买盘
10:12:43	5.36	--	199	106664	买盘
10:12:39	5.36	--	44	23584	买盘
10:12:34	5.36	--	20	10720	买盘
10:12:28	5.36	-0.01	131	70216	卖盘
10:12:24	5.37	--	41	22017	买盘
10:12:19	5.37	0.01	425	228225	买盘
10:12:13	5.36	--	83	44488	卖盘
10:12:09	5.36	--	28	15008	卖盘
10:12:04	5.36	-0.01	155	83080	卖盘
10:11:58	5.37	0.01	32	17184	买盘
10:11:54	5.36	--	52	27872	卖盘
10:11:49	5.36	-0.01	24	12864	卖盘
10:11:43	5.37	0.01	19	10203	买盘
10:11:34	5.36	--	41	21976	卖盘
10:11:28	5.36	--	289	154904	买盘
10:11:24	5.36	0.01	10	5360	买盘
10:11:19	5.35	--	29	15514	卖盘
10:11:13	5.35	--	216	115559	卖盘
10:11:09	5.35	-0.01	2	1070	卖盘
10:11:03	5.36	0.01	104	55744	买盘
10:10:58	5.35	--	50	26750	卖盘
10:10:54	5.35	-0.01	10	5350	卖盘
10:10:48	5.36	0.01	600	321600	买盘
10:10:43	5.35	--	24	12840	买盘
10:10:39	5.35	0.01	73	39055	买盘
10:10:33	5.34	-0.01	339	181026	卖盘
10:10:28	5.35	--	15	8024	买盘
10:10:24	5.35	0.01	11	5885	买盘
10:10:18	5.34	-0.01	134	71556	卖盘
10:10:13	5.35	--	180	96300	买盘
10:10:09	5.35	0.01	166	88810	买盘
10:10:04	5.34	--	77	41118	买盘
10:09:58	5.34	--	53	28302	买盘
10:09:52	5.34	--	265	141510	买盘
10:09:49	5.34	--	299	159666	卖盘
10:09:43	5.34	-0.01	336	179424	卖盘
10:09:37	5.35	--	3	1605	买盘
10:09:34	5.35	--	26	13909	买盘
10:09:28	5.35	--	16	8560	买盘
10:09:22	5.35	--	17	9095	买盘
10:09:18	5.35	-0.01	169	90415	卖盘
10:09:13	5.36	--	1	536	买盘
10:09:07	5.36	--	959	514399	卖盘
10:09:03	5.36	-0.01	40	21440	卖盘
10:08:58	5.37	--	48	25776	买盘
10:08:52	5.37	--	96	51552	买盘
10:08:43	5.37	--	153	82161	买盘
10:08:37	5.37	-0.01	319	171303	卖盘
10:08:33	5.38	0.01	126	67788	买盘
10:08:28	5.37	-0.01	628	337236	卖盘
10:08:22	5.38	0.01	18	9684	买盘
10:08:18	5.37	-0.01	23	12351	卖盘
10:08:13	5.38	0.01	28	15064	买盘
10:08:07	5.37	-0.01	298	160026	卖盘
10:08:03	5.38	0.01	27	14526	买盘
10:07:58	5.37	-0.01	65	34905	卖盘
10:07:52	5.38	--	300	161400	买盘
10:07:48	5.38	0.01	15	8070	买盘
10:07:43	5.37	-0.01	27	14499	卖盘
10:07:37	5.38	-0.01	321	172698	卖盘
10:07:33	5.39	--	86	46354	买盘
10:07:28	5.39	--	515	277585	买盘
10:07:22	5.39	--	383	206437	买盘
10:07:18	5.39	--	10	5390	买盘
10:07:13	5.39	0.01	213	114807	买盘
10:07:07	5.38	-0.01	489	263082	卖盘
10:07:03	5.39	0.01	36	19404	买盘
10:06:58	5.38	--	253	136114	卖盘
10:06:52	5.38	-0.01	527	283526	中性盘
10:06:48	5.39	0.01	604	325556	买盘
10:06:43	5.38	--	540	290520	买盘
10:06:37	5.38	--	424	228450	卖盘
10:06:33	5.38	--	42	22596	卖盘
10:06:28	5.38	--	40	21520	卖盘
10:06:22	5.38	--	787	423605	买盘
10:06:18	5.38	--	371	199598	买盘
10:06:13	5.38	0.01	345	185610	买盘
10:06:07	5.37	-0.01	83	44571	卖盘
10:06:03	5.38	0.01	58	31204	买盘
10:05:58	5.37	--	50	26850	卖盘
10:05:52	5.37	--	313	168397	买盘
10:05:48	5.37	0.01	250	134250	买盘
10:05:43	5.36	-0.01	994	532784	卖盘
10:05:37	5.37	0.01	254	136398	买盘
10:05:33	5.36	--	66	35376	卖盘
10:05:28	5.36	--	252	135232	买盘
10:05:22	5.36	--	223	119528	买盘
10:05:18	5.36	0.01	85	45560	买盘
10:05:13	5.35	-0.01	128	68480	卖盘
10:05:07	5.36	--	40	21440	买盘
10:05:03	5.36	0.01	281	150616	买盘
10:04:58	5.35	--	275	147125	卖盘
10:04:52	5.35	-0.02	538	287830	卖盘
10:04:48	5.37	0.01	71	38127	买盘
10:04:43	5.36	--	218	116848	买盘
10:04:37	5.36	--	297	159192	买盘
10:04:33	5.36	--	4	2144	买盘
10:04:28	5.36	--	161	86296	买盘
10:04:22	5.36	-0.01	76	40736	买盘
10:04:18	5.37	0.01	59	31683	买盘
10:04:13	5.36	-0.01	83	44488	卖盘
10:04:07	5.37	--	507	272259	买盘
10:04:03	5.37	--	11	5907	买盘
10:03:57	5.37	--	157	84309	买盘
10:03:52	5.37	--	278	149286	卖盘
10:03:48	5.37	--	160	85920	卖盘
10:03:43	5.37	-0.01	153	82161	卖盘
10:03:37	5.38	--	795	428081	卖盘
10:03:31	5.38	-0.01	175	94150	卖盘
10:03:27	5.39	--	141	75999	买盘
10:03:22	5.39	--	345	185955	卖盘
10:03:16	5.39	-0.01	166	89474	卖盘
10:03:13	5.4	--	226	122040	买盘
10:03:07	5.4	--	474	255960	买盘
10:03:01	5.4	-0.01	182	98280	卖盘
10:02:58	5.41	0.01	283	153103	买盘
10:02:52	5.4	-0.01	251	135540	卖盘
10:02:46	5.41	0.01	2590	1401190	买盘
10:02:42	5.4	-0.02	600	324000	卖盘
10:02:37	5.42	0.01	431	233602	买盘
10:02:31	5.41	-0.01	1585	857485	卖盘
10:02:27	5.42	--	155	84010	买盘
10:02:22	5.42	0.01	509	275878	买盘
10:02:16	5.41	--	662	358142	买盘
10:02:12	5.41	--	206	111446	买盘
10:02:07	5.41	0.01	927	501507	买盘
10:02:01	5.4	--	383	206820	卖盘
10:01:57	5.4	--	837	452147	买盘
10:01:52	5.4	--	336	181440	买盘
10:01:46	5.4	0.03	312	168480	买盘
10:01:42	5.37	-0.03	276	148212	卖盘
10:01:37	5.4	0.02	1016	548640	买盘
10:01:31	5.38	0.02	2097	1128186	买盘
10:01:27	5.36	--	317	169912	买盘
10:01:22	5.36	--	881	472216	买盘
10:01:16	5.36	-0.05	273	146328	卖盘
10:01:12	5.41	0.03	3009	1627869	买盘
10:01:07	5.38	--	595	320110	买盘
10:01:01	5.38	-0.01	1536	826368	卖盘
10:00:57	5.39	--	612	329868	买盘
10:00:52	5.39	0.01	865	466235	买盘
10:00:46	5.38	0.03	1427	767726	买盘
10:00:42	5.35	--	89	47615	买盘
10:00:37	5.35	-0.03	2053	1098355	卖盘
10:00:31	5.38	-0.02	2203	1185214	卖盘
10:00:27	5.4	--	288	155520	买盘
10:00:22	5.4	0.01	819	442260	买盘
10:00:16	5.39	-0.01	2001	1078539	卖盘
10:00:12	5.4	-0.02	226	122040	卖盘
10:00:07	5.42	0.02	843	456906	买盘
10:00:01	5.4	-0.03	1171	632340	卖盘
09:59:57	5.43	0.01	353	191679	买盘
09:59:52	5.42	0.02	427	231434	中性盘
09:59:46	5.4	--	424	228960	卖盘
09:59:42	5.4	--	75	40500	卖盘
09:59:37	5.4	0.03	1329	717660	买盘
09:59:31	5.37	0.01	1614	866718	买盘
09:59:27	5.36	--	232	124352	卖盘
09:59:22	5.36	0.01	657	352152	买盘
09:59:16	5.35	0.03	3572	1911019	买盘
09:59:12	5.32	-0.02	815	433580	卖盘
09:59:07	5.34	--	1000	534000	买盘
09:59:01	5.34	0.02	915	488610	买盘
09:58:57	5.32	--	284	151088	卖盘
09:58:52	5.32	0.02	1082	575624	买盘
09:58:46	5.3	--	739	391670	卖盘
09:58:42	5.3	--	132	69960	卖盘
09:58:37	5.3	0.01	2134	1131020	买盘
09:58:31	5.29	--	1609	851161	买盘
09:58:27	5.29	-0.01	1066	563914	卖盘
09:58:22	5.3	0.01	1016	538480	买盘
09:58:16	5.29	--	1494	790326	买盘
09:58:12	5.29	0.01	1423	752767	买盘
09:58:07	5.28	--	2054	1084512	买盘
09:58:01	5.28	--	606	319968	买盘
09:57:57	5.28	0.01	1057	558096	买盘
09:57:51	5.27	--	758	399465	买盘
09:57:46	5.27	0.01	653	344131	买盘
09:57:42	5.26	--	614	322964	买盘
09:57:36	5.26	0.01	1472	774272	买盘
09:57:31	5.25	0.01	1140	598500	买盘
09:57:27	5.24	--	389	203836	买盘
09:57:22	5.24	0.01	455	238420	买盘
09:57:16	5.23	--	564	294972	买盘
09:57:12	5.23	0.01	203	106169	买盘
09:57:06	5.22	--	869	453618	买盘
09:57:01	5.22	-0.01	414	216108	卖盘
09:56:55	5.23	0.01	35	18305	买盘
09:56:51	5.22	--	519	270918	买盘
09:56:46	5.22	--	60	31320	买盘
09:56:37	5.22	--	134	69948	买盘
09:56:31	5.22	--	129	67338	买盘
09:56:25	5.22	--	200	104400	买盘
09:56:16	5.22	--	232	121104	买盘
09:56:10	5.22	--	214	111708	买盘
09:56:06	5.22	0.01	177	92394	买盘
09:56:01	5.21	-0.01	241	125561	卖盘
09:55:55	5.22	--	126	65772	买盘
09:55:51	5.22	--	61	31842	买盘
09:55:46	5.22	--	60	31320	买盘
09:55:40	5.22	--	393	205146	买盘
09:55:36	5.22	-0.01	120	62640	卖盘
09:55:31	5.23	--	174	91002	买盘
09:55:25	5.23	--	365	190895	买盘
09:55:21	5.23	--	1	523	买盘
09:55:16	5.23	--	467	244241	买盘
09:55:10	5.23	0.01	115	60145	买盘
09:55:06	5.22	-0.01	153	79866	卖盘
09:55:01	5.23	0.01	10	5230	买盘
09:54:55	5.22	-0.01	19	9918	中性盘
09:54:51	5.23	0.01	266	139118	买盘
09:54:46	5.22	0.01	358	186876	买盘
09:54:40	5.21	--	52	27092	卖盘
09:54:31	5.21	--	457	238169	买盘
09:54:25	5.21	0.01	943	491303	买盘
09:54:21	5.2	--	20	10400	卖盘
09:54:16	5.2	--	125	65000	卖盘
09:54:10	5.2	--	5	2600	卖盘
09:54:06	5.2	--	6	3120	卖盘
09:54:01	5.2	--	14	7280	卖盘
09:53:55	5.2	--	1278	664622	买盘
09:53:51	5.2	0.01	2	1040	买盘
09:53:46	5.19	-0.01	60	31140	卖盘
09:53:40	5.2	0.01	108	56160	买盘
09:53:36	5.19	--	3	1557	卖盘
09:53:31	5.19	-0.01	89	46191	卖盘
09:53:25	5.2	--	24	12480	买盘
09:53:21	5.2	--	155	80600	买盘
09:53:16	5.2	-0.01	361	188177	卖盘
09:53:10	5.21	0.01	134	69814	买盘
09:53:01	5.2	-0.01	35	18200	卖盘
09:52:55	5.21	--	196	102116	买盘
09:52:51	5.21	--	105	54705	买盘
09:52:46	5.21	--	109	56789	买盘
09:52:40	5.21	--	90	46890	买盘
09:52:36	5.21	--	59	30739	买盘
09:52:25	5.21	--	188	97948	买盘
09:52:21	5.21	0.01	220	114620	买盘
09:52:16	5.2	--	280	145662	卖盘
09:52:10	5.2	-0.01	133	69160	卖盘
09:52:06	5.21	0.01	84	43764	买盘
09:51:55	5.2	-0.01	125	65000	卖盘
09:51:51	5.21	--	207	107847	卖盘
09:51:46	5.21	--	100	52100	卖盘
09:51:40	5.21	--	404	210484	买盘
09:51:36	5.21	--	210	109410	买盘
09:51:31	5.21	--	43	22403	买盘
09:51:25	5.21	0.01	250	130250	买盘
09:51:21	5.2	--	4	2080	卖盘
09:51:16	5.2	--	871	452920	买盘
09:51:10	5.2	0.01	240	124800	买盘
09:51:06	5.19	--	20	10380	卖盘
09:51:00	5.19	--	30	15570	卖盘
09:50:55	5.19	--	453	235107	买盘
09:50:51	5.19	0.01	3	1557	买盘
09:50:45	5.18	-0.01	257	133126	卖盘
09:50:40	5.19	0.01	3	1557	买盘
09:50:36	5.18	--	353	182854	买盘
09:50:30	5.18	--	116	60088	买盘
09:50:25	5.18	0.01	149	77182	买盘
09:50:21	5.17	-0.01	159	82203	卖盘
09:50:15	5.18	--	22	11396	买盘
09:50:10	5.18	--	102	52836	买盘
09:50:04	5.18	0.01	6	3108	买盘
09:50:01	5.17	--	820	423940	买盘
09:49:55	5.17	--	120	62040	买盘
09:49:49	5.17	--	140	72380	买盘
09:49:46	5.17	--	5	2585	买盘
09:49:40	5.17	--	3	1551	买盘
09:49:34	5.17	--	29	14993	买盘
09:49:30	5.17	0.01	61	31537	买盘
09:49:25	5.16	--	42	21672	卖盘
09:49:19	5.16	-0.01	9	4644	卖盘
09:49:15	5.17	--	3	1551	买盘
09:49:10	5.17	0.01	33	17061	买盘
09:49:04	5.16	--	28	14448	买盘
09:49:00	5.16	--	75	38700	买盘
09:48:55	5.16	--	11	5676	买盘
09:48:34	5.16	--	118	60888	卖盘
09:48:19	5.16	-0.01	89	45924	卖盘
09:48:04	5.17	--	15	7755	买盘
09:48:00	5.17	0.01	6	3102	买盘
09:47:55	5.16	--	28	14448	卖盘
09:47:40	5.16	--	5	2580	卖盘
09:47:25	5.16	0.01	2	1032	买盘
09:47:15	5.15	-0.01	12	6180	卖盘
09:47:10	5.16	0.01	105	54180	买盘
09:46:45	5.15	--	30	15450	卖盘
09:46:34	5.15	-0.01	34	17510	卖盘
09:46:30	5.16	--	204	105264	卖盘
09:46:19	5.16	--	183	94428	卖盘
09:46:04	5.16	--	68	35088	卖盘
09:45:55	5.16	--	5	2580	卖盘
09:45:49	5.16	-0.01	10	5160	卖盘
09:45:45	5.17	--	2	1034	买盘
09:45:40	5.17	--	15	7755	买盘
09:45:34	5.17	--	10	5170	买盘
09:45:19	5.17	--	5	2585	买盘
09:45:10	5.17	-0.01	284	146828	卖盘
09:45:04	5.18	0.01	17	8806	买盘
09:44:49	5.17	-0.01	35	18095	卖盘
09:44:45	5.18	0.01	63	32634	买盘
09:44:40	5.17	-0.01	224	115808	卖盘
09:44:34	5.18	--	35	18130	买盘
09:44:24	5.18	--	39	20202	买盘
09:44:19	5.18	--	372	193151	卖盘
09:44:15	5.18	--	10	5180	卖盘
09:44:09	5.18	--	47	24408	买盘
09:44:04	5.18	--	58	30044	买盘
09:43:54	5.18	--	18	9324	买盘
09:43:49	5.18	--	517	267806	买盘
09:43:39	5.18	--	2	1036	买盘
09:43:19	5.18	--	70	36260	买盘
09:43:13	5.18	--	38	19684	买盘
09:43:04	5.18	--	5	2590	买盘
09:42:54	5.18	0.01	180	93240	买盘
09:42:43	5.17	-0.01	59	30503	卖盘
09:42:39	5.18	--	117	60606	买盘
09:42:19	5.18	0.01	25	12950	买盘
09:42:09	5.17	-0.01	22	11374	卖盘
09:42:04	5.18	--	129	66822	买盘
09:41:49	5.18	--	12	6216	买盘
09:41:43	5.18	--	100	51800	买盘
09:41:28	5.18	0.01	46	23828	买盘
09:41:24	5.17	-0.01	228	118330	卖盘
09:41:13	5.18	0.01	5	2590	买盘
09:41:04	5.17	--	20	10340	卖盘
09:40:58	5.17	--	40	20680	卖盘
09:40:49	5.17	--	14	7300	买盘
09:40:43	5.17	--	349	180433	买盘
09:40:39	5.17	--	320	165440	买盘
09:40:28	5.17	--	70	36190	买盘
09:40:19	5.17	--	135	70249	卖盘
09:40:13	5.17	-0.01	353	182501	卖盘
09:40:09	5.18	0.01	43	22274	买盘
09:39:58	5.17	--	27	13959	卖盘
09:39:49	5.17	0.01	143	73993	买盘
09:39:43	5.16	-0.01	7	3612	卖盘
09:39:39	5.17	--	24	12408	买盘
09:39:28	5.17	--	62	32054	买盘
09:39:24	5.17	0.01	52	26884	买盘
09:39:19	5.16	-0.01	7	3612	卖盘
09:39:13	5.17	0.01	24	12408	买盘
09:39:04	5.16	--	5	2580	卖盘
09:38:58	5.16	--	38	19608	买盘
09:38:54	5.16	--	50	25800	买盘
09:38:49	5.16	--	1	516	买盘
09:38:43	5.16	--	6	3096	买盘
09:38:39	5.16	--	3	1548	买盘
09:38:34	5.16	--	41	21156	买盘
09:38:28	5.16	--	8	4128	买盘
09:38:24	5.16	0.01	24	12384	买盘
09:38:13	5.15	-0.01	50	25750	卖盘
09:38:04	5.16	--	1	516	买盘
09:37:58	5.16	--	4	2064	买盘
09:37:54	5.16	0.01	195	100620	买盘
09:37:48	5.15	0.01	63	32445	买盘
09:37:33	5.14	-0.01	8	4112	卖盘
09:37:28	5.15	0.01	16	8240	买盘
09:37:24	5.14	-0.01	21	10794	卖盘
09:37:13	5.15	0.01	15	7725	买盘
09:37:07	5.14	-0.01	2	1028	卖盘
09:36:48	5.15	0.01	30	15450	买盘
09:36:43	5.14	--	5	2570	卖盘
09:36:28	5.14	-0.01	43	22102	卖盘
09:36:22	5.15	-0.01	36	18540	卖盘
09:36:13	5.16	--	7	3612	买盘
09:35:43	5.16	--	389	200724	买盘
09:35:28	5.16	--	66	34056	卖盘
09:35:07	5.16	-0.01	8	4128	卖盘
09:34:58	5.17	--	141	72897	买盘
09:34:52	5.17	--	2	1034	买盘
09:34:48	5.17	0.01	40	20680	买盘
09:34:43	5.16	-0.01	299	154284	卖盘
09:34:37	5.17	--	25	12925	买盘
09:34:18	5.17	0.01	60	31020	买盘
09:34:13	5.16	-0.01	160	82560	卖盘
09:34:03	5.17	0.01	101	52217	买盘
09:33:22	5.16	--	179	92364	卖盘
09:33:13	5.16	--	3	1548	卖盘
09:33:07	5.16	--	7	3612	卖盘
09:33:03	5.16	0.01	99	51084	买盘
09:32:58	5.15	--	4	2060	卖盘
09:32:51	5.15	0.02	14	7210	中性盘
09:32:48	5.13	-0.01	600	307800	卖盘
09:32:37	5.14	0.01	24	12336	买盘
09:32:33	5.13	-0.01	56	28728	卖盘
09:32:28	5.14	--	28	14392	买盘
09:32:22	5.14	--	134	68876	买盘
09:32:18	5.14	--	69	35466	买盘
09:32:13	5.14	--	6	3084	买盘
09:32:07	5.14	--	72	37008	买盘
09:32:03	5.14	--	480	246719	卖盘
09:31:52	5.14	--	10	5140	卖盘
09:31:43	5.14	-0.01	50	25700	卖盘
09:31:22	5.15	--	5	2575	买盘
09:31:12	5.15	-0.01	81	41715	卖盘
09:31:07	5.16	0.01	65	33540	买盘
09:30:52	5.15	-0.01	149	76735	卖盘
09:30:27	5.16	--	40	20640	买盘
09:30:12	5.16	--	385	198660	买盘
09:30:07	5.16	--	296	152736	卖盘
09:30:01	5.16	--	36	18576	卖盘
09:28:57	5.16	--	0	0	卖盘
09:25:06	5.16	5.16	538	277608	买盘
