成交时间	成交价	价格变动	成交量(手)	成交额(元)	性质
15:00:00	4.25	--	0	0	卖盘
15:00:00	4.25	-0.01	0	0	卖盘
14:59:59	4.26	--	30	12780	买盘
14:59:54	4.26	--	40	17040	买盘
14:59:49	4.26	--	50	21300	买盘
14:59:44	4.26	0.01	2	852	买盘
14:59:39	4.25	--	111	47175	卖盘
14:59:34	4.25	-0.01	5	2125	卖盘
14:59:29	4.26	0.01	309	131634	买盘
14:59:24	4.25	-0.01	10	4250	卖盘
14:59:19	4.26	--	200	85200	买盘
14:59:14	4.26	0.01	1	426	买盘
14:59:09	4.25	-0.01	20	8500	卖盘
14:59:04	4.26	--	1	426	买盘
14:58:59	4.26	--	15	6390	买盘
14:58:54	4.26	0.01	42	17892	买盘
14:58:44	4.25	--	20	8500	卖盘
14:58:39	4.25	--	15	6375	卖盘
14:58:29	4.25	-0.01	3	1275	卖盘
14:58:24	4.26	--	113	48138	买盘
14:58:14	4.26	0.01	45	19170	买盘
14:58:09	4.25	--	8	3400	卖盘
14:58:04	4.25	--	101	42925	卖盘
14:57:59	4.25	--	137	58225	卖盘
14:57:54	4.25	-0.01	50	21250	卖盘
14:57:44	4.26	0.01	103	43878	买盘
14:57:39	4.25	--	12	5100	卖盘
14:57:24	4.25	-0.01	110	46750	卖盘
14:57:14	4.26	0.01	1	426	买盘
14:57:09	4.25	-0.01	2	850	卖盘
14:56:59	4.26	--	30	12780	买盘
14:56:54	4.26	0.01	370	157620	买盘
14:56:44	4.25	-0.01	90	38250	卖盘
14:56:39	4.26	0.01	232	98832	买盘
14:56:34	4.25	--	15	6375	卖盘
14:56:29	4.25	--	580	246500	卖盘
14:56:24	4.25	-0.01	87	36975	卖盘
14:56:18	4.26	0.01	209	89034	买盘
14:56:14	4.25	--	128	54400	卖盘
14:56:09	4.25	--	114	48450	卖盘
14:56:04	4.25	--	14	5950	卖盘
14:55:59	4.25	--	18	7650	卖盘
14:55:54	4.25	-0.01	332	141100	卖盘
14:55:49	4.26	0.01	27	11502	买盘
14:55:44	4.25	--	5	2125	卖盘
14:55:39	4.25	-0.01	105	44625	卖盘
14:55:29	4.26	--	100	42600	买盘
14:55:24	4.26	--	15	6390	买盘
14:55:19	4.26	0.01	2	852	买盘
14:55:14	4.25	--	20	8500	卖盘
14:55:09	4.25	--	8	3400	卖盘
14:54:54	4.25	-0.01	67	28475	卖盘
14:54:43	4.26	0.01	39	16614	买盘
14:54:38	4.25	-0.01	120	51000	卖盘
14:54:33	4.26	0.01	1	426	买盘
14:54:29	4.25	--	141	59925	卖盘
14:54:19	4.25	--	154	65450	卖盘
14:54:13	4.25	-0.01	50	21250	卖盘
14:54:08	4.26	0.01	259	110334	买盘
14:53:48	4.25	--	20	8500	卖盘
14:53:43	4.25	--	2248	955400	卖盘
14:53:38	4.25	--	5	2125	卖盘
14:53:33	4.25	--	20	8500	卖盘
14:53:23	4.25	--	24	10200	卖盘
14:53:18	4.25	--	33	14025	卖盘
14:53:03	4.25	-0.01	58	24650	卖盘
14:52:58	4.26	0.01	37	15762	买盘
14:52:53	4.25	--	36	15300	卖盘
14:52:48	4.25	--	14	5950	卖盘
14:52:38	4.25	--	10	4250	卖盘
14:52:28	4.25	--	50	21250	卖盘
14:52:23	4.25	-0.01	714	303450	卖盘
14:52:13	4.26	--	20	8520	买盘
14:52:08	4.26	--	1258	535908	买盘
14:52:02	4.26	0.01	77	32802	买盘
14:51:58	4.25	--	10	4250	卖盘
14:51:38	4.25	--	1149	488325	卖盘
14:51:33	4.25	--	162	68850	卖盘
14:51:28	4.25	--	219	93075	卖盘
14:51:23	4.25	--	1	425	卖盘
14:51:17	4.25	-0.01	47	19975	卖盘
14:51:13	4.26	0.01	45	19314	买盘
14:51:08	4.25	-0.01	152	64600	卖盘
14:50:53	4.26	0.01	44	18744	买盘
14:50:47	4.25	-0.01	5	2125	卖盘
14:50:43	4.26	--	281	119706	买盘
14:50:38	4.26	0.01	100	42600	买盘
14:50:32	4.25	--	10	4250	卖盘
14:50:17	4.25	-0.01	10	4250	卖盘
14:50:02	4.26	--	45	19170	买盘
14:49:47	4.26	--	200	85200	买盘
14:49:42	4.26	--	30	12780	买盘
14:49:38	4.26	--	51	21726	买盘
14:49:23	4.26	--	41	17466	买盘
14:49:17	4.26	--	343	146118	买盘
14:49:08	4.26	--	162	69012	买盘
14:49:02	4.26	--	15	6390	买盘
14:48:58	4.26	--	10	4260	买盘
14:48:47	4.26	--	100	42600	买盘
14:48:42	4.26	--	15	6390	买盘
14:48:32	4.26	--	1278	544598	卖盘
14:48:17	4.26	--	5	2130	卖盘
14:48:07	4.26	--	31	13206	卖盘
14:48:02	4.26	--	30	12780	卖盘
14:47:56	4.26	--	20	8520	卖盘
14:47:47	4.26	-0.01	60	25560	卖盘
14:47:42	4.27	--	20	8540	买盘
14:47:32	4.27	0.01	2	853	买盘
14:47:27	4.26	--	18	7668	卖盘
14:47:22	4.26	-0.01	20	8520	卖盘
14:47:07	4.27	0.01	84	35868	买盘
14:47:02	4.26	--	28	11928	卖盘
14:46:47	4.26	-0.01	20	8520	卖盘
14:46:41	4.27	0.01	56	23911	买盘
14:46:37	4.26	--	50	21397	卖盘
14:46:32	4.26	--	45	19170	卖盘
14:46:27	4.26	--	7	2982	卖盘
14:46:17	4.26	--	56	23856	卖盘
14:46:11	4.26	--	40	17040	卖盘
14:46:02	4.26	--	354	150961	买盘
14:45:56	4.26	--	84	36052	卖盘
14:45:52	4.26	--	25	10650	卖盘
14:45:47	4.26	--	130	55380	卖盘
14:45:41	4.26	--	2	852	卖盘
14:45:37	4.26	--	105	44730	卖盘
14:45:32	4.26	--	42	17892	卖盘
14:45:26	4.26	--	109	46434	卖盘
14:45:22	4.26	--	40	17040	卖盘
14:45:17	4.26	--	40	17040	卖盘
14:45:11	4.26	--	65	27690	卖盘
14:45:02	4.26	--	40	17040	卖盘
14:44:56	4.26	--	5	2130	卖盘
14:44:52	4.26	--	51	21726	卖盘
14:44:47	4.26	--	369	157194	卖盘
14:44:41	4.26	-0.01	4	1704	卖盘
14:44:37	4.27	0.01	94	40137	买盘
14:44:32	4.26	--	65	27690	卖盘
14:44:22	4.26	--	30	12780	卖盘
14:44:17	4.26	--	44	18744	卖盘
14:44:11	4.26	--	65	27690	卖盘
14:44:07	4.26	--	39	16614	卖盘
14:44:02	4.26	--	100	42600	卖盘
14:43:56	4.26	--	421	179503	买盘
14:43:41	4.26	--	375	160018	卖盘
14:43:32	4.26	--	150	63900	卖盘
14:43:26	4.26	0.01	306	130513	买盘
14:43:17	4.25	-0.01	1	425	卖盘
14:42:56	4.26	--	98	42135	卖盘
14:42:51	4.26	--	10	4260	卖盘
14:42:41	4.26	--	89	37952	买盘
14:42:26	4.26	--	179	76641	卖盘
14:42:17	4.26	--	820	349358	买盘
14:41:46	4.26	--	843	359118	买盘
14:41:41	4.26	--	47	20022	买盘
14:41:31	4.26	--	12	5112	买盘
14:41:26	4.26	--	50	21300	买盘
14:41:21	4.26	--	7	3369	卖盘
14:41:16	4.26	-0.01	10	4260	卖盘
14:41:11	4.27	0.01	487	207987	买盘
14:40:51	4.26	--	46	19596	买盘
14:40:46	4.26	--	9	4221	卖盘
14:40:41	4.26	-0.01	42	17892	卖盘
14:40:36	4.27	0.01	52	22203	买盘
14:40:31	4.26	--	45	19170	卖盘
14:40:26	4.26	-0.01	120	51120	卖盘
14:40:20	4.27	0.01	112	47823	买盘
14:40:05	4.26	--	46	19596	卖盘
14:39:50	4.26	--	7	2982	卖盘
14:39:46	4.26	-0.01	1	426	卖盘
14:39:31	4.27	--	94	40137	买盘
14:39:26	4.27	0.01	82	35014	买盘
14:39:20	4.26	-0.01	105	44730	卖盘
14:39:05	4.27	0.01	12	5123	买盘
14:38:50	4.26	--	29	12354	卖盘
14:38:46	4.26	--	14	5964	卖盘
14:38:35	4.26	--	1	426	卖盘
14:38:31	4.26	--	2208	940646	买盘
14:38:26	4.26	--	1	426	买盘
14:38:05	4.26	--	7	2982	买盘
14:37:56	4.26	--	39	16614	买盘
14:37:50	4.26	--	125	53250	买盘
14:37:41	4.26	0.01	57	24282	买盘
14:37:26	4.25	-0.01	31	13175	卖盘
14:37:15	4.26	0.01	30	12780	买盘
14:36:56	4.25	-0.01	13	5525	卖盘
14:36:45	4.26	--	20	8520	买盘
14:36:41	4.26	--	182	77532	买盘
14:36:35	4.26	--	47	20022	买盘
14:36:25	4.26	--	2	852	买盘
14:36:00	4.26	0.01	140	59640	买盘
14:35:25	4.25	--	60	25500	卖盘
14:35:20	4.25	--	37	15725	卖盘
14:35:10	4.25	-0.01	270	114750	卖盘
14:34:56	4.26	0.01	110	46860	买盘
14:34:50	4.25	--	1102	468350	卖盘
14:34:35	4.25	-0.01	1	425	卖盘
14:34:30	4.26	--	80	34080	买盘
14:34:25	4.26	0.01	94	40044	买盘
14:33:59	4.25	-0.01	50	21250	卖盘
14:33:50	4.26	--	218	92868	买盘
14:33:44	4.26	--	24	10224	买盘
14:33:20	4.26	--	10	4260	买盘
14:33:14	4.26	0.01	683	290958	买盘
14:33:05	4.25	-0.01	594	252450	卖盘
14:32:50	4.26	--	10	4260	买盘
14:32:40	4.26	0.01	800	340800	买盘
14:32:35	4.25	-0.01	1	425	卖盘
14:32:29	4.26	--	5	2130	买盘
14:32:20	4.26	--	7	2982	买盘
14:32:14	4.26	--	22	9372	买盘
14:32:05	4.26	--	7	2982	买盘
14:31:59	4.26	--	158	67308	买盘
14:31:55	4.26	--	8	3408	买盘
14:31:50	4.26	0.01	8	3408	买盘
14:31:14	4.25	--	33	14025	卖盘
14:31:05	4.25	--	20	8500	卖盘
14:30:59	4.25	--	10	4250	卖盘
14:30:54	4.25	-0.01	100	42500	卖盘
14:30:35	4.26	0.01	297	126522	买盘
14:30:29	4.25	--	37	15725	卖盘
14:30:24	4.25	-0.01	47	19975	卖盘
14:30:19	4.26	--	18	7668	买盘
14:30:14	4.26	0.01	21	8946	买盘
14:29:54	4.25	--	1	425	卖盘
14:29:50	4.25	--	350	148750	卖盘
14:29:34	4.25	-0.01	35	14875	卖盘
14:29:29	4.26	0.01	107	45582	买盘
14:29:24	4.25	--	5	2125	卖盘
14:29:19	4.25	-0.01	20	8500	卖盘
14:29:14	4.26	0.01	108	46008	买盘
14:29:04	4.25	--	5	2125	卖盘
14:28:54	4.25	--	75	31875	卖盘
14:28:49	4.25	--	1	425	卖盘
14:28:34	4.25	-0.01	10	4250	卖盘
14:28:29	4.26	--	110	46860	买盘
14:28:19	4.26	--	68	28968	买盘
14:27:59	4.26	0.01	111	47286	买盘
14:27:54	4.25	--	11	4675	卖盘
14:27:39	4.25	-0.01	20	8500	卖盘
14:27:29	4.26	--	130	55380	买盘
14:27:23	4.26	--	1	426	买盘
14:27:19	4.26	--	1	426	买盘
14:27:14	4.26	--	122	51972	买盘
14:26:53	4.26	0.01	122	51972	买盘
14:26:44	4.25	-0.01	4	1700	卖盘
14:26:38	4.26	--	442	188292	买盘
14:26:29	4.26	0.01	85	36210	买盘
14:26:23	4.25	--	5	2125	卖盘
14:26:14	4.25	-0.01	145	61625	卖盘
14:25:53	4.26	0.01	44	18744	买盘
14:25:34	4.25	--	29	12325	买盘
14:25:23	4.25	--	579	246075	买盘
14:25:14	4.25	--	126	53550	买盘
14:25:08	4.25	--	60	25500	买盘
14:25:04	4.25	--	11	4675	买盘
14:24:59	4.25	--	51	21675	买盘
14:24:53	4.25	--	49	20825	买盘
14:24:49	4.25	--	2465	1047625	买盘
14:24:38	4.25	--	115	48875	买盘
14:24:28	4.25	--	1212	515100	买盘
14:24:23	4.25	--	55	23375	买盘
14:24:13	4.25	--	211	89675	买盘
14:23:53	4.25	--	1689	717825	卖盘
14:23:43	4.25	--	13	5525	卖盘
14:23:33	4.25	--	20	8500	卖盘
14:23:28	4.25	-0.01	3	1275	卖盘
14:23:23	4.26	--	75	31950	买盘
14:23:13	4.26	--	40	17040	买盘
14:22:58	4.26	--	5	2130	买盘
14:22:53	4.26	--	11	4686	买盘
14:22:43	4.26	--	40	17040	买盘
14:22:38	4.26	--	5	2130	买盘
14:22:33	4.26	0.01	8	3408	买盘
14:22:28	4.25	-0.01	6	2550	卖盘
14:22:18	4.26	--	40	17040	买盘
14:22:13	4.26	0.01	115	48990	买盘
14:21:58	4.25	-0.01	9	3825	卖盘
14:21:48	4.26	0.01	40	17040	买盘
14:21:33	4.25	-0.01	100	42500	卖盘
14:21:28	4.26	--	4	1704	买盘
14:21:18	4.26	--	39	16614	买盘
14:21:08	4.26	0.01	110	46860	买盘
14:21:02	4.25	--	340	144500	卖盘
14:20:53	4.25	-0.01	20	8500	卖盘
14:20:47	4.26	0.01	40	17040	买盘
14:20:43	4.25	-0.01	23	9775	卖盘
14:20:32	4.26	0.01	292	124392	买盘
14:20:23	4.25	--	70	29750	卖盘
14:20:17	4.25	-0.01	55	23375	卖盘
14:20:08	4.26	0.01	82	34932	买盘
14:20:02	4.25	--	3	1275	卖盘
14:19:53	4.25	--	1002	425850	卖盘
14:19:47	4.25	--	92	39100	卖盘
14:19:32	4.25	-0.01	53	22525	卖盘
14:19:28	4.26	--	51	21726	买盘
14:19:23	4.26	0.01	62	26412	买盘
14:19:17	4.25	--	10	4250	卖盘
14:19:13	4.25	--	20	8500	卖盘
14:19:08	4.25	--	12	5100	卖盘
14:19:02	4.25	--	44	18700	卖盘
14:18:53	4.25	--	10	4250	卖盘
14:18:43	4.25	--	8	3400	卖盘
14:18:38	4.25	--	10	4250	卖盘
14:18:32	4.25	--	166	70550	卖盘
14:18:28	4.25	--	15	6375	卖盘
14:18:23	4.25	--	431	183175	卖盘
14:18:12	4.25	--	30	12750	卖盘
14:18:02	4.25	--	44	18700	卖盘
14:17:57	4.25	--	40	17000	卖盘
14:17:47	4.25	--	200	85000	卖盘
14:17:37	4.25	--	466	198050	卖盘
14:17:32	4.25	--	48	20400	卖盘
14:17:27	4.25	--	40	17000	卖盘
14:17:22	4.25	--	10	4250	卖盘
14:17:17	4.25	--	45	19125	卖盘
14:17:02	4.25	-0.01	48	20400	卖盘
14:16:52	4.26	0.01	33	14058	买盘
14:16:47	4.25	-0.01	124	52700	卖盘
14:16:42	4.26	0.01	63	26838	买盘
14:16:37	4.25	-0.01	223	94775	卖盘
14:16:32	4.26	0.01	33	14058	买盘
14:16:27	4.25	-0.01	1	425	卖盘
14:16:22	4.26	--	33	14058	买盘
14:16:12	4.26	0.01	83	35358	买盘
14:16:02	4.25	--	53	22525	卖盘
14:15:57	4.25	-0.01	187	79475	卖盘
14:15:52	4.26	0.01	33	14058	买盘
14:15:47	4.25	-0.01	120	51000	卖盘
14:15:42	4.26	0.01	34	14484	买盘
14:15:37	4.25	-0.01	10	4250	卖盘
14:15:32	4.26	--	33	14058	买盘
14:15:27	4.26	--	281	119706	买盘
14:15:22	4.26	--	41	17466	买盘
14:15:17	4.26	0.01	33	14058	买盘
14:15:11	4.25	--	28	11900	卖盘
14:15:07	4.25	--	94	39950	卖盘
14:15:02	4.25	--	1	425	卖盘
14:14:52	4.25	--	86	36550	卖盘
14:14:47	4.25	-0.01	15	6375	卖盘
14:14:42	4.26	0.01	44	18744	买盘
14:14:37	4.25	--	300	127500	卖盘
14:14:32	4.25	--	152	64600	卖盘
14:14:26	4.25	-0.01	22	9350	卖盘
14:14:22	4.26	0.01	44	18744	买盘
14:14:17	4.25	-0.01	8	3400	卖盘
14:14:11	4.26	0.01	69	29394	买盘
14:14:07	4.25	--	20	8500	卖盘
14:14:02	4.25	--	2	850	卖盘
14:13:56	4.25	-0.01	10	4250	卖盘
14:13:52	4.26	0.01	3	1278	买盘
14:13:47	4.25	--	30	12750	卖盘
14:13:41	4.25	-0.01	959	407575	卖盘
14:13:37	4.26	0.01	75	31950	买盘
14:13:32	4.25	--	197	83725	卖盘
14:13:17	4.25	--	60	25500	卖盘
14:13:11	4.25	-0.01	397	168725	卖盘
14:12:52	4.26	0.01	10	4260	买盘
14:12:47	4.25	-0.01	2	850	卖盘
14:12:32	4.26	0.01	21	8946	买盘
14:12:26	4.25	-0.01	4	1700	卖盘
14:12:22	4.26	--	140	59640	买盘
14:12:07	4.26	--	9	3834	买盘
14:11:56	4.26	--	15	6390	买盘
14:11:31	4.26	--	234	99684	买盘
14:11:26	4.26	0.01	1	426	买盘
14:11:16	4.25	--	17	7225	卖盘
14:11:06	4.25	--	10	4250	卖盘
14:11:01	4.25	-0.01	12	5100	卖盘
14:10:56	4.26	--	142	60492	买盘
14:10:51	4.26	0.01	16	6816	买盘
14:10:46	4.25	--	12	5100	卖盘
14:10:41	4.25	--	5	2125	卖盘
14:10:36	4.25	-0.01	5	2125	卖盘
14:10:26	4.26	0.01	282	120132	买盘
14:10:01	4.25	--	2	850	卖盘
14:09:46	4.25	--	82	34850	卖盘
14:09:41	4.25	-0.01	8	3400	卖盘
14:09:26	4.26	--	1	426	买盘
14:09:06	4.26	--	110	46860	买盘
14:08:51	4.26	--	61	25986	买盘
14:08:41	4.26	--	10	4260	买盘
14:08:36	4.26	0.01	70	29820	买盘
14:08:31	4.25	--	1	425	卖盘
14:08:11	4.25	-0.01	10	4250	卖盘
14:08:01	4.26	--	50	21300	买盘
14:07:50	4.26	0.01	35	14910	买盘
14:07:41	4.25	--	3	1275	卖盘
14:07:31	4.25	--	1	425	卖盘
14:07:20	4.25	--	47	19975	卖盘
14:07:11	4.25	-0.01	2	850	卖盘
14:07:01	4.26	--	1	426	买盘
14:06:56	4.26	0.01	20	8520	买盘
14:06:50	4.25	-0.01	50	21250	卖盘
14:06:41	4.26	0.01	184	78384	买盘
14:06:35	4.25	--	2	850	卖盘
14:06:31	4.25	--	1	425	卖盘
14:06:26	4.25	--	2	850	卖盘
14:06:11	4.25	-0.01	101	42925	卖盘
14:05:50	4.26	0.01	143	60918	买盘
14:05:31	4.25	--	1	425	卖盘
14:05:15	4.25	-0.01	20	8500	卖盘
14:05:05	4.26	0.01	35	14910	买盘
14:05:00	4.25	--	1	425	卖盘
14:04:45	4.25	-0.01	16	6800	卖盘
14:04:35	4.26	--	2	852	买盘
14:04:25	4.26	0.01	14	5964	买盘
14:04:15	4.25	-0.01	2	850	卖盘
14:04:10	4.26	0.01	229	97554	买盘
14:04:05	4.25	--	5	2125	卖盘
14:04:00	4.25	-0.01	9	3825	卖盘
14:03:50	4.26	--	85	36210	买盘
14:03:35	4.26	0.01	326	138876	买盘
14:03:30	4.25	--	33	14025	卖盘
14:03:05	4.25	--	12	5100	卖盘
14:03:00	4.25	-0.01	3	1275	卖盘
14:02:55	4.26	0.01	41	17466	买盘
14:02:50	4.25	--	9	3825	卖盘
14:02:40	4.25	-0.01	50	21250	卖盘
14:02:35	4.26	--	54	23004	买盘
14:02:20	4.26	0.01	33	14058	买盘
14:02:00	4.25	-0.01	1260	535500	卖盘
14:01:50	4.26	0.01	21	8946	买盘
14:01:35	4.25	--	1	425	卖盘
14:01:29	4.25	--	1	425	卖盘
14:01:14	4.25	--	6	2550	卖盘
14:01:10	4.25	--	111	47175	卖盘
14:00:59	4.25	--	1	425	卖盘
14:00:55	4.25	-0.01	20	8500	卖盘
14:00:50	4.26	--	140	59640	买盘
14:00:35	4.26	0.01	250	106500	买盘
14:00:29	4.25	-0.01	169	71825	卖盘
14:00:20	4.26	0.01	41	17466	买盘
14:00:10	4.25	-0.01	3	1275	卖盘
13:59:50	4.26	0.01	130	55380	买盘
13:59:44	4.25	--	88	37400	卖盘
13:59:35	4.25	-0.01	709	301325	卖盘
13:59:25	4.26	--	3	1278	买盘
13:59:14	4.26	--	1	426	买盘
13:58:55	4.26	0.01	50	21300	买盘
13:58:50	4.25	--	32	13600	卖盘
13:58:44	4.25	--	60	25500	卖盘
13:58:14	4.25	-0.01	6	2550	卖盘
13:58:09	4.26	--	50	21300	买盘
13:58:04	4.26	0.01	700	298200	买盘
13:57:59	4.25	--	27	11475	卖盘
13:57:49	4.25	--	1	425	卖盘
13:57:24	4.25	-0.01	1	425	卖盘
13:57:04	4.26	--	4	1704	买盘
13:56:49	4.26	0.01	32	13632	买盘
13:56:19	4.25	-0.01	110	46750	卖盘
13:56:14	4.26	--	50	21300	买盘
13:56:04	4.26	0.01	23	9798	买盘
13:55:59	4.25	--	7	2975	卖盘
13:55:39	4.25	--	30	12750	卖盘
13:55:34	4.25	-0.01	7	2975	卖盘
13:55:24	4.26	--	500	213000	买盘
13:55:19	4.26	0.01	50	21300	买盘
13:55:14	4.25	--	9	3825	卖盘
13:55:08	4.25	--	229	97325	卖盘
13:54:53	4.25	--	3	1275	卖盘
13:54:49	4.25	-0.01	5	2125	卖盘
13:54:44	4.26	0.01	43	18318	买盘
13:54:38	4.25	-0.01	2	850	卖盘
13:54:29	4.26	--	22	9372	买盘
13:54:23	4.26	--	100	42600	买盘
13:54:14	4.26	--	5	2130	买盘
13:54:08	4.26	--	152	64752	买盘
13:53:59	4.26	--	3	1278	买盘
13:53:53	4.26	--	86	36636	卖盘
13:53:44	4.26	--	140	59640	卖盘
13:53:38	4.26	--	10	4260	卖盘
13:53:34	4.26	--	5	2130	卖盘
13:53:29	4.26	--	208	88608	卖盘
13:53:23	4.26	--	171	72846	卖盘
13:53:19	4.26	--	5	2130	卖盘
13:53:14	4.26	--	5	2130	卖盘
13:53:08	4.26	--	50	21300	卖盘
13:53:04	4.26	-0.01	10	4260	卖盘
13:52:59	4.27	0.01	12	5123	买盘
13:52:53	4.26	-0.01	107	45582	卖盘
13:52:49	4.27	0.01	31	13236	买盘
13:52:44	4.26	--	355	151230	卖盘
13:52:38	4.26	-0.01	50	21300	卖盘
13:52:34	4.27	0.01	23	9820	买盘
13:52:28	4.26	--	135	57510	卖盘
13:52:23	4.26	--	180	76680	卖盘
13:52:18	4.26	--	213	90738	卖盘
13:52:14	4.26	--	60	25560	卖盘
13:52:08	4.26	--	52	22152	卖盘
13:52:03	4.26	--	51	21726	卖盘
13:51:58	4.26	--	27	11502	卖盘
13:51:53	4.26	--	417	177642	卖盘
13:51:48	4.26	--	6	2556	卖盘
13:51:38	4.26	--	135	57510	卖盘
13:51:33	4.26	--	25	10650	卖盘
13:51:28	4.26	--	34	14484	卖盘
13:51:23	4.26	-0.01	1080	460080	卖盘
13:51:13	4.27	0.01	30	12809	买盘
13:51:08	4.26	--	69	29394	卖盘
13:51:03	4.26	--	6	2556	卖盘
13:50:58	4.26	--	34	14484	卖盘
13:50:48	4.26	--	9	3834	卖盘
13:50:38	4.26	--	110	46860	卖盘
13:50:28	4.26	--	114	48564	卖盘
13:50:23	4.26	--	190	80940	卖盘
13:50:18	4.26	--	100	42600	卖盘
13:50:13	4.26	--	3	1278	卖盘
13:49:58	4.26	--	2	852	卖盘
13:49:48	4.26	--	3	1278	卖盘
13:49:43	4.26	--	28	11928	卖盘
13:49:38	4.26	--	614	261564	卖盘
13:49:28	4.26	--	300	127800	卖盘
13:49:23	4.26	--	50	21300	卖盘
13:48:58	4.26	-0.01	2	852	卖盘
13:48:53	4.27	0.01	20	8540	买盘
13:48:47	4.26	--	5	2130	卖盘
13:48:38	4.26	--	3	1278	卖盘
13:48:32	4.26	--	1	426	卖盘
13:48:28	4.26	--	10	4260	卖盘
13:48:23	4.26	-0.01	113	48138	卖盘
13:48:08	4.27	0.01	210	89669	买盘
13:47:53	4.26	--	200	85200	卖盘
13:47:43	4.26	-0.01	10	4260	卖盘
13:47:38	4.27	0.01	9	3842	买盘
13:47:32	4.26	--	1	426	卖盘
13:47:28	4.26	-0.01	100	42600	卖盘
13:47:23	4.27	0.01	3	1280	买盘
13:47:17	4.26	--	7	2982	卖盘
13:47:08	4.26	-0.01	28	11928	卖盘
13:46:58	4.27	--	25	10674	买盘
13:46:53	4.27	0.01	50	21349	买盘
13:46:47	4.26	--	18	7668	卖盘
13:46:43	4.26	--	33	14058	卖盘
13:46:38	4.26	-0.01	100	42600	卖盘
13:46:27	4.27	0.01	20	8540	买盘
13:46:23	4.26	-0.01	28	11928	卖盘
13:46:17	4.27	--	103	43980	买盘
13:46:08	4.27	--	13	5550	买盘
13:45:52	4.27	0.01	9	3842	买盘
13:45:37	4.26	--	11	4686	卖盘
13:45:32	4.26	-0.01	57	24282	卖盘
13:45:17	4.27	0.01	10	4270	买盘
13:45:12	4.26	--	20	8520	卖盘
13:45:07	4.26	--	2	852	卖盘
13:45:02	4.26	--	2	852	卖盘
13:44:52	4.26	--	22	9372	卖盘
13:44:42	4.26	--	6	2556	卖盘
13:44:37	4.26	-0.01	9	3834	卖盘
13:44:32	4.27	0.01	11	4696	买盘
13:44:22	4.26	--	300	127800	卖盘
13:44:17	4.26	--	1627	693170	买盘
13:44:07	4.26	--	50	21300	买盘
13:44:02	4.26	--	106	45156	买盘
13:43:52	4.26	0.01	1	426	买盘
13:43:47	4.25	-0.01	15	6375	卖盘
13:43:37	4.26	0.01	200	85200	买盘
13:43:22	4.25	-0.01	1	425	卖盘
13:43:17	4.26	0.01	100	42600	买盘
13:43:12	4.25	-0.01	1	425	卖盘
13:43:07	4.26	--	51	21726	买盘
13:43:02	4.26	0.01	2	852	买盘
13:42:52	4.25	-0.01	10	4250	卖盘
13:42:47	4.26	--	3	1278	买盘
13:42:42	4.26	--	11	4686	买盘
13:42:37	4.26	--	30	12780	买盘
13:42:32	4.26	--	1	426	买盘
13:42:17	4.26	--	1	426	买盘
13:42:07	4.26	0.01	4	1704	买盘
13:41:56	4.25	-0.01	41	17425	卖盘
13:41:52	4.26	0.01	11	4686	买盘
13:41:26	4.25	--	1	425	卖盘
13:41:11	4.25	--	2	1253	卖盘
13:40:56	4.25	-0.01	130	55250	卖盘
13:40:52	4.26	--	1	426	买盘
13:40:47	4.26	--	21	8946	买盘
13:40:41	4.26	--	50	21300	买盘
13:40:26	4.26	0.01	1	426	买盘
13:40:17	4.25	-0.01	10	4250	卖盘
13:40:11	4.26	--	84	35784	买盘
13:40:02	4.26	0.01	15	6390	买盘
13:39:56	4.25	--	418	177883	卖盘
13:39:41	4.25	--	100	42500	卖盘
13:39:31	4.25	--	43	18275	卖盘
13:39:21	4.25	-0.01	3	1275	卖盘
13:38:56	4.26	0.01	64	27264	买盘
13:38:41	4.25	--	35	14875	卖盘
13:38:36	4.25	--	35	14875	卖盘
13:38:21	4.25	-0.01	2	850	卖盘
13:38:16	4.26	--	68	28968	买盘
13:38:06	4.26	--	2	852	买盘
13:37:46	4.26	--	100	42600	买盘
13:37:41	4.26	--	20	8520	买盘
13:37:36	4.26	0.01	20	8520	买盘
13:37:31	4.25	--	12	5100	卖盘
13:37:26	4.25	--	101	42925	卖盘
13:37:21	4.25	--	316	134300	卖盘
13:37:16	4.25	-0.01	40	17000	卖盘
13:37:06	4.26	--	2	852	买盘
13:37:01	4.26	0.01	7	2982	买盘
13:36:56	4.25	--	279	118575	卖盘
13:36:46	4.25	-0.01	30	12750	卖盘
13:36:41	4.26	0.01	2	852	买盘
13:36:31	4.25	--	1	425	卖盘
13:36:26	4.25	--	20	8500	卖盘
13:36:21	4.25	--	60	25500	卖盘
13:36:16	4.25	--	7	2975	卖盘
13:36:11	4.25	--	70	29750	卖盘
13:36:06	4.25	--	11	4675	卖盘
13:35:56	4.25	--	20	8500	卖盘
13:35:51	4.25	--	2	850	卖盘
13:35:41	4.25	--	20	8500	卖盘
13:35:35	4.25	-0.01	8	3400	卖盘
13:35:31	4.26	--	5	2130	买盘
13:35:20	4.26	--	7	2982	买盘
13:35:11	4.26	--	26	11076	买盘
13:34:56	4.26	0.01	110	46860	买盘
13:34:50	4.25	-0.01	5	2125	卖盘
13:34:41	4.26	0.01	5	2130	买盘
13:34:35	4.25	-0.01	35	14875	卖盘
13:34:26	4.26	--	20	8520	买盘
13:34:20	4.26	0.01	1020	434520	买盘
13:34:16	4.25	--	2	850	卖盘
13:34:11	4.25	-0.01	195	82875	卖盘
13:34:05	4.26	--	23	9798	买盘
13:33:56	4.26	--	33	14058	买盘
13:33:50	4.26	--	50	21300	买盘
13:33:46	4.26	0.01	20	8520	买盘
13:33:41	4.25	-0.01	81	34425	卖盘
13:33:26	4.26	--	1248	531878	卖盘
13:33:20	4.26	--	25	10650	卖盘
13:33:16	4.26	--	50	21300	卖盘
13:33:10	4.26	--	152	64752	卖盘
13:33:05	4.26	--	1	426	卖盘
13:32:50	4.26	--	20	8520	卖盘
13:32:40	4.26	--	4	1704	卖盘
13:32:35	4.26	--	1004	427704	卖盘
13:32:30	4.26	--	8	3408	卖盘
13:32:25	4.26	-0.01	43	18318	卖盘
13:32:20	4.27	0.01	45	19214	买盘
13:32:10	4.26	-0.01	80	34080	卖盘
13:32:05	4.27	0.01	11	4696	买盘
13:32:00	4.26	--	3	1278	卖盘
13:31:55	4.26	-0.01	1	426	卖盘
13:31:50	4.27	0.01	25	10674	买盘
13:31:45	4.26	--	20	8520	卖盘
13:31:40	4.26	--	2	852	卖盘
13:31:35	4.26	-0.01	5	2130	卖盘
13:31:15	4.27	0.01	12	5123	买盘
13:31:05	4.26	--	10	4260	卖盘
13:31:00	4.26	-0.01	14	5964	卖盘
13:30:55	4.27	0.01	40	17080	买盘
13:30:50	4.26	--	35	14910	卖盘
13:30:30	4.26	--	102	43452	卖盘
13:30:25	4.26	--	670	285420	卖盘
13:30:20	4.26	-0.01	184	78384	卖盘
13:30:15	4.27	0.01	505	215634	买盘
13:30:10	4.26	--	30	12780	卖盘
13:30:00	4.26	-0.01	2	852	卖盘
13:29:55	4.27	0.01	103	43980	买盘
13:29:35	4.26	-0.01	2	852	卖盘
13:29:25	4.27	0.01	4	1707	买盘
13:29:14	4.26	--	33	14058	卖盘
13:29:05	4.26	--	2	852	卖盘
13:28:55	4.26	-0.01	2	852	卖盘
13:28:50	4.27	0.01	20	8540	买盘
13:28:35	4.26	--	30	12780	卖盘
13:28:29	4.26	--	45	19170	卖盘
13:28:20	4.26	--	4	1704	卖盘
13:28:05	4.26	-0.01	14	5964	卖盘
13:27:44	4.27	--	70	29889	买盘
13:27:40	4.27	0.01	53	22630	买盘
13:27:35	4.26	-0.01	10	4260	卖盘
13:27:25	4.27	--	3	1280	买盘
13:27:14	4.27	0.01	14	5977	买盘
13:26:59	4.26	--	44	18744	卖盘
13:26:40	4.26	--	95	40470	卖盘
13:26:29	4.26	--	810	345060	卖盘
13:26:24	4.26	-0.01	30	12780	卖盘
13:26:19	4.27	--	313	133651	买盘
13:26:14	4.27	--	26	11101	买盘
13:26:09	4.27	--	87	37148	买盘
13:26:04	4.27	--	55	23484	买盘
13:25:59	4.27	--	94	40137	买盘
13:25:49	4.27	--	135	57644	买盘
13:25:44	4.27	--	42	17934	买盘
13:25:39	4.27	--	24	10247	买盘
13:25:34	4.27	--	15	6404	买盘
13:25:29	4.27	--	39	16653	买盘
13:25:24	4.27	--	7	2988	买盘
13:25:19	4.27	--	169	72163	买盘
13:25:14	4.27	--	13	5550	买盘
13:25:04	4.27	0.01	13	5550	买盘
13:24:59	4.26	-0.01	12	5112	卖盘
13:24:49	4.27	--	30	12809	买盘
13:24:44	4.27	--	7	2988	买盘
13:24:29	4.27	0.01	8	3415	买盘
13:24:19	4.26	-0.01	169	71994	卖盘
13:24:14	4.27	0.01	50	21349	买盘
13:24:04	4.26	--	312	132912	卖盘
13:23:49	4.26	--	260	110760	卖盘
13:23:44	4.26	--	15	6390	卖盘
13:23:39	4.26	-0.01	10	4260	卖盘
13:23:34	4.27	0.01	48	20495	买盘
13:23:29	4.26	--	148	63329	卖盘
13:23:24	4.26	-0.01	10	4260	卖盘
13:23:19	4.27	--	10	4270	买盘
13:23:14	4.27	0.01	268	114435	买盘
13:23:08	4.26	--	40	17040	卖盘
13:23:04	4.26	--	20	8520	卖盘
13:22:59	4.26	--	34	14484	卖盘
13:22:49	4.26	--	32	13632	卖盘
13:22:44	4.26	--	220	93720	卖盘
13:22:38	4.26	--	25	10650	卖盘
13:22:23	4.26	--	101	43026	卖盘
13:22:14	4.26	--	2	852	卖盘
13:22:08	4.26	-0.01	213	90738	卖盘
13:22:04	4.27	--	468	199835	买盘
13:21:49	4.27	--	20	8540	买盘
13:21:44	4.27	0.01	50	21349	买盘
13:21:34	4.26	--	10	4260	卖盘
13:21:29	4.26	--	4	1704	卖盘
13:21:23	4.26	--	23	9798	卖盘
13:20:53	4.26	--	60	25560	卖盘
13:20:43	4.26	-0.01	100	42600	卖盘
13:20:38	4.27	0.01	28	11955	买盘
13:20:33	4.26	-0.01	61	25986	卖盘
13:20:23	4.27	--	141	60206	买盘
13:20:13	4.27	0.01	3	1280	买盘
13:20:08	4.26	-0.01	50	21300	卖盘
13:20:03	4.27	0.01	2334	996617	买盘
13:19:53	4.26	-0.01	13	5538	卖盘
13:19:48	4.27	0.01	14	5977	买盘
13:19:38	4.26	--	50	21300	卖盘
13:19:33	4.26	--	70	29820	卖盘
13:19:28	4.26	--	10	4260	卖盘
13:19:23	4.26	--	1	426	卖盘
13:19:13	4.26	0.01	461	196726	买盘
13:19:03	4.25	-0.01	5	2125	卖盘
13:18:58	4.26	--	10	4260	买盘
13:18:53	4.26	--	200	85200	买盘
13:18:43	4.26	0.01	24	10224	买盘
13:18:38	4.25	--	9	3825	卖盘
13:18:28	4.25	--	5	2125	卖盘
13:18:23	4.25	-0.01	10	4250	卖盘
13:18:18	4.26	0.01	10	4260	买盘
13:18:13	4.25	--	130	55250	卖盘
13:18:08	4.25	--	31	13175	卖盘
13:18:03	4.25	-0.01	10	4250	卖盘
13:17:58	4.26	0.01	50	21300	买盘
13:17:53	4.25	-0.01	3	1275	卖盘
13:17:43	4.26	--	32	13632	买盘
13:17:38	4.26	--	90	38340	买盘
13:17:28	4.26	--	22	9372	买盘
13:17:08	4.26	--	248	105733	卖盘
13:17:03	4.26	--	4	1704	卖盘
13:16:58	4.26	--	100	42600	卖盘
13:16:53	4.26	--	101	43026	卖盘
13:16:48	4.26	--	247	105222	卖盘
13:16:43	4.26	-0.01	10	4260	卖盘
13:16:38	4.27	0.01	50	21349	买盘
13:16:28	4.26	0.01	503	214618	买盘
13:16:23	4.25	-0.01	10	4250	卖盘
13:16:13	4.26	--	26	11076	买盘
13:16:08	4.26	--	2	852	买盘
13:16:02	4.26	0.01	1647	701622	买盘
13:15:58	4.25	--	15	6375	卖盘
13:15:53	4.25	-0.01	181	76925	卖盘
13:15:47	4.26	0.01	28	11928	买盘
13:15:43	4.25	--	160	68000	卖盘
13:15:38	4.25	--	10	4250	卖盘
13:15:32	4.25	-0.01	76	32300	卖盘
13:15:28	4.26	0.01	30	12780	买盘
13:15:23	4.25	--	10	4250	卖盘
13:15:17	4.25	-0.01	34	14450	卖盘
13:15:08	4.26	--	36	15336	买盘
13:14:53	4.26	--	27	11502	买盘
13:14:38	4.26	--	2	852	买盘
13:14:32	4.26	--	28	11928	买盘
13:14:23	4.26	--	125	53335	卖盘
13:14:12	4.26	--	267	113742	卖盘
13:14:08	4.26	-0.01	326	138876	卖盘
13:14:02	4.27	0.01	60	25619	买盘
13:13:53	4.26	--	529	225354	卖盘
13:13:47	4.26	--	185	78810	卖盘
13:13:42	4.26	-0.01	238	101388	卖盘
13:13:37	4.27	0.01	759	324092	买盘
13:13:28	4.26	--	10	4260	卖盘
13:13:22	4.26	--	600	255600	卖盘
13:13:07	4.26	--	557	237282	卖盘
13:12:52	4.26	-0.01	28	11928	卖盘
13:12:47	4.27	0.01	26	11101	买盘
13:12:42	4.26	-0.01	330	140580	卖盘
13:12:37	4.27	0.01	1	426	买盘
13:12:32	4.26	-0.01	40	17040	卖盘
13:12:22	4.27	0.01	289	123402	买盘
13:12:07	4.26	--	47	20022	卖盘
13:12:02	4.26	-0.01	615	261990	卖盘
13:11:52	4.27	0.01	2	853	买盘
13:11:47	4.26	--	20	8520	卖盘
13:11:37	4.26	-0.01	12	5112	卖盘
13:11:32	4.27	0.01	122	52093	买盘
13:11:27	4.26	-0.01	600	255600	卖盘
13:11:22	4.27	--	28	11955	买盘
13:11:17	4.27	--	124	52947	买盘
13:11:07	4.27	--	96	40991	买盘
13:11:02	4.27	--	28	11955	买盘
13:10:52	4.27	--	28	11955	买盘
13:10:47	4.27	--	28	11955	买盘
13:10:42	4.27	--	27	11528	买盘
13:10:37	4.27	0.01	28	11955	买盘
13:10:32	4.26	--	133	56658	卖盘
13:10:27	4.26	-0.01	16	6816	卖盘
13:10:22	4.27	0.01	35	14944	买盘
13:10:17	4.26	-0.01	143	60918	卖盘
13:10:07	4.27	--	29	12382	买盘
13:10:02	4.27	0.01	104	44407	买盘
13:09:57	4.26	-0.01	200	85200	卖盘
13:09:52	4.27	--	28	11955	买盘
13:09:47	4.27	--	51	21776	买盘
13:09:37	4.27	--	28	11955	买盘
13:09:32	4.27	--	27	11528	买盘
13:09:26	4.27	--	92	39283	买盘
13:09:17	4.27	0.01	108	46115	买盘
13:09:12	4.26	--	48	20448	卖盘
13:09:07	4.26	-0.01	45	19170	卖盘
13:09:02	4.27	--	56	23911	买盘
13:08:56	4.27	--	127	54228	买盘
13:08:47	4.27	--	30	12809	买盘
13:08:41	4.27	--	8	3415	买盘
13:08:37	4.27	0.01	27	11528	买盘
13:08:32	4.26	--	127	54102	卖盘
13:08:26	4.26	--	30	12780	卖盘
13:08:22	4.26	-0.01	137	58362	卖盘
13:08:11	4.27	0.01	58	24765	买盘
13:08:02	4.26	-0.01	37	15762	卖盘
13:07:52	4.27	0.01	129	55082	买盘
13:07:46	4.26	-0.01	98	41748	卖盘
13:07:41	4.27	--	100	42699	买盘
13:07:36	4.27	--	87	37148	买盘
13:07:31	4.27	0.01	78	33306	买盘
13:07:26	4.26	-0.01	100	42600	卖盘
13:07:22	4.27	--	30	12809	买盘
13:07:16	4.27	--	28	11955	买盘
13:07:11	4.27	--	15	6404	买盘
13:07:06	4.27	--	31	13236	买盘
13:07:01	4.27	--	16	6831	买盘
13:06:56	4.27	0.01	118	50385	买盘
13:06:51	4.26	--	37	15762	卖盘
13:06:47	4.26	--	37	15762	卖盘
13:06:41	4.26	--	100	42600	卖盘
13:06:11	4.26	--	7	2982	卖盘
13:06:06	4.26	--	2	852	卖盘
13:06:01	4.26	-0.01	14	5964	卖盘
13:05:56	4.27	0.01	7	2988	买盘
13:05:51	4.26	-0.01	100	42600	卖盘
13:05:46	4.27	--	199	84972	买盘
13:05:41	4.27	--	10	4270	买盘
13:05:31	4.27	--	27	11528	买盘
13:05:26	4.27	--	217	92658	买盘
13:05:21	4.27	--	17	7258	买盘
13:05:16	4.27	--	28	11955	买盘
13:05:11	4.27	--	27	11528	买盘
13:05:01	4.27	-0.01	70	29889	卖盘
13:04:56	4.28	0.01	30	12840	买盘
13:04:51	4.27	--	90	38429	卖盘
13:04:46	4.27	--	39	16653	卖盘
13:04:41	4.27	--	12	5123	买盘
13:04:36	4.27	0.01	100	42699	买盘
13:04:31	4.26	--	504	214704	卖盘
13:04:21	4.26	-0.01	10	4260	卖盘
13:04:16	4.27	-0.01	28	11955	卖盘
13:04:11	4.28	0.02	254	108712	买盘
13:04:06	4.26	-0.01	137	58362	卖盘
13:04:01	4.27	--	30	12809	买盘
13:03:56	4.27	--	360	153719	买盘
13:03:41	4.27	--	1405	599934	买盘
13:03:36	4.27	--	100	42699	买盘
13:03:31	4.27	--	1	426	买盘
13:03:26	4.27	--	35	14944	买盘
13:03:11	4.27	--	1157	494038	买盘
13:03:05	4.27	0.01	52	22203	买盘
13:03:01	4.26	-0.01	20	8520	卖盘
13:02:56	4.27	0.01	1	426	买盘
13:02:50	4.26	--	80	34080	卖盘
13:02:41	4.26	-0.01	2	852	卖盘
13:02:20	4.27	--	15	6404	买盘
13:02:11	4.27	--	51	21776	买盘
13:02:05	4.27	--	2	853	买盘
13:01:50	4.27	--	66	28181	买盘
13:01:41	4.27	--	22	9393	买盘
13:01:31	4.27	--	25	10674	买盘
13:01:26	4.27	--	7	2988	买盘
13:01:20	4.27	--	79	33733	卖盘
13:01:11	4.27	--	91	38856	卖盘
13:00:55	4.27	-0.01	20	8540	中性盘
13:00:50	4.28	0.01	300	128400	买盘
13:00:40	4.27	-0.01	7	2988	卖盘
13:00:35	4.28	--	0	0	买盘
13:00:30	4.28	--	36	15408	买盘
13:00:25	4.28	0.01	294	125832	买盘
13:00:20	4.27	--	100	42699	买盘
13:00:15	4.27	0.01	9	3842	买盘
13:00:10	4.26	-0.01	1082	460932	卖盘
13:00:05	4.27	--	4214	1799377	买盘
11:30:00	4.27	--	0	0	买盘
11:30:00	4.27	0.02	1247	532810	买盘
11:29:57	4.25	-0.01	101	42925	卖盘
11:29:52	4.26	--	10	4260	买盘
11:29:47	4.26	--	190	80940	买盘
11:29:42	4.26	0.01	24	10224	买盘
11:29:37	4.25	--	146	62050	卖盘
11:29:32	4.25	--	425	180625	卖盘
11:29:22	4.25	--	10	4250	卖盘
11:29:17	4.25	-0.01	10	4250	卖盘
11:29:12	4.26	--	8	3408	买盘
11:29:07	4.26	--	2	852	买盘
11:29:02	4.26	--	32	13632	买盘
11:28:57	4.26	--	52	22152	买盘
11:28:52	4.26	0.01	65	27690	买盘
11:28:37	4.25	--	362	153850	卖盘
11:28:22	4.25	-0.01	6	2550	卖盘
11:28:17	4.26	0.01	44	18744	买盘
11:28:12	4.25	-0.01	10	4250	卖盘
11:28:07	4.26	0.01	43	18318	买盘
11:28:01	4.25	-0.01	62	26350	卖盘
11:27:57	4.26	--	10	4260	买盘
11:27:52	4.26	--	40	17040	买盘
11:27:47	4.26	0.01	184	78384	买盘
11:27:42	4.25	--	20	8500	卖盘
11:27:37	4.25	-0.01	200	85000	卖盘
11:27:31	4.26	0.01	37	15762	买盘
11:27:22	4.25	--	10	4250	卖盘
11:27:01	4.25	--	81	34425	卖盘
11:26:56	4.25	--	11	4675	卖盘
11:26:51	4.25	-0.01	58	24696	卖盘
11:26:46	4.26	--	120	51120	买盘
11:26:41	4.26	0.01	47	20022	买盘
11:26:31	4.25	-0.01	17	7225	卖盘
11:26:26	4.26	--	14	5964	买盘
11:26:21	4.26	--	9	3834	买盘
11:26:11	4.26	--	14	5964	买盘
11:26:06	4.26	--	134	57084	买盘
11:26:01	4.26	--	346	147396	买盘
11:25:56	4.26	--	900	383400	买盘
11:25:36	4.26	--	16	6901	卖盘
11:25:31	4.26	--	137	58362	卖盘
11:25:26	4.26	--	43	18318	卖盘
11:25:21	4.26	--	7	2982	卖盘
11:25:16	4.26	--	60	25560	卖盘
11:25:11	4.26	--	79	33654	卖盘
11:25:06	4.26	--	202	86052	卖盘
11:25:01	4.26	--	55	23430	卖盘
11:24:46	4.26	0.01	501	213766	买盘
11:24:41	4.25	-0.01	2	850	卖盘
11:24:36	4.26	0.01	52	22152	买盘
11:24:26	4.25	-0.01	58	24650	卖盘
11:24:11	4.26	--	10	4260	买盘
11:24:01	4.26	--	18	7668	买盘
11:23:56	4.26	--	10	4260	买盘
11:23:51	4.26	--	72	30757	卖盘
11:23:46	4.26	0.01	2274	969064	买盘
11:23:41	4.25	-0.01	79	33575	卖盘
11:23:36	4.26	--	78	33228	买盘
11:23:31	4.26	--	3	1278	买盘
11:23:26	4.26	--	106	45156	买盘
11:23:21	4.26	--	514	218964	买盘
11:23:16	4.26	--	407	173382	买盘
11:23:06	4.26	--	1	426	买盘
11:23:01	4.26	0.01	558	237708	买盘
11:22:56	4.25	-0.01	30	12750	卖盘
11:22:51	4.26	0.01	20	8520	买盘
11:22:46	4.25	--	407	172975	卖盘
11:22:41	4.25	-0.01	120	51000	卖盘
11:22:26	4.26	--	178	75828	买盘
11:22:21	4.26	0.01	60	25560	买盘
11:22:01	4.25	--	1035	439875	卖盘
11:21:56	4.25	--	120	51000	卖盘
11:21:51	4.25	--	1957	831729	买盘
11:21:46	4.25	--	20	8500	买盘
11:21:41	4.25	--	203	86275	买盘
11:21:31	4.25	--	164	69700	买盘
11:21:26	4.25	--	3	1275	买盘
11:21:21	4.25	--	5	2125	买盘
11:21:06	4.25	--	514	218870	卖盘
11:21:01	4.25	--	150	63750	卖盘
11:20:55	4.25	--	1	425	卖盘
11:20:40	4.25	-0.01	98	41654	买盘
11:20:35	4.26	0.01	226	96276	买盘
11:20:31	4.25	--	268	113900	卖盘
11:20:21	4.25	-0.01	51	21675	卖盘
11:20:15	4.26	--	30	12780	买盘
11:20:05	4.26	--	607	258582	买盘
11:19:55	4.26	--	278	118428	买盘
11:19:40	4.26	0.01	700	298200	买盘
11:19:35	4.25	--	42	17850	卖盘
11:19:30	4.25	--	8	3400	卖盘
11:19:25	4.25	-0.01	295	125375	卖盘
11:19:20	4.26	0.01	14	5964	买盘
11:19:15	4.25	-0.01	2	850	卖盘
11:19:10	4.26	--	7	2982	买盘
11:19:00	4.26	--	254	108204	买盘
11:18:55	4.26	0.01	4	1704	买盘
11:18:50	4.25	--	407	172975	买盘
11:18:45	4.25	--	1	425	买盘
11:18:35	4.25	--	2053	872525	卖盘
11:18:25	4.25	--	150	63750	卖盘
11:18:20	4.25	--	88	37400	卖盘
11:18:10	4.25	--	28	11900	卖盘
11:18:05	4.25	-0.01	113	48407	卖盘
11:18:00	4.26	--	1	426	买盘
11:17:55	4.26	0.01	111	47286	买盘
11:17:40	4.25	--	29	12325	卖盘
11:17:35	4.25	--	8	3400	卖盘
11:17:30	4.25	--	3136	1332800	卖盘
11:17:25	4.25	0.01	4222	1794469	买盘
11:17:20	4.24	--	1508	639392	卖盘
11:16:50	4.24	--	145	61480	卖盘
11:16:40	4.24	--	106	44944	卖盘
11:16:35	4.24	--	5	2120	卖盘
11:16:30	4.24	-0.01	2	848	卖盘
11:16:20	4.25	0.01	17	7225	买盘
11:16:10	4.24	-0.01	510	216240	卖盘
11:16:05	4.25	--	132	56100	买盘
11:16:00	4.25	--	431	183175	买盘
11:15:55	4.25	--	77	32725	买盘
11:15:50	4.25	--	14	5950	买盘
11:15:45	4.25	--	30	12750	买盘
11:15:40	4.25	--	103	43775	买盘
11:15:34	4.25	--	16	6800	买盘
11:15:19	4.25	0.01	44	18700	买盘
11:15:15	4.24	--	20	8480	卖盘
11:15:05	4.24	--	20	8480	卖盘
11:14:55	4.24	0.01	172	72928	买盘
11:14:50	4.23	-0.01	34	14382	卖盘
11:14:45	4.24	0.01	100	42400	买盘
11:14:40	4.23	-0.01	80	33840	卖盘
11:14:24	4.24	--	100	42400	买盘
11:14:19	4.24	--	115	48760	买盘
11:14:10	4.24	--	73	30952	买盘
11:14:04	4.24	0.01	16	6784	买盘
11:13:54	4.23	-0.01	5	2115	卖盘
11:13:49	4.24	0.01	15	6360	买盘
11:13:45	4.23	-0.01	83	35109	卖盘
11:13:39	4.24	--	40	16960	买盘
11:13:34	4.24	--	71	30104	买盘
11:13:24	4.24	--	100	42400	买盘
11:13:14	4.24	--	86	36464	买盘
11:13:09	4.24	--	2	848	买盘
11:13:04	4.24	0.01	116	49184	买盘
11:12:59	4.23	-0.01	30	12690	卖盘
11:12:49	4.24	0.01	1600	678400	买盘
11:12:44	4.23	-0.01	2	846	卖盘
11:12:39	4.24	--	28	11872	买盘
11:12:34	4.24	--	7	2968	买盘
11:12:29	4.24	--	8	3392	买盘
11:12:19	4.24	0.01	7	2968	买盘
11:12:04	4.23	-0.01	10	4230	卖盘
11:11:49	4.24	--	1	424	买盘
11:11:39	4.24	0.01	42	17808	买盘
11:11:34	4.23	--	7	2961	卖盘
11:11:24	4.23	--	5	2115	卖盘
11:11:14	4.23	-0.01	1	423	卖盘
11:11:08	4.24	--	2	848	买盘
11:11:04	4.24	--	35	14840	卖盘
11:10:59	4.24	--	179	75896	卖盘
11:10:53	4.24	--	50	21200	卖盘
11:10:49	4.24	--	100	42400	卖盘
11:10:44	4.24	--	110	46640	卖盘
11:10:39	4.24	--	153	64872	卖盘
11:10:34	4.24	--	31	13144	卖盘
11:10:29	4.24	--	258	109392	卖盘
11:10:24	4.24	--	10	4240	卖盘
11:10:19	4.24	--	212	89888	卖盘
11:10:14	4.24	--	311	131864	卖盘
11:10:09	4.24	--	23	9752	卖盘
11:10:04	4.24	--	2	848	卖盘
11:09:59	4.24	--	125	53000	卖盘
11:09:54	4.24	--	57	24168	卖盘
11:09:49	4.24	--	10	4240	卖盘
11:09:44	4.24	--	73	30952	卖盘
11:09:34	4.24	--	366	155184	卖盘
11:09:29	4.24	--	27	11448	卖盘
11:09:24	4.24	--	45	19080	卖盘
11:09:19	4.24	--	29	12296	卖盘
11:09:14	4.24	-0.01	1	424	卖盘
11:08:54	4.25	0.01	40	17000	买盘
11:08:49	4.24	-0.01	30	12720	卖盘
11:08:43	4.25	0.01	5	2125	买盘
11:08:39	4.24	-0.01	108	45792	卖盘
11:08:34	4.25	--	259	110075	买盘
11:08:28	4.25	--	19	8075	买盘
11:08:23	4.25	--	71	30175	买盘
11:08:19	4.25	--	20	8500	买盘
11:08:13	4.25	--	95	40375	买盘
11:08:03	4.25	--	50	21250	买盘
11:07:54	4.25	--	1	425	买盘
11:07:48	4.25	--	7	2975	买盘
11:07:43	4.25	--	45	19125	买盘
11:07:39	4.25	--	17	7225	买盘
11:07:24	4.25	0.01	11	4675	买盘
11:07:13	4.24	-0.01	32	13568	卖盘
11:07:08	4.25	--	45	19125	买盘
11:07:03	4.25	--	9	3825	买盘
11:06:58	4.25	0.01	102	43350	买盘
11:06:48	4.24	--	4	1696	买盘
11:06:43	4.24	-0.01	52	22048	卖盘
11:06:38	4.25	--	69	29325	买盘
11:06:33	4.25	0.01	92	39100	买盘
11:06:28	4.24	--	2069	877256	卖盘
11:06:23	4.24	--	209	88616	卖盘
11:06:18	4.24	--	71	30104	卖盘
11:06:13	4.24	-0.01	71	30104	中性盘
11:06:08	4.25	--	1031	438175	买盘
11:05:58	4.25	0.01	2000	850000	买盘
11:05:53	4.24	--	1600	678400	买盘
11:05:38	4.24	--	8	3392	买盘
11:05:28	4.24	--	23	9752	买盘
11:05:23	4.24	0.01	4	1696	买盘
11:05:18	4.23	--	7	2961	卖盘
11:05:13	4.23	-0.01	105	44415	卖盘
11:05:08	4.24	--	80	33920	买盘
11:05:03	4.24	--	1	424	买盘
11:04:43	4.24	--	653	276872	卖盘
11:04:38	4.24	--	39	16536	卖盘
11:04:28	4.24	--	243	103032	卖盘
11:04:23	4.24	--	100	42400	卖盘
11:04:12	4.24	--	30	12720	卖盘
11:04:08	4.24	--	100	42400	卖盘
11:04:02	4.24	--	10	4240	卖盘
11:03:58	4.24	--	92	39008	卖盘
11:03:53	4.24	--	40	16960	卖盘
11:03:43	4.24	--	76	32224	卖盘
11:03:38	4.24	--	40	16960	卖盘
11:03:28	4.24	--	93	39432	卖盘
11:03:23	4.24	--	20	8480	卖盘
11:03:13	4.24	--	4	1696	卖盘
11:03:02	4.24	--	80	33920	卖盘
11:02:58	4.24	0.01	1122	475728	买盘
11:02:53	4.23	-0.01	150	63450	卖盘
11:02:43	4.24	0.01	19	8056	买盘
11:02:38	4.23	-0.01	62	26226	卖盘
11:02:32	4.24	--	2	848	买盘
11:02:28	4.24	--	91	38584	买盘
11:02:23	4.24	--	13	5512	买盘
11:02:13	4.24	--	1	424	买盘
11:02:08	4.24	--	468	198432	卖盘
11:01:57	4.24	--	27	11448	卖盘
11:01:53	4.24	--	15	6360	卖盘
11:01:47	4.24	--	27	11448	卖盘
11:01:42	4.24	--	90	38160	卖盘
11:01:37	4.24	--	1893	802632	买盘
11:01:32	4.24	--	21	8904	买盘
11:01:27	4.24	--	70	29680	买盘
11:01:22	4.24	--	7	2968	买盘
11:01:17	4.24	0.01	413	175112	买盘
11:01:12	4.23	-0.01	10	4230	卖盘
11:01:07	4.24	--	18	7632	买盘
11:00:52	4.24	--	2	848	买盘
11:00:47	4.24	--	311	131864	买盘
11:00:42	4.24	--	14	5936	买盘
11:00:37	4.24	0.01	7	2968	买盘
11:00:32	4.23	--	19	8037	卖盘
11:00:22	4.23	-0.01	50	21150	卖盘
11:00:17	4.24	--	53	22472	买盘
11:00:12	4.24	--	14	5936	买盘
11:00:07	4.24	0.01	77	32648	买盘
10:59:57	4.23	--	4	1692	买盘
10:59:52	4.23	--	493	208539	买盘
10:59:47	4.23	--	150	63450	买盘
10:59:42	4.23	--	10	4230	买盘
10:59:32	4.23	--	18	7614	买盘
10:59:27	4.23	0.01	1000	423000	买盘
10:59:17	4.22	-0.01	1030	434660	卖盘
10:59:12	4.23	--	12	5076	买盘
10:58:52	4.23	--	600	253800	买盘
10:58:42	4.23	--	345	145935	买盘
10:58:37	4.23	--	23	9729	买盘
10:58:26	4.23	--	21	8883	买盘
10:58:22	4.23	--	220	93060	买盘
10:58:17	4.23	0.01	75	31725	买盘
10:58:07	4.22	-0.01	64	27008	卖盘
10:58:02	4.23	0.01	15	6345	买盘
10:57:51	4.22	--	18	7596	卖盘
10:57:41	4.22	--	2	844	卖盘
10:57:26	4.22	-0.01	1	422	卖盘
10:57:11	4.23	--	23	9729	买盘
10:57:06	4.23	--	5	2115	买盘
10:56:56	4.23	0.01	5	2115	买盘
10:56:51	4.22	-0.01	72	30384	卖盘
10:56:16	4.23	0.01	12	5076	买盘
10:56:06	4.22	--	20	8440	卖盘
10:56:02	4.22	--	77	32493	卖盘
10:55:46	4.22	--	20	8440	卖盘
10:55:36	4.22	-0.01	12	5064	卖盘
10:55:26	4.23	--	5	2115	买盘
10:55:11	4.23	--	10	4230	卖盘
10:55:06	4.23	--	279	118017	卖盘
10:55:01	4.23	-0.01	138	58374	卖盘
10:54:56	4.24	0.01	1	424	买盘
10:54:51	4.23	-0.01	210	88830	卖盘
10:54:46	4.24	0.01	22	9328	买盘
10:54:36	4.23	--	10	4230	卖盘
10:54:31	4.23	--	236	99828	卖盘
10:54:26	4.23	--	34	14382	卖盘
10:54:16	4.23	--	687	290601	卖盘
10:54:11	4.23	--	3	1269	卖盘
10:54:06	4.23	--	50	21150	卖盘
10:54:01	4.23	-0.01	10	4230	卖盘
10:53:56	4.24	--	7	2968	买盘
10:53:51	4.24	--	10	4240	买盘
10:53:31	4.24	--	8	3392	买盘
10:53:26	4.24	--	40	16960	买盘
10:53:21	4.24	0.01	1	424	买盘
10:53:16	4.23	-0.01	11	4653	卖盘
10:53:11	4.24	--	1	424	买盘
10:53:06	4.24	0.01	10	4240	买盘
10:53:01	4.23	-0.01	10	4230	卖盘
10:52:51	4.24	--	10	4240	买盘
10:52:46	4.24	--	1023	433752	买盘
10:52:41	4.24	--	10	4240	买盘
10:52:36	4.24	--	23	9752	买盘
10:52:31	4.24	0.01	219	92856	买盘
10:52:26	4.23	--	2	846	卖盘
10:52:21	4.23	-0.01	62	26226	卖盘
10:52:16	4.24	--	11	4664	买盘
10:52:11	4.24	--	1	424	买盘
10:51:56	4.24	0.01	1000	424000	买盘
10:51:50	4.23	--	315	133245	卖盘
10:51:35	4.23	-0.01	100	42300	卖盘
10:51:30	4.24	--	21	8904	买盘
10:51:26	4.24	--	259	109816	买盘
10:51:20	4.24	0.01	30	12720	买盘
10:51:15	4.23	-0.01	76	32148	卖盘
10:51:11	4.24	--	468	198432	买盘
10:51:05	4.24	--	37	15688	买盘
10:51:00	4.24	--	96	40704	买盘
10:50:56	4.24	--	46	19504	买盘
10:50:50	4.24	--	66	27984	买盘
10:50:45	4.24	--	34	14416	买盘
10:50:41	4.24	--	75	31800	买盘
10:50:35	4.24	0.01	46	19504	买盘
10:50:30	4.23	-0.02	180	76140	卖盘
10:50:26	4.25	--	22	9350	买盘
10:50:20	4.25	0.01	39	16876	买盘
10:50:15	4.24	--	37	15688	买盘
10:50:11	4.24	0.01	2600	1102400	买盘
10:50:05	4.23	--	2622	1109106	买盘
10:50:00	4.23	0.01	57	24111	买盘
10:49:56	4.22	0.01	239	100858	买盘
10:49:50	4.21	-0.01	31	13051	卖盘
10:49:40	4.22	--	1000	422000	买盘
10:49:35	4.22	0.01	12	5064	买盘
10:49:30	4.21	-0.01	55	23155	卖盘
10:49:25	4.22	--	51	21522	买盘
10:49:20	4.22	0.01	14	5908	买盘
10:49:10	4.21	--	56	23576	卖盘
10:49:05	4.21	-0.01	3	1263	卖盘
10:48:55	4.22	--	2	844	买盘
10:48:50	4.22	0.01	589	248557	买盘
10:48:40	4.21	-0.01	30	12630	卖盘
10:48:25	4.22	0.01	15	6330	买盘
10:48:10	4.21	-0.01	5	2105	卖盘
10:48:05	4.22	0.01	50	21100	买盘
10:47:55	4.21	--	67	28207	卖盘
10:47:50	4.21	-0.01	4	1684	卖盘
10:47:45	4.22	--	30	12660	买盘
10:47:30	4.22	--	11	4642	卖盘
10:47:25	4.22	--	0	0	中性盘
10:47:20	4.22	--	211	89042	买盘
10:46:55	4.22	--	106	44732	买盘
10:46:50	4.22	--	16	6752	买盘
10:46:25	4.22	--	580	244760	买盘
10:46:20	4.22	--	50	21100	买盘
10:46:10	4.22	--	1	422	买盘
10:45:59	4.22	--	21	8862	买盘
10:45:55	4.22	--	23	9706	买盘
10:45:50	4.22	--	600	253199	买盘
10:45:44	4.22	0.01	1	422	买盘
10:45:40	4.21	-0.01	37	15577	卖盘
10:45:35	4.22	--	21	8862	买盘
10:45:29	4.22	--	5	2110	买盘
10:45:24	4.22	0.01	2	844	买盘
10:45:20	4.21	-0.01	10	4210	卖盘
10:45:14	4.22	--	1	422	买盘
10:45:09	4.22	0.01	6	2532	买盘
10:45:05	4.21	--	35	14735	卖盘
10:44:54	4.21	--	198	83358	买盘
10:44:50	4.21	-0.01	20	8420	买盘
10:44:39	4.22	0.01	87	36714	卖盘
10:44:34	4.21	-0.02	13	5473	中性盘
10:44:29	4.23	0.02	2000	846000	买盘
10:44:24	4.21	--	83	34943	卖盘
10:44:20	4.21	--	27	11367	买盘
10:44:14	4.21	--	72	30312	卖盘
10:44:09	4.21	0.01	30	12630	买盘
10:44:05	4.2	--	471	198021	买盘
10:43:59	4.2	--	34	14280	买盘
10:43:54	4.2	-0.01	5201	2184420	卖盘
10:43:50	4.21	--	502	211342	买盘
10:43:39	4.21	--	1150	484150	卖盘
10:43:35	4.21	--	243	102303	卖盘
10:43:29	4.21	--	18	7578	卖盘
10:43:24	4.21	--	19	7999	卖盘
10:43:20	4.21	--	210	88410	卖盘
10:43:14	4.21	--	93	39153	卖盘
10:43:09	4.21	--	20	8420	卖盘
10:42:54	4.21	--	10	4210	卖盘
10:42:39	4.21	--	50	21050	卖盘
10:42:34	4.21	-0.01	51	21471	卖盘
10:42:14	4.22	-0.01	40	16880	卖盘
10:42:09	4.23	0.01	144	60912	买盘
10:42:04	4.22	--	1330	561260	卖盘
10:41:59	4.22	--	121	51062	卖盘
10:41:49	4.22	--	310	130819	卖盘
10:41:43	4.22	--	1612	680264	卖盘
10:41:39	4.22	--	44	18568	卖盘
10:41:29	4.22	--	49	20678	买盘
10:41:19	4.22	--	221	93262	买盘
10:41:14	4.22	-0.01	2948	1244178	卖盘
10:41:09	4.23	0.01	694	293862	买盘
10:41:04	4.22	--	3641	1536502	卖盘
10:40:59	4.22	--	2471	1042761	买盘
10:40:49	4.22	--	20	8440	买盘
10:40:44	4.22	0.04	2	844	买盘
10:40:39	4.18	--	498	208205	买盘
10:40:34	4.18	-0.04	3001	1254794	卖盘
10:40:29	4.22	0.04	80	33760	买盘
10:40:19	4.18	-0.04	3000	1254000	卖盘
10:40:14	4.22	0.01	10	4220	买盘
10:40:09	4.21	--	20	8420	卖盘
10:40:04	4.21	0.01	375	157875	买盘
10:39:59	4.2	-0.01	3226	1354920	卖盘
10:39:49	4.21	-0.01	60	25260	卖盘
10:39:44	4.22	0.01	552	232944	买盘
10:39:38	4.21	-0.01	1500	631500	卖盘
10:39:34	4.22	--	101	42622	买盘
10:39:29	4.22	--	90	37980	买盘
10:39:23	4.22	0.01	1881	793782	买盘
10:39:19	4.21	-0.01	145	61045	卖盘
10:39:14	4.22	--	596	251511	买盘
10:39:08	4.22	--	100	42200	买盘
10:39:04	4.22	--	1344	567168	买盘
10:38:59	4.22	--	341	143902	买盘
10:38:53	4.22	0.01	29	12238	买盘
10:38:49	4.21	-0.02	182	76622	卖盘
10:38:44	4.23	0.01	2513	1062999	买盘
10:38:38	4.22	--	780	329160	卖盘
10:38:33	4.22	--	20	8440	卖盘
10:38:29	4.22	--	3318	1400196	买盘
10:38:23	4.22	--	868	366296	买盘
10:38:18	4.22	--	130	54860	买盘
10:38:14	4.22	--	422	178084	买盘
10:38:08	4.22	0.01	40	16880	买盘
10:38:03	4.21	--	3148	1325308	卖盘
10:37:59	4.21	-0.01	382	160822	卖盘
10:37:53	4.22	--	1502	633844	买盘
10:37:48	4.22	--	1174	495427	买盘
10:37:44	4.22	--	1088	459136	买盘
10:37:38	4.22	--	2	844	买盘
10:37:33	4.22	--	60	25320	买盘
10:37:28	4.22	-0.01	1848	779856	卖盘
10:37:23	4.23	--	947	400581	买盘
10:37:18	4.23	--	126	53298	买盘
10:37:13	4.23	--	234	99104	卖盘
10:37:08	4.23	-0.01	407	172161	卖盘
10:37:03	4.24	--	1743	739032	买盘
10:36:58	4.24	--	480	203520	买盘
10:36:53	4.24	0.01	114	48336	买盘
10:36:48	4.23	--	406	171738	卖盘
10:36:43	4.23	0.01	3856	1631388	买盘
10:36:38	4.22	-0.01	55	23210	卖盘
10:36:33	4.23	0.01	1784	754632	买盘
10:36:28	4.22	--	547	230834	买盘
10:36:23	4.22	0.01	210	88620	买盘
10:36:18	4.21	-0.01	984	414264	卖盘
10:36:13	4.22	0.02	2849	1202278	买盘
10:36:08	4.2	-0.01	100	42000	卖盘
10:36:03	4.21	0.01	345	145245	买盘
10:35:58	4.2	0.01	3368	1414736	买盘
10:35:48	4.19	--	4796	2009565	买盘
10:35:43	4.19	0.01	5000	2095000	买盘
10:35:38	4.18	--	2265	946769	买盘
10:35:33	4.18	--	3610	1508980	买盘
10:35:13	4.18	--	41	17138	买盘
10:34:53	4.18	0.01	100	41800	买盘
10:34:37	4.17	--	8	3336	卖盘
10:33:58	4.17	-0.01	6	2502	卖盘
10:33:52	4.18	--	20	8360	买盘
10:33:43	4.18	0.01	540	225719	买盘
10:33:28	4.17	--	170	70890	卖盘
10:33:23	4.17	-0.01	6	2502	卖盘
10:32:58	4.18	0.01	6	2508	买盘
10:32:37	4.17	--	5	2085	卖盘
10:32:22	4.17	--	5	2085	卖盘
10:32:07	4.17	-0.01	23	9591	卖盘
10:31:57	4.18	--	26	10868	买盘
10:31:52	4.18	--	10	4180	买盘
10:31:47	4.18	--	3	1254	买盘
10:31:42	4.18	--	250	104500	买盘
10:31:27	4.18	--	40	16720	买盘
10:31:22	4.18	--	1	418	买盘
10:30:52	4.18	0.01	50	20900	买盘
10:30:12	4.17	-0.01	112	46704	卖盘
10:30:07	4.18	0.01	2	836	买盘
10:29:52	4.17	-0.01	4	1668	卖盘
10:29:22	4.18	--	1	418	买盘
10:29:12	4.18	0.01	100	41800	买盘
10:29:07	4.17	--	6	2502	卖盘
10:28:52	4.17	-0.01	34	14178	卖盘
10:28:37	4.18	--	4	1672	买盘
10:28:31	4.18	--	4	1672	买盘
10:28:22	4.18	--	372	155496	买盘
10:28:16	4.18	--	276	115367	买盘
10:28:01	4.18	--	169	70642	买盘
10:27:57	4.18	--	20	8360	买盘
10:27:46	4.18	--	360	150480	买盘
10:27:42	4.18	--	507	211926	买盘
10:27:31	4.18	0.01	31	12958	买盘
10:27:27	4.17	-0.01	45	18765	卖盘
10:27:22	4.18	--	20	8360	买盘
10:27:16	4.18	0.01	1	418	买盘
10:27:11	4.17	--	52	21684	卖盘
10:27:07	4.17	--	218	90906	卖盘
10:27:01	4.17	-0.01	70	29190	卖盘
10:26:52	4.18	--	764	319352	买盘
10:26:41	4.18	-0.01	248	103664	卖盘
10:26:31	4.19	0.01	30	12570	买盘
10:26:26	4.18	--	1210	505779	卖盘
10:26:22	4.18	--	50	20900	卖盘
10:26:16	4.18	--	1	418	卖盘
10:26:06	4.18	-0.01	49	20482	卖盘
10:26:01	4.19	0.01	4	1676	买盘
10:25:51	4.18	-0.01	80	33440	卖盘
10:25:46	4.19	0.01	310	129890	买盘
10:25:36	4.18	--	1040	434719	卖盘
10:25:16	4.18	-0.01	1553	649154	卖盘
10:25:06	4.19	0.01	22	9218	买盘
10:25:01	4.18	--	500	209000	卖盘
10:24:51	4.18	--	3	1254	卖盘
10:24:41	4.18	--	87	36366	买盘
10:24:36	4.18	--	50	20900	买盘
10:24:31	4.18	--	11	4598	买盘
10:24:26	4.18	--	4	1672	买盘
10:24:21	4.18	--	30	12540	买盘
10:24:16	4.18	--	425	177650	买盘
10:24:06	4.18	--	3015	1260270	买盘
10:24:01	4.18	--	133	55593	买盘
10:23:56	4.18	--	15	6270	买盘
10:23:51	4.18	--	22	9196	买盘
10:23:46	4.18	--	243	101574	买盘
10:23:41	4.18	--	22	9196	买盘
10:23:36	4.18	--	112	46816	买盘
10:23:31	4.18	--	22	9196	买盘
10:23:26	4.18	--	22	9196	买盘
10:23:21	4.18	--	151	63117	买盘
10:23:16	4.18	--	116	48488	买盘
10:23:06	4.18	--	522	218195	买盘
10:22:56	4.18	--	117	48906	买盘
10:22:51	4.18	--	543	226973	买盘
10:22:46	4.18	--	15	6270	买盘
10:22:41	4.18	0.01	72	30095	买盘
10:22:31	4.17	-0.01	22	9174	卖盘
10:22:25	4.18	0.01	15	6270	买盘
10:22:21	4.17	--	59	24603	卖盘
10:21:40	4.17	-0.01	1	417	卖盘
10:21:25	4.18	--	1	418	买盘
10:21:10	4.18	--	15	6270	买盘
10:21:06	4.18	0.01	50	20900	买盘
10:21:01	4.17	-0.01	10	4170	卖盘
10:20:55	4.18	--	521	217777	买盘
10:20:46	4.18	--	3	1254	买盘
10:20:40	4.18	--	215	89870	买盘
10:20:21	4.18	0.01	30	12540	买盘
10:20:16	4.17	-0.01	74	30858	卖盘
10:19:50	4.18	0.01	1	418	买盘
10:19:40	4.17	-0.01	74	30858	卖盘
10:19:35	4.18	--	52	21736	买盘
10:19:10	4.18	--	1	418	买盘
10:19:00	4.18	--	230	96140	买盘
10:18:55	4.18	0.01	6	2508	买盘
10:18:50	4.17	--	30	12510	卖盘
10:18:45	4.17	-0.01	865	360705	卖盘
10:18:35	4.18	0.01	1000	418000	买盘
10:18:25	4.17	-0.01	50	20850	卖盘
10:18:15	4.18	--	12	5016	买盘
10:17:55	4.18	--	200	83600	买盘
10:17:50	4.18	--	20	8360	买盘
10:17:45	4.18	--	311	129997	买盘
10:17:30	4.18	--	210	87780	买盘
10:17:25	4.18	--	60	25080	买盘
10:17:15	4.18	--	25	10450	买盘
10:17:10	4.18	--	22	9196	买盘
10:17:00	4.18	--	16	6688	买盘
10:16:55	4.18	--	544	227391	买盘
10:16:45	4.18	--	2	836	买盘
10:16:40	4.18	--	100	41800	买盘
10:16:35	4.18	--	300	125399	买盘
10:16:30	4.18	--	141	58937	买盘
10:16:25	4.18	--	15	6270	买盘
10:16:20	4.18	--	22	9196	买盘
10:16:15	4.18	--	83	34694	买盘
10:16:10	4.18	--	48	20064	买盘
10:16:05	4.18	--	131	54757	买盘
10:16:00	4.18	--	122	50996	买盘
10:15:55	4.18	--	125	52250	买盘
10:15:49	4.18	--	51	21318	买盘
10:15:45	4.18	--	43	17974	买盘
10:15:40	4.18	--	16	6688	买盘
10:15:34	4.18	--	57	23826	买盘
10:15:25	4.18	0.01	3	1254	买盘
10:15:19	4.17	-0.01	1	417	卖盘
10:15:15	4.18	--	141	58937	买盘
10:15:10	4.18	--	50	20900	买盘
10:15:04	4.18	--	10	4180	买盘
10:15:00	4.18	--	21	8778	买盘
10:14:55	4.18	--	15	6270	买盘
10:14:49	4.18	--	24	10032	买盘
10:14:45	4.18	--	21	8778	买盘
10:14:40	4.18	--	8	3344	买盘
10:14:30	4.18	--	147	61445	买盘
10:14:25	4.18	--	70	29259	买盘
10:14:19	4.18	--	1	418	买盘
10:14:15	4.18	--	116	48488	买盘
10:14:04	4.18	--	323	135014	买盘
10:13:59	4.18	--	7	2926	买盘
10:13:55	4.18	--	195	81510	买盘
10:13:49	4.18	--	53	22154	买盘
10:13:40	4.18	--	126	52668	买盘
10:13:34	4.18	--	9	3761	买盘
10:13:29	4.18	--	172	71896	买盘
10:13:24	4.18	--	77	32185	买盘
10:13:19	4.18	--	964	402952	买盘
10:13:14	4.18	--	23	9614	买盘
10:13:10	4.18	--	254	106172	买盘
10:13:04	4.18	--	2180	911239	买盘
10:12:44	4.18	--	55	22990	买盘
10:12:39	4.18	--	36	15047	买盘
10:12:34	4.18	--	672	280896	买盘
10:12:29	4.18	--	90	37620	买盘
10:12:24	4.18	--	33	13793	买盘
10:12:19	4.18	--	52	21736	买盘
10:12:14	4.18	0.01	72	30095	买盘
10:12:09	4.17	-0.01	281	117177	卖盘
10:12:04	4.18	--	299	124981	买盘
10:11:59	4.18	--	62	25916	买盘
10:11:54	4.18	--	22	9196	买盘
10:11:49	4.18	--	2051	857317	买盘
10:11:44	4.18	--	22	9196	买盘
10:11:39	4.18	--	61	25498	买盘
10:11:34	4.18	--	202	84436	买盘
10:11:29	4.18	--	11	4598	买盘
10:11:24	4.18	0.01	47	19646	买盘
10:11:14	4.17	--	1048	437016	买盘
10:11:09	4.17	--	65	27105	买盘
10:11:04	4.17	--	15	6255	买盘
10:10:54	4.17	0.01	3068	1279356	买盘
10:10:44	4.16	-0.01	111	46176	卖盘
10:10:34	4.17	--	7	2919	买盘
10:10:19	4.17	0.01	26	10842	买盘
10:10:04	4.16	-0.01	68	28288	卖盘
10:09:54	4.17	--	5	2085	买盘
10:09:49	4.17	--	123	51291	买盘
10:09:28	4.17	--	120	50040	买盘
10:08:13	4.17	--	21	8757	买盘
10:08:04	4.17	--	23	9591	买盘
10:07:23	4.17	--	3	1251	买盘
10:07:08	4.17	--	28	11676	买盘
10:06:48	4.17	0.01	86	35862	买盘
10:06:43	4.16	--	108	44928	卖盘
10:06:23	4.16	-0.01	91	37856	卖盘
10:06:18	4.17	0.01	22	9174	买盘
10:06:08	4.16	-0.01	1	416	卖盘
10:06:03	4.17	0.01	19	7923	买盘
10:05:58	4.16	--	88	36608	卖盘
10:05:53	4.16	-0.01	16	6656	卖盘
10:05:38	4.17	0.01	20	8340	买盘
10:05:18	4.16	--	15	6240	卖盘
10:04:58	4.16	--	230	95680	卖盘
10:04:53	4.16	-0.01	45	18720	卖盘
10:04:33	4.17	0.01	20	8340	买盘
10:04:28	4.16	--	493	205088	卖盘
10:04:23	4.16	-0.01	101	42016	卖盘
10:04:13	4.17	0.01	30	12510	买盘
10:04:03	4.16	--	80	33280	卖盘
10:03:58	4.16	--	880	366080	卖盘
10:03:43	4.16	-0.01	50	20800	卖盘
10:03:38	4.17	--	2	834	买盘
10:03:28	4.17	0.01	2	834	买盘
10:03:22	4.16	--	211	87776	卖盘
10:03:13	4.16	-0.01	85	35360	卖盘
10:03:07	4.17	--	223	92991	买盘
10:03:03	4.17	--	1	417	买盘
10:02:52	4.17	-0.01	3397	1416549	卖盘
10:02:43	4.18	--	50	20900	买盘
10:02:28	4.18	--	29	12122	买盘
10:02:22	4.18	--	5	2090	买盘
10:02:13	4.18	--	65	27169	买盘
10:01:58	4.18	--	25	10450	买盘
10:01:52	4.18	--	115	48070	买盘
10:01:48	4.18	0.01	100	41800	买盘
10:01:43	4.17	-0.01	30	12510	卖盘
10:01:32	4.18	0.01	50	20900	买盘
10:01:28	4.17	-0.01	30	12510	卖盘
10:01:13	4.18	--	50	20900	买盘
10:01:07	4.18	0.01	58	24244	买盘
10:00:57	4.17	--	10	4170	卖盘
10:00:52	4.17	--	1	417	卖盘
10:00:43	4.17	--	200	83400	卖盘
10:00:37	4.17	--	20	8340	卖盘
10:00:32	4.17	--	9	3753	卖盘
10:00:28	4.17	--	201	83817	卖盘
10:00:12	4.17	--	50	20850	卖盘
10:00:07	4.17	--	10	4170	卖盘
09:59:52	4.17	--	1770	738090	买盘
09:59:47	4.17	--	90	37530	买盘
09:59:27	4.17	--	1584	660528	买盘
09:59:07	4.17	--	172	71724	买盘
09:59:02	4.17	--	30	12510	买盘
09:58:47	4.17	0.01	30	12510	买盘
09:58:27	4.16	-0.01	76	31616	卖盘
09:58:22	4.17	0.01	10	4170	买盘
09:58:17	4.16	--	1	416	卖盘
09:58:12	4.16	-0.01	30	12480	卖盘
09:58:07	4.17	0.01	270	112590	买盘
09:58:02	4.16	-0.01	92	38272	卖盘
09:57:57	4.17	--	410	170970	买盘
09:57:52	4.17	--	170	70890	买盘
09:57:47	4.17	--	30	12510	买盘
09:57:42	4.17	--	40	16680	买盘
09:57:37	4.17	--	2000	834000	买盘
09:57:32	4.17	0.01	1	417	买盘
09:57:27	4.16	-0.01	50	20800	卖盘
09:57:22	4.17	--	100	41700	买盘
09:57:12	4.17	--	2	834	买盘
09:57:01	4.17	--	1	417	买盘
09:56:46	4.17	--	4	1668	买盘
09:56:42	4.17	0.01	20	8340	买盘
09:56:37	4.16	-0.01	61	25376	卖盘
09:56:22	4.17	--	1	417	买盘
09:56:12	4.17	--	10	4170	买盘
09:55:57	4.17	0.01	10	4170	买盘
09:55:52	4.16	--	299	124704	卖盘
09:55:46	4.16	--	28	11648	卖盘
09:55:42	4.16	--	190	79040	卖盘
09:55:31	4.16	--	84	34944	卖盘
09:55:16	4.16	-0.01	9	3744	卖盘
09:54:52	4.17	0.01	200	83400	买盘
09:54:46	4.16	--	1	416	卖盘
09:54:41	4.16	--	20	8320	卖盘
09:54:37	4.16	--	68	28288	卖盘
09:54:22	4.16	--	56	23296	卖盘
09:54:16	4.16	--	200	83200	卖盘
09:54:06	4.16	-0.01	63	26208	卖盘
09:54:01	4.17	0.01	1	417	买盘
09:53:56	4.16	--	48	19968	卖盘
09:53:46	4.16	--	20	8320	卖盘
09:53:36	4.16	--	35	14560	卖盘
09:53:16	4.16	--	247	102752	卖盘
09:53:06	4.16	--	20	8320	卖盘
09:52:56	4.16	--	5	2080	卖盘
09:52:51	4.16	--	30	12480	买盘
09:52:46	4.16	--	1000	416000	买盘
09:52:41	4.16	--	20	8320	买盘
09:52:36	4.16	--	51	21216	买盘
09:52:21	4.16	--	5	2080	买盘
09:52:16	4.16	0.01	155	64480	买盘
09:52:11	4.15	--	33	13695	卖盘
09:52:06	4.15	-0.01	4	1660	卖盘
09:52:01	4.16	--	30	12480	买盘
09:51:51	4.16	--	110	45760	买盘
09:51:41	4.16	--	70	29120	买盘
09:51:36	4.16	--	164	68224	买盘
09:51:31	4.16	--	28	11648	买盘
09:51:26	4.16	--	25	10400	买盘
09:51:21	4.16	--	46	19136	买盘
09:51:16	4.16	0.01	490	203840	买盘
09:51:06	4.15	-0.01	9	3735	卖盘
09:51:01	4.16	--	127	52832	买盘
09:50:56	4.16	0.01	61	25376	买盘
09:50:51	4.15	-0.01	34	14110	卖盘
09:50:46	4.16	--	2	832	买盘
09:50:40	4.16	0.01	40	16640	买盘
09:50:36	4.15	--	234	97110	卖盘
09:50:31	4.15	-0.01	165	68475	卖盘
09:50:25	4.16	--	24	9984	买盘
09:50:21	4.16	--	20	8320	买盘
09:50:16	4.16	0.01	102	42432	买盘
09:50:10	4.15	--	66	27390	卖盘
09:50:06	4.15	--	111	46065	卖盘
09:50:01	4.15	-0.01	2297	953255	卖盘
09:49:55	4.16	--	59	24544	卖盘
09:49:51	4.16	-0.01	81	33696	卖盘
09:49:46	4.17	0.01	52	21684	买盘
09:49:40	4.16	--	127	52832	卖盘
09:49:36	4.16	--	186	77376	卖盘
09:49:21	4.16	--	8	3328	卖盘
09:49:16	4.16	-0.01	66	27456	卖盘
09:49:10	4.17	0.01	7	2919	买盘
09:49:06	4.16	-0.01	4	1664	卖盘
09:49:01	4.17	0.01	128	53376	买盘
09:48:55	4.16	-0.01	636	264576	卖盘
09:48:46	4.17	0.01	9	3753	买盘
09:48:40	4.16	--	101	42016	卖盘
09:48:35	4.16	--	49	20384	卖盘
09:48:31	4.16	--	100	41600	卖盘
09:48:25	4.16	--	30	12480	卖盘
09:48:20	4.16	--	13	5408	卖盘
09:48:16	4.16	--	16	6656	卖盘
09:48:05	4.16	--	4	1664	卖盘
09:48:00	4.16	--	2	832	卖盘
09:47:55	4.16	-0.01	42	17472	卖盘
09:47:50	4.17	--	20	8340	买盘
09:47:45	4.17	0.01	9	3753	买盘
09:47:40	4.16	--	43	17888	卖盘
09:47:35	4.16	--	3	1248	卖盘
09:47:30	4.16	--	68	28288	卖盘
09:47:25	4.16	--	100	41600	卖盘
09:47:20	4.16	-0.01	7	2912	卖盘
09:47:15	4.17	0.01	13	5421	买盘
09:47:05	4.16	--	110	45760	卖盘
09:47:00	4.16	-0.01	30	12480	卖盘
09:46:55	4.17	0.01	332	138444	买盘
09:46:50	4.16	--	10	4160	卖盘
09:46:45	4.16	--	1	416	卖盘
09:46:40	4.16	--	300	124800	卖盘
09:46:30	4.16	--	3	1248	卖盘
09:46:25	4.16	--	9	3744	卖盘
09:46:20	4.16	0.01	2	832	买盘
09:46:10	4.15	--	225	93375	卖盘
09:46:05	4.15	--	60	24900	卖盘
09:46:00	4.15	-0.01	1257	521655	卖盘
09:45:55	4.16	0.01	16	6656	买盘
09:45:45	4.15	-0.01	13	5395	卖盘
09:45:40	4.16	0.01	20	8320	买盘
09:45:35	4.15	-0.01	64	26560	卖盘
09:45:30	4.16	--	317	131872	买盘
09:45:25	4.16	--	6	2496	买盘
09:45:20	4.16	--	25	10400	买盘
09:45:10	4.16	--	831	345696	卖盘
09:45:05	4.16	--	841	349856	卖盘
09:45:00	4.16	--	150	62400	卖盘
09:44:55	4.16	--	100	41600	卖盘
09:44:45	4.16	--	10	4160	卖盘
09:44:40	4.16	--	34	14144	卖盘
09:44:34	4.16	-0.01	6	2496	卖盘
09:44:30	4.17	0.01	68	28356	买盘
09:44:25	4.16	--	10	4160	卖盘
09:44:19	4.16	-0.01	28	11648	卖盘
09:44:15	4.17	0.01	20	8340	买盘
09:44:10	4.16	--	9	3744	卖盘
09:44:04	4.16	--	11	4576	卖盘
09:43:55	4.16	-0.01	25	10400	卖盘
09:43:49	4.17	0.01	60	25020	买盘
09:43:45	4.16	--	28	11648	卖盘
09:43:40	4.16	--	21	8736	卖盘
09:43:34	4.16	--	67	27872	卖盘
09:43:30	4.16	--	36	14976	卖盘
09:43:25	4.16	--	187	77792	卖盘
09:43:19	4.16	-0.01	21	8736	卖盘
09:43:00	4.17	--	10	4170	买盘
09:42:55	4.17	0.01	177	73809	买盘
09:42:49	4.16	--	100	41600	卖盘
09:42:45	4.16	-0.01	8	3328	卖盘
09:42:40	4.17	0.01	350	145950	买盘
09:42:25	4.16	--	22	9152	卖盘
09:42:09	4.16	-0.01	20	8320	卖盘
09:42:04	4.17	0.01	34	14178	买盘
09:41:49	4.16	--	40	16640	卖盘
09:41:40	4.16	-0.01	12	4992	卖盘
09:41:24	4.17	0.01	70	29190	买盘
09:41:09	4.16	-0.01	8	3328	卖盘
09:40:59	4.17	--	29	12093	买盘
09:40:54	4.17	0.01	150	62550	买盘
09:40:49	4.16	--	46	19136	卖盘
09:40:44	4.16	--	100	41600	卖盘
09:40:39	4.16	-0.01	10	4160	卖盘
09:40:34	4.17	--	21	8757	买盘
09:40:29	4.17	0.01	2	834	买盘
09:40:19	4.16	-0.01	7	2912	卖盘
09:40:14	4.17	0.01	2	834	买盘
09:40:09	4.16	-0.01	1105	459680	卖盘
09:40:04	4.17	--	8	3336	买盘
09:39:59	4.17	0.01	57	23769	买盘
09:39:54	4.16	--	36	14976	卖盘
09:39:49	4.16	--	92	38272	卖盘
09:39:44	4.16	--	28	11648	卖盘
09:39:39	4.16	--	437	181792	卖盘
09:39:34	4.16	-0.01	33	13728	卖盘
09:39:29	4.17	0.01	307	128019	买盘
09:39:19	4.16	-0.01	7	2912	卖盘
09:39:14	4.17	0.01	2	834	买盘
09:39:04	4.16	--	8	3328	卖盘
09:38:59	4.16	--	115	47840	卖盘
09:38:54	4.16	--	8	3328	卖盘
09:38:49	4.16	--	22	9152	卖盘
09:38:44	4.16	-0.01	44	18304	卖盘
09:38:39	4.17	0.01	100	41700	买盘
09:38:34	4.16	-0.01	700	291200	卖盘
09:38:24	4.17	-0.01	403	168051	卖盘
09:38:19	4.18	0.01	43	17974	买盘
09:38:13	4.17	--	50	20850	卖盘
09:38:04	4.17	--	247	102999	买盘
09:37:58	4.17	--	98	40866	买盘
09:37:54	4.17	0.01	218	90906	买盘
09:37:49	4.16	--	62	25792	卖盘
09:37:43	4.16	--	36	14976	卖盘
09:37:34	4.16	--	51	21216	卖盘
09:37:28	4.16	--	42	17472	卖盘
09:37:24	4.16	--	36	14976	卖盘
09:37:13	4.16	--	637	264992	买盘
09:37:09	4.16	--	227	94432	买盘
09:37:04	4.16	--	350	145600	买盘
09:36:58	4.16	0.01	380	158080	买盘
09:36:49	4.15	-0.01	400	166000	卖盘
09:36:38	4.16	--	727	302432	买盘
09:36:34	4.16	--	1500	624000	买盘
09:36:28	4.16	--	10	4160	买盘
09:36:23	4.16	--	200	83200	买盘
09:36:19	4.16	--	176	73216	买盘
09:36:04	4.16	--	2	832	买盘
09:35:58	4.16	0.01	100	41600	买盘
09:35:43	4.15	--	215	89225	卖盘
09:35:38	4.15	-0.01	14	5810	卖盘
09:35:33	4.16	0.01	26	10816	买盘
09:34:58	4.15	--	6	2490	卖盘
09:34:33	4.15	--	84	34860	卖盘
09:34:28	4.15	--	20	8300	卖盘
09:34:18	4.15	--	957	397155	卖盘
09:34:13	4.15	--	10	4150	卖盘
09:34:08	4.15	--	1669	692635	卖盘
09:34:03	4.15	-0.01	72	29880	卖盘
09:33:58	4.16	0.01	44	18304	买盘
09:33:43	4.15	--	210	87150	卖盘
09:33:28	4.15	--	100	41500	卖盘
09:33:18	4.15	--	3	1245	卖盘
09:33:13	4.15	-0.01	21	8715	卖盘
09:33:03	4.16	0.01	32	13312	买盘
09:32:57	4.15	--	27	11205	卖盘
09:32:43	4.15	--	50	20750	卖盘
09:32:38	4.15	--	7	2905	卖盘
09:32:33	4.15	--	91	37765	卖盘
09:32:28	4.15	--	7	2905	卖盘
09:32:18	4.15	-0.01	123	51045	卖盘
09:32:13	4.16	--	67	27872	买盘
09:32:03	4.16	--	118	49088	买盘
09:31:58	4.16	--	48	19968	买盘
09:31:52	4.16	--	241	100256	买盘
09:31:43	4.16	--	74	30784	买盘
09:31:28	4.16	0.01	120	49920	买盘
09:31:22	4.15	--	7	2905	卖盘
09:31:18	4.15	-0.01	7	2905	卖盘
09:31:07	4.16	0.01	83	34528	买盘
09:31:03	4.15	-0.01	24	9960	卖盘
09:30:57	4.16	0.01	314	130624	买盘
09:30:52	4.15	-0.01	8	3320	卖盘
09:30:48	4.16	--	9	3744	买盘
09:30:28	4.16	--	12	4992	买盘
09:30:22	4.16	--	2	832	买盘
09:30:07	4.16	0.01	1098	456768	买盘
09:28:49	4.15	--	0	0	卖盘
09:25:07	4.15	4.15	1141	473515	买盘
