成交时间	成交价	价格变动	成交量(手)	成交额(元)	性质
15:00:00	12.06	--	0	0	卖盘
15:00:00	12.06	-0.01	0	0	卖盘
14:59:58	12.07	--	22	26554	买盘
14:59:52	12.07	0.01	4	4828	买盘
14:59:48	12.06	-0.01	10	12060	卖盘
14:59:43	12.07	0.01	10	12070	买盘
14:59:37	12.06	--	105	126630	卖盘
14:59:33	12.06	--	12	14472	卖盘
14:59:28	12.06	--	35	42210	卖盘
14:59:22	12.06	--	30	36180	卖盘
14:59:18	12.06	--	68	82008	买盘
14:59:13	12.06	-0.01	46	55476	卖盘
14:59:07	12.07	0.01	1	1207	买盘
14:58:58	12.06	--	24	28944	买盘
14:58:52	12.06	0.01	49	59094	买盘
14:58:48	12.05	-0.01	41	49405	卖盘
14:58:33	12.06	--	27	32562	买盘
14:58:27	12.06	--	48	57888	买盘
14:58:22	12.06	0.01	7	8442	买盘
14:58:18	12.05	--	4	4820	卖盘
14:58:12	12.05	-0.01	18	21690	卖盘
14:58:07	12.06	0.01	19	22914	买盘
14:57:57	12.05	--	1	1205	卖盘
14:57:52	12.05	--	74	89170	卖盘
14:57:48	12.05	--	22	26510	卖盘
14:57:32	12.05	--	14	16870	卖盘
14:57:27	12.05	--	11	13255	买盘
14:57:18	12.05	--	6	7230	卖盘
14:57:12	12.05	-0.01	17	20485	卖盘
14:57:07	12.06	--	10	12060	买盘
14:57:02	12.06	0.03	115	138690	卖盘
14:56:57	12.03	--	0	0	卖盘
14:56:52	12.03	-0.03	993	1194579	卖盘
14:56:42	12.06	0.01	18	21708	买盘
14:56:32	12.05	--	15	18075	卖盘
14:56:22	12.05	--	14	16870	卖盘
14:56:17	12.05	-0.01	3	3615	卖盘
14:56:12	12.06	--	22	26532	买盘
14:55:52	12.06	--	20	24120	买盘
14:55:47	12.06	--	5	6030	买盘
14:55:42	12.06	-0.01	64	77184	卖盘
14:55:37	12.07	--	12	14484	买盘
14:55:22	12.07	--	170	205190	买盘
14:55:07	12.07	0.02	11	13277	买盘
14:54:57	12.05	--	0	0	卖盘
14:54:52	12.05	--	67	80735	卖盘
14:54:22	12.05	0.01	10	12050	卖盘
14:54:16	12.04	--	0	0	卖盘
14:54:07	12.04	--	454	546616	买盘
14:53:57	12.04	--	67	80668	买盘
14:53:46	12.04	0.01	50	60199	买盘
14:53:42	12.03	-0.01	5	6015	卖盘
14:53:37	12.04	--	1	1204	买盘
14:53:31	12.04	0.01	4	4816	买盘
14:53:27	12.03	-0.01	20	24060	卖盘
14:53:22	12.04	--	58	69832	买盘
14:53:16	12.04	--	3	3611	买盘
14:53:12	12.04	0.01	5	6020	买盘
14:53:01	12.03	-0.01	20	24060	卖盘
14:52:42	12.04	-0.01	520	626080	卖盘
14:52:37	12.05	--	37	44585	卖盘
14:52:31	12.05	-0.01	8	9640	卖盘
14:52:22	12.06	--	56	67536	买盘
14:52:12	12.06	--	23	27738	买盘
14:52:07	12.06	--	41	49446	买盘
14:51:52	12.06	--	210	253260	卖盘
14:51:46	12.06	-0.02	33	39798	卖盘
14:51:42	12.08	0.01	50	60400	买盘
14:51:31	12.07	--	24	28968	卖盘
14:51:27	12.07	--	75	90525	卖盘
14:51:22	12.07	--	3	3621	卖盘
14:51:16	12.07	--	5	6035	卖盘
14:51:06	12.07	--	40	48280	卖盘
14:50:56	12.07	-0.01	10	12070	卖盘
14:50:51	12.08	0.01	5	6040	买盘
14:50:41	12.07	-0.01	120	144840	卖盘
14:50:36	12.08	0.01	24	28992	买盘
14:50:31	12.07	-0.01	25	30175	卖盘
14:50:21	12.08	0.01	3	3624	买盘
14:50:06	12.07	-0.01	4	4828	卖盘
14:49:51	12.08	--	5	6040	买盘
14:49:46	12.08	--	1	1208	买盘
14:49:06	12.08	--	5	6040	买盘
14:48:51	12.08	--	20	24160	买盘
14:48:36	12.08	--	17	20536	买盘
14:48:25	12.08	0.01	50	60400	买盘
14:48:06	12.07	-0.01	2	2414	买盘
14:48:01	12.08	--	12	14496	买盘
14:47:51	12.08	0.02	51	61608	买盘
14:47:40	12.06	-0.02	80	96480	卖盘
14:47:36	12.08	--	7	8456	卖盘
14:47:31	12.08	--	1	1208	卖盘
14:47:25	12.08	-0.01	8	9664	卖盘
14:47:16	12.09	--	14	16926	买盘
14:46:40	12.09	0.01	1	1209	买盘
14:46:31	12.08	--	10	12080	卖盘
14:46:21	12.08	0.02	76	92774	买盘
14:46:16	12.06	--	100	120600	买盘
14:46:10	12.06	--	29	34974	买盘
14:46:01	12.06	--	5	6030	买盘
14:45:55	12.06	--	1	1206	买盘
14:45:51	12.06	--	10	12060	买盘
14:45:46	12.06	-0.01	593	715158	卖盘
14:45:36	12.07	--	176	212432	买盘
14:45:31	12.07	--	1	1207	买盘
14:45:25	12.07	0.01	12	14484	买盘
14:45:21	12.06	-0.01	33	39798	卖盘
14:45:16	12.07	--	26	31382	买盘
14:45:10	12.07	0.01	20	24140	买盘
14:44:50	12.06	-0.01	16	19296	卖盘
14:44:46	12.07	--	29	35003	买盘
14:44:36	12.07	0.01	10	12070	买盘
14:44:31	12.06	-0.01	12	14472	卖盘
14:44:15	12.07	-0.01	39	47073	卖盘
14:44:00	12.08	--	1	1208	买盘
14:43:45	12.08	0.02	10	12080	买盘
14:43:00	12.06	-0.02	100	120600	卖盘
14:42:55	12.08	0.01	16	19328	买盘
14:42:40	12.07	-0.01	129	155944	卖盘
14:42:15	12.08	-0.01	23	27784	卖盘
14:42:00	12.09	-0.01	40	48360	卖盘
14:41:15	12.1	0.01	16	19360	买盘
14:40:55	12.09	0.01	7	8463	买盘
14:40:49	12.08	-0.01	10	12080	卖盘
14:40:45	12.09	--	67	81003	买盘
14:40:30	12.09	--	19	23938	买盘
14:40:25	12.09	0.01	50	60450	买盘
14:40:19	12.08	--	14	16912	卖盘
14:39:55	12.08	--	13	15704	卖盘
14:39:45	12.08	--	20	24160	卖盘
14:39:30	12.08	--	12	14496	卖盘
14:39:10	12.08	-0.01	3	3624	卖盘
14:38:45	12.09	--	15	18376	卖盘
14:38:40	12.09	--	39	47151	卖盘
14:38:15	12.09	-0.01	27	33610	卖盘
14:38:04	12.1	--	19	22990	卖盘
14:37:59	12.1	--	34	41140	卖盘
14:37:55	12.1	--	30	36300	卖盘
14:37:49	12.1	--	10	12100	卖盘
14:37:45	12.1	--	397	480370	卖盘
14:37:34	12.1	--	10	12100	卖盘
14:37:29	12.1	--	21	25410	卖盘
14:37:24	12.1	--	66	79860	卖盘
14:37:19	12.1	--	3	3630	卖盘
14:37:14	12.1	--	20	24200	卖盘
14:36:49	12.1	-0.01	5	6050	卖盘
14:36:39	12.11	--	13	15743	买盘
14:36:04	12.11	--	64	77504	买盘
14:35:54	12.11	--	188	227668	卖盘
14:35:34	12.11	-0.01	5	6055	卖盘
14:35:24	12.12	--	46	55752	卖盘
14:35:13	12.12	-0.01	5	6060	卖盘
14:35:09	12.13	--	32	38816	买盘
14:34:38	12.13	0.01	1	1213	买盘
14:34:28	12.12	-0.01	2	2424	卖盘
14:34:23	12.13	--	11	13343	买盘
14:34:04	12.13	--	24	29112	买盘
14:33:04	12.13	0.01	13	15769	买盘
14:32:54	12.12	--	1	1212	卖盘
14:32:49	12.12	-0.01	8	9696	卖盘
14:32:34	12.13	0.01	26	31538	买盘
14:32:12	12.12	--	22	26664	买盘
14:32:09	12.12	--	15	18180	买盘
14:32:04	12.12	--	8	9696	买盘
14:31:58	12.12	--	10	12120	卖盘
14:31:49	12.12	-0.01	22	26664	卖盘
14:31:08	12.13	--	15	18195	买盘
14:31:03	12.13	--	8	9704	买盘
14:30:53	12.13	--	11	13343	买盘
14:30:33	12.13	--	11	13343	买盘
14:30:18	12.13	--	11	13343	买盘
14:30:08	12.13	--	0	0	买盘
14:30:03	12.13	--	31	37603	买盘
14:29:43	12.13	--	11	13343	买盘
14:29:33	12.13	--	82	99466	买盘
14:29:27	12.13	--	6	7278	卖盘
14:29:13	12.13	--	50	60650	卖盘
14:29:03	12.13	0.03	73	88549	买盘
14:28:58	12.1	--	56	67760	卖盘
14:28:47	12.1	-0.01	319	385990	卖盘
14:28:27	12.11	--	34	41174	买盘
14:28:21	12.11	--	10	12110	买盘
14:28:13	12.11	-0.01	105	127155	卖盘
14:28:03	12.12	--	5	6060	卖盘
14:27:57	12.12	--	3	3635	买盘
14:27:43	12.12	--	197	238763	卖盘
14:27:13	12.12	-0.01	10	12120	卖盘
14:27:07	12.13	--	5	6065	买盘
14:27:03	12.13	0.01	8	9704	买盘
14:26:57	12.12	-0.01	3	3635	卖盘
14:26:48	12.13	0.01	5	6065	买盘
14:26:28	12.12	-0.01	2	2424	卖盘
14:26:03	12.13	--	8	9704	买盘
14:25:03	12.13	0.01	8	9704	买盘
14:24:18	12.12	-0.01	42	50904	卖盘
14:24:02	12.13	0.01	8	9704	买盘
14:23:17	12.12	--	18	21816	卖盘
14:23:12	12.12	0.01	53	64235	买盘
14:23:02	12.11	-0.01	10	12110	卖盘
14:22:42	12.12	--	171	207252	买盘
14:22:12	12.12	--	1	1212	买盘
14:21:57	12.12	--	0	0	买盘
14:21:51	12.12	0.01	100	121199	买盘
14:21:41	12.11	-0.01	137	165907	卖盘
14:21:26	12.12	0.01	5	6060	买盘
14:21:11	12.11	--	17	20587	卖盘
14:21:07	12.11	--	36	43596	卖盘
14:20:21	12.11	-0.01	5	6055	卖盘
14:20:16	12.12	--	27	32723	买盘
14:19:56	12.12	0.01	5	6060	买盘
14:19:51	12.11	-0.01	28	33908	卖盘
14:19:36	12.12	0.01	10	12120	买盘
14:19:31	12.11	-0.01	92	111412	卖盘
14:19:27	12.12	0.01	5	6060	买盘
14:19:21	12.11	--	28	33908	卖盘
14:18:51	12.11	--	28	33908	卖盘
14:18:15	12.11	-0.01	28	33908	卖盘
14:17:56	12.12	0.01	18	21816	买盘
14:17:51	12.11	--	14	16954	卖盘
14:17:46	12.11	-0.01	14	16954	卖盘
14:17:30	12.12	0.01	4	4848	买盘
14:17:15	12.11	--	28	33908	卖盘
14:16:56	12.11	--	15	18165	卖盘
14:16:45	12.11	--	28	33908	卖盘
14:16:36	12.11	--	5	6055	卖盘
14:16:15	12.11	-0.01	28	33908	卖盘
14:15:56	12.12	0.01	30	36360	买盘
14:15:45	12.11	-0.01	28	33908	卖盘
14:15:36	12.12	0.01	5	6060	买盘
14:15:15	12.11	--	28	33908	卖盘
14:14:45	12.11	--	28	33908	卖盘
14:14:15	12.11	-0.01	28	33908	卖盘
14:14:05	12.12	--	14	16968	卖盘
14:13:45	12.12	--	28	33936	卖盘
14:13:35	12.12	0.01	2	2424	买盘
14:13:16	12.11	-0.01	48	58128	卖盘
14:13:05	12.12	0.01	10	12120	买盘
14:12:45	12.11	-0.01	28	33908	卖盘
14:12:16	12.12	-0.01	6	7271	卖盘
14:12:00	12.13	--	10	12130	买盘
14:11:50	12.13	0.02	50	60650	买盘
14:11:45	12.11	-0.01	28	33908	卖盘
14:11:20	12.12	--	7	8484	买盘
14:11:15	12.12	--	9	10908	卖盘
14:10:45	12.12	--	28	33936	卖盘
14:10:20	12.12	0.01	13	15755	买盘
14:10:15	12.11	--	28	33908	卖盘
14:09:45	12.11	-0.01	28	33908	卖盘
14:09:39	12.12	--	7	8484	买盘
14:09:35	12.12	--	5	6060	买盘
14:09:15	12.12	-0.01	5	6060	卖盘
14:09:00	12.13	0.02	10	12130	买盘
14:08:50	12.11	--	0	0	卖盘
14:08:45	12.11	-0.02	28	33908	卖盘
14:08:20	12.13	--	74	89762	卖盘
14:08:15	12.13	--	29	35177	卖盘
14:08:09	12.13	0.02	1	1213	卖盘
14:07:48	12.11	--	0	0	卖盘
14:07:44	12.11	--	28	33908	卖盘
14:07:18	12.11	-0.02	2	2422	卖盘
14:07:14	12.13	--	28	33964	卖盘
14:07:09	12.13	0.02	10	12130	买盘
14:06:59	12.11	--	0	0	卖盘
14:06:44	12.11	-0.02	112	135632	卖盘
14:06:33	12.13	--	28	33964	买盘
14:06:14	12.13	--	0	0	中性盘
14:06:09	12.13	--	5	6065	卖盘
14:06:03	12.13	0.02	100	121300	卖盘
14:05:59	12.11	--	0	0	卖盘
14:05:44	12.11	-0.02	28	33908	卖盘
14:05:29	12.13	--	0	0	卖盘
14:05:24	12.13	0.01	60	72780	卖盘
14:05:14	12.12	--	28	33936	卖盘
14:04:59	12.12	--	5	6060	卖盘
14:04:44	12.12	--	36	43632	买盘
14:04:14	12.12	-0.01	20	24240	卖盘
14:03:59	12.13	-0.01	2	2426	卖盘
14:03:48	12.14	0.01	11	13354	买盘
14:03:44	12.13	--	28	33964	卖盘
14:03:24	12.13	--	53	64289	卖盘
14:03:14	12.13	--	37	44881	卖盘
14:02:59	12.13	--	14	16982	卖盘
14:02:54	12.13	0.01	33	40029	买盘
14:02:48	12.12	--	3	3635	买盘
14:02:44	12.12	--	8	9696	卖盘
14:02:39	12.12	-0.02	4	4848	卖盘
14:02:24	12.14	--	0	0	买盘
14:02:14	12.14	0.01	12	14568	卖盘
14:02:03	12.13	--	0	0	卖盘
14:01:44	12.13	0.01	28	33964	卖盘
14:01:27	12.12	--	0	0	中性盘
14:01:18	12.12	--	8	9696	买盘
14:01:12	12.12	-0.03	117	141804	卖盘
14:00:53	12.15	--	0	0	买盘
14:00:48	12.15	0.02	120	145800	买盘
14:00:42	12.13	--	0	0	中性盘
14:00:38	12.13	--	0	0	卖盘
14:00:23	12.13	0.01	26	31538	买盘
14:00:12	12.12	-0.01	28	33936	卖盘
13:59:42	12.13	--	2	2426	卖盘
13:59:23	12.13	0.01	24	29112	买盘
13:59:12	12.12	-0.01	28	33936	卖盘
13:58:48	12.13	--	4	4852	买盘
13:58:42	12.13	--	0	0	中性盘
13:58:38	12.13	--	0	0	卖盘
13:58:23	12.13	0.01	62	75206	买盘
13:58:12	12.12	-0.01	28	33936	卖盘
13:57:53	12.13	-0.01	10	12130	买盘
13:57:42	12.14	--	0	0	买盘
13:57:38	12.14	--	1	1214	买盘
13:57:33	12.14	--	1	1214	买盘
13:57:23	12.14	--	2	2428	卖盘
13:57:08	12.14	--	28	33992	卖盘
13:57:03	12.14	--	3	3642	买盘
13:56:53	12.14	0.02	1	1214	买盘
13:56:42	12.12	-0.02	28	33936	卖盘
13:56:38	12.14	--	0	0	买盘
13:56:33	12.14	0.01	21	25494	买盘
13:56:23	12.13	--	1	1213	买盘
13:56:08	12.13	--	13	15769	卖盘
13:56:03	12.13	-0.01	3	3639	卖盘
13:55:57	12.14	--	15	18210	买盘
13:55:53	12.14	-0.01	1	1214	买盘
13:55:42	12.15	--	0	0	买盘
13:55:38	12.15	--	1	1215	买盘
13:55:33	12.15	--	1	1215	买盘
13:55:23	12.15	--	1	1215	买盘
13:55:12	12.15	--	1	1215	中性盘
13:55:03	12.15	--	175	212625	卖盘
13:54:53	12.15	0.03	438	533020	买盘
13:54:42	12.12	-0.02	29	35148	卖盘
13:54:27	12.14	--	10	12140	买盘
13:54:17	12.14	0.02	1	1214	买盘
13:54:12	12.12	-0.02	29	35148	卖盘
13:54:02	12.14	--	1	1214	买盘
13:53:51	12.14	--	1	1214	买盘
13:53:47	12.14	0.02	6	7284	买盘
13:53:42	12.12	-0.02	29	35148	卖盘
13:53:32	12.14	--	1	1214	买盘
13:53:27	12.14	--	0	0	买盘
13:53:17	12.14	0.02	5	6070	买盘
13:53:12	12.12	--	29	35148	卖盘
13:53:02	12.12	--	0	0	中性盘
13:52:57	12.12	--	0	0	卖盘
13:52:47	12.12	--	17	20604	买盘
13:52:42	12.12	--	12	14543	卖盘
13:52:32	12.12	-0.02	4	4848	卖盘
13:52:21	12.14	--	2	2428	买盘
13:52:17	12.14	0.02	1	1214	买盘
13:52:12	12.12	-0.02	29	35148	卖盘
13:52:02	12.14	--	1	1214	买盘
13:51:47	12.14	0.01	8	9712	买盘
13:51:42	12.13	--	38	46094	卖盘
13:51:36	12.13	0.01	29	35177	买盘
13:51:32	12.12	--	6	7271	买盘
13:51:17	12.12	--	1	1212	买盘
13:51:12	12.12	-0.01	18	21816	卖盘
13:51:06	12.13	--	30	36390	买盘
13:51:02	12.13	--	1	1213	买盘
13:50:51	12.13	--	1	1213	买盘
13:50:42	12.13	--	1	1213	买盘
13:50:32	12.13	--	1	1213	卖盘
13:50:21	12.13	--	60	72780	卖盘
13:50:17	12.13	0.01	84	101892	买盘
13:50:12	12.12	--	6	7271	卖盘
13:50:02	12.12	-0.01	6	7271	卖盘
13:49:57	12.13	--	30	36390	买盘
13:49:47	12.13	--	1	1213	买盘
13:49:42	12.13	0.01	29	35177	买盘
13:49:21	12.12	--	1	1212	买盘
13:49:12	12.12	--	29	35148	买盘
13:49:02	12.12	--	1	1212	买盘
13:48:57	12.12	-0.01	3	3635	卖盘
13:48:51	12.13	0.01	6	7278	买盘
13:48:42	12.12	--	28	33936	卖盘
13:48:27	12.12	--	21	25452	买盘
13:48:21	12.12	0.01	1	1212	买盘
13:48:12	12.11	-0.01	29	35119	卖盘
13:47:57	12.12	--	1	1212	买盘
13:47:41	12.12	-0.02	14	16968	卖盘
13:47:30	12.14	--	1	1214	买盘
13:47:26	12.14	--	0	0	买盘
13:47:21	12.14	0.01	1	1214	买盘
13:47:15	12.13	--	6	7278	卖盘
13:47:11	12.13	-0.01	29	35177	卖盘
13:47:00	12.14	--	1	1214	买盘
13:46:51	12.14	0.01	1	1214	买盘
13:46:41	12.13	-0.01	39	47307	中性盘
13:46:36	12.14	--	0	0	买盘
13:46:30	12.14	0.01	1	1214	买盘
13:46:21	12.13	0.01	41	49733	中性盘
13:46:11	12.12	-0.02	28	33936	卖盘
13:46:00	12.14	--	1	1214	买盘
13:45:51	12.14	0.01	1	1214	买盘
13:45:41	12.13	--	58	70354	卖盘
13:45:36	12.13	0.01	55	66715	买盘
13:45:26	12.12	--	2	2424	买盘
13:45:21	12.12	--	1	1212	买盘
13:45:11	12.12	-0.01	2	2424	卖盘
13:45:00	12.13	--	1	1213	买盘
13:44:51	12.13	0.02	1	1213	买盘
13:44:41	12.11	--	14	16954	卖盘
13:44:36	12.11	-0.01	14	16954	卖盘
13:44:30	12.12	--	1	1212	买盘
13:44:21	12.12	-0.01	1	1212	买盘
13:44:15	12.13	--	0	0	买盘
13:44:11	12.13	0.02	6	7278	买盘
13:44:06	12.11	-0.02	28	33908	卖盘
13:44:00	12.13	0.02	1	1213	买盘
13:43:56	12.11	-0.02	5	6055	卖盘
13:43:51	12.13	--	1	1213	买盘
13:43:41	12.13	--	1	1213	买盘
13:43:36	12.13	--	18	21834	卖盘
13:43:21	12.13	--	62	75206	买盘
13:43:11	12.13	0.02	1	1213	买盘
13:43:06	12.11	-0.02	28	33908	卖盘
13:43:00	12.13	0.02	1	1213	买盘
13:42:56	12.11	-0.03	15	18165	卖盘
13:42:45	12.14	--	0	0	买盘
13:42:41	12.14	0.03	1	1214	买盘
13:42:36	12.11	-0.03	28	33908	卖盘
13:42:30	12.14	--	1	1214	买盘
13:42:21	12.14	--	1	1214	买盘
13:42:11	12.14	0.01	1	1214	买盘
13:42:06	12.13	-0.01	28	33964	卖盘
13:42:00	12.14	--	1	1214	买盘
13:41:56	12.14	--	0	0	买盘
13:41:51	12.14	0.03	1	1214	买盘
13:41:45	12.11	-0.02	10	12110	卖盘
13:41:36	12.13	--	28	33964	卖盘
13:41:30	12.13	--	1	1213	卖盘
13:41:24	12.13	--	34	41242	买盘
13:41:20	12.13	0.02	1	1213	买盘
13:41:05	12.11	-0.02	29	35119	卖盘
13:41:00	12.13	--	1	1213	买盘
13:40:54	12.13	--	2	2426	卖盘
13:40:50	12.13	--	32	38816	买盘
13:40:45	12.13	--	1	1213	买盘
13:40:39	12.13	0.02	1	1213	买盘
13:40:35	12.11	--	28	33908	卖盘
13:40:30	12.11	-0.02	11	13321	卖盘
13:40:20	12.13	--	2	2426	买盘
13:40:15	12.13	--	1	1213	买盘
13:40:05	12.13	-0.01	9	10917	卖盘
13:39:50	12.14	--	4	4856	买盘
13:39:45	12.14	0.01	1	1214	买盘
13:39:35	12.13	--	28	33964	卖盘
13:39:24	12.13	--	16	19408	买盘
13:39:20	12.13	--	1	1213	买盘
13:39:15	12.13	--	1	1213	买盘
13:39:09	12.13	0.02	5	6065	买盘
13:39:05	12.11	--	28	33908	卖盘
13:39:00	12.11	-0.02	10	12110	卖盘
13:38:54	12.13	--	0	0	卖盘
13:38:50	12.13	0.01	20	24260	买盘
13:38:45	12.12	--	1	1212	买盘
13:38:35	12.12	-0.01	26	31511	卖盘
13:38:30	12.13	--	8	9704	买盘
13:38:20	12.13	--	1	1213	买盘
13:38:15	12.13	-0.01	1	1213	买盘
13:38:05	12.14	-0.01	1	1214	买盘
13:38:00	12.15	--	0	0	买盘
13:37:54	12.15	0.02	1	1215	买盘
13:37:50	12.13	0.02	21	25473	卖盘
13:37:45	12.11	--	0	0	卖盘
13:37:35	12.11	-0.04	129	156219	卖盘
13:37:30	12.15	0.02	57	69255	买盘
13:37:24	12.13	--	1	1213	卖盘
13:37:15	12.13	--	19	23047	买盘
13:37:05	12.13	-0.01	145	175885	卖盘
13:36:54	12.14	0.01	1	1214	买盘
13:36:50	12.13	-0.01	10	12130	卖盘
13:36:45	12.14	0.01	13	15782	买盘
13:36:35	12.13	--	38	46094	卖盘
13:36:30	12.13	--	20	24260	卖盘
13:36:24	12.13	--	15	18195	买盘
13:36:20	12.13	--	11	13343	买盘
13:36:15	12.13	--	1	1213	买盘
13:36:05	12.13	-0.01	2	2426	卖盘
13:35:45	12.14	0.03	61	74054	买盘
13:35:35	12.11	-0.02	28	33908	卖盘
13:35:30	12.13	--	8	9704	买盘
13:35:24	12.13	--	1	1213	买盘
13:35:15	12.13	0.02	1	1213	买盘
13:35:09	12.11	-0.02	28	33908	卖盘
13:35:05	12.13	--	6	7278	买盘
13:35:00	12.13	--	31	37603	买盘
13:34:54	12.13	--	1	1213	买盘
13:34:45	12.13	0.02	1	1213	买盘
13:34:33	12.11	-0.02	28	33908	卖盘
13:34:30	12.13	--	9	10917	买盘
13:34:24	12.13	--	1	1213	买盘
13:34:14	12.13	0.02	1	1213	买盘
13:34:03	12.11	-0.02	29	35119	卖盘
13:33:44	12.13	-0.01	1	1213	买盘
13:33:33	12.14	--	0	0	买盘
13:33:29	12.14	0.01	9	10926	买盘
13:33:18	12.13	0.02	299	362687	买盘
13:33:14	12.11	--	6	7266	买盘
13:33:09	12.11	--	20	24220	买盘
13:33:03	12.11	-0.03	3	3633	卖盘
13:32:59	12.14	--	0	0	买盘
13:32:54	12.14	--	1	1214	买盘
13:32:44	12.14	0.01	1	1214	买盘
13:32:39	12.13	--	10	12130	卖盘
13:32:33	12.13	-0.01	28	33964	卖盘
13:32:29	12.14	0.01	9	10926	买盘
13:32:14	12.13	0.02	335	406355	买盘
13:32:09	12.11	--	26	31486	买盘
13:32:03	12.11	-0.01	3	3633	卖盘
13:31:54	12.12	0.01	1	1212	买盘
13:31:39	12.11	0.01	8	9688	买盘
13:31:33	12.1	-0.01	29	35090	卖盘
13:31:29	12.11	--	8	9688	买盘
13:31:24	12.11	--	1	1211	买盘
13:31:14	12.11	--	1	1211	买盘
13:31:03	12.11	-0.01	9	10899	卖盘
13:30:59	12.12	--	1	1212	买盘
13:30:54	12.12	0.01	1	1212	买盘
13:30:33	12.11	--	28	33908	卖盘
13:30:29	12.11	--	25	30275	买盘
13:30:24	12.11	--	1	1211	买盘
13:30:14	12.11	-0.01	5	6055	卖盘
13:30:03	12.12	0.01	15	18180	买盘
13:29:59	12.11	-0.01	14	16954	卖盘
13:29:54	12.12	--	1	1212	买盘
13:29:44	12.12	--	6	7271	买盘
13:29:39	12.12	--	17	20604	买盘
13:29:33	12.12	0.01	9	10908	买盘
13:29:29	12.11	-0.01	23	27853	卖盘
13:29:24	12.12	--	1	1212	买盘
13:29:14	12.12	--	1	1212	买盘
13:28:59	12.12	-0.01	29	35148	卖盘
13:28:44	12.13	0.01	24	29112	买盘
13:28:33	12.12	-0.01	56	67872	卖盘
13:28:29	12.13	--	2	2426	买盘
13:28:24	12.13	0.01	1	1213	买盘
13:28:18	12.12	-0.01	3	3635	卖盘
13:28:14	12.13	--	1	1213	买盘
13:28:03	12.13	--	11	13343	买盘
13:27:57	12.13	-0.01	41	49733	卖盘
13:27:54	12.14	--	1	1214	买盘
13:27:42	12.14	0.01	6	7284	买盘
13:27:39	12.13	--	50	60650	卖盘
13:27:33	12.13	-0.01	28	33964	卖盘
13:27:27	12.14	--	8	9712	买盘
13:27:23	12.14	0.01	6	7284	买盘
13:27:18	12.13	--	42	50946	买盘
13:27:12	12.13	-0.01	38	46094	卖盘
13:27:08	12.14	--	20	24280	买盘
13:27:03	12.14	--	83	100762	买盘
13:26:57	12.14	--	20	24280	买盘
13:26:53	12.14	--	1	1214	买盘
13:26:48	12.14	--	27	32778	买盘
13:26:42	12.14	0.01	1	1214	买盘
13:26:33	12.13	--	28	33964	卖盘
13:26:27	12.13	--	30	36390	卖盘
13:26:23	12.13	--	137	166181	买盘
13:26:12	12.13	--	4	4852	买盘
13:26:03	12.13	--	29	35177	买盘
13:25:53	12.13	0.01	1	1213	买盘
13:25:38	12.12	0.02	70	84840	买盘
13:25:33	12.1	--	0	0	卖盘
13:25:27	12.1	-0.02	28	33880	卖盘
13:25:23	12.12	0.01	96	116351	买盘
13:25:12	12.11	--	13	15743	买盘
13:25:08	12.11	--	100	121100	买盘
13:25:03	12.11	0.01	7	8477	买盘
13:24:57	12.1	--	28	33880	卖盘
13:24:53	12.1	--	101	122210	卖盘
13:24:38	12.1	--	82	99220	买盘
13:24:33	12.1	0.02	1	1210	买盘
13:24:27	12.08	--	36	43488	卖盘
13:24:23	12.08	-0.02	18	21744	卖盘
13:24:18	12.1	0.02	10	12100	买盘
13:24:12	12.08	--	13	15704	买盘
13:24:03	12.08	--	1	1208	买盘
13:23:57	12.08	-0.02	14	16912	卖盘
13:23:53	12.1	--	5	6050	买盘
13:23:48	12.1	--	10	12100	买盘
13:23:42	12.1	--	1	1210	买盘
13:23:33	12.1	--	1	1210	买盘
13:23:27	12.1	--	36	43560	买盘
13:23:23	12.1	0.02	1	1210	买盘
13:23:18	12.08	-0.02	50	60400	卖盘
13:23:12	12.1	--	1	1210	买盘
13:23:03	12.1	0.02	29	35090	买盘
13:22:57	12.08	-0.01	28	33824	卖盘
13:22:42	12.09	--	0	0	中性盘
13:22:27	12.09	0.01	36	43524	买盘
13:22:18	12.08	--	0	0	卖盘
13:22:08	12.08	--	21	25368	卖盘
13:22:03	12.08	0.01	40	48320	买盘
13:21:57	12.07	-0.01	41	49487	卖盘
13:21:42	12.08	--	16	19328	卖盘
13:21:33	12.08	-0.01	30	36240	卖盘
13:21:27	12.09	0.01	36	43524	买盘
13:21:18	12.08	--	2	2416	卖盘
13:21:12	12.08	-0.01	111	134088	卖盘
13:21:06	12.09	0.02	16	19344	买盘
13:20:57	12.07	--	28	33796	卖盘
13:20:42	12.07	-0.01	18	21726	卖盘
13:20:36	12.08	--	5	6040	买盘
13:20:27	12.08	--	8	9664	中性盘
13:20:21	12.08	--	60	72480	卖盘
13:20:06	12.08	--	20	24160	买盘
13:19:57	12.08	0.01	8	9664	卖盘
13:19:27	12.07	-0.01	33	39831	卖盘
13:19:12	12.08	--	9	10872	买盘
13:19:06	12.08	--	7	8456	买盘
13:18:57	12.08	-0.01	8	9664	卖盘
13:18:32	12.09	--	0	0	卖盘
13:18:27	12.09	--	46	55614	卖盘
13:18:21	12.09	0.01	218	264263	买盘
13:18:12	12.08	--	5	6040	卖盘
13:17:57	12.08	-0.01	28	33824	卖盘
13:17:36	12.09	--	80	96720	买盘
13:17:32	12.09	0.01	4	4836	买盘
13:17:27	12.08	-0.01	33	39864	卖盘
13:17:12	12.09	--	6	7254	买盘
13:17:06	12.09	--	4	4836	买盘
13:17:02	12.09	0.01	3	3627	买盘
13:16:57	12.08	-0.01	28	33824	卖盘
13:16:47	12.09	--	1	1209	买盘
13:16:32	12.09	0.01	3	3627	买盘
13:16:27	12.08	--	28	33824	卖盘
13:16:17	12.08	--	1	1208	卖盘
13:15:57	12.08	--	28	33824	卖盘
13:15:47	12.08	--	23	27784	卖盘
13:15:27	12.08	--	28	33824	卖盘
13:14:57	12.08	-0.01	28	33824	卖盘
13:14:45	12.09	0.01	10	12090	买盘
13:14:36	12.08	--	5	6040	卖盘
13:14:21	12.08	--	28	33824	卖盘
13:13:56	12.08	0.02	5	6040	买盘
13:13:51	12.06	-0.02	28	33768	卖盘
13:13:36	12.08	--	0	0	中性盘
13:13:26	12.08	--	0	0	卖盘
13:13:21	12.08	--	28	33824	卖盘
13:13:15	12.08	--	90	108720	买盘
13:13:11	12.08	0.02	8	9664	买盘
13:12:51	12.06	-0.02	28	33768	卖盘
13:12:41	12.08	0.02	115	138920	买盘
13:12:30	12.06	--	0	0	卖盘
13:12:21	12.06	-0.01	28	33768	卖盘
13:12:15	12.07	0.01	1	1207	买盘
13:12:06	12.06	--	2	2412	买盘
13:11:56	12.06	--	17	20502	买盘
13:11:51	12.06	--	9	10854	卖盘
13:11:26	12.06	--	0	0	卖盘
13:11:21	12.06	-0.01	28	33768	卖盘
13:11:11	12.07	--	0	0	卖盘
13:10:51	12.07	0.01	67	80869	买盘
13:10:21	12.06	-0.01	28	33768	卖盘
13:10:00	12.07	0.01	5	6035	买盘
13:09:51	12.06	--	39	47034	卖盘
13:09:21	12.06	--	28	33768	卖盘
13:08:51	12.06	--	28	33768	卖盘
13:08:45	12.06	--	0	0	卖盘
13:08:21	12.06	--	28	33768	卖盘
13:08:09	12.06	-0.01	9	10854	卖盘
13:08:00	12.07	--	4	4828	卖盘
13:07:51	12.07	--	33	39831	卖盘
13:07:20	12.07	0.01	79	95353	买盘
13:07:15	12.06	--	4	4824	卖盘
13:06:50	12.06	--	35	42210	买盘
13:06:20	12.06	--	21	25326	卖盘
13:06:15	12.06	--	18	21708	卖盘
13:06:00	12.06	--	21	25326	卖盘
13:05:50	12.06	--	28	33768	卖盘
13:05:45	12.06	--	1	1206	卖盘
13:05:20	12.06	-0.01	28	33768	卖盘
13:04:50	12.07	0.01	34	41038	买盘
13:04:45	12.06	-0.01	14	16884	卖盘
13:04:35	12.07	--	5	6035	买盘
13:04:30	12.07	--	92	111044	卖盘
13:04:20	12.07	--	109	131563	卖盘
13:04:15	12.07	-0.01	24	28968	卖盘
13:03:50	12.08	--	33	39864	买盘
13:03:35	12.08	0.01	11	13288	买盘
13:03:15	12.07	-0.01	28	33796	卖盘
13:03:00	12.08	0.01	4	4832	买盘
13:02:45	12.07	--	28	33796	卖盘
13:02:15	12.07	--	30	36210	卖盘
13:01:45	12.07	-0.01	28	33796	卖盘
13:01:15	12.08	--	36	43488	卖盘
13:00:44	12.08	-0.01	28	33824	卖盘
13:00:39	12.09	--	10	12090	买盘
13:00:29	12.09	0.01	3	3627	买盘
13:00:09	12.08	--	6	7248	卖盘
13:00:03	12.08	0.02	48	57984	买盘
11:30:00	12.06	--	0	0	卖盘
11:30:00	12.06	--	0	0	卖盘
11:29:45	12.06	-0.01	28	33768	卖盘
11:29:15	12.07	--	9	10863	卖盘
11:28:45	12.07	-0.02	28	33796	卖盘
11:28:41	12.09	--	0	0	买盘
11:28:21	12.09	0.03	82	99138	买盘
11:28:15	12.06	--	28	33768	卖盘
11:28:11	12.06	--	265	320518	买盘
11:28:00	12.06	0.01	50	60300	买盘
11:27:56	12.05	--	2	2410	卖盘
11:27:45	12.05	-0.01	28	33740	卖盘
11:27:41	12.06	0.01	70	84420	买盘
11:27:15	12.05	-0.01	28	33740	卖盘
11:27:11	12.06	--	10	12060	买盘
11:26:45	12.06	0.01	44	53064	买盘
11:26:36	12.05	-0.01	58	69890	卖盘
11:26:30	12.06	0.01	2	2412	买盘
11:26:11	12.05	--	28	33740	卖盘
11:26:05	12.05	--	10	12050	卖盘
11:25:55	12.05	--	138	166290	买盘
11:25:40	12.05	-0.01	8	9640	卖盘
11:25:25	12.06	0.01	3	3618	买盘
11:25:11	12.05	--	28	33740	卖盘
11:24:45	12.05	-0.01	28	33740	卖盘
11:24:24	12.06	0.01	3	3618	买盘
11:24:20	12.05	--	21	25305	买盘
11:24:15	12.05	--	11	13255	卖盘
11:23:45	12.05	-0.01	28	33740	卖盘
11:23:20	12.06	0.01	1	1206	买盘
11:23:15	12.05	--	28	33740	卖盘
11:22:45	12.05	-0.01	28	33740	卖盘
11:22:24	12.06	--	12	14472	买盘
11:22:20	12.06	0.01	10	12060	买盘
11:22:15	12.05	--	28	33740	卖盘
11:21:39	12.05	-0.01	28	33740	卖盘
11:21:20	12.06	0.01	10	12060	买盘
11:21:15	12.05	--	26	31330	卖盘
11:21:09	12.05	--	28	33740	卖盘
11:20:39	12.05	--	30	36150	卖盘
11:20:30	12.05	--	3	3615	卖盘
11:20:19	12.05	0.01	3	3615	买盘
11:20:09	12.04	-0.02	28	33712	卖盘
11:20:05	12.06	0.01	200	241200	买盘
11:19:45	12.05	0.01	3	3615	买盘
11:19:39	12.04	-0.01	28	33712	卖盘
11:19:20	12.05	0.01	10	12050	买盘
11:19:09	12.04	--	48	57791	卖盘
11:18:59	12.04	--	25	30099	卖盘
11:18:39	12.04	-0.01	39	46956	卖盘
11:18:24	12.05	0.01	10	12050	买盘
11:18:14	12.04	--	2	2408	卖盘
11:18:09	12.04	--	59	71036	卖盘
11:17:59	12.04	--	0	734	卖盘
11:17:39	12.04	-0.01	28	33712	卖盘
11:17:29	12.05	--	7	8435	买盘
11:17:24	12.05	--	6	7230	买盘
11:17:09	12.05	--	36	43596	卖盘
11:16:44	12.05	0.01	93	113053	买盘
11:16:39	12.04	--	28	33712	卖盘
11:16:29	12.04	-0.01	78	93912	卖盘
11:16:24	12.05	0.01	9	10845	买盘
11:16:18	12.04	-0.01	22	26487	卖盘
11:16:14	12.05	0.01	2	2410	买盘
11:16:09	12.04	-0.01	28	33712	卖盘
11:15:44	12.05	0.01	30	36150	买盘
11:15:39	12.04	-0.01	28	33712	卖盘
11:15:24	12.05	--	9	10845	买盘
11:15:14	12.05	--	16	19280	买盘
11:14:59	12.05	--	7	8471	卖盘
11:14:44	12.05	0.01	0	1168	中性盘
11:14:39	12.04	-0.01	28	33712	卖盘
11:14:29	12.05	--	0	0	中性盘
11:14:24	12.05	--	69	83145	买盘
11:14:18	12.05	0.01	8	9640	买盘
11:14:14	12.04	--	11	13243	卖盘
11:14:09	12.04	--	28	33712	卖盘
11:14:03	12.04	--	63	76646	买盘
11:13:59	12.04	--	29	34916	买盘
11:13:54	12.04	0.01	74	89096	买盘
11:13:39	12.03	-0.01	60	72180	卖盘
11:13:28	12.04	--	2	2408	买盘
11:13:24	12.04	0.01	9	10836	买盘
11:13:09	12.03	0.02	77	92631	买盘
11:12:48	12.01	--	0	0	卖盘
11:12:33	12.01	--	28	33628	卖盘
11:12:23	12.01	--	10	12010	卖盘
11:12:18	12.01	--	76	91276	买盘
11:12:13	12.01	0.01	173	208877	买盘
11:12:08	12.0	--	23	27600	卖盘
11:12:03	12.0	--	30	36000	卖盘
11:11:48	12.0	-0.01	30	36000	卖盘
11:11:38	12.01	0.01	48	57648	买盘
11:11:33	12.0	-0.01	675	811116	卖盘
11:11:27	12.01	--	50	60050	买盘
11:11:23	12.01	0.01	59	70859	买盘
11:11:18	12.0	-0.01	100	120000	卖盘
11:11:12	12.01	--	18	21618	买盘
11:11:08	12.01	0.01	300	360300	买盘
11:11:03	12.0	-0.01	48	57600	卖盘
11:10:53	12.01	0.01	15	18015	买盘
11:10:48	12.0	-0.01	21	25200	卖盘
11:10:38	12.01	0.01	65	78065	买盘
11:10:33	12.0	-0.01	63	75600	卖盘
11:10:23	12.01	-0.01	422	506822	卖盘
11:10:08	12.02	--	35	42070	买盘
11:10:03	12.02	--	5	6010	买盘
11:09:57	12.02	-0.02	460	552920	卖盘
11:09:53	12.04	--	31	37324	卖盘
11:09:48	12.04	--	13	15651	买盘
11:09:33	12.04	--	22	26487	卖盘
11:09:27	12.04	-0.01	40	48160	卖盘
11:09:23	12.05	--	90	108450	买盘
11:09:18	12.05	--	8	9640	买盘
11:09:11	12.05	0.01	8	9640	买盘
11:09:08	12.04	-0.01	10	12040	卖盘
11:09:03	12.05	--	106	127730	买盘
11:08:48	12.05	--	2	2410	买盘
11:08:38	12.05	--	8	9640	买盘
11:08:33	12.05	--	17	20485	卖盘
11:08:18	12.05	--	12	14460	买盘
11:08:12	12.05	--	12	14460	买盘
11:08:03	12.05	--	39	46995	中性盘
11:07:48	12.05	--	0	0	卖盘
11:07:42	12.05	--	63	75915	卖盘
11:07:38	12.05	--	10	12050	卖盘
11:07:33	12.05	-0.01	28	33740	卖盘
11:07:23	12.06	--	9	10854	买盘
11:07:12	12.06	--	8	9648	买盘
11:07:03	12.06	--	14	17366	卖盘
11:06:57	12.06	--	10	12060	卖盘
11:06:47	12.06	--	50	61023	买盘
11:06:37	12.06	0.01	10	12060	买盘
11:06:33	12.05	-0.01	30	36150	卖盘
11:06:22	12.06	0.01	9	10854	买盘
11:06:17	12.05	-0.01	1	1205	卖盘
11:06:12	12.06	0.01	8	9648	买盘
11:06:02	12.05	--	28	33740	卖盘
11:05:57	12.05	--	5	6025	买盘
11:05:52	12.05	0.01	5	6025	买盘
11:05:32	12.04	--	28	33712	卖盘
11:05:27	12.04	-0.01	10	12040	卖盘
11:05:22	12.05	0.01	9	10845	买盘
11:05:12	12.04	-0.01	30	36120	卖盘
11:05:02	12.05	--	9	10845	卖盘
11:04:51	12.05	-0.01	56	67480	卖盘
11:04:47	12.06	--	1	1206	买盘
11:04:32	12.06	--	37	44622	买盘
11:04:27	12.06	--	9	10854	买盘
11:04:02	12.06	--	142	171734	卖盘
11:03:51	12.06	--	5	6030	卖盘
11:03:32	12.06	-0.01	28	33768	卖盘
11:03:27	12.07	0.01	2	2414	买盘
11:03:12	12.06	--	24	28944	卖盘
11:03:02	12.06	--	28	33768	卖盘
11:02:57	12.06	--	0	0	卖盘
11:02:32	12.06	--	107	129765	买盘
11:02:26	12.06	0.01	9	10854	买盘
11:02:17	12.05	--	32	38560	卖盘
11:02:12	12.05	--	20	24100	卖盘
11:02:06	12.05	--	20	24100	卖盘
11:02:02	12.05	-0.01	40	48200	卖盘
11:01:57	12.06	0.01	2	2412	买盘
11:01:41	12.05	-0.01	5	6025	卖盘
11:01:32	12.06	--	63	75978	买盘
11:01:21	12.06	0.01	15	18090	买盘
11:01:17	12.05	-0.01	28	33740	卖盘
11:01:12	12.06	--	1	1206	买盘
11:01:06	12.06	0.01	38	45828	买盘
11:01:02	12.05	-0.01	28	33740	卖盘
11:00:57	12.06	--	97	116982	买盘
11:00:50	12.06	0.01	10	12060	买盘
11:00:47	12.05	-0.01	40	48200	卖盘
11:00:36	12.06	--	85	102992	卖盘
11:00:32	12.06	--	28	33768	卖盘
11:00:01	12.06	--	14	16884	卖盘
10:59:57	12.06	--	20	24240	卖盘
10:59:51	12.06	--	145	174870	卖盘
10:59:31	12.06	--	14	16884	卖盘
10:59:26	12.06	--	24	28944	卖盘
10:58:56	12.06	--	36	43416	卖盘
10:58:46	12.06	-0.01	205	247230	卖盘
10:58:41	12.07	--	19	23536	买盘
10:58:36	12.07	--	10	12070	买盘
10:58:26	12.07	--	75	91128	卖盘
10:58:21	12.07	--	22	26554	卖盘
10:58:14	12.07	--	20	24140	卖盘
10:58:11	12.07	--	51	61557	卖盘
10:58:06	12.07	--	4	4828	卖盘
10:57:56	12.07	--	57	68799	卖盘
10:57:51	12.07	-0.01	49	59143	卖盘
10:57:26	12.08	--	13	16791	卖盘
10:57:11	12.08	--	21	25368	卖盘
10:57:06	12.08	--	12	14496	卖盘
10:56:56	12.08	--	36	43488	卖盘
10:56:26	12.08	-0.01	94	113552	卖盘
10:56:21	12.09	0.01	41	49569	买盘
10:56:11	12.08	-0.01	24	28992	卖盘
10:56:05	12.09	0.01	3	3627	买盘
10:55:56	12.08	-0.01	77	93016	卖盘
10:55:41	12.09	0.01	20	24180	卖盘
10:55:26	12.08	--	251	303208	卖盘
10:55:21	12.08	--	0	0	卖盘
10:55:15	12.08	-0.01	3	3624	卖盘
10:54:56	12.09	0.01	36	43524	买盘
10:54:51	12.08	-0.01	20	24160	卖盘
10:54:36	12.09	0.01	3	3627	买盘
10:54:26	12.08	-0.01	28	33824	卖盘
10:53:56	12.09	-0.01	36	43524	卖盘
10:53:51	12.1	--	10	12100	买盘
10:53:40	12.1	0.01	12	14520	买盘
10:53:25	12.09	--	28	33852	卖盘
10:53:20	12.09	0.01	2	2418	卖盘
10:52:55	12.08	-0.01	28	33824	卖盘
10:52:50	12.09	0.01	65	78705	买盘
10:52:44	12.08	-0.01	5	6040	卖盘
10:52:25	12.09	--	42	50778	买盘
10:52:15	12.09	--	10	12090	买盘
10:52:05	12.09	--	15	18135	买盘
10:52:00	12.09	--	8	9672	买盘
10:51:50	12.09	--	39	48239	卖盘
10:51:24	12.09	--	28	33852	卖盘
10:51:15	12.09	--	7	8463	卖盘
10:50:54	12.09	-0.01	28	33852	卖盘
10:50:45	12.1	0.01	10	12100	买盘
10:50:35	12.09	--	11	13299	卖盘
10:50:24	12.09	--	14	16926	卖盘
10:50:20	12.09	-0.01	14	16926	卖盘
10:49:54	12.1	0.01	43	52030	买盘
10:49:50	12.09	--	28	33852	卖盘
10:49:44	12.09	--	235	284115	卖盘
10:49:35	12.09	-0.01	3	3627	卖盘
10:49:29	12.1	--	10	12100	买盘
10:49:20	12.1	--	31	37510	卖盘
10:49:00	12.1	0.01	1	1210	买盘
10:48:50	12.09	--	28	33852	卖盘
10:48:29	12.09	--	0	0	卖盘
10:48:20	12.09	--	28	33852	卖盘
10:47:50	12.09	-0.01	28	33852	卖盘
10:47:45	12.1	0.01	32	38720	买盘
10:47:35	12.09	--	20	24180	卖盘
10:47:23	12.09	--	4	4836	卖盘
10:47:19	12.09	--	28	33852	卖盘
10:46:49	12.09	--	90	108810	卖盘
10:46:19	12.09	--	28	33852	卖盘
10:46:14	12.09	--	20	24180	卖盘
10:46:04	12.09	--	70	84630	卖盘
10:45:49	12.09	-0.01	28	33852	卖盘
10:45:17	12.1	--	17	20570	卖盘
10:44:53	12.1	--	9	10890	卖盘
10:44:48	12.1	--	28	33880	卖盘
10:44:39	12.1	--	2	2420	卖盘
10:44:33	12.1	--	25	30250	卖盘
10:44:17	12.1	--	28	33880	卖盘
10:44:14	12.1	--	3	3630	卖盘
10:44:08	12.1	--	8	9680	卖盘
10:43:48	12.1	--	28	33880	卖盘
10:43:39	12.1	--	6	7260	卖盘
10:43:29	12.1	--	1	1210	卖盘
10:43:18	12.1	--	28	33880	卖盘
10:43:08	12.1	--	20	24200	卖盘
10:42:47	12.1	-0.01	28	33880	卖盘
10:42:14	12.11	--	168	203448	卖盘
10:41:48	12.11	-0.01	28	33908	卖盘
10:41:44	12.12	0.01	10	12120	买盘
10:41:32	12.11	--	6	7266	卖盘
10:41:18	12.11	--	14	16954	卖盘
10:41:14	12.11	--	36	43596	买盘
10:41:02	12.11	--	30	36330	买盘
10:40:58	12.11	0.01	25	30275	买盘
10:40:53	12.1	--	0	0	卖盘
10:40:44	12.1	--	28	33880	卖盘
10:40:29	12.1	-0.01	30	36300	卖盘
10:40:23	12.11	0.01	16	19376	买盘
10:40:13	12.1	--	28	33880	卖盘
10:40:02	12.1	--	1	1210	卖盘
10:39:53	12.1	0.01	55	66550	买盘
10:39:43	12.09	-0.01	28	33852	卖盘
10:39:38	12.1	0.01	10	12100	买盘
10:39:13	12.09	-0.01	29	35061	卖盘
10:39:08	12.1	--	1	1210	买盘
10:38:58	12.1	0.01	3	3630	卖盘
10:38:53	12.09	--	0	0	卖盘
10:38:47	12.09	-0.01	28	33852	卖盘
10:38:41	12.1	--	3	3630	买盘
10:38:32	12.1	--	7	8470	卖盘
10:38:17	12.1	--	28	33880	卖盘
10:38:11	12.1	--	7	8470	卖盘
10:37:53	12.1	0.01	8	9680	买盘
10:37:47	12.09	--	28	33852	卖盘
10:37:17	12.09	--	28	33852	卖盘
10:37:11	12.09	-0.01	3	3627	卖盘
10:37:02	12.1	--	22	26620	卖盘
10:36:47	12.1	0.01	28	33880	中性盘
10:36:41	12.09	--	50	60450	卖盘
10:36:32	12.09	--	0	0	卖盘
10:36:17	12.09	--	14	16926	卖盘
10:36:11	12.09	-0.02	15	18135	卖盘
10:35:47	12.11	--	69	83559	买盘
10:35:41	12.11	0.02	1	1211	买盘
10:35:32	12.09	--	0	0	卖盘
10:35:17	12.09	--	14	16926	卖盘
10:35:11	12.09	-0.02	17	20553	卖盘
10:35:08	12.11	--	0	0	买盘
10:34:47	12.11	0.01	23	27853	买盘
10:34:41	12.1	--	14	16940	卖盘
10:34:37	12.1	--	11	13310	买盘
10:34:22	12.1	--	9	10890	卖盘
10:34:17	12.1	0.01	14	16940	买盘
10:34:11	12.09	-0.01	19	22971	卖盘
10:33:41	12.1	--	45	54571	买盘
10:33:22	12.1	--	10	12100	买盘
10:33:11	12.1	--	0	1089	卖盘
10:32:41	12.1	--	28	33880	卖盘
10:32:37	12.1	--	10	12100	卖盘
10:32:32	12.1	--	36	43681	卖盘
10:32:20	12.1	--	26	31460	买盘
10:32:11	12.1	-0.01	2	2420	卖盘
10:31:56	12.11	--	24	29064	买盘
10:31:50	12.11	--	0	0	买盘
10:31:47	12.11	0.02	25	30275	买盘
10:31:41	12.09	--	28	33852	卖盘
10:31:35	12.09	--	29	35061	卖盘
10:31:11	12.09	--	48	58032	卖盘
10:30:56	12.09	-0.02	45	54405	卖盘
10:30:50	12.11	--	2	2422	买盘
10:30:47	12.11	--	8	9688	买盘
10:30:41	12.11	0.01	1	1211	卖盘
10:30:17	12.1	--	8	9680	买盘
10:30:11	12.1	--	20	24200	卖盘
10:29:56	12.1	--	3	3630	卖盘
10:29:50	12.1	-0.01	20	24200	卖盘
10:29:47	12.11	0.01	18	21798	买盘
10:29:41	12.1	--	28	33880	卖盘
10:29:26	12.1	-0.01	50	60500	卖盘
10:29:11	12.11	--	29	35119	买盘
10:29:05	12.11	0.01	3	3633	买盘
10:28:50	12.1	-0.01	21	25410	卖盘
10:28:46	12.11	0.01	8	9688	买盘
10:28:41	12.1	-0.01	37	44770	卖盘
10:28:26	12.11	-0.01	27	32697	卖盘
10:28:17	12.12	--	1	1212	买盘
10:28:11	12.12	-0.01	18	21816	卖盘
10:28:05	12.13	0.01	5	6065	买盘
10:27:47	12.12	0.01	10	12120	中性盘
10:27:41	12.11	-0.02	28	33908	卖盘
10:27:35	12.13	--	0	0	买盘
10:27:31	12.13	--	9	10917	买盘
10:27:26	12.13	0.01	1	1213	买盘
10:27:20	12.12	--	20	24240	买盘
10:27:11	12.12	--	8	9696	卖盘
10:26:46	12.12	0.01	2	2424	买盘
10:26:41	12.11	--	28	33908	卖盘
10:26:35	12.11	--	27	32697	卖盘
10:26:31	12.11	--	1	1211	卖盘
10:26:11	12.11	-0.02	28	33908	卖盘
10:25:56	12.13	--	0	0	买盘
10:25:46	12.13	0.02	8	9704	买盘
10:25:41	12.11	-0.02	28	33908	卖盘
10:25:20	12.13	0.02	9	10917	买盘
10:25:11	12.11	-0.02	28	33908	卖盘
10:24:56	12.13	0.01	30	36390	买盘
10:24:44	12.12	0.01	8	9696	买盘
10:24:41	12.11	--	28	33908	卖盘
10:24:11	12.11	--	30	36330	卖盘
10:23:59	12.11	-0.01	31	37541	卖盘
10:23:44	12.12	--	8	9696	买盘
10:23:35	12.12	--	29	35148	卖盘
10:23:29	12.12	--	22	26664	卖盘
10:23:25	12.12	--	64	77568	卖盘
10:23:05	12.12	--	28	33936	卖盘
10:22:40	12.12	--	20	24240	买盘
10:22:35	12.12	--	18	21816	卖盘
10:22:20	12.12	--	7	8484	卖盘
10:22:05	12.12	-0.01	177	214524	卖盘
10:21:59	12.13	--	4	4852	买盘
10:21:50	12.13	--	56	67928	买盘
10:21:44	12.13	--	8	9704	买盘
10:21:35	12.13	-0.01	3	3639	卖盘
10:21:25	12.14	--	0	0	买盘
10:21:20	12.14	0.01	10	12140	买盘
10:21:10	12.13	--	12	14556	卖盘
10:21:05	12.13	--	28	33964	卖盘
10:20:55	12.13	--	14	16982	买盘
10:20:40	12.13	0.01	10	12130	买盘
10:20:35	12.12	--	28	33936	卖盘
10:20:05	12.12	--	53	64235	卖盘
10:19:44	12.12	--	14	16968	卖盘
10:19:40	12.12	--	14	16968	卖盘
10:19:35	12.12	--	32	38784	卖盘
10:19:20	12.12	-0.01	6	7271	卖盘
10:19:08	12.13	--	9	10917	买盘
10:19:05	12.13	--	12	14556	卖盘
10:18:50	12.13	0.01	20	24260	买盘
10:18:44	12.12	--	30	36360	卖盘
10:18:35	12.12	--	28	33936	卖盘
10:18:23	12.12	--	0	0	卖盘
10:18:05	12.12	--	47	56963	卖盘
10:17:53	12.12	--	0	0	中性盘
10:17:50	12.12	--	15	18180	卖盘
10:17:38	12.12	--	121	146652	卖盘
10:17:35	12.12	-0.01	28	33936	卖盘
10:17:29	12.13	0.01	4	4852	买盘
10:17:19	12.12	--	2	2424	卖盘
10:17:04	12.12	--	70	84840	买盘
10:16:59	12.12	--	18	21816	买盘
10:16:49	12.12	--	2	2424	买盘
10:16:34	12.12	--	30	36360	卖盘
10:16:19	12.12	--	13	15755	卖盘
10:15:59	12.12	-0.01	28	33936	卖盘
10:15:49	12.13	--	8	9704	买盘
10:15:34	12.13	0.01	11	13343	买盘
10:15:29	12.12	-0.01	28	33936	卖盘
10:15:19	12.13	--	0	0	中性盘
10:15:04	12.13	--	0	0	买盘
10:14:59	12.13	--	40	48520	买盘
10:14:49	12.13	--	13	15769	买盘
10:14:44	12.13	--	5	6065	买盘
10:14:38	12.13	--	1	1213	买盘
10:14:29	12.13	--	25	30325	卖盘
10:13:59	12.13	-0.01	75	90975	卖盘
10:13:49	12.14	0.01	8	9712	买盘
10:13:44	12.13	--	1	1213	卖盘
10:13:38	12.13	--	45	54585	买盘
10:13:34	12.13	--	16	19408	买盘
10:13:23	12.13	--	7	8491	卖盘
10:13:19	12.13	--	65	78845	卖盘
10:13:08	12.13	--	15	18195	卖盘
10:12:59	12.13	-0.01	28	33964	卖盘
10:12:49	12.14	--	8	9712	买盘
10:12:44	12.14	0.01	9	10926	买盘
10:12:38	12.13	--	2	2426	卖盘
10:12:29	12.13	-0.01	31	37603	卖盘
10:12:17	12.14	--	9	10926	买盘
10:12:14	12.14	0.01	22	26708	买盘
10:11:59	12.13	-0.01	28	33964	卖盘
10:11:53	12.14	--	8	9712	买盘
10:11:44	12.14	0.01	7	8498	买盘
10:11:29	12.13	--	28	33964	卖盘
10:11:02	12.13	--	10	12130	卖盘
10:10:59	12.13	--	48	58224	卖盘
10:10:53	12.13	--	19	23047	卖盘
10:10:47	12.13	--	1	1213	卖盘
10:10:28	12.13	--	28	33964	卖盘
10:10:23	12.13	-0.01	15	18195	卖盘
10:10:17	12.14	--	5	6070	买盘
10:09:58	12.14	--	57	69198	买盘
10:09:53	12.14	0.01	22	26708	买盘
10:09:32	12.13	--	100	121300	卖盘
10:09:28	12.13	--	40	48520	卖盘
10:09:13	12.13	-0.01	48	58224	卖盘
10:08:58	12.14	--	53	64342	买盘
10:08:53	12.14	0.01	8	9712	买盘
10:08:47	12.13	--	40	48520	卖盘
10:08:28	12.13	--	76	92188	卖盘
10:08:13	12.13	-0.01	10	12130	卖盘
10:08:08	12.14	--	2	2428	卖盘
10:08:02	12.14	--	33	40062	卖盘
10:07:58	12.14	--	27	32778	卖盘
10:07:53	12.14	--	108	131112	卖盘
10:07:38	12.14	--	20	24280	卖盘
10:07:28	12.14	--	30	36420	卖盘
10:07:23	12.14	-0.01	28	33992	卖盘
10:07:17	12.15	--	7	8505	买盘
10:07:08	12.15	--	53	65063	卖盘
10:06:58	12.15	--	30	36450	卖盘
10:06:53	12.15	--	36	43740	卖盘
10:06:43	12.15	-0.01	13	15795	卖盘
10:06:38	12.16	0.01	10	12160	买盘
10:06:28	12.15	--	1	1215	卖盘
10:06:23	12.15	--	28	34020	卖盘
10:06:08	12.15	--	2	2430	卖盘
10:05:53	12.15	--	37	44955	卖盘
10:05:47	12.15	--	11	13365	卖盘
10:05:32	12.15	--	8	9720	卖盘
10:05:23	12.15	--	28	34020	卖盘
10:05:17	12.15	--	30	36996	买盘
10:04:53	12.15	--	8	10388	卖盘
10:04:41	12.15	0.01	1	1761	买盘
10:04:38	12.14	-0.01	12	14568	卖盘
10:04:32	12.15	0.01	9	10935	买盘
10:04:22	12.14	--	28	33992	卖盘
10:04:07	12.14	--	20	24280	卖盘
10:03:52	12.14	--	28	33992	卖盘
10:03:22	12.14	--	28	33992	卖盘
10:03:17	12.14	--	10	12140	卖盘
10:03:11	12.14	--	1	1214	卖盘
10:03:07	12.14	-0.01	12	14568	卖盘
10:02:56	12.15	--	5	6075	买盘
10:02:52	12.15	--	12	15248	卖盘
10:02:47	12.15	-0.01	20	24846	卖盘
10:02:41	12.16	0.01	3	3648	买盘
10:02:22	12.15	0.01	30	36450	买盘
10:01:52	12.14	-0.01	28	33992	卖盘
10:01:26	12.15	--	1	1215	买盘
10:01:22	12.15	--	25	30375	卖盘
10:01:17	12.15	--	38	46170	卖盘
10:00:52	12.15	--	28	34020	卖盘
10:00:47	12.15	--	1	1215	卖盘
10:00:37	12.15	0.01	15	18225	卖盘
10:00:32	12.14	-0.02	12	14568	卖盘
10:00:22	12.16	--	33	40128	买盘
10:00:07	12.16	--	20	24320	买盘
10:00:02	12.16	--	0	0	买盘
09:59:50	12.16	--	34	41344	买盘
09:59:20	12.16	0.01	32	38912	买盘
09:59:11	12.15	--	38	46170	买盘
09:59:02	12.15	--	31	37665	买盘
09:58:41	12.15	-0.02	59	71685	卖盘
09:58:35	12.17	0.02	26	31642	买盘
09:58:32	12.15	--	0	0	卖盘
09:58:20	12.15	--	14	17010	卖盘
09:58:17	12.15	-0.01	40	48600	卖盘
09:58:11	12.16	--	7	8512	买盘
09:58:02	12.16	--	12	14592	卖盘
09:57:56	12.16	--	61	74176	卖盘
09:57:50	12.16	--	5	6080	卖盘
09:57:47	12.16	--	28	34048	卖盘
09:57:41	12.16	--	16	19456	卖盘
09:57:31	12.16	--	3	3648	卖盘
09:57:20	12.16	-0.01	50	60800	卖盘
09:57:16	12.17	0.01	68	82756	买盘
09:56:46	12.16	-0.01	28	34048	卖盘
09:56:41	12.17	--	12	14604	买盘
09:56:31	12.17	0.01	175	212975	买盘
09:56:26	12.16	--	1	1216	卖盘
09:56:16	12.16	--	28	34048	卖盘
09:56:11	12.16	--	9	10944	买盘
09:56:05	12.16	--	9	10944	买盘
09:55:56	12.16	-0.02	6	7296	买盘
09:55:46	12.18	0.02	277	337386	买盘
09:55:41	12.16	--	36	43776	卖盘
09:55:31	12.16	--	5	6080	卖盘
09:55:16	12.16	--	28	34048	卖盘
09:55:11	12.16	0.01	128	155648	买盘
09:55:01	12.15	-0.01	4	4860	中性盘
09:54:56	12.16	0.01	23	27968	买盘
09:54:46	12.15	-0.01	28	34020	卖盘
09:54:41	12.16	--	0	0	买盘
09:54:35	12.16	--	4	4864	买盘
09:54:31	12.16	--	0	0	买盘
09:54:26	12.16	--	9	10944	买盘
09:54:20	12.16	0.01	10	12160	买盘
09:54:16	12.15	--	28	34020	卖盘
09:54:11	12.15	--	2	2430	买盘
09:54:05	12.15	--	24	29160	买盘
09:54:01	12.15	0.01	8	9720	买盘
09:53:46	12.14	--	28	33992	卖盘
09:53:41	12.14	0.01	50	60700	买盘
09:53:26	12.13	0.01	4	4852	买盘
09:53:20	12.12	--	11	13332	卖盘
09:53:14	12.12	-0.01	53	64235	卖盘
09:53:11	12.13	0.01	9	10917	买盘
09:52:59	12.12	0.01	52	63023	买盘
09:52:56	12.11	-0.01	26	31486	卖盘
09:52:50	12.12	0.01	4	4848	买盘
09:52:44	12.11	-0.01	28	33908	卖盘
09:52:41	12.12	--	2	2424	买盘
09:52:35	12.12	0.01	41	49692	买盘
09:52:26	12.11	--	101	122311	卖盘
09:52:20	12.11	--	20	24220	卖盘
09:52:14	12.11	-0.01	28	33908	卖盘
09:52:11	12.12	0.01	9	10908	买盘
09:51:50	12.11	--	100	121100	卖盘
09:51:44	12.11	--	28	33908	卖盘
09:51:29	12.11	--	30	36330	卖盘
09:51:14	12.11	--	28	33908	卖盘
09:51:05	12.11	--	12	14532	卖盘
09:50:55	12.11	-0.01	16	19376	卖盘
09:50:50	12.12	0.01	4	4848	买盘
09:50:44	12.11	--	28	33908	卖盘
09:50:25	12.11	--	12	14532	卖盘
09:50:20	12.11	--	47	56917	卖盘
09:50:10	12.11	-0.01	174	210714	卖盘
09:49:59	12.12	0.01	50	60599	买盘
09:49:55	12.11	--	30	36330	卖盘
09:49:40	12.11	--	34	41174	卖盘
09:49:35	12.11	-0.01	25	30710	卖盘
09:49:29	12.12	0.01	9	10908	买盘
09:49:10	12.11	--	28	33908	卖盘
09:49:05	12.11	--	2	3003	卖盘
09:48:55	12.11	--	1	1211	卖盘
09:48:50	12.11	--	5	6055	卖盘
09:48:40	12.11	--	78	94458	卖盘
09:48:10	12.11	-0.01	28	33908	卖盘
09:47:59	12.12	0.01	2	2424	买盘
09:47:55	12.11	--	1	1211	卖盘
09:47:40	12.11	--	0	0	卖盘
09:47:35	12.11	-0.01	121	146531	卖盘
09:47:29	12.12	-0.01	3	3635	卖盘
09:47:25	12.13	0.01	50	60650	买盘
09:47:10	12.12	-0.01	37	44844	卖盘
09:47:05	12.13	0.01	13	15769	买盘
09:46:50	12.12	--	60	72720	卖盘
09:46:44	12.12	--	28	33936	卖盘
09:46:35	12.12	--	37	44844	买盘
09:46:29	12.12	0.01	100	121199	买盘
09:46:14	12.11	--	104	125944	买盘
09:46:05	12.11	0.01	2	2422	买盘
09:45:50	12.1	--	3	3630	买盘
09:45:44	12.1	-0.01	25	30250	卖盘
09:45:35	12.11	0.02	3	3633	买盘
09:45:14	12.09	-0.01	30	36270	卖盘
09:44:50	12.1	--	62	75020	买盘
09:44:44	12.1	0.01	51	61710	买盘
09:44:29	12.09	--	11	13299	买盘
09:44:23	12.09	--	9	10881	买盘
09:44:19	12.09	--	4	4836	买盘
09:44:14	12.09	-0.01	9	10881	卖盘
09:44:04	12.1	0.01	10	12100	买盘
09:43:59	12.09	--	30	36270	卖盘
09:43:53	12.09	--	0	0	卖盘
09:43:49	12.09	--	40	48360	卖盘
09:43:38	12.09	--	28	33852	卖盘
09:43:29	12.09	-0.01	13	15717	卖盘
09:43:19	12.1	--	10	12100	买盘
09:43:08	12.1	-0.01	12	14520	卖盘
09:42:59	12.11	--	5	6055	买盘
09:42:44	12.11	0.01	36	43596	买盘
09:42:38	12.1	-0.01	11	13310	卖盘
09:42:34	12.11	--	1	1211	买盘
09:42:19	12.11	--	22	26642	买盘
09:42:14	12.11	0.01	20	24220	买盘
09:42:08	12.1	-0.01	29	35090	买盘
09:41:59	12.11	--	0	0	买盘
09:41:53	12.11	0.01	27	32697	买盘
09:41:49	12.1	0.01	5	6050	中性盘
09:41:38	12.09	-0.01	28	33852	卖盘
09:41:34	12.1	--	80	96800	买盘
09:41:19	12.1	0.02	12	14520	买盘
09:41:08	12.08	-0.01	38	45904	卖盘
09:41:04	12.09	--	10	12090	买盘
09:40:53	12.09	-0.03	16	19344	卖盘
09:40:44	12.12	0.04	88	106656	买盘
09:40:38	12.08	--	43	51944	卖盘
09:40:34	12.08	-0.01	115	138920	卖盘
09:40:29	12.09	--	9	10881	买盘
09:40:23	12.09	--	10	12090	买盘
09:40:19	12.09	--	2	2418	买盘
09:40:14	12.09	--	43	51987	买盘
09:40:08	12.09	0.01	32	38688	买盘
09:40:02	12.08	0.01	17	20536	卖盘
09:39:59	12.07	-0.01	100	120700	卖盘
09:39:53	12.08	--	8	9664	买盘
09:39:44	12.08	0.01	59	71272	买盘
09:39:38	12.07	-0.01	43	51901	卖盘
09:39:23	12.08	0.01	20	24160	买盘
09:39:14	12.07	--	30	36813	买盘
09:39:08	12.07	--	97	117682	卖盘
09:39:02	12.07	--	7	8449	卖盘
09:38:59	12.07	-0.01	10	12070	卖盘
09:38:44	12.08	0.01	7	8456	买盘
09:38:38	12.07	-0.01	28	33796	卖盘
09:38:32	12.08	0.01	6	7248	买盘
09:38:29	12.07	-0.01	10	12070	卖盘
09:38:23	12.08	0.01	9	10872	买盘
09:38:14	12.07	--	2	2414	卖盘
09:38:08	12.07	-0.01	21	25347	卖盘
09:38:02	12.08	0.01	4	4832	中性盘
09:37:59	12.07	-0.01	60	72420	卖盘
09:37:43	12.08	0.01	34	41072	买盘
09:37:38	12.07	--	28	33796	卖盘
09:37:28	12.07	-0.01	20	24140	卖盘
09:37:13	12.08	--	28	33824	卖盘
09:37:08	12.08	--	28	33824	卖盘
09:36:53	12.08	--	23	27784	卖盘
09:36:43	12.08	--	6	7248	卖盘
09:36:38	12.08	--	32	38656	卖盘
09:36:23	12.08	--	18	22348	卖盘
09:36:17	12.08	--	3	3624	卖盘
09:36:08	12.08	--	34	41072	卖盘
09:35:53	12.08	--	1	1208	卖盘
09:35:43	12.08	--	4	4832	卖盘
09:35:38	12.08	0.01	49	59192	买盘
09:35:32	12.07	-0.01	3	3621	卖盘
09:35:23	12.08	--	7	8456	买盘
09:35:13	12.08	--	2	2416	买盘
09:35:08	12.08	--	16	19328	卖盘
09:35:02	12.08	--	11	13288	卖盘
09:34:58	12.08	--	78	94224	买盘
09:34:53	12.08	--	8	9664	卖盘
09:34:43	12.08	--	1	1208	卖盘
09:34:38	12.08	--	43	51944	买盘
09:34:32	12.08	--	10	12080	买盘
09:34:28	12.08	--	55	66440	卖盘
09:34:23	12.08	--	25	30200	卖盘
09:34:17	12.08	-0.01	20	24160	卖盘
09:34:13	12.09	--	10	12090	买盘
09:34:08	12.09	0.01	38	45942	买盘
09:33:53	12.08	-0.01	38	45904	卖盘
09:33:43	12.09	0.01	1	1209	买盘
09:33:38	12.08	-0.01	28	33824	卖盘
09:33:32	12.09	--	7	8463	买盘
09:33:17	12.09	--	57	68913	卖盘
09:33:08	12.09	-0.01	35	42315	卖盘
09:32:53	12.1	--	118	142780	卖盘
09:32:47	12.1	--	10	12100	卖盘
09:32:38	12.1	--	28	33880	卖盘
09:32:08	12.1	-0.02	33	39930	卖盘
09:31:41	12.12	0.02	3	3635	买盘
09:31:38	12.1	--	33	39930	卖盘
09:31:23	12.1	-0.01	47	56870	卖盘
09:31:17	12.11	--	5	6055	卖盘
09:31:11	12.11	0.01	10	12110	卖盘
09:31:07	12.1	-0.02	28	33880	卖盘
09:30:52	12.12	--	1	1405	卖盘
09:30:41	12.12	-0.03	6	8290	卖盘
09:30:37	12.15	--	0	0	买盘
09:30:32	12.15	--	17	20655	卖盘
09:30:26	12.15	--	0	0	卖盘
09:30:22	12.15	--	2	2430	卖盘
09:30:17	12.15	--	3	3645	卖盘
09:30:11	12.15	-0.02	1	1215	卖盘
09:30:07	12.17	0.02	93	113181	中性盘
09:30:02	12.15	-0.03	10	12150	卖盘
09:28:49	12.18	--	0	0	买盘
09:25:05	12.18	12.18	30	36540	买盘
