成交时间	成交价	价格变动	成交量(手)	成交额(元)	性质
15:00:00	5.9	--	0	0	买盘
15:00:00	5.9	--	0	0	买盘
15:00:00	5.9	--	10	5900	买盘
14:59:58	5.9	--	259	152810	买盘
14:59:48	5.9	--	37	21830	买盘
14:59:43	5.9	--	427	251930	买盘
14:59:37	5.9	--	94	55460	买盘
14:59:33	5.9	--	137	80830	买盘
14:59:28	5.9	0.01	20	11800	买盘
14:59:18	5.89	-0.01	49	28861	卖盘
14:59:12	5.9	0.01	3	1770	买盘
14:59:07	5.89	--	4	2356	卖盘
14:58:57	5.89	--	18	10602	卖盘
14:58:48	5.89	-0.01	10	5890	卖盘
14:58:42	5.9	0.01	31	18290	买盘
14:58:37	5.89	--	66	38874	买盘
14:58:27	5.89	-0.01	172	101308	卖盘
14:58:22	5.9	0.01	20	11800	买盘
14:58:12	5.89	0.01	18	10602	买盘
14:58:02	5.88	-0.01	37	21756	卖盘
14:57:57	5.89	--	9	5301	买盘
14:57:52	5.89	--	7	4123	买盘
14:57:42	5.89	--	58	34162	卖盘
14:57:27	5.89	--	3	1767	卖盘
14:57:22	5.89	--	19	11191	卖盘
14:57:12	5.89	--	119	70091	买盘
14:57:07	5.89	--	1	589	买盘
14:57:02	5.89	--	68	40052	买盘
14:56:57	5.89	--	22	12958	买盘
14:56:52	5.89	0.01	158	93062	买盘
14:56:42	5.88	-0.01	92	54096	卖盘
14:56:37	5.89	--	5	2945	买盘
14:56:32	5.89	--	1	589	买盘
14:56:22	5.89	--	83	48887	买盘
14:56:16	5.89	--	6	3534	买盘
14:56:12	5.89	--	4	2356	买盘
14:55:57	5.89	--	20	11780	买盘
14:55:52	5.89	--	24	14136	买盘
14:55:42	5.89	0.01	27	15903	买盘
14:55:37	5.88	--	39	22932	卖盘
14:55:31	5.88	-0.01	119	69972	卖盘
14:55:27	5.89	--	20	11780	买盘
14:55:16	5.89	--	27	15903	买盘
14:55:12	5.89	--	200	117800	买盘
14:55:07	5.89	0.01	19	11191	买盘
14:54:52	5.88	--	212	124656	卖盘
14:54:46	5.88	-0.01	40	23520	卖盘
14:54:42	5.89	0.01	23	13547	买盘
14:54:37	5.88	--	79	46452	卖盘
14:54:12	5.88	-0.01	342	201096	卖盘
14:54:07	5.89	--	110	64790	买盘
14:54:01	5.89	0.01	35	20615	买盘
14:53:52	5.88	--	484	284592	卖盘
14:53:37	5.88	-0.01	1	588	卖盘
14:53:22	5.89	0.01	40	23560	买盘
14:53:12	5.88	-0.01	701	412188	卖盘
14:52:52	5.89	--	125	73625	买盘
14:52:42	5.89	--	88	51832	买盘
14:52:37	5.89	0.01	102	60078	买盘
14:52:27	5.88	-0.01	10	5880	卖盘
14:52:22	5.89	0.01	256	150784	买盘
14:52:11	5.88	--	49	28812	卖盘
14:52:07	5.88	-0.01	208	122304	卖盘
14:51:51	5.89	0.01	8	4712	买盘
14:51:46	5.88	--	121	71148	卖盘
14:51:41	5.88	-0.01	10	5880	卖盘
14:51:36	5.89	0.01	28	16492	买盘
14:51:31	5.88	--	43	25284	卖盘
14:51:16	5.88	-0.01	160	94080	卖盘
14:51:06	5.89	--	15	8835	买盘
14:51:01	5.89	0.01	10	5890	买盘
14:50:46	5.88	--	300	176400	卖盘
14:50:41	5.88	-0.01	1	588	卖盘
14:50:36	5.89	0.01	147	86583	买盘
14:50:16	5.88	--	20	11760	卖盘
14:49:56	5.88	-0.01	1	588	卖盘
14:49:51	5.89	0.01	17	10013	买盘
14:49:46	5.88	--	102	59976	卖盘
14:49:21	5.88	-0.01	75	44100	卖盘
14:49:16	5.89	0.01	5	2945	买盘
14:49:06	5.88	-0.01	2	1176	卖盘
14:48:55	5.89	--	10	5890	买盘
14:48:20	5.89	0.01	43	25327	买盘
14:48:01	5.88	-0.01	10	5880	卖盘
14:47:54	5.89	--	6	3534	买盘
14:47:50	5.89	--	10	5890	买盘
14:47:46	5.89	--	487	286843	买盘
14:47:36	5.89	--	25	14725	买盘
14:47:21	5.89	0.01	5	2945	买盘
14:46:36	5.88	-0.01	1	588	卖盘
14:46:31	5.89	0.01	42	24738	买盘
14:46:25	5.88	-0.01	159	93492	卖盘
14:45:55	5.89	--	8	4712	买盘
14:45:46	5.89	0.01	10	5890	买盘
14:45:36	5.88	-0.01	5	2940	卖盘
14:45:16	5.89	0.01	9	5301	买盘
14:45:10	5.88	-0.01	24	14112	卖盘
14:45:00	5.89	--	5	2945	买盘
14:44:55	5.89	0.01	23	13547	买盘
14:44:30	5.88	-0.01	2	1176	卖盘
14:44:10	5.89	0.01	68	40052	买盘
14:44:05	5.88	-0.01	4	2352	卖盘
14:43:40	5.89	0.01	4	2356	买盘
14:43:30	5.88	-0.01	50	29400	卖盘
14:43:25	5.89	--	250	147250	买盘
14:42:54	5.89	--	150	88350	买盘
14:42:45	5.89	--	5	2945	买盘
14:42:34	5.89	--	11	6479	买盘
14:42:25	5.89	--	5	2945	买盘
14:42:10	5.89	0.01	59	34751	买盘
14:41:45	5.88	--	29	17052	卖盘
14:41:40	5.88	--	15	8820	卖盘
14:41:25	5.88	-0.01	30	17640	卖盘
14:41:15	5.89	0.01	3	1767	买盘
14:41:10	5.88	--	17	9996	卖盘
14:41:04	5.88	-0.01	23	13524	卖盘
14:40:54	5.89	--	4	2356	买盘
14:40:34	5.89	0.01	4	2356	买盘
14:40:30	5.88	--	110	64680	卖盘
14:40:25	5.88	--	166	97608	卖盘
14:40:19	5.88	-0.01	81	47628	卖盘
14:40:15	5.89	0.01	3	1767	买盘
14:39:55	5.88	-0.01	34	19992	卖盘
14:39:49	5.89	--	4	2356	买盘
14:39:44	5.89	--	7	4123	买盘
14:39:34	5.89	--	4	2356	买盘
14:39:29	5.89	--	119	70091	卖盘
14:39:25	5.89	--	101	59489	卖盘
14:39:19	5.89	--	110	64790	卖盘
14:39:15	5.89	--	6	3534	卖盘
14:39:00	5.89	--	21	12369	卖盘
14:38:55	5.89	-0.01	29	17081	卖盘
14:38:49	5.9	0.01	3	1770	买盘
14:38:45	5.89	-0.01	8	4712	卖盘
14:38:34	5.9	0.01	4	2360	买盘
14:38:30	5.89	--	8	4712	卖盘
14:38:24	5.89	--	250	147250	卖盘
14:38:19	5.89	--	25	14725	卖盘
14:38:14	5.89	--	110	64790	卖盘
14:38:03	5.89	--	27	15903	卖盘
14:37:54	5.89	-0.01	103	60667	卖盘
14:37:49	5.9	0.01	1	590	买盘
14:37:39	5.89	--	14	8246	卖盘
14:37:34	5.89	--	29	17081	卖盘
14:37:29	5.89	--	1	589	卖盘
14:37:24	5.89	--	37	21793	卖盘
14:37:19	5.89	-0.01	100	58900	卖盘
14:37:14	5.9	0.01	4	2360	买盘
14:37:04	5.89	-0.01	1	589	卖盘
14:36:59	5.9	0.01	1	590	买盘
14:36:54	5.89	--	93	54777	卖盘
14:36:34	5.89	--	76	44764	卖盘
14:36:24	5.89	-0.01	30	17670	卖盘
14:36:14	5.9	0.01	4	2360	买盘
14:36:04	5.89	-0.01	20	11780	卖盘
14:35:54	5.9	--	3	1770	买盘
14:35:49	5.9	0.01	57	33630	买盘
14:35:43	5.89	--	15	8835	卖盘
14:35:34	5.89	-0.01	7	4123	卖盘
14:35:24	5.9	--	82	48380	买盘
14:35:13	5.9	--	4	2360	买盘
14:34:58	5.9	--	3	1770	买盘
14:34:54	5.9	--	3	1770	买盘
14:34:49	5.9	--	2	1180	买盘
14:34:34	5.9	0.01	4	2360	买盘
14:34:23	5.89	--	24	14136	卖盘
14:34:13	5.89	-0.01	14	8246	卖盘
14:34:09	5.9	0.01	20	11800	买盘
14:33:54	5.89	-0.01	504	296856	卖盘
14:33:49	5.9	--	5	2950	买盘
14:33:33	5.9	--	8	4720	买盘
14:33:23	5.9	--	3	1770	买盘
14:33:19	5.9	--	20	11800	买盘
14:33:13	5.9	0.01	4	2360	买盘
14:33:09	5.89	-0.01	3	1767	卖盘
14:32:54	5.9	--	8	4720	买盘
14:32:39	5.9	0.01	2	1180	买盘
14:32:34	5.89	-0.01	21	12369	卖盘
14:32:28	5.9	--	21	12390	买盘
14:32:12	5.9	--	5	2950	买盘
14:31:53	5.9	--	4	2360	买盘
14:31:38	5.9	--	3	1770	买盘
14:31:18	5.9	--	7	4130	买盘
14:31:13	5.9	--	4	2360	买盘
14:30:58	5.9	--	4	2360	买盘
14:30:33	5.9	--	3	1770	买盘
14:30:18	5.9	--	4	2360	买盘
14:30:13	5.9	--	179	106164	卖盘
14:29:58	5.9	--	24	14160	卖盘
14:29:48	5.9	--	6	3540	卖盘
14:29:43	5.9	--	4	2360	卖盘
14:29:32	5.9	--	33	19505	买盘
14:29:18	5.9	--	3	1770	买盘
14:29:07	5.9	--	190	112100	买盘
14:28:58	5.9	0.01	4	2360	买盘
14:28:52	5.89	-0.01	6	3534	卖盘
14:28:33	5.9	--	4	2360	买盘
14:28:27	5.9	--	50	29500	买盘
14:28:21	5.9	--	2	1180	买盘
14:28:13	5.9	0.01	3	1770	买盘
14:27:52	5.89	-0.01	1012	596068	卖盘
14:27:32	5.9	0.01	4	2360	买盘
14:27:28	5.89	-0.01	13	7657	卖盘
14:27:21	5.9	--	80	47200	买盘
14:27:17	5.9	--	76	44840	买盘
14:27:13	5.9	--	8	4720	买盘
14:27:03	5.9	--	50	29500	买盘
14:26:48	5.9	--	4	2360	买盘
14:26:32	5.9	0.01	4	2360	买盘
14:26:27	5.89	-0.01	5	2945	卖盘
14:26:22	5.9	--	50	29500	买盘
14:26:12	5.9	--	9	5310	买盘
14:26:02	5.9	--	17	10030	买盘
14:25:51	5.9	--	22	12980	买盘
14:25:48	5.9	--	100	59000	买盘
14:25:37	5.9	--	16	9440	买盘
14:25:28	5.9	-0.01	466	275494	卖盘
14:25:17	5.91	0.01	185	109335	买盘
14:25:13	5.9	-0.01	20	11800	卖盘
14:25:03	5.91	--	7	4137	买盘
14:24:58	5.91	--	4	2364	买盘
14:24:52	5.91	--	13	7683	买盘
14:24:42	5.91	--	11	6501	买盘
14:24:37	5.91	--	14	8274	买盘
14:24:27	5.91	--	10	5910	买盘
14:24:17	5.91	0.01	4	2364	买盘
14:23:57	5.9	--	908	535755	买盘
14:23:47	5.9	0.01	10	5900	买盘
14:23:36	5.89	-0.01	60	35340	卖盘
14:23:32	5.9	--	72	42480	买盘
14:23:12	5.9	--	4	2360	买盘
14:23:06	5.9	--	387	228330	买盘
14:23:02	5.9	--	4	2360	买盘
14:22:57	5.9	--	4	2360	买盘
14:22:37	5.9	0.01	21	12390	买盘
14:22:26	5.89	-0.01	25	14725	卖盘
14:22:11	5.9	--	4	2360	买盘
14:21:56	5.9	--	43	25370	买盘
14:21:51	5.9	--	7	4130	买盘
14:21:36	5.9	--	36	21240	买盘
14:21:16	5.9	--	4	2360	买盘
14:21:07	5.9	--	3	1770	买盘
14:20:56	5.9	--	3	1770	买盘
14:20:41	5.9	--	25	14750	买盘
14:20:37	5.9	0.01	4	2360	买盘
14:20:26	5.89	-0.01	18	10602	卖盘
14:20:11	5.9	--	4	2360	买盘
14:20:00	5.9	--	9	5310	买盘
14:19:51	5.9	--	13	7670	买盘
14:19:45	5.9	--	60	35400	买盘
14:19:30	5.9	--	13	7670	买盘
14:19:11	5.9	0.01	58	34220	买盘
14:18:56	5.89	-0.01	62	36518	卖盘
14:18:51	5.9	--	17	10030	买盘
14:18:30	5.9	--	3	1770	买盘
14:18:21	5.9	--	22	12980	买盘
14:18:15	5.9	--	4	2360	买盘
14:18:00	5.9	0.01	9	5310	买盘
14:17:51	5.89	-0.01	38	22382	卖盘
14:17:36	5.9	0.01	3	1770	买盘
14:17:21	5.89	--	20	11780	卖盘
14:17:11	5.89	--	124	73036	买盘
14:17:06	5.89	0.01	47	27683	买盘
14:16:56	5.88	-0.01	31	18228	卖盘
14:16:51	5.89	--	41	24149	买盘
14:16:36	5.89	--	36	21204	买盘
14:16:30	5.89	--	16	9424	买盘
14:16:15	5.89	--	83	48887	买盘
14:16:00	5.89	0.01	30	17670	买盘
14:15:51	5.88	-0.01	9	5292	卖盘
14:15:45	5.89	--	7	4123	买盘
14:15:39	5.89	--	1	589	买盘
14:15:35	5.89	--	4	2356	买盘
14:15:20	5.89	--	38	22382	买盘
14:15:15	5.89	0.01	100	58900	买盘
14:14:54	5.88	-0.01	4	2352	卖盘
14:14:39	5.89	--	3	1767	买盘
14:14:35	5.89	--	6	3534	买盘
14:14:20	5.89	--	4	2356	买盘
14:14:05	5.89	0.01	12	7068	买盘
14:14:00	5.88	-0.01	5	2940	卖盘
14:13:50	5.89	--	30	17670	买盘
14:13:45	5.89	0.01	3	1767	买盘
14:13:30	5.88	--	4	2352	卖盘
14:13:24	5.88	-0.01	50	29400	卖盘
14:13:20	5.89	--	6	3534	买盘
14:13:05	5.89	--	49	28861	买盘
14:13:00	5.89	--	11	6479	买盘
14:12:50	5.89	--	36	21204	买盘
14:12:45	5.89	--	52	30628	买盘
14:12:35	5.89	--	103	60667	买盘
14:12:30	5.89	0.01	1	589	买盘
14:12:20	5.88	-0.01	299	175812	卖盘
14:12:16	5.89	--	53	31217	买盘
14:12:05	5.89	--	60	35340	买盘
14:12:00	5.89	--	4	2356	买盘
14:11:54	5.89	-0.01	23	13547	买盘
14:11:50	5.9	--	0	0	买盘
14:11:45	5.9	0.01	1707	1007684	买盘
14:11:39	5.89	-0.01	2	1178	卖盘
14:11:35	5.9	--	7	4130	买盘
14:11:30	5.9	--	10	5900	买盘
14:11:20	5.9	--	7	4130	买盘
14:11:15	5.9	--	18	10620	买盘
14:11:05	5.9	--	22	12980	买盘
14:10:54	5.9	--	18	10620	买盘
14:10:50	5.9	--	2	1180	买盘
14:10:39	5.9	0.01	3	1770	买盘
14:10:35	5.89	-0.01	43	25327	卖盘
14:10:15	5.9	--	4	2360	买盘
14:09:54	5.9	--	17	10030	买盘
14:09:45	5.9	--	12	7080	买盘
14:09:39	5.9	--	4	2360	买盘
14:09:20	5.9	--	5	2950	买盘
14:09:15	5.9	--	3	1770	买盘
14:09:09	5.9	--	265	156350	买盘
14:08:54	5.9	--	7	4130	买盘
14:08:44	5.9	--	14	8260	买盘
14:08:39	5.9	--	4	2360	买盘
14:08:14	5.9	--	5	2950	买盘
14:08:03	5.9	--	48	28320	买盘
14:07:59	5.9	0.01	4	2360	买盘
14:07:54	5.89	-0.01	16	9424	卖盘
14:07:39	5.9	0.01	20	11800	买盘
14:07:29	5.89	--	32	18848	卖盘
14:07:24	5.89	-0.01	10	5890	卖盘
14:07:18	5.9	0.01	9	5310	买盘
14:06:44	5.89	--	27	15938	买盘
14:06:39	5.89	0.01	4	2356	买盘
14:06:33	5.88	-0.01	7	4116	卖盘
14:06:29	5.89	--	83	48887	买盘
14:06:14	5.89	-0.01	488	287691	卖盘
14:05:54	5.9	0.01	4	2360	买盘
14:05:48	5.89	-0.01	20	11780	卖盘
14:05:44	5.9	--	1	590	买盘
14:05:39	5.9	--	14	8260	买盘
14:05:18	5.9	--	5	2950	买盘
14:05:14	5.9	--	36	21240	买盘
14:05:03	5.9	--	2	1180	买盘
14:04:59	5.9	--	15	8850	买盘
14:04:33	5.9	0.01	13	7670	买盘
14:03:54	5.89	--	2	1178	卖盘
14:03:24	5.89	--	46	27094	卖盘
14:03:18	5.89	--	4	2356	卖盘
14:03:14	5.89	-0.01	20	11780	卖盘
14:03:09	5.9	0.01	4	2360	买盘
14:02:39	5.89	--	30	17999	买盘
14:02:33	5.89	--	33	19437	买盘
14:02:24	5.89	--	4	2356	买盘
14:02:18	5.89	--	110	64790	买盘
14:02:03	5.89	0.01	33	19437	买盘
14:01:53	5.88	-0.01	134	78792	卖盘
14:01:48	5.89	--	5	2945	买盘
14:01:38	5.89	--	44	25916	买盘
14:01:33	5.89	--	10	5890	买盘
14:01:23	5.89	--	1	589	买盘
14:01:18	5.89	--	1	589	买盘
14:01:08	5.89	--	9	5301	买盘
14:01:03	5.89	0.01	50	29450	买盘
14:00:57	5.88	-0.01	149	87612	卖盘
14:00:48	5.89	--	6	3534	买盘
14:00:42	5.89	0.01	5	2945	买盘
14:00:38	5.88	-0.01	96	56448	卖盘
14:00:33	5.89	--	78	45942	买盘
14:00:27	5.89	0.01	5	2945	买盘
14:00:18	5.88	-0.01	205	120540	卖盘
14:00:08	5.89	--	513	302157	买盘
13:59:53	5.89	--	36	21204	买盘
13:59:48	5.89	--	23	13547	买盘
13:59:18	5.89	--	50	29450	买盘
13:59:12	5.89	0.01	25	14725	买盘
13:58:53	5.88	-0.01	10	5880	卖盘
13:58:48	5.89	--	30	17670	买盘
13:58:23	5.89	--	90	53010	买盘
13:58:03	5.89	0.01	129	75981	买盘
13:57:53	5.88	--	12	7056	卖盘
13:57:48	5.88	-0.01	50	29400	卖盘
13:57:42	5.89	0.01	3	1767	买盘
13:57:38	5.88	--	6	3528	卖盘
13:57:18	5.88	-0.01	10	5880	卖盘
13:57:12	5.89	--	34	20026	买盘
13:57:03	5.89	--	100	58900	买盘
13:56:57	5.89	--	10	5890	买盘
13:56:42	5.89	--	29	17081	买盘
13:56:33	5.89	0.01	21	12369	买盘
13:56:23	5.88	-0.01	15	8820	卖盘
13:56:18	5.89	--	161	94829	买盘
13:56:12	5.89	--	3	1767	买盘
13:56:08	5.89	--	17	10013	买盘
13:56:03	5.89	--	24	14136	买盘
13:55:48	5.89	0.01	30	17670	买盘
13:55:42	5.88	-0.01	5	2940	卖盘
13:55:33	5.89	--	9	5301	买盘
13:55:27	5.89	--	26	15314	买盘
13:55:18	5.89	--	50	29450	买盘
13:55:02	5.89	0.01	21	12369	买盘
13:54:57	5.88	-0.01	79	46452	卖盘
13:54:42	5.89	0.01	52	30628	买盘
13:53:57	5.88	-0.01	37	21756	卖盘
13:53:36	5.89	0.01	6	3534	买盘
13:53:27	5.88	-0.01	15	8820	卖盘
13:53:21	5.89	--	25	14725	买盘
13:53:06	5.89	--	21	12369	买盘
13:52:47	5.89	--	49	28861	买盘
13:52:42	5.89	--	26	15314	买盘
13:52:32	5.89	--	14	8246	买盘
13:52:27	5.89	--	20	11780	买盘
13:52:17	5.89	--	10	5890	买盘
13:52:06	5.89	--	21	12369	买盘
13:52:02	5.89	--	1	589	买盘
13:51:57	5.89	--	23	13547	买盘
13:51:51	5.89	--	21	12369	买盘
13:51:47	5.89	--	2	1178	买盘
13:51:42	5.89	--	6	3534	买盘
13:51:36	5.89	--	5	2945	买盘
13:51:32	5.89	--	24	14136	买盘
13:51:27	5.89	--	51	30039	买盘
13:51:17	5.89	--	390	229710	买盘
13:51:12	5.89	--	20	11780	买盘
13:51:02	5.89	0.01	22	12958	买盘
13:50:51	5.88	-0.01	50	29400	卖盘
13:50:47	5.89	--	10	5890	买盘
13:50:42	5.89	--	15	8835	买盘
13:50:36	5.89	0.01	51	30039	买盘
13:50:12	5.88	-0.01	1	588	卖盘
13:49:47	5.89	--	74	43586	买盘
13:49:42	5.89	0.01	7	4123	买盘
13:49:36	5.88	--	20	11760	卖盘
13:49:17	5.88	-0.01	30	17640	卖盘
13:49:12	5.89	0.01	32	18848	买盘
13:48:51	5.88	-0.01	9	5292	卖盘
13:48:42	5.89	--	23	13547	买盘
13:48:11	5.89	--	1	589	买盘
13:47:56	5.89	--	20	11780	买盘
13:47:41	5.89	--	118	69502	买盘
13:47:26	5.89	0.01	1	589	买盘
13:47:21	5.88	-0.01	399	234612	卖盘
13:47:15	5.89	0.01	1	589	买盘
13:47:11	5.88	-0.01	1	588	卖盘
13:47:00	5.89	--	49	28861	买盘
13:46:41	5.89	0.01	5	2945	买盘
13:46:26	5.88	--	35	20580	卖盘
13:45:41	5.88	-0.01	50	29400	卖盘
13:45:30	5.89	--	28	16492	买盘
13:45:26	5.89	0.01	5	2945	买盘
13:45:21	5.88	-0.01	45	26460	卖盘
13:45:11	5.89	--	5	2945	买盘
13:44:56	5.89	--	150	88350	买盘
13:44:26	5.89	0.01	37	21793	买盘
13:44:11	5.88	-0.01	30	17640	卖盘
13:43:56	5.89	0.01	93	54777	买盘
13:43:45	5.88	--	151	88788	卖盘
13:43:41	5.88	--	4	2352	卖盘
13:43:30	5.88	--	10	5880	卖盘
13:43:21	5.88	-0.01	91	53508	卖盘
13:43:00	5.89	--	43	25327	买盘
13:42:51	5.89	--	20	11780	买盘
13:42:36	5.89	--	1	589	买盘
13:42:21	5.89	--	47	27683	买盘
13:42:11	5.89	--	66	38874	买盘
13:42:06	5.89	--	19	11191	买盘
13:41:51	5.89	--	4	2356	买盘
13:41:45	5.89	--	142	83638	买盘
13:41:35	5.89	--	4	2356	买盘
13:41:20	5.89	--	11	6479	买盘
13:41:05	5.89	--	7	4123	买盘
13:41:00	5.89	--	35	20615	买盘
13:40:35	5.89	--	6	3534	买盘
13:40:24	5.89	--	100	58900	买盘
13:40:05	5.89	0.01	30	17670	买盘
13:40:00	5.88	--	50	29400	卖盘
13:39:45	5.88	-0.01	46	27048	卖盘
13:39:39	5.89	--	67	39463	买盘
13:39:00	5.89	0.01	107	63023	买盘
13:38:54	5.88	-0.01	50	29400	卖盘
13:38:45	5.89	--	100	58900	买盘
13:38:35	5.89	--	40	23560	买盘
13:38:00	5.89	0.01	70	41230	买盘
13:37:54	5.88	-0.01	6	3528	卖盘
13:37:30	5.89	--	20	11780	买盘
13:37:20	5.89	--	10	5890	买盘
13:37:09	5.89	--	41	24149	买盘
13:37:05	5.89	--	62	36518	买盘
13:37:00	5.89	0.01	153	90117	买盘
13:36:50	5.88	-0.01	25	14700	卖盘
13:36:39	5.89	--	9	5301	买盘
13:36:24	5.89	0.01	20	11780	买盘
13:36:20	5.88	--	20	11760	卖盘
13:36:05	5.88	--	83	48804	卖盘
13:35:54	5.88	--	400	235200	卖盘
13:35:39	5.88	--	56	32928	卖盘
13:35:35	5.88	--	50	29400	卖盘
13:34:54	5.88	--	10	5880	卖盘
13:34:39	5.88	--	2	1176	卖盘
13:34:29	5.88	--	3	1764	卖盘
13:34:24	5.88	-0.01	5	2940	卖盘
13:34:18	5.89	0.01	9	5301	买盘
13:34:09	5.88	-0.01	10	5880	卖盘
13:33:59	5.89	--	10	5890	买盘
13:33:48	5.89	--	87	51243	买盘
13:33:44	5.89	--	88	51832	买盘
13:33:39	5.89	--	7	4123	买盘
13:33:33	5.89	0.01	4	2356	买盘
13:33:29	5.88	--	1	588	卖盘
13:33:18	5.88	-0.01	4	2352	卖盘
13:33:14	5.89	--	30	17670	买盘
13:32:59	5.89	0.01	37	21793	买盘
13:32:54	5.88	-0.01	13	7644	卖盘
13:32:03	5.89	--	8	4712	买盘
13:31:59	5.89	--	40	23560	买盘
13:31:48	5.89	--	143	84227	买盘
13:31:39	5.89	--	4	2356	买盘
13:31:29	5.89	--	100	58900	买盘
13:31:18	5.89	--	10	5890	买盘
13:30:54	5.89	--	100	58900	买盘
13:30:39	5.89	--	1	589	买盘
13:30:03	5.89	--	14	8246	买盘
13:29:54	5.89	--	21	12369	买盘
13:29:24	5.89	0.01	3	1767	买盘
13:29:14	5.88	--	10	5880	卖盘
13:29:09	5.88	--	354	208152	卖盘
13:28:54	5.88	--	156	91728	卖盘
13:28:24	5.88	-0.01	25	14700	卖盘
13:28:09	5.89	0.01	25	14725	买盘
13:27:48	5.88	-0.01	30	17640	卖盘
13:27:38	5.89	0.01	43	25327	买盘
13:27:23	5.88	-0.01	11	6468	卖盘
13:27:18	5.89	--	50	29450	买盘
13:27:03	5.89	--	3	1767	买盘
13:26:53	5.89	--	48	28272	买盘
13:26:38	5.89	--	14	8246	买盘
13:26:27	5.89	--	36	21204	买盘
13:26:23	5.89	--	44	25916	买盘
13:26:08	5.89	--	27	15903	买盘
13:25:53	5.89	0.01	7	4123	买盘
13:25:48	5.88	-0.01	15	8820	卖盘
13:25:42	5.89	--	18	10602	买盘
13:25:38	5.89	--	55	32395	买盘
13:25:12	5.89	0.01	6	3534	买盘
13:23:48	5.88	--	4	2352	卖盘
13:23:33	5.88	-0.01	1	588	卖盘
13:23:03	5.89	0.01	16	9424	买盘
13:22:42	5.88	-0.01	15	8820	卖盘
13:22:27	5.89	--	0	0	买盘
13:22:12	5.89	0.01	100	58900	买盘
13:22:03	5.88	--	4	2352	买盘
13:21:36	5.88	--	4	2352	买盘
13:21:27	5.88	--	258	151704	卖盘
13:21:12	5.88	--	47	27636	卖盘
13:20:51	5.88	--	99	58212	卖盘
13:20:17	5.88	--	2	1176	卖盘
13:19:12	5.88	-0.01	9	5292	卖盘
13:18:51	5.89	0.01	4	2356	买盘
13:18:47	5.88	-0.01	4	2352	卖盘
13:18:32	5.89	0.01	8	4712	买盘
13:18:21	5.88	-0.01	70	41160	卖盘
13:18:17	5.89	--	5	2945	买盘
13:18:12	5.89	0.01	78	45942	买盘
13:18:06	5.88	-0.01	2	1176	卖盘
13:17:57	5.89	--	39	22971	买盘
13:17:47	5.89	--	10	5890	买盘
13:17:42	5.89	--	10	5890	买盘
13:17:27	5.89	--	5	2945	买盘
13:17:21	5.89	--	15	8835	买盘
13:16:57	5.89	--	50	29450	买盘
13:16:51	5.89	--	10	5890	买盘
13:16:42	5.89	--	100	58900	买盘
13:16:36	5.89	--	4	2356	买盘
13:16:21	5.89	--	30	17670	买盘
13:16:12	5.89	--	8	4712	买盘
13:16:06	5.89	--	15	8835	买盘
13:15:57	5.89	--	100	58900	买盘
13:15:27	5.89	--	99	58311	买盘
13:15:00	5.89	--	22	12958	买盘
13:14:56	5.89	--	5	2945	买盘
13:14:15	5.89	--	145	85405	买盘
13:14:11	5.89	--	5	2945	买盘
13:13:56	5.89	0.01	100	58900	买盘
13:13:51	5.88	-0.01	17	9996	卖盘
13:13:30	5.89	0.01	14	8246	买盘
13:13:26	5.88	-0.01	32	18816	卖盘
13:13:21	5.89	--	3	1767	买盘
13:12:45	5.89	0.01	3	1767	买盘
13:12:41	5.88	--	20	11760	卖盘
13:12:36	5.88	--	23	13524	买盘
13:12:21	5.88	-0.01	25	14700	卖盘
13:12:11	5.89	0.01	8	4712	买盘
13:12:00	5.88	-0.01	4	2352	卖盘
13:11:51	5.89	0.01	25	14725	买盘
13:11:41	5.88	-0.01	3	1764	卖盘
13:11:30	5.89	0.01	26	15314	买盘
13:11:06	5.88	--	5	2940	买盘
13:10:56	5.88	--	3	1764	卖盘
13:10:45	5.88	--	7	4116	买盘
13:10:30	5.88	--	853	501564	卖盘
13:10:06	5.88	-0.01	25	14700	卖盘
13:08:51	5.89	0.01	9	5301	买盘
13:07:50	5.88	-0.01	20	11760	卖盘
13:07:20	5.89	--	143	84227	买盘
13:06:35	5.89	--	4	2356	买盘
13:06:20	5.89	0.01	18	10602	买盘
13:05:45	5.88	-0.01	1	588	卖盘
13:05:35	5.89	0.01	335	197315	买盘
13:05:30	5.88	--	32	18816	卖盘
13:05:05	5.88	--	24	14112	买盘
13:04:50	5.88	--	43	25284	卖盘
13:04:24	5.88	-0.01	111	65268	卖盘
13:04:05	5.89	--	233	137237	买盘
13:03:50	5.89	--	4	2356	买盘
13:03:39	5.89	0.01	10	5890	买盘
13:03:05	5.88	--	22	12936	买盘
13:02:54	5.88	--	32	18816	买盘
13:02:45	5.88	-0.01	296	174048	卖盘
13:02:09	5.89	0.01	4	2356	买盘
13:01:45	5.88	-0.01	64	37632	卖盘
13:01:39	5.89	--	4	2356	买盘
13:01:14	5.89	--	13	7657	买盘
13:00:59	5.89	--	30	17670	卖盘
13:00:39	5.89	0.01	18	10602	买盘
13:00:29	5.88	-0.01	5	2940	卖盘
13:00:09	5.89	0.02	375	220875	买盘
13:00:03	5.87	-0.01	297	174339	卖盘
11:30:00	5.88	--	0	0	买盘
11:30:00	5.88	--	0	0	买盘
11:29:59	5.88	--	31	18228	买盘
11:29:30	5.88	--	10	5880	买盘
11:29:26	5.88	--	20	11760	买盘
11:29:06	5.88	0.01	1	588	买盘
11:28:56	5.87	-0.01	36	21132	卖盘
11:28:30	5.88	--	31	18228	买盘
11:28:11	5.88	--	6	3528	买盘
11:28:06	5.88	--	21	12348	买盘
11:27:36	5.88	--	22	12936	买盘
11:27:30	5.88	--	40	23520	买盘
11:27:11	5.88	--	1	588	买盘
11:27:06	5.88	--	57	33516	买盘
11:26:50	5.88	--	1	588	买盘
11:26:15	5.88	--	16	9408	买盘
11:25:05	5.88	--	1	588	买盘
11:25:00	5.88	--	20	11760	买盘
11:24:54	5.88	0.01	21	12348	买盘
11:24:50	5.87	--	10	5870	卖盘
11:24:35	5.87	-0.01	6	3522	卖盘
11:24:20	5.88	--	20	11760	买盘
11:24:15	5.88	--	0	0	买盘
11:24:05	5.88	--	10	5880	买盘
11:23:20	5.88	0.01	980	576240	买盘
11:23:15	5.87	0.01	21	12327	买盘
11:23:09	5.86	-0.01	67	39262	卖盘
11:23:05	5.87	--	1	587	买盘
11:23:00	5.87	0.01	150	88050	买盘
11:22:39	5.86	--	12	7032	卖盘
11:22:35	5.86	-0.01	33	19338	卖盘
11:21:35	5.87	--	1	587	买盘
11:21:05	5.87	--	21	12327	买盘
11:21:00	5.87	--	70	41090	卖盘
11:20:24	5.87	-0.01	800	469600	卖盘
11:20:08	5.88	--	1	588	买盘
11:19:50	5.88	0.01	23	13524	买盘
11:19:44	5.87	-0.01	19	11153	卖盘
11:19:09	5.88	--	10	5880	买盘
11:18:59	5.88	--	5	2940	买盘
11:18:54	5.88	--	288	169344	买盘
11:18:44	5.88	0.01	1	588	买盘
11:18:39	5.87	-0.01	30	17610	卖盘
11:18:14	5.88	--	38	22344	买盘
11:17:59	5.88	--	10	5880	买盘
11:17:54	5.88	--	10	5880	买盘
11:17:48	5.88	0.01	1	588	买盘
11:17:29	5.87	--	150	88050	买盘
11:17:18	5.87	--	1	587	买盘
11:16:48	5.87	--	10	5870	买盘
11:16:24	5.87	--	36	21132	卖盘
11:15:59	5.87	--	3	1761	买盘
11:15:54	5.87	--	1	587	买盘
11:15:44	5.87	--	50	29350	买盘
11:15:39	5.87	--	13	7631	买盘
11:15:24	5.87	--	2	1174	买盘
11:15:18	5.87	--	20	11740	买盘
11:15:14	5.87	--	0	0	中性盘
11:14:59	5.87	--	0	0	买盘
11:14:47	5.87	--	3	1761	买盘
11:14:44	5.87	--	35	20545	买盘
11:14:29	5.87	0.01	1	587	买盘
11:14:09	5.86	--	95	55670	买盘
11:14:03	5.86	--	5	2930	买盘
11:13:53	5.86	--	20	11720	买盘
11:13:43	5.86	--	9	5274	买盘
11:13:23	5.86	0.01	5	2930	买盘
11:13:18	5.85	-0.01	4	2340	卖盘
11:13:08	5.86	--	70	41020	买盘
11:13:02	5.86	--	1	586	买盘
11:12:48	5.86	0.01	10	5860	买盘
11:12:38	5.85	--	12	7020	卖盘
11:12:28	5.85	-0.01	75	43875	卖盘
11:12:18	5.86	--	22	12892	买盘
11:11:57	5.86	--	5	2930	买盘
11:11:48	5.86	--	16	9376	买盘
11:11:38	5.86	--	51	29886	买盘
11:11:33	5.86	0.01	5	2930	买盘
11:11:27	5.85	--	19	11115	卖盘
11:11:23	5.85	--	8	4680	卖盘
11:11:17	5.85	-0.01	11	6435	卖盘
11:11:12	5.86	--	10	5860	买盘
11:11:08	5.86	--	3	1758	买盘
11:10:53	5.86	--	4	2344	买盘
11:10:33	5.86	--	13	7618	买盘
11:10:18	5.86	--	1	586	买盘
11:10:08	5.86	0.01	1	586	买盘
11:10:03	5.85	--	50	29250	卖盘
11:09:53	5.85	--	10	5850	卖盘
11:09:42	5.85	-0.01	80	46800	卖盘
11:09:38	5.86	0.01	15	8790	买盘
11:09:33	5.85	-0.01	14	8189	卖盘
11:09:27	5.86	0.01	5	2930	买盘
11:09:22	5.85	--	0	0	卖盘
11:09:02	5.85	-0.01	85	49725	卖盘
11:08:53	5.86	--	0	0	中性盘
11:08:48	5.86	-0.01	4	2344	中性盘
11:08:38	5.87	0.01	83	48721	买盘
11:08:33	5.86	-0.01	12	7032	卖盘
11:08:27	5.87	0.02	11	6457	买盘
11:08:23	5.85	--	0	0	卖盘
11:08:18	5.85	-0.02	1693	990404	卖盘
11:08:03	5.87	--	100	58700	买盘
11:07:41	5.87	--	1	587	卖盘
11:07:27	5.87	0.01	6	3522	卖盘
11:07:03	5.86	-0.01	2	1172	卖盘
11:06:32	5.87	-0.01	9	5283	卖盘
11:06:02	5.88	0.01	1	588	买盘
11:05:47	5.87	--	22	12914	买盘
11:05:32	5.87	--	10	5870	买盘
11:05:27	5.87	0.01	10	5870	买盘
11:05:11	5.86	--	100	58600	卖盘
11:04:56	5.86	-0.01	10	5860	卖盘
11:04:51	5.87	0.01	100	58700	买盘
11:04:47	5.86	-0.01	20	11720	卖盘
11:04:42	5.87	0.01	1	587	买盘
11:04:27	5.86	--	2	1172	卖盘
11:03:56	5.86	--	122	71492	卖盘
11:03:42	5.86	0.01	578	339200	买盘
11:03:27	5.85	0.01	28	16379	买盘
11:03:20	5.84	-0.01	29	16936	卖盘
11:03:16	5.85	--	71	41535	卖盘
11:03:12	5.85	--	41	23985	买盘
11:03:06	5.85	--	13	7604	买盘
11:03:02	5.85	--	71	41535	买盘
11:02:57	5.85	--	16	9360	买盘
11:02:51	5.85	--	21	12285	买盘
11:02:42	5.85	0.01	26	15209	买盘
11:02:31	5.84	-0.01	127	74168	卖盘
11:02:26	5.85	--	18	10530	买盘
11:02:17	5.85	0.01	22	12870	买盘
11:02:12	5.84	--	29	16936	卖盘
11:02:06	5.84	--	78	45552	卖盘
11:02:02	5.84	-0.01	1	584	卖盘
11:01:57	5.85	0.01	4	2340	买盘
11:01:51	5.84	-0.01	9	5256	卖盘
11:01:41	5.85	--	1209	707265	卖盘
11:01:32	5.85	--	40	23400	卖盘
11:01:26	5.85	-0.01	73	42705	卖盘
11:01:12	5.86	--	324	190444	卖盘
11:00:57	5.86	--	502	294172	卖盘
11:00:50	5.86	-0.01	1	586	卖盘
11:00:35	5.87	--	10	5870	买盘
11:00:27	5.87	--	1	587	买盘
11:00:21	5.87	0.01	1	587	买盘
11:00:16	5.86	--	20	11720	卖盘
11:00:11	5.86	-0.01	10	5865	卖盘
11:00:06	5.87	--	31	18197	买盘
10:59:51	5.87	--	3	1761	买盘
10:59:41	5.87	0.01	130	76310	买盘
10:59:21	5.86	-0.01	19	11134	卖盘
10:59:11	5.87	--	64	37568	买盘
10:59:05	5.87	--	1	587	买盘
10:58:59	5.87	--	20	11740	买盘
10:58:56	5.87	--	10	5870	买盘
10:58:44	5.87	--	54	31698	买盘
10:58:36	5.87	--	20	11740	买盘
10:58:26	5.87	--	21	12327	卖盘
10:58:21	5.87	--	37	21719	买盘
10:58:14	5.87	--	50	29350	买盘
10:58:11	5.87	--	36	21132	卖盘
10:58:06	5.87	--	2	1174	卖盘
10:57:56	5.87	--	175	102725	买盘
10:57:41	5.87	--	6	3522	买盘
10:57:36	5.87	--	95	55765	买盘
10:57:26	5.87	--	5	2935	买盘
10:57:21	5.87	--	14	8218	买盘
10:57:06	5.87	--	27	15849	卖盘
10:56:56	5.87	--	45	26415	买盘
10:56:51	5.87	--	249	146163	卖盘
10:56:41	5.87	-0.01	7	4109	卖盘
10:56:21	5.88	--	20	11760	买盘
10:56:15	5.88	--	1	588	买盘
10:56:10	5.88	--	88	51744	买盘
10:55:56	5.88	-0.01	31	18228	卖盘
10:55:45	5.89	0.02	200	117800	买盘
10:55:41	5.87	-0.01	604	354548	卖盘
10:55:35	5.88	--	111	65268	卖盘
10:55:26	5.88	-0.01	299	175812	卖盘
10:54:51	5.89	0.01	1	589	买盘
10:54:44	5.88	--	20	11760	卖盘
10:54:20	5.88	-0.01	50	29400	卖盘
10:54:06	5.89	0.01	1	589	买盘
10:53:59	5.88	--	1	588	卖盘
10:53:50	5.88	0.01	59	34692	买盘
10:53:45	5.87	-0.01	5	2935	卖盘
10:53:35	5.88	--	27	15876	买盘
10:53:30	5.88	--	1	588	买盘
10:53:20	5.88	--	10	5880	买盘
10:53:05	5.88	--	1	588	买盘
10:53:00	5.88	--	10	5880	买盘
10:52:50	5.88	--	10	5880	买盘
10:52:29	5.88	--	20	11760	买盘
10:52:20	5.88	--	10	5880	买盘
10:52:14	5.88	--	12	7056	买盘
10:52:05	5.88	0.01	4	2352	买盘
10:52:00	5.87	-0.01	72	42264	卖盘
10:51:45	5.88	--	5	2940	买盘
10:51:35	5.88	--	15	8820	买盘
10:51:29	5.88	--	4	2352	买盘
10:51:15	5.88	--	50	29400	买盘
10:50:50	5.88	-0.01	262	154056	卖盘
10:50:39	5.89	0.01	1	589	买盘
10:50:35	5.88	-0.01	9	5292	卖盘
10:49:59	5.89	--	16	9424	买盘
10:49:54	5.89	--	10	5890	买盘
10:49:44	5.89	--	1	589	买盘
10:49:39	5.89	--	1	589	买盘
10:49:35	5.89	--	21	12369	买盘
10:49:20	5.89	--	1	589	买盘
10:49:14	5.89	0.01	71	41819	买盘
10:49:09	5.88	-0.01	10	5880	卖盘
10:48:50	5.89	0.01	81	47709	买盘
10:48:29	5.88	--	97	57036	卖盘
10:48:24	5.88	-0.01	30	17640	卖盘
10:47:53	5.89	--	16	9424	买盘
10:47:50	5.89	0.01	1	589	买盘
10:47:45	5.88	--	15	8820	卖盘
10:47:29	5.88	-0.01	100	58800	卖盘
10:47:14	5.89	0.01	2	1178	买盘
10:47:09	5.88	--	25	14700	卖盘
10:46:49	5.88	-0.01	25	14700	卖盘
10:46:29	5.89	0.01	1	589	买盘
10:46:19	5.88	-0.01	41	24108	卖盘
10:46:08	5.89	--	51	30039	买盘
10:45:59	5.89	--	42	24738	买盘
10:45:44	5.89	--	1	589	买盘
10:45:38	5.89	--	5	2945	买盘
10:45:23	5.89	--	1	589	买盘
10:45:14	5.89	--	19	11191	买盘
10:45:03	5.89	--	1	589	买盘
10:44:59	5.89	--	11	6479	买盘
10:44:48	5.89	0.01	2	1178	买盘
10:44:44	5.88	--	2	1176	卖盘
10:44:38	5.88	--	45	26460	卖盘
10:44:03	5.88	-0.01	15	8820	卖盘
10:43:59	5.89	0.01	10	5890	买盘
10:43:54	5.88	--	20	11760	卖盘
10:43:39	5.88	--	55	32340	卖盘
10:43:13	5.88	-0.01	1	588	卖盘
10:43:08	5.89	--	57	33573	买盘
10:43:02	5.89	--	6	3534	买盘
10:42:54	5.89	0.01	40	23560	买盘
10:42:44	5.88	--	10	5880	卖盘
10:42:32	5.88	0.01	27	16199	买盘
10:42:29	5.87	-0.01	152	89224	卖盘
10:42:23	5.88	0.01	46	27048	买盘
10:42:17	5.87	-0.01	24	14088	卖盘
10:42:14	5.88	--	4	2352	买盘
10:42:08	5.88	--	106	62328	买盘
10:41:59	5.88	0.01	10	5880	买盘
10:41:53	5.87	-0.01	34	19958	卖盘
10:41:47	5.88	--	8	4704	买盘
10:41:44	5.88	--	13	7644	买盘
10:41:38	5.88	--	16	9408	买盘
10:41:32	5.88	--	20	11760	买盘
10:41:28	5.88	--	71	41748	买盘
10:41:23	5.88	--	20	11760	买盘
10:41:08	5.88	--	10	5880	买盘
10:40:53	5.88	--	7	4116	买盘
10:40:47	5.88	0.01	34	19992	买盘
10:40:43	5.87	-0.01	7	4109	卖盘
10:40:23	5.88	--	34	19992	买盘
10:40:13	5.88	--	4	2352	买盘
10:40:08	5.88	0.01	5	2940	买盘
10:39:58	5.87	-0.02	695	408229	卖盘
10:39:47	5.89	0.01	5	2945	买盘
10:39:38	5.88	-0.01	34	19992	卖盘
10:39:28	5.89	--	1	589	买盘
10:39:23	5.89	--	126	74214	买盘
10:39:08	5.89	--	31	18259	买盘
10:39:02	5.89	-0.01	46	27094	卖盘
10:38:56	5.9	--	7	4130	买盘
10:38:47	5.9	--	0	0	买盘
10:38:41	5.9	0.01	10	5900	买盘
10:38:38	5.89	-0.01	114	67146	卖盘
10:38:32	5.9	0.01	20	11800	买盘
10:38:23	5.89	--	5	2945	卖盘
10:38:17	5.89	0.01	20	11780	卖盘
10:38:02	5.88	--	0	0	卖盘
10:37:53	5.88	-0.01	33	19404	卖盘
10:37:47	5.89	-0.01	132	77748	卖盘
10:37:37	5.9	--	50	29500	卖盘
10:37:26	5.9	--	20	11800	买盘
10:37:11	5.9	--	3	1770	买盘
10:37:07	5.9	0.01	5	2950	中性盘
10:37:02	5.89	-0.01	1000	589000	卖盘
10:36:56	5.9	--	1	590	卖盘
10:36:52	5.9	--	26	15340	买盘
10:36:47	5.9	--	22	12980	卖盘
10:36:41	5.9	-0.01	500	295000	卖盘
10:36:37	5.91	0.01	1	591	买盘
10:36:32	5.9	-0.01	500	295000	卖盘
10:36:23	5.91	0.01	71	41961	买盘
10:36:17	5.9	--	100	59000	卖盘
10:36:02	5.9	-0.01	8	4720	卖盘
10:35:53	5.91	--	10	5910	买盘
10:35:41	5.91	--	3	1773	买盘
10:35:37	5.91	--	50	29550	买盘
10:35:22	5.91	0.01	1	591	买盘
10:35:17	5.9	-0.01	37	21830	卖盘
10:35:08	5.91	--	30	17730	买盘
10:34:41	5.91	--	30	17730	买盘
10:34:32	5.91	--	7	4137	买盘
10:34:02	5.91	-0.01	36	21276	卖盘
10:33:52	5.92	0.01	6	3552	买盘
10:33:41	5.91	--	2	1182	卖盘
10:33:22	5.91	--	1	591	买盘
10:33:07	5.91	--	2	1182	买盘
10:33:02	5.91	--	20	11820	买盘
10:32:56	5.91	--	17	10047	买盘
10:32:32	5.91	--	0	0	中性盘
10:32:26	5.91	--	1	591	买盘
10:32:11	5.91	--	9	5319	买盘
10:32:02	5.91	--	10	5910	卖盘
10:31:56	5.91	--	10	5910	买盘
10:31:41	5.91	--	7	4137	买盘
10:31:32	5.91	--	37	21867	卖盘
10:31:26	5.91	--	37	21867	卖盘
10:31:20	5.91	--	62	36642	卖盘
10:31:05	5.91	-0.01	200	118200	卖盘
10:31:01	5.92	0.01	1	592	买盘
10:30:41	5.91	--	85	50235	卖盘
10:29:56	5.91	--	16	9456	卖盘
10:29:41	5.91	--	5	2955	卖盘
10:29:35	5.91	--	16	9456	卖盘
10:29:26	5.91	--	100	59100	卖盘
10:29:20	5.91	--	7	4137	卖盘
10:29:16	5.91	--	12	7092	卖盘
10:28:31	5.91	-0.01	4	2364	卖盘
10:28:17	5.92	--	1	592	买盘
10:28:11	5.92	--	10	5920	买盘
10:28:05	5.92	--	5	2960	买盘
10:27:50	5.92	--	1	592	买盘
10:27:35	5.92	0.01	22	13024	买盘
10:27:16	5.91	--	37	21867	卖盘
10:27:11	5.91	--	15	8865	买盘
10:26:50	5.91	--	17	10047	买盘
10:26:11	5.91	-0.01	58	34278	卖盘
10:25:50	5.92	--	29	17168	买盘
10:25:44	5.92	0.02	2	1184	买盘
10:25:41	5.9	-0.02	30	17700	卖盘
10:25:35	5.92	--	7	4144	买盘
10:25:26	5.92	--	0	0	买盘
10:25:11	5.92	-0.01	7	4144	买盘
10:24:59	5.93	--	0	0	买盘
10:24:56	5.93	--	24	14232	买盘
10:24:50	5.93	0.04	2	1186	买盘
10:24:44	5.89	-0.02	3300	1943700	卖盘
10:24:25	5.91	-0.02	490	289590	卖盘
10:24:10	5.93	--	2	1186	买盘
10:24:05	5.93	--	11	6523	买盘
10:23:56	5.93	--	20	11860	买盘
10:23:50	5.93	--	17	10081	买盘
10:23:35	5.93	--	30	17790	买盘
10:23:20	5.93	--	26	15418	买盘
10:23:14	5.93	--	2	1186	买盘
10:22:59	5.93	--	2	1186	买盘
10:22:40	5.93	0.01	1	593	买盘
10:22:35	5.92	--	47	27824	买盘
10:22:25	5.92	--	34	20128	买盘
10:22:10	5.92	--	108	63936	买盘
10:21:50	5.92	--	178	105376	买盘
10:21:40	5.92	--	112	66304	买盘
10:21:35	5.92	--	116	68672	买盘
10:21:29	5.92	0.01	1	592	买盘
10:21:25	5.91	-0.01	71	41961	卖盘
10:21:14	5.92	0.01	1	592	买盘
10:21:05	5.91	--	57	33687	卖盘
10:20:59	5.91	-0.01	2	1182	卖盘
10:20:50	5.92	0.01	40	23680	买盘
10:20:20	5.91	--	5	2955	卖盘
10:20:14	5.91	-0.01	2	1182	卖盘
10:19:59	5.92	--	100	59200	买盘
10:19:50	5.92	0.01	1	592	买盘
10:19:44	5.91	-0.01	15	8865	卖盘
10:19:38	5.92	--	24	14208	买盘
10:19:35	5.92	--	34	20128	买盘
10:19:29	5.92	-0.01	102	60384	卖盘
10:19:23	5.93	0.02	10	5930	买盘
10:19:20	5.91	--	0	0	卖盘
10:19:14	5.91	-0.01	210	124110	卖盘
10:19:08	5.92	--	36	21312	买盘
10:19:05	5.92	0.01	9	5328	买盘
10:18:50	5.91	-0.01	16	9456	卖盘
10:18:35	5.92	-0.01	309	182928	卖盘
10:18:29	5.93	--	1	593	买盘
10:18:23	5.93	--	35	20755	买盘
10:18:20	5.93	0.01	10	5930	买盘
10:18:05	5.92	--	10	5920	卖盘
10:17:53	5.92	-0.01	40	23680	卖盘
10:17:49	5.93	--	40	23720	买盘
10:17:34	5.93	--	17	10081	买盘
10:17:29	5.93	--	20	11860	买盘
10:17:23	5.93	--	9	5337	买盘
10:17:04	5.93	--	23	13639	买盘
10:16:53	5.93	--	486	288198	卖盘
10:16:44	5.93	-0.01	5	2965	卖盘
10:16:38	5.94	0.01	29	17226	买盘
10:16:34	5.93	-0.01	69	40917	卖盘
10:16:29	5.94	--	14	8316	买盘
10:16:23	5.94	--	1	594	买盘
10:16:14	5.94	--	4	2376	买盘
10:15:59	5.94	0.01	74	43956	买盘
10:15:49	5.93	-0.01	129	76497	卖盘
10:15:44	5.94	--	33	19602	买盘
10:15:38	5.94	0.01	1	594	买盘
10:15:29	5.93	--	20	11860	卖盘
10:15:19	5.93	-0.01	40	23720	卖盘
10:15:14	5.94	--	18	10692	买盘
10:15:04	5.94	0.01	16	9504	买盘
10:14:53	5.93	--	9	5337	卖盘
10:14:49	5.93	--	5	2965	卖盘
10:14:44	5.93	--	63	37359	卖盘
10:14:38	5.93	--	296	175528	卖盘
10:14:23	5.93	-0.01	8	4744	卖盘
10:14:19	5.94	0.01	5	2970	买盘
10:14:14	5.93	--	214	126902	卖盘
10:14:08	5.93	-0.01	6	3558	卖盘
10:13:53	5.94	0.01	108	64152	买盘
10:13:49	5.93	-0.01	71	42103	卖盘
10:13:38	5.94	0.01	8	4752	买盘
10:13:34	5.93	-0.01	3	1779	卖盘
10:13:29	5.94	--	24	14256	买盘
10:13:17	5.94	0.01	5	2970	买盘
10:13:08	5.93	--	14	8302	卖盘
10:13:02	5.93	--	3	1779	卖盘
10:12:59	5.93	--	56	33208	买盘
10:12:53	5.93	--	24	14232	买盘
10:12:47	5.93	--	37	21941	卖盘
10:12:32	5.93	--	57	33801	买盘
10:12:29	5.93	--	200	118600	买盘
10:12:24	5.93	-0.01	21	12453	卖盘
10:12:14	5.94	0.01	125	74250	买盘
10:12:02	5.93	--	10	5930	卖盘
10:11:59	5.93	--	3	1779	买盘
10:11:38	5.93	--	15	8895	买盘
10:11:29	5.93	--	1	593	买盘
10:11:23	5.93	-0.01	11	6523	中性盘
10:11:13	5.94	0.01	37	21978	买盘
10:11:08	5.93	--	35	20755	买盘
10:10:58	5.93	-0.01	160	94880	卖盘
10:10:53	5.94	0.01	33	19602	买盘
10:10:47	5.93	--	31	18383	卖盘
10:10:38	5.93	--	10	5930	卖盘
10:10:28	5.93	--	1	593	卖盘
10:10:23	5.93	0.01	146	86578	买盘
10:10:13	5.92	--	79	46768	卖盘
10:10:08	5.92	-0.01	13	7696	卖盘
10:10:02	5.93	0.01	1	593	买盘
10:09:58	5.92	0.01	437	258704	买盘
10:09:47	5.91	-0.01	10	5910	卖盘
10:09:38	5.92	--	14	8288	买盘
10:09:28	5.92	--	116	68672	买盘
10:09:23	5.92	--	30	17760	买盘
10:09:13	5.92	--	53	31376	买盘
10:08:53	5.92	0.01	39	23088	买盘
10:08:38	5.91	--	12	7092	卖盘
10:08:23	5.91	-0.02	170	100470	卖盘
10:08:17	5.93	--	0	0	买盘
10:08:13	5.93	--	3	1779	买盘
10:08:08	5.93	0.01	164	97252	买盘
10:08:02	5.92	-0.01	2	1184	卖盘
10:07:43	5.93	--	52	30836	卖盘
10:07:38	5.93	--	52	30836	卖盘
10:07:32	5.93	--	19	11267	卖盘
10:07:28	5.93	--	8	4744	卖盘
10:07:17	5.93	--	53	31429	卖盘
10:07:13	5.93	--	13	7709	卖盘
10:07:08	5.93	--	6	3558	卖盘
10:07:02	5.93	-0.01	41	24313	卖盘
10:06:56	5.94	--	42	24948	买盘
10:06:53	5.94	0.01	15	8910	买盘
10:06:41	5.93	-0.01	17	10081	卖盘
10:06:38	5.94	--	69	40986	买盘
10:06:32	5.94	0.01	170	100980	买盘
10:06:26	5.93	-0.01	8	4744	卖盘
10:06:23	5.94	--	10	5940	买盘
10:06:17	5.94	--	26	15444	买盘
10:06:02	5.94	--	26	15444	买盘
10:05:53	5.94	--	1	594	买盘
10:05:41	5.94	--	100	59400	买盘
10:05:38	5.94	--	55	32670	买盘
10:05:26	5.94	0.01	9	5346	买盘
10:05:23	5.93	-0.01	20	11860	卖盘
10:05:17	5.94	--	136	80784	买盘
10:05:11	5.94	0.01	82	48708	买盘
10:05:08	5.93	-0.01	168	99624	中性盘
10:04:52	5.94	0.01	175	103950	买盘
10:04:47	5.93	-0.01	12	7116	卖盘
10:04:41	5.94	0.01	10	5940	买盘
10:04:37	5.93	-0.01	44	26092	卖盘
10:04:32	5.94	--	42	24948	买盘
10:04:26	5.94	--	1	594	买盘
10:04:22	5.94	--	14	8316	买盘
10:04:17	5.94	--	81	48114	买盘
10:04:11	5.94	--	3	1782	买盘
10:04:07	5.94	0.01	30	17820	买盘
10:04:02	5.93	--	41	24313	卖盘
10:03:56	5.93	-0.01	40	23720	卖盘
10:03:52	5.94	0.01	30	17820	买盘
10:03:47	5.93	--	6	3558	卖盘
10:03:32	5.93	--	378	224154	买盘
10:03:22	5.93	--	40	23720	买盘
10:03:17	5.93	--	17	10081	买盘
10:03:11	5.93	--	100	59300	买盘
10:03:07	5.93	--	5	2965	买盘
10:03:02	5.93	--	37	21941	买盘
10:02:52	5.93	--	4	2372	买盘
10:02:47	5.93	--	131	77683	买盘
10:02:26	5.93	--	172	101996	买盘
10:02:22	5.93	--	41	24313	买盘
10:02:02	5.93	0.01	41	24313	买盘
10:01:47	5.92	--	2	1184	卖盘
10:01:41	5.92	--	32	18944	买盘
10:01:37	5.92	--	60	35520	买盘
10:01:22	5.92	--	200	118400	买盘
10:01:17	5.92	--	32	18944	买盘
10:01:11	5.92	0.01	110	65120	买盘
10:01:07	5.91	-0.01	20	11820	卖盘
10:01:02	5.92	--	2	1184	买盘
10:00:56	5.92	0.01	27	15984	买盘
10:00:52	5.91	-0.01	90	53190	卖盘
10:00:47	5.92	--	300	177600	买盘
10:00:37	5.92	--	6	3552	买盘
10:00:32	5.92	0.01	40	23680	买盘
10:00:20	5.91	--	13	8167	买盘
10:00:17	5.91	--	1	591	买盘
10:00:11	5.91	--	10	5910	买盘
10:00:05	5.91	0.01	3	1773	买盘
10:00:02	5.9	--	23	13570	卖盘
09:59:47	5.9	-0.01	57	33630	卖盘
09:59:41	5.91	--	784	463344	买盘
09:59:35	5.91	0.01	10	5910	买盘
09:59:32	5.9	--	11	6490	卖盘
09:59:26	5.9	--	23	13570	卖盘
09:59:02	5.9	--	10	5900	卖盘
09:58:56	5.9	-0.01	53	31270	卖盘
09:58:50	5.91	--	1	591	买盘
09:58:35	5.91	--	10	5910	买盘
09:58:32	5.91	0.01	78	46098	买盘
09:58:26	5.9	--	1	590	卖盘
09:58:20	5.9	--	21	12390	卖盘
09:58:16	5.9	--	30	17700	卖盘
09:58:11	5.9	-0.01	8	4720	卖盘
09:58:01	5.91	--	19	11229	买盘
09:57:46	5.91	0.01	18	10638	买盘
09:57:41	5.9	-0.01	115	67850	卖盘
09:57:35	5.91	--	15	8865	买盘
09:57:31	5.91	--	3	1773	买盘
09:57:26	5.91	--	1	591	买盘
09:57:16	5.91	--	21	12411	买盘
09:57:11	5.91	--	54	31914	买盘
09:56:46	5.91	--	12	7092	买盘
09:56:31	5.91	0.01	8	4728	买盘
09:56:26	5.9	--	32	18880	卖盘
09:56:05	5.9	-0.01	8	4720	卖盘
09:56:01	5.91	0.01	13	7683	买盘
09:55:56	5.9	--	43	25370	卖盘
09:55:50	5.9	-0.01	22	12980	卖盘
09:55:41	5.91	0.01	2	1182	买盘
09:55:26	5.9	-0.01	7	4130	卖盘
09:55:20	5.91	--	25	14775	买盘
09:55:11	5.91	0.01	10	5910	买盘
09:54:56	5.9	-0.01	10	5900	卖盘
09:54:50	5.91	0.01	16	9456	买盘
09:54:41	5.9	--	92	54280	卖盘
09:54:35	5.9	--	10	5900	卖盘
09:54:31	5.9	--	26	15340	卖盘
09:54:16	5.9	--	80	47200	卖盘
09:53:56	5.9	--	115	67850	卖盘
09:53:35	5.9	-0.01	12	7080	卖盘
09:53:29	5.91	--	3	1773	买盘
09:53:20	5.91	--	76	44916	买盘
09:53:14	5.91	--	1	591	买盘
09:53:05	5.91	--	23	13593	买盘
09:52:59	5.91	--	18	10638	买盘
09:52:56	5.91	--	7	4137	买盘
09:52:50	5.91	--	69	40779	卖盘
09:52:44	5.91	-0.01	12	7092	卖盘
09:52:41	5.92	0.01	10	5920	买盘
09:52:35	5.91	--	6	3546	卖盘
09:52:11	5.91	--	41	24231	卖盘
09:51:59	5.91	--	19	11229	卖盘
09:51:50	5.91	--	150	88650	买盘
09:51:40	5.91	0.01	174	102834	买盘
09:51:35	5.9	-0.01	53	31270	卖盘
09:51:29	5.91	0.01	58	34278	买盘
09:51:25	5.9	-0.01	22	12980	卖盘
09:51:14	5.91	0.01	180	106380	买盘
09:51:10	5.9	--	6	3540	卖盘
09:50:59	5.9	--	6	3540	卖盘
09:50:50	5.9	-0.01	26	15340	卖盘
09:50:40	5.91	--	133	78603	买盘
09:50:29	5.91	--	10	5910	买盘
09:50:25	5.91	0.01	1	591	买盘
09:50:20	5.9	--	21	12390	卖盘
09:50:14	5.9	--	15	8850	卖盘
09:50:10	5.9	--	43	25370	卖盘
09:49:55	5.9	-0.01	642	378780	卖盘
09:49:50	5.91	--	3	1773	卖盘
09:49:35	5.91	0.01	82	48462	买盘
09:49:29	5.9	-0.01	33	19470	卖盘
09:49:25	5.91	--	101	59691	买盘
09:49:10	5.91	--	17	10047	买盘
09:49:05	5.91	--	1	591	买盘
09:48:59	5.91	0.01	74	43734	买盘
09:48:50	5.9	-0.01	12	7080	卖盘
09:48:44	5.91	--	47	27777	买盘
09:48:35	5.91	--	8	4728	买盘
09:48:29	5.91	-0.01	457	270087	卖盘
09:48:20	5.92	--	5	2960	买盘
09:48:10	5.92	0.01	20	11840	买盘
09:48:05	5.91	-0.01	12	7092	卖盘
09:47:59	5.92	--	22	13024	买盘
09:47:55	5.92	0.01	33	19536	买盘
09:47:50	5.91	--	20	11820	卖盘
09:47:44	5.91	-0.01	77	45507	卖盘
09:47:40	5.92	--	1	592	买盘
09:47:35	5.92	--	14	8288	卖盘
09:47:29	5.92	--	39	23088	买盘
09:47:20	5.92	0.01	224	132608	买盘
09:47:14	5.91	-0.01	157	92787	卖盘
09:47:05	5.92	0.01	155	91760	买盘
09:46:50	5.91	-0.01	164	96924	卖盘
09:46:44	5.92	--	18	10656	买盘
09:46:38	5.92	0.01	5	2960	买盘
09:46:35	5.91	-0.01	42	24822	卖盘
09:46:23	5.92	--	4	2368	买盘
09:46:20	5.92	--	15	8880	买盘
09:46:14	5.92	--	106	62752	买盘
09:46:08	5.92	--	10	5920	买盘
09:45:59	5.92	--	28	16576	买盘
09:45:53	5.92	--	27	15984	买盘
09:45:50	5.92	--	20	11840	买盘
09:45:44	5.92	--	0	0	买盘
09:45:38	5.92	--	24	14208	买盘
09:45:35	5.92	--	127	75184	买盘
09:45:29	5.92	--	10	5920	买盘
09:45:14	5.92	0.01	29	17168	买盘
09:45:08	5.91	-0.01	48	28368	卖盘
09:45:04	5.92	--	139	82288	买盘
09:44:59	5.92	--	10	5920	买盘
09:44:49	5.92	--	176	104192	买盘
09:44:38	5.92	--	23	13616	买盘
09:44:34	5.92	--	5	2960	买盘
09:44:29	5.92	0.01	18	10656	买盘
09:44:23	5.91	-0.01	76	44916	卖盘
09:44:19	5.92	--	347	205424	买盘
09:44:14	5.92	--	40	23680	买盘
09:44:04	5.92	0.01	238	140896	买盘
09:43:59	5.91	-0.01	89	52599	卖盘
09:43:49	5.92	0.01	42	24864	买盘
09:43:44	5.91	--	11	6501	卖盘
09:43:38	5.91	--	5	2955	卖盘
09:43:34	5.91	--	4	2364	买盘
09:43:29	5.91	--	10	5910	买盘
09:43:23	5.91	--	17	10047	买盘
09:43:19	5.91	-0.01	138	81558	卖盘
09:43:14	5.92	--	99	58608	买盘
09:43:08	5.92	0.01	67	39664	买盘
09:43:04	5.91	-0.01	210	124110	卖盘
09:42:59	5.92	--	3	1776	买盘
09:42:53	5.92	--	98	58016	买盘
09:42:44	5.92	--	67	39664	买盘
09:42:34	5.92	--	66	39072	买盘
09:42:29	5.92	--	136	80512	买盘
09:42:23	5.92	--	213	126096	买盘
09:42:19	5.92	--	12	7104	买盘
09:42:14	5.92	--	100	59200	买盘
09:42:08	5.92	--	66	39072	买盘
09:42:04	5.92	--	1	592	买盘
09:41:59	5.92	--	76	44992	卖盘
09:41:53	5.92	--	43	25456	卖盘
09:41:49	5.92	--	38	22496	卖盘
09:41:44	5.92	--	31	18352	卖盘
09:41:38	5.92	--	325	192400	买盘
09:41:34	5.92	--	75	44400	买盘
09:41:29	5.92	--	175	103600	买盘
09:41:23	5.92	-0.01	322	190624	卖盘
09:41:19	5.93	0.01	83	49219	买盘
09:41:14	5.92	-0.01	30	17760	卖盘
09:41:08	5.93	0.01	16	9488	买盘
09:41:04	5.92	--	76	44992	买盘
09:40:59	5.92	--	483	285936	买盘
09:40:53	5.92	--	169	100048	买盘
09:40:49	5.92	0.01	89	52688	买盘
09:40:44	5.91	--	138	81558	卖盘
09:40:38	5.91	--	30	17730	卖盘
09:40:29	5.91	0.01	144	85104	买盘
09:40:23	5.9	-0.01	85	50150	卖盘
09:40:17	5.91	0.01	66	39006	买盘
09:40:08	5.9	--	14	8260	卖盘
09:40:02	5.9	0.02	138	81420	买盘
09:39:59	5.88	-0.01	118	69384	卖盘
09:39:53	5.89	--	25	15048	买盘
09:39:38	5.89	--	10	6155	卖盘
09:39:32	5.89	--	18	10602	卖盘
09:39:29	5.89	0.01	152	89851	买盘
09:39:23	5.88	--	111	65268	买盘
09:39:14	5.88	0.01	68	39984	买盘
09:38:59	5.87	--	78	45786	买盘
09:38:47	5.87	--	25	14675	买盘
09:38:44	5.87	0.01	17	9979	买盘
09:38:32	5.86	--	10	5860	卖盘
09:38:23	5.86	--	27	15822	买盘
09:38:17	5.86	0.01	8	4688	买盘
09:38:13	5.85	-0.01	64	37440	卖盘
09:38:08	5.86	--	35	20510	买盘
09:37:58	5.86	--	56	32816	买盘
09:37:53	5.86	--	66	38676	买盘
09:37:47	5.86	--	40	23440	买盘
09:37:43	5.86	0.01	180	105480	买盘
09:37:38	5.85	--	139	81315	卖盘
09:37:28	5.85	--	43	25155	卖盘
09:37:23	5.85	--	165	96636	买盘
09:37:17	5.85	-0.01	35	20948	卖盘
09:37:13	5.86	0.01	49	28825	买盘
09:37:08	5.85	0.01	244	142740	买盘
09:37:02	5.84	-0.01	287	167608	卖盘
09:36:58	5.85	0.01	6	3510	买盘
09:36:53	5.84	-0.01	56	32704	卖盘
09:36:47	5.85	0.01	256	149760	买盘
09:36:43	5.84	-0.01	64	37376	卖盘
09:36:38	5.85	0.01	495	289575	买盘
09:36:32	5.84	-0.01	122	71248	卖盘
09:36:28	5.85	--	25	14625	买盘
09:36:23	5.85	--	18	10530	买盘
09:36:17	5.85	--	0	0	买盘
09:36:13	5.85	0.01	252	147420	买盘
09:36:08	5.84	--	18	10512	买盘
09:35:58	5.84	--	41	23944	买盘
09:35:53	5.84	-0.01	20	11680	中性盘
09:35:47	5.85	0.01	159	93015	买盘
09:35:43	5.84	--	55	32120	卖盘
09:35:38	5.84	--	48	28032	卖盘
09:35:32	5.84	0.01	43	25112	买盘
09:35:23	5.83	--	66	38478	卖盘
09:35:08	5.83	0.01	446	260018	卖盘
09:35:02	5.82	-0.01	179	104178	卖盘
09:34:58	5.83	--	118	68794	买盘
09:34:53	5.83	--	98	57134	买盘
09:34:47	5.83	--	568	331144	买盘
09:34:43	5.83	-0.01	42	24486	卖盘
09:34:38	5.84	--	210	122640	买盘
09:34:32	5.84	0.01	211	123224	买盘
09:34:28	5.83	--	35	20405	买盘
09:34:23	5.83	-0.01	741	432003	卖盘
09:34:17	5.84	--	100	58400	买盘
09:34:11	5.84	--	99	57816	买盘
09:34:08	5.84	-0.01	8	4672	买盘
09:34:02	5.85	0.02	20	11700	买盘
09:33:56	5.83	-0.01	500	291500	卖盘
09:33:53	5.84	--	4	2336	卖盘
09:33:47	5.84	--	14	8176	买盘
09:33:38	5.84	-0.01	130	75920	中性盘
09:33:32	5.85	--	6	3510	买盘
09:33:26	5.85	0.02	5	2925	买盘
09:33:23	5.83	0.01	15	8745	卖盘
09:33:17	5.82	-0.03	234	136188	卖盘
09:33:11	5.85	0.02	69	40365	买盘
09:33:08	5.83	--	135	78705	买盘
09:33:02	5.83	--	302	176066	买盘
09:32:56	5.83	--	10	5830	买盘
09:32:53	5.83	--	1125	655875	买盘
09:32:47	5.83	-0.02	492	286836	卖盘
09:32:41	5.85	0.02	3	1755	买盘
09:32:38	5.83	--	119	69377	买盘
09:32:32	5.83	--	126	73458	卖盘
09:32:23	5.83	-0.02	228	133186	卖盘
09:32:17	5.85	0.02	591	345735	买盘
09:32:08	5.83	--	263	153329	卖盘
09:32:02	5.83	-0.01	254	148082	卖盘
09:31:56	5.84	--	2	1168	买盘
09:31:52	5.84	-0.01	279	163257	卖盘
09:31:47	5.85	--	83	48555	买盘
09:31:41	5.85	--	18	10793	买盘
09:31:37	5.85	-0.01	380	222300	卖盘
09:31:32	5.86	--	17	9962	买盘
09:31:26	5.86	--	54	31644	买盘
09:31:22	5.86	--	193	113098	卖盘
09:31:17	5.86	-0.03	10	5860	卖盘
09:31:11	5.89	0.03	120	70680	买盘
09:31:07	5.86	--	0	0	卖盘
09:31:02	5.86	--	35	20510	卖盘
09:30:52	5.86	-0.03	5	2930	卖盘
09:30:47	5.89	0.03	93	54777	买盘
09:30:41	5.86	-0.03	2	1172	卖盘
09:30:37	5.89	0.03	1	589	买盘
09:30:32	5.86	-0.03	6	3516	卖盘
09:30:22	5.89	--	1	589	买盘
09:30:07	5.89	-0.01	1094	644631	卖盘
09:30:02	5.9	0.01	2	1180	买盘
09:28:43	5.89	--	0	0	卖盘
09:25:05	5.89	5.89	3640	2144283	买盘
