成交时间	成交价	价格变动	成交量(手)	成交额(元)	性质
15:00:00	17.64	--	0	0	中性盘
15:00:00	17.64	-0.01	0	0	中性盘
14:59:48	17.65	0.02	5	8825	买盘
14:59:43	17.63	--	6	10578	卖盘
14:59:37	17.63	-0.02	1	1763	卖盘
14:59:33	17.65	--	5	8825	买盘
14:59:07	17.65	--	5	8825	买盘
14:58:58	17.65	--	10	17650	买盘
14:58:28	17.65	-0.01	2	3529	卖盘
14:58:22	17.66	0.01	15	26490	买盘
14:58:18	17.65	--	10	17650	卖盘
14:57:58	17.65	--	5	8825	卖盘
14:57:52	17.65	-0.01	1	1764	卖盘
14:57:48	17.66	0.01	3	5298	买盘
14:57:33	17.65	0.01	3	5295	买盘
14:57:13	17.64	--	0	0	卖盘
14:57:03	17.64	-0.01	77	135828	卖盘
14:56:48	17.65	0.02	19	35264	买盘
14:56:12	17.63	--	0	0	卖盘
14:56:02	17.63	-0.02	1	1763	卖盘
14:55:52	17.65	--	8	14119	买盘
14:55:47	17.65	--	66	116489	买盘
14:55:32	17.65	0.01	100	176500	买盘
14:55:18	17.64	--	55	97055	卖盘
14:55:02	17.64	0.01	55	98748	买盘
14:54:52	17.63	0.01	62	109306	中性盘
14:54:47	17.62	--	20	35240	卖盘
14:54:37	17.62	--	4	7048	买盘
14:54:27	17.62	0.01	1	1762	买盘
14:54:22	17.61	--	30	52830	卖盘
14:54:12	17.61	--	3	5283	卖盘
14:53:57	17.61	-0.03	3	5283	卖盘
14:53:52	17.64	0.02	100	176400	买盘
14:53:42	17.62	0.01	20	35240	买盘
14:53:22	17.61	-0.01	3	5283	卖盘
14:53:12	17.62	--	160	281920	买盘
14:52:57	17.62	--	0	0	买盘
14:52:46	17.62	0.02	73	128626	买盘
14:52:31	17.6	-0.01	3	5280	卖盘
14:52:27	17.61	-0.01	15	26415	卖盘
14:52:22	17.62	--	5	8810	买盘
14:52:07	17.62	-0.01	73	128626	卖盘
14:51:57	17.63	0.01	87	153381	买盘
14:51:27	17.62	--	2	3524	卖盘
14:51:07	17.62	--	63	111006	买盘
14:50:52	17.62	--	3	5286	买盘
14:50:37	17.62	--	0	0	买盘
14:50:27	17.62	0.02	60	105720	买盘
14:50:22	17.6	--	15	26400	卖盘
14:50:12	17.6	--	5	8800	卖盘
14:49:52	17.6	--	39	68640	卖盘
14:49:37	17.6	--	30	52800	卖盘
14:49:31	17.6	--	12	21120	买盘
14:49:21	17.6	-0.02	15	26400	卖盘
14:49:11	17.62	0.02	65	114530	买盘
14:48:46	17.6	--	4	7040	卖盘
14:48:21	17.6	--	5	8800	卖盘
14:48:06	17.6	--	4	7040	卖盘
14:48:01	17.6	--	0	0	卖盘
14:47:36	17.6	-0.01	2	3520	卖盘
14:47:26	17.61	--	20	35220	买盘
14:47:21	17.61	--	5	8805	买盘
14:46:36	17.61	0.01	20	35220	买盘
14:46:21	17.6	-0.02	5	8800	卖盘
14:45:46	17.62	--	0	0	买盘
14:45:10	17.62	0.02	18	31716	买盘
14:44:31	17.6	--	2	3520	买盘
14:44:21	17.6	-0.01	38	66880	卖盘
14:44:06	17.61	--	6	10566	买盘
14:43:40	17.61	0.01	2	3522	买盘
14:43:31	17.6	-0.01	2	3520	卖盘
14:43:05	17.61	--	15	26415	卖盘
14:42:21	17.61	0.01	45	79245	买盘
14:42:00	17.6	--	0	0	卖盘
14:41:55	17.6	-0.02	30	52800	卖盘
14:41:45	17.62	0.01	11	19382	买盘
14:41:40	17.61	--	25	44025	卖盘
14:41:35	17.61	0.01	36	63396	买盘
14:41:25	17.6	-0.02	2	3520	卖盘
14:41:20	17.62	--	0	0	买盘
14:41:15	17.62	0.02	10	17620	买盘
14:41:10	17.6	-0.02	10	17600	卖盘
14:41:05	17.62	0.02	46	81052	买盘
14:40:45	17.6	--	28	49280	卖盘
14:40:15	17.6	-0.01	14	24640	卖盘
14:40:10	17.61	--	19	33459	卖盘
14:39:55	17.61	-0.01	30	52830	卖盘
14:39:40	17.62	--	2	3524	买盘
14:39:30	17.62	--	12	21144	卖盘
14:39:10	17.62	--	150	264300	卖盘
14:38:55	17.62	--	5	8810	卖盘
14:38:45	17.62	--	5	8810	卖盘
14:38:30	17.62	-0.01	3	5286	卖盘
14:37:30	17.63	--	2	3526	卖盘
14:37:19	17.63	-0.01	19	33497	卖盘
14:37:00	17.64	0.01	23	40572	买盘
14:36:54	17.63	--	77	135751	卖盘
14:36:39	17.63	--	3	5289	卖盘
14:36:34	17.63	--	2	3526	卖盘
14:36:29	17.63	--	2	3526	卖盘
14:35:59	17.63	--	2	3526	卖盘
14:35:54	17.63	--	9	15867	买盘
14:35:44	17.63	0.01	30	52890	买盘
14:35:19	17.62	-0.01	2	3524	卖盘
14:33:24	17.63	--	5	8815	买盘
14:32:54	17.63	-0.01	5	8815	卖盘
14:32:19	17.64	--	1	1764	买盘
14:32:09	17.64	--	0	0	买盘
14:31:18	17.64	0.02	17	29988	买盘
14:29:48	17.62	-0.01	36	63432	卖盘
14:29:38	17.63	0.01	5	8815	买盘
14:29:23	17.62	-0.01	2	3524	卖盘
14:29:03	17.63	0.01	7	12341	买盘
14:28:43	17.62	-0.01	2	3524	卖盘
14:28:33	17.63	--	95	167485	买盘
14:28:23	17.63	--	149	262687	卖盘
14:28:18	17.63	--	1	1763	卖盘
14:28:03	17.63	--	0	0	卖盘
14:27:57	17.63	-0.02	14	24682	卖盘
14:27:48	17.65	0.02	17	30004	买盘
14:27:32	17.63	-0.01	5	8815	卖盘
14:27:28	17.64	--	1	1764	卖盘
14:27:08	17.64	0.01	7	12348	买盘
14:27:03	17.63	--	1	1763	卖盘
14:26:48	17.63	-0.01	1	1763	卖盘
14:26:43	17.64	0.01	5	8820	买盘
14:26:33	17.63	--	20	35260	卖盘
14:26:28	17.63	-0.01	7	12341	卖盘
14:26:13	17.64	--	2	3528	买盘
14:25:58	17.64	--	3	5292	卖盘
14:25:22	17.64	0.01	2	3528	卖盘
14:25:17	17.63	--	0	0	卖盘
14:25:07	17.63	--	0	0	卖盘
14:24:47	17.63	--	4	7052	卖盘
14:24:43	17.63	--	2	3526	卖盘
14:24:37	17.63	--	4	7052	卖盘
14:24:28	17.63	--	3	5289	卖盘
14:24:22	17.63	--	0	0	卖盘
14:24:18	17.63	-0.03	2	3526	卖盘
14:24:13	17.66	0.03	17	30022	买盘
14:24:07	17.63	-0.01	4	7052	卖盘
14:23:47	17.64	0.01	7	12348	买盘
14:23:37	17.63	--	2	3526	卖盘
14:23:32	17.63	-0.01	7	12341	卖盘
14:23:27	17.64	--	2	3528	卖盘
14:23:22	17.64	0.01	8	14112	卖盘
14:23:17	17.63	--	6	10578	卖盘
14:23:13	17.63	--	2	3526	卖盘
14:23:06	17.63	--	4	7052	卖盘
14:23:03	17.63	--	4	7052	卖盘
14:22:58	17.63	--	4	7052	卖盘
14:22:47	17.63	-0.03	8	14104	卖盘
14:22:17	17.66	0.03	60	105960	买盘
14:21:47	17.63	0.01	1	1763	中性盘
14:21:17	17.62	--	43	75766	卖盘
14:21:12	17.62	-0.02	4	7048	卖盘
14:20:57	17.64	0.02	50	88200	买盘
14:20:51	17.62	-0.01	27	47574	卖盘
14:20:37	17.63	0.01	29	51127	买盘
14:20:32	17.62	--	7	12334	卖盘
14:20:26	17.62	-0.01	1	1762	卖盘
14:20:07	17.63	0.01	42	74046	买盘
14:19:46	17.62	--	10	17620	卖盘
14:19:37	17.62	--	16	28192	卖盘
14:19:15	17.62	--	10	17620	卖盘
14:18:36	17.62	--	1	1762	卖盘
14:18:11	17.62	--	10	17620	卖盘
14:18:00	17.62	--	2	3524	卖盘
14:17:37	17.62	--	4	7048	卖盘
14:17:11	17.62	--	28	49336	买盘
14:17:06	17.62	--	5	8810	买盘
14:16:06	17.62	0.01	7	12334	买盘
14:16:00	17.61	-0.01	20	35220	卖盘
14:14:51	17.62	--	10	17620	买盘
14:14:41	17.62	--	1	1762	卖盘
14:14:26	17.62	--	3	5286	卖盘
14:14:21	17.62	--	11	19382	买盘
14:13:41	17.62	--	5	8810	买盘
14:13:35	17.62	--	6	10572	买盘
14:12:45	17.62	0.01	10	17620	买盘
14:12:40	17.61	--	4	7044	卖盘
14:12:35	17.61	-0.01	4	7044	卖盘
14:12:05	17.62	--	53	93386	卖盘
14:11:00	17.62	-0.01	8	14096	卖盘
14:10:39	17.63	--	2	3526	买盘
14:08:30	17.63	--	0	0	买盘
14:07:50	17.63	0.01	2	3526	买盘
14:07:39	17.62	--	5	8810	卖盘
14:07:35	17.62	--	3	5286	买盘
14:07:20	17.62	--	3	5286	买盘
14:07:05	17.62	--	34	59908	卖盘
14:06:44	17.62	--	10	17620	卖盘
14:06:29	17.62	--	3	5286	卖盘
14:05:59	17.62	--	20	35240	卖盘
14:05:39	17.62	-0.01	1	1762	卖盘
14:05:09	17.63	--	5	8815	买盘
14:03:29	17.63	0.01	6	10578	买盘
14:03:18	17.62	-0.01	12	21144	卖盘
14:02:54	17.63	--	23	40549	卖盘
14:02:44	17.63	--	3	5289	卖盘
14:02:14	17.63	-0.01	5	8815	卖盘
14:02:09	17.64	--	16	28224	卖盘
14:01:48	17.64	--	2	3528	卖盘
14:01:14	17.64	--	9	15876	买盘
14:00:39	17.64	--	43	75852	买盘
13:59:53	17.64	--	15	26460	买盘
13:59:38	17.64	--	35	61740	卖盘
13:59:33	17.64	--	0	0	卖盘
13:57:12	17.64	--	1	1764	卖盘
13:56:57	17.64	--	3	5292	卖盘
13:55:53	17.64	--	1	1764	卖盘
13:55:38	17.64	-0.02	2	3528	卖盘
13:55:08	17.66	--	0	0	买盘
13:54:33	17.66	--	0	0	买盘
13:54:03	17.66	--	0	0	买盘
13:53:57	17.66	--	40	70640	买盘
13:53:48	17.66	--	0	0	买盘
13:53:42	17.66	0.03	2	3532	买盘
13:53:08	17.63	--	0	0	卖盘
13:53:02	17.63	-0.02	13	22919	卖盘
13:52:57	17.65	0.02	5	8825	买盘
13:51:47	17.63	-0.02	30	52890	卖盘
13:51:42	17.65	--	0	0	买盘
13:51:27	17.65	--	17	30004	卖盘
13:50:51	17.65	--	3	5295	买盘
13:50:47	17.65	--	0	0	中性盘
13:50:02	17.65	0.02	2	3529	买盘
13:49:57	17.63	-0.01	20	35260	卖盘
13:49:02	17.64	--	2	3528	买盘
13:48:42	17.64	--	7	12348	卖盘
13:48:21	17.64	--	9	15876	卖盘
13:47:42	17.64	--	10	17640	卖盘
13:46:57	17.64	-0.01	10	17640	卖盘
13:46:36	17.65	0.01	5	8825	买盘
13:46:06	17.64	--	6	10584	卖盘
13:45:51	17.64	-0.01	2	3528	卖盘
13:45:11	17.65	--	3	5295	买盘
13:45:06	17.65	--	17	30004	卖盘
13:44:41	17.65	-0.01	38	67070	卖盘
13:44:00	17.66	--	0	0	中性盘
13:43:51	17.66	0.01	5	8830	买盘
13:43:11	17.65	--	12	21180	买盘
13:43:06	17.65	--	20	35300	买盘
13:40:00	17.65	--	21	37065	卖盘
13:39:24	17.65	--	10	17650	卖盘
13:39:05	17.65	-0.01	10	17650	卖盘
13:38:50	17.66	--	6	10596	买盘
13:38:20	17.66	-0.01	36	63576	卖盘
13:37:50	17.67	0.01	10	17670	买盘
13:37:20	17.66	--	1	1766	卖盘
13:36:45	17.66	--	4	7064	卖盘
13:36:30	17.66	--	60	105960	买盘
13:35:45	17.66	--	6	10596	买盘
13:35:39	17.66	--	14	24724	卖盘
13:35:35	17.66	--	10	17660	卖盘
13:32:44	17.66	--	20	35320	卖盘
13:32:29	17.66	--	2	3532	卖盘
13:32:24	17.66	--	2	3532	卖盘
13:31:59	17.66	--	24	42384	卖盘
13:31:29	17.66	-0.01	2	3532	卖盘
13:31:09	17.67	0.01	2	3534	卖盘
13:30:24	17.66	--	0	0	卖盘
13:30:09	17.66	--	0	0	卖盘
13:28:54	17.66	--	0	0	卖盘
13:28:44	17.66	--	2	3532	卖盘
13:27:59	17.66	--	4	7064	卖盘
13:26:03	17.66	--	6	10596	买盘
13:25:42	17.66	0.01	10	17660	买盘
13:25:18	17.65	-0.01	70	123549	卖盘
13:24:53	17.66	--	1	1766	卖盘
13:24:33	17.66	--	64	113024	卖盘
13:23:53	17.66	--	10	17660	卖盘
13:23:33	17.66	--	7	12362	卖盘
13:23:18	17.66	-0.03	7	12362	卖盘
13:22:08	17.69	--	0	0	买盘
13:21:23	17.69	--	0	0	买盘
13:21:03	17.69	--	0	0	买盘
13:20:18	17.69	0.03	5	8845	买盘
13:20:03	17.66	--	2	3532	卖盘
13:19:52	17.66	--	13	22958	卖盘
13:19:48	17.66	-0.03	2	3532	卖盘
13:19:06	17.69	--	0	0	买盘
13:18:47	17.69	--	4	7076	卖盘
13:18:42	17.69	--	4	7076	卖盘
13:18:36	17.69	--	2	3538	买盘
13:17:57	17.69	-0.01	10	17690	买盘
13:17:21	17.7	--	0	0	买盘
13:17:17	17.7	--	9	15930	买盘
13:17:02	17.7	--	0	0	买盘
13:16:57	17.7	--	2	3540	买盘
13:15:57	17.7	0.01	4	7080	买盘
13:15:47	17.69	-0.01	5	8845	买盘
13:14:57	17.7	--	2	3540	买盘
13:14:51	17.7	0.02	38	67260	买盘
13:14:17	17.68	--	0	0	买盘
13:14:12	17.68	--	10	17680	买盘
13:13:31	17.68	--	3	5304	买盘
13:13:16	17.68	--	0	0	买盘
13:13:12	17.68	--	0	0	买盘
13:12:06	17.68	0.04	30	53040	买盘
13:10:41	17.64	--	0	0	卖盘
13:09:56	17.64	--	1	1764	卖盘
13:09:51	17.64	--	20	35280	卖盘
13:09:26	17.64	--	0	0	卖盘
13:09:06	17.64	--	22	38808	卖盘
13:09:00	17.64	--	2	3528	卖盘
13:08:56	17.64	--	16	28224	卖盘
13:07:36	17.64	--	12	21168	卖盘
13:07:26	17.64	-0.01	20	35280	卖盘
13:06:00	17.65	--	4	7059	买盘
13:05:39	17.65	0.01	1	1764	买盘
13:05:20	17.64	--	2	3528	卖盘
13:03:35	17.64	--	1	1764	卖盘
13:03:30	17.64	--	55	97020	卖盘
13:03:05	17.64	--	1	1764	卖盘
13:03:00	17.64	0.02	17	29988	买盘
13:02:54	17.62	--	42	74004	卖盘
13:02:50	17.62	--	0	0	卖盘
13:02:39	17.62	--	25	44050	卖盘
13:02:35	17.62	--	1	1762	卖盘
13:02:30	17.62	-0.01	2	3524	卖盘
13:02:24	17.63	--	2	3526	买盘
13:02:09	17.63	--	2	3526	卖盘
13:02:05	17.63	--	12	21156	卖盘
13:02:00	17.63	--	6	10578	买盘
13:01:54	17.63	--	27	47601	卖盘
13:01:50	17.63	--	10	17630	卖盘
13:01:35	17.63	-0.01	2	3526	卖盘
13:01:30	17.64	-0.01	29	51156	卖盘
13:00:39	17.65	0.01	50	88250	买盘
13:00:35	17.64	-0.01	20	35280	卖盘
13:00:14	17.65	--	13	22944	卖盘
13:00:05	17.65	-0.03	34	60009	卖盘
11:30:00	17.68	--	0	0	买盘
11:30:00	17.68	--	0	0	买盘
11:29:41	17.68	--	19	33592	卖盘
11:29:15	17.68	--	5	8840	卖盘
11:28:51	17.68	-0.01	3	5304	卖盘
11:28:26	17.69	0.01	25	44225	买盘
11:28:21	17.68	-0.01	23	40664	卖盘
11:28:15	17.69	--	1	1769	买盘
11:28:11	17.69	0.01	14	24766	买盘
11:27:30	17.68	0.02	50	88400	买盘
11:26:41	17.66	--	0	1589	卖盘
11:26:21	17.66	0.01	0	1589	中性盘
11:25:55	17.65	--	1	2735	卖盘
11:25:40	17.65	--	9	15884	卖盘
11:25:36	17.65	--	2	4853	买盘
11:25:25	17.65	-0.04	4	7059	卖盘
11:24:25	17.69	--	0	0	买盘
11:24:20	17.69	--	0	0	买盘
11:24:15	17.69	0.01	95	168355	买盘
11:24:05	17.68	--	0	1661	卖盘
11:23:56	17.68	--	33	59917	买盘
11:23:35	17.68	0.04	2	3536	买盘
11:23:20	17.64	-0.04	3	5292	卖盘
11:22:54	17.68	--	0	0	买盘
11:22:20	17.68	0.05	3	5304	买盘
11:22:00	17.63	--	1	1763	卖盘
11:21:45	17.63	--	0	0	卖盘
11:21:39	17.63	--	7	12640	买盘
11:21:35	17.63	--	24	42312	买盘
11:21:30	17.63	--	5	8815	买盘
11:21:24	17.63	--	30	52890	买盘
11:21:20	17.63	-0.06	35	63168	卖盘
11:21:15	17.69	--	0	0	中性盘
11:21:05	17.69	0.06	20	35380	买盘
11:20:35	17.63	--	2	3526	卖盘
11:20:30	17.63	--	0	0	卖盘
11:20:24	17.63	--	6	10877	买盘
11:20:20	17.63	--	13	24382	卖盘
11:20:09	17.63	--	0	299	卖盘
11:20:05	17.63	--	6	10578	卖盘
11:19:34	17.63	-0.07	2	3526	卖盘
11:19:30	17.7	--	40	70800	买盘
11:19:20	17.7	--	0	0	买盘
11:19:05	17.7	0.07	70	123900	买盘
11:18:50	17.63	--	0	264	卖盘
11:18:45	17.63	0.02	47	82949	买盘
11:18:34	17.61	--	0	0	卖盘
11:18:24	17.61	--	1	1761	卖盘
11:18:04	17.61	--	0	299	卖盘
11:17:34	17.61	--	6	10566	卖盘
11:17:29	17.61	--	1	3257	卖盘
11:17:14	17.61	--	1	1761	卖盘
11:17:04	17.61	--	0	1655	卖盘
11:16:49	17.61	-0.02	2	3522	卖盘
11:16:09	17.63	0.02	50	88150	买盘
11:15:54	17.61	-0.01	76	133836	买盘
11:15:18	17.62	--	0	0	买盘
11:15:03	17.62	--	5	8810	买盘
11:14:59	17.62	0.02	50	88100	买盘
11:14:44	17.6	0.01	0	1531	卖盘
11:14:33	17.59	-0.01	33	59665	卖盘
11:14:24	17.6	--	0	1619	买盘
11:14:14	17.6	--	2	3520	买盘
11:13:54	17.6	--	14	24780	卖盘
11:13:18	17.6	--	0	1654	卖盘
11:13:03	17.6	--	3	5280	卖盘
11:12:54	17.6	--	10	19272	卖盘
11:12:33	17.6	-0.02	40	71860	卖盘
11:12:29	17.62	--	2	3823	卖盘
11:12:24	17.62	0.02	2	3524	买盘
11:12:09	17.6	--	0	334	卖盘
11:11:54	17.6	0.01	62	110598	买盘
11:11:43	17.59	--	0	1635	卖盘
11:11:28	17.59	--	8	14072	卖盘
11:11:18	17.59	0.01	2	5136	买盘
11:11:09	17.58	--	16	28127	卖盘
11:10:53	17.58	-0.01	1	1757	卖盘
11:10:43	17.59	0.01	13	22867	买盘
11:10:28	17.58	--	0	210	卖盘
11:10:13	17.58	--	10	17580	卖盘
11:10:08	17.58	-0.01	34	60457	卖盘
11:09:53	17.59	--	2	3518	买盘
11:09:38	17.59	0.01	4	7036	买盘
11:09:33	17.58	-0.01	4	7031	卖盘
11:09:27	17.59	-0.01	20	35180	卖盘
11:09:23	17.6	0.01	5	8800	买盘
11:09:18	17.59	--	6	10554	卖盘
11:09:03	17.59	--	17	29903	卖盘
11:08:57	17.59	0.01	7	12313	卖盘
11:08:53	17.58	--	0	0	卖盘
11:08:48	17.58	-0.01	33	58013	卖盘
11:08:42	17.59	-0.01	30	52770	卖盘
11:08:38	17.6	0.01	5	8800	买盘
11:08:33	17.59	-0.01	20	35180	卖盘
11:08:18	17.6	--	127	223801	卖盘
11:08:08	17.6	--	5	8800	卖盘
11:08:03	17.6	--	36	63360	卖盘
11:07:57	17.6	--	10	17600	卖盘
11:07:48	17.6	--	0	0	卖盘
11:07:27	17.6	-0.01	172	302720	卖盘
11:07:23	17.61	-0.01	38	66918	卖盘
11:07:18	17.62	--	6	10572	买盘
11:07:03	17.62	--	59	103958	买盘
11:06:42	17.62	--	14	24668	卖盘
11:06:38	17.62	--	11	19382	卖盘
11:06:18	17.62	--	7	12334	卖盘
11:06:08	17.62	--	12	21144	卖盘
11:05:37	17.62	0.01	11	19382	买盘
11:05:33	17.61	--	50	88050	卖盘
11:05:22	17.61	--	31	54591	卖盘
11:04:47	17.61	-0.01	1	1761	卖盘
11:04:37	17.62	--	8	14096	买盘
11:04:22	17.62	--	5	8810	买盘
11:04:02	17.62	--	50	88100	卖盘
11:03:37	17.62	--	2	3524	卖盘
11:02:57	17.62	-0.02	10	17620	卖盘
11:02:32	17.64	--	1	1764	买盘
11:02:21	17.64	--	11	19404	买盘
11:00:36	17.64	0.02	20	35280	买盘
10:59:47	17.62	--	2	3524	卖盘
10:59:12	17.62	--	14	24668	卖盘
10:58:57	17.62	--	1	1762	卖盘
10:58:31	17.62	-0.01	21	37002	卖盘
10:58:16	17.63	--	9	15867	卖盘
10:57:46	17.63	0.01	1	1763	卖盘
10:57:26	17.62	--	0	0	卖盘
10:57:16	17.62	--	18	31716	卖盘
10:56:41	17.62	--	24	42288	卖盘
10:56:11	17.62	--	3	5286	卖盘
10:55:50	17.62	--	2	3524	卖盘
10:55:30	17.62	--	0	0	卖盘
10:55:26	17.62	--	2	3524	卖盘
10:54:56	17.62	--	25	44050	卖盘
10:54:41	17.62	-0.01	2	3524	卖盘
10:54:36	17.63	--	0	0	卖盘
10:54:21	17.63	0.01	11	19393	买盘
10:54:15	17.62	-0.01	4	7048	卖盘
10:54:06	17.63	--	67	118121	卖盘
10:53:56	17.63	-0.01	3	5289	卖盘
10:53:36	17.64	--	4	7056	卖盘
10:53:26	17.64	--	5	8820	卖盘
10:53:06	17.64	--	1	1764	卖盘
10:51:50	17.64	--	9	15876	卖盘
10:51:05	17.64	-0.01	60	105840	卖盘
10:50:50	17.65	--	20	35300	买盘
10:50:15	17.65	0.01	15	26474	买盘
10:50:00	17.64	-0.01	5	8820	卖盘
10:49:44	17.65	--	2	3529	买盘
10:49:05	17.65	0.01	5	8825	买盘
10:49:00	17.64	--	2	3528	卖盘
10:48:45	17.64	-0.01	10	17640	卖盘
10:48:30	17.65	--	31	54714	买盘
10:48:00	17.65	0.01	10	17650	买盘
10:47:50	17.64	--	7	12348	卖盘
10:47:45	17.64	--	3	5292	卖盘
10:46:59	17.64	-0.01	3	5292	卖盘
10:46:35	17.65	--	4	7059	卖盘
10:46:00	17.65	--	8	14119	卖盘
10:45:44	17.65	--	1	1764	卖盘
10:45:34	17.65	--	3	5295	卖盘
10:45:14	17.65	--	3	5295	卖盘
10:44:54	17.65	-0.01	3	5295	卖盘
10:44:34	17.66	--	8	14128	卖盘
10:44:14	17.66	--	14	24724	卖盘
10:44:09	17.66	--	7	12362	卖盘
10:43:59	17.66	--	23	40618	卖盘
10:43:29	17.66	--	13	22958	卖盘
10:43:23	17.66	--	3	5298	卖盘
10:43:18	17.66	--	5	8830	卖盘
10:43:09	17.66	--	1	1766	卖盘
10:43:03	17.66	--	1	1766	卖盘
10:42:54	17.66	-0.01	3	5298	卖盘
10:42:14	17.67	--	5	8835	买盘
10:40:29	17.67	0.01	3	5301	买盘
10:39:53	17.66	-0.01	2	3532	卖盘
10:39:02	17.67	0.01	3	5301	买盘
10:38:58	17.66	0.01	1	1766	卖盘
10:38:32	17.65	--	0	0	卖盘
10:38:08	17.65	--	5	8825	卖盘
10:36:47	17.65	-0.02	6	10590	卖盘
10:36:17	17.67	--	0	0	买盘
10:35:02	17.67	0.02	3	5301	买盘
10:34:56	17.65	-0.01	2	3529	卖盘
10:34:22	17.66	--	10	17660	买盘
10:34:08	17.66	--	26	45916	卖盘
10:33:37	17.66	--	3	5298	卖盘
10:33:23	17.66	--	3	5298	卖盘
10:32:52	17.66	--	6	10596	卖盘
10:32:37	17.66	-0.01	16	28256	卖盘
10:32:32	17.67	0.01	17	30039	买盘
10:32:17	17.66	--	2	3532	卖盘
10:31:56	17.66	-0.01	5	8830	卖盘
10:31:41	17.67	--	5	8835	买盘
10:30:41	17.67	0.01	10	17670	买盘
10:30:32	17.66	-0.01	1	1766	卖盘
10:30:20	17.67	--	0	0	中性盘
10:30:05	17.67	-0.01	10	17670	卖盘
10:30:02	17.68	0.01	15	26520	中性盘
10:29:47	17.67	--	7	12369	卖盘
10:29:17	17.67	0.01	2	3534	卖盘
10:29:11	17.66	--	0	0	卖盘
10:29:05	17.66	--	2	3532	卖盘
10:28:56	17.66	--	7	12362	买盘
10:28:46	17.66	--	18	31788	卖盘
10:28:41	17.66	-0.06	2	3532	卖盘
10:28:17	17.72	--	0	0	买盘
10:28:05	17.72	--	0	0	买盘
10:27:50	17.72	--	0	0	买盘
10:27:41	17.72	--	4	7088	买盘
10:27:35	17.72	--	0	0	买盘
10:27:17	17.72	--	0	0	买盘
10:27:11	17.72	0.01	100	177200	买盘
10:27:05	17.71	--	0	0	买盘
10:26:47	17.71	--	0	0	买盘
10:26:20	17.71	--	3	5313	买盘
10:26:01	17.71	--	0	0	买盘
10:25:56	17.71	0.04	50	88550	买盘
10:25:41	17.67	0.02	50	88350	买盘
10:25:26	17.65	--	0	0	买盘
10:25:11	17.65	--	11	20015	卖盘
10:24:46	17.65	0.01	48	85884	买盘
10:24:31	17.64	--	10	17640	卖盘
10:24:26	17.64	-0.01	50	88200	卖盘
10:24:20	17.65	0.01	1	1764	买盘
10:24:16	17.64	--	14	24696	卖盘
10:24:00	17.64	--	2	3528	卖盘
10:23:56	17.64	0.01	31	54684	买盘
10:23:35	17.63	--	2	3526	卖盘
10:23:26	17.63	--	2	3526	卖盘
10:23:20	17.63	--	57	100491	买盘
10:22:20	17.63	--	10	17630	买盘
10:22:11	17.63	0.01	1	1763	买盘
10:21:40	17.62	--	6	10572	卖盘
10:21:25	17.62	-0.01	4	7048	卖盘
10:21:05	17.63	--	4	7052	卖盘
10:20:59	17.63	--	2	3526	卖盘
10:20:55	17.63	--	5	8815	卖盘
10:20:50	17.63	--	4	7052	卖盘
10:20:44	17.63	--	2	3526	卖盘
10:20:40	17.63	--	2	3526	卖盘
10:20:29	17.63	--	2	3526	卖盘
10:20:14	17.63	--	2	3526	卖盘
10:20:10	17.63	-0.02	4	7052	中性盘
10:19:35	17.65	0.03	32	56479	买盘
10:19:29	17.62	--	18	31716	卖盘
10:19:20	17.62	-0.01	6	10572	卖盘
10:19:14	17.63	0.01	5	8815	买盘
10:18:55	17.62	--	1	1762	卖盘
10:18:50	17.62	--	35	61670	卖盘
10:18:40	17.62	--	0	0	中性盘
10:18:35	17.62	--	11	19382	卖盘
10:18:29	17.62	0.01	9	15858	买盘
10:18:25	17.61	--	0	0	卖盘
10:18:10	17.61	-0.01	10	17610	卖盘
10:17:59	17.62	-0.01	30	52860	卖盘
10:17:50	17.63	--	1	2362	卖盘
10:17:14	17.63	--	2	3526	卖盘
10:16:44	17.63	-0.02	60	105780	卖盘
10:16:38	17.65	0.02	11	19415	买盘
10:16:35	17.63	-0.01	20	35260	卖盘
10:16:29	17.64	--	3	5292	卖盘
10:16:20	17.64	--	0	0	卖盘
10:16:14	17.64	-0.02	6	10584	卖盘
10:15:38	17.66	--	20	35320	买盘
10:14:59	17.66	--	0	0	买盘
10:14:49	17.66	0.03	5	8830	买盘
10:14:44	17.63	--	2	3526	卖盘
10:14:38	17.63	--	19	33497	卖盘
10:13:59	17.63	--	4	7052	卖盘
10:12:08	17.63	--	5	8815	卖盘
10:12:04	17.63	--	4	7052	卖盘
10:11:34	17.63	--	2	4689	买盘
10:10:59	17.63	--	2	4125	卖盘
10:10:44	17.63	0.01	21	38186	买盘
10:10:23	17.62	-0.01	6	10572	卖盘
10:10:08	17.63	--	2	4125	卖盘
10:09:53	17.63	--	13	22919	卖盘
10:09:44	17.63	--	16	28208	卖盘
10:09:17	17.63	--	20	35260	卖盘
10:09:08	17.63	--	10	17630	卖盘
10:09:02	17.63	--	20	35260	卖盘
10:08:58	17.63	--	20	36423	卖盘
10:08:53	17.63	--	10	17630	卖盘
10:08:43	17.63	--	50	88150	卖盘
10:08:38	17.63	--	101	178063	卖盘
10:08:13	17.63	--	0	0	卖盘
10:07:58	17.63	-0.02	33	58179	卖盘
10:07:53	17.65	-0.01	14	24709	卖盘
10:07:43	17.66	0.01	10	17660	买盘
10:07:38	17.65	--	11	19415	卖盘
10:07:28	17.65	-0.01	10	17650	卖盘
10:07:13	17.66	0.01	46	81236	买盘
10:07:02	17.65	--	2	3529	卖盘
10:06:58	17.65	0.02	33	58244	买盘
10:06:43	17.63	--	12	21156	卖盘
10:06:13	17.63	--	124	218612	卖盘
10:05:58	17.63	--	6	10578	卖盘
10:05:53	17.63	--	1	1763	卖盘
10:05:28	17.63	--	24	42312	卖盘
10:05:23	17.63	--	1	1763	卖盘
10:05:17	17.63	0.01	1	1763	中性盘
10:05:13	17.62	--	3	5286	卖盘
10:05:08	17.62	-0.01	3	5286	卖盘
10:04:58	17.63	--	1	1763	卖盘
10:04:53	17.63	--	1	1763	卖盘
10:04:43	17.63	0.01	6	10578	卖盘
10:04:32	17.62	--	0	0	卖盘
10:04:11	17.62	--	1	1762	卖盘
10:04:08	17.62	--	14	24668	卖盘
10:03:56	17.62	--	0	0	卖盘
10:03:47	17.62	--	4	7048	卖盘
10:03:32	17.62	--	2	3524	卖盘
10:03:26	17.62	--	0	0	卖盘
10:03:23	17.62	-0.03	7	12334	卖盘
10:03:17	17.65	--	3	5295	卖盘
10:03:11	17.65	0.03	30	52949	买盘
10:03:08	17.62	-0.01	6	10572	卖盘
10:02:53	17.63	-0.02	1	1763	买盘
10:02:37	17.65	--	0	0	买盘
10:02:32	17.65	0.03	5	8825	买盘
10:02:22	17.62	-0.01	2	3524	卖盘
10:02:17	17.63	--	1	1763	卖盘
10:01:47	17.63	--	6	10578	卖盘
10:01:37	17.63	0.01	37	66711	买盘
10:00:41	17.62	--	1	1762	卖盘
10:00:37	17.62	0.03	16	28192	买盘
10:00:32	17.59	-0.01	150	263850	卖盘
10:00:22	17.6	-0.02	24	42240	卖盘
10:00:17	17.62	--	3	5286	买盘
10:00:11	17.62	-0.01	95	167390	买盘
10:00:02	17.63	--	0	0	买盘
09:59:52	17.63	--	0	0	买盘
09:59:41	17.63	0.01	30	52890	买盘
09:59:32	17.62	--	80	140960	买盘
09:59:22	17.62	--	202	355924	买盘
09:59:17	17.62	--	34	59908	买盘
09:59:07	17.62	-0.01	123	216726	卖盘
09:58:56	17.63	-0.01	22	38786	卖盘
09:58:37	17.64	--	7	12348	卖盘
09:58:32	17.64	0.01	5	8820	买盘
09:58:22	17.63	--	4	7052	卖盘
09:58:07	17.63	-0.02	13	22919	卖盘
09:57:50	17.65	--	0	0	买盘
09:57:47	17.65	0.02	5	8825	买盘
09:57:41	17.63	--	4	7052	卖盘
09:57:32	17.63	--	3	5289	卖盘
09:57:17	17.63	--	42	74046	卖盘
09:57:11	17.63	--	2	3526	卖盘
09:57:05	17.63	-0.01	1	1763	卖盘
09:57:02	17.64	--	8	14112	卖盘
09:56:56	17.64	--	1	1764	卖盘
09:56:50	17.64	--	2	3528	卖盘
09:56:47	17.64	--	20	35280	卖盘
09:56:31	17.64	--	20	35280	卖盘
09:56:01	17.64	-0.02	1	1764	卖盘
09:55:56	17.66	0.02	30	52980	买盘
09:55:46	17.64	-0.02	59	104076	卖盘
09:55:41	17.66	0.01	2	3532	买盘
09:55:35	17.65	-0.01	6	10590	卖盘
09:55:26	17.66	--	24	43973	卖盘
09:55:20	17.66	--	3	5474	买盘
09:55:16	17.66	-0.01	10	17660	卖盘
09:55:01	17.67	--	0	0	买盘
09:54:46	17.67	--	5	8835	买盘
09:54:31	17.67	--	3	5301	买盘
09:54:11	17.67	0.03	12	21204	买盘
09:54:05	17.64	-0.01	2	3528	卖盘
09:54:01	17.65	--	5	8825	卖盘
09:53:56	17.65	-0.01	6	10590	卖盘
09:53:50	17.66	0.01	1	1766	买盘
09:53:46	17.65	--	4	7059	卖盘
09:53:41	17.65	-0.01	2	3529	卖盘
09:53:35	17.66	--	3	5298	卖盘
09:53:31	17.66	--	2	3532	卖盘
09:53:16	17.66	--	7	12362	卖盘
09:52:56	17.66	--	11	19426	卖盘
09:52:50	17.66	--	10	17660	卖盘
09:52:41	17.66	--	15	26490	卖盘
09:52:16	17.66	--	13	22958	卖盘
09:52:11	17.66	--	5	8830	卖盘
09:52:01	17.66	-0.01	13	22958	卖盘
09:51:56	17.67	--	5	8835	买盘
09:51:46	17.67	--	9	16185	卖盘
09:51:35	17.67	--	11	20921	卖盘
09:51:26	17.67	--	20	35340	卖盘
09:51:11	17.67	-0.01	5	8835	卖盘
09:51:05	17.68	--	90	159120	卖盘
09:50:56	17.68	--	19	33592	卖盘
09:50:50	17.68	--	0	0	卖盘
09:50:29	17.68	--	3	5304	卖盘
09:50:11	17.68	-0.02	69	123583	卖盘
09:50:05	17.7	--	18	31860	卖盘
09:49:56	17.7	-0.01	3	5310	卖盘
09:49:50	17.71	0.01	3	5313	卖盘
09:49:35	17.7	--	0	0	卖盘
09:49:29	17.7	-0.02	2	3540	卖盘
09:49:14	17.72	0.02	2	3544	买盘
09:49:10	17.7	--	8	14160	卖盘
09:49:05	17.7	--	150	265500	卖盘
09:48:55	17.7	--	2	3540	卖盘
09:48:40	17.7	--	5	8850	卖盘
09:48:35	17.7	--	30	53100	卖盘
09:48:20	17.7	--	31	54870	卖盘
09:48:14	17.7	--	54	95580	卖盘
09:48:10	17.7	--	5	8850	卖盘
09:48:05	17.7	--	6	10620	卖盘
09:47:59	17.7	--	10	17877	卖盘
09:47:40	17.7	--	11	19470	卖盘
09:47:35	17.7	-0.01	2	3540	卖盘
09:47:29	17.71	-0.01	22	38962	卖盘
09:47:25	17.72	0.01	54	95688	买盘
09:47:20	17.71	-0.01	12	21252	卖盘
09:47:10	17.72	0.01	5	8860	中性盘
09:47:05	17.71	-0.01	8	14168	卖盘
09:46:55	17.72	--	4	7088	卖盘
09:46:50	17.72	0.01	8	14176	买盘
09:46:35	17.71	-0.01	2	3542	卖盘
09:46:14	17.72	--	6	10632	买盘
09:46:10	17.72	0.01	28	49616	买盘
09:45:55	17.71	-0.01	4	7084	卖盘
09:45:50	17.72	0.02	5	8860	买盘
09:45:20	17.7	--	0	0	卖盘
09:45:14	17.7	--	0	0	卖盘
09:45:05	17.7	--	0	0	卖盘
09:44:59	17.7	0.01	4	7080	卖盘
09:44:35	17.69	--	4	7076	买盘
09:44:29	17.69	--	8	14152	买盘
09:44:14	17.69	--	43	76067	卖盘
09:44:08	17.69	-0.04	5	8845	卖盘
09:44:05	17.73	0.04	50	88650	买盘
09:43:50	17.69	--	52	91988	买盘
09:43:44	17.69	--	32	56608	买盘
09:43:29	17.69	--	4	7076	买盘
09:43:14	17.69	--	36	63684	卖盘
09:43:04	17.69	-0.01	5	8845	卖盘
09:42:38	17.7	--	11	19470	卖盘
09:42:29	17.7	--	0	0	卖盘
09:42:23	17.7	-0.01	3	5310	卖盘
09:42:19	17.71	0.01	12	21252	买盘
09:41:49	17.7	--	9	15930	卖盘
09:41:44	17.7	--	2	3540	卖盘
09:41:38	17.7	--	4	7080	卖盘
09:41:34	17.7	0.02	6	10620	买盘
09:41:29	17.68	-0.02	3	5304	卖盘
09:41:23	17.7	--	2	3540	买盘
09:41:08	17.7	0.03	12	21240	买盘
09:40:34	17.67	--	0	0	卖盘
09:39:49	17.67	--	1	1767	卖盘
09:39:44	17.67	-0.01	15	26505	卖盘
09:39:34	17.68	-0.02	2	3536	卖盘
09:39:23	17.7	0.02	14	24780	买盘
09:39:14	17.68	0.01	6	10608	卖盘
09:39:04	17.67	--	0	0	卖盘
09:38:53	17.67	--	92	162564	买盘
09:38:49	17.67	--	8	14136	买盘
09:38:44	17.67	--	18	31806	买盘
09:38:34	17.67	-0.01	31	54777	卖盘
09:38:29	17.68	--	9	15912	买盘
09:38:23	17.68	--	3	5304	买盘
09:37:29	17.68	--	7	12376	卖盘
09:37:23	17.68	--	9	15912	卖盘
09:37:14	17.68	-0.02	4	7072	卖盘
09:36:53	17.7	--	10	17700	买盘
09:36:44	17.7	--	0	0	中性盘
09:36:38	17.7	--	5	8850	卖盘
09:36:23	17.7	--	11	19470	卖盘
09:36:13	17.7	-0.02	5	8850	卖盘
09:36:08	17.72	-0.01	3	5316	中性盘
09:36:02	17.73	0.01	59	104607	买盘
09:35:43	17.72	0.02	50	88600	买盘
09:35:28	17.7	--	10	17700	卖盘
09:35:23	17.7	--	3	5310	卖盘
09:35:17	17.7	--	52	92040	卖盘
09:35:13	17.7	0.01	16	28320	买盘
09:35:08	17.69	--	3	5307	卖盘
09:34:58	17.69	--	2	3538	卖盘
09:34:02	17.69	--	8	14152	买盘
09:33:53	17.69	0.02	2	3538	买盘
09:33:43	17.67	--	27	47709	卖盘
09:33:38	17.67	--	0	0	卖盘
09:33:02	17.67	--	8	14136	卖盘
09:32:13	17.67	-0.03	5	8835	卖盘
09:31:58	17.7	--	2	3540	买盘
09:31:43	17.7	--	1	1770	卖盘
09:31:38	17.7	--	5	8850	卖盘
09:31:02	17.7	--	82	145140	买盘
09:30:53	17.7	--	10	17700	买盘
09:30:32	17.7	--	1	1770	买盘
09:30:23	17.7	0.02	2	3540	买盘
09:30:17	17.68	0.01	1	1768	买盘
09:30:08	17.67	0.01	9	15903	中性盘
09:28:49	17.66	--	0	0	卖盘
09:25:05	17.66	17.66	36	63576	买盘
