成交时间	成交价	价格变动	成交量(手)	成交额(元)	性质
15:00:00	3.43	--	0	0	卖盘
15:00:00	3.43	-0.01	0	0	卖盘
14:59:53	3.44	0.01	11	3784	买盘
14:59:38	3.43	--	50	17150	卖盘
14:59:34	3.43	--	5	1715	卖盘
14:59:29	3.43	--	50	17150	卖盘
14:59:23	3.43	--	502	172186	卖盘
14:59:19	3.43	--	128	43904	卖盘
14:59:04	3.43	--	144	49683	买盘
14:58:59	3.43	--	160	54880	买盘
14:58:44	3.43	--	210	72030	买盘
14:58:38	3.43	--	46	15778	买盘
14:58:34	3.43	--	10	3430	买盘
14:58:29	3.43	--	1	343	买盘
14:58:23	3.43	--	72	24696	买盘
14:58:14	3.43	0.01	10	3430	买盘
14:58:08	3.42	-0.01	200	68400	卖盘
14:58:04	3.43	--	13	4510	卖盘
14:57:59	3.43	--	80	27731	买盘
14:57:53	3.43	0.01	116	39788	买盘
14:57:49	3.42	-0.01	201	68742	卖盘
14:57:38	3.43	--	10	3430	买盘
14:57:29	3.43	--	100	34300	买盘
14:57:23	3.43	--	50	17150	买盘
14:57:14	3.43	0.01	2100	720300	买盘
14:57:04	3.42	-0.01	30	10260	卖盘
14:56:59	3.43	--	32	10976	买盘
14:56:49	3.43	--	1	343	买盘
14:56:38	3.43	0.01	20	6860	买盘
14:56:29	3.42	-0.01	30	10260	卖盘
14:56:23	3.43	--	10	3430	买盘
14:56:19	3.43	--	100	34300	买盘
14:56:14	3.43	0.01	10	3430	买盘
14:56:08	3.42	--	63	21546	卖盘
14:56:04	3.42	-0.01	27	9234	卖盘
14:55:59	3.43	0.01	121	41503	买盘
14:55:53	3.42	--	10	3420	卖盘
14:55:44	3.42	-0.01	46	15732	卖盘
14:55:28	3.43	--	5	1715	买盘
14:55:23	3.43	0.01	300	102900	买盘
14:55:19	3.42	-0.01	42	14364	卖盘
14:55:08	3.43	0.01	10	3430	买盘
14:55:04	3.42	--	230	78660	卖盘
14:54:59	3.42	--	101	34542	卖盘
14:54:53	3.42	--	149	50958	卖盘
14:54:28	3.42	--	2	684	卖盘
14:54:23	3.42	--	11	3762	卖盘
14:54:13	3.42	-0.01	25	8550	卖盘
14:53:58	3.43	0.01	270	92610	买盘
14:53:53	3.42	-0.01	8	2736	卖盘
14:53:38	3.43	--	20	6860	买盘
14:53:32	3.43	--	50	17150	买盘
14:53:28	3.43	--	64	21952	买盘
14:53:23	3.43	--	43	14749	买盘
14:53:08	3.43	--	2350	806050	买盘
14:52:58	3.43	--	10	3430	买盘
14:52:53	3.43	0.01	52	17836	买盘
14:52:38	3.42	--	25	8550	卖盘
14:52:23	3.42	-0.01	50	17100	卖盘
14:52:13	3.43	--	70	24010	买盘
14:52:02	3.43	0.01	3	1029	买盘
14:51:53	3.42	--	50	17100	卖盘
14:51:28	3.42	-0.01	15	5130	卖盘
14:51:23	3.43	0.01	142	48706	买盘
14:51:13	3.42	-0.01	128	43776	卖盘
14:51:02	3.43	--	4	1372	买盘
14:50:53	3.43	--	100	34300	买盘
14:50:47	3.43	--	36	12348	买盘
14:50:38	3.43	0.01	20	6860	买盘
14:50:23	3.42	--	318	108756	卖盘
14:50:02	3.42	-0.01	49	16758	卖盘
14:49:58	3.43	--	25	8575	买盘
14:49:53	3.43	0.01	485	166355	买盘
14:49:47	3.42	-0.01	18	6156	卖盘
14:49:43	3.43	0.01	24	8232	买盘
14:49:32	3.42	-0.01	50	17100	卖盘
14:49:28	3.43	0.01	6	2058	买盘
14:49:13	3.42	--	30	10260	卖盘
14:49:08	3.42	-0.01	10	3420	卖盘
14:48:58	3.43	--	605	207515	买盘
14:48:53	3.43	--	5	1715	买盘
14:48:47	3.43	0.01	20	6860	买盘
14:48:37	3.42	--	4	1368	卖盘
14:48:32	3.42	-0.01	5	1710	卖盘
14:48:22	3.43	--	2	686	买盘
14:48:07	3.43	--	64	21952	买盘
14:47:52	3.43	--	20	6860	买盘
14:47:41	3.43	--	9	3087	买盘
14:47:02	3.43	--	150	51450	买盘
14:46:52	3.43	--	15	5145	买盘
14:46:47	3.43	--	1244	426692	买盘
14:46:41	3.43	--	1	343	买盘
14:46:32	3.43	0.01	31	10633	买盘
14:46:26	3.42	--	100	34200	卖盘
14:46:22	3.42	-0.01	5	1710	卖盘
14:46:07	3.43	0.01	33	11319	买盘
14:45:56	3.42	-0.01	60	20520	卖盘
14:45:52	3.43	--	9	3087	买盘
14:45:47	3.43	0.01	31	10633	买盘
14:45:37	3.42	--	1	342	卖盘
14:45:22	3.42	-0.01	50	17100	卖盘
14:45:02	3.43	--	33	11319	买盘
14:44:52	3.43	0.01	51	17503	买盘
14:44:47	3.42	-0.01	110	37620	卖盘
14:44:37	3.43	--	13	4459	买盘
14:44:32	3.43	0.01	54	18522	买盘
14:44:26	3.42	--	8	2736	卖盘
14:44:22	3.42	-0.01	7	2394	卖盘
14:44:17	3.43	0.01	12	4116	买盘
14:44:02	3.42	--	35	11970	卖盘
14:43:22	3.42	--	1	342	卖盘
14:43:07	3.42	-0.01	57	19494	卖盘
14:42:56	3.43	--	8	2744	买盘
14:42:47	3.43	--	55	18865	买盘
14:42:41	3.43	--	6	2058	买盘
14:42:37	3.43	--	2	686	买盘
14:42:32	3.43	--	14	4802	买盘
14:42:22	3.43	--	24	8232	买盘
14:42:11	3.43	0.01	24	8232	买盘
14:42:06	3.42	-0.01	69	23803	卖盘
14:41:56	3.43	--	73	25090	卖盘
14:41:47	3.43	--	15	5145	卖盘
14:41:35	3.43	--	12	4407	买盘
14:41:26	3.43	--	197	67622	卖盘
14:41:11	3.43	-0.01	660	226380	卖盘
14:41:05	3.44	0.01	130	44720	买盘
14:41:01	3.43	--	91	31504	买盘
14:40:46	3.43	0.01	176	60368	买盘
14:40:41	3.42	-0.01	109	37278	卖盘
14:40:26	3.43	--	6	2058	买盘
14:40:20	3.43	--	63	21609	买盘
14:40:11	3.43	--	19	6517	买盘
14:40:05	3.43	--	698	239414	买盘
14:39:50	3.43	--	210	72081	卖盘
14:39:41	3.43	--	12	4116	卖盘
14:39:35	3.43	--	210	72030	卖盘
14:39:26	3.43	--	33	11319	卖盘
14:39:11	3.43	--	1000	343000	卖盘
14:39:01	3.43	--	5	1715	卖盘
14:38:56	3.43	--	30	10290	卖盘
14:38:41	3.43	--	80	27440	卖盘
14:38:35	3.43	--	18	6174	卖盘
14:38:31	3.43	--	2603	893120	买盘
14:38:26	3.43	0.01	65	22295	买盘
14:38:20	3.42	-0.01	23	7866	卖盘
14:38:05	3.43	0.01	29	9947	买盘
14:37:46	3.42	--	29	9918	卖盘
14:37:31	3.42	-0.01	3	1026	卖盘
14:37:16	3.43	--	21	7203	买盘
14:37:01	3.43	0.01	12	4116	买盘
14:36:56	3.42	-0.01	8	2736	卖盘
14:36:46	3.43	--	2	686	买盘
14:36:41	3.43	--	30	10290	买盘
14:36:31	3.43	--	400	137200	买盘
14:36:26	3.43	--	16	5488	买盘
14:36:20	3.43	--	10	3430	买盘
14:36:11	3.43	--	24	8232	买盘
14:36:05	3.43	--	40	13720	买盘
14:36:01	3.43	--	25	8575	买盘
14:35:45	3.43	--	33	11319	买盘
14:35:40	3.43	--	15	5145	买盘
14:35:30	3.43	--	5	1715	买盘
14:35:25	3.43	--	94	32242	买盘
14:35:20	3.43	--	68	23324	买盘
14:35:10	3.43	--	50	17150	买盘
14:34:59	3.43	--	1	343	买盘
14:34:44	3.43	--	2	686	买盘
14:34:20	3.43	--	16	5488	买盘
14:34:14	3.43	--	12	4116	买盘
14:34:10	3.43	--	41	14063	买盘
14:34:05	3.43	--	200	68600	买盘
14:33:59	3.43	--	142	48757	卖盘
14:33:55	3.43	-0.01	115	39445	卖盘
14:33:50	3.44	0.01	22	7568	买盘
14:33:44	3.43	--	70	24010	卖盘
14:33:40	3.43	--	84	28812	卖盘
14:33:35	3.43	--	4	1372	卖盘
14:33:20	3.43	-0.01	500	171500	卖盘
14:33:14	3.44	0.01	13	4472	买盘
14:33:10	3.43	--	100	34300	卖盘
14:32:59	3.43	--	200	68600	卖盘
14:32:55	3.43	--	6	2058	卖盘
14:32:50	3.43	-0.01	500	171500	卖盘
14:32:44	3.44	--	47	16168	买盘
14:32:40	3.44	--	58	19952	买盘
14:32:25	3.44	0.01	4	1376	买盘
14:32:20	3.43	-0.01	75	25862	卖盘
14:32:05	3.44	--	5	1720	买盘
14:31:55	3.44	--	50	17200	买盘
14:31:29	3.44	--	10	3440	买盘
14:31:25	3.44	--	12	4128	买盘
14:30:59	3.44	--	22	7568	买盘
14:30:44	3.44	--	34	11696	买盘
14:30:40	3.44	--	1	344	买盘
14:30:25	3.44	--	35	12040	买盘
14:30:20	3.44	--	49	16856	买盘
14:30:05	3.44	--	3	1032	买盘
14:29:55	3.44	--	11	3784	买盘
14:29:50	3.44	--	12	4128	买盘
14:29:35	3.44	0.01	38	13072	买盘
14:29:29	3.43	-0.01	59	20237	卖盘
14:29:19	3.44	0.01	29	9976	买盘
14:29:14	3.43	--	53	18179	卖盘
14:28:59	3.43	--	80	27594	买盘
14:28:54	3.43	--	40	13720	买盘
14:28:44	3.43	--	30	10290	买盘
14:28:34	3.43	--	50	17150	买盘
14:28:29	3.43	--	280	96040	买盘
14:28:08	3.43	0.01	7	2401	买盘
14:27:59	3.42	--	13	4446	卖盘
14:27:49	3.42	-0.01	200	68400	卖盘
14:27:38	3.43	--	6	2058	买盘
14:27:29	3.43	--	34	11662	买盘
14:27:19	3.43	0.01	100	34300	买盘
14:27:14	3.42	-0.01	1	342	卖盘
14:26:53	3.43	--	35	12005	买盘
14:26:49	3.43	0.01	27	9261	买盘
14:26:44	3.42	-0.01	60	20520	卖盘
14:26:34	3.43	--	90	30870	买盘
14:26:29	3.43	--	8	2744	买盘
14:26:23	3.43	--	80	27440	买盘
14:26:14	3.43	--	17	5831	买盘
14:26:08	3.43	--	11	3773	买盘
14:26:04	3.43	--	106	36358	买盘
14:25:49	3.43	--	20	6860	买盘
14:25:44	3.43	--	4011	1375773	买盘
14:25:38	3.43	--	50	17150	买盘
14:25:23	3.43	--	5	1715	买盘
14:25:19	3.43	--	3016	1034488	买盘
14:25:14	3.43	--	31	10633	买盘
14:25:08	3.43	0.01	10	3430	买盘
14:25:04	3.42	-0.01	10	3420	卖盘
14:24:49	3.43	0.01	100	34300	买盘
14:24:44	3.42	-0.01	160	54720	卖盘
14:24:38	3.43	--	10	3430	买盘
14:24:34	3.43	--	13	4459	买盘
14:24:29	3.43	--	78	26754	买盘
14:24:23	3.43	--	2	686	买盘
14:24:19	3.43	--	209	71687	买盘
14:24:14	3.43	--	180	61740	买盘
14:24:08	3.43	--	300	102900	买盘
14:24:04	3.43	--	100	34300	买盘
14:23:59	3.43	--	211	72373	买盘
14:23:53	3.43	--	39	13377	买盘
14:23:49	3.43	--	76	26068	买盘
14:23:44	3.43	--	181	62083	买盘
14:23:38	3.43	--	538	184534	买盘
14:23:34	3.43	--	287	98441	买盘
14:23:29	3.43	--	498	170814	买盘
14:23:23	3.43	--	346	118678	买盘
14:23:14	3.43	--	350	120050	买盘
14:23:08	3.43	--	138	47334	买盘
14:23:04	3.43	--	1160	397880	买盘
14:22:59	3.43	--	1227	420861	买盘
14:22:53	3.43	--	229	78547	买盘
14:22:48	3.43	--	1820	624260	买盘
14:22:43	3.43	--	280	96040	买盘
14:22:38	3.43	--	630	216090	买盘
14:22:32	3.43	--	10	3430	买盘
14:22:28	3.43	--	1665	571095	买盘
14:22:23	3.43	--	304	104272	买盘
14:22:17	3.43	--	412	141316	买盘
14:22:13	3.43	--	500	171500	买盘
14:21:58	3.43	--	1855	636265	买盘
14:21:47	3.43	--	22	7546	买盘
14:21:28	3.43	0.01	1	343	买盘
14:21:17	3.42	-0.01	1	342	卖盘
14:21:13	3.43	--	18	6174	买盘
14:21:08	3.43	0.01	99	33957	买盘
14:20:58	3.42	-0.01	10	3420	卖盘
14:20:53	3.43	--	10	3430	买盘
14:20:47	3.43	--	19	6517	买盘
14:20:43	3.43	--	477	163611	买盘
14:20:23	3.43	--	39	13377	买盘
14:20:13	3.43	--	41	14063	买盘
14:20:08	3.43	--	14	4802	买盘
14:20:02	3.43	0.01	8	2744	买盘
14:19:17	3.42	--	5	1710	卖盘
14:18:53	3.42	-0.01	3	1026	卖盘
14:18:28	3.43	--	106	36358	买盘
14:18:23	3.43	--	30	10290	买盘
14:18:13	3.43	0.01	54	18522	买盘
14:17:58	3.42	--	18	6156	卖盘
14:17:43	3.42	--	50	17100	卖盘
14:17:32	3.42	-0.01	20	6840	卖盘
14:17:22	3.43	--	8	2744	买盘
14:17:13	3.43	--	5	1715	买盘
14:17:07	3.43	--	985	337855	买盘
14:16:37	3.43	--	16	5488	买盘
14:16:12	3.43	--	222	76146	买盘
14:16:07	3.43	0.01	7	2401	买盘
14:16:02	3.42	-0.01	1	342	卖盘
14:15:52	3.43	--	20	6860	买盘
14:15:47	3.43	--	25	8575	买盘
14:15:37	3.43	--	22	7546	买盘
14:15:22	3.43	0.01	17	5831	买盘
14:15:11	3.42	--	3	1026	卖盘
14:14:47	3.42	--	593	203065	买盘
14:14:41	3.42	--	27	9234	买盘
14:14:37	3.42	--	401	137142	买盘
14:14:32	3.42	--	877	299934	买盘
14:14:22	3.42	--	485	165870	买盘
14:14:17	3.42	--	200	68400	买盘
14:14:11	3.42	--	94	32148	买盘
14:14:07	3.42	--	94	32148	买盘
14:14:02	3.42	--	17	5814	买盘
14:13:47	3.42	--	1200	410400	买盘
14:13:37	3.42	--	7	2394	买盘
14:13:22	3.42	--	56	19152	买盘
14:13:17	3.42	--	12	4104	买盘
14:13:07	3.42	--	3	1026	买盘
14:13:02	3.42	--	19	6498	买盘
14:12:56	3.42	--	15	5130	买盘
14:12:52	3.42	--	4	1368	买盘
14:12:47	3.42	0.01	22	7524	买盘
14:12:37	3.41	-0.01	55	18755	卖盘
14:12:22	3.42	--	30	10260	买盘
14:12:07	3.42	--	24	8208	买盘
14:12:01	3.42	0.01	3	1026	买盘
14:11:22	3.41	-0.01	0	180	卖盘
14:11:06	3.42	--	16	5472	买盘
14:10:46	3.42	--	93	31806	买盘
14:10:21	3.42	0.01	24	8208	买盘
14:10:16	3.41	--	4	1364	卖盘
14:10:06	3.41	-0.01	1	341	卖盘
14:09:41	3.42	0.01	1	342	买盘
14:09:26	3.41	--	1	501	卖盘
14:08:46	3.41	-0.01	10	3410	卖盘
14:08:35	3.42	0.01	12	4104	买盘
14:08:20	3.41	--	40	13640	卖盘
14:07:35	3.41	-0.01	0	289	卖盘
14:07:31	3.42	--	14	4788	买盘
14:07:26	3.42	--	8	2736	买盘
14:06:56	3.42	--	8	2736	买盘
14:06:35	3.42	--	16	5745	买盘
14:06:16	3.42	--	61	20862	买盘
14:06:11	3.42	--	12	4104	买盘
14:06:05	3.42	--	123	42066	买盘
14:06:00	3.42	--	20	6840	买盘
14:05:46	3.42	--	18	6156	买盘
14:05:26	3.42	--	61	20862	买盘
14:05:20	3.42	--	26	8892	买盘
14:05:05	3.42	--	3	1026	买盘
14:04:31	3.42	--	13	4446	买盘
14:03:40	3.42	0.01	2243	767106	买盘
14:03:25	3.41	-0.01	20	6820	卖盘
14:03:15	3.42	0.01	12	4104	买盘
14:03:10	3.41	-0.01	90	30690	卖盘
14:02:20	3.42	0.01	6	2052	买盘
14:02:10	3.41	-0.01	25	8525	卖盘
14:01:59	3.42	0.01	14	4788	买盘
14:01:05	3.41	-0.01	15	5115	卖盘
14:00:44	3.42	--	35	11970	买盘
14:00:35	3.42	--	77	26334	买盘
14:00:24	3.42	--	10	3420	买盘
14:00:14	3.42	--	71	24282	买盘
14:00:09	3.42	0.01	12	4104	买盘
13:59:39	3.41	-0.01	26	8866	卖盘
13:59:29	3.42	0.01	7	2394	买盘
13:59:20	3.41	--	290	98890	卖盘
13:58:40	3.41	-0.01	20	6820	卖盘
13:58:10	3.42	--	3	1026	买盘
13:57:54	3.42	--	12	4104	买盘
13:57:50	3.42	--	62	21204	买盘
13:57:40	3.42	0.01	50	17100	买盘
13:57:34	3.41	-0.01	30	10230	卖盘
13:57:25	3.42	--	32	10944	买盘
13:57:19	3.42	--	12	4104	买盘
13:56:54	3.42	--	59	20178	买盘
13:56:40	3.42	0.01	10	3420	买盘
13:56:34	3.41	--	28	9548	卖盘
13:56:24	3.41	--	2	682	卖盘
13:56:19	3.41	-0.01	10	3410	卖盘
13:56:09	3.42	--	2	684	买盘
13:56:04	3.42	0.01	9	3078	买盘
13:55:54	3.41	--	67	22847	卖盘
13:55:44	3.41	-0.01	99	33759	卖盘
13:55:19	3.42	0.01	30	10260	买盘
13:55:08	3.41	--	63	21483	卖盘
13:54:59	3.41	--	1	341	卖盘
13:54:44	3.41	-0.01	20	6820	卖盘
13:54:34	3.42	--	7	2394	买盘
13:54:19	3.42	0.01	62	21204	买盘
13:54:14	3.41	-0.01	10	3410	卖盘
13:53:29	3.42	--	13	4446	买盘
13:53:18	3.42	--	1	342	买盘
13:52:53	3.42	--	2	684	买盘
13:52:49	3.42	--	312	106704	买盘
13:52:34	3.42	--	12	4104	买盘
13:52:23	3.42	--	4	1368	买盘
13:52:19	3.42	--	4	1368	买盘
13:52:14	3.42	--	2	684	买盘
13:52:04	3.42	--	10	3420	买盘
13:51:59	3.42	0.01	5	1710	买盘
13:51:53	3.41	-0.01	10	3410	卖盘
13:51:38	3.42	0.01	20	6840	买盘
13:51:34	3.41	-0.01	11	3751	卖盘
13:51:29	3.42	--	31	10602	买盘
13:51:23	3.42	--	56	19152	买盘
13:51:14	3.42	--	20	6840	买盘
13:51:08	3.42	--	46	15732	买盘
13:50:48	3.42	--	19	6498	买盘
13:50:43	3.42	0.01	9	3078	买盘
13:50:38	3.41	--	10	3410	卖盘
13:50:23	3.41	-0.01	5	1705	卖盘
13:50:18	3.42	0.01	29	9918	买盘
13:50:03	3.41	--	35	11935	卖盘
13:49:58	3.41	--	34	11594	卖盘
13:49:48	3.41	--	200	68200	卖盘
13:49:43	3.41	--	15	5115	卖盘
13:49:28	3.41	--	57	19437	卖盘
13:49:18	3.41	--	15	5115	卖盘
13:48:43	3.41	-0.01	118	40238	卖盘
13:48:38	3.42	0.01	38	12996	买盘
13:48:28	3.41	-0.01	3	1023	卖盘
13:48:17	3.42	0.01	10	3420	买盘
13:47:38	3.41	-0.01	100	34100	卖盘
13:47:28	3.42	--	4	1368	买盘
13:47:23	3.42	--	4	1368	买盘
13:47:17	3.42	--	9	3078	买盘
13:47:13	3.42	--	5	1710	买盘
13:46:47	3.42	0.01	3	1026	买盘
13:46:42	3.41	-0.01	144	49104	卖盘
13:46:38	3.42	0.01	62	21204	买盘
13:46:27	3.41	--	1	341	卖盘
13:46:17	3.41	--	10	3410	卖盘
13:46:12	3.41	--	21	7161	卖盘
13:46:08	3.41	-0.01	4	1364	卖盘
13:46:02	3.42	0.01	57	19494	买盘
13:45:53	3.41	-0.01	38	12958	卖盘
13:45:42	3.42	0.01	11	3762	买盘
13:45:38	3.41	--	200	68200	卖盘
13:45:27	3.41	-0.01	8	2728	卖盘
13:45:23	3.42	--	39	13338	买盘
13:45:12	3.42	0.01	50	17100	买盘
13:45:08	3.41	-0.01	16	5456	卖盘
13:44:57	3.42	--	12	4104	买盘
13:44:53	3.42	0.01	12	4104	买盘
13:44:42	3.41	--	1100	375100	卖盘
13:43:37	3.41	--	80	27280	卖盘
13:43:32	3.41	-0.01	27	9207	卖盘
13:43:27	3.42	--	5	1710	买盘
13:43:12	3.42	0.01	12	4104	买盘
13:42:57	3.41	-0.01	2	682	卖盘
13:42:37	3.42	0.01	1	342	买盘
13:42:22	3.41	--	3	1023	卖盘
13:41:37	3.41	-0.01	104	35464	卖盘
13:41:32	3.42	--	5	1710	买盘
13:40:52	3.42	--	5	1710	买盘
13:40:47	3.42	0.01	17	5814	买盘
13:40:26	3.41	-0.01	30	10230	卖盘
13:40:22	3.42	--	30	10260	买盘
13:40:17	3.42	0.01	41	14022	买盘
13:39:56	3.41	-0.01	66	22506	卖盘
13:39:41	3.42	--	1	342	买盘
13:39:11	3.42	0.01	810	277020	买盘
13:39:02	3.41	--	0	173	卖盘
13:38:36	3.41	--	60	20460	卖盘
13:38:16	3.41	-0.01	3	1023	卖盘
13:37:36	3.42	--	10	3420	买盘
13:37:32	3.42	--	67	22914	买盘
13:37:21	3.42	--	4	1368	买盘
13:36:56	3.42	--	12	4104	买盘
13:36:46	3.42	--	56	19152	买盘
13:36:31	3.42	0.01	10	3420	买盘
13:36:26	3.41	-0.01	20	6820	卖盘
13:36:11	3.42	--	1	342	买盘
13:35:46	3.42	--	19	6498	买盘
13:35:26	3.42	--	15	5130	买盘
13:35:21	3.42	0.01	19	6498	买盘
13:35:16	3.41	--	190	64790	卖盘
13:34:56	3.41	--	20	6820	卖盘
13:34:41	3.41	--	0	306	卖盘
13:34:35	3.41	--	6	2046	卖盘
13:34:16	3.41	--	9	3069	卖盘
13:34:11	3.41	--	0	204	卖盘
13:33:56	3.41	-0.01	2	682	卖盘
13:33:46	3.42	--	105	35971	买盘
13:33:35	3.42	0.01	2	684	买盘
13:33:31	3.41	--	65	22165	卖盘
13:33:26	3.41	--	60	20460	卖盘
13:33:20	3.41	-0.01	50	17050	卖盘
13:33:15	3.42	--	50	17100	买盘
13:33:05	3.42	--	68	23256	买盘
13:32:56	3.42	--	28	9576	买盘
13:32:50	3.42	--	40	13680	买盘
13:32:31	3.42	--	8	2736	买盘
13:32:26	3.42	--	33	11286	买盘
13:32:15	3.42	--	5	1710	买盘
13:32:11	3.42	--	1	342	买盘
13:31:56	3.42	0.01	25	8550	买盘
13:31:50	3.41	-0.01	40	13640	卖盘
13:31:45	3.42	0.01	40	13680	买盘
13:31:35	3.41	-0.01	50	17050	卖盘
13:31:31	3.42	--	6	2052	买盘
13:31:20	3.42	0.01	59	20178	买盘
13:31:11	3.41	-0.01	15	5115	卖盘
13:31:00	3.42	--	100	34200	买盘
13:30:45	3.42	--	16	5472	买盘
13:30:35	3.42	--	5	1710	买盘
13:30:26	3.42	--	48	16416	买盘
13:30:20	3.42	0.01	25	8550	买盘
13:29:55	3.41	--	3	1350	卖盘
13:29:20	3.41	--	20	6820	卖盘
13:29:05	3.41	--	46	15774	卖盘
13:28:30	3.41	-0.01	0	245	卖盘
13:28:25	3.42	0.01	12	4104	买盘
13:28:10	3.41	--	100	34100	卖盘
13:27:50	3.41	-0.01	600	204600	卖盘
13:27:35	3.42	--	462	158004	买盘
13:27:25	3.42	0.01	12	4104	买盘
13:27:20	3.41	--	0	64	卖盘
13:27:05	3.41	--	15	5115	卖盘
13:26:55	3.41	-0.01	680	231880	卖盘
13:26:40	3.42	--	76	25992	买盘
13:26:29	3.42	--	14	4788	买盘
13:26:20	3.42	--	12	4104	买盘
13:26:09	3.42	--	6	2052	买盘
13:26:05	3.42	--	11	3762	买盘
13:25:54	3.42	--	57	19494	买盘
13:25:50	3.42	--	16	5472	买盘
13:25:44	3.42	0.01	14	4788	买盘
13:25:24	3.41	-0.01	100	34100	卖盘
13:25:20	3.42	0.01	16	5472	买盘
13:25:09	3.41	--	10	3410	卖盘
13:24:54	3.41	-0.01	9	3069	卖盘
13:24:35	3.42	--	59	20178	买盘
13:24:29	3.42	--	4	1368	买盘
13:24:19	3.42	--	90	30780	买盘
13:23:39	3.42	0.01	14	4788	买盘
13:23:24	3.41	-0.01	60	20460	卖盘
13:22:24	3.42	--	4	1368	买盘
13:22:04	3.42	--	124	42408	买盘
13:21:29	3.42	--	9	3078	买盘
13:21:04	3.42	--	15	5130	买盘
13:20:44	3.42	0.01	14	4788	买盘
13:20:38	3.41	-0.01	100	34100	卖盘
13:20:19	3.42	--	19	6498	买盘
13:20:14	3.42	0.01	41	14022	买盘
13:19:59	3.41	--	40	13640	卖盘
13:19:49	3.41	--	12	4190	卖盘
13:19:14	3.41	-0.01	17	5797	卖盘
13:18:43	3.42	0.01	54	18468	买盘
13:18:28	3.41	--	0	187	卖盘
13:18:14	3.41	--	879	299739	卖盘
13:17:58	3.41	--	0	306	卖盘
13:17:44	3.41	--	5	1705	卖盘
13:17:33	3.41	--	588	200739	卖盘
13:17:18	3.41	--	755	257765	买盘
13:17:14	3.41	0.01	150	51150	买盘
13:17:03	3.4	--	0	333	卖盘
13:16:48	3.4	-0.01	17	5780	卖盘
13:16:38	3.41	--	6	2046	买盘
13:16:33	3.41	--	197	67177	买盘
13:16:18	3.41	--	300	102300	买盘
13:16:13	3.41	--	624	212784	买盘
13:16:08	3.41	--	7	2387	买盘
13:16:03	3.41	--	354	120727	卖盘
13:15:58	3.41	-0.01	3	1023	卖盘
13:15:48	3.42	0.01	12	4432	买盘
13:15:43	3.41	--	62	21142	卖盘
13:15:33	3.41	--	300	102300	卖盘
13:15:23	3.41	--	331	112871	买盘
13:15:18	3.41	0.01	10	3410	买盘
13:15:08	3.4	-0.01	4	1360	卖盘
13:15:03	3.41	0.01	40	13640	买盘
13:14:58	3.4	-0.01	2000	680000	卖盘
13:14:53	3.41	--	4	1364	买盘
13:14:48	3.41	--	27	9207	买盘
13:14:43	3.41	--	118	40238	买盘
13:14:38	3.41	--	10	3410	买盘
13:14:28	3.41	--	101	34441	买盘
13:14:23	3.41	--	14	4774	买盘
13:14:17	3.41	--	50	17050	买盘
13:14:13	3.41	--	3	1023	买盘
13:14:08	3.41	0.01	36	12276	买盘
13:13:58	3.4	-0.01	2	680	卖盘
13:13:43	3.41	--	40	13640	买盘
13:13:38	3.41	--	5	1705	买盘
13:13:23	3.41	--	30	10230	买盘
13:13:13	3.41	--	200	68200	卖盘
13:12:53	3.41	--	110	37510	买盘
13:12:42	3.41	--	244	83204	买盘
13:12:38	3.41	-0.01	648	220968	卖盘
13:12:32	3.42	0.01	1	342	买盘
13:12:27	3.41	--	39	13299	卖盘
13:12:12	3.41	--	221	75361	买盘
13:12:02	3.41	--	200	68200	买盘
13:11:53	3.41	--	15	5115	买盘
13:11:37	3.41	-0.01	1564	533324	卖盘
13:11:08	3.42	--	1075	367650	买盘
13:10:57	3.42	--	100	34200	买盘
13:10:53	3.42	--	33	11286	买盘
13:10:42	3.42	--	13	4446	买盘
13:10:38	3.42	0.01	30	10260	买盘
13:10:27	3.41	-0.01	500	170500	卖盘
13:10:23	3.42	--	24	8208	买盘
13:09:22	3.42	--	191	65322	买盘
13:09:12	3.42	0.01	6	2052	买盘
13:09:07	3.41	-0.01	30	10230	卖盘
13:08:47	3.42	0.01	3	1026	买盘
13:08:42	3.41	-0.01	40	13640	卖盘
13:08:32	3.42	0.01	3	1026	买盘
13:08:27	3.41	--	44	15004	卖盘
13:08:17	3.41	--	250	85250	卖盘
13:07:56	3.41	--	109	37169	卖盘
13:07:52	3.41	-0.01	20	6820	卖盘
13:07:47	3.42	--	114	38988	买盘
13:07:32	3.42	0.01	12	4104	买盘
13:07:07	3.41	-0.01	10	3410	卖盘
13:06:32	3.42	--	7	2394	买盘
13:06:07	3.42	--	12	4104	买盘
13:06:02	3.42	--	61	20862	买盘
13:05:56	3.42	--	103	35226	买盘
13:05:47	3.42	--	51	17442	买盘
13:05:41	3.42	--	57	19494	买盘
13:05:36	3.42	--	68	23256	买盘
13:05:21	3.42	0.01	18	6156	买盘
13:04:47	3.41	--	20	6820	卖盘
13:04:31	3.41	-0.01	2	682	卖盘
13:03:17	3.42	0.01	10	3420	买盘
13:03:06	3.41	--	1000	341000	卖盘
13:01:46	3.41	--	20	6820	卖盘
13:01:26	3.41	-0.01	1	341	卖盘
13:01:05	3.42	--	8	2736	买盘
13:00:46	3.42	0.01	21	7182	买盘
13:00:35	3.41	-0.01	1	341	卖盘
13:00:20	3.42	0.01	41	14022	买盘
13:00:16	3.41	-0.01	119	40579	卖盘
13:00:11	3.42	--	200	68400	买盘
13:00:05	3.42	--	447	152874	买盘
13:00:01	3.42	0.01	31	10602	买盘
11:30:00	3.41	--	0	0	卖盘
11:30:00	3.41	--	0	0	卖盘
11:30:00	3.41	-0.01	5	1705	卖盘
11:29:52	3.42	--	11	3762	买盘
11:29:46	3.42	0.01	30	10260	买盘
11:29:37	3.41	-0.01	35	11935	卖盘
11:29:31	3.42	--	50	17100	买盘
11:29:07	3.42	0.01	3	1026	买盘
11:29:01	3.41	-0.01	100	34100	卖盘
11:28:52	3.42	0.01	118	40356	买盘
11:28:46	3.41	-0.01	40	13640	卖盘
11:28:42	3.42	0.01	6	2052	买盘
11:28:31	3.41	--	140	47740	卖盘
11:28:27	3.41	-0.01	39	13299	卖盘
11:28:22	3.42	0.01	41	14022	买盘
11:28:01	3.41	-0.01	5	1705	卖盘
11:27:40	3.42	--	5	1710	买盘
11:27:37	3.42	--	9	3078	买盘
11:27:31	3.42	--	8	2736	买盘
11:27:16	3.42	--	60	20520	买盘
11:27:07	3.42	--	18	6156	买盘
11:27:01	3.42	0.01	100	34200	买盘
11:26:55	3.41	-0.01	4	1364	卖盘
11:26:46	3.42	--	10	3420	买盘
11:26:37	3.42	--	80	27360	买盘
11:26:16	3.42	--	2	684	买盘
11:26:07	3.42	--	9	3078	买盘
11:25:55	3.42	0.01	475	162450	买盘
11:25:52	3.41	-0.01	140	47740	卖盘
11:25:46	3.42	--	55	18810	买盘
11:25:40	3.42	--	50	17100	买盘
11:25:36	3.42	--	23	7866	买盘
11:25:31	3.42	--	68	23256	买盘
11:25:21	3.42	--	27	9234	买盘
11:25:16	3.42	--	500	171000	买盘
11:25:06	3.42	0.01	10	3420	买盘
11:25:01	3.41	-0.01	84	28644	卖盘
11:24:51	3.42	--	39	13338	买盘
11:24:36	3.42	0.01	10	3420	买盘
11:24:31	3.41	-0.01	28	9548	卖盘
11:24:25	3.42	0.01	1	342	买盘
11:24:21	3.41	-0.01	80	27280	卖盘
11:24:06	3.42	0.01	25	8550	买盘
11:24:01	3.41	-0.01	333	113553	卖盘
11:23:51	3.42	--	4	1368	买盘
11:23:46	3.42	0.01	2	684	买盘
11:23:40	3.41	-0.01	10	3410	卖盘
11:23:36	3.42	--	219	74898	买盘
11:23:21	3.42	0.01	35	11970	买盘
11:23:16	3.41	--	20	6820	卖盘
11:23:06	3.41	--	80	27280	卖盘
11:22:55	3.41	--	200	68200	卖盘
11:22:51	3.41	-0.01	5	1705	卖盘
11:22:36	3.42	--	28	9576	买盘
11:22:06	3.42	--	10	3420	买盘
11:22:01	3.42	--	62	21204	买盘
11:21:51	3.42	0.01	10	3420	买盘
11:21:46	3.41	-0.01	300	102300	卖盘
11:21:40	3.42	--	10	3420	买盘
11:21:36	3.42	--	10	3420	买盘
11:21:10	3.42	--	10	3420	买盘
11:21:05	3.42	--	10	3420	买盘
11:20:55	3.42	--	2	684	买盘
11:20:45	3.42	0.01	7	2394	买盘
11:20:34	3.41	-0.01	20	6820	卖盘
11:20:25	3.42	--	14	4788	买盘
11:20:19	3.42	--	29	9918	买盘
11:20:04	3.42	--	10	3420	买盘
11:20:00	3.42	--	69	23598	买盘
11:19:55	3.42	--	788	269533	卖盘
11:19:49	3.42	--	220	75240	卖盘
11:19:45	3.42	--	70	23940	卖盘
11:19:40	3.42	-0.01	100	34200	卖盘
11:19:34	3.43	0.01	10	3430	买盘
11:19:25	3.42	-0.01	60	20520	卖盘
11:19:19	3.43	--	104	35672	买盘
11:19:15	3.43	0.01	18	6174	买盘
11:19:10	3.42	-0.01	1000	342000	卖盘
11:19:04	3.43	0.01	9	3087	买盘
11:19:00	3.42	-0.01	500	171000	卖盘
11:18:49	3.43	--	36	12348	买盘
11:18:45	3.43	0.01	5	1715	买盘
11:18:40	3.42	-0.01	19	6498	卖盘
11:18:34	3.43	--	40	13720	买盘
11:18:30	3.43	0.01	10	3430	买盘
11:18:15	3.42	-0.01	60	20520	卖盘
11:18:10	3.43	--	91	31213	买盘
11:18:04	3.43	--	10	3430	买盘
11:17:40	3.43	--	150	51450	买盘
11:17:34	3.43	0.01	10	3430	买盘
11:17:30	3.42	-0.01	300	102600	卖盘
11:17:25	3.43	0.01	10	3430	买盘
11:17:19	3.42	-0.01	50	17100	卖盘
11:17:10	3.43	--	59	20237	买盘
11:17:04	3.43	0.01	9	3087	买盘
11:17:00	3.42	--	230	78660	卖盘
11:16:55	3.42	-0.01	1	342	卖盘
11:16:40	3.43	--	58	19894	买盘
11:16:34	3.43	--	10	3430	买盘
11:16:30	3.43	--	9	3087	买盘
11:16:15	3.43	0.01	809	277487	买盘
11:16:10	3.42	-0.01	2117	724014	卖盘
11:16:04	3.43	0.01	10	3430	买盘
11:16:00	3.42	--	9	3078	卖盘
11:15:49	3.42	-0.01	200	68400	卖盘
11:15:45	3.43	--	14	4802	买盘
11:15:40	3.43	--	8	2744	买盘
11:15:34	3.43	--	9	3087	买盘
11:15:30	3.43	--	56	19208	买盘
11:15:19	3.43	--	16	5488	买盘
11:15:10	3.43	0.01	41	14063	买盘
11:15:04	3.42	-0.01	109	37278	卖盘
11:14:49	3.43	0.01	992	340256	买盘
11:14:43	3.42	--	30	10260	卖盘
11:14:40	3.42	-0.01	200	68400	卖盘
11:14:34	3.43	--	19	6517	买盘
11:14:28	3.43	--	13	4459	买盘
11:14:25	3.43	--	56	19208	买盘
11:14:04	3.43	--	21	7203	买盘
11:13:34	3.43	0.01	39	13377	买盘
11:13:28	3.42	--	100	34200	卖盘
11:13:24	3.42	-0.01	3	1026	卖盘
11:13:13	3.43	--	116	39788	买盘
11:13:04	3.43	0.01	166	56938	买盘
11:12:58	3.42	--	10	3420	卖盘
11:12:54	3.42	-0.01	510	174420	卖盘
11:12:49	3.43	0.01	56	19208	买盘
11:12:43	3.42	--	20	6840	卖盘
11:12:39	3.42	-0.01	371	126882	卖盘
11:12:34	3.43	0.01	10	3430	买盘
11:12:24	3.42	-0.01	111	37962	卖盘
11:12:19	3.43	--	5	1715	买盘
11:12:13	3.43	0.01	6	2058	买盘
11:12:09	3.42	-0.01	340	116280	卖盘
11:12:04	3.43	0.01	159	54537	买盘
11:11:54	3.42	-0.01	100	34200	卖盘
11:11:49	3.43	--	3	1029	买盘
11:11:39	3.43	--	16	5488	买盘
11:11:34	3.43	0.01	60	20580	买盘
11:11:13	3.42	--	200	68400	卖盘
11:11:09	3.42	-0.01	40	13680	卖盘
11:11:04	3.43	0.01	22	7546	买盘
11:10:54	3.42	--	80	27360	卖盘
11:10:43	3.42	--	50	17100	卖盘
11:10:39	3.42	-0.01	216	73872	卖盘
11:10:34	3.43	0.01	9	3087	买盘
11:10:24	3.42	-0.01	57	19494	卖盘
11:10:19	3.43	0.01	1462	501466	买盘
11:10:09	3.42	--	500	171000	卖盘
11:10:04	3.42	--	324	110808	卖盘
11:09:54	3.42	-0.01	74	25308	卖盘
11:09:49	3.43	--	15	5145	买盘
11:09:34	3.43	--	10	3430	买盘
11:09:24	3.43	0.01	31	10633	买盘
11:09:09	3.42	-0.01	50	17100	卖盘
11:09:04	3.43	--	10	3430	买盘
11:08:54	3.43	--	69	23667	买盘
11:08:43	3.43	0.01	66	22638	买盘
11:08:39	3.42	-0.01	25	8550	卖盘
11:08:34	3.43	--	9	3087	买盘
11:08:19	3.43	0.01	99	33957	买盘
11:08:07	3.42	-0.01	129	44118	卖盘
11:08:04	3.43	0.01	10	3430	买盘
11:07:52	3.42	--	15	5130	卖盘
11:07:37	3.42	-0.01	50	17100	卖盘
11:07:33	3.43	0.01	10	3430	买盘
11:07:18	3.42	-0.01	200	68400	卖盘
11:07:07	3.43	--	11	3773	买盘
11:07:03	3.43	0.01	9	3087	买盘
11:06:48	3.42	--	150	51300	卖盘
11:06:43	3.42	--	2	684	卖盘
11:06:37	3.42	-0.01	295	100890	卖盘
11:06:33	3.43	--	10	3430	买盘
11:06:03	3.43	--	76	26068	买盘
11:05:58	3.43	--	11	3773	买盘
11:05:43	3.43	--	128	43904	买盘
11:05:33	3.43	--	10	3430	买盘
11:05:18	3.43	--	43	14749	买盘
11:05:03	3.43	0.01	9	3087	买盘
11:04:48	3.42	-0.01	23	7866	卖盘
11:04:33	3.43	--	10	3430	买盘
11:04:28	3.43	0.01	1	343	买盘
11:04:22	3.42	-0.01	20	6840	卖盘
11:04:03	3.43	0.01	10	3430	买盘
11:03:58	3.42	-0.01	130	44460	卖盘
11:03:48	3.43	--	1	343	买盘
11:03:33	3.43	0.01	100	34300	买盘
11:03:13	3.42	-0.01	60	20520	卖盘
11:03:03	3.43	--	10	3430	买盘
11:02:33	3.43	--	10	3430	买盘
11:02:28	3.43	--	32	10976	买盘
11:02:13	3.43	--	6	2058	买盘
11:02:03	3.43	0.01	11	3773	买盘
11:01:58	3.42	-0.01	300	102600	卖盘
11:01:52	3.43	--	10	3430	买盘
11:01:37	3.43	0.01	9	3087	买盘
11:01:16	3.42	-0.01	1000	342000	卖盘
11:01:07	3.43	--	10	3430	买盘
11:01:01	3.43	--	12	4116	买盘
11:00:42	3.43	0.01	19	6517	买盘
11:00:37	3.42	-0.01	70	23940	卖盘
11:00:22	3.43	0.01	30	10290	买盘
11:00:07	3.42	--	175	59850	卖盘
10:59:57	3.42	-0.01	4	1368	卖盘
10:59:52	3.43	0.01	14	4802	买盘
10:59:37	3.42	--	26	8892	卖盘
10:59:16	3.42	--	2	684	卖盘
10:59:07	3.42	-0.01	13	4446	卖盘
10:58:42	3.43	--	125	42875	买盘
10:58:37	3.43	0.01	22	7546	买盘
10:58:27	3.42	-0.01	80	27360	卖盘
10:58:22	3.43	0.01	15	5145	买盘
10:58:12	3.42	-0.01	51	17442	卖盘
10:58:07	3.43	--	162	55566	买盘
10:57:52	3.43	--	20	6860	买盘
10:57:46	3.43	--	49	16807	买盘
10:57:42	3.43	--	23	7889	买盘
10:57:37	3.43	0.01	30	10290	买盘
10:57:31	3.42	-0.01	4	1368	卖盘
10:57:27	3.43	--	30	10290	买盘
10:57:22	3.43	--	12	4116	买盘
10:57:07	3.43	--	10	3430	买盘
10:56:57	3.43	0.01	13	4459	买盘
10:56:52	3.42	-0.01	6	2052	卖盘
10:56:42	3.43	--	108	37044	买盘
10:56:37	3.43	0.01	9	3087	买盘
10:56:27	3.42	--	150	51300	卖盘
10:56:22	3.42	-0.01	1	342	卖盘
10:56:12	3.43	--	27	9261	买盘
10:56:07	3.43	--	38	13034	买盘
10:55:52	3.43	--	37	12691	买盘
10:55:42	3.43	--	38	13034	买盘
10:55:37	3.43	--	45	15435	买盘
10:55:22	3.43	--	24	8232	买盘
10:55:16	3.43	--	50	17150	买盘
10:55:07	3.43	--	10	3430	买盘
10:55:01	3.43	--	107	36701	买盘
10:54:52	3.43	--	42	14406	买盘
10:54:37	3.43	--	9	3087	买盘
10:54:25	3.43	0.01	63	21609	买盘
10:54:16	3.42	-0.01	6	2052	卖盘
10:54:10	3.43	--	10	3430	买盘
10:54:06	3.43	--	10	3430	买盘
10:53:40	3.43	--	12	4116	买盘
10:53:36	3.43	0.01	172	58996	买盘
10:53:16	3.42	--	2	684	卖盘
10:53:06	3.42	--	72	24624	卖盘
10:53:01	3.42	-0.01	222	75924	卖盘
10:52:51	3.43	--	124	42532	买盘
10:52:46	3.43	0.01	85	29155	买盘
10:52:40	3.42	-0.01	22	7524	卖盘
10:52:36	3.43	0.01	10	3430	买盘
10:52:31	3.42	-0.01	21	7182	卖盘
10:52:25	3.43	0.01	12	4116	买盘
10:52:21	3.42	-0.01	40	13680	卖盘
10:52:16	3.43	--	164	56252	买盘
10:52:06	3.43	0.01	24	8537	买盘
10:52:01	3.42	--	4	1368	买盘
10:51:55	3.42	--	40	13680	买盘
10:51:51	3.42	--	14	4788	买盘
10:51:46	3.42	--	95	32490	买盘
10:51:40	3.42	--	2	684	买盘
10:51:36	3.42	--	15	5130	买盘
10:51:31	3.42	--	6	2052	买盘
10:51:25	3.42	--	3	1026	买盘
10:51:21	3.42	--	16	5472	买盘
10:51:16	3.42	--	60	20557	卖盘
10:51:06	3.42	-0.01	30	10260	卖盘
10:50:55	3.43	0.01	203	69629	买盘
10:50:46	3.42	--	234	80028	卖盘
10:50:40	3.42	-0.01	300	102600	卖盘
10:50:36	3.43	0.01	124	42532	买盘
10:50:31	3.42	--	100	34200	卖盘
10:50:21	3.42	--	175	59850	卖盘
10:50:16	3.42	--	20	6840	卖盘
10:50:10	3.42	-0.01	20	6840	卖盘
10:50:06	3.43	--	125	42875	买盘
10:49:55	3.43	0.01	12	4116	买盘
10:49:46	3.42	-0.01	159	54378	卖盘
10:49:36	3.43	0.01	9	3087	买盘
10:49:25	3.42	-0.01	100	34200	卖盘
10:49:06	3.43	0.01	10	3430	买盘
10:48:51	3.42	-0.01	231	79323	卖盘
10:48:40	3.43	--	109	37387	买盘
10:48:36	3.43	0.01	10	3430	买盘
10:48:31	3.42	-0.01	10	3744	卖盘
10:48:04	3.43	--	9	3087	买盘
10:47:49	3.43	0.01	55	18865	买盘
10:47:40	3.42	-0.01	7	2394	卖盘
10:47:34	3.43	--	10	3430	买盘
10:47:30	3.43	--	12	4116	买盘
10:47:15	3.43	0.01	6	2058	买盘
10:47:10	3.42	-0.01	30	10260	卖盘
10:47:04	3.43	0.01	30	10290	买盘
10:47:00	3.42	-0.01	1	342	卖盘
10:46:55	3.43	--	6	2058	买盘
10:46:45	3.43	--	67	22981	买盘
10:46:40	3.43	--	28	9604	买盘
10:46:34	3.43	--	35	12005	买盘
10:46:30	3.43	0.01	7	2401	买盘
10:46:25	3.42	-0.01	320	109440	卖盘
10:46:15	3.43	0.01	12	4116	买盘
10:46:04	3.42	--	134	45828	卖盘
10:45:55	3.42	-0.01	24	8208	卖盘
10:45:45	3.43	0.01	5	1715	买盘
10:45:40	3.42	-0.01	38	12996	卖盘
10:45:34	3.43	0.01	10	3430	买盘
10:45:30	3.42	-0.01	33	11286	卖盘
10:45:19	3.43	--	2023	693889	买盘
10:45:04	3.43	--	10	3430	买盘
10:45:00	3.43	--	12	4116	买盘
10:44:49	3.43	0.01	11	3773	买盘
10:44:40	3.42	-0.01	200	68400	卖盘
10:44:34	3.43	--	58	19894	买盘
10:44:15	3.43	--	1	343	买盘
10:44:04	3.43	0.01	10	3430	买盘
10:44:00	3.42	-0.01	100	34200	卖盘
10:43:49	3.43	--	87	29841	买盘
10:43:34	3.43	0.01	10	3430	买盘
10:43:10	3.42	-0.01	810	277020	卖盘
10:43:04	3.43	0.01	10	3430	买盘
10:42:45	3.42	-0.01	53	18126	卖盘
10:42:40	3.43	--	28	9604	买盘
10:42:34	3.43	--	9	3087	买盘
10:42:10	3.43	--	1	343	买盘
10:42:04	3.43	0.01	10	3430	买盘
10:41:58	3.42	-0.01	302	103284	卖盘
10:41:34	3.43	0.01	10	3430	买盘
10:41:24	3.42	-0.01	10	3420	卖盘
10:41:19	3.43	--	33	11319	买盘
10:41:10	3.43	0.01	17	5831	买盘
10:41:04	3.42	-0.01	75	25650	卖盘
10:40:49	3.43	--	55	18865	买盘
10:40:43	3.43	--	25	8575	买盘
10:40:34	3.43	0.01	10	3430	买盘
10:40:24	3.42	-0.01	70	23940	卖盘
10:40:19	3.43	0.01	13	4459	买盘
10:40:09	3.42	-0.01	5	1710	卖盘
10:40:04	3.43	--	22	7546	买盘
10:39:58	3.43	0.01	2	686	买盘
10:39:43	3.42	-0.01	3	1026	卖盘
10:39:34	3.43	0.01	10	3430	买盘
10:39:19	3.42	--	100	34200	卖盘
10:39:13	3.42	-0.01	300	102600	卖盘
10:39:04	3.43	--	9	3087	买盘
10:38:49	3.43	--	13	4459	买盘
10:38:34	3.43	0.01	2019	692517	买盘
10:38:13	3.42	--	7	2394	卖盘
10:38:09	3.42	--	61	20862	卖盘
10:38:04	3.42	--	40	13680	卖盘
10:37:54	3.42	--	36	12312	卖盘
10:37:39	3.42	-0.01	100	34200	卖盘
10:37:34	3.43	0.01	2021	693203	买盘
10:37:24	3.42	-0.01	200	68400	卖盘
10:37:19	3.43	--	6	2058	买盘
10:37:04	3.43	0.01	10	3430	买盘
10:36:58	3.42	-0.01	10	3420	卖盘
10:36:34	3.43	--	87	29841	买盘
10:36:19	3.43	0.01	53	18179	买盘
10:36:09	3.42	-0.01	2	684	卖盘
10:36:04	3.43	0.01	9	3087	买盘
10:35:54	3.42	-0.01	1	342	卖盘
10:35:43	3.43	--	34	11662	买盘
10:35:34	3.43	0.01	10	3430	买盘
10:35:22	3.42	-0.01	130	44460	卖盘
10:35:19	3.43	--	70	24010	买盘
10:35:07	3.43	--	12	4116	买盘
10:35:04	3.43	--	10	3430	买盘
10:34:52	3.43	--	20	6860	买盘
10:34:37	3.43	--	20	6860	买盘
10:34:33	3.43	--	10	3430	买盘
10:34:28	3.43	--	27	9261	买盘
10:34:03	3.43	--	9	3087	买盘
10:33:52	3.43	--	12	4116	买盘
10:33:33	3.43	--	10	3430	买盘
10:33:18	3.43	--	40	13720	买盘
10:33:13	3.43	--	100	34300	买盘
10:33:07	3.43	--	32	10976	买盘
10:33:03	3.43	--	154	52822	买盘
10:32:58	3.43	--	49	16807	买盘
10:32:52	3.43	--	57	19551	买盘
10:32:37	3.43	--	12	4116	买盘
10:32:33	3.43	--	9	3087	买盘
10:32:28	3.43	--	49	16807	买盘
10:32:13	3.43	--	207	71001	买盘
10:32:03	3.43	--	10	3430	买盘
10:31:58	3.43	--	46	15778	买盘
10:31:48	3.43	--	48	16464	买盘
10:31:37	3.43	--	200	68600	买盘
10:31:33	3.43	--	217	74431	买盘
10:31:22	3.43	--	12	4116	买盘
10:31:18	3.43	--	20	6860	买盘
10:31:07	3.43	--	5	1715	买盘
10:31:03	3.43	--	15	5145	买盘
10:30:58	3.43	--	58	19894	买盘
10:30:43	3.43	--	60	20580	买盘
10:30:37	3.43	--	4	1372	买盘
10:30:33	3.43	--	9	3087	买盘
10:30:22	3.43	--	56	19208	买盘
10:30:18	3.43	--	24	8232	买盘
10:30:13	3.43	--	56	19208	买盘
10:30:07	3.43	--	92	31556	买盘
10:30:03	3.43	--	80	27440	买盘
10:29:58	3.43	--	44	15092	买盘
10:29:43	3.43	--	59	20237	买盘
10:29:33	3.43	0.01	10	3430	买盘
10:29:28	3.42	--	26	8892	卖盘
10:29:18	3.42	-0.01	233	79686	卖盘
10:29:07	3.43	0.01	13	4459	买盘
10:29:01	3.42	-0.01	1	342	卖盘
10:28:58	3.43	--	71	24353	买盘
10:28:37	3.43	--	10	3430	买盘
10:28:31	3.43	--	45	15435	买盘
10:28:22	3.43	--	43	14749	买盘
10:28:07	3.43	--	10	3430	买盘
10:27:57	3.43	--	45	15435	买盘
10:27:52	3.43	--	10	3430	买盘
10:27:46	3.43	--	12	4116	买盘
10:27:42	3.43	--	61	20923	买盘
10:27:37	3.43	--	10	3430	买盘
10:27:22	3.43	--	43	14749	买盘
10:27:07	3.43	0.01	118	40474	买盘
10:26:52	3.42	--	9	3078	卖盘
10:26:46	3.42	--	254	86868	卖盘
10:26:42	3.42	-0.01	64	21888	卖盘
10:26:37	3.43	--	10	3430	买盘
10:26:31	3.43	--	7	2401	买盘
10:26:27	3.43	0.01	74	25382	买盘
10:26:22	3.42	-0.01	50	17100	卖盘
10:26:07	3.43	--	20	6860	买盘
10:25:57	3.43	--	1071	367353	买盘
10:25:52	3.43	--	7	2401	买盘
10:25:42	3.43	--	76	26068	买盘
10:25:37	3.43	--	39	13377	买盘
10:25:27	3.43	--	2	686	买盘
10:25:22	3.43	--	30	10290	买盘
10:25:12	3.43	--	512	175616	买盘
10:25:07	3.43	0.01	60	20580	买盘
10:24:57	3.42	-0.01	6	2052	卖盘
10:24:37	3.43	--	110	37730	买盘
10:24:31	3.43	--	57	19551	买盘
10:24:27	3.43	--	13	4459	买盘
10:24:12	3.43	--	300	102900	买盘
10:24:07	3.43	0.01	92	31556	买盘
10:23:52	3.42	-0.01	3	1026	卖盘
10:23:42	3.43	0.01	10	3430	买盘
10:23:37	3.42	-0.01	29	9918	卖盘
10:23:27	3.43	--	2	686	买盘
10:23:12	3.43	--	5	1715	买盘
10:23:06	3.43	--	10	3430	买盘
10:22:57	3.43	--	34	11662	买盘
10:22:52	3.43	--	1	343	买盘
10:22:46	3.43	--	1488	510384	买盘
10:22:37	3.43	--	87	29841	买盘
10:22:22	3.43	--	103	35329	买盘
10:22:06	3.43	--	9	3087	买盘
10:21:55	3.43	0.01	10	3430	买盘
10:21:51	3.42	--	1	342	卖盘
10:21:46	3.42	-0.01	2	684	卖盘
10:21:36	3.43	--	10	3430	买盘
10:21:31	3.43	--	24	8232	买盘
10:21:21	3.43	0.01	12	4116	买盘
10:21:10	3.42	-0.01	149	50958	卖盘
10:21:06	3.43	0.01	35	12005	买盘
10:21:01	3.42	--	0	3	卖盘
10:20:51	3.42	-0.01	80	27360	卖盘
10:20:46	3.43	--	6	2058	买盘
10:20:36	3.43	0.01	20	6860	买盘
10:20:25	3.42	-0.01	22	7524	卖盘
10:20:21	3.43	0.01	435	149205	买盘
10:20:06	3.42	--	13	4446	卖盘
10:20:01	3.42	--	15	5130	卖盘
10:19:46	3.42	-0.01	5	1710	卖盘
10:19:40	3.43	--	20	6860	买盘
10:19:36	3.43	0.01	10	3430	买盘
10:19:16	3.42	-0.01	134	45828	卖盘
10:19:06	3.43	--	10	3430	买盘
10:19:01	3.43	--	93	31899	买盘
10:18:55	3.43	--	36	12348	买盘
10:18:40	3.43	--	2	686	买盘
10:18:36	3.43	0.01	9	3087	买盘
10:18:31	3.42	-0.01	20	6840	卖盘
10:18:25	3.43	0.01	45	15435	买盘
10:18:21	3.42	-0.01	5	1710	卖盘
10:18:16	3.43	--	1	343	买盘
10:18:06	3.43	--	51	17493	买盘
10:17:46	3.43	--	32	10976	买盘
10:17:36	3.43	0.01	10	3430	买盘
10:17:31	3.42	--	9	3078	卖盘
10:17:21	3.42	-0.01	60	20520	卖盘
10:17:06	3.43	0.01	9	3087	买盘
10:16:51	3.42	-0.01	20	6840	卖盘
10:16:36	3.43	--	22	7546	买盘
10:16:31	3.43	--	58	19894	买盘
10:16:10	3.43	--	22	7546	买盘
10:16:05	3.43	0.01	10	3430	买盘
10:16:01	3.42	-0.01	243	83106	卖盘
10:15:55	3.43	--	2	686	买盘
10:15:45	3.43	0.01	28	9604	买盘
10:15:40	3.42	-0.01	1	342	卖盘
10:15:34	3.43	0.01	10	3430	买盘
10:15:25	3.42	-0.01	14	4788	卖盘
10:15:19	3.43	0.01	20	6860	买盘
10:15:15	3.42	-0.01	10	3420	卖盘
10:15:04	3.43	--	9	3087	买盘
10:14:49	3.43	0.01	11	3773	买盘
10:14:45	3.42	-0.01	5	1710	卖盘
10:14:34	3.43	--	10	3430	买盘
10:14:04	3.43	0.01	222	76146	买盘
10:13:49	3.42	-0.01	17	5814	卖盘
10:13:34	3.43	--	9	3087	买盘
10:13:25	3.43	0.01	43	14749	买盘
10:13:19	3.42	-0.01	244	83448	卖盘
10:13:15	3.43	--	75	25725	买盘
10:13:10	3.43	--	6	2058	买盘
10:13:04	3.43	--	20	6860	买盘
10:12:55	3.43	0.01	12	4116	买盘
10:12:45	3.42	-0.01	30	10260	卖盘
10:12:40	3.43	--	57	19551	买盘
10:12:34	3.43	0.01	10	3430	买盘
10:12:30	3.42	-0.01	33	11286	卖盘
10:12:04	3.43	0.01	10	3430	买盘
10:11:55	3.42	--	25	8550	卖盘
10:11:49	3.42	-0.01	500	171000	卖盘
10:11:40	3.43	0.01	42	14406	买盘
10:11:34	3.42	-0.01	19	6498	卖盘
10:11:10	3.43	--	11	3773	买盘
10:11:04	3.43	--	10	3430	买盘
10:10:45	3.43	--	21	7203	买盘
10:10:40	3.43	--	4	1372	买盘
10:10:34	3.43	--	10	3430	买盘
10:10:30	3.43	--	118	40474	买盘
10:10:24	3.43	--	32	10976	买盘
10:10:10	3.43	--	21	7203	买盘
10:10:04	3.43	0.01	67	22981	买盘
10:09:49	3.42	-0.01	126	43092	卖盘
10:09:45	3.43	0.01	6	2058	买盘
10:09:34	3.42	--	27	9234	卖盘
10:09:25	3.42	--	5	1710	卖盘
10:09:19	3.42	--	5	1710	卖盘
10:09:13	3.42	-0.01	14	4788	卖盘
10:09:09	3.43	--	138	47334	买盘
10:09:04	3.43	0.01	60	20580	买盘
10:08:54	3.42	--	33	11286	卖盘
10:08:49	3.42	-0.01	10	3420	卖盘
10:08:39	3.43	--	52	17836	买盘
10:08:34	3.43	0.01	10	3430	买盘
10:08:24	3.42	--	12	4104	卖盘
10:08:19	3.42	--	90	30780	卖盘
10:08:13	3.42	-0.01	143	48906	卖盘
10:08:09	3.43	--	16	5488	买盘
10:08:04	3.43	--	139	47677	买盘
10:07:54	3.43	--	226	77518	买盘
10:07:49	3.43	0.01	16	5488	买盘
10:07:43	3.42	--	5	1710	卖盘
10:07:39	3.42	--	8	2736	卖盘
10:07:34	3.42	--	20	6840	卖盘
10:07:24	3.42	--	35	11970	卖盘
10:07:19	3.42	-0.01	3000	1026000	卖盘
10:07:04	3.43	0.01	197	67571	买盘
10:06:58	3.42	--	30	10260	卖盘
10:06:54	3.42	-0.01	101	34542	卖盘
10:06:49	3.43	--	34	11662	买盘
10:06:43	3.43	--	12	4116	买盘
10:06:39	3.43	--	10	3430	买盘
10:06:34	3.43	0.01	209	71687	买盘
10:06:28	3.42	-0.01	1000	342000	卖盘
10:06:13	3.43	--	39	13377	买盘
10:06:09	3.43	--	73	25039	买盘
10:06:04	3.43	--	26	8918	买盘
10:05:43	3.43	0.01	22	7546	买盘
10:05:39	3.42	-0.01	38	12996	卖盘
10:05:34	3.43	--	22	7546	买盘
10:05:24	3.43	--	12	4116	买盘
10:05:19	3.43	0.01	707	242501	买盘
10:05:09	3.42	--	93	31806	卖盘
10:05:04	3.42	--	83	28724	卖盘
10:04:58	3.42	--	26	8892	卖盘
10:04:54	3.42	--	574	196308	卖盘
10:04:49	3.42	--	12	4104	卖盘
10:04:43	3.42	-0.01	2	684	卖盘
10:04:39	3.43	--	25	8575	买盘
10:04:34	3.43	0.01	39	13377	买盘
10:04:28	3.42	-0.01	20	6993	卖盘
10:04:24	3.43	--	126	43218	买盘
10:04:19	3.43	0.01	86	29501	买盘
10:04:09	3.42	-0.01	45	15547	卖盘
10:04:04	3.43	--	13	4459	买盘
10:03:58	3.43	0.01	77	26411	买盘
10:03:53	3.42	--	20	6993	卖盘
10:03:49	3.42	-0.01	6	2052	卖盘
10:03:43	3.43	0.01	5	1715	买盘
10:03:33	3.42	-0.01	229	78318	卖盘
10:03:23	3.43	--	99	33957	买盘
10:03:18	3.43	0.01	80	27440	买盘
10:03:13	3.42	--	1	342	卖盘
10:03:07	3.42	-0.01	4	1368	卖盘
10:03:03	3.43	--	69	23667	买盘
10:02:58	3.43	--	12	4116	买盘
10:02:48	3.43	0.01	5	1715	买盘
10:02:43	3.42	-0.01	500	171000	卖盘
10:02:33	3.43	--	10	3430	买盘
10:02:18	3.43	--	70	24010	买盘
10:02:03	3.43	--	10	3430	买盘
10:01:48	3.43	--	115	39445	买盘
10:01:33	3.43	--	9	3087	买盘
10:01:07	3.43	--	16	5488	买盘
10:01:03	3.43	0.01	16	5488	买盘
10:00:52	3.42	--	53	18126	卖盘
10:00:48	3.42	--	74	25308	卖盘
10:00:43	3.42	-0.01	63	21546	卖盘
10:00:33	3.43	0.01	24	8232	买盘
10:00:28	3.42	-0.01	10	3420	卖盘
10:00:22	3.43	0.01	29	9947	买盘
10:00:18	3.42	-0.01	22	7524	卖盘
10:00:13	3.43	--	76	26068	买盘
10:00:03	3.43	--	10	3430	买盘
09:59:33	3.43	--	12	4116	买盘
09:59:22	3.43	--	512	175616	买盘
09:59:03	3.43	--	10	3430	买盘
09:58:57	3.43	--	2	686	买盘
09:58:52	3.43	--	27	9261	买盘
09:58:48	3.43	-0.01	621	213273	卖盘
09:58:33	3.44	0.01	17	6109	买盘
09:58:28	3.43	--	201	68943	卖盘
09:58:18	3.43	--	45	15630	卖盘
09:58:13	3.43	-0.01	27	9261	卖盘
09:58:02	3.44	0.01	26	9257	买盘
09:57:58	3.43	--	71	24353	卖盘
09:57:42	3.43	--	25	8578	卖盘
09:57:37	3.43	--	45	15435	卖盘
09:57:28	3.43	--	36	12348	卖盘
09:57:22	3.43	--	14	5127	卖盘
09:57:18	3.43	-0.01	10	3430	卖盘
09:57:12	3.44	0.01	45	15480	买盘
09:57:07	3.43	--	68	23327	买盘
09:57:03	3.43	--	50	17150	买盘
09:56:57	3.43	-0.01	282	96726	卖盘
09:56:52	3.44	--	12	4128	买盘
09:56:46	3.44	--	71	24424	买盘
09:56:42	3.44	--	21	7224	买盘
09:56:37	3.44	0.02	13	4472	买盘
09:56:31	3.42	--	0	0	卖盘
09:56:27	3.42	-0.02	466	159372	卖盘
09:56:22	3.44	0.01	22	7568	买盘
09:56:07	3.43	--	32	10976	买盘
09:56:01	3.43	--	2	686	买盘
09:55:57	3.43	--	6	2058	买盘
09:55:52	3.43	-0.01	22	7546	卖盘
09:55:46	3.44	0.01	16	5504	买盘
09:55:42	3.43	--	27	9261	买盘
09:55:37	3.43	--	336	115248	买盘
09:55:31	3.43	--	1	343	买盘
09:55:22	3.43	--	15	5145	买盘
09:55:16	3.43	--	10	3430	买盘
09:55:07	3.43	--	10	3430	买盘
09:54:52	3.43	--	3	1029	买盘
09:54:37	3.43	--	13	4459	买盘
09:54:27	3.43	--	16	5488	买盘
09:54:22	3.43	--	32	10976	买盘
09:54:12	3.43	--	2	686	买盘
09:54:07	3.43	--	19	6517	买盘
09:53:57	3.43	--	13	4459	买盘
09:53:52	3.43	--	9	3087	买盘
09:53:46	3.43	--	7	2401	买盘
09:53:42	3.43	0.01	606	207858	买盘
09:53:37	3.42	-0.01	22	7524	卖盘
09:53:27	3.43	0.01	11	3773	买盘
09:53:22	3.42	--	12	4104	卖盘
09:53:16	3.42	-0.01	68	23256	卖盘
09:53:12	3.43	--	25	8575	买盘
09:53:07	3.43	--	25	8575	买盘
09:52:57	3.43	--	201	68943	卖盘
09:52:52	3.43	--	70	24010	卖盘
09:52:42	3.43	-0.01	221	75803	卖盘
09:52:37	3.44	--	270	92880	买盘
09:52:27	3.44	0.01	57	19608	买盘
09:52:22	3.43	--	23	7889	卖盘
09:52:16	3.43	--	136	46648	卖盘
09:52:12	3.43	--	10	3430	卖盘
09:52:07	3.43	--	121	41503	卖盘
09:51:57	3.43	-0.01	30	10290	卖盘
09:51:52	3.44	0.01	15	5160	买盘
09:51:42	3.43	-0.01	102	34986	卖盘
09:51:37	3.44	0.01	10	3440	买盘
09:51:31	3.43	--	50	17150	卖盘
09:51:26	3.43	-0.01	453	155379	卖盘
09:51:22	3.44	0.01	19	6536	买盘
09:51:07	3.43	--	356	122108	卖盘
09:51:01	3.43	-0.01	26	8918	卖盘
09:50:56	3.44	0.01	12	4128	买盘
09:50:51	3.43	-0.01	54	18522	卖盘
09:50:46	3.44	--	18	6192	买盘
09:50:36	3.44	--	22	7568	买盘
09:50:31	3.44	0.01	15	5160	买盘
09:50:25	3.43	-0.01	60	20580	卖盘
09:50:21	3.44	0.01	60	20640	买盘
09:50:06	3.43	-0.01	29	9947	卖盘
09:49:36	3.44	--	13	4472	买盘
09:49:31	3.44	--	12	4128	买盘
09:49:25	3.44	--	1	344	买盘
09:49:06	3.44	--	9	3096	买盘
09:48:36	3.44	0.01	60	20640	买盘
09:48:31	3.43	-0.01	3	1029	卖盘
09:48:21	3.44	--	12	4128	买盘
09:48:06	3.44	--	10	3440	买盘
09:48:01	3.44	0.01	7	2408	买盘
09:47:46	3.43	-0.01	7	2401	卖盘
09:47:36	3.44	0.01	9	3096	买盘
09:47:21	3.43	-0.01	70	24010	卖盘
09:47:16	3.44	--	11	3784	买盘
09:47:06	3.44	--	22	7568	买盘
09:47:00	3.44	--	1	344	买盘
09:46:40	3.44	--	3	1032	买盘
09:46:36	3.44	--	13	4472	买盘
09:46:30	3.44	--	4	1376	买盘
09:46:16	3.44	--	422	145168	买盘
09:46:10	3.44	--	13	4472	买盘
09:46:06	3.44	--	9	3096	买盘
09:46:01	3.44	--	3	1032	买盘
09:45:46	3.44	--	34	11696	买盘
09:45:40	3.44	--	55	18920	买盘
09:45:36	3.44	--	24	8256	买盘
09:45:30	3.44	0.01	4	1376	买盘
09:45:25	3.43	-0.01	29	9947	卖盘
09:45:21	3.44	0.01	13	4472	买盘
09:45:16	3.43	-0.01	30	10290	卖盘
09:45:10	3.44	0.01	19	6536	买盘
09:45:06	3.43	--	11	3773	卖盘
09:45:00	3.43	--	14	4802	卖盘
09:44:55	3.43	--	162	55566	卖盘
09:44:40	3.43	-0.01	9	3087	卖盘
09:44:35	3.44	--	10	3440	买盘
09:44:30	3.44	0.01	95	32680	买盘
09:44:25	3.43	--	3	1029	卖盘
09:44:19	3.43	-0.01	1	343	卖盘
09:44:15	3.44	--	18	6192	买盘
09:44:04	3.44	--	9	3096	买盘
09:44:00	3.44	--	3	1032	买盘
09:43:40	3.44	0.01	16	5504	买盘
09:43:34	3.43	-0.01	110	37730	卖盘
09:43:30	3.44	0.01	19	6536	买盘
09:43:15	3.43	--	52	17836	卖盘
09:43:10	3.43	-0.01	3	1029	卖盘
09:43:04	3.44	--	10	3440	买盘
09:43:00	3.44	0.01	4	1376	买盘
09:42:49	3.43	-0.01	124	42532	卖盘
09:42:34	3.44	--	9	3096	买盘
09:42:30	3.44	--	3	1032	买盘
09:42:04	3.44	--	20	6880	买盘
09:42:00	3.44	0.01	15	5160	买盘
09:41:49	3.43	--	10	3430	卖盘
09:41:45	3.43	-0.01	57	19551	卖盘
09:41:40	3.44	0.01	2	688	买盘
09:41:34	3.43	-0.01	28	9604	卖盘
09:41:25	3.44	0.01	17	5848	买盘
09:41:19	3.43	-0.01	1600	548800	卖盘
09:41:04	3.44	--	10	3440	买盘
09:40:45	3.44	--	12	4128	买盘
09:40:34	3.44	--	9	3096	买盘
09:40:09	3.44	--	15	5160	买盘
09:40:04	3.44	0.01	30	10320	买盘
09:40:00	3.43	--	5	1715	卖盘
09:39:54	3.43	--	25	8911	卖盘
09:39:49	3.43	--	14	4802	卖盘
09:39:45	3.43	--	520	178360	卖盘
09:39:34	3.43	--	10	3433	卖盘
09:39:29	3.43	--	15	5145	卖盘
09:39:15	3.43	--	484	166186	卖盘
09:39:10	3.43	-0.01	5	1715	卖盘
09:39:04	3.44	--	9	3096	买盘
09:38:59	3.44	0.01	65	22363	买盘
09:38:54	3.43	--	4	1372	卖盘
09:38:44	3.43	-0.01	78	26757	卖盘
09:38:39	3.44	--	75	25800	买盘
09:38:34	3.44	--	15	5160	买盘
09:38:24	3.44	0.01	100	34400	买盘
09:38:19	3.43	-0.01	12	4119	卖盘
09:38:04	3.44	0.01	10	3440	买盘
09:37:39	3.43	-0.01	3	1029	卖盘
09:37:34	3.44	0.01	10	3440	买盘
09:37:24	3.43	-0.01	4	1372	卖盘
09:37:04	3.44	--	21	7224	买盘
09:36:54	3.44	0.01	31	10664	买盘
09:36:39	3.43	-0.01	20	6860	卖盘
09:36:34	3.44	0.01	10	3440	买盘
09:36:24	3.43	-0.01	10	3430	卖盘
09:36:19	3.44	--	850	292400	买盘
09:36:13	3.44	--	3	1032	买盘
09:36:04	3.44	--	11	3784	买盘
09:35:49	3.44	--	12	4128	买盘
09:35:34	3.44	--	9	3096	买盘
09:35:24	3.44	--	2	688	买盘
09:35:09	3.44	--	40	13760	买盘
09:35:04	3.44	0.01	10	3440	买盘
09:34:54	3.43	--	34	11662	卖盘
09:34:39	3.43	-0.01	30	10290	卖盘
09:34:34	3.44	0.01	22	7568	买盘
09:34:28	3.43	-0.01	340	116620	卖盘
09:34:19	3.44	--	11	3784	买盘
09:34:13	3.44	0.01	28	9632	买盘
09:34:09	3.43	-0.01	8	2744	卖盘
09:34:03	3.44	--	10	3440	买盘
09:33:39	3.44	--	3	1032	买盘
09:33:33	3.44	--	9	3096	买盘
09:33:23	3.44	0.01	72	24768	买盘
09:33:13	3.43	-0.01	3	1029	卖盘
09:33:09	3.44	--	0	0	买盘
09:33:03	3.44	--	10	3440	买盘
09:32:33	3.44	0.02	10	3440	买盘
09:32:28	3.42	-0.01	55	18810	卖盘
09:32:18	3.43	--	52	17836	买盘
09:32:03	3.43	--	39	13377	买盘
09:31:58	3.43	--	123	42189	买盘
09:31:37	3.43	--	48	16464	买盘
09:31:33	3.43	--	10	3430	买盘
09:31:22	3.43	--	85	29155	买盘
09:31:13	3.43	-0.01	21	7203	卖盘
09:31:03	3.44	0.01	45	15480	买盘
09:30:43	3.43	--	565	193795	买盘
09:30:33	3.43	0.01	9	3087	买盘
09:30:07	3.42	--	1	342	卖盘
09:30:03	3.42	--	464	158688	卖盘
09:28:47	3.42	--	0	0	卖盘
09:25:06	3.42	3.42	175	59850	买盘
