成交时间	成交价	价格变动	成交量(手)	成交额(元)	性质
15:00:00	13.7	--	0	0	买盘
15:00:00	13.7	0.01	0	0	买盘
14:59:59	13.69	--	4	5476	买盘
14:59:44	13.69	-0.02	25	34225	中性盘
14:59:38	13.71	0.05	397	544287	买盘
14:59:34	13.66	-0.05	30	40980	卖盘
14:59:29	13.71	--	56	76776	卖盘
14:59:23	13.71	0.01	983	1347693	买盘
14:59:19	13.7	--	414	567180	买盘
14:59:08	13.7	0.04	10	13700	买盘
14:59:04	13.66	-0.04	7	9562	卖盘
14:58:59	13.7	0.04	78	106860	买盘
14:58:53	13.66	--	7	9562	卖盘
14:58:44	13.66	--	8	10928	卖盘
14:58:38	13.66	0.01	30	40980	中性盘
14:58:23	13.65	-0.05	31	42315	卖盘
14:58:19	13.7	--	97	132890	卖盘
14:58:14	13.7	--	38	52060	卖盘
14:58:08	13.7	--	50	68500	卖盘
14:58:04	13.7	0.05	124	169880	买盘
14:57:59	13.65	--	0	0	买盘
14:57:44	13.65	-0.04	877	1197105	卖盘
14:57:38	13.69	-0.01	406	555814	卖盘
14:57:34	13.7	0.01	10	13700	买盘
14:57:29	13.69	--	11	15059	卖盘
14:57:23	13.69	-0.01	10	13690	卖盘
14:57:19	13.7	0.01	43	58910	买盘
14:57:08	13.69	-0.01	4	5476	卖盘
14:57:04	13.7	0.04	130	178100	买盘
14:56:59	13.66	--	0	0	卖盘
14:56:53	13.66	-0.01	128	174848	卖盘
14:56:49	13.67	--	38	51946	卖盘
14:56:44	13.67	--	10	13670	卖盘
14:56:34	13.67	--	0	0	卖盘
14:56:23	13.67	-0.01	15	20505	卖盘
14:56:19	13.68	--	48	65664	买盘
14:56:14	13.68	--	15	20520	买盘
14:56:08	13.68	--	471	644328	卖盘
14:56:04	13.68	--	89	121752	卖盘
14:55:59	13.68	--	10	13680	卖盘
14:55:53	13.68	--	34	46512	卖盘
14:55:49	13.68	0.01	3	4104	卖盘
14:55:44	13.67	--	0	0	卖盘
14:55:38	13.67	--	115	157205	卖盘
14:55:34	13.67	-0.03	12	16404	卖盘
14:55:29	13.7	0.02	170	232900	买盘
14:55:23	13.68	--	2	2736	卖盘
14:55:19	13.68	--	18	24624	买盘
14:55:04	13.68	-0.01	142	194256	卖盘
14:54:59	13.69	--	17	23273	买盘
14:54:53	13.69	-0.01	9	12321	中性盘
14:54:49	13.7	0.01	107	146590	买盘
14:54:38	13.69	--	4	5476	卖盘
14:54:32	13.69	-0.02	24	32856	卖盘
14:54:28	13.71	0.02	21	28791	买盘
14:54:23	13.69	--	5	6845	卖盘
14:54:13	13.69	--	98	134162	卖盘
14:54:08	13.69	--	20	27380	卖盘
14:54:02	13.69	--	73	99937	卖盘
14:53:58	13.69	--	7	9583	卖盘
14:53:53	13.69	--	20	27380	卖盘
14:53:47	13.69	--	7	9583	卖盘
14:53:43	13.69	-0.02	10	13690	卖盘
14:53:38	13.71	0.02	289	396219	买盘
14:53:32	13.69	--	176	240944	卖盘
14:53:23	13.69	--	5	6845	卖盘
14:53:17	13.69	0.01	82	112258	买盘
14:53:13	13.68	-0.01	1	1368	卖盘
14:52:53	13.69	--	10	13690	买盘
14:52:47	13.69	-0.03	5	6845	卖盘
14:52:28	13.72	0.04	11	15092	买盘
14:52:17	13.68	--	112	153216	买盘
14:52:13	13.68	--	33	45144	买盘
14:52:08	13.68	-0.04	1367	1870056	卖盘
14:51:58	13.72	0.01	210	288120	买盘
14:51:47	13.71	0.01	1	1371	中性盘
14:51:38	13.7	-0.02	71	97270	卖盘
14:51:32	13.72	0.02	97	133084	买盘
14:51:23	13.7	--	80	109600	卖盘
14:51:17	13.7	--	73	100010	卖盘
14:51:08	13.7	--	86	117820	卖盘
14:51:02	13.7	--	10	13700	卖盘
14:50:58	13.7	--	5	6850	卖盘
14:50:53	13.7	--	20	27400	卖盘
14:50:47	13.7	--	12	16440	卖盘
14:50:38	13.7	--	9	12330	卖盘
14:50:32	13.7	--	68	93160	卖盘
14:50:28	13.7	--	125	171250	买盘
14:50:23	13.7	--	62	84940	买盘
14:50:13	13.7	--	26	35620	买盘
14:50:08	13.7	--	109	149330	买盘
14:50:02	13.7	--	200	274000	买盘
14:49:58	13.7	--	10	13700	买盘
14:49:53	13.7	--	2	2740	买盘
14:49:43	13.7	0.01	56	76720	买盘
14:49:38	13.69	-0.01	90	123210	卖盘
14:49:32	13.7	0.01	60	82200	买盘
14:49:28	13.69	--	18	24642	卖盘
14:49:17	13.69	0.01	105	143745	买盘
14:49:13	13.68	--	100	136800	卖盘
14:48:58	13.68	--	1	1368	卖盘
14:48:53	13.68	--	10	13680	卖盘
14:48:43	13.68	--	20	27360	卖盘
14:48:37	13.68	--	23	31464	卖盘
14:48:32	13.68	--	13	17784	卖盘
14:48:17	13.68	0.01	4	5472	买盘
14:48:12	13.67	--	17	23239	卖盘
14:48:07	13.67	--	15	20505	卖盘
14:48:02	13.67	-0.01	70	95690	中性盘
14:47:56	13.68	0.02	9	12312	买盘
14:47:52	13.66	-0.02	1	1366	卖盘
14:47:47	13.68	0.02	31	42408	买盘
14:47:37	13.66	--	27	36882	卖盘
14:47:32	13.66	--	0	0	卖盘
14:47:26	13.66	--	11	15026	卖盘
14:47:22	13.66	--	15	20490	买盘
14:47:17	13.66	--	6	8196	买盘
14:47:11	13.66	--	13	17758	买盘
14:47:02	13.66	-0.03	266	363356	卖盘
14:46:56	13.69	0.02	5	6845	买盘
14:46:52	13.67	--	0	0	卖盘
14:46:47	13.67	-0.02	91	124397	中性盘
14:46:37	13.69	0.03	5	6845	买盘
14:46:32	13.66	0.01	30	40980	卖盘
14:46:26	13.65	--	0	0	卖盘
14:46:17	13.65	-0.04	23	31395	卖盘
14:46:11	13.69	--	78	106782	买盘
14:46:02	13.69	0.04	40	54760	买盘
14:45:56	13.65	-0.04	14	19110	卖盘
14:45:41	13.69	0.04	25	34225	卖盘
14:45:32	13.65	--	30	40950	卖盘
14:45:26	13.65	-0.01	51	69615	卖盘
14:45:22	13.66	--	52	71032	买盘
14:45:17	13.66	-0.02	3148	4300168	卖盘
14:45:11	13.68	-0.01	70	95760	卖盘
14:45:07	13.69	0.01	30	41070	买盘
14:44:52	13.68	--	17	23256	买盘
14:44:47	13.68	--	55	75240	买盘
14:44:41	13.68	--	18	24624	卖盘
14:44:32	13.68	-0.01	21	28728	卖盘
14:44:26	13.69	0.02	3	4107	买盘
14:44:22	13.67	0.01	5	6835	中性盘
14:44:17	13.66	--	3	4098	卖盘
14:44:02	13.66	--	2	2732	卖盘
14:43:56	13.66	-0.03	2	2732	卖盘
14:43:52	13.69	0.04	25	34225	买盘
14:43:47	13.65	-0.01	3	4095	卖盘
14:43:41	13.66	--	5	6830	买盘
14:43:37	13.66	0.01	53	72398	中性盘
14:43:32	13.65	--	20	27300	卖盘
14:43:26	13.65	--	0	0	卖盘
14:43:22	13.65	-0.05	8	10920	卖盘
14:43:17	13.7	0.03	103	141110	买盘
14:43:11	13.67	0.03	5	6835	买盘
14:43:07	13.64	-0.03	68	92752	卖盘
14:42:56	13.67	-0.04	873	1193391	卖盘
14:42:52	13.71	--	37	50727	买盘
14:42:47	13.71	--	24	32904	卖盘
14:42:41	13.71	--	35	47985	卖盘
14:42:37	13.71	--	44	60324	卖盘
14:42:32	13.71	--	10	13710	卖盘
14:42:26	13.71	--	2	2742	卖盘
14:42:22	13.71	--	5	6855	卖盘
14:42:16	13.71	--	0	0	卖盘
14:42:11	13.71	-0.02	11	15081	卖盘
14:42:06	13.73	0.01	142	194966	买盘
14:42:02	13.72	--	48	65856	卖盘
14:41:56	13.72	-0.01	62	85064	卖盘
14:41:51	13.73	-0.01	79	108467	卖盘
14:41:47	13.74	0.01	28	38472	买盘
14:41:41	13.73	-0.01	169	232037	卖盘
14:41:35	13.74	--	78	107172	卖盘
14:41:26	13.74	-0.02	170	233580	卖盘
14:41:11	13.76	--	47	64672	卖盘
14:41:05	13.76	--	20	27520	卖盘
14:41:01	13.76	-0.01	8	11008	卖盘
14:40:56	13.77	0.01	5	6885	买盘
14:40:46	13.76	--	50	68800	卖盘
14:40:41	13.76	-0.01	30	41280	卖盘
14:40:35	13.77	-0.01	51	70227	卖盘
14:40:26	13.78	0.01	7	9646	买盘
14:40:20	13.77	0.01	35	48195	买盘
14:40:11	13.76	-0.02	131	180256	卖盘
14:40:05	13.78	0.02	104	143312	买盘
14:39:41	13.76	--	138	189888	卖盘
14:39:35	13.76	-0.01	146	200896	卖盘
14:39:26	13.77	-0.01	120	165240	卖盘
14:39:20	13.78	0.01	50	68900	卖盘
14:39:16	13.77	--	0	0	卖盘
14:39:05	13.77	-0.01	46	63342	卖盘
14:39:01	13.78	0.01	148	203944	买盘
14:38:50	13.77	--	10	13770	卖盘
14:38:46	13.77	-0.01	19	26163	买盘
14:38:41	13.78	--	0	0	买盘
14:38:35	13.78	0.01	33	45474	买盘
14:38:31	13.77	--	8	11016	买盘
14:38:26	13.77	--	32	44064	卖盘
14:38:20	13.77	--	13	17901	买盘
14:38:11	13.77	--	10	13770	买盘
14:38:05	13.77	--	31	42687	卖盘
14:38:01	13.77	--	3	4131	买盘
14:37:56	13.77	0.01	4	5508	中性盘
14:37:31	13.76	0.01	48	66048	买盘
14:37:20	13.75	--	22	30250	买盘
14:37:16	13.75	--	50	68750	买盘
14:37:11	13.75	--	6	8250	买盘
14:37:05	13.75	--	112	154000	卖盘
14:37:01	13.75	--	58	79750	买盘
14:36:41	13.75	--	28	38500	买盘
14:36:35	13.75	--	24	33000	买盘
14:36:31	13.75	--	5	6875	买盘
14:36:20	13.75	--	263	361625	买盘
14:36:16	13.75	0.01	4	5500	买盘
14:36:01	13.74	-0.01	15	20610	卖盘
14:35:56	13.75	--	10	13750	买盘
14:35:50	13.75	--	6	8250	买盘
14:35:46	13.75	0.01	43	59125	买盘
14:35:40	13.74	-0.01	12	16488	卖盘
14:35:35	13.75	--	102	140250	买盘
14:35:30	13.75	0.01	23	31625	买盘
14:35:25	13.74	--	6	8244	卖盘
14:35:20	13.74	--	5	6870	卖盘
14:35:10	13.74	--	99	136026	买盘
14:34:59	13.74	--	22	30228	买盘
14:34:55	13.74	--	0	0	买盘
14:34:44	13.74	--	4	5496	买盘
14:34:40	13.74	--	0	0	买盘
14:34:35	13.74	0.01	45	61830	买盘
14:34:29	13.73	-0.01	5	6865	卖盘
14:34:25	13.74	0.01	15	20610	卖盘
14:34:20	13.73	--	0	0	卖盘
14:34:14	13.73	--	164	225172	卖盘
14:34:10	13.73	-0.01	2	2746	卖盘
14:33:59	13.74	--	52	71448	买盘
14:33:55	13.74	--	36	49464	卖盘
14:33:50	13.74	--	7	9618	卖盘
14:33:40	13.74	0.01	24	32976	买盘
14:33:29	13.73	--	11	15103	卖盘
14:33:20	13.73	--	4	5492	买盘
14:33:14	13.73	-0.02	2	2746	买盘
14:33:05	13.75	0.02	431	592625	买盘
14:32:59	13.73	--	8	10984	卖盘
14:32:55	13.73	--	3	4119	卖盘
14:32:44	13.73	--	11	15103	卖盘
14:32:40	13.73	--	51	70023	买盘
14:32:35	13.73	--	79	108467	卖盘
14:32:29	13.73	--	14	19222	卖盘
14:32:20	13.73	--	36	49428	卖盘
14:32:14	13.73	--	39	53547	卖盘
14:32:10	13.73	--	5	6865	卖盘
14:32:05	13.73	--	14	19222	卖盘
14:31:50	13.73	--	65	89245	卖盘
14:31:40	13.73	-0.01	10	13730	卖盘
14:31:35	13.74	0.01	10	13740	买盘
14:31:25	13.73	-0.01	10	13730	卖盘
14:31:20	13.74	--	1	1374	买盘
14:31:14	13.74	--	52	71448	买盘
14:31:10	13.74	--	50	68700	买盘
14:31:05	13.74	--	0	0	买盘
14:30:59	13.74	--	129	177246	卖盘
14:30:55	13.74	-0.01	37	50838	卖盘
14:30:50	13.75	--	130	178750	买盘
14:30:40	13.75	-0.03	96	132000	卖盘
14:30:35	13.78	--	20	27560	买盘
14:30:29	13.78	--	0	0	买盘
14:30:14	13.78	0.04	1	1378	买盘
14:30:09	13.74	-0.01	137	188238	卖盘
14:29:55	13.75	0.01	58	79750	买盘
14:29:44	13.74	--	100	137400	卖盘
14:29:24	13.74	--	5	6870	卖盘
14:29:14	13.74	0.01	35	48090	买盘
14:29:09	13.73	-0.01	1	1373	卖盘
14:29:04	13.74	--	19	26106	买盘
14:28:59	13.74	--	41	56334	买盘
14:28:54	13.74	--	3	4122	买盘
14:28:49	13.74	--	13	17862	买盘
14:28:44	13.74	--	20	27480	买盘
14:28:34	13.74	--	111	152514	买盘
14:28:29	13.74	0.01	73	100302	买盘
14:28:23	13.73	-0.01	18	24714	卖盘
14:28:14	13.74	--	39	53586	买盘
14:28:04	13.74	0.01	3	4122	买盘
14:27:59	13.73	--	1	1373	卖盘
14:27:44	13.73	--	9	12357	卖盘
14:27:38	13.73	--	30	41190	卖盘
14:27:29	13.73	0.01	14	19222	买盘
14:27:23	13.72	-0.02	10	13720	卖盘
14:27:19	13.74	0.01	63	86562	买盘
14:27:14	13.73	-0.01	4	5492	卖盘
14:27:08	13.74	0.01	42	57708	买盘
14:27:04	13.73	-0.01	1	1373	卖盘
14:26:59	13.74	--	52	71448	买盘
14:26:44	13.74	-0.05	373	512502	卖盘
14:26:38	13.79	0.02	10	13790	卖盘
14:26:29	13.77	-0.02	10	13770	卖盘
14:26:23	13.79	--	53	73087	买盘
14:26:19	13.79	0.01	117	161343	买盘
14:26:14	13.78	--	96	132288	买盘
14:26:08	13.78	--	106	146068	卖盘
14:26:04	13.78	-0.01	10	13780	卖盘
14:25:59	13.79	0.01	15	20685	买盘
14:25:44	13.78	0.01	34	46852	买盘
14:25:23	13.77	0.01	54	74358	买盘
14:25:19	13.76	--	4	5504	卖盘
14:25:14	13.76	--	22	30272	卖盘
14:25:08	13.76	0.01	42	57792	买盘
14:24:59	13.75	-0.01	31	42625	卖盘
14:24:53	13.76	--	6	8256	买盘
14:24:38	13.76	-0.01	70	96320	卖盘
14:24:29	13.77	--	7	9639	卖盘
14:24:23	13.77	--	3	4131	中性盘
14:24:19	13.77	--	9	12393	买盘
14:24:14	13.77	--	1	1377	卖盘
14:24:08	13.77	--	46	63342	买盘
14:24:04	13.77	-0.01	74	101898	卖盘
14:23:59	13.78	--	6	8268	买盘
14:23:53	13.78	--	45	62010	买盘
14:23:49	13.78	--	50	68900	买盘
14:23:38	13.78	--	62	85436	买盘
14:23:34	13.78	--	27	37206	卖盘
14:23:23	13.78	--	2	2756	卖盘
14:23:19	13.78	--	34	46852	买盘
14:23:14	13.78	0.01	2	2756	买盘
14:23:08	13.77	-0.01	4	5508	卖盘
14:23:04	13.78	--	33	45474	买盘
14:22:59	13.78	--	0	0	中性盘
14:22:53	13.78	-0.01	194	267332	卖盘
14:22:48	13.79	0.01	60	82740	买盘
14:22:43	13.78	--	10	13780	卖盘
14:22:38	13.78	--	55	75790	卖盘
14:22:32	13.78	-0.01	10	13780	卖盘
14:22:23	13.79	--	44	60675	卖盘
14:22:17	13.79	-0.01	129	177891	卖盘
14:22:08	13.8	-0.01	40	55200	卖盘
14:22:02	13.81	-0.02	10	13810	卖盘
14:21:53	13.83	--	47	65001	卖盘
14:21:47	13.83	--	54	74682	卖盘
14:21:43	13.83	--	10	13830	卖盘
14:21:38	13.83	--	2	2766	卖盘
14:21:32	13.83	-0.02	33	45639	卖盘
14:21:28	13.85	0.01	20	27700	买盘
14:21:23	13.84	0.01	137	189608	买盘
14:21:17	13.83	--	76	105108	买盘
14:21:13	13.83	-0.02	22	30426	卖盘
14:21:08	13.85	0.01	616	853160	买盘
14:21:02	13.84	0.02	21	29064	买盘
14:20:58	13.82	-0.03	6	8292	中性盘
14:20:53	13.85	0.06	310	429350	买盘
14:20:47	13.79	-0.04	1	1379	卖盘
14:20:38	13.83	-0.01	16	22128	中性盘
14:20:32	13.84	0.05	10	13840	买盘
14:20:28	13.79	--	5	6895	买盘
14:20:23	13.79	0.01	28	38612	买盘
14:20:17	13.78	-0.07	30	41340	卖盘
14:20:13	13.85	0.07	198	274230	买盘
14:20:08	13.78	--	9	12402	买盘
14:20:02	13.78	--	349	480922	买盘
14:19:53	13.78	0.01	31	42718	买盘
14:19:47	13.77	--	30	41310	卖盘
14:19:43	13.77	--	10	13770	卖盘
14:19:38	13.77	--	72	99144	买盘
14:19:32	13.77	0.01	4	5508	买盘
14:19:23	13.76	--	21	28896	卖盘
14:19:17	13.76	0.01	81	112199	买盘
14:19:13	13.75	-0.01	30	41882	卖盘
14:19:08	13.76	--	44	60544	买盘
14:18:58	13.76	0.01	10	13760	买盘
14:18:53	13.75	--	83	114867	买盘
14:18:47	13.75	--	33	45375	买盘
14:18:38	13.75	0.01	14	19250	买盘
14:18:32	13.74	--	0	0	买盘
14:18:28	13.74	0.01	73	100302	买盘
14:18:17	13.73	0.01	200	274600	买盘
14:18:13	13.72	--	26	35672	买盘
14:18:02	13.72	--	0	0	买盘
14:17:58	13.72	0.02	150	205800	买盘
14:17:53	13.7	-0.01	4	5480	中性盘
14:17:47	13.71	--	208	285168	买盘
14:17:43	13.71	0.02	270	370170	买盘
14:17:38	13.69	-0.02	10	13690	卖盘
14:17:28	13.71	--	0	0	买盘
14:17:22	13.71	0.02	100	137100	买盘
14:17:17	13.69	--	16	21904	卖盘
14:17:13	13.69	-0.01	8	10952	卖盘
14:17:02	13.7	--	5	6850	买盘
14:16:57	13.7	--	39	53430	买盘
14:16:42	13.7	--	12	16440	买盘
14:16:37	13.7	--	5	6850	买盘
14:16:22	13.7	0.01	22	30140	买盘
14:16:12	13.69	-0.01	21	28749	卖盘
14:16:07	13.7	0.01	16	21920	买盘
14:15:47	13.69	--	10	13690	卖盘
14:15:41	13.69	--	20	27380	卖盘
14:15:32	13.69	0.01	95	130055	买盘
14:15:26	13.68	--	12	16416	卖盘
14:15:22	13.68	-0.01	5	6840	卖盘
14:15:17	13.69	0.02	18	24642	买盘
14:15:11	13.67	--	5	6835	卖盘
14:15:07	13.67	-0.02	40	54680	卖盘
14:14:52	13.69	--	0	0	买盘
14:14:47	13.69	0.01	43	58867	买盘
14:14:37	13.68	--	10	13680	买盘
14:14:32	13.68	--	56	76608	买盘
14:14:26	13.68	-0.01	60	82080	卖盘
14:14:22	13.69	--	55	75295	买盘
14:14:07	13.69	-0.01	10	13690	买盘
14:14:02	13.7	0.02	110	150700	买盘
14:13:56	13.68	--	0	0	中性盘
14:13:47	13.68	-0.01	100	136800	卖盘
14:13:41	13.69	0.01	34	46546	买盘
14:13:26	13.68	-0.01	4	5472	买盘
14:13:02	13.69	--	0	0	买盘
14:12:56	13.69	--	5	6845	买盘
14:12:52	13.69	--	1	1369	买盘
14:12:47	13.69	--	9	12321	买盘
14:12:41	13.69	--	82	112258	卖盘
14:12:32	13.69	--	10	13690	卖盘
14:12:26	13.69	--	20	27380	买盘
14:12:11	13.69	0.01	95	130055	买盘
14:12:07	13.68	--	1	1368	买盘
14:12:01	13.68	--	16	21888	买盘
14:11:56	13.68	--	9	12312	买盘
14:11:41	13.68	0.01	47	64296	买盘
14:11:31	13.67	0.01	60	82020	买盘
14:11:26	13.66	-0.01	10	13660	买盘
14:11:11	13.67	--	0	0	买盘
14:11:06	13.67	0.01	42	57414	买盘
14:11:01	13.66	--	11	15026	买盘
14:10:37	13.66	0.03	5	6830	买盘
14:10:21	13.63	--	0	0	卖盘
14:10:11	13.63	--	0	0	卖盘
14:09:56	13.63	-0.03	30	40890	卖盘
14:09:46	13.66	--	10	13660	买盘
14:09:41	13.66	--	1	1366	卖盘
14:09:26	13.66	--	20	27320	卖盘
14:09:21	13.66	--	0	0	卖盘
14:09:11	13.66	-0.02	100	136600	卖盘
14:09:06	13.68	0.02	1	1368	买盘
14:08:56	13.66	--	20	27320	卖盘
14:08:26	13.66	--	2	2732	卖盘
14:08:16	13.66	--	5	6830	卖盘
14:08:05	13.66	--	2	2732	买盘
14:08:01	13.66	0.01	300	409800	买盘
14:07:56	13.65	--	7	9555	卖盘
14:07:35	13.65	--	5	6825	买盘
14:07:20	13.65	0.01	124	169260	买盘
14:07:16	13.64	--	3	4092	卖盘
14:07:11	13.64	--	37	50468	卖盘
14:07:05	13.64	--	4	5456	卖盘
14:07:01	13.64	--	18	24552	卖盘
14:06:56	13.64	--	5	6820	卖盘
14:06:50	13.64	--	10	13640	卖盘
14:06:41	13.64	--	11	15004	中性盘
14:06:31	13.64	--	48	65472	卖盘
14:06:26	13.64	0.01	8	10912	买盘
14:06:20	13.63	-0.01	16	21808	卖盘
14:06:16	13.64	--	18	24552	买盘
14:05:41	13.64	0.01	5	6820	买盘
14:05:35	13.63	--	4	5452	卖盘
14:05:26	13.63	--	13	17719	卖盘
14:05:20	13.63	--	59	80417	卖盘
14:05:05	13.63	-0.01	50	68150	卖盘
14:04:55	13.64	0.01	27	36828	买盘
14:04:50	13.63	--	35	47705	卖盘
14:04:35	13.63	--	109	148567	卖盘
14:04:31	13.63	--	57	77691	卖盘
14:04:20	13.63	--	3	4089	卖盘
14:04:10	13.63	-0.01	10	13630	卖盘
14:04:05	13.64	--	35	47740	卖盘
14:04:01	13.64	--	10	13640	卖盘
14:03:55	13.64	0.01	5	6820	卖盘
14:03:50	13.63	-0.01	10	13630	卖盘
14:03:46	13.64	-0.01	2	2728	卖盘
14:03:40	13.65	--	0	0	买盘
14:03:31	13.65	--	10	13650	买盘
14:03:25	13.65	0.01	54	73710	买盘
14:03:20	13.64	--	120	163680	卖盘
14:03:15	13.64	--	8	10912	卖盘
14:02:55	13.64	--	1	1364	卖盘
14:02:40	13.64	0.01	32	43648	买盘
14:02:14	13.63	0.01	99	134937	买盘
14:02:10	13.62	--	5	6810	卖盘
14:02:05	13.62	--	15	20430	卖盘
14:01:59	13.62	0.01	22	29964	买盘
14:01:44	13.61	--	52	70772	买盘
14:01:25	13.61	--	20	27220	卖盘
14:01:14	13.61	0.04	20	27220	买盘
14:00:40	13.57	-0.03	71	96347	卖盘
14:00:29	13.6	--	0	0	买盘
13:59:59	13.6	--	14	19040	卖盘
13:59:50	13.6	--	21	28560	卖盘
13:59:35	13.6	--	10	13600	卖盘
13:59:29	13.6	--	18	24480	卖盘
13:59:10	13.6	--	2	2720	卖盘
13:58:59	13.6	--	10	13600	卖盘
13:58:55	13.6	--	9	12240	卖盘
13:58:40	13.6	--	5	6800	卖盘
13:58:25	13.6	--	4	5440	卖盘
13:58:20	13.6	--	0	0	卖盘
13:58:10	13.6	--	3	4080	卖盘
13:58:05	13.6	--	1	1360	卖盘
13:57:50	13.6	--	1	1360	卖盘
13:57:44	13.6	--	21	28560	买盘
13:57:29	13.6	--	4	5440	买盘
13:57:25	13.6	--	15	20400	卖盘
13:57:19	13.6	-0.03	10	13600	卖盘
13:57:09	13.63	0.03	3	4089	买盘
13:56:59	13.6	-0.03	10	13600	卖盘
13:56:54	13.63	--	0	0	买盘
13:56:44	13.63	0.03	30	40890	买盘
13:56:40	13.6	-0.03	15	20400	卖盘
13:56:34	13.63	0.03	225	306675	买盘
13:56:29	13.6	--	5	6800	卖盘
13:56:14	13.6	--	0	0	卖盘
13:56:09	13.6	-0.02	22	29920	卖盘
13:55:54	13.62	-0.01	10	13620	买盘
13:55:44	13.63	--	10	13630	买盘
13:55:34	13.63	--	6	8178	买盘
13:55:23	13.63	--	20	27260	买盘
13:55:14	13.63	--	17	23171	买盘
13:55:08	13.63	0.02	72	98136	买盘
13:55:04	13.61	--	20	27220	卖盘
13:54:59	13.61	0.01	3	4083	买盘
13:54:53	13.6	--	2	2720	卖盘
13:54:29	13.6	0.01	31	42160	买盘
13:54:14	13.59	--	3	4077	卖盘
13:54:08	13.59	0.03	72	97848	买盘
13:54:04	13.56	--	0	0	卖盘
13:53:53	13.56	0.01	20	27120	卖盘
13:53:29	13.55	--	0	0	卖盘
13:53:08	13.55	--	0	0	卖盘
13:52:49	13.55	--	0	0	卖盘
13:52:44	13.55	--	0	0	卖盘
13:52:38	13.55	-0.03	30	40650	卖盘
13:52:34	13.58	0.03	42	57036	买盘
13:52:19	13.55	--	10	13550	卖盘
13:52:14	13.55	--	22	29810	买盘
13:52:08	13.55	0.01	4	5420	买盘
13:52:04	13.54	-0.01	20	27080	卖盘
13:51:53	13.55	0.01	6	8130	买盘
13:51:38	13.54	0.01	7	9478	买盘
13:51:29	13.53	-0.01	39	52767	卖盘
13:51:23	13.54	0.01	7	9478	买盘
13:51:19	13.53	-0.01	26	35178	卖盘
13:51:14	13.54	0.01	5	6770	买盘
13:50:59	13.53	--	6	8118	卖盘
13:50:43	13.53	--	6	8118	买盘
13:50:38	13.53	0.01	9	12177	买盘
13:50:33	13.52	-0.01	11	14872	卖盘
13:50:29	13.53	--	1	1353	买盘
13:50:23	13.53	--	119	161007	卖盘
13:50:18	13.53	--	80	108240	卖盘
13:49:53	13.53	-0.01	51	69003	卖盘
13:49:48	13.54	--	1	1354	买盘
13:49:38	13.54	--	9	12186	卖盘
13:49:34	13.54	--	31	41974	卖盘
13:49:28	13.54	--	4	5416	卖盘
13:49:23	13.54	0.01	84	113736	买盘
13:49:18	13.53	-0.01	6	8118	卖盘
13:48:43	13.54	--	2	2708	卖盘
13:48:38	13.54	--	2	2708	卖盘
13:48:23	13.54	0.01	60	81240	买盘
13:48:08	13.53	--	140	189420	卖盘
13:48:02	13.53	-0.01	20	27060	卖盘
13:47:53	13.54	0.01	1	1354	买盘
13:47:47	13.53	-0.01	4	5412	卖盘
13:47:32	13.54	0.01	10	13540	买盘
13:47:28	13.53	-0.01	18	24354	卖盘
13:47:08	13.54	0.01	25	33850	买盘
13:47:02	13.53	-0.01	2	2706	卖盘
13:46:53	13.54	0.01	15	20310	买盘
13:46:47	13.53	-0.01	5	6765	卖盘
13:46:32	13.54	--	20	27080	买盘
13:46:23	13.54	--	33	44682	卖盘
13:46:17	13.54	--	6	8123	卖盘
13:46:02	13.54	--	15	20310	卖盘
13:45:53	13.54	--	12	16247	买盘
13:45:47	13.54	--	5	6770	买盘
13:45:38	13.54	--	20	27080	买盘
13:45:32	13.54	--	36	48744	买盘
13:45:08	13.54	--	0	0	买盘
13:44:32	13.54	0.02	3	4061	买盘
13:44:17	13.52	--	105	141960	卖盘
13:44:08	13.52	--	0	0	卖盘
13:44:02	13.52	--	78	105456	卖盘
13:43:52	13.52	--	3	4056	卖盘
13:43:47	13.52	-0.01	38	51376	卖盘
13:43:37	13.53	0.01	15	20295	买盘
13:43:32	13.52	--	12	16224	卖盘
13:43:27	13.52	--	10	13520	卖盘
13:43:22	13.52	-0.01	24	32448	卖盘
13:43:12	13.53	0.01	50	67650	买盘
13:43:07	13.52	--	50	67600	卖盘
13:43:02	13.52	-0.01	23	31096	卖盘
13:42:47	13.53	0.01	8	10824	买盘
13:42:43	13.52	--	80	108160	卖盘
13:42:37	13.52	--	199	269048	卖盘
13:42:32	13.52	--	27	36504	卖盘
13:42:12	13.52	--	4	5408	卖盘
13:42:02	13.52	-0.01	20	27040	卖盘
13:41:57	13.53	--	239	323367	卖盘
13:41:52	13.53	--	208	281424	卖盘
13:41:47	13.53	--	281	380193	卖盘
13:41:41	13.53	--	8	10824	卖盘
13:41:37	13.53	-0.01	9	12177	卖盘
13:41:26	13.54	0.01	107	144878	买盘
13:41:22	13.53	-0.01	15	20295	卖盘
13:41:11	13.54	0.01	1	1354	买盘
13:41:07	13.53	-0.01	1	1353	卖盘
13:41:02	13.54	-0.01	179	242365	卖盘
13:40:41	13.55	-0.01	40	54200	卖盘
13:40:37	13.56	-0.01	5	6780	买盘
13:40:32	13.57	--	0	0	买盘
13:40:22	13.57	--	4	5428	买盘
13:40:11	13.57	-0.01	25	33925	卖盘
13:39:56	13.58	0.01	5	6790	买盘
13:39:26	13.57	--	78	105846	买盘
13:39:11	13.57	--	3	4071	买盘
13:39:06	13.57	--	3	4071	卖盘
13:38:51	13.57	0.01	7	9499	卖盘
13:38:36	13.56	--	0	0	卖盘
13:38:32	13.56	--	25	33900	买盘
13:38:26	13.56	--	12	16272	买盘
13:38:02	13.56	0.01	2	2712	买盘
13:37:47	13.55	-0.01	16	21680	卖盘
13:37:41	13.56	0.01	268	363408	买盘
13:37:36	13.55	--	2	2710	买盘
13:37:32	13.55	0.01	2	2710	买盘
13:37:21	13.54	--	0	0	中性盘
13:37:16	13.54	--	5	6770	卖盘
13:37:06	13.54	--	7	9478	买盘
13:37:01	13.54	0.01	53	71762	中性盘
13:36:56	13.53	-0.01	350	473550	卖盘
13:36:51	13.54	-0.01	11	14893	卖盘
13:36:46	13.55	--	14	18970	卖盘
13:36:41	13.55	--	11	14905	卖盘
13:36:36	13.55	0.01	6	8130	卖盘
13:36:16	13.54	--	0	0	卖盘
13:36:11	13.54	-0.01	261	353394	卖盘
13:36:07	13.55	-0.02	3	4065	卖盘
13:35:41	13.57	--	0	0	买盘
13:35:31	13.57	--	10	13570	买盘
13:35:26	13.57	--	30	40710	买盘
13:35:16	13.57	--	20	27140	卖盘
13:35:11	13.57	--	5	6785	卖盘
13:35:05	13.57	--	9	12213	卖盘
13:35:01	13.57	-0.01	6	8142	卖盘
13:34:50	13.58	0.03	5	6790	买盘
13:34:41	13.55	--	0	0	卖盘
13:34:35	13.55	-0.02	119	161245	卖盘
13:34:11	13.57	--	2	2714	卖盘
13:33:50	13.57	--	0	0	中性盘
13:33:31	13.57	--	2	2714	买盘
13:33:26	13.57	-0.01	5	6785	卖盘
13:33:05	13.58	--	270	366660	卖盘
13:32:50	13.58	-0.01	1	1358	卖盘
13:32:05	13.59	--	57	77463	卖盘
13:31:41	13.59	--	5	6795	卖盘
13:31:35	13.59	0.01	2	2718	卖盘
13:31:20	13.58	--	0	0	卖盘
13:31:00	13.58	--	12	16296	卖盘
13:30:50	13.58	-0.01	37	50246	卖盘
13:30:41	13.59	--	0	0	买盘
13:30:35	13.59	--	3	4077	卖盘
13:30:05	13.59	--	5	6795	卖盘
13:30:00	13.59	0.01	4	5436	买盘
13:29:50	13.58	--	24	32592	卖盘
13:29:45	13.58	-0.01	10	13580	卖盘
13:29:30	13.59	0.01	3	4077	买盘
13:28:40	13.58	-0.01	6	8148	卖盘
13:28:30	13.59	--	99	134541	卖盘
13:28:25	13.59	-0.01	7	9513	卖盘
13:28:20	13.6	0.02	19	25840	买盘
13:28:05	13.58	--	0	0	卖盘
13:27:59	13.58	-0.01	60	81480	卖盘
13:27:55	13.59	--	16	21744	卖盘
13:27:44	13.59	0.01	6	8154	买盘
13:27:35	13.58	--	3	4074	卖盘
13:27:29	13.58	--	51	69258	卖盘
13:26:50	13.58	-0.01	12	16296	卖盘
13:26:29	13.59	--	4	5436	买盘
13:26:14	13.59	--	5	6795	买盘
13:26:05	13.59	--	7	9513	买盘
13:25:35	13.59	--	3	4077	卖盘
13:24:54	13.59	0.01	3	4077	卖盘
13:24:14	13.58	--	0	0	卖盘
13:24:04	13.58	-0.04	2	2716	卖盘
13:23:59	13.62	0.02	55	74910	买盘
13:23:49	13.6	--	169	229840	买盘
13:23:44	13.6	-0.02	49	66640	卖盘
13:23:39	13.62	--	8	10896	买盘
13:23:35	13.62	--	40	54480	买盘
13:23:29	13.62	--	32	43584	买盘
13:23:19	13.62	--	0	0	卖盘
13:23:14	13.62	--	1	1362	卖盘
13:22:59	13.62	--	7	10296	买盘
13:22:34	13.62	0.01	33	44946	买盘
13:22:29	13.61	--	31	42191	卖盘
13:22:19	13.61	--	100	136100	卖盘
13:22:14	13.61	0.01	18	24498	买盘
13:21:59	13.6	--	21	28560	买盘
13:21:44	13.6	--	4	5440	买盘
13:21:34	13.6	--	36	48960	买盘
13:21:14	13.6	--	0	0	买盘
13:21:04	13.6	0.02	50	68000	买盘
13:20:59	13.58	--	9	12222	卖盘
13:20:44	13.58	0.01	44	59752	买盘
13:20:23	13.57	--	6	8142	卖盘
13:20:19	13.57	--	3	4071	卖盘
13:20:14	13.57	--	7	9499	买盘
13:19:59	13.57	--	6	8142	卖盘
13:19:53	13.57	--	9	12213	卖盘
13:19:33	13.57	-0.01	58	78706	卖盘
13:19:23	13.58	--	8	10864	买盘
13:19:18	13.58	--	4	5432	买盘
13:19:14	13.58	--	13	17654	买盘
13:19:08	13.58	--	1	1358	买盘
13:18:53	13.58	0.01	20	27160	买盘
13:18:43	13.57	--	12	16284	卖盘
13:18:28	13.57	--	1	1357	卖盘
13:18:23	13.57	--	4	5428	买盘
13:18:14	13.57	--	8	10856	买盘
13:18:08	13.57	--	8	10856	卖盘
13:17:44	13.57	-0.01	2	2714	卖盘
13:17:08	13.58	-0.01	15	20370	卖盘
13:17:03	13.59	--	9	12231	卖盘
13:16:48	13.59	--	3	4077	卖盘
13:16:43	13.59	--	4	5436	买盘
13:16:33	13.59	--	8	10872	买盘
13:16:28	13.59	--	2	2718	买盘
13:16:23	13.59	--	4	5436	买盘
13:16:08	13.59	0.01	6	8154	买盘
13:16:03	13.58	-0.01	5	6790	卖盘
13:15:53	13.59	-0.01	20	27180	买盘
13:15:38	13.6	--	0	0	买盘
13:15:28	13.6	--	22	29920	卖盘
13:15:23	13.6	--	27	36720	卖盘
13:15:18	13.6	--	20	27200	卖盘
13:15:08	13.6	--	3	4080	卖盘
13:15:03	13.6	-0.01	56	76160	卖盘
13:14:53	13.61	--	5	6805	买盘
13:14:17	13.61	--	5	6805	买盘
13:14:08	13.61	--	37	50357	买盘
13:13:53	13.61	0.01	3	4083	买盘
13:13:43	13.6	--	45	61200	买盘
13:13:32	13.6	--	16	21760	买盘
13:13:28	13.6	0.01	5	6800	买盘
13:13:08	13.59	--	0	0	卖盘
13:12:53	13.59	0.01	82	111438	买盘
13:12:47	13.58	--	36	48888	卖盘
13:12:38	13.58	-0.01	24	32592	卖盘
13:12:32	13.59	0.01	3	4077	买盘
13:12:27	13.58	--	11	14938	买盘
13:12:08	13.58	--	12	16296	买盘
13:12:02	13.58	--	34	46172	卖盘
13:11:42	13.58	--	2	2716	买盘
13:11:37	13.58	0.01	12	16296	买盘
13:10:38	13.57	--	0	0	中性盘
13:10:27	13.57	--	8	10856	卖盘
13:10:23	13.57	-0.02	2	2714	卖盘
13:10:17	13.59	--	0	0	买盘
13:10:12	13.59	--	30	40770	买盘
13:10:02	13.59	0.03	2	2718	买盘
13:08:57	13.56	--	1	1356	卖盘
13:08:47	13.56	-0.03	12	16272	卖盘
13:08:12	13.59	0.04	11	14949	买盘
13:07:56	13.55	--	0	0	卖盘
13:07:41	13.55	--	30	40650	卖盘
13:07:32	13.55	--	4	5420	买盘
13:07:26	13.55	--	3	4065	买盘
13:07:11	13.55	0.01	10	13550	买盘
13:06:52	13.54	--	1	1354	卖盘
13:06:41	13.54	--	45	60929	卖盘
13:06:37	13.54	--	7	9478	买盘
13:06:22	13.54	--	8	10832	买盘
13:06:11	13.54	--	2	2708	卖盘
13:05:56	13.54	0.02	8	10832	卖盘
13:05:47	13.52	--	0	0	卖盘
13:05:26	13.52	--	1	1352	卖盘
13:05:16	13.52	--	0	0	卖盘
13:05:11	13.52	--	0	0	中性盘
13:05:01	13.52	-0.07	50	67600	卖盘
13:04:56	13.59	--	10	13590	买盘
13:04:47	13.59	0.08	5	6795	买盘
13:04:41	13.51	-0.07	249	336399	卖盘
13:04:31	13.58	--	2	2716	买盘
13:04:26	13.58	0.05	8	10864	买盘
13:03:56	13.53	--	0	0	卖盘
13:03:51	13.53	0.01	3	4059	卖盘
13:03:26	13.52	--	0	0	卖盘
13:03:17	13.52	-0.03	221	298792	卖盘
13:03:11	13.55	--	0	0	卖盘
13:02:06	13.55	--	65	88075	卖盘
13:01:56	13.55	-0.01	9	12195	卖盘
13:01:26	13.56	-0.04	3	4068	卖盘
13:01:11	13.6	--	3	4080	卖盘
13:00:41	13.6	-0.01	3	4080	卖盘
13:00:16	13.61	--	2	2722	买盘
13:00:11	13.61	--	5	6805	买盘
13:00:05	13.61	--	651	886011	卖盘
11:30:00	13.61	--	0	0	卖盘
11:30:00	13.61	--	0	0	卖盘
11:29:52	13.61	--	10	13610	卖盘
11:29:46	13.61	-0.01	5	6805	卖盘
11:29:27	13.62	0.01	22	29964	买盘
11:29:16	13.61	--	2	2722	卖盘
11:28:46	13.61	-0.01	13	17693	买盘
11:28:42	13.62	0.01	16	21792	买盘
11:28:37	13.61	--	3	4083	买盘
11:28:22	13.61	0.01	30	40830	买盘
11:27:57	13.6	0.02	59	80240	买盘
11:27:52	13.58	--	7	9506	卖盘
11:27:40	13.58	--	0	0	中性盘
11:27:37	13.58	--	5	6790	卖盘
11:27:10	13.58	--	3	4074	卖盘
11:27:01	13.58	--	0	0	中性盘
11:26:55	13.58	--	20	27160	买盘
11:26:51	13.58	0.01	5	6790	买盘
11:26:37	13.57	--	51	69207	买盘
11:26:25	13.57	--	1	1357	买盘
11:26:21	13.57	--	11	14927	卖盘
11:26:16	13.57	--	7	9499	卖盘
11:26:01	13.57	0.02	2	2714	买盘
11:25:40	13.55	--	1	1355	买盘
11:25:31	13.55	--	17	23035	买盘
11:25:16	13.55	0.01	70	94850	买盘
11:25:01	13.54	-0.01	10	13540	卖盘
11:24:55	13.55	--	52	70460	买盘
11:24:40	13.55	0.01	3	4065	买盘
11:24:36	13.54	--	0	0	卖盘
11:24:31	13.54	-0.02	10	13540	卖盘
11:24:25	13.56	0.01	15	20340	买盘
11:24:16	13.55	--	11	14905	卖盘
11:24:06	13.55	0.02	2	2710	卖盘
11:24:01	13.53	--	0	0	卖盘
11:23:46	13.53	--	0	0	卖盘
11:23:40	13.53	--	0	0	卖盘
11:23:31	13.53	-0.05	15	20295	卖盘
11:22:36	13.58	--	23	31234	卖盘
11:22:31	13.58	--	32	43456	买盘
11:22:21	13.58	--	27	36666	卖盘
11:22:16	13.58	--	51	69258	卖盘
11:22:10	13.58	--	10	13580	卖盘
11:22:06	13.58	--	15	20370	卖盘
11:22:01	13.58	--	10	13580	卖盘
11:21:55	13.58	0.05	97	131726	买盘
11:21:40	13.53	--	0	0	卖盘
11:21:36	13.53	--	27	37667	买盘
11:21:25	13.53	--	65	88161	卖盘
11:21:10	13.53	-0.02	130	175890	卖盘
11:21:05	13.55	0.01	52	70460	卖盘
11:21:01	13.54	--	24	32495	买盘
11:20:34	13.54	0.01	3	4061	买盘
11:20:25	13.53	--	5	6765	卖盘
11:20:19	13.53	-0.01	8	10824	卖盘
11:20:15	13.54	0.01	6	8123	中性盘
11:20:04	13.53	-0.01	98	132594	卖盘
11:19:55	13.54	--	10	13540	卖盘
11:19:45	13.54	--	50	67700	卖盘
11:19:40	13.54	--	21	29571	买盘
11:19:34	13.54	--	79	106966	买盘
11:19:25	13.54	--	5	6770	买盘
11:19:19	13.54	-0.01	333	451098	卖盘
11:18:34	13.55	--	6	8130	卖盘
11:18:30	13.55	--	0	0	卖盘
11:18:25	13.55	--	4	5420	卖盘
11:18:19	13.55	--	12	16260	卖盘
11:18:04	13.55	--	7	9485	卖盘
11:18:00	13.55	--	6	8130	买盘
11:17:55	13.55	0.01	20	27100	买盘
11:17:34	13.54	-0.01	50	67700	卖盘
11:17:25	13.55	0.01	56	77018	买盘
11:17:19	13.54	--	6	8340	卖盘
11:17:10	13.54	0.01	1	2491	买盘
11:16:45	13.53	-0.01	60	81180	卖盘
11:16:40	13.54	--	13	17602	买盘
11:16:25	13.54	--	5	6770	买盘
11:16:19	13.54	--	8	10832	买盘
11:16:10	13.54	-0.01	32	43544	卖盘
11:15:34	13.55	--	44	60758	买盘
11:15:15	13.55	--	7	9485	买盘
11:15:04	13.55	--	13	17615	卖盘
11:14:49	13.55	0.01	2	2710	买盘
11:14:40	13.54	--	14	18956	卖盘
11:14:34	13.54	-0.01	9	12186	卖盘
11:14:29	13.55	--	1	1355	买盘
11:14:09	13.55	--	8	10840	买盘
11:14:04	13.55	--	7	9485	买盘
11:13:58	13.55	--	0	0	买盘
11:13:28	13.55	--	30	40650	买盘
11:13:24	13.55	--	26	35230	卖盘
11:13:13	13.55	--	6	8130	卖盘
11:12:58	13.55	0.02	73	98915	买盘
11:12:54	13.53	-0.01	40	54120	卖盘
11:12:49	13.54	--	68	92072	买盘
11:12:34	13.54	--	1	1354	买盘
11:12:28	13.54	0.02	10	13540	买盘
11:12:24	13.52	-0.02	35	47320	卖盘
11:12:19	13.54	--	30	40620	买盘
11:12:13	13.54	0.02	137	185498	买盘
11:11:58	13.52	-0.01	290	392080	卖盘
11:11:54	13.53	--	6	8118	卖盘
11:11:49	13.53	-0.01	10	13530	卖盘
11:11:34	13.54	0.01	1	1354	卖盘
11:11:28	13.53	-0.01	40	54120	卖盘
11:11:13	13.54	-0.01	63	85302	卖盘
11:11:09	13.55	--	63	85365	卖盘
11:11:04	13.55	-0.01	40	54200	卖盘
11:10:58	13.56	0.01	21	28476	买盘
11:10:54	13.55	-0.01	100	135500	卖盘
11:10:43	13.56	--	74	100560	卖盘
11:10:39	13.56	--	26	35256	卖盘
11:10:34	13.56	--	0	0	卖盘
11:10:28	13.56	-0.02	6	8136	卖盘
11:10:24	13.58	0.02	38	51604	买盘
11:10:19	13.56	-0.01	25	33900	卖盘
11:10:13	13.57	-0.01	22	29854	卖盘
11:09:58	13.58	--	37	50246	卖盘
11:09:49	13.58	--	40	54320	卖盘
11:09:43	13.58	--	27	36666	卖盘
11:09:19	13.58	--	4	5432	卖盘
11:08:58	13.58	--	10	13580	买盘
11:08:49	13.58	--	12	16296	买盘
11:08:43	13.58	--	1	1358	买盘
11:08:39	13.58	--	30	40740	买盘
11:08:23	13.58	--	52	70616	卖盘
11:08:13	13.58	0.01	131	177898	买盘
11:07:52	13.57	0.01	5	6785	买盘
11:07:33	13.56	--	2	2712	卖盘
11:07:28	13.56	--	37	50172	卖盘
11:07:22	13.56	--	6	8136	卖盘
11:07:13	13.56	--	17	23052	卖盘
11:07:03	13.56	-0.01	14	18984	卖盘
11:06:58	13.57	0.01	32	44563	买盘
11:06:52	13.56	--	4	5424	卖盘
11:06:48	13.56	--	4	5424	卖盘
11:06:43	13.56	-0.01	52	70512	卖盘
11:06:37	13.57	-0.01	50	67850	卖盘
11:06:22	13.58	--	25	33950	买盘
11:06:18	13.58	-0.01	91	123578	卖盘
11:05:58	13.59	-0.01	250	339750	卖盘
11:05:48	13.6	--	3	4080	卖盘
11:05:33	13.6	-0.01	10	13600	卖盘
11:05:22	13.61	0.01	140	190540	买盘
11:04:58	13.6	--	3	4080	卖盘
11:04:52	13.6	--	11	14960	卖盘
11:04:43	13.6	--	32	43520	买盘
11:04:22	13.6	-0.01	788	1071680	卖盘
11:04:18	13.61	--	6	8166	买盘
11:04:13	13.61	--	21	28581	买盘
11:03:58	13.61	--	1	1361	买盘
11:03:48	13.61	--	22	29942	买盘
11:03:43	13.61	--	41	55801	买盘
11:03:37	13.61	--	7	9527	买盘
11:03:22	13.61	--	1	1361	买盘
11:03:13	13.61	0.01	2	2722	买盘
11:03:07	13.6	-0.01	4	5440	卖盘
11:02:43	13.61	--	42	57162	买盘
11:02:28	13.61	--	4	5444	买盘
11:02:22	13.61	0.01	3	4083	买盘
11:02:18	13.6	--	65	88400	卖盘
11:01:58	13.6	-0.01	9	12240	卖盘
11:01:43	13.61	--	29	40816	卖盘
11:01:31	13.61	-0.02	10	13610	卖盘
11:01:22	13.63	0.01	23	31362	买盘
11:01:16	13.62	-0.01	50	68100	卖盘
11:01:07	13.63	--	0	0	买盘
11:01:01	13.63	0.01	86	117218	买盘
11:00:52	13.62	--	6	8171	买盘
11:00:42	13.62	-0.01	19	25878	卖盘
11:00:16	13.63	-0.01	5	8164	卖盘
10:59:52	13.64	0.01	4	5456	买盘
10:59:16	13.63	-0.01	9	12267	卖盘
10:59:07	13.64	--	10	13640	买盘
10:58:52	13.64	0.01	13	17732	买盘
10:58:37	13.63	--	64	87232	卖盘
10:58:31	13.63	-0.01	3	4089	卖盘
10:58:22	13.64	-0.02	4	5456	卖盘
10:58:07	13.66	--	0	0	买盘
10:57:52	13.66	--	25	34150	卖盘
10:57:42	13.66	--	0	0	卖盘
10:57:31	13.66	0.03	25	34150	买盘
10:57:22	13.63	-0.05	93	126759	卖盘
10:57:16	13.68	--	0	0	买盘
10:56:37	13.68	--	11	15048	卖盘
10:56:27	13.68	--	2	2736	卖盘
10:56:22	13.68	0.02	7	9576	买盘
10:56:12	13.66	-0.02	5	6830	卖盘
10:56:07	13.68	--	8	10944	买盘
10:56:01	13.68	--	20	27360	买盘
10:55:37	13.68	--	33	45144	买盘
10:55:22	13.68	--	7	9576	买盘
10:55:16	13.68	--	14	19152	卖盘
10:55:12	13.68	--	50	68400	卖盘
10:55:07	13.68	--	6	8208	买盘
10:54:56	13.68	--	17	23256	买盘
10:54:25	13.68	0.02	5	6840	买盘
10:53:40	13.66	--	34	46444	卖盘
10:53:31	13.66	0.01	71	96999	买盘
10:53:16	13.65	--	10	13650	卖盘
10:53:06	13.65	--	6	8190	卖盘
10:52:55	13.65	--	3	4095	卖盘
10:52:31	13.65	--	20	27300	买盘
10:52:21	13.65	0.01	22	30030	买盘
10:52:06	13.64	0.01	10	13640	买盘
10:51:55	13.63	--	1	1363	买盘
10:51:51	13.63	--	56	76328	卖盘
10:51:46	13.63	--	6	8178	卖盘
10:51:40	13.63	0.01	15	20445	买盘
10:51:16	13.62	-0.01	10	13620	卖盘
10:51:01	13.63	--	1	1363	卖盘
10:50:55	13.63	-0.01	28	38164	卖盘
10:50:51	13.64	--	34	46376	卖盘
10:50:46	13.64	--	3	4092	卖盘
10:50:40	13.64	0.01	5	6820	买盘
10:50:31	13.63	--	0	0	卖盘
10:50:25	13.63	--	13	17719	卖盘
10:49:46	13.63	-0.02	20	27260	卖盘
10:49:36	13.65	-0.01	11	15015	中性盘
10:49:31	13.66	--	9	12294	买盘
10:49:21	13.66	-0.01	122	168004	卖盘
10:49:16	13.67	0.01	20	27340	买盘
10:48:40	13.66	--	7	9562	卖盘
10:48:19	13.66	0.01	26	35529	买盘
10:48:16	13.65	0.02	21	28665	买盘
10:48:10	13.63	-0.02	1	1363	卖盘
10:47:55	13.65	0.02	30	40950	买盘
10:47:40	13.63	--	14	19082	卖盘
10:47:34	13.63	--	0	0	卖盘
10:47:25	13.63	--	0	0	卖盘
10:47:19	13.63	--	33	44979	卖盘
10:47:15	13.63	0.01	33	44979	买盘
10:47:04	13.62	--	187	254693	卖盘
10:46:49	13.62	--	6	8171	买盘
10:46:45	13.62	--	10	13620	买盘
10:46:34	13.62	0.01	34	46308	买盘
10:46:30	13.61	--	1	1361	卖盘
10:46:25	13.61	-0.01	7	9527	卖盘
10:46:10	13.62	0.02	4	5448	卖盘
10:46:00	13.6	--	0	0	卖盘
10:45:55	13.6	--	13	17680	卖盘
10:45:34	13.6	--	5	6800	卖盘
10:45:19	13.6	--	2	2720	卖盘
10:45:15	13.6	--	1	1360	卖盘
10:44:55	13.6	0.01	2	2720	卖盘
10:44:49	13.59	--	0	0	卖盘
10:44:45	13.59	-0.01	10	13590	卖盘
10:44:40	13.6	0.02	2	2720	买盘
10:44:04	13.58	--	0	0	卖盘
10:44:00	13.58	--	50	67900	卖盘
10:43:49	13.58	--	81	109998	卖盘
10:43:34	13.58	--	50	67900	卖盘
10:43:30	13.58	--	6	8148	卖盘
10:43:19	13.58	-0.02	146	198268	卖盘
10:43:10	13.6	--	0	0	买盘
10:42:55	13.6	0.02	4	5440	买盘
10:42:49	13.58	--	3	4074	卖盘
10:42:45	13.58	--	4	5432	卖盘
10:42:34	13.58	--	15	20370	买盘
10:42:30	13.58	0.01	50	67900	买盘
10:42:25	13.57	-0.01	4	5428	卖盘
10:42:19	13.58	--	50	67900	买盘
10:42:04	13.58	-0.01	19	25802	卖盘
10:41:55	13.59	0.02	2	2718	买盘
10:41:49	13.57	--	7	9499	买盘
10:41:43	13.57	-0.01	64	86848	卖盘
10:41:34	13.58	--	36	48888	买盘
10:41:28	13.58	0.01	114	154812	买盘
10:41:19	13.57	--	21	28497	卖盘
10:41:10	13.57	0.01	10	13570	买盘
10:41:04	13.56	-0.01	7	9492	卖盘
10:40:54	13.57	--	11	14927	卖盘
10:40:34	13.57	-0.01	5	6785	卖盘
10:40:28	13.58	--	44	59752	卖盘
10:40:19	13.58	-0.01	178	241724	卖盘
10:40:13	13.59	0.01	6	8154	中性盘
10:40:09	13.58	-0.01	12	16296	卖盘
10:40:04	13.59	0.01	61	82899	买盘
10:39:58	13.58	--	72	97776	卖盘
10:39:54	13.58	-0.01	4	5432	卖盘
10:39:39	13.59	-0.01	5	6795	卖盘
10:39:34	13.6	--	2	2720	买盘
10:39:28	13.6	--	5	6800	买盘
10:39:24	13.6	-0.01	80	108800	卖盘
10:39:09	13.61	--	44	59884	卖盘
10:39:04	13.61	--	1	1361	卖盘
10:38:58	13.61	0.01	5	6805	中性盘
10:38:54	13.6	--	50	68000	卖盘
10:38:49	13.6	-0.01	50	68000	卖盘
10:38:43	13.61	--	19	25859	买盘
10:38:39	13.61	--	8	10888	买盘
10:38:34	13.61	--	20	27220	卖盘
10:38:13	13.61	--	43	58523	卖盘
10:38:09	13.61	--	5	6805	卖盘
10:38:04	13.61	0.01	77	104797	买盘
10:37:58	13.6	-0.01	306	416160	卖盘
10:37:54	13.61	--	29	39469	买盘
10:37:49	13.61	--	2	2722	买盘
10:37:43	13.61	--	14	19054	买盘
10:37:39	13.61	--	35	47635	卖盘
10:37:28	13.61	--	4	5444	卖盘
10:37:19	13.61	--	2	2722	买盘
10:37:09	13.61	--	0	0	中性盘
10:37:04	13.61	0.01	10	13610	买盘
10:36:58	13.6	--	5	6800	卖盘
10:36:49	13.6	-0.01	64	87040	卖盘
10:36:43	13.61	--	0	0	卖盘
10:36:39	13.61	-0.01	35	47635	卖盘
10:36:34	13.62	0.01	10	13620	买盘
10:36:28	13.61	-0.03	100	136100	卖盘
10:36:19	13.64	--	52	70928	卖盘
10:36:04	13.64	--	7	9548	卖盘
10:35:43	13.64	--	13	17732	卖盘
10:35:39	13.64	--	7	9548	卖盘
10:35:34	13.64	--	145	197780	卖盘
10:35:13	13.64	-0.01	8	10912	卖盘
10:34:52	13.65	--	18	24570	买盘
10:34:43	13.65	--	10	13650	买盘
10:33:58	13.65	--	13	17745	卖盘
10:33:48	13.65	0.01	137	187005	买盘
10:33:37	13.64	-0.01	9	12276	卖盘
10:33:22	13.65	--	38	51870	卖盘
10:33:18	13.65	--	6	8190	卖盘
10:33:13	13.65	--	4	5460	卖盘
10:33:07	13.65	--	2	2730	买盘
10:32:58	13.65	0.01	114	155610	买盘
10:32:52	13.64	--	34	46376	卖盘
10:32:48	13.64	-0.02	50	68200	卖盘
10:32:43	13.66	0.02	150	204900	买盘
10:32:33	13.64	--	3	4092	卖盘
10:32:18	13.64	-0.01	24	32736	卖盘
10:32:07	13.65	0.01	69	94185	买盘
10:32:03	13.64	-0.01	1	1364	卖盘
10:31:58	13.65	0.01	1	1365	买盘
10:31:52	13.64	--	5	6820	卖盘
10:31:43	13.64	--	5	6820	卖盘
10:31:37	13.64	-0.01	2	2728	卖盘
10:31:18	13.65	--	2	2730	买盘
10:31:13	13.65	--	60	83251	卖盘
10:30:52	13.65	--	6	8190	卖盘
10:30:48	13.65	-0.01	23	31395	卖盘
10:30:43	13.66	0.01	70	95620	买盘
10:30:37	13.65	-0.01	3	4095	卖盘
10:30:28	13.66	0.01	13	17758	买盘
10:30:07	13.65	--	20	27313	买盘
10:29:58	13.65	-0.01	128	174720	卖盘
10:29:48	13.66	0.01	25	34150	卖盘
10:29:28	13.65	--	0	0	卖盘
10:29:13	13.65	-0.02	20	27300	卖盘
10:28:52	13.67	--	14	19138	卖盘
10:28:07	13.67	0.02	86	117562	买盘
10:28:01	13.65	-0.02	99	135135	卖盘
10:27:46	13.67	0.01	10	13670	买盘
10:27:37	13.66	-0.01	13	17758	卖盘
10:27:31	13.67	-0.02	7	9569	卖盘
10:27:27	13.69	0.02	20	27380	买盘
10:27:16	13.67	--	1	1367	买盘
10:27:12	13.67	0.01	100	136700	买盘
10:27:07	13.66	-0.03	10	13660	卖盘
10:26:46	13.69	--	0	0	买盘
10:26:42	13.69	0.02	100	136900	买盘
10:26:37	13.67	--	15	20505	卖盘
10:25:57	13.67	-0.02	10	13670	卖盘
10:25:52	13.69	--	1	1369	买盘
10:25:46	13.69	--	0	0	买盘
10:25:37	13.69	-0.02	6	8214	买盘
10:25:22	13.71	--	0	0	买盘
10:25:07	13.71	0.04	100	137100	买盘
10:25:01	13.67	--	3	4101	买盘
10:24:57	13.67	-0.03	7	9569	卖盘
10:24:46	13.7	0.03	30	41100	买盘
10:24:42	13.67	-0.03	5	6835	卖盘
10:24:37	13.7	--	4	5480	买盘
10:23:57	13.7	--	7	9590	买盘
10:23:52	13.7	0.03	80	109600	买盘
10:23:46	13.67	0.01	13	17771	买盘
10:23:31	13.66	--	20	27320	买盘
10:23:16	13.66	0.01	50	68300	买盘
10:23:12	13.65	--	6	8190	买盘
10:23:06	13.65	-0.01	5	6825	卖盘
10:23:01	13.66	0.01	111	151626	买盘
10:22:46	13.65	-0.01	4	5460	卖盘
10:22:26	13.66	0.02	9	12294	买盘
10:22:16	13.64	--	0	0	卖盘
10:22:11	13.64	-0.02	29	39556	卖盘
10:22:06	13.66	--	35	47810	买盘
10:21:55	13.66	--	21	28686	买盘
10:21:46	13.66	0.02	59	80594	买盘
10:21:40	13.64	-0.02	21	28644	卖盘
10:21:36	13.66	--	20	27320	买盘
10:21:25	13.66	--	36	49176	买盘
10:21:21	13.66	--	4	5464	卖盘
10:21:16	13.66	--	6	8196	卖盘
10:21:10	13.66	--	3	4098	卖盘
10:20:55	13.66	--	100	136600	卖盘
10:20:36	13.66	--	22	30052	中性盘
10:20:31	13.66	--	6	8196	买盘
10:20:25	13.66	--	5	6830	买盘
10:20:01	13.66	--	6	8196	卖盘
10:19:55	13.66	-0.01	10	13660	卖盘
10:19:16	13.67	0.01	23	31441	买盘
10:19:10	13.66	--	3	4098	卖盘
10:19:06	13.66	-0.02	10	13660	卖盘
10:19:01	13.68	0.04	11	15048	买盘
10:18:55	13.64	--	0	0	卖盘
10:18:46	13.64	-0.02	165	225060	卖盘
10:18:40	13.66	--	18	24588	买盘
10:18:31	13.66	0.01	8	10928	买盘
10:18:25	13.65	--	50	68250	买盘
10:18:16	13.65	0.02	73	99645	买盘
10:18:10	13.63	--	0	0	卖盘
10:18:06	13.63	-0.01	65	88595	卖盘
10:17:55	13.64	0.01	44	60016	买盘
10:17:46	13.63	-0.01	4	5452	卖盘
10:17:40	13.64	--	20	27280	买盘
10:17:36	13.64	--	9	12276	买盘
10:17:06	13.64	-0.02	10	13640	卖盘
10:16:46	13.66	-0.01	34	46444	卖盘
10:16:40	13.67	-0.01	1	1367	卖盘
10:16:25	13.68	-0.01	56	76608	卖盘
10:16:21	13.69	0.01	9	12321	卖盘
10:16:10	13.68	-0.02	3	4104	卖盘
10:15:55	13.7	--	0	0	买盘
10:15:40	13.7	-0.01	23	31510	卖盘
10:15:34	13.71	0.01	5	6855	买盘
10:15:25	13.7	--	3	4110	卖盘
10:15:15	13.7	--	48	65760	卖盘
10:15:10	13.7	0.03	107	146590	买盘
10:15:04	13.67	-0.02	2	2734	卖盘
10:15:00	13.69	0.01	5	6845	中性盘
10:14:49	13.68	--	9	12312	卖盘
10:14:40	13.68	0.05	91	124488	买盘
10:14:30	13.63	-0.04	28	38164	卖盘
10:14:25	13.67	--	11	15037	卖盘
10:14:19	13.67	-0.01	20	27340	卖盘
10:14:15	13.68	0.01	4	5472	买盘
10:14:04	13.67	-0.01	50	68350	卖盘
10:14:00	13.68	-0.02	4	5472	卖盘
10:13:55	13.7	--	30	41100	买盘
10:13:45	13.7	--	1	1370	买盘
10:13:30	13.7	--	2	2740	卖盘
10:13:25	13.7	--	3	4110	卖盘
10:13:19	13.7	--	35	47950	卖盘
10:13:10	13.7	--	6	8220	买盘
10:13:04	13.7	--	44	60280	买盘
10:12:34	13.7	--	14	19180	卖盘
10:12:25	13.7	--	93	127410	卖盘
10:12:19	13.7	--	23	31510	卖盘
10:12:10	13.7	-0.01	4	5480	卖盘
10:12:04	13.71	-0.01	5	6855	卖盘
10:11:55	13.72	0.01	10	13720	买盘
10:11:49	13.71	-0.01	30	41130	卖盘
10:11:45	13.72	0.01	31	42532	买盘
10:11:40	13.71	-0.02	2	2742	卖盘
10:11:30	13.73	--	0	0	买盘
10:11:25	13.73	0.01	120	164760	买盘
10:11:19	13.72	-0.01	15	20580	中性盘
10:11:15	13.73	--	2	2746	买盘
10:11:10	13.73	--	6	8238	买盘
10:11:00	13.73	-0.01	133	183240	卖盘
10:10:55	13.74	0.01	10	13740	买盘
10:10:49	13.73	-0.01	7	10352	卖盘
10:10:34	13.74	0.01	62	85188	买盘
10:10:30	13.73	-0.01	3	4119	卖盘
10:10:24	13.74	0.01	101	138774	买盘
10:10:19	13.73	--	8	10984	卖盘
10:10:15	13.73	--	2	2746	卖盘
10:10:10	13.73	0.03	53	72769	买盘
10:10:04	13.7	--	39	53430	卖盘
10:09:55	13.7	--	56	76720	买盘
10:09:49	13.7	0.02	10	13700	买盘
10:09:45	13.68	-0.02	5	6840	卖盘
10:09:39	13.7	--	17	23290	买盘
10:09:34	13.7	--	5	6850	买盘
10:09:29	13.7	-0.03	32	43840	卖盘
10:09:25	13.73	--	11	15103	卖盘
10:09:19	13.73	0.03	9	12357	买盘
10:09:09	13.7	0.03	125	171250	买盘
10:09:04	13.67	--	1	1367	卖盘
10:08:58	13.67	--	42	57414	买盘
10:08:54	13.67	0.01	10	13670	买盘
10:08:49	13.66	--	11	15026	卖盘
10:08:39	13.66	--	14	19124	买盘
10:08:34	13.66	0.05	11	15026	买盘
10:08:28	13.61	--	0	0	卖盘
10:08:24	13.61	--	5	6805	卖盘
10:08:19	13.61	0.01	21	28581	中性盘
10:08:13	13.6	--	5	6800	卖盘
10:08:09	13.6	-0.02	9	12240	卖盘
10:08:04	13.62	0.04	1015	1382430	买盘
10:07:58	13.58	0.03	38	51604	卖盘
10:07:54	13.55	--	0	0	卖盘
10:07:49	13.55	-0.05	250	338750	卖盘
10:07:43	13.6	--	11	14960	买盘
10:07:24	13.6	--	35	47600	买盘
10:07:19	13.6	-0.01	162	220320	卖盘
10:07:13	13.61	-0.02	95	129295	卖盘
10:07:09	13.63	-0.02	13	17719	卖盘
10:07:04	13.65	0.02	14	19110	中性盘
10:06:58	13.63	-0.05	1	1363	卖盘
10:06:54	13.68	0.01	26	35568	买盘
10:06:49	13.67	-0.01	130	177710	买盘
10:06:43	13.68	0.01	23	31464	买盘
10:06:39	13.67	-0.03	30	41010	卖盘
10:06:28	13.7	--	2	2740	卖盘
10:06:24	13.7	--	2	2740	卖盘
10:06:19	13.7	--	94	128780	买盘
10:06:13	13.7	--	68	93160	买盘
10:06:09	13.7	-0.02	1	1370	买盘
10:06:04	13.72	0.02	11	15092	买盘
10:05:58	13.7	-0.02	250	342500	卖盘
10:05:53	13.72	-0.01	64	87808	卖盘
10:05:49	13.73	--	18	24714	卖盘
10:05:43	13.73	-0.01	70	96110	卖盘
10:05:39	13.74	--	8	10992	买盘
10:05:34	13.74	--	3	4122	买盘
10:05:28	13.74	--	21	28854	中性盘
10:05:24	13.74	--	5	6870	卖盘
10:05:19	13.74	--	59	81066	卖盘
10:05:13	13.74	--	10	13740	卖盘
10:05:04	13.74	0.01	66	90684	买盘
10:04:58	13.73	0.01	48	65904	买盘
10:04:54	13.72	-0.01	25	34300	卖盘
10:04:49	13.73	0.01	73	100229	买盘
10:04:43	13.72	--	14	19208	买盘
10:04:39	13.72	0.01	4	5488	买盘
10:04:28	13.71	--	12	16452	卖盘
10:04:24	13.71	0.03	96	131616	买盘
10:04:19	13.68	-0.02	24	32832	卖盘
10:04:13	13.7	0.02	28	38360	买盘
10:04:09	13.68	--	3	4104	卖盘
10:04:04	13.68	-0.02	20	27360	卖盘
10:03:58	13.7	0.01	3	4110	买盘
10:03:53	13.69	-0.01	10	13690	卖盘
10:03:49	13.7	-0.03	26	35620	卖盘
10:03:38	13.73	0.01	65	89245	买盘
10:03:33	13.72	-0.02	84	115248	卖盘
10:03:28	13.74	--	13	17862	买盘
10:03:23	13.74	--	87	119538	买盘
10:03:18	13.74	0.01	51	70074	买盘
10:03:13	13.73	-0.02	308	422884	卖盘
10:03:07	13.75	0.01	116	159500	买盘
10:03:03	13.74	-0.01	49	67326	卖盘
10:02:58	13.75	--	208	286000	买盘
10:02:52	13.75	--	66	90750	买盘
10:02:48	13.75	--	5	6875	买盘
10:02:43	13.75	--	50	68750	买盘
10:02:37	13.75	-0.02	83	114125	卖盘
10:02:28	13.77	0.04	326	448902	买盘
10:02:22	13.73	-0.02	234	321282	卖盘
10:02:18	13.75	0.01	126	173250	买盘
10:02:13	13.74	--	25	34350	卖盘
10:02:07	13.74	0.04	86	118164	买盘
10:01:58	13.7	--	43	58910	买盘
10:01:52	13.7	--	0	0	买盘
10:01:48	13.7	--	0	0	买盘
10:01:43	13.7	0.03	64	87680	买盘
10:01:37	13.67	--	62	84754	买盘
10:01:33	13.67	0.02	106	144902	买盘
10:01:28	13.65	--	28	38220	卖盘
10:01:22	13.65	0.02	69	94185	买盘
10:01:18	13.63	0.01	8	10904	买盘
10:01:13	13.62	0.01	8	10896	买盘
10:01:07	13.61	-0.01	278	378358	卖盘
10:01:03	13.62	0.02	141	192042	买盘
10:00:58	13.6	--	57	77520	买盘
10:00:52	13.6	0.01	15	20400	买盘
10:00:48	13.59	--	11	14949	卖盘
10:00:43	13.59	--	422	573498	买盘
10:00:37	13.59	--	56	76104	买盘
10:00:33	13.59	--	32	43488	买盘
10:00:28	13.59	--	10	13590	买盘
10:00:18	13.59	0.01	7	9513	买盘
10:00:13	13.58	-0.01	235	319130	卖盘
10:00:07	13.59	0.01	3	4077	买盘
09:59:58	13.58	0.02	263	357154	买盘
09:59:48	13.56	--	10	13560	买盘
09:59:43	13.56	-0.01	118	160008	买盘
09:59:37	13.57	--	41	55637	买盘
09:59:33	13.57	0.01	33	44781	买盘
09:59:28	13.56	--	0	0	卖盘
09:59:03	13.56	0.01	87	117972	买盘
09:58:57	13.55	--	13	17615	买盘
09:58:52	13.55	--	24	32520	买盘
09:58:48	13.55	--	2	2710	买盘
09:58:43	13.55	-0.01	113	153115	卖盘
09:58:37	13.56	--	137	185772	买盘
09:58:28	13.56	0.01	3	4068	买盘
09:58:22	13.55	-0.01	7	9485	卖盘
09:58:13	13.56	0.01	8	10848	买盘
09:58:07	13.55	0.01	221	299455	买盘
09:57:58	13.54	-0.01	33	44682	卖盘
09:57:48	13.55	0.01	1	1355	买盘
09:57:42	13.54	--	6	8123	卖盘
09:57:37	13.54	--	15	20310	卖盘
09:57:32	13.54	--	20	27080	卖盘
09:57:28	13.54	--	6	8123	买盘
09:57:22	13.54	--	30	40620	买盘
09:57:18	13.54	--	76	102904	卖盘
09:57:07	13.54	--	16	21664	卖盘
09:57:03	13.54	-0.01	64	86656	卖盘
09:56:57	13.55	--	10	13550	卖盘
09:56:52	13.55	--	19	25745	卖盘
09:56:46	13.55	--	3	4065	卖盘
09:56:42	13.55	--	0	0	卖盘
09:56:31	13.55	--	101	136855	卖盘
09:56:27	13.55	--	0	0	卖盘
09:56:16	13.55	--	1	1355	买盘
09:56:12	13.55	--	4	5420	卖盘
09:56:07	13.55	--	6	8130	卖盘
09:56:01	13.55	0.01	67	90785	买盘
09:55:37	13.54	-0.01	7	9478	卖盘
09:55:27	13.55	0.01	57	77235	买盘
09:55:16	13.54	--	51	69054	卖盘
09:55:12	13.54	-0.01	1	1354	卖盘
09:55:01	13.55	--	4	5420	买盘
09:54:52	13.55	--	28	37940	买盘
09:54:46	13.55	--	9	12195	买盘
09:54:37	13.55	--	23	31165	卖盘
09:54:31	13.55	-0.01	1	1355	卖盘
09:54:22	13.56	0.02	64	86784	买盘
09:54:16	13.54	-0.01	89	120505	卖盘
09:54:12	13.55	--	4	5420	买盘
09:54:07	13.55	0.01	114	154470	买盘
09:54:01	13.54	--	54	73116	卖盘
09:53:52	13.54	-0.01	66	89364	卖盘
09:53:46	13.55	0.01	10	13550	买盘
09:53:37	13.54	--	9	12186	卖盘
09:53:31	13.54	--	0	0	卖盘
09:53:22	13.54	--	20	27080	卖盘
09:53:16	13.54	--	0	0	卖盘
09:53:07	13.54	-0.01	24	32495	卖盘
09:53:01	13.55	--	0	0	中性盘
09:52:57	13.55	0.01	14	18970	买盘
09:52:52	13.54	--	25	33850	卖盘
09:52:46	13.54	-0.02	59	79886	卖盘
09:52:42	13.56	0.02	2	2712	买盘
09:52:37	13.54	-0.01	57	77178	卖盘
09:52:31	13.55	--	30	40650	卖盘
09:52:22	13.55	--	7	9485	买盘
09:52:16	13.55	--	18	24390	买盘
09:52:12	13.55	--	1	1355	买盘
09:52:07	13.55	--	37	50135	卖盘
09:52:01	13.55	-0.02	60	81300	卖盘
09:51:57	13.57	-0.01	5	6785	中性盘
09:51:52	13.58	0.01	11	14938	买盘
09:51:46	13.57	-0.01	10	13570	中性盘
09:51:42	13.58	--	32	43456	买盘
09:51:37	13.58	--	0	0	买盘
09:51:31	13.58	0.03	17	23086	买盘
09:51:26	13.55	--	46	62330	卖盘
09:51:16	13.55	0.01	1	1355	买盘
09:51:07	13.54	--	4	5416	卖盘
09:51:01	13.54	0.01	2	2708	中性盘
09:50:56	13.53	-0.02	22	29766	卖盘
09:50:51	13.55	0.02	7	9485	买盘
09:50:46	13.53	--	21	28413	卖盘
09:50:40	13.53	--	18	24354	卖盘
09:50:31	13.53	--	15	20295	卖盘
09:50:25	13.53	0.01	207	280206	买盘
09:50:21	13.52	--	7	9464	卖盘
09:50:16	13.52	--	119	160888	卖盘
09:50:10	13.52	-0.01	1	1352	卖盘
09:50:06	13.53	0.01	13	17589	买盘
09:50:01	13.52	-0.01	55	74360	卖盘
09:49:55	13.53	0.01	9	12177	买盘
09:49:51	13.52	--	10	13520	卖盘
09:49:46	13.52	-0.01	117	159400	卖盘
09:49:40	13.53	-0.01	14	18942	卖盘
09:49:36	13.54	--	13	17602	买盘
09:49:31	13.54	-0.01	528	714912	卖盘
09:49:25	13.55	--	20	27100	卖盘
09:49:21	13.55	--	154	208670	卖盘
09:49:16	13.55	--	40	54200	卖盘
09:49:10	13.55	--	0	0	卖盘
09:49:06	13.55	-0.01	45	60975	卖盘
09:49:01	13.56	-0.02	135	183060	卖盘
09:48:55	13.58	--	31	42098	卖盘
09:48:51	13.58	0.01	2	2716	买盘
09:48:46	13.57	--	5	6785	卖盘
09:48:40	13.57	-0.01	8	10856	卖盘
09:48:31	13.58	0.01	8	10864	中性盘
09:48:25	13.57	-0.01	6	8142	卖盘
09:48:21	13.58	--	10	13580	卖盘
09:48:16	13.58	--	19	25802	买盘
09:48:10	13.58	--	20	27160	买盘
09:48:01	13.58	0.01	1	1358	买盘
09:47:55	13.57	-0.01	1	1357	卖盘
09:47:46	13.58	--	6	8148	买盘
09:47:40	13.58	--	6	8148	买盘
09:47:36	13.58	-0.01	5	6790	卖盘
09:47:16	13.59	0.01	49	66591	卖盘
09:47:10	13.58	--	5	6790	卖盘
09:47:00	13.58	-0.02	50	67900	卖盘
09:46:55	13.6	0.01	102	138720	买盘
09:46:46	13.59	-0.01	16	21744	卖盘
09:46:40	13.6	--	9	12240	卖盘
09:46:36	13.6	--	52	70720	卖盘
09:46:31	13.6	--	60	81600	卖盘
09:46:25	13.6	-0.01	7	9520	卖盘
09:46:16	13.61	--	48	65328	卖盘
09:46:10	13.61	--	2	2722	卖盘
09:46:01	13.61	--	43	58523	买盘
09:45:55	13.61	-0.01	24	32664	卖盘
09:45:46	13.62	--	1	1362	买盘
09:45:40	13.62	--	6	8171	买盘
09:45:30	13.62	--	24	32687	卖盘
09:45:25	13.62	0.02	11	14982	买盘
09:45:21	13.6	--	0	0	卖盘
09:45:06	13.6	0.02	34	46240	买盘
09:45:00	13.58	--	12	16296	卖盘
09:44:55	13.58	--	1	1358	卖盘
09:44:45	13.58	0.02	41	55678	买盘
09:44:40	13.56	--	36	48816	买盘
09:44:35	13.56	--	55	74580	买盘
09:44:25	13.56	0.01	10	13560	买盘
09:44:19	13.55	-0.01	20	27100	卖盘
09:44:10	13.56	--	76	103056	买盘
09:44:04	13.56	0.01	12	16272	买盘
09:44:00	13.55	--	130	176150	卖盘
09:43:55	13.55	--	19	25745	卖盘
09:43:49	13.55	-0.01	16	21680	卖盘
09:43:40	13.56	0.01	7	9492	买盘
09:43:34	13.55	-0.01	55	74525	卖盘
09:43:30	13.56	--	37	50172	买盘
09:43:25	13.56	--	59	80004	卖盘
09:43:19	13.56	--	75	101700	卖盘
09:43:15	13.56	-0.01	5	6780	卖盘
09:43:10	13.57	0.01	108	146556	买盘
09:43:04	13.56	--	4	5424	买盘
09:43:00	13.56	0.01	35	47460	买盘
09:42:55	13.55	--	18	24390	卖盘
09:42:40	13.55	-0.01	16	21680	中性盘
09:42:34	13.56	0.02	4	5424	买盘
09:42:25	13.54	--	19	25726	买盘
09:42:19	13.54	0.01	21	28434	中性盘
09:42:15	13.53	-0.02	204	276147	卖盘
09:42:10	13.55	0.02	152	205960	买盘
09:42:04	13.53	-0.01	56	75768	卖盘
09:42:00	13.54	0.01	50	67700	买盘
09:41:55	13.53	-0.01	18	24354	卖盘
09:41:49	13.54	0.01	13	17602	买盘
09:41:45	13.53	-0.01	20	27060	卖盘
09:41:34	13.54	--	50	67700	卖盘
09:41:30	13.54	--	11	14893	卖盘
09:41:25	13.54	-0.01	52	70408	卖盘
09:41:19	13.55	0.01	57	77235	买盘
09:41:15	13.54	-0.01	2	2708	卖盘
09:41:10	13.55	--	5	6775	买盘
09:41:04	13.55	-0.01	63	86584	卖盘
09:40:55	13.56	0.01	77	104547	买盘
09:40:49	13.55	-0.01	197	268154	卖盘
09:40:45	13.56	--	3	4068	买盘
09:40:39	13.56	--	40	54240	买盘
09:40:34	13.56	--	61	82851	卖盘
09:40:25	13.56	-0.01	90	122040	卖盘
09:40:19	13.57	0.02	106	145063	买盘
09:40:15	13.55	-0.01	64	86720	卖盘
09:40:09	13.56	--	46	62511	买盘
09:40:04	13.56	--	16	21696	买盘
09:40:00	13.56	--	36	50036	卖盘
09:39:54	13.56	-0.01	12	16272	卖盘
09:39:49	13.57	0.01	33	44781	买盘
09:39:40	13.56	-0.01	30	40680	卖盘
09:39:34	13.57	--	178	241546	卖盘
09:39:29	13.57	--	7	9499	卖盘
09:39:25	13.57	0.01	119	161618	买盘
09:39:19	13.56	-0.01	9	12204	卖盘
09:39:10	13.57	--	68	93497	卖盘
09:39:04	13.57	--	124	168403	卖盘
09:38:59	13.57	--	19	25783	卖盘
09:38:54	13.57	0.01	26	35282	卖盘
09:38:49	13.56	-0.04	50	67800	卖盘
09:38:44	13.6	--	124	168640	买盘
09:38:39	13.6	0.04	192	261120	买盘
09:38:34	13.56	-0.04	28	37968	卖盘
09:38:28	13.6	0.02	57	77520	买盘
09:38:24	13.58	-0.02	122	165676	卖盘
09:38:19	13.6	--	8	10880	买盘
09:38:14	13.6	--	5	6800	买盘
09:38:09	13.6	--	237	322320	买盘
09:38:04	13.6	--	0	0	买盘
09:37:58	13.6	--	53	72080	买盘
09:37:54	13.6	--	5	6800	买盘
09:37:49	13.6	--	1	1360	买盘
09:37:43	13.6	--	128	174080	买盘
09:37:39	13.6	-0.03	132	179520	卖盘
09:37:34	13.63	0.01	38	51794	买盘
09:37:28	13.62	--	15	20430	卖盘
09:37:24	13.62	-0.01	48	65375	卖盘
09:37:13	13.63	0.03	28	38164	买盘
09:37:04	13.6	--	42	57120	买盘
09:36:58	13.6	0.05	109	148240	买盘
09:36:54	13.55	-0.05	163	220865	卖盘
09:36:49	13.6	-0.01	55	74800	卖盘
09:36:43	13.61	0.01	106	144266	买盘
09:36:39	13.6	--	39	53040	卖盘
09:36:34	13.6	--	53	72080	买盘
09:36:28	13.6	0.01	38	51680	买盘
09:36:19	13.59	--	5	6795	卖盘
09:36:13	13.59	0.06	114	154926	买盘
09:36:09	13.53	--	41	55473	买盘
09:36:04	13.53	--	94	127182	卖盘
09:35:58	13.53	-0.06	1	1353	卖盘
09:35:49	13.59	0.07	143	194337	买盘
09:35:43	13.52	0.01	115	155480	卖盘
09:35:39	13.51	-0.01	315	425565	卖盘
09:35:34	13.52	0.01	514	695063	买盘
09:35:28	13.51	0.01	30	40530	中性盘
09:35:24	13.5	-0.01	208	280800	卖盘
09:35:19	13.51	--	15	20265	卖盘
09:35:13	13.51	-0.02	128	174143	卖盘
09:35:09	13.53	--	21	28548	卖盘
09:35:04	13.53	-0.05	44	59532	卖盘
09:34:58	13.58	--	0	0	买盘
09:34:54	13.58	0.01	25	33950	买盘
09:34:49	13.57	--	22	29854	买盘
09:34:43	13.57	-0.03	230	312110	卖盘
09:34:39	13.6	--	42	57120	卖盘
09:34:34	13.6	0.01	11	14960	买盘
09:34:28	13.59	--	333	452547	卖盘
09:34:24	13.59	--	7	9513	卖盘
09:34:19	13.59	--	79	107361	卖盘
09:34:13	13.59	-0.04	35	47565	卖盘
09:34:09	13.63	0.03	52	70876	买盘
09:34:03	13.6	-0.05	64	87040	买盘
09:33:58	13.65	0.02	433	591045	买盘
09:33:54	13.63	-0.02	3	4089	卖盘
09:33:48	13.65	--	104	141960	卖盘
09:33:43	13.65	-0.03	55	75075	卖盘
09:33:33	13.68	--	4	5472	买盘
09:33:28	13.68	--	45	61560	卖盘
09:33:23	13.68	--	20	27360	卖盘
09:33:18	13.68	-0.01	10	13680	卖盘
09:33:13	13.69	--	126	172494	买盘
09:33:09	13.69	-0.01	14	19166	卖盘
09:33:03	13.7	--	21	28770	买盘
09:32:58	13.7	-0.01	124	169880	卖盘
09:32:53	13.71	--	20	27420	卖盘
09:32:48	13.71	-0.01	46	63066	卖盘
09:32:43	13.72	-0.01	15	20580	中性盘
09:32:38	13.73	--	9	12357	买盘
09:32:33	13.73	--	50	68650	买盘
09:32:28	13.73	--	219	300687	买盘
09:32:23	13.73	--	5	6865	买盘
09:32:18	13.73	-0.01	65	89245	卖盘
09:32:13	13.74	--	24	32976	买盘
09:32:08	13.74	--	11	15114	买盘
09:32:03	13.74	0.01	125	171750	买盘
09:31:58	13.73	-0.01	2	2746	卖盘
09:31:52	13.74	--	10	13740	买盘
09:31:48	13.74	0.04	86	118164	买盘
09:31:43	13.7	--	120	164400	卖盘
09:31:37	13.7	--	25	34250	卖盘
09:31:33	13.7	-0.05	20	27400	卖盘
09:31:28	13.75	0.05	3	4125	买盘
09:31:22	13.7	0.01	89	121930	中性盘
09:31:18	13.69	-0.06	34	46546	卖盘
09:31:13	13.75	0.05	195	268125	买盘
09:31:07	13.7	-0.03	37	50690	买盘
09:31:03	13.73	0.08	16	21968	买盘
09:30:58	13.65	--	0	0	卖盘
09:30:52	13.65	0.04	36	49140	中性盘
09:30:48	13.61	-0.08	113	153793	卖盘
09:30:43	13.69	0.03	15	20535	买盘
09:30:37	13.66	-0.04	25	34150	卖盘
09:30:33	13.7	0.1	2	2740	买盘
09:30:28	13.6	-0.1	103	140080	卖盘
09:30:22	13.7	0.1	15	20550	买盘
09:30:18	13.6	-0.06	20	27200	卖盘
09:30:13	13.66	0.01	55	75130	买盘
09:30:07	13.65	-0.14	1763	2406495	卖盘
09:30:03	13.79	0.06	118	162818	买盘
09:28:47	13.73	--	0	0	卖盘
09:25:06	13.73	13.73	2717	3731717	买盘
