成交时间	成交价	价格变动	成交量(手)	成交额(元)	性质
15:00:00	21.74	--	0	0	卖盘
15:00:00	21.74	-0.01	26	56523	卖盘
14:59:59	21.75	--	66	143550	卖盘
14:59:53	21.75	--	5	10875	卖盘
14:59:49	21.75	0.01	145	315375	买盘
14:59:44	21.74	-0.01	94	206356	卖盘
14:59:38	21.75	0.01	25	54375	买盘
14:59:34	21.74	-0.01	125	271750	卖盘
14:59:29	21.75	0.01	144	313200	买盘
14:59:23	21.74	--	256	556544	卖盘
14:59:19	21.74	-0.01	124	269576	卖盘
14:59:14	21.75	--	41	89175	买盘
14:59:08	21.75	0.01	79	171825	买盘
14:59:04	21.74	-0.01	39	84786	中性盘
14:58:59	21.75	0.01	52	113274	买盘
14:58:53	21.74	--	20	43480	卖盘
14:58:49	21.74	0.01	153	334622	买盘
14:58:44	21.73	-0.01	76	165148	卖盘
14:58:38	21.74	0.01	48	104351	买盘
14:58:34	21.73	-0.01	104	225992	卖盘
14:58:29	21.74	--	188	408711	买盘
14:58:23	21.74	0.01	69	150006	买盘
14:58:19	21.73	0.01	38	82574	中性盘
14:58:14	21.72	--	95	206340	卖盘
14:58:08	21.72	-0.01	29	62988	卖盘
14:58:04	21.73	--	54	117342	买盘
14:57:59	21.73	0.01	154	334642	卖盘
14:57:53	21.72	--	104	225888	卖盘
14:57:49	21.72	-0.01	147	321303	卖盘
14:57:44	21.73	0.01	275	597575	买盘
14:57:38	21.72	-0.01	75	162900	卖盘
14:57:34	21.73	0.01	280	608440	买盘
14:57:29	21.72	-0.01	405	879660	卖盘
14:57:23	21.73	--	35	76055	买盘
14:57:19	21.73	0.01	25	54325	买盘
14:57:14	21.72	-0.01	114	247608	卖盘
14:57:08	21.73	0.01	94	204262	卖盘
14:57:04	21.72	-0.01	40	86880	卖盘
14:56:59	21.73	--	171	372995	买盘
14:56:53	21.73	0.01	166	360718	买盘
14:56:49	21.72	-0.01	362	787024	卖盘
14:56:44	21.73	0.01	269	584537	买盘
14:56:38	21.72	--	5	12271	卖盘
14:56:34	21.72	--	69	149868	卖盘
14:56:29	21.72	--	161	349692	买盘
14:56:23	21.72	--	185	401820	买盘
14:56:19	21.72	--	172	373584	卖盘
14:56:14	21.72	-0.01	156	338832	中性盘
14:56:08	21.73	0.01	102	221646	买盘
14:56:04	21.72	-0.01	123	267156	中性盘
14:55:59	21.73	--	462	1003926	买盘
14:55:53	21.73	-0.01	202	438946	卖盘
14:55:49	21.74	--	276	600024	买盘
14:55:44	21.74	--	220	478279	买盘
14:55:38	21.74	--	25	54349	买盘
14:55:34	21.74	--	349	758726	卖盘
14:55:29	21.74	-0.01	71	154354	卖盘
14:55:23	21.75	--	3	6525	买盘
14:55:19	21.75	-0.02	121	263175	卖盘
14:55:14	21.77	--	65	141505	卖盘
14:55:08	21.77	--	22	47894	卖盘
14:55:04	21.77	0.02	98	213346	买盘
14:54:59	21.75	-0.02	26	56550	卖盘
14:54:53	21.77	0.01	47	102319	买盘
14:54:49	21.76	--	31	67456	买盘
14:54:44	21.76	-0.02	44	95744	卖盘
14:54:33	21.78	--	148	322344	买盘
14:54:29	21.78	--	1026	2234628	买盘
14:54:23	21.78	--	16	34848	买盘
14:54:18	21.78	-0.01	101	219978	卖盘
14:54:13	21.79	--	52	113308	买盘
14:54:08	21.79	--	72	156888	卖盘
14:54:04	21.79	0.01	53	115487	买盘
14:53:58	21.78	-0.01	118	257004	卖盘
14:53:53	21.79	--	305	664595	卖盘
14:53:47	21.79	--	17	37043	卖盘
14:53:43	21.79	--	415	904285	买盘
14:53:38	21.79	0.01	61	132919	买盘
14:53:32	21.78	--	230	500940	卖盘
14:53:28	21.78	-0.01	29	63162	卖盘
14:53:23	21.79	--	31	67549	买盘
14:53:17	21.79	--	118	257209	卖盘
14:53:13	21.79	--	61	132919	卖盘
14:53:08	21.79	--	9	19611	卖盘
14:53:02	21.79	--	22	47938	卖盘
14:52:58	21.79	--	216	470664	卖盘
14:52:53	21.79	-0.01	43	93697	卖盘
14:52:47	21.8	--	15	32700	买盘
14:52:43	21.8	--	122	265960	买盘
14:52:38	21.8	--	58	126440	买盘
14:52:32	21.8	--	313	682340	买盘
14:52:28	21.8	-0.01	220	479600	卖盘
14:52:23	21.81	0.01	155	338055	买盘
14:52:17	21.8	--	31	67580	卖盘
14:52:13	21.8	-0.01	101	220180	卖盘
14:52:08	21.81	0.01	49	106869	买盘
14:52:02	21.8	--	10	21800	卖盘
14:51:58	21.8	-0.02	32	69760	卖盘
14:51:53	21.82	0.01	6	13092	买盘
14:51:47	21.81	-0.01	99	215919	卖盘
14:51:43	21.82	-0.01	43	93826	卖盘
14:51:38	21.83	0.01	22	48025	买盘
14:51:32	21.82	--	7	15274	卖盘
14:51:28	21.82	--	7	15274	卖盘
14:51:23	21.82	0.01	32	69824	卖盘
14:51:17	21.81	-0.01	155	338055	卖盘
14:51:13	21.82	--	9	19638	买盘
14:51:08	21.82	0.01	4	8728	买盘
14:51:02	21.81	--	10	21810	卖盘
14:50:58	21.81	--	30	65429	卖盘
14:50:53	21.81	-0.01	3	6543	卖盘
14:50:47	21.82	0.01	3	6546	买盘
14:50:43	21.81	--	51	111231	卖盘
14:50:38	21.81	0.01	63	137403	买盘
14:50:28	21.8	-0.01	212	462160	卖盘
14:50:23	21.81	--	46	100326	买盘
14:50:17	21.81	--	23	50163	买盘
14:50:13	21.81	0.01	77	167937	买盘
14:50:08	21.8	-0.01	23	50140	卖盘
14:50:02	21.81	0.01	3	6543	买盘
14:49:58	21.8	--	124	270320	卖盘
14:49:53	21.8	--	134	292120	买盘
14:49:47	21.8	--	57	124260	买盘
14:49:43	21.8	--	87	189660	买盘
14:49:38	21.8	--	50	109000	买盘
14:49:32	21.8	--	15	32700	买盘
14:49:28	21.8	--	79	172220	买盘
14:49:23	21.8	--	48	104640	买盘
14:49:17	21.8	--	20	43600	买盘
14:49:13	21.8	--	214	466520	卖盘
14:49:08	21.8	--	149	324820	卖盘
14:49:02	21.8	--	15	32700	卖盘
14:48:58	21.8	-0.01	64	139520	中性盘
14:48:53	21.81	0.01	55	119955	买盘
14:48:47	21.8	--	42	91560	卖盘
14:48:43	21.8	--	68	148240	卖盘
14:48:38	21.8	0.01	3	6540	卖盘
14:48:28	21.79	--	35	76265	卖盘
14:48:23	21.79	-0.02	50	108950	卖盘
14:48:17	21.81	0.02	50	110685	买盘
14:48:13	21.79	-0.01	167	363893	卖盘
14:48:08	21.8	--	42	91560	买盘
14:48:02	21.8	0.01	268	584240	买盘
14:47:56	21.79	-0.01	23	50117	卖盘
14:47:52	21.8	--	60	130800	买盘
14:47:47	21.8	--	80	174400	买盘
14:47:41	21.8	--	27	58860	买盘
14:47:37	21.8	-0.01	109	238165	卖盘
14:47:32	21.81	0.01	15	32714	买盘
14:47:26	21.8	-0.01	151	329180	卖盘
14:47:22	21.81	0.01	16	34896	买盘
14:47:17	21.8	--	9	19620	卖盘
14:47:11	21.8	--	13	28340	卖盘
14:47:07	21.8	--	101	221815	买盘
14:47:02	21.8	--	375	817957	买盘
14:46:52	21.8	--	228	497585	卖盘
14:46:47	21.8	--	21	45780	卖盘
14:46:41	21.8	--	1	2180	卖盘
14:46:37	21.8	--	66	145515	买盘
14:46:26	21.8	--	25	54500	买盘
14:46:22	21.8	-0.02	172	375505	卖盘
14:46:17	21.82	0.01	7	15274	买盘
14:46:11	21.81	-0.01	25	54525	卖盘
14:46:02	21.82	-0.01	2	4364	中性盘
14:45:56	21.83	0.01	64	139712	买盘
14:45:52	21.82	-0.01	1	2182	卖盘
14:45:47	21.83	--	1028	2244124	卖盘
14:45:41	21.83	--	25	54574	卖盘
14:45:37	21.83	--	1	2183	卖盘
14:45:32	21.83	0.01	33	72039	买盘
14:45:26	21.82	--	10	21820	卖盘
14:45:22	21.82	--	6	13092	卖盘
14:45:17	21.82	-0.01	115	250930	卖盘
14:45:11	21.83	0.01	10	21830	买盘
14:45:07	21.82	-0.02	41	89462	卖盘
14:45:02	21.84	--	0	0	买盘
14:44:56	21.84	0.02	12	26208	买盘
14:44:52	21.82	--	10	21820	卖盘
14:44:47	21.82	-0.01	22	48004	卖盘
14:44:41	21.83	0.01	6	13097	买盘
14:44:37	21.82	--	24	52368	卖盘
14:44:26	21.82	--	5	10910	卖盘
14:44:22	21.82	--	44	96008	买盘
14:44:17	21.82	--	8	17456	买盘
14:44:11	21.82	--	21	45822	卖盘
14:44:07	21.82	--	47	102554	卖盘
14:44:02	21.82	--	5	10910	卖盘
14:43:52	21.82	0.01	51	111282	卖盘
14:43:41	21.81	-0.01	50	109050	卖盘
14:43:37	21.82	-0.02	15	32730	卖盘
14:43:32	21.84	0.01	29	63336	买盘
14:43:22	21.83	--	47	102600	卖盘
14:43:17	21.83	--	34	74222	买盘
14:43:11	21.83	--	20	43660	买盘
14:43:07	21.83	0.01	49	106966	买盘
14:43:02	21.82	--	123	268386	卖盘
14:42:56	21.82	--	11	24002	卖盘
14:42:52	21.82	--	21	45822	卖盘
14:42:47	21.82	--	51	111282	卖盘
14:42:41	21.82	--	6	13092	卖盘
14:42:32	21.82	-0.01	35	76370	卖盘
14:42:26	21.83	--	15	32744	买盘
14:42:22	21.83	--	70	152810	卖盘
14:42:11	21.83	0.01	33	72039	买盘
14:42:07	21.82	--	30	65460	卖盘
14:42:02	21.82	--	137	298934	卖盘
14:41:52	21.82	--	0	0	卖盘
14:41:47	21.82	--	131	285842	卖盘
14:41:37	21.82	-0.03	5	10910	卖盘
14:41:31	21.85	0.02	25	54625	买盘
14:41:26	21.83	-0.01	52	113515	中性盘
14:41:20	21.84	0.02	25	54600	买盘
14:41:16	21.82	-0.01	142	309844	卖盘
14:41:11	21.83	--	132	289793	买盘
14:41:05	21.83	--	37	80771	卖盘
14:41:01	21.83	-0.01	44	96051	中性盘
14:40:56	21.84	0.02	23	50232	买盘
14:40:50	21.82	--	0	0	卖盘
14:40:46	21.82	-0.03	116	253112	卖盘
14:40:41	21.85	--	1	2185	买盘
14:40:35	21.85	--	13	28405	买盘
14:40:31	21.85	-0.02	289	631465	卖盘
14:40:26	21.87	--	1	2187	买盘
14:40:16	21.87	--	21	45927	买盘
14:40:11	21.87	--	52	113724	卖盘
14:40:05	21.87	0.01	1	2187	买盘
14:39:56	21.86	-0.01	15	32790	卖盘
14:39:50	21.87	0.01	14	30618	买盘
14:39:46	21.86	0.01	11	24046	卖盘
14:39:41	21.85	-0.01	382	834670	卖盘
14:39:31	21.86	-0.01	11	24046	买盘
14:39:26	21.87	0.03	3	6561	买盘
14:39:20	21.84	--	0	0	卖盘
14:39:16	21.84	-0.01	12	26208	卖盘
14:39:11	21.85	--	16	34960	买盘
14:39:05	21.85	--	12	26220	买盘
14:39:01	21.85	0.01	14	30590	买盘
14:38:56	21.84	--	30	65520	卖盘
14:38:50	21.84	-0.01	3	6552	卖盘
14:38:46	21.85	--	0	0	买盘
14:38:41	21.85	0.04	79	172615	买盘
14:38:31	21.81	-0.02	50	109050	卖盘
14:38:26	21.83	0.01	31	67673	买盘
14:38:16	21.82	--	26	56732	买盘
14:38:11	21.82	0.01	15	32730	买盘
14:38:05	21.81	0.01	25	54525	卖盘
14:38:01	21.8	--	0	0	卖盘
14:37:56	21.8	-0.01	32	69760	卖盘
14:37:50	21.81	0.01	102	222462	买盘
14:37:41	21.8	0.01	164	357520	买盘
14:37:35	21.79	-0.01	80	174320	卖盘
14:37:31	21.8	--	2	4360	买盘
14:37:26	21.8	--	66	143880	买盘
14:37:20	21.8	--	22	47960	买盘
14:37:16	21.8	--	67	146060	买盘
14:37:11	21.8	--	74	161320	买盘
14:37:05	21.8	--	36	78480	买盘
14:37:01	21.8	--	64	139520	买盘
14:36:56	21.8	-0.02	434	946120	卖盘
14:36:50	21.82	--	3	6546	卖盘
14:36:46	21.82	--	31	67642	买盘
14:36:41	21.82	--	70	152740	买盘
14:36:35	21.82	--	4	8728	买盘
14:36:31	21.82	--	2	4364	买盘
14:36:26	21.82	--	519	1132458	买盘
14:36:20	21.82	--	32	69824	买盘
14:36:11	21.82	-0.01	1	2182	卖盘
14:36:01	21.83	0.01	34	74222	买盘
14:35:56	21.82	-0.01	4	8728	卖盘
14:35:46	21.83	0.03	5	10915	中性盘
14:35:41	21.8	-0.03	1005	2190900	卖盘
14:35:35	21.83	--	1	2183	卖盘
14:35:31	21.83	--	5	10915	卖盘
14:35:26	21.83	0.01	40	87320	买盘
14:35:15	21.82	--	6	13092	卖盘
14:35:10	21.82	0.01	21	45822	买盘
14:35:05	21.81	-0.01	102	222462	卖盘
14:34:55	21.82	0.01	49	106918	买盘
14:34:50	21.81	0.01	20	43620	中性盘
14:34:44	21.8	-0.01	15	32700	卖盘
14:34:40	21.81	0.01	20	43620	买盘
14:34:35	21.8	--	0	0	卖盘
14:34:29	21.8	-0.03	9	19620	卖盘
14:34:25	21.83	0.03	110	240129	买盘
14:34:20	21.8	0.01	30	65400	买盘
14:34:14	21.79	-0.01	30	65370	卖盘
14:34:10	21.8	--	10	21800	买盘
14:34:05	21.8	-0.02	969	2112420	卖盘
14:33:55	21.82	--	50	109100	卖盘
14:33:50	21.82	-0.01	23	50186	卖盘
14:33:40	21.83	--	7	15280	买盘
14:33:35	21.83	-0.01	34	74222	卖盘
14:33:29	21.84	-0.01	7	15288	卖盘
14:33:20	21.85	--	27	58995	买盘
14:33:14	21.85	--	2	4370	买盘
14:33:10	21.85	--	15	32775	买盘
14:33:05	21.85	--	13	28405	买盘
14:32:55	21.85	--	18	39330	买盘
14:32:50	21.85	--	10	21850	买盘
14:32:44	21.85	--	25	54625	卖盘
14:32:40	21.85	-0.01	73	159505	卖盘
14:32:35	21.86	0.01	15	32790	买盘
14:32:29	21.85	--	13	28405	卖盘
14:32:25	21.85	-0.01	19	41515	卖盘
14:32:20	21.86	0.01	4	8744	买盘
14:32:14	21.85	-0.01	17	37145	卖盘
14:32:10	21.86	--	40	87440	买盘
14:32:05	21.86	-0.03	380	830680	卖盘
14:31:50	21.89	--	10	21890	买盘
14:31:44	21.89	--	11	24079	买盘
14:31:40	21.89	-0.01	35	76615	卖盘
14:31:35	21.9	0.01	12	26280	买盘
14:31:29	21.89	--	25	54725	卖盘
14:31:20	21.89	--	55	120395	卖盘
14:31:14	21.89	-0.01	116	253924	卖盘
14:31:10	21.9	0.01	6	13140	买盘
14:31:05	21.89	--	20	43780	卖盘
14:30:50	21.89	--	5	10945	卖盘
14:30:44	21.89	0.01	7	15323	卖盘
14:30:40	21.88	-0.02	19	41572	卖盘
14:30:35	21.9	--	20	43800	买盘
14:30:29	21.9	0.01	20	43800	买盘
14:30:25	21.89	--	25	54725	买盘
14:30:20	21.89	-0.01	108	236412	卖盘
14:30:14	21.9	0.01	19	41610	买盘
14:30:10	21.89	-0.01	5	10945	卖盘
14:30:05	21.9	0.01	27	59129	买盘
14:29:55	21.89	-0.01	82	179498	卖盘
14:29:50	21.9	--	2	4380	买盘
14:29:44	21.9	--	8	17520	买盘
14:29:40	21.9	--	31	67890	买盘
14:29:35	21.9	--	59	129209	买盘
14:29:29	21.9	--	10	21900	买盘
14:29:25	21.9	-0.01	462	1011955	卖盘
14:29:14	21.91	--	1	2191	卖盘
14:29:09	21.91	--	49	107359	卖盘
14:29:05	21.91	--	5	10955	卖盘
14:28:49	21.91	-0.01	107	234437	卖盘
14:28:44	21.92	--	1	2192	卖盘
14:28:38	21.92	0.01	27	59184	买盘
14:28:34	21.91	--	6	13146	卖盘
14:28:29	21.91	-0.01	89	197014	卖盘
14:28:23	21.92	--	115	252080	买盘
14:28:19	21.92	--	20	43840	买盘
14:28:14	21.92	0.01	17	37264	买盘
14:28:04	21.91	-0.01	17	37247	卖盘
14:27:59	21.92	--	2	4384	买盘
14:27:49	21.92	0.01	15	32880	买盘
14:27:44	21.91	--	9	19719	卖盘
14:27:38	21.91	-0.01	4	8764	买盘
14:27:34	21.92	0.01	5	10960	买盘
14:27:29	21.91	-0.01	37	81067	卖盘
14:27:23	21.92	0.01	14	30688	买盘
14:27:19	21.91	--	5	10955	卖盘
14:27:14	21.91	--	1	2191	卖盘
14:27:08	21.91	-0.01	5	10955	卖盘
14:26:59	21.92	--	3	6576	买盘
14:26:53	21.92	--	14	30863	卖盘
14:26:49	21.92	--	41	89872	卖盘
14:26:44	21.92	--	10	21920	卖盘
14:26:38	21.92	--	39	85488	卖盘
14:26:34	21.92	--	36	78912	卖盘
14:26:29	21.92	--	35	76720	卖盘
14:26:23	21.92	--	13	28496	卖盘
14:26:19	21.92	-0.01	22	48224	卖盘
14:26:08	21.93	--	7	15351	买盘
14:26:04	21.93	--	11	24123	买盘
14:25:59	21.93	--	11	24123	买盘
14:25:53	21.93	0.01	10	21930	买盘
14:25:49	21.92	--	94	206048	卖盘
14:25:44	21.92	--	13	28496	卖盘
14:25:38	21.92	--	5	10960	卖盘
14:25:34	21.92	-0.01	11	26128	卖盘
14:25:29	21.93	0.01	6	13158	买盘
14:25:23	21.92	--	19	41648	买盘
14:25:19	21.92	--	35	76720	买盘
14:25:14	21.92	--	8	17536	卖盘
14:25:08	21.92	--	3	6576	卖盘
14:25:04	21.92	--	49	107408	买盘
14:24:59	21.92	--	5	10960	买盘
14:24:53	21.92	-0.02	121	265232	卖盘
14:24:49	21.94	0.02	79	173326	买盘
14:24:44	21.92	-0.01	40	87680	卖盘
14:24:29	21.93	-0.01	100	221471	卖盘
14:24:19	21.94	--	69	151386	卖盘
14:24:14	21.94	--	10	21940	卖盘
14:24:08	21.94	--	53	116282	买盘
14:24:04	21.94	--	31	68014	买盘
14:23:59	21.94	-0.01	50	109700	卖盘
14:23:53	21.95	0.01	13	28535	买盘
14:23:49	21.94	-0.01	13	28522	卖盘
14:23:44	21.95	0.01	112	245840	买盘
14:23:38	21.94	-0.01	1	2194	卖盘
14:23:34	21.95	--	21	46095	买盘
14:23:29	21.95	0.01	62	136090	买盘
14:23:23	21.94	-0.01	75	164550	卖盘
14:23:14	21.95	0.01	3	6585	买盘
14:23:08	21.94	0.01	10	21940	中性盘
14:23:04	21.93	-0.01	113	247809	卖盘
14:22:59	21.94	--	30	65820	买盘
14:22:53	21.94	--	80	175520	买盘
14:22:49	21.94	--	10	21940	买盘
14:22:43	21.94	--	68	149192	买盘
14:22:38	21.94	0.01	13	28522	买盘
14:22:34	21.93	--	42	92106	卖盘
14:22:29	21.93	0.02	49	107478	买盘
14:22:23	21.91	-0.01	37	81067	卖盘
14:22:18	21.92	0.01	31	67952	买盘
14:22:13	21.91	-0.01	5	10955	卖盘
14:22:08	21.92	0.01	81	177552	买盘
14:21:58	21.91	0.01	26	56966	买盘
14:21:53	21.9	--	14	30659	卖盘
14:21:47	21.9	--	81	177390	买盘
14:21:43	21.9	--	73	159870	买盘
14:21:28	21.9	0.01	7	15329	买盘
14:21:23	21.89	--	11	24079	买盘
14:21:13	21.89	--	6	13134	买盘
14:21:08	21.89	-0.01	29	63481	卖盘
14:21:02	21.9	0.01	3	6570	买盘
14:20:58	21.89	-0.01	107	234223	卖盘
14:20:53	21.9	0.01	22	48180	买盘
14:20:47	21.89	-0.01	36	78804	卖盘
14:20:43	21.9	--	1	2190	买盘
14:20:38	21.9	0.02	25	54750	买盘
14:20:32	21.88	-0.02	14	30632	卖盘
14:20:28	21.9	0.01	14	30659	买盘
14:20:23	21.89	--	21	45969	卖盘
14:20:13	21.89	--	25	54725	买盘
14:20:08	21.89	-0.01	30	65670	买盘
14:20:02	21.9	--	0	0	买盘
14:19:58	21.9	0.01	50	109500	买盘
14:19:53	21.89	-0.01	24	52536	卖盘
14:19:43	21.9	--	9	19710	买盘
14:19:38	21.9	--	37	81030	卖盘
14:19:32	21.9	--	41	89790	卖盘
14:19:28	21.9	--	29	63509	卖盘
14:19:23	21.9	--	62	135780	卖盘
14:19:17	21.9	--	62	135780	卖盘
14:19:13	21.9	--	34	74460	卖盘
14:19:08	21.9	-0.02	206	451139	卖盘
14:18:58	21.92	--	11	24112	中性盘
14:18:53	21.92	-0.01	2	4384	中性盘
14:18:47	21.93	--	17	37281	买盘
14:18:43	21.93	--	34	74562	买盘
14:18:32	21.93	--	15	32895	买盘
14:18:28	21.93	--	46	100878	买盘
14:18:23	21.93	--	5	10965	买盘
14:18:17	21.93	0.03	10	21930	买盘
14:18:13	21.9	--	28	61319	买盘
14:18:08	21.9	--	325	711750	买盘
14:17:58	21.9	--	15	32850	买盘
14:17:53	21.9	-0.03	155	339450	卖盘
14:17:47	21.93	--	58	127194	买盘
14:17:32	21.93	0.02	34	74562	买盘
14:17:23	21.91	-0.02	136	297976	卖盘
14:17:17	21.93	0.01	10	21930	买盘
14:17:13	21.92	0.01	13	28496	买盘
14:17:08	21.91	-0.02	172	376852	卖盘
14:17:02	21.93	0.01	61	133773	买盘
14:16:58	21.92	-0.01	128	280576	中性盘
14:16:53	21.93	--	97	212721	买盘
14:16:47	21.93	--	5	10965	买盘
14:16:43	21.93	--	16	35088	买盘
14:16:37	21.93	--	133	293840	卖盘
14:16:32	21.93	--	9	19737	卖盘
14:16:28	21.93	0.01	138	302655	买盘
14:16:22	21.92	--	73	160016	卖盘
14:16:17	21.92	-0.01	25	54800	卖盘
14:16:13	21.93	--	10	21930	买盘
14:16:02	21.93	0.01	29	63597	买盘
14:15:58	21.92	--	33	72336	卖盘
14:15:52	21.92	--	25	54800	卖盘
14:15:47	21.92	--	51	111792	买盘
14:15:41	21.92	--	25	54800	买盘
14:15:37	21.92	-0.01	19	41648	买盘
14:15:26	21.93	--	72	160067	卖盘
14:15:22	21.93	0.04	478	1048275	买盘
14:15:17	21.89	--	237	518793	买盘
14:15:11	21.89	--	44	96316	买盘
14:15:07	21.89	0.01	20	43780	买盘
14:15:02	21.88	--	11	24068	卖盘
14:14:56	21.88	--	155	339140	买盘
14:14:47	21.88	0.01	13	28444	买盘
14:14:32	21.87	--	18	39366	买盘
14:14:26	21.87	0.01	20	43740	买盘
14:14:22	21.86	--	59	128974	买盘
14:14:17	21.86	0.01	84	183624	买盘
14:14:07	21.85	--	140	305900	买盘
14:14:02	21.85	0.01	10	21850	买盘
14:13:56	21.84	-0.01	3	6552	卖盘
14:13:52	21.85	--	10	21850	买盘
14:13:41	21.85	--	0	0	买盘
14:13:37	21.85	-0.01	255	557175	中性盘
14:13:32	21.86	0.02	95	207670	买盘
14:13:22	21.84	--	52	113568	买盘
14:13:07	21.84	-0.01	24	52416	卖盘
14:12:52	21.85	--	0	0	中性盘
14:12:41	21.85	--	4	8740	买盘
14:12:32	21.85	--	1	2185	卖盘
14:12:26	21.85	--	1	2185	卖盘
14:12:22	21.85	0.01	37	80845	买盘
14:12:17	21.84	--	16	34944	买盘
14:12:11	21.84	--	16	34944	买盘
14:12:02	21.84	0.01	19	41496	买盘
14:11:47	21.83	-0.01	1	2183	卖盘
14:11:41	21.84	0.01	78	170352	买盘
14:11:37	21.83	--	8	17464	卖盘
14:11:26	21.83	-0.01	1	2183	卖盘
14:11:22	21.84	0.01	11	24024	买盘
14:11:16	21.83	--	223	486808	买盘
14:11:11	21.83	0.01	10	21830	买盘
14:11:07	21.82	--	5	10910	卖盘
14:11:01	21.82	--	17	37094	卖盘
14:10:52	21.82	--	37	80734	卖盘
14:10:46	21.82	0.03	23	50186	买盘
14:10:41	21.79	--	0	0	卖盘
14:10:37	21.79	-0.04	54	117666	卖盘
14:10:31	21.83	0.04	5	10915	买盘
14:10:22	21.79	-0.03	44	95876	卖盘
14:10:11	21.82	0.02	3	6546	买盘
14:10:07	21.8	--	0	0	卖盘
14:10:02	21.8	-0.02	109	237620	卖盘
14:09:56	21.82	-0.01	12	26184	卖盘
14:09:51	21.83	--	10	21830	买盘
14:09:46	21.83	0.01	6	13097	买盘
14:09:41	21.82	--	105	229110	卖盘
14:09:36	21.82	-0.01	48	104736	卖盘
14:09:31	21.83	--	19	41477	买盘
14:09:26	21.83	--	2	4366	买盘
14:09:16	21.83	-0.01	4	8732	买盘
14:09:01	21.84	--	0	0	买盘
14:08:56	21.84	0.02	20	43680	买盘
14:08:46	21.82	-0.01	31	67642	卖盘
14:08:35	21.83	-0.01	2	4366	卖盘
14:08:31	21.84	--	0	0	买盘
14:08:26	21.84	0.02	30	65520	买盘
14:08:20	21.82	--	3	6546	买盘
14:08:11	21.82	-0.01	53	115646	卖盘
14:08:01	21.83	0.01	5	10915	买盘
14:07:56	21.82	--	7	15274	卖盘
14:07:50	21.82	--	15	32730	卖盘
14:07:46	21.82	-0.01	3	6546	卖盘
14:07:41	21.83	--	56	122247	买盘
14:07:31	21.83	--	11	24012	卖盘
14:07:26	21.83	--	10	21830	卖盘
14:06:56	21.83	-0.01	16	34928	卖盘
14:06:50	21.84	0.01	1	2184	买盘
14:06:46	21.83	-0.01	5	10915	卖盘
14:06:35	21.84	--	10	21840	买盘
14:06:31	21.84	--	3	6552	买盘
14:06:26	21.84	--	11	24024	买盘
14:06:20	21.84	--	21	45864	买盘
14:06:16	21.84	-0.01	61	133224	卖盘
14:06:11	21.85	--	30	65550	卖盘
14:06:05	21.85	--	1	2185	卖盘
14:06:00	21.85	--	15	32775	买盘
14:05:56	21.85	--	2	4370	买盘
14:05:50	21.85	0.01	8	17480	买盘
14:05:41	21.84	--	10	21840	卖盘
14:05:35	21.84	--	4	8736	买盘
14:05:31	21.84	--	12	26208	买盘
14:05:16	21.84	0.01	53	115752	买盘
14:05:11	21.83	-0.01	22	48025	卖盘
14:05:05	21.84	--	5	10920	买盘
14:04:46	21.84	--	0	0	买盘
14:04:41	21.84	0.05	15	32760	买盘
14:04:35	21.79	-0.05	486	1058994	卖盘
14:04:31	21.84	--	2	4368	买盘
14:04:25	21.84	--	0	0	买盘
14:04:20	21.84	0.03	88	192192	买盘
14:04:16	21.81	--	56	122136	买盘
14:04:10	21.81	--	6	13086	买盘
14:04:05	21.81	0.01	700	1526700	买盘
14:04:01	21.8	--	47	102460	卖盘
14:03:55	21.8	--	2	4360	卖盘
14:03:50	21.8	-0.01	24	52320	卖盘
14:03:46	21.81	0.01	5	10905	买盘
14:03:40	21.8	--	25	54500	卖盘
14:03:31	21.8	-0.01	2	4360	卖盘
14:03:25	21.81	--	5	10905	买盘
14:03:20	21.81	0.01	3	6543	买盘
14:03:15	21.8	-0.01	8	17440	卖盘
14:03:10	21.81	--	1	2181	买盘
14:03:05	21.81	--	1	2181	买盘
14:03:00	21.81	--	23	50163	买盘
14:02:55	21.81	0.01	43	93783	买盘
14:02:45	21.8	-0.01	18	39240	卖盘
14:02:40	21.81	--	27	58887	买盘
14:02:30	21.81	0.01	12	26172	买盘
14:02:25	21.8	-0.01	5	10900	卖盘
14:02:20	21.81	--	25	54525	买盘
14:02:15	21.81	--	16	34896	买盘
14:02:10	21.81	0.01	65	141765	买盘
14:02:05	21.8	-0.01	3	6540	卖盘
14:02:00	21.81	0.01	17	37077	买盘
14:01:50	21.8	--	77	167860	买盘
14:01:44	21.8	--	17	37060	买盘
14:01:40	21.8	--	235	512300	买盘
14:01:29	21.8	--	39	85020	买盘
14:01:25	21.8	--	24	52320	买盘
14:01:20	21.8	--	15	32700	买盘
14:01:10	21.8	0.01	3	6540	买盘
14:01:05	21.79	--	8	17432	卖盘
14:00:59	21.79	--	0	0	卖盘
14:00:50	21.79	-0.01	43	93697	卖盘
14:00:40	21.8	--	335	730300	买盘
14:00:35	21.8	--	16	34880	买盘
14:00:25	21.8	--	3	6540	买盘
14:00:20	21.8	0.01	50	109000	买盘
14:00:09	21.79	-0.01	5	10895	卖盘
14:00:05	21.8	--	20	43600	买盘
13:59:54	21.8	0.01	66	143880	买盘
13:59:50	21.79	-0.01	10	21790	卖盘
13:59:44	21.8	--	12	26160	买盘
13:59:39	21.8	--	1	2180	买盘
13:59:35	21.8	--	70	152600	买盘
13:59:29	21.8	--	9	19620	买盘
13:59:25	21.8	--	9	19620	买盘
13:59:20	21.8	0.01	7	15260	买盘
13:59:14	21.79	--	240	522960	卖盘
13:59:10	21.79	-0.01	5	10895	卖盘
13:59:05	21.8	--	25	54500	买盘
13:58:55	21.8	0.01	19	41420	买盘
13:58:50	21.79	-0.01	6	13074	卖盘
13:58:44	21.8	--	4	8720	买盘
13:58:35	21.8	--	96	209280	买盘
13:58:29	21.8	0.01	1	2180	买盘
13:58:25	21.79	-0.01	10	21790	卖盘
13:58:14	21.8	0.01	119	259420	买盘
13:58:10	21.79	--	10	21790	卖盘
13:58:05	21.79	--	50	108950	买盘
13:57:59	21.79	--	50	108950	买盘
13:57:54	21.79	--	58	126382	买盘
13:57:44	21.79	--	12	26148	买盘
13:57:40	21.79	--	9	19611	买盘
13:57:35	21.79	--	10	21790	买盘
13:57:29	21.79	--	12	26148	买盘
13:57:25	21.79	--	66	143814	卖盘
13:57:19	21.79	-0.01	5	10895	卖盘
13:57:09	21.8	0.01	26	56680	买盘
13:57:04	21.79	--	109	237511	卖盘
13:56:59	21.79	0.01	10	21790	卖盘
13:56:55	21.78	-0.02	45	98010	卖盘
13:56:49	21.8	0.02	44	95920	买盘
13:56:40	21.78	-0.01	351	764478	卖盘
13:56:34	21.79	--	14	30506	买盘
13:56:25	21.79	0.01	13	28327	买盘
13:56:14	21.78	--	13	28314	买盘
13:56:09	21.78	--	126	274428	买盘
13:56:04	21.78	--	5	10890	买盘
13:55:59	21.78	0.01	53	115434	买盘
13:55:55	21.77	-0.01	43	93611	卖盘
13:55:49	21.78	--	27	58806	买盘
13:55:44	21.78	0.01	64	139392	买盘
13:55:39	21.77	-0.01	12	26124	卖盘
13:55:34	21.78	--	27	58806	买盘
13:55:29	21.78	--	28	60984	买盘
13:55:24	21.78	--	98	213444	买盘
13:55:19	21.78	--	81	176418	买盘
13:55:14	21.78	--	35	76230	中性盘
13:55:09	21.78	--	131	285318	买盘
13:55:04	21.78	--	98	213444	买盘
13:54:59	21.78	--	53	115434	买盘
13:54:53	21.78	--	1	2178	买盘
13:54:49	21.78	--	6	13068	买盘
13:54:44	21.78	0.01	15	32670	买盘
13:54:34	21.77	-0.01	5	10885	卖盘
13:54:29	21.78	--	38	82764	买盘
13:54:23	21.78	--	41	89298	卖盘
13:54:19	21.78	--	8	17424	卖盘
13:54:14	21.78	0.01	59	128502	买盘
13:54:08	21.77	--	37	80549	买盘
13:54:04	21.77	--	176	383152	卖盘
13:53:59	21.77	-0.01	33	71841	卖盘
13:53:49	21.78	--	4	8712	买盘
13:53:44	21.78	--	59	128502	买盘
13:53:34	21.78	-0.01	387	842886	卖盘
13:53:29	21.79	--	42	91518	卖盘
13:53:19	21.79	-0.01	3	6537	卖盘
13:53:04	21.8	-0.01	3	6540	卖盘
13:52:59	21.81	0.02	28	61068	买盘
13:52:44	21.79	-0.01	62	135098	卖盘
13:52:29	21.8	--	24	52320	卖盘
13:52:23	21.8	-0.01	4	8720	卖盘
13:52:19	21.81	--	51	111231	买盘
13:52:14	21.81	--	55	119955	卖盘
13:52:08	21.81	-0.01	21	45801	卖盘
13:52:04	21.82	0.01	20	43640	买盘
13:51:59	21.81	--	2	4362	卖盘
13:51:48	21.81	0.01	37	80697	买盘
13:51:44	21.8	-0.01	8	17440	卖盘
13:51:38	21.81	--	5	10905	买盘
13:51:34	21.81	-0.01	58	126497	卖盘
13:51:29	21.82	0.01	70	152740	买盘
13:51:23	21.81	--	20	43620	卖盘
13:51:19	21.81	--	10	21810	卖盘
13:51:14	21.81	--	12	26172	卖盘
13:51:08	21.81	--	1	2181	卖盘
13:51:04	21.81	--	12	26172	买盘
13:50:59	21.81	--	4	8724	买盘
13:50:48	21.81	--	60	130859	卖盘
13:50:43	21.81	0.01	225	490725	买盘
13:50:34	21.8	-0.01	8	17440	卖盘
13:50:29	21.81	0.01	11	23991	买盘
13:50:23	21.8	-0.01	23	50140	卖盘
13:50:18	21.81	0.01	6	13086	买盘
13:50:13	21.8	-0.01	37	80660	卖盘
13:49:58	21.81	--	171	372951	卖盘
13:49:43	21.81	-0.01	12	26172	卖盘
13:49:38	21.82	0.01	2	4364	买盘
13:49:34	21.81	--	6	13086	卖盘
13:49:28	21.81	--	74	161394	卖盘
13:49:23	21.81	--	1	2181	卖盘
13:49:13	21.81	-0.01	59	128678	卖盘
13:49:08	21.82	0.01	22	48004	买盘
13:49:03	21.81	--	2	4362	卖盘
13:48:58	21.81	--	6	13086	卖盘
13:48:43	21.81	-0.01	12	26172	卖盘
13:48:28	21.82	--	104	226928	卖盘
13:48:13	21.82	-0.01	6	13092	卖盘
13:47:53	21.83	--	23	50208	买盘
13:47:38	21.83	0.02	6	13097	买盘
13:47:32	21.81	-0.02	2	4362	卖盘
13:47:23	21.83	0.01	7	15280	买盘
13:47:17	21.82	--	1	2182	买盘
13:47:08	21.82	0.01	5	10910	买盘
13:47:02	21.81	-0.01	33	71973	卖盘
13:46:58	21.82	--	67	146194	卖盘
13:46:53	21.82	0.01	2	4364	中性盘
13:46:47	21.81	-0.01	44	95964	卖盘
13:46:38	21.82	--	20	43640	卖盘
13:46:32	21.82	--	0	0	卖盘
13:46:28	21.82	0.01	1	2182	中性盘
13:46:17	21.81	--	1	2181	卖盘
13:46:13	21.81	-0.02	112	244272	卖盘
13:46:08	21.83	--	20	43660	买盘
13:45:58	21.83	--	5	10915	买盘
13:45:53	21.83	0.01	60	130979	买盘
13:45:42	21.82	-0.01	73	159286	卖盘
13:45:38	21.83	0.01	37	80771	买盘
13:45:27	21.82	--	31	67642	卖盘
13:45:23	21.82	--	8	17456	卖盘
13:45:12	21.82	0.01	43	93826	卖盘
13:45:08	21.81	--	0	0	卖盘
13:44:58	21.81	-0.01	14	30534	卖盘
13:44:53	21.82	--	5	10910	卖盘
13:44:47	21.82	--	6	13092	买盘
13:44:42	21.82	--	30	65460	买盘
13:44:38	21.82	0.01	26	56732	买盘
13:44:32	21.81	-0.01	68	148308	卖盘
13:44:27	21.82	--	26	56732	买盘
13:44:23	21.82	--	30	65460	买盘
13:44:08	21.82	--	50	109100	卖盘
13:44:02	21.82	--	10	21820	卖盘
13:43:53	21.82	--	1	2182	卖盘
13:43:47	21.82	--	14	30548	卖盘
13:43:37	21.82	--	5	10910	卖盘
13:43:32	21.82	--	0	0	中性盘
13:43:27	21.82	--	12	26184	买盘
13:43:17	21.82	--	2	4364	买盘
13:43:12	21.82	--	30	65460	买盘
13:43:07	21.82	--	17	37094	卖盘
13:43:02	21.82	--	21	45822	卖盘
13:42:57	21.82	-0.01	5	10910	卖盘
13:42:52	21.83	-0.01	22	48025	卖盘
13:42:47	21.84	-0.01	3	6552	卖盘
13:42:43	21.85	0.02	1	2185	买盘
13:42:37	21.83	--	23	50208	卖盘
13:42:32	21.83	--	110	240129	卖盘
13:42:27	21.83	--	9	19647	卖盘
13:42:22	21.83	--	6	13097	卖盘
13:42:12	21.83	-0.02	2	4366	卖盘
13:41:57	21.85	--	50	109250	买盘
13:41:52	21.85	--	4	8740	卖盘
13:41:47	21.85	--	4	8740	卖盘
13:41:42	21.85	--	3	6555	卖盘
13:41:37	21.85	--	24	52440	卖盘
13:41:27	21.85	--	22	48070	卖盘
13:41:22	21.85	-0.02	56	122360	卖盘
13:41:17	21.87	--	0	0	买盘
13:41:12	21.87	0.02	30	65610	买盘
13:41:07	21.85	-0.02	46	100510	卖盘
13:41:02	21.87	--	2	4374	买盘
13:40:52	21.87	-0.02	84	183708	卖盘
13:40:41	21.89	--	0	0	买盘
13:40:37	21.89	0.01	25	54725	买盘
13:40:32	21.88	0.01	49	107212	卖盘
13:40:22	21.87	-0.02	93	203391	卖盘
13:40:17	21.89	-0.01	14	30646	卖盘
13:40:07	21.9	0.01	1	2190	买盘
13:40:02	21.89	--	15	32835	卖盘
13:39:56	21.89	--	14	30646	卖盘
13:39:52	21.89	--	52	113828	卖盘
13:39:37	21.89	--	5	10945	卖盘
13:39:32	21.89	-0.01	6	13134	卖盘
13:39:21	21.9	--	5	10950	买盘
13:39:17	21.9	0.01	6	13140	买盘
13:39:02	21.89	--	15	32835	卖盘
13:38:56	21.89	--	8	17512	卖盘
13:38:47	21.89	--	14	30646	卖盘
13:38:36	21.89	--	16	35024	买盘
13:38:32	21.89	0.01	2	4378	买盘
13:38:17	21.88	-0.01	17	37196	卖盘
13:38:11	21.89	--	2	4378	买盘
13:38:06	21.89	--	1	2189	买盘
13:38:02	21.89	-0.01	5	10945	中性盘
13:37:56	21.9	0.01	4	8760	买盘
13:37:51	21.89	--	6	13134	买盘
13:37:47	21.89	-0.01	77	168553	卖盘
13:37:36	21.9	0.01	6	13140	买盘
13:37:32	21.89	-0.01	21	45969	卖盘
13:37:21	21.9	0.01	55	120449	买盘
13:37:16	21.89	0.01	10	21890	卖盘
13:37:11	21.88	--	0	0	卖盘
13:37:06	21.88	-0.02	104	227552	卖盘
13:37:01	21.9	0.01	75	164250	买盘
13:36:51	21.89	--	51	111639	买盘
13:36:41	21.89	--	14	30646	买盘
13:36:36	21.89	--	29	63481	卖盘
13:36:31	21.89	-0.01	10	21890	卖盘
13:36:16	21.9	0.01	13	28469	买盘
13:36:11	21.89	--	10	21890	卖盘
13:36:07	21.89	--	20	43780	卖盘
13:36:01	21.89	--	1	2189	卖盘
13:35:51	21.89	--	36	78804	买盘
13:35:41	21.89	--	2	4378	买盘
13:35:36	21.89	0.01	1	2189	买盘
13:35:26	21.88	--	0	0	卖盘
13:35:21	21.88	-0.01	8	17504	卖盘
13:35:16	21.89	-0.01	16	35024	卖盘
13:35:06	21.9	0.01	157	343830	买盘
13:34:56	21.89	-0.01	11	24079	卖盘
13:34:46	21.9	--	5	10950	买盘
13:34:41	21.9	--	1	2190	买盘
13:34:20	21.9	--	17	37230	买盘
13:34:16	21.9	--	44	96360	买盘
13:34:11	21.9	-0.01	64	140160	卖盘
13:34:05	21.91	0.01	3	6573	买盘
13:33:56	21.9	--	8	17520	买盘
13:33:46	21.9	--	3	6570	买盘
13:33:41	21.9	--	107	234329	买盘
13:33:35	21.9	0.01	1	2190	买盘
13:33:31	21.89	--	1	2189	卖盘
13:33:26	21.89	--	13	28457	卖盘
13:33:11	21.89	0.01	11	24079	买盘
13:33:01	21.88	--	10	21880	卖盘
13:32:46	21.88	-0.02	150	328200	卖盘
13:32:41	21.9	--	10	21900	买盘
13:32:31	21.9	--	2	4380	买盘
13:32:26	21.9	--	25	54750	卖盘
13:32:20	21.9	--	5	10950	卖盘
13:32:11	21.9	0.01	10	21900	卖盘
13:32:05	21.89	--	0	0	卖盘
13:32:00	21.89	--	5	10945	卖盘
13:31:56	21.89	-0.02	10	21890	卖盘
13:31:41	21.91	0.03	24	52584	买盘
13:31:31	21.88	-0.02	118	258184	卖盘
13:31:26	21.9	--	8	17520	买盘
13:31:20	21.9	0.01	5	10950	买盘
13:31:15	21.89	-0.01	7	15323	卖盘
13:31:11	21.9	--	11	24090	买盘
13:30:56	21.9	--	67	146730	卖盘
13:30:50	21.9	--	8	17520	卖盘
13:30:45	21.9	-0.01	66	144540	卖盘
13:30:41	21.91	0.01	16	35056	买盘
13:30:35	21.9	-0.01	21	45990	卖盘
13:30:30	21.91	--	10	21910	买盘
13:30:26	21.91	--	24	52584	买盘
13:30:20	21.91	--	66	144606	买盘
13:30:10	21.91	--	22	50371	卖盘
13:30:00	21.91	--	15	32865	卖盘
13:29:55	21.91	--	68	149009	买盘
13:29:50	21.91	--	15	32865	买盘
13:29:40	21.91	0.01	8	17528	买盘
13:29:35	21.9	-0.01	6	13140	卖盘
13:29:25	21.91	0.01	4	8764	买盘
13:29:20	21.9	-0.01	15	32850	卖盘
13:29:15	21.91	0.01	15	32865	买盘
13:29:10	21.9	--	6	13140	卖盘
13:29:05	21.9	--	0	0	中性盘
13:29:00	21.9	--	78	170820	卖盘
13:28:55	21.9	-0.01	51	111690	卖盘
13:28:45	21.91	0.01	11	24101	买盘
13:28:40	21.9	--	10	21900	卖盘
13:28:30	21.9	--	16	35040	买盘
13:28:15	21.9	0.02	46	100740	买盘
13:28:00	21.88	--	0	0	卖盘
13:27:55	21.88	-0.01	6	13128	卖盘
13:27:50	21.89	--	13	28457	买盘
13:27:45	21.89	-0.01	31	67859	卖盘
13:27:40	21.9	--	2	4380	买盘
13:27:35	21.9	--	31	67890	买盘
13:27:29	21.9	--	5	10950	买盘
13:27:25	21.9	--	35	76650	卖盘
13:27:20	21.9	--	5	10950	买盘
13:27:05	21.9	0.01	31	67890	买盘
13:26:59	21.89	-0.01	10	21890	卖盘
13:26:55	21.9	0.01	6	13140	买盘
13:26:50	21.89	--	3	6567	卖盘
13:26:44	21.89	--	12	26268	卖盘
13:26:35	21.89	0.01	5	10945	中性盘
13:26:25	21.88	-0.02	5	10940	卖盘
13:26:20	21.9	0.01	50	109500	买盘
13:26:05	21.89	0.01	30	65670	买盘
13:25:59	21.88	-0.01	8	17504	卖盘
13:25:55	21.89	0.01	6	13134	买盘
13:25:50	21.88	--	2	4376	卖盘
13:25:39	21.88	-0.01	73	159724	卖盘
13:25:35	21.89	0.01	11	24079	买盘
13:25:20	21.88	-0.01	10	21880	卖盘
13:25:09	21.89	0.01	43	94127	买盘
13:25:05	21.88	-0.02	18	39384	卖盘
13:24:50	21.9	--	0	0	买盘
13:24:44	21.9	--	40	87600	买盘
13:24:39	21.9	--	30	65700	买盘
13:24:20	21.9	--	28	61319	买盘
13:24:14	21.9	--	41	89790	卖盘
13:24:09	21.9	-0.01	8	17520	卖盘
13:24:04	21.91	0.01	4	8764	买盘
13:23:49	21.9	--	142	310980	卖盘
13:23:44	21.9	--	173	378870	买盘
13:23:39	21.9	--	0	0	买盘
13:23:35	21.9	0.01	17	37230	买盘
13:23:29	21.89	-0.01	1	2189	卖盘
13:23:24	21.9	--	4	8760	买盘
13:23:14	21.9	-0.01	2	4380	卖盘
13:23:04	21.91	0.01	26	56966	买盘
13:22:59	21.9	--	10	21900	买盘
13:22:54	21.9	--	146	319740	买盘
13:22:44	21.9	0.01	22	48180	买盘
13:22:29	21.89	0.01	5	10945	买盘
13:22:24	21.88	--	3	6564	卖盘
13:22:19	21.88	--	18	39384	买盘
13:22:14	21.88	--	1	2188	买盘
13:22:09	21.88	-0.01	2	4376	买盘
13:22:04	21.89	-0.01	3	6567	卖盘
13:21:59	21.9	0.04	133	291270	买盘
13:21:54	21.86	-0.03	156	341016	卖盘
13:21:44	21.89	--	5	10945	买盘
13:21:39	21.89	0.01	10	21890	买盘
13:21:34	21.88	--	1	2188	卖盘
13:21:19	21.88	0.02	8	17504	买盘
13:21:09	21.86	--	21	45906	卖盘
13:21:04	21.86	--	25	54650	买盘
13:20:59	21.86	0.01	37	80882	买盘
13:20:49	21.85	-0.01	69	150765	卖盘
13:20:44	21.86	--	42	91812	买盘
13:20:38	21.86	--	0	0	买盘
13:20:34	21.86	--	5	10930	买盘
13:20:29	21.86	0.02	1	2186	买盘
13:20:19	21.84	--	8	17472	卖盘
13:20:14	21.84	-0.02	5	10920	卖盘
13:20:04	21.86	0.01	100	218600	买盘
13:19:59	21.85	-0.01	10	21850	卖盘
13:19:49	21.86	--	0	0	买盘
13:19:38	21.86	0.01	6	13116	买盘
13:19:34	21.85	0.01	3	6555	买盘
13:19:29	21.84	-0.02	3	6552	卖盘
13:19:23	21.86	--	0	0	买盘
13:19:19	21.86	--	5	10930	买盘
13:19:14	21.86	--	50	109300	买盘
13:19:04	21.86	0.02	4	8744	买盘
13:18:53	21.84	0.01	19	41496	卖盘
13:18:48	21.83	--	0	0	卖盘
13:18:44	21.83	-0.03	6	13097	卖盘
13:18:23	21.86	-0.01	3	6558	买盘
13:18:08	21.87	--	10	21870	卖盘
13:18:03	21.87	--	31	67797	卖盘
13:17:58	21.87	0.05	25	54675	买盘
13:17:53	21.82	--	1	2182	卖盘
13:17:29	21.82	-0.05	3	6546	卖盘
13:17:23	21.87	--	0	0	买盘
13:17:18	21.87	0.06	115	251505	买盘
13:17:08	21.81	--	24	52344	卖盘
13:16:58	21.81	-0.01	22	47982	卖盘
13:16:48	21.82	--	100	218200	买盘
13:16:43	21.82	--	18	39276	买盘
13:16:38	21.82	0.01	6	13092	买盘
13:16:33	21.81	-0.01	23	50163	卖盘
13:16:28	21.82	--	2	4364	买盘
13:16:23	21.82	0.01	96	209472	买盘
13:16:18	21.81	-0.01	18	39258	卖盘
13:16:03	21.82	-0.01	5	10910	买盘
13:15:58	21.83	--	27	58940	买盘
13:15:48	21.83	0.02	20	43660	中性盘
13:15:43	21.81	--	0	0	中性盘
13:15:38	21.81	--	12	26172	买盘
13:15:33	21.81	0.01	1	2181	买盘
13:15:28	21.8	-0.01	7	15260	卖盘
13:15:18	21.81	0.01	29	63248	卖盘
13:15:13	21.8	--	23	50140	买盘
13:15:08	21.8	-0.03	63	137340	卖盘
13:15:03	21.83	0.02	20	43660	买盘
13:14:58	21.81	-0.01	69	150489	卖盘
13:14:48	21.82	0.01	226	493132	买盘
13:14:43	21.81	--	43	93783	卖盘
13:14:33	21.81	--	18	39258	买盘
13:14:28	21.81	0.01	84	183204	买盘
13:14:18	21.8	--	1	2180	卖盘
13:14:13	21.8	--	5	10900	中性盘
13:14:08	21.8	--	4	8720	卖盘
13:14:02	21.8	0.02	2	4360	买盘
13:13:58	21.78	-0.02	15	32670	卖盘
13:13:53	21.8	--	5	10900	买盘
13:13:43	21.8	--	5	10900	买盘
13:13:38	21.8	--	1	2180	买盘
13:13:28	21.8	0.03	2	4360	买盘
13:13:23	21.77	--	0	0	卖盘
13:13:17	21.77	-0.04	3	6531	卖盘
13:13:13	21.81	0.01	98	213738	买盘
13:13:08	21.8	--	3	6540	买盘
13:13:02	21.8	--	7	15260	买盘
13:12:58	21.8	0.03	40	87200	买盘
13:12:53	21.77	-0.03	17	37009	中性盘
13:12:43	21.8	--	28	61040	买盘
13:12:38	21.8	--	31	67580	买盘
13:12:28	21.8	--	2	4360	买盘
13:12:23	21.8	-0.01	10	21800	卖盘
13:12:17	21.81	--	9	19629	买盘
13:12:13	21.81	--	0	0	中性盘
13:12:08	21.81	--	12	26172	卖盘
13:12:02	21.81	--	2	4362	卖盘
13:11:47	21.81	--	10	21810	卖盘
13:11:42	21.81	--	6	13086	买盘
13:11:38	21.81	0.08	14	30534	买盘
13:11:32	21.73	--	0	0	卖盘
13:11:27	21.73	-0.08	1398	3037854	卖盘
13:11:23	21.81	--	5	10905	买盘
13:11:17	21.81	--	13	28353	买盘
13:11:12	21.81	--	3	6543	买盘
13:11:08	21.81	--	9	19629	买盘
13:10:57	21.81	--	19	41439	卖盘
13:10:53	21.81	--	2	4362	卖盘
13:10:42	21.81	--	24	52344	卖盘
13:10:38	21.81	--	8	17448	卖盘
13:10:23	21.81	-0.01	48	104688	卖盘
13:10:17	21.82	--	1	2182	买盘
13:10:12	21.82	--	12	26184	买盘
13:10:08	21.82	-0.01	85	185470	卖盘
13:09:57	21.83	-0.01	5	10915	卖盘
13:09:53	21.84	0.01	32	69888	买盘
13:09:42	21.83	--	1	2183	卖盘
13:09:37	21.83	--	24	52391	卖盘
13:09:22	21.83	-0.01	5	10915	卖盘
13:09:17	21.84	--	10	21840	买盘
13:09:12	21.84	--	10	21840	卖盘
13:09:07	21.84	--	1	2184	卖盘
13:08:52	21.84	--	6	13104	卖盘
13:08:47	21.84	-0.01	1	2184	卖盘
13:08:42	21.85	--	21	45885	买盘
13:08:37	21.85	--	33	72105	买盘
13:08:32	21.85	-0.01	25	54625	卖盘
13:08:07	21.86	0.01	1	2186	买盘
13:07:57	21.85	--	13	28405	买盘
13:07:42	21.85	--	9	19665	卖盘
13:07:32	21.85	-0.01	10	21850	卖盘
13:07:27	21.86	0.01	20	43720	买盘
13:07:17	21.85	--	17	37145	卖盘
13:07:11	21.85	--	5	10925	卖盘
13:06:41	21.85	--	5	10925	卖盘
13:06:17	21.85	--	3	6555	卖盘
13:06:11	21.85	--	51	111435	卖盘
13:05:56	21.85	--	25	54625	卖盘
13:05:52	21.85	0.01	51	111435	买盘
13:05:47	21.84	-0.01	25	54600	卖盘
13:05:41	21.85	0.01	4	8740	买盘
13:05:37	21.84	-0.01	6	13104	卖盘
13:05:32	21.85	0.01	10	21850	买盘
13:05:26	21.84	--	1	2184	买盘
13:05:17	21.84	--	10	21840	中性盘
13:05:06	21.84	-0.01	20	43680	卖盘
13:05:02	21.85	0.01	5	10925	买盘
13:04:56	21.84	-0.01	8	17472	卖盘
13:04:51	21.85	0.01	3	6555	买盘
13:04:47	21.84	-0.01	58	126672	卖盘
13:04:41	21.85	--	5	10925	买盘
13:04:36	21.85	--	2	4370	买盘
13:04:32	21.85	-0.01	4	8740	卖盘
13:04:16	21.86	0.01	6	13116	买盘
13:04:11	21.85	--	4	8740	买盘
13:04:06	21.85	--	2	4370	买盘
13:04:01	21.85	--	19	41515	卖盘
13:03:51	21.85	--	45	98325	卖盘
13:03:36	21.85	--	90	196650	买盘
13:03:31	21.85	0.01	37	80845	买盘
13:03:26	21.84	-0.01	9	19656	卖盘
13:03:21	21.85	--	5	10925	买盘
13:03:17	21.85	0.01	12	26220	买盘
13:03:01	21.84	-0.01	3	6552	卖盘
13:02:51	21.85	0.01	2	4370	买盘
13:02:41	21.84	0.01	14	30576	买盘
13:02:36	21.83	-0.01	2	4366	卖盘
13:02:31	21.84	--	4	8736	买盘
13:02:26	21.84	--	0	0	买盘
13:02:21	21.84	-0.02	7	15288	卖盘
13:02:16	21.86	--	10	21860	买盘
13:02:11	21.86	--	10	21860	买盘
13:01:51	21.86	0.01	100	218600	买盘
13:01:41	21.85	--	1	2185	买盘
13:01:36	21.85	0.01	28	61180	买盘
13:01:31	21.84	--	19	41496	卖盘
13:01:21	21.84	--	1	2184	卖盘
13:01:16	21.84	--	8	17472	卖盘
13:01:01	21.84	--	20	43680	卖盘
13:00:51	21.84	--	6	13104	卖盘
13:00:46	21.84	--	21	45864	卖盘
13:00:41	21.84	--	14	30576	买盘
13:00:20	21.84	--	9	19656	买盘
13:00:16	21.84	-0.01	29	63336	卖盘
13:00:11	21.85	--	41	89585	买盘
13:00:05	21.85	0.01	179	393278	卖盘
13:00:01	21.84	--	2	4368	卖盘
11:30:00	21.84	--	0	0	卖盘
11:30:00	21.84	--	0	0	卖盘
11:29:57	21.84	--	0	0	卖盘
11:29:22	21.84	-0.01	0	21	中性盘
11:29:16	21.85	0.01	100	218500	买盘
11:29:12	21.84	--	5	10920	买盘
11:29:01	21.84	--	2	4368	卖盘
11:28:57	21.84	--	10	21840	卖盘
11:28:37	21.84	--	33	72072	买盘
11:28:27	21.84	0.02	26	56784	买盘
11:28:12	21.82	-0.02	23	50186	卖盘
11:28:07	21.84	0.02	2	4368	买盘
11:28:01	21.82	--	8	17456	卖盘
11:27:42	21.82	--	1	2182	卖盘
11:27:37	21.82	--	8	17456	卖盘
11:27:27	21.82	--	12	26184	买盘
11:27:22	21.82	--	10	21820	买盘
11:27:16	21.82	0.01	3	6546	买盘
11:27:10	21.81	-0.01	1	2181	卖盘
11:27:07	21.82	--	17	37094	买盘
11:26:55	21.82	--	10	21820	买盘
11:26:52	21.82	--	0	0	买盘
11:26:40	21.82	0.01	6	13092	买盘
11:26:37	21.81	-0.01	17	37077	卖盘
11:26:21	21.82	--	0	0	买盘
11:26:16	21.82	0.02	1	2182	买盘
11:26:10	21.8	--	27	58860	卖盘
11:25:52	21.8	--	37	80660	买盘
11:25:46	21.8	--	7	15260	买盘
11:25:40	21.8	--	5	10900	买盘
11:25:36	21.8	--	13	28340	买盘
11:25:31	21.8	0.01	5	10900	买盘
11:25:25	21.79	--	5	10895	卖盘
11:25:06	21.79	0.01	7	15253	卖盘
11:25:01	21.78	-0.01	117	254826	卖盘
11:24:55	21.79	--	32	69728	买盘
11:24:51	21.79	--	20	43580	买盘
11:24:46	21.79	--	96	209184	买盘
11:24:40	21.79	--	34	74086	买盘
11:24:36	21.79	--	18	39222	买盘
11:24:31	21.79	0.01	29	63191	买盘
11:24:25	21.78	-0.01	109	237402	卖盘
11:24:21	21.79	--	5	10895	买盘
11:24:16	21.79	--	26	56654	买盘
11:24:06	21.79	--	84	183036	买盘
11:24:01	21.79	--	1	2179	买盘
11:23:55	21.79	0.01	12	26148	买盘
11:23:51	21.78	-0.01	107	233046	卖盘
11:23:46	21.79	--	19	41401	买盘
11:23:40	21.79	--	18	39222	买盘
11:23:36	21.79	0.01	20	43580	买盘
11:23:31	21.78	--	13	28314	卖盘
11:23:25	21.78	--	60	130680	卖盘
11:23:21	21.78	-0.01	165	359370	卖盘
11:23:16	21.79	--	20	43580	买盘
11:23:06	21.79	--	8	17432	卖盘
11:23:01	21.79	-0.01	13	28327	卖盘
11:22:55	21.8	0.01	2	4360	买盘
11:22:51	21.79	--	10	21790	卖盘
11:22:46	21.79	--	3	6537	卖盘
11:22:40	21.79	-0.01	10	21790	卖盘
11:22:31	21.8	0.01	9	19620	买盘
11:22:25	21.79	--	10	21790	卖盘
11:22:21	21.79	-0.01	12	26148	中性盘
11:22:16	21.8	0.02	83	180940	买盘
11:22:06	21.78	0.02	125	272250	买盘
11:22:01	21.76	-0.01	407	885632	卖盘
11:21:55	21.77	--	22	47894	卖盘
11:21:51	21.77	--	171	372267	卖盘
11:21:46	21.77	--	10	21770	卖盘
11:21:40	21.77	--	5	10885	卖盘
11:21:36	21.77	-0.01	37	80549	卖盘
11:21:31	21.78	--	22	47916	买盘
11:21:21	21.78	--	15	32670	买盘
11:21:16	21.78	--	11	23958	卖盘
11:21:06	21.78	0.01	12	26136	买盘
11:21:01	21.77	-0.01	7	15239	卖盘
11:20:55	21.78	--	60	130680	卖盘
11:20:49	21.78	--	36	78408	卖盘
11:20:46	21.78	--	5	10890	卖盘
11:20:40	21.78	-0.01	50	108900	卖盘
11:20:34	21.79	--	16	34864	买盘
11:20:31	21.79	--	75	163425	买盘
11:20:25	21.79	--	2	4358	买盘
11:20:16	21.79	--	22	47938	卖盘
11:20:10	21.79	--	30	65370	卖盘
11:20:00	21.79	-0.01	30	65370	卖盘
11:19:40	21.8	--	11	23980	卖盘
11:19:34	21.8	--	6	13080	卖盘
11:19:30	21.8	--	95	207100	卖盘
11:19:25	21.8	--	32	69760	卖盘
11:19:10	21.8	-0.01	10	21800	卖盘
11:19:04	21.81	--	1	2181	买盘
11:19:00	21.81	--	50	109050	买盘
11:18:55	21.81	-0.01	41	89421	卖盘
11:18:40	21.82	0.01	41	89462	买盘
11:18:25	21.81	--	3	6543	卖盘
11:18:19	21.81	-0.01	25	54525	卖盘
11:18:04	21.82	--	7	15274	买盘
11:18:00	21.82	--	6	13092	卖盘
11:17:40	21.82	--	1	2182	中性盘
11:17:34	21.82	--	0	0	卖盘
11:17:30	21.82	--	5	10910	卖盘
11:17:15	21.82	-0.03	3	6546	卖盘
11:17:10	21.85	--	13	28405	买盘
11:17:04	21.85	--	13	28405	卖盘
11:17:00	21.85	-0.01	17	37145	卖盘
11:16:55	21.86	--	13	28418	卖盘
11:16:49	21.86	-0.01	2	4372	卖盘
11:16:45	21.87	0.02	4	8748	买盘
11:16:40	21.85	--	77	168245	卖盘
11:16:34	21.85	-0.02	5	10925	卖盘
11:16:30	21.87	--	3	6561	买盘
11:16:25	21.87	0.02	2	4374	买盘
11:16:19	21.85	--	20	43700	卖盘
11:16:15	21.85	--	6	13110	卖盘
11:16:10	21.85	--	4	8740	卖盘
11:16:00	21.85	--	46	100510	卖盘
11:15:55	21.85	--	20	43700	卖盘
11:15:45	21.85	--	2	4370	卖盘
11:15:34	21.85	--	61	133285	卖盘
11:15:30	21.85	0.04	73	159505	买盘
11:15:15	21.81	-0.04	9	19629	卖盘
11:15:10	21.85	0.04	1	2185	买盘
11:15:00	21.81	-0.01	12	26172	卖盘
11:14:55	21.82	0.02	5	10910	买盘
11:14:49	21.8	--	0	0	卖盘
11:14:45	21.8	-0.02	18	39240	卖盘
11:14:40	21.82	0.02	1	2182	卖盘
11:14:34	21.8	--	0	0	卖盘
11:14:30	21.8	--	10	21800	卖盘
11:14:25	21.8	--	28	61040	卖盘
11:14:19	21.8	--	24	52320	卖盘
11:14:15	21.8	--	20	43600	卖盘
11:14:04	21.8	0.02	73	159140	买盘
11:13:58	21.78	-0.01	2	4356	卖盘
11:13:55	21.79	--	29	63191	卖盘
11:13:49	21.79	--	30	65370	买盘
11:13:43	21.79	0.01	8	17432	买盘
11:13:40	21.78	--	43	93654	卖盘
11:13:34	21.78	--	11	23958	卖盘
11:13:24	21.78	-0.01	4	8712	卖盘
11:13:19	21.79	0.01	5	10895	买盘
11:13:13	21.78	--	8	17424	卖盘
11:13:09	21.78	--	3	6534	卖盘
11:13:04	21.78	--	3	6534	卖盘
11:12:58	21.78	0.01	75	163350	买盘
11:12:54	21.77	-0.01	12	26124	卖盘
11:12:49	21.78	--	29	63162	买盘
11:12:39	21.78	0.01	5	10890	买盘
11:12:34	21.77	-0.01	196	426692	卖盘
11:12:24	21.78	--	3	6534	卖盘
11:12:19	21.78	--	15	32670	卖盘
11:12:09	21.78	--	3	6534	卖盘
11:12:04	21.78	--	3	6534	卖盘
11:11:58	21.78	--	10	21780	卖盘
11:11:54	21.78	--	72	156816	买盘
11:11:49	21.78	0.01	11	23958	买盘
11:11:43	21.77	--	9	19593	卖盘
11:11:28	21.77	-0.01	36	78372	卖盘
11:11:24	21.78	--	21	45738	卖盘
11:11:19	21.78	--	52	113256	卖盘
11:11:09	21.78	--	41	89298	买盘
11:10:58	21.78	0.01	2	4356	买盘
11:10:54	21.77	-0.01	82	178514	卖盘
11:10:49	21.78	--	24	52272	卖盘
11:10:43	21.78	--	3	6534	卖盘
11:10:39	21.78	-0.02	8	17424	卖盘
11:10:34	21.8	--	3	6540	买盘
11:10:28	21.8	--	2	4360	买盘
11:10:24	21.8	--	0	0	买盘
11:10:19	21.8	0.02	161	350980	买盘
11:10:09	21.78	-0.01	200	435600	卖盘
11:10:04	21.79	--	154	335566	卖盘
11:09:58	21.79	-0.01	50	108950	卖盘
11:09:54	21.8	--	8	17440	卖盘
11:09:49	21.8	--	0	0	中性盘
11:09:39	21.8	--	18	39240	卖盘
11:09:24	21.8	--	62	135160	买盘
11:09:19	21.8	--	2	4360	买盘
11:09:13	21.8	0.02	10	21800	买盘
11:09:09	21.78	-0.01	151	328878	卖盘
11:09:04	21.79	-0.01	27	58833	卖盘
11:08:54	21.8	0.01	21	45780	买盘
11:08:43	21.79	--	6	13074	买盘
11:08:39	21.79	--	22	47938	买盘
11:08:34	21.79	--	119	259301	买盘
11:08:28	21.79	--	2	4358	买盘
11:08:24	21.79	--	75	163425	买盘
11:08:19	21.79	--	10	21790	买盘
11:08:13	21.79	--	5	10895	买盘
11:08:09	21.79	--	37	80623	买盘
11:08:04	21.79	0.01	10	21790	买盘
11:07:54	21.78	--	155	337590	卖盘
11:07:49	21.78	--	3	6534	卖盘
11:07:39	21.78	--	4	8712	卖盘
11:07:34	21.78	0.01	48	104544	卖盘
11:07:22	21.77	-0.01	140	304780	卖盘
11:07:19	21.78	-0.01	11	23958	卖盘
11:07:13	21.79	0.01	1	2179	买盘
11:07:07	21.78	-0.01	6	13068	卖盘
11:07:04	21.79	-0.01	36	78444	卖盘
11:06:58	21.8	0.01	20	43600	买盘
11:06:52	21.79	-0.01	20	43580	卖盘
11:06:48	21.8	0.01	12	26160	买盘
11:06:43	21.79	-0.01	64	139456	卖盘
11:06:28	21.8	0.01	6	13080	买盘
11:06:18	21.79	--	32	69728	卖盘
11:06:13	21.79	--	17	37043	卖盘
11:06:07	21.79	--	0	0	卖盘
11:05:58	21.79	-0.01	119	259301	卖盘
11:05:48	21.8	-0.02	173	377140	卖盘
11:05:43	21.82	0.02	9	19638	买盘
11:05:33	21.8	--	36	78480	卖盘
11:05:28	21.8	--	0	0	卖盘
11:05:22	21.8	-0.02	230	501400	卖盘
11:05:18	21.82	--	24	52368	买盘
11:05:13	21.82	--	77	168014	卖盘
11:05:07	21.82	--	10	21820	卖盘
11:05:03	21.82	-0.01	1	2182	卖盘
11:04:58	21.83	0.01	9	19647	卖盘
11:04:48	21.82	--	0	0	卖盘
11:04:43	21.82	--	9	19638	卖盘
11:04:33	21.82	0.01	44	96008	买盘
11:04:28	21.81	-0.01	118	257357	卖盘
11:04:18	21.82	--	20	43640	买盘
11:04:13	21.82	--	5	10910	买盘
11:04:07	21.82	0.01	4	8728	买盘
11:04:03	21.81	--	24	52344	卖盘
11:03:58	21.81	-0.01	2	4362	卖盘
11:03:43	21.82	0.01	27	58914	买盘
11:03:37	21.81	-0.01	5	10905	卖盘
11:03:33	21.82	--	35	76370	买盘
11:03:28	21.82	0.01	8	17456	买盘
11:03:22	21.81	-0.01	1	2181	卖盘
11:03:07	21.82	-0.04	76	165832	卖盘
11:03:03	21.86	0.01	294	642684	买盘
11:02:58	21.85	-0.01	9	19665	卖盘
11:02:52	21.86	--	1	2186	买盘
11:02:48	21.86	--	3	6558	买盘
11:02:43	21.86	--	33	72138	卖盘
11:02:37	21.86	--	2	4372	卖盘
11:02:33	21.86	--	18	39348	卖盘
11:02:22	21.86	--	3	6558	卖盘
11:02:18	21.86	-0.01	10	21860	卖盘
11:02:13	21.87	0.01	22	48114	买盘
11:02:07	21.86	--	20	43720	卖盘
11:02:03	21.86	-0.01	23	50278	卖盘
11:01:48	21.87	0.01	10	21870	卖盘
11:01:43	21.86	-0.01	27	59022	卖盘
11:01:33	21.87	--	0	0	卖盘
11:01:28	21.87	--	13	28431	卖盘
11:01:22	21.87	-0.01	9	19683	卖盘
11:01:18	21.88	0.01	3	6564	中性盘
11:01:13	21.87	-0.01	21	45927	卖盘
11:00:52	21.88	-0.01	39	85332	卖盘
11:00:46	21.89	--	1	2189	买盘
11:00:43	21.89	--	25	54725	买盘
11:00:37	21.89	-0.01	21	45969	卖盘
11:00:31	21.9	0.01	20	43800	买盘
11:00:27	21.89	--	29	63481	卖盘
11:00:22	21.89	--	22	48158	卖盘
11:00:12	21.89	--	5	10945	卖盘
11:00:07	21.89	--	1	2189	卖盘
10:59:57	21.89	0.01	30	65670	买盘
10:59:52	21.88	--	7	15316	卖盘
10:59:46	21.88	-0.01	114	249432	卖盘
10:59:42	21.89	0.01	12	26268	买盘
10:59:37	21.88	--	3	6564	卖盘
10:59:31	21.88	--	2	4376	卖盘
10:59:22	21.88	0.01	12	26256	买盘
10:59:16	21.87	-0.01	25	54675	卖盘
10:59:07	21.88	0.01	40	87520	买盘
10:58:57	21.87	-0.01	42	91854	卖盘
10:58:37	21.88	-0.01	3	6564	买盘
10:58:27	21.89	0.01	60	131340	买盘
10:58:22	21.88	-0.01	9	19692	卖盘
10:58:16	21.89	--	3	6567	买盘
10:58:12	21.89	-0.01	169	369941	卖盘
10:58:07	21.9	-0.01	30	65700	卖盘
10:57:57	21.91	--	89	194999	卖盘
10:57:52	21.91	-0.01	30	65730	中性盘
10:57:46	21.92	0.01	20	43840	买盘
10:57:42	21.91	--	6	13146	买盘
10:57:37	21.91	0.01	5	10955	中性盘
10:57:31	21.9	-0.01	35	76650	卖盘
10:57:27	21.91	--	128	280448	卖盘
10:57:22	21.91	--	14	30674	卖盘
10:57:16	21.91	--	51	111741	买盘
10:57:12	21.91	--	13	28483	买盘
10:57:07	21.91	--	44	96404	买盘
10:56:57	21.91	0.01	6	13146	中性盘
10:56:52	21.9	-0.01	35	76650	卖盘
10:56:46	21.91	--	4	8764	卖盘
10:56:42	21.91	-0.01	30	65883	卖盘
10:56:37	21.92	0.03	103	227814	买盘
10:56:31	21.89	-0.02	19	41591	卖盘
10:56:22	21.91	--	1	2191	买盘
10:56:16	21.91	-0.01	2	4382	买盘
10:56:12	21.92	0.03	21	46032	买盘
10:56:07	21.89	-0.03	1	2189	卖盘
10:56:01	21.92	0.03	43	94256	买盘
10:55:57	21.89	--	9	19701	卖盘
10:55:52	21.89	--	120	262680	买盘
10:55:46	21.89	0.01	10	21890	买盘
10:55:37	21.88	--	12	26256	中性盘
10:55:31	21.88	--	29	63452	买盘
10:55:27	21.88	--	56	122528	买盘
10:55:22	21.88	0.01	19	41572	买盘
10:55:12	21.87	0.02	21	45927	买盘
10:55:07	21.85	--	7	15295	买盘
10:55:01	21.85	0.01	2	4370	买盘
10:54:52	21.84	0.01	20	43680	买盘
10:54:42	21.83	--	2	4366	卖盘
10:54:37	21.83	0.01	11	24012	买盘
10:54:22	21.82	0.01	35	76370	买盘
10:54:10	21.81	--	3	6543	买盘
10:54:07	21.81	0.01	47	102507	买盘
10:54:01	21.8	--	3	6540	卖盘
10:53:55	21.8	--	50	109000	卖盘
10:53:52	21.8	--	119	261185	买盘
10:53:46	21.8	--	184	401120	买盘
10:53:40	21.8	--	63	137340	买盘
10:53:36	21.8	--	15	32700	买盘
10:53:31	21.8	0.01	22	47960	买盘
10:53:21	21.79	--	7	15253	卖盘
10:53:06	21.79	--	203	442337	买盘
10:53:01	21.79	--	16	34864	买盘
10:52:55	21.79	--	2	4358	买盘
10:52:51	21.79	0.01	97	211363	买盘
10:52:46	21.78	-0.01	135	294030	卖盘
10:52:40	21.79	--	210	457590	买盘
10:52:36	21.79	--	1	2179	买盘
10:52:31	21.79	0.01	1	2179	买盘
10:52:25	21.78	--	9	19602	卖盘
10:52:21	21.78	-0.01	25	54450	卖盘
10:52:16	21.79	0.01	20	43580	买盘
10:52:10	21.78	--	5	10890	卖盘
10:52:06	21.78	-0.01	6	13068	卖盘
10:52:01	21.79	0.01	16	34864	买盘
10:51:55	21.78	--	18	39204	卖盘
10:51:51	21.78	-0.01	4	8712	卖盘
10:51:46	21.79	--	41	89339	买盘
10:51:36	21.79	--	93	202647	买盘
10:51:31	21.79	-0.01	121	263659	卖盘
10:51:25	21.8	0.01	3	6540	买盘
10:51:21	21.79	-0.01	23	50117	卖盘
10:51:16	21.8	0.01	10	21800	买盘
10:51:10	21.79	-0.01	5	10895	卖盘
10:51:06	21.8	--	2	4360	买盘
10:51:01	21.8	--	55	119900	买盘
10:50:55	21.8	--	2	4360	买盘
10:50:51	21.8	--	48	104640	买盘
10:50:46	21.8	--	142	309560	买盘
10:50:36	21.8	--	22	47960	买盘
10:50:31	21.8	--	69	150420	买盘
10:50:21	21.8	--	14	30520	买盘
10:50:16	21.8	--	11	23980	买盘
10:50:10	21.8	0.01	14	30520	买盘
10:50:06	21.79	--	12	26148	卖盘
10:49:55	21.79	-0.01	14	30506	卖盘
10:49:51	21.8	--	15	32700	买盘
10:49:46	21.8	--	0	0	买盘
10:49:40	21.8	0.01	49	106820	买盘
10:49:36	21.79	-0.01	54	117666	卖盘
10:49:31	21.8	--	34	74120	买盘
10:49:25	21.8	0.01	5	10900	买盘
10:49:21	21.79	--	2	4358	卖盘
10:49:16	21.79	--	62	135098	卖盘
10:49:01	21.79	0.01	128	278912	买盘
10:48:55	21.78	--	10	21780	买盘
10:48:51	21.78	--	2	4356	买盘
10:48:46	21.78	--	13	28314	买盘
10:48:40	21.78	--	20	43560	买盘
10:48:36	21.78	--	300	653400	买盘
10:48:31	21.78	--	16	34848	买盘
10:48:25	21.78	--	15	32670	买盘
10:48:21	21.78	--	27	58806	买盘
10:48:16	21.78	--	37	80586	买盘
10:48:06	21.78	0.01	87	189486	买盘
10:47:55	21.77	0.01	10	21770	卖盘
10:47:49	21.76	--	0	0	卖盘
10:47:46	21.76	-0.01	64	140439	卖盘
10:47:40	21.77	0.01	23	50071	买盘
10:47:34	21.76	-0.01	23	50048	卖盘
10:47:30	21.77	--	15	32655	买盘
10:47:25	21.77	-0.01	157	342790	卖盘
10:47:19	21.78	--	13	28314	卖盘
10:47:15	21.78	--	24	52272	买盘
10:47:10	21.78	--	9	19602	买盘
10:47:04	21.78	--	13	28314	买盘
10:47:00	21.78	0.01	14	30492	买盘
10:46:55	21.77	-0.01	5	10885	卖盘
10:46:45	21.78	0.01	23	51270	买盘
10:46:40	21.77	--	12	26124	买盘
10:46:34	21.77	--	1	2177	买盘
10:46:30	21.77	--	9	20594	卖盘
10:46:25	21.77	-0.01	34	74018	卖盘
10:46:19	21.78	0.01	55	119790	买盘
10:46:15	21.77	--	32	69664	卖盘
10:46:10	21.77	-0.01	1	2177	卖盘
10:46:04	21.78	0.01	9	19602	买盘
10:46:00	21.77	-0.02	20	43540	卖盘
10:45:55	21.79	0.01	45	98055	买盘
10:45:49	21.78	-0.01	1	2178	卖盘
10:45:45	21.79	0.01	189	411831	买盘
10:45:40	21.78	--	97	211266	卖盘
10:45:34	21.78	--	148	322344	买盘
10:45:30	21.78	--	33	71874	买盘
10:45:25	21.78	--	5	10890	买盘
10:45:19	21.78	--	10	21780	买盘
10:45:15	21.78	--	85	185130	卖盘
10:45:10	21.78	-0.01	3	6534	卖盘
10:45:04	21.79	--	13	28327	买盘
10:45:00	21.79	--	10	21790	买盘
10:44:55	21.79	--	12	26148	买盘
10:44:49	21.79	--	67	145993	买盘
10:44:45	21.79	--	4	8716	买盘
10:44:40	21.79	0.01	137	298523	买盘
10:44:30	21.78	-0.01	13	28314	卖盘
10:44:25	21.79	--	4	8716	买盘
10:44:19	21.79	--	6	13074	买盘
10:44:15	21.79	0.01	20	43580	买盘
10:44:10	21.78	0.01	53	115434	中性盘
10:44:04	21.77	-0.01	22	47894	卖盘
10:44:00	21.78	--	15	33846	买盘
10:43:55	21.78	--	6	13068	买盘
10:43:49	21.78	--	11	23958	买盘
10:43:45	21.78	--	5	10890	买盘
10:43:34	21.78	--	4	8712	买盘
10:43:25	21.78	0.01	200	435600	买盘
10:43:19	21.77	--	10	21770	卖盘
10:43:15	21.77	--	19	41363	买盘
10:43:10	21.77	--	34	74018	买盘
10:43:00	21.77	0.01	18	39186	买盘
10:42:55	21.76	--	44	95744	买盘
10:42:49	21.76	0.01	62	134912	买盘
10:42:45	21.75	--	55	119625	卖盘
10:42:40	21.75	--	9	19575	卖盘
10:42:34	21.75	--	30	65250	卖盘
10:42:30	21.75	--	68	147900	卖盘
10:42:25	21.75	--	74	160950	买盘
10:42:19	21.75	0.01	30	65250	买盘
10:42:10	21.74	--	30	65219	卖盘
10:42:04	21.74	0.01	36	78264	买盘
10:42:00	21.73	-0.01	84	182532	卖盘
10:41:55	21.74	--	34	73916	买盘
10:41:49	21.74	--	34	73916	买盘
10:41:45	21.74	--	67	145658	买盘
10:41:40	21.74	--	65	141310	卖盘
10:41:34	21.74	-0.01	50	108699	卖盘
10:41:30	21.75	--	124	269700	买盘
10:41:25	21.75	0.01	121	263175	买盘
10:41:19	21.74	-0.01	110	239139	卖盘
10:41:13	21.75	0.01	12	26100	买盘
10:41:10	21.74	--	55	119569	卖盘
10:41:04	21.74	-0.01	122	265228	卖盘
10:40:58	21.75	--	30	65250	买盘
10:40:55	21.75	--	45	97875	买盘
10:40:49	21.75	--	76	165300	买盘
10:40:43	21.75	--	0	0	买盘
10:40:40	21.75	0.01	81	176175	买盘
10:40:34	21.74	0.01	10	21740	卖盘
10:40:28	21.73	--	0	0	卖盘
10:40:24	21.73	-0.02	84	182532	卖盘
10:40:19	21.75	0.02	137	297975	买盘
10:40:13	21.73	-0.01	15	32595	卖盘
10:40:09	21.74	0.01	96	208703	买盘
10:40:04	21.73	--	132	286836	买盘
10:39:54	21.73	0.01	89	193397	中性盘
10:39:49	21.72	-0.02	30	65160	卖盘
10:39:43	21.74	--	0	0	买盘
10:39:39	21.74	0.01	95	206529	买盘
10:39:34	21.73	-0.01	32	69536	中性盘
10:39:28	21.74	-0.01	509	1106566	卖盘
10:39:24	21.75	--	7	15225	买盘
10:39:19	21.75	--	14	30450	买盘
10:39:13	21.75	--	152	330600	卖盘
10:39:09	21.75	--	105	228375	卖盘
10:39:04	21.75	-0.01	80	174000	卖盘
10:38:58	21.76	--	2	4352	买盘
10:38:54	21.76	--	64	139264	卖盘
10:38:49	21.76	-0.02	19	41344	卖盘
10:38:43	21.78	0.02	35	76230	买盘
10:38:39	21.76	-0.02	55	120680	卖盘
10:38:34	21.78	--	141	308274	卖盘
10:38:28	21.78	-0.01	2	4356	卖盘
10:38:24	21.79	--	63	137277	买盘
10:38:19	21.79	--	27	58833	卖盘
10:38:13	21.79	-0.01	68	148172	卖盘
10:38:09	21.8	-0.01	1300	2834414	卖盘
10:38:04	21.81	0.01	233	508172	买盘
10:37:58	21.8	--	18	39240	卖盘
10:37:54	21.8	--	22	47960	卖盘
10:37:49	21.8	-0.01	221	482521	卖盘
10:37:43	21.81	-0.01	9	19629	卖盘
10:37:39	21.82	0.01	80	176000	买盘
10:37:34	21.81	--	70	152670	卖盘
10:37:28	21.81	--	24	52344	卖盘
10:37:24	21.81	-0.01	7	15267	卖盘
10:37:19	21.82	--	7	15274	买盘
10:37:13	21.82	--	112	244384	卖盘
10:37:09	21.82	-0.01	3	6546	卖盘
10:36:58	21.83	0.01	2	4366	买盘
10:36:54	21.82	--	13	28366	卖盘
10:36:49	21.82	--	69	150558	卖盘
10:36:43	21.82	--	10	21820	卖盘
10:36:39	21.82	0.01	59	128738	买盘
10:36:34	21.81	--	67	146127	卖盘
10:36:28	21.81	-0.02	66	143946	卖盘
10:36:24	21.83	--	117	255410	买盘
10:36:19	21.83	--	39	85137	买盘
10:36:13	21.83	0.01	1	2183	买盘
10:36:09	21.82	--	20	43640	卖盘
10:36:04	21.82	-0.01	23	50186	卖盘
10:35:54	21.83	--	42	91686	卖盘
10:35:49	21.83	--	23	50208	买盘
10:35:39	21.83	--	37	80771	买盘
10:35:34	21.83	--	8	17464	买盘
10:35:28	21.83	0.01	110	240129	买盘
10:35:24	21.82	-0.01	20	43640	卖盘
10:35:19	21.83	0.01	4	8732	买盘
10:35:13	21.82	-0.01	4	8728	卖盘
10:35:09	21.83	0.01	10	21830	买盘
10:35:04	21.82	--	10	21820	卖盘
10:34:58	21.82	--	7	15274	卖盘
10:34:52	21.82	-0.01	19	41458	卖盘
10:34:49	21.83	0.01	8	17464	买盘
10:34:43	21.82	-0.01	2	4364	卖盘
10:34:37	21.83	--	51	111332	买盘
10:34:28	21.83	--	26	56757	买盘
10:34:22	21.83	--	35	76405	买盘
10:34:19	21.83	-0.01	66	144078	卖盘
10:34:13	21.84	0.01	14	30576	买盘
10:34:03	21.83	-0.01	71	154993	卖盘
10:33:58	21.84	--	5	10920	卖盘
10:33:48	21.84	--	18	39312	卖盘
10:33:37	21.84	0.01	1	2184	买盘
10:33:33	21.83	-0.01	78	170274	卖盘
10:33:28	21.84	-0.01	4	8736	卖盘
10:33:18	21.85	0.02	2	4370	买盘
10:33:13	21.83	-0.01	18	39294	卖盘
10:33:07	21.84	-0.01	12	26208	买盘
10:33:03	21.85	0.01	52	113620	买盘
10:32:58	21.84	--	4	8736	中性盘
10:32:48	21.84	--	5	10920	卖盘
10:32:43	21.84	0.01	27	58968	买盘
10:32:37	21.83	-0.01	4	8732	卖盘
10:32:33	21.84	--	395	862680	买盘
10:32:28	21.84	0.01	3	6552	买盘
10:32:18	21.83	-0.02	33	72039	卖盘
10:32:13	21.85	0.02	5	10925	买盘
10:32:03	21.83	--	21	45843	中性盘
10:31:58	21.83	-0.01	26	56757	卖盘
10:31:52	21.84	--	8	17472	买盘
10:31:48	21.84	0.01	16	34944	买盘
10:31:43	21.83	--	26	56757	卖盘
10:31:37	21.83	0.01	1	2183	卖盘
10:31:33	21.82	-0.01	38	82916	卖盘
10:31:28	21.83	0.01	35	76405	买盘
10:31:22	21.82	-0.02	38	82916	卖盘
10:31:18	21.84	0.02	63	137592	买盘
10:31:13	21.82	0.01	13	28366	买盘
10:31:07	21.81	-0.01	9	19629	卖盘
10:31:03	21.82	0.01	31	67642	买盘
10:30:58	21.81	--	13	28353	卖盘
10:30:52	21.81	0.01	11	23991	卖盘
10:30:48	21.8	-0.01	108	235440	卖盘
10:30:43	21.81	0.01	163	355503	买盘
10:30:37	21.8	-0.01	76	165680	卖盘
10:30:33	21.81	--	23	50163	买盘
10:30:28	21.81	0.01	45	98145	买盘
10:30:22	21.8	-0.01	11	23980	卖盘
10:30:18	21.81	--	46	100326	买盘
10:30:13	21.81	--	80	174480	买盘
10:30:07	21.81	0.01	12	26172	买盘
10:30:03	21.8	-0.01	118	257240	卖盘
10:29:58	21.81	--	59	128678	买盘
10:29:52	21.81	0.01	25	54525	买盘
10:29:48	21.8	--	37	80660	卖盘
10:29:43	21.8	-0.01	109	237620	卖盘
10:29:37	21.81	0.01	58	126497	中性盘
10:29:33	21.8	--	130	283400	卖盘
10:29:28	21.8	-0.01	357	778260	卖盘
10:29:22	21.81	--	5	10905	买盘
10:29:18	21.81	--	8	17448	买盘
10:29:13	21.81	-0.01	200	436200	卖盘
10:29:07	21.82	0.01	7	15274	买盘
10:29:03	21.81	-0.01	68	148308	卖盘
10:28:58	21.82	0.01	7	15274	中性盘
10:28:52	21.81	-0.01	400	872400	卖盘
10:28:43	21.82	0.01	97	211654	买盘
10:28:37	21.81	-0.01	19	41439	卖盘
10:28:33	21.82	-0.05	9	19638	中性盘
10:28:28	21.87	0.05	34	74358	买盘
10:28:22	21.82	0.01	15	32730	中性盘
10:28:16	21.81	--	85	185385	卖盘
10:28:13	21.81	--	37	80697	卖盘
10:28:07	21.81	-0.03	30	65429	卖盘
10:28:01	21.84	-0.03	5	10920	卖盘
10:27:58	21.87	--	0	0	买盘
10:27:52	21.87	0.05	344	752328	买盘
10:27:46	21.82	--	0	0	中性盘
10:27:42	21.82	0.02	25	54550	中性盘
10:27:37	21.8	-0.06	1000	2180000	卖盘
10:27:31	21.86	--	16	34976	买盘
10:27:27	21.86	-0.01	71	156692	卖盘
10:27:22	21.87	--	6	13122	买盘
10:27:12	21.87	0.01	32	69984	买盘
10:27:07	21.86	--	11	24046	卖盘
10:26:57	21.86	0.01	1	2186	中性盘
10:26:52	21.85	--	10	21850	卖盘
10:26:46	21.85	-0.01	107	233795	卖盘
10:26:42	21.86	--	46	100556	买盘
10:26:37	21.86	--	5	10930	买盘
10:26:31	21.86	-0.02	7	15302	买盘
10:26:27	21.88	-0.01	31	67828	买盘
10:26:12	21.89	0.04	3	6567	买盘
10:26:01	21.85	--	16	34960	买盘
10:25:57	21.85	-0.05	14	30590	卖盘
10:25:46	21.9	--	0	0	买盘
10:25:42	21.9	--	1005	2200950	买盘
10:25:37	21.9	-0.01	5	10950	中性盘
10:25:31	21.91	0.01	4	8764	买盘
10:25:27	21.9	--	16	35040	买盘
10:25:22	21.9	-0.02	71	155490	卖盘
10:25:16	21.92	--	10	21920	买盘
10:25:12	21.92	--	890	1951164	买盘
10:25:07	21.92	--	4	8768	买盘
10:25:01	21.92	-0.01	47	103024	卖盘
10:24:57	21.93	0.03	40	87720	买盘
10:24:52	21.9	-0.03	103	225569	卖盘
10:24:42	21.93	--	6	13158	买盘
10:24:37	21.93	--	11	24123	买盘
10:24:31	21.93	-0.01	50	109650	卖盘
10:24:27	21.94	0.01	4	8776	买盘
10:24:22	21.93	--	6	13158	卖盘
10:24:12	21.93	0.02	20	43860	买盘
10:24:07	21.91	--	1	2191	卖盘
10:24:01	21.91	--	10	21910	卖盘
10:23:57	21.91	--	5	10955	卖盘
10:23:52	21.91	0.01	45	98595	买盘
10:23:46	21.9	--	4	8760	卖盘
10:23:42	21.9	--	2	4380	卖盘
10:23:37	21.9	0.01	141	308790	买盘
10:23:27	21.89	0.01	17	37213	买盘
10:23:22	21.88	--	71	155348	卖盘
10:23:16	21.88	0.01	590	1290920	买盘
10:23:12	21.87	--	2	4374	买盘
10:23:06	21.87	0.01	65	142155	买盘
10:23:01	21.86	--	1	2186	买盘
10:22:57	21.86	0.01	31	67766	买盘
10:22:52	21.85	--	14	30590	中性盘
10:22:46	21.85	--	21	45885	卖盘
10:22:42	21.85	--	38	83030	买盘
10:22:37	21.85	--	93	203205	买盘
10:22:31	21.85	0.01	40	87400	买盘
10:22:27	21.84	--	41	89544	卖盘
10:22:22	21.84	--	23	50232	卖盘
10:22:16	21.84	--	4	8736	卖盘
10:22:12	21.84	0.01	31	67704	买盘
10:22:06	21.83	-0.01	10	21830	卖盘
10:22:01	21.84	--	89	194376	买盘
10:21:55	21.84	--	3	6552	买盘
10:21:52	21.84	0.01	77	168168	买盘
10:21:46	21.83	-0.02	150	327450	卖盘
10:21:40	21.85	--	0	0	买盘
10:21:31	21.85	0.02	51	111435	买盘
10:21:25	21.83	--	8	17464	卖盘
10:21:22	21.83	--	23	50208	买盘
10:21:16	21.83	--	41	89503	卖盘
10:21:10	21.83	-0.01	95	207384	卖盘
10:21:06	21.84	0.01	32	69888	买盘
10:21:01	21.83	-0.01	91	198652	卖盘
10:20:55	21.84	--	20	43680	卖盘
10:20:51	21.84	--	65	141960	买盘
10:20:46	21.84	--	17	37128	买盘
10:20:40	21.84	--	5	10920	买盘
10:20:36	21.84	0.02	26	56784	买盘
10:20:31	21.82	-0.03	156	340392	卖盘
10:20:25	21.85	0.01	3	6555	买盘
10:20:21	21.84	--	9	19656	卖盘
10:20:16	21.84	--	26	56784	卖盘
10:20:10	21.84	--	3	6552	卖盘
10:20:06	21.84	--	69	150696	买盘
10:20:01	21.84	--	42	91728	买盘
10:19:55	21.84	--	12	26208	买盘
10:19:51	21.84	--	23	50232	买盘
10:19:46	21.84	--	163	355992	卖盘
10:19:40	21.84	-0.01	92	200928	卖盘
10:19:36	21.85	0.01	59	128915	买盘
10:19:31	21.84	--	119	259896	卖盘
10:19:21	21.84	-0.01	56	122304	卖盘
10:19:16	21.85	-0.01	335	732674	卖盘
10:19:10	21.86	--	14	30604	卖盘
10:19:06	21.86	-0.01	30	65580	卖盘
10:19:01	21.87	--	0	0	买盘
10:18:55	21.87	0.02	1	2187	买盘
10:18:51	21.85	-0.02	112	244720	卖盘
10:18:46	21.87	-0.01	16	34992	卖盘
10:18:36	21.88	0.03	2	4376	买盘
10:18:31	21.85	-0.01	323	705755	卖盘
10:18:25	21.86	--	5	10930	买盘
10:18:21	21.86	0.01	35	76510	中性盘
10:18:16	21.85	-0.03	214	469075	卖盘
10:18:10	21.88	0.01	5	10940	买盘
10:18:06	21.87	--	63	137781	卖盘
10:18:01	21.87	--	5	10935	卖盘
10:17:55	21.87	0.01	23	50301	买盘
10:17:51	21.86	-0.01	39	85254	卖盘
10:17:46	21.87	--	53	115911	买盘
10:17:36	21.87	--	14	30618	买盘
10:17:31	21.87	--	21	45927	买盘
10:17:25	21.87	--	4	8748	卖盘
10:17:21	21.87	-0.01	10	21870	卖盘
10:17:16	21.88	0.01	7	15316	买盘
10:17:10	21.87	--	1	2187	卖盘
10:17:06	21.87	0.01	16	34992	买盘
10:17:01	21.86	-0.01	47	102742	卖盘
10:16:51	21.87	0.01	7	15309	中性盘
10:16:46	21.86	-0.01	152	332272	卖盘
10:16:40	21.87	0.01	57	124659	买盘
10:16:36	21.86	-0.01	40	87440	卖盘
10:16:31	21.87	--	36	78732	买盘
10:16:25	21.87	-0.01	11	24057	买盘
10:16:21	21.88	--	21	45948	买盘
10:16:16	21.88	0.01	160	350080	买盘
10:16:10	21.87	-0.01	4	8748	卖盘
10:16:06	21.88	--	6	13128	买盘
10:16:01	21.88	0.01	75	164100	买盘
10:15:55	21.87	-0.01	15	32805	卖盘
10:15:51	21.88	--	10	21880	买盘
10:15:45	21.88	--	10	21880	买盘
10:15:40	21.88	--	10	21880	买盘
10:15:34	21.88	--	2	4376	买盘
10:15:30	21.88	--	17	37196	卖盘
10:15:25	21.88	--	25	54700	卖盘
10:15:19	21.88	-0.01	2	4376	卖盘
10:15:15	21.89	0.01	13	28457	买盘
10:15:10	21.88	--	19	41572	买盘
10:15:04	21.88	--	4	8752	买盘
10:15:00	21.88	--	5	10940	买盘
10:14:55	21.88	-0.01	42	91896	卖盘
10:14:49	21.89	--	15	32835	买盘
10:14:45	21.89	--	94	205766	买盘
10:14:40	21.89	--	1	2189	买盘
10:14:34	21.89	--	2	4378	中性盘
10:14:30	21.89	--	9	19701	卖盘
10:14:25	21.89	0.01	37	80993	买盘
10:14:19	21.88	-0.01	10	21880	卖盘
10:14:15	21.89	0.01	1	2189	买盘
10:14:10	21.88	-0.01	7	15316	卖盘
10:14:00	21.89	-0.01	25	54725	卖盘
10:13:55	21.9	--	11	24090	买盘
10:13:49	21.9	0.01	5	10950	买盘
10:13:45	21.89	--	61	133529	卖盘
10:13:40	21.89	--	24	52536	卖盘
10:13:30	21.89	--	3	6567	卖盘
10:13:25	21.89	-0.01	53	116017	卖盘
10:13:19	21.9	--	7	15329	买盘
10:13:15	21.9	0.01	10	21900	中性盘
10:13:10	21.89	-0.01	106	232034	卖盘
10:13:00	21.9	0.01	82	179580	买盘
10:12:55	21.89	0.01	102	223278	买盘
10:12:49	21.88	--	5	10940	买盘
10:12:45	21.88	-0.01	124	271312	卖盘
10:12:40	21.89	--	117	256113	买盘
10:12:34	21.89	0.01	6	13134	买盘
10:12:30	21.88	--	17	37196	卖盘
10:12:25	21.88	-0.02	33	72204	卖盘
10:12:19	21.9	--	0	0	买盘
10:12:15	21.9	0.02	161	352590	买盘
10:12:04	21.88	-0.01	56	122528	卖盘
10:12:00	21.89	0.01	118	258302	买盘
10:11:55	21.88	-0.01	8	17504	卖盘
10:11:49	21.89	--	10	21890	买盘
10:11:45	21.89	--	31	67859	买盘
10:11:40	21.89	-0.01	107	234223	卖盘
10:11:30	21.9	0.01	11	24090	买盘
10:11:25	21.89	-0.01	7	15323	中性盘
10:11:19	21.9	--	35	76650	买盘
10:11:15	21.9	--	16	35040	买盘
10:11:10	21.9	--	22	48180	买盘
10:11:04	21.9	0.02	10	21900	买盘
10:11:00	21.88	-0.02	28	61264	卖盘
10:10:55	21.9	0.02	11	24090	买盘
10:10:49	21.88	-0.01	54	118152	卖盘
10:10:45	21.89	--	0	0	中性盘
10:10:40	21.89	--	120	262680	买盘
10:10:30	21.89	0.01	11	24079	买盘
10:10:25	21.88	-0.01	53	115964	卖盘
10:10:19	21.89	--	10	21890	卖盘
10:10:15	21.89	--	21	45969	卖盘
10:10:10	21.89	0.01	62	135718	买盘
10:10:04	21.88	--	28	61264	买盘
10:10:00	21.88	--	29	63452	买盘
10:09:55	21.88	--	189	413532	买盘
10:09:49	21.88	--	12	26256	买盘
10:09:45	21.88	--	128	280064	买盘
10:09:39	21.88	-0.01	281	614828	卖盘
10:09:34	21.89	--	2	4378	买盘
10:09:30	21.89	0.01	26	56914	买盘
10:09:25	21.88	--	6	13128	卖盘
10:09:19	21.88	-0.01	18	39384	卖盘
10:09:13	21.89	0.01	11	24079	买盘
10:09:09	21.88	-0.01	14	30632	卖盘
10:09:04	21.89	0.01	24	52536	买盘
10:08:58	21.88	--	14	30632	卖盘
10:08:54	21.88	--	11	24068	卖盘
10:08:49	21.88	--	81	177228	卖盘
10:08:43	21.88	--	1	2188	卖盘
10:08:39	21.88	--	108	236304	买盘
10:08:34	21.88	--	26	56888	买盘
10:08:24	21.88	0.01	40	87520	买盘
10:08:19	21.87	0.01	15	32805	买盘
10:08:13	21.86	-0.01	20	43720	卖盘
10:08:09	21.87	--	15	32805	卖盘
10:08:04	21.87	0.01	115	251505	中性盘
10:07:58	21.86	--	94	205484	买盘
10:07:54	21.86	--	258	563988	卖盘
10:07:49	21.86	0.01	6	13116	中性盘
10:07:43	21.85	--	209	456665	卖盘
10:07:39	21.85	-0.01	8	17480	卖盘
10:07:34	21.86	0.01	187	408782	买盘
10:07:28	21.85	--	235	513475	卖盘
10:07:24	21.85	-0.01	184	402040	卖盘
10:07:19	21.86	0.01	43	93998	买盘
10:07:13	21.85	--	25	54625	卖盘
10:07:09	21.85	-0.01	87	190095	卖盘
10:07:04	21.86	--	5	10930	买盘
10:06:58	21.86	0.01	20	43720	买盘
10:06:54	21.85	-0.01	63	137655	卖盘
10:06:49	21.86	--	17	37162	买盘
10:06:39	21.86	--	37	80882	买盘
10:06:34	21.86	--	246	537756	卖盘
10:06:28	21.86	--	16	34976	卖盘
10:06:24	21.86	-0.01	25	54650	卖盘
10:06:19	21.87	--	92	201204	买盘
10:06:13	21.87	-0.01	4	8748	卖盘
10:06:09	21.88	0.01	206	450728	买盘
10:06:04	21.87	--	32	69984	卖盘
10:05:58	21.87	-0.01	82	179334	卖盘
10:05:53	21.88	--	194	424472	卖盘
10:05:49	21.88	--	28	61264	卖盘
10:05:43	21.88	--	60	131280	卖盘
10:05:39	21.88	-0.01	31	67828	卖盘
10:05:34	21.89	0.01	153	334917	买盘
10:05:24	21.88	-0.01	76	166288	卖盘
10:05:19	21.89	--	11	24079	买盘
10:05:13	21.89	--	38	83182	买盘
10:05:09	21.89	--	22	48158	买盘
10:05:04	21.89	-0.01	253	553817	卖盘
10:04:58	21.9	--	6	13140	买盘
10:04:49	21.9	--	14	30659	买盘
10:04:43	21.9	--	17	37230	买盘
10:04:39	21.9	--	199	435810	卖盘
10:04:34	21.9	-0.01	83	181770	卖盘
10:04:28	21.91	0.01	115	251965	买盘
10:04:24	21.9	-0.01	43	94170	卖盘
10:04:19	21.91	--	83	181853	买盘
10:04:13	21.91	--	10	21910	买盘
10:04:09	21.91	--	9	19719	买盘
10:04:04	21.91	--	2	4382	买盘
10:03:54	21.91	--	153	335223	卖盘
10:03:49	21.91	-0.01	132	289212	卖盘
10:03:43	21.92	0.01	28	61376	买盘
10:03:39	21.91	-0.01	46	100786	卖盘
10:03:33	21.92	--	12	26304	买盘
10:03:28	21.92	--	21	46032	买盘
10:03:23	21.92	--	12	26304	买盘
10:03:18	21.92	0.01	8	17536	卖盘
10:03:07	21.91	-0.02	10	21910	卖盘
10:03:03	21.93	0.02	29	63597	买盘
10:02:58	21.91	--	42	92022	卖盘
10:02:48	21.91	-0.01	43	94213	卖盘
10:02:43	21.92	0.01	10	21920	买盘
10:02:37	21.91	--	15	32865	买盘
10:02:33	21.91	--	25	54775	买盘
10:02:28	21.91	-0.02	77	168707	卖盘
10:02:22	21.93	0.01	2	4386	买盘
10:02:18	21.92	-0.01	20	43840	中性盘
10:02:07	21.93	0.03	11	24123	买盘
10:02:03	21.9	--	31	67890	卖盘
10:01:58	21.9	-0.02	91	199290	卖盘
10:01:52	21.92	0.02	54	118368	买盘
10:01:48	21.9	-0.01	25	54750	卖盘
10:01:43	21.91	0.01	4	8764	中性盘
10:01:37	21.9	-0.01	62	135780	卖盘
10:01:33	21.91	--	28	61348	卖盘
10:01:28	21.91	-0.01	8	17528	卖盘
10:01:22	21.92	--	3	6576	买盘
10:01:18	21.92	--	9	19728	买盘
10:01:13	21.92	--	14	30688	买盘
10:01:03	21.92	-0.01	33	72336	卖盘
10:00:58	21.93	0.01	24	52632	买盘
10:00:52	21.92	-0.01	2	4384	卖盘
10:00:48	21.93	0.01	4	8772	中性盘
10:00:43	21.92	-0.01	39	85488	卖盘
10:00:33	21.93	--	9	19737	卖盘
10:00:28	21.93	--	31	67983	买盘
10:00:22	21.93	--	40	87720	卖盘
10:00:18	21.93	--	21	46053	卖盘
10:00:13	21.93	--	253	554829	卖盘
10:00:07	21.93	--	58	127194	卖盘
10:00:03	21.93	--	45	98685	卖盘
09:59:58	21.93	--	13	28509	卖盘
09:59:48	21.93	-0.02	9	19737	卖盘
09:59:43	21.95	0.03	32	70240	买盘
09:59:37	21.92	-0.01	46	100832	卖盘
09:59:33	21.93	0.01	26	57018	买盘
09:59:28	21.92	-0.01	26	56992	卖盘
09:59:22	21.93	--	0	0	中性盘
09:59:13	21.93	--	71	155703	卖盘
09:59:03	21.93	-0.02	5	10965	卖盘
09:58:57	21.95	--	54	119232	卖盘
09:58:52	21.95	-0.01	19	41705	卖盘
09:58:48	21.96	--	3	6588	买盘
09:58:43	21.96	--	311	684449	买盘
09:58:33	21.96	--	65	142740	卖盘
09:58:28	21.96	-0.01	13	28548	卖盘
09:58:22	21.97	0.01	5	10985	买盘
09:58:18	21.96	-0.01	35	76860	卖盘
09:58:13	21.97	-0.01	43	94471	卖盘
09:58:07	21.98	--	3	6594	买盘
09:58:03	21.98	0.01	128	281344	买盘
09:57:58	21.97	--	1	2197	卖盘
09:57:52	21.97	--	0	0	卖盘
09:57:48	21.97	0.01	129	283413	买盘
09:57:42	21.96	-0.02	51	111996	卖盘
09:57:37	21.98	--	14	30772	买盘
09:57:33	21.98	0.01	71	156058	买盘
09:57:28	21.97	--	7	15379	买盘
09:57:22	21.97	0.01	2	4394	买盘
09:57:18	21.96	-0.02	112	245952	卖盘
09:57:07	21.98	0.02	10	21980	买盘
09:57:03	21.96	--	45	98820	买盘
09:56:57	21.96	0.01	50	109800	买盘
09:56:46	21.95	--	17	37315	卖盘
09:56:42	21.95	0.02	163	357785	买盘
09:56:37	21.93	-0.03	41	89913	卖盘
09:56:31	21.96	--	0	0	买盘
09:56:27	21.96	0.01	22	48312	买盘
09:56:22	21.95	0.02	10	21950	买盘
09:56:16	21.93	--	14	30702	卖盘
09:56:12	21.93	-0.03	39	85527	卖盘
09:56:07	21.96	0.03	15	32940	买盘
09:56:01	21.93	--	39	85527	买盘
09:55:57	21.93	--	26	57018	买盘
09:55:52	21.93	-0.02	156	342108	卖盘
09:55:42	21.95	--	35	76825	卖盘
09:55:37	21.95	--	5	10975	卖盘
09:55:27	21.95	0.03	44	96580	买盘
09:55:22	21.92	--	49	107408	卖盘
09:55:16	21.92	-0.01	15	32880	卖盘
09:55:12	21.93	0.01	35	76755	中性盘
09:55:07	21.92	-0.01	145	317840	卖盘
09:55:01	21.93	--	4	8772	买盘
09:54:57	21.93	0.02	41	89913	买盘
09:54:52	21.91	--	28	61348	卖盘
09:54:46	21.91	0.01	1	2191	买盘
09:54:42	21.9	-0.01	85	186150	卖盘
09:54:37	21.91	0.01	73	159943	买盘
09:54:31	21.9	0.01	5	10950	卖盘
09:54:27	21.89	-0.01	78	170742	卖盘
09:54:22	21.9	0.01	113	247469	买盘
09:54:16	21.89	0.01	16	35024	卖盘
09:54:12	21.88	--	142	310696	卖盘
09:54:07	21.88	--	40	87520	卖盘
09:53:57	21.88	-0.01	111	243983	卖盘
09:53:52	21.89	0.02	52	113828	买盘
09:53:46	21.87	-0.02	71	156348	卖盘
09:53:42	21.89	--	33	72237	买盘
09:53:37	21.89	0.01	90	197010	买盘
09:53:31	21.88	--	113	248359	买盘
09:53:27	21.88	--	55	120340	买盘
09:53:22	21.88	--	54	118152	买盘
09:53:16	21.88	--	49	107212	买盘
09:53:12	21.88	-0.01	230	504312	卖盘
09:53:07	21.89	--	48	105072	买盘
09:53:01	21.89	0.01	7	15323	买盘
09:52:57	21.88	-0.01	261	571068	卖盘
09:52:52	21.89	-0.01	60	131340	中性盘
09:52:46	21.9	--	192	420480	买盘
09:52:42	21.9	--	128	280320	买盘
09:52:37	21.9	0.01	62	135780	买盘
09:52:31	21.89	-0.01	77	168553	卖盘
09:52:27	21.9	--	43	94170	买盘
09:52:22	21.9	--	46	100740	卖盘
09:52:12	21.9	--	48	106236	买盘
09:52:07	21.9	0.01	104	227759	买盘
09:52:01	21.89	-0.01	52	114900	卖盘
09:51:57	21.9	--	151	330690	买盘
09:51:52	21.9	--	124	271560	卖盘
09:51:46	21.9	-0.01	15	32850	中性盘
09:51:42	21.91	0.01	255	558705	买盘
09:51:31	21.9	--	54	118259	买盘
09:51:26	21.9	--	32	70080	买盘
09:51:22	21.9	-0.01	123	269370	中性盘
09:51:16	21.91	--	590	1292690	买盘
09:51:12	21.91	--	25	54775	买盘
09:51:07	21.91	0.01	46	100786	买盘
09:51:01	21.9	-0.01	164	359160	卖盘
09:50:57	21.91	0.01	104	227864	卖盘
09:50:51	21.9	-0.01	303	663570	卖盘
09:50:46	21.91	--	125	273875	买盘
09:50:40	21.91	--	46	100786	买盘
09:50:36	21.91	--	136	297976	买盘
09:50:31	21.91	--	139	304549	买盘
09:50:25	21.91	--	3	6573	买盘
09:50:21	21.91	-0.01	74	162134	卖盘
09:50:16	21.92	0.01	144	317818	中性盘
09:50:10	21.91	-0.01	17	37247	卖盘
09:50:06	21.92	0.01	195	427440	中性盘
09:50:01	21.91	--	107	235313	卖盘
09:49:55	21.91	--	29	63539	卖盘
09:49:51	21.91	-0.01	137	300167	卖盘
09:49:46	21.92	-0.01	126	276192	中性盘
09:49:40	21.93	--	419	919130	买盘
09:49:36	21.93	-0.01	2	4386	卖盘
09:49:31	21.94	-0.01	3	6582	中性盘
09:49:25	21.95	--	108	237060	买盘
09:49:21	21.95	--	21	46095	卖盘
09:49:16	21.95	-0.02	76	166820	卖盘
09:49:10	21.97	--	5	10985	买盘
09:49:06	21.97	--	7	15379	买盘
09:49:01	21.97	--	47	103259	卖盘
09:48:55	21.97	-0.02	6	13182	卖盘
09:48:51	21.99	--	37	81363	买盘
09:48:46	21.99	-0.01	60	131940	卖盘
09:48:40	22.0	0.01	8	17600	买盘
09:48:36	21.99	-0.01	19	41781	卖盘
09:48:31	22.0	-0.01	103	226600	卖盘
09:48:25	22.01	--	72	158472	卖盘
09:48:21	22.01	--	31	68231	卖盘
09:48:16	22.01	--	92	202492	卖盘
09:48:10	22.01	-0.01	2	4402	卖盘
09:48:06	22.02	--	62	136524	买盘
09:48:01	22.02	0.02	221	486642	卖盘
09:47:55	22.0	-0.03	48	105600	卖盘
09:47:51	22.03	--	20	44060	买盘
09:47:46	22.03	--	23	50669	卖盘
09:47:40	22.03	-0.01	38	83714	卖盘
09:47:36	22.04	0.01	10	22040	买盘
09:47:31	22.03	0.03	1	2203	卖盘
09:47:25	22.0	-0.04	959	2109800	卖盘
09:47:21	22.04	--	13	28652	买盘
09:47:16	22.04	--	22	48488	买盘
09:47:06	22.04	0.01	10	22040	买盘
09:47:01	22.03	-0.02	236	519908	卖盘
09:46:55	22.05	0.01	12	26460	买盘
09:46:51	22.04	--	14	30856	卖盘
09:46:46	22.04	-0.01	21	46284	卖盘
09:46:40	22.05	0.01	21	46305	买盘
09:46:36	22.04	-0.01	51	112404	卖盘
09:46:31	22.05	0.01	40	88200	买盘
09:46:25	22.04	--	37	81548	卖盘
09:46:21	22.04	--	23	50692	卖盘
09:46:16	22.04	--	86	189544	买盘
09:46:10	22.04	--	179	394516	买盘
09:46:06	22.04	0.01	93	204972	中性盘
09:46:01	22.03	-0.01	39	85917	卖盘
09:45:55	22.04	-0.01	12	26448	卖盘
09:45:51	22.05	0.02	61	134505	买盘
09:45:46	22.03	-0.01	91	200473	卖盘
09:45:40	22.04	0.01	5	11020	卖盘
09:45:36	22.03	--	40	88120	卖盘
09:45:30	22.03	--	13	28639	卖盘
09:45:25	22.03	--	51	112353	卖盘
09:45:21	22.03	--	86	189458	卖盘
09:45:16	22.03	0.01	118	261826	买盘
09:45:10	22.02	--	31	68262	卖盘
09:45:06	22.02	-0.01	105	231210	卖盘
09:45:00	22.03	0.01	3	6609	买盘
09:44:55	22.02	--	15	33030	卖盘
09:44:50	22.02	--	24	52848	卖盘
09:44:45	22.02	--	9	19818	卖盘
09:44:36	22.02	--	15	33998	买盘
09:44:30	22.02	-0.01	34	76101	卖盘
09:44:25	22.03	0.01	82	180646	买盘
09:44:19	22.02	--	25	55050	卖盘
09:44:15	22.02	--	13	28626	卖盘
09:44:10	22.02	--	87	191574	卖盘
09:44:04	22.02	--	71	156342	卖盘
09:44:00	22.02	-0.01	22	48444	卖盘
09:43:55	22.03	0.01	11	24233	买盘
09:43:49	22.02	--	2	4404	卖盘
09:43:45	22.02	-0.01	53	117674	卖盘
09:43:40	22.03	--	8	17624	买盘
09:43:34	22.03	--	29	63887	买盘
09:43:30	22.03	-0.01	153	337499	卖盘
09:43:25	22.04	0.01	100	220400	买盘
09:43:19	22.03	--	75	165225	卖盘
09:43:15	22.03	-0.02	23	50669	卖盘
09:43:10	22.05	--	0	0	买盘
09:43:04	22.05	0.01	81	178605	买盘
09:43:00	22.04	-0.01	17	37468	卖盘
09:42:55	22.05	0.01	23	50715	中性盘
09:42:49	22.04	-0.02	150	330600	卖盘
09:42:45	22.06	0.01	9	19854	买盘
09:42:40	22.05	--	6	13230	卖盘
09:42:34	22.05	--	21	46305	卖盘
09:42:30	22.05	-0.01	84	185220	卖盘
09:42:25	22.06	--	4	8824	买盘
09:42:19	22.06	--	48	105888	卖盘
09:42:15	22.06	--	18	39708	买盘
09:42:10	22.06	--	13	28678	卖盘
09:42:04	22.06	-0.01	3	6618	卖盘
09:42:00	22.07	--	25	55175	买盘
09:41:55	22.07	--	158	348706	买盘
09:41:49	22.07	0.02	1	2207	买盘
09:41:40	22.05	-0.01	56	123480	卖盘
09:41:34	22.06	--	5	11030	买盘
09:41:30	22.06	0.01	13	28678	买盘
09:41:25	22.05	-0.01	5	11025	卖盘
09:41:19	22.06	--	1	2206	买盘
09:41:15	22.06	0.02	75	165450	买盘
09:41:10	22.04	-0.02	40	88160	卖盘
09:41:04	22.06	0.02	219	483114	买盘
09:41:00	22.04	--	0	0	卖盘
09:40:55	22.04	-0.02	79	174116	卖盘
09:40:49	22.06	0.02	21	48090	买盘
09:40:45	22.04	0.01	23	50692	中性盘
09:40:40	22.03	--	108	237924	卖盘
09:40:34	22.03	-0.01	96	211488	卖盘
09:40:30	22.04	0.01	7	15428	卖盘
09:40:25	22.03	-0.01	207	456021	卖盘
09:40:19	22.04	--	37	81548	买盘
09:40:15	22.04	--	15	33060	买盘
09:40:09	22.04	--	20	44080	买盘
09:40:04	22.04	0.01	17	37468	中性盘
09:40:00	22.03	-0.04	25	55075	卖盘
09:39:55	22.07	0.03	51	112557	买盘
09:39:49	22.04	-0.03	104	229216	卖盘
09:39:45	22.07	-0.01	41	90487	卖盘
09:39:40	22.08	0.01	41	90528	买盘
09:39:30	22.07	0.01	121	267047	买盘
09:39:25	22.06	-0.01	35	77210	卖盘
09:39:19	22.07	--	12	26484	买盘
09:39:15	22.07	-0.01	55	121385	卖盘
09:39:04	22.08	--	9	19872	买盘
09:39:00	22.08	--	78	172224	卖盘
09:38:54	22.08	-0.02	25	55199	卖盘
09:38:44	22.1	--	54	119340	卖盘
09:38:40	22.1	-0.01	442	976820	卖盘
09:38:34	22.11	-0.01	97	214467	卖盘
09:38:30	22.12	-0.01	106	235710	卖盘
09:38:24	22.13	-0.01	221	489073	卖盘
09:38:14	22.14	-0.01	11	24354	买盘
09:38:09	22.15	--	13	28794	买盘
09:38:04	22.15	0.01	24	53160	买盘
09:37:58	22.14	--	9	19926	卖盘
09:37:49	22.14	-0.01	53	117342	卖盘
09:37:43	22.15	--	13	28794	买盘
09:37:39	22.15	--	13	28794	买盘
09:37:34	22.15	-0.01	3	6645	卖盘
09:37:28	22.16	0.01	187	414392	买盘
09:37:24	22.15	--	4	8860	卖盘
09:37:19	22.15	--	45	99675	卖盘
09:37:13	22.15	--	7	15504	卖盘
09:37:09	22.15	-0.01	20	44300	卖盘
09:37:04	22.16	--	20	44320	卖盘
09:36:58	22.16	--	110	243760	买盘
09:36:54	22.16	--	29	64264	卖盘
09:36:49	22.16	--	31	68696	卖盘
09:36:43	22.16	--	12	26592	卖盘
09:36:39	22.16	--	27	59832	卖盘
09:36:34	22.16	--	16	35456	买盘
09:36:28	22.16	--	31	68696	买盘
09:36:24	22.16	--	13	28808	买盘
09:36:13	22.16	--	13	28808	买盘
09:36:09	22.16	--	16	35456	买盘
09:36:04	22.16	0.01	34	75344	卖盘
09:35:58	22.15	-0.02	30	66450	卖盘
09:35:54	22.17	0.01	48	106416	买盘
09:35:49	22.16	--	12	26592	卖盘
09:35:43	22.16	--	15	33240	卖盘
09:35:39	22.16	--	21	46536	卖盘
09:35:34	22.16	0.01	159	352344	买盘
09:35:28	22.15	-0.01	20	44300	卖盘
09:35:19	22.16	--	48	106368	买盘
09:35:13	22.16	--	51	113016	买盘
09:35:09	22.16	-0.01	34	75344	卖盘
09:35:04	22.17	0.01	15	33255	买盘
09:34:58	22.16	-0.02	1	2216	卖盘
09:34:54	22.18	--	34	75412	买盘
09:34:49	22.18	0.01	38	84284	买盘
09:34:43	22.17	0.02	16	35472	卖盘
09:34:34	22.15	-0.03	63	139545	卖盘
09:34:28	22.18	0.03	10	22180	买盘
09:34:24	22.15	--	10	22150	卖盘
09:34:19	22.15	--	59	130684	买盘
09:34:13	22.15	--	5	11075	买盘
09:34:09	22.15	-0.03	75	166125	卖盘
09:34:04	22.18	0.03	51	113118	买盘
09:33:58	22.15	--	3	6645	买盘
09:33:54	22.15	0.01	8	17720	买盘
09:33:49	22.14	-0.01	73	162596	卖盘
09:33:43	22.15	--	1	2215	买盘
09:33:39	22.15	0.02	10	22150	卖盘
09:33:28	22.13	--	2	4426	卖盘
09:33:24	22.13	--	84	185892	卖盘
09:33:18	22.13	-0.04	6	13278	卖盘
09:33:13	22.17	0.04	2	4434	买盘
09:33:09	22.13	-0.05	10	22130	卖盘
09:33:03	22.18	0.05	11	24398	买盘
09:32:58	22.13	--	3	6639	卖盘
09:32:54	22.13	--	11	24343	卖盘
09:32:48	22.13	--	51	112863	买盘
09:32:43	22.13	--	100	221300	买盘
09:32:39	22.13	0.03	20	44260	买盘
09:32:33	22.1	-0.01	38	83980	卖盘
09:32:28	22.11	-0.02	4	8844	中性盘
09:32:23	22.13	0.02	32	70816	买盘
09:32:18	22.11	--	35	77385	卖盘
09:32:13	22.11	--	0	0	卖盘
09:32:08	22.11	-0.09	50	110550	卖盘
09:32:03	22.2	0.05	227	503940	买盘
09:31:58	22.15	-0.05	1	2215	卖盘
09:31:52	22.2	--	1	2220	买盘
09:31:48	22.2	--	40	88800	卖盘
09:31:43	22.2	-0.02	13	28860	卖盘
09:31:33	22.22	--	176	391072	卖盘
09:31:28	22.22	-0.01	106	235532	卖盘
09:31:22	22.23	0.01	43	95589	买盘
09:31:18	22.22	--	6	13332	卖盘
09:31:13	22.22	-0.01	30	66660	卖盘
09:31:07	22.23	-0.01	36	80028	卖盘
09:31:03	22.24	--	50	111199	买盘
09:30:58	22.24	-0.01	4	8896	卖盘
09:30:52	22.25	--	1	2225	买盘
09:30:48	22.25	--	41	91225	卖盘
09:30:43	22.25	-0.03	37	82325	卖盘
09:30:37	22.28	-0.01	123	274044	买盘
09:30:33	22.29	--	65	144885	买盘
09:30:28	22.29	0.03	50	111450	买盘
09:30:22	22.26	-0.03	10	22260	卖盘
09:30:18	22.29	0.04	24	53496	买盘
09:30:13	22.25	--	112	249200	卖盘
09:30:07	22.25	--	453	1007925	卖盘
09:30:03	22.25	0.03	232	516200	买盘
09:28:47	22.22	--	0	0	卖盘
09:25:06	22.22	22.22	135	299970	买盘
