成交时间	成交价	价格变动	成交量(手)	成交额(元)	性质
15:00:00	8.19	--	0	0	卖盘
15:00:00	8.19	-0.01	75	61424	卖盘
14:59:58	8.2	0.01	2	1639	买盘
14:59:52	8.19	--	32	26208	卖盘
14:59:48	8.19	-0.01	249	203931	卖盘
14:59:43	8.2	0.01	5	4100	买盘
14:59:37	8.19	--	82	67158	买盘
14:59:33	8.19	--	48	39312	卖盘
14:59:28	8.19	--	318	260441	买盘
14:59:22	8.19	0.01	115	94185	中性盘
14:59:18	8.18	--	90	73620	卖盘
14:59:13	8.18	--	84	68712	卖盘
14:59:07	8.18	--	125	102250	卖盘
14:59:03	8.18	--	133	108794	卖盘
14:58:58	8.18	-0.01	102	83436	卖盘
14:58:52	8.19	--	53	43407	买盘
14:58:47	8.19	0.01	325	266175	买盘
14:58:43	8.18	--	373	305114	卖盘
14:58:37	8.18	-0.01	577	471986	卖盘
14:58:33	8.19	--	47	38493	卖盘
14:58:28	8.19	--	11	9009	卖盘
14:58:22	8.19	--	197	161343	卖盘
14:58:18	8.19	-0.01	66	54054	卖盘
14:58:13	8.2	0.01	120	98399	买盘
14:58:07	8.19	--	36	29484	卖盘
14:58:03	8.19	--	37	30302	卖盘
14:57:58	8.19	0.01	41	33579	买盘
14:57:52	8.18	-0.01	119	97342	卖盘
14:57:48	8.19	0.01	78	63881	中性盘
14:57:43	8.18	-0.01	35	28630	卖盘
14:57:37	8.19	--	52	42588	卖盘
14:57:33	8.19	0.01	55	45045	中性盘
14:57:28	8.18	-0.01	44	35992	卖盘
14:57:22	8.19	--	264	216216	中性盘
14:57:18	8.19	0.01	1364	1117116	买盘
14:57:13	8.18	--	106	86708	卖盘
14:57:07	8.18	-0.01	1627	1330886	卖盘
14:57:02	8.19	-0.01	199	162981	卖盘
14:56:58	8.2	0.01	22	18040	买盘
14:56:52	8.19	-0.01	461	377559	卖盘
14:56:48	8.2	--	177	145746	卖盘
14:56:43	8.2	--	101	83148	卖盘
14:56:37	8.2	--	1287	1056045	买盘
14:56:33	8.2	--	248	203359	买盘
14:56:27	8.2	--	16	13119	买盘
14:56:22	8.2	--	31	25419	买盘
14:56:18	8.2	0.01	142	116439	买盘
14:56:12	8.19	-0.01	31	25389	卖盘
14:56:07	8.2	0.01	150	122999	买盘
14:56:03	8.19	-0.01	62	50778	卖盘
14:55:57	8.2	--	41	33620	买盘
14:55:52	8.2	0.01	779	638780	买盘
14:55:47	8.19	-0.01	263	215397	卖盘
14:55:42	8.2	0.01	5	4100	买盘
14:55:37	8.19	-0.01	234	191646	卖盘
14:55:32	8.2	0.01	275	225499	买盘
14:55:27	8.19	--	1	819	卖盘
14:55:22	8.19	--	81	66339	卖盘
14:55:16	8.19	--	28	22932	卖盘
14:55:12	8.19	-0.01	208	170352	卖盘
14:55:07	8.2	0.01	1219	999579	买盘
14:55:01	8.19	--	502	411138	卖盘
14:54:52	8.19	--	67	54873	卖盘
14:54:46	8.19	-0.01	98	80262	卖盘
14:54:37	8.2	0.01	43	35260	买盘
14:54:31	8.19	--	323	264537	卖盘
14:54:27	8.19	-0.01	352	288288	卖盘
14:54:22	8.2	0.01	77	63139	买盘
14:54:16	8.19	--	283	231777	卖盘
14:54:12	8.19	-0.01	209	171171	卖盘
14:54:07	8.2	0.01	12	9840	买盘
14:54:01	8.19	--	71	58149	卖盘
14:53:57	8.19	--	395	323505	卖盘
14:53:46	8.19	--	54	44226	卖盘
14:53:42	8.19	--	182	149058	卖盘
14:53:37	8.19	--	111	90909	卖盘
14:53:31	8.19	-0.01	32	26208	卖盘
14:53:27	8.2	0.01	6	4920	买盘
14:53:22	8.19	-0.01	18	14742	卖盘
14:53:16	8.2	0.01	61	50019	买盘
14:53:12	8.19	--	178	145782	卖盘
14:53:07	8.19	--	37	30302	卖盘
14:53:01	8.19	--	159	130220	卖盘
14:52:57	8.19	-0.01	39	31940	卖盘
14:52:52	8.2	0.01	27	22139	买盘
14:52:46	8.19	--	154	126125	卖盘
14:52:42	8.19	-0.01	144	117936	卖盘
14:52:37	8.2	--	50	41000	买盘
14:52:31	8.2	--	283	232059	买盘
14:52:27	8.2	--	72	59039	买盘
14:52:22	8.2	--	15	12299	买盘
14:52:16	8.2	--	156	127919	买盘
14:52:11	8.2	0.01	58	47559	买盘
14:52:01	8.19	--	75	61424	卖盘
14:51:56	8.19	0.01	4	3276	中性盘
14:51:52	8.18	-0.02	2200	1799600	卖盘
14:51:46	8.2	0.01	213	174659	买盘
14:51:42	8.19	-0.01	66	54054	卖盘
14:51:37	8.2	--	1	819	买盘
14:51:31	8.2	0.01	5	4100	买盘
14:51:27	8.19	--	20	17084	卖盘
14:51:22	8.19	--	265	217035	卖盘
14:51:16	8.19	--	175	143325	卖盘
14:51:11	8.19	--	20	16379	卖盘
14:51:07	8.19	--	9	7371	卖盘
14:51:01	8.19	--	5	4094	卖盘
14:50:57	8.19	--	24	19656	卖盘
14:50:52	8.19	--	4	3276	卖盘
14:50:46	8.19	0.01	2	1638	中性盘
14:50:41	8.18	-0.01	445	364484	卖盘
14:50:37	8.19	--	18	14742	买盘
14:50:31	8.19	0.01	59	48321	买盘
14:50:27	8.18	--	126	103068	卖盘
14:50:22	8.18	--	10	8180	卖盘
14:50:16	8.18	-0.01	203	166054	卖盘
14:50:11	8.19	0.01	177	144963	买盘
14:50:07	8.18	-0.01	5	4090	卖盘
14:50:01	8.19	0.01	329	269451	买盘
14:49:56	8.18	--	56	45922	卖盘
14:49:52	8.18	--	31	25358	卖盘
14:49:46	8.18	--	220	179960	卖盘
14:49:42	8.18	-0.01	3	2454	卖盘
14:49:37	8.19	0.01	115	94185	买盘
14:49:31	8.18	-0.01	823	673811	卖盘
14:49:27	8.19	--	37	30302	卖盘
14:49:21	8.19	0.01	46	37674	买盘
14:49:16	8.18	--	677	553786	卖盘
14:49:11	8.18	--	170	139060	卖盘
14:49:06	8.18	--	10	8180	卖盘
14:49:01	8.18	--	4	3272	卖盘
14:48:56	8.18	--	1	818	卖盘
14:48:51	8.18	--	4	3272	卖盘
14:48:46	8.18	--	27	22086	卖盘
14:48:42	8.18	-0.02	105	85890	卖盘
14:48:36	8.2	0.02	210	172199	买盘
14:48:31	8.18	-0.02	149	121882	卖盘
14:48:21	8.2	0.02	1	819	买盘
14:48:16	8.18	-0.01	244	199592	卖盘
14:48:10	8.19	--	102	83538	卖盘
14:48:06	8.19	--	4	3276	卖盘
14:48:01	8.19	0.01	47	38493	买盘
14:47:55	8.18	--	176	143968	卖盘
14:47:51	8.18	--	1	818	卖盘
14:47:46	8.18	--	130	106340	卖盘
14:47:40	8.18	--	71	58078	卖盘
14:47:36	8.18	--	239	195502	卖盘
14:47:31	8.18	--	328	268524	买盘
14:47:25	8.18	-0.01	660	539937	卖盘
14:47:21	8.19	--	25	20475	买盘
14:47:16	8.19	--	97	79443	买盘
14:47:10	8.19	--	114	93464	买盘
14:47:06	8.19	--	34	28124	买盘
14:46:55	8.19	--	52	42588	买盘
14:46:51	8.19	0.01	74	60605	买盘
14:46:46	8.18	--	108	88344	卖盘
14:46:40	8.18	--	247	202152	卖盘
14:46:36	8.18	--	220	180238	卖盘
14:46:31	8.18	-0.01	2	1636	卖盘
14:46:25	8.19	--	69	56511	买盘
14:46:21	8.19	0.01	127	104013	买盘
14:46:16	8.18	--	23	18814	卖盘
14:46:10	8.18	--	1080	883538	买盘
14:46:06	8.18	-0.01	134	109612	卖盘
14:45:55	8.19	0.01	42	34398	买盘
14:45:46	8.18	0.01	105	85890	买盘
14:45:40	8.17	-0.01	52	42590	卖盘
14:45:36	8.18	--	383	313572	卖盘
14:45:25	8.18	--	155	126790	卖盘
14:45:20	8.18	--	169	138242	买盘
14:45:16	8.18	0.01	106	86708	买盘
14:45:10	8.17	--	91	74445	卖盘
14:45:05	8.17	--	425	347502	卖盘
14:44:55	8.17	-0.02	23	18791	卖盘
14:44:50	8.19	0.01	103	84357	买盘
14:44:46	8.18	0.01	30	24540	中性盘
14:44:40	8.17	-0.01	165	134911	卖盘
14:44:35	8.18	--	1658	1356685	卖盘
14:44:31	8.18	--	2	1636	卖盘
14:44:25	8.18	--	83	67894	卖盘
14:44:20	8.18	--	145	118610	买盘
14:44:16	8.18	0.01	39	31902	买盘
14:44:10	8.17	--	108	88334	卖盘
14:44:05	8.17	-0.01	381	311554	卖盘
14:44:01	8.18	--	201	164418	买盘
14:43:55	8.18	--	68	55624	买盘
14:43:50	8.18	--	127	103886	卖盘
14:43:46	8.18	--	114	93252	卖盘
14:43:40	8.18	--	71	58184	买盘
14:43:35	8.18	--	308	252222	买盘
14:43:31	8.18	--	10	8180	买盘
14:43:25	8.18	0.01	101	83149	买盘
14:43:20	8.17	-0.01	49	40033	卖盘
14:43:16	8.18	--	3	2454	买盘
14:43:10	8.18	--	118	96900	买盘
14:43:05	8.18	--	303	247854	卖盘
14:43:01	8.18	--	5	4090	卖盘
14:42:55	8.18	--	122	99796	卖盘
14:42:50	8.18	--	224	183232	卖盘
14:42:46	8.18	--	91	74438	卖盘
14:42:40	8.18	--	122	99902	卖盘
14:42:35	8.18	-0.01	308	252222	卖盘
14:42:31	8.19	0.01	81	66339	买盘
14:42:25	8.18	-0.02	100	82315	卖盘
14:42:20	8.2	--	0	0	买盘
14:42:15	8.2	0.01	1495	1226531	买盘
14:42:10	8.19	--	167	136871	卖盘
14:42:05	8.19	--	42	34676	卖盘
14:42:00	8.19	--	151	123668	卖盘
14:41:55	8.19	0.01	621	508598	买盘
14:41:50	8.18	--	420	343560	卖盘
14:41:45	8.18	-0.01	96	78528	卖盘
14:41:40	8.19	0.01	79	64807	中性盘
14:41:35	8.18	-0.01	317	259584	卖盘
14:41:30	8.19	0.01	20	16379	买盘
14:41:25	8.18	--	72	59419	卖盘
14:41:20	8.18	--	110	89980	卖盘
14:41:15	8.18	--	114	93252	卖盘
14:41:10	8.18	--	69	56540	卖盘
14:41:05	8.18	--	159	130340	卖盘
14:41:00	8.18	--	22	17996	卖盘
14:40:55	8.18	--	18	14724	卖盘
14:40:49	8.18	--	158	129244	卖盘
14:40:45	8.18	-0.01	108	88344	卖盘
14:40:40	8.19	0.01	105	86101	买盘
14:40:34	8.18	--	314	257130	卖盘
14:40:30	8.18	--	42	34356	卖盘
14:40:25	8.18	--	186	152663	卖盘
14:40:19	8.18	-0.01	43	35795	卖盘
14:40:15	8.19	0.01	96	78624	买盘
14:40:10	8.18	--	100	81898	卖盘
14:40:04	8.18	-0.01	140	114798	卖盘
14:40:00	8.19	--	146	119574	买盘
14:39:55	8.19	0.01	42	34398	买盘
14:39:49	8.18	--	48	39264	卖盘
14:39:45	8.18	-0.01	153	125154	卖盘
14:39:40	8.19	--	53	43513	卖盘
14:39:34	8.19	--	256	209942	买盘
14:39:30	8.19	--	64	52416	卖盘
14:39:25	8.19	-0.01	15	12285	卖盘
14:39:19	8.2	--	15	12299	买盘
14:39:15	8.2	0.01	780	639600	买盘
14:39:10	8.19	0.02	56	45962	买盘
14:39:04	8.17	--	86	70539	卖盘
14:39:00	8.17	--	94	76798	卖盘
14:38:55	8.17	--	650	531303	卖盘
14:38:49	8.17	--	617	504089	卖盘
14:38:45	8.17	--	218	178106	卖盘
14:38:40	8.17	--	52	42590	卖盘
14:38:34	8.17	-0.01	280	228760	卖盘
14:38:30	8.18	--	44	35992	买盘
14:38:25	8.18	0.01	23	18814	买盘
14:38:19	8.17	-0.01	231	189290	卖盘
14:38:14	8.18	--	184	150512	卖盘
14:38:04	8.18	--	246	201228	卖盘
14:37:59	8.18	-0.01	6	4908	卖盘
14:37:55	8.19	-0.01	17	13923	卖盘
14:37:49	8.2	0.02	2	1639	买盘
14:37:44	8.18	-0.02	165	135706	卖盘
14:37:40	8.2	--	115	94406	卖盘
14:37:34	8.2	--	440	361078	卖盘
14:37:29	8.2	0.02	209	171896	买盘
14:37:25	8.18	--	48	39264	卖盘
14:37:19	8.18	-0.01	233	190594	卖盘
14:37:14	8.19	0.01	174	142506	买盘
14:37:10	8.18	-0.01	52	42634	卖盘
14:37:04	8.19	--	50	41228	买盘
14:36:59	8.19	0.01	92	75348	中性盘
14:36:55	8.18	-0.01	94	76892	卖盘
14:36:49	8.19	0.01	1	819	中性盘
14:36:44	8.18	-0.01	2162	1768516	卖盘
14:36:40	8.19	-0.03	52	42694	卖盘
14:36:34	8.22	0.02	332	273183	买盘
14:36:29	8.2	--	644	528080	卖盘
14:36:25	8.2	--	1	819	卖盘
14:36:19	8.2	--	68	55759	卖盘
14:36:14	8.2	--	116	95119	卖盘
14:36:10	8.2	--	52	42738	卖盘
14:36:04	8.2	-0.01	306	251198	卖盘
14:35:59	8.21	0.01	90	74653	买盘
14:35:55	8.2	--	1	819	买盘
14:35:49	8.2	--	51	41877	卖盘
14:35:44	8.2	-0.01	106	86919	卖盘
14:35:40	8.21	0.01	162	133108	买盘
14:35:34	8.2	--	410	336478	卖盘
14:35:29	8.2	--	242	198439	卖盘
14:35:24	8.2	--	42	34440	卖盘
14:35:19	8.2	-0.01	22	18040	卖盘
14:35:14	8.21	0.01	141	115761	买盘
14:35:09	8.2	-0.01	134	109978	卖盘
14:35:04	8.21	0.01	141	116040	买盘
14:34:59	8.2	--	41	33620	卖盘
14:34:54	8.2	--	27	22139	卖盘
14:34:49	8.2	--	17	13939	卖盘
14:34:44	8.2	--	209	171379	卖盘
14:34:39	8.2	0.01	112	91946	买盘
14:34:34	8.19	-0.03	313	256625	卖盘
14:34:29	8.22	0.03	863	709386	买盘
14:34:19	8.19	--	253	207207	卖盘
14:34:14	8.19	--	93	76167	卖盘
14:34:09	8.19	-0.01	52	42686	卖盘
14:34:04	8.2	--	106	87198	卖盘
14:33:59	8.2	0.01	249	204663	买盘
14:33:49	8.19	--	115	94291	买盘
14:33:43	8.19	--	119	98173	卖盘
14:33:39	8.19	--	52	42694	卖盘
14:33:34	8.19	--	324	266076	卖盘
14:33:28	8.19	--	189	154791	卖盘
14:33:19	8.19	--	69	56511	卖盘
14:33:13	8.19	--	98	80262	卖盘
14:33:09	8.19	--	114	93464	卖盘
14:33:04	8.19	--	103	84635	买盘
14:32:58	8.19	--	14	11466	买盘
14:32:54	8.19	--	158	129401	卖盘
14:32:49	8.19	--	42	34398	买盘
14:32:43	8.19	-0.01	50	40950	卖盘
14:32:39	8.2	-0.02	271	222219	买盘
14:32:34	8.22	0.03	234	192594	买盘
14:32:28	8.19	-0.01	23	19410	卖盘
14:32:24	8.2	--	152	124639	买盘
14:32:13	8.2	--	159	130625	卖盘
14:32:09	8.2	--	142	116439	卖盘
14:32:04	8.2	--	30	24878	卖盘
14:31:58	8.2	--	74	60679	卖盘
14:31:54	8.2	--	34	27879	卖盘
14:31:43	8.2	-0.02	455	373099	卖盘
14:31:39	8.22	--	0	0	买盘
14:31:34	8.22	0.02	245	201669	买盘
14:31:28	8.2	--	65	53299	卖盘
14:31:24	8.2	-0.02	20	16400	卖盘
14:31:19	8.22	--	5	4110	买盘
14:31:13	8.22	0.01	736	605534	买盘
14:31:08	8.21	--	8	6568	卖盘
14:31:04	8.21	--	228	187467	卖盘
14:30:58	8.21	--	43	35303	卖盘
14:30:43	8.21	--	182	149422	卖盘
14:30:38	8.21	--	536	440056	卖盘
14:30:34	8.21	-0.01	135	111114	中性盘
14:30:28	8.22	0.02	157	129054	买盘
14:30:23	8.2	--	50	41000	卖盘
14:30:19	8.2	-0.01	2	1639	卖盘
14:30:13	8.21	0.01	552	453192	买盘
14:30:08	8.2	--	350	287000	卖盘
14:30:04	8.2	--	93	76538	卖盘
14:29:58	8.2	--	81	66420	卖盘
14:29:53	8.2	--	1	819	卖盘
14:29:49	8.2	--	10	8200	卖盘
14:29:43	8.2	--	91	74620	卖盘
14:29:38	8.2	--	15	12299	卖盘
14:29:34	8.2	-0.02	31	25698	卖盘
14:29:28	8.22	0.01	256	211237	买盘
14:29:23	8.21	--	12	9852	卖盘
14:29:19	8.21	-0.01	10	8210	卖盘
14:29:13	8.22	0.01	339	278658	买盘
14:29:08	8.21	--	18	14778	卖盘
14:29:04	8.21	--	83	68422	卖盘
14:28:58	8.21	--	272	223312	卖盘
14:28:53	8.21	--	30	24630	卖盘
14:28:48	8.21	--	30	24630	卖盘
14:28:43	8.21	-0.01	102	83742	卖盘
14:28:38	8.22	0.02	641	527460	买盘
14:28:34	8.2	-0.01	30	24878	卖盘
14:28:28	8.21	0.01	150	123150	买盘
14:28:23	8.2	-0.02	874	716942	卖盘
14:28:18	8.22	0.01	1	822	买盘
14:28:13	8.21	-0.01	558	458118	卖盘
14:28:08	8.22	0.01	5	4110	买盘
14:28:03	8.21	--	122	100441	卖盘
14:27:58	8.21	--	17	14236	卖盘
14:27:53	8.21	--	2	1642	买盘
14:27:48	8.21	0.01	76	62396	买盘
14:27:43	8.2	--	91	74620	卖盘
14:27:38	8.2	0.01	237	195151	买盘
14:27:33	8.19	-0.01	92	75626	卖盘
14:27:28	8.2	--	305	250099	买盘
14:27:23	8.2	0.01	16	13119	买盘
14:27:18	8.19	0.01	55	45045	买盘
14:27:13	8.18	--	122	99796	卖盘
14:27:08	8.18	--	30	24540	卖盘
14:27:03	8.18	--	73	59714	买盘
14:26:58	8.18	0.01	31	25685	买盘
14:26:53	8.17	--	158	129086	卖盘
14:26:48	8.17	--	16	13072	卖盘
14:26:43	8.17	-0.01	136	111112	卖盘
14:26:37	8.18	0.01	160	130880	买盘
14:26:33	8.17	-0.01	2	1634	卖盘
14:26:28	8.18	0.01	329	269416	买盘
14:26:22	8.17	--	230	187910	买盘
14:26:18	8.17	--	1	817	买盘
14:26:13	8.17	--	677	553109	买盘
14:26:07	8.17	--	83	67811	买盘
14:25:58	8.17	0.01	111	91030	买盘
14:25:52	8.16	--	13	10608	卖盘
14:25:48	8.16	--	1	816	卖盘
14:25:43	8.16	--	71	57936	卖盘
14:25:37	8.16	--	184	150144	卖盘
14:25:33	8.16	--	458	373728	买盘
14:25:28	8.16	--	529	431664	买盘
14:25:22	8.16	--	42	34272	买盘
14:25:18	8.16	0.01	349	284784	买盘
14:25:13	8.15	-0.01	36	29340	卖盘
14:25:07	8.16	--	1039	847824	卖盘
14:25:03	8.16	--	219	178704	卖盘
14:24:58	8.16	--	150	122742	卖盘
14:24:52	8.16	0.01	27	22032	卖盘
14:24:48	8.15	--	774	631152	卖盘
14:24:43	8.15	--	27	22005	卖盘
14:24:37	8.15	--	183	149145	卖盘
14:24:33	8.15	-0.01	318	259170	卖盘
14:24:28	8.16	--	56	45696	买盘
14:24:22	8.16	--	337	274992	买盘
14:24:18	8.16	0.01	503	410448	买盘
14:24:13	8.15	--	95	77425	卖盘
14:24:07	8.15	--	49	39935	卖盘
14:24:02	8.15	-0.01	75	61125	卖盘
14:23:58	8.16	--	75	61200	买盘
14:23:52	8.16	--	3122	2547552	卖盘
14:23:47	8.16	-0.01	296	241536	卖盘
14:23:43	8.17	0.01	7	5719	买盘
14:23:37	8.16	-0.01	10	8160	卖盘
14:23:32	8.17	--	315	257355	买盘
14:23:28	8.17	-0.01	52	43006	卖盘
14:23:22	8.18	0.01	572	467896	买盘
14:23:17	8.17	--	2142	1750014	卖盘
14:23:13	8.17	--	1	817	卖盘
14:23:07	8.17	--	158	129086	卖盘
14:23:02	8.17	-0.01	314	256538	卖盘
14:22:58	8.18	0.01	88	71984	买盘
14:22:52	8.17	-0.01	22	17974	卖盘
14:22:47	8.18	--	236	193048	卖盘
14:22:43	8.18	--	11	8998	卖盘
14:22:37	8.18	0.01	316	258488	买盘
14:22:32	8.17	--	313	255721	卖盘
14:22:28	8.17	--	1	817	卖盘
14:22:22	8.17	-0.01	60	49020	卖盘
14:22:17	8.18	--	717	586506	买盘
14:22:13	8.18	--	13	10634	买盘
14:22:07	8.18	0.01	41	33538	买盘
14:22:02	8.17	-0.01	579	473043	卖盘
14:21:58	8.18	0.01	533	435994	买盘
14:21:52	8.17	-0.01	631	515527	卖盘
14:21:47	8.18	0.01	25	20450	买盘
14:21:43	8.17	-0.01	370	302290	卖盘
14:21:37	8.18	--	276	225768	卖盘
14:21:32	8.18	0.01	354	289572	买盘
14:21:27	8.17	-0.01	517	422389	卖盘
14:21:22	8.18	--	66	53988	买盘
14:21:17	8.18	0.01	120	98160	买盘
14:21:13	8.17	-0.01	226	184642	卖盘
14:21:07	8.18	-0.01	790	646449	卖盘
14:21:02	8.19	0.01	386	316134	买盘
14:20:52	8.18	--	16	13088	卖盘
14:20:47	8.18	-0.01	34	27812	卖盘
14:20:42	8.19	0.01	242	198198	买盘
14:20:37	8.18	0.01	522	427584	买盘
14:20:32	8.17	-0.01	341	278597	卖盘
14:20:27	8.18	--	25	20450	买盘
14:20:22	8.18	--	43	35174	买盘
14:20:17	8.18	--	582	476305	卖盘
14:20:12	8.18	-0.01	1308	1069944	卖盘
14:20:07	8.19	--	150	122849	买盘
14:20:02	8.19	--	1	819	买盘
14:19:57	8.19	0.01	52	42588	买盘
14:19:52	8.18	--	15	12270	卖盘
14:19:47	8.18	--	434	355600	买盘
14:19:42	8.18	--	191	156238	买盘
14:19:37	8.18	--	737	602866	买盘
14:19:31	8.18	--	267	218406	买盘
14:19:27	8.18	--	642	525385	卖盘
14:19:22	8.18	--	307	251305	卖盘
14:19:16	8.18	-0.01	6	4908	卖盘
14:19:12	8.19	--	7	5733	买盘
14:19:07	8.19	0.01	20	16379	买盘
14:19:01	8.18	-0.01	24	19632	卖盘
14:18:57	8.19	0.01	10	8189	买盘
14:18:52	8.18	--	53	43354	卖盘
14:18:46	8.18	0.01	801	655627	买盘
14:18:42	8.17	--	255	208335	卖盘
14:18:37	8.17	-0.01	3	2451	卖盘
14:18:31	8.18	0.01	245	200410	买盘
14:18:27	8.17	-0.01	429	350493	卖盘
14:18:22	8.18	--	96	78528	买盘
14:18:16	8.18	0.01	139	113702	买盘
14:18:12	8.17	-0.01	204	166668	卖盘
14:18:07	8.18	--	9	7362	买盘
14:18:01	8.18	0.01	24	19632	买盘
14:17:57	8.17	-0.01	3148	2572210	卖盘
14:17:52	8.18	--	52	42536	买盘
14:17:46	8.18	--	1651	1350927	卖盘
14:17:42	8.18	--	30	24540	卖盘
14:17:37	8.18	--	239	195502	卖盘
14:17:31	8.18	-0.01	500	409000	卖盘
14:17:27	8.19	--	98	80262	买盘
14:17:22	8.19	--	4	3276	买盘
14:17:16	8.19	0.01	18	14742	买盘
14:17:12	8.18	-0.02	7030	5751137	卖盘
14:17:07	8.2	--	20	16400	卖盘
14:17:01	8.2	--	270	221399	卖盘
14:16:56	8.2	--	53	43459	卖盘
14:16:52	8.2	--	28	22959	卖盘
14:16:46	8.2	--	215	176299	卖盘
14:16:41	8.2	--	78	63959	卖盘
14:16:31	8.2	-0.01	313	256659	卖盘
14:16:26	8.21	--	189	155169	买盘
14:16:22	8.21	-0.01	1878	1541838	卖盘
14:16:16	8.22	--	98	80556	卖盘
14:16:11	8.22	--	24	19728	卖盘
14:16:07	8.22	-0.01	49	40278	卖盘
14:16:01	8.23	0.01	152	125096	买盘
14:15:56	8.22	--	84	69048	卖盘
14:15:46	8.22	--	47	38634	卖盘
14:15:41	8.22	--	20	16440	卖盘
14:15:37	8.22	--	450	369900	买盘
14:15:31	8.22	--	200	164400	买盘
14:15:26	8.22	--	561	461142	卖盘
14:15:16	8.22	--	40	32880	卖盘
14:15:11	8.22	0.01	836	687192	买盘
14:15:07	8.21	-0.01	500	410500	卖盘
14:15:01	8.22	0.01	183	150426	买盘
14:14:56	8.21	--	116	95236	卖盘
14:14:52	8.21	--	4	3284	卖盘
14:14:46	8.21	--	50	41050	卖盘
14:14:41	8.21	-0.01	58	47618	卖盘
14:14:37	8.22	0.01	113	92886	买盘
14:14:31	8.21	-0.01	390	320190	卖盘
14:14:26	8.22	0.01	83	68226	买盘
14:14:22	8.21	-0.01	218	178978	卖盘
14:14:16	8.22	--	57	46854	卖盘
14:14:11	8.22	0.01	519	426618	买盘
14:14:06	8.21	-0.01	24	19704	卖盘
14:14:01	8.22	0.01	45	36990	买盘
14:13:56	8.21	--	175	143675	卖盘
14:13:51	8.21	-0.01	40	32840	卖盘
14:13:46	8.22	0.01	161	132342	买盘
14:13:41	8.21	-0.01	101	82921	卖盘
14:13:36	8.22	0.01	22	18084	买盘
14:13:31	8.21	-0.02	1	821	卖盘
14:13:26	8.23	0.01	401	330105	买盘
14:13:21	8.22	--	205	168510	卖盘
14:13:16	8.22	--	1	822	卖盘
14:13:11	8.22	--	47	38634	卖盘
14:13:06	8.22	--	4	3288	卖盘
14:12:56	8.22	--	46	37812	卖盘
14:12:51	8.22	--	11	9042	卖盘
14:12:46	8.22	-0.01	39	32058	卖盘
14:12:41	8.23	0.01	100	82300	卖盘
14:12:31	8.22	-0.02	91	74802	卖盘
14:12:25	8.24	0.02	210	173040	买盘
14:12:21	8.22	--	4	3288	卖盘
14:12:16	8.22	--	84	69048	卖盘
14:12:10	8.22	--	10	8220	卖盘
14:12:06	8.22	--	56	46032	卖盘
14:12:01	8.22	--	425	349350	卖盘
14:11:55	8.22	-0.01	30	24660	卖盘
14:11:51	8.23	0.01	124	102052	买盘
14:11:46	8.22	--	481	396121	卖盘
14:11:40	8.22	--	16	13152	卖盘
14:11:36	8.22	-0.01	29	23838	卖盘
14:11:31	8.23	0.01	124	102052	买盘
14:11:25	8.22	--	235	193170	卖盘
14:11:10	8.22	-0.01	32	26304	卖盘
14:11:06	8.23	0.01	75	61725	买盘
14:11:01	8.22	-0.01	16	13152	卖盘
14:10:55	8.23	--	74	60902	买盘
14:10:51	8.23	0.01	26	21398	买盘
14:10:46	8.22	--	61	50142	卖盘
14:10:40	8.22	--	43	35346	卖盘
14:10:36	8.22	--	2	1644	卖盘
14:10:31	8.22	--	19	15618	卖盘
14:10:25	8.22	--	246	202212	卖盘
14:10:21	8.22	--	6	4932	卖盘
14:10:16	8.22	--	24	19728	卖盘
14:10:10	8.22	--	124	101928	卖盘
14:10:06	8.22	--	200	164400	卖盘
14:10:00	8.22	-0.01	124	101928	卖盘
14:09:55	8.23	0.01	35	28805	买盘
14:09:50	8.22	--	25	20550	卖盘
14:09:46	8.22	--	16	13152	卖盘
14:09:40	8.22	0.01	67	55074	中性盘
14:09:35	8.21	-0.01	177	145317	卖盘
14:09:25	8.22	--	224	184128	卖盘
14:09:20	8.22	--	444	364968	卖盘
14:09:10	8.22	--	13	10686	卖盘
14:09:05	8.22	--	136	111792	卖盘
14:09:01	8.22	--	15	12330	卖盘
14:08:55	8.22	--	32	26304	卖盘
14:08:50	8.22	--	1	822	卖盘
14:08:46	8.22	--	1	822	卖盘
14:08:40	8.22	-0.01	336	276192	卖盘
14:08:35	8.23	--	87	71601	卖盘
14:08:25	8.23	--	242	199166	卖盘
14:08:20	8.23	--	14	11522	卖盘
14:08:16	8.23	--	56	46088	卖盘
14:08:10	8.23	--	52	42796	卖盘
14:08:05	8.23	--	303	249369	卖盘
14:07:55	8.23	--	45	37035	卖盘
14:07:50	8.23	--	22	18106	卖盘
14:07:46	8.23	--	46	37858	卖盘
14:07:40	8.23	--	37	30451	卖盘
14:07:35	8.23	--	2	1646	卖盘
14:07:30	8.23	-0.01	43	35389	卖盘
14:07:25	8.24	0.01	210	173040	买盘
14:07:20	8.23	--	48	39504	卖盘
14:07:15	8.23	--	60	49380	卖盘
14:07:10	8.23	--	118	97114	卖盘
14:07:05	8.23	--	27	22221	卖盘
14:07:00	8.23	--	6	4938	卖盘
14:06:55	8.23	--	5	4115	卖盘
14:06:50	8.23	--	24	19752	卖盘
14:06:40	8.23	--	59	48557	卖盘
14:06:35	8.23	-0.01	24	19752	卖盘
14:06:30	8.24	-0.01	1	824	中性盘
14:06:25	8.25	0.01	255	210375	买盘
14:06:20	8.24	--	21	17304	卖盘
14:06:10	8.24	0.01	173	142552	中性盘
14:06:00	8.23	--	1	823	卖盘
14:05:55	8.23	--	40	32920	卖盘
14:05:50	8.23	-0.02	21	17283	卖盘
14:05:40	8.25	0.01	227	187275	买盘
14:05:30	8.24	--	56	46144	卖盘
14:05:25	8.24	--	298	245552	卖盘
14:05:19	8.24	--	218	179632	卖盘
14:05:15	8.24	--	24	19776	卖盘
14:05:10	8.24	--	18	14832	卖盘
14:05:04	8.24	--	5	4120	卖盘
14:05:00	8.24	--	37	30488	买盘
14:04:55	8.24	--	9	7416	买盘
14:04:49	8.24	--	243	200232	卖盘
14:04:45	8.24	--	10	8240	卖盘
14:04:34	8.24	--	64	52736	卖盘
14:04:30	8.24	-0.01	492	405408	卖盘
14:04:25	8.25	0.01	10	8250	买盘
14:04:19	8.24	--	33	27192	卖盘
14:04:15	8.24	--	105	86520	卖盘
14:04:10	8.24	--	17	14008	卖盘
14:04:04	8.24	--	126	103824	卖盘
14:03:55	8.24	--	24	19776	卖盘
14:03:49	8.24	--	16	13184	卖盘
14:03:45	8.24	-0.01	50	41200	卖盘
14:03:40	8.25	0.01	3	2475	中性盘
14:03:34	8.24	--	41	33784	卖盘
14:03:30	8.24	-0.01	235	193640	卖盘
14:03:15	8.25	--	42	34650	买盘
14:03:04	8.25	--	112	92400	买盘
14:02:59	8.25	0.01	90	74250	买盘
14:02:55	8.24	--	15	12360	卖盘
14:02:49	8.24	--	1055	869320	卖盘
14:02:44	8.24	--	37	30488	卖盘
14:02:34	8.24	-0.01	1055	869320	卖盘
14:02:29	8.25	0.01	229	188925	买盘
14:02:19	8.24	-0.01	24	19776	卖盘
14:02:14	8.25	0.01	20	16500	买盘
14:02:04	8.24	-0.01	253	208472	卖盘
14:01:59	8.25	0.01	30	24750	买盘
14:01:49	8.24	--	24	19776	卖盘
14:01:40	8.24	-0.01	30	24720	卖盘
14:01:34	8.25	-0.01	23	18975	买盘
14:01:29	8.26	0.01	232	191632	买盘
14:01:25	8.25	--	34	28050	卖盘
14:01:19	8.25	0.01	11	9075	卖盘
14:01:14	8.24	-0.01	83	68392	卖盘
14:01:09	8.25	--	11	9075	卖盘
14:01:04	8.25	--	10	8250	卖盘
14:00:59	8.25	--	68	56100	买盘
14:00:39	8.25	--	200	165000	买盘
14:00:34	8.25	0.01	52	42900	买盘
14:00:29	8.24	-0.01	219	180456	卖盘
14:00:24	8.25	--	26	21450	买盘
14:00:19	8.25	0.01	1	825	买盘
14:00:14	8.24	--	4	3296	卖盘
14:00:09	8.24	-0.01	5	4120	卖盘
14:00:04	8.25	--	5	4125	买盘
13:59:59	8.25	0.01	126	103950	买盘
13:59:54	8.24	--	25	20600	卖盘
13:59:49	8.24	--	66	54384	卖盘
13:59:44	8.24	--	0	0	卖盘
13:59:39	8.24	--	52	42848	卖盘
13:59:34	8.24	-0.02	82	67568	卖盘
13:59:29	8.26	0.02	210	173460	买盘
13:59:24	8.24	--	59	48616	卖盘
13:59:19	8.24	-0.01	15	12360	卖盘
13:59:14	8.25	0.01	85	70125	买盘
13:59:09	8.24	--	10	8240	卖盘
13:59:04	8.24	--	29	23896	卖盘
13:58:59	8.24	--	51	42024	卖盘
13:58:54	8.24	--	15	12360	卖盘
13:58:49	8.24	-0.01	55	45320	卖盘
13:58:44	8.25	--	51	42075	卖盘
13:58:39	8.25	--	23	18975	卖盘
13:58:34	8.25	0.01	5	4125	卖盘
13:58:28	8.24	--	51	42024	卖盘
13:58:24	8.24	-0.01	225	185400	卖盘
13:58:19	8.25	0.01	45	37125	买盘
13:58:13	8.24	-0.02	94	77456	卖盘
13:58:09	8.26	0.01	31	25606	买盘
13:58:04	8.25	--	53	43725	卖盘
13:57:58	8.25	-0.01	257	212025	卖盘
13:57:54	8.26	--	1	826	买盘
13:57:49	8.26	0.01	123	101598	买盘
13:57:43	8.25	--	20	16500	卖盘
13:57:39	8.25	-0.01	171	141075	卖盘
13:57:34	8.26	0.01	15	12390	买盘
13:57:28	8.25	-0.01	146	120450	卖盘
13:57:24	8.26	0.01	209	172634	买盘
13:57:13	8.25	-0.01	58	47850	卖盘
13:57:09	8.26	0.01	73	60298	买盘
13:57:04	8.25	--	17	14025	卖盘
13:56:54	8.25	--	136	112200	卖盘
13:56:49	8.25	--	17	14025	卖盘
13:56:43	8.25	--	16	13200	卖盘
13:56:39	8.25	--	56	46200	卖盘
13:56:34	8.25	-0.01	15	12375	卖盘
13:56:28	8.26	0.01	31	25606	买盘
13:56:24	8.25	0.01	538	443850	买盘
13:56:13	8.24	--	6	4944	卖盘
13:56:08	8.24	-0.01	67	55208	卖盘
13:56:04	8.25	0.01	13	10725	买盘
13:55:58	8.24	-0.01	51	42024	卖盘
13:55:53	8.25	--	150	123750	卖盘
13:55:48	8.25	0.01	9	7425	买盘
13:55:43	8.24	--	140	115360	卖盘
13:55:38	8.24	-0.01	108	88992	卖盘
13:55:28	8.25	0.01	53	43725	中性盘
13:55:23	8.24	-0.01	298	245552	卖盘
13:55:13	8.25	--	51	42075	卖盘
13:55:08	8.25	0.01	754	622050	买盘
13:55:04	8.24	--	51	42024	卖盘
13:54:58	8.24	-0.01	25	20600	卖盘
13:54:53	8.25	0.01	30	24750	买盘
13:54:48	8.24	--	187	154088	卖盘
13:54:43	8.24	-0.01	30	24720	卖盘
13:54:38	8.25	0.01	359	296175	买盘
13:54:33	8.24	--	543	447432	卖盘
13:54:28	8.24	-0.02	15	12360	卖盘
13:54:23	8.26	0.02	271	223846	买盘
13:54:18	8.24	--	10	8240	卖盘
13:54:13	8.24	-0.01	87	71688	卖盘
13:54:08	8.25	--	92	75900	卖盘
13:54:03	8.25	--	206	169950	卖盘
13:53:58	8.25	--	115	94875	卖盘
13:53:53	8.25	-0.01	166	136950	卖盘
13:53:48	8.26	--	26	21476	买盘
13:53:43	8.26	--	57	47082	买盘
13:53:38	8.26	--	104	85904	买盘
13:53:33	8.26	0.01	91	75166	买盘
13:53:28	8.25	-0.01	132	108900	卖盘
13:53:23	8.26	0.01	304	251104	买盘
13:53:18	8.25	--	10	8250	卖盘
13:53:13	8.25	--	72	59400	卖盘
13:53:08	8.25	--	77	63525	卖盘
13:53:03	8.25	--	1	825	卖盘
13:52:58	8.25	0.01	84	69300	买盘
13:52:53	8.24	--	30	24720	卖盘
13:52:48	8.24	--	51	42024	卖盘
13:52:43	8.24	--	61	50264	卖盘
13:52:38	8.24	--	82	67568	卖盘
13:52:33	8.24	--	39	32136	买盘
13:52:28	8.24	--	20	16480	卖盘
13:52:23	8.24	0.01	225	185400	卖盘
13:52:18	8.23	--	1	823	卖盘
13:52:13	8.23	-0.01	135	111105	卖盘
13:52:08	8.24	--	30	24720	卖盘
13:52:03	8.24	--	102	84048	卖盘
13:51:58	8.24	--	20	16480	卖盘
13:51:53	8.24	--	16	13184	卖盘
13:51:48	8.24	0.01	79	65096	买盘
13:51:38	8.23	-0.01	163	134149	卖盘
13:51:33	8.24	0.01	30	24720	中性盘
13:51:28	8.23	-0.02	16	13168	卖盘
13:51:22	8.25	0.02	269	221925	买盘
13:51:13	8.23	--	69	56787	卖盘
13:51:07	8.23	--	133	109459	卖盘
13:51:03	8.23	--	101	83123	卖盘
13:50:58	8.23	--	10	8238	卖盘
13:50:52	8.23	-0.01	101	83123	卖盘
13:50:48	8.24	0.01	20	16480	买盘
13:50:43	8.23	--	11	9053	卖盘
13:50:37	8.23	--	116	95468	卖盘
13:50:33	8.23	-0.01	15	12345	卖盘
13:50:22	8.24	--	377	310648	买盘
13:50:18	8.24	0.01	1	824	买盘
13:50:13	8.23	--	66	54318	卖盘
13:50:07	8.23	-0.01	15	12345	卖盘
13:50:03	8.24	--	32	26368	买盘
13:49:58	8.24	0.01	87	71688	买盘
13:49:52	8.23	--	21	17283	卖盘
13:49:48	8.23	-0.01	51	41973	卖盘
13:49:43	8.24	--	3	2472	买盘
13:49:37	8.24	--	18	14832	买盘
13:49:33	8.24	--	75	61800	卖盘
13:49:22	8.24	0.01	390	321360	买盘
13:49:18	8.23	--	143	117689	卖盘
13:49:12	8.23	-0.01	33	27159	卖盘
13:49:07	8.24	--	20	16480	买盘
13:49:02	8.24	0.01	106	87344	买盘
13:48:57	8.23	-0.01	52	42796	卖盘
13:48:52	8.24	0.01	12	9888	买盘
13:48:47	8.23	--	151	124273	卖盘
13:48:42	8.23	--	23	18929	卖盘
13:48:37	8.23	--	56	46088	卖盘
13:48:32	8.23	-0.01	32	26336	卖盘
13:48:27	8.24	--	1	824	买盘
13:48:22	8.24	0.01	261	215064	买盘
13:48:17	8.23	-0.01	16	13168	卖盘
13:48:12	8.24	--	101	83224	卖盘
13:48:07	8.24	--	13	10712	卖盘
13:48:02	8.24	0.01	31	25544	中性盘
13:47:57	8.23	--	51	41973	卖盘
13:47:52	8.23	--	97	79831	卖盘
13:47:47	8.23	--	12	9876	卖盘
13:47:42	8.23	-0.01	52	42796	卖盘
13:47:37	8.24	-0.01	92	75808	中性盘
13:47:32	8.25	0.01	128	105600	买盘
13:47:27	8.24	--	351	289224	卖盘
13:47:22	8.24	--	326	268624	卖盘
13:47:17	8.24	--	60	49440	卖盘
13:47:12	8.24	--	24	19776	卖盘
13:47:07	8.24	0.01	61	50264	买盘
13:47:02	8.23	-0.01	93	76539	卖盘
13:46:57	8.24	0.01	7	5768	中性盘
13:46:52	8.23	--	59	48557	卖盘
13:46:47	8.23	--	61	50203	卖盘
13:46:37	8.23	-0.01	67	55141	卖盘
13:46:32	8.24	-0.01	5	4120	卖盘
13:46:27	8.25	0.01	5	4125	买盘
13:46:22	8.24	--	296	243904	买盘
13:46:12	8.24	0.01	20	16480	买盘
13:46:07	8.23	--	408	335784	卖盘
13:46:02	8.23	-0.01	14	11522	卖盘
13:45:57	8.24	0.01	6	4944	买盘
13:45:52	8.23	--	57	46911	卖盘
13:45:47	8.23	--	77	63371	卖盘
13:45:42	8.23	--	19	15637	卖盘
13:45:37	8.23	0.01	221	182294	买盘
13:45:32	8.22	-0.01	93	76446	卖盘
13:45:27	8.23	0.01	15	12345	买盘
13:45:22	8.22	--	333	273726	卖盘
13:45:17	8.22	0.01	117	96174	买盘
13:45:07	8.21	--	6	4926	卖盘
13:45:02	8.21	--	233	191293	卖盘
13:44:57	8.21	-0.02	16	13136	卖盘
13:44:52	8.23	0.02	80	65840	买盘
13:44:47	8.21	--	51	41871	卖盘
13:44:42	8.21	-0.01	601	493421	卖盘
13:44:37	8.22	--	60	49320	卖盘
13:44:32	8.22	0.01	221	181662	买盘
13:44:22	8.21	--	280	229880	卖盘
13:44:16	8.21	--	11	9031	卖盘
13:44:07	8.21	-0.01	37	30377	卖盘
13:43:57	8.22	0.01	16	13152	买盘
13:43:52	8.21	-0.01	1909	1567289	卖盘
13:43:46	8.22	--	472	387984	卖盘
13:43:42	8.22	--	219	180018	卖盘
13:43:37	8.22	-0.01	29	23838	卖盘
13:43:31	8.23	0.01	7	5761	买盘
13:43:27	8.22	-0.01	439	361269	卖盘
13:43:22	8.23	--	503	413969	卖盘
13:43:16	8.23	--	81	66663	卖盘
13:43:12	8.23	--	24	19752	卖盘
13:43:07	8.23	--	29	23867	卖盘
13:43:01	8.23	--	483	397509	卖盘
13:42:57	8.23	--	65	53495	卖盘
13:42:52	8.23	-0.01	31	25513	卖盘
13:42:46	8.24	0.01	47	38728	买盘
13:42:42	8.23	--	108	88884	卖盘
13:42:37	8.23	--	60	49380	卖盘
13:42:31	8.23	--	51	41973	卖盘
13:42:27	8.23	--	405	333315	卖盘
13:42:22	8.23	-0.01	256	210688	卖盘
13:42:16	8.24	0.01	1217	1002808	买盘
13:42:12	8.23	--	96	79008	卖盘
13:42:06	8.23	--	140	115220	卖盘
13:42:01	8.23	--	4	3292	卖盘
13:41:51	8.23	--	138	113574	卖盘
13:41:46	8.23	--	19	15637	卖盘
13:41:41	8.23	--	84	69132	卖盘
13:41:36	8.23	-0.01	59	48557	卖盘
13:41:31	8.24	0.01	17	14008	中性盘
13:41:26	8.23	-0.02	20	16460	卖盘
13:41:21	8.25	0.02	210	173250	买盘
13:41:16	8.23	-0.01	377	310682	卖盘
13:41:11	8.24	--	34	28016	卖盘
13:41:06	8.24	--	181	149144	买盘
13:41:01	8.24	--	11	9064	买盘
13:40:56	8.24	0.01	501	412824	买盘
13:40:51	8.23	--	197	162131	卖盘
13:40:46	8.23	0.01	64	52672	卖盘
13:40:36	8.22	--	0	0	卖盘
13:40:31	8.22	--	0	0	卖盘
13:40:26	8.22	-0.03	30	24660	卖盘
13:40:21	8.25	0.02	210	173250	买盘
13:40:11	8.23	0.01	10	8230	买盘
13:40:01	8.22	-0.01	2	1644	卖盘
13:39:56	8.23	--	117	96291	买盘
13:39:51	8.23	0.01	8	6584	买盘
13:39:46	8.22	-0.02	134	110148	卖盘
13:39:41	8.24	0.02	149	122776	买盘
13:39:36	8.22	--	15	12330	卖盘
13:39:31	8.22	-0.01	231	189882	卖盘
13:39:26	8.23	-0.01	65	53495	买盘
13:39:21	8.24	0.02	210	173040	买盘
13:39:16	8.22	-0.01	91	74802	卖盘
13:39:11	8.23	--	6	4938	买盘
13:39:06	8.23	0.01	171	140733	买盘
13:39:01	8.22	--	20	16440	卖盘
13:38:56	8.22	--	7	5754	卖盘
13:38:51	8.22	-0.01	6	4932	卖盘
13:38:46	8.23	0.01	17	13991	买盘
13:38:41	8.22	--	1	822	中性盘
13:38:31	8.22	0.01	350	287700	卖盘
13:38:26	8.21	--	1	821	卖盘
13:38:21	8.21	--	230	188830	卖盘
13:38:16	8.21	--	3	2463	卖盘
13:38:11	8.21	--	7	5747	卖盘
13:38:06	8.21	--	32	26272	卖盘
13:38:01	8.21	--	356	292276	买盘
13:37:56	8.21	--	271	222491	买盘
13:37:51	8.21	--	2	1642	买盘
13:37:46	8.21	--	2	1642	买盘
13:37:41	8.21	--	1580	1297180	卖盘
13:37:36	8.21	--	51	41871	卖盘
13:37:31	8.21	--	48	39408	卖盘
13:37:26	8.21	-0.01	10	8210	卖盘
13:37:21	8.22	--	246	202212	买盘
13:37:10	8.22	--	20	16440	买盘
13:37:01	8.22	--	13	10686	买盘
13:36:55	8.22	0.02	34	27948	买盘
13:36:51	8.2	-0.02	1802	1477639	卖盘
13:36:46	8.22	--	2	1644	买盘
13:36:40	8.22	--	48	39456	中性盘
13:36:36	8.22	--	7	5754	买盘
13:36:31	8.22	--	4	3288	卖盘
13:36:25	8.22	0.01	14	11508	中性盘
13:36:21	8.21	--	830	681430	卖盘
13:36:16	8.21	--	229	188419	卖盘
13:36:10	8.21	--	132	108372	卖盘
13:36:06	8.21	--	82	67322	卖盘
13:36:01	8.21	--	82	67322	卖盘
13:35:55	8.21	--	30	24630	卖盘
13:35:51	8.21	-0.01	114	93594	卖盘
13:35:46	8.22	0.01	31	25482	买盘
13:35:40	8.21	--	16	13136	卖盘
13:35:36	8.21	--	279	229059	卖盘
13:35:31	8.21	--	250	205250	卖盘
13:35:25	8.21	--	20	16420	卖盘
13:35:21	8.21	-0.01	1778	1459738	卖盘
13:35:15	8.22	0.01	119	97818	买盘
13:35:10	8.21	-0.01	70	57470	卖盘
13:35:06	8.22	--	679	558138	卖盘
13:35:00	8.22	--	61	50142	卖盘
13:34:55	8.22	--	70	57540	卖盘
13:34:50	8.22	--	170	139740	卖盘
13:34:45	8.22	--	3	2466	卖盘
13:34:40	8.22	--	94	77268	卖盘
13:34:35	8.22	--	211	173442	卖盘
13:34:30	8.22	-0.01	478	392916	卖盘
13:34:25	8.23	0.01	53	43619	买盘
13:34:20	8.22	-0.01	433	355926	卖盘
13:34:15	8.23	0.01	37	30451	买盘
13:34:10	8.22	-0.01	1467	1205874	卖盘
13:34:05	8.23	--	196	161308	卖盘
13:34:00	8.23	--	5	4115	卖盘
13:33:55	8.23	--	46	37858	卖盘
13:33:50	8.23	0.01	187	153901	买盘
13:33:40	8.22	-0.01	78	64116	卖盘
13:33:35	8.23	--	467	384341	卖盘
13:33:30	8.23	--	1552	1277296	卖盘
13:33:25	8.23	-0.02	89	73247	卖盘
13:33:20	8.25	0.02	310	255750	买盘
13:33:15	8.23	--	23	18929	卖盘
13:33:10	8.23	-0.01	27	22221	卖盘
13:33:05	8.24	0.01	70	57680	买盘
13:33:00	8.23	--	129	106167	卖盘
13:32:55	8.23	--	1	823	卖盘
13:32:50	8.23	-0.01	189	155547	卖盘
13:32:45	8.24	--	221	182104	卖盘
13:32:40	8.24	--	66	54384	卖盘
13:32:35	8.24	--	204	168096	卖盘
13:32:30	8.24	--	129	106296	卖盘
13:32:25	8.24	--	45	37080	卖盘
13:32:20	8.24	--	274	225776	卖盘
13:32:15	8.24	--	56	46144	卖盘
13:32:10	8.24	--	49	40376	卖盘
13:32:00	8.24	--	5	4120	卖盘
13:31:55	8.24	--	61	50264	卖盘
13:31:50	8.24	--	31	25544	卖盘
13:31:45	8.24	--	48	39552	卖盘
13:31:40	8.24	--	54	44496	卖盘
13:31:35	8.24	-0.01	102	84048	卖盘
13:31:30	8.25	-0.01	1	825	卖盘
13:31:25	8.26	0.01	79	65254	买盘
13:31:20	8.25	--	222	183150	卖盘
13:31:10	8.25	-0.01	26	21450	卖盘
13:31:05	8.26	--	85	70210	卖盘
13:31:00	8.26	--	30	24780	卖盘
13:30:55	8.26	0.01	99	81774	买盘
13:30:50	8.25	-0.01	56	46200	中性盘
13:30:40	8.26	0.02	236	194936	买盘
13:30:35	8.24	--	53	43672	卖盘
13:30:30	8.24	-0.03	852	702048	卖盘
13:30:20	8.27	0.03	229	189383	买盘
13:30:15	8.24	--	36	29664	卖盘
13:30:10	8.24	--	62	51088	卖盘
13:30:05	8.24	-0.02	21	17304	卖盘
13:29:55	8.26	0.02	322	265972	买盘
13:29:49	8.24	0.01	9	7416	卖盘
13:29:45	8.23	-0.04	119	97937	卖盘
13:29:40	8.27	0.03	830	686410	买盘
13:29:34	8.24	-0.03	928	764672	卖盘
13:29:25	8.27	--	52	43004	买盘
13:29:19	8.27	0.01	217	179459	买盘
13:29:15	8.26	--	36	30528	卖盘
13:29:10	8.26	0.02	63	52071	买盘
13:29:04	8.24	0.01	300	247200	买盘
13:29:00	8.23	-0.01	124	102052	卖盘
13:28:55	8.24	--	501	413615	卖盘
13:28:49	8.24	--	67	55208	卖盘
13:28:40	8.24	--	30	24720	卖盘
13:28:34	8.24	-0.02	5	4120	卖盘
13:28:30	8.26	0.02	21	17346	买盘
13:28:24	8.24	-0.03	66	54384	卖盘
13:28:19	8.27	0.03	210	173670	买盘
13:28:15	8.24	--	24	19808	卖盘
13:28:09	8.24	-0.01	39	32136	卖盘
13:28:04	8.25	0.01	24	19800	卖盘
13:28:00	8.24	--	16	13184	卖盘
13:27:54	8.24	--	20	16480	卖盘
13:27:49	8.24	--	16	13184	卖盘
13:27:44	8.24	--	221	182104	卖盘
13:27:34	8.24	0.01	37	30488	卖盘
13:27:29	8.23	-0.04	19	15637	卖盘
13:27:24	8.27	0.04	24	19848	买盘
13:27:19	8.23	--	230	189290	卖盘
13:27:14	8.23	--	0	0	卖盘
13:27:09	8.23	-0.01	31	25513	卖盘
13:27:04	8.24	0.01	19	15656	买盘
13:26:59	8.23	--	25	20575	卖盘
13:26:54	8.23	--	0	0	卖盘
13:26:49	8.23	--	129	106167	卖盘
13:26:34	8.23	--	22	18106	卖盘
13:26:29	8.23	--	501	412323	卖盘
13:26:24	8.23	--	23	18929	卖盘
13:26:19	8.23	0.01	238	195874	买盘
13:26:14	8.22	-0.01	90	73980	卖盘
13:26:09	8.23	0.01	17	13991	买盘
13:26:04	8.22	-0.01	21	17262	卖盘
13:25:54	8.23	0.01	31	25513	中性盘
13:25:49	8.22	-0.01	21	17262	卖盘
13:25:44	8.23	--	162	133326	卖盘
13:25:34	8.23	0.01	16	13168	中性盘
13:25:29	8.22	--	42	34524	卖盘
13:25:24	8.22	--	0	0	卖盘
13:25:19	8.22	-0.01	259	212898	卖盘
13:25:14	8.23	0.01	215	176945	买盘
13:25:09	8.22	--	79	64938	卖盘
13:25:04	8.22	-0.01	400	328800	卖盘
13:24:59	8.23	0.01	183	150609	买盘
13:24:54	8.22	-0.01	22	18084	卖盘
13:24:49	8.23	0.01	5	4115	买盘
13:24:44	8.22	-0.01	93	76446	卖盘
13:24:39	8.23	0.01	505	415615	买盘
13:24:34	8.22	-0.01	40	32880	卖盘
13:24:29	8.23	--	93	76539	卖盘
13:24:24	8.23	--	22	18106	卖盘
13:24:19	8.23	--	244	200812	卖盘
13:24:14	8.23	--	31	25513	卖盘
13:24:09	8.23	--	0	0	卖盘
13:24:04	8.23	-0.01	1048	862504	卖盘
13:23:59	8.24	--	10	8240	卖盘
13:23:54	8.24	--	5	4120	卖盘
13:23:49	8.24	--	301	248024	卖盘
13:23:44	8.24	--	201	165624	卖盘
13:23:39	8.24	--	18	14832	卖盘
13:23:34	8.24	-0.01	108	88992	卖盘
13:23:29	8.25	--	40	33000	卖盘
13:23:24	8.25	--	0	0	卖盘
13:23:19	8.25	0.01	253	208725	买盘
13:23:14	8.24	-0.02	35	28840	卖盘
13:23:09	8.26	0.01	55	45430	买盘
13:23:04	8.25	--	115	94875	卖盘
13:22:58	8.25	--	95	78375	卖盘
13:22:54	8.25	-0.01	545	449625	卖盘
13:22:49	8.26	0.01	620	512120	买盘
13:22:43	8.25	-0.01	94	77550	卖盘
13:22:34	8.26	--	145	119770	买盘
13:22:28	8.26	--	74	61124	买盘
13:22:24	8.26	-0.01	30	24780	卖盘
13:22:19	8.27	0.01	1577	1304179	买盘
13:22:13	8.26	-0.01	297	245322	卖盘
13:22:09	8.27	0.01	58	47966	买盘
13:22:04	8.26	--	101	83426	卖盘
13:21:58	8.26	--	169	139594	卖盘
13:21:54	8.26	-0.01	55	45430	卖盘
13:21:49	8.27	--	62	51274	买盘
13:21:43	8.27	0.01	70	57890	买盘
13:21:39	8.26	--	39	32214	卖盘
13:21:34	8.26	--	1	826	卖盘
13:21:28	8.26	--	40	33040	卖盘
13:21:24	8.26	-0.01	106	87556	卖盘
13:21:19	8.27	-0.01	147	121569	卖盘
13:21:13	8.28	0.01	744	616197	买盘
13:21:09	8.27	--	435	359745	买盘
13:20:58	8.27	0.01	320	264640	买盘
13:20:53	8.26	-0.01	140	115640	卖盘
13:20:48	8.27	0.01	108	89316	买盘
13:20:43	8.26	-0.01	27	22302	卖盘
13:20:38	8.27	0.01	211	174497	买盘
13:20:33	8.26	-0.01	26	21476	卖盘
13:20:28	8.27	--	262	216674	买盘
13:20:23	8.27	0.01	21	17367	买盘
13:20:18	8.26	-0.01	21	17346	卖盘
13:20:13	8.27	--	535	442445	卖盘
13:20:08	8.27	--	81	66987	卖盘
13:20:03	8.27	--	13	10751	卖盘
13:19:58	8.27	--	68	56236	卖盘
13:19:53	8.27	--	39	32253	卖盘
13:19:48	8.27	--	41	33907	卖盘
13:19:43	8.27	0.01	236	195172	买盘
13:19:38	8.26	--	28	23128	卖盘
13:19:33	8.26	-0.01	26	21476	卖盘
13:19:28	8.27	0.01	30	24810	卖盘
13:19:23	8.26	--	62	51212	卖盘
13:19:18	8.26	--	20	16520	卖盘
13:19:13	8.26	-0.01	235	194110	卖盘
13:19:08	8.27	--	232	191864	买盘
13:19:03	8.27	0.01	12	9924	买盘
13:18:53	8.26	-0.01	48	39648	中性盘
13:18:48	8.27	0.02	350	289450	买盘
13:18:43	8.25	0.01	24	19800	卖盘
13:18:38	8.24	-0.02	70	57680	卖盘
13:18:33	8.26	-0.01	52	42952	中性盘
13:18:28	8.27	0.03	417	344859	买盘
13:18:23	8.24	-0.03	19	15656	卖盘
13:18:13	8.27	0.03	646	534242	买盘
13:18:08	8.24	--	28	23072	卖盘
13:17:58	8.24	-0.02	214	176336	卖盘
13:17:53	8.26	0.01	466	384916	买盘
13:17:48	8.25	--	57	47025	卖盘
13:17:43	8.25	-0.01	278	229350	卖盘
13:17:38	8.26	0.01	57	47082	买盘
13:17:33	8.25	--	110	90750	卖盘
13:17:28	8.25	--	22	18150	卖盘
13:17:23	8.25	-0.01	179	147675	卖盘
13:17:13	8.26	0.01	295	243670	买盘
13:17:08	8.25	--	124	102300	卖盘
13:17:03	8.25	--	25	20625	卖盘
13:16:58	8.25	--	5	4125	卖盘
13:16:53	8.25	--	46	37950	卖盘
13:16:48	8.25	-0.01	51	42075	卖盘
13:16:43	8.26	0.01	27	22302	买盘
13:16:38	8.25	-0.02	2	1650	卖盘
13:16:33	8.27	0.03	88	72776	买盘
13:16:28	8.24	-0.01	169	139256	卖盘
13:16:23	8.25	--	7	5775	卖盘
13:16:18	8.25	-0.02	32	26400	卖盘
13:16:13	8.27	0.03	408	337416	买盘
13:16:08	8.24	-0.01	22	18128	卖盘
13:16:03	8.25	--	49	40425	买盘
13:15:58	8.25	-0.01	223	183975	卖盘
13:15:52	8.26	-0.01	74	61124	卖盘
13:15:48	8.27	0.02	1363	1127201	买盘
13:15:43	8.25	-0.01	25	20625	卖盘
13:15:37	8.26	0.01	115	94990	买盘
13:15:33	8.25	--	30	24750	卖盘
13:15:28	8.25	--	94	77632	卖盘
13:15:22	8.25	-0.01	96	79200	卖盘
13:15:18	8.26	-0.01	20	16520	中性盘
13:15:13	8.27	0.02	256	211712	买盘
13:15:07	8.25	--	346	285450	卖盘
13:15:03	8.25	-0.02	221	182325	卖盘
13:14:58	8.27	--	23	19021	买盘
13:14:52	8.27	0.02	54	44658	买盘
13:14:48	8.25	--	101	83325	卖盘
13:14:43	8.25	-0.01	43	35475	卖盘
13:14:37	8.26	--	35	28910	卖盘
13:14:33	8.26	-0.01	57	47082	卖盘
13:14:28	8.27	0.01	47	38869	买盘
13:14:22	8.26	--	71	58654	卖盘
13:14:18	8.26	--	313	258538	买盘
13:14:12	8.26	0.01	90	74340	买盘
13:14:07	8.25	--	8	6600	买盘
13:14:03	8.25	0.02	16	13200	买盘
13:13:57	8.23	-0.01	1	823	卖盘
13:13:52	8.24	-0.01	71	58504	买盘
13:13:47	8.25	0.02	20	16500	买盘
13:13:42	8.23	-0.02	115	94645	卖盘
13:13:37	8.25	0.02	25	20625	买盘
13:13:32	8.23	--	82	67486	卖盘
13:13:27	8.23	-0.02	625	514375	卖盘
13:13:22	8.25	--	145	119625	买盘
13:13:17	8.25	0.02	210	173250	买盘
13:13:12	8.23	0.01	10	8230	中性盘
13:13:07	8.22	--	352	289344	卖盘
13:13:02	8.22	--	32	26304	卖盘
13:12:57	8.22	-0.02	70	57540	卖盘
13:12:52	8.24	0.02	540	444960	买盘
13:12:47	8.22	--	382	314004	卖盘
13:12:42	8.22	--	1	822	卖盘
13:12:37	8.22	--	123	101106	卖盘
13:12:32	8.22	0.01	64	52608	中性盘
13:12:22	8.21	--	108	88668	卖盘
13:12:17	8.21	-0.01	319	261899	卖盘
13:12:12	8.22	--	100	82200	买盘
13:12:07	8.22	0.01	6	4932	买盘
13:12:02	8.21	--	97	79637	卖盘
13:11:57	8.21	-0.01	19	15599	卖盘
13:11:52	8.22	0.01	72	59184	买盘
13:11:47	8.21	--	30	24630	卖盘
13:11:42	8.21	--	79	64859	卖盘
13:11:37	8.21	-0.01	16	13136	卖盘
13:11:32	8.22	-0.01	115	94530	买盘
13:11:27	8.23	--	0	0	买盘
13:11:22	8.23	0.03	200	164600	买盘
13:11:17	8.2	-0.02	290	237799	卖盘
13:11:12	8.22	0.01	45	36990	买盘
13:11:07	8.21	--	178	146138	卖盘
13:11:02	8.21	--	1	821	卖盘
13:10:57	8.21	-0.01	71	58291	卖盘
13:10:52	8.22	--	122	100284	买盘
13:10:47	8.22	0.01	80	65760	买盘
13:10:37	8.21	0.01	1863	1529523	卖盘
13:10:32	8.2	-0.02	43	35260	卖盘
13:10:27	8.22	0.02	16	13152	买盘
13:10:22	8.2	-0.03	148	121359	卖盘
13:10:17	8.23	--	74	60902	买盘
13:10:12	8.23	0.03	212	174476	买盘
13:10:07	8.2	-0.02	7	5739	卖盘
13:10:02	8.22	0.02	240	197280	买盘
13:09:52	8.2	-0.02	96	78720	卖盘
13:09:47	8.22	--	17	13974	卖盘
13:09:37	8.22	0.02	111	91242	买盘
13:09:32	8.2	--	0	0	卖盘
13:09:27	8.2	--	77	63139	卖盘
13:09:17	8.2	-0.03	83	68060	卖盘
13:09:12	8.23	0.03	218	179414	买盘
13:09:07	8.2	--	70	57399	卖盘
13:09:02	8.2	--	13	10659	卖盘
13:08:57	8.2	-0.01	60	49199	卖盘
13:08:52	8.21	--	88	72248	卖盘
13:08:47	8.21	-0.01	64	52544	卖盘
13:08:42	8.22	0.01	15	12330	买盘
13:08:37	8.21	0.01	76	62806	买盘
13:08:31	8.2	-0.01	76	62319	卖盘
13:08:27	8.21	--	2	1642	买盘
13:08:22	8.21	0.01	84	68964	买盘
13:08:16	8.2	--	20	16400	卖盘
13:08:12	8.2	-0.01	290	237799	卖盘
13:08:07	8.21	0.01	13	10673	卖盘
13:08:01	8.2	--	201	164820	卖盘
13:07:57	8.2	--	0	0	卖盘
13:07:52	8.2	--	21	17220	卖盘
13:07:46	8.2	-0.01	90	73800	卖盘
13:07:42	8.21	--	114	93815	买盘
13:07:37	8.21	0.01	5	4105	买盘
13:07:31	8.2	--	357	292740	卖盘
13:07:27	8.2	--	74	60679	卖盘
13:07:16	8.2	-0.01	90	73800	卖盘
13:07:12	8.21	0.02	271	222491	买盘
13:07:06	8.19	-0.01	64	52416	卖盘
13:07:01	8.2	--	78	63959	买盘
13:06:57	8.2	-0.01	1236	1014118	卖盘
13:06:51	8.21	0.01	26	21346	中性盘
13:06:46	8.2	-0.01	502	411639	卖盘
13:06:41	8.21	--	74	60754	卖盘
13:06:36	8.21	--	1	821	卖盘
13:06:31	8.21	-0.01	74	60754	卖盘
13:06:26	8.22	0.01	20	16440	买盘
13:06:21	8.21	--	0	0	卖盘
13:06:16	8.21	-0.03	525	431025	卖盘
13:06:11	8.24	0.01	371	305704	买盘
13:06:01	8.23	--	130	106990	买盘
13:05:56	8.23	0.02	1	823	买盘
13:05:51	8.21	--	0	0	卖盘
13:05:46	8.21	-0.01	77	63217	卖盘
13:05:41	8.22	0.01	61	50142	中性盘
13:05:36	8.21	--	66	54186	卖盘
13:05:31	8.21	--	15	12315	卖盘
13:05:26	8.21	--	69	56649	卖盘
13:05:21	8.21	--	0	0	卖盘
13:05:16	8.21	-0.03	75	61575	卖盘
13:05:11	8.24	0.03	235	193640	买盘
13:05:01	8.21	--	72	59112	卖盘
13:04:56	8.21	-0.01	1097	900637	卖盘
13:04:51	8.22	-0.01	3	2466	卖盘
13:04:46	8.23	0.02	2	1646	买盘
13:04:41	8.21	--	172	141212	卖盘
13:04:36	8.21	-0.01	71	58291	卖盘
13:04:31	8.22	-0.01	80	65760	卖盘
13:04:26	8.23	0.02	1	823	买盘
13:04:21	8.21	--	79	64859	卖盘
13:04:16	8.21	-0.03	92	75532	卖盘
13:04:11	8.24	0.03	292	240608	买盘
13:04:06	8.21	-0.01	50	41050	卖盘
13:04:01	8.22	0.01	9	7398	买盘
13:03:56	8.21	-0.01	72	59112	卖盘
13:03:51	8.22	0.01	21	17262	买盘
13:03:46	8.21	--	76	62396	卖盘
13:03:36	8.21	--	78	64038	卖盘
13:03:31	8.21	--	14	11494	卖盘
13:03:26	8.21	--	182	149422	卖盘
13:03:16	8.21	-0.03	175	143675	卖盘
13:03:11	8.24	0.03	332	273568	买盘
13:03:06	8.21	--	64	52544	卖盘
13:03:01	8.21	-0.01	68	55828	卖盘
13:02:56	8.22	-0.01	74	60828	卖盘
13:02:51	8.23	--	110	90530	买盘
13:02:46	8.23	--	45	37035	卖盘
13:02:41	8.23	-0.01	80	65840	卖盘
13:02:36	8.24	--	84	69216	买盘
13:02:31	8.24	--	128	105472	买盘
13:02:26	8.24	--	10	8240	买盘
13:02:21	8.24	0.01	100	82400	买盘
13:02:16	8.23	-0.01	225	185175	卖盘
13:02:11	8.24	--	189	155736	买盘
13:02:06	8.24	--	5	4120	买盘
13:02:01	8.24	0.01	109	89816	买盘
13:01:56	8.23	-0.01	124	102052	卖盘
13:01:51	8.24	0.01	100	82400	买盘
13:01:46	8.23	--	201	165423	卖盘
13:01:41	8.23	-0.01	121	99583	卖盘
13:01:36	8.24	--	186	153264	买盘
13:01:31	8.24	0.01	11	9064	买盘
13:01:25	8.23	--	123	101229	卖盘
13:01:21	8.23	--	142	116866	卖盘
13:01:10	8.23	-0.01	274	225502	卖盘
13:01:01	8.24	0.01	682	561968	买盘
13:00:55	8.23	0.02	20	16460	买盘
13:00:51	8.21	--	83	68143	卖盘
13:00:46	8.21	-0.02	50	41050	卖盘
13:00:40	8.23	0.02	214	176122	买盘
13:00:36	8.21	-0.02	2	1642	买盘
13:00:31	8.23	--	0	0	买盘
13:00:25	8.23	0.01	1353	1113807	买盘
13:00:20	8.22	0.01	483	397026	买盘
13:00:15	8.21	0.01	74	60754	卖盘
13:00:10	8.2	--	1066	874119	卖盘
13:00:06	8.2	--	1882	1543994	买盘
11:30:00	8.2	--	0	0	买盘
11:29:59	8.2	--	0	0	买盘
11:29:59	8.2	--	328	268960	买盘
11:29:57	8.2	--	905	742099	买盘
11:29:51	8.2	--	27	22139	买盘
11:29:46	8.2	--	445	364899	买盘
11:29:36	8.2	0.01	10	8200	买盘
11:29:31	8.19	-0.01	102	83538	卖盘
11:29:27	8.2	--	311	255019	买盘
11:29:21	8.2	--	241	197619	买盘
11:29:16	8.2	0.01	35	28699	买盘
11:29:12	8.19	--	73	59787	卖盘
11:29:06	8.19	--	30	24570	卖盘
11:29:01	8.19	--	509	416871	买盘
11:28:57	8.19	--	384	314496	买盘
11:28:51	8.19	--	86	70434	买盘
11:28:46	8.19	--	48	39312	买盘
11:28:42	8.19	0.01	30	24570	买盘
11:28:36	8.18	-0.01	275	224950	卖盘
11:28:31	8.19	0.01	181	148648	买盘
11:28:27	8.18	-0.01	264	215952	卖盘
11:28:21	8.19	0.01	361	295659	买盘
11:28:16	8.18	-0.01	113	92434	卖盘
11:28:12	8.19	0.01	10	8189	买盘
11:28:06	8.18	-0.01	195	159510	卖盘
11:28:01	8.19	0.01	15	12285	买盘
11:27:57	8.18	-0.01	71	58078	卖盘
11:27:51	8.19	-0.01	838	686322	卖盘
11:27:46	8.2	-0.01	129	105779	卖盘
11:27:36	8.21	0.01	6	4926	买盘
11:27:31	8.2	-0.01	66	54119	卖盘
11:27:27	8.21	--	18	14778	买盘
11:27:21	8.21	0.01	276	226596	买盘
11:27:16	8.2	0.02	12	9840	卖盘
11:27:12	8.18	-0.02	68	55624	卖盘
11:27:06	8.2	0.02	23	18860	买盘
11:27:01	8.18	-0.03	72	58896	卖盘
11:26:57	8.21	0.02	3000	2463000	买盘
11:26:51	8.19	0.01	21	17199	中性盘
11:26:46	8.18	-0.01	124	101432	卖盘
11:26:42	8.19	0.01	81	66339	买盘
11:26:36	8.18	-0.01	89	72802	卖盘
11:26:31	8.19	--	49	40131	卖盘
11:26:27	8.19	0.01	102	83538	卖盘
11:26:21	8.18	--	12	9816	卖盘
11:26:16	8.18	-0.01	80	65440	卖盘
11:26:11	8.19	-0.01	7	5733	卖盘
11:26:06	8.2	0.02	85	69700	买盘
11:26:01	8.18	--	14	11452	卖盘
11:25:51	8.18	-0.01	312	255216	卖盘
11:25:46	8.19	0.01	64	52416	买盘
11:25:41	8.18	-0.01	69	56442	卖盘
11:25:36	8.19	0.01	31	25389	买盘
11:25:31	8.18	-0.01	80	65440	卖盘
11:25:26	8.19	--	22	18018	买盘
11:25:21	8.19	--	273	223587	买盘
11:25:16	8.19	--	204	167076	买盘
11:25:11	8.19	--	905	741195	买盘
11:25:06	8.19	0.01	101	82719	买盘
11:25:01	8.18	-0.01	71	58078	卖盘
11:24:56	8.19	0.01	49	40131	买盘
11:24:51	8.18	--	1379	1128022	卖盘
11:24:46	8.18	-0.01	93	76074	卖盘
11:24:41	8.19	--	29	23751	买盘
11:24:36	8.19	--	101	82719	买盘
11:24:31	8.19	--	1416	1159704	卖盘
11:24:26	8.19	--	103	84357	卖盘
11:24:21	8.19	--	115	94185	卖盘
11:24:16	8.19	--	144	117936	卖盘
11:24:11	8.19	-0.01	95	77805	卖盘
11:24:06	8.2	0.01	32	26239	买盘
11:24:00	8.19	--	79	64700	卖盘
11:23:56	8.19	-0.01	26	21294	卖盘
11:23:51	8.2	0.01	199	163180	买盘
11:23:45	8.19	--	169	138411	卖盘
11:23:41	8.19	--	106	86814	卖盘
11:23:36	8.19	--	5	4094	卖盘
11:23:30	8.19	--	160	131039	卖盘
11:23:25	8.19	0.01	1	819	卖盘
11:23:21	8.18	--	73	59714	卖盘
11:23:15	8.18	-0.01	230	188140	卖盘
11:23:10	8.19	0.01	1215	995084	卖盘
11:23:06	8.18	--	0	0	卖盘
11:23:00	8.18	0.01	5	4090	卖盘
11:22:55	8.17	-0.02	502	410134	卖盘
11:22:51	8.19	0.01	2159	1768900	买盘
11:22:45	8.18	--	80	65440	卖盘
11:22:40	8.18	--	36	29448	卖盘
11:22:36	8.18	--	111	90798	买盘
11:22:30	8.18	--	50	40900	买盘
11:22:25	8.18	--	128	104704	买盘
11:22:21	8.18	--	1889	1545202	买盘
11:22:15	8.18	--	155	126790	买盘
11:22:10	8.18	--	217	177506	卖盘
11:22:06	8.18	-0.01	6	4908	卖盘
11:22:00	8.19	0.01	87	71253	买盘
11:21:55	8.18	0.01	81	66258	买盘
11:21:51	8.17	-0.01	68	55556	卖盘
11:21:45	8.18	--	99	80982	卖盘
11:21:40	8.18	--	187	152966	卖盘
11:21:30	8.18	--	95	77710	卖盘
11:21:25	8.18	0.01	10	8180	卖盘
11:21:21	8.17	--	0	0	卖盘
11:21:15	8.17	-0.01	72	58824	卖盘
11:21:10	8.18	--	274	224132	买盘
11:21:06	8.18	--	8	6544	买盘
11:21:00	8.18	--	130	106340	买盘
11:20:55	8.18	--	180	147240	买盘
11:20:51	8.18	--	10	8180	买盘
11:20:45	8.18	0.01	91	74438	买盘
11:20:36	8.17	--	105	85785	卖盘
11:20:30	8.17	-0.01	2	1634	卖盘
11:20:25	8.18	0.01	454	371372	买盘
11:20:21	8.17	--	7	5719	卖盘
11:20:15	8.17	-0.01	143	116831	卖盘
11:20:10	8.18	--	67	54806	卖盘
11:20:00	8.18	0.01	198	161964	买盘
11:19:55	8.17	-0.01	1	817	卖盘
11:19:50	8.18	--	84	68712	买盘
11:19:45	8.18	--	70	57260	买盘
11:19:40	8.18	-0.01	154	125972	卖盘
11:19:35	8.19	0.01	30	24570	买盘
11:19:30	8.18	--	169	138242	卖盘
11:19:25	8.18	--	73	59714	卖盘
11:19:15	8.18	0.01	261	213498	买盘
11:19:10	8.17	--	3	2451	卖盘
11:19:05	8.17	-0.01	67	54739	卖盘
11:19:00	8.18	0.01	17	13906	卖盘
11:18:55	8.17	--	66	53922	卖盘
11:18:45	8.17	-0.01	70	57190	卖盘
11:18:40	8.18	-0.01	38	31084	中性盘
11:18:35	8.19	0.01	1838	1505322	买盘
11:18:30	8.18	--	84	68712	卖盘
11:18:25	8.18	-0.01	93	76074	卖盘
11:18:10	8.19	0.01	133	108927	买盘
11:18:00	8.18	-0.01	69	56442	卖盘
11:17:55	8.19	0.01	100	81900	买盘
11:17:50	8.18	--	139	113702	卖盘
11:17:45	8.18	--	293	239674	卖盘
11:17:40	8.18	--	100	81800	卖盘
11:17:30	8.18	--	16	13088	卖盘
11:17:24	8.18	--	149	121882	卖盘
11:17:20	8.18	--	25	20450	卖盘
11:17:15	8.18	-0.01	401	328018	卖盘
11:17:09	8.19	0.01	76	62243	买盘
11:17:05	8.18	-0.01	256	209408	卖盘
11:17:00	8.19	0.01	350	286650	买盘
11:16:54	8.18	-0.01	87	71166	卖盘
11:16:50	8.19	0.01	4	3276	买盘
11:16:45	8.18	--	71	58078	卖盘
11:16:39	8.18	-0.01	9	7362	卖盘
11:16:34	8.19	--	89	72891	买盘
11:16:30	8.19	0.01	139	113841	买盘
11:16:24	8.18	--	25	20450	卖盘
11:16:19	8.18	-0.01	234	191412	卖盘
11:16:15	8.19	--	21	17199	买盘
11:16:09	8.19	0.01	170	139230	买盘
11:16:04	8.18	0.01	80	65440	卖盘
11:16:00	8.17	-0.02	73	59641	卖盘
11:15:54	8.19	0.01	2005	1642095	买盘
11:15:49	8.18	--	249	203682	买盘
11:15:45	8.18	--	14	11452	买盘
11:15:39	8.18	--	214	175052	买盘
11:15:34	8.18	--	20	16360	买盘
11:15:30	8.18	0.01	11	8998	买盘
11:15:24	8.17	-0.01	111	90687	卖盘
11:15:19	8.18	0.01	47	38446	买盘
11:15:15	8.17	--	85	69445	卖盘
11:15:09	8.17	--	30	24510	卖盘
11:15:04	8.17	-0.01	81	66177	卖盘
11:15:00	8.18	0.01	8	6544	买盘
11:14:54	8.17	--	146	119282	卖盘
11:14:49	8.17	--	28	22876	卖盘
11:14:45	8.17	--	4	3268	卖盘
11:14:39	8.17	-0.01	365	298205	卖盘
11:14:34	8.18	0.01	187	152966	买盘
11:14:30	8.17	--	56	45752	卖盘
11:14:24	8.17	--	14	11438	卖盘
11:14:19	8.17	--	193	157681	买盘
11:14:09	8.17	--	246	200982	卖盘
11:14:04	8.17	0.01	48	39216	中性盘
11:14:00	8.16	-0.01	411	335376	卖盘
11:13:54	8.17	--	150	122550	卖盘
11:13:49	8.17	--	174	142158	买盘
11:13:45	8.17	--	20	16340	买盘
11:13:39	8.17	0.02	20	16340	买盘
11:13:34	8.15	-0.02	1788	1457806	卖盘
11:13:30	8.17	0.01	865	706705	买盘
11:13:24	8.16	-0.01	80	65280	卖盘
11:13:19	8.17	0.01	6	4902	买盘
11:13:15	8.16	-0.01	132	107712	卖盘
11:13:09	8.17	--	28	22876	买盘
11:13:04	8.17	--	104	84968	卖盘
11:12:59	8.17	--	55	44935	卖盘
11:12:54	8.17	0.01	12	9804	买盘
11:12:49	8.16	-0.01	96	78336	卖盘
11:12:44	8.17	0.01	25	20425	中性盘
11:12:39	8.16	-0.01	95	77520	卖盘
11:12:34	8.17	0.01	9	7353	买盘
11:12:29	8.16	-0.01	79	64464	卖盘
11:12:24	8.17	--	41	33497	买盘
11:12:19	8.17	--	116	94772	卖盘
11:12:14	8.17	--	54	44118	买盘
11:12:09	8.17	--	772	630724	买盘
11:12:04	8.17	--	61	49837	买盘
11:11:59	8.17	--	5	4085	买盘
11:11:54	8.17	--	185	151145	买盘
11:11:49	8.17	--	129	105393	买盘
11:11:39	8.17	-0.01	81	66757	卖盘
11:11:34	8.18	0.01	266	217588	买盘
11:11:29	8.17	--	138	112746	卖盘
11:11:24	8.17	--	64	52288	卖盘
11:11:19	8.17	--	48	39216	买盘
11:11:14	8.17	--	98	80066	卖盘
11:11:09	8.17	--	207	169119	卖盘
11:11:04	8.17	--	269	219773	卖盘
11:10:59	8.17	--	536	438573	买盘
11:10:54	8.17	--	38	31046	买盘
11:10:49	8.17	-0.01	3067	2505739	卖盘
11:10:44	8.18	0.01	11	8998	买盘
11:10:39	8.17	--	108	88236	卖盘
11:10:33	8.17	0.01	119	97223	买盘
11:10:29	8.16	-0.01	132	107712	卖盘
11:10:24	8.17	--	83	67811	买盘
11:10:18	8.17	--	512	418908	卖盘
11:10:14	8.17	--	66	53922	卖盘
11:10:09	8.17	--	6	4902	卖盘
11:10:03	8.17	--	101	82517	卖盘
11:09:59	8.17	-0.01	99	80883	卖盘
11:09:54	8.18	0.02	6	4908	买盘
11:09:48	8.16	-0.01	339	277382	卖盘
11:09:43	8.17	-0.01	269	219773	卖盘
11:09:39	8.18	0.01	6	4908	买盘
11:09:33	8.17	-0.01	194	158498	买盘
11:09:28	8.18	--	3179	2600422	买盘
11:09:24	8.18	0.01	91	74438	买盘
11:09:18	8.17	--	64	52288	卖盘
11:09:13	8.17	--	1822	1488574	卖盘
11:09:09	8.17	-0.01	5	4085	卖盘
11:09:03	8.18	0.01	14	11452	中性盘
11:08:58	8.17	-0.01	441	360313	卖盘
11:08:54	8.18	0.01	4	3272	买盘
11:08:48	8.17	-0.02	74	60458	卖盘
11:08:43	8.19	0.02	14	11466	买盘
11:08:39	8.17	-0.01	71	58007	卖盘
11:08:33	8.18	--	89	72802	买盘
11:08:28	8.18	--	114	93252	买盘
11:08:24	8.18	--	106	86708	买盘
11:08:18	8.18	--	581	475519	卖盘
11:08:13	8.18	--	55	44990	卖盘
11:08:09	8.18	-0.01	54	44172	卖盘
11:08:03	8.19	0.01	416	340704	买盘
11:07:58	8.18	--	102	83436	卖盘
11:07:54	8.18	-0.01	128	104704	卖盘
11:07:48	8.19	0.01	72	58968	买盘
11:07:43	8.18	--	76	62168	卖盘
11:07:39	8.18	--	286	234103	卖盘
11:07:33	8.18	--	162	132516	卖盘
11:07:28	8.18	-0.01	11	8998	卖盘
11:07:24	8.19	0.01	32	26208	买盘
11:07:18	8.18	--	254	207772	卖盘
11:07:13	8.18	--	248	202864	卖盘
11:07:03	8.18	--	485	396730	卖盘
11:06:58	8.18	-0.01	451	369678	卖盘
11:06:48	8.19	--	1213	993446	买盘
11:06:43	8.19	--	130	106470	买盘
11:06:39	8.19	--	87	71253	买盘
11:06:33	8.19	--	7	5733	买盘
11:06:28	8.19	--	467	382612	卖盘
11:06:24	8.19	--	69	57190	买盘
11:06:18	8.19	0.01	921	754724	买盘
11:06:13	8.18	-0.01	77	62986	卖盘
11:06:08	8.19	--	9	7371	买盘
11:06:03	8.19	-0.01	1809	1481710	卖盘
11:05:53	8.2	--	134	109879	卖盘
11:05:48	8.2	--	16	13119	卖盘
11:05:43	8.2	0.01	76	62319	中性盘
11:05:38	8.19	-0.01	326	267313	卖盘
11:05:33	8.2	--	67	54939	卖盘
11:05:28	8.2	--	1	819	卖盘
11:05:18	8.2	-0.01	122	100039	卖盘
11:05:13	8.21	0.01	43	35303	买盘
11:05:08	8.2	--	179	146780	买盘
11:05:03	8.2	-0.01	69	56579	中性盘
11:04:58	8.21	0.01	487	400188	买盘
11:04:53	8.2	--	6	4920	卖盘
11:04:48	8.2	-0.01	115	94299	卖盘
11:04:43	8.21	0.02	15	12315	买盘
11:04:38	8.19	--	0	0	卖盘
11:04:33	8.19	--	155	126944	卖盘
11:04:28	8.19	--	73	59787	卖盘
11:04:23	8.19	0.01	20	16379	卖盘
11:04:18	8.18	--	1407	1151114	卖盘
11:04:13	8.18	-0.01	122	100049	卖盘
11:04:08	8.19	--	160	131039	买盘
11:04:03	8.19	--	105	85995	买盘
11:03:57	8.19	--	43	35217	买盘
11:03:53	8.19	--	92	75348	买盘
11:03:48	8.19	--	61	49959	买盘
11:03:42	8.19	-0.02	443	363382	卖盘
11:03:38	8.21	0.02	167	137107	买盘
11:03:33	8.19	-0.01	256	210098	卖盘
11:03:27	8.2	-0.01	84	68880	卖盘
11:03:23	8.21	0.01	144	118224	买盘
11:03:18	8.2	--	33	27059	卖盘
11:03:12	8.2	0.01	22	18040	买盘
11:03:08	8.19	-0.02	78	63881	卖盘
11:03:03	8.21	0.01	10	8210	买盘
11:02:57	8.2	--	336	275716	卖盘
11:02:52	8.2	0.01	32	26239	卖盘
11:02:48	8.19	-0.02	72	58968	卖盘
11:02:42	8.21	0.02	1	821	买盘
11:02:37	8.19	-0.01	94	76986	卖盘
11:02:27	8.2	0.01	6	4920	中性盘
11:02:22	8.19	-0.01	147	120392	卖盘
11:02:18	8.2	--	337	276651	买盘
11:02:12	8.2	--	91	74620	买盘
11:02:07	8.2	--	130	106599	卖盘
11:02:03	8.2	-0.01	76	62319	卖盘
11:01:57	8.21	0.01	279	229059	买盘
11:01:52	8.2	--	73	59859	卖盘
11:01:42	8.2	0.01	77	63139	中性盘
11:01:37	8.19	-0.02	267	218877	卖盘
11:01:33	8.21	0.02	6	4926	买盘
11:01:27	8.19	--	188	153972	卖盘
11:01:22	8.19	-0.01	70	57330	卖盘
11:01:18	8.2	--	567	464939	买盘
11:01:12	8.2	0.01	62	50839	买盘
11:01:07	8.19	--	72	58968	卖盘
11:01:03	8.19	--	123	100737	卖盘
11:00:57	8.19	--	391	320482	卖盘
11:00:52	8.19	--	159	130220	卖盘
11:00:48	8.19	--	1	819	卖盘
11:00:42	8.19	--	127	104013	卖盘
11:00:37	8.19	--	69	56511	卖盘
11:00:33	8.19	--	8	6552	卖盘
11:00:27	8.19	-0.01	152	124487	卖盘
11:00:22	8.2	--	106	86919	买盘
11:00:18	8.2	--	20	16400	买盘
11:00:12	8.2	--	83	68060	买盘
11:00:07	8.2	--	15	12299	买盘
11:00:03	8.2	--	418	342759	卖盘
10:59:57	8.2	--	10	8200	卖盘
10:59:52	8.2	--	77	63139	卖盘
10:59:48	8.2	-0.01	21	17220	卖盘
10:59:42	8.21	0.01	28	22988	买盘
10:59:37	8.2	-0.01	94	77080	卖盘
10:59:33	8.21	0.01	19	15599	买盘
10:59:27	8.2	-0.01	71	58219	卖盘
10:59:22	8.21	0.01	51	41871	买盘
10:59:17	8.2	--	69	56579	卖盘
10:59:12	8.2	--	94	77080	卖盘
10:59:07	8.2	--	116	95119	卖盘
10:59:02	8.2	--	65	53299	卖盘
10:58:57	8.2	--	71	58219	卖盘
10:58:47	8.2	--	3	2460	卖盘
10:58:42	8.2	--	87	71340	卖盘
10:58:32	8.2	--	66	54119	卖盘
10:58:22	8.2	--	79	64779	卖盘
10:58:17	8.2	-0.01	66	54119	卖盘
10:58:12	8.21	--	160	131360	买盘
10:58:07	8.21	0.01	30	24630	买盘
10:57:57	8.2	--	66	54119	卖盘
10:57:52	8.2	--	150	122999	卖盘
10:57:47	8.2	-0.02	96	78720	卖盘
10:57:42	8.22	0.02	108	88776	买盘
10:57:37	8.2	--	76	62319	卖盘
10:57:27	8.2	--	84	68880	卖盘
10:57:22	8.2	--	35	28699	卖盘
10:57:17	8.2	--	82	67240	卖盘
10:57:12	8.2	--	32	26239	卖盘
10:57:06	8.2	--	241	197619	卖盘
10:57:02	8.2	-0.01	24	19680	卖盘
10:56:57	8.21	0.01	10	8210	买盘
10:56:51	8.2	--	66	54119	卖盘
10:56:47	8.2	--	39	31979	卖盘
10:56:42	8.2	--	75	61499	卖盘
10:56:36	8.2	--	8	6559	卖盘
10:56:32	8.2	--	77	63139	卖盘
10:56:27	8.2	--	63	51659	卖盘
10:56:21	8.2	-0.01	215	176299	卖盘
10:56:16	8.21	--	76	62396	买盘
10:56:12	8.21	--	80	65680	买盘
10:56:06	8.21	0.01	33	27093	买盘
10:56:01	8.2	-0.01	74	60679	卖盘
10:55:57	8.21	--	30	24630	买盘
10:55:51	8.21	0.01	7	5747	买盘
10:55:46	8.2	--	174	142680	卖盘
10:55:42	8.2	-0.01	12	9840	卖盘
10:55:36	8.21	--	162	133002	买盘
10:55:31	8.21	0.01	3	2463	买盘
10:55:27	8.2	-0.01	67	54939	卖盘
10:55:16	8.21	0.01	92	75532	买盘
10:55:06	8.2	--	70	57399	卖盘
10:55:01	8.2	-0.01	105	86099	卖盘
10:54:57	8.21	0.01	5	4105	买盘
10:54:51	8.2	--	259	212379	卖盘
10:54:46	8.2	--	155	127099	卖盘
10:54:42	8.2	--	65	53299	卖盘
10:54:36	8.2	--	8	6559	卖盘
10:54:31	8.2	-0.01	132	108239	卖盘
10:54:21	8.21	0.01	78	64038	买盘
10:54:12	8.2	--	1	819	卖盘
10:54:06	8.2	-0.02	123	100859	卖盘
10:54:01	8.22	0.02	13	10686	买盘
10:53:57	8.2	--	72	59039	卖盘
10:53:51	8.2	--	11	9020	卖盘
10:53:46	8.2	-0.01	74	60679	卖盘
10:53:42	8.21	--	23	18883	买盘
10:53:36	8.21	--	70	57470	买盘
10:53:31	8.21	--	3	2463	买盘
10:53:26	8.21	0.01	1	821	买盘
10:53:21	8.2	-0.01	72	59039	卖盘
10:53:16	8.21	--	167	137107	买盘
10:53:12	8.21	--	13	10673	买盘
10:53:06	8.21	--	5	4105	买盘
10:53:01	8.21	--	79	64859	买盘
10:52:57	8.21	--	314	257794	卖盘
10:52:51	8.21	--	72	59112	卖盘
10:52:41	8.21	-0.01	67	55007	卖盘
10:52:36	8.22	0.01	47	38634	买盘
10:52:31	8.21	--	75	61575	卖盘
10:52:16	8.21	-0.01	74	60754	卖盘
10:52:11	8.22	0.01	68	55896	中性盘
10:52:06	8.21	-0.01	124	101804	卖盘
10:52:01	8.22	0.01	91	74802	卖盘
10:51:56	8.21	-0.01	75	61575	卖盘
10:51:51	8.22	0.01	1	822	卖盘
10:51:46	8.21	-0.01	79	64859	卖盘
10:51:41	8.22	0.01	10	8220	卖盘
10:51:36	8.21	-0.01	66	54186	卖盘
10:51:31	8.22	0.01	139	114258	买盘
10:51:26	8.21	-0.01	12	9852	卖盘
10:51:21	8.22	--	72	59184	买盘
10:51:16	8.22	0.01	10	8220	买盘
10:51:11	8.21	--	96	78816	卖盘
10:51:06	8.21	--	8	6568	卖盘
10:51:01	8.21	--	74	60754	卖盘
10:50:56	8.21	--	53	43513	卖盘
10:50:51	8.21	-0.02	70	57470	卖盘
10:50:46	8.23	0.02	324	266652	买盘
10:50:36	8.21	-0.02	70	57470	卖盘
10:50:30	8.23	0.02	204	167892	买盘
10:50:26	8.21	--	48	39408	买盘
10:50:21	8.21	0.01	49	40229	中性盘
10:50:15	8.2	-0.01	141	115619	卖盘
10:50:11	8.21	--	18	14778	买盘
10:50:06	8.21	-0.02	94	77174	卖盘
10:50:00	8.23	0.01	22	18106	买盘
10:49:56	8.22	--	140	115080	卖盘
10:49:45	8.22	--	74	60828	卖盘
10:49:40	8.22	--	5	4110	买盘
10:49:36	8.22	0.02	1	822	买盘
10:49:30	8.2	--	69	56579	卖盘
10:49:25	8.2	-0.01	195	159900	卖盘
10:49:15	8.21	-0.01	16	13136	中性盘
10:49:10	8.22	0.01	130	106860	买盘
10:49:06	8.21	--	40	32840	卖盘
10:49:00	8.21	-0.01	74	60754	卖盘
10:48:51	8.22	0.01	238	195636	买盘
10:48:45	8.21	0.01	19	15599	买盘
10:48:40	8.2	-0.01	389	318980	卖盘
10:48:36	8.21	0.01	138	113298	买盘
10:48:30	8.2	-0.01	10	8200	卖盘
10:48:25	8.21	--	176	144496	买盘
10:48:21	8.21	0.01	14	11494	买盘
10:48:15	8.2	--	73	59859	卖盘
10:48:10	8.2	--	13	10659	卖盘
10:48:06	8.2	--	77	63139	卖盘
10:48:00	8.2	--	24	19680	卖盘
10:47:55	8.2	-0.02	74	60679	卖盘
10:47:51	8.22	--	0	0	买盘
10:47:45	8.22	0.01	100	82200	买盘
10:47:40	8.21	-0.01	52	42692	卖盘
10:47:36	8.22	--	0	0	买盘
10:47:30	8.22	--	134	110148	买盘
10:47:25	8.22	0.01	45	36990	买盘
10:47:21	8.21	--	76	62396	卖盘
10:47:10	8.21	--	64	52544	卖盘
10:47:00	8.21	--	104	85384	买盘
10:46:55	8.21	0.01	54	44334	买盘
10:46:51	8.2	--	2	1639	卖盘
10:46:45	8.2	-0.01	188	154160	卖盘
10:46:40	8.21	--	77	63217	卖盘
10:46:35	8.21	--	111	91131	买盘
10:46:30	8.21	0.01	255	209355	买盘
10:46:25	8.2	-0.01	197	161540	卖盘
10:46:21	8.21	0.01	82	67322	买盘
10:46:15	8.2	-0.01	138	113159	卖盘
10:46:10	8.21	0.01	26	21346	买盘
10:46:05	8.2	-0.01	71	58219	卖盘
10:46:00	8.21	0.01	7	5747	买盘
10:45:55	8.2	-0.01	86	70520	卖盘
10:45:45	8.21	0.01	73	59933	买盘
10:45:40	8.2	-0.01	157	128739	卖盘
10:45:30	8.21	0.01	187	153527	买盘
10:45:25	8.2	--	94	77080	卖盘
10:45:20	8.2	-0.01	177	145140	卖盘
10:45:15	8.21	0.01	20	16420	买盘
10:45:10	8.2	--	78	63959	卖盘
10:45:05	8.2	--	20	16400	卖盘
10:45:00	8.2	--	158	129559	卖盘
10:44:55	8.2	--	56	45919	卖盘
10:44:45	8.2	--	110	90199	卖盘
10:44:40	8.2	0.01	553	453459	买盘
10:44:35	8.19	-0.01	121	99590	卖盘
10:44:30	8.2	0.01	43	35260	买盘
10:44:25	8.19	-0.01	277	226863	卖盘
10:44:15	8.2	0.02	141	115619	买盘
10:44:10	8.18	-0.01	58	47444	卖盘
10:44:05	8.19	0.01	5	4094	中性盘
10:44:00	8.18	-0.01	173	141514	卖盘
10:43:54	8.19	-0.01	107	87633	卖盘
10:43:50	8.2	0.01	40	32800	买盘
10:43:45	8.19	--	65	53235	买盘
10:43:39	8.19	--	132	108108	买盘
10:43:35	8.19	0.01	125	102375	买盘
10:43:30	8.18	--	99	80982	卖盘
10:43:24	8.18	--	48	39264	卖盘
10:43:20	8.18	-0.02	71	58078	卖盘
10:43:09	8.2	--	102	83640	买盘
10:43:04	8.2	0.01	18	14759	买盘
10:42:54	8.19	0.01	79	64700	买盘
10:42:49	8.18	-0.01	208	170144	卖盘
10:42:45	8.19	--	1	819	卖盘
10:42:39	8.19	--	1	819	卖盘
10:42:34	8.19	--	138	113022	卖盘
10:42:30	8.19	--	30	24570	卖盘
10:42:24	8.19	--	68	55692	卖盘
10:42:19	8.19	--	14	11466	买盘
10:42:15	8.19	--	134	109746	买盘
10:42:09	8.19	--	28	22932	卖盘
10:42:04	8.19	--	202	165438	卖盘
10:41:54	8.19	--	28	22932	卖盘
10:41:49	8.19	--	160	131039	买盘
10:41:45	8.19	0.01	25	20475	买盘
10:41:39	8.18	--	89	72802	卖盘
10:41:34	8.18	--	86	70348	卖盘
10:41:30	8.18	--	71	58078	卖盘
10:41:24	8.18	--	80	65440	卖盘
10:41:19	8.18	-0.01	149	121882	卖盘
10:41:15	8.19	0.01	10	8189	买盘
10:41:09	8.18	--	63	51534	卖盘
10:41:04	8.18	--	3	2454	卖盘
10:40:54	8.18	-0.01	113	92434	卖盘
10:40:49	8.19	0.01	71	58149	买盘
10:40:45	8.18	-0.02	118	96524	卖盘
10:40:39	8.2	0.02	25	20500	买盘
10:40:34	8.18	-0.01	69	56442	卖盘
10:40:30	8.19	--	36	29484	卖盘
10:40:24	8.19	-0.01	203	166257	卖盘
10:40:19	8.2	0.01	11	9020	买盘
10:40:15	8.19	-0.01	507	415233	卖盘
10:40:09	8.2	--	195	159900	买盘
10:40:04	8.2	0.01	110	90199	买盘
10:40:00	8.19	-0.01	89	72891	卖盘
10:39:54	8.2	0.01	81	66420	买盘
10:39:49	8.19	--	254	208026	卖盘
10:39:44	8.19	--	30	24570	卖盘
10:39:39	8.19	--	149	122030	卖盘
10:39:34	8.19	--	17	13923	卖盘
10:39:29	8.19	--	94	76986	卖盘
10:39:24	8.19	--	104	85176	卖盘
10:39:19	8.19	0.02	1032	845208	买盘
10:39:14	8.17	-0.01	75	61275	卖盘
10:39:09	8.18	0.01	81	66258	买盘
10:39:04	8.17	-0.01	282	230394	卖盘
10:38:59	8.18	--	34	27812	买盘
10:38:54	8.18	--	352	287936	买盘
10:38:49	8.18	--	526	430268	卖盘
10:38:44	8.18	--	78	63804	卖盘
10:38:39	8.18	-0.01	44	35992	卖盘
10:38:34	8.19	0.01	851	696969	买盘
10:38:29	8.18	--	48	39264	卖盘
10:38:24	8.18	-0.01	383	313294	卖盘
10:38:09	8.19	0.01	135	110565	买盘
10:38:04	8.18	--	105	85890	卖盘
10:37:59	8.18	-0.01	71	58078	卖盘
10:37:54	8.19	0.01	4	3276	买盘
10:37:49	8.18	--	118	96524	卖盘
10:37:44	8.18	--	7	5726	卖盘
10:37:39	8.18	--	87	71166	卖盘
10:37:33	8.18	--	77	62986	卖盘
10:37:29	8.18	--	10	8180	卖盘
10:37:24	8.18	-0.01	64	52352	卖盘
10:37:18	8.19	0.01	2097	1717443	买盘
10:37:14	8.18	-0.01	111	90798	卖盘
10:37:09	8.19	0.01	22	18018	买盘
10:37:03	8.18	-0.01	74	60532	卖盘
10:36:59	8.19	0.01	106	86814	中性盘
10:36:54	8.18	-0.01	114	93252	卖盘
10:36:48	8.19	--	25	20475	卖盘
10:36:43	8.19	--	323	264537	卖盘
10:36:39	8.19	--	1	819	卖盘
10:36:33	8.19	--	478	391482	卖盘
10:36:28	8.19	--	158	129401	卖盘
10:36:18	8.19	--	305	249794	卖盘
10:36:13	8.19	--	331	271089	卖盘
10:36:09	8.19	--	68	55692	卖盘
10:36:03	8.19	-0.01	43	35217	卖盘
10:35:58	8.2	0.01	187	153340	买盘
10:35:54	8.19	--	35	28665	卖盘
10:35:48	8.19	--	84	68796	卖盘
10:35:43	8.19	-0.01	21	17199	卖盘
10:35:39	8.2	0.01	10	8200	买盘
10:35:33	8.19	--	111	90909	卖盘
10:35:28	8.19	--	91	74529	卖盘
10:35:24	8.19	-0.01	50	40950	卖盘
10:35:18	8.2	--	576	472319	买盘
10:35:13	8.2	0.01	264	216479	买盘
10:35:09	8.19	-0.01	4	3276	卖盘
10:35:03	8.2	--	82	67240	买盘
10:34:58	8.2	0.01	300	245999	买盘
10:34:54	8.19	-0.01	72	58968	卖盘
10:34:48	8.2	--	10	8200	买盘
10:34:43	8.2	--	434	355879	买盘
10:34:39	8.2	0.01	10	8200	买盘
10:34:33	8.19	--	77	63062	卖盘
10:34:28	8.19	--	58	47502	卖盘
10:34:18	8.19	-0.01	191	156429	卖盘
10:34:13	8.2	0.01	4	3279	买盘
10:34:08	8.19	-0.02	88	72072	卖盘
10:34:03	8.21	0.01	12	9852	买盘
10:33:58	8.2	--	206	168919	买盘
10:33:54	8.2	0.01	82	67240	买盘
10:33:48	8.19	--	79	64700	卖盘
10:33:43	8.19	--	13	10647	卖盘
10:33:38	8.19	--	2	1638	卖盘
10:33:33	8.19	--	173	141687	卖盘
10:33:28	8.19	--	0	0	卖盘
10:33:23	8.19	--	160	131039	卖盘
10:33:18	8.19	--	35	28665	卖盘
10:33:13	8.19	-0.01	118	96642	卖盘
10:33:08	8.2	0.01	28	22959	买盘
10:33:03	8.19	--	125	102375	卖盘
10:32:58	8.19	-0.01	2	1638	卖盘
10:32:53	8.2	0.01	30	24599	买盘
10:32:48	8.19	--	168	137592	卖盘
10:32:43	8.19	-0.01	165	135135	卖盘
10:32:33	8.2	0.01	64	52479	中性盘
10:32:28	8.19	-0.01	74	60605	卖盘
10:32:23	8.2	-0.01	14	11479	卖盘
10:32:18	8.21	--	121	99341	买盘
10:32:13	8.21	--	24	19704	买盘
10:32:08	8.21	0.01	220	180620	买盘
10:32:03	8.2	0.01	31	25419	买盘
10:31:58	8.19	--	142	116298	卖盘
10:31:53	8.19	-0.01	2	1638	卖盘
10:31:48	8.2	--	19	15579	买盘
10:31:43	8.2	0.02	587	481339	买盘
10:31:33	8.18	-0.02	68	55624	卖盘
10:31:28	8.2	--	31	25419	买盘
10:31:23	8.2	0.01	107	87739	买盘
10:31:18	8.19	--	1	819	卖盘
10:31:13	8.19	-0.01	145	118755	卖盘
10:31:08	8.2	0.01	1	819	中性盘
10:31:03	8.19	-0.01	1578	1292382	卖盘
10:30:57	8.2	--	34	27879	卖盘
10:30:53	8.2	0.01	15	12299	买盘
10:30:48	8.19	-0.01	412	337428	卖盘
10:30:42	8.2	0.01	24	19680	买盘
10:30:38	8.19	-0.01	91	74529	卖盘
10:30:33	8.2	0.01	31	25419	卖盘
10:30:27	8.19	-0.01	87	71253	卖盘
10:30:23	8.2	0.01	13	10659	卖盘
10:30:18	8.19	-0.01	81	66339	卖盘
10:30:12	8.2	--	23	18860	买盘
10:30:07	8.2	--	98	80360	买盘
10:30:03	8.2	--	9	7379	卖盘
10:29:57	8.2	--	93	76260	卖盘
10:29:52	8.2	--	26	21319	卖盘
10:29:48	8.2	--	16	13119	卖盘
10:29:42	8.2	--	400	328000	买盘
10:29:37	8.2	0.01	181	148420	买盘
10:29:33	8.19	-0.01	66	54054	卖盘
10:29:27	8.2	0.01	74	60679	买盘
10:29:22	8.19	--	66	54054	卖盘
10:29:18	8.19	-0.01	503	411957	卖盘
10:29:12	8.2	0.01	146	119719	买盘
10:29:07	8.19	-0.01	55	45045	卖盘
10:29:03	8.2	0.01	237	194339	买盘
10:28:57	8.19	-0.01	150	122849	卖盘
10:28:52	8.2	0.01	81	66420	买盘
10:28:48	8.19	-0.01	336	275184	卖盘
10:28:42	8.2	0.01	10	8200	中性盘
10:28:37	8.19	-0.01	566	463554	卖盘
10:28:33	8.2	0.01	6	4920	买盘
10:28:27	8.19	-0.01	88	72072	卖盘
10:28:22	8.2	--	23	18860	买盘
10:28:18	8.2	-0.01	293	240259	卖盘
10:28:07	8.21	0.01	81	66501	中性盘
10:28:03	8.2	--	1	819	卖盘
10:27:57	8.2	-0.01	37	30339	卖盘
10:27:52	8.21	--	105	86205	卖盘
10:27:48	8.21	--	36	29556	卖盘
10:27:42	8.21	0.01	262	215102	买盘
10:27:37	8.2	0.01	46	37720	买盘
10:27:33	8.19	-0.02	162	132678	卖盘
10:27:27	8.21	0.01	16	13136	买盘
10:27:22	8.2	--	102	83640	买盘
10:27:18	8.2	0.01	32	26239	卖盘
10:27:12	8.19	-0.01	1065	872235	卖盘
10:27:07	8.2	-0.01	63	51659	卖盘
10:27:02	8.21	0.01	15	12315	买盘
10:26:57	8.2	-0.01	88	72160	卖盘
10:26:52	8.21	0.01	66	54186	买盘
10:26:47	8.2	-0.01	72	59039	卖盘
10:26:42	8.21	--	12	9852	买盘
10:26:37	8.21	0.01	125	102625	买盘
10:26:32	8.2	--	14	11479	卖盘
10:26:27	8.2	-0.01	341	279620	卖盘
10:26:22	8.21	--	101	82921	买盘
10:26:17	8.21	-0.01	12	9852	买盘
10:26:12	8.22	0.01	2074	1704828	买盘
10:26:07	8.21	-0.01	278	228238	卖盘
10:26:02	8.22	0.01	50	41100	买盘
10:25:57	8.21	-0.01	552	453192	卖盘
10:25:52	8.22	0.01	141	115902	买盘
10:25:47	8.21	-0.01	8	6568	卖盘
10:25:42	8.22	0.01	94	77268	买盘
10:25:37	8.21	--	93	76353	卖盘
10:25:32	8.21	-0.01	80	65680	卖盘
10:25:27	8.22	--	238	195636	卖盘
10:25:22	8.22	-0.01	604	496488	卖盘
10:25:17	8.23	--	49	40327	买盘
10:25:12	8.23	0.01	107	88061	买盘
10:25:07	8.22	--	94	77268	卖盘
10:25:02	8.22	--	126	103572	卖盘
10:24:57	8.22	-0.01	77	63294	卖盘
10:24:52	8.23	0.01	72	59256	买盘
10:24:47	8.22	-0.01	129	106038	卖盘
10:24:42	8.23	--	81	66663	卖盘
10:24:37	8.23	--	112	92176	卖盘
10:24:27	8.23	--	98	80654	卖盘
10:24:21	8.23	--	358	294634	买盘
10:24:17	8.23	0.01	6	4938	买盘
10:24:12	8.22	-0.01	166	136452	卖盘
10:24:06	8.23	0.01	15	12345	买盘
10:24:02	8.22	--	264	217008	卖盘
10:23:57	8.22	--	1	822	卖盘
10:23:51	8.22	0.01	662	544164	买盘
10:23:47	8.21	--	73	59933	卖盘
10:23:42	8.21	--	66	54186	卖盘
10:23:36	8.21	--	150	123150	卖盘
10:23:31	8.21	--	72	59112	卖盘
10:23:21	8.21	0.01	275	225775	买盘
10:23:16	8.2	-0.01	61	50019	卖盘
10:23:12	8.21	0.01	21	17241	买盘
10:23:06	8.2	--	83	68060	卖盘
10:23:01	8.2	--	51	41820	卖盘
10:22:57	8.2	-0.01	74	60679	卖盘
10:22:51	8.21	0.01	12	9852	卖盘
10:22:46	8.2	--	732	600240	卖盘
10:22:42	8.2	--	184	150880	卖盘
10:22:36	8.2	--	130	106599	卖盘
10:22:31	8.2	--	167	136940	卖盘
10:22:27	8.2	-0.01	10	8200	卖盘
10:22:21	8.21	--	145	119045	买盘
10:22:16	8.21	0.01	140	114940	买盘
10:22:06	8.2	0.01	79	64779	卖盘
10:22:01	8.19	-0.01	85	69615	卖盘
10:21:57	8.2	-0.01	66	54119	卖盘
10:21:51	8.21	--	177	145317	买盘
10:21:46	8.21	0.01	100	82100	买盘
10:21:42	8.2	--	133	109059	卖盘
10:21:31	8.2	--	155	127796	买盘
10:21:26	8.2	--	22	18040	买盘
10:21:21	8.2	--	40	32800	买盘
10:21:16	8.2	--	188	154160	买盘
10:21:12	8.2	--	16	13119	买盘
10:21:06	8.2	--	453	371459	卖盘
10:21:01	8.2	-0.01	85	69700	卖盘
10:20:56	8.21	0.01	191	156811	买盘
10:20:51	8.2	--	33	27059	卖盘
10:20:46	8.2	--	79	64779	卖盘
10:20:41	8.2	--	89	72980	卖盘
10:20:36	8.2	--	120	98399	卖盘
10:20:31	8.2	0.01	323	264860	买盘
10:20:26	8.19	-0.01	57	46683	卖盘
10:20:21	8.2	--	106	86919	买盘
10:20:16	8.2	--	128	104959	卖盘
10:20:11	8.2	--	100	82000	卖盘
10:20:06	8.2	0.01	79	64779	卖盘
10:20:01	8.19	-0.01	144	117936	卖盘
10:19:56	8.2	--	29	23779	卖盘
10:19:51	8.2	--	1039	851979	买盘
10:19:46	8.2	--	180	147600	买盘
10:19:41	8.2	0.01	156	127919	买盘
10:19:36	8.19	-0.01	283	231777	卖盘
10:19:31	8.2	0.01	213	174659	买盘
10:19:26	8.19	-0.01	382	312858	卖盘
10:19:21	8.2	0.01	11	9020	买盘
10:19:16	8.19	--	182	149058	卖盘
10:19:11	8.19	-0.01	26	21294	卖盘
10:19:06	8.2	0.01	207	169739	买盘
10:19:01	8.19	--	41	33579	卖盘
10:18:56	8.19	--	29	23751	卖盘
10:18:51	8.19	--	110	90090	卖盘
10:18:46	8.19	--	967	791973	买盘
10:18:41	8.19	--	31	25389	买盘
10:18:36	8.19	0.01	170	139230	买盘
10:18:31	8.18	--	330	269940	卖盘
10:18:26	8.18	-0.01	325	265850	卖盘
10:18:21	8.19	--	233	190827	买盘
10:18:16	8.19	0.01	265	217035	中性盘
10:18:11	8.18	-0.01	81	66258	卖盘
10:18:06	8.19	--	186	152334	买盘
10:18:01	8.19	-0.01	161	131859	卖盘
10:17:56	8.2	--	47	38540	买盘
10:17:51	8.2	--	590	483799	卖盘
10:17:46	8.2	--	132	108239	卖盘
10:17:41	8.2	0.01	1182	969239	买盘
10:17:36	8.19	-0.01	225	184275	卖盘
10:17:30	8.2	0.01	232	190239	买盘
10:17:26	8.19	-0.02	126	103194	卖盘
10:17:21	8.21	--	1535	1260235	买盘
10:17:15	8.21	--	363	298023	买盘
10:17:11	8.21	--	287	235627	买盘
10:17:06	8.21	0.01	76	62396	买盘
10:17:00	8.2	-0.01	2031	1665419	卖盘
10:16:55	8.21	0.01	102	83742	买盘
10:16:51	8.2	-0.01	49	40180	卖盘
10:16:45	8.21	0.01	66	54186	中性盘
10:16:40	8.2	-0.01	1389	1138980	卖盘
10:16:36	8.21	--	77	63217	卖盘
10:16:30	8.21	-0.01	344	282424	卖盘
10:16:25	8.22	--	76	62472	买盘
10:16:21	8.22	--	111	91242	买盘
10:16:15	8.22	--	21	17262	买盘
10:16:10	8.22	--	427	350994	买盘
10:16:06	8.22	-0.01	1628	1338873	卖盘
10:16:00	8.23	--	140	115220	买盘
10:15:55	8.23	--	72	59256	买盘
10:15:51	8.23	0.01	10	8230	中性盘
10:15:45	8.22	-0.02	98	80556	卖盘
10:15:40	8.24	0.01	23	18952	买盘
10:15:36	8.23	-0.01	65	53495	卖盘
10:15:30	8.24	0.02	130	107120	买盘
10:15:25	8.22	-0.01	144	118368	卖盘
10:15:21	8.23	--	25	20575	买盘
10:15:15	8.23	-0.01	123	101229	卖盘
10:15:10	8.24	0.01	18	14832	买盘
10:15:06	8.23	--	9	7407	卖盘
10:15:00	8.23	--	94	77362	卖盘
10:14:55	8.23	-0.01	65	53495	卖盘
10:14:51	8.24	0.02	1	824	买盘
10:14:45	8.22	--	41	33702	卖盘
10:14:40	8.22	-0.02	165	135630	卖盘
10:14:36	8.24	--	52	42848	卖盘
10:14:30	8.24	0.02	973	801752	买盘
10:14:25	8.22	-0.01	250	205500	卖盘
10:14:20	8.23	--	154	126742	卖盘
10:14:15	8.23	--	115	94645	卖盘
10:14:10	8.23	--	78	64194	卖盘
10:14:05	8.23	-0.01	21	17283	卖盘
10:14:00	8.24	0.01	101	83388	买盘
10:13:55	8.23	0.01	131	107813	中性盘
10:13:50	8.22	-0.01	37	30414	卖盘
10:13:45	8.23	0.01	67	55141	卖盘
10:13:40	8.22	--	625	513750	卖盘
10:13:35	8.22	-0.01	295	242490	卖盘
10:13:30	8.23	0.01	96	79008	买盘
10:13:25	8.22	-0.01	119	97818	卖盘
10:13:20	8.23	--	401	330023	买盘
10:13:15	8.23	--	261	214803	买盘
10:13:10	8.23	--	4	3292	买盘
10:13:05	8.23	--	19	15637	买盘
10:13:00	8.23	--	256	210688	买盘
10:12:55	8.23	0.01	600	493800	买盘
10:12:50	8.22	-0.01	136	111792	卖盘
10:12:45	8.23	-0.01	180	148140	卖盘
10:12:40	8.24	--	149	122776	卖盘
10:12:35	8.24	--	8	6592	卖盘
10:12:30	8.24	--	84	69216	卖盘
10:12:25	8.24	0.02	429	353496	买盘
10:12:20	8.22	--	87	71514	卖盘
10:12:15	8.22	-0.01	86	70692	卖盘
10:12:10	8.23	--	199	163777	卖盘
10:12:00	8.23	--	45	37035	买盘
10:11:55	8.23	0.01	333	274059	买盘
10:11:50	8.22	-0.01	29	23838	卖盘
10:11:45	8.23	0.01	97	79831	买盘
10:11:40	8.22	-0.01	5	4110	卖盘
10:11:35	8.23	-0.01	93	76539	卖盘
10:11:30	8.24	0.01	125	103000	买盘
10:11:25	8.23	--	99	81477	卖盘
10:11:20	8.23	--	27	22221	卖盘
10:11:15	8.23	0.01	39	32097	中性盘
10:11:10	8.22	--	229	188238	卖盘
10:11:05	8.22	--	26	21372	卖盘
10:11:00	8.22	-0.01	169	138918	卖盘
10:10:54	8.23	0.01	40	32920	买盘
10:10:50	8.22	-0.01	74	60828	卖盘
10:10:45	8.23	0.02	310	255130	买盘
10:10:39	8.21	-0.01	337	276677	卖盘
10:10:35	8.22	--	137	112614	买盘
10:10:30	8.22	0.01	296	243312	买盘
10:10:24	8.21	-0.02	580	476180	卖盘
10:10:19	8.23	--	1093	899539	买盘
10:10:15	8.23	--	78	64194	买盘
10:10:09	8.23	0.01	652	536596	买盘
10:10:04	8.22	-0.01	1707	1403154	卖盘
10:10:00	8.23	--	177	145671	卖盘
10:09:54	8.23	0.01	173	142379	买盘
10:09:49	8.22	-0.01	622	511284	卖盘
10:09:45	8.23	-0.01	153	125919	卖盘
10:09:39	8.24	0.02	363	299112	买盘
10:09:34	8.22	--	478	392916	卖盘
10:09:30	8.22	-0.01	98	80556	卖盘
10:09:24	8.23	--	201	165423	买盘
10:09:19	8.23	--	58	47734	买盘
10:09:15	8.23	--	46	37858	买盘
10:09:09	8.23	--	1505	1238615	卖盘
10:09:04	8.23	--	187	153901	卖盘
10:09:00	8.23	--	332	273236	卖盘
10:08:54	8.23	--	19	15637	卖盘
10:08:49	8.23	--	530	436190	卖盘
10:08:45	8.23	-0.01	231	190113	卖盘
10:08:39	8.24	0.01	190	156560	中性盘
10:08:34	8.23	--	2355	1938165	卖盘
10:08:30	8.23	--	11	9053	卖盘
10:08:24	8.23	--	398	327554	卖盘
10:08:19	8.23	--	219	180237	卖盘
10:08:15	8.23	-0.01	96	79008	卖盘
10:08:09	8.24	--	433	356792	买盘
10:08:04	8.24	--	1378	1135472	卖盘
10:07:59	8.24	-0.01	82	67568	卖盘
10:07:54	8.25	0.01	223	183975	买盘
10:07:49	8.24	-0.01	112	92288	卖盘
10:07:44	8.25	0.01	228	188100	买盘
10:07:39	8.24	-0.01	67	55208	卖盘
10:07:34	8.25	--	116	95700	买盘
10:07:29	8.25	--	414	341673	卖盘
10:07:24	8.25	--	17	14025	卖盘
10:07:19	8.25	--	117	96525	卖盘
10:07:14	8.25	-0.01	971	801075	卖盘
10:07:09	8.26	--	141	116466	卖盘
10:07:04	8.26	0.01	612	505512	买盘
10:06:59	8.25	-0.01	80	66000	卖盘
10:06:54	8.26	--	55	45430	卖盘
10:06:49	8.26	--	275	227150	卖盘
10:06:44	8.26	--	55	45430	卖盘
10:06:39	8.26	--	165	136290	卖盘
10:06:34	8.26	--	112	92512	买盘
10:06:24	8.26	--	111	91686	买盘
10:06:19	8.26	--	448	370048	卖盘
10:06:14	8.26	-0.01	93	76818	卖盘
10:06:09	8.27	--	3	2481	买盘
10:06:04	8.27	0.01	106	87662	买盘
10:05:59	8.26	--	71	58646	卖盘
10:05:54	8.26	--	149	123074	卖盘
10:05:49	8.26	--	76	62776	卖盘
10:05:44	8.26	--	1	826	卖盘
10:05:39	8.26	-0.01	100	82600	卖盘
10:05:34	8.27	--	116	95932	买盘
10:05:29	8.27	--	5	4135	买盘
10:05:24	8.27	0.01	84	69468	买盘
10:05:19	8.26	-0.01	87	71862	卖盘
10:05:14	8.27	--	174	143898	买盘
10:05:09	8.27	--	84	69468	买盘
10:05:04	8.27	0.01	36	29772	买盘
10:04:59	8.26	--	74	61124	卖盘
10:04:54	8.26	-0.01	46	37996	卖盘
10:04:49	8.27	0.01	215	177805	买盘
10:04:44	8.26	-0.01	2	1652	卖盘
10:04:39	8.27	0.01	142	117434	买盘
10:04:33	8.26	-0.01	89	73514	卖盘
10:04:24	8.27	0.01	144	119088	买盘
10:04:18	8.26	-0.01	38	31388	卖盘
10:04:14	8.27	0.01	92	76084	买盘
10:04:03	8.26	-0.01	77	63602	卖盘
10:03:58	8.27	--	23	19021	买盘
10:03:54	8.27	--	100	82700	买盘
10:03:48	8.27	--	47	38869	买盘
10:03:43	8.27	--	145	119915	买盘
10:03:38	8.27	--	54	44658	买盘
10:03:33	8.27	0.01	67	55409	买盘
10:03:28	8.26	-0.01	91	75166	卖盘
10:03:24	8.27	0.01	101	83527	买盘
10:03:18	8.26	-0.01	77	63602	卖盘
10:03:13	8.27	0.01	15	12405	买盘
10:03:09	8.26	-0.01	71	58646	卖盘
10:03:03	8.27	0.01	148	122396	买盘
10:02:58	8.26	-0.01	81	66906	卖盘
10:02:54	8.27	0.01	22	18194	买盘
10:02:48	8.26	-0.01	151	124726	卖盘
10:02:43	8.27	0.01	54	44658	买盘
10:02:39	8.26	--	64	52864	卖盘
10:02:33	8.26	--	122	100772	卖盘
10:02:28	8.26	--	102	84252	卖盘
10:02:24	8.26	-0.01	93	76818	卖盘
10:02:18	8.27	0.01	52	43004	买盘
10:02:13	8.26	-0.01	108	89208	卖盘
10:02:09	8.27	0.01	2	1654	买盘
10:02:03	8.26	--	64	52864	卖盘
10:01:58	8.26	--	14	11564	卖盘
10:01:53	8.26	--	80	66080	买盘
10:01:48	8.26	-0.01	117	96642	卖盘
10:01:43	8.27	0.01	324	267948	买盘
10:01:38	8.26	-0.01	137	113162	卖盘
10:01:33	8.27	0.01	13	10751	买盘
10:01:28	8.26	--	146	120596	卖盘
10:01:23	8.26	--	9	7434	卖盘
10:01:18	8.26	-0.01	126	104076	卖盘
10:01:13	8.27	0.01	96	79392	买盘
10:01:08	8.26	--	5	4130	卖盘
10:01:03	8.26	--	193	159418	卖盘
10:00:58	8.26	--	239	197414	卖盘
10:00:53	8.26	--	21	17346	卖盘
10:00:48	8.26	--	103	85780	买盘
10:00:43	8.26	--	26	21599	卖盘
10:00:38	8.26	--	60	50262	买盘
10:00:33	8.26	--	233	192581	卖盘
10:00:28	8.26	-0.01	228	188328	卖盘
10:00:23	8.27	0.01	122	100894	买盘
10:00:18	8.26	-0.01	98	80948	卖盘
10:00:13	8.27	--	485	401095	卖盘
10:00:08	8.27	0.01	19	15713	中性盘
10:00:03	8.26	--	540	446742	卖盘
09:59:58	8.26	-0.01	183	151158	卖盘
09:59:53	8.27	--	6	4962	买盘
09:59:48	8.27	--	850	702950	卖盘
09:59:43	8.27	--	209	172843	卖盘
09:59:38	8.27	-0.01	118	97586	卖盘
09:59:33	8.28	--	32	26495	买盘
09:59:28	8.28	--	134	110951	买盘
09:59:23	8.28	-0.01	528	437183	卖盘
09:59:18	8.29	0.01	68	56371	买盘
09:59:13	8.28	-0.01	41	33948	卖盘
09:59:08	8.29	0.01	7	5802	买盘
09:59:03	8.28	-0.02	333	275724	卖盘
09:58:58	8.3	0.01	23	19090	买盘
09:58:53	8.29	-0.01	78	64661	卖盘
09:58:48	8.3	--	260	215800	卖盘
09:58:43	8.3	--	73	60590	卖盘
09:58:38	8.3	-0.01	15	12450	卖盘
09:58:33	8.31	0.01	98	81438	买盘
09:58:27	8.3	-0.01	90	74700	卖盘
09:58:23	8.31	0.01	11	9141	买盘
09:58:18	8.3	--	66	54780	卖盘
09:58:12	8.3	--	296	245680	卖盘
09:58:08	8.3	--	221	183430	卖盘
09:58:03	8.3	--	98	81340	卖盘
09:57:57	8.3	--	191	158530	卖盘
09:57:52	8.3	-0.01	127	105410	卖盘
09:57:48	8.31	0.01	31	25761	买盘
09:57:42	8.3	--	20	16600	卖盘
09:57:37	8.3	--	77	63910	卖盘
09:57:27	8.3	-0.02	81	67230	卖盘
09:57:22	8.32	--	0	0	买盘
09:57:18	8.32	0.02	2	1664	买盘
09:57:12	8.3	--	186	154380	卖盘
09:57:07	8.3	--	76	63080	卖盘
09:57:03	8.3	-0.01	57	47310	卖盘
09:56:57	8.31	0.01	18	14958	中性盘
09:56:52	8.3	-0.02	78	64740	卖盘
09:56:42	8.32	0.02	174	144768	买盘
09:56:37	8.3	-0.02	252	209160	卖盘
09:56:33	8.32	0.02	140	116480	买盘
09:56:27	8.3	--	35	29050	卖盘
09:56:22	8.3	--	86	71380	卖盘
09:56:18	8.3	-0.02	20	16600	卖盘
09:56:12	8.32	0.02	95	79040	买盘
09:56:07	8.3	--	208	172640	买盘
09:56:03	8.3	--	71	58930	买盘
09:55:57	8.3	--	332	275560	卖盘
09:55:52	8.3	0.01	145	120350	买盘
09:55:47	8.29	-0.01	67	55542	卖盘
09:55:42	8.3	--	54	44820	买盘
09:55:37	8.3	0.01	189	156870	买盘
09:55:32	8.29	--	247	204762	卖盘
09:55:27	8.29	-0.01	307	254502	卖盘
09:55:22	8.3	0.01	407	337810	买盘
09:55:17	8.29	0.01	1	828	买盘
09:55:12	8.28	-0.01	365	302220	卖盘
09:55:07	8.29	0.01	1076	892003	中性盘
09:55:02	8.28	-0.02	84	69552	卖盘
09:54:57	8.3	0.02	58	48140	中性盘
09:54:52	8.28	-0.03	79	65411	卖盘
09:54:47	8.31	--	9	7479	买盘
09:54:42	8.31	-0.01	91	75621	买盘
09:54:37	8.32	0.04	431	358592	买盘
09:54:32	8.28	-0.02	25	20700	卖盘
09:54:27	8.3	--	100	83000	买盘
09:54:22	8.3	0.01	500	415000	买盘
09:54:17	8.29	0.01	22	18237	买盘
09:54:12	8.28	--	40	33120	卖盘
09:54:07	8.28	--	694	574632	卖盘
09:54:02	8.28	--	18	14903	卖盘
09:53:57	8.28	-0.01	354	293112	卖盘
09:53:52	8.29	0.01	26	21553	买盘
09:53:47	8.28	-0.01	76	62927	卖盘
09:53:42	8.29	--	163	135127	买盘
09:53:37	8.29	--	192	159167	卖盘
09:53:32	8.29	--	15	12434	卖盘
09:53:27	8.29	--	118	97821	卖盘
09:53:22	8.29	--	105	87044	卖盘
09:53:17	8.29	--	222	184037	卖盘
09:53:12	8.29	--	223	184866	卖盘
09:53:07	8.29	-0.01	50	41449	卖盘
09:53:02	8.3	--	578	479740	买盘
09:52:57	8.3	--	23	19090	买盘
09:52:52	8.3	-0.02	1433	1190211	卖盘
09:52:47	8.32	0.01	79	65728	买盘
09:52:42	8.31	0.01	136	113016	卖盘
09:52:37	8.3	-0.02	685	568550	卖盘
09:52:32	8.32	--	51	42432	买盘
09:52:27	8.32	-0.01	207	172224	买盘
09:52:22	8.33	0.01	891	742203	买盘
09:52:17	8.32	-0.01	93	77376	卖盘
09:52:12	8.33	0.01	81	67473	买盘
09:52:06	8.32	--	214	178048	卖盘
09:52:02	8.32	--	100	83200	卖盘
09:51:57	8.32	-0.01	128	106496	卖盘
09:51:51	8.33	0.01	123	102459	买盘
09:51:46	8.32	-0.01	87	72384	卖盘
09:51:42	8.33	--	34	28322	卖盘
09:51:36	8.33	--	159	132447	买盘
09:51:31	8.33	--	74	61642	买盘
09:51:21	8.33	--	97	80801	卖盘
09:51:16	8.33	-0.01	220	183260	卖盘
09:51:12	8.34	--	572	477048	买盘
09:51:06	8.34	--	104	86736	买盘
09:51:01	8.34	--	121	100914	买盘
09:50:57	8.34	--	5	4170	买盘
09:50:51	8.34	-0.01	625	521250	卖盘
09:50:46	8.35	--	15	12525	买盘
09:50:42	8.35	--	24	20040	买盘
09:50:36	8.35	0.01	474	395790	买盘
09:50:31	8.34	--	98	81732	卖盘
09:50:27	8.34	-0.01	21	17514	卖盘
09:50:21	8.35	0.01	65	54275	买盘
09:50:16	8.34	0.01	63	52542	买盘
09:50:12	8.33	-0.02	28	23324	卖盘
09:50:06	8.35	0.01	149	124415	买盘
09:50:01	8.34	--	171	142614	买盘
09:49:56	8.34	--	70	58380	买盘
09:49:51	8.34	-0.01	362	301908	卖盘
09:49:46	8.35	0.01	137	114395	买盘
09:49:41	8.34	-0.01	9	7506	卖盘
09:49:36	8.35	0.01	334	278890	买盘
09:49:31	8.34	--	95	79230	卖盘
09:49:26	8.34	-0.01	15	12510	卖盘
09:49:21	8.35	0.01	73	60955	买盘
09:49:16	8.34	-0.01	102	85068	卖盘
09:49:11	8.35	0.01	630	526050	买盘
09:49:06	8.34	--	289	241026	买盘
09:49:01	8.34	-0.01	77	64218	中性盘
09:48:56	8.35	0.01	70	58450	买盘
09:48:51	8.34	0.01	36	30024	中性盘
09:48:46	8.33	-0.02	437	364021	卖盘
09:48:41	8.35	--	46	38410	买盘
09:48:36	8.35	--	98	81830	买盘
09:48:31	8.35	-0.01	175	146125	卖盘
09:48:26	8.36	0.01	647	540892	买盘
09:48:21	8.35	--	315	263025	卖盘
09:48:16	8.35	-0.01	89	74315	卖盘
09:48:11	8.36	--	3	2508	买盘
09:48:06	8.36	--	102	85272	买盘
09:48:01	8.36	-0.01	938	784168	卖盘
09:47:56	8.37	--	7	5858	卖盘
09:47:51	8.37	--	852	713123	卖盘
09:47:46	8.37	--	249	208412	卖盘
09:47:41	8.37	--	125	104624	卖盘
09:47:36	8.37	0.01	206	172421	买盘
09:47:31	8.36	-0.01	621	519155	卖盘
09:47:26	8.37	--	40	33480	买盘
09:47:21	8.37	--	206	172421	买盘
09:47:16	8.37	0.01	275	230174	买盘
09:47:11	8.36	-0.02	82	68552	卖盘
09:47:06	8.38	--	2980	2497240	买盘
09:47:01	8.38	0.01	330	276540	买盘
09:46:56	8.37	-0.01	136	113831	卖盘
09:46:51	8.38	--	821	687998	买盘
09:46:46	8.38	--	293	245534	买盘
09:46:41	8.38	--	70	58660	买盘
09:46:36	8.38	0.01	493	413134	买盘
09:46:31	8.37	-0.01	51	42686	中性盘
09:46:26	8.38	--	116	97208	买盘
09:46:21	8.38	0.02	310	259780	买盘
09:46:15	8.36	-0.03	2037	1702932	卖盘
09:46:11	8.39	--	30	25170	买盘
09:46:06	8.39	0.01	600	503400	买盘
09:46:00	8.38	--	138	115644	买盘
09:45:56	8.38	0.01	53	44414	买盘
09:45:51	8.37	--	195	163214	卖盘
09:45:45	8.37	--	1033	864620	买盘
09:45:40	8.37	--	2292	1918403	买盘
09:45:36	8.37	--	85	71145	买盘
09:45:30	8.37	--	601	503036	买盘
09:45:25	8.37	0.02	1029	861272	买盘
09:45:20	8.35	-0.01	383	319805	卖盘
09:45:15	8.36	0.01	713	596068	买盘
09:45:10	8.35	--	188	156980	卖盘
09:45:05	8.35	--	422	352370	卖盘
09:45:00	8.35	-0.01	182	151970	卖盘
09:44:55	8.36	0.01	152	127071	买盘
09:44:50	8.35	--	32	26720	卖盘
09:44:45	8.35	0.01	2339	1953657	买盘
09:44:40	8.34	--	119	99246	买盘
09:44:36	8.34	0.01	134	111756	买盘
09:44:30	8.33	0.01	436	363188	买盘
09:44:25	8.32	--	3085	2566720	卖盘
09:44:20	8.32	--	193	160576	卖盘
09:44:15	8.32	-0.01	657	546624	卖盘
09:44:10	8.33	--	440	366520	买盘
09:44:00	8.33	--	778	648074	卖盘
09:43:55	8.33	--	40	33320	卖盘
09:43:50	8.33	0.01	1828	1522724	买盘
09:43:45	8.32	-0.01	54	44928	卖盘
09:43:40	8.33	0.02	202	168266	买盘
09:43:35	8.31	-0.01	710	590010	卖盘
09:43:30	8.32	-0.01	118	98176	中性盘
09:43:25	8.33	0.01	431	359023	买盘
09:43:20	8.32	--	738	614016	卖盘
09:43:15	8.32	-0.01	218	181376	卖盘
09:43:10	8.33	0.01	75	62475	买盘
09:43:05	8.32	--	31	25792	买盘
09:43:00	8.32	--	93	77376	卖盘
09:42:55	8.32	0.01	200	166400	买盘
09:42:50	8.31	-0.01	50	41550	卖盘
09:42:45	8.32	0.01	253	210496	买盘
09:42:40	8.31	--	66	54846	卖盘
09:42:35	8.31	-0.01	59	49029	卖盘
09:42:30	8.32	0.01	21	17472	中性盘
09:42:25	8.31	-0.01	133	110523	卖盘
09:42:20	8.32	0.01	8	6656	中性盘
09:42:15	8.31	--	73	60663	卖盘
09:42:10	8.31	-0.01	229	190299	卖盘
09:42:05	8.32	--	282	234624	卖盘
09:42:00	8.32	--	171	142272	卖盘
09:41:55	8.32	--	172	143104	卖盘
09:41:50	8.32	-0.01	2055	1709760	卖盘
09:41:45	8.33	0.01	94	78302	买盘
09:41:40	8.32	--	173	143936	买盘
09:41:35	8.32	0.01	58	48256	买盘
09:41:30	8.31	--	79	65649	卖盘
09:41:25	8.31	-0.01	143	118833	卖盘
09:41:20	8.32	0.01	424	352768	买盘
09:41:15	8.31	--	303	251793	卖盘
09:41:10	8.31	--	57	47367	卖盘
09:41:05	8.31	--	99	82269	卖盘
09:41:00	8.31	--	124	103044	卖盘
09:40:55	8.31	-0.01	199	165369	卖盘
09:40:50	8.32	0.01	97	80704	买盘
09:40:45	8.31	--	305	253455	卖盘
09:40:40	8.31	--	95	78945	卖盘
09:40:35	8.31	--	57	47367	卖盘
09:40:30	8.31	--	87	72297	卖盘
09:40:25	8.31	0.01	850	706350	买盘
09:40:20	8.3	-0.01	12	9960	卖盘
09:40:15	8.31	--	130	108030	卖盘
09:40:09	8.31	--	484	402204	卖盘
09:40:05	8.31	-0.01	34	28254	卖盘
09:40:00	8.32	--	146	121472	买盘
09:39:54	8.32	0.01	54	44928	买盘
09:39:49	8.31	--	101	83931	卖盘
09:39:45	8.31	-0.01	300	249300	卖盘
09:39:39	8.32	--	360	299520	买盘
09:39:34	8.32	-0.01	103	85696	中性盘
09:39:29	8.33	--	616	513128	买盘
09:39:24	8.33	0.02	327	272391	买盘
09:39:19	8.31	--	162	134622	卖盘
09:39:14	8.31	-0.02	50	41550	卖盘
09:39:09	8.33	0.01	117	97461	买盘
09:39:04	8.32	-0.01	302	251264	中性盘
09:38:59	8.33	0.02	144	119952	买盘
09:38:54	8.31	-0.02	398	330738	卖盘
09:38:49	8.33	-0.01	56	46648	卖盘
09:38:44	8.34	0.01	282	235188	买盘
09:38:39	8.33	--	427	355691	买盘
09:38:34	8.33	--	268	223244	买盘
09:38:29	8.33	--	138	114954	买盘
09:38:24	8.33	--	163	135779	买盘
09:38:19	8.33	--	440	366520	卖盘
09:38:14	8.33	-0.01	541	450653	卖盘
09:38:09	8.34	--	357	297738	买盘
09:38:04	8.34	--	238	198492	卖盘
09:37:59	8.34	--	101	84234	买盘
09:37:54	8.34	--	108	90072	卖盘
09:37:49	8.34	--	651	542934	买盘
09:37:44	8.34	--	69	57546	买盘
09:37:39	8.34	0.01	2070	1726380	买盘
09:37:34	8.33	-0.01	211	175763	卖盘
09:37:29	8.34	--	71	59214	买盘
09:37:24	8.34	0.02	451	376134	买盘
09:37:19	8.32	-0.01	365	303680	卖盘
09:37:14	8.33	--	141	117453	卖盘
09:37:09	8.33	0.01	1563	1301979	买盘
09:37:04	8.32	-0.01	353	293696	卖盘
09:36:59	8.33	--	189	157437	卖盘
09:36:54	8.33	--	466	388178	卖盘
09:36:49	8.33	0.01	120	99960	买盘
09:36:44	8.32	-0.01	1681	1398592	卖盘
09:36:39	8.33	0.01	771	642243	买盘
09:36:34	8.32	--	91	75712	卖盘
09:36:29	8.32	0.01	197	163904	买盘
09:36:24	8.31	-0.01	186	154566	卖盘
09:36:19	8.32	--	534	444288	买盘
09:36:14	8.32	--	205	170560	买盘
09:36:09	8.32	--	177	147264	买盘
09:36:04	8.32	--	209	173888	买盘
09:35:59	8.32	-0.01	484	402688	卖盘
09:35:54	8.33	0.01	328	273224	买盘
09:35:49	8.32	0.01	1157	962624	买盘
09:35:44	8.31	-0.01	10	8310	卖盘
09:35:39	8.32	0.01	90	74888	买盘
09:35:34	8.31	-0.01	229	191121	卖盘
09:35:29	8.32	--	108	89864	卖盘
09:35:24	8.32	0.02	1055	877760	买盘
09:35:19	8.3	0.02	247	205010	买盘
09:35:14	8.28	0.01	83	68724	买盘
09:35:09	8.27	--	1059	875793	卖盘
09:35:04	8.27	-0.01	426	352302	卖盘
09:34:59	8.28	0.02	287	237635	买盘
09:34:54	8.26	--	79	65254	卖盘
09:34:49	8.26	-0.01	618	510468	卖盘
09:34:44	8.27	--	173	143071	卖盘
09:34:39	8.27	--	428	353956	买盘
09:34:34	8.27	--	142	117434	买盘
09:34:29	8.27	--	135	111645	卖盘
09:34:24	8.27	0.01	97	80219	买盘
09:34:19	8.26	-0.02	85	70210	卖盘
09:34:14	8.28	0.02	194	160632	买盘
09:34:09	8.26	-0.01	70	57820	卖盘
09:34:04	8.27	0.02	175	144725	买盘
09:33:59	8.25	--	0	0	卖盘
09:33:54	8.25	-0.01	180	148500	卖盘
09:33:48	8.26	0.01	96	79296	中性盘
09:33:44	8.25	-0.01	54	44550	卖盘
09:33:39	8.26	0.01	1084	895384	买盘
09:33:33	8.25	-0.02	172	141900	卖盘
09:33:28	8.27	0.02	435	359745	买盘
09:33:23	8.25	-0.02	59	48675	卖盘
09:33:18	8.27	--	155	128185	卖盘
09:33:13	8.27	--	74	61198	卖盘
09:33:08	8.27	--	19	15713	卖盘
09:33:03	8.27	--	154	127358	买盘
09:32:58	8.27	0.03	31	25637	买盘
09:32:53	8.24	-0.03	773	636952	卖盘
09:32:48	8.27	0.01	145	119915	买盘
09:32:43	8.26	0.01	50	41300	买盘
09:32:33	8.25	--	26	21450	卖盘
09:32:28	8.25	-0.03	425	350625	卖盘
09:32:23	8.28	--	57	47195	卖盘
09:32:18	8.28	0.04	253	209483	买盘
09:32:13	8.24	--	42	34608	卖盘
09:32:08	8.24	-0.03	278	229072	卖盘
09:32:03	8.27	--	165	136455	卖盘
09:31:58	8.27	0.03	243	200961	买盘
09:31:53	8.24	--	64	52736	卖盘
09:31:48	8.24	--	198	163152	卖盘
09:31:43	8.24	--	925	762200	卖盘
09:31:38	8.24	--	20	16480	卖盘
09:31:33	8.24	0.01	135	111240	买盘
09:31:28	8.23	--	175	144025	卖盘
09:31:23	8.23	--	161	132503	卖盘
09:31:18	8.23	-0.03	25	20575	卖盘
09:31:13	8.26	0.02	352	290752	买盘
09:31:08	8.24	-0.01	72	59328	卖盘
09:31:03	8.25	-0.02	609	502425	卖盘
09:30:58	8.27	0.02	1725	1426575	买盘
09:30:53	8.25	--	1	825	卖盘
09:30:48	8.25	-0.01	187	154275	卖盘
09:30:43	8.26	--	41	33866	卖盘
09:30:38	8.26	--	55	45430	卖盘
09:30:33	8.26	--	18	14868	买盘
09:30:28	8.26	-0.02	48	39648	卖盘
09:30:18	8.28	--	66	54647	买盘
09:30:13	8.28	0.01	86	71208	买盘
09:30:08	8.27	-0.01	487	402749	卖盘
09:30:03	8.28	--	1427	1181556	卖盘
09:28:45	8.28	--	0	0	卖盘
09:25:06	8.28	8.28	476	394127	买盘
