成交时间	成交价	价格变动	成交量(手)	成交额(元)	性质
15:00:00	10.71	--	0	0	卖盘
15:00:00	10.71	--	0	0	卖盘
15:00:00	10.71	-0.01	2	2142	卖盘
14:59:58	10.72	0.01	374	400928	买盘
14:59:52	10.71	--	37	39627	卖盘
14:59:48	10.71	--	80	85680	卖盘
14:59:43	10.71	--	63	67473	卖盘
14:59:37	10.71	--	81	86751	买盘
14:59:33	10.71	--	43	46053	买盘
14:59:28	10.71	--	199	213129	买盘
14:59:22	10.71	--	232	248472	买盘
14:59:18	10.71	0.01	10	10710	买盘
14:59:13	10.7	-0.01	30	32099	卖盘
14:59:07	10.71	--	166	177786	买盘
14:59:03	10.71	0.01	45	48195	买盘
14:58:58	10.7	--	63	67410	卖盘
14:58:52	10.7	-0.01	133	142310	卖盘
14:58:43	10.71	--	213	228123	买盘
14:58:37	10.71	--	26	27846	买盘
14:58:33	10.71	--	205	219555	买盘
14:58:28	10.71	--	25	26775	买盘
14:58:22	10.71	--	103	110313	买盘
14:58:13	10.71	0.01	21	22491	买盘
14:58:03	10.7	-0.01	11	11770	卖盘
14:57:52	10.71	0.01	14	14994	买盘
14:57:48	10.7	--	10	10700	卖盘
14:57:42	10.7	-0.01	42	44940	卖盘
14:57:37	10.71	0.01	172	184212	买盘
14:57:33	10.7	-0.01	4	4280	卖盘
14:57:28	10.71	--	60	64260	买盘
14:57:22	10.71	0.01	85	91035	买盘
14:57:18	10.7	-0.01	5	5350	卖盘
14:57:13	10.71	--	30	32130	买盘
14:57:07	10.71	0.01	27	28917	买盘
14:57:03	10.7	--	5	5350	卖盘
14:56:57	10.7	--	773	827110	买盘
14:56:52	10.7	0.01	354	378780	买盘
14:56:37	10.69	0.01	795	850720	买盘
14:56:32	10.68	-0.01	41	43788	卖盘
14:56:27	10.69	--	16	17104	买盘
14:56:22	10.69	--	84	89999	卖盘
14:56:17	10.69	--	26	27794	卖盘
14:56:12	10.69	--	11	11759	卖盘
14:56:07	10.69	--	41	43829	卖盘
14:56:02	10.69	--	1	1069	卖盘
14:55:52	10.69	--	19	20311	卖盘
14:55:47	10.69	--	101	108834	买盘
14:55:42	10.69	--	400	427600	买盘
14:55:32	10.69	--	20	21380	买盘
14:55:27	10.69	--	39	41691	买盘
14:55:22	10.69	--	65	69688	卖盘
14:55:17	10.69	--	75	80175	卖盘
14:55:07	10.69	--	38	40622	卖盘
14:55:02	10.69	--	52	55588	卖盘
14:54:57	10.69	--	62	66278	卖盘
14:54:52	10.69	--	4	4276	卖盘
14:54:47	10.69	--	10	10690	卖盘
14:54:42	10.69	--	15	16035	卖盘
14:54:37	10.69	0.01	238	255287	买盘
14:54:32	10.68	-0.01	6	6408	卖盘
14:54:27	10.69	--	154	164626	买盘
14:54:22	10.69	--	8	8552	买盘
14:54:16	10.69	0.01	24	25656	买盘
14:54:12	10.68	-0.01	4	4272	卖盘
14:54:07	10.69	--	27	28863	买盘
14:54:01	10.69	--	25	26725	买盘
14:53:57	10.69	0.01	5	5345	买盘
14:53:52	10.68	--	49	52332	卖盘
14:53:46	10.68	--	2	2136	卖盘
14:53:42	10.68	--	79	84372	卖盘
14:53:37	10.68	--	7	7476	卖盘
14:53:31	10.68	--	82	87576	卖盘
14:53:27	10.68	--	20	21360	卖盘
14:53:22	10.68	--	32	34176	卖盘
14:53:16	10.68	--	121	129228	买盘
14:53:12	10.68	--	3	3204	买盘
14:53:07	10.68	0.01	10	10680	买盘
14:53:01	10.67	-0.01	6	6402	卖盘
14:52:57	10.68	0.01	37	39516	买盘
14:52:42	10.67	-0.01	41	43747	卖盘
14:52:37	10.68	0.01	147	156996	中性盘
14:52:31	10.67	-0.01	10	10670	卖盘
14:52:27	10.68	--	10	10680	卖盘
14:52:22	10.68	--	7	7476	卖盘
14:52:16	10.68	--	396	422928	卖盘
14:52:12	10.68	--	54	57672	卖盘
14:52:07	10.68	--	108	115344	卖盘
14:51:52	10.68	--	7	7476	卖盘
14:51:46	10.68	--	133	142044	卖盘
14:51:37	10.68	--	24	25632	买盘
14:51:31	10.68	--	0	0	中性盘
14:51:22	10.68	0.01	200	213600	卖盘
14:51:16	10.67	--	0	0	卖盘
14:51:12	10.67	-0.01	47	50149	卖盘
14:51:07	10.68	0.01	11	11748	买盘
14:51:01	10.67	-0.02	211	225137	卖盘
14:50:52	10.69	0.01	30	32070	买盘
14:50:46	10.68	--	21	22428	卖盘
14:50:31	10.68	--	62	66216	买盘
14:50:21	10.68	0.01	16	17088	买盘
14:50:16	10.67	-0.01	130	138710	卖盘
14:50:12	10.68	--	58	61944	买盘
14:50:06	10.68	0.01	131	139908	买盘
14:50:01	10.67	--	389	415063	卖盘
14:49:56	10.67	-0.01	48	51216	卖盘
14:49:51	10.68	0.01	336	358848	买盘
14:49:46	10.67	--	70	74690	卖盘
14:49:21	10.67	--	10	10670	卖盘
14:49:16	10.67	-0.01	20	21340	卖盘
14:48:56	10.68	0.01	216	230688	买盘
14:48:46	10.67	--	15	16005	卖盘
14:48:31	10.67	--	69	73623	卖盘
14:48:26	10.67	--	137	146179	卖盘
14:48:16	10.67	--	20	21340	卖盘
14:48:11	10.67	-0.01	2	2134	卖盘
14:48:06	10.68	0.01	160	170880	买盘
14:48:01	10.67	--	52	55484	卖盘
14:47:56	10.67	--	22	23474	卖盘
14:47:51	10.67	--	5	5335	卖盘
14:47:31	10.67	-0.01	19	20273	卖盘
14:47:21	10.68	0.01	10	10680	买盘
14:47:10	10.67	-0.01	38	40546	卖盘
14:47:06	10.68	--	3	3204	买盘
14:46:55	10.68	0.01	19	20292	买盘
14:46:46	10.67	--	25	26675	卖盘
14:46:40	10.67	-0.01	9	9603	卖盘
14:46:31	10.68	0.01	1	1068	买盘
14:46:25	10.67	--	600	640200	卖盘
14:46:16	10.67	--	2	2134	卖盘
14:46:10	10.67	-0.01	5	5335	卖盘
14:46:06	10.68	--	10	10680	买盘
14:46:01	10.68	0.01	75	80100	买盘
14:45:55	10.67	--	3	3201	卖盘
14:45:40	10.67	--	5	5335	卖盘
14:45:31	10.67	--	82	87494	买盘
14:45:25	10.67	0.01	19	20273	买盘
14:45:21	10.66	--	73	77818	卖盘
14:45:16	10.66	-0.01	29	30914	卖盘
14:45:10	10.67	0.01	34	36278	买盘
14:45:06	10.66	--	30	31980	卖盘
14:44:55	10.66	--	124	132184	卖盘
14:44:40	10.66	-0.01	6	6396	卖盘
14:44:31	10.67	0.01	97	103499	买盘
14:44:25	10.66	--	79	84214	卖盘
14:44:16	10.66	--	17	18122	卖盘
14:44:10	10.66	--	5	5330	卖盘
14:44:06	10.66	--	40	42640	卖盘
14:44:00	10.66	--	123	131118	卖盘
14:43:55	10.66	-0.02	20	21320	卖盘
14:43:51	10.68	--	8	8544	买盘
14:43:46	10.68	0.01	90	96120	买盘
14:43:40	10.67	--	72	77026	卖盘
14:43:35	10.67	-0.01	300	320100	卖盘
14:43:30	10.68	0.01	56	59808	买盘
14:43:20	10.67	--	20	21340	卖盘
14:43:15	10.67	--	20	21340	卖盘
14:43:10	10.67	--	35	37345	卖盘
14:43:05	10.67	-0.01	82	87494	卖盘
14:43:00	10.68	0.01	3	3204	买盘
14:42:55	10.67	-0.01	67	71489	卖盘
14:42:50	10.68	--	6	6408	买盘
14:42:45	10.68	0.01	17	18156	买盘
14:42:40	10.67	--	16	17072	卖盘
14:42:35	10.67	--	128	136576	卖盘
14:42:30	10.67	--	20	21340	卖盘
14:42:20	10.67	-0.01	100	106700	卖盘
14:42:05	10.68	-0.01	238	254184	卖盘
14:42:00	10.69	0.01	6	6414	买盘
14:41:55	10.68	-0.01	210	224280	卖盘
14:41:50	10.69	--	20	21380	买盘
14:41:40	10.69	0.01	98	104762	买盘
14:41:35	10.68	--	10	10680	卖盘
14:41:30	10.68	-0.01	2	2136	卖盘
14:41:25	10.69	0.01	30	32070	买盘
14:41:20	10.68	--	3	3204	卖盘
14:41:15	10.68	--	50	53400	卖盘
14:41:10	10.68	--	21	22428	卖盘
14:41:05	10.68	--	14	14952	买盘
14:41:00	10.68	--	40	42720	买盘
14:40:55	10.68	0.01	11	11748	买盘
14:40:49	10.67	-0.01	12	12804	卖盘
14:40:40	10.68	--	43	45924	买盘
14:40:25	10.68	--	66	70488	买盘
14:40:19	10.68	0.01	30	32040	买盘
14:40:15	10.67	--	1	1067	卖盘
14:40:10	10.67	--	54	57618	卖盘
14:40:04	10.67	--	19	21137	买盘
14:40:00	10.67	--	138	147246	买盘
14:39:55	10.67	0.01	13	13871	买盘
14:39:49	10.66	--	96	102336	卖盘
14:39:40	10.66	--	56	59696	卖盘
14:39:34	10.66	--	64	68224	买盘
14:39:30	10.66	--	29	30914	买盘
14:39:19	10.66	--	3	3198	买盘
14:39:10	10.66	--	225	239850	买盘
14:39:04	10.66	--	345	367770	卖盘
14:39:00	10.66	--	8	8528	买盘
14:38:55	10.66	--	13	13858	买盘
14:38:49	10.66	-0.01	225	240052	卖盘
14:38:45	10.67	0.01	32	34144	买盘
14:38:40	10.66	-0.01	161	171626	卖盘
14:38:34	10.67	0.01	320	341440	买盘
14:38:30	10.66	--	15	15990	卖盘
14:38:25	10.66	--	125	133250	卖盘
14:38:19	10.66	-0.01	9	9594	卖盘
14:38:10	10.67	0.01	325	346775	买盘
14:38:00	10.66	--	10	10660	卖盘
14:37:55	10.66	--	256	273759	买盘
14:37:45	10.66	0.01	12	12792	买盘
14:37:40	10.65	-0.02	2119	2256937	卖盘
14:37:34	10.67	--	34	36278	卖盘
14:37:30	10.67	-0.01	7	7469	卖盘
14:37:25	10.68	0.01	5	5340	买盘
14:37:19	10.67	-0.01	50	53350	卖盘
14:37:15	10.68	0.01	1	1068	卖盘
14:37:09	10.67	-0.01	621	662607	卖盘
14:36:54	10.68	--	64	68352	卖盘
14:36:49	10.68	0.01	63	67284	中性盘
14:36:45	10.67	--	101	107767	卖盘
14:36:39	10.67	--	0	0	卖盘
14:36:34	10.67	-0.03	56	59752	卖盘
14:36:29	10.7	--	104	111279	买盘
14:36:19	10.7	--	0	0	买盘
14:36:14	10.7	0.01	64	68480	买盘
14:36:09	10.69	--	0	0	买盘
14:36:04	10.69	0.02	200	213800	买盘
14:35:59	10.67	-0.01	9	10467	卖盘
14:35:54	10.68	--	620	662160	卖盘
14:35:49	10.68	-0.01	13	13884	卖盘
14:35:44	10.69	0.01	9	9621	买盘
14:35:34	10.68	-0.01	36	38448	卖盘
14:35:19	10.69	0.01	10	10690	买盘
14:35:14	10.68	-0.02	11	11748	卖盘
14:35:09	10.7	0.01	17	18190	买盘
14:35:04	10.69	--	3	3207	买盘
14:34:54	10.69	-0.01	50	53450	卖盘
14:34:49	10.7	--	9	9630	买盘
14:34:39	10.7	--	25	26750	卖盘
14:34:34	10.7	--	5	5350	卖盘
14:34:29	10.7	0.02	120	128399	买盘
14:34:24	10.68	--	0	0	卖盘
14:34:19	10.68	-0.02	579	618372	卖盘
14:34:09	10.7	0.01	220	235399	买盘
14:33:58	10.69	-0.01	10	10690	卖盘
14:33:54	10.7	--	48	51360	买盘
14:33:49	10.7	--	0	0	买盘
14:33:43	10.7	--	9	9630	买盘
14:33:34	10.7	--	38	40660	买盘
14:33:28	10.7	--	5	5350	买盘
14:33:24	10.7	-0.01	33	35310	卖盘
14:33:19	10.71	0.01	9	9639	买盘
14:33:13	10.7	0.02	187	200090	买盘
14:33:09	10.68	-0.02	11	11748	卖盘
14:33:04	10.7	--	118	126259	买盘
14:32:58	10.7	0.02	200	214000	买盘
14:32:54	10.68	-0.01	82	87576	卖盘
14:32:49	10.69	0.01	9	9621	买盘
14:32:39	10.68	--	0	0	卖盘
14:32:34	10.68	-0.01	90	96120	卖盘
14:32:28	10.69	0.01	47	50243	中性盘
14:32:24	10.68	-0.02	86	91848	卖盘
14:32:19	10.7	0.01	93	99510	买盘
14:32:09	10.69	--	437	467153	买盘
14:32:04	10.69	--	173	184937	卖盘
14:31:53	10.69	-0.01	97	103693	卖盘
14:31:49	10.7	0.01	9	9630	买盘
14:31:28	10.69	-0.01	60	64140	卖盘
14:31:23	10.7	0.01	78	83460	买盘
14:31:18	10.69	--	51	54519	卖盘
14:31:09	10.69	-0.01	1	1069	卖盘
14:31:04	10.7	0.01	8	8560	买盘
14:30:58	10.69	-0.01	31	33139	卖盘
14:30:54	10.7	--	10	10700	买盘
14:30:49	10.7	--	15	16049	买盘
14:30:43	10.7	--	89	95230	买盘
14:30:28	10.7	--	48	51360	买盘
14:30:24	10.7	--	50	53500	买盘
14:30:18	10.7	0.01	22	23540	买盘
14:30:13	10.69	-0.01	105	112245	卖盘
14:30:08	10.7	--	168	179760	买盘
14:29:58	10.7	0.01	4	4280	买盘
14:29:53	10.69	-0.01	13	13897	卖盘
14:29:48	10.7	0.01	10	10700	买盘
14:29:33	10.69	--	38	40622	卖盘
14:29:27	10.69	--	30	32070	卖盘
14:29:23	10.69	-0.01	16	17104	卖盘
14:29:13	10.7	0.01	13	13909	买盘
14:29:03	10.69	-0.01	68	72692	卖盘
14:28:58	10.7	--	20	21400	买盘
14:28:53	10.7	-0.01	15	16049	卖盘
14:28:43	10.71	--	258	276318	买盘
14:28:38	10.71	0.01	111	118881	买盘
14:28:33	10.7	--	81	86670	卖盘
14:28:28	10.7	--	37	39590	卖盘
14:28:23	10.7	-0.01	114	121979	卖盘
14:28:18	10.71	--	22	23562	买盘
14:28:08	10.71	--	453	485163	卖盘
14:28:03	10.71	--	90	96390	卖盘
14:27:57	10.71	-0.01	2	2142	卖盘
14:27:52	10.72	-0.01	215	230480	卖盘
14:27:48	10.73	--	10	10730	买盘
14:27:43	10.73	0.01	100	107300	买盘
14:27:38	10.72	--	21	22512	卖盘
14:27:32	10.72	-0.01	102	109344	卖盘
14:27:28	10.73	--	12	12876	买盘
14:27:22	10.73	--	413	443149	买盘
14:27:18	10.73	--	28	30044	买盘
14:27:13	10.73	--	96	103008	买盘
14:27:07	10.73	0.01	10	10730	买盘
14:27:03	10.72	--	66	70752	卖盘
14:26:58	10.72	-0.01	120	128640	卖盘
14:26:52	10.73	0.01	9	9657	买盘
14:26:48	10.72	-0.01	79	84688	卖盘
14:26:43	10.73	0.01	28	30044	买盘
14:26:37	10.72	--	17	18224	卖盘
14:26:33	10.72	--	176	188672	卖盘
14:26:28	10.72	-0.01	57	61104	卖盘
14:26:22	10.73	--	95	101935	买盘
14:26:18	10.73	--	0	0	买盘
14:26:13	10.73	0.01	119	127687	买盘
14:26:07	10.72	--	69	73968	买盘
14:26:03	10.72	--	26	27872	买盘
14:25:58	10.72	--	20	21440	买盘
14:25:52	10.72	0.01	233	249776	买盘
14:25:48	10.71	-0.01	75	80325	卖盘
14:25:43	10.72	--	47	50384	买盘
14:25:37	10.72	--	87	93264	买盘
14:25:32	10.72	0.01	50	53600	买盘
14:25:28	10.71	0.01	2	2142	买盘
14:25:22	10.7	-0.01	14	14979	卖盘
14:25:17	10.71	-0.01	278	297877	卖盘
14:25:13	10.72	--	300	321600	买盘
14:25:07	10.72	--	17	18224	买盘
14:25:03	10.72	0.01	5	5360	买盘
14:24:58	10.71	-0.01	17	18742	卖盘
14:24:52	10.72	--	30	32160	买盘
14:24:43	10.72	--	32	34304	买盘
14:24:37	10.72	0.04	199	213724	买盘
14:24:32	10.68	-0.01	40	42720	卖盘
14:24:28	10.69	0.01	26	27794	中性盘
14:24:22	10.68	-0.01	44	46992	卖盘
14:24:18	10.69	-0.02	26	28328	卖盘
14:24:13	10.71	0.02	18	19278	买盘
14:24:07	10.69	--	49	52381	卖盘
14:23:57	10.69	-0.01	55	58795	卖盘
14:23:52	10.7	-0.01	6	6420	卖盘
14:23:47	10.71	0.01	11	11781	买盘
14:23:43	10.7	0.02	98	105395	买盘
14:23:37	10.68	-0.01	8	8544	卖盘
14:23:32	10.69	-0.02	5	5345	买盘
14:23:27	10.71	0.03	6	6426	买盘
14:23:22	10.68	-0.01	67	71556	卖盘
14:23:17	10.69	-0.02	12	12828	卖盘
14:23:13	10.71	0.02	25	26775	买盘
14:23:06	10.69	--	12	12828	卖盘
14:23:03	10.69	--	0	0	卖盘
14:22:57	10.69	-0.02	8	8552	卖盘
14:22:52	10.71	0.02	7	7497	买盘
14:22:47	10.69	-0.01	139	148591	卖盘
14:22:42	10.7	--	10	10700	买盘
14:22:37	10.7	-0.01	182	195414	卖盘
14:22:32	10.71	0.01	100	107100	买盘
14:22:27	10.7	--	6	6420	卖盘
14:22:22	10.7	-0.01	86	92020	卖盘
14:22:17	10.71	0.01	9	9639	买盘
14:22:12	10.7	-0.01	5	5350	卖盘
14:22:07	10.71	--	7	7497	买盘
14:22:02	10.71	0.01	100	107100	买盘
14:21:57	10.7	--	40	42800	卖盘
14:21:52	10.7	--	10	10700	卖盘
14:21:47	10.7	-0.01	61	65269	卖盘
14:21:37	10.71	--	5	5355	买盘
14:21:27	10.71	0.01	23	24633	买盘
14:21:21	10.7	-0.01	100	107000	卖盘
14:21:17	10.71	--	14	14994	买盘
14:21:12	10.71	--	50	53550	买盘
14:21:07	10.71	0.01	3	3213	买盘
14:21:02	10.7	-0.01	146	156220	卖盘
14:20:46	10.71	--	9	9639	买盘
14:20:42	10.71	0.01	15	16065	买盘
14:20:37	10.7	--	4	4280	卖盘
14:20:31	10.7	-0.01	109	116629	卖盘
14:20:26	10.71	--	4	4284	买盘
14:20:21	10.71	--	128	137088	买盘
14:20:16	10.71	--	21	22491	买盘
14:20:11	10.71	--	9	9639	买盘
14:19:56	10.71	--	16	17136	买盘
14:19:46	10.71	0.01	12	12852	买盘
14:19:22	10.7	--	0	395	买盘
14:19:15	10.7	0.01	216	231119	买盘
14:19:11	10.69	--	20	21380	卖盘
14:19:07	10.69	-0.01	5	5345	卖盘
14:19:00	10.7	--	8	8560	买盘
14:18:52	10.7	--	9	9630	买盘
14:18:46	10.7	--	19	20330	买盘
14:18:42	10.7	0.01	6	6420	买盘
14:18:36	10.69	--	2	2138	卖盘
14:18:31	10.69	--	52	55588	卖盘
14:18:26	10.69	-0.01	5	5345	卖盘
14:18:21	10.7	--	2	2140	买盘
14:18:16	10.7	--	0	0	买盘
14:18:11	10.7	0.02	14	14979	买盘
14:18:07	10.68	-0.01	46	49128	卖盘
14:18:00	10.69	-0.01	4	4276	卖盘
14:17:51	10.7	--	0	0	中性盘
14:17:46	10.7	--	9	9630	买盘
14:17:30	10.7	--	120	128399	买盘
14:17:26	10.7	--	59	63129	买盘
14:17:21	10.7	--	21	22470	买盘
14:17:16	10.7	--	9	9630	买盘
14:17:06	10.7	--	247	264290	卖盘
14:17:01	10.7	--	20	21400	卖盘
14:16:52	10.7	-0.01	241	257869	卖盘
14:16:41	10.71	0.01	9	9639	买盘
14:16:30	10.7	-0.01	40	42800	卖盘
14:16:26	10.71	--	27	28917	买盘
14:16:11	10.71	0.01	9	9639	买盘
14:16:06	10.7	-0.01	2	2140	卖盘
14:15:56	10.71	--	2	2142	买盘
14:15:41	10.71	0.01	9	9639	买盘
14:15:31	10.7	--	47	50290	卖盘
14:15:26	10.7	-0.01	3	3210	卖盘
14:15:11	10.71	--	30	32130	买盘
14:14:56	10.71	--	9	9639	买盘
14:14:51	10.71	--	72	77112	买盘
14:14:41	10.71	--	12	12852	买盘
14:14:31	10.71	0.01	12	12852	买盘
14:14:26	10.7	-0.01	5	5350	卖盘
14:14:09	10.71	--	9	9639	买盘
14:13:41	10.71	--	9	9639	买盘
14:13:35	10.71	--	283	303093	卖盘
14:13:30	10.71	-0.01	23	24633	卖盘
14:13:24	10.72	--	20	21440	买盘
14:13:20	10.72	0.01	2	2144	买盘
14:13:16	10.71	-0.01	84	89964	卖盘
14:13:09	10.72	0.01	9	9648	买盘
14:12:45	10.71	0.01	154	164934	买盘
14:12:40	10.7	--	112	119839	卖盘
14:12:30	10.7	--	10	10700	卖盘
14:12:24	10.7	--	10	10700	卖盘
14:12:16	10.7	--	35	37450	买盘
14:12:09	10.7	0.02	9	9630	买盘
14:12:00	10.68	-0.02	47	50196	卖盘
14:11:54	10.7	--	115	123049	买盘
14:11:45	10.7	--	7	7489	买盘
14:11:39	10.7	0.01	20	21400	买盘
14:11:35	10.69	-0.01	60	64140	卖盘
14:11:30	10.7	--	4	4280	买盘
14:11:25	10.7	--	9	9630	买盘
14:11:09	10.7	0.01	13	13909	买盘
14:11:00	10.69	-0.01	2	2138	卖盘
14:10:54	10.7	0.01	15	16049	买盘
14:10:45	10.69	--	20	21380	卖盘
14:10:39	10.69	-0.01	10	10690	卖盘
14:10:30	10.7	0.01	30	32099	买盘
14:10:20	10.69	-0.01	9	9621	卖盘
14:10:09	10.7	0.01	9	9630	买盘
14:10:05	10.69	-0.01	100	106900	卖盘
14:10:00	10.7	0.01	5	5350	买盘
14:09:45	10.69	-0.01	2	2138	卖盘
14:09:39	10.7	0.01	10	10700	买盘
14:09:30	10.69	-0.01	10	10690	买盘
14:09:15	10.7	--	0	0	买盘
14:09:09	10.7	0.02	9	9630	买盘
14:09:05	10.68	-0.02	5	5340	卖盘
14:09:00	10.7	0.02	4	4280	买盘
14:08:54	10.68	-0.02	50	53400	卖盘
14:08:50	10.7	--	0	0	买盘
14:08:39	10.7	0.01	18	19260	买盘
14:08:35	10.69	0.01	7	7483	买盘
14:08:30	10.68	--	0	0	卖盘
14:08:24	10.68	-0.02	45	48060	卖盘
14:08:20	10.7	--	0	0	买盘
14:08:15	10.7	--	16	17120	买盘
14:08:09	10.7	0.03	33	35310	买盘
14:08:05	10.67	-0.03	2480	2646160	卖盘
14:08:00	10.7	--	300	321000	买盘
14:07:39	10.7	0.01	9	9630	买盘
14:07:33	10.69	--	243	259767	买盘
14:07:30	10.69	--	1	1069	买盘
14:07:09	10.69	--	39	41691	买盘
14:06:59	10.69	0.01	4	4276	买盘
14:06:54	10.68	--	35	37380	卖盘
14:06:48	10.68	--	30	32040	卖盘
14:06:39	10.68	--	19	20292	卖盘
14:06:33	10.68	--	130	138840	卖盘
14:06:18	10.68	--	17	18156	卖盘
14:06:09	10.68	-0.01	10	10680	卖盘
14:05:54	10.69	--	1	1069	买盘
14:05:48	10.69	--	3	3207	买盘
14:05:44	10.69	--	2	2138	买盘
14:05:39	10.69	--	9	9621	买盘
14:05:33	10.69	--	2	2138	买盘
14:05:18	10.69	--	124	132556	卖盘
14:04:54	10.69	-0.01	1	1069	卖盘
14:04:39	10.7	0.01	20	21400	买盘
14:04:33	10.69	-0.01	20	21380	卖盘
14:04:29	10.7	0.01	13	13909	买盘
14:04:24	10.69	-0.01	3	3207	卖盘
14:04:09	10.7	--	7	7489	卖盘
14:03:48	10.7	--	5	5350	买盘
14:03:44	10.7	--	11	11770	买盘
14:03:39	10.7	--	10	10700	买盘
14:03:24	10.7	0.01	34	36380	买盘
14:03:14	10.69	-0.01	2	2138	卖盘
14:03:09	10.7	--	10	10700	买盘
14:02:59	10.7	0.01	9	9630	买盘
14:02:48	10.69	--	41	43829	卖盘
14:02:39	10.69	0.02	6	6414	卖盘
14:02:29	10.67	--	0	0	卖盘
14:02:24	10.67	--	48	51216	卖盘
14:02:18	10.67	--	0	0	卖盘
14:02:14	10.67	-0.03	2207	2354869	卖盘
14:01:59	10.7	0.01	6	6420	买盘
14:01:48	10.69	-0.01	6	6414	卖盘
14:01:44	10.7	0.01	38	40660	买盘
14:01:39	10.69	--	20	21380	卖盘
14:01:33	10.69	-0.01	47	50243	卖盘
14:01:14	10.7	--	20	21400	买盘
14:01:03	10.7	--	24	25680	买盘
14:00:58	10.7	0.01	11	11770	买盘
14:00:54	10.69	-0.01	2	2138	卖盘
14:00:48	10.7	0.01	39	41730	买盘
14:00:44	10.69	-0.01	47	50243	卖盘
14:00:39	10.7	-0.01	73	78110	卖盘
14:00:33	10.71	0.01	40	42840	买盘
14:00:12	10.7	--	15	16049	买盘
14:00:03	10.7	-0.01	5	5350	买盘
13:59:57	10.71	--	0	0	买盘
13:59:48	10.71	--	25	26775	买盘
13:59:42	10.71	--	1	1071	买盘
13:59:33	10.71	0.02	3	3213	买盘
13:58:57	10.69	-0.03	125	133625	卖盘
13:58:48	10.72	--	0	0	买盘
13:58:27	10.72	0.03	2	2144	买盘
13:58:12	10.69	-0.01	47	50243	卖盘
13:58:03	10.7	--	39	41730	卖盘
13:57:57	10.7	--	44	47080	卖盘
13:57:48	10.7	-0.03	79	84530	卖盘
13:57:42	10.73	0.03	3	3219	买盘
13:57:38	10.7	-0.02	58	62059	卖盘
13:57:27	10.72	--	16	17152	卖盘
13:57:23	10.72	-0.01	17	18224	卖盘
13:57:18	10.73	0.01	1	1073	买盘
13:57:12	10.72	--	5	5360	卖盘
13:57:03	10.72	--	20	21440	卖盘
13:56:57	10.72	--	6	6432	卖盘
13:56:53	10.72	-0.01	22	23584	卖盘
13:56:48	10.73	--	65	69745	买盘
13:56:42	10.73	0.01	5	5365	买盘
13:56:33	10.72	--	3	3216	卖盘
13:56:27	10.72	--	2	2144	卖盘
13:56:23	10.72	--	342	367192	买盘
13:56:18	10.72	0.01	5	5360	买盘
13:56:12	10.71	--	35	37485	买盘
13:56:03	10.71	--	8	8568	买盘
13:55:57	10.71	--	57	61047	卖盘
13:55:53	10.71	-0.01	209	223839	卖盘
13:55:48	10.72	--	61	65392	买盘
13:55:38	10.72	--	95	101840	买盘
13:55:27	10.72	--	8	8576	买盘
13:55:18	10.72	--	51	54672	买盘
13:55:08	10.72	--	48	51456	买盘
13:54:57	10.72	0.01	1	1072	买盘
13:54:42	10.71	--	6	6426	卖盘
13:54:23	10.71	-0.01	2	2142	卖盘
13:54:18	10.72	--	0	0	买盘
13:54:12	10.72	0.01	530	568160	买盘
13:53:57	10.71	0.01	48	51408	买盘
13:53:53	10.7	-0.01	10	10700	卖盘
13:53:47	10.71	--	100	107100	买盘
13:53:42	10.71	--	4	4284	买盘
13:53:27	10.71	--	57	61047	卖盘
13:53:21	10.71	-0.01	4	4284	卖盘
13:53:18	10.72	0.01	10	10720	买盘
13:53:06	10.71	--	50	53550	卖盘
13:52:51	10.71	--	5	5355	卖盘
13:52:47	10.71	--	314	336294	买盘
13:52:42	10.71	--	102	109242	买盘
13:52:17	10.71	--	10	10710	买盘
13:52:06	10.71	--	30	32130	买盘
13:52:02	10.71	0.01	1	1071	买盘
13:51:51	10.7	-0.01	7	7489	卖盘
13:51:47	10.71	--	26	27846	买盘
13:51:36	10.71	--	48	51408	买盘
13:51:27	10.71	--	70	74970	买盘
13:51:17	10.71	0.04	119	127449	买盘
13:51:12	10.67	--	0	0	卖盘
13:51:06	10.67	-0.04	34	36278	卖盘
13:51:02	10.71	-0.01	10	10710	卖盘
13:50:57	10.72	0.05	489	524208	买盘
13:50:51	10.67	-0.03	1500	1600500	卖盘
13:50:42	10.7	--	20	21400	买盘
13:50:36	10.7	--	25	26750	买盘
13:50:27	10.7	--	5	5350	卖盘
13:50:12	10.7	-0.01	10	10700	卖盘
13:50:06	10.71	0.01	4	4284	买盘
13:50:02	10.7	0.01	5	5350	卖盘
13:49:51	10.69	--	0	0	卖盘
13:49:47	10.69	-0.02	501	535569	卖盘
13:49:21	10.71	0.01	8	8568	买盘
13:49:12	10.7	-0.01	7	7489	卖盘
13:49:06	10.71	--	5	5355	买盘
13:48:57	10.71	--	17	18207	买盘
13:48:47	10.71	--	28	29988	买盘
13:48:32	10.71	0.01	15	16065	买盘
13:48:17	10.7	--	11	11770	卖盘
13:48:06	10.7	--	50	53500	卖盘
13:48:02	10.7	--	2	2140	卖盘
13:47:47	10.7	--	45	48150	买盘
13:47:36	10.7	0.01	164	175480	买盘
13:47:30	10.69	-0.01	3	3207	卖盘
13:47:27	10.7	0.01	10	10700	买盘
13:47:21	10.69	-0.01	1	1069	卖盘
13:47:16	10.7	0.01	26	27819	买盘
13:47:06	10.69	-0.01	13	13897	卖盘
13:47:02	10.7	--	20	21400	买盘
13:46:57	10.7	--	264	282480	卖盘
13:46:45	10.7	--	10	10700	卖盘
13:46:36	10.7	--	40	42800	卖盘
13:46:30	10.7	--	10	10700	卖盘
13:46:26	10.7	--	4	4280	卖盘
13:46:21	10.7	-0.01	94	100580	卖盘
13:46:11	10.71	--	10	10710	买盘
13:46:06	10.71	0.01	10	10710	买盘
13:46:00	10.7	--	10	10700	卖盘
13:45:56	10.7	--	47	50290	卖盘
13:45:51	10.7	--	72	77040	卖盘
13:45:45	10.7	-0.01	10	10700	卖盘
13:45:36	10.71	--	54	57834	买盘
13:45:30	10.71	--	59	63189	买盘
13:45:21	10.71	--	25	26775	买盘
13:45:15	10.71	--	5	5355	买盘
13:45:11	10.71	0.01	5	5355	买盘
13:45:06	10.7	--	60	64199	卖盘
13:45:00	10.7	--	20	21400	卖盘
13:44:56	10.7	--	2	2140	卖盘
13:44:36	10.7	--	6	6420	买盘
13:44:30	10.7	--	5	5350	买盘
13:44:26	10.7	--	105	112349	买盘
13:44:21	10.7	--	20	21400	卖盘
13:44:15	10.7	--	20	21400	卖盘
13:44:06	10.7	--	202	216140	买盘
13:44:00	10.7	--	400	428000	买盘
13:43:45	10.7	--	13	13909	买盘
13:43:41	10.7	0.01	33	35310	买盘
13:43:36	10.69	--	1	1069	卖盘
13:43:30	10.69	-0.01	6	6414	卖盘
13:43:26	10.7	--	200	214000	买盘
13:43:15	10.7	--	160	171200	买盘
13:43:11	10.7	0.01	2	2140	买盘
13:43:06	10.69	--	135	144315	卖盘
13:42:45	10.69	-0.01	25	26725	卖盘
13:42:41	10.7	--	70	74900	买盘
13:42:36	10.7	--	14	14979	买盘
13:42:30	10.7	0.01	11	11770	买盘
13:42:15	10.69	0.01	20	21380	卖盘
13:41:41	10.68	--	0	0	卖盘
13:41:30	10.68	--	5	5340	卖盘
13:41:26	10.68	--	20	21360	卖盘
13:41:15	10.68	-0.01	931	994340	卖盘
13:40:56	10.69	--	41	43829	卖盘
13:40:40	10.69	--	20	21380	卖盘
13:40:20	10.69	--	20	21380	卖盘
13:40:09	10.69	-0.01	23	24587	卖盘
13:39:54	10.7	-0.01	949	1015429	卖盘
13:39:51	10.71	--	5	5355	卖盘
13:39:45	10.71	-0.01	20	21420	卖盘
13:39:24	10.72	--	5	5360	买盘
13:39:20	10.72	--	72	77184	卖盘
13:39:09	10.72	--	2	2144	卖盘
13:38:50	10.72	--	1	1072	卖盘
13:38:45	10.72	--	9	9648	卖盘
13:38:39	10.72	0.01	126	135072	买盘
13:38:35	10.71	-0.01	2	2142	卖盘
13:38:05	10.72	--	2	2144	买盘
13:37:50	10.72	--	3	3216	买盘
13:37:45	10.72	-0.01	52	55744	卖盘
13:37:39	10.73	--	3	3219	买盘
13:37:35	10.73	0.01	20	21460	买盘
13:37:20	10.72	--	20	21440	卖盘
13:37:09	10.72	--	20	21440	卖盘
13:37:05	10.72	-0.01	6	6432	卖盘
13:37:00	10.73	0.01	45	48285	买盘
13:36:54	10.72	--	57	61104	卖盘
13:36:50	10.72	--	3	3216	卖盘
13:36:45	10.72	-0.01	35	37520	卖盘
13:36:39	10.73	--	38	40774	卖盘
13:36:30	10.73	--	10	10730	卖盘
13:36:15	10.73	--	50	53650	卖盘
13:36:09	10.73	-0.01	20	21460	卖盘
13:36:00	10.74	0.01	1	1074	买盘
13:35:54	10.73	-0.01	32	34336	卖盘
13:35:50	10.74	--	5	5370	买盘
13:35:45	10.74	0.01	8	8592	买盘
13:35:35	10.73	--	11	11803	卖盘
13:35:24	10.73	--	10	10730	卖盘
13:35:20	10.73	--	30	32190	卖盘
13:35:15	10.73	--	2	2146	卖盘
13:35:05	10.73	-0.01	74	79402	卖盘
13:34:39	10.74	0.01	5	5370	买盘
13:34:30	10.73	--	5	5365	卖盘
13:34:24	10.73	--	6	6438	卖盘
13:34:20	10.73	--	4	4292	卖盘
13:34:15	10.73	--	1	1073	卖盘
13:34:09	10.73	--	10	10730	卖盘
13:34:04	10.73	--	15	16095	买盘
13:33:54	10.73	--	45	48285	卖盘
13:33:50	10.73	-0.01	265	284345	卖盘
13:33:39	10.74	--	9	9666	买盘
13:33:34	10.74	--	0	0	买盘
13:33:30	10.74	--	300	322200	买盘
13:33:09	10.74	0.01	300	322200	买盘
13:32:59	10.73	--	8	8584	卖盘
13:32:54	10.73	0.02	2	2146	买盘
13:32:39	10.71	-0.02	73	78183	卖盘
13:32:33	10.73	--	80	85840	卖盘
13:32:24	10.73	--	8	8584	卖盘
13:32:18	10.73	0.02	178	190994	买盘
13:32:14	10.71	--	56	59976	买盘
13:32:09	10.71	0.01	6	6426	买盘
13:32:03	10.7	--	0	0	卖盘
13:31:59	10.7	-0.01	400	428000	卖盘
13:31:54	10.71	--	1	1071	卖盘
13:31:48	10.71	0.01	47	50337	卖盘
13:31:39	10.7	--	0	0	卖盘
13:31:33	10.7	--	6	6420	卖盘
13:31:24	10.7	-0.03	400	428000	卖盘
13:31:18	10.73	--	5	5365	买盘
13:31:14	10.73	0.02	200	214600	买盘
13:30:54	10.71	--	47	50337	卖盘
13:30:48	10.71	0.01	30	32130	卖盘
13:30:44	10.7	--	0	0	卖盘
13:30:39	10.7	--	34	36743	买盘
13:30:33	10.7	0.01	15	16049	买盘
13:30:29	10.69	-0.01	5	5345	卖盘
13:30:24	10.7	--	100	107000	买盘
13:30:18	10.7	-0.03	655	701556	卖盘
13:30:14	10.73	--	5	5365	卖盘
13:30:09	10.73	--	36	38628	买盘
13:29:54	10.73	0.01	20	21460	买盘
13:29:39	10.72	-0.01	65	69680	卖盘
13:29:33	10.73	--	47	50431	买盘
13:29:29	10.73	-0.01	12	12876	买盘
13:29:24	10.74	0.01	25	26850	买盘
13:29:18	10.73	--	30	32190	卖盘
13:29:09	10.73	--	50	53650	卖盘
13:29:03	10.73	0.02	53	56869	买盘
13:28:59	10.71	--	0	0	卖盘
13:28:54	10.71	-0.01	369	395199	卖盘
13:28:48	10.72	-0.01	4	4288	卖盘
13:28:39	10.73	0.01	20	21460	卖盘
13:28:33	10.72	--	48	51456	卖盘
13:28:18	10.72	--	89	95408	卖盘
13:28:09	10.72	--	46	49312	卖盘
13:28:03	10.72	-0.02	8	8576	卖盘
13:27:59	10.74	--	1	1074	买盘
13:27:48	10.74	0.03	52	55848	买盘
13:27:44	10.71	-0.03	46	49266	卖盘
13:27:33	10.74	0.01	250	268500	买盘
13:27:29	10.73	0.02	28	30044	买盘
13:27:18	10.71	-0.02	5	5355	卖盘
13:27:03	10.73	0.03	5	5365	买盘
13:26:54	10.7	--	0	0	卖盘
13:26:48	10.7	-0.03	300	321000	卖盘
13:26:42	10.73	--	10	10730	卖盘
13:26:33	10.73	--	8	8584	卖盘
13:26:27	10.73	-0.01	3	3219	卖盘
13:26:18	10.74	--	36	38664	买盘
13:26:08	10.74	--	6	6444	买盘
13:26:03	10.74	--	0	0	买盘
13:25:57	10.74	0.01	100	107400	买盘
13:25:48	10.73	-0.01	43	46139	中性盘
13:25:38	10.74	0.01	1010	1084740	买盘
13:25:27	10.73	--	10	10730	卖盘
13:25:18	10.73	--	20	21460	卖盘
13:25:12	10.73	-0.01	15	16095	卖盘
13:25:08	10.74	--	100	107400	买盘
13:24:48	10.74	--	500	537000	买盘
13:24:42	10.74	0.01	100	107400	买盘
13:24:33	10.73	--	200	214600	卖盘
13:24:27	10.73	--	8	8584	卖盘
13:24:18	10.73	--	196	210672	买盘
13:24:08	10.73	0.03	51	54723	买盘
13:23:48	10.7	--	0	0	卖盘
13:23:38	10.7	-0.03	1500	1605000	卖盘
13:23:27	10.73	--	13	13949	卖盘
13:23:23	10.73	--	3	3219	卖盘
13:23:18	10.73	--	11	11803	卖盘
13:23:12	10.73	--	173	185629	买盘
13:23:03	10.73	--	5	5365	买盘
13:22:57	10.73	--	10	10730	买盘
13:22:53	10.73	--	65	69745	卖盘
13:22:42	10.73	0.01	43	46139	买盘
13:22:38	10.72	--	15	16080	卖盘
13:22:23	10.72	-0.01	1	1072	卖盘
13:22:12	10.73	--	60	64380	买盘
13:21:57	10.73	0.01	18	19314	买盘
13:21:42	10.72	--	5	5360	卖盘
13:21:38	10.72	-0.02	20	21440	卖盘
13:21:23	10.74	--	15	16110	买盘
13:20:57	10.74	0.02	50	53700	买盘
13:20:53	10.72	-0.02	38	40736	卖盘
13:20:42	10.74	--	0	0	买盘
13:20:38	10.74	0.01	300	322200	买盘
13:20:27	10.73	0.01	2	2146	中性盘
13:20:23	10.72	-0.01	95	101840	卖盘
13:20:12	10.73	--	60	64380	卖盘
13:20:06	10.73	--	620	665260	卖盘
13:19:57	10.73	--	6	6438	卖盘
13:19:51	10.73	-0.01	55	59015	卖盘
13:19:36	10.74	-0.01	15	16110	卖盘
13:19:27	10.75	0.01	8	8600	买盘
13:19:21	10.74	--	150	161100	卖盘
13:19:17	10.74	--	10	10740	卖盘
13:19:12	10.74	--	110	118140	买盘
13:19:06	10.74	--	110	118140	卖盘
13:18:57	10.74	--	29	31146	卖盘
13:18:51	10.74	--	64	68736	买盘
13:18:47	10.74	--	80	85920	卖盘
13:18:42	10.74	--	112	120288	卖盘
13:18:36	10.74	--	37	39738	卖盘
13:18:27	10.74	--	2	2148	卖盘
13:18:21	10.74	-0.01	157	168618	卖盘
13:18:12	10.75	--	79	84925	买盘
13:17:57	10.75	--	40	43000	买盘
13:17:51	10.75	--	0	0	买盘
13:17:42	10.75	0.01	335	360125	买盘
13:17:36	10.74	--	15	16110	买盘
13:17:32	10.74	--	117	125658	买盘
13:17:21	10.74	0.01	60	64440	买盘
13:17:02	10.73	-0.01	2	2146	买盘
13:16:57	10.74	--	0	0	买盘
13:16:51	10.74	--	20	21480	买盘
13:16:47	10.74	--	31	33294	买盘
13:16:42	10.74	--	0	0	买盘
13:16:32	10.74	-0.01	2	2148	买盘
13:16:27	10.75	0.01	544	584800	买盘
13:16:21	10.74	--	1266	1359684	卖盘
13:16:12	10.74	--	10	10740	卖盘
13:16:06	10.74	0.01	783	840942	买盘
13:16:02	10.73	-0.01	2	2146	买盘
13:15:57	10.74	0.05	1	1074	买盘
13:15:51	10.69	-0.02	1100	1175900	卖盘
13:15:42	10.71	-0.03	340	364140	卖盘
13:15:36	10.74	--	0	0	买盘
13:15:32	10.74	--	3	3222	买盘
13:15:21	10.74	--	22	23628	买盘
13:15:17	10.74	0.02	100	107400	买盘
13:15:12	10.72	-0.02	62	66464	卖盘
13:15:06	10.74	--	308	330792	买盘
13:15:02	10.74	--	3	3222	买盘
13:14:51	10.74	--	22	23628	买盘
13:14:47	10.74	0.02	300	322200	买盘
13:14:42	10.72	--	4	4288	卖盘
13:14:36	10.72	--	398	426656	买盘
13:14:32	10.72	-0.01	545	584240	买盘
13:14:27	10.73	--	0	0	买盘
13:14:21	10.73	0.02	503	539719	买盘
13:14:17	10.71	0.05	110	117810	买盘
13:14:02	10.66	-0.04	600	639600	卖盘
13:13:57	10.7	-0.01	1	1070	买盘
13:13:45	10.71	--	0	0	买盘
13:13:42	10.71	--	0	0	买盘
13:13:36	10.71	-0.01	3	3213	中性盘
13:13:30	10.72	--	603	646416	买盘
13:13:15	10.72	0.06	300	321600	买盘
13:13:06	10.66	--	0	0	卖盘
13:13:00	10.66	-0.04	500	533000	卖盘
13:12:56	10.7	0.04	7	7489	买盘
13:12:41	10.66	--	0	0	卖盘
13:12:36	10.66	--	0	0	卖盘
13:12:30	10.66	-0.04	600	639600	卖盘
13:12:21	10.7	0.04	10	10700	买盘
13:12:06	10.66	--	0	0	卖盘
13:12:00	10.66	--	0	0	卖盘
13:11:51	10.66	-0.04	350	373100	卖盘
13:11:45	10.7	-0.02	10	10700	卖盘
13:11:41	10.72	--	0	0	买盘
13:11:30	10.72	0.03	550	589600	买盘
13:11:26	10.69	-0.03	10	10690	卖盘
13:11:21	10.72	0.06	10	10720	买盘
13:11:06	10.66	--	0	0	卖盘
13:11:00	10.66	--	0	0	卖盘
13:10:56	10.66	-0.06	250	266500	卖盘
13:10:45	10.72	--	18	19296	卖盘
13:10:41	10.72	--	8	8576	卖盘
13:10:36	10.72	--	1030	1104160	卖盘
13:10:30	10.72	--	50	53600	买盘
13:10:26	10.72	--	0	0	中性盘
13:10:21	10.72	0.03	48	51456	买盘
13:10:11	10.69	0.01	1	1069	卖盘
13:10:06	10.68	--	0	0	卖盘
13:09:51	10.68	0.01	30	32040	中性盘
13:09:36	10.67	-0.05	700	746900	卖盘
13:09:26	10.72	0.01	128	137216	买盘
13:09:11	10.71	--	14	14994	卖盘
13:09:06	10.71	-0.01	10	10710	卖盘
13:09:00	10.72	-0.01	6	6432	买盘
13:08:51	10.73	--	0	0	买盘
13:08:45	10.73	--	0	0	买盘
13:08:41	10.73	--	137	147001	买盘
13:08:36	10.73	0.02	250	268250	买盘
13:08:30	10.71	--	23	24633	卖盘
13:08:26	10.71	-0.02	6	6426	卖盘
13:08:11	10.73	--	104	111592	买盘
13:08:06	10.73	0.01	50	53650	买盘
13:08:00	10.72	-0.01	6	6432	买盘
13:07:56	10.73	--	35	37555	买盘
13:07:51	10.73	--	3	3219	买盘
13:07:36	10.73	--	8	8584	卖盘
13:07:30	10.73	0.02	25	26825	中性盘
13:07:24	10.71	-0.01	686	734706	卖盘
13:07:15	10.72	--	291	311952	卖盘
13:07:00	10.72	--	1	1072	卖盘
13:06:54	10.72	0.01	98	105056	买盘
13:06:45	10.71	0.04	63	67473	买盘
13:06:39	10.67	--	0	0	卖盘
13:06:35	10.67	-0.04	350	373450	卖盘
13:06:30	10.71	-0.02	13	13923	买盘
13:06:20	10.73	--	0	0	买盘
13:06:09	10.73	0.05	2	2146	买盘
13:06:00	10.68	-0.05	1006	1074408	卖盘
13:05:54	10.73	--	16	17168	买盘
13:05:45	10.73	-0.01	9	9657	中性盘
13:05:39	10.74	0.01	40	42960	买盘
13:05:35	10.73	--	0	0	买盘
13:05:30	10.73	-0.01	2	2146	中性盘
13:05:24	10.74	--	0	0	买盘
13:05:20	10.74	0.06	5	5370	买盘
13:05:15	10.68	-0.06	1015	1084020	卖盘
13:05:09	10.74	--	10	10740	卖盘
13:05:05	10.74	--	40	42960	买盘
13:05:00	10.74	0.03	30	32220	买盘
13:04:54	10.71	-0.03	530	567630	卖盘
13:04:45	10.74	0.01	500	537000	买盘
13:04:39	10.73	--	32	34336	卖盘
13:04:30	10.73	--	5	5365	卖盘
13:04:24	10.73	--	91	97643	买盘
13:04:15	10.73	--	50	53650	买盘
13:04:09	10.73	--	10	10730	买盘
13:04:00	10.73	--	2	2146	买盘
13:03:54	10.73	--	506	542938	卖盘
13:03:45	10.73	--	25	26825	卖盘
13:03:30	10.73	--	14	15022	卖盘
13:03:20	10.73	--	10	10730	卖盘
13:03:15	10.73	-0.01	2	2146	卖盘
13:03:09	10.74	0.01	4	4296	买盘
13:03:05	10.73	--	5	5365	卖盘
13:02:50	10.73	-0.01	2	2146	卖盘
13:02:39	10.74	--	87	93438	卖盘
13:02:35	10.74	--	3	3222	卖盘
13:02:30	10.74	--	45	48330	卖盘
13:02:24	10.74	--	18	19332	卖盘
13:02:20	10.74	0.01	198	212652	买盘
13:02:15	10.73	-0.01	50	53650	卖盘
13:02:09	10.74	--	24	25776	买盘
13:02:05	10.74	--	7	7518	买盘
13:02:00	10.74	--	26	27924	买盘
13:01:54	10.74	--	134	143916	卖盘
13:01:50	10.74	--	58	62292	卖盘
13:01:45	10.74	-0.02	10	10740	卖盘
13:01:39	10.76	0.01	139	149564	买盘
13:01:35	10.75	0.01	221	237575	买盘
13:01:30	10.74	--	20	21480	卖盘
13:01:24	10.74	--	10	10740	卖盘
13:01:20	10.74	--	96	103104	卖盘
13:01:15	10.74	--	59	63366	卖盘
13:01:09	10.74	--	815	875310	卖盘
13:01:05	10.74	--	93	99882	卖盘
13:01:00	10.74	--	20	21480	卖盘
13:00:54	10.74	--	173	185802	卖盘
13:00:39	10.74	--	60	64440	卖盘
13:00:33	10.74	--	123	132102	买盘
13:00:18	10.74	--	530	569220	卖盘
13:00:14	10.74	--	2	2148	卖盘
13:00:09	10.74	0.01	885	950490	买盘
13:00:03	10.73	0.01	808	866984	买盘
11:30:00	10.72	--	0	0	卖盘
11:30:00	10.72	--	0	0	卖盘
11:30:00	10.72	-0.01	25	26800	卖盘
11:29:56	10.73	--	52	55796	买盘
11:29:51	10.73	--	30	32190	买盘
11:29:45	10.73	--	6	6438	买盘
11:29:41	10.73	--	40	42920	买盘
11:29:36	10.73	--	56	60088	买盘
11:29:21	10.73	0.01	5	5365	买盘
11:29:15	10.72	--	67	71824	卖盘
11:29:11	10.72	--	10	10720	卖盘
11:29:06	10.72	--	23	24656	卖盘
11:29:00	10.72	--	8	8576	卖盘
11:28:56	10.72	--	81	86832	卖盘
11:28:51	10.72	--	259	277648	买盘
11:28:45	10.72	--	450	482400	买盘
11:28:36	10.72	0.02	155	166160	买盘
11:28:30	10.7	-0.02	117	125189	卖盘
11:28:21	10.72	0.02	171	183312	买盘
11:28:15	10.7	--	444	475079	卖盘
11:28:11	10.7	0.01	112	119839	买盘
11:28:06	10.69	-0.01	13	13897	卖盘
11:28:00	10.7	--	10	10700	买盘
11:27:51	10.7	0.01	228	243959	买盘
11:27:45	10.69	-0.01	151	161419	卖盘
11:27:41	10.7	--	1	1070	买盘
11:27:30	10.7	--	18	19260	买盘
11:27:15	10.7	0.01	93	99510	中性盘
11:27:11	10.69	-0.01	123	131487	卖盘
11:27:06	10.7	--	172	184040	买盘
11:27:00	10.7	--	10	10700	买盘
11:26:51	10.7	--	270	288900	买盘
11:26:45	10.7	0.01	144	154080	买盘
11:26:36	10.69	--	9	9621	卖盘
11:26:30	10.69	--	3	3207	卖盘
11:26:21	10.69	--	65	69485	买盘
11:26:06	10.69	-0.01	178	190282	买盘
11:26:00	10.7	--	0	0	买盘
11:25:50	10.7	0.02	1000	1070000	买盘
11:25:45	10.68	0.01	120	128160	买盘
11:25:30	10.67	--	17	18139	卖盘
11:25:25	10.67	--	90	96030	卖盘
11:25:20	10.67	-0.01	50	53350	买盘
11:25:15	10.68	0.01	200	213600	买盘
11:25:05	10.67	0.01	174	185658	买盘
11:25:00	10.66	--	185	197210	买盘
11:24:40	10.66	--	320	341120	买盘
11:24:30	10.66	--	7	7462	买盘
11:24:24	10.66	--	136	144976	买盘
11:24:20	10.66	-0.01	164	174824	卖盘
11:24:15	10.67	0.01	1	1067	买盘
11:24:10	10.66	--	1	1066	卖盘
11:24:00	10.66	--	250	266500	买盘
11:23:39	10.66	--	25	26650	买盘
11:23:24	10.66	0.01	18	19188	买盘
11:23:20	10.65	--	15	15975	卖盘
11:22:54	10.65	--	120	127800	买盘
11:22:30	10.65	--	78	83070	买盘
11:22:09	10.65	0.01	23	24495	买盘
11:22:05	10.64	--	31	32984	卖盘
11:22:00	10.64	-0.01	142	151088	卖盘
11:21:54	10.65	--	51	54315	买盘
11:21:50	10.65	--	24	25560	买盘
11:21:45	10.65	--	1	1065	买盘
11:21:39	10.65	--	105	111825	买盘
11:21:35	10.65	0.01	37	39405	买盘
11:21:30	10.64	-0.01	3	3192	卖盘
11:21:24	10.65	--	31	33015	买盘
11:21:15	10.65	--	2	2130	买盘
11:20:39	10.65	--	15	15975	买盘
11:20:00	10.65	--	10	10650	买盘
11:19:34	10.65	--	6	6390	买盘
11:19:30	10.65	--	48	51120	买盘
11:19:24	10.65	0.01	4	4260	买盘
11:19:15	10.64	--	30	31920	卖盘
11:19:09	10.64	--	111	118104	卖盘
11:19:05	10.64	--	8	8512	卖盘
11:18:59	10.64	--	2	2128	卖盘
11:18:54	10.64	-0.01	51	54264	卖盘
11:18:44	10.65	0.01	24	25560	买盘
11:18:34	10.64	--	103	109592	卖盘
11:18:30	10.64	--	125	133000	卖盘
11:18:24	10.64	--	13	13832	卖盘
11:17:59	10.64	--	30	31920	卖盘
11:17:54	10.64	--	15	15960	卖盘
11:17:49	10.64	-0.01	2	2128	卖盘
11:17:44	10.65	0.01	1	1065	买盘
11:17:39	10.64	-0.01	30	31920	卖盘
11:17:29	10.65	--	20	21300	买盘
11:17:18	10.65	--	68	72420	买盘
11:17:14	10.65	--	6	6390	买盘
11:16:59	10.65	--	215	228975	卖盘
11:16:54	10.65	--	1	1065	买盘
11:16:44	10.65	--	154	164010	买盘
11:16:29	10.65	0.01	14	14910	买盘
11:15:44	10.64	0.01	299	318136	买盘
11:15:39	10.63	-0.01	1	1063	卖盘
11:15:33	10.64	--	13	13832	买盘
11:15:29	10.64	0.01	1	1064	买盘
11:15:24	10.63	--	63	66969	卖盘
11:15:18	10.63	--	156	165828	卖盘
11:15:09	10.63	--	50	53150	卖盘
11:15:03	10.63	--	100	106300	卖盘
11:14:54	10.63	--	6	6378	卖盘
11:14:44	10.63	--	110	116930	买盘
11:14:39	10.63	--	5	5315	买盘
11:14:33	10.63	--	17	18071	买盘
11:14:29	10.63	0.01	15	15945	买盘
11:14:24	10.62	-0.01	38	40356	卖盘
11:14:18	10.63	--	4	4252	买盘
11:14:14	10.63	0.01	5	5315	买盘
11:14:09	10.62	-0.01	93	98766	卖盘
11:14:03	10.63	--	3	3189	买盘
11:13:44	10.63	0.01	146	155198	买盘
11:13:39	10.62	--	8	8496	卖盘
11:13:29	10.62	--	10	10620	买盘
11:13:24	10.62	--	2	2124	买盘
11:13:18	10.62	0.01	80	84960	买盘
11:13:14	10.61	-0.01	70	74270	卖盘
11:13:09	10.62	--	5	5310	买盘
11:12:58	10.62	0.01	36	38232	买盘
11:12:54	10.61	--	1	1061	卖盘
11:12:48	10.61	--	2	2122	卖盘
11:12:39	10.61	--	1	1061	卖盘
11:12:33	10.61	--	58	61538	买盘
11:12:24	10.61	--	7	7427	买盘
11:12:08	10.61	--	1	1061	买盘
11:11:58	10.61	--	17	18037	卖盘
11:11:53	10.61	--	0	0	卖盘
11:11:48	10.61	-0.02	194	205834	卖盘
11:11:38	10.63	--	7	7441	买盘
11:11:28	10.63	--	128	136064	买盘
11:11:23	10.63	--	248	263624	卖盘
11:11:18	10.63	--	1	1063	卖盘
11:11:03	10.63	--	64	68032	卖盘
11:10:58	10.63	--	5	5315	卖盘
11:10:43	10.63	--	67	71221	买盘
11:10:38	10.63	0.03	13	13819	买盘
11:10:33	10.6	-0.03	10	10600	卖盘
11:10:27	10.63	0.02	202	214726	买盘
11:10:18	10.61	--	3	3183	卖盘
11:10:08	10.61	0.01	273	289653	买盘
11:10:03	10.6	-0.01	615	651900	卖盘
11:09:57	10.61	--	104	110344	买盘
11:09:42	10.61	--	35	37135	买盘
11:09:38	10.61	--	7	7427	买盘
11:09:33	10.61	--	10	10610	买盘
11:09:23	10.61	0.01	10	10610	买盘
11:09:18	10.6	--	14	14840	卖盘
11:09:08	10.6	0.01	36	38160	卖盘
11:09:03	10.59	--	30	31770	卖盘
11:08:48	10.59	-0.01	23	24357	卖盘
11:08:42	10.6	--	13	13780	买盘
11:08:38	10.6	--	7	7420	买盘
11:08:33	10.6	-0.02	3041	3223460	卖盘
11:08:27	10.62	-0.01	100	106199	卖盘
11:08:12	10.63	0.01	30	31890	卖盘
11:08:08	10.62	-0.01	31	32922	卖盘
11:08:03	10.63	0.01	1	1063	卖盘
11:07:48	10.62	--	13	13805	卖盘
11:07:42	10.62	-0.02	113	120005	卖盘
11:07:38	10.64	0.02	101	107464	买盘
11:07:33	10.62	-0.01	3	3185	卖盘
11:07:27	10.63	--	11	11693	中性盘
11:07:18	10.63	-0.01	10	10630	中性盘
11:07:12	10.64	0.02	5	5320	买盘
11:07:08	10.62	-0.02	20	21240	卖盘
11:07:03	10.64	--	17	18088	买盘
11:06:57	10.64	-0.01	2	2128	买盘
11:06:42	10.65	0.03	78	83070	买盘
11:06:38	10.62	--	4	4248	卖盘
11:06:33	10.62	--	24	25487	卖盘
11:06:27	10.62	-0.04	67	71154	买盘
11:06:17	10.66	--	0	0	买盘
11:06:08	10.66	0.04	1000	1066000	买盘
11:06:03	10.62	--	42	44604	买盘
11:05:57	10.62	--	20	21240	买盘
11:05:48	10.62	0.01	10	10620	买盘
11:05:42	10.61	-0.01	17	18037	卖盘
11:05:32	10.62	--	18	19116	买盘
11:05:22	10.62	0.01	20	21240	买盘
11:05:12	10.61	--	24	25464	卖盘
11:05:07	10.61	--	400	424400	卖盘
11:04:57	10.61	-0.01	5	5305	卖盘
11:04:42	10.62	0.01	38	40356	买盘
11:04:37	10.61	--	77	81697	卖盘
11:04:27	10.61	-0.01	10	10610	卖盘
11:04:22	10.62	0.01	18	19116	买盘
11:04:17	10.61	--	100	106100	卖盘
11:04:06	10.61	-0.01	10	10610	卖盘
11:03:57	10.62	0.01	20	21240	买盘
11:03:47	10.61	--	71	75331	卖盘
11:03:42	10.61	--	1	1061	卖盘
11:03:36	10.61	-0.01	1	1061	卖盘
11:03:32	10.62	0.01	20	21240	买盘
11:03:27	10.61	-0.01	121	128381	卖盘
11:03:17	10.62	--	10	10620	买盘
11:03:12	10.62	0.01	2	2124	买盘
11:03:02	10.61	-0.01	27	28647	卖盘
11:02:57	10.62	--	10	10620	买盘
11:02:47	10.62	--	20	21240	买盘
11:02:42	10.62	-0.01	155	164610	卖盘
11:02:36	10.63	0.01	116	123308	买盘
11:02:21	10.62	-0.01	1	1062	卖盘
11:02:12	10.63	0.01	14	14882	买盘
11:02:06	10.62	-0.01	107	113633	卖盘
11:02:02	10.63	--	36	38268	买盘
11:01:57	10.63	--	5	5315	买盘
11:01:51	10.63	--	12	12756	买盘
11:01:47	10.63	0.01	7	7441	买盘
11:01:36	10.62	-0.01	20	21240	卖盘
11:01:32	10.63	0.01	2	2126	买盘
11:01:27	10.62	0.01	49	52037	卖盘
11:01:21	10.61	--	0	0	卖盘
11:01:17	10.61	--	23	24403	卖盘
11:01:12	10.61	-0.01	48	50928	卖盘
11:01:06	10.62	--	88	93456	卖盘
11:00:57	10.62	0.01	7	7433	买盘
11:00:50	10.61	-0.01	5	5305	卖盘
11:00:47	10.62	--	57	60533	买盘
11:00:42	10.62	--	60	63719	买盘
11:00:36	10.62	--	20	21240	买盘
11:00:32	10.62	0.01	32	33984	买盘
11:00:27	10.61	-0.01	304	322544	卖盘
11:00:21	10.62	--	1	1062	买盘
11:00:17	10.62	--	50	53099	买盘
11:00:06	10.62	--	584	620208	卖盘
10:59:57	10.62	-0.01	42	44604	卖盘
10:59:51	10.63	--	12	12756	买盘
10:59:47	10.63	0.01	107	113741	买盘
10:59:42	10.62	-0.01	21	22302	卖盘
10:59:36	10.63	--	44	46772	买盘
10:59:27	10.63	-0.01	151	160513	卖盘
10:59:21	10.64	0.01	2	2128	买盘
10:59:11	10.63	--	13	13819	卖盘
10:59:06	10.63	--	1	1063	卖盘
10:59:01	10.63	-0.01	100	106300	卖盘
10:58:51	10.64	--	8	8512	买盘
10:58:46	10.64	--	2	2128	买盘
10:58:42	10.64	--	2	2128	卖盘
10:58:36	10.64	--	250	266000	卖盘
10:58:31	10.64	-0.01	113	120232	卖盘
10:58:26	10.65	--	5	5325	买盘
10:58:16	10.65	0.01	2	2130	买盘
10:58:11	10.64	-0.01	20	21280	卖盘
10:58:06	10.65	--	20	21300	买盘
10:57:51	10.65	-0.01	555	591075	卖盘
10:57:41	10.66	--	2	2132	买盘
10:57:36	10.66	0.01	26	27716	买盘
10:57:21	10.65	--	9	9585	卖盘
10:57:15	10.65	-0.01	50	53250	卖盘
10:57:06	10.66	0.01	202	215332	买盘
10:57:00	10.65	--	10	10650	卖盘
10:56:56	10.65	-0.01	57	60705	卖盘
10:56:51	10.66	0.01	32	34112	买盘
10:56:45	10.65	-0.01	52	55380	卖盘
10:56:41	10.66	0.01	119	126854	买盘
10:56:36	10.65	-0.01	103	109695	卖盘
10:56:29	10.66	0.01	203	216398	买盘
10:56:15	10.65	--	22	23430	卖盘
10:56:11	10.65	--	10	10650	卖盘
10:56:06	10.65	--	13	13845	卖盘
10:56:00	10.65	-0.01	49	52185	卖盘
10:55:50	10.66	--	11	11726	买盘
10:55:45	10.66	--	370	394420	卖盘
10:55:41	10.66	--	46	49036	卖盘
10:55:35	10.66	--	15	15990	卖盘
10:55:30	10.66	--	56	59696	卖盘
10:55:26	10.66	--	8	8528	卖盘
10:55:21	10.66	--	46	49036	卖盘
10:55:15	10.66	-0.01	20	21320	卖盘
10:55:00	10.67	--	10	10670	买盘
10:54:56	10.67	--	67	71489	卖盘
10:54:51	10.67	--	30	32010	卖盘
10:54:44	10.67	--	0	0	中性盘
10:54:41	10.67	--	10	10670	卖盘
10:54:36	10.67	0.01	65	69355	买盘
10:54:30	10.66	-0.01	8	8528	卖盘
10:54:26	10.67	--	25	26675	买盘
10:54:21	10.67	--	262	279554	买盘
10:54:11	10.67	--	30	32010	买盘
10:54:06	10.67	--	16	17072	买盘
10:53:59	10.67	--	115	122705	买盘
10:53:56	10.67	-0.01	49	52283	卖盘
10:53:51	10.68	0.01	9	9612	买盘
10:53:45	10.67	-0.01	1	1067	卖盘
10:53:41	10.68	--	0	0	买盘
10:53:36	10.68	--	66	70488	买盘
10:53:30	10.68	--	3	3204	买盘
10:53:21	10.68	--	1	1068	买盘
10:53:15	10.68	0.01	20	21360	买盘
10:53:06	10.67	--	105	112035	买盘
10:52:55	10.67	--	8	8536	买盘
10:52:50	10.67	--	4	4268	买盘
10:52:45	10.67	--	2	2134	买盘
10:52:40	10.67	-0.01	269	287023	卖盘
10:52:36	10.68	--	7	7476	买盘
10:52:10	10.68	--	2	2136	买盘
10:52:05	10.68	-0.01	30	32040	卖盘
10:52:00	10.69	0.02	44	47036	买盘
10:51:55	10.67	-0.01	1	1067	卖盘
10:51:50	10.68	-0.01	293	312924	卖盘
10:51:40	10.69	--	8	8552	买盘
10:51:25	10.69	0.01	66	70554	买盘
10:51:15	10.68	-0.01	17	18156	卖盘
10:51:05	10.69	--	2	2138	买盘
10:51:00	10.69	--	35	37415	买盘
10:50:45	10.69	0.01	30	32070	买盘
10:50:35	10.68	-0.01	15	16020	卖盘
10:50:30	10.69	0.01	2	2138	买盘
10:50:24	10.68	-0.01	4	4272	卖盘
10:50:15	10.69	--	16	17104	买盘
10:50:09	10.69	--	30	32070	买盘
10:50:05	10.69	0.01	5	5345	买盘
10:50:00	10.68	-0.01	21	22428	卖盘
10:49:54	10.69	--	31	33139	买盘
10:49:50	10.69	0.01	10	10690	买盘
10:49:44	10.68	-0.01	1	1068	卖盘
10:49:30	10.69	0.01	14	14966	买盘
10:49:24	10.68	-0.01	14	14952	卖盘
10:49:09	10.69	0.01	17	18173	买盘
10:48:50	10.68	--	92	98256	买盘
10:48:45	10.68	-0.01	10	10680	买盘
10:48:30	10.69	0.02	24	25656	买盘
10:48:24	10.67	-0.01	188	200596	卖盘
10:48:20	10.68	--	100	106800	买盘
10:48:15	10.68	0.01	20	21360	买盘
10:48:09	10.67	-0.01	58	61886	卖盘
10:48:00	10.68	0.01	7	7476	买盘
10:47:45	10.67	--	20	21340	卖盘
10:47:39	10.67	-0.01	1	1067	卖盘
10:47:30	10.68	0.01	146	155928	买盘
10:47:24	10.67	--	20	21340	卖盘
10:47:20	10.67	-0.01	53	56551	卖盘
10:47:09	10.68	0.01	4	4272	买盘
10:47:05	10.67	-0.01	1	1067	卖盘
10:46:59	10.68	--	17	18156	买盘
10:46:39	10.68	0.01	9	9612	买盘
10:46:35	10.67	-0.01	10	10670	卖盘
10:46:30	10.68	--	55	58740	买盘
10:46:24	10.68	--	49	52332	买盘
10:46:15	10.68	0.01	25	26700	买盘
10:46:04	10.67	-0.01	20	21340	卖盘
10:45:54	10.68	--	15	16020	卖盘
10:45:49	10.68	--	4	4272	卖盘
10:45:44	10.68	--	83	88644	买盘
10:45:38	10.68	--	1	1068	买盘
10:45:34	10.68	--	61	65148	买盘
10:45:24	10.68	--	51	54468	买盘
10:45:14	10.68	--	22	23496	买盘
10:45:09	10.68	--	154	164472	卖盘
10:45:04	10.68	--	52	55536	卖盘
10:44:59	10.68	--	87	92916	卖盘
10:44:54	10.68	--	12	12816	卖盘
10:44:49	10.68	--	102	108936	卖盘
10:44:39	10.68	--	6	6408	卖盘
10:44:34	10.68	--	147	156996	买盘
10:44:29	10.68	--	10	10680	买盘
10:44:23	10.68	0.01	14	14952	买盘
10:44:14	10.67	--	26	27742	买盘
10:44:09	10.67	--	574	612458	买盘
10:44:03	10.67	--	7	7469	买盘
10:43:59	10.67	--	6	6402	卖盘
10:43:54	10.67	0.02	28	29876	中性盘
10:43:44	10.65	-0.04	457	486705	卖盘
10:43:39	10.69	0.01	407	435083	买盘
10:43:33	10.68	0.01	13	13884	买盘
10:43:29	10.67	-0.02	30	32010	卖盘
10:43:23	10.69	0.02	62	66278	买盘
10:43:18	10.67	-0.02	76	81092	卖盘
10:43:09	10.69	--	21	22449	买盘
10:43:03	10.69	0.02	518	553742	买盘
10:42:54	10.67	-0.01	53	56551	卖盘
10:42:38	10.68	-0.01	11	11748	中性盘
10:42:32	10.69	0.01	38	40622	买盘
10:42:29	10.68	--	20	21360	买盘
10:42:24	10.68	--	20	21360	买盘
10:42:17	10.68	--	62	66216	买盘
10:42:14	10.68	--	112	119616	买盘
10:42:08	10.68	--	13	13884	买盘
10:42:03	10.68	--	2354	2514072	卖盘
10:41:59	10.68	-0.01	40	42720	卖盘
10:41:53	10.69	0.01	10	10690	买盘
10:41:38	10.68	-0.01	25	26700	买盘
10:41:32	10.69	0.01	86	91934	买盘
10:41:23	10.68	--	24	25632	买盘
10:41:18	10.68	--	15	16020	买盘
10:41:02	10.68	0.01	114	121752	买盘
10:40:59	10.67	--	100	106700	买盘
10:40:53	10.67	--	114	121638	买盘
10:40:47	10.67	--	13	13871	买盘
10:40:44	10.67	0.01	50	53350	买盘
10:40:32	10.66	--	409	436569	买盘
10:40:29	10.66	0.01	18	19188	买盘
10:40:23	10.65	-0.01	20	21300	卖盘
10:40:17	10.66	0.01	3	3198	买盘
10:40:08	10.65	-0.01	14	14910	卖盘
10:40:02	10.66	--	2	2132	买盘
10:39:58	10.66	0.01	50	53300	买盘
10:39:53	10.65	-0.01	8	8520	卖盘
10:39:47	10.66	0.01	2	2132	买盘
10:39:38	10.65	--	0	0	中性盘
10:39:32	10.65	--	55	58575	买盘
10:39:23	10.65	0.01	29	30885	买盘
10:39:13	10.64	-0.01	7	7448	卖盘
10:39:08	10.65	0.01	88	93720	买盘
10:38:47	10.64	--	2	2128	卖盘
10:38:43	10.64	--	100	106400	卖盘
10:38:32	10.64	0.01	1	1064	买盘
10:38:23	10.63	-0.01	105	111615	卖盘
10:38:13	10.64	--	9	9576	卖盘
10:38:02	10.64	--	59	62776	买盘
10:37:43	10.64	0.01	13	13832	买盘
10:37:23	10.63	--	0	0	卖盘
10:37:11	10.63	--	11	11693	卖盘
10:37:08	10.63	-0.01	60	63780	卖盘
10:37:02	10.64	--	10	10640	买盘
10:36:56	10.64	0.01	51	54264	买盘
10:36:53	10.63	-0.01	3	3189	卖盘
10:36:38	10.64	--	4	4256	买盘
10:36:26	10.64	--	13	13832	买盘
10:36:11	10.64	--	29	30856	卖盘
10:36:08	10.64	--	5	5320	卖盘
10:35:56	10.64	-0.01	3	3192	卖盘
10:35:53	10.65	--	0	0	买盘
10:35:41	10.65	0.02	14	14910	买盘
10:35:38	10.63	-0.02	1	1063	卖盘
10:35:11	10.65	0.01	65	69225	买盘
10:34:56	10.64	0.01	15	15960	买盘
10:34:53	10.63	-0.02	10	10630	卖盘
10:34:41	10.65	--	0	0	买盘
10:34:26	10.65	--	104	110760	买盘
10:34:17	10.65	--	33	35145	卖盘
10:34:08	10.65	--	5	5325	卖盘
10:33:56	10.65	0.02	27	28755	买盘
10:33:47	10.63	-0.02	10	10630	卖盘
10:33:32	10.65	--	107	113955	买盘
10:33:26	10.65	--	0	0	买盘
10:33:11	10.65	-0.01	29	30885	买盘
10:32:56	10.66	--	0	0	买盘
10:32:47	10.66	0.02	45	47970	买盘
10:32:41	10.64	--	22	23408	卖盘
10:32:32	10.64	--	37	39368	卖盘
10:32:22	10.64	--	5	5320	卖盘
10:32:17	10.64	--	167	177688	买盘
10:31:52	10.64	0.01	1	1064	买盘
10:31:41	10.63	--	50	53150	卖盘
10:31:37	10.63	--	1	1063	卖盘
10:31:07	10.63	0.01	38	40394	买盘
10:30:50	10.62	-0.04	1	1062	卖盘
10:30:47	10.66	0.04	637	679042	买盘
10:30:41	10.62	-0.02	159	168858	卖盘
10:30:35	10.64	0.02	18	19152	买盘
10:30:26	10.62	-0.01	33	35046	卖盘
10:30:20	10.63	--	10	10630	买盘
10:30:17	10.63	--	0	0	中性盘
10:30:11	10.63	--	0	0	买盘
10:30:02	10.63	0.01	3	3189	卖盘
10:29:56	10.62	--	8	8496	买盘
10:29:47	10.62	--	7	7433	卖盘
10:29:41	10.62	--	66	70092	卖盘
10:29:35	10.62	--	142	150804	卖盘
10:29:20	10.62	--	29	30797	卖盘
10:29:17	10.62	-0.01	442	469403	卖盘
10:29:11	10.63	0.01	107	113741	买盘
10:29:05	10.62	--	12	12743	卖盘
10:28:56	10.62	-0.01	54	57347	卖盘
10:28:50	10.63	--	50	53150	买盘
10:28:46	10.63	0.01	20	21260	买盘
10:28:41	10.62	--	36	38232	卖盘
10:28:35	10.62	--	4	4248	卖盘
10:28:32	10.62	-0.01	5	5310	卖盘
10:28:20	10.63	0.01	8	8504	买盘
10:28:17	10.62	--	19	20178	卖盘
10:28:11	10.62	--	15	15929	卖盘
10:28:05	10.62	--	5	5310	卖盘
10:28:01	10.62	--	213	226205	卖盘
10:27:41	10.62	--	30	31859	卖盘
10:27:35	10.62	-0.01	30	31859	卖盘
10:27:20	10.63	0.01	16	17008	买盘
10:26:56	10.62	-0.01	35	37170	卖盘
10:26:50	10.63	--	5	5315	卖盘
10:26:41	10.63	-0.01	56	59528	卖盘
10:26:35	10.64	--	2	2128	卖盘
10:26:31	10.64	--	29	30856	卖盘
10:26:26	10.64	0.02	50	53200	买盘
10:26:20	10.62	-0.01	101	107261	卖盘
10:26:16	10.63	--	2	2126	卖盘
10:26:11	10.63	--	19	20197	卖盘
10:26:05	10.63	--	62	65906	卖盘
10:25:56	10.63	--	9	9567	买盘
10:25:41	10.63	--	0	0	中性盘
10:25:35	10.63	--	16	17008	卖盘
10:25:26	10.63	--	12	12756	买盘
10:25:20	10.63	--	7	7441	买盘
10:25:11	10.63	--	10	10630	买盘
10:25:05	10.63	--	120	127560	卖盘
10:25:01	10.63	-0.01	10	10630	卖盘
10:24:50	10.64	0.01	6	6384	买盘
10:24:41	10.63	-0.01	1	1063	卖盘
10:24:29	10.64	--	5	5320	卖盘
10:24:26	10.64	--	3	3192	买盘
10:24:20	10.64	--	3	3192	卖盘
10:24:14	10.64	--	10	10640	卖盘
10:24:11	10.64	--	10	10640	卖盘
10:24:05	10.64	--	55	58520	买盘
10:23:59	10.64	--	10	10640	买盘
10:23:44	10.64	--	9	9576	卖盘
10:23:35	10.64	--	182	193648	卖盘
10:23:29	10.64	--	2	2128	卖盘
10:23:26	10.64	-0.01	14	14896	卖盘
10:23:14	10.65	--	3	3195	买盘
10:23:10	10.65	0.01	147	156555	买盘
10:23:05	10.64	0.01	73	77672	买盘
10:22:59	10.63	--	4	4252	卖盘
10:22:56	10.63	--	4	4252	卖盘
10:22:50	10.63	-0.01	66	70158	卖盘
10:22:44	10.64	--	13	13832	买盘
10:22:40	10.64	0.01	20	21280	买盘
10:22:35	10.63	-0.01	11	11693	卖盘
10:22:25	10.64	--	15	15960	卖盘
10:22:20	10.64	--	22	23408	买盘
10:22:14	10.64	0.01	8	8512	买盘
10:22:05	10.63	--	14	14882	卖盘
10:21:55	10.63	--	9	9567	卖盘
10:21:50	10.63	--	3	3189	卖盘
10:21:44	10.63	--	8	8504	卖盘
10:21:29	10.63	-0.01	47	49961	卖盘
10:21:25	10.64	0.01	6	6384	中性盘
10:21:20	10.63	-0.01	17	18071	卖盘
10:20:59	10.64	--	30	31920	买盘
10:20:50	10.64	0.01	57	60648	买盘
10:20:44	10.63	--	52	55276	卖盘
10:20:35	10.63	--	6	6378	卖盘
10:20:29	10.63	0.01	13	13819	卖盘
10:20:20	10.62	--	0	0	卖盘
10:20:14	10.62	-0.01	12	12743	卖盘
10:20:05	10.63	-0.02	9	9567	卖盘
10:19:55	10.65	0.03	20	21300	买盘
10:19:50	10.62	-0.03	75	79650	卖盘
10:19:40	10.65	0.02	10	10650	买盘
10:19:35	10.63	-0.02	49	52087	卖盘
10:19:29	10.65	--	7	7455	买盘
10:19:25	10.65	0.02	2	2130	买盘
10:19:20	10.63	-0.02	2	2126	卖盘
10:19:14	10.65	--	1	1065	买盘
10:19:05	10.65	--	0	0	买盘
10:18:59	10.65	0.03	3	3195	买盘
10:18:55	10.62	-0.03	2	2124	卖盘
10:18:35	10.65	--	5	5325	买盘
10:18:29	10.65	--	7	7455	买盘
10:18:25	10.65	--	108	115371	卖盘
10:18:14	10.65	--	116	123540	卖盘
10:18:09	10.65	--	60	63900	卖盘
10:17:59	10.65	-0.01	19	20235	卖盘
10:17:53	10.66	0.01	10	10660	买盘
10:17:50	10.65	--	10	10650	卖盘
10:17:44	10.65	--	56	59640	卖盘
10:17:38	10.65	--	107	113955	卖盘
10:17:35	10.65	--	54	57510	卖盘
10:17:29	10.65	--	181	192765	卖盘
10:17:23	10.65	--	18	19170	卖盘
10:17:20	10.65	--	100	106500	卖盘
10:17:14	10.65	0.05	269	287198	买盘
10:17:08	10.6	--	0	0	卖盘
10:17:05	10.6	--	100	106000	卖盘
10:16:59	10.6	0.01	1408	1492480	卖盘
10:16:53	10.59	--	48	50832	卖盘
10:16:50	10.59	--	39	41301	卖盘
10:16:44	10.59	-0.01	52	55068	卖盘
10:16:38	10.6	-0.01	5	5300	中性盘
10:16:29	10.61	0.01	89	94429	买盘
10:16:23	10.6	-0.01	115	122705	卖盘
10:16:19	10.61	0.01	9	9549	买盘
10:16:08	10.6	--	31	32860	卖盘
10:16:04	10.6	--	15	15900	卖盘
10:15:59	10.6	--	6	6360	卖盘
10:15:53	10.6	--	10	10600	卖盘
10:15:38	10.6	0.01	127	134874	买盘
10:15:34	10.59	-0.01	10	10590	卖盘
10:15:29	10.6	0.01	579	613740	买盘
10:15:19	10.59	--	66	69894	卖盘
10:15:14	10.59	-0.01	8	8472	卖盘
10:15:08	10.6	--	44	46640	买盘
10:14:59	10.6	--	265	280900	买盘
10:14:53	10.6	-0.01	22	24125	卖盘
10:14:49	10.61	0.01	1	1061	买盘
10:14:44	10.6	-0.01	204	216240	卖盘
10:14:34	10.61	0.01	7	7427	买盘
10:14:29	10.6	-0.01	50	53000	卖盘
10:14:14	10.61	--	12	12732	买盘
10:14:04	10.61	0.01	4	4244	买盘
10:13:59	10.6	-0.01	189	200340	卖盘
10:13:53	10.61	--	4	4244	买盘
10:13:49	10.61	0.01	9	9549	买盘
10:13:44	10.6	-0.01	10	10600	卖盘
10:13:38	10.61	--	13	13793	买盘
10:13:34	10.61	--	534	566574	卖盘
10:13:29	10.61	-0.01	3	3183	卖盘
10:13:04	10.62	--	88	93456	卖盘
10:12:44	10.62	--	43	45666	卖盘
10:12:38	10.62	--	17	18054	买盘
10:12:34	10.62	0.02	8	8496	买盘
10:12:29	10.6	--	6	6360	卖盘
10:12:08	10.6	-0.02	2	2120	卖盘
10:12:04	10.62	0.02	14	14867	买盘
10:11:59	10.6	--	22	23574	买盘
10:11:53	10.6	--	20	21200	买盘
10:11:49	10.6	--	175	186305	卖盘
10:11:38	10.6	--	10	10600	卖盘
10:11:29	10.6	--	12	12720	卖盘
10:11:23	10.6	0.01	5	5554	买盘
10:11:17	10.59	-0.01	35	37065	卖盘
10:11:08	10.6	--	12	12720	买盘
10:11:02	10.6	--	133	140980	买盘
10:10:59	10.6	--	109	115540	买盘
10:10:53	10.6	--	39	41340	买盘
10:10:47	10.6	--	1	1060	买盘
10:10:44	10.6	--	746	790760	卖盘
10:10:38	10.6	--	1	1060	卖盘
10:10:32	10.6	--	300	318000	卖盘
10:10:29	10.6	--	15	15900	卖盘
10:10:23	10.6	0.01	538	570280	买盘
10:10:17	10.59	-0.01	6	6354	卖盘
10:10:14	10.6	--	7	7420	买盘
10:10:08	10.6	--	531	562860	买盘
10:09:53	10.6	--	70	74200	买盘
10:09:47	10.6	--	145	153700	卖盘
10:09:44	10.6	0.02	2	2120	卖盘
10:09:38	10.58	-0.07	39	41262	卖盘
10:09:32	10.65	0.06	628	668820	买盘
10:09:23	10.59	--	101	106959	卖盘
10:09:17	10.59	--	88	93192	卖盘
10:09:13	10.59	-0.01	60	63540	卖盘
10:09:08	10.6	0.02	3	3180	买盘
10:09:02	10.58	-0.02	210	222180	卖盘
10:08:58	10.6	0.01	28	29680	买盘
10:08:53	10.59	0.01	138	146142	中性盘
10:08:47	10.58	-0.01	1076	1138408	卖盘
10:08:43	10.59	--	14	14826	买盘
10:08:38	10.59	--	35	37065	买盘
10:08:32	10.59	--	79	83661	卖盘
10:08:28	10.59	-0.01	28	29652	卖盘
10:08:17	10.6	0.01	63	66780	买盘
10:08:08	10.59	--	21	22239	卖盘
10:08:02	10.59	--	95	100605	卖盘
10:07:58	10.59	--	60	63540	卖盘
10:07:53	10.59	-0.01	90	95310	卖盘
10:07:47	10.6	--	20	21200	买盘
10:07:43	10.6	--	9	9540	买盘
10:07:38	10.6	0.01	31	32860	买盘
10:07:32	10.59	-0.01	20	21180	卖盘
10:07:28	10.6	--	10	10600	买盘
10:07:23	10.6	0.01	10	10600	买盘
10:07:17	10.59	--	9	9531	卖盘
10:07:13	10.59	-0.01	9	9531	卖盘
10:07:02	10.6	0.01	3	3180	买盘
10:06:58	10.59	--	170	180030	卖盘
10:06:53	10.59	--	10	10590	卖盘
10:06:47	10.59	--	530	561270	买盘
10:06:43	10.59	--	30	31770	买盘
10:06:38	10.59	--	223	236157	卖盘
10:06:32	10.59	--	314	332526	卖盘
10:06:28	10.59	-0.01	11	11649	卖盘
10:06:23	10.6	--	22	23320	买盘
10:06:17	10.6	0.01	147	155820	买盘
10:06:13	10.59	--	21	22239	卖盘
10:06:08	10.59	-0.01	8	8472	卖盘
10:06:02	10.6	0.01	150	159000	买盘
10:05:53	10.59	--	167	176853	卖盘
10:05:47	10.59	-0.01	7	7413	卖盘
10:05:43	10.6	--	41	43460	买盘
10:05:32	10.6	--	8	8480	买盘
10:05:28	10.6	--	111	117660	买盘
10:05:23	10.6	--	7	7420	买盘
10:05:17	10.6	0.01	124	131440	买盘
10:05:13	10.59	-0.04	998	1057485	卖盘
10:05:08	10.63	--	15	15945	卖盘
10:05:02	10.63	--	26	27638	卖盘
10:04:56	10.63	0.01	26	27638	买盘
10:04:47	10.62	-0.01	680	722160	卖盘
10:04:41	10.63	0.01	7	7441	买盘
10:04:32	10.62	--	46	48852	卖盘
10:04:26	10.62	--	1	1062	卖盘
10:04:23	10.62	--	1	1062	卖盘
10:04:17	10.62	--	57	60533	卖盘
10:04:11	10.62	--	32	33984	卖盘
10:04:08	10.62	--	11	11682	卖盘
10:03:56	10.62	--	4	4248	卖盘
10:03:53	10.62	--	50	53099	卖盘
10:03:47	10.62	--	949	1007837	卖盘
10:03:41	10.62	--	14	14867	卖盘
10:03:38	10.62	--	2	2124	卖盘
10:03:32	10.62	-0.01	6	6371	卖盘
10:03:26	10.63	0.01	15	15945	买盘
10:03:22	10.62	--	2	2124	卖盘
10:03:17	10.62	--	10	10620	卖盘
10:03:11	10.62	--	12	12743	卖盘
10:03:08	10.62	-0.02	12	12743	卖盘
10:03:02	10.64	--	11	11704	卖盘
10:02:56	10.64	--	169	179816	买盘
10:02:52	10.64	--	175	186200	买盘
10:02:41	10.64	0.01	7	7448	买盘
10:02:37	10.63	0.01	15	15945	买盘
10:02:26	10.62	--	17	18054	卖盘
10:02:22	10.62	-0.01	13	13805	卖盘
10:02:17	10.63	-0.01	6	6378	中性盘
10:02:02	10.64	--	426	453264	买盘
10:01:52	10.64	--	10	10640	买盘
10:01:47	10.64	--	23	24472	买盘
10:01:41	10.64	--	10	10640	买盘
10:01:37	10.64	--	8	8512	买盘
10:01:32	10.64	0.03	100	106400	买盘
10:01:26	10.61	-0.04	2	2122	卖盘
10:01:17	10.65	0.01	121	128865	买盘
10:01:11	10.64	--	0	0	买盘
10:01:02	10.64	--	0	0	买盘
10:00:56	10.64	0.03	151	160664	买盘
10:00:52	10.61	--	10	10610	买盘
10:00:47	10.61	--	16	16976	买盘
10:00:41	10.61	0.01	10	10610	买盘
10:00:37	10.6	--	60	63600	卖盘
10:00:32	10.6	--	2	2120	卖盘
10:00:26	10.6	--	1	1060	卖盘
10:00:17	10.6	--	652	691575	买盘
10:00:11	10.6	--	150	159000	买盘
10:00:02	10.6	--	243	258184	卖盘
09:59:56	10.6	--	50	53000	卖盘
09:59:47	10.6	--	212	225175	买盘
09:59:41	10.6	--	34	36040	买盘
09:59:37	10.6	--	6	6360	买盘
09:59:32	10.6	-0.04	794	842244	卖盘
09:59:26	10.64	0.04	20	21280	买盘
09:59:17	10.6	--	0	0	卖盘
09:59:11	10.6	-0.02	699	741395	卖盘
09:59:07	10.62	--	24	25487	买盘
09:59:02	10.62	--	50	53099	买盘
09:58:56	10.62	--	1	1062	买盘
09:58:52	10.62	--	142	150804	卖盘
09:58:41	10.62	--	53	56285	卖盘
09:58:37	10.62	-0.01	58	61595	卖盘
09:58:32	10.63	--	1	1063	买盘
09:58:26	10.63	--	39	41457	买盘
09:58:17	10.63	0.01	91	96733	买盘
09:57:56	10.62	-0.01	5	5310	卖盘
09:57:50	10.63	--	17	18071	买盘
09:57:41	10.63	--	15	15945	买盘
09:57:35	10.63	--	53	56339	卖盘
09:57:32	10.63	-0.02	2	2126	卖盘
09:57:26	10.65	0.02	10	10650	买盘
09:57:20	10.63	-0.02	60	63780	卖盘
09:57:17	10.65	0.01	70	74550	买盘
09:57:11	10.64	--	9	9576	卖盘
09:57:05	10.64	0.01	71	75544	卖盘
09:57:01	10.63	-0.02	10	10630	卖盘
09:56:56	10.65	0.02	10	10650	买盘
09:56:50	10.63	--	59	62717	卖盘
09:56:47	10.63	-0.02	58	61654	卖盘
09:56:41	10.65	--	54	57510	买盘
09:56:35	10.65	0.02	3	3195	买盘
09:56:31	10.63	-0.02	10	10630	卖盘
09:56:16	10.65	0.02	10	10650	买盘
09:56:05	10.63	-0.02	13	13819	卖盘
09:55:50	10.65	0.02	53	56445	买盘
09:55:41	10.63	-0.02	2	2126	卖盘
09:55:35	10.65	0.03	25	26625	买盘
09:55:31	10.62	-0.01	18	19116	卖盘
09:55:26	10.63	0.01	1	1063	买盘
09:55:11	10.62	--	25	26549	买盘
09:54:56	10.62	--	147	156114	买盘
09:54:50	10.62	--	7	7433	中性盘
09:54:46	10.62	--	31	32922	卖盘
09:54:41	10.62	--	20	21240	卖盘
09:54:31	10.62	-0.01	10	10620	卖盘
09:54:26	10.63	0.01	36	38268	买盘
09:54:20	10.62	--	35	37170	卖盘
09:54:11	10.62	0.01	31	32922	买盘
09:54:05	10.61	--	6	6366	卖盘
09:54:01	10.61	--	5	5305	卖盘
09:53:56	10.61	-0.02	32	33952	卖盘
09:53:50	10.63	0.01	46	48898	买盘
09:53:46	10.62	--	1496	1588751	卖盘
09:53:41	10.62	-0.01	4	4248	卖盘
09:53:35	10.63	0.01	10	10630	买盘
09:53:31	10.62	-0.01	100	106199	卖盘
09:53:26	10.63	0.01	6	6378	买盘
09:53:20	10.62	--	53	56285	卖盘
09:53:16	10.62	0.01	63	66906	买盘
09:53:11	10.61	0.01	31	32891	买盘
09:53:05	10.6	-0.02	640	678400	卖盘
09:53:01	10.62	0.01	267	283554	买盘
09:52:56	10.61	--	58	61538	卖盘
09:52:50	10.61	-0.01	20	21220	卖盘
09:52:46	10.62	--	35	37170	买盘
09:52:41	10.62	--	211	224081	买盘
09:52:35	10.62	0.01	11	11682	买盘
09:52:31	10.61	-0.01	119	126259	卖盘
09:52:20	10.62	--	24	25487	卖盘
09:52:16	10.62	-0.01	3	3185	卖盘
09:52:11	10.63	--	2	2126	买盘
09:52:05	10.63	--	30	31890	买盘
09:51:59	10.63	--	737	783431	买盘
09:51:50	10.63	--	3	3189	买盘
09:51:41	10.63	-0.01	89	94607	卖盘
09:51:35	10.64	0.01	292	310688	买盘
09:51:29	10.63	--	35	37205	卖盘
09:51:20	10.63	--	20	21260	卖盘
09:51:14	10.63	--	2	2126	卖盘
09:51:11	10.63	--	2	2126	卖盘
09:51:05	10.63	--	5	5315	卖盘
09:50:59	10.63	0.01	14	14882	中性盘
09:50:56	10.62	--	20	21240	卖盘
09:50:50	10.62	-0.01	73	77526	卖盘
09:50:44	10.63	--	24	25512	买盘
09:50:35	10.63	--	85	90355	卖盘
09:50:29	10.63	--	10	10630	卖盘
09:50:26	10.63	-0.01	5	5315	卖盘
09:50:20	10.64	--	30	31920	买盘
09:50:14	10.64	0.01	10	10640	中性盘
09:50:05	10.63	-0.01	501	532563	卖盘
09:49:59	10.64	--	29	30856	卖盘
09:49:55	10.64	--	64	68096	买盘
09:49:50	10.64	--	20	21280	买盘
09:49:44	10.64	--	5	5320	买盘
09:49:29	10.64	-0.01	235	250040	卖盘
09:49:14	10.65	--	27	28755	卖盘
09:49:10	10.65	-0.01	13	13845	卖盘
09:49:05	10.66	--	7	7462	买盘
09:48:59	10.66	0.01	37	39442	买盘
09:48:55	10.65	--	7	7455	卖盘
09:48:50	10.65	-0.01	145	154425	卖盘
09:48:44	10.66	--	31	33046	买盘
09:48:40	10.66	0.01	9	9594	买盘
09:48:35	10.65	--	4	4260	卖盘
09:48:29	10.65	-0.01	1	1065	卖盘
09:48:25	10.66	--	43	45838	买盘
09:48:20	10.66	--	3	3198	买盘
09:48:14	10.66	--	22	23452	买盘
09:48:05	10.66	--	14	14924	买盘
09:47:59	10.66	0.01	7	7462	买盘
09:47:55	10.65	--	20	21300	卖盘
09:47:50	10.65	-0.01	301	320565	卖盘
09:47:44	10.66	--	30	31980	买盘
09:47:40	10.66	--	30	31980	买盘
09:47:35	10.66	--	14	14924	买盘
09:47:29	10.66	-0.01	137	146042	卖盘
09:47:25	10.67	--	26	27742	买盘
09:47:20	10.67	--	2	2134	买盘
09:47:14	10.67	0.01	33	35211	买盘
09:47:10	10.66	--	86	91676	买盘
09:47:05	10.66	--	86	91676	买盘
09:46:59	10.66	-0.01	320	341120	卖盘
09:46:55	10.67	--	24	25608	卖盘
09:46:50	10.67	0.01	370	394790	买盘
09:46:44	10.66	0.01	206	219596	中性盘
09:46:35	10.65	-0.02	284	302460	卖盘
09:46:29	10.67	0.02	94	100298	买盘
09:46:20	10.65	--	1	1065	卖盘
09:46:14	10.65	--	45	47925	买盘
09:46:10	10.65	--	28	29820	买盘
09:46:05	10.65	--	85	90525	买盘
09:45:59	10.65	--	164	174660	买盘
09:45:55	10.65	0.01	251	267315	买盘
09:45:50	10.64	-0.01	5	5320	卖盘
09:45:44	10.65	0.01	147	156555	买盘
09:45:40	10.64	--	10	10640	卖盘
09:45:29	10.64	--	46	48944	卖盘
09:45:23	10.64	-0.01	30	31920	卖盘
09:45:20	10.65	--	75	79875	买盘
09:45:14	10.65	--	9	9585	买盘
09:45:08	10.65	--	4	4260	买盘
09:45:05	10.65	--	8	8520	买盘
09:44:59	10.65	-0.01	140	149100	卖盘
09:44:53	10.66	0.01	2	2132	买盘
09:44:50	10.65	0.01	2	2130	中性盘
09:44:44	10.64	-0.01	81	86184	卖盘
09:44:38	10.65	--	102	108630	买盘
09:44:35	10.65	--	1	1065	买盘
09:44:29	10.65	--	57	60705	买盘
09:44:23	10.65	0.01	8	8520	买盘
09:44:20	10.64	-0.01	1	1064	卖盘
09:44:14	10.65	--	11	11715	买盘
09:44:08	10.65	--	25	26625	买盘
09:44:05	10.65	--	33	35145	买盘
09:43:53	10.65	--	24	25560	买盘
09:43:44	10.65	0.01	11	11715	买盘
09:43:38	10.64	0.01	18	19152	中性盘
09:43:34	10.63	-0.02	30	31890	卖盘
09:43:29	10.65	--	248	264120	买盘
09:43:23	10.65	0.02	33	35145	买盘
09:43:14	10.63	--	36	38268	买盘
09:43:08	10.63	--	9	9567	买盘
09:43:04	10.63	0.01	7	7441	买盘
09:42:59	10.62	-0.03	150	159300	卖盘
09:42:53	10.65	--	40	42600	买盘
09:42:49	10.65	0.03	9	9585	买盘
09:42:38	10.62	--	2	2124	卖盘
09:42:29	10.62	-0.03	11	11682	卖盘
09:42:23	10.65	0.02	44	46860	买盘
09:42:19	10.63	--	11	11693	卖盘
09:42:14	10.63	-0.02	65	69095	中性盘
09:42:08	10.65	0.03	141	150165	买盘
09:42:04	10.62	--	83	88146	卖盘
09:41:59	10.62	-0.01	332	352584	卖盘
09:41:53	10.63	--	191	203033	买盘
09:41:49	10.63	--	167	177521	买盘
09:41:44	10.63	--	18	19134	买盘
09:41:38	10.63	--	91	96733	买盘
09:41:34	10.63	0.02	71	75473	买盘
09:41:29	10.61	-0.02	532	564452	卖盘
09:41:23	10.63	0.01	61	64843	买盘
09:41:19	10.62	--	34	36108	买盘
09:41:14	10.62	-0.01	384	407807	卖盘
09:41:08	10.63	--	36	38268	买盘
09:41:04	10.63	0.01	80	85040	买盘
09:40:59	10.62	-0.01	14	14867	卖盘
09:40:53	10.63	--	14	14882	买盘
09:40:49	10.63	--	3	3189	买盘
09:40:38	10.63	-0.01	717	762171	卖盘
09:40:23	10.64	--	120	127680	买盘
09:40:14	10.64	--	19	20216	买盘
09:40:08	10.64	--	76	80864	买盘
09:39:59	10.64	0.01	10	10640	买盘
09:39:53	10.63	--	11	11693	卖盘
09:39:44	10.63	--	26	27638	卖盘
09:39:38	10.63	--	47	49961	买盘
09:39:34	10.63	--	37	39331	买盘
09:39:29	10.63	0.01	212	225356	买盘
09:39:23	10.62	--	75	79650	卖盘
09:39:19	10.62	--	214	227267	买盘
09:39:08	10.62	--	49	52037	买盘
09:39:04	10.62	0.01	254	269748	买盘
09:38:59	10.61	--	0	0	卖盘
09:38:53	10.61	-0.01	100	106100	卖盘
09:38:47	10.62	-0.01	173	183726	中性盘
09:38:44	10.63	0.01	25	26575	买盘
09:38:38	10.62	--	1	1062	卖盘
09:38:32	10.62	0.01	330	350460	买盘
09:38:29	10.61	--	10	10610	买盘
09:38:23	10.61	-0.01	144	152784	卖盘
09:38:08	10.62	-0.01	21	22302	中性盘
09:38:02	10.63	0.01	45	47835	买盘
09:37:59	10.62	--	15	15929	卖盘
09:37:47	10.62	--	32	33984	卖盘
09:37:44	10.62	0.01	134	142308	买盘
09:37:38	10.61	--	190	201590	卖盘
09:37:32	10.61	--	138	146418	卖盘
09:37:29	10.61	0.01	77	81697	买盘
09:37:23	10.6	--	30	31800	卖盘
09:37:17	10.6	--	50	53000	卖盘
09:37:14	10.6	--	33	34980	卖盘
09:37:08	10.6	--	96	101760	卖盘
09:37:02	10.6	--	1	1060	卖盘
09:36:59	10.6	--	9	9540	卖盘
09:36:53	10.6	--	30	31800	中性盘
09:36:47	10.6	--	60	63600	买盘
09:36:44	10.6	--	13	13780	买盘
09:36:38	10.6	-0.02	927	982620	卖盘
09:36:32	10.62	0.01	71	75402	买盘
09:36:28	10.61	--	10	10610	卖盘
09:36:23	10.61	--	95	100795	卖盘
09:36:17	10.61	-0.01	107	113527	卖盘
09:36:13	10.62	0.01	57	60533	买盘
09:36:08	10.61	-0.01	30	31830	卖盘
09:36:02	10.62	--	29	30797	买盘
09:35:53	10.62	0.01	46	48852	买盘
09:35:47	10.61	-0.01	1	1061	卖盘
09:35:43	10.62	--	4	4248	买盘
09:35:38	10.62	--	10	10620	买盘
09:35:32	10.62	--	18	19116	买盘
09:35:28	10.62	-0.01	5	5310	中性盘
09:35:23	10.63	--	5	5315	买盘
09:35:17	10.63	-0.01	30	31890	卖盘
09:35:13	10.64	--	0	0	买盘
09:35:08	10.64	0.04	18	19152	买盘
09:35:02	10.6	-0.04	1099	1164940	卖盘
09:34:53	10.64	0.01	126	134064	买盘
09:34:47	10.63	-0.01	301	319963	卖盘
09:34:38	10.64	--	73	77672	买盘
09:34:32	10.64	0.01	24	25536	买盘
09:34:28	10.63	-0.01	46	48898	卖盘
09:34:17	10.64	--	5	5320	买盘
09:34:13	10.64	-0.01	207	220248	卖盘
09:34:08	10.65	--	36	38340	买盘
09:34:02	10.65	--	9	9585	卖盘
09:33:58	10.65	--	18	19170	卖盘
09:33:38	10.65	--	20	21300	卖盘
09:33:32	10.65	-0.01	66	70290	卖盘
09:33:28	10.66	0.01	9	9594	买盘
09:33:23	10.65	--	12	12780	卖盘
09:33:17	10.65	-0.01	37	39405	卖盘
09:33:08	10.66	--	53	56498	卖盘
09:33:02	10.66	--	118	125788	卖盘
09:32:58	10.66	--	20	21320	卖盘
09:32:53	10.66	--	75	79950	卖盘
09:32:47	10.66	--	20	21320	卖盘
09:32:43	10.66	-0.01	48	51168	卖盘
09:32:32	10.67	-0.01	169	180323	卖盘
09:32:28	10.68	--	14	14952	买盘
09:32:17	10.68	--	15	16020	买盘
09:32:11	10.68	0.01	36	38448	买盘
09:32:08	10.67	--	68	72556	卖盘
09:32:02	10.67	-0.01	30	32010	卖盘
09:31:56	10.68	0.01	16	17088	买盘
09:31:47	10.67	--	20	21340	卖盘
09:31:41	10.67	-0.01	11	11737	卖盘
09:31:32	10.68	0.01	22	23496	买盘
09:31:26	10.67	--	26	27742	卖盘
09:31:23	10.67	-0.01	58	61886	卖盘
09:31:11	10.68	0.01	84	89712	买盘
09:31:08	10.67	-0.01	89	94963	卖盘
09:31:02	10.68	0.01	136	145248	买盘
09:30:56	10.67	--	7	7469	卖盘
09:30:47	10.67	--	10	10670	卖盘
09:30:41	10.67	0.01	187	199529	买盘
09:30:38	10.66	--	24	25584	买盘
09:30:32	10.66	--	12	12792	买盘
09:30:26	10.66	--	16	17056	买盘
09:30:11	10.66	-0.01	129	137514	卖盘
09:30:08	10.67	0.01	209	223003	买盘
09:30:02	10.66	-0.02	236	251576	卖盘
09:28:49	10.68	--	0	0	买盘
09:25:09	10.68	10.68	343	366324	买盘
