成交时间	成交价	价格变动	成交量(手)	成交额(元)	性质
15:00:00	10.07	--	0	0	买盘
15:00:00	10.07	--	427	429989	买盘
14:59:59	10.07	--	5016	5051112	买盘
14:59:53	10.07	0.01	251	252757	买盘
14:59:49	10.06	--	4094	4118564	买盘
14:59:44	10.06	--	1212	1219272	买盘
14:59:38	10.06	--	1268	1275608	买盘
14:59:34	10.06	--	3373	3393238	买盘
14:59:29	10.06	-0.01	5156	5186936	卖盘
14:59:23	10.07	--	404	406828	买盘
14:59:19	10.07	-0.01	2441	2458107	卖盘
14:59:14	10.08	--	970	977760	买盘
14:59:08	10.08	--	5189	5230512	买盘
14:59:04	10.08	-0.01	5186	5227740	卖盘
14:58:59	10.09	--	4306	4344754	买盘
14:58:53	10.09	--	171	172539	买盘
14:58:49	10.09	--	1921	1938289	买盘
14:58:44	10.09	--	395	398555	买盘
14:58:38	10.09	--	142	144034	买盘
14:58:34	10.09	--	906	914154	买盘
14:58:29	10.09	--	460	464140	卖盘
14:58:23	10.09	--	2522	2544698	卖盘
14:58:19	10.09	-0.01	381	384429	卖盘
14:58:14	10.1	0.01	1157	1168570	买盘
14:58:08	10.09	--	2896	2922064	买盘
14:58:04	10.09	--	250	252250	买盘
14:57:59	10.09	--	663	668967	买盘
14:57:53	10.09	0.01	121	122089	买盘
14:57:49	10.08	-0.01	836	842688	卖盘
14:57:44	10.09	--	1833	1849497	卖盘
14:57:38	10.09	-0.01	302	304718	卖盘
14:57:34	10.1	--	321	324210	买盘
14:57:29	10.1	0.01	266	268660	买盘
14:57:23	10.09	--	318	320862	买盘
14:57:19	10.09	-0.01	735	741615	卖盘
14:57:14	10.1	--	1150	1161500	卖盘
14:57:08	10.1	0.01	2170	2191700	买盘
14:57:04	10.09	--	771	777939	卖盘
14:56:59	10.09	--	316	318844	卖盘
14:56:53	10.09	--	266	268394	卖盘
14:56:49	10.09	--	1380	1392420	卖盘
14:56:44	10.09	--	774	780966	买盘
14:56:38	10.09	0.01	265	267385	买盘
14:56:34	10.08	--	917	924336	卖盘
14:56:29	10.08	-0.01	132	133056	卖盘
14:56:23	10.09	--	1177	1187593	卖盘
14:56:19	10.09	0.01	3359	3389231	买盘
14:56:14	10.08	-0.01	2397	2416176	卖盘
14:56:08	10.09	--	185	186665	买盘
14:56:04	10.09	0.01	281	283529	买盘
14:55:59	10.08	-0.01	2113	2129904	卖盘
14:55:53	10.09	0.01	183	184647	买盘
14:55:49	10.08	-0.01	532	536256	卖盘
14:55:44	10.09	--	2326	2346934	卖盘
14:55:38	10.09	--	128	129152	卖盘
14:55:34	10.09	0.01	387	390483	买盘
14:55:28	10.08	-0.01	1254	1264032	卖盘
14:55:23	10.09	0.01	841	848569	买盘
14:55:17	10.08	-0.01	251	253008	卖盘
14:55:13	10.09	0.01	606	611454	买盘
14:55:08	10.08	-0.01	6214	6263712	卖盘
14:55:02	10.09	--	378	381402	买盘
14:54:58	10.09	-0.01	1064	1073576	卖盘
14:54:53	10.1	0.01	107	108070	买盘
14:54:47	10.09	--	80	80720	买盘
14:54:43	10.09	0.01	4747	4789723	买盘
14:54:38	10.08	-0.01	7374	7432992	卖盘
14:54:32	10.09	--	544	548896	买盘
14:54:28	10.09	-0.01	635	640715	卖盘
14:54:23	10.1	--	1812	1830120	买盘
14:54:17	10.1	--	670	676700	买盘
14:54:13	10.1	--	325	328250	买盘
14:54:08	10.1	-0.01	1877	1895770	卖盘
14:54:02	10.11	0.01	3849	3891339	买盘
14:53:58	10.1	-0.01	2572	2597720	卖盘
14:53:53	10.11	--	282	285102	买盘
14:53:47	10.11	0.01	5400	5459400	买盘
14:53:43	10.1	-0.01	640	647147	卖盘
14:53:38	10.11	--	727	734997	卖盘
14:53:32	10.11	-0.01	859	868449	卖盘
14:53:28	10.12	0.01	3729	3773747	买盘
14:53:23	10.11	-0.01	229	231519	卖盘
14:53:17	10.12	--	127	128523	买盘
14:53:13	10.12	0.01	555	561660	卖盘
14:53:08	10.11	-0.01	279	282069	卖盘
14:53:02	10.12	0.01	174	176088	中性盘
14:52:58	10.11	-0.01	1604	1621644	卖盘
14:52:53	10.12	--	275	278300	卖盘
14:52:47	10.12	-0.01	177	179124	卖盘
14:52:43	10.13	0.02	605	612865	买盘
14:52:38	10.11	--	1311	1325421	卖盘
14:52:32	10.11	-0.01	217	219387	卖盘
14:52:28	10.12	-0.02	5270	5333240	中性盘
14:52:23	10.14	0.03	2256	2287584	买盘
14:52:17	10.11	-0.01	1462	1478082	卖盘
14:52:13	10.12	-0.01	412	416943	卖盘
14:52:08	10.13	--	150	151950	买盘
14:52:02	10.13	--	108	109404	买盘
14:51:58	10.13	0.01	468	474084	买盘
14:51:53	10.12	--	664	671968	卖盘
14:51:47	10.12	-0.01	111	112331	卖盘
14:51:43	10.13	0.01	64	64832	买盘
14:51:38	10.12	-0.02	4265	4316180	卖盘
14:51:32	10.14	0.01	43	43602	买盘
14:51:28	10.13	0.01	45	45585	卖盘
14:51:23	10.12	0.01	688	696256	买盘
14:51:17	10.11	--	90	90990	卖盘
14:51:13	10.11	-0.02	1995	2016945	卖盘
14:51:08	10.13	0.01	289	293020	买盘
14:51:02	10.12	-0.01	247	249963	卖盘
14:50:58	10.13	0.01	865	876245	买盘
14:50:53	10.12	-0.01	6225	6300448	卖盘
14:50:47	10.13	--	279	282627	买盘
14:50:43	10.13	-0.01	269	272497	卖盘
14:50:38	10.14	--	1032	1046448	卖盘
14:50:32	10.14	0.01	97	98358	卖盘
14:50:28	10.13	--	267	270471	卖盘
14:50:23	10.13	-0.01	1677	1698801	卖盘
14:50:17	10.14	--	125	126750	买盘
14:50:13	10.14	--	292	296088	买盘
14:50:08	10.14	-0.01	2246	2277444	卖盘
14:50:02	10.15	--	683	693245	买盘
14:49:58	10.15	--	361	366415	买盘
14:49:53	10.15	--	449	455735	卖盘
14:49:47	10.15	--	69	70035	卖盘
14:49:43	10.15	--	750	761250	买盘
14:49:38	10.15	-0.01	1220	1238300	卖盘
14:49:32	10.16	--	191	194056	买盘
14:49:28	10.16	--	138	140208	买盘
14:49:22	10.16	--	384	390144	卖盘
14:49:17	10.16	-0.01	65	66040	卖盘
14:49:13	10.17	0.02	726	738342	买盘
14:49:07	10.15	--	86	87290	买盘
14:49:02	10.15	--	18	18270	买盘
14:48:58	10.15	-0.01	637	646555	卖盘
14:48:52	10.16	--	1253	1273048	卖盘
14:48:47	10.16	0.01	45	45720	中性盘
14:48:41	10.15	-0.03	138	140070	中性盘
14:48:37	10.18	0.03	4184	4259312	买盘
14:48:32	10.15	--	353	358295	卖盘
14:48:26	10.15	0.01	442	448630	买盘
14:48:22	10.14	-0.02	132	133848	卖盘
14:48:17	10.16	0.01	690	701040	买盘
14:48:11	10.15	--	216	220153	卖盘
14:48:07	10.15	--	112	113680	卖盘
14:48:02	10.15	--	611	620165	卖盘
14:47:56	10.15	0.01	392	397981	买盘
14:47:52	10.14	--	1711	1734954	买盘
14:47:47	10.14	0.01	307	311298	中性盘
14:47:41	10.13	-0.02	43	43559	中性盘
14:47:37	10.15	--	43	43645	买盘
14:47:32	10.15	0.03	262	265930	买盘
14:47:26	10.12	--	323	327139	买盘
14:47:22	10.12	--	428	433135	买盘
14:47:17	10.12	-0.03	1326	1342660	卖盘
14:47:11	10.15	0.02	334	339273	买盘
14:47:07	10.13	-0.01	919	930947	卖盘
14:47:02	10.14	-0.02	75	76050	卖盘
14:46:56	10.16	--	44	44704	买盘
14:46:52	10.16	0.02	201	204216	买盘
14:46:47	10.14	0.01	91	92274	买盘
14:46:41	10.13	-0.04	415	420395	卖盘
14:46:37	10.17	0.01	337	342729	买盘
14:46:32	10.16	0.01	192	195072	买盘
14:46:26	10.15	-0.01	381	386715	卖盘
14:46:22	10.16	0.01	40	40640	中性盘
14:46:17	10.15	-0.02	221	224315	卖盘
14:46:11	10.17	--	76	77292	卖盘
14:46:07	10.17	0.02	141	143397	卖盘
14:46:02	10.15	-0.02	1254	1272810	卖盘
14:45:56	10.17	--	300	305100	买盘
14:45:52	10.17	0.02	2821	2868957	买盘
14:45:47	10.15	-0.02	460	466900	卖盘
14:45:41	10.17	--	508	516636	买盘
14:45:37	10.17	-0.02	165	167805	卖盘
14:45:32	10.19	0.02	3459	3524721	买盘
14:45:26	10.17	-0.01	1023	1040391	卖盘
14:45:22	10.18	0.01	398	405164	买盘
14:45:17	10.17	--	1060	1078020	买盘
14:45:11	10.17	--	284	288828	买盘
14:45:07	10.17	--	570	579690	卖盘
14:45:02	10.17	--	378	384426	卖盘
14:44:56	10.17	--	95	96615	卖盘
14:44:52	10.17	-0.01	161	163737	卖盘
14:44:47	10.18	0.01	913	929434	买盘
14:44:41	10.17	--	163	165771	买盘
14:44:37	10.17	-0.01	494	502398	卖盘
14:44:32	10.18	0.01	394	401092	买盘
14:44:26	10.17	--	93	94581	买盘
14:44:22	10.17	-0.01	743	755631	卖盘
14:44:17	10.18	--	739	752302	买盘
14:44:11	10.18	--	557	567026	买盘
14:44:07	10.18	-0.01	522	531396	卖盘
14:44:02	10.19	--	1347	1372593	买盘
14:43:56	10.19	--	57	58083	买盘
14:43:52	10.19	0.01	949	967031	买盘
14:43:47	10.18	-0.02	450	458100	卖盘
14:43:41	10.2	--	607	619140	买盘
14:43:37	10.2	--	407	415140	买盘
14:43:32	10.2	--	486	495719	买盘
14:43:26	10.2	--	1573	1604460	卖盘
14:43:22	10.2	-0.01	1411	1439220	卖盘
14:43:17	10.21	0.01	505	515605	买盘
14:43:11	10.2	--	1456	1485120	买盘
14:43:07	10.2	--	540	550800	买盘
14:43:02	10.2	-0.02	4174	4257480	卖盘
14:42:56	10.22	--	425	434350	买盘
14:42:51	10.22	--	3507	3584154	买盘
14:42:47	10.22	-0.01	3454	3529988	卖盘
14:42:41	10.23	--	1884	1927332	买盘
14:42:37	10.23	--	812	830676	买盘
14:42:32	10.23	0.01	1191	1218393	买盘
14:42:26	10.22	0.02	689	704158	买盘
14:42:20	10.2	--	184	187680	卖盘
14:42:16	10.2	0.01	4873	4971092	买盘
14:42:11	10.19	0.03	1788	1821972	买盘
14:42:05	10.16	--	3337	3390392	卖盘
14:42:01	10.16	0.02	10528	10696448	买盘
14:41:56	10.14	0.02	1036	1050504	买盘
14:41:50	10.12	--	34	34408	卖盘
14:41:46	10.12	0.02	1128	1141536	买盘
14:41:41	10.1	--	202	204020	买盘
14:41:35	10.1	--	87	87870	买盘
14:41:31	10.1	0.02	1969	1988690	卖盘
14:41:26	10.08	-0.02	2983	3006864	卖盘
14:41:20	10.1	0.02	1559	1574590	买盘
14:41:16	10.08	-0.01	276	278208	卖盘
14:41:11	10.09	0.01	5994	6048712	买盘
14:41:05	10.08	--	181	182448	买盘
14:41:01	10.08	-0.01	876	883008	卖盘
14:40:56	10.09	0.01	1895	1912055	买盘
14:40:50	10.08	-0.01	163	164304	卖盘
14:40:46	10.09	0.01	241	243169	买盘
14:40:41	10.08	--	272	274176	卖盘
14:40:35	10.08	-0.01	117	117936	卖盘
14:40:31	10.09	0.01	634	639706	买盘
14:40:26	10.08	--	169	170352	买盘
14:40:20	10.08	--	2289	2307312	卖盘
14:40:16	10.08	-0.01	73	73584	卖盘
14:40:11	10.09	0.01	266	268394	买盘
14:40:05	10.08	--	43	43344	买盘
14:40:01	10.08	--	316	318528	买盘
14:39:56	10.08	-0.01	2927	2950416	卖盘
14:39:50	10.09	--	28	28252	买盘
14:39:46	10.09	--	133	134197	买盘
14:39:41	10.09	-0.01	865	873733	卖盘
14:39:35	10.1	--	36	36360	卖盘
14:39:31	10.1	--	1100	1111000	卖盘
14:39:26	10.1	-0.01	20	20200	卖盘
14:39:20	10.11	0.01	103	104133	买盘
14:39:16	10.1	0.01	490	494900	买盘
14:39:11	10.09	-0.01	268	270412	卖盘
14:39:05	10.1	--	12	12120	买盘
14:39:01	10.1	--	756	763560	买盘
14:38:56	10.1	--	22	22220	买盘
14:38:50	10.1	--	210	212100	卖盘
14:38:46	10.1	--	413	417130	买盘
14:38:41	10.1	0.01	2226	2248260	买盘
14:38:35	10.09	-0.01	258	260322	卖盘
14:38:31	10.1	-0.03	356	359560	卖盘
14:38:26	10.13	0.01	2071	2097923	买盘
14:38:20	10.12	0.02	19	19228	买盘
14:38:16	10.1	-0.03	1026	1036260	卖盘
14:38:11	10.13	--	524	530812	买盘
14:38:05	10.13	--	171	173223	卖盘
14:38:01	10.13	--	208	210704	卖盘
14:37:56	10.13	--	445	450785	买盘
14:37:50	10.13	--	40	40520	买盘
14:37:46	10.13	--	70	70910	买盘
14:37:41	10.13	-0.01	447	452811	卖盘
14:37:35	10.14	--	693	702702	买盘
14:37:31	10.14	--	650	659100	买盘
14:37:26	10.14	0.01	646	655044	买盘
14:37:20	10.13	--	19	19247	卖盘
14:37:16	10.13	--	153	154989	卖盘
14:37:11	10.13	--	836	846868	买盘
14:37:05	10.13	--	493	499409	买盘
14:37:01	10.13	0.01	640	648320	买盘
14:36:56	10.12	-0.01	32	32383	卖盘
14:36:50	10.13	0.01	95	96235	买盘
14:36:46	10.12	-0.01	69	69828	卖盘
14:36:41	10.13	--	52	52676	买盘
14:36:35	10.13	0.01	325	329225	买盘
14:36:31	10.12	-0.01	216	218591	卖盘
14:36:26	10.13	--	548	555124	卖盘
14:36:20	10.13	--	55	55715	卖盘
14:36:16	10.13	--	370	374810	买盘
14:36:11	10.13	--	239	242107	买盘
14:36:05	10.13	--	7	7091	买盘
14:36:01	10.13	--	203	205639	买盘
14:35:55	10.13	-0.01	241	244133	卖盘
14:35:50	10.14	0.01	395	400530	买盘
14:35:44	10.13	--	23	23299	卖盘
14:35:40	10.13	-0.01	110	111430	卖盘
14:35:35	10.14	--	184	186576	买盘
14:35:29	10.14	--	86	87204	买盘
14:35:25	10.14	-0.01	2392	2425488	卖盘
14:35:20	10.15	0.01	536	544040	买盘
14:35:14	10.14	--	84	85176	卖盘
14:35:10	10.14	--	1291	1309074	卖盘
14:35:05	10.14	--	2485	2519790	买盘
14:34:59	10.14	--	125	126750	买盘
14:34:55	10.14	--	78	79092	买盘
14:34:50	10.14	--	392	397488	卖盘
14:34:44	10.14	--	407	412698	卖盘
14:34:40	10.14	--	355	359970	卖盘
14:34:35	10.14	--	281	284934	卖盘
14:34:29	10.14	--	271	274794	卖盘
14:34:25	10.14	--	287	291018	买盘
14:34:20	10.14	0.01	1363	1382082	买盘
14:34:14	10.13	-0.01	10	10130	卖盘
14:34:10	10.14	0.01	263	266682	买盘
14:34:05	10.13	--	158	160054	买盘
14:33:59	10.13	0.01	107	108391	买盘
14:33:55	10.12	--	431	436171	卖盘
14:33:50	10.12	--	106	107271	卖盘
14:33:44	10.12	--	76	76912	卖盘
14:33:40	10.12	0.01	804	813647	中性盘
14:33:35	10.11	-0.01	343	346773	卖盘
14:33:29	10.12	--	242	244903	买盘
14:33:25	10.12	0.01	175	177100	买盘
14:33:20	10.11	--	1090	1101990	卖盘
14:33:14	10.11	--	118	119298	卖盘
14:33:10	10.11	0.01	2878	2909658	买盘
14:33:05	10.1	-0.02	1916	1935160	卖盘
14:32:59	10.12	0.02	83	83996	买盘
14:32:55	10.1	--	37	37370	卖盘
14:32:50	10.1	--	2225	2247250	买盘
14:32:44	10.1	0.01	731	738310	买盘
14:32:40	10.09	-0.01	639	644751	卖盘
14:32:35	10.1	--	283	285830	买盘
14:32:29	10.1	--	221	223210	买盘
14:32:25	10.1	-0.02	2462	2486620	卖盘
14:32:20	10.12	0.01	149	150788	买盘
14:32:14	10.11	0.01	503	508533	中性盘
14:32:10	10.1	-0.01	351	354510	卖盘
14:32:05	10.11	0.01	50	50550	买盘
14:31:59	10.1	--	4179	4220790	买盘
14:31:55	10.1	0.01	1463	1477630	买盘
14:31:50	10.09	-0.01	386	389474	卖盘
14:31:44	10.1	--	42	42420	买盘
14:31:40	10.1	--	76	76760	买盘
14:31:35	10.1	0.01	373	376730	中性盘
14:31:29	10.09	-0.01	974	982766	卖盘
14:31:25	10.1	0.01	5732	5789380	买盘
14:31:20	10.09	-0.01	191	192719	卖盘
14:31:14	10.1	--	1172	1183720	买盘
14:31:10	10.1	0.01	1521	1536210	买盘
14:31:05	10.09	--	323	325907	买盘
14:30:59	10.09	--	447	451023	卖盘
14:30:55	10.09	-0.01	363	366267	卖盘
14:30:50	10.1	--	475	479750	买盘
14:30:44	10.1	-0.02	563	568630	卖盘
14:30:40	10.12	0.02	804	813647	买盘
14:30:35	10.1	--	692	698920	买盘
14:30:29	10.1	-0.03	676	682760	卖盘
14:30:25	10.13	0.01	1778	1801114	买盘
14:30:20	10.12	--	13	13155	卖盘
14:30:14	10.12	0.02	248	250975	买盘
14:30:10	10.1	-0.02	1453	1467530	卖盘
14:30:05	10.12	-0.01	232	234783	卖盘
14:29:59	10.13	0.01	2331	2361303	买盘
14:29:55	10.12	--	162	163944	买盘
14:29:50	10.12	--	441	446291	买盘
14:29:44	10.12	-0.01	59	59707	卖盘
14:29:40	10.13	-0.02	2093	2120209	中性盘
14:29:35	10.15	0.03	518	525770	买盘
14:29:29	10.12	--	0	0	中性盘
14:29:25	10.12	-0.03	1462	1479544	卖盘
14:29:20	10.15	--	110	111650	卖盘
14:29:14	10.15	0.03	560	568400	买盘
14:29:08	10.12	-0.03	110	111319	卖盘
14:29:04	10.15	0.03	206	209090	买盘
14:28:59	10.12	-0.04	1007	1019083	卖盘
14:28:53	10.16	0.01	471	478536	买盘
14:28:49	10.15	0.03	1450	1471750	买盘
14:28:44	10.12	-0.04	1776	1797311	卖盘
14:28:38	10.16	--	245	248920	买盘
14:28:34	10.16	--	196	199136	买盘
14:28:29	10.16	--	1856	1885696	卖盘
14:28:23	10.16	-0.01	83	84328	卖盘
14:28:19	10.17	0.01	2449	2490633	买盘
14:28:14	10.16	--	882	896112	买盘
14:28:08	10.16	--	2365	2402840	买盘
14:28:04	10.16	0.01	318	323088	买盘
14:27:59	10.15	--	411	417165	卖盘
14:27:53	10.15	0.03	933	947685	买盘
14:27:49	10.12	-0.03	1438	1455256	卖盘
14:27:44	10.15	--	430	436450	买盘
14:27:38	10.15	0.04	328	332920	买盘
14:27:34	10.11	-0.02	1387	1402257	卖盘
14:27:29	10.13	--	1587	1607631	卖盘
14:27:23	10.13	--	656	664528	买盘
14:27:19	10.13	0.01	635	643255	买盘
14:27:14	10.12	--	533	539396	卖盘
14:27:08	10.12	0.02	2408	2436896	买盘
14:27:04	10.1	--	735	742350	买盘
14:26:59	10.1	-0.02	942	951420	卖盘
14:26:53	10.12	0.03	191	193291	买盘
14:26:49	10.09	-0.03	612	617508	卖盘
14:26:44	10.12	0.02	889	899667	买盘
14:26:38	10.1	-0.02	511	516110	卖盘
14:26:34	10.12	0.01	5386	5450632	买盘
14:26:29	10.11	0.01	116	117276	买盘
14:26:23	10.1	--	2941	2971399	买盘
14:26:19	10.1	--	1823	1841230	买盘
14:26:14	10.1	--	1549	1564490	买盘
14:26:08	10.1	0.01	17	17170	买盘
14:26:04	10.09	-0.01	675	681075	中性盘
14:25:59	10.1	0.01	315	318150	买盘
14:25:53	10.09	0.01	7	7063	中性盘
14:25:49	10.08	0.01	644	649152	买盘
14:25:44	10.07	-0.01	1125	1132875	卖盘
14:25:38	10.08	--	1157	1166256	买盘
14:25:34	10.08	0.01	58	58464	买盘
14:25:29	10.07	--	384	386688	卖盘
14:25:23	10.07	-0.02	348	350436	卖盘
14:25:19	10.09	0.01	131	132179	买盘
14:25:14	10.08	0.02	1102	1110816	买盘
14:25:08	10.06	--	2185	2198110	卖盘
14:25:04	10.06	-0.01	382	384292	卖盘
14:24:59	10.07	-0.01	990	996930	卖盘
14:24:53	10.08	--	19	19152	买盘
14:24:49	10.08	-0.01	711	716688	卖盘
14:24:44	10.09	0.01	2860	2885740	买盘
14:24:38	10.08	-0.01	540	544320	卖盘
14:24:34	10.09	--	819	826371	买盘
14:24:29	10.09	0.01	1319	1330871	买盘
14:24:23	10.08	--	327	329616	买盘
14:24:19	10.08	-0.01	2344	2363235	卖盘
14:24:14	10.09	--	1347	1359123	买盘
14:24:08	10.09	--	112	113008	买盘
14:24:04	10.09	-0.01	213	214917	卖盘
14:23:59	10.1	0.02	707	714070	买盘
14:23:53	10.08	-0.02	85	85680	卖盘
14:23:49	10.1	0.01	1655	1671550	买盘
14:23:44	10.09	-0.01	146	147314	卖盘
14:23:38	10.1	--	43	43430	买盘
14:23:34	10.1	-0.01	769	777235	卖盘
14:23:28	10.11	0.01	165	166815	买盘
14:23:23	10.1	0.01	252	254984	买盘
14:23:19	10.09	-0.01	876	883884	卖盘
14:23:14	10.1	0.01	1029	1039290	买盘
14:23:08	10.09	-0.01	662	667958	中性盘
14:23:02	10.1	0.01	514	519665	买盘
14:22:58	10.09	0.01	505	509545	买盘
14:22:53	10.08	-0.01	1212	1221696	卖盘
14:22:47	10.09	--	173	174557	卖盘
14:22:43	10.09	--	274	276466	卖盘
14:22:38	10.09	-0.01	113	114017	卖盘
14:22:32	10.1	--	28	28280	买盘
14:22:28	10.1	0.01	3093	3123930	买盘
14:22:23	10.09	--	1838	1854542	买盘
14:22:17	10.09	-0.01	719	725471	中性盘
14:22:13	10.1	--	1878	1896780	买盘
14:22:08	10.1	--	365	368650	买盘
14:22:02	10.1	--	609	615090	买盘
14:21:58	10.1	0.01	380	383800	买盘
14:21:53	10.09	--	302	304718	卖盘
14:21:47	10.09	0.02	4374	4413366	买盘
14:21:43	10.07	--	47	47329	卖盘
14:21:38	10.07	--	5284	5320988	卖盘
14:21:32	10.07	--	673	677711	买盘
14:21:28	10.07	0.01	1203	1211421	买盘
14:21:23	10.06	-0.01	1153	1159918	卖盘
14:21:17	10.07	-0.02	2007	2021049	卖盘
14:21:13	10.09	0.01	1852	1868668	买盘
14:21:08	10.08	--	834	840672	买盘
14:21:02	10.08	--	61	61488	买盘
14:20:58	10.08	-0.01	5905	5952240	卖盘
14:20:53	10.09	-0.01	2863	2888767	卖盘
14:20:43	10.1	--	422	426220	卖盘
14:20:38	10.1	0.01	349	352490	买盘
14:20:32	10.09	--	515	519635	买盘
14:20:28	10.09	--	1881	1897929	卖盘
14:20:23	10.09	-0.02	2022	2040198	卖盘
14:20:17	10.11	--	255	257805	买盘
14:20:13	10.11	0.01	1958	1979538	买盘
14:20:08	10.1	--	1852	1870520	买盘
14:20:02	10.1	--	80	80800	买盘
14:19:58	10.1	-0.02	3369	3402690	卖盘
14:19:53	10.12	-0.01	2107	2132284	中性盘
14:19:47	10.13	--	53	53689	买盘
14:19:43	10.13	0.01	106	107378	中性盘
14:19:38	10.12	-0.01	146	147752	卖盘
14:19:32	10.13	--	117	118521	卖盘
14:19:28	10.13	0.02	479	485227	买盘
14:19:23	10.11	--	2038	2060418	卖盘
14:19:17	10.11	0.01	75	75825	卖盘
14:19:13	10.1	-0.02	2464	2488640	卖盘
14:19:08	10.12	0.01	1064	1076768	中性盘
14:19:02	10.11	-0.01	235	237585	卖盘
14:18:58	10.12	0.03	1151	1164812	买盘
14:18:53	10.09	-0.01	3829	3863461	卖盘
14:18:47	10.1	0.01	500	505000	卖盘
14:18:43	10.09	--	276	278484	买盘
14:18:38	10.09	-0.01	4080	4116720	卖盘
14:18:32	10.1	--	189	190890	买盘
14:18:28	10.1	--	841	849410	卖盘
14:18:23	10.1	-0.01	40	40400	卖盘
14:18:17	10.11	0.01	521	526731	买盘
14:18:13	10.1	--	1546	1561460	买盘
14:18:08	10.1	-0.03	918	927180	卖盘
14:18:02	10.13	0.01	2	2026	买盘
14:17:58	10.12	0.01	1054	1066648	中性盘
14:17:53	10.11	0.01	1580	1597380	买盘
14:17:47	10.1	0.01	150	151500	买盘
14:17:43	10.09	-0.03	1710	1725390	卖盘
14:17:38	10.12	0.01	291	294492	买盘
14:17:32	10.11	--	1247	1260717	买盘
14:17:28	10.11	0.01	94	95034	中性盘
14:17:23	10.1	--	1275	1287750	卖盘
14:17:13	10.1	0.01	1010	1020100	买盘
14:17:07	10.09	0.01	337	340033	中性盘
14:17:02	10.08	-0.03	742	747936	卖盘
14:16:58	10.11	0.01	1336	1350696	买盘
14:16:53	10.1	--	416	420160	买盘
14:16:47	10.1	--	647	653470	买盘
14:16:41	10.1	--	994	1003940	买盘
14:16:37	10.1	0.01	325	328250	买盘
14:16:32	10.09	-0.02	595	600355	卖盘
14:16:26	10.11	0.02	303	306333	买盘
14:16:22	10.09	--	99	99891	卖盘
14:16:17	10.09	--	1075	1084675	卖盘
14:16:11	10.09	0.01	250	252250	买盘
14:16:07	10.08	-0.02	1128	1137024	卖盘
14:16:02	10.1	0.02	796	803960	买盘
14:15:56	10.08	-0.02	130	131040	卖盘
14:15:52	10.1	0.01	528	533280	买盘
14:15:47	10.09	-0.01	566	571094	卖盘
14:15:41	10.1	0.01	91	91910	买盘
14:15:37	10.09	--	782	789038	买盘
14:15:32	10.09	--	2840	2865560	卖盘
14:15:26	10.09	-0.01	1346	1358114	卖盘
14:15:22	10.1	--	26	26260	卖盘
14:15:17	10.1	--	1756	1773560	卖盘
14:15:11	10.1	--	337	340370	买盘
14:15:07	10.1	0.01	1029	1039290	买盘
14:15:02	10.09	--	518	522662	买盘
14:14:56	10.09	--	249	251241	买盘
14:14:52	10.09	--	1813	1829317	卖盘
14:14:47	10.09	-0.01	905	913145	卖盘
14:14:41	10.1	--	73	73730	买盘
14:14:37	10.1	--	361	364610	买盘
14:14:32	10.1	--	190	191900	买盘
14:14:26	10.1	0.02	871	879710	买盘
14:14:22	10.08	-0.03	1384	1395072	卖盘
14:14:17	10.11	0.02	373	377103	中性盘
14:14:11	10.09	-0.01	438	441942	卖盘
14:14:07	10.1	--	464	468640	买盘
14:14:02	10.1	-0.03	2397	2420970	卖盘
14:13:56	10.13	-0.01	42	42546	卖盘
14:13:52	10.14	0.01	672	681408	买盘
14:13:47	10.13	-0.02	373	377849	卖盘
14:13:41	10.15	0.01	262	265930	买盘
14:13:37	10.14	--	20	20280	买盘
14:13:32	10.14	0.02	102	103428	买盘
14:13:26	10.12	-0.01	18	18216	卖盘
14:13:22	10.13	0.01	873	884349	买盘
14:13:17	10.12	0.01	368	372416	卖盘
14:13:11	10.11	0.01	453	457983	卖盘
14:13:07	10.1	-0.02	1539	1554390	卖盘
14:13:02	10.12	0.01	146	147752	买盘
14:12:56	10.11	--	14	14154	买盘
14:12:52	10.11	--	565	571215	买盘
14:12:47	10.11	-0.01	175	176925	卖盘
14:12:41	10.12	--	85	86343	卖盘
14:12:37	10.12	-0.01	1151	1164812	卖盘
14:12:32	10.13	--	458	463954	买盘
14:12:26	10.13	--	9	9117	买盘
14:12:22	10.13	-0.02	118	119534	买盘
14:12:17	10.15	0.02	1920	1949490	买盘
14:12:11	10.13	--	44	44572	卖盘
14:12:07	10.13	-0.01	265	268445	卖盘
14:12:02	10.14	--	100	101400	买盘
14:11:56	10.14	0.01	103	104442	买盘
14:11:52	10.13	--	431	436603	卖盘
14:11:47	10.13	0.02	761	770893	买盘
14:11:41	10.11	-0.02	214	216354	卖盘
14:11:37	10.13	0.01	368	372784	买盘
14:11:32	10.12	--	360	364320	卖盘
14:11:26	10.12	-0.01	1006	1018071	卖盘
14:11:22	10.13	--	454	459902	买盘
14:11:17	10.13	0.01	151	152963	买盘
14:11:11	10.12	-0.01	839	849067	卖盘
14:11:06	10.13	0.01	158	160054	买盘
14:11:02	10.12	-0.01	592	599104	卖盘
14:10:56	10.13	0.01	87	88131	买盘
14:10:51	10.12	-0.01	42	42504	卖盘
14:10:46	10.13	-0.01	31	31403	中性盘
14:10:41	10.14	--	327	331578	买盘
14:10:35	10.14	0.01	41	41574	买盘
14:10:31	10.13	--	280	283640	卖盘
14:10:26	10.13	-0.01	118	119534	卖盘
14:10:20	10.14	--	50	50700	卖盘
14:10:16	10.14	0.03	161	163254	中性盘
14:10:11	10.11	-0.02	419	423609	卖盘
14:10:05	10.13	--	43	43559	卖盘
14:10:01	10.13	-0.01	332	336316	卖盘
14:09:56	10.14	0.01	33	33462	中性盘
14:09:50	10.13	--	19	19247	卖盘
14:09:46	10.13	0.01	137	138781	中性盘
14:09:41	10.12	-0.02	514	520167	卖盘
14:09:35	10.14	--	298	302172	买盘
14:09:31	10.14	0.01	327	331578	买盘
14:09:26	10.13	-0.01	480	486240	卖盘
14:09:20	10.14	--	109	110526	买盘
14:09:16	10.14	0.01	232	235248	买盘
14:09:11	10.13	--	658	666554	买盘
14:09:05	10.13	-0.02	149	150937	卖盘
14:09:01	10.15	--	205	208075	买盘
14:08:56	10.15	0.02	218	221270	买盘
14:08:46	10.13	-0.02	123	124599	卖盘
14:08:41	10.15	--	156	158340	买盘
14:08:35	10.15	-0.01	135	137025	中性盘
14:08:31	10.16	0.03	307	311912	买盘
14:08:26	10.13	-0.03	234	237042	卖盘
14:08:20	10.16	0.01	62	62992	买盘
14:08:16	10.15	-0.01	350	355250	中性盘
14:08:11	10.16	0.02	884	898144	买盘
14:08:05	10.14	--	66	66924	卖盘
14:08:01	10.14	-0.01	1165	1181310	卖盘
14:07:56	10.15	--	219	222285	卖盘
14:07:50	10.15	--	101	102515	卖盘
14:07:46	10.15	--	485	492275	卖盘
14:07:41	10.15	0.01	167	169505	买盘
14:07:35	10.14	--	134	135876	买盘
14:07:31	10.14	--	132	133848	买盘
14:07:26	10.14	-0.02	519	526266	卖盘
14:07:20	10.16	0.01	27	27432	买盘
14:07:16	10.15	-0.01	899	912485	卖盘
14:07:11	10.16	--	57	57912	买盘
14:07:05	10.16	0.01	150	152400	买盘
14:07:01	10.15	--	107	108605	卖盘
14:06:56	10.15	-0.01	884	897260	卖盘
14:06:50	10.16	--	348	353568	卖盘
14:06:46	10.16	--	468	475488	卖盘
14:06:41	10.16	0.03	2181	2215896	买盘
14:06:35	10.13	-0.02	721	730373	卖盘
14:06:31	10.15	0.02	1023	1038345	买盘
14:06:26	10.13	-0.01	610	617930	卖盘
14:06:20	10.14	0.03	141	142974	买盘
14:06:16	10.11	-0.02	155	156705	卖盘
14:06:11	10.13	--	96	97248	买盘
14:06:05	10.13	--	125	126625	买盘
14:06:01	10.13	0.02	542	549046	买盘
14:05:56	10.11	0.03	75	75825	买盘
14:05:50	10.08	-0.03	2568	2588544	卖盘
14:05:46	10.11	0.02	322	325542	买盘
14:05:41	10.09	-0.01	169	170521	卖盘
14:05:35	10.1	0.01	99	99990	买盘
14:05:30	10.09	--	346	349114	买盘
14:05:26	10.09	0.01	772	778948	买盘
14:05:20	10.08	-0.02	52	52416	卖盘
14:05:16	10.1	--	525	530250	买盘
14:05:11	10.1	--	612	618120	买盘
14:05:05	10.1	-0.02	356	359560	卖盘
14:05:01	10.12	0.02	1399	1415788	买盘
14:04:56	10.1	0.03	230	232300	中性盘
14:04:50	10.07	-0.03	3432	3456024	卖盘
14:04:46	10.1	0.01	294	296940	买盘
14:04:41	10.09	-0.01	511	515599	卖盘
14:04:35	10.1	--	30	30300	买盘
14:04:31	10.1	--	709	716090	买盘
14:04:25	10.1	--	35	35350	买盘
14:04:20	10.1	--	875	883750	卖盘
14:04:14	10.1	--	11	11110	卖盘
14:04:10	10.1	-0.01	368	371680	卖盘
14:04:05	10.11	-0.01	65	65715	中性盘
14:03:59	10.12	--	130	131560	买盘
14:03:55	10.12	--	94	95127	买盘
14:03:50	10.12	0.01	455	460459	买盘
14:03:44	10.11	0.01	25	25275	买盘
14:03:40	10.1	-0.01	956	965560	卖盘
14:03:35	10.11	--	235	237585	卖盘
14:03:29	10.11	--	99	100089	卖盘
14:03:25	10.11	-0.01	58	58638	卖盘
14:03:20	10.12	0.01	174	176088	买盘
14:03:14	10.11	0.01	9	9099	买盘
14:03:10	10.1	-0.02	67	67670	中性盘
14:03:05	10.12	0.01	612	619344	买盘
14:02:59	10.11	0.01	164	165804	买盘
14:02:55	10.1	0.01	1916	1935160	买盘
14:02:50	10.09	0.01	84	84756	买盘
14:02:44	10.08	--	76	76608	买盘
14:02:40	10.08	--	271	273168	买盘
14:02:35	10.08	-0.02	1168	1177344	卖盘
14:02:29	10.1	--	45	45450	买盘
14:02:25	10.1	-0.01	564	569640	卖盘
14:02:20	10.11	0.01	428	432708	买盘
14:02:14	10.1	-0.01	60	60600	卖盘
14:02:10	10.11	0.03	82	82902	买盘
14:02:05	10.08	-0.01	2535	2555280	卖盘
14:01:59	10.09	0.01	14	14126	买盘
14:01:55	10.08	-0.02	966	973728	卖盘
14:01:50	10.1	--	91	91910	买盘
14:01:44	10.1	--	72	72720	买盘
14:01:40	10.1	--	219	221190	卖盘
14:01:35	10.1	--	1081	1091810	卖盘
14:01:29	10.1	-0.01	96	96960	卖盘
14:01:25	10.11	--	405	409455	卖盘
14:01:20	10.11	-0.01	339	342729	卖盘
14:01:14	10.12	--	120	121439	卖盘
14:01:10	10.12	-0.01	292	295504	卖盘
14:01:05	10.13	--	120	121560	买盘
14:00:59	10.13	--	4	4052	买盘
14:00:55	10.13	--	330	334290	买盘
14:00:50	10.13	--	1925	1950025	卖盘
14:00:44	10.13	-0.01	202	204626	卖盘
14:00:40	10.14	0.02	250	253500	买盘
14:00:35	10.12	-0.01	52	52623	卖盘
14:00:29	10.13	--	614	621982	买盘
14:00:25	10.13	--	41	41533	买盘
14:00:20	10.13	--	357	361641	卖盘
14:00:14	10.13	-0.01	112	113456	卖盘
14:00:10	10.14	0.01	72	73008	买盘
14:00:05	10.13	-0.01	259	262367	卖盘
13:59:59	10.14	-0.01	423	428922	卖盘
13:59:55	10.15	0.01	229	232435	买盘
13:59:50	10.14	--	173	175422	卖盘
13:59:44	10.14	-0.01	9	9126	卖盘
13:59:40	10.15	0.01	150	152250	买盘
13:59:34	10.14	--	166	168324	买盘
13:59:29	10.14	0.01	100	101400	买盘
13:59:25	10.13	-0.02	105	106365	卖盘
13:59:20	10.15	0.01	277	281155	买盘
13:59:14	10.14	-0.01	12	12168	卖盘
13:59:10	10.15	--	112	113680	买盘
13:59:05	10.15	0.01	363	368445	买盘
13:58:59	10.14	--	59	59826	卖盘
13:58:55	10.14	0.02	741	751374	买盘
13:58:50	10.12	-0.01	504	510047	卖盘
13:58:44	10.13	-0.01	206	208678	卖盘
13:58:40	10.14	--	447	453258	买盘
13:58:35	10.14	0.01	293	297102	买盘
13:58:29	10.13	--	31	31403	买盘
13:58:25	10.13	0.02	183	185379	买盘
13:58:20	10.11	-0.02	1027	1038296	卖盘
13:58:14	10.13	-0.01	100	101300	卖盘
13:58:09	10.14	--	345	349830	买盘
13:58:04	10.14	0.02	324	328536	买盘
13:57:55	10.12	-0.02	33	33396	中性盘
13:57:49	10.14	0.02	326	330564	买盘
13:57:44	10.12	-0.02	457	462483	卖盘
13:57:38	10.14	--	178	180492	买盘
13:57:34	10.14	--	363	368082	买盘
13:57:29	10.14	0.01	327	331578	买盘
13:57:19	10.13	--	161	163093	买盘
13:57:14	10.13	--	244	247172	买盘
13:57:08	10.13	-0.01	124	125612	卖盘
13:57:04	10.14	0.01	678	687492	买盘
13:56:59	10.13	--	85	86105	卖盘
13:56:53	10.13	--	183	185379	卖盘
13:56:49	10.13	--	346	350498	卖盘
13:56:44	10.13	0.01	338	342394	买盘
13:56:38	10.12	0.01	161	162932	卖盘
13:56:34	10.11	0.01	886	895746	中性盘
13:56:29	10.1	0.02	148	149480	中性盘
13:56:23	10.08	--	225	226800	卖盘
13:56:19	10.08	-0.04	134	135072	卖盘
13:56:14	10.12	0.01	995	1006939	中性盘
13:56:08	10.11	0.01	37	37407	中性盘
13:56:04	10.1	-0.02	725	732250	卖盘
13:55:59	10.12	0.03	170	172040	买盘
13:55:53	10.09	--	61	61549	卖盘
13:55:49	10.09	--	183	185121	买盘
13:55:44	10.09	0.01	382	385438	买盘
13:55:38	10.08	-0.02	3459	3486672	卖盘
13:55:34	10.1	--	476	481295	买盘
13:55:29	10.1	--	1266	1278660	买盘
13:55:23	10.1	--	433	437330	买盘
13:55:19	10.1	--	228	230280	买盘
13:55:14	10.1	-0.02	1348	1361480	卖盘
13:55:08	10.12	--	168	170016	买盘
13:55:04	10.12	0.01	1464	1481568	买盘
13:54:59	10.11	-0.01	266	268926	卖盘
13:54:53	10.12	-0.01	134	135608	卖盘
13:54:49	10.13	--	16	16208	买盘
13:54:44	10.13	--	162	164106	买盘
13:54:38	10.13	0.01	89	90157	买盘
13:54:34	10.12	-0.02	672	680064	卖盘
13:54:29	10.14	0.01	1035	1049490	买盘
13:54:23	10.13	-0.01	153	154989	卖盘
13:54:19	10.14	0.01	1622	1644708	买盘
13:54:14	10.13	-0.01	91	92183	卖盘
13:54:08	10.14	--	187	189618	买盘
13:54:04	10.14	0.01	273	276822	买盘
13:53:59	10.13	--	549	556137	卖盘
13:53:53	10.13	--	23	23299	卖盘
13:53:49	10.13	--	358	362654	卖盘
13:53:44	10.13	0.01	364	368732	买盘
13:53:38	10.12	--	2063	2087755	买盘
13:53:34	10.12	--	90	91080	买盘
13:53:29	10.12	-0.01	487	492843	卖盘
13:53:23	10.13	-0.01	554	561202	卖盘
13:53:19	10.14	--	1089	1104246	买盘
13:53:13	10.14	--	194	196716	买盘
13:53:08	10.14	0.01	120	121680	买盘
13:53:04	10.13	0.03	670	678710	买盘
13:52:59	10.1	-0.03	203	205030	卖盘
13:52:53	10.13	0.01	37	37481	买盘
13:52:49	10.12	--	99	100187	卖盘
13:52:43	10.12	-0.01	44	44528	卖盘
13:52:38	10.13	--	74	74962	买盘
13:52:34	10.13	--	27	27351	买盘
13:52:29	10.13	0.04	142	143846	买盘
13:52:23	10.09	-0.04	803	810227	卖盘
13:52:19	10.13	--	258	261354	买盘
13:52:13	10.13	--	461	466993	买盘
13:52:08	10.13	--	28	28364	买盘
13:52:03	10.13	--	200	202600	买盘
13:51:59	10.13	0.01	584	591592	买盘
13:51:53	10.12	--	106	107271	卖盘
13:51:48	10.12	--	435	440219	卖盘
13:51:43	10.12	--	181	183172	卖盘
13:51:38	10.12	--	294	297528	卖盘
13:51:33	10.12	-0.01	102	103223	买盘
13:51:28	10.13	0.03	175	177275	买盘
13:51:23	10.1	--	317	320170	卖盘
13:51:17	10.1	-0.01	677	683770	卖盘
13:51:13	10.11	0.01	423	427653	中性盘
13:51:08	10.1	-0.03	520	525200	卖盘
13:51:02	10.13	--	442	447746	买盘
13:50:58	10.13	--	45	45585	买盘
13:50:53	10.13	0.03	245	248185	买盘
13:50:47	10.1	-0.02	36	36360	卖盘
13:50:43	10.12	--	1375	1391500	买盘
13:50:38	10.12	-0.01	216	218591	卖盘
13:50:32	10.13	0.01	51	51663	中性盘
13:50:28	10.12	-0.01	147	148764	卖盘
13:50:23	10.13	-0.01	21	21273	中性盘
13:50:17	10.14	0.02	287	291018	买盘
13:50:13	10.12	-0.01	675	683100	卖盘
13:50:08	10.13	--	314	318294	买盘
13:50:02	10.13	0.03	35	35455	买盘
13:49:58	10.1	-0.01	1167	1178670	卖盘
13:49:53	10.11	-0.01	52	52572	中性盘
13:49:47	10.12	--	103	104235	买盘
13:49:43	10.12	--	597	604164	买盘
13:49:38	10.12	--	481	486771	买盘
13:49:32	10.12	--	251	254011	买盘
13:49:28	10.12	0.01	804	813647	买盘
13:49:23	10.11	--	452	456972	卖盘
13:49:17	10.11	-0.01	92	93012	卖盘
13:49:13	10.12	0.02	378	382799	买盘
13:49:08	10.1	-0.01	299	301990	卖盘
13:49:02	10.11	--	2	2022	买盘
13:48:58	10.11	--	450	454950	买盘
13:48:53	10.11	--	82	82902	买盘
13:48:47	10.11	--	198	200178	买盘
13:48:43	10.11	--	27	27297	买盘
13:48:38	10.11	0.01	793	801723	买盘
13:48:32	10.1	--	1031	1041310	卖盘
13:48:28	10.1	--	33	33330	卖盘
13:48:23	10.1	--	100	101000	买盘
13:48:17	10.1	--	30	30300	买盘
13:48:13	10.1	--	300	303000	买盘
13:48:08	10.1	--	555	560550	买盘
13:48:02	10.1	0.01	27	27270	买盘
13:47:58	10.09	-0.02	516	520644	卖盘
13:47:53	10.11	0.01	110	111210	买盘
13:47:47	10.1	--	65	65650	卖盘
13:47:43	10.1	0.01	507	512070	买盘
13:47:38	10.09	0.02	127	128143	中性盘
13:47:32	10.07	-0.03	715	720005	卖盘
13:47:28	10.1	0.01	134	135340	买盘
13:47:23	10.09	-0.01	263	265367	卖盘
13:47:17	10.1	0.01	353	356530	买盘
13:47:13	10.09	-0.01	194	195746	卖盘
13:47:08	10.1	0.01	105	106050	买盘
13:47:02	10.09	-0.01	329	331961	卖盘
13:46:58	10.1	-0.01	461	465610	卖盘
13:46:53	10.11	0.01	328	331608	买盘
13:46:47	10.1	0.02	130	131300	中性盘
13:46:43	10.08	-0.02	187	188496	卖盘
13:46:37	10.1	0.01	205	207050	买盘
13:46:32	10.09	-0.01	74	74666	卖盘
13:46:28	10.1	--	1031	1041310	买盘
13:46:22	10.1	--	119	120190	买盘
13:46:17	10.1	--	57	57570	买盘
13:46:13	10.1	-0.01	309	312090	卖盘
13:46:08	10.11	0.01	277	280047	买盘
13:46:02	10.1	--	2	2020	买盘
13:45:58	10.1	0.01	316	319160	买盘
13:45:53	10.09	--	250	252250	买盘
13:45:47	10.09	0.01	83	83747	买盘
13:45:43	10.08	-0.02	1648	1661184	卖盘
13:45:37	10.1	0.01	147	148470	买盘
13:45:32	10.09	-0.01	1154	1164386	卖盘
13:45:27	10.1	--	187	188870	买盘
13:45:23	10.1	--	649	655490	买盘
13:45:17	10.1	0.01	583	588830	买盘
13:45:13	10.09	--	707	713363	买盘
13:45:07	10.09	--	636	641724	买盘
13:45:02	10.09	0.01	102	102918	买盘
13:44:57	10.08	--	1064	1073439	卖盘
13:44:52	10.08	--	161	162620	买盘
13:44:47	10.08	0.01	3080	3104640	买盘
13:44:41	10.07	-0.01	89	89623	卖盘
13:44:37	10.08	--	488	491904	买盘
13:44:32	10.08	--	581	585648	买盘
13:44:26	10.08	0.01	23	23184	买盘
13:44:22	10.07	-0.01	322	324254	卖盘
13:44:17	10.08	0.01	967	974736	买盘
13:44:11	10.07	--	384	386688	买盘
13:44:07	10.07	--	354	356478	卖盘
13:44:02	10.07	-0.01	344	346408	卖盘
13:43:56	10.08	0.01	32	32256	买盘
13:43:52	10.07	-0.01	515	518605	卖盘
13:43:47	10.08	0.01	74	74592	买盘
13:43:41	10.07	--	653	657571	买盘
13:43:37	10.07	--	615	619305	卖盘
13:43:32	10.07	0.01	1626	1637392	买盘
13:43:26	10.06	-0.01	43	43258	卖盘
13:43:22	10.07	--	1471	1481297	买盘
13:43:17	10.07	--	319	321233	买盘
13:43:11	10.07	0.01	723	728061	买盘
13:43:07	10.06	-0.01	273	274638	卖盘
13:43:02	10.07	--	368	370576	买盘
13:42:56	10.07	--	239	240673	买盘
13:42:52	10.07	--	156	157092	买盘
13:42:47	10.07	0.02	62	62434	买盘
13:42:41	10.05	-0.02	1721	1729605	卖盘
13:42:37	10.07	--	1421	1430947	买盘
13:42:32	10.07	0.01	1300	1309100	买盘
13:42:26	10.06	--	391	393346	卖盘
13:42:22	10.06	--	131	131786	卖盘
13:42:17	10.06	--	768	772608	买盘
13:42:11	10.06	0.01	1032	1038192	买盘
13:42:07	10.05	-0.01	253	254265	卖盘
13:42:02	10.06	0.01	35	35210	买盘
13:41:56	10.05	0.02	30	30150	卖盘
13:41:52	10.03	-0.03	725	727175	卖盘
13:41:47	10.06	0.01	211	212266	买盘
13:41:41	10.05	-0.01	99	99495	卖盘
13:41:37	10.06	0.01	934	939604	买盘
13:41:32	10.05	--	156	156780	买盘
13:41:26	10.05	--	214	215070	卖盘
13:41:22	10.05	-0.01	397	398985	卖盘
13:41:17	10.06	0.01	181	182086	买盘
13:41:11	10.05	-0.01	91	91455	卖盘
13:41:07	10.06	0.01	111	111666	买盘
13:41:02	10.05	--	137	137685	卖盘
13:40:56	10.05	--	115	115575	买盘
13:40:52	10.05	0.03	819	823095	卖盘
13:40:46	10.02	-0.05	2459	2463918	卖盘
13:40:41	10.07	--	37	37259	买盘
13:40:37	10.07	0.02	181	182267	买盘
13:40:32	10.05	-0.01	485	487425	卖盘
13:40:26	10.06	0.01	32	32192	买盘
13:40:22	10.05	-0.01	252	253260	卖盘
13:40:16	10.06	0.01	180	181080	买盘
13:40:11	10.05	-0.02	79	79395	卖盘
13:40:07	10.07	--	219	220533	买盘
13:40:01	10.07	0.01	456	459192	买盘
13:39:56	10.06	0.01	2	2012	卖盘
13:39:51	10.05	-0.02	322	323610	卖盘
13:39:46	10.07	0.02	478	481889	买盘
13:39:41	10.05	0.02	2522	2534610	买盘
13:39:37	10.03	-0.02	117	117350	卖盘
13:39:31	10.05	0.02	10478	10530390	买盘
13:39:26	10.03	-0.02	150	150450	卖盘
13:39:22	10.05	0.02	426	428130	买盘
13:39:16	10.03	--	368	369104	买盘
13:39:11	10.03	-0.02	1374	1379084	卖盘
13:39:07	10.05	--	957	961825	卖盘
13:39:01	10.05	--	1651	1659255	卖盘
13:38:56	10.05	--	93	93465	卖盘
13:38:51	10.05	0.01	1193	1198965	买盘
13:38:46	10.04	-0.01	510	512039	卖盘
13:38:41	10.05	--	221	222105	卖盘
13:38:37	10.05	-0.01	787	790935	卖盘
13:38:31	10.06	0.01	351	353106	买盘
13:38:26	10.05	--	574	576870	卖盘
13:38:20	10.05	-0.01	71	71355	卖盘
13:38:16	10.06	0.01	847	852082	买盘
13:38:11	10.05	--	205	206025	卖盘
13:38:05	10.05	--	262	263310	买盘
13:38:01	10.05	--	294	295470	买盘
13:37:56	10.05	--	553	555765	买盘
13:37:50	10.05	--	193	193965	买盘
13:37:46	10.05	0.01	433	435165	卖盘
13:37:41	10.04	-0.01	281	282124	卖盘
13:37:35	10.05	--	63	63315	买盘
13:37:31	10.05	--	195	195975	卖盘
13:37:26	10.05	0.01	31503	31660515	买盘
13:37:20	10.04	-0.02	93	93371	买盘
13:37:16	10.06	0.04	301	302806	买盘
13:37:11	10.02	-0.02	4284	4292568	卖盘
13:37:05	10.04	0.01	322	323288	买盘
13:37:01	10.03	0.01	663	664989	中性盘
13:36:56	10.02	--	131	131262	卖盘
13:36:50	10.02	--	104	104208	卖盘
13:36:46	10.02	-0.01	228	228456	卖盘
13:36:41	10.03	0.01	327	327981	买盘
13:36:35	10.02	--	1293	1295756	买盘
13:36:31	10.02	-0.01	5506	5517853	卖盘
13:36:26	10.03	--	521	522562	买盘
13:36:20	10.03	--	15792	15839375	买盘
13:36:16	10.03	--	399	400197	买盘
13:36:11	10.03	-0.01	897	899851	卖盘
13:36:05	10.04	0.01	603	605412	买盘
13:36:01	10.03	-0.01	2911	2919733	卖盘
13:35:56	10.04	--	83	83332	买盘
13:35:50	10.04	-0.01	652	655441	卖盘
13:35:46	10.05	-0.01	664	667320	中性盘
13:35:41	10.06	0.02	392	394352	买盘
13:35:35	10.04	-0.02	10297	10338188	卖盘
13:35:31	10.06	--	36	36216	买盘
13:35:26	10.06	-0.01	379	381274	卖盘
13:35:20	10.07	-0.01	74	74518	卖盘
13:35:16	10.08	0.02	5405	5448240	买盘
13:35:11	10.06	--	1094	1100564	卖盘
13:35:05	10.06	-0.01	111	111666	卖盘
13:35:01	10.07	--	125	125875	买盘
13:34:56	10.07	-0.02	754	759278	卖盘
13:34:50	10.09	--	123	124107	买盘
13:34:46	10.09	-0.01	65	65585	中性盘
13:34:41	10.1	0.02	667	673670	买盘
13:34:35	10.08	-0.02	508	512064	卖盘
13:34:31	10.1	0.01	174	175740	买盘
13:34:26	10.09	--	9	9081	中性盘
13:34:20	10.09	--	354	357186	买盘
13:34:16	10.09	--	159	160431	卖盘
13:34:11	10.09	0.01	500	504500	卖盘
13:34:05	10.08	-0.02	75	75600	卖盘
13:34:01	10.1	0.01	136	137360	买盘
13:33:55	10.09	-0.01	67	67603	中性盘
13:33:50	10.1	--	71	71710	买盘
13:33:45	10.1	--	52	52520	买盘
13:33:40	10.1	--	278	280780	买盘
13:33:35	10.1	--	289	291890	买盘
13:33:31	10.1	--	592	597920	买盘
13:33:25	10.1	0.02	406	410060	买盘
13:33:20	10.08	-0.01	248	249984	卖盘
13:33:16	10.09	-0.01	78	78702	卖盘
13:33:10	10.1	0.02	299	301990	买盘
13:33:05	10.08	-0.01	562	566496	卖盘
13:33:01	10.09	--	177	178593	买盘
13:32:55	10.09	0.01	289	291601	买盘
13:32:50	10.08	-0.01	241	242928	卖盘
13:32:46	10.09	--	1335	1347015	买盘
13:32:40	10.09	0.01	210	211890	买盘
13:32:35	10.08	-0.01	958	965664	卖盘
13:32:30	10.09	0.01	277	279493	买盘
13:32:25	10.08	--	872	878976	买盘
13:32:20	10.08	-0.01	263	265104	买盘
13:32:15	10.09	0.01	577	582193	买盘
13:32:10	10.08	--	96	96768	买盘
13:32:05	10.08	--	574	578592	买盘
13:31:59	10.08	--	9	9072	买盘
13:31:55	10.08	-0.01	237	238896	卖盘
13:31:50	10.09	0.01	143	144287	买盘
13:31:44	10.08	--	36	36288	卖盘
13:31:40	10.08	--	261	263088	买盘
13:31:35	10.08	0.02	55	55440	买盘
13:31:29	10.06	--	2652	2667912	卖盘
13:31:25	10.06	--	595	598570	卖盘
13:31:20	10.06	--	1393	1401529	卖盘
13:31:14	10.06	--	61	61366	卖盘
13:31:10	10.06	--	173	174038	卖盘
13:31:05	10.06	--	1506	1515036	买盘
13:30:59	10.06	--	466	468796	买盘
13:30:55	10.06	--	316	318730	卖盘
13:30:50	10.06	--	616	619696	卖盘
13:30:44	10.06	--	340	342040	卖盘
13:30:40	10.06	-0.01	64	64384	卖盘
13:30:35	10.07	--	135	135945	买盘
13:30:29	10.07	0.02	188	189487	买盘
13:30:25	10.05	-0.02	1922	1932444	卖盘
13:30:20	10.07	--	1081	1088567	买盘
13:30:14	10.07	--	260	261820	买盘
13:30:10	10.07	-0.01	1991	2004937	卖盘
13:30:05	10.08	0.01	250	252000	买盘
13:29:59	10.07	--	192	193344	卖盘
13:29:55	10.07	--	303	305121	卖盘
13:29:50	10.07	0.01	1444	1454108	买盘
13:29:44	10.06	0.01	15	15090	卖盘
13:29:40	10.05	-0.01	269	270515	卖盘
13:29:35	10.06	--	696	700176	买盘
13:29:29	10.06	--	158	158948	买盘
13:29:25	10.06	--	415	417490	买盘
13:29:20	10.06	--	2624	2639744	买盘
13:29:14	10.06	0.02	46	46276	买盘
13:29:10	10.04	-0.01	456	457823	卖盘
13:29:05	10.05	0.01	1230	1236150	中性盘
13:28:59	10.04	-0.01	128	128511	卖盘
13:28:55	10.05	0.01	134	134670	中性盘
13:28:50	10.04	-0.02	575	577300	卖盘
13:28:44	10.06	--	375	378095	买盘
13:28:40	10.06	0.01	2560	2575360	卖盘
13:28:35	10.05	0.02	156	156780	买盘
13:28:29	10.03	-0.01	669	671007	卖盘
13:28:24	10.04	-0.01	806	809223	中性盘
13:28:20	10.05	--	2146	2156730	买盘
13:28:14	10.05	--	128	128640	买盘
13:28:10	10.05	-0.01	1339	1345695	卖盘
13:28:05	10.06	-0.01	1518	1527108	中性盘
13:27:59	10.07	0.01	545	548815	买盘
13:27:55	10.06	--	229	230374	买盘
13:27:50	10.06	-0.01	118	118708	卖盘
13:27:43	10.07	0.01	1149	1157043	中性盘
13:27:39	10.06	0.01	300	301800	买盘
13:27:35	10.05	-0.01	362	363810	卖盘
13:27:29	10.06	0.01	45	45270	中性盘
13:27:24	10.05	-0.01	168	168840	卖盘
13:27:19	10.06	0.01	112	112672	买盘
13:27:14	10.05	--	3248	3264240	卖盘
13:27:09	10.05	--	256	257280	买盘
13:27:04	10.05	0.01	1177	1182885	中性盘
13:26:59	10.04	-0.01	492	493967	卖盘
13:26:55	10.05	--	846	850230	买盘
13:26:49	10.05	-0.01	1556	1563780	卖盘
13:26:44	10.06	0.01	51	51306	中性盘
13:26:40	10.05	--	630	633150	卖盘
13:26:34	10.05	-0.02	1016	1021080	卖盘
13:26:29	10.07	0.02	161	162127	买盘
13:26:24	10.05	-0.01	705	708525	卖盘
13:26:19	10.06	0.01	184	185104	买盘
13:26:14	10.05	--	127	127635	买盘
13:26:09	10.05	-0.01	1879	1888395	卖盘
13:26:04	10.06	--	247	248482	买盘
13:25:59	10.06	--	207	208242	买盘
13:25:54	10.06	-0.01	1225	1232350	卖盘
13:25:49	10.07	--	421	423947	买盘
13:25:44	10.07	--	61	61427	买盘
13:25:39	10.07	--	255	256785	卖盘
13:25:34	10.07	-0.03	277	279684	卖盘
13:25:29	10.1	0.05	3849	3887490	买盘
13:25:23	10.05	-0.04	4075	4095375	卖盘
13:25:19	10.09	0.02	108	109234	买盘
13:25:14	10.07	-0.01	13034	13125238	卖盘
13:25:08	10.08	--	68	68544	买盘
13:25:04	10.08	0.01	330	332640	买盘
13:24:59	10.07	-0.02	696	701617	卖盘
13:24:53	10.09	0.01	950	958550	买盘
13:24:49	10.08	--	148	149184	买盘
13:24:44	10.08	-0.01	4422	4457376	卖盘
13:24:38	10.09	--	80	80720	买盘
13:24:34	10.09	--	142	143278	买盘
13:24:29	10.09	--	100	100900	买盘
13:24:23	10.09	--	94	94846	买盘
13:24:19	10.09	-0.01	605	610445	卖盘
13:24:14	10.1	--	864	872640	买盘
13:24:08	10.1	--	111	112110	买盘
13:24:04	10.1	--	220	222200	买盘
13:23:59	10.1	0.01	1126	1137260	买盘
13:23:53	10.09	-0.01	784	791056	卖盘
13:23:49	10.1	--	219	221190	买盘
13:23:44	10.1	--	141	142410	卖盘
13:23:38	10.1	--	315	319099	买盘
13:23:34	10.1	0.01	17	17170	买盘
13:23:29	10.09	0.01	88	88792	中性盘
13:23:23	10.08	-0.01	31	31248	卖盘
13:23:19	10.09	-0.02	1497	1510533	卖盘
13:23:14	10.11	--	975	985725	买盘
13:23:08	10.11	0.02	863	872493	买盘
13:23:04	10.09	-0.01	4005	4041045	卖盘
13:22:59	10.1	--	147	148470	买盘
13:22:53	10.1	--	406	410060	买盘
13:22:49	10.1	--	803	811030	买盘
13:22:44	10.1	--	325	328250	买盘
13:22:38	10.1	--	221	223210	卖盘
13:22:34	10.1	-0.01	3476	3510760	卖盘
13:22:29	10.11	--	143	144573	买盘
13:22:23	10.11	--	62	62682	买盘
13:22:19	10.11	0.01	129	130418	买盘
13:22:14	10.1	--	789	796890	卖盘
13:22:08	10.1	-0.02	55	55550	卖盘
13:22:04	10.12	0.01	3319	3358827	买盘
13:21:59	10.11	-0.01	156	157716	卖盘
13:21:53	10.12	0.01	18	18216	买盘
13:21:49	10.11	--	54	54594	卖盘
13:21:44	10.11	-0.01	142	143562	卖盘
13:21:38	10.12	0.01	84	85008	买盘
13:21:34	10.11	0.01	102	103122	卖盘
13:21:29	10.1	-0.02	2927	2956270	卖盘
13:21:23	10.12	0.01	11	11132	买盘
13:21:19	10.11	-0.01	11	11121	中性盘
13:21:13	10.12	0.01	358	362296	买盘
13:21:08	10.11	--	13	13143	买盘
13:21:04	10.11	-0.01	192	194112	卖盘
13:20:59	10.12	--	550	556600	买盘
13:20:53	10.12	--	51	51611	买盘
13:20:48	10.12	0.01	1046	1058552	买盘
13:20:43	10.11	--	20	20220	卖盘
13:20:38	10.11	--	240	242640	卖盘
13:20:33	10.11	--	89	89979	卖盘
13:20:28	10.11	--	706	713766	卖盘
13:20:23	10.11	0.01	38	38418	卖盘
13:20:18	10.1	--	350	353500	卖盘
13:20:13	10.1	--	20	20200	卖盘
13:20:08	10.1	-0.01	95	95950	卖盘
13:20:03	10.11	0.02	1393	1408323	买盘
13:19:58	10.09	-0.01	91	91819	卖盘
13:19:53	10.1	--	353	356530	买盘
13:19:48	10.1	-0.01	328	331280	卖盘
13:19:43	10.11	0.01	105	106155	买盘
13:19:38	10.1	--	88	88880	买盘
13:19:33	10.1	--	136	137360	买盘
13:19:28	10.1	-0.02	868	876680	卖盘
13:19:23	10.12	0.02	77	77924	买盘
13:19:18	10.1	-0.01	1782	1799820	卖盘
13:19:13	10.11	0.01	31	31341	买盘
13:19:08	10.1	-0.02	47	47470	卖盘
13:19:03	10.12	0.02	110	111319	买盘
13:18:58	10.1	--	758	765580	买盘
13:18:53	10.1	0.01	122	123220	买盘
13:18:47	10.09	-0.01	9	9081	中性盘
13:18:43	10.1	0.01	952	961520	买盘
13:18:38	10.09	-0.01	864	871776	卖盘
13:18:32	10.1	0.02	41	41410	买盘
13:18:28	10.08	-0.01	539	543312	卖盘
13:18:23	10.09	-0.03	332	335936	卖盘
13:18:13	10.12	0.03	1324	1339888	买盘
13:18:08	10.09	-0.01	531	535779	卖盘
13:18:02	10.1	0.01	137	138370	买盘
13:17:58	10.09	-0.01	2067	2085603	卖盘
13:17:53	10.1	0.01	825	833250	买盘
13:17:47	10.09	--	108	108972	买盘
13:17:43	10.09	--	1558	1572022	卖盘
13:17:38	10.09	-0.01	118	119062	卖盘
13:17:32	10.1	--	97	97970	买盘
13:17:28	10.1	--	60	60600	买盘
13:17:23	10.1	--	1762	1779620	买盘
13:17:17	10.1	--	191	192910	买盘
13:17:13	10.1	-0.02	3003	3033030	卖盘
13:17:08	10.12	0.02	57	57683	买盘
13:17:02	10.1	-0.01	69	69690	卖盘
13:16:58	10.11	-0.01	108	109188	卖盘
13:16:53	10.12	0.01	273	276276	买盘
13:16:47	10.11	--	95	96045	卖盘
13:16:43	10.11	--	878	887658	卖盘
13:16:38	10.11	-0.01	750	758250	卖盘
13:16:32	10.12	--	144	145728	中性盘
13:16:28	10.12	0.01	153	154836	买盘
13:16:23	10.11	--	531	536841	买盘
13:16:17	10.11	--	229	231519	买盘
13:16:13	10.11	--	110	111210	买盘
13:16:08	10.11	-0.02	439	443829	卖盘
13:16:02	10.13	-0.01	98	99567	卖盘
13:15:58	10.14	--	500	507000	卖盘
13:15:53	10.14	--	482	489467	买盘
13:15:47	10.14	0.03	48	48672	买盘
13:15:43	10.11	-0.03	847	856317	卖盘
13:15:38	10.14	--	482	488748	买盘
13:15:32	10.14	0.04	917	929838	买盘
13:15:28	10.1	--	166	167660	卖盘
13:15:23	10.1	--	61	61610	卖盘
13:15:17	10.1	-0.04	15	15150	卖盘
13:15:12	10.14	0.04	1296	1314144	买盘
13:15:08	10.1	--	829	837290	买盘
13:15:02	10.1	--	269	271690	买盘
13:14:58	10.1	0.01	1733	1750330	买盘
13:14:53	10.09	--	720	726480	卖盘
13:14:47	10.09	-0.01	1131	1141179	卖盘
13:14:43	10.1	0.01	846	854460	买盘
13:14:38	10.09	-0.01	699	705291	卖盘
13:14:32	10.1	--	141	142410	买盘
13:14:27	10.1	0.01	594	599940	买盘
13:14:23	10.09	--	23	23207	卖盘
13:14:17	10.09	--	354	357186	买盘
13:14:12	10.09	0.01	600	605400	买盘
13:14:07	10.08	-0.01	942	949536	卖盘
13:14:02	10.09	--	68	68612	买盘
13:13:57	10.09	-0.01	2339	2360051	卖盘
13:13:52	10.1	--	586	591860	买盘
13:13:47	10.1	--	43	43430	买盘
13:13:42	10.1	-0.02	4931	4980784	卖盘
13:13:37	10.12	--	1423	1440076	卖盘
13:13:32	10.12	--	1374	1391024	买盘
13:13:27	10.12	-0.01	1599	1618481	卖盘
13:13:22	10.13	--	81	82053	买盘
13:13:17	10.13	--	1194	1209522	买盘
13:13:12	10.13	0.01	1619	1640047	卖盘
13:13:07	10.12	-0.01	1137	1150644	卖盘
13:13:02	10.13	--	143	144859	买盘
13:12:57	10.13	--	216	218808	买盘
13:12:52	10.13	--	624	632112	卖盘
13:12:47	10.13	--	39	39507	卖盘
13:12:42	10.13	0.01	36	36468	买盘
13:12:37	10.12	--	196	198351	卖盘
13:12:32	10.12	--	142	143704	卖盘
13:12:27	10.12	--	296	299552	卖盘
13:12:22	10.12	--	787	796443	卖盘
13:12:17	10.12	--	145	147458	买盘
13:12:11	10.12	--	17	17204	买盘
13:12:07	10.12	0.01	1729	1749747	买盘
13:12:02	10.11	--	447	451917	买盘
13:11:56	10.11	--	31	31341	买盘
13:11:52	10.11	-0.01	1400	1415400	中性盘
13:11:47	10.12	0.01	509	515107	买盘
13:11:41	10.11	0.01	38	38418	买盘
13:11:37	10.1	--	340	343692	卖盘
13:11:32	10.1	-0.01	593	598930	卖盘
13:11:26	10.11	0.01	70	70770	卖盘
13:11:22	10.1	--	164	166357	买盘
13:11:17	10.1	--	1490	1505192	卖盘
13:11:11	10.1	--	16	16160	卖盘
13:11:07	10.1	0.01	366	370377	买盘
13:11:02	10.09	-0.01	183	184647	卖盘
13:10:56	10.1	--	141	142410	买盘
13:10:52	10.1	0.01	747	754470	买盘
13:10:47	10.09	-0.01	1229	1240061	卖盘
13:10:41	10.1	--	256	258560	买盘
13:10:37	10.1	-0.01	200	202292	卖盘
13:10:32	10.11	0.01	1826	1846086	买盘
13:10:26	10.1	--	81	81810	卖盘
13:10:22	10.1	--	3187	3219829	买盘
13:10:17	10.1	0.01	3622	3658220	买盘
13:10:11	10.09	-0.01	89	89801	卖盘
13:10:07	10.1	0.02	1008	1018160	买盘
13:10:02	10.08	-0.01	609	613872	卖盘
13:09:56	10.09	0.02	129	130161	买盘
13:09:52	10.07	-0.01	229	230603	卖盘
13:09:47	10.08	-0.01	580	584640	卖盘
13:09:41	10.09	0.01	36	36324	买盘
13:09:37	10.08	-0.01	252	254016	卖盘
13:09:32	10.09	0.01	216	217944	买盘
13:09:26	10.08	--	116	116928	买盘
13:09:22	10.08	--	362	364896	买盘
13:09:17	10.08	-0.01	1577	1589616	卖盘
13:09:11	10.09	--	72	72648	买盘
13:09:07	10.09	0.01	163	164467	买盘
13:09:02	10.08	-0.01	1166	1175328	卖盘
13:08:56	10.09	0.01	73	73657	买盘
13:08:52	10.08	--	223	224784	卖盘
13:08:47	10.08	--	430	433440	买盘
13:08:41	10.08	--	1657	1670256	买盘
13:08:37	10.08	--	138	139104	买盘
13:08:32	10.08	0.01	128	129024	买盘
13:08:26	10.07	--	53	53371	卖盘
13:08:21	10.07	--	423	425961	卖盘
13:08:17	10.07	0.01	1283	1291981	买盘
13:08:11	10.06	--	114	114684	卖盘
13:08:07	10.06	-0.01	18049	18157294	卖盘
13:08:02	10.07	0.01	1183	1191281	买盘
13:07:56	10.06	--	80	80480	买盘
13:07:51	10.06	-0.01	1748	1758488	卖盘
13:07:46	10.07	--	730	735110	买盘
13:07:40	10.07	--	66	66462	卖盘
13:07:36	10.07	-0.01	10179	10250253	卖盘
13:07:31	10.08	--	224	225792	买盘
13:07:26	10.08	0.01	95	95760	买盘
13:07:21	10.07	-0.03	807	812649	卖盘
13:07:16	10.1	0.02	599	604990	买盘
13:07:11	10.08	-0.01	334	336672	卖盘
13:07:06	10.09	-0.01	2261	2281349	卖盘
13:07:01	10.1	--	116	117160	买盘
13:06:56	10.1	--	62	62620	买盘
13:06:51	10.1	--	612	618120	买盘
13:06:46	10.1	-0.01	1296	1309252	卖盘
13:06:41	10.11	--	199	201189	买盘
13:06:36	10.11	-0.02	645	652812	卖盘
13:06:31	10.13	0.01	520	526760	买盘
13:06:21	10.12	0.02	59	59707	买盘
13:06:16	10.1	-0.01	703	710030	卖盘
13:06:11	10.11	--	6	6066	买盘
13:06:06	10.11	--	376	380136	买盘
13:06:01	10.11	--	613	619743	买盘
13:05:56	10.11	--	213	215343	买盘
13:05:51	10.11	0.01	99	100089	买盘
13:05:46	10.1	--	153	154530	卖盘
13:05:41	10.1	-0.01	14	14140	卖盘
13:05:36	10.11	-0.01	177	178947	中性盘
13:05:31	10.12	0.02	1138	1151656	买盘
13:05:26	10.1	-0.01	87	87870	卖盘
13:05:21	10.11	0.01	419	423609	买盘
13:05:16	10.1	--	192	193920	买盘
13:05:11	10.1	--	305	308050	卖盘
13:05:05	10.1	-0.01	296	298960	卖盘
13:05:01	10.11	--	908	917988	买盘
13:04:56	10.11	--	16	16176	买盘
13:04:50	10.11	0.01	88	88968	买盘
13:04:46	10.1	0.01	1023	1033230	买盘
13:04:41	10.09	-0.01	1161	1171449	卖盘
13:04:35	10.1	--	44	44440	买盘
13:04:31	10.1	0.01	164	165640	买盘
13:04:26	10.09	-0.01	3483	3514347	卖盘
13:04:20	10.1	--	5	5050	卖盘
13:04:16	10.1	0.02	169	170690	买盘
13:04:11	10.08	-0.03	584	588672	卖盘
13:04:05	10.11	0.03	1355	1369905	买盘
13:04:01	10.08	-0.02	396	399168	卖盘
13:03:56	10.1	0.01	601	607010	买盘
13:03:50	10.09	-0.01	11	11099	卖盘
13:03:46	10.1	0.02	154	155540	中性盘
13:03:41	10.08	0.02	1304	1315067	买盘
13:03:35	10.06	-0.02	1764	1774956	卖盘
13:03:31	10.08	-0.01	2060	2076480	卖盘
13:03:26	10.09	0.01	6884	6945956	买盘
13:03:20	10.08	--	104	104832	卖盘
13:03:16	10.08	--	371	373968	买盘
13:03:11	10.08	--	537	541296	买盘
13:03:05	10.08	--	96	96768	买盘
13:03:01	10.08	-0.01	1230	1239840	卖盘
13:02:56	10.09	0.01	244	246196	卖盘
13:02:50	10.08	-0.02	894	901152	卖盘
13:02:46	10.1	0.01	125	126250	买盘
13:02:41	10.09	--	124	125116	卖盘
13:02:35	10.09	-0.01	113	114017	卖盘
13:02:31	10.1	0.01	269	271690	买盘
13:02:26	10.09	0.01	386	389474	买盘
13:02:20	10.08	-0.02	77	77616	卖盘
13:02:15	10.1	--	7011	7081110	买盘
13:02:11	10.1	0.02	616	622160	买盘
13:02:05	10.08	-0.01	83	83664	卖盘
13:02:01	10.09	--	113	114017	买盘
13:01:56	10.09	--	444	447996	卖盘
13:01:50	10.09	-0.01	358	361222	卖盘
13:01:46	10.1	--	4367	4410670	买盘
13:01:41	10.1	-0.02	1241	1253410	卖盘
13:01:35	10.12	--	24	24287	买盘
13:01:30	10.12	--	1395	1411740	买盘
13:01:26	10.12	--	253	256035	买盘
13:01:20	10.12	-0.01	2461	2490532	卖盘
13:01:15	10.13	0.01	1152	1166976	买盘
13:01:11	10.12	--	6054	6126647	买盘
13:01:05	10.12	--	46	46552	买盘
13:01:00	10.12	--	25	25299	买盘
13:00:55	10.12	-0.01	315	318780	卖盘
13:00:49	10.13	--	499	505487	买盘
13:00:45	10.13	-0.01	36	36468	中性盘
13:00:40	10.14	--	2343	2375802	买盘
13:00:35	10.14	--	193	195702	买盘
13:00:30	10.14	--	124	125736	买盘
13:00:25	10.14	--	70	70980	买盘
13:00:20	10.14	-0.02	1798	1824023	卖盘
13:00:15	10.16	0.01	882	896274	买盘
13:00:10	10.15	--	1687	1712305	卖盘
13:00:05	10.15	--	2547	2585205	卖盘
13:00:00	10.15	--	575	583625	买盘
11:30:00	10.15	--	0	0	买盘
11:29:59	10.15	--	0	0	买盘
11:29:59	10.15	-0.03	48	48720	卖盘
11:29:55	10.18	0.06	37	37666	买盘
11:29:51	10.12	-0.06	2004	2028047	卖盘
11:29:46	10.18	0.06	334	340012	买盘
11:29:40	10.12	-0.01	295	298540	卖盘
11:29:36	10.13	--	187	189431	买盘
11:29:31	10.13	--	2334	2364342	卖盘
11:29:25	10.13	-0.01	243	246159	卖盘
11:29:21	10.14	-0.02	408	413712	卖盘
11:29:16	10.16	0.01	800	812800	卖盘
11:29:10	10.15	-0.01	229	232435	卖盘
11:29:06	10.16	0.02	349	354584	中性盘
11:29:01	10.14	-0.02	382	387348	卖盘
11:28:55	10.16	--	33	33528	买盘
11:28:51	10.16	0.01	29	29464	买盘
11:28:46	10.15	-0.03	2984	3028760	卖盘
11:28:40	10.18	--	1	1018	买盘
11:28:36	10.18	--	112	114016	买盘
11:28:31	10.18	--	428	435704	买盘
11:28:25	10.18	0.02	116	118088	买盘
11:28:21	10.16	-0.02	66	67056	卖盘
11:28:16	10.18	-0.01	144	146592	卖盘
11:28:10	10.19	0.03	58	59102	买盘
11:28:06	10.16	--	540	548640	买盘
11:28:01	10.16	--	205	208280	买盘
11:27:55	10.16	0.01	34	34544	买盘
11:27:51	10.15	--	1603	1627045	买盘
11:27:46	10.15	--	457	463855	买盘
11:27:40	10.15	--	76	77140	买盘
11:27:36	10.15	0.01	763	774445	买盘
11:27:31	10.14	0.01	493	499902	买盘
11:27:25	10.13	--	19	19247	卖盘
11:27:21	10.13	-0.01	143	144859	卖盘
11:27:16	10.14	0.03	1428	1447992	买盘
11:27:10	10.11	-0.02	3134	3168474	卖盘
11:27:06	10.13	0.01	730	739490	买盘
11:27:01	10.12	--	536	542432	买盘
11:26:55	10.12	0.01	253	256035	买盘
11:26:51	10.11	-0.02	1145	1157595	卖盘
11:26:46	10.13	0.02	405	410265	买盘
11:26:40	10.11	--	16	16176	买盘
11:26:36	10.11	--	3596	3635556	卖盘
11:26:31	10.11	--	130	131430	卖盘
11:26:25	10.11	0.01	1054	1065594	买盘
11:26:21	10.1	--	1375	1388750	卖盘
11:26:16	10.1	--	119	120190	卖盘
11:26:10	10.1	--	79	79790	卖盘
11:26:06	10.1	--	3083	3114032	买盘
11:26:01	10.1	--	294	296940	买盘
11:25:55	10.1	--	614	620140	买盘
11:25:51	10.1	--	3254	3287348	卖盘
11:25:46	10.1	-0.01	848	856682	卖盘
11:25:40	10.11	0.01	247	249717	买盘
11:25:36	10.1	-0.01	2428	2452280	卖盘
11:25:31	10.11	0.01	33	33363	买盘
11:25:25	10.1	--	45	45450	卖盘
11:25:21	10.1	--	974	983740	买盘
11:25:16	10.1	0.01	967	976670	买盘
11:25:10	10.09	-0.01	138	139242	卖盘
11:25:06	10.1	--	314	317140	买盘
11:25:01	10.1	--	698	704980	卖盘
11:24:55	10.1	--	2125	2146250	卖盘
11:24:49	10.1	0.01	2119	2140190	买盘
11:24:46	10.09	-0.01	6464	6522176	卖盘
11:24:40	10.1	--	679	685790	买盘
11:24:34	10.1	--	126	127260	买盘
11:24:31	10.1	--	4528	4573280	卖盘
11:24:25	10.1	0.01	1741	1759046	买盘
11:24:19	10.09	-0.01	369	372321	买盘
11:24:16	10.1	--	8142	8223793	买盘
11:24:10	10.1	--	3987	4026870	买盘
11:24:04	10.1	--	242	244420	买盘
11:24:01	10.1	0.01	2993	3022930	中性盘
11:23:55	10.09	-0.02	15479	15618815	卖盘
11:23:49	10.11	--	517	522686	买盘
11:23:46	10.11	0.01	2334	2359674	买盘
11:23:40	10.1	-0.01	1507	1522878	卖盘
11:23:34	10.11	0.01	94	95034	买盘
11:23:30	10.1	--	409	413423	买盘
11:23:25	10.1	--	5016	5066160	买盘
11:23:19	10.1	--	277	279770	买盘
11:23:15	10.1	--	1094	1104940	买盘
11:23:10	10.1	--	4212	4254796	卖盘
11:23:04	10.1	--	951	960510	卖盘
11:23:00	10.1	--	98	98980	卖盘
11:22:55	10.1	0.03	12783	12911163	买盘
11:22:49	10.07	-0.01	1308	1317156	卖盘
11:22:45	10.08	--	2310	2328480	买盘
11:22:40	10.08	0.01	2642	2663136	买盘
11:22:34	10.07	-0.01	3131	3152917	卖盘
11:22:30	10.08	0.01	1008	1016064	买盘
11:22:25	10.07	--	6538	6583766	买盘
11:22:19	10.07	-0.01	2114	2128798	卖盘
11:22:15	10.08	--	755	761040	买盘
11:22:10	10.08	--	305	307440	买盘
11:22:04	10.08	-0.01	646	651168	中性盘
11:22:00	10.09	--	3568	3600112	买盘
11:21:55	10.09	--	487	491383	买盘
11:21:49	10.09	-0.01	6865	6926785	卖盘
11:21:45	10.1	-0.01	3440	3474400	卖盘
11:21:40	10.11	--	6539	6610929	买盘
11:21:34	10.11	--	1558	1575138	买盘
11:21:30	10.11	--	2050	2073055	卖盘
11:21:25	10.11	-0.01	1710	1728810	卖盘
11:21:19	10.12	-0.01	11143	11276716	卖盘
11:21:15	10.13	--	464	470032	买盘
11:21:10	10.13	--	111	112443	买盘
11:21:04	10.13	--	897	908661	买盘
11:21:00	10.13	-0.01	715	724295	卖盘
11:20:55	10.14	--	871	883194	买盘
11:20:49	10.14	--	160	162240	买盘
11:20:45	10.14	--	4427	4488978	卖盘
11:20:40	10.14	-0.01	426	431964	卖盘
11:20:34	10.15	0.01	141	143115	买盘
11:20:30	10.14	-0.01	36	36504	卖盘
11:20:25	10.15	--	1600	1624000	买盘
11:20:19	10.15	--	105	106575	买盘
11:20:15	10.15	-0.01	3060	3105900	卖盘
11:20:10	10.16	--	765	777240	买盘
11:20:04	10.16	0.01	142	144272	买盘
11:20:00	10.15	-0.01	442	448630	卖盘
11:19:55	10.16	--	2010	2042160	卖盘
11:19:49	10.16	-0.01	68	69088	卖盘
11:19:45	10.17	0.02	1166	1185822	买盘
11:19:40	10.15	-0.02	2870	2913050	卖盘
11:19:34	10.17	0.01	378	384426	买盘
11:19:30	10.16	--	1852	1881632	买盘
11:19:25	10.16	--	453	460248	买盘
11:19:19	10.16	0.01	15	15240	买盘
11:19:15	10.15	-0.03	517	524755	卖盘
11:19:10	10.18	0.01	1302	1325436	买盘
11:19:04	10.17	-0.01	365	371205	中性盘
11:19:00	10.18	0.01	230	234140	中性盘
11:18:55	10.17	0.01	209	212553	中性盘
11:18:49	10.16	-0.02	225	228600	卖盘
11:18:45	10.18	0.03	1302	1325436	买盘
11:18:40	10.15	-0.01	1468	1490020	卖盘
11:18:34	10.16	--	48	48768	买盘
11:18:28	10.16	0.01	97	98552	买盘
11:18:25	10.15	-0.01	300	304500	卖盘
11:18:19	10.16	--	1352	1373632	买盘
11:18:13	10.16	--	177	179832	买盘
11:18:10	10.16	0.01	491	498856	买盘
11:18:04	10.15	--	266	269990	卖盘
11:17:58	10.15	--	35	35525	卖盘
11:17:54	10.15	0.01	917	930755	买盘
11:17:49	10.14	-0.01	1518	1539252	卖盘
11:17:43	10.15	--	331	335965	买盘
11:17:39	10.15	--	2067	2098005	买盘
11:17:34	10.15	--	163	165445	买盘
11:17:28	10.15	--	91	92365	买盘
11:17:25	10.15	0.01	1811	1838165	买盘
11:17:19	10.14	0.01	181	183534	买盘
11:17:13	10.13	-0.01	1189	1204457	卖盘
11:17:09	10.14	-0.01	794	805116	中性盘
11:17:04	10.15	0.01	5776	5862640	买盘
11:16:58	10.14	-0.02	124	125736	卖盘
11:16:54	10.16	0.01	779	791464	买盘
11:16:49	10.15	--	163	165445	买盘
11:16:43	10.15	--	214	217210	卖盘
11:16:39	10.15	-0.01	245	248675	卖盘
11:16:34	10.16	0.01	549	557784	买盘
11:16:28	10.15	-0.01	67	68005	卖盘
11:16:24	10.16	0.02	143	145288	买盘
11:16:19	10.14	-0.01	1120	1135680	卖盘
11:16:13	10.15	--	75	76125	买盘
11:16:09	10.15	--	394	399910	买盘
11:16:04	10.15	0.02	290	294350	卖盘
11:15:58	10.13	-0.01	4086	4139118	卖盘
11:15:54	10.14	--	527	534378	卖盘
11:15:49	10.14	-0.01	103	104442	卖盘
11:15:43	10.15	--	3167	3214505	买盘
11:15:39	10.15	0.01	1746	1772190	买盘
11:15:34	10.14	-0.01	763	773682	卖盘
11:15:28	10.15	0.01	3673	3728095	买盘
11:15:24	10.14	-0.01	89	90246	卖盘
11:15:19	10.15	--	346	351190	买盘
11:15:13	10.15	0.02	100	101500	买盘
11:15:09	10.13	-0.01	640	648320	卖盘
11:15:04	10.14	--	1810	1835340	卖盘
11:14:58	10.14	-0.01	15	15210	卖盘
11:14:54	10.15	0.01	4511	4578665	买盘
11:14:49	10.14	--	918	930852	买盘
11:14:43	10.14	0.01	81	82134	买盘
11:14:39	10.13	-0.01	1735	1758061	卖盘
11:14:34	10.14	--	2608	2644512	买盘
11:14:28	10.14	--	1401	1420614	买盘
11:14:24	10.14	0.01	3864	3918096	买盘
11:14:19	10.13	--	517	523721	买盘
11:14:13	10.13	--	72	72936	买盘
11:14:09	10.13	-0.02	1749	1771737	卖盘
11:14:04	10.15	0.02	347	352205	买盘
11:13:58	10.13	-0.01	267	270471	卖盘
11:13:54	10.14	0.01	2090	2119260	买盘
11:13:49	10.13	0.01	304	307952	卖盘
11:13:43	10.12	-0.01	1467	1484604	卖盘
11:13:39	10.13	0.01	538	544994	买盘
11:13:34	10.12	-0.01	968	979615	卖盘
11:13:28	10.13	--	264	267432	买盘
11:13:24	10.13	--	2532	2564916	买盘
11:13:19	10.13	0.02	1158	1173054	买盘
11:13:13	10.11	-0.02	75	75825	卖盘
11:13:09	10.13	--	287	290731	买盘
11:13:04	10.13	-0.01	364	368732	中性盘
11:12:58	10.14	-0.01	77	78078	中性盘
11:12:54	10.15	0.01	13151	13348265	买盘
11:12:49	10.14	-0.01	1458	1478412	卖盘
11:12:43	10.15	-0.01	532	539980	卖盘
11:12:39	10.16	--	758	770128	买盘
11:12:34	10.16	--	1537	1561592	买盘
11:12:28	10.16	--	241	244856	买盘
11:12:22	10.16	-0.01	123	124968	中性盘
11:12:19	10.17	--	756	768852	买盘
11:12:13	10.17	--	636	646812	卖盘
11:12:07	10.17	--	323	328491	卖盘
11:12:04	10.17	--	1495	1520415	买盘
11:11:58	10.17	--	182	185094	买盘
11:11:52	10.17	--	214	217638	买盘
11:11:49	10.17	-0.02	722	734274	卖盘
11:11:43	10.19	0.01	213	217047	买盘
11:11:37	10.18	--	155	157790	卖盘
11:11:34	10.18	-0.01	853	868354	卖盘
11:11:28	10.19	0.02	411	418809	买盘
11:11:22	10.17	--	462	469854	买盘
11:11:19	10.17	--	561	570537	卖盘
11:11:13	10.17	-0.01	718	730206	卖盘
11:11:07	10.18	0.01	19	19342	买盘
11:11:03	10.17	-0.01	406	412902	卖盘
11:10:58	10.18	0.02	384	390912	买盘
11:10:52	10.16	-0.01	141	143256	卖盘
11:10:48	10.17	0.01	244	248148	买盘
11:10:43	10.16	0.02	110	111760	中性盘
11:10:37	10.14	-0.02	1084	1099176	卖盘
11:10:33	10.16	--	120	121920	买盘
11:10:28	10.16	0.03	1979	2010664	买盘
11:10:22	10.13	--	3087	3127131	卖盘
11:10:18	10.13	--	3931	3982103	卖盘
11:10:13	10.13	0.01	3034	3073442	买盘
11:10:07	10.12	-0.01	412	416943	中性盘
11:10:03	10.13	0.01	787	797231	买盘
11:09:58	10.12	0.02	6773	6854275	买盘
11:09:52	10.1	-0.02	599	604990	卖盘
11:09:48	10.12	--	7537	7627443	买盘
11:09:43	10.12	--	1752	1773023	买盘
11:09:37	10.12	--	443	448315	买盘
11:09:33	10.12	-0.02	8294	8393528	卖盘
11:09:28	10.14	--	10775	10925850	买盘
11:09:22	10.14	--	164	166296	买盘
11:09:18	10.14	-0.01	4056	4112784	卖盘
11:09:13	10.15	--	474	481110	买盘
11:09:07	10.15	--	710	720650	买盘
11:09:03	10.15	-0.01	1840	1867600	卖盘
11:08:58	10.16	--	3904	3966464	卖盘
11:08:52	10.16	--	156	158496	买盘
11:08:48	10.16	-0.01	189	192024	卖盘
11:08:43	10.17	0.01	1728	1757376	买盘
11:08:37	10.16	-0.01	94	95504	卖盘
11:08:33	10.17	--	184	187128	买盘
11:08:28	10.17	--	7479	7606143	卖盘
11:08:22	10.17	-0.01	5501	5594517	卖盘
11:08:18	10.18	0.01	196	199528	买盘
11:08:13	10.17	-0.02	5884	5984028	卖盘
11:08:07	10.19	0.01	239	243541	买盘
11:08:03	10.18	-0.01	346	352228	卖盘
11:07:58	10.19	--	2508	2555652	卖盘
11:07:52	10.19	-0.01	1700	1732300	卖盘
11:07:48	10.2	-0.01	532	542640	卖盘
11:07:43	10.21	-0.01	147	150087	卖盘
11:07:37	10.22	--	504	515088	买盘
11:07:33	10.22	0.01	200	204400	买盘
11:07:28	10.21	-0.01	1383	1412043	卖盘
11:07:22	10.22	-0.01	11	11242	卖盘
11:07:18	10.23	-0.01	2662	2723226	卖盘
11:07:13	10.24	--	324	331776	买盘
11:07:07	10.24	-0.01	189	193536	卖盘
11:07:03	10.25	--	129	132225	买盘
11:06:58	10.25	--	391	400980	卖盘
11:06:52	10.25	--	2	2050	卖盘
11:06:48	10.25	--	339	347475	卖盘
11:06:43	10.25	0.01	621	636525	买盘
11:06:37	10.24	0.01	38	38912	买盘
11:06:33	10.23	--	886	906378	卖盘
11:06:28	10.23	-0.01	994	1016862	卖盘
11:06:22	10.24	--	25	25600	卖盘
11:06:18	10.24	0.01	399	409395	买盘
11:06:13	10.23	--	133	136059	卖盘
11:06:07	10.23	--	24	24552	卖盘
11:06:01	10.23	0.01	200	204600	买盘
11:05:58	10.22	0.01	312	318864	买盘
11:05:52	10.21	-0.01	535	546235	卖盘
11:05:46	10.22	--	362	369964	卖盘
11:05:43	10.22	--	570	582540	卖盘
11:05:37	10.22	-0.01	178	181916	卖盘
11:05:31	10.23	0.01	73	74679	买盘
11:05:28	10.22	0.02	367	375074	中性盘
11:05:22	10.2	-0.02	511	521219	卖盘
11:05:16	10.22	0.03	2	2044	买盘
11:05:13	10.19	0.01	1179	1201401	买盘
11:05:07	10.18	-0.01	224	228032	卖盘
11:05:01	10.19	--	53	54007	买盘
11:04:58	10.19	0.02	134	136546	买盘
11:04:52	10.17	--	571	580707	卖盘
11:04:46	10.17	--	121	123057	卖盘
11:04:42	10.17	0.01	6831	6947127	买盘
11:04:37	10.16	0.01	4443	4514088	买盘
11:04:31	10.15	-0.01	690	700350	卖盘
11:04:27	10.16	--	1181	1199896	买盘
11:04:22	10.16	0.01	2522	2562352	买盘
11:04:16	10.15	-0.03	11296	11465440	卖盘
11:04:12	10.18	0.01	11983	12198694	买盘
11:04:07	10.17	--	1064	1082088	买盘
11:04:01	10.17	--	229	232893	买盘
11:03:57	10.17	--	1260	1281420	卖盘
11:03:52	10.17	--	1026	1043442	卖盘
11:03:46	10.17	0.01	128	130176	买盘
11:03:42	10.16	-0.01	2225	2260600	卖盘
11:03:37	10.17	-0.01	764	776988	卖盘
11:03:31	10.18	0.01	248	252464	买盘
11:03:27	10.17	-0.02	2760	2806920	卖盘
11:03:22	10.19	--	967	985373	买盘
11:03:16	10.19	--	293	298567	买盘
11:03:12	10.19	0.01	5228	5327332	买盘
11:03:07	10.18	-0.02	2416	2459488	卖盘
11:03:01	10.2	0.01	465	474299	买盘
11:02:57	10.19	--	12491	12728329	卖盘
11:02:52	10.19	0.01	1569	1598811	买盘
11:02:46	10.18	--	1763	1794734	卖盘
11:02:42	10.18	--	445	453010	卖盘
11:02:37	10.18	--	798	812364	买盘
11:02:31	10.18	0.01	138	140484	买盘
11:02:27	10.17	-0.03	1033	1050561	卖盘
11:02:22	10.2	0.01	572	583440	买盘
11:02:16	10.19	--	175	178325	买盘
11:02:12	10.19	-0.01	1155	1176945	卖盘
11:02:07	10.2	--	14343	14629859	买盘
11:02:01	10.2	--	584	595680	买盘
11:01:57	10.2	-0.01	11474	11703480	卖盘
11:01:52	10.21	--	424	432904	买盘
11:01:46	10.21	--	35	35735	买盘
11:01:42	10.21	-0.01	11789	12036569	卖盘
11:01:37	10.22	-0.01	10208	10432576	卖盘
11:01:31	10.23	--	220	225060	买盘
11:01:27	10.23	-0.01	4650	4757461	卖盘
11:01:22	10.24	--	4352	4456960	买盘
11:01:16	10.24	--	122	124928	买盘
11:01:12	10.24	--	76	77824	买盘
11:01:07	10.24	-0.02	3342	3422720	卖盘
11:01:01	10.26	0.01	1779	1825254	买盘
11:00:57	10.25	--	886	908150	卖盘
11:00:52	10.25	-0.03	1578	1617450	卖盘
11:00:46	10.28	0.01	629	646612	买盘
11:00:41	10.27	0.01	28	28756	买盘
11:00:37	10.26	-0.02	712	730512	卖盘
11:00:31	10.28	--	276	283728	买盘
11:00:27	10.28	--	943	969403	卖盘
11:00:22	10.28	-0.01	706	725768	卖盘
11:00:16	10.29	--	45	46304	买盘
11:00:11	10.29	-0.01	395	406454	卖盘
11:00:07	10.3	--	650	669500	买盘
11:00:01	10.3	--	22	22660	买盘
10:59:57	10.3	-0.02	306	315180	卖盘
10:59:52	10.32	0.01	603	622296	买盘
10:59:46	10.31	0.01	115	118565	买盘
10:59:40	10.3	--	112	115360	卖盘
10:59:37	10.3	--	958	986740	卖盘
10:59:31	10.3	0.02	474	488220	卖盘
10:59:25	10.28	--	0	0	卖盘
10:59:22	10.28	--	820	842960	卖盘
10:59:16	10.28	-0.01	135	138780	卖盘
10:59:10	10.29	0.01	67	68943	买盘
10:59:07	10.28	--	50	51400	买盘
10:59:01	10.28	0.02	573	589044	买盘
10:58:55	10.26	-0.01	244	250344	卖盘
10:58:52	10.27	-0.01	133	136591	中性盘
10:58:46	10.28	--	175	179900	买盘
10:58:40	10.28	0.01	38	39064	买盘
10:58:36	10.27	--	312	320424	买盘
10:58:31	10.27	--	1106	1135862	买盘
10:58:25	10.27	0.01	493	506311	买盘
10:58:21	10.26	-0.02	1052	1079352	卖盘
10:58:16	10.28	0.01	383	393724	买盘
10:58:10	10.27	-0.01	73	74971	卖盘
10:58:06	10.28	--	35	35980	买盘
10:58:01	10.28	0.01	265	272420	买盘
10:57:55	10.27	--	15	15405	卖盘
10:57:51	10.27	0.01	234	240318	买盘
10:57:46	10.26	--	62	63612	卖盘
10:57:40	10.26	--	22	22572	卖盘
10:57:36	10.26	--	188	193401	买盘
10:57:31	10.26	0.02	1318	1352268	买盘
10:57:25	10.24	-0.02	1436	1470464	卖盘
10:57:21	10.26	--	1070	1097820	买盘
10:57:16	10.26	0.01	926	950076	买盘
10:57:10	10.25	-0.01	513	525825	卖盘
10:57:06	10.26	0.01	2243	2301318	买盘
10:57:01	10.25	--	150	153750	买盘
10:56:55	10.25	--	9386	9620650	买盘
10:56:51	10.25	--	190	194750	买盘
10:56:46	10.25	--	5220	5350500	买盘
10:56:40	10.25	--	673	689825	卖盘
10:56:36	10.25	-0.01	2512	2574800	卖盘
10:56:31	10.26	--	257	263682	买盘
10:56:25	10.26	-0.02	1343	1377918	卖盘
10:56:21	10.28	--	3893	4002003	买盘
10:56:16	10.28	--	372	382416	买盘
10:56:10	10.28	-0.01	89	91492	卖盘
10:56:06	10.29	--	197	202712	卖盘
10:56:01	10.29	--	153	157437	卖盘
10:55:55	10.29	--	21	21609	卖盘
10:55:51	10.29	0.01	2497	2569413	卖盘
10:55:46	10.28	0.02	834	857352	买盘
10:55:40	10.26	-0.02	949	973674	卖盘
10:55:36	10.28	-0.01	449	461572	卖盘
10:55:25	10.29	0.01	196	201683	买盘
10:55:21	10.28	--	3231	3321468	买盘
10:55:16	10.28	--	73	75044	买盘
10:55:10	10.28	--	275	282700	买盘
10:55:06	10.28	--	2867	2947276	卖盘
10:55:01	10.28	-0.01	268	275504	买盘
10:54:55	10.29	-0.01	10	10290	卖盘
10:54:51	10.3	0.05	48	49440	买盘
10:54:46	10.25	-0.05	214	219350	卖盘
10:54:40	10.3	--	51	52530	买盘
10:54:36	10.3	--	20091	20693730	卖盘
10:54:31	10.3	0.07	135	139050	卖盘
10:54:25	10.23	--	0	0	卖盘
10:54:21	10.23	-0.07	10255	10490865	卖盘
10:54:16	10.3	--	155	159650	买盘
10:54:10	10.3	0.02	1226	1262780	买盘
10:54:06	10.28	-0.01	9052	9305456	卖盘
10:54:01	10.29	-0.01	802	825257	卖盘
10:53:55	10.3	0.01	6	6180	买盘
10:53:50	10.29	-0.01	91	93638	卖盘
10:53:46	10.3	0.01	2045	2106350	买盘
10:53:40	10.29	--	631	649299	买盘
10:53:34	10.29	--	471	484658	买盘
10:53:31	10.29	-0.01	2395	2464455	卖盘
10:53:25	10.3	--	118	121540	买盘
10:53:19	10.3	--	143	147290	卖盘
10:53:16	10.3	--	35	36050	卖盘
10:53:10	10.3	-0.01	840	865200	卖盘
10:53:04	10.31	0.01	24	24744	买盘
10:53:00	10.3	-0.02	104	107120	卖盘
10:52:55	10.32	--	327	337464	买盘
10:52:49	10.32	0.01	97	100104	买盘
10:52:46	10.31	0.03	2269	2339339	买盘
10:52:40	10.28	-0.02	2496	2565888	卖盘
10:52:34	10.3	--	143	147290	买盘
10:52:30	10.3	--	606	624180	卖盘
10:52:25	10.3	-0.01	132	135960	买盘
10:52:19	10.31	-0.01	36	37116	卖盘
10:52:15	10.32	0.03	193	199176	买盘
10:52:10	10.29	-0.02	1384	1424135	卖盘
10:52:04	10.31	-0.01	13	13403	中性盘
10:52:00	10.32	0.02	368	379776	买盘
10:51:55	10.3	-0.01	91	93730	卖盘
10:51:49	10.31	-0.01	8	8248	卖盘
10:51:45	10.32	--	320	330240	买盘
10:51:40	10.32	--	538	555216	买盘
10:51:34	10.32	-0.01	26	26832	中性盘
10:51:30	10.33	--	295	304735	买盘
10:51:25	10.33	0.01	423	436959	买盘
10:51:19	10.32	-0.01	55	56760	卖盘
10:51:15	10.33	--	177	182841	买盘
10:51:10	10.33	-0.02	99	102267	中性盘
10:51:04	10.35	0.01	1052	1088820	买盘
10:51:00	10.34	0.01	82	84788	卖盘
10:50:55	10.33	--	683	705539	买盘
10:50:49	10.33	-0.01	72	74376	卖盘
10:50:45	10.34	0.01	100	103400	买盘
10:50:40	10.33	0.01	177	182841	卖盘
10:50:34	10.32	-0.02	81	83592	卖盘
10:50:30	10.34	0.01	4	4136	买盘
10:50:25	10.33	-0.01	249	257217	卖盘
10:50:19	10.34	0.01	51	52734	买盘
10:50:15	10.33	--	671	693143	买盘
10:50:10	10.33	-0.01	34	35122	买盘
10:50:04	10.34	0.01	48	49632	买盘
10:50:00	10.33	0.01	554	572282	买盘
10:49:55	10.32	-0.01	299	308568	卖盘
10:49:49	10.33	0.01	41	42353	买盘
10:49:45	10.32	-0.01	534	551088	卖盘
10:49:34	10.33	0.02	21	21693	买盘
10:49:30	10.31	--	806	830986	买盘
10:49:25	10.31	--	210	216510	买盘
10:49:19	10.31	--	30	30930	买盘
10:49:15	10.31	-0.01	113	116503	卖盘
10:49:10	10.32	0.01	159	164088	买盘
10:49:04	10.31	--	180	185580	卖盘
10:49:00	10.31	--	1877	1935187	买盘
10:48:55	10.31	0.01	325	335075	买盘
10:48:49	10.3	0.01	69	71070	买盘
10:48:45	10.29	-0.01	299	307671	卖盘
10:48:40	10.3	-0.01	987	1016610	卖盘
10:48:34	10.31	--	71	73201	买盘
10:48:30	10.31	0.01	281	289711	中性盘
10:48:25	10.3	-0.02	1953	2011590	卖盘
10:48:19	10.32	-0.01	1	1032	中性盘
10:48:15	10.33	-0.01	697	720001	卖盘
10:48:10	10.34	0.01	253	261602	买盘
10:48:04	10.33	--	227	234491	买盘
10:48:00	10.33	0.01	116	119828	买盘
10:47:55	10.32	-0.01	528	544896	卖盘
10:47:49	10.33	-0.01	324	334692	卖盘
10:47:44	10.34	0.01	325	336050	买盘
10:47:40	10.33	--	133	137389	卖盘
10:47:34	10.33	-0.01	102	105366	卖盘
10:47:30	10.34	0.01	35	36190	买盘
10:47:25	10.33	0.01	493	509269	买盘
10:47:19	10.32	0.02	275	283800	买盘
10:47:13	10.3	--	14	14420	卖盘
10:47:10	10.3	-0.02	560	576800	卖盘
10:47:04	10.32	0.02	67	69144	买盘
10:46:58	10.3	--	80	82400	卖盘
10:46:55	10.3	0.02	688	708640	买盘
10:46:49	10.28	-0.02	2236	2298608	卖盘
10:46:43	10.3	0.02	2569	2646070	买盘
10:46:40	10.28	--	1361	1399108	卖盘
10:46:34	10.28	--	432	444096	卖盘
10:46:28	10.28	--	134	137752	卖盘
10:46:25	10.28	0.01	486	499607	买盘
10:46:19	10.27	-0.01	1044	1072188	卖盘
10:46:13	10.28	-0.01	201	206628	卖盘
10:46:09	10.29	--	333	342657	买盘
10:46:04	10.29	0.02	152	156408	买盘
10:45:54	10.27	--	280	287560	买盘
10:45:49	10.27	--	1576	1618552	买盘
10:45:43	10.27	--	165	169455	买盘
10:45:39	10.27	--	923	947921	卖盘
10:45:34	10.27	-0.01	1216	1248832	卖盘
10:45:28	10.28	--	74	76072	买盘
10:45:24	10.28	--	488	501663	买盘
10:45:19	10.28	--	351	360828	买盘
10:45:13	10.28	--	138	141864	买盘
10:45:09	10.28	0.01	243	249803	买盘
10:45:04	10.27	--	619	635713	卖盘
10:44:58	10.27	0.01	3861	3965247	买盘
10:44:54	10.26	-0.01	235	241110	卖盘
10:44:49	10.27	--	5258	5399966	买盘
10:44:43	10.27	--	1049	1077323	买盘
10:44:39	10.27	--	422	433394	买盘
10:44:34	10.27	-0.01	1639	1683253	卖盘
10:44:28	10.28	--	118	121303	买盘
10:44:24	10.28	--	610	627080	买盘
10:44:19	10.28	--	1181	1214068	买盘
10:44:13	10.28	--	89	91492	买盘
10:44:09	10.28	--	721	741188	卖盘
10:44:04	10.28	--	2426	2493928	卖盘
10:43:58	10.28	--	645	663060	买盘
10:43:54	10.28	--	133	136724	买盘
10:43:49	10.28	--	286	294008	买盘
10:43:43	10.28	0.01	2257	2320196	买盘
10:43:39	10.27	-0.01	211	216697	卖盘
10:43:34	10.28	-0.02	179	184012	卖盘
10:43:28	10.3	--	445	458350	买盘
10:43:24	10.3	0.02	315	324450	买盘
10:43:19	10.28	-0.02	45	46260	卖盘
10:43:13	10.3	0.04	36	37080	买盘
10:43:09	10.26	-0.04	3098	3178548	卖盘
10:43:04	10.3	0.02	513	528390	买盘
10:42:58	10.28	--	353	362884	卖盘
10:42:54	10.28	-0.01	347	356716	卖盘
10:42:49	10.29	-0.01	67	68943	买盘
10:42:43	10.3	--	20	20600	买盘
10:42:39	10.3	0.01	3009	3099270	买盘
10:42:34	10.29	-0.01	255	262395	卖盘
10:42:28	10.3	-0.01	2541	2617230	卖盘
10:42:24	10.31	-0.01	56	57736	卖盘
10:42:19	10.32	-0.01	160	165120	卖盘
10:42:13	10.33	--	4	4132	买盘
10:42:09	10.33	--	490	506170	买盘
10:42:04	10.33	-0.01	429	443157	卖盘
10:41:58	10.34	0.01	630	651420	中性盘
10:41:54	10.33	--	167	172511	卖盘
10:41:49	10.33	-0.01	33	34089	卖盘
10:41:43	10.34	--	3	3102	卖盘
10:41:39	10.34	--	1552	1604768	买盘
10:41:34	10.34	0.01	504	521136	买盘
10:41:28	10.33	--	439	453487	卖盘
10:41:24	10.33	-0.01	121	124993	卖盘
10:41:19	10.34	--	259	267806	卖盘
10:41:13	10.34	--	12	12408	卖盘
10:41:09	10.34	0.01	804	831336	买盘
10:41:04	10.33	--	102	105366	卖盘
10:40:58	10.33	-0.01	925	955525	卖盘
10:40:52	10.34	0.01	12	12408	买盘
10:40:49	10.33	-0.02	133	137389	卖盘
10:40:43	10.35	0.01	72	74520	买盘
10:40:37	10.34	--	247	255398	卖盘
10:40:34	10.34	-0.01	21	21714	卖盘
10:40:28	10.35	--	84	86940	买盘
10:40:22	10.35	--	41	42435	卖盘
10:40:19	10.35	--	34	35190	卖盘
10:40:13	10.35	0.01	769	795915	买盘
10:40:07	10.34	0.01	31	32054	买盘
10:40:03	10.33	-0.02	147	151851	卖盘
10:39:58	10.35	--	24	24840	买盘
10:39:52	10.35	0.03	237	245295	买盘
10:39:48	10.32	-0.03	174	179568	卖盘
10:39:43	10.35	0.03	73	75555	买盘
10:39:37	10.32	-0.03	37	38184	卖盘
10:39:33	10.35	--	175	181125	买盘
10:39:28	10.35	0.02	67	69345	买盘
10:39:22	10.33	0.01	28	28924	中性盘
10:39:18	10.32	-0.01	663	684216	卖盘
10:39:13	10.33	0.01	49	50617	买盘
10:39:07	10.32	--	23	23736	卖盘
10:39:03	10.32	0.01	2703	2789496	买盘
10:38:58	10.31	--	315	324765	买盘
10:38:52	10.31	--	80	82480	买盘
10:38:48	10.31	-0.01	1894	1952714	卖盘
10:38:43	10.32	--	208	214656	买盘
10:38:37	10.32	--	67	69144	买盘
10:38:33	10.32	0.01	159	164088	买盘
10:38:28	10.31	--	315	324765	买盘
10:38:22	10.31	0.01	284	292804	买盘
10:38:18	10.3	--	592	609760	卖盘
10:38:13	10.3	--	1140	1174200	买盘
10:38:07	10.3	--	110	113300	买盘
10:38:03	10.3	0.01	1379	1420370	中性盘
10:37:58	10.29	--	929	955940	卖盘
10:37:52	10.29	--	193	198596	卖盘
10:37:48	10.29	0.01	704	724415	买盘
10:37:43	10.28	-0.01	436	448208	卖盘
10:37:37	10.29	0.02	262	269598	买盘
10:37:33	10.27	-0.01	2763	2837601	卖盘
10:37:28	10.28	--	421	432788	卖盘
10:37:22	10.28	0.01	36	37008	买盘
10:37:18	10.27	--	555	569985	卖盘
10:37:13	10.27	--	333	341991	卖盘
10:37:07	10.27	-0.01	11	11297	卖盘
10:37:03	10.28	--	6652	6838256	买盘
10:36:58	10.28	0.01	333	342324	买盘
10:36:52	10.27	0.01	53	54431	买盘
10:36:48	10.26	--	537	550962	买盘
10:36:43	10.26	-0.02	3262	3346812	卖盘
10:36:37	10.28	0.02	1343	1380604	买盘
10:36:33	10.26	--	7713	7913538	买盘
10:36:28	10.26	--	2422	2484972	买盘
10:36:22	10.26	-0.02	4710	4832460	卖盘
10:36:18	10.28	--	391	401948	买盘
10:36:13	10.28	--	1482	1523496	卖盘
10:36:07	10.28	-0.01	36	37008	卖盘
10:36:03	10.29	0.01	2764	2844155	买盘
10:35:58	10.28	--	235	241579	买盘
10:35:52	10.28	--	123	126443	买盘
10:35:48	10.28	--	78	80184	买盘
10:35:42	10.28	--	265	272420	卖盘
10:35:37	10.28	-0.01	272	279616	卖盘
10:35:33	10.29	0.01	245	252104	买盘
10:35:28	10.28	-0.01	285	292980	卖盘
10:35:22	10.29	0.01	35	36015	买盘
10:35:18	10.28	--	11322	11639488	买盘
10:35:13	10.28	--	472	485215	卖盘
10:35:07	10.28	-0.01	243	249803	卖盘
10:35:03	10.29	0.02	296	305602	买盘
10:34:58	10.27	-0.01	5702	5855954	卖盘
10:34:52	10.28	--	117	120275	买盘
10:34:48	10.28	0.01	480	494169	买盘
10:34:43	10.27	--	725	744872	卖盘
10:34:37	10.27	-0.01	1817	1866059	卖盘
10:34:31	10.28	-0.01	118	121303	中性盘
10:34:28	10.29	0.01	1883	1937606	买盘
10:34:22	10.28	-0.01	343	352604	卖盘
10:34:16	10.29	0.01	151	155379	买盘
10:34:13	10.28	-0.01	646	664088	卖盘
10:34:07	10.29	--	507	521702	买盘
10:34:01	10.29	-0.01	583	599907	卖盘
10:33:57	10.3	0.01	1978	2037340	买盘
10:33:52	10.29	-0.02	1353	1392237	卖盘
10:33:46	10.31	0.01	542	558802	买盘
10:33:42	10.3	-0.01	2496	2570880	卖盘
10:33:37	10.31	--	1059	1091829	买盘
10:33:31	10.31	-0.01	890	917590	卖盘
10:33:27	10.32	--	1721	1776072	卖盘
10:33:22	10.32	-0.01	68	70176	卖盘
10:33:16	10.33	--	206	212798	买盘
10:33:12	10.33	--	895	924535	卖盘
10:33:07	10.33	--	415	428695	卖盘
10:33:01	10.33	-0.01	12	12396	卖盘
10:32:57	10.34	-0.01	3793	3921962	卖盘
10:32:52	10.35	0.01	113	116955	买盘
10:32:46	10.34	-0.01	209	216106	卖盘
10:32:42	10.35	-0.01	40	41400	中性盘
10:32:37	10.36	0.01	912	944832	买盘
10:32:31	10.35	-0.01	56	57960	卖盘
10:32:27	10.36	-0.01	2803	2903908	卖盘
10:32:22	10.37	-0.01	338	351532	卖盘
10:32:16	10.38	--	85	88230	买盘
10:32:12	10.38	0.01	292	303096	买盘
10:32:07	10.37	--	248	257175	卖盘
10:32:01	10.37	--	573	594211	买盘
10:31:57	10.37	--	296	307978	卖盘
10:31:52	10.37	-0.02	1775	1840674	卖盘
10:31:46	10.39	0.01	26	27014	买盘
10:31:42	10.38	-0.02	262	271956	卖盘
10:31:37	10.4	--	322	334880	买盘
10:31:31	10.4	--	535	556400	买盘
10:31:27	10.4	--	858	892320	卖盘
10:31:22	10.4	--	1018	1058720	卖盘
10:31:16	10.4	0.02	243	252720	买盘
10:31:12	10.38	-0.01	845	877110	卖盘
10:31:07	10.39	--	675	701325	买盘
10:31:01	10.39	-0.01	155	161045	卖盘
10:30:57	10.4	--	366	380640	卖盘
10:30:52	10.4	--	2261	2351440	卖盘
10:30:46	10.4	--	270	280800	卖盘
10:30:42	10.4	--	21	21840	卖盘
10:30:37	10.4	0.01	118	122720	买盘
10:30:31	10.39	--	111	115329	卖盘
10:30:27	10.39	0.01	564	585996	买盘
10:30:22	10.38	-0.02	774	803412	卖盘
10:30:16	10.4	0.01	326	339050	买盘
10:30:12	10.39	0.01	164	170396	中性盘
10:30:07	10.38	-0.01	139	144282	卖盘
10:30:01	10.39	-0.01	50	51950	买盘
10:29:57	10.4	0.01	267	277680	买盘
10:29:52	10.39	-0.01	223	231697	买盘
10:29:46	10.4	0.03	2	2080	买盘
10:29:42	10.37	-0.02	76	78812	卖盘
10:29:37	10.39	0.04	268	278452	买盘
10:29:31	10.35	-0.01	35	36225	卖盘
10:29:27	10.36	-0.03	83	85988	卖盘
10:29:22	10.39	0.04	179	185981	中性盘
10:29:16	10.35	-0.05	325	336375	卖盘
10:29:12	10.4	0.05	243	252720	买盘
10:29:07	10.35	--	1007	1042245	买盘
10:29:01	10.35	--	202	209070	买盘
10:28:57	10.35	--	100	103500	买盘
10:28:52	10.35	--	707	731745	卖盘
10:28:46	10.35	-0.01	937	969795	卖盘
10:28:42	10.36	--	153	158508	买盘
10:28:37	10.36	0.01	899	931364	买盘
10:28:31	10.35	--	216	223560	买盘
10:28:27	10.35	--	274	283590	买盘
10:28:21	10.35	0.01	865	895275	卖盘
10:28:16	10.34	-0.01	2481	2565354	卖盘
10:28:10	10.35	--	112	115920	卖盘
10:28:07	10.35	--	1409	1458315	买盘
10:28:01	10.35	--	863	893205	卖盘
10:27:55	10.35	-0.01	56	57960	卖盘
10:27:51	10.36	--	239	247604	卖盘
10:27:46	10.36	-0.01	6295	6521620	卖盘
10:27:40	10.37	0.01	211	218806	买盘
10:27:36	10.36	--	550	569800	卖盘
10:27:31	10.36	-0.01	997	1032892	卖盘
10:27:25	10.37	-0.01	651	675087	中性盘
10:27:21	10.38	--	779	808602	买盘
10:27:16	10.38	--	422	438036	买盘
10:27:10	10.38	-0.01	20	20760	买盘
10:27:06	10.39	0.01	305	316895	买盘
10:27:01	10.38	-0.01	151	156738	卖盘
10:26:55	10.39	--	12	12468	买盘
10:26:51	10.39	-0.01	64	66496	中性盘
10:26:46	10.4	-0.03	4409	4585360	卖盘
10:26:40	10.43	0.02	507	528801	买盘
10:26:36	10.41	--	91	94731	买盘
10:26:31	10.41	-0.03	307	319587	卖盘
10:26:25	10.44	--	269	280836	买盘
10:26:21	10.44	0.01	678	707832	买盘
10:26:16	10.43	-0.01	1260	1314180	卖盘
10:26:10	10.44	0.01	447	466668	买盘
10:26:06	10.43	--	211	220073	买盘
10:26:01	10.43	--	628	655004	买盘
10:25:55	10.43	--	386	402598	卖盘
10:25:51	10.43	--	463	482909	买盘
10:25:46	10.43	-0.02	831	866733	卖盘
10:25:40	10.45	0.01	691	722095	买盘
10:25:36	10.44	--	1619	1690236	买盘
10:25:31	10.44	-0.01	1045	1090980	卖盘
10:25:25	10.45	--	308	321860	买盘
10:25:21	10.45	-0.01	2670	2790150	卖盘
10:25:16	10.46	--	1185	1239510	买盘
10:25:10	10.46	--	1458	1525068	卖盘
10:25:06	10.46	0.01	2439	2551194	买盘
10:25:01	10.45	0.01	1407	1470315	中性盘
10:24:55	10.44	-0.01	707	738108	卖盘
10:24:51	10.45	-0.01	1816	1898566	卖盘
10:24:46	10.46	-0.01	1350	1412100	中性盘
10:24:40	10.47	--	1056	1105632	买盘
10:24:36	10.47	-0.01	631	660855	卖盘
10:24:31	10.48	0.02	1360	1425280	买盘
10:24:25	10.46	0.01	643	672578	买盘
10:24:21	10.45	-0.02	3495	3652274	卖盘
10:24:16	10.47	0.01	6266	6560502	中性盘
10:24:10	10.46	0.01	714	746844	中性盘
10:24:06	10.45	--	6349	6634705	买盘
10:24:01	10.45	--	1252	1308340	买盘
10:23:55	10.45	0.01	2075	2168375	买盘
10:23:51	10.44	-0.01	664	693216	中性盘
10:23:46	10.45	0.06	3576	3736919	买盘
10:23:40	10.39	-0.02	206	214034	卖盘
10:23:36	10.41	--	933	971253	买盘
10:23:31	10.41	0.01	1558	1621878	买盘
10:23:25	10.4	0.01	1259	1309360	买盘
10:23:21	10.39	0.03	1593	1655127	买盘
10:23:16	10.36	-0.01	427	442372	卖盘
10:23:10	10.37	0.01	106	109921	买盘
10:23:06	10.36	-0.01	609	630924	卖盘
10:23:01	10.37	0.01	101	104736	买盘
10:22:55	10.36	-0.01	237	245532	卖盘
10:22:51	10.37	-0.01	95	98514	卖盘
10:22:46	10.38	0.01	445	461910	买盘
10:22:40	10.37	--	369	382653	卖盘
10:22:36	10.37	--	416	431391	卖盘
10:22:31	10.37	--	276	286212	卖盘
10:22:25	10.37	0.01	84	87108	买盘
10:22:21	10.36	--	221	228956	卖盘
10:22:16	10.36	--	240	248640	卖盘
10:22:10	10.36	--	198	205128	买盘
10:22:04	10.36	--	342	354312	中性盘
10:22:00	10.36	--	351	363636	卖盘
10:21:55	10.36	--	226	234136	卖盘
10:21:49	10.36	--	421	436156	买盘
10:21:45	10.36	--	262	271432	买盘
10:21:40	10.36	--	347	359492	买盘
10:21:34	10.36	0.01	227	235172	买盘
10:21:30	10.35	-0.01	509	526815	中性盘
10:21:25	10.36	--	100	103600	买盘
10:21:19	10.36	--	113	117068	买盘
10:21:15	10.36	-0.02	2100	2175600	卖盘
10:21:10	10.38	0.01	1297	1346286	买盘
10:21:04	10.37	--	95	98514	买盘
10:21:00	10.37	--	197	204288	卖盘
10:20:55	10.37	-0.02	451	467686	卖盘
10:20:49	10.39	0.03	1417	1472263	买盘
10:20:45	10.36	0.01	1018	1054648	买盘
10:20:40	10.35	-0.01	998	1032930	卖盘
10:20:34	10.36	0.01	57	59052	买盘
10:20:30	10.35	0.03	1565	1619775	买盘
10:20:25	10.32	-0.03	290	299280	中性盘
10:20:19	10.35	0.06	1171	1211985	买盘
10:20:15	10.29	--	431	443498	卖盘
10:20:10	10.29	--	3093	3183427	卖盘
10:20:04	10.29	0.02	414	426005	中性盘
10:20:00	10.27	-0.03	1841	1891004	卖盘
10:19:55	10.3	0.01	1063	1094890	买盘
10:19:49	10.29	--	117	120392	卖盘
10:19:45	10.29	0.01	2222	2286438	买盘
10:19:40	10.28	-0.01	1872	1924415	卖盘
10:19:34	10.29	--	40	41160	买盘
10:19:30	10.29	-0.02	2008	2066231	卖盘
10:19:25	10.31	0.01	771	795839	买盘
10:19:19	10.3	--	630	648900	买盘
10:19:15	10.3	--	278	286340	买盘
10:19:10	10.3	-0.01	625	643750	卖盘
10:19:04	10.31	--	156	160836	卖盘
10:19:00	10.31	0.01	2164	2231084	买盘
10:18:55	10.3	--	356	366680	买盘
10:18:49	10.3	--	23	23690	买盘
10:18:45	10.3	0.01	219	225570	买盘
10:18:40	10.29	--	626	644154	卖盘
10:18:34	10.29	-0.02	827	850982	卖盘
10:18:30	10.31	0.01	5097	5255007	买盘
10:18:25	10.3	--	193	198790	买盘
10:18:19	10.3	--	247	254410	买盘
10:18:15	10.3	0.01	684	704520	买盘
10:18:10	10.29	--	707	727502	卖盘
10:18:04	10.29	-0.02	1437	1478672	卖盘
10:18:00	10.31	0.01	627	646437	买盘
10:17:55	10.3	-0.01	3050	3141500	卖盘
10:17:49	10.31	--	27	27837	卖盘
10:17:45	10.31	--	44	45364	卖盘
10:17:40	10.31	--	3854	3973474	买盘
10:17:34	10.31	--	110	113410	买盘
10:17:30	10.31	-0.02	442	455702	卖盘
10:17:25	10.33	--	1383	1428639	买盘
10:17:19	10.33	0.02	105	108465	买盘
10:17:15	10.31	-0.03	146	150526	卖盘
10:17:10	10.34	0.03	431	445654	买盘
10:17:04	10.31	-0.01	468	482508	卖盘
10:17:00	10.32	0.01	411	424152	买盘
10:16:55	10.31	-0.02	2438	2513578	卖盘
10:16:49	10.33	0.01	343	354319	买盘
10:16:45	10.32	-0.01	220	227040	卖盘
10:16:40	10.33	--	601	620833	买盘
10:16:34	10.33	--	105	108465	买盘
10:16:30	10.33	-0.01	1704	1760232	卖盘
10:16:25	10.34	0.01	518	535612	买盘
10:16:19	10.33	0.01	150	154950	中性盘
10:16:15	10.32	-0.01	948	978336	卖盘
10:16:10	10.33	-0.01	844	871852	买盘
10:16:04	10.34	--	67	69278	买盘
10:16:00	10.34	0.02	201	207834	买盘
10:15:55	10.32	-0.02	89	91848	卖盘
10:15:49	10.34	-0.01	518	536273	卖盘
10:15:45	10.35	0.02	150	155250	卖盘
10:15:39	10.33	-0.02	1390	1436241	卖盘
10:15:34	10.35	0.01	800	828000	中性盘
10:15:28	10.34	0.01	1296	1340064	买盘
10:15:24	10.33	-0.01	488	504104	卖盘
10:15:19	10.34	--	54	55836	买盘
10:15:13	10.34	--	19	19646	买盘
10:15:09	10.34	-0.01	262	270908	卖盘
10:15:04	10.35	0.01	560	579600	买盘
10:14:58	10.34	--	75	77550	买盘
10:14:54	10.34	-0.01	3458	3575572	卖盘
10:14:49	10.35	--	177	183195	买盘
10:14:43	10.35	0.03	386	399510	买盘
10:14:39	10.32	-0.01	84	86688	卖盘
10:14:34	10.33	--	709	732397	卖盘
10:14:28	10.33	0.01	6	6198	中性盘
10:14:24	10.32	0.02	189	195048	中性盘
10:14:19	10.3	-0.02	1833	1888247	卖盘
10:14:13	10.32	--	516	532512	买盘
10:14:09	10.32	--	2331	2405592	买盘
10:14:04	10.32	-0.01	524	541542	卖盘
10:13:58	10.33	--	260	268580	买盘
10:13:54	10.33	0.01	1053	1087749	中性盘
10:13:49	10.32	-0.01	2243	2314776	卖盘
10:13:43	10.33	--	1187	1226171	买盘
10:13:39	10.33	--	233	240689	买盘
10:13:34	10.33	-0.02	2376	2454408	卖盘
10:13:28	10.35	0.02	116	120060	买盘
10:13:24	10.33	-0.01	806	832598	中性盘
10:13:19	10.34	-0.01	550	568700	卖盘
10:13:13	10.35	--	758	784530	买盘
10:13:09	10.35	--	490	507150	买盘
10:13:04	10.35	0.01	267	276345	买盘
10:12:58	10.34	-0.01	187	193358	卖盘
10:12:54	10.35	-0.01	776	803160	卖盘
10:12:49	10.36	0.01	5967	6181812	买盘
10:12:43	10.35	0.01	106	109710	买盘
10:12:39	10.34	-0.02	871	900614	卖盘
10:12:34	10.36	--	1666	1725976	买盘
10:12:28	10.36	--	632	654752	买盘
10:12:24	10.36	-0.01	1379	1428644	卖盘
10:12:19	10.37	-0.02	444	460427	卖盘
10:12:13	10.39	0.03	557	578723	买盘
10:12:09	10.36	-0.02	984	1019424	卖盘
10:12:04	10.38	--	178	184764	买盘
10:11:58	10.38	--	170	176460	卖盘
10:11:54	10.38	-0.01	198	205524	卖盘
10:11:49	10.39	-0.01	874	908086	卖盘
10:11:43	10.4	0.01	638	663520	买盘
10:11:39	10.39	-0.01	659	684701	卖盘
10:11:34	10.4	-0.01	416	432640	买盘
10:11:28	10.41	0.01	1944	2023704	买盘
10:11:24	10.4	0.01	840	873600	买盘
10:11:19	10.39	-0.02	636	660804	卖盘
10:11:13	10.41	-0.01	1002	1043082	买盘
10:11:09	10.42	0.02	282	293844	买盘
10:11:04	10.4	--	693	720720	卖盘
10:10:58	10.4	-0.02	439	456560	卖盘
10:10:54	10.42	0.01	219	228198	买盘
10:10:49	10.41	0.01	703	731823	买盘
10:10:43	10.4	-0.02	1363	1417520	卖盘
10:10:39	10.42	--	525	547050	买盘
10:10:34	10.42	0.01	1268	1321256	买盘
10:10:28	10.41	0.01	139	144699	买盘
10:10:24	10.4	-0.02	65	67600	卖盘
10:10:18	10.42	0.02	838	873196	买盘
10:10:13	10.4	--	16	16640	买盘
10:10:09	10.4	-0.01	682	709280	卖盘
10:10:04	10.41	--	1613	1679133	卖盘
10:09:58	10.41	--	360	374760	买盘
10:09:54	10.41	--	1878	1954998	买盘
10:09:49	10.41	--	380	395580	买盘
10:09:43	10.41	-0.01	5687	5920167	买盘
10:09:38	10.42	--	2438	2540396	买盘
10:09:34	10.42	--	620	646040	买盘
10:09:28	10.42	-0.02	795	828390	卖盘
10:09:24	10.44	--	119	124236	买盘
10:09:19	10.44	--	157	163908	买盘
10:09:13	10.44	-0.01	1016	1060704	卖盘
10:09:07	10.45	-0.01	166	173470	中性盘
10:09:03	10.46	0.01	1441	1507286	买盘
10:08:58	10.45	--	538	562210	卖盘
10:08:52	10.45	--	2607	2724315	买盘
10:08:48	10.45	--	508	530860	卖盘
10:08:43	10.45	-0.01	2313	2417085	中性盘
10:08:37	10.46	0.01	1352	1414192	买盘
10:08:33	10.45	--	3079	3217555	卖盘
10:08:28	10.45	-0.02	748	781660	卖盘
10:08:22	10.47	0.01	418	437646	买盘
10:08:18	10.46	0.01	1236	1292856	买盘
10:08:13	10.45	0.01	1582	1653190	买盘
10:08:07	10.44	-0.01	761	794484	卖盘
10:08:03	10.45	0.01	1329	1388805	买盘
10:07:58	10.44	--	678	707832	买盘
10:07:52	10.44	--	477	497988	买盘
10:07:48	10.44	-0.01	1868	1950192	卖盘
10:07:43	10.45	0.02	788	823460	买盘
10:07:37	10.43	-0.03	883	920969	卖盘
10:07:33	10.46	0.02	3109	3252014	买盘
10:07:28	10.44	--	1624	1695456	卖盘
10:07:22	10.44	-0.01	215	224460	卖盘
10:07:18	10.45	--	2579	2695055	卖盘
10:07:13	10.45	0.01	516	539220	买盘
10:07:07	10.44	-0.01	421	439524	卖盘
10:07:03	10.45	0.01	2115	2210175	买盘
10:06:58	10.44	--	2425	2531700	买盘
10:06:52	10.44	--	221	230724	买盘
10:06:48	10.44	0.01	888	927072	买盘
10:06:43	10.43	-0.01	973	1014839	中性盘
10:06:37	10.44	--	780	814320	买盘
10:06:33	10.44	--	1768	1845792	买盘
10:06:28	10.44	0.02	2881	3007764	买盘
10:06:22	10.42	0.02	86	89612	中性盘
10:06:18	10.4	-0.01	215	223600	卖盘
10:06:13	10.41	0.01	738	768258	中性盘
10:06:07	10.4	--	1447	1504880	买盘
10:06:03	10.4	0.03	2038	2119520	买盘
10:05:58	10.37	-0.02	705	731085	卖盘
10:05:52	10.39	--	911	946529	买盘
10:05:48	10.39	0.01	712	739768	买盘
10:05:43	10.38	0.02	805	835590	买盘
10:05:37	10.36	--	260	269360	买盘
10:05:33	10.36	-0.02	1780	1844080	卖盘
10:05:28	10.38	0.02	2396	2487048	中性盘
10:05:22	10.36	--	166	171976	卖盘
10:05:18	10.36	-0.01	499	516964	卖盘
10:05:13	10.37	0.02	224	232287	买盘
10:05:07	10.35	0.01	153	158355	买盘
10:05:03	10.34	-0.01	3006	3108204	卖盘
10:04:58	10.35	-0.03	1832	1896120	卖盘
10:04:52	10.38	0.03	119	123522	买盘
10:04:48	10.35	--	132	136620	卖盘
10:04:43	10.35	--	3163	3273705	卖盘
10:04:37	10.35	0.01	716	741060	买盘
10:04:33	10.34	0.01	1491	1541694	买盘
10:04:28	10.33	-0.02	235	242755	卖盘
10:04:22	10.35	--	288	298080	买盘
10:04:18	10.35	0.01	198	204930	买盘
10:04:13	10.34	0.01	304	314336	买盘
10:04:07	10.33	-0.01	63	65079	卖盘
10:04:03	10.34	0.02	717	741636	买盘
10:03:57	10.32	-0.01	1008	1040256	卖盘
10:03:52	10.33	0.03	216	223128	买盘
10:03:48	10.3	-0.03	1543	1589290	卖盘
10:03:43	10.33	--	800	826400	买盘
10:03:37	10.33	--	185	191105	买盘
10:03:33	10.33	--	143	147719	买盘
10:03:27	10.33	--	670	692110	买盘
10:03:22	10.33	-0.01	367	379111	卖盘
10:03:18	10.34	--	291	300894	买盘
10:03:13	10.34	0.01	171	176814	买盘
10:03:07	10.33	--	469	484477	卖盘
10:03:02	10.33	--	1182	1221006	卖盘
10:02:58	10.33	0.01	2027	2093891	买盘
10:02:52	10.32	--	438	452016	卖盘
10:02:46	10.32	-0.01	78	80496	卖盘
10:02:42	10.33	--	106	109498	卖盘
10:02:37	10.33	0.03	451	465883	买盘
10:02:31	10.3	--	241	248230	买盘
10:02:27	10.3	--	1298	1336940	卖盘
10:02:22	10.3	-0.02	2176	2242104	卖盘
10:02:16	10.32	0.02	61	62952	买盘
10:02:12	10.3	--	918	945540	卖盘
10:02:07	10.3	0.01	307	316210	买盘
10:02:01	10.29	-0.01	155	159495	卖盘
10:01:57	10.3	--	2076	2138280	买盘
10:01:52	10.3	0.01	4429	4561870	买盘
10:01:46	10.29	0.01	155	159495	买盘
10:01:42	10.28	-0.02	186	191208	卖盘
10:01:37	10.3	0.01	478	492340	买盘
10:01:31	10.29	0.03	565	581385	买盘
10:01:27	10.26	-0.01	1180	1210680	卖盘
10:01:22	10.27	-0.01	2047	2102269	卖盘
10:01:16	10.28	-0.01	168	172704	卖盘
10:01:12	10.29	0.01	675	694575	买盘
10:01:07	10.28	-0.01	251	258027	卖盘
10:01:01	10.29	--	4419	4547151	买盘
10:00:57	10.29	0.01	383	394106	买盘
10:00:52	10.28	0.01	2060	2117680	买盘
10:00:46	10.27	-0.01	32	32864	卖盘
10:00:42	10.28	0.02	341	350548	买盘
10:00:37	10.26	-0.01	563	577638	卖盘
10:00:31	10.27	--	89	91403	买盘
10:00:27	10.27	0.02	931	956465	买盘
10:00:22	10.25	--	9268	9499700	卖盘
10:00:16	10.25	--	130	133250	卖盘
10:00:12	10.25	0.01	370	379250	买盘
10:00:07	10.24	-0.02	333	340992	卖盘
10:00:01	10.26	0.03	127	130302	买盘
09:59:57	10.23	-0.01	1717	1756491	卖盘
09:59:52	10.24	--	5782	5920768	买盘
09:59:46	10.24	--	185	189440	买盘
09:59:42	10.24	--	830	849920	买盘
09:59:37	10.24	--	1807	1850368	卖盘
09:59:31	10.24	-0.01	850	870400	卖盘
09:59:27	10.25	0.01	2160	2214000	买盘
09:59:22	10.24	-0.01	9259	9481216	卖盘
09:59:16	10.25	--	802	822050	买盘
09:59:12	10.25	0.01	8559	8772975	买盘
09:59:07	10.24	-0.01	664	679936	卖盘
09:59:01	10.25	--	618	633450	买盘
09:58:57	10.25	--	2742	2810550	买盘
09:58:52	10.25	-0.01	3058	3135147	卖盘
09:58:46	10.26	--	8271	8486046	卖盘
09:58:42	10.26	--	320	328320	买盘
09:58:37	10.26	--	534	547884	卖盘
09:58:31	10.26	--	210	215460	卖盘
09:58:27	10.26	--	4774	4898124	买盘
09:58:22	10.26	--	968	993168	买盘
09:58:16	10.26	--	5765	5914890	卖盘
09:58:12	10.26	-0.02	406	416556	卖盘
09:58:07	10.28	0.01	4817	4951876	买盘
09:58:01	10.27	--	298	306046	卖盘
09:57:57	10.27	--	637	654199	卖盘
09:57:52	10.27	0.01	8119	8338213	买盘
09:57:46	10.26	--	2025	2077650	卖盘
09:57:42	10.26	--	14080	14446080	卖盘
09:57:37	10.26	--	993	1018818	卖盘
09:57:31	10.26	--	796	816696	卖盘
09:57:27	10.26	-0.01	382	391932	卖盘
09:57:22	10.27	--	633	650091	买盘
09:57:16	10.27	--	247	253669	买盘
09:57:12	10.27	--	5720	5874440	卖盘
09:57:06	10.27	--	928	953056	卖盘
09:57:01	10.27	--	327	335829	卖盘
09:56:57	10.27	--	911	935925	买盘
09:56:51	10.27	0.01	5778	5934704	买盘
09:56:46	10.26	-0.01	318	326268	卖盘
09:56:42	10.27	--	4156	4268212	卖盘
09:56:37	10.27	--	1888	1938976	卖盘
09:56:31	10.27	--	401	411827	卖盘
09:56:27	10.27	--	859	882193	卖盘
09:56:21	10.27	--	1222	1254994	买盘
09:56:16	10.27	--	4998	5133531	买盘
09:56:10	10.27	--	581	597128	卖盘
09:56:07	10.27	-0.01	1760	1807520	卖盘
09:56:01	10.28	--	1318	1354904	买盘
09:55:55	10.28	--	1148	1180144	买盘
09:55:51	10.28	--	546	561288	买盘
09:55:46	10.28	-0.01	7268	7471504	卖盘
09:55:40	10.29	0.01	175	180074	买盘
09:55:36	10.28	-0.01	603	619884	卖盘
09:55:31	10.29	0.01	1702	1751357	买盘
09:55:25	10.28	--	244	250831	卖盘
09:55:21	10.28	--	2314	2378792	卖盘
09:55:16	10.28	0.01	3078	3164184	买盘
09:55:10	10.27	-0.03	5411	5557097	卖盘
09:55:06	10.3	0.02	838	863140	买盘
09:55:01	10.28	--	875	899500	卖盘
09:54:55	10.28	--	157	161396	卖盘
09:54:51	10.28	-0.02	847	870716	卖盘
09:54:46	10.3	0.01	305	314150	买盘
09:54:40	10.29	-0.01	21072	21683088	卖盘
09:54:36	10.3	--	1594	1641820	买盘
09:54:31	10.3	-0.01	3128	3221840	卖盘
09:54:25	10.31	--	260	268060	买盘
09:54:21	10.31	--	3180	3278580	卖盘
09:54:16	10.31	0.01	1856	1913536	买盘
09:54:10	10.3	--	212	218360	买盘
09:54:06	10.3	-0.02	480	494400	卖盘
09:54:01	10.32	0.01	2144	2212608	买盘
09:53:55	10.31	-0.02	300	309300	卖盘
09:53:51	10.33	--	519	536127	买盘
09:53:46	10.33	0.02	2851	2945083	买盘
09:53:40	10.31	--	363	374253	卖盘
09:53:36	10.31	-0.01	2584	2664104	卖盘
09:53:31	10.32	--	497	512904	卖盘
09:53:25	10.32	0.01	237	244584	中性盘
09:53:21	10.31	-0.01	460	474260	卖盘
09:53:16	10.32	0.01	563	581016	买盘
09:53:10	10.31	--	75	77325	卖盘
09:53:06	10.31	0.01	4357	4492067	买盘
09:53:01	10.3	--	741	763230	卖盘
09:52:55	10.3	-0.02	299	307970	卖盘
09:52:51	10.32	0.02	4694	4844208	买盘
09:52:46	10.3	--	991	1020730	买盘
09:52:40	10.3	--	1688	1738640	买盘
09:52:36	10.3	-0.01	8010	8250300	卖盘
09:52:31	10.31	--	1450	1494950	买盘
09:52:25	10.31	0.01	516	531996	买盘
09:52:21	10.3	0.01	3505	3611046	买盘
09:52:16	10.29	-0.01	987	1015622	卖盘
09:52:10	10.3	--	1666	1715980	买盘
09:52:06	10.3	-0.01	6722	6924514	卖盘
09:52:01	10.31	0.02	772	795932	买盘
09:51:55	10.29	-0.01	758	779981	卖盘
09:51:51	10.3	0.02	5268	5426936	买盘
09:51:46	10.28	-0.01	717	737076	卖盘
09:51:40	10.29	--	673	692517	买盘
09:51:36	10.29	-0.02	2882	2965577	卖盘
09:51:31	10.31	--	491	506221	买盘
09:51:25	10.31	0.01	417	429927	买盘
09:51:21	10.3	0.02	523	538690	中性盘
09:51:16	10.28	-0.03	1481	1522468	卖盘
09:51:10	10.31	0.01	1237	1275347	买盘
09:51:06	10.3	0.01	4362	4492860	中性盘
09:51:01	10.29	--	12370	12728729	卖盘
09:50:55	10.29	--	405	416744	卖盘
09:50:51	10.29	--	517	531993	买盘
09:50:46	10.29	--	872	897287	卖盘
09:50:40	10.29	--	130	133770	卖盘
09:50:36	10.29	-0.01	2860	2942939	卖盘
09:50:30	10.3	-0.03	15264	15722888	卖盘
09:50:25	10.33	0.01	4152	4289016	买盘
09:50:21	10.32	--	2047	2112504	卖盘
09:50:15	10.32	0.01	2370	2445840	买盘
09:50:10	10.31	-0.01	926	954706	卖盘
09:50:06	10.32	-0.01	643	663576	卖盘
09:50:01	10.33	-0.02	4598	4749734	卖盘
09:49:55	10.35	--	51	52785	买盘
09:49:51	10.35	--	1249	1292715	卖盘
09:49:46	10.35	-0.01	1476	1527660	卖盘
09:49:40	10.36	0.01	310	321160	买盘
09:49:34	10.35	-0.01	1697	1756395	卖盘
09:49:30	10.36	--	2521	2611756	卖盘
09:49:25	10.36	--	1172	1214192	卖盘
09:49:19	10.36	0.03	1037	1074332	买盘
09:49:15	10.33	--	858	886314	买盘
09:49:10	10.33	0.02	1454	1501982	买盘
09:49:04	10.31	-0.02	241	248471	卖盘
09:49:01	10.33	--	1597	1649701	卖盘
09:48:55	10.33	0.01	1491	1540203	买盘
09:48:49	10.32	0.02	220	227040	中性盘
09:48:45	10.3	-0.03	2441	2514291	卖盘
09:48:40	10.33	0.03	12046	12443518	卖盘
09:48:34	10.3	--	543	559290	卖盘
09:48:30	10.3	--	3453	3556590	卖盘
09:48:25	10.3	--	699	719970	卖盘
09:48:19	10.3	0.04	267	275010	中性盘
09:48:15	10.26	-0.01	1548	1588248	卖盘
09:48:10	10.27	0.01	13490	13855000	买盘
09:48:04	10.26	--	1258	1290708	买盘
09:48:00	10.26	--	3435	3524310	卖盘
09:47:55	10.26	0.01	1719	1763694	卖盘
09:47:49	10.25	-0.02	1065	1091625	卖盘
09:47:45	10.27	-0.01	1037	1064999	卖盘
09:47:40	10.28	-0.01	3601	3701828	买盘
09:47:34	10.29	0.01	1434	1475585	买盘
09:47:30	10.28	-0.01	10857	11160996	卖盘
09:47:25	10.29	-0.02	5393	5549397	卖盘
09:47:19	10.31	--	897	924807	买盘
09:47:15	10.31	-0.01	3218	3317758	卖盘
09:47:10	10.32	-0.01	3185	3286920	卖盘
09:47:04	10.33	-0.01	245	253085	中性盘
09:47:00	10.34	--	6826	7058084	卖盘
09:46:55	10.34	-0.01	1824	1886016	卖盘
09:46:49	10.35	--	267	276345	买盘
09:46:45	10.35	-0.03	3350	3467250	卖盘
09:46:40	10.38	--	4710	4888980	买盘
09:46:34	10.38	0.01	792	822096	买盘
09:46:30	10.37	-0.01	1334	1383358	卖盘
09:46:25	10.38	--	667	692346	卖盘
09:46:19	10.38	--	494	512772	卖盘
09:46:15	10.38	0.01	1218	1264284	买盘
09:46:10	10.37	--	2076	2152812	卖盘
09:46:04	10.37	--	244	253027	卖盘
09:46:00	10.37	--	3031	3143146	卖盘
09:45:55	10.37	--	2855	2960635	买盘
09:45:49	10.37	--	291	301767	买盘
09:45:45	10.37	0.01	1218	1263066	买盘
09:45:40	10.36	0.01	1493	1546748	买盘
09:45:34	10.35	-0.02	228	235980	卖盘
09:45:30	10.37	--	1515	1571054	卖盘
09:45:25	10.37	0.02	1753	1817860	买盘
09:45:19	10.35	--	751	777285	买盘
09:45:15	10.35	-0.02	2429	2514015	买盘
09:45:10	10.37	0.01	2052	2127924	买盘
09:45:04	10.36	--	2134	2210824	买盘
09:45:00	10.36	0.01	2055	2128980	卖盘
09:44:55	10.35	--	3218	3330630	卖盘
09:44:49	10.35	--	574	594090	卖盘
09:44:45	10.35	--	2013	2083455	卖盘
09:44:40	10.35	-0.02	1558	1612530	卖盘
09:44:34	10.37	--	683	708271	卖盘
09:44:30	10.37	0.02	2130	2208810	买盘
09:44:25	10.35	-0.02	1401	1450035	卖盘
09:44:19	10.37	--	2350	2436950	买盘
09:44:15	10.37	-0.02	1939	2010742	卖盘
09:44:10	10.39	--	664	689896	卖盘
09:44:04	10.39	-0.01	421	437419	卖盘
09:44:00	10.4	--	6359	6613360	卖盘
09:43:54	10.4	-0.01	3559	3701360	卖盘
09:43:49	10.41	-0.01	472	491352	卖盘
09:43:45	10.42	--	594	618948	买盘
09:43:39	10.42	-0.01	3026	3153092	卖盘
09:43:34	10.43	-0.01	1297	1352771	卖盘
09:43:30	10.44	--	1795	1873980	买盘
09:43:24	10.44	--	520	542880	卖盘
09:43:19	10.44	-0.01	673	702612	卖盘
09:43:15	10.45	0.01	1336	1396120	中性盘
09:43:09	10.44	-0.02	1164	1215216	卖盘
09:43:04	10.46	0.01	2389	2499647	买盘
09:42:58	10.45	-0.01	602	629090	卖盘
09:42:54	10.46	0.02	1569	1641466	中性盘
09:42:49	10.44	-0.01	3213	3354372	卖盘
09:42:43	10.45	-0.01	745	779277	卖盘
09:42:39	10.46	--	2149	2248146	买盘
09:42:34	10.46	--	4051	4237346	买盘
09:42:28	10.46	--	1334	1395364	买盘
09:42:24	10.46	-0.01	5181	5420079	卖盘
09:42:19	10.47	--	1235	1293045	买盘
09:42:13	10.47	--	248	259656	卖盘
09:42:09	10.47	--	1807	1891929	卖盘
09:42:04	10.47	--	1725	1806075	卖盘
09:41:58	10.47	--	697	729759	卖盘
09:41:54	10.47	--	3292	3447394	买盘
09:41:49	10.47	--	1089	1140853	买盘
09:41:43	10.47	--	1017	1065175	卖盘
09:41:39	10.47	--	1702	1782664	卖盘
09:41:34	10.47	0.01	1901	1990347	买盘
09:41:28	10.46	-0.01	1342	1403732	卖盘
09:41:24	10.47	--	2705	2832135	买盘
09:41:19	10.47	-0.02	2533	2652051	卖盘
09:41:13	10.49	0.01	656	688144	买盘
09:41:09	10.48	--	827	866696	买盘
09:41:04	10.48	-0.01	1357	1422136	卖盘
09:40:58	10.49	--	1538	1613362	卖盘
09:40:54	10.49	-0.01	2168	2274232	卖盘
09:40:49	10.5	--	777	815850	买盘
09:40:43	10.5	-0.01	688	722778	卖盘
09:40:39	10.51	--	666	699966	买盘
09:40:34	10.51	-0.01	1640	1723640	卖盘
09:40:28	10.52	--	582	612264	卖盘
09:40:24	10.52	--	1894	1992488	买盘
09:40:19	10.52	-0.01	1180	1241360	卖盘
09:40:13	10.53	--	222	233766	买盘
09:40:09	10.53	0.01	2369	2494557	买盘
09:40:04	10.52	0.01	474	498648	买盘
09:39:58	10.51	-0.01	505	530755	卖盘
09:39:54	10.52	0.01	1142	1201384	买盘
09:39:49	10.51	-0.03	1034	1086734	卖盘
09:39:43	10.54	0.03	2783	2933281	买盘
09:39:39	10.51	0.01	1449	1522899	中性盘
09:39:34	10.5	-0.02	5697	5981850	卖盘
09:39:28	10.52	0.01	149	156748	买盘
09:39:24	10.51	0.01	199	209149	中性盘
09:39:19	10.5	0.02	1286	1350972	买盘
09:39:13	10.48	-0.01	724	758752	卖盘
09:39:09	10.49	0.01	2520	2643480	买盘
09:39:04	10.48	0.02	1310	1372880	买盘
09:38:58	10.46	-0.01	728	761488	卖盘
09:38:54	10.47	0.01	1468	1536996	卖盘
09:38:49	10.46	0.01	1413	1477998	中性盘
09:38:43	10.45	--	2666	2785970	卖盘
09:38:39	10.45	-0.02	766	800470	卖盘
09:38:34	10.47	0.02	3736	3911853	买盘
09:38:28	10.45	--	502	524590	买盘
09:38:24	10.45	--	3393	3545684	卖盘
09:38:19	10.45	-0.02	3019	3154855	卖盘
09:38:13	10.47	0.02	5037	5273739	买盘
09:38:09	10.45	--	629	657305	买盘
09:38:04	10.45	--	1303	1361635	买盘
09:37:58	10.45	-0.02	320	334400	卖盘
09:37:54	10.47	0.02	1331	1393557	买盘
09:37:49	10.45	-0.02	1122	1172490	卖盘
09:37:43	10.47	--	1329	1391463	卖盘
09:37:39	10.47	--	3027	3169269	买盘
09:37:34	10.47	--	1594	1668918	买盘
09:37:28	10.47	-0.01	2513	2631111	卖盘
09:37:24	10.48	-0.01	1076	1127648	中性盘
09:37:19	10.49	0.01	1629	1708821	买盘
09:37:13	10.48	-0.01	448	469504	卖盘
09:37:09	10.49	--	2411	2529516	卖盘
09:37:03	10.49	--	1113	1167537	卖盘
09:36:58	10.49	-0.01	1089	1142361	卖盘
09:36:54	10.5	0.01	1265	1328250	买盘
09:36:48	10.49	-0.01	1557	1633293	卖盘
09:36:43	10.5	-0.05	2868	3011400	卖盘
09:36:39	10.55	0.05	6777	7149735	买盘
09:36:33	10.5	-0.05	10872	11415778	卖盘
09:36:28	10.55	--	1671	1762905	买盘
09:36:22	10.55	--	624	658320	卖盘
09:36:18	10.55	-0.01	1859	1961245	卖盘
09:36:13	10.56	--	684	722304	卖盘
09:36:07	10.56	-0.01	2256	2382336	卖盘
09:36:03	10.57	0.01	2762	2919434	买盘
09:35:58	10.56	-0.02	2704	2855424	卖盘
09:35:52	10.58	0.03	4568	4832944	买盘
09:35:48	10.55	-0.04	13455	14195025	卖盘
09:35:43	10.59	--	4236	4485924	买盘
09:35:37	10.59	-0.01	1223	1295157	卖盘
09:35:33	10.6	-0.01	1959	2076540	中性盘
09:35:28	10.61	--	2846	3019606	卖盘
09:35:22	10.61	0.01	1533	1626513	中性盘
09:35:18	10.6	-0.02	6933	7348980	卖盘
09:35:13	10.62	0.02	1909	2027357	买盘
09:35:07	10.6	0.02	2382	2524920	买盘
09:35:03	10.58	-0.01	1597	1689626	卖盘
09:34:58	10.59	-0.01	886	938274	买盘
09:34:52	10.6	0.04	2124	2251440	买盘
09:34:48	10.56	-0.04	1495	1578720	卖盘
09:34:43	10.6	0.05	1703	1805180	买盘
09:34:37	10.55	-0.05	3097	3267335	卖盘
09:34:33	10.6	--	1444	1530640	卖盘
09:34:28	10.6	-0.02	1638	1736280	卖盘
09:34:22	10.62	-0.03	2191	2326842	卖盘
09:34:18	10.65	0.03	16964	18066660	买盘
09:34:13	10.62	-0.03	907	963233	中性盘
09:34:07	10.65	0.04	692	736980	买盘
09:34:03	10.61	-0.07	1979	2099719	中性盘
09:33:58	10.68	-0.01	2682	2864376	买盘
09:33:52	10.69	0.08	2153	2301557	买盘
09:33:48	10.61	-0.09	8346	8855106	卖盘
09:33:43	10.7	-0.03	5012	5362840	卖盘
09:33:37	10.73	-0.02	4177	4481921	卖盘
09:33:33	10.75	-0.01	5859	6298425	卖盘
09:33:28	10.76	-0.01	4742	5102392	卖盘
09:33:22	10.77	--	8645	9310665	卖盘
09:33:18	10.77	0.01	7230	7786710	买盘
09:33:13	10.76	0.01	2679	2882604	中性盘
09:33:07	10.75	0.02	2713	2916475	买盘
09:33:03	10.73	--	15712	16858976	买盘
09:32:58	10.73	0.03	5109	5482472	买盘
09:32:52	10.7	-0.02	849	908429	卖盘
09:32:48	10.72	0.03	6644	7122368	买盘
09:32:43	10.69	0.02	9191	9825179	买盘
09:32:37	10.67	0.01	308	328636	卖盘
09:32:33	10.66	0.01	12370	13186420	中性盘
09:32:28	10.65	--	7476	7961940	卖盘
09:32:22	10.65	--	569	605985	买盘
09:32:18	10.65	0.02	6419	6836235	买盘
09:32:13	10.63	-0.01	1896	2015979	卖盘
09:32:07	10.64	--	560	595840	买盘
09:32:03	10.64	0.04	4540	4831230	买盘
09:31:58	10.6	--	4268	4524217	卖盘
09:31:52	10.6	-0.01	1556	1649752	卖盘
09:31:48	10.61	0.03	770	817638	买盘
09:31:43	10.58	--	5611	5936438	买盘
09:31:37	10.58	-0.01	974	1030492	卖盘
09:31:33	10.59	0.01	3264	3456576	买盘
09:31:28	10.58	-0.02	3190	3375020	中性盘
09:31:22	10.6	0.02	912	966720	买盘
09:31:18	10.58	0.03	10804	11430632	买盘
09:31:13	10.55	--	5714	6028270	卖盘
09:31:07	10.55	--	183	193065	卖盘
09:31:03	10.55	0.01	2549	2689195	买盘
09:30:58	10.54	--	8592	9055968	卖盘
09:30:52	10.54	--	384	404735	中性盘
09:30:48	10.54	--	3922	4133787	买盘
09:30:42	10.54	--	3825	4031549	买盘
09:30:37	10.54	--	1630	1718019	卖盘
09:30:33	10.54	--	2588	2727752	卖盘
09:30:27	10.54	0.01	1343	1415522	买盘
09:30:22	10.53	-0.02	211	222183	卖盘
09:30:18	10.55	0.03	3030	3196650	买盘
09:30:12	10.52	--	3959	4164868	卖盘
09:30:07	10.52	0.01	24626	25907572	买盘
09:28:57	10.51	--	0	0	卖盘
09:25:06	10.51	10.51	12641	13286216	买盘
