成交时间	成交价	价格变动	成交量(手)	成交额(元)	性质
15:00:00	5.03	--	0	0	买盘
15:00:00	5.03	0.01	59	29677	买盘
14:59:59	5.02	--	52	26103	买盘
14:59:54	5.02	--	32	16063	买盘
14:59:49	5.02	--	122	61243	买盘
14:59:44	5.02	--	14	7027	买盘
14:59:39	5.02	--	50	25099	买盘
14:59:34	5.02	--	274	137548	卖盘
14:59:29	5.02	-0.01	94	47187	卖盘
14:59:24	5.03	0.01	18	9054	买盘
14:59:19	5.02	--	4144	2080287	卖盘
14:59:14	5.02	--	239	119977	卖盘
14:59:09	5.02	--	12	6023	卖盘
14:59:04	5.02	--	119	59737	卖盘
14:58:59	5.02	--	337	169174	卖盘
14:58:54	5.02	-0.01	163	81826	卖盘
14:58:49	5.03	0.01	4897	2463573	买盘
14:58:44	5.02	0.01	84	42168	买盘
14:58:39	5.01	--	223	111723	卖盘
14:58:34	5.01	-0.01	182	91182	卖盘
14:58:29	5.02	0.01	327	164154	买盘
14:58:24	5.01	--	51	25551	卖盘
14:58:19	5.01	--	432	216432	卖盘
14:58:14	5.01	--	213	106713	卖盘
14:58:09	5.01	--	9	4509	卖盘
14:58:04	5.01	--	138	69138	卖盘
14:57:59	5.01	--	260	130260	卖盘
14:57:54	5.01	-0.01	95	47595	卖盘
14:57:49	5.02	0.01	300	150600	买盘
14:57:44	5.01	--	147	73897	卖盘
14:57:39	5.01	--	3	1503	卖盘
14:57:34	5.01	--	460	230460	买盘
14:57:29	5.01	--	2	1002	买盘
14:57:24	5.01	--	80	40080	买盘
14:57:19	5.01	--	132	66132	卖盘
14:57:14	5.01	--	82	41082	卖盘
14:57:09	5.01	--	20	10020	买盘
14:57:04	5.01	--	997	499497	买盘
14:56:59	5.01	--	176	88176	卖盘
14:56:54	5.01	-0.01	332	166332	卖盘
14:56:49	5.02	0.01	1669	837837	买盘
14:56:44	5.01	--	152	76152	卖盘
14:56:39	5.01	0.01	2706	1355706	中性盘
14:56:34	5.0	-0.01	1671	835500	卖盘
14:56:29	5.01	--	126	63126	卖盘
14:56:24	5.01	--	85	42585	卖盘
14:56:18	5.01	--	39	19539	卖盘
14:56:14	5.01	--	207	103707	卖盘
14:56:09	5.01	--	563	282063	卖盘
14:56:04	5.01	-0.01	305	152805	卖盘
14:55:59	5.02	0.01	132	66264	买盘
14:55:54	5.01	-0.01	134	67134	卖盘
14:55:44	5.02	0.01	371	186241	买盘
14:55:39	5.01	--	60	30060	卖盘
14:55:34	5.01	--	147	73647	卖盘
14:55:29	5.01	--	369	184999	买盘
14:55:24	5.01	--	44	22044	买盘
14:55:19	5.01	--	10	5010	买盘
14:55:14	5.01	--	55	27555	买盘
14:55:09	5.01	0.01	29	14529	买盘
14:55:03	5.0	--	32	16000	卖盘
14:54:59	5.0	-0.01	22	11015	卖盘
14:54:54	5.01	0.01	485	242985	买盘
14:54:49	5.0	-0.01	27	13500	卖盘
14:54:43	5.01	0.01	45	22545	买盘
14:54:38	5.0	-0.01	307	153500	卖盘
14:54:33	5.01	0.01	10	5010	买盘
14:54:29	5.0	--	306	153000	卖盘
14:54:24	5.0	-0.01	69	34500	卖盘
14:54:19	5.01	--	8	4008	买盘
14:54:09	5.01	--	133	67003	卖盘
14:54:03	5.01	--	64	32064	卖盘
14:53:58	5.01	--	113	56613	卖盘
14:53:53	5.01	--	165	82665	卖盘
14:53:48	5.01	--	40	20040	卖盘
14:53:43	5.01	--	129	64629	卖盘
14:53:38	5.01	0.01	1388	695518	买盘
14:53:33	5.0	0.01	50	25000	买盘
14:53:28	4.99	-0.01	66	32934	卖盘
14:53:23	5.0	--	10	5000	买盘
14:53:19	5.0	--	87	43500	买盘
14:53:08	5.0	--	1	500	买盘
14:53:03	5.0	--	7	3500	卖盘
14:52:58	5.0	--	138	69000	卖盘
14:52:53	5.0	-0.02	389	194500	卖盘
14:52:48	5.02	0.02	2030	1019059	买盘
14:52:43	5.0	--	781	390500	买盘
14:52:38	5.0	--	0	0	买盘
14:52:32	5.0	--	1112	556000	买盘
14:52:28	5.0	--	10	5000	买盘
14:52:23	5.0	0.01	186	93000	买盘
14:52:17	4.99	--	11	5489	卖盘
14:52:08	4.99	-0.01	356	177644	卖盘
14:52:02	5.0	--	30	15000	卖盘
14:51:58	5.0	0.01	46	23000	中性盘
14:51:53	4.99	-0.01	637	317863	卖盘
14:51:43	5.0	-0.01	25	12500	中性盘
14:51:38	5.01	0.01	820	410820	买盘
14:51:33	5.0	--	20	10000	买盘
14:51:28	5.0	--	827	413500	卖盘
14:51:23	5.0	--	20	10000	卖盘
14:51:13	5.0	-0.02	2	1000	卖盘
14:51:08	5.02	0.01	450	225899	买盘
14:51:02	5.01	--	83	41613	卖盘
14:50:58	5.01	0.01	192	96192	买盘
14:50:53	5.0	--	736	368000	卖盘
14:50:43	5.0	--	5	2500	卖盘
14:50:38	5.0	-0.01	25	12500	卖盘
14:50:32	5.01	0.02	1205	603705	买盘
14:50:28	4.99	-0.01	159	79341	卖盘
14:50:17	5.0	--	100	50000	买盘
14:50:13	5.0	-0.01	2311	1155630	卖盘
14:49:58	5.01	--	161	80661	卖盘
14:49:53	5.01	--	1050	526050	卖盘
14:49:47	5.01	--	689	345189	卖盘
14:49:42	5.01	--	7	3507	卖盘
14:49:38	5.01	--	280	140280	卖盘
14:49:32	5.01	0.01	968	484968	买盘
14:49:27	5.0	-0.01	20	10000	卖盘
14:49:23	5.01	0.01	2	1002	买盘
14:49:17	5.0	-0.01	2634	1317000	卖盘
14:49:08	5.01	--	7	3507	买盘
14:49:02	5.01	--	8	4008	买盘
14:48:53	5.01	--	314	157314	卖盘
14:48:47	5.01	--	53	26553	卖盘
14:48:42	5.01	--	2	1002	卖盘
14:48:38	5.01	--	217	108717	卖盘
14:48:32	5.01	--	158	79158	卖盘
14:48:27	5.01	--	52	26052	卖盘
14:48:23	5.01	--	74	37074	卖盘
14:48:17	5.01	--	30	15030	卖盘
14:48:12	5.01	--	19	9519	卖盘
14:48:07	5.01	--	97	48597	卖盘
14:48:02	5.01	--	169	84669	卖盘
14:47:57	5.01	--	72	36072	卖盘
14:47:53	5.01	--	33	16533	卖盘
14:47:47	5.01	--	185	92685	卖盘
14:47:43	5.01	--	307	153807	卖盘
14:47:37	5.01	--	35	17535	卖盘
14:47:32	5.01	-0.01	29	14529	卖盘
14:47:27	5.02	0.01	22	11043	买盘
14:47:23	5.01	--	172	86172	卖盘
14:47:17	5.01	--	1225	613725	卖盘
14:47:12	5.01	--	5	2505	卖盘
14:47:07	5.01	--	20	10020	卖盘
14:47:02	5.01	--	200	100200	卖盘
14:46:52	5.01	--	70	35070	卖盘
14:46:47	5.01	--	1159	580659	卖盘
14:46:37	5.01	-0.01	29	14529	卖盘
14:46:32	5.02	--	1136	570272	买盘
14:46:27	5.02	--	40	20080	买盘
14:46:22	5.02	--	101	51193	卖盘
14:46:17	5.02	--	433	217365	卖盘
14:46:11	5.02	0.01	2227	1117964	买盘
14:46:07	5.01	--	102	51102	卖盘
14:46:02	5.01	--	80	40080	卖盘
14:45:56	5.01	--	530	265530	卖盘
14:45:52	5.01	--	626	313626	买盘
14:45:47	5.01	--	409	205309	卖盘
14:45:41	5.01	--	227	113727	卖盘
14:45:37	5.01	-0.01	10301	5160801	卖盘
14:45:32	5.02	0.01	34	17068	买盘
14:45:26	5.01	--	202	101202	卖盘
14:45:22	5.01	--	210	105210	卖盘
14:45:17	5.01	--	161	80661	卖盘
14:45:11	5.01	--	71	35571	卖盘
14:45:07	5.01	--	65	32565	卖盘
14:45:02	5.01	-0.01	209	104709	卖盘
14:44:56	5.02	0.01	10	5020	买盘
14:44:52	5.01	--	80	40080	卖盘
14:44:47	5.01	--	114	57114	卖盘
14:44:41	5.01	--	50	25050	卖盘
14:44:37	5.01	--	31	15531	卖盘
14:44:32	5.01	--	558	279558	卖盘
14:44:26	5.01	--	7783	3899383	买盘
14:44:22	5.01	0.01	53	26553	买盘
14:44:17	5.0	--	10	5000	卖盘
14:44:11	5.0	--	48	24000	卖盘
14:44:07	5.0	0.01	1360	680370	买盘
14:44:02	4.99	--	1	499	卖盘
14:43:52	4.99	-0.01	5	2495	卖盘
14:43:36	5.0	0.01	101	50500	买盘
14:43:32	4.99	--	28	13972	卖盘
14:43:26	4.99	-0.01	6	2994	卖盘
14:43:21	5.0	0.01	60	30000	买盘
14:43:17	4.99	--	93	46407	卖盘
14:43:11	4.99	-0.01	60	29940	卖盘
14:43:06	5.0	--	51	25500	买盘
14:43:01	5.0	--	500	250000	买盘
14:42:56	5.0	0.01	94	47000	买盘
14:42:47	4.99	-0.01	127	63373	卖盘
14:42:41	5.0	--	19	9500	买盘
14:42:36	5.0	0.01	5000	2500000	买盘
14:42:32	4.99	--	10	4990	卖盘
14:42:26	4.99	-0.01	23	11477	卖盘
14:42:21	5.0	--	50	25000	买盘
14:42:17	5.0	0.01	35	17500	买盘
14:42:11	4.99	--	50	24950	卖盘
14:42:06	4.99	--	75	37425	卖盘
14:42:02	4.99	-0.01	110	54890	卖盘
14:41:56	5.0	0.01	25	12500	买盘
14:41:46	4.99	--	96	47904	卖盘
14:41:41	4.99	--	3	1497	卖盘
14:41:26	4.99	-0.01	10	4990	卖盘
14:41:21	5.0	0.01	20	10000	买盘
14:41:16	4.99	-0.01	18	8982	卖盘
14:41:11	5.0	0.01	36	18000	买盘
14:41:06	4.99	--	22	10978	卖盘
14:40:51	4.99	-0.01	1	499	卖盘
14:40:46	5.0	--	32	16000	买盘
14:40:41	5.0	0.01	110	55000	买盘
14:40:36	4.99	-0.01	198	98802	卖盘
14:40:31	5.0	--	8	4000	买盘
14:40:26	5.0	0.01	35	17500	买盘
14:40:11	4.99	--	29	14471	卖盘
14:39:56	4.99	-0.01	85	42415	卖盘
14:39:50	5.0	0.01	421	210500	买盘
14:39:46	4.99	-0.01	49	24451	卖盘
14:39:41	5.0	0.01	5055	2527500	买盘
14:39:35	4.99	--	1	499	卖盘
14:39:31	4.99	--	30	14970	卖盘
14:39:26	4.99	--	35	17465	买盘
14:39:20	4.99	--	0	0	中性盘
14:39:11	4.99	--	65	32435	买盘
14:39:05	4.99	--	500	249500	买盘
14:39:01	4.99	--	81	40419	买盘
14:38:46	4.99	0.01	3	1497	买盘
14:38:41	4.98	-0.01	255	126990	卖盘
14:38:31	4.99	--	3040	1516960	买盘
14:38:26	4.99	0.01	42	20958	买盘
14:38:20	4.98	--	1	498	卖盘
14:38:16	4.98	-0.01	68	33864	卖盘
14:38:11	4.99	0.01	29	14471	买盘
14:38:01	4.98	-0.01	15	7470	买盘
14:37:56	4.99	0.02	7	3493	买盘
14:37:50	4.97	-0.01	281	139657	卖盘
14:37:41	4.98	--	48	23904	买盘
14:37:26	4.98	--	36	17928	卖盘
14:37:20	4.98	--	0	0	中性盘
14:37:16	4.98	--	64	31872	卖盘
14:37:05	4.98	--	1	498	卖盘
14:36:56	4.98	--	1	498	买盘
14:36:45	4.98	-0.01	4	1992	买盘
14:36:41	4.99	0.01	30	14970	买盘
14:36:35	4.98	--	5	2490	卖盘
14:36:25	4.98	--	10	4980	卖盘
14:36:20	4.98	--	29	14442	卖盘
14:36:11	4.98	--	172	85656	卖盘
14:36:05	4.98	--	17	8466	卖盘
14:36:00	4.98	--	51	25398	卖盘
14:35:55	4.98	--	100	49800	卖盘
14:35:45	4.98	0.01	42	20916	卖盘
14:35:40	4.97	-0.01	30	14910	卖盘
14:35:35	4.98	--	241	120018	买盘
14:35:30	4.98	--	10	4980	买盘
14:35:25	4.98	0.01	243	121014	买盘
14:35:20	4.97	--	3	1491	卖盘
14:35:10	4.97	-0.01	7	3479	卖盘
14:35:05	4.98	--	100	49800	买盘
14:34:45	4.98	--	12	5976	买盘
14:34:40	4.98	--	30	14940	买盘
14:34:35	4.98	0.01	99	49302	买盘
14:34:30	4.97	-0.01	2197	1091909	卖盘
14:34:05	4.98	0.01	28	13944	买盘
14:33:55	4.97	--	1	497	卖盘
14:33:45	4.97	-0.01	20	9940	卖盘
14:33:40	4.98	--	200	99600	买盘
14:33:35	4.98	0.01	7	3486	买盘
14:33:25	4.97	--	52	25844	卖盘
14:33:14	4.97	--	63	31311	卖盘
14:33:10	4.97	-0.01	20	9940	卖盘
14:32:44	4.98	0.01	294	146412	买盘
14:32:40	4.97	--	120	59640	卖盘
14:32:35	4.97	--	5	2485	卖盘
14:32:25	4.97	-0.01	121	60137	卖盘
14:32:20	4.98	0.01	8	3984	买盘
14:32:10	4.97	--	49	24353	卖盘
14:32:05	4.97	-0.01	63	31311	卖盘
14:31:59	4.98	--	84	41832	买盘
14:31:55	4.98	--	31	15438	买盘
14:31:50	4.98	0.01	24	11952	买盘
14:31:44	4.97	-0.01	40	19880	卖盘
14:31:19	4.98	--	60	29880	买盘
14:30:59	4.98	--	75	37350	买盘
14:30:49	4.98	--	36	17928	买盘
14:30:35	4.98	--	17	8466	买盘
14:30:29	4.98	0.01	35	17430	买盘
14:30:19	4.97	-0.01	60	29820	卖盘
14:30:14	4.98	--	10	4980	买盘
14:30:04	4.98	--	10	4980	买盘
14:29:34	4.98	0.01	56	27888	买盘
14:29:14	4.97	-0.01	10	4970	卖盘
14:29:04	4.98	0.01	2	996	买盘
14:28:54	4.97	--	17	8449	卖盘
14:28:49	4.97	--	62	30814	卖盘
14:28:44	4.97	--	9	4473	卖盘
14:28:34	4.97	-0.01	100	49700	卖盘
14:28:29	4.98	0.01	83	41334	买盘
14:28:24	4.97	-0.01	2	994	卖盘
14:28:19	4.98	0.01	13	6474	买盘
14:28:14	4.97	--	7	3479	卖盘
14:28:09	4.97	-0.01	23	11431	卖盘
14:27:59	4.98	0.01	82	40836	买盘
14:27:49	4.97	-0.01	46	22862	卖盘
14:27:44	4.98	0.01	99	49302	买盘
14:27:39	4.97	-0.01	1	497	卖盘
14:27:23	4.98	0.01	67	33366	买盘
14:27:19	4.97	--	4	1988	卖盘
14:27:14	4.97	--	200	99400	卖盘
14:27:08	4.97	--	3	1491	卖盘
14:27:04	4.97	--	48	23856	卖盘
14:26:53	4.97	--	77	38269	卖盘
14:26:44	4.97	-0.01	55	27335	卖盘
14:26:34	4.98	--	268	133464	买盘
14:26:29	4.98	0.01	15	7470	买盘
14:26:23	4.97	-0.01	170	84490	卖盘
14:26:19	4.98	0.01	28	13944	买盘
14:26:14	4.97	-0.01	47	23359	卖盘
14:26:08	4.98	--	8	3984	买盘
14:26:04	4.98	0.01	8	3984	买盘
14:25:59	4.97	-0.01	6	2982	卖盘
14:25:53	4.98	0.01	27	13446	买盘
14:25:49	4.97	--	5	2485	卖盘
14:25:44	4.97	-0.01	100	49700	卖盘
14:25:34	4.98	--	10	4980	买盘
14:25:29	4.98	0.01	27	13446	买盘
14:25:14	4.97	-0.01	50	24864	卖盘
14:25:04	4.98	0.01	90	44820	买盘
14:24:59	4.97	-0.01	20	9940	卖盘
14:24:53	4.98	0.01	328	163344	买盘
14:24:49	4.97	--	28	13916	卖盘
14:24:38	4.97	-0.01	39	19383	卖盘
14:24:19	4.98	0.01	27	13446	买盘
14:24:13	4.97	--	3	1491	卖盘
14:24:08	4.97	-0.01	204	101388	卖盘
14:23:58	4.98	--	55	27390	买盘
14:23:53	4.98	0.01	427	212646	买盘
14:23:38	4.97	-0.01	5	2485	卖盘
14:23:28	4.98	--	15	7470	买盘
14:23:23	4.98	--	27	13446	买盘
14:23:08	4.98	--	193	96114	买盘
14:22:53	4.98	0.01	200	99600	买盘
14:22:48	4.97	--	64	31808	卖盘
14:22:43	4.97	-0.01	34	16898	卖盘
14:22:28	4.98	--	40	19920	买盘
14:22:23	4.98	--	20	9960	买盘
14:22:13	4.98	0.01	24	11952	买盘
14:22:08	4.97	--	50	24850	卖盘
14:22:03	4.97	--	30	14910	卖盘
14:21:58	4.97	--	200	99400	卖盘
14:21:53	4.97	-0.01	14	6958	卖盘
14:21:43	4.98	0.01	45	22410	买盘
14:21:28	4.97	--	60	29820	卖盘
14:21:18	4.97	--	114	56658	卖盘
14:21:13	4.97	-0.01	9	4473	卖盘
14:21:08	4.98	0.01	309	153882	买盘
14:20:53	4.97	-0.01	10	4970	卖盘
14:20:47	4.98	0.01	24	11952	买盘
14:20:43	4.97	-0.01	80	39760	卖盘
14:20:32	4.98	--	100	49800	买盘
14:20:23	4.98	--	10	4980	买盘
14:20:17	4.98	0.01	24	11952	买盘
14:20:08	4.97	-0.01	109	54173	卖盘
14:19:58	4.98	--	20	9960	买盘
14:19:32	4.98	--	99	49302	买盘
14:19:28	4.98	0.01	79	39342	买盘
14:19:23	4.97	--	90	44730	卖盘
14:19:17	4.97	--	8	3976	卖盘
14:19:13	4.97	--	12	5964	卖盘
14:19:02	4.97	-0.01	10	4970	卖盘
14:18:58	4.98	0.01	91	45318	买盘
14:18:53	4.97	--	5	2485	卖盘
14:18:38	4.97	--	50	24850	卖盘
14:18:32	4.97	-0.01	40	19880	卖盘
14:18:28	4.98	--	120	59760	买盘
14:18:23	4.98	0.01	6	2988	买盘
14:18:12	4.97	-0.01	20	9940	卖盘
14:17:57	4.98	--	20	9960	买盘
14:17:47	4.98	0.01	26	12948	买盘
14:17:42	4.97	--	1	497	卖盘
14:17:37	4.97	-0.01	5	2485	卖盘
14:17:32	4.98	0.01	20	9960	买盘
14:17:27	4.97	--	6	2982	卖盘
14:17:22	4.97	--	8	3976	卖盘
14:17:17	4.97	--	21	10437	卖盘
14:17:07	4.97	--	5	2485	卖盘
14:17:02	4.97	--	48	23856	卖盘
14:16:57	4.97	-0.01	45	22365	卖盘
14:16:52	4.98	--	575	286350	买盘
14:16:47	4.98	0.01	20	9960	买盘
14:16:42	4.97	-0.01	5	2485	卖盘
14:16:32	4.98	--	40	19920	买盘
14:16:22	4.98	0.01	20	9960	买盘
14:16:17	4.97	--	25	12425	卖盘
14:16:12	4.97	--	197	97909	卖盘
14:16:07	4.97	-0.01	9	4473	卖盘
14:16:02	4.98	--	20	9960	买盘
14:15:52	4.98	--	21	10458	买盘
14:15:47	4.98	0.01	21	10458	买盘
14:15:37	4.97	-0.01	10	4970	卖盘
14:15:32	4.98	--	23	11454	买盘
14:15:22	4.98	0.01	30	14940	买盘
14:15:17	4.97	-0.01	6	2982	卖盘
14:15:11	4.98	0.01	30	14940	买盘
14:15:07	4.97	--	500	248500	卖盘
14:15:02	4.97	--	138	68586	卖盘
14:14:57	4.97	-0.01	2	994	卖盘
14:14:52	4.98	0.01	37	18426	买盘
14:14:42	4.97	--	1292	642377	卖盘
14:14:37	4.97	-0.01	10	4970	卖盘
14:14:32	4.98	0.01	90	44820	买盘
14:14:22	4.97	--	142	70574	卖盘
14:14:17	4.97	--	40	19880	卖盘
14:14:07	4.97	--	70	34790	卖盘
14:14:02	4.97	--	63	31311	卖盘
14:13:47	4.97	--	865	429905	卖盘
14:13:41	4.97	-0.01	100	49700	卖盘
14:13:37	4.98	0.01	1	498	买盘
14:13:32	4.97	-0.01	89	44233	卖盘
14:13:26	4.98	0.01	50	24900	买盘
14:13:22	4.97	-0.01	23	11431	卖盘
14:13:17	4.98	--	3	1494	买盘
14:13:02	4.98	--	80	39840	买盘
14:12:37	4.98	--	164	81672	卖盘
14:12:32	4.98	--	78	38844	卖盘
14:12:17	4.98	--	99	49302	卖盘
14:12:07	4.98	--	39	19422	卖盘
14:12:02	4.98	--	44	21912	卖盘
14:11:52	4.98	--	8	3984	卖盘
14:11:47	4.98	--	14	6972	卖盘
14:11:36	4.98	--	20	9960	卖盘
14:11:31	4.98	--	59	29382	卖盘
14:11:21	4.98	--	2	996	卖盘
14:11:06	4.98	--	30	14940	卖盘
14:11:01	4.98	--	143	71214	买盘
14:10:46	4.98	--	20	9960	买盘
14:10:41	4.98	--	30	14940	买盘
14:10:26	4.98	--	9	4482	卖盘
14:10:21	4.98	--	31	15438	卖盘
14:10:11	4.98	--	13	6474	卖盘
14:10:01	4.98	--	50	24900	卖盘
14:09:56	4.98	--	20	9960	卖盘
14:09:46	4.98	--	30	14940	卖盘
14:09:41	4.98	--	11	5478	卖盘
14:09:36	4.98	--	10	4980	卖盘
14:09:31	4.98	0.01	123	61254	买盘
14:09:21	4.97	-0.01	7	3479	卖盘
14:09:16	4.98	0.01	11	5478	买盘
14:09:06	4.97	-0.01	3850	1913450	卖盘
14:09:01	4.98	-0.01	7	3486	卖盘
14:08:56	4.99	0.01	11	5489	买盘
14:08:41	4.98	-0.01	15	7470	卖盘
14:08:31	4.99	--	1	499	买盘
14:08:26	4.99	0.01	5	2495	买盘
14:08:11	4.98	-0.01	3	1494	卖盘
14:08:01	4.99	0.01	64	31936	买盘
14:07:56	4.98	-0.01	33	16434	卖盘
14:07:50	4.99	--	10	4990	买盘
14:07:41	4.99	0.01	25	12475	买盘
14:07:31	4.98	--	36	17928	卖盘
14:07:20	4.98	--	52	25896	卖盘
14:07:16	4.98	-0.01	14	6972	卖盘
14:07:05	4.99	0.01	82	40918	买盘
14:07:01	4.98	-0.01	100	49800	卖盘
14:06:50	4.99	--	31	15469	买盘
14:06:41	4.99	--	10	4990	买盘
14:06:26	4.99	0.01	54	26946	买盘
14:06:16	4.98	-0.01	20	9960	卖盘
14:06:11	4.99	--	500	249500	买盘
14:06:01	4.99	--	10	4990	买盘
14:05:56	4.99	--	210	104790	买盘
14:05:46	4.99	0.01	10	4990	买盘
14:05:35	4.98	-0.01	20	9960	卖盘
14:05:31	4.99	--	127	63373	买盘
14:05:15	4.99	--	3	1497	买盘
14:05:10	4.99	0.01	110	54890	买盘
14:05:01	4.98	--	29	14442	卖盘
14:04:55	4.98	--	279	138942	卖盘
14:04:35	4.98	--	162	81099	买盘
14:04:25	4.98	0.01	67	33366	买盘
14:04:20	4.97	-0.01	55	27335	卖盘
14:04:10	4.98	0.01	2019	1005462	买盘
14:04:00	4.97	--	30	14910	卖盘
14:03:40	4.97	-0.01	20	9940	卖盘
14:03:35	4.98	0.01	14	6972	买盘
14:03:30	4.97	--	30	14910	卖盘
14:03:25	4.97	-0.01	2	994	卖盘
14:03:20	4.98	--	18	8964	买盘
14:02:40	4.98	--	50	24900	买盘
14:02:35	4.98	0.01	31	15438	买盘
14:02:30	4.97	-0.01	63	31311	卖盘
14:02:20	4.98	--	121	60258	买盘
14:02:10	4.98	--	209	104082	买盘
14:02:00	4.98	--	15	7470	买盘
14:01:55	4.98	--	11	5478	买盘
14:01:45	4.98	0.01	100	49800	买盘
14:01:29	4.97	--	42	20874	卖盘
14:01:20	4.97	-0.01	2	994	卖盘
14:01:10	4.98	0.01	2	996	买盘
14:01:05	4.97	--	59	29323	卖盘
14:00:59	4.97	--	68	33796	卖盘
14:00:55	4.97	--	1	497	卖盘
14:00:50	4.97	-0.01	48	23856	卖盘
14:00:40	4.98	0.01	24	11952	买盘
14:00:25	4.97	--	5	2485	卖盘
14:00:14	4.97	-0.01	10	4970	卖盘
14:00:10	4.98	--	215	107070	买盘
13:59:59	4.98	--	322	160356	买盘
13:59:50	4.98	--	150	74700	买盘
13:59:35	4.98	0.01	40	19920	买盘
13:59:25	4.97	--	95	47215	卖盘
13:59:20	4.97	-0.01	8	3976	卖盘
13:59:14	4.98	0.01	90	44820	买盘
13:59:10	4.97	--	1	497	卖盘
13:59:05	4.97	--	20	9940	卖盘
13:58:50	4.97	--	33	16401	卖盘
13:58:44	4.97	--	152	75544	卖盘
13:58:24	4.97	-0.01	2	994	卖盘
13:58:19	4.98	0.01	11	5478	买盘
13:58:14	4.97	-0.01	200	99400	卖盘
13:58:04	4.98	0.01	5	2490	买盘
13:57:54	4.97	--	100	49700	卖盘
13:57:39	4.97	--	9	4473	卖盘
13:57:34	4.97	--	450	223650	卖盘
13:57:29	4.97	-0.01	11	5467	卖盘
13:57:24	4.98	--	450	224100	买盘
13:57:19	4.98	--	1	498	买盘
13:57:04	4.98	0.01	10	4980	买盘
13:56:59	4.97	-0.01	22	10934	卖盘
13:56:54	4.98	0.01	1	498	买盘
13:56:49	4.97	-0.01	20	9940	卖盘
13:56:39	4.98	0.01	14	6972	买盘
13:56:29	4.97	-0.01	48	23856	卖盘
13:56:24	4.98	--	88	43824	买盘
13:56:14	4.98	0.01	1000	498000	买盘
13:56:04	4.97	--	100	49700	卖盘
13:55:59	4.97	--	5	2485	卖盘
13:55:49	4.97	--	16	7952	卖盘
13:55:39	4.97	--	12	5964	卖盘
13:55:34	4.97	-0.01	40	19880	卖盘
13:55:29	4.98	0.01	70	34860	买盘
13:55:24	4.97	--	42	20874	卖盘
13:55:14	4.97	--	35	17395	卖盘
13:54:54	4.97	--	19	9443	卖盘
13:54:39	4.97	--	71	35287	卖盘
13:54:29	4.97	-0.01	8	3976	卖盘
13:54:19	4.98	0.01	57	28386	买盘
13:54:14	4.97	--	5	2485	卖盘
13:54:08	4.97	-0.01	140	69580	卖盘
13:54:04	4.98	--	1	498	买盘
13:53:59	4.98	--	110	54780	买盘
13:53:53	4.98	0.01	1	498	买盘
13:53:49	4.97	-0.01	9	4473	卖盘
13:53:44	4.98	0.01	20	9960	买盘
13:53:34	4.97	--	16	7952	卖盘
13:53:29	4.97	--	199	98903	卖盘
13:53:19	4.97	--	5	2485	卖盘
13:53:14	4.97	--	1	546	卖盘
13:52:49	4.97	--	5	2485	卖盘
13:52:44	4.97	--	56	27832	卖盘
13:52:34	4.97	--	20	9940	卖盘
13:52:28	4.97	--	47	23359	卖盘
13:52:14	4.97	-0.01	22	10934	卖盘
13:52:04	4.98	--	201	100098	买盘
13:51:58	4.98	0.01	15	7470	买盘
13:51:13	4.97	-0.01	161	80017	卖盘
13:51:08	4.98	0.01	10	4980	买盘
13:50:58	4.97	-0.01	26	12922	卖盘
13:50:33	4.98	0.01	100	49800	买盘
13:50:28	4.97	-0.01	38	18886	卖盘
13:50:13	4.98	--	33	16434	买盘
13:50:08	4.98	0.01	10	4980	买盘
13:50:03	4.97	--	182	90454	卖盘
13:49:58	4.97	--	10	4970	卖盘
13:49:48	4.97	--	10	4970	卖盘
13:49:43	4.97	--	114	56658	卖盘
13:49:38	4.97	-0.01	50	24850	卖盘
13:49:28	4.98	0.01	87	43355	买盘
13:49:23	4.97	-0.01	30	14910	卖盘
13:49:18	4.98	0.01	20	9960	买盘
13:49:13	4.97	--	49	24353	卖盘
13:49:03	4.97	-0.01	6	2982	卖盘
13:48:53	4.98	--	14	6972	买盘
13:48:48	4.98	--	18	8964	买盘
13:48:38	4.98	--	21	10458	买盘
13:48:33	4.98	0.01	3	1494	买盘
13:48:28	4.97	-0.01	170	84490	卖盘
13:48:23	4.98	--	20	9960	买盘
13:48:18	4.98	0.01	29	14442	买盘
13:48:08	4.97	-0.01	144	71568	卖盘
13:48:02	4.98	0.01	73	36354	买盘
13:47:58	4.97	-0.01	21	10437	卖盘
13:47:53	4.98	--	200	99600	买盘
13:47:38	4.98	--	23	11454	买盘
13:47:32	4.98	0.01	4	1992	买盘
13:47:28	4.97	-0.01	100	49700	卖盘
13:47:23	4.98	--	22	10956	买盘
13:47:13	4.98	--	78	38844	买盘
13:47:08	4.98	--	130	64740	买盘
13:46:58	4.98	--	5	2490	买盘
13:46:53	4.98	--	26	12948	买盘
13:46:23	4.98	--	58	28884	买盘
13:46:17	4.98	--	3	1494	买盘
13:46:08	4.98	--	31	15438	买盘
13:45:57	4.98	--	10	4980	买盘
13:45:52	4.98	--	20	9960	买盘
13:45:37	4.98	--	100	49800	买盘
13:45:32	4.98	--	59	29382	买盘
13:45:28	4.98	--	100	49800	买盘
13:45:22	4.98	0.01	62	30876	买盘
13:45:17	4.97	-0.01	46	22862	卖盘
13:45:07	4.98	--	38	18924	买盘
13:45:02	4.98	--	69	34362	买盘
13:44:47	4.98	--	5	2490	买盘
13:44:32	4.98	--	600	298800	买盘
13:44:27	4.98	0.01	6	2988	买盘
13:44:17	4.97	-0.01	103	51191	卖盘
13:44:12	4.98	0.01	133	66234	买盘
13:44:07	4.97	-0.01	60	29820	卖盘
13:44:02	4.98	--	257	127986	买盘
13:43:57	4.98	--	5	2490	买盘
13:43:42	4.98	0.01	210	104580	买盘
13:43:37	4.97	--	30	14910	卖盘
13:43:32	4.97	--	131	65107	卖盘
13:43:22	4.97	--	8	3976	卖盘
13:43:17	4.97	-0.01	10	4970	卖盘
13:43:12	4.98	0.01	5	2490	买盘
13:43:02	4.97	-0.01	12	5964	卖盘
13:42:52	4.98	--	20	9960	买盘
13:42:42	4.98	0.01	12	5976	买盘
13:42:32	4.97	-0.01	3	1491	卖盘
13:42:27	4.98	0.01	115	57314	买盘
13:42:02	4.97	-0.01	177	87969	卖盘
13:41:47	4.98	--	56	27888	买盘
13:41:37	4.98	--	5	2490	买盘
13:41:32	4.98	0.01	2	996	买盘
13:41:26	4.97	--	4	1988	卖盘
13:41:22	4.97	--	113	56161	卖盘
13:41:17	4.97	--	20	9940	卖盘
13:41:11	4.97	--	39	19383	卖盘
13:41:07	4.97	--	2	994	卖盘
13:41:02	4.97	--	34	16898	卖盘
13:40:56	4.97	--	83	41251	卖盘
13:40:52	4.97	--	107	53179	卖盘
13:40:47	4.97	--	30	14910	卖盘
13:40:41	4.97	--	48	23856	卖盘
13:40:37	4.97	--	37	18389	卖盘
13:40:32	4.97	--	39	19383	卖盘
13:40:26	4.97	--	3	1491	卖盘
13:40:22	4.97	--	47	23359	卖盘
13:40:07	4.97	--	13	6461	卖盘
13:39:52	4.97	-0.01	32	15904	卖盘
13:39:46	4.98	0.01	1	498	买盘
13:39:37	4.97	--	3	1491	卖盘
13:39:31	4.97	-0.01	4	1988	卖盘
13:39:26	4.98	--	2	996	买盘
13:39:21	4.98	--	1	498	买盘
13:39:16	4.98	--	1	498	买盘
13:38:11	4.98	0.01	99	49302	买盘
13:37:46	4.97	--	77	38269	卖盘
13:37:41	4.97	--	10	4970	卖盘
13:37:36	4.97	--	745	370265	卖盘
13:37:31	4.97	--	24	11928	卖盘
13:37:26	4.97	--	18	8946	卖盘
13:37:01	4.97	-0.01	354	175938	卖盘
13:36:46	4.98	0.01	31	15438	买盘
13:36:41	4.97	--	109	54173	卖盘
13:36:36	4.97	--	6	2982	卖盘
13:36:26	4.97	--	141	70300	卖盘
13:36:01	4.97	--	224	111328	卖盘
13:35:56	4.97	--	115	57155	卖盘
13:35:46	4.97	--	69	34293	卖盘
13:35:31	4.97	-0.01	7	3479	卖盘
13:35:26	4.98	--	20	9960	买盘
13:35:16	4.98	--	2	996	买盘
13:35:11	4.98	--	20	9960	买盘
13:35:05	4.98	0.01	32	15936	买盘
13:34:56	4.97	-0.01	2	994	卖盘
13:34:50	4.98	-0.01	17	8685	卖盘
13:34:46	4.99	0.01	34	16966	买盘
13:34:41	4.98	--	61	30378	卖盘
13:34:26	4.98	--	186	92657	卖盘
13:34:20	4.98	--	18	8964	卖盘
13:34:11	4.98	--	14	6972	卖盘
13:34:05	4.98	--	1066	530868	卖盘
13:34:01	4.98	-0.01	10	4980	卖盘
13:33:56	4.99	--	19	9481	买盘
13:33:50	4.99	0.01	10	4990	买盘
13:33:26	4.98	--	13	6474	卖盘
13:33:16	4.98	--	75	37350	卖盘
13:33:10	4.98	--	41	20418	卖盘
13:33:05	4.98	--	62	30876	卖盘
13:33:01	4.98	-0.01	5	2490	卖盘
13:32:50	4.99	0.01	1	499	买盘
13:32:45	4.98	--	143	71214	卖盘
13:32:40	4.98	--	10	4980	卖盘
13:32:30	4.98	--	25	12450	卖盘
13:32:25	4.98	--	20	9960	卖盘
13:32:15	4.98	--	20	9960	卖盘
13:32:10	4.98	--	49	24402	卖盘
13:32:00	4.98	--	200	99600	卖盘
13:31:55	4.98	--	100	49800	卖盘
13:31:50	4.98	--	5	2490	卖盘
13:31:40	4.98	-0.01	30	14940	卖盘
13:31:35	4.99	--	138	68862	买盘
13:31:15	4.99	0.01	3	1497	买盘
13:31:10	4.98	--	10	4980	卖盘
13:31:00	4.98	-0.01	400	199200	卖盘
13:30:50	4.99	0.01	10	4990	买盘
13:30:20	4.98	-0.01	11	5478	卖盘
13:30:15	4.99	0.01	5	2495	买盘
13:30:10	4.98	-0.01	6	2988	卖盘
13:30:05	4.99	0.01	35	17465	买盘
13:29:55	4.98	--	100	49800	卖盘
13:29:45	4.98	--	30	14940	卖盘
13:29:35	4.98	-0.01	3	1494	卖盘
13:29:25	4.99	--	115	57385	买盘
13:29:10	4.99	--	70	34930	买盘
13:29:05	4.99	0.01	400	199600	买盘
13:28:59	4.98	--	20	9960	卖盘
13:28:55	4.98	--	34	16932	卖盘
13:28:50	4.98	--	60	29880	卖盘
13:28:44	4.98	--	64	31872	卖盘
13:28:40	4.98	--	5	2490	卖盘
13:28:35	4.98	-0.01	2	996	卖盘
13:28:29	4.99	0.01	64	31936	买盘
13:28:20	4.98	--	13	6474	卖盘
13:28:14	4.98	-0.01	1020	507960	卖盘
13:28:05	4.99	0.01	3	1497	买盘
13:27:55	4.98	-0.01	1050	522900	卖盘
13:27:50	4.99	0.01	170	84830	买盘
13:27:35	4.98	--	1	498	卖盘
13:27:29	4.98	--	10	4980	卖盘
13:27:25	4.98	-0.01	9	4482	卖盘
13:27:14	4.99	--	3	1497	买盘
13:27:10	4.99	0.01	33	16467	买盘
13:26:59	4.98	--	110	54780	卖盘
13:26:55	4.98	--	42	20916	卖盘
13:26:50	4.98	--	10	4980	卖盘
13:26:40	4.98	--	10	4980	卖盘
13:26:24	4.98	-0.01	152	75696	卖盘
13:26:19	4.99	--	16	7984	买盘
13:26:14	4.99	--	12	5988	买盘
13:26:09	4.99	--	50	24950	买盘
13:26:04	4.99	--	92	45908	买盘
13:25:59	4.99	--	17	8483	买盘
13:25:49	4.99	--	29	14471	买盘
13:25:44	4.99	--	13	6487	买盘
13:25:39	4.99	--	17	8483	买盘
13:25:29	4.99	0.01	272	135977	买盘
13:25:19	4.98	--	16	7968	买盘
13:25:14	4.98	--	427	212895	卖盘
13:25:09	4.98	--	2	996	卖盘
13:25:04	4.98	--	15	7470	卖盘
13:24:59	4.98	--	21	10458	卖盘
13:24:44	4.98	--	7	3486	卖盘
13:24:34	4.98	-0.01	53	26394	卖盘
13:24:29	4.99	--	43	21457	买盘
13:24:24	4.99	0.01	31	15469	买盘
13:24:19	4.98	--	59	29382	卖盘
13:24:14	4.98	--	31	15438	卖盘
13:24:09	4.98	--	3	1494	卖盘
13:24:04	4.98	-0.01	55	27390	卖盘
13:23:59	4.99	0.01	24	11976	买盘
13:23:54	4.98	--	20	9960	卖盘
13:23:49	4.98	--	146	72708	卖盘
13:23:34	4.98	--	28	13944	卖盘
13:23:29	4.98	--	29	14442	卖盘
13:23:24	4.98	-0.01	1	498	卖盘
13:23:19	4.99	--	4	1996	买盘
13:23:14	4.99	--	150	74850	买盘
13:23:09	4.99	0.01	1	499	买盘
13:22:59	4.98	--	40	19920	卖盘
13:22:49	4.98	-0.01	44	21912	卖盘
13:22:44	4.99	0.01	3	1497	买盘
13:22:39	4.98	--	38	18924	卖盘
13:22:34	4.98	--	26	12948	卖盘
13:22:29	4.98	--	491	244518	卖盘
13:22:23	4.98	--	189	94122	卖盘
13:22:19	4.98	--	107	53286	卖盘
13:22:14	4.98	--	52	25896	卖盘
13:22:08	4.98	--	76	37848	卖盘
13:22:04	4.98	--	15	7470	卖盘
13:21:59	4.98	--	30	14940	卖盘
13:21:44	4.98	--	3	1494	卖盘
13:21:34	4.98	-0.01	10	4980	卖盘
13:21:29	4.99	0.01	5	2495	买盘
13:21:19	4.98	--	268	133464	卖盘
13:21:14	4.98	--	1	498	卖盘
13:21:08	4.98	--	5	2490	卖盘
13:21:04	4.98	--	1022	508956	卖盘
13:20:59	4.98	-0.01	50	24900	卖盘
13:20:53	4.99	0.01	10	4990	买盘
13:20:49	4.98	--	62	30876	卖盘
13:20:43	4.98	--	21	10458	卖盘
13:20:38	4.98	--	20	9960	卖盘
13:20:33	4.98	-0.01	57	28386	卖盘
13:20:29	4.99	0.01	48	23952	买盘
13:20:19	4.98	--	52	25896	卖盘
13:20:13	4.98	--	19	9462	卖盘
13:20:08	4.98	--	700	348600	卖盘
13:20:04	4.98	--	5	2490	卖盘
13:19:53	4.98	-0.01	3	1494	卖盘
13:19:48	4.99	0.01	3	1497	买盘
13:19:43	4.98	--	40	19920	卖盘
13:19:38	4.98	--	29	14442	卖盘
13:19:33	4.98	--	56	27888	卖盘
13:19:28	4.98	--	10	4980	卖盘
13:19:23	4.98	--	150	74700	卖盘
13:19:13	4.98	--	6	2988	卖盘
13:19:08	4.98	--	11	5478	卖盘
13:19:03	4.98	--	86	42828	卖盘
13:18:58	4.98	--	89	44322	卖盘
13:18:53	4.98	--	20	9960	卖盘
13:18:43	4.98	--	27	13446	卖盘
13:18:28	4.98	--	529	263442	卖盘
13:18:23	4.98	-0.01	1	498	卖盘
13:18:18	4.99	0.01	23	11477	买盘
13:18:13	4.98	--	209	104082	卖盘
13:18:08	4.98	--	10	4980	卖盘
13:18:03	4.98	-0.01	8	3984	卖盘
13:17:58	4.99	0.01	20	9980	买盘
13:17:48	4.98	--	5	2490	卖盘
13:17:43	4.98	--	470	234060	卖盘
13:17:38	4.98	--	36	17928	卖盘
13:17:28	4.98	--	17	8466	卖盘
13:17:13	4.98	--	200	99600	卖盘
13:17:03	4.98	--	105	52290	卖盘
13:16:58	4.98	--	193	96114	卖盘
13:16:53	4.98	--	59	29382	卖盘
13:16:43	4.98	--	50	24900	卖盘
13:16:38	4.98	--	13	6474	卖盘
13:16:33	4.98	--	40	19920	卖盘
13:16:28	4.98	-0.01	20	9960	卖盘
13:16:23	4.99	--	66	32934	买盘
13:16:13	4.99	--	30	14970	买盘
13:16:08	4.99	0.01	20	9980	买盘
13:16:03	4.98	-0.01	18	8964	卖盘
13:15:58	4.99	--	26	12974	买盘
13:15:43	4.99	0.01	606	302394	买盘
13:15:38	4.98	-0.01	1	498	卖盘
13:15:32	4.99	--	17	8483	买盘
13:15:28	4.99	--	8	3992	买盘
13:15:13	4.99	--	17	8483	买盘
13:15:02	4.99	--	15	7485	买盘
13:14:58	4.99	--	10	4990	买盘
13:14:53	4.99	--	17	8483	买盘
13:14:43	4.99	--	10	4990	买盘
13:14:38	4.99	-0.01	10	4990	中性盘
13:14:32	5.0	0.01	17	8500	买盘
13:14:28	4.99	--	10	4990	买盘
13:14:23	4.99	--	111	55658	卖盘
13:14:17	4.99	--	6	2994	卖盘
13:14:12	4.99	-0.01	72	35928	卖盘
13:14:08	5.0	0.01	17	8500	买盘
13:13:58	4.99	--	94	47135	卖盘
13:13:53	4.99	--	32	15968	卖盘
13:13:42	4.99	--	26	12974	卖盘
13:13:37	4.99	--	83	41417	卖盘
13:13:32	4.99	--	40	19960	卖盘
13:13:28	4.99	0.01	213	106287	买盘
13:13:22	4.98	--	10	4980	卖盘
13:13:12	4.98	-0.01	128	63744	卖盘
13:12:52	4.99	--	37	18463	买盘
13:12:47	4.99	--	22	10978	买盘
13:12:37	4.99	--	56	27944	买盘
13:12:32	4.99	0.01	69	34431	买盘
13:12:27	4.98	-0.02	26	12948	卖盘
13:12:22	5.0	--	0	0	买盘
13:12:17	5.0	0.01	6	3000	买盘
13:12:12	4.99	--	120	59880	卖盘
13:12:07	4.99	--	23	11477	卖盘
13:12:02	4.99	--	800	399200	卖盘
13:11:47	4.99	-0.01	32	15968	卖盘
13:11:42	5.0	0.01	1	500	买盘
13:11:37	4.99	--	4	1996	卖盘
13:11:32	4.99	--	6	2994	卖盘
13:11:27	4.99	-0.01	20	9980	卖盘
13:11:22	5.0	0.01	47	23500	买盘
13:11:17	4.99	-0.01	20	9980	卖盘
13:11:12	5.0	--	16	8000	买盘
13:11:07	5.0	--	20	10000	买盘
13:11:02	5.0	--	17	8500	买盘
13:10:52	5.0	0.01	1017	508500	买盘
13:10:47	4.99	--	39	19461	卖盘
13:10:37	4.99	--	36	17964	卖盘
13:10:32	4.99	-0.01	35	17465	卖盘
13:10:22	5.0	--	17	8500	买盘
13:10:17	5.0	0.01	167	83500	买盘
13:10:12	4.99	-0.01	10	4990	卖盘
13:10:07	5.0	--	16	8000	买盘
13:10:02	5.0	--	90	45000	买盘
13:09:52	5.0	0.01	24	12000	买盘
13:09:47	4.99	--	25	12475	卖盘
13:09:37	4.99	--	57	28443	卖盘
13:09:32	4.99	--	183	91317	卖盘
13:09:27	4.99	-0.01	2	998	卖盘
13:09:22	5.0	--	39	19500	买盘
13:09:17	5.0	--	2322	1161000	买盘
13:09:12	5.0	0.01	17	8500	买盘
13:09:07	4.99	-0.01	18	8982	卖盘
13:09:02	5.0	0.01	16	8000	买盘
13:08:52	4.99	--	332	165668	买盘
13:08:47	4.99	--	17	8483	买盘
13:08:41	4.99	--	45	22455	买盘
13:08:37	4.99	0.01	66	32934	买盘
13:08:32	4.98	--	36	17928	卖盘
13:08:22	4.98	-0.01	27	13446	卖盘
13:08:17	4.99	--	86	42914	买盘
13:08:11	4.99	--	1	499	买盘
13:08:02	4.99	--	26	12974	买盘
13:07:52	4.99	--	19	9481	买盘
13:07:46	4.99	--	16	7984	买盘
13:07:41	4.99	0.01	75	37425	买盘
13:07:37	4.98	-0.01	41	20418	卖盘
13:07:31	4.99	--	22	10978	买盘
13:07:22	4.99	--	31	15469	买盘
13:07:16	4.99	--	18	8982	买盘
13:07:11	4.99	--	132	65868	买盘
13:07:06	4.99	0.01	89	44411	买盘
13:07:01	4.98	-0.01	89	44322	卖盘
13:06:51	4.99	--	67	33433	买盘
13:06:47	4.99	--	66	32934	买盘
13:06:41	4.99	--	138	68862	买盘
13:06:11	4.99	--	100	49900	买盘
13:06:06	4.99	0.01	20	9980	买盘
13:06:01	4.98	-0.01	102	50796	卖盘
13:05:56	4.99	--	40	19960	买盘
13:05:46	4.99	--	320	159680	买盘
13:05:36	4.99	--	100	49900	买盘
13:05:31	4.99	--	9	4491	买盘
13:05:26	4.99	--	17	8483	买盘
13:05:16	4.99	--	21	10479	买盘
13:05:11	4.99	--	17	8483	买盘
13:05:01	4.99	--	17	8483	买盘
13:04:56	4.99	0.01	16	7984	买盘
13:04:51	4.98	-0.01	3	1494	卖盘
13:04:46	4.99	--	117	58383	买盘
13:04:41	4.99	--	119	59381	买盘
13:04:36	4.99	--	30	14970	买盘
13:04:26	4.99	--	60	29940	买盘
13:04:11	4.99	-0.01	653	325847	卖盘
13:04:06	5.0	--	17	8500	买盘
13:04:01	5.0	--	5	2500	买盘
13:03:56	5.0	0.01	30	15000	买盘
13:03:51	4.99	--	3	1497	卖盘
13:03:46	4.99	-0.01	24	11976	卖盘
13:03:36	5.0	0.01	18	9000	买盘
13:03:26	4.99	0.01	38	18962	买盘
13:03:21	4.98	--	40	19920	卖盘
13:03:16	4.98	--	15	7470	卖盘
13:03:06	4.98	-0.01	4	1992	卖盘
13:03:01	4.99	0.01	165	82335	买盘
13:02:56	4.98	-0.01	4	1992	卖盘
13:02:51	4.99	0.01	48	23952	买盘
13:02:46	4.98	-0.01	87	43326	卖盘
13:02:31	4.99	--	5	2495	买盘
13:02:26	4.99	--	10	4990	买盘
13:02:16	4.99	-0.01	67	33433	中性盘
13:02:11	5.0	0.01	130	65000	买盘
13:02:05	4.99	-0.01	41	20459	卖盘
13:01:56	5.0	--	30	15000	买盘
13:01:46	5.0	--	30	15000	买盘
13:01:11	5.0	0.02	411	205500	买盘
13:00:55	4.98	-0.01	543	270414	卖盘
13:00:50	4.99	--	45	22455	买盘
13:00:35	4.99	-0.01	52	25948	买盘
13:00:30	5.0	--	16	8000	买盘
13:00:25	5.0	--	71	35500	买盘
13:00:15	5.0	--	53	26500	买盘
13:00:10	5.0	--	1774	887270	买盘
13:00:05	5.0	-0.01	3686	1843090	卖盘
11:30:00	5.01	--	0	0	卖盘
11:30:00	5.01	--	0	0	卖盘
11:30:00	5.01	-0.01	60	30060	卖盘
11:29:57	5.02	0.01	19	9538	买盘
11:29:52	5.01	--	11	5511	卖盘
11:29:47	5.01	--	201	100701	卖盘
11:29:42	5.01	--	2	1002	卖盘
11:29:37	5.01	--	151	75651	卖盘
11:29:32	5.01	--	27	13527	卖盘
11:29:27	5.01	-0.01	134	67134	卖盘
11:29:22	5.02	0.01	33	16566	买盘
11:29:17	5.01	-0.01	1223	612723	卖盘
11:29:12	5.02	0.01	5	2510	买盘
11:29:07	5.01	-0.01	50	25050	卖盘
11:29:02	5.02	--	24	12047	买盘
11:28:57	5.02	0.01	99	49697	买盘
11:28:52	5.01	--	158	79158	卖盘
11:28:47	5.01	-0.01	123	61623	卖盘
11:28:42	5.02	0.01	3	1505	买盘
11:28:37	5.01	-0.01	185	92685	卖盘
11:28:32	5.02	--	47	23593	买盘
11:28:27	5.02	0.01	33	16566	买盘
11:28:22	5.01	--	77	38577	卖盘
11:28:17	5.01	0.02	971	486881	买盘
11:28:12	4.99	-0.01	1002	499998	卖盘
11:28:07	5.0	--	7	3500	买盘
11:28:02	5.0	--	125	62500	买盘
11:27:57	5.0	--	20	10000	买盘
11:27:52	5.0	--	10	5000	买盘
11:27:47	5.0	--	1006	503000	买盘
11:27:37	5.0	0.01	56	28000	买盘
11:27:31	4.99	--	27	13473	卖盘
11:27:27	4.99	--	0	0	卖盘
11:27:22	4.99	-0.01	30	14970	卖盘
11:27:06	5.0	0.01	22	11000	买盘
11:27:01	4.99	--	10072	5025928	卖盘
11:26:51	4.99	--	116	57884	卖盘
11:26:36	4.99	--	3386	1689843	买盘
11:26:31	4.99	--	3	1497	买盘
11:26:27	4.99	--	6	2994	买盘
11:26:21	4.99	--	4	1996	买盘
11:26:16	4.99	0.01	110	54890	买盘
11:26:12	4.98	--	50	24900	卖盘
11:26:06	4.98	-0.01	388	193473	卖盘
11:25:51	4.99	0.01	100	49900	买盘
11:25:46	4.98	-0.01	190	94620	卖盘
11:25:41	4.99	0.01	354	176646	买盘
11:25:16	4.98	--	9	4482	卖盘
11:25:06	4.98	-0.01	36	17928	卖盘
11:25:01	4.99	0.01	425	212075	买盘
11:24:51	4.98	-0.01	6	2988	卖盘
11:24:46	4.99	--	10	4990	买盘
11:24:36	4.99	--	10	4990	买盘
11:24:31	4.99	--	5	2495	买盘
11:24:21	4.99	0.01	19	9481	买盘
11:24:16	4.98	-0.01	10	4980	卖盘
11:24:06	4.99	--	5	2495	买盘
11:24:01	4.99	--	105	52395	买盘
11:23:46	4.99	0.01	15	7485	买盘
11:23:36	4.98	--	12	5976	卖盘
11:23:26	4.98	--	16	7968	卖盘
11:23:21	4.98	-0.01	13	6474	卖盘
11:23:16	4.99	0.01	3550	1771450	买盘
11:23:11	4.98	--	53	26394	买盘
11:23:06	4.98	0.01	10	4980	买盘
11:23:01	4.97	-0.01	10	4970	卖盘
11:22:56	4.98	0.01	15	7470	买盘
11:22:51	4.97	-0.01	100	49700	卖盘
11:22:46	4.98	--	254	126492	买盘
11:22:41	4.98	0.01	48	23904	买盘
11:22:21	4.97	0.01	76	37772	买盘
11:22:11	4.96	--	499	247504	卖盘
11:22:06	4.96	--	9	4464	卖盘
11:21:51	4.96	--	33	16368	卖盘
11:21:46	4.96	-0.01	140	69440	卖盘
11:21:41	4.97	0.01	20	9940	买盘
11:21:31	4.96	-0.01	131	64976	卖盘
11:21:06	4.97	0.01	20	9940	买盘
11:21:01	4.96	-0.01	23	11408	卖盘
11:20:35	4.97	--	214	106358	买盘
11:20:31	4.97	--	102	50694	买盘
11:20:25	4.97	0.01	115	57155	买盘
11:20:15	4.96	-0.01	25	12400	卖盘
11:20:10	4.97	--	25	12425	买盘
11:20:05	4.97	0.01	14	6958	买盘
11:20:00	4.96	-0.01	1	496	卖盘
11:19:55	4.97	0.01	10	4970	买盘
11:19:45	4.96	-0.01	1	496	卖盘
11:19:40	4.97	0.01	165	82005	买盘
11:19:35	4.96	--	91	45136	卖盘
11:19:30	4.96	-0.01	20	9920	卖盘
11:19:20	4.97	0.01	56	27832	买盘
11:19:10	4.96	--	40	19840	卖盘
11:19:05	4.96	-0.01	5	2480	卖盘
11:19:00	4.97	--	20	9940	买盘
11:18:55	4.97	--	26	12922	买盘
11:18:45	4.97	--	16	7952	买盘
11:18:40	4.97	0.01	15	7455	买盘
11:18:35	4.96	-0.01	10	4960	卖盘
11:18:10	4.97	--	7	3479	买盘
11:18:05	4.97	0.01	29	14413	买盘
11:17:55	4.96	-0.01	50	24800	卖盘
11:17:50	4.97	0.01	40	19880	买盘
11:17:45	4.96	-0.01	50	24800	卖盘
11:17:40	4.97	0.01	20	9940	买盘
11:17:30	4.96	--	44	21824	卖盘
11:16:50	4.96	-0.01	40	19840	卖盘
11:16:40	4.97	--	1	497	买盘
11:16:25	4.97	0.01	2	994	买盘
11:16:14	4.96	-0.01	7	3472	卖盘
11:16:05	4.97	--	100	49700	买盘
11:16:00	4.97	--	46	22862	买盘
11:15:55	4.97	--	53	26341	买盘
11:15:50	4.97	--	56	27832	买盘
11:15:35	4.97	--	54	26838	买盘
11:15:19	4.97	--	32	15904	买盘
11:15:00	4.97	0.01	1	497	买盘
11:14:55	4.96	--	59	29264	卖盘
11:14:45	4.96	--	80	39680	卖盘
11:14:35	4.96	-0.01	40	19840	卖盘
11:14:19	4.97	--	100	49700	买盘
11:14:10	4.97	--	46	22862	买盘
11:13:49	4.97	--	107	53179	买盘
11:13:24	4.97	0.01	188	93436	买盘
11:13:19	4.96	-0.01	18	8928	卖盘
11:13:09	4.97	0.01	14	6958	买盘
11:13:04	4.96	-0.01	9	4464	卖盘
11:12:49	4.97	--	9	4473	买盘
11:12:39	4.97	--	23	11431	买盘
11:12:34	4.97	--	43	21371	买盘
11:12:24	4.97	--	3	1491	买盘
11:12:19	4.97	0.01	4	1988	买盘
11:12:14	4.96	-0.01	10	4960	卖盘
11:12:09	4.97	--	73	36281	买盘
11:12:04	4.97	--	1	497	买盘
11:11:59	4.97	--	90	44730	买盘
11:11:54	4.97	--	48	23856	买盘
11:11:49	4.97	--	131	65107	卖盘
11:11:39	4.97	--	6	2982	卖盘
11:11:34	4.97	--	68	33796	卖盘
11:11:29	4.97	--	110	54670	卖盘
11:11:19	4.97	--	12	5964	卖盘
11:11:09	4.97	0.01	11	5467	买盘
11:10:53	4.96	--	100	49600	卖盘
11:10:44	4.96	--	5	2480	卖盘
11:10:39	4.96	-0.01	1	496	卖盘
11:10:34	4.97	--	20	9940	买盘
11:10:14	4.97	--	14	6958	卖盘
11:10:09	4.97	--	57	28329	卖盘
11:10:04	4.97	-0.01	3	1491	卖盘
11:09:54	4.98	0.01	103	51294	买盘
11:09:49	4.97	-0.01	106	52682	卖盘
11:09:44	4.98	0.01	20	9960	买盘
11:09:39	4.97	--	1	497	卖盘
11:09:19	4.97	--	20	9940	卖盘
11:09:14	4.97	--	60	29820	卖盘
11:08:59	4.97	--	5	2485	卖盘
11:08:49	4.97	--	10	4970	卖盘
11:08:39	4.97	-0.01	2	994	卖盘
11:08:34	4.98	0.01	3	1494	买盘
11:08:28	4.97	--	10	4970	买盘
11:08:19	4.97	--	45	22365	卖盘
11:08:14	4.97	--	50	24850	卖盘
11:08:03	4.97	--	10	4970	卖盘
11:07:58	4.97	--	20	9940	卖盘
11:07:48	4.97	--	2	994	买盘
11:07:43	4.97	-0.01	4	1988	卖盘
11:07:33	4.98	--	0	0	买盘
11:07:28	4.98	--	20	9960	买盘
11:07:24	4.98	0.01	7	3486	买盘
11:07:08	4.97	--	10	4970	买盘
11:07:03	4.97	-0.01	48	23856	中性盘
11:06:58	4.98	0.01	15	7470	买盘
11:06:48	4.97	-0.01	10	4970	买盘
11:06:43	4.98	--	52	25896	买盘
11:06:33	4.98	--	6	2988	买盘
11:06:28	4.98	--	142	70716	买盘
11:06:18	4.98	0.01	22	10956	买盘
11:06:13	4.97	--	22	10934	买盘
11:06:08	4.97	--	50	24850	买盘
11:06:03	4.97	0.01	54	26838	买盘
11:05:58	4.96	-0.01	20	9920	卖盘
11:05:43	4.97	--	10	4970	买盘
11:05:33	4.97	--	1	497	买盘
11:05:28	4.97	-0.01	2032	1009913	卖盘
11:05:23	4.98	--	16	7968	买盘
11:05:18	4.98	--	45	22410	买盘
11:04:58	4.98	0.01	8	3984	买盘
11:04:53	4.97	-0.01	400	198800	卖盘
11:04:47	4.98	0.01	10	4980	买盘
11:04:43	4.97	--	5	2485	卖盘
11:04:38	4.97	-0.01	14	6958	卖盘
11:04:33	4.98	--	18	8964	买盘
11:04:28	4.98	0.01	109	54282	买盘
11:04:23	4.97	--	6	2982	卖盘
11:04:18	4.97	-0.01	5	2485	卖盘
11:03:53	4.98	--	2	996	买盘
11:03:38	4.98	--	5	2490	买盘
11:03:28	4.98	--	30	14940	买盘
11:02:58	4.98	0.01	18	8964	买盘
11:02:53	4.97	-0.01	60	29820	卖盘
11:02:38	4.98	--	1	498	买盘
11:02:28	4.98	0.01	28	13944	买盘
11:02:17	4.97	-0.02	1	497	卖盘
11:02:13	4.99	--	21	10479	买盘
11:02:08	4.99	0.02	275	137225	买盘
11:02:03	4.97	-0.01	201	99897	卖盘
11:01:57	4.98	--	28	13944	买盘
11:01:47	4.98	--	3	1494	买盘
11:01:42	4.98	--	4	1992	卖盘
11:01:37	4.98	-0.01	20	9960	卖盘
11:01:32	4.99	0.01	16	7984	买盘
11:01:27	4.98	--	69	34362	买盘
11:01:22	4.98	--	3	1494	买盘
11:01:17	4.98	--	249	124002	买盘
11:01:12	4.98	--	2	996	买盘
11:01:07	4.98	--	3	1494	买盘
11:00:42	4.98	--	45	22410	买盘
11:00:37	4.98	--	228	113544	买盘
11:00:32	4.98	0.01	15	7470	买盘
11:00:22	4.97	-0.01	1	497	卖盘
11:00:17	4.98	--	13	6474	买盘
11:00:12	4.98	--	41	20418	买盘
11:00:07	4.98	0.01	24	11952	买盘
10:59:57	4.97	-0.01	5	2485	卖盘
10:59:52	4.98	--	50	24900	买盘
10:59:32	4.98	--	25	12450	买盘
10:59:22	4.98	--	55	27390	买盘
10:59:17	4.98	--	1	498	买盘
10:59:07	4.98	--	102	50796	买盘
10:58:57	4.98	0.01	5	2490	买盘
10:58:52	4.97	--	20	9940	卖盘
10:58:47	4.97	--	20	9940	卖盘
10:58:42	4.97	-0.02	21	10437	卖盘
10:58:32	4.99	--	0	0	买盘
10:58:26	4.99	0.01	10	4990	买盘
10:58:22	4.98	--	11	5746	卖盘
10:58:17	4.98	--	88	44053	买盘
10:58:11	4.98	0.01	50	24900	买盘
10:58:07	4.97	-0.01	16	7952	卖盘
10:58:02	4.98	--	427	212646	买盘
10:57:56	4.98	0.01	115	57270	买盘
10:57:51	4.97	--	1	497	卖盘
10:57:47	4.97	--	1	497	卖盘
10:57:41	4.97	--	50	24850	卖盘
10:57:36	4.97	--	37	18389	卖盘
10:57:32	4.97	--	70	34790	卖盘
10:57:26	4.97	--	8	3976	卖盘
10:57:17	4.97	--	500	248500	卖盘
10:56:56	4.97	--	13	6461	卖盘
10:56:51	4.97	--	5	2485	卖盘
10:56:46	4.97	--	8	3976	卖盘
10:56:36	4.97	-0.01	35	17395	卖盘
10:56:26	4.98	--	50	24900	买盘
10:56:21	4.98	--	138	68992	卖盘
10:56:16	4.98	--	8	3984	卖盘
10:56:11	4.98	-0.01	4	1992	卖盘
10:56:02	4.99	0.01	572	285428	买盘
10:55:56	4.98	-0.01	60	29880	卖盘
10:55:51	4.99	0.01	6	2994	买盘
10:55:46	4.98	--	5	2490	卖盘
10:55:41	4.98	-0.01	225	112050	卖盘
10:55:36	4.99	--	32	15968	买盘
10:55:32	4.99	0.01	10	4990	买盘
10:55:26	4.98	--	110	54780	卖盘
10:55:21	4.98	--	24	11952	卖盘
10:55:16	4.98	--	10	4980	卖盘
10:55:06	4.98	-0.01	151	75198	卖盘
10:55:01	4.99	0.01	7	3493	买盘
10:54:56	4.98	--	3	1494	卖盘
10:54:51	4.98	--	20	9960	卖盘
10:54:46	4.98	--	27	13446	卖盘
10:54:36	4.98	--	20	9960	卖盘
10:54:31	4.98	--	4	1992	卖盘
10:54:21	4.98	--	257	127986	卖盘
10:54:06	4.98	-0.01	111	55278	卖盘
10:54:01	4.99	0.01	5	2495	卖盘
10:53:56	4.98	--	0	0	卖盘
10:53:51	4.98	--	5217	2598066	卖盘
10:53:36	4.98	-0.01	10	4980	卖盘
10:53:21	4.99	0.01	76	37924	买盘
10:53:11	4.98	--	30	14940	卖盘
10:53:06	4.98	--	20	9960	卖盘
10:53:01	4.98	-0.01	56	27888	卖盘
10:52:51	4.99	0.01	70	34930	买盘
10:52:46	4.98	--	10	4980	卖盘
10:52:21	4.98	--	20	9960	卖盘
10:52:16	4.98	-0.01	40	19920	卖盘
10:52:11	4.99	0.01	1	499	买盘
10:52:05	4.98	--	8	3984	卖盘
10:52:00	4.98	--	20	9960	卖盘
10:51:56	4.98	--	185	92130	卖盘
10:51:50	4.98	-0.01	4	1992	卖盘
10:51:46	4.99	0.01	20	9980	买盘
10:51:30	4.98	-0.01	2	996	卖盘
10:51:26	4.99	--	160	79840	买盘
10:51:20	4.99	--	67	33433	买盘
10:51:15	4.99	0.01	161	80339	买盘
10:51:11	4.98	--	102	50796	卖盘
10:51:05	4.98	0.01	1469	731791	买盘
10:51:00	4.97	-0.01	10	4970	卖盘
10:50:56	4.98	--	437	217626	买盘
10:50:50	4.98	--	400	199200	买盘
10:50:45	4.98	--	467	232566	买盘
10:50:41	4.98	0.01	44	21912	买盘
10:50:35	4.97	--	118	58646	卖盘
10:50:30	4.97	-0.01	30	14910	卖盘
10:50:26	4.98	0.01	39	19422	买盘
10:50:20	4.97	--	60	29820	卖盘
10:50:15	4.97	-0.01	31	15407	卖盘
10:50:11	4.98	--	19	9462	买盘
10:50:05	4.98	--	31	15438	买盘
10:50:00	4.98	0.01	68	33864	买盘
10:49:50	4.97	--	28	13916	卖盘
10:49:45	4.97	0.01	1957	973116	买盘
10:49:40	4.96	--	94	46624	卖盘
10:49:30	4.96	-0.01	81	40176	卖盘
10:49:26	4.97	0.01	29	14413	买盘
10:49:20	4.96	--	12	5952	卖盘
10:49:00	4.96	--	36	17856	卖盘
10:48:45	4.96	--	7	3472	卖盘
10:48:25	4.96	--	39	19344	卖盘
10:48:20	4.96	-0.01	2	992	卖盘
10:48:15	4.97	0.01	10	4970	买盘
10:48:10	4.96	--	75	37200	卖盘
10:48:00	4.96	--	52	25792	卖盘
10:47:55	4.96	--	24	11904	卖盘
10:47:30	4.96	-0.01	9	4464	卖盘
10:47:25	4.97	--	120	59640	买盘
10:47:15	4.97	0.01	63	31311	买盘
10:47:10	4.96	-0.01	20	9920	卖盘
10:47:05	4.97	--	4	1988	买盘
10:46:55	4.97	0.01	20	9940	买盘
10:46:45	4.96	--	20	9920	卖盘
10:46:30	4.96	--	5	2480	卖盘
10:46:25	4.96	--	50	24800	卖盘
10:46:20	4.96	-0.01	23	11408	卖盘
10:46:15	4.97	0.01	3	1491	买盘
10:46:10	4.96	--	47	23312	卖盘
10:46:05	4.96	--	348	172608	卖盘
10:45:55	4.96	--	30	14880	卖盘
10:45:40	4.96	-0.01	150	74400	卖盘
10:45:35	4.97	--	5	2485	买盘
10:45:29	4.97	--	20	9940	买盘
10:45:24	4.97	0.01	2	994	买盘
10:45:20	4.96	--	20	9920	卖盘
10:45:09	4.96	-0.01	54	26784	卖盘
10:44:59	4.97	--	3	1491	买盘
10:44:54	4.97	--	50	24850	买盘
10:44:50	4.97	-0.01	152	75544	卖盘
10:44:44	4.98	0.01	1	498	买盘
10:44:39	4.97	--	208	103376	卖盘
10:44:34	4.97	--	19	9443	卖盘
10:44:24	4.97	--	10	4970	卖盘
10:44:20	4.97	--	102	50694	卖盘
10:44:09	4.97	-0.01	10	4970	卖盘
10:44:05	4.98	--	132	65736	买盘
10:43:59	4.98	0.01	8	3984	买盘
10:43:54	4.97	--	322	160034	卖盘
10:43:50	4.97	--	102	50694	卖盘
10:43:39	4.97	--	228	113316	卖盘
10:43:24	4.97	--	20	9940	卖盘
10:43:20	4.97	--	1	497	卖盘
10:43:09	4.97	-0.01	755	375235	卖盘
10:43:04	4.98	--	21	10458	买盘
10:42:59	4.98	0.01	5	2490	买盘
10:42:54	4.97	--	50	24850	卖盘
10:42:49	4.97	-0.01	30	14910	卖盘
10:42:44	4.98	0.01	95	47310	买盘
10:42:34	4.97	--	6	2982	卖盘
10:42:24	4.97	--	28	13916	卖盘
10:42:09	4.97	--	30	14910	卖盘
10:42:04	4.97	--	21	10437	卖盘
10:41:59	4.97	--	30	14910	卖盘
10:41:49	4.97	--	25	12425	卖盘
10:41:43	4.97	--	52	25844	卖盘
10:41:39	4.97	--	9	4473	卖盘
10:41:34	4.97	--	154	76538	卖盘
10:41:29	4.97	--	100	49700	卖盘
10:41:24	4.97	--	20	9940	卖盘
10:41:19	4.97	--	230	114310	卖盘
10:41:09	4.97	--	22	10934	卖盘
10:40:59	4.97	--	20	9940	卖盘
10:40:54	4.97	--	40	19880	卖盘
10:40:49	4.97	0.01	200	99400	买盘
10:40:34	4.96	-0.01	2	992	卖盘
10:40:29	4.97	0.01	5	2485	买盘
10:40:19	4.96	-0.01	1001	496496	卖盘
10:40:04	4.97	--	12	5964	买盘
10:39:44	4.97	0.01	100	49700	买盘
10:39:39	4.96	--	149	73904	买盘
10:39:29	4.96	--	291	144336	买盘
10:39:23	4.96	-0.01	170	84320	卖盘
10:39:19	4.97	0.01	349	173453	买盘
10:39:09	4.96	-0.01	10	4960	卖盘
10:39:04	4.97	--	30	14910	买盘
10:38:53	4.97	0.01	20	9940	买盘
10:38:49	4.96	-0.01	55	27280	卖盘
10:38:44	4.97	0.01	16	7952	买盘
10:38:33	4.96	-0.01	10	4960	卖盘
10:38:18	4.97	0.01	60	29820	买盘
10:37:59	4.96	--	59	29264	卖盘
10:37:48	4.96	0.01	1444	716224	买盘
10:37:44	4.95	-0.01	21	10395	卖盘
10:37:38	4.96	--	10	4960	买盘
10:37:33	4.96	--	17	8432	买盘
10:37:28	4.96	0.01	116	57536	买盘
10:37:23	4.95	-0.01	11	5445	卖盘
10:37:18	4.96	--	117	58032	买盘
10:37:13	4.96	--	27	13392	买盘
10:37:08	4.96	--	21	10416	买盘
10:37:03	4.96	--	128	63488	买盘
10:36:58	4.96	--	5	2480	买盘
10:36:48	4.96	0.01	20	9920	买盘
10:36:43	4.95	--	30	14850	卖盘
10:36:33	4.95	-0.01	105	51975	卖盘
10:36:18	4.96	0.01	35	17360	买盘
10:36:13	4.95	--	23	11385	卖盘
10:36:08	4.95	--	25	12375	卖盘
10:36:03	4.95	--	2	990	卖盘
10:35:58	4.95	--	126	62370	卖盘
10:35:48	4.95	-0.01	10	4950	卖盘
10:35:43	4.96	0.01	14	6944	买盘
10:35:33	4.95	-0.01	11	5445	卖盘
10:35:28	4.96	0.01	4	1984	买盘
10:35:23	4.95	-0.01	10	4950	卖盘
10:35:18	4.96	--	43	21328	买盘
10:35:13	4.96	--	19	9424	买盘
10:35:08	4.96	0.01	20	9920	买盘
10:35:03	4.95	--	1	495	卖盘
10:34:48	4.95	-0.01	80	39600	卖盘
10:34:43	4.96	0.01	30	14880	买盘
10:34:37	4.95	-0.01	10	4950	卖盘
10:34:33	4.96	0.01	3	1488	买盘
10:34:22	4.95	-0.01	8	3960	卖盘
10:34:18	4.96	--	100	49600	买盘
10:34:13	4.96	0.01	70	34720	买盘
10:34:03	4.95	--	1	495	卖盘
10:33:58	4.95	-0.01	10	4950	卖盘
10:33:43	4.96	--	368	182528	买盘
10:33:33	4.96	--	28	13888	买盘
10:33:23	4.96	--	326	161696	买盘
10:33:18	4.96	0.01	43	21328	买盘
10:33:13	4.95	-0.01	11	5445	卖盘
10:33:08	4.96	--	16	7936	买盘
10:33:02	4.96	0.01	30	14880	买盘
10:32:58	4.95	-0.01	54	26730	卖盘
10:32:52	4.96	--	20	9920	买盘
10:32:43	4.96	0.01	97	48112	买盘
10:32:37	4.95	-0.01	7	3465	卖盘
10:32:27	4.96	0.01	10	4960	买盘
10:32:22	4.95	--	3	1485	卖盘
10:32:12	4.95	-0.01	96	47520	卖盘
10:32:07	4.96	--	1	496	买盘
10:32:02	4.96	--	1	496	买盘
10:31:57	4.96	0.01	30	14880	买盘
10:31:52	4.95	-0.01	49	24255	卖盘
10:31:47	4.96	--	604	299584	买盘
10:31:42	4.96	--	23	11408	买盘
10:31:32	4.96	0.01	23	11408	买盘
10:31:22	4.95	-0.01	1176	582120	卖盘
10:31:17	4.96	--	7	3472	买盘
10:31:07	4.96	0.01	23	11408	买盘
10:31:02	4.95	--	12	5940	卖盘
10:30:57	4.95	--	47	23265	卖盘
10:30:42	4.95	--	104	51480	卖盘
10:30:22	4.95	--	98	48510	卖盘
10:30:17	4.95	-0.01	350	173250	卖盘
10:30:12	4.96	--	20	9920	买盘
10:30:07	4.96	--	10	4960	买盘
10:30:02	4.96	--	3	1488	买盘
10:29:57	4.96	--	14	6944	买盘
10:29:52	4.96	--	268	132928	卖盘
10:29:47	4.96	--	403	199888	卖盘
10:29:37	4.96	--	60	29760	卖盘
10:29:27	4.96	--	250	124000	卖盘
10:29:22	4.96	-0.01	66	32736	卖盘
10:29:07	4.97	--	25	12425	买盘
10:29:02	4.97	--	20	9940	买盘
10:28:57	4.97	--	5	2485	买盘
10:28:52	4.97	--	81	40257	买盘
10:28:37	4.97	0.01	45	22365	买盘
10:28:31	4.96	--	4	1984	卖盘
10:28:27	4.96	--	10	4960	卖盘
10:28:22	4.96	--	123	61008	卖盘
10:28:16	4.96	--	18	8928	卖盘
10:28:07	4.96	--	14	6944	卖盘
10:27:52	4.96	-0.01	1	496	卖盘
10:27:42	4.97	0.01	10	4970	买盘
10:27:37	4.96	--	94	46624	卖盘
10:27:27	4.96	--	65	32240	卖盘
10:27:16	4.96	--	181	89776	卖盘
10:27:07	4.96	--	53	26288	卖盘
10:26:57	4.96	-0.01	10	4960	卖盘
10:26:52	4.97	0.02	17	8449	买盘
10:26:46	4.95	-0.01	44	21780	卖盘
10:26:41	4.96	--	86	42656	卖盘
10:26:37	4.96	--	113	56048	买盘
10:26:31	4.96	--	12	5952	买盘
10:26:26	4.96	--	3	1488	买盘
10:26:22	4.96	--	10	4960	买盘
10:26:16	4.96	--	86	42656	买盘
10:26:11	4.96	--	17	8432	买盘
10:26:06	4.96	--	244	121024	卖盘
10:26:01	4.96	-0.01	20	9920	卖盘
10:25:56	4.97	0.01	2	994	买盘
10:25:51	4.96	--	17	8432	卖盘
10:25:46	4.96	-0.02	28	13888	卖盘
10:25:41	4.98	0.02	333	165834	买盘
10:25:36	4.96	--	87	43152	卖盘
10:25:31	4.96	-0.01	1280	634880	卖盘
10:25:21	4.97	-0.01	110	54670	卖盘
10:25:16	4.98	0.01	5	2490	买盘
10:25:11	4.97	-0.01	31	15407	卖盘
10:25:06	4.98	--	23	11454	买盘
10:25:01	4.98	--	76	37848	买盘
10:24:56	4.98	0.01	20	9960	买盘
10:24:51	4.97	-0.01	45	22365	卖盘
10:24:46	4.98	--	110	54780	买盘
10:24:36	4.98	--	26	12948	买盘
10:24:31	4.98	--	33	16434	买盘
10:24:26	4.98	--	164	81940	卖盘
10:24:21	4.98	--	595	296310	卖盘
10:24:16	4.98	--	721	359058	卖盘
10:24:11	4.98	--	10	4980	卖盘
10:24:06	4.98	-0.01	22	10956	卖盘
10:24:01	4.99	--	415	207085	买盘
10:23:56	4.99	--	181	90319	买盘
10:23:51	4.99	0.01	654	326346	买盘
10:23:46	4.98	--	29	14442	卖盘
10:23:41	4.98	--	114	56772	卖盘
10:23:36	4.98	-0.01	107	53286	卖盘
10:23:31	4.99	--	358	178642	买盘
10:23:26	4.99	--	17	8483	买盘
10:23:21	4.99	--	235	117265	买盘
10:23:16	4.99	--	104	51896	买盘
10:23:11	4.99	0.01	35	17465	买盘
10:23:06	4.98	--	309	153882	卖盘
10:23:01	4.98	-0.01	234	116532	卖盘
10:22:56	4.99	0.01	339	169161	买盘
10:22:51	4.98	-0.01	100	49800	卖盘
10:22:46	4.99	--	80	39920	买盘
10:22:41	4.99	--	42	20958	买盘
10:22:36	4.99	-0.01	216	107784	中性盘
10:22:31	5.0	--	326	163000	买盘
10:22:25	5.0	--	142	71000	买盘
10:22:21	5.0	--	85	42500	买盘
10:22:16	5.0	--	37	18500	卖盘
10:22:11	5.0	--	241	120500	卖盘
10:22:06	5.0	--	439	219500	卖盘
10:22:01	5.0	--	631	315500	卖盘
10:21:55	5.0	-0.01	344	172000	卖盘
10:21:51	5.01	0.01	179	89679	买盘
10:21:46	5.0	-0.01	216	108000	卖盘
10:21:40	5.01	0.01	209	104709	买盘
10:21:36	5.0	--	325	162500	卖盘
10:21:31	5.0	--	291	145500	卖盘
10:21:25	5.0	--	36	18000	卖盘
10:21:21	5.0	--	635	317500	买盘
10:21:16	5.0	--	596	298000	买盘
10:21:10	5.0	0.01	239	119500	买盘
10:21:06	4.99	--	601	299899	卖盘
10:21:01	4.99	--	564	281436	卖盘
10:20:55	4.99	--	267	133233	卖盘
10:20:51	4.99	0.01	2168	1081832	买盘
10:20:46	4.98	--	1294	644412	卖盘
10:20:40	4.98	--	111	55278	卖盘
10:20:36	4.98	--	542	269916	卖盘
10:20:31	4.98	0.03	7404	3687421	买盘
10:20:25	4.95	--	42	20790	买盘
10:20:21	4.95	--	325	160875	买盘
10:20:16	4.95	0.01	633	313335	买盘
10:20:10	4.94	-0.01	72	35568	卖盘
10:20:05	4.95	0.01	59	29205	买盘
10:20:01	4.94	--	1146	566124	买盘
10:19:55	4.94	--	1165	575510	买盘
10:19:45	4.94	--	520	256880	买盘
10:19:40	4.94	--	462	228228	卖盘
10:19:31	4.94	--	229	113126	卖盘
10:19:25	4.94	-0.01	552	272688	卖盘
10:19:20	4.95	--	50	24750	买盘
10:19:16	4.95	--	31	15345	买盘
10:19:10	4.95	0.01	200	99000	买盘
10:19:05	4.94	--	2	988	卖盘
10:19:00	4.94	--	526	259844	买盘
10:18:55	4.94	0.01	500	247000	买盘
10:18:50	4.93	--	5	2465	卖盘
10:18:45	4.93	0.03	4774	2353961	买盘
10:18:40	4.9	--	856	419734	买盘
10:18:30	4.9	--	600	294000	买盘
10:18:25	4.9	--	594	291060	买盘
10:18:20	4.9	0.01	200	98000	买盘
10:18:15	4.89	-0.01	137	66993	卖盘
10:18:10	4.9	--	300	147000	买盘
10:17:55	4.9	--	400	196000	买盘
10:17:50	4.9	0.01	1000	490000	买盘
10:17:40	4.89	--	302	147912	买盘
10:17:35	4.89	--	600	293400	买盘
10:17:25	4.89	--	500	244499	买盘
10:17:20	4.89	--	6	2934	买盘
10:17:15	4.89	--	40	19560	买盘
10:17:05	4.89	--	7	3423	买盘
10:16:55	4.89	--	20	9780	买盘
10:16:40	4.89	--	1	488	买盘
10:16:35	4.89	--	50	24450	买盘
10:16:30	4.89	--	277	135453	买盘
10:16:25	4.89	--	7	3423	买盘
10:16:20	4.89	--	10	4890	买盘
10:16:15	4.89	--	40	19560	买盘
10:16:10	4.89	--	35	17115	买盘
10:16:00	4.89	--	61	29828	买盘
10:15:55	4.89	--	80	39120	买盘
10:15:50	4.89	--	180	88020	买盘
10:15:45	4.89	--	10	4890	买盘
10:15:25	4.89	--	20	9780	买盘
10:14:55	4.89	--	7	3423	买盘
10:14:49	4.89	0.01	56	27384	买盘
10:14:45	4.88	--	3	1464	卖盘
10:14:30	4.88	-0.01	39	19032	卖盘
10:14:15	4.89	--	58	28361	买盘
10:13:59	4.89	--	65	31784	买盘
10:13:55	4.89	--	146	71394	买盘
10:13:40	4.89	0.01	46	22494	买盘
10:13:34	4.88	--	30	14640	卖盘
10:13:30	4.88	-0.01	11	5368	卖盘
10:13:24	4.89	--	46	22494	买盘
10:13:19	4.89	--	60	29339	买盘
10:13:14	4.89	--	7	3423	买盘
10:13:10	4.89	0.01	2	977	买盘
10:13:04	4.88	-0.01	558	272304	卖盘
10:12:54	4.89	--	46	22494	买盘
10:12:49	4.89	--	115	56234	买盘
10:12:39	4.89	--	10	4890	买盘
10:12:34	4.89	--	10	4890	买盘
10:12:29	4.89	--	10	4890	买盘
10:12:24	4.89	-0.01	474	232040	卖盘
10:12:19	4.9	0.01	101	49725	买盘
10:12:14	4.89	--	10	4890	买盘
10:12:09	4.89	--	115	56234	买盘
10:12:04	4.89	--	159	77751	买盘
10:11:59	4.89	--	28	13692	买盘
10:11:54	4.89	0.01	10	4890	买盘
10:11:49	4.88	-0.01	56	27328	卖盘
10:11:44	4.89	--	110	53790	买盘
10:11:39	4.89	--	78	38142	买盘
10:11:34	4.89	0.01	46	22494	买盘
10:11:19	4.88	-0.01	39	19032	卖盘
10:11:14	4.89	--	29	14180	买盘
10:11:09	4.89	--	91	44499	买盘
10:11:04	4.89	--	367	179463	买盘
10:10:54	4.89	0.01	56	27384	买盘
10:10:49	4.88	--	5	2440	卖盘
10:10:39	4.88	-0.01	170	82960	卖盘
10:10:34	4.89	0.01	3	1467	买盘
10:10:19	4.88	--	1	488	卖盘
10:10:14	4.88	--	30	14640	卖盘
10:10:09	4.88	--	54	26352	卖盘
10:09:54	4.88	-0.01	50	24400	卖盘
10:09:49	4.89	0.01	6	2934	买盘
10:09:43	4.88	--	20	9760	卖盘
10:09:39	4.88	--	1946	949648	卖盘
10:09:34	4.88	--	29	14152	卖盘
10:09:19	4.88	--	5	2440	卖盘
10:09:09	4.88	--	1	488	卖盘
10:08:54	4.88	--	5	2440	卖盘
10:08:49	4.88	--	50	24400	卖盘
10:08:39	4.88	--	100	48800	卖盘
10:08:34	4.88	-0.01	12	5856	卖盘
10:08:04	4.89	--	15	7334	买盘
10:07:58	4.89	0.01	20	9780	买盘
10:07:43	4.88	--	4	1952	卖盘
10:07:38	4.88	--	1	488	卖盘
10:07:34	4.88	--	20	9760	卖盘
10:07:23	4.88	-0.01	109	53192	卖盘
10:07:13	4.89	--	160	78240	买盘
10:07:03	4.89	0.01	15	7334	买盘
10:06:53	4.88	--	38	18544	卖盘
10:06:43	4.88	--	198	96624	卖盘
10:06:33	4.88	-0.01	46	22448	卖盘
10:06:28	4.89	--	162	79218	买盘
10:06:18	4.89	--	100	48900	买盘
10:06:13	4.89	--	343	167981	卖盘
10:06:03	4.89	--	479	234230	卖盘
10:05:58	4.89	--	61	29828	卖盘
10:05:53	4.89	--	100	48900	卖盘
10:05:48	4.89	--	49	23961	卖盘
10:05:43	4.89	--	30	14669	卖盘
10:05:38	4.89	--	275	134475	卖盘
10:05:33	4.89	--	10	4890	卖盘
10:05:28	4.89	--	1086	531054	卖盘
10:05:23	4.89	--	7	3423	卖盘
10:05:18	4.89	--	158	77262	卖盘
10:05:13	4.89	--	3	1467	卖盘
10:05:08	4.89	--	13	6357	卖盘
10:05:03	4.89	-0.01	20	9780	卖盘
10:04:58	4.9	--	500	245000	买盘
10:04:53	4.9	0.01	33	16170	买盘
10:04:48	4.89	--	210	102690	卖盘
10:04:43	4.89	--	1210	591690	卖盘
10:04:33	4.89	-0.01	86	42054	卖盘
10:04:18	4.9	--	100	49000	买盘
10:04:13	4.9	0.01	112	54880	买盘
10:04:08	4.89	-0.01	453	221517	卖盘
10:04:03	4.9	--	81	39690	卖盘
10:03:58	4.9	--	121	59290	卖盘
10:03:53	4.9	--	10	4900	卖盘
10:03:48	4.9	0.01	67	32830	买盘
10:03:43	4.89	-0.01	100	48900	卖盘
10:03:38	4.9	--	141	69090	买盘
10:03:33	4.9	--	25	12250	买盘
10:03:28	4.9	--	26	12740	卖盘
10:03:23	4.9	--	390	191100	买盘
10:03:18	4.9	0.01	30	14700	买盘
10:03:13	4.89	-0.01	10	4890	卖盘
10:03:03	4.9	--	26	12740	买盘
10:02:58	4.9	--	156	76440	买盘
10:02:48	4.9	--	80	39200	买盘
10:02:43	4.9	--	130	63700	买盘
10:02:37	4.9	--	9	4410	买盘
10:02:33	4.9	0.01	405	198450	买盘
10:02:28	4.89	--	0	0	卖盘
10:02:18	4.89	--	1009	493400	卖盘
10:02:13	4.89	-0.01	44	21516	卖盘
10:02:07	4.9	--	101	49490	买盘
10:01:58	4.9	--	2566	1257340	买盘
10:01:52	4.9	--	100	49000	买盘
10:01:37	4.9	--	300	147000	买盘
10:01:32	4.9	--	1	490	买盘
10:01:28	4.9	--	381	186690	买盘
10:01:17	4.9	--	14	6860	买盘
10:00:57	4.9	--	52	25480	买盘
10:00:52	4.9	--	41	20090	买盘
10:00:43	4.9	0.01	20	9800	买盘
10:00:32	4.89	-0.01	69	33741	卖盘
10:00:22	4.9	0.01	3	1470	买盘
10:00:17	4.89	-0.01	18	8802	卖盘
10:00:12	4.9	0.01	50	24500	买盘
10:00:07	4.89	--	50	24450	卖盘
09:59:47	4.89	-0.01	40	19560	卖盘
09:59:42	4.9	0.01	150	73500	买盘
09:59:37	4.89	--	20	10014	买盘
09:59:32	4.89	--	37	18093	买盘
09:59:02	4.89	--	33	16391	卖盘
09:58:57	4.89	--	20	9780	卖盘
09:58:52	4.89	--	62	30317	卖盘
09:58:47	4.89	--	129	63315	买盘
09:58:42	4.89	0.01	167	81663	买盘
09:58:37	4.88	-0.01	8	3904	卖盘
09:58:32	4.89	--	184	89976	买盘
09:58:22	4.89	0.01	73	35697	买盘
09:58:17	4.88	--	3	1464	卖盘
09:58:12	4.88	--	138	67344	卖盘
09:58:07	4.88	-0.01	116	56608	卖盘
09:58:02	4.89	0.01	50	24450	买盘
09:57:57	4.88	-0.01	719	350872	卖盘
09:57:52	4.89	0.01	100	48900	买盘
09:57:42	4.88	-0.01	374	182512	卖盘
09:57:37	4.89	--	186	90954	买盘
09:57:27	4.89	--	5	2445	买盘
09:57:22	4.89	--	20	9780	买盘
09:57:07	4.89	0.01	17	8313	买盘
09:57:02	4.88	--	31	15128	卖盘
09:56:42	4.88	-0.01	10	4880	卖盘
09:56:32	4.89	0.01	20	9780	买盘
09:56:27	4.88	-0.01	15	7320	卖盘
09:56:22	4.89	0.01	1	488	买盘
09:56:16	4.88	--	20	9760	卖盘
09:56:12	4.88	--	30	14640	卖盘
09:56:07	4.88	-0.01	139	67832	卖盘
09:55:57	4.89	0.01	100	48900	买盘
09:55:46	4.88	-0.01	20	9760	卖盘
09:55:31	4.89	0.01	6	2934	买盘
09:55:27	4.88	-0.01	27	13176	卖盘
09:55:22	4.89	0.01	50	24450	买盘
09:55:16	4.88	-0.01	10	4880	卖盘
09:55:11	4.89	--	260	127139	买盘
09:54:57	4.89	0.01	6	2934	买盘
09:54:37	4.88	-0.01	21	10248	卖盘
09:54:31	4.89	0.01	10	4890	买盘
09:54:26	4.88	--	2	976	卖盘
09:54:22	4.88	-0.01	85	41480	卖盘
09:54:11	4.89	--	72	35208	买盘
09:53:56	4.89	0.01	32	15647	买盘
09:53:51	4.88	-0.01	2	976	卖盘
09:53:46	4.89	--	50	24450	买盘
09:53:41	4.89	0.01	45	22005	买盘
09:53:01	4.88	-0.01	4	1952	卖盘
09:52:51	4.89	--	18	8802	买盘
09:52:46	4.89	--	52	25428	买盘
09:52:41	4.89	--	50	24450	买盘
09:52:31	4.89	0.01	27	13203	买盘
09:52:26	4.88	-0.01	103	50264	卖盘
09:52:16	4.89	--	6	2934	买盘
09:52:06	4.89	0.01	399	195111	买盘
09:52:01	4.88	-0.01	2	976	卖盘
09:51:56	4.89	0.01	10	4890	买盘
09:51:46	4.88	-0.01	320	156160	卖盘
09:51:41	4.89	0.01	202	98778	买盘
09:51:36	4.88	-0.01	2	976	卖盘
09:51:26	4.89	--	21	10269	买盘
09:51:16	4.89	0.01	179	87531	买盘
09:51:06	4.88	-0.01	34	16592	卖盘
09:51:01	4.89	0.01	617	301713	买盘
09:50:56	4.88	--	20	9760	卖盘
09:50:51	4.88	-0.01	254	123952	卖盘
09:50:41	4.89	0.01	36	17604	买盘
09:50:36	4.88	--	101	49288	卖盘
09:50:31	4.88	--	31	15128	卖盘
09:50:26	4.88	--	220	107360	卖盘
09:50:16	4.88	-0.01	23	11224	卖盘
09:50:11	4.89	-0.01	622	304158	卖盘
09:50:06	4.9	--	118	57820	买盘
09:50:01	4.9	--	139	68110	卖盘
09:49:55	4.9	0.01	5	2450	中性盘
09:49:51	4.89	-0.02	331	161859	卖盘
09:49:46	4.91	0.02	336	164976	买盘
09:49:40	4.89	-0.01	12	5868	卖盘
09:49:36	4.9	--	409	200410	卖盘
09:49:31	4.9	--	81	39690	卖盘
09:49:25	4.9	--	231	113190	卖盘
09:49:21	4.9	--	596	292040	买盘
09:49:16	4.9	--	353	172970	买盘
09:49:10	4.9	0.01	369	180810	买盘
09:49:06	4.89	--	183	89487	卖盘
09:49:01	4.89	--	357	174573	卖盘
09:48:55	4.89	--	149	72861	卖盘
09:48:50	4.89	-0.01	110	53790	卖盘
09:48:46	4.9	0.01	22	10780	买盘
09:48:40	4.89	-0.01	20	9780	卖盘
09:48:35	4.9	0.01	631	309190	买盘
09:48:31	4.89	--	26	12714	卖盘
09:48:25	4.89	--	200	97800	卖盘
09:48:20	4.89	--	57	27872	卖盘
09:48:05	4.89	--	266	130073	买盘
09:48:00	4.89	0.01	503	245966	买盘
09:47:55	4.88	--	298	145424	卖盘
09:47:45	4.88	--	10	4880	卖盘
09:47:40	4.88	-0.01	29	14152	卖盘
09:47:30	4.89	--	122	59657	买盘
09:47:25	4.89	--	490	239609	买盘
09:47:20	4.89	0.01	124	60635	买盘
09:47:10	4.88	--	3	1464	卖盘
09:47:00	4.88	0.01	289	141032	买盘
09:46:50	4.87	--	2	974	卖盘
09:46:45	4.87	--	124	60402	买盘
09:46:40	4.87	--	43	20941	买盘
09:46:35	4.87	--	870	423690	买盘
09:46:30	4.87	--	31	15097	买盘
09:46:25	4.87	--	403	196261	买盘
09:46:10	4.87	--	115	56005	买盘
09:46:00	4.87	0.01	55	26785	买盘
09:45:55	4.86	-0.01	23	11178	卖盘
09:45:45	4.87	--	311	151457	买盘
09:45:40	4.87	--	256	124672	买盘
09:45:30	4.87	--	36	17532	买盘
09:45:25	4.87	--	3	1461	买盘
09:45:20	4.87	--	4	1948	买盘
09:45:10	4.87	0.01	160	77920	买盘
09:45:05	4.86	-0.01	35	17010	卖盘
09:45:00	4.87	0.01	10	4870	买盘
09:44:50	4.86	-0.01	49	23814	卖盘
09:44:45	4.87	--	50	24350	买盘
09:44:30	4.87	--	176	85712	买盘
09:44:25	4.87	0.01	97	47239	买盘
09:44:20	4.86	--	5	2430	卖盘
09:44:15	4.86	--	73	35478	卖盘
09:44:10	4.86	--	87	42282	卖盘
09:44:00	4.86	-0.01	63	30618	卖盘
09:43:55	4.87	0.01	143	69641	买盘
09:43:49	4.86	--	23	11178	卖盘
09:43:45	4.86	--	46	22356	卖盘
09:43:40	4.86	--	21	10206	卖盘
09:43:34	4.86	--	52	25272	卖盘
09:43:30	4.86	-0.01	47	22842	卖盘
09:43:25	4.87	--	120	58440	买盘
09:43:19	4.87	0.01	62	30194	买盘
09:43:15	4.86	-0.01	2	972	卖盘
09:43:10	4.87	0.01	29	14123	买盘
09:43:00	4.86	--	100	48600	卖盘
09:42:55	4.86	--	83	40338	卖盘
09:42:49	4.86	--	50	24300	卖盘
09:42:45	4.86	-0.01	30	14580	卖盘
09:42:34	4.87	0.01	5	2435	买盘
09:42:29	4.86	--	585	284786	卖盘
09:42:25	4.86	-0.01	9	4374	卖盘
09:42:19	4.87	0.01	37	18019	买盘
09:42:09	4.86	-0.01	106	51516	卖盘
09:42:04	4.87	-0.01	424	206960	卖盘
09:41:54	4.88	--	415	202520	买盘
09:41:49	4.88	-0.01	323	157633	卖盘
09:41:44	4.89	--	5	2445	买盘
09:41:34	4.89	0.01	1268	620531	买盘
09:41:29	4.88	-0.01	200	97600	卖盘
09:41:24	4.89	--	255	124694	买盘
09:41:19	4.89	--	63	30806	卖盘
09:41:14	4.89	--	2	977	卖盘
09:41:09	4.89	--	71	34719	卖盘
09:41:04	4.89	--	629	307581	买盘
09:40:49	4.89	0.01	37	18093	买盘
09:40:39	4.88	-0.01	171	83448	卖盘
09:40:34	4.89	--	28	13692	买盘
09:40:29	4.89	--	143	69927	买盘
09:40:24	4.89	0.01	9	4401	中性盘
09:40:19	4.88	-0.02	3	1464	卖盘
09:40:14	4.9	0.02	64	31360	买盘
09:40:09	4.88	-0.01	21	10248	卖盘
09:40:04	4.89	-0.01	52	25428	卖盘
09:39:59	4.9	0.01	34	16660	买盘
09:39:54	4.89	--	73	35697	卖盘
09:39:49	4.89	--	566	276774	卖盘
09:39:44	4.89	--	20	9780	卖盘
09:39:39	4.89	-0.01	267	130562	卖盘
09:39:34	4.9	0.01	25	12250	买盘
09:39:29	4.89	--	11	5379	卖盘
09:39:19	4.89	--	4	1955	卖盘
09:39:09	4.89	--	49	23961	卖盘
09:39:04	4.89	--	7	3423	卖盘
09:38:59	4.89	-0.01	20	9780	卖盘
09:38:54	4.9	--	569	278810	买盘
09:38:49	4.9	--	208	101920	买盘
09:38:44	4.9	--	193	94570	买盘
09:38:39	4.9	0.01	1	490	买盘
09:38:34	4.89	--	24	11736	卖盘
09:38:29	4.89	-0.01	6	2934	卖盘
09:38:24	4.9	0.01	68	33320	买盘
09:38:19	4.89	--	311	152079	卖盘
09:38:14	4.89	--	4	1955	卖盘
09:38:04	4.89	-0.01	10	4890	卖盘
09:37:59	4.9	0.01	9	4410	买盘
09:37:54	4.89	--	414	202446	卖盘
09:37:49	4.89	--	699	341811	卖盘
09:37:44	4.89	-0.01	10	4890	卖盘
09:37:39	4.9	0.01	50	24500	买盘
09:37:34	4.89	--	34	16626	卖盘
09:37:28	4.89	-0.01	10	4890	卖盘
09:37:24	4.9	--	100	49000	买盘
09:37:09	4.9	--	281	137690	买盘
09:36:58	4.9	--	25	12250	买盘
09:36:54	4.9	--	1	490	买盘
09:36:49	4.9	--	512	250880	买盘
09:36:43	4.9	--	114	55860	买盘
09:36:38	4.9	--	804	393960	卖盘
09:36:34	4.9	--	4	1960	卖盘
09:36:28	4.9	--	20	9800	卖盘
09:36:23	4.9	--	624	305760	买盘
09:36:19	4.9	--	50	24500	买盘
09:36:13	4.9	--	19	9310	买盘
09:36:08	4.9	--	31	15190	买盘
09:36:04	4.9	--	15	7350	买盘
09:35:58	4.9	0.01	43	21070	买盘
09:35:53	4.89	-0.01	9	4401	卖盘
09:35:49	4.9	--	1079	528710	卖盘
09:35:43	4.9	--	41	20090	卖盘
09:35:38	4.9	--	513	251370	买盘
09:35:33	4.9	--	345	169050	买盘
09:35:28	4.9	--	24	11760	买盘
09:35:18	4.9	--	183	89670	买盘
09:35:13	4.9	--	87	42630	买盘
09:35:08	4.9	0.01	55	26950	买盘
09:35:03	4.89	-0.01	31	15158	卖盘
09:34:58	4.9	--	53	25970	买盘
09:34:48	4.9	--	329	161210	买盘
09:34:43	4.9	--	244	119560	买盘
09:34:33	4.9	--	944	462560	卖盘
09:34:28	4.9	--	78	38220	卖盘
09:34:23	4.9	--	10	4900	卖盘
09:34:18	4.9	--	54	26460	卖盘
09:34:13	4.9	--	275	134750	买盘
09:34:03	4.9	--	504	246960	买盘
09:33:58	4.9	--	25	12250	买盘
09:33:53	4.9	--	66	32340	买盘
09:33:48	4.9	0.01	5	2450	买盘
09:33:43	4.89	--	21	10269	卖盘
09:33:38	4.89	--	12	5868	卖盘
09:33:33	4.89	--	1	488	卖盘
09:33:28	4.89	--	50	24450	卖盘
09:33:23	4.89	--	155	75795	买盘
09:33:18	4.89	--	273	133497	买盘
09:33:13	4.89	--	499	244010	买盘
09:33:03	4.89	-0.01	62	30317	卖盘
09:32:58	4.9	0.01	350	171500	买盘
09:32:53	4.89	--	61	29828	买盘
09:32:48	4.89	--	520	254279	卖盘
09:32:43	4.89	--	7	3423	卖盘
09:32:38	4.89	--	4	1955	卖盘
09:32:33	4.89	-0.01	52	25428	中性盘
09:32:28	4.9	0.03	329	161210	买盘
09:32:23	4.87	-0.01	1345	655015	卖盘
09:32:18	4.88	-0.01	192	93696	卖盘
09:32:13	4.89	-0.01	31	15158	卖盘
09:32:08	4.9	0.01	53	25970	买盘
09:32:03	4.89	--	249	121760	买盘
09:31:58	4.89	--	27	13203	买盘
09:31:53	4.89	--	3	1467	买盘
09:31:48	4.89	--	109	53301	买盘
09:31:43	4.89	-0.02	958	468461	卖盘
09:31:38	4.91	0.01	10	4910	买盘
09:31:33	4.9	--	66	32340	卖盘
09:31:28	4.9	--	50	24500	卖盘
09:31:18	4.9	--	266	130340	买盘
09:31:13	4.9	0.02	709	347410	买盘
09:31:07	4.88	--	30	14640	卖盘
09:31:03	4.88	-0.03	65	31720	卖盘
09:30:57	4.91	0.01	2299	1128809	买盘
09:30:52	4.9	0.01	18	8820	买盘
09:30:48	4.89	--	39	19071	买盘
09:30:43	4.89	-0.01	76	37164	卖盘
09:30:37	4.9	--	292	143080	买盘
09:30:33	4.9	--	13	6370	买盘
09:30:28	4.9	--	221	108290	卖盘
09:30:22	4.9	-0.01	128	62720	卖盘
09:30:18	4.91	--	20	9820	买盘
09:30:13	4.91	--	145	71195	卖盘
09:30:07	4.91	0.03	3259	1600169	中性盘
09:30:02	4.88	-0.02	2013	982344	卖盘
09:28:49	4.9	--	0	0	卖盘
09:25:07	4.9	4.9	1501	735504	买盘
