成交时间	成交价	价格变动	成交量(手)	成交额(元)	性质
15:00:00	13.23	--	0	0	买盘
15:00:00	13.23	--	0	0	买盘
14:59:59	13.23	--	7	9261	买盘
14:59:54	13.23	--	2	2646	买盘
14:59:49	13.23	--	5	6615	买盘
14:59:44	13.23	0.01	122	161406	买盘
14:59:40	13.22	-0.01	25	33050	卖盘
14:59:34	13.23	--	2	2646	买盘
14:59:29	13.23	0.01	114	150822	买盘
14:59:19	13.22	--	11	14542	卖盘
14:59:14	13.22	-0.01	34	44948	卖盘
14:59:04	13.23	--	50	66150	买盘
14:58:59	13.23	--	12	15876	买盘
14:58:44	13.23	0.01	20	26460	买盘
14:58:34	13.22	--	27	35694	卖盘
14:58:29	13.22	--	31	40982	卖盘
14:58:19	13.22	-0.01	2	2644	卖盘
14:58:04	13.23	0.01	29	38367	买盘
14:57:59	13.22	--	21	27762	卖盘
14:57:54	13.22	--	3	3966	卖盘
14:57:49	13.22	-0.01	107	141454	卖盘
14:57:29	13.23	0.01	5	6615	买盘
14:57:14	13.22	--	10	13220	卖盘
14:56:39	13.22	-0.01	7	9254	卖盘
14:56:34	13.23	--	1	1323	买盘
14:56:29	13.23	--	15	19845	卖盘
14:56:14	13.23	--	7	9261	卖盘
14:56:09	13.23	-0.01	23	30429	卖盘
14:55:59	13.24	0.01	5	6620	买盘
14:55:54	13.23	--	2	2646	卖盘
14:55:29	13.23	--	100	132300	卖盘
14:55:19	13.23	--	3	3969	卖盘
14:55:09	13.23	--	107	141561	卖盘
14:54:54	13.23	--	4	5292	卖盘
14:54:24	13.23	--	5	6615	卖盘
14:53:53	13.23	--	25	33075	买盘
14:53:44	13.23	0.01	7	9261	中性盘
14:53:38	13.22	-0.02	5	6610	卖盘
14:52:58	13.24	0.01	84	111216	买盘
14:52:53	13.23	0.01	11	14553	买盘
14:52:38	13.22	-0.01	5	6610	卖盘
14:52:33	13.23	--	2	2646	买盘
14:52:02	13.23	0.01	3	3969	买盘
14:51:58	13.22	--	7	9254	卖盘
14:51:53	13.22	--	20	26440	卖盘
14:51:33	13.22	--	7	9254	卖盘
14:51:28	13.22	0.03	119	157318	买盘
14:51:17	13.19	-0.01	33	43527	卖盘
14:51:08	13.2	--	78	102960	卖盘
14:50:43	13.2	-0.05	80	105600	卖盘
14:49:53	13.25	--	0	0	买盘
14:49:47	13.25	0.03	247	327275	买盘
14:49:42	13.22	-0.01	30	39660	卖盘
14:49:28	13.23	--	7	9261	买盘
14:49:17	13.23	--	20	26460	买盘
14:48:53	13.23	-0.02	67	88641	卖盘
14:48:32	13.25	0.02	40	53000	买盘
14:48:17	13.23	--	44	58212	卖盘
14:47:53	13.23	--	0	0	中性盘
14:47:43	13.23	-0.02	10	13230	卖盘
14:47:37	13.25	--	20	26500	买盘
14:47:23	13.25	--	11	14575	买盘
14:47:17	13.25	--	4	5300	买盘
14:46:52	13.25	0.03	5	6625	买盘
14:46:32	13.22	--	1	1322	卖盘
14:45:52	13.22	--	92	121624	卖盘
14:45:41	13.22	0.02	30	39660	卖盘
14:45:26	13.2	--	0	0	卖盘
14:45:22	13.2	-0.02	2	2640	卖盘
14:45:07	13.22	-0.01	7	9254	中性盘
14:44:52	13.23	--	14	18522	买盘
14:44:47	13.23	--	5	6615	买盘
14:44:32	13.23	--	27	35721	卖盘
14:44:07	13.23	--	80	105840	卖盘
14:43:52	13.23	--	1	1323	卖盘
14:43:47	13.23	--	10	13230	卖盘
14:43:11	13.23	--	4	5292	卖盘
14:42:47	13.23	--	2	2646	卖盘
14:42:41	13.23	-0.02	10	13230	卖盘
14:42:02	13.25	--	1	1325	卖盘
14:41:46	13.25	--	9	11925	买盘
14:41:41	13.25	-0.01	1	1325	买盘
14:41:32	13.26	--	0	0	买盘
14:41:26	13.26	--	24	31824	买盘
14:41:21	13.26	0.01	5	6630	买盘
14:41:16	13.25	--	8	10600	卖盘
14:41:11	13.25	-0.01	5	6625	卖盘
14:40:56	13.26	--	3	3978	买盘
14:40:46	13.26	--	4	5304	买盘
14:40:36	13.26	--	1	1326	卖盘
14:40:31	13.26	--	4	5304	卖盘
14:39:50	13.26	--	0	0	中性盘
14:39:31	13.26	0.01	10	13260	买盘
14:38:46	13.25	--	5	6625	买盘
14:38:26	13.25	0.02	41	54325	买盘
14:38:05	13.23	-0.02	63	83349	卖盘
14:38:01	13.25	0.01	77	102025	买盘
14:37:56	13.24	-0.01	25	33100	卖盘
14:37:46	13.25	--	26	34450	买盘
14:37:41	13.25	--	56	74200	买盘
14:37:31	13.25	-0.01	11	14575	卖盘
14:37:20	13.26	--	3	3978	买盘
14:36:56	13.26	--	21	27846	卖盘
14:36:30	13.26	--	20	26520	卖盘
14:36:20	13.26	-0.01	10	13260	卖盘
14:35:55	13.27	--	4	5308	卖盘
14:35:45	13.27	0.02	66	87582	买盘
14:35:40	13.25	--	0	0	中性盘
14:35:35	13.25	--	0	0	中性盘
14:35:11	13.25	--	0	0	中性盘
14:35:05	13.25	--	1	1325	卖盘
14:34:56	13.25	--	16	21200	买盘
14:34:40	13.25	--	0	0	买盘
14:34:35	13.25	0.03	3	3975	买盘
14:34:15	13.22	--	16	21152	买盘
14:33:45	13.22	--	5	6610	买盘
14:33:35	13.22	--	10	13220	买盘
14:33:30	13.22	--	60	79320	买盘
14:33:05	13.22	--	96	126912	买盘
14:32:50	13.22	--	8	10576	买盘
14:32:44	13.22	--	0	0	买盘
14:32:29	13.22	--	1	1322	买盘
14:32:25	13.22	-0.01	90	118980	卖盘
14:32:10	13.23	0.01	1	1323	中性盘
14:31:55	13.22	--	39	51558	买盘
14:31:44	13.22	--	5	6610	卖盘
14:31:35	13.22	0.01	131	173182	买盘
14:31:25	13.21	--	0	0	买盘
14:31:20	13.21	-0.01	6	7926	卖盘
14:31:10	13.22	0.01	6	7932	买盘
14:30:40	13.21	0.02	1	1321	买盘
14:30:29	13.19	-0.01	23	30337	卖盘
14:30:19	13.2	--	6	7920	买盘
14:30:14	13.2	0.01	1	1320	买盘
14:30:09	13.19	--	20	26380	中性盘
14:30:04	13.19	--	0	0	中性盘
14:29:59	13.19	--	0	0	买盘
14:29:34	13.19	--	1	1319	买盘
14:29:29	13.19	--	78	102882	卖盘
14:29:24	13.19	-0.02	23	30337	卖盘
14:29:19	13.21	0.01	1	1321	买盘
14:28:54	13.2	--	0	0	买盘
14:28:44	13.2	--	10	13200	买盘
14:28:39	13.2	--	1	1320	买盘
14:28:34	13.2	--	20	26400	买盘
14:28:24	13.2	--	4	5280	卖盘
14:27:54	13.2	--	11	14520	买盘
14:27:44	13.2	--	10	13200	买盘
14:27:39	13.2	--	50	66000	买盘
14:27:34	13.2	-0.01	175	231000	卖盘
14:27:29	13.21	--	13	17173	卖盘
14:27:14	13.21	--	7	9247	卖盘
14:27:09	13.21	--	4	5284	买盘
14:26:59	13.21	0.01	13	17173	买盘
14:26:54	13.2	-0.01	12	15840	卖盘
14:26:49	13.21	--	32	42272	卖盘
14:26:38	13.21	--	5	6605	卖盘
14:26:29	13.21	-0.01	42	55482	卖盘
14:26:23	13.22	--	0	0	买盘
14:26:14	13.22	--	3	3966	买盘
14:26:04	13.22	--	85	112370	买盘
14:25:49	13.22	0.01	5	6610	买盘
14:25:44	13.21	-0.02	56	73976	卖盘
14:25:29	13.23	--	16	21168	卖盘
14:25:04	13.23	--	6	7938	卖盘
14:24:59	13.23	-0.01	2	2646	卖盘
14:24:28	13.24	--	0	0	买盘
14:24:19	13.24	0.01	4	5296	买盘
14:24:13	13.23	0.01	14	18522	买盘
14:24:08	13.22	--	13	17186	卖盘
14:23:58	13.22	--	1	1322	卖盘
14:23:28	13.22	0.01	1	1322	买盘
14:22:48	13.21	--	2	2642	卖盘
14:22:43	13.21	-0.02	23	30383	卖盘
14:22:38	13.23	--	0	0	买盘
14:22:13	13.23	--	0	0	买盘
14:22:08	13.23	0.03	10	13230	买盘
14:22:03	13.2	-0.01	90	118800	卖盘
14:21:43	13.21	--	0	0	卖盘
14:21:28	13.21	--	36	47556	买盘
14:21:23	13.21	--	9	11889	买盘
14:21:13	13.21	-0.01	106	140026	卖盘
14:21:03	13.22	--	14	18508	卖盘
14:20:43	13.22	--	0	0	卖盘
14:20:23	13.22	-0.01	11	14542	卖盘
14:20:13	13.23	0.01	3	3969	买盘
14:20:08	13.22	-0.01	67	88574	卖盘
14:19:53	13.23	--	5	6615	买盘
14:19:23	13.23	--	11	14553	买盘
14:18:58	13.23	--	1	1323	买盘
14:18:38	13.23	--	3	3969	买盘
14:18:23	13.23	--	3	3969	买盘
14:17:52	13.23	--	10	13230	卖盘
14:17:38	13.23	--	0	0	中性盘
14:17:12	13.23	--	0	0	卖盘
14:16:52	13.23	0.01	4	5292	买盘
14:16:47	13.22	--	15	19830	卖盘
14:16:42	13.22	--	61	80642	卖盘
14:16:32	13.22	--	4	5288	卖盘
14:16:22	13.22	0.01	5	6610	买盘
14:16:17	13.21	-0.01	4	5284	卖盘
14:15:57	13.22	--	7	9254	卖盘
14:15:52	13.22	-0.01	61	80642	卖盘
14:15:37	13.23	0.01	36	47628	买盘
14:15:32	13.22	-0.01	3	3966	卖盘
14:15:27	13.23	0.01	10	13230	买盘
14:15:22	13.22	-0.01	10	13220	卖盘
14:15:07	13.23	--	10	13230	买盘
14:15:02	13.23	--	49	64827	买盘
14:14:57	13.23	--	29	38367	卖盘
14:14:37	13.23	-0.01	61	80703	卖盘
14:14:32	13.24	0.01	8	10592	买盘
14:14:22	13.23	-0.01	38	50274	卖盘
14:14:07	13.24	--	2	2648	买盘
14:14:02	13.24	--	12	15888	卖盘
14:13:52	13.24	--	0	0	卖盘
14:13:41	13.24	-0.01	71	94004	卖盘
14:13:32	13.25	--	9	11925	买盘
14:13:22	13.25	--	24	31800	卖盘
14:13:17	13.25	--	12	15900	卖盘
14:13:02	13.25	--	2	2650	卖盘
14:12:52	13.25	-0.01	2	2650	卖盘
14:12:22	13.26	--	0	0	中性盘
14:12:02	13.26	--	0	0	买盘
14:11:41	13.26	--	3	3978	买盘
14:11:37	13.26	--	5	6630	买盘
14:11:21	13.26	-0.02	54	71604	卖盘
14:11:11	13.28	0.02	6	7968	买盘
14:11:07	13.26	--	30	39780	卖盘
14:10:56	13.26	-0.02	10	13260	卖盘
14:10:01	13.28	--	3	3984	卖盘
14:09:51	13.28	--	35	46480	买盘
14:09:46	13.28	--	0	0	买盘
14:09:41	13.28	0.01	44	58432	买盘
14:09:16	13.27	--	2	2654	卖盘
14:08:16	13.27	--	5	6635	卖盘
14:08:06	13.27	--	2	2654	买盘
14:07:56	13.27	--	10	13270	买盘
14:07:31	13.27	--	1	1327	买盘
14:07:11	13.27	--	6	7962	买盘
14:06:41	13.27	-0.01	9	11943	卖盘
14:06:11	13.28	0.01	1	1328	买盘
14:05:56	13.27	--	1	1327	卖盘
14:05:31	13.27	-0.01	5	6635	卖盘
14:05:20	13.28	--	70	92960	买盘
14:05:01	13.28	0.01	20	26560	买盘
14:04:50	13.27	-0.01	15	19905	卖盘
14:04:35	13.28	--	1	1328	买盘
14:04:30	13.28	0.01	2	2656	买盘
14:04:20	13.27	-0.01	3	3981	卖盘
14:04:15	13.28	--	10	13280	买盘
14:04:05	13.28	0.01	1	1328	买盘
14:03:35	13.27	--	2	2654	卖盘
14:03:30	13.27	0.02	28	37156	买盘
14:03:05	13.25	--	0	0	卖盘
14:03:00	13.25	--	0	0	卖盘
14:02:45	13.25	--	0	0	卖盘
14:02:40	13.25	-0.02	19	25175	卖盘
14:02:35	13.27	0.01	1	1327	买盘
14:02:20	13.26	--	3	3978	卖盘
14:02:15	13.26	-0.01	1	1326	卖盘
14:02:05	13.27	0.01	1	1327	买盘
14:02:00	13.26	--	4	5304	买盘
14:01:40	13.26	--	1	1326	买盘
14:01:25	13.26	--	1	1326	卖盘
14:01:20	13.26	0.01	1	1326	买盘
14:00:44	13.25	-0.01	1	1325	卖盘
14:00:40	13.26	--	1	1326	买盘
14:00:29	13.26	--	4	5304	卖盘
14:00:10	13.26	-0.01	4	5304	卖盘
13:59:59	13.27	--	1	1327	买盘
13:58:40	13.27	0.01	1	1327	买盘
13:58:25	13.26	-0.01	3	3978	买盘
13:58:14	13.27	0.01	20	26540	买盘
13:58:09	13.26	--	16	21216	买盘
13:57:59	13.26	-0.01	6	7956	买盘
13:57:29	13.27	--	0	0	买盘
13:57:19	13.27	0.02	2	2654	买盘
13:57:04	13.25	--	33	43725	买盘
13:56:54	13.25	--	33	43725	卖盘
13:56:34	13.25	--	39	51675	卖盘
13:55:59	13.25	-0.03	5	6625	卖盘
13:55:49	13.28	--	10	13280	买盘
13:55:19	13.28	0.03	1	1328	买盘
13:54:59	13.25	-0.03	2	2650	卖盘
13:54:19	13.28	0.02	14	18592	买盘
13:53:49	13.26	0.01	1	1326	中性盘
13:53:44	13.25	--	8	10600	买盘
13:53:38	13.25	--	1	1325	买盘
13:53:29	13.25	--	10	13250	买盘
13:53:08	13.25	0.01	1	1325	买盘
13:52:49	13.24	-0.04	112	148288	卖盘
13:52:34	13.28	0.03	1	1328	买盘
13:51:58	13.25	--	1	1325	卖盘
13:51:38	13.25	-0.04	10	13250	卖盘
13:51:13	13.29	--	0	0	买盘
13:51:03	13.29	--	0	0	买盘
13:50:53	13.29	0.04	10	13290	买盘
13:50:43	13.25	0.01	50	66250	卖盘
13:50:38	13.24	--	0	0	卖盘
13:50:33	13.24	-0.01	3	3972	卖盘
13:49:58	13.25	--	10	13250	卖盘
13:49:48	13.25	--	1	1325	卖盘
13:49:38	13.25	--	1	1325	卖盘
13:49:13	13.25	-0.01	80	106000	卖盘
13:49:08	13.26	--	1	1326	卖盘
13:48:58	13.26	0.01	20	26520	中性盘
13:48:48	13.25	--	2	2650	卖盘
13:48:18	13.25	-0.04	104	137800	卖盘
13:47:38	13.29	--	15	19935	买盘
13:47:28	13.29	-0.01	4	5316	买盘
13:47:13	13.3	0.03	10	13300	买盘
13:46:43	13.27	-0.03	5	6635	卖盘
13:46:32	13.3	0.01	217	288610	买盘
13:46:17	13.29	--	1	1329	买盘
13:46:08	13.29	--	0	0	买盘
13:45:43	13.29	-0.01	13	17277	卖盘
13:45:28	13.3	0.02	10	13300	买盘
13:45:22	13.28	--	0	0	卖盘
13:45:17	13.28	-0.01	60	79680	卖盘
13:45:12	13.29	0.01	39	51831	买盘
13:44:47	13.28	--	69	91632	买盘
13:44:37	13.28	--	0	0	买盘
13:44:32	13.28	0.01	8	10624	买盘
13:44:22	13.27	--	1	1327	买盘
13:44:07	13.27	0.02	7	9289	买盘
13:43:42	13.25	--	0	0	卖盘
13:43:32	13.25	0.01	3	3975	卖盘
13:42:52	13.24	--	0	0	卖盘
13:42:37	13.24	-0.04	52	68848	卖盘
13:42:17	13.28	--	12	15936	买盘
13:41:37	13.28	0.03	10	13280	买盘
13:41:17	13.25	-0.02	29	38425	卖盘
13:40:47	13.27	--	0	0	买盘
13:40:26	13.27	0.02	20	26540	买盘
13:40:17	13.25	--	3	3975	买盘
13:39:52	13.25	-0.02	20	26500	卖盘
13:39:26	13.27	--	35	46445	卖盘
13:39:16	13.27	-0.01	5	6635	卖盘
13:39:01	13.28	0.01	2	2656	买盘
13:38:41	13.27	0.02	10	13270	买盘
13:38:36	13.25	-0.01	5	6625	卖盘
13:38:31	13.26	--	2	2652	买盘
13:38:26	13.26	--	1	1326	买盘
13:38:01	13.26	-0.01	2	2652	买盘
13:37:46	13.27	--	0	0	中性盘
13:37:31	13.27	-0.01	2	2654	买盘
13:37:16	13.28	--	0	0	买盘
13:37:06	13.28	--	1	1328	买盘
13:37:01	13.28	--	2	2656	买盘
13:36:46	13.28	--	5	6640	买盘
13:36:31	13.28	0.03	2	2656	买盘
13:36:26	13.25	--	10	13250	卖盘
13:36:06	13.25	-0.02	9	11925	卖盘
13:36:01	13.27	-0.01	2	2654	买盘
13:35:56	13.28	--	0	0	买盘
13:35:31	13.28	--	2	2656	买盘
13:35:01	13.28	--	2	2656	买盘
13:34:31	13.28	--	2	2656	买盘
13:34:01	13.28	0.03	1	1328	买盘
13:33:05	13.25	--	4	5300	卖盘
13:33:01	13.25	--	5	6625	卖盘
13:32:50	13.25	0.01	1	1325	买盘
13:32:40	13.24	-0.01	10	13240	卖盘
13:32:25	13.25	--	63	83475	卖盘
13:32:10	13.25	-0.03	11	14575	卖盘
13:32:05	13.28	--	4	5312	买盘
13:31:50	13.28	0.03	5	6640	买盘
13:31:40	13.25	-0.03	9	11925	卖盘
13:31:35	13.28	--	3	3984	买盘
13:31:20	13.28	-0.01	1	1328	买盘
13:31:10	13.29	--	0	0	买盘
13:31:05	13.29	0.04	1	1329	买盘
13:30:55	13.25	-0.04	5	6625	卖盘
13:30:45	13.29	-0.01	1	1329	买盘
13:30:20	13.3	--	0	0	买盘
13:29:55	13.3	-0.01	4	5320	买盘
13:29:20	13.31	--	0	0	买盘
13:28:59	13.31	0.03	109	145079	买盘
13:28:55	13.28	--	0	0	买盘
13:28:29	13.28	0.01	20	26560	买盘
13:28:10	13.27	--	0	0	买盘
13:28:05	13.27	--	67	88909	买盘
13:27:50	13.27	--	5	6635	买盘
13:27:44	13.27	--	6	7962	买盘
13:27:10	13.27	--	0	0	买盘
13:26:59	13.27	0.05	13	17251	买盘
13:26:55	13.22	--	2	2644	卖盘
13:26:40	13.22	--	90	119641	买盘
13:26:35	13.22	--	26	34372	买盘
13:26:29	13.22	--	5	6610	买盘
13:26:25	13.22	--	30	39660	买盘
13:26:19	13.22	--	102	134844	买盘
13:26:10	13.22	-0.03	221	292823	卖盘
13:26:04	13.25	0.01	1	1325	买盘
13:25:49	13.24	--	5	7282	买盘
13:25:39	13.24	--	12	16550	卖盘
13:25:29	13.24	--	1	1324	卖盘
13:25:19	13.24	--	7	9268	卖盘
13:25:09	13.24	--	32	42368	卖盘
13:25:04	13.24	-0.01	9	11916	卖盘
13:24:54	13.25	--	69	91425	卖盘
13:24:34	13.25	-0.02	10	13250	卖盘
13:23:49	13.27	--	6	7962	卖盘
13:23:19	13.27	--	22	29194	卖盘
13:23:09	13.27	--	5	6635	卖盘
13:22:34	13.27	--	2	2654	卖盘
13:22:23	13.27	--	1	1327	卖盘
13:22:04	13.27	-0.01	50	66350	卖盘
13:21:44	13.28	--	8	10624	卖盘
13:21:23	13.28	-0.01	11	14608	卖盘
13:20:49	13.29	--	20	26580	买盘
13:20:43	13.29	0.01	22	29237	卖盘
13:20:23	13.28	--	0	0	卖盘
13:20:13	13.28	-0.02	13	17264	卖盘
13:20:08	13.3	--	5	6650	买盘
13:20:04	13.3	--	0	0	中性盘
13:19:53	13.3	--	1	1330	卖盘
13:19:38	13.3	--	5	6650	卖盘
13:19:33	13.3	--	32	42560	买盘
13:19:13	13.3	0.02	202	268660	买盘
13:19:03	13.28	-0.01	80	106240	卖盘
13:18:43	13.29	--	2	2658	买盘
13:18:23	13.29	--	20	26580	买盘
13:18:08	13.29	0.01	7	9303	买盘
13:17:58	13.28	-0.01	10	13280	卖盘
13:17:38	13.29	--	16	21264	买盘
13:17:18	13.29	--	10	13290	买盘
13:17:03	13.29	--	14	18606	买盘
13:16:43	13.29	0.01	1	1329	买盘
13:16:08	13.28	--	24	31872	买盘
13:16:03	13.28	--	1	1328	买盘
13:15:43	13.28	-0.01	5	6640	卖盘
13:15:23	13.29	-0.01	18	23922	卖盘
13:15:17	13.3	0.01	14	18620	买盘
13:14:58	13.29	--	19	25251	卖盘
13:14:53	13.29	-0.01	1	1329	卖盘
13:14:43	13.3	-0.02	48	63840	卖盘
13:14:38	13.32	-0.01	3	3996	买盘
13:14:28	13.33	--	0	0	买盘
13:14:17	13.33	0.01	54	71982	买盘
13:13:58	13.32	--	45	59940	买盘
13:13:53	13.32	--	0	0	中性盘
13:13:47	13.32	--	1	1332	卖盘
13:13:43	13.32	--	2	2664	卖盘
13:13:37	13.32	0.02	2	2664	买盘
13:13:13	13.3	-0.03	10	13300	卖盘
13:13:07	13.33	--	0	0	买盘
13:12:17	13.33	0.03	90	119970	买盘
13:12:07	13.3	-0.03	10	13300	卖盘
13:12:02	13.33	--	200	266600	买盘
13:11:32	13.33	--	0	0	买盘
13:11:22	13.33	0.01	38	50654	买盘
13:11:17	13.32	-0.01	10	13320	卖盘
13:10:32	13.33	-0.01	17	22661	卖盘
13:10:27	13.34	0.01	72	96048	买盘
13:10:22	13.33	--	26	34658	卖盘
13:10:17	13.33	-0.01	10	13330	卖盘
13:10:07	13.34	0.01	51	68034	买盘
13:10:02	13.33	-0.01	209	278597	卖盘
13:09:57	13.34	0.01	25	33350	买盘
13:09:52	13.33	--	9	11997	卖盘
13:09:47	13.33	--	5	6665	买盘
13:09:37	13.33	--	5	6665	卖盘
13:09:32	13.33	--	8	10664	卖盘
13:09:22	13.33	-0.01	1	1333	卖盘
13:09:12	13.34	--	10	13340	买盘
13:09:07	13.34	--	0	0	买盘
13:08:52	13.34	0.02	63	84042	买盘
13:08:26	13.32	0.03	100	133200	买盘
13:08:22	13.29	--	1	1329	卖盘
13:08:17	13.29	--	18	23922	买盘
13:08:07	13.29	--	8	10632	卖盘
13:08:02	13.29	--	20	26580	卖盘
13:07:46	13.29	--	23	30566	卖盘
13:07:37	13.29	--	5	6645	卖盘
13:07:26	13.29	0.01	45	59804	买盘
13:07:22	13.28	--	53	70384	买盘
13:07:16	13.28	--	10	13280	买盘
13:07:11	13.28	-0.01	18	23904	卖盘
13:07:06	13.29	--	0	0	买盘
13:07:01	13.29	0.01	49	65120	买盘
13:06:52	13.28	0.01	15	19920	买盘
13:06:47	13.27	--	10	13270	买盘
13:06:41	13.27	--	5	6635	买盘
13:06:36	13.27	--	3	3981	买盘
13:06:31	13.27	-0.01	2	2654	卖盘
13:06:26	13.28	--	21	27888	买盘
13:06:17	13.28	--	10	13280	买盘
13:06:01	13.28	0.01	2	2656	买盘
13:05:51	13.27	--	5	6635	卖盘
13:05:46	13.27	--	63	83601	买盘
13:05:16	13.27	0.03	114	151278	买盘
13:05:06	13.24	--	10	13240	卖盘
13:05:01	13.24	--	3	3972	卖盘
13:04:56	13.24	-0.01	2	2648	卖盘
13:04:46	13.25	--	4	5300	买盘
13:04:31	13.25	-0.02	30	39750	卖盘
13:03:16	13.27	0.03	4	5308	买盘
13:02:46	13.24	--	0	0	卖盘
13:02:31	13.24	-0.03	3	3972	卖盘
13:02:26	13.27	--	0	0	买盘
13:02:16	13.27	--	45	59715	买盘
13:02:11	13.27	--	0	0	买盘
13:02:01	13.27	--	2	2654	买盘
13:01:50	13.27	--	0	0	买盘
13:01:46	13.27	--	7	9289	买盘
13:01:26	13.27	-0.01	1	1327	中性盘
13:01:11	13.28	--	4	5312	买盘
13:00:40	13.28	0.02	63	83664	买盘
13:00:30	13.26	--	0	0	买盘
13:00:25	13.26	0.02	45	59670	买盘
13:00:10	13.24	0.01	162	215150	买盘
13:00:05	13.23	--	40	52920	买盘
11:30:00	13.23	--	0	0	买盘
11:30:00	13.23	--	0	0	买盘
11:30:00	13.23	0.03	4	5292	买盘
11:29:52	13.2	-0.03	5	6600	卖盘
11:29:37	13.23	0.03	15	19845	买盘
11:29:32	13.2	-0.02	10	13200	卖盘
11:29:17	13.22	0.02	11	14542	买盘
11:29:07	13.2	--	33	43560	买盘
11:29:02	13.2	--	34	44880	买盘
11:28:52	13.2	-0.01	83	109560	卖盘
11:28:47	13.21	-0.01	20	26420	卖盘
11:28:42	13.22	0.01	14	18508	买盘
11:28:37	13.21	--	18	23778	买盘
11:28:32	13.21	0.01	3	3963	买盘
11:28:17	13.2	-0.01	3	3960	卖盘
11:27:52	13.21	--	3	3963	买盘
11:27:32	13.21	--	5	6605	买盘
11:27:22	13.21	--	4	5284	买盘
11:27:02	13.21	--	2	2642	买盘
11:26:56	13.21	-0.01	3	3963	卖盘
11:26:52	13.22	--	8	10576	买盘
11:26:31	13.22	--	0	0	买盘
11:26:21	13.22	--	4	5288	买盘
11:26:01	13.22	--	1	1322	买盘
11:25:56	13.22	--	4	5288	买盘
11:25:51	13.22	--	0	0	买盘
11:25:36	13.22	0.02	20	26440	买盘
11:25:31	13.2	--	10	13200	买盘
11:25:16	13.2	--	3	3960	买盘
11:25:06	13.2	--	3	3960	买盘
11:24:31	13.2	--	20	26400	买盘
11:24:21	13.2	-0.01	76	100320	卖盘
11:24:01	13.21	--	1	1321	买盘
11:23:46	13.21	-0.01	25	33025	卖盘
11:23:16	13.22	-0.01	6	7932	卖盘
11:23:11	13.23	--	5	6615	买盘
11:23:01	13.23	--	10	13230	买盘
11:22:56	13.23	0.01	6	7938	买盘
11:22:51	13.22	-0.01	2	2644	卖盘
11:22:41	13.23	0.01	30	39690	买盘
11:22:31	13.22	--	4	5288	卖盘
11:22:21	13.22	0.02	35	46270	买盘
11:22:16	13.2	--	4	5280	买盘
11:21:56	13.2	--	7	9240	买盘
11:21:46	13.2	0.02	100	132000	买盘
11:21:36	13.18	-0.02	1	1318	卖盘
11:21:31	13.2	0.02	100	132000	买盘
11:21:01	13.18	--	36	47448	买盘
11:20:00	13.18	-0.01	7	9226	卖盘
11:19:45	13.19	0.02	5	6595	买盘
11:19:30	13.17	--	0	0	卖盘
11:19:15	13.17	--	10	13170	卖盘
11:18:55	13.17	--	1	1317	卖盘
11:17:20	13.17	--	0	276	卖盘
11:16:45	13.17	--	2	2634	买盘
11:16:20	13.17	--	8	10536	买盘
11:16:00	13.17	0.01	11	14487	买盘
11:15:50	13.16	--	10	13160	卖盘
11:15:30	13.16	-0.01	10	13160	卖盘
11:15:25	13.17	-0.01	3	3951	卖盘
11:14:55	13.18	--	2	2636	买盘
11:14:50	13.18	--	19	25042	卖盘
11:14:30	13.18	-0.01	40	52720	卖盘
11:14:20	13.19	0.01	10	13190	买盘
11:14:05	13.18	--	5	6590	卖盘
11:13:54	13.18	--	39	51402	卖盘
11:13:39	13.18	--	12	15816	买盘
11:13:09	13.18	--	3	3954	卖盘
11:12:59	13.18	--	2	2636	卖盘
11:12:54	13.18	--	2	2636	卖盘
11:12:39	13.18	0.02	8	10544	买盘
11:12:34	13.16	-0.02	4	5264	卖盘
11:12:24	13.18	--	30	39540	买盘
11:12:19	13.18	0.03	10	13180	买盘
11:12:04	13.15	--	10	13150	卖盘
11:11:54	13.15	--	5	6575	卖盘
11:11:39	13.15	--	0	0	卖盘
11:11:14	13.15	--	4	5260	卖盘
11:10:49	13.15	-0.03	75	98625	卖盘
11:10:04	13.18	--	7	9226	买盘
11:09:59	13.18	0.02	14	18452	买盘
11:09:39	13.16	-0.03	30	39480	卖盘
11:09:09	13.19	--	0	0	买盘
11:08:08	13.19	--	3	3957	买盘
11:07:39	13.19	--	1	1319	买盘
11:07:18	13.19	--	2	2638	卖盘
11:07:13	13.19	--	0	0	中性盘
11:06:48	13.19	0.03	14	18466	买盘
11:06:43	13.16	--	0	0	卖盘
11:06:18	13.16	-0.04	4	5264	卖盘
11:06:13	13.2	--	1	1320	买盘
11:05:58	13.2	--	3	3960	买盘
11:05:43	13.2	0.04	1	1320	买盘
11:05:33	13.16	-0.01	4	5264	卖盘
11:05:28	13.17	--	1	1317	买盘
11:05:13	13.17	--	10	13170	卖盘
11:04:58	13.17	--	1	1317	买盘
11:04:43	13.17	--	57	75069	卖盘
11:04:38	13.17	-0.03	6	7902	卖盘
11:04:28	13.2	0.02	100	132000	买盘
11:04:12	13.18	-0.01	2	2636	买盘
11:04:08	13.19	-0.01	8	10552	卖盘
11:03:58	13.2	0.01	10	13200	买盘
11:03:33	13.19	--	52	68588	买盘
11:03:23	13.19	0.01	72	94968	买盘
11:03:08	13.18	--	10	13180	卖盘
11:02:58	13.18	--	10	13180	卖盘
11:02:28	13.18	--	28	36904	买盘
11:02:23	13.18	--	20	26360	买盘
11:02:03	13.18	0.01	2	2636	买盘
11:01:32	13.17	-0.01	20	26340	卖盘
11:01:27	13.18	0.01	20	26360	买盘
11:01:22	13.17	--	1	1317	卖盘
11:01:12	13.17	-0.01	10	13170	卖盘
11:01:08	13.18	--	5	6590	买盘
11:00:42	13.18	--	10	13180	买盘
11:00:37	13.18	--	2	2636	买盘
11:00:27	13.18	--	1	1318	买盘
11:00:17	13.18	--	0	0	买盘
10:59:22	13.18	--	52	68536	卖盘
10:59:07	13.18	-0.01	2	2636	卖盘
10:59:02	13.19	0.01	1	1319	买盘
10:58:52	13.18	--	74	97532	卖盘
10:58:42	13.18	-0.01	2	2636	卖盘
10:57:52	13.19	0.01	15	19785	买盘
10:57:47	13.18	--	4	5272	卖盘
10:56:51	13.18	--	69	90942	买盘
10:56:32	13.18	--	7	9226	买盘
10:56:21	13.18	0.01	18	23724	买盘
10:56:16	13.17	--	0	0	卖盘
10:56:11	13.17	0.02	16	21072	买盘
10:56:06	13.15	--	0	0	中性盘
10:56:02	13.15	--	5	6575	买盘
10:55:36	13.15	--	3	3945	买盘
10:55:26	13.15	--	15	19725	买盘
10:55:11	13.15	-0.02	12	15780	卖盘
10:55:06	13.17	--	4	5268	买盘
10:55:01	13.17	0.01	10	13170	买盘
10:54:51	13.16	-0.01	5	6580	卖盘
10:54:46	13.17	0.01	5	6585	买盘
10:54:31	13.16	-0.01	1	1316	卖盘
10:54:21	13.17	--	2	2634	卖盘
10:54:06	13.17	--	2	2634	买盘
10:53:56	13.17	-0.01	1	1317	卖盘
10:53:51	13.18	--	10	13180	买盘
10:53:36	13.18	--	4	5272	买盘
10:53:21	13.18	--	0	0	买盘
10:53:16	13.18	--	90	118620	卖盘
10:52:51	13.18	--	2	2636	卖盘
10:52:46	13.18	-0.01	3	3954	卖盘
10:52:36	13.19	--	2	2638	买盘
10:52:21	13.19	--	39	51441	买盘
10:52:16	13.19	--	10	13190	买盘
10:51:56	13.19	0.01	93	122667	买盘
10:51:51	13.18	--	0	0	买盘
10:51:41	13.18	--	28	36904	买盘
10:51:26	13.18	--	5	6590	买盘
10:51:16	13.18	--	7	9226	买盘
10:51:11	13.18	--	0	0	买盘
10:50:56	13.18	--	10	13180	买盘
10:50:45	13.18	0.01	6	7908	买盘
10:50:35	13.17	--	36	47412	买盘
10:50:20	13.17	--	54	71118	买盘
10:49:50	13.17	--	0	0	买盘
10:49:40	13.17	--	30	39510	买盘
10:49:30	13.17	--	1	1317	买盘
10:49:15	13.17	--	3	3951	买盘
10:49:10	13.17	--	28	36876	买盘
10:48:50	13.17	0.03	26	34242	买盘
10:48:45	13.14	-0.03	20	26280	卖盘
10:48:40	13.17	--	6	7902	买盘
10:48:35	13.17	0.01	14	18438	买盘
10:48:30	13.16	--	5	6580	卖盘
10:48:20	13.16	--	15	19740	买盘
10:48:10	13.16	0.02	31	40796	买盘
10:48:05	13.14	--	0	0	卖盘
10:47:45	13.14	--	3	3942	卖盘
10:47:25	13.14	--	0	0	卖盘
10:47:15	13.14	-0.03	4	5256	卖盘
10:47:10	13.17	0.03	49	64533	买盘
10:46:30	13.14	--	1	1314	卖盘
10:46:25	13.14	--	5	6570	卖盘
10:46:20	13.14	-0.02	10	13140	卖盘
10:46:15	13.16	--	0	0	买盘
10:46:10	13.16	0.02	26	34216	买盘
10:45:35	13.14	-0.01	6	7884	卖盘
10:45:30	13.15	--	4	5260	卖盘
10:45:24	13.15	--	2	2630	卖盘
10:44:54	13.15	0.01	12	15780	买盘
10:44:29	13.14	--	26	34164	买盘
10:43:50	13.14	--	9	11826	卖盘
10:43:35	13.14	--	22	28908	卖盘
10:43:24	13.14	0.01	25	32850	卖盘
10:43:20	13.13	--	48	63024	卖盘
10:43:14	13.13	--	10	13130	卖盘
10:43:09	13.13	--	29	38077	卖盘
10:43:05	13.13	-0.01	177	232401	卖盘
10:42:49	13.14	--	0	0	买盘
10:42:29	13.14	--	0	0	买盘
10:42:24	13.14	--	33	43362	买盘
10:42:19	13.14	--	1	1314	买盘
10:41:59	13.14	--	61	80154	买盘
10:41:54	13.14	-0.01	1	1314	买盘
10:41:39	13.15	--	0	0	买盘
10:41:34	13.15	--	0	0	买盘
10:41:24	13.15	--	1	1315	买盘
10:41:19	13.15	0.04	3	3945	买盘
10:41:09	13.11	-0.04	5	6555	卖盘
10:41:04	13.15	--	0	0	买盘
10:40:54	13.15	--	0	0	买盘
10:40:49	13.15	0.03	20	26300	买盘
10:40:39	13.12	--	0	0	买盘
10:40:14	13.12	0.03	10	13120	买盘
10:39:39	13.09	--	2	2618	卖盘
10:39:24	13.09	0.01	1	1309	买盘
10:39:19	13.08	--	10	13080	卖盘
10:39:14	13.08	--	0	0	买盘
10:38:59	13.08	--	2	2616	买盘
10:38:44	13.08	-0.01	176	230208	卖盘
10:38:29	13.09	--	49	64141	买盘
10:38:14	13.09	--	8	10472	买盘
10:38:08	13.09	--	5	6545	买盘
10:37:59	13.09	--	11	14399	买盘
10:37:53	13.09	--	10	13090	买盘
10:37:48	13.09	--	20	26180	买盘
10:37:44	13.09	--	6	7854	卖盘
10:37:38	13.09	--	3	3927	卖盘
10:37:18	13.09	-0.02	7	9163	卖盘
10:37:08	13.11	--	11	14421	买盘
10:36:58	13.11	0.02	1	1311	买盘
10:36:53	13.09	-0.02	49	64141	卖盘
10:36:48	13.11	0.02	50	65550	买盘
10:36:33	13.09	-0.02	3	3927	卖盘
10:36:28	13.11	-0.01	115	150765	卖盘
10:36:13	13.12	0.01	5	6560	买盘
10:35:58	13.11	--	5	6555	卖盘
10:35:33	13.11	--	3	3933	卖盘
10:35:13	13.11	-0.01	6	7866	卖盘
10:35:03	13.12	--	16	20992	买盘
10:34:33	13.12	0.01	16	20992	买盘
10:34:28	13.11	-0.01	41	53751	卖盘
10:34:03	13.12	--	40	52480	买盘
10:33:28	13.12	--	28	36736	买盘
10:33:23	13.12	--	1	1312	买盘
10:33:03	13.12	0.02	42	55104	买盘
10:32:52	13.1	-0.02	2	2620	买盘
10:32:47	13.12	--	0	0	买盘
10:32:43	13.12	0.02	38	49856	买盘
10:32:37	13.1	-0.01	12	15720	卖盘
10:32:32	13.11	0.01	4	5244	买盘
10:32:27	13.1	-0.01	3	3930	卖盘
10:32:22	13.11	--	0	0	买盘
10:32:12	13.11	-0.01	5	6555	买盘
10:32:07	13.12	--	0	0	买盘
10:31:57	13.12	--	4	5248	买盘
10:31:37	13.12	--	0	0	买盘
10:31:27	13.12	-0.03	16	20992	卖盘
10:31:12	13.15	-0.01	4	5260	中性盘
10:31:07	13.16	0.01	15	19740	买盘
10:31:02	13.15	--	2	2630	买盘
10:30:57	13.15	--	4	5260	买盘
10:30:37	13.15	0.01	1	1315	买盘
10:30:32	13.14	--	1	1314	买盘
10:30:27	13.14	--	34	44676	买盘
10:30:12	13.14	--	1	1314	买盘
10:29:57	13.14	-0.01	16	21024	买盘
10:29:52	13.15	--	0	0	买盘
10:29:27	13.15	--	5	6575	买盘
10:29:12	13.15	--	0	0	买盘
10:28:57	13.15	0.05	4	5260	买盘
10:28:52	13.1	--	0	0	卖盘
10:28:47	13.1	--	0	0	卖盘
10:28:42	13.1	-0.05	26	34060	卖盘
10:28:37	13.15	--	43	56545	买盘
10:28:27	13.15	--	4	5260	买盘
10:28:12	13.15	--	5	6575	买盘
10:27:57	13.15	-0.01	1	1315	中性盘
10:27:42	13.16	--	6	7896	买盘
10:27:37	13.16	--	0	0	买盘
10:27:22	13.16	-0.01	1	1316	卖盘
10:26:57	13.17	--	0	0	买盘
10:26:52	13.17	0.02	26	34242	买盘
10:26:42	13.15	0.02	10	13150	买盘
10:26:37	13.13	--	75	98475	买盘
10:26:31	13.13	-0.03	1	1313	卖盘
10:26:16	13.16	0.01	28	36848	买盘
10:26:06	13.15	-0.01	22	28930	卖盘
10:25:56	13.16	--	3	3948	买盘
10:25:51	13.16	--	0	0	买盘
10:25:41	13.16	--	75	98700	买盘
10:25:36	13.16	--	3	3948	买盘
10:25:16	13.16	--	0	0	买盘
10:25:11	13.16	0.01	3	3948	买盘
10:25:06	13.15	-0.01	3	3945	买盘
10:25:01	13.16	--	0	0	买盘
10:24:56	13.16	0.01	10	13160	买盘
10:24:46	13.15	--	8	10520	买盘
10:24:36	13.15	-0.01	9	11835	中性盘
10:24:26	13.16	0.01	2	2632	买盘
10:24:21	13.15	--	2	2630	卖盘
10:24:16	13.15	--	5	6575	卖盘
10:24:11	13.15	--	25	32875	买盘
10:24:06	13.15	--	3	3945	中性盘
10:23:56	13.15	0.03	3	3945	买盘
10:23:51	13.12	0.02	1	1312	中性盘
10:23:46	13.1	-0.05	70	91700	卖盘
10:23:41	13.15	--	0	0	买盘
10:23:36	13.15	--	17	22355	买盘
10:23:31	13.15	-0.01	4	5260	买盘
10:23:26	13.16	--	0	0	买盘
10:23:11	13.16	0.02	41	53956	买盘
10:23:06	13.14	-0.02	10	13140	卖盘
10:23:01	13.16	--	10	13160	买盘
10:22:56	13.16	0.01	80	105280	买盘
10:22:51	13.15	--	50	65750	买盘
10:22:41	13.15	--	29	38135	买盘
10:22:36	13.15	0.01	6	7890	买盘
10:22:31	13.14	--	38	49932	卖盘
10:22:26	13.14	--	13	17082	买盘
10:22:21	13.14	--	2	2628	卖盘
10:22:11	13.14	--	10	13140	买盘
10:22:06	13.14	--	0	0	中性盘
10:21:55	13.14	--	3	3942	买盘
10:21:51	13.14	--	9	11826	买盘
10:21:46	13.14	0.01	10	13140	买盘
10:21:40	13.13	--	0	0	买盘
10:21:36	13.13	--	1	1313	买盘
10:21:25	13.13	--	7	9191	买盘
10:21:16	13.13	0.02	11	14443	中性盘
10:21:10	13.11	0.01	1	1311	买盘
10:21:06	13.1	-0.01	34	44540	卖盘
10:20:55	13.11	--	5	6555	买盘
10:20:51	13.11	-0.03	4	5244	卖盘
10:20:10	13.14	--	19	24966	买盘
10:20:05	13.14	--	2	2628	买盘
10:19:55	13.14	--	6	7884	买盘
10:19:51	13.14	0.03	21	27594	买盘
10:19:46	13.11	-0.04	10	13110	卖盘
10:19:16	13.15	--	1	1315	买盘
10:19:10	13.15	0.02	21	27615	买盘
10:18:55	13.13	--	13	17069	买盘
10:18:45	13.13	-0.01	3	3939	卖盘
10:18:40	13.14	--	24	31536	买盘
10:18:30	13.14	0.01	40	52560	买盘
10:18:25	13.13	-0.01	2	2626	卖盘
10:18:15	13.14	-0.02	20	26280	买盘
10:18:10	13.16	--	55	72380	买盘
10:18:00	13.16	--	41	53956	买盘
10:17:50	13.16	--	0	0	买盘
10:17:45	13.16	--	4	5264	卖盘
10:17:40	13.16	--	15	19740	买盘
10:17:30	13.16	--	31	40796	卖盘
10:17:20	13.16	--	10	13160	卖盘
10:17:15	13.16	--	17	22372	买盘
10:17:10	13.16	0.01	5	6580	买盘
10:17:00	13.15	--	10	13150	卖盘
10:16:45	13.15	--	5	6575	买盘
10:16:40	13.15	--	4	5260	买盘
10:16:25	13.15	-0.01	1	1315	中性盘
10:16:15	13.16	0.02	40	52640	买盘
10:16:00	13.14	--	7	9198	卖盘
10:15:55	13.14	0.01	39	51246	买盘
10:15:45	13.13	-0.01	43	56459	中性盘
10:15:40	13.14	--	0	0	买盘
10:15:35	13.14	--	12	15768	买盘
10:15:15	13.14	--	51	67014	卖盘
10:15:10	13.14	-0.01	34	44676	卖盘
10:15:00	13.15	0.01	10	13150	买盘
10:14:55	13.14	0.01	6	7884	买盘
10:14:49	13.13	--	0	0	卖盘
10:14:45	13.13	-0.01	50	65650	卖盘
10:14:40	13.14	0.01	32	42048	买盘
10:14:19	13.13	--	27	35451	买盘
10:14:04	13.13	--	15	19695	买盘
10:13:49	13.13	-0.01	11	14443	买盘
10:13:34	13.14	--	0	0	买盘
10:13:30	13.14	0.01	40	52560	买盘
10:13:24	13.13	--	0	0	买盘
10:13:19	13.13	--	10	13130	买盘
10:12:54	13.13	--	0	0	买盘
10:12:49	13.13	0.04	25	32825	买盘
10:12:39	13.09	-0.04	2	2618	中性盘
10:12:34	13.13	--	25	32825	买盘
10:12:29	13.13	--	20	26260	买盘
10:12:24	13.13	--	25	32825	买盘
10:12:19	13.13	--	40	52520	买盘
10:12:09	13.13	--	40	52520	买盘
10:12:04	13.13	--	11	14443	买盘
10:11:24	13.13	0.02	20	26260	买盘
10:11:14	13.11	--	0	0	买盘
10:11:09	13.11	--	20	26220	买盘
10:11:04	13.11	--	11	14421	买盘
10:10:59	13.11	0.01	19	24909	买盘
10:10:49	13.1	--	30	39300	买盘
10:10:39	13.1	--	3	3930	买盘
10:10:29	13.1	--	0	0	买盘
10:10:19	13.1	--	5	6550	买盘
10:10:14	13.1	0.01	7	9170	买盘
10:09:49	13.09	--	0	0	卖盘
10:09:19	13.09	0.02	5	6545	买盘
10:09:04	13.07	0.01	5	6535	买盘
10:08:49	13.06	-0.01	4	5224	卖盘
10:08:34	13.07	-0.02	5	6535	卖盘
10:08:24	13.09	0.02	20	26180	买盘
10:07:54	13.07	--	0	0	卖盘
10:07:49	13.07	-0.02	12	15684	卖盘
10:07:34	13.09	--	0	0	中性盘
10:07:08	13.09	--	1	1309	买盘
10:06:43	13.09	--	1	1309	买盘
10:06:33	13.09	-0.01	1	1309	买盘
10:06:18	13.1	--	0	0	买盘
10:05:53	13.1	--	5	6550	买盘
10:05:48	13.1	--	0	0	买盘
10:05:38	13.1	0.05	4	5240	买盘
10:05:23	13.05	--	0	0	卖盘
10:05:08	13.05	--	9	11745	买盘
10:05:03	13.05	-0.06	22	28710	卖盘
10:04:48	13.11	--	0	0	买盘
10:04:38	13.11	--	0	0	买盘
10:04:33	13.11	0.01	17	22287	买盘
10:04:28	13.1	--	0	0	中性盘
10:04:18	13.1	--	0	0	中性盘
10:04:13	13.1	--	3	3930	买盘
10:04:08	13.1	0.06	5	6550	买盘
10:04:03	13.04	-0.08	30	39120	卖盘
10:03:58	13.12	0.01	3	3935	买盘
10:03:53	13.11	-0.01	3	3933	中性盘
10:03:48	13.12	--	2	2624	买盘
10:03:38	13.12	--	28	36736	买盘
10:03:33	13.12	-0.01	16	20992	卖盘
10:03:28	13.13	0.01	17	22321	买盘
10:03:23	13.12	--	50	65600	卖盘
10:03:13	13.12	--	35	45920	卖盘
10:03:08	13.12	-0.01	5	6560	卖盘
10:02:58	13.13	-0.01	15	19695	买盘
10:02:52	13.14	0.01	12	15768	中性盘
10:02:48	13.13	--	0	0	卖盘
10:02:37	13.13	--	7	10280	买盘
10:02:33	13.13	0.01	33	43329	买盘
10:02:28	13.12	-0.01	8	10496	卖盘
10:02:22	13.13	0.01	4	5252	买盘
10:02:18	13.12	0.02	3	3935	买盘
10:02:13	13.1	-0.02	4	5240	卖盘
10:02:07	13.12	0.01	30	39360	买盘
10:02:03	13.11	--	3	3933	卖盘
10:01:52	13.11	--	22	28842	买盘
10:01:48	13.11	--	10	13110	买盘
10:01:43	13.11	0.01	1	1311	买盘
10:01:37	13.1	-0.01	7	9170	卖盘
10:01:33	13.11	0.01	18	23598	买盘
10:01:28	13.1	--	37	48470	买盘
10:01:22	13.1	--	5	6550	买盘
10:01:18	13.1	--	10	13100	买盘
10:00:57	13.1	0.02	16	20960	买盘
10:00:52	13.08	-0.01	26	34008	卖盘
10:00:37	13.09	0.01	3	3927	买盘
10:00:28	13.08	--	6	7848	买盘
10:00:07	13.08	0.01	8	10464	买盘
09:59:42	13.07	--	1	1307	卖盘
09:59:12	13.07	--	15	19605	买盘
09:58:52	13.07	0.02	1	1307	买盘
09:58:42	13.05	-0.02	2	2610	卖盘
09:58:22	13.07	--	29	37903	买盘
09:57:57	13.07	--	0	0	买盘
09:57:52	13.07	--	0	0	买盘
09:57:22	13.07	-0.01	1	1307	卖盘
09:56:47	13.08	--	6	7848	卖盘
09:56:32	13.08	-0.01	7	9156	卖盘
09:56:12	13.09	-0.01	14	18326	卖盘
09:55:52	13.1	--	5	6550	买盘
09:55:12	13.1	--	2	2620	买盘
09:55:07	13.1	0.02	13	17030	买盘
09:54:46	13.08	--	15	19620	买盘
09:54:06	13.08	--	7	9156	买盘
09:54:01	13.08	0.01	10	13080	买盘
09:53:56	13.07	0.04	13	16991	买盘
09:53:46	13.03	-0.04	15	19545	卖盘
09:53:41	13.07	--	1	1307	卖盘
09:53:36	13.07	-0.01	4	5228	卖盘
09:53:31	13.08	0.01	1	1308	买盘
09:53:26	13.07	0.04	6	7842	买盘
09:53:21	13.03	--	0	0	卖盘
09:53:16	13.03	-0.04	15	19545	卖盘
09:53:11	13.07	0.03	4	5228	买盘
09:52:56	13.04	--	0	0	卖盘
09:52:51	13.04	0.02	1	1304	卖盘
09:52:46	13.02	-0.02	15	19530	卖盘
09:52:41	13.04	0.02	3	3911	买盘
09:52:36	13.02	-0.02	2	2604	卖盘
09:52:31	13.04	0.02	15	19560	买盘
09:52:21	13.02	--	6	7812	卖盘
09:51:11	13.02	-0.01	2	2604	卖盘
09:51:06	13.03	--	53	69059	卖盘
09:51:01	13.03	--	36	46908	卖盘
09:50:46	13.03	-0.01	109	142027	卖盘
09:50:16	13.04	--	5	6520	卖盘
09:50:06	13.04	-0.04	3	3911	卖盘
09:50:01	13.08	--	1	1308	卖盘
09:49:56	13.08	--	2	2616	卖盘
09:49:51	13.08	-0.01	27	35316	卖盘
09:49:21	13.09	--	10	13090	卖盘
09:49:10	13.09	--	20	26180	卖盘
09:49:06	13.09	--	0	0	中性盘
09:49:01	13.09	--	15	19635	卖盘
09:48:51	13.09	-0.01	19	24871	卖盘
09:48:40	13.1	--	6	7860	买盘
09:48:10	13.1	--	25	32750	卖盘
09:47:55	13.1	-0.01	7	9170	中性盘
09:47:50	13.11	0.01	40	52440	买盘
09:47:25	13.1	--	11	14410	买盘
09:47:10	13.1	--	5	6550	买盘
09:47:00	13.1	--	7	9170	买盘
09:46:50	13.1	--	17	22270	买盘
09:46:45	13.1	-0.01	20	26200	卖盘
09:46:40	13.11	--	5	6555	买盘
09:46:30	13.11	0.01	5	6555	买盘
09:46:25	13.1	--	7	9170	卖盘
09:46:15	13.1	-0.01	10	13100	卖盘
09:46:10	13.11	0.01	12	15732	买盘
09:46:05	13.1	-0.01	10	13100	中性盘
09:46:00	13.11	0.02	19	24909	买盘
09:45:50	13.09	--	0	0	卖盘
09:45:45	13.09	-0.02	2	2618	卖盘
09:45:40	13.11	0.01	6	7866	买盘
09:45:35	13.1	--	48	62880	卖盘
09:45:10	13.1	-0.01	8	10480	卖盘
09:45:00	13.11	0.01	10	13110	中性盘
09:44:55	13.1	--	13	17030	卖盘
09:44:45	13.1	--	3	3930	卖盘
09:44:40	13.1	--	7	9170	卖盘
09:44:30	13.1	--	0	0	卖盘
09:44:25	13.1	-0.03	1	1310	卖盘
09:44:05	13.13	0.04	77	101101	买盘
09:44:00	13.09	--	51	66759	卖盘
09:43:55	13.09	-0.02	139	181951	卖盘
09:43:49	13.11	0.02	1	1311	买盘
09:43:45	13.09	-0.03	1	1309	卖盘
09:43:34	13.12	--	0	0	买盘
09:43:30	13.12	--	2	2624	买盘
09:43:19	13.12	--	5	6560	买盘
09:43:10	13.12	0.03	23	30176	买盘
09:43:04	13.09	-0.01	33	43197	卖盘
09:43:00	13.1	0.01	9	11790	买盘
09:42:45	13.09	--	99	129591	买盘
09:42:40	13.09	0.01	132	172788	买盘
09:42:34	13.08	--	11	14388	买盘
09:42:30	13.08	--	10	13080	买盘
09:42:19	13.08	0.01	8	10464	买盘
09:42:04	13.07	--	52	67964	卖盘
09:41:54	13.07	0.01	52	67964	买盘
09:41:49	13.06	-0.01	47	61382	卖盘
09:41:34	13.07	--	49	64043	买盘
09:41:19	13.07	0.02	72	94104	买盘
09:40:49	13.05	--	0	0	中性盘
09:40:39	13.05	-0.01	10	13050	买盘
09:40:34	13.06	--	0	0	买盘
09:39:59	13.06	--	0	0	买盘
09:39:54	13.06	0.01	17	22202	买盘
09:39:44	13.05	0.04	7	9135	卖盘
09:39:39	13.01	--	0	0	卖盘
09:39:34	13.01	-0.05	7	10108	卖盘
09:39:29	13.06	0.05	2	2612	买盘
09:39:19	13.01	-0.04	7	9107	卖盘
09:39:09	13.05	--	7	9135	买盘
09:39:04	13.05	--	54	70470	卖盘
09:38:54	13.05	0.02	16	20880	买盘
09:38:34	13.03	-0.02	7	9121	买盘
09:38:09	13.05	--	0	0	买盘
09:38:04	13.05	0.04	11	14355	买盘
09:37:59	13.01	--	0	0	卖盘
09:37:49	13.01	--	0	0	卖盘
09:37:29	13.01	--	0	0	卖盘
09:37:13	13.01	-0.03	10	13010	卖盘
09:36:54	13.04	-0.01	11	14343	买盘
09:36:39	13.05	--	0	0	买盘
09:36:34	13.05	0.01	2	2610	买盘
09:36:19	13.04	-0.02	5	6520	买盘
09:36:13	13.06	--	0	0	买盘
09:36:08	13.06	--	0	0	买盘
09:35:53	13.06	--	0	0	买盘
09:35:49	13.06	0.06	59	77054	买盘
09:35:28	13.0	-0.04	6	7800	中性盘
09:35:18	13.04	0.04	91	118663	买盘
09:34:58	13.0	0.08	5	6500	买盘
09:34:53	12.92	-0.05	1	1292	卖盘
09:34:48	12.97	--	0	0	买盘
09:34:43	12.97	0.07	19	24643	买盘
09:34:28	12.9	--	0	0	卖盘
09:34:18	12.9	--	21	27386	买盘
09:34:13	12.9	--	7	9030	买盘
09:34:08	12.9	--	9	11610	买盘
09:34:03	12.9	-0.01	50	64500	卖盘
09:33:58	12.91	0.01	1	1291	买盘
09:33:48	12.9	--	10	12900	卖盘
09:33:38	12.9	--	0	0	卖盘
09:33:33	12.9	0.03	7	9030	卖盘
09:33:28	12.87	--	16	20592	买盘
09:33:23	12.87	--	4	5148	卖盘
09:33:18	12.87	-0.03	7	9009	卖盘
09:33:08	12.9	-0.01	14	18472	卖盘
09:33:03	12.91	-0.04	9	12496	卖盘
09:32:58	12.95	--	9	11655	买盘
09:32:43	12.95	--	10	12950	买盘
09:32:38	12.95	0.05	32	41440	买盘
09:32:33	12.9	-0.05	79	101910	卖盘
09:32:28	12.95	-0.02	37	47915	卖盘
09:32:18	12.97	--	0	0	卖盘
09:32:03	12.97	-0.03	1	1297	卖盘
09:31:48	13.0	-0.01	10	13000	卖盘
09:31:38	13.01	--	11	14324	卖盘
09:31:33	13.01	--	7	9107	卖盘
09:31:07	13.01	-0.02	3	4579	卖盘
09:31:03	13.03	0.01	10	13030	买盘
09:30:57	13.02	--	11	14933	买盘
09:30:48	13.02	--	1	1302	买盘
09:30:43	13.02	--	3	3906	买盘
09:30:22	13.02	--	0	0	中性盘
09:30:13	13.02	-0.01	1	1302	卖盘
09:30:07	13.03	0.02	7	9121	中性盘
09:28:49	13.01	--	0	0	卖盘
09:25:09	13.01	13.01	15	19515	买盘
