成交时间	成交价	价格变动	成交量(手)	成交额(元)	性质
15:00:00	25.57	--	0	0	买盘
15:00:00	25.57	--	2	5114	买盘
14:59:59	25.57	0.01	120	306840	买盘
14:59:53	25.56	0.01	88	224928	买盘
14:59:49	25.55	-0.03	747	1908585	卖盘
14:59:44	25.58	0.01	577	1475966	买盘
14:59:38	25.57	--	89	227573	买盘
14:59:34	25.57	--	738	1887066	买盘
14:59:29	25.57	--	427	1091839	买盘
14:59:23	25.57	0.01	86	221589	买盘
14:59:19	25.56	--	204	521424	卖盘
14:59:14	25.56	-0.02	393	1004508	卖盘
14:59:08	25.58	0.01	155	396490	买盘
14:59:04	25.57	0.01	117	299169	中性盘
14:58:59	25.56	-0.01	213	544428	卖盘
14:58:53	25.57	0.01	109	278713	卖盘
14:58:49	25.56	-0.01	343	876708	卖盘
14:58:44	25.57	0.01	284	726188	买盘
14:58:38	25.56	--	31	79236	卖盘
14:58:34	25.56	0.01	270	690120	买盘
14:58:29	25.55	--	454	1159970	卖盘
14:58:23	25.55	--	443	1131865	买盘
14:58:19	25.55	0.01	358	914690	买盘
14:58:14	25.54	--	112	286048	买盘
14:58:08	25.54	-0.02	538	1374052	卖盘
14:58:04	25.56	0.02	181	462636	买盘
14:57:59	25.54	-0.01	851	2173454	卖盘
14:57:53	25.55	0.01	46	117530	中性盘
14:57:49	25.54	-0.03	832	2124928	卖盘
14:57:44	25.57	0.02	1176	3007032	买盘
14:57:38	25.55	--	77	196735	买盘
14:57:34	25.55	-0.01	372	950460	中性盘
14:57:29	25.56	--	305	779580	买盘
14:57:23	25.56	0.01	19	48564	买盘
14:57:19	25.55	--	431	1101205	卖盘
14:57:14	25.55	-0.02	780	1992900	卖盘
14:57:08	25.57	0.01	134	342638	买盘
14:57:04	25.56	--	526	1344456	卖盘
14:56:59	25.56	-0.03	610	1561077	卖盘
14:56:53	25.59	0.01	59	150981	买盘
14:56:49	25.58	-0.01	197	503925	卖盘
14:56:44	25.59	0.01	57	145863	买盘
14:56:38	25.58	-0.01	1022	2614276	卖盘
14:56:34	25.59	-0.01	137	350583	卖盘
14:56:29	25.6	--	95	243200	买盘
14:56:23	25.6	--	125	320000	卖盘
14:56:19	25.6	-0.02	271	693760	卖盘
14:56:14	25.62	0.01	466	1193892	买盘
14:56:08	25.61	0.01	24	61464	买盘
14:56:04	25.6	-0.01	226	578560	卖盘
14:55:59	25.61	-0.01	59	151099	中性盘
14:55:53	25.62	0.01	244	625128	买盘
14:55:48	25.61	-0.01	535	1370135	卖盘
14:55:44	25.62	--	41	105042	买盘
14:55:38	25.62	--	11	28182	买盘
14:55:34	25.62	-0.01	356	912072	卖盘
14:55:28	25.63	0.01	97	248611	买盘
14:55:23	25.62	--	41	105042	卖盘
14:55:17	25.62	0.02	65	166530	买盘
14:55:13	25.6	-0.04	564	1443840	卖盘
14:55:08	25.64	0.04	302	774328	买盘
14:55:02	25.6	-0.02	236	604160	卖盘
14:54:58	25.62	--	32	81984	卖盘
14:54:53	25.62	-0.01	163	417606	卖盘
14:54:47	25.63	0.01	99	253737	买盘
14:54:43	25.62	--	205	525210	买盘
14:54:38	25.62	0.01	82	210084	买盘
14:54:32	25.61	-0.01	38	97318	卖盘
14:54:28	25.62	--	172	440664	买盘
14:54:23	25.62	--	889	2277618	卖盘
14:54:17	25.62	--	6	15372	卖盘
14:54:13	25.62	0.01	1690	4329780	买盘
14:54:08	25.61	0.01	768	1966848	买盘
14:54:02	25.6	--	26	66560	卖盘
14:53:58	25.6	--	175	448000	卖盘
14:53:53	25.6	--	482	1233920	买盘
14:53:47	25.6	--	362	928256	买盘
14:53:43	25.6	--	800	2049664	买盘
14:53:38	25.6	--	577	1477120	买盘
14:53:32	25.6	-0.01	571	1463372	卖盘
14:53:28	25.61	-0.01	279	714519	中性盘
14:53:23	25.62	--	1667	4273159	卖盘
14:53:17	25.62	--	33	86774	买盘
14:53:13	25.62	0.01	529	1356835	买盘
14:53:08	25.61	-0.01	166	425126	卖盘
14:53:02	25.62	--	285	730170	买盘
14:52:58	25.62	--	167	427854	买盘
14:52:53	25.62	--	301	771162	买盘
14:52:47	25.62	--	641	1642242	卖盘
14:52:43	25.62	--	1251	3205062	卖盘
14:52:38	25.62	--	239	612318	卖盘
14:52:32	25.62	-0.01	64	163968	卖盘
14:52:28	25.63	0.01	84	215292	买盘
14:52:23	25.62	-0.01	98	251076	卖盘
14:52:17	25.63	-0.03	3771	9665073	卖盘
14:52:13	25.66	--	78	200148	买盘
14:52:08	25.66	--	258	662028	买盘
14:52:02	25.66	-0.01	32	82112	卖盘
14:51:58	25.67	0.01	100	256700	买盘
14:51:53	25.66	--	306	786222	卖盘
14:51:47	25.66	--	125	320750	卖盘
14:51:43	25.66	--	282	723612	卖盘
14:51:38	25.66	--	174	446484	卖盘
14:51:32	25.66	--	82	210412	卖盘
14:51:28	25.66	-0.01	19	48754	卖盘
14:51:23	25.67	--	45	115515	买盘
14:51:17	25.67	0.01	29	74443	买盘
14:51:13	25.66	-0.01	284	728744	卖盘
14:51:08	25.67	--	122	313174	买盘
14:51:02	25.67	0.01	27	69309	买盘
14:50:58	25.66	-0.01	66	169356	卖盘
14:50:53	25.67	--	101	259267	买盘
14:50:47	25.67	--	306	785502	卖盘
14:50:43	25.67	--	46	118082	卖盘
14:50:38	25.67	0.02	345	887155	买盘
14:50:32	25.65	-0.01	115	294975	卖盘
14:50:28	25.66	--	609	1562694	买盘
14:50:23	25.66	--	34	87244	买盘
14:50:17	25.66	--	4	10264	买盘
14:50:13	25.66	-0.01	311	799052	卖盘
14:50:08	25.67	--	306	787042	买盘
14:50:02	25.67	0.01	42	107814	买盘
14:49:58	25.66	--	96	246336	买盘
14:49:53	25.66	--	149	383360	卖盘
14:49:47	25.66	-0.01	223	572218	卖盘
14:49:43	25.67	--	92	236164	买盘
14:49:38	25.67	--	16	41072	买盘
14:49:32	25.67	--	374	960058	买盘
14:49:27	25.67	0.01	301	772667	买盘
14:49:22	25.66	-0.01	31	79546	卖盘
14:49:17	25.67	--	69	177123	买盘
14:49:12	25.67	--	53	136051	买盘
14:49:07	25.67	0.01	377	967759	买盘
14:49:02	25.66	-0.01	21	53886	卖盘
14:48:58	25.67	--	76	195092	买盘
14:48:52	25.67	0.01	193	495431	买盘
14:48:47	25.66	-0.01	81	207846	卖盘
14:48:41	25.67	0.01	144	369648	买盘
14:48:37	25.66	--	39	100074	卖盘
14:48:32	25.66	-0.01	129	331014	卖盘
14:48:26	25.67	--	22	56474	买盘
14:48:22	25.67	0.01	522	1339974	买盘
14:48:17	25.66	-0.01	36	92376	卖盘
14:48:11	25.67	0.01	5	12835	卖盘
14:48:07	25.66	-0.01	171	438786	卖盘
14:48:02	25.67	--	737	1891879	卖盘
14:47:56	25.67	0.01	12	30804	中性盘
14:47:52	25.66	--	630	1616580	卖盘
14:47:47	25.66	-0.01	665	1706390	卖盘
14:47:41	25.67	--	40	102680	卖盘
14:47:37	25.67	0.01	926	2377042	买盘
14:47:32	25.66	-0.01	46	118036	卖盘
14:47:26	25.67	--	10	25670	买盘
14:47:22	25.67	--	487	1250129	卖盘
14:47:17	25.67	--	218	559606	卖盘
14:47:11	25.67	-0.01	33	84711	卖盘
14:47:07	25.68	0.01	75	192600	买盘
14:47:02	25.67	-0.01	28	71876	卖盘
14:46:56	25.68	--	10	25680	买盘
14:46:52	25.68	0.01	186	477648	买盘
14:46:47	25.67	-0.02	470	1206490	卖盘
14:46:41	25.69	0.01	82	210658	买盘
14:46:37	25.68	0.01	72	184896	买盘
14:46:32	25.67	--	217	558579	买盘
14:46:26	25.67	0.01	25	64175	买盘
14:46:22	25.66	-0.03	226	580942	卖盘
14:46:17	25.69	--	134	344246	卖盘
14:46:11	25.69	0.01	47	120743	买盘
14:46:07	25.68	--	471	1209528	买盘
14:46:02	25.68	--	8	20544	买盘
14:45:56	25.68	0.01	41	105288	买盘
14:45:52	25.67	-0.01	43	110381	卖盘
14:45:47	25.68	-0.01	439	1127352	卖盘
14:45:41	25.69	-0.01	131	336539	卖盘
14:45:37	25.7	--	31	79670	卖盘
14:45:32	25.7	--	39	100230	买盘
14:45:26	25.7	--	40	102800	买盘
14:45:22	25.7	--	61	156770	卖盘
14:45:17	25.7	--	129	331530	买盘
14:45:07	25.7	--	83	213310	卖盘
14:45:02	25.7	0.01	20	51400	卖盘
14:44:56	25.69	-0.01	5	12845	卖盘
14:44:52	25.7	0.01	217	557690	卖盘
14:44:47	25.69	-0.01	52	133588	卖盘
14:44:41	25.7	--	7	17990	买盘
14:44:37	25.7	0.01	73	187610	买盘
14:44:32	25.69	--	49	125881	买盘
14:44:26	25.69	-0.01	87	223503	买盘
14:44:22	25.7	-0.03	162	416340	中性盘
14:44:17	25.73	--	96	247008	买盘
14:44:11	25.73	0.04	1	2573	买盘
14:44:07	25.69	--	21	53949	卖盘
14:44:02	25.69	--	298	765562	卖盘
14:43:56	25.69	--	20	51380	卖盘
14:43:52	25.69	0.01	488	1253672	买盘
14:43:47	25.68	-0.01	31	79608	卖盘
14:43:41	25.69	--	52	133588	买盘
14:43:37	25.69	-0.04	311	798959	卖盘
14:43:32	25.73	--	9	23157	买盘
14:43:26	25.73	-0.02	209	540072	卖盘
14:43:22	25.75	0.02	621	1599332	买盘
14:43:17	25.73	-0.01	64	166987	卖盘
14:43:11	25.74	0.01	104	267696	买盘
14:43:07	25.73	-0.02	127	326771	卖盘
14:43:02	25.75	--	47	121025	买盘
14:42:56	25.75	0.01	23	59225	买盘
14:42:50	25.74	-0.01	109	280566	卖盘
14:42:47	25.75	0.01	98	252350	买盘
14:42:41	25.74	--	5	12870	卖盘
14:42:36	25.74	0.01	71	183011	买盘
14:42:32	25.73	0.02	233	599509	买盘
14:42:26	25.71	--	81	208251	卖盘
14:42:20	25.71	0.01	65	167115	买盘
14:42:16	25.7	--	46	118220	买盘
14:42:11	25.7	-0.01	19	48830	卖盘
14:42:05	25.71	--	101	259671	买盘
14:42:01	25.71	--	24	61704	买盘
14:41:56	25.71	--	101	261984	买盘
14:41:50	25.71	--	8	20568	买盘
14:41:46	25.71	0.02	51	131378	买盘
14:41:41	25.69	-0.02	189	487853	卖盘
14:41:35	25.71	--	19	48849	买盘
14:41:31	25.71	0.02	21	53991	买盘
14:41:26	25.69	--	139	357347	卖盘
14:41:20	25.69	--	65	166985	卖盘
14:41:16	25.69	--	321	824649	买盘
14:41:11	25.69	--	117	300573	买盘
14:41:05	25.69	0.01	23	59087	买盘
14:41:01	25.68	0.01	217	557256	买盘
14:40:56	25.67	--	69	177123	卖盘
14:40:50	25.67	--	44	112948	卖盘
14:40:46	25.67	-0.01	72	184824	卖盘
14:40:41	25.68	0.01	80	205440	买盘
14:40:35	25.67	--	20	51340	卖盘
14:40:31	25.67	--	158	405586	卖盘
14:40:26	25.67	--	58	148886	卖盘
14:40:20	25.67	--	34	87278	卖盘
14:40:16	25.67	--	33	84711	卖盘
14:40:11	25.67	0.01	231	594517	买盘
14:40:05	25.66	-0.01	15	38490	卖盘
14:40:01	25.67	--	59	151453	买盘
14:39:56	25.67	-0.01	267	686415	卖盘
14:39:50	25.68	--	73	187464	卖盘
14:39:46	25.68	0.01	262	674356	买盘
14:39:41	25.67	--	566	1452922	卖盘
14:39:35	25.67	-0.01	39	100113	卖盘
14:39:31	25.68	--	10	25680	买盘
14:39:26	25.68	--	229	588072	买盘
14:39:20	25.68	--	65	166920	卖盘
14:39:16	25.68	--	82	210576	卖盘
14:39:11	25.68	-0.01	95	243960	卖盘
14:39:01	25.69	--	211	542059	买盘
14:38:56	25.69	--	63	161847	卖盘
14:38:50	25.69	--	50	128450	卖盘
14:38:46	25.69	0.01	23	59087	中性盘
14:38:41	25.68	-0.01	86	220848	卖盘
14:38:35	25.69	--	12	30828	买盘
14:38:31	25.69	--	25	64225	中性盘
14:38:26	25.69	-0.02	90	231210	卖盘
14:38:16	25.71	0.01	48	123408	买盘
14:38:11	25.7	-0.01	464	1192480	卖盘
14:38:05	25.71	-0.01	25	64275	卖盘
14:38:01	25.72	--	24	61728	买盘
14:37:56	25.72	--	23	59156	买盘
14:37:50	25.72	-0.02	82	210904	卖盘
14:37:46	25.74	0.01	92	236808	买盘
14:37:41	25.73	-0.01	55	141515	买盘
14:37:35	25.74	--	8	20592	买盘
14:37:31	25.74	--	169	435006	买盘
14:37:26	25.74	--	194	499355	卖盘
14:37:20	25.74	0.01	15	38610	卖盘
14:37:16	25.73	0.02	104	267592	买盘
14:37:11	25.71	-0.01	83	213393	卖盘
14:37:05	25.72	--	13	33436	买盘
14:37:01	25.72	0.01	27	69444	买盘
14:36:56	25.71	-0.01	59	151689	卖盘
14:36:50	25.72	--	29	74588	买盘
14:36:46	25.72	--	5	12860	买盘
14:36:41	25.72	0.01	2	5144	买盘
14:36:31	25.71	-0.04	136	349656	卖盘
14:36:26	25.75	--	22	56650	买盘
14:36:20	25.75	--	10	25750	买盘
14:36:14	25.75	--	37	95275	买盘
14:36:11	25.75	--	190	489250	卖盘
14:36:05	25.75	-0.04	147	378525	卖盘
14:36:00	25.79	0.03	78	201162	买盘
14:35:55	25.76	--	35	90160	买盘
14:35:50	25.76	--	71	182896	买盘
14:35:44	25.76	-0.03	816	2102016	卖盘
14:35:40	25.79	0.02	18	46422	买盘
14:35:35	25.77	-0.02	1	2577	卖盘
14:35:29	25.79	--	1	2579	买盘
14:35:25	25.79	--	33	85107	买盘
14:35:20	25.79	0.02	106	273374	买盘
14:35:14	25.77	--	1	2577	卖盘
14:35:10	25.77	0.01	154	396858	买盘
14:35:05	25.76	--	33	85008	买盘
14:34:59	25.76	0.01	9	23184	买盘
14:34:55	25.75	--	111	285825	卖盘
14:34:50	25.75	0.02	1	2575	卖盘
14:34:44	25.73	-0.03	50	128650	卖盘
14:34:40	25.76	0.03	127	327152	买盘
14:34:35	25.73	--	109	280457	卖盘
14:34:29	25.73	--	20	51460	卖盘
14:34:25	25.73	--	102	262446	卖盘
14:34:20	25.73	--	47	120931	买盘
14:34:14	25.73	0.01	3	7719	买盘
14:34:10	25.72	-0.01	105	270060	卖盘
14:34:05	25.73	--	108	277884	买盘
14:33:59	25.73	--	25	64325	买盘
14:33:55	25.73	0.02	90	231570	买盘
14:33:44	25.71	--	18	46278	买盘
14:33:40	25.71	0.01	90	231390	买盘
14:33:35	25.7	--	289	742730	卖盘
14:33:29	25.7	-0.01	11	28270	卖盘
14:33:25	25.71	0.01	392	1007832	卖盘
14:33:20	25.7	-0.01	325	835250	卖盘
14:33:14	25.71	0.01	34	87414	买盘
14:33:10	25.7	-0.01	91	233870	卖盘
14:33:05	25.71	0.01	78	200538	买盘
14:32:59	25.7	--	62	159340	卖盘
14:32:55	25.7	-0.01	96	246720	卖盘
14:32:50	25.71	-0.02	87	223677	卖盘
14:32:44	25.73	0.03	300	771900	买盘
14:32:40	25.7	-0.01	74	190180	卖盘
14:32:35	25.71	0.01	14	35994	买盘
14:32:29	25.7	--	1	2570	卖盘
14:32:25	25.7	-0.03	191	490870	卖盘
14:32:20	25.73	0.02	40	102920	买盘
14:32:14	25.71	-0.02	93	239103	中性盘
14:32:10	25.73	--	140	360220	卖盘
14:32:05	25.73	--	290	746170	卖盘
14:31:59	25.73	--	3	7719	卖盘
14:31:55	25.73	0.03	160	411680	买盘
14:31:50	25.7	0.02	441	1133370	买盘
14:31:44	25.68	-0.01	20	51360	卖盘
14:31:40	25.69	0.01	131	336539	买盘
14:31:35	25.68	0.01	300	770400	买盘
14:31:29	25.67	-0.01	174	446658	卖盘
14:31:25	25.68	0.01	214	549552	买盘
14:31:20	25.67	--	213	546771	卖盘
14:31:14	25.67	-0.01	93	238731	卖盘
14:31:10	25.68	0.01	176	451968	买盘
14:31:05	25.67	--	308	790636	卖盘
14:30:59	25.67	--	25	64175	卖盘
14:30:55	25.67	--	160	410720	买盘
14:30:50	25.67	0.01	339	870213	买盘
14:30:44	25.66	--	111	284826	卖盘
14:30:40	25.66	--	295	756970	卖盘
14:30:35	25.66	-0.01	79	202714	卖盘
14:30:29	25.67	--	82	210494	买盘
14:30:25	25.67	--	161	413287	买盘
14:30:20	25.67	-0.01	90	231030	卖盘
14:30:14	25.68	0.01	397	1019496	买盘
14:30:10	25.67	--	146	374782	卖盘
14:30:05	25.67	--	122	313174	卖盘
14:29:59	25.67	-0.01	216	554472	卖盘
14:29:55	25.68	0.01	214	549552	买盘
14:29:50	25.67	-0.02	109	279803	卖盘
14:29:44	25.69	0.01	57	146433	买盘
14:29:39	25.68	-0.02	42	107856	中性盘
14:29:34	25.7	--	135	346950	买盘
14:29:29	25.7	0.01	27	69390	中性盘
14:29:24	25.69	-0.01	129	331401	卖盘
14:29:20	25.7	-0.03	51	131070	卖盘
14:29:14	25.73	0.03	339	872247	买盘
14:29:08	25.7	--	33	84810	买盘
14:29:04	25.7	-0.05	612	1572840	卖盘
14:28:59	25.75	--	95	244625	买盘
14:28:53	25.75	--	118	303850	买盘
14:28:49	25.75	-0.01	144	370800	卖盘
14:28:44	25.76	--	94	242144	买盘
14:28:38	25.76	--	28	72128	买盘
14:28:34	25.76	-0.01	124	319424	中性盘
14:28:29	25.77	0.01	292	752484	买盘
14:28:23	25.76	-0.01	46	118496	卖盘
14:28:19	25.77	--	87	224199	买盘
14:28:14	25.77	--	373	961221	买盘
14:28:08	25.77	0.02	14	36078	买盘
14:28:04	25.75	-0.03	10	25750	卖盘
14:27:59	25.78	--	226	582628	买盘
14:27:53	25.78	0.03	34	87652	买盘
14:27:49	25.75	0.02	42	108150	中性盘
14:27:44	25.73	--	175	450275	卖盘
14:27:38	25.73	0.03	59	151807	买盘
14:27:34	25.7	-0.02	372	956040	卖盘
14:27:29	25.72	0.02	315	810180	买盘
14:27:23	25.7	-0.01	37	95090	卖盘
14:27:19	25.71	0.01	8	20568	买盘
14:27:14	25.7	0.02	190	488300	买盘
14:27:08	25.68	0.01	176	451968	中性盘
14:27:04	25.67	--	133	341411	买盘
14:26:59	25.67	--	130	333710	买盘
14:26:53	25.67	--	36	92412	买盘
14:26:49	25.67	--	278	713626	卖盘
14:26:44	25.67	--	458	1175686	卖盘
14:26:38	25.67	--	30	77010	卖盘
14:26:34	25.67	0.01	76	195092	买盘
14:26:29	25.66	-0.02	247	633802	卖盘
14:26:23	25.68	--	13	33384	买盘
14:26:19	25.68	--	118	303024	买盘
14:26:14	25.68	--	212	544416	卖盘
14:26:08	25.68	--	96	246528	卖盘
14:26:04	25.68	--	196	503328	卖盘
14:25:59	25.68	-0.02	277	711336	卖盘
14:25:53	25.7	--	45	115650	买盘
14:25:49	25.7	-0.01	994	2554580	卖盘
14:25:44	25.71	-0.01	286	735306	卖盘
14:25:38	25.72	--	204	524688	买盘
14:25:34	25.72	--	506	1301432	卖盘
14:25:29	25.72	-0.01	96	246912	卖盘
14:25:23	25.73	0.01	20	51460	买盘
14:25:19	25.72	-0.01	788	2027610	卖盘
14:25:14	25.73	-0.01	327	843069	卖盘
14:25:08	25.74	--	514	1323036	买盘
14:25:04	25.74	--	80	205920	买盘
14:24:59	25.74	--	290	747335	卖盘
14:24:53	25.74	-0.02	86	221364	卖盘
14:24:49	25.76	0.02	354	911904	买盘
14:24:44	25.74	-0.01	72	185328	卖盘
14:24:38	25.75	-0.01	70	180250	卖盘
14:24:34	25.76	--	234	602784	买盘
14:24:29	25.76	--	248	638873	买盘
14:24:23	25.76	--	41	105616	买盘
14:24:19	25.76	--	315	811440	买盘
14:24:14	25.76	--	50	128800	买盘
14:24:08	25.76	--	88	226688	卖盘
14:24:04	25.76	0.01	12	30912	卖盘
14:23:59	25.75	-0.03	5	12875	卖盘
14:23:53	25.78	0.03	23	59294	中性盘
14:23:49	25.75	-0.03	1006	2590450	卖盘
14:23:44	25.78	-0.01	21	54138	卖盘
14:23:38	25.79	-0.01	3	7737	买盘
14:23:32	25.8	0.02	43	110940	买盘
14:23:28	25.78	--	96	247488	卖盘
14:23:23	25.78	-0.02	17	43826	卖盘
14:23:19	25.8	-0.02	29	74820	中性盘
14:23:13	25.82	--	100	258200	买盘
14:23:08	25.82	--	461	1190302	卖盘
14:23:02	25.82	-0.01	4	10328	卖盘
14:22:58	25.83	--	8	20664	买盘
14:22:53	25.83	-0.01	174	449441	卖盘
14:22:47	25.84	--	15	38760	卖盘
14:22:43	25.84	-0.01	317	819128	卖盘
14:22:38	25.85	--	5	12925	买盘
14:22:32	25.85	--	13	33605	卖盘
14:22:28	25.85	--	132	341220	卖盘
14:22:23	25.85	--	45	116325	卖盘
14:22:17	25.85	-0.01	1	2585	卖盘
14:22:13	25.86	--	13	33618	买盘
14:22:08	25.86	-0.01	422	1091292	卖盘
14:22:02	25.87	--	60	155220	买盘
14:21:58	25.87	0.01	88	227656	买盘
14:21:53	25.86	-0.03	186	480996	卖盘
14:21:43	25.89	0.01	128	331392	买盘
14:21:38	25.88	-0.01	5	12940	卖盘
14:21:32	25.89	0.03	100	258900	买盘
14:21:28	25.86	--	34	87924	卖盘
14:21:23	25.86	-0.01	7	18102	卖盘
14:21:17	25.87	--	3	7761	买盘
14:21:13	25.87	-0.02	34	87958	买盘
14:21:08	25.89	--	160	414240	买盘
14:20:53	25.89	--	64	165696	卖盘
14:20:47	25.89	-0.01	12	31068	卖盘
14:20:43	25.9	--	22	56980	买盘
14:20:32	25.9	--	20	51800	买盘
14:20:28	25.9	--	96	248640	卖盘
14:20:23	25.9	-0.04	227	587930	卖盘
14:20:17	25.94	--	12	31128	买盘
14:20:13	25.94	0.04	129	334626	买盘
14:20:08	25.9	-0.03	34	88060	卖盘
14:20:02	25.93	-0.01	50	129650	卖盘
14:19:58	25.94	0.01	359	931246	买盘
14:19:53	25.93	--	48	124464	买盘
14:19:47	25.93	--	13	33709	买盘
14:19:43	25.93	0.03	277	718261	买盘
14:19:38	25.9	-0.02	451	1168090	卖盘
14:19:32	25.92	0.02	169	438048	买盘
14:19:28	25.9	0.03	307	795130	买盘
14:19:23	25.87	0.01	42	108654	买盘
14:19:13	25.86	--	71	183606	买盘
14:19:08	25.86	0.03	3	7758	买盘
14:19:02	25.83	-0.02	12	30995	卖盘
14:18:58	25.85	0.02	2	5170	买盘
14:18:53	25.83	-0.03	5	12915	卖盘
14:18:47	25.86	0.03	200	517200	买盘
14:18:43	25.83	--	10	25830	卖盘
14:18:38	25.83	-0.02	65	167895	中性盘
14:18:32	25.85	0.03	200	517000	买盘
14:18:28	25.82	--	28	72296	卖盘
14:18:23	25.82	--	62	160084	买盘
14:18:13	25.82	--	2	5164	买盘
14:18:08	25.82	--	97	250454	卖盘
14:18:02	25.82	-0.01	116	299512	卖盘
14:17:58	25.83	--	70	180810	买盘
14:17:53	25.83	--	167	431361	买盘
14:17:47	25.83	--	22	56825	买盘
14:17:43	25.83	--	120	309960	买盘
14:17:38	25.83	--	10	25830	买盘
14:17:32	25.83	--	6	15497	买盘
14:17:27	25.83	--	7	18081	买盘
14:17:22	25.83	-0.02	88	227303	卖盘
14:17:17	25.85	0.02	3	7755	买盘
14:17:11	25.83	-0.01	317	818811	卖盘
14:17:07	25.84	0.01	42	108528	买盘
14:17:02	25.83	--	6	15497	卖盘
14:16:58	25.83	--	112	289296	卖盘
14:16:53	25.83	-0.01	19	49077	卖盘
14:16:47	25.84	--	31	80104	买盘
14:16:41	25.84	--	52	134368	买盘
14:16:37	25.84	-0.01	18	46512	卖盘
14:16:32	25.85	--	85	219725	卖盘
14:16:26	25.85	-0.01	16	41360	卖盘
14:16:22	25.86	--	59	152574	买盘
14:16:17	25.86	0.01	9	23274	买盘
14:16:11	25.85	-0.01	5	12925	卖盘
14:16:07	25.86	0.01	6	15516	买盘
14:16:02	25.85	--	54	139590	卖盘
14:15:56	25.85	--	283	731555	买盘
14:15:52	25.85	--	40	103400	买盘
14:15:47	25.85	--	2	5170	买盘
14:15:41	25.85	0.03	12	31020	买盘
14:15:37	25.82	-0.01	7	18074	卖盘
14:15:32	25.83	--	18	46494	卖盘
14:15:26	25.83	0.02	108	278964	买盘
14:15:22	25.81	-0.02	214	552334	卖盘
14:15:17	25.83	0.01	4	10332	买盘
14:15:11	25.82	-0.01	8	20656	卖盘
14:15:07	25.83	0.01	1	2583	买盘
14:15:02	25.82	--	294	759108	买盘
14:14:56	25.82	--	3	7746	买盘
14:14:52	25.82	0.01	13	33566	中性盘
14:14:47	25.81	--	81	209061	卖盘
14:14:41	25.81	--	1	2581	卖盘
14:14:37	25.81	-0.01	31	80011	卖盘
14:14:32	25.82	0.01	12	30984	买盘
14:14:26	25.81	--	0	0	卖盘
14:14:22	25.81	-0.02	236	609116	卖盘
14:14:17	25.83	--	136	351288	买盘
14:14:11	25.83	--	5	12915	买盘
14:14:07	25.83	--	38	98154	买盘
14:14:02	25.83	-0.02	42	108486	卖盘
14:13:56	25.85	-0.01	48	124080	卖盘
14:13:52	25.86	--	387	1000782	买盘
14:13:47	25.86	0.01	18	46548	买盘
14:13:41	25.85	--	9	23265	卖盘
14:13:32	25.85	0.01	130	336050	买盘
14:13:22	25.84	-0.01	30	77520	卖盘
14:13:17	25.85	0.02	42	108570	买盘
14:13:11	25.83	-0.01	10	25830	买盘
14:13:07	25.84	--	49	126616	买盘
14:13:02	25.84	0.03	55	142120	买盘
14:12:52	25.81	0.01	41	105821	中性盘
14:12:47	25.8	-0.01	33	85140	卖盘
14:12:41	25.81	--	5	12905	卖盘
14:12:37	25.81	--	63	162603	买盘
14:12:32	25.81	--	24	61944	买盘
14:12:26	25.81	--	2	5162	买盘
14:12:22	25.81	-0.03	35	90335	卖盘
14:12:17	25.84	0.02	1285	3322119	买盘
14:12:07	25.82	--	38	98116	买盘
14:12:02	25.82	0.02	22	56804	买盘
14:11:56	25.8	0.01	13	33540	卖盘
14:11:52	25.79	-0.03	81	208899	卖盘
14:11:47	25.82	0.02	133	343406	买盘
14:11:37	25.8	0.01	12	30960	买盘
14:11:32	25.79	--	118	304322	买盘
14:11:26	25.79	0.01	65	167635	买盘
14:11:22	25.78	-0.01	249	641922	卖盘
14:11:17	25.79	0.01	330	851070	买盘
14:11:11	25.78	-0.01	4	10312	卖盘
14:11:05	25.79	--	38	98002	买盘
14:11:01	25.79	0.01	307	791753	买盘
14:10:50	25.78	-0.01	1037	2673386	卖盘
14:10:46	25.79	--	176	453904	买盘
14:10:41	25.79	0.01	6	15474	买盘
14:10:35	25.78	0.01	8	20624	卖盘
14:10:31	25.77	--	249	641673	卖盘
14:10:26	25.77	-0.01	55	141735	卖盘
14:10:20	25.78	--	3	7734	买盘
14:10:16	25.78	0.01	121	311938	买盘
14:10:11	25.77	-0.01	8	20616	卖盘
14:10:05	25.78	0.01	6	15468	买盘
14:10:01	25.77	--	50	128850	卖盘
14:09:56	25.77	-0.01	84	216468	卖盘
14:09:50	25.78	0.01	76	195928	买盘
14:09:46	25.77	--	58	149466	买盘
14:09:41	25.77	--	79	203583	卖盘
14:09:35	25.77	--	126	324702	卖盘
14:09:31	25.77	--	194	499938	卖盘
14:09:26	25.77	--	77	198429	卖盘
14:09:20	25.77	-0.01	49	126273	卖盘
14:09:16	25.78	0.01	60	154680	买盘
14:09:11	25.77	-0.02	225	579825	卖盘
14:09:05	25.79	--	0	0	买盘
14:09:01	25.79	0.01	109	281111	买盘
14:08:56	25.78	--	232	598096	卖盘
14:08:46	25.78	--	82	211396	卖盘
14:08:41	25.78	-0.01	51	131478	卖盘
14:08:35	25.79	--	61	157319	买盘
14:08:31	25.79	--	413	1065127	卖盘
14:08:26	25.79	--	30	77370	卖盘
14:08:20	25.79	--	46	118634	卖盘
14:08:16	25.79	-0.01	43	110897	卖盘
14:08:11	25.8	0.01	12	30960	买盘
14:08:05	25.79	-0.01	30	77370	卖盘
14:08:01	25.8	--	7	18060	买盘
14:07:56	25.8	0.01	300	774000	买盘
14:07:50	25.79	--	91	234689	卖盘
14:07:46	25.79	--	105	270795	卖盘
14:07:41	25.79	-0.01	107	275953	卖盘
14:07:35	25.8	--	13	33540	买盘
14:07:31	25.8	--	79	203820	买盘
14:07:26	25.8	--	176	454080	卖盘
14:07:20	25.8	-0.02	50	129000	卖盘
14:07:16	25.82	-0.01	15	38730	卖盘
14:07:11	25.83	0.01	152	392616	买盘
14:07:05	25.82	0.02	8	20656	买盘
14:07:01	25.8	-0.03	502	1295160	卖盘
14:06:56	25.83	--	140	361620	买盘
14:06:50	25.83	0.01	49	126566	买盘
14:06:46	25.82	-0.01	26	67132	卖盘
14:06:41	25.83	--	8	20664	买盘
14:06:35	25.83	0.01	133	343539	买盘
14:06:31	25.82	--	35	90370	买盘
14:06:26	25.82	--	85	219470	买盘
14:06:20	25.82	--	16	41312	买盘
14:06:16	25.82	--	39	100698	买盘
14:06:11	25.82	--	41	105862	买盘
14:06:05	25.82	--	110	284020	买盘
14:06:01	25.82	--	157	405374	卖盘
14:05:56	25.82	--	31	80042	买盘
14:05:50	25.82	--	133	343406	买盘
14:05:46	25.82	--	55	142010	买盘
14:05:41	25.82	--	4	10328	买盘
14:05:35	25.82	0.02	50	129100	买盘
14:05:30	25.8	--	66	170280	卖盘
14:05:26	25.8	--	134	345720	买盘
14:05:16	25.8	0.04	136	350880	买盘
14:05:11	25.76	-0.01	47	121072	卖盘
14:05:05	25.77	-0.03	22	56694	卖盘
14:05:01	25.8	--	82	211560	买盘
14:04:56	25.8	0.04	86	221880	买盘
14:04:50	25.76	-0.04	330	850080	卖盘
14:04:46	25.8	--	11	28380	买盘
14:04:40	25.8	0.03	157	405060	买盘
14:04:35	25.77	-0.01	41	105657	卖盘
14:04:30	25.78	0.03	156	402168	买盘
14:04:25	25.75	-0.01	194	499550	卖盘
14:04:20	25.76	--	910	2344160	卖盘
14:04:14	25.76	--	44	113344	卖盘
14:04:10	25.76	-0.01	27	69552	卖盘
14:04:05	25.77	--	79	203583	买盘
14:03:59	25.77	0.01	35	90195	买盘
14:03:55	25.76	-0.01	27	69552	卖盘
14:03:50	25.77	--	82	211314	买盘
14:03:44	25.77	0.01	13	33501	买盘
14:03:40	25.76	-0.01	391	1007216	卖盘
14:03:35	25.77	-0.01	391	1007607	卖盘
14:03:29	25.78	0.01	1	2578	买盘
14:03:25	25.77	0.01	467	1203459	中性盘
14:03:20	25.76	-0.02	280	721280	卖盘
14:03:14	25.78	0.01	52	134056	买盘
14:03:10	25.77	-0.01	250	644250	卖盘
14:03:05	25.78	--	155	399590	买盘
14:02:59	25.78	--	33	85074	买盘
14:02:55	25.78	0.01	7	18046	买盘
14:02:50	25.77	-0.02	168	432936	卖盘
14:02:44	25.79	--	99	255321	买盘
14:02:40	25.79	-0.01	378	974862	卖盘
14:02:35	25.8	-0.04	775	1999500	卖盘
14:02:29	25.84	--	23	59432	买盘
14:02:25	25.84	0.01	53	136952	买盘
14:02:20	25.83	-0.01	146	377118	卖盘
14:02:14	25.84	0.01	10	25840	买盘
14:02:10	25.83	--	97	250550	买盘
14:02:05	25.83	--	69	178227	买盘
14:01:59	25.83	0.04	17	43911	买盘
14:01:55	25.79	-0.01	276	711804	卖盘
14:01:50	25.8	0.01	34	87720	买盘
14:01:44	25.79	--	107	275953	买盘
14:01:40	25.79	0.02	158	407482	买盘
14:01:35	25.77	--	61	157197	卖盘
14:01:29	25.77	-0.03	16	41232	卖盘
14:01:25	25.8	0.05	315	812700	买盘
14:01:20	25.75	--	90	231750	卖盘
14:01:14	25.75	--	86	221450	买盘
14:01:10	25.75	--	248	638600	买盘
14:01:05	25.75	-0.04	214	551050	卖盘
14:00:59	25.79	0.04	1488	3837552	买盘
14:00:55	25.75	--	450	1158750	卖盘
14:00:50	25.75	-0.01	441	1135575	卖盘
14:00:44	25.76	--	184	473984	卖盘
14:00:40	25.76	-0.01	153	394128	卖盘
14:00:35	25.77	--	524	1350348	卖盘
14:00:29	25.77	0.02	204	525708	买盘
14:00:25	25.75	-0.04	494	1272050	卖盘
14:00:20	25.79	0.01	602	1552558	买盘
14:00:14	25.78	-0.02	189	487242	卖盘
14:00:10	25.8	--	160	412800	买盘
14:00:05	25.8	-0.03	729	1880820	卖盘
13:59:59	25.83	-0.01	9	23247	卖盘
13:59:55	25.84	--	50	129200	卖盘
13:59:50	25.84	--	346	894064	买盘
13:59:44	25.84	-0.01	1550	4005200	卖盘
13:59:40	25.85	0.01	90	232650	买盘
13:59:34	25.84	0.01	421	1087864	中性盘
13:59:29	25.83	-0.01	39	100737	卖盘
13:59:25	25.84	-0.01	309	798456	卖盘
13:59:20	25.85	-0.02	280	723800	卖盘
13:59:14	25.87	--	5	12935	买盘
13:59:10	25.87	-0.01	314	812318	卖盘
13:59:05	25.88	--	19	49172	买盘
13:58:59	25.88	-0.04	462	1195656	卖盘
13:58:55	25.92	0.01	105	272160	买盘
13:58:50	25.91	0.02	189	489699	中性盘
13:58:44	25.89	-0.01	124	321036	卖盘
13:58:40	25.9	-0.02	1105	2861950	卖盘
13:58:35	25.92	-0.01	98	254016	卖盘
13:58:29	25.93	--	38	98534	买盘
13:58:25	25.93	--	220	570460	买盘
13:58:20	25.93	--	97	251521	买盘
13:58:14	25.93	--	21	54453	买盘
13:58:09	25.93	--	27	70011	买盘
13:58:04	25.93	--	36	93348	买盘
13:57:59	25.93	-0.01	177	458961	卖盘
13:57:54	25.94	--	44	114136	买盘
13:57:49	25.94	--	53	137482	买盘
13:57:44	25.94	--	46	119324	买盘
13:57:38	25.94	--	16	41504	买盘
13:57:34	25.94	-0.01	350	907900	卖盘
13:57:29	25.95	0.01	359	931605	买盘
13:57:23	25.94	--	112	290528	买盘
13:57:19	25.94	--	207	536958	买盘
13:57:14	25.94	-0.01	283	734102	卖盘
13:57:08	25.95	--	104	269880	买盘
13:57:04	25.95	--	22	57090	买盘
13:56:59	25.95	--	136	352920	买盘
13:56:49	25.95	--	50	129750	买盘
13:56:44	25.95	--	16	41520	买盘
13:56:38	25.95	--	52	134940	买盘
13:56:34	25.95	-0.04	1353	3511035	卖盘
13:56:29	25.99	--	387	1005812	卖盘
13:56:23	25.99	-0.01	61	158539	卖盘
13:56:19	26.0	--	383	995800	买盘
13:56:14	26.0	--	27	70200	买盘
13:56:04	26.0	-0.04	603	1567800	卖盘
13:55:53	26.04	--	8	20832	买盘
13:55:49	26.04	-0.01	11	28644	卖盘
13:55:44	26.05	--	36	93780	买盘
13:55:38	26.05	-0.02	206	536630	卖盘
13:55:34	26.07	--	31	80817	买盘
13:55:29	26.07	-0.02	70	182490	卖盘
13:55:23	26.09	-0.01	44	114796	卖盘
13:55:19	26.1	--	71	185310	卖盘
13:55:14	26.1	0.03	28	73080	买盘
13:55:08	26.07	--	28	72996	卖盘
13:55:04	26.07	-0.03	11	28677	中性盘
13:54:59	26.1	0.04	258	673380	买盘
13:54:53	26.06	-0.03	11	28666	卖盘
13:54:49	26.09	--	74	193066	买盘
13:54:44	26.09	-0.01	29	75661	中性盘
13:54:38	26.1	0.01	53	138330	买盘
13:54:34	26.09	0.04	27	70443	买盘
13:54:29	26.05	-0.04	3	7815	卖盘
13:54:23	26.09	0.05	30	78270	买盘
13:54:19	26.04	-0.01	38	98952	卖盘
13:54:14	26.05	0.01	20	52100	中性盘
13:54:08	26.04	-0.06	354	921816	卖盘
13:54:04	26.1	0.06	657	1714770	买盘
13:53:59	26.04	0.02	100	260400	买盘
13:53:49	26.02	--	45	117090	卖盘
13:53:44	26.02	--	1	2602	卖盘
13:53:34	26.02	0.02	6	15612	买盘
13:53:29	26.0	--	18	46800	卖盘
13:53:23	26.0	--	2	5200	卖盘
13:53:19	26.0	--	11	28600	卖盘
13:53:13	26.0	0.01	688	1788800	买盘
13:53:08	25.99	-0.01	13	33787	卖盘
13:53:04	26.0	--	32	83200	买盘
13:52:59	26.0	--	64	166400	买盘
13:52:49	26.0	-0.05	1086	2823600	卖盘
13:52:43	26.05	0.03	196	510580	买盘
13:52:38	26.02	-0.02	51	132702	中性盘
13:52:34	26.04	-0.01	17	44268	买盘
13:52:29	26.05	0.03	4	10420	买盘
13:52:23	26.02	0.02	90	234180	中性盘
13:52:19	26.0	-0.02	119	309400	卖盘
13:52:13	26.02	--	47	122294	买盘
13:52:08	26.02	0.01	55	143110	买盘
13:52:03	26.01	-0.01	19	49419	中性盘
13:51:59	26.02	0.02	5	13010	买盘
13:51:53	26.0	-0.02	30	78000	卖盘
13:51:47	26.02	0.02	1	2602	买盘
13:51:43	26.0	--	3	10010	买盘
13:51:38	26.0	--	28	72800	买盘
13:51:33	26.0	--	94	244400	买盘
13:51:28	26.0	--	23	59800	买盘
13:51:23	26.0	0.03	5	13000	买盘
13:51:17	25.97	--	1	2597	卖盘
13:51:13	25.97	--	10	25970	卖盘
13:51:08	25.97	0.01	5	12985	中性盘
13:51:02	25.96	--	47	122012	卖盘
13:50:58	25.96	--	17	44132	卖盘
13:50:53	25.96	--	127	329692	买盘
13:50:43	25.96	0.01	7	18172	买盘
13:50:38	25.95	0.01	25	64875	买盘
13:50:32	25.94	-0.01	3	7782	卖盘
13:50:28	25.95	0.01	163	422985	买盘
13:50:23	25.94	-0.01	117	303498	卖盘
13:50:17	25.95	--	48	124560	买盘
13:50:13	25.95	--	203	526785	卖盘
13:50:08	25.95	--	23	59685	买盘
13:50:02	25.95	--	184	477480	卖盘
13:49:58	25.95	--	127	329565	买盘
13:49:53	25.95	--	270	700650	买盘
13:49:47	25.95	--	34	88230	买盘
13:49:43	25.95	--	41	106395	买盘
13:49:38	25.95	-0.02	377	978315	卖盘
13:49:28	25.97	0.01	85	220745	买盘
13:49:23	25.96	--	128	332288	买盘
13:49:17	25.96	0.02	42	109032	买盘
13:49:13	25.94	-0.01	260	674440	卖盘
13:49:08	25.95	--	67	173865	买盘
13:49:02	25.95	--	16	41520	买盘
13:48:58	25.95	-0.01	333	864135	卖盘
13:48:53	25.96	-0.02	154	399784	卖盘
13:48:47	25.98	--	26	67548	买盘
13:48:43	25.98	--	14	36372	买盘
13:48:38	25.98	--	27	70146	买盘
13:48:32	25.98	-0.01	24	62352	中性盘
13:48:28	25.99	--	141	366459	买盘
13:48:23	25.99	-0.01	74	192326	卖盘
13:48:17	26.0	--	22	57200	买盘
13:48:13	26.0	--	47	122200	买盘
13:48:08	26.0	--	50	130000	买盘
13:48:02	26.0	-0.04	209	543790	卖盘
13:47:58	26.04	--	56	145824	买盘
13:47:47	26.04	--	4	10416	买盘
13:47:43	26.04	--	48	124992	买盘
13:47:38	26.04	--	94	244776	买盘
13:47:28	26.04	--	3	7812	买盘
13:47:23	26.04	--	2	5208	买盘
13:47:13	26.04	0.04	20	52080	卖盘
13:47:07	26.0	-0.06	422	1097200	卖盘
13:47:02	26.06	--	2	5212	买盘
13:46:58	26.06	--	10	26060	买盘
13:46:53	26.06	--	53	138118	买盘
13:46:43	26.06	-0.02	10	26060	卖盘
13:46:37	26.08	0.08	29	75632	买盘
13:46:28	26.0	-0.04	385	1001000	卖盘
13:46:22	26.04	--	23	59892	买盘
13:46:17	26.04	--	3	7812	买盘
13:46:13	26.04	-0.01	27	70308	中性盘
13:46:08	26.05	0.02	12	31260	买盘
13:45:58	26.03	0.03	13	33839	中性盘
13:45:53	26.0	-0.03	151	392600	卖盘
13:45:47	26.03	0.03	25	65075	买盘
13:45:42	26.0	--	355	925210	买盘
13:45:37	26.0	0.01	660	1716000	买盘
13:45:32	25.99	-0.02	238	618562	卖盘
13:45:26	26.01	--	50	130050	卖盘
13:45:22	26.01	-0.06	143	371943	卖盘
13:45:17	26.07	0.01	63	164241	买盘
13:45:13	26.06	0.05	41	106846	买盘
13:45:07	26.01	-0.04	350	910350	卖盘
13:45:02	26.05	--	34	88570	卖盘
13:44:56	26.05	0.02	609	1586445	买盘
13:44:52	26.03	-0.01	400	1041200	卖盘
13:44:41	26.04	0.02	14	36456	买盘
13:44:37	26.02	0.01	28	72856	中性盘
13:44:32	26.01	0.01	2	5202	买盘
13:44:26	26.0	0.01	122	317200	买盘
13:44:22	25.99	-0.01	65	168935	卖盘
13:44:17	26.0	--	103	267800	买盘
13:44:11	26.0	--	31	80600	买盘
13:44:07	26.0	--	23	59800	买盘
13:44:02	26.0	0.02	31	80600	买盘
13:43:56	25.98	-0.02	19	49362	卖盘
13:43:52	26.0	0.02	71	184600	买盘
13:43:47	25.98	-0.02	40	103920	卖盘
13:43:41	26.0	0.02	28	72800	买盘
13:43:37	25.98	0.01	260	675480	买盘
13:43:32	25.97	-0.01	76	197372	卖盘
13:43:26	25.98	--	25	64950	买盘
13:43:22	25.98	--	45	116910	买盘
13:43:17	25.98	-0.02	342	888516	卖盘
13:43:07	26.0	0.01	56	145600	买盘
13:43:02	25.99	--	120	311880	买盘
13:42:56	25.99	--	1	2599	买盘
13:42:52	25.99	-0.01	151	392449	卖盘
13:42:47	26.0	0.02	199	517400	买盘
13:42:41	25.98	--	199	517002	卖盘
13:42:37	25.98	-0.02	51	132498	卖盘
13:42:32	26.0	--	3	7800	买盘
13:42:22	26.0	-0.02	185	481000	卖盘
13:42:17	26.02	-0.03	40	104080	卖盘
13:42:11	26.05	-0.01	26	67730	买盘
13:42:07	26.06	0.03	20	52120	买盘
13:42:02	26.03	-0.02	20	52060	卖盘
13:41:52	26.05	0.07	3	7815	中性盘
13:41:47	25.98	-0.05	488	1267824	卖盘
13:41:41	26.03	0.01	451	1173953	买盘
13:41:37	26.02	0.02	55	143110	中性盘
13:41:32	26.0	0.02	46	119600	买盘
13:41:26	25.98	--	0	0	卖盘
13:41:22	25.98	--	25	64950	买盘
13:41:17	25.98	0.02	21	54558	买盘
13:41:11	25.96	-0.02	102	264792	中性盘
13:41:07	25.98	0.01	234	607932	买盘
13:41:01	25.97	0.01	82	212954	买盘
13:40:56	25.96	-0.01	33	85668	中性盘
13:40:52	25.97	0.02	150	389550	买盘
13:40:46	25.95	-0.01	195	506025	卖盘
13:40:41	25.96	-0.01	70	181720	卖盘
13:40:37	25.97	--	19	49343	买盘
13:40:32	25.97	-0.01	735	1908795	卖盘
13:40:26	25.98	-0.01	146	379308	卖盘
13:40:21	25.99	-0.01	54	140346	卖盘
13:40:16	26.0	--	45	117000	买盘
13:40:11	26.0	--	57	148200	卖盘
13:40:07	26.0	-0.08	1403	3647800	卖盘
13:40:01	26.08	0.02	73	190384	买盘
13:39:56	26.06	-0.02	49	127694	买盘
13:39:51	26.08	0.05	19	49552	买盘
13:39:46	26.03	-0.03	18	46854	卖盘
13:39:41	26.06	-0.02	30	78180	卖盘
13:39:36	26.08	--	60	156480	买盘
13:39:31	26.08	--	122	318280	卖盘
13:39:22	26.08	--	23	59983	买盘
13:39:16	26.08	-0.03	28	73024	卖盘
13:39:11	26.11	0.03	31	80941	买盘
13:39:06	26.08	--	52	135616	卖盘
13:39:01	26.08	-0.06	65	169520	卖盘
13:38:56	26.14	0.01	302	789428	买盘
13:38:50	26.13	--	0	0	买盘
13:38:46	26.13	-0.02	383	1000779	中性盘
13:38:41	26.15	--	87	227505	买盘
13:38:35	26.15	-0.01	457	1195055	卖盘
13:38:31	26.16	0.01	32	83712	买盘
13:38:26	26.15	0.01	247	645905	买盘
13:38:20	26.14	0.05	2	5228	中性盘
13:38:16	26.09	0.03	19	49571	卖盘
13:38:11	26.06	-0.03	50	130300	卖盘
13:38:05	26.09	-0.01	43	112187	卖盘
13:38:01	26.1	0.05	41	107010	买盘
13:37:56	26.05	--	29	75545	卖盘
13:37:50	26.05	--	7	18235	卖盘
13:37:46	26.05	0.01	472	1232060	买盘
13:37:41	26.04	0.04	36	93744	买盘
13:37:35	26.0	0.01	305	793000	买盘
13:37:31	25.99	-0.01	240	623760	卖盘
13:37:26	26.0	--	421	1094600	买盘
13:37:20	26.0	--	9	23400	买盘
13:37:16	26.0	-0.04	674	1752400	卖盘
13:37:11	26.04	0.04	86	223944	买盘
13:37:05	26.0	--	82	213200	买盘
13:37:01	26.0	--	391	1016600	买盘
13:36:56	26.0	-0.01	774	2012400	卖盘
13:36:50	26.01	-0.03	48	124848	卖盘
13:36:46	26.04	0.01	95	247380	买盘
13:36:41	26.03	-0.05	248	645648	卖盘
13:36:35	26.08	0.03	109	284272	买盘
13:36:31	26.05	--	251	653855	买盘
13:36:26	26.05	-0.05	648	1688040	卖盘
13:36:20	26.1	--	5	13050	买盘
13:36:16	26.1	--	174	454140	买盘
13:36:11	26.1	-0.07	1121	2926854	卖盘
13:36:05	26.17	0.01	165	431805	买盘
13:36:01	26.16	-0.01	58	151728	中性盘
13:35:56	26.17	-0.01	156	408252	卖盘
13:35:50	26.18	--	186	486948	买盘
13:35:46	26.18	--	65	170170	买盘
13:35:41	26.18	0.02	280	733040	买盘
13:35:35	26.16	-0.02	24	62784	卖盘
13:35:31	26.18	0.05	31	81158	买盘
13:35:26	26.13	-0.02	111	290043	卖盘
13:35:20	26.15	-0.02	493	1289195	买盘
13:35:16	26.17	-0.02	203	531251	中性盘
13:35:11	26.19	--	86	225234	买盘
13:35:05	26.19	--	7	18333	买盘
13:35:01	26.19	0.05	1339	3506841	买盘
13:34:56	26.14	-0.06	477	1246878	卖盘
13:34:50	26.2	--	90	235800	买盘
13:34:46	26.2	--	180	471600	买盘
13:34:41	26.2	-0.01	744	1949673	卖盘
13:34:35	26.21	0.01	31	83478	买盘
13:34:31	26.2	--	31	81220	卖盘
13:34:25	26.2	0.04	1268	3322160	买盘
13:34:20	26.16	0.03	2	5232	买盘
13:34:16	26.13	-0.01	218	569634	卖盘
13:34:10	26.14	-0.01	13	33982	卖盘
13:34:05	26.15	--	4	10460	买盘
13:34:01	26.15	-0.03	41	107215	买盘
13:33:55	26.18	0.05	58	151844	买盘
13:33:50	26.13	-0.05	67	175071	卖盘
13:33:45	26.18	--	30	78540	卖盘
13:33:40	26.18	0.01	399	1044582	买盘
13:33:35	26.17	0.02	98	256466	买盘
13:33:31	26.15	-0.03	80	209200	卖盘
13:33:25	26.18	-0.01	1131	2960958	卖盘
13:33:20	26.19	0.03	158	413802	买盘
13:33:15	26.16	-0.01	150	392400	卖盘
13:33:10	26.17	-0.01	186	486762	卖盘
13:33:05	26.18	--	70	183260	卖盘
13:33:01	26.18	--	261	683298	买盘
13:32:55	26.18	--	113	295834	买盘
13:32:45	26.18	0.02	117	306306	买盘
13:32:40	26.16	0.01	26	68016	买盘
13:32:35	26.15	0.02	86	224890	卖盘
13:32:29	26.13	-0.03	454	1186302	卖盘
13:32:25	26.16	--	80	209280	买盘
13:32:20	26.16	--	60	156960	买盘
13:32:14	26.16	-0.01	23	60168	买盘
13:32:10	26.17	-0.01	132	345444	卖盘
13:32:05	26.18	0.02	41	107338	买盘
13:31:59	26.16	--	10	26160	卖盘
13:31:55	26.16	-0.02	109	285144	卖盘
13:31:50	26.18	-0.02	132	345576	中性盘
13:31:44	26.2	--	170	445400	买盘
13:31:40	26.2	--	213	558060	买盘
13:31:35	26.2	-0.02	163	428239	卖盘
13:31:29	26.22	-0.03	7	18354	中性盘
13:31:25	26.25	0.03	651	1708875	买盘
13:31:20	26.22	-0.05	275	721050	卖盘
13:31:14	26.27	0.04	48	126096	买盘
13:31:10	26.23	-0.03	1066	2796118	卖盘
13:31:05	26.26	0.01	1046	2746796	买盘
13:30:59	26.25	0.01	119	312375	买盘
13:30:55	26.24	0.04	101	265024	买盘
13:30:50	26.2	-0.01	128	335360	卖盘
13:30:44	26.21	0.01	1505	3946046	买盘
13:30:40	26.2	0.01	166	434920	买盘
13:30:35	26.19	0.01	50	130950	买盘
13:30:29	26.18	--	805	2107490	买盘
13:30:25	26.18	0.03	360	942480	买盘
13:30:20	26.15	0.02	97	253655	买盘
13:30:14	26.13	--	34	88842	卖盘
13:30:10	26.13	0.01	11	28743	中性盘
13:30:05	26.12	0.02	221	577252	买盘
13:29:59	26.1	0.01	131	343476	买盘
13:29:55	26.09	--	49	127841	买盘
13:29:50	26.09	0.02	94	245246	买盘
13:29:44	26.07	--	1	2607	卖盘
13:29:40	26.07	0.02	18	46926	买盘
13:29:35	26.05	0.01	295	770975	买盘
13:29:29	26.04	0.01	98	255192	买盘
13:29:25	26.03	-0.01	65	169195	中性盘
13:29:20	26.04	--	50	130200	买盘
13:29:14	26.04	--	0	0	买盘
13:29:10	26.04	0.04	178	463512	买盘
13:29:05	26.0	--	3	7800	卖盘
13:28:59	26.0	0.02	614	1596400	买盘
13:28:55	25.98	0.01	16	41568	买盘
13:28:50	25.97	0.01	24	62328	买盘
13:28:44	25.96	-0.01	24	62304	中性盘
13:28:39	25.97	0.01	114	296058	买盘
13:28:35	25.96	-0.01	5	12980	买盘
13:28:29	25.97	0.01	20	51940	卖盘
13:28:24	25.96	--	31	80476	买盘
13:28:20	25.96	-0.01	165	428340	卖盘
13:28:14	25.97	0.01	7	18179	买盘
13:28:10	25.96	0.01	8	20768	买盘
13:28:04	25.95	-0.01	3	7785	卖盘
13:27:59	25.96	--	109	282964	卖盘
13:27:55	25.96	-0.01	25	64900	卖盘
13:27:49	25.97	--	52	135044	买盘
13:27:43	25.97	0.01	10	25970	买盘
13:27:39	25.96	-0.01	148	384208	卖盘
13:27:34	25.97	--	25	64925	买盘
13:27:29	25.97	0.01	8	20776	买盘
13:27:24	25.96	-0.01	56	145376	卖盘
13:27:19	25.97	--	12	31164	买盘
13:27:14	25.97	--	5	12985	买盘
13:27:09	25.97	--	322	836234	买盘
13:27:04	25.97	--	77	199969	买盘
13:26:59	25.97	--	11	28567	买盘
13:26:55	25.97	--	12	31164	买盘
13:26:49	25.97	-0.01	121	314237	卖盘
13:26:40	25.98	--	33	85734	买盘
13:26:34	25.98	-0.01	21	54558	中性盘
13:26:29	25.99	-0.01	8	20792	买盘
13:26:24	26.0	--	0	0	买盘
13:26:19	26.0	--	10	26000	买盘
13:26:14	26.0	0.05	31	80600	买盘
13:26:09	25.95	-0.05	138	358110	卖盘
13:25:59	26.0	0.07	14	36400	买盘
13:25:53	25.93	-0.07	7	18151	卖盘
13:25:49	26.0	--	213	553800	卖盘
13:25:39	26.0	0.07	786	2043600	买盘
13:25:34	25.93	-0.02	9	23337	卖盘
13:25:29	25.95	0.03	69	179055	卖盘
13:25:23	25.92	-0.01	10	25920	卖盘
13:25:19	25.93	--	32	82976	买盘
13:25:14	25.93	--	87	225591	卖盘
13:25:08	25.93	-0.01	153	396729	卖盘
13:25:04	25.94	--	73	189362	卖盘
13:24:59	25.94	-0.01	107	277558	卖盘
13:24:53	25.95	--	4	10380	买盘
13:24:49	25.95	-0.01	93	241335	卖盘
13:24:44	25.96	-0.01	69	179124	卖盘
13:24:34	25.97	--	80	207760	买盘
13:24:29	25.97	--	23	59731	买盘
13:24:19	25.97	--	2	5194	买盘
13:24:14	25.97	-0.01	10	25970	卖盘
13:24:04	25.98	0.02	65	168870	买盘
13:23:59	25.96	-0.01	62	160952	卖盘
13:23:53	25.97	--	20	51940	买盘
13:23:49	25.97	-0.02	126	327222	卖盘
13:23:44	25.99	--	2	5198	买盘
13:23:34	25.99	0.01	54	140346	买盘
13:23:29	25.98	--	13	33774	买盘
13:23:23	25.98	-0.01	5	12990	卖盘
13:23:19	25.99	-0.01	31	80569	卖盘
13:23:14	26.0	--	16	41600	买盘
13:23:08	26.0	-0.02	17	44200	买盘
13:23:04	26.02	0.02	26	67652	买盘
13:22:59	26.0	--	25	65104	卖盘
13:22:53	26.0	--	27	70200	卖盘
13:22:49	26.0	--	25	65000	卖盘
13:22:44	26.0	--	6	15600	卖盘
13:22:34	26.0	0.01	128	335296	买盘
13:22:29	25.99	0.02	22	57178	买盘
13:22:19	25.97	-0.02	1	2597	中性盘
13:22:14	25.99	--	172	447028	买盘
13:22:08	25.99	--	20	51980	买盘
13:22:04	25.99	--	2	5198	买盘
13:21:59	25.99	0.03	22	57178	买盘
13:21:48	25.96	--	1	2596	卖盘
13:21:44	25.96	--	2	5192	买盘
13:21:38	25.96	0.03	5	12980	买盘
13:21:34	25.93	--	0	0	卖盘
13:21:29	25.93	-0.01	41	106313	卖盘
13:21:23	25.94	0.01	103	267182	买盘
13:21:19	25.93	-0.01	58	150394	卖盘
13:21:13	25.94	0.01	12	31128	买盘
13:21:08	25.93	0.01	5	12965	卖盘
13:21:04	25.92	-0.01	55	142560	卖盘
13:20:58	25.93	--	72	186696	买盘
13:20:53	25.93	--	100	259300	买盘
13:20:48	25.93	--	76	197068	买盘
13:20:43	25.93	--	106	274858	买盘
13:20:38	25.93	0.01	28	72604	买盘
13:20:33	25.92	--	57	147744	卖盘
13:20:23	25.92	-0.01	55	142560	卖盘
13:20:18	25.93	0.01	1	2593	买盘
13:20:13	25.92	-0.01	41	106272	卖盘
13:20:08	25.93	0.01	17	44081	买盘
13:20:03	25.92	--	12	31104	卖盘
13:19:58	25.92	--	48	124416	卖盘
13:19:53	25.92	-0.01	13	33696	卖盘
13:19:48	25.93	0.01	159	412287	买盘
13:19:43	25.92	-0.01	32	82944	卖盘
13:19:38	25.93	--	2	5186	买盘
13:19:33	25.93	--	102	264486	买盘
13:19:28	25.93	-0.01	20	51860	中性盘
13:19:23	25.94	0.01	29	75226	买盘
13:19:17	25.93	--	42	108906	卖盘
13:19:13	25.93	--	11	28523	卖盘
13:19:08	25.93	-0.01	69	178917	卖盘
13:19:02	25.94	0.01	6	15564	买盘
13:18:58	25.93	--	46	119278	卖盘
13:18:53	25.93	-0.01	52	134836	卖盘
13:18:47	25.94	-0.01	3	7782	买盘
13:18:43	25.95	0.01	104	269880	买盘
13:18:38	25.94	-0.01	15	38910	买盘
13:18:32	25.95	--	286	742170	卖盘
13:18:28	25.95	-0.01	101	262095	卖盘
13:18:23	25.96	-0.03	11	28556	卖盘
13:18:17	25.99	--	37	96163	买盘
13:18:13	25.99	--	27	70173	买盘
13:18:08	25.99	--	67	174133	买盘
13:18:02	25.99	--	1	2599	买盘
13:17:58	25.99	--	39	101361	买盘
13:17:53	25.99	-0.01	117	304083	卖盘
13:17:47	26.0	0.01	15	39000	买盘
13:17:43	25.99	-0.01	3	7796	卖盘
13:17:38	26.0	--	129	335400	买盘
13:17:28	26.0	--	47	122200	买盘
13:17:23	26.0	-0.03	298	774800	卖盘
13:17:13	26.03	--	0	0	买盘
13:17:08	26.03	--	45	117135	中性盘
13:17:02	26.03	--	4	10412	买盘
13:16:58	26.03	-0.01	45	117135	卖盘
13:16:53	26.04	-0.01	54	143115	卖盘
13:16:47	26.05	0.02	23	60019	买盘
13:16:43	26.03	-0.02	9	23427	卖盘
13:16:38	26.05	0.05	127	330835	买盘
13:16:32	26.0	-0.04	5	13000	卖盘
13:16:28	26.04	-0.01	8	20832	中性盘
13:16:23	26.05	--	15	39075	买盘
13:16:17	26.05	--	13	33865	买盘
13:16:13	26.05	--	62	161510	买盘
13:16:08	26.05	0.01	48	125040	买盘
13:16:02	26.04	-0.01	92	239568	买盘
13:15:58	26.05	0.02	10	26050	卖盘
13:15:53	26.03	-0.03	30	78090	卖盘
13:15:46	26.06	--	50	130300	买盘
13:15:43	26.06	0.01	10	26060	买盘
13:15:38	26.05	-0.03	207	539235	卖盘
13:15:32	26.08	0.01	37	96496	买盘
13:15:28	26.07	0.01	43	112101	买盘
13:15:23	26.06	-0.01	19	49514	卖盘
13:15:17	26.07	--	66	172062	买盘
13:15:12	26.07	-0.01	28	72996	中性盘
13:15:08	26.08	0.01	39	101712	买盘
13:15:02	26.07	-0.01	2	5214	卖盘
13:14:57	26.08	--	47	122575	买盘
13:14:53	26.08	0.01	97	252975	买盘
13:14:47	26.07	--	73	190311	买盘
13:14:42	26.07	-0.01	88	229416	卖盘
13:14:37	26.08	--	52	135616	买盘
13:14:32	26.08	--	68	177344	买盘
13:14:27	26.08	-0.01	169	441795	卖盘
13:14:22	26.09	--	208	542672	买盘
13:14:17	26.09	-0.03	172	448852	卖盘
13:14:12	26.12	--	60	156720	买盘
13:14:07	26.12	0.03	285	745882	买盘
13:14:02	26.09	--	300	782804	卖盘
13:13:57	26.09	0.03	517	1351357	买盘
13:13:52	26.06	-0.02	615	1602794	卖盘
13:13:42	26.08	0.04	6544	17069255	买盘
13:13:37	26.04	0.01	82	213632	买盘
13:13:32	26.03	0.03	272	708016	买盘
13:13:27	26.0	--	1592	4139200	买盘
13:13:22	26.0	--	71	184600	买盘
13:13:17	26.0	0.01	6	15600	买盘
13:13:12	25.99	--	367	953833	买盘
13:13:07	25.99	0.02	21	54579	买盘
13:13:02	25.97	--	10	25970	卖盘
13:12:57	25.97	0.02	6	15582	买盘
13:12:52	25.95	-0.03	36	93420	卖盘
13:12:47	25.98	0.03	208	540384	买盘
13:12:41	25.95	--	0	0	卖盘
13:12:37	25.95	-0.02	11	28545	卖盘
13:12:32	25.97	0.01	19	49343	买盘
13:12:26	25.96	--	2	5192	买盘
13:12:22	25.96	--	9	23364	卖盘
13:12:17	25.96	-0.01	18	46728	卖盘
13:12:11	25.97	--	3	7791	买盘
13:12:07	25.97	--	20	51940	买盘
13:12:02	25.97	--	1	2597	买盘
13:11:56	25.97	--	1	2597	买盘
13:11:52	25.97	0.02	13	33761	买盘
13:11:47	25.95	-0.02	12	31140	卖盘
13:11:41	25.97	-0.01	71	184387	卖盘
13:11:32	25.98	0.01	12	31176	买盘
13:11:26	25.97	--	15	38955	买盘
13:11:21	25.97	0.02	5	12985	买盘
13:11:17	25.95	-0.02	38	98610	卖盘
13:11:11	25.97	0.01	30	77910	买盘
13:11:07	25.96	-0.01	33	85668	中性盘
13:10:56	25.97	0.02	9	23373	买盘
13:10:52	25.95	0.01	187	485265	买盘
13:10:47	25.94	0.02	84	217896	买盘
13:10:37	25.92	--	77	199584	买盘
13:10:32	25.92	--	17	44064	买盘
13:10:26	25.92	--	2	5184	买盘
13:10:22	25.92	0.02	8	20736	买盘
13:10:17	25.9	--	53	137270	卖盘
13:10:11	25.9	-0.01	1	2590	卖盘
13:10:07	25.91	0.01	25	64775	买盘
13:10:02	25.9	0.01	47	121730	买盘
13:09:56	25.89	--	47	121683	买盘
13:09:52	25.89	--	12	31068	卖盘
13:09:47	25.89	--	7	18123	卖盘
13:09:37	25.89	--	29	75081	买盘
13:09:32	25.89	--	107	277023	卖盘
13:09:17	25.89	--	15	38835	卖盘
13:09:07	25.89	-0.01	9	23301	卖盘
13:09:02	25.9	--	38	98420	买盘
13:08:56	25.9	--	3	7770	买盘
13:08:52	25.9	-0.01	90	233100	卖盘
13:08:41	25.91	--	5	12955	卖盘
13:08:37	25.91	-0.02	3	7773	卖盘
13:08:32	25.93	0.03	100	259300	买盘
13:08:25	25.9	-0.01	66	170940	卖盘
13:08:21	25.91	--	30	77730	买盘
13:08:17	25.91	-0.02	46	119186	卖盘
13:08:11	25.93	--	19	49267	买盘
13:08:06	25.93	0.01	101	261893	买盘
13:08:02	25.92	--	4	10368	卖盘
13:07:55	25.92	0.02	111	287712	买盘
13:07:51	25.9	-0.02	5	12950	卖盘
13:07:46	25.92	0.02	35	90720	买盘
13:07:40	25.9	--	2	5180	卖盘
13:07:31	25.9	--	27	69930	买盘
13:07:25	25.9	0.02	3	7770	买盘
13:07:21	25.88	--	107	276916	卖盘
13:07:11	25.88	-0.02	26	67288	中性盘
13:07:06	25.9	--	10	25900	买盘
13:06:56	25.9	--	0	0	买盘
13:06:51	25.9	--	33	85470	买盘
13:06:46	25.9	--	89	230510	卖盘
13:06:41	25.9	-0.03	320	828800	卖盘
13:06:36	25.93	0.02	6	15558	买盘
13:06:31	25.91	-0.02	10	25910	卖盘
13:06:25	25.93	-0.01	27	70011	卖盘
13:06:21	25.94	0.01	17	44098	买盘
13:06:16	25.93	-0.02	1	2593	卖盘
13:06:11	25.95	--	5	12975	买盘
13:06:06	25.95	-0.02	123	319185	卖盘
13:05:56	25.97	0.01	34	88298	买盘
13:05:50	25.96	--	1	2596	买盘
13:05:46	25.96	--	202	524392	卖盘
13:05:41	25.96	--	19	49324	卖盘
13:05:31	25.96	-0.01	17	44132	卖盘
13:05:26	25.97	-0.01	128	332416	卖盘
13:05:20	25.98	--	10	25980	买盘
13:05:16	25.98	-0.01	9	23382	中性盘
13:05:11	25.99	--	244	634156	买盘
13:05:05	25.99	-0.01	112	291088	卖盘
13:05:01	26.0	0.01	31	80600	买盘
13:04:56	25.99	--	6	15593	卖盘
13:04:50	25.99	-0.01	4	10396	卖盘
13:04:46	26.0	0.01	6	15600	买盘
13:04:41	25.99	--	6	15593	卖盘
13:04:35	25.99	0.01	15	38985	买盘
13:04:31	25.98	--	77	200071	买盘
13:04:26	25.98	0.01	55	142890	买盘
13:04:16	25.97	-0.01	47	122059	中性盘
13:04:11	25.98	0.01	44	114312	买盘
13:04:01	25.97	--	55	142835	卖盘
13:03:56	25.97	-0.01	4	10388	卖盘
13:03:50	25.98	-0.02	6	15588	卖盘
13:03:46	26.0	--	65	169000	买盘
13:03:41	26.0	-0.03	283	738296	卖盘
13:03:35	26.03	-0.01	22	57266	买盘
13:03:31	26.04	0.02	215	559860	买盘
13:03:26	26.02	-0.02	10	26020	卖盘
13:03:20	26.04	0.01	8	20832	买盘
13:03:16	26.03	--	37	96311	买盘
13:03:11	26.03	0.02	42	109326	买盘
13:03:05	26.01	--	20	52020	卖盘
13:03:01	26.01	-0.02	14	36414	中性盘
13:02:56	26.03	0.03	251	653353	买盘
13:02:49	26.0	--	0	0	卖盘
13:02:46	26.0	-0.02	2	5200	卖盘
13:02:41	26.02	--	8	23339	买盘
13:02:35	26.02	0.02	42	109284	买盘
13:02:31	26.0	-0.01	10	27482	卖盘
13:02:26	26.01	0.01	356	927256	买盘
13:02:20	26.0	--	2	5200	买盘
13:02:15	26.0	--	42	109200	买盘
13:02:11	26.0	--	130	338000	买盘
13:02:05	26.0	--	19	49400	买盘
13:02:01	26.0	0.03	36	93600	买盘
13:01:56	25.97	-0.03	20	51940	中性盘
13:01:46	26.0	0.02	261	678600	买盘
13:01:41	25.98	--	21	54558	买盘
13:01:35	25.98	--	3	7794	买盘
13:01:30	25.98	--	5	12990	买盘
13:01:26	25.98	--	1	2598	买盘
13:01:20	25.98	0.01	51	132498	买盘
13:01:15	25.97	0.02	3	7791	买盘
13:01:10	25.95	--	0	0	卖盘
13:01:05	25.95	-0.03	2	5190	卖盘
13:01:00	25.98	0.03	20	51960	买盘
13:00:55	25.95	0.04	8	20760	买盘
13:00:49	25.91	-0.03	1000	2591000	卖盘
13:00:40	25.94	--	49	127106	买盘
13:00:35	25.94	0.01	50	129700	买盘
13:00:30	25.93	-0.01	1	2593	卖盘
13:00:25	25.94	0.01	8	20752	买盘
13:00:20	25.93	--	5	12965	卖盘
13:00:15	25.93	-0.01	32	82976	卖盘
13:00:10	25.94	0.03	235	611146	买盘
13:00:05	25.91	--	343	888713	买盘
13:00:00	25.91	-0.02	108	279828	卖盘
11:30:00	25.93	--	0	0	买盘
11:29:59	25.93	--	0	0	买盘
11:29:59	25.93	--	39	101127	买盘
11:29:51	25.93	-0.01	186	482298	卖盘
11:29:40	25.94	0.01	11	28534	买盘
11:29:36	25.93	-0.01	20	51860	卖盘
11:29:31	25.94	--	2	5188	买盘
11:29:25	25.94	0.04	43	111542	买盘
11:29:21	25.9	-0.04	505	1307950	卖盘
11:29:16	25.94	--	28	72632	买盘
11:29:10	25.94	--	5	12970	买盘
11:29:06	25.94	--	0	0	买盘
11:29:01	25.94	0.02	21	54474	买盘
11:28:55	25.92	-0.02	87	225504	卖盘
11:28:51	25.94	--	12	31128	买盘
11:28:46	25.94	-0.01	50	129700	中性盘
11:28:40	25.95	--	5	12975	买盘
11:28:36	25.95	0.02	39	101205	买盘
11:28:31	25.93	-0.02	73	189289	卖盘
11:28:25	25.95	--	50	129750	买盘
11:28:21	25.95	--	9	23355	买盘
11:28:10	25.95	--	2	5190	买盘
11:28:06	25.95	--	50	129750	买盘
11:28:01	25.95	--	2	5190	买盘
11:27:55	25.95	--	56	145320	买盘
11:27:51	25.95	-0.05	91	236145	卖盘
11:27:40	26.0	0.05	2	5200	买盘
11:27:36	25.95	-0.05	3	7785	卖盘
11:27:31	26.0	0.05	55	143000	买盘
11:27:25	25.95	--	3	7785	买盘
11:27:21	25.95	--	35	90825	买盘
11:27:16	25.95	--	17	44115	买盘
11:27:10	25.95	--	17	44115	买盘
11:27:06	25.95	--	2	5190	买盘
11:27:01	25.95	--	13	33735	买盘
11:26:51	25.95	-0.05	120	311400	卖盘
11:26:46	26.0	--	108	280800	卖盘
11:26:40	26.0	0.04	341	886600	买盘
11:26:36	25.96	0.09	380	986480	买盘
11:26:31	25.87	-0.09	532	1376284	卖盘
11:26:25	25.96	-0.01	21	54516	卖盘
11:26:21	25.97	0.01	62	161014	买盘
11:26:16	25.96	-0.01	17	44132	卖盘
11:26:10	25.97	--	5	12985	买盘
11:26:06	25.97	--	1	2597	买盘
11:26:01	25.97	-0.03	35	90895	卖盘
11:25:55	26.0	0.02	1	2600	买盘
11:25:51	25.98	-0.02	12	31176	卖盘
11:25:46	26.0	--	5	13000	买盘
11:25:40	26.0	--	2	5200	买盘
11:25:34	26.0	--	37	96200	买盘
11:25:31	26.0	--	127	330200	买盘
11:25:25	26.0	--	15	39000	买盘
11:25:19	26.0	--	4	10400	买盘
11:25:16	26.0	-0.02	112	291200	卖盘
11:25:10	26.02	0.01	211	549022	买盘
11:25:01	26.01	--	16	41616	买盘
11:24:55	26.01	-0.01	16	41616	卖盘
11:24:49	26.02	0.01	35	91070	买盘
11:24:46	26.01	--	60	156060	卖盘
11:24:40	26.01	--	44	114444	卖盘
11:24:34	26.01	--	4	10404	卖盘
11:24:31	26.01	--	79	205479	买盘
11:24:25	26.01	0.01	29	75429	买盘
11:24:19	26.0	-0.01	40	104000	卖盘
11:24:15	26.01	-0.01	120	312120	卖盘
11:24:10	26.02	--	50	130100	买盘
11:24:00	26.02	--	27	70254	买盘
11:23:55	26.02	0.03	119	309638	买盘
11:23:49	25.99	-0.01	31	80569	卖盘
11:23:45	26.0	--	35	91000	卖盘
11:23:40	26.0	0.01	593	1541800	买盘
11:23:34	25.99	0.01	13	33787	买盘
11:23:30	25.98	-0.01	58	150684	中性盘
11:23:25	25.99	0.01	89	231311	买盘
11:23:19	25.98	-0.01	146	379308	卖盘
11:23:15	25.99	-0.01	30	77970	卖盘
11:23:10	26.0	--	4	10400	买盘
11:23:04	26.0	0.01	84	218400	买盘
11:23:00	25.99	--	63	163737	买盘
11:22:55	25.99	--	23	59777	买盘
11:22:49	25.99	0.01	13	33787	买盘
11:22:45	25.98	0.06	50	129900	买盘
11:22:40	25.92	-0.06	513	1329696	卖盘
11:22:34	25.98	0.05	152	394896	买盘
11:22:30	25.93	-0.02	22	57046	中性盘
11:22:25	25.95	0.02	194	503430	买盘
11:22:19	25.93	--	16	41488	买盘
11:22:15	25.93	0.03	51	132243	买盘
11:22:10	25.9	0.02	37	95830	买盘
11:22:04	25.88	--	89	230332	卖盘
11:22:00	25.88	0.03	43	111284	买盘
11:21:55	25.85	-0.03	271	700535	卖盘
11:21:49	25.88	0.03	23	59524	买盘
11:21:45	25.85	-0.03	30	77550	卖盘
11:21:40	25.88	-0.05	89	230332	卖盘
11:21:30	25.93	-0.03	47	121871	卖盘
11:21:25	25.96	0.01	23	59708	买盘
11:21:19	25.95	--	8	20760	卖盘
11:21:15	25.95	--	62	160890	卖盘
11:21:10	25.95	--	5	12975	卖盘
11:21:04	25.95	-0.02	503	1305285	卖盘
11:21:00	25.97	--	47	123201	卖盘
11:20:55	25.97	0.04	149	388407	买盘
11:20:49	25.93	--	14	36302	买盘
11:20:45	25.93	0.01	86	222998	买盘
11:20:40	25.92	0.01	89	230688	买盘
11:20:34	25.91	--	8	20728	卖盘
11:20:30	25.91	0.03	39	101049	买盘
11:20:25	25.88	-0.02	27	69876	卖盘
11:20:19	25.9	--	68	176120	卖盘
11:20:15	25.9	0.02	108	279720	买盘
11:20:00	25.88	--	0	0	买盘
11:19:55	25.88	0.08	23	59524	买盘
11:19:45	25.8	-0.1	1105	2850900	卖盘
11:19:40	25.9	0.06	260	673400	买盘
11:19:34	25.84	--	0	0	卖盘
11:19:30	25.84	-0.05	55	142120	卖盘
11:19:25	25.89	0.04	33	85437	买盘
11:19:19	25.85	-0.05	816	2109360	卖盘
11:19:13	25.9	--	5	12950	买盘
11:19:10	25.9	--	1	2590	买盘
11:19:04	25.9	--	49	126910	卖盘
11:18:58	25.9	0.02	3	7770	卖盘
11:18:55	25.88	-0.03	5	12940	卖盘
11:18:49	25.91	--	2	5182	买盘
11:18:43	25.91	0.01	5	12955	中性盘
11:18:39	25.9	0.03	56	145040	中性盘
11:18:34	25.87	-0.04	100	258700	卖盘
11:18:28	25.91	-0.02	6	15546	卖盘
11:18:25	25.93	0.03	6	15558	买盘
11:18:19	25.9	--	4	10360	卖盘
11:18:13	25.9	-0.01	10	25900	卖盘
11:18:10	25.91	-0.03	83	215053	买盘
11:18:04	25.94	--	0	0	买盘
11:17:58	25.94	0.03	10	25940	买盘
11:17:54	25.91	0.01	6	15546	卖盘
11:17:49	25.9	-0.01	61	157990	卖盘
11:17:43	25.91	-0.02	57	147687	卖盘
11:17:39	25.93	0.03	17	44081	买盘
11:17:34	25.9	-0.03	334	865060	卖盘
11:17:28	25.93	--	3	7779	买盘
11:17:24	25.93	-0.01	502	1301686	中性盘
11:17:19	25.94	0.01	55	142670	买盘
11:17:13	25.93	-0.01	10	25930	卖盘
11:17:09	25.94	--	26	67444	买盘
11:17:04	25.94	-0.01	46	120465	卖盘
11:16:58	25.95	--	39	101205	卖盘
11:16:54	25.95	-0.02	1	2595	卖盘
11:16:49	25.97	0.02	210	545370	买盘
11:16:43	25.95	-0.03	139	360705	卖盘
11:16:39	25.98	--	12	31176	卖盘
11:16:34	25.98	-0.02	11	28578	卖盘
11:16:28	26.0	0.02	39	101400	买盘
11:16:24	25.98	-0.02	1	2598	卖盘
11:16:19	26.0	--	0	0	买盘
11:16:09	26.0	--	78	202800	买盘
11:16:04	26.0	-0.02	98	254800	卖盘
11:15:54	26.02	--	20	52040	买盘
11:15:49	26.02	-0.01	27	70254	卖盘
11:15:43	26.03	--	8	20824	买盘
11:15:39	26.03	--	4	10412	买盘
11:15:34	26.03	--	27	70281	买盘
11:15:24	26.03	--	100	260300	卖盘
11:15:19	26.03	-0.01	34	88502	卖盘
11:15:13	26.04	0.01	56	145824	买盘
11:15:09	26.03	--	41	106723	卖盘
11:15:04	26.03	--	3	7809	卖盘
11:14:58	26.03	--	132	343596	卖盘
11:14:54	26.03	0.01	157	408671	买盘
11:14:49	26.02	-0.01	109	283618	卖盘
11:14:39	26.03	--	53	137959	卖盘
11:14:34	26.03	--	43	111929	买盘
11:14:28	26.03	--	12	31236	买盘
11:14:24	26.03	0.01	9	23427	买盘
11:14:19	26.02	--	60	156120	卖盘
11:14:13	26.02	0.02	31	80662	买盘
11:14:09	26.0	0.01	321	834600	买盘
11:14:04	25.99	-0.01	5	12995	卖盘
11:13:58	26.0	--	3	7800	买盘
11:13:54	26.0	--	23	59800	买盘
11:13:49	26.0	--	40	104000	买盘
11:13:43	26.0	--	4	10400	买盘
11:13:39	26.0	-0.01	255	663000	卖盘
11:13:34	26.01	--	33	85833	买盘
11:13:24	26.01	--	41	106641	中性盘
11:13:19	26.01	0.01	143	371943	中性盘
11:13:13	26.0	-0.02	15	39000	卖盘
11:13:09	26.02	--	78	202956	买盘
11:13:04	26.02	--	49	127498	买盘
11:12:58	26.02	--	0	0	买盘
11:12:52	26.02	--	0	0	买盘
11:12:49	26.02	0.02	137	356474	买盘
11:12:43	26.0	-0.02	122	317200	卖盘
11:12:37	26.02	--	34	88468	买盘
11:12:34	26.02	0.01	343	892486	买盘
11:12:28	26.01	-0.03	40	104040	卖盘
11:12:22	26.04	0.02	28	72912	买盘
11:12:19	26.02	--	41	106682	买盘
11:12:13	26.02	--	137	356474	卖盘
11:12:07	26.02	--	73	189946	买盘
11:12:04	26.02	--	77	200354	买盘
11:11:58	26.02	0.01	35	91070	买盘
11:11:49	26.01	--	116	301716	买盘
11:11:43	26.01	0.01	22	57222	买盘
11:11:37	26.0	--	344	895856	买盘
11:11:34	26.0	--	80	208000	买盘
11:11:28	26.0	--	31	80600	买盘
11:11:22	26.0	--	33	85800	买盘
11:11:18	26.0	--	0	0	买盘
11:11:13	26.0	0.03	250	650000	买盘
11:11:03	25.97	0.04	97	251909	买盘
11:10:52	25.93	--	9	23337	买盘
11:10:48	25.93	0.03	21	54453	买盘
11:10:43	25.9	--	12	31080	卖盘
11:10:28	25.9	0.01	17	44030	买盘
11:10:22	25.89	-0.04	48	124272	卖盘
11:10:18	25.93	0.03	19	49267	买盘
11:10:13	25.9	--	21	54390	买盘
11:10:07	25.9	--	10	25900	买盘
11:10:03	25.9	0.02	305	789950	买盘
11:09:58	25.88	--	206	533128	卖盘
11:09:52	25.88	--	367	949796	买盘
11:09:48	25.88	0.01	22	56936	买盘
11:09:43	25.87	-0.01	8	20696	中性盘
11:09:37	25.88	0.02	200	517600	买盘
11:09:33	25.86	0.01	56	144816	买盘
11:09:28	25.85	--	3	7755	卖盘
11:09:22	25.85	--	4	10340	卖盘
11:09:18	25.85	0.01	139	359315	买盘
11:09:13	25.84	--	24	62016	买盘
11:09:07	25.84	--	56	144704	买盘
11:09:03	25.84	0.01	31	80104	买盘
11:08:58	25.83	-0.02	144	371952	卖盘
11:08:43	25.85	-0.02	81	209385	卖盘
11:08:37	25.87	0.01	16	41392	买盘
11:08:33	25.86	--	30	77580	卖盘
11:08:28	25.86	--	16	41376	卖盘
11:08:22	25.86	--	0	0	卖盘
11:08:18	25.86	-0.02	57	147402	卖盘
11:08:13	25.88	--	97	251036	买盘
11:08:07	25.88	--	6	15528	买盘
11:08:03	25.88	-0.05	735	1902180	卖盘
11:07:58	25.93	--	6	15558	买盘
11:07:52	25.93	-0.02	127	329311	卖盘
11:07:48	25.95	--	59	153105	卖盘
11:07:43	25.95	--	217	563115	卖盘
11:07:37	25.95	0.01	233	604635	买盘
11:07:33	25.94	-0.01	11	28534	买盘
11:07:28	25.95	0.01	72	186840	买盘
11:07:22	25.94	-0.01	2	5188	卖盘
11:07:18	25.95	--	8	20760	卖盘
11:07:13	25.95	-0.01	4	10380	卖盘
11:07:07	25.96	0.01	10	25960	买盘
11:07:03	25.95	--	11	28545	卖盘
11:06:58	25.95	--	13	33735	卖盘
11:06:52	25.95	0.02	3	7785	卖盘
11:06:48	25.93	--	95	246335	卖盘
11:06:43	25.93	-0.01	95	246335	卖盘
11:06:37	25.94	--	20	51880	卖盘
11:06:32	25.94	--	10	25940	中性盘
11:06:28	25.94	0.01	36	93384	买盘
11:06:22	25.93	--	1	2593	卖盘
11:06:13	25.93	--	3	7779	买盘
11:06:07	25.93	--	7	18151	买盘
11:06:01	25.93	0.02	4	10372	买盘
11:05:58	25.91	0.01	23	59593	卖盘
11:05:52	25.9	-0.02	10	25900	卖盘
11:05:46	25.92	0.01	32	82944	买盘
11:05:43	25.91	--	9	23319	买盘
11:05:37	25.91	--	10	25910	买盘
11:05:31	25.91	0.01	5	12955	买盘
11:05:28	25.9	--	31	80290	买盘
11:05:22	25.9	0.02	50	129500	买盘
11:05:16	25.88	--	4	10352	卖盘
11:05:12	25.88	--	71	183748	买盘
11:05:07	25.88	0.03	25	64700	买盘
11:05:01	25.85	-0.01	8	20680	卖盘
11:04:57	25.86	--	19	49134	买盘
11:04:52	25.86	--	3	7758	买盘
11:04:46	25.86	--	4	10344	买盘
11:04:42	25.86	0.01	215	555990	买盘
11:04:37	25.85	0.01	22	56870	买盘
11:04:31	25.84	-0.01	40	103360	中性盘
11:04:27	25.85	--	27	69795	买盘
11:04:22	25.85	0.02	22	56870	买盘
11:04:16	25.83	-0.02	5	12915	卖盘
11:04:12	25.85	0.03	7	18095	买盘
11:04:07	25.82	-0.01	86	222052	卖盘
11:04:01	25.83	0.01	1	2583	卖盘
11:03:57	25.82	--	126	325332	卖盘
11:03:52	25.82	--	93	240126	卖盘
11:03:46	25.82	-0.03	1	2582	卖盘
11:03:42	25.85	-0.01	45	116325	中性盘
11:03:37	25.86	--	32	82752	买盘
11:03:31	25.86	0.06	3	7758	买盘
11:03:27	25.8	-0.06	748	1929840	卖盘
11:03:22	25.86	0.04	54	139644	买盘
11:03:16	25.82	--	20	51640	卖盘
11:03:12	25.82	0.01	52	134264	中性盘
11:03:07	25.81	-0.05	91	234871	卖盘
11:03:01	25.86	0.05	4	10344	买盘
11:02:57	25.81	-0.07	248	640088	卖盘
11:02:52	25.88	--	78	201864	卖盘
11:02:46	25.88	--	1	2588	卖盘
11:02:37	25.88	-0.02	51	131988	卖盘
11:02:31	25.9	0.01	34	88060	买盘
11:02:27	25.89	--	23	59547	卖盘
11:02:22	25.89	--	71	183819	卖盘
11:02:16	25.89	-0.01	57	147573	卖盘
11:02:12	25.9	--	73	189070	卖盘
11:02:07	25.9	-0.02	19	49210	卖盘
11:02:01	25.92	--	21	54432	卖盘
11:01:57	25.92	0.01	38	98496	卖盘
11:01:52	25.91	-0.01	52	134732	卖盘
11:01:46	25.92	0.01	16	41472	卖盘
11:01:42	25.91	-0.01	29	75139	卖盘
11:01:37	25.92	--	19	49248	买盘
11:01:31	25.92	--	8	20736	买盘
11:01:27	25.92	-0.04	179	463968	卖盘
11:01:22	25.96	--	20	51920	买盘
11:01:16	25.96	--	21	54516	买盘
11:01:12	25.96	--	89	231044	买盘
11:01:07	25.96	-0.01	664	1723744	卖盘
11:01:01	25.97	-0.03	1	2597	买盘
11:00:57	26.0	0.02	603	1567800	买盘
11:00:52	25.98	--	16	41568	买盘
11:00:46	25.98	0.02	26	67548	买盘
11:00:41	25.96	--	129	334884	卖盘
11:00:37	25.96	--	5	12980	卖盘
11:00:31	25.96	--	0	0	卖盘
11:00:27	25.96	--	26	67496	卖盘
11:00:22	25.96	0.01	192	498432	买盘
11:00:16	25.95	0.01	12	31140	买盘
11:00:07	25.94	0.02	47	121918	中性盘
11:00:01	25.92	-0.01	19	49248	卖盘
10:59:52	25.93	--	30	77790	卖盘
10:59:46	25.93	-0.03	14	36302	卖盘
10:59:40	25.96	0.03	4	10384	买盘
10:59:37	25.93	-0.03	12	31116	卖盘
10:59:31	25.96	--	20	51920	买盘
10:59:25	25.96	--	23	59708	买盘
10:59:22	25.96	--	10	25960	买盘
10:59:16	25.96	-0.01	83	215468	卖盘
10:59:10	25.97	0.01	5	12985	中性盘
10:59:07	25.96	-0.02	20	51920	卖盘
10:59:01	25.98	-0.01	175	454650	卖盘
10:58:55	25.99	--	6	15593	买盘
10:58:51	25.99	--	39	101361	买盘
10:58:46	25.99	--	160	415840	卖盘
10:58:40	25.99	--	13	33787	卖盘
10:58:36	25.99	--	134	348266	卖盘
10:58:21	25.99	0.03	137	356063	买盘
10:58:16	25.96	-0.02	61	158356	卖盘
10:58:10	25.98	0.02	24	62352	买盘
10:58:06	25.96	-0.02	3	7788	卖盘
10:58:01	25.98	--	0	0	买盘
10:57:55	25.98	0.07	17	44166	买盘
10:57:51	25.91	--	59	152869	买盘
10:57:46	25.91	--	117	303147	买盘
10:57:40	25.91	-0.09	3	7773	买盘
10:57:36	26.0	--	67	174200	买盘
10:57:31	26.0	0.01	201	522600	买盘
10:57:25	25.99	-0.01	7	18193	中性盘
10:57:21	26.0	--	398	1036932	卖盘
10:57:16	26.0	--	19	49400	卖盘
10:57:10	26.0	-0.02	22	57200	卖盘
10:57:06	26.02	0.02	183	476166	买盘
10:57:01	26.0	--	127	330200	卖盘
10:56:55	26.0	--	7	18200	卖盘
10:56:51	26.0	0.12	1328	3453268	买盘
10:56:46	25.88	--	82	212216	买盘
10:56:40	25.88	-0.09	8	20704	卖盘
10:56:36	25.97	-0.02	35	90895	中性盘
10:56:31	25.99	0.02	34	88366	买盘
10:56:25	25.97	--	0	0	中性盘
10:56:21	25.97	-0.03	42	109074	卖盘
10:56:16	26.0	--	991	2578732	卖盘
10:56:10	26.0	-0.04	30	78000	卖盘
10:56:06	26.04	0.04	11	28644	中性盘
10:56:01	26.0	--	292	759200	卖盘
10:55:51	26.0	--	26	67600	卖盘
10:55:46	26.0	0.15	985	2561468	买盘
10:55:36	25.85	--	0	0	卖盘
10:55:31	25.85	-0.01	17	43945	卖盘
10:55:25	25.86	0.01	60	155160	中性盘
10:55:21	25.85	-0.01	22	56870	卖盘
10:55:16	25.86	--	2003	5179758	卖盘
10:55:10	25.86	-0.02	4	10344	卖盘
10:55:06	25.88	-0.01	10	25880	卖盘
10:55:01	25.89	0.04	27	69903	买盘
10:54:55	25.85	-0.03	102	263670	卖盘
10:54:51	25.88	0.02	17	43996	买盘
10:54:46	25.86	0.01	13	33618	中性盘
10:54:40	25.85	--	6	15510	卖盘
10:54:31	25.85	0.04	25	64625	买盘
10:54:25	25.81	--	12	30972	卖盘
10:54:21	25.81	0.01	1	2581	卖盘
10:54:16	25.8	-0.05	25	64500	卖盘
10:54:10	25.85	0.05	16	42032	买盘
10:54:04	25.8	--	398	1026840	买盘
10:54:01	25.8	--	378	975240	买盘
10:53:55	25.8	0.01	37	95460	买盘
10:53:49	25.79	-0.01	181	466799	卖盘
10:53:46	25.8	--	132	340560	买盘
10:53:40	25.8	--	32	82560	买盘
10:53:31	25.8	-0.05	169	437929	卖盘
10:53:25	25.85	-0.02	39	100815	卖盘
10:53:19	25.87	0.01	9	23283	买盘
10:53:16	25.86	0.01	39	100854	中性盘
10:53:10	25.85	-0.02	34	87890	卖盘
10:53:04	25.87	--	34	87958	买盘
10:53:00	25.87	--	24	62088	买盘
10:52:55	25.87	-0.03	423	1094301	卖盘
10:52:49	25.9	0.01	22	56980	买盘
10:52:46	25.89	-0.02	95	245955	卖盘
10:52:40	25.91	0.01	343	888713	买盘
10:52:34	25.9	--	74	191660	买盘
10:52:30	25.9	--	16	41440	卖盘
10:52:25	25.9	0.03	44	113960	买盘
10:52:19	25.87	-0.02	20	51740	卖盘
10:52:15	25.89	0.02	67	173463	买盘
10:52:10	25.87	--	3	7761	买盘
10:52:04	25.87	--	2	5174	买盘
10:52:00	25.87	0.04	435	1125991	买盘
10:51:55	25.83	-0.02	10	25830	中性盘
10:51:49	25.85	0.03	22	56870	买盘
10:51:40	25.82	0.02	16	41312	买盘
10:51:34	25.8	--	16	41305	买盘
10:51:30	25.8	--	54	139320	买盘
10:51:25	25.8	--	3	7740	买盘
10:51:19	25.8	--	18	46440	买盘
10:51:15	25.8	0.02	20	51600	买盘
10:51:10	25.78	0.02	205	528490	买盘
10:51:04	25.76	--	81	208656	卖盘
10:51:00	25.76	--	100	257600	买盘
10:50:55	25.76	--	360	927360	卖盘
10:50:49	25.76	--	112	288512	卖盘
10:50:45	25.76	--	95	244720	卖盘
10:50:40	25.76	--	0	0	中性盘
10:50:34	25.76	--	1	2576	卖盘
10:50:30	25.76	--	109	280784	买盘
10:50:25	25.76	-0.03	93	239568	卖盘
10:50:19	25.79	0.03	15	38685	买盘
10:50:15	25.76	-0.02	887	2284912	卖盘
10:50:10	25.78	--	61	157258	买盘
10:50:04	25.78	--	7	18046	买盘
10:50:00	25.78	-0.01	27	69606	卖盘
10:49:55	25.79	--	2	5158	买盘
10:49:49	25.79	0.04	10	25790	买盘
10:49:45	25.75	-0.03	83	213725	卖盘
10:49:40	25.78	0.02	38	97964	买盘
10:49:34	25.76	--	2	5152	买盘
10:49:30	25.76	-0.03	184	476534	卖盘
10:49:25	25.79	--	163	420377	买盘
10:49:19	25.79	--	113	291427	买盘
10:49:15	25.79	0.03	12	30948	买盘
10:49:10	25.76	-0.03	119	306930	卖盘
10:49:04	25.79	--	28	72212	卖盘
10:49:00	25.79	0.02	52	136300	买盘
10:48:55	25.77	-0.01	170	438476	卖盘
10:48:49	25.78	--	38	97964	买盘
10:48:45	25.78	0.01	40	103120	买盘
10:48:40	25.77	-0.05	272	700944	卖盘
10:48:34	25.82	0.02	35	90370	买盘
10:48:30	25.8	--	359	928413	买盘
10:48:25	25.8	0.01	117	301860	中性盘
10:48:19	25.79	-0.01	11	28369	中性盘
10:48:15	25.8	--	45	116100	买盘
10:48:10	25.8	-0.03	57	147060	中性盘
10:48:00	25.83	-0.02	5	12915	卖盘
10:47:55	25.85	0.1	16	41385	买盘
10:47:49	25.75	-0.09	763	1964725	卖盘
10:47:43	25.84	--	0	0	卖盘
10:47:40	25.84	0.08	489	1263576	买盘
10:47:34	25.76	--	207	533232	买盘
10:47:28	25.76	-0.05	1688	4348288	卖盘
10:47:25	25.81	--	132	340692	买盘
10:47:19	25.81	-0.02	658	1698298	卖盘
10:47:13	25.83	--	45	116234	卖盘
10:47:10	25.83	--	53	136899	卖盘
10:47:04	25.83	--	330	852390	买盘
10:46:58	25.83	0.01	10	25830	买盘
10:46:55	25.82	0.02	66	170412	中性盘
10:46:49	25.8	-0.05	127	327660	卖盘
10:46:43	25.85	0.02	50	129250	买盘
10:46:40	25.83	0.03	125	322875	买盘
10:46:34	25.8	--	235	606300	买盘
10:46:28	25.8	-0.05	790	2038200	卖盘
10:46:24	25.85	--	164	423940	买盘
10:46:19	25.85	--	58	149930	买盘
10:46:13	25.85	-0.03	47	121495	卖盘
10:46:09	25.88	-0.01	288	745344	卖盘
10:46:04	25.89	--	10	25890	买盘
10:45:58	25.89	0.01	24	62136	买盘
10:45:54	25.88	-0.02	275	711700	卖盘
10:45:49	25.9	-0.02	153	396270	卖盘
10:45:43	25.92	0.02	18	46656	买盘
10:45:39	25.9	-0.01	121	313390	卖盘
10:45:34	25.91	-0.01	126	326466	卖盘
10:45:28	25.92	0.01	10	25920	买盘
10:45:24	25.91	-0.01	64	165824	卖盘
10:45:19	25.92	--	443	1148256	卖盘
10:45:13	25.92	-0.04	153	396576	卖盘
10:45:09	25.96	0.01	149	386804	买盘
10:45:04	25.95	--	65	168675	买盘
10:44:58	25.95	0.01	3	7785	买盘
10:44:54	25.94	-0.01	54	140076	卖盘
10:44:49	25.95	-0.02	78	202410	卖盘
10:44:43	25.97	0.01	40	103880	买盘
10:44:39	25.96	--	122	316712	买盘
10:44:34	25.96	-0.02	52	134992	卖盘
10:44:28	25.98	--	10	25980	买盘
10:44:24	25.98	--	8	20784	买盘
10:44:19	25.98	--	28	72744	买盘
10:44:13	25.98	0.01	274	711852	买盘
10:44:09	25.97	-0.01	31	80507	买盘
10:44:04	25.98	--	179	465042	卖盘
10:43:58	25.98	--	30	77940	卖盘
10:43:54	25.98	0.04	92	239016	买盘
10:43:49	25.94	-0.04	346	897524	卖盘
10:43:43	25.98	0.03	59	153282	买盘
10:43:39	25.95	-0.03	40	103800	卖盘
10:43:34	25.98	0.01	24	62352	买盘
10:43:28	25.97	0.03	70	181790	买盘
10:43:24	25.94	-0.01	85	220490	卖盘
10:43:19	25.95	0.02	130	337350	买盘
10:43:13	25.93	-0.01	89	230777	卖盘
10:43:09	25.94	--	37	95978	买盘
10:43:04	25.94	-0.01	126	326844	卖盘
10:42:58	25.95	--	2	5190	买盘
10:42:54	25.95	--	60	155700	买盘
10:42:49	25.95	-0.02	536	1390920	卖盘
10:42:43	25.97	-0.03	87	225939	卖盘
10:42:39	26.0	0.01	6	15600	买盘
10:42:34	25.99	0.02	99	257300	买盘
10:42:24	25.97	-0.02	357	927129	卖盘
10:42:19	25.99	-0.01	134	348266	卖盘
10:42:13	26.0	0.01	179	465400	买盘
10:42:09	25.99	-0.01	223	579577	卖盘
10:42:04	26.0	--	176	457600	买盘
10:41:58	26.0	-0.07	74	192400	卖盘
10:41:54	26.07	0.04	236	615252	买盘
10:41:49	26.03	0.01	741	1928823	买盘
10:41:43	26.02	-0.01	14	36428	卖盘
10:41:39	26.03	--	83	216049	买盘
10:41:34	26.03	-0.04	25	65075	中性盘
10:41:28	26.07	0.03	336	875952	买盘
10:41:23	26.04	0.01	163	424452	买盘
10:41:19	26.03	-0.01	129	335787	卖盘
10:41:13	26.04	--	7	18228	买盘
10:41:09	26.04	-0.01	20	52080	卖盘
10:41:04	26.05	0.04	166	432430	卖盘
10:40:58	26.01	--	0	0	卖盘
10:40:52	26.01	--	47	122247	买盘
10:40:49	26.01	-0.06	27	70227	中性盘
10:40:43	26.07	0.05	283	737781	买盘
10:40:37	26.02	0.01	24	62448	买盘
10:40:34	26.01	--	51	132651	卖盘
10:40:28	26.01	0.02	375	975375	买盘
10:40:22	25.99	--	39	101361	买盘
10:40:19	25.99	0.02	79	205321	买盘
10:40:13	25.97	-0.02	189	490833	卖盘
10:40:07	25.99	--	313	813487	买盘
10:40:03	25.99	0.04	120	311880	买盘
10:39:58	25.95	-0.04	99	256905	卖盘
10:39:52	25.99	0.03	3	7796	买盘
10:39:48	25.96	--	34	88264	卖盘
10:39:43	25.96	0.01	11	28556	中性盘
10:39:37	25.95	--	78	202410	卖盘
10:39:33	25.95	--	6	15570	卖盘
10:39:28	25.95	-0.05	219	568305	卖盘
10:39:22	26.0	--	12	31200	买盘
10:39:18	26.0	-0.01	79	205400	卖盘
10:39:13	26.01	0.01	195	507195	中性盘
10:39:07	26.0	-0.02	67	174200	卖盘
10:39:03	26.02	-0.03	133	346066	卖盘
10:38:58	26.05	--	2	5210	买盘
10:38:52	26.05	--	14	36470	卖盘
10:38:48	26.05	-0.01	21	54705	中性盘
10:38:43	26.06	-0.01	415	1081490	卖盘
10:38:37	26.07	-0.01	2	5214	卖盘
10:38:33	26.08	--	150	393025	卖盘
10:38:28	26.08	--	76	198208	卖盘
10:38:22	26.08	0.03	264	689294	买盘
10:38:18	26.05	-0.02	140	364700	卖盘
10:38:13	26.07	0.07	29	75603	买盘
10:38:07	26.0	-0.06	1291	3356600	卖盘
10:38:03	26.06	-0.02	77	200662	中性盘
10:37:58	26.08	0.01	962	2508896	买盘
10:37:52	26.07	--	234	610038	买盘
10:37:48	26.07	-0.02	468	1220076	卖盘
10:37:43	26.09	--	198	516582	买盘
10:37:37	26.09	-0.01	677	1766684	卖盘
10:37:33	26.1	--	78	203580	买盘
10:37:28	26.1	0.02	40	106618	买盘
10:37:22	26.08	--	5	13040	卖盘
10:37:18	26.08	--	5	13040	中性盘
10:37:13	26.08	0.01	62	161696	买盘
10:37:07	26.07	-0.01	10	26070	卖盘
10:37:03	26.08	--	105	273840	买盘
10:36:58	26.08	-0.02	25	65199	中性盘
10:36:52	26.1	0.03	217	566370	买盘
10:36:48	26.07	--	69	179883	买盘
10:36:43	26.07	-0.03	918	2393617	卖盘
10:36:37	26.1	-0.01	706	1842660	卖盘
10:36:33	26.11	0.01	473	1235003	买盘
10:36:28	26.1	--	482	1258020	卖盘
10:36:22	26.1	--	89	232290	买盘
10:36:18	26.1	0.01	327	853470	买盘
10:36:13	26.09	-0.01	848	2214362	卖盘
10:36:07	26.1	0.01	556	1451447	买盘
10:36:03	26.09	0.01	8	20872	买盘
10:35:58	26.08	0.01	154	401632	买盘
10:35:52	26.07	-0.02	178	464046	卖盘
10:35:48	26.09	0.01	259	675731	买盘
10:35:42	26.08	0.01	628	1637824	买盘
10:35:37	26.07	--	120	312840	买盘
10:35:33	26.07	0.02	83	216381	中性盘
10:35:28	26.05	--	113	294365	卖盘
10:35:22	26.05	-0.03	158	411590	卖盘
10:35:18	26.08	0.03	83	216464	买盘
10:35:13	26.05	-0.05	61	158905	卖盘
10:35:07	26.1	0.01	25	65250	买盘
10:35:03	26.09	0.04	270	704430	买盘
10:34:58	26.05	-0.03	642	1672410	卖盘
10:34:52	26.08	-0.02	35	91280	卖盘
10:34:48	26.1	0.01	131	341910	买盘
10:34:43	26.09	0.01	33	86097	卖盘
10:34:37	26.08	-0.02	63	164304	卖盘
10:34:31	26.1	0.04	226	589860	买盘
10:34:28	26.06	0.01	19	49514	中性盘
10:34:22	26.05	0.01	166	432430	买盘
10:34:16	26.04	-0.01	252	656208	卖盘
10:34:13	26.05	-0.01	49	127645	卖盘
10:34:07	26.06	-0.02	352	917312	中性盘
10:34:01	26.08	0.03	350	912799	买盘
10:33:57	26.05	-0.01	181	471505	卖盘
10:33:52	26.06	--	100	260600	买盘
10:33:46	26.06	0.01	62	161572	买盘
10:33:42	26.05	-0.01	181	471505	卖盘
10:33:37	26.06	-0.01	103	268418	卖盘
10:33:31	26.07	--	67	174669	买盘
10:33:27	26.07	--	339	883773	卖盘
10:33:22	26.07	--	222	578754	卖盘
10:33:16	26.07	-0.01	55	143385	卖盘
10:33:12	26.08	--	106	276448	买盘
10:33:07	26.08	0.01	41	106928	卖盘
10:33:01	26.07	-0.01	18	46926	卖盘
10:32:57	26.08	--	243	633744	买盘
10:32:52	26.08	--	231	602448	买盘
10:32:46	26.08	--	24	62591	买盘
10:32:42	26.08	0.01	81	211248	买盘
10:32:37	26.07	-0.06	300	782100	卖盘
10:32:31	26.13	0.01	2	5226	买盘
10:32:27	26.12	--	111	289932	买盘
10:32:22	26.12	-0.01	761	1987732	中性盘
10:32:16	26.13	0.01	15	39195	买盘
10:32:12	26.12	--	105	274260	卖盘
10:32:07	26.12	-0.04	473	1235476	卖盘
10:32:01	26.16	--	142	371472	买盘
10:31:57	26.16	-0.01	240	627840	卖盘
10:31:52	26.17	-0.02	193	505081	买盘
10:31:46	26.19	0.02	55	144045	买盘
10:31:42	26.17	-0.01	84	219828	卖盘
10:31:37	26.18	-0.02	347	908446	卖盘
10:31:31	26.2	0.01	192	503040	买盘
10:31:27	26.19	-0.01	61	159759	中性盘
10:31:22	26.2	--	547	1433140	买盘
10:31:16	26.2	0.01	168	440160	买盘
10:31:12	26.19	-0.04	389	1018791	卖盘
10:31:07	26.23	0.03	904	2371192	买盘
10:31:01	26.2	-0.03	111	290820	卖盘
10:30:57	26.23	--	674	1767902	买盘
10:30:52	26.23	-0.02	412	1080676	买盘
10:30:46	26.25	0.05	488	1281000	买盘
10:30:42	26.2	-0.04	2013	5274060	卖盘
10:30:37	26.24	-0.05	845	2217280	卖盘
10:30:31	26.29	0.02	104	273416	买盘
10:30:27	26.27	--	420	1103340	买盘
10:30:22	26.27	--	1304	3425608	买盘
10:30:16	26.27	--	481	1263587	买盘
10:30:12	26.27	-0.03	1273	3344171	卖盘
10:30:07	26.3	--	190	499700	卖盘
10:30:01	26.3	0.03	687	1806810	买盘
10:29:57	26.27	0.07	394	1035038	买盘
10:29:52	26.2	--	1267	3319540	买盘
10:29:46	26.2	--	333	872460	买盘
10:29:42	26.2	--	499	1307380	买盘
10:29:37	26.2	--	815	2135300	买盘
10:29:31	26.2	0.03	458	1199960	买盘
10:29:27	26.17	0.01	119	311423	买盘
10:29:22	26.16	0.01	162	423792	买盘
10:29:16	26.15	--	359	938785	买盘
10:29:12	26.15	0.03	457	1195055	买盘
10:29:07	26.12	--	409	1068308	卖盘
10:29:01	26.12	--	43	112316	买盘
10:28:57	26.12	0.03	624	1629888	买盘
10:28:52	26.09	-0.01	285	743565	中性盘
10:28:46	26.1	0.02	685	1787850	买盘
10:28:40	26.08	--	69	179952	买盘
10:28:37	26.08	0.01	658	1716064	买盘
10:28:31	26.07	0.01	83	216381	买盘
10:28:27	26.06	-0.01	397	1034582	卖盘
10:28:21	26.07	-0.01	354	922878	中性盘
10:28:16	26.08	--	320	834560	买盘
10:28:10	26.08	--	154	401632	买盘
10:28:07	26.08	0.01	727	1896015	买盘
10:28:01	26.07	0.01	124	323268	买盘
10:27:55	26.06	0.01	29	75574	买盘
10:27:51	26.05	--	64	166720	卖盘
10:27:46	26.05	--	190	494950	买盘
10:27:40	26.05	0.01	24	62520	买盘
10:27:36	26.04	0.02	40	104160	中性盘
10:27:31	26.02	-0.01	628	1634056	卖盘
10:27:25	26.03	-0.01	32	83296	卖盘
10:27:21	26.04	0.01	220	572880	买盘
10:27:16	26.03	0.01	155	403465	买盘
10:27:10	26.02	--	100	260200	卖盘
10:27:06	26.02	-0.01	33	85866	卖盘
10:27:01	26.03	0.03	182	473746	买盘
10:26:55	26.0	--	53	137800	卖盘
10:26:51	26.0	--	80	208000	卖盘
10:26:46	26.0	--	0	0	中性盘
10:26:40	26.0	--	187	486200	买盘
10:26:36	26.0	0.01	100	260000	买盘
10:26:31	25.99	-0.01	166	431434	卖盘
10:26:25	26.0	--	33	85800	买盘
10:26:21	26.0	0.01	97	252200	买盘
10:26:16	25.99	--	28	72772	卖盘
10:26:10	25.99	0.01	30	77970	中性盘
10:26:06	25.98	--	136	353328	卖盘
10:26:01	25.98	-0.01	20	51960	卖盘
10:25:55	25.99	0.01	27	70173	买盘
10:25:51	25.98	0.01	16	41568	买盘
10:25:46	25.97	--	73	189581	卖盘
10:25:40	25.97	--	10	25970	卖盘
10:25:36	25.97	--	164	425908	买盘
10:25:31	25.97	--	205	532385	买盘
10:25:25	25.97	--	64	166208	买盘
10:25:21	25.97	--	43	111671	买盘
10:25:16	25.97	--	101	262297	买盘
10:25:10	25.97	--	34	88298	买盘
10:25:06	25.97	0.01	49	127253	买盘
10:25:01	25.96	-0.01	249	646404	卖盘
10:24:55	25.97	--	77	199969	买盘
10:24:51	25.97	-0.03	554	1438738	卖盘
10:24:46	26.0	0.02	62	161200	买盘
10:24:40	25.98	--	119	309162	买盘
10:24:36	25.98	--	128	332544	卖盘
10:24:31	25.98	--	43	111714	卖盘
10:24:25	25.98	--	114	296172	买盘
10:24:21	25.98	-0.01	109	283182	卖盘
10:24:16	25.99	0.03	42	109158	中性盘
10:24:10	25.96	-0.04	273	708708	卖盘
10:24:06	26.0	0.03	88	228800	买盘
10:24:01	25.97	-0.03	11	28567	卖盘
10:23:55	26.0	0.01	77	200200	买盘
10:23:51	25.99	-0.01	119	309281	中性盘
10:23:46	26.0	0.03	49	127400	买盘
10:23:40	25.97	-0.03	145	376565	卖盘
10:23:36	26.0	-0.02	295	767000	卖盘
10:23:31	26.02	--	97	252394	买盘
10:23:25	26.02	0.02	16	41632	买盘
10:23:21	26.0	--	304	790400	买盘
10:23:16	26.0	--	170	442000	买盘
10:23:10	26.0	--	76	197600	买盘
10:23:06	26.0	-0.02	41	106600	中性盘
10:23:01	26.02	--	236	614072	买盘
10:22:55	26.02	0.02	672	1748544	买盘
10:22:51	26.0	0.04	173	449800	买盘
10:22:46	25.96	-0.05	128	332288	卖盘
10:22:40	26.01	0.01	37	96237	中性盘
10:22:35	26.0	0.02	166	431600	买盘
10:22:31	25.98	-0.07	189	491022	卖盘
10:22:25	26.05	0.05	1073	2795165	买盘
10:22:20	26.0	--	148	384800	买盘
10:22:16	26.0	-0.03	522	1357200	卖盘
10:22:10	26.03	0.01	398	1035994	买盘
10:22:04	26.02	-0.03	282	733764	卖盘
10:22:00	26.05	0.03	430	1120150	买盘
10:21:55	26.02	-0.03	268	697336	卖盘
10:21:49	26.05	--	27	70335	买盘
10:21:45	26.05	0.05	313	815365	买盘
10:21:40	26.0	-0.05	912	2371200	卖盘
10:21:34	26.05	--	64	166720	买盘
10:21:30	26.05	0.01	862	2245510	买盘
10:21:25	26.04	0.03	593	1544172	买盘
10:21:19	26.01	0.01	38	98838	中性盘
10:21:15	26.0	--	99	257400	买盘
10:21:10	26.0	0.03	1202	3125200	买盘
10:21:04	25.97	-0.02	252	654444	卖盘
10:21:00	25.99	-0.01	20	51980	买盘
10:20:55	26.0	0.02	393	1021800	买盘
10:20:49	25.98	--	39	101322	买盘
10:20:45	25.98	0.02	95	246810	买盘
10:20:40	25.96	0.01	226	586696	买盘
10:20:34	25.95	--	166	430770	买盘
10:20:30	25.95	0.02	287	744765	买盘
10:20:25	25.93	0.02	28	72604	买盘
10:20:19	25.91	--	10	25910	卖盘
10:20:15	25.91	0.01	496	1286146	买盘
10:20:10	25.9	0.02	86	222740	买盘
10:20:04	25.88	0.04	196	507248	买盘
10:20:00	25.84	-0.03	20	51680	卖盘
10:19:55	25.87	0.04	225	582075	买盘
10:19:49	25.83	--	46	118817	卖盘
10:19:45	25.83	0.01	126	325458	买盘
10:19:40	25.82	0.01	28	72296	中性盘
10:19:34	25.81	-0.02	7	18067	卖盘
10:19:30	25.83	0.03	69	178227	买盘
10:19:25	25.8	--	57	147060	卖盘
10:19:19	25.8	--	2	5160	卖盘
10:19:15	25.8	0.02	124	319920	中性盘
10:19:10	25.78	--	166	427948	卖盘
10:19:04	25.78	-0.01	87	224286	卖盘
10:19:00	25.79	-0.01	703	1813037	卖盘
10:18:55	25.8	--	243	626940	买盘
10:18:49	25.8	0.01	99	255420	买盘
10:18:45	25.79	-0.01	124	319796	卖盘
10:18:40	25.8	--	469	1210020	卖盘
10:18:34	25.8	-0.02	7	18060	卖盘
10:18:30	25.82	0.01	188	485416	买盘
10:18:25	25.81	-0.01	398	1027238	卖盘
10:18:19	25.82	0.02	10	25820	买盘
10:18:15	25.8	-0.02	123	317340	卖盘
10:18:10	25.82	-0.02	16	41312	中性盘
10:18:04	25.84	0.04	50	129200	买盘
10:18:00	25.8	-0.02	424	1093920	卖盘
10:17:55	25.82	--	244	630008	卖盘
10:17:49	25.82	-0.01	49	126518	卖盘
10:17:45	25.83	0.01	242	625086	买盘
10:17:40	25.82	0.01	474	1223868	买盘
10:17:34	25.81	--	0	0	卖盘
10:17:30	25.81	-0.01	358	923998	卖盘
10:17:25	25.82	-0.02	311	803002	卖盘
10:17:19	25.84	0.01	2	5168	买盘
10:17:15	25.83	-0.02	928	2397024	卖盘
10:17:10	25.85	-0.01	773	1998205	卖盘
10:17:04	25.86	--	161	416346	买盘
10:17:00	25.86	-0.03	943	2438598	卖盘
10:16:55	25.89	--	18	46602	买盘
10:16:49	25.89	0.02	39	100971	买盘
10:16:45	25.87	0.03	56	144872	买盘
10:16:40	25.84	-0.02	62	160208	卖盘
10:16:34	25.86	-0.04	7	18102	卖盘
10:16:30	25.9	0.04	121	313390	买盘
10:16:25	25.86	0.02	45	116370	买盘
10:16:19	25.84	-0.02	23	59432	卖盘
10:16:14	25.86	--	33	85338	买盘
10:16:10	25.86	--	97	250842	买盘
10:16:04	25.86	--	25	64650	买盘
10:15:59	25.86	-0.01	948	2451528	卖盘
10:15:55	25.87	--	716	1852292	买盘
10:15:49	25.87	--	57	147459	买盘
10:15:43	25.87	--	77	199199	买盘
10:15:39	25.87	--	34	87958	买盘
10:15:34	25.87	0.01	164	424268	卖盘
10:15:28	25.86	0.01	14	36204	卖盘
10:15:24	25.85	-0.01	254	656590	卖盘
10:15:19	25.86	0.01	27	69822	中性盘
10:15:13	25.85	0.02	30	77550	卖盘
10:15:09	25.83	-0.04	56	144648	卖盘
10:15:04	25.87	0.04	581	1503047	买盘
10:14:58	25.83	--	55	142065	买盘
10:14:54	25.83	0.01	36	92988	买盘
10:14:49	25.82	--	231	596442	买盘
10:14:43	25.82	0.01	24	61968	买盘
10:14:39	25.81	-0.01	135	348435	卖盘
10:14:34	25.82	--	67	172994	买盘
10:14:28	25.82	0.01	123	317586	买盘
10:14:24	25.81	-0.01	7	18067	中性盘
10:14:19	25.82	0.01	147	379554	买盘
10:14:13	25.81	0.01	146	376826	买盘
10:14:09	25.8	0.01	428	1104240	买盘
10:14:04	25.79	0.01	151	389429	买盘
10:13:58	25.78	-0.01	35	90230	中性盘
10:13:54	25.79	--	73	188267	买盘
10:13:49	25.79	--	389	1003231	买盘
10:13:43	25.79	0.02	106	273374	卖盘
10:13:34	25.77	--	186	479322	卖盘
10:13:28	25.77	--	39	100503	卖盘
10:13:24	25.77	--	9	23193	卖盘
10:13:19	25.77	--	22	56694	卖盘
10:13:13	25.77	--	70	180390	买盘
10:13:09	25.77	0.01	303	780831	买盘
10:13:04	25.76	-0.01	110	283360	卖盘
10:12:58	25.77	0.01	16	41232	买盘
10:12:54	25.76	--	144	370944	卖盘
10:12:49	25.76	-0.01	135	347760	卖盘
10:12:43	25.77	0.02	46	118542	买盘
10:12:39	25.75	-0.01	226	581950	卖盘
10:12:34	25.76	-0.01	59	151984	卖盘
10:12:28	25.77	--	31	79887	买盘
10:12:24	25.77	--	175	450975	买盘
10:12:19	25.77	0.01	29	74733	卖盘
10:12:13	25.76	-0.02	33	85008	卖盘
10:12:09	25.78	0.03	186	479972	买盘
10:12:04	25.75	-0.02	176	453200	卖盘
10:11:58	25.77	0.02	132	340164	买盘
10:11:54	25.75	-0.02	247	636025	卖盘
10:11:49	25.77	--	46	118542	买盘
10:11:43	25.77	-0.03	173	447186	卖盘
10:11:39	25.8	0.02	99	255420	买盘
10:11:34	25.78	-0.06	402	1036356	卖盘
10:11:28	25.84	--	268	692512	买盘
10:11:24	25.84	-0.01	200	516800	卖盘
10:11:19	25.85	--	180	465300	买盘
10:11:13	25.85	--	107	276595	买盘
10:11:09	25.85	-0.01	308	796180	卖盘
10:11:04	25.86	0.01	12	31032	买盘
10:10:58	25.85	-0.01	135	348975	卖盘
10:10:54	25.86	0.01	144	372384	买盘
10:10:49	25.85	0.01	52	134420	买盘
10:10:43	25.84	0.01	5	12920	卖盘
10:10:39	25.83	-0.01	98	253133	卖盘
10:10:33	25.84	0.01	65	167960	买盘
10:10:28	25.83	--	4	10332	卖盘
10:10:24	25.83	--	109	281547	买盘
10:10:18	25.83	0.03	92	237635	买盘
10:10:13	25.8	-0.03	333	859140	卖盘
10:10:09	25.83	--	215	555345	买盘
10:10:04	25.83	0.01	9	23247	买盘
10:09:58	25.82	0.03	7	18074	中性盘
10:09:54	25.79	-0.01	752	1939408	卖盘
10:09:49	25.8	-0.02	335	864300	卖盘
10:09:43	25.82	0.02	21	54222	买盘
10:09:38	25.8	--	57	148272	买盘
10:09:34	25.8	0.01	227	585660	买盘
10:09:28	25.79	--	25	64475	卖盘
10:09:22	25.79	0.01	169	435851	买盘
10:09:18	25.78	--	60	154680	卖盘
10:09:13	25.78	--	53	136634	卖盘
10:09:07	25.78	-0.01	73	188194	卖盘
10:09:03	25.79	0.01	201	518379	买盘
10:08:58	25.78	--	35	90230	卖盘
10:08:52	25.78	-0.02	16	41248	卖盘
10:08:48	25.8	0.02	329	848820	买盘
10:08:43	25.78	--	140	360920	买盘
10:08:37	25.78	--	27	69606	买盘
10:08:33	25.78	--	130	335140	买盘
10:08:28	25.78	-0.02	131	337718	买盘
10:08:22	25.8	0.02	54	139320	买盘
10:08:18	25.78	-0.02	511	1317358	卖盘
10:08:13	25.8	--	294	758520	买盘
10:08:07	25.8	0.02	4	10320	买盘
10:08:03	25.78	-0.02	167	430526	卖盘
10:07:58	25.8	0.01	234	603720	买盘
10:07:52	25.79	-0.01	4	10316	中性盘
10:07:48	25.8	0.03	606	1563480	买盘
10:07:43	25.77	--	349	899373	卖盘
10:07:37	25.77	-0.01	64	164928	卖盘
10:07:33	25.78	0.01	47	121166	买盘
10:07:28	25.77	-0.01	48	123696	卖盘
10:07:22	25.78	0.02	72	185616	买盘
10:07:18	25.76	-0.02	34	87584	买盘
10:07:13	25.78	0.02	52	134056	买盘
10:07:07	25.76	--	193	497168	卖盘
10:07:03	25.76	-0.01	299	772207	卖盘
10:06:58	25.77	0.01	211	543747	买盘
10:06:52	25.76	0.01	15	38640	买盘
10:06:48	25.75	-0.01	135	347625	卖盘
10:06:43	25.76	-0.01	300	772800	卖盘
10:06:37	25.77	0.01	7	18039	买盘
10:06:33	25.76	-0.01	131	337456	卖盘
10:06:28	25.77	--	10	25770	买盘
10:06:22	25.77	--	15	38655	买盘
10:06:18	25.77	--	53	136581	买盘
10:06:13	25.77	0.01	67	172659	买盘
10:06:07	25.76	0.01	24	61824	卖盘
10:06:03	25.75	-0.01	316	813700	卖盘
10:05:58	25.76	0.01	160	412160	卖盘
10:05:52	25.75	--	25	64375	卖盘
10:05:48	25.75	-0.01	185	476375	卖盘
10:05:43	25.76	-0.01	71	182896	中性盘
10:05:37	25.77	0.03	24	61848	买盘
10:05:33	25.74	-0.03	352	906048	卖盘
10:05:28	25.77	--	39	100503	卖盘
10:05:22	25.77	--	149	383973	卖盘
10:05:18	25.77	--	447	1151919	买盘
10:05:13	25.77	--	68	175236	买盘
10:05:07	25.77	--	62	159774	买盘
10:05:03	25.77	--	42	108234	买盘
10:04:58	25.77	-0.01	121	311817	卖盘
10:04:52	25.78	--	16	41248	买盘
10:04:48	25.78	0.01	185	476930	买盘
10:04:43	25.77	--	105	270585	卖盘
10:04:37	25.77	--	22	56694	卖盘
10:04:33	25.77	-0.01	82	211314	买盘
10:04:28	25.78	0.01	325	837850	买盘
10:04:22	25.77	--	12	30924	买盘
10:04:18	25.77	--	225	579825	卖盘
10:04:13	25.77	0.02	98	252546	买盘
10:04:07	25.75	-0.03	150	386250	卖盘
10:04:03	25.78	--	115	296470	买盘
10:03:57	25.78	--	70	180460	买盘
10:03:52	25.78	--	4	10312	买盘
10:03:48	25.78	--	250	644500	卖盘
10:03:43	25.78	--	39	100542	卖盘
10:03:37	25.78	--	47	121166	卖盘
10:03:33	25.78	--	45	116010	买盘
10:03:27	25.78	--	32	82496	买盘
10:03:22	25.78	--	20	51560	买盘
10:03:17	25.78	-0.02	139	358342	卖盘
10:03:13	25.8	--	632	1630560	买盘
10:03:07	25.8	0.01	432	1114560	买盘
10:03:02	25.79	-0.01	161	415219	中性盘
10:02:58	25.8	0.01	295	761100	买盘
10:02:52	25.79	--	179	461641	买盘
10:02:46	25.79	-0.01	145	373955	卖盘
10:02:42	25.8	--	275	709500	买盘
10:02:37	25.8	0.01	57	147060	买盘
10:02:27	25.79	0.03	700	1805300	买盘
10:02:22	25.76	0.01	97	249872	买盘
10:02:16	25.75	0.02	2	5150	买盘
10:02:12	25.73	--	119	306187	卖盘
10:02:07	25.73	--	315	810495	买盘
10:02:01	25.73	0.01	35	90055	买盘
10:01:57	25.72	0.01	26	66872	卖盘
10:01:52	25.71	0.01	124	318804	中性盘
10:01:46	25.7	-0.02	67	172190	卖盘
10:01:42	25.72	0.02	169	434668	买盘
10:01:37	25.7	--	124	318680	买盘
10:01:31	25.7	--	6	15420	买盘
10:01:27	25.7	0.01	223	573110	买盘
10:01:22	25.69	0.02	25	64225	中性盘
10:01:16	25.67	-0.03	62	159154	卖盘
10:01:12	25.7	0.05	273	701610	买盘
10:01:07	25.65	--	101	259065	卖盘
10:01:01	25.65	--	31	79515	卖盘
10:00:57	25.65	--	164	420660	卖盘
10:00:52	25.65	-0.03	270	692550	卖盘
10:00:46	25.68	0.04	909	2334312	买盘
10:00:42	25.64	-0.01	150	384600	卖盘
10:00:37	25.65	0.02	226	579690	卖盘
10:00:31	25.63	-0.01	238	609994	卖盘
10:00:27	25.64	-0.01	69	176916	卖盘
10:00:22	25.65	--	36	92340	中性盘
10:00:16	25.65	--	240	615600	买盘
10:00:12	25.65	--	194	497610	卖盘
10:00:07	25.65	-0.01	113	289845	卖盘
10:00:01	25.66	0.01	128	328448	买盘
09:59:57	25.65	0.01	246	630990	买盘
09:59:52	25.64	-0.03	216	553824	卖盘
09:59:46	25.67	0.02	44	112948	买盘
09:59:42	25.65	--	165	423225	卖盘
09:59:37	25.65	0.02	106	271890	买盘
09:59:31	25.63	-0.01	60	153780	卖盘
09:59:27	25.64	-0.01	207	530748	卖盘
09:59:22	25.65	--	327	838755	买盘
09:59:16	25.65	0.01	1100	2821500	买盘
09:59:12	25.64	0.02	326	835864	买盘
09:59:07	25.62	-0.04	367	940254	卖盘
09:59:01	25.66	0.01	51	130866	买盘
09:58:57	25.65	-0.01	210	538650	卖盘
09:58:52	25.66	0.01	72	184752	买盘
09:58:46	25.65	-0.02	254	651510	卖盘
09:58:42	25.67	--	293	752131	买盘
09:58:37	25.67	--	229	587843	买盘
09:58:31	25.67	--	232	595544	买盘
09:58:27	25.67	-0.01	393	1008831	卖盘
09:58:22	25.68	--	265	680520	卖盘
09:58:16	25.68	0.01	204	523872	买盘
09:58:12	25.67	--	227	582709	卖盘
09:58:07	25.67	-0.01	284	729028	卖盘
09:58:01	25.68	--	47	120696	买盘
09:57:57	25.68	0.01	65	166920	中性盘
09:57:52	25.67	-0.02	495	1270665	卖盘
09:57:46	25.69	-0.01	45	115605	中性盘
09:57:42	25.7	--	302	776140	买盘
09:57:36	25.7	0.01	242	621940	买盘
09:57:31	25.69	-0.01	152	390488	中性盘
09:57:27	25.7	--	103	264710	买盘
09:57:22	25.7	0.02	78	200460	中性盘
09:57:16	25.68	-0.02	143	367224	卖盘
09:57:12	25.7	--	329	845530	买盘
09:57:06	25.7	-0.01	149	382930	卖盘
09:57:01	25.71	-0.01	48	123408	买盘
09:56:56	25.72	0.04	453	1165116	买盘
09:56:51	25.68	-0.04	50	128400	中性盘
09:56:46	25.72	0.01	174	447528	买盘
09:56:42	25.71	0.01	75	192825	买盘
09:56:37	25.7	--	289	742730	卖盘
09:56:31	25.7	0.03	63	161910	买盘
09:56:26	25.67	--	127	326009	卖盘
09:56:21	25.67	-0.01	563	1445221	卖盘
09:56:16	25.68	0.02	692	1777056	买盘
09:56:10	25.66	-0.01	236	605576	卖盘
09:56:07	25.67	0.01	469	1203923	买盘
09:56:01	25.66	-0.01	2092	5368072	中性盘
09:55:55	25.67	0.01	185	474895	买盘
09:55:51	25.66	0.01	321	823686	买盘
09:55:46	25.65	0.02	215	551475	中性盘
09:55:40	25.63	-0.02	168	430584	卖盘
09:55:36	25.65	0.03	366	938790	买盘
09:55:31	25.62	-0.01	311	796782	卖盘
09:55:25	25.63	-0.02	88	225544	卖盘
09:55:21	25.65	0.04	386	990090	买盘
09:55:16	25.61	--	489	1252329	卖盘
09:55:10	25.61	-0.01	182	466102	卖盘
09:55:06	25.62	--	573	1468026	卖盘
09:55:01	25.62	--	654	1675548	卖盘
09:54:55	25.62	--	31	79422	卖盘
09:54:51	25.62	-0.04	376	963312	卖盘
09:54:46	25.66	-0.01	246	631236	中性盘
09:54:40	25.67	--	312	800904	买盘
09:54:36	25.67	-0.01	1891	4854197	卖盘
09:54:31	25.68	--	1902	4884336	卖盘
09:54:25	25.68	-0.05	63	161784	卖盘
09:54:21	25.73	-0.03	217	558341	中性盘
09:54:16	25.76	--	537	1383312	买盘
09:54:10	25.76	0.01	19	48944	买盘
09:54:06	25.75	-0.04	416	1071200	卖盘
09:54:01	25.79	-0.01	430	1108970	卖盘
09:53:55	25.8	--	3	7740	买盘
09:53:51	25.8	-0.08	2784	7184087	卖盘
09:53:46	25.88	-0.01	345	892860	卖盘
09:53:40	25.89	-0.01	16	41424	卖盘
09:53:36	25.9	0.01	255	660450	买盘
09:53:31	25.89	0.01	76	196764	买盘
09:53:25	25.88	-0.02	159	411492	卖盘
09:53:21	25.9	--	164	424760	买盘
09:53:16	25.9	--	254	657860	买盘
09:53:10	25.9	0.01	31	80290	买盘
09:53:06	25.89	-0.03	765	1980585	卖盘
09:53:01	25.92	0.01	198	513216	买盘
09:52:55	25.91	0.01	69	178779	买盘
09:52:51	25.9	--	21	54390	卖盘
09:52:46	25.9	--	441	1142190	卖盘
09:52:40	25.9	0.01	501	1297590	买盘
09:52:36	25.89	--	687	1778643	买盘
09:52:31	25.89	--	275	711975	买盘
09:52:25	25.89	-0.01	60	155340	卖盘
09:52:21	25.9	--	507	1313130	卖盘
09:52:16	25.9	0.01	167	432530	买盘
09:52:10	25.89	-0.02	136	352104	卖盘
09:52:06	25.91	0.01	282	730662	买盘
09:52:01	25.9	0.02	50	129500	买盘
09:51:55	25.88	-0.03	152	393376	卖盘
09:51:51	25.91	-0.01	191	494881	卖盘
09:51:46	25.92	0.02	358	927936	买盘
09:51:40	25.9	--	179	463610	卖盘
09:51:36	25.9	-0.02	340	880600	卖盘
09:51:31	25.92	0.03	37	95904	买盘
09:51:25	25.89	--	277	719405	中性盘
09:51:21	25.89	0.01	724	1874436	买盘
09:51:16	25.88	-0.02	130	336440	买盘
09:51:10	25.9	--	216	559440	买盘
09:51:06	25.9	--	86	222740	买盘
09:51:01	25.9	0.04	51	132090	买盘
09:50:55	25.86	--	280	724080	买盘
09:50:51	25.86	-0.02	217	561162	卖盘
09:50:46	25.88	0.02	35	90580	买盘
09:50:40	25.86	--	52	134472	卖盘
09:50:36	25.86	--	158	408588	卖盘
09:50:30	25.86	0.01	524	1355064	买盘
09:50:25	25.85	-0.01	48	124080	卖盘
09:50:21	25.86	0.03	165	426690	买盘
09:50:15	25.83	-0.02	331	854973	卖盘
09:50:10	25.85	0.02	41	105985	买盘
09:50:06	25.83	-0.01	301	777483	卖盘
09:50:01	25.84	-0.01	127	329718	中性盘
09:49:55	25.85	0.03	343	886655	买盘
09:49:50	25.82	-0.01	208	537056	卖盘
09:49:46	25.83	--	694	1792601	买盘
09:49:40	25.83	--	130	335790	中性盘
09:49:34	25.83	0.01	68	175644	卖盘
09:49:30	25.82	-0.02	62	160084	卖盘
09:49:25	25.84	0.01	148	382432	买盘
09:49:19	25.83	0.02	166	428778	买盘
09:49:15	25.81	-0.02	237	611697	卖盘
09:49:10	25.83	--	351	906632	买盘
09:49:04	25.83	-0.01	112	289296	卖盘
09:49:00	25.84	0.01	193	498712	中性盘
09:48:55	25.83	-0.03	439	1133937	卖盘
09:48:49	25.86	--	48	124128	买盘
09:48:45	25.86	-0.02	180	465480	卖盘
09:48:40	25.88	0.02	121	313148	买盘
09:48:34	25.86	0.01	198	512028	买盘
09:48:30	25.85	-0.05	51	131835	中性盘
09:48:25	25.9	0.01	981	2540790	买盘
09:48:19	25.89	0.01	48	124272	买盘
09:48:15	25.88	-0.01	81	209628	卖盘
09:48:10	25.89	0.01	64	165696	买盘
09:48:04	25.88	--	55	142340	买盘
09:48:00	25.88	--	103	266564	买盘
09:47:55	25.88	--	154	398552	买盘
09:47:49	25.88	-0.01	18	46584	卖盘
09:47:45	25.89	0.06	125	323625	买盘
09:47:40	25.83	0.02	38	98154	中性盘
09:47:34	25.81	-0.05	44	113564	卖盘
09:47:30	25.86	0.05	146	377556	买盘
09:47:25	25.81	0.01	90	232290	中性盘
09:47:19	25.8	--	43	110940	卖盘
09:47:15	25.8	0.02	229	590820	买盘
09:47:10	25.78	-0.02	239	616142	卖盘
09:47:04	25.8	0.01	67	172860	买盘
09:47:00	25.79	-0.01	2795	7208305	卖盘
09:46:55	25.8	--	187	482460	卖盘
09:46:49	25.8	--	98	252840	卖盘
09:46:45	25.8	--	907	2340060	买盘
09:46:40	25.8	-0.01	733	1891140	卖盘
09:46:34	25.81	-0.01	69	178089	卖盘
09:46:30	25.82	--	361	932102	买盘
09:46:25	25.82	-0.02	855	2207610	卖盘
09:46:19	25.84	-0.01	179	462536	卖盘
09:46:15	25.85	0.01	95	245575	买盘
09:46:10	25.84	-0.05	159	410856	卖盘
09:46:04	25.89	--	1321	3420069	买盘
09:46:00	25.89	-0.01	157	406473	中性盘
09:45:55	25.9	--	649	1680910	买盘
09:45:49	25.9	--	297	769566	卖盘
09:45:45	25.9	--	746	1932140	卖盘
09:45:40	25.9	-0.02	447	1157730	卖盘
09:45:34	25.92	0.02	48	124416	中性盘
09:45:30	25.9	-0.04	462	1196580	卖盘
09:45:25	25.94	-0.01	237	616879	卖盘
09:45:19	25.95	-0.02	55	142725	卖盘
09:45:15	25.97	--	344	893861	买盘
09:45:10	25.97	-0.03	1799	4674106	卖盘
09:45:04	26.0	0.02	115	299000	买盘
09:45:00	25.98	-0.02	2515	6533970	卖盘
09:44:55	26.0	-0.01	1298	3374800	卖盘
09:44:49	26.01	--	39	101439	买盘
09:44:45	26.01	-0.02	59	153459	卖盘
09:44:40	26.03	0.01	378	983934	买盘
09:44:34	26.02	-0.01	52	135304	卖盘
09:44:30	26.03	-0.01	277	721031	卖盘
09:44:25	26.04	--	239	622356	买盘
09:44:19	26.04	0.01	263	684852	买盘
09:44:15	26.03	0.01	89	231667	买盘
09:44:10	26.02	-0.01	127	330454	卖盘
09:44:04	26.03	--	35	91105	买盘
09:44:00	26.03	--	117	304551	买盘
09:43:54	26.03	0.01	235	611705	买盘
09:43:49	26.02	-0.01	98	254996	卖盘
09:43:45	26.03	--	243	632529	买盘
09:43:39	26.03	0.03	233	606499	买盘
09:43:34	26.0	-0.03	167	434200	卖盘
09:43:29	26.03	0.02	49	127547	买盘
09:43:24	26.01	0.01	270	702764	买盘
09:43:19	26.0	--	52	137306	卖盘
09:43:14	26.0	-0.01	252	655694	卖盘
09:43:09	26.01	0.01	662	1723968	卖盘
09:43:04	26.0	--	883	2296294	买盘
09:42:58	26.0	-0.01	204	530400	卖盘
09:42:54	26.01	0.01	932	2424132	买盘
09:42:49	26.0	-0.02	683	1775800	卖盘
09:42:43	26.02	-0.02	151	392902	卖盘
09:42:39	26.04	0.04	224	583296	买盘
09:42:34	26.0	-0.02	779	2025400	卖盘
09:42:28	26.02	--	266	692132	卖盘
09:42:24	26.02	-0.04	684	1779768	卖盘
09:42:19	26.06	-0.02	230	599380	卖盘
09:42:13	26.08	0.02	438	1142304	买盘
09:42:09	26.06	-0.01	326	849556	卖盘
09:42:04	26.07	--	652	1699764	卖盘
09:41:58	26.07	0.01	133	346731	中性盘
09:41:54	26.06	-0.01	931	2426186	卖盘
09:41:49	26.07	0.01	143	372801	买盘
09:41:43	26.06	--	343	893858	买盘
09:41:39	26.06	0.02	622	1620932	买盘
09:41:34	26.04	-0.02	378	984312	卖盘
09:41:28	26.06	-0.01	169	440414	卖盘
09:41:24	26.07	0.01	597	1556379	买盘
09:41:19	26.06	0.05	1509	3932454	买盘
09:41:13	26.01	-0.01	159	413559	卖盘
09:41:09	26.02	0.02	733	1907266	买盘
09:41:04	26.0	-0.02	272	707200	卖盘
09:40:58	26.02	0.02	878	2284556	买盘
09:40:54	26.0	0.03	1224	3182400	买盘
09:40:49	25.97	-0.02	972	2524284	卖盘
09:40:43	25.99	0.01	314	816086	买盘
09:40:39	25.98	-0.01	431	1119738	卖盘
09:40:34	25.99	-0.04	691	1795909	卖盘
09:40:28	26.03	--	417	1085451	买盘
09:40:24	26.03	0.01	1607	4183021	买盘
09:40:19	26.02	-0.03	344	895088	卖盘
09:40:13	26.05	--	252	656460	买盘
09:40:09	26.05	0.01	820	2136100	买盘
09:40:04	26.04	-0.01	1566	4077864	卖盘
09:39:58	26.05	-0.02	338	880490	卖盘
09:39:54	26.07	--	1166	3039762	买盘
09:39:49	26.07	--	629	1639803	买盘
09:39:43	26.07	-0.02	469	1222683	卖盘
09:39:39	26.09	-0.01	844	2201996	卖盘
09:39:34	26.1	--	1155	3014550	买盘
09:39:28	26.1	0.07	285	743850	买盘
09:39:24	26.03	-0.01	587	1527961	卖盘
09:39:19	26.04	-0.04	677	1762908	卖盘
09:39:13	26.08	0.08	320	834560	买盘
09:39:09	26.0	-0.05	893	2321800	卖盘
09:39:04	26.05	0.03	88	229240	买盘
09:38:58	26.02	--	739	1922878	买盘
09:38:54	26.02	0.05	2016	5245632	买盘
09:38:49	25.97	0.01	1305	3389085	买盘
09:38:43	25.96	-0.02	524	1360304	卖盘
09:38:39	25.98	0.06	354	919692	卖盘
09:38:34	25.92	-0.05	977	2532384	卖盘
09:38:28	25.97	0.01	658	1708826	买盘
09:38:24	25.96	--	1063	2759548	卖盘
09:38:19	25.96	0.06	975	2531100	中性盘
09:38:13	25.9	-0.07	1070	2771300	卖盘
09:38:09	25.97	0.05	247	641459	买盘
09:38:04	25.92	-0.02	2310	5989775	卖盘
09:37:58	25.94	0.04	202	523988	买盘
09:37:54	25.9	0.01	267	691530	买盘
09:37:49	25.89	-0.05	541	1400649	卖盘
09:37:43	25.94	0.04	904	2344976	买盘
09:37:39	25.9	-0.01	804	2082360	卖盘
09:37:33	25.91	0.02	400	1036400	买盘
09:37:28	25.89	--	175	453075	卖盘
09:37:24	25.89	-0.02	188	487068	卖盘
09:37:19	25.91	0.03	547	1419531	买盘
09:37:13	25.88	-0.01	237	613356	中性盘
09:37:09	25.89	--	444	1149516	买盘
09:37:03	25.89	--	1202	3111978	卖盘
09:36:58	25.89	-0.01	396	1025244	卖盘
09:36:54	25.9	--	745	1929550	买盘
09:36:48	25.9	--	350	906500	买盘
09:36:43	25.9	0.02	149	385910	买盘
09:36:39	25.88	--	1266	3276408	买盘
09:36:33	25.88	--	210	543480	买盘
09:36:28	25.88	-0.03	2305	5965340	卖盘
09:36:22	25.91	--	450	1165950	中性盘
09:36:18	25.91	-0.01	389	1007899	卖盘
09:36:13	25.92	0.02	760	1969920	买盘
09:36:07	25.9	-0.05	108	279720	中性盘
09:36:03	25.95	0.04	307	796665	买盘
09:35:58	25.91	-0.04	442	1146595	卖盘
09:35:52	25.95	-0.01	312	810366	卖盘
09:35:48	25.96	-0.01	218	565928	卖盘
09:35:43	25.97	0.09	960	2493613	买盘
09:35:37	25.88	-0.08	996	2577648	卖盘
09:35:33	25.96	--	1564	4060144	卖盘
09:35:28	25.96	-0.02	646	1677016	卖盘
09:35:22	25.98	0.01	415	1078170	中性盘
09:35:18	25.97	-0.06	1979	5139463	中性盘
09:35:13	26.03	0.06	1327	3454181	买盘
09:35:07	25.97	-0.01	375	973875	中性盘
09:35:03	25.98	--	1572	4084056	卖盘
09:34:58	25.98	-0.1	888	2307024	卖盘
09:34:52	26.08	-0.01	1037	2704496	中性盘
09:34:48	26.09	0.09	2182	5692838	中性盘
09:34:43	26.0	0.02	1114	2896400	买盘
09:34:37	25.98	-0.12	1646	4276308	卖盘
09:34:33	26.1	-0.04	1868	4875480	中性盘
09:34:28	26.14	0.04	1770	4626780	买盘
09:34:22	26.1	-0.04	341	890010	中性盘
09:34:18	26.14	-0.01	444	1160616	卖盘
09:34:13	26.15	0.06	2721	7115415	买盘
09:34:07	26.09	-0.05	17	44353	中性盘
09:34:03	26.14	0.15	1995	5214930	买盘
09:33:58	25.99	--	871	2263729	买盘
09:33:52	25.99	--	1022	2656178	买盘
09:33:48	25.99	--	2304	5988355	买盘
09:33:43	25.99	0.04	712	1850488	买盘
09:33:37	25.95	0.01	1061	2753295	买盘
09:33:33	25.94	-0.01	1540	3994760	卖盘
09:33:28	25.95	0.03	242	627990	买盘
09:33:22	25.92	0.01	184	476928	买盘
09:33:18	25.91	-0.02	184	476744	中性盘
09:33:13	25.93	0.05	186	484164	买盘
09:33:07	25.88	--	51	131988	买盘
09:33:03	25.88	0.03	209	540892	买盘
09:32:58	25.85	0.02	113	292105	买盘
09:32:51	25.83	0.03	142	366786	买盘
09:32:48	25.8	0.01	1428	3684240	买盘
09:32:43	25.79	0.02	691	1782089	中性盘
09:32:37	25.77	-0.01	556	1432812	中性盘
09:32:33	25.78	--	240	618720	卖盘
09:32:28	25.78	0.01	468	1207896	买盘
09:32:22	25.77	0.02	854	2200758	买盘
09:32:18	25.75	0.02	533	1372475	买盘
09:32:13	25.73	--	558	1435734	买盘
09:32:07	25.73	0.01	194	499162	买盘
09:32:03	25.72	--	1000	2572000	买盘
09:31:58	25.72	0.02	787	2024164	买盘
09:31:52	25.7	-0.04	1624	4173680	卖盘
09:31:48	25.74	--	317	815958	买盘
09:31:43	25.74	--	431	1109394	买盘
09:31:37	25.74	-0.01	265	682110	卖盘
09:31:33	25.75	-0.02	538	1385350	中性盘
09:31:28	25.77	--	1009	2600193	买盘
09:31:22	25.77	--	438	1128726	买盘
09:31:18	25.77	-0.02	1193	3075546	卖盘
09:31:12	25.79	-0.02	805	2076095	卖盘
09:31:07	25.81	0.01	123	318856	买盘
09:31:03	25.8	-0.07	1084	2796720	中性盘
09:30:57	25.87	0.1	1019	2636153	买盘
09:30:52	25.77	-0.01	194	500659	卖盘
09:30:48	25.78	-0.06	2254	5810812	卖盘
09:30:42	25.84	-0.05	815	2105960	卖盘
09:30:37	25.89	--	247	639483	买盘
09:30:33	25.89	-0.02	4224	10935936	卖盘
09:30:27	25.91	0.06	996	2580636	买盘
09:30:22	25.85	--	2462	6364270	卖盘
09:30:18	25.85	0.04	218	563530	中性盘
09:30:12	25.81	0.01	367	947227	中性盘
09:30:07	25.8	0.01	5918	15270297	买盘
09:28:57	25.79	--	0	0	买盘
09:25:06	25.79	25.79	6262	16149698	买盘
