成交时间	成交价	价格变动	成交量(手)	成交额(元)	性质
15:00:00	10.37	--	0	0	卖盘
15:00:00	10.37	--	40	41480	卖盘
14:59:59	10.37	-0.01	92	95404	卖盘
14:59:53	10.38	0.02	26	26988	买盘
14:59:49	10.36	-0.01	629	652182	卖盘
14:59:44	10.37	-0.02	196	203251	买盘
14:59:38	10.39	0.01	82	85198	买盘
14:59:34	10.38	--	362	375756	卖盘
14:59:29	10.38	0.01	390	404820	买盘
14:59:23	10.37	--	31	32146	卖盘
14:59:19	10.37	0.01	443	459390	买盘
14:59:14	10.36	--	265	274540	卖盘
14:59:08	10.36	-0.01	96	99456	卖盘
14:59:04	10.37	0.01	130	134810	中性盘
14:58:59	10.36	--	245	253820	卖盘
14:58:53	10.36	-0.03	476	493136	卖盘
14:58:49	10.39	0.01	1708	1774612	买盘
14:58:44	10.38	0.02	2248	2333424	买盘
14:58:38	10.36	0.01	373	386428	买盘
14:58:34	10.35	-0.01	1062	1099170	卖盘
14:58:29	10.36	0.01	304	314944	买盘
14:58:23	10.35	-0.01	146	151110	卖盘
14:58:19	10.36	--	234	242424	买盘
14:58:14	10.36	--	243	251748	买盘
14:58:08	10.36	--	70	72520	买盘
14:58:04	10.36	-0.01	522	540792	卖盘
14:57:59	10.37	--	354	367098	买盘
14:57:53	10.37	--	38	39406	买盘
14:57:49	10.37	--	205	212584	买盘
14:57:44	10.37	-0.01	1216	1260992	卖盘
14:57:38	10.38	0.01	122	126636	买盘
14:57:34	10.37	-0.01	256	265472	卖盘
14:57:29	10.38	--	345	358110	买盘
14:57:23	10.38	--	46	47748	买盘
14:57:19	10.38	-0.01	398	413124	卖盘
14:57:14	10.39	--	188	195332	卖盘
14:57:08	10.39	0.01	792	822888	买盘
14:57:04	10.38	-0.01	356	369528	卖盘
14:56:59	10.39	--	180	187020	买盘
14:56:53	10.39	-0.01	100	103900	买盘
14:56:49	10.4	0.02	235	244400	买盘
14:56:44	10.38	--	229	237702	买盘
14:56:38	10.38	-0.02	199	206562	卖盘
14:56:34	10.4	0.02	358	372320	买盘
14:56:29	10.38	-0.01	420	435960	卖盘
14:56:23	10.39	0.01	175	181825	买盘
14:56:19	10.38	--	572	593736	卖盘
14:56:14	10.38	-0.01	413	428694	卖盘
14:56:08	10.39	-0.01	848	881072	卖盘
14:56:04	10.4	0.01	158	164320	买盘
14:55:59	10.39	--	469	487291	卖盘
14:55:53	10.39	0.01	250	259750	买盘
14:55:49	10.38	-0.01	869	902022	卖盘
14:55:44	10.39	0.02	353	366767	买盘
14:55:38	10.37	-0.01	1845	1913493	卖盘
14:55:34	10.38	--	197	204486	买盘
14:55:28	10.38	--	521	540798	买盘
14:55:23	10.38	--	739	767082	买盘
14:55:19	10.38	0.02	190	197220	买盘
14:55:13	10.36	--	888	919968	卖盘
14:55:08	10.36	--	855	885780	卖盘
14:55:02	10.36	--	30	31080	卖盘
14:54:58	10.36	--	1619	1677284	买盘
14:54:53	10.36	0.01	1527	1581972	买盘
14:54:47	10.35	0.01	506	523710	买盘
14:54:43	10.34	--	607	628248	买盘
14:54:38	10.34	--	296	306064	买盘
14:54:32	10.34	0.01	415	429110	买盘
14:54:28	10.33	-0.01	141	145653	卖盘
14:54:23	10.34	0.02	556	574904	买盘
14:54:17	10.32	--	7	7224	卖盘
14:54:13	10.32	0.01	891	919512	买盘
14:54:08	10.31	0.01	57	58767	买盘
14:54:02	10.3	-0.01	2	2060	卖盘
14:53:58	10.31	0.01	326	336106	买盘
14:53:53	10.3	--	128	131840	买盘
14:53:47	10.3	-0.01	27	27810	卖盘
14:53:43	10.31	0.01	388	400028	买盘
14:53:38	10.3	0.01	102	105060	中性盘
14:53:32	10.29	-0.01	33	33957	卖盘
14:53:28	10.3	--	400	412000	买盘
14:53:23	10.3	-0.01	322	331660	卖盘
14:53:17	10.31	0.01	237	244347	买盘
14:53:13	10.3	--	382	393460	卖盘
14:53:08	10.3	--	70	72100	卖盘
14:53:02	10.3	--	93	95790	卖盘
14:52:58	10.3	--	177	182310	买盘
14:52:53	10.3	--	35	36050	买盘
14:52:47	10.3	--	23	23690	买盘
14:52:43	10.3	-0.01	231	237930	卖盘
14:52:38	10.31	0.01	345	355695	买盘
14:52:32	10.3	--	5	5150	买盘
14:52:28	10.3	-0.01	323	332690	卖盘
14:52:23	10.31	0.01	60	61860	买盘
14:52:17	10.3	--	73	75190	卖盘
14:52:13	10.3	--	164	168920	卖盘
14:52:08	10.3	--	206	212180	卖盘
14:52:02	10.3	--	473	487190	买盘
14:51:58	10.3	0.01	46	47380	买盘
14:51:53	10.29	-0.01	982	1010477	卖盘
14:51:47	10.3	--	14	14420	买盘
14:51:43	10.3	0.01	49	50470	买盘
14:51:38	10.29	-0.01	64	65856	卖盘
14:51:28	10.3	0.01	67	69010	买盘
14:51:23	10.29	-0.01	127	130682	卖盘
14:51:17	10.3	0.01	1815	1869450	买盘
14:51:13	10.29	-0.01	76	78204	卖盘
14:51:08	10.3	--	264	271920	买盘
14:51:02	10.3	0.01	210	216300	买盘
14:50:58	10.29	--	168	172872	卖盘
14:50:53	10.29	--	41	42189	卖盘
14:50:47	10.29	-0.01	182	187277	卖盘
14:50:43	10.3	0.01	306	315180	买盘
14:50:38	10.29	--	380	391019	卖盘
14:50:32	10.29	--	80	82320	卖盘
14:50:28	10.29	-0.01	66	67914	卖盘
14:50:23	10.3	0.02	122	125660	买盘
14:50:17	10.28	-0.01	224	230272	卖盘
14:50:13	10.29	--	321	330309	买盘
14:50:08	10.29	--	46	47333	买盘
14:50:02	10.29	--	270	277830	买盘
14:49:58	10.29	--	1	1029	买盘
14:49:53	10.29	-0.01	508	522731	卖盘
14:49:47	10.3	0.01	242	249260	买盘
14:49:43	10.29	-0.01	436	448643	卖盘
14:49:38	10.3	--	501	516030	买盘
14:49:32	10.3	0.01	10	10300	买盘
14:49:23	10.29	-0.01	92	94667	卖盘
14:49:17	10.3	-0.01	341	351230	卖盘
14:49:13	10.31	0.01	99	102069	买盘
14:49:08	10.3	--	46	47380	卖盘
14:49:02	10.3	--	154	158620	买盘
14:48:58	10.3	--	110	113300	买盘
14:48:53	10.3	--	688	708640	买盘
14:48:47	10.3	--	131	134930	卖盘
14:48:43	10.3	-0.01	63	64890	卖盘
14:48:37	10.31	0.01	225	231975	买盘
14:48:32	10.3	--	331	340930	卖盘
14:48:26	10.3	--	33	33990	卖盘
14:48:22	10.3	--	930	957900	卖盘
14:48:17	10.3	--	315	324450	卖盘
14:48:11	10.3	0.01	844	869320	买盘
14:48:07	10.29	--	164	168756	卖盘
14:48:02	10.29	--	4	4116	卖盘
14:47:56	10.29	--	46	47333	卖盘
14:47:52	10.29	--	58	59681	买盘
14:47:47	10.29	0.01	29	29840	买盘
14:47:41	10.28	-0.02	15	15419	卖盘
14:47:37	10.3	--	25	25750	买盘
14:47:32	10.3	--	170	175100	买盘
14:47:26	10.3	--	0	0	买盘
14:47:22	10.3	--	175	180250	买盘
14:47:17	10.3	--	242	249260	买盘
14:47:11	10.3	0.02	99	101970	买盘
14:47:07	10.28	-0.01	352	361856	卖盘
14:47:02	10.29	--	443	455846	卖盘
14:46:56	10.29	-0.01	588	605052	卖盘
14:46:52	10.3	--	398	409940	买盘
14:46:47	10.3	--	156	160680	卖盘
14:46:41	10.3	--	36	37080	卖盘
14:46:37	10.3	-0.01	85	87550	卖盘
14:46:32	10.31	0.01	331	341261	中性盘
14:46:26	10.3	-0.01	297	305910	卖盘
14:46:22	10.31	--	8	8248	卖盘
14:46:17	10.31	--	46	47426	卖盘
14:46:11	10.31	0.01	38	39178	卖盘
14:46:07	10.3	-0.01	270	278100	卖盘
14:45:56	10.31	0.01	3	3093	买盘
14:45:52	10.3	0.02	1493	1537790	买盘
14:45:47	10.28	--	16	16448	卖盘
14:45:37	10.28	0.01	523	537644	买盘
14:45:32	10.27	--	1612	1655524	买盘
14:45:26	10.27	0.02	16	16432	买盘
14:45:17	10.25	0.01	100	102500	中性盘
14:45:11	10.24	-0.01	894	915456	卖盘
14:45:07	10.25	0.01	1230	1260750	买盘
14:45:02	10.24	--	440	450560	买盘
14:44:56	10.24	0.02	140	143360	买盘
14:44:52	10.22	-0.01	979	1000538	卖盘
14:44:47	10.23	0.01	365	373395	买盘
14:44:41	10.22	-0.01	29	29638	卖盘
14:44:37	10.23	0.01	748	765204	买盘
14:44:32	10.22	-0.01	61	62342	卖盘
14:44:26	10.23	0.01	48	49104	卖盘
14:44:22	10.22	--	479	489538	卖盘
14:44:17	10.22	-0.01	130	132860	卖盘
14:44:11	10.23	--	33	33759	买盘
14:44:07	10.23	-0.01	267	273141	卖盘
14:44:02	10.24	--	79	80896	卖盘
14:43:56	10.24	--	60	61440	卖盘
14:43:52	10.24	--	371	379904	卖盘
14:43:47	10.24	--	172	176128	买盘
14:43:41	10.24	-0.01	248	253952	卖盘
14:43:37	10.25	--	312	319800	买盘
14:43:32	10.25	0.01	134	137350	买盘
14:43:26	10.24	-0.01	60	61440	卖盘
14:43:22	10.25	--	32	32800	买盘
14:43:17	10.25	--	1242	1273050	卖盘
14:43:11	10.25	-0.01	409	419225	卖盘
14:43:07	10.26	--	273	280098	买盘
14:43:02	10.26	-0.01	50	51300	买盘
14:42:56	10.27	--	1063	1091701	买盘
14:42:47	10.27	--	11	11297	买盘
14:42:41	10.27	--	138	141726	卖盘
14:42:32	10.27	--	121	124267	卖盘
14:42:26	10.27	-0.01	125	128375	卖盘
14:42:21	10.28	0.01	112	115136	买盘
14:42:16	10.27	--	60	61620	买盘
14:42:11	10.27	--	10	10270	买盘
14:42:05	10.27	--	178	182806	卖盘
14:42:01	10.27	--	127	130429	卖盘
14:41:56	10.27	-0.01	34	34918	卖盘
14:41:50	10.28	0.01	11	11308	买盘
14:41:46	10.27	-0.01	46	47242	卖盘
14:41:41	10.28	0.01	163	167564	买盘
14:41:35	10.27	--	67	68809	卖盘
14:41:31	10.27	--	107	109889	买盘
14:41:26	10.27	0.01	21	21567	买盘
14:41:20	10.26	--	50	51300	卖盘
14:41:16	10.26	-0.02	20	20520	卖盘
14:41:11	10.28	0.01	73	75044	买盘
14:41:05	10.27	-0.01	2	2054	卖盘
14:41:01	10.28	0.02	105	107940	买盘
14:40:56	10.26	-0.01	110	112860	卖盘
14:40:46	10.27	--	1135	1165645	卖盘
14:40:41	10.27	--	62	63674	卖盘
14:40:35	10.27	--	103	105781	卖盘
14:40:31	10.27	--	42	43134	卖盘
14:40:26	10.27	0.02	148	151996	买盘
14:40:20	10.25	--	0	0	卖盘
14:40:16	10.25	-0.02	212	217300	卖盘
14:40:11	10.27	-0.01	10	10270	中性盘
14:40:05	10.28	--	5	5140	买盘
14:40:01	10.28	0.02	530	544840	买盘
14:39:56	10.26	-0.02	971	996246	卖盘
14:39:50	10.28	0.01	37	38036	买盘
14:39:46	10.27	--	72	73944	卖盘
14:39:41	10.27	0.01	5	5135	卖盘
14:39:35	10.26	-0.01	30	30780	卖盘
14:39:31	10.27	--	95	97565	买盘
14:39:26	10.27	0.01	38	39026	买盘
14:39:16	10.26	-0.01	387	397062	卖盘
14:39:11	10.27	--	131	134537	买盘
14:39:05	10.27	0.01	11	11297	买盘
14:39:01	10.26	--	22	22572	卖盘
14:38:56	10.26	-0.01	122	125172	卖盘
14:38:50	10.27	0.01	19	19513	买盘
14:38:46	10.26	--	227	232902	卖盘
14:38:41	10.26	-0.02	2	2052	卖盘
14:38:31	10.28	0.02	148	152144	买盘
14:38:26	10.26	--	112	114912	买盘
14:38:20	10.26	-0.02	90	92340	卖盘
14:38:16	10.28	--	194	199432	卖盘
14:38:11	10.28	0.02	1060	1089680	买盘
14:38:05	10.26	--	59	60534	卖盘
14:38:01	10.26	-0.02	33	33858	卖盘
14:37:56	10.28	--	54	55512	买盘
14:37:50	10.28	--	12	12336	买盘
14:37:46	10.28	0.02	2	2056	买盘
14:37:41	10.26	-0.02	15	15390	中性盘
14:37:31	10.28	0.03	9	9252	买盘
14:37:26	10.25	--	133	136325	买盘
14:37:20	10.25	--	132	135300	买盘
14:37:16	10.25	--	229	234725	买盘
14:37:11	10.25	--	21	21525	买盘
14:37:05	10.25	--	86	88150	买盘
14:37:01	10.25	--	40	41000	买盘
14:36:56	10.25	--	88	90200	买盘
14:36:50	10.25	0.01	25	25625	买盘
14:36:46	10.24	--	53	54272	卖盘
14:36:41	10.24	--	99	101376	买盘
14:36:35	10.24	--	133	136192	买盘
14:36:31	10.24	--	63	64512	买盘
14:36:26	10.24	--	80	81920	买盘
14:36:20	10.24	0.01	94	96256	买盘
14:36:16	10.23	-0.01	30	30690	卖盘
14:36:11	10.24	0.01	127	130048	买盘
14:36:05	10.23	--	46	47058	卖盘
14:36:00	10.23	--	14	14322	卖盘
14:35:56	10.23	--	361	369303	买盘
14:35:50	10.23	--	182	186186	买盘
14:35:44	10.23	-0.01	243	248589	卖盘
14:35:40	10.24	-0.01	74	75776	卖盘
14:35:35	10.25	--	167	171175	买盘
14:35:29	10.25	--	26	26650	买盘
14:35:25	10.25	0.01	345	353625	买盘
14:35:20	10.24	-0.01	251	257024	中性盘
14:35:10	10.25	--	50	51250	买盘
14:35:05	10.25	--	50	51250	买盘
14:34:59	10.25	--	50	51250	买盘
14:34:55	10.25	-0.04	2014	2064350	卖盘
14:34:50	10.29	0.01	160	164640	买盘
14:34:44	10.28	--	30	30839	卖盘
14:34:40	10.28	--	280	287840	卖盘
14:34:35	10.28	0.01	435	447180	买盘
14:34:29	10.27	0.01	27	27729	中性盘
14:34:25	10.26	-0.01	229	234954	卖盘
14:34:20	10.27	-0.01	69	70863	卖盘
14:34:14	10.28	--	75	77100	卖盘
14:34:10	10.28	-0.01	37	38036	卖盘
14:34:05	10.29	-0.01	113	116276	卖盘
14:33:59	10.3	0.01	46	47380	买盘
14:33:55	10.29	-0.01	100	102899	卖盘
14:33:50	10.3	-0.01	374	385714	卖盘
14:33:44	10.31	--	336	346416	买盘
14:33:40	10.31	--	401	413431	买盘
14:33:35	10.31	-0.01	216	222696	卖盘
14:33:29	10.32	0.01	197	203304	买盘
14:33:25	10.31	-0.01	159	163929	卖盘
14:33:20	10.32	--	20	20640	买盘
14:33:14	10.32	--	56	57792	买盘
14:33:10	10.32	--	79	81528	卖盘
14:33:05	10.32	-0.01	75	77400	卖盘
14:32:59	10.33	0.01	4	4132	买盘
14:32:55	10.32	-0.01	169	174408	卖盘
14:32:50	10.33	--	128	132224	卖盘
14:32:44	10.33	--	30	30990	卖盘
14:32:40	10.33	0.01	184	190072	买盘
14:32:35	10.32	-0.01	117	120744	卖盘
14:32:29	10.33	--	46	48251	卖盘
14:32:25	10.33	--	252	260316	卖盘
14:32:20	10.33	--	35	36155	卖盘
14:32:14	10.33	--	14	14462	卖盘
14:32:10	10.33	0.01	377	389740	买盘
14:32:05	10.32	--	98	101136	买盘
14:31:59	10.32	-0.01	297	306504	卖盘
14:31:55	10.33	0.01	40	41320	买盘
14:31:50	10.32	-0.01	6	6192	卖盘
14:31:44	10.33	--	10	10330	买盘
14:31:40	10.33	--	208	214864	买盘
14:31:35	10.33	--	194	200402	买盘
14:31:29	10.33	0.02	208	214864	买盘
14:31:25	10.31	-0.01	99	102069	卖盘
14:31:20	10.32	0.01	294	303408	中性盘
14:31:14	10.31	-0.01	301	310331	卖盘
14:31:10	10.32	-0.01	268	276576	卖盘
14:31:05	10.33	--	104	107432	买盘
14:30:55	10.33	0.01	43	44419	买盘
14:30:50	10.32	-0.01	330	340560	卖盘
14:30:44	10.33	0.01	11	11363	买盘
14:30:40	10.32	--	5	5160	卖盘
14:30:35	10.32	--	360	371520	卖盘
14:30:29	10.32	-0.01	5	5160	卖盘
14:30:25	10.33	0.01	157	162181	买盘
14:30:14	10.32	0.01	96	99072	买盘
14:30:09	10.31	--	60	61860	卖盘
14:30:05	10.31	-0.01	136	140216	卖盘
14:29:59	10.32	--	2	2064	买盘
14:29:55	10.32	--	30	30960	买盘
14:29:50	10.32	--	62	63984	中性盘
14:29:44	10.32	-0.01	460	474720	卖盘
14:29:35	10.33	0.01	151	155983	买盘
14:29:29	10.32	--	41	42312	卖盘
14:29:23	10.32	0.01	20	20640	中性盘
14:29:19	10.31	-0.01	188	193828	卖盘
14:29:14	10.32	-0.01	23	23736	买盘
14:29:08	10.33	--	0	0	买盘
14:29:04	10.33	--	13	13429	买盘
14:28:59	10.33	0.01	164	169412	买盘
14:28:53	10.32	-0.01	221	228072	卖盘
14:28:49	10.33	0.01	161	166313	买盘
14:28:44	10.32	--	12	12384	卖盘
14:28:38	10.32	-0.01	68	70176	卖盘
14:28:34	10.33	--	116	119828	买盘
14:28:29	10.33	--	584	603272	卖盘
14:28:23	10.33	-0.01	717	740661	卖盘
14:28:19	10.34	0.01	97	100298	买盘
14:28:14	10.33	-0.01	231	238623	卖盘
14:28:08	10.34	0.01	91	94094	买盘
14:28:04	10.33	-0.01	44	46175	卖盘
14:27:59	10.34	0.01	261	270184	买盘
14:27:53	10.33	-0.01	30	30990	卖盘
14:27:49	10.34	--	385	398090	买盘
14:27:44	10.34	--	110	113740	买盘
14:27:38	10.34	0.01	6	6204	买盘
14:27:34	10.33	--	152	157016	卖盘
14:27:29	10.33	--	57	58881	卖盘
14:27:23	10.33	--	116	119828	买盘
14:27:19	10.33	--	89	91937	买盘
14:27:14	10.33	--	319	329527	买盘
14:27:08	10.33	0.01	20	20660	买盘
14:27:04	10.32	--	56	57792	卖盘
14:26:59	10.32	--	21	21672	卖盘
14:26:53	10.32	--	135	139320	买盘
14:26:49	10.32	0.01	310	319920	买盘
14:26:44	10.31	--	12	12372	买盘
14:26:38	10.31	--	139	143309	卖盘
14:26:34	10.31	-0.01	327	337137	卖盘
14:26:29	10.32	--	97	100104	买盘
14:26:23	10.32	0.01	169	174408	买盘
14:26:19	10.31	-0.01	87	89697	卖盘
14:26:14	10.32	--	450	464400	买盘
14:26:08	10.32	--	82	84624	卖盘
14:26:04	10.32	--	15	15480	卖盘
14:25:59	10.32	--	164	169248	卖盘
14:25:53	10.32	0.01	79	81528	买盘
14:25:49	10.31	--	90	92790	卖盘
14:25:44	10.31	--	2	2062	卖盘
14:25:38	10.31	-0.01	154	158774	卖盘
14:25:34	10.32	0.01	205	211560	买盘
14:25:29	10.31	--	347	357757	卖盘
14:25:23	10.31	--	130	134030	卖盘
14:25:14	10.31	-0.01	725	747475	卖盘
14:25:08	10.32	-0.02	332	342624	卖盘
14:25:04	10.34	0.01	452	467368	买盘
14:24:59	10.33	--	892	921436	卖盘
14:24:53	10.33	--	15	15495	卖盘
14:24:49	10.33	-0.01	749	773717	卖盘
14:24:44	10.34	-0.01	60	62040	卖盘
14:24:34	10.35	0.01	89	92115	买盘
14:24:29	10.34	-0.02	236	244024	卖盘
14:24:23	10.36	0.01	268	277648	买盘
14:24:19	10.35	-0.01	67	69345	卖盘
14:24:14	10.36	--	85	88060	买盘
14:24:08	10.36	0.01	98	101528	买盘
14:24:04	10.35	--	8	8280	卖盘
14:23:59	10.35	--	60	62100	卖盘
14:23:53	10.35	--	99	102465	买盘
14:23:49	10.35	--	109	112815	买盘
14:23:43	10.35	--	177	183195	买盘
14:23:38	10.35	--	69	71415	买盘
14:23:34	10.35	0.01	210	217350	买盘
14:23:29	10.34	--	347	358798	卖盘
14:23:23	10.34	--	419	433246	卖盘
14:23:19	10.34	-0.01	169	174746	卖盘
14:23:14	10.35	0.01	99	102465	买盘
14:23:08	10.34	--	20	20680	买盘
14:23:04	10.34	0.01	10	10340	中性盘
14:22:59	10.33	-0.01	153	158049	卖盘
14:22:53	10.34	0.01	277	286418	买盘
14:22:47	10.33	--	58	59914	卖盘
14:22:43	10.33	-0.01	13	13429	卖盘
14:22:38	10.34	--	61	63074	买盘
14:22:32	10.34	0.01	28	28952	买盘
14:22:28	10.33	--	29	29957	卖盘
14:22:23	10.33	--	154	159082	买盘
14:22:17	10.33	0.01	313	323329	买盘
14:22:13	10.32	--	247	254904	卖盘
14:22:08	10.32	--	638	658416	卖盘
14:21:58	10.32	0.01	27	27864	买盘
14:21:53	10.31	-0.01	302	311362	卖盘
14:21:47	10.32	--	6	6192	买盘
14:21:43	10.32	-0.01	514	530448	买盘
14:21:38	10.33	0.01	159	164247	买盘
14:21:32	10.32	0.01	30	30960	买盘
14:21:28	10.31	-0.01	113	116503	卖盘
14:21:23	10.32	--	35	36120	卖盘
14:21:17	10.32	0.01	127	131064	买盘
14:21:13	10.31	--	117	120627	买盘
14:21:08	10.31	-0.01	200	206200	中性盘
14:21:02	10.32	0.01	97	100104	买盘
14:20:58	10.31	-0.01	288	296928	买盘
14:20:53	10.32	--	327	337464	卖盘
14:20:43	10.32	0.01	73	75336	买盘
14:20:38	10.31	-0.02	70	72170	卖盘
14:20:32	10.33	0.02	21	21693	买盘
14:20:28	10.31	-0.01	55	56705	卖盘
14:20:23	10.32	0.02	94	97008	买盘
14:20:17	10.3	--	0	0	卖盘
14:20:13	10.3	-0.02	214	220955	卖盘
14:20:08	10.32	0.01	379	391128	买盘
14:20:02	10.31	--	129	132999	买盘
14:19:58	10.31	--	253	260843	卖盘
14:19:53	10.31	--	43	44333	卖盘
14:19:47	10.31	-0.01	293	302083	卖盘
14:19:43	10.32	0.01	20	20640	买盘
14:19:38	10.31	--	42	43302	卖盘
14:19:32	10.31	--	18	18558	卖盘
14:19:28	10.31	--	223	229913	买盘
14:19:23	10.31	0.01	240	247440	买盘
14:19:17	10.3	-0.01	5	5150	卖盘
14:19:13	10.31	0.01	180	185580	买盘
14:19:08	10.3	--	81	83430	卖盘
14:19:02	10.3	0.01	253	260590	买盘
14:18:58	10.29	--	88	90551	卖盘
14:18:53	10.29	-0.01	210	216089	卖盘
14:18:47	10.3	0.01	197	202910	买盘
14:18:43	10.29	--	51	52478	卖盘
14:18:38	10.29	-0.01	98	100841	卖盘
14:18:28	10.3	-0.01	30	30900	买盘
14:18:23	10.31	0.01	377	388687	买盘
14:18:17	10.3	-0.01	34	35020	卖盘
14:18:13	10.31	--	70	72170	卖盘
14:18:08	10.31	-0.01	33	34023	卖盘
14:18:02	10.32	--	15	15975	卖盘
14:17:58	10.32	-0.01	81	83592	卖盘
14:17:53	10.33	-0.01	188	194204	卖盘
14:17:47	10.34	-0.01	5	5170	卖盘
14:17:43	10.35	0.01	211	218385	中性盘
14:17:38	10.34	-0.02	170	175780	卖盘
14:17:32	10.36	--	177	183372	卖盘
14:17:28	10.36	0.01	818	847634	买盘
14:17:22	10.35	-0.02	88	91080	卖盘
14:17:17	10.37	0.02	572	593164	买盘
14:17:13	10.35	-0.01	29	30015	卖盘
14:17:07	10.36	--	334	346024	买盘
14:17:02	10.36	-0.01	253	262108	卖盘
14:16:57	10.37	0.01	93	96441	买盘
14:16:53	10.36	--	386	399896	卖盘
14:16:47	10.36	--	380	393680	卖盘
14:16:42	10.36	--	220	227920	买盘
14:16:37	10.36	0.01	190	196840	买盘
14:16:32	10.35	--	375	388125	卖盘
14:16:28	10.35	-0.01	102	105570	卖盘
14:16:22	10.36	0.01	150	155400	买盘
14:16:17	10.35	--	289	299115	卖盘
14:16:11	10.35	0.01	431	446085	卖盘
14:16:07	10.34	-0.01	558	577509	卖盘
14:16:02	10.35	0.01	581	601335	买盘
14:15:56	10.34	-0.01	7	7238	卖盘
14:15:52	10.35	0.01	670	693450	买盘
14:15:47	10.34	0.01	923	954382	买盘
14:15:37	10.33	--	67	69211	卖盘
14:15:32	10.33	--	365	377055	买盘
14:15:26	10.33	0.02	3	3099	买盘
14:15:22	10.31	-0.01	24	24744	卖盘
14:15:17	10.32	0.01	489	504648	买盘
14:15:11	10.31	--	25	25775	卖盘
14:15:07	10.31	--	839	865009	买盘
14:15:02	10.31	0.01	88	90728	买盘
14:14:56	10.3	--	15	15450	卖盘
14:14:52	10.3	--	116	120427	买盘
14:14:47	10.3	0.01	285	293550	买盘
14:14:41	10.29	--	217	223292	卖盘
14:14:37	10.29	-0.01	672	691488	卖盘
14:14:32	10.3	0.01	196	201880	买盘
14:14:26	10.29	--	5	5145	卖盘
14:14:22	10.29	--	351	361178	卖盘
14:14:17	10.29	--	331	340599	买盘
14:14:11	10.29	0.01	199	204770	买盘
14:14:07	10.28	-0.01	125	128499	卖盘
14:14:02	10.29	--	1140	1173060	买盘
14:13:56	10.29	--	34	34986	买盘
14:13:52	10.29	--	55	56594	买盘
14:13:47	10.29	-0.01	226	232553	卖盘
14:13:37	10.3	0.02	578	595340	买盘
14:13:32	10.28	-0.01	344	353632	卖盘
14:13:26	10.29	--	28	28811	卖盘
14:13:22	10.29	0.01	856	880823	买盘
14:13:17	10.28	-0.01	253	260083	卖盘
14:13:11	10.29	0.01	360	370439	买盘
14:13:07	10.28	--	301	309428	卖盘
14:13:02	10.28	-0.01	393	404004	卖盘
14:12:56	10.29	0.01	17	17493	买盘
14:12:52	10.28	-0.01	53	54484	卖盘
14:12:47	10.29	0.01	170	174930	买盘
14:12:41	10.28	--	141	144948	买盘
14:12:37	10.28	0.01	266	273448	买盘
14:12:32	10.27	--	513	526851	卖盘
14:12:26	10.27	--	185	189995	卖盘
14:12:22	10.27	--	16	16432	卖盘
14:12:17	10.27	--	101	103727	买盘
14:12:11	10.27	--	353	362531	买盘
14:12:07	10.27	--	62	63674	买盘
14:12:01	10.27	0.01	703	721981	买盘
14:11:56	10.26	0.01	4	4104	中性盘
14:11:52	10.25	-0.01	134	137350	卖盘
14:11:46	10.26	--	280	287280	买盘
14:11:41	10.26	0.01	66	67716	买盘
14:11:37	10.25	--	820	840500	买盘
14:11:31	10.25	-0.02	3	3075	买盘
14:11:26	10.27	0.03	154	158158	买盘
14:11:22	10.24	-0.01	25	25600	卖盘
14:11:16	10.25	-0.02	134	137350	卖盘
14:11:11	10.27	0.02	127	130429	买盘
14:11:06	10.25	--	90	92250	买盘
14:11:01	10.25	-0.01	256	262400	卖盘
14:10:56	10.26	-0.01	51	52326	中性盘
14:10:52	10.27	0.02	208	213616	买盘
14:10:46	10.25	-0.02	425	435625	卖盘
14:10:41	10.27	--	165	169455	买盘
14:10:37	10.27	0.04	1	1027	买盘
14:10:31	10.23	--	0	0	卖盘
14:10:26	10.23	-0.01	160	163680	卖盘
14:10:21	10.24	--	5	5120	买盘
14:10:16	10.24	0.02	22	22528	买盘
14:10:11	10.22	--	910	930020	卖盘
14:10:06	10.22	--	402	410844	买盘
14:10:02	10.22	--	420	429240	买盘
14:09:56	10.22	0.01	154	157388	买盘
14:09:51	10.21	--	8	8168	买盘
14:09:46	10.21	0.01	45	45945	买盘
14:09:41	10.2	--	10	10200	卖盘
14:09:31	10.2	0.03	1445	1473900	买盘
14:09:26	10.17	-0.01	215	218655	卖盘
14:09:16	10.18	0.01	10	10180	买盘
14:09:05	10.17	--	26	26442	卖盘
14:09:01	10.17	--	41	41697	卖盘
14:08:56	10.17	--	15	15255	卖盘
14:08:50	10.17	--	1	1017	卖盘
14:08:46	10.17	--	176	178992	卖盘
14:08:35	10.17	--	153	156516	买盘
14:08:31	10.17	0.01	207	210519	买盘
14:08:26	10.16	--	107	108712	卖盘
14:08:20	10.16	--	14	14224	卖盘
14:08:16	10.16	--	5	5080	卖盘
14:08:05	10.16	0.01	49	49784	买盘
14:08:01	10.15	-0.01	59	59885	卖盘
14:07:41	10.16	--	30	30480	买盘
14:07:35	10.16	--	30	30480	买盘
14:07:31	10.16	0.01	5	5080	买盘
14:07:26	10.15	--	10	10150	卖盘
14:07:05	10.15	0.01	8	8120	买盘
14:07:01	10.14	-0.01	70	70980	卖盘
14:06:56	10.15	--	105	106575	买盘
14:06:50	10.15	--	1	1015	买盘
14:06:46	10.15	--	51	51765	买盘
14:06:41	10.15	--	17	17255	买盘
14:06:35	10.15	-0.01	27	27405	买盘
14:06:31	10.16	0.01	300	304800	买盘
14:06:26	10.15	--	64	64960	卖盘
14:06:20	10.15	-0.01	39	39585	卖盘
14:06:16	10.16	--	5	5080	买盘
14:06:10	10.16	--	5	5080	买盘
14:06:05	10.16	0.01	4	4064	买盘
14:06:00	10.15	-0.01	119	120785	卖盘
14:05:56	10.16	--	10	10160	买盘
14:05:50	10.16	--	3	3048	买盘
14:05:31	10.16	--	8	8128	卖盘
14:05:26	10.16	-0.01	16	16256	卖盘
14:05:20	10.17	0.01	302	307134	买盘
14:05:16	10.16	--	14	14224	卖盘
14:05:10	10.16	--	55	55880	买盘
14:04:55	10.16	-0.01	59	59944	卖盘
14:04:46	10.17	0.01	97	98649	买盘
14:04:35	10.16	--	13	13208	卖盘
14:04:31	10.16	-0.01	2	2032	卖盘
14:04:25	10.17	0.01	40	40680	买盘
14:04:20	10.16	-0.01	30	30480	卖盘
14:04:10	10.17	--	44	44748	买盘
14:04:00	10.17	--	20	20340	买盘
14:03:55	10.17	--	18	18306	买盘
14:03:40	10.17	0.02	1	1017	买盘
14:03:35	10.15	--	27	27405	卖盘
14:03:25	10.15	--	86	87290	买盘
14:03:20	10.15	0.01	39	39585	买盘
14:03:15	10.14	-0.01	25	25350	卖盘
14:02:50	10.15	0.01	30	30450	买盘
14:02:40	10.14	--	20	20280	卖盘
14:01:59	10.14	--	22	22308	卖盘
14:01:50	10.14	--	16	16487	买盘
14:01:40	10.14	--	1	1014	买盘
14:01:35	10.14	--	48	49422	卖盘
14:01:29	10.14	-0.01	5	5070	卖盘
14:01:25	10.15	0.01	10	10150	买盘
14:01:20	10.14	--	10	10140	卖盘
14:01:14	10.14	-0.01	10	10140	卖盘
14:01:10	10.15	0.01	20	20300	买盘
14:00:55	10.14	--	18	18515	买盘
14:00:44	10.14	--	12	12168	买盘
14:00:39	10.14	--	9	9126	买盘
14:00:35	10.14	--	159	161226	买盘
14:00:24	10.14	--	36	36504	买盘
14:00:20	10.14	--	45	45630	买盘
14:00:14	10.14	--	2	2028	买盘
14:00:09	10.14	--	50	50700	买盘
14:00:05	10.14	--	20	20280	买盘
13:59:59	10.14	--	6	6084	买盘
13:59:54	10.14	--	5	5070	买盘
13:59:50	10.14	--	50	50700	买盘
13:59:44	10.14	--	26	26364	买盘
13:59:39	10.14	-0.02	136	137904	卖盘
13:59:29	10.16	--	10	10160	卖盘
13:59:24	10.16	0.02	97	98552	买盘
13:59:14	10.14	--	0	0	卖盘
13:59:10	10.14	-0.02	814	825396	卖盘
13:58:59	10.16	0.01	5	5080	买盘
13:58:55	10.15	--	40	40600	卖盘
13:58:44	10.15	-0.02	76	77140	卖盘
13:58:40	10.17	0.02	99	100683	买盘
13:58:35	10.15	--	5	5075	卖盘
13:58:25	10.15	-0.01	52	52780	卖盘
13:58:20	10.16	--	4	4064	买盘
13:58:10	10.16	--	10	10160	买盘
13:58:05	10.16	--	83	84328	卖盘
13:57:59	10.16	-0.01	5	5080	卖盘
13:57:54	10.17	0.01	13	13221	买盘
13:57:49	10.16	--	30	30480	卖盘
13:57:44	10.16	--	28	28448	卖盘
13:57:34	10.16	--	12	12192	卖盘
13:57:19	10.16	-0.01	71	72136	卖盘
13:57:14	10.17	--	10	10170	买盘
13:57:04	10.17	--	20	20340	买盘
13:56:59	10.17	-0.01	161	163838	卖盘
13:56:49	10.18	--	20	20360	买盘
13:56:44	10.18	--	95	96710	卖盘
13:56:40	10.18	--	33	33594	买盘
13:56:34	10.18	--	15	15270	卖盘
13:56:29	10.18	--	15	15270	买盘
13:56:24	10.18	--	3	3054	买盘
13:56:19	10.18	-0.01	138	140484	卖盘
13:56:14	10.19	0.01	121	123299	买盘
13:55:59	10.18	0.01	144	146592	买盘
13:55:54	10.17	-0.01	20	20340	卖盘
13:55:49	10.18	--	42	42756	买盘
13:55:38	10.18	0.01	1	1018	买盘
13:55:34	10.17	0.01	566	576537	买盘
13:55:29	10.16	--	2	2032	买盘
13:55:19	10.16	0.01	53	53848	买盘
13:55:14	10.15	--	10	10150	卖盘
13:55:08	10.15	--	181	183715	卖盘
13:55:04	10.15	--	77	78155	买盘
13:54:59	10.15	--	10	10150	买盘
13:54:53	10.15	0.02	100	101500	买盘
13:54:49	10.13	-0.01	100	101300	卖盘
13:54:44	10.14	-0.01	1	1014	卖盘
13:54:29	10.15	--	2	2030	买盘
13:54:19	10.15	0.02	10	10150	买盘
13:54:14	10.13	--	71	71923	卖盘
13:53:53	10.13	--	0	0	卖盘
13:53:49	10.13	-0.01	40	40520	卖盘
13:53:44	10.14	0.01	11	11154	买盘
13:53:34	10.13	-0.01	18	18234	卖盘
13:53:29	10.14	0.01	1	1014	买盘
13:53:23	10.13	--	262	265406	买盘
13:53:18	10.13	--	104	105352	买盘
13:53:14	10.13	--	21	21273	买盘
13:53:08	10.13	--	5	5065	买盘
13:53:04	10.13	--	30	30390	买盘
13:52:58	10.13	--	258	261354	买盘
13:52:53	10.13	0.01	16	16208	买盘
13:52:49	10.12	--	0	0	中性盘
13:52:44	10.12	--	51	51611	买盘
13:52:38	10.12	--	51	51611	买盘
13:52:34	10.12	0.01	3	3035	中性盘
13:52:29	10.11	-0.01	62	62682	卖盘
13:52:23	10.12	-0.01	86	87032	卖盘
13:52:19	10.13	0.01	83	84079	买盘
13:52:14	10.12	--	73	73876	买盘
13:52:08	10.12	0.01	34	34408	买盘
13:52:03	10.11	--	0	0	卖盘
13:51:59	10.11	--	61	61671	卖盘
13:51:53	10.11	-0.02	11	11121	卖盘
13:51:48	10.13	0.01	101	102313	买盘
13:51:44	10.12	--	3	3035	买盘
13:51:34	10.12	--	237	239843	卖盘
13:51:29	10.12	--	10	10120	卖盘
13:51:19	10.12	--	10	10120	卖盘
13:51:14	10.12	--	8	8095	卖盘
13:51:04	10.12	--	10	10120	卖盘
13:50:59	10.12	--	119	120427	买盘
13:50:53	10.12	0.01	19	19228	买盘
13:50:48	10.11	-0.01	36	36396	卖盘
13:50:43	10.12	0.01	65	65780	买盘
13:50:38	10.11	-0.01	228	230508	卖盘
13:50:33	10.12	0.01	100	101199	买盘
13:50:28	10.11	-0.01	21	21231	卖盘
13:50:23	10.12	0.01	19	19228	买盘
13:50:18	10.11	-0.01	5	5055	卖盘
13:50:13	10.12	--	10	10120	买盘
13:50:03	10.12	--	169	171028	卖盘
13:49:58	10.12	-0.01	67	67804	卖盘
13:49:53	10.13	--	7	7091	买盘
13:49:43	10.13	--	2	2026	买盘
13:49:38	10.13	-0.01	40	40520	卖盘
13:49:34	10.14	--	86	87204	买盘
13:49:28	10.14	--	5	5070	买盘
13:49:18	10.14	0.01	14	14196	买盘
13:49:13	10.13	--	5	5065	卖盘
13:49:08	10.13	--	500	506500	卖盘
13:49:03	10.13	-0.01	124	125612	卖盘
13:48:58	10.14	--	183	185562	买盘
13:48:53	10.14	--	10	10140	买盘
13:48:38	10.14	--	24	24336	买盘
13:48:28	10.14	--	77	78078	买盘
13:48:23	10.14	--	30	30420	买盘
13:48:08	10.14	0.01	5	5070	买盘
13:48:02	10.13	-0.01	42	42546	卖盘
13:47:58	10.14	0.01	47	47658	买盘
13:47:53	10.13	--	10	10130	卖盘
13:46:57	10.13	--	22	22286	卖盘
13:46:47	10.13	--	1	1013	卖盘
13:46:42	10.13	--	19	19247	买盘
13:46:27	10.13	--	16	16208	买盘
13:46:23	10.13	--	117	118521	卖盘
13:46:17	10.13	--	1	1013	卖盘
13:46:12	10.13	-0.01	5	5065	卖盘
13:46:02	10.14	--	30	30420	买盘
13:45:57	10.14	0.01	41	41574	买盘
13:45:53	10.13	0.01	58	58754	买盘
13:45:47	10.12	-0.01	1	1011	卖盘
13:45:42	10.13	--	11	11143	卖盘
13:45:27	10.13	--	67	67871	买盘
13:45:12	10.13	--	5	5065	买盘
13:45:08	10.13	-0.01	5	5065	卖盘
13:44:57	10.14	--	0	0	买盘
13:44:53	10.14	0.02	3	3042	买盘
13:44:42	10.12	-0.02	32	32383	卖盘
13:44:27	10.14	--	11	11154	买盘
13:44:23	10.14	--	1205	1222377	卖盘
13:44:12	10.14	-0.01	43	43602	卖盘
13:44:02	10.15	--	97	98455	买盘
13:43:57	10.15	0.01	50	50750	买盘
13:43:47	10.14	-0.01	20	20280	卖盘
13:43:42	10.15	--	42	42630	卖盘
13:43:37	10.15	--	10	10150	买盘
13:43:27	10.15	0.01	30	30450	卖盘
13:43:22	10.14	--	0	0	卖盘
13:43:17	10.14	-0.01	20	20280	卖盘
13:43:12	10.15	0.01	2	2030	买盘
13:43:07	10.14	-0.01	14	14196	卖盘
13:43:02	10.15	--	90	91350	买盘
13:42:43	10.15	0.02	5	5075	买盘
13:42:37	10.13	-0.02	59	59767	卖盘
13:42:32	10.15	0.01	15	15225	买盘
13:42:22	10.14	--	0	0	卖盘
13:42:17	10.14	--	10	10140	卖盘
13:42:07	10.14	--	23	23322	买盘
13:42:02	10.14	--	5	5070	卖盘
13:41:52	10.14	--	5	5070	卖盘
13:41:47	10.14	-0.01	6	6084	卖盘
13:41:41	10.15	0.01	10	10150	买盘
13:41:22	10.14	-0.01	60	60840	卖盘
13:41:17	10.15	-0.01	9	9135	卖盘
13:41:11	10.16	0.02	10	10160	买盘
13:41:07	10.14	--	0	0	卖盘
13:41:02	10.14	--	10	10140	卖盘
13:40:56	10.14	-0.01	47	47658	卖盘
13:40:52	10.15	0.01	18	18270	买盘
13:40:47	10.14	-0.01	4	4056	卖盘
13:40:41	10.15	--	9	9135	买盘
13:40:32	10.15	--	1	1015	买盘
13:40:26	10.15	--	61	61915	买盘
13:40:22	10.15	0.01	10	10150	买盘
13:40:02	10.14	0.01	8	8112	买盘
13:39:52	10.13	-0.01	2	2026	卖盘
13:39:47	10.14	-0.01	40	40560	卖盘
13:39:41	10.15	--	20	20300	买盘
13:39:32	10.15	--	20	20300	买盘
13:39:26	10.15	-0.01	48	48720	卖盘
13:39:21	10.16	--	2	2032	买盘
13:39:17	10.16	0.01	5	5080	买盘
13:39:11	10.15	-0.01	5	5075	卖盘
13:39:06	10.16	--	9	9144	买盘
13:39:02	10.16	--	116	117856	买盘
13:38:56	10.16	-0.01	192	195072	卖盘
13:38:51	10.17	0.01	5	5085	买盘
13:38:47	10.16	--	50	50800	卖盘
13:38:26	10.16	--	58	58928	卖盘
13:38:21	10.16	--	5	5080	卖盘
13:38:16	10.16	--	153	155448	卖盘
13:38:11	10.16	-0.01	7	7112	卖盘
13:38:06	10.17	0.01	20	20340	买盘
13:37:47	10.16	--	10	10160	卖盘
13:37:32	10.16	-0.02	3	3048	卖盘
13:37:26	10.18	--	0	0	买盘
13:37:21	10.18	0.02	50	50900	买盘
13:37:16	10.16	-0.02	250	254000	卖盘
13:37:11	10.18	--	1	1018	买盘
13:36:56	10.18	--	49	49882	卖盘
13:36:51	10.18	-0.01	42	42756	卖盘
13:36:46	10.19	0.01	310	315890	买盘
13:36:41	10.18	--	30	30540	买盘
13:36:36	10.18	--	108	109944	卖盘
13:36:31	10.18	--	2	2036	卖盘
13:36:26	10.18	--	20	20360	卖盘
13:36:21	10.18	0.01	261	265698	买盘
13:36:16	10.17	--	15	15255	卖盘
13:36:06	10.17	-0.01	56	56952	卖盘
13:36:01	10.18	--	129	131322	买盘
13:35:56	10.18	--	38	38684	买盘
13:35:51	10.18	--	13	13234	买盘
13:35:46	10.18	0.01	8	8144	买盘
13:35:41	10.17	-0.01	17	17289	卖盘
13:35:36	10.18	--	50	50900	买盘
13:35:31	10.18	--	175	178150	卖盘
13:35:21	10.18	-0.01	36	36648	卖盘
13:35:16	10.19	--	3	3057	买盘
13:35:11	10.19	--	1217	1240123	卖盘
13:35:05	10.19	--	32	32608	卖盘
13:35:01	10.19	--	1	1019	卖盘
13:34:56	10.19	--	151	153869	卖盘
13:34:50	10.19	0.01	75	76425	买盘
13:34:46	10.18	-0.01	15	15270	卖盘
13:34:41	10.19	0.01	79	80501	买盘
13:34:31	10.18	--	1	1018	卖盘
13:34:26	10.18	--	2	2036	卖盘
13:34:20	10.18	-0.01	12	12216	卖盘
13:34:11	10.19	0.01	5	5095	买盘
13:34:05	10.18	--	859	874462	卖盘
13:34:01	10.18	--	2	2036	卖盘
13:33:56	10.18	-0.02	7	7126	卖盘
13:33:46	10.2	--	0	0	买盘
13:33:41	10.2	0.01	104	106079	买盘
13:33:31	10.19	--	41	41779	卖盘
13:33:26	10.19	--	61	62159	卖盘
13:33:15	10.19	--	29	29551	买盘
13:33:11	10.19	--	48	48912	买盘
13:33:00	10.19	-0.01	39	39741	卖盘
13:32:56	10.2	--	218	222359	卖盘
13:32:50	10.2	-0.01	25	25500	卖盘
13:32:45	10.21	0.01	165	168465	买盘
13:32:40	10.2	--	259	264180	卖盘
13:32:35	10.2	-0.01	734	748680	卖盘
13:32:31	10.21	--	2	2042	买盘
13:32:25	10.21	-0.01	331	337951	卖盘
13:32:20	10.22	--	11	11242	买盘
13:32:15	10.22	0.01	492	502824	买盘
13:32:11	10.21	0.01	107	109247	买盘
13:32:05	10.2	--	5	5100	卖盘
13:32:00	10.2	--	60	61199	卖盘
13:31:55	10.2	0.02	145	147900	买盘
13:31:50	10.18	-0.01	10	10180	卖盘
13:31:45	10.19	--	496	505424	买盘
13:31:41	10.19	0.01	60	61140	买盘
13:31:35	10.18	--	31	31558	买盘
13:31:31	10.18	-0.01	47	47846	卖盘
13:31:26	10.19	0.01	296	301624	买盘
13:31:20	10.18	--	78	79404	买盘
13:31:15	10.18	0.02	158	160844	买盘
13:31:11	10.16	--	24	24384	卖盘
13:31:00	10.16	0.01	343	348488	买盘
13:30:56	10.15	--	15	15225	卖盘
13:30:50	10.15	--	266	269990	买盘
13:30:41	10.15	0.01	21	21315	买盘
13:30:35	10.14	--	72	73008	买盘
13:30:30	10.14	--	94	95316	买盘
13:30:25	10.14	0.01	20	20280	买盘
13:30:20	10.13	--	5	5065	卖盘
13:30:15	10.13	0.01	82	83066	买盘
13:30:00	10.12	--	10	10120	卖盘
13:29:50	10.12	0.01	95	96139	买盘
13:29:45	10.11	--	10	10110	买盘
13:29:40	10.11	--	65	65715	卖盘
13:29:25	10.11	--	919	929109	卖盘
13:29:15	10.11	--	0	0	卖盘
13:29:05	10.11	-0.02	4	4044	卖盘
13:28:50	10.13	0.02	68	68884	买盘
13:28:40	10.11	--	5	5055	买盘
13:28:30	10.11	-0.02	593	599523	卖盘
13:28:25	10.13	0.01	25	25325	买盘
13:28:10	10.12	--	41	41492	买盘
13:28:05	10.12	0.01	41	41492	买盘
13:27:55	10.11	-0.01	10	10110	卖盘
13:27:50	10.12	--	5	5060	买盘
13:27:35	10.12	--	155	156860	卖盘
13:27:20	10.12	--	52	52623	买盘
13:27:10	10.12	--	10	10120	买盘
13:27:05	10.12	0.01	100	101199	买盘
13:26:55	10.11	-0.01	11	11121	卖盘
13:26:50	10.12	0.01	28	28335	买盘
13:26:40	10.11	--	0	0	中性盘
13:26:35	10.11	--	3	3033	买盘
13:26:20	10.11	--	7	7077	卖盘
13:26:14	10.11	--	30	30330	卖盘
13:26:05	10.11	--	9	9099	买盘
13:25:54	10.11	--	5	5055	卖盘
13:25:39	10.11	--	47	47517	买盘
13:25:20	10.11	--	10	10110	卖盘
13:25:09	10.11	--	0	0	中性盘
13:24:54	10.11	-0.01	10	10110	卖盘
13:24:49	10.12	0.01	34	34408	买盘
13:24:44	10.11	--	10	10110	卖盘
13:24:39	10.11	--	5	5055	卖盘
13:24:35	10.11	0.01	51	51561	买盘
13:24:24	10.1	-0.01	10	10100	卖盘
13:24:19	10.11	--	93	94023	买盘
13:24:09	10.11	--	15	15165	买盘
13:24:04	10.11	-0.01	210	212310	买盘
13:23:59	10.12	--	0	0	买盘
13:23:49	10.12	0.01	166	167992	买盘
13:23:39	10.11	--	18	18198	买盘
13:23:29	10.11	0.01	50	50550	买盘
13:23:24	10.1	-0.01	68	68680	卖盘
13:23:19	10.11	--	3	3033	买盘
13:23:14	10.11	0.01	85	85935	买盘
13:23:09	10.1	--	39	39390	卖盘
13:23:04	10.1	-0.01	88	88880	卖盘
13:22:59	10.11	--	14	14154	买盘
13:22:44	10.11	0.01	95	96045	买盘
13:22:39	10.1	-0.01	10	10100	卖盘
13:22:34	10.11	-0.01	115	116265	卖盘
13:22:29	10.12	--	42	42504	买盘
13:22:24	10.12	--	60	60719	买盘
13:22:19	10.12	--	120	121439	买盘
13:22:14	10.12	0.01	17	17204	买盘
13:21:59	10.11	-0.01	30	30330	卖盘
13:21:54	10.12	0.01	10	10120	买盘
13:21:49	10.11	-0.01	38	38418	卖盘
13:21:44	10.12	0.01	10	10120	买盘
13:21:39	10.11	--	25	25275	卖盘
13:21:34	10.11	-0.01	15	15165	卖盘
13:21:29	10.12	--	5	5060	买盘
13:21:19	10.12	--	35	35420	卖盘
13:21:14	10.12	-0.01	45	45540	卖盘
13:21:08	10.13	0.01	80	81040	买盘
13:21:04	10.12	--	3	3035	卖盘
13:20:59	10.12	-0.01	15	15179	卖盘
13:20:49	10.13	--	0	0	买盘
13:20:44	10.13	--	6	6078	买盘
13:20:38	10.13	0.01	12	12156	买盘
13:20:34	10.12	--	5	5060	卖盘
13:20:19	10.12	-0.01	6	6071	卖盘
13:20:14	10.13	0.01	25	25325	买盘
13:19:59	10.12	-0.01	2	2023	卖盘
13:19:49	10.13	--	2	2026	买盘
13:19:44	10.13	--	8	8104	买盘
13:19:33	10.13	--	1	1013	买盘
13:19:18	10.13	0.01	1	1013	中性盘
13:19:14	10.12	-0.02	269	272228	卖盘
13:18:59	10.14	--	10	10140	买盘
13:18:38	10.14	--	0	0	买盘
13:18:33	10.14	0.01	200	202800	买盘
13:18:18	10.13	--	10	10130	买盘
13:18:14	10.13	--	4	4052	卖盘
13:18:08	10.13	--	16	16208	买盘
13:17:58	10.13	--	30	30390	买盘
13:17:48	10.13	--	68	68884	买盘
13:17:44	10.13	--	10	10130	买盘
13:17:33	10.13	--	2	2026	买盘
13:17:29	10.13	--	50	50650	买盘
13:17:18	10.13	--	102	103326	买盘
13:17:14	10.13	--	228	230964	卖盘
13:17:03	10.13	-0.01	15	15195	卖盘
13:16:58	10.14	0.01	10	10140	买盘
13:16:48	10.13	--	1	1013	卖盘
13:16:43	10.13	--	0	0	卖盘
13:16:13	10.13	-0.02	5	5065	卖盘
13:16:03	10.15	0.02	5	5075	买盘
13:15:58	10.13	-0.02	120	121560	卖盘
13:15:43	10.15	0.01	267	271005	买盘
13:15:38	10.14	--	46	46644	买盘
13:15:33	10.14	0.01	20	20280	买盘
13:15:28	10.13	-0.01	4	4052	卖盘
13:15:23	10.14	--	10	10140	买盘
13:14:58	10.14	--	8	8112	卖盘
13:14:48	10.14	0.01	2	2028	买盘
13:14:43	10.13	-0.01	1	1013	卖盘
13:14:28	10.14	--	8	8112	卖盘
13:14:23	10.14	--	29	29406	卖盘
13:14:02	10.14	-0.01	1	1014	卖盘
13:13:58	10.15	0.01	5	5075	买盘
13:13:53	10.14	--	19	19266	买盘
13:13:43	10.14	0.01	73	74022	买盘
13:13:28	10.13	-0.01	30	30390	卖盘
13:13:17	10.14	0.02	3	3042	买盘
13:12:47	10.12	--	0	0	卖盘
13:12:42	10.12	-0.02	5	5060	卖盘
13:12:38	10.14	0.02	26	26364	买盘
13:12:27	10.12	--	3	3035	买盘
13:12:23	10.12	-0.01	2	2023	买盘
13:12:17	10.13	--	0	0	买盘
13:12:12	10.13	--	48	48624	卖盘
13:12:02	10.13	0.01	1	1013	卖盘
13:11:57	10.12	-0.01	4	4047	卖盘
13:11:52	10.13	--	31	31403	买盘
13:11:42	10.13	-0.01	2	2026	买盘
13:11:37	10.14	--	4	4056	买盘
13:11:27	10.14	--	5	5070	买盘
13:11:23	10.14	--	78	79092	买盘
13:11:17	10.14	0.02	10	10140	买盘
13:11:12	10.12	-0.02	2	2023	卖盘
13:11:07	10.14	--	51	51714	卖盘
13:10:57	10.14	0.05	158	160212	买盘
13:10:53	10.09	-0.01	300	302700	卖盘
13:10:42	10.1	0.01	30	30300	买盘
13:10:38	10.09	-0.05	20	20180	卖盘
13:10:32	10.14	0.05	50	50700	买盘
13:10:22	10.09	0.01	4	4036	中性盘
13:10:17	10.08	-0.01	111	111888	卖盘
13:10:12	10.09	--	61	61549	买盘
13:10:08	10.09	--	1	1009	买盘
13:10:02	10.09	0.02	536	540834	中性盘
13:09:57	10.07	0.01	198	199386	卖盘
13:09:47	10.06	--	0	0	卖盘
13:09:42	10.06	-0.03	494	496964	卖盘
13:09:32	10.09	--	15	15135	买盘
13:09:27	10.09	-0.01	10	10090	买盘
13:09:22	10.1	-0.01	222	224220	中性盘
13:09:17	10.11	0.03	539	544929	买盘
13:09:12	10.08	-0.03	604	608832	卖盘
13:09:07	10.11	--	146	147606	卖盘
13:09:02	10.11	-0.01	324	327564	卖盘
13:08:47	10.12	--	55	55659	买盘
13:08:42	10.12	--	8	8095	买盘
13:08:37	10.12	--	202	204423	买盘
13:08:31	10.12	--	60	60719	买盘
13:08:27	10.12	0.05	222	224663	买盘
13:08:22	10.07	-0.05	1504	1514528	卖盘
13:08:17	10.12	-0.04	514	520167	卖盘
13:08:07	10.16	-0.03	77	79237	卖盘
13:07:56	10.19	0.03	14	14266	买盘
13:07:52	10.16	-0.04	601	610616	卖盘
13:07:47	10.2	0.01	27	27539	买盘
13:07:37	10.19	--	0	0	中性盘
13:07:32	10.19	--	85	86615	买盘
13:07:22	10.19	0.01	36	36684	买盘
13:07:11	10.18	-0.01	2	2036	卖盘
13:07:02	10.19	0.01	23	23437	买盘
13:06:56	10.18	-0.01	10	10180	卖盘
13:06:52	10.19	0.01	20	20380	买盘
13:06:41	10.18	--	5	5100	卖盘
13:06:37	10.18	--	1	1018	卖盘
13:06:26	10.18	--	30	30540	卖盘
13:06:17	10.18	-0.01	13	13234	卖盘
13:06:11	10.19	--	15	15285	买盘
13:06:07	10.19	--	108	110052	买盘
13:05:56	10.19	--	1	1019	买盘
13:05:47	10.19	-0.01	19	19361	卖盘
13:05:41	10.2	--	4	4079	买盘
13:05:36	10.2	0.01	118	120359	买盘
13:05:21	10.19	--	38	38722	买盘
13:05:16	10.19	--	20	20380	买盘
13:05:11	10.19	--	6	6114	买盘
13:05:06	10.19	--	49	49931	买盘
13:05:01	10.19	--	135	137565	买盘
13:04:51	10.19	--	20	20380	买盘
13:04:46	10.19	--	1	1019	买盘
13:04:41	10.19	--	31	31589	买盘
13:04:36	10.19	--	10	10190	买盘
13:04:31	10.19	0.01	8	8152	买盘
13:04:26	10.18	-0.01	64	65152	卖盘
13:04:21	10.19	--	15	15285	买盘
13:04:16	10.19	0.01	1	1019	买盘
13:04:11	10.18	--	100	101800	卖盘
13:03:56	10.18	--	110	111980	买盘
13:03:51	10.18	--	51	51918	买盘
13:03:36	10.18	--	0	0	买盘
13:03:31	10.18	0.01	20	20360	买盘
13:03:21	10.17	--	30	30510	买盘
13:03:16	10.17	--	40	40680	卖盘
13:03:06	10.17	0.01	83	84411	买盘
13:03:01	10.16	--	5	5080	卖盘
13:02:56	10.16	--	131	133096	卖盘
13:02:51	10.16	--	57	57912	买盘
13:02:46	10.16	--	10	10160	买盘
13:02:36	10.16	0.01	40	40640	买盘
13:02:21	10.15	--	15	15225	卖盘
13:02:16	10.15	--	33	33495	买盘
13:02:06	10.15	0.01	22	22330	卖盘
13:01:56	10.14	-0.02	73	74022	卖盘
13:01:46	10.16	--	20	20320	买盘
13:01:26	10.16	0.01	5	5080	买盘
13:00:56	10.15	--	14	14210	买盘
13:00:50	10.15	--	10	10150	买盘
13:00:46	10.15	--	50	50750	买盘
13:00:31	10.15	--	8	8120	买盘
13:00:26	10.15	0.01	100	101500	买盘
13:00:16	10.14	-0.01	8	8112	卖盘
13:00:11	10.15	--	96	97440	买盘
13:00:05	10.15	-0.01	333	337995	卖盘
13:00:01	10.16	--	19	19304	买盘
11:30:00	10.16	--	0	0	买盘
11:30:00	10.16	--	0	0	买盘
11:30:00	10.16	--	5	5080	买盘
11:29:57	10.16	0.01	15	15240	买盘
11:29:52	10.15	-0.01	10	10150	卖盘
11:29:42	10.16	0.01	15	15240	买盘
11:29:31	10.15	--	10	10150	卖盘
11:29:16	10.15	-0.01	20	20300	卖盘
11:29:12	10.16	--	46	46736	买盘
11:29:01	10.16	--	2	2032	买盘
11:28:46	10.16	0.01	4	4064	买盘
11:28:42	10.15	-0.01	104	105560	卖盘
11:28:31	10.16	0.01	80	81280	买盘
11:28:27	10.15	--	10	10150	卖盘
11:28:22	10.15	-0.01	5	5075	卖盘
11:28:16	10.16	0.01	50	50800	买盘
11:28:12	10.15	--	1	1015	卖盘
11:27:46	10.15	--	3	3045	买盘
11:27:37	10.15	--	253	256795	买盘
11:27:31	10.15	--	20	20300	买盘
11:27:22	10.15	--	39	39585	买盘
11:27:16	10.15	--	34	34510	买盘
11:27:07	10.15	0.01	109	110635	买盘
11:27:01	10.14	--	24	24336	卖盘
11:26:51	10.14	-0.01	115	116610	卖盘
11:26:40	10.15	0.01	4	4060	买盘
11:26:37	10.14	--	5	5070	卖盘
11:26:21	10.14	0.01	35	35490	买盘
11:26:10	10.13	-0.01	3	3039	卖盘
11:26:07	10.14	0.01	51	51714	买盘
11:26:01	10.13	--	20	20260	卖盘
11:25:46	10.13	--	8	8104	买盘
11:25:36	10.13	--	2	2026	卖盘
11:25:31	10.13	-0.01	156	158028	卖盘
11:25:25	10.14	--	10	10140	买盘
11:25:21	10.14	0.01	124	125736	买盘
11:25:10	10.13	--	5	5065	卖盘
11:25:06	10.13	--	17	17221	买盘
11:25:01	10.13	--	135	136755	买盘
11:24:55	10.13	--	12	12156	买盘
11:24:51	10.13	0.01	6	6078	买盘
11:24:46	10.12	--	94	95127	卖盘
11:24:40	10.12	-0.01	6	6071	卖盘
11:24:36	10.13	0.01	10	10130	买盘
11:24:25	10.12	-0.01	118	119415	买盘
11:24:21	10.13	--	2	2026	买盘
11:24:16	10.13	0.02	52	52676	买盘
11:24:10	10.11	--	4	4044	卖盘
11:24:01	10.11	--	68	68748	买盘
11:23:55	10.11	0.01	1	1011	买盘
11:23:51	10.1	--	12	12120	卖盘
11:23:46	10.1	--	75	75750	卖盘
11:23:40	10.1	0.02	134	135340	买盘
11:23:36	10.08	--	163	164304	卖盘
11:23:31	10.08	--	0	0	卖盘
11:23:25	10.08	-0.01	10	10080	卖盘
11:23:21	10.09	--	91	91819	买盘
11:23:16	10.09	--	116	117044	买盘
11:23:10	10.09	--	1	1009	买盘
11:23:06	10.09	--	203	204827	卖盘
11:23:01	10.09	--	2	2018	卖盘
11:22:55	10.09	-0.01	100	100900	卖盘
11:22:51	10.1	--	41	41410	买盘
11:22:46	10.1	--	50	50500	买盘
11:22:40	10.1	--	7	7070	买盘
11:22:36	10.1	--	25	25250	买盘
11:22:31	10.1	-0.01	358	361580	卖盘
11:22:21	10.11	--	9	9099	买盘
11:22:16	10.11	0.01	333	336663	买盘
11:22:10	10.1	--	48	48480	卖盘
11:22:01	10.1	-0.01	94	94940	卖盘
11:21:55	10.11	--	7	7077	卖盘
11:21:51	10.11	0.01	5	5055	买盘
11:21:46	10.1	-0.01	242	244420	卖盘
11:21:40	10.11	--	129	130418	卖盘
11:21:36	10.11	-0.01	45	45495	卖盘
11:21:31	10.12	--	13	13155	买盘
11:21:25	10.12	--	19	19228	买盘
11:21:19	10.12	--	84	85008	卖盘
11:21:16	10.12	--	54	54647	卖盘
11:21:10	10.12	-0.01	3	3035	卖盘
11:21:04	10.13	--	5	5065	买盘
11:21:01	10.13	--	178	180314	卖盘
11:20:55	10.13	-0.01	25	25325	卖盘
11:20:49	10.14	0.01	1	1014	买盘
11:20:40	10.13	--	87	88131	卖盘
11:20:34	10.13	-0.01	5	5065	卖盘
11:20:30	10.14	-0.01	5	5070	中性盘
11:20:25	10.15	0.02	20	20300	买盘
11:20:19	10.13	-0.01	46	46598	卖盘
11:20:15	10.14	-0.01	11	11154	卖盘
11:20:10	10.15	0.01	13	13195	买盘
11:20:04	10.14	--	20	20280	卖盘
11:20:00	10.14	--	10	10140	卖盘
11:19:55	10.14	--	181	183534	卖盘
11:19:49	10.14	-0.01	68	68952	卖盘
11:19:45	10.15	--	70	71050	买盘
11:19:40	10.15	--	9	9135	买盘
11:19:30	10.15	--	2	2030	卖盘
11:19:19	10.15	0.02	11	11165	买盘
11:19:15	10.13	0.01	82	83066	中性盘
11:19:10	10.12	-0.02	19	19228	卖盘
11:19:00	10.14	0.02	6	6084	中性盘
11:18:45	10.12	--	0	0	卖盘
11:18:40	10.12	-0.03	6	6071	卖盘
11:18:30	10.15	0.02	62	62930	买盘
11:18:25	10.13	-0.03	474	480162	卖盘
11:18:15	10.16	--	44	44704	买盘
11:18:10	10.16	--	26	26416	买盘
11:18:04	10.16	--	1	1016	买盘
11:18:00	10.16	--	7	7112	买盘
11:17:55	10.16	-0.01	1	1016	卖盘
11:17:49	10.17	--	61	62037	买盘
11:17:45	10.17	0.01	35	35595	买盘
11:17:40	10.16	--	150	152400	卖盘
11:17:34	10.16	--	20	20320	卖盘
11:17:30	10.16	--	20	20320	卖盘
11:17:25	10.16	0.01	287	291592	买盘
11:17:19	10.15	--	1	1015	买盘
11:17:15	10.15	--	10	10150	买盘
11:17:10	10.15	--	8	8120	买盘
11:17:04	10.15	--	0	0	买盘
11:17:00	10.15	0.02	101	102515	中性盘
11:16:49	10.13	--	55	55715	卖盘
11:16:45	10.13	-0.03	369	373797	卖盘
11:16:40	10.16	--	52	52832	买盘
11:16:30	10.16	--	25	25400	卖盘
11:16:25	10.16	0.03	165	167640	买盘
11:16:15	10.13	-0.01	130	131690	卖盘
11:16:10	10.14	--	100	101400	卖盘
11:16:04	10.14	--	30	30420	卖盘
11:16:00	10.14	--	121	122694	卖盘
11:15:55	10.14	--	166	168324	卖盘
11:15:45	10.14	--	13	13182	卖盘
11:15:40	10.14	0.01	138	139932	买盘
11:15:34	10.13	-0.01	55	55715	卖盘
11:15:19	10.14	0.01	183	185562	买盘
11:15:10	10.13	--	105	106365	卖盘
11:15:00	10.13	-0.01	102	103326	卖盘
11:14:54	10.14	0.01	160	162240	买盘
11:14:49	10.13	--	113	114469	买盘
11:14:43	10.13	--	43	43559	买盘
11:14:40	10.13	--	11	11143	买盘
11:14:28	10.13	--	20	20260	买盘
11:14:25	10.13	-0.01	110	111430	卖盘
11:14:19	10.14	--	26	26364	买盘
11:14:13	10.14	--	13	13182	买盘
11:14:09	10.14	--	12	12168	买盘
11:14:04	10.14	--	109	110526	卖盘
11:13:58	10.14	--	124	125736	买盘
11:13:54	10.14	--	218	221052	买盘
11:13:49	10.14	--	77	78078	买盘
11:13:34	10.14	0.01	9	9126	买盘
11:13:28	10.13	--	1	1013	买盘
11:13:19	10.13	0.01	6	6078	买盘
11:13:13	10.12	--	93	94116	买盘
11:13:09	10.12	0.02	7	7083	买盘
11:13:04	10.1	-0.01	110	111100	卖盘
11:12:58	10.11	0.01	175	176925	买盘
11:12:54	10.1	0.01	16	16160	买盘
11:12:49	10.09	--	218	219962	买盘
11:12:43	10.09	0.01	136	137224	买盘
11:12:39	10.08	-0.01	4	4032	卖盘
11:12:34	10.09	0.01	180	181620	买盘
11:12:28	10.08	0.01	121	122945	买盘
11:12:24	10.07	-0.01	235	236645	卖盘
11:12:19	10.08	0.01	67	67536	买盘
11:12:13	10.07	-0.01	23	23161	卖盘
11:12:09	10.08	--	193	194544	买盘
11:12:04	10.08	--	132	133056	买盘
11:11:58	10.08	0.01	15	15120	买盘
11:11:54	10.07	-0.01	204	205428	卖盘
11:11:49	10.08	--	88	88704	卖盘
11:11:43	10.08	-0.01	22	22176	卖盘
11:11:39	10.09	--	53	53477	买盘
11:11:34	10.09	-0.01	68	68612	卖盘
11:11:28	10.1	--	10	10100	买盘
11:11:24	10.1	--	159	160590	买盘
11:11:19	10.1	--	13	13130	买盘
11:11:13	10.1	-0.01	239	241390	卖盘
11:11:09	10.11	--	62	62682	卖盘
11:10:58	10.11	--	0	0	卖盘
11:10:54	10.11	-0.03	310	313410	卖盘
11:10:49	10.14	0.01	30	30420	买盘
11:10:43	10.13	--	23	23299	卖盘
11:10:39	10.13	--	47	47611	卖盘
11:10:34	10.13	-0.01	165	167145	卖盘
11:10:28	10.14	--	56	56784	卖盘
11:10:24	10.14	-0.01	33	33462	卖盘
11:10:19	10.15	--	24	24360	买盘
11:10:13	10.15	--	5	5075	买盘
11:10:09	10.15	--	11	11165	买盘
11:10:04	10.15	--	14	14210	买盘
11:09:58	10.15	-0.01	468	475050	卖盘
11:09:54	10.16	--	45	46654	买盘
11:09:49	10.16	--	109	110744	买盘
11:09:43	10.16	--	12	12192	买盘
11:09:39	10.16	--	73	74168	买盘
11:09:34	10.16	--	257	261112	卖盘
11:09:24	10.16	-0.01	30	30480	卖盘
11:09:19	10.17	0.01	21	21357	买盘
11:09:13	10.16	--	20	20320	卖盘
11:09:09	10.16	0.01	39	39624	中性盘
11:09:04	10.15	--	72	73130	卖盘
11:08:58	10.15	-0.01	29	29435	卖盘
11:08:54	10.16	0.01	16	16256	买盘
11:08:49	10.15	--	273	277095	卖盘
11:08:43	10.15	--	283	287245	卖盘
11:08:39	10.15	--	26	26390	卖盘
11:08:34	10.15	-0.01	118	119770	卖盘
11:08:28	10.16	0.01	42	42672	买盘
11:08:19	10.15	--	28	28420	卖盘
11:08:13	10.15	-0.01	111	112665	卖盘
11:08:07	10.16	--	170	172720	买盘
11:08:04	10.16	-0.01	184	187909	卖盘
11:07:58	10.17	--	76	77292	买盘
11:07:52	10.17	--	2	2034	买盘
11:07:49	10.17	--	289	293913	买盘
11:07:43	10.17	--	110	111870	卖盘
11:07:37	10.17	--	11	11187	卖盘
11:07:33	10.17	-0.01	43	43731	卖盘
11:07:22	10.18	--	5	5090	买盘
11:07:18	10.18	--	130	132340	卖盘
11:07:13	10.18	--	43	43774	卖盘
11:07:07	10.18	--	90	91620	卖盘
11:07:03	10.18	-0.01	110	111980	卖盘
11:06:58	10.19	--	121	123380	卖盘
11:06:52	10.19	--	28	28532	卖盘
11:06:48	10.19	-0.01	35	35665	卖盘
11:06:43	10.2	0.01	11	11220	中性盘
11:06:37	10.19	-0.01	510	519690	卖盘
11:06:33	10.2	--	48	48960	卖盘
11:06:28	10.2	-0.01	60	61199	卖盘
11:06:22	10.21	0.01	37	37777	买盘
11:06:18	10.2	-0.01	348	354960	卖盘
11:06:13	10.21	--	133	135793	卖盘
11:06:07	10.21	-0.01	264	269544	卖盘
11:06:03	10.22	0.01	59	60298	买盘
11:05:58	10.21	-0.01	167	170507	卖盘
11:05:48	10.22	--	493	503846	卖盘
11:05:43	10.22	--	10	10220	卖盘
11:05:28	10.22	-0.01	189	193158	卖盘
11:05:18	10.23	--	19	19437	卖盘
11:05:13	10.23	--	100	102300	卖盘
11:05:03	10.23	-0.01	100	102300	卖盘
11:04:58	10.24	0.01	10	10240	买盘
11:04:48	10.23	-0.01	10	10230	卖盘
11:04:43	10.24	--	5	5120	买盘
11:04:37	10.24	--	24	24576	买盘
11:04:22	10.24	0.01	10	10240	买盘
11:04:18	10.23	-0.01	21	21483	卖盘
11:04:13	10.24	--	9	9216	买盘
11:04:03	10.24	--	14	14336	买盘
11:03:58	10.24	0.01	12	12288	买盘
11:03:52	10.23	-0.01	10	10230	卖盘
11:03:48	10.24	--	7	7168	买盘
11:03:28	10.24	0.01	15	15360	买盘
11:03:22	10.23	-0.01	3	3069	卖盘
11:03:13	10.24	--	43	44032	买盘
11:02:58	10.24	--	2	2048	买盘
11:02:33	10.24	--	5	5120	买盘
11:02:28	10.24	--	31	31744	买盘
11:02:22	10.24	--	66	67584	卖盘
11:02:03	10.24	--	20	20480	卖盘
11:01:52	10.24	-0.01	5	5120	卖盘
11:01:47	10.25	0.01	40	41000	买盘
11:01:43	10.24	--	16	16384	卖盘
11:01:28	10.24	0.01	44	45056	买盘
11:01:22	10.23	--	34	34782	买盘
11:01:16	10.23	-0.01	2	2046	中性盘
11:01:13	10.24	0.01	125	128000	买盘
11:01:01	10.23	-0.01	29	29667	卖盘
11:00:58	10.24	--	110	112640	买盘
11:00:52	10.24	0.02	48	49152	买盘
11:00:42	10.22	-0.01	100	102200	卖盘
11:00:37	10.23	-0.01	10	10230	中性盘
11:00:31	10.24	0.02	45	46080	买盘
11:00:27	10.22	--	10	10220	卖盘
11:00:22	10.22	-0.01	85	86870	卖盘
11:00:12	10.23	0.01	11	11253	买盘
11:00:07	10.22	--	58	59276	卖盘
10:59:52	10.22	--	0	0	卖盘
10:59:46	10.22	-0.01	293	299446	卖盘
10:59:27	10.23	0.01	1	1023	买盘
10:59:22	10.22	-0.01	176	179872	卖盘
10:59:12	10.23	--	19	19437	买盘
10:59:07	10.23	--	36	36828	卖盘
10:59:01	10.23	-0.01	20	20460	卖盘
10:58:57	10.24	--	293	300032	买盘
10:58:52	10.24	--	0	0	买盘
10:58:46	10.24	-0.01	678	694272	卖盘
10:58:42	10.25	--	62	63550	买盘
10:58:37	10.25	0.01	20	20500	买盘
10:58:31	10.24	-0.01	10	10240	卖盘
10:58:27	10.25	--	17	17425	买盘
10:58:22	10.25	--	11	11275	买盘
10:58:16	10.25	--	2	2050	买盘
10:58:12	10.25	-0.01	43	44075	中性盘
10:58:07	10.26	--	203	208278	买盘
10:58:01	10.26	-0.01	105	107730	卖盘
10:57:52	10.27	-0.01	3	3081	中性盘
10:57:46	10.28	--	20	20560	买盘
10:57:42	10.28	0.01	145	149060	买盘
10:57:37	10.27	--	1	1027	中性盘
10:57:31	10.27	--	0	0	卖盘
10:57:27	10.27	--	13	13351	卖盘
10:57:22	10.27	--	55	56485	买盘
10:57:12	10.27	-0.01	160	164320	卖盘
10:57:07	10.28	0.01	19	19532	买盘
10:56:57	10.27	-0.01	13	13351	卖盘
10:56:52	10.28	0.01	104	106912	买盘
10:56:46	10.27	-0.01	100	102700	卖盘
10:56:42	10.28	0.01	30	30839	买盘
10:56:37	10.27	--	36	36972	买盘
10:56:31	10.27	0.01	100	102700	买盘
10:56:27	10.26	--	141	144666	卖盘
10:56:22	10.26	0.02	537	551803	买盘
10:56:16	10.24	--	0	0	卖盘
10:56:07	10.24	-0.01	167	171008	卖盘
10:55:57	10.25	--	165	169125	买盘
10:55:52	10.25	--	65	66625	买盘
10:55:46	10.25	-0.01	27	27675	中性盘
10:55:37	10.26	0.01	60	61560	买盘
10:55:26	10.25	--	30	30750	卖盘
10:55:22	10.25	--	48	49200	买盘
10:55:16	10.25	--	1	1025	买盘
10:55:12	10.25	--	44	45100	买盘
10:55:07	10.25	0.01	24	24600	买盘
10:55:01	10.24	-0.01	92	94208	卖盘
10:54:55	10.25	0.01	13	13325	买盘
10:54:52	10.24	--	18	18432	卖盘
10:54:46	10.24	--	13	13312	卖盘
10:54:40	10.24	--	16	16384	中性盘
10:54:37	10.24	-0.01	100	102400	卖盘
10:54:31	10.25	--	75	76875	买盘
10:54:25	10.25	0.01	2	2050	买盘
10:54:22	10.24	--	5	5120	卖盘
10:54:16	10.24	-0.01	126	129024	卖盘
10:54:06	10.25	0.01	24	24600	买盘
10:53:46	10.24	0.01	5	5120	卖盘
10:53:40	10.23	-0.02	11	11253	卖盘
10:53:36	10.25	0.03	41	42025	买盘
10:53:31	10.22	--	62	63364	卖盘
10:53:21	10.22	-0.02	10	10220	卖盘
10:53:16	10.24	0.01	2	2048	买盘
10:53:10	10.23	0.01	9	9207	中性盘
10:53:06	10.22	--	77	78694	卖盘
10:53:01	10.22	-0.01	133	135926	卖盘
10:52:55	10.23	-0.01	1	1023	卖盘
10:52:51	10.24	0.01	14	14336	买盘
10:52:46	10.23	-0.01	16	16368	卖盘
10:52:36	10.24	0.01	8	8192	买盘
10:52:31	10.23	-0.01	27	27621	卖盘
10:52:25	10.24	--	139	142336	买盘
10:52:21	10.24	--	16	16384	买盘
10:52:16	10.24	-0.01	126	129024	卖盘
10:52:10	10.25	0.01	111	113775	买盘
10:52:06	10.24	--	201	205824	卖盘
10:52:01	10.24	-0.01	1	1024	卖盘
10:51:55	10.25	--	50	51250	买盘
10:51:51	10.25	--	95	97375	买盘
10:51:46	10.25	0.01	41	42025	买盘
10:51:36	10.24	-0.01	23	23552	卖盘
10:51:31	10.25	--	35	35875	买盘
10:51:25	10.25	--	2	2050	买盘
10:51:16	10.25	--	7	7175	买盘
10:51:06	10.25	-0.01	156	159900	卖盘
10:51:01	10.26	--	3	3078	买盘
10:50:51	10.26	0.01	31	31806	买盘
10:50:46	10.25	--	16	16400	卖盘
10:50:40	10.25	--	3	3075	卖盘
10:50:36	10.25	--	116	118900	买盘
10:50:31	10.25	-0.01	121	124025	卖盘
10:50:25	10.26	--	32	32832	买盘
10:50:21	10.26	0.01	18	18468	买盘
10:50:16	10.25	--	1	1025	卖盘
10:50:06	10.25	0.01	46	47150	买盘
10:50:01	10.24	--	10	10240	卖盘
10:49:55	10.24	--	0	0	卖盘
10:49:51	10.24	-0.02	45	46080	卖盘
10:49:46	10.26	0.01	45	46170	买盘
10:49:40	10.25	-0.01	18	18450	买盘
10:49:36	10.26	0.02	65	66690	买盘
10:49:31	10.24	-0.01	8	8192	卖盘
10:49:25	10.25	--	61	62709	卖盘
10:49:21	10.25	-0.01	11	11275	卖盘
10:49:16	10.26	--	18	18468	买盘
10:49:01	10.26	-0.01	67	68742	卖盘
10:48:55	10.27	0.01	112	115024	买盘
10:48:51	10.26	--	21	21546	卖盘
10:48:46	10.26	-0.01	61	62586	卖盘
10:48:40	10.27	--	21	21567	买盘
10:48:36	10.27	--	21	21567	买盘
10:48:31	10.27	-0.01	66	67782	卖盘
10:48:25	10.28	--	28	28784	买盘
10:48:16	10.28	0.01	55	56540	买盘
10:48:10	10.27	-0.01	50	51350	卖盘
10:48:04	10.28	--	33	33924	买盘
10:48:01	10.28	--	75	77100	买盘
10:47:55	10.28	--	210	215880	买盘
10:47:49	10.28	--	18	18504	买盘
10:47:46	10.28	--	73	75044	卖盘
10:47:40	10.28	--	63	64763	买盘
10:47:34	10.28	--	25	25700	买盘
10:47:30	10.28	--	171	175788	卖盘
10:47:25	10.28	--	193	198404	买盘
10:47:19	10.28	--	6	6168	买盘
10:47:15	10.28	--	31	31867	买盘
10:47:10	10.28	0.01	50	51400	买盘
10:47:00	10.27	--	3	3081	卖盘
10:46:55	10.27	0.01	179	183833	买盘
10:46:49	10.26	--	3	3078	卖盘
10:46:45	10.26	--	56	57456	买盘
10:46:40	10.26	--	24	24624	买盘
10:46:34	10.26	--	22	22572	买盘
10:46:30	10.26	--	58	59508	买盘
10:46:25	10.26	0.01	284	291384	买盘
10:46:19	10.25	-0.01	23	23575	卖盘
10:46:15	10.26	0.01	20	20520	买盘
10:46:10	10.25	--	6	6150	卖盘
10:46:04	10.25	--	28	29540	买盘
10:46:00	10.25	--	17	17425	买盘
10:45:55	10.25	0.01	60	61500	买盘
10:45:40	10.24	0.02	1054	1079296	买盘
10:45:34	10.22	--	1	1022	卖盘
10:45:30	10.22	-0.01	5	5110	卖盘
10:45:25	10.23	--	16	16368	买盘
10:45:15	10.23	0.02	114	116622	买盘
10:45:10	10.21	-0.01	62	63302	卖盘
10:45:04	10.22	-0.01	22	22484	卖盘
10:45:00	10.23	0.01	39	39897	买盘
10:44:55	10.22	--	86	87892	卖盘
10:44:49	10.22	--	16	16352	卖盘
10:44:45	10.22	--	7	7154	卖盘
10:44:40	10.22	--	14	14308	卖盘
10:44:34	10.22	--	2	2044	买盘
10:44:30	10.22	-0.01	17	17374	卖盘
10:44:19	10.23	--	101	103323	买盘
10:44:15	10.23	--	1	1023	买盘
10:44:10	10.23	--	45	46035	买盘
10:44:00	10.23	0.01	35	35805	买盘
10:43:55	10.22	--	61	62342	卖盘
10:43:49	10.22	--	20	20440	卖盘
10:43:45	10.22	--	31	31682	卖盘
10:43:40	10.22	--	56	57232	卖盘
10:43:34	10.22	-0.01	49	50078	卖盘
10:43:30	10.23	0.01	77	78771	买盘
10:43:25	10.22	--	21	21462	卖盘
10:43:19	10.22	-0.01	70	71540	卖盘
10:43:15	10.23	--	17	17391	买盘
10:43:10	10.23	-0.01	277	283371	卖盘
10:43:04	10.24	--	69	70656	买盘
10:43:00	10.24	--	372	380928	买盘
10:42:55	10.24	--	1	1024	买盘
10:42:49	10.24	--	509	521216	买盘
10:42:45	10.24	-0.01	183	187392	卖盘
10:42:40	10.25	-0.01	1	1025	中性盘
10:42:34	10.26	0.01	2	2052	买盘
10:42:25	10.25	--	0	0	买盘
10:42:19	10.25	-0.02	12	12300	中性盘
10:42:15	10.27	--	7	7189	买盘
10:42:10	10.27	0.04	9	9243	买盘
10:42:04	10.23	--	5	5115	卖盘
10:41:55	10.23	-0.03	106	108438	买盘
10:41:49	10.26	0.03	823	844398	买盘
10:41:43	10.23	0.01	1	1023	买盘
10:41:40	10.22	--	104	106288	卖盘
10:41:34	10.22	-0.01	10	10220	卖盘
10:41:24	10.23	0.02	7	7161	买盘
10:41:19	10.21	--	0	0	卖盘
10:41:09	10.21	--	36	36756	卖盘
10:41:04	10.21	-0.01	56	57176	卖盘
10:40:58	10.22	0.01	131	133882	买盘
10:40:54	10.21	--	97	99037	卖盘
10:40:49	10.21	--	41	41861	卖盘
10:40:43	10.21	--	37	37777	卖盘
10:40:39	10.21	--	18	18378	卖盘
10:40:34	10.21	--	34	34714	卖盘
10:40:28	10.21	--	52	53092	卖盘
10:40:24	10.21	--	4	4084	卖盘
10:40:19	10.21	-0.01	30	30630	卖盘
10:40:13	10.22	--	43	43946	买盘
10:40:09	10.22	--	84	85848	买盘
10:40:04	10.22	0.01	25	25550	买盘
10:39:58	10.21	-0.01	200	204200	卖盘
10:39:54	10.22	--	40	40880	买盘
10:39:49	10.22	--	520	531440	买盘
10:39:43	10.22	0.01	10	10220	买盘
10:39:39	10.21	--	222	226662	卖盘
10:39:34	10.21	-0.01	21	21441	卖盘
10:39:28	10.22	0.01	31	31682	买盘
10:39:24	10.21	--	59	60239	卖盘
10:39:19	10.21	--	30	30630	卖盘
10:39:13	10.21	0.01	100	102100	中性盘
10:39:09	10.2	-0.01	135	137700	卖盘
10:39:04	10.21	0.01	57	58197	买盘
10:38:58	10.2	--	225	229499	卖盘
10:38:54	10.2	--	8	8159	卖盘
10:38:49	10.2	--	194	197880	卖盘
10:38:43	10.2	-0.02	12	12240	卖盘
10:38:39	10.22	0.01	233	238126	买盘
10:38:34	10.21	--	111	113331	中性盘
10:38:28	10.21	0.01	10	10210	卖盘
10:38:24	10.2	-0.01	563	574260	卖盘
10:38:19	10.21	0.01	48	49008	中性盘
10:38:13	10.2	--	50	51000	卖盘
10:38:09	10.2	-0.02	22	22440	卖盘
10:38:04	10.22	0.01	110	112420	买盘
10:37:58	10.21	--	10	10210	买盘
10:37:54	10.21	0.01	6	6126	中性盘
10:37:49	10.2	-0.01	56	57119	卖盘
10:37:39	10.21	0.01	2	2042	买盘
10:37:34	10.2	-0.02	108	110159	卖盘
10:37:28	10.22	0.01	2	2044	买盘
10:37:24	10.21	-0.02	256	261376	卖盘
10:37:19	10.23	0.01	18	18414	买盘
10:37:13	10.22	0.02	9	9198	卖盘
10:37:09	10.2	--	72	73440	卖盘
10:37:04	10.2	-0.02	540	550800	卖盘
10:36:58	10.22	--	116	118552	买盘
10:36:54	10.22	0.01	15	15330	买盘
10:36:49	10.21	--	8	8168	卖盘
10:36:39	10.21	--	18	18378	卖盘
10:36:34	10.21	--	137	139877	买盘
10:36:28	10.21	--	415	423715	卖盘
10:36:24	10.21	0.01	163	166423	卖盘
10:36:19	10.2	--	123	125459	卖盘
10:36:13	10.2	-0.01	87	88740	卖盘
10:36:09	10.21	-0.01	15	15315	卖盘
10:36:04	10.22	0.02	4	4088	买盘
10:35:58	10.2	--	11	11220	卖盘
10:35:54	10.2	--	82	83640	卖盘
10:35:49	10.2	0.01	123	126398	买盘
10:35:43	10.19	-0.01	43	43817	卖盘
10:35:39	10.2	--	244	248879	买盘
10:35:34	10.2	--	110	112281	卖盘
10:35:28	10.2	--	49	50918	买盘
10:35:22	10.2	--	62	63239	买盘
10:35:18	10.2	--	19	19380	买盘
10:35:13	10.2	-0.01	1519	1549461	卖盘
10:35:07	10.21	-0.02	37	37777	卖盘
10:35:04	10.23	0.01	16	16368	中性盘
10:34:58	10.22	0.01	13	13286	中性盘
10:34:52	10.21	--	23	23483	卖盘
10:34:49	10.21	-0.01	132	134772	卖盘
10:34:43	10.22	-0.02	477	487494	卖盘
10:34:37	10.24	-0.01	28	28672	卖盘
10:34:33	10.25	--	10	10250	买盘
10:34:28	10.25	--	59	60475	卖盘
10:34:22	10.25	--	62	63550	卖盘
10:34:18	10.25	--	121	124025	卖盘
10:34:13	10.25	--	35	35875	卖盘
10:34:07	10.25	--	67	68675	买盘
10:34:03	10.25	--	29	29725	买盘
10:33:58	10.25	0.02	73	74825	买盘
10:33:52	10.23	-0.02	5	5115	卖盘
10:33:48	10.25	--	318	325950	卖盘
10:33:43	10.25	--	174	178350	卖盘
10:33:37	10.25	--	25	25625	卖盘
10:33:33	10.25	-0.01	240	246000	中性盘
10:33:28	10.26	--	75	76950	买盘
10:33:22	10.26	--	6	6156	买盘
10:33:18	10.26	--	20	20520	买盘
10:33:13	10.26	0.04	32	32832	买盘
10:33:07	10.22	-0.01	60	61320	卖盘
10:33:03	10.23	0.01	13	13299	中性盘
10:32:58	10.22	0.01	119	121618	卖盘
10:32:52	10.21	0.01	5	5105	卖盘
10:32:48	10.2	--	10	10200	卖盘
10:32:37	10.2	--	766	782258	买盘
10:32:33	10.2	--	133	135660	买盘
10:32:28	10.2	0.01	361	368220	买盘
10:32:22	10.19	-0.01	188	191572	卖盘
10:32:18	10.2	0.01	94	95880	买盘
10:32:13	10.19	-0.01	196	199724	卖盘
10:32:07	10.2	--	33	33660	买盘
10:32:03	10.2	--	152	155040	买盘
10:31:58	10.2	--	420	428399	买盘
10:31:52	10.2	--	38	38760	买盘
10:31:48	10.2	-0.07	2230	2274681	卖盘
10:31:43	10.27	--	21	21567	卖盘
10:31:37	10.27	--	10	10270	买盘
10:31:33	10.27	--	10	10270	卖盘
10:31:28	10.27	--	15	15405	卖盘
10:31:22	10.27	--	69	70863	买盘
10:31:18	10.27	--	247	253669	买盘
10:31:13	10.27	--	40	41080	买盘
10:31:07	10.27	0.01	48	49296	买盘
10:31:03	10.26	-0.02	374	384667	卖盘
10:30:58	10.28	0.02	48	49344	买盘
10:30:52	10.26	-0.01	181	185706	卖盘
10:30:48	10.27	0.01	144	147888	买盘
10:30:43	10.26	--	114	116964	卖盘
10:30:37	10.26	-0.01	8	8208	卖盘
10:30:33	10.27	--	12	12324	买盘
10:30:28	10.27	-0.01	29	29783	中性盘
10:30:22	10.28	0.02	174	178872	买盘
10:30:18	10.26	-0.02	152	155952	卖盘
10:30:13	10.28	--	17	17476	买盘
10:30:07	10.28	--	259	266252	买盘
10:30:03	10.28	-0.02	1037	1066036	卖盘
10:29:58	10.3	--	81	83430	卖盘
10:29:52	10.3	--	54	55620	买盘
10:29:43	10.3	--	83	85490	买盘
10:29:37	10.3	-0.01	78	80340	卖盘
10:29:33	10.31	--	110	113410	卖盘
10:29:28	10.31	0.02	79	81449	买盘
10:29:22	10.29	--	11	11318	卖盘
10:29:18	10.29	-0.01	41	42189	卖盘
10:29:13	10.3	-0.02	222	228660	买盘
10:29:07	10.32	0.02	633	654277	买盘
10:29:01	10.3	-0.01	48	49440	卖盘
10:28:58	10.31	0.01	197	203107	买盘
10:28:52	10.3	--	10	10300	卖盘
10:28:46	10.3	-0.01	5	5150	卖盘
10:28:43	10.31	0.01	24	24744	买盘
10:28:37	10.3	--	103	106090	卖盘
10:28:31	10.3	--	101	104030	卖盘
10:28:28	10.3	0.01	702	723070	买盘
10:28:22	10.29	--	20	20580	买盘
10:28:12	10.29	-0.01	21	21609	买盘
10:28:07	10.3	--	99	101970	买盘
10:28:01	10.3	--	7	7210	买盘
10:27:57	10.3	--	64	65920	买盘
10:27:52	10.3	--	74	76220	买盘
10:27:46	10.3	--	30	30900	买盘
10:27:42	10.3	-0.02	251	259549	卖盘
10:27:37	10.32	--	171	176472	买盘
10:27:31	10.32	0.01	16	16512	买盘
10:27:27	10.31	-0.02	10	10310	卖盘
10:27:22	10.33	--	75	77475	买盘
10:27:16	10.33	--	6	6198	买盘
10:27:12	10.33	--	161	166313	买盘
10:27:07	10.33	--	267	275811	买盘
10:27:01	10.33	--	391	403903	买盘
10:26:57	10.33	--	150	154950	买盘
10:26:52	10.33	0.01	701	724133	买盘
10:26:46	10.32	0.01	65	67080	中性盘
10:26:42	10.31	-0.01	555	572205	卖盘
10:26:37	10.32	0.01	643	663586	买盘
10:26:31	10.31	-0.01	839	865009	卖盘
10:26:27	10.32	--	364	375648	买盘
10:26:22	10.32	--	429	442728	买盘
10:26:16	10.32	0.01	99	102168	中性盘
10:26:12	10.31	-0.01	396	408276	卖盘
10:26:07	10.32	--	115	118680	买盘
10:26:01	10.32	--	3	3096	买盘
10:25:57	10.32	0.01	347	358104	买盘
10:25:52	10.31	--	70	72170	买盘
10:25:46	10.31	-0.01	695	717565	卖盘
10:25:42	10.32	--	347	358104	买盘
10:25:37	10.32	--	211	217762	买盘
10:25:31	10.32	0.01	54	55728	买盘
10:25:27	10.31	-0.01	50	51550	中性盘
10:25:22	10.32	0.02	527	543864	买盘
10:25:16	10.3	--	20	20600	卖盘
10:25:12	10.3	--	101	104030	卖盘
10:25:07	10.3	0.02	754	776620	买盘
10:25:01	10.28	--	89	91492	买盘
10:24:57	10.28	-0.01	107	109996	卖盘
10:24:52	10.29	--	58	59681	买盘
10:24:42	10.29	0.01	5	5145	买盘
10:24:37	10.28	0.01	18	18504	中性盘
10:24:31	10.27	--	40	41080	卖盘
10:24:27	10.27	--	70	71890	卖盘
10:24:22	10.27	--	277	284479	买盘
10:24:16	10.27	--	1	1027	买盘
10:24:12	10.27	--	1219	1251913	买盘
10:24:07	10.27	-0.01	217	222859	卖盘
10:24:01	10.28	0.01	6	6168	买盘
10:23:57	10.27	--	63	64701	卖盘
10:23:52	10.27	--	12	12324	卖盘
10:23:42	10.27	--	73	74971	买盘
10:23:37	10.27	--	181	185887	买盘
10:23:31	10.27	0.01	142	145834	买盘
10:23:27	10.26	--	50	51300	买盘
10:23:22	10.26	-0.01	215	220590	卖盘
10:23:16	10.27	--	191	196157	买盘
10:23:12	10.27	-0.01	64	65728	买盘
10:23:06	10.28	--	384	394752	买盘
10:23:01	10.28	--	67	68876	买盘
10:22:56	10.28	-0.02	79	81212	卖盘
10:22:52	10.3	0.02	935	963050	买盘
10:22:46	10.28	-0.03	518	532504	卖盘
10:22:40	10.31	--	11	11341	买盘
10:22:37	10.31	--	209	215479	卖盘
10:22:31	10.31	-0.01	120	123720	卖盘
10:22:25	10.32	--	91	93912	买盘
10:22:22	10.32	0.01	148	152736	买盘
10:22:16	10.31	--	124	127844	卖盘
10:22:10	10.31	--	91	93821	卖盘
10:22:06	10.31	--	197	203107	买盘
10:22:01	10.31	--	218	224758	买盘
10:21:51	10.31	0.01	95	97945	买盘
10:21:46	10.3	--	34	35020	卖盘
10:21:40	10.3	0.01	147	151410	买盘
10:21:36	10.29	-0.01	197	202712	卖盘
10:21:31	10.3	0.01	311	320330	买盘
10:21:25	10.29	--	32	32928	卖盘
10:21:21	10.29	--	109	112160	买盘
10:21:16	10.29	--	183	188306	买盘
10:21:06	10.29	--	71	73059	买盘
10:21:01	10.29	0.01	422	434237	买盘
10:20:55	10.28	0.01	91	93548	买盘
10:20:51	10.27	--	7	7189	卖盘
10:20:46	10.27	0.01	9	9243	卖盘
10:20:40	10.26	--	0	0	卖盘
10:20:36	10.26	-0.02	36	36936	卖盘
10:20:31	10.28	0.02	74	76072	买盘
10:20:25	10.26	--	55	56430	买盘
10:20:21	10.26	-0.01	173	177498	中性盘
10:20:16	10.27	--	264	271128	买盘
10:20:10	10.27	0.01	76	78052	买盘
10:20:06	10.26	0.01	68	69768	卖盘
10:20:01	10.25	-0.01	30	30750	卖盘
10:19:55	10.26	--	45	46170	卖盘
10:19:51	10.26	0.01	148	151848	买盘
10:19:46	10.25	--	299	306475	买盘
10:19:40	10.25	-0.01	362	371050	卖盘
10:19:36	10.26	0.01	26	26676	买盘
10:19:31	10.25	--	429	439725	买盘
10:19:25	10.25	--	20	20500	买盘
10:19:21	10.25	--	139	142475	买盘
10:19:16	10.25	--	233	238825	买盘
10:19:10	10.25	--	147	150675	买盘
10:19:06	10.25	--	197	201925	买盘
10:19:01	10.25	0.02	89	91225	中性盘
10:18:55	10.23	-0.02	210	214830	卖盘
10:18:51	10.25	--	41	42025	卖盘
10:18:46	10.25	0.02	182	186550	买盘
10:18:40	10.23	--	3	3069	卖盘
10:18:36	10.23	--	92	94116	买盘
10:18:31	10.23	--	112	114576	买盘
10:18:25	10.23	--	63	64449	卖盘
10:18:21	10.23	-0.03	239	244497	卖盘
10:18:16	10.26	0.01	85	87210	买盘
10:18:10	10.25	-0.01	3	3075	卖盘
10:18:06	10.26	0.01	84	86184	买盘
10:18:01	10.25	-0.01	1112	1139800	卖盘
10:17:55	10.26	--	119	122094	卖盘
10:17:51	10.26	-0.01	1147	1176822	卖盘
10:17:46	10.27	-0.01	97	99619	卖盘
10:17:40	10.28	--	35	35980	买盘
10:17:35	10.28	--	52	53456	买盘
10:17:31	10.28	--	232	238495	卖盘
10:17:25	10.28	-0.01	225	231300	卖盘
10:17:21	10.29	0.01	323	332367	买盘
10:17:16	10.28	-0.01	49	50372	卖盘
10:17:10	10.29	0.01	20	20580	买盘
10:17:06	10.28	-0.02	131	134668	卖盘
10:17:01	10.3	-0.01	195	200850	卖盘
10:16:55	10.31	0.01	181	186611	买盘
10:16:51	10.3	-0.02	30	30900	卖盘
10:16:46	10.32	0.03	170	175440	买盘
10:16:40	10.29	-0.03	338	347802	卖盘
10:16:36	10.32	0.01	262	270384	卖盘
10:16:30	10.31	-0.01	623	642313	卖盘
10:16:25	10.32	--	393	405576	买盘
10:16:21	10.32	--	39	40248	卖盘
10:16:15	10.32	--	34	35088	卖盘
10:16:10	10.32	-0.01	130	134160	卖盘
10:16:04	10.33	--	328	338824	卖盘
10:16:01	10.33	--	182	188006	卖盘
10:15:55	10.33	--	336	347088	卖盘
10:15:49	10.33	0.01	139	143587	买盘
10:15:45	10.32	-0.02	312	321984	卖盘
10:15:40	10.34	0.02	998	1031932	买盘
10:15:34	10.32	-0.01	84	86688	卖盘
10:15:30	10.33	-0.01	161	166313	中性盘
10:15:25	10.34	0.01	302	312268	买盘
10:15:19	10.33	--	83	85739	卖盘
10:15:15	10.33	--	798	824334	卖盘
10:15:10	10.33	--	326	336758	买盘
10:15:04	10.33	0.02	60	61980	买盘
10:15:00	10.31	-0.02	322	331982	卖盘
10:14:55	10.33	0.02	459	474147	买盘
10:14:49	10.31	-0.01	66	68046	卖盘
10:14:45	10.32	--	308	317856	买盘
10:14:40	10.32	0.02	310	319920	买盘
10:14:34	10.3	-0.05	400	412000	卖盘
10:14:30	10.35	0.03	2518	2606130	买盘
10:14:25	10.32	0.01	242	249744	买盘
10:14:19	10.31	-0.02	104	107224	卖盘
10:14:15	10.33	0.02	165	170445	买盘
10:14:10	10.31	--	229	236099	卖盘
10:14:04	10.31	-0.02	214	220634	卖盘
10:14:00	10.33	0.03	1257	1298481	买盘
10:13:55	10.3	-0.01	406	418180	卖盘
10:13:49	10.31	--	763	786653	买盘
10:13:45	10.31	-0.04	326	336106	卖盘
10:13:40	10.35	0.02	751	777285	买盘
10:13:34	10.33	-0.01	467	482411	卖盘
10:13:30	10.34	-0.01	875	905763	卖盘
10:13:25	10.35	--	3210	3322370	卖盘
10:13:19	10.35	-0.01	1398	1446930	卖盘
10:13:15	10.36	0.01	430	445480	买盘
10:13:10	10.35	-0.01	351	363285	卖盘
10:13:04	10.36	0.01	307	318052	买盘
10:13:00	10.35	0.05	5203	5385105	买盘
10:12:55	10.3	--	1225	1261750	卖盘
10:12:49	10.3	--	363	373890	卖盘
10:12:45	10.3	--	878	904340	买盘
10:12:40	10.3	0.01	399	410970	买盘
10:12:34	10.29	--	311	320019	买盘
10:12:30	10.29	0.02	523	538167	买盘
10:12:25	10.27	-0.01	1033	1060891	卖盘
10:12:19	10.28	0.01	173	177844	买盘
10:12:15	10.27	--	535	549445	买盘
10:12:10	10.27	--	277	284479	买盘
10:12:04	10.27	--	60	61620	买盘
10:12:00	10.27	0.04	1292	1326884	买盘
10:11:55	10.23	--	107	109461	卖盘
10:11:49	10.23	--	194	198462	买盘
10:11:45	10.23	0.02	286	292578	买盘
10:11:40	10.21	--	352	359392	卖盘
10:11:34	10.21	--	70	71470	卖盘
10:11:30	10.21	0.01	955	975157	买盘
10:11:25	10.2	--	79	80580	卖盘
10:11:19	10.2	--	36	36720	卖盘
10:11:15	10.2	0.01	327	333540	买盘
10:11:09	10.19	--	211	215009	卖盘
10:11:04	10.19	-0.01	46	46874	卖盘
10:11:00	10.2	0.01	333	339660	买盘
10:10:55	10.19	0.01	274	279206	买盘
10:10:49	10.18	--	77	78386	卖盘
10:10:45	10.18	--	235	239230	买盘
10:10:40	10.18	0.01	1145	1165610	买盘
10:10:34	10.17	-0.01	220	223740	卖盘
10:10:30	10.18	--	150	152700	买盘
10:10:24	10.18	0.02	248	252464	买盘
10:10:19	10.16	-0.01	185	188010	卖盘
10:10:15	10.17	-0.01	89	90513	卖盘
10:10:09	10.18	0.02	119	121142	买盘
10:10:04	10.16	-0.02	137	139192	卖盘
10:09:58	10.18	--	229	233122	买盘
10:09:54	10.18	-0.02	322	327796	中性盘
10:09:49	10.2	-0.01	831	847619	中性盘
10:09:43	10.21	--	452	461492	买盘
10:09:39	10.21	-0.01	647	660587	买盘
10:09:34	10.22	0.02	253	258566	买盘
10:09:28	10.2	0.01	54	55079	中性盘
10:09:25	10.19	-0.01	456	464664	卖盘
10:09:19	10.2	0.01	55	56099	中性盘
10:09:13	10.19	0.04	19	19361	中性盘
10:09:09	10.15	-0.02	637	647224	卖盘
10:09:04	10.17	0.01	163	165771	买盘
10:08:58	10.16	-0.01	284	288544	卖盘
10:08:54	10.17	0.05	124	126108	中性盘
10:08:49	10.12	-0.02	306	309672	卖盘
10:08:43	10.14	--	194	196716	买盘
10:08:39	10.14	0.02	237	240318	买盘
10:08:34	10.12	0.02	132	133584	买盘
10:08:28	10.1	--	10	10100	卖盘
10:08:24	10.1	-0.01	504	509040	卖盘
10:08:19	10.11	0.02	842	851878	买盘
10:08:13	10.09	--	68	68612	买盘
10:08:09	10.09	0.01	59	59531	中性盘
10:08:04	10.08	-0.02	27	27216	卖盘
10:07:58	10.1	0.02	338	341380	买盘
10:07:54	10.08	--	81	81648	买盘
10:07:49	10.08	-0.01	74	74592	卖盘
10:07:43	10.09	0.01	166	167494	买盘
10:07:39	10.08	-0.01	194	195552	卖盘
10:07:34	10.09	--	49	49441	买盘
10:07:24	10.09	0.01	151	152359	买盘
10:07:19	10.08	-0.01	105	105840	中性盘
10:07:13	10.09	0.02	15	15135	买盘
10:07:09	10.07	-0.02	10	10070	中性盘
10:07:04	10.09	0.03	14	14126	买盘
10:06:54	10.06	-0.03	190	191140	卖盘
10:06:49	10.09	-0.02	201	202809	卖盘
10:06:43	10.11	--	10	10110	买盘
10:06:39	10.11	-0.01	498	503478	中性盘
10:06:34	10.12	--	82	82984	买盘
10:06:28	10.12	0.01	327	330924	买盘
10:06:24	10.11	-0.01	50	50550	卖盘
10:06:19	10.12	--	54	54647	中性盘
10:06:13	10.12	0.01	193	195315	买盘
10:06:09	10.11	-0.01	87	87957	卖盘
10:06:04	10.12	--	146	147752	买盘
10:05:58	10.12	0.02	62	62743	买盘
10:05:53	10.1	--	38	38380	卖盘
10:05:49	10.1	-0.01	115	116150	卖盘
10:05:43	10.11	0.01	10	10110	卖盘
10:05:39	10.1	--	0	0	卖盘
10:05:34	10.1	--	81	81810	卖盘
10:05:28	10.1	--	144	145440	买盘
10:05:24	10.1	--	165	166650	买盘
10:05:19	10.1	--	61	61610	买盘
10:05:09	10.1	--	150	151500	买盘
10:05:04	10.1	0.02	280	282800	买盘
10:04:58	10.08	0.01	5	5040	买盘
10:04:49	10.07	0.01	60	60420	买盘
10:04:43	10.06	--	116	116696	买盘
10:04:39	10.06	--	13	13078	买盘
10:04:33	10.06	0.01	10	10060	买盘
10:04:28	10.05	--	3	3015	卖盘
10:04:24	10.05	0.01	202	203010	买盘
10:04:13	10.04	--	59	59235	买盘
10:04:09	10.04	--	30	30119	买盘
10:04:03	10.04	--	40	40160	买盘
10:03:58	10.04	0.01	80	80320	买盘
10:03:48	10.03	--	12	12036	卖盘
10:03:43	10.03	0.01	345	346035	买盘
10:03:33	10.02	0.01	32	32064	买盘
10:03:28	10.01	--	117	117117	卖盘
10:03:18	10.01	--	20	20020	卖盘
10:03:13	10.01	--	5	5005	卖盘
10:03:03	10.01	-0.01	250	250250	卖盘
10:02:58	10.02	0.01	82	82164	中性盘
10:02:52	10.01	--	121	121121	买盘
10:02:48	10.01	-0.02	8	8008	中性盘
10:02:43	10.03	0.02	100	100300	买盘
10:02:37	10.01	--	107	107107	卖盘
10:02:33	10.01	--	108	108108	卖盘
10:02:28	10.01	-0.01	135	135135	卖盘
10:02:22	10.02	0.02	100	100200	买盘
10:02:13	10.0	-0.01	154	154000	卖盘
10:02:07	10.01	-0.01	108	108108	卖盘
10:02:03	10.02	0.01	100	100200	买盘
10:01:58	10.01	--	65	65065	卖盘
10:01:52	10.01	--	64	64064	卖盘
10:01:48	10.01	--	72	72072	买盘
10:01:43	10.01	--	57	57057	买盘
10:01:37	10.01	0.01	29	29029	买盘
10:01:33	10.0	--	5	5000	卖盘
10:01:22	10.0	--	11	11000	卖盘
10:01:18	10.0	--	29	29000	卖盘
10:01:13	10.0	--	36	36000	卖盘
10:01:07	10.0	--	59	59000	卖盘
10:01:03	10.0	--	33	33000	卖盘
10:00:58	10.0	--	2	2000	卖盘
10:00:48	10.0	--	133	133000	卖盘
10:00:33	10.0	--	45	45000	卖盘
10:00:28	10.0	--	377	377000	卖盘
10:00:22	10.0	--	63	63000	卖盘
10:00:18	10.0	--	14	14000	卖盘
10:00:13	10.0	-0.01	20	20000	卖盘
10:00:07	10.01	0.01	4	4004	买盘
10:00:03	10.0	-0.01	43	43000	卖盘
09:59:58	10.01	0.01	5	5005	买盘
09:59:52	10.0	-0.01	3	3000	卖盘
09:59:48	10.01	--	45	45045	买盘
09:59:42	10.01	0.01	33	33033	买盘
09:59:33	10.0	-0.01	112	112000	卖盘
09:59:28	10.01	0.01	12	12012	买盘
09:59:18	10.0	--	14	14000	卖盘
09:59:13	10.0	-0.01	1	1000	中性盘
09:59:07	10.01	0.01	55	55055	买盘
09:59:03	10.0	--	47	47000	买盘
09:58:57	10.0	0.01	54	54000	买盘
09:58:52	9.99	-0.01	62	61938	卖盘
09:58:47	10.0	0.01	230	230000	买盘
09:58:43	9.99	--	28	27972	卖盘
09:58:37	9.99	-0.01	1	999	卖盘
09:58:28	10.0	0.01	36	36000	买盘
09:58:22	9.99	--	10	9990	卖盘
09:58:18	9.99	-0.01	26	25974	卖盘
09:58:13	10.0	--	19	19000	买盘
09:58:02	10.0	--	48	48000	买盘
09:57:58	10.0	-0.01	610	610000	卖盘
09:57:52	10.01	--	50	50050	买盘
09:57:48	10.01	--	5	5005	买盘
09:57:42	10.01	--	187	187187	卖盘
09:57:37	10.01	-0.01	18	18018	卖盘
09:57:31	10.02	0.01	300	300600	买盘
09:57:27	10.01	-0.01	12	12012	卖盘
09:57:16	10.02	0.01	9	9018	买盘
09:57:12	10.01	-0.01	50	50050	卖盘
09:57:07	10.02	0.01	46	46092	买盘
09:57:01	10.01	--	22	22022	卖盘
09:56:57	10.01	0.01	16	16016	卖盘
09:56:52	10.0	-0.01	72	72000	卖盘
09:56:46	10.01	0.01	9	9009	买盘
09:56:42	10.0	-0.01	154	154000	卖盘
09:56:37	10.01	0.01	103	103103	买盘
09:56:31	10.0	-0.01	19	19000	卖盘
09:56:27	10.01	0.01	29	29029	买盘
09:56:22	10.0	-0.01	4	4000	卖盘
09:56:16	10.01	--	2	2002	卖盘
09:56:12	10.01	--	315	315315	买盘
09:56:07	10.01	0.01	201	201201	买盘
09:55:57	10.0	-0.02	22	22000	卖盘
09:55:46	10.02	0.01	6	6012	买盘
09:55:42	10.01	--	11	11011	买盘
09:55:37	10.01	-0.01	26	26026	卖盘
09:55:31	10.02	0.01	5	5010	买盘
09:55:27	10.01	--	20	20020	卖盘
09:55:22	10.01	--	176	176176	卖盘
09:55:12	10.01	--	71	71071	卖盘
09:55:07	10.01	--	15	15015	卖盘
09:55:01	10.01	--	19	19019	买盘
09:54:57	10.01	0.01	106	106106	买盘
09:54:52	10.0	--	24	24000	卖盘
09:54:46	10.0	--	15	15000	卖盘
09:54:42	10.0	0.01	176	176000	买盘
09:54:37	9.99	--	308	307692	买盘
09:54:31	9.99	0.01	1	999	买盘
09:54:27	9.98	--	42	41916	卖盘
09:54:22	9.98	--	20	19960	卖盘
09:54:16	9.98	-0.01	10	9980	卖盘
09:54:12	9.99	0.01	28	27972	中性盘
09:54:07	9.98	--	452	451096	卖盘
09:54:01	9.98	--	40	39920	卖盘
09:53:57	9.98	--	34	33932	卖盘
09:53:52	9.98	--	186	185628	卖盘
09:53:46	9.98	-0.01	58	57884	卖盘
09:53:42	9.99	--	34	33966	买盘
09:53:37	9.99	--	16	15984	买盘
09:53:27	9.99	--	97	96903	卖盘
09:53:22	9.99	--	65	65554	买盘
09:53:16	9.99	0.01	163	162837	买盘
09:53:12	9.98	-0.01	106	106426	卖盘
09:53:06	9.99	-0.01	66	66313	卖盘
09:53:01	10.0	0.01	90	90000	买盘
09:52:57	9.99	--	54	53946	卖盘
09:52:52	9.99	-0.01	180	179820	卖盘
09:52:46	10.0	--	104	104000	买盘
09:52:42	10.0	0.01	83	83000	买盘
09:52:37	9.99	-0.01	104	103896	卖盘
09:52:31	10.0	0.01	10	10000	买盘
09:52:27	9.99	-0.01	53	52947	卖盘
09:52:22	10.0	--	54	54000	买盘
09:52:16	10.0	0.01	12	12000	买盘
09:52:12	9.99	--	27	27592	卖盘
09:52:07	9.99	--	489	488511	卖盘
09:51:57	9.99	-0.01	16	15984	卖盘
09:51:46	10.0	--	171	171000	卖盘
09:51:42	10.0	--	53	53000	卖盘
09:51:37	10.0	-0.01	118	118000	卖盘
09:51:31	10.01	0.01	52	52052	买盘
09:51:26	10.0	--	176	176000	卖盘
09:51:21	10.0	-0.01	52	52000	卖盘
09:51:16	10.01	0.01	184	184184	买盘
09:51:10	10.0	--	67	67000	卖盘
09:51:06	10.0	--	132	132000	卖盘
09:51:01	10.0	--	153	153000	卖盘
09:50:55	10.0	--	60	60000	卖盘
09:50:51	10.0	--	171	171000	卖盘
09:50:46	10.0	--	127	127000	卖盘
09:50:40	10.0	--	133	133000	卖盘
09:50:36	10.0	-0.01	149	149000	卖盘
09:50:31	10.01	0.01	27	27027	买盘
09:50:25	10.0	-0.01	21	21000	卖盘
09:50:21	10.01	-0.01	53	53053	买盘
09:50:16	10.02	0.02	80	80160	买盘
09:50:10	10.0	-0.01	110	110000	卖盘
09:50:06	10.01	--	1	1001	卖盘
09:50:01	10.01	-0.01	71	71071	卖盘
09:49:51	10.02	-0.01	2	2004	中性盘
09:49:46	10.03	0.02	196	196588	买盘
09:49:40	10.01	--	25	25025	买盘
09:49:36	10.01	-0.01	425	425425	卖盘
09:49:31	10.02	-0.01	245	245490	卖盘
09:49:25	10.03	--	53	53159	买盘
09:49:21	10.03	-0.01	82	82246	中性盘
09:49:16	10.04	0.01	54	54215	买盘
09:49:10	10.03	--	43	43129	买盘
09:49:06	10.03	--	235	235704	买盘
09:49:01	10.03	--	9	9027	买盘
09:48:55	10.03	--	1	1002	买盘
09:48:51	10.03	-0.01	34	34102	卖盘
09:48:46	10.04	0.01	23	23091	买盘
09:48:36	10.03	--	60	60179	卖盘
09:48:31	10.03	--	59	59176	买盘
09:48:21	10.03	--	85	85255	买盘
09:48:16	10.03	--	55	55165	买盘
09:48:06	10.03	--	11	11033	买盘
09:48:01	10.03	--	21	21063	买盘
09:47:51	10.03	0.02	24	24072	买盘
09:47:46	10.01	-0.02	4	4004	卖盘
09:47:40	10.03	--	0	0	买盘
09:47:36	10.03	0.02	104	104312	买盘
09:47:31	10.01	0.01	67	67067	买盘
09:47:25	10.0	-0.01	41	41000	卖盘
09:47:21	10.01	-0.01	30	30030	卖盘
09:47:16	10.02	0.01	31	31062	买盘
09:47:10	10.01	-0.01	26	26026	卖盘
09:47:06	10.02	0.02	15	15030	中性盘
09:47:00	10.0	-0.01	188	188000	卖盘
09:46:51	10.01	-0.01	81	81081	卖盘
09:46:46	10.02	0.01	70	70140	买盘
09:46:40	10.01	--	30	30030	卖盘
09:46:36	10.01	--	12	12012	卖盘
09:46:30	10.01	--	167	167167	卖盘
09:46:25	10.01	--	18	18018	卖盘
09:46:21	10.01	-0.01	38	38038	卖盘
09:46:16	10.02	--	111	111222	买盘
09:46:10	10.02	--	13	13026	买盘
09:46:06	10.02	--	42	42084	买盘
09:46:01	10.02	--	29	29058	买盘
09:45:55	10.02	--	27	27054	买盘
09:45:51	10.02	0.02	53	53106	买盘
09:45:46	10.0	-0.03	226	226000	卖盘
09:45:40	10.03	--	14	14042	买盘
09:45:36	10.03	0.01	62	62185	买盘
09:45:30	10.02	--	65	65130	卖盘
09:45:25	10.02	0.01	25	25050	买盘
09:45:20	10.01	--	9	9009	卖盘
09:45:16	10.01	--	222	222222	卖盘
09:45:10	10.01	--	55	55055	卖盘
09:45:06	10.01	-0.01	7	7007	卖盘
09:45:00	10.02	--	15	15030	买盘
09:44:55	10.02	0.02	37	37074	买盘
09:44:49	10.0	-0.02	39	39000	卖盘
09:44:45	10.02	--	10	10020	买盘
09:44:40	10.02	0.01	74	74148	买盘
09:44:34	10.01	--	28	28028	卖盘
09:44:30	10.01	0.02	17	17017	中性盘
09:44:25	9.99	-0.01	855	854145	卖盘
09:44:19	10.0	-0.01	56	56000	卖盘
09:44:15	10.01	0.01	375	375375	买盘
09:44:10	10.0	--	49	49000	卖盘
09:44:04	10.0	--	127	127000	买盘
09:44:00	10.0	--	585	585000	买盘
09:43:55	10.0	0.01	103	103000	买盘
09:43:45	9.99	-0.01	81	80919	卖盘
09:43:40	10.0	0.01	37	37000	买盘
09:43:34	9.99	-0.01	33	32967	卖盘
09:43:25	10.0	0.01	32	32000	买盘
09:43:19	9.99	--	155	154845	买盘
09:43:15	9.99	--	10	9990	买盘
09:43:10	9.99	-0.01	9	8991	卖盘
09:43:04	10.0	0.01	100	100000	买盘
09:43:00	9.99	-0.01	453	452547	卖盘
09:42:55	10.0	--	20	20000	卖盘
09:42:49	10.0	-0.01	35	35000	卖盘
09:42:45	10.01	0.01	297	297297	买盘
09:42:40	10.0	--	99	99000	买盘
09:42:34	10.0	--	125	125000	买盘
09:42:30	10.0	0.01	47	47000	买盘
09:42:25	9.99	-0.01	91	90909	卖盘
09:42:19	10.0	0.01	15	15000	买盘
09:42:15	9.99	-0.01	131	130869	卖盘
09:42:10	10.0	0.01	342	342000	买盘
09:42:04	9.99	-0.01	104	103896	卖盘
09:42:00	10.0	--	112	112000	买盘
09:41:55	10.0	0.01	458	458000	买盘
09:41:49	9.99	--	1	999	卖盘
09:41:45	9.99	--	63	62937	卖盘
09:41:40	9.99	0.01	284	283716	买盘
09:41:34	9.98	-0.01	358	357284	卖盘
09:41:30	9.99	--	193	192807	买盘
09:41:25	9.99	0.01	306	305694	买盘
09:41:19	9.98	--	63	62874	卖盘
09:41:15	9.98	-0.01	221	220558	卖盘
09:41:10	9.99	0.01	89	88911	买盘
09:41:04	9.98	--	215	214570	卖盘
09:41:00	9.98	--	128	127744	卖盘
09:40:55	9.98	--	94	93812	卖盘
09:40:49	9.98	-0.02	77	76846	卖盘
09:40:45	10.0	0.02	27	27000	买盘
09:40:39	9.98	-0.03	474	473052	卖盘
09:40:34	10.01	0.01	715	715715	买盘
09:40:30	10.0	--	114	114000	卖盘
09:40:25	10.0	-0.02	110	110000	卖盘
09:40:19	10.02	0.02	348	348696	买盘
09:40:15	10.0	-0.02	701	701000	卖盘
09:40:09	10.02	--	3362	3368724	卖盘
09:40:04	10.02	-0.01	32	32064	卖盘
09:40:00	10.03	--	51	51153	买盘
09:39:54	10.03	--	45	45135	买盘
09:39:49	10.03	0.01	24	24072	卖盘
09:39:45	10.02	-0.01	335	335670	卖盘
09:39:39	10.03	--	53	53159	卖盘
09:39:34	10.03	-0.02	183	183549	卖盘
09:39:29	10.05	0.02	52	52260	买盘
09:39:25	10.03	--	627	628881	卖盘
09:39:19	10.03	--	0	0	卖盘
09:39:14	10.03	-0.02	299	299897	卖盘
09:39:10	10.05	0.02	32	32160	买盘
09:39:04	10.03	-0.02	461	462382	卖盘
09:38:59	10.05	--	169	169845	卖盘
09:38:54	10.05	0.01	15	15075	买盘
09:38:49	10.04	-0.02	297	298188	卖盘
09:38:44	10.06	--	61	61366	买盘
09:38:39	10.06	--	349	351094	买盘
09:38:34	10.06	0.01	47	47282	买盘
09:38:24	10.05	--	24	24120	卖盘
09:38:19	10.05	--	70	70350	买盘
09:38:13	10.05	--	10	10050	买盘
09:38:09	10.05	--	20	20100	买盘
09:38:04	10.05	--	47	47235	买盘
09:37:58	10.05	0.01	173	173865	买盘
09:37:54	10.04	--	136	136544	卖盘
09:37:49	10.04	--	94	94375	买盘
09:37:43	10.04	--	145	145580	卖盘
09:37:39	10.04	0.01	19	19076	卖盘
09:37:34	10.03	-0.01	122	122365	卖盘
09:37:28	10.04	0.01	42	42168	买盘
09:37:24	10.03	--	119	119356	卖盘
09:37:19	10.03	0.01	181	181543	买盘
09:37:13	10.02	-0.01	158	158316	卖盘
09:37:09	10.03	--	121	121362	卖盘
09:37:04	10.03	--	685	687055	买盘
09:36:58	10.03	--	12	12036	买盘
09:36:54	10.03	0.01	311	311933	买盘
09:36:49	10.02	-0.01	155	155310	卖盘
09:36:43	10.03	0.01	59	59176	买盘
09:36:39	10.02	-0.01	339	339678	卖盘
09:36:34	10.03	-0.01	988	990963	卖盘
09:36:28	10.04	--	69	69276	买盘
09:36:24	10.04	0.01	244	244975	买盘
09:36:19	10.03	-0.01	116	116347	卖盘
09:36:13	10.04	-0.01	15	15059	卖盘
09:36:09	10.05	--	310	311550	买盘
09:36:04	10.05	--	606	609030	卖盘
09:35:58	10.05	-0.01	116	116580	卖盘
09:35:54	10.06	0.01	38	38228	买盘
09:35:49	10.05	-0.03	114	114570	卖盘
09:35:43	10.08	0.03	113	113904	中性盘
09:35:39	10.05	-0.04	187	187935	中性盘
09:35:34	10.09	0.03	328	330952	买盘
09:35:28	10.06	-0.02	114	114684	卖盘
09:35:24	10.08	0.05	26	26208	买盘
09:35:19	10.03	-0.06	391	392173	卖盘
09:35:13	10.09	0.03	14	14126	买盘
09:35:09	10.06	-0.02	175	176050	卖盘
09:35:04	10.08	-0.01	141	142128	卖盘
09:34:58	10.09	-0.01	20	20180	卖盘
09:34:54	10.1	0.04	1124	1135240	买盘
09:34:49	10.06	-0.03	214	215284	卖盘
09:34:43	10.09	--	12	12108	买盘
09:34:38	10.09	-0.01	221	222989	卖盘
09:34:33	10.1	--	639	645390	买盘
09:34:28	10.1	--	114	115140	买盘
09:34:24	10.1	--	629	635290	卖盘
09:34:18	10.1	--	105	106050	卖盘
09:34:13	10.1	--	5	5050	卖盘
09:34:09	10.1	--	137	138370	买盘
09:34:03	10.1	0.02	190	191900	买盘
09:33:58	10.08	-0.02	265	267120	卖盘
09:33:54	10.1	0.01	65	65650	买盘
09:33:48	10.09	--	113	114017	卖盘
09:33:43	10.09	--	13	13117	卖盘
09:33:39	10.09	0.01	236	238124	买盘
09:33:33	10.08	-0.03	580	584640	卖盘
09:33:28	10.11	0.02	583	589413	买盘
09:33:23	10.09	-0.01	379	382411	卖盘
09:33:18	10.1	-0.01	337	340370	中性盘
09:33:13	10.11	--	473	478203	买盘
09:33:08	10.11	0.01	290	293190	买盘
09:33:03	10.1	--	540	545400	卖盘
09:32:58	10.1	-0.01	347	350470	卖盘
09:32:53	10.11	-0.01	103	104133	卖盘
09:32:48	10.12	--	107	108283	买盘
09:32:43	10.12	-0.01	511	517131	卖盘
09:32:38	10.13	-0.01	119	120547	卖盘
09:32:33	10.14	0.01	446	452244	买盘
09:32:28	10.13	--	175	177275	买盘
09:32:22	10.13	--	22	22286	买盘
09:32:18	10.13	--	392	397096	买盘
09:32:13	10.13	0.01	73	73949	买盘
09:32:07	10.12	--	5	5060	卖盘
09:32:03	10.12	0.01	536	542432	买盘
09:31:58	10.11	0.01	246	248706	买盘
09:31:52	10.1	--	29	29290	卖盘
09:31:48	10.1	--	67	67670	买盘
09:31:43	10.1	0.01	269	271690	买盘
09:31:37	10.09	0.01	37	37333	中性盘
09:31:33	10.08	0.01	126	127008	中性盘
09:31:28	10.07	--	171	172197	卖盘
09:31:22	10.07	--	177	178239	卖盘
09:31:18	10.07	0.01	205	206435	买盘
09:31:13	10.06	0.01	206	207236	买盘
09:31:07	10.05	--	160	160800	卖盘
09:31:03	10.05	-0.01	316	317580	卖盘
09:30:58	10.06	--	81	81486	买盘
09:30:52	10.06	--	16	16096	买盘
09:30:48	10.06	-0.01	260	261560	中性盘
09:30:43	10.07	0.01	241	242687	买盘
09:30:37	10.06	--	27	27162	卖盘
09:30:33	10.06	-0.01	77	77462	卖盘
09:30:28	10.07	-0.01	198	199386	卖盘
09:30:22	10.08	-0.01	27	27216	卖盘
09:30:17	10.09	0.02	88	88792	中性盘
09:30:13	10.07	-0.02	202	203414	卖盘
09:30:07	10.09	0.03	918	926262	买盘
09:30:02	10.06	0.05	688	692128	买盘
09:28:47	10.01	--	0	0	卖盘
09:25:05	10.01	10.01	2732	2734732	买盘
