成交时间	成交价	价格变动	成交量(手)	成交额(元)	性质
15:00:00	48.79	-0.01	0	0	卖盘
15:00:00	48.8	--	0	0	卖盘
14:59:59	48.8	--	23	112240	卖盘
14:59:54	48.8	--	11	53680	卖盘
14:59:49	48.8	--	2	9760	卖盘
14:59:39	48.8	0.06	19	92720	买盘
14:59:34	48.74	-0.06	7	34118	卖盘
14:59:29	48.8	--	18	87840	买盘
14:59:24	48.8	0.06	5	24400	买盘
14:59:14	48.74	--	2	9748	卖盘
14:59:09	48.74	-0.08	5	24370	卖盘
14:59:04	48.82	--	0	0	买盘
14:58:59	48.82	0.09	7	34174	卖盘
14:58:54	48.73	-0.09	15	73095	卖盘
14:58:44	48.82	-0.03	1	4882	中性盘
14:58:39	48.85	0.01	21	102585	买盘
14:58:34	48.84	--	1	4884	买盘
14:58:29	48.84	0.02	17	83028	买盘
14:58:24	48.82	-0.02	11	53702	卖盘
14:58:19	48.84	-0.01	2	9768	买盘
14:58:14	48.85	--	0	0	买盘
14:58:09	48.85	0.03	20	97700	买盘
14:58:03	48.82	0.11	6	29292	买盘
14:57:59	48.71	-0.11	84	409164	卖盘
14:57:54	48.82	-0.02	1	4882	中性盘
14:57:39	48.84	0.12	1	4884	买盘
14:57:34	48.72	-0.12	50	243600	卖盘
14:57:29	48.84	--	2	9768	买盘
14:57:24	48.84	--	6	29304	买盘
14:57:19	48.84	--	0	0	买盘
14:57:14	48.84	-0.01	4	19536	卖盘
14:57:09	48.85	--	2	9770	买盘
14:56:59	48.85	--	2	9770	买盘
14:56:54	48.85	--	20	97700	买盘
14:56:44	48.85	0.01	8	39080	买盘
14:56:39	48.84	0.04	7	34188	买盘
14:56:29	48.8	--	6	29280	卖盘
14:56:24	48.8	-0.04	5	24400	卖盘
14:56:18	48.84	0.12	6	29304	买盘
14:56:14	48.72	-0.08	90	438480	卖盘
14:56:09	48.8	--	0	0	卖盘
14:56:04	48.8	--	4	19520	卖盘
14:55:59	48.8	--	2	9760	买盘
14:55:49	48.8	--	14	68320	买盘
14:55:39	48.8	-0.05	26	126879	卖盘
14:55:24	48.85	0.05	8	39080	买盘
14:55:19	48.8	-0.05	5	24400	卖盘
14:55:13	48.85	--	10	48850	买盘
14:55:09	48.85	--	10	48850	买盘
14:54:48	48.85	-0.05	8	39080	卖盘
14:54:38	48.9	0.01	7	34230	买盘
14:54:33	48.89	0.01	2	9778	买盘
14:54:28	48.88	--	2	9776	卖盘
14:54:18	48.88	--	2	9776	卖盘
14:54:13	48.88	--	1	4888	买盘
14:54:08	48.88	--	10	48880	买盘
14:53:53	48.88	-0.02	89	435032	卖盘
14:53:38	48.9	0.01	9	44010	买盘
14:53:28	48.89	--	5	24445	卖盘
14:53:17	48.89	--	48	234672	买盘
14:53:13	48.89	0.01	2	9778	买盘
14:53:08	48.88	--	12	58656	卖盘
14:53:02	48.88	--	2	9776	卖盘
14:52:53	48.88	0.05	35	171080	买盘
14:52:43	48.83	--	0	0	卖盘
14:52:38	48.83	0.06	86	419938	买盘
14:52:32	48.77	-0.02	15	73155	卖盘
14:52:23	48.79	0.01	3	14637	买盘
14:52:17	48.78	0.01	10	48780	买盘
14:52:08	48.77	0.06	1	4877	买盘
14:52:02	48.71	0.01	17	82807	中性盘
14:51:53	48.7	--	4	19480	卖盘
14:51:47	48.7	--	13	63310	卖盘
14:51:43	48.7	--	20	97400	买盘
14:51:38	48.7	0.01	24	116880	买盘
14:51:32	48.69	-0.01	48	233712	卖盘
14:51:28	48.7	--	23	112010	买盘
14:51:23	48.7	--	1	4870	买盘
14:51:17	48.7	-0.09	49	238630	卖盘
14:51:12	48.79	--	6	29274	买盘
14:51:08	48.79	0.01	5	24395	中性盘
14:51:02	48.78	-0.01	13	63414	卖盘
14:50:58	48.79	-0.01	9	43911	卖盘
14:50:53	48.8	--	6	29280	买盘
14:50:47	48.8	--	3	14640	买盘
14:50:42	48.8	--	9	43920	买盘
14:50:38	48.8	-0.04	66	322080	卖盘
14:50:27	48.84	--	2	9768	买盘
14:50:23	48.84	-0.05	48	234432	卖盘
14:50:17	48.89	--	1	4889	买盘
14:50:08	48.89	--	5	24445	卖盘
14:49:57	48.89	--	3	14667	卖盘
14:49:53	48.89	0.02	5	24445	买盘
14:49:42	48.87	--	0	0	中性盘
14:49:38	48.87	0.01	7	34209	买盘
14:49:32	48.86	-0.01	3	14658	卖盘
14:49:22	48.87	--	5	24435	买盘
14:49:17	48.87	--	2	9774	买盘
14:49:07	48.87	--	0	0	买盘
14:49:02	48.87	--	6	29322	买盘
14:48:58	48.87	--	0	0	买盘
14:48:47	48.87	--	0	0	买盘
14:48:42	48.87	0.04	11	53757	买盘
14:48:32	48.83	-0.03	37	180671	卖盘
14:48:27	48.86	--	2	9772	买盘
14:48:02	48.86	-0.04	1	4886	卖盘
14:47:47	48.9	--	1	4890	买盘
14:47:41	48.9	--	0	0	买盘
14:47:26	48.9	--	2	9780	卖盘
14:47:07	48.9	--	1	4890	卖盘
14:47:02	48.9	--	3	14670	买盘
14:46:47	48.9	--	0	0	买盘
14:46:41	48.9	--	1	4890	买盘
14:46:26	48.9	--	10	48900	卖盘
14:46:17	48.9	-0.05	3	14670	卖盘
14:46:11	48.95	0.05	1	4895	买盘
14:46:02	48.9	--	0	0	卖盘
14:45:52	48.9	--	0	0	中性盘
14:45:47	48.9	--	3	14670	买盘
14:45:41	48.9	-0.06	7	34230	卖盘
14:45:37	48.96	0.06	1	4896	卖盘
14:45:26	48.9	-0.06	28	136920	卖盘
14:45:17	48.96	0.06	3	14688	买盘
14:44:51	48.9	--	2	9780	卖盘
14:44:41	48.9	0.05	31	151590	买盘
14:44:36	48.85	-0.05	2	9770	卖盘
14:44:26	48.9	0.1	1	4890	买盘
14:44:17	48.8	-0.1	45	219600	卖盘
14:44:11	48.9	-0.07	17	83130	卖盘
14:44:02	48.97	0.05	29	142013	买盘
14:43:56	48.92	--	0	0	中性盘
14:43:51	48.92	-0.05	1	4892	卖盘
14:43:41	48.97	0.02	24	117528	买盘
14:43:17	48.95	--	2	9790	买盘
14:43:11	48.95	--	1	4895	买盘
14:43:01	48.95	-0.01	4	19580	卖盘
14:42:56	48.96	--	1	4896	买盘
14:42:51	48.96	-0.01	20	97920	买盘
14:42:36	48.97	--	0	0	买盘
14:42:31	48.97	--	9	44073	买盘
14:42:21	48.97	0.01	8	39176	买盘
14:42:06	48.96	0.01	2	9792	卖盘
14:41:35	48.95	-0.01	21	102795	卖盘
14:41:05	48.96	--	14	68544	卖盘
14:40:56	48.96	-0.01	1	4896	卖盘
14:40:46	48.97	-0.01	3	14691	买盘
14:40:35	48.98	--	0	0	买盘
14:40:26	48.98	0.01	2	9796	买盘
14:40:20	48.97	--	6	29382	买盘
14:40:11	48.97	0.01	3	14691	买盘
14:39:50	48.96	--	0	0	卖盘
14:39:46	48.96	-0.01	10	48960	卖盘
14:39:41	48.97	--	0	0	中性盘
14:39:35	48.97	--	1	4897	卖盘
14:39:20	48.97	-0.01	5	24485	买盘
14:39:16	48.98	--	0	0	买盘
14:39:11	48.98	0.02	9	44082	买盘
14:39:01	48.96	--	20	97920	卖盘
14:38:56	48.96	-0.02	10	48960	卖盘
14:38:50	48.98	0.02	9	44082	买盘
14:38:41	48.96	-0.02	22	107712	卖盘
14:38:35	48.98	--	3	14693	买盘
14:38:26	48.98	0.02	1	4898	买盘
14:38:11	48.96	--	4	19584	买盘
14:38:05	48.96	--	3	14688	买盘
14:38:00	48.96	-0.02	1	4896	卖盘
14:37:50	48.98	0.02	10	48980	买盘
14:37:41	48.96	-0.02	1	4896	卖盘
14:37:30	48.98	--	9	44082	买盘
14:37:26	48.98	--	21	102858	买盘
14:37:20	48.98	--	10	48980	买盘
14:37:10	48.98	--	0	0	买盘
14:37:05	48.98	0.01	14	68572	买盘
14:36:56	48.97	-0.01	1	4897	买盘
14:36:35	48.98	0.04	3	14693	买盘
14:36:05	48.94	--	6	29364	买盘
14:35:50	48.94	--	5	24470	卖盘
14:35:30	48.94	0.02	3	14682	买盘
14:35:14	48.92	-0.02	10	48920	卖盘
14:35:10	48.94	-0.04	7	34258	买盘
14:35:05	48.98	--	0	0	买盘
14:34:55	48.98	--	0	0	买盘
14:34:50	48.98	--	1	4898	买盘
14:34:44	48.98	-0.01	1	4898	买盘
14:34:35	48.99	--	0	0	买盘
14:34:05	48.99	--	3	14697	买盘
14:33:55	48.99	0.07	11	53889	买盘
14:33:44	48.92	-0.05	1	4892	卖盘
14:33:35	48.97	-0.02	1	4897	卖盘
14:33:25	48.99	--	1	4899	卖盘
14:33:14	48.99	--	8	39192	买盘
14:32:59	48.99	--	4	19596	买盘
14:32:55	48.99	0.02	1	4899	买盘
14:32:44	48.97	-0.03	1	4897	卖盘
14:32:40	49.0	0.03	30	147000	买盘
14:32:35	48.97	--	1	4897	卖盘
14:32:24	48.97	0.07	1	4897	买盘
14:32:14	48.9	--	3	14670	卖盘
14:32:09	48.9	--	3	14670	买盘
14:31:59	48.9	--	10	48900	买盘
14:31:49	48.9	--	6	29340	买盘
14:31:44	48.9	--	3	14670	买盘
14:31:39	48.9	0.01	23	112470	买盘
14:31:29	48.89	0.01	10	48890	买盘
14:31:19	48.88	0.02	11	53768	买盘
14:31:14	48.86	--	3	14658	卖盘
14:31:09	48.86	0.06	23	112378	买盘
14:31:05	48.8	-0.05	2	9760	卖盘
14:30:54	48.85	--	5	24425	买盘
14:30:49	48.85	--	2	9770	卖盘
14:30:29	48.85	--	5	24425	买盘
14:30:24	48.85	--	0	0	买盘
14:30:19	48.85	0.06	2	9770	买盘
14:29:54	48.79	-0.06	2	9758	买盘
14:29:09	48.85	0.1	22	107470	买盘
14:29:04	48.75	--	0	0	卖盘
14:28:29	48.75	--	1	4875	买盘
14:28:23	48.75	--	0	0	买盘
14:28:14	48.75	0.02	2	9750	买盘
14:27:49	48.73	0.02	1	4873	买盘
14:27:44	48.71	-0.01	12	58452	卖盘
14:27:34	48.72	-0.03	1	4872	卖盘
14:27:29	48.75	--	1	4875	买盘
14:27:23	48.75	--	4	19500	买盘
14:27:04	48.75	--	2	9750	买盘
14:26:59	48.75	--	5	24375	买盘
14:26:29	48.75	--	16	78000	买盘
14:26:23	48.75	--	1	4875	买盘
14:26:19	48.75	--	5	24375	买盘
14:26:04	48.75	0.01	11	53625	买盘
14:25:59	48.74	-0.01	6	29244	卖盘
14:25:48	48.75	--	5	24375	买盘
14:25:28	48.75	-0.05	175	853125	卖盘
14:25:18	48.8	--	2	9760	卖盘
14:25:13	48.8	--	68	331840	买盘
14:25:08	48.8	0.01	1	4880	买盘
14:24:58	48.79	-0.01	2	9758	卖盘
14:24:43	48.8	-0.05	39	190320	卖盘
14:24:38	48.85	-0.01	10	48850	中性盘
14:24:23	48.86	0.01	20	97720	买盘
14:24:18	48.85	0.01	4	19540	买盘
14:24:03	48.84	--	12	58608	卖盘
14:23:28	48.84	--	1	4884	买盘
14:23:13	48.84	--	21	102564	买盘
14:23:03	48.84	0.01	16	78144	买盘
14:22:53	48.83	-0.01	5	24415	买盘
14:22:48	48.84	--	1	4884	买盘
14:22:28	48.84	0.04	9	43956	买盘
14:22:17	48.8	0.01	11	53680	买盘
14:22:13	48.79	0.04	1	4879	买盘
14:21:53	48.75	--	0	0	卖盘
14:21:32	48.75	0.01	1	4875	买盘
14:21:08	48.74	--	0	0	卖盘
14:21:02	48.74	--	26	126724	卖盘
14:20:58	48.74	0.04	5	24370	买盘
14:20:38	48.7	--	0	0	卖盘
14:20:32	48.7	-0.04	1	4870	买盘
14:20:23	48.74	0.02	5	24370	买盘
14:20:17	48.72	--	0	0	中性盘
14:20:02	48.72	--	0	0	中性盘
14:19:53	48.72	0.04	15	73080	买盘
14:19:47	48.68	-0.02	26	126568	卖盘
14:19:38	48.7	0.01	40	194800	买盘
14:19:27	48.69	--	3	14607	卖盘
14:19:17	48.69	--	2	9738	卖盘
14:18:57	48.69	-0.01	18	87642	卖盘
14:18:52	48.7	--	2	9740	买盘
14:18:37	48.7	-0.02	38	185060	卖盘
14:18:12	48.72	-0.01	5	24360	卖盘
14:18:07	48.73	-0.01	5	24365	买盘
14:17:52	48.74	-0.01	12	58488	卖盘
14:17:47	48.75	--	1	4875	买盘
14:17:42	48.75	--	1	4875	买盘
14:17:12	48.75	--	4	19500	买盘
14:17:02	48.75	--	4	19500	卖盘
14:16:52	48.75	--	1	4875	卖盘
14:16:22	48.75	--	0	0	中性盘
14:16:07	48.75	-0.04	10	48750	卖盘
14:16:02	48.79	0.04	51	248829	买盘
14:15:56	48.75	-0.04	35	170625	卖盘
14:15:52	48.79	--	0	0	买盘
14:15:26	48.79	0.05	6	29274	买盘
14:15:17	48.74	-0.05	3	14622	卖盘
14:15:02	48.79	0.05	6	29274	买盘
14:14:56	48.74	--	3	14622	买盘
14:14:52	48.74	-0.05	3	14622	卖盘
14:14:37	48.79	0.01	36	175644	买盘
14:14:32	48.78	--	5	24390	卖盘
14:14:26	48.78	--	5	24390	卖盘
14:14:11	48.78	-0.01	5	24390	卖盘
14:13:41	48.79	0.01	1	4879	卖盘
14:13:11	48.78	--	0	0	卖盘
14:13:01	48.78	-0.01	31	151218	卖盘
14:12:47	48.79	-0.06	4	19516	卖盘
14:12:36	48.85	0.05	4	19540	中性盘
14:12:31	48.8	--	5	24400	中性盘
14:12:21	48.8	-0.06	11	53680	卖盘
14:12:16	48.86	0.06	15	73290	买盘
14:11:56	48.8	--	0	0	卖盘
14:11:51	48.8	--	1	4880	卖盘
14:11:41	48.8	0.02	6	29280	买盘
14:11:31	48.78	-0.02	10	48780	卖盘
14:11:11	48.8	--	14	68320	买盘
14:10:56	48.8	--	3	14640	买盘
14:10:51	48.8	--	3	14640	买盘
14:10:46	48.8	-0.06	480	2342400	卖盘
14:10:11	48.86	0.04	7	34202	买盘
14:09:41	48.82	-0.03	2	9764	卖盘
14:09:11	48.85	0.03	53	258905	中性盘
14:09:05	48.82	-0.04	3	14646	卖盘
14:08:50	48.86	--	0	0	买盘
14:08:35	48.86	0.06	27	131922	买盘
14:08:26	48.8	-0.01	11	53680	卖盘
14:08:20	48.81	--	7	34167	卖盘
14:08:11	48.81	-0.04	1	4881	卖盘
14:08:05	48.85	0.04	11	53735	买盘
14:07:50	48.81	-0.01	4	19524	卖盘
14:07:41	48.82	--	0	0	买盘
14:07:20	48.82	--	0	0	买盘
14:07:01	48.82	0.01	1	4882	买盘
14:06:56	48.81	--	0	0	中性盘
14:06:25	48.81	--	2	9762	卖盘
14:06:10	48.81	--	16	78096	卖盘
14:06:05	48.81	--	0	0	卖盘
14:06:00	48.81	-0.01	14	68334	卖盘
14:05:35	48.82	-0.04	3	14646	卖盘
14:05:20	48.86	--	0	0	买盘
14:04:30	48.86	-0.03	28	136808	卖盘
14:04:25	48.89	--	3	14667	买盘
14:04:20	48.89	--	26	127114	买盘
14:04:10	48.89	0.02	2	9778	买盘
14:04:00	48.87	--	0	0	中性盘
14:03:55	48.87	--	3	14661	中性盘
14:03:45	48.87	--	0	0	卖盘
14:03:35	48.87	-0.01	7	34209	卖盘
14:03:25	48.88	--	0	0	买盘
14:03:20	48.88	--	10	48880	买盘
14:03:15	48.88	-0.02	13	63544	卖盘
14:03:10	48.9	--	0	0	买盘
14:02:44	48.9	--	3	14670	买盘
14:02:35	48.9	--	0	0	买盘
14:02:29	48.9	--	15	73350	买盘
14:02:25	48.9	0.04	2	9780	买盘
14:02:14	48.86	-0.04	80	390880	卖盘
14:02:10	48.9	0.04	20	97800	买盘
14:01:50	48.86	-0.04	150	732900	卖盘
14:01:44	48.9	-0.06	15	73350	卖盘
14:01:40	48.96	-0.04	9	44064	卖盘
14:01:35	49.0	--	3	14700	买盘
14:01:05	49.0	--	1	4900	买盘
14:00:59	49.0	0.04	8	39200	买盘
14:00:55	48.96	-0.02	50	244800	卖盘
14:00:44	48.98	0.02	3	14693	买盘
14:00:20	48.96	--	4	19584	买盘
14:00:05	48.96	-0.02	3	14688	卖盘
13:59:44	48.98	0.02	2	9796	买盘
13:59:24	48.96	--	8	39168	卖盘
13:58:59	48.96	0.03	13	63648	买盘
13:58:44	48.93	--	12	58716	买盘
13:58:39	48.93	--	1	4893	买盘
13:58:34	48.93	--	3	14679	买盘
13:58:29	48.93	0.06	2	9786	买盘
13:58:19	48.87	-0.06	1	4887	卖盘
13:58:14	48.93	-0.01	7	34251	卖盘
13:58:04	48.94	0.01	2	9788	买盘
13:57:49	48.93	--	3	14679	卖盘
13:57:44	48.93	0.06	10	48930	买盘
13:57:34	48.87	--	372	1817964	卖盘
13:57:14	48.87	--	1	4887	卖盘
13:57:04	48.87	--	4	19548	卖盘
13:56:59	48.87	--	48	234576	买盘
13:56:49	48.87	0.01	17	83079	买盘
13:56:44	48.86	--	5	24430	卖盘
13:56:39	48.86	-0.01	2	9772	卖盘
13:56:29	48.87	--	9	43983	买盘
13:56:19	48.87	0.01	13	63531	买盘
13:56:14	48.86	-0.01	173	845278	卖盘
13:56:08	48.87	--	73	356751	买盘
13:55:59	48.87	-0.01	41	200367	卖盘
13:55:38	48.88	-0.06	57	278616	卖盘
13:55:23	48.94	--	3	14682	买盘
13:55:14	48.94	-0.01	25	122350	卖盘
13:54:29	48.95	--	1	7293	卖盘
13:54:23	48.95	--	0	2496	买盘
13:54:14	48.95	--	0	2398	卖盘
13:54:08	48.95	--	40	195800	卖盘
13:53:44	48.95	-0.02	6	29370	卖盘
13:53:29	48.97	--	3	14691	买盘
13:53:18	48.97	--	2	9794	买盘
13:53:13	48.97	--	15	73455	卖盘
13:52:58	48.97	0.02	20	97940	买盘
13:52:43	48.95	--	2	9790	卖盘
13:52:38	48.95	--	5	24475	卖盘
13:52:33	48.95	--	7	36761	买盘
13:52:23	48.95	--	0	0	买盘
13:52:13	48.95	0.01	10	48950	买盘
13:52:08	48.94	0.04	1	4894	买盘
13:52:03	48.9	--	0	0	卖盘
13:51:58	48.9	--	0	0	卖盘
13:51:53	48.9	-0.05	4	19560	卖盘
13:51:43	48.95	-0.02	3	14685	买盘
13:51:38	48.97	--	0	0	买盘
13:51:33	48.97	--	1	4897	买盘
13:51:28	48.97	--	1	4897	买盘
13:51:13	48.97	-0.01	1	4897	中性盘
13:51:03	48.98	--	2	9796	买盘
13:50:53	48.98	--	201	984497	买盘
13:50:48	48.98	--	3	14693	买盘
13:50:38	48.98	--	2	9796	买盘
13:50:33	48.98	--	2	9796	买盘
13:50:28	48.98	--	31	151838	买盘
13:50:13	48.98	--	7	34286	买盘
13:50:08	48.98	0.01	5	24490	买盘
13:50:02	48.97	--	0	0	中性盘
13:49:53	48.97	--	1	4897	买盘
13:49:38	48.97	--	0	0	买盘
13:49:32	48.97	--	1	4897	买盘
13:49:28	48.97	0.07	3	14691	买盘
13:49:23	48.9	--	72	352080	卖盘
13:49:17	48.9	0.01	25	122250	买盘
13:49:13	48.89	--	1	4889	卖盘
13:49:02	48.89	--	2	9778	卖盘
13:48:53	48.89	-0.01	8	39112	买盘
13:48:47	48.9	--	0	0	买盘
13:48:43	48.9	--	22	107580	买盘
13:48:38	48.9	--	59	288510	买盘
13:48:32	48.9	--	0	0	买盘
13:48:28	48.9	0.02	5	24450	买盘
13:48:13	48.88	--	7	34216	买盘
13:48:08	48.88	--	6	29328	买盘
13:48:02	48.88	0.01	19	92872	买盘
13:47:53	48.87	--	84	410508	买盘
13:47:47	48.87	0.03	20	97740	买盘
13:47:43	48.84	-0.02	10	48840	卖盘
13:47:38	48.86	0.02	5	24430	买盘
13:47:32	48.84	0.02	1	4884	中性盘
13:47:23	48.82	--	0	0	卖盘
13:47:17	48.82	0.02	50	244100	卖盘
13:47:02	48.8	--	6	29280	买盘
13:46:57	48.8	-0.01	44	214720	卖盘
13:46:53	48.81	0.01	5	24405	卖盘
13:46:37	48.8	-0.08	11	53680	卖盘
13:46:32	48.88	--	0	0	买盘
13:46:22	48.88	0.02	24	117312	买盘
13:46:17	48.86	0.06	1	4886	买盘
13:46:07	48.8	--	4	19520	卖盘
13:46:02	48.8	--	13	63439	卖盘
13:45:52	48.8	--	7	34160	卖盘
13:45:47	48.8	-0.05	61	297680	卖盘
13:45:42	48.85	-0.01	11	53735	卖盘
13:45:37	48.86	-0.02	1	4886	买盘
13:45:32	48.88	0.02	25	122200	买盘
13:45:27	48.86	-0.01	5	24430	卖盘
13:45:22	48.87	-0.01	2	9774	卖盘
13:45:17	48.88	--	1	4888	买盘
13:45:12	48.88	--	1	4888	买盘
13:45:07	48.88	--	24	117312	卖盘
13:45:02	48.88	-0.01	5	24440	卖盘
13:44:57	48.89	--	3	14667	买盘
13:44:47	48.89	0.01	1	4889	买盘
13:44:42	48.88	-0.01	1	4888	卖盘
13:44:37	48.89	--	20	97780	买盘
13:44:32	48.89	--	43	210227	卖盘
13:44:22	48.89	-0.01	7	34223	卖盘
13:44:17	48.9	--	7	34230	买盘
13:44:12	48.9	0.01	4	19560	买盘
13:44:07	48.89	-0.01	1	4889	卖盘
13:44:02	48.9	0.01	1	4890	买盘
13:43:57	48.89	-0.01	3	14667	卖盘
13:43:52	48.9	--	7	34230	买盘
13:43:42	48.9	--	5	24450	买盘
13:43:37	48.9	--	29	141810	卖盘
13:43:32	48.9	--	1	4890	卖盘
13:43:26	48.9	--	1	4890	卖盘
13:43:17	48.9	--	1	4890	买盘
13:43:11	48.9	--	1	4890	买盘
13:43:02	48.9	--	1	4890	买盘
13:42:56	48.9	--	22	107580	卖盘
13:42:37	48.9	--	0	0	卖盘
13:42:32	48.9	--	0	0	中性盘
13:42:26	48.9	--	0	0	卖盘
13:42:22	48.9	--	8	39120	卖盘
13:42:17	48.9	--	3	14670	卖盘
13:42:07	48.9	--	0	0	卖盘
13:41:56	48.9	0.01	2	9780	卖盘
13:41:41	48.89	--	7	34223	卖盘
13:41:37	48.89	--	20	97780	买盘
13:41:11	48.89	--	18	88002	买盘
13:41:07	48.89	0.01	1	4889	买盘
13:41:02	48.88	-0.02	74	361712	卖盘
13:40:56	48.9	--	6	29340	卖盘
13:40:47	48.9	--	50	244500	卖盘
13:40:36	48.9	--	4	19560	卖盘
13:40:32	48.9	--	4	19560	买盘
13:40:11	48.9	--	47	229830	卖盘
13:40:06	48.9	--	1	4890	卖盘
13:40:01	48.9	--	5	24450	卖盘
13:39:46	48.9	--	0	0	卖盘
13:39:31	48.9	--	50	244500	卖盘
13:39:21	48.9	--	55	268950	卖盘
13:39:16	48.9	-0.07	3	14670	卖盘
13:39:11	48.97	0.07	9	44073	买盘
13:39:06	48.9	--	8	39120	卖盘
13:39:01	48.9	--	5	24450	卖盘
13:38:56	48.9	--	20	97800	买盘
13:38:46	48.9	--	1	4890	买盘
13:38:41	48.9	--	6	29340	买盘
13:38:26	48.9	-0.03	61	298290	卖盘
13:38:16	48.93	--	0	0	卖盘
13:38:11	48.93	-0.04	55	269115	卖盘
13:38:06	48.97	--	4	19588	卖盘
13:37:56	48.97	--	137	670889	买盘
13:37:46	48.97	--	0	0	买盘
13:37:41	48.97	--	2	9794	卖盘
13:37:21	48.97	--	5	24485	买盘
13:37:16	48.97	-0.01	1	4897	买盘
13:36:56	48.98	--	0	0	买盘
13:36:46	48.98	--	0	0	买盘
13:36:35	48.98	0.05	9	44082	买盘
13:36:11	48.93	-0.01	26	127218	卖盘
13:36:05	48.94	-0.01	2	9788	卖盘
13:35:41	48.95	--	0	0	买盘
13:35:35	48.95	-0.04	12	58740	卖盘
13:35:26	48.99	0.01	5	24495	买盘
13:35:20	48.98	-0.01	1	4898	卖盘
13:35:11	48.99	--	9	44091	买盘
13:35:05	48.99	-0.03	51	249849	卖盘
13:35:01	49.02	--	0	0	中性盘
13:34:56	49.02	-0.04	6	29412	卖盘
13:34:20	49.06	0.05	2	9812	买盘
13:34:16	49.01	-0.05	2	9802	卖盘
13:34:00	49.06	--	2	9812	买盘
13:33:55	49.06	--	2	9812	卖盘
13:33:50	49.06	-0.02	3	14718	卖盘
13:33:40	49.08	--	0	0	买盘
13:33:35	49.08	0.08	10	49080	买盘
13:33:20	49.0	-0.08	48	235200	卖盘
13:33:15	49.08	0.07	5	24540	买盘
13:32:55	49.01	0.01	1	4901	中性盘
13:32:50	49.0	-0.06	1	4900	卖盘
13:32:30	49.06	-0.02	1	4906	买盘
13:32:20	49.08	--	0	0	买盘
13:32:05	49.08	--	0	0	买盘
13:31:55	49.08	--	3	14724	卖盘
13:31:35	49.08	0.07	7	34356	买盘
13:31:30	49.01	0.01	3	14703	买盘
13:31:15	49.0	-0.01	10	49000	卖盘
13:31:10	49.01	--	3	14703	买盘
13:30:50	49.01	--	5	24505	买盘
13:30:29	49.01	--	5	24505	买盘
13:29:50	49.01	--	9	44109	卖盘
13:29:44	49.01	-0.04	8	39208	卖盘
13:29:40	49.05	--	0	0	买盘
13:29:35	49.05	0.04	1	4905	买盘
13:29:14	49.01	--	0	0	中性盘
13:29:05	49.01	--	10	49010	买盘
13:28:40	49.01	--	30	147030	买盘
13:28:35	49.01	--	20	98020	买盘
13:28:14	49.01	--	30	147030	买盘
13:28:10	49.01	--	4	19604	买盘
13:28:05	49.01	--	5	24505	买盘
13:27:59	49.01	--	14	68614	卖盘
13:27:50	49.01	--	5	24505	卖盘
13:27:44	49.01	0.01	6	29406	买盘
13:27:39	49.0	-0.01	2	9800	卖盘
13:27:34	49.01	--	3	14703	买盘
13:27:19	49.01	--	17	83317	卖盘
13:26:29	49.01	--	4	19604	卖盘
13:26:24	49.01	--	5	24505	买盘
13:26:19	49.01	0.01	10	49010	买盘
13:26:09	49.0	--	5	24500	卖盘
13:26:04	49.0	--	3	14700	卖盘
13:25:14	49.0	--	0	0	卖盘
13:25:09	49.0	-0.03	6	29400	卖盘
13:24:44	49.03	--	4	19612	卖盘
13:24:34	49.03	-0.02	5	24515	卖盘
13:24:23	49.05	--	31	152055	买盘
13:23:49	49.05	-0.01	20	98100	卖盘
13:23:38	49.06	--	1	4906	买盘
13:23:34	49.06	-0.04	7	34342	卖盘
13:23:08	49.1	0.04	14	68740	买盘
13:23:04	49.06	--	4	19624	买盘
13:22:53	49.06	0.01	2	9812	买盘
13:22:23	49.05	0.02	13	63764	买盘
13:22:19	49.03	--	2	9806	卖盘
13:22:14	49.03	0.03	2	9806	买盘
13:22:08	49.0	-0.01	8	39200	卖盘
13:22:03	49.01	0.01	20	98020	中性盘
13:21:59	49.0	--	10	49000	卖盘
13:21:53	49.0	--	15	73500	卖盘
13:21:44	49.0	--	13	63700	卖盘
13:21:34	49.0	-0.05	37	181300	卖盘
13:21:28	49.05	0.05	10	49050	买盘
13:21:23	49.0	-0.05	20	98000	卖盘
13:21:18	49.05	--	6	29430	卖盘
13:21:13	49.05	--	19	93195	买盘
13:21:08	49.05	--	21	103005	卖盘
13:20:58	49.05	--	5	24525	买盘
13:20:48	49.05	--	3	14715	买盘
13:20:43	49.05	--	52	255059	买盘
13:20:38	49.05	-0.05	40	196200	卖盘
13:20:33	49.1	0.03	15	73650	买盘
13:20:28	49.07	-0.03	9	44163	卖盘
13:20:18	49.1	--	0	0	买盘
13:20:13	49.1	0.05	40	196400	买盘
13:20:08	49.05	--	0	0	卖盘
13:20:03	49.05	-0.05	50	245250	卖盘
13:19:58	49.1	--	0	0	买盘
13:19:53	49.1	0.04	7	34370	买盘
13:19:48	49.06	-0.04	4	19624	卖盘
13:19:43	49.1	0.05	4	19640	买盘
13:19:38	49.05	--	1	4905	卖盘
13:19:13	49.05	-0.01	9	44145	卖盘
13:19:08	49.06	-0.04	3	14718	卖盘
13:18:58	49.1	--	15	73650	买盘
13:18:53	49.1	--	0	0	买盘
13:18:43	49.1	--	4	19640	买盘
13:18:38	49.1	--	0	0	买盘
13:18:28	49.1	--	1	4910	买盘
13:18:23	49.1	-0.05	30	147300	卖盘
13:18:08	49.15	0.13	4	19660	中性盘
13:18:03	49.02	-0.13	200	980400	卖盘
13:17:53	49.15	0.05	12	58980	买盘
13:17:47	49.1	--	53	260230	买盘
13:17:38	49.1	-0.05	15	73650	卖盘
13:17:23	49.15	0.04	6	29490	中性盘
13:17:17	49.11	-0.05	24	117864	卖盘
13:17:13	49.16	--	2	9832	买盘
13:17:08	49.16	--	0	0	中性盘
13:17:02	49.16	--	0	0	中性盘
13:16:58	49.16	-0.04	31	152396	卖盘
13:16:53	49.2	0.03	24	118080	买盘
13:16:47	49.17	--	12	59004	卖盘
13:16:23	49.17	0.01	10	49170	中性盘
13:16:17	49.16	-0.04	2	9832	卖盘
13:15:53	49.2	--	5	24600	买盘
13:15:47	49.2	--	0	0	买盘
13:15:43	49.2	--	30	147600	买盘
13:15:38	49.2	-0.1	13	63960	卖盘
13:15:28	49.3	--	2	9860	买盘
13:15:22	49.3	0.15	22	108460	买盘
13:15:08	49.15	-0.15	3	14745	卖盘
13:14:57	49.3	--	0	0	买盘
13:14:52	49.3	--	2	9860	买盘
13:14:42	49.3	--	1	4930	买盘
13:14:37	49.3	--	0	0	买盘
13:14:27	49.3	-0.01	5	24650	买盘
13:14:22	49.31	0.01	24	118344	买盘
13:14:12	49.3	-0.01	1	4930	卖盘
13:14:02	49.31	-0.07	7	34517	卖盘
13:13:57	49.38	0.07	2	9876	买盘
13:13:47	49.31	-0.08	6	29586	卖盘
13:13:37	49.39	--	49	242011	买盘
13:13:32	49.39	--	24	118536	卖盘
13:13:27	49.39	--	1	4939	卖盘
13:13:22	49.39	-0.01	5	24695	卖盘
13:13:07	49.4	--	25	123500	卖盘
13:13:02	49.4	--	6	29640	卖盘
13:12:57	49.4	-0.01	2	9880	卖盘
13:12:47	49.41	-0.01	15	74115	卖盘
13:12:42	49.42	0.01	1	4942	买盘
13:12:37	49.41	-0.01	1	4941	卖盘
13:12:32	49.42	--	3	14826	买盘
13:12:22	49.42	--	1	4942	卖盘
13:12:17	49.42	-0.03	5	24710	卖盘
13:12:07	49.45	--	0	0	中性盘
13:12:02	49.45	-0.01	13	64285	卖盘
13:11:57	49.46	--	24	118704	买盘
13:11:32	49.46	--	17	84082	买盘
13:11:11	49.46	--	4	19784	卖盘
13:10:52	49.46	--	13	64298	买盘
13:10:41	49.46	--	2	9892	买盘
13:10:26	49.46	-0.02	12	59352	卖盘
13:10:22	49.48	0.01	2	9896	买盘
13:10:17	49.47	--	0	0	中性盘
13:10:11	49.47	--	3	14841	卖盘
13:10:07	49.47	--	0	0	卖盘
13:09:56	49.47	--	0	0	中性盘
13:09:52	49.47	0.01	2	9894	卖盘
13:09:41	49.46	--	0	0	卖盘
13:09:37	49.46	-0.01	10	49460	卖盘
13:09:26	49.47	--	6	29682	买盘
13:09:22	49.47	--	2	9894	买盘
13:09:17	49.47	--	4	19788	买盘
13:09:11	49.47	-0.02	48	237456	卖盘
13:09:02	49.49	0.01	55	272195	买盘
13:08:47	49.48	--	4	19792	买盘
13:08:41	49.48	--	9	44532	中性盘
13:08:37	49.48	--	1	4948	买盘
13:08:32	49.48	--	40	197920	卖盘
13:08:21	49.48	--	1	4948	买盘
13:08:17	49.48	0.01	2	9896	买盘
13:07:56	49.47	0.01	12	59364	买盘
13:07:51	49.46	-0.01	3	14838	卖盘
13:07:31	49.47	--	2	9894	买盘
13:07:26	49.47	--	29	143463	买盘
13:07:16	49.47	--	0	0	买盘
13:07:01	49.47	0.02	32	158304	买盘
13:06:56	49.45	--	6	29670	卖盘
13:06:41	49.45	0.03	27	133515	买盘
13:06:36	49.42	0.02	2	9884	卖盘
13:06:31	49.4	--	4	19760	卖盘
13:06:26	49.4	-0.02	1	4940	卖盘
13:06:16	49.42	0.02	2	9884	买盘
13:06:11	49.4	--	2	9880	卖盘
13:05:46	49.4	-0.03	3	14820	卖盘
13:05:41	49.43	--	15	74145	买盘
13:05:31	49.43	0.03	14	69202	买盘
13:05:01	49.4	-0.04	10	49400	卖盘
13:04:56	49.44	0.04	4	19776	买盘
13:04:41	49.4	0.01	1	4940	买盘
13:04:36	49.39	--	4	19756	卖盘
13:04:26	49.39	0.01	2	9878	卖盘
13:04:20	49.38	--	0	0	买盘
13:04:11	49.38	-0.01	2	9876	卖盘
13:04:05	49.39	--	0	0	买盘
13:04:01	49.39	--	12	59268	买盘
13:03:50	49.39	-0.04	37	182743	卖盘
13:03:41	49.43	0.04	55	271865	买盘
13:03:35	49.39	-0.01	2	9878	卖盘
13:03:20	49.4	--	0	0	中性盘
13:03:11	49.4	-0.04	10	49400	卖盘
13:03:05	49.44	-0.01	2	9888	买盘
13:02:56	49.45	--	0	0	买盘
13:02:41	49.45	--	49	242305	卖盘
13:02:31	49.45	-0.01	31	153295	卖盘
13:02:26	49.46	--	20	98920	买盘
13:02:20	49.46	0.01	1	4946	买盘
13:02:11	49.45	-0.01	2	9890	卖盘
13:02:05	49.46	0.01	2	9892	买盘
13:01:41	49.45	--	12	59340	买盘
13:01:35	49.45	--	1	4945	买盘
13:01:25	49.45	--	0	0	买盘
13:01:20	49.45	--	5	24725	买盘
13:01:15	49.45	--	0	0	买盘
13:01:05	49.45	0.03	7	34615	买盘
13:01:00	49.42	--	0	0	中性盘
13:00:55	49.42	-0.02	2	9884	中性盘
13:00:50	49.44	-0.01	2	9888	中性盘
13:00:45	49.45	--	2	9890	买盘
13:00:35	49.45	0.04	3	14835	买盘
13:00:20	49.41	--	0	0	中性盘
13:00:10	49.41	0.02	91	449630	卖盘
13:00:05	49.39	--	186	918654	买盘
11:30:00	49.39	--	0	0	买盘
11:30:00	49.39	--	0	0	买盘
11:29:57	49.39	--	3	14817	卖盘
11:29:52	49.39	-0.01	1	4939	卖盘
11:29:47	49.4	0.04	21	103740	买盘
11:29:32	49.36	--	7	34552	卖盘
11:29:22	49.36	-0.03	33	162888	卖盘
11:29:17	49.39	--	7	34573	买盘
11:29:12	49.39	--	1	4939	买盘
11:29:07	49.39	--	5	24695	买盘
11:29:02	49.39	0.01	31	153109	买盘
11:28:57	49.38	-0.01	1	4938	买盘
11:28:52	49.39	--	1	4939	买盘
11:28:46	49.39	0.03	6	29634	买盘
11:28:42	49.36	-0.03	1	4936	卖盘
11:28:36	49.39	--	1	4939	买盘
11:28:31	49.39	--	17	83963	卖盘
11:28:27	49.39	--	20	98780	卖盘
11:28:16	49.39	0.05	26	128414	买盘
11:28:12	49.34	-0.02	9	44406	卖盘
11:28:01	49.36	--	70	345520	买盘
11:27:51	49.36	--	0	0	买盘
11:27:46	49.36	0.02	14	69104	买盘
11:27:41	49.34	-0.02	5	24670	买盘
11:27:36	49.36	0.03	8	39488	买盘
11:27:31	49.33	-0.01	11	54263	卖盘
11:27:26	49.34	0.05	41	202294	买盘
11:27:16	49.29	-0.04	12	59148	卖盘
11:27:11	49.33	0.04	57	281181	买盘
11:27:06	49.29	--	0	0	中性盘
11:27:01	49.29	0.01	23	113367	买盘
11:26:56	49.28	0.01	1	4928	买盘
11:26:51	49.27	0.02	1	4927	卖盘
11:26:46	49.25	--	2	9850	买盘
11:26:41	49.25	0.05	2	9850	买盘
11:26:36	49.2	--	0	0	卖盘
11:26:26	49.2	0.1	5	24600	买盘
11:26:21	49.1	--	0	0	卖盘
11:26:16	49.1	--	17	83470	卖盘
11:26:06	49.1	--	1	4910	卖盘
11:26:01	49.1	--	1	4910	买盘
11:25:56	49.1	--	35	171850	买盘
11:25:41	49.1	--	1	4910	买盘
11:25:36	49.1	0.02	12	58920	买盘
11:25:26	49.08	0.01	28	137424	买盘
11:25:16	49.07	--	0	0	买盘
11:25:11	49.07	0.01	22	107954	买盘
11:24:56	49.06	0.01	6	29436	买盘
11:24:46	49.05	0.01	7	34335	买盘
11:24:41	49.04	0.06	16	78464	买盘
11:24:26	48.98	--	8	39184	买盘
11:24:16	48.98	-0.02	10	48980	卖盘
11:24:11	49.0	--	10	49000	买盘
11:24:06	49.0	0.02	2	9800	买盘
11:23:51	48.98	--	20	97960	卖盘
11:23:46	48.98	--	3	14693	买盘
11:23:41	48.98	--	5	24490	买盘
11:23:31	48.98	--	1	4898	买盘
11:23:21	48.98	--	12	58775	买盘
11:23:16	48.98	0.06	90	440820	买盘
11:23:11	48.92	--	1	4892	买盘
11:23:06	48.92	--	4	19568	买盘
11:23:01	48.92	-0.06	3	14676	中性盘
11:22:56	48.98	--	14	68572	买盘
11:22:51	48.98	0.06	84	411432	买盘
11:22:46	48.92	-0.01	7	34244	卖盘
11:22:31	48.93	0.01	8	39144	买盘
11:22:21	48.92	--	5	24460	买盘
11:22:16	48.92	--	7	34244	买盘
11:22:11	48.92	--	11	53812	买盘
11:22:01	48.92	--	0	0	买盘
11:21:55	48.92	0.02	17	83164	买盘
11:21:40	48.9	--	3	14670	买盘
11:21:25	48.9	--	7	34230	卖盘
11:21:20	48.9	-0.03	10	48900	卖盘
11:21:15	48.93	0.01	10	48930	买盘
11:21:05	48.92	-0.01	3	14676	卖盘
11:21:00	48.93	0.01	62	303366	买盘
11:20:55	48.92	-0.01	2	9784	卖盘
11:20:45	48.93	--	2	9786	买盘
11:20:40	48.93	--	12	58716	买盘
11:20:30	48.93	--	10	48930	买盘
11:20:25	48.93	-0.01	9	44037	卖盘
11:20:20	48.94	--	2	9788	买盘
11:20:15	48.94	-0.03	6	29364	卖盘
11:20:05	48.97	-0.01	2	9794	买盘
11:19:50	48.98	0.01	2	9796	买盘
11:19:45	48.97	--	2	9794	卖盘
11:19:35	48.97	--	2	9794	买盘
11:19:30	48.97	0.04	6	29382	买盘
11:19:25	48.93	0.01	10	48930	卖盘
11:19:15	48.92	--	0	0	卖盘
11:19:05	48.92	--	0	0	卖盘
11:18:40	48.92	-0.06	9	44028	卖盘
11:18:35	48.98	0.06	10	48980	买盘
11:18:05	48.92	-0.06	6	29352	卖盘
11:17:35	48.98	--	1	4898	买盘
11:17:30	48.98	0.07	1	4898	买盘
11:17:05	48.91	-0.06	8	39128	卖盘
11:16:55	48.97	0.07	18	88146	买盘
11:16:50	48.9	--	0	0	卖盘
11:15:40	48.9	-0.06	3	14670	卖盘
11:14:34	48.96	0.06	1	4896	买盘
11:14:29	48.9	--	10	48900	卖盘
11:14:19	48.9	--	13	63570	买盘
11:14:14	48.9	--	5	24450	买盘
11:14:09	48.9	--	1	4890	买盘
11:14:04	48.9	--	2	9780	买盘
11:13:59	48.9	0.02	6	29340	卖盘
11:13:39	48.88	--	0	0	卖盘
11:13:29	48.88	--	1	4888	卖盘
11:13:09	48.88	--	0	0	卖盘
11:12:59	48.88	-0.08	2	9776	卖盘
11:12:54	48.96	0.09	15	73440	买盘
11:12:44	48.87	--	25	122175	卖盘
11:12:34	48.87	-0.01	11	53757	卖盘
11:12:29	48.88	--	18	87984	买盘
11:12:14	48.88	--	3	14664	买盘
11:11:59	48.88	--	26	127088	卖盘
11:11:18	48.88	--	0	0	卖盘
11:11:08	48.88	-0.11	1	4888	卖盘
11:10:49	48.99	0.13	5	24495	买盘
11:10:29	48.86	--	0	0	卖盘
11:10:19	48.86	-0.02	5	24430	卖盘
11:10:14	48.88	-0.01	5	24440	卖盘
11:10:04	48.89	0.01	6	29334	中性盘
11:09:59	48.88	--	2	9776	卖盘
11:09:34	48.88	-0.12	100	488800	卖盘
11:08:33	49.0	--	37	181300	卖盘
11:08:28	49.0	-0.05	15	73500	卖盘
11:08:23	49.05	0.04	55	269775	买盘
11:08:13	49.01	-0.02	2	9802	卖盘
11:07:58	49.03	--	20	98060	买盘
11:07:53	49.03	--	13	63739	卖盘
11:07:43	49.03	0.03	4	19612	买盘
11:07:38	49.0	--	0	0	卖盘
11:07:33	49.0	-0.01	3	14700	卖盘
11:07:28	49.01	0.01	1	4901	买盘
11:06:58	49.0	--	13	63700	买盘
11:06:53	49.0	--	2	9800	买盘
11:06:43	49.0	--	4	19600	买盘
11:06:38	49.0	--	5	24500	买盘
11:06:33	49.0	--	6	29400	买盘
11:06:22	49.0	--	10	49000	买盘
11:06:13	49.0	0.02	10	49000	买盘
11:05:53	48.98	--	1	4898	买盘
11:05:43	48.98	-0.01	1	4898	买盘
11:05:27	48.99	--	0	0	买盘
11:05:23	48.99	-0.01	1	4899	中性盘
11:05:13	49.0	--	0	0	买盘
11:05:08	49.0	0.14	10	49000	买盘
11:05:02	48.86	--	0	0	卖盘
11:04:53	48.86	--	0	0	卖盘
11:04:47	48.86	--	1	4886	卖盘
11:04:17	48.86	0.01	6	29316	卖盘
11:04:12	48.85	--	0	0	卖盘
11:03:53	48.85	--	14	68390	买盘
11:03:38	48.85	--	14	68390	买盘
11:03:23	48.85	-0.16	84	410340	卖盘
11:03:17	49.01	--	12	58812	卖盘
11:03:08	49.01	-0.03	2	9802	卖盘
11:03:02	49.04	0.03	20	98080	卖盘
11:02:57	49.01	--	0	0	卖盘
11:02:47	49.01	-0.05	1	4901	卖盘
11:02:42	49.06	-0.01	20	98120	买盘
11:02:37	49.07	--	42	206094	买盘
11:02:28	49.07	--	3	14721	买盘
11:02:22	49.07	--	1	4907	买盘
11:02:17	49.07	--	6	29442	买盘
11:02:12	49.07	--	2	9814	买盘
11:02:02	49.07	-0.02	2	9814	买盘
11:01:57	49.09	--	0	0	买盘
11:01:42	49.09	0.08	1	4909	买盘
11:01:37	49.01	-0.08	10	49010	卖盘
11:01:32	49.09	--	3	14727	买盘
11:01:22	49.09	--	2	9818	买盘
11:01:17	49.09	-0.01	2	9818	卖盘
11:01:07	49.1	0.01	7	34370	买盘
11:01:02	49.09	--	1	4909	卖盘
11:00:52	49.09	0.01	3	14727	卖盘
11:00:47	49.08	0.08	22	107976	买盘
11:00:42	49.0	--	12	58800	买盘
11:00:37	49.0	0.01	22	107800	买盘
11:00:32	48.99	--	15	73485	卖盘
11:00:17	48.99	--	10	48990	卖盘
11:00:07	48.99	--	4	19596	买盘
11:00:02	48.99	--	2	9798	买盘
10:59:52	48.99	0.01	14	68586	买盘
10:59:41	48.98	-0.01	1	4898	买盘
10:59:37	48.99	--	0	0	买盘
10:59:32	48.99	--	10	48990	买盘
10:59:16	48.99	0.26	79	387021	买盘
10:59:07	48.73	--	5	24365	买盘
10:59:02	48.73	-0.23	22	107206	卖盘
10:58:51	48.96	0.01	5	24480	买盘
10:58:46	48.95	0.02	45	220275	买盘
10:58:36	48.93	--	0	0	买盘
10:58:21	48.93	--	3	14679	买盘
10:58:17	48.93	--	1	4893	买盘
10:58:11	48.93	--	1	4893	卖盘
10:58:02	48.93	--	0	0	卖盘
10:57:51	48.93	--	0	0	卖盘
10:57:41	48.93	--	0	0	卖盘
10:57:36	48.93	0.08	5	24465	买盘
10:57:32	48.85	0.02	1	4885	卖盘
10:57:21	48.83	--	0	0	卖盘
10:57:17	48.83	--	0	0	卖盘
10:57:11	48.83	--	5	24415	卖盘
10:56:51	48.83	-0.14	5	24415	卖盘
10:56:46	48.97	-0.01	4	19588	买盘
10:56:31	48.98	--	0	0	买盘
10:56:21	48.98	--	2	9796	卖盘
10:56:16	48.98	--	14	68572	卖盘
10:56:11	48.98	0.03	17	83266	买盘
10:56:06	48.95	-0.02	1	4895	卖盘
10:56:01	48.97	-0.01	2	9794	中性盘
10:55:56	48.98	--	5	24490	买盘
10:55:41	48.98	--	6	29387	买盘
10:55:36	48.98	--	0	0	买盘
10:55:31	48.98	0.02	67	328166	买盘
10:55:26	48.96	--	0	0	买盘
10:55:21	48.96	0.04	4	19584	买盘
10:55:16	48.92	--	0	0	中性盘
10:55:11	48.92	-0.04	4	19568	卖盘
10:55:06	48.96	--	9	44064	卖盘
10:55:01	48.96	0.08	4	19584	买盘
10:54:51	48.88	--	0	0	卖盘
10:54:46	48.88	0.01	6	29328	买盘
10:54:36	48.87	--	0	0	买盘
10:54:31	48.87	0.04	7	34209	买盘
10:54:26	48.83	--	5	24415	卖盘
10:54:06	48.83	0.03	1	4883	买盘
10:54:01	48.8	--	0	0	中性盘
10:53:46	48.8	--	0	0	中性盘
10:53:31	48.8	0.01	1	4880	买盘
10:53:26	48.79	0.09	41	200039	买盘
10:53:16	48.7	--	7	34090	买盘
10:53:11	48.7	0.01	1	4870	买盘
10:52:55	48.69	0.02	1	4869	买盘
10:52:41	48.67	--	0	0	中性盘
10:52:35	48.67	--	8	38936	买盘
10:52:20	48.67	--	1	4867	买盘
10:52:15	48.67	0.05	1	4867	买盘
10:51:56	48.62	--	0	0	卖盘
10:51:41	48.62	--	6	29172	卖盘
10:51:26	48.62	0.01	8	38896	卖盘
10:51:20	48.61	--	0	0	卖盘
10:51:05	48.61	0.01	7	34027	卖盘
10:50:56	48.6	--	0	0	卖盘
10:50:26	48.6	--	2	9720	买盘
10:50:00	48.6	-0.07	18	87480	卖盘
10:49:55	48.67	--	0	0	买盘
10:49:45	48.67	0.05	1	4867	买盘
10:49:20	48.62	--	2	9724	买盘
10:49:10	48.62	-0.04	1	4862	卖盘
10:48:55	48.66	--	2	9732	卖盘
10:48:50	48.66	--	0	0	中性盘
10:48:40	48.66	--	10	48660	买盘
10:48:15	48.66	-0.01	1	4866	卖盘
10:48:10	48.67	--	3	14601	买盘
10:47:55	48.67	--	6	29202	卖盘
10:47:25	48.67	--	34	165478	卖盘
10:47:20	48.67	--	13	63271	卖盘
10:47:14	48.67	0.01	47	228749	买盘
10:47:05	48.66	-0.01	21	102186	卖盘
10:46:55	48.67	0.01	5	24335	买盘
10:46:50	48.66	--	5	24330	买盘
10:46:40	48.66	--	2	9732	卖盘
10:46:09	48.66	--	1	4866	买盘
10:46:05	48.66	0.06	1	4866	买盘
10:45:39	48.6	--	1	4860	卖盘
10:45:05	48.6	--	3	14580	买盘
10:44:54	48.6	--	7	34020	买盘
10:44:44	48.6	--	0	0	中性盘
10:44:34	48.6	-0.02	10	48600	卖盘
10:44:24	48.62	--	0	0	中性盘
10:44:19	48.62	0.01	10	48620	中性盘
10:44:05	48.61	--	6	29166	卖盘
10:43:49	48.61	--	0	0	卖盘
10:43:24	48.61	-0.08	6	29166	卖盘
10:43:14	48.69	--	4	19476	买盘
10:42:54	48.69	0.01	20	97380	买盘
10:42:49	48.68	0.07	1	4868	买盘
10:42:44	48.61	-0.01	10	48610	卖盘
10:42:39	48.62	0.01	1	4862	卖盘
10:42:28	48.61	--	0	0	卖盘
10:42:19	48.61	-0.08	1	4861	卖盘
10:42:14	48.69	0.08	20	97380	买盘
10:42:04	48.61	-0.09	1	4861	中性盘
10:41:49	48.7	--	1	4870	买盘
10:41:34	48.7	-0.08	6	29220	卖盘
10:41:29	48.78	-0.01	10	48780	中性盘
10:41:19	48.79	--	41	200039	买盘
10:41:14	48.79	--	31	151249	中性盘
10:41:09	48.79	--	20	97580	卖盘
10:41:04	48.79	-0.01	38	185402	卖盘
10:40:59	48.8	-0.03	2	9760	卖盘
10:40:54	48.83	--	0	0	中性盘
10:40:49	48.83	0.03	7	34181	中性盘
10:40:44	48.8	--	2	9760	卖盘
10:40:38	48.8	-0.04	23	112240	卖盘
10:40:34	48.84	0.01	5	24420	买盘
10:40:29	48.83	--	14	68362	买盘
10:40:23	48.83	-0.01	3	14649	买盘
10:40:19	48.84	--	0	0	中性盘
10:40:14	48.84	--	2	9768	卖盘
10:40:08	48.84	0.14	39	190476	买盘
10:40:04	48.7	--	0	0	中性盘
10:39:53	48.7	0.01	1	4870	买盘
10:39:48	48.69	0.01	5	24345	买盘
10:39:44	48.68	0.09	10	48680	买盘
10:39:29	48.59	--	0	0	卖盘
10:39:23	48.59	--	0	0	中性盘
10:39:18	48.59	0.01	1	4859	买盘
10:39:14	48.58	0.04	25	121450	买盘
10:39:08	48.54	--	0	0	买盘
10:38:53	48.54	0.02	2	9708	买盘
10:38:38	48.52	0.05	39	189228	买盘
10:38:33	48.47	0.01	52	252044	买盘
10:38:29	48.46	--	0	0	卖盘
10:38:18	48.46	--	3	14538	买盘
10:38:14	48.46	0.01	2	9692	买盘
10:37:59	48.45	--	0	0	中性盘
10:37:38	48.45	0.1	1	4845	买盘
10:37:18	48.35	--	0	0	卖盘
10:37:13	48.35	--	0	0	卖盘
10:37:08	48.35	--	0	0	卖盘
10:36:38	48.35	--	10	48350	卖盘
10:36:33	48.35	--	4	19340	卖盘
10:36:08	48.35	--	17	82195	卖盘
10:35:28	48.35	--	0	0	卖盘
10:35:18	48.35	--	29	140215	卖盘
10:34:53	48.35	--	0	0	卖盘
10:34:48	48.35	-0.02	22	106370	卖盘
10:34:22	48.37	0.01	5	24185	买盘
10:34:08	48.36	-0.01	2	9672	卖盘
10:33:52	48.37	0.02	15	72555	卖盘
10:33:43	48.35	--	0	0	卖盘
10:33:37	48.35	--	0	0	卖盘
10:33:12	48.35	--	0	0	卖盘
10:33:08	48.35	--	0	0	卖盘
10:32:52	48.35	--	0	0	卖盘
10:32:42	48.35	-0.11	4	19340	卖盘
10:32:37	48.46	0.02	6	29076	卖盘
10:32:22	48.44	--	0	0	中性盘
10:32:12	48.44	--	0	0	中性盘
10:32:02	48.44	-0.03	26	125944	卖盘
10:31:57	48.47	--	0	0	买盘
10:31:42	48.47	--	0	0	买盘
10:31:37	48.47	0.12	3	14541	买盘
10:31:22	48.35	--	1	4835	卖盘
10:30:47	48.35	--	0	0	卖盘
10:30:42	48.35	--	4	19340	买盘
10:30:37	48.35	--	2	9670	买盘
10:30:32	48.35	--	0	0	中性盘
10:30:27	48.35	-0.12	2	9670	卖盘
10:30:22	48.47	--	0	0	买盘
10:30:12	48.47	0.1	1	4847	买盘
10:30:01	48.37	-0.1	18	87066	卖盘
10:29:57	48.47	--	6	29082	买盘
10:29:52	48.47	0.1	8	38776	买盘
10:29:42	48.37	--	2	9674	卖盘
10:28:42	48.37	--	9	43533	卖盘
10:28:37	48.37	--	31	149947	买盘
10:28:31	48.37	--	11	53207	买盘
10:28:16	48.37	0.02	1	4837	买盘
10:28:07	48.35	-0.13	15	72525	卖盘
10:28:01	48.48	0.11	50	242399	买盘
10:27:52	48.37	-0.16	1	4837	卖盘
10:27:26	48.53	--	0	0	买盘
10:27:22	48.53	0.08	7	33971	买盘
10:27:16	48.45	-0.01	7	33915	卖盘
10:27:11	48.46	--	1	4846	买盘
10:27:07	48.46	--	1	4846	买盘
10:27:01	48.46	-0.08	13	62998	卖盘
10:26:51	48.54	0.01	15	72810	买盘
10:26:46	48.53	-0.01	1	4853	买盘
10:26:36	48.54	--	0	0	买盘
10:26:31	48.54	--	2	9708	买盘
10:26:21	48.54	--	107	519378	卖盘
10:26:11	48.54	0.05	7	33978	买盘
10:26:06	48.49	--	0	0	卖盘
10:26:01	48.49	--	2	9698	卖盘
10:25:56	48.49	0.01	6	29094	买盘
10:25:51	48.48	0.03	31	150288	买盘
10:25:46	48.45	--	4	19380	买盘
10:25:36	48.45	--	0	0	买盘
10:25:16	48.45	-0.04	8	38760	卖盘
10:25:06	48.49	0.03	13	63037	买盘
10:24:51	48.46	0.01	4	19384	买盘
10:24:21	48.45	--	5	24225	买盘
10:24:06	48.45	0.1	3	14535	买盘
10:24:01	48.35	--	0	0	卖盘
10:23:40	48.35	--	5	24175	卖盘
10:23:31	48.35	0.03	1	4835	卖盘
10:23:25	48.32	--	0	0	卖盘
10:23:21	48.32	--	22	106304	卖盘
10:23:16	48.32	--	0	0	卖盘
10:23:06	48.32	--	0	0	卖盘
10:23:01	48.32	--	50	241600	卖盘
10:22:55	48.32	--	0	0	卖盘
10:22:46	48.32	--	0	0	卖盘
10:22:40	48.32	--	0	0	卖盘
10:22:31	48.32	-0.01	6	28992	卖盘
10:22:25	48.33	--	0	0	买盘
10:22:10	48.33	0.01	4	19332	买盘
10:21:55	48.32	--	2	9664	卖盘
10:21:51	48.32	0.02	30	144960	买盘
10:21:46	48.3	--	12	57960	卖盘
10:21:40	48.3	--	2	9660	卖盘
10:21:25	48.3	--	3	14490	买盘
10:21:16	48.3	--	8	38640	买盘
10:21:01	48.3	--	6	28980	买盘
10:20:46	48.3	--	1	4830	买盘
10:20:31	48.3	-0.02	25	120750	卖盘
10:20:00	48.32	-0.01	2	9664	卖盘
10:19:50	48.33	--	18	86994	卖盘
10:19:45	48.33	--	0	0	卖盘
10:19:40	48.33	-0.03	2	9666	卖盘
10:19:35	48.36	-0.06	6	29016	卖盘
10:19:30	48.42	--	0	0	中性盘
10:19:25	48.42	--	61	295362	卖盘
10:19:20	48.42	--	5	24210	卖盘
10:19:15	48.42	0.06	20	96840	买盘
10:19:10	48.36	-0.06	3	14508	卖盘
10:19:05	48.42	0.06	2	9684	买盘
10:19:00	48.36	--	16	77376	卖盘
10:18:55	48.36	--	2	9672	卖盘
10:18:40	48.36	--	0	0	卖盘
10:18:30	48.36	-0.1	50	241800	卖盘
10:18:20	48.46	-0.01	7	33922	卖盘
10:18:15	48.47	0.01	4	19388	买盘
10:18:00	48.46	--	5	24230	卖盘
10:17:55	48.46	--	3	14538	卖盘
10:17:50	48.46	--	1	4846	卖盘
10:17:45	48.46	-0.01	6	29076	买盘
10:17:40	48.47	--	0	0	买盘
10:17:35	48.47	0.01	7	33929	买盘
10:17:30	48.46	-0.01	58	281068	买盘
10:17:25	48.47	--	0	0	买盘
10:17:10	48.47	0.14	10	48470	买盘
10:16:55	48.33	0.03	9	43497	买盘
10:16:40	48.3	0.02	28	135240	买盘
10:16:34	48.28	--	1	4828	卖盘
10:16:25	48.28	--	19	91732	买盘
10:16:19	48.28	0.05	13	62764	买盘
10:16:04	48.23	--	22	106106	买盘
10:16:00	48.23	--	2	9646	买盘
10:15:55	48.23	-0.02	14	67522	卖盘
10:15:34	48.25	0.05	52	250900	买盘
10:15:30	48.2	--	10	48200	买盘
10:15:25	48.2	--	1	4820	买盘
10:15:10	48.2	0.01	5	24100	买盘
10:14:55	48.19	-0.01	2	9638	买盘
10:14:40	48.2	--	0	0	买盘
10:14:14	48.2	0.17	13	62660	买盘
10:14:09	48.03	0.01	1	4803	卖盘
10:13:59	48.02	--	0	0	卖盘
10:13:54	48.02	--	2	9604	卖盘
10:13:49	48.02	0.05	148	710696	买盘
10:13:44	47.97	--	4	19188	卖盘
10:13:39	47.97	0.01	12	57564	买盘
10:13:29	47.96	-0.01	1	4796	中性盘
10:13:09	47.97	-0.13	104	498888	卖盘
10:13:04	48.1	0.08	2	9620	买盘
10:12:49	48.02	--	27	129654	买盘
10:12:39	48.02	--	25	120050	买盘
10:12:34	48.02	--	10	48020	买盘
10:12:24	48.02	--	1	4802	买盘
10:12:04	48.02	--	2	9604	买盘
10:11:54	48.02	--	10	48020	买盘
10:11:49	48.02	0.02	42	201684	卖盘
10:11:34	48.0	-0.1	100	480000	卖盘
10:11:29	48.1	0.06	2	9620	买盘
10:11:24	48.04	--	11	52844	卖盘
10:11:09	48.04	0.02	4	19216	买盘
10:11:04	48.02	-0.02	3	14406	卖盘
10:10:39	48.04	-0.06	3	14412	卖盘
10:10:24	48.1	--	0	0	中性盘
10:10:19	48.1	--	20	96200	卖盘
10:09:49	48.1	-0.09	22	105820	卖盘
10:09:43	48.19	0.06	3	14457	买盘
10:08:28	48.13	--	8	38504	买盘
10:08:23	48.13	-0.03	5	24065	买盘
10:08:04	48.16	--	7	33712	卖盘
10:07:58	48.16	0.03	6	28895	买盘
10:07:43	48.13	--	4	19252	卖盘
10:07:33	48.13	0.03	13	62569	买盘
10:07:23	48.1	-0.03	4	19240	卖盘
10:07:13	48.13	--	4	19252	买盘
10:06:58	48.13	--	0	0	买盘
10:06:33	48.13	--	1	4813	买盘
10:05:58	48.13	0.13	5	24065	买盘
10:05:38	48.0	--	0	0	卖盘
10:05:33	48.0	--	8	38400	卖盘
10:05:28	48.0	-0.01	18	86400	卖盘
10:05:18	48.01	--	15	72015	买盘
10:05:13	48.01	--	38	182438	买盘
10:04:48	48.01	--	4	19204	买盘
10:04:37	48.01	--	38	182438	买盘
10:04:22	48.01	-0.09	47	225647	卖盘
10:04:13	48.1	-0.01	1	4810	买盘
10:04:03	48.11	-0.02	3	14433	卖盘
10:03:58	48.13	--	1	4813	买盘
10:03:37	48.13	--	5	24065	买盘
10:03:28	48.13	-0.03	7	33691	卖盘
10:03:22	48.16	--	0	0	买盘
10:03:13	48.16	--	0	0	买盘
10:03:07	48.16	0.03	5	24080	买盘
10:02:58	48.13	--	1	4813	买盘
10:02:52	48.13	-0.07	10	48130	卖盘
10:02:37	48.2	--	22	106040	卖盘
10:02:28	48.2	-0.01	1	4820	卖盘
10:02:22	48.21	0.02	1	4821	买盘
10:02:17	48.19	--	0	0	卖盘
10:02:13	48.19	--	1	4819	买盘
10:02:07	48.19	-0.01	1	4819	中性盘
10:01:58	48.2	--	0	0	中性盘
10:01:52	48.2	-0.03	15	72300	中性盘
10:01:42	48.23	0.02	21	101283	买盘
10:01:37	48.21	0.01	7	33747	买盘
10:01:27	48.2	-0.01	5	24100	中性盘
10:01:22	48.21	0.09	8	38568	买盘
10:01:12	48.12	--	0	0	卖盘
10:01:07	48.12	--	0	0	中性盘
10:01:02	48.12	0.08	1	4812	买盘
10:00:47	48.04	--	0	0	中性盘
10:00:42	48.04	--	0	0	卖盘
10:00:32	48.04	0.01	27	129708	买盘
10:00:27	48.03	--	0	0	中性盘
10:00:22	48.03	--	2	9606	买盘
10:00:17	48.03	0.01	3	14409	买盘
10:00:12	48.02	0.02	14	67228	买盘
10:00:07	48.0	--	3	14400	卖盘
09:59:57	48.0	0.09	21	100800	买盘
09:59:52	47.91	--	18	86238	卖盘
09:59:47	47.91	-0.09	43	206012	卖盘
09:59:27	48.0	0.09	1	4800	买盘
09:59:22	47.91	-0.09	8	38328	卖盘
09:59:17	48.0	--	30	144000	买盘
09:59:12	48.0	--	5	24000	买盘
09:58:57	48.0	0.02	3	14400	买盘
09:58:52	47.98	-0.02	8	38384	卖盘
09:58:42	48.0	--	2	9600	买盘
09:58:37	48.0	-0.04	18	86400	卖盘
09:58:27	48.04	0.02	66	317064	买盘
09:58:22	48.02	-0.02	2	9604	卖盘
09:58:07	48.04	0.04	16	76864	买盘
09:58:01	48.0	-0.04	5	24000	卖盘
09:57:57	48.04	0.01	3	14412	买盘
09:57:52	48.03	0.01	16	76848	买盘
09:57:46	48.02	0.02	24	115248	买盘
09:57:37	48.0	--	11	53184	买盘
09:57:31	48.0	--	5	24000	买盘
09:57:27	48.0	--	1	4800	买盘
09:57:22	48.0	-0.03	52	254016	卖盘
09:57:16	48.03	0.03	42	201726	买盘
09:57:07	48.0	0.15	120	576384	买盘
09:57:01	47.85	--	10	47850	卖盘
09:56:52	47.85	--	0	0	卖盘
09:56:46	47.85	0.07	40	191400	买盘
09:56:42	47.78	--	3	14334	卖盘
09:56:37	47.78	0.02	27	129006	卖盘
09:56:31	47.76	-0.07	70	334320	卖盘
09:56:27	47.83	0.11	11	52613	买盘
09:56:22	47.72	-0.04	65	310180	卖盘
09:56:11	47.76	--	1	4776	卖盘
09:56:07	47.76	0.05	53	253128	买盘
09:56:01	47.71	0.01	1	4771	卖盘
09:55:52	47.7	-0.01	60	286200	卖盘
09:55:46	47.71	0.01	20	95420	买盘
09:55:41	47.7	0.05	83	395910	买盘
09:55:37	47.65	--	10	47650	中性盘
09:55:31	47.65	--	44	209660	卖盘
09:55:26	47.65	0.03	18	85770	买盘
09:55:21	47.62	-0.03	5	23810	卖盘
09:55:16	47.65	-0.05	17	81005	卖盘
09:55:11	47.7	--	11	52470	买盘
09:55:06	47.7	0.1	12	57240	买盘
09:55:01	47.6	-0.11	38	180880	卖盘
09:54:56	47.71	0.01	21	100191	买盘
09:54:51	47.7	-0.08	10	47700	卖盘
09:54:46	47.78	-0.02	10	47780	买盘
09:54:36	47.8	-0.03	12	57360	卖盘
09:54:31	47.83	-0.05	4	19132	卖盘
09:54:21	47.88	-0.02	5	23940	卖盘
09:54:16	47.9	-0.1	2	9580	卖盘
09:54:11	48.0	--	0	0	买盘
09:54:06	48.0	--	145	700416	卖盘
09:54:01	48.0	-0.04	22	105984	卖盘
09:53:56	48.04	--	0	0	买盘
09:53:51	48.04	0.01	55	264220	买盘
09:53:46	48.03	--	2	9606	卖盘
09:53:41	48.03	-0.01	5	24015	卖盘
09:53:36	48.04	--	4	19216	买盘
09:53:31	48.04	0.01	17	81668	买盘
09:53:21	48.03	-0.01	1	4803	卖盘
09:53:16	48.04	-0.08	56	269024	卖盘
09:53:06	48.12	--	0	0	买盘
09:53:01	48.12	0.02	52	250224	买盘
09:52:56	48.1	--	4	19240	买盘
09:52:51	48.1	--	15	72150	卖盘
09:52:46	48.1	-0.01	22	105820	卖盘
09:52:41	48.11	-0.02	34	163574	卖盘
09:52:31	48.13	--	4	19252	买盘
09:52:26	48.13	-0.01	21	101073	卖盘
09:52:11	48.14	--	8	38512	卖盘
09:52:06	48.14	--	2	9628	卖盘
09:51:55	48.14	-0.01	5	24070	卖盘
09:51:51	48.15	0.01	4	19260	买盘
09:51:36	48.14	--	0	0	卖盘
09:51:31	48.14	-0.01	10	48140	卖盘
09:51:25	48.15	-0.03	8	38520	卖盘
09:51:10	48.18	-0.02	1	4818	卖盘
09:51:01	48.2	--	0	0	买盘
09:50:55	48.2	0.02	30	144600	买盘
09:50:46	48.18	0.03	2	9636	中性盘
09:50:40	48.15	0.01	11	52965	中性盘
09:50:36	48.14	-0.01	10	48140	卖盘
09:50:31	48.15	--	5	24075	买盘
09:50:25	48.15	-0.05	13	62595	卖盘
09:50:21	48.2	--	3	14460	买盘
09:50:16	48.2	0.05	22	106040	卖盘
09:50:10	48.15	--	1	4815	买盘
09:50:06	48.15	--	4	19260	卖盘
09:49:55	48.15	--	2	9630	卖盘
09:49:46	48.15	--	2	9630	卖盘
09:49:40	48.15	-0.08	2	9630	卖盘
09:49:35	48.23	--	4	19292	买盘
09:49:31	48.23	-0.01	29	139867	卖盘
09:49:25	48.24	0.01	1	4824	买盘
09:49:20	48.23	--	3	14468	卖盘
09:49:10	48.23	0.11	25	120574	买盘
09:49:01	48.12	--	13	62556	卖盘
09:48:55	48.12	--	4	19248	卖盘
09:48:45	48.12	--	1	4812	卖盘
09:48:40	48.12	--	7	33684	卖盘
09:48:25	48.12	-0.12	1	4812	卖盘
09:48:15	48.24	0.13	1	4824	买盘
09:48:10	48.11	--	0	0	卖盘
09:48:00	48.11	-0.04	3	14433	卖盘
09:47:55	48.15	--	0	0	中性盘
09:47:45	48.15	0.04	4	19260	买盘
09:47:40	48.11	-0.09	1	4811	买盘
09:47:35	48.2	--	2	9640	中性盘
09:47:30	48.2	--	0	0	中性盘
09:47:25	48.2	0.01	52	250640	买盘
09:47:20	48.19	0.01	7	33733	买盘
09:47:15	48.18	0.14	76	366649	买盘
09:47:10	48.04	-0.04	36	172944	卖盘
09:47:05	48.08	--	3	14424	买盘
09:46:55	48.08	--	17	81736	中性盘
09:46:50	48.08	-0.1	13	62504	卖盘
09:46:45	48.18	0.1	57	274626	买盘
09:46:40	48.08	-0.02	25	120200	卖盘
09:46:35	48.1	--	5	24050	买盘
09:46:30	48.1	--	7	33670	买盘
09:46:25	48.1	--	7	37999	卖盘
09:46:15	48.1	--	2	9620	卖盘
09:46:05	48.1	0.05	21	101491	买盘
09:46:00	48.05	-0.03	14	67270	卖盘
09:45:55	48.08	--	3	14424	买盘
09:45:50	48.08	--	4	19232	买盘
09:45:45	48.08	--	1	4808	买盘
09:45:40	48.08	-0.02	53	254824	中性盘
09:45:34	48.1	--	7	33670	买盘
09:45:30	48.1	--	6	28860	买盘
09:45:25	48.1	--	1	4810	买盘
09:45:19	48.1	--	8	38480	买盘
09:45:10	48.1	--	8	38480	买盘
09:45:04	48.1	-0.16	128	620009	卖盘
09:45:00	48.26	-0.02	2	9652	卖盘
09:44:55	48.28	0.02	14	67592	买盘
09:44:49	48.26	-0.02	73	352298	卖盘
09:44:40	48.28	-0.01	105	506940	卖盘
09:44:34	48.29	--	88	424952	买盘
09:44:30	48.29	--	30	144870	买盘
09:44:25	48.29	0.01	6	28974	买盘
09:44:19	48.28	--	31	149668	卖盘
09:44:15	48.28	0.03	5	24140	中性盘
09:44:10	48.25	0.09	11	53075	买盘
09:44:04	48.16	--	4	19264	卖盘
09:44:00	48.16	-0.07	31	149777	卖盘
09:43:55	48.23	0.07	37	178451	买盘
09:43:49	48.16	0.08	22	105951	买盘
09:43:44	48.08	-0.08	11	52888	卖盘
09:43:40	48.16	-0.07	10	48160	卖盘
09:43:34	48.23	-0.02	37	178451	买盘
09:43:25	48.25	0.1	90	434250	买盘
09:43:19	48.15	-0.01	72	346680	卖盘
09:43:14	48.16	--	4	19264	买盘
09:43:10	48.16	-0.13	18	86688	卖盘
09:43:04	48.29	--	87	420123	买盘
09:42:59	48.29	--	67	323543	买盘
09:42:55	48.29	--	21	101409	买盘
09:42:49	48.29	0.13	14	67606	买盘
09:42:44	48.16	-0.14	71	341936	卖盘
09:42:39	48.3	--	5	24150	买盘
09:42:34	48.3	-0.08	57	275310	中性盘
09:42:29	48.38	0.08	6	29028	买盘
09:42:24	48.3	-0.08	5	24150	卖盘
09:42:19	48.38	-0.07	11	53218	卖盘
09:42:14	48.45	-0.05	1	4845	卖盘
09:42:09	48.5	0.02	3	14550	买盘
09:42:04	48.48	-0.08	48	232703	卖盘
09:41:59	48.56	-0.02	5	24280	卖盘
09:41:49	48.58	-0.02	1	4858	卖盘
09:41:44	48.6	-0.01	21	102060	卖盘
09:41:39	48.61	--	1	4861	买盘
09:41:34	48.61	-0.04	30	145830	卖盘
09:41:29	48.65	--	11	53515	买盘
09:41:24	48.65	--	0	0	中性盘
09:41:19	48.65	--	29	141085	卖盘
09:41:09	48.65	--	9	43785	卖盘
09:41:04	48.65	-0.02	83	403795	卖盘
09:40:54	48.67	-0.01	21	102207	卖盘
09:40:49	48.68	-0.02	5	24340	卖盘
09:40:39	48.7	-0.03	1	4870	卖盘
09:40:34	48.73	-0.02	1	4873	中性盘
09:40:29	48.75	0.05	3	14625	买盘
09:40:24	48.7	-0.05	50	243500	卖盘
09:40:09	48.75	-0.03	15	73125	卖盘
09:40:04	48.78	--	3	14634	买盘
09:39:59	48.78	--	3	14634	买盘
09:39:54	48.78	--	11	53658	买盘
09:39:44	48.78	0.03	8	39024	卖盘
09:39:34	48.75	-0.03	18	87750	卖盘
09:39:28	48.78	-0.1	64	312192	卖盘
09:39:19	48.88	0.01	4	19552	买盘
09:39:13	48.87	--	0	0	买盘
09:39:04	48.87	0.07	6	29322	买盘
09:38:54	48.8	-0.08	3	14640	卖盘
09:38:43	48.88	0.08	3	14664	买盘
09:38:28	48.8	--	4	19520	卖盘
09:38:19	48.8	--	2	9760	卖盘
09:38:13	48.8	-0.05	1	4880	卖盘
09:38:09	48.85	0.07	3	14655	买盘
09:38:04	48.78	--	0	0	卖盘
09:37:58	48.78	--	0	0	中性盘
09:37:54	48.78	--	0	0	卖盘
09:37:49	48.78	-0.12	24	117072	卖盘
09:37:34	48.9	0.11	55	268950	买盘
09:37:28	48.79	-0.01	9	43911	卖盘
09:37:19	48.8	0.01	1	4880	买盘
09:37:08	48.79	0.01	3	14637	买盘
09:37:04	48.78	--	50	243900	卖盘
09:36:49	48.78	--	26	126828	买盘
09:36:43	48.78	--	1	4878	买盘
09:36:38	48.78	0.03	10	48780	买盘
09:36:34	48.75	0.03	1	4875	买盘
09:36:28	48.72	--	0	0	卖盘
09:36:23	48.72	-0.02	20	97440	卖盘
09:36:13	48.74	0.02	4	19496	买盘
09:36:08	48.72	-0.03	17	82824	卖盘
09:36:03	48.75	--	20	97500	买盘
09:35:58	48.75	--	2	9750	买盘
09:35:53	48.75	0.03	10	48750	买盘
09:35:48	48.72	--	5	24360	卖盘
09:35:43	48.72	--	12	58464	卖盘
09:35:38	48.72	--	12	58464	卖盘
09:35:33	48.72	--	36	175392	买盘
09:35:28	48.72	-0.03	26	126672	买盘
09:35:23	48.75	--	0	0	买盘
09:35:18	48.75	0.05	11	53625	买盘
09:35:13	48.7	--	8	38960	卖盘
09:35:03	48.7	--	24	116880	卖盘
09:34:58	48.7	0.02	2	9740	买盘
09:34:53	48.68	-0.04	3	14604	卖盘
09:34:48	48.72	0.04	3	14616	买盘
09:34:43	48.68	--	32	155776	卖盘
09:34:38	48.68	--	2	9736	卖盘
09:34:33	48.68	0.01	20	97360	买盘
09:34:28	48.67	--	1	4867	买盘
09:34:23	48.67	-0.01	35	170345	卖盘
09:34:18	48.68	-0.02	27	131436	中性盘
09:34:13	48.7	--	46	224020	买盘
09:34:03	48.7	0.03	36	175320	买盘
09:33:58	48.67	--	0	0	卖盘
09:33:48	48.67	-0.03	5	24335	卖盘
09:33:43	48.7	--	4	19480	买盘
09:33:38	48.7	--	1	4870	买盘
09:33:33	48.7	--	2	9740	买盘
09:33:28	48.7	-0.05	8	38960	卖盘
09:33:23	48.75	--	0	0	买盘
09:33:18	48.75	0.05	3	14625	买盘
09:33:13	48.7	-0.05	2	9740	卖盘
09:33:07	48.75	--	15	73125	卖盘
09:32:57	48.75	--	5	24375	卖盘
09:32:52	48.75	0.03	2	9750	卖盘
09:32:48	48.72	0.07	5	24360	买盘
09:32:43	48.65	-0.1	62	301630	卖盘
09:32:37	48.75	--	0	0	买盘
09:32:33	48.75	0.05	13	63375	买盘
09:32:28	48.7	-0.1	19	92530	卖盘
09:32:22	48.8	0.02	51	248880	买盘
09:32:18	48.78	-0.02	1	4878	卖盘
09:32:13	48.8	--	5	24400	买盘
09:32:07	48.8	-0.05	37	180560	卖盘
09:32:03	48.85	-0.04	17	83045	卖盘
09:31:58	48.89	-0.01	5	24445	卖盘
09:31:52	48.9	--	1	4890	买盘
09:31:43	48.9	-0.02	14	68460	卖盘
09:31:22	48.92	--	3	14676	买盘
09:31:13	48.92	--	1	4892	中性盘
09:31:07	48.92	-0.06	8	39136	卖盘
09:30:57	48.98	0.03	2	9796	卖盘
09:30:52	48.95	0.03	1	4895	中性盘
09:30:43	48.92	--	0	0	卖盘
09:30:37	48.92	-0.06	40	195680	卖盘
09:30:32	48.98	--	1	4898	卖盘
09:30:28	48.98	-0.02	3	14693	卖盘
09:30:07	49.0	--	70	343000	卖盘
09:28:46	49.0	--	0	0	卖盘
09:25:07	49.0	49	43	210700	买盘
