成交时间	成交价	价格变动	成交量(手)	成交额(元)	性质
15:00:00	9.18	--	0	0	卖盘
15:00:00	9.18	--	0	0	卖盘
14:59:59	9.18	--	100	91800	卖盘
14:59:53	9.18	--	1	918	卖盘
14:59:49	9.18	--	150	137700	买盘
14:59:44	9.18	--	20	18360	买盘
14:59:29	9.18	0.01	1	918	买盘
14:59:23	9.17	--	103	94451	卖盘
14:59:19	9.17	-0.01	105	96285	卖盘
14:59:14	9.18	--	11	10098	买盘
14:59:04	9.18	--	66	60588	买盘
14:58:59	9.18	--	55	50490	买盘
14:58:49	9.18	--	61	55998	买盘
14:58:44	9.18	--	70	64260	买盘
14:58:38	9.18	--	58	53244	买盘
14:58:34	9.18	--	5	4590	买盘
14:58:29	9.18	-0.01	219	201042	卖盘
14:58:23	9.19	0.01	3	2757	买盘
14:58:19	9.18	--	212	194616	卖盘
14:58:14	9.18	--	22	20196	卖盘
14:58:08	9.18	--	30	27540	卖盘
14:58:04	9.18	--	90	82620	卖盘
14:57:53	9.18	--	141	129438	卖盘
14:57:44	9.18	-0.01	22	20196	卖盘
14:57:38	9.19	0.01	17	15623	买盘
14:57:34	9.18	--	17	15606	卖盘
14:57:23	9.18	--	219	201042	买盘
14:57:19	9.18	--	97	89046	买盘
14:57:14	9.18	0.01	30	27540	买盘
14:57:08	9.17	--	118	108206	卖盘
14:57:04	9.17	--	48	44016	卖盘
14:56:59	9.17	--	95	87115	卖盘
14:56:44	9.17	--	5	4585	卖盘
14:56:38	9.17	0.01	7	6419	买盘
14:56:34	9.16	--	0	0	卖盘
14:56:29	9.16	-0.02	90	82440	卖盘
14:56:23	9.18	0.02	10	9180	买盘
14:56:14	9.16	--	185	169460	卖盘
14:56:08	9.16	-0.01	82	75112	卖盘
14:56:04	9.17	--	5	4585	买盘
14:55:53	9.17	--	9	8253	卖盘
14:55:44	9.17	0.01	9	8253	卖盘
14:55:38	9.16	-0.01	81	74196	卖盘
14:55:29	9.17	--	29	26593	卖盘
14:55:23	9.17	--	4	3668	卖盘
14:55:19	9.17	-0.01	1874	1718577	卖盘
14:55:14	9.18	0.01	1	918	买盘
14:54:58	9.17	-0.01	74	67858	卖盘
14:54:53	9.18	0.01	226	207468	买盘
14:54:49	9.17	-0.01	300	275100	卖盘
14:54:38	9.18	--	2	1836	买盘
14:54:28	9.18	--	4	3672	买盘
14:54:23	9.18	--	14	12852	买盘
14:54:08	9.18	--	30	27540	买盘
14:53:58	9.18	--	10	9180	买盘
14:53:53	9.18	--	115	105570	买盘
14:53:43	9.18	--	110	101778	卖盘
14:53:38	9.18	--	49	45101	买盘
14:53:32	9.18	--	7	6426	买盘
14:53:23	9.18	--	167	154104	卖盘
14:53:13	9.18	--	300	275400	卖盘
14:52:58	9.18	--	6	5508	卖盘
14:52:53	9.18	--	5	4590	卖盘
14:52:38	9.18	--	669	614261	买盘
14:52:28	9.18	--	11	10098	买盘
14:52:23	9.18	0.01	46	42228	买盘
14:52:13	9.17	-0.01	1	917	卖盘
14:52:02	9.18	--	4	3672	买盘
14:51:58	9.18	--	2	1836	买盘
14:51:47	9.18	--	104	95472	买盘
14:51:32	9.18	--	76	70566	卖盘
14:51:28	9.18	--	72	66215	买盘
14:51:17	9.18	--	170	156858	卖盘
14:51:08	9.18	--	20	18360	卖盘
14:51:02	9.18	--	4	3672	卖盘
14:50:53	9.18	--	97	89165	买盘
14:50:43	9.18	0.01	80	73440	买盘
14:50:38	9.17	-0.01	558	511686	卖盘
14:50:32	9.18	--	67	61506	买盘
14:50:28	9.18	--	7	6426	买盘
14:50:23	9.18	0.01	100	91800	买盘
14:50:17	9.17	-0.01	2	1834	卖盘
14:50:08	9.18	--	80	73440	买盘
14:49:58	9.18	0.01	47	43146	买盘
14:49:53	9.17	-0.01	12	11004	卖盘
14:49:32	9.18	--	1	918	买盘
14:49:28	9.18	--	22	20196	买盘
14:49:23	9.18	--	30	27540	买盘
14:49:17	9.18	--	50	45900	买盘
14:48:52	9.18	--	10	9180	买盘
14:48:38	9.18	--	11	10098	买盘
14:48:28	9.18	--	116	107286	卖盘
14:48:22	9.18	--	5	4590	卖盘
14:48:11	9.18	--	11	10098	卖盘
14:48:02	9.18	--	10	9180	卖盘
14:47:47	9.18	--	9	8262	卖盘
14:47:41	9.18	--	100	91800	卖盘
14:47:32	9.18	-0.01	41	37638	卖盘
14:47:26	9.19	0.01	3	2757	买盘
14:47:22	9.18	-0.01	227	208386	卖盘
14:47:02	9.19	--	2	1838	买盘
14:46:52	9.19	--	98	90062	买盘
14:46:37	9.19	0.01	33	30327	买盘
14:46:32	9.18	-0.01	8	7344	卖盘
14:46:22	9.19	--	20	18380	买盘
14:45:52	9.19	--	33	30327	买盘
14:45:47	9.19	0.01	1	919	买盘
14:45:41	9.18	-0.01	100	91800	卖盘
14:45:11	9.19	--	38	34922	买盘
14:44:56	9.19	0.01	20	18380	买盘
14:44:47	9.18	-0.01	217	199206	卖盘
14:44:26	9.19	--	18	16542	买盘
14:44:17	9.19	--	3	2757	买盘
14:44:07	9.19	--	11	10109	买盘
14:43:47	9.19	0.01	2	1838	买盘
14:43:37	9.18	--	0	0	卖盘
14:43:32	9.18	-0.01	164	150671	卖盘
14:43:26	9.19	0.01	257	236183	买盘
14:43:22	9.18	--	10	9180	卖盘
14:43:11	9.18	--	157	144126	卖盘
14:43:02	9.18	--	80	73440	卖盘
14:42:56	9.18	--	1	918	卖盘
14:42:26	9.18	--	11	10098	卖盘
14:42:11	9.18	--	684	627912	买盘
14:42:02	9.18	0.01	23	21114	买盘
14:41:56	9.17	-0.01	0	146	卖盘
14:41:47	9.18	--	43	39474	买盘
14:41:01	9.18	0.01	5	4590	买盘
14:40:56	9.17	--	9	8253	卖盘
14:40:26	9.17	--	25	22925	卖盘
14:39:41	9.17	--	22	20174	卖盘
14:39:35	9.17	--	7	6419	卖盘
14:39:31	9.17	-0.01	10	9170	卖盘
14:39:16	9.18	0.01	4	3672	买盘
14:38:56	9.17	-0.01	23	21091	卖盘
14:38:31	9.18	--	5	4590	买盘
14:38:26	9.18	--	14	12852	买盘
14:38:20	9.18	--	4	3672	买盘
14:38:05	9.18	0.01	100	91800	买盘
14:37:56	9.17	-0.01	200	183400	卖盘
14:37:50	9.18	0.01	30	27540	买盘
14:37:46	9.17	-0.01	14	12838	卖盘
14:37:35	9.18	0.01	311	285498	买盘
14:37:26	9.17	--	32	29344	卖盘
14:37:11	9.17	-0.01	20	18340	卖盘
14:37:05	9.18	0.01	39	35802	买盘
14:36:56	9.17	--	42	38514	卖盘
14:36:46	9.17	--	11	10087	卖盘
14:36:11	9.17	--	1	917	卖盘
14:36:05	9.17	--	9	8253	买盘
14:35:56	9.17	--	3	2751	卖盘
14:35:50	9.17	0.01	10	9170	中性盘
14:35:46	9.16	-0.01	240	220389	卖盘
14:35:41	9.17	--	12	11004	买盘
14:35:35	9.17	--	41	37597	买盘
14:35:31	9.17	--	6	5502	买盘
14:35:26	9.17	-0.01	318	291972	卖盘
14:35:14	9.18	--	210	192780	买盘
14:35:10	9.18	0.01	50	45900	买盘
14:35:05	9.17	--	3	2751	卖盘
14:34:55	9.17	-0.01	20	18340	卖盘
14:34:50	9.18	0.01	2	1836	买盘
14:34:44	9.17	--	10	9170	卖盘
14:34:40	9.17	--	120	110040	卖盘
14:34:35	9.17	--	15	13755	卖盘
14:34:29	9.17	-0.01	4	4218	卖盘
14:34:20	9.18	0.01	52	47736	买盘
14:34:05	9.17	--	128	117376	买盘
14:33:55	9.17	0.01	46	42182	买盘
14:33:50	9.16	--	1	916	卖盘
14:33:40	9.16	-0.01	23	21068	卖盘
14:33:20	9.17	--	13	11921	买盘
14:32:55	9.17	0.01	8	7336	买盘
14:32:50	9.16	-0.01	41	37556	卖盘
14:32:44	9.17	--	23	21091	买盘
14:32:35	9.17	--	121	110957	卖盘
14:32:25	9.17	--	15	13755	卖盘
14:32:10	9.17	--	50	45850	卖盘
14:32:05	9.17	--	13	11921	卖盘
14:31:59	9.17	--	42	38514	卖盘
14:31:55	9.17	--	1	917	卖盘
14:31:50	9.17	--	8	7336	卖盘
14:31:44	9.17	--	69	63273	卖盘
14:31:40	9.17	--	60	55020	卖盘
14:31:35	9.17	--	3	2751	卖盘
14:31:29	9.17	--	42	38514	卖盘
14:31:14	9.17	-0.01	37	33929	卖盘
14:30:59	9.18	0.01	211	193698	买盘
14:30:55	9.17	--	22	20174	卖盘
14:30:50	9.17	0.01	64	58688	中性盘
14:30:44	9.16	--	12	11688	卖盘
14:30:40	9.16	-0.02	7	6412	卖盘
14:30:35	9.18	0.02	10	9180	买盘
14:30:29	9.16	--	14	12824	卖盘
14:30:25	9.16	--	12	10992	卖盘
14:30:20	9.16	-0.01	192	175872	卖盘
14:30:14	9.17	--	105	96285	卖盘
14:30:10	9.17	--	19	17423	卖盘
14:30:05	9.17	-0.01	107	98119	卖盘
14:29:59	9.18	0.01	10	9180	买盘
14:29:55	9.17	--	75	69600	卖盘
14:29:50	9.17	--	7	6419	卖盘
14:29:44	9.17	--	468	429156	卖盘
14:29:40	9.17	--	12	11004	卖盘
14:29:35	9.17	-0.01	51	46767	卖盘
14:29:29	9.18	--	15	13770	卖盘
14:29:25	9.18	--	31	28458	卖盘
14:29:20	9.18	--	17	15606	卖盘
14:29:14	9.18	-0.01	11	10098	卖盘
14:29:10	9.19	--	10	9190	买盘
14:29:05	9.19	--	6	5514	买盘
14:28:49	9.19	0.01	6	5514	卖盘
14:28:44	9.18	-0.01	613	562734	卖盘
14:28:29	9.19	0.01	20	18380	买盘
14:28:14	9.18	--	40	36720	卖盘
14:27:59	9.18	--	1	918	卖盘
14:27:49	9.18	--	453	415854	买盘
14:27:34	9.18	0.01	7	6426	买盘
14:27:29	9.17	-0.01	50	45850	卖盘
14:27:19	9.18	0.01	20	18360	买盘
14:27:04	9.17	--	134	122878	卖盘
14:26:59	9.17	--	118	108206	卖盘
14:26:49	9.17	-0.01	41	37597	卖盘
14:26:44	9.18	0.01	20	18360	买盘
14:26:34	9.17	-0.01	75	68775	卖盘
14:26:29	9.18	--	88	80784	买盘
14:26:19	9.18	0.01	62	56916	买盘
14:26:04	9.17	-0.01	44	40348	卖盘
14:25:59	9.18	--	30	27540	买盘
14:25:53	9.18	--	6	5508	买盘
14:25:49	9.18	--	20	18360	买盘
14:25:44	9.18	-0.01	1248	1145664	卖盘
14:25:38	9.19	0.01	10	9190	买盘
14:25:34	9.18	-0.01	102	93636	卖盘
14:25:29	9.19	0.01	82	75358	买盘
14:25:19	9.18	--	24	22032	卖盘
14:25:08	9.18	--	29	26622	卖盘
14:24:59	9.18	--	33	30294	卖盘
14:24:49	9.18	-0.01	27	24786	卖盘
14:24:44	9.19	--	17	15623	买盘
14:24:38	9.19	--	4	3676	买盘
14:24:29	9.19	--	2	1838	卖盘
14:24:19	9.19	--	30	27570	卖盘
14:24:08	9.19	--	31	28489	卖盘
14:23:59	9.19	--	20	18380	卖盘
14:23:49	9.19	-0.01	34	31246	卖盘
14:23:38	9.2	0.02	22	20240	卖盘
14:23:34	9.18	--	0	0	卖盘
14:23:29	9.18	-0.02	33	30294	卖盘
14:23:14	9.2	--	12	11040	买盘
14:23:08	9.2	0.02	227	208839	买盘
14:23:03	9.18	--	50	45900	卖盘
14:22:59	9.18	--	21	19278	卖盘
14:22:43	9.18	--	15	13770	卖盘
14:22:38	9.18	--	30	27540	卖盘
14:22:28	9.18	0.01	22	20196	买盘
14:22:23	9.17	--	39	35763	卖盘
14:22:17	9.17	--	26	23842	卖盘
14:22:13	9.17	--	19	17423	卖盘
14:22:08	9.17	-0.01	21	19257	卖盘
14:21:58	9.18	0.01	25	22950	买盘
14:21:53	9.17	--	25	22925	卖盘
14:21:43	9.17	-0.01	29	26593	卖盘
14:21:38	9.18	0.01	35	32130	买盘
14:21:28	9.17	--	920	843640	卖盘
14:21:23	9.17	--	34	31178	卖盘
14:21:13	9.17	--	23	21091	卖盘
14:21:08	9.17	-0.01	19	17423	卖盘
14:21:02	9.18	0.01	10	9180	买盘
14:20:53	9.17	-0.01	33	30261	卖盘
14:20:47	9.18	--	5	4590	买盘
14:20:43	9.18	--	306	280908	买盘
14:20:38	9.18	--	278	255204	卖盘
14:20:23	9.18	--	16	14688	卖盘
14:20:13	9.18	-0.01	53	48654	卖盘
14:20:08	9.19	--	38	34922	买盘
14:20:02	9.19	0.01	79	72601	买盘
14:19:53	9.18	-0.01	28	25704	卖盘
14:19:43	9.19	0.01	83	76277	买盘
14:19:38	9.18	-0.01	16	14688	卖盘
14:19:28	9.19	0.01	17	15623	买盘
14:19:23	9.18	--	31	28458	卖盘
14:19:17	9.18	--	6	5508	卖盘
14:19:13	9.18	-0.01	31	28458	卖盘
14:19:08	9.19	0.01	3	2757	买盘
14:19:02	9.18	-0.01	28	25704	卖盘
14:18:58	9.19	0.01	20	18380	买盘
14:18:53	9.18	-0.01	16	14688	卖盘
14:18:47	9.19	--	10	9190	买盘
14:18:43	9.19	--	30	27570	买盘
14:18:38	9.19	--	83	76277	卖盘
14:18:32	9.19	--	25	22975	卖盘
14:18:28	9.19	--	100	91900	卖盘
14:18:23	9.19	-0.01	20	18380	卖盘
14:18:17	9.2	--	78	71760	买盘
14:18:08	9.2	0.01	111	102119	买盘
14:18:02	9.19	--	16	14704	卖盘
14:17:53	9.19	--	31	28489	卖盘
14:17:47	9.19	--	25	22975	卖盘
14:17:32	9.19	--	19	17461	卖盘
14:17:28	9.19	--	11	10109	卖盘
14:17:23	9.19	0.01	345	317055	买盘
14:17:17	9.18	-0.01	29	26622	卖盘
14:17:13	9.19	0.01	36	33084	买盘
14:17:02	9.18	--	31	28458	卖盘
14:16:58	9.18	--	15	13770	卖盘
14:16:53	9.18	--	75	68850	卖盘
14:16:47	9.18	--	21	19278	卖盘
14:16:38	9.18	--	61	55998	买盘
14:16:32	9.18	--	39	35802	卖盘
14:16:22	9.18	--	28	25704	卖盘
14:16:17	9.18	0.01	300	275400	买盘
14:16:11	9.17	--	99	90783	卖盘
14:16:07	9.17	--	15	13755	卖盘
14:16:02	9.17	-0.01	80	73360	卖盘
14:15:56	9.18	0.01	10	9180	买盘
14:15:52	9.17	-0.01	11	10087	卖盘
14:15:47	9.18	0.01	10	9180	买盘
14:15:41	9.17	-0.01	28	25676	卖盘
14:15:37	9.18	0.01	5	4590	买盘
14:15:32	9.17	-0.01	23	21091	卖盘
14:15:26	9.18	0.01	114	104652	买盘
14:15:22	9.17	--	67	61439	卖盘
14:15:11	9.17	-0.01	32	29344	卖盘
14:15:07	9.18	0.01	26	23868	买盘
14:15:02	9.17	-0.01	28	25676	卖盘
14:14:52	9.18	--	37	33966	买盘
14:14:37	9.18	--	17	15606	卖盘
14:14:32	9.18	--	31	28458	卖盘
14:14:22	9.18	--	33	30294	卖盘
14:14:17	9.18	-0.01	12	11016	卖盘
14:14:11	9.19	0.01	130	119470	买盘
14:14:07	9.18	0.01	11	10098	买盘
14:14:02	9.17	--	32	29344	卖盘
14:13:52	9.17	--	36	33012	卖盘
14:13:41	9.17	0.01	20	18340	中性盘
14:13:32	9.16	--	15	13740	卖盘
14:13:26	9.16	--	100	91600	卖盘
14:13:22	9.16	--	657	601812	买盘
14:13:17	9.16	--	436	399376	买盘
14:13:11	9.16	--	36	32976	买盘
14:13:07	9.16	0.01	2	1832	买盘
14:13:02	9.15	--	26	23790	卖盘
14:12:52	9.15	-0.01	85	77775	卖盘
14:12:47	9.16	-0.01	929	850964	卖盘
14:12:41	9.17	--	35	32095	卖盘
14:12:37	9.17	--	2	1834	卖盘
14:12:32	9.17	--	33	30261	卖盘
14:12:26	9.17	--	4	3668	卖盘
14:12:22	9.17	--	80	73360	卖盘
14:12:02	9.17	--	32	29344	卖盘
14:11:56	9.17	-0.01	11	10087	卖盘
14:11:52	9.18	--	0	0	买盘
14:11:41	9.18	--	8	7344	卖盘
14:11:37	9.18	--	10	9180	卖盘
14:11:32	9.18	--	18	16524	卖盘
14:11:26	9.18	0.02	1	918	卖盘
14:11:22	9.16	--	0	0	卖盘
14:11:17	9.16	-0.02	2000	1832000	卖盘
14:11:11	9.18	-0.01	27	24786	卖盘
14:11:07	9.19	0.01	1	919	买盘
14:11:02	9.18	-0.01	58	53244	卖盘
14:10:51	9.19	--	100	91900	买盘
14:10:47	9.19	--	6	5514	买盘
14:10:41	9.19	--	12	11028	卖盘
14:10:32	9.19	--	33	30327	卖盘
14:10:26	9.19	--	19	17461	卖盘
14:10:21	9.19	--	27	24813	卖盘
14:10:11	9.19	--	21	19299	卖盘
14:10:01	9.19	--	24	22056	卖盘
14:09:50	9.19	--	18	16542	卖盘
14:09:46	9.19	0.01	85	78115	买盘
14:09:41	9.18	-0.01	33	30294	卖盘
14:09:31	9.19	--	94	86386	买盘
14:09:26	9.19	0.01	300	275700	买盘
14:09:20	9.18	--	22	20196	卖盘
14:09:16	9.18	-0.01	171	156978	卖盘
14:09:11	9.19	--	39	35841	买盘
14:09:01	9.19	0.01	37	34003	买盘
14:08:50	9.18	--	26	23868	卖盘
14:08:41	9.18	--	30	27540	卖盘
14:08:35	9.18	--	84	77598	卖盘
14:08:31	9.18	-0.01	25	22950	卖盘
14:08:26	9.19	0.01	5	4595	买盘
14:08:16	9.18	--	22	20196	卖盘
14:08:11	9.18	--	27	24786	卖盘
14:08:01	9.18	--	30	27540	卖盘
14:07:50	9.18	-0.01	25	22950	卖盘
14:07:46	9.19	0.01	30	27570	买盘
14:07:41	9.18	--	19	17442	卖盘
14:07:35	9.18	--	4	3672	卖盘
14:07:31	9.18	--	98	89964	卖盘
14:07:20	9.18	--	28	25704	卖盘
14:07:11	9.18	0.01	31	28458	卖盘
14:07:01	9.17	-0.01	35	32095	卖盘
14:06:50	9.18	--	58	53244	买盘
14:06:46	9.18	--	6	5508	买盘
14:06:41	9.18	--	19	17442	卖盘
14:06:31	9.18	0.01	28	25704	卖盘
14:06:20	9.17	-0.01	22	20174	卖盘
14:06:16	9.18	0.01	24	22032	买盘
14:06:11	9.17	-0.01	32	29344	卖盘
14:06:01	9.18	0.01	73	67014	买盘
14:05:50	9.17	-0.01	75	68775	卖盘
14:05:46	9.18	0.01	10	9180	买盘
14:05:41	9.17	-0.01	27	24759	卖盘
14:05:35	9.18	0.01	10	9180	买盘
14:05:31	9.17	-0.01	23	21091	卖盘
14:05:20	9.18	0.01	20	18360	买盘
14:05:11	9.17	--	31	28427	卖盘
14:05:01	9.17	--	3	2751	卖盘
14:04:56	9.17	--	55	50435	卖盘
14:04:50	9.17	--	23	21091	卖盘
14:04:46	9.17	--	200	183400	卖盘
14:04:41	9.17	--	26	23842	卖盘
14:04:31	9.17	--	22	20174	卖盘
14:04:20	9.17	--	22	20174	卖盘
14:04:16	9.17	--	3	2751	卖盘
14:04:11	9.17	-0.01	50	45850	卖盘
14:04:01	9.18	--	42	38556	买盘
14:03:55	9.18	0.01	10	9180	买盘
14:03:50	9.17	--	16	14672	卖盘
14:03:45	9.17	-0.01	50	45850	卖盘
14:03:40	9.18	0.01	61	55998	买盘
14:03:35	9.17	-0.01	53	48601	卖盘
14:03:29	9.18	--	46	42228	买盘
14:03:25	9.18	0.01	31	28458	买盘
14:03:20	9.17	--	22	20174	卖盘
14:03:10	9.17	--	34	31178	卖盘
14:03:05	9.17	--	1	917	卖盘
14:02:59	9.17	--	29	26593	卖盘
14:02:55	9.17	--	34	31178	卖盘
14:02:50	9.17	--	79	72443	买盘
14:02:44	9.17	--	4	3668	买盘
14:02:40	9.17	--	140	128380	买盘
14:02:35	9.17	0.01	33	30261	买盘
14:02:29	9.16	-0.01	37	33892	卖盘
14:02:25	9.17	--	2	1834	买盘
14:02:20	9.17	--	92	84364	买盘
14:02:05	9.17	--	215	197420	卖盘
14:01:55	9.17	--	16	14672	卖盘
14:01:50	9.17	--	37	33929	卖盘
14:01:44	9.17	-0.01	136	124712	卖盘
14:01:40	9.18	--	42	38556	买盘
14:01:29	9.18	0.01	10	9180	买盘
14:01:25	9.17	-0.01	7	6419	卖盘
14:01:20	9.18	--	10	9180	买盘
14:01:10	9.18	0.01	232	212976	买盘
14:01:05	9.17	-0.01	100	91700	卖盘
14:00:59	9.18	0.01	43	39474	中性盘
14:00:55	9.17	--	12	11004	卖盘
14:00:50	9.17	-0.01	27	24759	卖盘
14:00:44	9.18	--	41	37638	买盘
14:00:40	9.18	0.01	27	24786	买盘
14:00:25	9.17	-0.01	107	98119	卖盘
14:00:20	9.18	--	65	59670	卖盘
14:00:14	9.18	-0.01	8	7344	卖盘
14:00:10	9.19	0.01	48	44112	买盘
14:00:05	9.18	--	4	3672	卖盘
13:59:59	9.18	-0.01	25	22950	卖盘
13:59:55	9.19	0.01	45	41355	买盘
13:59:50	9.18	--	33	30294	卖盘
13:59:44	9.18	-0.01	67	61506	卖盘
13:59:40	9.19	--	24	22056	买盘
13:59:35	9.19	0.01	15	13785	买盘
13:59:29	9.18	0.01	21	19278	卖盘
13:59:20	9.17	-0.01	34	31178	卖盘
13:59:14	9.18	--	83	76194	卖盘
13:59:10	9.18	0.01	68	62424	买盘
13:59:05	9.17	--	1	917	卖盘
13:58:59	9.17	--	73	66941	卖盘
13:58:44	9.17	--	495	454566	买盘
13:58:35	9.17	-0.02	1004	920933	卖盘
13:58:29	9.19	0.01	94	86569	买盘
13:58:20	9.18	-0.01	29	26622	卖盘
13:58:14	9.19	--	10	9190	买盘
13:58:09	9.19	0.01	53	48707	买盘
13:58:05	9.18	-0.01	297	272646	卖盘
13:57:59	9.19	--	29	26651	买盘
13:57:55	9.19	0.01	520	477880	买盘
13:57:49	9.18	-0.01	49	44982	卖盘
13:57:44	9.19	0.01	143	131417	买盘
13:57:38	9.18	-0.01	150	137700	卖盘
13:57:35	9.19	--	15	13785	买盘
13:57:29	9.19	--	55	50545	买盘
13:57:24	9.19	--	30	27570	买盘
13:57:19	9.19	--	10	9190	买盘
13:57:14	9.19	--	40	36760	买盘
13:57:10	9.19	-0.01	203	187292	卖盘
13:57:04	9.2	0.01	37	34040	买盘
13:56:59	9.19	-0.01	70	64330	卖盘
13:56:53	9.2	--	25	23000	买盘
13:56:49	9.2	0.01	22	20240	买盘
13:56:44	9.19	--	69	63411	卖盘
13:56:38	9.19	--	30	27570	卖盘
13:56:34	9.19	--	44	40436	卖盘
13:56:29	9.19	--	28	25732	卖盘
13:56:19	9.19	--	32	29408	卖盘
13:56:14	9.19	--	30	27570	卖盘
13:56:04	9.19	--	141	129579	卖盘
13:55:59	9.19	--	20	18380	卖盘
13:55:53	9.19	--	4	3676	卖盘
13:55:44	9.19	--	16	14704	卖盘
13:55:34	9.19	--	31	28489	卖盘
13:55:29	9.19	-0.01	25	22975	卖盘
13:55:19	9.2	0.01	54	49679	买盘
13:55:14	9.19	--	20	18380	卖盘
13:55:08	9.19	-0.01	102	93738	卖盘
13:55:04	9.2	--	71	65319	买盘
13:54:59	9.2	--	11	10350	卖盘
13:54:44	9.2	--	236	217119	卖盘
13:54:34	9.2	-0.01	25	23000	卖盘
13:54:29	9.21	0.01	24	22104	买盘
13:54:19	9.2	-0.01	35	32199	卖盘
13:53:59	9.21	--	50	46050	买盘
13:53:53	9.21	0.01	8	7368	买盘
13:53:49	9.2	-0.01	6	5520	卖盘
13:53:44	9.21	--	54	49734	卖盘
13:53:34	9.21	--	23	21183	卖盘
13:53:29	9.21	--	41	37761	卖盘
13:53:23	9.21	--	17	15657	卖盘
13:53:19	9.21	--	28	25788	卖盘
13:53:14	9.21	-0.01	31	28551	卖盘
13:53:08	9.22	--	30	27660	卖盘
13:53:04	9.22	--	19	17518	卖盘
13:52:59	9.22	--	57	52554	买盘
13:52:53	9.22	0.01	38	35036	买盘
13:52:49	9.21	--	7	6447	卖盘
13:52:44	9.21	-0.01	28	25788	卖盘
13:52:38	9.22	--	1	922	买盘
13:52:29	9.22	0.01	19	17518	买盘
13:52:23	9.21	-0.01	60	55260	卖盘
13:52:19	9.22	--	36	33192	买盘
13:52:13	9.22	0.01	6	5532	买盘
13:52:08	9.21	-0.01	7	6447	卖盘
13:51:59	9.22	--	22	20284	卖盘
13:51:48	9.22	--	20	18440	卖盘
13:51:43	9.22	--	28	25816	卖盘
13:51:38	9.22	--	23	21206	卖盘
13:51:23	9.22	-0.01	23	21206	卖盘
13:51:19	9.23	0.02	8	7384	买盘
13:51:14	9.21	--	32	29472	卖盘
13:51:08	9.21	-0.02	33	30393	卖盘
13:50:58	9.23	0.02	32	29536	买盘
13:50:43	9.21	--	23	21183	卖盘
13:50:38	9.21	--	17	15657	卖盘
13:50:32	9.21	--	33	30393	卖盘
13:50:29	9.21	--	32	29472	卖盘
13:50:17	9.21	-0.01	5	4605	卖盘
13:50:13	9.22	--	152	140144	买盘
13:50:08	9.22	0.01	156	143832	买盘
13:49:58	9.21	-0.01	15	13815	卖盘
13:49:47	9.22	0.01	6	5532	买盘
13:49:43	9.21	--	51	46971	卖盘
13:49:38	9.21	-0.01	15	13815	卖盘
13:49:28	9.22	0.01	73	67306	买盘
13:49:23	9.21	--	24	22104	卖盘
13:49:13	9.21	--	25	23025	卖盘
13:49:08	9.21	--	44	40524	买盘
13:49:02	9.21	0.01	7	6447	买盘
13:48:53	9.2	--	0	0	卖盘
13:48:43	9.2	-0.01	216	198719	卖盘
13:48:32	9.21	--	26	23946	买盘
13:48:28	9.21	0.01	50	46050	买盘
13:48:17	9.2	-0.01	20	18400	卖盘
13:48:13	9.21	--	4	3684	买盘
13:48:08	9.21	--	5	4605	卖盘
13:48:02	9.21	--	27	24867	卖盘
13:47:53	9.21	--	22	20262	卖盘
13:47:43	9.21	--	24	22104	卖盘
13:47:32	9.21	0.01	49	45129	卖盘
13:47:28	9.2	-0.01	60	55199	卖盘
13:47:23	9.21	--	50	46050	卖盘
13:47:02	9.21	--	22	20262	卖盘
13:46:58	9.21	0.01	56	51576	买盘
13:46:53	9.2	--	17	15639	卖盘
13:46:47	9.2	-0.01	18	16560	卖盘
13:46:23	9.21	0.01	16	14736	卖盘
13:46:17	9.2	-0.01	22	20240	卖盘
13:46:08	9.21	--	3	2763	卖盘
13:46:02	9.21	0.01	25	23715	买盘
13:45:53	9.2	-0.01	94	86480	卖盘
13:45:47	9.21	--	15	13815	买盘
13:45:43	9.21	--	20	18420	买盘
13:45:32	9.21	--	14	13124	卖盘
13:45:23	9.21	--	25	23715	卖盘
13:45:17	9.21	--	26	23946	卖盘
13:45:02	9.21	--	41	37761	卖盘
13:44:52	9.21	-0.01	26	23946	卖盘
13:44:41	9.22	0.01	5	4610	买盘
13:44:32	9.21	--	39	35919	卖盘
13:44:22	9.21	--	104	95784	卖盘
13:44:11	9.21	--	98	90258	卖盘
13:44:07	9.21	0.01	87	80127	买盘
13:44:02	9.2	--	20	18400	卖盘
13:43:52	9.2	--	34	31279	卖盘
13:43:41	9.2	--	53	48759	卖盘
13:43:37	9.2	--	40	36800	卖盘
13:43:32	9.2	--	43	39560	卖盘
13:43:22	9.2	0.01	89	81880	买盘
13:43:11	9.19	-0.01	32	29408	卖盘
13:43:07	9.2	0.01	4	3679	买盘
13:43:02	9.19	-0.01	51	46869	卖盘
13:42:56	9.2	0.01	4	3679	买盘
13:42:52	9.19	--	31	28489	卖盘
13:42:41	9.19	-0.01	16	14704	卖盘
13:42:37	9.2	0.01	40	36800	买盘
13:42:32	9.19	--	17	15623	卖盘
13:42:22	9.19	--	92	84548	卖盘
13:42:11	9.19	-0.01	26	23894	卖盘
13:42:07	9.2	--	2	1839	买盘
13:41:47	9.2	--	17	15639	卖盘
13:41:41	9.2	--	30	27599	卖盘
13:41:32	9.2	--	32	29439	卖盘
13:41:22	9.2	--	51	46920	卖盘
13:41:11	9.2	--	21	19320	卖盘
13:41:07	9.2	--	10	9200	卖盘
13:41:02	9.2	--	15	13799	卖盘
13:40:52	9.2	--	30	27599	卖盘
13:40:47	9.2	--	13	11959	卖盘
13:40:41	9.2	--	2	1839	卖盘
13:40:32	9.2	--	22	20240	卖盘
13:40:22	9.2	--	15	13799	卖盘
13:40:11	9.2	0.01	20	18400	卖盘
13:40:07	9.19	--	0	0	卖盘
13:40:01	9.19	-0.01	24	22056	卖盘
13:39:56	9.2	--	31	28519	买盘
13:39:52	9.2	-0.01	15	13799	中性盘
13:39:41	9.21	0.01	36	33156	买盘
13:39:31	9.2	0.01	148	136160	买盘
13:39:26	9.19	--	5	4595	卖盘
13:39:22	9.19	-0.01	30	27570	卖盘
13:39:16	9.2	0.01	71	65319	买盘
13:39:11	9.19	-0.01	24	22056	卖盘
13:39:07	9.2	--	37	34040	买盘
13:39:01	9.2	--	21	19320	买盘
13:38:56	9.2	--	12	11040	买盘
13:38:46	9.2	--	11	10120	卖盘
13:38:41	9.2	--	28	25759	卖盘
13:38:31	9.2	--	39	35880	卖盘
13:38:20	9.2	--	24	22080	卖盘
13:38:16	9.2	0.01	78	71760	买盘
13:38:11	9.19	-0.01	18	16542	卖盘
13:38:01	9.2	0.01	134	123279	买盘
13:37:56	9.19	--	27	24813	卖盘
13:37:41	9.19	-0.01	29	26651	卖盘
13:37:31	9.2	--	27	24839	买盘
13:37:16	9.2	--	213	195959	卖盘
13:37:11	9.2	--	27	24839	卖盘
13:37:01	9.2	--	21	19320	卖盘
13:36:56	9.2	--	55	50599	卖盘
13:36:50	9.2	--	22	20240	卖盘
13:36:41	9.2	--	24	22080	卖盘
13:36:31	9.2	--	26	23919	卖盘
13:36:20	9.2	-0.01	20	18400	卖盘
13:36:11	9.21	0.01	38	34998	买盘
13:36:01	9.2	-0.01	29	26679	卖盘
13:35:56	9.21	0.01	25	23025	买盘
13:35:41	9.2	-0.01	19	17480	卖盘
13:35:31	9.21	--	21	19341	卖盘
13:35:26	9.21	0.01	127	116967	买盘
13:35:20	9.2	-0.01	267	245639	卖盘
13:35:16	9.21	0.01	27	24867	买盘
13:35:11	9.2	--	74	68080	卖盘
13:35:01	9.2	--	73	67160	卖盘
13:34:56	9.2	--	1	919	卖盘
13:34:50	9.2	--	19	17480	卖盘
13:34:41	9.2	--	33	30359	卖盘
13:34:31	9.2	--	34	31279	卖盘
13:34:26	9.2	--	48	44160	卖盘
13:34:20	9.2	-0.01	30	27599	卖盘
13:34:11	9.21	0.01	51	46971	买盘
13:34:01	9.2	--	19	17480	卖盘
13:33:55	9.2	--	40	36800	卖盘
13:33:50	9.2	-0.01	22	20240	卖盘
13:33:46	9.21	0.01	20	18420	买盘
13:33:40	9.2	--	17	15639	卖盘
13:33:31	9.2	--	20	18400	卖盘
13:33:20	9.2	--	4	3679	卖盘
13:33:10	9.2	--	22	20240	卖盘
13:33:01	9.2	--	17	15639	卖盘
13:32:50	9.2	--	32	29439	卖盘
13:32:40	9.2	-0.01	26	23919	卖盘
13:32:35	9.21	0.01	66	60786	买盘
13:32:30	9.2	-0.01	28	25759	卖盘
13:32:25	9.21	0.01	35	32235	中性盘
13:32:20	9.2	-0.01	22	20240	卖盘
13:32:10	9.21	0.01	26	23946	买盘
13:32:00	9.2	-0.01	31	28519	卖盘
13:31:55	9.21	0.01	16	14736	买盘
13:31:50	9.2	-0.01	12	11040	卖盘
13:31:40	9.21	--	5	4605	买盘
13:31:35	9.21	--	12	11558	卖盘
13:31:30	9.21	--	22	20262	卖盘
13:31:25	9.21	0.01	51	47385	买盘
13:31:20	9.2	-0.01	29	26679	卖盘
13:31:10	9.21	--	50	46050	买盘
13:30:59	9.21	--	25	23531	卖盘
13:30:50	9.21	-0.01	20	18420	卖盘
13:30:44	9.22	0.01	2	1844	买盘
13:30:40	9.21	--	35	32235	卖盘
13:30:29	9.21	--	20	18420	卖盘
13:30:25	9.21	--	5	4605	卖盘
13:30:20	9.21	--	35	32235	卖盘
13:30:14	9.21	--	5	5019	卖盘
13:30:10	9.21	-0.01	30	27630	卖盘
13:30:05	9.22	0.01	1	922	买盘
13:29:59	9.21	--	73	67233	卖盘
13:29:55	9.21	--	5	4605	卖盘
13:29:50	9.21	--	18	16578	卖盘
13:29:40	9.21	--	8	7368	卖盘
13:29:35	9.21	0.01	31	28551	买盘
13:29:25	9.2	-0.01	41	37720	卖盘
13:29:20	9.21	0.01	32	29472	买盘
13:29:10	9.2	-0.01	18	16560	卖盘
13:29:05	9.21	0.01	11	10131	买盘
13:28:55	9.2	--	67	61639	卖盘
13:28:50	9.2	--	27	24839	卖盘
13:28:40	9.2	--	21	19320	卖盘
13:28:25	9.2	--	40	36800	卖盘
13:28:20	9.2	0.01	23	21160	卖盘
13:28:10	9.19	-0.01	32	29408	卖盘
13:28:05	9.2	0.01	4	3679	中性盘
13:27:59	9.19	--	0	0	卖盘
13:27:55	9.19	-0.01	27	24813	卖盘
13:27:50	9.2	0.01	21	19320	卖盘
13:27:44	9.19	--	0	0	卖盘
13:27:40	9.19	-0.01	16	14704	卖盘
13:27:29	9.2	-0.01	18	16560	卖盘
13:27:19	9.21	0.02	22	20262	中性盘
13:27:14	9.19	--	5	4595	卖盘
13:27:09	9.19	--	54	49626	卖盘
13:27:04	9.19	--	64	58816	卖盘
13:26:59	9.19	--	131	120389	卖盘
13:26:55	9.19	-0.01	7	6433	卖盘
13:26:49	9.2	0.01	99	91080	买盘
13:26:44	9.19	--	31	28489	卖盘
13:26:40	9.19	--	5	4595	卖盘
13:26:34	9.19	-0.01	111	102009	卖盘
13:26:29	9.2	0.01	44	40664	买盘
13:26:25	9.19	--	19	17461	卖盘
13:26:19	9.19	--	17	15623	卖盘
13:26:14	9.19	--	29	26651	卖盘
13:26:09	9.19	--	0	0	卖盘
13:26:04	9.19	-0.03	163	149797	卖盘
13:25:59	9.22	0.02	451	415822	买盘
13:25:49	9.2	--	130	119599	卖盘
13:25:39	9.2	--	142	130639	卖盘
13:25:34	9.2	--	30	27599	卖盘
13:25:29	9.2	-0.01	77	70840	卖盘
13:25:23	9.21	--	41	37761	卖盘
13:25:19	9.21	--	31	28551	卖盘
13:25:14	9.21	--	44	40524	中性盘
13:25:08	9.21	0.01	50	46050	中性盘
13:25:04	9.2	--	40	36800	卖盘
13:24:59	9.2	--	193	177560	卖盘
13:24:53	9.2	--	25	23000	卖盘
13:24:49	9.2	--	59	54279	卖盘
13:24:44	9.2	--	44	40480	卖盘
13:24:38	9.2	--	9	8280	卖盘
13:24:34	9.2	--	123	113159	卖盘
13:24:29	9.2	-0.02	92	84640	卖盘
13:24:23	9.22	0.02	15	13830	买盘
13:24:19	9.2	--	71	65319	卖盘
13:24:14	9.2	--	44	40480	卖盘
13:24:08	9.2	--	0	0	卖盘
13:24:04	9.2	--	103	94759	卖盘
13:23:59	9.2	--	54	49679	卖盘
13:23:49	9.2	-0.01	113	103959	卖盘
13:23:44	9.21	--	109	100389	买盘
13:23:34	9.21	--	66	60786	买盘
13:23:29	9.21	--	13	11973	卖盘
13:23:23	9.21	--	30	27630	卖盘
13:23:19	9.21	0.01	97	89337	卖盘
13:23:14	9.2	--	68	62559	卖盘
13:23:08	9.2	--	0	0	卖盘
13:23:04	9.2	-0.01	143	131560	卖盘
13:22:59	9.21	--	46	42366	卖盘
13:22:49	9.21	0.01	88	81048	中性盘
13:22:44	9.2	-0.01	38	34960	卖盘
13:22:38	9.21	0.01	35	32235	中性盘
13:22:34	9.2	--	55	50599	卖盘
13:22:29	9.2	--	67	61639	卖盘
13:22:23	9.2	--	116	106719	卖盘
13:22:19	9.2	-0.01	44	40480	卖盘
13:22:14	9.21	--	56	51576	卖盘
13:22:08	9.21	0.01	75	69075	卖盘
13:22:04	9.2	--	0	0	卖盘
13:21:59	9.2	--	133	122359	卖盘
13:21:49	9.2	--	66	60719	卖盘
13:21:44	9.2	--	97	89240	卖盘
13:21:38	9.2	--	61	56119	卖盘
13:21:34	9.2	-0.04	30	27599	卖盘
13:21:29	9.24	0.03	53	48972	买盘
13:21:23	9.21	--	33	30393	卖盘
13:21:19	9.21	0.01	67	61707	中性盘
13:21:14	9.2	--	36	33120	卖盘
13:21:08	9.2	--	0	0	卖盘
13:21:04	9.2	--	117	107639	卖盘
13:20:59	9.2	--	86	79120	卖盘
13:20:49	9.2	--	37	34040	卖盘
13:20:43	9.2	--	172	158240	卖盘
13:20:38	9.2	--	28	25759	卖盘
13:20:33	9.2	--	75	69000	卖盘
13:20:28	9.2	-0.01	167	153640	卖盘
13:20:23	9.21	--	58	53418	卖盘
13:20:18	9.21	-0.01	105	96705	卖盘
13:20:13	9.22	0.01	56	51632	中性盘
13:20:08	9.21	-0.03	43	39603	卖盘
13:20:03	9.24	--	66	60984	买盘
13:19:58	9.24	0.02	89	82236	买盘
13:19:53	9.22	0.01	75	69150	中性盘
13:19:48	9.21	-0.01	50	46050	卖盘
13:19:43	9.22	--	25	23050	卖盘
13:19:38	9.22	-0.02	159	146598	卖盘
13:19:34	9.24	0.02	30	27720	买盘
13:19:28	9.22	--	104	95888	卖盘
13:19:23	9.22	--	33	30426	卖盘
13:19:18	9.22	0.01	253	233266	卖盘
13:19:13	9.21	--	0	0	卖盘
13:19:08	9.21	--	193	177753	卖盘
13:18:58	9.21	--	202	186042	卖盘
13:18:53	9.21	0.01	39	35919	卖盘
13:18:47	9.2	--	0	0	卖盘
13:18:43	9.2	-0.01	190	174800	卖盘
13:18:38	9.21	--	16	14736	买盘
13:18:28	9.21	--	60	55260	卖盘
13:18:23	9.21	-0.01	105	96705	卖盘
13:18:17	9.22	-0.01	43	39646	卖盘
13:18:13	9.23	0.02	35	32305	买盘
13:18:08	9.21	-0.04	37	34077	卖盘
13:18:02	9.25	0.01	131	121175	买盘
13:17:58	9.24	0.02	95	87780	买盘
13:17:53	9.22	--	27	24894	卖盘
13:17:47	9.22	--	53	48866	卖盘
13:17:43	9.22	--	110	101420	买盘
13:17:38	9.22	0.01	425	391850	买盘
13:17:32	9.21	-0.01	45	41445	卖盘
13:17:28	9.22	--	79	72838	买盘
13:17:23	9.22	0.01	103	94966	买盘
13:17:17	9.21	--	74	68154	卖盘
13:17:13	9.21	--	84	77364	卖盘
13:17:08	9.21	--	106	97626	卖盘
13:16:58	9.21	0.01	95	87495	卖盘
13:16:53	9.2	--	0	0	卖盘
13:16:47	9.2	--	115	105799	卖盘
13:16:43	9.2	-0.01	58	53359	卖盘
13:16:38	9.21	0.01	55	50655	买盘
13:16:32	9.2	--	60	55199	卖盘
13:16:28	9.2	--	108	99359	卖盘
13:16:23	9.2	--	46	42320	卖盘
13:16:17	9.2	-0.02	51	46920	卖盘
13:16:13	9.22	--	41	37802	买盘
13:16:08	9.22	0.02	58	53476	买盘
13:16:02	9.2	-0.02	143	131560	卖盘
13:15:58	9.22	0.01	49	45178	买盘
13:15:53	9.21	--	31	28551	卖盘
13:15:47	9.21	0.01	35	32235	中性盘
13:15:43	9.2	--	119	109479	卖盘
13:15:38	9.2	--	29	26679	卖盘
13:15:28	9.2	--	114	104879	卖盘
13:15:23	9.2	-0.01	54	49679	卖盘
13:15:17	9.21	--	42	38682	卖盘
13:15:13	9.21	0.01	54	49734	卖盘
13:15:08	9.2	--	101	92920	卖盘
13:15:02	9.2	-0.01	54	49679	卖盘
13:14:58	9.21	--	55	50655	买盘
13:14:53	9.21	0.01	80	73680	买盘
13:14:47	9.2	--	48	44160	卖盘
13:14:43	9.2	-0.01	60	55199	卖盘
13:14:38	9.21	0.01	44	40524	卖盘
13:14:32	9.2	--	0	0	卖盘
13:14:28	9.2	--	169	155480	卖盘
13:14:17	9.2	-0.01	104	95679	卖盘
13:14:12	9.21	0.01	34	31314	中性盘
13:14:07	9.2	-0.01	68	62559	卖盘
13:14:02	9.21	--	100	92100	卖盘
13:13:57	9.21	0.01	67	61707	卖盘
13:13:52	9.2	--	45	41400	卖盘
13:13:47	9.2	-0.02	140	128799	卖盘
13:13:42	9.22	0.02	5	4610	买盘
13:13:37	9.2	-0.02	81	74520	卖盘
13:13:32	9.22	0.01	60	55320	买盘
13:13:27	9.21	-0.01	69	63549	卖盘
13:13:22	9.22	--	62	57164	买盘
13:13:17	9.22	0.01	50	46100	买盘
13:13:12	9.21	--	96	88416	卖盘
13:13:07	9.21	--	73	67233	卖盘
13:13:02	9.21	--	85	78285	卖盘
13:12:57	9.21	--	17	15657	卖盘
13:12:52	9.21	0.01	75	69075	中性盘
13:12:47	9.2	-0.01	124	114079	卖盘
13:12:42	9.21	--	81	74601	卖盘
13:12:37	9.21	--	57	52497	卖盘
13:12:32	9.21	-0.01	84	77364	卖盘
13:12:27	9.22	0.01	20	18440	买盘
13:12:22	9.21	--	78	71838	卖盘
13:12:17	9.21	-0.01	84	77364	卖盘
13:12:11	9.22	--	70	64540	卖盘
13:12:07	9.22	-0.01	54	49788	卖盘
13:12:02	9.23	--	72	66456	买盘
13:11:52	9.23	--	10	9230	买盘
13:11:47	9.23	-0.02	20	18967	卖盘
13:11:42	9.25	--	251	232175	卖盘
13:11:32	9.25	--	2	1850	卖盘
13:11:22	9.25	0.02	433	400941	买盘
13:11:02	9.23	0.01	5	4615	卖盘
13:10:41	9.22	--	0	0	卖盘
13:10:26	9.22	--	20	18440	卖盘
13:10:17	9.22	-0.01	18	16596	卖盘
13:10:11	9.23	0.01	4	3692	买盘
13:09:52	9.22	0.02	32	29504	买盘
13:09:47	9.2	--	30	27599	卖盘
13:09:32	9.2	--	6	5520	卖盘
13:08:52	9.2	0.01	238	218959	买盘
13:08:47	9.19	-0.01	10	9190	卖盘
13:08:32	9.2	-0.01	212	195039	卖盘
13:08:22	9.21	0.01	10	9210	买盘
13:08:17	9.2	--	1	919	卖盘
13:08:07	9.2	--	114	104879	卖盘
13:08:02	9.2	-0.01	21	19320	卖盘
13:07:41	9.21	--	12	11052	买盘
13:07:32	9.21	-0.01	248	229319	卖盘
13:07:26	9.22	--	4	3688	卖盘
13:07:21	9.22	--	11	10142	卖盘
13:07:16	9.22	-0.01	7	6454	卖盘
13:06:51	9.23	--	1	923	买盘
13:06:46	9.23	--	4	3692	卖盘
13:06:41	9.23	--	5	4615	卖盘
13:05:41	9.23	--	17	15691	买盘
13:05:31	9.23	--	10	9230	买盘
13:05:16	9.23	--	2	1846	买盘
13:05:11	9.23	0.01	31	28613	买盘
13:05:01	9.22	-0.01	0	9	卖盘
13:04:46	9.23	--	18	16614	买盘
13:04:01	9.23	--	6	5538	买盘
13:03:56	9.23	--	3	2769	卖盘
13:03:11	9.23	-0.01	15	13845	卖盘
13:02:46	9.24	0.01	30	27720	买盘
13:02:35	9.23	-0.01	10	9230	卖盘
13:02:20	9.24	--	2	1848	买盘
13:02:01	9.24	-0.01	9	8316	卖盘
13:01:56	9.25	0.01	53	49025	买盘
13:01:46	9.24	-0.01	2	1848	卖盘
13:01:35	9.25	--	10	9250	买盘
13:01:16	9.25	0.01	5	4625	买盘
13:01:05	9.24	-0.01	9	8316	卖盘
13:00:25	9.25	-0.01	177	164233	卖盘
13:00:15	9.26	-0.01	15	13890	卖盘
13:00:11	9.27	0.03	671	622424	买盘
13:00:05	9.24	--	211	194973	卖盘
11:30:00	9.24	--	0	0	卖盘
11:29:59	9.24	-0.01	2	1848	卖盘
11:29:46	9.25	--	2	1850	买盘
11:29:21	9.25	0.01	48	44400	买盘
11:28:36	9.24	-0.01	10	9240	卖盘
11:28:31	9.25	0.01	129	119325	买盘
11:28:21	9.24	-0.01	12	11088	卖盘
11:28:16	9.25	--	10	9250	买盘
11:28:10	9.25	0.01	55	50875	买盘
11:28:06	9.24	-0.01	2	1848	卖盘
11:28:01	9.25	0.01	5	4625	买盘
11:27:55	9.24	-0.01	32	29568	卖盘
11:27:46	9.25	0.01	42	38850	买盘
11:27:40	9.24	-0.01	50	46200	卖盘
11:27:36	9.25	--	94	86950	买盘
11:27:31	9.25	--	72	66600	买盘
11:27:21	9.25	0.01	3	2775	买盘
11:27:01	9.24	-0.01	90	83160	卖盘
11:26:55	9.25	--	10	9250	买盘
11:26:51	9.25	0.01	235	217375	买盘
11:26:46	9.24	-0.01	5	4620	卖盘
11:26:40	9.25	0.01	6	5550	买盘
11:26:36	9.24	--	100	92400	卖盘
11:26:25	9.24	--	30	27720	卖盘
11:26:16	9.24	0.01	93	85932	买盘
11:26:10	9.23	--	20	18460	卖盘
11:25:51	9.23	--	32	29536	买盘
11:25:46	9.23	--	10	9230	买盘
11:25:40	9.23	--	113	104299	买盘
11:25:36	9.23	--	10	9230	买盘
11:25:31	9.23	0.02	50	46150	买盘
11:25:25	9.21	-0.01	15	13815	卖盘
11:25:16	9.22	0.01	162	149364	买盘
11:25:01	9.21	--	430	396030	卖盘
11:24:55	9.21	--	14	12894	买盘
11:24:51	9.21	--	30	27630	买盘
11:24:46	9.21	--	1	921	买盘
11:24:40	9.21	--	3	2763	卖盘
11:24:36	9.21	--	15	13815	买盘
11:24:16	9.21	--	85	78285	卖盘
11:23:55	9.21	--	91	83811	买盘
11:23:46	9.21	--	1	921	买盘
11:23:34	9.21	0.01	9	8289	买盘
11:23:30	9.2	-0.01	3	2760	卖盘
11:23:25	9.21	0.01	3	2763	买盘
11:23:15	9.2	--	14	12879	卖盘
11:23:00	9.2	--	25	23000	买盘
11:22:55	9.2	-0.02	21	19320	买盘
11:22:45	9.22	0.03	24	22128	买盘
11:22:40	9.19	--	91	83629	卖盘
11:22:30	9.19	--	8	7352	卖盘
11:22:25	9.19	--	116	106604	买盘
11:22:19	9.19	--	26	23894	买盘
11:22:10	9.19	--	16	14704	买盘
11:22:04	9.19	--	10	9190	买盘
11:21:45	9.19	--	21	19299	买盘
11:21:40	9.19	0.01	38	34922	买盘
11:21:30	9.18	-0.01	30	27540	卖盘
11:21:25	9.19	0.01	5	4595	买盘
11:21:15	9.18	-0.01	25	22950	卖盘
11:21:10	9.19	0.01	49	45031	买盘
11:21:04	9.18	--	10	9180	卖盘
11:21:00	9.18	--	10	9180	卖盘
11:20:55	9.18	--	0	0	卖盘
11:20:45	9.18	-0.02	291	267138	卖盘
11:20:40	9.2	--	12	11040	卖盘
11:20:34	9.2	--	10	9200	卖盘
11:20:30	9.2	--	10	9200	卖盘
11:20:25	9.2	-0.01	99	91080	卖盘
11:20:19	9.21	0.01	52	47892	买盘
11:20:15	9.2	-0.01	10	9200	卖盘
11:20:04	9.21	--	3	2763	卖盘
11:19:55	9.21	--	12	11052	卖盘
11:19:49	9.21	--	441	406161	卖盘
11:19:30	9.21	--	18	16578	卖盘
11:19:25	9.21	-0.01	10	9210	卖盘
11:19:19	9.22	0.01	20	18440	买盘
11:19:10	9.21	--	2	1842	卖盘
11:19:04	9.21	--	23	21183	卖盘
11:19:00	9.21	-0.01	5	4605	卖盘
11:18:55	9.22	--	1	922	卖盘
11:18:49	9.22	--	9	8298	卖盘
11:18:45	9.22	0.01	119	109718	买盘
11:18:40	9.21	-0.01	8	7368	卖盘
11:18:10	9.22	--	16	14752	买盘
11:17:58	9.22	--	7	6454	卖盘
11:17:55	9.22	--	3	2766	买盘
11:17:25	9.22	--	14	12908	买盘
11:17:19	9.22	--	15	13830	买盘
11:17:04	9.22	--	11	10142	买盘
11:16:43	9.22	--	5	4610	买盘
11:16:39	9.22	--	15	13830	卖盘
11:16:34	9.22	-0.01	65	59930	卖盘
11:16:28	9.23	--	23	21229	买盘
11:16:19	9.23	--	15	13845	买盘
11:15:54	9.23	0.01	35	32305	买盘
11:15:34	9.22	0.01	1	922	卖盘
11:15:24	9.21	--	0	0	卖盘
11:15:13	9.21	-0.01	4	3684	卖盘
11:15:09	9.22	--	9	8298	买盘
11:15:04	9.22	--	43	39646	买盘
11:14:49	9.22	--	63	58086	买盘
11:14:34	9.22	-0.01	4	3688	中性盘
11:14:04	9.23	--	0	0	买盘
11:13:58	9.23	--	4	3692	买盘
11:13:54	9.23	0.02	100	92300	买盘
11:13:49	9.21	-0.02	90	82890	卖盘
11:13:34	9.23	--	1	923	卖盘
11:13:24	9.23	0.05	4	3692	买盘
11:13:19	9.18	-0.04	2279	2092131	卖盘
11:13:13	9.22	--	18	16596	买盘
11:13:04	9.22	--	22	20284	买盘
11:12:58	9.22	--	3	2766	买盘
11:12:49	9.22	--	16	14752	买盘
11:12:43	9.22	-0.01	1259	1161710	卖盘
11:12:34	9.23	-0.01	200	184600	卖盘
11:12:19	9.24	--	0	0	买盘
11:12:13	9.24	--	292	269808	买盘
11:12:08	9.24	0.01	5	4620	买盘
11:11:58	9.23	--	35	32305	卖盘
11:11:49	9.23	-0.01	6	5538	卖盘
11:11:43	9.24	--	12	11088	买盘
11:11:34	9.24	--	31	28644	买盘
11:11:28	9.24	0.01	1	924	买盘
11:10:52	9.23	--	20	18460	卖盘
11:10:33	9.23	--	157	144920	买盘
11:10:28	9.23	0.01	12	11076	买盘
11:10:03	9.22	--	10	9220	卖盘
11:09:58	9.22	-0.01	17	15674	卖盘
11:09:48	9.23	0.01	10	9230	买盘
11:09:43	9.22	--	10	9220	卖盘
11:09:33	9.22	--	3	2766	卖盘
11:09:28	9.22	--	1	922	卖盘
11:09:07	9.22	--	1	922	卖盘
11:09:03	9.22	-0.01	20	18440	卖盘
11:08:48	9.23	-0.01	172	159669	卖盘
11:08:28	9.24	0.01	63	58212	买盘
11:08:13	9.23	--	40	36920	卖盘
11:07:52	9.23	--	19	17537	卖盘
11:07:43	9.23	-0.01	98	90454	卖盘
11:07:37	9.24	0.01	21	19404	买盘
11:07:28	9.23	-0.01	180	166140	卖盘
11:07:22	9.24	--	10	9240	买盘
11:07:03	9.24	0.01	14	12936	买盘
11:06:37	9.23	--	71	65533	卖盘
11:06:28	9.23	-0.01	10	9230	卖盘
11:06:22	9.24	--	214	197736	卖盘
11:06:18	9.24	0.01	47	43428	买盘
11:06:13	9.23	-0.01	5	4615	卖盘
11:06:07	9.24	--	48	44352	买盘
11:05:52	9.24	-0.01	187	172788	卖盘
11:05:43	9.25	0.01	2	1850	买盘
11:05:37	9.24	--	9	8316	卖盘
11:05:28	9.24	--	70	64680	买盘
11:05:16	9.24	--	3	2772	买盘
11:05:01	9.24	0.01	214	197736	买盘
11:04:43	9.23	-0.01	40	36920	卖盘
11:04:31	9.24	--	50	46200	买盘
11:04:22	9.24	0.01	330	304920	买盘
11:04:12	9.23	--	5	4615	卖盘
11:04:07	9.23	--	1	923	卖盘
11:03:57	9.23	--	68	62764	卖盘
11:03:52	9.23	--	14	12922	卖盘
11:03:42	9.23	--	70	64610	卖盘
11:03:27	9.23	-0.01	50	46150	卖盘
11:03:22	9.24	0.01	80	73920	买盘
11:03:12	9.23	--	20	18460	卖盘
11:02:57	9.23	--	10	9230	卖盘
11:02:42	9.23	--	3	2769	卖盘
11:02:31	9.23	--	51	47073	卖盘
11:02:16	9.23	--	12	11076	卖盘
11:02:12	9.23	-0.01	117	107991	卖盘
11:02:07	9.24	--	219	202356	卖盘
11:01:42	9.24	--	60	55440	卖盘
11:01:37	9.24	--	30	27720	卖盘
11:01:22	9.24	--	196	181104	买盘
11:01:16	9.24	0.01	35	32340	买盘
11:01:12	9.23	-0.01	20	18460	卖盘
11:01:07	9.24	--	5	4620	买盘
11:01:01	9.24	--	36	33264	买盘
11:00:57	9.24	--	30	27720	买盘
11:00:46	9.24	--	94	86856	买盘
11:00:37	9.24	--	5	4620	买盘
11:00:27	9.24	0.01	200	184800	买盘
11:00:22	9.23	-0.01	91	83993	卖盘
11:00:01	9.24	0.01	1	924	买盘
10:59:57	9.23	-0.01	54	49842	卖盘
10:59:52	9.24	0.01	106	97944	买盘
10:59:46	9.23	-0.01	0	9	卖盘
10:59:10	9.24	0.01	1	924	买盘
10:58:52	9.23	--	30	27690	卖盘
10:58:40	9.23	-0.01	1	923	卖盘
10:58:31	9.24	--	1	924	买盘
10:58:25	9.24	--	20	18480	买盘
10:58:16	9.24	--	35	32340	买盘
10:58:06	9.24	--	50	46200	买盘
10:57:51	9.24	--	217	200508	卖盘
10:57:46	9.24	--	20	18480	卖盘
10:57:36	9.24	--	40	36960	卖盘
10:57:16	9.24	--	7	6468	卖盘
10:57:10	9.24	-0.01	1	924	卖盘
10:57:06	9.25	0.01	30	27750	买盘
10:57:01	9.24	-0.01	55	50820	卖盘
10:56:55	9.25	--	40	37000	买盘
10:56:51	9.25	--	14	12950	买盘
10:56:46	9.25	--	20	18500	买盘
10:56:31	9.25	--	6	5550	买盘
10:56:25	9.25	0.01	47	43475	买盘
10:56:01	9.24	--	8	7392	卖盘
10:55:46	9.24	-0.01	34	31416	卖盘
10:55:40	9.25	--	6	5550	买盘
10:55:10	9.25	--	15	13875	卖盘
10:54:46	9.25	--	10	9250	卖盘
10:54:40	9.25	--	27	24975	卖盘
10:54:16	9.25	--	73	67525	买盘
10:54:10	9.25	--	20	18500	买盘
10:53:51	9.25	--	0	0	中性盘
10:53:40	9.25	-0.01	10	9250	卖盘
10:53:31	9.26	0.01	100	92600	买盘
10:53:25	9.25	--	5	4625	买盘
10:53:20	9.25	--	4	3700	买盘
10:53:16	9.25	--	36	33300	卖盘
10:53:04	9.25	--	5	4625	卖盘
10:52:49	9.25	--	459	424575	买盘
10:52:46	9.25	0.01	6	5550	买盘
10:52:25	9.24	-0.01	16	14784	卖盘
10:52:16	9.25	0.01	10	9250	买盘
10:52:10	9.24	-0.01	63	58212	卖盘
10:52:00	9.25	--	24	22200	买盘
10:51:55	9.25	--	9	8325	买盘
10:51:49	9.25	--	64	59200	买盘
10:51:45	9.25	--	1	925	买盘
10:51:40	9.25	-0.01	36	33300	卖盘
10:51:34	9.26	--	1	926	买盘
10:51:25	9.26	--	9	8334	买盘
10:51:15	9.26	0.01	2	1852	买盘
10:51:10	9.25	--	20	18500	卖盘
10:51:00	9.25	--	35	32375	买盘
10:50:55	9.25	--	119	110075	买盘
10:50:30	9.25	--	30	27750	买盘
10:50:25	9.25	--	180	166500	买盘
10:50:19	9.25	--	102	94350	买盘
10:50:15	9.25	-0.01	100	92500	中性盘
10:50:10	9.26	--	14	12964	买盘
10:50:04	9.26	0.01	15	13890	买盘
10:50:00	9.25	-0.01	72	66600	卖盘
10:49:55	9.26	0.01	30	27780	买盘
10:49:34	9.25	--	30	27750	卖盘
10:49:30	9.25	--	54	49950	买盘
10:49:25	9.25	0.01	60	55500	买盘
10:49:10	9.24	--	266	245784	买盘
10:49:04	9.24	--	17	15708	买盘
10:48:55	9.24	0.01	6	5544	买盘
10:48:40	9.23	--	40	36920	卖盘
10:48:15	9.23	--	5	4615	卖盘
10:48:10	9.23	--	80	73840	买盘
10:48:04	9.23	--	1	923	买盘
10:47:55	9.23	--	31	28613	买盘
10:47:45	9.23	0.01	9	8307	买盘
10:47:34	9.22	-0.01	14	12908	卖盘
10:47:25	9.23	--	20	18460	买盘
10:46:55	9.23	--	128	118144	卖盘
10:46:43	9.23	--	9	8307	卖盘
10:46:34	9.23	-0.01	42	38766	卖盘
10:46:28	9.24	--	10	9240	买盘
10:46:25	9.24	--	43	39732	卖盘
10:46:19	9.24	--	50	46200	卖盘
10:46:10	9.24	-0.01	16	14784	卖盘
10:45:55	9.25	0.01	20	18500	买盘
10:45:49	9.24	--	9	8316	卖盘
10:45:40	9.24	--	7	6468	卖盘
10:45:34	9.24	--	285	263340	卖盘
10:45:25	9.24	--	22	20328	卖盘
10:45:19	9.24	--	2	1848	卖盘
10:45:09	9.24	--	5	4620	卖盘
10:45:04	9.24	--	160	147840	卖盘
10:44:58	9.24	--	8	7392	卖盘
10:44:54	9.24	--	13	12012	卖盘
10:44:49	9.24	-0.01	20	18480	卖盘
10:44:39	9.25	0.01	102	94350	买盘
10:44:34	9.24	--	12	11088	卖盘
10:44:09	9.24	-0.01	1	924	卖盘
10:44:04	9.25	0.01	52	48100	买盘
10:43:54	9.24	-0.01	19	17556	卖盘
10:43:39	9.25	0.01	53	49025	买盘
10:43:34	9.24	--	85	78540	卖盘
10:43:24	9.24	--	2	1848	卖盘
10:43:13	9.24	0.01	50	46200	卖盘
10:42:58	9.23	--	218	201214	卖盘
10:42:34	9.23	--	58	53534	卖盘
10:42:19	9.23	--	233	215243	买盘
10:42:13	9.23	--	94	86762	买盘
10:42:09	9.23	0.01	257	237211	买盘
10:41:54	9.22	-0.01	22	20284	卖盘
10:41:43	9.23	-0.02	1927	1779359	卖盘
10:41:39	9.25	-0.01	30	27750	卖盘
10:41:13	9.26	--	10	9260	买盘
10:41:04	9.26	--	25	23150	买盘
10:40:58	9.26	--	1	926	买盘
10:40:54	9.26	--	5	4630	买盘
10:40:34	9.26	--	2	1852	买盘
10:40:19	9.26	--	26	24076	买盘
10:40:13	9.26	--	11	10186	买盘
10:40:07	9.26	--	2	1852	买盘
10:40:03	9.26	--	8	7408	买盘
10:39:49	9.26	0.01	5	4630	买盘
10:39:43	9.25	-0.01	5	4625	卖盘
10:39:34	9.26	0.01	35	32410	买盘
10:39:28	9.25	-0.01	31	28675	卖盘
10:39:18	9.26	0.01	29	26854	买盘
10:39:13	9.25	--	10	9250	卖盘
10:39:03	9.25	--	5	4625	卖盘
10:38:58	9.25	-0.01	5	4625	卖盘
10:38:52	9.26	--	8	7408	买盘
10:38:48	9.26	0.01	10	9260	买盘
10:38:43	9.25	--	40	37000	卖盘
10:38:37	9.25	-0.01	15	13875	卖盘
10:38:33	9.26	0.01	45	41670	买盘
10:38:28	9.25	-0.01	17	15725	卖盘
10:38:18	9.26	--	10	9260	买盘
10:38:07	9.26	--	10	9260	买盘
10:38:03	9.26	--	52	48152	买盘
10:37:58	9.26	--	60	55560	买盘
10:37:52	9.26	--	5	4630	买盘
10:37:48	9.26	--	57	52782	买盘
10:37:43	9.26	--	18	16668	买盘
10:37:33	9.26	0.01	55	50930	买盘
10:37:13	9.25	--	4	3700	卖盘
10:36:58	9.25	--	209	193510	买盘
10:36:52	9.25	0.01	5	4625	买盘
10:36:48	9.24	--	14	12936	卖盘
10:36:43	9.24	--	19	17556	卖盘
10:36:37	9.24	--	10	9240	卖盘
10:36:33	9.24	--	22	20328	卖盘
10:36:28	9.24	--	20	18480	卖盘
10:36:18	9.24	0.01	77	71148	买盘
10:36:13	9.23	-0.01	13	11999	卖盘
10:36:07	9.24	--	53	48972	买盘
10:35:58	9.24	--	40	36960	买盘
10:35:48	9.24	--	104	96096	卖盘
10:35:43	9.24	--	140	129360	卖盘
10:35:37	9.24	--	20	18480	卖盘
10:35:33	9.24	--	25	23100	卖盘
10:35:22	9.24	-0.01	32	29568	卖盘
10:35:13	9.25	0.01	10	9250	买盘
10:35:03	9.24	-0.01	21	19404	卖盘
10:34:52	9.25	--	37	34965	卖盘
10:34:48	9.25	--	5	4625	卖盘
10:34:43	9.25	--	135	124875	卖盘
10:34:37	9.25	--	6	5550	卖盘
10:34:33	9.25	--	82	75850	卖盘
10:34:28	9.25	--	80	74000	卖盘
10:34:22	9.25	--	96	88800	卖盘
10:34:18	9.25	--	63	58275	卖盘
10:34:13	9.25	--	113	104525	卖盘
10:34:07	9.25	--	38	35150	卖盘
10:34:01	9.25	--	142	131350	卖盘
10:33:42	9.25	--	118	109150	卖盘
10:33:37	9.25	--	29	26825	卖盘
10:33:31	9.25	-0.01	100	92500	卖盘
10:33:07	9.26	--	530	491178	卖盘
10:33:01	9.26	--	5	4630	卖盘
10:32:58	9.26	--	330	305580	卖盘
10:32:52	9.26	--	95	87970	卖盘
10:32:42	9.26	--	30	27780	卖盘
10:32:37	9.26	-0.01	50	46300	卖盘
10:32:31	9.27	0.01	5	4635	买盘
10:32:28	9.26	--	15	13890	卖盘
10:32:22	9.26	--	13	12038	卖盘
10:32:12	9.26	-0.01	120	111120	卖盘
10:32:07	9.27	--	2	1854	买盘
10:31:57	9.27	--	182	168714	卖盘
10:31:52	9.27	--	30	27810	卖盘
10:31:42	9.27	-0.01	18	16686	卖盘
10:31:37	9.28	0.01	3	2784	买盘
10:31:27	9.27	--	167	154809	卖盘
10:30:42	9.27	--	5	4635	卖盘
10:30:37	9.27	--	30	27810	卖盘
10:30:31	9.27	--	28	25956	卖盘
10:30:27	9.27	-0.01	10	9270	卖盘
10:30:16	9.28	0.01	39	36192	买盘
10:30:12	9.27	--	10	9270	卖盘
10:29:57	9.27	--	30	27810	卖盘
10:29:37	9.27	--	12	11124	卖盘
10:29:31	9.27	-0.01	11	10197	卖盘
10:29:27	9.28	--	10	9280	买盘
10:29:22	9.28	--	1	927	买盘
10:29:16	9.28	0.01	40	37120	买盘
10:28:52	9.27	--	10	9270	卖盘
10:28:31	9.27	-0.01	100	92700	卖盘
10:28:22	9.28	--	100	92800	买盘
10:28:16	9.28	0.01	8	7423	买盘
10:28:07	9.27	-0.01	30	27810	卖盘
10:27:46	9.28	0.01	27	25056	买盘
10:27:40	9.27	--	5	4635	卖盘
10:27:36	9.27	--	108	100116	卖盘
10:27:21	9.27	--	12	11124	卖盘
10:27:16	9.27	-0.01	302	279954	卖盘
10:27:06	9.28	0.01	10	9280	买盘
10:27:01	9.27	-0.01	10	9270	卖盘
10:26:46	9.28	--	1	927	买盘
10:26:40	9.28	0.01	2	1855	买盘
10:26:25	9.27	0.01	78	72306	买盘
10:26:21	9.26	-0.01	10	9260	卖盘
10:26:16	9.27	--	65	60255	买盘
10:26:10	9.27	-0.01	8	7416	卖盘
10:26:01	9.28	0.01	60	55679	买盘
10:25:51	9.27	0.01	5	4635	卖盘
10:25:46	9.26	--	0	0	卖盘
10:25:40	9.26	--	20	18520	卖盘
10:25:36	9.26	--	200	185200	卖盘
10:25:31	9.26	-0.01	31	28706	卖盘
10:25:10	9.27	0.01	12	11124	买盘
10:25:06	9.26	-0.01	50	46300	卖盘
10:24:55	9.27	--	1	927	买盘
10:24:51	9.27	0.01	11	10197	买盘
10:24:36	9.26	-0.01	5	4630	卖盘
10:24:31	9.27	--	26	24102	卖盘
10:24:25	9.27	--	17	15759	买盘
10:24:21	9.27	--	3	2781	买盘
10:24:16	9.27	--	3	2781	买盘
10:24:01	9.27	--	22	20394	买盘
10:23:51	9.27	--	50	46350	买盘
10:23:40	9.27	--	55	50985	买盘
10:23:36	9.27	--	5	4635	买盘
10:23:21	9.27	--	33	30591	买盘
10:23:16	9.27	--	15	13905	买盘
10:23:10	9.27	-0.01	73	67671	卖盘
10:23:01	9.28	0.01	2	1855	买盘
10:22:55	9.27	--	437	405099	买盘
10:22:40	9.27	--	63	58401	卖盘
10:22:36	9.27	--	15	13905	买盘
10:22:31	9.27	--	20	18540	买盘
10:22:25	9.27	--	20	18540	买盘
10:22:21	9.27	--	22	20394	买盘
10:22:10	9.27	--	2	1854	买盘
10:22:06	9.27	--	11	10197	买盘
10:21:55	9.27	0.01	1	927	卖盘
10:21:40	9.26	--	0	527	卖盘
10:21:31	9.26	-0.01	7	6482	卖盘
10:21:25	9.27	--	29	26883	买盘
10:21:15	9.27	--	5	4635	买盘
10:21:10	9.27	--	7	6489	卖盘
10:21:00	9.27	--	5	4635	卖盘
10:20:55	9.27	-0.01	11	10197	买盘
10:20:49	9.28	--	0	0	买盘
10:20:45	9.28	0.01	85	78880	买盘
10:20:40	9.27	--	555	514485	卖盘
10:20:34	9.27	--	5	4635	卖盘
10:20:30	9.27	-0.01	21	19467	卖盘
10:20:04	9.28	--	0	0	买盘
10:20:00	9.28	--	2	1855	买盘
10:19:55	9.28	0.02	8	7423	买盘
10:19:49	9.26	-0.01	124	114824	卖盘
10:19:45	9.27	0.01	2	1854	买盘
10:19:40	9.26	-0.01	40	37040	卖盘
10:19:34	9.27	--	5	4635	买盘
10:19:30	9.27	--	20	18540	买盘
10:19:25	9.27	-0.01	443	410661	卖盘
10:19:19	9.28	--	1	927	卖盘
10:19:15	9.28	--	106	98368	卖盘
10:19:10	9.28	--	18	16704	卖盘
10:19:04	9.28	--	20	18560	卖盘
10:18:55	9.28	0.01	125	115999	买盘
10:18:49	9.27	--	43	39861	卖盘
10:18:45	9.27	--	22	20394	卖盘
10:18:40	9.27	--	20	18540	卖盘
10:18:25	9.27	--	10	9270	卖盘
10:18:15	9.27	--	80	74160	卖盘
10:18:04	9.27	--	44	40788	买盘
10:18:00	9.27	--	378	350406	买盘
10:17:55	9.27	-0.01	130	120510	卖盘
10:17:40	9.28	--	79	73312	卖盘
10:17:25	9.28	--	56	51968	卖盘
10:17:10	9.28	--	51	47328	买盘
10:16:55	9.28	0.01	10	9280	中性盘
10:16:49	9.27	-0.01	378	350406	卖盘
10:16:45	9.28	0.01	25	23200	买盘
10:16:40	9.27	--	5	4635	卖盘
10:16:34	9.27	--	84	77868	买盘
10:16:30	9.27	--	2	1854	买盘
10:16:25	9.27	-0.01	19	17613	卖盘
10:16:10	9.28	--	5	4640	买盘
10:16:04	9.28	--	405	375840	买盘
10:15:55	9.28	-0.01	442	410176	卖盘
10:15:40	9.29	--	85	78965	买盘
10:15:34	9.29	--	56	52023	买盘
10:15:30	9.29	--	7	6502	买盘
10:15:25	9.29	--	4	3715	买盘
10:15:19	9.29	-0.01	367	340942	卖盘
10:15:14	9.3	0.01	30	27900	买盘
10:15:10	9.29	-0.01	8	7431	卖盘
10:15:04	9.3	--	50	46500	买盘
10:14:58	9.3	0.01	50	46500	买盘
10:14:54	9.29	-0.01	24	22295	卖盘
10:14:49	9.3	0.01	32	29760	买盘
10:14:40	9.29	-0.01	30	27869	卖盘
10:14:34	9.3	0.01	15	13950	买盘
10:14:24	9.29	0.01	56	52023	中性盘
10:14:19	9.28	-0.01	130	120639	卖盘
10:14:13	9.29	--	6	5573	买盘
10:14:04	9.29	--	2	1857	买盘
10:13:58	9.29	0.01	1	928	买盘
10:13:54	9.28	-0.01	63	58463	卖盘
10:13:49	9.29	0.01	28	26011	买盘
10:13:43	9.28	-0.01	1	927	卖盘
10:13:39	9.29	--	109	101260	买盘
10:13:34	9.29	--	1	928	买盘
10:13:28	9.29	0.01	10	9290	买盘
10:13:19	9.28	-0.01	114	105791	卖盘
10:13:13	9.29	--	68	63171	卖盘
10:13:09	9.29	-0.01	7	6502	卖盘
10:12:58	9.3	0.01	2	1860	买盘
10:12:54	9.29	--	6	5573	卖盘
10:12:49	9.29	0.02	99	91970	买盘
10:12:39	9.27	-0.01	303	280881	卖盘
10:12:34	9.28	-0.01	5	4640	卖盘
10:12:28	9.29	--	44	40875	买盘
10:12:24	9.29	--	9	8361	买盘
10:12:19	9.29	--	94	87325	买盘
10:12:09	9.29	--	61	56668	买盘
10:12:04	9.29	-0.01	37	34373	卖盘
10:11:54	9.3	--	7	6510	买盘
10:11:49	9.3	--	92	85560	卖盘
10:11:43	9.3	--	153	142290	卖盘
10:11:39	9.3	--	46	42780	卖盘
10:11:34	9.3	-0.01	36	33480	卖盘
10:11:28	9.31	0.01	8	7448	买盘
10:11:24	9.3	-0.02	15	13950	卖盘
10:11:19	9.32	0.01	300	279600	买盘
10:11:13	9.31	-0.01	529	492499	卖盘
10:11:09	9.32	--	99	92268	买盘
10:11:04	9.32	--	294	274008	买盘
10:10:58	9.32	--	119	110908	买盘
10:10:54	9.32	--	620	577840	卖盘
10:10:49	9.32	--	1413	1316916	卖盘
10:10:43	9.32	--	465	433380	卖盘
10:10:39	9.32	-0.01	100	93200	卖盘
10:10:34	9.33	0.01	131	122223	买盘
10:10:28	9.32	-0.02	68	63376	卖盘
10:10:24	9.34	0.01	19	17746	买盘
10:10:19	9.33	--	191	178203	卖盘
10:10:13	9.33	--	496	462768	卖盘
10:10:09	9.33	--	124	115692	卖盘
10:10:04	9.33	--	88	82104	卖盘
10:09:58	9.33	0.01	268	250044	买盘
10:09:54	9.32	--	68	63376	买盘
10:09:49	9.32	0.01	139	129548	买盘
10:09:43	9.31	--	188	175028	卖盘
10:09:39	9.31	--	86	80066	卖盘
10:09:34	9.31	0.02	4260	3966060	买盘
10:09:28	9.29	--	431	400398	卖盘
10:09:19	9.29	--	15	13934	卖盘
10:09:13	9.29	-0.01	5	4645	中性盘
10:09:09	9.3	0.01	1020	948600	买盘
10:09:04	9.29	--	34	31585	买盘
10:08:58	9.29	0.01	155	143995	买盘
10:08:53	9.28	--	60	55679	卖盘
10:08:49	9.28	--	48	44544	卖盘
10:08:43	9.28	0.01	77	71456	买盘
10:08:37	9.27	-0.01	102	94554	卖盘
10:08:34	9.28	--	12	11136	买盘
10:08:28	9.28	0.01	200	185600	买盘
10:08:22	9.27	--	100	92700	卖盘
10:08:18	9.27	--	548	507996	卖盘
10:08:13	9.27	--	14	12978	卖盘
10:08:07	9.27	--	1	927	卖盘
10:08:03	9.27	--	53	49131	买盘
10:07:58	9.27	--	228	211356	买盘
10:07:52	9.27	--	4	3708	买盘
10:07:48	9.27	--	40	37080	买盘
10:07:43	9.27	0.01	25	23175	买盘
10:07:37	9.26	--	14	12964	卖盘
10:07:33	9.26	-0.02	15	13890	卖盘
10:07:28	9.28	0.01	5	4640	买盘
10:07:22	9.27	0.01	636	589572	买盘
10:07:18	9.26	--	42	38892	卖盘
10:07:13	9.26	0.01	90	83340	卖盘
10:07:03	9.25	--	0	0	卖盘
10:06:58	9.25	-0.01	284	262700	卖盘
10:06:52	9.26	--	72	66672	买盘
10:06:48	9.26	--	10	9260	买盘
10:06:43	9.26	--	5	4630	买盘
10:06:37	9.26	--	35	32410	买盘
10:06:28	9.26	0.01	9	8334	买盘
10:06:18	9.25	--	1	925	卖盘
10:06:13	9.25	0.02	730	675435	买盘
10:06:07	9.23	-0.01	60	55380	卖盘
10:06:03	9.24	0.01	10	9240	买盘
10:05:58	9.23	-0.01	37	34151	卖盘
10:05:48	9.24	0.01	17	15708	买盘
10:05:43	9.23	0.01	70	64610	卖盘
10:05:37	9.22	-0.02	372	342984	卖盘
10:05:33	9.24	0.01	15	13860	买盘
10:05:28	9.23	--	63	58149	卖盘
10:05:03	9.23	-0.01	308	284284	卖盘
10:04:58	9.24	0.01	30	27720	买盘
10:04:52	9.23	-0.01	84	77532	卖盘
10:04:43	9.24	--	175	161700	买盘
10:04:33	9.24	--	136	125664	买盘
10:04:28	9.24	--	6	5544	买盘
10:04:22	9.24	0.01	91	84084	买盘
10:04:18	9.23	--	126	116298	卖盘
10:04:13	9.23	--	30	27690	卖盘
10:04:07	9.23	-0.01	93	85839	卖盘
10:04:03	9.24	--	30	27720	买盘
10:03:52	9.24	--	913	843612	买盘
10:03:48	9.24	--	11	10164	买盘
10:03:37	9.24	--	15	13860	买盘
10:03:33	9.24	--	2	1848	买盘
10:03:28	9.24	--	18	16632	买盘
10:03:22	9.24	--	3	2772	买盘
10:03:18	9.24	--	281	260383	卖盘
10:03:13	9.24	0.02	253	233956	买盘
10:03:07	9.22	-0.01	20	18440	卖盘
10:02:52	9.23	0.01	137	126451	买盘
10:02:43	9.22	--	103	94966	买盘
10:02:37	9.22	--	20	18440	买盘
10:02:27	9.22	--	67	61774	买盘
10:02:16	9.22	--	115	106030	买盘
10:02:12	9.22	--	20	18440	卖盘
10:01:57	9.22	--	202	186244	买盘
10:01:52	9.22	0.01	20	18440	买盘
10:01:46	9.21	-0.02	21	19341	卖盘
10:01:42	9.23	0.01	144	132912	买盘
10:01:37	9.22	--	252	232344	卖盘
10:01:31	9.22	-0.01	10	9220	卖盘
10:01:27	9.23	0.01	19	17537	买盘
10:01:22	9.22	-0.01	10	9220	卖盘
10:01:12	9.23	--	5	4615	买盘
10:01:07	9.23	--	7	6461	买盘
10:01:01	9.23	--	41	37843	卖盘
10:00:57	9.23	--	30	27690	卖盘
10:00:52	9.23	--	24	22152	卖盘
10:00:42	9.23	--	12	11076	卖盘
10:00:37	9.23	-0.02	7	6461	卖盘
10:00:31	9.25	--	21	19425	买盘
10:00:27	9.25	--	0	0	买盘
10:00:22	9.25	--	118	109150	买盘
10:00:12	9.25	0.01	35	32375	买盘
10:00:07	9.24	-0.01	99	91476	卖盘
09:59:57	9.25	--	11	10175	卖盘
09:59:52	9.25	0.01	8	7400	中性盘
09:59:46	9.24	-0.01	89	82236	卖盘
09:59:42	9.25	0.01	440	407000	买盘
09:59:37	9.24	-0.01	75	69300	卖盘
09:59:31	9.25	0.01	19	17575	买盘
09:59:27	9.24	--	50	46200	卖盘
09:59:22	9.24	-0.01	20	18480	卖盘
09:59:16	9.25	--	37	34225	买盘
09:59:12	9.25	--	15	13875	买盘
09:59:07	9.25	--	81	74925	买盘
09:59:01	9.25	-0.01	168	155400	卖盘
09:58:57	9.26	0.01	206	190756	买盘
09:58:52	9.25	--	65	60125	卖盘
09:58:46	9.25	--	38	35150	卖盘
09:58:42	9.25	--	299	277241	买盘
09:58:31	9.25	0.01	80	74000	买盘
09:58:22	9.24	-0.01	270	249480	卖盘
09:58:16	9.25	0.01	75	69375	买盘
09:58:12	9.24	0.01	61	56364	买盘
09:57:57	9.23	0.01	154	142142	买盘
09:57:52	9.22	--	1	922	买盘
09:57:42	9.22	0.01	12	11064	买盘
09:57:37	9.21	--	25	23025	卖盘
09:57:31	9.21	0.01	3	2763	买盘
09:57:27	9.2	--	1	919	卖盘
09:57:22	9.2	-0.02	198	182160	卖盘
09:57:16	9.22	0.01	1200	1106400	买盘
09:57:07	9.21	0.01	999	920539	买盘
09:57:01	9.2	0.01	199	183080	买盘
09:56:57	9.19	--	1	919	卖盘
09:56:52	9.19	-0.01	17	15623	卖盘
09:56:46	9.2	--	40	36800	买盘
09:56:42	9.2	--	0	0	买盘
09:56:37	9.2	0.01	69	63479	买盘
09:56:31	9.19	--	19	17461	买盘
09:56:27	9.19	-0.01	31	28489	卖盘
09:56:22	9.2	0.01	119	109479	买盘
09:56:16	9.19	0.01	23	21137	买盘
09:56:12	9.18	-0.01	41	37638	卖盘
09:56:01	9.19	--	48	44112	买盘
09:55:57	9.19	--	12	11028	买盘
09:55:51	9.19	--	21	19299	买盘
09:55:46	9.19	--	8	7352	买盘
09:55:40	9.19	--	22	20218	买盘
09:55:31	9.19	0.01	15	13785	买盘
09:55:25	9.18	-0.01	5	4590	卖盘
09:55:21	9.19	0.01	22	20218	买盘
09:55:16	9.18	--	111	101898	卖盘
09:55:10	9.18	-0.01	8	7344	卖盘
09:55:06	9.19	0.01	27	24813	买盘
09:54:55	9.18	--	29	26622	卖盘
09:54:51	9.18	-0.01	21	19278	卖盘
09:54:46	9.19	--	200	183800	买盘
09:54:21	9.19	--	92	84548	卖盘
09:54:16	9.19	--	60	55140	卖盘
09:54:06	9.19	--	8	7352	卖盘
09:53:51	9.19	--	35	32165	卖盘
09:53:46	9.19	--	86	79034	卖盘
09:53:40	9.19	--	22	20218	卖盘
09:53:25	9.19	--	5	4595	卖盘
09:53:21	9.19	--	134	123146	买盘
09:53:06	9.19	-0.01	107	98333	卖盘
09:52:55	9.2	--	2	1839	买盘
09:52:51	9.2	--	0	0	买盘
09:52:46	9.2	--	110	101935	买盘
09:52:40	9.2	--	106	97519	买盘
09:52:36	9.2	0.01	324	298264	买盘
09:52:31	9.19	--	474	435606	卖盘
09:52:25	9.19	--	5	4595	卖盘
09:52:21	9.19	-0.01	100	91900	卖盘
09:52:16	9.2	0.01	471	433319	买盘
09:52:06	9.19	--	85	78115	卖盘
09:52:01	9.19	--	20	18380	卖盘
09:51:55	9.19	--	5	4595	卖盘
09:51:46	9.19	--	152	139688	卖盘
09:51:40	9.19	-0.01	6	5514	卖盘
09:51:36	9.2	0.01	30	27599	买盘
09:51:31	9.19	--	13	11947	卖盘
09:51:21	9.19	--	99	90981	卖盘
09:51:16	9.19	--	5	4595	卖盘
09:51:06	9.19	--	10	9190	卖盘
09:51:01	9.19	--	213	195747	卖盘
09:50:46	9.19	-0.01	30	27570	卖盘
09:50:40	9.2	0.01	20	18400	买盘
09:50:31	9.19	--	74	68006	卖盘
09:50:25	9.19	-0.01	91	83629	卖盘
09:50:15	9.2	0.01	80	73600	买盘
09:50:10	9.19	--	12	11028	卖盘
09:50:06	9.19	--	2	1838	卖盘
09:50:01	9.19	--	51	46869	买盘
09:49:55	9.19	--	317	291323	买盘
09:49:51	9.19	--	20	18380	买盘
09:49:40	9.19	0.01	100	91900	买盘
09:49:36	9.18	-0.01	5	4590	卖盘
09:49:31	9.19	--	26	23894	买盘
09:49:21	9.19	--	80	73520	卖盘
09:49:15	9.19	--	240	220560	卖盘
09:49:10	9.19	--	6	5514	卖盘
09:49:01	9.19	-0.01	33	30327	卖盘
09:48:55	9.2	0.01	45	41400	买盘
09:48:49	9.19	--	11	10109	卖盘
09:48:45	9.19	-0.01	9	8271	卖盘
09:48:40	9.2	--	43	39560	买盘
09:48:30	9.2	0.01	20	18400	买盘
09:48:25	9.19	--	110	101090	买盘
09:48:19	9.19	--	60	55140	卖盘
09:48:15	9.19	-0.01	10	9190	卖盘
09:48:10	9.2	0.01	44	40480	买盘
09:48:00	9.19	--	42	38598	卖盘
09:47:55	9.19	--	47	43193	卖盘
09:47:45	9.19	--	67	61573	卖盘
09:47:40	9.19	--	50	45950	卖盘
09:47:34	9.19	-0.01	100	91900	卖盘
09:47:30	9.2	--	10	9200	买盘
09:47:25	9.2	--	20	18400	买盘
09:47:10	9.2	0.01	30	27599	买盘
09:47:00	9.19	0.01	195	179205	中性盘
09:46:55	9.18	-0.02	584	536112	卖盘
09:46:45	9.2	0.01	94	86480	买盘
09:46:40	9.19	-0.01	10	9190	卖盘
09:46:34	9.2	--	25	23000	买盘
09:46:30	9.2	0.01	8	7359	买盘
09:46:25	9.19	--	299	274781	卖盘
09:46:19	9.19	--	2	1838	卖盘
09:46:15	9.19	--	62	56978	卖盘
09:46:04	9.19	--	20	18380	卖盘
09:46:00	9.19	--	33	30327	买盘
09:45:55	9.19	-0.01	8	7352	买盘
09:45:45	9.2	--	0	0	买盘
09:45:34	9.2	0.02	216	198719	买盘
09:45:25	9.18	--	200	183600	买盘
09:45:19	9.18	--	36	33048	买盘
09:45:15	9.18	-0.02	551	505818	卖盘
09:45:10	9.2	0.01	263	241959	买盘
09:45:04	9.19	--	21	19299	卖盘
09:45:00	9.19	-0.01	20	18380	卖盘
09:44:55	9.2	--	103	94759	买盘
09:44:45	9.2	--	844	776479	买盘
09:44:40	9.2	--	170	156400	买盘
09:44:34	9.2	--	20	18400	买盘
09:44:30	9.2	--	381	351164	卖盘
09:44:25	9.2	-0.01	41	37720	卖盘
09:44:15	9.21	0.01	10	9210	买盘
09:44:10	9.2	--	52	47839	卖盘
09:44:04	9.2	-0.01	31	28519	卖盘
09:44:00	9.21	0.01	40	36840	买盘
09:43:49	9.2	--	25	23000	卖盘
09:43:45	9.2	--	43	39560	卖盘
09:43:40	9.2	--	13	11959	卖盘
09:43:34	9.2	0.01	43	39836	买盘
09:43:30	9.19	--	313	287647	卖盘
09:43:25	9.19	-0.01	59	54221	卖盘
09:43:19	9.2	--	1	919	买盘
09:43:15	9.2	--	17	15639	买盘
09:43:09	9.2	0.01	30	27599	买盘
09:43:04	9.19	--	200	183800	卖盘
09:42:54	9.19	--	223	204937	卖盘
09:42:49	9.19	--	132	121308	买盘
09:42:39	9.19	--	36	33084	买盘
09:42:28	9.19	0.01	19	17461	买盘
09:42:24	9.18	-0.01	64	58752	卖盘
09:42:19	9.19	--	68	62492	买盘
09:42:13	9.19	--	74	68006	买盘
09:42:09	9.19	0.01	26	23894	买盘
09:42:04	9.18	0.01	30	27540	卖盘
09:41:49	9.17	-0.01	222	203574	卖盘
09:41:43	9.18	--	664	609552	买盘
09:41:39	9.18	--	80	73440	买盘
09:41:34	9.18	--	1215	1115370	买盘
09:41:28	9.18	--	5	4590	买盘
09:41:24	9.18	--	60	55080	买盘
09:41:19	9.18	--	184	168912	买盘
09:41:09	9.18	0.01	50	45900	买盘
09:40:54	9.17	-0.01	44	40348	卖盘
09:40:49	9.18	--	20	18360	买盘
09:40:43	9.18	--	3	2754	买盘
09:40:39	9.18	--	10	9180	买盘
09:40:34	9.18	--	12	11016	买盘
09:40:28	9.18	--	5	4590	买盘
09:40:24	9.18	--	50	45900	买盘
09:40:19	9.18	--	10	9180	买盘
09:40:09	9.18	0.01	284	260721	买盘
09:40:04	9.17	--	14	12838	卖盘
09:39:54	9.17	--	42	38514	买盘
09:39:49	9.17	--	130	119210	买盘
09:39:39	9.17	--	67	61439	卖盘
09:39:34	9.17	--	58	53186	买盘
09:39:28	9.17	--	48	44016	买盘
09:39:24	9.17	0.01	164	150388	买盘
09:39:19	9.16	--	13	11908	卖盘
09:39:09	9.16	--	6	5496	卖盘
09:38:58	9.16	-0.01	4	3664	卖盘
09:38:54	9.17	0.01	44	40348	买盘
09:38:49	9.16	--	24	21984	卖盘
09:38:39	9.16	--	44	40304	卖盘
09:38:34	9.16	--	54	49464	卖盘
09:38:24	9.16	-0.01	2	1832	卖盘
09:38:19	9.17	--	25	22925	买盘
09:38:09	9.17	--	50	45850	买盘
09:38:04	9.17	-0.01	51	46767	卖盘
09:37:54	9.18	0.01	24	22032	买盘
09:37:49	9.17	-0.01	44	40348	卖盘
09:37:39	9.18	0.02	37	33966	买盘
09:37:34	9.16	-0.01	58	53128	卖盘
09:37:28	9.17	-0.01	51	46767	中性盘
09:37:24	9.18	0.01	52	47736	买盘
09:37:19	9.17	--	133	121961	卖盘
09:37:13	9.17	-0.01	288	264096	卖盘
09:37:04	9.18	0.01	211	193698	买盘
09:36:58	9.17	-0.01	10	9170	卖盘
09:36:48	9.18	0.01	2	1836	买盘
09:36:33	9.17	-0.01	142	130214	卖盘
09:36:28	9.18	0.01	21	19278	买盘
09:36:24	9.17	-0.01	10	9170	卖盘
09:36:18	9.18	0.01	15	13770	买盘
09:36:09	9.17	-0.01	47	43099	卖盘
09:36:03	9.18	--	126	115668	买盘
09:35:58	9.18	--	78	71604	卖盘
09:35:54	9.18	--	13	11934	卖盘
09:35:48	9.18	--	7	6426	卖盘
09:35:43	9.18	--	26	23868	卖盘
09:35:33	9.18	--	31	28458	买盘
09:35:28	9.18	0.01	160	146880	买盘
09:35:22	9.17	-0.01	7	6419	卖盘
09:35:18	9.18	--	21	19278	买盘
09:35:13	9.18	--	34	31212	买盘
09:35:07	9.18	--	17	15606	买盘
09:35:03	9.18	0.01	170	156060	买盘
09:34:58	9.17	-0.01	25	22925	卖盘
09:34:43	9.18	--	3	2754	买盘
09:34:37	9.18	--	57	52326	买盘
09:34:33	9.18	--	26	23868	卖盘
09:34:28	9.18	--	106	97308	卖盘
09:34:22	9.18	0.01	92	84456	买盘
09:34:18	9.17	-0.01	33	30261	卖盘
09:34:03	9.18	--	31	28458	买盘
09:33:58	9.18	--	270	247860	买盘
09:33:48	9.18	--	87	79866	买盘
09:33:43	9.18	--	190	174420	卖盘
09:33:37	9.18	--	232	212976	卖盘
09:33:33	9.18	--	13	11934	卖盘
09:33:28	9.18	--	16	14688	卖盘
09:33:22	9.18	0.01	27	24786	卖盘
09:33:18	9.17	-0.01	95	87115	卖盘
09:33:13	9.18	0.01	5	4590	买盘
09:33:07	9.17	--	6	5502	卖盘
09:33:03	9.17	--	0	0	卖盘
09:32:58	9.17	--	21	19257	卖盘
09:32:52	9.17	--	20	18340	卖盘
09:32:48	9.17	-0.01	225	206325	卖盘
09:32:43	9.18	--	63	57834	买盘
09:32:37	9.18	--	5	4590	买盘
09:32:33	9.18	--	101	92718	卖盘
09:32:22	9.18	-0.01	1	918	卖盘
09:32:18	9.19	0.01	200	183800	买盘
09:32:13	9.18	--	18	16524	买盘
09:32:03	9.18	--	18	16524	买盘
09:31:58	9.18	--	6	5508	买盘
09:31:52	9.18	--	4	3672	买盘
09:31:48	9.18	--	23	21114	中性盘
09:31:37	9.18	--	0	0	买盘
09:31:33	9.18	0.01	10	9180	买盘
09:31:18	9.17	-0.01	30	27510	卖盘
09:31:13	9.18	0.01	14	12852	中性盘
09:31:07	9.17	-0.02	17	15589	卖盘
09:31:03	9.19	0.03	64	58816	买盘
09:30:58	9.16	-0.03	87	79692	卖盘
09:30:52	9.19	--	46	42274	买盘
09:30:48	9.19	--	2	1838	卖盘
09:30:42	9.19	0.03	2	1838	中性盘
09:30:37	9.16	-0.03	278	254648	卖盘
09:30:22	9.19	--	67	61573	买盘
09:30:12	9.19	-0.01	65	59735	买盘
09:30:07	9.2	--	557	512439	卖盘
09:30:01	9.2	--	152	139840	买盘
09:28:57	9.2	--	0	0	买盘
09:25:06	9.2	9.2	968	890559	买盘
