成交时间	成交价	价格变动	成交量(手)	成交额(元)	性质
15:00:00	10.63	--	0	0	中性盘
15:00:00	10.63	0.01	0	0	中性盘
14:59:58	10.62	-0.01	92	97704	卖盘
14:59:52	10.63	0.01	48	51024	买盘
14:59:48	10.62	-0.01	7	7433	卖盘
14:59:43	10.63	--	110	116930	买盘
14:59:37	10.63	--	41	43583	买盘
14:59:22	10.63	0.01	26	27638	买盘
14:59:13	10.62	--	1	1062	卖盘
14:59:07	10.62	-0.01	21	22302	卖盘
14:58:43	10.63	--	0	0	买盘
14:58:37	10.63	0.01	21	22323	买盘
14:58:33	10.62	-0.01	34	36108	卖盘
14:58:28	10.63	--	12	12756	买盘
14:58:18	10.63	--	0	0	买盘
14:58:13	10.63	0.01	67	71221	买盘
14:58:07	10.62	--	8	8496	卖盘
14:57:58	10.62	--	12	12743	卖盘
14:57:52	10.62	--	4	4248	卖盘
14:57:43	10.62	--	20	21240	卖盘
14:57:33	10.62	--	6	6371	卖盘
14:57:27	10.62	--	186	197532	买盘
14:57:22	10.62	0.01	2	2124	买盘
14:57:18	10.61	--	10	10610	卖盘
14:57:07	10.61	0.01	11	11671	卖盘
14:56:57	10.6	-0.01	30	31800	卖盘
14:56:52	10.61	--	1	1061	卖盘
14:56:48	10.61	--	114	120954	买盘
14:56:42	10.61	--	55	58365	买盘
14:56:27	10.61	--	31	32891	买盘
14:56:22	10.61	-0.01	30	31830	卖盘
14:56:12	10.62	--	34	36108	买盘
14:56:07	10.62	0.01	17	18054	买盘
14:55:57	10.61	--	8	8488	卖盘
14:55:52	10.61	--	10	10610	卖盘
14:55:42	10.61	-0.01	57	60477	卖盘
14:55:27	10.62	0.01	75	79650	买盘
14:55:22	10.61	--	102	108222	卖盘
14:55:12	10.61	--	18	19098	卖盘
14:55:07	10.61	0.01	2	2122	卖盘
14:54:52	10.6	--	50	53000	卖盘
14:54:46	10.6	-0.02	4	4240	卖盘
14:54:42	10.62	--	2	2124	买盘
14:54:37	10.62	--	10	10620	买盘
14:54:31	10.62	0.02	10	10620	买盘
14:54:27	10.6	-0.02	33	34980	卖盘
14:54:22	10.62	0.01	211	224081	买盘
14:54:12	10.61	-0.01	15	15915	卖盘
14:53:42	10.62	--	1	1062	买盘
14:53:37	10.62	--	12	12743	买盘
14:53:27	10.62	0.01	20	21240	买盘
14:53:12	10.61	-0.01	205	217505	卖盘
14:52:56	10.62	0.01	10	10620	买盘
14:52:52	10.61	--	96	101856	卖盘
14:52:46	10.61	--	100	106100	卖盘
14:52:41	10.61	--	4	4244	卖盘
14:52:37	10.61	--	41	43501	卖盘
14:52:27	10.61	-0.01	20	21220	卖盘
14:52:22	10.62	--	4	4248	买盘
14:52:16	10.62	--	55	59132	买盘
14:52:01	10.62	--	59	62657	买盘
14:51:52	10.62	0.01	50	53099	买盘
14:51:42	10.61	--	5	5305	卖盘
14:51:37	10.61	-0.01	303	321483	卖盘
14:51:31	10.62	0.01	6	6371	买盘
14:51:22	10.61	-0.01	259	274799	卖盘
14:50:52	10.62	--	20	21240	买盘
14:50:46	10.62	--	25	26549	买盘
14:50:37	10.62	--	56	59471	买盘
14:50:31	10.62	0.01	7	7433	买盘
14:50:21	10.61	-0.01	30	31830	卖盘
14:49:56	10.62	0.01	95	100889	买盘
14:49:46	10.61	-0.01	20	21220	卖盘
14:49:36	10.62	--	13	13805	买盘
14:49:31	10.62	--	15	15929	买盘
14:49:21	10.62	0.01	90	95580	买盘
14:49:16	10.61	-0.01	19	20201	卖盘
14:49:06	10.62	0.01	11	11682	买盘
14:49:01	10.61	-0.01	20	21220	卖盘
14:48:51	10.62	--	10	10620	买盘
14:48:36	10.62	--	2	2124	买盘
14:48:31	10.62	--	10	10620	买盘
14:48:25	10.62	--	5	5310	买盘
14:48:16	10.62	--	100	106199	买盘
14:47:51	10.62	--	1	1062	买盘
14:47:46	10.62	--	20	21240	买盘
14:47:36	10.62	--	112	118943	买盘
14:47:25	10.62	0.01	30	31859	买盘
14:47:06	10.61	--	20	21220	卖盘
14:47:01	10.61	-0.01	208	220688	卖盘
14:46:36	10.62	--	2	2124	买盘
14:45:55	10.62	--	2	2124	买盘
14:45:46	10.62	--	69	73278	买盘
14:45:40	10.62	--	25	26549	买盘
14:45:35	10.62	0.01	82	87084	买盘
14:45:25	10.61	--	3	3183	卖盘
14:45:16	10.61	--	113	119893	买盘
14:45:10	10.61	0.01	55	58355	买盘
14:45:05	10.6	--	11	11660	卖盘
14:44:50	10.6	--	2	2120	卖盘
14:44:46	10.6	--	20	21200	卖盘
14:44:40	10.6	--	10	10600	卖盘
14:44:35	10.6	--	13	13780	卖盘
14:44:31	10.6	--	5	5300	卖盘
14:44:25	10.6	--	56	59360	卖盘
14:44:20	10.6	--	36	38160	卖盘
14:44:01	10.6	0.01	20	21475	买盘
14:43:55	10.59	--	20	21180	卖盘
14:43:50	10.59	--	50	52950	卖盘
14:43:40	10.59	--	20	21180	卖盘
14:43:25	10.59	--	65	68835	卖盘
14:43:15	10.59	--	12	12708	卖盘
14:43:10	10.59	-0.01	69	73071	卖盘
14:42:30	10.6	--	7	8204	卖盘
14:42:25	10.6	--	0	0	卖盘
14:42:15	10.6	--	49	51940	卖盘
14:41:55	10.6	--	0	0	卖盘
14:41:45	10.6	--	50	53000	卖盘
14:41:40	10.6	--	400	424000	卖盘
14:41:25	10.6	-0.01	35	37100	卖盘
14:41:19	10.61	0.01	80	84880	买盘
14:41:15	10.6	-0.01	102	108120	卖盘
14:41:10	10.61	0.01	21	22281	买盘
14:40:55	10.6	--	10	10600	卖盘
14:40:40	10.6	--	42	44520	卖盘
14:40:25	10.6	0.01	118	125355	买盘
14:40:10	10.59	--	4	4236	卖盘
14:40:00	10.59	-0.01	6	6354	卖盘
14:39:55	10.6	0.01	10	10600	买盘
14:39:49	10.59	0.01	1	1059	卖盘
14:39:45	10.58	--	0	0	卖盘
14:39:34	10.58	-0.02	200	211600	卖盘
14:39:30	10.6	--	11	12444	卖盘
14:39:10	10.6	--	5	5300	卖盘
14:39:04	10.6	0.02	5	5575	买盘
14:38:55	10.58	-0.02	100	105800	卖盘
14:38:49	10.6	0.01	50	53000	买盘
14:38:44	10.59	--	44	46596	买盘
14:38:40	10.59	--	64	67797	卖盘
14:38:34	10.59	-0.01	357	379100	卖盘
14:38:25	10.6	--	18	19080	买盘
14:38:19	10.6	-0.03	149	158703	卖盘
14:38:09	10.63	0.02	110	116930	买盘
14:38:04	10.61	0.01	20	21220	买盘
14:37:59	10.6	-0.01	10	10600	卖盘
14:37:49	10.61	--	503	533683	卖盘
14:37:34	10.61	-0.01	21	22578	卖盘
14:37:19	10.62	--	426	452932	卖盘
14:37:14	10.62	--	0	0	卖盘
14:37:10	10.62	-0.01	100	106199	卖盘
14:37:04	10.63	--	4	4252	卖盘
14:36:59	10.63	0.01	5	5315	中性盘
14:36:55	10.62	-0.01	100	106199	卖盘
14:36:49	10.63	--	201	213663	买盘
14:36:24	10.63	--	20	21260	买盘
14:36:09	10.63	0.01	59	62717	买盘
14:36:04	10.62	-0.01	10	10620	卖盘
14:35:54	10.63	--	20	21260	买盘
14:35:49	10.63	0.01	11	11693	卖盘
14:35:39	10.62	--	16	16992	卖盘
14:35:34	10.62	-0.01	155	164610	卖盘
14:35:29	10.63	--	9	9567	卖盘
14:35:24	10.63	0.01	24	26054	买盘
14:35:14	10.62	-0.01	1	1062	卖盘
14:35:09	10.63	--	6	6378	买盘
14:35:04	10.63	--	48	51544	卖盘
14:34:39	10.63	--	51	54755	买盘
14:34:19	10.63	0.01	10	10630	买盘
14:34:04	10.62	-0.01	20	21240	卖盘
14:33:58	10.63	0.01	1	1063	买盘
14:33:43	10.62	-0.01	50	53099	卖盘
14:33:39	10.63	--	9	9567	买盘
14:33:34	10.63	--	20	21260	买盘
14:33:24	10.63	--	47	50481	卖盘
14:33:19	10.63	0.01	52	55818	买盘
14:33:09	10.62	-0.01	16	16992	卖盘
14:33:04	10.63	--	5	5315	买盘
14:32:58	10.63	--	1	1063	买盘
14:32:54	10.63	-0.01	38	40914	卖盘
14:32:49	10.64	0.01	5	5320	买盘
14:32:39	10.63	--	19	20197	卖盘
14:32:34	10.63	--	10	10821	卖盘
14:32:18	10.63	--	30	31890	卖盘
14:32:09	10.63	--	11	11693	卖盘
14:32:04	10.63	--	50	53150	卖盘
14:31:53	10.63	-0.01	11	11693	卖盘
14:31:49	10.64	0.01	219	233016	买盘
14:31:23	10.63	--	116	123658	买盘
14:31:19	10.63	--	159	169017	买盘
14:31:13	10.63	--	10	10630	买盘
14:31:04	10.63	0.01	142	150946	买盘
14:30:58	10.62	-0.01	1	1062	卖盘
14:30:53	10.63	--	10	10630	买盘
14:30:49	10.63	--	1	1063	买盘
14:30:34	10.63	0.01	53	56339	买盘
14:30:28	10.62	-0.01	1	1062	卖盘
14:30:19	10.63	--	1	1063	买盘
14:30:08	10.63	-0.01	10	10630	卖盘
14:29:58	10.64	0.01	300	319200	买盘
14:29:49	10.63	--	47	49961	买盘
14:29:34	10.63	--	68	72284	卖盘
14:29:28	10.63	0.03	432	459216	买盘
14:29:13	10.6	-0.02	59	62540	中性盘
14:29:08	10.62	0.03	500	531000	买盘
14:29:03	10.59	-0.01	5	5295	卖盘
14:28:58	10.6	--	26	27560	卖盘
14:28:53	10.6	--	181	191860	买盘
14:28:48	10.6	--	31	32860	买盘
14:28:43	10.6	--	56	59360	买盘
14:28:38	10.6	--	136	144160	卖盘
14:28:33	10.6	--	4	4240	卖盘
14:28:08	10.6	--	1	1060	卖盘
14:28:03	10.6	--	205	217300	买盘
14:27:58	10.6	--	30	31800	买盘
14:27:53	10.6	--	4	4240	买盘
14:27:48	10.6	--	16	16960	买盘
14:27:43	10.6	--	35	37100	买盘
14:27:33	10.6	-0.01	31	32860	中性盘
14:27:22	10.61	0.01	30	31830	买盘
14:27:18	10.6	--	296	313760	卖盘
14:27:13	10.6	--	9	9540	卖盘
14:27:03	10.6	--	5	5300	卖盘
14:26:58	10.6	-0.01	3	3180	卖盘
14:26:48	10.61	0.01	75	79575	买盘
14:26:43	10.6	--	437	463220	买盘
14:26:37	10.6	--	33	34980	卖盘
14:26:33	10.6	--	41	43460	卖盘
14:26:22	10.6	0.01	126	133560	买盘
14:26:18	10.59	-0.01	300	317700	卖盘
14:26:13	10.6	0.02	4	4240	买盘
14:26:07	10.58	-0.01	802	848516	卖盘
14:26:03	10.59	0.01	469	496671	买盘
14:25:58	10.58	--	6	6348	卖盘
14:25:48	10.58	--	68	71944	买盘
14:25:43	10.58	0.01	43	45494	买盘
14:25:37	10.57	-0.01	69	72933	卖盘
14:25:33	10.58	--	45	47610	买盘
14:25:28	10.58	--	30	31740	买盘
14:25:18	10.58	0.02	95	100510	买盘
14:25:13	10.56	-0.03	386	407616	卖盘
14:25:07	10.59	0.01	150	158850	买盘
14:25:03	10.58	-0.01	2	2116	卖盘
14:24:58	10.59	-0.01	15	15885	卖盘
14:24:52	10.6	0.03	20	21200	买盘
14:24:47	10.57	-0.03	200	211400	卖盘
14:24:43	10.6	0.01	629	666740	买盘
14:24:27	10.59	-0.01	300	317700	卖盘
14:24:22	10.6	-0.01	2525	2676500	卖盘
14:24:13	10.61	-0.02	320	339520	卖盘
14:24:07	10.63	0.01	20	21260	买盘
14:23:58	10.62	--	209	221957	卖盘
14:23:52	10.62	--	300	318600	卖盘
14:23:43	10.62	--	20	21240	卖盘
14:23:37	10.62	--	10	10620	卖盘
14:23:32	10.62	--	10	10620	卖盘
14:23:27	10.62	--	16	16992	卖盘
14:23:17	10.62	--	15	15929	买盘
14:23:13	10.62	--	4	4248	卖盘
14:22:58	10.62	--	142	150804	卖盘
14:22:52	10.62	--	1	1062	卖盘
14:22:47	10.62	-0.01	30	31859	卖盘
14:22:43	10.63	--	4	4252	买盘
14:22:28	10.63	0.01	112	119056	买盘
14:22:13	10.62	-0.01	109	115757	卖盘
14:22:07	10.63	--	12	12756	买盘
14:22:02	10.63	0.01	1	1063	买盘
14:21:57	10.62	-0.01	20	21240	卖盘
14:21:52	10.63	0.01	10	10630	买盘
14:21:47	10.62	--	24	25487	卖盘
14:21:37	10.62	--	127	134874	卖盘
14:21:32	10.62	--	23	24426	卖盘
14:21:22	10.62	--	1	1062	卖盘
14:21:17	10.62	--	7	7433	卖盘
14:21:02	10.62	-0.01	24	25487	卖盘
14:20:57	10.63	--	6	6378	买盘
14:20:47	10.63	--	100	106300	买盘
14:20:37	10.63	--	30	31890	买盘
14:20:32	10.63	--	58	61654	卖盘
14:20:22	10.63	--	20	21260	卖盘
14:20:12	10.63	--	20	21260	卖盘
14:19:57	10.63	--	100	106300	卖盘
14:19:52	10.63	-0.01	5	5315	卖盘
14:19:42	10.64	0.01	7	7448	买盘
14:19:27	10.63	--	18	19134	卖盘
14:19:22	10.63	--	41	43583	卖盘
14:19:12	10.63	--	102	108426	买盘
14:19:07	10.63	0.01	20	21260	买盘
14:18:57	10.62	--	76	80712	买盘
14:18:52	10.62	--	140	148680	买盘
14:18:46	10.62	--	119	126377	卖盘
14:18:27	10.62	--	48	50975	买盘
14:18:16	10.62	--	20	21240	买盘
14:18:12	10.62	0.01	4	4248	买盘
14:18:01	10.61	--	0	0	卖盘
14:17:57	10.61	-0.02	249	264189	卖盘
14:17:52	10.63	0.02	14	14882	买盘
14:17:42	10.61	--	0	0	卖盘
14:17:37	10.61	-0.01	201	213261	卖盘
14:17:31	10.62	-0.01	500	531000	卖盘
14:17:06	10.63	--	31	32953	买盘
14:17:01	10.63	--	19	20197	买盘
14:16:41	10.63	--	10	10630	买盘
14:16:31	10.63	--	29	30827	卖盘
14:16:16	10.63	--	30	31890	卖盘
14:16:11	10.63	--	50	53150	卖盘
14:16:01	10.63	--	10	10630	卖盘
14:15:56	10.63	-0.01	2	2126	卖盘
14:15:52	10.64	0.01	5	5320	买盘
14:15:37	10.63	--	4	4252	卖盘
14:15:31	10.63	--	101	107363	卖盘
14:15:26	10.63	--	7	7441	卖盘
14:15:16	10.63	--	50	53150	卖盘
14:15:01	10.63	--	35	37205	卖盘
14:14:16	10.63	-0.01	100	106300	卖盘
14:14:06	10.64	--	20	21280	买盘
14:13:46	10.64	-0.01	177	188551	卖盘
14:13:01	10.65	--	62	66030	买盘
14:12:46	10.65	-0.01	86	91590	卖盘
14:12:35	10.66	-0.01	3	3198	买盘
14:12:21	10.67	0.02	300	320100	买盘
14:12:16	10.65	-0.01	1	1065	卖盘
14:12:06	10.66	--	19	20254	卖盘
14:11:50	10.66	-0.01	20	21320	卖盘
14:11:31	10.67	--	7	7469	买盘
14:11:06	10.67	0.01	86	91762	买盘
14:10:55	10.66	0.01	10	10660	买盘
14:10:46	10.65	--	1	1065	卖盘
14:10:25	10.65	--	4	4260	卖盘
14:10:20	10.65	0.01	31	33015	买盘
14:10:16	10.64	-0.01	19	20216	卖盘
14:10:10	10.65	--	8	8520	买盘
14:09:55	10.65	--	0	0	中性盘
14:09:45	10.65	--	0	0	买盘
14:09:40	10.65	--	554	590010	买盘
14:09:20	10.65	-0.02	442	470730	卖盘
14:09:10	10.67	0.01	40	42680	买盘
14:08:50	10.66	-0.01	50	53300	卖盘
14:08:46	10.67	0.01	87	92829	买盘
14:08:40	10.66	--	9	9594	卖盘
14:08:30	10.66	-0.01	5	5330	卖盘
14:08:20	10.67	--	82	87494	买盘
14:08:15	10.67	--	12	12804	买盘
14:08:10	10.67	--	9	9603	买盘
14:07:40	10.67	-0.01	75	80142	卖盘
14:07:30	10.68	0.01	5	5340	买盘
14:07:25	10.67	--	10	10670	卖盘
14:07:15	10.67	--	34	36278	卖盘
14:06:55	10.67	--	10	10670	卖盘
14:06:40	10.67	--	44	46948	卖盘
14:06:25	10.67	--	22	24423	买盘
14:06:20	10.67	-0.01	27	28926	卖盘
14:06:15	10.68	0.01	20	21360	买盘
14:06:10	10.67	0.01	172	184473	买盘
14:06:00	10.66	--	20	21320	卖盘
14:05:55	10.66	-0.01	13	13975	卖盘
14:05:49	10.67	0.01	128	137525	买盘
14:05:40	10.66	-0.01	19	20254	卖盘
14:05:25	10.67	0.01	15	16005	买盘
14:05:19	10.66	-0.01	10	10660	卖盘
14:05:15	10.67	--	1	1067	买盘
14:05:10	10.67	--	20	21340	买盘
14:04:55	10.67	--	10	10670	买盘
14:04:45	10.67	--	10	10670	买盘
14:04:40	10.67	--	95	101482	卖盘
14:04:34	10.67	--	13	13871	卖盘
14:04:30	10.67	--	150	160050	卖盘
14:04:19	10.67	--	1	1067	卖盘
14:04:15	10.67	0.01	82	88443	买盘
14:04:00	10.66	-0.01	20	21320	卖盘
14:03:49	10.67	0.01	5	5335	买盘
14:03:45	10.66	--	50	53300	卖盘
14:03:19	10.66	--	25	26650	买盘
14:03:04	10.66	--	116	123656	买盘
14:02:59	10.66	--	13	13858	买盘
14:02:49	10.66	-0.01	51	54366	卖盘
14:02:44	10.67	--	75	80025	买盘
14:02:39	10.67	--	50	53350	买盘
14:02:24	10.67	--	2	2134	买盘
14:02:04	10.67	0.01	28	29876	买盘
14:01:39	10.66	--	8	8528	买盘
14:01:34	10.66	--	101	107666	买盘
14:01:19	10.66	--	105	111930	买盘
14:01:09	10.66	--	52	55432	买盘
14:00:59	10.66	--	20	21320	买盘
14:00:49	10.66	--	5	5330	买盘
14:00:44	10.66	--	50	53300	买盘
14:00:39	10.66	0.01	32	34112	买盘
14:00:24	10.65	-0.01	16	17040	卖盘
14:00:09	10.66	0.01	10	10660	买盘
13:59:54	10.65	--	59	62835	卖盘
13:59:34	10.65	--	1	1065	卖盘
13:59:24	10.65	-0.01	10	10650	卖盘
13:59:19	10.66	0.02	10	10660	买盘
13:59:09	10.64	-0.01	500	532000	卖盘
13:58:39	10.65	--	20	21300	买盘
13:58:34	10.65	--	10	10650	买盘
13:58:24	10.65	--	3	3195	买盘
13:58:09	10.65	--	2	2130	买盘
13:57:49	10.65	-0.01	26	27690	卖盘
13:57:39	10.66	0.01	10	10660	买盘
13:57:19	10.65	0.01	17	18105	买盘
13:57:13	10.64	-0.01	2	2128	卖盘
13:57:09	10.65	0.01	4	4260	买盘
13:57:03	10.64	-0.01	400	425600	卖盘
13:56:48	10.65	--	5	5325	买盘
13:56:43	10.65	--	5	5325	买盘
13:56:33	10.65	--	12	12780	买盘
13:56:28	10.65	--	30	31950	买盘
13:56:18	10.65	--	10	10650	买盘
13:55:48	10.65	--	10	10650	买盘
13:55:43	10.65	--	31	33015	买盘
13:55:38	10.65	--	24	25560	买盘
13:55:08	10.65	--	182	193830	卖盘
13:55:04	10.65	--	5	5325	卖盘
13:54:53	10.65	-0.01	36	38340	卖盘
13:54:48	10.66	0.01	1	1066	买盘
13:54:43	10.65	--	46	48990	卖盘
13:54:38	10.65	-0.01	30	31950	卖盘
13:54:23	10.66	--	12	12792	买盘
13:54:18	10.66	--	126	134316	买盘
13:54:13	10.66	--	49	52234	买盘
13:54:03	10.66	--	6	6396	买盘
13:53:53	10.66	--	16	17056	买盘
13:53:43	10.66	--	10	10660	买盘
13:53:38	10.66	--	10	10660	买盘
13:53:33	10.66	--	14	14924	买盘
13:53:28	10.66	--	5	5330	买盘
13:53:08	10.66	--	28	29848	买盘
13:52:58	10.66	0.01	2	2132	买盘
13:52:33	10.65	--	168	178920	买盘
13:52:28	10.65	0.01	30	31950	买盘
13:52:18	10.64	--	26	27664	卖盘
13:52:13	10.64	--	15	15960	卖盘
13:51:52	10.64	-0.01	16	17024	卖盘
13:51:48	10.65	--	25	26625	买盘
13:51:22	10.65	--	10	10650	买盘
13:51:07	10.65	0.01	8	8520	买盘
13:51:03	10.64	-0.01	61	64904	卖盘
13:50:58	10.65	0.01	10	10650	买盘
13:50:52	10.64	--	108	114912	卖盘
13:50:48	10.64	--	2	2128	卖盘
13:50:18	10.64	--	4	4256	卖盘
13:50:03	10.64	--	6	6384	卖盘
13:49:52	10.64	--	10	10640	卖盘
13:49:47	10.64	--	5	5320	卖盘
13:49:17	10.64	-0.01	5	5320	卖盘
13:49:12	10.65	0.01	120	127800	买盘
13:48:57	10.64	-0.01	59	62776	卖盘
13:48:52	10.65	0.01	6	6390	买盘
13:48:12	10.64	--	2	2128	卖盘
13:48:07	10.64	--	1	1064	卖盘
13:48:02	10.64	--	20	21280	卖盘
13:47:52	10.64	-0.01	60	63840	卖盘
13:47:47	10.65	--	5	5325	买盘
13:47:22	10.65	--	22	23430	买盘
13:46:57	10.65	0.01	1	1065	买盘
13:46:42	10.64	-0.01	16	17024	卖盘
13:46:27	10.65	0.01	84	89460	买盘
13:46:17	10.64	--	2	2968	买盘
13:46:12	10.64	--	6	6384	买盘
13:46:07	10.64	--	93	98952	买盘
13:45:42	10.64	--	5	5320	买盘
13:45:37	10.64	0.01	9	9576	买盘
13:45:27	10.63	--	20	21260	卖盘
13:45:07	10.63	--	40	42520	卖盘
13:45:01	10.63	0.01	19	20197	买盘
13:44:57	10.62	-0.01	374	397187	卖盘
13:44:52	10.63	--	73	77599	买盘
13:44:46	10.63	0.01	4	4252	买盘
13:44:42	10.62	-0.01	5	5310	卖盘
13:44:27	10.63	--	90	95670	买盘
13:44:22	10.63	--	7	7441	买盘
13:44:12	10.63	--	9	9567	买盘
13:44:07	10.63	0.01	28	29764	买盘
13:44:01	10.62	-0.01	240	254879	卖盘
13:43:57	10.63	--	22	23386	买盘
13:43:52	10.63	--	9	9567	买盘
13:43:46	10.63	--	3	3189	买盘
13:43:42	10.63	--	6	6378	买盘
13:43:37	10.63	--	39	41457	卖盘
13:43:27	10.63	--	234	248742	卖盘
13:43:22	10.63	--	650	690950	卖盘
13:43:16	10.63	--	10	10630	卖盘
13:43:12	10.63	--	180	191340	卖盘
13:43:07	10.63	--	5	5315	卖盘
13:42:57	10.63	--	29	30827	卖盘
13:42:46	10.63	--	24	25512	卖盘
13:42:42	10.63	-0.01	108	114804	卖盘
13:42:06	10.64	--	29	30856	买盘
13:42:01	10.64	--	10	10640	买盘
13:41:51	10.64	--	104	110656	买盘
13:41:46	10.64	--	17	18088	买盘
13:41:41	10.64	-0.01	532	566271	卖盘
13:41:31	10.65	0.01	28	29820	买盘
13:41:21	10.64	-0.01	8	8512	卖盘
13:41:11	10.65	0.01	4	4260	买盘
13:40:51	10.64	--	30	31920	卖盘
13:40:46	10.64	--	10	10640	卖盘
13:40:36	10.64	-0.01	110	117040	卖盘
13:40:31	10.65	--	20	21300	买盘
13:40:26	10.65	0.01	25	26625	买盘
13:40:21	10.64	-0.01	3	3192	卖盘
13:40:01	10.65	--	3	3195	买盘
13:39:41	10.65	0.01	3	3195	买盘
13:39:31	10.64	-0.01	10	10640	卖盘
13:39:21	10.65	0.01	10	10650	买盘
13:39:16	10.64	--	1	1064	卖盘
13:39:06	10.64	-0.01	20	21280	卖盘
13:39:01	10.65	0.01	5	5325	买盘
13:38:51	10.64	-0.01	15	15960	卖盘
13:38:46	10.65	0.01	10	10650	买盘
13:38:41	10.64	-0.01	364	387296	卖盘
13:38:21	10.65	0.01	51	54315	买盘
13:38:06	10.64	-0.01	31	32984	卖盘
13:38:01	10.65	--	5	5325	买盘
13:37:56	10.65	--	23	24495	买盘
13:37:51	10.65	--	101	107565	买盘
13:37:46	10.65	--	45	47925	买盘
13:37:40	10.65	--	1	1065	买盘
13:37:36	10.65	--	16	17040	买盘
13:37:25	10.65	--	81	86265	买盘
13:37:20	10.65	--	5	5325	买盘
13:36:55	10.65	--	3	3195	卖盘
13:36:51	10.65	--	9	9585	买盘
13:36:46	10.65	0.01	54	57510	买盘
13:36:36	10.64	-0.01	8	8512	卖盘
13:36:31	10.65	0.01	81	86265	买盘
13:36:25	10.64	-0.01	100	106400	卖盘
13:36:21	10.65	--	5	5325	买盘
13:36:10	10.65	0.01	84	89460	买盘
13:36:01	10.64	-0.01	1	1064	卖盘
13:35:55	10.65	0.01	14	14910	买盘
13:35:40	10.64	0.01	133	142352	买盘
13:35:35	10.63	--	2	2126	卖盘
13:35:30	10.63	-0.01	9	9567	卖盘
13:35:15	10.64	--	5	5320	买盘
13:35:10	10.64	--	150	159823	卖盘
13:34:55	10.64	--	50	53200	卖盘
13:34:50	10.64	--	90	95760	卖盘
13:34:40	10.64	--	61	64904	卖盘
13:34:30	10.64	0.01	93	99792	买盘
13:34:15	10.63	--	6	6378	卖盘
13:34:00	10.63	-0.01	71	75473	卖盘
13:33:45	10.64	0.01	50	53200	买盘
13:33:40	10.63	--	10	10630	卖盘
13:33:25	10.63	-0.01	8	8504	卖盘
13:33:15	10.64	--	38	40655	卖盘
13:33:00	10.64	--	632	672554	卖盘
13:32:50	10.64	--	20	21280	卖盘
13:32:35	10.64	-0.01	10	10640	卖盘
13:32:10	10.65	0.01	10	10650	买盘
13:32:00	10.64	-0.01	7	7448	卖盘
13:31:55	10.65	--	376	400440	卖盘
13:31:50	10.65	--	50	53250	卖盘
13:31:45	10.65	-0.01	29	30885	卖盘
13:31:40	10.66	--	40	42640	买盘
13:31:30	10.66	0.01	7	7462	买盘
13:31:10	10.65	--	50	53250	卖盘
13:31:00	10.65	--	18	19170	卖盘
13:30:45	10.65	--	17	18105	卖盘
13:30:30	10.65	--	23	24495	卖盘
13:30:25	10.65	-0.01	125	133125	卖盘
13:30:15	10.66	0.01	14	14924	买盘
13:30:10	10.65	--	13	13845	卖盘
13:30:00	10.65	0.01	13	13845	卖盘
13:29:34	10.64	-0.01	5	5320	卖盘
13:29:30	10.65	--	82	87361	买盘
13:29:25	10.65	--	73	77745	买盘
13:29:14	10.65	--	4	5293	卖盘
13:29:10	10.65	--	6	6421	买盘
13:29:04	10.65	--	10	10650	买盘
13:28:59	10.65	--	36	38340	买盘
13:28:55	10.65	0.01	23	24495	买盘
13:28:49	10.64	-0.01	10	10640	卖盘
13:28:39	10.65	--	5	5325	买盘
13:28:30	10.65	--	33	36178	卖盘
13:28:19	10.65	--	2	2130	卖盘
13:28:14	10.65	--	3	3226	卖盘
13:28:04	10.65	--	178	189570	买盘
13:27:59	10.65	--	7	7455	买盘
13:27:54	10.65	--	21	22365	买盘
13:27:44	10.65	0.01	2	2130	买盘
13:27:39	10.64	--	20	21280	卖盘
13:27:34	10.64	--	10	10640	卖盘
13:27:14	10.64	-0.01	50	53200	卖盘
13:27:09	10.65	--	70	74550	买盘
13:27:04	10.65	0.01	91	96915	买盘
13:26:54	10.64	-0.01	1	1064	卖盘
13:26:39	10.65	--	40	42600	买盘
13:26:24	10.65	--	40	42600	买盘
13:26:19	10.65	0.01	5	5325	买盘
13:26:09	10.64	--	21	22344	卖盘
13:26:04	10.64	-0.01	29	30856	卖盘
13:25:39	10.65	--	50	53250	买盘
13:25:29	10.65	0.01	10	10650	买盘
13:25:19	10.64	-0.01	10	11448	卖盘
13:25:14	10.65	0.01	50	53250	买盘
13:25:08	10.64	-0.01	30	31920	卖盘
13:24:59	10.65	--	10	10650	买盘
13:24:54	10.65	--	3	3195	买盘
13:24:34	10.65	--	45	47925	卖盘
13:24:24	10.65	--	5	5325	卖盘
13:24:19	10.65	0.01	36	38340	买盘
13:23:59	10.64	--	35	38197	买盘
13:23:54	10.64	--	39	41496	买盘
13:23:49	10.64	--	25	26600	买盘
13:23:39	10.64	-0.02	409	435282	卖盘
13:23:34	10.66	0.01	13	13858	买盘
13:23:24	10.65	--	22	23430	卖盘
13:23:19	10.65	--	4	4260	卖盘
13:23:08	10.65	--	6	6390	卖盘
13:22:54	10.65	--	10	10650	卖盘
13:22:43	10.65	--	300	319500	卖盘
13:22:34	10.65	-0.01	100	106500	卖盘
13:22:23	10.66	--	3	3198	买盘
13:21:48	10.66	--	178	189748	卖盘
13:21:39	10.66	--	21	22386	卖盘
13:21:28	10.66	--	155	165230	卖盘
13:21:23	10.66	--	20	21320	卖盘
13:21:18	10.66	--	20	21320	卖盘
13:21:13	10.66	--	4	4264	卖盘
13:21:08	10.66	--	12	12792	卖盘
13:21:03	10.66	-0.01	60	63960	卖盘
13:20:53	10.67	--	12	12804	买盘
13:20:48	10.67	0.01	3	3201	买盘
13:20:38	10.66	-0.01	11	11726	卖盘
13:20:28	10.67	--	122	130174	买盘
13:20:18	10.67	--	10	10670	买盘
13:20:13	10.67	0.01	40	42680	买盘
13:20:08	10.66	--	1	1066	卖盘
13:20:03	10.66	--	5	5330	卖盘
13:19:58	10.66	--	10	10660	卖盘
13:19:43	10.66	--	210	223860	买盘
13:19:38	10.66	-0.01	12	12792	买盘
13:19:33	10.67	--	0	0	买盘
13:19:28	10.67	0.01	50	53350	买盘
13:19:23	10.66	-0.01	276	294333	卖盘
13:19:08	10.67	0.01	59	62953	买盘
13:19:03	10.66	-0.01	60	63960	卖盘
13:18:58	10.67	0.01	10	10670	买盘
13:18:38	10.66	-0.01	35	37310	卖盘
13:18:33	10.67	-0.01	21	22407	买盘
13:18:23	10.68	--	0	0	买盘
13:18:18	10.68	0.01	236	252998	买盘
13:18:13	10.67	--	8	8536	卖盘
13:18:03	10.67	-0.01	115	122705	卖盘
13:17:48	10.68	0.01	20	21360	买盘
13:17:43	10.67	-0.01	2	2134	卖盘
13:17:28	10.68	--	3	3204	买盘
13:17:18	10.68	0.01	10	10680	买盘
13:17:02	10.67	-0.01	10	10670	卖盘
13:16:48	10.68	--	287	306516	买盘
13:16:43	10.68	--	2	2136	买盘
13:16:28	10.68	--	100	106800	买盘
13:16:18	10.68	--	187	199876	卖盘
13:16:07	10.68	--	20	21360	卖盘
13:16:03	10.68	--	19	20292	卖盘
13:15:58	10.68	--	25	26700	卖盘
13:15:48	10.68	--	17	19063	卖盘
13:15:43	10.68	-0.01	4	4272	卖盘
13:15:28	10.69	--	12	13790	卖盘
13:15:22	10.69	--	4	4276	卖盘
13:15:18	10.69	--	10	10690	卖盘
13:15:13	10.69	--	12	12828	卖盘
13:15:03	10.69	--	148	158318	买盘
13:14:48	10.69	--	5	5345	买盘
13:14:22	10.69	0.01	34	37308	买盘
13:14:07	10.68	--	91	97188	卖盘
13:13:37	10.68	--	5	5340	卖盘
13:13:22	10.68	--	20	21360	卖盘
13:13:07	10.68	-0.01	200	213600	卖盘
13:12:37	10.69	0.01	2	2138	买盘
13:12:17	10.68	-0.01	17	18156	卖盘
13:12:12	10.69	0.01	95	101555	买盘
13:12:07	10.68	--	18	19224	卖盘
13:11:52	10.68	--	1	1068	卖盘
13:11:47	10.68	--	50	53400	卖盘
13:11:42	10.68	--	25	26700	卖盘
13:11:12	10.68	-0.01	1	1068	卖盘
13:11:07	10.69	0.01	10	10690	买盘
13:10:46	10.68	-0.01	200	213600	卖盘
13:10:42	10.69	--	100	106900	买盘
13:10:37	10.69	--	20	21380	买盘
13:10:22	10.69	--	50	53450	买盘
13:10:07	10.69	--	5	5345	买盘
13:09:41	10.69	--	41	43829	买盘
13:09:27	10.69	--	210	224490	买盘
13:09:12	10.69	0.01	14	14966	买盘
13:08:27	10.68	-0.01	15	16020	卖盘
13:08:16	10.69	--	3	3207	买盘
13:07:56	10.69	0.01	7	7483	买盘
13:07:52	10.68	-0.01	4	4272	卖盘
13:07:42	10.69	--	2	2138	买盘
13:07:36	10.69	--	43	45967	卖盘
13:07:21	10.69	--	9	9621	卖盘
13:07:01	10.69	--	13	13897	卖盘
13:06:46	10.69	--	1	1069	卖盘
13:06:36	10.69	--	70	74830	卖盘
13:06:06	10.69	--	40	42760	卖盘
13:05:56	10.69	--	1	1069	卖盘
13:05:46	10.69	-0.01	42	44898	卖盘
13:05:41	10.7	--	5	5350	买盘
13:05:36	10.7	--	5	5350	买盘
13:05:01	10.7	--	442	472939	买盘
13:04:46	10.7	0.01	5	5350	买盘
13:04:41	10.69	--	8	8552	卖盘
13:04:36	10.69	-0.01	2	2138	卖盘
13:04:21	10.7	0.01	3	3210	买盘
13:03:50	10.69	--	6	6414	买盘
13:03:36	10.69	--	5	5345	买盘
13:03:31	10.69	--	3	3207	买盘
13:03:06	10.69	0.01	10	10690	买盘
13:02:35	10.68	--	4	4272	卖盘
13:02:31	10.68	--	0	0	卖盘
13:02:26	10.68	-0.02	8	8544	卖盘
13:02:21	10.7	0.01	149	159430	买盘
13:02:16	10.69	--	188	200972	卖盘
13:02:10	10.69	--	4	4276	卖盘
13:02:06	10.69	--	12	12828	卖盘
13:02:01	10.69	--	12	12828	卖盘
13:01:55	10.69	--	24	25656	卖盘
13:01:50	10.69	--	20	21380	卖盘
13:01:46	10.69	--	48	51312	卖盘
13:01:40	10.69	--	61	65209	卖盘
13:01:36	10.69	-0.01	6	6414	卖盘
13:01:31	10.7	0.01	65	69550	买盘
13:01:21	10.69	--	8	8552	卖盘
13:01:16	10.69	-0.01	4	4276	卖盘
13:01:10	10.7	0.01	9	9630	买盘
13:01:01	10.69	-0.01	100	106900	卖盘
13:00:46	10.7	0.01	6	6420	买盘
13:00:31	10.69	--	4	4276	卖盘
13:00:15	10.69	--	15	16035	卖盘
13:00:05	10.69	0.02	258	275908	买盘
11:30:00	10.67	--	0	0	卖盘
11:29:59	10.67	--	0	0	卖盘
11:29:59	10.67	--	0	0	卖盘
11:29:57	10.67	-0.01	40	42680	卖盘
11:29:51	10.68	--	30	32040	卖盘
11:29:42	10.68	--	5	5340	卖盘
11:29:36	10.68	--	69	73692	买盘
11:29:27	10.68	--	80	85440	买盘
11:29:21	10.68	--	8	8544	买盘
11:29:16	10.68	0.01	5	5340	买盘
11:29:12	10.67	-0.01	12	12804	卖盘
11:29:06	10.68	0.01	25	26700	买盘
11:28:57	10.67	-0.01	20	21340	卖盘
11:28:51	10.68	--	100	106800	买盘
11:28:27	10.68	--	112	119616	买盘
11:28:21	10.68	--	10	10680	买盘
11:28:01	10.68	-0.01	99	105732	卖盘
11:27:51	10.69	0.01	108	115452	买盘
11:27:42	10.68	-0.01	32	34176	卖盘
11:27:36	10.69	--	10	10690	买盘
11:27:21	10.69	--	1	1069	买盘
11:27:06	10.69	--	20	21380	买盘
11:26:51	10.69	--	5	5345	买盘
11:26:36	10.69	--	3	3207	买盘
11:26:31	10.69	--	11	11759	买盘
11:26:16	10.69	--	3	3207	买盘
11:26:06	10.69	--	135	144315	卖盘
11:25:46	10.69	-0.01	20	21380	卖盘
11:25:36	10.7	0.01	5	5350	买盘
11:25:21	10.69	-0.01	6	6414	卖盘
11:25:06	10.7	0.01	6	6420	买盘
11:24:56	10.69	--	13	13897	卖盘
11:24:51	10.69	-0.01	8	8552	卖盘
11:24:41	10.7	0.01	6	6420	买盘
11:24:30	10.69	--	14	14966	买盘
11:24:26	10.69	--	1	1069	卖盘
11:24:21	10.69	0.01	20	21380	买盘
11:24:15	10.68	--	17	18156	卖盘
11:24:06	10.68	-0.01	28	29904	卖盘
11:24:00	10.69	0.01	29	31001	买盘
11:23:55	10.68	-0.01	4	4272	卖盘
11:23:45	10.69	0.01	13	13897	中性盘
11:23:40	10.68	-0.01	8	8544	卖盘
11:23:30	10.69	--	5	5345	中性盘
11:23:25	10.69	--	45	48105	买盘
11:23:21	10.69	--	16	17104	买盘
11:23:15	10.69	--	11	11759	买盘
11:23:00	10.69	0.01	188	200972	买盘
11:22:45	10.68	--	82	87576	卖盘
11:22:36	10.68	-0.01	50	53400	卖盘
11:22:06	10.69	--	73	78037	买盘
11:21:55	10.69	--	73	78037	买盘
11:21:51	10.69	0.01	16	17104	买盘
11:21:40	10.68	-0.01	10	10680	卖盘
11:21:36	10.69	--	20	21380	买盘
11:21:30	10.69	0.01	14	14966	买盘
11:21:25	10.68	0.01	11	11748	买盘
11:21:15	10.67	--	5	5335	卖盘
11:21:05	10.67	--	38	40546	买盘
11:21:00	10.67	--	14	14938	买盘
11:20:45	10.67	--	14	14938	买盘
11:20:30	10.67	--	30	32010	买盘
11:20:10	10.67	--	125	133375	买盘
11:20:05	10.67	-0.01	284	303028	卖盘
11:20:00	10.68	--	20	21360	卖盘
11:19:35	10.68	-0.01	25	26700	卖盘
11:19:20	10.69	0.01	73	78037	买盘
11:19:15	10.68	0.01	11	11748	买盘
11:19:10	10.67	-0.01	27	28809	卖盘
11:18:55	10.68	0.01	30	32040	买盘
11:18:50	10.67	-0.01	7	7469	卖盘
11:18:40	10.68	--	10	10680	卖盘
11:18:35	10.68	--	18	19224	卖盘
11:18:15	10.68	-0.01	5	5340	卖盘
11:18:05	10.69	--	7	7483	买盘
11:17:35	10.69	0.01	7	7483	买盘
11:17:30	10.68	--	0	0	中性盘
11:17:20	10.68	0.01	20	21360	买盘
11:17:09	10.67	--	1	1067	卖盘
11:17:00	10.67	--	0	0	卖盘
11:16:49	10.67	-0.01	6	6402	卖盘
11:16:39	10.68	0.01	5	5340	买盘
11:16:34	10.67	--	2	2134	卖盘
11:16:15	10.67	-0.01	2	2134	卖盘
11:16:09	10.68	--	0	0	中性盘
11:16:00	10.68	--	10	10680	卖盘
11:15:54	10.68	-0.01	40	42720	卖盘
11:15:39	10.69	--	17	18173	买盘
11:15:34	10.69	0.01	5	5345	买盘
11:15:30	10.68	--	10	10680	卖盘
11:15:24	10.68	--	50	53400	卖盘
11:15:15	10.68	--	9	9612	卖盘
11:14:45	10.68	--	10	10680	卖盘
11:14:34	10.68	--	10	10680	卖盘
11:14:19	10.68	--	3	3204	卖盘
11:14:09	10.68	0.01	32	34176	买盘
11:13:34	10.67	-0.01	3	3201	卖盘
11:13:24	10.68	--	1	1068	买盘
11:13:14	10.68	--	49	52332	卖盘
11:13:04	10.68	--	2	2136	买盘
11:12:59	10.68	-0.01	14	14952	卖盘
11:12:54	10.69	0.01	16	17104	买盘
11:12:44	10.68	--	20	21360	卖盘
11:12:39	10.68	--	10	10680	卖盘
11:12:34	10.68	--	10	10680	卖盘
11:12:14	10.68	--	47	50196	卖盘
11:12:09	10.68	-0.01	4	4272	卖盘
11:12:04	10.69	0.01	84	89796	买盘
11:11:59	10.68	--	5	5340	卖盘
11:11:44	10.68	--	22	23496	买盘
11:11:34	10.68	--	5	5340	买盘
11:11:14	10.68	0.01	25	26700	中性盘
11:11:03	10.67	-0.01	16	17072	卖盘
11:10:54	10.68	-0.02	6	6408	卖盘
11:10:44	10.7	0.02	200	214000	买盘
11:10:33	10.68	-0.01	5	5340	卖盘
11:10:24	10.69	0.02	28	29932	买盘
11:10:18	10.67	-0.01	131	139777	卖盘
11:10:13	10.68	--	12	12816	卖盘
11:10:09	10.68	--	30	32040	卖盘
11:10:03	10.68	--	30	32040	卖盘
11:09:58	10.68	--	24	25632	卖盘
11:09:54	10.68	--	48	51264	卖盘
11:09:48	10.68	-0.01	66	70488	卖盘
11:09:24	10.69	--	7	7483	买盘
11:09:13	10.69	0.01	5	5345	买盘
11:09:09	10.68	-0.01	20	21360	卖盘
11:08:54	10.69	--	27	28863	买盘
11:08:48	10.69	--	1	1069	买盘
11:08:33	10.69	0.01	90	96210	买盘
11:08:24	10.68	-0.01	30	32040	卖盘
11:08:18	10.69	0.01	3	3207	买盘
11:07:54	10.68	--	50	53400	卖盘
11:07:48	10.68	--	100	106800	卖盘
11:07:39	10.68	-0.01	10	10680	卖盘
11:07:24	10.69	--	16	17104	买盘
11:07:18	10.69	--	23	24886	卖盘
11:06:58	10.69	-0.01	6	6414	卖盘
11:06:48	10.7	0.01	1	1070	买盘
11:06:38	10.69	--	46	49943	买盘
11:06:18	10.69	-0.01	64	68715	卖盘
11:06:08	10.7	0.01	340	363800	买盘
11:06:03	10.69	--	100	106900	卖盘
11:05:53	10.69	-0.01	2	2448	卖盘
11:05:48	10.7	0.01	50	53500	买盘
11:05:38	10.69	--	6	6873	买盘
11:05:33	10.69	-0.01	10	11299	卖盘
11:05:28	10.7	0.01	5	5350	买盘
11:05:22	10.69	--	400	427600	卖盘
11:05:18	10.69	--	12	12828	卖盘
11:05:03	10.69	-0.01	4	4276	卖盘
11:04:58	10.7	0.01	40	42800	买盘
11:04:48	10.69	--	17	18173	卖盘
11:04:43	10.69	--	4	4276	卖盘
11:04:33	10.69	--	24	25656	卖盘
11:04:23	10.69	--	10	10690	卖盘
11:04:03	10.69	-0.01	8	8552	卖盘
11:03:57	10.7	--	30	32099	买盘
11:03:53	10.7	0.01	20	21400	买盘
11:03:18	10.69	--	417	445773	卖盘
11:03:12	10.69	-0.01	1	1069	卖盘
11:02:57	10.7	--	32	34240	买盘
11:02:52	10.7	0.01	198	211860	买盘
11:02:48	10.69	-0.01	2	2597	卖盘
11:02:37	10.7	--	91	97370	买盘
11:02:33	10.7	--	15	16049	买盘
11:02:27	10.7	0.01	30	32099	买盘
11:02:18	10.69	-0.01	20	21380	卖盘
11:02:12	10.7	--	30	32099	买盘
11:01:57	10.7	--	9	9630	买盘
11:01:52	10.7	--	307	328490	买盘
11:01:48	10.7	0.01	74	79180	买盘
11:01:33	10.69	-0.01	3	3207	卖盘
11:01:27	10.7	--	0	0	买盘
11:01:22	10.7	0.01	87	93090	买盘
11:01:18	10.69	0.01	9	9621	买盘
11:01:12	10.68	-0.01	19	20292	卖盘
11:00:48	10.69	--	11	11759	买盘
11:00:27	10.69	--	15	16035	买盘
11:00:22	10.69	--	10	10690	买盘
11:00:17	10.69	--	10	10690	买盘
10:59:57	10.69	-0.01	70	74830	中性盘
10:59:52	10.7	--	1	1070	买盘
10:59:47	10.7	0.01	100	107000	买盘
10:59:42	10.69	--	52	56496	卖盘
10:59:27	10.69	-0.02	1047	1119243	卖盘
10:59:22	10.71	--	20	21420	买盘
10:59:17	10.71	--	8	8568	买盘
10:59:12	10.71	0.01	74	79254	买盘
10:59:07	10.7	--	54	57779	卖盘
10:59:02	10.7	--	52	55639	卖盘
10:58:32	10.7	--	82	87804	买盘
10:58:27	10.7	0.01	235	251449	买盘
10:58:22	10.69	-0.01	12	12828	卖盘
10:58:17	10.7	0.01	10	10700	买盘
10:58:12	10.69	-0.01	47	50243	卖盘
10:58:07	10.7	0.01	95	101650	买盘
10:58:02	10.69	-0.01	17	18173	卖盘
10:57:57	10.7	0.01	91	97370	买盘
10:57:47	10.69	--	28	30167	卖盘
10:57:42	10.69	--	20	21380	卖盘
10:57:36	10.69	--	1	1507	卖盘
10:57:32	10.69	--	31	33139	卖盘
10:57:27	10.69	--	58	62557	买盘
10:57:17	10.69	--	27	29333	买盘
10:57:12	10.69	0.01	101	107969	买盘
10:56:51	10.68	--	10	10680	卖盘
10:56:36	10.68	-0.01	4	4272	卖盘
10:56:31	10.69	--	0	0	买盘
10:56:27	10.69	0.02	80	85520	买盘
10:56:21	10.67	-0.01	4	4268	卖盘
10:56:12	10.68	-0.01	2	2136	卖盘
10:56:06	10.69	0.01	6	6414	买盘
10:55:57	10.68	--	4	4272	卖盘
10:55:51	10.68	-0.01	17	18156	卖盘
10:55:46	10.69	0.01	1	1069	买盘
10:55:42	10.68	--	50	53400	卖盘
10:55:16	10.68	--	2	2136	卖盘
10:55:06	10.68	--	6	6408	卖盘
10:54:46	10.68	--	10	10680	卖盘
10:54:36	10.68	--	8	8544	卖盘
10:54:31	10.68	--	30	32040	卖盘
10:54:16	10.68	-0.01	3	3204	卖盘
10:54:01	10.69	--	0	0	买盘
10:53:56	10.69	0.01	70	74830	买盘
10:53:42	10.68	--	10	10680	买盘
10:53:16	10.68	0.01	2	2136	买盘
10:53:06	10.67	--	4	4268	卖盘
10:52:51	10.67	--	17	18139	卖盘
10:52:41	10.67	-0.01	8	8536	卖盘
10:52:31	10.68	--	3	3204	买盘
10:52:26	10.68	--	8	8544	买盘
10:52:21	10.68	--	3	3204	买盘
10:52:11	10.68	--	7	7476	买盘
10:51:51	10.68	--	2	2136	买盘
10:51:46	10.68	0.01	8	8544	买盘
10:50:36	10.67	--	13	13871	买盘
10:50:25	10.67	--	20	21340	卖盘
10:50:21	10.67	--	60	64020	卖盘
10:50:10	10.67	--	1	1067	卖盘
10:49:51	10.67	0.01	6	6402	买盘
10:49:06	10.66	-0.01	3	3198	卖盘
10:49:00	10.67	0.01	30	32010	买盘
10:48:55	10.66	-0.01	20	21320	卖盘
10:48:45	10.67	--	16	17072	买盘
10:48:40	10.67	--	2	2134	买盘
10:48:21	10.67	--	6	6402	卖盘
10:48:15	10.67	-0.01	50	53350	卖盘
10:48:06	10.68	--	19	20292	买盘
10:47:55	10.68	--	4	4272	买盘
10:47:51	10.68	--	14	14952	买盘
10:47:10	10.68	-0.01	6	6408	卖盘
10:47:06	10.69	0.01	50	53450	买盘
10:46:45	10.68	--	20	21360	卖盘
10:46:20	10.68	--	60	64080	卖盘
10:46:00	10.68	-0.02	5	5340	卖盘
10:45:45	10.7	--	0	0	买盘
10:45:40	10.7	0.03	167	178690	买盘
10:45:35	10.67	-0.01	15	16005	卖盘
10:45:10	10.68	-0.01	12	13819	卖盘
10:45:05	10.69	0.01	40	42760	买盘
10:44:39	10.68	--	40	42720	卖盘
10:44:24	10.68	--	10	10680	卖盘
10:44:05	10.68	--	11	11748	卖盘
10:44:00	10.68	-0.01	54	57672	卖盘
10:43:54	10.69	0.01	300	320700	买盘
10:43:45	10.68	--	27	28836	卖盘
10:43:30	10.68	--	7	7476	卖盘
10:43:24	10.68	-0.01	33	35244	卖盘
10:43:15	10.69	0.01	20	21636	买盘
10:43:09	10.68	--	1	1068	卖盘
10:43:00	10.68	-0.01	91	97188	卖盘
10:42:54	10.69	--	3	3207	买盘
10:42:49	10.69	0.01	53	56657	买盘
10:42:39	10.68	-0.01	30	32040	卖盘
10:42:19	10.69	--	51	54519	卖盘
10:42:09	10.69	--	8	8552	卖盘
10:42:00	10.69	0.01	10	10690	买盘
10:41:44	10.68	--	1	1858	卖盘
10:41:39	10.68	--	13	13884	卖盘
10:40:54	10.68	-0.01	10	10680	卖盘
10:40:49	10.69	0.01	14	14966	买盘
10:40:39	10.68	-0.01	0	662	卖盘
10:40:34	10.69	--	81	86589	卖盘
10:40:30	10.69	--	72	76968	买盘
10:40:24	10.69	--	10	10690	买盘
10:40:14	10.69	--	172	183868	买盘
10:40:09	10.69	--	7	7483	买盘
10:39:59	10.69	0.01	16	17104	买盘
10:39:54	10.68	--	77	82727	买盘
10:39:44	10.68	--	167	178356	买盘
10:39:29	10.68	--	0	0	买盘
10:39:24	10.68	--	0	0	买盘
10:39:14	10.68	--	0	0	买盘
10:39:04	10.68	--	0	0	买盘
10:38:59	10.68	0.02	172	183696	买盘
10:38:54	10.66	-0.01	5	5330	卖盘
10:38:34	10.67	--	0	0	买盘
10:38:03	10.67	0.01	6	6402	买盘
10:37:59	10.66	0.01	30	31980	买盘
10:37:39	10.65	--	2	2130	卖盘
10:37:24	10.65	--	0	0	卖盘
10:37:13	10.65	-0.01	60	63900	卖盘
10:37:09	10.66	--	146	155636	卖盘
10:36:48	10.66	-0.02	50	53300	卖盘
10:36:39	10.68	--	2	2136	买盘
10:36:24	10.68	--	34	36899	卖盘
10:36:18	10.68	--	8	8544	卖盘
10:36:13	10.68	--	100	106800	卖盘
10:36:08	10.68	--	21	22428	卖盘
10:36:03	10.68	--	30	32040	卖盘
10:35:58	10.68	-0.01	10	10680	卖盘
10:35:54	10.69	--	91	97279	买盘
10:35:43	10.69	0.01	22	23518	买盘
10:35:24	10.68	0.01	262	280296	买盘
10:35:13	10.67	--	7	7469	买盘
10:34:38	10.67	--	41	43747	卖盘
10:34:33	10.67	--	20	21340	卖盘
10:34:23	10.67	--	30	32010	卖盘
10:34:18	10.67	--	50	53350	卖盘
10:34:13	10.67	--	30	32010	卖盘
10:34:03	10.67	--	32	34144	卖盘
10:33:58	10.67	--	20	21340	卖盘
10:33:38	10.67	--	73	77891	卖盘
10:33:13	10.67	-0.01	4	4268	卖盘
10:33:03	10.68	0.01	9	9612	买盘
10:32:58	10.67	-0.01	15	16005	中性盘
10:32:53	10.68	0.02	83	88644	买盘
10:32:33	10.66	-0.01	23	24518	卖盘
10:32:23	10.67	--	100	106700	买盘
10:32:18	10.67	--	49	52283	买盘
10:32:08	10.67	0.01	20	21340	买盘
10:31:38	10.66	--	56	59696	卖盘
10:31:03	10.66	--	15	15990	买盘
10:30:57	10.66	--	10	10660	卖盘
10:30:52	10.66	0.01	10	10660	卖盘
10:30:48	10.65	--	0	0	卖盘
10:30:42	10.65	-0.01	225	239625	卖盘
10:30:33	10.66	--	57	60762	买盘
10:30:18	10.66	0.01	232	247312	买盘
10:30:12	10.65	--	10	10650	卖盘
10:30:07	10.65	--	1	1065	卖盘
10:29:57	10.65	0.01	29	31843	买盘
10:29:18	10.64	--	39	41496	卖盘
10:29:03	10.64	-0.01	100	106400	卖盘
10:28:57	10.65	--	182	193936	卖盘
10:28:52	10.65	-0.01	2	2130	卖盘
10:28:42	10.66	0.01	3	3198	买盘
10:28:37	10.65	--	0	0	卖盘
10:28:27	10.65	-0.01	800	852000	卖盘
10:28:18	10.66	0.01	56	60655	买盘
10:28:07	10.65	-0.01	1200	1278000	卖盘
10:28:02	10.66	--	1	1066	买盘
10:27:57	10.66	--	10	10660	买盘
10:27:42	10.66	--	5	5330	买盘
10:27:27	10.66	--	10	10660	买盘
10:27:22	10.66	--	1	1066	买盘
10:27:17	10.66	--	228	243154	卖盘
10:27:12	10.66	--	4	4264	卖盘
10:27:07	10.66	--	50	53300	卖盘
10:27:02	10.66	--	26	27716	卖盘
10:26:57	10.66	-0.01	100	106600	卖盘
10:26:47	10.67	--	26	27742	买盘
10:26:42	10.67	--	10	10670	买盘
10:26:22	10.67	--	18	19206	买盘
10:26:17	10.67	--	30	32010	买盘
10:26:12	10.67	--	5	5335	买盘
10:25:57	10.67	--	20	21340	买盘
10:25:47	10.67	-0.01	419	447073	卖盘
10:25:32	10.68	--	4	4272	卖盘
10:25:27	10.68	--	43	45924	买盘
10:25:02	10.68	0.01	205	218940	买盘
10:24:51	10.67	--	20	21340	卖盘
10:24:42	10.67	-0.01	19	20273	卖盘
10:24:12	10.68	--	0	0	买盘
10:24:06	10.68	0.01	20	21360	买盘
10:23:57	10.67	0.01	1	1067	买盘
10:23:51	10.66	--	0	0	卖盘
10:23:46	10.66	-0.02	50	53300	卖盘
10:23:42	10.68	0.02	2	2136	买盘
10:23:36	10.66	--	0	0	卖盘
10:23:21	10.66	-0.01	60	63960	卖盘
10:23:06	10.67	-0.01	5	5335	中性盘
10:22:51	10.68	0.01	10	10680	买盘
10:22:46	10.67	0.01	50	53350	买盘
10:22:42	10.66	--	0	0	卖盘
10:22:36	10.66	-0.02	500	533000	卖盘
10:22:27	10.68	--	0	0	买盘
10:22:16	10.68	0.01	30	32040	买盘
10:22:12	10.67	0.01	10	10670	卖盘
10:21:42	10.66	-0.02	200	213200	卖盘
10:21:36	10.68	--	0	0	买盘
10:21:26	10.68	0.02	4	4272	买盘
10:21:21	10.66	-0.02	10	10660	卖盘
10:20:56	10.68	0.02	4	4272	买盘
10:20:51	10.66	--	50	53300	卖盘
10:20:46	10.66	--	4	4264	卖盘
10:20:21	10.66	--	65	70249	买盘
10:20:11	10.66	--	162	172798	卖盘
10:20:06	10.66	--	0	0	卖盘
10:19:51	10.66	--	3	3198	卖盘
10:19:41	10.66	--	0	0	卖盘
10:19:31	10.66	-0.01	500	533000	卖盘
10:19:26	10.67	--	10	10670	卖盘
10:19:06	10.67	0.01	2	2134	买盘
10:18:56	10.66	-0.01	37	39847	卖盘
10:18:51	10.67	-0.01	5	5335	买盘
10:18:41	10.68	0.02	10	10680	买盘
10:18:36	10.66	--	74	79694	卖盘
10:18:26	10.66	--	79	85024	卖盘
10:18:21	10.66	--	0	0	卖盘
10:18:15	10.66	-0.02	50	53300	卖盘
10:18:11	10.68	0.01	30	32040	买盘
10:18:06	10.67	0.01	2	2134	买盘
10:17:56	10.66	-0.02	3	3198	卖盘
10:17:36	10.68	--	20	21360	买盘
10:17:20	10.68	0.01	406	433608	买盘
10:17:00	10.67	-0.01	100	106700	卖盘
10:16:51	10.68	--	7	7476	买盘
10:16:40	10.68	0.01	50	53400	买盘
10:16:36	10.67	--	35	37345	卖盘
10:16:30	10.67	-0.01	26	27742	卖盘
10:16:21	10.68	0.01	7	7476	买盘
10:16:06	10.67	-0.01	74	78958	卖盘
10:16:00	10.68	-0.01	10	10680	卖盘
10:15:51	10.69	0.01	5	5345	买盘
10:15:45	10.68	-0.01	30	32040	卖盘
10:15:30	10.69	--	3	3207	买盘
10:15:21	10.69	-0.01	24	25656	卖盘
10:15:06	10.7	--	83	88810	买盘
10:15:00	10.7	--	3	3210	买盘
10:14:45	10.7	--	10	10700	买盘
10:14:40	10.7	--	12	12840	买盘
10:14:20	10.7	0.01	5	5350	买盘
10:14:00	10.69	--	0	0	卖盘
10:13:50	10.69	-0.02	10	10690	中性盘
10:13:45	10.71	0.01	91	97461	买盘
10:13:40	10.7	--	0	0	买盘
10:13:35	10.7	0.02	13	13909	买盘
10:13:15	10.68	--	0	0	卖盘
10:13:10	10.68	--	87	92916	买盘
10:13:05	10.68	-0.01	419	447492	卖盘
10:12:45	10.69	-0.01	10	10690	卖盘
10:12:35	10.7	-0.01	6	6420	买盘
10:12:30	10.71	--	0	0	买盘
10:12:25	10.71	0.02	100	107100	买盘
10:12:15	10.69	--	60	64140	卖盘
10:12:05	10.69	-0.02	8	8552	卖盘
10:11:49	10.71	--	13	13923	买盘
10:11:45	10.71	0.02	81	86751	买盘
10:11:35	10.69	--	1	1069	买盘
10:11:30	10.69	-0.02	4	4276	卖盘
10:11:24	10.71	0.01	91	97461	买盘
10:11:20	10.7	0.01	2	2140	买盘
10:11:15	10.69	0.01	20	21380	买盘
10:11:09	10.68	--	0	0	卖盘
10:11:00	10.68	-0.01	98	104664	卖盘
10:10:54	10.69	0.01	2	2138	买盘
10:10:49	10.68	--	30	32040	卖盘
10:10:30	10.68	0.02	55	58740	买盘
10:10:24	10.66	-0.01	387	412542	卖盘
10:10:19	10.67	-0.01	30	32010	卖盘
10:10:14	10.68	0.01	6	6408	买盘
10:10:09	10.67	-0.01	31	33077	卖盘
10:10:04	10.68	--	20	21360	买盘
10:10:00	10.68	--	6	6408	买盘
10:09:54	10.68	--	85	91346	卖盘
10:09:45	10.68	-0.02	100	106800	卖盘
10:09:39	10.7	--	18	19260	买盘
10:09:30	10.7	--	712	761840	买盘
10:09:24	10.7	--	26	27819	买盘
10:09:19	10.7	--	5	5350	买盘
10:09:15	10.7	--	34	36380	卖盘
10:09:09	10.7	--	69	73830	卖盘
10:09:04	10.7	--	31	33170	买盘
10:09:00	10.7	--	20	21400	买盘
10:08:49	10.7	--	6	6420	买盘
10:08:45	10.7	--	30	32099	买盘
10:08:39	10.7	--	60	64199	买盘
10:08:34	10.7	--	74	79180	买盘
10:08:24	10.7	--	1	1070	买盘
10:08:19	10.7	--	12	12840	买盘
10:08:09	10.7	--	4	4280	买盘
10:07:44	10.7	--	10	10700	买盘
10:07:39	10.7	0.01	92	98440	买盘
10:07:29	10.69	-0.01	58	62002	卖盘
10:07:24	10.7	0.01	127	135890	买盘
10:07:14	10.69	-0.01	71	75899	卖盘
10:07:09	10.7	--	66	70620	买盘
10:06:59	10.7	0.01	30	32099	买盘
10:06:54	10.69	--	38	40622	卖盘
10:06:49	10.69	-0.01	200	213800	卖盘
10:06:39	10.7	--	16	17120	买盘
10:06:29	10.7	--	218	233259	买盘
10:06:19	10.7	-0.01	7	7489	卖盘
10:06:14	10.71	0.01	58	62118	买盘
10:06:09	10.7	--	16	17120	买盘
10:05:59	10.7	--	40	42800	买盘
10:05:54	10.7	--	7	7489	卖盘
10:05:44	10.7	--	30	32099	卖盘
10:05:39	10.7	--	40	42800	卖盘
10:05:34	10.7	--	50	53500	卖盘
10:05:19	10.7	-0.01	160	171200	卖盘
10:05:09	10.71	--	28	29988	买盘
10:05:03	10.71	--	27	28917	买盘
10:04:58	10.71	--	1	1071	买盘
10:04:54	10.71	0.01	103	110313	买盘
10:04:43	10.7	-0.01	70	74900	卖盘
10:04:39	10.71	--	70	74970	买盘
10:04:09	10.71	0.01	94	100674	买盘
10:03:38	10.7	--	58	62059	卖盘
10:03:33	10.7	-0.01	113	120909	卖盘
10:03:18	10.71	--	147	157437	卖盘
10:03:13	10.71	--	30	32130	卖盘
10:03:08	10.71	--	145	155295	卖盘
10:02:58	10.71	--	30	32130	卖盘
10:02:48	10.71	--	2	2142	卖盘
10:02:28	10.71	-0.01	40	42840	卖盘
10:02:23	10.72	0.01	50	53600	买盘
10:02:13	10.71	-0.01	114	122094	卖盘
10:02:08	10.72	--	15	16080	买盘
10:01:53	10.72	0.01	4	4288	买盘
10:01:48	10.71	--	12	12852	卖盘
10:01:43	10.71	--	0	0	卖盘
10:01:38	10.71	-0.01	327	350217	卖盘
10:01:33	10.72	--	23	24656	买盘
10:01:23	10.72	--	10	10720	卖盘
10:01:18	10.72	0.01	32	34304	买盘
10:01:13	10.71	-0.01	5	5355	卖盘
10:01:08	10.72	0.01	5	5360	买盘
10:01:03	10.71	--	245	262395	卖盘
10:00:53	10.71	-0.01	30	32130	卖盘
10:00:48	10.72	0.01	5	5360	买盘
10:00:38	10.71	-0.01	10	10710	卖盘
10:00:33	10.72	0.01	100	107200	买盘
10:00:28	10.71	-0.01	14	14994	卖盘
10:00:23	10.72	0.01	2	2144	买盘
10:00:18	10.71	--	25	26775	卖盘
10:00:13	10.71	-0.01	89	95319	卖盘
10:00:08	10.72	0.01	3	3216	买盘
10:00:03	10.71	--	13	13923	卖盘
09:59:53	10.71	--	10	10710	卖盘
09:59:48	10.71	-0.01	14	14994	卖盘
09:59:43	10.72	0.01	17	18224	买盘
09:59:38	10.71	0.01	49	52479	买盘
09:59:33	10.7	-0.01	12	12840	卖盘
09:59:28	10.71	--	1	1071	买盘
09:59:23	10.71	--	10	10710	买盘
09:59:18	10.71	0.01	20	21420	中性盘
09:59:13	10.7	-0.01	123	131610	卖盘
09:59:08	10.71	-0.01	152	162792	卖盘
09:59:03	10.72	--	72	77184	卖盘
09:58:57	10.72	--	4	4288	卖盘
09:58:53	10.72	-0.01	5	5360	卖盘
09:58:48	10.73	0.01	37	39701	买盘
09:58:42	10.72	--	4	4288	卖盘
09:58:38	10.72	--	33	35376	卖盘
09:58:33	10.72	--	37	39664	卖盘
09:58:27	10.72	--	4	4288	卖盘
09:58:22	10.72	-0.01	1	1072	卖盘
09:58:07	10.73	--	13	13949	买盘
09:58:03	10.73	0.01	13	13949	买盘
09:57:57	10.72	-0.01	14	15008	卖盘
09:57:52	10.73	--	20	21460	买盘
09:57:48	10.73	--	5	5365	买盘
09:57:42	10.73	--	46	49358	买盘
09:57:37	10.73	--	154	165242	买盘
09:57:33	10.73	--	210	225330	卖盘
09:57:18	10.73	--	121	129833	买盘
09:57:03	10.73	-0.01	423	453879	卖盘
09:56:57	10.74	0.01	421	452154	买盘
09:56:52	10.73	--	4	4292	买盘
09:56:42	10.73	--	152	163096	买盘
09:56:33	10.73	0.01	6	6438	买盘
09:56:27	10.72	0.01	228	244416	买盘
09:56:22	10.71	--	100	107100	卖盘
09:56:17	10.71	--	25	26775	卖盘
09:56:12	10.71	--	19	20349	买盘
09:56:02	10.71	--	30	32130	买盘
09:55:57	10.71	--	18	19278	买盘
09:55:52	10.71	--	59	63189	买盘
09:55:27	10.71	0.01	10	10710	买盘
09:55:12	10.7	-0.01	15	16049	卖盘
09:55:02	10.71	0.01	200	214200	买盘
09:54:47	10.7	--	27	28889	卖盘
09:54:42	10.7	--	148	158360	卖盘
09:54:32	10.7	--	15	16049	卖盘
09:54:27	10.7	--	50	53500	卖盘
09:54:22	10.7	--	28	29959	卖盘
09:54:17	10.7	--	18	19260	卖盘
09:54:12	10.7	--	532	569240	买盘
09:53:42	10.7	--	6	6420	买盘
09:53:37	10.7	0.01	91	97370	买盘
09:53:27	10.69	-0.01	10	10690	卖盘
09:53:12	10.7	--	221	236469	买盘
09:53:02	10.7	0.01	5	5350	买盘
09:52:57	10.69	-0.01	3	3207	卖盘
09:52:47	10.7	--	4	4280	买盘
09:52:36	10.7	0.01	50	53500	买盘
09:52:32	10.69	--	16	17104	卖盘
09:52:27	10.69	--	82	87658	买盘
09:52:21	10.69	-0.01	18	19242	卖盘
09:52:11	10.7	0.02	15	16049	买盘
09:51:57	10.68	--	0	0	卖盘
09:51:51	10.68	-0.02	108	115344	卖盘
09:51:46	10.7	--	1	1070	买盘
09:51:42	10.7	0.01	146	156220	买盘
09:51:36	10.69	-0.01	27	28863	卖盘
09:51:27	10.7	0.01	1	1070	买盘
09:51:21	10.69	--	35	37415	卖盘
09:51:12	10.69	-0.01	40	42760	卖盘
09:51:06	10.7	0.01	6	6420	买盘
09:51:01	10.69	-0.01	50	53450	卖盘
09:50:57	10.7	0.01	22	23540	买盘
09:50:51	10.69	--	95	101555	卖盘
09:50:46	10.69	--	10	10690	卖盘
09:50:42	10.69	-0.01	36	38484	卖盘
09:50:27	10.7	0.01	20	21400	买盘
09:50:21	10.69	--	207	221283	卖盘
09:50:11	10.69	-0.01	1	1069	卖盘
09:50:06	10.7	-0.01	29	31029	买盘
09:49:51	10.71	--	0	0	买盘
09:49:41	10.71	0.01	17	18207	买盘
09:49:36	10.7	--	195	208650	卖盘
09:49:26	10.7	--	2	2140	卖盘
09:49:21	10.7	--	297	317790	卖盘
09:49:11	10.7	-0.01	20	21400	卖盘
09:49:06	10.71	0.01	128	137088	买盘
09:48:56	10.7	--	30	32099	卖盘
09:48:51	10.7	-0.01	52	55639	卖盘
09:48:46	10.71	--	20	21420	买盘
09:48:41	10.71	--	116	124236	买盘
09:48:31	10.71	--	4	4284	买盘
09:48:26	10.71	0.01	58	62118	买盘
09:48:21	10.7	-0.01	30	32099	卖盘
09:48:16	10.71	--	50	53550	买盘
09:48:06	10.71	--	8	8568	买盘
09:47:56	10.71	--	50	53550	买盘
09:47:46	10.71	0.01	11	11781	买盘
09:47:36	10.7	-0.01	35	37450	卖盘
09:47:26	10.71	0.01	69	73899	买盘
09:47:21	10.7	-0.02	18	19260	卖盘
09:47:16	10.72	0.01	300	321600	买盘
09:47:11	10.71	--	51	54621	卖盘
09:46:56	10.71	--	81	86751	买盘
09:46:51	10.71	0.01	9	9639	买盘
09:46:41	10.7	-0.01	154	164780	卖盘
09:46:36	10.71	-0.01	69	73899	卖盘
09:46:30	10.72	0.01	12	12864	买盘
09:46:25	10.71	-0.01	20	21420	卖盘
09:46:21	10.72	0.01	32	34304	买盘
09:46:15	10.71	-0.01	15	16065	中性盘
09:46:05	10.72	--	28	30016	买盘
09:46:00	10.72	--	7	7504	买盘
09:45:45	10.72	0.02	60	64320	买盘
09:45:40	10.7	--	14	14979	卖盘
09:45:36	10.7	0.02	360	385200	买盘
09:45:30	10.68	--	0	0	卖盘
09:45:25	10.68	-0.01	12	12816	卖盘
09:45:20	10.69	--	10	10690	卖盘
09:45:15	10.69	--	81	86589	买盘
09:45:10	10.69	0.01	6	6414	买盘
09:45:05	10.68	-0.01	20	21360	卖盘
09:45:00	10.69	0.01	3	3207	买盘
09:44:55	10.68	--	106	113208	卖盘
09:44:50	10.68	-0.01	45	48060	卖盘
09:44:36	10.69	--	196	209524	买盘
09:44:30	10.69	--	67	71623	买盘
09:44:20	10.69	0.01	50	53450	买盘
09:44:15	10.68	-0.01	10	10680	卖盘
09:44:10	10.69	--	20	21380	买盘
09:44:05	10.69	0.01	22	23518	买盘
09:43:45	10.68	--	316	337989	买盘
09:43:35	10.68	0.01	106	113208	买盘
09:43:30	10.67	0.01	43	46339	买盘
09:43:25	10.66	-0.01	11	11726	卖盘
09:43:20	10.67	--	17	18139	买盘
09:43:15	10.67	0.01	56	59752	买盘
09:43:10	10.66	-0.01	1	1066	卖盘
09:43:05	10.67	--	16	17072	买盘
09:42:55	10.67	0.01	73	77891	买盘
09:42:50	10.66	-0.01	20	21320	卖盘
09:42:45	10.67	--	47	50149	买盘
09:42:35	10.67	0.01	16	17072	买盘
09:42:30	10.66	--	59	62894	卖盘
09:42:24	10.66	--	19	20254	卖盘
09:42:15	10.66	-0.01	50	53300	卖盘
09:42:00	10.67	0.01	24	25608	买盘
09:41:50	10.66	--	99	105534	卖盘
09:41:35	10.66	--	15	15990	卖盘
09:41:20	10.66	-0.01	30	31980	卖盘
09:41:15	10.67	0.01	7	7469	买盘
09:41:10	10.66	--	4	4264	卖盘
09:41:05	10.66	--	61	65026	卖盘
09:40:35	10.66	-0.01	40	42640	卖盘
09:40:19	10.67	--	24	26216	卖盘
09:40:15	10.67	--	71	75757	卖盘
09:39:59	10.67	--	106	113102	卖盘
09:39:39	10.67	-0.01	183	195261	卖盘
09:39:34	10.68	--	23	24564	卖盘
09:39:29	10.68	--	51	54468	卖盘
09:39:24	10.68	--	10	10680	卖盘
09:39:19	10.68	--	39	41652	卖盘
09:39:14	10.68	--	10	10680	卖盘
09:39:09	10.68	--	39	41652	卖盘
09:39:04	10.68	--	50	53400	卖盘
09:38:59	10.68	--	17	18156	卖盘
09:38:54	10.68	--	4	4272	卖盘
09:38:44	10.68	--	5	5340	卖盘
09:38:39	10.68	-0.01	13	13884	卖盘
09:38:29	10.69	0.01	60	64140	买盘
09:38:19	10.68	--	2	2136	卖盘
09:38:14	10.68	--	82	87576	卖盘
09:38:09	10.68	--	76	81168	卖盘
09:38:04	10.68	--	66	70488	买盘
09:37:59	10.68	--	5	5340	买盘
09:37:49	10.68	0.01	10	10680	买盘
09:37:44	10.67	--	0	0	卖盘
09:37:39	10.67	-0.01	83	88561	卖盘
09:37:29	10.68	--	70	74760	卖盘
09:37:24	10.68	--	55	58740	卖盘
09:37:19	10.68	--	36	38448	买盘
09:37:14	10.68	--	14	14952	卖盘
09:37:09	10.68	--	15	16020	卖盘
09:36:59	10.68	--	94	100392	买盘
09:36:44	10.68	--	1	1068	买盘
09:36:14	10.68	0.01	100	106800	买盘
09:36:09	10.67	--	11	11737	卖盘
09:36:04	10.67	-0.01	11	11737	卖盘
09:35:59	10.68	0.01	45	48060	买盘
09:35:44	10.67	--	15	16005	卖盘
09:35:39	10.67	--	5	5335	卖盘
09:35:29	10.67	--	25	26675	卖盘
09:35:24	10.67	--	10	10670	卖盘
09:35:14	10.67	--	9	10061	买盘
09:35:09	10.67	0.01	230	245410	买盘
09:35:04	10.66	-0.01	5	5330	卖盘
09:34:44	10.67	--	45	48015	买盘
09:34:39	10.67	0.01	21	22407	买盘
09:34:29	10.66	-0.01	13	13858	卖盘
09:34:24	10.67	--	0	0	买盘
09:34:18	10.67	0.01	10	10670	买盘
09:34:13	10.66	--	1	1066	买盘
09:34:09	10.66	-0.01	1	1066	买盘
09:34:03	10.67	--	10	10670	买盘
09:33:43	10.67	0.02	20	21340	买盘
09:33:38	10.65	-0.02	47	50055	卖盘
09:33:28	10.67	0.03	9	9603	买盘
09:33:18	10.64	-0.01	133	141512	卖盘
09:33:08	10.65	--	20	21300	买盘
09:33:03	10.65	--	22	23430	买盘
09:32:58	10.65	--	10	10650	买盘
09:32:53	10.65	-0.02	30	31950	买盘
09:32:33	10.67	--	0	0	买盘
09:32:28	10.67	0.02	7	7469	买盘
09:32:23	10.65	0.01	40	42600	买盘
09:32:18	10.64	-0.01	2	2128	卖盘
09:32:13	10.65	--	22	23430	卖盘
09:32:08	10.65	--	37	39405	卖盘
09:31:53	10.65	0.01	26	27690	买盘
09:31:48	10.64	0.01	15	15960	卖盘
09:31:33	10.63	--	0	0	卖盘
09:31:18	10.63	-0.02	3	3189	卖盘
09:31:03	10.65	-0.02	18	19170	卖盘
09:30:38	10.67	0.02	6	6402	买盘
09:30:28	10.65	--	73	77745	买盘
09:30:13	10.65	0.03	33	35145	买盘
09:30:08	10.62	-0.03	323	343026	卖盘
09:30:03	10.65	-0.02	167	177855	卖盘
09:28:45	10.67	--	0	0	买盘
09:25:02	10.67	10.67	1	1067	买盘
