成交时间	成交价	价格变动	成交量(手)	成交额(元)	性质
15:00:00	5.49	--	0	0	买盘
15:00:00	5.49	--	0	0	买盘
14:59:52	5.49	--	100	54900	买盘
14:59:07	5.49	0.01	3	1647	买盘
14:59:03	5.48	-0.01	10	5480	卖盘
14:58:58	5.49	--	3	1647	买盘
14:58:52	5.49	--	28	15372	买盘
14:58:43	5.49	--	4	2196	买盘
14:58:37	5.49	--	54	29646	买盘
14:58:22	5.49	--	0	0	买盘
14:58:03	5.49	0.01	3	1647	买盘
14:57:58	5.48	--	18	9864	卖盘
14:57:48	5.48	--	48	26304	卖盘
14:57:28	5.48	--	37	20276	卖盘
14:57:07	5.48	--	14	7672	卖盘
14:56:58	5.48	--	10	5480	买盘
14:56:52	5.48	--	35	19180	卖盘
14:56:43	5.48	0.01	10	5480	买盘
14:56:37	5.47	--	10	5470	卖盘
14:56:22	5.47	-0.01	10	5470	卖盘
14:56:12	5.48	--	72	39916	买盘
14:56:07	5.48	--	58	31784	买盘
14:55:57	5.48	--	7	3836	买盘
14:55:27	5.48	--	5	2740	买盘
14:55:16	5.48	--	20	10960	买盘
14:55:07	5.48	--	27	14796	买盘
14:55:01	5.48	--	158	86584	买盘
14:54:57	5.48	--	11	6028	买盘
14:54:52	5.48	--	75	41100	买盘
14:54:27	5.48	--	500	274000	买盘
14:54:12	5.48	--	2	1096	买盘
14:54:07	5.48	--	5	2740	买盘
14:54:01	5.48	--	27	14796	买盘
14:53:37	5.48	--	155	84940	买盘
14:53:22	5.48	0.01	200	109600	买盘
14:53:12	5.47	--	507	277635	买盘
14:52:57	5.47	--	52	28444	买盘
14:52:52	5.47	--	1086	594282	卖盘
14:52:42	5.47	--	27	14769	卖盘
14:52:16	5.47	-0.01	49	26956	卖盘
14:52:01	5.48	0.01	35	19180	买盘
14:51:52	5.47	-0.01	113	61811	卖盘
14:51:31	5.48	--	26	14248	买盘
14:51:16	5.48	--	7	3836	买盘
14:51:11	5.48	-0.01	330	180927	卖盘
14:51:07	5.49	--	5	2745	买盘
14:51:01	5.49	--	2	1098	买盘
14:50:37	5.49	--	32	17568	买盘
14:50:31	5.49	--	24	13176	买盘
14:50:07	5.49	0.01	6	3294	买盘
14:50:01	5.48	-0.01	8	4384	卖盘
14:49:52	5.49	0.01	4	2196	买盘
14:49:31	5.48	-0.01	2	1096	卖盘
14:49:21	5.49	0.01	5	2745	买盘
14:49:16	5.48	--	59	32792	卖盘
14:49:11	5.48	--	20	10960	卖盘
14:49:01	5.48	-0.01	17	9316	卖盘
14:48:56	5.49	--	3	1647	买盘
14:48:51	5.49	0.01	121	66429	买盘
14:48:16	5.48	-0.01	5	2740	卖盘
14:47:55	5.49	0.01	15	8235	买盘
14:47:46	5.48	--	382	209336	卖盘
14:47:36	5.48	--	100	54800	卖盘
14:47:25	5.48	-0.01	8	4384	卖盘
14:46:51	5.49	0.01	19	10431	买盘
14:46:01	5.48	-0.01	10	5480	卖盘
14:45:51	5.49	0.01	1	549	买盘
14:45:36	5.48	0.01	9	4932	中性盘
14:45:25	5.47	--	1	547	卖盘
14:45:10	5.47	-0.02	7	3829	卖盘
14:45:05	5.49	0.01	18	9882	买盘
14:44:40	5.48	--	3	1912	买盘
14:43:55	5.48	--	2	1096	买盘
14:43:40	5.48	--	14	7951	卖盘
14:43:01	5.48	--	0	268	买盘
14:42:55	5.48	--	2	1096	买盘
14:42:50	5.48	--	1	548	买盘
14:42:35	5.48	--	11	6028	买盘
14:42:25	5.48	--	50	27400	买盘
14:42:20	5.48	--	1	548	买盘
14:42:15	5.48	--	54	29592	买盘
14:41:55	5.48	--	1	548	买盘
14:41:50	5.48	0.01	1	548	买盘
14:41:45	5.47	--	20	10940	卖盘
14:41:25	5.47	-0.01	0	76	卖盘
14:41:20	5.48	--	1	548	买盘
14:40:55	5.48	--	8	4384	买盘
14:40:49	5.48	--	1	548	买盘
14:40:45	5.48	--	9	4932	买盘
14:40:34	5.48	-0.01	137	75355	卖盘
14:40:30	5.49	0.01	18	9882	买盘
14:40:25	5.48	-0.01	2	1096	卖盘
14:40:19	5.49	0.01	1	549	买盘
14:40:15	5.48	--	49	26852	卖盘
14:40:10	5.48	--	10	5480	卖盘
14:39:49	5.48	-0.01	74	40552	卖盘
14:39:45	5.49	0.01	6	3294	买盘
14:39:40	5.48	--	18	9864	卖盘
14:39:34	5.48	-0.01	33	18199	卖盘
14:39:25	5.49	--	18	9882	买盘
14:39:19	5.49	--	1	549	买盘
14:39:15	5.49	0.01	51	27999	买盘
14:39:04	5.48	-0.01	33	18193	卖盘
14:38:49	5.49	--	1	549	买盘
14:38:40	5.49	0.01	57	31293	买盘
14:38:34	5.48	-0.01	33	18193	卖盘
14:38:19	5.49	0.01	1	549	买盘
14:38:04	5.48	-0.01	37	20385	卖盘
14:37:49	5.49	--	1	549	买盘
14:37:44	5.49	--	6	3294	买盘
14:37:40	5.49	0.01	20	10980	买盘
14:37:34	5.48	-0.01	100	54843	卖盘
14:37:19	5.49	--	28	15372	买盘
14:37:10	5.49	0.01	13	7137	买盘
14:37:04	5.48	-0.01	33	18193	卖盘
14:36:49	5.49	--	1	549	买盘
14:36:44	5.49	0.01	17	9333	买盘
14:36:34	5.48	-0.01	33	18193	卖盘
14:36:19	5.49	0.01	19	10431	买盘
14:36:04	5.48	-0.01	33	18193	卖盘
14:35:59	5.49	0.01	16	8784	买盘
14:35:55	5.48	-0.01	20	10960	卖盘
14:35:49	5.49	0.01	10	5490	买盘
14:35:34	5.48	-0.01	58	31893	卖盘
14:35:19	5.49	0.01	86	47214	买盘
14:35:04	5.48	--	82	45045	卖盘
14:34:54	5.48	-0.01	36	19728	卖盘
14:34:49	5.49	--	8	4392	买盘
14:34:44	5.49	0.01	10	5490	买盘
14:34:39	5.48	--	49	26852	卖盘
14:34:34	5.48	-0.01	60	32989	卖盘
14:34:19	5.49	--	1	549	买盘
14:34:14	5.49	--	16	8784	买盘
14:34:09	5.49	--	56	31183	卖盘
14:34:04	5.49	-0.01	33	18226	卖盘
14:33:49	5.5	0.02	19	10450	买盘
14:33:34	5.48	-0.02	33	18193	卖盘
14:33:24	5.5	--	0	0	买盘
14:33:19	5.5	0.02	3	1650	买盘
14:33:04	5.48	--	33	18193	卖盘
14:32:54	5.48	-0.02	20	10960	卖盘
14:32:49	5.5	--	1	550	买盘
14:32:39	5.5	--	11	6050	买盘
14:32:19	5.5	0.02	50	27500	买盘
14:32:13	5.48	-0.01	25	13700	卖盘
14:32:09	5.49	--	12	6588	买盘
14:31:54	5.49	--	85	46665	买盘
14:31:49	5.49	--	5	2745	买盘
14:31:39	5.49	--	12	6588	买盘
14:31:19	5.49	0.01	50	27450	买盘
14:31:08	5.48	-0.01	170	93160	卖盘
14:30:58	5.49	--	2	1098	买盘
14:30:43	5.49	--	9	4941	买盘
14:30:28	5.49	--	13	7137	买盘
14:30:13	5.49	--	25	13725	买盘
14:30:04	5.49	--	2	1098	买盘
14:29:58	5.49	--	40	21960	买盘
14:29:53	5.49	0.01	4	2196	买盘
14:29:43	5.48	-0.01	19	10412	卖盘
14:29:13	5.49	--	9	4941	买盘
14:29:04	5.49	--	18	9882	买盘
14:28:58	5.49	0.01	50	27450	买盘
14:28:43	5.48	-0.01	45	24660	卖盘
14:28:28	5.49	--	77	42273	买盘
14:28:13	5.49	--	30	16470	买盘
14:28:08	5.49	--	35	19215	买盘
14:27:48	5.49	--	83	45567	买盘
14:27:43	5.49	--	38	20862	买盘
14:27:38	5.49	0.01	5	2745	买盘
14:27:28	5.48	--	26	14248	买盘
14:27:08	5.48	0.01	1	548	买盘
14:27:03	5.47	--	0	0	卖盘
14:26:58	5.47	-0.02	20	10940	卖盘
14:26:48	5.49	0.02	1	549	买盘
14:26:43	5.47	-0.02	41	22427	卖盘
14:26:33	5.49	0.02	80	43920	买盘
14:26:03	5.47	--	35	19555	卖盘
14:25:43	5.47	--	29	15863	卖盘
14:25:33	5.47	--	35	19555	卖盘
14:25:18	5.47	--	41	22427	卖盘
14:25:07	5.47	--	60	32820	卖盘
14:25:03	5.47	-0.01	35	19555	卖盘
14:24:52	5.48	--	78	42744	买盘
14:24:48	5.48	--	16	8768	买盘
14:24:33	5.48	--	35	19180	买盘
14:24:28	5.48	0.01	1	548	买盘
14:24:02	5.47	-0.01	1	547	卖盘
14:23:58	5.48	--	14	7672	买盘
14:23:28	5.48	0.01	1	548	买盘
14:23:13	5.47	--	0	0	卖盘
14:23:07	5.47	-0.02	26	14222	卖盘
14:22:52	5.49	0.01	29	15921	买盘
14:22:37	5.48	--	15	8220	卖盘
14:22:28	5.48	--	25	13700	卖盘
14:22:17	5.48	--	22	12056	卖盘
14:22:13	5.48	--	25	13700	卖盘
14:22:07	5.48	--	49	26852	卖盘
14:21:58	5.48	--	19	10412	卖盘
14:21:52	5.48	-0.02	25	13700	卖盘
14:21:47	5.5	--	0	0	买盘
14:21:43	5.5	0.01	100	55000	买盘
14:21:37	5.49	0.01	28	15372	买盘
14:21:32	5.48	--	162	88776	卖盘
14:21:22	5.48	--	49	26852	卖盘
14:21:02	5.48	--	25	13700	卖盘
14:20:52	5.48	--	26	14248	卖盘
14:20:47	5.48	-0.02	26	14248	卖盘
14:20:37	5.5	--	0	0	买盘
14:20:27	5.5	0.03	26	14300	买盘
14:20:17	5.47	-0.03	36	19692	卖盘
14:19:52	5.5	0.01	2	1100	买盘
14:19:47	5.49	0.01	1	549	买盘
14:19:42	5.48	-0.01	99	54252	卖盘
14:19:37	5.49	--	153	83997	买盘
14:18:57	5.49	--	4	2196	买盘
14:18:52	5.49	--	50	27450	买盘
14:18:42	5.49	--	124	68076	买盘
14:18:27	5.49	0.01	111	60939	买盘
14:18:07	5.48	-0.01	100	54800	卖盘
14:17:57	5.49	0.01	1	549	买盘
14:17:37	5.48	--	83	45484	卖盘
14:17:07	5.48	--	70	38360	卖盘
14:16:56	5.48	-0.01	95	52060	卖盘
14:16:52	5.49	--	100	54900	买盘
14:16:46	5.49	0.01	4	2196	买盘
14:16:31	5.48	-0.01	41	22468	卖盘
14:16:07	5.49	--	1	549	买盘
14:15:56	5.49	--	180	98825	卖盘
14:15:52	5.49	--	25	13725	卖盘
14:15:41	5.49	--	200	109800	卖盘
14:15:26	5.49	-0.01	37	20313	卖盘
14:15:22	5.5	0.01	50	27500	买盘
14:15:16	5.49	--	12	6615	卖盘
14:15:07	5.49	-0.01	200	109800	卖盘
14:15:01	5.5	--	15	8250	买盘
14:14:31	5.5	--	20	11000	买盘
14:14:22	5.5	--	59	32450	买盘
14:14:16	5.5	--	1	550	买盘
14:13:56	5.5	0.01	3	1650	买盘
14:13:41	5.49	--	50	27450	卖盘
14:13:31	5.49	--	15	8723	卖盘
14:13:01	5.49	-0.01	15	8723	卖盘
14:12:51	5.5	--	19	10450	买盘
14:12:31	5.5	--	1	550	买盘
14:12:16	5.5	0.01	58	31900	买盘
14:11:36	5.49	--	44	24243	买盘
14:11:01	5.49	--	19	10892	卖盘
14:10:36	5.49	-0.01	44	24156	卖盘
14:09:01	5.5	--	15	8250	买盘
14:08:46	5.5	0.01	1	550	买盘
14:08:40	5.49	--	345	189492	买盘
14:08:25	5.49	-0.01	7	4304	卖盘
14:08:10	5.5	--	88	48400	买盘
14:08:05	5.5	--	2	1100	买盘
14:07:55	5.5	0.01	8	4400	买盘
14:07:46	5.49	-0.01	50	27450	卖盘
14:07:00	5.5	--	3	1650	买盘
14:06:55	5.5	0.01	1	550	买盘
14:06:40	5.49	--	83	45567	卖盘
14:06:30	5.49	-0.01	12	6906	卖盘
14:06:05	5.5	0.01	4	2200	买盘
14:06:00	5.49	-0.01	12	6906	卖盘
14:05:10	5.5	--	6	3300	买盘
14:05:04	5.5	--	103	56650	买盘
14:04:55	5.5	0.01	15	8250	买盘
14:04:45	5.49	--	8	4392	卖盘
14:04:34	5.49	-0.01	8	4392	卖盘
14:04:30	5.5	0.01	46	25300	买盘
14:04:25	5.49	--	7	3843	中性盘
14:04:04	5.49	--	0	0	卖盘
14:03:55	5.49	--	5	2745	卖盘
14:03:45	5.49	-0.01	33	18117	卖盘
14:03:19	5.5	--	46	25300	买盘
14:03:15	5.5	--	1	550	买盘
14:03:04	5.5	--	4	2200	买盘
14:02:39	5.5	--	0	0	买盘
14:02:24	5.5	--	0	0	买盘
14:02:19	5.5	0.01	46	25300	买盘
14:02:14	5.49	--	9	4941	卖盘
14:02:10	5.49	--	68	37332	卖盘
14:02:04	5.49	-0.01	8	4392	卖盘
14:01:59	5.5	0.01	35	19250	买盘
14:01:55	5.49	-0.01	20	10980	卖盘
14:01:34	5.5	-0.01	1	550	卖盘
14:01:25	5.51	--	1	551	买盘
14:01:19	5.51	0.01	146	80446	买盘
14:00:49	5.5	-0.01	38	20900	卖盘
14:00:44	5.51	--	10	5510	买盘
14:00:39	5.51	0.01	48	26448	买盘
13:59:49	5.5	--	14	7700	买盘
13:59:39	5.5	--	1	550	买盘
13:59:24	5.5	0.01	79	43450	买盘
13:59:09	5.49	-0.01	34	18666	卖盘
13:58:59	5.5	0.01	15	8250	买盘
13:58:24	5.49	-0.01	3	1647	卖盘
13:58:13	5.5	0.01	194	106700	买盘
13:57:58	5.49	--	101	55449	卖盘
13:57:54	5.49	-0.01	3	1647	卖盘
13:57:49	5.5	--	1	550	买盘
13:56:54	5.5	--	8	4400	买盘
13:56:08	5.5	--	18	9900	买盘
13:55:58	5.5	--	1	550	买盘
13:54:08	5.5	0.01	1	550	买盘
13:53:53	5.49	-0.01	15	8235	卖盘
13:53:48	5.5	--	100	55000	买盘
13:52:48	5.5	--	93	51150	买盘
13:52:18	5.5	0.01	1	550	买盘
13:52:13	5.49	--	10	5490	卖盘
13:51:43	5.49	-0.01	100	54900	卖盘
13:50:58	5.5	--	207	113850	买盘
13:50:28	5.5	0.01	1	550	买盘
13:50:22	5.49	0.01	100	54900	买盘
13:50:03	5.48	-0.01	146	80008	卖盘
13:49:58	5.49	--	11	6039	买盘
13:49:07	5.49	--	8	4392	买盘
13:48:57	5.49	--	34	18666	买盘
13:48:52	5.49	--	100	54900	买盘
13:48:47	5.49	0.01	5	2745	买盘
13:48:42	5.48	-0.01	12	6576	卖盘
13:48:37	5.49	0.01	21	11529	买盘
13:48:27	5.48	--	10	5480	卖盘
13:48:07	5.48	-0.01	200	109600	卖盘
13:48:02	5.49	--	12	6588	买盘
13:47:27	5.49	--	22	12078	买盘
13:47:07	5.49	-0.01	18	9882	卖盘
13:47:02	5.5	--	1	550	买盘
13:46:57	5.5	--	104	57200	买盘
13:46:47	5.5	--	94	51700	买盘
13:46:42	5.5	0.01	50	27500	买盘
13:46:27	5.49	--	3	1647	卖盘
13:46:22	5.49	--	3	1647	卖盘
13:46:12	5.49	--	71	38979	买盘
13:46:07	5.49	--	13	7137	买盘
13:45:57	5.49	-0.01	13	7137	卖盘
13:45:52	5.5	0.01	4	2200	买盘
13:45:37	5.49	--	20	10980	卖盘
13:45:27	5.49	-0.01	43	23607	买盘
13:45:17	5.5	--	0	0	买盘
13:45:12	5.5	0.01	34	18700	买盘
13:45:07	5.49	--	28	15372	买盘
13:44:57	5.49	0.02	1	549	买盘
13:44:47	5.47	--	0	0	卖盘
13:44:42	5.47	-0.02	136	74392	卖盘
13:44:32	5.49	0.01	93	51057	买盘
13:44:27	5.48	-0.02	9	4932	卖盘
13:43:12	5.5	--	0	0	买盘
13:43:07	5.5	0.02	1	550	买盘
13:43:01	5.48	-0.01	200	109600	卖盘
13:42:42	5.49	--	35	19215	买盘
13:42:12	5.49	0.01	6	3294	买盘
13:42:06	5.48	-0.01	100	54800	卖盘
13:41:36	5.49	--	75	41175	卖盘
13:41:31	5.49	0.01	18	9882	买盘
13:41:21	5.48	-0.01	60	32880	卖盘
13:41:16	5.49	--	1	549	买盘
13:41:11	5.49	-0.01	14	7686	买盘
13:41:06	5.5	0.01	115	63250	买盘
13:41:01	5.49	--	5	2745	买盘
13:40:31	5.49	--	114	62586	买盘
13:40:11	5.49	0.01	10	5490	中性盘
13:40:01	5.48	-0.01	139	76172	卖盘
13:39:26	5.49	--	69	37881	卖盘
13:38:56	5.49	-0.01	10	5490	卖盘
13:38:11	5.5	--	10	5500	买盘
13:38:06	5.5	--	1	550	买盘
13:37:46	5.5	--	34	18700	买盘
13:37:36	5.5	--	50	27500	买盘
13:37:16	5.5	0.01	38	20900	买盘
13:37:01	5.49	--	10	5490	卖盘
13:36:46	5.49	0.01	79	43371	买盘
13:36:21	5.48	--	19	10412	卖盘
13:36:16	5.48	--	121	66308	卖盘
13:36:01	5.48	--	0	0	卖盘
13:35:55	5.48	--	30	16440	卖盘
13:35:51	5.48	--	35	19180	卖盘
13:35:46	5.48	--	310	169880	卖盘
13:35:36	5.48	--	0	0	卖盘
13:35:25	5.48	-0.01	1162	636776	卖盘
13:35:21	5.49	0.01	157	86193	买盘
13:35:00	5.48	-0.01	8	4384	卖盘
13:34:55	5.49	--	8	4392	买盘
13:34:50	5.49	--	30	16470	买盘
13:34:30	5.49	--	83	45567	买盘
13:34:25	5.49	--	8	4392	买盘
13:34:10	5.49	--	238	130662	卖盘
13:34:00	5.49	-0.01	20	10980	卖盘
13:33:55	5.5	--	1	550	买盘
13:33:25	5.5	0.01	9	4950	买盘
13:32:55	5.49	-0.01	70	38430	卖盘
13:32:45	5.5	0.01	82	45100	买盘
13:32:40	5.49	--	7	3843	卖盘
13:32:25	5.49	--	138	75762	卖盘
13:32:10	5.49	-0.01	32	17568	卖盘
13:32:05	5.5	0.01	1	550	买盘
13:31:55	5.49	-0.01	110	60390	卖盘
13:31:35	5.5	0.01	9	4950	买盘
13:31:30	5.49	--	100	54900	卖盘
13:31:25	5.49	-0.01	30	16470	卖盘
13:31:20	5.5	0.01	10	5500	买盘
13:31:15	5.49	--	2	1098	卖盘
13:30:55	5.49	-0.01	100	54900	卖盘
13:30:45	5.5	--	79	43450	买盘
13:30:25	5.5	-0.01	141	77550	卖盘
13:30:20	5.51	--	7	3857	买盘
13:30:15	5.51	--	1	551	买盘
13:29:55	5.51	0.01	1	551	买盘
13:29:49	5.5	-0.01	49	26950	卖盘
13:29:45	5.51	--	98	53998	买盘
13:29:25	5.51	--	82	45182	买盘
13:28:25	5.51	--	1	551	买盘
13:28:15	5.51	0.01	141	77691	买盘
13:28:04	5.5	--	35	19250	卖盘
13:27:29	5.5	-0.01	2	1100	卖盘
13:27:24	5.51	--	16	8816	买盘
13:27:19	5.51	0.01	83	45733	买盘
13:27:09	5.5	--	74	40700	卖盘
13:26:54	5.5	-0.01	40	22000	卖盘
13:26:34	5.51	0.01	1	551	买盘
13:26:29	5.5	--	316	173800	买盘
13:26:24	5.5	0.01	14	7700	买盘
13:26:19	5.49	-0.01	17	9333	卖盘
13:25:54	5.5	--	7	3850	买盘
13:25:44	5.5	0.01	90	49500	买盘
13:25:34	5.49	-0.01	20	10980	卖盘
13:25:24	5.5	--	23	12650	买盘
13:25:19	5.5	--	5	2750	买盘
13:25:14	5.5	0.01	6	3300	买盘
13:25:04	5.49	-0.01	12	6588	卖盘
13:24:54	5.5	--	89	48950	买盘
13:24:49	5.5	--	1	550	买盘
13:24:44	5.5	--	23	12650	买盘
13:24:24	5.5	-0.01	617	339350	卖盘
13:23:54	5.51	--	8	4408	买盘
13:23:19	5.51	--	1	551	买盘
13:23:09	5.51	--	11	6061	买盘
13:23:04	5.51	-0.01	5	2755	卖盘
13:22:54	5.52	0.01	1	552	买盘
13:22:24	5.51	--	14	7714	买盘
13:22:04	5.51	0.01	122	67222	买盘
13:21:19	5.5	-0.01	16	8800	卖盘
13:21:03	5.51	--	1	551	买盘
13:20:58	5.51	--	10	5510	买盘
13:19:28	5.51	--	1	551	买盘
13:19:18	5.51	--	1	551	买盘
13:19:13	5.51	--	9	4959	买盘
13:18:23	5.51	--	12	6612	买盘
13:18:08	5.51	-0.01	5	2755	卖盘
13:17:48	5.52	--	3	1655	买盘
13:17:28	5.52	0.01	1	552	买盘
13:17:23	5.51	--	20	11020	卖盘
13:16:58	5.51	--	50	27550	卖盘
13:16:53	5.51	--	74	40774	买盘
13:16:33	5.51	--	66	36366	卖盘
13:16:28	5.51	-0.01	45	24795	卖盘
13:15:33	5.52	--	1	552	买盘
13:15:28	5.52	--	130	71760	买盘
13:15:13	5.52	--	9	4968	买盘
13:14:43	5.52	--	142	78384	买盘
13:14:33	5.52	--	109	60167	买盘
13:14:12	5.52	--	42	23184	买盘
13:13:47	5.52	0.01	1	552	买盘
13:13:32	5.51	-0.01	60	33060	卖盘
13:13:12	5.52	--	10	5520	买盘
13:12:57	5.52	--	4	2208	买盘
13:12:52	5.52	--	4	2208	买盘
13:12:42	5.52	0.01	20	11040	买盘
13:12:17	5.51	-0.01	302	166402	卖盘
13:11:57	5.52	--	1	552	买盘
13:11:47	5.52	--	50	27599	买盘
13:11:17	5.52	--	21	11592	买盘
13:10:37	5.52	--	10	5520	买盘
13:10:27	5.52	--	4	2208	卖盘
13:10:22	5.52	--	51	28151	卖盘
13:10:07	5.52	0.01	36	19872	买盘
13:09:52	5.51	-0.02	150	82650	卖盘
13:09:42	5.53	--	179	98987	买盘
13:09:22	5.53	0.01	148	81844	买盘
13:09:17	5.52	0.01	11	6071	买盘
13:09:12	5.51	-0.01	10	5510	卖盘
13:09:07	5.52	--	90	49679	买盘
13:08:16	5.52	0.01	1	552	买盘
13:08:12	5.51	-0.01	100	55100	卖盘
13:07:52	5.52	0.01	1	552	买盘
13:07:27	5.51	-0.01	93	51601	卖盘
13:07:22	5.52	--	30	16560	卖盘
13:07:12	5.52	-0.01	20	11040	卖盘
13:07:06	5.53	--	0	0	买盘
13:06:26	5.53	0.01	1	553	买盘
13:05:56	5.52	--	0	0	买盘
13:05:51	5.52	--	30	16560	买盘
13:05:26	5.52	--	89	49127	买盘
13:05:16	5.52	--	3	1655	买盘
13:04:36	5.52	--	1	552	买盘
13:04:31	5.52	0.01	6	3311	买盘
13:04:21	5.51	-0.01	69	38019	卖盘
13:04:16	5.52	--	12	6623	买盘
13:04:11	5.52	0.01	89	49127	买盘
13:04:06	5.51	--	20	11020	卖盘
13:03:06	5.51	-0.01	300	165300	卖盘
13:02:46	5.52	--	1	552	买盘
13:01:56	5.52	--	4	2208	买盘
13:01:51	5.52	--	4	2208	买盘
13:01:16	5.52	--	2	1104	买盘
13:00:55	5.52	--	1	552	买盘
13:00:46	5.52	--	9	4968	买盘
13:00:15	5.52	--	17	9384	买盘
13:00:06	5.52	0.01	158	87216	买盘
11:30:00	5.51	--	0	0	卖盘
11:29:59	5.51	--	0	0	卖盘
11:29:51	5.51	--	1	551	卖盘
11:29:27	5.51	-0.01	3	1653	卖盘
11:29:16	5.52	0.01	1	552	买盘
11:29:12	5.51	--	15	8265	卖盘
11:29:01	5.51	-0.01	41	22591	卖盘
11:28:57	5.52	0.01	89	49127	买盘
11:28:21	5.51	-0.01	40	22040	卖盘
11:27:57	5.52	--	89	49127	买盘
11:27:51	5.52	--	27	14903	买盘
11:27:27	5.52	0.01	1	552	买盘
11:27:21	5.51	--	10	5510	卖盘
11:27:06	5.51	--	10	5510	卖盘
11:26:51	5.51	--	1	551	卖盘
11:26:11	5.51	-0.01	100	55100	卖盘
11:25:36	5.52	--	1	552	买盘
11:25:01	5.52	--	11	6071	买盘
11:24:56	5.52	0.01	42	23184	买盘
11:24:36	5.51	--	89	49039	买盘
11:24:26	5.51	0.01	20	11020	买盘
11:24:06	5.5	-0.01	217	119350	卖盘
11:24:00	5.51	--	7	3857	买盘
11:23:51	5.51	0.01	100	55100	买盘
11:23:45	5.5	-0.01	2	1100	卖盘
11:23:30	5.51	0.01	27	14877	买盘
11:23:21	5.5	-0.01	54	29700	卖盘
11:23:15	5.51	--	47	25897	买盘
11:23:00	5.51	0.01	197	108547	买盘
11:22:45	5.5	-0.01	1	550	卖盘
11:22:15	5.51	--	100	55100	买盘
11:22:06	5.51	--	6	3306	买盘
11:21:55	5.51	0.01	1	551	买盘
11:21:45	5.5	--	1	550	卖盘
11:21:36	5.5	-0.01	100	55000	卖盘
11:21:25	5.51	--	79	43529	买盘
11:21:06	5.51	--	6	3306	买盘
11:20:55	5.51	--	22	12122	买盘
11:20:51	5.51	--	4	2204	买盘
11:20:45	5.51	0.01	80	44080	买盘
11:20:36	5.5	-0.01	100	55000	卖盘
11:20:06	5.51	--	1	551	买盘
11:20:00	5.51	0.01	15	8265	买盘
11:19:45	5.5	-0.01	41	22550	卖盘
11:19:30	5.51	--	83	45733	买盘
11:19:20	5.51	--	300	165300	买盘
11:19:00	5.51	0.01	61	33611	买盘
11:18:45	5.5	-0.01	1	550	卖盘
11:18:30	5.51	--	89	49039	买盘
11:18:15	5.51	--	1	551	买盘
11:18:10	5.51	--	84	46284	买盘
11:18:00	5.51	0.01	5	2755	买盘
11:17:45	5.5	-0.01	1	550	卖盘
11:17:15	5.51	--	88	48488	买盘
11:17:09	5.51	--	12	6612	买盘
11:17:05	5.51	0.01	2	1102	买盘
11:16:45	5.5	-0.01	1	550	卖盘
11:16:30	5.51	--	17	9367	买盘
11:16:24	5.51	0.01	1	551	买盘
11:15:45	5.5	--	1	550	卖盘
11:15:39	5.5	--	8	4400	买盘
11:15:00	5.5	0.01	12	6600	买盘
11:14:45	5.49	-0.01	1	549	卖盘
11:14:34	5.5	--	1	550	买盘
11:14:15	5.5	-0.01	86	47300	卖盘
11:14:04	5.51	--	12	6612	买盘
11:14:00	5.51	--	10	5510	买盘
11:13:39	5.51	--	109	60059	买盘
11:12:44	5.51	--	1	551	买盘
11:12:24	5.51	--	161	88711	买盘
11:11:54	5.51	--	61	33611	卖盘
11:11:39	5.51	0.01	107	58957	买盘
11:11:29	5.5	-0.01	1	550	卖盘
11:11:14	5.51	--	162	89262	买盘
11:11:09	5.51	--	12	6612	买盘
11:11:04	5.51	0.01	2	1102	买盘
11:10:59	5.5	-0.01	10	5500	卖盘
11:10:54	5.51	0.01	1	551	买盘
11:10:44	5.5	--	32	17600	卖盘
11:10:39	5.5	--	14	7700	卖盘
11:10:29	5.5	-0.01	1	550	卖盘
11:10:14	5.51	--	5	2755	买盘
11:10:03	5.51	0.01	2	1102	买盘
11:09:59	5.5	--	6	3646	买盘
11:09:54	5.5	0.01	8	4400	买盘
11:09:28	5.49	-0.01	41	22509	卖盘
11:09:24	5.5	--	5	2750	买盘
11:09:09	5.5	--	24	13200	买盘
11:09:03	5.5	--	12	6600	买盘
11:08:54	5.5	--	12	6600	买盘
11:08:39	5.5	--	101	55550	买盘
11:08:33	5.5	--	21	11550	卖盘
11:08:28	5.5	-0.01	1	550	卖盘
11:08:24	5.51	0.01	30	16530	买盘
11:07:33	5.5	0.01	187	102850	买盘
11:07:28	5.49	-0.01	1	549	卖盘
11:07:13	5.5	--	1	550	买盘
11:07:09	5.5	0.01	5	2750	买盘
11:06:48	5.49	-0.01	106	58194	卖盘
11:06:43	5.5	0.01	44	24200	买盘
11:06:28	5.49	-0.01	1	549	卖盘
11:06:24	5.5	--	2	1100	买盘
11:06:18	5.5	--	1	550	买盘
11:06:03	5.5	0.01	24	13200	买盘
11:05:48	5.49	0.01	28	15372	买盘
11:05:43	5.48	-0.01	20	10960	卖盘
11:05:33	5.49	0.01	5	2745	买盘
11:05:28	5.48	-0.01	1	548	卖盘
11:05:23	5.49	--	1	549	买盘
11:05:13	5.49	--	20	10980	买盘
11:05:08	5.49	0.01	8	4392	买盘
11:05:03	5.48	-0.01	40	21920	卖盘
11:04:43	5.49	0.01	133	73017	买盘
11:04:28	5.48	--	94	51512	卖盘
11:04:08	5.48	-0.01	20	10960	卖盘
11:04:03	5.49	--	1	549	买盘
11:03:53	5.49	0.01	20	10980	买盘
11:03:48	5.48	--	0	219	卖盘
11:03:38	5.48	-0.01	15	8220	卖盘
11:03:33	5.49	0.01	1	549	买盘
11:03:27	5.48	-0.01	1	548	卖盘
11:03:08	5.49	--	3	1647	买盘
11:02:48	5.49	--	1	549	买盘
11:02:33	5.49	--	37	20313	卖盘
11:02:27	5.49	-0.01	1	549	卖盘
11:02:22	5.5	0.01	5	2750	买盘
11:02:03	5.49	-0.01	76	41724	卖盘
11:01:42	5.5	--	1	550	买盘
11:01:22	5.5	--	81	44550	买盘
11:01:12	5.5	--	91	50050	买盘
11:01:03	5.5	--	18	9900	买盘
11:00:18	5.5	--	46	25300	买盘
10:59:57	5.5	--	1	550	买盘
10:59:52	5.5	--	49	26950	买盘
10:59:48	5.5	0.01	93	51150	买盘
10:59:02	5.49	-0.01	5	2745	卖盘
10:58:57	5.5	--	4	2200	买盘
10:58:52	5.5	0.01	11	6050	买盘
10:58:47	5.49	-0.01	1	549	卖盘
10:58:02	5.5	0.01	1	550	买盘
10:57:57	5.49	--	3	1647	卖盘
10:57:47	5.49	-0.01	1	549	卖盘
10:57:06	5.5	0.01	78	42900	买盘
10:56:47	5.49	--	1	549	卖盘
10:56:42	5.49	--	5	2745	卖盘
10:56:32	5.49	-0.01	1	549	卖盘
10:56:12	5.5	--	1	550	买盘
10:55:57	5.5	0.01	89	48950	买盘
10:55:46	5.49	--	1	549	卖盘
10:55:42	5.49	--	10	5490	卖盘
10:55:36	5.49	0.01	90	49410	买盘
10:54:46	5.48	-0.01	1	548	卖盘
10:54:42	5.49	--	10	5490	买盘
10:54:31	5.49	--	91	49959	买盘
10:54:27	5.49	--	1	549	买盘
10:54:12	5.49	0.01	2	1098	买盘
10:53:46	5.48	--	1	548	卖盘
10:53:06	5.48	--	6	3288	卖盘
10:52:46	5.48	-0.01	1	548	卖盘
10:52:36	5.49	--	1	549	买盘
10:52:31	5.49	--	2	1098	买盘
10:52:21	5.49	--	42	23058	买盘
10:52:16	5.49	--	18	9882	买盘
10:52:11	5.49	0.02	100	54900	买盘
10:51:56	5.47	--	0	0	卖盘
10:51:51	5.47	--	0	0	卖盘
10:51:46	5.47	--	1	547	卖盘
10:51:41	5.47	-0.01	336	183792	卖盘
10:51:36	5.48	--	102	55896	卖盘
10:50:46	5.48	-0.02	1	548	卖盘
10:50:41	5.5	0.02	1	550	买盘
10:50:30	5.48	0.01	10	5480	买盘
10:50:21	5.47	--	0	0	卖盘
10:49:45	5.47	-0.03	1	547	卖盘
10:49:36	5.5	0.01	124	68200	买盘
10:49:06	5.49	-0.01	80	43920	卖盘
10:48:55	5.5	--	1	550	买盘
10:48:51	5.5	--	86	47300	买盘
10:48:21	5.5	--	114	62700	买盘
10:47:55	5.5	--	4	2200	买盘
10:47:51	5.5	0.01	4	2200	买盘
10:47:45	5.49	--	8	4392	卖盘
10:47:30	5.49	--	1	549	卖盘
10:47:15	5.49	--	91	49959	买盘
10:47:06	5.49	0.01	1	549	买盘
10:46:30	5.48	-0.01	1	548	卖盘
10:46:21	5.49	0.01	113	62037	买盘
10:45:30	5.48	-0.01	1	548	卖盘
10:45:15	5.49	0.01	1	549	买盘
10:44:50	5.48	0.01	198	108504	买盘
10:44:30	5.47	-0.01	26	14222	卖盘
10:44:05	5.48	--	87	47676	买盘
10:44:00	5.48	--	113	61924	买盘
10:43:45	5.48	0.01	10	5480	买盘
10:43:30	5.47	-0.01	611	334217	卖盘
10:43:24	5.48	--	1	548	买盘
10:43:00	5.48	--	74	40552	买盘
10:42:49	5.48	0.01	100	54800	买盘
10:42:30	5.47	--	1	547	卖盘
10:42:24	5.47	-0.01	11	6017	卖盘
10:41:34	5.48	0.01	1	548	买盘
10:41:30	5.47	--	101	55247	卖盘
10:41:15	5.47	--	1	547	卖盘
10:40:30	5.47	--	3	1641	卖盘
10:39:44	5.47	0.01	27	14769	买盘
10:39:29	5.46	-0.01	1	546	卖盘
10:39:24	5.47	0.01	2	1094	买盘
10:39:14	5.46	--	36	19656	卖盘
10:38:29	5.46	--	1	546	卖盘
10:38:19	5.46	-0.01	42	22932	卖盘
10:37:54	5.47	--	1	547	买盘
10:37:29	5.47	--	5	2735	买盘
10:37:24	5.47	--	3	1641	买盘
10:36:54	5.47	--	8	4376	买盘
10:36:48	5.47	-0.01	9	4923	卖盘
10:36:03	5.48	0.01	1	548	买盘
10:35:39	5.47	--	1	547	卖盘
10:35:24	5.47	--	77	42119	买盘
10:34:54	5.47	--	196	107212	卖盘
10:34:48	5.47	--	7	3829	卖盘
10:34:39	5.47	-0.01	1	547	卖盘
10:34:28	5.48	--	1	548	买盘
10:34:13	5.48	0.01	1	548	买盘
10:33:38	5.47	-0.01	1	547	卖盘
10:33:33	5.48	0.01	10	5480	买盘
10:33:18	5.47	--	2	1094	卖盘
10:32:38	5.47	-0.01	1	547	卖盘
10:32:33	5.48	--	10	5480	买盘
10:32:23	5.48	--	5	2740	买盘
10:32:03	5.48	--	6	3288	买盘
10:31:53	5.48	--	7	3836	卖盘
10:31:38	5.48	--	1	548	卖盘
10:31:33	5.48	--	38	20824	卖盘
10:30:38	5.48	-0.01	1	548	卖盘
10:30:33	5.49	--	1	549	买盘
10:30:18	5.49	0.01	3	1647	买盘
10:29:57	5.48	-0.01	6	3288	卖盘
10:29:48	5.49	0.01	19	10431	买盘
10:29:42	5.48	-0.01	1	548	卖盘
10:28:42	5.49	0.01	2	1098	买盘
10:27:42	5.48	--	1	548	卖盘
10:27:33	5.48	-0.01	10	5480	卖盘
10:27:27	5.49	0.01	29	15921	买盘
10:26:57	5.48	--	11	6028	卖盘
10:26:42	5.48	-0.01	1	548	卖盘
10:26:22	5.49	--	3	1647	买盘
10:26:02	5.49	--	44	24156	买盘
10:25:57	5.49	--	4	2196	买盘
10:25:52	5.49	--	4	2196	买盘
10:25:27	5.49	--	50	27450	买盘
10:25:22	5.49	--	1	549	买盘
10:25:17	5.49	--	10	5490	买盘
10:25:02	5.49	0.01	11	6039	买盘
10:24:21	5.48	--	11	6028	买盘
10:24:17	5.48	0.02	1	548	买盘
10:24:02	5.46	--	0	0	卖盘
10:23:57	5.46	--	0	0	卖盘
10:23:42	5.46	--	0	0	卖盘
10:23:31	5.46	-0.02	1	546	卖盘
10:23:21	5.48	--	33	18084	买盘
10:23:12	5.48	--	1	548	买盘
10:22:42	5.48	0.01	906	496488	买盘
10:22:36	5.47	--	153	83691	卖盘
10:22:31	5.47	-0.01	1	547	卖盘
10:22:21	5.48	0.01	11	6028	买盘
10:22:01	5.47	--	217	118699	卖盘
10:21:57	5.47	--	23	12581	卖盘
10:21:51	5.47	--	1	547	卖盘
10:21:42	5.47	--	130	71110	卖盘
10:21:31	5.47	-0.01	1	547	卖盘
10:21:26	5.48	0.01	1	548	买盘
10:21:06	5.47	--	6	3282	卖盘
10:20:31	5.47	-0.01	1	547	卖盘
10:19:36	5.48	0.01	1	548	买盘
10:19:31	5.47	-0.01	1	547	卖盘
10:19:26	5.48	0.01	3	1644	买盘
10:19:11	5.47	--	54	29538	卖盘
10:19:01	5.47	--	15	8205	买盘
10:18:36	5.47	0.01	20	10940	买盘
10:18:31	5.46	-0.01	1	546	卖盘
10:18:26	5.47	--	2	1094	买盘
10:18:11	5.47	-0.01	69	37743	卖盘
10:17:41	5.48	0.01	1	548	买盘
10:17:30	5.47	-0.01	1	547	卖盘
10:17:21	5.48	0.01	13	7124	买盘
10:17:15	5.47	--	1	547	卖盘
10:16:55	5.47	--	9	4923	卖盘
10:16:36	5.47	--	45	24615	卖盘
10:16:30	5.47	--	1	547	卖盘
10:16:00	5.47	-0.01	7	3829	卖盘
10:15:55	5.48	0.01	1	548	买盘
10:15:30	5.47	-0.01	1	547	中性盘
10:15:21	5.48	0.02	1	548	买盘
10:15:06	5.46	-0.02	5	2730	卖盘
10:14:55	5.48	--	6	3288	买盘
10:14:51	5.48	0.02	4	2192	买盘
10:14:45	5.46	--	0	0	卖盘
10:14:30	5.46	-0.02	1	546	卖盘
10:14:20	5.48	--	4	2192	买盘
10:14:05	5.48	-0.01	1	548	买盘
10:13:45	5.49	0.01	100	54900	买盘
10:13:35	5.48	-0.01	7	3836	卖盘
10:13:15	5.49	0.01	26	14274	买盘
10:13:10	5.48	0.02	151	82748	买盘
10:13:05	5.46	--	100	54600	卖盘
10:12:50	5.46	--	43	23478	卖盘
10:12:30	5.46	--	354	193284	买盘
10:12:20	5.46	--	72	39312	买盘
10:12:15	5.46	--	86	46956	买盘
10:12:10	5.46	--	68	37128	买盘
10:12:00	5.46	0.01	35	19110	买盘
10:11:50	5.45	-0.01	796	433820	卖盘
10:11:45	5.46	--	10	5460	买盘
10:11:35	5.46	--	36	19656	买盘
10:11:25	5.46	--	80	43680	买盘
10:11:20	5.46	-0.03	1147	626262	卖盘
10:11:10	5.49	--	47	25803	买盘
10:11:05	5.49	--	15	8235	买盘
10:10:30	5.49	--	170	93330	买盘
10:10:24	5.49	--	1	549	买盘
10:10:19	5.49	0.01	278	152622	买盘
10:10:09	5.48	--	41	22468	买盘
10:10:00	5.48	--	7	3836	买盘
10:09:45	5.48	0.01	26	14248	买盘
10:09:39	5.47	-0.01	1	547	卖盘
10:09:34	5.48	--	26	14248	买盘
10:09:30	5.48	--	18	9864	买盘
10:09:04	5.48	--	11	6028	买盘
10:08:34	5.48	--	1	548	买盘
10:08:30	5.48	--	336	184128	卖盘
10:08:04	5.48	--	30	16440	买盘
10:07:14	5.48	-0.01	13	7124	卖盘
10:06:59	5.49	--	8	4392	买盘
10:06:44	5.49	0.01	4	2196	买盘
10:06:29	5.48	--	7	3836	买盘
10:06:24	5.48	0.01	111	60828	买盘
10:06:04	5.47	--	60	32820	买盘
10:05:59	5.47	--	60	32820	买盘
10:05:54	5.47	--	25	13675	买盘
10:05:49	5.47	0.01	5	2735	买盘
10:05:44	5.46	--	20	10920	卖盘
10:05:04	5.46	--	107	58422	买盘
10:04:59	5.46	--	206	112476	买盘
10:04:54	5.46	--	336	183456	买盘
10:04:49	5.46	--	136	74256	买盘
10:04:44	5.46	--	133	72618	买盘
10:04:39	5.46	--	18	9828	买盘
10:04:33	5.46	--	53	28938	买盘
10:04:29	5.46	--	5	2730	买盘
10:04:24	5.46	--	52	28392	买盘
10:04:14	5.46	--	150	81900	买盘
10:04:09	5.46	--	120	65520	买盘
10:04:03	5.46	--	29	15834	买盘
10:03:54	5.46	--	100	54600	买盘
10:03:48	5.46	--	7	3822	买盘
10:03:43	5.46	--	30	16380	买盘
10:03:38	5.46	--	50	27300	买盘
10:03:33	5.46	--	10	5460	买盘
10:03:24	5.46	--	125	68250	买盘
10:03:18	5.46	--	19	10374	买盘
10:03:13	5.46	--	110	60060	买盘
10:03:03	5.46	--	1	546	买盘
10:02:54	5.46	--	70	38220	买盘
10:02:48	5.46	-0.02	1669	911274	卖盘
10:02:03	5.48	-0.01	11	6028	卖盘
10:01:48	5.49	--	5	2745	买盘
10:01:43	5.49	--	3	1647	买盘
10:01:23	5.49	--	135	74115	卖盘
10:01:18	5.49	--	51	27999	卖盘
10:01:03	5.49	--	200	109800	卖盘
10:00:03	5.49	--	100	54900	卖盘
09:59:58	5.49	--	20	10980	卖盘
09:59:48	5.49	--	40	21960	买盘
09:59:38	5.49	0.01	111	60939	买盘
09:59:28	5.48	--	200	109600	卖盘
09:59:08	5.48	0.01	14	7672	卖盘
09:59:03	5.47	--	0	0	卖盘
09:58:58	5.47	-0.02	45	24615	卖盘
09:58:53	5.49	0.01	702	385398	买盘
09:58:43	5.48	--	1	548	卖盘
09:58:38	5.48	--	3	1644	买盘
09:58:33	5.48	--	17	9316	买盘
09:58:18	5.48	0.01	10	5480	买盘
09:58:12	5.47	--	50	27350	卖盘
09:58:08	5.47	-0.01	3	1641	卖盘
09:57:57	5.48	--	10	5480	买盘
09:57:48	5.48	--	24	13152	买盘
09:57:33	5.48	--	0	0	买盘
09:57:03	5.48	0.02	305	167140	买盘
09:56:52	5.46	--	65	35490	买盘
09:56:48	5.46	-0.02	752	410592	卖盘
09:56:42	5.48	--	10	5480	买盘
09:56:33	5.48	--	1023	560604	买盘
09:56:27	5.48	--	15	8220	买盘
09:56:07	5.48	-0.01	10	5480	卖盘
09:56:03	5.49	0.01	193	105957	买盘
09:55:57	5.48	-0.01	100	54800	卖盘
09:55:47	5.49	--	9	4941	买盘
09:55:32	5.49	--	101	55449	卖盘
09:55:27	5.49	--	11	6039	卖盘
09:55:22	5.49	--	118	64782	卖盘
09:55:02	5.49	-0.01	1	549	卖盘
09:54:47	5.5	--	54	29700	买盘
09:54:27	5.5	--	135	74250	买盘
09:53:47	5.5	0.01	8	4400	买盘
09:53:42	5.49	-0.01	12	6588	卖盘
09:53:07	5.5	--	99	54450	买盘
09:52:47	5.5	0.01	144	79200	买盘
09:52:42	5.49	0.01	30	16470	买盘
09:52:32	5.48	-0.01	41	22468	卖盘
09:52:27	5.49	0.01	75	41175	买盘
09:52:22	5.48	-0.01	58	31784	卖盘
09:51:51	5.49	--	22	12078	买盘
09:51:42	5.49	-0.01	288	158112	卖盘
09:51:36	5.5	0.01	10	5500	买盘
09:51:21	5.49	-0.01	9	4941	卖盘
09:51:12	5.5	--	5	2750	买盘
09:50:51	5.5	--	70	38500	买盘
09:50:31	5.5	--	30	16500	买盘
09:50:21	5.5	--	100	55000	买盘
09:50:06	5.5	--	26	14503	卖盘
09:49:56	5.5	-0.01	20	11000	卖盘
09:49:51	5.51	0.01	26	14673	买盘
09:49:21	5.5	--	187	103053	卖盘
09:49:11	5.5	-0.01	30	16500	卖盘
09:49:01	5.51	--	5	2755	买盘
09:48:41	5.51	--	11	6061	买盘
09:48:36	5.51	--	1	551	买盘
09:48:01	5.51	--	60	33060	买盘
09:47:56	5.51	--	31	17081	卖盘
09:47:46	5.51	--	20	11020	卖盘
09:47:41	5.51	--	10	5510	卖盘
09:47:36	5.51	--	248	136648	卖盘
09:47:26	5.51	-0.01	133	73283	卖盘
09:47:21	5.52	0.01	1	552	买盘
09:47:16	5.51	-0.01	30	16530	卖盘
09:46:56	5.52	0.01	8	4416	买盘
09:46:41	5.51	--	27	14877	卖盘
09:46:36	5.51	-0.01	25	13775	卖盘
09:46:31	5.52	0.01	1	552	买盘
09:46:26	5.51	-0.01	25	13775	卖盘
09:46:11	5.52	0.01	111	61271	买盘
09:46:06	5.51	-0.01	35	19285	卖盘
09:45:56	5.52	--	9	4968	买盘
09:45:51	5.52	0.01	28	15455	买盘
09:45:36	5.51	-0.01	25	13775	卖盘
09:45:25	5.52	0.01	2	1104	买盘
09:45:20	5.51	-0.01	25	13775	卖盘
09:45:15	5.52	--	18	9936	买盘
09:45:05	5.52	--	5	2760	买盘
09:44:45	5.52	0.01	40	22080	买盘
09:44:30	5.51	--	94	51794	买盘
09:44:15	5.51	--	7	3857	买盘
09:44:06	5.51	0.01	30	16530	买盘
09:43:55	5.5	-0.01	5	2750	卖盘
09:43:50	5.51	--	20	11020	买盘
09:43:40	5.51	--	8	4408	买盘
09:43:30	5.51	--	45	24795	买盘
09:43:05	5.51	--	18	9918	买盘
09:42:50	5.51	0.01	99	54549	买盘
09:42:35	5.5	-0.01	20	11000	卖盘
09:42:30	5.51	0.01	41	22938	买盘
09:42:15	5.5	--	2	1100	买盘
09:42:10	5.5	--	20	11000	买盘
09:42:00	5.5	--	56	31003	卖盘
09:41:50	5.5	--	39	21450	卖盘
09:41:35	5.5	--	74	41046	买盘
09:41:20	5.5	--	2	1100	买盘
09:40:45	5.5	--	19	10450	买盘
09:40:35	5.5	-0.01	15	8453	卖盘
09:40:20	5.51	0.01	51	28101	买盘
09:40:00	5.5	-0.01	6	3646	卖盘
09:39:34	5.51	--	5	2755	买盘
09:39:19	5.51	--	2	1102	买盘
09:39:14	5.51	0.01	12	6612	买盘
09:39:09	5.5	--	25	13750	卖盘
09:38:44	5.5	0.01	25	13750	卖盘
09:38:39	5.49	--	0	0	卖盘
09:38:34	5.49	-0.01	25	13725	卖盘
09:38:29	5.5	-0.01	21	11550	卖盘
09:38:14	5.51	--	5	2755	买盘
09:38:09	5.51	0.01	80	44080	买盘
09:38:04	5.5	--	50	27500	卖盘
09:37:59	5.5	--	55	30250	卖盘
09:37:44	5.5	--	20	11000	卖盘
09:37:29	5.5	--	40	22000	卖盘
09:37:24	5.5	--	62	34100	卖盘
09:37:14	5.5	--	46	25300	买盘
09:37:04	5.5	--	3	1650	买盘
09:36:59	5.5	--	1	550	买盘
09:36:54	5.5	0.01	17	9350	买盘
09:36:44	5.49	-0.01	22	12078	卖盘
09:36:29	5.5	--	13	7150	买盘
09:36:04	5.5	--	10	5500	买盘
09:35:59	5.5	-0.01	10	5500	中性盘
09:35:49	5.51	0.01	60	33060	买盘
09:35:44	5.5	--	30	16500	买盘
09:35:39	5.5	-0.01	187	102850	卖盘
09:35:24	5.51	--	24	13224	买盘
09:35:14	5.51	--	4	2204	买盘
09:35:04	5.51	--	60	33060	买盘
09:34:59	5.51	0.01	10	5510	买盘
09:34:54	5.5	-0.01	10	5500	卖盘
09:34:49	5.51	0.01	50	27550	买盘
09:34:44	5.5	-0.01	25	13750	卖盘
09:34:39	5.51	--	29	15979	买盘
09:34:34	5.51	--	12	6612	买盘
09:34:24	5.51	--	60	33060	买盘
09:34:09	5.51	0.01	21	11571	买盘
09:34:04	5.5	--	115	63250	买盘
09:33:44	5.5	0.01	10	5500	买盘
09:33:23	5.49	-0.01	28	15372	买盘
09:33:08	5.5	--	29	15950	买盘
09:33:03	5.5	0.01	186	102300	买盘
09:32:53	5.49	-0.01	30	16470	卖盘
09:32:38	5.5	--	22	12100	买盘
09:32:33	5.5	--	104	57200	买盘
09:32:28	5.5	--	21	11550	买盘
09:32:18	5.5	--	12	6600	买盘
09:32:08	5.5	--	2	1100	买盘
09:32:03	5.5	--	16	8800	买盘
09:31:58	5.5	--	2	1100	买盘
09:31:53	5.5	--	2	1100	买盘
09:31:48	5.5	--	107	58850	卖盘
09:31:43	5.5	--	103	56650	买盘
09:31:33	5.5	--	57	31350	卖盘
09:31:18	5.5	--	39	21450	卖盘
09:31:13	5.5	--	50	27500	卖盘
09:31:08	5.5	0.02	160	88000	买盘
09:31:03	5.48	-0.01	9	4932	卖盘
09:30:53	5.49	--	88	48312	卖盘
09:30:48	5.49	--	60	32940	卖盘
09:30:43	5.49	--	39	21411	买盘
09:30:33	5.49	-0.01	1	549	买盘
09:30:28	5.5	--	0	0	买盘
09:30:23	5.5	--	177	97350	买盘
09:30:18	5.5	--	0	0	买盘
09:30:08	5.5	0.08	355	195250	买盘
09:30:03	5.42	0.02	303	164236	中性盘
09:28:45	5.4	--	0	0	卖盘
09:25:06	5.4	5.4	5100	2754000	买盘
