成交时间	成交价	价格变动	成交量(手)	成交额(元)	性质
15:00:00	17.89	--	0	0	卖盘
15:00:00	17.89	--	12	21468	卖盘
14:59:59	17.89	-0.01	60	107340	卖盘
14:59:53	17.9	--	18	32219	买盘
14:59:49	17.9	0.01	167	298930	买盘
14:59:44	17.89	-0.01	166	296974	卖盘
14:59:38	17.9	0.01	280	501199	买盘
14:59:34	17.89	--	40	71560	买盘
14:59:29	17.89	--	1361	2434829	卖盘
14:59:23	17.89	-0.01	113	202157	卖盘
14:59:19	17.9	0.02	42	75180	买盘
14:59:14	17.88	-0.02	77	137676	卖盘
14:59:08	17.9	0.01	62	110979	买盘
14:59:04	17.89	0.01	209	373901	买盘
14:58:59	17.88	--	2	3576	卖盘
14:58:53	17.88	--	3	5364	卖盘
14:58:49	17.88	--	40	71520	买盘
14:58:44	17.88	--	39	69732	买盘
14:58:38	17.88	--	410	733080	买盘
14:58:34	17.88	--	254	454152	买盘
14:58:29	17.88	--	82	146616	买盘
14:58:23	17.88	--	98	175224	买盘
14:58:19	17.88	--	113	202044	买盘
14:58:14	17.88	-0.02	1198	2142024	卖盘
14:58:08	17.9	--	306	547740	买盘
14:58:04	17.9	0.01	219	392009	买盘
14:57:59	17.89	-0.01	23	41147	卖盘
14:57:53	17.9	--	101	180790	买盘
14:57:49	17.9	--	712	1274480	买盘
14:57:44	17.9	--	56	100239	买盘
14:57:38	17.9	--	57	102029	买盘
14:57:34	17.9	--	197	352630	买盘
14:57:29	17.9	--	157	281030	买盘
14:57:23	17.9	--	37	66230	买盘
14:57:19	17.9	--	41	73390	买盘
14:57:08	17.9	0.01	31	55489	买盘
14:57:04	17.89	--	410	733490	卖盘
14:56:59	17.89	--	295	527755	买盘
14:56:53	17.89	--	86	153854	买盘
14:56:49	17.89	0.01	137	245093	买盘
14:56:44	17.88	--	30	53640	卖盘
14:56:38	17.88	--	14	25032	卖盘
14:56:34	17.88	--	529	945852	卖盘
14:56:29	17.88	--	397	709836	买盘
14:56:23	17.88	--	72	128736	买盘
14:56:19	17.88	--	636	1137168	买盘
14:56:14	17.88	--	52	92976	买盘
14:56:08	17.88	--	41	73308	买盘
14:56:04	17.88	--	173	309324	买盘
14:55:59	17.88	--	29	51852	买盘
14:55:53	17.88	--	100	178800	买盘
14:55:49	17.88	--	76	135888	买盘
14:55:44	17.88	--	20	35760	买盘
14:55:38	17.88	--	178	318264	买盘
14:55:34	17.88	0.01	77	137676	买盘
14:55:28	17.87	--	12	21444	卖盘
14:55:23	17.87	--	78	139386	卖盘
14:55:19	17.87	-0.01	55	98285	卖盘
14:55:13	17.88	0.01	53	94764	买盘
14:55:08	17.87	-0.01	74	132238	卖盘
14:55:02	17.88	--	69	123372	买盘
14:54:58	17.88	0.01	21	37548	买盘
14:54:53	17.87	-0.01	321	573627	卖盘
14:54:47	17.88	0.01	58	103704	买盘
14:54:43	17.87	--	38	67906	卖盘
14:54:38	17.87	-0.01	137	244819	卖盘
14:54:32	17.88	0.01	83	148404	买盘
14:54:28	17.87	--	121	216227	卖盘
14:54:23	17.87	--	151	269837	买盘
14:54:17	17.87	--	156	278772	卖盘
14:54:13	17.87	--	73	130451	买盘
14:54:08	17.87	0.01	460	822020	卖盘
14:54:02	17.86	-0.01	147	262684	卖盘
14:53:58	17.87	-0.01	255	455685	卖盘
14:53:53	17.88	0.01	61	109068	买盘
14:53:47	17.87	-0.01	130	232310	卖盘
14:53:43	17.88	0.01	294	525672	买盘
14:53:38	17.87	--	52	93084	卖盘
14:53:32	17.87	--	84	151859	卖盘
14:53:28	17.87	--	125	223375	卖盘
14:53:23	17.87	--	229	409223	卖盘
14:53:17	17.87	--	5	8935	卖盘
14:53:13	17.87	-0.01	143	255576	卖盘
14:53:08	17.88	0.01	154	275352	买盘
14:53:02	17.87	--	93	166191	买盘
14:52:58	17.87	-0.01	39	69693	中性盘
14:52:53	17.88	0.01	15	26820	买盘
14:52:47	17.87	--	99	176913	卖盘
14:52:43	17.87	--	77	138313	卖盘
14:52:38	17.87	--	15	26805	卖盘
14:52:32	17.87	0.01	167	298429	买盘
14:52:28	17.86	-0.01	44	78584	卖盘
14:52:23	17.87	--	14	25018	买盘
14:52:17	17.87	--	21	37527	买盘
14:52:13	17.87	--	99	177931	卖盘
14:52:08	17.87	--	16	28592	卖盘
14:52:02	17.87	--	32	57184	卖盘
14:51:58	17.87	-0.01	165	294855	卖盘
14:51:53	17.88	0.01	9	16092	买盘
14:51:47	17.87	-0.01	28	50036	卖盘
14:51:43	17.88	0.01	103	184932	买盘
14:51:38	17.87	-0.01	70	125090	卖盘
14:51:32	17.88	0.01	18	32184	买盘
14:51:28	17.87	-0.01	32	57184	卖盘
14:51:23	17.88	0.01	56	100128	买盘
14:51:17	17.87	--	123	219801	卖盘
14:51:13	17.87	--	99	177466	卖盘
14:51:08	17.87	-0.01	21	37527	卖盘
14:51:02	17.88	--	184	328992	买盘
14:50:58	17.88	--	105	188634	买盘
14:50:53	17.88	--	34	60792	买盘
14:50:47	17.88	0.01	67	119796	买盘
14:50:43	17.87	--	41	74982	卖盘
14:50:38	17.87	0.01	6	10722	买盘
14:50:32	17.86	--	40	71440	卖盘
14:50:28	17.86	-0.01	195	348270	卖盘
14:50:23	17.87	0.01	48	85776	买盘
14:50:17	17.86	-0.01	34	60724	卖盘
14:50:13	17.87	--	80	144461	买盘
14:50:08	17.87	0.01	1	1787	买盘
14:50:02	17.86	-0.01	48	85728	卖盘
14:49:58	17.87	0.01	108	192996	买盘
14:49:47	17.86	--	157	280402	买盘
14:49:43	17.86	--	82	146844	卖盘
14:49:38	17.86	--	20	35720	卖盘
14:49:32	17.86	--	113	201818	卖盘
14:49:28	17.86	--	4	7144	卖盘
14:49:23	17.86	0.01	67	119662	买盘
14:49:17	17.85	-0.01	79	141015	卖盘
14:49:13	17.86	--	101	180636	卖盘
14:49:08	17.86	--	87	155382	卖盘
14:49:02	17.86	--	147	262720	卖盘
14:48:58	17.86	--	133	237538	卖盘
14:48:53	17.86	--	53	94658	卖盘
14:48:47	17.86	--	58	105195	买盘
14:48:43	17.86	0.01	345	616170	买盘
14:48:37	17.85	-0.01	49	87964	卖盘
14:48:32	17.86	--	41	73226	买盘
14:48:26	17.86	--	75	133950	买盘
14:48:22	17.86	--	23	41078	买盘
14:48:17	17.86	--	34	60724	买盘
14:48:11	17.86	0.01	181	323266	买盘
14:48:07	17.85	-0.01	42	75202	卖盘
14:48:02	17.86	0.01	131	233966	买盘
14:47:56	17.85	-0.02	386	689188	卖盘
14:47:52	17.87	--	8	14296	买盘
14:47:47	17.87	--	51	91137	买盘
14:47:41	17.87	--	118	210866	买盘
14:47:37	17.87	--	35	63867	买盘
14:47:32	17.87	--	95	169765	买盘
14:47:26	17.87	0.01	21	37527	买盘
14:47:22	17.86	-0.01	16	28576	卖盘
14:47:17	17.87	0.01	66	117942	买盘
14:47:11	17.86	-0.01	247	441142	卖盘
14:47:07	17.87	0.01	56	100357	买盘
14:47:02	17.86	--	64	114304	卖盘
14:46:56	17.86	--	12	21432	卖盘
14:46:52	17.86	0.01	1113	1987818	买盘
14:46:47	17.85	--	6	10710	卖盘
14:46:41	17.85	-0.01	71	126735	卖盘
14:46:37	17.86	--	115	205461	买盘
14:46:32	17.86	--	113	201818	买盘
14:46:26	17.86	--	51	91086	买盘
14:46:22	17.86	0.01	67	119662	买盘
14:46:17	17.85	--	43	76755	卖盘
14:46:11	17.85	--	109	194565	卖盘
14:46:07	17.85	-0.01	62	112187	卖盘
14:46:02	17.86	--	72	128592	买盘
14:45:56	17.86	0.01	15	26790	买盘
14:45:52	17.85	-0.01	241	430185	卖盘
14:45:41	17.86	0.01	362	646532	买盘
14:45:37	17.85	-0.01	240	429381	卖盘
14:45:32	17.86	0.01	23	41078	买盘
14:45:26	17.85	-0.01	155	276675	卖盘
14:45:22	17.86	--	30	53580	买盘
14:45:17	17.86	--	47	83942	买盘
14:45:11	17.86	--	91	162526	买盘
14:45:07	17.86	-0.01	105	187530	卖盘
14:45:02	17.87	0.01	88	157256	买盘
14:44:56	17.86	--	65	116090	卖盘
14:44:52	17.86	--	16	28576	卖盘
14:44:47	17.86	--	11	19646	卖盘
14:44:41	17.86	--	58	103588	卖盘
14:44:37	17.86	--	415	741690	买盘
14:44:32	17.86	--	127	226822	买盘
14:44:26	17.86	0.01	460	821560	买盘
14:44:22	17.85	--	13	23205	卖盘
14:44:17	17.85	-0.01	16	28560	卖盘
14:44:11	17.86	0.01	92	164312	买盘
14:44:07	17.85	-0.01	41	74898	卖盘
14:44:02	17.86	-0.01	55	98230	卖盘
14:43:56	17.87	--	48	85776	买盘
14:43:52	17.87	--	73	131862	买盘
14:43:47	17.87	0.01	3	5361	买盘
14:43:41	17.86	-0.01	61	108946	卖盘
14:43:37	17.87	--	149	267227	买盘
14:43:32	17.87	--	9	16083	买盘
14:43:26	17.87	--	50	89350	买盘
14:43:22	17.87	--	18	32166	买盘
14:43:17	17.87	--	2	3574	买盘
14:43:11	17.87	0.01	51	91137	买盘
14:43:07	17.86	-0.01	80	144076	卖盘
14:43:02	17.87	--	62	110794	卖盘
14:42:56	17.87	--	58	103646	卖盘
14:42:52	17.87	0.02	30	53610	卖盘
14:42:47	17.85	-0.02	57	101745	卖盘
14:42:41	17.87	0.01	2425	4333975	卖盘
14:42:37	17.86	--	106	190780	卖盘
14:42:32	17.86	-0.01	1	1786	卖盘
14:42:26	17.87	0.01	21	37527	买盘
14:42:21	17.86	--	106	189316	卖盘
14:42:16	17.86	-0.01	43	76798	卖盘
14:42:11	17.87	--	207	369909	买盘
14:42:05	17.87	--	122	219175	买盘
14:42:01	17.87	--	92	164404	买盘
14:41:56	17.87	-0.01	1021	1825813	卖盘
14:41:50	17.88	0.01	73	130524	买盘
14:41:46	17.87	-0.01	53	94711	卖盘
14:41:41	17.88	--	110	196680	买盘
14:41:35	17.88	0.01	186	332639	中性盘
14:41:31	17.87	--	80	142960	卖盘
14:41:26	17.87	-0.01	32	57184	卖盘
14:41:20	17.88	0.01	45	80460	中性盘
14:41:16	17.87	-0.02	704	1258048	卖盘
14:41:11	17.89	0.01	63	112707	中性盘
14:41:05	17.88	-0.02	280	500890	卖盘
14:41:01	17.9	0.02	40	71600	买盘
14:40:56	17.88	--	34	60792	卖盘
14:40:50	17.88	-0.01	246	439848	卖盘
14:40:46	17.89	--	56	100184	买盘
14:40:41	17.89	0.01	262	468718	买盘
14:40:35	17.88	-0.01	80	143969	卖盘
14:40:31	17.89	--	19	35064	卖盘
14:40:26	17.89	-0.01	108	193212	卖盘
14:40:20	17.9	0.01	29	51909	买盘
14:40:16	17.89	--	158	283377	买盘
14:40:11	17.89	--	31	55459	买盘
14:40:05	17.89	--	44	78716	卖盘
14:40:01	17.89	--	134	239726	买盘
14:39:56	17.89	-0.01	71	127019	卖盘
14:39:50	17.9	0.01	12	21480	买盘
14:39:46	17.89	--	61	109129	卖盘
14:39:41	17.89	--	50	89450	卖盘
14:39:35	17.89	--	66	118557	买盘
14:39:31	17.89	--	11	19679	买盘
14:39:26	17.89	--	21	37569	买盘
14:39:20	17.89	0.01	63	112707	卖盘
14:39:16	17.88	-0.02	98	175224	卖盘
14:39:11	17.9	--	15	26849	买盘
14:39:05	17.9	0.01	88	158236	买盘
14:39:01	17.89	--	80	143120	卖盘
14:38:56	17.89	-0.01	10	17890	卖盘
14:38:50	17.9	--	30	53699	买盘
14:38:46	17.9	0.01	79	143092	买盘
14:38:41	17.89	--	1	1789	卖盘
14:38:35	17.89	-0.01	45	80612	卖盘
14:38:31	17.9	0.01	21	37590	买盘
14:38:26	17.89	-0.01	85	152065	卖盘
14:38:20	17.9	0.01	3	5370	买盘
14:38:16	17.89	--	72	128808	卖盘
14:38:11	17.89	--	1	1789	买盘
14:38:05	17.89	-0.01	383	686528	卖盘
14:38:01	17.9	0.02	45	80550	买盘
14:37:56	17.88	-0.01	51	91188	卖盘
14:37:50	17.89	0.01	15	26835	卖盘
14:37:46	17.88	-0.01	23	41124	卖盘
14:37:41	17.89	--	18	32202	卖盘
14:37:35	17.89	-0.01	51	92294	卖盘
14:37:31	17.9	0.02	15	26849	买盘
14:37:26	17.88	--	0	0	卖盘
14:37:20	17.88	-0.01	279	498852	卖盘
14:37:16	17.89	--	91	162799	买盘
14:37:11	17.89	0.01	2	3578	买盘
14:37:05	17.88	-0.01	25	45647	卖盘
14:37:01	17.89	--	73	130597	买盘
14:36:56	17.89	--	27	48303	买盘
14:36:50	17.89	--	11	19679	买盘
14:36:46	17.89	--	13	23257	买盘
14:36:41	17.89	0.01	16	28624	买盘
14:36:35	17.88	-0.01	89	160562	卖盘
14:36:31	17.89	0.01	10	17890	买盘
14:36:26	17.88	-0.01	79	141252	卖盘
14:36:20	17.89	--	16	28624	买盘
14:36:16	17.89	0.01	43	76927	买盘
14:36:11	17.88	--	376	672288	买盘
14:36:05	17.88	--	108	193872	买盘
14:36:00	17.88	0.01	156	278928	买盘
14:35:56	17.87	-0.01	5	8935	卖盘
14:35:50	17.88	0.01	61	109068	买盘
14:35:44	17.87	-0.01	7	12509	卖盘
14:35:35	17.88	--	40	72968	买盘
14:35:29	17.88	0.01	20	35760	买盘
14:35:25	17.87	--	62	110794	卖盘
14:35:20	17.87	--	73	130451	卖盘
14:35:14	17.87	--	91	162617	卖盘
14:35:10	17.87	--	2	3574	卖盘
14:35:05	17.87	--	242	433704	买盘
14:34:59	17.87	0.01	109	194783	买盘
14:34:55	17.86	-0.01	18	32148	卖盘
14:34:50	17.87	--	11	19657	买盘
14:34:44	17.87	--	16	28592	买盘
14:34:40	17.87	--	3	5361	买盘
14:34:35	17.87	--	537	960280	买盘
14:34:29	17.87	--	26	46462	买盘
14:34:25	17.87	0.01	62	110794	买盘
14:34:20	17.86	-0.01	14	25004	卖盘
14:34:14	17.87	--	175	312725	买盘
14:34:10	17.87	--	22	39314	买盘
14:34:05	17.87	--	80	143853	买盘
14:33:59	17.87	0.01	91	162617	买盘
14:33:55	17.86	-0.01	13	23218	卖盘
14:33:50	17.87	--	46	82202	买盘
14:33:44	17.87	--	217	387779	卖盘
14:33:40	17.87	-0.01	23	41101	卖盘
14:33:35	17.88	--	32	58288	买盘
14:33:29	17.88	--	81	144828	买盘
14:33:25	17.88	0.01	32	57216	买盘
14:33:20	17.87	-0.01	21	37527	卖盘
14:33:14	17.88	0.01	40	71520	买盘
14:33:10	17.87	--	35	62545	卖盘
14:33:05	17.87	-0.01	111	199339	卖盘
14:32:59	17.88	--	43	76884	买盘
14:32:55	17.88	--	2	3576	买盘
14:32:44	17.88	--	301	538188	买盘
14:32:40	17.88	0.01	58	103704	买盘
14:32:35	17.87	--	53	94711	卖盘
14:32:29	17.87	-0.01	102	183560	卖盘
14:32:25	17.88	0.01	72	128736	买盘
14:32:14	17.87	-0.01	150	268050	卖盘
14:32:10	17.88	--	105	187740	买盘
14:32:05	17.88	0.01	50	89400	买盘
14:31:59	17.87	-0.01	121	217674	卖盘
14:31:55	17.88	--	83	148404	买盘
14:31:50	17.88	--	63	112644	买盘
14:31:44	17.88	--	354	632952	买盘
14:31:40	17.88	--	109	194892	买盘
14:31:35	17.88	--	1	1788	买盘
14:31:29	17.88	--	67	120618	买盘
14:31:25	17.88	0.02	13	23244	买盘
14:31:20	17.86	-0.02	33	58938	卖盘
14:31:14	17.88	0.01	111	198468	买盘
14:31:10	17.87	-0.01	155	276985	卖盘
14:31:05	17.88	0.02	16	28608	买盘
14:30:59	17.86	-0.02	85	153310	卖盘
14:30:55	17.88	0.01	138	246744	买盘
14:30:44	17.87	-0.01	324	579559	卖盘
14:30:40	17.88	--	63	112644	买盘
14:30:35	17.88	0.01	94	168072	买盘
14:30:29	17.87	--	57	102770	卖盘
14:30:25	17.87	-0.01	47	83989	卖盘
14:30:20	17.88	--	5	8940	买盘
14:30:14	17.88	0.01	88	157344	买盘
14:30:09	17.87	--	51	91137	买盘
14:30:05	17.87	0.01	3	5361	卖盘
14:29:59	17.86	-0.01	112	200353	卖盘
14:29:55	17.87	--	31	55397	买盘
14:29:50	17.87	--	30	53610	买盘
14:29:44	17.87	--	327	584349	买盘
14:29:40	17.87	0.01	148	264476	买盘
14:29:35	17.86	--	2	3572	卖盘
14:29:29	17.86	-0.01	79	141576	卖盘
14:29:23	17.87	--	70	125090	买盘
14:29:19	17.87	0.01	16	28592	买盘
14:29:14	17.86	-0.01	179	319694	卖盘
14:29:08	17.87	--	11	19657	买盘
14:29:04	17.87	--	31	55397	买盘
14:28:59	17.87	--	173	309544	买盘
14:28:53	17.87	--	90	160830	买盘
14:28:49	17.87	-0.01	18	32166	卖盘
14:28:44	17.88	--	477	852876	买盘
14:28:38	17.88	0.01	12	21456	买盘
14:28:34	17.87	--	6	10722	卖盘
14:28:29	17.87	-0.01	247	442782	卖盘
14:28:23	17.88	0.01	5	8940	买盘
14:28:19	17.87	--	327	584349	买盘
14:28:14	17.87	--	155	276985	买盘
14:28:08	17.87	--	34	60758	买盘
14:27:59	17.87	-0.01	136	243353	卖盘
14:27:53	17.88	0.03	57	102523	买盘
14:27:49	17.85	--	200	357000	卖盘
14:27:44	17.85	-0.01	414	738990	卖盘
14:27:38	17.86	--	43	76798	买盘
14:27:34	17.86	-0.01	75	133950	卖盘
14:27:29	17.87	0.01	93	166709	买盘
14:27:23	17.86	0.01	36	64296	卖盘
14:27:19	17.85	-0.02	252	449820	卖盘
14:27:14	17.87	--	215	384205	买盘
14:27:08	17.87	0.01	187	334919	买盘
14:27:04	17.86	-0.01	118	210748	卖盘
14:26:59	17.87	--	10	17870	买盘
14:26:53	17.87	--	84	150108	买盘
14:26:49	17.87	-0.01	77	137599	中性盘
14:26:44	17.88	0.01	354	632952	买盘
14:26:38	17.87	--	40	71480	买盘
14:26:34	17.87	-0.01	299	534313	卖盘
14:26:23	17.88	--	50	89400	买盘
14:26:19	17.88	--	258	461304	卖盘
14:26:14	17.88	0.01	132	236016	买盘
14:26:08	17.87	-0.01	139	248393	卖盘
14:26:04	17.88	--	238	426759	卖盘
14:25:59	17.88	--	46	82641	卖盘
14:25:53	17.88	-0.01	57	101916	卖盘
14:25:49	17.89	0.01	341	610049	买盘
14:25:44	17.88	-0.01	287	513156	卖盘
14:25:38	17.89	--	71	127019	买盘
14:25:34	17.89	0.01	22	39358	中性盘
14:25:29	17.88	-0.02	26	47113	卖盘
14:25:23	17.9	--	88	157520	买盘
14:25:19	17.9	--	392	701680	买盘
14:25:14	17.9	--	50	89500	买盘
14:25:08	17.9	--	188	336520	买盘
14:25:04	17.9	--	160	286400	买盘
14:24:59	17.9	--	70	125299	买盘
14:24:53	17.9	--	360	646028	卖盘
14:24:49	17.9	--	103	184369	卖盘
14:24:44	17.9	-0.02	511	914689	卖盘
14:24:38	17.92	0.01	94	168448	买盘
14:24:34	17.91	0.01	75	134325	中性盘
14:24:29	17.9	-0.02	226	404539	卖盘
14:24:23	17.92	0.01	358	641536	买盘
14:24:19	17.91	--	98	175518	买盘
14:24:14	17.91	--	64	116253	卖盘
14:24:08	17.91	-0.01	146	261486	卖盘
14:24:04	17.92	--	99	177408	买盘
14:23:59	17.92	-0.02	17	30464	卖盘
14:23:53	17.94	0.01	200	358800	买盘
14:23:49	17.93	-0.01	41	73513	中性盘
14:23:44	17.94	--	481	862914	卖盘
14:23:38	17.94	--	225	403650	买盘
14:23:34	17.94	0.02	41	73554	买盘
14:23:29	17.92	-0.03	51	91553	卖盘
14:23:23	17.95	0.01	105	188475	买盘
14:23:19	17.94	--	18	32292	卖盘
14:23:14	17.94	-0.02	309	554346	卖盘
14:23:08	17.96	0.04	378	678888	买盘
14:23:04	17.92	0.01	61	109312	中性盘
14:22:59	17.91	-0.04	236	424090	卖盘
14:22:53	17.95	0.03	202	364079	买盘
14:22:47	17.92	--	70	125440	买盘
14:22:43	17.92	-0.03	455	815664	卖盘
14:22:38	17.95	0.01	50	90862	买盘
14:22:32	17.94	0.01	212	380328	买盘
14:22:28	17.93	0.01	23	41239	中性盘
14:22:23	17.92	-0.02	560	1003520	卖盘
14:22:17	17.94	--	106	190164	买盘
14:22:13	17.94	-0.01	60	107640	卖盘
14:22:08	17.95	--	48	86160	卖盘
14:22:02	17.95	0.03	2	3590	买盘
14:21:58	17.92	-0.01	535	959096	卖盘
14:21:53	17.93	--	342	613206	买盘
14:21:47	17.93	--	64	114752	买盘
14:21:43	17.93	--	195	349635	买盘
14:21:38	17.93	-0.02	37	66341	卖盘
14:21:32	17.95	0.04	46	82570	买盘
14:21:28	17.91	-0.04	33	60249	卖盘
14:21:23	17.95	0.05	51	91545	卖盘
14:21:17	17.9	-0.05	190	340100	卖盘
14:21:13	17.95	0.05	6	10770	中性盘
14:21:08	17.9	--	264	473401	卖盘
14:21:02	17.9	-0.01	156	279240	卖盘
14:20:58	17.91	-0.03	1292	2314509	卖盘
14:20:47	17.94	0.03	273	489762	买盘
14:20:43	17.91	-0.02	309	553419	卖盘
14:20:38	17.93	--	40	71720	买盘
14:20:32	17.93	0.01	158	283294	卖盘
14:20:28	17.92	-0.01	91	164666	卖盘
14:20:23	17.93	--	1022	1832965	买盘
14:20:17	17.93	--	20	35860	买盘
14:20:13	17.93	-0.01	635	1139828	卖盘
14:20:08	17.94	--	76	136344	卖盘
14:20:02	17.94	0.01	175	313950	买盘
14:19:58	17.93	-0.01	73	131408	卖盘
14:19:53	17.94	0.01	1	1794	买盘
14:19:47	17.93	--	373	668789	卖盘
14:19:43	17.93	--	376	674168	买盘
14:19:38	17.93	--	38	68134	买盘
14:19:32	17.93	--	91	163163	买盘
14:19:28	17.93	--	1336	2396989	买盘
14:19:23	17.93	--	4	7172	买盘
14:19:17	17.93	0.01	275	493075	买盘
14:19:13	17.92	--	76	136192	卖盘
14:19:08	17.92	--	0	0	卖盘
14:19:02	17.92	--	281	503552	卖盘
14:18:58	17.92	--	162	290984	买盘
14:18:53	17.92	--	96	172032	买盘
14:18:47	17.92	--	30	53760	买盘
14:18:43	17.92	-0.01	202	362127	卖盘
14:18:38	17.93	--	2	3586	卖盘
14:18:32	17.93	--	193	346156	卖盘
14:18:28	17.93	0.01	215	387036	买盘
14:18:23	17.92	--	26	46592	卖盘
14:18:17	17.92	--	164	293888	卖盘
14:18:13	17.92	0.01	112	200704	买盘
14:18:02	17.91	-0.01	45	80595	卖盘
14:17:58	17.92	0.01	103	185830	买盘
14:17:53	17.91	--	240	429840	买盘
14:17:47	17.91	--	205	367155	买盘
14:17:43	17.91	--	348	623268	买盘
14:17:38	17.91	0.01	2	3582	买盘
14:17:32	17.9	-0.01	40	71600	卖盘
14:17:28	17.91	0.01	53	96642	买盘
14:17:17	17.9	0.01	156	279240	买盘
14:17:13	17.89	--	63	112707	卖盘
14:17:07	17.89	-0.01	6	10734	卖盘
14:17:02	17.9	0.01	49	87710	中性盘
14:16:57	17.89	--	60	108753	买盘
14:16:53	17.89	--	32	57248	买盘
14:16:47	17.89	0.01	48	85872	买盘
14:16:42	17.88	-0.03	239	427332	卖盘
14:16:32	17.91	--	10	17910	买盘
14:16:28	17.91	0.02	509	911619	买盘
14:16:22	17.89	--	30	53670	买盘
14:16:17	17.89	-0.01	90	161010	卖盘
14:16:11	17.9	--	499	893209	卖盘
14:16:07	17.9	-0.01	10	17900	卖盘
14:16:02	17.91	0.01	40	71640	买盘
14:15:56	17.9	0.01	204	366269	买盘
14:15:52	17.89	--	30	53670	买盘
14:15:47	17.89	--	87	155875	卖盘
14:15:41	17.89	-0.01	403	720967	卖盘
14:15:32	17.9	--	5	8950	卖盘
14:15:26	17.9	--	83	150181	卖盘
14:15:17	17.9	--	204	365160	买盘
14:15:11	17.9	--	65	116349	买盘
14:15:07	17.9	--	245	438549	买盘
14:15:02	17.9	0.01	649	1161710	买盘
14:14:56	17.89	--	31	57194	卖盘
14:14:52	17.89	--	19	33991	卖盘
14:14:47	17.89	--	230	411470	买盘
14:14:41	17.89	--	528	944592	买盘
14:14:32	17.89	0.01	11	19679	买盘
14:14:26	17.88	0.01	112	200917	买盘
14:14:22	17.87	-0.01	40	71480	卖盘
14:14:17	17.88	--	99	177012	买盘
14:14:11	17.88	--	205	366540	买盘
14:14:07	17.88	--	321	573948	买盘
14:14:02	17.88	--	80	143040	买盘
14:13:56	17.88	--	268	480489	买盘
14:13:52	17.88	--	511	913668	买盘
14:13:47	17.88	--	0	0	买盘
14:13:41	17.88	0.01	314	561432	买盘
14:13:37	17.87	--	9	16083	卖盘
14:13:26	17.87	-0.01	42	76751	卖盘
14:13:22	17.88	0.01	19	33972	买盘
14:13:11	17.87	-0.01	6	10722	卖盘
14:13:07	17.88	0.02	12	21456	买盘
14:13:02	17.86	--	62	110732	卖盘
14:12:56	17.86	-0.02	57	102802	卖盘
14:12:52	17.88	0.01	4	7152	买盘
14:12:47	17.87	-0.01	14	25018	中性盘
14:12:41	17.88	--	344	615072	买盘
14:12:37	17.88	--	22	39336	买盘
14:12:32	17.88	0.01	16	28608	买盘
14:12:26	17.87	-0.01	57	102305	卖盘
14:12:22	17.88	--	3	5364	买盘
14:12:17	17.88	0.01	131	234228	买盘
14:12:11	17.87	--	1	1787	卖盘
14:12:07	17.87	-0.01	14	25018	卖盘
14:12:01	17.88	0.01	4	7152	买盘
14:11:56	17.87	--	155	278557	买盘
14:11:52	17.87	--	7	12509	买盘
14:11:46	17.87	--	8	14296	买盘
14:11:41	17.87	0.01	540	964980	买盘
14:11:37	17.86	-0.01	74	132164	卖盘
14:11:26	17.87	0.01	54	97087	买盘
14:11:22	17.86	-0.01	52	92872	卖盘
14:11:11	17.87	0.01	558	997146	买盘
14:11:06	17.86	--	18	32148	卖盘
14:11:01	17.86	--	22	39292	卖盘
14:10:56	17.86	-0.01	35	63260	卖盘
14:10:52	17.87	0.01	36	64332	买盘
14:10:46	17.86	-0.01	33	58938	卖盘
14:10:41	17.87	0.01	314	561118	买盘
14:10:37	17.86	-0.01	162	289332	卖盘
14:10:31	17.87	--	20	35740	买盘
14:10:26	17.87	--	122	218532	买盘
14:10:21	17.87	0.01	117	209079	买盘
14:10:16	17.86	-0.01	3	5358	卖盘
14:10:11	17.87	0.01	31	55397	买盘
14:10:06	17.86	--	65	117018	卖盘
14:10:02	17.86	-0.01	2	3572	卖盘
14:09:56	17.87	--	101	181720	买盘
14:09:51	17.87	--	33	58971	买盘
14:09:41	17.87	--	1295	2314165	买盘
14:09:35	17.87	0.01	42	75054	买盘
14:09:31	17.86	0.01	130	232180	买盘
14:09:26	17.85	-0.01	48	87143	卖盘
14:09:20	17.86	--	39	69654	买盘
14:09:16	17.86	0.01	10	17860	买盘
14:09:11	17.85	-0.02	16	28560	卖盘
14:09:05	17.87	0.02	4	7148	买盘
14:08:56	17.85	-0.01	274	489090	卖盘
14:08:50	17.86	-0.01	281	503044	卖盘
14:08:46	17.87	0.01	28	50036	买盘
14:08:41	17.86	-0.01	408	728688	卖盘
14:08:35	17.87	0.01	7	12509	买盘
14:08:26	17.86	--	5	8930	卖盘
14:08:20	17.86	0.01	304	543426	买盘
14:08:16	17.85	0.01	228	407961	买盘
14:08:11	17.84	--	15	26760	卖盘
14:08:05	17.84	-0.01	5	8920	卖盘
14:08:01	17.85	0.01	10	17850	买盘
14:07:56	17.84	0.01	64	114176	卖盘
14:07:50	17.83	-0.01	26	46661	卖盘
14:07:46	17.84	-0.01	1	1784	卖盘
14:07:41	17.85	0.01	774	1381590	买盘
14:07:35	17.84	0.01	324	578016	买盘
14:07:31	17.83	--	132	235355	卖盘
14:07:26	17.83	--	101	180082	买盘
14:07:20	17.83	0.01	54	96317	买盘
14:07:16	17.82	-0.01	148	263736	卖盘
14:07:11	17.83	--	2	3565	买盘
14:07:05	17.83	--	78	139074	买盘
14:07:01	17.83	0.01	24	42791	买盘
14:06:56	17.82	--	1	1782	卖盘
14:06:50	17.82	-0.01	51	91113	卖盘
14:06:46	17.83	-0.01	345	615990	卖盘
14:06:41	17.84	0.01	16	28544	买盘
14:06:31	17.83	-0.01	343	611568	卖盘
14:06:26	17.84	--	19	33896	买盘
14:06:20	17.84	--	64	115246	买盘
14:06:16	17.84	0.01	79	140936	买盘
14:06:10	17.83	-0.01	27	48140	卖盘
14:06:05	17.84	0.01	218	388912	买盘
14:06:00	17.83	-0.01	694	1237401	卖盘
14:05:56	17.84	--	8	14272	买盘
14:05:50	17.84	0.01	39	70022	买盘
14:05:46	17.83	-0.02	326	581258	卖盘
14:05:41	17.85	--	38	67830	买盘
14:05:35	17.85	0.01	6	10710	买盘
14:05:31	17.84	-0.01	46	82064	卖盘
14:05:26	17.85	0.02	200	357000	买盘
14:05:20	17.83	-0.01	294	525325	卖盘
14:05:16	17.84	--	278	497307	买盘
14:05:10	17.84	-0.01	50	89628	卖盘
14:05:05	17.85	--	6	10710	买盘
14:05:01	17.85	--	35	62475	买盘
14:04:55	17.85	--	5	8925	买盘
14:04:50	17.85	--	90	162006	买盘
14:04:46	17.85	--	290	517650	买盘
14:04:40	17.85	0.01	26	46410	买盘
14:04:35	17.84	--	45	80280	卖盘
14:04:31	17.84	-0.01	80	142720	卖盘
14:04:25	17.85	0.02	25	44625	买盘
14:04:20	17.83	-0.02	89	159346	卖盘
14:04:16	17.85	0.01	93	166005	买盘
14:04:10	17.84	-0.01	10	17840	卖盘
14:04:05	17.85	--	20	35700	买盘
14:04:00	17.85	--	40	71400	买盘
14:03:55	17.85	--	35	62475	买盘
14:03:50	17.85	--	70	125503	买盘
14:03:46	17.85	--	365	651525	买盘
14:03:35	17.85	0.01	23	41055	买盘
14:03:31	17.84	-0.01	23	41032	卖盘
14:03:25	17.85	0.01	38	67830	买盘
14:03:20	17.84	-0.01	57	102954	卖盘
14:03:15	17.85	0.01	27	48195	买盘
14:03:10	17.84	-0.01	26	46384	卖盘
14:03:05	17.85	--	52	92820	买盘
14:03:00	17.85	--	35	62475	买盘
14:02:50	17.85	--	57	103173	买盘
14:02:45	17.85	--	322	574770	买盘
14:02:40	17.85	--	8	14280	买盘
14:02:35	17.85	--	62	110670	买盘
14:02:29	17.85	0.01	302	539070	买盘
14:02:20	17.84	--	63	113551	买盘
14:02:14	17.84	--	30	53520	买盘
14:02:10	17.84	-0.01	244	435296	卖盘
14:02:05	17.85	--	22	39270	买盘
14:01:59	17.85	--	170	303967	买盘
14:01:50	17.85	0.02	34	60690	买盘
14:01:44	17.83	-0.02	2121	3781742	卖盘
14:01:40	17.85	--	18	32130	买盘
14:01:35	17.85	--	25	44625	买盘
14:01:29	17.85	--	45	80325	买盘
14:01:25	17.85	0.01	12	21420	买盘
14:01:20	17.84	-0.01	54	96603	卖盘
14:01:14	17.85	--	144	257040	买盘
14:01:10	17.85	0.01	20	35700	买盘
14:01:05	17.84	-0.01	27	48168	卖盘
14:00:59	17.85	--	38	67830	买盘
14:00:55	17.85	0.02	21	37485	买盘
14:00:50	17.83	--	119	212176	卖盘
14:00:44	17.83	-0.02	323	575909	卖盘
14:00:39	17.85	--	3	5355	买盘
14:00:35	17.85	0.01	83	148155	买盘
14:00:29	17.84	-0.02	81	144504	卖盘
14:00:24	17.86	0.01	285	509010	买盘
14:00:20	17.85	--	45	81985	卖盘
14:00:14	17.85	-0.01	5	8925	卖盘
14:00:09	17.86	--	27	48222	买盘
14:00:05	17.86	--	67	119662	买盘
13:59:59	17.86	0.01	21	37506	买盘
13:59:54	17.85	0.01	2	3570	中性盘
13:59:50	17.84	-0.01	70	125950	卖盘
13:59:44	17.85	--	332	592620	卖盘
13:59:39	17.85	--	412	735420	买盘
13:59:35	17.85	0.02	39	69615	买盘
13:59:29	17.83	-0.01	40	71391	卖盘
13:59:24	17.84	-0.01	51	90984	买盘
13:59:20	17.85	0.02	19	33915	买盘
13:59:14	17.83	--	93	165818	卖盘
13:59:10	17.83	-0.01	76	135508	卖盘
13:59:05	17.84	-0.01	21	37464	卖盘
13:58:59	17.85	--	368	656897	买盘
13:58:55	17.85	--	118	210630	买盘
13:58:50	17.85	0.01	133	238565	买盘
13:58:44	17.84	--	347	619048	买盘
13:58:40	17.84	-0.01	100	178400	卖盘
13:58:35	17.85	--	205	365925	买盘
13:58:29	17.85	0.01	5	8925	买盘
13:58:25	17.84	0.01	36	64224	买盘
13:58:20	17.83	-0.01	52	92805	卖盘
13:58:14	17.84	--	144	256896	卖盘
13:58:10	17.84	-0.01	53	94552	卖盘
13:58:05	17.85	0.01	5	8925	买盘
13:57:59	17.84	-0.01	51	90984	卖盘
13:57:54	17.85	0.02	81	144585	买盘
13:57:49	17.83	-0.02	88	158205	卖盘
13:57:44	17.85	--	287	512295	买盘
13:57:40	17.85	0.01	223	398055	买盘
13:57:34	17.84	--	6	10704	卖盘
13:57:29	17.84	--	15	27170	买盘
13:57:25	17.84	--	52	92768	买盘
13:57:19	17.84	--	57	102205	买盘
13:57:14	17.84	--	84	151229	卖盘
13:57:09	17.84	-0.01	30	53520	卖盘
13:57:04	17.85	--	11	19635	买盘
13:56:59	17.85	--	30	53550	买盘
13:56:54	17.85	0.01	12	21420	买盘
13:56:49	17.84	-0.01	53	94962	卖盘
13:56:44	17.85	--	394	703290	买盘
13:56:40	17.85	--	25	44625	买盘
13:56:34	17.85	0.01	2	3570	买盘
13:56:29	17.84	-0.01	22	39248	卖盘
13:56:24	17.85	--	14	24990	买盘
13:56:19	17.85	--	49	87625	买盘
13:56:09	17.85	--	131	233835	买盘
13:56:04	17.85	--	3	5355	买盘
13:55:59	17.85	0.01	45	80325	买盘
13:55:54	17.84	-0.01	44	78496	中性盘
13:55:49	17.85	0.02	20	35700	买盘
13:55:44	17.83	-0.02	364	650634	卖盘
13:55:38	17.85	0.01	21	37485	买盘
13:55:34	17.84	0.01	1	1784	卖盘
13:55:29	17.83	-0.02	43	76668	卖盘
13:55:23	17.85	0.01	18	32130	买盘
13:55:19	17.84	0.01	173	308632	买盘
13:55:14	17.83	-0.02	49	87402	卖盘
13:55:08	17.85	--	39	69615	买盘
13:55:04	17.85	0.02	9	16065	买盘
13:54:59	17.83	--	21	37443	卖盘
13:54:53	17.83	--	183	326288	卖盘
13:54:49	17.83	--	0	0	卖盘
13:54:44	17.83	-0.01	342	611016	卖盘
13:54:38	17.84	0.01	69	123096	买盘
13:54:34	17.83	-0.01	15	26744	卖盘
13:54:29	17.84	-0.01	34	60656	卖盘
13:54:23	17.85	0.01	64	114240	买盘
13:54:19	17.84	-0.01	319	569381	卖盘
13:54:14	17.85	--	98	175536	买盘
13:54:08	17.85	--	133	237405	买盘
13:54:04	17.85	--	3	5355	买盘
13:53:59	17.85	--	48	85680	买盘
13:53:49	17.85	0.01	79	141015	买盘
13:53:44	17.84	-0.01	344	614534	卖盘
13:53:38	17.85	--	22	39270	买盘
13:53:29	17.85	--	62	110670	买盘
13:53:23	17.85	0.01	62	110670	买盘
13:53:18	17.84	-0.01	88	158026	卖盘
13:53:14	17.85	--	66	117810	买盘
13:53:08	17.85	--	27	48195	买盘
13:53:04	17.85	0.01	4	7140	买盘
13:52:59	17.84	--	125	223000	卖盘
13:52:53	17.84	-0.01	101	180184	卖盘
13:52:49	17.85	0.02	54	97193	买盘
13:52:44	17.83	-0.02	318	566994	卖盘
13:52:38	17.85	0.01	20	35700	买盘
13:52:34	17.84	-0.01	39	69576	卖盘
13:52:29	17.85	--	28	49980	买盘
13:52:23	17.85	--	4	7140	买盘
13:52:19	17.85	0.01	74	133250	买盘
13:52:08	17.84	0.01	67	119528	卖盘
13:52:03	17.83	-0.01	459	818396	卖盘
13:51:59	17.84	0.01	19	33896	买盘
13:51:53	17.83	-0.01	23	41008	卖盘
13:51:48	17.84	--	52	94230	买盘
13:51:44	17.84	--	329	586936	卖盘
13:51:38	17.84	0.01	72	128448	买盘
13:51:34	17.83	-0.01	14	24961	中性盘
13:51:29	17.84	0.02	20	35680	买盘
13:51:23	17.82	-0.02	80	142560	卖盘
13:51:19	17.84	0.01	45	80636	买盘
13:51:14	17.83	0.01	57	101630	卖盘
13:51:04	17.82	-0.01	119	212058	卖盘
13:50:59	17.83	--	45	80234	买盘
13:50:53	17.83	-0.01	2	3565	买盘
13:50:48	17.84	--	58	103989	买盘
13:50:43	17.84	--	313	558392	买盘
13:50:38	17.84	0.01	253	451352	买盘
13:50:33	17.83	--	34	60621	卖盘
13:50:28	17.83	--	55	98064	卖盘
13:50:23	17.83	--	101	180082	买盘
13:50:18	17.83	0.01	249	444787	买盘
13:50:13	17.82	--	184	327888	卖盘
13:50:08	17.82	-0.01	128	228096	卖盘
13:50:03	17.83	--	64	114111	买盘
13:49:58	17.83	0.01	27	48140	买盘
13:49:53	17.82	-0.01	11	19602	卖盘
13:49:48	17.83	--	57	101630	买盘
13:49:43	17.83	0.01	9	16046	卖盘
13:49:38	17.82	-0.02	83	147906	卖盘
13:49:34	17.84	-0.01	18	32112	卖盘
13:49:28	17.85	--	20	35700	买盘
13:49:23	17.85	--	43	76755	买盘
13:49:18	17.85	0.02	210	374850	买盘
13:49:13	17.83	-0.02	43	76668	卖盘
13:49:08	17.85	--	40	71400	买盘
13:49:03	17.85	--	4	7140	买盘
13:48:58	17.85	--	20	35700	买盘
13:48:53	17.85	0.01	84	149940	买盘
13:48:48	17.84	-0.01	602	1073968	卖盘
13:48:43	17.85	--	323	576555	买盘
13:48:38	17.85	-0.01	72	128520	卖盘
13:48:32	17.86	--	32	57152	买盘
13:48:28	17.86	0.02	19	33934	买盘
13:48:23	17.84	-0.01	78	139152	卖盘
13:48:17	17.85	0.02	146	261270	买盘
13:48:13	17.83	-0.02	91	162252	卖盘
13:48:08	17.85	--	85	151725	买盘
13:48:02	17.85	--	40	71400	买盘
13:47:58	17.85	0.01	20	35700	买盘
13:47:53	17.84	-0.02	14	24976	卖盘
13:47:47	17.86	0.03	74	132164	买盘
13:47:43	17.83	-0.01	350	625012	卖盘
13:47:38	17.84	--	179	319924	卖盘
13:47:32	17.84	--	4	7136	买盘
13:47:28	17.84	0.01	21	37464	中性盘
13:47:23	17.83	-0.02	59	105196	卖盘
13:47:17	17.85	0.02	59	105315	买盘
13:47:13	17.83	-0.02	114	203975	卖盘
13:47:02	17.85	0.01	111	198135	买盘
13:46:57	17.84	--	100	178400	买盘
13:46:53	17.84	--	3	5352	买盘
13:46:47	17.84	--	44	78496	买盘
13:46:42	17.84	-0.02	207	369644	卖盘
13:46:38	17.86	--	25	44650	买盘
13:46:32	17.86	0.01	8	14288	买盘
13:46:27	17.85	-0.01	46	82110	中性盘
13:46:17	17.86	0.02	65	116090	买盘
13:46:12	17.84	-0.02	165	295537	卖盘
13:46:08	17.86	0.01	20	35720	买盘
13:46:02	17.85	--	22	39270	中性盘
13:45:57	17.85	--	86	153510	买盘
13:45:47	17.85	0.01	24	42840	买盘
13:45:42	17.84	-0.01	337	602724	卖盘
13:45:38	17.85	0.01	55	98175	卖盘
13:45:32	17.84	-0.02	85	151640	卖盘
13:45:27	17.86	0.01	34	60724	买盘
13:45:23	17.85	-0.01	147	262395	卖盘
13:45:17	17.86	0.01	46	82156	买盘
13:45:12	17.85	-0.01	43	78504	卖盘
13:45:08	17.86	--	25	44650	买盘
13:45:02	17.86	-0.01	21	37506	买盘
13:44:57	17.87	0.01	48	85776	买盘
13:44:53	17.86	-0.01	12	21432	卖盘
13:44:47	17.87	0.02	127	226949	买盘
13:44:42	17.85	-0.02	389	694971	卖盘
13:44:38	17.87	0.01	20	35740	买盘
13:44:32	17.86	-0.01	332	592952	卖盘
13:44:27	17.87	0.01	29	51823	买盘
13:44:23	17.86	--	22	39292	卖盘
13:44:17	17.86	-0.01	2	3572	卖盘
13:44:12	17.87	0.02	185	331917	买盘
13:44:08	17.85	-0.01	8	14280	卖盘
13:44:02	17.86	0.02	105	187530	买盘
13:43:57	17.84	-0.01	30	53520	卖盘
13:43:47	17.85	--	39	69615	买盘
13:43:42	17.85	-0.01	729	1302889	卖盘
13:43:37	17.86	--	46	82156	买盘
13:43:32	17.86	--	45	80370	买盘
13:43:27	17.86	--	95	169670	买盘
13:43:22	17.86	--	3	5358	买盘
13:43:17	17.86	--	21	37506	买盘
13:43:12	17.86	--	46	83656	买盘
13:43:07	17.86	-0.01	47	83942	卖盘
13:43:02	17.87	0.01	87	155469	买盘
13:42:57	17.86	-0.01	56	100016	卖盘
13:42:52	17.87	--	10	17870	买盘
13:42:47	17.87	--	62	110794	买盘
13:42:43	17.87	--	398	711547	买盘
13:42:37	17.87	0.01	19	33953	买盘
13:42:32	17.86	--	100	178600	卖盘
13:42:27	17.86	--	35	62510	卖盘
13:42:17	17.86	--	29	52669	买盘
13:42:12	17.86	0.01	239	427854	买盘
13:42:07	17.85	-0.01	130	232050	卖盘
13:42:02	17.86	0.01	112	200032	买盘
13:41:57	17.85	-0.01	22	39270	卖盘
13:41:52	17.86	--	3	5358	买盘
13:41:47	17.86	0.01	63	112518	买盘
13:41:41	17.85	--	349	624321	卖盘
13:41:37	17.85	-0.01	145	259735	卖盘
13:41:32	17.86	-0.01	15	26790	卖盘
13:41:26	17.87	0.01	25	44675	买盘
13:41:17	17.86	-0.01	20	35720	卖盘
13:41:11	17.87	0.02	171	306702	买盘
13:41:07	17.85	-0.01	236	421260	卖盘
13:41:02	17.86	0.01	135	241110	买盘
13:40:56	17.85	--	613	1094205	卖盘
13:40:52	17.85	--	18	32130	卖盘
13:40:47	17.85	-0.01	43	76755	卖盘
13:40:41	17.86	--	395	706505	买盘
13:40:37	17.86	--	28	50008	买盘
13:40:32	17.86	0.01	10	17860	买盘
13:40:26	17.85	-0.01	18	32130	卖盘
13:40:22	17.86	--	3	5358	买盘
13:40:17	17.86	0.01	8	14288	买盘
13:40:11	17.85	-0.01	128	229390	卖盘
13:40:06	17.86	--	49	87514	卖盘
13:40:02	17.86	-0.02	66	117876	卖盘
13:39:56	17.88	0.01	463	828130	买盘
13:39:52	17.87	0.01	90	160830	中性盘
13:39:47	17.86	-0.02	1070	1911020	卖盘
13:39:41	17.88	--	167	298739	卖盘
13:39:36	17.88	--	10	17880	卖盘
13:39:32	17.88	-0.02	6	10728	卖盘
13:39:26	17.9	0.01	21	37590	买盘
13:39:21	17.89	0.01	5	8945	卖盘
13:39:17	17.88	-0.01	219	391572	卖盘
13:39:11	17.89	--	105	189490	卖盘
13:39:06	17.89	--	62	110918	卖盘
13:38:56	17.89	--	105	187845	卖盘
13:38:47	17.89	--	34	60826	买盘
13:38:41	17.89	--	416	744796	买盘
13:38:36	17.89	--	2	3578	买盘
13:38:31	17.89	--	210	375690	买盘
13:38:26	17.89	--	42	75138	买盘
13:38:21	17.89	--	64	114496	买盘
13:38:16	17.89	--	0	0	买盘
13:38:11	17.89	0.01	168	301392	买盘
13:38:06	17.88	--	7	12516	买盘
13:38:01	17.88	0.01	13	23244	买盘
13:37:56	17.87	--	585	1045395	卖盘
13:37:47	17.87	-0.01	9	16083	卖盘
13:37:41	17.88	--	381	682300	买盘
13:37:36	17.88	--	50	89400	买盘
13:37:32	17.88	0.01	5	8940	买盘
13:37:26	17.87	-0.01	60	107220	卖盘
13:37:21	17.88	--	54	96552	买盘
13:37:11	17.88	0.01	57	102702	买盘
13:37:06	17.87	--	310	553970	卖盘
13:36:56	17.87	--	6	10722	卖盘
13:36:51	17.87	--	55	98285	卖盘
13:36:46	17.87	--	94	168800	买盘
13:36:41	17.87	--	374	669803	买盘
13:36:36	17.87	--	46	82202	买盘
13:36:31	17.87	--	3	5361	买盘
13:36:26	17.87	--	158	282346	买盘
13:36:21	17.87	0.01	17	30379	买盘
13:36:16	17.86	-0.01	5	8930	卖盘
13:36:11	17.87	--	151	271463	买盘
13:36:06	17.87	--	38	67906	买盘
13:35:56	17.87	--	60	107220	买盘
13:35:51	17.87	0.01	15	26805	买盘
13:35:46	17.86	-0.01	6	10716	卖盘
13:35:41	17.87	--	408	729649	买盘
13:35:31	17.87	--	16	28592	买盘
13:35:26	17.87	--	65	116155	买盘
13:35:21	17.87	-0.01	127	227913	卖盘
13:35:11	17.88	0.02	34	61614	买盘
13:35:05	17.86	-0.01	91	162526	卖盘
13:34:56	17.87	0.01	309	552183	买盘
13:34:50	17.86	--	38	67868	买盘
13:34:46	17.86	0.01	19	33934	卖盘
13:34:41	17.85	-0.01	338	604365	卖盘
13:34:35	17.86	--	19	33934	卖盘
13:34:31	17.86	0.01	444	793877	买盘
13:34:26	17.85	-0.01	58	103530	卖盘
13:34:20	17.86	0.01	30	53580	买盘
13:34:16	17.85	--	1	1785	卖盘
13:34:11	17.85	-0.01	93	167272	卖盘
13:34:05	17.86	--	521	930506	买盘
13:34:01	17.86	--	3	5358	买盘
13:33:56	17.86	--	16	28576	买盘
13:33:50	17.86	--	9	16074	买盘
13:33:46	17.86	--	7	12502	买盘
13:33:41	17.86	--	33	59152	卖盘
13:33:35	17.86	-0.01	289	516154	卖盘
13:33:31	17.87	--	39	69693	买盘
13:33:26	17.87	0.01	56	100072	买盘
13:33:20	17.86	--	62	110732	卖盘
13:33:15	17.86	-0.01	31	55366	卖盘
13:33:11	17.87	0.02	16	28592	买盘
13:33:05	17.85	--	427	763730	卖盘
13:33:00	17.85	-0.01	6	10710	卖盘
13:32:56	17.86	--	40	71440	买盘
13:32:50	17.86	0.01	29	51794	买盘
13:32:45	17.85	--	324	579428	卖盘
13:32:35	17.85	-0.01	253	452301	卖盘
13:32:31	17.86	--	66	117876	买盘
13:32:25	17.86	0.01	108	192888	买盘
13:32:20	17.85	--	55	98175	卖盘
13:32:15	17.85	--	287	512295	卖盘
13:32:11	17.85	--	20	35700	卖盘
13:32:05	17.85	--	98	176268	卖盘
13:32:00	17.85	-0.01	62	111062	卖盘
13:31:56	17.86	--	101	180386	买盘
13:31:50	17.86	0.01	44	78584	买盘
13:31:45	17.85	--	311	555135	卖盘
13:31:41	17.85	--	43	76755	买盘
13:31:35	17.85	--	180	322067	买盘
13:31:31	17.85	--	272	485520	买盘
13:31:26	17.85	0.01	4	7140	买盘
13:31:20	17.84	--	2	3568	卖盘
13:31:15	17.84	-0.01	162	289008	卖盘
13:31:11	17.85	0.01	4	7140	买盘
13:31:05	17.84	--	133	238699	卖盘
13:31:00	17.84	--	16	28544	卖盘
13:30:56	17.84	-0.01	1	1784	卖盘
13:30:50	17.85	0.01	145	258825	买盘
13:30:45	17.84	-0.01	63	112392	卖盘
13:30:41	17.85	0.01	9	16065	买盘
13:30:35	17.84	-0.01	62	111392	卖盘
13:30:30	17.85	--	68	121380	买盘
13:30:25	17.85	0.01	114	203490	买盘
13:30:20	17.84	-0.01	25	44600	卖盘
13:30:15	17.85	0.01	75	133875	买盘
13:30:05	17.84	--	154	275253	卖盘
13:30:00	17.84	--	8	14272	卖盘
13:29:55	17.84	-0.01	39	69576	卖盘
13:29:50	17.85	--	176	314160	买盘
13:29:45	17.85	--	51	91035	买盘
13:29:40	17.85	--	3	5355	买盘
13:29:35	17.85	0.01	137	244777	买盘
13:29:30	17.84	-0.01	201	358584	卖盘
13:29:25	17.85	--	24	42840	买盘
13:29:20	17.85	0.01	12	21420	买盘
13:29:15	17.84	--	53	94552	卖盘
13:29:05	17.84	-0.02	42	75909	卖盘
13:29:00	17.86	0.01	20	35720	买盘
13:28:55	17.85	0.01	219	390915	买盘
13:28:45	17.84	-0.02	194	346738	卖盘
13:28:35	17.86	--	36	65439	买盘
13:28:30	17.86	0.01	46	82156	买盘
13:28:25	17.85	-0.01	115	205792	卖盘
13:28:20	17.86	--	204	365612	买盘
13:28:14	17.86	0.01	150	267900	买盘
13:28:10	17.85	-0.01	9	16065	卖盘
13:28:05	17.86	--	45	80477	买盘
13:27:59	17.86	--	5	8930	买盘
13:27:55	17.86	--	3	5358	买盘
13:27:50	17.86	--	0	0	买盘
13:27:44	17.86	0.01	74	132164	买盘
13:27:40	17.85	-0.01	3	5355	中性盘
13:27:35	17.86	--	95	171259	买盘
13:27:29	17.86	--	27	48222	买盘
13:27:25	17.86	--	4	7144	买盘
13:27:20	17.86	0.01	38	67868	买盘
13:27:14	17.85	--	27	48195	卖盘
13:27:10	17.85	0.02	175	313035	买盘
13:27:05	17.83	-0.01	69	124007	卖盘
13:26:59	17.84	--	72	128448	买盘
13:26:55	17.84	--	23	41032	买盘
13:26:50	17.84	--	123	219432	买盘
13:26:44	17.84	--	22	39248	买盘
13:26:40	17.84	--	240	428160	买盘
13:26:35	17.84	--	424	757290	买盘
13:26:24	17.84	--	102	181968	买盘
13:26:20	17.84	--	31	55304	买盘
13:26:14	17.84	0.01	79	140936	买盘
13:26:09	17.83	--	205	365514	卖盘
13:26:05	17.83	--	79	141891	卖盘
13:25:59	17.83	-0.01	95	169384	卖盘
13:25:54	17.84	--	49	87416	买盘
13:25:50	17.84	0.01	112	199808	买盘
13:25:44	17.83	-0.01	64	114111	卖盘
13:25:39	17.84	--	81	145752	买盘
13:25:35	17.84	0.01	12	21408	买盘
13:25:29	17.83	-0.01	23	41008	卖盘
13:25:24	17.84	--	19	33896	买盘
13:25:14	17.84	--	37	66008	买盘
13:25:09	17.84	0.01	42	74928	买盘
13:25:04	17.83	-0.01	86	153801	卖盘
13:24:59	17.84	--	41	73144	卖盘
13:24:49	17.84	-0.01	15	26760	卖盘
13:24:44	17.85	--	83	148155	买盘
13:24:39	17.85	0.01	130	232050	买盘
13:24:35	17.84	-0.01	35	62493	卖盘
13:24:29	17.85	--	354	631890	买盘
13:24:24	17.85	--	32	57120	卖盘
13:24:19	17.85	--	21	37485	卖盘
13:24:14	17.85	--	69	123165	卖盘
13:24:09	17.85	-0.01	66	117810	卖盘
13:24:04	17.86	0.01	50	89996	买盘
13:23:59	17.85	--	173	308805	卖盘
13:23:54	17.85	--	1	1785	卖盘
13:23:44	17.85	--	43	76755	卖盘
13:23:39	17.85	--	27	48641	买盘
13:23:35	17.85	--	73	130305	卖盘
13:23:29	17.85	--	44	78540	买盘
13:23:24	17.85	--	325	580125	买盘
13:23:19	17.85	--	1	1785	买盘
13:23:14	17.85	--	107	190995	卖盘
13:23:09	17.85	--	320	571914	买盘
13:23:04	17.85	--	65	116025	卖盘
13:22:59	17.85	0.01	119	212415	卖盘
13:22:54	17.84	-0.02	461	822424	卖盘
13:22:49	17.86	0.01	17	30362	买盘
13:22:44	17.85	--	669	1194165	卖盘
13:22:39	17.85	--	174	310590	卖盘
13:22:34	17.85	--	36	64349	卖盘
13:22:29	17.85	-0.01	81	144585	卖盘
13:22:24	17.86	0.01	250	446500	买盘
13:22:19	17.85	-0.01	5	8925	卖盘
13:22:14	17.86	--	66	117876	买盘
13:22:09	17.86	--	91	162526	买盘
13:22:04	17.86	--	217	388008	买盘
13:21:59	17.86	0.01	313	559018	买盘
13:21:54	17.85	--	78	139230	卖盘
13:21:49	17.85	-0.01	8	14280	卖盘
13:21:44	17.86	--	112	200032	买盘
13:21:39	17.86	--	20	35720	买盘
13:21:34	17.86	--	66	118554	卖盘
13:21:29	17.86	-0.01	44	78584	卖盘
13:21:23	17.87	--	48	85776	买盘
13:21:19	17.87	--	0	0	中性盘
13:21:14	17.87	-0.01	233	416371	卖盘
13:21:04	17.88	--	38	69052	买盘
13:20:59	17.88	--	53	94764	买盘
13:20:53	17.88	--	75	134100	买盘
13:20:49	17.88	0.01	15	26820	买盘
13:20:44	17.87	-0.01	75	134025	卖盘
13:20:38	17.88	--	14	25032	买盘
13:20:34	17.88	--	26	47221	买盘
13:20:29	17.88	--	5	8940	买盘
13:20:23	17.88	--	301	538188	中性盘
13:20:19	17.88	--	1	1788	买盘
13:20:14	17.88	--	116	207408	买盘
13:20:08	17.88	--	366	654408	卖盘
13:20:04	17.88	--	271	485996	卖盘
13:19:59	17.88	--	20	35760	卖盘
13:19:53	17.88	--	201	359388	卖盘
13:19:49	17.88	--	65	116220	卖盘
13:19:44	17.88	-0.01	12	21456	卖盘
13:19:38	17.89	0.01	2	3578	买盘
13:19:33	17.88	-0.01	87	156306	卖盘
13:19:29	17.89	--	10	17890	买盘
13:19:23	17.89	--	276	493764	卖盘
13:19:18	17.89	--	43	76927	卖盘
13:19:14	17.89	--	426	762114	买盘
13:19:08	17.89	--	18	32202	买盘
13:19:03	17.89	--	130	233070	买盘
13:18:59	17.89	--	50	89450	买盘
13:18:53	17.89	0.01	71	127019	买盘
13:18:48	17.88	-0.01	79	141252	卖盘
13:18:43	17.89	--	119	212891	买盘
13:18:38	17.89	0.01	10	17890	买盘
13:18:33	17.88	-0.01	73	132258	卖盘
13:18:28	17.89	--	3	5367	买盘
13:18:23	17.89	0.01	164	293396	买盘
13:18:18	17.88	-0.01	44	78672	卖盘
13:18:14	17.89	0.01	53	94817	买盘
13:18:08	17.88	-0.02	163	291444	卖盘
13:18:03	17.9	0.01	381	683547	买盘
13:17:58	17.89	--	15	26835	卖盘
13:17:53	17.89	-0.01	47	84083	卖盘
13:17:48	17.9	--	554	991659	买盘
13:17:44	17.9	--	89	159310	买盘
13:17:38	17.9	0.02	23	41170	买盘
13:17:33	17.88	-0.02	177	317370	卖盘
13:17:29	17.9	0.01	79	141410	买盘
13:17:23	17.89	--	2	3578	卖盘
13:17:18	17.89	--	56	100184	卖盘
13:17:14	17.89	--	60	107340	买盘
13:17:08	17.89	--	107	191423	买盘
13:17:03	17.89	0.01	62	112009	买盘
13:16:58	17.88	--	849	1518012	买盘
13:16:53	17.88	--	8	14304	买盘
13:16:48	17.88	--	446	797448	买盘
13:16:43	17.88	0.01	1	1788	买盘
13:16:38	17.87	--	126	225162	卖盘
13:16:33	17.87	--	80	143156	卖盘
13:16:28	17.87	-0.01	44	78628	卖盘
13:16:23	17.88	0.01	425	759900	买盘
13:16:18	17.87	--	39	69693	卖盘
13:16:13	17.87	--	26	46462	卖盘
13:16:08	17.87	--	264	472643	买盘
13:16:03	17.87	--	267	478415	买盘
13:15:58	17.87	0.01	3	5361	买盘
13:15:53	17.86	--	300	535800	卖盘
13:15:48	17.86	-0.01	197	351842	卖盘
13:15:43	17.87	--	79	141173	买盘
13:15:38	17.87	0.01	24	42888	买盘
13:15:33	17.86	--	45	80620	卖盘
13:15:28	17.86	--	12	21432	卖盘
13:15:23	17.86	-0.01	88	157168	卖盘
13:15:18	17.87	--	62	110794	买盘
13:15:13	17.87	0.01	32	57184	买盘
13:15:08	17.86	-0.01	56	100016	卖盘
13:15:03	17.87	0.01	40	71962	买盘
13:14:58	17.86	-0.01	76	135736	卖盘
13:14:53	17.87	0.01	185	330595	买盘
13:14:48	17.86	--	87	155382	卖盘
13:14:43	17.86	-0.01	148	264328	卖盘
13:14:38	17.87	--	21	37527	买盘
13:14:32	17.87	0.01	145	259919	买盘
13:14:28	17.86	-0.01	27	48222	卖盘
13:14:23	17.87	--	21	37527	买盘
13:14:17	17.87	0.02	2	3574	买盘
13:14:13	17.85	-0.02	28	49980	卖盘
13:14:08	17.87	--	5	8935	买盘
13:14:02	17.87	0.01	146	261849	买盘
13:13:58	17.86	--	39	70564	卖盘
13:13:53	17.86	-0.01	64	114304	卖盘
13:13:47	17.87	--	207	369909	买盘
13:13:43	17.87	--	16	28592	买盘
13:13:38	17.87	0.01	107	191209	买盘
13:13:32	17.86	--	70	126234	卖盘
13:13:28	17.86	-0.01	8	14288	卖盘
13:13:23	17.87	--	92	164404	买盘
13:13:17	17.87	--	12	21444	买盘
13:13:13	17.87	0.01	33	58971	买盘
13:13:08	17.86	-0.01	38	67868	卖盘
13:13:02	17.87	--	96	172999	买盘
13:12:58	17.87	--	22	39314	买盘
13:12:53	17.87	--	165	294855	买盘
13:12:47	17.87	0.01	43	76841	买盘
13:12:42	17.86	-0.01	30	53580	卖盘
13:12:38	17.87	--	19	33953	买盘
13:12:32	17.87	0.01	131	235401	买盘
13:12:27	17.86	--	33	58938	买盘
13:12:23	17.86	--	59	105374	买盘
13:12:17	17.86	0.01	18	32148	买盘
13:12:12	17.85	--	95	169575	卖盘
13:12:08	17.85	--	317	565845	卖盘
13:12:02	17.85	--	770	1374610	买盘
13:11:57	17.85	0.01	114	203490	买盘
13:11:52	17.84	--	59	105256	卖盘
13:11:47	17.84	--	17	30328	卖盘
13:11:42	17.84	--	146	260464	买盘
13:11:37	17.84	0.01	18	32112	买盘
13:11:32	17.83	-0.01	250	447105	卖盘
13:11:27	17.84	0.01	12	21408	买盘
13:11:23	17.83	--	24	42791	卖盘
13:11:17	17.83	--	177	315590	买盘
13:11:12	17.83	--	150	267450	买盘
13:11:07	17.83	--	29	51706	买盘
13:11:02	17.83	0.01	271	483941	买盘
13:10:57	17.82	-0.01	87	155034	卖盘
13:10:53	17.83	--	56	99847	买盘
13:10:47	17.83	--	68	121243	买盘
13:10:42	17.83	--	141	251402	买盘
13:10:38	17.83	--	63	112328	买盘
13:10:32	17.83	--	52	94213	买盘
13:10:22	17.83	0.01	341	608003	买盘
13:10:17	17.82	--	45	80190	买盘
13:10:12	17.82	0.01	50	89100	买盘
13:10:08	17.81	-0.01	20	35620	卖盘
13:10:02	17.82	0.01	35	64027	买盘
13:09:57	17.81	--	189	337695	买盘
13:09:52	17.81	--	65	115764	买盘
13:09:47	17.81	--	179	318799	买盘
13:09:42	17.81	--	47	83707	买盘
13:09:37	17.81	0.01	7	12467	买盘
13:09:32	17.8	-0.01	97	173265	卖盘
13:09:27	17.81	0.01	273	486212	买盘
13:09:22	17.8	--	31	55180	买盘
13:09:17	17.8	--	62	110360	买盘
13:09:12	17.8	--	562	1000360	买盘
13:09:07	17.8	--	203	361340	买盘
13:09:02	17.8	--	208	371165	买盘
13:08:57	17.8	--	43	76540	买盘
13:08:52	17.8	--	76	135280	买盘
13:08:47	17.8	--	146	259880	买盘
13:08:42	17.8	--	149	265220	买盘
13:08:37	17.8	--	47	83660	买盘
13:08:31	17.8	0.01	138	245640	买盘
13:08:27	17.79	-0.01	155	276919	卖盘
13:08:22	17.8	--	28	49840	买盘
13:08:17	17.8	0.01	152	270560	买盘
13:08:12	17.79	-0.01	82	145878	卖盘
13:08:07	17.8	--	8	14240	买盘
13:08:02	17.8	0.01	379	674620	买盘
13:07:56	17.79	--	79	142035	卖盘
13:07:47	17.79	--	58	103182	买盘
13:07:41	17.79	--	60	106740	卖盘
13:07:32	17.79	0.02	218	387822	买盘
13:07:26	17.77	-0.02	91	163021	卖盘
13:07:22	17.79	0.01	7	12453	买盘
13:07:17	17.78	--	1	1778	卖盘
13:07:11	17.78	--	46	81788	卖盘
13:07:07	17.78	--	200	355600	卖盘
13:07:02	17.78	--	15	26670	卖盘
13:06:56	17.78	--	12	21336	卖盘
13:06:52	17.78	-0.01	3	5334	卖盘
13:06:47	17.79	0.01	63	112077	买盘
13:06:41	17.78	--	76	135128	卖盘
13:06:37	17.78	0.01	15	26670	中性盘
13:06:32	17.77	-0.01	113	200801	卖盘
13:06:26	17.78	0.01	67	119126	买盘
13:06:22	17.77	--	17	30209	卖盘
13:06:17	17.77	-0.01	117	207909	卖盘
13:06:11	17.78	0.01	44	78232	买盘
13:06:02	17.77	-0.01	37	65749	卖盘
13:05:56	17.78	0.01	53	94234	买盘
13:05:51	17.77	--	22	39094	买盘
13:05:47	17.77	--	38	67526	买盘
13:05:41	17.77	-0.01	154	273658	卖盘
13:05:36	17.78	0.01	74	131572	买盘
13:05:32	17.77	-0.01	219	389163	卖盘
13:05:26	17.78	--	34	60452	买盘
13:05:21	17.78	--	31	55118	买盘
13:05:16	17.78	--	102	181356	买盘
13:05:11	17.78	-0.01	60	106680	卖盘
13:05:06	17.79	--	257	457203	买盘
13:05:01	17.79	--	26	46254	买盘
13:04:56	17.79	--	36	64044	买盘
13:04:51	17.79	--	13	23127	买盘
13:04:46	17.79	--	14	24906	买盘
13:04:41	17.79	--	21	37359	卖盘
13:04:36	17.79	--	6	10674	买盘
13:04:31	17.79	--	3	5337	买盘
13:04:26	17.79	0.02	401	713379	买盘
13:04:21	17.77	--	30	53310	卖盘
13:04:16	17.77	--	45	79965	卖盘
13:04:11	17.77	--	103	183031	卖盘
13:04:06	17.77	-0.02	35	62195	卖盘
13:04:01	17.79	0.02	24	42696	买盘
13:03:56	17.77	--	70	124390	买盘
13:03:51	17.77	--	40	71080	买盘
13:03:46	17.77	--	28	49756	买盘
13:03:41	17.77	--	191	339407	买盘
13:03:36	17.77	0.01	159	282543	卖盘
13:03:26	17.76	-0.03	328	582528	卖盘
13:03:21	17.79	0.03	125	222375	买盘
13:03:16	17.76	0.01	3	5328	卖盘
13:03:11	17.75	-0.01	2133	3786075	卖盘
13:03:06	17.76	--	87	154512	买盘
13:03:01	17.76	--	67	118992	买盘
13:02:56	17.76	--	69	122544	买盘
13:02:51	17.76	0.01	53	94128	买盘
13:02:46	17.75	-0.01	95	168625	卖盘
13:02:41	17.76	--	118	209568	买盘
13:02:36	17.76	--	145	257520	买盘
13:02:31	17.76	0.01	114	202464	买盘
13:02:26	17.75	-0.01	154	273350	卖盘
13:02:21	17.76	--	93	165168	买盘
13:02:16	17.76	0.01	39	69264	买盘
13:02:11	17.75	--	209	372501	卖盘
13:02:06	17.75	-0.01	29	51475	卖盘
13:02:01	17.76	0.01	8	14208	买盘
13:01:56	17.75	-0.02	1248	2215200	卖盘
13:01:51	17.77	--	66	117282	买盘
13:01:46	17.77	--	25	44425	买盘
13:01:41	17.77	--	299	531323	卖盘
13:01:36	17.77	-0.01	574	1019998	卖盘
13:01:31	17.78	0.01	24	42672	买盘
13:01:26	17.77	-0.01	36	63972	卖盘
13:01:21	17.78	0.01	115	204470	买盘
13:01:16	17.77	--	3	5331	卖盘
13:01:11	17.77	--	231	410487	卖盘
13:01:05	17.77	-0.02	668	1187036	卖盘
13:01:01	17.79	0.01	108	192132	买盘
13:00:56	17.78	--	664	1180592	卖盘
13:00:50	17.78	-0.01	51	90678	卖盘
13:00:46	17.79	0.01	38	67602	买盘
13:00:41	17.78	-0.01	91	161798	卖盘
13:00:35	17.79	0.01	249	442971	买盘
13:00:26	17.78	-0.01	75	133350	卖盘
13:00:20	17.79	-0.01	112	199248	卖盘
13:00:16	17.8	0.01	227	404060	买盘
13:00:11	17.79	-0.01	1171	2083209	卖盘
13:00:05	17.8	-0.03	16055	28578167	卖盘
11:30:00	17.83	--	0	0	买盘
11:30:00	17.83	--	0	0	买盘
11:29:57	17.83	--	27	48140	买盘
11:29:52	17.83	--	5	8915	买盘
11:29:46	17.83	-0.01	67	120156	卖盘
11:29:42	17.84	--	65	115960	买盘
11:29:37	17.84	--	11	19624	买盘
11:29:31	17.84	0.01	88	156992	买盘
11:29:27	17.83	--	91	163661	卖盘
11:29:22	17.83	--	15	26744	卖盘
11:29:16	17.83	-0.01	35	63492	卖盘
11:29:12	17.84	0.01	17	30328	买盘
11:29:07	17.83	--	5	9289	卖盘
11:29:01	17.83	0.01	376	670407	买盘
11:28:57	17.82	--	25	45494	卖盘
11:28:52	17.82	-0.01	15	26730	卖盘
11:28:46	17.83	0.01	92	164588	买盘
11:28:42	17.82	-0.01	366	652212	卖盘
11:28:37	17.83	--	34	60621	买盘
11:28:31	17.83	0.01	53	94498	买盘
11:28:27	17.82	-0.01	28	50216	卖盘
11:28:22	17.83	--	1	1782	买盘
11:28:16	17.83	--	38	68235	买盘
11:28:12	17.83	0.01	68	121243	买盘
11:28:07	17.82	-0.01	12	21847	卖盘
11:28:01	17.83	0.01	28	49923	买盘
11:27:57	17.82	-0.01	56	100380	卖盘
11:27:52	17.83	--	7	12480	买盘
11:27:46	17.83	--	26	46357	买盘
11:27:40	17.83	--	75	133725	卖盘
11:27:37	17.83	-0.01	94	169242	卖盘
11:27:31	17.84	0.01	95	169480	买盘
11:27:25	17.83	--	107	190780	买盘
11:27:22	17.83	--	3	5348	买盘
11:27:16	17.83	--	355	633178	买盘
11:27:10	17.83	-0.01	104	185431	卖盘
11:27:07	17.84	--	252	450923	买盘
11:27:01	17.84	0.01	222	396048	买盘
11:26:55	17.83	--	22	39225	卖盘
11:26:51	17.83	0.01	2	3565	中性盘
11:26:46	17.82	-0.02	158	281556	卖盘
11:26:40	17.84	0.03	52	92768	买盘
11:26:31	17.81	0.01	461	821040	买盘
11:26:25	17.8	-0.01	66	117480	卖盘
11:26:21	17.81	--	15	26714	买盘
11:26:16	17.81	0.01	235	418534	中性盘
11:26:10	17.8	-0.01	1909	3398322	卖盘
11:26:07	17.81	-0.03	129	229891	卖盘
11:26:01	17.84	--	688	1227392	买盘
11:25:55	17.84	0.03	40	71360	中性盘
11:25:52	17.81	--	339	603759	卖盘
11:25:46	17.81	-0.01	2453	4368793	卖盘
11:25:40	17.82	-0.01	259	461538	买盘
11:25:36	17.83	-0.01	669	1193700	卖盘
11:25:31	17.84	-0.01	20	35680	卖盘
11:25:25	17.85	--	305	544425	卖盘
11:25:16	17.85	0.02	394	703879	买盘
11:25:10	17.83	--	26	46357	卖盘
11:25:06	17.83	--	33	59997	卖盘
11:25:01	17.83	0.01	79	140857	卖盘
11:24:55	17.82	-0.01	140	250976	卖盘
11:24:51	17.83	--	223	397608	卖盘
11:24:46	17.83	0.01	100	179530	买盘
11:24:40	17.82	-0.01	160	285120	卖盘
11:24:36	17.83	--	145	258534	卖盘
11:24:31	17.83	--	42	74886	卖盘
11:24:25	17.83	-0.01	465	829094	卖盘
11:24:21	17.84	0.01	406	724304	买盘
11:24:16	17.83	--	10	17830	卖盘
11:24:10	17.83	--	66	117677	卖盘
11:24:06	17.83	--	346	616917	买盘
11:24:01	17.83	--	129	230006	买盘
11:23:55	17.83	-0.01	643	1146469	卖盘
11:23:51	17.84	--	89	158776	买盘
11:23:46	17.84	0.01	4	7136	买盘
11:23:40	17.83	-0.01	36	64187	卖盘
11:23:36	17.84	0.01	74	132016	买盘
11:23:31	17.83	-0.01	2	3565	卖盘
11:23:25	17.84	0.02	425	758200	买盘
11:23:21	17.82	-0.01	957	1705374	卖盘
11:23:16	17.83	--	98	174733	买盘
11:23:10	17.83	0.01	25	44574	买盘
11:23:06	17.82	--	56	99792	买盘
11:23:01	17.82	--	2	3564	买盘
11:22:55	17.82	0.01	138	245916	买盘
11:22:51	17.81	--	113	201253	卖盘
11:22:46	17.81	--	8	14247	卖盘
11:22:40	17.81	--	132	235091	卖盘
11:22:36	17.81	-0.01	107	190567	卖盘
11:22:31	17.82	--	308	548856	买盘
11:22:25	17.82	0.01	110	196020	买盘
11:22:21	17.81	--	69	122888	卖盘
11:22:16	17.81	--	164	292084	卖盘
11:22:10	17.81	--	94	167414	卖盘
11:22:06	17.81	-0.01	85	151385	卖盘
11:22:01	17.82	--	66	117612	买盘
11:21:55	17.82	0.01	148	263736	买盘
11:21:51	17.81	-0.01	70	124669	卖盘
11:21:46	17.82	--	112	199584	买盘
11:21:40	17.82	0.01	127	226314	买盘
11:21:36	17.81	-0.01	122	217281	卖盘
11:21:31	17.82	0.01	86	153252	买盘
11:21:25	17.81	-0.01	122	217281	卖盘
11:21:19	17.82	--	112	199584	买盘
11:21:16	17.82	0.01	1	1782	买盘
11:21:10	17.81	-0.01	213	379353	卖盘
11:21:04	17.82	0.01	78	138996	买盘
11:21:01	17.81	-0.01	8	14247	卖盘
11:20:55	17.82	0.01	48	85536	买盘
11:20:49	17.81	--	60	106859	卖盘
11:20:45	17.81	--	66	118739	卖盘
11:20:40	17.81	--	270	480869	卖盘
11:20:34	17.81	-0.01	649	1155869	卖盘
11:20:30	17.82	0.01	24	42768	卖盘
11:20:25	17.81	--	61	108640	卖盘
11:20:19	17.81	-0.01	180	320580	卖盘
11:20:15	17.82	--	139	247698	买盘
11:20:10	17.82	--	40	71280	买盘
11:20:04	17.82	--	54	96228	买盘
11:20:00	17.82	-0.02	81	144342	卖盘
11:19:55	17.84	0.02	700	1248800	买盘
11:19:49	17.82	-0.01	2330	4152060	卖盘
11:19:45	17.83	--	50	89149	卖盘
11:19:40	17.83	--	16	28527	卖盘
11:19:34	17.83	--	57	101630	买盘
11:19:30	17.83	--	28	49923	买盘
11:19:25	17.83	--	55	98064	卖盘
11:19:19	17.83	0.01	194	345901	买盘
11:19:15	17.82	-0.01	155	276210	卖盘
11:19:10	17.83	--	1018	1815093	买盘
11:19:04	17.83	0.01	39	69537	买盘
11:19:00	17.82	-0.01	55	98010	卖盘
11:18:55	17.83	--	88	156903	买盘
11:18:49	17.83	--	35	62404	买盘
11:18:45	17.83	--	145	258534	卖盘
11:18:40	17.83	-0.01	330	588390	卖盘
11:18:34	17.84	--	24	42816	买盘
11:18:30	17.84	--	38	67792	买盘
11:18:25	17.84	--	163	290792	买盘
11:18:19	17.84	--	273	487032	买盘
11:18:15	17.84	--	9	16056	买盘
11:18:10	17.84	0.01	54	96336	买盘
11:18:04	17.83	--	57	101630	卖盘
11:17:55	17.83	-0.01	33	58838	卖盘
11:17:49	17.84	0.01	148	264032	买盘
11:17:45	17.83	0.01	56	99847	买盘
11:17:40	17.82	-0.02	72	128304	卖盘
11:17:34	17.84	-0.01	56	99904	卖盘
11:17:30	17.85	-0.01	23	41055	买盘
11:17:25	17.86	--	13	23218	买盘
11:17:19	17.86	0.04	26	46436	买盘
11:17:15	17.82	-0.04	2123	3783186	卖盘
11:17:10	17.86	--	2012	3593432	买盘
11:17:04	17.86	--	25	44650	买盘
11:17:00	17.86	0.01	107	191102	卖盘
11:16:49	17.85	-0.03	1300	2320500	卖盘
11:16:45	17.88	0.02	4	7152	买盘
11:16:40	17.86	-0.02	500	893000	卖盘
11:16:34	17.88	--	208	371904	买盘
11:16:30	17.88	--	32	57216	买盘
11:16:25	17.88	0.01	5	8940	买盘
11:16:19	17.87	--	30	53610	卖盘
11:16:15	17.87	-0.01	45	80415	卖盘
11:16:10	17.88	--	9	17468	卖盘
11:16:04	17.88	--	10	17880	卖盘
11:16:00	17.88	--	51	91188	卖盘
11:15:55	17.88	0.01	169	302583	买盘
11:15:49	17.87	-0.01	78	139386	卖盘
11:15:45	17.88	0.01	39	69732	买盘
11:15:34	17.87	-0.01	2	3574	卖盘
11:15:30	17.88	0.01	35	62580	买盘
11:15:25	17.87	--	49	87563	买盘
11:15:19	17.87	--	17	30379	买盘
11:15:15	17.87	--	110	196570	买盘
11:15:10	17.87	--	91	162617	卖盘
11:15:04	17.87	-0.01	65	116155	卖盘
11:15:00	17.88	--	10	17880	买盘
11:14:54	17.88	0.01	5	8940	买盘
11:14:49	17.87	--	25	44675	卖盘
11:14:43	17.87	--	133	237671	卖盘
11:14:40	17.87	-0.01	140	250180	卖盘
11:14:34	17.88	--	61	109068	买盘
11:14:28	17.88	--	13	23244	买盘
11:14:25	17.88	--	5	8940	买盘
11:14:19	17.88	0.01	40	71520	买盘
11:14:13	17.87	--	125	223375	卖盘
11:14:09	17.87	--	10	17870	卖盘
11:14:04	17.87	--	2	3574	卖盘
11:13:58	17.87	--	55	98731	买盘
11:13:54	17.87	--	193	344891	买盘
11:13:49	17.87	--	4	7148	买盘
11:13:43	17.87	0.01	86	153682	买盘
11:13:39	17.86	-0.01	23	41078	卖盘
11:13:34	17.87	0.01	45	80415	买盘
11:13:28	17.86	-0.01	62	110732	卖盘
11:13:24	17.87	0.01	7	12509	买盘
11:13:19	17.86	-0.01	46	82156	卖盘
11:13:13	17.87	0.01	137	244819	买盘
11:13:09	17.86	-0.02	14	25004	卖盘
11:13:04	17.88	--	147	262836	买盘
11:12:58	17.88	0.02	418	747384	买盘
11:12:54	17.86	--	12	21432	卖盘
11:12:49	17.86	--	19	33934	卖盘
11:12:43	17.86	--	64	114304	卖盘
11:12:39	17.86	-0.01	1	1786	卖盘
11:12:28	17.87	--	66	117942	买盘
11:12:24	17.87	--	5	8935	买盘
11:12:19	17.87	0.01	15	26805	买盘
11:12:13	17.86	-0.01	6	10716	卖盘
11:12:09	17.87	--	19	35328	卖盘
11:12:04	17.87	--	94	168389	卖盘
11:11:58	17.87	--	5	8935	卖盘
11:11:54	17.87	--	1005	1795935	卖盘
11:11:49	17.87	--	1446	2584002	买盘
11:11:43	17.87	--	687	1227669	买盘
11:11:39	17.87	--	57	101859	买盘
11:11:34	17.87	--	56	100072	买盘
11:11:28	17.87	0.01	309	552183	买盘
11:11:24	17.86	-0.01	67	119662	卖盘
11:11:19	17.87	--	124	221588	买盘
11:11:13	17.87	--	55	98285	买盘
11:11:09	17.87	--	183	327021	买盘
11:11:04	17.87	0.01	127	226949	买盘
11:10:58	17.86	--	26	46436	卖盘
11:10:54	17.86	--	64	114304	卖盘
11:10:49	17.86	--	25	44650	卖盘
11:10:43	17.86	-0.01	89	158954	卖盘
11:10:39	17.87	--	11	19657	买盘
11:10:28	17.87	0.01	113	201931	买盘
11:10:24	17.86	-0.01	212	378632	卖盘
11:10:19	17.87	--	22	39314	买盘
11:10:13	17.87	0.01	122	218014	买盘
11:10:09	17.86	-0.01	623	1112678	卖盘
11:10:04	17.87	--	126	225162	买盘
11:09:58	17.87	0.01	31	55397	买盘
11:09:54	17.86	--	584	1043024	卖盘
11:09:49	17.86	-0.01	29	51794	卖盘
11:09:43	17.87	--	138	246606	卖盘
11:09:39	17.87	--	117	209079	买盘
11:09:34	17.87	--	29	51823	买盘
11:09:28	17.87	--	45	80415	买盘
11:09:24	17.87	0.01	625	1116875	买盘
11:09:19	17.86	-0.01	403	719758	卖盘
11:09:13	17.87	--	224	400288	买盘
11:09:09	17.87	0.01	124	221588	买盘
11:09:04	17.86	-0.01	27	48222	卖盘
11:08:58	17.87	--	290	518230	买盘
11:08:54	17.87	--	117	209079	买盘
11:08:49	17.87	0.01	8	14296	买盘
11:08:43	17.86	--	88	157168	卖盘
11:08:39	17.86	-0.01	15	26790	卖盘
11:08:34	17.87	--	17	30379	买盘
11:08:28	17.87	0.01	49	87563	买盘
11:08:23	17.86	-0.01	44	78584	卖盘
11:08:19	17.87	0.01	5	8935	买盘
11:08:13	17.86	-0.01	261	466146	卖盘
11:08:07	17.87	--	34	60758	买盘
11:08:04	17.87	--	6	10722	买盘
11:07:58	17.87	0.01	53	94711	买盘
11:07:52	17.86	-0.01	130	232180	卖盘
11:07:49	17.87	--	111	198357	买盘
11:07:43	17.87	--	20	35740	买盘
11:07:37	17.87	-0.01	932	1665484	卖盘
11:07:33	17.88	--	28	50064	买盘
11:07:28	17.88	0.01	42	75096	买盘
11:07:22	17.87	--	129	230523	卖盘
11:07:18	17.87	--	12	21444	卖盘
11:07:13	17.87	--	94	167978	卖盘
11:07:07	17.87	-0.01	227	405649	卖盘
11:07:03	17.88	--	4	7152	买盘
11:06:58	17.88	--	178	319998	卖盘
11:06:52	17.88	--	105	187740	卖盘
11:06:48	17.88	-0.01	67	119796	卖盘
11:06:43	17.89	--	52	93028	买盘
11:06:37	17.89	--	317	567113	买盘
11:06:33	17.89	0.01	5	8945	买盘
11:06:28	17.88	-0.01	41	73308	卖盘
11:06:22	17.89	--	27	48303	买盘
11:06:18	17.89	--	50	89450	买盘
11:06:13	17.89	0.01	107	191423	买盘
11:06:07	17.88	-0.01	73	130524	卖盘
11:06:03	17.89	--	30	53670	买盘
11:05:58	17.89	--	79	141331	买盘
11:05:52	17.89	0.01	95	169955	买盘
11:05:48	17.88	-0.01	8	14304	卖盘
11:05:43	17.89	--	75	134175	买盘
11:05:37	17.89	--	35	62615	买盘
11:05:33	17.89	--	53	94817	买盘
11:05:28	17.89	--	53	94817	买盘
11:05:22	17.89	-0.01	638	1141382	卖盘
11:05:18	17.9	0.01	5	8950	买盘
11:05:13	17.89	-0.01	7	12523	中性盘
11:05:07	17.9	--	422	755379	买盘
11:05:03	17.9	--	44	78760	买盘
11:04:58	17.9	--	21	37590	买盘
11:04:52	17.9	--	13	23269	买盘
11:04:48	17.9	0.01	35	62649	买盘
11:04:43	17.89	-0.01	90	161010	卖盘
11:04:37	17.9	--	3	5370	买盘
11:04:28	17.9	-0.01	71	127573	卖盘
11:04:22	17.91	0.01	5	8955	买盘
11:04:18	17.9	--	4	7159	卖盘
11:04:13	17.9	--	61	110496	买盘
11:04:07	17.9	--	34	61343	卖盘
11:04:03	17.9	--	27	49636	买盘
11:03:58	17.9	--	39	70293	卖盘
11:03:52	17.9	-0.01	46	82340	卖盘
11:03:48	17.91	--	56	100296	买盘
11:03:43	17.91	--	86	154026	买盘
11:03:33	17.91	--	21	37611	买盘
11:03:28	17.91	--	5	8955	买盘
11:03:22	17.91	--	66	118206	买盘
11:03:18	17.91	--	41	73431	买盘
11:03:13	17.91	--	1	1791	买盘
11:03:07	17.91	--	71	127161	卖盘
11:03:03	17.91	0.01	8	14328	卖盘
11:02:58	17.9	-0.01	500	894999	卖盘
11:02:52	17.91	--	11	19701	卖盘
11:02:48	17.91	-0.01	18	32238	卖盘
11:02:43	17.92	0.01	29	51968	买盘
11:02:37	17.91	--	2	3582	卖盘
11:02:33	17.91	--	22	39402	卖盘
11:02:22	17.91	--	79	141489	卖盘
11:02:18	17.91	-0.01	51	91341	卖盘
11:02:13	17.92	--	5	8960	买盘
11:02:07	17.92	-0.01	224	401408	卖盘
11:02:03	17.93	-0.01	32	57376	卖盘
11:01:58	17.94	0.01	54	96876	买盘
11:01:52	17.93	-0.01	43	77099	卖盘
11:01:47	17.94	--	23	41262	买盘
11:01:43	17.94	--	35	62790	买盘
11:01:37	17.94	0.01	5	8970	买盘
11:01:31	17.93	-0.01	8	14344	卖盘
11:01:28	17.94	0.01	2	3588	买盘
11:01:22	17.93	--	7	12551	卖盘
11:01:16	17.93	0.02	310	555830	买盘
11:01:13	17.91	-0.01	30	53730	卖盘
11:01:07	17.92	0.01	10	17920	买盘
11:01:01	17.91	--	50	89550	卖盘
11:00:58	17.91	--	45	80595	卖盘
11:00:52	17.91	-0.01	77	137907	卖盘
11:00:46	17.92	--	14	25088	买盘
11:00:42	17.92	--	48	86016	卖盘
11:00:31	17.92	-0.01	5	8960	卖盘
11:00:27	17.93	--	11	19723	买盘
11:00:22	17.93	0.01	41	73513	买盘
11:00:16	17.92	--	7	12544	卖盘
11:00:12	17.92	-0.01	30	53760	卖盘
11:00:07	17.93	--	1	1793	买盘
10:59:52	17.93	0.01	21	38961	买盘
10:59:46	17.92	--	14	25088	买盘
10:59:42	17.92	--	78	140259	卖盘
10:59:37	17.92	--	1	1792	卖盘
10:59:31	17.92	-0.01	9	16128	卖盘
10:59:22	17.93	--	40	71720	买盘
10:59:16	17.93	0.01	2	3586	买盘
10:59:12	17.92	-0.01	25	44800	卖盘
10:59:07	17.93	--	44	78892	买盘
10:59:01	17.93	--	69	123717	买盘
10:58:57	17.93	0.01	57	102201	买盘
10:58:52	17.92	-0.01	25	44800	卖盘
10:58:46	17.93	0.01	71	127303	买盘
10:58:42	17.92	-0.01	27	48384	卖盘
10:58:37	17.93	--	21	37653	买盘
10:58:27	17.93	--	36	64548	买盘
10:58:22	17.93	--	52	93236	买盘
10:58:16	17.93	0.01	2	3586	买盘
10:58:07	17.92	-0.01	5	8960	卖盘
10:58:01	17.93	0.01	44	80200	买盘
10:57:52	17.92	--	54	96768	买盘
10:57:46	17.92	0.01	20	35840	买盘
10:57:42	17.91	-0.01	6	10746	卖盘
10:57:37	17.92	--	3	5376	买盘
10:57:31	17.92	--	3	5376	买盘
10:57:27	17.92	--	10	17920	买盘
10:57:22	17.92	0.01	23	41216	买盘
10:57:16	17.91	--	37	66267	卖盘
10:57:12	17.91	-0.01	61	109251	卖盘
10:57:01	17.92	--	11	19712	买盘
10:56:57	17.92	--	10	17920	买盘
10:56:52	17.92	0.01	6	10752	买盘
10:56:46	17.91	--	1	1791	卖盘
10:56:42	17.91	--	2	3582	买盘
10:56:37	17.91	--	64	114624	买盘
10:56:31	17.91	0.01	27	48357	买盘
10:56:27	17.9	--	30	53699	卖盘
10:56:22	17.9	-0.01	67	119929	卖盘
10:56:16	17.91	--	40	71640	买盘
10:56:12	17.91	--	74	132534	买盘
10:56:01	17.91	0.02	27	48357	买盘
10:55:57	17.89	-0.01	90	161010	卖盘
10:55:52	17.9	--	439	785971	买盘
10:55:46	17.9	0.01	60	107399	买盘
10:55:42	17.89	-0.01	58	103762	卖盘
10:55:37	17.9	--	110	196899	买盘
10:55:31	17.9	--	16	28639	买盘
10:55:26	17.9	--	59	105609	买盘
10:55:22	17.9	--	31	55489	买盘
10:55:16	17.9	--	24	42960	买盘
10:55:12	17.9	0.01	303	542370	买盘
10:55:07	17.89	-0.01	20	35780	卖盘
10:55:01	17.9	0.01	45	80550	买盘
10:54:55	17.89	-0.01	75	134175	卖盘
10:54:52	17.9	--	85	152150	买盘
10:54:46	17.9	0.01	42	75180	买盘
10:54:40	17.89	--	152	271928	卖盘
10:54:37	17.89	--	919	1645772	卖盘
10:54:31	17.89	--	109	195001	卖盘
10:54:25	17.89	--	415	742435	买盘
10:54:22	17.89	--	209	373901	买盘
10:54:16	17.89	--	39	69771	买盘
10:54:10	17.89	--	117	209313	买盘
10:54:06	17.89	--	118	211102	买盘
10:54:01	17.89	--	15	26835	买盘
10:53:55	17.89	0.01	46	82294	买盘
10:53:51	17.88	-0.01	449	802812	卖盘
10:53:46	17.89	0.01	35	62615	买盘
10:53:40	17.88	-0.01	61	109068	卖盘
10:53:31	17.89	--	159	284451	卖盘
10:53:25	17.89	-0.01	94	168166	中性盘
10:53:21	17.9	0.01	60	107399	买盘
10:53:16	17.89	-0.01	479	856931	卖盘
10:53:10	17.9	0.01	51	91290	买盘
10:53:06	17.89	-0.01	64	114496	卖盘
10:53:01	17.9	--	11	19690	买盘
10:52:55	17.9	0.01	13	23269	买盘
10:52:51	17.89	0.01	60	107340	买盘
10:52:46	17.88	-0.01	11	19668	卖盘
10:52:40	17.89	0.01	108	193212	买盘
10:52:36	17.88	--	42	75096	卖盘
10:52:31	17.88	-0.01	57	101916	卖盘
10:52:25	17.89	--	244	436516	买盘
10:52:21	17.89	--	50	89450	买盘
10:52:16	17.89	0.01	141	252249	买盘
10:52:10	17.88	-0.01	81	144828	卖盘
10:52:06	17.89	0.01	10	17890	买盘
10:52:01	17.88	-0.01	64	114432	卖盘
10:51:55	17.89	0.01	580	1037620	买盘
10:51:46	17.88	--	350	625800	买盘
10:51:40	17.88	--	58	103704	买盘
10:51:36	17.88	0.01	86	153768	买盘
10:51:31	17.87	-0.01	100	178700	卖盘
10:51:25	17.88	--	45	80460	买盘
10:51:21	17.88	0.01	100	178800	买盘
10:51:16	17.87	-0.01	113	201931	卖盘
10:51:10	17.88	0.01	557	995916	买盘
10:51:06	17.87	-0.01	21	37527	卖盘
10:51:01	17.88	0.01	45	80460	买盘
10:50:55	17.87	--	101	180487	卖盘
10:50:51	17.87	0.01	492	879204	买盘
10:50:46	17.86	--	58	103588	买盘
10:50:40	17.86	-0.01	560	1000160	卖盘
10:50:36	17.87	0.01	251	448537	买盘
10:50:31	17.86	-0.01	84	150024	卖盘
10:50:25	17.87	0.01	215	384205	买盘
10:50:21	17.86	--	83	148238	买盘
10:50:16	17.86	-0.01	83	148238	卖盘
10:50:10	17.87	0.02	233	416371	买盘
10:50:06	17.85	--	181	323085	卖盘
10:50:01	17.85	-0.01	665	1187025	卖盘
10:49:55	17.86	--	532	950152	买盘
10:49:51	17.86	--	145	258970	买盘
10:49:46	17.86	--	12	21432	买盘
10:49:40	17.86	--	422	753692	买盘
10:49:36	17.86	--	1251	2234286	卖盘
10:49:31	17.86	--	144	257184	卖盘
10:49:25	17.86	--	290	517940	卖盘
10:49:21	17.86	--	251	448286	卖盘
10:49:16	17.86	--	119	212534	卖盘
10:49:10	17.86	-0.02	342	610812	卖盘
10:49:06	17.88	--	385	688380	卖盘
10:49:01	17.88	-0.01	264	472032	卖盘
10:48:55	17.89	0.01	262	468718	买盘
10:48:51	17.88	-0.01	655	1171140	卖盘
10:48:46	17.89	--	337	602893	买盘
10:48:40	17.89	--	662	1184318	买盘
10:48:36	17.89	--	575	1028675	买盘
10:48:31	17.89	0.01	16	28624	买盘
10:48:25	17.88	-0.01	195	348660	卖盘
10:48:19	17.89	-0.01	166	296974	卖盘
10:48:16	17.9	--	58	103819	买盘
10:48:10	17.9	--	191	341890	买盘
10:48:04	17.9	0.01	76	136040	买盘
10:48:01	17.89	--	104	186056	卖盘
10:47:55	17.89	--	263	470507	卖盘
10:47:49	17.89	-0.01	160	286240	卖盘
10:47:46	17.9	--	34	60859	买盘
10:47:40	17.9	0.01	580	1038199	买盘
10:47:34	17.89	-0.01	203	363167	卖盘
10:47:30	17.9	0.01	2	3579	买盘
10:47:25	17.89	-0.01	181	323809	卖盘
10:47:19	17.9	--	61	109189	买盘
10:47:15	17.9	--	148	264920	买盘
10:47:10	17.9	0.01	86	153940	买盘
10:47:04	17.89	-0.01	94	168166	卖盘
10:47:00	17.9	--	839	1501809	买盘
10:46:55	17.9	--	894	1601888	卖盘
10:46:49	17.9	--	96	171840	卖盘
10:46:45	17.9	--	6	10740	卖盘
10:46:40	17.9	-0.01	305	545950	卖盘
10:46:34	17.91	--	1134	2030994	买盘
10:46:30	17.91	--	4	7164	买盘
10:46:25	17.91	--	27	48357	买盘
10:46:19	17.91	--	40	71640	买盘
10:46:15	17.91	--	32	57312	买盘
10:46:10	17.91	--	223	399393	卖盘
10:46:04	17.91	-0.01	11	19701	卖盘
10:46:00	17.92	0.01	31	55552	买盘
10:45:55	17.91	--	5	8955	卖盘
10:45:49	17.91	--	71	127161	卖盘
10:45:45	17.91	--	7	12537	卖盘
10:45:40	17.91	--	48	85968	卖盘
10:45:34	17.91	--	20	35820	卖盘
10:45:30	17.91	--	12	21492	卖盘
10:45:25	17.91	--	43	77013	卖盘
10:45:19	17.91	-0.01	76	136116	卖盘
10:45:15	17.92	0.01	26	46592	买盘
10:45:10	17.91	--	75	134325	买盘
10:45:04	17.91	--	72	128952	买盘
10:45:00	17.91	--	5	8955	买盘
10:44:55	17.91	--	56	100296	卖盘
10:44:49	17.91	0.01	56	100296	卖盘
10:44:40	17.9	--	41	73390	卖盘
10:44:34	17.9	-0.01	127	227329	卖盘
10:44:30	17.91	--	17	30447	买盘
10:44:25	17.91	--	18	32238	买盘
10:44:19	17.91	--	101	180891	买盘
10:44:15	17.91	--	633	1133703	卖盘
10:44:10	17.91	--	34	60894	卖盘
10:44:04	17.91	-0.01	11	19701	卖盘
10:44:00	17.92	--	4	7168	买盘
10:43:55	17.92	--	8	14336	买盘
10:43:49	17.92	0.01	2036	3648673	买盘
10:43:45	17.91	-0.01	60	107460	卖盘
10:43:34	17.92	--	14	25088	买盘
10:43:30	17.92	--	6	10752	买盘
10:43:25	17.92	--	57	103057	卖盘
10:43:19	17.92	--	7	12544	卖盘
10:43:15	17.92	--	9	16128	卖盘
10:43:04	17.92	0.01	231	414830	买盘
10:43:00	17.91	-0.01	324	580284	卖盘
10:42:55	17.92	--	118	211456	买盘
10:42:49	17.92	--	67	120064	买盘
10:42:45	17.92	--	83	148736	买盘
10:42:34	17.92	--	40	71680	买盘
10:42:30	17.92	--	18	32256	买盘
10:42:25	17.92	--	13	23296	买盘
10:42:19	17.92	--	62	111104	买盘
10:42:15	17.92	--	39	69888	买盘
10:42:10	17.92	--	6	10752	买盘
10:42:04	17.92	--	18	32256	买盘
10:41:58	17.92	--	11	19712	买盘
10:41:55	17.92	--	6	10752	买盘
10:41:49	17.92	--	18	32256	买盘
10:41:43	17.92	--	54	96768	买盘
10:41:40	17.92	0.01	1	1792	买盘
10:41:34	17.91	-0.01	114	204174	卖盘
10:41:28	17.92	0.01	108	193536	买盘
10:41:24	17.91	-0.01	148	265068	卖盘
10:41:19	17.92	--	22	39424	买盘
10:41:13	17.92	0.01	56	100352	买盘
10:41:10	17.91	--	53	94923	卖盘
10:41:04	17.91	-0.01	46	82386	卖盘
10:40:58	17.92	0.01	4	7168	买盘
10:40:54	17.91	--	17	30447	卖盘
10:40:49	17.91	--	44	78804	卖盘
10:40:43	17.91	--	260	465660	卖盘
10:40:39	17.91	--	38	68058	卖盘
10:40:34	17.91	--	97	173727	卖盘
10:40:28	17.91	--	41	73431	卖盘
10:40:24	17.91	0.01	18	32238	买盘
10:40:19	17.9	-0.01	71	127089	卖盘
10:40:13	17.91	--	116	207756	买盘
10:40:09	17.91	0.01	62	111042	买盘
10:40:04	17.9	-0.01	27	48329	卖盘
10:39:58	17.91	--	161	288351	买盘
10:39:54	17.91	--	4	7164	买盘
10:39:49	17.91	--	32	57312	买盘
10:39:43	17.91	-0.01	126	225666	卖盘
10:39:39	17.92	0.01	71	127232	买盘
10:39:34	17.91	--	45	80595	卖盘
10:39:28	17.91	--	26	46566	卖盘
10:39:24	17.91	--	187	334917	卖盘
10:39:19	17.91	-0.01	10	17910	卖盘
10:39:13	17.92	--	61	109312	买盘
10:39:09	17.92	-0.01	701	1257105	卖盘
10:39:04	17.93	0.01	150	268950	买盘
10:38:58	17.92	-0.02	50	89600	卖盘
10:38:54	17.94	0.01	40	71760	买盘
10:38:49	17.93	-0.01	132	236676	卖盘
10:38:43	17.94	0.01	56	100464	买盘
10:38:34	17.93	-0.01	213	381909	卖盘
10:38:28	17.94	--	171	306774	买盘
10:38:24	17.94	0.01	4	7176	买盘
10:38:13	17.93	-0.02	68	121924	卖盘
10:38:09	17.95	0.01	7	12565	买盘
10:38:04	17.94	--	52	93288	卖盘
10:37:58	17.94	--	149	267306	卖盘
10:37:54	17.94	-0.01	243	435942	卖盘
10:37:49	17.95	0.01	5	8975	买盘
10:37:43	17.94	--	264	473616	卖盘
10:37:39	17.94	--	22	39468	卖盘
10:37:28	17.94	-0.01	24	43056	卖盘
10:37:24	17.95	-0.01	415	746666	卖盘
10:37:19	17.96	0.01	17	30532	买盘
10:37:13	17.95	-0.01	42	75390	卖盘
10:37:09	17.96	0.01	44	79024	买盘
10:37:04	17.95	-0.01	37	66415	卖盘
10:36:58	17.96	0.01	172	308912	买盘
10:36:54	17.95	--	155	278225	卖盘
10:36:43	17.95	-0.01	95	170525	卖盘
10:36:39	17.96	0.01	115	206540	买盘
10:36:34	17.95	--	21	37695	卖盘
10:36:28	17.95	-0.01	553	992635	卖盘
10:36:24	17.96	--	42	75432	买盘
10:36:19	17.96	--	30	53880	买盘
10:36:13	17.96	0.01	56	100576	买盘
10:36:09	17.95	-0.01	10	17950	卖盘
10:36:04	17.96	0.01	4	7184	买盘
10:35:58	17.95	--	45	80775	卖盘
10:35:54	17.95	-0.01	133	238735	卖盘
10:35:49	17.96	--	10	17960	买盘
10:35:43	17.96	0.01	59	105964	买盘
10:35:39	17.95	--	10	17950	卖盘
10:35:34	17.95	-0.01	15	26925	卖盘
10:35:28	17.96	--	27	48492	买盘
10:35:22	17.96	0.01	32	57472	买盘
10:35:13	17.95	--	107	192065	卖盘
10:35:07	17.95	-0.01	155	278225	卖盘
10:35:04	17.96	--	31	55676	买盘
10:34:58	17.96	0.01	16	28736	买盘
10:34:52	17.95	-0.01	43	77185	卖盘
10:34:43	17.96	0.01	80	143680	买盘
10:34:37	17.95	--	31	55645	卖盘
10:34:33	17.95	--	4	7180	卖盘
10:34:28	17.95	-0.01	11	19745	卖盘
10:34:22	17.96	0.01	67	120332	买盘
10:34:18	17.95	--	1	1795	卖盘
10:34:13	17.95	--	148	265660	卖盘
10:34:07	17.95	--	139	249505	卖盘
10:34:03	17.95	-0.01	23	41285	卖盘
10:33:58	17.96	0.01	11	19756	买盘
10:33:52	17.95	--	76	136420	卖盘
10:33:48	17.95	-0.01	184	330280	卖盘
10:33:43	17.96	0.01	174	312504	买盘
10:33:37	17.95	--	4	7180	卖盘
10:33:33	17.95	--	19	34105	卖盘
10:33:28	17.95	-0.01	14	25130	卖盘
10:33:22	17.96	--	95	170620	买盘
10:33:18	17.96	0.01	2	3592	买盘
10:33:13	17.95	-0.01	50	89750	卖盘
10:33:07	17.96	--	121	217316	买盘
10:33:03	17.96	--	5	8980	买盘
10:32:58	17.96	-0.01	1310	2352760	卖盘
10:32:52	17.97	--	6	10782	买盘
10:32:48	17.97	--	6	10782	买盘
10:32:43	17.97	0.01	33	59300	买盘
10:32:37	17.96	-0.01	45	80820	卖盘
10:32:33	17.97	--	45	80865	买盘
10:32:28	17.97	--	28	50316	买盘
10:32:22	17.97	0.01	200	359400	买盘
10:32:18	17.96	-0.01	49	88004	卖盘
10:32:13	17.97	--	103	185091	买盘
10:32:07	17.97	--	27	48519	买盘
10:32:03	17.97	0.01	5	8985	买盘
10:31:58	17.96	--	28	50288	卖盘
10:31:52	17.96	-0.01	46	82616	卖盘
10:31:48	17.97	--	7	12579	买盘
10:31:43	17.97	0.01	106	190482	买盘
10:31:37	17.96	-0.01	39	70044	卖盘
10:31:33	17.97	--	22	39534	买盘
10:31:28	17.97	--	10	17970	买盘
10:31:22	17.97	0.01	70	125789	买盘
10:31:18	17.96	--	36	64656	卖盘
10:31:13	17.96	--	125	224500	卖盘
10:31:07	17.96	-0.01	51	91596	卖盘
10:31:03	17.97	--	4	7188	买盘
10:30:58	17.97	0.01	6	10835	买盘
10:30:52	17.96	--	34	61064	卖盘
10:30:48	17.96	--	50	89800	卖盘
10:30:43	17.96	-0.01	61	109556	卖盘
10:30:37	17.97	0.01	54	97038	买盘
10:30:33	17.96	--	68	122128	卖盘
10:30:28	17.96	--	7	12572	卖盘
10:30:22	17.96	-0.01	32	57472	卖盘
10:30:18	17.97	0.01	650	1168050	买盘
10:30:13	17.96	--	26	46696	卖盘
10:30:07	17.96	-0.01	157	281972	卖盘
10:30:03	17.97	0.01	29	52113	买盘
10:29:58	17.96	--	38	68248	卖盘
10:29:52	17.96	--	162	290952	卖盘
10:29:48	17.96	--	97	174212	买盘
10:29:43	17.96	0.01	29	52084	买盘
10:29:37	17.95	--	312	560040	卖盘
10:29:33	17.95	-0.01	2036	3654620	卖盘
10:29:28	17.96	--	20	35920	买盘
10:29:22	17.96	--	20	35920	买盘
10:29:18	17.96	--	158	283768	卖盘
10:29:13	17.96	--	85	152660	卖盘
10:29:07	17.96	--	23	41308	买盘
10:29:01	17.96	--	126	226296	卖盘
10:28:58	17.96	--	58	104168	卖盘
10:28:52	17.96	-0.01	354	635784	卖盘
10:28:46	17.97	0.01	11	19767	买盘
10:28:43	17.96	--	50	89800	卖盘
10:28:37	17.96	--	30	53880	卖盘
10:28:31	17.96	--	113	202948	买盘
10:28:28	17.96	0.03	20	35920	买盘
10:28:22	17.93	-0.04	628	1126004	卖盘
10:28:16	17.97	--	743	1335171	买盘
10:28:12	17.97	0.01	57	102429	买盘
10:28:07	17.96	-0.01	37	66452	卖盘
10:28:01	17.97	0.01	4	7188	买盘
10:27:57	17.96	--	30	53880	卖盘
10:27:52	17.96	--	21	37716	卖盘
10:27:46	17.96	0.02	8	14368	卖盘
10:27:42	17.94	-0.02	51	91494	卖盘
10:27:37	17.96	0.01	1891	3396236	买盘
10:27:31	17.95	--	64	114880	卖盘
10:27:27	17.95	-0.01	3	5385	卖盘
10:27:22	17.96	-0.01	65	116740	卖盘
10:27:16	17.97	0.01	12	21564	买盘
10:27:12	17.96	-0.01	51	91596	卖盘
10:27:07	17.97	0.01	2	3594	买盘
10:27:01	17.96	--	16	28736	卖盘
10:26:46	17.96	--	63	113148	卖盘
10:26:42	17.96	--	16	28736	卖盘
10:26:37	17.96	--	15	26940	卖盘
10:26:31	17.96	--	44	79904	买盘
10:26:22	17.96	--	106	190376	买盘
10:26:16	17.96	--	24	43104	买盘
10:26:12	17.96	--	112	201152	买盘
10:26:07	17.96	--	39	70044	买盘
10:26:01	17.96	--	128	229888	买盘
10:25:57	17.96	--	14	25144	买盘
10:25:52	17.96	--	32	57472	买盘
10:25:46	17.96	0.01	114	204744	买盘
10:25:42	17.95	-0.01	59	105905	卖盘
10:25:37	17.96	0.01	126	226296	买盘
10:25:31	17.95	--	118	211810	卖盘
10:25:27	17.95	--	35	62825	卖盘
10:25:22	17.95	-0.01	175	314125	卖盘
10:25:16	17.96	0.01	8	14368	买盘
10:25:12	17.95	-0.01	100	179500	卖盘
10:25:07	17.96	--	115	206540	买盘
10:25:01	17.96	--	42	75432	买盘
10:24:57	17.96	--	42	75432	买盘
10:24:52	17.96	--	65	116740	买盘
10:24:46	17.96	--	67	120332	买盘
10:24:37	17.96	--	23	41308	买盘
10:24:31	17.96	0.02	394	707624	买盘
10:24:27	17.94	-0.01	177	317538	卖盘
10:24:22	17.95	0.01	16	28720	买盘
10:24:16	17.94	-0.01	14	25116	卖盘
10:24:12	17.95	--	204	366180	买盘
10:24:07	17.95	--	11	19745	买盘
10:24:01	17.95	0.01	94	168730	买盘
10:23:57	17.94	-0.01	191	342654	卖盘
10:23:52	17.95	--	85	152575	买盘
10:23:46	17.95	0.01	193	346435	买盘
10:23:42	17.94	-0.01	1646	2952924	卖盘
10:23:37	17.95	0.01	45	80775	买盘
10:23:31	17.94	--	357	640458	卖盘
10:23:27	17.94	--	214	383916	卖盘
10:23:22	17.94	--	16	28704	卖盘
10:23:16	17.94	0.01	113	202722	中性盘
10:23:12	17.93	--	532	955274	卖盘
10:23:06	17.93	--	5	8965	卖盘
10:23:01	17.93	0.01	1079	1934647	买盘
10:22:56	17.92	--	14	25088	卖盘
10:22:52	17.92	-0.01	158	283136	卖盘
10:22:46	17.93	-0.01	29	51997	中性盘
10:22:40	17.94	0.03	194	348036	买盘
10:22:37	17.91	-0.01	30	53730	卖盘
10:22:31	17.92	-0.02	41	73472	卖盘
10:22:25	17.94	--	138	247572	买盘
10:22:22	17.94	--	44	78936	买盘
10:22:16	17.94	--	84	150696	买盘
10:22:10	17.94	-0.01	10345	18559324	卖盘
10:22:06	17.95	0.01	2	3590	买盘
10:22:01	17.94	--	588	1055194	买盘
10:21:55	17.94	--	56	100464	买盘
10:21:51	17.94	--	14	25116	买盘
10:21:46	17.94	-0.01	105	188370	卖盘
10:21:40	17.95	0.01	36	64620	买盘
10:21:36	17.94	--	5	8970	卖盘
10:21:31	17.94	0.01	15	26910	卖盘
10:21:25	17.93	-0.01	78	139854	卖盘
10:21:21	17.94	0.01	99	177606	买盘
10:21:16	17.93	--	67	120131	卖盘
10:21:10	17.93	-0.01	186	333498	卖盘
10:21:01	17.94	0.01	31	55614	买盘
10:20:55	17.93	-0.01	26	46618	卖盘
10:20:51	17.94	0.01	415	744510	买盘
10:20:46	17.93	--	82	147026	买盘
10:20:40	17.93	-0.01	64	114752	卖盘
10:20:36	17.94	0.01	3	5382	买盘
10:20:31	17.93	--	134	240262	买盘
10:20:25	17.93	--	123	220539	买盘
10:20:21	17.93	--	17	30481	买盘
10:20:16	17.93	--	254	455422	卖盘
10:20:10	17.93	-0.01	54	96822	卖盘
10:20:06	17.94	--	5	8970	买盘
10:20:01	17.94	--	24	43056	买盘
10:19:55	17.94	0.01	17	30498	买盘
10:19:51	17.93	-0.01	2	3586	卖盘
10:19:46	17.94	0.01	20	35880	买盘
10:19:40	17.93	-0.01	65	116545	卖盘
10:19:36	17.94	0.01	15	26910	买盘
10:19:31	17.93	-0.01	244	437492	卖盘
10:19:25	17.94	--	20	35880	买盘
10:19:21	17.94	0.01	46	82524	买盘
10:19:16	17.93	-0.01	6	10758	卖盘
10:19:10	17.94	0.01	3	5382	买盘
10:19:06	17.93	--	1	1793	卖盘
10:19:01	17.93	0.01	1	1793	中性盘
10:18:55	17.92	-0.01	126	225792	卖盘
10:18:51	17.93	0.01	50	89650	买盘
10:18:46	17.92	-0.01	127	227584	卖盘
10:18:40	17.93	--	105	188265	买盘
10:18:36	17.93	--	17	30481	买盘
10:18:31	17.93	--	4	7172	买盘
10:18:25	17.93	0.01	117	209781	买盘
10:18:21	17.92	--	30	53760	卖盘
10:18:16	17.92	--	110	197120	卖盘
10:18:10	17.92	0.01	625	1120000	买盘
10:18:06	17.91	-0.01	253	453123	卖盘
10:18:01	17.92	0.01	59	105728	买盘
10:17:55	17.91	-0.01	163	291933	卖盘
10:17:51	17.92	0.01	29	51968	买盘
10:17:46	17.91	--	8	14328	卖盘
10:17:40	17.91	--	294	526554	卖盘
10:17:36	17.91	0.01	143	256113	卖盘
10:17:31	17.9	-0.01	1177	2106830	卖盘
10:17:25	17.91	0.01	151	271515	买盘
10:17:21	17.9	--	77	137830	卖盘
10:17:16	17.9	-0.01	115	205849	卖盘
10:17:10	17.91	--	183	327753	买盘
10:17:06	17.91	-0.01	1246	2231586	卖盘
10:17:01	17.92	--	2	3584	买盘
10:16:55	17.92	--	213	381696	买盘
10:16:51	17.92	0.01	29	51968	买盘
10:16:46	17.91	-0.01	106	189846	卖盘
10:16:40	17.92	-0.01	217	388864	卖盘
10:16:36	17.93	--	54	96822	买盘
10:16:30	17.93	--	24	43032	卖盘
10:16:25	17.93	-0.01	19	34067	卖盘
10:16:21	17.94	--	6	10764	买盘
10:16:15	17.94	--	17	30498	买盘
10:16:10	17.94	--	385	690690	卖盘
10:16:04	17.94	-0.01	62	111228	卖盘
10:16:01	17.95	--	15	26925	买盘
10:15:55	17.95	0.01	263	472085	买盘
10:15:49	17.94	0.01	550	986700	买盘
10:15:45	17.93	-0.02	2547	4566771	卖盘
10:15:40	17.95	0.01	155	278225	买盘
10:15:34	17.94	-0.01	381	683514	卖盘
10:15:30	17.95	--	1348	2419660	卖盘
10:15:25	17.95	-0.01	426	764670	卖盘
10:15:19	17.96	0.01	57	102372	买盘
10:15:15	17.95	--	173	310535	卖盘
10:15:10	17.95	-0.01	234	420030	卖盘
10:15:04	17.96	--	30	53880	买盘
10:15:00	17.96	--	65	116740	买盘
10:14:55	17.96	--	77	138292	买盘
10:14:49	17.96	--	188	338150	卖盘
10:14:45	17.96	--	65	116740	卖盘
10:14:40	17.96	--	95	170620	卖盘
10:14:34	17.96	-0.01	30	53880	卖盘
10:14:30	17.97	--	25	44925	买盘
10:14:25	17.97	0.01	95	170715	买盘
10:14:19	17.96	--	60	107760	卖盘
10:14:15	17.96	-0.01	1	1796	卖盘
10:14:10	17.97	0.01	31	55707	中性盘
10:14:04	17.96	-0.01	1098	1973301	卖盘
10:14:00	17.97	--	4	7188	卖盘
10:13:55	17.97	--	5	8985	卖盘
10:13:49	17.97	--	4	7188	卖盘
10:13:45	17.97	--	305	548085	买盘
10:13:40	17.97	--	61	109617	卖盘
10:13:34	17.97	--	34	61097	卖盘
10:13:30	17.97	-0.01	51	91647	卖盘
10:13:25	17.98	0.01	24	43152	买盘
10:13:19	17.97	--	32	57504	卖盘
10:13:15	17.97	--	200	359400	卖盘
10:13:10	17.97	--	58	104226	卖盘
10:13:04	17.97	0.01	104	187642	买盘
10:13:00	17.96	-0.01	303	545229	卖盘
10:12:55	17.97	-0.01	10	17970	卖盘
10:12:49	17.98	--	1446	2599908	买盘
10:12:45	17.98	0.01	116	209323	买盘
10:12:40	17.97	0.01	534	959597	买盘
10:12:34	17.96	--	201	360996	卖盘
10:12:30	17.96	--	1	1796	卖盘
10:12:25	17.96	-0.01	7	12572	卖盘
10:12:19	17.97	--	1	1797	买盘
10:12:15	17.97	--	73	131181	买盘
10:12:10	17.97	--	208	373776	买盘
10:12:04	17.97	--	29	52113	买盘
10:12:00	17.97	--	337	605589	买盘
10:11:55	17.97	--	5	8985	买盘
10:11:49	17.97	--	47	84459	买盘
10:11:45	17.97	--	76	136572	买盘
10:11:40	17.97	--	27	48519	买盘
10:11:34	17.97	--	19	34143	买盘
10:11:30	17.97	-0.01	234	420498	卖盘
10:11:25	17.98	0.01	4	7192	买盘
10:11:19	17.97	--	39	70083	卖盘
10:11:15	17.97	--	56	100632	卖盘
10:11:10	17.97	--	18	32345	买盘
10:11:04	17.97	--	101	181497	买盘
10:11:00	17.97	--	41	73677	买盘
10:10:55	17.97	--	22	39534	买盘
10:10:49	17.97	-0.01	221	397137	卖盘
10:10:45	17.98	0.01	86	154628	买盘
10:10:40	17.97	-0.01	63	113211	卖盘
10:10:34	17.98	--	217	390166	买盘
10:10:30	17.98	--	205	368590	买盘
10:10:24	17.98	--	58	104284	买盘
10:10:19	17.98	--	14	25172	买盘
10:10:15	17.98	--	285	512430	买盘
10:10:09	17.98	--	60	107880	买盘
10:10:04	17.98	--	35	62930	买盘
10:09:58	17.98	--	121	218061	卖盘
10:09:54	17.98	--	314	565866	卖盘
10:09:49	17.98	--	1	1798	卖盘
10:09:43	17.98	--	765	1375470	买盘
10:09:39	17.98	--	11	19778	买盘
10:09:34	17.98	0.02	50	89900	买盘
10:09:28	17.96	-0.02	357	641172	卖盘
10:09:25	17.98	0.02	10	17980	买盘
10:09:19	17.96	-0.01	38	68248	卖盘
10:09:13	17.97	0.01	173	310881	买盘
10:09:09	17.96	-0.01	53	95188	卖盘
10:09:04	17.97	--	45	80865	买盘
10:08:58	17.97	--	46	82662	买盘
10:08:54	17.97	-0.01	324	582228	卖盘
10:08:49	17.98	0.01	118	212164	买盘
10:08:43	17.97	-0.01	127	228219	卖盘
10:08:39	17.98	--	23	41354	卖盘
10:08:34	17.98	--	145	260710	买盘
10:08:28	17.98	--	16	28768	买盘
10:08:24	17.98	0.01	30	53940	买盘
10:08:19	17.97	--	6	10782	卖盘
10:08:13	17.97	-0.01	72	129383	卖盘
10:08:09	17.98	0.01	12	21576	买盘
10:08:04	17.97	-0.01	231	415107	卖盘
10:07:58	17.98	--	42	75516	买盘
10:07:54	17.98	--	2	3596	买盘
10:07:49	17.98	-0.01	21	37758	中性盘
10:07:43	17.99	--	184	331016	买盘
10:07:34	17.99	0.01	30	53969	买盘
10:07:28	17.98	-0.01	45	80910	卖盘
10:07:24	17.99	--	7	12592	买盘
10:07:19	17.99	-0.01	304	546896	卖盘
10:07:13	18.0	--	68	122400	买盘
10:07:04	18.0	--	10	18000	买盘
10:06:58	18.0	-0.01	1538	2768400	卖盘
10:06:54	18.01	-0.01	21	37821	卖盘
10:06:49	18.02	0.01	7	12614	中性盘
10:06:43	18.01	--	84	151284	卖盘
10:06:34	18.01	-0.02	66	118866	卖盘
10:06:28	18.03	-0.01	106	191118	卖盘
10:06:24	18.04	--	11	19844	买盘
10:06:19	18.04	--	945	1704780	卖盘
10:06:13	18.04	--	122	220088	卖盘
10:06:09	18.04	--	151	272404	卖盘
10:06:04	18.04	--	98	176792	卖盘
10:05:58	18.04	--	50	90200	卖盘
10:05:53	18.04	-0.01	79	142516	卖盘
10:05:49	18.05	0.01	6	10830	买盘
10:05:43	18.04	--	97	174988	卖盘
10:05:39	18.04	-0.01	18	32472	卖盘
10:05:34	18.05	0.01	13	23465	买盘
10:05:28	18.04	-0.01	22	39688	卖盘
10:05:24	18.05	--	29	52345	买盘
10:05:19	18.05	0.01	41	74005	买盘
10:05:13	18.04	-0.01	61	110044	卖盘
10:05:09	18.05	--	51	92055	买盘
10:05:04	18.05	0.01	157	283385	买盘
10:04:58	18.04	-0.01	141	254364	卖盘
10:04:54	18.05	0.01	90	162450	买盘
10:04:49	18.04	--	47	84788	卖盘
10:04:43	18.04	-0.01	226	407704	卖盘
10:04:39	18.05	--	211	380855	买盘
10:04:34	18.05	--	60	108300	买盘
10:04:28	18.05	--	12	21660	买盘
10:04:24	18.05	--	97	175085	买盘
10:04:19	18.05	0.01	21	37905	买盘
10:04:13	18.04	-0.01	52	93808	卖盘
10:04:09	18.05	0.01	187	337535	买盘
10:04:03	18.04	-0.01	10	18040	卖盘
10:03:58	18.05	0.01	179	323095	买盘
10:03:53	18.04	--	33	59532	卖盘
10:03:48	18.04	--	222	400488	卖盘
10:03:43	18.04	-0.01	110	198440	卖盘
10:03:37	18.05	--	61	110105	买盘
10:03:33	18.05	--	17	30685	买盘
10:03:28	18.05	0.01	107	193135	买盘
10:03:22	18.04	--	40	72160	卖盘
10:03:13	18.04	-0.01	76	137104	卖盘
10:03:07	18.05	--	59	106495	买盘
10:03:03	18.05	0.01	7	12635	买盘
10:02:58	18.04	-0.01	24	43296	卖盘
10:02:52	18.05	0.01	110	198550	买盘
10:02:48	18.04	-0.01	2	3608	卖盘
10:02:43	18.05	--	44	79420	买盘
10:02:37	18.05	--	1	1805	买盘
10:02:33	18.05	0.01	44	79420	买盘
10:02:28	18.04	-0.01	51	92004	中性盘
10:02:22	18.05	0.01	274	494570	买盘
10:02:18	18.04	--	12	21648	卖盘
10:02:13	18.04	-0.01	79	142516	卖盘
10:02:07	18.05	--	114	205770	买盘
10:02:03	18.05	--	44	79420	买盘
10:01:58	18.05	--	128	231040	买盘
10:01:52	18.05	--	54	97470	买盘
10:01:48	18.05	0.01	21	37905	买盘
10:01:43	18.04	--	207	373428	卖盘
10:01:37	18.04	--	68	122672	卖盘
10:01:33	18.04	--	248	447392	卖盘
10:01:28	18.04	--	26	46904	卖盘
10:01:22	18.04	--	224	404096	买盘
10:01:18	18.04	0.02	11	19844	买盘
10:01:13	18.02	-0.02	165	297330	卖盘
10:01:07	18.04	0.02	219	395076	买盘
10:00:58	18.02	-0.02	435	783870	卖盘
10:00:52	18.04	--	60	108240	买盘
10:00:48	18.04	--	47	84788	买盘
10:00:43	18.04	0.01	227	409508	买盘
10:00:37	18.03	--	7	12621	卖盘
10:00:33	18.03	--	23	41469	卖盘
10:00:28	18.03	--	289	521067	买盘
10:00:22	18.03	--	81	146043	买盘
10:00:13	18.03	-0.01	305	549915	卖盘
10:00:07	18.04	0.01	124	223696	买盘
10:00:03	18.03	-0.01	17	30651	卖盘
09:59:58	18.04	--	143	257972	买盘
09:59:52	18.04	0.01	163	294052	买盘
09:59:48	18.03	-0.01	6	10818	中性盘
09:59:42	18.04	0.01	96	173184	买盘
09:59:37	18.03	0.02	62	111786	买盘
09:59:33	18.01	-0.02	18	32418	卖盘
09:59:28	18.03	--	61	109983	买盘
09:59:22	18.03	0.03	159	286677	买盘
09:59:18	18.0	-0.03	1336	2404800	卖盘
09:59:13	18.03	-0.01	28	50484	卖盘
09:59:07	18.04	0.01	33	59532	买盘
09:59:03	18.03	--	57	102771	卖盘
09:58:57	18.03	-0.01	61	109983	卖盘
09:58:52	18.04	-0.01	2	3608	中性盘
09:58:47	18.05	0.02	94	169670	买盘
09:58:43	18.03	-0.02	11	19833	卖盘
09:58:37	18.05	--	6	10830	买盘
09:58:33	18.05	0.03	173	312265	买盘
09:58:28	18.02	-0.03	306	551412	卖盘
09:58:22	18.05	0.02	442	797810	买盘
09:58:18	18.03	0.01	12	21636	买盘
09:58:13	18.02	-0.01	28	50456	卖盘
09:58:07	18.03	--	66	118998	买盘
09:58:02	18.03	0.01	61	109983	买盘
09:57:58	18.02	--	65	117130	卖盘
09:57:52	18.02	--	99	178398	买盘
09:57:48	18.02	0.01	314	565828	买盘
09:57:42	18.01	-0.01	31	55831	卖盘
09:57:37	18.02	--	68	122536	买盘
09:57:31	18.02	--	651	1173102	买盘
09:57:27	18.02	--	90	162180	卖盘
09:57:22	18.02	-0.01	240	432480	卖盘
09:57:16	18.03	0.01	38	68514	买盘
09:57:12	18.02	-0.01	22	39644	卖盘
09:57:07	18.03	--	54	97362	买盘
09:57:01	18.03	--	17	30651	买盘
09:56:57	18.03	--	17	30651	买盘
09:56:52	18.03	--	108	194724	买盘
09:56:46	18.03	0.01	31	55893	买盘
09:56:42	18.02	-0.01	28	50456	卖盘
09:56:37	18.03	--	17	30651	买盘
09:56:31	18.03	--	34	61302	买盘
09:56:27	18.03	0.01	10	18030	买盘
09:56:22	18.02	--	33	59466	卖盘
09:56:07	18.02	0.02	52	93704	买盘
09:56:01	18.0	-0.01	53	95400	卖盘
09:55:57	18.01	--	81	145881	买盘
09:55:52	18.01	--	20	36020	买盘
09:55:46	18.01	0.01	65	117875	买盘
09:55:42	18.0	--	57	102600	买盘
09:55:37	18.0	--	907	1632600	买盘
09:55:31	18.0	--	228	410400	买盘
09:55:27	18.0	0.01	44	79200	买盘
09:55:22	17.99	-0.01	304	546896	卖盘
09:55:16	18.0	0.01	5	9000	买盘
09:55:12	17.99	--	46	82754	卖盘
09:55:07	17.99	--	130	233869	买盘
09:55:01	17.99	--	1183	2128217	买盘
09:54:57	17.99	--	138	248261	买盘
09:54:52	17.99	--	173	311227	买盘
09:54:46	17.99	--	105	188894	买盘
09:54:42	17.99	0.01	35	62964	买盘
09:54:37	17.98	-0.01	12	21576	卖盘
09:54:31	17.99	--	119	214080	买盘
09:54:27	17.99	--	39	70161	买盘
09:54:22	17.99	--	25	44974	买盘
09:54:16	17.99	--	110	197889	买盘
09:54:12	17.99	--	59	106140	买盘
09:54:07	17.99	--	37	66563	买盘
09:54:01	17.99	0.01	48	86351	买盘
09:53:57	17.98	--	106	190588	买盘
09:53:52	17.98	--	19	34162	买盘
09:53:46	17.98	--	143	257114	买盘
09:53:42	17.98	--	82	147436	买盘
09:53:37	17.98	--	21	37758	买盘
09:53:31	17.98	--	8	14384	买盘
09:53:27	17.98	--	23	41354	买盘
09:53:22	17.98	0.01	20	35960	买盘
09:53:16	17.97	-0.01	265	476204	卖盘
09:53:12	17.98	--	151	271498	买盘
09:53:01	17.98	-0.01	327	587946	卖盘
09:52:57	17.99	0.01	222	399377	买盘
09:52:52	17.98	--	7	12586	卖盘
09:52:46	17.98	--	129	231942	卖盘
09:52:42	17.98	--	464	834272	买盘
09:52:37	17.98	0.01	3	5394	卖盘
09:52:31	17.97	--	169	303693	卖盘
09:52:27	17.97	-0.01	236	424092	卖盘
09:52:22	17.98	--	0	0	中性盘
09:52:16	17.98	--	82	147436	卖盘
09:52:12	17.98	0.01	52	93496	买盘
09:52:01	17.97	--	58	104226	卖盘
09:51:57	17.97	--	174	313199	买盘
09:51:52	17.97	--	419	752943	买盘
09:51:46	17.97	--	196	352212	买盘
09:51:42	17.97	--	207	371979	买盘
09:51:37	17.97	--	32	57504	买盘
09:51:31	17.97	--	76	136572	买盘
09:51:26	17.97	0.01	26	46722	买盘
09:51:21	17.96	-0.01	69	123924	卖盘
09:51:16	17.97	--	17	30548	买盘
09:51:10	17.97	--	134	240797	买盘
09:51:06	17.97	0.01	68	122195	买盘
09:51:01	17.96	--	206	369976	卖盘
09:50:55	17.96	-0.01	169	303524	卖盘
09:50:51	17.97	--	76	136572	买盘
09:50:46	17.97	--	149	267753	买盘
09:50:40	17.97	0.01	86	154542	买盘
09:50:36	17.96	-0.01	66	118536	卖盘
09:50:31	17.97	0.01	85	152745	买盘
09:50:25	17.96	--	72	129312	卖盘
09:50:21	17.96	-0.01	57	102372	卖盘
09:50:16	17.97	0.01	138	247985	买盘
09:50:10	17.96	--	215	386140	卖盘
09:50:06	17.96	--	76	136496	卖盘
09:50:01	17.96	-0.01	90	161640	卖盘
09:49:55	17.97	0.01	225	404325	买盘
09:49:51	17.96	--	70	125720	卖盘
09:49:46	17.96	--	133	238868	卖盘
09:49:40	17.96	--	575	1032700	买盘
09:49:36	17.96	--	14	25144	买盘
09:49:31	17.96	--	552	991392	卖盘
09:49:25	17.96	--	73	131108	卖盘
09:49:21	17.96	--	86	154456	卖盘
09:49:16	17.96	--	176	316096	卖盘
09:49:10	17.96	--	145	260420	卖盘
09:49:06	17.96	-0.01	46	82616	卖盘
09:49:01	17.97	-0.01	106	190482	卖盘
09:48:55	17.98	--	196	352408	卖盘
09:48:51	17.98	0.01	186	334428	买盘
09:48:46	17.97	--	69	123992	买盘
09:48:40	17.97	--	94	168918	卖盘
09:48:36	17.97	0.01	17	30548	卖盘
09:48:31	17.96	-0.02	1042	1871432	卖盘
09:48:25	17.98	--	72	129456	买盘
09:48:21	17.98	0.01	1	1798	买盘
09:48:16	17.97	--	137	246188	卖盘
09:48:10	17.97	--	62	111414	卖盘
09:48:06	17.97	--	30	53910	卖盘
09:48:01	17.97	--	238	427686	买盘
09:47:55	17.97	--	106	190482	买盘
09:47:51	17.97	0.01	28	50316	买盘
09:47:46	17.96	--	46	82616	卖盘
09:47:40	17.96	--	292	524432	中性盘
09:47:36	17.96	--	18	32328	卖盘
09:47:31	17.96	0.01	118	211928	买盘
09:47:25	17.95	--	98	175910	卖盘
09:47:21	17.95	--	118	211810	卖盘
09:47:16	17.95	--	352	631840	卖盘
09:47:10	17.95	0.01	412	739540	买盘
09:47:06	17.94	-0.01	127	227838	卖盘
09:47:00	17.95	--	56	100520	买盘
09:46:55	17.95	--	42	75390	买盘
09:46:51	17.95	--	68	122060	买盘
09:46:46	17.95	--	40	71800	买盘
09:46:40	17.95	--	324	581580	买盘
09:46:36	17.95	0.01	39	70005	买盘
09:46:30	17.94	-0.01	140	251160	卖盘
09:46:25	17.95	0.01	305	548911	买盘
09:46:21	17.94	-0.01	76	136344	卖盘
09:46:16	17.95	0.01	701	1258295	买盘
09:46:10	17.94	-0.01	127	227838	卖盘
09:46:06	17.95	0.01	160	287200	买盘
09:46:01	17.94	--	382	685308	买盘
09:45:55	17.94	--	370	663780	买盘
09:45:51	17.94	--	118	211692	买盘
09:45:46	17.94	--	205	367770	买盘
09:45:40	17.94	--	273	489762	买盘
09:45:36	17.94	--	110	197340	买盘
09:45:30	17.94	--	41	73554	买盘
09:45:25	17.94	0.02	59	105846	买盘
09:45:20	17.92	-0.02	496	888832	卖盘
09:45:16	17.94	--	102	182988	卖盘
09:45:10	17.94	--	133	238602	卖盘
09:45:06	17.94	0.01	65	116610	买盘
09:45:00	17.93	-0.01	1985	3559105	卖盘
09:44:55	17.94	-0.01	131	235014	卖盘
09:44:49	17.95	0.01	217	389515	买盘
09:44:45	17.94	--	98	175812	买盘
09:44:40	17.94	-0.01	791	1419054	卖盘
09:44:34	17.95	0.01	785	1409075	买盘
09:44:30	17.94	-0.01	533	956202	卖盘
09:44:25	17.95	0.01	501	899295	买盘
09:44:19	17.94	-0.01	30	53820	卖盘
09:44:15	17.95	0.01	122	218990	买盘
09:44:10	17.94	-0.01	192	344448	卖盘
09:44:04	17.95	--	208	373360	买盘
09:44:00	17.95	--	113	202835	卖盘
09:43:55	17.95	-0.02	1307	2346065	卖盘
09:43:49	17.97	0.02	188	337836	买盘
09:43:45	17.95	--	423	759285	卖盘
09:43:40	17.95	-0.03	1222	2193490	卖盘
09:43:34	17.98	0.01	1386	2492028	买盘
09:43:30	17.97	-0.01	8	14376	卖盘
09:43:25	17.98	--	24	43152	买盘
09:43:19	17.98	0.01	502	902596	买盘
09:43:15	17.97	-0.01	141	253376	卖盘
09:43:10	17.98	0.01	33	59334	买盘
09:43:04	17.97	-0.02	22	39534	卖盘
09:43:00	17.99	0.01	100	179899	买盘
09:42:55	17.98	-0.01	162	291276	卖盘
09:42:49	17.99	0.01	540	971459	买盘
09:42:45	17.98	-0.01	13	23374	卖盘
09:42:40	17.99	0.01	236	424563	买盘
09:42:34	17.98	--	86	154628	卖盘
09:42:30	17.98	--	21	37758	卖盘
09:42:25	17.98	--	70	125860	卖盘
09:42:19	17.98	-0.01	60	107880	卖盘
09:42:15	17.99	--	34	61165	买盘
09:42:10	17.99	--	81	145719	买盘
09:42:04	17.99	-0.01	315	566685	卖盘
09:42:00	18.0	--	11	19800	买盘
09:41:55	18.0	0.01	166	298800	买盘
09:41:49	17.99	-0.01	113	203286	卖盘
09:41:40	18.0	--	32	57600	买盘
09:41:34	18.0	--	42	75600	买盘
09:41:30	18.0	--	67	120600	买盘
09:41:25	18.0	--	89	160200	买盘
09:41:19	18.0	--	88	158400	买盘
09:41:15	18.0	0.01	17	30600	买盘
09:41:10	17.99	-0.01	74	133126	卖盘
09:41:04	18.0	--	119	214200	买盘
09:41:00	18.0	--	10	18000	买盘
09:40:55	18.0	--	257	462600	买盘
09:40:49	18.0	0.01	249	448200	买盘
09:40:45	17.99	-0.01	159	287030	卖盘
09:40:39	18.0	--	20	36000	卖盘
09:40:34	18.0	-0.01	209	376200	卖盘
09:40:30	18.01	--	249	448449	卖盘
09:40:25	18.01	--	84	151284	买盘
09:40:19	18.01	--	46	82846	买盘
09:40:15	18.01	--	315	567315	买盘
09:40:09	18.01	--	35	63035	卖盘
09:40:04	18.01	--	121	217921	卖盘
09:40:00	18.01	-0.02	48	86448	卖盘
09:39:54	18.03	0.02	40	72120	买盘
09:39:49	18.01	-0.03	71	127871	卖盘
09:39:45	18.04	--	5	9020	买盘
09:39:39	18.04	0.01	52	93808	买盘
09:39:34	18.03	-0.01	32	57696	卖盘
09:39:29	18.04	-0.01	54	97416	中性盘
09:39:25	18.05	0.01	82	148010	买盘
09:39:19	18.04	-0.01	137	247148	卖盘
09:39:14	18.05	--	87	157035	买盘
09:39:10	18.05	--	47	84835	卖盘
09:39:04	18.05	-0.01	27	48735	卖盘
09:38:59	18.06	0.01	53	95718	买盘
09:38:54	18.05	-0.01	18	32490	卖盘
09:38:49	18.06	--	19	34314	买盘
09:38:44	18.06	-0.01	66	119195	卖盘
09:38:39	18.07	-0.01	125	226326	卖盘
09:38:34	18.08	0.01	257	464655	买盘
09:38:28	18.07	--	39	70473	卖盘
09:38:24	18.07	--	10	18070	卖盘
09:38:19	18.07	--	315	569205	卖盘
09:38:13	18.07	0.03	1475	2666897	买盘
09:38:09	18.04	--	13	23452	买盘
09:38:04	18.04	--	31	55924	买盘
09:37:58	18.04	-0.01	52	94403	卖盘
09:37:54	18.05	--	59	106495	买盘
09:37:49	18.05	0.02	9	16245	买盘
09:37:43	18.03	--	53	95559	卖盘
09:37:39	18.03	-0.02	22	39666	卖盘
09:37:34	18.05	0.01	67	120935	买盘
09:37:28	18.04	--	1060	1912240	买盘
09:37:24	18.04	--	66	119064	买盘
09:37:19	18.04	--	15	27060	买盘
09:37:13	18.04	-0.01	36	64944	卖盘
09:37:09	18.05	0.01	222	400710	买盘
09:37:04	18.04	--	211	380644	卖盘
09:36:58	18.04	-0.01	26	46904	卖盘
09:36:54	18.05	--	22	39710	买盘
09:36:49	18.05	--	84	151620	买盘
09:36:43	18.05	-0.02	318	575199	卖盘
09:36:39	18.07	--	10	18070	买盘
09:36:34	18.07	--	74	133718	买盘
09:36:28	18.07	--	31	56017	买盘
09:36:24	18.07	--	40	72280	买盘
09:36:19	18.07	--	226	409122	卖盘
09:36:13	18.07	-0.01	49	89609	卖盘
09:36:09	18.08	--	1	1807	买盘
09:36:04	18.08	0.01	42	75936	买盘
09:35:58	18.07	--	34	61456	买盘
09:35:54	18.07	0.02	42	75894	买盘
09:35:49	18.05	-0.02	293	529442	卖盘
09:35:43	18.07	0.02	19	34333	买盘
09:35:39	18.05	-0.01	1	1805	卖盘
09:35:34	18.06	--	9	16253	买盘
09:35:28	18.06	0.01	162	292572	买盘
09:35:24	18.05	0.01	32	57760	买盘
09:35:19	18.04	-0.01	51	92004	卖盘
09:35:13	18.05	--	105	189525	买盘
09:35:09	18.05	--	84	151620	买盘
09:35:04	18.05	-0.04	85	153425	卖盘
09:34:58	18.09	0.03	178	322002	买盘
09:34:49	18.06	0.01	50	90300	卖盘
09:34:43	18.05	-0.02	179	323095	卖盘
09:34:39	18.07	0.01	31	56017	买盘
09:34:33	18.06	0.01	110	198660	买盘
09:34:28	18.05	-0.02	50	90250	卖盘
09:34:24	18.07	0.01	92	166244	买盘
09:34:18	18.06	--	117	211301	买盘
09:34:13	18.06	--	87	157122	买盘
09:34:09	18.06	--	5	9030	买盘
09:34:03	18.06	0.01	53	95718	买盘
09:33:58	18.05	--	268	483740	买盘
09:33:54	18.05	--	49	88445	买盘
09:33:48	18.05	-0.01	163	294215	卖盘
09:33:43	18.06	--	31	55985	买盘
09:33:39	18.06	0.01	16	28895	买盘
09:33:28	18.05	0.02	109	196745	买盘
09:33:23	18.03	--	35	63105	卖盘
09:33:18	18.03	-0.02	103	185709	中性盘
09:33:13	18.05	0.05	74	133570	买盘
09:33:08	18.0	-0.01	458	824400	卖盘
09:33:03	18.01	-0.01	33	59433	卖盘
09:32:58	18.02	0.01	120	216240	买盘
09:32:53	18.01	--	25	45025	卖盘
09:32:48	18.01	0.01	44	79244	买盘
09:32:43	18.0	-0.01	495	891000	卖盘
09:32:38	18.01	0.01	30	54030	买盘
09:32:33	18.0	-0.01	21	37800	卖盘
09:32:28	18.01	0.01	511	920311	买盘
09:32:22	18.0	0.01	206	370800	买盘
09:32:18	17.99	-0.01	9	16190	卖盘
09:32:13	18.0	0.01	48	86400	买盘
09:32:07	17.99	--	4	7195	中性盘
09:32:03	17.99	--	33	59366	买盘
09:31:58	17.99	0.01	113	203286	买盘
09:31:52	17.98	--	110	197780	卖盘
09:31:48	17.98	0.01	76	136648	买盘
09:31:43	17.97	--	54	97038	卖盘
09:31:37	17.97	0.01	53	95241	中性盘
09:31:33	17.96	--	19	34124	卖盘
09:31:28	17.96	--	79	141884	卖盘
09:31:22	17.96	--	129	231684	买盘
09:31:18	17.96	0.01	64	114944	买盘
09:31:13	17.95	-0.01	81	145395	卖盘
09:31:07	17.96	-0.02	180	323280	卖盘
09:31:03	17.98	0.01	45	80910	买盘
09:30:58	17.97	--	101	181497	买盘
09:30:52	17.97	--	224	402528	买盘
09:30:48	17.97	-0.01	110	197670	卖盘
09:30:43	17.98	--	90	161820	买盘
09:30:37	17.98	--	155	278690	买盘
09:30:33	17.98	0.01	108	194184	买盘
09:30:28	17.97	-0.03	112	201264	卖盘
09:30:22	18.0	0.02	133	239400	买盘
09:30:17	17.98	-0.02	156	280488	卖盘
09:30:13	18.0	--	39	70200	卖盘
09:30:07	18.0	--	1019	1834200	买盘
09:30:02	18.0	-0.01	480	864000	卖盘
09:28:47	18.01	--	0	0	卖盘
09:25:01	18.01	18.01	776	1397576	买盘
