成交时间	成交价	价格变动	成交量(手)	成交额(元)	性质
15:00:00	12.83	--	0	0	卖盘
15:00:00	12.83	-0.01	0	0	卖盘
14:59:52	12.84	--	76	98559	卖盘
14:59:48	12.84	--	74	95324	买盘
14:59:37	12.84	0.01	247	317148	买盘
14:59:33	12.83	--	24	30792	卖盘
14:59:22	12.83	--	71	91093	买盘
14:59:18	12.83	0.01	15	19245	买盘
14:59:13	12.82	-0.01	47	60254	卖盘
14:59:07	12.83	--	57	73131	买盘
14:59:03	12.83	-0.01	7	8981	买盘
14:58:52	12.84	0.01	201	258084	买盘
14:58:48	12.83	--	15	19245	卖盘
14:58:43	12.83	0.01	284	365462	买盘
14:58:37	12.82	-0.01	22	28204	卖盘
14:58:33	12.83	--	56	71848	买盘
14:58:28	12.83	--	31	39773	买盘
14:58:22	12.83	--	43	55169	买盘
14:58:18	12.83	0.01	62	79546	买盘
14:58:13	12.82	-0.01	15	19230	卖盘
14:58:07	12.83	--	34	43622	买盘
14:58:03	12.83	0.01	26	33358	买盘
14:57:58	12.82	--	14	17948	卖盘
14:57:48	12.82	--	92	117944	卖盘
14:57:37	12.82	-0.01	10	12820	卖盘
14:57:33	12.83	0.01	104	133432	买盘
14:57:28	12.82	-0.01	11	14102	卖盘
14:57:22	12.83	0.01	94	120602	买盘
14:57:13	12.82	-0.01	10	12820	卖盘
14:57:02	12.83	--	16	20528	买盘
14:56:58	12.83	--	17	21811	买盘
14:56:52	12.83	--	88	112904	买盘
14:56:48	12.83	--	23	29509	买盘
14:56:37	12.83	--	12	15396	买盘
14:56:33	12.83	--	15	19245	买盘
14:56:22	12.83	-0.01	102	130866	卖盘
14:56:13	12.84	0.01	10	12840	买盘
14:56:03	12.83	--	100	128300	卖盘
14:55:58	12.83	--	1	1283	卖盘
14:55:37	12.83	--	12	15396	买盘
14:55:32	12.83	--	10	12830	买盘
14:55:22	12.83	-0.01	47	60301	卖盘
14:55:18	12.84	0.01	8	10272	买盘
14:55:12	12.83	--	5	6415	卖盘
14:55:07	12.83	-0.01	167	214261	卖盘
14:55:03	12.84	0.01	50	64200	买盘
14:54:52	12.83	--	2	2566	卖盘
14:54:48	12.83	--	6	7698	卖盘
14:54:42	12.83	--	82	105206	买盘
14:54:37	12.83	--	55	70565	买盘
14:54:32	12.83	0.01	19	24377	买盘
14:54:27	12.82	-0.01	1	1282	卖盘
14:54:22	12.83	--	50	64150	买盘
14:54:17	12.83	0.01	49	62867	买盘
14:54:07	12.82	-0.01	72	92304	卖盘
14:54:02	12.83	--	27	34641	买盘
14:53:57	12.83	--	100	128300	买盘
14:53:52	12.83	0.01	2	2566	买盘
14:53:46	12.82	--	24	30768	卖盘
14:53:42	12.82	-0.01	16	20512	卖盘
14:53:31	12.83	--	1	1283	买盘
14:53:22	12.83	--	55	70565	卖盘
14:53:16	12.83	0.01	5	6415	卖盘
14:53:12	12.82	--	44	56408	卖盘
14:53:07	12.82	-0.01	50	64100	卖盘
14:53:01	12.83	--	14	17962	买盘
14:52:57	12.83	--	32	41056	买盘
14:52:52	12.83	--	2	2566	买盘
14:52:46	12.83	-0.01	155	198865	卖盘
14:52:42	12.84	0.01	5	6420	买盘
14:52:37	12.83	--	5	6415	卖盘
14:52:31	12.83	-0.01	78	100074	卖盘
14:52:27	12.84	0.01	80	102720	买盘
14:52:22	12.83	--	101	129583	卖盘
14:52:16	12.83	-0.01	24	30792	卖盘
14:52:12	12.84	--	100	128400	买盘
14:52:07	12.84	--	3	3852	买盘
14:52:01	12.84	--	23	29532	买盘
14:51:57	12.84	0.01	10	12840	买盘
14:51:52	12.83	-0.01	50	64150	卖盘
14:51:46	12.84	--	8	10272	买盘
14:51:42	12.84	--	3	3852	买盘
14:51:16	12.84	--	10	12840	买盘
14:51:12	12.84	--	126	162759	卖盘
14:51:07	12.84	--	24	30816	卖盘
14:51:01	12.84	-0.01	5	6420	卖盘
14:50:57	12.85	0.01	10	12850	买盘
14:50:46	12.84	-0.01	29	37236	卖盘
14:50:41	12.85	--	2	2570	买盘
14:50:27	12.85	--	18	23130	买盘
14:50:22	12.85	--	35	44975	买盘
14:50:11	12.85	0.01	3	3855	买盘
14:49:56	12.84	-0.01	5	6420	卖盘
14:49:52	12.85	--	78	100230	买盘
14:49:46	12.85	0.01	3	3855	买盘
14:49:27	12.84	--	1	1592	买盘
14:49:22	12.84	--	11	14124	买盘
14:49:11	12.84	--	25	33075	卖盘
14:49:01	12.84	--	10	12840	卖盘
14:48:46	12.84	--	10	12840	卖盘
14:48:42	12.84	--	3	3852	卖盘
14:48:26	12.84	-0.01	16	20544	卖盘
14:48:16	12.85	0.01	20	25700	买盘
14:47:56	12.84	--	55	70928	买盘
14:47:41	12.84	0.01	8	10272	买盘
14:47:36	12.83	-0.01	7	8981	卖盘
14:47:31	12.84	0.01	1	1284	买盘
14:47:06	12.83	--	7	8981	卖盘
14:46:56	12.83	--	62	79546	卖盘
14:46:46	12.83	-0.01	20	25660	卖盘
14:46:36	12.84	0.01	74	95016	买盘
14:46:31	12.83	-0.01	24	30792	卖盘
14:46:16	12.84	0.01	10	12840	买盘
14:46:10	12.83	--	5	6415	买盘
14:46:06	12.83	--	2	2566	买盘
14:46:01	12.83	--	10	12830	买盘
14:45:46	12.83	--	82	105206	买盘
14:45:40	12.83	--	1	1283	买盘
14:45:25	12.83	--	157	201431	买盘
14:45:16	12.83	--	1	1283	买盘
14:45:10	12.83	0.01	10	12830	买盘
14:45:06	12.82	-0.02	177	227003	卖盘
14:44:55	12.84	0.01	19	24396	买盘
14:44:51	12.83	--	40	51320	卖盘
14:44:31	12.83	-0.01	10	12830	卖盘
14:44:25	12.84	0.01	1	1284	买盘
14:44:21	12.83	--	9	11547	卖盘
14:44:10	12.83	--	8	10264	卖盘
14:43:55	12.83	--	21	26943	卖盘
14:43:35	12.83	-0.01	20	25660	卖盘
14:43:31	12.84	0.01	26	33384	买盘
14:43:25	12.83	--	22	28829	卖盘
14:42:55	12.83	-0.01	30	38490	卖盘
14:42:50	12.84	--	49	62916	买盘
14:42:46	12.84	0.01	2	2568	买盘
14:42:35	12.83	--	40	51320	卖盘
14:42:31	12.83	--	11	14113	卖盘
14:42:25	12.83	--	22	28816	卖盘
14:42:20	12.83	-0.01	3	3849	卖盘
14:42:10	12.84	0.01	8	10272	买盘
14:42:01	12.83	--	1	1283	卖盘
14:41:55	12.83	--	12	15396	卖盘
14:41:50	12.83	0.01	43	55169	买盘
14:41:35	12.82	--	5	6410	卖盘
14:41:25	12.82	-0.01	159	204466	卖盘
14:41:20	12.83	0.01	13	16679	买盘
14:41:15	12.82	-0.01	27	34614	卖盘
14:41:10	12.83	0.01	10	12830	买盘
14:41:05	12.82	-0.01	5	6410	卖盘
14:40:50	12.83	0.01	10	12830	买盘
14:40:35	12.82	-0.01	22	28204	卖盘
14:40:30	12.83	0.01	8	10264	买盘
14:40:25	12.82	-0.01	22	28819	卖盘
14:40:20	12.83	0.01	4	5132	买盘
14:40:15	12.82	-0.01	16	20512	卖盘
14:40:10	12.83	0.01	3	3849	买盘
14:40:05	12.82	-0.01	20	25640	卖盘
14:39:55	12.83	0.01	22	28226	买盘
14:39:50	12.82	--	90	115380	卖盘
14:39:45	12.82	-0.01	50	64100	卖盘
14:39:40	12.83	--	10	12830	买盘
14:39:25	12.83	0.01	25	32703	买盘
14:39:19	12.82	--	2	2564	卖盘
14:39:15	12.82	-0.01	20	25640	卖盘
14:39:10	12.83	--	20	25660	买盘
14:39:04	12.83	--	50	64150	买盘
14:38:15	12.83	--	10	12830	买盘
14:38:04	12.83	--	30	38490	买盘
14:38:00	12.83	--	3	3849	买盘
14:37:55	12.83	--	20	25660	买盘
14:37:40	12.83	--	41	52603	买盘
14:37:34	12.83	--	20	25660	买盘
14:37:29	12.83	--	2	2566	买盘
14:37:25	12.83	--	1	1283	买盘
14:37:19	12.83	--	10	12830	买盘
14:37:10	12.83	--	110	141130	买盘
14:37:04	12.83	--	3	3849	买盘
14:36:55	12.83	--	51	65433	买盘
14:36:49	12.83	0.01	10	12830	买盘
14:36:44	12.82	-0.01	15	19230	卖盘
14:36:29	12.83	0.01	4	5132	买盘
14:36:25	12.82	-0.01	203	260502	卖盘
14:36:04	12.83	-0.01	347	445201	卖盘
14:35:49	12.84	--	224	287616	卖盘
14:35:44	12.84	--	10	12840	卖盘
14:35:19	12.84	--	3	3852	卖盘
14:35:14	12.84	--	1	1284	卖盘
14:34:55	12.84	-0.01	3	3852	卖盘
14:34:49	12.85	--	4	5140	买盘
14:34:44	12.85	--	10	12850	买盘
14:34:14	12.85	0.01	68	87380	买盘
14:34:10	12.84	-0.01	3	3852	卖盘
14:34:04	12.85	--	18	23130	买盘
14:33:55	12.85	0.01	2	2570	买盘
14:33:49	12.84	-0.01	4	5136	卖盘
14:33:24	12.85	--	12	15420	买盘
14:33:09	12.85	0.01	22	28270	买盘
14:32:59	12.84	--	43	55212	卖盘
14:32:34	12.84	0.01	3	3852	买盘
14:32:28	12.83	--	0	0	卖盘
14:32:24	12.83	-0.02	19	24377	卖盘
14:32:04	12.85	0.01	10	12850	买盘
14:31:58	12.84	--	4	5136	卖盘
14:31:54	12.84	--	19	24396	卖盘
14:31:43	12.84	--	119	152796	卖盘
14:31:39	12.84	--	10	12840	卖盘
14:31:34	12.84	--	54	69336	卖盘
14:31:28	12.84	-0.01	4	5136	卖盘
14:31:09	12.85	0.01	3	3855	买盘
14:30:43	12.84	--	91	116844	卖盘
14:29:53	12.84	-0.01	3	3852	卖盘
14:29:49	12.85	--	53	68105	买盘
14:29:43	12.85	--	3	3855	买盘
14:29:38	12.85	--	3	3855	买盘
14:29:23	12.85	0.01	10	12850	买盘
14:29:13	12.84	--	20	25680	卖盘
14:28:43	12.84	-0.01	53	68052	卖盘
14:28:23	12.85	0.01	1	1285	买盘
14:28:13	12.84	--	11	14124	卖盘
14:28:08	12.84	--	11	14124	卖盘
14:27:43	12.84	--	6	7704	买盘
14:26:58	12.84	--	61	78324	卖盘
14:26:53	12.84	--	3	3852	买盘
14:26:43	12.84	--	13	16692	买盘
14:26:23	12.84	--	20	25680	买盘
14:26:08	12.84	-0.01	7	8988	卖盘
14:25:58	12.85	0.01	19	24415	买盘
14:25:53	12.84	--	20	25680	卖盘
14:25:48	12.84	--	10	12840	卖盘
14:25:43	12.84	0.01	33	42372	卖盘
14:25:28	12.83	--	0	0	卖盘
14:25:23	12.83	--	2	2566	卖盘
14:25:18	12.83	-0.01	10	12830	卖盘
14:25:07	12.84	0.01	10	12840	买盘
14:24:58	12.83	-0.01	3	3849	卖盘
14:24:52	12.84	--	1	1284	买盘
14:24:48	12.84	--	7	8988	卖盘
14:24:43	12.84	--	3	3852	买盘
14:24:18	12.84	--	5	6420	卖盘
14:24:13	12.84	--	20	25680	卖盘
14:24:03	12.84	--	5	6420	卖盘
14:23:58	12.84	-0.01	58	74472	卖盘
14:23:52	12.85	--	30	38550	买盘
14:23:37	12.85	0.01	2	2570	买盘
14:23:33	12.84	--	20	25680	卖盘
14:23:28	12.84	--	6	7704	卖盘
14:23:22	12.84	--	50	64200	卖盘
14:23:07	12.84	--	8	10272	买盘
14:23:03	12.84	--	50	64200	买盘
14:22:58	12.84	0.01	150	192600	买盘
14:22:52	12.83	--	20	25660	卖盘
14:22:47	12.83	--	3	3849	卖盘
14:22:43	12.83	--	16	20528	卖盘
14:22:37	12.83	--	20	25660	卖盘
14:22:22	12.83	--	37	47471	卖盘
14:22:13	12.83	--	47	60301	卖盘
14:22:07	12.83	-0.01	4	5132	卖盘
14:22:02	12.84	0.01	59	75756	买盘
14:21:58	12.83	--	9	11547	卖盘
14:21:47	12.83	--	4	5132	卖盘
14:21:43	12.83	--	4	5132	卖盘
14:21:32	12.83	-0.01	4	5132	卖盘
14:21:28	12.84	0.01	16	20544	买盘
14:21:22	12.83	--	4	5132	卖盘
14:21:13	12.83	-0.01	4	5132	卖盘
14:21:02	12.84	0.01	3	3852	买盘
14:20:58	12.83	--	33	42339	卖盘
14:20:52	12.83	--	8	10264	卖盘
14:20:32	12.83	--	116	148828	卖盘
14:20:17	12.83	-0.01	4	5132	卖盘
14:19:32	12.84	0.01	5	6420	买盘
14:19:27	12.83	-0.01	10	12830	卖盘
14:19:22	12.84	-0.01	20	25680	买盘
14:19:17	12.85	--	0	0	买盘
14:19:02	12.85	0.02	15	19275	买盘
14:18:37	12.83	--	3	3849	卖盘
14:18:22	12.83	--	20	25660	买盘
14:18:16	12.83	--	20	25660	买盘
14:18:01	12.83	0.01	11	14113	买盘
14:17:42	12.82	--	2	2564	买盘
14:17:31	12.82	--	130	166660	卖盘
14:17:27	12.82	--	28	35896	卖盘
14:17:22	12.82	--	101	129482	卖盘
14:17:16	12.82	--	35	44870	卖盘
14:17:12	12.82	--	21	26922	卖盘
14:17:07	12.82	-0.01	1	1282	卖盘
14:17:01	12.83	--	4	5132	买盘
14:16:57	12.83	--	18	23094	卖盘
14:16:46	12.83	--	13	16679	买盘
14:16:16	12.83	--	30	38490	买盘
14:16:12	12.83	-0.01	357	458031	卖盘
14:16:01	12.84	-0.01	100	128400	卖盘
14:15:52	12.85	--	105	134925	卖盘
14:15:41	12.85	--	30	38550	卖盘
14:15:26	12.85	--	88	113080	卖盘
14:15:22	12.85	--	6	7710	卖盘
14:15:16	12.85	--	100	128500	卖盘
14:15:07	12.85	--	10	12850	卖盘
14:15:01	12.85	--	43	55255	卖盘
14:14:56	12.85	--	2	2570	卖盘
14:14:46	12.85	-0.01	30	38550	卖盘
14:14:31	12.86	0.01	3	3858	买盘
14:14:16	12.85	-0.01	10	12850	卖盘
14:13:41	12.86	--	10	12860	买盘
14:13:21	12.86	--	5	6430	买盘
14:13:06	12.86	0.01	34	43724	买盘
14:12:56	12.85	-0.01	30	38550	卖盘
14:12:51	12.86	--	5	6430	买盘
14:12:46	12.86	--	44	56584	卖盘
14:12:26	12.86	-0.01	10	12860	卖盘
14:12:21	12.87	0.01	6	7721	买盘
14:12:01	12.86	--	10	12860	卖盘
14:11:56	12.86	--	3	3858	卖盘
14:11:46	12.86	--	2	2572	卖盘
14:11:41	12.86	-0.01	204	262344	卖盘
14:11:06	12.87	0.01	80	102960	买盘
14:10:36	12.86	-0.01	55	70730	卖盘
14:10:25	12.87	0.01	5	6435	买盘
14:10:10	12.86	-0.01	60	77160	卖盘
14:10:01	12.87	--	5	6435	买盘
14:09:36	12.87	-0.01	56	72072	卖盘
14:09:31	12.88	--	117	150696	买盘
14:08:35	12.88	--	20	25760	买盘
14:08:25	12.88	0.01	141	181608	买盘
14:08:20	12.87	--	2	2574	买盘
14:08:16	12.87	0.01	19	24453	买盘
14:08:10	12.86	-0.01	7	9002	卖盘
14:07:25	12.87	--	24	30887	买盘
14:06:45	12.87	--	5	6435	买盘
14:06:25	12.87	0.01	30	38610	买盘
14:06:20	12.86	-0.01	8	10288	卖盘
14:06:15	12.87	--	2	2574	买盘
14:06:05	12.87	--	135	173745	买盘
14:05:45	12.87	--	2	2574	买盘
14:05:40	12.87	--	68	87516	买盘
14:05:35	12.87	--	58	74646	卖盘
14:05:15	12.87	-0.01	10	12870	卖盘
14:05:10	12.88	0.01	40	51520	买盘
14:05:05	12.87	--	1	1287	卖盘
14:04:40	12.87	--	30	38610	卖盘
14:04:35	12.87	--	230	296010	卖盘
14:04:20	12.87	-0.01	40	51480	卖盘
14:04:04	12.88	--	50	64400	买盘
14:04:00	12.88	0.01	10	12880	买盘
14:03:49	12.87	-0.01	30	38610	卖盘
14:03:34	12.88	--	9	11592	买盘
14:03:25	12.88	--	60	77280	卖盘
14:03:10	12.88	--	15	19320	卖盘
14:03:00	12.88	--	10	12880	卖盘
14:02:00	12.88	--	16	20608	买盘
14:01:55	12.88	--	3	3864	买盘
14:01:40	12.88	--	4	5152	买盘
14:01:34	12.88	--	10	12880	买盘
14:01:29	12.88	--	3	3864	买盘
14:01:04	12.88	--	20	25760	买盘
14:00:49	12.88	--	100	128800	买盘
14:00:44	12.88	0.01	26	33488	买盘
14:00:19	12.87	--	55	70785	买盘
14:00:14	12.87	--	6	7721	买盘
13:59:55	12.87	--	18	23166	买盘
13:59:49	12.87	--	23	29601	买盘
13:59:44	12.87	-0.01	149	191763	卖盘
13:59:40	12.88	0.01	10	12880	买盘
13:59:34	12.87	--	35	45045	卖盘
13:59:14	12.87	--	38	48906	买盘
13:59:09	12.87	--	100	128699	买盘
13:59:04	12.87	0.01	51	65637	买盘
13:58:54	12.86	-0.01	49	63014	卖盘
13:58:44	12.87	--	149	191763	买盘
13:58:34	12.87	--	79	101673	买盘
13:58:29	12.87	--	6	7721	买盘
13:58:24	12.87	--	46	59202	买盘
13:58:14	12.87	--	108	138996	买盘
13:58:09	12.87	--	15	19305	买盘
13:57:59	12.87	0.01	160	205920	买盘
13:57:49	12.86	-0.01	5	6430	卖盘
13:57:39	12.87	-0.01	50	64349	中性盘
13:57:34	12.88	0.01	100	128800	买盘
13:57:29	12.87	--	50	64349	买盘
13:57:19	12.87	--	25	32174	买盘
13:57:14	12.87	--	70	90090	卖盘
13:57:04	12.87	--	4	5148	卖盘
13:56:58	12.87	--	13	16731	卖盘
13:56:28	12.87	-0.01	1	1287	卖盘
13:56:09	12.88	--	10	12880	买盘
13:55:58	12.88	0.01	52	66976	买盘
13:55:28	12.87	--	10	12870	卖盘
13:55:13	12.87	--	3	3860	卖盘
13:55:09	12.87	--	26	33462	卖盘
13:54:53	12.87	0.01	53	68211	买盘
13:54:38	12.86	--	0	0	卖盘
13:54:33	12.86	-0.01	88	113168	卖盘
13:54:28	12.87	0.01	73	93951	买盘
13:54:18	12.86	--	15	19290	卖盘
13:54:13	12.86	-0.01	6	7716	卖盘
13:54:08	12.87	--	9	11583	买盘
13:53:58	12.87	0.01	50	64349	买盘
13:53:53	12.86	-0.01	10	12860	卖盘
13:53:28	12.87	--	17	21879	卖盘
13:53:18	12.87	0.01	34	43758	买盘
13:53:13	12.86	--	100	128600	卖盘
13:53:08	12.86	-0.01	1	1286	卖盘
13:52:23	12.87	0.01	2	2574	买盘
13:52:18	12.86	-0.01	5	6430	卖盘
13:51:58	12.87	0.01	1	1287	买盘
13:51:38	12.86	-0.01	18	23148	买盘
13:51:28	12.87	--	66	84942	买盘
13:51:13	12.87	--	0	0	买盘
13:50:58	12.87	0.02	1	1287	买盘
13:50:53	12.85	--	4	5140	卖盘
13:50:28	12.85	--	14	17990	买盘
13:50:23	12.85	--	15	19275	买盘
13:50:18	12.85	--	71	91235	卖盘
13:49:58	12.85	-0.02	100	128500	卖盘
13:49:48	12.87	0.02	10	12870	买盘
13:49:37	12.85	--	28	35980	买盘
13:49:28	12.85	--	5	6425	买盘
13:49:18	12.85	--	100	128500	买盘
13:49:13	12.85	-0.02	32	41120	卖盘
13:48:33	12.87	0.01	30	38610	买盘
13:48:07	12.86	--	44	56584	卖盘
13:47:57	12.86	--	9	11574	卖盘
13:47:48	12.86	--	197	253342	买盘
13:47:42	12.86	--	5	6430	买盘
13:47:37	12.86	--	5	6430	买盘
13:47:17	12.86	0.01	20	25720	买盘
13:47:12	12.85	-0.01	10	12850	卖盘
13:47:02	12.86	0.01	72	92592	买盘
13:46:52	12.85	-0.01	1	1285	卖盘
13:46:47	12.86	0.03	80	102880	买盘
13:46:27	12.83	-0.02	5	6415	卖盘
13:46:22	12.85	0.03	5	6425	买盘
13:46:17	12.82	--	0	0	卖盘
13:46:02	12.82	--	0	0	卖盘
13:45:52	12.82	-0.04	12	15384	卖盘
13:45:47	12.86	0.03	300	385800	买盘
13:45:42	12.83	--	10	12830	买盘
13:45:32	12.83	0.01	5	6415	买盘
13:45:27	12.82	--	1	1282	卖盘
13:45:22	12.82	--	21	26922	卖盘
13:45:17	12.82	--	61	78202	卖盘
13:45:07	12.82	--	2	2564	卖盘
13:44:47	12.82	--	125	160250	卖盘
13:44:42	12.82	-0.01	50	64100	卖盘
13:44:37	12.83	0.01	33	42339	买盘
13:44:32	12.82	--	63	80766	卖盘
13:44:22	12.82	-0.01	50	64100	卖盘
13:44:17	12.83	--	78	100074	买盘
13:44:12	12.83	--	13	16679	买盘
13:44:02	12.83	--	142	182186	卖盘
13:43:47	12.83	-0.01	20	25660	卖盘
13:43:32	12.84	--	1	1284	买盘
13:43:22	12.84	--	45	57780	卖盘
13:43:12	12.84	--	16	20544	卖盘
13:43:02	12.84	--	8	10272	卖盘
13:42:57	12.84	--	2	2568	卖盘
13:42:52	12.84	--	5	6420	卖盘
13:42:46	12.84	--	20	25680	卖盘
13:42:37	12.84	--	41	52644	卖盘
13:42:31	12.84	--	66	84744	买盘
13:42:07	12.84	--	79	101436	卖盘
13:42:01	12.84	--	44	56496	卖盘
13:41:57	12.84	-0.01	10	12840	卖盘
13:41:46	12.85	--	30	38550	买盘
13:40:46	12.85	0.01	20	25700	买盘
13:40:36	12.84	-0.01	59	75756	卖盘
13:40:26	12.85	--	7	8995	卖盘
13:40:21	12.85	--	5	6425	卖盘
13:40:11	12.85	0.01	34	43690	买盘
13:40:01	12.84	-0.01	40	51360	卖盘
13:39:46	12.85	0.01	6	7710	买盘
13:39:41	12.84	-0.01	8	10272	卖盘
13:39:26	12.85	0.01	10	12850	买盘
13:39:01	12.84	--	3	3852	卖盘
13:38:51	12.84	--	10	12840	卖盘
13:38:46	12.84	0.01	4	5136	买盘
13:38:31	12.83	-0.01	30	38490	卖盘
13:38:21	12.84	--	1	1284	卖盘
13:38:11	12.84	--	60	77040	卖盘
13:38:01	12.84	-0.02	7	8988	卖盘
13:37:56	12.86	--	26	33436	买盘
13:37:51	12.86	0.01	70	90020	买盘
13:37:36	12.85	--	10	12850	卖盘
13:37:26	12.85	0.03	15	19275	买盘
13:37:21	12.82	-0.02	100	128200	卖盘
13:37:16	12.84	--	23	29532	卖盘
13:37:11	12.84	0.01	15	19260	买盘
13:37:06	12.83	--	12	15396	卖盘
13:36:56	12.83	--	2	2566	卖盘
13:36:51	12.83	--	8	10264	买盘
13:36:46	12.83	--	18	23094	买盘
13:36:41	12.83	0.01	10	12830	买盘
13:36:31	12.82	-0.01	1	1282	卖盘
13:36:26	12.83	--	3	3849	买盘
13:36:16	12.83	--	24	30792	买盘
13:36:11	12.83	--	19	24377	买盘
13:35:46	12.83	0.01	14	17962	买盘
13:35:31	12.82	--	130	166660	卖盘
13:35:25	12.82	--	105	134610	卖盘
13:35:10	12.82	--	37	47434	卖盘
13:35:06	12.82	--	1	1282	卖盘
13:35:01	12.82	--	28	35896	卖盘
13:34:40	12.82	-0.01	57	73074	卖盘
13:34:31	12.83	--	15	19245	买盘
13:34:25	12.83	--	3	3849	买盘
13:34:06	12.83	--	81	103923	卖盘
13:33:55	12.83	--	40	51320	卖盘
13:33:51	12.83	--	31	39773	卖盘
13:33:36	12.83	-0.01	78	100074	卖盘
13:33:25	12.84	--	34	43656	卖盘
13:33:10	12.84	-0.01	68	87312	卖盘
13:33:05	12.85	0.01	2	2570	买盘
13:32:55	12.84	--	26	33384	卖盘
13:32:50	12.84	--	22	28248	卖盘
13:32:45	12.84	-0.01	51	65484	卖盘
13:32:35	12.85	--	2	2570	买盘
13:32:20	12.85	--	12	15420	买盘
13:32:10	12.85	-0.01	274	352090	卖盘
13:32:05	12.86	--	20	25720	卖盘
13:32:00	12.86	--	4	5144	卖盘
13:31:55	12.86	--	2	2572	卖盘
13:31:35	12.86	-0.01	1	1286	卖盘
13:30:55	12.87	--	114	146718	卖盘
13:30:50	12.87	--	52	66924	卖盘
13:30:40	12.87	--	10	12870	卖盘
13:30:20	12.87	--	10	12870	卖盘
13:29:35	12.87	-0.01	18	23166	卖盘
13:29:20	12.88	0.01	20	25760	买盘
13:28:55	12.87	--	5	6435	买盘
13:28:45	12.87	0.04	5	6435	买盘
13:28:40	12.83	--	123	157809	卖盘
13:28:15	12.83	--	0	0	卖盘
13:28:10	12.83	-0.01	152	195016	卖盘
13:28:04	12.84	--	0	0	买盘
13:28:00	12.84	--	3	3852	买盘
13:27:49	12.84	--	69	88596	买盘
13:27:34	12.84	--	3	3852	买盘
13:27:30	12.84	--	15	19260	买盘
13:27:19	12.84	-0.01	325	417300	卖盘
13:27:15	12.85	-0.01	28	35980	卖盘
13:27:04	12.86	0.01	129	165894	买盘
13:26:49	12.85	--	30	38550	卖盘
13:26:45	12.85	--	156	200460	卖盘
13:26:29	12.85	-0.01	5	6425	卖盘
13:26:19	12.86	0.01	3	3858	买盘
13:26:09	12.85	--	32	41120	卖盘
13:25:59	12.85	--	34	43690	卖盘
13:25:54	12.85	-0.01	20	25700	卖盘
13:25:34	12.86	--	131	168466	买盘
13:25:29	12.86	--	85	109310	买盘
13:25:24	12.86	--	30	38580	买盘
13:25:14	12.86	--	10	12860	买盘
13:25:09	12.86	-0.01	411	528546	卖盘
13:25:04	12.87	-0.01	30	38610	卖盘
13:24:29	12.88	-0.01	3	3864	买盘
13:24:19	12.89	0.02	18	23202	买盘
13:24:14	12.87	--	0	0	卖盘
13:24:09	12.87	-0.01	677	871685	卖盘
13:24:04	12.88	--	2	2576	卖盘
13:23:49	12.88	--	22	29237	卖盘
13:23:44	12.88	--	44	56672	卖盘
13:23:19	12.88	--	6	7728	卖盘
13:23:09	12.88	--	10	12880	卖盘
13:22:59	12.88	--	20	25760	卖盘
13:22:54	12.88	--	5	6440	卖盘
13:22:44	12.88	--	136	175168	卖盘
13:22:14	12.88	--	10	12880	卖盘
13:22:09	12.88	--	25	32200	卖盘
13:21:24	12.88	-0.01	15	19320	卖盘
13:21:19	12.89	0.01	30	38670	买盘
13:21:13	12.88	--	83	106904	卖盘
13:21:04	12.88	--	32	41216	卖盘
13:20:28	12.88	--	30	38640	卖盘
13:19:38	12.88	--	2	2576	卖盘
13:19:23	12.88	-0.01	35	45080	卖盘
13:18:33	12.89	--	31	39959	买盘
13:18:13	12.89	0.01	3	3867	买盘
13:18:08	12.88	-0.02	19	24472	卖盘
13:18:03	12.9	0.01	6	7740	买盘
13:17:38	12.89	--	3	3867	卖盘
13:17:28	12.89	0.01	40	51560	买盘
13:17:18	12.88	-0.01	5	6440	卖盘
13:17:08	12.89	--	21	27069	买盘
13:16:28	12.89	0.01	21	27069	买盘
13:15:58	12.88	--	35	45080	卖盘
13:15:48	12.88	--	0	0	卖盘
13:15:28	12.88	-0.01	20	25760	卖盘
13:15:23	12.89	0.01	18	23202	买盘
13:15:13	12.88	-0.01	100	128800	卖盘
13:15:08	12.89	--	52	67028	买盘
13:14:43	12.89	--	45	58005	买盘
13:14:28	12.89	--	10	12890	买盘
13:14:18	12.89	-0.01	15	19335	卖盘
13:13:52	12.9	0.01	30	38700	买盘
13:13:48	12.89	--	17	21913	买盘
13:13:27	12.89	--	20	25780	买盘
13:13:18	12.89	-0.01	134	172726	卖盘
13:13:12	12.9	--	10	12900	买盘
13:13:07	12.9	--	8	10320	买盘
13:12:42	12.9	--	5	6450	买盘
13:12:07	12.9	0.01	77	99330	买盘
13:11:47	12.89	--	1	1289	卖盘
13:11:37	12.89	0.01	219	282291	买盘
13:11:27	12.88	-0.01	36	46368	卖盘
13:10:47	12.89	0.01	2	2578	买盘
13:10:42	12.88	-0.01	5	6440	卖盘
13:10:17	12.89	0.01	5	6445	买盘
13:10:07	12.88	--	5	6440	卖盘
13:10:02	12.88	--	4	5152	买盘
13:09:52	12.88	--	5	6440	买盘
13:09:27	12.88	-0.01	8	10304	中性盘
13:09:22	12.89	--	30	38670	买盘
13:09:12	12.89	--	30	38670	买盘
13:09:07	12.89	--	0	0	买盘
13:08:47	12.89	0.01	5	6445	买盘
13:08:17	12.88	0.01	40	51520	卖盘
13:07:27	12.87	-0.01	206	265122	卖盘
13:07:22	12.88	--	4	5152	卖盘
13:07:17	12.88	--	8	10304	卖盘
13:06:57	12.88	0.01	10	12880	卖盘
13:06:52	12.87	-0.01	31	39897	卖盘
13:06:42	12.88	0.01	10	12880	买盘
13:06:16	12.87	--	0	0	卖盘
13:06:12	12.87	--	14	18018	买盘
13:06:01	12.87	--	2	2574	买盘
13:05:31	12.87	0.01	1	1287	买盘
13:05:16	12.86	-0.01	13	16718	卖盘
13:05:01	12.87	--	5	6435	买盘
13:04:31	12.87	--	10	12870	买盘
13:04:01	12.87	--	5	6435	买盘
13:03:51	12.87	--	5	6435	买盘
13:03:46	12.87	-0.01	17	21879	卖盘
13:02:56	12.88	0.01	10	12880	买盘
13:02:51	12.87	--	0	0	卖盘
13:02:41	12.87	--	0	0	卖盘
13:02:11	12.87	--	5	6435	卖盘
13:02:06	12.87	-0.01	40	51480	卖盘
13:02:01	12.88	--	5	6440	买盘
13:01:51	12.88	--	5	6440	买盘
13:01:36	12.88	-0.01	18	23184	卖盘
13:01:31	12.89	--	4	5156	买盘
13:01:26	12.89	--	20	25780	买盘
13:01:16	12.89	--	5	6445	买盘
13:01:11	12.89	--	10	12890	买盘
13:01:06	12.89	-0.01	25	32225	卖盘
13:01:01	12.9	--	5	6450	买盘
13:00:51	12.9	--	2	2580	买盘
13:00:46	12.9	0.01	12	15480	买盘
13:00:31	12.89	--	9	11601	卖盘
13:00:10	12.89	--	14	18046	卖盘
13:00:06	12.89	--	438	564582	买盘
11:30:00	12.89	--	0	0	买盘
11:29:59	12.89	--	0	0	买盘
11:29:59	12.89	--	50	64450	买盘
11:29:57	12.89	0.01	21	27069	买盘
11:29:37	12.88	--	0	0	中性盘
11:29:22	12.88	--	30	38640	卖盘
11:28:46	12.88	--	0	0	中性盘
11:28:42	12.88	--	0	0	中性盘
11:28:36	12.88	0.04	21	27048	买盘
11:28:32	12.84	-0.03	767	984828	卖盘
11:28:06	12.87	-0.01	25	32174	卖盘
11:27:36	12.88	--	20	25760	买盘
11:27:31	12.88	--	50	64400	买盘
11:27:16	12.88	--	1	1288	买盘
11:27:06	12.88	0.01	20	25760	买盘
11:26:51	12.87	--	39	50193	买盘
11:26:42	12.87	--	50	64349	买盘
11:26:36	12.87	-0.01	172	221364	卖盘
11:26:27	12.88	--	5	6440	买盘
11:26:06	12.88	--	38	48944	卖盘
11:25:51	12.88	--	9	11592	买盘
11:25:41	12.88	--	2	2576	买盘
11:25:36	12.88	0.01	13	16744	买盘
11:25:31	12.87	-0.01	120	154440	卖盘
11:25:16	12.88	--	40	51520	买盘
11:25:11	12.88	--	32	41216	买盘
11:25:06	12.88	--	100	128800	买盘
11:25:01	12.88	-0.01	114	146832	卖盘
11:24:56	12.89	--	110	141790	买盘
11:24:51	12.89	--	2	2578	买盘
11:24:46	12.89	0.01	350	451150	买盘
11:24:36	12.88	-0.01	91	117208	卖盘
11:24:26	12.89	0.01	60	77340	买盘
11:24:16	12.88	--	5	6440	卖盘
11:24:06	12.88	--	16	20608	卖盘
11:24:01	12.88	-0.01	4	5152	卖盘
11:23:51	12.89	--	12	15468	买盘
11:23:46	12.89	-0.01	4	5156	买盘
11:23:36	12.9	0.01	5	6450	买盘
11:23:31	12.89	-0.01	10	12890	买盘
11:23:26	12.9	--	13	16770	买盘
11:23:21	12.9	--	13	16770	买盘
11:23:16	12.9	0.01	11	14190	买盘
11:22:51	12.89	--	15	19335	买盘
11:22:45	12.89	--	10	12890	买盘
11:22:26	12.89	0.01	40	51560	买盘
11:22:15	12.88	--	5	6440	买盘
11:22:11	12.88	0.01	11	14168	买盘
11:22:00	12.87	--	203	261260	买盘
11:21:55	12.87	--	195	250964	买盘
11:21:40	12.87	--	103	132561	买盘
11:21:36	12.87	--	1	1287	买盘
11:21:30	12.87	--	15	19305	买盘
11:21:25	12.87	--	24	30887	买盘
11:21:10	12.87	--	2	2574	买盘
11:21:06	12.87	0.01	37	47619	买盘
11:21:00	12.86	-0.01	10	12860	卖盘
11:20:40	12.87	--	14	18018	买盘
11:20:30	12.87	--	3	3860	买盘
11:20:25	12.87	--	47	60488	买盘
11:20:15	12.87	--	15	19305	买盘
11:19:45	12.87	0.01	45	57915	买盘
11:19:36	12.86	-0.01	30	38580	卖盘
11:19:30	12.87	0.01	50	64349	买盘
11:19:10	12.86	-0.01	10	12860	卖盘
11:18:55	12.87	--	31	39897	买盘
11:18:45	12.87	--	10	12870	买盘
11:18:40	12.87	--	50	64349	买盘
11:18:15	12.87	--	250	321750	买盘
11:17:50	12.87	--	12	15443	买盘
11:17:30	12.87	0.01	11	14157	买盘
11:17:25	12.86	--	1	1286	卖盘
11:17:10	12.86	0.01	19	24434	买盘
11:17:00	12.85	--	122	156770	买盘
11:16:55	12.85	--	5	6425	买盘
11:16:40	12.85	--	69	88665	买盘
11:16:30	12.85	--	29	37265	买盘
11:16:15	12.85	0.01	77	98945	买盘
11:15:54	12.84	--	6	7704	卖盘
11:15:50	12.84	-0.01	4	5136	卖盘
11:15:35	12.85	--	5	6425	买盘
11:15:30	12.85	-0.02	227	291695	卖盘
11:14:39	12.87	--	70	90090	买盘
11:14:24	12.87	--	5	6435	买盘
11:14:19	12.87	--	2	2574	买盘
11:14:09	12.87	--	130	167310	买盘
11:14:04	12.87	0.02	13	16731	买盘
11:13:54	12.85	--	0	0	卖盘
11:13:49	12.85	-0.01	500	642500	卖盘
11:13:39	12.86	--	9	11574	买盘
11:13:34	12.86	--	1	1286	卖盘
11:13:30	12.86	-0.01	150	192900	卖盘
11:13:09	12.87	--	13	16731	买盘
11:12:54	12.87	--	5	6435	买盘
11:12:49	12.87	0.01	769	989702	买盘
11:12:39	12.86	-0.01	41	52726	卖盘
11:12:34	12.87	0.01	53	68211	买盘
11:12:09	12.86	--	12	15432	卖盘
11:12:04	12.86	-0.01	10	12860	卖盘
11:11:54	12.87	--	20	25740	买盘
11:11:49	12.87	--	10	12870	买盘
11:11:44	12.87	--	33	42471	买盘
11:11:39	12.87	--	39	50193	买盘
11:11:29	12.87	--	7	9009	买盘
11:11:24	12.87	--	5	6435	买盘
11:11:14	12.87	--	70	90090	买盘
11:11:04	12.87	0.01	1	1287	买盘
11:10:49	12.86	--	1	1286	卖盘
11:10:34	12.86	-0.01	114	146604	卖盘
11:10:24	12.87	--	100	128699	买盘
11:10:09	12.87	0.01	10	12870	买盘
11:09:59	12.86	--	1	1286	卖盘
11:09:54	12.86	--	3	3858	卖盘
11:09:49	12.86	0.01	5	6430	卖盘
11:09:34	12.85	--	0	0	卖盘
11:09:24	12.85	-0.02	35	44975	卖盘
11:09:13	12.87	0.02	90	115830	买盘
11:09:09	12.85	--	20	25700	卖盘
11:08:54	12.85	--	77	98945	买盘
11:08:48	12.85	--	80	102800	买盘
11:08:44	12.85	--	233	299405	买盘
11:08:33	12.85	--	100	128500	买盘
11:08:28	12.85	--	45	57825	买盘
11:08:24	12.85	--	1	1285	买盘
11:08:18	12.85	--	15	19275	买盘
11:08:13	12.85	--	250	321250	买盘
11:08:09	12.85	--	26	33410	买盘
11:08:03	12.85	0.01	30	38550	买盘
11:07:58	12.84	-0.01	7	8988	卖盘
11:07:48	12.85	0.01	1420	1824700	买盘
11:07:24	12.84	--	5	6420	卖盘
11:07:18	12.84	--	2	2568	卖盘
11:07:13	12.84	--	10	12840	卖盘
11:07:03	12.84	--	686	880824	卖盘
11:06:58	12.84	-0.01	5	6420	卖盘
11:06:54	12.85	0.01	10	12850	买盘
11:06:48	12.84	--	40	51360	卖盘
11:06:39	12.84	--	10	12840	卖盘
11:06:33	12.84	-0.01	8	10272	卖盘
11:06:24	12.85	0.01	2	2570	买盘
11:06:18	12.84	-0.01	2	2568	卖盘
11:05:58	12.85	--	100	128500	买盘
11:05:48	12.85	--	5	6425	买盘
11:05:43	12.85	--	62	79670	卖盘
11:05:39	12.85	-0.01	34	43690	卖盘
11:05:33	12.86	0.01	141	181326	买盘
11:05:18	12.85	-0.01	1	1285	卖盘
11:05:08	12.86	--	1	1286	买盘
11:04:58	12.86	0.01	130	167180	买盘
11:04:48	12.85	-0.01	2	2570	卖盘
11:04:18	12.86	--	3	3858	卖盘
11:04:13	12.86	0.01	3	3858	卖盘
11:04:03	12.85	-0.01	14	17990	卖盘
11:03:53	12.86	0.01	225	289350	买盘
11:03:48	12.85	--	20	25700	卖盘
11:03:38	12.85	-0.01	1	1285	卖盘
11:03:28	12.86	--	3	3858	买盘
11:03:23	12.86	--	53	68158	买盘
11:03:08	12.86	-0.01	13	16718	买盘
11:02:58	12.87	--	0	0	买盘
11:02:53	12.87	0.01	11	14157	买盘
11:02:43	12.86	0.01	140	180040	买盘
11:02:27	12.85	--	25	32125	买盘
11:02:08	12.85	0.02	60	77100	买盘
11:01:57	12.83	--	3	3849	卖盘
11:01:42	12.83	--	25	32075	买盘
11:01:37	12.83	--	23	29509	买盘
11:01:18	12.83	--	0	0	买盘
11:01:12	12.83	0.01	145	186035	买盘
11:01:07	12.82	--	16	20512	买盘
11:00:57	12.82	--	4	5128	买盘
11:00:52	12.82	--	38	48716	买盘
11:00:48	12.82	--	1	1282	买盘
11:00:42	12.82	--	30	38460	买盘
11:00:37	12.82	--	10	12820	买盘
11:00:33	12.82	-0.01	113	144866	卖盘
11:00:22	12.83	0.02	7	8981	买盘
11:00:12	12.81	--	0	0	卖盘
11:00:07	12.81	0.01	14	18510	买盘
10:59:57	12.8	-0.03	1180	1510400	卖盘
10:59:52	12.83	-0.01	22	28226	中性盘
10:59:48	12.84	0.03	5	6420	买盘
10:59:42	12.81	-0.03	1038	1329678	卖盘
10:59:37	12.84	--	21	26964	买盘
10:59:33	12.84	--	15	19260	买盘
10:59:27	12.84	0.01	50	64200	买盘
10:59:22	12.83	--	7	8981	卖盘
10:59:07	12.83	-0.01	11	14113	卖盘
10:59:03	12.84	--	5	6420	买盘
10:58:42	12.84	--	62	79608	买盘
10:58:37	12.84	-0.02	631	810204	卖盘
10:58:32	12.86	--	10	12860	卖盘
10:58:27	12.86	0.01	92	118312	买盘
10:58:22	12.85	-0.01	2	2570	卖盘
10:58:12	12.86	0.01	4	5144	买盘
10:58:07	12.85	-0.01	58	74530	卖盘
10:58:02	12.86	--	2	2572	买盘
10:57:57	12.86	--	20	25720	买盘
10:57:52	12.86	--	25	32150	买盘
10:57:47	12.86	--	1	1286	买盘
10:57:42	12.86	--	26	33436	买盘
10:57:32	12.86	--	50	64300	买盘
10:57:27	12.86	0.01	1	1286	买盘
10:57:22	12.85	-0.01	30	38550	卖盘
10:57:12	12.86	--	69	88734	买盘
10:57:07	12.86	--	207	266202	买盘
10:56:57	12.86	--	3	3858	买盘
10:56:52	12.86	--	10	12860	买盘
10:56:22	12.86	0.01	1016	1306576	买盘
10:56:12	12.85	-0.01	9	11565	卖盘
10:55:57	12.86	--	28	36008	买盘
10:55:47	12.86	0.01	6	7716	买盘
10:55:42	12.85	-0.01	21	26985	卖盘
10:55:36	12.86	--	3	3858	买盘
10:55:06	12.86	--	108	138888	买盘
10:54:46	12.86	0.01	26	33436	买盘
10:54:36	12.85	-0.01	45	57825	卖盘
10:54:31	12.86	0.01	11	14146	买盘
10:54:27	12.85	-0.01	2	2570	卖盘
10:54:21	12.86	0.01	22	28292	买盘
10:54:12	12.85	-0.01	500	642500	卖盘
10:54:06	12.86	--	25	32150	买盘
10:54:01	12.86	--	19	24434	买盘
10:53:57	12.86	--	10	12860	买盘
10:53:46	12.86	--	102	131172	买盘
10:53:36	12.86	--	117	150462	卖盘
10:53:31	12.86	--	7	9002	卖盘
10:53:21	12.86	--	24	30864	买盘
10:53:16	12.86	--	34	43724	卖盘
10:53:12	12.86	--	20	25720	买盘
10:53:06	12.86	--	6	7716	买盘
10:53:01	12.86	--	90	115740	买盘
10:52:57	12.86	--	6	7716	买盘
10:52:51	12.86	0.01	21	27006	买盘
10:52:46	12.85	-0.01	208	267280	卖盘
10:52:42	12.86	-0.01	95	122170	卖盘
10:52:36	12.87	0.01	5	6435	买盘
10:52:27	12.86	--	80	102880	卖盘
10:52:21	12.86	--	5	6430	卖盘
10:52:16	12.86	--	97	124742	卖盘
10:52:06	12.86	--	10	12860	卖盘
10:52:01	12.86	--	21	27006	卖盘
10:51:51	12.86	0.01	46	59156	买盘
10:51:46	12.85	--	2	2570	卖盘
10:51:36	12.85	-0.01	22	28270	卖盘
10:51:31	12.86	--	43	55298	买盘
10:51:26	12.86	--	5	6430	买盘
10:51:21	12.86	--	70	90020	买盘
10:51:16	12.86	--	8	10288	买盘
10:51:11	12.86	0.01	3	3858	买盘
10:51:01	12.85	--	50	64250	卖盘
10:50:56	12.85	--	30	38550	卖盘
10:50:36	12.85	--	62	79670	买盘
10:50:31	12.85	--	70	89950	买盘
10:50:21	12.85	--	30	38550	买盘
10:50:16	12.85	--	147	188895	买盘
10:50:11	12.85	--	2	2570	买盘
10:50:06	12.85	0.01	44	56540	买盘
10:50:01	12.84	-0.01	82	105288	卖盘
10:49:51	12.85	-0.02	701	900785	卖盘
10:49:46	12.87	--	40	51480	买盘
10:49:36	12.87	--	10	12870	买盘
10:49:31	12.87	0.01	33	42471	买盘
10:49:21	12.86	--	116	149176	卖盘
10:49:15	12.86	-0.01	8	10288	卖盘
10:49:11	12.87	0.01	10	12870	买盘
10:49:06	12.86	--	35	45010	卖盘
10:49:00	12.86	-0.01	3	3858	卖盘
10:48:56	12.87	--	15	19305	买盘
10:48:51	12.87	--	27	34749	买盘
10:48:45	12.87	0.01	10	12870	买盘
10:48:40	12.86	--	20	25720	卖盘
10:48:36	12.86	--	7	9002	卖盘
10:48:30	12.86	--	210	270060	卖盘
10:48:25	12.86	--	65	83590	卖盘
10:48:21	12.86	-0.01	65	83590	卖盘
10:48:15	12.87	--	37	47619	买盘
10:48:06	12.87	--	12	15443	卖盘
10:47:55	12.87	--	139	178893	卖盘
10:47:36	12.87	--	20	25740	卖盘
10:47:25	12.87	--	5	6435	卖盘
10:47:00	12.87	-0.01	143	184041	卖盘
10:46:40	12.88	0.01	2	2576	买盘
10:46:36	12.87	--	201	258686	卖盘
10:46:30	12.87	-0.01	30	38610	卖盘
10:46:21	12.88	0.01	10	12880	买盘
10:46:10	12.87	-0.01	9	11583	卖盘
10:46:06	12.88	--	20	25760	买盘
10:45:55	12.88	--	1	1288	买盘
10:45:45	12.88	--	10	12880	买盘
10:45:40	12.88	--	80	103040	买盘
10:45:35	12.88	0.01	19	24472	买盘
10:45:25	12.87	-0.01	16	20592	卖盘
10:45:20	12.88	0.01	9	11592	买盘
10:45:15	12.87	--	70	90090	卖盘
10:45:00	12.87	--	55	70785	卖盘
10:44:50	12.87	--	84	108108	卖盘
10:44:45	12.87	-0.01	15	19305	卖盘
10:44:25	12.88	0.01	16	20608	买盘
10:44:20	12.87	-0.01	40	51480	卖盘
10:44:15	12.88	0.01	12	15456	买盘
10:44:10	12.87	-0.01	1	1287	卖盘
10:43:55	12.88	--	3	3864	买盘
10:43:45	12.88	0.01	29	37352	买盘
10:43:40	12.87	-0.01	13	16731	卖盘
10:43:35	12.88	--	7	9016	买盘
10:43:24	12.88	0.01	100	128800	买盘
10:43:15	12.87	--	50	64349	卖盘
10:43:00	12.87	-0.01	39	50193	卖盘
10:42:45	12.88	0.01	100	128800	买盘
10:42:24	12.87	--	36	46332	卖盘
10:42:20	12.87	--	48	61775	卖盘
10:42:09	12.87	-0.01	40	51480	卖盘
10:42:05	12.88	0.01	128	164864	买盘
10:42:00	12.87	--	94	120977	买盘
10:41:54	12.87	--	10	12870	买盘
10:41:49	12.87	--	1	1287	买盘
10:41:45	12.87	0.01	2	2574	买盘
10:41:39	12.86	-0.01	46	59156	卖盘
10:41:24	12.87	--	13	16731	买盘
10:41:19	12.87	--	49	63062	买盘
10:41:09	12.87	--	127	163449	卖盘
10:41:04	12.87	--	9	11583	卖盘
10:40:54	12.87	-0.01	6	7721	卖盘
10:40:49	12.88	0.01	10	12880	买盘
10:40:30	12.87	--	19	24453	买盘
10:40:24	12.87	--	2	2574	买盘
10:40:19	12.87	--	20	25740	买盘
10:40:09	12.87	-0.01	7	9009	卖盘
10:40:04	12.88	0.02	100	128800	买盘
10:39:54	12.86	-0.01	77	99022	卖盘
10:39:49	12.87	--	6	7721	买盘
10:39:45	12.87	0.01	10	12870	买盘
10:39:34	12.86	--	161	207046	卖盘
10:39:24	12.86	--	45	57870	卖盘
10:39:09	12.86	-0.01	15	19290	卖盘
10:38:59	12.87	--	6	7721	买盘
10:38:54	12.87	--	14	18018	买盘
10:38:49	12.87	0.01	20	25740	买盘
10:38:44	12.86	--	10	12860	卖盘
10:38:39	12.86	-0.01	62	79732	卖盘
10:38:34	12.87	--	8	10296	买盘
10:38:29	12.87	-0.01	2	2574	中性盘
10:38:24	12.88	0.01	66	85008	买盘
10:38:19	12.87	-0.01	205	263835	卖盘
10:38:04	12.88	--	620	798560	卖盘
10:37:49	12.88	-0.01	17	21896	卖盘
10:37:44	12.89	--	2	2578	买盘
10:37:24	12.89	-0.01	215	277135	卖盘
10:37:19	12.9	0.01	9	11610	买盘
10:37:14	12.89	--	2	2578	卖盘
10:37:09	12.89	-0.01	10	12890	卖盘
10:36:49	12.9	--	3	3870	买盘
10:36:39	12.9	0.01	28	36120	中性盘
10:36:34	12.89	-0.02	10	12890	卖盘
10:36:24	12.91	--	21	27485	卖盘
10:36:14	12.91	0.02	279	361105	买盘
10:36:09	12.89	-0.01	5	6445	卖盘
10:35:48	12.9	--	33	42944	卖盘
10:35:44	12.9	--	56	73155	卖盘
10:35:33	12.9	--	13	16770	卖盘
10:35:18	12.9	--	8	10320	卖盘
10:35:03	12.9	--	10	12900	卖盘
10:34:58	12.9	-0.01	5	6450	卖盘
10:34:43	12.91	0.01	2	2582	买盘
10:34:33	12.9	-0.01	12	15480	卖盘
10:34:18	12.91	-0.01	30	38730	卖盘
10:33:58	12.92	0.01	1	1292	买盘
10:33:54	12.91	--	20	25820	卖盘
10:33:38	12.91	--	5	6455	卖盘
10:33:28	12.91	--	20	25820	卖盘
10:33:18	12.91	0.02	40	51640	买盘
10:33:03	12.89	--	20	25780	买盘
10:32:58	12.89	--	112	144368	买盘
10:32:54	12.89	--	47	60583	买盘
10:32:43	12.89	--	8	10312	买盘
10:32:33	12.89	0.01	33	42537	卖盘
10:32:28	12.88	--	0	0	卖盘
10:31:58	12.88	--	0	0	卖盘
10:31:33	12.88	-0.04	1543	1987384	卖盘
10:31:18	12.92	0.01	28	36176	买盘
10:31:13	12.91	--	5	6455	买盘
10:30:58	12.91	--	93	120063	卖盘
10:30:53	12.91	--	20	25820	卖盘
10:30:43	12.91	-0.01	8	10328	卖盘
10:30:33	12.92	--	7	9044	买盘
10:30:08	12.92	-0.01	224	289408	卖盘
10:30:03	12.93	0.01	10	12930	买盘
10:29:58	12.92	-0.01	110	142120	卖盘
10:29:33	12.93	--	28	36204	卖盘
10:28:42	12.93	--	15	19395	卖盘
10:28:37	12.93	--	1	1293	买盘
10:28:33	12.93	--	5	6465	买盘
10:28:12	12.93	--	30	38790	买盘
10:27:37	12.93	0.01	20	25860	买盘
10:26:52	12.92	-0.01	2	2584	卖盘
10:26:48	12.93	--	13	16809	买盘
10:26:37	12.93	0.01	5	6465	买盘
10:26:27	12.92	-0.01	1	1292	卖盘
10:26:22	12.93	0.01	2	2586	买盘
10:26:07	12.92	--	10	12920	卖盘
10:25:52	12.92	-0.01	15	19380	卖盘
10:25:42	12.93	0.01	28	36204	买盘
10:25:37	12.92	-0.01	30	38760	卖盘
10:25:12	12.93	--	50	64650	买盘
10:25:07	12.93	--	16	20688	卖盘
10:24:52	12.93	--	5	6465	卖盘
10:24:47	12.93	--	25	32325	卖盘
10:24:42	12.93	0.01	13	16809	买盘
10:24:37	12.92	-0.01	2	2584	卖盘
10:24:27	12.93	0.01	7	9051	买盘
10:24:12	12.92	-0.01	16	20672	卖盘
10:24:02	12.93	--	10	12930	买盘
10:23:57	12.93	--	100	129300	买盘
10:23:52	12.93	0.01	10	12930	买盘
10:23:27	12.92	0.01	21	27132	买盘
10:23:17	12.91	--	31	40021	买盘
10:23:06	12.91	--	20	25820	买盘
10:22:51	12.91	0.01	1	1291	买盘
10:22:36	12.9	-0.01	1	1290	卖盘
10:22:27	12.91	--	8	10328	卖盘
10:22:16	12.91	0.01	6	7746	买盘
10:22:06	12.9	--	3	3870	卖盘
10:22:01	12.9	--	9	11610	买盘
10:21:51	12.9	--	139	179310	买盘
10:21:46	12.9	--	15	19350	买盘
10:21:31	12.9	--	3	3870	买盘
10:21:21	12.9	--	6	7740	买盘
10:21:16	12.9	--	12	15480	买盘
10:21:06	12.9	0.01	10	12900	买盘
10:21:01	12.89	--	3	3867	卖盘
10:20:51	12.89	-0.01	1	1289	卖盘
10:20:46	12.9	--	34	43860	买盘
10:20:42	12.9	0.01	38	49020	买盘
10:20:36	12.89	-0.01	251	323539	卖盘
10:20:26	12.9	--	30	38700	买盘
10:20:21	12.9	--	22	28380	买盘
10:20:16	12.9	0.01	6	7740	买盘
10:20:11	12.89	--	264	340296	卖盘
10:20:06	12.89	--	40	51560	卖盘
10:20:01	12.89	-0.01	8	10312	卖盘
10:19:56	12.9	--	12	15480	买盘
10:19:41	12.9	0.01	5	6450	买盘
10:19:36	12.89	-0.01	27	34803	卖盘
10:19:31	12.9	0.01	10	12900	买盘
10:19:26	12.89	-0.01	2	2578	卖盘
10:19:21	12.9	-0.01	23	29670	卖盘
10:19:16	12.91	0.01	10	12910	买盘
10:19:11	12.9	--	1	1290	买盘
10:19:01	12.9	--	2	2580	买盘
10:18:56	12.9	--	8	10320	买盘
10:18:51	12.9	--	37	47730	买盘
10:18:46	12.9	0.01	528	681120	买盘
10:18:36	12.89	--	40	51560	卖盘
10:18:31	12.89	-0.01	26	33514	卖盘
10:18:26	12.9	0.01	10	12900	买盘
10:18:11	12.89	--	30	38670	卖盘
10:18:06	12.89	-0.01	48	61872	卖盘
10:18:01	12.9	--	4	5160	买盘
10:17:46	12.9	0.01	21	27090	买盘
10:17:36	12.89	--	100	128900	卖盘
10:17:11	12.89	--	5	6445	卖盘
10:17:01	12.89	--	4	5156	卖盘
10:16:51	12.89	--	20	25780	卖盘
10:16:46	12.89	--	2	2578	卖盘
10:16:36	12.89	-0.01	18	23202	卖盘
10:16:21	12.9	0.02	20	25800	买盘
10:16:15	12.88	-0.01	104	133952	卖盘
10:16:10	12.89	--	134	172726	卖盘
10:16:06	12.89	-0.01	80	103120	卖盘
10:15:56	12.9	--	20	25800	买盘
10:15:51	12.9	--	4	5160	买盘
10:15:45	12.9	--	80	103200	买盘
10:15:25	12.9	-0.01	55	70950	卖盘
10:15:00	12.91	--	10	12910	买盘
10:14:55	12.91	-0.01	97	125227	卖盘
10:14:45	12.92	0.01	108	139536	买盘
10:14:25	12.91	-0.01	60	77460	卖盘
10:14:10	12.92	--	0	0	买盘
10:14:00	12.92	0.01	190	245480	买盘
10:13:55	12.91	-0.01	148	191068	卖盘
10:13:40	12.92	--	24	31008	买盘
10:13:35	12.92	0.01	168	217056	买盘
10:13:10	12.91	--	7	9037	买盘
10:12:55	12.91	0.01	1	1291	卖盘
10:12:50	12.9	--	0	0	卖盘
10:12:40	12.9	-0.03	190	245100	卖盘
10:12:30	12.93	--	6	7758	买盘
10:12:15	12.93	0.03	90	116370	买盘
10:12:10	12.9	--	1	1290	卖盘
10:12:00	12.9	--	1	1290	买盘
10:11:55	12.9	--	29	37410	卖盘
10:11:45	12.9	--	24	30960	买盘
10:11:40	12.9	-0.01	105	135450	卖盘
10:11:35	12.91	--	105	135555	卖盘
10:11:25	12.91	--	1	1291	卖盘
10:11:15	12.91	--	1	1291	买盘
10:11:10	12.91	0.02	50	64550	买盘
10:11:05	12.89	-0.01	59	76051	卖盘
10:10:55	12.9	--	60	77400	卖盘
10:10:50	12.9	--	20	25800	卖盘
10:10:45	12.9	--	7	9030	卖盘
10:10:40	12.9	--	1	1290	卖盘
10:10:35	12.9	--	13	16770	买盘
10:10:30	12.9	0.01	49	63210	买盘
10:10:25	12.89	-0.01	14	18046	卖盘
10:10:20	12.9	--	25	32250	买盘
10:10:15	12.9	--	2	2580	买盘
10:10:10	12.9	0.01	63	81270	买盘
10:09:55	12.89	--	11	14179	买盘
10:09:45	12.89	--	46	59294	卖盘
10:09:39	12.89	--	59	76051	买盘
10:09:35	12.89	0.01	139	179171	买盘
10:09:30	12.88	-0.01	24	30912	卖盘
10:09:24	12.89	--	15	19335	买盘
10:09:19	12.89	--	25	32225	买盘
10:09:15	12.89	--	12	15468	卖盘
10:09:04	12.89	-0.01	59	76051	卖盘
10:09:00	12.9	0.01	16	20640	买盘
10:08:54	12.89	--	50	64450	卖盘
10:08:39	12.89	--	300	386700	卖盘
10:08:34	12.89	--	3	3867	卖盘
10:08:19	12.89	-0.01	10	12890	卖盘
10:08:09	12.9	0.01	35	45150	买盘
10:08:04	12.89	-0.01	37	47693	卖盘
10:07:45	12.9	--	92	118680	卖盘
10:07:39	12.9	--	15	19350	卖盘
10:07:19	12.9	-0.01	20	25800	卖盘
10:07:09	12.91	0.01	12	15492	买盘
10:07:04	12.9	-0.01	26	33540	卖盘
10:06:59	12.91	0.01	12	15492	买盘
10:06:54	12.9	--	15	19350	卖盘
10:06:49	12.9	--	1	1290	卖盘
10:06:39	12.9	-0.01	30	38700	卖盘
10:06:34	12.91	0.01	10	12910	买盘
10:06:29	12.9	--	10	12900	卖盘
10:06:24	12.9	--	43	55470	卖盘
10:06:14	12.9	--	30	38700	卖盘
10:06:09	12.9	--	45	58050	买盘
10:06:04	12.9	--	110	141900	买盘
10:05:59	12.9	--	47	60630	买盘
10:05:49	12.9	--	30	38700	买盘
10:05:34	12.9	0.01	57	73530	买盘
10:05:24	12.89	--	6	7734	卖盘
10:05:14	12.89	0.01	494	636907	买盘
10:05:09	12.88	--	56	72128	卖盘
10:05:04	12.88	--	214	275632	卖盘
10:04:59	12.88	--	26	33488	卖盘
10:04:54	12.88	-0.01	164	211232	卖盘
10:04:49	12.89	0.01	1	1289	买盘
10:04:44	12.88	--	110	141680	卖盘
10:04:39	12.88	-0.01	31	39928	卖盘
10:04:34	12.89	--	20	25780	买盘
10:04:29	12.89	--	179	230731	卖盘
10:04:24	12.89	-0.01	24	30936	卖盘
10:04:19	12.9	0.01	7	9030	买盘
10:04:14	12.89	--	30	38670	卖盘
10:04:09	12.89	--	123	158547	卖盘
10:04:04	12.89	-0.01	104	134056	卖盘
10:03:59	12.9	--	80	103200	买盘
10:03:54	12.9	--	32	41280	卖盘
10:03:49	12.9	--	353	455370	卖盘
10:03:34	12.9	-0.01	63	81270	卖盘
10:03:24	12.91	--	5	6455	买盘
10:03:14	12.91	--	1	1291	买盘
10:03:09	12.91	--	52	67132	卖盘
10:03:03	12.91	--	70	90370	卖盘
10:02:43	12.91	0.01	26	33566	卖盘
10:02:39	12.9	-0.01	400	516000	卖盘
10:02:33	12.91	--	47	60677	买盘
10:02:28	12.91	0.01	42	54222	买盘
10:02:24	12.9	-0.01	30	38700	卖盘
10:02:18	12.91	--	10	12910	买盘
10:02:13	12.91	--	23	29693	买盘
10:02:09	12.91	0.01	30	38730	买盘
10:02:03	12.9	--	11	14190	卖盘
10:01:58	12.9	-0.01	66	85140	卖盘
10:01:43	12.91	--	3	3873	买盘
10:01:39	12.91	--	10	12910	买盘
10:01:33	12.91	--	248	320168	卖盘
10:01:28	12.91	--	613	791383	卖盘
10:01:24	12.91	--	1	1291	卖盘
10:01:18	12.91	-0.01	90	116190	卖盘
10:01:13	12.92	0.01	34	43928	买盘
10:01:08	12.91	-0.01	2	2582	卖盘
10:00:48	12.92	-0.01	402	520533	卖盘
10:00:33	12.93	0.01	20	25860	买盘
10:00:28	12.92	-0.01	8	10336	卖盘
10:00:23	12.93	0.01	15	19395	卖盘
10:00:18	12.92	-0.01	6	7752	卖盘
10:00:08	12.93	0.01	10	12930	买盘
10:00:03	12.92	--	0	0	卖盘
09:59:58	12.92	--	12	15504	卖盘
09:59:53	12.92	--	0	0	卖盘
09:59:48	12.92	-0.02	322	416024	卖盘
09:59:43	12.94	0.01	18	23292	买盘
09:59:38	12.93	--	15	19395	卖盘
09:59:33	12.93	--	2	2586	卖盘
09:59:28	12.93	-0.01	6	7758	卖盘
09:59:18	12.94	--	38	49172	买盘
09:59:08	12.94	--	11	14234	卖盘
09:59:03	12.94	0.01	85	109990	买盘
09:58:58	12.93	-0.01	40	51720	卖盘
09:58:53	12.94	-0.01	20	25880	卖盘
09:58:33	12.95	--	12	15540	卖盘
09:58:18	12.95	0.01	18	23310	买盘
09:58:13	12.94	-0.01	14	18116	卖盘
09:58:03	12.95	0.01	23	29785	买盘
09:57:58	12.94	--	20	25880	卖盘
09:57:42	12.94	0.01	254	328676	买盘
09:57:38	12.93	--	31	40083	买盘
09:57:33	12.93	0.01	1	1293	买盘
09:57:28	12.92	-0.01	20	25840	卖盘
09:57:18	12.93	--	158	204294	卖盘
09:57:12	12.93	--	72	93096	买盘
09:57:08	12.93	--	20	25860	买盘
09:57:03	12.93	--	8	10344	买盘
09:56:52	12.93	--	21	27153	买盘
09:56:42	12.93	--	30	38790	买盘
09:56:37	12.93	-0.01	89	115077	卖盘
09:56:33	12.94	--	120	155280	买盘
09:56:22	12.94	0.01	4	5176	买盘
09:56:18	12.93	-0.01	12	15516	卖盘
09:56:07	12.94	--	20	25880	买盘
09:55:57	12.94	0.01	30	38820	买盘
09:54:52	12.93	--	50	64650	卖盘
09:54:37	12.93	0.01	10	12930	卖盘
09:54:17	12.92	--	0	0	卖盘
09:54:07	12.92	--	271	350274	卖盘
09:54:02	12.92	--	11	14212	卖盘
09:53:57	12.92	-0.01	112	144704	卖盘
09:53:52	12.93	--	2	2586	买盘
09:53:42	12.93	--	3	3879	买盘
09:53:37	12.93	-0.01	92	120106	卖盘
09:53:27	12.94	0.01	10	12940	买盘
09:53:22	12.93	--	20	25860	卖盘
09:53:17	12.93	--	16	20688	卖盘
09:53:12	12.93	--	137	177141	卖盘
09:52:57	12.93	-0.01	180	232740	卖盘
09:52:52	12.94	--	40	51760	买盘
09:52:47	12.94	-0.01	165	213510	卖盘
09:52:22	12.95	--	34	44030	卖盘
09:52:17	12.95	-0.01	50	64750	卖盘
09:51:57	12.96	--	30	38880	买盘
09:51:37	12.96	--	21	27216	卖盘
09:51:27	12.96	--	20	25920	卖盘
09:51:22	12.96	-0.01	6	7776	卖盘
09:51:17	12.97	--	37	47989	买盘
09:51:12	12.97	0.01	30	38910	买盘
09:51:02	12.96	-0.01	80	103680	卖盘
09:50:51	12.97	0.01	20	25940	买盘
09:50:16	12.96	-0.01	25	32400	卖盘
09:50:06	12.97	0.01	15	19455	买盘
09:50:01	12.96	--	4	5184	卖盘
09:49:51	12.96	-0.01	12	15552	卖盘
09:49:46	12.97	--	20	25940	买盘
09:49:21	12.97	--	283	367051	卖盘
09:49:16	12.97	--	113	146561	卖盘
09:49:11	12.97	--	15	19455	卖盘
09:49:06	12.97	--	26	33722	卖盘
09:49:01	12.97	--	3	3891	卖盘
09:48:56	12.97	--	400	518800	卖盘
09:48:46	12.97	0.01	20	25940	买盘
09:48:36	12.96	-0.01	5	6480	卖盘
09:48:26	12.97	--	0	0	买盘
09:48:21	12.97	0.01	111	143967	买盘
09:48:16	12.96	--	14	18144	卖盘
09:48:11	12.96	-0.01	12	15552	卖盘
09:48:06	12.97	0.01	40	51880	买盘
09:47:51	12.96	--	109	141264	买盘
09:47:46	12.96	--	21	27216	买盘
09:47:36	12.96	0.01	4	5184	买盘
09:47:16	12.95	0.01	117	151515	买盘
09:47:06	12.94	-0.01	10	12940	卖盘
09:47:01	12.95	0.01	38	49210	买盘
09:46:56	12.94	--	10	12940	卖盘
09:46:46	12.94	--	7	9058	卖盘
09:46:36	12.94	--	73	94462	卖盘
09:46:31	12.94	--	21	27174	卖盘
09:46:21	12.94	--	43	55784	买盘
09:46:11	12.94	--	31	40114	买盘
09:46:06	12.94	--	25	32350	买盘
09:46:01	12.94	--	16	20704	买盘
09:45:51	12.94	--	0	0	买盘
09:45:36	12.94	--	5	6470	买盘
09:45:16	12.94	0.02	52	67288	买盘
09:45:06	12.92	--	82	107093	卖盘
09:44:51	12.92	--	0	0	卖盘
09:44:45	12.92	--	71	91874	买盘
09:44:40	12.92	--	107	138244	买盘
09:44:36	12.92	--	40	51680	买盘
09:44:30	12.92	--	86	111112	买盘
09:44:25	12.92	0.01	12	15504	买盘
09:44:20	12.91	-0.01	50	64550	卖盘
09:44:15	12.92	--	11	14212	卖盘
09:44:10	12.92	--	160	206720	买盘
09:44:06	12.92	--	170	219640	卖盘
09:44:00	12.92	-0.01	15	19380	卖盘
09:43:55	12.93	--	42	54306	买盘
09:43:50	12.93	--	3	3879	买盘
09:43:45	12.93	--	14	18102	买盘
09:43:40	12.93	--	171	221103	买盘
09:43:30	12.93	--	12	15516	买盘
09:43:25	12.93	--	10	12930	买盘
09:43:15	12.93	--	1	1293	买盘
09:43:00	12.93	--	108	139644	卖盘
09:42:55	12.93	--	138	178434	卖盘
09:42:45	12.93	--	16	20688	卖盘
09:42:35	12.93	-0.01	50	64650	卖盘
09:42:30	12.94	--	16	20704	买盘
09:42:25	12.94	0.01	26	33644	买盘
09:42:10	12.93	--	88	113784	卖盘
09:42:00	12.93	-0.01	50	64650	卖盘
09:41:45	12.94	--	5	6470	买盘
09:41:40	12.94	--	56	72464	卖盘
09:41:20	12.94	-0.01	110	142340	卖盘
09:41:10	12.95	--	89	115255	卖盘
09:41:05	12.95	-0.01	46	59570	卖盘
09:40:55	12.96	--	10	12960	买盘
09:40:45	12.96	--	42	54432	卖盘
09:40:40	12.96	--	3	3888	卖盘
09:40:35	12.96	0.01	9	11664	买盘
09:40:30	12.95	-0.01	20	25900	卖盘
09:40:25	12.96	0.01	45	58320	买盘
09:40:10	12.95	-0.01	171	221445	卖盘
09:40:05	12.96	0.01	72	93312	买盘
09:40:00	12.95	-0.01	14	18130	卖盘
09:39:55	12.96	0.01	8	10368	买盘
09:39:50	12.95	-0.01	10	12950	卖盘
09:39:45	12.96	0.01	81	104976	买盘
09:39:40	12.95	--	7	9065	卖盘
09:39:35	12.95	-0.01	4	5180	卖盘
09:39:30	12.96	--	502	650592	买盘
09:39:25	12.96	-0.01	71	92016	卖盘
09:39:15	12.97	0.01	42	54474	买盘
09:39:10	12.96	--	24	31104	买盘
09:39:05	12.96	--	5	6480	买盘
09:39:00	12.96	--	8	10368	买盘
09:38:50	12.96	0.01	1	1296	买盘
09:38:45	12.95	--	260	336700	买盘
09:38:39	12.95	--	18	23310	买盘
09:38:30	12.95	--	3	3885	买盘
09:38:19	12.95	--	0	0	买盘
09:38:14	12.95	0.02	6	7770	买盘
09:38:09	12.93	--	8	10344	卖盘
09:38:04	12.93	-0.01	4	5172	卖盘
09:37:59	12.94	--	10	12940	卖盘
09:37:54	12.94	0.02	19	24586	买盘
09:37:49	12.92	-0.01	42	54264	卖盘
09:37:44	12.93	--	0	0	卖盘
09:37:39	12.93	0.01	71	91803	买盘
09:37:34	12.92	-0.01	31	40052	卖盘
09:37:24	12.93	0.01	8	10344	买盘
09:37:19	12.92	--	27	34884	卖盘
09:37:14	12.92	0.01	3	3876	卖盘
09:37:09	12.91	-0.01	65	83915	卖盘
09:37:04	12.92	0.01	6	7752	买盘
09:36:59	12.91	--	20	25820	卖盘
09:36:54	12.91	--	254	327914	买盘
09:36:49	12.91	--	56	72296	买盘
09:36:39	12.91	0.01	105	135555	买盘
09:36:34	12.9	--	115	148350	卖盘
09:36:29	12.9	-0.02	148	190920	卖盘
09:36:24	12.92	--	40	51680	买盘
09:36:19	12.92	0.02	71	91732	买盘
09:36:14	12.9	--	0	0	卖盘
09:36:09	12.9	-0.03	20	25800	卖盘
09:36:04	12.93	0.01	46	59478	买盘
09:35:59	12.92	-0.01	41	52972	卖盘
09:35:54	12.93	--	397	513321	买盘
09:35:49	12.93	--	17	21981	买盘
09:35:44	12.93	0.01	9	11637	买盘
09:35:39	12.92	-0.02	63	81396	卖盘
09:35:34	12.94	--	119	153986	买盘
09:35:29	12.94	0.01	1040	1345760	买盘
09:35:24	12.93	--	270	349110	卖盘
09:35:19	12.93	-0.02	600	775800	卖盘
09:35:14	12.95	--	29	37555	买盘
09:35:09	12.95	--	24	31080	卖盘
09:35:04	12.95	--	47	60865	买盘
09:34:59	12.95	--	2	2590	买盘
09:34:54	12.95	--	6	7770	买盘
09:34:49	12.95	0.01	34	44030	买盘
09:34:44	12.94	--	36	46584	卖盘
09:34:39	12.94	-0.01	129	166926	卖盘
09:34:34	12.95	--	86	111370	买盘
09:34:29	12.95	--	15	19425	买盘
09:34:24	12.95	--	64	82880	买盘
09:34:19	12.95	--	52	67340	买盘
09:34:14	12.95	--	11	14245	买盘
09:34:09	12.95	-0.03	25	32375	中性盘
09:34:04	12.98	0.03	61	79178	买盘
09:33:59	12.95	--	15	19425	买盘
09:33:54	12.95	--	35	45325	买盘
09:33:49	12.95	0.01	2	2590	买盘
09:33:44	12.94	-0.04	43	55642	卖盘
09:33:39	12.98	0.05	24	31152	买盘
09:33:34	12.93	--	0	0	卖盘
09:33:29	12.93	-0.02	300	387900	卖盘
09:33:24	12.95	-0.04	30	38850	卖盘
09:33:19	12.99	0.04	130	168870	买盘
09:33:03	12.95	--	60	77700	卖盘
09:32:54	12.95	0.01	74	95830	买盘
09:32:49	12.94	--	57	73758	买盘
09:32:44	12.94	-0.01	307	397258	卖盘
09:32:39	12.95	--	169	218855	买盘
09:32:33	12.95	0.01	75	97125	买盘
09:32:29	12.94	-0.01	12	15528	卖盘
09:32:24	12.95	--	3	3885	买盘
09:32:18	12.95	--	48	62160	买盘
09:32:13	12.95	--	45	58275	买盘
09:32:08	12.95	0.01	3	3885	买盘
09:32:03	12.94	-0.06	89	115166	卖盘
09:31:58	13.0	0.05	30	39000	买盘
09:31:53	12.95	0.01	20	25900	卖盘
09:31:48	12.94	--	0	0	卖盘
09:31:43	12.94	--	31	40114	卖盘
09:31:33	12.94	-0.01	33	42702	卖盘
09:31:28	12.95	0.02	28	36260	中性盘
09:31:23	12.93	--	0	0	卖盘
09:31:18	12.93	-0.01	121	156453	卖盘
09:31:13	12.94	--	5	6470	买盘
09:31:08	12.94	-0.01	60	77640	买盘
09:31:03	12.95	--	135	174825	卖盘
09:30:58	12.95	--	37	47915	买盘
09:30:48	12.95	--	42	54390	买盘
09:30:43	12.95	--	77	99715	买盘
09:30:38	12.95	--	28	36260	买盘
09:30:33	12.95	--	165	213675	卖盘
09:30:18	12.95	--	7	9065	卖盘
09:30:13	12.95	--	2	2590	卖盘
09:30:08	12.95	0.01	80	103600	买盘
09:30:03	12.94	-0.01	447	578418	卖盘
09:28:45	12.95	--	0	0	买盘
09:25:06	12.95	12.95	415	537425	买盘
