成交时间	成交价	价格变动	成交量(手)	成交额(元)	性质
15:00:00	5.23	-0.01	0	0	卖盘
15:00:00	5.24	--	8	4192	买盘
14:59:58	5.24	0.01	150	78600	买盘
14:59:52	5.23	--	67	35041	卖盘
14:59:48	5.23	--	10	5230	卖盘
14:59:43	5.23	--	269	140687	卖盘
14:59:37	5.23	--	131	68513	卖盘
14:59:33	5.23	--	143	74789	卖盘
14:59:28	5.23	--	40	20920	卖盘
14:59:22	5.23	--	196	102921	卖盘
14:59:18	5.23	--	50	26150	卖盘
14:59:12	5.23	--	305	159515	卖盘
14:59:07	5.23	-0.01	411	214953	卖盘
14:59:03	5.24	0.01	20	10480	买盘
14:58:57	5.23	--	100	52300	卖盘
14:58:52	5.23	--	5	2615	卖盘
14:58:42	5.23	--	179	93617	卖盘
14:58:37	5.23	--	977	511106	买盘
14:58:33	5.23	0.01	319	166837	买盘
14:58:27	5.22	-0.01	57	29754	卖盘
14:58:22	5.23	--	244	127612	买盘
14:58:18	5.23	0.01	52	27196	买盘
14:58:02	5.22	--	50	26100	卖盘
14:57:57	5.22	-0.01	260	135720	卖盘
14:57:52	5.23	--	10	5230	买盘
14:57:47	5.23	0.01	244	127612	买盘
14:57:42	5.22	-0.01	11	5742	卖盘
14:57:37	5.23	0.01	200	104600	买盘
14:57:32	5.22	--	78	40716	卖盘
14:57:17	5.22	-0.01	1	522	卖盘
14:57:12	5.23	0.01	21	10983	买盘
14:57:07	5.22	--	422	220284	卖盘
14:57:02	5.22	-0.01	368	192096	卖盘
14:56:57	5.23	--	510	266730	买盘
14:56:52	5.23	--	40	20920	买盘
14:56:47	5.23	--	497	259931	买盘
14:56:42	5.23	--	1	523	买盘
14:56:32	5.23	--	283	148009	买盘
14:56:22	5.23	--	99	51777	买盘
14:56:16	5.23	--	55	28765	买盘
14:56:07	5.23	0.01	213	111399	买盘
14:56:01	5.22	--	130	67860	卖盘
14:55:52	5.22	-0.01	10	5220	卖盘
14:55:42	5.23	0.01	10	5230	买盘
14:55:37	5.22	-0.01	10	5220	卖盘
14:55:31	5.23	0.01	16	8368	买盘
14:55:27	5.22	-0.01	1	522	卖盘
14:55:22	5.23	0.01	117	61191	买盘
14:55:16	5.22	--	7	3654	卖盘
14:55:12	5.22	-0.01	30	15660	卖盘
14:55:07	5.23	--	73	38179	买盘
14:55:01	5.23	0.01	180	94140	买盘
14:54:52	5.22	--	110	57420	卖盘
14:54:46	5.22	-0.01	20	10440	卖盘
14:54:37	5.23	--	20	10460	买盘
14:54:31	5.23	0.01	8	4184	买盘
14:54:27	5.22	-0.01	10	5220	卖盘
14:54:22	5.23	0.01	54	28242	买盘
14:54:16	5.22	--	55	28710	卖盘
14:54:12	5.22	--	67	34974	卖盘
14:54:07	5.22	-0.01	43	22446	卖盘
14:54:01	5.23	--	65	33995	买盘
14:53:46	5.23	--	20	10460	买盘
14:53:42	5.23	--	1	523	买盘
14:53:31	5.23	--	33	17259	买盘
14:53:22	5.23	0.01	30	15690	买盘
14:53:16	5.22	--	100	52200	卖盘
14:53:07	5.22	-0.01	12	6264	卖盘
14:53:01	5.23	--	20	10460	买盘
14:52:52	5.23	--	57	29811	买盘
14:52:42	5.23	--	61	31903	买盘
14:52:31	5.23	0.01	26	13598	买盘
14:52:27	5.22	-0.01	25	13050	卖盘
14:52:22	5.23	--	8	4184	买盘
14:52:07	5.23	--	10	5230	买盘
14:52:01	5.23	0.01	15	7845	买盘
14:51:57	5.22	-0.01	15	7830	卖盘
14:51:51	5.23	--	2	1046	买盘
14:51:46	5.23	--	44	23012	买盘
14:51:41	5.23	0.01	4	2092	买盘
14:51:36	5.22	-0.01	200	104400	卖盘
14:51:31	5.23	--	100	52300	买盘
14:51:21	5.23	--	9	4707	买盘
14:51:11	5.23	--	12	6276	买盘
14:50:56	5.23	--	48	25104	买盘
14:50:51	5.23	0.01	13	6799	买盘
14:50:36	5.22	-0.01	156	81432	卖盘
14:50:31	5.23	--	60	31380	买盘
14:50:26	5.23	0.01	30	15690	买盘
14:50:16	5.22	-0.01	764	398808	卖盘
14:50:11	5.23	0.01	19	9937	买盘
14:50:06	5.22	--	2	1044	卖盘
14:50:01	5.22	-0.01	439	229158	卖盘
14:49:51	5.23	0.01	49	25627	买盘
14:49:41	5.22	--	6	3132	卖盘
14:49:36	5.22	--	10	5220	卖盘
14:49:31	5.22	-0.01	20	10440	卖盘
14:49:25	5.23	--	319	166837	买盘
14:49:16	5.23	--	20	10460	买盘
14:49:10	5.23	0.01	11	5753	买盘
14:49:06	5.22	-0.01	146	76212	卖盘
14:49:01	5.23	--	4	2092	买盘
14:48:55	5.23	--	52	27196	买盘
14:48:50	5.23	0.01	2	1046	买盘
14:48:46	5.22	--	59	30798	卖盘
14:48:40	5.22	-0.01	33	17226	卖盘
14:48:35	5.23	--	5	2615	买盘
14:48:31	5.23	0.01	10	5230	买盘
14:48:25	5.22	-0.01	60	31320	卖盘
14:48:20	5.23	--	100	52300	买盘
14:48:16	5.23	--	2	1046	买盘
14:48:01	5.23	0.01	31	16213	买盘
14:47:54	5.22	-0.01	152	79344	卖盘
14:47:40	5.23	--	14	7322	买盘
14:47:31	5.23	--	20	10460	买盘
14:47:21	5.23	--	10	5230	买盘
14:47:16	5.23	--	41	21443	买盘
14:47:10	5.23	--	673	351979	买盘
14:47:01	5.23	0.01	155	81065	买盘
14:46:55	5.22	--	70	36540	卖盘
14:46:51	5.22	--	2	1044	卖盘
14:46:46	5.22	--	4	2088	卖盘
14:46:40	5.22	-0.01	5	2610	卖盘
14:46:36	5.23	0.01	9	4707	买盘
14:46:25	5.22	--	61	31842	卖盘
14:46:10	5.22	--	20	10440	卖盘
14:46:01	5.22	--	5	2610	卖盘
14:45:25	5.22	-0.01	9	4698	卖盘
14:45:21	5.23	0.01	20	10460	买盘
14:45:16	5.22	--	118	61596	卖盘
14:45:10	5.22	--	50	26100	卖盘
14:45:06	5.22	--	65	33930	卖盘
14:45:00	5.22	--	3	1566	卖盘
14:44:45	5.22	-0.01	10	5220	卖盘
14:44:40	5.23	0.01	50	26150	买盘
14:44:35	5.22	--	100	52200	卖盘
14:44:25	5.22	--	5	2610	卖盘
14:44:20	5.22	--	15	7830	卖盘
14:44:10	5.22	--	630	328860	卖盘
14:44:00	5.22	--	10	5220	卖盘
14:43:50	5.22	--	7	3654	卖盘
14:43:25	5.22	--	43	22446	卖盘
14:43:20	5.22	-0.01	134	69948	卖盘
14:43:10	5.23	0.01	4	2092	买盘
14:42:55	5.22	--	30	15660	卖盘
14:42:50	5.22	--	11	5742	卖盘
14:42:45	5.22	--	3	1566	卖盘
14:42:40	5.22	--	900	469800	买盘
14:42:34	5.22	--	200	104400	买盘
14:42:25	5.22	--	1	522	买盘
14:42:19	5.22	0.01	213	111186	买盘
14:42:10	5.21	-0.01	12	6252	卖盘
14:42:04	5.22	0.01	133	69426	买盘
14:41:55	5.21	--	13	6773	卖盘
14:41:40	5.21	--	10	5210	卖盘
14:41:30	5.21	--	123	64083	卖盘
14:41:19	5.21	-0.01	18	9378	卖盘
14:41:10	5.22	0.01	21	10962	买盘
14:41:04	5.21	--	35	18235	卖盘
14:40:49	5.21	--	19	9899	卖盘
14:40:25	5.21	--	22	11462	卖盘
14:40:10	5.21	--	10	5210	卖盘
14:40:04	5.21	--	10	5210	卖盘
14:40:00	5.21	-0.01	30	15630	卖盘
14:39:49	5.22	--	70	36540	买盘
14:39:40	5.22	0.01	90	46980	中性盘
14:39:34	5.21	-0.01	231	120351	卖盘
14:39:29	5.22	--	504	263088	卖盘
14:39:25	5.22	--	179	93438	卖盘
14:39:10	5.22	--	161	84042	卖盘
14:39:03	5.22	--	114	59508	卖盘
14:39:00	5.22	--	20	10440	卖盘
14:38:55	5.22	--	13	6786	卖盘
14:38:49	5.22	--	410	214020	卖盘
14:38:45	5.22	--	26	13572	卖盘
14:38:40	5.22	-0.01	202	105444	卖盘
14:38:03	5.23	--	303	158578	卖盘
14:37:59	5.23	--	163	85249	卖盘
14:37:54	5.23	--	23	12029	卖盘
14:37:49	5.23	--	177	92571	卖盘
14:37:44	5.23	--	495	258885	卖盘
14:37:39	5.23	--	60	31380	卖盘
14:37:34	5.23	--	11	5753	卖盘
14:37:29	5.23	--	56	29288	卖盘
14:37:19	5.23	-0.01	703	367669	卖盘
14:37:14	5.24	0.01	203	106372	买盘
14:36:59	5.23	--	42	21966	卖盘
14:36:54	5.23	--	310	162130	卖盘
14:36:49	5.23	--	110	57530	卖盘
14:36:44	5.23	-0.01	21	10983	卖盘
14:36:39	5.24	--	200	104800	买盘
14:36:34	5.24	--	935	489940	买盘
14:36:29	5.24	0.01	887	464788	买盘
14:36:19	5.23	--	133	69559	卖盘
14:36:14	5.23	--	55	28765	卖盘
14:36:04	5.23	-0.01	10	5230	卖盘
14:35:49	5.24	0.01	17	8908	买盘
14:35:39	5.23	--	8	4184	卖盘
14:35:34	5.23	-0.01	2	1046	卖盘
14:35:28	5.24	0.01	224	117376	买盘
14:35:24	5.23	--	5	2615	卖盘
14:35:19	5.23	--	412	215476	卖盘
14:35:13	5.23	--	5	2615	卖盘
14:35:08	5.23	-0.01	10	5230	卖盘
14:35:04	5.24	0.01	32	16768	买盘
14:34:49	5.23	-0.01	27	14121	卖盘
14:34:34	5.24	--	133	69692	买盘
14:34:28	5.24	--	40	20960	买盘
14:34:13	5.24	--	113	59212	买盘
14:34:04	5.24	--	28	14672	买盘
14:33:58	5.24	--	579	303396	买盘
14:33:54	5.24	--	158	82792	买盘
14:33:49	5.24	--	17	8908	买盘
14:33:43	5.24	--	23	12052	买盘
14:33:33	5.24	--	56	29344	买盘
14:33:19	5.24	0.01	28	14672	买盘
14:33:13	5.23	-0.01	25	13075	卖盘
14:33:04	5.24	--	391	204884	买盘
14:32:58	5.24	--	50	26200	买盘
14:32:43	5.24	0.01	36	18864	买盘
14:32:34	5.23	--	4	2092	卖盘
14:32:18	5.23	-0.01	29	15167	卖盘
14:32:09	5.24	--	13	6812	买盘
14:32:04	5.24	0.01	38	19912	买盘
14:31:58	5.23	--	30	15690	卖盘
14:31:53	5.23	-0.01	1	523	卖盘
14:31:48	5.24	--	402	210648	买盘
14:31:43	5.24	--	38	19912	买盘
14:31:38	5.24	0.01	122	63928	买盘
14:31:28	5.23	-0.01	72	37656	卖盘
14:31:23	5.24	--	342	179208	买盘
14:31:18	5.24	--	409	214316	买盘
14:31:08	5.24	0.01	389	204249	买盘
14:31:03	5.23	-0.01	20	10460	卖盘
14:30:58	5.24	--	242	126808	买盘
14:30:43	5.24	0.01	50	26200	买盘
14:30:38	5.23	-0.01	231	120813	卖盘
14:30:33	5.24	0.01	1	524	买盘
14:30:23	5.23	-0.01	140	73220	卖盘
14:30:18	5.24	0.01	18	9432	买盘
14:30:13	5.23	--	70	36610	卖盘
14:30:08	5.23	--	10	5230	卖盘
14:29:58	5.23	--	4	2092	卖盘
14:29:53	5.23	--	14	7322	买盘
14:29:48	5.23	--	17	8891	买盘
14:29:43	5.23	--	20	10460	卖盘
14:29:38	5.23	--	34	17782	卖盘
14:29:32	5.23	--	152	79496	卖盘
14:29:27	5.23	--	20	10460	卖盘
14:29:22	5.23	-0.01	51	26673	卖盘
14:29:13	5.24	0.01	38	19912	买盘
14:29:07	5.23	--	70	36610	卖盘
14:29:03	5.23	--	30	15690	卖盘
14:28:58	5.23	--	95	49685	卖盘
14:28:47	5.23	-0.01	85	44455	卖盘
14:28:43	5.24	0.01	92	48208	买盘
14:28:37	5.23	--	45	23535	卖盘
14:28:33	5.23	--	23	12029	卖盘
14:28:27	5.23	--	20	10460	卖盘
14:28:17	5.23	-0.01	5	2615	卖盘
14:28:13	5.24	0.01	48	25152	买盘
14:27:57	5.23	-0.01	5	2615	中性盘
14:27:52	5.24	0.01	114	59736	买盘
14:27:43	5.23	--	17	8891	买盘
14:27:36	5.23	--	15	7845	卖盘
14:27:32	5.23	-0.01	11	5753	中性盘
14:27:28	5.24	--	1	524	买盘
14:27:22	5.24	0.01	1545	809580	买盘
14:27:17	5.23	--	40	20920	卖盘
14:27:13	5.23	--	388	202924	卖盘
14:27:03	5.23	-0.01	18	9414	卖盘
14:26:57	5.24	--	20	10480	买盘
14:26:43	5.24	--	103	53972	买盘
14:26:28	5.24	--	336	176064	卖盘
14:26:22	5.24	--	30	15720	卖盘
14:26:18	5.24	-0.01	5	2620	中性盘
14:26:12	5.25	0.01	80	42000	买盘
14:26:06	5.24	--	463	242612	买盘
14:26:02	5.24	--	87	45588	卖盘
14:25:57	5.24	--	59	30916	卖盘
14:25:51	5.24	--	186	97464	卖盘
14:25:48	5.24	--	270	141480	卖盘
14:25:43	5.24	--	32	16768	卖盘
14:25:37	5.24	--	10	5240	卖盘
14:25:32	5.24	-0.01	76	39824	卖盘
14:25:28	5.25	0.01	286	150150	买盘
14:25:21	5.24	-0.01	260	136240	卖盘
14:25:17	5.25	0.01	84	44100	买盘
14:25:13	5.24	-0.01	696	364704	卖盘
14:25:06	5.25	--	466	244650	买盘
14:25:03	5.25	--	223	117075	买盘
14:24:58	5.25	--	255	133875	买盘
14:24:52	5.25	--	198	103950	买盘
14:24:47	5.25	--	129	67725	买盘
14:24:42	5.25	--	222	116550	买盘
14:24:37	5.25	--	430	225802	卖盘
14:24:32	5.25	--	478	250950	卖盘
14:24:27	5.25	--	69	36225	卖盘
14:24:22	5.25	--	330	173250	卖盘
14:24:17	5.25	--	505	265125	卖盘
14:24:12	5.25	--	1135	596347	买盘
14:24:06	5.25	--	152	79800	买盘
14:24:02	5.25	--	2341	1229025	买盘
14:23:57	5.25	--	29	15225	买盘
14:23:51	5.25	--	134	70350	买盘
14:23:47	5.25	0.01	317	166425	买盘
14:23:42	5.24	-0.01	140	73360	卖盘
14:23:37	5.25	--	1334	700350	买盘
14:23:32	5.25	0.01	615	322875	买盘
14:23:27	5.24	--	111	58164	卖盘
14:23:21	5.24	--	240	125760	卖盘
14:23:17	5.24	--	718	376232	卖盘
14:23:12	5.24	-0.01	40	20960	买盘
14:23:06	5.25	0.02	1014	532350	买盘
14:23:02	5.23	-0.01	11	5753	卖盘
14:22:57	5.24	--	268	140432	买盘
14:22:51	5.24	--	298	156152	买盘
14:22:47	5.24	--	492	258111	卖盘
14:22:41	5.24	--	38	19912	卖盘
14:22:37	5.24	--	851	446144	买盘
14:22:30	5.24	--	121	63404	买盘
14:22:26	5.24	0.01	30	15720	买盘
14:22:22	5.23	-0.01	1324	692452	卖盘
14:22:16	5.24	0.01	77	40348	买盘
14:22:11	5.23	-0.01	131	68513	卖盘
14:22:06	5.24	--	68	35632	买盘
14:22:00	5.24	--	558	292392	买盘
14:21:56	5.24	0.01	50	26200	买盘
14:21:51	5.23	-0.01	304	158992	卖盘
14:21:45	5.24	--	180	94320	买盘
14:21:41	5.24	0.01	17	8908	买盘
14:21:37	5.23	--	523	273529	买盘
14:21:30	5.23	--	265	138595	买盘
14:21:26	5.23	--	33	17259	买盘
14:21:16	5.23	--	2014	1053322	买盘
14:21:11	5.23	--	29	15167	买盘
14:21:07	5.23	0.01	21	10983	买盘
14:20:45	5.22	--	908	473976	买盘
14:20:37	5.22	--	7028	3668616	买盘
14:20:31	5.22	--	25	13050	买盘
14:20:21	5.22	--	1	522	买盘
14:20:11	5.22	0.01	17	8874	买盘
14:20:00	5.21	--	18	9378	卖盘
14:19:45	5.21	-0.01	19	9899	卖盘
14:19:41	5.22	0.02	7	3654	买盘
14:19:26	5.2	--	0	0	卖盘
14:19:21	5.2	-0.01	10	5200	卖盘
14:19:15	5.21	0.01	402	209442	买盘
14:19:11	5.2	--	52	27040	卖盘
14:19:06	5.2	-0.01	101	52520	卖盘
14:19:00	5.21	--	22	11462	买盘
14:18:56	5.21	--	20	10420	买盘
14:18:51	5.21	--	60	31260	买盘
14:18:45	5.21	--	28	14588	买盘
14:18:36	5.21	--	44	22924	卖盘
14:18:30	5.21	-0.01	26	13546	卖盘
14:18:21	5.22	--	6	3132	买盘
14:18:11	5.22	0.01	17	8874	买盘
14:18:00	5.21	0.01	475	247475	买盘
14:17:46	5.2	-0.01	4	2080	卖盘
14:17:41	5.21	0.01	44	22924	买盘
14:17:30	5.2	--	60	31200	卖盘
14:17:26	5.2	-0.01	26	13520	卖盘
14:17:15	5.21	--	30	15630	买盘
14:17:11	5.21	--	68	35428	买盘
14:17:06	5.21	--	40	20840	买盘
14:16:45	5.21	--	35	18235	买盘
14:16:41	5.21	--	18	9378	买盘
14:16:26	5.21	--	100	52100	买盘
14:16:11	5.21	--	17	8857	买盘
14:16:06	5.21	--	5	2605	买盘
14:16:00	5.21	--	106	55226	买盘
14:15:56	5.21	--	1	521	买盘
14:15:45	5.21	--	18	9378	买盘
14:15:39	5.21	--	100	52100	买盘
14:15:20	5.21	--	10	5210	买盘
14:15:15	5.21	--	18	9378	买盘
14:15:09	5.21	--	32	16672	买盘
14:15:05	5.21	--	13	6773	卖盘
14:15:01	5.21	--	37	19277	买盘
14:14:50	5.21	--	24	12504	买盘
14:14:45	5.21	-0.01	30	15630	卖盘
14:14:39	5.22	0.01	38	19836	买盘
14:14:30	5.21	--	10	5210	卖盘
14:14:24	5.21	--	16	8336	卖盘
14:14:20	5.21	--	1	521	卖盘
14:14:09	5.21	-0.01	25	13025	卖盘
14:14:00	5.22	0.01	50	26100	买盘
14:13:54	5.21	-0.01	32	16672	卖盘
14:13:45	5.22	0.01	18	9396	买盘
14:13:39	5.21	-0.01	50	26050	卖盘
14:13:30	5.22	0.01	120	62640	买盘
14:13:20	5.21	-0.01	1	521	卖盘
14:13:09	5.22	0.01	78	40716	买盘
14:13:00	5.21	--	40	20840	卖盘
14:12:54	5.21	--	15	7815	卖盘
14:12:45	5.21	--	18	9378	买盘
14:12:39	5.21	--	38	19798	买盘
14:12:35	5.21	--	30	15630	买盘
14:12:24	5.21	0.01	974	507454	买盘
14:12:20	5.2	-0.01	3	1560	卖盘
14:12:09	5.21	--	22	11462	买盘
14:12:05	5.21	--	2	1042	买盘
14:12:00	5.21	--	10	5210	买盘
14:11:54	5.21	--	19	9899	买盘
14:11:45	5.21	0.01	59	30739	买盘
14:11:39	5.2	-0.01	124	64480	卖盘
14:11:35	5.21	--	1	521	买盘
14:11:30	5.21	--	6	3126	买盘
14:11:24	5.21	--	575	299575	买盘
14:11:09	5.21	--	18	9378	买盘
14:10:54	5.21	--	87	45327	买盘
14:10:39	5.21	0.01	18	9378	买盘
14:10:35	5.2	--	30	15600	卖盘
14:10:15	5.2	-0.01	6	3120	卖盘
14:10:09	5.21	--	487	253727	买盘
14:10:05	5.21	--	5	2605	买盘
14:10:00	5.21	--	4	2084	买盘
14:09:54	5.21	--	10	5210	买盘
14:09:50	5.21	--	313	163073	买盘
14:09:45	5.21	-0.01	38	19798	卖盘
14:09:39	5.22	0.01	18	9396	买盘
14:09:35	5.21	--	17	8857	买盘
14:09:24	5.21	--	1	521	卖盘
14:09:20	5.21	-0.01	40	20840	卖盘
14:09:09	5.22	0.01	18	9396	买盘
14:09:00	5.21	-0.01	30	15630	卖盘
14:08:54	5.22	0.01	1	522	买盘
14:08:48	5.21	-0.01	10	5210	卖盘
14:08:39	5.22	0.01	18	9396	买盘
14:08:33	5.21	--	20	10420	卖盘
14:08:18	5.21	--	5	2605	买盘
14:08:09	5.21	--	143	74503	卖盘
14:07:48	5.21	--	30	15630	卖盘
14:07:39	5.21	-0.01	23	11983	卖盘
14:07:29	5.22	0.01	5	2610	买盘
14:07:24	5.21	-0.01	42	21882	卖盘
14:07:09	5.22	0.01	122	63684	买盘
14:07:03	5.21	--	109	56789	卖盘
14:06:54	5.21	--	10	5210	卖盘
14:06:48	5.21	--	61	31781	卖盘
14:06:44	5.21	-0.01	20	10420	卖盘
14:06:39	5.22	0.01	140	73080	买盘
14:06:24	5.21	--	220	114620	卖盘
14:06:18	5.21	-0.01	50	26050	卖盘
14:06:09	5.22	0.01	38	19836	买盘
14:06:03	5.21	--	400	208400	卖盘
14:05:59	5.21	-0.01	405	211005	卖盘
14:05:54	5.22	0.01	5	2610	买盘
14:05:48	5.21	--	90	46890	卖盘
14:05:44	5.21	-0.01	10	5210	卖盘
14:05:39	5.22	0.01	18	9396	买盘
14:05:24	5.21	--	5	2605	卖盘
14:05:18	5.21	--	979	510059	买盘
14:05:09	5.21	--	20	10420	买盘
14:05:03	5.21	--	250	130250	买盘
14:04:48	5.21	--	115	59915	买盘
14:04:29	5.21	--	936	487656	卖盘
14:04:24	5.21	--	236	122956	卖盘
14:04:18	5.21	--	60	31260	卖盘
14:04:03	5.21	--	230	119830	卖盘
14:03:59	5.21	--	311	162031	卖盘
14:03:33	5.21	--	1663	866423	卖盘
14:03:29	5.21	--	19	9899	卖盘
14:03:18	5.21	--	100	52100	卖盘
14:03:03	5.21	-0.01	54	28134	卖盘
14:02:59	5.22	0.01	8	4176	买盘
14:02:44	5.21	--	15	7815	卖盘
14:02:29	5.21	--	74	38554	卖盘
14:02:18	5.21	--	50	26050	卖盘
14:02:14	5.21	--	3	1563	卖盘
14:02:09	5.21	--	45	23445	卖盘
14:01:57	5.21	--	70	36470	卖盘
14:01:48	5.21	--	16	8336	卖盘
14:01:42	5.21	-0.01	1	521	卖盘
14:01:23	5.22	0.01	244	127368	买盘
14:01:03	5.21	--	70	36470	卖盘
14:00:53	5.21	--	22	11462	卖盘
14:00:48	5.21	-0.01	5	2605	卖盘
14:00:18	5.22	0.01	80	41760	买盘
14:00:12	5.21	-0.01	10	5210	卖盘
13:59:48	5.22	0.01	200	104400	买盘
13:59:38	5.21	--	50	26050	卖盘
13:59:27	5.21	--	8	4168	卖盘
13:59:03	5.21	--	4	2084	卖盘
13:58:48	5.21	--	20	10420	卖盘
13:58:27	5.21	--	10	5210	卖盘
13:58:12	5.21	-0.01	12	6252	卖盘
13:57:57	5.22	0.01	13	6786	买盘
13:57:48	5.21	--	321	167241	卖盘
13:57:27	5.21	--	12	6252	卖盘
13:57:23	5.21	-0.01	16	8336	卖盘
13:57:18	5.22	0.01	3	1566	买盘
13:57:08	5.21	--	100	52100	卖盘
13:56:53	5.21	--	15	7815	卖盘
13:56:42	5.21	--	24	12504	卖盘
13:56:38	5.21	--	137	71377	买盘
13:56:23	5.21	--	352	183392	卖盘
13:55:42	5.21	-0.01	76	39596	卖盘
13:55:33	5.22	--	0	0	买盘
13:55:27	5.22	0.02	94	49068	买盘
13:55:21	5.2	--	46	23920	卖盘
13:55:12	5.2	--	16	8320	卖盘
13:55:06	5.2	-0.01	1	520	卖盘
13:55:02	5.21	-0.01	193	100553	卖盘
13:54:57	5.22	--	128	66816	买盘
13:54:51	5.22	0.01	22	11484	买盘
13:54:36	5.21	--	207	107847	卖盘
13:54:32	5.21	--	11	5731	卖盘
13:54:27	5.21	--	62	32302	卖盘
13:54:21	5.21	--	7	3647	买盘
13:54:12	5.21	--	13	6773	卖盘
13:54:06	5.21	--	37	19277	买盘
13:54:02	5.21	--	2	1042	买盘
13:53:57	5.21	0.01	3	1563	买盘
13:53:51	5.2	-0.01	121	62920	卖盘
13:53:36	5.21	--	12	6252	买盘
13:53:27	5.21	--	1163	605923	买盘
13:53:21	5.21	0.01	54	28134	买盘
13:52:47	5.2	-0.01	1	520	卖盘
13:52:42	5.21	--	20	10420	买盘
13:52:36	5.21	--	30	15630	买盘
13:52:27	5.21	0.01	3	1563	买盘
13:52:12	5.2	-0.01	5	2600	卖盘
13:52:06	5.21	0.01	140	72940	买盘
13:51:51	5.2	-0.01	2	1040	卖盘
13:51:36	5.21	--	40	20840	买盘
13:51:27	5.21	--	228	118788	买盘
13:51:21	5.21	--	69	35949	买盘
13:51:12	5.21	--	55	28655	买盘
13:51:06	5.21	0.01	20	10420	买盘
13:51:02	5.2	--	350	182000	卖盘
13:50:47	5.2	--	86	44720	卖盘
13:50:42	5.2	-0.01	5	2600	卖盘
13:50:32	5.21	--	167	87007	买盘
13:50:17	5.21	--	5	2605	买盘
13:50:06	5.21	--	71	36991	买盘
13:49:36	5.21	0.01	562	292802	买盘
13:49:27	5.2	--	17	8840	卖盘
13:48:51	5.2	-0.01	100	52000	卖盘
13:48:36	5.21	0.01	61	31781	买盘
13:48:30	5.2	--	30	15600	卖盘
13:48:11	5.2	--	205	106600	卖盘
13:48:06	5.2	--	24	12480	卖盘
13:47:51	5.2	--	25	13000	卖盘
13:47:45	5.2	--	101	52520	卖盘
13:47:36	5.2	--	282	146640	卖盘
13:47:06	5.2	--	29	15080	卖盘
13:46:56	5.2	-0.01	20	10400	卖盘
13:46:30	5.21	0.01	1	521	买盘
13:46:26	5.2	-0.01	14	7280	卖盘
13:46:06	5.21	0.01	700	364700	买盘
13:45:51	5.2	--	11	5720	卖盘
13:45:45	5.2	--	1	520	卖盘
13:45:11	5.2	--	100	52000	卖盘
13:45:06	5.2	--	68	35360	卖盘
13:45:00	5.2	--	30	15600	卖盘
13:44:51	5.2	-0.01	300	156000	卖盘
13:44:45	5.21	0.01	21	10941	买盘
13:43:56	5.2	--	20	10400	卖盘
13:43:36	5.2	-0.01	1	520	卖盘
13:42:45	5.21	0.01	10	5210	买盘
13:42:36	5.2	--	10	5200	卖盘
13:42:15	5.2	--	35	18200	卖盘
13:42:11	5.2	-0.01	89	46280	卖盘
13:42:00	5.21	--	147	76587	买盘
13:41:24	5.21	--	10	5210	买盘
13:40:50	5.21	--	27	14067	卖盘
13:40:45	5.21	--	81	42201	卖盘
13:40:39	5.21	--	58	30218	卖盘
13:40:35	5.21	-0.01	20	10420	卖盘
13:40:30	5.22	0.01	15	7830	买盘
13:40:20	5.21	--	50	26050	卖盘
13:40:15	5.21	--	28	14588	卖盘
13:40:09	5.21	--	40	20840	卖盘
13:40:00	5.21	--	30	15630	卖盘
13:39:54	5.21	0.01	94	48974	买盘
13:39:45	5.2	-0.01	77	40040	卖盘
13:39:39	5.21	0.01	425	221425	买盘
13:39:30	5.2	--	200	104000	卖盘
13:39:24	5.2	-0.01	20	10400	卖盘
13:39:15	5.21	--	20	10420	买盘
13:39:09	5.21	--	29	15109	卖盘
13:38:54	5.21	--	20	10420	卖盘
13:38:50	5.21	--	34	17714	卖盘
13:38:45	5.21	--	129	67209	卖盘
13:38:39	5.21	-0.01	21	10941	卖盘
13:38:09	5.22	--	240	125280	买盘
13:38:00	5.22	0.01	26	13572	买盘
13:37:54	5.21	--	9	4689	卖盘
13:37:50	5.21	--	40	20840	卖盘
13:37:45	5.21	0.01	193	100553	买盘
13:37:30	5.2	--	17	8840	卖盘
13:37:24	5.2	--	100	52000	卖盘
13:37:15	5.2	--	2	1040	卖盘
13:37:09	5.2	--	2161	1123720	卖盘
13:37:00	5.2	-0.01	6	3120	卖盘
13:36:39	5.21	--	20	10420	买盘
13:36:05	5.21	--	5	2605	买盘
13:36:00	5.21	--	2	1042	买盘
13:35:45	5.21	0.01	20	10420	买盘
13:35:35	5.2	--	38	19760	卖盘
13:35:24	5.2	--	7	3640	卖盘
13:35:00	5.2	--	13	6760	卖盘
13:34:33	5.2	-0.01	50	26000	卖盘
13:33:59	5.21	--	20	10420	买盘
13:33:54	5.21	0.01	4	2084	买盘
13:33:33	5.2	-0.01	10	5200	卖盘
13:33:24	5.21	--	113	58873	买盘
13:33:09	5.21	--	2	1042	买盘
13:32:54	5.21	-0.01	472	245912	卖盘
13:32:44	5.22	0.01	55	28710	买盘
13:32:39	5.21	--	100	52100	卖盘
13:32:29	5.21	--	10	5210	卖盘
13:32:24	5.21	-0.01	140	72940	卖盘
13:32:09	5.22	0.01	8	4176	买盘
13:31:59	5.21	--	45	23445	卖盘
13:31:54	5.21	--	50	26050	卖盘
13:31:48	5.21	--	300	156300	卖盘
13:31:39	5.21	--	77	40117	卖盘
13:31:33	5.21	-0.01	27	14067	卖盘
13:31:18	5.22	0.01	38	19836	买盘
13:31:09	5.21	--	3	1563	卖盘
13:31:03	5.21	-0.01	13	6773	卖盘
13:30:59	5.22	--	2	1044	买盘
13:30:54	5.22	0.01	6	3132	买盘
13:30:44	5.21	--	20	10420	卖盘
13:30:33	5.21	-0.01	550	286550	卖盘
13:30:29	5.22	0.01	5	2610	买盘
13:30:24	5.21	-0.01	100	52100	卖盘
13:30:18	5.22	0.01	10	5220	买盘
13:30:14	5.21	-0.01	10	5210	卖盘
13:29:59	5.22	--	50	26100	买盘
13:29:48	5.22	0.01	60	31320	买盘
13:29:44	5.21	-0.01	130	67730	卖盘
13:29:39	5.22	--	20	10440	买盘
13:29:33	5.22	--	447	233334	买盘
13:29:29	5.22	0.01	20	10440	买盘
13:29:18	5.21	-0.01	10	5210	卖盘
13:29:09	5.22	--	12	6264	买盘
13:29:03	5.22	0.01	681	355482	买盘
13:28:59	5.21	-0.01	29	15109	卖盘
13:28:54	5.22	0.01	141	73602	买盘
13:28:48	5.21	--	1811	943531	卖盘
13:28:33	5.21	--	25	13025	卖盘
13:28:27	5.21	--	60	31260	买盘
13:28:24	5.21	--	136	70856	买盘
13:28:18	5.21	0.01	13	6773	买盘
13:28:12	5.2	-0.01	896	465920	卖盘
13:28:09	5.21	0.01	11	5731	买盘
13:28:03	5.2	-0.01	20	10400	卖盘
13:27:57	5.21	--	1504	783584	买盘
13:27:42	5.21	--	100	52100	买盘
13:27:33	5.21	--	500	260500	买盘
13:27:12	5.21	--	34	17714	买盘
13:26:57	5.21	--	187	97427	买盘
13:26:48	5.21	--	112	58352	买盘
13:26:08	5.21	0.01	141	73461	买盘
13:25:42	5.2	--	4	2080	卖盘
13:25:27	5.2	--	131	68120	卖盘
13:25:08	5.2	--	20	10400	卖盘
13:24:48	5.2	--	6	3120	卖盘
13:24:42	5.2	--	106	55120	卖盘
13:24:38	5.2	--	132	68640	卖盘
13:24:12	5.2	0.01	484	251737	买盘
13:23:53	5.19	-0.01	17	8823	卖盘
13:23:42	5.2	--	30	15600	买盘
13:23:23	5.2	--	104	54080	买盘
13:23:12	5.2	--	50	26000	买盘
13:22:53	5.2	--	48	24960	买盘
13:22:42	5.2	--	881	458120	买盘
13:22:27	5.2	--	1	520	买盘
13:22:23	5.2	--	690	358800	买盘
13:21:48	5.2	0.01	2	1040	买盘
13:21:42	5.19	-0.01	601	311919	卖盘
13:21:12	5.2	--	650	338000	买盘
13:20:57	5.2	0.01	105	54600	买盘
13:20:51	5.19	-0.01	1	519	卖盘
13:20:47	5.2	--	0	0	买盘
13:20:36	5.2	0.01	650	338000	买盘
13:20:27	5.19	-0.01	20	10380	中性盘
13:20:17	5.2	0.02	1501	780520	买盘
13:20:06	5.18	-0.01	11	5698	卖盘
13:20:02	5.19	0.01	10	5190	买盘
13:19:57	5.18	--	14	7252	卖盘
13:19:51	5.18	-0.01	15	7770	卖盘
13:19:47	5.19	--	5	2595	买盘
13:19:42	5.19	--	85	44115	买盘
13:19:36	5.19	--	20	10380	买盘
13:19:32	5.19	--	95	49305	买盘
13:19:21	5.19	--	1345	698055	卖盘
13:19:17	5.19	--	8	4152	卖盘
13:19:12	5.19	--	50	25950	卖盘
13:18:51	5.19	--	3	1557	卖盘
13:18:42	5.19	--	40	20760	卖盘
13:17:57	5.19	-0.01	30	15570	卖盘
13:17:27	5.2	--	75	39000	买盘
13:17:21	5.2	--	20	10400	买盘
13:17:02	5.2	0.01	10	5200	买盘
13:16:47	5.19	--	2	1038	卖盘
13:16:32	5.19	--	195	101205	买盘
13:16:21	5.19	--	22	11418	买盘
13:16:17	5.19	--	106	55014	买盘
13:16:12	5.19	--	30	15570	买盘
13:16:06	5.19	--	700	363300	买盘
13:16:02	5.19	--	20	10380	买盘
13:15:57	5.19	--	50	25950	买盘
13:15:51	5.19	--	410	212790	买盘
13:15:42	5.19	--	5	2595	买盘
13:15:36	5.19	--	50	25950	买盘
13:15:30	5.19	--	110	57090	买盘
13:15:06	5.19	--	38	19722	买盘
13:15:00	5.19	--	876	454644	卖盘
13:14:51	5.19	--	39	20241	卖盘
13:14:45	5.19	--	20	10380	卖盘
13:14:15	5.19	0.01	10	5190	中性盘
13:14:06	5.18	--	37	19166	卖盘
13:14:00	5.18	-0.02	792	410256	卖盘
13:13:51	5.2	0.02	1093	568360	买盘
13:13:45	5.18	--	64	33152	卖盘
13:13:41	5.18	-0.01	7	3626	卖盘
13:13:36	5.19	0.01	456	236664	买盘
13:13:30	5.18	--	38	19684	卖盘
13:12:45	5.18	--	60	31080	卖盘
13:12:15	5.18	--	12	6216	卖盘
13:11:56	5.18	--	200	103600	卖盘
13:11:06	5.18	--	8	4144	卖盘
13:10:41	5.18	--	310	160580	卖盘
13:10:15	5.18	-0.01	19	9842	卖盘
13:10:00	5.19	--	19	9861	买盘
13:09:56	5.19	0.01	5	2595	买盘
13:09:51	5.18	--	7	3626	卖盘
13:09:30	5.18	--	1	518	卖盘
13:09:00	5.18	-0.01	11	5698	卖盘
13:08:09	5.19	--	16	8304	买盘
13:08:00	5.19	--	40	20760	买盘
13:07:45	5.19	0.01	14	7266	买盘
13:07:39	5.18	--	48	24864	卖盘
13:07:15	5.18	--	205	106190	卖盘
13:07:00	5.18	-0.01	5	2590	卖盘
13:06:50	5.19	0.01	4	2076	买盘
13:06:45	5.18	--	20	10360	卖盘
13:06:39	5.18	--	6	3108	卖盘
13:06:30	5.18	-0.01	100	51800	卖盘
13:06:15	5.19	--	10	5190	买盘
13:06:09	5.19	0.01	12	6228	买盘
13:06:05	5.18	--	1	518	卖盘
13:05:30	5.18	--	30	15540	卖盘
13:05:09	5.18	--	0	455	买盘
13:05:05	5.18	--	16	8288	买盘
13:04:45	5.18	--	1	580	卖盘
13:04:35	5.18	--	50	25900	卖盘
13:04:20	5.18	-0.01	1000	518000	卖盘
13:04:05	5.19	0.01	10	5190	买盘
13:04:00	5.18	--	7	3626	卖盘
13:03:50	5.18	--	123	63714	卖盘
13:03:45	5.18	--	111	57498	卖盘
13:03:39	5.18	--	1	518	卖盘
13:03:35	5.18	--	29	15022	卖盘
13:03:09	5.18	--	486	252069	卖盘
13:02:30	5.18	-0.01	10	5180	卖盘
13:02:09	5.19	0.01	6	3114	买盘
13:01:48	5.18	--	20	10360	卖盘
13:01:33	5.18	--	11	5698	卖盘
13:01:18	5.18	-0.01	1	518	卖盘
13:01:03	5.19	--	25	12975	买盘
13:00:29	5.19	0.01	93	48267	买盘
13:00:09	5.18	--	57	29526	卖盘
13:00:03	5.18	--	746	386428	卖盘
11:30:00	5.18	--	0	0	卖盘
11:30:00	5.18	--	0	0	卖盘
11:29:59	5.18	--	2	1036	卖盘
11:29:56	5.18	-0.01	7	3626	卖盘
11:29:36	5.19	0.01	1	519	买盘
11:29:11	5.18	--	17	8806	卖盘
11:29:00	5.18	-0.01	195	101010	卖盘
11:28:41	5.19	0.01	1	519	买盘
11:28:26	5.18	--	2627	1360920	买盘
11:28:00	5.18	--	319	165242	买盘
11:27:56	5.18	--	7	3626	买盘
11:27:45	5.18	0.01	10	5180	买盘
11:27:36	5.17	--	3	1551	卖盘
11:27:21	5.17	-0.01	10	5170	卖盘
11:27:15	5.18	--	5	2590	买盘
11:27:11	5.18	--	1	518	买盘
11:27:06	5.18	0.01	13	6734	买盘
11:26:35	5.17	-0.01	182	94094	卖盘
11:26:30	5.18	--	414	214452	买盘
11:26:10	5.18	0.01	1	518	买盘
11:25:55	5.17	-0.01	3	1551	卖盘
11:25:00	5.18	--	66	34188	买盘
11:24:24	5.18	--	25	12950	买盘
11:24:15	5.18	--	1	518	买盘
11:24:05	5.18	0.01	1	518	买盘
11:23:50	5.17	-0.01	47	24299	卖盘
11:23:39	5.18	0.01	190	98420	买盘
11:23:30	5.17	--	1	517	卖盘
11:23:24	5.17	--	20	10340	卖盘
11:23:00	5.17	--	32	16544	卖盘
11:22:39	5.17	--	11	5687	卖盘
11:22:20	5.17	--	26	13442	卖盘
11:22:09	5.17	--	243	125631	卖盘
11:21:54	5.17	--	3	1561	买盘
11:21:50	5.17	--	100	51700	买盘
11:21:45	5.17	--	172	88924	买盘
11:21:39	5.17	--	111	57387	买盘
11:21:30	5.17	--	1000	517000	买盘
11:21:24	5.17	--	81	41877	买盘
11:21:09	5.17	0.01	106	54802	买盘
11:21:05	5.16	-0.01	47	24252	卖盘
11:20:54	5.17	--	598	309166	买盘
11:20:45	5.17	0.01	301	155617	买盘
11:20:24	5.16	--	2	1032	卖盘
11:20:19	5.16	-0.01	36	18576	卖盘
11:20:14	5.17	0.01	35	18095	买盘
11:20:08	5.16	-0.01	400	206400	卖盘
11:20:04	5.17	--	43	22231	买盘
11:19:54	5.17	--	47	24299	买盘
11:19:39	5.17	--	10	5170	买盘
11:19:34	5.17	--	30	15510	买盘
11:19:29	5.17	--	40	20680	买盘
11:19:20	5.17	0.01	98	50666	买盘
11:19:14	5.16	-0.01	26	13416	卖盘
11:19:03	5.17	0.01	27	13959	买盘
11:18:44	5.16	-0.01	41	21156	卖盘
11:18:39	5.17	--	20	10340	买盘
11:18:33	5.17	--	11	5687	买盘
11:18:18	5.17	--	223	115291	买盘
11:17:54	5.17	0.01	13	6721	买盘
11:17:33	5.16	--	300	154800	卖盘
11:17:29	5.16	--	1	516	卖盘
11:17:18	5.16	-0.01	51	26316	卖盘
11:17:09	5.17	--	1	517	买盘
11:17:03	5.17	--	33	17061	买盘
11:16:59	5.17	--	106	54802	买盘
11:16:39	5.17	0.01	19	9823	买盘
11:16:33	5.16	-0.01	48	24768	卖盘
11:16:09	5.17	--	3	1551	买盘
11:16:03	5.17	0.01	1	517	买盘
11:15:48	5.16	-0.01	79	40764	卖盘
11:15:33	5.17	0.01	89	46013	买盘
11:15:24	5.16	--	252	130032	卖盘
11:15:18	5.16	-0.01	100	51600	卖盘
11:15:14	5.17	0.01	1	517	买盘
11:15:03	5.16	--	5	2580	卖盘
11:14:54	5.16	-0.01	200	103200	卖盘
11:14:47	5.17	--	50	25850	买盘
11:14:44	5.17	0.01	5	2585	买盘
11:14:39	5.16	--	1	516	卖盘
11:14:33	5.16	-0.01	46	23736	卖盘
11:14:09	5.17	--	13	6721	买盘
11:13:53	5.17	0.01	12	6204	买盘
11:13:43	5.16	-0.01	44	22704	卖盘
11:13:39	5.17	0.01	10	5170	买盘
11:13:33	5.16	-0.01	3	1548	卖盘
11:12:43	5.17	0.01	6	3102	买盘
11:12:38	5.16	--	2	1032	卖盘
11:12:33	5.16	--	4	2064	卖盘
11:12:28	5.16	--	6	3096	卖盘
11:12:23	5.16	--	8	4128	卖盘
11:12:12	5.16	--	51	26316	卖盘
11:12:08	5.16	--	179	92364	卖盘
11:12:03	5.16	-0.01	2	1032	卖盘
11:11:57	5.17	0.01	1	517	买盘
11:11:48	5.16	-0.01	11	5676	卖盘
11:11:41	5.17	0.01	30	15510	买盘
11:11:38	5.16	--	89	45924	卖盘
11:11:27	5.16	--	61	31476	卖盘
11:11:17	5.16	--	2	1032	卖盘
11:11:08	5.16	--	223	115068	买盘
11:11:03	5.16	--	30	15480	买盘
11:10:57	5.16	--	73	37668	买盘
11:10:53	5.16	--	119	61404	买盘
11:10:48	5.16	--	291	150156	卖盘
11:10:42	5.16	--	500	258000	卖盘
11:10:38	5.16	--	162	83592	卖盘
11:10:33	5.16	--	90	46440	卖盘
11:10:27	5.16	--	275	141900	卖盘
11:10:18	5.16	--	222	114552	卖盘
11:10:12	5.16	--	100	51600	卖盘
11:10:08	5.16	--	50	25800	卖盘
11:10:03	5.16	--	13	6708	卖盘
11:09:57	5.16	--	58	29928	买盘
11:09:53	5.16	--	51	26316	买盘
11:09:48	5.16	--	50	25800	买盘
11:09:42	5.16	--	529	272964	买盘
11:09:38	5.16	--	4	2064	买盘
11:09:33	5.16	--	162	83592	买盘
11:09:27	5.16	--	90	46440	买盘
11:09:22	5.16	--	26	13416	买盘
11:09:18	5.16	--	57	29412	买盘
11:09:11	5.16	--	913	471108	卖盘
11:09:08	5.16	--	73	37668	卖盘
11:09:03	5.16	--	226	116616	卖盘
11:08:57	5.16	--	1305	673380	卖盘
11:08:53	5.16	--	210	108360	卖盘
11:08:48	5.16	-0.01	306	157896	卖盘
11:08:42	5.17	--	568	293656	买盘
11:08:27	5.17	0.01	2	1034	买盘
11:08:23	5.16	--	501	258516	卖盘
11:08:12	5.16	--	58	29928	卖盘
11:08:08	5.16	-0.01	5	2580	卖盘
11:07:57	5.17	--	1	517	买盘
11:07:53	5.17	-0.01	21	11363	卖盘
11:07:48	5.18	0.01	392	203056	买盘
11:07:41	5.17	--	1303	673651	卖盘
11:07:37	5.17	--	162	83754	卖盘
11:07:33	5.17	--	10	5170	卖盘
11:07:27	5.17	--	943	487531	卖盘
11:07:22	5.17	--	6	3102	卖盘
11:07:18	5.17	--	1241	641597	卖盘
11:07:12	5.17	--	559	289003	卖盘
11:07:07	5.17	--	2	1034	卖盘
11:07:03	5.17	-0.01	440	227480	卖盘
11:06:56	5.18	--	516	267288	买盘
11:06:42	5.18	0.01	3	1554	买盘
11:06:37	5.17	--	399	206283	卖盘
11:06:32	5.17	-0.01	5	2585	卖盘
11:06:27	5.18	0.01	27	13986	买盘
11:06:12	5.17	--	102	52734	卖盘
11:06:07	5.17	--	16	8272	卖盘
11:05:57	5.17	--	205	105985	卖盘
11:05:52	5.17	-0.01	1	517	卖盘
11:05:41	5.18	--	65	33670	买盘
11:05:32	5.18	--	100	51800	买盘
11:05:27	5.18	0.01	56	29008	买盘
11:05:21	5.17	-0.01	12	6204	卖盘
11:05:06	5.18	0.01	2	1036	买盘
11:04:42	5.17	--	5	2585	卖盘
11:04:32	5.17	--	15	7755	卖盘
11:04:17	5.17	--	0	10	卖盘
11:04:12	5.17	-0.01	65	33605	卖盘
11:04:06	5.18	--	34	17612	买盘
11:04:02	5.18	--	3	1554	买盘
11:03:56	5.18	0.01	905	468790	买盘
11:03:51	5.17	--	10	5170	卖盘
11:03:42	5.17	--	3	1551	卖盘
11:03:06	5.17	-0.01	100	51700	卖盘
11:03:02	5.18	0.01	53	27454	买盘
11:02:57	5.17	-0.01	20	10340	卖盘
11:02:51	5.18	0.01	30	15540	买盘
11:02:42	5.17	-0.01	40	20680	卖盘
11:02:17	5.18	--	21	10878	买盘
11:02:12	5.18	0.01	58	30044	买盘
11:02:06	5.17	--	20	10340	卖盘
11:01:57	5.17	--	600	310200	卖盘
11:01:47	5.17	-0.01	1	517	卖盘
11:01:41	5.18	--	69	35742	买盘
11:01:26	5.18	--	11	5698	买盘
11:01:21	5.18	--	136	70448	买盘
11:01:12	5.18	--	2065	1069670	买盘
11:01:06	5.18	0.01	386	199948	买盘
11:00:57	5.17	-0.01	10	5170	卖盘
11:00:50	5.18	0.01	5	2590	买盘
11:00:46	5.17	-0.01	440	227480	卖盘
11:00:35	5.18	--	50	25900	买盘
11:00:27	5.18	0.01	3	1554	买盘
11:00:21	5.17	--	150	77550	卖盘
11:00:06	5.17	--	1	517	卖盘
10:59:51	5.17	-0.01	439	226963	卖盘
10:59:46	5.18	--	18	9324	买盘
10:59:41	5.18	0.01	57	29526	买盘
10:59:26	5.17	--	10	5170	卖盘
10:59:21	5.17	--	14	7238	卖盘
10:59:05	5.17	--	100	51700	卖盘
10:58:59	5.17	--	808	417736	卖盘
10:58:41	5.17	--	71	36707	卖盘
10:58:29	5.17	--	6	3102	卖盘
10:58:21	5.17	--	7	3619	卖盘
10:58:14	5.17	--	17	8789	卖盘
10:58:00	5.17	--	234	120978	卖盘
10:57:51	5.17	-0.01	500	258500	卖盘
10:57:45	5.18	--	83	42994	买盘
10:57:41	5.18	--	200	103600	买盘
10:57:29	5.18	--	102	52836	买盘
10:57:21	5.18	0.01	1	518	买盘
10:57:14	5.17	--	58	29986	卖盘
10:57:06	5.17	-0.01	1128	583176	卖盘
10:57:00	5.18	0.01	1	518	买盘
10:56:44	5.17	-0.01	100	51700	卖盘
10:56:35	5.18	--	125	64750	买盘
10:56:26	5.18	--	10	5180	买盘
10:56:21	5.18	0.01	38	19684	买盘
10:56:15	5.17	-0.01	22	11374	卖盘
10:55:56	5.18	0.01	3	1554	买盘
10:55:45	5.17	-0.01	11	5687	卖盘
10:55:41	5.18	--	15	7770	买盘
10:55:30	5.18	--	274	142315	卖盘
10:55:26	5.18	--	11	5698	卖盘
10:55:21	5.18	--	45	23310	卖盘
10:55:15	5.18	--	850	440300	卖盘
10:55:11	5.18	--	180	93240	卖盘
10:54:59	5.18	--	210	108780	卖盘
10:54:51	5.18	--	38	19684	卖盘
10:54:41	5.18	--	11	5698	卖盘
10:54:36	5.18	--	1	518	卖盘
10:54:10	5.18	--	4	2072	卖盘
10:54:06	5.18	--	62	32116	卖盘
10:53:50	5.18	--	2	1036	卖盘
10:53:45	5.18	-0.01	150	77700	卖盘
10:53:40	5.19	0.01	15	7785	买盘
10:53:35	5.18	--	200	103600	卖盘
10:53:30	5.18	--	1	518	卖盘
10:53:15	5.18	-0.01	80	41440	卖盘
10:52:55	5.19	0.01	17	8823	买盘
10:52:50	5.18	--	13	6734	卖盘
10:52:44	5.18	-0.01	75	38850	卖盘
10:52:40	5.19	0.01	240	124560	买盘
10:52:23	5.18	-0.01	78	40404	卖盘
10:52:05	5.19	0.01	2	1038	买盘
10:52:00	5.18	-0.01	97	50246	卖盘
10:51:54	5.19	0.01	80	41520	买盘
10:51:50	5.18	--	60	31080	卖盘
10:51:38	5.18	--	7	3626	卖盘
10:51:24	5.18	-0.01	19	9842	卖盘
10:51:20	5.19	0.01	23	11937	买盘
10:51:15	5.18	--	20	10360	卖盘
10:51:05	5.18	--	17	8806	卖盘
10:50:44	5.18	--	1	518	卖盘
10:50:39	5.18	--	39	20202	卖盘
10:50:35	5.18	--	1	518	卖盘
10:50:05	5.18	--	109	56462	卖盘
10:49:54	5.18	--	301	155918	卖盘
10:49:44	5.18	--	4	2072	卖盘
10:49:00	5.18	-0.01	10	5180	卖盘
10:48:54	5.19	--	20	10380	买盘
10:48:45	5.19	0.01	91	47229	买盘
10:48:39	5.18	--	1	518	卖盘
10:48:35	5.18	--	2	1036	卖盘
10:48:29	5.18	-0.01	50	25900	卖盘
10:48:24	5.19	0.01	88	45672	买盘
10:48:20	5.18	-0.01	52	26936	卖盘
10:48:15	5.19	0.01	102	52938	买盘
10:47:59	5.18	--	5	2590	卖盘
10:47:50	5.18	--	5	2590	卖盘
10:47:38	5.18	--	13	6734	卖盘
10:47:34	5.18	--	6	3108	卖盘
10:47:29	5.18	--	22	11396	卖盘
10:47:04	5.18	--	80	41440	卖盘
10:46:54	5.18	--	164	84952	卖盘
10:46:44	5.18	--	226	117068	卖盘
10:46:39	5.18	--	10	5180	卖盘
10:46:34	5.18	--	95	49210	卖盘
10:46:29	5.18	--	9	4662	卖盘
10:46:08	5.18	--	3	1554	卖盘
10:46:04	5.18	--	21	10878	卖盘
10:45:38	5.18	--	8	4144	卖盘
10:45:29	5.18	--	100	51800	卖盘
10:45:23	5.18	--	92	47656	卖盘
10:45:08	5.18	--	5	2590	卖盘
10:44:59	5.18	--	106	54908	卖盘
10:44:53	5.18	--	13	6734	卖盘
10:44:48	5.18	--	2	1036	卖盘
10:44:39	5.18	--	103	53354	卖盘
10:44:33	5.18	--	3	1554	卖盘
10:44:14	5.18	--	19	9842	卖盘
10:44:08	5.18	--	2	1036	卖盘
10:44:03	5.18	--	20	10360	卖盘
10:43:43	5.18	--	1	518	卖盘
10:43:28	5.18	--	70	36260	卖盘
10:43:23	5.18	-0.01	16	8288	卖盘
10:43:17	5.19	0.01	10	5190	买盘
10:43:02	5.18	--	10	5180	卖盘
10:42:54	5.18	-0.01	15	7770	卖盘
10:42:47	5.19	0.01	5	2595	买盘
10:42:44	5.18	-0.01	2	1036	卖盘
10:42:38	5.19	--	2	1038	买盘
10:42:29	5.19	0.01	10	5190	买盘
10:42:23	5.18	--	158	81844	卖盘
10:42:17	5.18	-0.01	45	23310	卖盘
10:42:08	5.19	0.01	150	77850	买盘
10:42:03	5.18	--	9	4662	卖盘
10:41:59	5.18	--	22	11396	卖盘
10:41:53	5.18	--	5	2590	卖盘
10:41:38	5.18	--	21	10878	卖盘
10:41:23	5.18	-0.01	2	1036	卖盘
10:41:18	5.19	--	35	18165	买盘
10:41:02	5.19	0.01	14	7266	买盘
10:40:43	5.18	--	2	1036	卖盘
10:40:23	5.18	--	7	3626	卖盘
10:40:08	5.18	--	11	5698	卖盘
10:39:43	5.18	--	500	259000	卖盘
10:39:32	5.18	--	50	25900	卖盘
10:39:28	5.18	--	2	1036	卖盘
10:39:17	5.18	-0.01	228	118104	卖盘
10:39:11	5.19	0.01	5	2595	买盘
10:39:08	5.18	-0.01	44	22792	卖盘
10:39:02	5.19	0.01	41	21279	买盘
10:38:53	5.18	--	11	5698	卖盘
10:38:41	5.18	--	10	5180	卖盘
10:38:32	5.18	--	20	10360	卖盘
10:38:26	5.18	--	1	518	卖盘
10:38:23	5.18	-0.01	36	18648	卖盘
10:38:17	5.19	0.01	176	91344	买盘
10:38:11	5.18	--	15	7770	卖盘
10:38:08	5.18	--	11	5698	卖盘
10:38:02	5.18	--	20	10360	卖盘
10:37:56	5.18	--	50	25900	卖盘
10:37:53	5.18	--	4	2072	卖盘
10:37:32	5.18	--	2	1036	卖盘
10:37:26	5.18	-0.01	20	10360	卖盘
10:37:22	5.19	0.01	20	10380	买盘
10:37:17	5.18	--	1	518	卖盘
10:36:47	5.18	--	14	7252	卖盘
10:36:41	5.18	--	1	518	卖盘
10:36:37	5.18	--	1	518	卖盘
10:36:32	5.18	--	5	2590	卖盘
10:36:26	5.18	--	99	51282	卖盘
10:35:53	5.18	--	14	7252	卖盘
10:35:47	5.18	--	2	1036	卖盘
10:35:41	5.18	-0.01	30	15540	卖盘
10:35:22	5.19	0.01	122	63318	买盘
10:35:02	5.18	--	56	29008	卖盘
10:34:56	5.18	--	10	5180	卖盘
10:34:52	5.18	--	177	91820	买盘
10:34:47	5.18	--	589	305102	买盘
10:34:41	5.18	--	64	33152	买盘
10:34:32	5.18	--	700	362600	买盘
10:34:26	5.18	--	356	184408	买盘
10:34:22	5.18	0.01	10	5180	买盘
10:34:17	5.17	-0.01	359	185603	卖盘
10:34:11	5.18	--	195	101010	买盘
10:34:07	5.18	0.01	1357	702926	买盘
10:33:56	5.17	--	2	1034	卖盘
10:33:47	5.17	-0.01	2	1034	卖盘
10:33:41	5.18	0.01	40	20720	买盘
10:33:32	5.17	--	1	517	卖盘
10:33:26	5.17	-0.01	50	25850	卖盘
10:33:22	5.18	0.01	30	15540	买盘
10:33:17	5.17	-0.01	50	25850	卖盘
10:33:11	5.18	0.01	8	4144	买盘
10:33:07	5.17	-0.01	8	4136	卖盘
10:33:02	5.18	0.01	50	25900	买盘
10:32:50	5.17	--	34	17578	卖盘
10:32:47	5.17	--	1	517	卖盘
10:32:41	5.17	-0.01	80	41360	卖盘
10:32:35	5.18	--	19	9842	买盘
10:32:26	5.18	0.01	4	2072	买盘
10:32:05	5.17	--	46	23782	卖盘
10:31:56	5.17	--	90	46530	卖盘
10:31:50	5.17	--	15	7755	卖盘
10:31:47	5.17	--	304	157168	卖盘
10:31:41	5.17	-0.01	168	86856	卖盘
10:31:35	5.18	0.01	10	5180	买盘
10:31:26	5.17	-0.01	25	12925	卖盘
10:31:11	5.18	0.01	76	39368	买盘
10:31:01	5.17	-0.01	40	20680	卖盘
10:30:56	5.18	--	110	56980	买盘
10:30:50	5.18	0.01	45	23310	买盘
10:30:46	5.17	-0.01	46	23782	卖盘
10:30:41	5.18	0.01	66	34188	买盘
10:30:31	5.17	-0.01	100	51700	卖盘
10:30:26	5.18	0.01	20	10360	买盘
10:30:20	5.17	--	55	28435	卖盘
10:30:05	5.17	-0.01	733	378961	卖盘
10:29:50	5.18	0.01	50	25900	买盘
10:29:47	5.17	-0.01	11	5687	卖盘
10:29:35	5.18	--	75	38850	买盘
10:29:31	5.18	0.01	1	518	买盘
10:29:26	5.17	-0.01	43	22231	卖盘
10:29:20	5.18	0.01	114	59052	买盘
10:29:16	5.17	--	21	10857	卖盘
10:29:11	5.17	--	3	1551	卖盘
10:29:05	5.17	--	11	5687	卖盘
10:28:56	5.17	-0.01	21	10857	卖盘
10:28:46	5.18	--	1914	991452	卖盘
10:28:41	5.18	--	11	5698	卖盘
10:28:35	5.18	-0.01	219	113442	卖盘
10:28:26	5.19	--	9	4671	买盘
10:28:20	5.19	--	17	8823	买盘
10:28:17	5.19	0.01	8	4152	买盘
10:28:05	5.18	-0.01	40	20720	卖盘
10:27:56	5.19	0.01	5	2595	买盘
10:27:50	5.18	--	2	1036	卖盘
10:27:46	5.18	-0.01	10	5180	卖盘
10:27:41	5.19	0.01	17	8823	买盘
10:27:26	5.18	--	13	6734	卖盘
10:27:11	5.18	--	11	5698	卖盘
10:26:56	5.18	--	3	1554	卖盘
10:26:50	5.18	--	606	313908	卖盘
10:26:46	5.18	--	2	1036	卖盘
10:26:41	5.18	-0.01	15	7770	卖盘
10:26:35	5.19	0.01	10	5190	买盘
10:26:31	5.18	--	100	51800	卖盘
10:26:26	5.18	--	38	19684	卖盘
10:26:11	5.18	--	20	10360	卖盘
10:25:59	5.18	--	11	5698	卖盘
10:25:50	5.18	--	34	17612	卖盘
10:25:44	5.18	--	44	22792	卖盘
10:25:35	5.18	--	3	1554	卖盘
10:25:29	5.18	--	9	4662	卖盘
10:25:20	5.18	--	10	5180	卖盘
10:25:14	5.18	--	31	16058	卖盘
10:25:11	5.18	--	90	46620	卖盘
10:25:05	5.18	--	5	2590	卖盘
10:24:59	5.18	--	120	62160	卖盘
10:24:35	5.18	--	7	3626	卖盘
10:24:14	5.18	--	50	25900	卖盘
10:23:59	5.18	--	403	208754	卖盘
10:23:50	5.18	--	30	15540	卖盘
10:23:44	5.18	--	128	66304	卖盘
10:23:40	5.18	--	20	10360	卖盘
10:23:35	5.18	-0.01	1	518	卖盘
10:23:29	5.19	0.01	1	519	买盘
10:23:20	5.18	--	12	6216	卖盘
10:23:14	5.18	-0.01	40	20720	卖盘
10:23:10	5.19	0.01	1	519	买盘
10:23:05	5.18	-0.01	3	1554	卖盘
10:22:59	5.19	0.01	12	6228	买盘
10:22:50	5.18	--	46	23828	卖盘
10:22:35	5.18	--	200	103600	卖盘
10:22:29	5.18	-0.01	2	1036	卖盘
10:22:14	5.19	0.01	900	467100	买盘
10:22:10	5.18	--	26	13468	卖盘
10:22:05	5.18	--	407	210826	卖盘
10:21:59	5.18	--	100	51800	卖盘
10:21:44	5.18	--	1210	626780	卖盘
10:21:35	5.18	--	2	1036	卖盘
10:21:29	5.18	-0.01	66	34188	卖盘
10:21:25	5.19	0.01	10	5190	买盘
10:21:20	5.18	-0.01	28	14504	卖盘
10:21:14	5.19	--	26	13494	买盘
10:21:10	5.19	0.01	50	25950	买盘
10:20:59	5.18	-0.01	15	7770	卖盘
10:20:50	5.19	--	271	140649	买盘
10:20:44	5.19	0.01	722	374718	买盘
10:20:40	5.18	-0.01	15	7770	卖盘
10:20:29	5.19	--	22	11418	买盘
10:20:25	5.19	0.01	10	5190	买盘
10:20:14	5.18	--	30	15540	卖盘
10:20:10	5.18	--	15	7770	卖盘
10:19:59	5.18	-0.01	81	41958	卖盘
10:19:55	5.19	0.01	6	3114	买盘
10:19:50	5.18	-0.01	50	25900	卖盘
10:19:38	5.19	--	39	20241	买盘
10:19:35	5.19	--	29	15051	买盘
10:19:29	5.19	0.01	186	96534	买盘
10:19:08	5.18	-0.01	766	396788	卖盘
10:18:59	5.19	0.01	527	273513	买盘
10:18:53	5.18	-0.01	240	124320	卖盘
10:18:50	5.19	0.01	50	25950	买盘
10:18:38	5.18	-0.01	10	5180	卖盘
10:18:29	5.19	--	5	2595	买盘
10:18:23	5.19	--	15	7785	买盘
10:18:05	5.19	--	16	8304	买盘
10:17:49	5.19	--	4	2076	买盘
10:17:38	5.19	0.01	504	261576	买盘
10:17:29	5.18	--	2	1036	卖盘
10:17:23	5.18	--	170	88060	卖盘
10:17:14	5.18	--	38	19684	卖盘
10:17:08	5.18	-0.01	8	4144	卖盘
10:16:59	5.19	0.01	2	1038	买盘
10:16:44	5.18	--	266	137788	卖盘
10:16:38	5.18	--	1	518	卖盘
10:16:29	5.18	--	60	31080	卖盘
10:16:23	5.18	--	21	10878	卖盘
10:16:08	5.18	--	45	23310	卖盘
10:16:04	5.18	--	40	20720	卖盘
10:15:53	5.18	-0.01	74	38332	卖盘
10:15:44	5.19	--	17	8823	买盘
10:15:38	5.19	0.01	1010	524190	买盘
10:15:29	5.18	--	2	1036	卖盘
10:15:19	5.18	-0.01	591	306138	卖盘
10:15:14	5.19	0.01	3	1557	买盘
10:15:08	5.18	-0.01	29	15022	卖盘
10:14:59	5.19	--	30	15570	买盘
10:14:53	5.19	--	225	116775	买盘
10:14:49	5.19	--	11	5709	买盘
10:14:44	5.19	0.01	70	36330	买盘
10:14:38	5.18	-0.01	11	5698	卖盘
10:14:34	5.19	0.01	359	186321	买盘
10:14:29	5.18	--	322	166796	卖盘
10:14:23	5.18	-0.01	1341	694638	卖盘
10:14:19	5.19	--	114	59166	买盘
10:14:14	5.19	--	309	160371	买盘
10:14:08	5.19	--	200	103800	买盘
10:14:04	5.19	0.01	33	17127	买盘
10:13:59	5.18	-0.01	25	12950	卖盘
10:13:53	5.19	0.01	50	25950	买盘
10:13:49	5.18	-0.01	10	5180	卖盘
10:13:44	5.19	--	154	79926	买盘
10:13:38	5.19	0.01	230	119370	买盘
10:13:34	5.18	-0.01	146	75628	卖盘
10:13:29	5.19	0.01	153	79407	买盘
10:13:23	5.18	-0.01	8	4144	卖盘
10:13:17	5.19	0.01	1878	974682	买盘
10:13:08	5.18	-0.01	1	518	卖盘
10:12:53	5.19	--	32	16608	买盘
10:12:44	5.19	--	37	19203	买盘
10:12:38	5.19	0.01	3	1557	买盘
10:12:29	5.18	-0.01	2	1036	卖盘
10:12:24	5.19	--	95	49305	买盘
10:12:17	5.19	--	22	11418	买盘
10:12:14	5.19	--	20	10380	买盘
10:12:02	5.19	0.01	26	13494	买盘
10:11:59	5.18	--	55	28490	卖盘
10:11:53	5.18	--	114	59052	卖盘
10:11:47	5.18	--	20	10360	卖盘
10:11:32	5.18	--	1	518	卖盘
10:11:23	5.18	-0.01	1	518	卖盘
10:11:13	5.19	0.01	217	112623	买盘
10:11:08	5.18	-0.01	31	16058	卖盘
10:11:02	5.19	0.01	180	93420	买盘
10:10:58	5.18	--	50	25900	卖盘
10:10:43	5.18	--	47	24346	卖盘
10:10:38	5.18	--	14	7252	卖盘
10:10:32	5.18	-0.01	12	6216	卖盘
10:10:28	5.19	0.01	30	15570	买盘
10:10:23	5.18	-0.01	35	18130	卖盘
10:10:17	5.19	--	76	39444	买盘
10:10:08	5.19	0.01	5	2595	买盘
10:10:02	5.18	--	11	5698	卖盘
10:09:58	5.18	--	454	235172	买盘
10:09:47	5.18	--	163	84434	买盘
10:09:38	5.18	--	30	15540	买盘
10:09:32	5.18	--	54	27972	买盘
10:09:28	5.18	--	21	10878	买盘
10:09:23	5.18	--	950	492100	卖盘
10:09:17	5.18	-0.01	146	75628	卖盘
10:09:08	5.19	0.01	457	237183	买盘
10:09:02	5.18	-0.01	190	98420	卖盘
10:08:58	5.19	0.01	22	11418	买盘
10:08:53	5.18	--	700	362600	卖盘
10:08:47	5.18	--	18	9324	卖盘
10:08:43	5.18	--	10	5180	卖盘
10:08:32	5.18	--	9	4662	卖盘
10:08:28	5.18	--	490	253820	卖盘
10:08:17	5.18	-0.01	11	5698	卖盘
10:08:13	5.19	0.01	60	31140	买盘
10:08:08	5.18	--	462	239316	卖盘
10:08:02	5.18	--	48	24864	卖盘
10:07:58	5.18	--	115	59570	卖盘
10:07:53	5.18	-0.01	966	500388	卖盘
10:07:47	5.19	0.01	5	2595	买盘
10:07:43	5.18	--	80	41440	卖盘
10:07:38	5.18	--	5	2590	卖盘
10:07:32	5.18	-0.01	1	518	卖盘
10:07:23	5.19	--	59	30621	买盘
10:07:17	5.19	--	619	321261	卖盘
10:07:13	5.19	--	909	471771	卖盘
10:07:02	5.19	--	1004	521076	卖盘
10:06:47	5.19	--	11	5709	卖盘
10:06:32	5.19	--	2	1038	卖盘
10:06:26	5.19	--	27	14013	卖盘
10:06:08	5.19	--	9	4671	卖盘
10:06:02	5.19	--	25	12975	卖盘
10:05:56	5.19	--	38	19722	卖盘
10:05:47	5.19	--	1041	540279	卖盘
10:05:41	5.19	--	37	19203	卖盘
10:05:32	5.19	--	11	5709	卖盘
10:05:26	5.19	--	32	16608	卖盘
10:05:23	5.19	--	20	10380	卖盘
10:05:17	5.19	--	60	31140	卖盘
10:05:11	5.19	-0.01	127	65913	卖盘
10:05:08	5.2	--	40	20800	买盘
10:05:02	5.2	0.01	10	5200	买盘
10:04:56	5.19	-0.01	5	2595	卖盘
10:04:47	5.2	0.01	50	26000	买盘
10:04:41	5.19	-0.01	5	2595	卖盘
10:04:37	5.2	0.01	71	36920	买盘
10:04:32	5.19	-0.01	9	4671	卖盘
10:04:26	5.2	--	49	25480	买盘
10:04:17	5.2	0.01	1	520	买盘
10:04:11	5.19	--	90	46710	卖盘
10:04:07	5.19	-0.01	60	31140	卖盘
10:03:56	5.2	--	11	5720	买盘
10:03:52	5.2	--	30	15600	买盘
10:03:47	5.2	--	60	31200	买盘
10:03:41	5.2	--	36	18720	买盘
10:03:37	5.2	0.01	13	6760	买盘
10:03:32	5.19	-0.01	15	7785	卖盘
10:03:26	5.2	0.01	59	30680	买盘
10:03:22	5.19	--	72	37368	卖盘
10:03:17	5.19	-0.01	267	138573	卖盘
10:03:11	5.2	--	40	20800	买盘
10:03:07	5.2	0.01	26	13520	买盘
10:03:02	5.19	-0.01	5	2595	卖盘
10:02:56	5.2	--	100	52000	买盘
10:02:47	5.2	--	89	46280	买盘
10:02:41	5.2	--	35	18200	买盘
10:02:37	5.2	--	50	26000	买盘
10:02:26	5.2	0.01	237	123240	买盘
10:02:17	5.19	--	103	53457	卖盘
10:02:11	5.19	--	365	189435	卖盘
10:02:02	5.19	-0.01	60	31140	卖盘
10:01:47	5.2	0.01	105	54600	买盘
10:01:41	5.19	-0.01	84	43596	卖盘
10:01:32	5.2	0.01	99	51480	买盘
10:01:26	5.19	--	19	9861	卖盘
10:01:11	5.19	-0.01	132	68508	卖盘
10:01:07	5.2	0.01	62	32240	买盘
10:00:56	5.19	--	10	5190	卖盘
10:00:52	5.19	--	14	7266	卖盘
10:00:41	5.19	--	162	84078	卖盘
10:00:37	5.19	--	140	72660	卖盘
10:00:32	5.19	--	1	519	卖盘
10:00:20	5.19	--	20	10380	卖盘
10:00:17	5.19	--	47	24393	卖盘
10:00:02	5.19	-0.01	30	15570	卖盘
09:59:56	5.2	0.01	7	3640	买盘
09:59:35	5.19	--	36	18684	卖盘
09:59:32	5.19	--	14	7266	卖盘
09:59:20	5.19	--	4	2076	卖盘
09:59:05	5.19	--	8	4152	卖盘
09:59:02	5.19	-0.01	10	5190	卖盘
09:58:56	5.2	0.01	5	2600	买盘
09:58:41	5.19	-0.01	1	519	卖盘
09:58:35	5.2	--	10	5200	买盘
09:58:26	5.2	--	1	520	买盘
09:58:20	5.2	--	20	10400	买盘
09:58:11	5.2	--	189	98280	卖盘
09:58:05	5.2	--	125	65000	卖盘
09:57:50	5.2	--	74	38480	卖盘
09:57:41	5.2	--	45	23400	卖盘
09:57:31	5.2	--	15	7800	卖盘
09:57:26	5.2	--	38	19760	卖盘
09:57:20	5.2	--	71	36920	卖盘
09:57:11	5.2	--	50	26000	卖盘
09:57:05	5.2	--	40	20800	卖盘
09:56:56	5.2	--	116	60320	卖盘
09:56:50	5.2	--	21	10920	卖盘
09:56:41	5.2	--	127	66040	卖盘
09:56:35	5.2	--	9	4680	卖盘
09:56:31	5.2	--	100	52000	卖盘
09:56:26	5.2	--	810	421200	卖盘
09:56:16	5.2	--	2	1040	卖盘
09:56:11	5.2	--	6	3120	卖盘
09:56:01	5.2	-0.01	23	11960	卖盘
09:55:35	5.21	0.01	23	11983	买盘
09:55:31	5.2	-0.01	2004	1042080	卖盘
09:55:11	5.21	--	20	10420	买盘
09:55:05	5.21	--	41	21361	买盘
09:54:56	5.21	--	61	31781	买盘
09:54:46	5.21	--	2	1042	买盘
09:54:35	5.21	0.01	880	458480	买盘
09:54:31	5.2	--	247	128440	卖盘
09:54:20	5.2	--	12	6240	卖盘
09:54:11	5.2	--	6	3120	卖盘
09:54:05	5.2	--	41	21320	卖盘
09:54:01	5.2	--	25	13000	卖盘
09:53:56	5.2	--	27	14040	卖盘
09:53:50	5.2	--	30	15600	卖盘
09:53:44	5.2	-0.01	10	5200	卖盘
09:53:41	5.21	0.01	6	3126	买盘
09:53:35	5.2	--	6	3120	卖盘
09:53:29	5.2	--	10	5200	卖盘
09:53:26	5.2	--	20	10400	卖盘
09:53:20	5.2	-0.01	28	14560	卖盘
09:53:14	5.21	0.01	61	31781	买盘
09:52:44	5.2	--	10	5200	卖盘
09:52:41	5.2	--	52	27040	卖盘
09:52:35	5.2	--	104	54080	卖盘
09:52:29	5.2	--	8	4160	卖盘
09:52:20	5.2	--	21	10920	卖盘
09:52:11	5.2	--	100	52000	卖盘
09:52:05	5.2	-0.01	196	101920	卖盘
09:51:56	5.21	0.01	20	10420	买盘
09:51:50	5.2	-0.01	3	1560	卖盘
09:51:44	5.21	0.01	355	184955	买盘
09:51:29	5.2	-0.01	301	156520	卖盘
09:51:14	5.21	0.01	10	5210	买盘
09:51:10	5.2	--	5	2600	卖盘
09:51:05	5.2	--	5	2600	卖盘
09:50:59	5.2	--	85	44200	卖盘
09:50:55	5.2	--	30	15600	卖盘
09:50:44	5.2	--	10	5200	卖盘
09:50:29	5.2	--	18	9360	卖盘
09:50:25	5.2	--	2	1040	卖盘
09:50:20	5.2	--	36	18720	卖盘
09:50:14	5.2	--	23	11960	卖盘
09:50:10	5.2	--	80	41600	卖盘
09:50:05	5.2	-0.01	67	34840	卖盘
09:49:59	5.21	0.01	122	63562	买盘
09:49:55	5.2	--	269	139880	卖盘
09:49:44	5.2	--	190	98800	卖盘
09:49:35	5.2	--	10	5200	卖盘
09:49:29	5.2	-0.01	71	36920	卖盘
09:49:14	5.21	0.01	68	35428	买盘
09:49:05	5.2	--	1	520	卖盘
09:48:55	5.2	-0.01	17	8840	卖盘
09:48:44	5.21	--	22	11462	买盘
09:48:35	5.21	--	4	2084	买盘
09:48:29	5.21	-0.01	1012	527252	卖盘
09:48:25	5.22	--	2	1044	买盘
09:48:20	5.22	0.01	70	36540	买盘
09:48:10	5.21	--	10	5210	卖盘
09:48:05	5.21	--	20	10420	卖盘
09:47:59	5.21	--	100	52100	卖盘
09:47:44	5.21	-0.01	59	30739	卖盘
09:47:40	5.22	0.01	132	68904	买盘
09:47:35	5.21	-0.01	11	5731	卖盘
09:47:29	5.22	0.01	11	5742	买盘
09:47:23	5.21	-0.01	35	18235	卖盘
09:47:20	5.22	--	1	522	买盘
09:47:14	5.22	0.01	1510	788220	买盘
09:47:08	5.21	--	18	9378	卖盘
09:47:05	5.21	--	25	13025	卖盘
09:46:59	5.21	--	32	16672	卖盘
09:46:53	5.21	-0.01	209	108889	卖盘
09:46:50	5.22	0.01	35	18270	买盘
09:46:44	5.21	-0.01	100	52100	卖盘
09:46:38	5.22	--	337	175914	买盘
09:46:23	5.22	--	60	31320	买盘
09:46:14	5.22	--	4	2088	买盘
09:46:08	5.22	--	45	23490	买盘
09:46:05	5.22	--	30	15660	买盘
09:45:59	5.22	--	61	31842	买盘
09:45:53	5.22	--	82	42804	买盘
09:45:44	5.22	0.01	38	19836	买盘
09:45:38	5.21	-0.01	20	10420	卖盘
09:45:29	5.22	--	313	163386	买盘
09:45:20	5.22	0.01	20	10440	买盘
09:45:08	5.21	--	64	33344	卖盘
09:45:04	5.21	--	43	22403	卖盘
09:44:59	5.21	--	92	47932	卖盘
09:44:44	5.21	-0.01	14	7294	卖盘
09:44:38	5.22	0.01	71	37062	买盘
09:44:23	5.21	--	133	69293	买盘
09:44:19	5.21	--	50	26050	买盘
09:44:08	5.21	--	550	286550	买盘
09:44:04	5.21	--	24	12504	买盘
09:43:59	5.21	--	33	17193	买盘
09:43:53	5.21	--	5	2605	买盘
09:43:38	5.21	--	53	27613	买盘
09:43:29	5.21	--	248	129208	卖盘
09:43:23	5.21	--	70	36470	卖盘
09:43:14	5.21	--	64	33344	卖盘
09:42:59	5.21	--	49	25529	卖盘
09:42:53	5.21	--	8	4168	卖盘
09:42:49	5.21	--	51	26571	卖盘
09:42:44	5.21	-0.01	10	5210	卖盘
09:42:38	5.22	0.01	11	5742	买盘
09:42:29	5.21	--	469	244349	买盘
09:42:23	5.21	--	565	294365	买盘
09:42:19	5.21	0.01	151	78671	买盘
09:42:14	5.2	--	25	13000	卖盘
09:42:08	5.2	-0.01	19	9880	卖盘
09:42:04	5.21	0.01	26	13546	买盘
09:41:59	5.2	--	670	348400	卖盘
09:41:49	5.2	-0.01	26	13520	卖盘
09:41:44	5.21	0.01	39	20319	买盘
09:41:38	5.2	--	32	16640	卖盘
09:41:34	5.2	--	30	15600	卖盘
09:41:29	5.2	--	2	1040	卖盘
09:41:19	5.2	-0.01	5	2600	卖盘
09:41:08	5.21	0.01	35	18235	买盘
09:41:04	5.2	--	208	108160	卖盘
09:40:59	5.2	-0.01	5	2704	卖盘
09:40:53	5.21	--	80	41680	买盘
09:40:49	5.21	--	192	100032	买盘
09:40:44	5.21	0.01	5	2605	买盘
09:40:32	5.2	--	29	15080	卖盘
09:40:23	5.2	--	10	5200	卖盘
09:40:17	5.2	--	73	37960	卖盘
09:40:08	5.2	-0.01	243	126360	卖盘
09:40:02	5.21	--	17	8857	买盘
09:39:59	5.21	--	9	4689	买盘
09:39:38	5.21	0.01	5	2605	买盘
09:39:32	5.2	--	105	54600	卖盘
09:39:23	5.2	--	18	9360	卖盘
09:39:17	5.2	--	100	52000	卖盘
09:39:14	5.2	--	326	169520	卖盘
09:39:08	5.2	--	112	58240	卖盘
09:39:02	5.2	--	50	26000	卖盘
09:38:53	5.2	--	75	39000	卖盘
09:38:47	5.2	--	500	260000	买盘
09:38:38	5.2	--	34	17680	买盘
09:38:32	5.2	--	31	16120	买盘
09:38:23	5.2	--	20	10400	买盘
09:38:17	5.2	--	200	104000	买盘
09:38:13	5.2	--	57	29640	买盘
09:38:08	5.2	--	20	10400	买盘
09:37:58	5.2	0.01	20	10400	买盘
09:37:53	5.19	-0.01	5	2595	卖盘
09:37:47	5.2	--	118	61360	买盘
09:37:43	5.2	--	3	1560	买盘
09:37:32	5.2	--	105	54600	买盘
09:37:28	5.2	--	44	22880	买盘
09:37:23	5.2	--	20	10400	买盘
09:37:17	5.2	--	1444	750880	卖盘
09:37:13	5.2	-0.01	20	10400	卖盘
09:37:08	5.21	0.01	10	5210	买盘
09:37:02	5.2	--	1	520	卖盘
09:36:53	5.2	--	20	10400	卖盘
09:36:47	5.2	--	63	32760	卖盘
09:36:43	5.2	--	57	29640	卖盘
09:36:38	5.2	--	100	52000	卖盘
09:36:32	5.2	--	130	67600	卖盘
09:36:28	5.2	--	100	52000	卖盘
09:36:23	5.2	--	55	28600	卖盘
09:36:17	5.2	--	50	26000	卖盘
09:36:13	5.2	--	4	2080	卖盘
09:36:08	5.2	-0.01	20	10400	卖盘
09:36:02	5.21	0.01	69	35949	买盘
09:35:58	5.2	--	4	2080	卖盘
09:35:53	5.2	--	74	38480	卖盘
09:35:47	5.2	--	79	41080	卖盘
09:35:43	5.2	--	81	42120	卖盘
09:35:38	5.2	--	812	422240	卖盘
09:35:32	5.2	-0.01	1	520	卖盘
09:35:23	5.21	0.01	65	33865	买盘
09:35:17	5.2	-0.01	100	52000	卖盘
09:35:13	5.21	--	12	6252	买盘
09:35:08	5.21	--	13	6773	买盘
09:35:02	5.21	--	50	26050	买盘
09:34:53	5.21	-0.01	458	238618	卖盘
09:34:47	5.22	--	2	1044	买盘
09:34:43	5.22	0.01	37	19314	买盘
09:34:38	5.21	--	2	1042	卖盘
09:34:32	5.21	-0.01	17	8857	卖盘
09:34:28	5.22	--	128	66816	买盘
09:34:23	5.22	0.01	8	4176	买盘
09:34:17	5.21	-0.01	8	4168	卖盘
09:34:11	5.22	0.01	16	8352	买盘
09:34:08	5.21	--	10	5210	卖盘
09:34:02	5.21	0.01	7	3647	卖盘
09:33:56	5.2	-0.01	432	224640	卖盘
09:33:47	5.21	--	176	91696	卖盘
09:33:41	5.21	--	168	87528	买盘
09:33:38	5.21	--	110	57310	买盘
09:33:32	5.21	--	24	12504	买盘
09:33:26	5.21	--	176	91696	卖盘
09:33:17	5.21	-0.01	242	126082	卖盘
09:33:11	5.22	0.01	17	8874	买盘
09:33:02	5.21	-0.01	22	11462	卖盘
09:32:47	5.22	0.01	143	74646	买盘
09:32:41	5.21	--	42	21882	卖盘
09:32:32	5.21	--	13	6773	卖盘
09:32:17	5.21	0.01	273	142233	买盘
09:32:11	5.2	--	2	1040	卖盘
09:32:08	5.2	--	156	81120	卖盘
09:31:56	5.2	--	10	5200	卖盘
09:31:41	5.2	--	78	40560	买盘
09:31:37	5.2	--	10	5200	买盘
09:31:32	5.2	--	12	6240	买盘
09:31:26	5.2	--	160	83200	买盘
09:31:17	5.2	--	7	3640	买盘
09:31:11	5.2	--	95	49400	买盘
09:31:07	5.2	-0.01	265	137800	卖盘
09:30:56	5.21	0.01	111	57831	买盘
09:30:52	5.2	-0.01	44	22880	卖盘
09:30:47	5.21	--	104	54184	买盘
09:30:41	5.21	0.01	58	30218	买盘
09:30:32	5.2	-0.01	62	32240	卖盘
09:30:26	5.21	--	58	30218	卖盘
09:30:17	5.21	--	17	8857	买盘
09:30:11	5.21	--	12	6252	买盘
09:30:07	5.21	0.01	711	370431	买盘
09:30:02	5.2	-0.02	252	131040	卖盘
09:28:49	5.22	--	0	0	买盘
09:25:05	5.22	5.22	2266	1182852	买盘
