成交时间	成交价	价格变动	成交量(手)	成交额(元)	性质
15:00:00	13.61	--	0	0	卖盘
15:00:00	13.61	--	0	0	卖盘
14:59:59	13.61	--	2	2722	卖盘
14:59:53	13.61	--	11	14971	卖盘
14:59:38	13.61	--	87	118407	买盘
14:59:34	13.61	--	58	78938	买盘
14:59:29	13.61	--	48	65328	买盘
14:59:23	13.61	--	10	13610	买盘
14:59:19	13.61	0.01	1	1361	买盘
14:59:14	13.6	-0.01	20	27200	卖盘
14:59:08	13.61	-0.01	35	47635	卖盘
14:59:04	13.62	0.01	62	84444	买盘
14:58:59	13.61	--	3	4083	卖盘
14:58:53	13.61	--	8	10888	卖盘
14:58:44	13.61	-0.01	32	43552	卖盘
14:58:34	13.62	0.01	88	119856	买盘
14:58:29	13.61	--	22	29942	买盘
14:58:23	13.61	0.01	14	19054	买盘
14:58:14	13.6	--	275	374000	卖盘
14:58:08	13.6	-0.01	8	10880	卖盘
14:58:04	13.61	--	17	23137	买盘
14:57:59	13.61	-0.01	28	38108	卖盘
14:57:53	13.62	0.01	10	13620	买盘
14:57:49	13.61	-0.01	17	23137	卖盘
14:57:44	13.62	--	40	54480	买盘
14:57:38	13.62	--	104	141648	买盘
14:57:34	13.62	0.02	14	19068	买盘
14:57:29	13.6	-0.01	33	44880	卖盘
14:57:23	13.61	--	50	68050	卖盘
14:57:19	13.61	--	5	6805	卖盘
14:57:14	13.61	0.01	76	103436	买盘
14:57:08	13.6	--	20	27200	卖盘
14:57:04	13.6	-0.01	2	2720	卖盘
14:56:53	13.61	--	100	136100	买盘
14:56:49	13.61	0.01	4	5444	买盘
14:56:38	13.6	--	10	13600	卖盘
14:56:29	13.6	-0.01	1000	1360000	卖盘
14:56:23	13.61	--	1	1361	卖盘
14:56:19	13.61	-0.01	41	55801	卖盘
14:56:14	13.62	0.01	15	20430	买盘
14:56:08	13.61	--	227	308947	卖盘
14:56:04	13.61	--	5	6805	卖盘
14:55:59	13.61	--	15	20415	卖盘
14:55:53	13.61	--	18	24498	卖盘
14:55:44	13.61	--	44	59884	卖盘
14:55:38	13.61	--	8	10888	卖盘
14:55:34	13.61	0.01	105	142905	买盘
14:55:28	13.6	-0.01	9	12240	卖盘
14:55:17	13.61	--	58	78938	买盘
14:55:13	13.61	--	26	35386	买盘
14:55:08	13.61	--	17	23137	买盘
14:55:02	13.61	--	10	13610	买盘
14:54:58	13.61	--	8	10888	买盘
14:54:53	13.61	--	13	17693	卖盘
14:54:47	13.61	0.01	19	25859	买盘
14:54:43	13.6	--	42	57120	卖盘
14:54:38	13.6	--	26	35360	卖盘
14:54:28	13.6	--	100	136000	卖盘
14:54:23	13.6	-0.01	50	68000	卖盘
14:54:13	13.61	0.01	7	9527	买盘
14:54:08	13.6	-0.01	20	27200	卖盘
14:53:58	13.61	-0.01	62	84382	卖盘
14:53:53	13.62	0.01	13	17706	买盘
14:53:47	13.61	-0.01	7	9527	中性盘
14:53:43	13.62	--	1	1362	买盘
14:53:38	13.62	-0.02	5	6810	中性盘
14:53:28	13.64	0.04	29	39556	买盘
14:53:13	13.6	--	646	878560	卖盘
14:53:02	13.6	--	104	141440	买盘
14:52:58	13.6	--	14	19040	买盘
14:52:53	13.6	--	126	171360	卖盘
14:52:47	13.6	--	5	6800	卖盘
14:52:43	13.6	--	12	16320	卖盘
14:52:38	13.6	--	20	27200	卖盘
14:52:32	13.6	--	100	136000	卖盘
14:52:23	13.6	--	6	8160	卖盘
14:52:17	13.6	-0.01	60	81600	卖盘
14:52:08	13.61	0.01	59	80299	买盘
14:51:58	13.6	-0.01	3	4080	卖盘
14:51:53	13.61	--	2	2722	买盘
14:51:47	13.61	--	13	17693	买盘
14:51:43	13.61	--	4	5444	买盘
14:51:38	13.61	-0.01	298	405605	卖盘
14:51:32	13.62	--	2	2724	买盘
14:51:28	13.62	-0.01	35	47670	卖盘
14:51:23	13.63	0.01	105	143115	买盘
14:51:17	13.62	0.01	38	51756	卖盘
14:51:13	13.61	--	0	0	卖盘
14:51:08	13.61	-0.01	102	138822	卖盘
14:50:58	13.62	0.01	19	25878	买盘
14:50:47	13.61	--	49	66689	卖盘
14:50:38	13.61	--	248	338861	买盘
14:50:32	13.61	--	101	137461	买盘
14:50:23	13.61	--	66	89826	买盘
14:50:17	13.61	-0.01	318	432798	卖盘
14:50:08	13.62	--	10	13620	买盘
14:50:02	13.62	-0.01	106	144372	卖盘
14:49:53	13.63	--	28	38164	买盘
14:49:43	13.63	-0.01	84	114492	卖盘
14:49:32	13.64	--	30	40920	买盘
14:49:23	13.64	--	70	95480	卖盘
14:49:17	13.64	--	6	8184	卖盘
14:49:13	13.64	-0.01	4	5456	卖盘
14:49:02	13.65	-0.02	33	45045	买盘
14:48:58	13.67	--	0	0	买盘
14:48:52	13.67	0.03	159	217353	买盘
14:48:47	13.64	-0.03	120	164075	卖盘
14:48:37	13.67	--	220	300740	买盘
14:48:22	13.67	--	229	313043	买盘
14:48:07	13.67	--	4	5468	买盘
14:48:02	13.67	--	12	16404	买盘
14:47:56	13.67	--	1	1367	卖盘
14:47:52	13.67	--	40	54680	卖盘
14:47:41	13.67	--	6	8202	卖盘
14:47:37	13.67	--	8	10936	买盘
14:47:32	13.67	--	2	2734	买盘
14:47:17	13.67	--	200	273400	买盘
14:47:11	13.67	0.01	9	12303	买盘
14:47:02	13.66	-0.01	30	40980	卖盘
14:46:56	13.67	0.01	20	27340	买盘
14:46:52	13.66	-0.01	4	5464	卖盘
14:46:47	13.67	--	29	39643	卖盘
14:46:37	13.67	0.01	21	28707	中性盘
14:46:32	13.66	-0.01	100	136600	卖盘
14:46:26	13.67	--	9	12303	买盘
14:46:22	13.67	--	49	66983	买盘
14:46:17	13.67	0.01	2	2734	买盘
14:46:07	13.66	--	20	27320	卖盘
14:46:02	13.66	0.01	40	55609	买盘
14:45:52	13.65	--	52	70980	卖盘
14:45:41	13.65	--	5	6825	卖盘
14:45:32	13.65	0.01	106	144690	买盘
14:45:26	13.64	0.01	11	15004	中性盘
14:45:22	13.63	-0.01	21	28623	卖盘
14:45:17	13.64	--	10	13640	买盘
14:45:07	13.64	-0.01	20	27280	卖盘
14:45:02	13.65	--	3	4095	买盘
14:44:56	13.65	--	23	31395	买盘
14:44:47	13.65	--	3	4095	买盘
14:44:41	13.65	-0.01	18	24570	卖盘
14:44:37	13.66	--	3	4098	买盘
14:44:32	13.66	0.01	13	17758	买盘
14:44:26	13.65	-0.01	20	27300	卖盘
14:44:22	13.66	0.01	5	6830	买盘
14:44:17	13.65	--	10	13650	卖盘
14:44:02	13.65	--	159	217035	买盘
14:43:37	13.65	0.02	15	20475	买盘
14:43:32	13.63	--	5	6815	卖盘
14:43:26	13.63	--	20	27260	卖盘
14:43:22	13.63	--	332	452952	买盘
14:43:17	13.63	--	57	77691	买盘
14:43:11	13.63	0.01	17	23171	买盘
14:43:07	13.62	--	5	6810	中性盘
14:43:02	13.62	--	80	108960	卖盘
14:42:56	13.62	--	14	19068	卖盘
14:42:41	13.62	0.01	2	2724	中性盘
14:42:37	13.61	--	4	5444	卖盘
14:42:32	13.61	-0.01	176	239536	卖盘
14:42:26	13.62	--	73	99426	买盘
14:42:05	13.62	--	19	25878	卖盘
14:42:01	13.62	--	84	114408	卖盘
14:41:46	13.62	--	1	1362	卖盘
14:41:41	13.62	0.01	31	42222	买盘
14:41:31	13.61	--	5	6805	卖盘
14:41:26	13.61	--	40	54440	卖盘
14:41:20	13.61	--	50	68050	卖盘
14:41:16	13.61	-0.01	32	43552	卖盘
14:41:05	13.62	0.01	276	375912	买盘
14:41:01	13.61	-0.01	17	23137	卖盘
14:40:56	13.62	0.01	125	170250	买盘
14:40:46	13.61	--	65	88465	卖盘
14:40:41	13.61	--	70	95270	卖盘
14:40:35	13.61	--	10	13610	卖盘
14:40:31	13.61	--	145	197345	买盘
14:40:26	13.61	--	51	69411	买盘
14:40:20	13.61	--	71	96631	卖盘
14:40:16	13.61	--	40	54440	卖盘
14:40:11	13.61	--	11	14971	卖盘
14:40:05	13.61	--	38	51718	买盘
14:40:01	13.61	0.01	42	57162	卖盘
14:39:50	13.6	--	0	0	卖盘
14:39:46	13.6	-0.03	3	4080	卖盘
14:39:35	13.63	0.01	69	94047	买盘
14:39:31	13.62	--	4	5448	买盘
14:39:26	13.62	0.02	12	16343	买盘
14:39:16	13.6	-0.01	6	8160	卖盘
14:39:11	13.61	0.01	102	138822	买盘
14:39:05	13.6	--	10	13600	买盘
14:38:56	13.6	--	47	63920	卖盘
14:38:50	13.6	-0.01	106	144160	卖盘
14:38:46	13.61	--	3	4083	卖盘
14:38:41	13.61	0.01	1	1361	卖盘
14:38:35	13.6	-0.01	336	456960	卖盘
14:38:26	13.61	-0.01	103	140183	卖盘
14:38:20	13.62	-0.01	20	27240	买盘
14:38:01	13.63	0.01	99	134937	买盘
14:37:50	13.62	--	7	9534	买盘
14:37:46	13.62	-0.01	275	375476	卖盘
14:37:31	13.63	--	15	20445	买盘
14:37:20	13.63	-0.01	115	156745	卖盘
14:37:16	13.64	--	30	40920	买盘
14:37:01	13.64	--	52	70928	卖盘
14:36:56	13.64	--	6	8184	卖盘
14:36:50	13.64	--	27	36828	买盘
14:36:35	13.64	0.01	56	76384	买盘
14:36:26	13.63	--	137	186731	卖盘
14:36:16	13.63	--	6	8178	买盘
14:36:11	13.63	-0.02	14	19082	中性盘
14:36:05	13.65	0.02	24	32760	买盘
14:36:01	13.63	-0.01	75	102225	卖盘
14:35:56	13.64	--	10	13640	买盘
14:35:50	13.64	--	5	6820	买盘
14:35:40	13.64	--	279	380556	卖盘
14:35:25	13.64	--	0	0	卖盘
14:35:20	13.64	--	5	6820	卖盘
14:35:10	13.64	--	27	36828	买盘
14:34:59	13.64	-0.02	63	85932	卖盘
14:34:55	13.66	0.02	1	1366	买盘
14:34:40	13.64	--	5	6820	买盘
14:34:35	13.64	0.01	21	28644	买盘
14:34:29	13.63	--	1	1363	卖盘
14:34:25	13.63	--	4	5452	卖盘
14:34:20	13.63	--	22	29986	买盘
14:34:14	13.63	--	60	81780	买盘
14:34:10	13.63	--	10	13630	买盘
14:33:59	13.63	--	5	6815	卖盘
14:33:55	13.63	--	15	20445	卖盘
14:33:50	13.63	0.01	3	4089	中性盘
14:33:35	13.62	-0.02	10	13620	卖盘
14:33:29	13.64	0.02	35	47740	买盘
14:33:20	13.62	--	60	81720	卖盘
14:33:05	13.62	--	0	0	卖盘
14:32:55	13.62	-0.01	155	211545	卖盘
14:32:50	13.63	0.01	2	2726	买盘
14:32:44	13.62	-0.01	120	163440	卖盘
14:32:40	13.63	--	10	13630	买盘
14:32:35	13.63	--	142	194472	卖盘
14:32:20	13.63	-0.01	135	184005	卖盘
14:32:14	13.64	--	10	13640	卖盘
14:32:10	13.64	0.01	18	24988	买盘
14:32:05	13.63	--	11	14993	卖盘
14:31:59	13.63	--	100	136300	卖盘
14:31:50	13.63	-0.01	307	418441	卖盘
14:31:40	13.64	--	9	12276	买盘
14:31:29	13.64	--	2	2728	买盘
14:31:25	13.64	--	103	140492	卖盘
14:31:14	13.64	--	2	2728	卖盘
14:31:10	13.64	--	0	0	卖盘
14:31:05	13.64	--	32	43648	买盘
14:30:59	13.64	-0.05	48	65472	卖盘
14:30:55	13.69	-0.01	44	60236	中性盘
14:30:50	13.7	0.06	300	411000	买盘
14:30:40	13.64	-0.06	430	586520	卖盘
14:30:35	13.7	--	0	0	买盘
14:30:29	13.7	0.03	448	613760	买盘
14:30:25	13.67	-0.01	87	118929	卖盘
14:30:20	13.68	--	28	38304	卖盘
14:30:14	13.68	--	19	25992	卖盘
14:30:10	13.68	--	15	20520	卖盘
14:29:59	13.68	0.01	92	125856	买盘
14:29:55	13.67	-0.01	255	348585	卖盘
14:29:44	13.68	--	17	23256	买盘
14:29:29	13.68	0.01	49	67032	买盘
14:29:20	13.67	--	7	9569	卖盘
14:29:08	13.67	0.01	412	563204	买盘
14:28:59	13.66	-0.01	49	66934	卖盘
14:28:29	13.67	0.01	20	27340	买盘
14:28:19	13.66	--	81	110646	卖盘
14:28:04	13.66	--	100	136600	卖盘
14:27:59	13.66	--	80	109280	卖盘
14:27:23	13.66	-0.01	50	68300	卖盘
14:27:08	13.67	0.01	10	13670	买盘
14:27:04	13.66	--	30	40980	买盘
14:26:59	13.66	-0.01	52	71032	卖盘
14:26:49	13.67	0.01	30	41010	买盘
14:26:19	13.66	--	50	68300	卖盘
14:25:59	13.66	-0.01	80	109280	卖盘
14:25:53	13.67	--	10	13670	买盘
14:25:38	13.67	--	14	19138	买盘
14:25:23	13.67	--	14	19138	卖盘
14:24:59	13.67	--	82	112094	卖盘
14:24:23	13.67	--	5	6835	卖盘
14:24:08	13.67	--	31	42377	买盘
14:24:04	13.67	--	5	6835	买盘
14:23:59	13.67	--	44	60148	卖盘
14:23:53	13.67	-0.01	1	1367	卖盘
14:23:44	13.68	0.01	30	41040	买盘
14:23:23	13.67	-0.01	19	25973	卖盘
14:23:14	13.68	-0.02	98	134064	卖盘
14:23:08	13.7	0.02	703	963110	买盘
14:22:58	13.68	--	87	119016	买盘
14:22:53	13.68	--	171	233928	卖盘
14:22:47	13.68	--	13	17784	卖盘
14:22:43	13.68	--	5	6840	卖盘
14:22:38	13.68	--	10	13680	卖盘
14:22:32	13.68	-0.01	30	41040	卖盘
14:22:28	13.69	0.01	4	5476	买盘
14:22:08	13.68	--	1	1368	卖盘
14:21:58	13.68	-0.01	80	109440	卖盘
14:21:53	13.69	0.01	46	62974	买盘
14:21:43	13.68	-0.01	35	47880	卖盘
14:21:32	13.69	0.01	4	5476	买盘
14:21:23	13.68	-0.01	35	47880	卖盘
14:21:17	13.69	--	5	6845	买盘
14:20:58	13.69	--	77	105413	卖盘
14:20:38	13.69	--	43	58867	买盘
14:20:32	13.69	--	11	15059	卖盘
14:20:28	13.69	--	13	17797	卖盘
14:20:23	13.69	--	23	31487	卖盘
14:19:58	13.69	-0.01	85	116365	卖盘
14:19:23	13.7	0.01	19	26030	买盘
14:19:08	13.69	--	10	13690	卖盘
14:19:02	13.69	-0.01	80	109520	卖盘
14:18:47	13.7	0.01	10	13700	买盘
14:18:43	13.69	--	10	13690	卖盘
14:18:38	13.69	--	2	2738	卖盘
14:18:32	13.69	-0.01	5	6845	卖盘
14:18:23	13.7	0.01	18	24660	买盘
14:18:02	13.69	-0.01	80	109520	卖盘
14:17:58	13.7	--	88	120560	买盘
14:17:47	13.7	--	5	6850	买盘
14:17:38	13.7	--	5	6850	买盘
14:17:23	13.7	0.01	10	13700	买盘
14:17:07	13.69	-0.01	60	82140	卖盘
14:17:02	13.7	--	30	41100	中性盘
14:16:53	13.7	--	15	20550	卖盘
14:16:47	13.7	--	80	109600	卖盘
14:16:37	13.7	--	3	4110	卖盘
14:16:32	13.7	--	31	42470	买盘
14:16:11	13.7	--	20	27400	买盘
14:16:02	13.7	-0.01	66	90420	卖盘
14:15:52	13.71	--	0	0	买盘
14:15:47	13.71	--	21	28791	买盘
14:15:41	13.71	--	0	0	买盘
14:15:37	13.71	--	260	356460	卖盘
14:15:32	13.71	0.02	3	4113	卖盘
14:15:17	13.69	--	0	0	卖盘
14:15:07	13.69	--	0	0	卖盘
14:15:02	13.69	-0.01	122	167018	卖盘
14:14:56	13.7	0.01	399	546630	买盘
14:14:52	13.69	-0.01	92	125948	卖盘
14:14:47	13.7	0.01	300	411000	买盘
14:14:32	13.69	--	33	45177	买盘
14:14:26	13.69	--	5	6845	买盘
14:14:22	13.69	0.01	97	132793	买盘
14:14:17	13.68	--	5	6840	卖盘
14:14:02	13.68	--	85	116280	卖盘
14:13:52	13.68	--	0	0	中性盘
14:13:47	13.68	-0.01	20	27360	买盘
14:13:07	13.69	0.01	6	8214	卖盘
14:13:02	13.68	-0.01	80	109440	卖盘
14:12:56	13.69	0.01	21	28749	买盘
14:12:47	13.68	--	4	5472	卖盘
14:12:41	13.68	--	3	4104	买盘
14:12:37	13.68	0.01	32	43776	买盘
14:12:32	13.67	--	65	88855	卖盘
14:12:26	13.67	--	20	27340	卖盘
14:12:22	13.67	--	2	2734	卖盘
14:12:17	13.67	0.01	23	31441	买盘
14:12:11	13.66	--	10	13660	买盘
14:12:07	13.66	--	34	46444	买盘
14:12:02	13.66	-0.01	25	34150	卖盘
14:11:56	13.67	--	4	5468	买盘
14:11:52	13.67	0.01	1	1367	买盘
14:11:47	13.66	0.02	81	110646	买盘
14:11:41	13.64	--	134	182776	买盘
14:11:37	13.64	--	100	136400	买盘
14:11:26	13.64	-0.01	162	220968	卖盘
14:11:22	13.65	--	7	9555	卖盘
14:11:17	13.65	--	20	27300	卖盘
14:11:11	13.65	--	5	6825	卖盘
14:11:06	13.65	--	17	23205	买盘
14:11:02	13.65	--	65	88725	买盘
14:10:56	13.65	--	29	39585	卖盘
14:10:41	13.65	-0.01	598	816270	卖盘
14:10:31	13.66	--	0	0	卖盘
14:10:16	13.66	-0.02	228	311448	卖盘
14:10:05	13.68	--	27	36936	买盘
14:10:01	13.68	--	36	49248	卖盘
14:09:56	13.68	--	100	136800	卖盘
14:09:41	13.68	-0.01	20	27360	卖盘
14:09:31	13.69	--	10	13690	买盘
14:09:26	13.69	--	37	50653	买盘
14:09:16	13.69	-0.01	2	2738	卖盘
14:09:05	13.7	--	27	36990	买盘
14:09:01	13.7	-0.03	514	704180	卖盘
14:08:56	13.73	0.02	350	480550	买盘
14:08:50	13.71	0.01	4	5484	买盘
14:08:46	13.7	-0.01	39	53430	卖盘
14:08:41	13.71	--	5	6855	买盘
14:08:35	13.71	--	4	5484	买盘
14:08:26	13.71	--	15	20565	买盘
14:08:16	13.71	-0.01	5	6855	卖盘
14:08:11	13.72	0.01	74	101528	买盘
14:08:05	13.71	--	7	9597	卖盘
14:08:01	13.71	--	55	75405	卖盘
14:07:56	13.71	--	105	143955	买盘
14:07:50	13.71	0.01	7	9597	买盘
14:07:46	13.7	-0.01	6	8220	卖盘
14:07:41	13.71	-0.01	17	23307	卖盘
14:07:31	13.72	0.01	20	27440	买盘
14:07:26	13.71	-0.01	121	165891	卖盘
14:07:16	13.72	0.01	11	15092	买盘
14:07:05	13.71	-0.01	15	20565	卖盘
14:07:01	13.72	0.01	79	108388	卖盘
14:06:50	13.71	-0.01	14	20263	卖盘
14:06:46	13.72	0.01	30	41160	买盘
14:06:31	13.71	0.01	14	19194	买盘
14:06:20	13.7	--	55	75350	买盘
14:06:11	13.7	-0.02	27	36990	买盘
14:06:05	13.72	0.02	505	692860	买盘
14:06:01	13.7	--	80	109600	卖盘
14:05:56	13.7	--	109	149330	卖盘
14:05:50	13.7	--	31	42470	卖盘
14:05:46	13.7	--	95	130150	买盘
14:05:41	13.7	--	5	6850	卖盘
14:05:35	13.7	--	28	38360	卖盘
14:05:26	13.7	-0.01	21	28770	中性盘
14:05:20	13.71	0.01	156	213876	买盘
14:05:11	13.7	--	33	45210	买盘
14:05:01	13.7	--	36	49621	卖盘
14:04:50	13.7	0.03	171	235338	买盘
14:04:41	13.67	--	0	0	卖盘
14:04:35	13.67	-0.01	100	136700	卖盘
14:04:31	13.68	--	5	6840	卖盘
14:04:26	13.68	--	10	13680	中性盘
14:04:20	13.68	0.01	36	49248	买盘
14:04:10	13.67	--	37	50579	买盘
14:04:05	13.67	0.01	48	65616	买盘
14:03:59	13.66	--	0	0	卖盘
14:03:55	13.66	-0.02	105	143430	卖盘
14:03:50	13.68	0.01	2	2736	买盘
14:03:29	13.67	--	200	273400	卖盘
14:03:25	13.67	--	6	8202	卖盘
14:03:10	13.67	--	2	2734	卖盘
14:02:59	13.67	--	80	109360	卖盘
14:02:55	13.67	--	9	12303	卖盘
14:02:44	13.67	-0.01	7	9569	卖盘
14:02:40	13.68	0.01	47	64296	买盘
14:02:25	13.67	-0.02	267	364989	卖盘
14:02:20	13.69	0.01	10	13690	买盘
14:02:14	13.68	-0.01	47	64296	卖盘
14:02:10	13.69	--	27	36963	买盘
14:01:59	13.69	--	1	1369	卖盘
14:01:55	13.69	--	23	31487	卖盘
14:01:40	13.69	-0.01	314	429866	买盘
14:01:14	13.7	--	27	36990	买盘
14:01:10	13.7	--	0	0	买盘
14:01:05	13.7	0.01	37	50690	买盘
14:00:59	13.69	--	52	71188	卖盘
14:00:55	13.69	-0.01	10	13690	卖盘
14:00:40	13.7	0.01	70	95900	买盘
14:00:29	13.69	-0.01	39	53391	卖盘
14:00:14	13.7	--	28	38360	卖盘
14:00:10	13.7	-0.01	13	17810	买盘
14:00:05	13.71	--	0	0	买盘
13:59:59	13.71	0.02	130	178230	买盘
13:59:55	13.69	-0.01	50	68450	卖盘
13:59:44	13.7	-0.01	49	67130	卖盘
13:59:40	13.71	0.01	300	411300	买盘
13:59:34	13.7	--	64	87680	卖盘
13:59:29	13.7	--	10	13700	卖盘
13:59:25	13.7	--	10	13700	卖盘
13:59:20	13.7	--	30	41100	买盘
13:59:14	13.7	0.01	10	13700	买盘
13:59:10	13.69	--	5	6845	卖盘
13:58:59	13.69	-0.01	80	109520	卖盘
13:58:55	13.7	0.01	114	156180	买盘
13:58:50	13.69	0.01	50	68450	买盘
13:58:44	13.68	-0.01	21	28728	卖盘
13:58:40	13.69	0.01	8	10952	买盘
13:58:29	13.68	-0.01	6	8208	卖盘
13:58:25	13.69	0.01	7	9583	买盘
13:58:20	13.68	-0.01	85	116280	卖盘
13:58:14	13.69	--	37	50653	买盘
13:57:59	13.69	-0.01	106	145114	卖盘
13:57:49	13.7	-0.01	84	115080	卖盘
13:57:44	13.71	--	147	201537	卖盘
13:57:34	13.71	-0.01	28	38388	卖盘
13:57:29	13.72	0.01	252	345744	买盘
13:57:23	13.71	--	15	20565	卖盘
13:57:19	13.71	-0.01	155	212505	卖盘
13:57:14	13.72	-0.01	130	178360	卖盘
13:57:08	13.73	0.01	20	27460	买盘
13:57:04	13.72	-0.01	15	20580	卖盘
13:56:59	13.73	0.01	97	133181	买盘
13:56:53	13.72	--	65	89180	卖盘
13:56:49	13.72	--	2	2744	卖盘
13:56:44	13.72	--	5	6860	卖盘
13:56:38	13.72	--	1	1372	卖盘
13:56:29	13.72	--	1	1372	买盘
13:56:23	13.72	-0.01	5	6860	买盘
13:56:19	13.73	--	40	54920	买盘
13:56:14	13.73	0.01	109	149657	买盘
13:56:08	13.72	-0.01	257	352604	卖盘
13:56:04	13.73	--	23	31579	卖盘
13:55:59	13.73	-0.02	93	127689	卖盘
13:55:49	13.75	--	0	0	买盘
13:55:44	13.75	0.01	70	96250	买盘
13:55:38	13.74	-0.01	5	6870	卖盘
13:55:34	13.75	--	17	23375	卖盘
13:55:23	13.75	--	7	9625	卖盘
13:55:19	13.75	-0.01	36	49500	卖盘
13:55:14	13.76	-0.01	237	326112	卖盘
13:55:08	13.77	0.01	3	4131	买盘
13:55:04	13.76	--	41	56416	卖盘
13:54:59	13.76	--	99	136224	卖盘
13:54:49	13.76	--	10	13760	卖盘
13:54:44	13.76	-0.01	121	166496	卖盘
13:54:38	13.77	0.01	10	13770	买盘
13:54:34	13.76	-0.01	24	33024	卖盘
13:54:29	13.77	0.01	108	148716	中性盘
13:54:23	13.76	-0.01	9	12384	卖盘
13:54:19	13.77	-0.01	32	44064	中性盘
13:54:14	13.78	0.01	26	35828	买盘
13:53:59	13.77	-0.01	53	72981	卖盘
13:53:53	13.78	--	13	17914	卖盘
13:53:49	13.78	0.01	69	95082	买盘
13:53:44	13.77	--	29	39933	卖盘
13:53:38	13.77	--	67	92259	卖盘
13:53:29	13.77	--	4	5508	卖盘
13:53:23	13.77	-0.01	2	2754	卖盘
13:53:19	13.78	0.01	8	11024	买盘
13:53:13	13.77	-0.01	26	35802	卖盘
13:53:08	13.78	-0.01	102	140556	卖盘
13:53:04	13.79	--	75	103425	卖盘
13:52:59	13.79	0.02	166	228914	买盘
13:52:53	13.77	-0.02	81	111537	卖盘
13:52:49	13.79	--	21	28959	买盘
13:52:44	13.79	0.02	117	161343	买盘
13:52:38	13.77	-0.03	105	144585	卖盘
13:52:29	13.8	0.01	539	743820	买盘
13:52:23	13.79	0.01	21	28959	买盘
13:52:13	13.78	-0.01	5	6890	卖盘
13:52:08	13.79	0.01	21	28959	买盘
13:52:04	13.78	-0.01	9	12402	卖盘
13:51:59	13.79	--	127	175133	买盘
13:51:53	13.79	--	100	137900	卖盘
13:51:48	13.79	--	5	6895	卖盘
13:51:43	13.79	--	22	30337	卖盘
13:51:38	13.79	0.02	151	208229	买盘
13:51:33	13.77	--	35	48195	卖盘
13:51:28	13.77	0.01	61	83997	卖盘
13:51:23	13.76	0.01	46	63296	卖盘
13:51:17	13.75	-0.05	40	55000	卖盘
13:51:13	13.8	--	105	144900	买盘
13:51:08	13.8	0.05	606	836280	买盘
13:51:02	13.75	0.01	16	22000	买盘
13:50:58	13.74	--	540	741960	卖盘
13:50:53	13.74	-0.04	5	6870	卖盘
13:50:47	13.78	--	0	0	买盘
13:50:43	13.78	0.03	500	689000	买盘
13:50:38	13.75	0.02	21	28875	买盘
13:50:28	13.73	-0.01	20	27460	卖盘
13:50:23	13.74	--	31	42594	买盘
13:50:17	13.74	0.01	5	6870	买盘
13:50:13	13.73	-0.01	5	6865	卖盘
13:50:08	13.74	--	6	8244	买盘
13:50:02	13.74	--	9	12366	买盘
13:49:58	13.74	-0.02	24	32976	卖盘
13:49:53	13.76	0.01	136	187136	买盘
13:49:47	13.75	-0.01	175	240625	卖盘
13:49:43	13.76	--	54	74304	买盘
13:49:38	13.76	--	48	66048	买盘
13:49:32	13.76	--	137	188512	买盘
13:49:28	13.76	-0.01	15	20640	中性盘
13:49:23	13.77	--	36	49572	买盘
13:49:17	13.77	0.01	72	99144	买盘
13:49:13	13.76	-0.02	99	136224	卖盘
13:49:08	13.78	0.01	104	143312	买盘
13:49:02	13.77	0.01	120	165240	买盘
13:48:58	13.76	-0.01	80	110080	卖盘
13:48:53	13.77	0.02	237	326349	买盘
13:48:47	13.75	--	184	253000	卖盘
13:48:43	13.75	-0.01	10	13750	卖盘
13:48:38	13.76	--	44	60544	买盘
13:48:28	13.76	0.01	134	184384	买盘
13:48:23	13.75	--	253	347875	买盘
13:48:17	13.75	0.01	52	71500	买盘
13:48:13	13.74	--	50	68700	卖盘
13:48:02	13.74	-0.01	10	13740	卖盘
13:47:58	13.75	--	221	303875	买盘
13:47:53	13.75	--	14	19250	买盘
13:47:43	13.75	0.01	56	77000	买盘
13:47:38	13.74	--	20	27480	卖盘
13:47:32	13.74	0.01	235	322890	买盘
13:47:28	13.73	-0.01	126	172998	卖盘
13:47:23	13.74	--	10	13740	买盘
13:47:17	13.74	--	15	20610	买盘
13:47:13	13.74	--	9	12366	买盘
13:47:08	13.74	0.01	9	12366	买盘
13:47:02	13.73	--	80	109840	卖盘
13:46:53	13.73	-0.01	132	181236	卖盘
13:46:37	13.74	0.01	65	89310	买盘
13:46:32	13.73	0.02	101	138673	买盘
13:46:28	13.71	-0.01	50	68550	卖盘
13:46:22	13.72	--	10	13720	卖盘
13:46:17	13.72	0.01	284	390032	买盘
13:46:13	13.71	--	13	17823	卖盘
13:46:08	13.71	--	102	139842	卖盘
13:46:02	13.71	0.01	89	122019	卖盘
13:45:43	13.7	-0.01	10	13700	卖盘
13:45:37	13.71	--	70	95970	卖盘
13:45:32	13.71	--	25	34275	买盘
13:45:27	13.71	0.01	27	37017	买盘
13:45:23	13.7	--	10	13700	卖盘
13:45:17	13.7	--	43	58910	卖盘
13:45:07	13.7	--	20	27400	卖盘
13:45:02	13.7	-0.01	95	130150	卖盘
13:44:52	13.71	--	7	9597	买盘
13:44:47	13.71	--	13	17823	买盘
13:44:41	13.71	-0.01	146	200166	卖盘
13:44:37	13.72	--	0	0	卖盘
13:44:32	13.72	-0.01	10	13720	卖盘
13:44:26	13.73	0.01	45	61785	买盘
13:44:22	13.72	--	127	174244	买盘
13:44:17	13.72	--	22	30184	买盘
13:44:07	13.72	--	29	39788	买盘
13:44:02	13.72	-0.01	71	97412	卖盘
13:43:47	13.73	0.01	47	64531	买盘
13:43:41	13.72	--	6	8232	卖盘
13:43:37	13.72	--	246	337512	卖盘
13:43:32	13.72	--	9	12348	卖盘
13:43:07	13.72	-0.01	10	13720	卖盘
13:43:02	13.73	--	130	178490	买盘
13:42:56	13.73	0.01	7	9611	买盘
13:42:52	13.72	--	26	35672	卖盘
13:42:47	13.72	--	2	2744	卖盘
13:42:37	13.72	-0.03	2	2744	卖盘
13:42:32	13.75	0.02	1247	1714625	买盘
13:42:26	13.73	--	36	49428	买盘
13:42:22	13.73	--	3	4119	买盘
13:42:17	13.73	--	55	75515	卖盘
13:42:11	13.73	-0.01	30	41190	卖盘
13:42:07	13.74	0.01	190	261060	买盘
13:42:02	13.73	--	18	24714	卖盘
13:41:52	13.73	--	115	157895	买盘
13:41:41	13.73	--	5	6865	买盘
13:41:37	13.73	--	42	57666	买盘
13:41:32	13.73	--	42	57666	卖盘
13:41:26	13.73	--	96	131808	买盘
13:41:22	13.73	0.01	55	75515	买盘
13:41:17	13.72	--	100	137200	卖盘
13:41:11	13.72	-0.01	24	32928	卖盘
13:41:07	13.73	0.02	148	203204	买盘
13:41:02	13.71	--	100	137100	中性盘
13:40:56	13.71	0.01	181	248151	买盘
13:40:46	13.7	0.01	25	34250	卖盘
13:40:37	13.69	--	0	0	卖盘
13:40:32	13.69	--	216	295704	卖盘
13:40:26	13.69	-0.01	2	2738	卖盘
13:40:16	13.7	--	50	68500	买盘
13:40:11	13.7	0.02	1008	1380960	买盘
13:40:07	13.68	0.01	14	19152	买盘
13:40:01	13.67	-0.01	134	183178	卖盘
13:39:46	13.68	0.01	84	114912	买盘
13:39:31	13.67	--	21	28707	买盘
13:39:26	13.67	--	5	6835	买盘
13:39:22	13.67	--	30	41010	买盘
13:39:11	13.67	--	90	123030	买盘
13:39:07	13.67	--	24	32808	卖盘
13:39:01	13.67	-0.01	104	142168	卖盘
13:38:56	13.68	-0.01	10	13680	买盘
13:38:46	13.69	0.01	30	41070	买盘
13:38:41	13.68	--	57	77976	卖盘
13:38:31	13.68	--	59	80712	卖盘
13:38:26	13.68	--	14	19152	卖盘
13:38:20	13.68	--	22	30096	买盘
13:38:11	13.68	--	34	46512	卖盘
13:38:05	13.68	--	10	13680	卖盘
13:37:56	13.68	--	10	13680	卖盘
13:37:50	13.68	--	6	8208	买盘
13:37:41	13.68	-0.01	135	184680	卖盘
13:37:35	13.69	0.01	4	5476	买盘
13:37:31	13.68	-0.01	8	10944	卖盘
13:37:26	13.69	0.01	5	6845	买盘
13:37:16	13.68	-0.02	28	38304	卖盘
13:37:11	13.7	0.01	96	131520	买盘
13:37:01	13.69	0.01	37	50653	买盘
13:36:56	13.68	0.01	18	24624	卖盘
13:36:50	13.67	--	0	0	卖盘
13:36:46	13.67	-0.03	100	136700	卖盘
13:36:35	13.7	0.02	27	36990	买盘
13:36:31	13.68	-0.02	80	109440	卖盘
13:36:26	13.7	0.01	259	354830	买盘
13:36:20	13.69	0.02	3	4107	买盘
13:36:16	13.67	-0.01	100	136700	卖盘
13:36:11	13.68	-0.01	23	31464	卖盘
13:36:05	13.69	--	0	0	中性盘
13:36:01	13.69	0.01	31	42439	买盘
13:35:56	13.68	-0.02	11	15048	卖盘
13:35:50	13.7	0.01	130	178100	买盘
13:35:46	13.69	--	74	101306	卖盘
13:35:41	13.69	--	123	168387	卖盘
13:35:35	13.69	-0.01	31	42439	卖盘
13:35:31	13.7	--	52	71240	买盘
13:35:16	13.7	-0.01	95	130150	卖盘
13:35:11	13.71	--	149	204279	买盘
13:35:01	13.71	0.02	15	20565	买盘
13:34:56	13.69	0.01	82	112258	买盘
13:34:50	13.68	-0.02	200	273600	卖盘
13:34:46	13.7	-0.01	148	202760	卖盘
13:34:41	13.71	0.01	9	12339	买盘
13:34:35	13.7	--	28	38360	买盘
13:34:31	13.7	--	8	10960	卖盘
13:34:26	13.7	--	91	124670	卖盘
13:34:20	13.7	--	33	45210	买盘
13:34:16	13.7	--	55	75350	买盘
13:34:11	13.7	0.01	53	72610	买盘
13:34:05	13.69	--	8	10952	卖盘
13:33:55	13.69	-0.01	12	16428	卖盘
13:33:50	13.7	--	7	9590	买盘
13:33:35	13.7	--	58	79460	买盘
13:33:31	13.7	0.02	9	12330	买盘
13:33:25	13.68	-0.02	276	377568	卖盘
13:33:20	13.7	-0.01	217	297290	卖盘
13:33:10	13.71	--	96	131616	卖盘
13:33:05	13.71	-0.01	64	87744	卖盘
13:32:55	13.72	--	10	13720	买盘
13:32:50	13.72	-0.02	134	183848	卖盘
13:32:46	13.74	0.02	74	101676	买盘
13:32:35	13.72	-0.02	107	146804	卖盘
13:32:30	13.74	0.02	215	295410	买盘
13:32:25	13.72	-0.02	7	9604	卖盘
13:32:20	13.74	-0.01	7	9618	买盘
13:32:15	13.75	--	0	0	中性盘
13:32:10	13.75	-0.01	5	6875	中性盘
13:32:05	13.76	0.01	69	94944	买盘
13:31:59	13.75	--	36	49500	买盘
13:31:55	13.75	-0.03	545	749375	卖盘
13:31:50	13.78	0.01	392	540176	买盘
13:31:44	13.77	-0.01	82	112914	卖盘
13:31:40	13.78	0.02	76	104728	中性盘
13:31:35	13.76	-0.01	130	178880	卖盘
13:31:29	13.77	-0.01	28	38556	卖盘
13:31:25	13.78	0.02	194	267332	买盘
13:31:20	13.76	--	42	57792	卖盘
13:31:14	13.76	-0.02	420	577920	卖盘
13:31:10	13.78	0.03	427	588406	买盘
13:31:05	13.75	0.03	158	217250	买盘
13:30:59	13.72	--	30	41160	卖盘
13:30:55	13.72	-0.01	124	170128	卖盘
13:30:50	13.73	0.02	120	164760	买盘
13:30:44	13.71	--	43	58953	卖盘
13:30:40	13.71	--	34	46614	卖盘
13:30:35	13.71	--	1090	1494390	买盘
13:30:29	13.71	0.01	19	26049	买盘
13:30:25	13.7	0.03	164	224680	卖盘
13:30:20	13.67	-0.02	133	181811	卖盘
13:30:14	13.69	0.01	3	4107	卖盘
13:30:10	13.68	--	526	719568	卖盘
13:30:05	13.68	0.01	276	377568	买盘
13:29:59	13.67	-0.01	18	24606	卖盘
13:29:55	13.68	0.01	53	72504	买盘
13:29:50	13.67	0.02	520	710840	买盘
13:29:40	13.65	--	86	117390	买盘
13:29:35	13.65	-0.01	132	180180	卖盘
13:29:29	13.66	0.01	28	38248	买盘
13:29:25	13.65	--	35	47775	卖盘
13:29:20	13.65	0.01	187	255255	买盘
13:29:14	13.64	0.01	53	72292	中性盘
13:29:10	13.63	--	209	284867	买盘
13:29:05	13.63	0.02	182	248066	买盘
13:28:59	13.61	0.01	5	6805	买盘
13:28:55	13.6	-0.01	22	29920	卖盘
13:28:50	13.61	0.04	446	607210	买盘
13:28:44	13.57	-0.03	10	13570	中性盘
13:28:40	13.6	0.04	897	1219920	买盘
13:28:35	13.56	--	201	272556	卖盘
13:28:29	13.56	--	3	4068	卖盘
13:28:20	13.56	--	1	1356	卖盘
13:28:14	13.56	0.01	82	111192	买盘
13:28:05	13.55	-0.01	3	4065	卖盘
13:27:59	13.56	0.01	13	17628	买盘
13:27:55	13.55	--	8	10840	卖盘
13:27:44	13.55	--	47	63685	买盘
13:27:35	13.55	--	158	214090	买盘
13:27:24	13.55	-0.01	83	112465	卖盘
13:27:14	13.56	0.01	7	9492	买盘
13:26:59	13.55	--	12	16260	卖盘
13:26:55	13.55	-0.01	110	149050	卖盘
13:26:49	13.56	0.01	106	143736	买盘
13:26:34	13.55	-0.01	30	40650	买盘
13:26:19	13.56	--	12	16272	买盘
13:26:09	13.56	--	46	62376	卖盘
13:26:04	13.56	0.01	62	84072	买盘
13:25:54	13.55	-0.01	8	10840	卖盘
13:25:49	13.56	0.01	200	271200	买盘
13:25:44	13.55	--	56	75880	卖盘
13:25:39	13.55	-0.01	50	67750	卖盘
13:25:34	13.56	0.01	20	27120	买盘
13:25:29	13.55	-0.02	6	8130	买盘
13:25:14	13.57	0.02	100	135700	买盘
13:25:08	13.55	--	12	16260	买盘
13:25:04	13.55	-0.01	73	99077	卖盘
13:24:59	13.56	--	4	5424	买盘
13:24:53	13.56	--	38	51528	买盘
13:24:49	13.56	--	4	5424	买盘
13:24:34	13.56	0.01	11	14916	买盘
13:24:23	13.55	-0.01	57	78427	买盘
13:24:19	13.56	--	0	0	买盘
13:24:08	13.56	--	0	0	买盘
13:24:04	13.56	0.02	100	135600	买盘
13:23:59	13.54	-0.01	0	988	卖盘
13:23:49	13.55	0.01	100	135500	中性盘
13:23:44	13.54	--	25	34215	买盘
13:23:38	13.54	-0.02	34	47024	卖盘
13:23:34	13.56	--	545	739020	买盘
13:23:29	13.56	0.01	166	225096	买盘
13:23:19	13.55	--	51	69105	卖盘
13:22:59	13.55	--	9	12195	卖盘
13:22:44	13.55	--	20	27100	卖盘
13:22:34	13.55	--	10	13550	卖盘
13:22:19	13.55	--	14	18970	卖盘
13:22:04	13.55	--	33	44715	买盘
13:21:59	13.55	--	23	31165	卖盘
13:21:49	13.55	--	67	90785	买盘
13:21:44	13.55	--	186	252030	买盘
13:21:38	13.55	--	168	227640	买盘
13:21:34	13.55	--	1	1355	买盘
13:21:29	13.55	0.01	37	50135	买盘
13:21:23	13.54	--	11	14893	卖盘
13:21:13	13.54	--	10	13540	卖盘
13:21:04	13.54	--	5	6770	卖盘
13:20:53	13.54	--	184	249501	买盘
13:20:48	13.54	0.01	4	5416	买盘
13:20:43	13.53	--	30	40590	买盘
13:20:38	13.53	-0.01	2	2706	买盘
13:20:23	13.54	0.02	333	450882	买盘
13:20:08	13.52	--	14	18928	买盘
13:20:03	13.52	--	54	73994	卖盘
13:19:48	13.52	--	13	17941	买盘
13:19:43	13.52	--	233	315016	买盘
13:19:38	13.52	--	3	4056	买盘
13:19:08	13.52	0.01	25	33800	买盘
13:18:58	13.51	--	1	1351	卖盘
13:18:53	13.51	--	80	108080	卖盘
13:18:23	13.51	--	123	166173	买盘
13:18:13	13.51	-0.01	7	9457	卖盘
13:18:08	13.52	0.01	3	4056	买盘
13:17:53	13.51	-0.01	70	94570	卖盘
13:17:43	13.52	--	0	0	买盘
13:17:38	13.52	0.01	22	29744	买盘
13:17:28	13.51	-0.01	250	337750	卖盘
13:17:17	13.52	0.01	30	40560	买盘
13:16:58	13.51	--	55	74305	卖盘
13:16:53	13.51	--	25	33775	卖盘
13:16:43	13.51	--	20	27020	卖盘
13:16:28	13.51	--	10	13510	卖盘
13:16:23	13.51	-0.01	1	1351	卖盘
13:16:13	13.52	--	7	9464	买盘
13:16:02	13.52	--	4	5408	买盘
13:15:58	13.52	--	6	8112	买盘
13:15:53	13.52	--	25	33800	买盘
13:15:38	13.52	--	100	135200	买盘
13:15:28	13.52	0.01	30	40560	买盘
13:15:08	13.51	--	1	1351	卖盘
13:14:53	13.51	--	8	10808	买盘
13:14:38	13.51	--	2	2702	卖盘
13:14:17	13.51	--	8	10808	卖盘
13:14:12	13.51	--	50	67550	卖盘
13:13:37	13.51	--	18	24318	卖盘
13:13:32	13.51	0.01	11	14861	中性盘
13:13:27	13.5	--	126	170194	卖盘
13:13:22	13.5	--	4	5400	卖盘
13:13:07	13.5	-0.01	117	157950	卖盘
13:12:52	13.51	--	20	27020	买盘
13:12:47	13.51	--	51	68901	买盘
13:12:32	13.51	0.01	20	27020	买盘
13:12:17	13.5	--	38	51300	买盘
13:12:11	13.5	--	30	40500	买盘
13:12:07	13.5	0.01	32	43200	买盘
13:12:02	13.49	-0.01	10	13490	卖盘
13:11:52	13.5	--	34	45900	买盘
13:11:47	13.5	--	7	9450	买盘
13:11:26	13.5	--	50	67500	买盘
13:11:07	13.5	--	0	0	买盘
13:11:02	13.5	0.01	515	695250	买盘
13:10:52	13.49	--	19	25631	卖盘
13:10:47	13.49	-0.01	10	13490	卖盘
13:10:41	13.5	--	3	4050	买盘
13:10:37	13.5	0.01	4	5400	买盘
13:10:32	13.49	--	10	13490	卖盘
13:10:22	13.49	--	42	56658	卖盘
13:09:32	13.49	--	1	1349	卖盘
13:09:17	13.49	--	53	71497	卖盘
13:09:02	13.49	--	5	6745	卖盘
13:08:56	13.49	--	6	8094	卖盘
13:08:47	13.49	--	60	80940	买盘
13:08:37	13.49	--	6	8094	买盘
13:08:11	13.49	0.01	3	4047	买盘
13:08:02	13.48	--	10	13480	卖盘
13:07:36	13.48	--	82	110536	卖盘
13:07:31	13.48	-0.01	20	26960	卖盘
13:06:56	13.49	--	13	17537	买盘
13:06:51	13.49	--	10	13490	买盘
13:06:41	13.49	--	10	13490	买盘
13:06:01	13.49	--	3	4047	卖盘
13:05:46	13.49	0.01	97	130853	买盘
13:05:41	13.48	-0.01	117	157716	卖盘
13:05:31	13.49	--	65	87685	买盘
13:04:50	13.49	0.01	20	26980	买盘
13:04:41	13.48	--	10	13480	卖盘
13:04:26	13.48	--	12	16176	卖盘
13:03:35	13.48	-0.01	4	5392	卖盘
13:03:01	13.49	-0.01	19	25631	卖盘
13:02:46	13.5	--	8	10800	买盘
13:02:31	13.5	0.01	33	44550	买盘
13:02:26	13.49	-0.01	13	17537	卖盘
13:02:16	13.5	--	24	32400	买盘
13:01:56	13.5	--	6	8100	卖盘
13:01:46	13.5	0.01	19	25650	买盘
13:01:30	13.49	-0.01	10	13490	卖盘
13:01:26	13.5	0.01	10	13500	买盘
13:01:15	13.49	-0.01	10	13490	卖盘
13:01:11	13.5	0.01	34	45900	买盘
13:01:05	13.49	-0.01	8	10792	卖盘
13:00:25	13.5	--	5	6750	买盘
13:00:10	13.5	0.01	14	18900	买盘
13:00:05	13.49	--	45	60705	卖盘
11:30:00	13.49	--	0	0	卖盘
11:29:59	13.49	-0.01	100	134900	卖盘
11:29:51	13.5	--	0	0	中性盘
11:29:40	13.5	--	30	40500	买盘
11:29:31	13.5	--	22	29700	买盘
11:28:55	13.5	-0.01	25	33750	卖盘
11:28:36	13.51	--	30	40530	买盘
11:28:21	13.51	0.01	1	1351	买盘
11:28:01	13.5	-0.01	4	5400	卖盘
11:27:51	13.51	0.01	112	151312	买盘
11:27:46	13.5	--	22	29700	买盘
11:27:40	13.5	--	16	21600	买盘
11:27:36	13.5	--	143	193050	买盘
11:27:06	13.5	0.01	23	31050	买盘
11:26:10	13.49	-0.01	6	8094	卖盘
11:26:06	13.5	--	25	33750	买盘
11:26:01	13.5	0.01	54	72900	买盘
11:25:51	13.49	--	20	26980	卖盘
11:25:31	13.49	--	10	13490	卖盘
11:25:25	13.49	-0.01	4	5396	卖盘
11:25:21	13.5	0.01	20	27000	买盘
11:25:16	13.49	--	114	153786	卖盘
11:24:55	13.49	--	0	0	中性盘
11:24:46	13.49	--	0	0	中性盘
11:24:40	13.49	0.02	6	8094	买盘
11:24:34	13.47	-0.02	54	72738	卖盘
11:24:31	13.49	0.02	86	116014	买盘
11:24:25	13.47	-0.02	12	16164	卖盘
11:24:19	13.49	0.02	38	51262	买盘
11:23:46	13.47	-0.01	5	6735	卖盘
11:23:40	13.48	0.01	110	148280	买盘
11:23:34	13.47	--	0	0	中性盘
11:23:30	13.47	0.01	5	6735	买盘
11:23:10	13.46	--	4	5384	卖盘
11:23:04	13.46	--	77	103642	买盘
11:22:55	13.46	--	6	8076	买盘
11:22:49	13.46	--	35	47110	买盘
11:22:40	13.46	--	402	541092	卖盘
11:22:34	13.46	--	5	6730	卖盘
11:22:30	13.46	--	369	496674	卖盘
11:22:25	13.46	-0.01	510	686460	卖盘
11:22:15	13.47	--	150	202050	卖盘
11:22:10	13.47	--	5	6735	卖盘
11:22:00	13.47	--	0	0	卖盘
11:21:49	13.47	-0.03	36	48492	买盘
11:21:40	13.5	0.03	16	21600	买盘
11:21:34	13.47	--	24	32328	买盘
11:21:25	13.47	--	50	67350	买盘
11:21:15	13.47	-0.01	255	343485	卖盘
11:21:04	13.48	--	24	32352	买盘
11:20:55	13.48	-0.01	147	198156	卖盘
11:20:49	13.49	0.01	96	129504	买盘
11:20:25	13.48	--	7	9436	卖盘
11:20:15	13.48	--	100	134800	卖盘
11:20:04	13.48	-0.01	54	72792	卖盘
11:19:49	13.49	--	0	0	中性盘
11:19:45	13.49	--	27	36423	买盘
11:19:40	13.49	-0.01	73	98477	卖盘
11:19:34	13.5	--	34	45900	买盘
11:19:25	13.5	0.01	10	13500	买盘
11:19:19	13.49	-0.01	40	53960	卖盘
11:19:04	13.5	--	24	32400	买盘
11:18:55	13.5	--	3	4050	买盘
11:18:49	13.5	--	127	171450	卖盘
11:18:13	13.5	--	32	43200	卖盘
11:18:04	13.5	-0.01	27	36450	卖盘
11:17:54	13.51	0.01	20	27020	买盘
11:17:49	13.5	-0.02	300	405000	卖盘
11:17:43	13.52	0.01	187	252824	买盘
11:17:39	13.51	--	7	9457	卖盘
11:17:34	13.51	0.01	11	14861	买盘
11:17:28	13.5	-0.01	3	4050	卖盘
11:17:25	13.51	--	50	67550	买盘
11:17:19	13.51	--	30	40530	买盘
11:17:09	13.51	--	206	278306	买盘
11:17:04	13.51	--	24	32424	买盘
11:16:54	13.51	0.01	16	21616	买盘
11:16:49	13.5	--	13	17550	卖盘
11:16:24	13.5	--	172	232200	买盘
11:16:09	13.5	--	10	13500	买盘
11:16:04	13.5	--	118	159300	卖盘
11:15:34	13.5	--	40	54000	卖盘
11:15:24	13.5	-0.01	10	13500	卖盘
11:15:19	13.51	0.01	3	4053	买盘
11:15:13	13.5	-0.01	30	40500	卖盘
11:15:04	13.51	--	57	77007	买盘
11:14:54	13.51	--	36	48636	买盘
11:14:34	13.51	--	51	68901	买盘
11:14:28	13.51	--	5	6755	买盘
11:14:19	13.51	--	10	13510	买盘
11:14:13	13.51	0.01	9	12159	买盘
11:14:09	13.5	-0.01	8	10800	卖盘
11:14:04	13.51	--	42	56742	买盘
11:13:58	13.51	--	10	13510	买盘
11:13:54	13.51	--	0	0	中性盘
11:13:49	13.51	--	39	52689	买盘
11:13:39	13.51	--	62	83762	卖盘
11:13:13	13.51	--	36	48636	卖盘
11:12:58	13.51	--	1	1351	卖盘
11:12:49	13.51	--	4	5404	卖盘
11:12:43	13.51	--	3	4053	卖盘
11:12:34	13.51	--	40	54040	卖盘
11:12:19	13.51	--	18	24318	买盘
11:12:04	13.51	--	44	59444	卖盘
11:11:58	13.51	--	0	0	中性盘
11:11:52	13.51	--	11	14861	买盘
11:11:43	13.51	--	39	52689	卖盘
11:11:34	13.51	0.01	10	13510	卖盘
11:11:28	13.5	--	0	0	卖盘
11:11:19	13.5	-0.01	20	27000	卖盘
11:11:13	13.51	0.01	5	6755	中性盘
11:10:43	13.5	--	3	4050	卖盘
11:10:37	13.5	-0.02	4	5400	卖盘
11:10:33	13.52	--	24	32448	买盘
11:10:07	13.52	--	6	9085	卖盘
11:10:03	13.52	--	17	23362	买盘
11:09:48	13.52	--	27	37477	卖盘
11:09:33	13.52	--	20	27040	卖盘
11:09:18	13.52	0.02	157	212642	买盘
11:09:13	13.5	--	100	135000	卖盘
11:09:07	13.5	--	0	0	卖盘
11:08:58	13.5	-0.01	10	13500	卖盘
11:08:52	13.51	0.01	5	6755	买盘
11:08:43	13.5	--	3	4050	卖盘
11:08:28	13.5	-0.02	8	10800	卖盘
11:08:18	13.52	--	0	0	买盘
11:08:07	13.52	--	24	32448	买盘
11:07:58	13.52	--	0	0	买盘
11:07:52	13.52	0.02	134	181168	买盘
11:07:48	13.5	--	50	67500	买盘
11:07:37	13.5	--	74	99900	买盘
11:07:33	13.5	--	126	170100	卖盘
11:07:22	13.5	--	30	40500	卖盘
11:07:07	13.5	--	43	58050	买盘
11:06:58	13.5	--	25	33750	卖盘
11:06:48	13.5	0.01	96	129600	买盘
11:06:18	13.49	-0.01	10	13490	卖盘
11:06:07	13.5	-0.02	24	32400	买盘
11:05:58	13.52	--	0	0	买盘
11:05:52	13.52	0.03	5	6760	买盘
11:05:46	13.49	--	0	0	卖盘
11:05:37	13.49	-0.02	180	242820	卖盘
11:05:31	13.51	--	20	27020	卖盘
11:05:28	13.51	--	5	6755	卖盘
11:05:22	13.51	--	30	40530	卖盘
11:05:13	13.51	--	26	35126	卖盘
11:04:52	13.51	-0.01	2	2702	卖盘
11:04:37	13.52	--	0	0	买盘
11:04:31	13.52	0.01	8	10816	买盘
11:04:27	13.51	--	36	49608	卖盘
11:04:22	13.51	--	10	13510	卖盘
11:04:16	13.51	--	300	405300	卖盘
11:04:12	13.51	-0.01	10	13510	卖盘
11:04:07	13.52	--	27	36504	买盘
11:03:52	13.52	--	24	32448	卖盘
11:03:46	13.52	--	11	14872	卖盘
11:03:42	13.52	--	5	6760	卖盘
11:03:37	13.52	--	40	54080	卖盘
11:03:27	13.52	--	10	13520	卖盘
11:03:22	13.52	--	9	12168	卖盘
11:03:16	13.52	--	20	27040	卖盘
11:03:12	13.52	--	14	18928	卖盘
11:03:07	13.52	--	90	121680	卖盘
11:02:52	13.52	-0.01	142	191984	卖盘
11:02:37	13.53	--	195	263835	卖盘
11:02:27	13.53	--	51	69003	卖盘
11:02:22	13.53	--	20	27060	卖盘
11:02:16	13.53	--	10	13530	卖盘
11:02:12	13.53	--	352	476256	卖盘
11:01:52	13.53	-0.01	40	54120	卖盘
11:01:46	13.54	--	3	4061	买盘
11:01:37	13.54	--	332	449528	卖盘
11:01:31	13.54	--	22	29787	卖盘
11:01:27	13.54	--	4	5416	卖盘
11:01:22	13.54	--	3	4061	卖盘
11:01:07	13.54	--	8	10832	卖盘
11:01:01	13.54	-0.01	10	13540	卖盘
11:00:57	13.55	0.01	1	1355	买盘
11:00:31	13.54	--	30	40620	卖盘
11:00:22	13.54	0.01	16	21664	买盘
11:00:16	13.53	--	54	73062	卖盘
11:00:01	13.53	--	3	4059	卖盘
10:59:57	13.53	--	5	6765	卖盘
10:59:52	13.53	--	152	205656	买盘
10:59:37	13.53	--	62	83886	卖盘
10:59:25	13.53	--	1	1353	卖盘
10:59:16	13.53	-0.01	100	135300	卖盘
10:59:07	13.54	--	24	32495	买盘
10:59:01	13.54	--	0	0	中性盘
10:58:55	13.54	--	5	6770	卖盘
10:58:52	13.54	--	20	27080	卖盘
10:58:46	13.54	-0.01	95	128629	卖盘
10:58:40	13.55	0.01	7	9485	买盘
10:58:36	13.54	--	15	20310	卖盘
10:58:21	13.54	--	1	1354	卖盘
10:58:01	13.54	--	39	52806	卖盘
10:57:51	13.54	--	9	12186	卖盘
10:57:46	13.54	--	2	2708	卖盘
10:57:16	13.54	-0.01	4	5416	卖盘
10:57:06	13.55	--	24	32520	买盘
10:57:01	13.55	0.01	45	60975	买盘
10:56:51	13.54	--	12	16247	卖盘
10:56:36	13.54	--	7	9478	卖盘
10:56:31	13.54	--	1	1354	卖盘
10:56:21	13.54	--	2	2708	卖盘
10:56:16	13.54	--	76	102904	卖盘
10:56:01	13.54	-0.01	2	2708	卖盘
10:55:40	13.55	--	10	13550	买盘
10:55:31	13.55	--	50	67750	买盘
10:55:25	13.55	-0.01	10	13550	卖盘
10:55:21	13.56	0.01	100	135600	买盘
10:55:16	13.55	--	10	13550	卖盘
10:55:10	13.55	--	3	4065	卖盘
10:55:06	13.55	--	25	33875	卖盘
10:55:01	13.55	--	100	135500	卖盘
10:54:55	13.55	--	1	1355	卖盘
10:54:46	13.55	--	100	135500	卖盘
10:54:25	13.55	--	10	13550	卖盘
10:54:21	13.55	--	5	6775	卖盘
10:54:16	13.55	--	12	16260	卖盘
10:54:10	13.55	-0.01	50	67750	卖盘
10:54:01	13.56	0.01	2	2712	买盘
10:53:55	13.55	--	10	13550	卖盘
10:53:51	13.55	-0.01	40	54200	卖盘
10:53:46	13.56	--	56	75936	买盘
10:53:31	13.56	--	40	54240	卖盘
10:53:16	13.56	--	282	382392	卖盘
10:53:10	13.56	--	49	66444	卖盘
10:53:04	13.56	--	14	18984	卖盘
10:53:01	13.56	--	165	223740	卖盘
10:52:49	13.56	0.01	331	448836	买盘
10:52:46	13.55	-0.03	95	128725	卖盘
10:52:34	13.58	--	0	0	买盘
10:52:30	13.58	0.04	516	700728	买盘
10:52:25	13.54	-0.02	58	78532	卖盘
10:52:19	13.56	0.02	472	640032	买盘
10:52:15	13.54	-0.01	6	8123	卖盘
10:52:10	13.55	0.01	5	6775	买盘
10:52:04	13.54	--	6	8123	卖盘
10:51:55	13.54	--	320	433280	卖盘
10:51:40	13.54	--	78	105612	买盘
10:51:34	13.54	--	40	54160	买盘
10:51:30	13.54	-0.01	10	13540	中性盘
10:51:25	13.55	--	114	154470	买盘
10:51:15	13.55	--	10	13550	买盘
10:51:10	13.55	--	5	6775	买盘
10:51:00	13.55	0.01	31	42005	买盘
10:50:55	13.54	--	0	0	中性盘
10:50:45	13.54	-0.02	10	13540	买盘
10:50:40	13.56	0.03	10	13560	买盘
10:50:30	13.53	0.01	2	2706	卖盘
10:50:25	13.52	-0.04	10	13520	卖盘
10:50:15	13.56	0.04	10	13560	买盘
10:50:04	13.52	-0.05	396	535392	卖盘
10:50:00	13.57	--	99	134343	买盘
10:49:55	13.57	--	150	203550	卖盘
10:49:45	13.57	--	57	77349	买盘
10:49:40	13.57	--	0	0	买盘
10:49:30	13.57	-0.01	7	9499	中性盘
10:49:25	13.58	-0.01	19	25802	中性盘
10:49:19	13.59	--	556	755604	买盘
10:49:15	13.59	0.01	12	16308	买盘
10:49:10	13.58	0.01	30	40740	卖盘
10:49:04	13.57	--	0	0	卖盘
10:49:00	13.57	-0.02	10	13570	中性盘
10:48:55	13.59	0.01	121	164439	买盘
10:48:49	13.58	0.01	1153	1565774	买盘
10:48:45	13.57	--	30	40710	卖盘
10:48:40	13.57	--	33	44781	买盘
10:48:34	13.57	0.01	16	21712	买盘
10:48:30	13.56	--	4	5424	卖盘
10:48:25	13.56	0.02	59	80302	买盘
10:48:19	13.54	-0.04	100	136456	卖盘
10:48:15	13.58	0.04	1789	2429462	买盘
10:48:04	13.54	--	13	17602	卖盘
10:48:00	13.54	--	10	13540	卖盘
10:47:55	13.54	--	147	199335	买盘
10:47:49	13.54	0.02	30	40620	买盘
10:47:40	13.52	--	24	32448	卖盘
10:47:34	13.52	-0.01	4	5408	卖盘
10:47:30	13.53	0.01	35	47355	买盘
10:47:25	13.52	--	6	8112	买盘
10:47:19	13.52	-0.02	11	14872	买盘
10:47:13	13.54	--	0	0	买盘
10:47:10	13.54	--	0	0	买盘
10:47:04	13.54	0.03	340	460360	买盘
10:46:55	13.51	--	30	40530	卖盘
10:46:49	13.51	--	5	6755	卖盘
10:46:43	13.51	--	45	61173	买盘
10:46:40	13.51	0.01	190	256690	买盘
10:46:34	13.5	-0.01	1	1350	卖盘
10:46:25	13.51	--	38	51338	买盘
10:46:19	13.51	--	7	9457	买盘
10:46:13	13.51	-0.02	135	183357	卖盘
10:46:09	13.53	0.02	115	155595	买盘
10:46:04	13.51	-0.02	200	270200	卖盘
10:45:58	13.53	--	7	10526	卖盘
10:45:54	13.53	-0.01	27	36828	卖盘
10:45:49	13.54	0.03	50	67700	买盘
10:45:43	13.51	-0.02	16	21913	卖盘
10:45:39	13.53	0.02	38	51414	买盘
10:45:34	13.51	-0.02	7	9754	卖盘
10:45:28	13.53	0.01	247	334191	买盘
10:45:24	13.52	--	8	10816	卖盘
10:45:19	13.52	-0.01	101	136552	卖盘
10:45:13	13.53	0.01	20	27060	买盘
10:45:09	13.52	--	52	70304	卖盘
10:45:04	13.52	-0.01	206	278512	卖盘
10:44:58	13.53	0.01	10	13530	买盘
10:44:54	13.52	-0.01	32	43264	卖盘
10:44:49	13.53	-0.01	54	73062	卖盘
10:44:43	13.54	0.01	6	8123	买盘
10:44:39	13.53	0.02	2	2706	中性盘
10:44:34	13.51	--	0	0	卖盘
10:44:28	13.51	-0.04	3	4053	卖盘
10:44:24	13.55	0.04	242	329048	买盘
10:44:19	13.51	--	100	135100	买盘
10:44:13	13.51	--	50	67550	买盘
10:44:09	13.51	-0.01	319	431185	卖盘
10:44:04	13.52	0.01	112	152559	买盘
10:43:49	13.51	0.01	45	60795	买盘
10:43:43	13.5	--	41	55350	买盘
10:43:39	13.5	--	237	319950	买盘
10:43:34	13.5	0.01	56	75600	买盘
10:43:28	13.49	--	332	447868	卖盘
10:43:24	13.49	--	43	58007	买盘
10:43:19	13.49	0.01	12	16188	买盘
10:43:09	13.48	--	4	5392	卖盘
10:43:04	13.48	--	50	67400	卖盘
10:42:58	13.48	--	15	20220	卖盘
10:42:54	13.48	--	105	141540	买盘
10:42:49	13.48	0.01	40	53920	买盘
10:42:43	13.47	-0.01	22	29634	卖盘
10:42:34	13.48	-0.01	56	75488	卖盘
10:42:28	13.49	-0.01	5	6745	中性盘
10:42:19	13.5	--	0	0	买盘
10:42:13	13.5	--	14	18900	卖盘
10:42:09	13.5	-0.01	6	8100	卖盘
10:42:04	13.51	--	35	47285	买盘
10:41:58	13.51	--	79	106729	卖盘
10:41:54	13.51	--	50	67550	卖盘
10:41:49	13.51	--	50	67550	卖盘
10:41:43	13.51	-0.01	1	1351	卖盘
10:41:39	13.52	--	14	18928	买盘
10:41:34	13.52	--	10	13520	买盘
10:41:28	13.52	-0.01	81	109728	卖盘
10:41:24	13.53	0.01	11	14883	买盘
10:41:19	13.52	-0.01	178	240656	卖盘
10:41:13	13.53	--	103	140495	买盘
10:41:09	13.53	--	48	64944	买盘
10:41:04	13.53	--	87	117711	买盘
10:40:58	13.53	0.02	288	389664	中性盘
10:40:52	13.51	--	0	0	卖盘
10:40:49	13.51	-0.02	346	467446	卖盘
10:40:43	13.53	0.03	208	281424	买盘
10:40:37	13.5	--	2	2700	卖盘
10:40:28	13.5	0.03	476	642600	买盘
10:40:19	13.47	-0.01	80	107760	卖盘
10:40:03	13.48	0.01	223	300604	买盘
10:39:58	13.47	0.04	245	330015	买盘
10:39:48	13.43	--	106	143190	买盘
10:39:43	13.43	--	3	4029	买盘
10:39:33	13.43	0.01	145	194735	买盘
10:39:18	13.42	--	24	32208	买盘
10:39:13	13.42	--	15	20130	买盘
10:39:03	13.42	--	226	303292	买盘
10:38:58	13.42	0.01	12	16104	买盘
10:38:52	13.41	--	1	1341	卖盘
10:38:33	13.41	--	15	20115	卖盘
10:38:18	13.41	--	9	12069	买盘
10:38:13	13.41	--	41	54981	卖盘
10:37:58	13.41	-0.01	5	6705	卖盘
10:37:52	13.42	0.01	19	25498	买盘
10:37:43	13.41	--	20	26820	买盘
10:37:37	13.41	--	5	6705	买盘
10:37:33	13.41	--	13	17433	卖盘
10:37:28	13.41	--	37	49617	买盘
10:37:22	13.41	--	17	22797	买盘
10:37:07	13.41	--	26	34866	买盘
10:36:58	13.41	0.01	1	1341	买盘
10:36:48	13.4	--	30	40200	卖盘
10:36:43	13.4	--	30	40200	卖盘
10:36:37	13.4	--	4	5360	卖盘
10:36:33	13.4	--	2	2680	卖盘
10:36:28	13.4	--	60	80400	卖盘
10:36:22	13.4	--	5	6700	卖盘
10:36:18	13.4	--	18	24120	卖盘
10:36:13	13.4	--	2	2680	买盘
10:36:07	13.4	0.01	26	34840	买盘
10:36:03	13.39	-0.01	5	6695	卖盘
10:35:58	13.4	0.01	23	30820	买盘
10:35:48	13.39	--	5	6695	卖盘
10:35:37	13.39	--	5	6695	卖盘
10:35:28	13.39	--	5	6695	卖盘
10:35:22	13.39	--	14	18746	卖盘
10:35:13	13.39	-0.01	20	26780	卖盘
10:35:07	13.4	--	14	18880	买盘
10:34:52	13.4	0.01	3	4020	买盘
10:34:31	13.39	--	10	13390	卖盘
10:34:28	13.39	-0.01	8	10712	卖盘
10:34:22	13.4	--	0	0	买盘
10:34:16	13.4	0.01	100	134000	买盘
10:34:13	13.39	0.01	27	36153	买盘
10:34:07	13.38	-0.03	1	1338	卖盘
10:33:57	13.41	0.02	121	162261	买盘
10:33:52	13.39	--	66	88374	卖盘
10:33:37	13.39	--	216	289224	卖盘
10:33:16	13.39	-0.01	1	1339	卖盘
10:33:12	13.4	--	27	36180	买盘
10:32:57	13.4	--	51	68340	卖盘
10:32:31	13.4	-0.01	5	6700	卖盘
10:32:22	13.41	0.01	16	21456	买盘
10:32:16	13.4	--	1	1340	卖盘
10:32:12	13.4	-0.02	47	62980	卖盘
10:31:57	13.42	0.02	11	14762	买盘
10:31:37	13.4	-0.02	100	134000	卖盘
10:31:27	13.42	0.01	12	16104	买盘
10:31:22	13.41	0.01	211	282951	买盘
10:31:12	13.4	-0.01	34	45560	卖盘
10:31:07	13.41	--	6	8046	买盘
10:31:01	13.41	0.01	1	1341	买盘
10:30:57	13.4	--	12	16080	卖盘
10:30:31	13.4	--	18	24120	卖盘
10:30:07	13.4	--	0	0	中性盘
10:30:01	13.4	--	15	20100	买盘
10:29:52	13.4	0.01	120	160800	买盘
10:29:46	13.39	-0.01	106	141934	卖盘
10:29:31	13.4	--	210	281400	买盘
10:29:16	13.4	--	26	34840	买盘
10:29:07	13.4	--	23	30820	买盘
10:29:01	13.4	--	37	49580	买盘
10:28:37	13.4	--	47	62980	卖盘
10:28:27	13.4	--	73	97820	买盘
10:28:21	13.4	--	6	8040	买盘
10:28:16	13.4	0.01	26	34840	买盘
10:28:10	13.39	-0.01	60	80340	卖盘
10:28:07	13.4	0.01	23	30820	买盘
10:27:52	13.39	-0.01	2	2678	卖盘
10:27:46	13.4	--	6	8040	买盘
10:27:21	13.4	0.02	173	231820	买盘
10:27:16	13.38	--	150	200700	卖盘
10:27:06	13.38	--	265	354570	买盘
10:27:01	13.38	--	5	6690	买盘
10:26:51	13.38	--	38	50844	卖盘
10:26:36	13.38	--	22	29436	买盘
10:26:31	13.38	--	20	26760	买盘
10:26:16	13.38	--	76	101688	买盘
10:26:06	13.38	--	32	42816	买盘
10:26:01	13.38	--	50	66900	买盘
10:25:46	13.38	--	126	168588	卖盘
10:25:16	13.38	-0.01	81	108378	卖盘
10:25:06	13.39	--	11	14729	买盘
10:25:01	13.39	0.01	13	17407	买盘
10:24:55	13.38	-0.01	1	1338	卖盘
10:24:51	13.39	0.01	50	66950	买盘
10:24:46	13.38	-0.01	242	323796	卖盘
10:24:40	13.39	--	30	40170	买盘
10:24:36	13.39	--	15	20085	买盘
10:24:16	13.39	--	26	34814	买盘
10:24:10	13.39	--	9	12051	买盘
10:23:46	13.39	--	8	10712	卖盘
10:23:36	13.39	-0.01	23	30797	卖盘
10:23:31	13.4	--	30	40200	买盘
10:23:25	13.4	--	200	268000	买盘
10:23:16	13.4	--	32	42880	买盘
10:23:06	13.4	--	50	67000	买盘
10:22:25	13.4	--	0	0	买盘
10:22:16	13.4	--	26	34840	买盘
10:22:10	13.4	0.03	115	154100	买盘
10:22:04	13.37	-0.02	246	328902	卖盘
10:21:55	13.39	--	26	34814	买盘
10:21:45	13.39	--	19	25441	买盘
10:21:30	13.39	0.01	5	6695	买盘
10:21:25	13.38	--	99	132462	卖盘
10:21:19	13.38	-0.01	52	70378	卖盘
10:21:15	13.39	-0.01	80	107120	买盘
10:20:45	13.4	--	0	0	买盘
10:20:40	13.4	0.01	4	5360	买盘
10:20:34	13.39	-0.01	1	1339	买盘
10:20:25	13.4	--	0	0	买盘
10:20:19	13.4	--	26	34840	买盘
10:20:15	13.4	--	21	28140	买盘
10:20:00	13.4	0.02	233	312220	买盘
10:19:49	13.38	-0.01	51	68238	卖盘
10:19:45	13.39	0.01	181	242359	买盘
10:19:34	13.38	-0.01	10	13380	卖盘
10:19:30	13.39	0.01	187	250393	买盘
10:19:25	13.38	--	10	13380	买盘
10:19:19	13.38	--	96	128448	买盘
10:19:15	13.38	--	107	143166	买盘
10:19:00	13.38	--	20	26760	买盘
10:18:49	13.38	--	7	9366	买盘
10:18:45	13.38	--	24	32112	买盘
10:18:40	13.38	--	50	66900	买盘
10:18:25	13.38	--	84	112392	买盘
10:18:19	13.38	--	76	101688	买盘
10:18:15	13.38	--	2	2676	买盘
10:18:10	13.38	--	49	65562	卖盘
10:18:04	13.38	--	5	6690	卖盘
10:17:55	13.38	--	4	5352	买盘
10:17:40	13.38	-0.01	51	68238	卖盘
10:17:25	13.39	--	31	41509	买盘
10:17:19	13.39	--	36	48204	买盘
10:17:15	13.39	0.01	100	133900	买盘
10:17:10	13.38	-0.01	36	48168	卖盘
10:17:04	13.39	--	6	8034	卖盘
10:16:55	13.39	--	3	4017	卖盘
10:16:49	13.39	--	11	14729	卖盘
10:16:34	13.39	--	0	0	卖盘
10:16:25	13.39	--	162	216918	卖盘
10:15:49	13.39	--	19	25441	买盘
10:15:39	13.39	--	10	13390	买盘
10:15:34	13.39	0.01	10	13390	买盘
10:15:28	13.38	--	8	10704	卖盘
10:15:04	13.38	--	215	287670	卖盘
10:14:39	13.38	-0.01	51	68238	卖盘
10:14:34	13.39	--	18	24102	买盘
10:14:24	13.39	-0.01	268	358852	卖盘
10:14:19	13.4	--	3	4020	买盘
10:14:04	13.4	-0.01	11	14740	卖盘
10:13:54	13.41	0.01	26	34866	买盘
10:13:49	13.4	-0.01	20	26800	卖盘
10:13:28	13.41	--	13	18411	卖盘
10:13:24	13.41	--	44	59366	买盘
10:13:04	13.41	0.01	88	118008	买盘
10:12:54	13.4	-0.01	100	134000	卖盘
10:12:49	13.41	--	1	1341	买盘
10:12:43	13.41	--	1	1341	买盘
10:12:34	13.41	--	5	6705	买盘
10:12:24	13.41	--	33	45231	卖盘
10:12:09	13.41	--	2	3044	买盘
10:12:04	13.41	--	7	9387	买盘
10:11:54	13.41	-0.01	118	159216	卖盘
10:11:49	13.42	--	4	5368	买盘
10:11:34	13.42	0.01	3	4026	买盘
10:10:58	13.41	--	24	32184	卖盘
10:10:54	13.41	--	25	33525	卖盘
10:10:39	13.41	--	26	34866	卖盘
10:10:34	13.41	--	36	48276	卖盘
10:09:58	13.41	--	13	17433	卖盘
10:09:54	13.41	-0.01	16	21456	卖盘
10:09:43	13.42	0.01	24	32208	买盘
10:09:34	13.41	-0.01	20	26820	卖盘
10:09:28	13.42	0.01	26	34892	买盘
10:09:24	13.41	-0.01	100	134100	卖盘
10:09:13	13.42	-0.01	25	33550	中性盘
10:09:07	13.43	0.01	133	178619	买盘
10:09:03	13.42	-0.01	31	41602	卖盘
10:08:52	13.43	--	0	0	买盘
10:08:43	13.43	0.02	11	14773	买盘
10:08:37	13.41	-0.02	5	6705	卖盘
10:08:33	13.43	0.01	250	335750	买盘
10:08:28	13.42	--	20	26840	买盘
10:08:22	13.42	0.01	16	21472	买盘
10:08:18	13.41	--	20	26820	卖盘
10:08:13	13.41	-0.01	18	24500	卖盘
10:08:03	13.42	--	34	45628	买盘
10:07:48	13.42	--	3	4026	买盘
10:07:43	13.42	--	7	9394	买盘
10:07:33	13.42	--	20	26840	买盘
10:07:28	13.42	0.01	52	69784	买盘
10:07:22	13.41	--	5	6705	卖盘
10:07:18	13.41	-0.01	3	4023	卖盘
10:07:13	13.42	0.01	17	22814	买盘
10:07:03	13.41	--	12	16092	买盘
10:06:48	13.41	--	109	146169	买盘
10:06:37	13.41	--	10	13410	买盘
10:06:28	13.41	--	27	36207	买盘
10:06:22	13.41	--	20	26820	买盘
10:06:18	13.41	0.01	10	13410	买盘
10:06:13	13.4	-0.01	44	58960	卖盘
10:06:03	13.41	--	20	26820	买盘
10:05:58	13.41	0.01	94	126054	买盘
10:05:48	13.4	-0.01	100	134000	卖盘
10:05:33	13.41	--	5	6705	买盘
10:05:28	13.41	0.01	20	26820	买盘
10:05:07	13.4	--	6	8040	卖盘
10:04:52	13.4	-0.01	30	40200	卖盘
10:04:48	13.41	--	20	26820	买盘
10:04:43	13.41	--	62	83142	买盘
10:04:33	13.41	--	10	13410	买盘
10:04:28	13.41	0.01	27	36207	买盘
10:04:22	13.4	--	2	2680	卖盘
10:04:18	13.4	--	13	17420	买盘
10:04:13	13.4	0.01	46	61640	买盘
10:04:03	13.39	-0.01	118	158002	卖盘
10:03:57	13.4	--	129	172860	买盘
10:03:52	13.4	--	99	132660	买盘
10:03:48	13.4	--	358	479720	买盘
10:03:33	13.4	--	122	163480	买盘
10:03:27	13.4	--	7	9380	买盘
10:03:13	13.4	--	30	40200	买盘
10:03:07	13.4	--	31	41540	买盘
10:03:03	13.4	--	106	142040	买盘
10:02:58	13.4	--	52	69680	买盘
10:02:37	13.4	0.01	1	1340	买盘
10:02:31	13.39	-0.01	20	26780	卖盘
10:02:27	13.4	0.01	6	8040	买盘
10:02:01	13.39	--	61	81679	买盘
10:01:57	13.39	--	7	9373	买盘
10:01:52	13.39	--	80	107120	卖盘
10:01:42	13.39	--	50	66950	卖盘
10:01:31	13.39	--	10	13390	买盘
10:01:22	13.39	--	5	6695	买盘
10:01:16	13.39	0.01	20	26780	买盘
10:01:07	13.38	--	20	26760	卖盘
10:00:57	13.38	--	30	40140	卖盘
10:00:52	13.38	--	1	1338	卖盘
10:00:42	13.38	--	10	13380	卖盘
10:00:37	13.38	-0.01	20	26760	卖盘
10:00:31	13.39	--	25	33475	买盘
10:00:22	13.39	--	5	6695	买盘
10:00:16	13.39	0.01	5	6695	买盘
10:00:12	13.38	-0.01	1	1338	卖盘
09:59:57	13.39	--	25	33475	卖盘
09:59:52	13.39	--	100	133900	卖盘
09:59:31	13.39	--	25	33475	买盘
09:59:22	13.39	--	0	0	中性盘
09:59:16	13.39	--	8	10712	买盘
09:59:12	13.39	--	5	6695	买盘
09:59:07	13.39	-0.01	7	9373	卖盘
09:58:57	13.4	--	43	57620	买盘
09:58:52	13.4	--	69	92460	买盘
09:58:42	13.4	--	1	1340	买盘
09:58:37	13.4	--	80	107200	卖盘
09:58:27	13.4	--	7	9380	买盘
09:58:22	13.4	--	9	12060	买盘
09:58:01	13.4	0.01	202	270680	买盘
09:57:42	13.39	-0.01	3	4017	卖盘
09:57:37	13.4	--	66	88440	买盘
09:57:31	13.4	--	7	9380	买盘
09:57:27	13.4	--	7	9380	买盘
09:57:22	13.4	0.01	14	18760	买盘
09:57:16	13.39	--	10	13390	卖盘
09:56:42	13.39	--	10	13390	卖盘
09:56:37	13.39	--	18	24102	买盘
09:56:27	13.39	0.01	11	14729	买盘
09:56:16	13.38	--	0	0	中性盘
09:56:10	13.38	--	4	5352	买盘
09:56:07	13.38	-0.01	129	172602	卖盘
09:55:51	13.39	--	0	0	买盘
09:55:46	13.39	--	10	13390	买盘
09:55:36	13.39	0.01	56	74984	买盘
09:55:31	13.38	--	63	84294	卖盘
09:55:21	13.38	-0.01	111	148518	卖盘
09:55:01	13.39	0.02	1	1339	买盘
09:54:55	13.37	-0.02	5	6685	卖盘
09:54:51	13.39	--	18	24102	买盘
09:54:46	13.39	0.02	24	32136	买盘
09:54:31	13.37	--	3	4010	卖盘
09:54:25	13.37	-0.03	5	6685	卖盘
09:54:16	13.4	0.03	5	6700	买盘
09:54:01	13.37	-0.01	51	68187	卖盘
09:53:36	13.38	0.01	63	84294	买盘
09:53:31	13.37	-0.01	10	13370	卖盘
09:53:21	13.38	0.02	20	26760	买盘
09:53:16	13.36	--	25	33400	卖盘
09:53:06	13.36	-0.01	79	106065	卖盘
09:53:01	13.37	--	30	40110	买盘
09:52:55	13.37	--	3	4010	买盘
09:52:51	13.37	--	14	18718	卖盘
09:52:46	13.37	0.01	8	10696	中性盘
09:52:40	13.36	-0.02	97	129899	卖盘
09:52:36	13.38	--	25	33450	买盘
09:52:25	13.38	0.01	24	32112	买盘
09:52:21	13.37	-0.01	31	41447	卖盘
09:52:16	13.38	0.01	10	13380	买盘
09:52:10	13.37	-0.01	58	77693	卖盘
09:51:51	13.38	--	10	13380	买盘
09:51:46	13.38	0.01	140	187320	卖盘
09:51:40	13.37	-0.02	30	41086	卖盘
09:51:36	13.39	--	25	33475	买盘
09:51:31	13.39	-0.01	20	26780	买盘
09:51:25	13.4	--	0	0	买盘
09:51:21	13.4	--	159	213060	买盘
09:51:16	13.4	0.02	10	13400	买盘
09:51:10	13.38	-0.02	90	121249	卖盘
09:51:01	13.4	--	289	387260	买盘
09:50:55	13.4	--	26	35349	卖盘
09:50:51	13.4	--	9	12060	卖盘
09:50:40	13.4	--	69	93290	卖盘
09:50:30	13.4	--	44	58960	买盘
09:50:25	13.4	0.01	122	163480	买盘
09:50:15	13.39	0.01	42	56238	买盘
09:50:10	13.38	-0.01	100	133800	卖盘
09:50:01	13.39	--	41	54899	买盘
09:49:55	13.39	--	7	9373	买盘
09:49:46	13.39	0.01	88	117832	中性盘
09:49:40	13.38	-0.01	185	247757	卖盘
09:49:34	13.39	--	20	26780	卖盘
09:49:30	13.39	0.02	93	125598	买盘
09:49:25	13.37	-0.01	34	45458	卖盘
09:49:19	13.38	-0.01	103	138081	卖盘
09:49:10	13.39	0.01	105	141666	买盘
09:48:45	13.38	--	17	22746	买盘
09:48:40	13.38	0.01	184	247315	买盘
09:48:34	13.37	-0.01	2	2674	卖盘
09:48:30	13.38	--	1	1338	买盘
09:48:15	13.38	-0.02	160	214080	卖盘
09:48:10	13.4	0.01	100	134000	中性盘
09:48:00	13.39	--	151	202189	卖盘
09:47:55	13.39	-0.01	29	38831	卖盘
09:47:49	13.4	--	10	13400	买盘
09:47:45	13.4	--	69	92460	买盘
09:47:40	13.4	--	31	41540	买盘
09:47:34	13.4	-0.01	124	166160	卖盘
09:47:30	13.41	--	11	14751	买盘
09:47:25	13.41	--	3	4023	买盘
09:47:19	13.41	--	36	48276	买盘
09:47:10	13.41	-0.01	52	69732	中性盘
09:47:04	13.42	0.02	18	24156	买盘
09:47:00	13.4	-0.03	185	248878	卖盘
09:46:55	13.43	--	59	79237	买盘
09:46:45	13.43	--	84	112812	卖盘
09:46:40	13.43	0.01	101	135643	买盘
09:46:34	13.42	--	2	2684	买盘
09:46:30	13.42	--	166	222772	卖盘
09:46:25	13.42	0.02	53	71126	买盘
09:46:19	13.4	-0.01	147	197516	卖盘
09:46:15	13.41	-0.01	38	50958	卖盘
09:46:10	13.42	0.02	10	13420	买盘
09:46:04	13.4	--	200	268000	卖盘
09:45:49	13.4	-0.02	103	138716	卖盘
09:45:45	13.42	0.02	133	178539	买盘
09:45:40	13.4	--	41	54940	买盘
09:45:30	13.4	--	8	10720	买盘
09:45:25	13.4	-0.02	12	16723	卖盘
09:45:19	13.42	0.02	45	61195	买盘
09:45:15	13.4	--	119	159460	卖盘
09:45:10	13.4	--	238	319616	买盘
09:45:04	13.4	0.01	55	73700	买盘
09:45:00	13.39	0.02	2	2678	买盘
09:44:55	13.37	0.01	12	16043	中性盘
09:44:49	13.36	-0.03	230	307654	卖盘
09:44:45	13.39	0.02	88	119063	买盘
09:44:40	13.37	-0.02	144	192528	卖盘
09:44:34	13.39	--	235	315896	买盘
09:44:25	13.39	0.01	179	239681	买盘
09:44:19	13.38	-0.01	146	196257	卖盘
09:44:15	13.39	--	5	6695	卖盘
09:44:04	13.39	0.01	137	183978	买盘
09:44:00	13.38	0.03	5	6690	买盘
09:43:54	13.35	-0.01	30	40050	卖盘
09:43:49	13.36	-0.02	45	60921	卖盘
09:43:45	13.38	--	0	0	买盘
09:43:39	13.38	--	87	116406	买盘
09:43:34	13.38	--	40	53520	买盘
09:43:30	13.38	0.01	56	74928	买盘
09:43:24	13.37	-0.01	10	13370	卖盘
09:43:15	13.38	0.01	15	20070	买盘
09:43:09	13.37	0.01	243	324891	买盘
09:43:04	13.36	0.01	10	13360	卖盘
09:42:49	13.35	-0.02	67	90566	卖盘
09:42:43	13.37	--	73	98724	买盘
09:42:39	13.37	0.01	10	13370	买盘
09:42:19	13.36	--	28	38009	买盘
09:42:13	13.36	0.02	20	26720	买盘
09:42:09	13.34	--	115	154397	卖盘
09:42:04	13.34	-0.01	200	266800	卖盘
09:41:54	13.35	--	12	16367	买盘
09:41:49	13.35	--	10	13350	买盘
09:41:39	13.35	0.01	125	166875	买盘
09:41:34	13.34	-0.01	35	46690	卖盘
09:41:24	13.35	--	17	22695	买盘
09:41:19	13.35	--	0	0	买盘
09:41:13	13.35	0.01	25	33375	买盘
09:41:09	13.34	--	8	10672	买盘
09:41:04	13.34	0.01	2	2668	买盘
09:40:54	13.33	--	0	0	卖盘
09:40:49	13.33	-0.01	32	43149	卖盘
09:40:39	13.34	-0.01	2	2668	卖盘
09:40:34	13.35	--	0	0	买盘
09:40:24	13.35	0.02	54	72090	买盘
09:40:19	13.33	-0.01	163	218372	卖盘
09:40:13	13.34	-0.01	32	42688	卖盘
09:40:04	13.35	--	185	246975	买盘
09:39:58	13.35	--	20	26700	买盘
09:39:49	13.35	0.01	76	101620	买盘
09:39:43	13.34	--	29	38686	卖盘
09:39:39	13.34	0.01	8	10672	卖盘
09:39:34	13.33	-0.01	60	80779	卖盘
09:39:19	13.34	--	6	8004	买盘
09:39:13	13.34	-0.01	8	11205	卖盘
09:39:09	13.35	0.01	68	90780	买盘
09:38:54	13.34	0.02	46	62164	买盘
09:38:49	13.32	-0.01	72	96330	卖盘
09:38:39	13.33	0.01	4	5332	卖盘
09:38:19	13.32	--	4	6127	买盘
09:38:13	13.32	-0.01	9	11988	买盘
09:37:49	13.33	--	76	101308	卖盘
09:37:43	13.33	--	30	39990	卖盘
09:37:28	13.33	--	20	26660	买盘
09:37:24	13.33	0.03	15	19995	卖盘
09:37:19	13.3	-0.01	141	188328	卖盘
09:37:13	13.31	-0.02	10	13310	卖盘
09:37:09	13.33	--	3	3999	买盘
09:36:58	13.33	--	14	18662	买盘
09:36:54	13.33	-0.01	20	26660	买盘
09:36:43	13.34	--	20	26680	买盘
09:36:39	13.34	0.03	5	6670	买盘
09:36:33	13.31	-0.03	30	39930	卖盘
09:36:18	13.34	--	160	213440	中性盘
09:36:13	13.34	0.01	10	13340	买盘
09:36:07	13.33	--	35	46655	卖盘
09:36:03	13.33	--	5	6665	卖盘
09:35:58	13.33	--	41	54653	买盘
09:35:52	13.33	--	0	0	买盘
09:35:48	13.33	0.03	65	86645	买盘
09:35:43	13.3	--	7	9310	卖盘
09:35:33	13.3	--	83	110390	买盘
09:35:28	13.3	--	17	22610	卖盘
09:35:18	13.3	--	40	53200	卖盘
09:35:03	13.3	--	0	0	卖盘
09:34:52	13.3	--	1	1330	买盘
09:34:48	13.3	-0.01	87	116774	卖盘
09:34:43	13.31	-0.01	100	133100	卖盘
09:34:37	13.32	--	22	29570	买盘
09:34:28	13.32	--	32	42624	买盘
09:34:18	13.32	-0.03	52	69264	卖盘
09:34:13	13.35	0.02	50	66750	买盘
09:33:58	13.33	-0.02	3	3999	卖盘
09:33:52	13.35	0.02	13	17355	买盘
09:33:43	13.33	--	14	18662	卖盘
09:33:33	13.33	--	20	26660	卖盘
09:33:28	13.33	0.02	121	161293	买盘
09:33:22	13.31	-0.01	17	22627	卖盘
09:33:18	13.32	-0.01	11	14652	卖盘
09:33:13	13.33	0.01	30	39990	买盘
09:33:03	13.32	--	2	2664	卖盘
09:32:58	13.32	0.01	204	271728	买盘
09:32:52	13.31	--	1	1331	卖盘
09:32:48	13.31	-0.01	6	7986	卖盘
09:32:33	13.32	--	5	6660	卖盘
09:32:18	13.32	0.01	5	6660	中性盘
09:32:07	13.31	--	4	5324	卖盘
09:31:43	13.31	--	7	9317	买盘
09:31:33	13.31	--	12	15972	买盘
09:31:28	13.31	-0.04	81	107811	卖盘
09:31:13	13.35	0.02	12	16020	买盘
09:31:07	13.33	-0.02	16	21328	卖盘
09:30:58	13.35	--	28	37380	买盘
09:30:52	13.35	0.02	7	9345	买盘
09:30:42	13.33	0.02	9	11997	买盘
09:30:07	13.31	0.05	104	138424	买盘
09:28:57	13.26	--	0	0	卖盘
09:25:06	13.26	13.26	178	236028	买盘
