成交时间	成交价	价格变动	成交量(手)	成交额(元)	性质
15:00:00	39.56	--	0	0	买盘
15:00:00	39.56	0.01	0	0	买盘
14:59:59	39.55	--	6	23730	卖盘
14:59:49	39.55	--	2	7909	卖盘
14:59:44	39.55	-0.01	48	189840	卖盘
14:59:38	39.56	0.01	2	7912	买盘
14:59:34	39.55	-0.01	9	35595	卖盘
14:59:29	39.56	0.01	1	3956	买盘
14:59:23	39.55	-0.01	4	15819	卖盘
14:59:19	39.56	-0.01	32	126592	中性盘
14:59:04	39.57	--	11	43527	买盘
14:58:59	39.57	--	2	7914	买盘
14:58:53	39.57	0.01	4	15828	买盘
14:58:49	39.56	--	4	15824	卖盘
14:58:44	39.56	-0.01	20	79120	卖盘
14:58:38	39.57	0.01	5	19785	买盘
14:58:23	39.56	-0.01	6	23736	卖盘
14:58:19	39.57	--	7	27699	买盘
14:58:14	39.57	0.01	5	19785	买盘
14:58:04	39.56	-0.01	1	3956	卖盘
14:57:59	39.57	--	5	19785	买盘
14:57:44	39.57	-0.01	21	83097	卖盘
14:57:34	39.58	0.01	15	59370	买盘
14:57:23	39.57	0.02	10	39570	买盘
14:57:14	39.55	--	10	39550	卖盘
14:57:04	39.55	-0.01	8	31639	卖盘
14:56:59	39.56	--	11	43516	买盘
14:56:49	39.56	--	3	11868	买盘
14:56:34	39.56	--	11	43516	买盘
14:56:29	39.56	--	5	19780	买盘
14:56:23	39.56	0.01	3	11868	买盘
14:56:19	39.55	-0.01	14	55369	卖盘
14:56:14	39.56	-0.01	3	11868	卖盘
14:56:08	39.57	0.01	3	11871	买盘
14:56:04	39.56	--	12	47472	卖盘
14:55:59	39.56	-0.01	46	181976	卖盘
14:55:53	39.57	--	2	7914	买盘
14:55:49	39.57	0.01	2	7914	买盘
14:55:44	39.56	-0.01	3	11868	卖盘
14:55:34	39.57	--	5	19785	卖盘
14:55:29	39.57	--	0	0	中性盘
14:55:23	39.57	--	5	19785	买盘
14:55:19	39.57	0.01	11	43527	中性盘
14:55:14	39.56	-0.01	18	71208	卖盘
14:55:08	39.57	-0.01	9	35613	卖盘
14:55:04	39.58	--	6	23748	买盘
14:54:44	39.58	--	1	3958	卖盘
14:54:38	39.58	--	0	0	中性盘
14:54:34	39.58	-0.01	21	83118	卖盘
14:54:29	39.59	--	0	0	中性盘
14:54:19	39.59	--	3	11877	买盘
14:54:13	39.59	0.02	17	67303	买盘
14:54:08	39.57	-0.01	3	11871	卖盘
14:53:43	39.58	0.01	17	67286	卖盘
14:53:34	39.57	-0.03	5	19785	卖盘
14:53:28	39.6	0.02	19	75240	买盘
14:53:23	39.58	--	1	3958	买盘
14:53:17	39.58	0.01	9	35622	买盘
14:53:13	39.57	-0.01	11	43527	卖盘
14:52:58	39.58	0.01	6	23748	买盘
14:52:53	39.57	-0.01	12	47484	卖盘
14:52:47	39.58	--	9	35622	卖盘
14:52:43	39.58	--	5	19790	卖盘
14:52:38	39.58	--	1	3958	买盘
14:52:28	39.58	--	1	3958	买盘
14:52:23	39.58	-0.02	3	11874	卖盘
14:52:17	39.6	--	0	0	买盘
14:52:08	39.6	0.02	10	39600	买盘
14:51:58	39.58	--	1	3958	买盘
14:51:53	39.58	-0.02	6	23748	买盘
14:51:38	39.6	0.02	154	609840	买盘
14:51:13	39.58	-0.01	3	11874	卖盘
14:51:08	39.59	-0.01	11	43549	买盘
14:51:02	39.6	--	0	0	买盘
14:50:58	39.6	0.02	7	27720	买盘
14:50:53	39.58	-0.02	2	7916	卖盘
14:50:47	39.6	--	9	35640	买盘
14:50:32	39.6	-0.05	225	892900	卖盘
14:50:17	39.65	0.01	7	27755	买盘
14:50:13	39.64	-0.01	10	39640	卖盘
14:50:02	39.65	0.01	5	19825	买盘
14:49:53	39.64	--	2	7928	卖盘
14:49:38	39.64	-0.01	34	134776	卖盘
14:49:23	39.65	--	5	19825	买盘
14:49:08	39.65	--	2	7930	卖盘
14:48:58	39.65	--	1	3965	卖盘
14:48:28	39.65	--	1	3965	卖盘
14:48:13	39.65	0.01	5	19825	买盘
14:47:58	39.64	-0.01	10	39640	卖盘
14:47:47	39.65	--	5	19825	买盘
14:47:22	39.65	-0.01	7	27755	买盘
14:47:07	39.66	--	0	0	买盘
14:47:02	39.66	0.02	2	7931	买盘
14:46:47	39.64	--	1	3964	卖盘
14:46:41	39.64	--	10	39640	卖盘
14:46:37	39.64	--	2	7928	卖盘
14:46:22	39.64	--	1	3964	卖盘
14:46:17	39.64	-0.01	16	63424	卖盘
14:46:07	39.65	0.02	5	19825	买盘
14:45:47	39.63	-0.02	23	91149	卖盘
14:45:22	39.65	-0.01	10	39650	中性盘
14:45:17	39.66	--	12	47591	买盘
14:45:02	39.66	--	0	0	买盘
14:44:47	39.66	0.03	18	71388	买盘
14:44:32	39.63	--	10	39630	卖盘
14:44:26	39.63	--	4	15852	买盘
14:44:22	39.63	--	37	146631	卖盘
14:43:56	39.63	-0.01	23	91149	卖盘
14:43:47	39.64	--	5	19820	买盘
14:43:37	39.64	-0.01	5	19820	卖盘
14:43:22	39.65	--	2	7930	买盘
14:43:17	39.65	0.01	5	19825	买盘
14:43:07	39.64	-0.01	22	87208	卖盘
14:43:02	39.65	--	5	19825	买盘
14:42:47	39.65	0.01	1	3965	买盘
14:42:41	39.64	-0.01	5	19820	卖盘
14:42:22	39.65	--	1	3965	买盘
14:42:17	39.65	--	3	11895	买盘
14:42:11	39.65	--	6	23790	买盘
14:42:02	39.65	--	0	0	中性盘
14:41:52	39.65	--	0	0	卖盘
14:41:41	39.65	--	7	27755	买盘
14:41:37	39.65	0.01	5	19825	买盘
14:41:32	39.64	-0.01	1	3964	卖盘
14:41:22	39.65	--	7	27755	买盘
14:41:07	39.65	--	2	7930	买盘
14:41:01	39.65	--	1	3965	卖盘
14:40:32	39.65	--	2	7930	卖盘
14:40:05	39.65	-0.01	3	15344	卖盘
14:39:46	39.66	--	0	0	卖盘
14:39:20	39.66	0.02	28	111563	买盘
14:39:16	39.64	--	0	0	卖盘
14:38:56	39.64	--	5	19820	卖盘
14:38:35	39.64	-0.02	1	3964	卖盘
14:38:26	39.66	0.02	1	3965	买盘
14:38:16	39.64	-0.02	5	19820	卖盘
14:38:01	39.66	-0.02	24	98634	卖盘
14:37:50	39.68	--	0	0	买盘
14:37:46	39.68	0.02	10	39680	买盘
14:37:26	39.66	-0.02	4	15863	卖盘
14:36:56	39.68	--	23	91264	买盘
14:36:50	39.68	0.01	1	3968	买盘
14:36:46	39.67	-0.01	6	23802	卖盘
14:36:41	39.68	--	22	87296	卖盘
14:36:16	39.68	0.02	79	313472	买盘
14:35:56	39.66	-0.01	3	11897	卖盘
14:35:50	39.67	0.01	2	7934	买盘
14:35:31	39.66	0.03	5	20345	买盘
14:35:11	39.63	-0.02	2	7926	卖盘
14:35:05	39.65	0.02	1	3965	买盘
14:34:56	39.63	--	5	19815	卖盘
14:34:46	39.63	0.01	3	11889	买盘
14:34:41	39.62	--	1	3961	卖盘
14:34:35	39.62	--	1	3961	卖盘
14:34:30	39.62	--	5	19810	卖盘
14:34:25	39.62	-0.01	1	3961	卖盘
14:34:20	39.63	0.01	1	3963	买盘
14:34:10	39.62	-0.01	1	3961	中性盘
14:34:05	39.63	0.01	9	35667	买盘
14:34:01	39.62	--	0	0	中性盘
14:33:55	39.62	-0.01	5	19810	卖盘
14:33:40	39.63	--	6	23778	卖盘
14:33:35	39.63	--	2	7926	卖盘
14:33:14	39.63	-0.02	7	27741	卖盘
14:32:55	39.65	0.02	3	11895	买盘
14:32:50	39.63	-0.02	1	3963	卖盘
14:32:44	39.65	--	0	0	中性盘
14:32:40	39.65	--	8	31720	卖盘
14:32:35	39.65	--	2	7930	卖盘
14:32:25	39.65	--	11	43615	卖盘
14:32:10	39.65	--	6	23790	卖盘
14:32:05	39.65	-0.03	13	51545	卖盘
14:31:40	39.68	--	6	23808	卖盘
14:31:35	39.68	--	1	3968	卖盘
14:31:29	39.68	-0.01	6	23808	卖盘
14:31:20	39.69	--	67	265923	卖盘
14:30:55	39.69	--	27	107163	卖盘
14:30:40	39.69	-0.01	2	7938	卖盘
14:30:20	39.7	--	2	7940	买盘
14:29:50	39.7	-0.01	23	91310	卖盘
14:29:25	39.71	0.01	1	3971	买盘
14:29:14	39.7	--	3	11910	卖盘
14:28:44	39.7	--	5	19850	卖盘
14:28:35	39.7	--	0	0	卖盘
14:28:20	39.7	--	20	79400	卖盘
14:28:09	39.7	-0.02	30	119100	卖盘
14:28:05	39.72	0.01	23	91356	买盘
14:27:53	39.71	0.01	2	7942	买盘
14:27:23	39.7	--	1	3970	卖盘
14:27:08	39.7	--	38	150860	卖盘
14:27:04	39.7	--	45	178650	买盘
14:26:49	39.7	0.01	17	67490	买盘
14:26:34	39.69	0.01	48	190512	买盘
14:26:29	39.68	-0.01	5	19840	卖盘
14:26:19	39.69	--	1	3969	买盘
14:26:14	39.69	--	5	19845	买盘
14:25:53	39.69	0.01	1	3969	买盘
14:25:49	39.68	-0.01	4	15872	卖盘
14:25:34	39.69	0.01	3	11907	买盘
14:23:34	39.68	-0.01	8	31744	买盘
14:23:14	39.69	--	3	11907	卖盘
14:22:19	39.69	--	2	7938	卖盘
14:22:14	39.69	--	1	3969	卖盘
14:22:08	39.69	--	5	19845	卖盘
14:21:43	39.69	-0.01	1	3969	卖盘
14:20:58	39.7	--	14	55580	卖盘
14:20:13	39.7	--	18	71460	卖盘
14:20:08	39.7	--	12	47640	卖盘
14:19:58	39.7	-0.01	6	23820	卖盘
14:19:53	39.71	0.01	12	47652	买盘
14:19:38	39.7	0.01	1	3970	买盘
14:19:28	39.69	--	2	7938	卖盘
14:19:23	39.69	--	0	0	卖盘
14:19:17	39.69	-0.03	2	7938	卖盘
14:19:08	39.72	0.01	5	19860	买盘
14:19:02	39.71	-0.01	2	7942	买盘
14:18:43	39.72	--	0	0	买盘
14:18:38	39.72	0.01	26	103272	买盘
14:18:32	39.71	--	5	19855	买盘
14:18:13	39.71	0.01	10	39710	买盘
14:17:53	39.7	0.01	1	3970	买盘
14:17:38	39.69	--	0	0	卖盘
14:17:23	39.69	--	4	15876	买盘
14:17:13	39.69	0.09	1	3969	买盘
14:16:58	39.6	--	0	0	卖盘
14:16:47	39.6	-0.09	27	106920	卖盘
14:16:43	39.69	0.08	3	11907	买盘
14:16:38	39.61	-0.08	1	3961	卖盘
14:16:23	39.69	0.08	2	7938	买盘
14:16:17	39.61	0.01	10	39610	卖盘
14:16:08	39.6	--	19	75240	卖盘
14:15:43	39.6	--	10	39600	卖盘
14:15:38	39.6	0.04	58	231739	买盘
14:15:27	39.56	-0.04	25	98900	卖盘
14:15:22	39.6	0.02	20	79200	买盘
14:15:12	39.58	-0.02	8	31664	卖盘
14:15:07	39.6	--	3	11880	买盘
14:14:47	39.6	-0.08	418	1657180	卖盘
14:14:37	39.68	0.01	13	53687	买盘
14:14:17	39.67	--	5	19835	卖盘
14:14:07	39.67	-0.01	15	59505	卖盘
14:14:02	39.68	--	6	23808	买盘
14:13:52	39.68	--	5	19840	买盘
14:13:47	39.68	--	5	19840	买盘
14:13:41	39.68	--	2	7936	买盘
14:13:37	39.68	--	3	11904	买盘
14:13:22	39.68	--	4	15872	买盘
14:13:02	39.68	0.01	6	23808	买盘
14:12:37	39.67	-0.01	1	3967	卖盘
14:12:32	39.68	0.01	30	119040	买盘
14:12:22	39.67	--	4	15868	卖盘
14:12:07	39.67	--	13	51571	买盘
14:12:02	39.67	0.02	40	158680	买盘
14:11:52	39.65	-0.02	10	39650	卖盘
14:11:37	39.67	--	2	7934	卖盘
14:11:22	39.67	0.02	32	126944	买盘
14:11:02	39.65	--	7	27755	买盘
14:10:52	39.65	--	21	83265	买盘
14:10:37	39.65	--	24	95160	卖盘
14:10:32	39.65	-0.02	6	23790	卖盘
14:10:17	39.67	--	0	0	买盘
14:09:17	39.67	--	8	31736	卖盘
14:08:41	39.67	--	2	7934	买盘
14:08:31	39.67	--	8	31736	卖盘
14:08:11	39.67	--	1	3967	卖盘
14:07:56	39.67	0.03	19	75373	买盘
14:07:41	39.64	--	20	79280	卖盘
14:07:35	39.64	--	4	15856	卖盘
14:07:26	39.64	--	5	19820	卖盘
14:07:01	39.64	--	5	19820	买盘
14:06:46	39.64	-0.04	5	19820	买盘
14:06:31	39.68	--	0	0	买盘
14:06:16	39.68	--	0	0	买盘
14:06:11	39.68	0.06	30	119040	买盘
14:06:01	39.62	0.02	3	11886	卖盘
14:05:56	39.6	--	0	0	卖盘
14:05:41	39.6	-0.01	5	19800	卖盘
14:05:05	39.61	--	6	23766	中性盘
14:04:56	39.61	0.01	12	47532	买盘
14:04:50	39.6	-0.01	4	15840	卖盘
14:04:46	39.61	--	1	3961	买盘
14:04:31	39.61	--	8	31688	买盘
14:04:26	39.61	0.01	1	3961	买盘
14:04:16	39.6	--	22	87120	卖盘
14:04:11	39.6	-0.01	26	102960	卖盘
14:04:01	39.61	--	62	245582	卖盘
14:03:46	39.61	-0.03	3	11883	卖盘
14:03:31	39.64	--	0	0	中性盘
14:02:30	39.64	-0.02	7	27748	卖盘
14:02:10	39.66	-0.01	4	15863	卖盘
14:01:50	39.67	-0.01	3	11901	卖盘
14:01:05	39.68	--	14	57416	卖盘
14:00:55	39.68	-0.01	24	95232	卖盘
14:00:40	39.69	--	5	19845	卖盘
14:00:35	39.69	--	1	3969	卖盘
14:00:20	39.69	--	4	15876	卖盘
13:59:10	39.69	--	2	7938	卖盘
13:59:05	39.69	-0.01	9	35721	卖盘
13:58:55	39.7	--	4	15880	买盘
13:58:40	39.7	--	11	43670	买盘
13:57:55	39.7	0.01	5	19850	买盘
13:57:40	39.69	-0.01	7	27783	卖盘
13:57:14	39.7	--	1	3970	卖盘
13:57:10	39.7	--	5	19850	卖盘
13:56:19	39.7	--	1	3970	卖盘
13:56:09	39.7	--	1	3970	卖盘
13:56:04	39.7	--	8	31760	买盘
13:55:29	39.7	--	13	51610	买盘
13:55:04	39.7	--	19	75430	卖盘
13:54:59	39.7	--	3	11910	卖盘
13:54:49	39.7	--	1	3970	卖盘
13:54:44	39.7	--	2	7940	卖盘
13:54:04	39.7	--	5	19850	卖盘
13:53:49	39.7	-0.01	2	7940	卖盘
13:53:38	39.71	--	5	19855	买盘
13:53:34	39.71	--	2	7942	买盘
13:53:29	39.71	--	51	202521	买盘
13:53:19	39.71	--	1	3971	买盘
13:53:14	39.71	--	14	55594	卖盘
13:52:59	39.71	--	4	15884	买盘
13:52:53	39.71	0.01	3	11913	买盘
13:52:44	39.7	0.01	1	3970	买盘
13:52:14	39.69	--	0	0	中性盘
13:51:59	39.69	--	4	15876	买盘
13:51:53	39.69	--	1	3969	买盘
13:51:49	39.69	--	0	0	中性盘
13:51:34	39.69	--	3	11907	买盘
13:50:58	39.69	--	2	7938	卖盘
13:50:53	39.69	-0.01	3	11907	卖盘
13:50:49	39.7	--	0	0	买盘
13:50:33	39.7	-0.01	7	27790	卖盘
13:49:47	39.71	--	1	3971	卖盘
13:49:33	39.71	0.01	4	15884	买盘
13:49:28	39.7	--	1	3970	买盘
13:49:08	39.7	--	1	3970	卖盘
13:48:32	39.7	--	2	7940	买盘
13:47:53	39.7	0.01	5	19850	买盘
13:47:43	39.69	0.01	8	31752	买盘
13:47:08	39.68	--	4	17975	买盘
13:46:47	39.68	--	4	15872	买盘
13:46:17	39.68	--	0	0	买盘
13:46:13	39.68	--	6	23808	买盘
13:45:58	39.68	--	0	0	买盘
13:45:53	39.68	--	0	0	买盘
13:45:47	39.68	0.04	5	19840	买盘
13:45:43	39.64	-0.01	2	7928	卖盘
13:45:17	39.65	--	5	19825	买盘
13:45:02	39.65	0.01	3	11895	买盘
13:44:58	39.64	-0.01	5	19820	卖盘
13:44:47	39.65	--	1	3965	买盘
13:44:28	39.65	--	11	45478	卖盘
13:44:12	39.65	--	1	3965	卖盘
13:44:07	39.65	-0.03	1	6066	卖盘
13:43:47	39.68	--	0	0	买盘
13:43:42	39.68	0.03	2	7936	买盘
13:43:27	39.65	--	0	0	买盘
13:43:22	39.65	0.01	2	7930	卖盘
13:42:52	39.64	--	0	0	中性盘
13:42:37	39.64	-0.01	32	126848	卖盘
13:42:22	39.65	--	8	31720	买盘
13:41:56	39.65	-0.03	2	7930	卖盘
13:41:52	39.68	--	1	3968	买盘
13:41:47	39.68	--	2	7936	买盘
13:41:37	39.68	--	0	0	买盘
13:41:26	39.68	--	6	23808	卖盘
13:41:11	39.68	--	3	11904	买盘
13:40:56	39.68	--	0	0	买盘
13:40:52	39.68	0.08	2	7936	买盘
13:40:02	39.6	--	0	0	卖盘
13:39:22	39.6	--	0	0	卖盘
13:39:17	39.6	--	0	0	卖盘
13:39:02	39.6	--	28	114800	买盘
13:38:47	39.6	0.05	103	407880	买盘
13:38:37	39.55	--	28	110739	卖盘
13:38:31	39.55	--	0	0	卖盘
13:38:26	39.55	-0.01	2	7909	卖盘
13:38:21	39.56	--	0	0	买盘
13:38:01	39.56	-0.04	3	11868	卖盘
13:37:56	39.6	--	1	3960	买盘
13:37:36	39.6	-0.09	185	732639	卖盘
13:37:31	39.69	-0.01	10	39690	卖盘
13:37:21	39.7	--	0	3930	卖盘
13:37:16	39.7	-0.01	53	210410	卖盘
13:37:06	39.71	--	0	0	中性盘
13:36:51	39.71	--	24	95304	买盘
13:36:41	39.71	--	7	27797	买盘
13:36:31	39.71	--	33	131043	卖盘
13:35:41	39.71	-0.03	2	7942	卖盘
13:35:26	39.74	--	0	0	买盘
13:34:01	39.74	--	5	19870	买盘
13:33:56	39.74	0.01	7	27818	买盘
13:33:31	39.73	--	2	7945	卖盘
13:33:05	39.73	-0.01	6	23837	卖盘
13:32:56	39.74	0.01	3	11922	买盘
13:32:31	39.73	-0.02	1	3972	卖盘
13:32:25	39.75	0.02	1	3975	买盘
13:32:20	39.73	--	0	0	卖盘
13:32:16	39.73	--	2	7945	卖盘
13:32:10	39.73	-0.02	4	15891	买盘
13:31:45	39.75	--	0	0	买盘
13:31:35	39.75	--	0	0	买盘
13:31:31	39.75	0.05	59	234525	买盘
13:30:25	39.7	--	2	7940	卖盘
13:30:14	39.7	--	12	47640	卖盘
13:29:40	39.7	--	4	15880	卖盘
13:29:25	39.7	--	1	3970	卖盘
13:28:55	39.7	-0.01	28	111160	卖盘
13:28:25	39.71	--	14	55594	买盘
13:27:50	39.71	--	19	75449	卖盘
13:27:35	39.71	--	6	23826	卖盘
13:26:59	39.71	--	2	7942	卖盘
13:26:49	39.71	--	9	35739	卖盘
13:25:59	39.71	--	1	3971	卖盘
13:25:09	39.71	--	2	7942	卖盘
13:25:04	39.71	0.01	28	111188	买盘
13:24:49	39.7	-0.01	2	7940	卖盘
13:24:39	39.71	--	11	43681	买盘
13:24:19	39.71	--	1	3971	卖盘
13:23:23	39.71	--	0	0	卖盘
13:23:14	39.71	-0.04	1	3971	卖盘
13:23:04	39.75	--	0	0	买盘
13:22:59	39.75	0.05	30	119250	买盘
13:22:53	39.7	--	30	119100	卖盘
13:22:49	39.7	-0.05	4	15880	卖盘
13:22:29	39.75	--	5	19875	卖盘
13:22:14	39.75	--	1	3975	买盘
13:22:04	39.75	0.02	5	19875	买盘
13:21:59	39.73	-0.02	5	19865	买盘
13:21:49	39.75	--	0	0	买盘
13:21:34	39.75	--	0	0	卖盘
13:21:19	39.75	--	11	43725	卖盘
13:21:14	39.75	--	2	7950	卖盘
13:21:04	39.75	0.01	4	15900	买盘
13:20:19	39.74	-0.01	9	35766	卖盘
13:19:58	39.75	0.01	29	115275	买盘
13:19:34	39.74	--	6	23844	买盘
13:19:03	39.74	--	0	0	买盘
13:18:58	39.74	--	2	7948	买盘
13:18:18	39.74	0.05	3	11922	买盘
13:17:33	39.69	0.01	4	15876	买盘
13:17:13	39.68	--	7	27776	卖盘
13:16:53	39.68	--	2	7936	卖盘
13:16:38	39.68	-0.01	5	19840	卖盘
13:15:53	39.69	0.01	1	3969	买盘
13:15:47	39.68	--	4	15872	卖盘
13:15:13	39.68	-0.01	2	7936	卖盘
13:15:08	39.69	--	3	11907	买盘
13:14:58	39.69	--	4	15876	买盘
13:14:53	39.69	0.01	10	39690	买盘
13:14:47	39.68	-0.01	1	3968	卖盘
13:14:43	39.69	--	15	59535	买盘
13:14:38	39.69	--	1	3969	买盘
13:14:32	39.69	--	5	19845	买盘
13:14:23	39.69	0.01	9	35721	买盘
13:14:13	39.68	--	3	11904	卖盘
13:13:53	39.68	0.03	61	242048	买盘
13:13:42	39.65	--	1	3965	卖盘
13:13:32	39.65	-0.03	30	118950	卖盘
13:13:28	39.68	0.03	1	3968	买盘
13:13:23	39.65	-0.03	14	55510	卖盘
13:13:12	39.68	--	0	0	买盘
13:12:27	39.68	--	20	79360	买盘
13:12:22	39.68	--	10	39680	买盘
13:11:52	39.68	--	0	0	买盘
13:11:47	39.68	--	0	0	买盘
13:11:42	39.68	--	50	198400	买盘
13:11:37	39.68	0.05	2	7936	买盘
13:11:12	39.63	--	0	0	卖盘
13:10:26	39.63	-0.04	2	7926	卖盘
13:10:17	39.67	0.04	31	122977	买盘
13:09:52	39.63	-0.04	1	3963	卖盘
13:08:11	39.67	--	4	15868	卖盘
13:07:56	39.67	--	1	3967	卖盘
13:07:52	39.67	0.04	5	19835	买盘
13:06:36	39.63	--	0	0	卖盘
13:06:16	39.63	--	0	0	卖盘
13:05:46	39.63	--	29	114927	卖盘
13:05:01	39.63	--	30	118890	卖盘
13:04:36	39.63	--	0	0	卖盘
13:03:46	39.63	-0.05	1	3963	卖盘
13:02:26	39.68	0.08	1	3968	买盘
13:00:41	39.6	--	0	0	卖盘
13:00:15	39.6	--	20	79200	卖盘
13:00:05	39.6	--	7	27720	卖盘
11:30:00	39.6	--	0	0	卖盘
11:29:59	39.6	--	0	0	卖盘
11:29:56	39.6	--	21	83160	买盘
11:29:52	39.6	--	1	3960	买盘
11:29:16	39.6	0.11	2	7920	买盘
11:29:07	39.49	-0.11	1	3949	卖盘
11:29:01	39.6	-0.02	6	23760	卖盘
11:28:51	39.62	0.01	36	142632	买盘
11:28:31	39.61	0.01	12	47532	买盘
11:28:25	39.6	-0.01	2	7920	买盘
11:28:21	39.61	--	0	0	买盘
11:28:10	39.61	--	1	3961	买盘
11:28:06	39.61	0.15	38	150518	买盘
11:28:01	39.46	--	0	0	卖盘
11:27:51	39.46	--	2	7892	买盘
11:27:46	39.46	0.03	1	3946	卖盘
11:27:31	39.43	--	0	0	卖盘
11:27:25	39.43	-0.18	6	23658	卖盘
11:27:10	39.61	--	0	0	买盘
11:27:06	39.61	0.2	2	7922	买盘
11:27:01	39.41	--	7	27586	卖盘
11:26:55	39.41	--	0	0	卖盘
11:26:51	39.41	0.01	7	27586	卖盘
11:26:46	39.4	--	0	0	卖盘
11:26:40	39.4	--	0	0	卖盘
11:26:31	39.4	--	14	56499	买盘
11:26:25	39.4	--	8	31520	买盘
11:26:21	39.4	--	5	19700	买盘
11:26:16	39.4	--	75	295500	买盘
11:26:10	39.4	-0.29	97	384780	卖盘
11:26:06	39.69	--	0	0	买盘
11:26:01	39.69	--	20	79380	买盘
11:25:55	39.69	0.19	5	19845	买盘
11:25:51	39.5	-0.16	5	19750	卖盘
11:25:46	39.66	0.16	4	15863	中性盘
11:25:36	39.5	-0.15	100	395000	卖盘
11:25:21	39.65	-0.04	5	19825	卖盘
11:25:16	39.69	--	0	0	中性盘
11:25:06	39.69	0.09	5	19845	买盘
11:24:40	39.6	--	0	0	卖盘
11:24:36	39.6	-0.09	101	399960	卖盘
11:24:31	39.69	0.05	2	7938	卖盘
11:24:25	39.64	--	0	0	卖盘
11:24:21	39.64	-0.05	100	396400	卖盘
11:24:16	39.69	--	3	11907	买盘
11:24:10	39.69	--	2	7938	买盘
11:24:01	39.69	--	1	3969	买盘
11:23:51	39.69	-0.01	3	11907	卖盘
11:23:46	39.7	0.01	41	162770	买盘
11:23:35	39.69	0.01	2	7938	卖盘
11:23:25	39.68	--	0	0	卖盘
11:23:21	39.68	-0.02	3	11904	卖盘
11:23:10	39.7	--	0	0	买盘
11:22:55	39.7	0.03	13	51610	买盘
11:22:49	39.67	-0.01	25	99175	卖盘
11:22:46	39.68	--	5	19840	卖盘
11:22:19	39.68	-0.01	3	11904	卖盘
11:21:55	39.69	--	2	7938	买盘
11:21:49	39.69	-0.01	24	95256	卖盘
11:21:25	39.7	--	9	35730	买盘
11:21:10	39.7	--	7	27790	卖盘
11:21:00	39.7	--	20	79400	卖盘
11:20:55	39.7	--	0	0	卖盘
11:20:45	39.7	--	19	75430	卖盘
11:20:34	39.7	--	30	119100	卖盘
11:20:10	39.7	--	1	3970	买盘
11:19:49	39.7	--	4	15880	卖盘
11:19:04	39.7	-0.05	20	79400	卖盘
11:19:00	39.75	--	0	0	买盘
11:18:40	39.75	0.04	1	3975	买盘
11:18:34	39.71	--	0	0	卖盘
11:18:30	39.71	0.01	2	7942	卖盘
11:18:10	39.7	--	36	142920	买盘
11:18:04	39.7	--	215	853550	卖盘
11:17:55	39.7	--	11	43670	卖盘
11:17:40	39.7	--	28	111160	卖盘
11:17:10	39.7	--	15	59550	买盘
11:16:55	39.7	--	3	11910	买盘
11:16:43	39.7	--	2	7940	卖盘
11:16:25	39.7	--	0	0	中性盘
11:16:13	39.7	--	2	7940	卖盘
11:16:09	39.7	--	0	0	卖盘
11:15:54	39.7	--	28	111160	买盘
11:15:43	39.7	--	1	3970	买盘
11:15:34	39.7	--	1	3970	买盘
11:15:28	39.7	0.01	7	27790	买盘
11:15:24	39.69	-0.01	3	11907	卖盘
11:15:09	39.7	-0.03	43	170710	卖盘
11:14:34	39.73	-0.03	2	7945	卖盘
11:14:19	39.76	0.03	4	15904	买盘
11:14:09	39.73	--	0	0	卖盘
11:13:39	39.73	--	2	7945	卖盘
11:13:28	39.73	-0.02	3	11918	卖盘
11:13:04	39.75	--	0	0	中性盘
11:12:54	39.75	--	1	3975	买盘
11:12:19	39.75	--	10	39750	买盘
11:11:04	39.75	--	0	0	买盘
11:10:49	39.75	0.05	13	51675	买盘
11:10:34	39.7	0.01	1	3970	买盘
11:10:13	39.69	--	3	11907	卖盘
11:09:33	39.69	-0.01	2	7938	卖盘
11:09:03	39.7	--	2	7940	卖盘
11:08:58	39.7	--	1	3970	买盘
11:08:48	39.7	0.01	1	3970	买盘
11:08:22	39.69	--	2	7938	卖盘
11:08:18	39.69	0.01	5	19845	买盘
11:08:03	39.68	--	25	99200	卖盘
11:07:48	39.68	--	1	3968	卖盘
11:07:43	39.68	-0.01	3	11904	卖盘
11:07:28	39.69	-0.02	53	210357	卖盘
11:07:03	39.71	--	4	15884	卖盘
11:06:43	39.71	--	4	15884	卖盘
11:06:28	39.71	-0.01	2	7942	卖盘
11:06:18	39.72	--	4	15888	卖盘
11:05:22	39.72	-0.04	15	59580	卖盘
11:04:58	39.76	0.04	3	11928	买盘
11:04:37	39.72	-0.05	10	39720	卖盘
11:04:16	39.77	0.05	3	11931	买盘
11:04:13	39.72	--	0	0	卖盘
11:03:52	39.72	-0.07	6	23832	卖盘
11:03:12	39.79	--	0	0	买盘
11:03:07	39.79	--	0	0	中性盘
11:02:52	39.79	--	0	0	卖盘
11:02:46	39.79	--	1	3979	卖盘
11:02:42	39.79	--	3	11937	卖盘
11:02:31	39.79	-0.01	1	3979	卖盘
11:02:12	39.8	--	1	4935	卖盘
11:01:52	39.8	--	3	11940	卖盘
11:01:46	39.8	--	18	74664	卖盘
11:01:31	39.8	-0.01	2	7959	卖盘
11:00:57	39.81	--	4	15924	买盘
11:00:46	39.81	--	1	3981	买盘
10:59:27	39.81	--	15	59715	卖盘
10:59:01	39.81	-0.01	10	39810	卖盘
10:58:52	39.82	--	2	7964	买盘
10:58:01	39.82	0.01	2	7964	买盘
10:57:55	39.81	--	8	31848	卖盘
10:57:46	39.81	--	5	19905	卖盘
10:57:31	39.81	--	10	39810	卖盘
10:56:31	39.81	--	5	19905	卖盘
10:56:25	39.81	-0.01	3	11943	卖盘
10:56:06	39.82	0.01	8	31856	买盘
10:55:36	39.81	--	2	7962	卖盘
10:55:21	39.81	--	3	11943	卖盘
10:54:51	39.81	--	2	7962	卖盘
10:54:46	39.81	--	1	3981	卖盘
10:54:31	39.81	-0.01	2	7962	卖盘
10:54:21	39.82	--	5	19910	买盘
10:54:16	39.82	0.01	5	19910	买盘
10:54:01	39.81	--	2	7962	卖盘
10:53:21	39.81	--	1	3981	卖盘
10:53:06	39.81	--	2	7962	卖盘
10:53:01	39.81	--	3	11943	买盘
10:52:55	39.81	--	12	47772	买盘
10:52:36	39.81	--	1	3981	卖盘
10:52:10	39.81	--	6	23886	卖盘
10:51:46	39.81	0.02	3	11943	买盘
10:51:31	39.79	-0.02	2	7958	卖盘
10:51:25	39.81	0.01	3	11943	买盘
10:51:16	39.8	--	1	3979	买盘
10:51:10	39.8	--	0	0	中性盘
10:51:04	39.8	--	2	7959	卖盘
10:50:45	39.8	--	15	59699	卖盘
10:50:16	39.8	--	11	43780	卖盘
10:50:10	39.8	--	5	19900	卖盘
10:50:04	39.8	--	1	3979	卖盘
10:50:00	39.8	--	1	3979	卖盘
10:49:55	39.8	--	1	3979	卖盘
10:49:45	39.8	--	4	15919	买盘
10:49:40	39.8	0.01	6	23880	卖盘
10:49:25	39.79	--	0	0	卖盘
10:49:15	39.79	--	16	63664	卖盘
10:49:04	39.79	--	5	19895	卖盘
10:48:49	39.79	--	2	7958	卖盘
10:48:40	39.79	--	35	139265	卖盘
10:48:30	39.79	-0.01	25	99475	卖盘
10:47:55	39.8	--	42	167160	买盘
10:47:49	39.8	--	14	55719	卖盘
10:47:45	39.8	-0.01	30	119399	卖盘
10:47:40	39.81	0.01	13	51753	买盘
10:47:25	39.8	--	1	3979	卖盘
10:47:15	39.8	--	15	59699	卖盘
10:46:55	39.8	--	0	0	卖盘
10:46:49	39.8	--	5	19900	卖盘
10:46:45	39.8	--	1	3979	卖盘
10:46:34	39.8	--	15	59699	卖盘
10:46:30	39.8	--	4	15919	卖盘
10:46:15	39.8	-0.02	3	11940	卖盘
10:46:04	39.82	--	10	39820	买盘
10:45:49	39.82	--	1	3982	买盘
10:45:45	39.82	-0.01	1	3982	买盘
10:45:13	39.83	--	0	0	买盘
10:45:10	39.83	0.01	40	159320	买盘
10:45:04	39.82	0.02	5	19910	买盘
10:44:58	39.8	--	0	0	卖盘
10:44:43	39.8	0.02	47	187060	买盘
10:44:28	39.78	0.03	13	51714	买盘
10:44:13	39.75	--	7	27825	卖盘
10:44:09	39.75	--	2	7950	卖盘
10:44:04	39.75	0.04	50	198750	买盘
10:43:49	39.71	-0.01	1	3971	卖盘
10:43:34	39.72	--	2	7944	买盘
10:43:13	39.72	0.01	2	7944	买盘
10:43:09	39.71	--	1	3971	卖盘
10:42:43	39.71	0.01	9	35739	买盘
10:42:34	39.7	--	12	47640	卖盘
10:42:28	39.7	--	2	7940	卖盘
10:42:19	39.7	--	12	47640	卖盘
10:41:39	39.7	0.01	28	111160	买盘
10:41:09	39.69	--	10	39690	买盘
10:40:54	39.69	0.01	32	127008	买盘
10:40:43	39.68	-0.01	5	19840	卖盘
10:40:39	39.69	0.01	1	3969	买盘
10:40:34	39.68	-0.01	1	3968	卖盘
10:40:28	39.69	0.01	28	111132	买盘
10:40:04	39.68	--	24	95232	买盘
10:39:49	39.68	--	6	23808	买盘
10:39:43	39.68	--	2	7936	买盘
10:39:39	39.68	--	8	31744	买盘
10:39:34	39.68	--	0	0	买盘
10:39:19	39.68	--	15	59520	买盘
10:39:03	39.68	0.02	1	3968	买盘
10:38:52	39.66	-0.01	11	47036	卖盘
10:38:43	39.67	0.01	10	41574	买盘
10:38:33	39.66	0.01	5	19830	买盘
10:38:28	39.65	-0.01	3	11895	卖盘
10:38:18	39.66	-0.01	9	37756	卖盘
10:38:13	39.67	0.01	1	3967	买盘
10:38:03	39.66	--	4	15863	卖盘
10:37:48	39.66	-0.01	12	47591	卖盘
10:37:28	39.67	-0.01	11	43637	卖盘
10:36:48	39.68	0.01	5	19840	买盘
10:36:43	39.67	--	3	11901	卖盘
10:36:33	39.67	--	15	59505	卖盘
10:36:28	39.67	--	0	0	中性盘
10:36:18	39.67	0.01	2	7934	卖盘
10:35:58	39.66	-0.01	2	7931	卖盘
10:35:43	39.67	--	0	0	中性盘
10:35:33	39.67	-0.02	5	19835	卖盘
10:35:28	39.69	--	1	3969	买盘
10:35:18	39.69	0.01	6	23814	买盘
10:35:07	39.68	--	2	7936	卖盘
10:34:58	39.68	-0.01	7	27776	卖盘
10:34:48	39.69	-0.01	3	11907	买盘
10:34:37	39.7	0.01	7	27790	买盘
10:34:33	39.69	--	10	39690	卖盘
10:34:28	39.69	--	5	19845	卖盘
10:34:22	39.69	--	10	39690	卖盘
10:34:13	39.69	--	40	158760	卖盘
10:34:03	39.69	-0.01	21	83349	卖盘
10:33:48	39.7	--	17	68442	卖盘
10:33:43	39.7	--	50	198500	卖盘
10:33:33	39.7	--	46	182620	卖盘
10:33:28	39.7	--	47	186590	卖盘
10:33:18	39.7	--	1	3970	卖盘
10:33:13	39.7	--	14	55580	卖盘
10:33:07	39.7	--	1	3970	卖盘
10:33:02	39.7	--	7	27790	卖盘
10:32:48	39.7	--	8	31760	卖盘
10:32:43	39.7	--	15	59550	卖盘
10:32:28	39.7	--	15	59550	卖盘
10:32:22	39.7	-0.01	28	111160	卖盘
10:32:01	39.71	--	20	79420	卖盘
10:31:46	39.71	-0.01	21	83391	卖盘
10:31:42	39.72	--	17	67524	买盘
10:31:16	39.72	--	2	7944	买盘
10:30:46	39.72	--	25	99300	卖盘
10:30:42	39.72	-0.01	7	27804	卖盘
10:30:31	39.73	--	14	55621	买盘
10:28:52	39.73	--	5	19865	买盘
10:28:27	39.73	--	29	115773	卖盘
10:28:22	39.73	--	1	3972	卖盘
10:28:12	39.73	--	5	19865	卖盘
10:27:37	39.73	-0.01	0	3416	卖盘
10:27:12	39.74	--	26	103324	卖盘
10:26:31	39.74	--	0	0	中性盘
10:26:16	39.74	--	0	0	卖盘
10:26:06	39.74	-0.01	3	11922	卖盘
10:26:01	39.75	0.01	8	31800	买盘
10:25:51	39.74	--	1	3974	卖盘
10:25:21	39.74	-0.01	3	11922	卖盘
10:25:01	39.75	--	1	3975	卖盘
10:24:46	39.75	--	4	15900	卖盘
10:24:40	39.75	--	1	3975	卖盘
10:24:36	39.75	-0.01	4	15900	卖盘
10:24:31	39.76	--	0	0	中性盘
10:24:25	39.76	-0.01	6	23856	卖盘
10:24:06	39.77	--	7	27839	卖盘
10:23:46	39.77	--	2	7954	卖盘
10:23:36	39.77	-0.01	4	15908	中性盘
10:23:31	39.78	0.01	10	39780	买盘
10:23:21	39.77	0.01	5	19885	买盘
10:23:10	39.76	--	0	0	中性盘
10:23:01	39.76	0.03	1	3976	买盘
10:22:46	39.73	--	10	39730	卖盘
10:22:31	39.73	0.03	15	59594	卖盘
10:22:25	39.7	--	0	0	卖盘
10:22:16	39.7	-0.01	20	82417	卖盘
10:22:01	39.71	--	0	0	卖盘
10:21:46	39.71	--	0	0	卖盘
10:21:31	39.71	--	4	15884	中性盘
10:21:21	39.71	--	3	11913	买盘
10:21:16	39.71	--	8	31768	买盘
10:21:10	39.71	--	10	39710	买盘
10:20:55	39.71	0.01	2	7942	买盘
10:20:45	39.7	--	43	170710	卖盘
10:20:21	39.7	--	3	11910	卖盘
10:20:00	39.7	--	3	11910	卖盘
10:19:45	39.7	-0.01	11	43670	卖盘
10:19:30	39.71	--	8	31768	买盘
10:19:15	39.71	--	1	3971	买盘
10:19:10	39.71	--	2	7942	买盘
10:19:00	39.71	--	1	3971	买盘
10:18:45	39.71	--	6	23826	卖盘
10:18:30	39.71	-0.01	1	3971	卖盘
10:18:25	39.72	--	2	7944	买盘
10:18:15	39.72	--	4	15888	买盘
10:18:10	39.72	--	12	47664	买盘
10:17:40	39.72	--	2	7944	买盘
10:17:25	39.72	--	1	3972	买盘
10:17:19	39.72	--	1	3972	买盘
10:17:15	39.72	0.02	21	83412	买盘
10:17:10	39.7	-0.02	3	11910	卖盘
10:16:55	39.72	0.02	7	27804	卖盘
10:16:45	39.7	--	0	0	卖盘
10:16:40	39.7	-0.02	29	115130	卖盘
10:16:34	39.72	0.02	24	95328	买盘
10:16:19	39.7	--	6	23820	卖盘
10:16:10	39.7	--	0	0	卖盘
10:15:55	39.7	--	11	43670	卖盘
10:15:34	39.7	--	8	31760	卖盘
10:15:00	39.7	-0.04	35	138950	卖盘
10:14:55	39.74	0.04	3	11922	中性盘
10:14:49	39.7	-0.05	100	397000	卖盘
10:14:34	39.75	-0.01	10	39750	卖盘
10:14:09	39.76	--	0	0	卖盘
10:13:43	39.76	0.01	10	39760	买盘
10:13:34	39.75	--	6	23850	卖盘
10:13:19	39.75	--	2	7950	卖盘
10:13:13	39.75	-0.01	5	19875	卖盘
10:13:04	39.76	-0.01	13	51688	卖盘
10:12:49	39.77	-0.01	7	27839	买盘
10:12:39	39.78	0.02	16	63648	买盘
10:12:34	39.76	-0.02	2	7952	卖盘
10:12:13	39.78	--	5	19890	卖盘
10:11:34	39.78	-0.02	13	51714	卖盘
10:11:28	39.8	-0.02	101	401980	卖盘
10:11:24	39.82	0.02	4	15928	中性盘
10:10:28	39.8	--	0	0	卖盘
10:10:09	39.8	--	10	39800	卖盘
10:09:49	39.8	--	12	47760	卖盘
10:09:43	39.8	0.02	14	55719	买盘
10:09:34	39.78	-0.01	31	123318	卖盘
10:09:19	39.79	--	0	0	买盘
10:09:04	39.79	-0.02	8	31832	卖盘
10:08:58	39.81	--	10	39810	卖盘
10:08:43	39.81	--	14	55734	买盘
10:08:34	39.81	--	6	23886	买盘
10:08:24	39.81	-0.03	12	47772	卖盘
10:08:04	39.84	--	5	19920	买盘
10:07:54	39.84	--	13	51991	卖盘
10:07:43	39.84	--	3	11952	卖盘
10:07:38	39.84	-0.01	3	15736	卖盘
10:07:22	39.85	--	10	39850	买盘
10:07:18	39.85	0.01	11	43835	买盘
10:07:13	39.84	-0.01	8	31872	卖盘
10:07:03	39.85	0.01	11	43835	买盘
10:06:58	39.84	-0.01	38	151392	卖盘
10:06:52	39.85	0.01	20	79700	买盘
10:06:33	39.84	--	7	27888	卖盘
10:06:18	39.84	--	14	55776	卖盘
10:06:13	39.84	-0.01	20	79680	卖盘
10:06:03	39.85	0.01	6	23910	买盘
10:05:48	39.84	--	12	47808	卖盘
10:05:33	39.84	--	46	183264	买盘
10:05:18	39.84	--	7	27888	买盘
10:05:13	39.84	--	0	0	中性盘
10:05:03	39.84	--	13	51792	买盘
10:04:48	39.84	--	0	0	买盘
10:04:43	39.84	0.03	5	19920	买盘
10:03:58	39.81	0.01	6	23886	买盘
10:03:52	39.8	--	3	11940	卖盘
10:03:37	39.8	--	2	7959	卖盘
10:03:33	39.8	-0.01	3	11940	卖盘
10:03:13	39.81	0.03	2	7962	买盘
10:03:03	39.78	-0.03	3	11934	卖盘
10:02:43	39.81	--	1	3981	买盘
10:02:33	39.81	--	4	15924	卖盘
10:02:18	39.81	--	0	0	卖盘
10:02:13	39.81	--	3	11943	买盘
10:02:03	39.81	--	2	7962	买盘
10:01:52	39.81	--	4	15924	买盘
10:01:27	39.81	--	2	7962	买盘
10:01:12	39.81	0.03	2	7962	买盘
10:00:57	39.78	-0.03	3	11934	卖盘
10:00:52	39.81	--	0	0	买盘
10:00:37	39.81	--	3	11943	买盘
10:00:31	39.81	--	4	15924	买盘
10:00:22	39.81	--	0	0	中性盘
10:00:12	39.81	-0.03	3	11943	卖盘
10:00:07	39.84	0.03	8	31872	买盘
10:00:01	39.81	0.01	2	7962	买盘
09:59:57	39.8	--	7	27859	卖盘
09:59:52	39.8	--	2	7959	卖盘
09:59:37	39.8	--	5	19900	买盘
09:59:31	39.8	--	1	3979	买盘
09:59:12	39.8	--	3	11940	买盘
09:59:07	39.8	--	5	19900	买盘
09:58:52	39.8	--	0	0	买盘
09:58:42	39.8	0.06	5	19900	买盘
09:58:37	39.74	--	0	0	中性盘
09:58:27	39.74	--	2	7948	买盘
09:58:22	39.74	0.02	1	3974	买盘
09:58:12	39.72	--	0	0	中性盘
09:58:07	39.72	--	10	39720	卖盘
09:57:57	39.72	--	1	3972	买盘
09:57:52	39.72	0.01	8	31776	买盘
09:57:22	39.71	--	7	27797	买盘
09:57:16	39.71	--	1	3971	买盘
09:57:12	39.71	0.01	25	99275	买盘
09:57:01	39.7	-0.01	11	43670	中性盘
09:56:57	39.71	--	1	3971	买盘
09:56:52	39.71	0.01	11	43681	买盘
09:56:42	39.7	-0.01	3	11910	卖盘
09:56:37	39.71	0.01	1	3971	买盘
09:56:31	39.7	0.01	4	15880	买盘
09:56:27	39.69	--	1	3969	买盘
09:56:22	39.69	-0.01	10	39690	卖盘
09:56:01	39.7	--	0	0	中性盘
09:55:52	39.7	-0.01	5	19850	卖盘
09:55:42	39.71	0.01	5	19855	买盘
09:55:27	39.7	-0.01	1	3970	卖盘
09:55:22	39.71	--	1	3971	买盘
09:55:16	39.71	0.01	5	19855	买盘
09:55:12	39.7	-0.01	2	7940	卖盘
09:55:06	39.71	--	3	11913	卖盘
09:54:52	39.71	-0.01	1	3971	卖盘
09:54:16	39.72	-0.06	17	67524	卖盘
09:54:10	39.78	--	0	0	买盘
09:53:55	39.78	--	0	0	买盘
09:53:51	39.78	-0.02	30	119340	买盘
09:53:36	39.8	--	0	0	买盘
09:52:55	39.8	--	13	51739	买盘
09:52:51	39.8	0.02	23	91540	买盘
09:52:46	39.78	--	2	7956	卖盘
09:52:36	39.78	-0.02	2	7956	卖盘
09:52:21	39.8	--	0	0	买盘
09:52:10	39.8	--	3	11940	买盘
09:52:06	39.8	0.05	6	23880	买盘
09:52:01	39.75	-0.05	2	7950	卖盘
09:51:51	39.8	--	3	11940	中性盘
09:51:46	39.8	--	1	3979	卖盘
09:51:36	39.8	0.05	1	3979	买盘
09:51:01	39.75	0.03	10	39750	买盘
09:50:55	39.72	--	6	23832	买盘
09:50:51	39.72	-0.03	2	7944	中性盘
09:50:46	39.75	0.02	5	19875	买盘
09:50:36	39.73	--	0	0	买盘
09:50:25	39.73	0.02	4	15891	买盘
09:50:21	39.71	--	1	3971	中性盘
09:50:06	39.71	0.03	5	19855	买盘
09:49:55	39.68	--	0	0	卖盘
09:49:51	39.68	-0.01	10	39680	卖盘
09:49:46	39.69	--	5	19845	买盘
09:49:40	39.69	--	16	63504	买盘
09:49:36	39.69	-0.01	5	19845	卖盘
09:49:21	39.7	-0.01	2	7940	卖盘
09:48:55	39.71	--	5	19855	买盘
09:48:51	39.71	--	0	0	中性盘
09:48:46	39.71	--	2	7942	卖盘
09:48:30	39.71	--	1	3971	卖盘
09:48:25	39.71	--	5	19855	买盘
09:48:06	39.71	0.04	10	39710	买盘
09:47:55	39.67	--	0	0	卖盘
09:47:51	39.67	-0.04	7	27769	卖盘
09:47:45	39.71	--	6	23826	买盘
09:47:40	39.71	-0.01	2	7942	买盘
09:47:34	39.72	--	0	0	买盘
09:47:30	39.72	--	9	35748	买盘
09:47:15	39.72	--	0	0	买盘
09:46:55	39.72	0.06	28	111216	买盘
09:46:49	39.66	-0.03	2	7931	卖盘
09:46:45	39.69	--	2	7938	卖盘
09:46:25	39.69	--	17	67473	卖盘
09:46:10	39.69	--	2	7938	卖盘
09:46:00	39.69	--	1	3969	卖盘
09:45:55	39.69	--	24	95256	卖盘
09:45:49	39.69	--	7	27783	卖盘
09:45:45	39.69	--	0	0	卖盘
09:45:40	39.69	0.01	9	37626	买盘
09:45:34	39.68	--	0	0	中性盘
09:45:19	39.68	-0.01	1	3968	卖盘
09:45:15	39.69	--	0	0	买盘
09:45:10	39.69	--	5	19845	买盘
09:45:00	39.69	--	4	15876	买盘
09:44:55	39.69	0.03	16	63504	买盘
09:44:49	39.66	--	16	63455	卖盘
09:44:34	39.66	-0.03	1	3965	卖盘
09:44:30	39.69	0.03	10	39690	买盘
09:44:19	39.66	-0.03	13	51557	卖盘
09:44:15	39.69	--	4	15876	买盘
09:44:10	39.69	--	26	103194	买盘
09:44:04	39.69	--	2	7938	买盘
09:43:55	39.69	--	5	19845	买盘
09:43:40	39.69	0.04	14	55566	买盘
09:43:30	39.65	-0.04	3	11895	卖盘
09:43:25	39.69	0.04	7	27783	买盘
09:43:19	39.65	-0.04	3	11895	卖盘
09:43:15	39.69	0.04	10	39690	买盘
09:43:00	39.65	-0.04	2	7930	卖盘
09:42:45	39.69	--	15	59535	买盘
09:42:40	39.69	--	2	7938	买盘
09:42:34	39.69	--	1	3969	买盘
09:42:30	39.69	0.07	2	7938	买盘
09:42:25	39.62	-0.07	102	404124	卖盘
09:42:19	39.69	--	41	162729	买盘
09:42:15	39.69	--	23	91287	买盘
09:42:10	39.69	--	19	75411	买盘
09:42:04	39.69	--	18	71442	买盘
09:42:00	39.69	--	26	103194	买盘
09:41:54	39.69	--	2	7938	买盘
09:41:49	39.69	0.01	8	31752	买盘
09:41:45	39.68	-0.01	10	39680	卖盘
09:41:39	39.69	--	19	75411	买盘
09:41:34	39.69	--	2	7938	买盘
09:41:14	39.69	0.01	3	11907	买盘
09:41:09	39.68	--	3	11904	买盘
09:41:04	39.68	-0.01	2	7936	卖盘
09:40:58	39.69	0.01	49	194481	买盘
09:40:54	39.68	-0.01	21	83328	卖盘
09:40:43	39.69	--	14	57629	卖盘
09:40:19	39.69	0.02	5	21750	买盘
09:40:09	39.67	--	2	7934	卖盘
09:39:58	39.67	--	5	19835	卖盘
09:39:54	39.67	--	11	43637	卖盘
09:39:49	39.67	0.05	7	27769	卖盘
09:39:28	39.62	--	0	0	卖盘
09:39:24	39.62	-0.04	88	348656	卖盘
09:39:19	39.66	-0.03	21	83286	卖盘
09:39:13	39.69	--	3	11907	买盘
09:39:09	39.69	--	11	43659	买盘
09:39:04	39.69	--	3	11907	买盘
09:38:58	39.69	0.03	5	19845	买盘
09:38:54	39.66	--	3	11897	卖盘
09:38:49	39.66	-0.03	2	7931	卖盘
09:38:43	39.69	0.03	5	19845	买盘
09:38:34	39.66	-0.03	1	3965	卖盘
09:38:28	39.69	0.03	10	39690	买盘
09:38:24	39.66	0.02	1	3965	卖盘
09:38:09	39.64	-0.02	10	39640	卖盘
09:38:04	39.66	0.01	21	83286	买盘
09:37:58	39.65	--	0	0	卖盘
09:37:54	39.65	0.01	3	11895	中性盘
09:37:49	39.64	--	1	3964	卖盘
09:37:39	39.64	--	30	118920	卖盘
09:37:34	39.64	--	3	11892	卖盘
09:37:24	39.64	--	3	11892	卖盘
09:37:19	39.64	--	0	0	卖盘
09:37:13	39.64	-0.02	4	15856	卖盘
09:37:09	39.66	0.01	6	23795	买盘
09:37:04	39.65	-0.01	5	19825	卖盘
09:36:54	39.66	--	5	19830	买盘
09:36:49	39.66	--	5	19830	买盘
09:36:43	39.66	--	18	71388	卖盘
09:36:24	39.66	0.02	12	47591	买盘
09:36:19	39.64	-0.02	5	19820	卖盘
09:36:13	39.66	--	0	0	中性盘
09:36:09	39.66	0.03	14	55523	买盘
09:36:04	39.63	--	0	0	卖盘
09:35:54	39.63	-0.03	3	11889	卖盘
09:35:43	39.66	0.03	6	23795	买盘
09:35:39	39.63	-0.02	14	55482	卖盘
09:35:34	39.65	-0.01	7	27755	卖盘
09:35:28	39.66	--	7	27761	买盘
09:35:24	39.66	-0.03	1	3965	中性盘
09:35:13	39.69	--	1	3969	买盘
09:35:09	39.69	-0.01	0	2063	卖盘
09:35:03	39.7	0.01	16	63520	买盘
09:34:58	39.69	-0.01	4	15876	卖盘
09:34:53	39.7	--	6	23820	买盘
09:34:48	39.7	--	5	19850	买盘
09:34:43	39.7	-0.01	85	337450	卖盘
09:34:33	39.71	-0.08	12	47652	卖盘
09:34:18	39.79	--	0	0	买盘
09:34:13	39.79	--	0	0	买盘
09:34:03	39.79	--	1	3979	买盘
09:33:58	39.79	-0.01	1	3979	买盘
09:33:52	39.8	-0.03	8	31839	卖盘
09:33:43	39.83	-0.02	10	39830	买盘
09:33:37	39.85	0.02	5	19925	买盘
09:33:28	39.83	--	2	7966	卖盘
09:33:22	39.83	0.01	1	3983	卖盘
09:33:18	39.82	--	3	11946	买盘
09:33:13	39.82	-0.01	9	35838	中性盘
09:33:07	39.83	0.03	12	47796	买盘
09:32:58	39.8	0.02	33	131340	买盘
09:32:52	39.78	--	0	0	买盘
09:32:43	39.78	0.03	13	51714	买盘
09:32:37	39.75	0.05	3	11925	买盘
09:32:33	39.7	-0.05	1	3970	卖盘
09:32:28	39.75	--	4	15900	卖盘
09:32:22	39.75	--	0	0	中性盘
09:32:13	39.75	0.05	6	23850	卖盘
09:32:03	39.7	--	6	23820	买盘
09:31:48	39.7	-0.1	2	7940	卖盘
09:31:43	39.8	0.01	31	123379	买盘
09:31:33	39.79	--	4	15916	卖盘
09:31:28	39.79	--	22	87538	卖盘
09:31:18	39.79	--	0	0	中性盘
09:31:13	39.79	0.1	2	7958	买盘
09:31:07	39.69	-0.1	0	1905	卖盘
09:31:03	39.79	0.1	3	11937	中性盘
09:30:52	39.69	--	2	7938	卖盘
09:30:48	39.69	0.09	14	55566	买盘
09:30:43	39.6	-0.09	12	47520	卖盘
09:30:37	39.69	0.05	2	7938	买盘
09:30:33	39.64	-0.05	2	7928	卖盘
09:30:22	39.69	--	3	11907	买盘
09:30:13	39.69	--	41	162729	买盘
09:30:07	39.69	--	15	59535	买盘
09:30:03	39.69	--	12	47628	卖盘
09:28:57	39.69	--	0	0	卖盘
09:25:09	39.69	39.69	34	134946	买盘
