成交时间	成交价	价格变动	成交量(手)	成交额(元)	性质
15:00:00	4.85	--	0	0	买盘
15:00:00	4.85	--	26	12609	买盘
14:59:59	4.85	--	52	25219	买盘
14:59:54	4.85	--	178	86330	买盘
14:59:49	4.85	--	1	484	买盘
14:59:44	4.85	--	28	13579	买盘
14:59:39	4.85	0.01	20	9700	买盘
14:59:34	4.84	-0.01	35	16940	卖盘
14:59:29	4.85	--	19	9215	买盘
14:59:24	4.85	--	298	144530	买盘
14:59:19	4.85	--	38	18430	买盘
14:59:14	4.85	0.01	612	296820	买盘
14:59:09	4.84	-0.01	313	151492	卖盘
14:59:04	4.85	--	125	60624	买盘
14:58:59	4.85	--	47	22795	买盘
14:58:54	4.85	--	844	409339	买盘
14:58:49	4.85	--	528	256079	买盘
14:58:44	4.85	0.01	15	7274	买盘
14:58:39	4.84	-0.01	51	24684	卖盘
14:58:34	4.85	0.01	119	57714	买盘
14:58:24	4.84	--	31	15004	卖盘
14:58:19	4.84	-0.01	215	104060	卖盘
14:58:14	4.85	--	999	484514	买盘
14:58:09	4.85	0.01	229	111064	买盘
14:58:04	4.84	--	40	19360	卖盘
14:57:59	4.84	--	90	43560	卖盘
14:57:54	4.84	-0.01	68	32912	卖盘
14:57:49	4.85	--	46	22310	买盘
14:57:44	4.85	--	47	22795	买盘
14:57:39	4.85	--	41	19885	买盘
14:57:34	4.85	--	10	4850	买盘
14:57:29	4.85	0.01	4	1939	买盘
14:57:24	4.84	-0.01	24	11616	卖盘
14:57:19	4.85	0.01	20	9700	买盘
14:57:14	4.84	--	481	232804	卖盘
14:57:04	4.84	--	18	8712	卖盘
14:56:59	4.84	-0.01	30	14520	卖盘
14:56:54	4.85	0.01	58	28129	买盘
14:56:49	4.84	-0.01	34	16456	卖盘
14:56:39	4.85	--	52	25219	买盘
14:56:34	4.85	0.01	69	33465	买盘
14:56:24	4.84	--	2	968	卖盘
14:56:18	4.84	-0.01	201	97284	卖盘
14:56:09	4.85	0.01	23	11155	买盘
14:56:04	4.84	--	113	54692	卖盘
14:55:59	4.84	--	30	14520	卖盘
14:55:54	4.84	--	68	32912	卖盘
14:55:49	4.84	--	113	54692	卖盘
14:55:44	4.84	-0.01	65	31460	卖盘
14:55:39	4.85	0.01	143	69355	买盘
14:55:34	4.84	-0.01	76	36784	卖盘
14:55:24	4.85	--	84	40740	买盘
14:55:19	4.85	0.01	106	51409	买盘
14:55:14	4.84	--	100	48400	卖盘
14:55:09	4.84	--	37	17908	卖盘
14:55:03	4.84	--	36	17424	卖盘
14:54:54	4.84	--	424	205216	卖盘
14:54:49	4.84	--	168	81312	卖盘
14:54:43	4.84	-0.01	50	24200	卖盘
14:54:38	4.85	0.01	118	57229	买盘
14:54:33	4.84	-0.01	20	9680	卖盘
14:54:28	4.85	0.01	7	3394	买盘
14:54:24	4.84	--	28	13552	卖盘
14:54:19	4.84	--	27	13068	卖盘
14:54:13	4.84	--	52	25168	卖盘
14:54:08	4.84	--	12	5808	卖盘
14:54:03	4.84	--	44	21296	卖盘
14:53:58	4.84	--	17	8228	卖盘
14:53:53	4.84	-0.01	172	83248	卖盘
14:53:48	4.85	--	5	2425	买盘
14:53:43	4.85	0.01	30	14549	买盘
14:53:38	4.84	--	20	9680	卖盘
14:53:33	4.84	--	20	9680	卖盘
14:53:28	4.84	--	95	45980	卖盘
14:53:17	4.84	--	313	151492	卖盘
14:53:13	4.84	--	120	58080	卖盘
14:53:08	4.84	-0.01	45	21780	卖盘
14:53:02	4.85	0.01	234	113489	买盘
14:52:58	4.84	--	49	23716	卖盘
14:52:48	4.84	-0.01	4	1936	卖盘
14:52:38	4.85	0.01	60	29099	买盘
14:52:32	4.84	--	920	445280	卖盘
14:52:28	4.84	-0.01	258	124872	卖盘
14:52:17	4.85	0.01	116	56259	买盘
14:52:13	4.84	-0.01	4	1936	卖盘
14:52:08	4.85	0.01	50	24250	买盘
14:52:02	4.84	--	5	2420	卖盘
14:51:58	4.84	-0.01	34	16456	卖盘
14:51:43	4.85	0.01	63	30554	买盘
14:51:32	4.84	--	11	5324	卖盘
14:51:28	4.84	-0.01	1	484	卖盘
14:51:17	4.85	0.01	63	30554	买盘
14:51:08	4.84	-0.01	25	12100	卖盘
14:51:02	4.85	0.01	55	26674	买盘
14:50:43	4.84	--	70	33880	卖盘
14:50:32	4.84	--	12	5808	卖盘
14:50:27	4.84	-0.01	7	3388	卖盘
14:50:23	4.85	--	85	41225	买盘
14:50:17	4.85	--	354	171690	买盘
14:49:47	4.85	0.01	11	5335	买盘
14:49:42	4.84	--	7	3388	卖盘
14:49:38	4.84	--	12	5808	卖盘
14:49:32	4.84	--	176	85184	卖盘
14:49:27	4.84	--	29	14036	卖盘
14:49:12	4.84	--	1	484	卖盘
14:49:08	4.84	--	23	11132	卖盘
14:49:02	4.84	-0.01	15	7260	卖盘
14:48:47	4.85	0.01	89	43165	买盘
14:48:42	4.84	-0.01	730	353320	卖盘
14:48:32	4.85	0.01	100	48500	买盘
14:48:12	4.84	-0.01	170	82280	卖盘
14:48:02	4.85	0.01	56	27159	买盘
14:47:52	4.84	--	55	26620	卖盘
14:47:42	4.84	--	107	51788	卖盘
14:47:37	4.84	--	10	4840	卖盘
14:47:32	4.84	--	100	48400	卖盘
14:47:27	4.84	-0.01	38	18392	卖盘
14:47:22	4.85	0.01	60	29099	买盘
14:47:12	4.84	--	19	9196	卖盘
14:47:07	4.84	--	27	13068	卖盘
14:47:02	4.84	-0.01	1	484	卖盘
14:46:52	4.85	0.01	31	15034	买盘
14:46:47	4.84	-0.01	258	124872	卖盘
14:46:41	4.85	--	1	484	买盘
14:46:37	4.85	0.01	1	484	买盘
14:46:32	4.84	--	1	484	卖盘
14:46:26	4.84	-0.01	1	484	卖盘
14:46:22	4.85	--	21	10185	买盘
14:46:17	4.85	0.01	310	150350	买盘
14:46:11	4.84	-0.01	61	29524	卖盘
14:46:07	4.85	0.01	13	6304	买盘
14:46:02	4.84	-0.01	80	38720	卖盘
14:45:52	4.85	--	20	9700	买盘
14:45:47	4.85	0.01	20	9700	买盘
14:45:41	4.84	-0.01	18	9026	卖盘
14:45:32	4.85	--	6	2910	买盘
14:45:26	4.85	--	218	105773	买盘
14:45:22	4.85	--	43	20855	买盘
14:45:17	4.85	--	66	32009	买盘
14:45:11	4.85	--	5	2425	买盘
14:44:56	4.85	--	264	128039	买盘
14:44:52	4.85	--	35	16975	买盘
14:44:41	4.85	--	737	357915	卖盘
14:44:37	4.85	--	7	3394	卖盘
14:44:32	4.85	--	315	153066	卖盘
14:44:21	4.85	--	2014	976848	卖盘
14:44:11	4.85	--	173	83997	卖盘
14:44:02	4.85	--	28	13701	卖盘
14:43:56	4.85	--	40	19400	卖盘
14:43:51	4.85	-0.01	126	61294	卖盘
14:43:47	4.86	0.01	140	68040	买盘
14:43:41	4.85	--	21	10427	卖盘
14:43:36	4.85	--	5	2425	卖盘
14:43:32	4.85	--	226	109973	卖盘
14:43:26	4.85	-0.01	3	1455	卖盘
14:43:21	4.86	0.01	47	23085	买盘
14:43:11	4.85	--	101	48985	卖盘
14:42:56	4.85	-0.01	296	143560	卖盘
14:42:47	4.86	0.01	9	4374	买盘
14:42:41	4.85	-0.01	35	16975	卖盘
14:42:32	4.86	0.01	100	48600	买盘
14:42:11	4.85	-0.01	8	3879	卖盘
14:42:06	4.86	0.01	11	5346	买盘
14:41:56	4.85	--	20	9700	卖盘
14:41:51	4.85	--	8	3879	卖盘
14:41:41	4.85	--	4	1939	卖盘
14:41:36	4.85	--	216	104759	卖盘
14:41:26	4.85	-0.01	7	3394	卖盘
14:41:21	4.86	--	6	2916	买盘
14:41:16	4.86	0.01	105	51030	买盘
14:41:06	4.85	--	51	24735	卖盘
14:40:51	4.85	-0.01	76	36860	卖盘
14:40:41	4.86	--	18	8748	买盘
14:40:36	4.86	--	5	2430	买盘
14:40:26	4.86	--	19	9234	买盘
14:40:20	4.86	--	220	106920	买盘
14:40:11	4.86	--	18	8748	买盘
14:39:56	4.86	--	10	4860	买盘
14:39:50	4.86	--	10	4860	买盘
14:39:46	4.86	--	120	58320	买盘
14:39:31	4.86	--	11	5346	买盘
14:39:20	4.86	0.01	14	6804	买盘
14:39:16	4.85	-0.01	20	9700	卖盘
14:39:05	4.86	--	1	486	买盘
14:39:01	4.86	--	1433	696438	买盘
14:38:56	4.86	0.01	50	24300	买盘
14:38:35	4.85	--	20	9700	卖盘
14:38:31	4.85	-0.01	133	64504	卖盘
14:38:26	4.86	0.01	32	15552	买盘
14:38:20	4.85	-0.01	17	8594	卖盘
14:38:16	4.86	--	432	209952	买盘
14:38:11	4.86	0.01	4	1944	买盘
14:38:05	4.85	--	2	969	卖盘
14:37:56	4.85	--	10	4850	卖盘
14:37:50	4.85	--	94	45590	卖盘
14:37:30	4.85	--	209	101364	卖盘
14:37:26	4.85	--	11	5335	卖盘
14:37:20	4.85	--	22	10796	卖盘
14:37:15	4.85	--	550	266750	卖盘
14:37:11	4.85	--	11	5335	卖盘
14:37:05	4.85	--	1301	631353	买盘
14:37:00	4.85	--	129	62564	买盘
14:36:56	4.85	--	20	9700	买盘
14:36:50	4.85	--	9	4365	买盘
14:36:45	4.85	--	22	10670	买盘
14:36:30	4.85	--	66	32009	买盘
14:36:25	4.85	0.01	23	11155	买盘
14:36:20	4.84	-0.01	52	25298	卖盘
14:36:15	4.85	--	120	58199	买盘
14:36:05	4.85	--	20	9700	买盘
14:36:00	4.85	0.01	158	76630	买盘
14:35:55	4.84	-0.01	1	484	卖盘
14:35:50	4.85	--	1744	845839	买盘
14:35:45	4.85	0.01	30	14549	买盘
14:35:40	4.84	-0.01	10	4840	卖盘
14:35:35	4.85	0.01	47	22795	买盘
14:35:30	4.84	--	111	53724	卖盘
14:35:20	4.84	-0.01	28	13677	卖盘
14:34:55	4.85	--	10	4850	买盘
14:34:50	4.85	--	9	4365	买盘
14:34:45	4.85	--	14	6789	买盘
14:34:35	4.85	0.01	30	14549	买盘
14:34:30	4.84	-0.01	5	2420	卖盘
14:34:25	4.85	0.01	50	24250	买盘
14:34:20	4.84	--	53	25777	卖盘
14:33:59	4.84	-0.01	50	24200	卖盘
14:33:55	4.85	--	3	1455	买盘
14:33:44	4.85	--	64	31039	买盘
14:33:40	4.85	0.01	48	23280	买盘
14:33:29	4.84	-0.01	23	11262	卖盘
14:33:14	4.85	0.01	66	32009	买盘
14:33:10	4.84	-0.01	80	38720	卖盘
14:33:05	4.85	0.01	106	51409	买盘
14:32:59	4.84	--	10	4840	卖盘
14:32:44	4.84	-0.01	11	5324	卖盘
14:32:40	4.85	--	24	11640	买盘
14:32:25	4.85	--	30	14676	买盘
14:32:05	4.85	0.01	10	4850	买盘
14:31:35	4.84	--	104	50336	卖盘
14:31:29	4.84	-0.01	22	10773	卖盘
14:31:14	4.85	0.01	30	14549	买盘
14:31:05	4.84	-0.01	150	72600	卖盘
14:30:54	4.85	0.01	6	2910	买盘
14:30:49	4.84	-0.01	371	179564	卖盘
14:30:44	4.85	0.01	32	15519	买盘
14:30:29	4.84	-0.01	76	36914	卖盘
14:30:24	4.85	0.01	1	484	买盘
14:30:19	4.84	-0.01	30	14520	卖盘
14:30:14	4.85	--	21	10185	买盘
14:30:09	4.85	0.01	40	19400	买盘
14:29:59	4.84	-0.01	15	7260	卖盘
14:29:54	4.85	--	1880	911799	买盘
14:29:39	4.85	0.01	107	51894	买盘
14:29:34	4.84	--	184	89181	卖盘
14:29:24	4.84	--	14	6776	卖盘
14:29:19	4.84	-0.01	209	101156	卖盘
14:29:14	4.85	--	27	13094	买盘
14:29:04	4.85	0.01	54	26189	买盘
14:28:44	4.84	-0.01	9	4356	卖盘
14:28:39	4.85	--	34	16616	买盘
14:28:29	4.85	0.01	60	29099	买盘
14:28:19	4.84	--	12	5808	卖盘
14:28:14	4.84	-0.01	13	6292	卖盘
14:27:59	4.85	--	50	24250	买盘
14:27:49	4.85	--	9	4365	买盘
14:27:44	4.85	--	6	2910	买盘
14:27:39	4.85	0.01	50	24250	买盘
14:27:34	4.84	-0.01	23	11262	卖盘
14:27:29	4.85	--	79	38315	买盘
14:27:23	4.85	--	5	2425	买盘
14:27:19	4.85	0.01	31	15034	买盘
14:27:08	4.84	-0.01	65	31460	卖盘
14:27:04	4.85	--	14	6789	买盘
14:26:53	4.85	--	110	53349	买盘
14:26:49	4.85	0.01	52	25219	买盘
14:26:38	4.84	-0.01	42	20453	卖盘
14:26:34	4.85	--	10	4850	买盘
14:26:23	4.85	0.01	264	128039	买盘
14:26:08	4.84	--	54	26136	卖盘
14:26:04	4.84	--	2	968	卖盘
14:25:59	4.84	--	2	968	卖盘
14:25:53	4.84	--	123	59532	卖盘
14:25:38	4.84	--	22	10773	卖盘
14:25:14	4.84	--	18	8712	卖盘
14:25:03	4.84	--	54	26136	卖盘
14:24:53	4.84	--	30	14520	卖盘
14:24:43	4.84	-0.01	13	6292	卖盘
14:24:38	4.85	0.01	323	156655	买盘
14:24:33	4.84	-0.01	22	10778	卖盘
14:24:23	4.85	--	5010	2429850	买盘
14:24:18	4.85	0.01	60	29099	买盘
14:24:08	4.84	--	10	4840	卖盘
14:24:03	4.84	--	22	10648	卖盘
14:23:58	4.84	--	4	1936	卖盘
14:23:38	4.84	-0.01	22	10773	卖盘
14:23:33	4.85	0.01	80	38800	买盘
14:23:28	4.84	--	506	245005	卖盘
14:23:18	4.84	--	10	4840	卖盘
14:23:08	4.84	--	20	9680	卖盘
14:23:03	4.84	--	91	44044	卖盘
14:22:53	4.84	--	551	266684	卖盘
14:22:43	4.84	--	22	10773	卖盘
14:22:38	4.84	--	151	73084	卖盘
14:22:33	4.84	-0.01	11	5324	卖盘
14:22:28	4.85	--	2	969	买盘
14:22:23	4.85	0.01	3	1455	买盘
14:22:08	4.84	--	14	6776	卖盘
14:22:03	4.84	-0.01	14	6776	卖盘
14:21:58	4.85	0.01	10	4850	买盘
14:21:53	4.84	--	39	18876	卖盘
14:21:48	4.84	-0.01	4	1936	卖盘
14:21:43	4.85	0.01	72	35050	买盘
14:21:38	4.84	--	11	5324	卖盘
14:21:32	4.84	--	4	1936	卖盘
14:21:28	4.84	--	258	124872	卖盘
14:21:23	4.84	--	40	19360	卖盘
14:21:08	4.84	-0.01	202	97768	卖盘
14:21:02	4.85	--	3	1455	买盘
14:20:53	4.85	--	11	5335	买盘
14:20:47	4.85	0.01	39	19041	买盘
14:20:43	4.84	-0.01	9	4356	卖盘
14:20:38	4.85	--	80	38800	买盘
14:20:32	4.85	--	30	14549	买盘
14:20:28	4.85	0.01	28	13579	买盘
14:20:17	4.84	--	14	6776	卖盘
14:20:13	4.84	-0.01	28	13552	卖盘
14:20:08	4.85	0.01	100	48500	买盘
14:20:02	4.84	--	10	4840	卖盘
14:19:58	4.84	-0.01	107	51788	卖盘
14:19:47	4.85	0.01	1	484	买盘
14:19:43	4.84	--	26	12709	卖盘
14:19:38	4.84	--	50	24200	卖盘
14:19:28	4.84	-0.01	37	17908	卖盘
14:19:23	4.85	0.01	20	9700	买盘
14:19:17	4.84	-0.01	5	2420	卖盘
14:18:58	4.85	0.01	314	152290	买盘
14:18:53	4.84	--	22	10773	卖盘
14:18:42	4.84	--	225	108900	卖盘
14:18:38	4.84	--	15	7260	卖盘
14:18:32	4.84	-0.01	4	1936	卖盘
14:18:07	4.85	0.01	10	4850	买盘
14:17:57	4.84	--	42	20458	卖盘
14:17:47	4.84	--	20	9680	卖盘
14:17:37	4.84	--	15	7260	卖盘
14:17:27	4.84	-0.01	16	7744	卖盘
14:17:12	4.85	--	4	1939	买盘
14:17:07	4.85	--	200	97000	买盘
14:17:02	4.85	--	30	14549	买盘
14:16:52	4.85	0.01	211	102334	买盘
14:16:47	4.84	-0.01	22	10773	卖盘
14:16:42	4.85	0.01	50	24250	买盘
14:16:32	4.84	--	13	6292	卖盘
14:16:22	4.84	-0.01	4	1936	卖盘
14:16:17	4.85	--	28	13579	买盘
14:16:12	4.85	--	10	4850	买盘
14:16:02	4.85	--	134	65348	卖盘
14:15:52	4.85	--	22	10796	卖盘
14:15:47	4.85	--	1021	495184	卖盘
14:15:42	4.85	--	115	55774	卖盘
14:15:37	4.85	-0.01	67	32494	卖盘
14:15:32	4.86	0.01	232	112752	买盘
14:15:27	4.85	--	339	164415	卖盘
14:15:22	4.85	--	70	33950	卖盘
14:15:17	4.85	--	39	18915	卖盘
14:15:02	4.85	--	113	54804	卖盘
14:14:57	4.85	--	20	9700	卖盘
14:14:52	4.85	--	32	15650	卖盘
14:14:47	4.85	-0.01	83	40255	卖盘
14:14:41	4.86	0.01	30	14580	买盘
14:14:37	4.85	--	205	99429	卖盘
14:14:32	4.85	--	61	29584	卖盘
14:14:17	4.85	--	59	28614	卖盘
14:14:11	4.85	--	214	103789	卖盘
14:14:07	4.85	--	92	44620	卖盘
14:13:56	4.85	--	131	63661	卖盘
14:13:52	4.85	--	113	54804	卖盘
14:13:41	4.85	-0.01	200	97000	卖盘
14:13:37	4.86	--	19	9234	买盘
14:13:32	4.86	0.01	5	2430	买盘
14:13:26	4.85	--	3	1455	卖盘
14:13:17	4.85	--	100	48500	卖盘
14:13:11	4.85	--	5	2425	卖盘
14:13:07	4.85	--	104	50439	卖盘
14:13:02	4.85	--	11	5335	卖盘
14:12:56	4.85	--	23	11281	卖盘
14:12:52	4.85	--	38	18430	卖盘
14:12:47	4.85	-0.01	15	7274	卖盘
14:12:26	4.86	0.01	148	71928	买盘
14:12:06	4.85	--	36	17460	卖盘
14:12:02	4.85	--	4	1939	卖盘
14:11:56	4.85	--	22	10800	卖盘
14:11:51	4.85	--	24	11640	卖盘
14:11:41	4.85	-0.01	29	14064	卖盘
14:11:31	4.86	0.01	19	9234	买盘
14:11:26	4.85	--	85	41225	卖盘
14:11:21	4.85	--	20	9700	卖盘
14:11:11	4.85	--	6	2910	卖盘
14:11:06	4.85	--	29	14191	卖盘
14:10:56	4.85	--	10	4850	卖盘
14:10:51	4.85	--	11	5335	卖盘
14:10:41	4.85	-0.01	60	29099	卖盘
14:10:36	4.86	0.01	26	12636	买盘
14:10:31	4.85	--	33	16004	卖盘
14:10:26	4.85	--	100	48500	卖盘
14:10:21	4.85	--	101	48985	卖盘
14:09:56	4.85	--	4	1939	卖盘
14:09:51	4.85	--	4	1939	卖盘
14:09:16	4.85	--	10	4850	卖盘
14:09:11	4.85	-0.01	4	1939	卖盘
14:08:56	4.86	--	5	2430	买盘
14:08:51	4.86	0.01	9	4374	买盘
14:08:46	4.85	-0.01	1004	486939	卖盘
14:08:35	4.86	--	2	972	买盘
14:08:26	4.86	--	34	16524	买盘
14:08:11	4.86	--	34	16524	买盘
14:08:05	4.86	0.01	80	38880	买盘
14:07:56	4.85	-0.01	18	8730	卖盘
14:07:50	4.86	0.01	30	14580	买盘
14:07:46	4.85	-0.01	34	16490	卖盘
14:07:31	4.86	--	160	77760	买盘
14:07:20	4.86	--	10	4860	买盘
14:07:16	4.86	--	26	12636	买盘
14:07:11	4.86	--	21	10206	买盘
14:07:05	4.86	--	64	31104	买盘
14:06:50	4.86	0.01	4	1944	买盘
14:06:35	4.85	--	4	1939	卖盘
14:06:31	4.85	-0.01	25	12125	卖盘
14:06:20	4.86	0.01	4	1944	买盘
14:06:16	4.85	--	19	9215	卖盘
14:06:11	4.85	--	32	15519	卖盘
14:05:50	4.85	-0.01	25	12125	卖盘
14:05:35	4.86	0.01	66	32076	买盘
14:05:30	4.85	-0.01	4	1939	卖盘
14:05:25	4.86	0.01	10	4860	买盘
14:05:20	4.85	--	30	14549	卖盘
14:05:10	4.85	-0.01	25	12125	卖盘
14:05:05	4.86	0.01	34	16524	买盘
14:05:00	4.85	--	10	4850	卖盘
14:04:40	4.85	--	10	4850	卖盘
14:04:25	4.85	--	5	2425	卖盘
14:04:15	4.85	--	20	9700	卖盘
14:04:05	4.85	--	232	112519	卖盘
14:03:50	4.85	--	21	10185	卖盘
14:03:45	4.85	-0.01	90	43650	卖盘
14:03:35	4.86	0.01	329	159894	买盘
14:03:30	4.85	--	72	34920	买盘
14:03:25	4.85	--	9	4365	买盘
14:03:20	4.85	--	28	13579	买盘
14:03:10	4.85	--	99	48015	买盘
14:03:05	4.85	--	136	65960	买盘
14:03:00	4.85	--	87	42195	买盘
14:02:55	4.85	--	10	4850	买盘
14:02:45	4.85	--	18	8730	买盘
14:02:40	4.85	--	572	277420	买盘
14:02:35	4.85	--	2188	1061180	卖盘
14:02:30	4.85	--	5	2425	卖盘
14:02:20	4.85	--	110	53349	卖盘
14:02:14	4.85	--	25	12125	卖盘
14:02:05	4.85	--	18	8730	卖盘
14:02:00	4.85	-0.01	37	17945	卖盘
14:01:55	4.86	--	11	5346	买盘
14:01:44	4.86	0.01	11	5346	买盘
14:01:40	4.85	-0.01	1	484	卖盘
14:01:35	4.86	--	13	6318	买盘
14:01:20	4.86	--	107	52002	买盘
14:01:14	4.86	0.01	64	31104	买盘
14:01:10	4.85	-0.01	17	8245	卖盘
14:00:59	4.86	--	11	5346	买盘
14:00:55	4.86	--	10	4860	买盘
14:00:50	4.86	0.01	13	6318	买盘
14:00:44	4.85	-0.01	500	242499	卖盘
14:00:40	4.86	0.01	11	5346	买盘
14:00:29	4.85	-0.01	20	9700	卖盘
14:00:25	4.86	--	17	8262	买盘
14:00:14	4.86	0.01	15	7290	买盘
14:00:10	4.85	--	219	106214	买盘
14:00:05	4.85	--	12	5820	买盘
13:59:55	4.85	--	12	5820	买盘
13:59:50	4.85	--	74	35890	买盘
13:59:44	4.85	--	50	24250	买盘
13:59:40	4.85	--	13	6304	买盘
13:59:29	4.85	--	111	53834	买盘
13:59:24	4.85	--	11	5335	买盘
13:59:14	4.85	--	30	14549	买盘
13:59:09	4.85	-0.01	17	8245	买盘
13:58:59	4.86	0.01	81	39366	买盘
13:58:54	4.85	-0.01	543	263738	卖盘
13:58:49	4.86	0.01	14	6804	买盘
13:58:44	4.85	--	35	16975	卖盘
13:58:39	4.85	--	119	57714	卖盘
13:58:29	4.85	-0.01	10	4850	卖盘
13:58:24	4.86	0.01	212	103134	买盘
13:58:19	4.85	--	85	41225	买盘
13:58:14	4.85	--	412	199819	买盘
13:58:09	4.85	--	110	53349	买盘
13:58:04	4.85	--	11	5335	买盘
13:57:59	4.85	0.01	39	18915	买盘
13:57:54	4.84	-0.01	17	8228	卖盘
13:57:49	4.85	--	7	3394	买盘
13:57:44	4.85	--	16	7759	买盘
13:57:39	4.85	--	45	21825	买盘
13:57:29	4.85	--	12	5820	买盘
13:57:24	4.85	--	41	19885	买盘
13:57:19	4.85	--	12	5820	买盘
13:57:09	4.85	--	12	5820	买盘
13:57:04	4.85	--	100	48500	买盘
13:56:59	4.85	--	89	43165	买盘
13:56:54	4.85	0.01	60	29099	买盘
13:56:49	4.84	-0.01	24	11616	卖盘
13:56:44	4.85	--	13	6304	买盘
13:56:39	4.85	--	20	9700	买盘
13:56:34	4.85	--	29	14064	买盘
13:56:29	4.85	-0.01	216	105143	卖盘
13:56:24	4.86	0.01	21	10206	买盘
13:56:19	4.85	--	200	97000	卖盘
13:56:14	4.85	--	57	27644	卖盘
13:56:09	4.85	-0.01	108	52379	卖盘
13:55:59	4.86	0.01	98	47628	买盘
13:55:54	4.85	--	43	20855	卖盘
13:55:44	4.85	-0.01	260	126124	卖盘
13:55:38	4.86	0.01	63	30618	买盘
13:55:34	4.85	-0.01	4	1939	卖盘
13:55:29	4.86	--	12	5832	买盘
13:55:24	4.86	0.01	26	12636	买盘
13:55:19	4.85	--	67	32494	卖盘
13:55:14	4.85	--	8	3879	卖盘
13:55:08	4.85	--	54	26189	卖盘
13:55:04	4.85	--	63	30554	卖盘
13:54:59	4.85	-0.01	40	19400	卖盘
13:54:53	4.86	0.01	21	10206	买盘
13:54:49	4.85	--	62	30069	卖盘
13:54:44	4.85	--	50	24250	卖盘
13:54:38	4.85	-0.01	168	81480	卖盘
13:54:34	4.86	0.01	36	17496	买盘
13:54:29	4.85	-0.01	15	7274	卖盘
13:54:23	4.86	0.01	13	6318	买盘
13:54:19	4.85	--	5	2425	卖盘
13:54:14	4.85	--	41	19885	卖盘
13:54:08	4.85	-0.01	14	6789	卖盘
13:54:04	4.86	0.01	1024	497664	买盘
13:53:49	4.85	--	32	15519	卖盘
13:53:44	4.85	-0.01	110	53349	卖盘
13:53:38	4.86	0.01	12	5832	买盘
13:53:34	4.85	-0.01	10	4850	卖盘
13:53:29	4.86	0.01	53	25758	买盘
13:53:23	4.85	--	20	9700	卖盘
13:53:19	4.85	-0.01	327	158595	卖盘
13:53:08	4.86	0.01	8	3888	买盘
13:53:04	4.85	--	73	35405	卖盘
13:52:59	4.85	-0.01	29	14064	卖盘
13:52:53	4.86	--	26	12636	买盘
13:52:48	4.86	--	5	2430	买盘
13:52:44	4.86	--	13	6318	买盘
13:52:38	4.86	--	4	1944	买盘
13:52:33	4.86	0.01	40	19440	买盘
13:52:28	4.85	-0.01	4	1939	卖盘
13:52:23	4.86	--	41	19926	买盘
13:52:18	4.86	--	23	11178	买盘
13:52:08	4.86	--	61	29646	买盘
13:52:03	4.86	--	20	9720	买盘
13:51:58	4.86	--	211	102546	买盘
13:51:48	4.86	--	49	23814	买盘
13:51:38	4.86	0.01	11	5346	买盘
13:51:33	4.85	--	5	2425	卖盘
13:51:28	4.85	--	2	969	卖盘
13:51:23	4.85	-0.01	22	10670	卖盘
13:51:18	4.86	0.01	13	6318	买盘
13:51:08	4.85	-0.01	3	1455	卖盘
13:51:03	4.86	--	16	7776	买盘
13:50:58	4.86	0.01	115	55890	买盘
13:50:53	4.85	--	77	37345	卖盘
13:50:43	4.85	-0.01	150	72750	卖盘
13:50:38	4.86	0.01	21	10206	买盘
13:50:33	4.85	--	14	6789	卖盘
13:50:28	4.85	-0.01	568	275480	卖盘
13:50:18	4.86	--	190	92340	买盘
13:50:13	4.86	--	15	7290	买盘
13:50:08	4.86	--	14	6804	买盘
13:50:03	4.86	--	20	9720	买盘
13:49:58	4.86	--	13	6318	买盘
13:49:53	4.86	--	10	4860	买盘
13:49:48	4.86	--	2	972	买盘
13:49:43	4.86	--	5	2430	买盘
13:49:38	4.86	--	7	3402	买盘
13:49:33	4.86	--	217	105462	买盘
13:49:28	4.86	--	154	74844	买盘
13:49:23	4.86	0.01	13	6318	买盘
13:49:13	4.85	-0.01	4	1939	卖盘
13:49:08	4.86	--	12	5832	买盘
13:49:03	4.86	--	6	2916	买盘
13:48:58	4.86	--	11	5346	买盘
13:48:53	4.86	0.01	100	48600	买盘
13:48:47	4.85	--	132	64019	卖盘
13:48:38	4.85	-0.01	44	21340	卖盘
13:48:32	4.86	--	20	9720	买盘
13:48:28	4.86	--	5	2430	买盘
13:48:23	4.86	0.01	32	15552	买盘
13:48:17	4.85	-0.01	112	54319	卖盘
13:48:13	4.86	--	14	6804	买盘
13:48:08	4.86	--	1	486	买盘
13:48:02	4.86	--	12	5832	买盘
13:47:58	4.86	--	12	5832	买盘
13:47:53	4.86	--	12	5832	买盘
13:47:47	4.86	--	24	11664	买盘
13:47:43	4.86	--	31	15066	买盘
13:47:32	4.86	--	69	33534	买盘
13:47:28	4.86	0.01	45	21870	买盘
13:47:23	4.85	-0.01	12	5820	卖盘
13:47:17	4.86	0.01	13	6318	买盘
13:47:13	4.85	-0.01	43	20855	卖盘
13:47:08	4.86	0.01	12	5832	买盘
13:47:02	4.85	-0.01	88	42680	卖盘
13:46:58	4.86	--	12	5832	买盘
13:46:47	4.86	--	27	13122	买盘
13:46:43	4.86	--	17	8262	买盘
13:46:38	4.86	--	214	104004	买盘
13:46:32	4.86	--	70	34020	买盘
13:46:27	4.86	--	301	146286	买盘
13:46:23	4.86	--	60	29160	买盘
13:46:17	4.86	--	15	7290	买盘
13:46:12	4.86	--	315	153090	买盘
13:46:07	4.86	--	180	87480	买盘
13:46:02	4.86	0.01	99	48114	买盘
13:45:57	4.85	-0.01	4	1939	卖盘
13:45:52	4.86	--	62	30132	买盘
13:45:47	4.86	0.01	50	24300	买盘
13:45:42	4.85	-0.01	114	55289	卖盘
13:45:37	4.86	0.01	300	145800	买盘
13:45:32	4.85	-0.01	1	484	卖盘
13:45:27	4.86	--	21	10206	买盘
13:45:22	4.86	--	50	24300	买盘
13:45:17	4.86	--	68	33048	买盘
13:45:12	4.86	--	216	104976	买盘
13:45:07	4.86	--	24	11664	买盘
13:45:02	4.86	0.01	10	4860	买盘
13:44:57	4.85	--	611	296335	卖盘
13:44:52	4.85	-0.01	34	16490	卖盘
13:44:47	4.86	--	78	37908	买盘
13:44:42	4.86	--	30	14580	买盘
13:44:37	4.86	--	50	24300	买盘
13:44:32	4.86	--	89	43254	买盘
13:44:22	4.86	--	12	5832	买盘
13:44:17	4.86	--	18	8748	买盘
13:44:12	4.86	--	12	5832	买盘
13:44:02	4.86	0.01	13	6318	买盘
13:43:57	4.85	--	13	6304	卖盘
13:43:47	4.85	-0.01	709	343865	卖盘
13:43:42	4.86	--	112	54432	买盘
13:43:37	4.86	--	10	4860	买盘
13:43:27	4.86	--	65	31590	买盘
13:43:17	4.86	--	13	6318	买盘
13:43:12	4.86	--	70	34020	买盘
13:43:07	4.86	--	12	5832	买盘
13:43:02	4.86	--	94	45684	买盘
13:42:57	4.86	--	12	5832	买盘
13:42:52	4.86	--	16	7776	买盘
13:42:47	4.86	--	10	4860	买盘
13:42:41	4.86	--	17	8262	买盘
13:42:32	4.86	--	11	5346	买盘
13:42:22	4.86	0.01	11	5346	买盘
13:42:17	4.85	--	16	7759	卖盘
13:42:11	4.85	--	43	20855	卖盘
13:42:02	4.85	--	27	13094	卖盘
13:41:56	4.85	-0.01	2	969	卖盘
13:41:52	4.86	0.01	13	6318	买盘
13:41:37	4.85	-0.01	15	7274	卖盘
13:41:26	4.86	0.01	27	13122	买盘
13:41:17	4.85	-0.01	22	10670	卖盘
13:41:07	4.86	--	16	7776	买盘
13:40:56	4.86	--	21	10206	买盘
13:40:52	4.86	--	10	4860	买盘
13:40:41	4.86	0.01	11	5346	买盘
13:40:37	4.85	-0.01	4	1939	卖盘
13:40:32	4.86	0.01	13	6318	买盘
13:40:22	4.85	-0.01	55	26674	卖盘
13:40:11	4.86	0.01	87	42282	买盘
13:40:07	4.85	--	40	19400	卖盘
13:40:02	4.85	-0.01	62	30069	卖盘
13:39:56	4.86	--	12	5832	买盘
13:39:51	4.86	--	168	81648	买盘
13:39:41	4.86	--	195	94770	买盘
13:39:36	4.86	0.01	286	138996	买盘
13:39:31	4.85	--	20	9700	卖盘
13:39:26	4.85	-0.01	61	29584	卖盘
13:39:16	4.86	--	12	5832	买盘
13:39:06	4.86	0.01	12	5832	买盘
13:38:56	4.85	-0.01	4	1939	卖盘
13:38:51	4.86	--	12	5832	买盘
13:38:41	4.86	--	22	10692	买盘
13:38:36	4.86	0.01	57	27702	买盘
13:38:31	4.85	-0.01	1012	490819	卖盘
13:38:26	4.86	--	162	78732	买盘
13:38:21	4.86	0.01	48	23328	买盘
13:38:16	4.85	-0.01	20	9700	卖盘
13:38:11	4.86	0.01	11	5346	买盘
13:38:06	4.85	-0.01	160	77600	卖盘
13:37:56	4.86	--	62	30132	买盘
13:37:46	4.86	0.01	13	6318	买盘
13:37:41	4.85	-0.01	8	3879	卖盘
13:37:36	4.86	0.01	161	78246	买盘
13:37:26	4.85	-0.01	59	28614	卖盘
13:37:21	4.86	0.01	100	48600	买盘
13:37:16	4.85	-0.01	292	141620	卖盘
13:37:06	4.86	0.01	24	11664	买盘
13:36:56	4.85	--	53	25704	卖盘
13:36:51	4.85	-0.01	339	164415	卖盘
13:36:46	4.86	0.01	2	972	买盘
13:36:41	4.85	-0.01	172	83420	卖盘
13:36:31	4.86	--	212	103032	买盘
13:36:26	4.86	--	248	120528	买盘
13:36:21	4.86	--	13	6318	买盘
13:36:16	4.86	0.01	1	486	买盘
13:36:11	4.85	--	43	20855	卖盘
13:36:06	4.85	-0.01	20	9700	卖盘
13:35:56	4.86	--	31	15066	买盘
13:35:50	4.86	--	2	972	买盘
13:35:46	4.86	0.01	22	10692	买盘
13:35:35	4.85	-0.01	12	5820	卖盘
13:35:31	4.86	--	265	128790	买盘
13:35:26	4.86	0.01	12	5832	买盘
13:35:20	4.85	-0.01	10	4850	卖盘
13:35:16	4.86	--	520	252720	买盘
13:35:05	4.86	0.01	425	206550	买盘
13:35:01	4.85	-0.01	4	1939	卖盘
13:34:50	4.86	--	13	6318	买盘
13:34:46	4.86	--	12	5832	买盘
13:34:41	4.86	--	4	1944	买盘
13:34:35	4.86	--	90	43740	买盘
13:34:31	4.86	--	112	54432	买盘
13:34:20	4.86	0.01	13	6318	买盘
13:34:16	4.85	-0.01	18	8730	卖盘
13:34:11	4.86	--	11	5346	买盘
13:34:01	4.86	--	12	5832	买盘
13:33:50	4.86	--	60	29160	买盘
13:33:46	4.86	0.01	37	17982	买盘
13:33:35	4.85	--	135	65474	卖盘
13:33:26	4.85	-0.01	5	2425	卖盘
13:33:20	4.86	--	12	5832	买盘
13:33:15	4.86	0.01	15	7290	买盘
13:33:05	4.85	-0.01	42	20370	卖盘
13:33:00	4.86	--	28	13608	买盘
13:32:55	4.86	--	30	14580	买盘
13:32:50	4.86	--	12	5832	买盘
13:32:45	4.86	--	7	3402	买盘
13:32:40	4.86	--	11	5346	买盘
13:32:35	4.86	--	39	18954	买盘
13:32:30	4.86	--	17	8262	买盘
13:32:20	4.86	--	1	486	买盘
13:32:15	4.86	--	20	9720	买盘
13:32:05	4.86	--	32	15552	买盘
13:31:55	4.86	--	12	5832	买盘
13:31:50	4.86	--	15	7290	买盘
13:31:45	4.86	--	20	9720	买盘
13:31:35	4.86	--	42	20412	买盘
13:31:30	4.86	--	4	1944	买盘
13:31:20	4.86	--	37	17982	买盘
13:31:15	4.86	--	7	3402	买盘
13:31:10	4.86	--	12	5832	买盘
13:31:05	4.86	--	2	972	买盘
13:31:00	4.86	--	37	17982	买盘
13:30:50	4.86	--	41	19926	买盘
13:30:45	4.86	0.01	18	8748	买盘
13:30:40	4.85	-0.01	1	484	卖盘
13:30:35	4.86	--	32	15552	买盘
13:30:30	4.86	--	85	41310	买盘
13:30:15	4.86	0.01	117	56862	买盘
13:30:10	4.85	--	112	54319	卖盘
13:30:05	4.85	-0.01	15	7274	卖盘
13:29:59	4.86	0.01	137	66582	买盘
13:29:55	4.85	-0.01	19	9215	卖盘
13:29:50	4.86	--	50	24300	买盘
13:29:44	4.86	--	13	6318	买盘
13:29:40	4.86	--	4	1944	买盘
13:29:35	4.86	--	50	24300	买盘
13:29:29	4.86	--	66	32076	买盘
13:29:25	4.86	--	56	27216	买盘
13:29:20	4.86	--	6	2916	买盘
13:29:14	4.86	--	86	41796	买盘
13:29:10	4.86	--	57	27702	买盘
13:29:05	4.86	0.01	2	972	买盘
13:28:59	4.85	-0.01	19	9215	卖盘
13:28:50	4.86	--	11	5346	买盘
13:28:44	4.86	--	60	29160	买盘
13:28:40	4.86	--	12	5832	买盘
13:28:35	4.86	0.01	13	6318	买盘
13:28:29	4.85	-0.01	53	25704	卖盘
13:28:25	4.86	0.01	68	33048	买盘
13:28:14	4.85	-0.01	14	6789	卖盘
13:28:05	4.86	0.01	12	5832	买盘
13:27:59	4.85	-0.01	19	9215	卖盘
13:27:55	4.86	0.01	11	5346	买盘
13:27:44	4.85	--	124	60139	卖盘
13:27:40	4.85	--	46	22310	卖盘
13:27:35	4.85	-0.01	90	43650	卖盘
13:27:29	4.86	--	159	77274	买盘
13:27:20	4.86	--	12	5832	买盘
13:27:09	4.86	0.01	71	34506	买盘
13:26:59	4.85	-0.01	542	262870	卖盘
13:26:54	4.86	--	52	25272	买盘
13:26:44	4.86	--	193	93798	买盘
13:26:39	4.86	--	42	20412	买盘
13:26:34	4.86	--	20	9720	买盘
13:26:29	4.86	--	80	38880	买盘
13:26:24	4.86	--	27	13122	买盘
13:26:14	4.86	0.01	11	5346	买盘
13:26:09	4.85	-0.01	100	48500	卖盘
13:26:04	4.86	0.01	35	17010	买盘
13:25:59	4.85	-0.01	117	56744	卖盘
13:25:54	4.86	--	61	29646	买盘
13:25:44	4.86	--	13	6318	买盘
13:25:39	4.86	--	22	10692	买盘
13:25:29	4.86	0.01	13	6318	买盘
13:25:24	4.85	--	263	127554	卖盘
13:25:19	4.85	--	21	10185	卖盘
13:25:04	4.85	--	50	24250	卖盘
13:24:59	4.85	--	30	14549	卖盘
13:24:54	4.85	--	99	48015	卖盘
13:24:39	4.85	-0.01	9	4365	卖盘
13:24:34	4.86	0.01	167	81162	买盘
13:24:29	4.85	-0.01	8	3879	卖盘
13:24:24	4.86	--	114	55404	买盘
13:24:14	4.86	--	4	1944	买盘
13:24:09	4.86	--	916	445176	卖盘
13:24:04	4.86	--	4	1944	卖盘
13:23:59	4.86	-0.01	180	87480	卖盘
13:23:54	4.87	0.01	219	106653	买盘
13:23:49	4.86	--	547	265842	卖盘
13:23:44	4.86	--	117	56862	卖盘
13:23:39	4.86	-0.01	510	247860	卖盘
13:23:34	4.87	0.01	100	48700	买盘
13:23:29	4.86	--	237	115182	卖盘
13:23:23	4.86	--	52	25272	卖盘
13:23:14	4.86	--	26	12636	卖盘
13:23:08	4.86	--	169	82134	卖盘
13:23:04	4.86	--	13	6318	卖盘
13:22:59	4.86	--	27	13122	卖盘
13:22:53	4.86	--	137	66582	卖盘
13:22:49	4.86	--	28	13608	卖盘
13:22:44	4.86	--	21	10206	卖盘
13:22:38	4.86	--	67	32562	卖盘
13:22:34	4.86	--	17	8262	卖盘
13:22:29	4.86	--	65	31590	卖盘
13:22:23	4.86	--	260	126360	卖盘
13:22:19	4.86	--	23	11178	卖盘
13:22:08	4.86	--	300	145800	卖盘
13:21:59	4.86	--	60	29160	卖盘
13:21:53	4.86	-0.01	12	5832	卖盘
13:21:49	4.87	0.01	5	2435	买盘
13:21:38	4.86	-0.01	25	12150	卖盘
13:21:34	4.87	0.01	22	10714	买盘
13:21:29	4.86	-0.01	9	4374	卖盘
13:21:08	4.87	0.01	16	7792	买盘
13:21:04	4.86	--	20	9720	卖盘
13:20:53	4.86	--	106	51516	卖盘
13:20:48	4.86	--	24	11664	卖盘
13:20:38	4.86	-0.01	42	20412	卖盘
13:20:28	4.87	0.01	42	20454	买盘
13:20:23	4.86	--	200	97200	卖盘
13:20:18	4.86	--	5	2430	卖盘
13:20:08	4.86	-0.01	49	23814	卖盘
13:20:03	4.87	0.01	20	9740	买盘
13:19:58	4.86	-0.01	124	60264	卖盘
13:19:53	4.87	--	7	3409	买盘
13:19:38	4.87	--	55	26785	买盘
13:19:33	4.87	0.01	85	41395	买盘
13:19:28	4.86	-0.01	1	486	卖盘
13:19:23	4.87	0.01	35	17045	买盘
13:19:08	4.86	-0.01	15	7290	卖盘
13:19:03	4.87	0.01	38	18506	买盘
13:18:53	4.86	-0.01	6	2916	卖盘
13:18:48	4.87	0.01	54	26298	买盘
13:18:43	4.86	--	4	1944	卖盘
13:18:38	4.86	--	5	2430	卖盘
13:18:33	4.86	--	5	2430	卖盘
13:18:28	4.86	-0.01	7	3402	卖盘
13:18:23	4.87	--	40	19480	买盘
13:18:13	4.87	--	20	9740	买盘
13:17:53	4.87	--	5	2435	买盘
13:17:48	4.87	0.01	100	48700	买盘
13:17:43	4.86	-0.01	20	9720	卖盘
13:17:38	4.87	0.01	85	41395	买盘
13:17:33	4.86	--	20	9720	卖盘
13:17:13	4.86	-0.01	10	4860	卖盘
13:17:08	4.87	--	87	42369	买盘
13:17:02	4.87	0.01	75	36525	买盘
13:16:58	4.86	-0.01	20	9720	卖盘
13:16:53	4.87	0.01	150	73050	买盘
13:16:47	4.86	-0.01	120	58320	卖盘
13:16:43	4.87	--	73	35551	买盘
13:16:38	4.87	--	45	21915	买盘
13:16:32	4.87	0.01	30	14610	买盘
13:16:28	4.86	-0.01	41	19926	卖盘
13:16:23	4.87	--	9	4383	买盘
13:16:17	4.87	--	602	293174	买盘
13:16:13	4.87	--	11	5357	买盘
13:16:08	4.87	--	31	15097	买盘
13:16:02	4.87	0.01	11	5357	买盘
13:15:58	4.86	--	28	13608	卖盘
13:15:53	4.86	-0.01	65	31590	卖盘
13:15:47	4.87	--	28	13636	买盘
13:15:43	4.87	--	51	24837	买盘
13:15:38	4.87	--	11	5357	买盘
13:15:32	4.87	--	2	974	买盘
13:15:28	4.87	--	132	64284	买盘
13:15:17	4.87	0.01	32	15584	买盘
13:15:08	4.86	-0.01	1	486	卖盘
13:15:02	4.87	0.01	62	30194	买盘
13:14:58	4.86	-0.01	31	15066	卖盘
13:14:53	4.87	--	12	5844	买盘
13:14:47	4.87	--	17	8279	买盘
13:14:43	4.87	--	178	86686	买盘
13:14:38	4.87	0.01	5	2435	买盘
13:14:32	4.86	-0.01	65	31590	卖盘
13:14:28	4.87	0.01	120	58440	买盘
13:14:23	4.86	--	39	18954	卖盘
13:14:17	4.86	--	126	61236	卖盘
13:14:12	4.86	-0.01	507	246402	卖盘
13:14:08	4.87	--	17	8279	买盘
13:14:02	4.87	-0.01	60	29220	卖盘
13:13:57	4.88	0.01	339	165432	买盘
13:13:47	4.87	--	85	41395	买盘
13:13:42	4.87	--	25	12175	买盘
13:13:37	4.87	--	14	6818	买盘
13:13:32	4.87	0.01	52	25324	买盘
13:13:27	4.86	--	29	14094	卖盘
13:13:17	4.86	-0.01	166	80676	卖盘
13:13:12	4.87	--	21	10227	买盘
13:13:07	4.87	--	231	112497	买盘
13:13:02	4.87	--	20	9740	买盘
13:12:57	4.87	--	60	29220	买盘
13:12:52	4.87	--	18	8766	买盘
13:12:47	4.87	--	30	14610	买盘
13:12:42	4.87	--	11	5357	买盘
13:12:37	4.87	--	54	26780	卖盘
13:12:32	4.87	--	538	262006	卖盘
13:12:27	4.87	--	129	62823	卖盘
13:12:22	4.87	--	22	10714	卖盘
13:12:12	4.87	--	32	15584	卖盘
13:12:02	4.87	-0.01	90	43830	卖盘
13:11:57	4.88	--	31	15128	买盘
13:11:47	4.88	0.01	102	49776	买盘
13:11:42	4.87	--	49	23863	卖盘
13:11:37	4.87	--	43	20941	卖盘
13:11:32	4.87	-0.01	205	99835	卖盘
13:11:27	4.88	0.01	13	6344	买盘
13:11:22	4.87	-0.01	819	398853	卖盘
13:11:17	4.88	--	118	57584	买盘
13:11:12	4.88	0.01	242	118096	买盘
13:11:07	4.87	-0.01	5	2435	卖盘
13:11:02	4.88	--	82	40016	买盘
13:10:57	4.88	0.01	100	48800	买盘
13:10:52	4.87	--	120	58440	卖盘
13:10:47	4.87	--	27	13149	卖盘
13:10:41	4.87	-0.01	21	10227	卖盘
13:10:32	4.88	0.01	52	25376	买盘
13:10:26	4.87	--	100	48700	卖盘
13:10:22	4.87	-0.01	200	97400	卖盘
13:10:17	4.88	--	32	15616	买盘
13:10:12	4.88	--	77	37576	买盘
13:10:02	4.88	0.01	162	79056	买盘
13:09:57	4.87	--	47	22889	卖盘
13:09:52	4.87	-0.01	80	38960	卖盘
13:09:47	4.88	--	62	30260	买盘
13:09:41	4.88	--	7	3416	买盘
13:09:37	4.88	--	24	11712	买盘
13:09:32	4.88	--	40	19520	买盘
13:09:26	4.88	--	522	254736	买盘
13:09:22	4.88	--	27	13176	买盘
13:09:17	4.88	--	20	9760	买盘
13:09:11	4.88	--	223	108824	买盘
13:09:07	4.88	--	22	10736	买盘
13:09:02	4.88	--	100	48800	买盘
13:08:52	4.88	--	339	165432	买盘
13:08:41	4.88	0.01	62	30256	买盘
13:08:37	4.87	-0.01	200	97400	卖盘
13:08:32	4.88	0.01	13	6344	买盘
13:08:26	4.87	-0.01	123	59901	卖盘
13:08:22	4.88	--	59	28792	买盘
13:08:17	4.88	0.01	12	5856	买盘
13:08:11	4.87	-0.01	10	4870	卖盘
13:08:07	4.88	0.01	41	20008	买盘
13:07:56	4.87	-0.01	238	115906	卖盘
13:07:52	4.88	--	23	11224	买盘
13:07:46	4.88	0.01	20	9760	买盘
13:07:41	4.87	-0.01	48	23376	卖盘
13:07:36	4.88	0.01	13	6344	买盘
13:07:31	4.87	-0.01	22	10714	卖盘
13:07:26	4.88	--	30	14640	买盘
13:07:21	4.88	--	26	12688	买盘
13:07:11	4.88	--	279	136152	买盘
13:07:06	4.88	--	80	39040	买盘
13:07:01	4.88	--	11	5368	买盘
13:06:56	4.88	--	235	114680	买盘
13:06:51	4.88	0.01	149	72712	买盘
13:06:41	4.87	-0.01	690	336030	卖盘
13:06:36	4.88	--	672	327936	买盘
13:06:26	4.88	0.01	287	140056	买盘
13:06:21	4.87	-0.01	29	14123	卖盘
13:06:16	4.88	--	13	6344	买盘
13:06:11	4.88	--	76	37088	买盘
13:06:06	4.88	0.01	92	44896	买盘
13:05:56	4.87	--	20	9740	卖盘
13:05:51	4.87	-0.01	11	5357	卖盘
13:05:46	4.88	--	85	41480	买盘
13:05:41	4.88	--	31	15128	买盘
13:05:36	4.88	--	51	24888	买盘
13:05:31	4.88	--	230	112240	买盘
13:05:21	4.88	--	68	33184	买盘
13:05:16	4.88	0.01	80	39040	买盘
13:05:11	4.87	--	101	49187	卖盘
13:05:06	4.87	-0.01	129	62823	卖盘
13:05:01	4.88	--	2219	1082872	买盘
13:04:56	4.88	--	12	5856	买盘
13:04:51	4.88	0.01	13	6344	买盘
13:04:46	4.87	-0.01	260	126620	卖盘
13:04:41	4.88	--	80	39040	买盘
13:04:36	4.88	0.01	177	86376	买盘
13:04:31	4.87	-0.01	62	30194	卖盘
13:04:26	4.88	0.01	199	97112	买盘
13:04:21	4.87	-0.01	608	296096	卖盘
13:04:11	4.88	0.01	30	14640	买盘
13:04:06	4.87	-0.01	171	83277	卖盘
13:04:01	4.88	0.01	80	39040	买盘
13:03:56	4.87	-0.01	20	9740	卖盘
13:03:51	4.88	0.01	10	4880	买盘
13:03:46	4.87	-0.01	33	16071	卖盘
13:03:41	4.88	--	48	23424	买盘
13:03:35	4.88	--	0	0	买盘
13:03:31	4.88	--	13	6344	买盘
13:03:26	4.88	0.01	304	148352	买盘
13:03:20	4.87	--	248	120776	买盘
13:03:16	4.87	--	80	38960	买盘
13:03:11	4.87	--	12	5844	买盘
13:03:05	4.87	--	34	16558	买盘
13:03:01	4.87	--	315	153405	卖盘
13:02:56	4.87	--	7	3409	卖盘
13:02:50	4.87	-0.01	126	61362	卖盘
13:02:46	4.88	0.01	100	48800	买盘
13:02:41	4.87	-0.01	300	146100	卖盘
13:02:35	4.88	--	23	11224	买盘
13:02:31	4.88	0.01	164	80032	买盘
13:02:26	4.87	--	32	15584	卖盘
13:02:20	4.87	-0.01	10	4870	卖盘
13:02:16	4.88	0.01	33	16104	买盘
13:02:11	4.87	--	3	1461	卖盘
13:02:05	4.87	--	15	7305	买盘
13:02:01	4.87	0.01	33	16071	买盘
13:01:50	4.86	-0.01	285	138510	卖盘
13:01:46	4.87	--	176	85712	买盘
13:01:41	4.87	--	57	27759	买盘
13:01:35	4.87	--	31	15097	买盘
13:01:31	4.87	--	40	19480	买盘
13:01:26	4.87	--	56	27272	买盘
13:01:20	4.87	--	51	24837	买盘
13:01:16	4.87	--	2	974	买盘
13:01:11	4.87	--	92	44804	买盘
13:01:05	4.87	--	30	14610	买盘
13:01:00	4.87	--	113	55031	买盘
13:00:50	4.87	--	61	29707	买盘
13:00:45	4.87	--	1597	777739	买盘
13:00:35	4.87	--	65	31655	买盘
13:00:30	4.87	--	35	17045	买盘
13:00:25	4.87	--	11	5357	买盘
13:00:15	4.87	0.01	47	22889	买盘
13:00:10	4.86	0.01	431	209689	买盘
13:00:05	4.85	-0.01	4027	1953094	卖盘
11:30:00	4.86	--	0	0	买盘
11:30:00	4.86	--	12	5832	买盘
11:30:00	4.86	0.01	111	53946	买盘
11:29:57	4.85	-0.01	100	48500	卖盘
11:29:52	4.86	0.01	33	16038	买盘
11:29:47	4.85	--	6	2910	卖盘
11:29:42	4.85	-0.01	163	79055	卖盘
11:29:32	4.86	0.01	14	6804	买盘
11:29:27	4.85	-0.01	8	3879	卖盘
11:29:17	4.86	--	18	8748	买盘
11:29:12	4.86	--	25	12150	买盘
11:29:07	4.86	--	314	152604	买盘
11:29:02	4.86	--	107	52002	买盘
11:28:57	4.86	--	111	53946	买盘
11:28:52	4.86	0.01	7	3402	买盘
11:28:47	4.85	--	61	29584	卖盘
11:28:42	4.85	--	225	109464	买盘
11:28:37	4.85	--	112	54319	买盘
11:28:32	4.85	--	24	11640	买盘
11:28:27	4.85	--	22	10670	买盘
11:28:22	4.85	0.01	507	245894	买盘
11:28:17	4.84	-0.01	8	3872	卖盘
11:28:12	4.85	--	23	11155	买盘
11:28:07	4.85	0.01	98	47530	买盘
11:28:01	4.84	-0.01	41	19844	卖盘
11:27:57	4.85	--	10	4850	买盘
11:27:52	4.85	--	66	32009	买盘
11:27:46	4.85	0.01	200	97000	买盘
11:27:42	4.84	-0.01	15	7260	卖盘
11:27:36	4.85	--	9	4365	买盘
11:27:27	4.85	0.01	487	236194	买盘
11:27:21	4.84	-0.01	100	48400	卖盘
11:27:16	4.85	0.01	13	6304	买盘
11:27:11	4.84	--	597	288948	卖盘
11:27:06	4.84	-0.01	82	39688	卖盘
11:27:01	4.85	--	10	4850	买盘
11:26:56	4.85	--	49	23765	买盘
11:26:51	4.85	--	1000	484999	买盘
11:26:46	4.85	0.01	13	6304	买盘
11:26:41	4.84	-0.01	19	9196	卖盘
11:26:36	4.85	0.01	117	56744	买盘
11:26:26	4.84	-0.01	14	6776	卖盘
11:26:21	4.85	--	13	6304	买盘
11:26:16	4.85	--	90	43650	买盘
11:26:11	4.85	--	272	131920	买盘
11:26:06	4.85	--	527	255594	买盘
11:26:01	4.85	--	13	6304	买盘
11:25:56	4.85	--	23	11155	买盘
11:25:51	4.85	--	21	10185	买盘
11:25:46	4.85	--	17	8245	买盘
11:25:41	4.85	0.01	11	5335	买盘
11:25:36	4.84	-0.01	4	1936	卖盘
11:25:26	4.85	--	12	5820	买盘
11:25:16	4.85	--	71	34435	买盘
11:25:11	4.85	0.01	3	1455	买盘
11:25:06	4.84	-0.01	13	6292	卖盘
11:25:01	4.85	--	1	484	买盘
11:24:56	4.85	0.01	13	6304	买盘
11:24:51	4.84	-0.01	15	7260	卖盘
11:24:41	4.85	--	17	8245	买盘
11:24:36	4.85	--	28	13579	买盘
11:24:31	4.85	0.01	21	10185	买盘
11:24:26	4.84	-0.01	201	97284	卖盘
11:24:21	4.85	--	12	5820	买盘
11:24:11	4.85	0.01	12	5820	买盘
11:24:01	4.84	-0.01	30	14520	卖盘
11:23:56	4.85	0.01	52	25219	买盘
11:23:51	4.84	--	31	15004	卖盘
11:23:41	4.84	-0.01	1	484	卖盘
11:23:36	4.85	--	20	9700	买盘
11:23:26	4.85	--	38	18430	买盘
11:23:21	4.85	--	44	21340	买盘
11:23:16	4.85	--	12	5820	买盘
11:23:11	4.85	--	91	44135	买盘
11:23:06	4.85	--	39	18915	买盘
11:22:56	4.85	--	14	6789	买盘
11:22:41	4.85	--	356	172660	买盘
11:22:36	4.85	--	39	18915	买盘
11:22:31	4.85	--	11	5335	买盘
11:22:26	4.85	--	2150	1042749	买盘
11:22:21	4.85	--	48	23280	买盘
11:22:16	4.85	--	30	14549	买盘
11:22:11	4.85	0.01	13	6304	买盘
11:22:06	4.84	-0.01	33	15972	卖盘
11:22:01	4.85	--	113	54804	买盘
11:21:56	4.85	--	12	5820	买盘
11:21:46	4.85	--	17	8245	买盘
11:21:36	4.85	0.01	12	5820	买盘
11:21:25	4.84	--	127	61860	买盘
11:21:20	4.84	0.01	48	23232	买盘
11:21:15	4.83	-0.01	105	50715	卖盘
11:21:10	4.84	--	245	118580	买盘
11:20:50	4.84	--	2233	1080863	卖盘
11:20:45	4.84	0.01	1766	855136	买盘
11:20:30	4.83	-0.01	60	28980	卖盘
11:20:10	4.84	--	16	7744	买盘
11:20:05	4.84	0.01	70	33880	买盘
11:20:00	4.83	--	10	4830	卖盘
11:19:30	4.83	--	168	81144	卖盘
11:19:20	4.83	--	4	1932	卖盘
11:19:00	4.83	--	33	15939	卖盘
11:18:50	4.83	-0.01	1	483	卖盘
11:18:45	4.84	0.01	37	17908	买盘
11:18:40	4.83	--	180	86940	卖盘
11:18:30	4.83	--	22	10626	买盘
11:18:20	4.83	--	43	20769	买盘
11:18:15	4.83	0.01	30	14490	买盘
11:18:10	4.82	-0.01	50	24100	卖盘
11:18:05	4.83	--	5	2415	买盘
11:18:00	4.83	--	46	22218	买盘
11:17:35	4.83	0.01	58	28014	买盘
11:17:30	4.82	-0.01	12	5784	卖盘
11:17:20	4.83	--	55	26565	买盘
11:17:00	4.83	--	1	483	买盘
11:16:55	4.83	--	64	30912	买盘
11:16:50	4.83	--	162	78246	买盘
11:16:45	4.83	--	80	38640	买盘
11:16:35	4.83	--	347	167601	卖盘
11:16:20	4.83	--	5	2415	卖盘
11:16:14	4.83	--	27	13041	卖盘
11:16:10	4.83	-0.01	5	2415	卖盘
11:16:05	4.84	0.01	20	9680	买盘
11:16:00	4.83	-0.01	5	2415	卖盘
11:15:55	4.84	0.01	53	25652	买盘
11:15:50	4.83	--	111	53613	买盘
11:15:45	4.83	--	100	48300	买盘
11:15:40	4.83	--	50	24150	买盘
11:15:34	4.83	--	22	10626	买盘
11:15:30	4.83	--	1110	536130	买盘
11:15:19	4.83	--	14	6762	买盘
11:15:15	4.83	--	30	14490	买盘
11:15:00	4.83	0.01	442	213486	买盘
11:14:55	4.82	--	20	9640	卖盘
11:14:45	4.82	-0.01	135	65070	卖盘
11:14:34	4.83	0.01	20	9660	买盘
11:14:24	4.82	--	27	13014	卖盘
11:14:09	4.82	-0.01	288	138816	卖盘
11:14:04	4.83	--	36	17388	买盘
11:13:59	4.83	--	1020	492660	买盘
11:13:54	4.83	--	21	10143	买盘
11:13:44	4.83	--	349	168567	买盘
11:13:34	4.83	--	50	24150	买盘
11:13:19	4.83	0.01	20	9660	买盘
11:13:14	4.82	--	100	48200	卖盘
11:13:04	4.82	--	10	4820	卖盘
11:12:39	4.82	--	477	229914	卖盘
11:12:34	4.82	--	25	12050	卖盘
11:12:29	4.82	-0.01	20	9640	卖盘
11:12:24	4.83	--	3	1449	买盘
11:11:59	4.83	0.01	3	1449	买盘
11:11:53	4.82	-0.01	1	482	卖盘
11:11:44	4.83	--	105	50715	买盘
11:11:29	4.83	--	42	20286	买盘
11:11:23	4.83	--	38	18354	买盘
11:11:14	4.83	--	329	158907	卖盘
11:11:04	4.83	-0.01	68	32844	卖盘
11:10:53	4.84	--	52	25168	买盘
11:10:44	4.84	0.01	27	13068	买盘
11:10:39	4.83	-0.01	533	257439	卖盘
11:10:34	4.84	0.01	1	484	买盘
11:10:24	4.83	--	3	1449	卖盘
11:10:19	4.83	--	17	8211	卖盘
11:10:14	4.83	--	1	483	卖盘
11:10:09	4.83	--	130	62790	卖盘
11:09:59	4.83	-0.01	1010	487830	卖盘
11:09:54	4.84	--	54	26136	买盘
11:09:49	4.84	0.01	43	20812	买盘
11:09:44	4.83	--	5	2415	卖盘
11:09:39	4.83	--	50	24150	卖盘
11:09:29	4.83	-0.01	40	19320	卖盘
11:09:19	4.84	0.01	20	9680	买盘
11:09:09	4.83	--	20	9660	卖盘
11:08:49	4.83	-0.01	90	43470	卖盘
11:08:43	4.84	--	40	19360	买盘
11:08:23	4.84	0.01	20	9680	买盘
11:08:18	4.83	-0.01	10	4830	卖盘
11:08:13	4.84	--	5	2420	买盘
11:08:08	4.84	--	328	158752	买盘
11:07:58	4.84	--	440	212960	买盘
11:07:53	4.84	0.01	8	3872	买盘
11:07:48	4.83	-0.01	300	144900	卖盘
11:07:43	4.84	0.01	18	8712	买盘
11:07:23	4.83	-0.01	124	59892	卖盘
11:07:03	4.84	--	65	31460	买盘
11:06:58	4.84	--	90	43560	买盘
11:06:53	4.84	--	150	72600	买盘
11:06:48	4.84	--	50	24200	买盘
11:06:33	4.84	0.01	200	96800	买盘
11:06:18	4.83	--	1	483	卖盘
11:06:13	4.83	--	43	20769	卖盘
11:06:08	4.83	--	133	64239	卖盘
11:06:03	4.83	-0.01	1405	678615	卖盘
11:05:53	4.84	--	30	14520	买盘
11:05:38	4.84	--	407	196988	卖盘
11:05:32	4.84	0.01	290	140360	买盘
11:05:23	4.83	-0.01	107	51681	卖盘
11:05:17	4.84	--	46	22264	买盘
11:05:08	4.84	0.01	30	14520	买盘
11:05:02	4.83	-0.01	14	6762	卖盘
11:04:58	4.84	--	290	140360	买盘
11:04:47	4.84	--	24	11616	买盘
11:04:38	4.84	0.01	2200	1064800	买盘
11:04:33	4.83	--	354	170982	卖盘
11:04:02	4.83	-0.01	6	2898	卖盘
11:03:53	4.84	--	24	11616	买盘
11:03:48	4.84	--	28	13552	买盘
11:03:43	4.84	--	6	2904	买盘
11:03:32	4.84	--	40	19360	买盘
11:03:18	4.84	0.01	20	9680	买盘
11:03:08	4.83	-0.01	150	72450	卖盘
11:03:02	4.84	--	117	56628	买盘
11:02:53	4.84	0.01	10	4840	买盘
11:02:48	4.83	-0.01	100	48300	卖盘
11:02:32	4.84	--	22	10648	买盘
11:02:23	4.84	0.01	15	7260	买盘
11:02:17	4.83	-0.01	40	19320	卖盘
11:02:13	4.84	0.01	108	52272	买盘
11:02:07	4.83	-0.01	46	22218	卖盘
11:02:02	4.84	0.01	110	53240	买盘
11:01:57	4.83	--	28	13524	卖盘
11:01:53	4.83	--	236	113988	卖盘
11:01:47	4.83	-0.01	82	39606	卖盘
11:01:32	4.84	0.01	5	2420	买盘
11:01:27	4.83	--	3	1449	卖盘
11:01:12	4.83	--	112	54096	卖盘
11:00:57	4.83	-0.01	35	16905	卖盘
11:00:52	4.84	--	13	6292	买盘
11:00:37	4.84	--	187	90508	买盘
11:00:32	4.84	--	62	30008	买盘
11:00:27	4.84	--	500	242000	买盘
11:00:17	4.84	--	5	2420	买盘
11:00:12	4.84	--	22	10648	买盘
11:00:07	4.84	0.01	100	48400	买盘
11:00:02	4.83	-0.01	102	49266	卖盘
10:59:57	4.84	--	2	968	买盘
10:59:52	4.84	--	40	19360	买盘
10:59:47	4.84	--	30	14520	买盘
10:59:37	4.84	--	100	48400	买盘
10:59:32	4.84	--	15	7260	买盘
10:59:27	4.84	--	30	14520	买盘
10:59:11	4.84	0.01	57	27588	买盘
10:59:07	4.83	-0.01	1	483	卖盘
10:59:02	4.84	--	30	14520	买盘
10:58:56	4.84	0.01	102	49368	买盘
10:58:52	4.83	-0.01	20	9660	卖盘
10:58:47	4.84	--	20	9680	买盘
10:58:41	4.84	--	45	21780	买盘
10:58:32	4.84	0.01	5	2420	买盘
10:58:11	4.83	--	40	19320	卖盘
10:58:06	4.83	--	96	46368	卖盘
10:57:56	4.83	-0.01	19	9177	卖盘
10:57:51	4.84	--	100	48400	买盘
10:57:47	4.84	0.01	10	4840	买盘
10:57:26	4.83	-0.01	100	48300	卖盘
10:57:21	4.84	--	128	61952	买盘
10:57:17	4.84	0.01	100	48400	买盘
10:57:11	4.83	-0.01	15	7245	卖盘
10:56:56	4.84	--	30	14520	买盘
10:56:36	4.84	--	10	4840	买盘
10:56:32	4.84	0.01	54	26136	买盘
10:56:26	4.83	-0.01	69	33327	卖盘
10:56:16	4.84	--	25	12100	买盘
10:56:11	4.84	0.01	63	30492	买盘
10:56:06	4.83	-0.01	2	966	卖盘
10:55:41	4.84	--	23	11132	买盘
10:55:36	4.84	0.01	50	24200	买盘
10:55:21	4.83	--	3	1449	卖盘
10:55:16	4.83	--	120	57960	卖盘
10:55:06	4.83	--	10	4830	卖盘
10:54:46	4.83	-0.01	30	14490	卖盘
10:54:41	4.84	--	500	242000	买盘
10:54:26	4.84	0.01	21	10164	买盘
10:54:21	4.83	-0.01	45	21735	卖盘
10:54:16	4.84	0.01	138	66792	买盘
10:53:51	4.83	--	7	3381	卖盘
10:53:46	4.83	--	40	19320	卖盘
10:53:36	4.83	--	2	966	卖盘
10:53:31	4.83	--	130	62790	卖盘
10:53:26	4.83	--	287	138621	卖盘
10:53:21	4.83	--	23	11109	卖盘
10:53:16	4.83	-0.01	35	16905	卖盘
10:53:11	4.84	0.01	4	1936	买盘
10:53:01	4.83	--	748	361284	买盘
10:52:56	4.83	--	38	18354	买盘
10:52:50	4.83	--	2	966	买盘
10:52:35	4.83	--	470	227010	买盘
10:52:26	4.83	--	12	5796	买盘
10:52:20	4.83	--	20	9660	买盘
10:52:11	4.83	--	10	4830	买盘
10:51:56	4.83	--	41	19803	买盘
10:51:30	4.83	--	7	3381	买盘
10:51:26	4.83	--	41	19803	买盘
10:51:20	4.83	--	30	14490	买盘
10:51:11	4.83	--	41	19803	买盘
10:51:05	4.83	--	13	6279	买盘
10:51:00	4.83	--	2820	1362060	卖盘
10:50:50	4.83	--	90	43470	卖盘
10:50:45	4.83	--	4	1932	卖盘
10:50:41	4.83	-0.01	400	193200	卖盘
10:50:35	4.84	0.01	200	96800	买盘
10:50:20	4.83	--	480	231840	卖盘
10:50:15	4.83	-0.01	20	9660	卖盘
10:50:11	4.84	0.01	500	242000	买盘
10:49:50	4.83	-0.01	10	4830	卖盘
10:49:45	4.84	0.01	370	179080	买盘
10:49:40	4.83	--	15	7245	卖盘
10:49:35	4.83	-0.01	70	33810	卖盘
10:49:30	4.84	0.01	100	48400	买盘
10:49:20	4.83	-0.01	20	9660	卖盘
10:49:10	4.84	--	28	13552	买盘
10:49:00	4.84	0.01	728	352352	买盘
10:48:45	4.83	--	32	15456	卖盘
10:48:40	4.83	-0.01	83	40089	卖盘
10:48:30	4.84	0.01	2	968	买盘
10:48:25	4.83	--	50	24150	卖盘
10:48:15	4.83	--	14	6762	卖盘
10:48:10	4.83	--	50	24150	卖盘
10:48:05	4.83	-0.01	200	96600	卖盘
10:48:00	4.84	--	115	55660	买盘
10:47:45	4.84	0.01	5	2420	买盘
10:47:35	4.83	-0.01	7	3381	卖盘
10:47:30	4.84	0.01	13	6292	买盘
10:47:25	4.83	--	10	4830	卖盘
10:47:20	4.83	--	40	19320	卖盘
10:47:15	4.83	--	1473	711459	买盘
10:47:10	4.83	--	107	51681	买盘
10:46:55	4.83	0.01	2	966	买盘
10:46:45	4.82	0.01	286	137852	买盘
10:46:40	4.81	-0.01	1	480	卖盘
10:46:29	4.82	--	291	140262	买盘
10:46:25	4.82	--	7	3374	买盘
10:46:20	4.82	-0.01	361	174002	卖盘
10:46:14	4.83	--	100	48300	买盘
10:45:50	4.83	--	195	94185	买盘
10:45:44	4.83	0.01	20	9660	买盘
10:45:35	4.82	-0.01	300	144600	卖盘
10:45:29	4.83	0.01	8	3864	买盘
10:45:24	4.82	--	258	124356	卖盘
10:45:20	4.82	-0.01	30	14460	卖盘
10:45:14	4.83	--	72	34776	买盘
10:45:09	4.83	0.01	23	11109	买盘
10:44:59	4.82	-0.01	268	129176	卖盘
10:44:50	4.83	0.01	25	12075	买盘
10:44:44	4.82	-0.01	100	48200	卖盘
10:44:34	4.83	0.01	650	313950	买盘
10:44:29	4.82	--	23	11086	卖盘
10:44:20	4.82	--	24	11568	卖盘
10:44:09	4.82	-0.01	10	4820	卖盘
10:43:50	4.83	--	1178	568974	买盘
10:43:35	4.83	--	56	27048	买盘
10:43:29	4.83	--	26	12558	买盘
10:43:24	4.83	0.01	10	4830	买盘
10:43:20	4.82	-0.01	10	4820	卖盘
10:43:09	4.83	--	2	966	买盘
10:43:04	4.83	--	1	483	买盘
10:42:59	4.83	--	5	2415	买盘
10:42:54	4.83	--	3	1449	买盘
10:42:49	4.83	--	20	9660	买盘
10:42:44	4.83	--	143	69069	买盘
10:42:39	4.83	--	3	1449	买盘
10:42:24	4.83	--	99	47817	买盘
10:42:14	4.83	0.01	230	111090	买盘
10:41:54	4.82	--	4	1928	卖盘
10:41:49	4.82	-0.01	2	964	卖盘
10:41:43	4.83	0.01	185	89355	买盘
10:41:29	4.82	-0.01	3	1446	卖盘
10:41:24	4.83	--	16	7728	买盘
10:41:14	4.83	0.01	2041	985803	买盘
10:41:09	4.82	-0.01	10	4820	卖盘
10:40:49	4.83	0.01	4	1932	买盘
10:40:39	4.82	--	141	67962	卖盘
10:40:34	4.82	-0.01	10	4820	卖盘
10:40:29	4.83	--	5	2415	买盘
10:39:53	4.83	0.01	50	24150	买盘
10:39:49	4.82	-0.01	50	24100	卖盘
10:39:44	4.83	0.01	10	4830	买盘
10:39:38	4.82	--	2420	1166440	买盘
10:39:34	4.82	--	20	9640	买盘
10:39:14	4.82	--	11	5302	买盘
10:39:08	4.82	0.01	100	48200	买盘
10:38:48	4.81	--	20	9620	卖盘
10:38:44	4.81	--	116	55795	买盘
10:38:29	4.81	--	23	11063	买盘
10:38:14	4.81	--	11	5291	买盘
10:38:08	4.81	--	1	480	买盘
10:37:59	4.81	--	100	48099	买盘
10:37:53	4.81	-0.01	350	168350	卖盘
10:37:48	4.82	--	3	1446	买盘
10:37:44	4.82	--	15	7230	买盘
10:37:28	4.82	0.01	1	482	买盘
10:36:58	4.81	--	776	373255	卖盘
10:36:53	4.81	--	10	4810	卖盘
10:36:38	4.81	--	58	27897	卖盘
10:36:33	4.81	-0.01	5	2405	卖盘
10:36:28	4.82	0.01	440	212080	买盘
10:36:23	4.81	--	18	8658	卖盘
10:36:18	4.81	-0.01	38	18278	卖盘
10:36:03	4.82	--	200	96400	买盘
10:35:48	4.82	--	197	94954	买盘
10:35:37	4.82	--	1	482	买盘
10:35:28	4.82	--	49	23618	买盘
10:35:23	4.82	--	140	67480	买盘
10:35:18	4.82	0.01	6	2892	买盘
10:35:13	4.81	--	198	95237	买盘
10:35:08	4.81	--	102	49061	买盘
10:35:03	4.81	-0.01	697	335257	卖盘
10:34:33	4.82	--	50	24100	买盘
10:34:18	4.82	--	151	72782	买盘
10:34:13	4.82	--	26	12532	买盘
10:34:08	4.82	--	35	16870	买盘
10:33:58	4.82	0.01	149	71818	买盘
10:33:48	4.81	-0.01	5	2405	卖盘
10:33:37	4.82	0.01	9	4338	买盘
10:33:32	4.81	--	130	62529	卖盘
10:33:23	4.81	-0.01	25	12024	卖盘
10:33:13	4.82	--	4	1928	买盘
10:33:08	4.82	--	100	48200	买盘
10:32:58	4.82	--	60	28920	买盘
10:32:52	4.82	0.01	26	12532	买盘
10:32:47	4.81	-0.01	10	4810	卖盘
10:32:17	4.82	0.01	2247	1083054	买盘
10:32:07	4.81	--	444	213563	卖盘
10:31:57	4.81	--	4	1923	卖盘
10:31:52	4.81	--	7	3366	卖盘
10:31:37	4.81	-0.01	2	961	卖盘
10:31:22	4.82	--	45	21690	买盘
10:31:12	4.82	--	5	2410	买盘
10:31:07	4.82	--	100	48200	买盘
10:31:02	4.82	--	50	24100	买盘
10:30:47	4.82	0.01	136	65552	买盘
10:30:37	4.81	--	45	21645	卖盘
10:30:32	4.81	--	12	5771	卖盘
10:30:22	4.81	--	151	72631	买盘
10:30:17	4.81	--	45	21645	买盘
10:30:07	4.81	0.01	100	48099	买盘
10:30:02	4.8	-0.01	50	24000	卖盘
10:29:57	4.81	--	92	44252	买盘
10:29:52	4.81	--	349	167869	买盘
10:29:32	4.81	0.01	20	9620	卖盘
10:29:27	4.8	-0.02	10	4800	卖盘
10:29:22	4.82	0.02	704	339328	买盘
10:29:16	4.8	-0.01	40	19200	卖盘
10:29:12	4.81	0.01	26	12505	买盘
10:29:07	4.8	--	6	2880	卖盘
10:28:57	4.8	--	61	29280	卖盘
10:28:42	4.8	--	27	12960	卖盘
10:28:31	4.8	--	300	144000	卖盘
10:28:27	4.8	-0.01	19	9120	卖盘
10:28:22	4.81	--	50	24049	买盘
10:28:16	4.81	0.01	10	4810	买盘
10:28:12	4.8	-0.01	20	9600	卖盘
10:28:01	4.81	--	308	148148	买盘
10:27:52	4.81	--	32	15391	买盘
10:27:27	4.81	0.01	10	4810	买盘
10:27:11	4.8	--	20	9600	卖盘
10:27:01	4.8	--	4	1920	卖盘
10:26:56	4.8	-0.01	30	14400	卖盘
10:26:46	4.81	--	20	9620	买盘
10:26:41	4.81	--	131	63010	买盘
10:26:37	4.81	--	5	2405	买盘
10:26:31	4.81	--	10	4810	买盘
10:26:22	4.81	--	10	4810	买盘
10:26:11	4.81	--	1	480	买盘
10:26:06	4.81	--	60	28859	买盘
10:26:01	4.81	--	13	6252	买盘
10:25:51	4.81	--	10	4810	买盘
10:25:46	4.81	--	236	113515	买盘
10:25:41	4.81	--	40	19240	买盘
10:25:31	4.81	--	124	59643	买盘
10:25:26	4.81	0.01	1823	876862	买盘
10:25:21	4.8	--	32	15360	卖盘
10:25:11	4.8	--	106	50880	卖盘
10:24:41	4.8	--	114	54720	买盘
10:24:36	4.8	--	20	9600	买盘
10:24:31	4.8	--	46	22080	卖盘
10:24:26	4.8	--	167	80160	买盘
10:24:21	4.8	--	15	7200	买盘
10:24:16	4.8	--	50	24000	买盘
10:24:11	4.8	--	49	23520	卖盘
10:24:06	4.8	--	14	6720	买盘
10:24:01	4.8	--	115	55200	买盘
10:23:56	4.8	--	241	115680	卖盘
10:23:51	4.8	--	31	14880	卖盘
10:23:41	4.8	--	72	34560	买盘
10:23:36	4.8	--	10	4800	买盘
10:23:31	4.8	--	1928	925440	卖盘
10:23:26	4.8	-0.01	37	17760	卖盘
10:23:21	4.81	0.01	100	48099	买盘
10:23:16	4.8	-0.01	27	12960	卖盘
10:23:11	4.81	0.01	20	9620	买盘
10:22:55	4.8	--	197	94560	卖盘
10:22:51	4.8	--	20	9600	卖盘
10:22:46	4.8	--	100	48000	卖盘
10:22:36	4.8	-0.01	2	960	卖盘
10:22:31	4.81	--	28	13467	买盘
10:22:25	4.81	--	21	10101	买盘
10:22:21	4.81	--	6	2885	买盘
10:22:10	4.81	--	443	213082	买盘
10:22:06	4.81	-0.01	276	132756	卖盘
10:22:01	4.82	0.01	786	378852	买盘
10:21:55	4.81	--	132	63491	卖盘
10:21:51	4.81	--	10	4810	卖盘
10:21:46	4.81	--	50	24049	卖盘
10:21:40	4.81	--	60	28859	卖盘
10:21:36	4.81	--	17	8176	卖盘
10:21:21	4.81	--	8	3847	卖盘
10:21:16	4.81	--	44	21164	卖盘
10:21:06	4.81	--	2	961	卖盘
10:20:55	4.81	--	3	1442	卖盘
10:20:50	4.81	--	949	456468	卖盘
10:20:31	4.81	-0.01	4	1923	卖盘
10:20:25	4.82	0.01	126	60732	买盘
10:20:20	4.81	-0.01	31	14910	卖盘
10:20:16	4.82	0.01	13	6266	买盘
10:20:10	4.81	--	21	10101	卖盘
10:20:05	4.81	--	13	6252	卖盘
10:19:35	4.81	--	31	14910	卖盘
10:19:20	4.81	--	20	9620	卖盘
10:19:10	4.81	-0.01	30	14429	卖盘
10:18:55	4.82	--	8	3856	买盘
10:18:50	4.82	0.01	245	118090	买盘
10:18:45	4.81	-0.01	247	118806	卖盘
10:18:35	4.82	0.01	596	287272	买盘
10:18:25	4.81	-0.01	204	98123	卖盘
10:18:20	4.82	--	185	89170	买盘
10:18:10	4.82	--	75	36150	买盘
10:18:05	4.82	--	15	7230	买盘
10:17:45	4.82	--	10	4820	买盘
10:17:35	4.82	--	14	6748	买盘
10:17:20	4.82	--	69	33258	买盘
10:17:15	4.82	--	2	964	买盘
10:17:05	4.82	--	49	23618	买盘
10:17:00	4.82	--	53	25546	买盘
10:16:35	4.82	--	10	4820	买盘
10:16:25	4.82	--	20	9640	买盘
10:16:19	4.82	--	120	57840	买盘
10:16:15	4.82	--	10	4820	买盘
10:16:10	4.82	--	51	24582	买盘
10:16:05	4.82	--	90	43380	买盘
10:16:00	4.82	--	60	28920	买盘
10:15:55	4.82	--	40	19280	买盘
10:15:45	4.82	--	200	96400	买盘
10:15:34	4.82	--	248	119536	买盘
10:15:30	4.82	--	53	25546	买盘
10:15:15	4.82	--	265	127730	买盘
10:15:04	4.82	--	15	7230	买盘
10:15:00	4.82	--	106	51092	买盘
10:14:55	4.82	--	47	22654	买盘
10:14:45	4.82	--	40	19280	买盘
10:14:40	4.82	--	10	4820	买盘
10:14:34	4.82	--	152	73264	买盘
10:14:14	4.82	--	3810	1836420	卖盘
10:14:10	4.82	-0.01	55	26510	卖盘
10:14:04	4.83	--	47	22701	买盘
10:13:59	4.83	0.01	46	22218	买盘
10:13:55	4.82	-0.01	25	12050	卖盘
10:13:49	4.83	--	51	24633	买盘
10:13:44	4.83	--	105	50715	买盘
10:13:40	4.83	0.01	11	5313	买盘
10:13:34	4.82	--	60	28920	卖盘
10:13:24	4.82	--	6	2892	卖盘
10:13:19	4.82	-0.01	10	4820	卖盘
10:13:14	4.83	--	266	128478	买盘
10:13:04	4.83	0.01	328	158424	买盘
10:12:59	4.82	-0.01	10	4820	卖盘
10:12:54	4.83	0.01	17	8211	买盘
10:12:49	4.82	--	50	24100	卖盘
10:12:44	4.82	--	7	3374	卖盘
10:12:39	4.82	-0.01	5	2410	卖盘
10:12:34	4.83	0.01	52	25116	买盘
10:12:29	4.82	--	80	38560	卖盘
10:12:19	4.82	--	83	40006	卖盘
10:12:14	4.82	-0.01	48	23136	卖盘
10:12:09	4.83	--	62	29946	买盘
10:12:04	4.83	--	94	45402	买盘
10:11:59	4.83	--	10	4830	买盘
10:11:54	4.83	--	3	1449	买盘
10:11:49	4.83	0.01	50	24150	买盘
10:11:44	4.82	-0.01	71	34222	卖盘
10:11:39	4.83	0.01	10	4830	买盘
10:11:34	4.82	-0.01	115	55430	卖盘
10:11:24	4.83	--	38	18354	买盘
10:11:19	4.83	0.01	1	483	买盘
10:11:14	4.82	--	62	29884	卖盘
10:11:09	4.82	--	2	964	卖盘
10:11:04	4.82	-0.01	53	25546	卖盘
10:10:59	4.83	0.01	38	18354	买盘
10:10:54	4.82	--	59	28438	卖盘
10:10:49	4.82	--	191	92062	卖盘
10:10:39	4.82	--	107	51574	中性盘
10:10:34	4.82	--	50	24100	买盘
10:10:29	4.82	-0.01	20	9640	买盘
10:10:24	4.83	0.01	191	92253	买盘
10:10:19	4.82	--	351	169182	买盘
10:10:13	4.82	--	257	123874	买盘
10:10:09	4.82	--	66	31812	买盘
10:10:04	4.82	--	7	3374	买盘
10:09:58	4.82	--	1484	715288	卖盘
10:09:54	4.82	--	20	9640	卖盘
10:09:49	4.82	--	68	32776	卖盘
10:09:43	4.82	--	578	278596	买盘
10:09:39	4.82	--	30	14460	买盘
10:09:28	4.82	0.01	51	24582	买盘
10:09:24	4.81	--	102	49061	卖盘
10:09:19	4.81	-0.01	18	8658	卖盘
10:09:13	4.82	--	134	64588	买盘
10:09:09	4.82	--	60	28920	买盘
10:08:58	4.82	0.01	7	3374	买盘
10:08:54	4.81	-0.01	85	40885	卖盘
10:08:49	4.82	--	2	964	买盘
10:08:43	4.82	--	212	102184	买盘
10:08:28	4.82	--	223	107486	买盘
10:08:23	4.82	--	218	105076	买盘
10:08:13	4.82	--	20	9640	买盘
10:08:04	4.82	0.01	14	6748	买盘
10:07:58	4.81	-0.01	44	21164	卖盘
10:07:53	4.82	0.01	50	24100	买盘
10:07:43	4.81	-0.01	27	12986	卖盘
10:07:38	4.82	--	55	26510	买盘
10:07:34	4.82	--	2	964	买盘
10:07:28	4.82	0.01	55	26510	买盘
10:07:23	4.81	-0.01	50	24049	卖盘
10:07:13	4.82	--	59	28438	卖盘
10:07:08	4.82	--	264	127248	卖盘
10:07:03	4.82	--	4	1928	卖盘
10:06:58	4.82	--	171	82422	卖盘
10:06:53	4.82	--	37	17834	卖盘
10:06:48	4.82	--	15	7230	卖盘
10:06:43	4.82	--	199	95918	卖盘
10:06:38	4.82	--	1378	664196	卖盘
10:06:33	4.82	--	247	119054	卖盘
10:06:28	4.82	--	959	462238	买盘
10:06:23	4.82	--	1111	535502	卖盘
10:06:18	4.82	--	2	964	卖盘
10:06:13	4.82	-0.01	191	92062	卖盘
10:06:08	4.83	0.01	32	15456	买盘
10:06:03	4.82	--	1019	491158	卖盘
10:05:58	4.82	--	640	308480	卖盘
10:05:53	4.82	-0.01	2329	1122578	卖盘
10:05:43	4.83	0.01	1368	660744	买盘
10:05:38	4.82	--	51	24582	卖盘
10:05:28	4.82	--	41	19762	卖盘
10:05:23	4.82	--	999	481518	卖盘
10:05:13	4.82	-0.01	24	11568	卖盘
10:04:58	4.83	--	334	161322	买盘
10:04:53	4.83	0.01	86	41538	买盘
10:04:48	4.82	-0.01	100	48200	卖盘
10:04:43	4.83	--	100	48300	买盘
10:04:38	4.83	--	249	120267	买盘
10:04:33	4.83	--	160	77280	买盘
10:04:28	4.83	--	78	37674	买盘
10:04:23	4.83	--	20	9660	买盘
10:04:18	4.83	-0.01	26	12558	买盘
10:04:08	4.84	0.01	86	41624	买盘
10:04:03	4.83	--	43	20769	卖盘
10:03:58	4.83	--	175	84525	卖盘
10:03:52	4.83	--	165	79695	卖盘
10:03:48	4.83	--	52	25116	卖盘
10:03:43	4.83	--	13	6279	卖盘
10:03:37	4.83	--	160	77280	卖盘
10:03:33	4.83	--	222	107226	卖盘
10:03:28	4.83	--	8	3864	卖盘
10:03:22	4.83	--	34	16422	卖盘
10:03:18	4.83	--	409	197547	卖盘
10:03:13	4.83	-0.01	40	19320	卖盘
10:03:07	4.84	0.01	285	137940	买盘
10:03:03	4.83	--	122	58926	卖盘
10:02:58	4.83	--	10	4830	卖盘
10:02:52	4.83	--	14	6762	卖盘
10:02:48	4.83	--	49	23667	卖盘
10:02:37	4.83	-0.01	11	5313	卖盘
10:02:33	4.84	--	22	10648	买盘
10:02:22	4.84	--	60	29040	买盘
10:02:18	4.84	0.01	103	49852	买盘
10:02:13	4.83	--	10	4830	卖盘
10:02:07	4.83	--	10	4830	卖盘
10:02:02	4.83	-0.01	360	173880	卖盘
10:01:52	4.84	0.01	64	30976	买盘
10:01:47	4.83	--	80	38640	卖盘
10:01:43	4.83	--	11	5313	卖盘
10:01:37	4.83	--	175	84525	卖盘
10:01:32	4.83	-0.01	538	259854	卖盘
10:01:28	4.84	0.01	57	27588	买盘
10:01:22	4.83	-0.01	10	4830	中性盘
10:01:17	4.84	0.01	631	305404	买盘
10:01:13	4.83	--	4	1932	卖盘
10:01:07	4.83	--	23	11109	卖盘
10:01:02	4.83	--	37	17871	卖盘
10:00:57	4.83	--	13	6279	卖盘
10:00:52	4.83	-0.01	50	24150	卖盘
10:00:47	4.84	0.01	133	64372	买盘
10:00:42	4.83	--	62	29946	卖盘
10:00:37	4.83	--	40	19320	卖盘
10:00:32	4.83	--	177	85491	买盘
10:00:27	4.83	--	42	20286	买盘
10:00:17	4.83	--	34	16422	买盘
10:00:12	4.83	--	37	17871	买盘
10:00:07	4.83	-0.01	71	34293	买盘
10:00:02	4.84	0.01	227	109868	买盘
09:59:57	4.83	--	43	20769	卖盘
09:59:52	4.83	--	542	261786	卖盘
09:59:47	4.83	--	496	239568	卖盘
09:59:37	4.83	--	44	21252	卖盘
09:59:32	4.83	--	966	466578	卖盘
09:59:17	4.83	-0.01	65	31395	卖盘
09:59:12	4.84	--	17	8228	买盘
09:59:07	4.84	0.01	163	78892	买盘
09:59:02	4.83	--	197	95151	卖盘
09:58:57	4.83	-0.01	10	4830	卖盘
09:58:52	4.84	--	76	36784	买盘
09:58:47	4.84	0.01	160	77440	买盘
09:58:42	4.83	--	115	55545	卖盘
09:58:37	4.83	--	23	11109	卖盘
09:58:32	4.83	--	64	30912	卖盘
09:58:27	4.83	--	68	32844	卖盘
09:58:22	4.83	-0.01	115	55545	卖盘
09:58:17	4.84	0.01	121	58564	买盘
09:58:12	4.83	--	164	79212	卖盘
09:58:07	4.83	--	53	25599	卖盘
09:58:02	4.83	--	374	180642	卖盘
09:57:57	4.83	-0.01	173	83559	卖盘
09:57:52	4.84	--	32	15488	买盘
09:57:47	4.84	--	110	53240	买盘
09:57:42	4.84	0.01	28	13552	买盘
09:57:37	4.83	--	98	47334	卖盘
09:57:32	4.83	-0.01	154	74382	卖盘
09:57:27	4.84	0.01	124	60016	买盘
09:57:22	4.83	--	104	50232	买盘
09:57:17	4.83	--	183	88389	卖盘
09:57:12	4.83	--	60	28980	卖盘
09:57:07	4.83	--	7	3381	卖盘
09:57:01	4.83	0.01	121	58443	买盘
09:56:57	4.82	-0.01	506	243892	卖盘
09:56:52	4.83	0.01	578	279174	买盘
09:56:46	4.82	-0.01	143	68926	卖盘
09:56:42	4.83	--	27	13041	买盘
09:56:37	4.83	--	80	38640	买盘
09:56:31	4.83	--	48	23184	买盘
09:56:27	4.83	--	725	350175	买盘
09:56:22	4.83	--	20	9660	买盘
09:56:16	4.83	--	791	382053	买盘
09:56:12	4.83	--	56	27048	买盘
09:56:07	4.83	--	90	43470	买盘
09:56:01	4.83	--	291	140553	买盘
09:55:57	4.83	0.01	236	113988	买盘
09:55:52	4.82	--	60	28920	卖盘
09:55:46	4.82	-0.01	30	14460	卖盘
09:55:41	4.83	0.01	172	83076	买盘
09:55:37	4.82	--	4	1928	卖盘
09:55:31	4.82	--	130	62660	卖盘
09:55:26	4.82	--	11	5302	卖盘
09:55:22	4.82	--	120	57840	卖盘
09:55:16	4.82	--	705	339810	买盘
09:55:11	4.82	--	495	238590	买盘
09:55:07	4.82	--	71	34222	买盘
09:55:01	4.82	--	50	24100	买盘
09:54:56	4.82	0.01	50	24100	买盘
09:54:52	4.81	--	6	2885	卖盘
09:54:46	4.81	-0.01	27	12986	卖盘
09:54:41	4.82	0.01	133	64106	买盘
09:54:31	4.81	-0.01	136	65704	卖盘
09:54:26	4.82	--	102	49164	买盘
09:54:16	4.82	--	791	381262	买盘
09:54:11	4.82	--	6	2892	买盘
09:54:06	4.82	--	18	8676	买盘
09:54:01	4.82	--	243	117126	买盘
09:53:51	4.82	--	10	4820	买盘
09:53:46	4.82	--	40	19280	买盘
09:53:41	4.82	0.01	99	47718	买盘
09:53:36	4.81	-0.01	40	19240	卖盘
09:53:31	4.82	0.01	74	35668	买盘
09:53:26	4.81	--	109	52428	卖盘
09:53:21	4.81	--	87	41847	卖盘
09:53:16	4.81	--	121	58200	卖盘
09:53:11	4.81	--	107	51466	卖盘
09:53:01	4.81	-0.01	255	122654	卖盘
09:52:56	4.82	0.01	339	163398	买盘
09:52:51	4.81	--	5	2405	卖盘
09:52:46	4.81	--	398	191437	卖盘
09:52:31	4.81	-0.01	500	240499	卖盘
09:52:26	4.82	--	30	14460	买盘
09:52:16	4.82	--	42	20244	买盘
09:52:06	4.82	0.01	2	964	买盘
09:52:01	4.81	--	44	21164	卖盘
09:51:56	4.81	-0.01	104	50023	卖盘
09:51:51	4.82	--	211	101702	买盘
09:51:41	4.82	--	464	223648	卖盘
09:51:36	4.82	--	1035	498870	卖盘
09:51:31	4.82	--	117	56394	卖盘
09:51:25	4.82	--	122	58804	卖盘
09:51:21	4.82	--	230	110860	卖盘
09:51:16	4.82	--	208	100256	卖盘
09:51:10	4.82	--	97	46754	卖盘
09:51:06	4.82	--	345	166290	卖盘
09:51:01	4.82	--	10	4820	卖盘
09:50:55	4.82	-0.01	377	181714	卖盘
09:50:51	4.83	0.01	228	110124	买盘
09:50:46	4.82	--	8	3856	买盘
09:50:40	4.82	--	59	28438	买盘
09:50:36	4.82	-0.01	1596	769272	卖盘
09:50:31	4.83	--	50	24150	买盘
09:50:25	4.83	--	1	483	买盘
09:50:21	4.83	--	88	42504	买盘
09:50:16	4.83	--	124	59892	买盘
09:50:10	4.83	--	65	31395	卖盘
09:50:06	4.83	--	246	118818	买盘
09:50:01	4.83	--	321	155043	买盘
09:49:55	4.83	--	95	45885	买盘
09:49:51	4.83	--	185	89355	买盘
09:49:46	4.83	--	85	41055	买盘
09:49:40	4.83	--	116	56028	买盘
09:49:36	4.83	--	175	84525	买盘
09:49:31	4.83	--	47	22701	买盘
09:49:25	4.83	--	524	253092	买盘
09:49:20	4.83	--	22	10626	买盘
09:49:16	4.83	--	13	6279	买盘
09:49:10	4.83	--	954	460782	买盘
09:49:05	4.83	--	95	45885	买盘
09:49:01	4.83	0.01	15	7245	买盘
09:48:55	4.82	-0.01	149	71818	卖盘
09:48:50	4.83	--	102	49266	买盘
09:48:46	4.83	--	206	99498	买盘
09:48:40	4.83	--	183	88389	买盘
09:48:35	4.83	--	73	35259	买盘
09:48:31	4.83	--	5	2415	买盘
09:48:25	4.83	0.01	39	18837	买盘
09:48:20	4.82	-0.01	354	170628	卖盘
09:48:15	4.83	0.01	46	22218	买盘
09:48:10	4.82	-0.01	219	105558	卖盘
09:48:05	4.83	0.01	233	112539	买盘
09:48:00	4.82	--	540	260280	卖盘
09:47:55	4.82	--	32	15424	卖盘
09:47:50	4.82	0.01	3996	1926072	买盘
09:47:45	4.81	--	20	9620	卖盘
09:47:40	4.81	-0.01	500	240499	卖盘
09:47:35	4.82	--	36	17352	买盘
09:47:30	4.82	0.01	29	13978	买盘
09:47:25	4.81	--	280	134680	卖盘
09:47:20	4.81	--	17	8176	卖盘
09:47:15	4.81	--	10	4810	卖盘
09:47:10	4.81	--	44	21164	卖盘
09:47:05	4.81	--	10	4810	卖盘
09:47:00	4.81	--	30	14429	卖盘
09:46:55	4.81	-0.01	130	62529	卖盘
09:46:50	4.82	0.01	112	53984	买盘
09:46:45	4.81	--	200	96199	卖盘
09:46:40	4.81	-0.01	272	130831	卖盘
09:46:35	4.82	0.01	63	30366	买盘
09:46:30	4.81	--	14	6733	卖盘
09:46:25	4.81	--	166	79846	卖盘
09:46:20	4.81	--	187	89946	卖盘
09:46:15	4.81	-0.01	14	6733	卖盘
09:46:05	4.82	0.01	36	17352	买盘
09:45:55	4.81	--	73	35113	卖盘
09:45:50	4.81	--	407	195766	卖盘
09:45:45	4.81	-0.01	5	2405	卖盘
09:45:40	4.82	--	57	27474	买盘
09:45:35	4.82	--	27	13014	买盘
09:45:30	4.82	--	275	132550	卖盘
09:45:25	4.82	--	80	38560	卖盘
09:45:20	4.82	0.01	222	107004	买盘
09:45:15	4.81	-0.01	15	7214	卖盘
09:45:05	4.82	--	165	79530	买盘
09:45:00	4.82	--	391	188462	卖盘
09:44:55	4.82	--	104	50128	卖盘
09:44:49	4.82	--	143	68926	买盘
09:44:45	4.82	--	30	14460	买盘
09:44:40	4.82	--	16	7712	卖盘
09:44:34	4.82	--	4	1928	中性盘
09:44:30	4.82	--	424	204368	买盘
09:44:25	4.82	0.01	158	76156	买盘
09:44:19	4.81	-0.01	239	114958	卖盘
09:44:15	4.82	--	129	62178	买盘
09:44:04	4.82	--	165	79530	买盘
09:44:00	4.82	--	268	129176	买盘
09:43:49	4.82	--	329	158578	卖盘
09:43:45	4.82	--	202	97364	卖盘
09:43:40	4.82	-0.01	31	14942	卖盘
09:43:34	4.83	0.01	93	44919	买盘
09:43:30	4.82	--	266	128212	卖盘
09:43:25	4.82	--	52	25064	卖盘
09:43:19	4.82	0.01	152	73264	中性盘
09:43:15	4.81	-0.01	101	48580	卖盘
09:43:10	4.82	--	24	11568	卖盘
09:43:04	4.82	--	265	127730	买盘
09:42:59	4.82	0.01	1203	579846	买盘
09:42:55	4.81	--	40	19240	卖盘
09:42:44	4.81	--	140	67340	卖盘
09:42:40	4.81	--	45	21645	卖盘
09:42:34	4.81	--	49	23568	中性盘
09:42:29	4.81	--	40	19240	中性盘
09:42:25	4.81	--	44	21164	买盘
09:42:19	4.81	--	214	102933	买盘
09:42:14	4.81	--	582	279942	卖盘
09:42:09	4.81	-0.01	58	27897	买盘
09:42:04	4.82	--	203	97846	买盘
09:41:59	4.82	0.01	275	132550	买盘
09:41:54	4.81	--	114	54833	买盘
09:41:49	4.81	--	927	445886	卖盘
09:41:44	4.81	--	175	84175	卖盘
09:41:34	4.81	--	311	149591	卖盘
09:41:29	4.81	--	69	33189	卖盘
09:41:19	4.81	--	436	209715	卖盘
09:41:14	4.81	--	35	16835	卖盘
09:41:09	4.81	-0.01	220	105819	卖盘
09:41:04	4.82	--	99	47718	买盘
09:40:59	4.82	0.01	497	239554	买盘
09:40:54	4.81	--	35	16835	买盘
09:40:49	4.81	--	415	199614	买盘
09:40:44	4.81	--	90	43290	买盘
09:40:34	4.81	-0.01	236	113515	卖盘
09:40:29	4.82	0.01	528	254496	买盘
09:40:24	4.81	--	120	57719	买盘
09:40:19	4.81	--	146	70226	买盘
09:40:14	4.81	--	1202	578162	买盘
09:40:04	4.81	--	249	119768	买盘
09:39:59	4.81	--	240	115439	买盘
09:39:49	4.81	0.01	123	59162	买盘
09:39:44	4.8	--	278	133440	买盘
09:39:39	4.8	--	89	42720	买盘
09:39:34	4.8	--	320	153600	买盘
09:39:29	4.8	0.01	1402	672960	买盘
09:39:24	4.79	-0.01	17	8143	卖盘
09:39:19	4.8	--	255	122400	买盘
09:39:14	4.8	0.01	312	149760	买盘
09:39:09	4.79	-0.01	39	18681	卖盘
09:39:04	4.8	0.01	174	83520	买盘
09:38:58	4.79	--	234	112086	卖盘
09:38:54	4.79	--	123	58917	买盘
09:38:49	4.79	--	65	31135	买盘
09:38:43	4.79	--	472	226088	买盘
09:38:39	4.79	--	161	77119	买盘
09:38:34	4.79	--	25	11975	买盘
09:38:29	4.79	--	10	4790	买盘
09:38:24	4.79	--	916	438764	买盘
09:38:19	4.79	0.01	500	239500	买盘
09:38:13	4.78	-0.01	44	21032	卖盘
09:38:09	4.79	0.01	20	9580	买盘
09:38:04	4.78	-0.01	30	14340	卖盘
09:37:54	4.79	0.01	10	4790	买盘
09:37:43	4.78	--	50	23900	卖盘
09:37:39	4.78	--	379	181353	买盘
09:37:34	4.78	--	363	173514	买盘
09:37:28	4.78	--	653	312134	买盘
09:37:24	4.78	--	1017	486126	买盘
09:37:19	4.78	--	50	23900	买盘
09:37:09	4.78	--	617	294926	买盘
09:37:04	4.78	0.01	181	86518	买盘
09:36:58	4.77	-0.01	17	8108	卖盘
09:36:53	4.78	--	104	49712	买盘
09:36:49	4.78	--	9	4302	买盘
09:36:43	4.78	--	154	73612	买盘
09:36:38	4.78	--	86	41108	买盘
09:36:34	4.78	--	13	6214	买盘
09:36:28	4.78	--	255	121890	买盘
09:36:23	4.78	--	232	110896	买盘
09:36:13	4.78	--	20	9560	买盘
09:36:08	4.78	--	10	4780	买盘
09:35:58	4.78	--	10	4780	买盘
09:35:53	4.78	--	123	58794	买盘
09:35:48	4.78	0.01	20	9560	买盘
09:35:43	4.77	-0.01	493	235160	卖盘
09:35:38	4.78	--	204	97512	买盘
09:35:28	4.78	--	86	41108	买盘
09:35:23	4.78	--	157	75046	买盘
09:35:18	4.78	--	19	9082	买盘
09:35:13	4.78	--	32	15296	买盘
09:35:08	4.78	--	29	13862	买盘
09:35:03	4.78	--	1	478	买盘
09:34:58	4.78	--	245	117110	买盘
09:34:53	4.78	--	38	18164	买盘
09:34:48	4.78	--	52	24856	买盘
09:34:43	4.78	--	194	92732	买盘
09:34:38	4.78	0.01	80	38240	买盘
09:34:33	4.77	-0.01	20	9540	卖盘
09:34:28	4.78	--	14	6692	买盘
09:34:23	4.78	--	30	14340	买盘
09:34:13	4.78	--	67	32026	买盘
09:34:08	4.78	0.01	105	50190	买盘
09:34:03	4.77	--	50	23849	卖盘
09:33:58	4.77	-0.01	59	28142	卖盘
09:33:53	4.78	--	152	72656	买盘
09:33:48	4.78	0.01	25	11950	买盘
09:33:43	4.77	-0.01	197	93968	卖盘
09:33:38	4.78	--	10	4780	买盘
09:33:23	4.78	0.01	337	161086	买盘
09:33:18	4.77	-0.01	10	4770	卖盘
09:33:13	4.78	--	100	47800	买盘
09:33:08	4.78	--	140	66920	买盘
09:33:03	4.78	--	75	35850	买盘
09:32:57	4.78	--	50	23900	买盘
09:32:53	4.78	--	487	232786	买盘
09:32:48	4.78	--	20	9560	买盘
09:32:43	4.78	--	34	16252	买盘
09:32:38	4.78	--	223	106594	买盘
09:32:33	4.78	--	200	95600	买盘
09:32:28	4.78	--	220	105160	买盘
09:32:23	4.78	--	94	44932	买盘
09:32:18	4.78	--	259	123802	买盘
09:32:07	4.78	--	140	66920	买盘
09:32:03	4.78	--	104	49712	买盘
09:31:58	4.78	--	10	4780	买盘
09:31:52	4.78	--	160	76480	买盘
09:31:48	4.78	--	506	241868	卖盘
09:31:43	4.78	--	167	79826	卖盘
09:31:37	4.78	--	254	121412	卖盘
09:31:33	4.78	--	398	190244	买盘
09:31:28	4.78	--	285	136230	买盘
09:31:22	4.78	--	28	13384	买盘
09:31:18	4.78	--	365	174470	买盘
09:31:13	4.78	--	14	6692	买盘
09:31:07	4.78	--	504	240912	卖盘
09:31:03	4.78	--	386	184508	买盘
09:30:57	4.78	--	125	59750	买盘
09:30:52	4.78	--	189	90342	买盘
09:30:48	4.78	--	303	144834	买盘
09:30:43	4.78	--	100	47800	买盘
09:30:37	4.78	--	65	31070	买盘
09:30:32	4.78	--	506	241868	买盘
09:30:28	4.78	0.01	30	14340	买盘
09:30:17	4.77	--	122	58193	卖盘
09:30:13	4.77	--	108	51515	买盘
09:30:07	4.77	0.01	1263	602451	买盘
09:30:02	4.76	-0.01	192	91392	卖盘
09:28:40	4.77	--	0	0	买盘
09:25:09	4.77	4.77	735	350594	买盘
