成交时间	成交价	价格变动	成交量(手)	成交额(元)	性质
15:00:00	39.76	--	0	0	卖盘
15:00:00	39.76	-0.04	23	91448	卖盘
14:59:59	39.8	0.01	135	537300	买盘
14:59:53	39.79	--	77	306383	卖盘
14:59:49	39.79	0.02	313	1248809	买盘
14:59:44	39.77	0.01	165	656205	买盘
14:59:38	39.76	0.01	66	262416	买盘
14:59:34	39.75	--	161	642678	买盘
14:59:29	39.75	--	313	1247355	买盘
14:59:23	39.75	--	40	159000	买盘
14:59:19	39.75	0.01	338	1343550	买盘
14:59:14	39.74	--	122	484828	买盘
14:59:08	39.74	--	23	91402	买盘
14:59:04	39.74	-0.01	56	222544	买盘
14:58:59	39.75	0.01	168	667800	买盘
14:58:53	39.74	--	81	321894	卖盘
14:58:49	39.74	0.01	178	708246	买盘
14:58:44	39.73	0.02	172	683356	中性盘
14:58:38	39.71	-0.03	303	1203213	卖盘
14:58:34	39.74	0.01	147	584178	买盘
14:58:29	39.73	--	140	556220	买盘
14:58:23	39.73	--	82	328884	卖盘
14:58:19	39.73	-0.01	141	561067	卖盘
14:58:14	39.74	0.01	201	798774	买盘
14:58:08	39.73	-0.01	25	99324	卖盘
14:58:04	39.74	0.02	192	763008	买盘
14:57:59	39.72	-0.01	137	544164	卖盘
14:57:53	39.73	--	40	158920	卖盘
14:57:49	39.73	--	163	647599	中性盘
14:57:44	39.73	-0.01	219	870086	卖盘
14:57:38	39.74	0.01	228	906072	买盘
14:57:34	39.73	-0.01	111	441002	卖盘
14:57:29	39.74	0.01	144	572256	买盘
14:57:23	39.73	--	27	107270	买盘
14:57:19	39.73	-0.01	167	663491	卖盘
14:57:14	39.74	0.01	167	663658	买盘
14:57:08	39.73	-0.01	78	309894	卖盘
14:57:04	39.74	--	199	790826	买盘
14:56:59	39.74	0.01	66	262284	买盘
14:56:53	39.73	-0.01	43	170839	卖盘
14:56:49	39.74	--	71	282154	买盘
14:56:44	39.74	0.01	226	898124	买盘
14:56:38	39.73	-0.01	169	674774	卖盘
14:56:34	39.74	--	30	119220	买盘
14:56:29	39.74	-0.01	89	353686	买盘
14:56:23	39.75	0.01	22	87450	买盘
14:56:19	39.74	-0.01	138	548412	买盘
14:56:14	39.75	0.01	40	160391	中性盘
14:56:08	39.74	-0.01	145	578813	卖盘
14:56:04	39.75	0.03	124	492900	买盘
14:55:59	39.72	-0.03	687	2728764	卖盘
14:55:53	39.75	0.01	69	274275	买盘
14:55:49	39.74	--	126	500724	卖盘
14:55:44	39.74	0.01	68	270232	中性盘
14:55:38	39.73	-0.01	98	389353	卖盘
14:55:34	39.74	0.01	227	902098	买盘
14:55:29	39.73	--	232	921735	买盘
14:55:23	39.73	0.01	37	147001	中性盘
14:55:19	39.72	-0.01	159	631548	卖盘
14:55:14	39.73	--	71	282083	买盘
14:55:08	39.73	-0.01	60	238379	卖盘
14:55:04	39.74	0.01	78	309972	中性盘
14:54:59	39.73	--	130	516489	卖盘
14:54:53	39.73	0.01	109	433056	买盘
14:54:49	39.72	--	51	202572	卖盘
14:54:44	39.72	-0.03	67	266124	卖盘
14:54:38	39.75	0.04	121	480975	买盘
14:54:34	39.71	-0.01	108	428868	卖盘
14:54:29	39.72	-0.01	31	123132	中性盘
14:54:23	39.73	0.01	14	55621	买盘
14:54:19	39.72	-0.02	66	262152	卖盘
14:54:13	39.74	0.01	352	1398848	买盘
14:54:08	39.73	-0.01	72	286056	卖盘
14:54:02	39.74	-0.01	10	39740	卖盘
14:53:58	39.75	0.01	118	469050	买盘
14:53:53	39.74	-0.02	56	222544	卖盘
14:53:47	39.76	0.01	55	218680	买盘
14:53:43	39.75	-0.01	245	973875	中性盘
14:53:38	39.76	--	322	1280272	买盘
14:53:32	39.76	--	46	182896	卖盘
14:53:28	39.76	--	117	465192	买盘
14:53:23	39.76	-0.01	30	119280	卖盘
14:53:17	39.77	0.05	38	151126	买盘
14:53:13	39.72	-0.02	167	663324	卖盘
14:53:08	39.74	0.02	132	524568	中性盘
14:53:02	39.72	--	106	421032	卖盘
14:52:58	39.72	-0.05	141	560052	卖盘
14:52:53	39.77	0.01	89	353953	买盘
14:52:47	39.76	0.04	13	51688	买盘
14:52:43	39.72	-0.04	106	421032	卖盘
14:52:38	39.76	0.02	47	186872	买盘
14:52:32	39.74	0.04	41	162934	买盘
14:52:28	39.7	-0.02	69	273930	卖盘
14:52:23	39.72	0.01	86	341592	买盘
14:52:17	39.71	--	164	651244	买盘
14:52:13	39.71	--	217	861707	卖盘
14:52:08	39.71	-0.05	60	238260	卖盘
14:52:02	39.76	0.05	27	107352	买盘
14:51:58	39.71	0.02	60	238260	中性盘
14:51:53	39.69	--	141	559629	买盘
14:51:47	39.69	0.01	29	115101	中性盘
14:51:43	39.68	-0.02	52	206336	卖盘
14:51:38	39.7	-0.09	38	150860	卖盘
14:51:32	39.79	0.09	5	19895	买盘
14:51:28	39.7	--	59	234230	买盘
14:51:23	39.7	-0.1	10	39700	卖盘
14:51:17	39.8	--	8	31839	买盘
14:51:13	39.8	--	34	135320	买盘
14:51:08	39.8	-0.02	40	159200	卖盘
14:51:02	39.82	--	106	422092	买盘
14:50:58	39.82	0.01	151	601282	买盘
14:50:53	39.81	-0.01	41	163221	卖盘
14:50:43	39.82	--	117	465894	卖盘
14:50:38	39.82	-0.04	26	103532	卖盘
14:50:32	39.86	--	150	597900	买盘
14:50:28	39.86	-0.01	115	458390	中性盘
14:50:23	39.87	-0.01	366	1459242	中性盘
14:50:17	39.88	0.02	52	207376	买盘
14:50:13	39.86	-0.04	136	542096	卖盘
14:50:08	39.9	--	147	586530	买盘
14:50:02	39.9	0.03	136	542640	买盘
14:49:58	39.87	-0.03	158	629946	卖盘
14:49:53	39.9	0.02	67	267330	买盘
14:49:47	39.88	--	56	223328	买盘
14:49:43	39.88	-0.02	205	817540	卖盘
14:49:38	39.9	--	95	379050	买盘
14:49:32	39.9	--	52	207480	买盘
14:49:28	39.9	-0.05	175	698250	卖盘
14:49:23	39.95	0.01	182	727090	买盘
14:49:17	39.94	0.01	9	35946	中性盘
14:49:13	39.93	0.02	110	439230	买盘
14:49:08	39.91	-0.04	110	439009	中性盘
14:49:02	39.95	--	22	87890	买盘
14:48:58	39.95	0.05	124	495380	中性盘
14:48:53	39.9	-0.05	40	159600	卖盘
14:48:47	39.95	--	69	275655	卖盘
14:48:43	39.95	0.07	535	2137325	买盘
14:48:38	39.88	0.02	79	315052	买盘
14:48:32	39.86	--	31	123566	卖盘
14:48:28	39.86	--	59	235174	卖盘
14:48:23	39.86	0.02	335	1335310	买盘
14:48:17	39.84	-0.01	16	63744	卖盘
14:48:13	39.85	0.01	123	490155	卖盘
14:48:08	39.84	--	62	247008	卖盘
14:48:02	39.84	-0.01	44	175296	卖盘
14:47:58	39.85	0.03	116	462260	买盘
14:47:53	39.82	--	71	282722	卖盘
14:47:47	39.82	--	36	143352	卖盘
14:47:43	39.82	--	41	163262	卖盘
14:47:37	39.82	0.02	227	903914	买盘
14:47:32	39.8	--	74	294520	卖盘
14:47:26	39.8	--	59	234819	卖盘
14:47:22	39.8	--	80	318400	买盘
14:47:17	39.8	0.01	97	386060	买盘
14:47:11	39.79	-0.01	123	489417	卖盘
14:47:07	39.8	0.01	91	362180	买盘
14:47:02	39.79	--	31	123349	卖盘
14:46:56	39.79	--	68	270572	卖盘
14:46:52	39.79	0.1	85	338215	买盘
14:46:47	39.69	--	70	277830	买盘
14:46:41	39.69	-0.01	22	87318	卖盘
14:46:37	39.7	0.04	416	1651520	买盘
14:46:32	39.66	-0.01	25	99149	卖盘
14:46:26	39.67	--	13	51571	中性盘
14:46:22	39.67	-0.01	57	226119	卖盘
14:46:17	39.68	0.01	85	337280	买盘
14:46:11	39.67	0.01	63	249921	买盘
14:46:07	39.66	--	106	420395	卖盘
14:46:02	39.66	0.03	119	471953	买盘
14:45:56	39.63	0.03	32	126816	中性盘
14:45:52	39.6	-0.03	35	138600	卖盘
14:45:47	39.63	0.07	59	233817	买盘
14:45:41	39.56	--	10	39560	卖盘
14:45:37	39.56	0.01	5	19780	中性盘
14:45:32	39.55	0.02	45	177975	买盘
14:45:26	39.53	0.01	502	1984406	买盘
14:45:22	39.52	-0.01	32	126464	中性盘
14:45:17	39.53	0.02	37	146261	买盘
14:45:11	39.51	--	15	59265	卖盘
14:45:07	39.51	--	48	189648	买盘
14:45:02	39.51	0.01	9	35559	买盘
14:44:56	39.5	--	22	86900	卖盘
14:44:52	39.5	0.01	126	497700	买盘
14:44:47	39.49	--	34	134266	卖盘
14:44:41	39.49	--	19	75031	卖盘
14:44:37	39.49	--	55	217195	卖盘
14:44:32	39.49	--	59	232991	买盘
14:44:26	39.49	0.01	21	82929	买盘
14:44:22	39.48	-0.01	34	134232	卖盘
14:44:17	39.49	0.06	53	209297	买盘
14:44:07	39.43	-0.02	109	429787	卖盘
14:43:56	39.45	0.03	55	216975	买盘
14:43:52	39.42	0.02	26	102492	买盘
14:43:47	39.4	0.01	33	130020	买盘
14:43:41	39.39	--	24	94536	卖盘
14:43:37	39.39	--	5	19695	卖盘
14:43:32	39.39	--	27	106353	买盘
14:43:26	39.39	0.01	1	3939	买盘
14:43:22	39.38	0.02	26	102388	买盘
14:43:17	39.36	0.01	98	385728	买盘
14:43:11	39.35	0.01	58	228230	买盘
14:43:07	39.34	--	15	59010	买盘
14:43:02	39.34	0.01	16	62944	买盘
14:42:52	39.33	0.01	17	66861	买盘
14:42:47	39.32	-0.01	41	161212	卖盘
14:42:41	39.33	0.03	25	98325	买盘
14:42:37	39.3	--	61	239729	卖盘
14:42:32	39.3	--	48	189504	买盘
14:42:26	39.3	--	101	396930	买盘
14:42:22	39.3	0.02	107	420509	买盘
14:42:17	39.28	--	55	216040	卖盘
14:42:11	39.28	--	50	196400	买盘
14:42:07	39.28	--	67	263176	买盘
14:42:02	39.28	0.02	100	394764	买盘
14:41:56	39.26	0.01	21	82446	买盘
14:41:52	39.25	--	18	70650	卖盘
14:41:47	39.25	0.01	34	133450	买盘
14:41:41	39.24	--	4	15696	卖盘
14:41:37	39.24	-0.01	60	235440	中性盘
14:41:31	39.25	0.02	89	349325	买盘
14:41:26	39.23	--	10	39230	卖盘
14:41:22	39.23	0.01	27	105920	买盘
14:41:16	39.22	0.01	158	619676	中性盘
14:41:11	39.21	--	17	66657	卖盘
14:41:06	39.21	-0.01	39	152919	中性盘
14:41:01	39.22	0.01	222	870684	买盘
14:40:56	39.21	-0.01	25	98025	卖盘
14:40:50	39.22	0.01	81	317682	买盘
14:40:46	39.21	--	45	176445	卖盘
14:40:41	39.21	-0.01	64	250944	卖盘
14:40:35	39.22	--	9	35298	买盘
14:40:31	39.22	-0.02	32	125504	卖盘
14:40:26	39.24	0.01	112	439488	买盘
14:40:20	39.23	--	3	11768	买盘
14:40:16	39.23	0.01	27	105920	买盘
14:40:11	39.22	-0.03	115	451030	卖盘
14:40:05	39.25	0.02	32	125600	买盘
14:40:01	39.23	-0.02	12	47075	中性盘
14:39:56	39.25	--	62	243350	买盘
14:39:50	39.25	--	1	3925	买盘
14:39:46	39.25	--	8	31400	卖盘
14:39:41	39.25	-0.02	31	121675	卖盘
14:39:35	39.27	--	32	125664	买盘
14:39:31	39.27	--	34	133518	买盘
14:39:26	39.27	-0.01	62	243474	卖盘
14:39:20	39.28	0.01	51	200328	买盘
14:39:16	39.27	-0.01	34	133518	卖盘
14:39:11	39.28	--	29	113912	卖盘
14:39:05	39.28	--	5	19640	卖盘
14:39:01	39.28	-0.02	13	51064	卖盘
14:38:56	39.3	--	61	239729	买盘
14:38:50	39.3	0.02	14	55019	买盘
14:38:46	39.28	-0.01	104	408512	卖盘
14:38:41	39.29	--	23	90367	中性盘
14:38:31	39.29	-0.02	72	282888	卖盘
14:38:26	39.31	0.01	73	290029	买盘
14:38:20	39.3	-0.01	44	172920	卖盘
14:38:16	39.31	--	23	90413	买盘
14:38:11	39.31	0.01	41	161171	买盘
14:38:05	39.3	--	12	47160	卖盘
14:38:01	39.3	-0.01	14	55019	卖盘
14:37:56	39.31	0.01	60	236724	买盘
14:37:50	39.3	--	8	31439	买盘
14:37:46	39.3	--	29	117035	卖盘
14:37:41	39.3	-0.01	39	153270	卖盘
14:37:35	39.31	--	6	23586	买盘
14:37:31	39.31	0.01	61	239791	买盘
14:37:26	39.3	-0.01	33	129689	卖盘
14:37:16	39.31	0.01	36	141516	买盘
14:37:11	39.3	-0.01	24	94320	卖盘
14:37:05	39.31	--	61	239791	买盘
14:37:01	39.31	--	39	153309	买盘
14:36:56	39.31	0.01	17	66827	卖盘
14:36:50	39.3	--	15	58949	卖盘
14:36:46	39.3	-0.01	21	82530	卖盘
14:36:41	39.31	0.01	80	316681	买盘
14:36:35	39.3	-0.01	4	15719	卖盘
14:36:31	39.31	0.02	27	108731	买盘
14:36:26	39.29	-0.05	20	80308	卖盘
14:36:20	39.34	0.04	35	139893	买盘
14:36:16	39.3	--	23	90390	买盘
14:36:11	39.3	--	22	86460	买盘
14:36:05	39.3	-0.02	14	56749	卖盘
14:36:01	39.32	0.02	12	47184	卖盘
14:35:56	39.3	-0.01	57	224009	卖盘
14:35:50	39.31	--	22	86482	卖盘
14:35:46	39.31	-0.04	17	69028	中性盘
14:35:41	39.35	0.04	47	184945	买盘
14:35:35	39.31	-0.01	34	135383	卖盘
14:35:31	39.32	0.01	16	62912	中性盘
14:35:26	39.31	-0.02	19	74689	卖盘
14:35:20	39.33	0.01	107	420831	买盘
14:35:16	39.32	--	45	179141	买盘
14:35:11	39.32	--	82	322424	卖盘
14:35:05	39.32	--	7	27524	买盘
14:35:01	39.32	0.01	17	66844	买盘
14:34:56	39.31	-0.02	24	94344	卖盘
14:34:50	39.33	--	215	845595	买盘
14:34:46	39.33	0.02	119	468027	买盘
14:34:41	39.31	0.03	1	3931	中性盘
14:34:35	39.28	-0.03	72	282816	卖盘
14:34:29	39.31	0.01	56	220136	买盘
14:34:25	39.3	-0.01	26	102179	卖盘
14:34:20	39.31	0.05	343	1348333	买盘
14:34:10	39.26	--	18	70668	买盘
14:34:05	39.26	0.01	10	39260	买盘
14:33:59	39.25	0.04	23	90275	卖盘
14:33:55	39.21	-0.04	21	82341	卖盘
14:33:50	39.25	0.01	49	192325	买盘
14:33:44	39.24	-0.01	8	31392	中性盘
14:33:40	39.25	0.05	39	153075	买盘
14:33:35	39.2	-0.05	59	231280	卖盘
14:33:25	39.25	-0.01	3	11775	卖盘
14:33:20	39.26	0.01	21	82446	中性盘
14:33:14	39.25	0.05	15	58875	买盘
14:33:10	39.2	--	66	258720	卖盘
14:33:05	39.2	--	19	74480	卖盘
14:32:59	39.2	--	3	11760	卖盘
14:32:55	39.2	0.01	85	336061	买盘
14:32:50	39.19	--	88	344872	卖盘
14:32:44	39.19	0.01	17	66623	买盘
14:32:40	39.18	-0.01	130	509340	卖盘
14:32:35	39.19	--	79	309601	买盘
14:32:29	39.19	--	33	129326	买盘
14:32:25	39.19	--	61	239059	买盘
14:32:20	39.19	--	150	587850	卖盘
14:32:14	39.19	0.01	34	133246	买盘
14:32:10	39.18	--	92	360456	卖盘
14:32:05	39.18	--	183	716994	卖盘
14:31:59	39.18	-0.01	86	337809	卖盘
14:31:55	39.19	--	37	145003	买盘
14:31:50	39.19	0.01	237	928803	中性盘
14:31:44	39.18	-0.02	88	346547	卖盘
14:31:40	39.2	--	43	168560	买盘
14:31:35	39.2	--	80	313600	买盘
14:31:29	39.2	--	25	98000	买盘
14:31:25	39.2	--	45	176400	买盘
14:31:20	39.2	--	66	258720	买盘
14:31:14	39.2	--	22	87298	卖盘
14:31:10	39.2	--	49	192080	卖盘
14:31:05	39.2	--	12	49901	卖盘
14:30:59	39.2	-0.07	105	411600	卖盘
14:30:55	39.27	0.02	11	43197	中性盘
14:30:50	39.25	-0.05	88	348461	卖盘
14:30:44	39.3	--	15	58949	卖盘
14:30:40	39.3	-0.01	61	239729	卖盘
14:30:35	39.31	-0.02	9	35379	卖盘
14:30:29	39.33	-0.02	2	7866	卖盘
14:30:25	39.35	--	15	59025	买盘
14:30:20	39.35	-0.02	64	251840	卖盘
14:30:14	39.37	--	13	51181	卖盘
14:30:10	39.37	-0.01	18	70866	卖盘
14:30:05	39.38	-0.01	18	70884	卖盘
14:29:59	39.39	-0.01	21	82719	卖盘
14:29:55	39.4	-0.05	15	59100	卖盘
14:29:50	39.45	0.05	10	39450	买盘
14:29:44	39.4	-0.07	149	587060	卖盘
14:29:40	39.47	-0.01	12	47364	卖盘
14:29:35	39.48	-0.01	15	59219	卖盘
14:29:25	39.49	-0.01	20	78980	卖盘
14:29:20	39.5	0.01	12	47400	买盘
14:29:10	39.49	-0.01	48	189552	卖盘
14:29:05	39.5	--	55	217250	买盘
14:28:59	39.5	--	1	3950	买盘
14:28:55	39.5	-0.01	1	3950	中性盘
14:28:50	39.51	0.01	67	264717	买盘
14:28:44	39.5	--	41	161950	卖盘
14:28:40	39.5	--	50	197500	卖盘
14:28:35	39.5	--	89	351550	卖盘
14:28:29	39.5	-0.01	66	260700	卖盘
14:28:25	39.51	0.01	15	59265	买盘
14:28:20	39.5	-0.01	37	146150	卖盘
14:28:14	39.51	0.01	2	7902	买盘
14:28:09	39.5	-0.02	60	237000	卖盘
14:28:04	39.52	0.01	5	19760	买盘
14:27:59	39.51	-0.01	226	892926	卖盘
14:27:53	39.52	--	8	31616	卖盘
14:27:49	39.52	--	101	399152	买盘
14:27:44	39.52	--	7	27664	买盘
14:27:38	39.52	0.01	16	63232	买盘
14:27:34	39.51	--	12	47412	卖盘
14:27:29	39.51	-0.01	7	27657	卖盘
14:27:19	39.52	--	41	162032	买盘
14:27:14	39.52	-0.01	17	67184	卖盘
14:27:08	39.53	0.01	4	15812	买盘
14:27:04	39.52	--	26	102752	卖盘
14:26:59	39.52	--	13	51376	卖盘
14:26:53	39.52	-0.01	30	118560	卖盘
14:26:49	39.53	--	10	39530	买盘
14:26:44	39.53	0.01	13	51389	买盘
14:26:38	39.52	-0.01	10	39520	卖盘
14:26:34	39.53	0.01	7	27671	买盘
14:26:29	39.52	--	12	47424	卖盘
14:26:23	39.52	-0.01	3	11856	卖盘
14:26:14	39.53	--	4	15812	买盘
14:26:08	39.53	--	5	19765	买盘
14:26:04	39.53	--	24	94872	买盘
14:25:59	39.53	--	37	148237	卖盘
14:25:53	39.53	--	3	11859	卖盘
14:25:49	39.53	-0.01	11	43483	卖盘
14:25:38	39.54	--	4	15816	买盘
14:25:34	39.54	0.01	12	47448	买盘
14:25:29	39.53	-0.01	5	19765	卖盘
14:25:23	39.54	--	7	27678	买盘
14:25:19	39.54	0.01	4	15816	中性盘
14:25:14	39.53	-0.01	5	19765	卖盘
14:25:08	39.54	--	16	65241	买盘
14:25:04	39.54	0.01	12	47448	买盘
14:24:59	39.53	-0.01	2	7906	卖盘
14:24:53	39.54	--	0	0	买盘
14:24:49	39.54	0.01	42	166068	买盘
14:24:44	39.53	--	38	150214	买盘
14:24:38	39.53	--	6	23718	买盘
14:24:34	39.53	--	23	90919	买盘
14:24:29	39.53	-0.01	53	209509	卖盘
14:24:23	39.54	--	20	79080	买盘
14:24:19	39.54	-0.01	12	49425	卖盘
14:24:14	39.55	-0.01	20	79100	卖盘
14:24:08	39.56	0.01	7	27692	买盘
14:24:04	39.55	--	39	154245	买盘
14:23:59	39.55	0.01	7	27684	买盘
14:23:53	39.54	--	6	23724	卖盘
14:23:49	39.54	-0.02	26	102804	卖盘
14:23:44	39.56	0.02	14	55384	买盘
14:23:38	39.54	-0.01	10	39540	卖盘
14:23:34	39.55	--	13	51414	卖盘
14:23:29	39.55	--	4	15819	卖盘
14:23:23	39.55	--	10	39550	卖盘
14:23:19	39.55	--	12	47460	卖盘
14:23:14	39.55	0.02	149	591272	买盘
14:23:08	39.53	-0.02	10	39530	卖盘
14:23:04	39.55	--	21	83055	买盘
14:22:59	39.55	--	7	27684	买盘
14:22:49	39.55	--	7	27684	买盘
14:22:44	39.55	--	50	197750	买盘
14:22:34	39.55	--	3	11865	买盘
14:22:29	39.55	--	1	3954	买盘
14:22:23	39.55	--	4	15819	买盘
14:22:18	39.55	--	215	850324	买盘
14:22:14	39.55	--	47	185885	买盘
14:22:08	39.55	--	33	130514	买盘
14:22:04	39.55	0.02	18	71190	买盘
14:21:58	39.53	-0.01	21	83013	卖盘
14:21:53	39.54	0.01	5	19770	卖盘
14:21:43	39.53	--	0	0	卖盘
14:21:38	39.53	--	9	35577	卖盘
14:21:32	39.53	--	9	35577	卖盘
14:21:28	39.53	--	20	79060	买盘
14:21:17	39.53	--	9	35577	买盘
14:21:13	39.53	-0.02	66	260898	卖盘
14:21:08	39.55	0.02	45	177975	买盘
14:21:02	39.53	--	4	15812	卖盘
14:20:58	39.53	-0.02	7	27671	卖盘
14:20:53	39.55	0.02	3	11865	买盘
14:20:47	39.53	-0.02	4	15812	卖盘
14:20:43	39.55	--	20	79100	买盘
14:20:38	39.55	0.02	1	3954	买盘
14:20:32	39.53	--	1	3953	卖盘
14:20:28	39.53	-0.02	17	67201	买盘
14:20:23	39.55	--	5	19775	买盘
14:20:17	39.55	--	37	146335	买盘
14:20:13	39.55	0.02	8	31639	买盘
14:20:08	39.53	--	7	27671	买盘
14:20:02	39.53	--	0	0	买盘
14:19:58	39.53	0.01	12	47436	中性盘
14:19:53	39.52	-0.01	13	51376	卖盘
14:19:47	39.53	0.01	3	11859	卖盘
14:19:43	39.52	--	5	19760	买盘
14:19:28	39.52	--	19	75088	买盘
14:19:23	39.52	--	41	162032	卖盘
14:19:17	39.52	-0.03	18	71136	卖盘
14:19:13	39.55	--	13	51414	买盘
14:19:08	39.55	--	3	11865	买盘
14:19:02	39.55	--	3	11865	卖盘
14:18:58	39.55	-0.03	21	83055	卖盘
14:18:53	39.58	--	4	15832	买盘
14:18:47	39.58	0.07	23	91034	买盘
14:18:43	39.51	-0.07	91	359541	卖盘
14:18:38	39.58	--	2	7916	买盘
14:18:32	39.58	--	2	7916	买盘
14:18:23	39.58	0.03	7	27706	买盘
14:18:17	39.55	--	13	51414	买盘
14:18:13	39.55	--	9	35595	卖盘
14:18:08	39.55	--	23	90965	卖盘
14:17:58	39.55	-0.04	10	39550	卖盘
14:17:53	39.59	0.01	29	114811	买盘
14:17:47	39.58	--	17	67286	买盘
14:17:43	39.58	-0.01	39	154362	卖盘
14:17:38	39.59	--	18	71262	买盘
14:17:32	39.59	--	40	158360	买盘
14:17:28	39.59	0.01	2	7918	买盘
14:17:23	39.58	--	2	7916	卖盘
14:17:17	39.58	--	2	7916	卖盘
14:17:13	39.58	0.03	75	296850	买盘
14:17:02	39.55	--	2	7909	卖盘
14:16:58	39.55	--	5	19775	买盘
14:16:53	39.55	0.05	2	7909	买盘
14:16:43	39.5	-0.05	5	19750	卖盘
14:16:38	39.55	0.03	94	371770	买盘
14:16:28	39.52	--	49	193648	买盘
14:16:23	39.52	--	3	11856	买盘
14:16:17	39.52	--	16	63232	买盘
14:16:12	39.52	-0.03	249	984048	卖盘
14:16:08	39.55	--	11	43505	卖盘
14:16:02	39.55	-0.04	1	3954	卖盘
14:15:56	39.59	0.04	11	43549	买盘
14:15:52	39.55	--	15	59324	买盘
14:15:47	39.55	--	9	35595	买盘
14:15:42	39.55	-0.04	3	11865	中性盘
14:15:38	39.59	0.04	21	83139	买盘
14:15:32	39.55	--	15	60669	卖盘
14:15:26	39.55	--	6	23730	卖盘
14:15:22	39.55	--	6	23730	卖盘
14:15:17	39.55	0.01	83	330875	买盘
14:15:11	39.54	-0.01	2	7908	买盘
14:15:07	39.55	--	12	47460	买盘
14:15:02	39.55	--	59	233344	买盘
14:14:56	39.55	--	5	19775	买盘
14:14:52	39.55	0.01	2	7909	买盘
14:14:47	39.54	--	2	7908	卖盘
14:14:41	39.54	-0.01	4	15816	卖盘
14:14:32	39.55	0.02	155	613025	买盘
14:14:26	39.53	--	10	39530	卖盘
14:14:22	39.53	--	4	15812	卖盘
14:14:17	39.53	--	0	0	卖盘
14:14:11	39.53	--	2	7906	卖盘
14:14:07	39.53	--	16	63248	卖盘
14:14:02	39.53	--	2	7906	卖盘
14:13:52	39.53	-0.01	2	7906	卖盘
14:13:47	39.54	0.01	19	75126	买盘
14:13:41	39.53	-0.01	1	3953	卖盘
14:13:37	39.54	--	13	51402	买盘
14:13:32	39.54	0.01	21	83034	买盘
14:13:26	39.53	--	5	19765	卖盘
14:13:22	39.53	--	35	138355	买盘
14:13:17	39.53	--	4	15812	买盘
14:13:07	39.53	0.01	80	316240	买盘
14:13:02	39.52	--	12	47424	卖盘
14:12:56	39.52	--	2	7904	卖盘
14:12:52	39.52	--	4	15808	卖盘
14:12:47	39.52	--	37	146224	买盘
14:12:37	39.52	0.01	7	27664	买盘
14:12:32	39.51	-0.01	8	31608	卖盘
14:12:22	39.52	0.01	13	51376	买盘
14:12:17	39.51	-0.01	7	27657	卖盘
14:12:11	39.52	0.01	1	3952	买盘
14:12:07	39.51	-0.01	7	27657	卖盘
14:12:02	39.52	--	5	19760	卖盘
14:11:52	39.52	-0.01	5	19760	卖盘
14:11:47	39.53	0.01	2	7906	买盘
14:11:41	39.52	--	16	63232	买盘
14:11:37	39.52	-0.01	29	114608	卖盘
14:11:32	39.53	--	7	27671	买盘
14:11:22	39.53	--	1	3953	买盘
14:11:17	39.53	--	48	189744	卖盘
14:11:11	39.53	-0.01	4	15812	卖盘
14:11:07	39.54	0.01	5	19770	买盘
14:11:02	39.53	0.01	1	3953	买盘
14:10:56	39.52	-0.03	26	102752	卖盘
14:10:52	39.55	0.01	18	71190	买盘
14:10:47	39.54	-0.01	15	59310	中性盘
14:10:41	39.55	0.01	20	79100	买盘
14:10:32	39.54	-0.01	6	23724	中性盘
14:10:21	39.55	--	110	435049	买盘
14:10:17	39.55	--	73	290059	卖盘
14:10:07	39.55	-0.04	23	90965	卖盘
14:10:02	39.59	0.04	7	27713	买盘
14:09:50	39.55	--	4	15819	卖盘
14:09:47	39.55	--	143	568175	买盘
14:09:32	39.55	-0.04	78	309834	卖盘
14:09:21	39.59	0.01	76	300884	买盘
14:09:16	39.58	--	4	15832	卖盘
14:09:11	39.58	--	12	47496	卖盘
14:09:05	39.58	-0.01	1	3958	卖盘
14:09:01	39.59	--	0	0	买盘
14:08:56	39.59	0.04	4	15836	买盘
14:08:50	39.55	-0.03	108	427139	卖盘
14:08:46	39.58	-0.01	78	308724	卖盘
14:08:41	39.59	0.01	40	158360	买盘
14:08:31	39.58	0.01	80	316640	买盘
14:08:26	39.57	-0.01	37	146409	卖盘
14:08:11	39.58	--	0	0	买盘
14:08:05	39.58	0.02	5	19790	买盘
14:07:56	39.56	0.01	10	42170	买盘
14:07:50	39.55	-0.01	4	15819	卖盘
14:07:46	39.56	--	19	75164	买盘
14:07:41	39.56	--	14	55384	买盘
14:07:31	39.56	--	2	7912	买盘
14:07:26	39.56	--	20	79120	买盘
14:07:20	39.56	0.01	20	79120	买盘
14:07:16	39.55	-0.01	1	3954	卖盘
14:07:11	39.56	--	2	7912	买盘
14:07:05	39.56	--	2	7912	买盘
14:07:01	39.56	--	10	39560	买盘
14:06:56	39.56	--	55	217580	买盘
14:06:41	39.56	--	13	51428	买盘
14:06:35	39.56	--	24	94944	买盘
14:06:31	39.56	--	4	15824	买盘
14:06:26	39.56	0.01	36	142416	买盘
14:06:20	39.55	-0.01	3	11865	卖盘
14:06:16	39.56	0.01	12	47472	买盘
14:06:11	39.55	--	9	35595	卖盘
14:06:05	39.55	--	4	15819	买盘
14:06:01	39.55	0.01	30	118649	买盘
14:05:56	39.54	0.01	5	19770	卖盘
14:05:46	39.53	-0.01	49	193697	卖盘
14:05:41	39.54	-0.01	23	90942	卖盘
14:05:35	39.55	--	2	7909	买盘
14:05:31	39.55	0.01	93	367815	买盘
14:05:26	39.54	--	12	47448	卖盘
14:05:20	39.54	--	1	3954	卖盘
14:05:16	39.54	-0.01	6	23724	卖盘
14:05:11	39.55	0.01	14	55369	买盘
14:05:05	39.54	--	4	15816	买盘
14:05:01	39.54	-0.01	32	126528	中性盘
14:04:56	39.55	--	14	55369	买盘
14:04:50	39.55	0.01	2	7909	买盘
14:04:46	39.54	--	0	0	卖盘
14:04:41	39.54	0.01	2	7908	卖盘
14:04:35	39.53	--	0	0	卖盘
14:04:31	39.53	--	5	19765	卖盘
14:04:26	39.53	--	46	181838	买盘
14:04:20	39.53	--	1	3953	买盘
14:04:16	39.53	--	11	43483	买盘
14:04:11	39.53	-0.02	4	15812	卖盘
14:04:01	39.55	0.02	5	19775	买盘
14:03:56	39.53	-0.02	3	11859	卖盘
14:03:50	39.55	0.02	4	15819	买盘
14:03:46	39.53	0.01	18	71154	卖盘
14:03:41	39.52	-0.03	5	19760	卖盘
14:03:35	39.55	0.03	7	27684	买盘
14:03:31	39.52	--	14	55328	卖盘
14:03:25	39.52	--	3	11856	卖盘
14:03:20	39.52	--	23	90896	卖盘
14:03:16	39.52	-0.03	6	23712	卖盘
14:03:10	39.55	--	0	0	买盘
14:03:05	39.55	0.05	38	150290	买盘
14:03:01	39.5	-0.02	24	94800	卖盘
14:02:55	39.52	--	7	27664	中性盘
14:02:50	39.52	--	26	102752	中性盘
14:02:44	39.52	--	1	3952	卖盘
14:02:40	39.52	--	15	59280	卖盘
14:02:35	39.52	0.02	15	59280	卖盘
14:02:29	39.5	--	25	98750	卖盘
14:02:25	39.5	--	33	130350	卖盘
14:02:20	39.5	-0.01	41	161950	卖盘
14:02:14	39.51	0.01	1	3951	中性盘
14:02:10	39.5	-0.01	6	23700	卖盘
14:02:05	39.51	-0.01	10	39510	卖盘
14:01:59	39.52	--	1	3952	买盘
14:01:55	39.52	--	7	27664	卖盘
14:01:44	39.52	--	1	3952	卖盘
14:01:40	39.52	-0.03	5	19760	卖盘
14:01:35	39.55	-0.01	1	3954	卖盘
14:01:29	39.56	0.06	6	23736	买盘
14:01:25	39.5	-0.03	110	434500	卖盘
14:01:20	39.53	0.01	31	122543	中性盘
14:01:14	39.52	-0.03	11	43472	卖盘
14:01:10	39.55	0.03	5	19775	买盘
14:01:05	39.52	--	5	19760	卖盘
14:00:59	39.52	-0.01	3	11856	卖盘
14:00:55	39.53	-0.05	1	3953	卖盘
14:00:50	39.58	0.03	5	19790	买盘
14:00:40	39.55	0.01	5	19775	买盘
14:00:35	39.54	-0.01	14	55356	买盘
14:00:29	39.55	0.05	7	27684	卖盘
14:00:25	39.5	-0.08	47	185650	卖盘
14:00:20	39.58	0.03	85	336430	买盘
14:00:10	39.55	--	28	110739	中性盘
14:00:05	39.55	--	3	11865	卖盘
13:59:59	39.55	--	18	71190	卖盘
13:59:55	39.55	--	7	27684	卖盘
13:59:50	39.55	0.02	80	316400	买盘
13:59:44	39.53	--	1	3953	卖盘
13:59:40	39.53	--	6	23718	买盘
13:59:35	39.53	0.03	16	63248	买盘
13:59:29	39.5	-0.01	9	35550	卖盘
13:59:25	39.51	-0.02	10	39510	卖盘
13:59:20	39.53	0.03	26	102778	买盘
13:59:14	39.5	--	1	3950	买盘
13:59:10	39.5	-0.05	68	268600	卖盘
13:59:05	39.55	--	0	0	买盘
13:58:59	39.55	0.02	11	43505	买盘
13:58:55	39.53	-0.02	3	11859	卖盘
13:58:44	39.55	0.02	2	7909	买盘
13:58:40	39.53	-0.02	1	3953	中性盘
13:58:35	39.55	0.02	1	3954	买盘
13:58:29	39.53	--	0	0	买盘
13:58:25	39.53	0.03	6	23718	中性盘
13:58:20	39.5	-0.08	201	793950	卖盘
13:58:14	39.58	0.02	10	39580	买盘
13:58:05	39.56	0.01	11	43516	买盘
13:57:55	39.55	-0.01	10	39550	卖盘
13:57:50	39.56	--	1	3956	卖盘
13:57:44	39.56	--	4	15824	买盘
13:57:40	39.56	0.01	2	7912	买盘
13:57:24	39.55	--	30	118649	买盘
13:57:19	39.55	0.01	12	47460	买盘
13:57:14	39.54	-0.01	1	3954	卖盘
13:57:10	39.55	0.01	3	11865	买盘
13:57:04	39.54	-0.01	22	86988	卖盘
13:56:55	39.55	-0.01	67	264985	卖盘
13:56:44	39.56	-0.01	1	3956	卖盘
13:56:29	39.57	--	46	182022	卖盘
13:56:23	39.57	-0.02	5	19785	卖盘
13:56:19	39.59	0.01	16	63344	买盘
13:56:14	39.58	--	9	35622	买盘
13:56:08	39.58	--	5	19790	买盘
13:56:04	39.58	-0.01	22	87076	卖盘
13:55:59	39.59	--	2	7918	买盘
13:55:53	39.59	--	5	19795	买盘
13:55:49	39.59	--	2	7918	买盘
13:55:44	39.59	-0.01	15	59385	卖盘
13:55:38	39.6	0.01	5	19800	买盘
13:55:34	39.59	-0.01	3	11877	卖盘
13:55:29	39.6	--	1	3960	买盘
13:55:23	39.6	--	3	11880	买盘
13:55:19	39.6	--	27	106920	买盘
13:55:14	39.6	-0.01	138	546480	卖盘
13:55:08	39.61	-0.03	20	79220	卖盘
13:55:04	39.64	--	0	0	买盘
13:54:59	39.64	--	2	7928	买盘
13:54:49	39.64	--	33	130812	卖盘
13:54:34	39.64	0.04	5	19820	买盘
13:54:29	39.6	--	10	39600	卖盘
13:54:19	39.6	--	2	7920	买盘
13:54:14	39.6	--	17	67320	卖盘
13:54:08	39.6	--	8	31680	卖盘
13:54:04	39.6	--	35	138600	买盘
13:53:53	39.6	--	2	7920	买盘
13:53:49	39.6	-0.06	58	229680	卖盘
13:53:44	39.66	0.01	18	71388	买盘
13:53:34	39.65	-0.01	10	39650	卖盘
13:53:29	39.66	-0.01	17	67422	卖盘
13:53:19	39.67	--	2	7934	买盘
13:53:14	39.67	-0.03	1	3967	卖盘
13:53:08	39.7	0.03	1	3970	卖盘
13:53:04	39.67	--	1	3967	卖盘
13:52:59	39.67	-0.11	10	39670	卖盘
13:52:53	39.78	0.08	12	47736	买盘
13:52:49	39.7	--	9	35730	买盘
13:52:44	39.7	--	85	337450	买盘
13:52:38	39.7	-0.08	111	440670	卖盘
13:52:34	39.78	-0.02	17	67626	卖盘
13:52:29	39.8	0.02	19	75620	买盘
13:52:23	39.78	--	13	51714	卖盘
13:52:19	39.78	-0.01	30	119340	卖盘
13:52:13	39.79	-0.01	18	71622	卖盘
13:52:04	39.8	0.01	28	111439	买盘
13:51:59	39.79	-0.01	111	441669	卖盘
13:51:53	39.8	--	30	119399	买盘
13:51:49	39.8	0.01	11	43780	买盘
13:51:43	39.79	--	17	67643	卖盘
13:51:38	39.79	--	7	27853	卖盘
13:51:34	39.79	--	9	35811	卖盘
13:51:29	39.79	--	10	39790	买盘
13:51:23	39.79	--	5	19895	买盘
13:51:19	39.79	--	16	63664	买盘
13:51:14	39.79	0.01	22	87538	买盘
13:51:03	39.78	0.02	40	159120	买盘
13:50:58	39.76	0.01	77	306152	买盘
13:50:53	39.75	-0.01	3	11925	卖盘
13:50:49	39.76	0.01	20	79520	买盘
13:50:43	39.75	0.01	24	95400	买盘
13:50:38	39.74	-0.01	7	27818	卖盘
13:50:33	39.75	0.01	24	95400	买盘
13:50:29	39.74	-0.01	11	43714	中性盘
13:50:23	39.75	0.03	68	270300	买盘
13:50:13	39.72	0.02	2	7944	买盘
13:50:08	39.7	-0.01	3	11910	卖盘
13:50:02	39.71	0.01	11	43681	买盘
13:49:58	39.7	--	60	238200	买盘
13:49:53	39.7	0.04	17	67490	买盘
13:49:43	39.66	-0.03	12	47591	卖盘
13:49:38	39.69	0.03	13	51597	买盘
13:49:32	39.66	--	8	31727	买盘
13:49:28	39.66	--	26	103115	买盘
13:49:23	39.66	--	8	31727	买盘
13:49:17	39.66	--	27	107081	买盘
13:49:13	39.66	--	12	47591	买盘
13:49:08	39.66	0.01	2	7931	买盘
13:48:58	39.65	0.01	58	229970	买盘
13:48:53	39.64	--	1	3964	中性盘
13:48:47	39.64	--	1	3964	买盘
13:48:43	39.64	0.04	16	63424	买盘
13:48:32	39.6	--	23	91080	卖盘
13:48:28	39.6	--	28	110880	买盘
13:48:23	39.6	--	11	43560	买盘
13:48:17	39.6	--	11	43560	买盘
13:48:13	39.6	--	7	27720	买盘
13:48:08	39.6	--	139	550440	买盘
13:47:58	39.6	0.01	10	39600	买盘
13:47:53	39.59	-0.01	18	71262	卖盘
13:47:43	39.6	--	16	63360	买盘
13:47:38	39.6	--	16	63360	买盘
13:47:32	39.6	--	1	3960	买盘
13:47:28	39.6	--	25	99000	买盘
13:47:23	39.6	--	5	19800	买盘
13:47:17	39.6	--	20	79200	买盘
13:47:13	39.6	--	23	91080	买盘
13:47:08	39.6	--	4	15840	买盘
13:47:02	39.6	0.01	23	91080	买盘
13:46:53	39.59	0.01	13	51467	买盘
13:46:47	39.58	--	8	31664	卖盘
13:46:38	39.58	--	111	439338	买盘
13:46:32	39.58	--	6	23748	买盘
13:46:23	39.58	0.01	4	15832	买盘
13:46:13	39.57	--	6	23742	卖盘
13:46:08	39.57	--	10	39570	卖盘
13:45:58	39.57	--	15	59355	买盘
13:45:53	39.57	0.01	30	118710	买盘
13:45:43	39.56	--	79	312524	卖盘
13:45:38	39.56	--	4	15824	卖盘
13:45:32	39.56	0.01	28	110768	买盘
13:45:28	39.55	-0.01	26	102829	卖盘
13:45:23	39.56	0.03	1	3956	买盘
13:45:17	39.53	-0.02	23	90919	卖盘
13:45:13	39.55	--	2	7909	卖盘
13:45:08	39.55	0.01	6	23730	买盘
13:45:02	39.54	-0.01	1	3954	中性盘
13:44:58	39.55	--	1	3954	买盘
13:44:52	39.55	--	21	83055	买盘
13:44:47	39.55	0.02	10	39550	买盘
13:44:42	39.53	-0.01	23	90919	卖盘
13:44:37	39.54	-0.01	7	27678	卖盘
13:44:32	39.55	--	49	193795	买盘
13:44:28	39.55	--	18	71190	买盘
13:44:23	39.55	--	2	7909	买盘
13:44:17	39.55	--	9	35595	买盘
13:44:11	39.55	0.01	47	185885	买盘
13:44:07	39.54	--	28	110712	买盘
13:43:56	39.54	0.01	10	39540	买盘
13:43:52	39.53	--	3	11859	卖盘
13:43:47	39.53	0.01	13	51389	买盘
13:43:42	39.52	--	2	7904	买盘
13:43:37	39.52	-0.01	10	39520	卖盘
13:43:32	39.53	0.01	3	11859	买盘
13:43:26	39.52	--	1	3952	中性盘
13:43:22	39.52	--	25	98800	买盘
13:43:17	39.52	0.01	1	3952	买盘
13:43:11	39.51	--	0	0	中性盘
13:43:07	39.51	--	20	79020	中性盘
13:43:02	39.51	0.02	1	3951	买盘
13:42:52	39.49	-0.02	82	323818	卖盘
13:42:47	39.51	-0.02	9	35559	卖盘
13:42:41	39.53	0.03	5	19765	买盘
13:42:37	39.5	--	1	3950	买盘
13:42:32	39.5	-0.01	49	193550	卖盘
13:42:17	39.51	0.01	30	118530	买盘
13:42:07	39.5	--	4	15800	买盘
13:42:02	39.5	0.01	5	19750	买盘
13:41:56	39.49	-0.01	1	3949	卖盘
13:41:52	39.5	--	6	23700	买盘
13:41:47	39.5	--	8	31600	买盘
13:41:41	39.5	--	21	82950	买盘
13:41:37	39.5	--	17	67150	中性盘
13:41:32	39.5	-0.01	21	82950	卖盘
13:41:22	39.51	--	5	19755	买盘
13:41:11	39.51	-0.03	5	19755	卖盘
13:41:07	39.54	0.06	6	23724	买盘
13:40:56	39.48	--	0	0	卖盘
13:40:52	39.48	--	0	0	卖盘
13:40:47	39.48	-0.01	13	51323	卖盘
13:40:41	39.49	-0.01	11	43439	中性盘
13:40:37	39.5	--	30	118500	买盘
13:40:32	39.5	--	61	240950	买盘
13:40:22	39.5	0.02	74	292300	买盘
13:40:17	39.48	-0.02	20	78960	卖盘
13:40:02	39.5	--	20	79000	买盘
13:39:56	39.5	--	2	7900	买盘
13:39:52	39.5	--	19	75050	买盘
13:39:47	39.5	0.02	13	51350	买盘
13:39:41	39.48	-0.02	12	47375	卖盘
13:39:37	39.5	--	25	98750	买盘
13:39:31	39.5	--	1	3950	买盘
13:39:26	39.5	--	1	3950	买盘
13:39:22	39.5	--	19	75050	买盘
13:39:16	39.5	--	12	47400	买盘
13:39:11	39.5	--	20	79000	买盘
13:39:07	39.5	0.04	75	296250	买盘
13:39:01	39.46	--	18	71028	卖盘
13:38:51	39.46	--	5	19730	卖盘
13:38:46	39.46	-0.04	8	31568	卖盘
13:38:37	39.5	--	44	173800	买盘
13:38:31	39.5	--	10	39500	卖盘
13:38:26	39.5	--	26	102700	买盘
13:38:21	39.5	--	15	59250	买盘
13:38:16	39.5	--	4	15800	买盘
13:38:11	39.5	0.1	3	11850	买盘
13:38:06	39.4	-0.13	92	362480	卖盘
13:38:01	39.53	0.03	15	59295	买盘
13:37:51	39.5	--	8	31600	卖盘
13:37:46	39.5	--	20	79000	卖盘
13:37:31	39.5	-0.01	10	39500	卖盘
13:37:21	39.51	0.01	22	86922	中性盘
13:37:16	39.5	--	19	75050	卖盘
13:37:11	39.5	--	68	268600	卖盘
13:37:05	39.5	--	26	102700	卖盘
13:37:01	39.5	-0.01	19	75050	卖盘
13:36:56	39.51	0.01	2	7902	中性盘
13:36:50	39.5	--	10	39500	卖盘
13:36:46	39.5	-0.05	31	122450	卖盘
13:36:41	39.55	0.05	7	27684	买盘
13:36:31	39.5	--	30	118500	卖盘
13:36:26	39.5	-0.03	11	43450	卖盘
13:36:20	39.53	0.03	21	83013	买盘
13:36:16	39.5	--	21	82950	卖盘
13:36:11	39.5	-0.03	40	158000	卖盘
13:36:01	39.53	-0.03	6	23718	卖盘
13:35:56	39.56	0.03	5	19780	买盘
13:35:46	39.53	-0.04	98	387394	卖盘
13:35:41	39.57	--	1	3957	买盘
13:35:35	39.57	--	6	23742	买盘
13:35:31	39.57	-0.01	18	71226	卖盘
13:35:20	39.58	--	2	7916	卖盘
13:35:16	39.58	0.01	8	31664	中性盘
13:35:11	39.57	-0.01	11	43527	卖盘
13:35:05	39.58	--	4	15832	买盘
13:35:01	39.58	-0.01	12	47496	买盘
13:34:56	39.59	--	43	170237	买盘
13:34:50	39.59	0.01	40	158360	买盘
13:34:46	39.58	-0.01	1	3958	卖盘
13:34:41	39.59	--	19	75221	买盘
13:34:35	39.59	--	3	11877	买盘
13:34:31	39.59	--	11	43549	买盘
13:34:26	39.59	--	19	75221	买盘
13:34:20	39.59	--	10	39590	买盘
13:34:16	39.59	--	4	15836	买盘
13:34:11	39.59	0.02	23	91057	买盘
13:34:01	39.57	-0.01	29	114753	卖盘
13:33:56	39.58	-0.01	15	59370	中性盘
13:33:50	39.59	0.02	3	11877	买盘
13:33:46	39.57	-0.02	1	3957	中性盘
13:33:41	39.59	--	2	7918	买盘
13:33:35	39.59	0.03	38	150442	买盘
13:33:31	39.56	--	0	0	中性盘
13:33:25	39.56	0.01	5	19780	买盘
13:33:16	39.55	--	3	11865	买盘
13:33:11	39.55	0.01	14	55369	买盘
13:33:01	39.54	--	8	31632	卖盘
13:32:56	39.54	0.01	8	31632	买盘
13:32:50	39.53	-0.01	3	11859	卖盘
13:32:46	39.54	0.01	4	15816	买盘
13:32:40	39.53	-0.01	7	27671	卖盘
13:32:35	39.54	0.01	6	23724	买盘
13:32:31	39.53	--	15	59295	卖盘
13:32:25	39.53	--	20	80720	买盘
13:32:20	39.53	--	31	122543	买盘
13:32:10	39.53	0.01	10	39530	买盘
13:32:05	39.52	--	5	19760	卖盘
13:32:01	39.52	-0.01	2	7904	卖盘
13:31:55	39.53	--	22	86966	买盘
13:31:50	39.53	0.01	1	3953	买盘
13:31:45	39.52	0.01	19	75088	中性盘
13:31:40	39.51	-0.02	3	11853	卖盘
13:31:35	39.53	--	14	55342	买盘
13:31:25	39.53	--	8	31624	买盘
13:31:20	39.53	--	10	39530	买盘
13:31:14	39.53	0.02	2	7906	买盘
13:31:10	39.51	-0.02	55	217305	卖盘
13:31:05	39.53	--	0	0	买盘
13:31:00	39.53	0.01	1	3953	买盘
13:30:55	39.52	-0.01	12	47424	卖盘
13:30:50	39.53	0.01	19	75107	买盘
13:30:44	39.52	--	2	7904	卖盘
13:30:40	39.52	--	6	23712	卖盘
13:30:35	39.52	--	23	90896	卖盘
13:30:29	39.52	0.01	4	15808	买盘
13:30:25	39.51	--	20	79020	卖盘
13:30:14	39.51	--	1	3951	卖盘
13:30:10	39.51	0.01	22	86922	买盘
13:30:05	39.5	--	20	79000	卖盘
13:29:55	39.5	0.01	38	150100	买盘
13:29:50	39.49	--	12	47388	买盘
13:29:44	39.49	--	9	35541	买盘
13:29:40	39.49	--	32	126368	买盘
13:29:35	39.49	-0.04	23	90827	买盘
13:29:25	39.53	--	0	0	买盘
13:29:20	39.53	0.23	9	35577	买盘
13:29:14	39.3	-0.23	91	357630	卖盘
13:29:10	39.53	0.15	2	7906	买盘
13:29:05	39.38	-0.15	96	378048	卖盘
13:28:59	39.53	--	0	0	买盘
13:28:55	39.53	0.05	19	75107	买盘
13:28:50	39.48	-0.05	5	19740	卖盘
13:28:44	39.53	--	0	0	买盘
13:28:40	39.53	--	0	0	买盘
13:28:35	39.53	0.13	45	177885	买盘
13:28:29	39.4	--	27	106380	卖盘
13:28:25	39.4	0.03	26	103306	买盘
13:28:20	39.37	--	22	89684	卖盘
13:28:14	39.37	-0.01	6	23622	卖盘
13:28:10	39.38	0.01	3	11814	中性盘
13:28:05	39.37	0.06	174	685038	买盘
13:27:59	39.31	-0.06	98	385238	卖盘
13:27:55	39.37	-0.02	9	35433	卖盘
13:27:50	39.39	--	4	15756	中性盘
13:27:44	39.39	--	5	19695	买盘
13:27:40	39.39	0.01	45	177255	中性盘
13:27:35	39.38	-0.01	54	212652	卖盘
13:27:29	39.39	-0.12	56	220584	卖盘
13:27:24	39.51	--	13	52232	买盘
13:27:19	39.51	-0.02	118	466218	卖盘
13:27:14	39.53	0.02	4	15812	买盘
13:27:09	39.51	0.01	34	134334	买盘
13:27:05	39.5	-0.01	9	35550	卖盘
13:26:55	39.51	--	101	399051	卖盘
13:26:49	39.51	--	38	150138	卖盘
13:26:40	39.51	-0.02	11	43461	卖盘
13:26:34	39.53	0.02	10	39530	买盘
13:26:29	39.51	-0.02	40	158040	卖盘
13:26:25	39.53	0.02	3	11859	买盘
13:26:19	39.51	-0.02	57	225207	卖盘
13:26:14	39.53	--	2	7906	卖盘
13:26:09	39.53	0.02	25	98825	中性盘
13:26:04	39.51	--	17	67167	卖盘
13:25:54	39.51	-0.03	10	39510	卖盘
13:25:49	39.54	--	4	15816	买盘
13:25:44	39.54	0.04	3	11862	买盘
13:25:39	39.5	-0.04	17	67150	卖盘
13:25:34	39.54	0.04	32	126528	买盘
13:25:29	39.5	-0.07	14	55300	卖盘
13:25:25	39.57	--	13	51441	买盘
13:25:19	39.57	0.02	47	185979	买盘
13:25:09	39.55	-0.03	53	209614	卖盘
13:25:04	39.58	-0.02	4	15832	卖盘
13:24:54	39.6	--	23	91080	买盘
13:24:49	39.6	-0.05	70	277200	卖盘
13:24:39	39.65	--	12	47580	买盘
13:24:34	39.65	-0.01	17	67405	卖盘
13:24:23	39.66	--	1	3965	买盘
13:24:19	39.66	--	52	206231	卖盘
13:24:14	39.66	-0.04	3	11897	卖盘
13:24:04	39.7	0.02	20	79400	买盘
13:23:59	39.68	--	6	23808	卖盘
13:23:53	39.68	-0.02	73	289664	卖盘
13:23:49	39.7	-0.02	80	317600	卖盘
13:23:44	39.72	0.02	3	11916	中性盘
13:23:38	39.7	-0.05	25	99250	卖盘
13:23:34	39.75	--	31	123225	买盘
13:23:29	39.75	--	14	55650	买盘
13:23:19	39.75	--	1	3975	买盘
13:23:14	39.75	--	91	361725	卖盘
13:23:08	39.75	-0.01	1	3975	卖盘
13:23:04	39.76	0.01	13	51688	买盘
13:22:59	39.75	--	16	63600	买盘
13:22:49	39.75	--	9	35775	买盘
13:22:44	39.75	--	13	51675	买盘
13:22:38	39.75	-0.01	1	3975	买盘
13:22:34	39.76	--	2	7952	买盘
13:22:29	39.76	-0.02	9	35784	买盘
13:22:23	39.78	--	0	0	买盘
13:22:19	39.78	-0.02	17	67626	卖盘
13:22:14	39.8	0.01	10	39800	买盘
13:22:04	39.79	0.09	28	111412	买盘
13:21:59	39.7	-0.1	189	750330	卖盘
13:21:53	39.8	--	6	23880	买盘
13:21:49	39.8	0.01	54	214919	买盘
13:21:44	39.79	-0.01	1	3979	买盘
13:21:38	39.8	--	4	15919	买盘
13:21:34	39.8	--	5	19900	买盘
13:21:29	39.8	--	55	218899	买盘
13:21:23	39.8	--	6	23880	买盘
13:21:19	39.8	--	89	354220	卖盘
13:21:14	39.8	--	12	47760	卖盘
13:21:08	39.8	--	1	3979	卖盘
13:21:04	39.8	--	5	19900	卖盘
13:20:59	39.8	--	21	83580	买盘
13:20:53	39.8	--	21	83580	买盘
13:20:49	39.8	0.01	10	39800	买盘
13:20:44	39.79	0.01	1	3979	中性盘
13:20:38	39.78	-0.02	1	3978	卖盘
13:20:33	39.8	0.05	9	35820	买盘
13:20:29	39.75	--	3	11925	卖盘
13:20:23	39.75	--	54	214650	买盘
13:20:19	39.75	0.01	27	107325	买盘
13:20:14	39.74	-0.01	15	59610	卖盘
13:20:03	39.75	--	24	95400	买盘
13:19:58	39.75	--	0	0	买盘
13:19:48	39.75	0.02	14	55650	买盘
13:19:43	39.73	0.02	9	35757	买盘
13:19:34	39.71	--	25	99275	买盘
13:19:28	39.71	0.01	1	3971	买盘
13:19:23	39.7	--	7	27790	买盘
13:19:19	39.7	0.02	10	39700	买盘
13:19:13	39.68	-0.02	9	35712	卖盘
13:19:08	39.7	0.02	2	7940	买盘
13:19:03	39.68	-0.02	1	3968	卖盘
13:18:53	39.7	0.02	20	79400	买盘
13:18:48	39.68	--	8	31744	买盘
13:18:43	39.68	0.02	2	7936	买盘
13:18:38	39.66	0.01	7	27761	卖盘
13:18:33	39.65	-0.02	15	59475	卖盘
13:18:28	39.67	0.01	5	19835	买盘
13:18:23	39.66	--	1	3965	卖盘
13:18:18	39.66	--	5	19830	买盘
13:18:13	39.66	0.01	41	162606	买盘
13:18:08	39.65	-0.01	2	7930	卖盘
13:18:03	39.66	--	5	19830	买盘
13:17:58	39.66	--	39	154674	买盘
13:17:48	39.66	-0.02	42	166572	卖盘
13:17:43	39.68	--	28	111104	买盘
13:17:38	39.68	--	4	15872	买盘
13:17:32	39.68	--	1	3968	买盘
13:17:28	39.68	--	8	31744	买盘
13:17:23	39.68	-0.03	8	31744	卖盘
13:17:17	39.71	0.02	3	11913	买盘
13:17:13	39.69	-0.05	3	11907	买盘
13:17:08	39.74	0.06	16	63584	买盘
13:17:02	39.68	-0.02	8	31744	卖盘
13:16:58	39.7	--	14	55580	中性盘
13:16:53	39.7	0.02	24	95280	买盘
13:16:43	39.68	-0.02	9	35712	卖盘
13:16:38	39.7	--	18	71460	买盘
13:16:28	39.7	-0.05	36	142920	卖盘
13:16:23	39.75	0.05	76	302100	买盘
13:16:17	39.7	-0.05	12	47640	卖盘
13:16:13	39.75	0.05	16	63600	买盘
13:16:08	39.7	--	34	134980	卖盘
13:16:02	39.7	-0.05	8	31760	卖盘
13:15:58	39.75	--	2	7950	买盘
13:15:53	39.75	0.05	1	3975	中性盘
13:15:47	39.7	-0.07	1	3970	卖盘
13:15:43	39.77	-0.03	8	31816	买盘
13:15:32	39.8	0.09	5	19900	买盘
13:15:28	39.71	-0.09	150	596960	卖盘
13:15:23	39.8	--	23	91540	买盘
13:15:13	39.8	--	9	35820	卖盘
13:15:08	39.8	-0.01	21	83580	卖盘
13:15:02	39.81	--	2	7962	买盘
13:14:53	39.81	--	32	127392	卖盘
13:14:47	39.81	--	23	91563	卖盘
13:14:43	39.81	--	6	23886	卖盘
13:14:38	39.81	--	70	278670	买盘
13:14:28	39.81	--	22	87582	买盘
13:14:23	39.81	-0.01	14	55734	卖盘
13:14:17	39.82	0.01	22	87604	买盘
13:14:13	39.81	--	34	135354	卖盘
13:14:08	39.81	-0.01	21	83601	卖盘
13:14:02	39.82	0.01	8	31856	卖盘
13:13:57	39.81	--	9	35829	卖盘
13:13:53	39.81	-0.04	12	47772	卖盘
13:13:47	39.85	--	15	59775	卖盘
13:13:42	39.85	-0.02	26	103610	卖盘
13:13:32	39.87	-0.01	10	39870	卖盘
13:13:28	39.88	-0.01	30	119640	卖盘
13:13:22	39.89	--	19	75791	卖盘
13:13:17	39.89	-0.01	21	83769	卖盘
13:13:12	39.9	--	4	15960	买盘
13:13:07	39.9	--	20	79800	卖盘
13:13:02	39.9	-0.02	10	39900	卖盘
13:12:57	39.92	--	61	243512	买盘
13:12:52	39.92	-0.04	59	235528	卖盘
13:12:47	39.96	--	22	87912	卖盘
13:12:42	39.96	--	38	151848	卖盘
13:12:37	39.96	-0.01	19	75924	卖盘
13:12:32	39.97	-0.01	38	151886	卖盘
13:12:27	39.98	--	118	471763	买盘
13:12:22	39.98	-0.01	51	203897	中性盘
13:12:17	39.99	--	107	427893	买盘
13:12:12	39.99	0.01	20	79980	买盘
13:12:07	39.98	-0.01	52	207895	卖盘
13:12:02	39.99	0.01	57	227943	买盘
13:11:57	39.98	--	110	439779	卖盘
13:11:52	39.98	--	49	195901	买盘
13:11:47	39.98	--	106	423787	买盘
13:11:42	39.98	--	12	47975	买盘
13:11:37	39.98	0.02	72	287856	买盘
13:11:32	39.96	--	20	79920	卖盘
13:11:27	39.96	-0.01	17	67932	卖盘
13:11:22	39.97	0.05	57	227829	买盘
13:11:17	39.92	-0.03	40	159680	卖盘
13:11:11	39.95	0.02	97	387515	买盘
13:11:07	39.93	--	15	59895	买盘
13:11:02	39.93	0.01	14	55902	买盘
13:10:56	39.92	0.02	51	203592	买盘
13:10:52	39.9	--	17	67830	卖盘
13:10:47	39.9	0.01	20	79800	买盘
13:10:41	39.89	-0.01	14	55846	卖盘
13:10:37	39.9	0.01	86	343140	买盘
13:10:32	39.89	--	14	55846	买盘
13:10:26	39.89	0.01	32	127648	买盘
13:10:22	39.88	0.03	8	31904	卖盘
13:10:17	39.85	-0.02	8	31880	卖盘
13:10:11	39.87	0.01	8	31895	中性盘
13:10:07	39.86	0.01	74	294964	买盘
13:10:02	39.85	0.03	2	7970	买盘
13:09:52	39.82	0.02	65	261497	买盘
13:09:47	39.8	0.01	25	99500	买盘
13:09:41	39.79	--	10	39790	卖盘
13:09:37	39.79	0.02	42	167118	中性盘
13:09:32	39.77	--	81	322137	买盘
13:09:26	39.77	--	8	31816	买盘
13:09:22	39.77	--	38	151126	买盘
13:09:17	39.77	0.01	5	19885	买盘
13:09:11	39.76	0.01	42	166992	买盘
13:09:07	39.75	-0.01	25	99375	卖盘
13:09:02	39.76	0.01	16	63616	买盘
13:08:56	39.75	0.03	4	15900	买盘
13:08:52	39.72	-0.03	28	111216	卖盘
13:08:47	39.75	0.03	25	99375	买盘
13:08:41	39.72	0.02	35	139020	买盘
13:08:32	39.7	--	15	59550	卖盘
13:08:26	39.7	--	48	190560	卖盘
13:08:22	39.7	--	25	99250	买盘
13:08:17	39.7	0.02	25	99250	买盘
13:08:11	39.68	-0.01	73	289664	卖盘
13:08:07	39.69	0.01	24	95256	中性盘
13:08:02	39.68	0.02	67	265856	买盘
13:07:56	39.66	-0.02	10	39660	卖盘
13:07:52	39.68	0.02	17	67456	买盘
13:07:47	39.66	-0.01	56	222095	卖盘
13:07:41	39.67	-0.03	10	39670	卖盘
13:07:37	39.7	0.02	49	194530	买盘
13:07:32	39.68	0.01	62	246016	买盘
13:07:26	39.67	--	62	245954	卖盘
13:07:22	39.67	--	14	55538	买盘
13:07:17	39.67	--	3	11901	买盘
13:07:11	39.67	0.01	1	3967	买盘
13:07:06	39.66	0.01	12	47591	买盘
13:07:02	39.65	0.01	26	103090	买盘
13:06:56	39.64	-0.01	9	35676	买盘
13:06:52	39.65	0.03	115	455975	买盘
13:06:41	39.62	0.01	3	11886	买盘
13:06:36	39.61	0.01	24	95064	中性盘
13:06:25	39.6	--	6	23760	卖盘
13:06:21	39.6	0.05	159	629640	买盘
13:06:16	39.55	--	15	59324	卖盘
13:06:11	39.55	0.01	35	138425	买盘
13:06:06	39.54	-0.01	51	201654	卖盘
13:06:01	39.55	--	27	106784	买盘
13:05:56	39.55	--	2	7909	买盘
13:05:51	39.55	0.02	31	122604	买盘
13:05:46	39.53	--	3	11859	买盘
13:05:41	39.53	0.02	3	11859	买盘
13:05:36	39.51	0.02	23	90873	买盘
13:05:31	39.49	-0.01	1	3949	卖盘
13:05:26	39.5	--	2	7900	买盘
13:05:21	39.5	0.02	32	126400	买盘
13:05:16	39.48	--	5	19740	买盘
13:05:11	39.48	0.02	9	35532	买盘
13:05:06	39.46	0.01	40	157840	买盘
13:05:01	39.45	--	25	98625	买盘
13:04:56	39.45	--	12	47340	买盘
13:04:51	39.45	--	8	31560	卖盘
13:04:46	39.45	--	2	7890	卖盘
13:04:41	39.45	--	11	43395	买盘
13:04:31	39.45	0.01	8	31560	买盘
13:04:26	39.44	-0.01	5	19720	中性盘
13:04:16	39.45	0.01	11	43395	买盘
13:04:11	39.44	--	10	39440	卖盘
13:04:05	39.44	--	9	35496	卖盘
13:03:56	39.44	0.01	24	94656	买盘
13:03:50	39.43	--	3	11829	买盘
13:03:46	39.43	--	4	15772	买盘
13:03:31	39.43	--	6	23658	买盘
13:03:26	39.43	--	22	86746	买盘
13:03:16	39.43	-0.01	15	59145	卖盘
13:03:11	39.44	0.01	13	51272	买盘
13:03:05	39.43	--	3	11829	卖盘
13:03:01	39.43	0.01	2	7886	买盘
13:02:56	39.42	--	149	587358	买盘
13:02:50	39.42	--	6	23652	买盘
13:02:46	39.42	--	3	11826	买盘
13:02:41	39.42	--	18	70956	卖盘
13:02:31	39.42	--	2	7884	卖盘
13:02:26	39.42	--	11	43362	买盘
13:02:20	39.42	-0.01	19	74898	卖盘
13:02:16	39.43	0.01	7	27601	买盘
13:02:05	39.42	-0.02	1	3942	卖盘
13:02:01	39.44	--	0	0	买盘
13:01:56	39.44	0.02	22	86768	买盘
13:01:50	39.42	-0.02	58	228636	卖盘
13:01:46	39.44	--	8	31552	买盘
13:01:41	39.44	--	2	7888	买盘
13:01:31	39.44	0.01	2	7888	买盘
13:01:26	39.43	--	5	19715	中性盘
13:01:20	39.43	-0.01	5	19715	卖盘
13:01:16	39.44	--	3	11832	买盘
13:01:11	39.44	--	1	3944	买盘
13:01:01	39.44	0.01	26	102544	买盘
13:00:55	39.43	-0.01	5	19715	中性盘
13:00:50	39.44	--	4	15776	买盘
13:00:46	39.44	--	5	19720	买盘
13:00:41	39.44	0.02	24	94656	买盘
13:00:35	39.42	-0.01	20	78840	卖盘
13:00:30	39.43	--	2	7886	中性盘
13:00:26	39.43	--	2	7886	卖盘
13:00:20	39.43	0.01	7	27601	买盘
13:00:15	39.42	--	17	67014	卖盘
13:00:11	39.42	--	109	429678	卖盘
13:00:05	39.42	--	85	335070	买盘
11:30:00	39.42	--	0	0	买盘
11:29:59	39.42	--	0	0	买盘
11:29:59	39.42	--	1	3942	买盘
11:29:51	39.42	--	9	35478	买盘
11:29:46	39.42	0.02	12	47304	买盘
11:29:40	39.4	--	1	3940	卖盘
11:29:37	39.4	-0.02	14	55160	卖盘
11:29:31	39.42	0.02	18	70956	买盘
11:29:25	39.4	0.1	2	7880	中性盘
11:29:21	39.3	-0.1	100	393000	卖盘
11:29:16	39.4	--	28	110320	买盘
11:29:10	39.4	0.01	4	15760	买盘
11:29:07	39.39	0.03	3	11817	买盘
11:29:01	39.36	-0.03	11	43296	卖盘
11:28:55	39.39	-0.01	8	31512	卖盘
11:28:51	39.4	--	38	149720	买盘
11:28:46	39.4	--	10	39400	买盘
11:28:40	39.4	--	4	15760	买盘
11:28:36	39.4	--	11	43340	买盘
11:28:31	39.4	-0.03	6	23640	卖盘
11:28:25	39.43	0.03	3	11829	买盘
11:28:21	39.4	--	5	19700	卖盘
11:28:16	39.4	--	14	55160	卖盘
11:28:10	39.4	--	1	3940	卖盘
11:27:55	39.4	--	0	0	中性盘
11:27:51	39.4	--	13	51220	买盘
11:27:40	39.4	-0.01	5	19700	买盘
11:27:36	39.41	0.02	10	39410	卖盘
11:27:31	39.39	--	49	193011	卖盘
11:27:25	39.39	0.01	10	39390	买盘
11:27:21	39.38	-0.01	91	358358	卖盘
11:27:16	39.39	--	3	11817	卖盘
11:27:06	39.39	-0.01	22	86658	卖盘
11:27:01	39.4	--	12	47280	买盘
11:26:55	39.4	0.01	8	31520	买盘
11:26:51	39.39	-0.01	2	7878	卖盘
11:26:46	39.4	0.01	3	11820	买盘
11:26:40	39.39	0.01	1	3939	卖盘
11:26:36	39.38	-0.01	31	122078	卖盘
11:26:31	39.39	--	28	110292	买盘
11:26:25	39.39	--	20	78780	买盘
11:26:21	39.39	--	21	82719	买盘
11:26:16	39.39	--	27	106353	买盘
11:26:10	39.39	0.01	37	145743	买盘
11:26:06	39.38	--	19	74822	买盘
11:26:01	39.38	--	2	7876	买盘
11:25:55	39.38	0.01	1	3938	买盘
11:25:51	39.37	0.01	8	31495	买盘
11:25:46	39.36	0.01	18	70848	买盘
11:25:40	39.35	--	1	3935	卖盘
11:25:36	39.35	--	10	39350	卖盘
11:25:31	39.35	--	36	141660	买盘
11:25:25	39.35	0.01	4	15740	买盘
11:25:21	39.34	0.01	9	35406	中性盘
11:25:16	39.33	--	22	86526	卖盘
11:25:10	39.33	-0.01	16	62928	卖盘
11:25:06	39.34	0.01	2	7868	买盘
11:25:01	39.33	--	71	279243	卖盘
11:24:55	39.33	--	30	117990	买盘
11:24:51	39.33	--	10	39330	买盘
11:24:46	39.33	-0.01	28	110124	买盘
11:24:40	39.34	--	2	7868	卖盘
11:24:36	39.34	--	13	51142	买盘
11:24:31	39.34	--	18	70812	买盘
11:24:21	39.34	0.01	5	19670	买盘
11:24:16	39.33	-0.01	4	15732	中性盘
11:24:10	39.34	--	13	51142	买盘
11:24:05	39.34	0.01	19	74746	买盘
11:24:01	39.33	-0.01	15	58995	卖盘
11:23:55	39.34	0.01	40	157360	买盘
11:23:51	39.33	--	13	51129	卖盘
11:23:46	39.33	0.01	54	212382	买盘
11:23:40	39.32	--	22	86504	卖盘
11:23:34	39.32	-0.01	5	19660	卖盘
11:23:25	39.33	--	9	35397	卖盘
11:23:19	39.33	--	6	23598	卖盘
11:23:16	39.33	--	12	47196	卖盘
11:23:10	39.33	-0.03	46	180918	卖盘
11:23:04	39.36	0.01	6	23616	买盘
11:23:00	39.35	-0.01	39	153465	卖盘
11:22:55	39.36	--	19	74784	买盘
11:22:49	39.36	--	6	23616	卖盘
11:22:46	39.36	-0.02	31	122016	卖盘
11:22:40	39.38	-0.01	5	19690	卖盘
11:22:34	39.39	--	3	11817	买盘
11:22:31	39.39	--	1	3939	卖盘
11:22:25	39.39	-0.01	35	137865	卖盘
11:22:10	39.4	--	172	677680	卖盘
11:22:04	39.4	--	3	11820	卖盘
11:22:00	39.4	-0.01	27	106380	卖盘
11:21:55	39.41	-0.03	24	94583	卖盘
11:21:49	39.44	--	70	276080	买盘
11:21:45	39.44	-0.01	124	489056	卖盘
11:21:40	39.45	0.01	14	55230	买盘
11:21:34	39.44	-0.01	31	122264	卖盘
11:21:30	39.45	--	27	106515	买盘
11:21:25	39.45	--	38	149910	卖盘
11:21:19	39.45	--	17	67065	买盘
11:21:15	39.45	--	14	55230	卖盘
11:21:10	39.45	-0.01	15	59175	卖盘
11:21:00	39.46	--	0	0	中性盘
11:20:55	39.46	-0.04	33	130218	卖盘
11:20:49	39.5	--	6	23700	卖盘
11:20:45	39.5	0.05	80	316000	买盘
11:20:40	39.45	--	44	173580	买盘
11:20:34	39.45	-0.04	20	78900	卖盘
11:20:30	39.49	0.03	35	138215	买盘
11:20:25	39.46	--	15	59190	中性盘
11:20:15	39.46	--	14	55244	买盘
11:20:10	39.46	-0.04	119	469574	卖盘
11:20:04	39.5	--	14	55300	买盘
11:20:00	39.5	0.01	16	63200	买盘
11:19:55	39.49	-0.06	24	94776	卖盘
11:19:49	39.55	--	5	19775	买盘
11:19:45	39.55	0.05	123	486464	买盘
11:19:40	39.5	-0.07	380	1501000	卖盘
11:19:30	39.57	-0.01	74	292818	中性盘
11:19:25	39.58	0.01	18	71244	买盘
11:19:19	39.57	0.04	18	71226	卖盘
11:19:15	39.53	-0.05	110	434830	卖盘
11:19:10	39.58	0.03	24	94992	买盘
11:19:04	39.55	--	30	118649	卖盘
11:19:00	39.55	--	125	494374	卖盘
11:18:55	39.55	0.02	56	221479	买盘
11:18:49	39.53	-0.02	12	47436	卖盘
11:18:45	39.55	0.02	8	31639	买盘
11:18:40	39.53	--	52	205556	买盘
11:18:34	39.53	0.01	1	3953	买盘
11:18:30	39.52	--	10	39520	卖盘
11:18:25	39.52	--	7	27664	买盘
11:18:19	39.52	0.02	6	23712	买盘
11:18:15	39.5	--	43	169850	买盘
11:18:10	39.5	--	10	39500	买盘
11:18:04	39.5	--	7	27650	买盘
11:18:00	39.5	0.01	151	596450	买盘
11:17:55	39.49	--	29	114521	买盘
11:17:49	39.49	--	9	35541	买盘
11:17:44	39.49	0.04	22	86878	买盘
11:17:40	39.45	-0.03	7	27615	卖盘
11:17:34	39.48	0.03	5	19740	买盘
11:17:29	39.45	--	34	134130	买盘
11:17:25	39.45	--	2	7890	买盘
11:17:19	39.45	0.01	2	7890	买盘
11:17:13	39.44	0.01	24	94656	买盘
11:17:10	39.43	-0.01	23	90689	中性盘
11:17:04	39.44	0.01	56	220864	买盘
11:16:55	39.43	0.01	2	7886	买盘
11:16:49	39.42	0.02	18	70956	买盘
11:16:43	39.4	--	13	51220	卖盘
11:16:39	39.4	--	50	197000	卖盘
11:16:34	39.4	--	17	66980	买盘
11:16:25	39.4	--	6	23640	买盘
11:16:19	39.4	0.02	10	39400	买盘
11:16:13	39.38	-0.01	9	35442	卖盘
11:16:09	39.39	0.01	41	161499	买盘
11:15:58	39.38	0.03	8	31504	买盘
11:15:49	39.35	--	15	59025	卖盘
11:15:39	39.35	--	1	3935	卖盘
11:15:34	39.35	0.02	3	11805	买盘
11:15:28	39.33	-0.02	5	19665	卖盘
11:15:24	39.35	0.02	10	39350	买盘
11:15:19	39.33	--	14	55062	买盘
11:15:13	39.33	0.02	1	3933	买盘
11:15:09	39.31	--	0	0	卖盘
11:15:04	39.31	-0.01	10	39310	卖盘
11:14:58	39.32	0.02	1	3932	买盘
11:14:54	39.3	--	11	43230	卖盘
11:14:49	39.3	-0.02	9	35370	卖盘
11:14:43	39.32	0.02	5	19660	买盘
11:14:34	39.3	--	42	168636	买盘
11:14:28	39.3	--	23	90390	买盘
11:14:24	39.3	0.02	19	74670	买盘
11:14:19	39.28	-0.02	4	15712	中性盘
11:14:13	39.3	0.02	20	78600	买盘
11:14:09	39.28	-0.01	96	377088	卖盘
11:14:04	39.29	--	4	15716	卖盘
11:13:58	39.29	--	0	0	中性盘
11:13:54	39.29	-0.01	6	23574	买盘
11:13:49	39.3	0.01	6	23580	买盘
11:13:43	39.29	-0.01	15	58935	卖盘
11:13:39	39.3	--	7	27509	买盘
11:13:34	39.3	0.01	13	51089	买盘
11:13:28	39.29	--	3	11787	中性盘
11:13:24	39.29	--	9	35361	卖盘
11:13:13	39.29	0.01	1	3929	买盘
11:13:09	39.28	-0.01	53	208184	卖盘
11:13:04	39.29	0.01	2	7858	买盘
11:12:58	39.28	--	5	19640	买盘
11:12:54	39.28	--	15	58920	买盘
11:12:49	39.28	0.02	22	86416	买盘
11:12:43	39.26	-0.02	19	74594	卖盘
11:12:39	39.28	--	8	31424	买盘
11:12:34	39.28	0.02	12	47136	买盘
11:12:28	39.26	-0.02	6	23556	卖盘
11:12:24	39.28	0.01	42	164976	买盘
11:12:19	39.27	-0.01	4	15708	卖盘
11:12:13	39.28	--	13	51064	买盘
11:12:09	39.28	--	8	31424	买盘
11:12:04	39.28	-0.02	32	125696	卖盘
11:11:58	39.3	--	41	161130	买盘
11:11:54	39.3	0.01	23	90390	买盘
11:11:49	39.29	--	1	3929	买盘
11:11:43	39.29	0.01	9	35361	买盘
11:11:39	39.28	-0.02	14	54992	卖盘
11:11:34	39.3	--	1	3929	买盘
11:11:28	39.3	--	10	39300	买盘
11:11:24	39.3	--	18	70740	买盘
11:11:19	39.3	0.02	36	141480	买盘
11:11:13	39.28	--	43	168904	卖盘
11:11:07	39.28	-0.02	6	23568	卖盘
11:11:04	39.3	0.02	7	27509	买盘
11:10:58	39.28	--	11	43208	买盘
11:10:52	39.28	0.05	19	74632	买盘
11:10:49	39.23	-0.02	41	160843	卖盘
11:10:37	39.25	0.03	2	7850	买盘
11:10:34	39.22	--	38	149036	卖盘
11:10:28	39.22	--	2	7844	卖盘
11:10:22	39.22	--	24	94128	买盘
11:10:19	39.22	--	11	43142	买盘
11:10:13	39.22	--	11	43142	买盘
11:10:07	39.22	--	6	23532	买盘
11:10:04	39.22	--	4	15688	买盘
11:09:58	39.22	0.02	5	19610	买盘
11:09:52	39.2	-0.01	42	164640	卖盘
11:09:48	39.21	0.01	9	35289	中性盘
11:09:43	39.2	--	2	7840	卖盘
11:09:37	39.2	--	25	98000	卖盘
11:09:33	39.2	--	42	164640	买盘
11:09:28	39.2	--	9	35280	买盘
11:09:22	39.2	--	20	78400	买盘
11:09:18	39.2	0.01	2	7840	买盘
11:09:13	39.19	-0.01	43	168517	卖盘
11:09:07	39.2	0.01	7	27440	买盘
11:09:03	39.19	-0.01	14	54866	卖盘
11:08:58	39.2	0.01	5	19600	买盘
11:08:52	39.19	--	8	31352	买盘
11:08:48	39.19	-0.01	89	348791	卖盘
11:08:43	39.2	0.01	10	39200	买盘
11:08:37	39.19	-0.01	2	7838	卖盘
11:08:33	39.2	--	37	145040	买盘
11:08:28	39.2	--	68	266560	买盘
11:08:22	39.2	--	2	7840	买盘
11:08:18	39.2	--	41	160720	买盘
11:08:13	39.2	0.01	24	94080	买盘
11:08:07	39.19	0.01	10	39190	卖盘
11:08:03	39.18	-0.02	59	231162	卖盘
11:07:58	39.2	0.02	55	215600	买盘
11:07:52	39.18	--	5	19590	卖盘
11:07:48	39.18	-0.02	121	474078	卖盘
11:07:37	39.2	--	2	7840	买盘
11:07:33	39.2	0.01	132	517440	买盘
11:07:28	39.19	--	35	137165	买盘
11:07:22	39.19	--	1	3919	买盘
11:07:18	39.19	--	20	78380	买盘
11:07:13	39.19	-0.01	50	195950	中性盘
11:07:07	39.2	0.01	25	98000	买盘
11:07:03	39.19	--	25	97975	买盘
11:06:58	39.19	-0.01	41	160679	卖盘
11:06:52	39.2	--	4	15680	买盘
11:06:48	39.2	--	29	113680	买盘
11:06:43	39.2	0.02	10	39200	买盘
11:06:37	39.18	-0.02	2	7836	卖盘
11:06:33	39.2	--	39	152880	买盘
11:06:28	39.2	--	30	117600	买盘
11:06:18	39.2	0.01	6	23520	买盘
11:06:13	39.19	--	4	15676	卖盘
11:06:07	39.19	-0.01	1	3919	卖盘
11:06:03	39.2	--	13	50960	买盘
11:05:58	39.2	--	4	15680	买盘
11:05:52	39.2	0.02	2	7840	买盘
11:05:48	39.18	--	46	180228	卖盘
11:05:43	39.18	-0.01	10	39180	卖盘
11:05:37	39.19	0.01	31	121489	买盘
11:05:32	39.18	--	7	27426	卖盘
11:05:28	39.18	--	24	94032	卖盘
11:05:22	39.18	--	6	23508	卖盘
11:05:18	39.18	--	8	31344	卖盘
11:05:13	39.18	--	19	74442	买盘
11:05:07	39.18	0.02	2	7836	买盘
11:05:03	39.16	-0.02	43	168387	卖盘
11:04:58	39.18	--	24	94032	买盘
11:04:52	39.18	-0.02	8	31344	卖盘
11:04:46	39.2	0.02	13	50960	买盘
11:04:43	39.18	-0.01	19	74442	卖盘
11:04:37	39.19	0.01	57	223383	买盘
11:04:28	39.18	-0.01	67	262506	卖盘
11:04:22	39.19	--	34	133246	买盘
11:04:16	39.19	--	2	7838	买盘
11:04:12	39.19	-0.01	15	58785	卖盘
11:04:07	39.2	--	47	184240	买盘
11:04:01	39.2	0.01	5	19600	买盘
11:03:58	39.19	-0.01	17	66623	卖盘
11:03:52	39.2	-0.01	14	54880	卖盘
11:03:46	39.21	0.01	10	39210	买盘
11:03:42	39.2	-0.01	77	301840	卖盘
11:03:37	39.21	--	84	329364	卖盘
11:03:31	39.21	--	14	54894	卖盘
11:03:27	39.21	--	49	192129	买盘
11:03:22	39.21	-0.01	2	7842	中性盘
11:03:16	39.22	0.02	8	31376	买盘
11:03:12	39.2	-0.01	156	611520	卖盘
11:03:07	39.21	-0.01	21	82341	卖盘
11:03:01	39.22	-0.01	3	11766	卖盘
11:02:57	39.23	--	35	137305	买盘
11:02:52	39.23	-0.02	8	31383	卖盘
11:02:46	39.25	0.02	81	317925	买盘
11:02:42	39.23	-0.02	22	86306	卖盘
11:02:37	39.25	-0.01	84	329700	卖盘
11:02:31	39.26	--	1	3926	买盘
11:02:27	39.26	-0.01	38	149188	卖盘
11:02:22	39.27	-0.01	7	27489	卖盘
11:02:16	39.28	--	3	11784	买盘
11:02:12	39.28	-0.01	9	35352	卖盘
11:02:01	39.29	-0.03	88	346105	卖盘
11:01:57	39.32	--	6	23592	买盘
11:01:52	39.32	--	57	224124	卖盘
11:01:46	39.32	--	16	62912	卖盘
11:01:42	39.32	--	51	200532	买盘
11:01:37	39.32	--	55	216260	买盘
11:01:31	39.32	0.01	19	74708	买盘
11:01:27	39.31	0.01	15	58965	中性盘
11:01:22	39.3	-0.01	96	377280	卖盘
11:01:16	39.31	--	1	3931	买盘
11:01:12	39.31	-0.01	21	82551	卖盘
11:01:07	39.32	--	11	43252	买盘
11:01:01	39.32	-0.01	23	90436	卖盘
11:00:57	39.33	--	47	184851	买盘
11:00:52	39.33	0.01	28	110124	买盘
11:00:46	39.32	--	3	11796	卖盘
11:00:42	39.32	--	15	58980	卖盘
11:00:37	39.32	--	2	7864	买盘
11:00:31	39.32	--	2	7864	买盘
11:00:27	39.32	--	4	15728	买盘
11:00:22	39.32	--	65	255580	买盘
11:00:16	39.32	--	3	11796	买盘
11:00:12	39.32	0.02	2	7864	买盘
11:00:07	39.3	--	19	74670	卖盘
11:00:01	39.3	--	1	3929	卖盘
10:59:57	39.3	--	47	188286	买盘
10:59:52	39.3	--	45	176850	买盘
10:59:46	39.3	--	49	192570	买盘
10:59:41	39.3	0.01	26	102179	买盘
10:59:37	39.29	-0.01	24	94296	卖盘
10:59:31	39.3	--	11	43230	买盘
10:59:27	39.3	0.02	22	86460	买盘
10:59:22	39.28	-0.01	3	11784	卖盘
10:59:16	39.29	0.01	28	113626	买盘
10:59:12	39.28	-0.01	16	62848	卖盘
10:59:07	39.29	--	5	19645	买盘
10:59:01	39.29	--	15	58935	买盘
10:58:57	39.29	0.01	24	94296	买盘
10:58:52	39.28	-0.01	2	7856	卖盘
10:58:46	39.29	0.04	2	7858	买盘
10:58:42	39.25	-0.04	84	329700	卖盘
10:58:37	39.29	0.01	45	176805	买盘
10:58:31	39.28	--	19	74632	买盘
10:58:25	39.28	--	17	66776	卖盘
10:58:22	39.28	--	12	47136	买盘
10:58:07	39.28	0.02	15	58920	买盘
10:58:01	39.26	--	80	314080	买盘
10:57:55	39.26	--	2	7852	买盘
10:57:52	39.26	-0.02	32	125632	卖盘
10:57:46	39.28	0.02	16	62848	买盘
10:57:36	39.26	--	21	82446	卖盘
10:57:31	39.26	-0.02	14	54964	卖盘
10:57:21	39.28	0.03	29	113912	买盘
10:57:16	39.25	-0.03	32	125600	卖盘
10:57:10	39.28	0.02	3	11784	买盘
10:57:07	39.26	0.01	41	160966	卖盘
10:57:01	39.25	-0.01	47	184475	卖盘
10:56:55	39.26	--	8	31408	卖盘
10:56:51	39.26	0.01	4	15704	中性盘
10:56:46	39.25	--	54	211950	卖盘
10:56:40	39.25	--	10	39250	卖盘
10:56:36	39.25	0.01	4	15700	中性盘
10:56:31	39.24	--	65	255060	卖盘
10:56:25	39.24	--	1	3924	卖盘
10:56:21	39.24	--	53	207972	买盘
10:56:16	39.24	--	17	66708	买盘
10:56:10	39.24	0.01	7	27468	买盘
10:56:06	39.23	-0.02	23	90229	卖盘
10:56:01	39.25	0.02	2	7850	买盘
10:55:55	39.23	-0.02	21	82383	卖盘
10:55:51	39.25	-0.03	14	54950	中性盘
10:55:46	39.28	0.03	30	117840	买盘
10:55:40	39.25	--	3	11775	卖盘
10:55:36	39.25	--	3	11775	卖盘
10:55:31	39.25	-0.04	3	11775	卖盘
10:55:25	39.29	0.01	9	35361	买盘
10:55:21	39.28	-0.01	18	70704	卖盘
10:55:16	39.29	-0.01	63	247527	卖盘
10:55:06	39.3	--	8	31439	买盘
10:55:01	39.3	--	1	3929	买盘
10:54:55	39.3	--	10	39300	买盘
10:54:51	39.3	--	22	86460	买盘
10:54:46	39.3	-0.02	352	1383713	卖盘
10:54:40	39.32	--	1	3932	买盘
10:54:36	39.32	-0.01	36	141552	买盘
10:54:31	39.33	--	0	0	买盘
10:54:25	39.33	0.01	17	66861	买盘
10:54:21	39.32	-0.01	4	15728	卖盘
10:54:16	39.33	0.01	43	169119	买盘
10:54:10	39.32	-0.01	26	102232	卖盘
10:54:06	39.33	--	18	70794	买盘
10:54:01	39.33	-0.01	9	35397	中性盘
10:53:55	39.34	--	1	3934	买盘
10:53:51	39.34	--	74	291116	买盘
10:53:46	39.34	--	26	102284	买盘
10:53:40	39.34	0.02	31	121954	买盘
10:53:36	39.32	0.02	74	290968	买盘
10:53:31	39.3	-0.02	22	86460	卖盘
10:53:25	39.32	--	12	47184	买盘
10:53:21	39.32	--	25	98300	买盘
10:53:16	39.32	-0.01	53	208396	卖盘
10:53:10	39.33	0.01	5	19665	买盘
10:53:06	39.32	--	2	7864	卖盘
10:53:01	39.32	--	40	157280	买盘
10:52:55	39.32	--	11	43252	买盘
10:52:50	39.32	0.02	10	39320	买盘
10:52:46	39.3	--	20	82176	买盘
10:52:40	39.3	0.01	35	137550	买盘
10:52:36	39.29	-0.01	24	94296	卖盘
10:52:31	39.3	--	78	306540	买盘
10:52:25	39.3	--	25	98250	买盘
10:52:19	39.3	0.01	6	23580	买盘
10:52:16	39.29	0.01	49	192521	买盘
10:52:10	39.28	--	40	157120	卖盘
10:52:04	39.28	--	1	3928	卖盘
10:52:00	39.28	0.06	30	117840	买盘
10:51:55	39.22	0.02	5	19610	卖盘
10:51:49	39.2	--	9	35280	卖盘
10:51:46	39.2	--	52	203840	卖盘
10:51:40	39.2	--	0	0	中性盘
10:51:34	39.2	0.01	23	90160	中性盘
10:51:30	39.19	-0.01	31	121489	卖盘
10:51:25	39.2	0.02	19	74480	买盘
10:51:15	39.18	-0.01	12	47016	中性盘
10:51:10	39.19	0.03	45	176355	买盘
10:51:04	39.16	0.03	42	164472	买盘
10:51:00	39.13	--	13	50869	卖盘
10:50:55	39.13	-0.01	2	7826	卖盘
10:50:49	39.14	0.01	15	58710	买盘
10:50:45	39.13	0.01	92	359996	买盘
10:50:40	39.12	0.01	48	187776	买盘
10:50:34	39.11	0.01	5	19555	中性盘
10:50:30	39.1	-0.02	79	308890	卖盘
10:50:25	39.12	0.02	16	62591	买盘
10:50:19	39.1	--	47	183770	买盘
10:50:15	39.1	0.03	76	297160	买盘
10:50:10	39.07	-0.02	97	378979	卖盘
10:50:04	39.09	--	38	148542	买盘
10:50:00	39.09	--	101	394809	买盘
10:49:55	39.09	--	97	379173	买盘
10:49:49	39.09	--	16	62544	买盘
10:49:45	39.09	0.01	167	652803	卖盘
10:49:40	39.08	-0.01	114	445512	卖盘
10:49:34	39.09	0.01	18	70362	中性盘
10:49:30	39.08	-0.01	180	703440	卖盘
10:49:25	39.09	0.01	305	1192245	买盘
10:49:19	39.08	-0.01	37	144596	卖盘
10:49:15	39.09	0.02	112	437808	买盘
10:49:10	39.07	-0.01	102	398514	卖盘
10:49:04	39.08	--	28	109424	买盘
10:49:00	39.08	-0.01	27	105516	卖盘
10:48:55	39.09	-0.01	77	300993	卖盘
10:48:49	39.1	0.01	67	261970	买盘
10:48:45	39.09	-0.01	29	113361	卖盘
10:48:40	39.1	--	42	164220	卖盘
10:48:34	39.1	--	27	105570	买盘
10:48:30	39.1	--	31	121210	卖盘
10:48:25	39.1	-0.01	37	144670	卖盘
10:48:19	39.11	-0.01	86	336346	卖盘
10:48:15	39.12	--	17	66504	买盘
10:48:10	39.12	--	11	43032	买盘
10:48:04	39.12	-0.02	81	316872	卖盘
10:48:00	39.14	--	19	74366	买盘
10:47:55	39.14	-0.02	9	35226	卖盘
10:47:49	39.16	--	5	19580	买盘
10:47:45	39.16	--	75	293700	买盘
10:47:40	39.16	-0.03	46	180135	卖盘
10:47:34	39.19	0.03	32	125408	买盘
10:47:30	39.16	-0.03	45	176219	卖盘
10:47:25	39.19	0.01	4	15676	中性盘
10:47:19	39.18	-0.01	69	270342	卖盘
10:47:15	39.19	-0.01	18	70542	卖盘
10:47:10	39.2	--	5	19600	买盘
10:47:04	39.2	--	2	7840	买盘
10:47:00	39.2	-0.02	151	591920	卖盘
10:46:55	39.22	--	12	47064	买盘
10:46:49	39.22	--	13	50986	买盘
10:46:45	39.22	--	55	215710	买盘
10:46:40	39.22	-0.01	165	647130	卖盘
10:46:34	39.23	0.01	3	11768	中性盘
10:46:30	39.22	--	39	152958	卖盘
10:46:25	39.22	-0.02	21	82362	卖盘
10:46:19	39.24	0.01	13	51012	买盘
10:46:15	39.23	-0.01	4	15691	卖盘
10:46:10	39.24	-0.01	25	98100	卖盘
10:46:04	39.25	--	33	129525	卖盘
10:45:58	39.25	-0.02	19	74575	卖盘
10:45:55	39.27	0.02	36	141372	中性盘
10:45:49	39.25	-0.02	23	90275	卖盘
10:45:43	39.27	-0.01	11	43197	买盘
10:45:40	39.28	0.01	14	54992	买盘
10:45:34	39.27	-0.01	18	70686	卖盘
10:45:28	39.28	--	3	11784	买盘
10:45:25	39.28	-0.01	42	164976	卖盘
10:45:19	39.29	--	64	251456	买盘
10:45:13	39.29	--	8	31432	买盘
10:45:10	39.29	--	9	35361	卖盘
10:45:04	39.29	-0.01	12	47148	卖盘
10:44:58	39.3	--	2	7859	买盘
10:44:54	39.3	--	59	231869	卖盘
10:44:49	39.3	-0.01	27	106109	卖盘
10:44:43	39.31	-0.02	4	15724	中性盘
10:44:39	39.33	0.02	32	125856	买盘
10:44:34	39.31	--	11	43241	买盘
10:44:28	39.31	-0.02	87	341997	卖盘
10:44:24	39.33	-0.01	5	19665	卖盘
10:44:19	39.34	--	25	98350	买盘
10:44:13	39.34	--	39	153426	买盘
10:44:09	39.34	-0.01	16	62944	卖盘
10:44:04	39.35	--	57	224295	买盘
10:43:58	39.35	--	8	31480	买盘
10:43:54	39.35	0.01	5	19675	买盘
10:43:49	39.34	-0.01	38	149492	卖盘
10:43:43	39.35	--	10	39350	买盘
10:43:39	39.35	-0.01	113	444655	卖盘
10:43:34	39.36	--	27	106272	买盘
10:43:28	39.36	0.01	6	23616	买盘
10:43:24	39.35	--	46	181010	卖盘
10:43:19	39.35	-0.01	19	74765	卖盘
10:43:09	39.36	0.01	14	55104	买盘
10:43:04	39.35	-0.04	63	247905	卖盘
10:42:58	39.39	--	7	27573	卖盘
10:42:54	39.39	0.03	61	240279	中性盘
10:42:49	39.36	-0.02	52	204672	卖盘
10:42:43	39.38	-0.01	10	39380	卖盘
10:42:39	39.39	0.01	1	3939	买盘
10:42:34	39.38	-0.01	1	3938	卖盘
10:42:28	39.39	-0.01	20	78780	卖盘
10:42:24	39.4	0.01	26	102440	买盘
10:42:19	39.39	--	16	63024	卖盘
10:42:09	39.39	-0.01	12	47268	卖盘
10:42:04	39.4	--	28	110320	卖盘
10:41:58	39.4	--	2	7880	卖盘
10:41:54	39.4	--	20	78800	卖盘
10:41:49	39.4	--	5	19700	买盘
10:41:43	39.4	--	4	15760	买盘
10:41:39	39.4	-0.01	2	7880	卖盘
10:41:34	39.41	-0.01	19	74879	卖盘
10:41:28	39.42	0.02	39	153738	买盘
10:41:24	39.4	-0.02	32	126080	卖盘
10:41:19	39.42	-0.01	22	86724	买盘
10:41:13	39.43	0.03	4	15772	买盘
10:41:09	39.4	--	16	63040	卖盘
10:41:04	39.4	-0.02	66	260040	卖盘
10:40:58	39.42	0.02	49	193158	买盘
10:40:54	39.4	--	23	90620	买盘
10:40:49	39.4	--	145	571300	买盘
10:40:43	39.4	--	27	106380	卖盘
10:40:39	39.4	--	55	216700	卖盘
10:40:34	39.4	-0.02	34	133960	卖盘
10:40:28	39.42	0.02	7	27594	买盘
10:40:24	39.4	-0.03	46	181240	卖盘
10:40:19	39.43	--	34	134062	买盘
10:40:13	39.43	--	15	59145	买盘
10:40:08	39.43	-0.01	172	678196	卖盘
10:40:04	39.44	--	129	508775	买盘
10:39:58	39.44	--	2	7888	买盘
10:39:53	39.44	--	91	358904	买盘
10:39:49	39.44	-0.06	208	820352	卖盘
10:39:43	39.5	0.01	23	90850	买盘
10:39:37	39.49	-0.01	16	63184	卖盘
10:39:34	39.5	0.06	47	185650	买盘
10:39:28	39.44	-0.04	116	457504	卖盘
10:39:19	39.48	0.02	32	126335	买盘
10:39:13	39.46	--	30	118380	卖盘
10:39:07	39.46	--	3	11838	买盘
10:39:03	39.46	--	40	157840	卖盘
10:38:58	39.46	0.01	17	67082	买盘
10:38:52	39.45	0.01	1	3945	买盘
10:38:48	39.44	-0.02	21	82824	卖盘
10:38:43	39.46	0.02	18	71028	买盘
10:38:37	39.44	--	18	70992	买盘
10:38:33	39.44	0.01	27	106488	买盘
10:38:28	39.43	--	22	86746	卖盘
10:38:18	39.43	0.01	12	47316	买盘
10:38:13	39.42	--	21	82782	买盘
10:38:07	39.42	0.02	4	15768	买盘
10:38:03	39.4	--	8	31520	买盘
10:37:58	39.4	--	17	66980	买盘
10:37:52	39.4	0.05	33	130020	买盘
10:37:48	39.35	--	0	0	卖盘
10:37:43	39.35	--	55	216425	中性盘
10:37:37	39.35	--	0	0	中性盘
10:37:33	39.35	0.04	136	535160	买盘
10:37:28	39.31	--	60	235860	买盘
10:37:22	39.31	0.01	1	3931	买盘
10:37:18	39.3	0.03	25	98250	买盘
10:37:13	39.27	0.01	24	94248	中性盘
10:37:07	39.26	-0.02	3	11778	卖盘
10:37:03	39.28	0.05	27	106056	买盘
10:36:58	39.23	-0.02	45	176652	卖盘
10:36:52	39.25	0.03	38	149150	买盘
10:36:48	39.22	0.01	11	43142	中性盘
10:36:43	39.21	--	103	403863	卖盘
10:36:37	39.21	--	20	78420	买盘
10:36:33	39.21	0.01	132	517572	买盘
10:36:28	39.2	--	43	168560	买盘
10:36:22	39.2	0.01	61	239120	买盘
10:36:18	39.19	--	31	121489	买盘
10:36:13	39.19	0.03	110	431090	买盘
10:36:07	39.16	-0.01	49	191883	卖盘
10:36:03	39.17	0.02	108	423036	买盘
10:35:58	39.15	0.01	54	211410	买盘
10:35:52	39.14	-0.02	32	125248	卖盘
10:35:48	39.16	0.02	81	317196	买盘
10:35:43	39.14	0.01	34	133076	中性盘
10:35:37	39.13	-0.03	33	129129	中性盘
10:35:33	39.16	0.01	92	360271	买盘
10:35:28	39.15	-0.01	42	164430	中性盘
10:35:22	39.16	-0.02	21	82236	买盘
10:35:18	39.18	-0.01	107	419226	卖盘
10:35:13	39.19	--	151	591769	买盘
10:35:07	39.19	--	67	262573	买盘
10:35:03	39.19	-0.01	46	180274	卖盘
10:34:58	39.2	--	120	470400	卖盘
10:34:52	39.2	--	4	15680	卖盘
10:34:48	39.2	-0.02	219	858480	卖盘
10:34:43	39.22	-0.01	84	329448	中性盘
10:34:37	39.23	-0.02	3	11768	中性盘
10:34:33	39.25	--	31	121675	买盘
10:34:28	39.25	-0.02	36	141300	卖盘
10:34:22	39.27	--	5	19635	买盘
10:34:18	39.27	-0.03	124	486948	卖盘
10:34:13	39.3	-0.01	53	208289	卖盘
10:34:07	39.31	0.01	52	204412	买盘
10:34:02	39.3	-0.01	114	448019	卖盘
10:33:58	39.31	-0.07	43	169033	卖盘
10:33:52	39.38	0.04	5	19690	买盘
10:33:48	39.34	-0.06	27	106218	中性盘
10:33:43	39.4	--	77	303380	买盘
10:33:37	39.4	--	6	23640	中性盘
10:33:33	39.4	-0.01	167	657980	卖盘
10:33:28	39.41	-0.02	32	126111	卖盘
10:33:22	39.43	-0.02	62	244466	卖盘
10:33:16	39.45	0.01	25	98625	买盘
10:33:13	39.44	-0.01	29	114376	卖盘
10:33:07	39.45	--	29	114405	卖盘
10:33:01	39.45	-0.03	9	35505	卖盘
10:32:58	39.48	--	145	572460	买盘
10:32:52	39.48	-0.02	41	161868	卖盘
10:32:46	39.5	--	4	15800	买盘
10:32:43	39.5	0.01	106	418700	买盘
10:32:37	39.49	-0.03	192	758208	卖盘
10:32:31	39.52	0.02	4	15808	买盘
10:32:28	39.5	-0.01	113	446350	卖盘
10:32:22	39.51	-0.02	91	359541	卖盘
10:32:16	39.53	--	1	3953	买盘
10:32:12	39.53	-0.01	28	110684	卖盘
10:32:07	39.54	-0.01	9	35586	买盘
10:32:01	39.55	-0.01	2	7909	中性盘
10:31:57	39.56	0.01	116	458896	买盘
10:31:52	39.55	--	12	47460	卖盘
10:31:46	39.55	0.01	3	11865	买盘
10:31:42	39.54	-0.01	80	316320	卖盘
10:31:37	39.55	0.01	16	63279	买盘
10:31:31	39.54	-0.01	26	102804	卖盘
10:31:27	39.55	0.01	2	7909	买盘
10:31:22	39.54	--	16	63264	卖盘
10:31:16	39.54	-0.01	4	15816	卖盘
10:31:12	39.55	0.02	42	166110	买盘
10:31:07	39.53	-0.02	32	126496	卖盘
10:31:01	39.55	--	0	0	买盘
10:30:57	39.55	0.03	62	245209	买盘
10:30:52	39.52	--	5	19760	卖盘
10:30:46	39.52	--	6	23712	卖盘
10:30:42	39.52	-0.01	15	59280	中性盘
10:30:37	39.53	--	33	130449	买盘
10:30:31	39.53	--	9	35577	买盘
10:30:27	39.53	0.01	12	47436	买盘
10:30:22	39.52	-0.03	133	525616	卖盘
10:30:16	39.55	0.02	37	146335	买盘
10:30:12	39.53	--	61	241133	买盘
10:30:07	39.53	--	86	339958	买盘
10:30:01	39.53	-0.02	33	130449	中性盘
10:29:57	39.55	--	140	553700	买盘
10:29:52	39.55	--	70	276850	买盘
10:29:46	39.55	--	10	39550	买盘
10:29:42	39.55	--	15	59324	买盘
10:29:37	39.55	--	13	51414	买盘
10:29:31	39.55	--	14	55369	卖盘
10:29:27	39.55	--	2	7909	卖盘
10:29:22	39.55	--	35	138425	卖盘
10:29:16	39.55	0.03	13	51414	买盘
10:29:12	39.52	-0.03	14	55328	卖盘
10:29:07	39.55	--	34	134470	买盘
10:29:01	39.55	--	36	142380	买盘
10:28:57	39.55	--	13	51414	买盘
10:28:52	39.55	-0.02	17	67235	卖盘
10:28:46	39.57	0.02	18	71226	买盘
10:28:42	39.55	--	67	264985	卖盘
10:28:37	39.55	-0.02	45	177975	卖盘
10:28:31	39.57	0.01	27	106839	中性盘
10:28:27	39.56	0.01	62	245272	买盘
10:28:22	39.55	-0.02	12	47460	卖盘
10:28:12	39.57	0.01	34	134538	买盘
10:28:07	39.56	-0.03	44	174064	卖盘
10:27:57	39.59	-0.01	19	75221	中性盘
10:27:52	39.6	0.02	33	130680	买盘
10:27:46	39.58	-0.02	16	63328	卖盘
10:27:42	39.6	--	51	201960	卖盘
10:27:37	39.6	--	76	300960	卖盘
10:27:31	39.6	-0.02	31	122760	卖盘
10:27:26	39.62	--	79	312998	买盘
10:27:21	39.62	-0.01	1	3961	中性盘
10:27:16	39.63	0.01	18	71334	买盘
10:27:06	39.62	-0.02	16	63391	卖盘
10:27:01	39.64	-0.02	2	7928	中性盘
10:26:55	39.66	--	29	118861	买盘
10:26:51	39.66	0.01	30	118979	买盘
10:26:46	39.65	--	20	79300	卖盘
10:26:40	39.65	-0.01	37	146823	卖盘
10:26:36	39.66	--	22	87251	卖盘
10:26:31	39.66	-0.01	22	87251	卖盘
10:26:21	39.67	--	11	47484	卖盘
10:26:16	39.67	-0.01	26	103142	卖盘
10:26:10	39.68	-0.04	11	43648	卖盘
10:26:06	39.72	0.05	6	23832	买盘
10:26:01	39.67	-0.01	19	75492	卖盘
10:25:55	39.68	-0.04	55	222088	卖盘
10:25:51	39.72	0.04	228	905735	买盘
10:25:46	39.68	-0.02	46	186376	卖盘
10:25:40	39.7	0.02	12	47759	买盘
10:25:36	39.68	-0.02	19	79240	卖盘
10:25:31	39.7	--	21	83489	买盘
10:25:25	39.7	--	24	95280	买盘
10:25:21	39.7	--	105	420700	卖盘
10:25:16	39.7	--	74	293780	卖盘
10:25:10	39.7	--	8	31760	卖盘
10:25:06	39.7	--	22	87459	买盘
10:25:01	39.7	--	28	111160	买盘
10:24:55	39.7	--	11	43670	买盘
10:24:51	39.7	-0.09	385	1532300	卖盘
10:24:46	39.79	0.09	23	91636	买盘
10:24:40	39.7	--	5	19850	卖盘
10:24:36	39.7	--	35	138950	卖盘
10:24:31	39.7	-0.01	49	194530	卖盘
10:24:25	39.71	0.01	38	150898	买盘
10:24:21	39.7	0.03	103	408910	买盘
10:24:16	39.67	-0.03	16	63472	卖盘
10:24:10	39.7	--	25	99250	买盘
10:24:06	39.7	0.04	30	119100	买盘
10:24:01	39.66	0.04	31	122945	买盘
10:23:55	39.62	--	2	7923	卖盘
10:23:51	39.62	-0.02	16	63391	中性盘
10:23:46	39.64	0.04	33	130812	买盘
10:23:40	39.6	0.02	50	198000	买盘
10:23:36	39.58	0.02	8	31664	买盘
10:23:31	39.56	0.01	20	79120	中性盘
10:23:25	39.55	--	5	19775	买盘
10:23:21	39.55	--	10	39550	买盘
10:23:16	39.55	0.05	24	94920	买盘
10:23:10	39.5	-0.01	10	39500	卖盘
10:23:06	39.51	0.01	28	110628	买盘
10:23:01	39.5	--	36	142200	买盘
10:22:55	39.5	0.02	5	19750	买盘
10:22:51	39.48	-0.01	23	90804	卖盘
10:22:46	39.49	0.01	81	319869	买盘
10:22:40	39.48	0.01	4	15791	买盘
10:22:36	39.47	0.01	24	94728	买盘
10:22:31	39.46	0.02	37	146002	买盘
10:22:25	39.44	-0.01	6	23664	卖盘
10:22:21	39.45	0.02	11	43395	买盘
10:22:16	39.43	0.02	46	181378	买盘
10:22:10	39.41	--	18	70938	卖盘
10:22:06	39.41	--	81	319221	买盘
10:22:01	39.41	0.02	97	382276	买盘
10:21:55	39.39	0.04	10	39390	买盘
10:21:51	39.35	-0.05	399	1570065	卖盘
10:21:46	39.4	0.02	116	457040	买盘
10:21:40	39.38	0.02	11	43318	卖盘
10:21:35	39.36	-0.01	122	480192	卖盘
10:21:31	39.37	0.01	191	751967	卖盘
10:21:25	39.36	--	84	330624	买盘
10:21:20	39.36	-0.02	268	1054848	卖盘
10:21:16	39.38	--	52	204776	买盘
10:21:10	39.38	0.02	40	157520	买盘
10:21:06	39.36	-0.03	72	283392	卖盘
10:21:00	39.39	-0.01	93	366327	买盘
10:20:55	39.4	0.04	111	437340	买盘
10:20:49	39.36	-0.04	82	322752	卖盘
10:20:45	39.4	0.01	44	173360	买盘
10:20:40	39.39	-0.02	72	283608	卖盘
10:20:34	39.41	--	51	200990	买盘
10:20:30	39.41	0.01	92	362571	买盘
10:20:25	39.4	-0.03	298	1174120	卖盘
10:20:19	39.43	--	44	173492	买盘
10:20:15	39.43	--	24	94632	中性盘
10:20:10	39.43	-0.01	65	256295	卖盘
10:20:04	39.44	-0.02	11	43384	卖盘
10:20:00	39.46	--	58	228868	卖盘
10:19:55	39.46	-0.01	54	213084	卖盘
10:19:49	39.47	0.01	19	74993	中性盘
10:19:45	39.46	-0.02	81	319626	卖盘
10:19:40	39.48	-0.01	49	193451	卖盘
10:19:34	39.49	--	11	43439	买盘
10:19:30	39.49	-0.01	72	284328	卖盘
10:19:25	39.5	--	95	375250	买盘
10:19:15	39.5	--	115	454250	卖盘
10:19:10	39.5	--	86	339700	卖盘
10:19:04	39.5	--	60	237000	卖盘
10:19:00	39.5	-0.02	512	2022400	卖盘
10:18:55	39.52	0.02	43	169936	买盘
10:18:49	39.5	-0.02	11	43450	卖盘
10:18:45	39.52	--	36	142588	买盘
10:18:40	39.52	--	201	797987	卖盘
10:18:34	39.52	-0.01	9	35568	卖盘
10:18:30	39.53	-0.02	15	59295	卖盘
10:18:25	39.55	0.01	42	166110	买盘
10:18:19	39.54	-0.01	26	102804	卖盘
10:18:15	39.55	-0.01	44	174020	卖盘
10:18:10	39.56	--	18	71208	买盘
10:18:04	39.56	-0.02	17	67252	中性盘
10:18:00	39.58	--	147	581826	买盘
10:17:55	39.58	-0.01	19	75202	卖盘
10:17:49	39.59	0.01	22	87098	买盘
10:17:45	39.58	--	14	55412	卖盘
10:17:40	39.58	-0.02	182	720356	卖盘
10:17:34	39.6	0.01	10	39600	买盘
10:17:30	39.59	-0.01	38	150442	卖盘
10:17:25	39.6	--	75	297000	卖盘
10:17:19	39.6	-0.02	108	427680	卖盘
10:17:15	39.62	0.02	16	63391	买盘
10:17:10	39.6	-0.04	35	138600	卖盘
10:17:04	39.64	-0.01	58	229912	卖盘
10:17:00	39.65	--	54	214110	卖盘
10:16:55	39.65	-0.01	218	864370	卖盘
10:16:49	39.66	0.01	32	126911	中性盘
10:16:45	39.65	-0.02	42	166530	卖盘
10:16:40	39.67	-0.01	13	51571	卖盘
10:16:34	39.68	--	1	3968	买盘
10:16:30	39.68	-0.02	67	265856	卖盘
10:16:25	39.7	--	7	27790	买盘
10:16:19	39.7	--	43	170710	买盘
10:16:15	39.7	-0.01	31	123070	卖盘
10:16:10	39.71	--	120	476520	卖盘
10:16:04	39.71	-0.01	32	127072	中性盘
10:16:00	39.72	0.01	41	162852	买盘
10:15:55	39.71	--	252	1000692	买盘
10:15:49	39.71	-0.01	8	31768	卖盘
10:15:45	39.72	0.01	52	206544	买盘
10:15:40	39.71	-0.01	65	258115	卖盘
10:15:34	39.72	-0.01	30	119160	卖盘
10:15:30	39.73	0.01	4	15891	买盘
10:15:25	39.72	-0.03	62	246264	卖盘
10:15:19	39.75	--	7	27825	买盘
10:15:15	39.75	--	16	63600	买盘
10:15:10	39.75	-0.01	84	333900	卖盘
10:15:04	39.76	--	13	51688	买盘
10:15:00	39.76	--	63	250488	买盘
10:14:55	39.76	-0.01	25	99400	卖盘
10:14:49	39.77	--	12	47724	买盘
10:14:44	39.77	--	13	51701	买盘
10:14:40	39.77	-0.01	18	71586	卖盘
10:14:34	39.78	-0.02	10	39780	中性盘
10:14:28	39.8	0.02	103	409939	买盘
10:14:24	39.78	-0.02	69	274482	卖盘
10:14:19	39.8	-0.01	13	51739	买盘
10:14:13	39.81	--	20	79620	买盘
10:14:09	39.81	--	165	656865	买盘
10:14:04	39.81	--	38	151278	卖盘
10:13:58	39.81	--	41	163221	卖盘
10:13:54	39.81	--	16	63696	卖盘
10:13:49	39.81	--	9	35829	卖盘
10:13:43	39.81	--	39	155259	卖盘
10:13:39	39.81	0.01	25	99525	买盘
10:13:34	39.8	--	24	95520	卖盘
10:13:28	39.8	--	15	59699	卖盘
10:13:24	39.8	-0.02	50	199000	卖盘
10:13:19	39.82	0.01	46	183172	买盘
10:13:13	39.81	-0.01	3	11943	中性盘
10:13:09	39.82	--	35	139370	买盘
10:13:04	39.82	-0.03	173	688886	卖盘
10:12:58	39.85	0.03	8	31880	买盘
10:12:54	39.82	0.01	67	266794	中性盘
10:12:49	39.81	-0.04	17	67677	卖盘
10:12:43	39.85	0.04	31	123535	买盘
10:12:39	39.81	-0.01	52	207012	卖盘
10:12:34	39.82	-0.01	21	83622	卖盘
10:12:28	39.83	-0.02	4	15932	卖盘
10:12:24	39.85	--	72	286920	卖盘
10:12:19	39.85	-0.01	58	231130	卖盘
10:12:13	39.86	-0.02	3	11958	卖盘
10:12:09	39.88	--	38	151544	卖盘
10:12:04	39.88	-0.02	48	191424	卖盘
10:11:58	39.9	0.02	14	55860	买盘
10:11:54	39.88	--	32	127616	卖盘
10:11:49	39.88	-0.04	118	470584	卖盘
10:11:43	39.92	0.02	10	39920	买盘
10:11:39	39.9	-0.03	95	379050	卖盘
10:11:34	39.93	--	2	7986	买盘
10:11:28	39.93	--	61	243573	买盘
10:11:24	39.93	--	80	319440	卖盘
10:11:19	39.93	-0.02	24	95832	卖盘
10:11:13	39.95	0.01	12	47940	买盘
10:11:09	39.94	-0.01	36	143784	卖盘
10:11:04	39.95	--	21	83895	买盘
10:10:58	39.95	--	10	39950	买盘
10:10:54	39.95	-0.03	105	419874	卖盘
10:10:49	39.98	0.02	17	67966	买盘
10:10:43	39.96	--	0	0	卖盘
10:10:39	39.96	-0.02	67	271328	卖盘
10:10:34	39.98	--	7	27985	卖盘
10:10:28	39.98	--	4	15991	卖盘
10:10:24	39.98	-0.01	21	83958	买盘
10:10:19	39.99	0.03	64	255936	买盘
10:10:13	39.96	--	27	107892	卖盘
10:10:09	39.96	0.01	26	103896	中性盘
10:10:04	39.95	-0.01	221	882895	卖盘
10:09:54	39.96	0.01	10	39960	卖盘
10:09:49	39.95	-0.01	67	267665	卖盘
10:09:43	39.96	0.01	13	51948	买盘
10:09:39	39.95	--	40	159800	卖盘
10:09:34	39.95	--	27	107865	卖盘
10:09:28	39.95	--	5	19975	卖盘
10:09:24	39.95	--	17	67915	买盘
10:09:19	39.95	--	44	175780	买盘
10:09:13	39.95	0.03	32	127840	买盘
10:09:09	39.92	--	7	27944	买盘
10:09:04	39.92	0.02	5	19960	买盘
10:08:58	39.9	-0.01	5	19950	卖盘
10:08:53	39.91	0.01	17	67847	买盘
10:08:49	39.9	0.01	8	31920	买盘
10:08:43	39.89	--	4	15956	卖盘
10:08:38	39.89	--	3	11967	卖盘
10:08:34	39.89	--	5	19945	买盘
10:08:28	39.89	0.01	12	47868	买盘
10:08:24	39.88	--	3	11964	卖盘
10:08:18	39.88	--	37	148154	买盘
10:08:13	39.88	0.06	19	75772	买盘
10:08:07	39.82	-0.05	66	262812	卖盘
10:08:03	39.87	0.02	315	1255905	中性盘
10:07:58	39.85	--	50	199250	卖盘
10:07:52	39.85	--	10	39850	买盘
10:07:48	39.85	--	20	79700	买盘
10:07:43	39.85	--	19	75715	买盘
10:07:37	39.85	--	20	79700	买盘
10:07:33	39.85	--	65	259025	卖盘
10:07:28	39.85	-0.03	13	51805	卖盘
10:07:22	39.88	--	1	3988	买盘
10:07:18	39.88	--	24	95712	买盘
10:07:13	39.88	--	40	159520	卖盘
10:07:07	39.88	-0.01	7	27916	卖盘
10:07:03	39.89	0.01	3	11967	买盘
10:06:58	39.88	-0.01	6	23928	卖盘
10:06:52	39.89	--	8	31912	卖盘
10:06:48	39.89	-0.01	19	75791	卖盘
10:06:43	39.9	-0.01	11	43890	中性盘
10:06:33	39.91	-0.04	62	247441	中性盘
10:06:28	39.95	--	45	179775	买盘
10:06:22	39.95	--	14	55930	买盘
10:06:18	39.95	0.05	27	107865	中性盘
10:06:13	39.9	-0.07	28	111720	卖盘
10:06:07	39.97	0.02	31	123907	买盘
10:06:03	39.95	-0.03	15	59925	卖盘
10:05:58	39.98	0.01	182	727636	买盘
10:05:52	39.97	-0.01	45	179865	卖盘
10:05:48	39.98	--	32	127935	买盘
10:05:43	39.98	-0.01	60	239879	买盘
10:05:37	39.99	--	16	63984	买盘
10:05:33	39.99	--	69	275931	买盘
10:05:28	39.99	--	48	191952	买盘
10:05:22	39.99	0.01	124	495876	买盘
10:05:18	39.98	--	18	71964	卖盘
10:05:13	39.98	-0.01	49	195901	卖盘
10:05:07	39.99	--	6	23994	卖盘
10:05:03	39.99	0.01	267	1067733	买盘
10:04:58	39.98	-0.01	18	71964	卖盘
10:04:52	39.99	--	11	43989	买盘
10:04:48	39.99	-0.01	40	159960	卖盘
10:04:43	40.0	0.01	38	152000	买盘
10:04:37	39.99	--	28	111972	卖盘
10:04:33	39.99	--	94	375906	卖盘
10:04:28	39.99	-0.01	57	227943	卖盘
10:04:22	40.0	--	221	884000	买盘
10:04:18	40.0	0.01	81	324000	买盘
10:04:13	39.99	--	78	311922	卖盘
10:04:07	39.99	-0.01	12	47988	卖盘
10:04:03	40.0	0.01	11	44000	买盘
10:03:58	39.99	--	47	187953	买盘
10:03:52	39.99	--	24	95976	买盘
10:03:48	39.99	0.01	13	51987	买盘
10:03:43	39.98	-0.01	28	111943	卖盘
10:03:37	39.99	0.01	4	15996	买盘
10:03:33	39.98	0.01	20	79960	买盘
10:03:28	39.97	0.01	32	127904	买盘
10:03:18	39.96	0.07	24	95904	买盘
10:03:13	39.89	-0.02	30	119670	卖盘
10:03:07	39.91	--	2	7981	卖盘
10:03:03	39.91	0.13	172	686491	买盘
10:02:58	39.78	-0.07	156	620568	卖盘
10:02:52	39.85	0.03	5	19925	买盘
10:02:48	39.82	0.02	158	629156	买盘
10:02:43	39.8	0.02	87	346260	买盘
10:02:37	39.78	0.02	17	67626	买盘
10:02:33	39.76	-0.01	21	83496	卖盘
10:02:27	39.77	0.02	81	322137	买盘
10:02:22	39.75	--	7	27825	卖盘
10:02:17	39.75	--	4	15900	买盘
10:02:13	39.75	0.03	71	282225	买盘
10:02:07	39.72	-0.01	11	43692	卖盘
10:02:02	39.73	-0.02	27	107270	卖盘
10:01:57	39.75	0.05	50	198750	买盘
10:01:52	39.7	-0.03	96	381120	卖盘
10:01:47	39.73	0.03	90	357570	买盘
10:01:42	39.7	-0.03	67	265990	卖盘
10:01:37	39.73	0.01	101	401272	卖盘
10:01:31	39.72	-0.03	46	182712	卖盘
10:01:27	39.75	--	56	222600	买盘
10:01:22	39.75	--	92	365700	卖盘
10:01:16	39.75	0.03	30	119250	卖盘
10:01:12	39.72	-0.03	102	405144	卖盘
10:01:07	39.75	--	61	242475	买盘
10:01:01	39.75	--	8	31800	卖盘
10:00:57	39.75	0.01	54	214650	中性盘
10:00:52	39.74	-0.03	19	75506	卖盘
10:00:46	39.77	--	16	63632	买盘
10:00:42	39.77	0.02	98	389746	买盘
10:00:37	39.75	-0.03	43	170925	卖盘
10:00:31	39.78	0.01	6	23868	中性盘
10:00:27	39.77	0.01	75	298275	卖盘
10:00:22	39.76	--	59	234584	买盘
10:00:16	39.76	-0.02	19	75544	买盘
10:00:12	39.78	0.02	95	377910	买盘
10:00:07	39.76	-0.03	12	47712	卖盘
10:00:01	39.79	-0.01	15	59685	卖盘
09:59:57	39.8	0.01	31	123379	买盘
09:59:52	39.79	-0.01	30	119370	卖盘
09:59:46	39.8	--	3	11940	买盘
09:59:42	39.8	-0.05	165	656700	卖盘
09:59:37	39.85	--	34	135490	卖盘
09:59:31	39.85	-0.06	64	255040	卖盘
09:59:27	39.91	-0.07	55	219504	卖盘
09:59:22	39.98	0.02	26	103947	买盘
09:59:16	39.96	--	15	59940	买盘
09:59:12	39.96	-0.04	41	163836	卖盘
09:59:07	40.0	0.02	32	128000	买盘
09:59:01	39.98	-0.02	8	31983	卖盘
09:58:57	40.0	--	182	728800	卖盘
09:58:52	40.0	-0.01	26	104000	卖盘
09:58:46	40.01	-0.03	12	48012	卖盘
09:58:42	40.04	-0.01	44	176176	中性盘
09:58:37	40.05	-0.01	211	845054	中性盘
09:58:31	40.06	0.02	80	320480	买盘
09:58:27	40.04	-0.02	28	112112	卖盘
09:58:22	40.06	--	95	380570	卖盘
09:58:16	40.06	-0.04	13	52078	卖盘
09:58:12	40.1	--	136	545360	买盘
09:58:07	40.1	0.02	44	176440	买盘
09:58:01	40.08	-0.04	41	164328	卖盘
09:57:57	40.12	0.02	49	196588	买盘
09:57:52	40.1	-0.02	21	84210	卖盘
09:57:46	40.12	-0.01	11	44132	卖盘
09:57:42	40.13	0.01	211	846743	中性盘
09:57:37	40.12	-0.02	32	128383	卖盘
09:57:31	40.14	-0.01	31	124434	卖盘
09:57:27	40.15	0.01	115	461725	中性盘
09:57:22	40.14	-0.04	106	425484	卖盘
09:57:16	40.18	0.04	133	534394	买盘
09:57:12	40.14	-0.01	233	935262	卖盘
09:57:07	40.15	-0.01	69	277035	卖盘
09:57:01	40.16	--	10	40160	卖盘
09:56:57	40.16	0.02	108	433727	中性盘
09:56:52	40.14	--	79	317106	卖盘
09:56:46	40.14	0.02	88	353232	买盘
09:56:42	40.12	-0.02	51	204612	卖盘
09:56:37	40.14	0.03	178	714492	买盘
09:56:31	40.11	--	22	88242	卖盘
09:56:27	40.11	--	61	247599	买盘
09:56:22	40.11	0.03	8	32088	买盘
09:56:16	40.08	-0.02	8	32064	卖盘
09:56:12	40.1	0.04	67	268670	买盘
09:56:07	40.06	0.01	21	84126	买盘
09:56:01	40.05	--	10	40050	买盘
09:55:57	40.05	0.03	32	128159	买盘
09:55:52	40.02	0.02	148	595497	买盘
09:55:46	40.0	0.02	58	232000	买盘
09:55:42	39.98	0.02	179	715642	中性盘
09:55:36	39.96	0.06	81	323676	卖盘
09:55:31	39.9	-0.08	5	19950	卖盘
09:55:27	39.98	0.15	92	367816	买盘
09:55:21	39.83	-0.02	161	641263	卖盘
09:55:16	39.85	-0.03	75	298875	中性盘
09:55:12	39.88	0.05	132	526416	买盘
09:55:06	39.83	0.03	54	215082	买盘
09:55:01	39.8	-0.03	62	246759	卖盘
09:54:55	39.83	0.03	47	187201	买盘
09:54:51	39.8	--	23	91540	买盘
09:54:46	39.8	--	16	63679	买盘
09:54:40	39.8	0.07	76	302480	买盘
09:54:36	39.73	-0.02	37	147001	中性盘
09:54:31	39.75	0.04	99	393525	买盘
09:54:25	39.71	0.01	74	293854	买盘
09:54:21	39.7	0.04	202	801940	买盘
09:54:16	39.66	0.05	112	444191	买盘
09:54:10	39.61	-0.05	37	146557	卖盘
09:54:06	39.66	0.05	88	349007	中性盘
09:54:01	39.61	-0.07	115	455515	中性盘
09:53:55	39.68	0.01	44	174592	买盘
09:53:51	39.67	0.07	88	349096	中性盘
09:53:46	39.6	-0.08	53	209880	卖盘
09:53:40	39.68	--	4	15872	买盘
09:53:36	39.68	-0.02	293	1162624	卖盘
09:53:31	39.7	0.02	238	944860	买盘
09:53:25	39.68	-0.01	97	384896	卖盘
09:53:21	39.69	0.05	223	885087	买盘
09:53:16	39.64	-0.05	79	313156	卖盘
09:53:10	39.69	--	28	111132	买盘
09:53:06	39.69	--	108	428652	买盘
09:53:01	39.69	-0.01	132	523907	卖盘
09:52:55	39.7	0.01	36	142920	买盘
09:52:51	39.69	-0.01	146	579474	卖盘
09:52:46	39.7	-0.03	124	492280	卖盘
09:52:40	39.73	0.02	135	536355	买盘
09:52:36	39.71	-0.01	64	254144	卖盘
09:52:31	39.72	-0.08	167	663324	卖盘
09:52:25	39.8	0.01	25	99500	买盘
09:52:21	39.79	--	165	656535	买盘
09:52:16	39.79	-0.02	150	596850	卖盘
09:52:10	39.81	0.01	49	195069	买盘
09:52:06	39.8	--	108	429839	卖盘
09:52:01	39.8	-0.04	63	250739	卖盘
09:51:55	39.84	--	24	95616	买盘
09:51:51	39.84	-0.06	87	346608	卖盘
09:51:46	39.9	--	314	1252860	卖盘
09:51:40	39.9	-0.04	28	111720	卖盘
09:51:36	39.94	0.04	44	175736	买盘
09:51:31	39.9	-0.07	110	438900	卖盘
09:51:25	39.97	-0.02	63	251811	卖盘
09:51:21	39.99	--	268	1071732	卖盘
09:51:16	39.99	-0.01	296	1184503	卖盘
09:51:10	40.0	--	63	252000	卖盘
09:51:06	40.0	-0.05	112	448000	卖盘
09:51:01	40.05	-0.03	97	389686	卖盘
09:50:55	40.08	--	15	60120	买盘
09:50:51	40.08	-0.02	70	280560	卖盘
09:50:46	40.1	-0.01	227	910270	卖盘
09:50:40	40.11	--	281	1127091	买盘
09:50:36	40.11	-0.01	265	1062915	卖盘
09:50:31	40.12	--	105	421260	买盘
09:50:25	40.12	--	30	120359	卖盘
09:50:21	40.12	--	85	341020	卖盘
09:50:16	40.12	-0.03	73	292876	卖盘
09:50:10	40.15	0.03	17	68255	买盘
09:50:06	40.12	--	112	449344	卖盘
09:50:01	40.12	-0.02	85	341020	卖盘
09:49:55	40.14	0.03	11	44154	买盘
09:49:51	40.11	--	80	320880	卖盘
09:49:46	40.11	-0.01	114	457254	卖盘
09:49:40	40.12	-0.03	97	389164	中性盘
09:49:36	40.15	0.03	62	248930	买盘
09:49:31	40.12	-0.03	67	268804	卖盘
09:49:25	40.15	--	12	48180	买盘
09:49:21	40.15	--	127	509905	买盘
09:49:15	40.15	-0.05	69	277035	卖盘
09:49:10	40.2	0.05	79	317580	买盘
09:49:06	40.15	-0.01	134	538010	买盘
09:49:01	40.16	0.02	94	377503	买盘
09:48:55	40.14	-0.05	73	293022	卖盘
09:48:50	40.19	0.08	193	775667	买盘
09:48:45	40.11	-0.01	127	509397	卖盘
09:48:40	40.12	-0.03	50	200600	卖盘
09:48:36	40.15	0.03	301	1208515	买盘
09:48:30	40.12	--	177	710124	买盘
09:48:25	40.12	-0.07	263	1055156	卖盘
09:48:19	40.19	0.04	40	160760	买盘
09:48:15	40.15	--	80	321200	买盘
09:48:10	40.15	0.05	221	887315	买盘
09:48:04	40.1	--	897	3596970	卖盘
09:48:00	40.1	--	106	427065	买盘
09:47:55	40.1	0.01	215	862150	买盘
09:47:49	40.09	-0.01	23	92207	中性盘
09:47:45	40.1	0.05	61	244610	买盘
09:47:40	40.05	--	135	540675	卖盘
09:47:34	40.05	--	21	84105	卖盘
09:47:30	40.05	0.05	332	1329660	买盘
09:47:25	40.0	-0.05	280	1120000	卖盘
09:47:19	40.05	0.06	125	500624	买盘
09:47:15	39.99	0.02	58	231942	中性盘
09:47:10	39.97	-0.02	126	503622	卖盘
09:47:04	39.99	0.04	164	655836	买盘
09:47:00	39.95	-0.03	356	1422220	卖盘
09:46:55	39.98	-0.02	193	771613	卖盘
09:46:49	40.0	--	130	520000	买盘
09:46:45	40.0	--	239	956000	买盘
09:46:40	40.0	--	230	920000	买盘
09:46:34	40.0	-0.02	99	396000	中性盘
09:46:30	40.02	0.02	222	888444	买盘
09:46:25	40.0	-0.01	135	540000	卖盘
09:46:19	40.01	-0.05	63	252063	中性盘
09:46:15	40.06	0.01	315	1261890	中性盘
09:46:10	40.05	-0.03	122	488609	卖盘
09:46:04	40.08	-0.02	23	92184	卖盘
09:46:00	40.1	--	70	280700	卖盘
09:45:55	40.1	-0.03	85	340850	卖盘
09:45:49	40.13	-0.05	27	108351	买盘
09:45:45	40.18	-0.02	218	875924	卖盘
09:45:40	40.2	--	342	1374840	买盘
09:45:34	40.2	-0.09	97	389940	卖盘
09:45:30	40.29	-0.01	87	350523	卖盘
09:45:25	40.3	-0.1	264	1063920	卖盘
09:45:19	40.4	--	69	278760	买盘
09:45:15	40.4	0.01	235	949400	买盘
09:45:10	40.39	-0.03	401	1623072	卖盘
09:45:04	40.42	-0.08	64	258688	卖盘
09:45:00	40.5	-0.1	503	2037150	卖盘
09:44:55	40.6	-0.1	204	828240	中性盘
09:44:49	40.7	--	139	565730	买盘
09:44:45	40.7	0.03	258	1050060	买盘
09:44:40	40.67	-0.07	475	1931825	卖盘
09:44:34	40.74	0.01	159	647766	买盘
09:44:30	40.73	-0.02	285	1160805	中性盘
09:44:25	40.75	--	463	1886725	买盘
09:44:19	40.75	0.05	54	220050	买盘
09:44:15	40.7	--	226	919820	卖盘
09:44:10	40.7	0.01	660	2686200	买盘
09:44:04	40.69	--	108	439452	买盘
09:44:00	40.69	0.02	190	773110	中性盘
09:43:55	40.67	0.01	149	605983	买盘
09:43:49	40.66	--	48	195167	卖盘
09:43:45	40.66	0.08	115	467589	买盘
09:43:40	40.58	0.03	166	673628	买盘
09:43:34	40.55	0.05	46	186530	买盘
09:43:30	40.5	0.01	200	810000	买盘
09:43:25	40.49	0.02	197	797653	卖盘
09:43:19	40.47	0.01	39	157833	卖盘
09:43:15	40.46	-0.02	212	857752	卖盘
09:43:10	40.48	0.08	283	1145584	买盘
09:43:04	40.4	--	93	375720	卖盘
09:43:00	40.4	0.01	291	1176246	买盘
09:42:55	40.39	-0.01	264	1066296	中性盘
09:42:49	40.4	0.02	277	1119080	买盘
09:42:45	40.38	--	734	2963892	卖盘
09:42:40	40.38	-0.01	251	1013538	卖盘
09:42:34	40.39	--	89	359471	买盘
09:42:30	40.39	0.01	334	1349026	买盘
09:42:24	40.38	0.09	226	912588	买盘
09:42:19	40.29	-0.01	296	1192584	卖盘
09:42:14	40.3	--	274	1104220	买盘
09:42:09	40.3	0.01	129	519869	买盘
09:42:04	40.29	0.13	81	326349	买盘
09:42:00	40.16	0.01	244	979903	买盘
09:41:54	40.15	--	123	493845	买盘
09:41:49	40.15	0.09	82	329230	买盘
09:41:43	40.06	0.04	15	60090	中性盘
09:41:39	40.02	-0.06	88	352176	卖盘
09:41:34	40.08	0.09	95	384126	买盘
09:41:28	39.99	-0.02	413	1652266	卖盘
09:41:24	40.01	0.01	437	1751757	买盘
09:41:19	40.0	0.01	375	1500000	买盘
09:41:13	39.99	-0.01	99	395901	卖盘
09:41:09	40.0	0.01	900	3600640	买盘
09:41:04	39.99	0.02	443	1771557	买盘
09:40:58	39.97	0.01	28	111916	中性盘
09:40:54	39.96	--	162	647352	买盘
09:40:49	39.96	0.01	79	315684	买盘
09:40:43	39.95	--	186	743070	买盘
09:40:39	39.95	0.02	265	1058675	买盘
09:40:34	39.93	0.03	98	391314	中性盘
09:40:28	39.9	-0.03	36	143640	中性盘
09:40:24	39.93	0.03	255	1018215	买盘
09:40:19	39.9	0.01	145	578550	买盘
09:40:13	39.89	0.03	77	307153	买盘
09:40:09	39.86	-0.03	137	546082	卖盘
09:40:04	39.89	0.03	130	518570	买盘
09:39:58	39.86	0.02	262	1044332	买盘
09:39:54	39.84	-0.01	393	1565712	卖盘
09:39:49	39.85	0.02	99	394515	买盘
09:39:43	39.83	0.02	45	179235	买盘
09:39:39	39.81	-0.02	111	441891	卖盘
09:39:34	39.83	0.03	319	1270577	买盘
09:39:28	39.8	--	190	756200	买盘
09:39:24	39.8	--	169	672620	买盘
09:39:19	39.8	0.07	116	461679	买盘
09:39:13	39.73	--	27	107946	卖盘
09:39:09	39.73	0.01	79	313867	买盘
09:39:04	39.72	0.02	411	1632492	买盘
09:38:58	39.7	0.02	478	1897660	买盘
09:38:54	39.68	-0.02	251	995968	卖盘
09:38:49	39.7	0.02	103	408910	买盘
09:38:43	39.68	0.02	80	317440	买盘
09:38:39	39.66	0.07	260	1032984	买盘
09:38:34	39.59	--	250	989750	卖盘
09:38:28	39.59	-0.01	8	31672	中性盘
09:38:24	39.6	0.05	76	300960	买盘
09:38:19	39.55	--	96	379680	买盘
09:38:13	39.55	0.01	67	264985	买盘
09:38:09	39.54	-0.01	99	391446	中性盘
09:38:04	39.55	0.03	137	541835	买盘
09:37:58	39.52	0.02	85	335920	买盘
09:37:54	39.5	-0.01	116	458200	卖盘
09:37:49	39.51	0.01	158	624297	中性盘
09:37:43	39.5	--	127	501650	卖盘
09:37:39	39.5	--	246	972292	卖盘
09:37:34	39.5	0.02	386	1524700	买盘
09:37:28	39.48	-0.02	153	604044	卖盘
09:37:24	39.5	0.01	249	983550	买盘
09:37:19	39.49	--	111	438339	卖盘
09:37:13	39.49	0.01	52	205348	买盘
09:37:09	39.48	-0.05	279	1101492	卖盘
09:37:04	39.53	0.03	179	707587	买盘
09:36:58	39.5	--	135	533250	买盘
09:36:54	39.5	-0.03	365	1441750	卖盘
09:36:49	39.53	--	188	743164	买盘
09:36:43	39.53	--	68	268804	买盘
09:36:39	39.53	-0.05	94	371582	卖盘
09:36:34	39.58	0.03	307	1215106	买盘
09:36:28	39.55	0.01	150	593250	买盘
09:36:24	39.54	-0.05	359	1419486	卖盘
09:36:19	39.59	-0.04	366	1448994	卖盘
09:36:13	39.63	--	281	1113603	买盘
09:36:09	39.63	0.04	233	923379	买盘
09:36:04	39.59	-0.04	125	494875	卖盘
09:35:58	39.63	--	145	574635	买盘
09:35:54	39.63	-0.05	478	1894314	卖盘
09:35:48	39.68	0.05	135	535680	中性盘
09:35:43	39.63	--	126	499338	卖盘
09:35:39	39.63	-0.12	280	1109640	卖盘
09:35:33	39.75	0.03	330	1311750	中性盘
09:35:28	39.72	-0.08	185	734820	卖盘
09:35:23	39.8	-0.03	403	1603940	卖盘
09:35:18	39.83	0.03	556	2214548	买盘
09:35:13	39.8	0.03	510	2029799	买盘
09:35:07	39.77	-0.12	111	441447	卖盘
09:35:03	39.89	0.09	900	3590100	买盘
09:34:58	39.8	-0.09	528	2101440	中性盘
09:34:52	39.89	0.03	528	2106192	买盘
09:34:48	39.86	0.09	826	3292436	买盘
09:34:43	39.77	-0.13	1424	5663248	卖盘
09:34:37	39.9	--	345	1376550	买盘
09:34:33	39.9	--	1189	4744110	买盘
09:34:28	39.9	--	949	3786510	买盘
09:34:22	39.9	--	427	1703730	买盘
09:34:18	39.9	-0.04	552	2202480	卖盘
09:34:13	39.94	0.06	676	2699944	中性盘
09:34:07	39.88	--	221	881348	买盘
09:34:03	39.88	0.08	544	2169472	买盘
09:33:58	39.8	0.1	67	266660	买盘
09:33:52	39.7	0.07	143	567710	买盘
09:33:48	39.63	0.04	179	709377	买盘
09:33:43	39.59	0.04	300	1187700	买盘
09:33:37	39.55	--	85	336175	买盘
09:33:33	39.55	0.05	318	1258045	买盘
09:33:28	39.5	0.04	417	1647150	买盘
09:33:22	39.46	-0.04	593	2339978	卖盘
09:33:18	39.5	0.04	265	1046750	买盘
09:33:13	39.46	--	659	2600414	买盘
09:33:07	39.46	--	84	331464	买盘
09:33:03	39.46	--	234	923364	买盘
09:32:58	39.46	0.02	443	1748078	买盘
09:32:52	39.44	0.03	83	327352	买盘
09:32:48	39.41	0.03	1013	3992232	买盘
09:32:43	39.38	-0.02	257	1012066	中性盘
09:32:37	39.4	--	122	480680	买盘
09:32:33	39.4	0.04	222	874680	买盘
09:32:28	39.36	0.06	184	724224	买盘
09:32:22	39.3	-0.05	146	573780	卖盘
09:32:18	39.35	0.06	299	1176565	买盘
09:32:13	39.29	--	143	561847	卖盘
09:32:07	39.29	0.01	151	593279	买盘
09:32:03	39.28	0.06	398	1563344	买盘
09:31:58	39.22	-0.03	409	1604098	卖盘
09:31:52	39.25	0.05	234	918450	买盘
09:31:48	39.2	-0.05	884	3465280	卖盘
09:31:43	39.25	--	1088	4270400	卖盘
09:31:37	39.25	--	208	816400	卖盘
09:31:33	39.25	--	242	949850	买盘
09:31:28	39.25	--	824	3234200	买盘
09:31:22	39.25	--	365	1432625	买盘
09:31:18	39.25	0.05	425	1668125	买盘
09:31:13	39.2	-0.05	340	1332800	卖盘
09:31:07	39.25	0.04	283	1110775	中性盘
09:31:03	39.21	0.06	233	913593	中性盘
09:30:58	39.15	-0.05	426	1668768	卖盘
09:30:52	39.2	0.05	210	823200	买盘
09:30:48	39.15	-0.07	232	908280	买盘
09:30:43	39.22	0.02	366	1435452	中性盘
09:30:37	39.2	0.11	167	654640	买盘
09:30:33	39.09	-0.27	342	1336878	卖盘
09:30:28	39.36	0.26	211	830496	买盘
09:30:22	39.1	-0.2	140	547400	卖盘
09:30:18	39.3	-0.1	351	1379430	中性盘
09:30:13	39.4	--	1075	4235500	买盘
09:30:07	39.4	-0.1	5667	22327980	卖盘
09:28:57	39.5	--	0	0	买盘
09:25:06	39.5	39.5	2474	9772300	买盘
