成交时间	成交价	价格变动	成交量(手)	成交额(元)	性质
15:00:00	9.74	--	0	0	卖盘
15:00:00	9.74	--	10	9740	卖盘
14:59:59	9.74	-0.01	9	8766	卖盘
14:59:54	9.75	0.01	188	183300	买盘
14:59:49	9.74	--	159	154866	买盘
14:59:44	9.74	--	31	30194	买盘
14:59:39	9.74	--	95	92530	买盘
14:59:34	9.74	--	27	26298	买盘
14:59:29	9.74	--	84	81816	买盘
14:59:24	9.74	--	181	176294	买盘
14:59:19	9.74	--	305	297070	买盘
14:59:14	9.74	--	19	18506	买盘
14:59:09	9.74	--	60	58440	中性盘
14:59:04	9.74	--	91	88634	买盘
14:58:59	9.74	0.01	4	3896	中性盘
14:58:54	9.73	--	279	271467	卖盘
14:58:49	9.73	-0.02	264	256872	卖盘
14:58:44	9.75	0.01	100	97500	买盘
14:58:39	9.74	--	199	194731	买盘
14:58:34	9.74	--	147	143178	买盘
14:58:29	9.74	--	37	36038	买盘
14:58:24	9.74	--	304	296096	买盘
14:58:19	9.74	--	116	112984	买盘
14:58:14	9.74	--	64	62336	买盘
14:58:09	9.74	--	660	642908	卖盘
14:58:03	9.74	-0.01	73	71102	卖盘
14:57:59	9.75	--	13	12675	买盘
14:57:54	9.75	0.01	81	78975	买盘
14:57:49	9.74	--	159	154866	卖盘
14:57:44	9.74	--	10	9740	卖盘
14:57:39	9.74	-0.01	525	511350	卖盘
14:57:34	9.75	0.01	68	66300	买盘
14:57:29	9.74	--	19	18506	卖盘
14:57:24	9.74	--	623	606802	卖盘
14:57:19	9.74	-0.01	118	114932	卖盘
14:57:14	9.75	--	100	97500	买盘
14:57:09	9.75	0.01	303	295425	买盘
14:57:03	9.74	-0.01	190	185060	卖盘
14:56:59	9.75	0.01	171	166725	买盘
14:56:54	9.74	--	29	28246	卖盘
14:56:48	9.74	-0.01	24	23376	卖盘
14:56:44	9.75	0.02	338	330456	买盘
14:56:39	9.73	-0.01	675	656775	卖盘
14:56:33	9.74	--	436	424732	卖盘
14:56:28	9.74	--	50	48700	卖盘
14:56:24	9.74	--	116	112984	卖盘
14:56:18	9.74	-0.01	64	62336	卖盘
14:56:13	9.75	--	1	975	买盘
14:56:09	9.75	--	8	7800	买盘
14:56:04	9.75	0.01	48	46800	买盘
14:55:58	9.74	--	3	2922	卖盘
14:55:53	9.74	--	300	292200	卖盘
14:55:49	9.74	--	736	717769	买盘
14:55:43	9.74	0.01	51	49674	买盘
14:55:38	9.73	-0.01	110	107030	卖盘
14:55:33	9.74	0.01	9	8766	买盘
14:55:28	9.73	--	9	8757	卖盘
14:55:23	9.73	--	333	324009	卖盘
14:55:18	9.73	-0.01	132	128436	卖盘
14:55:13	9.74	0.01	1552	1511648	买盘
14:55:08	9.73	--	9	8757	卖盘
14:55:03	9.73	--	105	102165	卖盘
14:54:58	9.73	--	30	29190	卖盘
14:54:47	9.73	--	579	563367	买盘
14:54:43	9.73	--	352	342496	买盘
14:54:38	9.73	--	320	311360	买盘
14:54:33	9.73	--	220	214060	买盘
14:54:28	9.73	--	796	774508	买盘
14:54:23	9.73	--	46	44758	买盘
14:54:18	9.73	--	97	94381	买盘
14:54:13	9.73	0.01	388	377524	买盘
14:54:08	9.72	-0.01	288	279936	卖盘
14:54:02	9.73	--	143	139139	卖盘
14:53:58	9.73	0.01	225	218925	买盘
14:53:53	9.72	-0.01	132	128304	卖盘
14:53:47	9.73	--	514	500122	卖盘
14:53:43	9.73	-0.01	253	246169	卖盘
14:53:38	9.74	0.01	20	19480	买盘
14:53:32	9.73	-0.01	494	480662	卖盘
14:53:28	9.74	--	739	719786	买盘
14:53:23	9.74	0.01	196	190904	买盘
14:53:17	9.73	--	98	95354	卖盘
14:53:13	9.73	--	243	236439	卖盘
14:53:08	9.73	-0.01	50	48650	卖盘
14:53:02	9.74	0.01	592	576608	买盘
14:52:58	9.73	--	214	208222	卖盘
14:52:53	9.73	--	109	106057	卖盘
14:52:48	9.73	-0.01	104	101192	卖盘
14:52:43	9.74	0.01	36	35064	买盘
14:52:38	9.73	--	205	199465	卖盘
14:52:32	9.73	--	271	263683	买盘
14:52:27	9.73	--	179	174167	卖盘
14:52:23	9.73	--	23	22379	买盘
14:52:17	9.73	--	309	300657	卖盘
14:52:13	9.73	--	239	232547	卖盘
14:52:08	9.73	--	330	321090	卖盘
14:52:02	9.73	--	102	99246	卖盘
14:51:57	9.73	-0.01	303	294819	卖盘
14:51:53	9.74	0.01	91	88634	买盘
14:51:47	9.73	--	204	198492	买盘
14:51:43	9.73	-0.01	839	817154	卖盘
14:51:32	9.74	0.01	606	590244	买盘
14:51:28	9.73	-0.01	213	207249	卖盘
14:51:23	9.74	--	396	385704	买盘
14:51:17	9.74	--	8	7792	买盘
14:51:12	9.74	--	707	688618	买盘
14:51:02	9.74	--	582	566868	买盘
14:50:57	9.74	0.01	200	194800	买盘
14:50:47	9.73	-0.01	14	13622	卖盘
14:50:42	9.74	--	114	111036	买盘
14:50:38	9.74	--	65	63310	买盘
14:50:32	9.74	-0.01	420	409313	卖盘
14:50:27	9.75	--	94	91650	买盘
14:50:23	9.75	--	25	24375	买盘
14:50:17	9.75	--	428	417300	买盘
14:50:13	9.75	0.01	49	47775	买盘
14:50:08	9.74	--	461	449014	卖盘
14:50:02	9.74	--	47	45778	卖盘
14:49:57	9.74	--	391	380834	卖盘
14:49:47	9.74	--	1245	1212630	卖盘
14:49:42	9.74	-0.01	200	194800	卖盘
14:49:38	9.75	--	10	9750	买盘
14:49:32	9.75	--	126	122850	买盘
14:49:27	9.75	0.01	514	501150	买盘
14:49:17	9.74	--	30	29220	卖盘
14:49:12	9.74	--	722	703228	卖盘
14:49:07	9.74	-0.01	228	222072	卖盘
14:49:02	9.75	0.01	593	578175	买盘
14:48:58	9.74	-0.01	10	9740	卖盘
14:48:52	9.75	0.01	681	663975	买盘
14:48:47	9.74	--	803	782122	卖盘
14:48:41	9.74	-0.01	226	220124	卖盘
14:48:37	9.75	--	358	349050	买盘
14:48:32	9.75	0.01	15	14625	买盘
14:48:26	9.74	-0.01	317	308758	卖盘
14:48:22	9.75	--	353	344175	买盘
14:48:17	9.75	--	3	2925	买盘
14:48:11	9.75	0.01	23	22425	买盘
14:48:07	9.74	-0.01	73	71102	卖盘
14:47:56	9.75	--	40	39000	买盘
14:47:52	9.75	0.01	25	24375	买盘
14:47:47	9.74	--	480	467520	卖盘
14:47:41	9.74	-0.01	15	14610	卖盘
14:47:22	9.75	0.01	50	48750	买盘
14:47:17	9.74	-0.01	3	2922	卖盘
14:47:11	9.75	0.01	50	48750	买盘
14:47:07	9.74	-0.01	22	21428	卖盘
14:47:02	9.75	0.01	10	9750	买盘
14:46:56	9.74	--	35	34090	卖盘
14:46:52	9.74	-0.01	11	10714	卖盘
14:46:47	9.75	--	10	9750	买盘
14:46:41	9.75	0.01	95	92625	买盘
14:46:37	9.74	-0.01	96	93504	卖盘
14:46:32	9.75	0.01	50	48750	买盘
14:46:26	9.74	--	34	33116	卖盘
14:46:22	9.74	--	162	157788	卖盘
14:46:17	9.74	--	600	584400	卖盘
14:46:11	9.74	--	329	320446	卖盘
14:46:07	9.74	-0.01	157	152918	卖盘
14:46:02	9.75	--	300	292500	买盘
14:45:56	9.75	--	43	41925	买盘
14:45:51	9.75	--	12	11700	买盘
14:45:47	9.75	--	5	4875	买盘
14:45:41	9.75	--	40	39000	买盘
14:45:36	9.75	0.01	223	217425	买盘
14:45:26	9.74	-0.01	66	64284	卖盘
14:45:21	9.75	--	21	20475	买盘
14:45:17	9.75	0.01	276	269100	买盘
14:45:11	9.74	--	15	14610	卖盘
14:45:06	9.74	-0.01	44	42856	卖盘
14:45:02	9.75	--	310	302250	买盘
14:44:56	9.75	--	327	318825	买盘
14:44:51	9.75	0.01	11	10725	买盘
14:44:47	9.74	--	1822	1774628	卖盘
14:44:41	9.74	--	295	287330	卖盘
14:44:36	9.74	-0.01	364	355247	卖盘
14:44:32	9.75	0.01	5	4875	买盘
14:44:26	9.74	-0.01	10	9740	卖盘
14:44:21	9.75	--	25	24375	买盘
14:44:17	9.75	--	10	9750	买盘
14:44:11	9.75	--	281	273975	买盘
14:44:06	9.75	--	441	430686	卖盘
14:44:01	9.75	--	227	221588	卖盘
14:43:56	9.75	--	51	49725	卖盘
14:43:51	9.75	--	194	189150	卖盘
14:43:41	9.75	--	7	6825	卖盘
14:43:36	9.75	0.01	20	19500	买盘
14:43:32	9.74	-0.01	512	498688	卖盘
14:43:26	9.75	--	104	101400	买盘
14:43:21	9.75	0.01	125	121875	买盘
14:43:11	9.74	-0.02	1500	1461000	卖盘
14:43:06	9.76	--	252	245981	买盘
14:43:01	9.76	--	9	8784	买盘
14:42:51	9.76	-0.01	206	202002	卖盘
14:42:46	9.77	0.01	13	12701	买盘
14:42:41	9.76	--	225	219600	卖盘
14:42:36	9.76	--	400	390429	卖盘
14:42:31	9.76	--	15	14640	卖盘
14:42:26	9.76	--	5	4880	卖盘
14:42:21	9.76	--	9	8784	卖盘
14:42:16	9.76	-0.01	271	264496	卖盘
14:42:05	9.77	0.01	9	8793	买盘
14:42:01	9.76	--	36	35136	卖盘
14:41:56	9.76	--	342	333792	卖盘
14:41:50	9.76	--	45	43920	卖盘
14:41:46	9.76	-0.01	1842	1797792	卖盘
14:41:41	9.77	--	80	78160	买盘
14:41:35	9.77	0.01	331	323387	买盘
14:41:26	9.76	--	2	1952	卖盘
14:41:20	9.76	-0.01	148	144448	卖盘
14:41:16	9.77	0.01	150	146550	买盘
14:41:11	9.76	-0.01	20	19520	卖盘
14:41:05	9.77	0.01	159	155343	买盘
14:41:01	9.76	--	20	19520	卖盘
14:40:56	9.76	--	227	221552	卖盘
14:40:50	9.76	-0.01	247	241072	卖盘
14:40:46	9.77	--	11	10747	买盘
14:40:41	9.77	-0.01	167	163159	卖盘
14:40:35	9.78	--	28	27384	买盘
14:40:31	9.78	0.01	35	34230	买盘
14:40:20	9.77	--	36	35172	卖盘
14:40:16	9.77	--	12	11724	卖盘
14:40:11	9.77	--	6	5862	卖盘
14:40:05	9.77	--	67	65459	卖盘
14:40:01	9.77	--	78	76206	卖盘
14:39:56	9.77	--	505	493385	卖盘
14:39:50	9.77	0.01	35	34195	买盘
14:39:46	9.76	-0.01	10	9760	卖盘
14:39:35	9.77	--	34	33218	买盘
14:39:31	9.77	--	33	32241	买盘
14:39:26	9.77	--	200	195400	买盘
14:39:20	9.77	--	12	11724	买盘
14:39:10	9.77	-0.01	68	66436	卖盘
14:39:05	9.78	0.01	3	2934	买盘
14:39:00	9.77	-0.01	30	29310	卖盘
14:38:55	9.78	0.01	3	2934	买盘
14:38:50	9.77	-0.01	7	6839	卖盘
14:38:45	9.78	--	70	68460	买盘
14:38:35	9.78	--	559	546702	卖盘
14:38:30	9.78	--	348	340344	卖盘
14:38:26	9.78	--	52	50856	卖盘
14:38:20	9.78	-0.01	304	297312	卖盘
14:38:00	9.79	--	66	64613	买盘
14:37:45	9.79	0.01	20	19580	买盘
14:37:41	9.78	-0.01	19	18582	卖盘
14:37:35	9.79	0.01	1	978	买盘
14:37:30	9.78	-0.01	94	91932	卖盘
14:37:20	9.79	--	57	55802	买盘
14:37:15	9.79	0.01	2	1957	买盘
14:37:05	9.78	-0.01	64	62591	卖盘
14:37:00	9.79	--	174	170345	买盘
14:36:50	9.79	--	315	308385	卖盘
14:36:45	9.79	--	40	39160	卖盘
14:36:41	9.79	--	4	3915	卖盘
14:36:35	9.79	--	233	228106	卖盘
14:36:20	9.79	--	128	125311	卖盘
14:36:15	9.79	--	11	10768	卖盘
14:36:05	9.79	--	25	24474	卖盘
14:36:00	9.79	--	65	63634	卖盘
14:35:55	9.79	-0.01	5	4895	卖盘
14:35:50	9.8	--	16	15680	买盘
14:35:44	9.8	0.01	11	10780	买盘
14:35:40	9.79	--	31	30348	卖盘
14:35:35	9.79	-0.01	43	42096	卖盘
14:35:29	9.8	0.01	53	51940	买盘
14:35:25	9.79	-0.01	5	4895	卖盘
14:35:20	9.8	0.01	46	45080	买盘
14:35:14	9.79	--	10	9790	买盘
14:35:10	9.79	--	169	165451	卖盘
14:35:05	9.79	--	21	20559	卖盘
14:34:59	9.79	--	80	78320	卖盘
14:34:50	9.79	--	25	24474	卖盘
14:34:40	9.79	0.01	1097	1073963	买盘
14:34:35	9.78	-0.01	10	9780	卖盘
14:34:29	9.79	--	39	38181	买盘
14:34:25	9.79	--	45	44652	买盘
14:34:20	9.79	0.01	50	48949	买盘
14:34:05	9.78	0.02	1785	1745730	买盘
14:33:59	9.76	--	10	9760	卖盘
14:33:50	9.76	--	9	8784	卖盘
14:33:44	9.76	0.01	14	13664	买盘
14:33:40	9.75	-0.01	30	29250	卖盘
14:33:29	9.76	0.01	188	183488	买盘
14:33:25	9.75	--	87	84825	卖盘
14:33:10	9.75	--	71	69225	卖盘
14:33:05	9.75	--	20	19500	卖盘
14:32:59	9.75	--	432	421200	买盘
14:32:54	9.75	--	63	61425	买盘
14:32:44	9.75	--	14	13650	买盘
14:32:39	9.75	--	13	12675	买盘
14:32:35	9.75	--	50	48750	买盘
14:32:29	9.75	--	626	610350	卖盘
14:32:24	9.75	-0.01	90	87750	卖盘
14:32:19	9.76	0.01	2	1952	买盘
14:32:14	9.75	-0.01	43	41925	卖盘
14:32:09	9.76	--	15	14640	买盘
14:31:59	9.76	--	77	75152	买盘
14:31:54	9.76	0.01	110	107360	买盘
14:31:49	9.75	-0.01	207	201825	卖盘
14:31:44	9.76	0.01	23	22448	买盘
14:31:39	9.75	--	8	7800	卖盘
14:31:29	9.75	--	6	5850	卖盘
14:31:24	9.75	--	2	1950	卖盘
14:31:19	9.75	--	20	19500	卖盘
14:31:09	9.75	-0.01	150	146250	卖盘
14:30:54	9.76	--	14	13664	卖盘
14:30:44	9.76	-0.01	5	4880	卖盘
14:30:39	9.77	0.01	18	17586	买盘
14:30:29	9.76	--	121	118096	卖盘
14:30:14	9.76	--	6	5856	卖盘
14:30:09	9.76	-0.01	89	86864	卖盘
14:30:04	9.77	0.01	20	19540	买盘
14:29:59	9.76	-0.01	57	55632	卖盘
14:29:54	9.77	0.01	138	134826	买盘
14:29:44	9.76	--	350	341600	卖盘
14:29:39	9.76	-0.01	35	34160	卖盘
14:29:34	9.77	0.01	7	6839	买盘
14:29:29	9.76	--	77	75152	卖盘
14:29:24	9.76	--	100	97600	卖盘
14:29:14	9.76	--	6	5856	卖盘
14:29:08	9.76	--	85	82960	卖盘
14:29:04	9.76	-0.01	14	13664	卖盘
14:28:53	9.77	0.01	41	40057	买盘
14:28:49	9.76	--	79	77104	卖盘
14:28:23	9.76	--	6	5856	卖盘
14:28:19	9.76	--	109	106384	卖盘
14:28:08	9.76	--	280	273280	卖盘
14:27:53	9.76	-0.01	10	9760	卖盘
14:27:49	9.77	0.01	25	24425	买盘
14:27:38	9.76	--	2	1952	卖盘
14:27:34	9.76	-0.01	50	48800	卖盘
14:27:23	9.77	0.01	5	4885	买盘
14:27:19	9.76	--	10	9760	卖盘
14:27:14	9.76	--	10	9760	卖盘
14:27:08	9.76	--	21	20496	卖盘
14:27:04	9.76	--	10	9760	卖盘
14:26:59	9.76	--	31	30256	卖盘
14:26:53	9.76	--	21	20496	卖盘
14:26:38	9.76	--	73	71248	买盘
14:26:34	9.76	-0.01	72	70272	卖盘
14:26:29	9.77	0.01	20	19540	买盘
14:26:23	9.76	-0.01	50	48800	卖盘
14:26:18	9.77	--	42	41034	买盘
14:26:08	9.77	0.01	10	9770	买盘
14:25:48	9.76	0.01	253	246928	买盘
14:25:43	9.75	-0.01	10	9750	卖盘
14:25:38	9.76	--	20	19520	买盘
14:25:33	9.76	0.01	15	14640	买盘
14:25:28	9.75	--	6	5850	卖盘
14:25:18	9.75	--	35	34125	卖盘
14:25:08	9.75	--	83	80925	卖盘
14:25:03	9.75	-0.01	5	4875	卖盘
14:24:53	9.76	0.01	421	410896	买盘
14:24:48	9.75	--	32	31200	买盘
14:24:43	9.75	--	25	24375	买盘
14:24:33	9.75	--	33	32175	买盘
14:24:28	9.75	--	135	131625	买盘
14:24:23	9.75	--	100	97500	买盘
14:24:18	9.75	0.01	12	11700	买盘
14:24:08	9.74	-0.01	50	48700	卖盘
14:24:03	9.75	0.01	95	92625	买盘
14:23:48	9.74	--	10	9740	卖盘
14:23:38	9.74	-0.01	92	89608	卖盘
14:23:33	9.75	--	30	29250	买盘
14:23:28	9.75	0.01	18	17550	买盘
14:23:23	9.74	-0.01	67	65258	卖盘
14:23:13	9.75	--	8	7800	买盘
14:23:08	9.75	0.01	184	179400	买盘
14:23:03	9.74	-0.01	223	217202	卖盘
14:22:53	9.75	0.01	63	61425	买盘
14:22:47	9.74	-0.01	33	32142	卖盘
14:22:43	9.75	--	39	38025	买盘
14:22:38	9.75	0.01	10	9750	买盘
14:22:32	9.74	--	152	148048	卖盘
14:22:28	9.74	--	21	20454	卖盘
14:22:13	9.74	-0.01	18	17532	卖盘
14:21:58	9.75	0.01	30	29250	买盘
14:21:53	9.74	--	182	177268	买盘
14:21:47	9.74	--	19	18506	买盘
14:21:43	9.74	--	799	778226	卖盘
14:21:38	9.74	--	26	25324	卖盘
14:21:32	9.74	--	90	87660	卖盘
14:21:28	9.74	-0.01	54	52596	卖盘
14:21:23	9.75	0.01	10	9750	买盘
14:21:17	9.74	--	177	172398	买盘
14:21:13	9.74	--	136	132464	买盘
14:21:08	9.74	--	1	974	买盘
14:21:02	9.74	--	104	101296	卖盘
14:20:58	9.74	--	55	53570	买盘
14:20:53	9.74	--	19	18506	卖盘
14:20:47	9.74	-0.01	6	5844	卖盘
14:20:43	9.75	0.01	396	386100	买盘
14:20:38	9.74	-0.01	10	9740	卖盘
14:20:32	9.75	0.02	41	39975	买盘
14:20:28	9.73	--	489	475797	卖盘
14:20:23	9.73	--	0	0	卖盘
14:20:17	9.73	--	3	2919	卖盘
14:20:13	9.73	-0.01	272	264656	卖盘
14:20:08	9.74	0.01	34	33116	买盘
14:20:02	9.73	--	10	9730	卖盘
14:19:57	9.73	-0.01	72	70056	卖盘
14:19:47	9.74	0.01	207	201783	买盘
14:19:42	9.73	-0.01	459	446607	卖盘
14:19:32	9.74	0.01	285	277590	买盘
14:19:27	9.73	--	96	93408	卖盘
14:19:22	9.73	-0.01	10	9730	卖盘
14:19:17	9.74	0.01	1	974	买盘
14:19:12	9.73	--	48	46704	买盘
14:19:07	9.73	--	316	307468	卖盘
14:19:02	9.73	-0.01	51	49623	卖盘
14:18:52	9.74	0.01	10	9740	买盘
14:18:47	9.73	--	48	46704	卖盘
14:18:42	9.73	--	94	91462	卖盘
14:18:27	9.73	-0.01	47	45731	卖盘
14:18:17	9.74	--	66	64284	买盘
14:18:12	9.74	--	516	503392	卖盘
14:18:02	9.74	--	10	9740	卖盘
14:17:57	9.74	--	25	24350	卖盘
14:17:52	9.74	--	30	29220	卖盘
14:17:47	9.74	-0.01	21	20454	卖盘
14:17:42	9.75	--	17	16575	买盘
14:17:32	9.75	--	366	356850	卖盘
14:17:27	9.75	-0.01	49	47775	卖盘
14:17:22	9.76	0.01	2	1952	买盘
14:17:17	9.75	--	1	975	卖盘
14:17:07	9.75	-0.01	27	26325	卖盘
14:17:02	9.76	-0.01	1000	976000	卖盘
14:16:57	9.77	0.01	30	29310	买盘
14:16:52	9.76	--	35	34160	卖盘
14:16:47	9.76	--	94	91744	卖盘
14:16:42	9.76	--	30	29280	卖盘
14:16:37	9.76	-0.01	24	23424	卖盘
14:16:32	9.77	0.01	5	4885	买盘
14:16:26	9.76	--	107	104432	卖盘
14:16:22	9.76	--	37	36112	卖盘
14:16:17	9.76	--	30	29280	卖盘
14:16:11	9.76	--	16	15616	卖盘
14:16:07	9.76	-0.01	31	30256	卖盘
14:15:56	9.77	0.01	14	13678	买盘
14:15:52	9.76	-0.01	11	10736	卖盘
14:15:41	9.77	0.01	34	33218	买盘
14:15:37	9.76	-0.01	100	97600	卖盘
14:15:32	9.77	--	38	37126	买盘
14:15:26	9.77	--	50	48850	买盘
14:15:22	9.77	--	10	9770	买盘
14:15:11	9.77	0.01	68	66436	买盘
14:15:07	9.76	-0.01	19	18544	卖盘
14:14:56	9.77	0.01	24	23448	买盘
14:14:52	9.76	-0.01	69	67344	卖盘
14:14:47	9.77	--	40	39080	买盘
14:14:41	9.77	--	10	9770	买盘
14:14:37	9.77	--	12	11724	买盘
14:14:32	9.77	--	10	9770	买盘
14:14:26	9.77	--	55	53735	买盘
14:14:22	9.77	--	15	14655	买盘
14:14:07	9.77	--	8	7816	买盘
14:13:56	9.77	0.01	52	50804	买盘
14:13:47	9.76	-0.01	150	146400	卖盘
14:13:36	9.77	0.01	37	36149	买盘
14:13:32	9.76	-0.01	18	17568	卖盘
14:13:26	9.77	0.01	92	89884	买盘
14:13:11	9.76	-0.01	145	141520	卖盘
14:13:06	9.77	0.01	85	83045	买盘
14:12:56	9.76	-0.01	55	53680	卖盘
14:12:51	9.77	--	52	50804	卖盘
14:12:46	9.77	--	63	61551	卖盘
14:12:41	9.77	--	30	29310	卖盘
14:12:36	9.77	--	36	35172	卖盘
14:12:31	9.77	--	15	14655	卖盘
14:12:26	9.77	--	19	18563	买盘
14:12:06	9.77	-0.01	543	530511	卖盘
14:11:41	9.78	--	924	903671	卖盘
14:11:36	9.78	--	10	9780	卖盘
14:11:26	9.78	--	33	32273	卖盘
14:11:21	9.78	-0.01	25	24450	卖盘
14:11:06	9.79	--	25	24474	买盘
14:11:01	9.79	0.01	77	75383	买盘
14:10:51	9.78	--	5	4890	卖盘
14:10:46	9.78	-0.01	9	8802	卖盘
14:10:41	9.79	--	42	41118	买盘
14:10:36	9.79	--	5	4895	买盘
14:10:31	9.79	0.01	87	85172	买盘
14:10:26	9.78	-0.01	60	58679	卖盘
14:10:11	9.79	0.01	10	9790	买盘
14:10:06	9.78	--	30	29339	卖盘
14:10:01	9.78	-0.01	582	569196	卖盘
14:09:56	9.79	0.01	57	55802	买盘
14:09:50	9.78	--	60	58679	卖盘
14:09:46	9.78	--	14	13692	卖盘
14:09:41	9.78	--	3	2934	卖盘
14:09:35	9.78	--	49	47922	卖盘
14:09:31	9.78	-0.01	5	4890	卖盘
14:09:20	9.79	0.01	20	19580	买盘
14:09:11	9.78	-0.01	218	213204	卖盘
14:09:01	9.79	0.01	627	613833	买盘
14:08:50	9.78	--	1	977	卖盘
14:08:46	9.78	--	30	29339	卖盘
14:08:35	9.78	-0.01	210	205380	卖盘
14:08:31	9.79	0.01	20	19580	买盘
14:08:20	9.78	-0.01	3	2934	卖盘
14:08:16	9.79	0.01	71	69509	买盘
14:08:11	9.78	--	5	4890	卖盘
14:08:05	9.78	--	10	9780	卖盘
14:08:01	9.78	-0.01	20	19560	卖盘
14:07:56	9.79	0.01	112	109647	买盘
14:07:50	9.78	--	30	29339	卖盘
14:07:31	9.78	--	20	19560	卖盘
14:07:26	9.78	-0.01	35	34230	卖盘
14:07:20	9.79	0.01	83	81257	买盘
14:07:16	9.78	--	6	5868	卖盘
14:07:11	9.78	--	90	88020	卖盘
14:07:05	9.78	-0.01	50	48900	卖盘
14:07:00	9.79	0.01	8	7831	买盘
14:06:56	9.78	-0.01	2	1955	卖盘
14:06:50	9.79	0.01	5	4895	买盘
14:06:35	9.78	--	46	44988	卖盘
14:06:25	9.78	-0.01	30	29339	卖盘
14:06:20	9.79	--	50	48949	买盘
14:06:15	9.79	--	5	5012	买盘
14:06:10	9.79	0.01	211	206568	买盘
14:06:05	9.78	-0.01	10	9780	卖盘
14:06:00	9.79	0.01	4	3915	买盘
14:05:50	9.78	-0.01	72	70416	卖盘
14:05:45	9.79	0.01	20	19580	买盘
14:05:35	9.78	-0.01	101	98778	卖盘
14:05:30	9.79	--	31	30348	买盘
14:05:15	9.79	0.01	30	29369	买盘
14:05:05	9.78	-0.01	20	19560	卖盘
14:04:55	9.79	--	30	29369	买盘
14:04:50	9.79	--	35	34265	买盘
14:04:45	9.79	--	20	19580	买盘
14:04:40	9.79	--	14	13705	买盘
14:04:35	9.79	--	134	131186	卖盘
14:04:30	9.79	-0.01	107	104752	卖盘
14:04:20	9.8	--	2	1960	买盘
14:04:15	9.8	0.01	64	62720	买盘
14:04:00	9.79	-0.01	4	3915	卖盘
14:03:55	9.8	--	18	17640	买盘
14:03:50	9.8	--	6	5880	买盘
14:03:45	9.8	--	50	49000	买盘
14:03:40	9.8	--	112	109760	买盘
14:03:35	9.8	0.01	90	88200	买盘
14:03:29	9.79	-0.01	103	100836	卖盘
14:03:14	9.8	--	47	46060	买盘
14:02:59	9.8	0.01	507	496860	买盘
14:02:55	9.79	--	10	9790	卖盘
14:02:44	9.79	--	84	82236	卖盘
14:02:40	9.79	--	10	9790	卖盘
14:02:29	9.79	-0.01	36	35244	卖盘
14:02:25	9.8	0.01	72	70560	买盘
14:02:20	9.79	--	10	9790	卖盘
14:02:14	9.79	--	5	4895	卖盘
14:02:10	9.79	--	65	63634	卖盘
14:01:59	9.79	-0.01	10	9790	卖盘
14:01:44	9.8	0.01	297	291060	买盘
14:01:29	9.79	--	55	53844	卖盘
14:01:14	9.79	--	144	140976	卖盘
14:01:05	9.79	-0.01	4	3915	卖盘
14:00:59	9.8	0.01	20	19600	买盘
14:00:55	9.79	-0.01	3	2936	卖盘
14:00:29	9.8	0.01	34	33320	买盘
14:00:24	9.79	-0.01	150	146850	卖盘
14:00:14	9.8	0.01	22	21560	买盘
14:00:09	9.79	-0.01	81	79299	卖盘
13:59:59	9.8	--	5	4900	买盘
13:59:54	9.8	--	3	2940	买盘
13:59:49	9.8	--	30	29400	买盘
13:59:44	9.8	0.01	17	16660	买盘
13:59:29	9.79	-0.01	14	13705	卖盘
13:59:24	9.8	--	76	74480	买盘
13:59:19	9.8	--	7	6860	买盘
13:59:14	9.8	0.01	55	53900	买盘
13:59:04	9.79	--	33	32306	卖盘
13:58:59	9.79	--	42	41118	买盘
13:58:54	9.79	--	122	119437	买盘
13:58:44	9.79	--	10	9790	买盘
13:58:39	9.79	0.01	510	499289	买盘
13:58:34	9.78	-0.01	46	44988	卖盘
13:58:24	9.79	0.01	46	45033	买盘
13:58:09	9.78	--	32	31295	卖盘
13:57:59	9.78	--	2	1955	卖盘
13:57:54	9.78	--	173	169194	卖盘
13:57:44	9.78	-0.01	40	39120	卖盘
13:57:39	9.79	--	6	5873	买盘
13:57:34	9.79	0.01	10	9790	买盘
13:57:24	9.78	--	10	9780	卖盘
13:57:08	9.78	-0.01	1	977	卖盘
13:56:59	9.79	0.01	12	11747	买盘
13:56:53	9.78	--	30	29339	卖盘
13:56:49	9.78	--	11	10758	卖盘
13:56:44	9.78	--	13	12714	卖盘
13:56:38	9.78	-0.01	10	9780	卖盘
13:56:19	9.79	--	24	23495	买盘
13:56:14	9.79	0.01	120	117479	买盘
13:56:08	9.78	-0.01	300	293400	卖盘
13:55:59	9.79	0.01	25	24474	买盘
13:55:49	9.78	-0.01	11	10758	卖盘
13:55:44	9.79	0.01	10	9790	买盘
13:55:29	9.78	-0.01	1	977	卖盘
13:55:23	9.79	--	2	1957	买盘
13:55:19	9.79	0.01	20	19580	买盘
13:55:04	9.78	--	5	4890	卖盘
13:54:59	9.78	--	10	9780	卖盘
13:54:53	9.78	-0.01	101	98778	卖盘
13:54:38	9.79	0.01	43	42096	买盘
13:54:23	9.78	--	10	9780	卖盘
13:54:14	9.78	-0.01	7	6846	卖盘
13:54:08	9.79	0.01	21	20559	买盘
13:54:03	9.78	--	510	498779	卖盘
13:53:59	9.78	--	22	21516	卖盘
13:53:53	9.78	--	19	18582	卖盘
13:53:48	9.78	--	235	229829	卖盘
13:53:33	9.78	-0.01	7	6846	卖盘
13:53:23	9.79	0.01	41	40139	买盘
13:53:18	9.78	-0.01	14	13692	卖盘
13:53:13	9.79	0.01	10	9790	买盘
13:53:08	9.78	-0.01	8	7823	卖盘
13:53:03	9.79	--	5	4895	买盘
13:52:58	9.79	0.01	53	51886	买盘
13:52:53	9.78	--	23	22494	卖盘
13:52:43	9.78	--	30	29339	卖盘
13:52:38	9.78	--	4	3911	卖盘
13:52:33	9.78	--	279	272862	卖盘
13:52:28	9.78	-0.01	47	45966	卖盘
13:52:23	9.79	0.01	20	19580	买盘
13:52:13	9.78	--	20	19560	卖盘
13:52:08	9.78	-0.01	6	5868	卖盘
13:51:53	9.79	0.01	36	35244	买盘
13:51:48	9.78	-0.01	53	51834	卖盘
13:51:43	9.79	0.01	60	58739	买盘
13:51:38	9.78	--	1207	1180446	卖盘
13:51:33	9.78	--	242	236675	卖盘
13:51:23	9.78	--	14	13692	卖盘
13:51:18	9.78	-0.01	7	6846	卖盘
13:51:13	9.79	--	117	114542	买盘
13:51:08	9.79	0.01	49	47970	买盘
13:51:03	9.78	--	15	14669	卖盘
13:50:58	9.78	-0.01	3	2934	卖盘
13:50:53	9.79	--	6	5873	买盘
13:50:48	9.79	0.01	150	146850	买盘
13:50:38	9.78	--	339	331542	买盘
13:50:32	9.78	--	80	78240	买盘
13:50:28	9.78	--	138	134964	卖盘
13:50:23	9.78	--	14	13692	卖盘
13:50:17	9.78	--	158	154524	卖盘
13:50:13	9.78	--	165	161370	卖盘
13:50:08	9.78	--	20	19560	卖盘
13:50:02	9.78	--	69	67482	卖盘
13:49:43	9.78	--	35	34230	卖盘
13:49:28	9.78	-0.01	26	25428	卖盘
13:49:17	9.79	--	130	127269	买盘
13:49:13	9.79	0.01	186	182093	买盘
13:49:02	9.78	-0.02	326	318828	卖盘
13:48:58	9.8	0.01	15	14700	买盘
13:48:53	9.79	--	5	4895	买盘
13:48:47	9.79	-0.01	3	2936	中性盘
13:48:43	9.8	--	25	24500	买盘
13:48:38	9.8	--	0	0	买盘
13:48:17	9.8	0.03	201	197009	买盘
13:48:13	9.77	--	25	24425	买盘
13:48:02	9.77	--	12	11724	买盘
13:47:58	9.77	-0.03	2768	2705283	卖盘
13:47:53	9.8	-0.01	10	9800	卖盘
13:47:47	9.81	--	21	20601	买盘
13:47:42	9.81	0.01	5	4905	买盘
13:47:38	9.8	-0.01	5	4900	卖盘
13:47:32	9.81	--	1	981	买盘
13:47:27	9.81	0.01	78	76518	卖盘
13:47:12	9.8	-0.01	100	98000	卖盘
13:47:02	9.81	--	51	50031	买盘
13:46:57	9.81	--	31	30411	买盘
13:46:47	9.81	--	17	16677	买盘
13:46:42	9.81	--	33	32373	买盘
13:46:32	9.81	--	4	3924	买盘
13:46:27	9.81	-0.01	271	265851	中性盘
13:46:22	9.82	--	29	28478	卖盘
13:46:17	9.82	0.01	12	11784	卖盘
13:46:12	9.81	-0.01	1108	1086948	卖盘
13:46:07	9.82	0.01	116	113912	买盘
13:46:02	9.81	--	13	12753	卖盘
13:45:57	9.81	--	30	29430	卖盘
13:45:47	9.81	--	121	118701	买盘
13:45:42	9.81	--	32	31392	买盘
13:45:37	9.81	--	19	18639	买盘
13:45:32	9.81	--	15	14715	买盘
13:45:27	9.81	0.01	36	35316	买盘
13:45:22	9.8	--	304	297920	买盘
13:45:17	9.8	--	15	14700	买盘
13:45:12	9.8	--	1000	980000	买盘
13:45:02	9.8	0.01	1150	1127000	买盘
13:44:57	9.79	--	6	5873	卖盘
13:44:37	9.79	--	20	19580	卖盘
13:44:32	9.79	--	1	978	卖盘
13:44:27	9.79	0.01	14	13705	买盘
13:44:22	9.78	--	15	14669	卖盘
13:44:17	9.78	-0.01	5	4890	卖盘
13:44:12	9.79	0.01	50	48949	买盘
13:44:07	9.78	-0.01	8	7823	卖盘
13:44:02	9.79	--	4	3915	买盘
13:43:56	9.79	--	7	6852	买盘
13:43:52	9.79	0.01	36	35244	买盘
13:43:47	9.78	-0.01	39	38142	卖盘
13:43:41	9.79	--	20	19580	买盘
13:43:37	9.79	--	500	489499	买盘
13:43:32	9.79	--	9	8811	买盘
13:43:26	9.79	0.01	110	107689	买盘
13:43:17	9.78	-0.01	19	18582	卖盘
13:43:07	9.79	0.01	150	146850	买盘
13:43:02	9.78	--	5	4890	卖盘
13:42:37	9.78	-0.01	780	762840	卖盘
13:42:32	9.79	--	20	19580	卖盘
13:42:26	9.79	0.01	48	46991	卖盘
13:42:22	9.78	--	0	0	卖盘
13:42:17	9.78	-0.01	100	97800	卖盘
13:42:11	9.79	--	37	36252	买盘
13:42:07	9.79	--	15	14684	买盘
13:41:56	9.79	0.01	1	978	买盘
13:41:52	9.78	--	5	4890	卖盘
13:41:47	9.78	-0.02	1	977	卖盘
13:41:41	9.8	0.01	536	525280	买盘
13:41:32	9.79	--	1	978	买盘
13:41:26	9.79	--	26	25453	买盘
13:41:22	9.79	--	755	739144	卖盘
13:41:06	9.79	-0.01	43	42096	卖盘
13:40:56	9.8	0.01	6	5880	买盘
13:40:51	9.79	--	33	32306	卖盘
13:40:46	9.79	--	9	8811	卖盘
13:40:41	9.79	0.01	291	284889	买盘
13:40:36	9.78	--	122	119315	卖盘
13:40:26	9.78	-0.01	19	18582	卖盘
13:40:16	9.79	0.01	14	13705	买盘
13:40:06	9.78	--	23	22494	卖盘
13:40:01	9.78	-0.01	1	977	卖盘
13:39:51	9.79	0.01	10	9790	买盘
13:39:46	9.78	-0.01	28	27384	卖盘
13:39:36	9.79	--	33	32306	卖盘
13:39:31	9.79	--	20	19580	卖盘
13:39:26	9.79	--	24	23495	卖盘
13:39:11	9.79	--	23	22516	卖盘
13:39:06	9.79	--	13	12726	卖盘
13:39:01	9.79	--	5	4895	卖盘
13:38:56	9.79	--	15	14684	卖盘
13:38:51	9.79	--	29	28390	卖盘
13:38:41	9.79	--	7	6852	卖盘
13:38:31	9.79	--	60	58739	卖盘
13:38:21	9.79	--	112	109647	卖盘
13:38:11	9.79	-0.01	54	52865	卖盘
13:38:06	9.8	0.01	23	22540	买盘
13:37:56	9.79	--	2	1957	卖盘
13:37:51	9.79	--	30	29369	卖盘
13:37:35	9.79	0.01	679	664741	买盘
13:37:26	9.78	-0.01	9	8802	卖盘
13:37:20	9.79	--	3	2936	买盘
13:37:11	9.79	--	2	1957	买盘
13:37:05	9.79	--	8	7831	买盘
13:37:01	9.79	--	64	62655	买盘
13:36:50	9.79	--	9	8811	买盘
13:36:26	9.79	0.01	20	19580	买盘
13:36:20	9.78	--	8	7823	卖盘
13:36:16	9.78	--	30	29339	买盘
13:36:05	9.78	--	1	977	卖盘
13:36:01	9.78	0.01	129	126161	买盘
13:35:56	9.77	--	15	14655	卖盘
13:35:50	9.77	--	374	365398	卖盘
13:35:46	9.77	--	30	29310	卖盘
13:35:35	9.77	-0.01	223	217871	卖盘
13:35:31	9.78	0.01	255	249389	买盘
13:35:26	9.77	--	5	4885	卖盘
13:35:16	9.77	--	7	6839	卖盘
13:35:11	9.77	--	2	1954	卖盘
13:35:05	9.77	-0.01	29	28333	卖盘
13:35:01	9.78	0.01	15	14669	买盘
13:34:56	9.77	--	5	4885	卖盘
13:34:50	9.77	--	48	46896	卖盘
13:34:45	9.77	--	5	4885	卖盘
13:34:41	9.77	-0.01	230	224710	卖盘
13:34:30	9.78	--	1	977	买盘
13:34:25	9.78	--	2	1955	买盘
13:34:20	9.78	--	301	294378	卖盘
13:34:15	9.78	-0.01	8	7823	卖盘
13:34:05	9.79	--	6	5873	买盘
13:34:00	9.79	0.01	5	4895	买盘
13:33:55	9.78	-0.01	10	9780	卖盘
13:33:50	9.79	--	94	92025	买盘
13:33:45	9.79	--	7	6852	买盘
13:33:30	9.79	--	200	195799	卖盘
13:33:25	9.79	--	50	48949	卖盘
13:33:20	9.79	--	20	19580	卖盘
13:33:15	9.79	--	4	3915	卖盘
13:33:10	9.79	--	4	3915	卖盘
13:33:05	9.79	--	5	4895	卖盘
13:33:00	9.79	--	25	24474	卖盘
13:32:55	9.79	--	14	13705	卖盘
13:32:50	9.79	-0.01	13	12726	卖盘
13:32:45	9.8	--	19	18620	买盘
13:32:40	9.8	--	17	16660	买盘
13:32:30	9.8	--	5	4900	买盘
13:32:10	9.8	--	23	22540	买盘
13:32:05	9.8	0.01	9	8820	买盘
13:32:00	9.79	-0.01	3	2936	卖盘
13:31:45	9.8	--	74	72520	买盘
13:31:35	9.8	--	29	28420	买盘
13:31:14	9.8	--	22	21560	买盘
13:31:10	9.8	--	62	60760	买盘
13:30:59	9.8	0.01	88	86240	买盘
13:30:55	9.79	-0.01	85	83215	卖盘
13:30:50	9.8	0.01	30	29400	买盘
13:30:40	9.79	-0.01	227	222232	卖盘
13:30:35	9.8	--	56	54880	买盘
13:30:29	9.8	0.01	3	2940	买盘
13:30:25	9.79	--	19	18601	卖盘
13:30:20	9.79	-0.01	77	75383	卖盘
13:30:14	9.8	0.01	73	71540	买盘
13:30:10	9.79	-0.01	423	414116	卖盘
13:29:59	9.8	0.01	417	408660	买盘
13:29:44	9.79	-0.01	60	58739	卖盘
13:29:40	9.8	0.02	221	216580	买盘
13:29:25	9.78	--	166	162348	买盘
13:29:14	9.78	0.01	72	70416	卖盘
13:29:10	9.77	-0.01	113	110401	卖盘
13:29:05	9.78	0.01	6	5868	买盘
13:28:59	9.77	--	80	78160	买盘
13:28:55	9.77	--	618	603786	买盘
13:28:50	9.77	--	10	9770	买盘
13:28:44	9.77	--	66	64482	买盘
13:28:40	9.77	-0.01	596	582292	卖盘
13:28:35	9.78	-0.02	15	14669	卖盘
13:28:29	9.8	0.02	1856	1818880	买盘
13:28:24	9.78	0.01	15	14669	买盘
13:28:14	9.77	-0.01	5	4885	卖盘
13:28:09	9.78	--	129	126161	买盘
13:27:59	9.78	0.01	39	38142	买盘
13:27:54	9.77	-0.01	6	5862	卖盘
13:27:44	9.78	0.01	18	17604	买盘
13:27:34	9.77	-0.01	3	2931	卖盘
13:27:29	9.78	--	5	4890	买盘
13:27:24	9.78	--	3	2934	买盘
13:27:19	9.78	--	30	29339	买盘
13:27:14	9.78	--	13	12714	买盘
13:27:09	9.78	--	22	21516	买盘
13:27:04	9.78	--	15	14669	买盘
13:26:59	9.78	--	102	99756	买盘
13:26:54	9.78	0.01	90	88020	买盘
13:26:44	9.77	-0.01	9	8793	卖盘
13:26:39	9.78	--	34	33252	买盘
13:26:34	9.78	--	25	24450	买盘
13:26:29	9.78	0.01	5	4890	买盘
13:26:24	9.77	-0.01	17	16609	卖盘
13:26:14	9.78	--	84	82152	买盘
13:26:09	9.78	0.01	41	40098	买盘
13:26:04	9.77	-0.01	100	97700	卖盘
13:25:59	9.78	0.01	35	34230	买盘
13:25:54	9.77	0.01	841	821657	买盘
13:25:49	9.76	-0.01	75	73200	卖盘
13:25:44	9.77	0.01	10	9770	买盘
13:25:39	9.76	-0.01	17	16592	卖盘
13:25:29	9.77	0.01	100	97700	买盘
13:25:24	9.76	-0.01	9	8784	卖盘
13:25:19	9.77	--	17	16609	买盘
13:25:14	9.77	0.01	14	13678	买盘
13:25:09	9.76	--	8	7808	卖盘
13:25:04	9.76	--	8	7808	卖盘
13:24:59	9.76	--	5	4880	卖盘
13:24:53	9.76	-0.01	12	11712	卖盘
13:24:49	9.77	--	7	6839	买盘
13:24:38	9.77	0.01	2	1954	买盘
13:24:34	9.76	-0.01	86	83936	卖盘
13:24:29	9.77	--	2	1954	买盘
13:24:23	9.77	--	41	40057	买盘
13:24:19	9.77	--	3	2931	买盘
13:24:14	9.77	--	8	7816	买盘
13:24:04	9.77	--	7	6839	买盘
13:23:59	9.77	--	324	316548	卖盘
13:23:53	9.77	--	10	9770	卖盘
13:23:49	9.77	--	56	54712	卖盘
13:23:38	9.77	-0.01	10	9770	卖盘
13:23:34	9.78	0.01	10	9780	买盘
13:23:29	9.77	--	57	55689	卖盘
13:23:23	9.77	--	2	1954	卖盘
13:23:19	9.77	-0.01	26	25402	卖盘
13:23:14	9.78	0.01	31	30317	买盘
13:23:08	9.77	-0.01	48	46896	卖盘
13:23:04	9.78	--	221	216138	买盘
13:22:59	9.78	--	42	41076	买盘
13:22:53	9.78	--	59	57701	买盘
13:22:49	9.78	--	21	20538	买盘
13:22:38	9.78	0.01	500	488999	买盘
13:22:34	9.77	--	19	18563	卖盘
13:22:23	9.77	--	12	11724	卖盘
13:22:19	9.77	--	20	19540	卖盘
13:22:08	9.77	--	40	39080	卖盘
13:22:03	9.77	--	6	5862	卖盘
13:21:59	9.77	--	20	19540	卖盘
13:21:53	9.77	-0.01	341	333157	卖盘
13:21:43	9.78	0.01	32	31295	买盘
13:21:38	9.77	--	32	31264	卖盘
13:21:23	9.77	--	8	7816	卖盘
13:21:18	9.77	--	94	91838	买盘
13:21:08	9.77	0.01	150	146550	买盘
13:21:03	9.76	-0.01	95	92720	卖盘
13:20:58	9.77	--	15	14655	买盘
13:20:48	9.77	--	141	137757	卖盘
13:20:38	9.77	--	11	10747	卖盘
13:20:33	9.77	--	5	4885	卖盘
13:20:28	9.77	--	55	53735	卖盘
13:20:23	9.77	--	28	27356	卖盘
13:20:18	9.77	-0.01	3	2931	卖盘
13:20:08	9.78	0.01	212	207336	买盘
13:20:03	9.77	--	59	57643	卖盘
13:19:58	9.77	--	5	4885	卖盘
13:19:53	9.77	-0.01	470	459190	卖盘
13:19:48	9.78	0.01	18	17604	买盘
13:19:33	9.77	-0.01	30	29310	卖盘
13:19:28	9.78	--	230	224939	买盘
13:19:23	9.78	0.01	16	15647	买盘
13:19:13	9.77	--	126	123102	卖盘
13:19:03	9.77	--	74	72298	买盘
13:18:58	9.77	--	5	4885	买盘
13:18:48	9.77	--	322	314594	买盘
13:18:43	9.77	--	5	4885	买盘
13:18:38	9.77	--	364	355628	卖盘
13:18:33	9.77	--	9	8793	卖盘
13:18:23	9.77	--	39	38103	卖盘
13:18:17	9.77	--	29	28333	卖盘
13:18:13	9.77	--	266	259882	卖盘
13:18:08	9.77	--	14	13678	卖盘
13:18:02	9.77	--	5	4885	卖盘
13:17:58	9.77	--	25	24425	买盘
13:17:53	9.77	0.01	2	1954	买盘
13:17:47	9.76	-0.01	12	11712	卖盘
13:17:43	9.77	0.01	9	8793	买盘
13:17:32	9.76	-0.02	149	145424	卖盘
13:17:28	9.78	0.01	9	8802	买盘
13:17:23	9.77	0.01	12	11724	买盘
13:17:17	9.76	-0.01	100	97600	卖盘
13:17:13	9.77	--	33	32241	卖盘
13:17:08	9.77	--	20	19540	卖盘
13:17:02	9.77	-0.01	56	54712	卖盘
13:16:58	9.78	0.01	15	14669	买盘
13:16:47	9.77	--	7	6839	卖盘
13:16:43	9.77	--	117	114309	买盘
13:16:32	9.77	--	66	64482	卖盘
13:16:28	9.77	--	16	15632	卖盘
13:16:23	9.77	--	4	3908	卖盘
13:16:17	9.77	--	78	76206	买盘
13:16:13	9.77	--	73	71321	买盘
13:16:02	9.77	-0.01	59	57643	中性盘
13:15:58	9.78	0.01	879	859662	买盘
13:15:47	9.77	-0.01	15	14655	卖盘
13:15:43	9.78	--	31	30317	买盘
13:15:32	9.78	--	335	327630	卖盘
13:15:27	9.78	--	27	26406	卖盘
13:15:17	9.78	--	22	21516	卖盘
13:15:12	9.78	-0.01	11	10758	卖盘
13:15:02	9.79	--	59	57760	买盘
13:14:47	9.79	0.01	2	1957	中性盘
13:14:42	9.78	-0.01	925	904649	卖盘
13:14:37	9.79	--	255	249644	买盘
13:14:27	9.79	0.01	10	9790	买盘
13:14:22	9.78	-0.01	360	352080	卖盘
13:14:17	9.79	--	64	62655	卖盘
13:14:12	9.79	--	33	32306	卖盘
13:14:07	9.79	--	8	7831	卖盘
13:14:02	9.79	--	68	66572	买盘
13:13:57	9.79	0.01	22	21537	买盘
13:13:52	9.78	-0.01	10	9780	卖盘
13:13:47	9.79	--	100	97899	买盘
13:13:42	9.79	--	94	92025	买盘
13:13:32	9.79	--	10	9790	买盘
13:13:27	9.79	0.01	16	15663	买盘
13:13:22	9.78	--	118	115403	卖盘
13:13:17	9.78	-0.01	91	88998	卖盘
13:13:12	9.79	0.01	64	62655	买盘
13:13:07	9.78	-0.01	10	9780	卖盘
13:13:02	9.79	0.01	10	9790	买盘
13:12:57	9.78	--	59	57701	卖盘
13:12:52	9.78	--	2	1955	卖盘
13:12:47	9.78	--	12	11736	卖盘
13:12:42	9.78	-0.01	71	69438	卖盘
13:12:37	9.79	--	5	4895	买盘
13:12:27	9.79	--	66	64613	买盘
13:12:22	9.79	--	10	9790	买盘
13:12:17	9.79	--	244	238875	卖盘
13:12:12	9.79	--	11	10768	卖盘
13:12:07	9.79	--	35	34265	买盘
13:12:02	9.79	--	590	577610	买盘
13:11:57	9.79	--	16	15663	买盘
13:11:52	9.79	--	30	29369	买盘
13:11:47	9.79	--	15	14684	买盘
13:11:41	9.79	--	46	45033	买盘
13:11:37	9.79	--	137	134123	买盘
13:11:32	9.79	--	24	23495	买盘
13:11:26	9.79	--	105	102794	买盘
13:11:22	9.79	--	140	137060	卖盘
13:11:11	9.79	--	5	4895	卖盘
13:11:07	9.79	--	497	486562	买盘
13:11:02	9.79	0.01	5	4895	买盘
13:10:56	9.78	-0.01	78	76284	卖盘
13:10:52	9.79	0.01	36	35244	买盘
13:10:41	9.78	-0.01	35	34230	卖盘
13:10:37	9.79	--	26	25453	买盘
13:10:32	9.79	0.01	3	2936	买盘
13:10:26	9.78	--	77	75306	卖盘
13:10:22	9.78	--	120	117359	卖盘
13:10:17	9.78	--	97	94866	卖盘
13:10:11	9.78	--	251	245477	卖盘
13:10:02	9.78	--	26	25428	卖盘
13:09:56	9.78	0.01	433	423474	买盘
13:09:52	9.77	-0.01	18	17586	卖盘
13:09:41	9.78	--	153	149634	买盘
13:09:37	9.78	--	40	39120	买盘
13:09:32	9.78	--	31	30317	买盘
13:09:26	9.78	--	10	9780	买盘
13:09:22	9.78	--	20	19560	买盘
13:09:17	9.78	--	7	6846	买盘
13:09:11	9.78	--	27	26406	买盘
13:09:07	9.78	--	10	9780	买盘
13:09:02	9.78	--	80	78240	买盘
13:08:56	9.78	--	10	9780	买盘
13:08:51	9.78	--	126	123227	买盘
13:08:41	9.78	0.01	39	38142	买盘
13:08:36	9.77	-0.01	1	977	卖盘
13:08:31	9.78	0.01	1	977	买盘
13:08:26	9.77	-0.01	31	30287	卖盘
13:08:16	9.78	0.01	6	5868	买盘
13:08:11	9.77	-0.01	15	14655	卖盘
13:08:01	9.78	0.01	2	1955	买盘
13:07:56	9.77	--	5	4885	卖盘
13:07:46	9.77	--	18	17586	卖盘
13:07:41	9.77	--	43	42011	买盘
13:07:36	9.77	--	18	17586	买盘
13:07:31	9.77	--	7	6839	买盘
13:07:26	9.77	--	121	118217	买盘
13:07:21	9.77	--	103	100631	买盘
13:07:16	9.77	0.01	1	977	买盘
13:07:11	9.76	--	42	40992	卖盘
13:07:06	9.76	--	7	6832	卖盘
13:06:56	9.76	--	436	425536	买盘
13:06:51	9.76	0.01	14	13664	买盘
13:06:46	9.75	-0.01	5	4875	卖盘
13:06:41	9.76	0.01	5	4880	买盘
13:06:36	9.75	-0.01	6	5850	卖盘
13:06:31	9.76	--	15	14640	买盘
13:06:26	9.76	--	20	19520	买盘
13:06:21	9.76	--	57	55632	买盘
13:06:16	9.76	0.01	2	1952	买盘
13:06:11	9.75	--	11	10725	卖盘
13:06:06	9.75	-0.01	11	10725	卖盘
13:06:01	9.76	0.01	19	18544	买盘
13:05:56	9.75	-0.01	62	60450	卖盘
13:05:51	9.76	--	24	23424	买盘
13:05:46	9.76	0.01	40	39040	买盘
13:05:41	9.75	--	66	64350	卖盘
13:05:36	9.75	--	34	33150	卖盘
13:05:26	9.75	0.01	13	12675	卖盘
13:05:21	9.74	-0.01	388	377912	卖盘
13:05:11	9.75	--	10	9750	买盘
13:05:05	9.75	0.01	46	45552	买盘
13:05:01	9.74	-0.01	26	25324	卖盘
13:04:56	9.75	--	1	975	中性盘
13:04:50	9.75	0.01	370	361188	买盘
13:04:41	9.74	-0.01	53	51622	卖盘
13:04:35	9.75	0.01	147	143325	买盘
13:04:31	9.74	-0.01	72	70128	卖盘
13:04:26	9.75	0.01	87	84825	买盘
13:04:20	9.74	--	2	1948	卖盘
13:04:16	9.74	--	40	38960	卖盘
13:04:11	9.74	--	2	1948	卖盘
13:04:05	9.74	-0.01	31	30194	卖盘
13:04:01	9.75	--	114	111150	买盘
13:03:46	9.75	--	56	54600	买盘
13:03:41	9.75	-0.01	562	548486	卖盘
13:03:35	9.76	--	1467	1431792	买盘
13:03:31	9.76	--	2	1952	买盘
13:03:20	9.76	--	35	34160	买盘
13:03:16	9.76	--	30	29280	买盘
13:03:11	9.76	--	10	9760	买盘
13:03:05	9.76	--	159	155184	买盘
13:03:01	9.76	--	211	205936	买盘
13:02:50	9.76	--	477	465552	卖盘
13:02:41	9.76	--	10	9760	卖盘
13:02:35	9.76	--	130	126880	卖盘
13:02:31	9.76	--	28	27328	卖盘
13:02:20	9.76	-0.01	628	612928	卖盘
13:02:15	9.77	--	70	68390	买盘
13:02:11	9.77	--	5	4885	买盘
13:02:00	9.77	--	8	7816	买盘
13:01:50	9.77	--	11	10747	买盘
13:01:45	9.77	--	52	50804	买盘
13:01:35	9.77	--	12	11724	买盘
13:01:30	9.77	--	62	60574	买盘
13:01:20	9.77	0.01	12	11724	买盘
13:01:15	9.76	--	17	16592	卖盘
13:01:05	9.76	-0.01	26	25376	卖盘
13:01:00	9.77	--	7	6839	买盘
13:00:50	9.77	0.01	38	37126	买盘
13:00:45	9.76	--	22	21472	卖盘
13:00:40	9.76	-0.01	5	4880	卖盘
13:00:35	9.77	--	30	29310	买盘
13:00:30	9.77	--	11	10747	买盘
13:00:25	9.77	--	32	31264	买盘
13:00:20	9.77	--	52	50804	买盘
13:00:15	9.77	0.01	655	639935	买盘
13:00:10	9.76	--	78	76128	卖盘
13:00:05	9.76	--	1277	1246791	买盘
11:30:00	9.76	--	0	0	买盘
11:30:00	9.76	--	0	0	买盘
11:30:00	9.76	--	2	1952	买盘
11:29:57	9.76	0.01	10	9760	买盘
11:29:47	9.75	-0.01	77	75075	卖盘
11:29:42	9.76	0.01	32	31232	买盘
11:29:32	9.75	-0.01	159	155025	卖盘
11:29:26	9.76	--	99	96624	买盘
11:29:22	9.76	--	36	35136	买盘
11:29:12	9.76	--	89	86864	买盘
11:29:07	9.76	--	230	224480	卖盘
11:29:01	9.76	-0.01	5	4880	卖盘
11:28:57	9.77	--	29	28333	买盘
11:28:51	9.77	0.01	107	104539	买盘
11:28:41	9.76	--	21	20496	买盘
11:28:36	9.76	--	4	3904	买盘
11:28:31	9.76	-0.01	106	103456	中性盘
11:28:26	9.77	0.01	9	8793	买盘
11:28:21	9.76	-0.01	161	157136	卖盘
11:28:16	9.77	--	37	36149	买盘
11:28:11	9.77	--	2	1954	买盘
11:28:06	9.77	0.01	5	4885	买盘
11:28:01	9.76	--	1	976	买盘
11:27:56	9.76	--	51	49776	买盘
11:27:51	9.76	--	95	92720	买盘
11:27:46	9.76	0.01	7	6832	买盘
11:27:41	9.75	-0.01	55	53625	卖盘
11:27:31	9.76	0.02	143	139568	买盘
11:27:26	9.74	--	57	55518	卖盘
11:27:21	9.74	-0.01	6	5844	卖盘
11:27:16	9.75	--	176	171600	买盘
11:27:11	9.75	--	107	104325	买盘
11:27:06	9.75	--	250	243750	买盘
11:26:56	9.75	--	10	9750	买盘
11:26:51	9.75	--	52	50700	买盘
11:26:46	9.75	0.01	20	19500	买盘
11:26:41	9.74	-0.01	103	100322	卖盘
11:26:36	9.75	-0.01	5	4875	卖盘
11:26:31	9.76	--	93	90768	买盘
11:26:26	9.76	0.01	144	140544	买盘
11:26:21	9.75	-0.01	30	29250	卖盘
11:26:16	9.76	0.01	10	9760	买盘
11:26:11	9.75	--	8	7800	卖盘
11:26:06	9.75	0.01	570	555750	买盘
11:26:01	9.74	-0.01	45	43830	卖盘
11:25:56	9.75	--	69	67275	买盘
11:25:51	9.75	--	118	115050	买盘
11:25:46	9.75	--	17	16575	买盘
11:25:41	9.75	--	20	19500	买盘
11:25:36	9.75	0.01	53	51675	买盘
11:25:31	9.74	-0.01	11	10714	卖盘
11:25:21	9.75	0.01	47	45825	买盘
11:25:16	9.74	--	12	11688	卖盘
11:25:11	9.74	--	20	19480	卖盘
11:25:06	9.74	--	8	7792	卖盘
11:25:01	9.74	-0.01	70	68180	卖盘
11:24:51	9.75	0.01	23	22425	买盘
11:24:41	9.74	-0.01	15	14610	卖盘
11:24:35	9.75	0.01	80	78000	买盘
11:24:31	9.74	--	12	11688	卖盘
11:24:26	9.74	--	65	63310	卖盘
11:24:21	9.74	--	5	4870	卖盘
11:24:11	9.74	-0.01	36	35064	卖盘
11:23:55	9.75	--	3	2925	买盘
11:23:36	9.75	-0.01	33	32175	卖盘
11:23:31	9.76	--	177	172752	卖盘
11:23:26	9.76	0.01	1279	1248304	买盘
11:23:21	9.75	--	23	22425	买盘
11:23:16	9.75	--	20	19500	买盘
11:23:11	9.75	-0.01	533	519675	卖盘
11:23:06	9.76	--	50	48800	买盘
11:23:01	9.76	--	6	5856	买盘
11:22:56	9.76	--	84	81984	买盘
11:22:51	9.76	0.01	32	31232	买盘
11:22:46	9.75	-0.01	304	296400	卖盘
11:22:36	9.76	0.01	50	48800	买盘
11:22:31	9.75	--	23	22425	卖盘
11:22:15	9.75	--	52	50700	卖盘
11:22:06	9.75	0.01	458	446550	买盘
11:22:00	9.74	--	45	43830	卖盘
11:21:55	9.74	--	12	11688	卖盘
11:21:50	9.74	--	47	45778	买盘
11:21:45	9.74	--	155	150970	买盘
11:21:40	9.74	--	42	40908	买盘
11:21:35	9.74	--	10	9740	买盘
11:21:30	9.74	--	2	1948	买盘
11:21:20	9.74	0.01	34	33116	买盘
11:21:15	9.73	--	5	4865	卖盘
11:21:05	9.73	--	20	19460	买盘
11:21:00	9.73	0.01	103	100219	买盘
11:20:55	9.72	-0.01	15	14580	卖盘
11:20:50	9.73	--	4	3892	买盘
11:20:45	9.73	0.01	22	21406	买盘
11:20:40	9.72	-0.01	51	49572	卖盘
11:20:35	9.73	--	10	9730	买盘
11:20:30	9.73	0.01	100	97300	买盘
11:20:15	9.72	0.01	67	65124	买盘
11:20:10	9.71	-0.01	9	8739	卖盘
11:20:05	9.72	--	2	1944	买盘
11:20:00	9.72	--	2	1944	买盘
11:19:55	9.72	0.01	15	14580	买盘
11:19:49	9.71	-0.01	106	102926	卖盘
11:19:45	9.72	--	20	19440	买盘
11:19:40	9.72	--	43	41796	买盘
11:19:35	9.72	0.02	41	39852	买盘
11:19:30	9.7	--	1	969	卖盘
11:19:20	9.7	--	26	25219	卖盘
11:19:15	9.7	--	39	37830	买盘
11:19:10	9.7	--	23	22310	买盘
11:19:05	9.7	--	45	43650	买盘
11:19:00	9.7	-0.01	238	230859	卖盘
11:18:55	9.71	--	38	36898	卖盘
11:18:50	9.71	--	5	4855	卖盘
11:18:40	9.71	-0.01	16	15536	卖盘
11:18:35	9.72	0.01	10	9720	买盘
11:18:29	9.71	--	23	22333	卖盘
11:18:14	9.71	0.01	23	22333	买盘
11:18:10	9.7	--	37	35890	卖盘
11:18:05	9.7	-0.01	26	25219	卖盘
11:18:00	9.71	--	9	8739	中性盘
11:17:55	9.71	--	321	311691	买盘
11:17:49	9.71	0.01	198	192258	买盘
11:17:45	9.7	--	9	8730	卖盘
11:17:35	9.7	-0.01	27	26189	卖盘
11:17:30	9.71	0.01	27	26217	买盘
11:17:20	9.7	--	146	141620	卖盘
11:17:05	9.7	--	5	4850	卖盘
11:17:00	9.7	--	5	4850	卖盘
11:16:55	9.7	--	20	19400	卖盘
11:16:50	9.7	--	6	5820	买盘
11:16:44	9.7	--	34	32980	卖盘
11:16:40	9.7	--	29	28129	买盘
11:16:34	9.7	--	33	32009	买盘
11:16:29	9.7	--	450	436499	买盘
11:16:19	9.7	--	326	316220	买盘
11:16:10	9.7	--	297	288090	买盘
11:16:04	9.7	--	2	1939	买盘
11:16:00	9.7	--	29	28129	买盘
11:15:55	9.7	--	26	25219	买盘
11:15:49	9.7	0.01	10	9700	买盘
11:15:45	9.69	-0.01	24	23256	卖盘
11:15:39	9.7	--	114	110579	卖盘
11:15:34	9.7	0.01	4	3879	中性盘
11:15:29	9.69	-0.01	37	35853	卖盘
11:15:24	9.7	--	250	242499	中性盘
11:15:13	9.7	--	0	0	卖盘
11:15:09	9.7	--	421	408369	买盘
11:14:59	9.7	--	5	4850	买盘
11:14:54	9.7	0.01	9	8730	买盘
11:14:49	9.69	-0.01	40	38760	卖盘
11:14:44	9.7	0.01	4	3879	买盘
11:14:29	9.69	-0.01	1	969	卖盘
11:14:24	9.7	--	29	28129	买盘
11:14:14	9.7	--	205	198849	买盘
11:14:09	9.7	--	1	969	买盘
11:13:59	9.7	--	195	189150	买盘
11:13:54	9.7	--	198	192060	买盘
11:13:44	9.7	--	15	14549	买盘
11:13:39	9.7	--	21	20370	买盘
11:13:29	9.7	--	12	11640	买盘
11:13:24	9.7	--	102	98940	卖盘
11:13:14	9.7	--	120	116399	卖盘
11:13:08	9.7	--	50	48500	卖盘
11:13:04	9.7	-0.01	10	9700	卖盘
11:12:58	9.71	0.01	81	78651	买盘
11:12:54	9.7	--	142	137740	卖盘
11:12:44	9.7	0.01	25	24250	中性盘
11:12:38	9.69	-0.01	63	61047	卖盘
11:12:34	9.7	--	10	9700	卖盘
11:12:29	9.7	--	30	29099	买盘
11:12:24	9.7	--	30	29099	卖盘
11:12:19	9.7	--	21	20370	卖盘
11:12:14	9.7	-0.01	82	79540	卖盘
11:12:09	9.71	0.01	108	104868	买盘
11:12:03	9.7	--	2	1939	卖盘
11:11:59	9.7	-0.01	9	8730	卖盘
11:11:44	9.71	0.01	35	33985	买盘
11:11:38	9.7	--	56	54319	卖盘
11:11:34	9.7	-0.01	18	17460	卖盘
11:11:23	9.71	--	14	13594	买盘
11:11:08	9.71	0.01	5	4855	买盘
11:11:03	9.7	-0.01	7	6789	卖盘
11:10:58	9.71	0.01	144	139824	买盘
11:10:53	9.7	--	1	969	卖盘
11:10:49	9.7	--	32	31039	卖盘
11:10:43	9.7	--	18	17460	卖盘
11:10:39	9.7	--	7	6789	卖盘
11:10:33	9.7	--	151	146470	卖盘
11:10:29	9.7	-0.01	28	27159	卖盘
11:10:24	9.71	0.01	33	32043	买盘
11:10:19	9.7	--	50	48500	卖盘
11:10:14	9.7	--	86	83420	卖盘
11:10:04	9.7	--	16	15519	卖盘
11:09:54	9.7	-0.01	19	18430	卖盘
11:09:39	9.71	0.01	7	6797	买盘
11:09:28	9.7	-0.01	3	2910	卖盘
11:09:18	9.71	--	17	16507	卖盘
11:09:08	9.71	--	9	8739	卖盘
11:09:03	9.71	--	5	4855	卖盘
11:08:53	9.71	0.01	15	14565	中性盘
11:08:48	9.7	-0.02	31	30069	卖盘
11:08:37	9.72	0.01	11	10692	买盘
11:08:33	9.71	--	8	7768	卖盘
11:08:28	9.71	--	51	49521	卖盘
11:08:23	9.71	-0.01	20	19420	卖盘
11:08:18	9.72	0.01	8	7776	买盘
11:08:08	9.71	--	78	75738	卖盘
11:08:03	9.71	--	20	19420	卖盘
11:07:53	9.71	-0.01	101	98071	卖盘
11:07:48	9.72	--	170	165240	买盘
11:07:43	9.72	--	26	25272	买盘
11:07:33	9.72	--	130	126360	买盘
11:07:23	9.72	--	47	45684	卖盘
11:07:18	9.72	--	40	38880	卖盘
11:07:13	9.72	-0.01	5	4860	卖盘
11:07:08	9.73	0.01	27	26271	买盘
11:07:03	9.72	--	14	13608	卖盘
11:06:58	9.72	--	55	53460	卖盘
11:06:48	9.72	--	24	23328	卖盘
11:06:38	9.72	--	116	112752	卖盘
11:06:28	9.72	-0.01	14	13608	卖盘
11:06:22	9.73	0.01	120	116760	买盘
11:06:18	9.72	-0.01	4	3888	卖盘
11:06:08	9.73	--	26	25298	买盘
11:06:03	9.73	0.01	18	17514	买盘
11:05:57	9.72	-0.01	5	4860	卖盘
11:05:53	9.73	--	31	30163	买盘
11:05:47	9.73	--	4	3892	买盘
11:05:38	9.73	--	122	118706	买盘
11:05:32	9.73	--	119	115787	买盘
11:05:23	9.73	--	1	973	买盘
11:05:17	9.73	--	33	32109	买盘
11:05:13	9.73	--	278	270494	买盘
11:05:08	9.73	0.01	6	5838	买盘
11:05:02	9.72	--	24	23328	卖盘
11:04:57	9.72	-0.01	6	5832	卖盘
11:04:53	9.73	0.01	147	143031	买盘
11:04:47	9.72	-0.01	54	52488	卖盘
11:04:38	9.73	--	55	53515	买盘
11:04:32	9.73	0.01	54	52542	买盘
11:04:28	9.72	--	41	39852	卖盘
11:04:23	9.72	-0.01	10	9720	卖盘
11:04:17	9.73	--	56	54488	买盘
11:04:12	9.73	0.01	16	15568	买盘
11:04:08	9.72	--	31	30132	卖盘
11:04:02	9.72	--	36	34992	卖盘
11:03:58	9.72	--	3	2916	买盘
11:03:53	9.72	--	104	101088	卖盘
11:03:48	9.72	--	16	15552	买盘
11:03:43	9.72	--	3	2916	买盘
11:03:37	9.72	-0.01	18	17496	卖盘
11:03:32	9.73	--	32	31136	买盘
11:03:28	9.73	--	37	36001	买盘
11:03:12	9.73	0.01	20	19460	买盘
11:03:07	9.72	--	30	29160	买盘
11:03:02	9.72	--	19	18468	买盘
11:02:57	9.72	-0.01	115	111780	卖盘
11:02:52	9.73	0.01	50	48650	买盘
11:02:47	9.72	-0.01	97	94284	卖盘
11:02:42	9.73	--	20	19460	买盘
11:02:31	9.73	--	81	78813	买盘
11:02:27	9.73	--	71	69083	买盘
11:02:22	9.73	0.01	1	973	买盘
11:02:17	9.72	--	47	45684	买盘
11:02:12	9.72	-0.01	87	84564	卖盘
11:02:07	9.73	0.02	111	108003	买盘
11:02:01	9.71	-0.01	229	222359	卖盘
11:01:57	9.72	--	28	27216	买盘
11:01:47	9.72	--	2	1944	买盘
11:01:42	9.72	--	26	25272	买盘
11:01:37	9.72	-0.01	9	8748	卖盘
11:01:32	9.73	0.01	37	36001	买盘
11:01:27	9.72	--	202	196344	买盘
11:01:22	9.72	--	60	58320	买盘
11:01:16	9.72	0.01	3	2916	买盘
11:01:12	9.71	--	66	64086	卖盘
11:01:07	9.71	--	185	179635	买盘
11:01:02	9.71	--	127	123317	买盘
11:00:57	9.71	--	20	19420	买盘
11:00:47	9.71	--	12	11652	买盘
11:00:42	9.71	0.01	71	68941	买盘
11:00:37	9.7	0.01	2	1939	买盘
11:00:32	9.69	-0.01	4	3876	卖盘
11:00:26	9.7	--	145	140650	买盘
11:00:22	9.7	--	27	26189	买盘
11:00:16	9.7	0.01	16	15519	买盘
11:00:11	9.69	-0.01	112	108528	卖盘
11:00:07	9.7	--	2	1939	买盘
11:00:02	9.7	--	29	28129	买盘
10:59:56	9.7	0.01	9	8730	买盘
10:59:46	9.69	--	256	248064	卖盘
10:59:37	9.69	--	18	17442	买盘
10:59:32	9.69	--	10	9690	买盘
10:59:26	9.69	--	11	10659	买盘
10:59:16	9.69	--	50	48450	买盘
10:59:11	9.69	-0.01	137	132753	卖盘
10:59:02	9.7	--	1	969	买盘
10:58:56	9.7	0.01	12	11640	买盘
10:58:51	9.69	--	10	9690	卖盘
10:58:41	9.69	--	7	6783	卖盘
10:58:32	9.69	--	56	54264	买盘
10:58:26	9.69	0.01	252	244188	买盘
10:58:21	9.68	--	9	8712	卖盘
10:58:16	9.68	--	16	15488	卖盘
10:58:11	9.68	-0.01	20	19360	卖盘
10:58:02	9.69	--	247	239343	买盘
10:57:56	9.69	0.01	15	14535	买盘
10:57:51	9.68	--	7	6776	买盘
10:57:47	9.68	--	20	19360	买盘
10:57:41	9.68	--	12	11616	买盘
10:57:31	9.68	0.01	6	5808	中性盘
10:57:26	9.67	-0.01	136	131512	卖盘
10:57:16	9.68	-0.01	10	9680	卖盘
10:57:11	9.69	0.01	100	96900	买盘
10:57:06	9.68	--	2	1936	买盘
10:56:56	9.68	-0.01	109	105512	卖盘
10:56:51	9.69	0.01	37	35853	买盘
10:56:41	9.68	--	173	167464	卖盘
10:56:36	9.68	--	953	922504	卖盘
10:56:26	9.68	--	212	205216	卖盘
10:56:16	9.68	--	5	4840	卖盘
10:56:11	9.68	--	15	14520	卖盘
10:56:06	9.68	-0.01	15	14520	卖盘
10:55:56	9.69	0.01	99	95931	买盘
10:55:51	9.68	--	9	8712	卖盘
10:55:41	9.68	--	15	14520	卖盘
10:55:36	9.68	--	116	112288	卖盘
10:55:31	9.68	--	72	69696	卖盘
10:55:26	9.68	--	5	4840	卖盘
10:55:21	9.68	--	30	29040	卖盘
10:55:06	9.68	--	15	14520	买盘
10:54:56	9.68	0.01	10	9680	买盘
10:54:51	9.67	--	16	15472	卖盘
10:54:46	9.67	-0.01	11	10637	卖盘
10:54:41	9.68	--	6	5808	卖盘
10:54:36	9.68	--	14	13552	买盘
10:54:31	9.68	--	10	9680	买盘
10:54:26	9.68	--	7	6776	买盘
10:54:16	9.68	-0.01	230	222640	卖盘
10:54:05	9.69	0.01	75	72675	买盘
10:54:01	9.68	-0.01	6	5808	卖盘
10:53:50	9.69	--	122	118218	买盘
10:53:41	9.69	--	132	127908	买盘
10:53:35	9.69	--	1	969	买盘
10:53:26	9.69	-0.01	63	61047	卖盘
10:53:20	9.7	--	63	61109	买盘
10:53:15	9.7	0.01	50	48500	买盘
10:53:11	9.69	--	42	40698	卖盘
10:53:05	9.69	--	16	15504	卖盘
10:52:55	9.69	--	110	106590	卖盘
10:52:50	9.69	--	29	28101	卖盘
10:52:45	9.69	--	34	32946	买盘
10:52:41	9.69	--	79	76551	卖盘
10:52:35	9.69	--	108	104652	买盘
10:52:30	9.69	--	9	8721	买盘
10:52:25	9.69	--	2	1938	买盘
10:52:20	9.69	-0.01	9	8721	卖盘
10:52:15	9.7	0.01	85	82450	买盘
10:52:11	9.69	--	12	11628	卖盘
10:52:05	9.69	--	20	19380	卖盘
10:51:56	9.69	--	201	194769	买盘
10:51:45	9.69	0.01	14	13566	买盘
10:51:41	9.68	-0.01	20	19360	卖盘
10:51:35	9.69	--	107	103683	买盘
10:51:25	9.69	--	20	19380	买盘
10:51:20	9.69	--	10	9690	买盘
10:51:11	9.69	0.01	14	13566	买盘
10:51:05	9.68	-0.01	70	67760	卖盘
10:51:00	9.69	0.01	100	96900	买盘
10:50:55	9.68	0.01	34	32912	买盘
10:50:50	9.67	-0.01	52	50284	卖盘
10:50:45	9.68	-0.01	10	9680	卖盘
10:50:40	9.69	0.02	7	6783	买盘
10:50:30	9.67	-0.01	50	48350	卖盘
10:50:25	9.68	-0.01	7	6776	中性盘
10:50:20	9.69	--	18	17442	买盘
10:50:15	9.69	--	31	30039	买盘
10:50:10	9.69	--	7	6783	买盘
10:50:05	9.69	--	19	18411	买盘
10:50:00	9.69	--	58	56202	买盘
10:49:55	9.69	0.01	2	1938	买盘
10:49:45	9.68	-0.01	33	31944	卖盘
10:49:40	9.69	0.01	49	47481	买盘
10:49:34	9.68	--	15	14520	卖盘
10:49:30	9.68	--	120	116160	卖盘
10:49:25	9.68	-0.01	10	9680	卖盘
10:49:20	9.69	0.01	11	10659	买盘
10:49:15	9.68	-0.01	63	60984	卖盘
10:49:10	9.69	0.01	3	2907	买盘
10:49:05	9.68	--	5	4840	卖盘
10:49:00	9.68	--	10	9680	卖盘
10:48:50	9.68	-0.01	12	11616	卖盘
10:48:45	9.69	0.01	7	6783	买盘
10:48:40	9.68	--	5	4840	买盘
10:48:34	9.68	-0.01	23	22264	卖盘
10:48:25	9.69	--	5	4845	买盘
10:48:19	9.69	0.01	5	4845	买盘
10:48:15	9.68	--	28	27104	卖盘
10:48:10	9.68	--	108	104544	卖盘
10:48:04	9.68	--	69	66792	卖盘
10:48:00	9.68	--	10	9680	卖盘
10:47:55	9.68	--	18	17424	卖盘
10:47:50	9.68	--	351	339768	买盘
10:47:40	9.68	0.01	16	15488	买盘
10:47:35	9.67	-0.01	24	23208	卖盘
10:47:29	9.68	0.01	137	132616	买盘
10:47:20	9.67	0.01	20	19340	卖盘
10:47:14	9.66	-0.01	50	48300	卖盘
10:47:05	9.67	--	17	16439	卖盘
10:46:59	9.67	0.01	156	150852	买盘
10:46:44	9.66	--	57	55062	卖盘
10:46:29	9.66	-0.01	47	45402	卖盘
10:46:24	9.67	-0.01	1	967	卖盘
10:46:20	9.68	--	5	4840	买盘
10:46:14	9.68	0.02	307	297176	买盘
10:46:09	9.66	-0.01	3	2898	卖盘
10:46:05	9.67	--	20	19340	买盘
10:45:59	9.67	-0.01	101	97667	卖盘
10:45:54	9.68	0.01	24	23232	买盘
10:45:39	9.67	-0.01	39	37713	卖盘
10:45:29	9.68	0.01	60	58080	买盘
10:45:24	9.67	--	30	29010	卖盘
10:45:20	9.67	--	100	96700	卖盘
10:45:14	9.67	0.01	105	101535	中性盘
10:45:09	9.66	-0.02	20	19320	卖盘
10:45:05	9.68	0.01	487	471416	买盘
10:44:54	9.67	--	1	967	买盘
10:44:50	9.67	0.01	40	38680	买盘
10:44:44	9.66	--	50	48300	卖盘
10:44:39	9.66	0.01	1	966	买盘
10:44:34	9.65	-0.01	18	17370	卖盘
10:44:29	9.66	--	122	117852	卖盘
10:44:24	9.66	--	195	188370	买盘
10:44:19	9.66	--	16	15456	买盘
10:44:14	9.66	--	193	186438	买盘
10:44:09	9.66	0.01	5	4830	买盘
10:44:04	9.65	-0.01	1	965	卖盘
10:43:59	9.66	0.02	52	50232	买盘
10:43:54	9.64	-0.01	231	222684	卖盘
10:43:39	9.65	--	117	112905	卖盘
10:43:28	9.65	--	242	233530	买盘
10:43:19	9.65	--	153	147645	买盘
10:43:14	9.65	--	23	22195	买盘
10:43:09	9.65	--	148	142820	买盘
10:43:04	9.65	--	22	21230	买盘
10:42:59	9.65	--	67	64655	买盘
10:42:54	9.65	0.01	52	50180	买盘
10:42:49	9.64	-0.01	81	78084	卖盘
10:42:44	9.65	--	16	15440	买盘
10:42:39	9.65	0.02	30	28950	买盘
10:42:34	9.63	-0.02	242	233046	卖盘
10:42:28	9.65	--	199	192035	买盘
10:42:19	9.65	--	19	18335	买盘
10:42:14	9.65	0.01	48	46320	买盘
10:42:09	9.64	--	5	4820	卖盘
10:42:04	9.64	0.02	6	5784	卖盘
10:41:54	9.62	-0.01	241	231841	卖盘
10:41:49	9.63	-0.01	160	154080	卖盘
10:41:43	9.64	--	105	101220	买盘
10:41:39	9.64	--	55	53020	买盘
10:41:34	9.64	--	240	231360	买盘
10:41:29	9.64	--	87	83868	买盘
10:41:23	9.64	--	13	12532	买盘
10:41:19	9.64	--	346	333544	买盘
10:41:13	9.64	--	1	964	买盘
10:41:08	9.64	0.03	5	4820	买盘
10:41:04	9.61	-0.03	377	362297	卖盘
10:40:59	9.64	0.01	3	2892	买盘
10:40:53	9.63	--	15	14445	卖盘
10:40:44	9.63	--	29	27927	买盘
10:40:38	9.63	--	67	64521	买盘
10:40:34	9.63	--	115	110745	买盘
10:40:29	9.63	--	15	14445	买盘
10:40:23	9.63	--	2	1926	买盘
10:40:18	9.63	--	11	10593	买盘
10:40:13	9.63	--	17	16371	买盘
10:40:08	9.63	--	483	465129	买盘
10:40:03	9.63	--	2	1926	买盘
10:39:58	9.63	--	11	10593	买盘
10:39:53	9.63	--	11	10593	买盘
10:39:48	9.63	--	10	9630	买盘
10:39:44	9.63	--	2	1926	买盘
10:39:38	9.63	--	20	19260	买盘
10:39:33	9.63	--	3	2889	买盘
10:39:28	9.63	--	15	14445	买盘
10:39:23	9.63	--	48	46224	买盘
10:39:18	9.63	-0.01	32	30816	卖盘
10:39:13	9.64	0.02	228	219792	买盘
10:39:08	9.62	--	0	0	卖盘
10:39:03	9.62	-0.01	14	13467	卖盘
10:38:59	9.63	0.01	20	19260	买盘
10:38:43	9.62	-0.01	16	15391	卖盘
10:38:38	9.63	--	75	72225	卖盘
10:38:29	9.63	--	40	38520	买盘
10:38:23	9.63	--	10	9630	卖盘
10:38:18	9.63	0.01	5	4815	中性盘
10:38:13	9.62	-0.01	52	50023	卖盘
10:38:03	9.63	--	9	8667	买盘
10:37:53	9.63	--	25	24075	买盘
10:37:48	9.63	--	435	418905	买盘
10:37:43	9.63	--	20	19260	买盘
10:37:38	9.63	--	6	5778	买盘
10:37:33	9.63	--	11	10593	买盘
10:37:23	9.63	0.01	63	60669	买盘
10:37:18	9.62	--	11	11341	买盘
10:37:13	9.62	-0.01	89	85618	卖盘
10:37:08	9.63	--	17	16371	买盘
10:37:03	9.63	0.02	14	13482	买盘
10:36:48	9.61	--	397	381517	卖盘
10:36:37	9.61	--	27	25947	卖盘
10:36:33	9.61	--	1	961	卖盘
10:36:28	9.61	--	2	1922	卖盘
10:36:22	9.61	-0.01	517	496836	卖盘
10:36:18	9.62	0.01	30	28859	买盘
10:36:13	9.61	-0.01	12	11532	卖盘
10:36:03	9.62	--	5	4810	买盘
10:35:58	9.62	--	8	7695	买盘
10:35:52	9.62	--	49	47137	买盘
10:35:48	9.62	0.01	482	463683	买盘
10:35:37	9.61	--	1	961	卖盘
10:35:33	9.61	-0.01	18	17298	卖盘
10:35:23	9.62	0.01	2	1923	买盘
10:35:13	9.61	--	268	257547	买盘
10:35:07	9.61	0.01	333	320013	买盘
10:35:02	9.6	-0.01	12	11520	卖盘
10:34:58	9.61	--	11	10571	买盘
10:34:52	9.61	0.01	23	22103	买盘
10:34:47	9.6	--	21	20160	卖盘
10:34:43	9.6	-0.01	30	28800	卖盘
10:34:37	9.61	0.01	17	16336	买盘
10:34:32	9.6	--	41	39360	卖盘
10:34:28	9.6	--	23	22080	卖盘
10:34:22	9.6	--	5	4800	卖盘
10:34:17	9.6	-0.01	71	68160	卖盘
10:34:07	9.61	0.01	6	5766	买盘
10:34:02	9.6	-0.01	108	103680	卖盘
10:33:57	9.61	--	72	69192	买盘
10:33:52	9.61	--	36	34596	买盘
10:33:47	9.61	0.01	25	24025	买盘
10:33:42	9.6	--	35	33600	卖盘
10:33:37	9.6	-0.01	20	19200	卖盘
10:33:32	9.61	--	275	264563	买盘
10:33:27	9.61	--	5	4805	买盘
10:33:23	9.61	0.01	12	11532	买盘
10:33:17	9.6	-0.01	23	22080	卖盘
10:33:12	9.61	--	40	38440	买盘
10:33:07	9.61	0.01	126	121086	买盘
10:33:02	9.6	-0.01	186	178560	卖盘
10:32:52	9.61	--	20	19220	买盘
10:32:47	9.61	0.01	29	27869	买盘
10:32:37	9.6	--	245	235200	卖盘
10:32:22	9.6	--	25	24000	卖盘
10:32:17	9.6	--	33	31680	卖盘
10:32:07	9.6	-0.01	3	2880	卖盘
10:32:02	9.61	0.01	290	278690	买盘
10:31:57	9.6	-0.01	5	4800	卖盘
10:31:52	9.61	--	65	62464	买盘
10:31:47	9.61	0.01	15	14415	买盘
10:31:42	9.6	-0.01	326	312960	卖盘
10:31:37	9.61	--	27	25947	买盘
10:31:27	9.61	0.01	16	15376	买盘
10:31:22	9.6	--	1	960	卖盘
10:31:17	9.6	-0.01	18	17280	卖盘
10:31:12	9.61	0.01	1	961	买盘
10:31:02	9.6	-0.01	474	455040	卖盘
10:30:57	9.61	0.01	163	156643	买盘
10:30:52	9.6	--	2	1920	买盘
10:30:47	9.6	--	154	147840	买盘
10:30:42	9.6	--	4	3840	买盘
10:30:37	9.6	--	8	7680	买盘
10:30:31	9.6	0.01	72	69120	中性盘
10:30:27	9.59	-0.01	128	122752	卖盘
10:30:22	9.6	-0.01	8	7680	卖盘
10:30:12	9.61	0.01	17	16336	买盘
10:30:07	9.6	--	1	960	买盘
10:30:01	9.6	--	43	41280	买盘
10:29:57	9.6	-0.01	134	128640	卖盘
10:29:52	9.61	--	20	19220	买盘
10:29:46	9.61	0.02	27	25947	买盘
10:29:42	9.59	-0.01	738	707742	卖盘
10:29:37	9.6	-0.01	4	3840	卖盘
10:29:27	9.61	0.01	8	7688	买盘
10:29:22	9.6	-0.01	12	11520	卖盘
10:29:16	9.61	--	26	24986	买盘
10:29:07	9.61	--	2	1922	买盘
10:29:01	9.61	0.01	4	3844	买盘
10:28:57	9.6	-0.01	194	186240	卖盘
10:28:52	9.61	--	10	9610	买盘
10:28:37	9.61	0.01	50	48050	买盘
10:28:31	9.6	0.01	5	4800	中性盘
10:28:26	9.59	-0.01	514	492926	卖盘
10:28:16	9.6	--	39	37440	卖盘
10:28:11	9.6	--	9	8640	卖盘
10:28:07	9.6	-0.01	9	8640	卖盘
10:27:56	9.61	0.01	13	12493	买盘
10:27:52	9.6	--	39	37440	买盘
10:27:46	9.6	-0.01	73	70080	卖盘
10:27:41	9.61	--	5	4805	买盘
10:27:37	9.61	0.01	30	28830	买盘
10:27:31	9.6	-0.01	18	17280	卖盘
10:27:26	9.61	--	40	38440	买盘
10:27:21	9.61	--	5	4805	买盘
10:27:16	9.61	--	90	86490	买盘
10:27:11	9.61	0.01	21	20181	买盘
10:27:01	9.6	0.01	7	6720	中性盘
10:26:56	9.59	-0.02	504	483336	卖盘
10:26:51	9.61	-0.01	29	27869	买盘
10:26:41	9.62	0.03	8	7695	买盘
10:26:36	9.59	--	0	0	卖盘
10:26:31	9.59	-0.02	494	473746	卖盘
10:26:26	9.61	--	1	961	卖盘
10:26:16	9.61	--	5	4805	卖盘
10:26:11	9.61	--	495	475695	卖盘
10:26:06	9.61	--	50	48050	卖盘
10:26:01	9.61	-0.01	45	43245	卖盘
10:25:51	9.62	0.01	200	192399	买盘
10:25:46	9.61	-0.01	34	32673	卖盘
10:25:41	9.62	0.02	86	82732	买盘
10:25:36	9.6	-0.01	17	16320	卖盘
10:25:31	9.61	--	50	48050	买盘
10:25:26	9.61	--	107	102827	买盘
10:25:21	9.61	0.01	12	11532	买盘
10:25:16	9.6	-0.01	494	474240	卖盘
10:25:11	9.61	--	11	10571	买盘
10:25:06	9.61	--	76	73036	买盘
10:24:56	9.61	--	2	1922	买盘
10:24:51	9.61	--	50	48050	买盘
10:24:46	9.61	--	10	9610	买盘
10:24:41	9.61	0.01	61	58621	买盘
10:24:36	9.6	-0.01	119	114240	卖盘
10:24:26	9.61	--	23	22103	买盘
10:24:21	9.61	--	22	21142	买盘
10:24:16	9.61	0.01	34	32673	买盘
10:24:10	9.6	--	29	27840	卖盘
10:24:06	9.6	--	18	17280	卖盘
10:24:01	9.6	-0.01	25	24000	卖盘
10:23:55	9.61	--	5	4805	买盘
10:23:51	9.61	--	7	6727	买盘
10:23:46	9.61	0.01	120	115320	买盘
10:23:40	9.6	--	36	34560	买盘
10:23:36	9.6	--	235	225600	买盘
10:23:25	9.6	--	26	24960	买盘
10:23:21	9.6	--	287	275520	买盘
10:23:16	9.6	--	41	39360	买盘
10:22:55	9.6	--	82	78720	卖盘
10:22:51	9.6	0.01	12	11520	中性盘
10:22:40	9.59	-0.02	343	328937	卖盘
10:22:25	9.61	-0.01	6	5766	卖盘
10:22:21	9.62	--	9	8658	买盘
10:22:10	9.62	0.03	5	4810	买盘
10:22:05	9.59	-0.02	245	234955	卖盘
10:21:50	9.61	-0.01	87	83607	卖盘
10:21:46	9.62	0.01	20	19240	买盘
10:21:40	9.61	0.02	203	195083	中性盘
10:21:35	9.59	--	246	235914	卖盘
10:21:31	9.59	--	0	0	卖盘
10:21:25	9.59	-0.02	270	258930	卖盘
10:21:20	9.61	--	10	9610	卖盘
10:21:16	9.61	0.01	71	68231	买盘
10:21:10	9.6	-0.01	200	192000	卖盘
10:21:00	9.61	--	1	961	买盘
10:20:55	9.61	0.01	65	62734	买盘
10:20:50	9.6	-0.01	239	230131	卖盘
10:20:45	9.61	--	13	12493	买盘
10:20:40	9.61	0.01	405	389205	买盘
10:20:30	9.6	--	120	115200	卖盘
10:20:25	9.6	-0.01	84	80640	卖盘
10:20:20	9.61	--	18	17298	买盘
10:20:15	9.61	0.01	37	35557	买盘
10:20:10	9.6	-0.01	413	396480	卖盘
10:20:05	9.61	-0.01	2	1922	中性盘
10:20:00	9.62	0.02	117	112553	买盘
10:19:55	9.6	-0.01	94	90240	卖盘
10:19:45	9.61	--	26	24986	卖盘
10:19:40	9.61	-0.01	1	961	卖盘
10:19:35	9.62	0.01	478	459835	买盘
10:19:30	9.61	--	27	25947	卖盘
10:19:25	9.61	0.01	57	55728	买盘
10:19:20	9.6	-0.01	209	200640	卖盘
10:19:15	9.61	--	41	39401	买盘
10:19:10	9.61	--	10	9610	买盘
10:19:05	9.61	--	10	9610	买盘
10:19:00	9.61	--	192	184512	买盘
10:18:55	9.61	--	20	19220	买盘
10:18:50	9.61	--	3	2883	买盘
10:18:45	9.61	-0.01	246	236415	卖盘
10:18:40	9.62	0.01	5	4810	买盘
10:18:35	9.61	--	14	13454	卖盘
10:18:20	9.61	--	5	4805	卖盘
10:18:15	9.61	--	0	951	买盘
10:18:10	9.61	0.01	272	261391	买盘
10:18:05	9.6	-0.01	320	307478	卖盘
10:18:00	9.61	--	21	20181	买盘
10:17:55	9.61	--	10	9610	买盘
10:17:49	9.61	0.01	32	30752	买盘
10:17:45	9.6	-0.01	118	113280	卖盘
10:17:40	9.61	--	9	8649	买盘
10:17:34	9.61	0.01	83	79763	买盘
10:17:30	9.6	-0.01	61	58560	卖盘
10:17:25	9.61	0.01	5	4805	买盘
10:17:19	9.6	-0.01	97	93120	卖盘
10:17:15	9.61	0.01	58	55738	买盘
10:17:04	9.6	--	22	21120	卖盘
10:17:00	9.6	-0.01	20	19200	卖盘
10:16:55	9.61	--	8	7688	买盘
10:16:49	9.61	0.01	200	192200	买盘
10:16:45	9.6	-0.01	1001	960969	卖盘
10:16:40	9.61	--	65	62464	买盘
10:16:34	9.61	--	36	34596	买盘
10:16:30	9.61	--	97	93217	买盘
10:16:25	9.61	--	61	58621	买盘
10:16:19	9.61	--	108	103788	买盘
10:16:15	9.61	--	43	41323	买盘
10:16:10	9.61	--	51	49011	买盘
10:16:04	9.61	--	184	176824	买盘
10:16:00	9.61	-0.01	98	94178	卖盘
10:15:55	9.62	--	15	14429	买盘
10:15:49	9.62	-0.01	447	430013	卖盘
10:15:44	9.63	--	125	120375	买盘
10:15:40	9.63	--	41	39483	买盘
10:15:34	9.63	--	10	9630	买盘
10:15:29	9.63	--	18	17334	买盘
10:15:19	9.63	--	18	17334	买盘
10:15:14	9.63	--	2	1926	买盘
10:15:10	9.63	-0.01	3	2889	买盘
10:15:04	9.64	--	0	0	买盘
10:14:59	9.64	--	106	102184	买盘
10:14:55	9.64	--	6	5784	买盘
10:14:49	9.64	--	113	109192	卖盘
10:14:39	9.64	--	65	63363	买盘
10:14:29	9.64	--	128	123392	买盘
10:14:24	9.64	--	14	13496	买盘
10:14:19	9.64	--	69	66776	卖盘
10:14:14	9.64	-0.01	206	198584	卖盘
10:13:59	9.65	0.02	354	342314	买盘
10:13:54	9.63	-0.01	26	25298	卖盘
10:13:49	9.64	--	3	2892	买盘
10:13:44	9.64	0.02	9	9379	买盘
10:13:39	9.62	-0.02	524	504347	卖盘
10:13:34	9.64	0.01	40	38560	买盘
10:13:29	9.63	--	72	69336	买盘
10:13:24	9.63	--	5	4815	买盘
10:13:19	9.63	--	9	8667	买盘
10:13:14	9.63	-0.01	90	86670	卖盘
10:13:09	9.64	0.01	6	5784	买盘
10:13:04	9.63	--	105	101115	卖盘
10:12:59	9.63	0.01	201	194265	买盘
10:12:54	9.62	--	35	33670	买盘
10:12:49	9.62	--	26	25011	买盘
10:12:44	9.62	--	69	66378	买盘
10:12:39	9.62	--	455	437969	卖盘
10:12:34	9.62	0.01	387	372996	买盘
10:12:29	9.61	-0.01	167	160487	卖盘
10:12:24	9.62	--	64	61567	买盘
10:12:19	9.62	0.01	18	17316	买盘
10:12:14	9.61	--	94	90334	买盘
10:12:09	9.61	--	68	65347	买盘
10:12:04	9.61	--	70	67270	买盘
10:11:59	9.61	0.01	47	45167	买盘
10:11:54	9.6	--	27	25920	卖盘
10:11:49	9.6	-0.01	2	1920	卖盘
10:11:44	9.61	0.01	269	259460	买盘
10:11:39	9.6	--	39	37440	买盘
10:11:34	9.6	0.02	504	483840	买盘
10:11:28	9.58	-0.02	125	119750	卖盘
10:11:24	9.6	--	96	92160	买盘
10:11:19	9.6	--	14	13440	买盘
10:11:13	9.6	--	20	19200	买盘
10:11:09	9.6	0.01	232	222729	买盘
10:11:04	9.59	-0.01	369	353871	卖盘
10:10:58	9.6	--	192	184320	买盘
10:10:54	9.6	0.02	479	460790	买盘
10:10:49	9.58	-0.01	50	47900	卖盘
10:10:43	9.59	--	123	117957	买盘
10:10:39	9.59	0.01	15	14385	买盘
10:10:34	9.58	-0.01	216	206928	卖盘
10:10:24	9.59	--	55	52745	买盘
10:10:19	9.59	--	132	126588	买盘
10:10:13	9.59	0.01	20	19180	买盘
10:10:09	9.58	--	54	51732	卖盘
10:10:04	9.58	--	10	9580	卖盘
10:09:58	9.58	--	125	119750	买盘
10:09:54	9.58	0.01	60	57480	卖盘
10:09:49	9.57	-0.01	30	28710	卖盘
10:09:43	9.58	--	342	327636	卖盘
10:09:38	9.58	--	26	24908	买盘
10:09:34	9.58	--	71	68018	买盘
10:09:28	9.58	--	256	245248	买盘
10:09:23	9.58	-0.01	102	97716	卖盘
10:09:19	9.59	--	16	15344	买盘
10:09:13	9.59	--	177	169743	买盘
10:09:08	9.59	0.01	24	23016	买盘
10:09:04	9.58	--	418	400444	卖盘
10:08:58	9.58	-0.01	81	77598	卖盘
10:08:53	9.59	--	110	105490	买盘
10:08:38	9.59	--	191	183178	卖盘
10:08:34	9.59	--	27	25893	卖盘
10:08:28	9.59	--	394	377846	卖盘
10:08:23	9.59	-0.01	97	93972	卖盘
10:08:18	9.6	0.01	437	419520	买盘
10:08:13	9.59	--	17	16303	买盘
10:08:08	9.59	--	46	44114	买盘
10:08:03	9.59	--	57	54663	卖盘
10:07:58	9.59	-0.01	59	56581	卖盘
10:07:53	9.6	--	37	35520	买盘
10:07:48	9.6	--	53	50880	买盘
10:07:43	9.6	0.01	353	338880	买盘
10:07:38	9.59	-0.01	10	9590	卖盘
10:07:33	9.6	0.01	8	7680	买盘
10:07:28	9.59	-0.01	423	405657	卖盘
10:07:23	9.6	--	8	7689	卖盘
10:07:18	9.6	--	10	9600	卖盘
10:07:13	9.6	--	65	63350	买盘
10:07:08	9.6	--	41	39360	买盘
10:07:03	9.6	--	50	48000	买盘
10:06:58	9.6	--	12	11520	买盘
10:06:53	9.6	-0.01	207	198729	卖盘
10:06:48	9.61	0.01	44	42284	买盘
10:06:43	9.6	-0.01	14	13440	卖盘
10:06:38	9.61	0.01	7	6727	买盘
10:06:33	9.6	-0.01	18	17280	卖盘
10:06:23	9.61	--	30	28830	买盘
10:06:18	9.61	0.01	94	90334	买盘
10:06:08	9.6	-0.01	523	502080	卖盘
10:06:03	9.61	--	8	7688	买盘
10:05:53	9.61	--	399	383439	卖盘
10:05:48	9.61	-0.01	11	10571	卖盘
10:05:42	9.62	0.01	85	81770	买盘
10:05:38	9.61	--	1	961	卖盘
10:05:33	9.61	--	55	52855	卖盘
10:05:22	9.61	-0.01	20	19220	卖盘
10:05:18	9.62	0.01	3	2885	买盘
10:05:07	9.61	--	11	10571	卖盘
10:05:03	9.61	-0.01	5	4805	中性盘
10:04:58	9.62	0.01	155	149110	买盘
10:04:52	9.61	--	416	399776	买盘
10:04:48	9.61	0.01	67	64386	买盘
10:04:37	9.6	-0.01	5	4800	卖盘
10:04:33	9.61	--	29	27869	买盘
10:04:28	9.61	--	13	12493	买盘
10:04:22	9.61	-0.01	300	288559	卖盘
10:04:18	9.62	--	93	90168	买盘
10:04:07	9.62	--	130	125059	买盘
10:04:03	9.62	0.01	53	50985	买盘
10:03:58	9.61	--	40	38440	卖盘
10:03:52	9.61	--	10	9610	卖盘
10:03:48	9.61	--	42	40362	卖盘
10:03:37	9.61	--	30	28830	卖盘
10:03:33	9.61	--	21	20181	卖盘
10:03:22	9.61	0.01	782	751502	买盘
10:03:17	9.6	--	79	75840	卖盘
10:03:07	9.6	-0.01	29	27840	卖盘
10:03:02	9.61	0.01	29	27869	买盘
10:02:58	9.6	--	361	347510	买盘
10:02:52	9.6	-0.01	707	678729	卖盘
10:02:43	9.61	0.01	2	1922	买盘
10:02:37	9.6	-0.01	126	120960	卖盘
10:02:32	9.61	--	188	180668	买盘
10:02:28	9.61	0.01	2	1922	买盘
10:02:17	9.6	--	245	235200	卖盘
10:02:12	9.6	--	1	960	卖盘
10:02:07	9.6	-0.01	15	14400	卖盘
10:02:02	9.61	--	442	425713	买盘
10:01:57	9.61	0.01	59	56699	买盘
10:01:52	9.6	-0.01	29	27840	卖盘
10:01:47	9.61	0.01	9	8649	买盘
10:01:42	9.6	--	169	162240	卖盘
10:01:37	9.6	-0.01	135	129600	卖盘
10:01:32	9.61	0.01	51	49011	买盘
10:01:27	9.6	--	60	57600	卖盘
10:01:22	9.6	-0.01	19	18240	卖盘
10:01:17	9.61	--	20	19220	买盘
10:01:12	9.61	--	125	120125	买盘
10:01:07	9.61	0.01	17	16336	买盘
10:01:02	9.6	--	30	28800	卖盘
10:00:57	9.6	-0.01	15	14400	卖盘
10:00:52	9.61	--	41	39401	卖盘
10:00:47	9.61	0.01	21	20181	买盘
10:00:42	9.6	--	0	0	卖盘
10:00:37	9.6	--	29	27840	卖盘
10:00:32	9.6	-0.01	10	9600	卖盘
10:00:27	9.61	0.01	2	1922	中性盘
10:00:22	9.6	--	198	190080	卖盘
10:00:17	9.6	--	113	108480	卖盘
10:00:12	9.6	--	403	386880	卖盘
10:00:07	9.6	--	13	12480	卖盘
10:00:02	9.6	-0.01	42	40320	卖盘
09:59:57	9.61	--	51	49270	卖盘
09:59:47	9.61	--	55	52855	卖盘
09:59:42	9.61	--	9	9350	买盘
09:59:32	9.61	--	47	45167	买盘
09:59:27	9.61	--	20	19220	买盘
09:59:22	9.61	--	1	961	买盘
09:59:17	9.61	-0.02	181	174200	卖盘
09:59:12	9.63	0.02	35	33705	买盘
09:59:02	9.61	-0.01	10	9610	卖盘
09:58:57	9.62	--	65	62529	买盘
09:58:52	9.62	0.01	10	9620	买盘
09:58:46	9.61	--	64	62205	买盘
09:58:42	9.61	--	10	9610	买盘
09:58:37	9.61	--	20	19220	买盘
09:58:31	9.61	--	531	510290	买盘
09:58:27	9.61	--	245	235445	买盘
09:58:22	9.61	--	50	48050	买盘
09:58:16	9.61	--	24	23064	买盘
09:58:12	9.61	--	99	95398	卖盘
09:58:07	9.61	--	450	432450	卖盘
09:57:57	9.61	--	100	96100	卖盘
09:57:52	9.61	0.01	33	32414	买盘
09:57:46	9.6	-0.01	53	50880	卖盘
09:57:42	9.61	--	131	125890	买盘
09:57:37	9.61	--	76	73036	买盘
09:57:31	9.61	--	87	83607	买盘
09:57:27	9.61	--	72	69192	买盘
09:57:22	9.61	--	35	33635	买盘
09:57:16	9.61	--	140	134540	买盘
09:57:12	9.61	--	15	14415	买盘
09:57:07	9.61	-0.01	235	226094	卖盘
09:57:01	9.62	0.01	41	39442	买盘
09:56:56	9.61	--	19	18960	卖盘
09:56:52	9.61	-0.01	520	499719	卖盘
09:56:46	9.62	--	22	21164	买盘
09:56:41	9.62	0.01	60	57719	买盘
09:56:31	9.61	--	3	2883	卖盘
09:56:26	9.61	--	2	1922	卖盘
09:56:22	9.61	0.01	60	57660	买盘
09:56:16	9.6	-0.01	275	264000	卖盘
09:56:11	9.61	--	11	10571	买盘
09:56:07	9.61	--	30	28830	买盘
09:56:01	9.61	--	48	46128	买盘
09:55:56	9.61	-0.01	931	894691	卖盘
09:55:51	9.62	0.01	55	52909	买盘
09:55:46	9.61	--	12	11532	卖盘
09:55:41	9.61	--	113	108593	卖盘
09:55:36	9.61	0.01	20	19220	卖盘
09:55:31	9.6	-0.01	60	57600	卖盘
09:55:26	9.61	0.01	188	180668	买盘
09:55:21	9.6	--	53	50880	卖盘
09:55:16	9.6	-0.01	44	42240	卖盘
09:55:11	9.61	--	172	165292	买盘
09:55:06	9.61	0.01	200	192200	买盘
09:55:01	9.6	--	142	136320	卖盘
09:54:56	9.6	-0.01	235	225600	卖盘
09:54:51	9.61	0.01	101	97061	买盘
09:54:46	9.6	--	546	524160	卖盘
09:54:41	9.6	-0.01	104	99840	卖盘
09:54:36	9.61	0.01	127	122047	买盘
09:54:31	9.6	-0.01	196	188160	卖盘
09:54:26	9.61	--	291	279651	买盘
09:54:21	9.61	0.01	137	131657	买盘
09:54:16	9.6	-0.01	26	24960	卖盘
09:54:11	9.61	--	210	201810	买盘
09:54:06	9.61	--	5	4805	买盘
09:54:01	9.61	-0.01	153	147033	卖盘
09:53:56	9.62	0.01	71	68302	买盘
09:53:51	9.61	-0.01	1030	989829	卖盘
09:53:46	9.62	--	13	12505	买盘
09:53:41	9.62	-0.01	140	134680	卖盘
09:53:31	9.63	--	14	13482	买盘
09:53:26	9.63	0.01	1	963	中性盘
09:53:21	9.62	-0.01	555	533910	卖盘
09:53:16	9.63	--	8	7704	卖盘
09:53:11	9.63	0.01	26	25038	中性盘
09:53:06	9.62	-0.01	371	356902	卖盘
09:53:01	9.63	-0.01	8	7704	卖盘
09:52:51	9.64	0.02	10	9640	买盘
09:52:46	9.62	-0.01	18	17316	卖盘
09:52:40	9.63	--	30	28890	买盘
09:52:36	9.63	-0.01	620	597060	卖盘
09:52:21	9.64	0.02	152	146528	买盘
09:52:10	9.62	--	133	127945	卖盘
09:52:06	9.62	-0.01	9	8658	卖盘
09:51:55	9.63	--	43	41409	买盘
09:51:51	9.63	-0.01	389	374607	卖盘
09:51:40	9.64	0.01	12	11568	买盘
09:51:36	9.63	-0.01	16	15408	卖盘
09:51:25	9.64	--	11	10604	买盘
09:51:21	9.64	--	4	3856	卖盘
09:51:16	9.64	-0.01	10	9640	卖盘
09:51:10	9.65	0.01	15	14475	买盘
09:51:06	9.64	--	31	29884	卖盘
09:51:01	9.64	--	11	10604	买盘
09:50:55	9.64	--	9	8676	卖盘
09:50:51	9.64	--	3	2892	卖盘
09:50:46	9.64	--	9	8676	卖盘
09:50:40	9.64	0.01	158	152312	买盘
09:50:35	9.63	--	58	55854	买盘
09:50:31	9.63	0.01	5	4815	买盘
09:50:25	9.62	-0.01	740	711880	卖盘
09:50:20	9.63	--	16	15408	卖盘
09:50:16	9.63	-0.01	22	21186	卖盘
09:50:10	9.64	0.01	6	5784	买盘
09:50:05	9.63	-0.01	229	220527	卖盘
09:50:01	9.64	--	18	17352	卖盘
09:49:55	9.64	--	27	26028	卖盘
09:49:50	9.64	-0.01	266	256424	卖盘
09:49:46	9.65	0.01	25	24125	买盘
09:49:40	9.64	-0.01	27	26028	卖盘
09:49:35	9.65	0.01	35	33775	买盘
09:49:30	9.64	--	19	18316	卖盘
09:49:25	9.64	-0.01	85	81940	卖盘
09:49:20	9.65	--	67	64655	买盘
09:49:15	9.65	--	20	19300	买盘
09:49:10	9.65	--	70	67550	卖盘
09:49:05	9.65	--	584	563560	卖盘
09:49:00	9.65	-0.01	24	23160	卖盘
09:48:55	9.66	0.01	64	61824	买盘
09:48:50	9.65	--	49	47285	卖盘
09:48:40	9.65	-0.01	4	3860	卖盘
09:48:35	9.66	--	735	710010	买盘
09:48:30	9.66	--	38	36708	买盘
09:48:25	9.66	--	30	28980	买盘
09:48:20	9.66	--	107	103362	卖盘
09:48:15	9.66	--	18	17388	卖盘
09:48:10	9.66	-0.01	210	202860	卖盘
09:48:05	9.67	--	43	41581	买盘
09:48:00	9.67	0.01	11	10637	买盘
09:47:55	9.66	--	19	18354	卖盘
09:47:50	9.66	--	5	4830	卖盘
09:47:45	9.66	--	6	5796	卖盘
09:47:40	9.66	-0.01	14	13524	卖盘
09:47:35	9.67	0.01	228	220476	买盘
09:47:30	9.66	--	13	12558	卖盘
09:47:25	9.66	--	1	966	卖盘
09:47:20	9.66	-0.02	272	262752	卖盘
09:47:15	9.68	--	79	76472	买盘
09:47:10	9.68	0.01	69	66792	买盘
09:47:05	9.67	-0.01	91	87997	卖盘
09:47:00	9.68	0.01	14	13552	买盘
09:46:55	9.67	0.01	10	9670	中性盘
09:46:50	9.66	-0.01	443	427938	卖盘
09:46:45	9.67	0.01	101	97667	买盘
09:46:35	9.66	-0.01	5	4830	卖盘
09:46:30	9.67	--	76	73492	买盘
09:46:25	9.67	0.01	48	46416	买盘
09:46:19	9.66	-0.01	25	24150	卖盘
09:46:04	9.67	0.01	90	87030	买盘
09:46:00	9.66	-0.01	67	64722	卖盘
09:45:45	9.67	0.01	55	53185	买盘
09:45:34	9.66	--	423	408618	卖盘
09:45:30	9.66	--	326	314916	买盘
09:45:19	9.66	--	10	9660	买盘
09:45:15	9.66	--	23	22218	买盘
09:45:10	9.66	0.01	40	38640	买盘
09:45:04	9.65	-0.01	150	144750	卖盘
09:45:00	9.66	0.01	11	10626	买盘
09:44:54	9.65	-0.01	1	965	卖盘
09:44:49	9.66	0.01	10	9660	买盘
09:44:40	9.65	-0.02	6	5790	卖盘
09:44:34	9.67	0.02	1	967	买盘
09:44:29	9.65	-0.01	133	128345	卖盘
09:44:25	9.66	--	60	57960	买盘
09:44:19	9.66	0.01	409	395094	买盘
09:44:14	9.65	--	47	45355	卖盘
09:44:10	9.65	-0.01	40	38600	卖盘
09:44:04	9.66	-0.01	31	29946	卖盘
09:43:59	9.67	0.01	83	80261	买盘
09:43:49	9.66	--	593	572838	卖盘
09:43:44	9.66	--	15	14490	卖盘
09:43:40	9.66	0.01	45	43470	买盘
09:43:34	9.65	--	8	7720	卖盘
09:43:29	9.65	--	83	80095	卖盘
09:43:25	9.65	-0.01	14	13510	卖盘
09:43:19	9.66	--	35	33810	买盘
09:43:14	9.66	0.01	245	236670	买盘
09:43:04	9.65	--	20	19300	卖盘
09:42:49	9.65	-0.01	9	8685	卖盘
09:42:44	9.66	--	14	13524	买盘
09:42:39	9.66	--	5	4830	买盘
09:42:34	9.66	0.01	28	27048	买盘
09:42:29	9.65	-0.01	1	965	卖盘
09:42:24	9.66	0.01	10	9660	买盘
09:42:19	9.65	-0.01	20	19300	卖盘
09:42:14	9.66	--	432	417312	卖盘
09:42:04	9.66	-0.01	10	9660	卖盘
09:41:59	9.67	--	89	86063	买盘
09:41:54	9.67	--	30	29010	买盘
09:41:39	9.67	0.01	4	3868	买盘
09:41:34	9.66	--	6	5796	卖盘
09:41:29	9.66	--	52	50232	买盘
09:41:24	9.66	-0.01	24	23184	卖盘
09:41:19	9.67	--	33	31911	买盘
09:41:14	9.67	0.01	14	13538	买盘
09:41:09	9.66	-0.01	750	724500	卖盘
09:41:04	9.67	--	15	14505	买盘
09:40:59	9.67	--	58	56086	买盘
09:40:54	9.67	--	3	2901	买盘
09:40:49	9.67	--	9	8703	卖盘
09:40:44	9.67	-0.01	114	110238	卖盘
09:40:39	9.68	0.01	30	29040	买盘
09:40:34	9.67	-0.01	24	23208	卖盘
09:40:29	9.68	0.01	115	111320	买盘
09:40:24	9.67	-0.01	7	6769	卖盘
09:40:14	9.68	0.01	15	14520	买盘
09:40:09	9.67	-0.01	630	609500	卖盘
09:40:04	9.68	-0.01	10	9680	卖盘
09:39:58	9.69	0.01	12	11628	买盘
09:39:54	9.68	--	12	11616	卖盘
09:39:49	9.68	--	492	476256	卖盘
09:39:43	9.68	-0.01	172	166496	卖盘
09:39:39	9.69	-0.01	116	112404	卖盘
09:39:34	9.7	--	7	6789	买盘
09:39:28	9.7	0.01	243	235709	卖盘
09:39:24	9.69	--	0	0	卖盘
09:39:19	9.69	-0.01	77	74613	卖盘
09:39:13	9.7	--	29	28129	买盘
09:39:09	9.7	--	22	21340	买盘
09:39:04	9.7	0.01	22	21340	买盘
09:38:58	9.69	--	9	8721	卖盘
09:38:54	9.69	--	54	52326	卖盘
09:38:49	9.69	--	7	6783	卖盘
09:38:43	9.69	0.01	77	74613	买盘
09:38:39	9.68	--	106	102608	卖盘
09:38:28	9.68	--	40	39397	卖盘
09:38:24	9.68	--	156	151008	买盘
09:38:19	9.68	0.01	25	24200	买盘
09:38:13	9.67	--	51	49317	卖盘
09:38:08	9.67	--	9	8703	卖盘
09:38:04	9.67	--	60	58020	买盘
09:37:58	9.67	--	115	111205	买盘
09:37:53	9.67	--	25	24175	买盘
09:37:49	9.67	0.01	436	421612	买盘
09:37:43	9.66	-0.01	68	65688	卖盘
09:37:38	9.67	-0.01	9	8703	卖盘
09:37:34	9.68	0.01	9	8712	买盘
09:37:28	9.67	--	16	15472	卖盘
09:37:23	9.67	--	15	14505	卖盘
09:37:19	9.67	--	94	90898	卖盘
09:37:13	9.67	0.01	104	100568	买盘
09:37:08	9.66	--	77	74382	卖盘
09:37:03	9.66	-0.01	10	9660	卖盘
09:36:58	9.67	0.01	20	19340	买盘
09:36:48	9.66	0.01	145	140070	买盘
09:36:43	9.65	--	39	37635	卖盘
09:36:38	9.65	--	5	4825	卖盘
09:36:33	9.65	--	2	1930	卖盘
09:36:28	9.65	--	1	965	卖盘
09:36:23	9.65	--	24	23160	买盘
09:36:18	9.65	-0.01	61	58865	卖盘
09:36:13	9.66	0.01	45	43470	买盘
09:36:08	9.65	--	146	140890	买盘
09:36:03	9.65	--	103	99395	买盘
09:35:58	9.65	--	57	55005	买盘
09:35:53	9.65	--	14	13510	买盘
09:35:43	9.65	--	22	21230	卖盘
09:35:38	9.65	0.01	2	1930	买盘
09:35:33	9.64	-0.01	38	36632	卖盘
09:35:28	9.65	--	24	23160	买盘
09:35:23	9.65	--	58	55970	买盘
09:35:18	9.65	0.01	33	31845	买盘
09:35:13	9.64	-0.01	37	35668	卖盘
09:35:08	9.65	--	291	280815	买盘
09:35:03	9.65	--	65	62725	买盘
09:34:58	9.65	--	36	34740	买盘
09:34:53	9.65	--	2	1930	买盘
09:34:48	9.65	--	77	74305	买盘
09:34:43	9.65	0.01	23	22195	买盘
09:34:38	9.64	-0.01	78	75192	卖盘
09:34:33	9.65	--	110	106150	买盘
09:34:28	9.65	--	26	25090	买盘
09:34:23	9.65	--	218	210370	买盘
09:34:18	9.65	--	46	44390	买盘
09:34:13	9.65	--	40	38600	买盘
09:34:08	9.65	--	65	62725	买盘
09:34:03	9.65	0.01	18	17370	买盘
09:33:58	9.64	-0.01	1	964	卖盘
09:33:53	9.65	0.01	10	9650	买盘
09:33:48	9.64	-0.02	12	11568	卖盘
09:33:37	9.66	0.01	90	86940	买盘
09:33:33	9.65	0.02	26	25090	卖盘
09:33:22	9.63	-0.02	938	903294	卖盘
09:33:18	9.65	--	58	55970	买盘
09:33:13	9.65	--	42	40530	买盘
09:33:07	9.65	--	86	82990	中性盘
09:33:03	9.65	0.01	18	17370	买盘
09:32:57	9.64	--	72	69408	卖盘
09:32:52	9.64	-0.01	56	53984	卖盘
09:32:48	9.65	0.01	54	52110	买盘
09:32:37	9.64	--	27	26028	卖盘
09:32:33	9.64	-0.01	174	167736	卖盘
09:32:28	9.65	--	69	66585	卖盘
09:32:22	9.65	--	206	198790	卖盘
09:32:17	9.65	--	12	11580	卖盘
09:32:13	9.65	-0.01	24	23160	卖盘
09:32:07	9.66	0.01	36	34776	卖盘
09:32:03	9.65	-0.01	72	69480	卖盘
09:31:58	9.66	--	0	0	买盘
09:31:52	9.66	0.01	12	11592	买盘
09:31:47	9.65	-0.02	28	27020	卖盘
09:31:43	9.67	--	158	152786	买盘
09:31:37	9.67	-0.01	258	249486	中性盘
09:31:32	9.68	0.01	43	41624	买盘
09:31:27	9.67	0.02	62	59954	买盘
09:31:22	9.65	-0.02	121	116765	卖盘
09:31:17	9.67	--	107	103469	卖盘
09:31:13	9.67	--	280	270760	卖盘
09:31:07	9.67	--	352	340384	买盘
09:31:02	9.67	0.01	145	140215	买盘
09:30:57	9.66	-0.01	70	67620	卖盘
09:30:52	9.67	0.01	335	323945	买盘
09:30:47	9.66	--	70	67620	卖盘
09:30:43	9.66	--	111	107226	买盘
09:30:37	9.66	--	48	46368	买盘
09:30:32	9.66	0.01	239	230874	买盘
09:30:22	9.65	--	48	46320	卖盘
09:30:17	9.65	--	0	0	卖盘
09:30:07	9.65	0.02	294	283710	买盘
09:30:02	9.63	--	217	208971	买盘
09:28:40	9.63	--	0	0	买盘
09:25:06	9.63	9.63	502	483426	买盘
