成交时间	成交价	价格变动	成交量(手)	成交额(元)	性质
15:00:00	5.32	--	0	0	卖盘
15:00:00	5.32	--	0	0	卖盘
14:59:59	5.32	--	222	118104	卖盘
14:59:53	5.32	--	37	19689	卖盘
14:59:49	5.32	--	54	28728	卖盘
14:59:44	5.32	0.01	8	4256	中性盘
14:59:38	5.31	-0.01	1067	566577	卖盘
14:59:34	5.32	--	989	526344	买盘
14:59:29	5.32	--	491	261212	买盘
14:59:23	5.32	0.01	296	157472	买盘
14:59:19	5.31	-0.01	24	12743	卖盘
14:59:14	5.32	--	307	163324	买盘
14:59:08	5.32	--	1259	669788	买盘
14:59:04	5.32	--	138	73416	买盘
14:58:59	5.32	--	110	58520	买盘
14:58:53	5.32	--	451	239932	买盘
14:58:49	5.32	--	122	64904	买盘
14:58:44	5.32	--	1070	569240	买盘
14:58:38	5.32	0.01	374	198968	买盘
14:58:34	5.31	-0.01	53	28142	卖盘
14:58:29	5.32	--	259	137788	买盘
14:58:23	5.32	--	341	181412	买盘
14:58:19	5.32	--	48	25536	买盘
14:58:14	5.32	--	31	16492	买盘
14:58:08	5.32	--	304	161728	买盘
14:58:04	5.32	--	298	158536	买盘
14:57:59	5.32	--	45	23940	买盘
14:57:53	5.32	--	784	417088	买盘
14:57:49	5.32	0.01	635	337820	买盘
14:57:44	5.31	--	113	60002	卖盘
14:57:38	5.31	--	32	16992	卖盘
14:57:34	5.31	-0.01	20	10620	卖盘
14:57:29	5.32	0.01	62	32984	买盘
14:57:23	5.31	--	38	20178	卖盘
14:57:19	5.31	--	283	150734	买盘
14:57:14	5.31	--	319	169389	买盘
14:57:08	5.31	-0.01	475	252294	卖盘
14:57:04	5.32	0.01	1070	569240	买盘
14:56:59	5.31	-0.01	40	21240	卖盘
14:56:53	5.32	0.01	19	10108	买盘
14:56:49	5.31	--	200	106199	卖盘
14:56:44	5.31	--	127	67437	卖盘
14:56:38	5.31	--	584	310104	卖盘
14:56:34	5.31	--	13	6902	卖盘
14:56:29	5.31	--	41	21771	卖盘
14:56:23	5.31	--	50	26549	卖盘
14:56:19	5.31	--	170	90270	卖盘
14:56:14	5.31	--	162	86483	买盘
14:56:08	5.31	--	50	26549	买盘
14:56:04	5.31	--	300	159300	买盘
14:55:59	5.31	--	180	95580	买盘
14:55:53	5.31	--	209	110978	买盘
14:55:44	5.31	-0.01	3624	1924651	卖盘
14:55:38	5.32	--	120	63840	买盘
14:55:34	5.32	--	238	126616	买盘
14:55:28	5.32	0.01	150	79800	买盘
14:55:23	5.31	--	129	68499	卖盘
14:55:13	5.31	--	34	18054	卖盘
14:55:08	5.31	--	95	50444	卖盘
14:54:58	5.31	--	41	21771	卖盘
14:54:53	5.31	--	1	531	卖盘
14:54:43	5.31	--	11	5841	卖盘
14:54:38	5.31	--	137	72747	卖盘
14:54:32	5.31	--	9	4779	卖盘
14:54:28	5.31	-0.01	140	74340	卖盘
14:54:23	5.32	0.01	76	40432	买盘
14:54:17	5.31	--	67	35577	卖盘
14:54:13	5.31	--	70	37393	买盘
14:54:08	5.31	--	168	89208	买盘
14:54:02	5.31	--	369	196246	卖盘
14:53:58	5.31	--	327	173637	卖盘
14:53:53	5.31	--	26	13805	卖盘
14:53:47	5.31	--	1565	831014	卖盘
14:53:38	5.31	-0.01	4	2124	卖盘
14:53:32	5.32	0.01	104	55328	买盘
14:53:28	5.31	-0.01	132	70092	卖盘
14:53:23	5.32	--	22	11704	买盘
14:53:17	5.32	0.01	51	27132	买盘
14:53:13	5.31	--	32	16992	卖盘
14:53:02	5.31	-0.01	158	83898	卖盘
14:52:58	5.32	0.01	36	19152	买盘
14:52:53	5.31	-0.01	1252	664812	卖盘
14:52:47	5.32	--	113	60116	买盘
14:52:32	5.32	0.01	22	11704	买盘
14:52:28	5.31	-0.01	277	147087	卖盘
14:52:23	5.32	0.01	1	532	买盘
14:52:13	5.31	-0.01	218	115757	卖盘
14:52:08	5.32	0.01	326	173432	买盘
14:52:02	5.31	--	507	269217	卖盘
14:51:58	5.31	--	12	6371	卖盘
14:51:53	5.31	-0.01	14	7433	卖盘
14:51:47	5.32	0.01	98	52136	买盘
14:51:43	5.31	-0.01	50	26549	卖盘
14:51:38	5.32	0.01	92	48944	买盘
14:51:32	5.31	-0.01	35	18585	卖盘
14:51:28	5.32	--	100	53200	买盘
14:51:23	5.32	0.01	5	2660	买盘
14:51:17	5.31	-0.01	134	71154	卖盘
14:51:08	5.32	0.01	1582	841624	买盘
14:51:02	5.31	--	194	103013	卖盘
14:50:53	5.31	--	274	145494	卖盘
14:50:47	5.31	-0.01	148	78588	卖盘
14:50:43	5.32	--	20	10640	买盘
14:50:38	5.32	0.01	104	55328	买盘
14:50:32	5.31	-0.01	14	7433	卖盘
14:50:28	5.32	--	30	15960	买盘
14:50:23	5.32	0.01	142	75544	买盘
14:50:17	5.31	--	114	60533	卖盘
14:50:08	5.31	--	28	14867	卖盘
14:50:02	5.31	-0.01	88	46728	卖盘
14:49:53	5.32	0.01	70	37240	买盘
14:49:47	5.31	--	59	31328	卖盘
14:49:43	5.31	-0.01	218	115890	卖盘
14:49:38	5.32	--	207	110124	买盘
14:49:32	5.32	--	100	53200	买盘
14:49:28	5.32	--	1	532	买盘
14:49:23	5.32	0.01	10	5320	买盘
14:49:17	5.31	--	8	4248	卖盘
14:49:13	5.31	--	82	43542	卖盘
14:49:08	5.31	-0.01	70	37170	卖盘
14:49:02	5.32	--	202	107464	买盘
14:48:58	5.32	--	10	5320	买盘
14:48:53	5.32	--	61	32452	买盘
14:48:47	5.32	--	253	134596	买盘
14:48:43	5.32	0.01	128	68096	买盘
14:48:37	5.31	-0.01	78	41418	卖盘
14:48:32	5.32	0.01	160	85386	买盘
14:48:22	5.31	--	211	112040	卖盘
14:48:17	5.31	--	1219	647289	卖盘
14:48:11	5.31	--	14	7433	卖盘
14:48:07	5.31	-0.01	85	45135	卖盘
14:48:02	5.32	--	19	10108	买盘
14:47:56	5.32	0.01	16	8512	买盘
14:47:52	5.31	-0.01	4	2124	卖盘
14:47:47	5.32	0.01	61	32452	买盘
14:47:41	5.31	-0.01	14	7433	卖盘
14:47:37	5.32	--	33	17556	买盘
14:47:32	5.32	0.01	1264	672448	买盘
14:47:22	5.31	-0.01	4	2124	卖盘
14:47:17	5.32	0.01	12	6384	买盘
14:47:11	5.31	--	97	51506	卖盘
14:46:52	5.31	-0.01	6	3185	卖盘
14:46:41	5.32	--	92	48944	买盘
14:46:37	5.32	0.01	10	5320	买盘
14:46:26	5.31	--	634	336654	卖盘
14:46:17	5.31	--	5	2655	卖盘
14:46:11	5.31	-0.01	166	88146	卖盘
14:46:07	5.32	0.01	49	26068	买盘
14:46:02	5.31	--	326	173106	卖盘
14:45:56	5.31	--	196	104075	卖盘
14:45:47	5.31	--	195	103544	卖盘
14:45:41	5.31	-0.01	42	22302	卖盘
14:45:37	5.32	0.01	161	85652	买盘
14:45:32	5.31	--	170	90270	卖盘
14:45:22	5.31	--	51	27080	卖盘
14:45:17	5.31	-0.01	40	21240	卖盘
14:45:11	5.32	--	221	117572	买盘
14:45:07	5.32	--	6	3192	买盘
14:45:02	5.32	0.01	32	17024	买盘
14:44:56	5.31	--	82	43542	卖盘
14:44:52	5.31	--	41	21771	卖盘
14:44:47	5.31	--	32	16992	卖盘
14:44:41	5.31	--	30	15929	卖盘
14:44:37	5.31	--	58	30797	卖盘
14:44:32	5.31	--	1340	711895	买盘
14:44:22	5.31	0.01	105	55754	买盘
14:44:11	5.3	-0.01	1262	668860	卖盘
14:44:07	5.31	--	3	1592	买盘
14:44:02	5.31	0.01	55	29204	买盘
14:43:56	5.3	--	12	6360	卖盘
14:43:52	5.3	-0.01	7	3710	卖盘
14:43:47	5.31	--	104	55223	买盘
14:43:41	5.31	0.01	60	31859	买盘
14:43:32	5.3	--	239	126670	卖盘
14:43:26	5.3	--	11	5830	卖盘
14:43:22	5.3	-0.01	31	16430	卖盘
14:43:17	5.31	0.01	191	101420	买盘
14:43:11	5.3	--	22	11660	卖盘
14:43:07	5.3	--	40	21200	卖盘
14:43:02	5.3	--	74	39220	卖盘
14:42:56	5.3	--	30	15900	卖盘
14:42:52	5.3	--	10	5300	卖盘
14:42:47	5.3	--	75	39750	卖盘
14:42:41	5.3	--	116	61480	买盘
14:42:37	5.3	--	11	5830	买盘
14:42:32	5.3	--	57	30210	买盘
14:42:26	5.3	--	135	71550	卖盘
14:42:21	5.3	--	17	9010	卖盘
14:42:16	5.3	--	63	33390	卖盘
14:42:11	5.3	--	725	384250	卖盘
14:42:05	5.3	--	29	15370	卖盘
14:42:01	5.3	--	754	399620	卖盘
14:41:56	5.3	-0.01	40	21200	卖盘
14:41:50	5.31	0.01	100	53099	买盘
14:41:46	5.3	--	149	78970	卖盘
14:41:41	5.3	--	188	99640	卖盘
14:41:35	5.3	--	8	4240	卖盘
14:41:20	5.3	-0.01	509	269770	卖盘
14:41:16	5.31	0.01	37	19647	买盘
14:41:11	5.3	-0.01	309	163770	卖盘
14:41:05	5.31	--	4	2124	买盘
14:40:56	5.31	-0.01	230	122305	卖盘
14:40:50	5.32	0.01	319	169708	买盘
14:40:46	5.31	--	87	46197	卖盘
14:40:41	5.31	-0.01	16	8496	卖盘
14:40:35	5.32	0.01	126	67032	买盘
14:40:31	5.31	--	410	217709	卖盘
14:40:26	5.31	--	103	54692	卖盘
14:40:20	5.31	--	504	267624	卖盘
14:40:16	5.31	--	932	495253	卖盘
14:40:11	5.31	--	46	24426	卖盘
14:40:05	5.31	--	101	53630	卖盘
14:39:56	5.31	-0.01	29	15398	卖盘
14:39:46	5.32	0.01	15	7980	买盘
14:39:41	5.31	--	100	53099	卖盘
14:39:35	5.31	-0.01	12	6371	卖盘
14:39:26	5.32	0.01	5	2660	买盘
14:39:20	5.31	-0.01	4	2124	卖盘
14:39:11	5.32	0.01	2	1064	买盘
14:39:05	5.31	--	28	14867	卖盘
14:39:01	5.31	-0.01	7	3716	卖盘
14:38:56	5.32	--	46	24472	买盘
14:38:50	5.32	0.01	99	52668	买盘
14:38:46	5.31	-0.01	7	3716	卖盘
14:38:41	5.32	0.01	110	58520	买盘
14:38:35	5.31	-0.01	50	26549	卖盘
14:38:31	5.32	--	21	11172	买盘
14:38:26	5.32	--	192	102144	买盘
14:38:20	5.32	--	21	11172	买盘
14:38:16	5.32	0.01	14	7448	买盘
14:38:11	5.31	--	3	1592	卖盘
14:38:05	5.31	-0.01	27	14336	卖盘
14:38:01	5.32	0.01	2	1064	买盘
14:37:56	5.31	--	160	84960	卖盘
14:37:46	5.31	--	2	1062	卖盘
14:37:41	5.31	-0.01	2004	1064124	卖盘
14:37:35	5.32	0.01	1964	1045374	买盘
14:37:31	5.31	-0.01	30	15929	卖盘
14:37:26	5.32	0.01	99	52668	买盘
14:37:20	5.31	-0.01	2	1062	卖盘
14:37:11	5.32	0.01	7	3724	买盘
14:37:05	5.31	-0.01	15	7964	卖盘
14:37:01	5.32	--	22	11704	买盘
14:36:56	5.32	--	434	230888	买盘
14:36:50	5.32	--	25	13300	买盘
14:36:41	5.32	--	258	137261	卖盘
14:36:35	5.32	--	32	17024	卖盘
14:36:26	5.32	--	41	21812	卖盘
14:36:20	5.32	-0.01	130	69160	卖盘
14:36:16	5.33	0.01	1	533	买盘
14:36:11	5.32	--	292	155870	卖盘
14:36:05	5.32	--	87	46284	卖盘
14:36:00	5.32	--	64	34048	卖盘
14:35:56	5.32	-0.01	205	109060	卖盘
14:35:50	5.33	0.01	29	15457	买盘
14:35:44	5.32	--	106	56392	卖盘
14:35:40	5.32	--	29	15428	卖盘
14:35:35	5.32	--	648	344736	卖盘
14:35:29	5.32	--	7	3724	卖盘
14:35:25	5.32	--	35	18620	卖盘
14:35:20	5.32	--	291	154812	卖盘
14:35:10	5.32	0.01	1235	657020	买盘
14:35:05	5.31	-0.01	43	22833	卖盘
14:34:55	5.32	--	307	163324	买盘
14:34:50	5.32	--	3	1596	买盘
14:34:44	5.32	--	20	10640	买盘
14:34:40	5.32	--	469	249508	卖盘
14:34:35	5.32	--	54	28728	卖盘
14:34:29	5.32	--	1500	798000	卖盘
14:34:25	5.32	--	35	18620	卖盘
14:34:20	5.32	--	152	80864	卖盘
14:34:14	5.32	--	164	87248	卖盘
14:34:10	5.32	--	33	17556	卖盘
14:34:05	5.32	--	60	31920	卖盘
14:33:59	5.32	-0.01	1115	593180	卖盘
14:33:55	5.33	0.01	5	2665	买盘
14:33:50	5.32	-0.01	43	22876	卖盘
14:33:44	5.33	0.01	41	21853	买盘
14:33:40	5.32	--	307	163324	卖盘
14:33:35	5.32	-0.01	141	75012	卖盘
14:33:29	5.33	--	93	49569	买盘
14:33:20	5.33	0.01	220	117260	买盘
14:33:14	5.32	--	22	11704	卖盘
14:33:10	5.32	--	48	25536	卖盘
14:33:05	5.32	-0.01	617	328244	卖盘
14:32:59	5.33	0.01	213	113529	买盘
14:32:55	5.32	--	37	19684	卖盘
14:32:50	5.32	--	50	26600	卖盘
14:32:44	5.32	-0.01	694	369208	卖盘
14:32:40	5.33	0.01	16	8528	买盘
14:32:35	5.32	--	266	141512	卖盘
14:32:29	5.32	-0.01	28	14896	卖盘
14:32:25	5.33	--	371	197743	买盘
14:32:20	5.33	0.01	71	37843	买盘
14:32:14	5.32	-0.01	70	37240	卖盘
14:32:10	5.33	--	1003	534599	买盘
14:32:05	5.33	0.01	24	12792	买盘
14:31:59	5.32	--	11	5852	卖盘
14:31:55	5.32	--	25	13300	卖盘
14:31:50	5.32	-0.01	93	49476	卖盘
14:31:44	5.33	--	95	50635	卖盘
14:31:40	5.33	--	2526	1346358	买盘
14:31:35	5.33	0.01	488	260104	买盘
14:31:29	5.32	--	145	77140	卖盘
14:31:20	5.32	--	28	14896	卖盘
14:31:14	5.32	-0.01	613	326116	卖盘
14:31:10	5.33	--	63	33579	买盘
14:31:05	5.33	0.01	71	37843	买盘
14:30:59	5.32	--	112	59584	卖盘
14:30:55	5.32	--	4	2128	卖盘
14:30:50	5.32	-0.01	82	43624	卖盘
14:30:44	5.33	0.01	23	12259	买盘
14:30:40	5.32	--	25	13300	卖盘
14:30:35	5.32	--	50	26600	卖盘
14:30:29	5.32	--	48	25536	卖盘
14:30:25	5.32	--	150	79800	卖盘
14:30:20	5.32	0.01	751	399532	买盘
14:30:14	5.31	--	10	5310	卖盘
14:30:09	5.31	--	1	531	卖盘
14:30:05	5.31	-0.01	90	47790	卖盘
14:29:59	5.32	--	39	20748	买盘
14:29:55	5.32	0.01	20	10640	买盘
14:29:50	5.31	-0.01	425	225674	卖盘
14:29:44	5.32	0.01	513	272916	买盘
14:29:40	5.31	--	384	203903	卖盘
14:29:35	5.31	-0.01	293	155583	卖盘
14:29:29	5.32	0.01	40	21280	买盘
14:29:23	5.31	-0.01	36	19116	卖盘
14:29:19	5.32	--	30	15960	买盘
14:29:14	5.32	-0.01	1817	966644	卖盘
14:29:08	5.33	--	1	533	买盘
14:29:04	5.33	0.01	128	68224	买盘
14:28:59	5.32	-0.01	756	402192	卖盘
14:28:53	5.33	--	333	177489	买盘
14:28:49	5.33	--	73	38909	买盘
14:28:44	5.33	0.01	427	227591	买盘
14:28:38	5.32	-0.01	38	20216	卖盘
14:28:34	5.33	0.01	94	50102	买盘
14:28:29	5.32	-0.01	1092	580944	卖盘
14:28:23	5.33	0.01	400	213200	买盘
14:28:19	5.32	-0.01	402	213864	卖盘
14:28:14	5.33	0.01	113	60229	买盘
14:28:08	5.32	--	12	6384	卖盘
14:28:04	5.32	-0.01	99	52668	卖盘
14:27:59	5.33	--	329	175357	买盘
14:27:53	5.33	-0.01	446	237718	卖盘
14:27:49	5.34	--	20	10680	买盘
14:27:44	5.34	0.01	200	106800	买盘
14:27:38	5.33	--	178	94874	卖盘
14:27:34	5.33	--	23	12259	卖盘
14:27:29	5.33	-0.01	306	163098	卖盘
14:27:23	5.34	0.01	497	265398	买盘
14:27:19	5.33	--	308	164164	买盘
14:27:14	5.33	--	185	98605	卖盘
14:27:08	5.33	0.01	486	259038	买盘
14:27:04	5.32	-0.01	1239	659148	卖盘
14:26:59	5.33	--	95	50635	买盘
14:26:53	5.33	--	352	187616	买盘
14:26:49	5.33	--	280	149240	卖盘
14:26:44	5.33	-0.01	288	153504	卖盘
14:26:38	5.34	0.01	782	417588	买盘
14:26:34	5.33	--	100	53300	卖盘
14:26:29	5.33	-0.01	449	239317	卖盘
14:26:23	5.34	0.02	5460	2915640	买盘
14:26:19	5.32	-0.01	1500	798000	卖盘
14:26:14	5.33	0.01	941	501553	买盘
14:26:08	5.32	-0.01	206	109592	卖盘
14:26:04	5.33	0.01	196	104468	买盘
14:25:59	5.32	-0.01	346	184072	卖盘
14:25:53	5.33	0.01	152	81016	买盘
14:25:49	5.32	-0.01	103	54796	卖盘
14:25:44	5.33	--	919	489827	买盘
14:25:38	5.33	--	231	123123	买盘
14:25:34	5.33	0.01	146	77818	买盘
14:25:29	5.32	--	910	484120	买盘
14:25:23	5.32	--	377	200564	买盘
14:25:14	5.32	--	444	236208	买盘
14:25:08	5.32	--	258	137256	买盘
14:25:04	5.32	--	27	14364	买盘
14:24:59	5.32	--	24	12768	买盘
14:24:53	5.32	--	260	138320	卖盘
14:24:49	5.32	--	717	381444	卖盘
14:24:44	5.32	-0.01	90	47880	卖盘
14:24:38	5.33	--	759	404547	买盘
14:24:29	5.33	--	78	41574	买盘
14:24:23	5.33	-0.01	152	81106	卖盘
14:24:19	5.34	0.01	105	56070	买盘
14:24:14	5.33	-0.01	983	523939	卖盘
14:24:08	5.34	--	2417	1290678	买盘
14:24:04	5.34	0.01	35	18690	买盘
14:23:59	5.33	-0.01	191	101803	卖盘
14:23:53	5.34	--	1756	937704	卖盘
14:23:49	5.34	0.01	3435	1834733	买盘
14:23:44	5.33	--	1904	1014832	卖盘
14:23:38	5.33	-0.01	494	263302	卖盘
14:23:34	5.34	--	620	331080	买盘
14:23:29	5.34	--	327	174708	卖盘
14:23:23	5.34	--	588	313992	卖盘
14:23:19	5.34	-0.01	474	253116	卖盘
14:23:14	5.35	0.01	1768	945879	买盘
14:23:08	5.34	--	527	281861	买盘
14:23:04	5.34	--	1041	555894	买盘
14:22:59	5.34	--	514	274476	买盘
14:22:53	5.34	--	1150	614100	买盘
14:22:47	5.34	0.01	375	200250	买盘
14:22:43	5.33	--	95	50635	卖盘
14:22:38	5.33	0.01	3716	1980628	买盘
14:22:32	5.32	--	37	19684	卖盘
14:22:28	5.32	0.03	9783	5204556	买盘
14:22:23	5.29	0.01	4165	2203285	买盘
14:22:17	5.28	-0.01	15	7920	卖盘
14:22:13	5.29	--	1015	536935	买盘
14:22:08	5.29	--	208	110032	买盘
14:22:02	5.29	--	3	1587	买盘
14:21:58	5.29	--	34	17986	买盘
14:21:53	5.29	0.01	49	25921	买盘
14:21:47	5.28	--	40	21120	卖盘
14:21:43	5.28	--	4	2112	卖盘
14:21:38	5.28	--	483	255024	买盘
14:21:32	5.28	0.01	10	5280	买盘
14:21:28	5.27	-0.01	2384	1256368	卖盘
14:21:23	5.28	--	96	50688	买盘
14:21:13	5.28	0.01	10	5280	买盘
14:21:02	5.27	--	7	3688	卖盘
14:20:53	5.27	--	794	418648	买盘
14:20:47	5.27	0.01	1400	737799	买盘
14:20:43	5.26	--	2	1052	卖盘
14:20:38	5.26	--	5	2630	卖盘
14:20:32	5.26	--	89	46814	买盘
14:20:23	5.26	--	56	29456	买盘
14:20:17	5.26	--	121	63646	卖盘
14:20:13	5.26	--	19	10309	买盘
14:20:08	5.26	--	140	73640	买盘
14:19:53	5.26	--	56	29456	买盘
14:19:47	5.26	--	184	96994	卖盘
14:19:38	5.26	--	567	298242	卖盘
14:19:23	5.26	--	195	102885	卖盘
14:19:17	5.26	--	23	12098	卖盘
14:19:13	5.26	--	8	4208	卖盘
14:19:08	5.26	-0.01	35	18410	卖盘
14:19:02	5.27	--	5	2635	买盘
14:18:47	5.27	--	89	46902	买盘
14:18:43	5.27	0.01	26	13701	买盘
14:18:38	5.26	--	18	9468	卖盘
14:18:32	5.26	-0.01	2	1052	卖盘
14:18:23	5.27	--	10	5270	买盘
14:18:13	5.27	--	256	134912	买盘
14:18:02	5.27	--	106	55861	买盘
14:17:53	5.27	--	40	21080	买盘
14:17:43	5.27	0.01	50	26349	买盘
14:17:38	5.26	-0.01	387	203562	卖盘
14:17:32	5.27	--	32	16864	买盘
14:17:22	5.27	0.01	10	5270	买盘
14:17:17	5.26	--	10	5260	卖盘
14:17:13	5.26	--	968	509168	买盘
14:17:07	5.26	--	54	28404	买盘
14:17:02	5.26	--	25	13150	买盘
14:16:57	5.26	--	18	9468	买盘
14:16:53	5.26	0.01	588	309288	买盘
14:16:47	5.25	-0.01	25	13125	卖盘
14:16:42	5.26	--	100	52600	买盘
14:16:37	5.26	--	10	5260	买盘
14:16:32	5.26	--	9	4734	买盘
14:16:22	5.26	--	58	30508	买盘
14:16:17	5.26	--	50	26300	买盘
14:16:11	5.26	0.01	10	5260	买盘
14:16:07	5.25	-0.01	1	525	卖盘
14:16:02	5.26	--	3	1578	买盘
14:15:56	5.26	--	185	97310	买盘
14:15:52	5.26	0.01	43	22660	买盘
14:15:47	5.25	--	289	151725	买盘
14:15:37	5.25	0.01	105	55125	买盘
14:15:32	5.24	-0.01	156	81744	卖盘
14:15:26	5.25	--	20	10500	买盘
14:15:22	5.25	--	171	89775	买盘
14:15:17	5.25	--	2000	1050000	买盘
14:15:07	5.25	0.01	12	6300	买盘
14:14:47	5.24	--	91	47684	卖盘
14:14:41	5.24	-0.01	19	9956	卖盘
14:14:37	5.25	0.01	20	10500	买盘
14:14:26	5.24	--	485	254140	卖盘
14:14:22	5.24	--	40	20960	卖盘
14:14:17	5.24	--	60	31440	卖盘
14:14:02	5.24	--	4	2096	卖盘
14:13:56	5.24	--	9	4716	卖盘
14:13:52	5.24	--	6	3144	卖盘
14:13:47	5.24	--	208	108992	买盘
14:13:41	5.24	--	421	220604	买盘
14:13:37	5.24	0.01	200	104800	买盘
14:13:32	5.23	-0.01	101	52823	卖盘
14:13:26	5.24	--	54	28296	买盘
14:13:11	5.24	0.01	764	400336	买盘
14:13:07	5.23	--	2	1046	卖盘
14:12:47	5.23	--	1	523	卖盘
14:12:32	5.23	--	302	157946	卖盘
14:12:26	5.23	-0.01	50	26150	卖盘
14:12:22	5.24	--	1	524	买盘
14:12:17	5.24	0.01	2	1048	买盘
14:12:11	5.23	--	600	313800	卖盘
14:12:07	5.23	--	2	1046	卖盘
14:11:56	5.23	--	20	10460	卖盘
14:11:41	5.23	-0.01	16	8368	卖盘
14:11:26	5.24	0.01	5	2620	买盘
14:11:06	5.23	-0.01	15	7845	卖盘
14:11:01	5.24	--	36	18864	买盘
14:10:56	5.24	--	151	79124	卖盘
14:10:46	5.24	--	2	1048	卖盘
14:10:37	5.24	--	100	52400	卖盘
14:10:31	5.24	--	1	524	卖盘
14:10:26	5.24	-0.01	41	21484	卖盘
14:10:21	5.25	0.01	19	9975	买盘
14:10:11	5.24	--	50	26200	卖盘
14:10:06	5.24	--	32	16768	卖盘
14:09:56	5.24	--	10	5240	卖盘
14:09:46	5.24	--	126	66024	卖盘
14:09:35	5.24	--	30	15720	卖盘
14:09:31	5.24	--	2	1048	卖盘
14:09:26	5.24	-0.01	109	57116	卖盘
14:09:16	5.25	0.01	45	23625	买盘
14:09:11	5.24	--	10	5240	卖盘
14:09:05	5.24	--	41	21484	卖盘
14:09:01	5.24	--	8	4192	卖盘
14:08:56	5.24	-0.01	100	52400	卖盘
14:08:50	5.25	0.01	493	258825	买盘
14:08:46	5.24	--	3	1572	卖盘
14:08:41	5.24	--	114	59736	卖盘
14:08:35	5.24	--	30	15720	卖盘
14:08:26	5.24	--	9	4716	卖盘
14:08:11	5.24	--	36	18864	卖盘
14:08:05	5.24	--	34	17816	卖盘
14:08:01	5.24	--	100	52400	卖盘
14:07:56	5.24	--	7	3668	卖盘
14:07:41	5.24	--	30	15720	卖盘
14:07:35	5.24	--	30	15720	卖盘
14:07:26	5.24	--	15	7860	卖盘
14:07:20	5.24	--	34	17816	卖盘
14:07:11	5.24	--	2	1048	卖盘
14:07:05	5.24	--	61	31964	卖盘
14:07:01	5.24	--	19	9956	买盘
14:06:56	5.24	-0.01	48	25152	卖盘
14:06:50	5.25	0.01	10	5250	买盘
14:06:46	5.24	--	166	86984	卖盘
14:06:35	5.24	--	32	16768	卖盘
14:06:31	5.24	--	2	1048	卖盘
14:06:20	5.24	--	100	52400	卖盘
14:06:05	5.24	--	5	2620	卖盘
14:06:00	5.24	--	95	49780	卖盘
14:05:50	5.24	--	105	55020	卖盘
14:05:41	5.24	--	2	1048	卖盘
14:05:35	5.24	--	16	8384	卖盘
14:05:31	5.24	--	8	4192	卖盘
14:05:26	5.24	--	8	4192	卖盘
14:05:16	5.24	--	7	3668	卖盘
14:05:10	5.24	--	723	378852	买盘
14:05:05	5.24	0.01	148	77552	买盘
14:05:01	5.23	--	1	523	卖盘
14:04:50	5.23	-0.01	1	523	卖盘
14:04:46	5.24	0.01	3	1572	买盘
14:04:35	5.23	--	131	68513	卖盘
14:04:25	5.23	-0.01	2	1046	卖盘
14:04:20	5.24	0.01	103	53972	买盘
14:04:16	5.23	-0.01	1	523	卖盘
14:04:10	5.24	0.01	310	162440	买盘
14:04:05	5.23	--	36	18828	卖盘
14:04:00	5.23	--	1	523	卖盘
14:03:50	5.23	--	62	32426	卖盘
14:03:40	5.23	--	294	153762	卖盘
14:03:35	5.23	-0.01	61	31903	卖盘
14:03:25	5.24	0.01	130	68120	买盘
14:03:20	5.23	--	18	9414	卖盘
14:03:05	5.23	-0.01	39	20397	卖盘
14:02:50	5.24	0.01	100	52400	买盘
14:02:40	5.23	-0.01	400	209200	卖盘
14:02:35	5.24	--	104	54496	买盘
14:02:14	5.24	--	50	26200	买盘
14:02:10	5.24	--	10	5240	买盘
14:02:05	5.24	--	5	2620	买盘
14:01:55	5.24	0.01	20	10480	买盘
14:01:35	5.23	-0.01	34	17782	卖盘
14:01:29	5.24	--	15	7860	买盘
14:01:25	5.24	--	15	7860	买盘
14:01:14	5.24	--	30	15720	买盘
14:01:05	5.24	--	5	2620	买盘
14:00:50	5.24	0.01	4	2096	买盘
14:00:44	5.23	-0.01	23	12029	卖盘
14:00:39	5.24	--	51	26724	买盘
14:00:35	5.24	0.01	51	26724	买盘
14:00:29	5.23	-0.01	40	20920	卖盘
14:00:20	5.24	--	10	5240	买盘
14:00:14	5.24	--	2	1048	买盘
14:00:05	5.24	--	17	8908	买盘
13:59:59	5.24	0.01	29	15196	买盘
13:59:24	5.23	--	7	3661	卖盘
13:59:20	5.23	--	7	3661	卖盘
13:59:14	5.23	--	19	9937	卖盘
13:59:05	5.23	--	1	523	卖盘
13:58:59	5.23	--	60	31380	卖盘
13:58:29	5.23	--	10	5230	卖盘
13:58:14	5.23	-0.01	1	523	卖盘
13:58:05	5.24	0.01	5	2620	买盘
13:57:40	5.23	-0.01	18	9414	卖盘
13:57:34	5.24	--	4	2096	买盘
13:57:29	5.24	--	29	15196	买盘
13:57:14	5.24	--	20	10480	买盘
13:57:09	5.24	0.01	30	15720	卖盘
13:57:04	5.23	-0.01	1780	930940	卖盘
13:56:59	5.24	--	52	27248	买盘
13:56:49	5.24	--	50	26200	买盘
13:56:44	5.24	--	185	96940	买盘
13:56:34	5.24	--	1	524	买盘
13:56:29	5.24	--	385	201740	卖盘
13:56:19	5.24	--	152	79648	买盘
13:56:14	5.24	--	84	44016	卖盘
13:56:09	5.24	-0.01	59	30916	卖盘
13:55:59	5.25	0.01	9	4725	买盘
13:55:54	5.24	--	29	15196	卖盘
13:55:49	5.24	-0.01	20	10480	卖盘
13:55:44	5.25	--	26	13650	买盘
13:55:34	5.25	0.01	109	57225	买盘
13:55:23	5.24	--	100	52400	卖盘
13:55:19	5.24	--	225	117900	买盘
13:55:14	5.24	0.01	10	5240	买盘
13:55:08	5.23	--	30	15690	卖盘
13:55:04	5.23	-0.01	50	26150	卖盘
13:54:59	5.24	--	7	3668	买盘
13:54:53	5.24	0.01	37	19388	买盘
13:54:38	5.23	-0.01	15	7845	卖盘
13:54:34	5.24	--	245	128380	买盘
13:54:29	5.24	--	500	262000	买盘
13:54:14	5.24	--	3	1572	买盘
13:54:04	5.24	--	4	2096	买盘
13:53:53	5.24	0.01	13	6812	买盘
13:53:38	5.23	-0.01	100	52300	卖盘
13:53:14	5.24	0.01	100	52400	买盘
13:53:08	5.23	-0.01	100	52300	卖盘
13:53:04	5.24	0.01	25	13100	买盘
13:52:44	5.23	--	49	25627	卖盘
13:52:38	5.23	--	38	19874	卖盘
13:52:29	5.23	-0.01	10	5230	卖盘
13:52:19	5.24	--	20	10480	买盘
13:52:14	5.24	--	32	16768	买盘
13:52:03	5.24	0.01	5	2620	买盘
13:51:34	5.23	--	1	523	卖盘
13:51:29	5.23	--	1	523	卖盘
13:51:23	5.23	--	11	5753	卖盘
13:51:08	5.23	-0.01	118	61714	卖盘
13:51:04	5.24	--	25	13100	买盘
13:50:59	5.24	0.01	2	1048	买盘
13:50:53	5.23	-0.01	40	20920	卖盘
13:50:43	5.24	0.01	11	5764	买盘
13:50:38	5.23	-0.01	15	7845	卖盘
13:50:28	5.24	--	138	72312	卖盘
13:50:23	5.24	--	592	310208	买盘
13:50:13	5.24	0.01	10	5240	买盘
13:50:08	5.23	-0.01	60	31380	卖盘
13:50:03	5.24	0.01	5	2620	买盘
13:49:58	5.23	--	2009	1050707	卖盘
13:49:53	5.23	--	40	20920	卖盘
13:49:43	5.23	--	66	34518	卖盘
13:49:38	5.23	--	40	20920	卖盘
13:49:28	5.23	--	1000	523000	卖盘
13:49:13	5.23	--	25	13075	卖盘
13:49:08	5.23	--	80	41840	卖盘
13:48:58	5.23	--	6	3138	卖盘
13:48:53	5.23	--	20	10460	卖盘
13:48:48	5.23	--	27	14121	卖盘
13:48:38	5.23	--	30	15690	卖盘
13:48:28	5.23	-0.01	125	65375	卖盘
13:48:23	5.24	0.01	3	1572	买盘
13:48:08	5.23	--	41	21443	卖盘
13:48:02	5.23	--	4	2092	卖盘
13:47:53	5.23	--	187	97801	卖盘
13:47:38	5.23	--	30	15690	卖盘
13:47:23	5.23	-0.01	165	86295	卖盘
13:47:08	5.24	0.01	10	5240	买盘
13:47:02	5.23	-0.01	53	27719	卖盘
13:46:47	5.24	--	465	243660	买盘
13:46:32	5.24	--	7	3668	买盘
13:46:17	5.24	0.01	820	429680	买盘
13:46:08	5.23	-0.01	30	15690	卖盘
13:46:02	5.24	--	9	4716	买盘
13:45:53	5.24	0.01	23	12052	买盘
13:45:47	5.23	-0.01	12	6276	卖盘
13:45:42	5.24	0.01	5	2620	买盘
13:45:38	5.23	-0.01	65	33995	卖盘
13:45:32	5.24	--	1	524	买盘
13:45:23	5.24	0.01	60	31440	买盘
13:45:17	5.23	--	1	523	卖盘
13:45:08	5.23	-0.01	32	16736	卖盘
13:45:02	5.24	0.01	14	7336	买盘
13:44:53	5.23	-0.01	40	20920	卖盘
13:44:47	5.24	0.01	3	1572	买盘
13:44:42	5.23	--	86	44978	卖盘
13:44:38	5.23	-0.01	417	218091	卖盘
13:44:32	5.24	--	1	524	买盘
13:44:17	5.24	--	457	239468	卖盘
13:44:12	5.24	0.01	33	17292	买盘
13:44:08	5.23	-0.01	21	10983	卖盘
13:44:02	5.24	--	40	20960	卖盘
13:43:52	5.24	-0.01	5	2620	卖盘
13:43:47	5.25	0.01	148	77700	买盘
13:43:42	5.24	--	6	3144	卖盘
13:43:37	5.24	--	17	8908	卖盘
13:43:12	5.24	--	20	10480	卖盘
13:43:07	5.24	--	161	84364	买盘
13:43:02	5.24	--	5	2620	买盘
13:42:57	5.24	--	45	23580	买盘
13:42:47	5.24	--	10	5240	买盘
13:42:37	5.24	-0.01	41	21484	卖盘
13:42:32	5.25	0.02	6	3150	买盘
13:42:12	5.23	-0.01	621	324783	卖盘
13:42:07	5.24	--	34	17816	卖盘
13:41:52	5.24	--	33	17292	卖盘
13:41:41	5.24	--	87	45588	卖盘
13:41:37	5.24	--	35	18340	卖盘
13:41:32	5.24	--	10	5240	卖盘
13:41:26	5.24	--	69	36156	卖盘
13:41:17	5.24	--	250	131000	卖盘
13:41:07	5.24	--	34	17816	卖盘
13:40:56	5.24	--	4	2096	卖盘
13:40:52	5.24	--	175	91815	卖盘
13:40:47	5.24	--	55	28820	卖盘
13:40:37	5.24	--	74	38776	卖盘
13:40:32	5.24	--	0	225	卖盘
13:40:26	5.24	--	20	10480	卖盘
13:40:22	5.24	-0.01	5	2620	卖盘
13:40:17	5.25	0.01	53	27825	买盘
13:40:11	5.24	--	15	7860	卖盘
13:40:06	5.24	--	103	53972	卖盘
13:40:02	5.24	--	50	26200	卖盘
13:39:47	5.24	--	47	24628	卖盘
13:39:36	5.24	--	2	1048	卖盘
13:39:32	5.24	--	34	17816	卖盘
13:39:26	5.24	--	55	28820	卖盘
13:39:21	5.24	--	12	6288	卖盘
13:39:17	5.24	--	456	238944	卖盘
13:39:06	5.24	--	0	99	卖盘
13:39:02	5.24	--	10	5240	卖盘
13:38:47	5.24	--	3	1572	卖盘
13:38:41	5.24	--	72	37728	卖盘
13:38:31	5.24	--	56	29344	卖盘
13:38:16	5.24	--	59	30916	卖盘
13:38:11	5.24	--	36	18968	卖盘
13:38:06	5.24	--	34	17816	卖盘
13:37:56	5.24	0.01	202	105868	买盘
13:37:51	5.23	-0.01	10	5230	卖盘
13:37:47	5.24	--	776	406624	买盘
13:37:41	5.24	--	9	4716	买盘
13:37:36	5.24	--	9	4716	买盘
13:37:32	5.24	--	2	1048	买盘
13:37:26	5.24	--	50	26200	买盘
13:37:16	5.24	--	30	15720	买盘
13:37:11	5.24	--	17	8908	买盘
13:37:01	5.24	--	13	6812	买盘
13:36:56	5.24	--	1298	680623	卖盘
13:36:41	5.24	--	40	20960	卖盘
13:36:36	5.24	--	0	288	卖盘
13:36:21	5.24	-0.01	13	6812	卖盘
13:36:06	5.25	0.01	45	23625	买盘
13:36:01	5.24	-0.01	1000	524000	卖盘
13:35:56	5.25	--	4	2100	买盘
13:35:41	5.25	0.01	5	2625	买盘
13:35:26	5.24	-0.01	0	162	卖盘
13:35:21	5.25	--	5	2625	买盘
13:35:16	5.25	0.01	79	41475	买盘
13:35:11	5.24	--	16	8384	卖盘
13:35:05	5.24	--	1	524	卖盘
13:35:01	5.24	-0.01	25	13100	卖盘
13:34:35	5.25	--	1	525	买盘
13:34:26	5.25	0.01	110	57750	买盘
13:34:11	5.24	-0.01	0	99	卖盘
13:34:01	5.25	0.01	5	2625	买盘
13:33:41	5.24	-0.01	10	5240	卖盘
13:33:31	5.25	--	12	6300	买盘
13:33:20	5.25	0.01	46	24150	买盘
13:33:11	5.24	-0.01	40	20960	卖盘
13:33:05	5.25	0.01	5	2625	买盘
13:33:00	5.24	-0.01	7	3668	卖盘
13:32:50	5.25	0.01	15	7875	买盘
13:32:45	5.24	-0.01	31	16244	卖盘
13:32:40	5.25	--	1	525	买盘
13:32:20	5.25	0.01	30	15750	买盘
13:32:11	5.24	-0.01	124	64976	卖盘
13:32:05	5.25	0.01	55	28875	买盘
13:31:45	5.24	--	45	23580	卖盘
13:31:26	5.24	-0.01	18	9432	卖盘
13:31:20	5.25	--	10	5250	买盘
13:31:05	5.25	0.01	116	60900	买盘
13:30:45	5.24	--	40	20960	卖盘
13:30:41	5.24	--	1	524	卖盘
13:30:30	5.24	-0.01	2	1048	卖盘
13:30:20	5.25	--	45	23625	买盘
13:30:05	5.25	0.01	6	3150	买盘
13:29:55	5.24	--	8	4192	卖盘
13:29:50	5.24	--	19	9956	卖盘
13:29:35	5.24	--	29	15196	卖盘
13:29:25	5.24	--	1	524	卖盘
13:29:10	5.24	--	204	106922	买盘
13:29:05	5.24	--	533	279292	买盘
13:28:55	5.24	--	30	15720	买盘
13:28:50	5.24	--	4	2096	买盘
13:28:45	5.24	--	180	94320	买盘
13:28:40	5.24	--	58	30392	买盘
13:28:35	5.24	--	65	34060	买盘
13:28:14	5.24	--	5	2620	买盘
13:28:05	5.24	--	5	2620	买盘
13:27:50	5.24	0.01	10	5240	买盘
13:27:44	5.23	-0.01	51	26673	卖盘
13:27:40	5.24	--	14	7336	买盘
13:27:25	5.24	--	46	24104	买盘
13:27:20	5.24	0.01	49	25676	买盘
13:27:10	5.23	-0.01	5	2615	卖盘
13:27:05	5.24	0.01	5	2620	买盘
13:26:40	5.23	--	2	1046	卖盘
13:26:24	5.23	--	98	51254	卖盘
13:26:14	5.23	-0.01	11	5753	卖盘
13:26:09	5.24	--	9	4716	买盘
13:26:05	5.24	0.01	2	1048	买盘
13:25:50	5.23	-0.01	10	5230	卖盘
13:25:44	5.24	--	15	7860	买盘
13:25:29	5.24	--	10	5240	买盘
13:25:20	5.24	--	40	20960	买盘
13:25:14	5.24	--	445	233180	买盘
13:25:09	5.24	--	10	5240	买盘
13:25:04	5.24	0.01	236	123664	买盘
13:24:59	5.23	-0.01	20	10460	卖盘
13:24:29	5.24	--	57	29868	买盘
13:24:19	5.24	--	200	104800	买盘
13:24:14	5.24	--	10	5240	买盘
13:24:09	5.24	--	40	20960	买盘
13:24:04	5.24	--	5	2620	买盘
13:23:49	5.24	0.01	3	1572	买盘
13:23:44	5.23	-0.01	19	9937	卖盘
13:23:39	5.24	--	45	23580	买盘
13:23:35	5.24	0.01	40	20960	买盘
13:23:24	5.23	-0.01	11	5753	卖盘
13:23:19	5.24	0.01	5	2620	买盘
13:23:09	5.23	-0.01	236	123428	卖盘
13:23:04	5.24	0.01	6	3144	买盘
13:22:59	5.23	-0.01	9	4707	卖盘
13:22:34	5.24	0.01	33	17292	买盘
13:22:29	5.23	-0.01	13	6799	卖盘
13:22:09	5.24	--	45	23580	买盘
13:22:04	5.24	0.01	5	2620	买盘
13:21:59	5.23	-0.01	20	10460	卖盘
13:21:54	5.24	--	9	4716	买盘
13:21:44	5.24	--	13	6812	买盘
13:21:39	5.24	--	10	5240	买盘
13:21:34	5.24	--	10	5240	买盘
13:21:29	5.24	--	30	15720	买盘
13:21:23	5.24	--	23	12052	买盘
13:21:08	5.24	--	2	1048	买盘
13:21:04	5.24	--	108	56592	买盘
13:20:59	5.24	--	104	54496	买盘
13:20:49	5.24	--	40	20960	买盘
13:20:38	5.24	--	10	5240	买盘
13:20:23	5.24	--	5	2620	买盘
13:20:04	5.24	--	6	3144	买盘
13:19:59	5.24	--	20	10480	买盘
13:19:49	5.24	--	1	524	买盘
13:19:38	5.24	--	2	1048	买盘
13:19:23	5.24	--	3	1572	买盘
13:19:14	5.24	--	177	92748	买盘
13:19:08	5.24	0.01	1	524	买盘
13:19:03	5.23	-0.01	62	32426	卖盘
13:18:53	5.24	--	60	31440	买盘
13:18:48	5.24	0.01	4	2096	买盘
13:18:43	5.23	-0.01	66	34518	卖盘
13:18:38	5.24	--	50	26200	买盘
13:18:28	5.24	--	1	524	买盘
13:18:23	5.24	--	4	2096	买盘
13:18:14	5.24	--	127	66548	买盘
13:18:03	5.24	0.01	5	2620	买盘
13:17:58	5.23	-0.01	32	16736	卖盘
13:17:44	5.24	--	38	19912	买盘
13:17:38	5.24	--	3	1572	买盘
13:17:33	5.24	0.01	20	10480	买盘
13:17:29	5.23	-0.01	11	5753	卖盘
13:17:18	5.24	--	17	8908	买盘
13:17:03	5.24	--	9	4716	买盘
13:16:58	5.24	--	54	28296	买盘
13:16:53	5.24	--	15	7860	买盘
13:16:48	5.24	--	40	20960	买盘
13:16:33	5.24	--	45	23580	买盘
13:16:28	5.24	0.01	25	13100	买盘
13:16:23	5.23	-0.01	52	27196	卖盘
13:16:18	5.24	--	30	15720	买盘
13:16:13	5.24	--	3	1572	买盘
13:15:53	5.24	--	10	5240	买盘
13:15:48	5.24	--	30	15720	买盘
13:15:43	5.24	--	10	5240	买盘
13:15:38	5.24	--	2	1048	买盘
13:15:28	5.24	--	30	15720	买盘
13:15:23	5.24	--	60	31440	买盘
13:15:08	5.24	--	1851	970186	买盘
13:15:03	5.24	0.01	2	1048	买盘
13:14:53	5.23	-0.01	7	3661	卖盘
13:14:48	5.24	0.01	300	157200	买盘
13:14:23	5.23	--	50	26150	卖盘
13:14:13	5.23	--	25	13075	卖盘
13:14:08	5.23	-0.01	50	26150	卖盘
13:14:02	5.24	0.01	105	55020	买盘
13:13:47	5.23	-0.01	1	523	卖盘
13:13:43	5.24	0.01	5	2620	买盘
13:13:32	5.23	--	300	156900	卖盘
13:13:28	5.23	-0.01	50	26150	卖盘
13:13:23	5.24	--	10	5240	买盘
13:13:08	5.24	--	35	18340	买盘
13:13:02	5.24	0.01	50	26200	买盘
13:12:58	5.23	-0.01	10	5230	卖盘
13:12:38	5.24	0.01	5	2620	买盘
13:12:12	5.23	-0.01	30	15690	卖盘
13:12:02	5.24	0.01	1	524	买盘
13:11:52	5.23	-0.01	22	11506	卖盘
13:11:47	5.24	0.01	10	5240	买盘
13:11:32	5.23	-0.01	500	261500	卖盘
13:11:23	5.24	0.01	10	5240	买盘
13:11:17	5.23	-0.01	3	1569	卖盘
13:11:02	5.24	0.01	94	49256	买盘
13:10:57	5.23	-0.01	80	41840	卖盘
13:10:47	5.24	0.01	6	3144	买盘
13:10:38	5.23	-0.01	2	1046	卖盘
13:10:32	5.24	0.01	10	5240	买盘
13:10:27	5.23	--	10	5230	卖盘
13:10:22	5.23	-0.01	18	9414	卖盘
13:10:17	5.24	0.01	100	52400	买盘
13:10:08	5.23	-0.01	30	15690	卖盘
13:10:02	5.24	0.01	78	40872	买盘
13:09:47	5.23	--	124	64852	卖盘
13:09:37	5.23	--	108	56484	买盘
13:09:32	5.23	--	69	36087	买盘
13:09:22	5.23	--	25	13075	买盘
13:09:12	5.23	--	109	57007	买盘
13:09:07	5.23	--	10	5230	买盘
13:09:02	5.23	--	151	78973	买盘
13:08:52	5.23	--	29	15167	买盘
13:08:37	5.23	--	30	15690	买盘
13:08:31	5.23	--	50	26150	买盘
13:08:22	5.23	--	50	26150	买盘
13:08:17	5.23	--	90	47070	买盘
13:08:12	5.23	--	10	5230	买盘
13:08:07	5.23	--	1	523	买盘
13:08:02	5.23	0.01	5	2615	买盘
13:07:47	5.22	--	7	3654	卖盘
13:07:41	5.22	-0.01	10	5220	卖盘
13:07:22	5.23	--	19	9937	买盘
13:07:17	5.23	--	496	259408	买盘
13:07:11	5.23	--	23	12029	买盘
13:07:02	5.23	--	8	4184	买盘
13:06:52	5.23	0.01	14	7322	买盘
13:06:37	5.22	-0.01	151	78822	卖盘
13:06:07	5.23	--	50	26150	买盘
13:06:02	5.23	--	21	10983	买盘
13:05:56	5.23	--	6	3138	买盘
13:05:47	5.23	--	2	1046	买盘
13:05:32	5.23	--	3	1569	买盘
13:05:26	5.23	--	266	139118	买盘
13:05:21	5.23	--	24	12552	买盘
13:05:11	5.23	0.01	20	10460	买盘
13:05:06	5.22	-0.01	1	522	卖盘
13:05:01	5.23	0.01	5	2615	买盘
13:04:56	5.22	-0.01	60	31320	卖盘
13:04:46	5.23	--	170	88910	买盘
13:04:41	5.23	--	74	38702	买盘
13:04:36	5.23	--	2	1046	买盘
13:04:31	5.23	--	4	2092	买盘
13:04:21	5.23	0.01	1	523	买盘
13:04:16	5.22	-0.01	30	15660	卖盘
13:04:01	5.23	--	100	52300	买盘
13:03:51	5.23	--	55	28765	买盘
13:03:46	5.23	--	10	5230	买盘
13:03:31	5.23	--	42	21966	买盘
13:03:21	5.23	--	30	15690	买盘
13:03:01	5.23	--	3	1569	买盘
13:02:56	5.23	0.01	100	52300	买盘
13:02:41	5.22	-0.01	5	2610	卖盘
13:02:36	5.23	--	19	9937	买盘
13:02:31	5.23	0.01	8	4184	买盘
13:02:26	5.22	-0.01	2	1044	卖盘
13:02:06	5.23	--	8	4184	买盘
13:02:01	5.23	--	153	80019	买盘
13:01:56	5.23	--	3	1569	买盘
13:01:46	5.23	--	11	5753	买盘
13:01:41	5.23	--	30	15690	买盘
13:01:31	5.23	--	2	1046	买盘
13:01:26	5.23	--	5	2615	买盘
13:01:21	5.23	--	20	10460	买盘
13:01:01	5.23	0.01	35	18305	买盘
13:00:56	5.22	-0.01	10	5220	卖盘
13:00:31	5.23	--	2	1046	买盘
13:00:16	5.23	--	1033	540259	卖盘
13:00:11	5.23	--	20	10460	卖盘
13:00:05	5.23	-0.01	208	108784	卖盘
13:00:01	5.24	0.01	3	1572	买盘
11:30:00	5.23	--	0	0	卖盘
11:30:00	5.23	--	0	0	卖盘
11:29:52	5.23	--	20	10460	卖盘
11:29:46	5.23	--	207	108261	卖盘
11:29:31	5.23	--	200	104600	卖盘
11:29:27	5.23	-0.01	100	52300	卖盘
11:29:16	5.24	0.01	8	4192	买盘
11:28:57	5.23	-0.01	50	26150	卖盘
11:28:52	5.24	0.01	42	22008	买盘
11:28:27	5.23	--	160	83680	卖盘
11:28:22	5.23	-0.01	86	44978	卖盘
11:28:16	5.24	--	6	3144	买盘
11:28:01	5.24	0.01	70	36680	买盘
11:27:52	5.23	-0.01	5	2615	卖盘
11:27:40	5.24	--	5	2620	买盘
11:27:37	5.24	0.01	5	2620	买盘
11:27:31	5.23	--	148	77404	卖盘
11:27:16	5.23	-0.01	13	6799	卖盘
11:26:55	5.24	0.01	30	15720	买盘
11:26:46	5.23	-0.01	500	261500	卖盘
11:26:37	5.24	0.01	10	5240	买盘
11:26:21	5.23	--	60	31380	卖盘
11:26:16	5.23	--	25	13075	卖盘
11:26:10	5.23	--	2	1046	卖盘
11:26:07	5.23	--	27	14121	卖盘
11:26:01	5.23	--	38	19874	卖盘
11:25:55	5.23	--	8	4184	卖盘
11:25:52	5.23	--	85	44455	卖盘
11:25:46	5.23	--	4	2092	卖盘
11:25:31	5.23	--	10	5230	卖盘
11:25:25	5.23	--	10	5230	卖盘
11:25:21	5.23	--	105	54915	卖盘
11:25:16	5.23	-0.01	26	13598	卖盘
11:25:10	5.24	--	50	26200	买盘
11:25:06	5.24	--	2	1048	买盘
11:25:01	5.24	--	100	52400	买盘
11:24:55	5.24	--	1	524	买盘
11:24:51	5.24	0.01	9	4716	买盘
11:24:46	5.23	-0.01	59	30857	卖盘
11:24:40	5.24	0.01	78	40872	买盘
11:24:31	5.23	--	342	178866	卖盘
11:24:25	5.23	-0.01	20	10460	卖盘
11:24:21	5.24	0.01	22	11528	买盘
11:24:10	5.23	--	14	7322	卖盘
11:24:01	5.23	0.01	181	94663	卖盘
11:23:55	5.22	-0.01	507	264654	卖盘
11:23:51	5.23	--	6	3138	买盘
11:23:46	5.23	--	106	55438	买盘
11:23:40	5.23	--	69	36087	买盘
11:23:36	5.23	0.01	495	258885	买盘
11:23:31	5.22	--	8	4176	卖盘
11:23:16	5.22	--	20	10440	卖盘
11:23:10	5.22	--	88	46150	买盘
11:23:06	5.22	--	50	26100	买盘
11:23:01	5.22	--	36	18792	买盘
11:22:55	5.22	--	51	26622	买盘
11:22:51	5.22	--	110	57420	买盘
11:22:46	5.22	--	50	26100	买盘
11:22:40	5.22	--	214	111708	买盘
11:22:36	5.22	-0.01	3026	1579572	卖盘
11:22:31	5.23	0.01	100	52300	买盘
11:22:25	5.22	-0.01	13	6786	卖盘
11:22:21	5.23	--	0	0	买盘
11:22:16	5.23	0.02	449	234827	中性盘
11:22:10	5.21	-0.02	5100	2657100	卖盘
11:22:06	5.23	--	16	8368	卖盘
11:22:01	5.23	--	97	50731	卖盘
11:21:55	5.23	--	20	10460	卖盘
11:21:46	5.23	--	52	27196	卖盘
11:21:40	5.23	-0.01	133	69559	卖盘
11:21:36	5.24	0.01	130	68120	买盘
11:21:31	5.23	--	136	71128	卖盘
11:21:25	5.23	--	218	114014	卖盘
11:21:16	5.23	--	197	103031	卖盘
11:21:10	5.23	--	28	14644	卖盘
11:21:04	5.23	--	1033	540259	卖盘
11:21:01	5.23	--	107	55961	卖盘
11:20:55	5.23	-0.01	22	11506	卖盘
11:20:49	5.24	--	17	8908	买盘
11:20:25	5.24	--	4	2096	买盘
11:20:10	5.24	--	62	32488	卖盘
11:20:04	5.24	--	21	11004	卖盘
11:20:00	5.24	--	3108	1628592	卖盘
11:19:55	5.24	--	5	2620	卖盘
11:19:49	5.24	--	229	119996	卖盘
11:19:40	5.24	-0.01	67	35108	卖盘
11:19:00	5.25	0.01	1	525	买盘
11:18:49	5.24	--	60	31440	卖盘
11:18:40	5.24	--	40	20960	卖盘
11:18:34	5.24	-0.01	10	5240	卖盘
11:18:30	5.25	0.01	1	525	买盘
11:18:25	5.24	-0.01	735	385140	卖盘
11:18:15	5.25	0.01	5	2625	买盘
11:18:04	5.24	--	39	20436	卖盘
11:17:55	5.24	-0.01	15	7860	卖盘
11:17:40	5.25	0.01	200	105000	买盘
11:17:30	5.24	--	1	524	卖盘
11:17:19	5.24	--	60	31440	卖盘
11:17:15	5.24	--	11	5764	卖盘
11:17:10	5.24	--	50	26200	卖盘
11:17:04	5.24	--	10	5240	卖盘
11:17:00	5.24	--	9	4716	卖盘
11:16:55	5.24	--	10	5240	卖盘
11:16:49	5.24	--	28	14672	卖盘
11:16:40	5.24	-0.01	120	62880	卖盘
11:16:34	5.25	0.01	18	9450	买盘
11:16:19	5.24	--	26	13624	卖盘
11:15:49	5.24	--	39	20436	卖盘
11:15:34	5.24	--	11	5764	卖盘
11:15:30	5.24	--	62	32488	卖盘
11:15:25	5.24	-0.01	40	20960	卖盘
11:15:19	5.25	--	14	7350	买盘
11:15:15	5.25	--	6	3150	买盘
11:15:10	5.25	0.01	50	26250	买盘
11:15:04	5.24	-0.01	62	32488	卖盘
11:15:00	5.25	--	10	5250	买盘
11:14:34	5.25	0.01	5	2625	买盘
11:14:28	5.24	--	100	52400	卖盘
11:14:25	5.24	--	10	5240	卖盘
11:14:09	5.24	-0.01	4	2096	卖盘
11:13:54	5.25	--	34	17850	买盘
11:13:39	5.25	--	60	31500	买盘
11:13:19	5.25	--	10	5250	买盘
11:13:09	5.25	0.01	120	63000	买盘
11:12:58	5.24	-0.01	26	13624	卖盘
11:12:54	5.25	0.01	50	26250	买盘
11:12:34	5.24	--	176	92224	卖盘
11:12:28	5.24	-0.01	1	524	卖盘
11:12:24	5.25	--	4	2100	买盘
11:12:13	5.25	-0.01	175	91875	卖盘
11:12:04	5.26	0.01	70	36820	买盘
11:11:58	5.25	--	100	52500	卖盘
11:11:54	5.25	--	40	21000	卖盘
11:11:43	5.25	--	335	175875	卖盘
11:11:39	5.25	--	30	15750	卖盘
11:11:34	5.25	-0.01	250	131250	卖盘
11:11:28	5.26	0.01	100	52600	买盘
11:11:24	5.25	--	66	34650	卖盘
11:11:19	5.25	--	580	304500	卖盘
11:11:13	5.25	--	280	147000	卖盘
11:10:58	5.25	--	370	194250	卖盘
11:10:54	5.25	--	2	1050	卖盘
11:10:43	5.25	--	20	10500	卖盘
11:10:28	5.25	-0.01	505	265125	卖盘
11:10:19	5.26	0.01	161	84686	买盘
11:10:13	5.25	--	1121	588525	卖盘
11:10:09	5.25	-0.01	10	5250	卖盘
11:10:04	5.26	0.01	10	5260	买盘
11:09:58	5.25	--	7	3675	卖盘
11:09:54	5.25	--	80	42000	卖盘
11:09:49	5.25	-0.01	7	3675	卖盘
11:09:43	5.26	0.01	148	77848	买盘
11:09:39	5.25	--	13	6825	卖盘
11:09:34	5.25	--	7	3675	卖盘
11:09:28	5.25	--	12	6300	卖盘
11:09:13	5.25	--	58	30450	卖盘
11:09:04	5.25	--	130	68250	卖盘
11:08:58	5.25	--	39	20475	卖盘
11:08:34	5.25	--	2	1050	卖盘
11:08:28	5.25	--	9	4725	卖盘
11:08:07	5.25	--	47	24675	卖盘
11:07:58	5.25	--	230	120750	卖盘
11:07:07	5.25	-0.01	1	525	卖盘
11:06:52	5.26	--	132	69432	卖盘
11:06:48	5.26	--	190	99940	卖盘
11:06:43	5.26	--	104	54704	卖盘
11:06:33	5.26	--	16	8416	卖盘
11:06:28	5.26	--	10	5260	卖盘
11:06:18	5.26	--	216	113616	卖盘
11:06:13	5.26	--	564	296664	卖盘
11:06:07	5.26	--	114	59964	卖盘
11:06:03	5.26	--	34	17884	卖盘
11:05:58	5.26	--	363	190938	卖盘
11:05:52	5.26	0.01	699	367674	买盘
11:05:48	5.25	-0.01	114	59850	卖盘
11:05:43	5.26	0.01	10	5260	买盘
11:05:37	5.25	-0.01	304	159600	卖盘
11:05:28	5.26	0.01	10	5260	买盘
11:05:22	5.25	-0.01	50	26250	卖盘
11:05:18	5.26	--	8	4208	卖盘
11:05:13	5.26	0.01	84	44184	买盘
11:05:03	5.25	-0.01	10	5250	卖盘
11:04:58	5.26	--	60	31560	买盘
11:04:43	5.26	--	57	29982	买盘
11:04:37	5.26	--	50	26300	买盘
11:04:28	5.26	--	241	126766	卖盘
11:04:13	5.26	--	54	28404	卖盘
11:04:03	5.26	--	18	9468	卖盘
11:03:43	5.26	--	20	10520	卖盘
11:03:37	5.26	--	3	1578	卖盘
11:03:28	5.26	--	156	82056	卖盘
11:03:22	5.26	-0.01	10	5260	卖盘
11:03:13	5.27	0.01	150	79050	买盘
11:03:03	5.26	--	30	15780	卖盘
11:02:58	5.26	--	1	526	卖盘
11:02:52	5.26	--	8	4208	卖盘
11:02:48	5.26	-0.01	4	2104	卖盘
11:02:37	5.27	--	2	1054	买盘
11:01:28	5.27	0.01	2	1054	买盘
11:01:22	5.26	--	573	301398	卖盘
11:01:07	5.26	--	3	1578	卖盘
11:00:58	5.26	-0.01	9	4734	卖盘
11:00:52	5.27	--	10	5270	买盘
11:00:46	5.27	0.01	10	5270	买盘
11:00:42	5.26	--	4	2104	卖盘
11:00:27	5.26	-0.01	70	36820	卖盘
11:00:22	5.27	0.01	10	5270	买盘
11:00:16	5.26	--	3	1578	卖盘
11:00:12	5.26	--	100	52600	卖盘
10:59:57	5.26	-0.01	300	157800	卖盘
10:59:07	5.27	--	50	26349	买盘
10:58:57	5.27	0.01	19	10013	买盘
10:58:46	5.26	--	1	526	卖盘
10:58:42	5.26	--	31	16306	卖盘
10:58:37	5.26	-0.01	6	3156	卖盘
10:58:27	5.27	--	10	5270	买盘
10:58:22	5.27	0.01	70	36890	买盘
10:58:16	5.26	--	10	5260	卖盘
10:58:12	5.26	--	9	4734	买盘
10:58:07	5.26	--	101	53126	买盘
10:58:01	5.26	--	95	49970	卖盘
10:57:52	5.26	--	15	7890	卖盘
10:57:46	5.26	-0.01	37	19462	卖盘
10:57:37	5.27	--	43	22660	买盘
10:57:27	5.27	0.01	9	4743	买盘
10:57:22	5.26	--	7	3682	卖盘
10:57:12	5.26	--	5	2630	卖盘
10:57:07	5.26	--	100	52600	卖盘
10:57:01	5.26	-0.01	10	5260	卖盘
10:56:57	5.27	--	21	11067	买盘
10:56:52	5.27	0.01	20	10540	买盘
10:56:46	5.26	--	30	15780	卖盘
10:56:42	5.26	--	91	47866	卖盘
10:56:37	5.26	--	10	5260	卖盘
10:56:31	5.26	--	16	8416	卖盘
10:55:57	5.26	--	57	29982	买盘
10:55:46	5.26	--	169	88894	买盘
10:55:37	5.26	--	20	10520	买盘
10:55:22	5.26	--	11	5786	买盘
10:55:16	5.26	--	114	59964	买盘
10:55:01	5.26	--	120	63120	买盘
10:54:55	5.26	--	50	26300	买盘
10:54:52	5.26	--	77	40502	买盘
10:54:46	5.26	--	72	37872	买盘
10:54:40	5.26	--	10	5260	买盘
10:54:37	5.26	--	169	88894	买盘
10:54:31	5.26	--	10	5260	买盘
10:54:22	5.26	--	120	63120	买盘
10:54:16	5.26	0.01	9	4734	买盘
10:54:10	5.25	-0.01	7	3675	卖盘
10:54:06	5.26	--	50	26300	买盘
10:53:55	5.26	--	50	26300	买盘
10:53:51	5.26	--	100	52600	买盘
10:53:40	5.26	--	223	117298	买盘
10:53:36	5.26	--	107	56282	买盘
10:53:31	5.26	--	4	2104	买盘
10:53:21	5.26	--	1	526	买盘
10:53:10	5.26	--	155	81530	买盘
10:53:06	5.26	--	28	14728	买盘
10:53:01	5.26	--	10	5260	买盘
10:52:51	5.26	0.01	80	42080	买盘
10:52:46	5.25	-0.01	3	1575	卖盘
10:52:36	5.26	0.01	193	101518	买盘
10:52:21	5.25	-0.01	20	10500	卖盘
10:52:16	5.26	--	62	32612	买盘
10:52:10	5.26	0.01	20	10520	买盘
10:52:06	5.25	--	65	34125	卖盘
10:52:01	5.25	-0.01	25	13125	卖盘
10:51:55	5.26	0.01	15	7890	买盘
10:51:40	5.25	--	120	63000	卖盘
10:51:31	5.25	--	30	15750	卖盘
10:51:16	5.25	-0.01	100	52500	卖盘
10:50:55	5.26	--	291	153066	买盘
10:50:51	5.26	--	34	17884	买盘
10:50:46	5.26	0.01	76	39976	买盘
10:50:40	5.25	--	20	10500	卖盘
10:50:25	5.25	-0.01	5	2625	卖盘
10:50:16	5.26	0.01	13	6838	买盘
10:50:06	5.25	--	1	525	卖盘
10:49:55	5.25	-0.01	106	55650	卖盘
10:49:36	5.26	--	160	84160	买盘
10:49:31	5.26	0.01	10	5260	买盘
10:49:21	5.25	-0.01	20	10500	卖盘
10:49:06	5.26	--	19	9994	买盘
10:48:55	5.26	0.01	40	21040	买盘
10:48:46	5.25	--	15	7875	卖盘
10:48:25	5.25	--	24	12600	卖盘
10:48:16	5.25	--	20	10500	卖盘
10:48:01	5.25	--	13	6825	卖盘
10:47:55	5.25	-0.01	120	63000	卖盘
10:47:49	5.26	--	50	26300	买盘
10:47:46	5.26	--	3	1578	买盘
10:47:40	5.26	--	6	3156	买盘
10:47:34	5.26	--	44	23144	买盘
10:47:30	5.26	0.01	430	226180	买盘
10:47:00	5.25	--	2	1050	卖盘
10:46:45	5.25	-0.01	86	45150	卖盘
10:46:40	5.26	0.01	21	11046	买盘
10:46:30	5.25	--	1099	576975	卖盘
10:46:19	5.25	--	300	157500	卖盘
10:45:55	5.25	--	55	28875	卖盘
10:45:49	5.25	-0.01	130	68250	卖盘
10:45:45	5.26	--	6	3156	买盘
10:45:34	5.26	0.01	7	3682	买盘
10:45:19	5.25	--	357	187425	卖盘
10:45:04	5.25	--	226	118650	卖盘
10:45:00	5.25	-0.01	21	11025	卖盘
10:44:55	5.26	0.01	3	1578	买盘
10:44:49	5.25	--	2	1050	卖盘
10:44:40	5.25	--	200	105000	卖盘
10:44:25	5.25	-0.01	28	14700	卖盘
10:44:00	5.26	0.01	7	3682	买盘
10:43:49	5.25	-0.01	7	3675	卖盘
10:43:19	5.26	0.01	23	12098	买盘
10:43:10	5.25	-0.01	109	57225	卖盘
10:43:04	5.26	0.01	50	26300	买盘
10:42:55	5.25	--	200	105000	卖盘
10:42:25	5.25	--	10	5250	卖盘
10:42:04	5.25	--	6	3150	卖盘
10:41:55	5.25	--	50	26250	卖盘
10:41:49	5.25	--	1	525	卖盘
10:41:40	5.25	-0.01	20	10500	卖盘
10:41:34	5.26	--	3	1578	买盘
10:41:19	5.26	--	185	97310	买盘
10:41:10	5.26	0.01	16	8416	买盘
10:41:04	5.25	--	60	31500	卖盘
10:40:58	5.25	--	20	10500	卖盘
10:40:54	5.25	-0.01	140	73500	卖盘
10:40:43	5.26	--	100	52600	买盘
10:40:39	5.26	0.01	23	12098	买盘
10:40:34	5.25	--	228	119700	卖盘
10:40:24	5.25	-0.01	39	20475	卖盘
10:40:19	5.26	0.01	339	178314	买盘
10:40:09	5.25	--	300	157500	卖盘
10:40:04	5.25	--	50	26250	卖盘
10:39:54	5.25	--	1	525	卖盘
10:39:49	5.25	-0.01	3	1575	卖盘
10:39:43	5.26	0.01	220	115720	买盘
10:39:34	5.25	--	100	52500	卖盘
10:39:24	5.25	--	6	3150	卖盘
10:39:13	5.25	--	100	52500	卖盘
10:39:04	5.25	--	9	4725	卖盘
10:38:58	5.25	--	10	5250	卖盘
10:38:49	5.25	--	200	105000	卖盘
10:38:39	5.25	--	25	13125	卖盘
10:38:34	5.25	--	60	31500	卖盘
10:38:28	5.25	--	11	5775	卖盘
10:38:24	5.25	--	35	18375	卖盘
10:38:19	5.25	-0.01	48	25200	卖盘
10:38:13	5.26	--	1	526	买盘
10:37:49	5.26	--	43	22618	买盘
10:37:43	5.26	--	10	5260	买盘
10:37:34	5.26	0.01	288	151488	买盘
10:37:28	5.25	-0.01	11	5775	卖盘
10:37:19	5.26	0.01	65	34190	买盘
10:37:13	5.25	--	109	57225	卖盘
10:36:58	5.25	--	40	21000	卖盘
10:36:54	5.25	--	5	2625	卖盘
10:36:43	5.25	-0.01	49	25725	卖盘
10:36:34	5.26	0.01	107	56282	买盘
10:36:24	5.25	--	116	60900	卖盘
10:36:13	5.25	-0.01	191	100275	卖盘
10:35:58	5.26	0.01	11	5786	买盘
10:35:54	5.25	-0.01	2	1050	卖盘
10:35:34	5.26	--	397	208822	卖盘
10:35:18	5.26	--	95	49970	卖盘
10:35:13	5.26	--	5	2630	卖盘
10:35:07	5.26	--	52	27352	卖盘
10:35:04	5.26	--	60	31560	卖盘
10:34:58	5.26	--	55	28930	卖盘
10:34:52	5.26	-0.01	1	526	卖盘
10:34:28	5.27	0.01	403	212380	买盘
10:34:13	5.26	--	28	14728	卖盘
10:33:52	5.26	--	40	21040	卖盘
10:33:48	5.26	--	101	53126	卖盘
10:33:43	5.26	--	10	5260	卖盘
10:33:28	5.26	--	74	38924	卖盘
10:33:18	5.26	--	74	38924	卖盘
10:33:03	5.26	--	68	35768	卖盘
10:32:58	5.26	--	115	60490	卖盘
10:32:43	5.26	--	208	109408	卖盘
10:32:37	5.26	--	30	15780	卖盘
10:32:22	5.26	--	10	5260	卖盘
10:32:07	5.26	--	113	59438	买盘
10:31:43	5.26	-0.01	176	92576	卖盘
10:31:33	5.27	0.01	44	23187	买盘
10:31:28	5.26	--	208	109408	卖盘
10:31:18	5.26	--	135	71010	卖盘
10:31:13	5.26	-0.01	10	5260	卖盘
10:31:07	5.27	0.01	9	4743	买盘
10:31:03	5.26	--	0	0	买盘
10:30:58	5.26	--	392	206192	买盘
10:30:52	5.26	--	34	17884	买盘
10:30:43	5.26	0.01	81	42606	买盘
10:30:37	5.25	-0.01	21	11025	卖盘
10:30:28	5.26	0.01	70	36820	买盘
10:30:22	5.25	-0.01	230	120750	卖盘
10:30:18	5.26	0.01	2	1052	买盘
10:30:13	5.25	-0.01	61	32025	卖盘
10:30:07	5.26	--	180	94680	买盘
10:30:03	5.26	0.01	20	10520	买盘
10:29:58	5.25	-0.01	40	21000	卖盘
10:29:52	5.26	--	37	19462	买盘
10:29:33	5.26	0.01	540	284040	买盘
10:29:28	5.25	-0.01	10	5250	卖盘
10:29:22	5.26	--	1	526	买盘
10:29:18	5.26	--	5	2630	买盘
10:29:13	5.26	--	7	3682	买盘
10:29:07	5.26	0.01	20	10520	买盘
10:28:58	5.25	-0.01	25	13125	卖盘
10:28:43	5.26	--	77	40502	买盘
10:28:37	5.26	0.01	100	52600	买盘
10:28:28	5.25	-0.01	3	1575	卖盘
10:28:22	5.26	0.01	32	16832	买盘
10:28:12	5.25	-0.01	5	2625	卖盘
10:28:07	5.26	0.01	220	115720	买盘
10:28:01	5.25	--	1	525	卖盘
10:27:37	5.25	--	1	525	卖盘
10:27:22	5.25	-0.01	3	1575	卖盘
10:27:16	5.26	0.01	3	1578	买盘
10:27:12	5.25	-0.01	1	525	卖盘
10:27:07	5.26	0.01	4	2104	买盘
10:26:57	5.25	--	6	3150	卖盘
10:26:46	5.25	--	3	1575	卖盘
10:26:42	5.25	-0.01	11	5775	卖盘
10:26:31	5.26	0.01	5	2630	买盘
10:26:22	5.25	--	52	27300	卖盘
10:26:16	5.25	--	40	21325	卖盘
10:26:07	5.25	--	7	3675	卖盘
10:26:01	5.25	-0.01	48	25200	卖盘
10:25:52	5.26	0.01	17	8942	买盘
10:25:46	5.25	-0.01	33	17325	卖盘
10:25:37	5.26	--	147	77322	买盘
10:25:22	5.26	--	6	3156	买盘
10:25:12	5.26	0.01	200	105200	买盘
10:25:07	5.25	--	200	105000	卖盘
10:25:01	5.25	--	38	19950	卖盘
10:24:46	5.25	--	47	24675	卖盘
10:24:42	5.25	--	26	13650	卖盘
10:24:37	5.25	-0.01	171	89775	卖盘
10:24:31	5.26	--	184	96784	买盘
10:24:22	5.26	0.01	7	3682	买盘
10:24:12	5.25	--	10	5250	卖盘
10:24:07	5.25	--	1385	727125	卖盘
10:24:01	5.25	-0.01	119	62475	卖盘
10:23:46	5.26	--	4	2104	买盘
10:23:42	5.26	0.01	20	10520	买盘
10:23:37	5.25	-0.01	8	4200	卖盘
10:23:22	5.26	--	100	52600	买盘
10:23:16	5.26	0.01	100	52600	买盘
10:23:06	5.25	--	20	10500	卖盘
10:22:31	5.25	-0.01	500	262500	卖盘
10:22:16	5.26	--	29	15254	买盘
10:21:21	5.26	0.01	225	118350	买盘
10:21:16	5.25	--	166	87150	卖盘
10:21:10	5.25	--	20	10500	卖盘
10:21:06	5.25	--	425	223125	卖盘
10:20:51	5.25	-0.01	245	128625	卖盘
10:20:46	5.26	0.01	44	23144	买盘
10:20:36	5.25	--	4	2100	卖盘
10:20:31	5.25	--	8	4200	卖盘
10:20:25	5.25	--	5	2625	卖盘
10:20:21	5.25	--	84	44100	卖盘
10:20:16	5.25	--	24	12600	卖盘
10:20:06	5.25	--	50	26250	卖盘
10:19:46	5.25	-0.01	100	52500	卖盘
10:19:40	5.26	0.01	1000	526000	买盘
10:19:31	5.25	--	40	21000	卖盘
10:19:16	5.25	-0.01	44	23100	卖盘
10:19:01	5.26	0.01	49	25774	买盘
10:18:40	5.25	-0.01	169	88725	卖盘
10:18:31	5.26	0.01	20	10520	买盘
10:18:10	5.25	-0.01	170	89250	卖盘
10:18:01	5.26	--	134	70484	买盘
10:17:55	5.26	0.01	2	1052	买盘
10:17:46	5.25	--	2499	1311975	卖盘
10:17:40	5.25	-0.01	21	11025	卖盘
10:17:31	5.26	0.01	30	15780	买盘
10:17:10	5.25	--	10	5250	卖盘
10:17:01	5.25	--	298	156450	卖盘
10:16:46	5.25	--	48	25200	卖盘
10:16:36	5.25	-0.01	30	15750	卖盘
10:16:15	5.26	--	25	13150	买盘
10:16:10	5.26	0.01	11	5786	买盘
10:15:55	5.25	-0.01	52	27300	卖盘
10:15:19	5.26	0.01	11	5786	买盘
10:15:15	5.25	-0.01	5	2625	卖盘
10:15:10	5.26	--	50	26300	买盘
10:15:00	5.26	0.01	104	54704	买盘
10:14:45	5.25	--	103	54075	卖盘
10:14:40	5.25	--	2	1050	卖盘
10:14:30	5.25	--	3	1575	卖盘
10:14:19	5.25	--	3	1575	卖盘
10:14:15	5.25	--	107	56175	卖盘
10:14:00	5.25	--	122	64050	卖盘
10:13:55	5.25	--	22	11550	卖盘
10:13:49	5.25	-0.01	63	33075	卖盘
10:13:34	5.26	0.01	1	526	买盘
10:13:30	5.25	-0.01	100	52500	卖盘
10:13:25	5.26	0.01	1	526	买盘
10:13:19	5.25	--	54	28350	卖盘
10:13:10	5.25	--	92	48300	卖盘
10:13:00	5.25	-0.01	20	10500	卖盘
10:12:55	5.26	0.01	5	2630	买盘
10:12:10	5.25	--	59	30975	卖盘
10:12:04	5.25	--	49	25725	卖盘
10:11:49	5.25	--	22	11550	卖盘
10:11:40	5.25	--	10	5250	卖盘
10:11:34	5.25	--	5	2625	卖盘
10:11:25	5.25	--	174	91350	卖盘
10:11:19	5.25	-0.01	5	2625	卖盘
10:11:15	5.26	--	5	2630	买盘
10:11:09	5.26	--	21	11046	买盘
10:11:04	5.26	--	44	23144	买盘
10:10:40	5.26	0.01	54	28404	买盘
10:10:34	5.25	--	200	105000	卖盘
10:10:30	5.25	-0.01	30	15750	卖盘
10:10:19	5.26	--	27	14202	买盘
10:10:09	5.26	--	101	53126	买盘
10:09:54	5.26	0.01	157	82582	买盘
10:09:39	5.25	-0.01	12	6300	卖盘
10:09:34	5.26	0.01	25	13150	买盘
10:09:25	5.25	--	16	8400	卖盘
10:09:19	5.25	--	251	131775	卖盘
10:09:09	5.25	--	34	17850	卖盘
10:09:04	5.25	--	64	33600	卖盘
10:08:58	5.25	--	150	78750	卖盘
10:08:54	5.25	--	800	420388	卖盘
10:08:49	5.25	--	61	32025	卖盘
10:08:43	5.25	--	60	31500	卖盘
10:08:28	5.25	-0.01	3	1575	卖盘
10:08:24	5.26	0.01	90	47340	买盘
10:08:19	5.25	--	28	14700	卖盘
10:08:13	5.25	-0.01	100	52500	卖盘
10:08:09	5.26	--	34	17884	买盘
10:08:04	5.26	--	150	78900	买盘
10:07:58	5.26	0.01	55	28930	买盘
10:07:54	5.25	--	38	19950	卖盘
10:07:49	5.25	--	7	3675	卖盘
10:07:43	5.25	-0.01	60	31500	卖盘
10:07:39	5.26	0.01	6	3156	买盘
10:07:34	5.25	--	25	13125	卖盘
10:07:19	5.25	-0.01	6	3150	卖盘
10:07:09	5.26	--	10	5260	买盘
10:07:04	5.26	--	88	46288	卖盘
10:06:58	5.26	--	59	31034	卖盘
10:06:49	5.26	--	12	6312	卖盘
10:06:43	5.26	--	300	157800	卖盘
10:06:34	5.26	--	40	21040	卖盘
10:06:28	5.26	--	1	526	卖盘
10:06:24	5.26	--	8	4208	卖盘
10:06:13	5.26	--	30	15780	卖盘
10:06:09	5.26	-0.01	96	50496	卖盘
10:06:04	5.27	--	1	527	买盘
10:05:58	5.27	0.01	415	218704	买盘
10:05:53	5.26	-0.01	932	490232	卖盘
10:05:49	5.27	0.01	114	60077	买盘
10:05:43	5.26	--	20	10520	卖盘
10:05:34	5.26	-0.01	4	2104	卖盘
10:05:19	5.27	0.01	801	422126	买盘
10:05:13	5.26	-0.01	2	1052	卖盘
10:05:04	5.27	0.01	1023	539121	买盘
10:04:58	5.26	--	10	5260	卖盘
10:04:54	5.26	-0.01	10	5260	卖盘
10:04:49	5.27	0.01	8	4216	买盘
10:04:39	5.26	-0.01	51	26826	卖盘
10:04:28	5.27	0.01	344	181287	买盘
10:04:19	5.26	--	4	2104	卖盘
10:04:09	5.26	-0.01	127	66802	卖盘
10:04:03	5.27	0.01	9	4743	买盘
10:03:58	5.26	-0.01	631	331906	卖盘
10:03:48	5.27	--	23	12120	买盘
10:03:43	5.27	0.01	1	527	买盘
10:03:33	5.26	--	33	17358	卖盘
10:03:13	5.26	-0.01	3	1578	卖盘
10:03:03	5.27	--	1	527	买盘
10:02:58	5.27	--	34	17918	买盘
10:02:52	5.27	0.01	36	18972	买盘
10:02:43	5.26	-0.01	3	1578	买盘
10:02:33	5.27	0.02	45	23714	买盘
10:02:28	5.25	-0.01	425	223125	卖盘
10:02:22	5.26	--	9	4734	卖盘
10:02:18	5.26	--	17	8942	卖盘
10:02:13	5.26	--	130	68380	卖盘
10:01:58	5.26	--	1	526	卖盘
10:01:48	5.26	--	120	63120	卖盘
10:01:43	5.26	--	38	19988	卖盘
10:01:37	5.26	--	30	15780	卖盘
10:01:18	5.26	--	465	244590	卖盘
10:01:13	5.26	0.01	1122	590487	买盘
10:01:07	5.25	-0.01	250	131250	卖盘
10:00:52	5.26	--	10	5260	买盘
10:00:48	5.26	0.01	10	5260	买盘
10:00:43	5.25	--	22	11550	卖盘
10:00:28	5.25	-0.01	952	499800	卖盘
10:00:22	5.26	--	10	5260	买盘
10:00:07	5.26	0.01	227	119402	买盘
10:00:03	5.25	--	78	40950	卖盘
09:59:58	5.25	--	50	26250	卖盘
09:59:42	5.25	--	229	120225	卖盘
09:59:37	5.25	--	965	506625	卖盘
09:59:28	5.25	--	180	94500	卖盘
09:59:22	5.25	-0.01	60	31500	卖盘
09:59:18	5.26	--	3	1578	买盘
09:59:07	5.26	0.01	11	5786	买盘
09:58:57	5.25	--	38	19950	卖盘
09:58:52	5.25	-0.01	35	18375	卖盘
09:58:37	5.26	0.01	5	2630	买盘
09:58:28	5.25	--	40	21000	卖盘
09:58:22	5.25	--	15	7875	卖盘
09:58:13	5.25	-0.01	40	21000	卖盘
09:58:07	5.26	--	510	268260	买盘
09:58:02	5.26	--	143	75218	买盘
09:57:48	5.26	--	44	23144	买盘
09:57:37	5.26	0.01	20	10520	买盘
09:57:31	5.25	-0.01	32	16800	卖盘
09:57:22	5.26	0.01	10	5260	买盘
09:57:12	5.25	--	40	21000	卖盘
09:56:52	5.25	--	548	287700	卖盘
09:56:42	5.25	--	5	2625	卖盘
09:56:37	5.25	-0.01	1	525	卖盘
09:56:31	5.26	0.01	33	17358	买盘
09:56:27	5.25	-0.01	571	299775	卖盘
09:56:22	5.26	--	3	1578	买盘
09:56:12	5.26	--	10	5260	买盘
09:56:07	5.26	--	119	62594	买盘
09:56:01	5.26	0.01	5	2630	买盘
09:55:57	5.25	-0.01	15	7875	卖盘
09:55:42	5.26	--	20	10520	买盘
09:55:37	5.26	0.01	2	1052	买盘
09:55:31	5.25	-0.01	7	3675	卖盘
09:55:27	5.26	0.01	44	23144	买盘
09:55:22	5.25	--	241	126525	卖盘
09:55:16	5.25	--	10	5250	卖盘
09:55:12	5.25	--	9	4725	卖盘
09:55:07	5.25	--	10	5250	卖盘
09:54:52	5.25	-0.01	55	28875	卖盘
09:54:46	5.26	--	50	26300	买盘
09:54:31	5.26	0.01	8	4208	买盘
09:54:27	5.25	-0.01	10	5250	卖盘
09:54:22	5.26	0.01	3	1578	买盘
09:54:01	5.25	--	5	2625	卖盘
09:53:52	5.25	--	10	5250	卖盘
09:53:46	5.25	--	100	52500	卖盘
09:53:37	5.25	-0.01	4	2100	卖盘
09:53:27	5.26	--	3	1578	买盘
09:53:22	5.26	--	5	2630	买盘
09:53:16	5.26	--	51	26826	买盘
09:53:01	5.26	--	112	58912	买盘
09:52:57	5.26	--	54	28404	买盘
09:52:52	5.26	--	39	20514	买盘
09:52:46	5.26	0.01	10	5260	买盘
09:52:31	5.25	--	56	29400	卖盘
09:52:16	5.25	-0.01	3	1575	卖盘
09:52:12	5.26	--	1	526	买盘
09:52:07	5.26	0.01	217	114142	买盘
09:52:01	5.25	--	2044	1073100	卖盘
09:51:57	5.25	-0.01	5	2625	卖盘
09:51:52	5.26	-0.01	6	3156	买盘
09:51:46	5.27	0.01	38	20026	买盘
09:51:42	5.26	--	11	5786	买盘
09:51:37	5.26	--	62	32927	卖盘
09:51:31	5.26	--	35	18410	卖盘
09:51:26	5.26	--	60	31560	卖盘
09:51:21	5.26	--	6	3156	卖盘
09:51:16	5.26	0.01	240	126450	买盘
09:51:10	5.25	-0.01	20	10500	卖盘
09:51:06	5.26	0.01	255	134130	买盘
09:51:01	5.25	--	72	37800	卖盘
09:50:55	5.25	-0.01	6	3150	卖盘
09:50:46	5.26	--	60	31560	买盘
09:50:31	5.26	--	60	31560	买盘
09:50:25	5.26	-0.01	242	127607	卖盘
09:50:21	5.27	0.01	44	23187	买盘
09:50:16	5.26	-0.01	7	3682	卖盘
09:50:06	5.27	0.01	1	527	买盘
09:50:01	5.26	--	62	32612	卖盘
09:49:55	5.26	--	40	21040	卖盘
09:49:51	5.26	--	91	47866	卖盘
09:49:46	5.26	--	21	11046	卖盘
09:49:40	5.26	--	1	526	卖盘
09:49:36	5.26	--	40	21040	卖盘
09:49:31	5.26	--	72	38082	买盘
09:49:21	5.26	--	115	60490	买盘
09:49:16	5.26	--	113	59438	买盘
09:49:10	5.26	--	85	44710	买盘
09:49:06	5.26	--	65	34190	买盘
09:49:01	5.26	--	81	42606	买盘
09:48:55	5.26	--	15	7890	买盘
09:48:51	5.26	--	372	195672	买盘
09:48:46	5.26	--	229	120454	买盘
09:48:36	5.26	--	323	169898	买盘
09:48:16	5.26	0.01	30	15780	买盘
09:48:06	5.25	--	10	5250	卖盘
09:48:01	5.25	--	27	14175	卖盘
09:47:55	5.25	--	33	17325	卖盘
09:47:51	5.25	-0.01	31	16275	卖盘
09:47:46	5.26	--	210	110460	买盘
09:47:40	5.26	--	68	35768	买盘
09:47:25	5.26	--	397	208822	买盘
09:47:21	5.26	--	3	1578	买盘
09:47:16	5.26	--	211	110986	买盘
09:47:10	5.26	--	125	65750	买盘
09:47:06	5.26	--	19	9994	买盘
09:47:00	5.26	--	265	139390	买盘
09:46:55	5.26	--	30	16095	卖盘
09:46:51	5.26	0.01	473	249008	买盘
09:46:40	5.25	-0.01	49	25725	卖盘
09:46:36	5.26	--	554	291719	卖盘
09:46:30	5.26	--	408	214608	卖盘
09:46:01	5.26	--	50	26300	卖盘
09:45:55	5.26	--	241	126976	买盘
09:45:51	5.26	--	192	100992	买盘
09:45:46	5.26	--	110	57860	买盘
09:45:40	5.26	0.01	14	7364	买盘
09:45:36	5.25	-0.01	1	525	卖盘
09:45:25	5.26	--	57	29982	买盘
09:45:20	5.26	--	12	6312	买盘
09:45:16	5.26	--	25	13150	买盘
09:45:10	5.26	0.01	300	157800	买盘
09:45:06	5.25	-0.01	24	12600	卖盘
09:45:00	5.26	--	862	453412	买盘
09:44:55	5.26	--	84	44184	买盘
09:44:45	5.26	--	100	52652	卖盘
09:44:40	5.26	--	176	93049	买盘
09:44:30	5.26	--	385	202510	买盘
09:44:25	5.26	--	10	5260	买盘
09:44:19	5.26	--	585	307762	卖盘
09:44:10	5.26	--	66	34716	卖盘
09:44:04	5.26	-0.01	20	10520	卖盘
09:44:00	5.27	0.01	13	6850	买盘
09:43:55	5.26	--	1272	669072	卖盘
09:43:40	5.26	-0.01	70	36820	卖盘
09:43:30	5.27	0.01	200	105399	买盘
09:43:25	5.26	--	30	15780	卖盘
09:43:15	5.26	-0.01	1152	605952	卖盘
09:43:10	5.27	0.01	167	88009	买盘
09:43:00	5.26	--	97	51022	卖盘
09:42:55	5.26	-0.01	66	34716	卖盘
09:42:45	5.27	0.01	1	527	买盘
09:42:40	5.26	--	42	22092	卖盘
09:42:25	5.26	--	50	26300	卖盘
09:42:19	5.26	-0.01	334	175684	卖盘
09:42:10	5.27	0.01	20	10540	买盘
09:42:00	5.26	--	20	10520	卖盘
09:41:55	5.26	--	160	84160	卖盘
09:41:45	5.26	--	23	12098	卖盘
09:41:40	5.26	--	115	60490	卖盘
09:41:34	5.26	--	46	24196	卖盘
09:41:19	5.26	--	10	5260	卖盘
09:41:15	5.26	--	869	457094	卖盘
09:41:10	5.26	-0.01	37	19462	卖盘
09:40:55	5.27	--	15	7904	买盘
09:40:45	5.27	0.01	148	77996	买盘
09:40:39	5.26	--	58	30508	卖盘
09:40:25	5.26	-0.01	29	15727	卖盘
09:40:19	5.27	0.01	40	21080	买盘
09:40:15	5.26	--	50	26300	卖盘
09:40:09	5.26	--	40	21040	卖盘
09:40:04	5.26	--	4	2104	卖盘
09:39:54	5.26	-0.02	363	190938	卖盘
09:39:49	5.28	0.01	148	78144	买盘
09:39:34	5.27	--	108	56915	卖盘
09:39:25	5.27	--	2	1054	卖盘
09:39:19	5.27	--	26	13701	卖盘
09:39:14	5.27	--	2	1054	卖盘
09:39:10	5.27	-0.01	30	15809	卖盘
09:39:04	5.28	--	57	30096	买盘
09:38:59	5.28	--	124	65472	买盘
09:38:54	5.28	0.01	226	119328	买盘
09:38:49	5.27	--	119	62712	卖盘
09:38:34	5.27	-0.01	3	1580	卖盘
09:38:24	5.28	0.01	99	52272	买盘
09:38:19	5.27	--	10	5270	卖盘
09:38:09	5.27	--	176	92751	卖盘
09:38:04	5.27	--	114	60077	卖盘
09:37:54	5.27	--	0	0	卖盘
09:37:49	5.27	-0.01	301	158627	卖盘
09:37:39	5.28	--	2	1056	卖盘
09:37:34	5.28	--	27	14256	买盘
09:37:28	5.28	0.01	130	68640	买盘
09:37:09	5.27	--	225	118574	买盘
09:37:04	5.27	--	202	106453	买盘
09:36:58	5.27	--	4	2108	买盘
09:36:49	5.27	-0.01	3349	1764922	卖盘
09:36:39	5.28	--	258	136224	卖盘
09:36:34	5.28	--	10	5280	卖盘
09:36:28	5.28	--	173	91344	卖盘
09:36:24	5.28	0.01	205	108240	买盘
09:36:19	5.27	-0.01	50	26349	卖盘
09:36:09	5.28	0.01	122	64416	买盘
09:35:43	5.27	--	168	88536	买盘
09:35:39	5.27	0.01	313	164951	买盘
09:35:34	5.26	--	72	37872	卖盘
09:35:28	5.26	-0.01	24	12624	卖盘
09:35:19	5.27	--	51	26876	买盘
09:35:13	5.27	0.01	130	68510	买盘
09:35:09	5.26	--	12	6312	卖盘
09:35:04	5.26	--	25	13150	卖盘
09:34:58	5.26	-0.01	7	3682	卖盘
09:34:54	5.27	0.01	56	29511	买盘
09:34:49	5.26	--	4	2104	卖盘
09:34:43	5.26	-0.01	334	175684	卖盘
09:34:39	5.27	0.01	118	62185	买盘
09:34:33	5.26	-0.01	187	98362	卖盘
09:34:28	5.27	--	172	90643	买盘
09:34:18	5.27	--	482	254013	买盘
09:34:13	5.27	0.01	627	330429	买盘
09:34:09	5.26	--	10	5260	卖盘
09:34:03	5.26	-0.01	23	12098	卖盘
09:33:58	5.27	--	145	76415	买盘
09:33:48	5.27	-0.01	1181	622387	卖盘
09:33:43	5.28	0.01	1270	670560	买盘
09:33:39	5.27	--	5	2635	卖盘
09:33:28	5.27	0.01	794	418437	买盘
09:33:23	5.26	--	1820	957320	卖盘
09:33:18	5.26	-0.01	92	48392	卖盘
09:33:03	5.27	0.01	57	30038	买盘
09:32:58	5.26	-0.01	50	26300	卖盘
09:32:53	5.27	--	20	10540	买盘
09:32:43	5.27	-0.01	188	99075	卖盘
09:32:38	5.28	--	100	52800	买盘
09:32:28	5.28	--	89	46992	买盘
09:32:22	5.28	0.01	80	42240	买盘
09:32:18	5.27	-0.01	14	7377	卖盘
09:32:13	5.28	--	9	4752	买盘
09:32:03	5.28	--	66	34848	买盘
09:31:58	5.28	--	117	61776	买盘
09:31:48	5.28	--	323	170544	买盘
09:31:43	5.28	0.01	13	6864	买盘
09:31:37	5.27	--	1	527	卖盘
09:31:33	5.27	--	208	109615	卖盘
09:31:28	5.27	-0.01	5	2635	卖盘
09:31:13	5.28	0.01	186	98208	买盘
09:31:03	5.27	-0.01	124	65347	卖盘
09:30:58	5.28	0.01	4	2112	买盘
09:30:48	5.27	--	46	24241	卖盘
09:30:28	5.27	-0.01	50	26349	卖盘
09:30:07	5.28	--	416	219648	买盘
09:30:02	5.28	-0.01	61	32208	卖盘
09:28:52	5.29	--	0	0	买盘
09:25:05	5.29	5.29	726	384054	买盘
