成交时间	成交价	价格变动	成交量(手)	成交额(元)	性质
15:00:00	21.69	--	0	0	卖盘
15:00:00	21.69	-0.02	25	54225	卖盘
14:59:58	21.71	--	46	99866	卖盘
14:59:52	21.71	0.01	78	169338	买盘
14:59:48	21.7	--	11	23870	卖盘
14:59:43	21.7	--	515	1117550	卖盘
14:59:37	21.7	--	10	21700	买盘
14:59:33	21.7	0.01	756	1640520	买盘
14:59:28	21.69	-0.01	32	69408	卖盘
14:59:22	21.7	0.01	321	696570	买盘
14:59:18	21.69	--	69	151808	卖盘
14:59:13	21.69	--	57	123633	卖盘
14:59:07	21.69	--	39	84591	买盘
14:59:03	21.69	0.01	112	242928	买盘
14:58:58	21.68	-0.01	75	162600	卖盘
14:58:52	21.69	0.01	100	216900	买盘
14:58:48	21.68	-0.01	51	110568	卖盘
14:58:43	21.69	0.01	23	49887	买盘
14:58:37	21.68	--	29	62872	卖盘
14:58:33	21.68	--	347	752296	卖盘
14:58:28	21.68	--	99	214632	卖盘
14:58:22	21.68	-0.01	376	815168	卖盘
14:58:18	21.69	0.01	126	273294	买盘
14:58:13	21.68	-0.01	68	147424	卖盘
14:58:07	21.69	--	2	4338	买盘
14:58:03	21.69	0.01	117	253773	买盘
14:57:58	21.68	--	24	52032	卖盘
14:57:52	21.68	-0.01	235	509480	卖盘
14:57:48	21.69	--	23	49887	买盘
14:57:43	21.69	0.01	138	299322	买盘
14:57:37	21.68	-0.01	4	8672	卖盘
14:57:33	21.69	--	45	97605	买盘
14:57:28	21.69	--	30	65070	买盘
14:57:22	21.69	--	2	4338	买盘
14:57:18	21.69	--	13	28197	买盘
14:57:13	21.69	--	118	255942	买盘
14:57:07	21.69	--	65	140985	卖盘
14:57:02	21.69	-0.01	132	286308	卖盘
14:56:58	21.7	--	116	251720	买盘
14:56:52	21.7	0.01	24	52080	买盘
14:56:48	21.69	--	110	238590	卖盘
14:56:43	21.69	--	30	65070	卖盘
14:56:33	21.69	--	154	334026	卖盘
14:56:28	21.69	-0.01	1420	3079980	卖盘
14:56:22	21.7	0.01	316	685720	买盘
14:56:18	21.69	-0.01	16	34704	卖盘
14:56:13	21.7	0.01	228	494760	买盘
14:56:07	21.69	-0.01	24	52056	卖盘
14:56:03	21.7	--	20	43400	买盘
14:55:57	21.7	0.01	51	110670	买盘
14:55:52	21.69	--	402	871938	卖盘
14:55:48	21.69	-0.01	321	696249	卖盘
14:55:42	21.7	0.01	209	453530	买盘
14:55:37	21.69	-0.01	65	140985	卖盘
14:55:32	21.7	--	6	13020	买盘
14:55:27	21.7	--	114	247380	卖盘
14:55:22	21.7	--	313	679210	卖盘
14:55:18	21.7	--	408	885360	卖盘
14:55:12	21.7	-0.01	60	130200	卖盘
14:55:03	21.71	--	38	82498	买盘
14:54:57	21.71	--	602	1306942	卖盘
14:54:52	21.71	-0.01	10	21710	卖盘
14:54:48	21.72	0.01	16	34752	买盘
14:54:42	21.71	-0.01	29	62959	卖盘
14:54:37	21.72	0.01	69	149868	买盘
14:54:27	21.71	--	35	75985	买盘
14:54:22	21.71	--	31	67301	买盘
14:54:16	21.71	--	10	21710	买盘
14:54:07	21.71	-0.01	281	610051	卖盘
14:54:01	21.72	0.01	22	47784	买盘
14:53:57	21.71	--	73	158483	卖盘
14:53:52	21.71	--	117	254007	卖盘
14:53:46	21.71	--	2	4342	卖盘
14:53:42	21.71	--	5	10855	卖盘
14:53:37	21.71	--	31	67301	卖盘
14:53:31	21.71	--	5	10855	卖盘
14:53:27	21.71	--	64	138944	买盘
14:53:22	21.71	--	155	336505	买盘
14:53:16	21.71	0.01	69	149799	买盘
14:53:12	21.7	-0.01	84	182280	卖盘
14:53:07	21.71	--	26	56446	买盘
14:53:01	21.71	--	9	19539	买盘
14:52:57	21.71	--	40	86840	买盘
14:52:46	21.71	--	10	21710	买盘
14:52:42	21.71	--	33	71643	卖盘
14:52:37	21.71	--	26	56446	买盘
14:52:31	21.71	--	66	143286	卖盘
14:52:27	21.71	-0.01	6	13026	卖盘
14:52:22	21.72	0.01	30	65160	买盘
14:52:16	21.71	--	10	21710	卖盘
14:52:12	21.71	--	90	195390	卖盘
14:52:07	21.71	--	23	49933	买盘
14:52:01	21.71	--	5	10855	买盘
14:51:57	21.71	0.01	119	258349	买盘
14:51:52	21.7	--	120	260400	卖盘
14:51:46	21.7	-0.01	4	8680	卖盘
14:51:42	21.71	--	21	45591	买盘
14:51:37	21.71	-0.01	53	115063	买盘
14:51:27	21.72	0.02	5	10860	买盘
14:51:22	21.7	-0.02	222	481740	卖盘
14:51:16	21.72	0.01	3	6516	买盘
14:51:11	21.71	--	11	23881	卖盘
14:51:07	21.71	--	23	49933	卖盘
14:51:01	21.71	--	23	49933	卖盘
14:50:57	21.71	--	16	34736	卖盘
14:50:52	21.71	--	119	258349	卖盘
14:50:46	21.71	0.01	38	82498	买盘
14:50:41	21.7	--	13	28210	卖盘
14:50:37	21.7	--	7	15190	卖盘
14:50:31	21.7	--	10	21700	卖盘
14:50:27	21.7	--	126	273420	买盘
14:50:22	21.7	--	30	65100	买盘
14:50:16	21.7	0.01	7	15190	买盘
14:50:11	21.69	--	9	19521	卖盘
14:50:07	21.69	-0.01	172	373068	卖盘
14:50:01	21.7	0.01	14	30380	买盘
14:49:56	21.69	-0.01	74	160506	卖盘
14:49:52	21.7	-0.01	278	603260	卖盘
14:49:46	21.71	0.01	14	30394	买盘
14:49:42	21.7	--	721	1564570	买盘
14:49:37	21.7	0.01	56	121520	买盘
14:49:31	21.69	-0.01	51	110619	卖盘
14:49:27	21.7	0.01	23	49910	买盘
14:49:22	21.69	-0.01	45	97605	卖盘
14:49:16	21.7	--	35	75950	买盘
14:49:11	21.7	--	2	4340	买盘
14:49:07	21.7	-0.01	245	531650	卖盘
14:48:56	21.71	0.01	162	351702	买盘
14:48:52	21.7	--	41	88970	卖盘
14:48:46	21.7	--	40	86800	卖盘
14:48:36	21.7	--	5	10850	卖盘
14:48:31	21.7	--	5	10850	卖盘
14:48:26	21.7	-0.01	2	4340	卖盘
14:48:21	21.71	0.01	77	167167	买盘
14:48:16	21.7	-0.01	145	314650	卖盘
14:48:11	21.71	--	192	416832	卖盘
14:48:06	21.71	-0.01	11	23881	卖盘
14:48:01	21.72	0.01	11	23892	买盘
14:47:56	21.71	-0.02	72	156312	卖盘
14:47:41	21.73	--	2	4346	买盘
14:47:36	21.73	-0.01	58	126034	卖盘
14:47:31	21.74	--	9	19566	买盘
14:47:21	21.74	-0.01	129	280446	卖盘
14:47:10	21.75	--	20	43500	买盘
14:47:06	21.75	--	10	21750	买盘
14:47:01	21.75	--	3	6525	买盘
14:46:55	21.75	-0.01	137	297975	卖盘
14:46:51	21.76	--	30	65280	买盘
14:46:46	21.76	-0.01	172	374272	卖盘
14:46:40	21.77	0.01	26	56602	买盘
14:46:36	21.76	--	100	217600	卖盘
14:46:31	21.76	-0.01	112	243712	卖盘
14:46:25	21.77	0.01	1	2177	买盘
14:46:21	21.76	--	6	13056	卖盘
14:46:16	21.76	--	5	10880	卖盘
14:46:10	21.76	--	5	10880	卖盘
14:46:06	21.76	0.02	276	600576	买盘
14:46:01	21.74	-0.01	49	106525	卖盘
14:45:55	21.75	0.01	92	200100	买盘
14:45:51	21.74	--	3	6521	卖盘
14:45:46	21.74	--	5	10870	卖盘
14:45:40	21.74	--	16	34784	卖盘
14:45:31	21.74	--	38	82612	卖盘
14:45:25	21.74	-0.01	10	21740	卖盘
14:45:16	21.75	0.02	68	147900	买盘
14:45:10	21.73	-0.01	5	10865	卖盘
14:45:06	21.74	0.01	1	2174	买盘
14:45:01	21.73	--	1	2173	卖盘
14:44:51	21.73	--	10	21730	卖盘
14:44:46	21.73	0.03	276	599748	买盘
14:44:40	21.7	--	83	180110	买盘
14:44:35	21.7	0.01	32	69440	买盘
14:44:31	21.69	-0.01	102	221238	卖盘
14:44:25	21.7	--	2	4340	买盘
14:44:21	21.7	0.01	40	86800	买盘
14:44:16	21.69	-0.01	8	17352	卖盘
14:44:10	21.7	0.01	8	17360	买盘
14:44:05	21.69	-0.01	1	2169	卖盘
14:44:01	21.7	--	8	17360	买盘
14:43:50	21.7	0.01	6	13020	买盘
14:43:46	21.69	-0.01	73	158337	卖盘
14:43:40	21.7	--	11	23870	卖盘
14:43:35	21.7	--	8	17360	卖盘
14:43:31	21.7	--	77	167090	买盘
14:43:25	21.7	--	16	34720	买盘
14:43:20	21.7	--	584	1267280	买盘
14:43:16	21.7	--	29	62930	买盘
14:43:10	21.7	--	6	13020	买盘
14:43:05	21.7	--	43	93310	卖盘
14:43:01	21.7	--	28	60760	卖盘
14:42:50	21.7	--	10	21700	卖盘
14:42:46	21.7	--	31	67270	卖盘
14:42:40	21.7	-0.01	78	169260	卖盘
14:42:35	21.71	-0.01	10	21710	中性盘
14:42:31	21.72	0.01	229	497388	买盘
14:42:20	21.71	-0.01	22	47762	卖盘
14:42:16	21.72	--	7	15204	买盘
14:42:05	21.72	--	96	208512	买盘
14:42:01	21.72	--	56	121632	买盘
14:41:55	21.72	--	16	34752	买盘
14:41:50	21.72	--	14	30408	买盘
14:41:46	21.72	--	9	19548	买盘
14:41:35	21.72	--	19	41268	买盘
14:41:25	21.72	0.01	19	41268	买盘
14:41:20	21.71	--	2	4342	卖盘
14:41:15	21.71	-0.01	1	2171	卖盘
14:41:10	21.72	0.01	6	13032	买盘
14:41:05	21.71	-0.01	74	160654	卖盘
14:41:00	21.72	0.01	8	17376	买盘
14:40:50	21.71	-0.01	32	69472	卖盘
14:40:45	21.72	--	62	134664	买盘
14:40:40	21.72	0.01	5	10860	买盘
14:40:35	21.71	--	5	10855	卖盘
14:40:30	21.71	-0.01	224	486304	卖盘
14:40:25	21.72	0.01	9	19548	买盘
14:40:19	21.71	--	23	49933	卖盘
14:40:15	21.71	--	19	41249	卖盘
14:40:10	21.71	--	6	13026	卖盘
14:40:04	21.71	--	54	117234	卖盘
14:40:00	21.71	--	14	30394	卖盘
14:39:49	21.71	-0.01	26	56446	卖盘
14:39:40	21.72	--	11	23892	买盘
14:39:34	21.72	--	2	4344	买盘
14:39:30	21.72	-0.01	18	39096	卖盘
14:39:25	21.73	--	8	17384	买盘
14:39:19	21.73	0.01	4	8692	买盘
14:39:15	21.72	--	2	4344	卖盘
14:39:04	21.72	--	10	21720	卖盘
14:39:00	21.72	-0.01	17	36924	卖盘
14:38:45	21.73	--	60	130380	卖盘
14:38:40	21.73	-0.02	30	65190	卖盘
14:38:30	21.75	0.02	9	19575	买盘
14:38:19	21.73	--	18	39114	卖盘
14:38:15	21.73	--	4	8692	卖盘
14:38:10	21.73	--	7	15211	卖盘
14:38:04	21.73	-0.02	22	47806	卖盘
14:38:00	21.75	0.02	1	2175	买盘
14:37:55	21.73	--	101	219473	卖盘
14:37:49	21.73	-0.02	15	32595	卖盘
14:37:45	21.75	--	13	28275	买盘
14:37:40	21.75	--	101	219675	买盘
14:37:34	21.75	--	1	2175	买盘
14:37:29	21.75	--	11	23925	买盘
14:37:25	21.75	--	34	73950	买盘
14:37:19	21.75	--	10	21750	买盘
14:37:14	21.75	--	18	39150	卖盘
14:37:10	21.75	--	51	110925	卖盘
14:37:04	21.75	-0.01	70	152250	卖盘
14:36:59	21.76	--	19	41344	买盘
14:36:55	21.76	--	15	32640	买盘
14:36:49	21.76	--	5	10880	买盘
14:36:44	21.76	--	19	41344	买盘
14:36:40	21.76	--	6	13056	买盘
14:36:34	21.76	--	1	2176	买盘
14:36:29	21.76	--	8	17408	买盘
14:36:14	21.76	--	52	113152	买盘
14:36:04	21.76	--	1	2176	买盘
14:35:49	21.76	--	1	2176	卖盘
14:35:44	21.76	0.01	52	113152	买盘
14:35:40	21.75	--	6	13050	卖盘
14:35:34	21.75	--	5	10875	卖盘
14:35:29	21.75	--	5	10875	卖盘
14:35:25	21.75	--	85	184875	买盘
14:35:19	21.75	--	3	6525	买盘
14:35:14	21.75	--	10	21750	买盘
14:35:10	21.75	--	10	21750	买盘
14:35:04	21.75	--	19	41325	卖盘
14:34:55	21.75	0.01	1	2175	买盘
14:34:49	21.74	-0.01	50	108699	卖盘
14:34:44	21.75	0.01	21	45675	买盘
14:34:40	21.74	-0.01	9	19566	卖盘
14:34:34	21.75	0.01	20	43500	买盘
14:34:29	21.74	-0.01	4	8696	卖盘
14:34:24	21.75	-0.01	1	2175	中性盘
14:34:19	21.76	--	2	4352	买盘
14:34:14	21.76	0.01	35	76160	买盘
14:34:09	21.75	--	19	41325	卖盘
14:34:04	21.75	-0.01	2	4350	卖盘
14:33:59	21.76	--	60	130560	买盘
14:33:54	21.76	--	12	26112	买盘
14:33:44	21.76	--	60	130560	买盘
14:33:39	21.76	--	28	60928	买盘
14:33:34	21.76	-0.01	64	139264	卖盘
14:33:29	21.77	--	10	21770	买盘
14:33:24	21.77	0.01	14	30478	买盘
14:33:19	21.76	-0.01	3	6528	卖盘
14:33:14	21.77	--	10	21770	买盘
14:33:09	21.77	--	1	2177	买盘
14:33:04	21.77	--	31	67487	买盘
14:32:54	21.77	--	21	45717	买盘
14:32:49	21.77	0.01	75	163275	买盘
14:32:34	21.76	--	28	60928	买盘
14:32:28	21.76	0.01	22	47872	买盘
14:32:09	21.75	--	7	15225	卖盘
14:32:04	21.75	0.02	38	82650	买盘
14:31:54	21.73	-0.02	6	13038	卖盘
14:31:49	21.75	0.03	5	10875	买盘
14:31:43	21.72	-0.01	14	30408	卖盘
14:31:39	21.73	--	9	19557	买盘
14:31:34	21.73	-0.02	11	23903	卖盘
14:31:24	21.75	--	58	126150	买盘
14:31:13	21.75	-0.02	60	130500	卖盘
14:31:09	21.77	0.01	64	139328	买盘
14:30:58	21.76	-0.01	10	21760	中性盘
14:30:54	21.77	--	12	26124	买盘
14:30:49	21.77	--	10	21770	买盘
14:30:43	21.77	--	2	4354	买盘
14:30:39	21.77	0.02	35	76195	买盘
14:30:34	21.75	-0.02	3	6525	卖盘
14:30:23	21.77	--	6	13062	买盘
14:30:19	21.77	0.02	74	161098	买盘
14:30:13	21.75	--	69	150075	卖盘
14:30:04	21.75	--	3	6525	卖盘
14:29:58	21.75	--	10	21750	卖盘
14:29:53	21.75	0.01	64	139200	买盘
14:29:49	21.74	-0.01	7	15217	卖盘
14:29:43	21.75	--	10	21750	买盘
14:29:38	21.75	--	14	30450	买盘
14:29:34	21.75	--	3	6525	买盘
14:29:28	21.75	--	1	2175	买盘
14:29:23	21.75	0.01	35	76125	买盘
14:29:19	21.74	-0.01	13	28261	卖盘
14:29:13	21.75	0.01	5	10875	买盘
14:29:04	21.74	--	110	239139	卖盘
14:28:58	21.74	--	11	23914	卖盘
14:28:49	21.74	--	36	78264	买盘
14:28:43	21.74	--	5	10870	买盘
14:28:38	21.74	0.01	11	23914	买盘
14:28:28	21.73	--	25	54325	卖盘
14:28:23	21.73	--	5	10865	卖盘
14:28:18	21.73	--	20	43460	卖盘
14:28:08	21.73	--	5	10865	卖盘
14:28:04	21.73	--	4	8692	买盘
14:27:48	21.73	0.01	10	21730	买盘
14:27:38	21.72	--	30	65160	买盘
14:27:33	21.72	--	31	67332	买盘
14:27:28	21.72	0.01	15	32580	买盘
14:27:23	21.71	--	39	84669	卖盘
14:27:18	21.71	0.01	42	91182	卖盘
14:27:08	21.7	-0.01	73	158410	卖盘
14:27:03	21.71	0.01	7	15197	买盘
14:26:58	21.7	-0.01	7	15190	卖盘
14:26:53	21.71	0.02	52	112892	买盘
14:26:48	21.69	-0.01	13	28197	卖盘
14:26:43	21.7	--	11	23870	买盘
14:26:38	21.7	0.01	27	58590	买盘
14:26:28	21.69	--	26	56394	买盘
14:26:23	21.69	--	8	17352	买盘
14:26:18	21.69	0.01	86	186534	买盘
14:26:13	21.68	--	0	0	中性盘
14:26:07	21.68	--	47	101896	买盘
14:26:03	21.68	0.01	110	238480	买盘
14:25:58	21.67	--	53	114851	买盘
14:25:52	21.67	--	26	56342	买盘
14:25:48	21.67	--	37	80179	买盘
14:25:43	21.67	--	8	17336	买盘
14:25:37	21.67	--	14	30338	买盘
14:25:33	21.67	--	11	23837	买盘
14:25:28	21.67	--	3	6501	买盘
14:25:22	21.67	-0.01	74	160358	卖盘
14:25:18	21.68	--	24	52032	卖盘
14:25:13	21.68	--	40	86720	卖盘
14:25:03	21.68	--	33	71544	卖盘
14:24:58	21.68	-0.01	28	60704	卖盘
14:24:52	21.69	--	124	268956	买盘
14:24:48	21.69	--	30	65070	买盘
14:24:43	21.69	--	38	82422	买盘
14:24:37	21.69	--	8	17352	卖盘
14:24:28	21.69	-0.01	75	162675	卖盘
14:24:13	21.7	--	194	420980	卖盘
14:24:07	21.7	--	17	36890	卖盘
14:24:02	21.7	-0.01	65	141050	卖盘
14:23:58	21.71	0.01	26	56446	买盘
14:23:48	21.7	-0.02	24	52080	卖盘
14:23:43	21.72	0.01	62	134664	买盘
14:23:37	21.71	--	18	39078	卖盘
14:23:33	21.71	--	20	43420	卖盘
14:23:28	21.71	-0.01	43	93353	卖盘
14:23:22	21.72	0.01	4	8688	买盘
14:23:17	21.71	-0.01	10	21710	卖盘
14:23:13	21.72	--	65	141180	卖盘
14:23:07	21.72	--	0	0	卖盘
14:23:02	21.72	--	10	21720	卖盘
14:22:58	21.72	--	10	21720	卖盘
14:22:52	21.72	--	21	45612	卖盘
14:22:47	21.72	-0.02	5	10860	卖盘
14:22:43	21.74	0.02	19	41306	买盘
14:22:32	21.72	-0.02	51	110772	卖盘
14:22:28	21.74	0.02	9	19566	买盘
14:22:17	21.72	--	7	15204	卖盘
14:22:13	21.72	-0.02	142	308424	卖盘
14:22:07	21.74	--	35	76090	卖盘
14:22:02	21.74	0.02	180	391320	买盘
14:21:58	21.72	--	41	89052	卖盘
14:21:52	21.72	--	33	71676	卖盘
14:21:47	21.72	--	11	23892	卖盘
14:21:43	21.72	-0.02	86	186792	卖盘
14:21:37	21.74	0.01	22	47828	中性盘
14:21:27	21.73	-0.02	11	23903	卖盘
14:21:22	21.75	--	0	0	买盘
14:21:17	21.75	--	12	26100	买盘
14:21:02	21.75	-0.02	127	276225	卖盘
14:20:58	21.77	0.01	136	296072	买盘
14:20:47	21.76	--	15	32640	买盘
14:20:43	21.76	0.01	35	76160	中性盘
14:20:37	21.75	0.03	8	17400	卖盘
14:20:32	21.72	--	0	0	卖盘
14:20:27	21.72	-0.04	353	766716	卖盘
14:20:22	21.76	0.01	2	4352	买盘
14:20:17	21.75	--	15	32625	卖盘
14:20:12	21.75	--	1	2175	卖盘
14:20:07	21.75	0.02	50	108750	买盘
14:20:02	21.73	--	31	67363	卖盘
14:19:57	21.73	--	1	2173	卖盘
14:19:52	21.73	--	11	23903	买盘
14:19:47	21.73	0.01	13	28249	买盘
14:19:42	21.72	--	2	4344	卖盘
14:19:32	21.72	0.02	129	280383	买盘
14:19:27	21.7	--	69	149730	卖盘
14:19:22	21.7	--	0	0	卖盘
14:19:17	21.7	--	7	15190	卖盘
14:19:12	21.7	--	752	1631840	买盘
14:19:07	21.7	--	41	88970	买盘
14:19:02	21.7	--	261	566370	买盘
14:18:57	21.7	0.01	84	182280	买盘
14:18:52	21.69	--	141	305829	买盘
14:18:46	21.69	0.01	100	216900	买盘
14:18:42	21.68	--	1	2168	卖盘
14:18:37	21.68	--	2	4336	买盘
14:18:31	21.68	0.01	20	43360	买盘
14:18:27	21.67	--	51	110517	卖盘
14:18:22	21.67	--	50	108350	中性盘
14:18:16	21.67	--	7	15169	买盘
14:18:12	21.67	0.01	3	6501	买盘
14:18:07	21.66	--	45	97470	买盘
14:17:57	21.66	0.01	131	283746	买盘
14:17:52	21.65	0.01	371	803215	买盘
14:17:46	21.64	-0.01	48	103872	卖盘
14:17:42	21.65	0.01	38	82270	买盘
14:17:37	21.64	--	130	281320	卖盘
14:17:31	21.64	-0.01	30	64920	中性盘
14:17:27	21.65	--	48	103920	买盘
14:17:22	21.65	--	114	246809	买盘
14:17:16	21.65	--	307	664655	买盘
14:17:12	21.65	--	37	80105	买盘
14:17:07	21.65	-0.01	58	125569	卖盘
14:17:01	21.66	--	6	12996	卖盘
14:16:57	21.66	-0.02	254	550164	卖盘
14:16:52	21.68	0.03	9	19512	买盘
14:16:42	21.65	-0.03	84	181860	卖盘
14:16:37	21.68	--	80	173440	卖盘
14:16:31	21.68	-0.02	70	151760	卖盘
14:16:27	21.7	--	10	21700	买盘
14:16:22	21.7	--	2	4340	买盘
14:16:16	21.7	-0.03	935	2028950	卖盘
14:16:11	21.73	--	312	677976	买盘
14:16:01	21.73	-0.01	2	4346	卖盘
14:15:56	21.74	-0.01	85	184790	买盘
14:15:52	21.75	0.01	199	432825	买盘
14:15:41	21.74	--	21	45654	买盘
14:15:37	21.74	-0.01	193	419581	卖盘
14:15:31	21.75	0.01	40	87000	买盘
14:15:26	21.74	-0.01	112	243487	卖盘
14:15:22	21.75	--	44	95700	买盘
14:15:16	21.75	--	11	23925	买盘
14:15:11	21.75	0.01	32	69600	买盘
14:15:07	21.74	--	13	28261	卖盘
14:14:56	21.74	-0.02	15	32609	卖盘
14:14:52	21.76	--	8	17408	买盘
14:14:46	21.76	0.02	65	141440	买盘
14:14:41	21.74	-0.02	250	543500	卖盘
14:14:31	21.76	--	15	32640	卖盘
14:14:26	21.76	--	10	21760	卖盘
14:14:22	21.76	-0.01	127	276352	卖盘
14:14:11	21.77	0.01	9	19593	中性盘
14:14:06	21.76	-0.02	58	126208	卖盘
14:14:01	21.78	0.01	17	37026	买盘
14:13:51	21.77	--	10	21770	卖盘
14:13:26	21.77	--	23	50071	买盘
14:13:16	21.77	--	3	6531	买盘
14:13:11	21.77	--	99	215523	卖盘
14:12:56	21.77	-0.01	14	30478	卖盘
14:12:46	21.78	--	18	39204	买盘
14:12:41	21.78	--	1	2178	买盘
14:12:31	21.78	--	29	63162	卖盘
14:12:26	21.78	--	6	13068	卖盘
14:12:21	21.78	-0.01	10	21780	卖盘
14:12:11	21.79	-0.01	4	8716	中性盘
14:11:56	21.8	0.01	24	52320	买盘
14:11:51	21.79	0.01	17	37043	买盘
14:11:46	21.78	--	93	202554	买盘
14:11:36	21.78	--	24	52272	买盘
14:11:25	21.78	-0.01	99	215622	卖盘
14:11:21	21.79	--	24	52296	卖盘
14:11:16	21.79	--	48	104592	买盘
14:11:06	21.79	-0.01	11	23969	卖盘
14:11:01	21.8	--	104	226720	买盘
14:10:55	21.8	0.01	9	19620	买盘
14:10:51	21.79	-0.01	6	13074	卖盘
14:10:46	21.8	--	2	4360	买盘
14:10:40	21.8	--	34	74120	卖盘
14:10:36	21.8	0.05	20	43600	买盘
14:10:31	21.75	--	0	0	卖盘
14:10:25	21.75	--	0	0	卖盘
14:10:21	21.75	--	137	297975	卖盘
14:10:16	21.75	0.01	43	93525	中性盘
14:10:10	21.74	--	4	8696	卖盘
14:10:01	21.74	0.02	31	68807	买盘
14:09:55	21.72	-0.01	45	97740	卖盘
14:09:50	21.73	0.01	398	864854	买盘
14:09:46	21.72	-0.01	22	47784	卖盘
14:09:40	21.73	--	16	34768	买盘
14:09:36	21.73	--	59	128207	买盘
14:09:31	21.73	-0.01	295	641035	卖盘
14:09:25	21.74	--	29	63045	买盘
14:09:21	21.74	--	5	10870	买盘
14:09:16	21.74	-0.05	390	847859	卖盘
14:09:05	21.79	-0.01	6	13074	中性盘
14:09:01	21.8	0.01	27	58860	买盘
14:08:55	21.79	0.01	32	69728	买盘
14:08:50	21.78	-0.02	49	106722	中性盘
14:08:46	21.8	--	360	784800	买盘
14:08:40	21.8	--	78	170040	卖盘
14:08:35	21.8	--	7	15260	卖盘
14:08:31	21.8	-0.02	34	76103	卖盘
14:08:20	21.82	0.01	32	70020	买盘
14:08:16	21.81	--	10	23794	卖盘
14:08:10	21.81	--	20	43620	卖盘
14:08:05	21.81	-0.02	19	41548	卖盘
14:08:01	21.83	0.02	13	28378	买盘
14:07:55	21.81	--	3	6543	卖盘
14:07:46	21.81	-0.02	119	259538	卖盘
14:07:40	21.83	--	0	87	卖盘
14:07:35	21.83	--	5	10915	卖盘
14:07:31	21.83	--	153	333999	卖盘
14:07:25	21.83	--	0	0	卖盘
14:07:20	21.83	--	99	216116	卖盘
14:07:15	21.83	-0.02	5	10915	卖盘
14:07:00	21.85	--	9	19665	买盘
14:06:50	21.85	-0.01	40	87400	卖盘
14:06:35	21.86	--	9	19674	卖盘
14:06:30	21.86	--	6	13116	卖盘
14:06:20	21.86	-0.01	27	59022	卖盘
14:06:15	21.87	-0.01	219	480352	卖盘
14:06:10	21.88	0.01	1	2188	买盘
14:06:05	21.87	-0.02	87	190269	卖盘
14:06:00	21.89	0.01	8	17512	买盘
14:05:55	21.88	-0.01	20	43760	卖盘
14:05:50	21.89	0.01	20	43780	买盘
14:05:45	21.88	-0.01	12	26256	卖盘
14:05:40	21.89	0.01	20	43780	买盘
14:05:35	21.88	--	21	45948	卖盘
14:05:30	21.88	--	14	30632	卖盘
14:05:19	21.88	--	12	26256	卖盘
14:05:15	21.88	-0.01	5	10940	卖盘
14:05:10	21.89	0.01	6	13134	卖盘
14:05:05	21.88	--	0	0	卖盘
14:05:00	21.88	-0.01	5	11727	卖盘
14:04:55	21.89	--	3	6567	买盘
14:04:50	21.89	--	6	13134	买盘
14:04:45	21.89	--	2	4378	买盘
14:04:40	21.89	--	11	24079	买盘
14:04:25	21.89	--	14	32046	卖盘
14:04:19	21.89	--	5	10945	卖盘
14:04:15	21.89	-0.01	24	52536	卖盘
14:04:00	21.9	--	9	19710	买盘
14:03:55	21.9	0.01	85	186150	买盘
14:03:49	21.89	--	12	26268	卖盘
14:03:45	21.89	--	29	63481	卖盘
14:03:40	21.89	--	9	19701	卖盘
14:03:34	21.89	--	9	19701	卖盘
14:03:19	21.89	--	58	127750	买盘
14:03:15	21.89	--	1	2189	买盘
14:03:10	21.89	--	47	102883	买盘
14:03:04	21.89	--	389	851521	买盘
14:03:00	21.89	--	7	15323	买盘
14:02:55	21.89	--	79	172931	买盘
14:02:45	21.89	-0.01	284	623076	卖盘
14:02:34	21.9	0.01	1	2190	买盘
14:02:25	21.89	-0.01	33	72237	卖盘
14:02:19	21.9	--	5	10950	买盘
14:02:14	21.9	0.01	62	135780	买盘
14:02:10	21.89	-0.01	37	80993	卖盘
14:02:04	21.9	0.01	9	19710	买盘
14:01:59	21.89	--	119	261279	买盘
14:01:49	21.89	--	27	59103	买盘
14:01:44	21.89	--	21	45969	买盘
14:01:40	21.89	-0.01	144	317339	卖盘
14:01:34	21.9	--	10	21900	买盘
14:01:19	21.9	--	5	10950	买盘
14:01:14	21.9	0.01	1	2190	买盘
14:01:09	21.89	-0.01	48	105072	卖盘
14:01:04	21.9	0.01	28	61319	买盘
14:00:59	21.89	--	14	30646	卖盘
14:00:55	21.89	-0.01	23	50347	卖盘
14:00:49	21.9	0.01	36	78840	买盘
14:00:44	21.89	--	161	352429	卖盘
14:00:39	21.89	-0.01	5	10945	卖盘
14:00:29	21.9	--	16	35040	买盘
14:00:24	21.9	--	12	26280	买盘
14:00:19	21.9	--	55	120449	买盘
14:00:14	21.9	--	100	219000	买盘
14:00:09	21.9	--	19	41610	买盘
13:59:59	21.9	--	25	54750	买盘
13:59:55	21.9	--	108	236519	买盘
13:59:49	21.9	--	56	122639	买盘
13:59:44	21.9	--	1	2190	买盘
13:59:39	21.9	0.01	60	131400	买盘
13:59:34	21.89	-0.01	3	6567	卖盘
13:59:24	21.9	--	8	17520	买盘
13:59:19	21.9	--	173	378870	买盘
13:59:14	21.9	0.01	59	129275	买盘
13:59:09	21.89	--	60	133463	卖盘
13:58:59	21.89	--	62	135783	买盘
13:58:49	21.89	--	27	59103	买盘
13:58:44	21.89	--	19	41591	买盘
13:58:34	21.89	--	15	32835	买盘
13:58:29	21.89	0.01	6	13134	中性盘
13:58:24	21.88	-0.01	2	4376	卖盘
13:58:19	21.89	--	7	15323	买盘
13:58:14	21.89	--	3	6567	卖盘
13:58:09	21.89	--	5	10945	卖盘
13:58:04	21.89	0.02	249	545061	买盘
13:57:49	21.87	0.01	64	140077	买盘
13:57:43	21.86	-0.01	12	26232	卖盘
13:57:34	21.87	0.02	34	74358	买盘
13:57:28	21.85	-0.01	22	48070	卖盘
13:57:24	21.86	0.01	10	21860	买盘
13:57:19	21.85	--	58	126730	买盘
13:57:09	21.85	0.01	9	19665	买盘
13:57:04	21.84	-0.02	30	65520	卖盘
13:56:58	21.86	--	20	43720	卖盘
13:56:54	21.86	--	50	109300	买盘
13:56:49	21.86	0.01	61	133346	买盘
13:56:39	21.85	-0.01	26	56810	卖盘
13:56:34	21.86	0.01	18	39479	买盘
13:56:19	21.85	--	23	50255	卖盘
13:56:09	21.85	--	0	0	卖盘
13:56:04	21.85	-0.02	110	240350	卖盘
13:55:54	21.87	0.02	12	26244	买盘
13:55:43	21.85	-0.02	23	50255	卖盘
13:55:34	21.87	0.02	1	2187	买盘
13:55:28	21.85	-0.01	39	85215	卖盘
13:55:23	21.86	--	40	87440	卖盘
13:55:18	21.86	--	20	43720	卖盘
13:55:13	21.86	--	3	6558	卖盘
13:55:08	21.86	0.01	16	34976	买盘
13:55:04	21.85	-0.03	7	15295	卖盘
13:54:48	21.88	0.02	62	135656	中性盘
13:54:43	21.86	-0.02	23	50278	卖盘
13:54:38	21.88	-0.01	10	21880	卖盘
13:54:33	21.89	0.01	17	37213	买盘
13:54:23	21.88	-0.02	20	43760	卖盘
13:54:18	21.9	-0.02	10	21900	买盘
13:53:53	21.92	0.04	15	32880	买盘
13:53:48	21.88	-0.03	89	194732	卖盘
13:53:43	21.91	--	10	21910	卖盘
13:53:38	21.91	0.01	17	37247	中性盘
13:53:33	21.9	--	10	21900	卖盘
13:53:28	21.9	--	54	118259	卖盘
13:53:23	21.9	--	0	0	卖盘
13:53:18	21.9	--	337	738030	卖盘
13:53:08	21.9	-0.01	32	70080	卖盘
13:53:04	21.91	0.01	6	13146	买盘
13:52:58	21.9	--	7	15329	卖盘
13:52:53	21.9	--	2	4380	卖盘
13:52:48	21.9	-0.01	20	43800	卖盘
13:52:33	21.91	--	26	56966	买盘
13:52:18	21.91	-0.01	22	48946	卖盘
13:52:13	21.92	0.01	30	65760	买盘
13:52:08	21.91	--	72	157752	卖盘
13:52:03	21.91	--	16	35056	卖盘
13:51:58	21.91	--	2	4382	卖盘
13:51:53	21.91	--	47	102977	卖盘
13:51:48	21.91	-0.01	32	70112	卖盘
13:51:33	21.92	--	42	92064	卖盘
13:51:28	21.92	--	16	35072	卖盘
13:51:23	21.92	-0.01	10	21920	卖盘
13:51:18	21.93	--	9	19737	买盘
13:51:08	21.93	--	1	2193	买盘
13:51:03	21.93	--	18	39474	卖盘
13:50:58	21.93	--	3	6579	卖盘
13:50:53	21.93	--	30	65790	卖盘
13:50:48	21.93	-0.01	5	10965	卖盘
13:50:43	21.94	--	74	163080	卖盘
13:50:33	21.94	--	82	179908	卖盘
13:50:28	21.94	-0.01	31	68014	卖盘
13:50:22	21.95	0.01	220	482900	买盘
13:50:18	21.94	--	20	43880	卖盘
13:50:13	21.94	0.01	57	126527	买盘
13:50:07	21.93	--	3	6579	卖盘
13:50:03	21.93	-0.01	102	223686	卖盘
13:49:58	21.94	0.01	9	19746	买盘
13:49:52	21.93	--	20	43860	卖盘
13:49:43	21.93	--	230	504390	卖盘
13:49:37	21.93	-0.01	21	46053	卖盘
13:49:33	21.94	0.01	12	26328	买盘
13:49:28	21.93	--	31	67983	卖盘
13:49:22	21.93	-0.01	3	6579	卖盘
13:49:18	21.94	0.01	133	291802	买盘
13:49:03	21.93	0.02	4	8772	中性盘
13:48:57	21.91	-0.03	136	299422	卖盘
13:48:52	21.94	0.03	20	43880	买盘
13:48:48	21.91	0.01	63	138033	卖盘
13:48:42	21.9	-0.03	15	34777	卖盘
13:48:37	21.93	--	20	43860	卖盘
13:48:33	21.93	--	147	322634	买盘
13:48:17	21.93	--	62	135966	买盘
13:48:12	21.93	--	39	85527	买盘
13:48:02	21.93	--	99	217107	买盘
13:47:57	21.93	--	39	87456	卖盘
13:47:52	21.93	0.01	35	77018	买盘
13:47:47	21.92	--	97	212624	卖盘
13:47:42	21.92	--	60	131520	卖盘
13:47:37	21.92	0.02	21	46032	买盘
13:47:32	21.9	-0.03	29	63509	卖盘
13:47:27	21.93	--	0	0	买盘
13:47:22	21.93	--	16	35088	买盘
13:47:17	21.93	0.03	11	24123	买盘
13:47:12	21.9	--	159	348210	卖盘
13:47:07	21.9	-0.03	50	109500	卖盘
13:47:02	21.93	--	150	328950	卖盘
13:46:57	21.93	0.03	193	423249	买盘
13:46:52	21.9	--	3	6570	卖盘
13:46:47	21.9	--	9	19863	卖盘
13:46:42	21.9	0.01	49	107419	买盘
13:46:37	21.89	-0.01	339	744150	卖盘
13:46:32	21.9	--	85	186259	买盘
13:46:27	21.9	--	109	238709	买盘
13:46:22	21.9	--	31	67890	买盘
13:46:17	21.9	0.01	5	10950	买盘
13:46:12	21.89	-0.01	40	87560	中性盘
13:46:07	21.9	0.01	5	10950	买盘
13:45:57	21.89	0.01	23	50347	买盘
13:45:52	21.88	0.03	8	17504	买盘
13:45:42	21.85	-0.01	11	24035	卖盘
13:45:37	21.86	0.01	17	37162	买盘
13:45:32	21.85	--	32	69920	卖盘
13:45:22	21.85	0.02	87	190095	买盘
13:45:17	21.83	0.03	84	183874	买盘
13:45:12	21.8	-0.02	5	10900	中性盘
13:45:07	21.82	0.03	127	277114	买盘
13:45:02	21.79	--	45	98055	买盘
13:44:57	21.79	--	60	130740	买盘
13:44:52	21.79	0.01	4	8716	买盘
13:44:47	21.78	0.01	202	439956	买盘
13:44:42	21.77	--	111	241647	卖盘
13:44:37	21.77	-0.01	5	10885	卖盘
13:44:32	21.78	--	237	516186	买盘
13:44:27	21.78	--	59	128502	买盘
13:44:22	21.78	--	9	19602	买盘
13:44:17	21.78	-0.01	125	272250	卖盘
13:44:12	21.79	-0.01	51	111129	买盘
13:44:02	21.8	--	311	677980	买盘
13:43:57	21.8	--	43	93740	买盘
13:43:52	21.8	--	9	19620	买盘
13:43:47	21.8	--	343	747740	卖盘
13:43:42	21.8	-0.01	39	85020	卖盘
13:43:37	21.81	--	7	15267	买盘
13:43:27	21.81	-0.01	62	135222	买盘
13:43:22	21.82	0.01	181	394942	买盘
13:43:16	21.81	--	3	6543	卖盘
13:43:12	21.81	--	28	61068	卖盘
13:43:07	21.81	--	13	28353	卖盘
13:43:01	21.81	-0.01	22	47982	中性盘
13:42:57	21.82	--	36	78552	买盘
13:42:52	21.82	0.01	68	148376	买盘
13:42:46	21.81	-0.02	193	420933	卖盘
13:42:42	21.83	0.01	19	41477	买盘
13:42:37	21.82	-0.01	90	196380	卖盘
13:42:31	21.83	-0.01	2	4366	卖盘
13:42:27	21.84	0.01	15	32760	买盘
13:42:22	21.83	-0.01	162	353646	卖盘
13:42:16	21.84	--	12	26208	买盘
13:42:12	21.84	--	94	205296	卖盘
13:42:07	21.84	--	36	78624	卖盘
13:42:01	21.84	--	41	89544	卖盘
13:41:57	21.84	--	417	910728	卖盘
13:41:52	21.84	-0.01	31	67704	卖盘
13:41:46	21.85	0.01	50	109250	买盘
13:41:42	21.84	-0.01	18	39312	卖盘
13:41:37	21.85	--	18	39330	卖盘
13:41:31	21.85	-0.01	46	100510	卖盘
13:41:27	21.86	--	20	43720	买盘
13:41:21	21.86	0.01	96	209856	买盘
13:41:16	21.85	-0.01	67	146395	卖盘
13:41:11	21.86	--	92	201112	买盘
13:41:06	21.86	--	132	288552	买盘
13:40:56	21.86	-0.01	87	190182	卖盘
13:40:46	21.87	--	5	10935	买盘
13:40:41	21.87	-0.03	83	183598	卖盘
13:40:36	21.9	0.02	24	52560	买盘
13:40:31	21.88	-0.02	28	61264	卖盘
13:40:26	21.9	--	91	199290	买盘
13:40:16	21.9	0.02	2	4380	买盘
13:40:11	21.88	-0.03	172	377473	卖盘
13:40:06	21.91	-0.02	8	17528	卖盘
13:40:01	21.93	0.03	10	21930	买盘
13:39:56	21.9	-0.03	115	251849	卖盘
13:39:51	21.93	--	50	109650	买盘
13:39:41	21.93	--	84	184212	买盘
13:39:36	21.93	--	89	195177	中性盘
13:39:26	21.93	-0.01	21	46053	中性盘
13:39:21	21.94	0.01	13	28522	买盘
13:39:16	21.93	--	3	6579	买盘
13:39:11	21.93	-0.01	5	10965	中性盘
13:39:06	21.94	--	236	517784	买盘
13:39:01	21.94	--	52	115075	卖盘
13:38:56	21.94	-0.01	65	143816	卖盘
13:38:51	21.95	--	1	2195	买盘
13:38:41	21.95	-0.03	2	5377	卖盘
13:38:36	21.98	0.02	38	83524	买盘
13:38:26	21.96	--	30	65880	卖盘
13:38:21	21.96	-0.02	75	164700	卖盘
13:38:11	21.98	-0.01	35	76930	中性盘
13:38:06	21.99	0.01	78	171522	买盘
13:38:01	21.98	-0.01	1	2198	卖盘
13:37:56	21.99	0.01	392	862007	买盘
13:37:51	21.98	--	112	246176	买盘
13:37:41	21.98	--	132	290136	卖盘
13:37:36	21.98	0.01	57	125286	买盘
13:37:26	21.97	0.02	0	1032	中性盘
13:37:21	21.95	--	192	421440	卖盘
13:37:16	21.95	--	8	17560	卖盘
13:37:06	21.95	0.02	79	173580	买盘
13:37:01	21.93	-0.02	169	372634	卖盘
13:36:56	21.95	--	129	283330	买盘
13:36:51	21.95	0.01	110	241450	买盘
13:36:41	21.94	0.01	122	267668	买盘
13:36:31	21.93	0.01	33	72369	买盘
13:36:25	21.92	-0.01	25	54800	卖盘
13:36:21	21.93	0.01	73	160089	买盘
13:36:16	21.92	--	14	30731	买盘
13:36:10	21.92	--	25	54800	买盘
13:36:06	21.92	0.01	44	96448	买盘
13:36:01	21.91	-0.01	47	102977	卖盘
13:35:55	21.92	--	15	32880	买盘
13:35:51	21.92	0.01	95	208240	买盘
13:35:46	21.91	0.01	23	50393	买盘
13:35:40	21.9	--	67	146730	卖盘
13:35:36	21.9	--	245	536550	卖盘
13:35:31	21.9	--	58	127019	卖盘
13:35:25	21.9	--	117	257281	买盘
13:35:21	21.9	--	85	186150	买盘
13:35:16	21.9	0.02	50	109500	买盘
13:35:10	21.88	-0.02	59	129092	卖盘
13:35:06	21.9	0.03	7	15329	买盘
13:35:01	21.87	-0.01	120	262440	卖盘
13:34:55	21.88	--	38	83253	买盘
13:34:51	21.88	0.02	121	264748	买盘
13:34:46	21.86	-0.06	116	253576	卖盘
13:34:40	21.92	--	0	0	买盘
13:34:36	21.92	0.01	66	144672	买盘
13:34:30	21.91	0.01	193	422863	买盘
13:34:25	21.9	-0.02	178	391966	卖盘
13:34:20	21.92	--	90	197280	买盘
13:34:15	21.92	--	164	359488	买盘
13:34:10	21.92	0.02	2	4384	中性盘
13:34:05	21.9	-0.03	113	247469	卖盘
13:34:00	21.93	0.01	12	26316	中性盘
13:33:55	21.92	-0.01	121	265232	卖盘
13:33:50	21.93	-0.02	111	243423	卖盘
13:33:45	21.95	--	7	15365	买盘
13:33:40	21.95	0.01	12	26340	买盘
13:33:35	21.94	-0.01	62	136028	卖盘
13:33:30	21.95	-0.01	179	392905	卖盘
13:33:25	21.96	--	12	26352	买盘
13:33:20	21.96	--	20	43920	买盘
13:33:15	21.96	--	138	303048	卖盘
13:33:10	21.96	--	19	41724	卖盘
13:33:05	21.96	-0.01	23	50595	卖盘
13:33:00	21.97	-0.01	11	24738	买盘
13:32:55	21.98	--	27	59346	买盘
13:32:50	21.98	--	158	347284	卖盘
13:32:45	21.98	0.02	80	175840	买盘
13:32:40	21.96	-0.02	130	285480	卖盘
13:32:35	21.98	--	36	79128	买盘
13:32:30	21.98	-0.01	131	287938	卖盘
13:32:25	21.99	0.02	13	30016	买盘
13:32:20	21.97	-0.01	113	248261	卖盘
13:32:15	21.98	0.01	378	830844	中性盘
13:32:10	21.97	-0.01	179	393306	卖盘
13:32:05	21.98	--	67	147266	买盘
13:32:00	21.98	--	72	158256	买盘
13:31:55	21.98	0.01	2	4396	买盘
13:31:50	21.97	-0.01	265	582205	卖盘
13:31:45	21.98	-0.01	37	81326	卖盘
13:31:40	21.99	--	87	191313	买盘
13:31:35	21.99	--	146	321054	买盘
13:31:25	21.99	-0.01	53	116546	卖盘
13:31:15	22.0	--	194	426800	卖盘
13:31:05	22.0	-0.05	116	255200	卖盘
13:31:00	22.05	--	357	789301	卖盘
13:30:55	22.05	-0.02	98	216090	卖盘
13:30:50	22.07	0.02	100	220700	中性盘
13:30:45	22.05	-0.01	644	1420020	卖盘
13:30:40	22.06	--	26	57356	买盘
13:30:35	22.06	0.01	162	357372	买盘
13:30:30	22.05	--	114	251370	卖盘
13:30:25	22.05	-0.01	12	26460	卖盘
13:30:20	22.06	--	71	156626	卖盘
13:30:15	22.06	-0.01	115	253689	卖盘
13:30:10	22.07	0.01	2	6025	买盘
13:30:05	22.06	--	1	2206	卖盘
13:30:00	22.06	-0.01	127	280162	卖盘
13:29:55	22.07	--	100	220700	买盘
13:29:50	22.07	--	5	11035	买盘
13:29:45	22.07	-0.01	128	282496	卖盘
13:29:40	22.08	0.01	61	134688	买盘
13:29:35	22.07	-0.01	29	64003	中性盘
13:29:30	22.08	0.01	137	302496	买盘
13:29:25	22.07	-0.01	7	15449	卖盘
13:29:20	22.08	--	24	52991	买盘
13:29:15	22.08	--	35	77280	买盘
13:29:04	22.08	--	9	19872	卖盘
13:29:00	22.08	-0.01	78	172224	卖盘
13:28:55	22.09	--	151	333559	买盘
13:28:49	22.09	--	4	8836	买盘
13:28:45	22.09	--	134	296006	买盘
13:28:40	22.09	--	15	33135	中性盘
13:28:34	22.09	-0.01	42	92778	卖盘
13:28:30	22.1	0.01	47	103870	买盘
13:28:25	22.09	-0.01	18	39762	卖盘
13:28:19	22.1	0.01	41	90610	买盘
13:28:15	22.09	-0.01	18	39762	卖盘
13:28:09	22.1	0.01	137	302770	买盘
13:28:04	22.09	0.02	11	24299	中性盘
13:28:00	22.07	-0.02	104	229528	卖盘
13:27:54	22.09	--	79	174511	买盘
13:27:45	22.09	--	11	24299	买盘
13:27:39	22.09	0.01	67	148003	买盘
13:27:34	22.08	--	3	6623	卖盘
13:27:30	22.08	0.02	161	355488	买盘
13:27:24	22.06	-0.02	331	730186	买盘
13:27:19	22.08	0.03	5	11040	买盘
13:27:15	22.05	-0.01	64	141120	卖盘
13:27:09	22.06	--	165	363990	买盘
13:27:04	22.06	--	14	30884	买盘
13:26:59	22.06	0.01	20	44120	买盘
13:26:54	22.05	-0.01	528	1164240	卖盘
13:26:49	22.06	--	15	33090	买盘
13:26:44	22.06	--	66	145596	卖盘
13:26:39	22.06	-0.01	451	994906	卖盘
13:26:34	22.07	--	124	273668	买盘
13:26:29	22.07	0.01	237	523059	买盘
13:26:24	22.06	--	53	116918	卖盘
13:26:19	22.06	--	17	37502	卖盘
13:26:14	22.06	0.01	148	326576	买盘
13:26:09	22.05	-0.01	135	297675	卖盘
13:26:04	22.06	0.01	56	123536	买盘
13:25:59	22.05	-0.01	22	48510	卖盘
13:25:54	22.06	-0.01	127	280162	卖盘
13:25:49	22.07	--	101	222907	买盘
13:25:44	22.07	--	217	478919	买盘
13:25:39	22.07	--	71	156697	买盘
13:25:34	22.07	--	67	147869	卖盘
13:25:29	22.07	--	408	900456	卖盘
13:25:24	22.07	-0.03	2	4414	卖盘
13:25:19	22.1	0.03	10	22100	买盘
13:25:14	22.07	-0.03	58	128006	卖盘
13:25:09	22.1	-0.02	169	373490	卖盘
13:25:04	22.12	0.01	10	22120	买盘
13:24:59	22.11	-0.02	175	386947	卖盘
13:24:54	22.13	-0.02	98	216874	卖盘
13:24:44	22.15	--	23	50945	买盘
13:24:39	22.15	-0.01	175	387625	卖盘
13:24:34	22.16	0.01	141	312456	买盘
13:24:29	22.15	--	129	285735	卖盘
13:24:24	22.15	-0.01	75	166125	卖盘
13:24:19	22.16	--	36	79776	买盘
13:24:14	22.16	-0.01	23	50968	中性盘
13:24:09	22.17	0.01	322	713874	买盘
13:24:04	22.16	-0.01	46	101936	中性盘
13:23:59	22.17	--	149	330333	买盘
13:23:54	22.17	0.01	124	274908	中性盘
13:23:49	22.16	0.01	17	37672	卖盘
13:23:44	22.15	-0.01	28	62019	卖盘
13:23:39	22.16	-0.02	98	217168	买盘
13:23:34	22.18	0.02	76	168568	买盘
13:23:29	22.16	--	146	323536	卖盘
13:23:24	22.16	--	140	310240	卖盘
13:23:19	22.16	--	89	197224	卖盘
13:23:14	22.16	--	191	423256	卖盘
13:23:09	22.16	0.02	576	1276416	买盘
13:23:04	22.14	-0.01	76	168264	卖盘
13:22:59	22.15	-0.01	267	591405	买盘
13:22:54	22.16	0.01	150	332400	买盘
13:22:49	22.15	--	5	11075	买盘
13:22:44	22.15	-0.01	55	121824	卖盘
13:22:39	22.16	0.01	5	11080	买盘
13:22:34	22.15	-0.01	3	6645	卖盘
13:22:29	22.16	--	51	113016	卖盘
13:22:24	22.16	--	42	95265	卖盘
13:22:19	22.16	--	115	254840	卖盘
13:22:13	22.16	--	11	24376	卖盘
13:22:09	22.16	-0.01	94	208304	卖盘
13:22:04	22.17	--	162	359154	买盘
13:21:58	22.17	--	25	55425	买盘
13:21:54	22.17	--	33	73161	买盘
13:21:49	22.17	--	57	126369	卖盘
13:21:43	22.17	--	118	261606	卖盘
13:21:39	22.17	-0.01	149	330333	卖盘
13:21:34	22.18	0.04	57	126426	买盘
13:21:28	22.14	-0.06	58	128412	卖盘
13:21:24	22.2	0.05	207	459540	买盘
13:21:19	22.15	0.01	41	90815	中性盘
13:21:13	22.14	-0.05	179	396306	卖盘
13:21:09	22.19	-0.01	94	208586	中性盘
13:21:03	22.2	0.03	144	319680	买盘
13:20:58	22.17	-0.03	24	53208	卖盘
13:20:54	22.2	0.01	76	168720	买盘
13:20:49	22.19	-0.01	825	1830675	卖盘
13:20:43	22.2	--	22	48840	卖盘
13:20:38	22.2	0.01	193	428460	买盘
13:20:33	22.19	--	184	408296	卖盘
13:20:28	22.19	0.01	87	193053	买盘
13:20:23	22.18	-0.02	70	155260	卖盘
13:20:18	22.2	0.01	307	681540	买盘
13:20:13	22.19	0.01	30	66570	买盘
13:20:08	22.18	-0.02	30	66540	卖盘
13:20:03	22.2	0.01	604	1340880	买盘
13:19:58	22.19	-0.01	79	175301	卖盘
13:19:53	22.2	--	48	106560	买盘
13:19:48	22.2	-0.01	31	68820	卖盘
13:19:43	22.21	-0.01	65	144742	中性盘
13:19:38	22.22	--	173	384406	买盘
13:19:33	22.22	--	103	228866	买盘
13:19:28	22.22	0.01	170	377806	买盘
13:19:23	22.21	-0.02	72	159912	卖盘
13:19:18	22.23	0.01	407	904761	买盘
13:19:13	22.22	0.02	78	175093	买盘
13:19:08	22.2	-0.02	212	471084	卖盘
13:19:03	22.22	--	155	344410	卖盘
13:18:58	22.22	--	227	504394	卖盘
13:18:53	22.22	--	228	506616	买盘
13:18:48	22.22	0.01	518	1150996	买盘
13:18:43	22.21	-0.01	35	77735	中性盘
13:18:38	22.22	0.01	1092	2426424	买盘
13:18:33	22.21	-0.02	177	393117	卖盘
13:18:28	22.23	0.01	150	333450	买盘
13:18:23	22.22	-0.01	628	1395416	卖盘
13:18:18	22.23	0.01	1004	2231892	买盘
13:18:13	22.22	--	22	48884	买盘
13:18:08	22.22	0.01	310	690597	买盘
13:18:03	22.21	-0.01	114	253194	卖盘
13:17:58	22.22	0.01	39	86658	买盘
13:17:53	22.21	-0.01	53	118157	卖盘
13:17:48	22.22	--	574	1277205	买盘
13:17:43	22.22	--	204	453288	买盘
13:17:38	22.22	0.02	691	1535402	买盘
13:17:33	22.2	--	177	393384	卖盘
13:17:28	22.2	--	182	404040	卖盘
13:17:23	22.2	--	736	1635696	卖盘
13:17:18	22.2	--	335	743700	卖盘
13:17:13	22.2	--	13	28860	卖盘
13:17:08	22.2	--	306	679320	卖盘
13:17:03	22.2	0.05	1259	2794980	买盘
13:16:58	22.15	-0.03	32	70880	卖盘
13:16:53	22.18	0.02	373	827314	买盘
13:16:48	22.16	--	311	689176	卖盘
13:16:43	22.16	-0.03	152	336832	卖盘
13:16:38	22.19	--	250	554750	买盘
13:16:33	22.19	-0.01	350	776650	中性盘
13:16:28	22.2	-0.01	123	273060	中性盘
13:16:23	22.21	--	289	641869	买盘
13:16:18	22.21	-0.01	762	1692402	卖盘
13:16:13	22.22	--	142	315524	买盘
13:16:08	22.22	0.01	373	828806	买盘
13:16:03	22.21	0.07	347	770687	买盘
13:15:58	22.14	-0.07	455	1007370	卖盘
13:15:53	22.21	-0.02	731	1623551	卖盘
13:15:48	22.23	0.02	698	1551654	买盘
13:15:43	22.21	0.03	401	890621	买盘
13:15:38	22.18	-0.04	335	743030	卖盘
13:15:33	22.22	0.08	1014	2253108	买盘
13:15:28	22.14	-0.02	380	841320	卖盘
13:15:23	22.16	0.01	2662	5898992	买盘
13:15:18	22.15	0.01	137	303455	买盘
13:15:13	22.14	0.03	432	956448	买盘
13:15:07	22.11	-0.01	335	740685	卖盘
13:15:03	22.12	0.02	975	2156700	买盘
13:14:58	22.1	0.01	391	864110	买盘
13:14:52	22.09	--	19	41971	买盘
13:14:48	22.09	0.03	245	541205	买盘
13:14:43	22.06	0.02	1526	3366356	买盘
13:14:37	22.04	--	10	22040	买盘
13:14:33	22.04	--	119	262276	买盘
13:14:28	22.04	0.02	58	127832	买盘
13:14:22	22.02	-0.02	15	33030	卖盘
13:14:18	22.04	0.03	694	1529576	买盘
13:14:12	22.01	-0.01	50	110050	卖盘
13:14:07	22.02	0.01	15	33030	买盘
13:14:03	22.01	0.01	455	1001455	买盘
13:13:58	22.0	-0.01	217	477400	卖盘
13:13:52	22.01	0.01	5	11005	买盘
13:13:47	22.0	--	11	24200	卖盘
13:13:42	22.0	--	3	6600	卖盘
13:13:37	22.0	0.01	766	1685200	买盘
13:13:33	21.99	-0.01	75	164925	卖盘
13:13:27	22.0	0.01	37	81400	买盘
13:13:17	21.99	--	155	340845	卖盘
13:13:12	21.99	--	3	6596	卖盘
13:13:07	21.99	--	58	128179	买盘
13:13:02	21.99	--	35	76965	买盘
13:12:57	21.99	0.01	32	70368	买盘
13:12:52	21.98	--	12	26376	卖盘
13:12:47	21.98	--	18	39564	卖盘
13:12:42	21.98	-0.01	5	10990	中性盘
13:12:37	21.99	0.02	30	65970	买盘
13:12:32	21.97	--	20	43940	卖盘
13:12:27	21.97	-0.01	10	21970	卖盘
13:12:22	21.98	--	1	2198	卖盘
13:12:17	21.98	--	55	120890	买盘
13:12:12	21.98	0.01	93	204414	买盘
13:12:07	21.97	--	33	72501	卖盘
13:12:02	21.97	--	42	92274	卖盘
13:11:57	21.97	--	49	107653	卖盘
13:11:47	21.97	--	46	101171	买盘
13:11:37	21.97	--	22	48334	买盘
13:11:32	21.97	--	50	109850	买盘
13:11:27	21.97	--	48	105456	买盘
13:11:17	21.97	0.01	137	300989	买盘
13:11:12	21.96	-0.01	31	68076	卖盘
13:11:07	21.97	--	100	219700	买盘
13:11:02	21.97	0.01	75	164775	买盘
13:10:57	21.96	--	20	43920	卖盘
13:10:52	21.96	-0.01	8	17568	卖盘
13:10:47	21.97	-0.01	28	61516	买盘
13:10:42	21.98	--	39	85722	买盘
13:10:37	21.98	--	93	204414	买盘
13:10:32	21.98	0.01	57	125286	买盘
13:10:27	21.97	--	116	254852	卖盘
13:10:22	21.97	--	10	21970	卖盘
13:10:17	21.97	--	31	68107	卖盘
13:10:12	21.97	--	312	685464	卖盘
13:10:07	21.97	--	4	8788	卖盘
13:10:02	21.97	-0.01	12	26364	卖盘
13:09:57	21.98	--	50	109900	买盘
13:09:52	21.98	0.01	50	109900	买盘
13:09:47	21.97	-0.01	3	6591	卖盘
13:09:42	21.98	0.02	39	85722	买盘
13:09:37	21.96	--	2	4392	卖盘
13:09:32	21.96	-0.02	25	54900	卖盘
13:09:27	21.98	--	5	10990	买盘
13:09:17	21.98	-0.01	417	916566	卖盘
13:09:12	21.99	--	67	147333	买盘
13:09:07	21.99	0.01	11	24189	买盘
13:09:02	21.98	-0.01	48	105504	卖盘
13:08:57	21.99	--	85	188476	卖盘
13:08:52	21.99	-0.01	6	13193	卖盘
13:08:47	22.0	--	70	154000	买盘
13:08:42	22.0	--	8	17600	买盘
13:08:37	22.0	--	34	74800	买盘
13:08:32	22.0	-0.02	374	822800	卖盘
13:08:27	22.02	0.01	19	41838	买盘
13:08:22	22.01	-0.01	74	162874	卖盘
13:08:17	22.02	--	35	77070	买盘
13:08:12	22.02	--	4	8808	卖盘
13:08:07	22.02	-0.01	50	110100	卖盘
13:08:02	22.03	--	61	134383	买盘
13:07:57	22.03	--	83	182849	买盘
13:07:52	22.03	0.01	42	92526	买盘
13:07:46	22.02	--	26	57252	卖盘
13:07:42	22.02	-0.01	260	572520	卖盘
13:07:37	22.03	--	35	77105	买盘
13:07:31	22.03	--	22	48466	买盘
13:07:27	22.03	--	310	682930	买盘
13:07:22	22.03	--	71	156413	买盘
13:07:16	22.03	--	100	220300	买盘
13:07:12	22.03	--	124	273172	买盘
13:07:06	22.03	--	87	191661	卖盘
13:07:01	22.03	--	4	8812	卖盘
13:06:57	22.03	0.01	32	70496	买盘
13:06:51	22.02	-0.01	120	264240	买盘
13:06:46	22.03	0.01	180	396540	买盘
13:06:41	22.02	--	118	259836	买盘
13:06:36	22.02	-0.01	508	1118616	卖盘
13:06:31	22.03	--	1	2203	买盘
13:06:26	22.03	--	121	266563	买盘
13:06:22	22.03	0.01	26	57278	买盘
13:06:16	22.02	--	1	2202	卖盘
13:06:12	22.02	--	101	222402	买盘
13:06:06	22.02	--	408	898416	买盘
13:05:56	22.02	0.01	79	173958	买盘
13:05:51	22.01	0.01	246	541446	买盘
13:05:46	22.0	-0.01	12	26400	卖盘
13:05:41	22.01	--	86	189286	买盘
13:05:36	22.01	0.01	25	55025	买盘
13:05:31	22.0	--	56	123200	卖盘
13:05:26	22.0	-0.01	100	220000	卖盘
13:05:21	22.01	0.01	4	8804	买盘
13:05:16	22.0	--	58	127600	卖盘
13:05:11	22.0	--	29	63800	卖盘
13:05:06	22.0	0.01	97	213400	买盘
13:05:01	21.99	--	1	2199	卖盘
13:04:51	21.99	--	28	61571	卖盘
13:04:46	21.99	--	4	8796	卖盘
13:04:41	21.99	--	73	160527	卖盘
13:04:36	21.99	--	63	138537	卖盘
13:04:31	21.99	--	11	24189	卖盘
13:04:26	21.99	--	30	65970	卖盘
13:04:21	21.99	--	9	19791	卖盘
13:04:16	21.99	--	4	8796	卖盘
13:04:11	21.99	--	33	72567	卖盘
13:04:06	21.99	--	499	1097301	卖盘
13:04:01	21.99	--	18	39582	卖盘
13:03:56	21.99	-0.01	70	153930	卖盘
13:03:51	22.0	--	45	99000	买盘
13:03:46	22.0	--	209	459800	买盘
13:03:41	22.0	--	105	231000	卖盘
13:03:36	22.0	--	30	66000	买盘
13:03:31	22.0	--	5	11000	卖盘
13:03:26	22.0	0.01	148	325600	买盘
13:03:21	21.99	-0.01	5	10995	卖盘
13:03:16	22.0	--	5	11000	买盘
13:03:11	22.0	--	10	22000	买盘
13:03:06	22.0	--	61	134200	买盘
13:03:01	22.0	--	587	1291400	卖盘
13:02:56	22.0	-0.01	134	294800	卖盘
13:02:51	22.01	0.01	194	426994	买盘
13:02:46	22.0	--	5	11000	卖盘
13:02:41	22.0	--	142	312400	卖盘
13:02:36	22.0	--	29	63800	卖盘
13:02:31	22.0	-0.01	2	4400	卖盘
13:02:26	22.01	0.01	55	121055	买盘
13:02:21	22.0	-0.01	48	105600	卖盘
13:02:16	22.01	--	4	8804	买盘
13:02:11	22.01	--	252	554652	卖盘
13:02:06	22.01	--	20	44020	卖盘
13:02:01	22.01	--	15	33015	卖盘
13:01:56	22.01	--	27	59427	卖盘
13:01:51	22.01	0.01	72	158472	买盘
13:01:46	22.0	-0.01	40	88000	卖盘
13:01:41	22.01	--	48	105648	买盘
13:01:36	22.01	--	67	147467	买盘
13:01:31	22.01	0.01	71	156271	买盘
13:01:26	22.0	-0.01	7	15400	卖盘
13:01:21	22.01	--	82	180482	买盘
13:01:16	22.01	--	39	85839	卖盘
13:01:11	22.01	--	62	136462	卖盘
13:01:06	22.01	--	8	17608	卖盘
13:01:01	22.01	--	18	39618	卖盘
13:00:56	22.01	--	136	299336	买盘
13:00:51	22.01	0.01	14	30814	买盘
13:00:46	22.0	-0.01	101	222200	卖盘
13:00:40	22.01	0.01	46	101246	买盘
13:00:31	22.0	--	109	239800	买盘
13:00:25	22.0	--	14	30800	买盘
13:00:20	22.0	0.01	255	561000	买盘
13:00:16	21.99	-0.01	6	13193	卖盘
13:00:10	22.0	0.01	661	1454200	买盘
13:00:06	21.99	0.02	468	1029769	买盘
11:30:00	21.97	--	0	0	卖盘
11:29:59	21.97	-0.02	1	2197	卖盘
11:29:57	21.99	--	0	0	买盘
11:29:51	21.99	--	2	4398	买盘
11:29:47	21.99	0.01	20	43980	买盘
11:29:42	21.98	-0.01	32	70336	卖盘
11:29:36	21.99	0.01	39	85761	买盘
11:29:31	21.98	-0.02	54	118692	卖盘
11:29:27	22.0	0.02	131	288200	买盘
11:29:21	21.98	0.01	103	226394	卖盘
11:29:17	21.97	-0.02	246	540462	卖盘
11:29:12	21.99	0.01	125	274875	买盘
11:29:06	21.98	0.01	2	4396	买盘
11:29:01	21.97	-0.02	95	208715	卖盘
11:28:57	21.99	0.01	13	28586	买盘
11:28:46	21.98	--	2	4396	卖盘
11:28:42	21.98	0.01	116	254968	买盘
11:28:36	21.97	-0.01	31	68107	卖盘
11:28:31	21.98	--	86	189028	买盘
11:28:27	21.98	0.02	86	189028	买盘
11:28:21	21.96	--	5	10980	卖盘
11:28:16	21.96	--	13	28548	卖盘
11:28:12	21.96	0.02	83	182268	买盘
11:28:06	21.94	--	27	59238	卖盘
11:28:01	21.94	-0.02	120	263280	卖盘
11:27:57	21.96	--	10	21960	买盘
11:27:51	21.96	0.02	31	68076	买盘
11:27:42	21.94	-0.02	32	70208	卖盘
11:27:36	21.96	--	50	109800	买盘
11:27:31	21.96	--	10	21960	买盘
11:27:27	21.96	--	70	153720	买盘
11:27:21	21.96	--	0	0	中性盘
11:27:16	21.96	-0.01	24	52704	卖盘
11:27:12	21.97	0.01	17	37349	买盘
11:27:06	21.96	-0.01	21	46116	买盘
11:27:01	21.97	--	591	1298427	买盘
11:26:57	21.97	--	4	8788	买盘
11:26:51	21.97	--	2	4394	买盘
11:26:46	21.97	--	40	87880	卖盘
11:26:42	21.97	--	91	199927	卖盘
11:26:36	21.97	--	108	237276	买盘
11:26:31	21.97	--	18	39546	卖盘
11:26:27	21.97	--	20	43940	买盘
11:26:21	21.97	--	10	21970	买盘
11:26:16	21.97	--	137	300989	买盘
11:26:12	21.97	0.01	52	114244	买盘
11:26:06	21.96	-0.01	37	81252	卖盘
11:26:01	21.97	0.02	42	92274	买盘
11:25:57	21.95	-0.02	22	48290	卖盘
11:25:46	21.97	0.01	89	195533	中性盘
11:25:41	21.96	-0.01	66	144936	卖盘
11:25:31	21.97	0.01	73	160381	买盘
11:25:26	21.96	--	2	4392	卖盘
11:25:21	21.96	--	0	0	卖盘
11:25:16	21.96	-0.01	8	17568	卖盘
11:25:11	21.97	0.01	31	68107	买盘
11:25:06	21.96	--	34	74664	买盘
11:25:01	21.96	-0.01	963	2114748	卖盘
11:24:56	21.97	--	12	26364	卖盘
11:24:51	21.97	--	88	193336	买盘
11:24:46	21.97	0.01	14	30758	买盘
11:24:41	21.96	--	13	28548	卖盘
11:24:36	21.96	0.01	1	2196	中性盘
11:24:31	21.95	-0.01	33	72435	卖盘
11:24:26	21.96	--	1	2196	买盘
11:24:21	21.96	0.01	55	120780	买盘
11:24:16	21.95	--	70	153650	买盘
11:24:11	21.95	-0.03	80	175600	卖盘
11:24:06	21.98	0.02	6	13188	买盘
11:24:01	21.96	-0.03	31	68076	卖盘
11:23:56	21.99	0.02	367	807033	买盘
11:23:46	21.97	-0.02	40	87880	卖盘
11:23:41	21.99	0.01	158	347442	买盘
11:23:36	21.98	-0.01	82	180236	卖盘
11:23:30	21.99	--	64	140736	买盘
11:23:25	21.99	--	179	393621	买盘
11:23:21	21.99	-0.01	845	1859518	卖盘
11:23:15	22.0	-0.01	2	4400	卖盘
11:23:11	22.01	0.01	49	107849	中性盘
11:23:06	22.0	-0.01	60	132836	卖盘
11:23:00	22.01	0.01	34	74834	买盘
11:22:56	22.0	--	25	55000	买盘
11:22:51	22.0	-0.01	802	1764400	卖盘
11:22:45	22.01	0.01	16	35216	买盘
11:22:40	22.0	--	157	345400	卖盘
11:22:36	22.0	-0.01	52	114400	卖盘
11:22:30	22.01	-0.01	17	37417	买盘
11:22:25	22.02	0.02	70	154140	买盘
11:22:21	22.0	-0.01	44	96800	卖盘
11:22:15	22.01	--	23	50623	买盘
11:22:10	22.01	0.01	449	988249	买盘
11:22:06	22.0	--	105	231000	卖盘
11:22:00	22.0	--	46	101200	买盘
11:21:55	22.0	--	260	572000	买盘
11:21:51	22.0	--	174	382800	买盘
11:21:45	22.0	--	21	46200	买盘
11:21:40	22.0	--	251	552200	买盘
11:21:36	22.0	--	165	363000	买盘
11:21:30	22.0	--	118	259600	买盘
11:21:25	22.0	0.01	493	1084600	买盘
11:21:21	21.99	--	58	127541	卖盘
11:21:15	21.99	--	5	10995	卖盘
11:21:10	21.99	0.03	267	587133	买盘
11:21:06	21.96	0.01	17	37332	中性盘
11:21:00	21.95	-0.04	100	219500	卖盘
11:20:55	21.99	0.06	230	505769	买盘
11:20:51	21.93	-0.02	840	1842120	卖盘
11:20:40	21.95	--	106	232670	买盘
11:20:36	21.95	-0.02	351	770445	卖盘
11:20:30	21.97	0.01	26	57122	买盘
11:20:25	21.96	-0.01	76	166896	卖盘
11:20:21	21.97	0.01	10	21970	买盘
11:20:15	21.96	-0.01	13	28548	卖盘
11:20:10	21.97	--	65	142805	卖盘
11:20:06	21.97	--	58	127426	卖盘
11:20:00	21.97	--	13	28561	卖盘
11:19:55	21.97	--	61	134017	卖盘
11:19:51	21.97	-0.01	37	81289	卖盘
11:19:45	21.98	0.01	13	28574	买盘
11:19:40	21.97	--	48	105456	卖盘
11:19:30	21.97	--	1	2197	卖盘
11:19:25	21.97	--	23	50531	卖盘
11:19:20	21.97	--	69	151593	买盘
11:19:15	21.97	--	2	4394	买盘
11:19:10	21.97	--	7	15379	买盘
11:19:05	21.97	0.01	42	92274	买盘
11:19:00	21.96	-0.01	48	105408	卖盘
11:18:55	21.97	--	89	195533	买盘
11:18:50	21.97	--	208	456976	卖盘
11:18:40	21.97	--	94	206518	卖盘
11:18:35	21.97	--	86	188942	卖盘
11:18:30	21.97	0.02	42	92274	买盘
11:18:25	21.95	-0.01	15	32925	卖盘
11:18:20	21.96	--	104	228384	买盘
11:18:15	21.96	0.01	7	15372	买盘
11:18:10	21.95	-0.01	14	30730	中性盘
11:18:05	21.96	0.01	264	579744	买盘
11:18:00	21.95	--	244	535580	卖盘
11:17:55	21.95	--	37	81215	卖盘
11:17:50	21.95	-0.01	44	96580	卖盘
11:17:40	21.96	0.01	12	26352	买盘
11:17:35	21.95	0.02	175	384125	买盘
11:17:30	21.93	-0.01	7	15351	卖盘
11:17:25	21.94	--	10	21940	卖盘
11:17:20	21.94	--	66	144804	买盘
11:17:15	21.94	0.01	216	473904	买盘
11:17:10	21.93	--	3	6579	卖盘
11:17:00	21.93	0.01	109	239037	卖盘
11:16:50	21.92	--	0	0	卖盘
11:16:45	21.92	-0.03	5	10960	卖盘
11:16:35	21.95	-0.01	2	4390	中性盘
11:16:24	21.96	--	0	0	买盘
11:16:19	21.96	-0.02	13	28548	买盘
11:16:15	21.98	0.01	134	294532	买盘
11:16:04	21.97	--	125	274625	买盘
11:16:00	21.97	--	261	573417	卖盘
11:15:54	21.97	--	21	46137	买盘
11:15:49	21.97	-0.01	69	151593	中性盘
11:15:45	21.98	0.03	48	105504	买盘
11:15:39	21.95	--	7	15365	卖盘
11:15:34	21.95	-0.01	75	164625	卖盘
11:15:30	21.96	0.01	1	2196	买盘
11:15:24	21.95	--	7	15365	卖盘
11:15:19	21.95	--	28	61460	买盘
11:15:15	21.95	--	19	41705	买盘
11:15:04	21.95	0.02	80	175600	买盘
11:15:00	21.93	0.03	184	403512	买盘
11:14:54	21.9	--	1	2190	卖盘
11:14:49	21.9	--	32	70080	买盘
11:14:45	21.9	0.01	528	1156320	买盘
11:14:39	21.89	0.01	8	17512	买盘
11:14:34	21.88	-0.01	12	26256	卖盘
11:14:30	21.89	0.01	15	32835	买盘
11:14:24	21.88	--	17	37196	卖盘
11:14:15	21.88	--	20	43760	卖盘
11:14:00	21.88	--	65	142220	卖盘
11:13:49	21.88	--	147	321636	买盘
11:13:45	21.88	-0.01	17	37196	卖盘
11:13:39	21.89	0.01	5	10945	买盘
11:13:34	21.88	--	66	144408	卖盘
11:13:30	21.88	-0.01	87	190356	卖盘
11:13:24	21.89	--	15	32835	买盘
11:13:19	21.89	--	2	4378	买盘
11:13:15	21.89	--	20	43780	卖盘
11:13:09	21.89	-0.01	10	21890	卖盘
11:13:04	21.9	--	11	24090	买盘
11:12:59	21.9	--	10	21900	买盘
11:12:49	21.9	--	57	124829	卖盘
11:12:45	21.9	--	112	245279	卖盘
11:12:39	21.9	-0.01	35	76650	卖盘
11:12:34	21.91	--	3	6573	买盘
11:12:29	21.91	-0.01	165	361515	卖盘
11:12:24	21.92	-0.01	26	56992	卖盘
11:12:19	21.93	0.01	5	10965	买盘
11:12:14	21.92	-0.01	14	30688	卖盘
11:12:09	21.93	0.02	8	17544	买盘
11:12:04	21.91	-0.01	180	394380	卖盘
11:11:59	21.92	-0.01	48	105216	卖盘
11:11:54	21.93	0.01	3	6579	买盘
11:11:49	21.92	--	21	46032	卖盘
11:11:44	21.92	-0.01	2	4384	卖盘
11:11:39	21.93	--	1	2193	卖盘
11:11:34	21.93	--	8	17544	卖盘
11:11:29	21.93	0.01	10	21930	中性盘
11:11:24	21.92	--	47	103024	卖盘
11:11:19	21.92	--	99	217008	卖盘
11:11:14	21.92	-0.01	6	13152	卖盘
11:11:09	21.93	--	11	24123	买盘
11:11:04	21.93	--	37	81141	买盘
11:10:59	21.93	--	8	17544	买盘
11:10:54	21.93	-0.01	75	164475	卖盘
11:10:49	21.94	0.01	18	39492	买盘
11:10:44	21.93	--	45	98685	卖盘
11:10:39	21.93	--	30	65790	卖盘
11:10:34	21.93	--	19	41667	卖盘
11:10:29	21.93	0.01	236	517548	买盘
11:10:19	21.92	--	71	155632	卖盘
11:10:14	21.92	-0.01	16	35072	卖盘
11:10:09	21.93	0.01	29	63597	买盘
11:10:03	21.92	--	16	35072	卖盘
11:09:59	21.92	-0.01	166	363872	卖盘
11:09:54	21.93	-0.02	24	52632	卖盘
11:09:48	21.95	0.02	2	4390	买盘
11:09:44	21.93	-0.03	62	135966	卖盘
11:09:39	21.96	--	26	57096	卖盘
11:09:29	21.96	--	47	103212	卖盘
11:09:24	21.96	--	169	371124	买盘
11:09:13	21.96	--	127	278892	买盘
11:09:09	21.96	-0.01	40	87840	卖盘
11:09:03	21.97	0.01	45	98865	中性盘
11:08:58	21.96	-0.01	562	1234152	卖盘
11:08:54	21.97	--	40	87880	中性盘
11:08:48	21.97	-0.02	10	21970	买盘
11:08:43	21.99	0.02	96	211103	买盘
11:08:39	21.97	-0.02	18	39546	卖盘
11:08:28	21.99	--	82	180318	买盘
11:08:24	21.99	-0.01	101	222098	卖盘
11:08:18	22.0	--	57	125400	买盘
11:08:13	22.0	--	51	112200	买盘
11:08:09	22.0	-0.01	120	264000	中性盘
11:08:03	22.01	0.02	257	565657	买盘
11:07:58	21.99	--	54	118745	买盘
11:07:54	21.99	-0.01	28	61571	买盘
11:07:48	22.0	0.01	206	453200	买盘
11:07:43	21.99	-0.01	244	536556	卖盘
11:07:39	22.0	--	209	459800	买盘
11:07:33	22.0	0.01	226	497200	买盘
11:07:28	21.99	--	72	158328	卖盘
11:07:24	21.99	--	231	507968	买盘
11:07:18	21.99	-0.01	264	580536	卖盘
11:07:13	22.0	--	143	314600	卖盘
11:07:09	22.0	0.01	82	180400	买盘
11:07:03	21.99	--	10	21990	买盘
11:06:58	21.99	-0.01	23	50577	买盘
11:06:54	22.0	--	599	1317800	买盘
11:06:48	22.0	0.01	177	389400	买盘
11:06:43	21.99	--	561	1233639	买盘
11:06:39	21.99	0.02	93	204507	买盘
11:06:28	21.97	--	61	134017	卖盘
11:06:24	21.97	--	266	584402	买盘
11:06:18	21.97	0.01	100	219700	买盘
11:06:13	21.96	--	107	234972	卖盘
11:06:09	21.96	--	76	166896	卖盘
11:06:03	21.96	--	100	219600	卖盘
11:05:58	21.96	0.02	315	691740	买盘
11:05:54	21.94	--	27	59238	买盘
11:05:48	21.94	-0.01	8	17552	卖盘
11:05:43	21.95	0.02	31	68045	买盘
11:05:39	21.93	-0.04	2	4386	卖盘
11:05:33	21.97	0.01	9	19773	买盘
11:05:28	21.96	--	46	101016	买盘
11:05:23	21.96	--	22	48312	买盘
11:05:18	21.96	-0.02	74	162504	卖盘
11:05:13	21.98	-0.01	27	59346	卖盘
11:05:08	21.99	--	639	1405161	卖盘
11:05:03	21.99	-0.01	79	173721	卖盘
11:04:58	22.0	--	376	827200	卖盘
11:04:53	22.0	-0.02	620	1364000	卖盘
11:04:48	22.02	0.01	812	1788024	买盘
11:04:43	22.01	-0.01	1168	2570768	中性盘
11:04:38	22.02	--	233	513066	买盘
11:04:33	22.02	-0.01	218	480036	中性盘
11:04:28	22.03	-0.01	428	942884	中性盘
11:04:23	22.04	0.02	267	588468	买盘
11:04:18	22.02	--	36	79272	卖盘
11:04:13	22.02	-0.01	122	268644	中性盘
11:04:08	22.03	0.02	275	605825	买盘
11:04:03	22.01	--	57	125457	买盘
11:03:58	22.01	0.01	417	917817	买盘
11:03:53	22.0	-0.01	143	314600	卖盘
11:03:48	22.01	0.05	1125	2476125	买盘
11:03:43	21.96	-0.02	563	1236348	卖盘
11:03:38	21.98	-0.01	125	274750	中性盘
11:03:33	21.99	0.03	413	908186	中性盘
11:03:28	21.96	-0.02	257	564372	卖盘
11:03:23	21.98	0.02	374	822052	卖盘
11:03:18	21.96	0.01	3082	6768072	买盘
11:03:12	21.95	0.02	877	1925015	买盘
11:03:08	21.93	--	222	486846	买盘
11:03:03	21.93	--	4	8772	买盘
11:02:57	21.93	--	31	67983	买盘
11:02:53	21.93	0.02	238	521934	买盘
11:02:48	21.91	0.01	298	652918	买盘
11:02:42	21.9	0.03	721	1578990	买盘
11:02:38	21.87	-0.01	539	1178793	卖盘
11:02:33	21.88	0.01	490	1072120	买盘
11:02:27	21.87	--	20	43740	买盘
11:02:18	21.87	--	16	34992	买盘
11:02:12	21.87	0.03	267	583929	买盘
11:02:03	21.84	-0.04	12	26208	卖盘
11:01:52	21.88	0.04	537	1174956	买盘
11:01:48	21.84	-0.02	224	489216	卖盘
11:01:37	21.86	0.01	267	583662	买盘
11:01:33	21.85	0.02	306	668610	买盘
11:01:27	21.83	--	0	0	卖盘
11:01:22	21.83	--	14	30561	卖盘
11:01:18	21.83	--	123	268509	卖盘
11:01:12	21.83	--	236	515187	买盘
11:01:07	21.83	--	57	124430	买盘
11:01:03	21.83	--	61	133163	买盘
11:00:57	21.83	0.01	100	218299	买盘
11:00:52	21.82	0.01	17	37094	卖盘
11:00:48	21.81	--	0	0	卖盘
11:00:37	21.81	--	61	133041	卖盘
11:00:27	21.81	0.01	27	58887	买盘
11:00:22	21.8	-0.01	4	8720	买盘
11:00:18	21.81	0.01	26	56706	买盘
11:00:07	21.8	--	200	436000	买盘
11:00:03	21.8	-0.01	39	85020	卖盘
10:59:52	21.81	0.01	11	23991	买盘
10:59:48	21.8	-0.01	35	76300	卖盘
10:59:42	21.81	--	20	43620	买盘
10:59:37	21.81	--	12	26172	卖盘
10:59:33	21.81	--	41	89421	卖盘
10:59:27	21.81	--	40	87240	卖盘
10:59:22	21.81	--	65	141765	卖盘
10:59:18	21.81	0.01	54	117774	买盘
10:59:07	21.8	-0.01	106	231080	卖盘
10:59:03	21.81	--	37	80697	卖盘
10:58:52	21.81	--	25	54525	卖盘
10:58:48	21.81	-0.01	13	28353	卖盘
10:58:42	21.82	--	24	52368	买盘
10:58:37	21.82	--	83	181106	卖盘
10:58:32	21.82	--	91	198562	买盘
10:58:22	21.82	-0.01	10	21820	卖盘
10:58:17	21.83	--	11	24012	买盘
10:58:07	21.83	0.01	100	218299	买盘
10:58:02	21.82	--	20	43640	卖盘
10:57:57	21.82	--	8	17456	卖盘
10:57:52	21.82	--	8	17456	卖盘
10:57:47	21.82	-0.01	13	28366	卖盘
10:57:42	21.83	-0.01	8	17464	卖盘
10:57:37	21.84	0.01	8	17472	买盘
10:57:32	21.83	-0.01	6	13097	卖盘
10:57:22	21.84	0.01	31	67704	买盘
10:57:17	21.83	--	73	159359	卖盘
10:57:12	21.83	--	10	21830	卖盘
10:57:02	21.83	-0.02	58	126613	卖盘
10:56:42	21.85	0.01	12	26220	买盘
10:56:36	21.84	--	1	2184	卖盘
10:56:27	21.84	0.01	62	135408	卖盘
10:56:17	21.83	-0.02	12	26195	卖盘
10:56:12	21.85	0.02	40	87400	买盘
10:56:06	21.83	-0.02	10	21830	卖盘
10:56:01	21.85	0.02	102	222870	买盘
10:55:57	21.83	--	25	54574	卖盘
10:55:51	21.83	-0.01	21	45843	卖盘
10:55:46	21.84	0.01	52	113568	买盘
10:55:42	21.83	--	33	72039	卖盘
10:55:36	21.83	--	6	13097	卖盘
10:55:31	21.83	--	113	246678	卖盘
10:55:27	21.83	--	100	218299	卖盘
10:55:21	21.83	--	6	13097	买盘
10:55:16	21.83	0.01	41	89503	买盘
10:55:12	21.82	-0.01	32	69824	卖盘
10:55:01	21.83	--	11	24012	买盘
10:54:57	21.83	--	84	183372	买盘
10:54:51	21.83	0.01	13	28378	买盘
10:54:46	21.82	--	10	21820	卖盘
10:54:42	21.82	--	11	24002	卖盘
10:54:36	21.82	-0.01	5	10910	卖盘
10:54:31	21.83	0.01	2	4366	买盘
10:54:27	21.82	-0.01	46	100372	卖盘
10:54:21	21.83	0.01	28	61123	买盘
10:54:16	21.82	--	60	130920	卖盘
10:54:12	21.82	--	44	96008	买盘
10:54:01	21.82	-0.01	3	6546	卖盘
10:53:57	21.83	0.01	18	39294	买盘
10:53:51	21.82	--	6	13092	卖盘
10:53:46	21.82	--	28	61096	卖盘
10:53:42	21.82	-0.01	23	50186	卖盘
10:53:36	21.83	0.01	2	4366	买盘
10:53:31	21.82	-0.01	1	2182	卖盘
10:53:27	21.83	--	17	37111	卖盘
10:53:21	21.83	-0.01	3	6548	卖盘
10:53:16	21.84	--	16	34944	买盘
10:53:12	21.84	-0.01	249	543816	卖盘
10:53:06	21.85	0.01	25	54625	买盘
10:53:01	21.84	-0.01	30	65520	卖盘
10:52:57	21.85	--	62	135470	卖盘
10:52:51	21.85	--	16	34960	卖盘
10:52:46	21.85	--	62	135470	卖盘
10:52:42	21.85	-0.01	22	48070	卖盘
10:52:36	21.86	0.01	2	4372	买盘
10:52:31	21.85	--	2	4370	卖盘
10:52:27	21.85	--	100	218500	卖盘
10:52:16	21.85	-0.01	151	329935	卖盘
10:52:11	21.86	-0.01	44	96184	买盘
10:52:06	21.87	0.01	1	2187	买盘
10:52:01	21.86	--	128	279808	买盘
10:51:56	21.86	-0.01	71	155206	卖盘
10:51:51	21.87	--	10	21870	买盘
10:51:46	21.87	0.01	65	142155	买盘
10:51:41	21.86	-0.02	102	222972	中性盘
10:51:36	21.88	--	10	21880	买盘
10:51:31	21.88	0.01	72	157536	买盘
10:51:26	21.87	-0.02	92	201204	卖盘
10:51:21	21.89	0.01	134	293326	买盘
10:51:16	21.88	-0.01	157	343516	卖盘
10:51:11	21.89	0.02	286	626054	买盘
10:51:06	21.87	-0.02	433	946971	卖盘
10:51:01	21.89	0.01	404	884356	买盘
10:50:56	21.88	0.02	25	54700	买盘
10:50:51	21.86	--	57	124602	卖盘
10:50:46	21.86	-0.01	312	683409	卖盘
10:50:41	21.87	0.02	94	205578	买盘
10:50:36	21.85	--	22	48070	买盘
10:50:30	21.85	--	3	6555	买盘
10:50:26	21.85	-0.02	21	45885	中性盘
10:50:21	21.87	0.03	427	933849	买盘
10:50:16	21.84	0.01	58	126672	买盘
10:50:11	21.83	-0.02	18	39294	卖盘
10:50:06	21.85	--	70	152950	买盘
10:50:00	21.85	--	24	52440	买盘
10:49:56	21.85	-0.01	180	393300	卖盘
10:49:51	21.86	-0.01	60	131160	卖盘
10:49:45	21.87	--	63	137781	买盘
10:49:40	21.87	-0.02	56	122472	卖盘
10:49:36	21.89	0.01	31	67859	买盘
10:49:30	21.88	-0.02	52	113776	中性盘
10:49:26	21.9	0.02	279	611010	买盘
10:49:21	21.88	-0.02	447	978036	卖盘
10:49:15	21.9	--	12	26280	买盘
10:49:11	21.9	-0.01	310	678900	卖盘
10:49:06	21.91	0.01	310	679210	买盘
10:49:00	21.9	--	30	65700	买盘
10:48:55	21.9	-0.03	186	408150	卖盘
10:48:51	21.93	0.03	240	526320	买盘
10:48:45	21.9	--	131	286890	卖盘
10:48:40	21.9	0.03	1748	3829499	买盘
10:48:36	21.87	0.01	347	758889	买盘
10:48:30	21.86	0.01	41	89626	买盘
10:48:25	21.85	-0.01	124	270940	卖盘
10:48:21	21.86	0.06	340	743240	买盘
10:48:15	21.8	-0.05	34	74120	卖盘
10:48:10	21.85	0.05	509	1112165	买盘
10:48:06	21.8	--	136	296480	卖盘
10:48:00	21.8	0.05	559	1219513	买盘
10:47:55	21.75	-0.02	237	516780	卖盘
10:47:51	21.77	-0.01	38	82726	卖盘
10:47:45	21.78	0.01	10	21780	买盘
10:47:36	21.77	0.01	88	191576	买盘
10:47:30	21.76	0.01	16	34816	买盘
10:47:25	21.75	--	3	6525	卖盘
10:47:21	21.75	0.01	95	207495	买盘
10:47:15	21.74	--	11	23914	买盘
10:47:10	21.74	--	5	10870	买盘
10:47:06	21.74	0.01	2	4348	买盘
10:46:51	21.73	0.03	3	6519	卖盘
10:46:45	21.7	--	0	0	卖盘
10:46:40	21.7	-0.02	19	41230	卖盘
10:46:36	21.72	--	125	271500	买盘
10:46:30	21.72	0.02	6	13032	买盘
10:46:25	21.7	-0.03	18	39060	卖盘
10:46:21	21.73	0.02	3	6519	买盘
10:46:15	21.71	0.01	5	10855	买盘
10:46:10	21.7	-0.01	105	227850	卖盘
10:45:55	21.71	-0.02	26	56446	卖盘
10:45:51	21.73	0.03	8	17384	买盘
10:45:40	21.7	-0.03	13	28210	卖盘
10:45:30	21.73	--	5	10865	买盘
10:45:25	21.73	--	19	41287	卖盘
10:45:20	21.73	-0.01	38	82574	卖盘
10:45:15	21.74	--	3	6521	买盘
10:45:10	21.74	--	139	302186	买盘
10:45:05	21.74	--	20	43480	买盘
10:45:00	21.74	-0.01	10	21740	买盘
10:44:55	21.75	--	18	39150	买盘
10:44:50	21.75	0.01	34	73950	买盘
10:44:45	21.74	--	52	113047	买盘
10:44:40	21.74	--	37	80438	买盘
10:44:35	21.74	--	1	2174	买盘
10:44:30	21.74	-0.01	15	32609	卖盘
10:44:25	21.75	--	38	82650	买盘
10:44:20	21.75	--	33	71775	买盘
10:44:10	21.75	--	20	44805	卖盘
10:44:00	21.75	0.02	97	211845	买盘
10:43:55	21.73	-0.02	104	225992	卖盘
10:43:50	21.75	0.02	15	32625	买盘
10:43:45	21.73	-0.01	41	89093	卖盘
10:43:40	21.74	-0.01	21	45654	中性盘
10:43:35	21.75	0.03	71	154425	买盘
10:43:30	21.72	--	51	110772	卖盘
10:43:24	21.72	-0.03	56	121632	卖盘
10:43:20	21.75	--	10	21750	买盘
10:43:15	21.75	-0.01	33	71775	买盘
10:43:09	21.76	--	0	0	买盘
10:43:05	21.76	-0.01	2	4352	中性盘
10:43:00	21.77	--	11	23947	买盘
10:42:54	21.77	--	10	21770	买盘
10:42:50	21.77	-0.01	22	47894	中性盘
10:42:45	21.78	0.08	92	200376	买盘
10:42:39	21.7	-0.05	37	80290	卖盘
10:42:34	21.75	-0.05	68	147900	卖盘
10:42:30	21.8	--	139	303020	买盘
10:42:24	21.8	-0.03	56	123388	卖盘
10:42:19	21.83	0.03	82	179006	买盘
10:42:15	21.8	--	298	650512	买盘
10:42:04	21.8	0.05	302	658360	买盘
10:42:00	21.75	0.01	199	432825	买盘
10:41:54	21.74	0.04	217	472366	买盘
10:41:49	21.7	0.01	404	876680	买盘
10:41:45	21.69	0.03	528	1145232	买盘
10:41:39	21.66	--	2	4332	买盘
10:41:30	21.66	--	30	64980	买盘
10:41:24	21.66	--	40	86640	买盘
10:41:04	21.66	0.01	24	51984	买盘
10:41:00	21.65	--	5	10825	买盘
10:40:54	21.65	--	12	25980	买盘
10:40:49	21.65	--	10	21650	买盘
10:40:45	21.65	-0.01	14	30309	卖盘
10:40:39	21.66	--	9	19494	买盘
10:40:34	21.66	0.01	2	4332	买盘
10:40:30	21.65	--	8	17320	卖盘
10:40:19	21.65	-0.01	48	103920	卖盘
10:40:15	21.66	--	0	0	买盘
10:40:09	21.66	0.02	192	415872	买盘
10:40:04	21.64	--	57	123348	卖盘
10:40:00	21.64	--	4	8656	卖盘
10:39:54	21.64	0.01	29	62756	中性盘
10:39:49	21.63	--	5	10815	卖盘
10:39:45	21.63	0.01	7	15141	卖盘
10:39:30	21.62	--	0	0	卖盘
10:39:24	21.62	--	0	0	卖盘
10:39:19	21.62	--	49	105938	卖盘
10:39:14	21.62	-0.01	20	43240	卖盘
10:38:59	21.63	--	127	274701	买盘
10:38:54	21.63	0.01	15	32445	买盘
10:38:34	21.62	0.01	28	60536	买盘
10:38:29	21.61	-0.01	19	41059	卖盘
10:38:24	21.62	0.01	42	90804	买盘
10:38:19	21.61	--	11	23771	卖盘
10:38:14	21.61	--	32	69152	卖盘
10:38:04	21.61	-0.01	5	10805	卖盘
10:37:59	21.62	0.01	8	17296	买盘
10:37:49	21.61	--	3	6483	卖盘
10:37:34	21.61	--	1	2161	卖盘
10:37:29	21.61	--	11	23771	卖盘
10:37:19	21.61	-0.01	30	64830	卖盘
10:37:14	21.62	0.01	5	10810	买盘
10:37:09	21.61	--	7	15127	卖盘
10:37:04	21.61	-0.01	37	79957	卖盘
10:36:59	21.62	0.01	3	6486	买盘
10:36:54	21.61	--	10	21610	卖盘
10:36:44	21.61	-0.01	50	108050	卖盘
10:36:29	21.62	--	12	25944	卖盘
10:36:18	21.62	0.02	1	2162	买盘
10:36:13	21.6	-0.02	126	272160	卖盘
10:36:09	21.62	--	36	77832	卖盘
10:36:03	21.62	--	1	2162	买盘
10:35:58	21.62	--	9	19458	买盘
10:35:54	21.62	--	2	4324	卖盘
10:35:48	21.62	-0.01	1	2162	卖盘
10:35:43	21.63	--	3	6489	买盘
10:35:33	21.63	--	4	8652	买盘
10:35:24	21.63	-0.02	122	263886	卖盘
10:35:18	21.65	0.02	6	12990	卖盘
10:35:13	21.63	--	0	0	卖盘
10:35:09	21.63	-0.03	27	58401	卖盘
10:35:03	21.66	0.01	11	23826	买盘
10:34:58	21.65	--	8	17320	卖盘
10:34:54	21.65	--	1	2165	卖盘
10:34:48	21.65	--	3	6495	卖盘
10:34:39	21.65	--	10	21650	卖盘
10:34:33	21.65	--	5	10825	卖盘
10:34:28	21.65	--	44	95260	买盘
10:34:08	21.65	--	0	0	买盘
10:34:03	21.65	--	8	17320	买盘
10:33:48	21.65	0.02	5	10825	买盘
10:33:43	21.63	-0.02	2	4326	卖盘
10:33:38	21.65	--	61	132065	买盘
10:33:33	21.65	--	219	474134	卖盘
10:33:28	21.65	-0.01	1	2165	卖盘
10:33:24	21.66	--	88	190608	买盘
10:33:18	21.66	--	164	355224	卖盘
10:33:13	21.66	-0.01	2	4332	卖盘
10:33:09	21.67	--	3	6501	买盘
10:33:03	21.67	--	7	15169	买盘
10:32:58	21.67	-0.01	72	156024	卖盘
10:32:54	21.68	--	175	379400	买盘
10:32:43	21.68	--	27	58536	买盘
10:32:38	21.68	0.01	5	10840	买盘
10:32:33	21.67	--	21	45507	买盘
10:32:28	21.67	-0.01	39	84513	卖盘
10:32:23	21.68	0.01	14	30352	买盘
10:32:18	21.67	--	6	13002	卖盘
10:32:13	21.67	--	8	17336	卖盘
10:32:08	21.67	-0.01	14	30338	卖盘
10:32:03	21.68	--	15	32520	买盘
10:31:58	21.68	--	35	75880	买盘
10:31:48	21.68	0.01	14	30352	买盘
10:31:43	21.67	-0.01	85	184195	卖盘
10:31:38	21.68	0.01	11	23848	买盘
10:31:33	21.67	-0.01	8	17336	卖盘
10:31:28	21.68	--	31	67208	买盘
10:31:23	21.68	--	14	30352	买盘
10:31:13	21.68	--	15	32520	买盘
10:31:08	21.68	0.01	29	62872	买盘
10:31:03	21.67	-0.01	20	43340	卖盘
10:30:58	21.68	0.01	40	86720	买盘
10:30:53	21.67	-0.01	60	130020	卖盘
10:30:48	21.68	--	0	0	买盘
10:30:38	21.68	--	40	86720	买盘
10:30:33	21.68	--	13	28184	买盘
10:30:28	21.68	0.02	25	54200	卖盘
10:30:23	21.66	-0.02	110	238260	卖盘
10:30:18	21.68	--	1	2168	买盘
10:30:12	21.68	0.03	8	17344	买盘
10:30:08	21.65	--	201	435165	卖盘
10:29:52	21.65	--	121	261964	买盘
10:29:48	21.65	--	54	116909	买盘
10:29:42	21.65	--	107	231654	买盘
10:29:37	21.65	--	211	456814	买盘
10:29:33	21.65	--	369	798885	买盘
10:29:18	21.65	0.01	163	352895	买盘
10:29:07	21.64	0.01	7	15148	卖盘
10:29:03	21.63	--	45	97335	卖盘
10:28:57	21.63	--	124	268212	卖盘
10:28:52	21.63	--	48	103824	买盘
10:28:48	21.63	--	51	110313	买盘
10:28:42	21.63	0.01	38	82194	买盘
10:28:37	21.62	--	0	0	中性盘
10:28:33	21.62	0.01	100	216200	中性盘
10:28:22	21.61	-0.01	136	293896	卖盘
10:28:18	21.62	--	68	147016	买盘
10:28:12	21.62	0.01	118	255116	买盘
10:28:07	21.61	--	0	0	卖盘
10:28:03	21.61	--	10	21610	卖盘
10:27:57	21.61	-0.02	6	12966	卖盘
10:27:52	21.63	-0.01	9	19467	买盘
10:27:42	21.64	0.03	30	64920	买盘
10:27:37	21.61	-0.03	196	423556	卖盘
10:27:22	21.64	--	17	36788	买盘
10:27:18	21.64	--	10	21640	买盘
10:27:12	21.64	--	9	19476	卖盘
10:27:07	21.64	0.01	14	30296	买盘
10:27:02	21.63	-0.01	4	8652	卖盘
10:26:57	21.64	--	4	8656	买盘
10:26:52	21.64	--	106	229384	卖盘
10:26:48	21.64	--	1	2164	卖盘
10:26:42	21.64	--	4	8656	卖盘
10:26:37	21.64	-0.01	21	45444	卖盘
10:26:32	21.65	0.01	7	15154	买盘
10:26:27	21.64	-0.01	61	132004	卖盘
10:26:17	21.65	--	3	6495	买盘
10:26:12	21.65	--	0	0	买盘
10:26:07	21.65	0.01	20	43300	买盘
10:26:02	21.64	--	52	112528	卖盘
10:25:52	21.64	--	120	259680	卖盘
10:25:47	21.64	--	37	80068	卖盘
10:25:37	21.64	-0.01	5	10820	卖盘
10:25:32	21.65	0.01	31	67115	买盘
10:25:27	21.64	-0.01	6	12984	卖盘
10:25:22	21.65	--	12	25980	买盘
10:25:17	21.65	--	47	101755	买盘
10:25:12	21.65	--	58	125569	买盘
10:25:07	21.65	-0.03	91	197015	卖盘
10:25:02	21.68	0.01	93	201624	卖盘
10:24:57	21.67	0.02	81	175527	买盘
10:24:52	21.65	-0.03	252	545580	卖盘
10:24:47	21.68	0.01	10	21680	买盘
10:24:37	21.67	-0.02	12	26004	卖盘
10:24:32	21.69	0.02	8	17352	买盘
10:24:22	21.67	-0.02	20	43340	卖盘
10:24:17	21.69	--	56	121464	买盘
10:24:12	21.69	--	9	19521	买盘
10:24:07	21.69	--	5	10845	买盘
10:24:02	21.69	--	69	149661	卖盘
10:23:57	21.69	-0.01	27	58563	卖盘
10:23:52	21.7	0.01	31	67270	买盘
10:23:47	21.69	--	56	121464	卖盘
10:23:42	21.69	-0.01	20	43380	中性盘
10:23:32	21.7	0.01	129	279930	买盘
10:23:27	21.69	--	64	138816	卖盘
10:23:21	21.69	--	28	60732	卖盘
10:23:17	21.69	--	3	6507	买盘
10:23:12	21.69	--	37	80253	卖盘
10:23:01	21.69	--	58	125802	买盘
10:22:57	21.69	0.03	82	177858	买盘
10:22:51	21.66	-0.03	92	199272	卖盘
10:22:46	21.69	--	16	34704	买盘
10:22:42	21.69	0.01	36	78084	买盘
10:22:36	21.68	--	9	19512	卖盘
10:22:31	21.68	--	151	327368	买盘
10:22:27	21.68	0.02	56	121408	买盘
10:22:12	21.66	0.01	11	23826	买盘
10:21:51	21.65	--	47	101755	买盘
10:21:46	21.65	--	199	430835	买盘
10:21:42	21.65	--	73	158045	买盘
10:21:31	21.65	--	2	4330	买盘
10:21:27	21.65	0.01	5	10825	买盘
10:21:21	21.64	--	65	140660	卖盘
10:21:16	21.64	--	19	41116	买盘
10:21:12	21.64	--	11	23804	买盘
10:21:06	21.64	0.01	15	32460	买盘
10:20:56	21.63	0.01	5	10815	卖盘
10:20:51	21.62	--	216	466992	买盘
10:20:46	21.62	0.01	62	134044	买盘
10:20:42	21.61	--	5	10805	卖盘
10:20:31	21.61	0.01	5	10805	中性盘
10:20:26	21.6	0.01	41	88560	买盘
10:20:21	21.59	--	0	0	中性盘
10:20:16	21.59	--	177	382143	卖盘
10:20:11	21.59	-0.01	14	30226	卖盘
10:20:01	21.6	-0.01	218	470880	卖盘
10:19:56	21.61	--	76	164236	买盘
10:19:51	21.61	--	3	6483	买盘
10:19:46	21.61	--	13	28093	买盘
10:19:41	21.61	--	1	2161	买盘
10:19:36	21.61	--	37	79957	卖盘
10:19:31	21.61	--	9	19449	卖盘
10:19:26	21.61	-0.01	38	82118	卖盘
10:19:21	21.62	--	17	36754	买盘
10:19:16	21.62	--	9	19458	买盘
10:19:11	21.62	--	0	0	中性盘
10:19:06	21.62	-0.02	200	432400	卖盘
10:19:01	21.64	--	1	2164	买盘
10:18:51	21.64	0.02	5	10820	买盘
10:18:46	21.62	0.01	47	101614	买盘
10:18:41	21.61	-0.01	6	12966	卖盘
10:18:31	21.62	--	56	121072	买盘
10:18:26	21.62	--	13	28106	买盘
10:18:21	21.62	0.01	8	17296	买盘
10:18:16	21.61	-0.03	42	90762	卖盘
10:18:11	21.64	--	5	10820	买盘
10:18:01	21.64	--	8	17312	买盘
10:17:56	21.64	-0.01	97	209908	卖盘
10:17:51	21.65	0.01	10	21650	买盘
10:17:46	21.64	-0.01	20	43280	卖盘
10:17:31	21.65	0.01	11	23815	买盘
10:17:26	21.64	-0.01	55	119020	卖盘
10:17:21	21.65	0.01	65	140725	买盘
10:17:16	21.64	--	90	194760	卖盘
10:17:06	21.64	--	15	32460	卖盘
10:16:56	21.64	-0.01	27	58428	卖盘
10:16:51	21.65	--	10	21650	买盘
10:16:41	21.65	0.01	1	2165	买盘
10:16:36	21.64	-0.01	59	127676	卖盘
10:16:30	21.65	--	4	8660	卖盘
10:16:26	21.65	0.01	2	4330	卖盘
10:16:21	21.64	--	251	543164	卖盘
10:16:10	21.64	-0.01	205	443620	卖盘
10:16:06	21.65	0.01	10	21650	中性盘
10:16:00	21.64	-0.01	46	99544	卖盘
10:15:55	21.65	--	35	75775	买盘
10:15:51	21.65	0.01	1	2165	买盘
10:15:45	21.64	-0.01	2	4328	卖盘
10:15:40	21.65	--	2	4330	买盘
10:15:36	21.65	0.01	4	8660	买盘
10:15:30	21.64	--	59	127676	买盘
10:15:25	21.64	0.02	57	123348	买盘
10:15:21	21.62	-0.02	61	131882	卖盘
10:15:10	21.64	--	209	452276	买盘
10:15:00	21.64	--	1	2164	买盘
10:14:55	21.64	-0.01	63	136332	卖盘
10:14:51	21.65	--	1	2165	买盘
10:14:40	21.65	0.01	1	2165	买盘
10:14:30	21.64	--	3	6492	买盘
10:14:21	21.64	0.04	8	17312	买盘
10:14:10	21.6	--	0	0	卖盘
10:14:05	21.6	--	48	103680	卖盘
10:14:00	21.6	--	1	2160	卖盘
10:13:55	21.6	--	167	360720	买盘
10:13:50	21.6	--	300	648000	买盘
10:13:45	21.6	--	5	10800	买盘
10:13:40	21.6	0.01	10	21600	买盘
10:13:35	21.59	-0.01	4	8636	卖盘
10:13:30	21.6	--	11	23760	买盘
10:13:25	21.6	--	36	77760	买盘
10:13:20	21.6	--	46	99360	买盘
10:13:10	21.6	--	101	218160	买盘
10:13:05	21.6	0.01	50	108000	买盘
10:12:55	21.59	--	36	77724	卖盘
10:12:50	21.59	-0.01	41	88519	卖盘
10:12:45	21.6	--	95	205200	买盘
10:12:40	21.6	--	21	45360	买盘
10:12:35	21.6	--	10	21600	买盘
10:12:25	21.6	--	35	75600	买盘
10:12:20	21.6	--	20	43200	买盘
10:12:10	21.6	--	42	90720	买盘
10:12:05	21.6	--	64	138240	买盘
10:12:00	21.6	--	28	60480	买盘
10:11:55	21.6	--	24	51840	买盘
10:11:50	21.6	--	60	129600	买盘
10:11:45	21.6	--	2	4320	买盘
10:11:40	21.6	0.02	17	36720	买盘
10:11:35	21.58	-0.02	25	53949	卖盘
10:11:25	21.6	0.02	83	179280	买盘
10:11:20	21.58	--	3	6473	卖盘
10:11:10	21.58	--	1	2158	卖盘
10:11:05	21.58	--	4	8632	卖盘
10:11:00	21.58	-0.02	36	77688	买盘
10:10:55	21.6	0.02	208	449280	买盘
10:10:50	21.58	--	112	241695	卖盘
10:10:35	21.58	--	33	71214	买盘
10:10:30	21.58	-0.02	2	4316	买盘
10:10:24	21.6	--	0	0	买盘
10:10:20	21.6	0.02	46	99360	买盘
10:10:15	21.58	0.02	25	53949	买盘
10:10:09	21.56	-0.01	1	2156	卖盘
10:10:05	21.57	--	45	97065	买盘
10:10:00	21.57	0.01	17	36669	买盘
10:09:54	21.56	--	16	34496	卖盘
10:09:49	21.56	0.01	27	58212	卖盘
10:09:45	21.55	--	0	0	卖盘
10:09:39	21.55	-0.02	77	165935	卖盘
10:09:34	21.57	0.02	23	49611	买盘
10:09:30	21.55	--	0	0	买盘
10:09:19	21.55	0.01	11	23705	买盘
10:09:15	21.54	-0.03	803	1729662	卖盘
10:09:09	21.57	--	2	4314	买盘
10:09:04	21.57	0.02	6	13632	买盘
10:09:00	21.55	--	520	1120600	买盘
10:08:54	21.55	--	1	2155	买盘
10:08:49	21.55	--	55	118525	买盘
10:08:45	21.55	--	170	367815	卖盘
10:08:34	21.55	--	24	51720	卖盘
10:08:30	21.55	--	10	21550	卖盘
10:08:19	21.55	--	9	19395	卖盘
10:08:15	21.55	--	42	91199	买盘
10:08:04	21.55	--	29	62495	买盘
10:08:00	21.55	--	145	312475	买盘
10:07:54	21.55	--	3	6465	买盘
10:07:49	21.55	--	20	43100	买盘
10:07:44	21.55	-0.02	476	1027245	卖盘
10:07:39	21.57	0.02	12	25884	买盘
10:07:34	21.55	-0.03	159	343334	卖盘
10:07:29	21.58	0.02	5	10790	中性盘
10:07:19	21.56	--	0	0	卖盘
10:07:14	21.56	-0.02	129	278124	买盘
10:07:09	21.58	-0.02	33	71214	卖盘
10:07:04	21.6	0.05	3	6480	买盘
10:06:59	21.55	--	0	0	卖盘
10:06:54	21.55	-0.03	117	252135	卖盘
10:06:49	21.58	-0.05	31	66898	卖盘
10:06:39	21.63	--	4	8652	买盘
10:06:34	21.63	0.04	13	28119	买盘
10:06:29	21.59	-0.04	278	600202	卖盘
10:06:24	21.63	-0.01	105	227115	卖盘
10:06:19	21.64	--	100	216400	卖盘
10:06:14	21.64	--	21	45444	卖盘
10:06:09	21.64	--	70	151480	卖盘
10:06:04	21.64	0.01	4	8656	卖盘
10:05:59	21.63	--	25	54075	卖盘
10:05:54	21.63	--	14	30282	卖盘
10:05:49	21.63	-0.01	209	452067	卖盘
10:05:39	21.64	--	5	10820	买盘
10:05:34	21.64	--	10	21640	买盘
10:05:29	21.64	--	19	41116	买盘
10:05:19	21.64	-0.01	5	10820	卖盘
10:05:14	21.65	--	81	175365	买盘
10:05:09	21.65	--	10	21650	买盘
10:05:04	21.65	--	11	23815	买盘
10:04:59	21.65	--	4	8660	买盘
10:04:49	21.65	--	0	0	买盘
10:04:44	21.65	0.01	27	58454	买盘
10:04:39	21.64	-0.01	9	19476	卖盘
10:04:34	21.65	0.01	50	108250	买盘
10:04:24	21.64	0.03	6	12984	买盘
10:04:19	21.61	-0.02	47	101567	卖盘
10:04:14	21.63	-0.01	8	17304	买盘
10:04:09	21.64	0.01	7	15148	买盘
10:03:59	21.63	0.03	144	311472	买盘
10:03:54	21.6	-0.05	10	21600	卖盘
10:03:48	21.65	--	0	0	买盘
10:03:44	21.65	0.05	28	60619	买盘
10:03:39	21.6	0.04	91	196560	买盘
10:03:33	21.56	-0.03	186	401016	卖盘
10:03:28	21.59	--	26	56134	卖盘
10:03:24	21.59	--	134	289306	买盘
10:03:18	21.59	0.02	126	272034	买盘
10:03:13	21.57	--	2	4314	买盘
10:03:09	21.57	-0.01	20	43140	卖盘
10:03:03	21.58	--	2	4316	买盘
10:02:58	21.58	-0.01	2	4316	中性盘
10:02:54	21.59	--	6	12954	买盘
10:02:48	21.59	0.04	33	71247	买盘
10:02:43	21.55	--	23	49565	卖盘
10:02:39	21.55	-0.03	25	53875	卖盘
10:02:33	21.58	0.04	5	10790	买盘
10:02:28	21.54	--	46	99084	卖盘
10:02:24	21.54	--	0	0	卖盘
10:02:18	21.54	-0.04	116	249864	卖盘
10:02:13	21.58	--	17	36686	卖盘
10:02:09	21.58	--	76	164008	卖盘
10:02:03	21.58	0.03	80	172640	买盘
10:01:58	21.55	-0.01	109	234895	卖盘
10:01:54	21.56	--	3	6468	中性盘
10:01:48	21.56	--	18	38808	卖盘
10:01:43	21.56	-0.01	15	32339	卖盘
10:01:39	21.57	--	191	411987	买盘
10:01:33	21.57	0.02	138	297666	买盘
10:01:28	21.55	-0.01	125	269375	卖盘
10:01:24	21.56	--	281	605836	买盘
10:01:18	21.56	--	52	112112	卖盘
10:01:13	21.56	--	15	32339	卖盘
10:01:08	21.56	--	150	323400	卖盘
10:01:03	21.56	--	52	112112	卖盘
10:00:58	21.56	-0.02	27	58212	卖盘
10:00:53	21.58	0.02	24	51791	卖盘
10:00:48	21.56	--	0	0	卖盘
10:00:43	21.56	-0.02	231	498035	卖盘
10:00:38	21.58	--	44	94951	卖盘
10:00:28	21.58	--	167	360386	买盘
10:00:23	21.58	-0.01	6	12947	买盘
10:00:18	21.59	-0.01	15	32385	卖盘
10:00:13	21.6	--	31	66960	卖盘
10:00:08	21.6	0.05	21	45360	中性盘
10:00:03	21.55	-0.04	204	439620	卖盘
09:59:58	21.59	--	10	21590	卖盘
09:59:53	21.59	-0.01	46	99314	卖盘
09:59:48	21.6	--	11	23760	买盘
09:59:43	21.6	--	2	4320	买盘
09:59:38	21.6	--	321	693360	买盘
09:59:33	21.6	--	23	49680	买盘
09:59:28	21.6	0.01	25	54000	买盘
09:59:23	21.59	--	11	23749	买盘
09:59:18	21.59	-0.04	23	49657	卖盘
09:59:13	21.63	0.03	225	486675	买盘
09:59:08	21.6	--	70	151200	卖盘
09:59:03	21.6	-0.01	57	123120	卖盘
09:58:58	21.61	-0.04	30	64830	卖盘
09:58:53	21.65	0.05	69	149385	买盘
09:58:48	21.6	-0.05	18	38880	卖盘
09:58:43	21.65	0.05	33	71445	买盘
09:58:38	21.6	0.01	33	71280	卖盘
09:58:33	21.59	-0.01	10	21590	卖盘
09:58:28	21.6	-0.05	121	261360	卖盘
09:58:23	21.65	0.06	11	23815	买盘
09:58:18	21.59	-0.01	533	1150747	卖盘
09:58:13	21.6	--	295	637200	买盘
09:58:08	21.6	0.01	17	36720	买盘
09:58:03	21.59	--	5	10795	卖盘
09:57:58	21.59	0.01	99	213741	买盘
09:57:53	21.58	--	197	425125	买盘
09:57:48	21.58	--	28	60423	买盘
09:57:42	21.58	--	10	21580	买盘
09:57:38	21.58	-0.01	116	250327	卖盘
09:57:33	21.59	-0.01	190	410210	卖盘
09:57:27	21.6	--	6	12960	买盘
09:57:22	21.6	-0.02	172	371520	卖盘
09:57:18	21.62	-0.03	201	434562	卖盘
09:57:12	21.65	-0.01	55	119074	卖盘
09:57:07	21.66	0.01	51	110466	买盘
09:57:03	21.65	-0.01	20	43300	卖盘
09:56:57	21.66	-0.01	59	127794	卖盘
09:56:52	21.67	-0.01	52	112684	卖盘
09:56:48	21.68	0.03	111	240648	买盘
09:56:42	21.65	-0.01	6	12990	卖盘
09:56:37	21.66	-0.01	45	97470	卖盘
09:56:33	21.67	--	1	2167	买盘
09:56:22	21.67	-0.01	39	84513	卖盘
09:56:18	21.68	-0.02	181	392408	卖盘
09:56:12	21.7	0.01	7	15190	买盘
09:56:07	21.69	-0.01	101	219069	卖盘
09:56:03	21.7	-0.01	71	155068	卖盘
09:55:57	21.71	0.01	8	17368	买盘
09:55:52	21.7	--	127	275590	卖盘
09:55:47	21.7	-0.02	15	32550	卖盘
09:55:42	21.72	0.02	12	26064	买盘
09:55:37	21.7	-0.02	121	262570	卖盘
09:55:32	21.72	--	14	30408	卖盘
09:55:27	21.72	--	5	10860	卖盘
09:55:22	21.72	-0.02	23	49956	卖盘
09:55:18	21.74	0.02	188	408711	买盘
09:55:12	21.72	--	1	2172	买盘
09:55:07	21.72	--	13	28236	买盘
09:55:02	21.72	--	6	13032	买盘
09:54:57	21.72	0.01	1	2172	中性盘
09:54:52	21.71	-0.04	22	47762	卖盘
09:54:47	21.75	--	49	106575	买盘
09:54:42	21.75	0.02	27	58725	买盘
09:54:37	21.73	--	291	632343	买盘
09:54:32	21.73	-0.01	301	654073	卖盘
09:54:27	21.74	0.01	53	115221	卖盘
09:54:22	21.73	--	0	0	卖盘
09:54:17	21.73	--	52	112996	卖盘
09:54:12	21.73	--	2	4346	卖盘
09:54:07	21.73	0.01	35	76055	卖盘
09:54:02	21.72	--	6	13032	卖盘
09:53:57	21.72	--	17	38096	买盘
09:53:47	21.72	-0.01	166	361551	卖盘
09:53:42	21.73	0.01	148	321690	买盘
09:53:37	21.72	--	25	54300	卖盘
09:53:32	21.72	-0.01	208	452862	卖盘
09:53:22	21.73	--	156	338988	卖盘
09:53:17	21.73	-0.01	6	13038	卖盘
09:53:12	21.74	--	10	21740	买盘
09:53:07	21.74	0.01	41	89134	买盘
09:53:02	21.73	--	37	82487	卖盘
09:52:47	21.73	-0.04	48	104304	卖盘
09:52:37	21.77	0.02	169	367913	买盘
09:52:32	21.75	--	21	45675	卖盘
09:52:22	21.75	--	1	2175	卖盘
09:52:17	21.75	0.03	170	369837	买盘
09:52:12	21.72	0.01	7	15204	买盘
09:52:07	21.71	-0.01	127	275717	卖盘
09:52:02	21.72	--	42	91224	买盘
09:51:57	21.72	-0.01	63	138921	卖盘
09:51:52	21.73	-0.02	6	13038	买盘
09:51:47	21.75	0.03	9	19575	买盘
09:51:42	21.72	-0.01	86	186792	卖盘
09:51:32	21.73	--	4	8692	买盘
09:51:27	21.73	0.01	22	47806	买盘
09:51:16	21.72	--	13	28322	买盘
09:51:12	21.72	--	43	95481	卖盘
09:51:06	21.72	-0.01	50	108600	卖盘
09:51:01	21.73	0.01	4	8692	卖盘
09:50:57	21.72	-0.01	9	19548	卖盘
09:50:51	21.73	0.01	3	6605	买盘
09:50:46	21.72	--	16	34752	中性盘
09:50:42	21.72	--	2	4344	买盘
09:50:36	21.72	0.01	14	30408	买盘
09:50:31	21.71	--	16	34736	卖盘
09:50:27	21.71	--	128	277888	卖盘
09:50:16	21.71	-0.01	23	49933	卖盘
09:50:12	21.72	0.01	53	115116	买盘
09:50:06	21.71	-0.01	10	21710	卖盘
09:50:01	21.72	--	32	69504	卖盘
09:49:56	21.72	--	17	36924	卖盘
09:49:46	21.72	-0.01	44	95568	卖盘
09:49:41	21.73	0.01	53	115169	买盘
09:49:36	21.72	-0.01	30	65160	卖盘
09:49:31	21.73	--	55	119515	买盘
09:49:27	21.73	--	35	76055	买盘
09:49:21	21.73	--	7	15211	买盘
09:49:16	21.73	--	188	410610	卖盘
09:49:11	21.73	-0.02	36	78228	卖盘
09:49:06	21.75	0.02	33	71775	买盘
09:49:01	21.73	-0.02	62	134726	卖盘
09:48:56	21.75	-0.01	13	28275	买盘
09:48:51	21.76	--	2	4352	买盘
09:48:46	21.76	0.01	143	311168	买盘
09:48:41	21.75	--	61	132675	卖盘
09:48:36	21.75	0.02	21	45675	卖盘
09:48:31	21.73	--	0	0	卖盘
09:48:26	21.73	-0.03	34	73882	卖盘
09:48:21	21.76	-0.04	3	6528	中性盘
09:48:16	21.8	0.07	327	712860	买盘
09:48:11	21.73	--	0	0	卖盘
09:48:06	21.73	-0.03	245	532385	卖盘
09:48:01	21.76	-0.02	34	73984	卖盘
09:47:56	21.78	--	188	409464	买盘
09:47:51	21.78	0.01	10	21780	买盘
09:47:46	21.77	0.01	10	21770	买盘
09:47:41	21.76	-0.02	13	28288	卖盘
09:47:31	21.78	--	168	365904	卖盘
09:47:26	21.78	-0.01	58	126324	卖盘
09:47:21	21.79	--	32	69728	买盘
09:47:16	21.79	0.01	12	26148	买盘
09:47:11	21.78	-0.01	109	237402	卖盘
09:47:01	21.79	-0.02	9	19611	卖盘
09:46:51	21.81	--	17	37077	买盘
09:46:46	21.81	--	67	146127	卖盘
09:46:41	21.81	0.01	2	4362	卖盘
09:46:36	21.8	--	31	67580	卖盘
09:46:31	21.8	--	212	462160	卖盘
09:46:26	21.8	--	270	588600	卖盘
09:46:21	21.8	--	107	233260	卖盘
09:46:16	21.8	-0.01	19	41420	卖盘
09:46:06	21.81	-0.01	29	63248	中性盘
09:46:01	21.82	0.01	63	137466	买盘
09:45:56	21.81	-0.01	92	200652	卖盘
09:45:46	21.82	--	320	698240	卖盘
09:45:41	21.82	-0.01	157	342574	卖盘
09:45:36	21.83	--	76	165908	买盘
09:45:30	21.83	--	22	48025	买盘
09:45:26	21.83	--	10	21830	买盘
09:45:21	21.83	--	44	96051	买盘
09:45:15	21.83	0.01	8	17464	买盘
09:45:10	21.82	--	33	72006	卖盘
09:45:05	21.82	--	75	163650	买盘
09:44:55	21.82	0.01	27	58914	买盘
09:44:50	21.81	--	125	272625	买盘
09:44:40	21.81	0.01	14	30534	买盘
09:44:36	21.8	--	10	21800	卖盘
09:44:25	21.8	--	154	335720	买盘
09:44:20	21.8	--	246	536280	买盘
09:44:15	21.8	--	28	61040	买盘
09:44:10	21.8	0.01	10	21800	买盘
09:44:06	21.79	0.01	268	584277	买盘
09:44:00	21.78	--	13	28314	卖盘
09:43:55	21.78	--	107	233046	卖盘
09:43:50	21.78	0.02	200	435600	买盘
09:43:45	21.76	-0.01	10	21760	卖盘
09:43:40	21.77	0.01	134	291718	买盘
09:43:35	21.76	0.01	57	124032	买盘
09:43:30	21.75	--	27	58725	卖盘
09:43:25	21.75	--	7	15225	卖盘
09:43:20	21.75	-0.01	14	30450	卖盘
09:43:15	21.76	--	5	10880	买盘
09:43:10	21.76	-0.01	107	232832	卖盘
09:43:05	21.77	-0.01	5	10885	卖盘
09:43:00	21.78	0.01	9	19602	买盘
09:42:55	21.77	0.01	55	119735	中性盘
09:42:50	21.76	-0.01	460	1000960	卖盘
09:42:40	21.77	--	1	2177	卖盘
09:42:35	21.77	--	141	306957	买盘
09:42:30	21.77	0.01	15	32655	买盘
09:42:25	21.76	--	1	2176	卖盘
09:42:20	21.76	-0.02	318	691968	卖盘
09:42:10	21.78	--	97	211266	卖盘
09:42:05	21.78	--	12	26136	卖盘
09:42:00	21.78	0.01	16	34848	中性盘
09:41:55	21.77	--	21	45717	卖盘
09:41:50	21.77	-0.01	108	235116	卖盘
09:41:45	21.78	--	5	10890	买盘
09:41:40	21.78	-0.01	131	287191	卖盘
09:41:35	21.79	--	4	8716	买盘
09:41:30	21.79	0.01	48	104592	中性盘
09:41:25	21.78	-0.02	135	294334	卖盘
09:41:20	21.8	--	22	47960	买盘
09:41:15	21.8	--	3	6540	买盘
09:41:10	21.8	0.01	123	268140	买盘
09:41:05	21.79	--	51	111129	卖盘
09:41:00	21.79	-0.01	20	43580	卖盘
09:40:55	21.8	--	10	21800	买盘
09:40:50	21.8	--	20	43600	买盘
09:40:40	21.8	0.01	32	69760	买盘
09:40:35	21.79	0.02	28	61012	中性盘
09:40:30	21.77	--	44	95788	卖盘
09:40:25	21.77	--	3	6531	卖盘
09:40:20	21.77	0.01	17	37009	买盘
09:40:15	21.76	-0.01	89	193664	卖盘
09:40:10	21.77	0.02	226	492002	买盘
09:40:05	21.75	-0.01	139	302325	卖盘
09:40:00	21.76	--	16	34816	卖盘
09:39:55	21.76	-0.01	36	78336	卖盘
09:39:50	21.77	--	6	13062	买盘
09:39:45	21.77	-0.03	286	622622	卖盘
09:39:40	21.8	-0.01	143	311740	卖盘
09:39:35	21.81	-0.01	62	135222	卖盘
09:39:30	21.82	-0.01	74	163344	卖盘
09:39:24	21.83	--	24	52391	卖盘
09:39:20	21.83	0.01	98	213933	中性盘
09:39:15	21.82	-0.01	218	475676	卖盘
09:39:09	21.83	0.01	18	39294	买盘
09:39:04	21.82	-0.02	53	115646	卖盘
09:38:59	21.84	--	220	480480	买盘
09:38:54	21.84	-0.01	90	196560	买盘
09:38:49	21.85	0.01	31	67735	买盘
09:38:44	21.84	--	107	233688	卖盘
09:38:39	21.84	-0.01	60	131040	卖盘
09:38:34	21.85	--	64	139840	买盘
09:38:29	21.85	--	197	430445	卖盘
09:38:24	21.85	--	44	96140	卖盘
09:38:19	21.85	--	120	262505	买盘
09:38:14	21.85	0.02	157	343045	买盘
09:38:09	21.83	-0.01	100	218299	卖盘
09:38:04	21.84	-0.01	51	111384	卖盘
09:37:59	21.85	0.01	93	203205	买盘
09:37:54	21.84	--	107	233688	买盘
09:37:49	21.84	--	29	63336	买盘
09:37:44	21.84	0.01	97	211848	买盘
09:37:34	21.83	0.01	26	56757	买盘
09:37:29	21.82	--	61	133102	卖盘
09:37:24	21.82	-0.02	57	124374	卖盘
09:37:19	21.84	0.02	343	749112	买盘
09:37:14	21.82	--	90	196380	卖盘
09:37:09	21.82	--	33	72006	卖盘
09:37:04	21.82	--	60	130920	卖盘
09:36:59	21.82	0.01	30	65460	买盘
09:36:54	21.81	--	21	45801	卖盘
09:36:49	21.81	0.02	16	34896	卖盘
09:36:44	21.79	-0.04	163	355177	卖盘
09:36:39	21.83	0.01	101	220482	买盘
09:36:34	21.82	0.03	182	397124	买盘
09:36:29	21.79	--	6	13074	卖盘
09:36:24	21.79	-0.01	6	13074	卖盘
09:36:19	21.8	0.04	92	200560	买盘
09:36:14	21.76	-0.03	206	450127	卖盘
09:36:09	21.79	0.03	39	84981	买盘
09:36:04	21.76	-0.01	27	58752	卖盘
09:35:59	21.77	-0.01	17	37009	中性盘
09:35:54	21.78	0.02	13	28314	买盘
09:35:49	21.76	-0.04	68	147968	卖盘
09:35:44	21.8	0.04	116	253185	买盘
09:35:39	21.76	--	7	15232	卖盘
09:35:34	21.76	-0.04	64	139264	卖盘
09:35:29	21.8	0.04	122	265960	中性盘
09:35:24	21.76	-0.04	296	644096	卖盘
09:35:19	21.8	--	175	381500	买盘
09:35:14	21.8	--	64	139520	买盘
09:35:09	21.8	--	24	52320	买盘
09:35:04	21.8	--	53	115540	买盘
09:34:59	21.8	-0.02	49	106820	卖盘
09:34:54	21.82	--	46	100372	买盘
09:34:49	21.82	--	137	298934	卖盘
09:34:44	21.82	--	70	152740	卖盘
09:34:39	21.82	0.05	10	21820	中性盘
09:34:34	21.77	-0.03	281	611737	卖盘
09:34:29	21.8	0.04	278	606040	买盘
09:34:24	21.76	--	30	65280	卖盘
09:34:19	21.76	--	52	113152	卖盘
09:34:14	21.76	0.03	67	145792	买盘
09:34:09	21.73	--	0	0	卖盘
09:34:04	21.73	-0.02	8	17470	卖盘
09:33:59	21.75	0.04	64	139200	买盘
09:33:54	21.71	-0.01	7	15197	卖盘
09:33:49	21.72	0.02	15	32580	买盘
09:33:44	21.7	--	135	292950	买盘
09:33:39	21.7	0.01	159	345030	买盘
09:33:34	21.69	--	292	633348	买盘
09:33:29	21.69	0.01	83	180027	买盘
09:33:24	21.68	0.01	26	56368	买盘
09:33:18	21.67	--	15	32505	卖盘
09:33:14	21.67	0.01	15	32505	中性盘
09:33:09	21.66	-0.01	199	431034	卖盘
09:33:03	21.67	--	15	32505	买盘
09:32:58	21.67	--	102	221034	买盘
09:32:54	21.67	--	10	21670	买盘
09:32:48	21.67	--	50	108350	买盘
09:32:43	21.67	--	24	52008	买盘
09:32:38	21.67	--	19	41173	买盘
09:32:33	21.67	--	4	8668	买盘
09:32:28	21.67	0.06	43	93181	买盘
09:32:23	21.61	-0.06	32	69152	中性盘
09:32:18	21.67	--	5	10835	买盘
09:32:13	21.67	-0.01	24	52008	买盘
09:32:08	21.68	--	0	0	买盘
09:32:03	21.68	0.09	8	17344	买盘
09:31:58	21.59	-0.09	52	112268	卖盘
09:31:53	21.68	0.09	20	43360	买盘
09:31:48	21.59	--	2	4318	卖盘
09:31:43	21.59	-0.06	13	28067	卖盘
09:31:38	21.65	--	10	21650	卖盘
09:31:33	21.65	0.06	247	534755	买盘
09:31:28	21.59	--	16	34544	买盘
09:31:23	21.59	0.01	15	32385	买盘
09:31:18	21.58	-0.01	61	131638	卖盘
09:31:13	21.59	--	2	4318	卖盘
09:31:08	21.59	--	75	161925	买盘
09:30:58	21.59	--	10	21590	买盘
09:30:53	21.59	--	4	8636	中性盘
09:30:48	21.59	--	28	60452	卖盘
09:30:43	21.59	--	17	36703	卖盘
09:30:38	21.59	--	15	32385	卖盘
09:30:33	21.59	0.05	44	94996	买盘
09:30:28	21.54	-0.02	48	103392	卖盘
09:30:23	21.56	0.01	15	32339	买盘
09:30:13	21.55	-0.04	38	81890	卖盘
09:30:08	21.59	0.04	220	474980	买盘
09:30:03	21.55	-0.04	40	86200	卖盘
09:28:45	21.59	--	0	0	买盘
09:25:06	21.59	21.59	117	252603	买盘
