成交时间	成交价	价格变动	成交量(手)	成交额(元)	性质
15:00:00	4.52	--	0	0	买盘
15:00:00	4.52	--	0	0	买盘
14:59:58	4.52	--	15	6779	买盘
14:59:52	4.52	--	203	91755	卖盘
14:59:47	4.52	-0.01	25	11299	中性盘
14:59:43	4.53	0.02	50	22650	买盘
14:59:37	4.51	-0.01	524	236324	卖盘
14:59:33	4.52	-0.01	202	91303	卖盘
14:59:28	4.53	0.01	63	28539	买盘
14:59:22	4.52	-0.01	20	9040	卖盘
14:59:18	4.53	0.01	50	22650	买盘
14:59:12	4.52	--	180	81359	卖盘
14:58:57	4.52	--	30	13559	中性盘
14:58:51	4.52	--	205	92659	买盘
14:58:48	4.52	--	126	56951	买盘
14:58:42	4.52	--	2	903	买盘
14:58:37	4.52	--	3	1355	买盘
14:58:33	4.52	--	10	4520	买盘
14:58:27	4.52	--	365	164979	卖盘
14:58:22	4.52	--	8	3615	卖盘
14:58:18	4.52	--	129	58307	卖盘
14:58:06	4.52	--	115	51979	买盘
14:58:02	4.52	--	400	180799	卖盘
14:57:57	4.52	--	280	126559	买盘
14:57:52	4.52	--	121	54691	买盘
14:57:47	4.52	--	105	47459	买盘
14:57:42	4.52	--	65	29379	买盘
14:57:37	4.52	--	143	64635	买盘
14:57:32	4.52	--	32	14463	买盘
14:57:27	4.52	--	45	20339	买盘
14:57:22	4.52	--	1475	666699	卖盘
14:57:17	4.52	--	25	11299	卖盘
14:57:12	4.52	--	450	203399	卖盘
14:57:07	4.52	-0.01	21	9492	卖盘
14:57:02	4.53	0.01	253	114609	买盘
14:56:57	4.52	--	55	24859	卖盘
14:56:52	4.52	--	8	3615	卖盘
14:56:47	4.52	0.01	417	188483	买盘
14:56:42	4.51	-0.01	45	20295	卖盘
14:56:37	4.52	--	6	2711	买盘
14:56:32	4.52	--	370	167239	买盘
14:56:21	4.52	--	603	272556	买盘
14:56:16	4.52	--	10	4520	买盘
14:56:12	4.52	0.01	3282	1483463	买盘
14:56:06	4.51	--	10	4510	卖盘
14:55:57	4.51	-0.01	84	37884	卖盘
14:55:52	4.52	--	704	318207	买盘
14:55:46	4.52	0.01	10	4520	买盘
14:55:42	4.51	--	29	13079	卖盘
14:55:37	4.51	-0.01	20	9020	卖盘
14:55:30	4.52	--	218	98535	买盘
14:55:27	4.52	--	71	32091	买盘
14:55:22	4.52	--	532	240463	买盘
14:55:15	4.52	0.01	115	51979	买盘
14:54:52	4.51	-0.01	3	1353	卖盘
14:54:46	4.52	0.01	37	16724	买盘
14:54:37	4.51	--	32	14432	卖盘
14:54:31	4.51	-0.01	1	451	卖盘
14:54:22	4.52	--	200	90399	买盘
14:54:11	4.52	0.01	8	3615	买盘
14:54:07	4.51	-0.01	8	3608	卖盘
14:54:01	4.52	--	696	314591	买盘
14:53:56	4.52	--	458	207015	买盘
14:53:51	4.52	--	12	5423	买盘
14:53:42	4.52	0.01	285	128819	买盘
14:53:37	4.51	--	61	27511	卖盘
14:53:27	4.51	--	5	2255	卖盘
14:53:22	4.51	-0.01	28	12628	卖盘
14:53:16	4.52	--	165	74580	买盘
14:53:12	4.52	0.01	136	61471	买盘
14:53:06	4.51	--	54	24354	卖盘
14:53:01	4.51	-0.01	5	2255	卖盘
14:52:57	4.52	0.01	3	1355	买盘
14:52:52	4.51	--	3	1353	卖盘
14:52:46	4.51	-0.01	3	1353	卖盘
14:52:42	4.52	--	18	8135	买盘
14:52:27	4.52	0.01	56	25311	买盘
14:52:22	4.51	-0.01	10	4510	卖盘
14:52:11	4.52	0.01	3	1355	买盘
14:52:06	4.51	-0.01	226	101926	卖盘
14:52:01	4.52	--	40	18080	买盘
14:51:56	4.52	0.01	60	27119	买盘
14:51:51	4.51	--	23	10373	卖盘
14:51:36	4.51	--	95	42845	卖盘
14:51:31	4.51	--	400	180400	卖盘
14:51:26	4.51	-0.01	10	4510	卖盘
14:51:15	4.52	--	100	45199	买盘
14:51:11	4.52	--	172	77743	买盘
14:51:06	4.52	--	22	9943	买盘
14:51:00	4.52	0.01	150	67800	买盘
14:50:56	4.51	--	10	4510	卖盘
14:50:51	4.51	--	38	17138	卖盘
14:50:41	4.51	-0.01	300	135300	卖盘
14:50:36	4.52	--	21	9492	买盘
14:50:26	4.52	0.01	2	903	买盘
14:50:21	4.51	-0.01	1000	451000	卖盘
14:50:16	4.52	0.01	286	129271	买盘
14:50:11	4.51	--	23	10373	卖盘
14:50:06	4.51	--	5	2255	卖盘
14:50:00	4.51	-0.01	33	14883	卖盘
14:49:56	4.52	0.01	115	51979	买盘
14:49:51	4.51	--	51	23001	卖盘
14:49:41	4.51	--	10	4510	卖盘
14:49:36	4.51	-0.01	89	40139	卖盘
14:49:10	4.52	--	43	19435	买盘
14:48:50	4.52	--	60	27119	买盘
14:48:46	4.52	--	3	1355	买盘
14:48:40	4.52	0.01	18	8135	买盘
14:48:20	4.51	-0.01	149	67199	卖盘
14:48:10	4.52	--	3	1355	买盘
14:48:06	4.52	0.01	168	75936	买盘
14:48:00	4.51	-0.01	7	3157	卖盘
14:47:50	4.52	--	128	57855	买盘
14:47:45	4.52	0.01	32	14463	买盘
14:47:21	4.51	-0.01	51	23001	卖盘
14:47:15	4.52	--	20	9040	买盘
14:47:10	4.52	--	3	1355	买盘
14:47:06	4.52	--	7	3163	买盘
14:46:50	4.52	--	164	74128	买盘
14:46:45	4.52	--	119	53787	买盘
14:46:31	4.52	--	2	903	买盘
14:46:25	4.52	--	19	8588	买盘
14:46:10	4.52	--	3	1355	买盘
14:46:05	4.52	0.01	5	2260	买盘
14:46:00	4.51	--	17	7667	卖盘
14:45:55	4.51	--	50	22550	卖盘
14:45:50	4.51	-0.01	25	11275	卖盘
14:45:46	4.52	0.01	2	903	买盘
14:45:39	4.51	--	1	451	卖盘
14:45:30	4.51	--	6	2706	卖盘
14:45:25	4.51	-0.01	1	451	卖盘
14:45:21	4.52	0.01	59	26667	买盘
14:45:16	4.51	-0.01	83	37433	卖盘
14:45:10	4.52	--	8	3615	买盘
14:45:06	4.52	0.01	7	3163	买盘
14:44:50	4.51	--	100	45100	卖盘
14:44:45	4.51	--	140	63140	卖盘
14:44:30	4.51	-0.01	10	4510	卖盘
14:44:25	4.52	--	500	225999	买盘
14:44:20	4.52	--	52	23503	买盘
14:44:15	4.52	0.01	4	1807	买盘
14:44:05	4.51	--	258	116358	卖盘
14:44:00	4.51	-0.01	485	218735	卖盘
14:43:45	4.52	0.01	316	142832	买盘
14:43:40	4.51	--	158	71258	卖盘
14:43:35	4.51	--	33	14883	卖盘
14:43:30	4.51	--	200	90200	卖盘
14:43:25	4.51	--	584	263384	买盘
14:43:20	4.51	0.01	119	53669	买盘
14:43:15	4.5	-0.01	188	84600	卖盘
14:43:09	4.51	--	23	10373	买盘
14:43:05	4.51	--	122	55022	买盘
14:42:59	4.51	--	292	131692	卖盘
14:42:54	4.51	--	18	8118	卖盘
14:42:39	4.51	--	244	110044	买盘
14:42:33	4.51	--	40	18040	买盘
14:42:29	4.51	--	498	224598	买盘
14:42:24	4.51	--	209	94259	买盘
14:42:15	4.51	--	505	227755	买盘
14:42:10	4.51	--	10	4510	买盘
14:41:55	4.51	--	181	81631	买盘
14:41:49	4.51	--	2	902	买盘
14:41:45	4.51	--	105	47355	买盘
14:41:39	4.51	--	11	4961	买盘
14:41:33	4.51	--	50	22550	买盘
14:41:30	4.51	--	78	35178	卖盘
14:41:18	4.51	--	50	22550	买盘
14:41:15	4.51	-0.01	127	57277	卖盘
14:41:09	4.52	0.02	13	5875	买盘
14:41:04	4.5	-0.01	372	167400	卖盘
14:40:44	4.51	--	152	68552	买盘
14:40:40	4.51	-0.01	2884	1300684	卖盘
14:40:33	4.52	--	50	22599	买盘
14:40:29	4.52	0.01	137	61923	买盘
14:40:25	4.51	--	198	89298	卖盘
14:40:18	4.51	-0.01	60	27060	卖盘
14:40:15	4.52	--	18	8135	买盘
14:40:10	4.52	0.01	4	1807	买盘
14:40:04	4.51	-0.01	18	8118	卖盘
14:40:00	4.52	0.01	602	272104	买盘
14:39:54	4.51	--	155	69905	卖盘
14:39:44	4.51	--	762	343662	卖盘
14:39:40	4.51	--	210	94710	卖盘
14:39:29	4.51	--	78	35178	卖盘
14:39:15	4.51	-0.01	3000	1353000	卖盘
14:39:10	4.52	0.01	178	80455	买盘
14:39:03	4.51	--	15	6765	卖盘
14:39:00	4.51	-0.01	15	6765	卖盘
14:38:55	4.52	--	20	9040	买盘
14:38:48	4.52	--	8	3615	买盘
14:38:44	4.52	--	1194	539688	卖盘
14:38:40	4.52	--	657	296964	卖盘
14:38:34	4.52	--	800	361599	卖盘
14:38:30	4.52	-0.01	34	15367	卖盘
14:38:24	4.53	0.01	48	21744	买盘
14:38:18	4.52	--	30	13559	卖盘
14:38:14	4.52	--	1010	456519	卖盘
14:38:09	4.52	--	15	6779	卖盘
14:38:03	4.52	-0.01	90	40679	卖盘
14:37:59	4.53	0.01	64	28992	买盘
14:37:54	4.52	--	250	112999	卖盘
14:37:44	4.52	--	1269	573588	卖盘
14:37:39	4.52	-0.01	482	217863	卖盘
14:37:33	4.53	0.01	4	1812	买盘
14:37:29	4.52	--	680	307360	卖盘
14:37:24	4.52	--	1535	693819	卖盘
14:37:14	4.52	--	70	31639	卖盘
14:37:09	4.52	--	506	228711	卖盘
14:37:04	4.52	-0.01	10	4520	卖盘
14:36:59	4.53	0.01	1065	482445	买盘
14:36:54	4.52	--	20	9040	卖盘
14:36:49	4.52	--	1	451	卖盘
14:36:29	4.52	--	225	101699	卖盘
14:36:14	4.52	-0.01	133	60115	卖盘
14:36:08	4.53	0.01	4	1812	买盘
14:35:54	4.52	--	73	32996	卖盘
14:35:48	4.52	-0.01	17	7683	卖盘
14:35:33	4.53	0.01	71	32163	买盘
14:35:23	4.52	--	40	18080	卖盘
14:35:19	4.52	--	3	1355	卖盘
14:35:13	4.52	-0.01	8	3615	卖盘
14:35:08	4.53	0.01	8	3624	买盘
14:35:03	4.52	--	27	12203	卖盘
14:34:57	4.52	-0.01	15	6779	卖盘
14:34:54	4.53	0.01	20	9060	买盘
14:34:48	4.52	--	40	18080	卖盘
14:34:42	4.52	-0.01	2	903	卖盘
14:34:33	4.53	--	10	4530	买盘
14:34:28	4.53	--	776	351528	买盘
14:34:23	4.53	--	2	906	买盘
14:34:12	4.53	--	53	24009	买盘
14:34:09	4.53	--	3	1359	买盘
14:33:57	4.53	--	2	906	买盘
14:33:54	4.53	0.01	1	453	买盘
14:33:38	4.52	-0.01	24	10847	卖盘
14:33:33	4.53	0.01	17	7701	买盘
14:33:18	4.52	-0.01	1	451	卖盘
14:33:09	4.53	--	546	247338	买盘
14:33:03	4.53	--	14	6342	买盘
14:32:42	4.53	0.01	11	4983	买盘
14:32:39	4.52	-0.01	7	3163	卖盘
14:32:24	4.53	--	133	60249	买盘
14:32:18	4.53	--	10	4530	买盘
14:32:12	4.53	--	9	4077	买盘
14:32:09	4.53	--	64	28992	买盘
14:32:03	4.53	--	2	906	买盘
14:31:57	4.53	--	10	4530	买盘
14:31:53	4.53	0.01	153	69309	买盘
14:31:43	4.52	-0.01	6	2711	卖盘
14:31:38	4.53	0.01	2	906	买盘
14:31:33	4.52	--	50	22599	卖盘
14:31:28	4.52	-0.01	250	112999	卖盘
14:31:18	4.53	--	3	1359	买盘
14:31:13	4.53	--	400	181200	买盘
14:31:08	4.53	--	3	1359	买盘
14:31:03	4.53	0.01	92	41676	买盘
14:30:57	4.52	-0.01	34	15367	卖盘
14:30:28	4.53	--	47	21291	买盘
14:30:23	4.53	0.01	1	453	买盘
14:30:12	4.52	-0.01	10	4520	卖盘
14:30:08	4.53	0.01	3	1359	买盘
14:30:03	4.52	--	13	5875	卖盘
14:29:53	4.52	--	30	13559	卖盘
14:29:32	4.52	--	5	2260	卖盘
14:29:18	4.52	-0.01	5	2260	卖盘
14:29:12	4.53	--	3	1359	买盘
14:29:03	4.53	--	30	13590	买盘
14:28:57	4.53	0.01	11	4983	买盘
14:28:47	4.52	--	10	4520	卖盘
14:28:43	4.52	--	8	3615	卖盘
14:28:27	4.52	--	100	45199	卖盘
14:28:17	4.52	-0.01	7	3163	卖盘
14:28:12	4.53	--	17	7701	买盘
14:28:02	4.53	0.01	351	159003	买盘
14:27:57	4.52	-0.01	1	451	卖盘
14:27:47	4.53	0.01	10	4530	买盘
14:27:36	4.52	-0.01	60	27119	卖盘
14:27:27	4.53	--	19	8607	买盘
14:27:21	4.53	--	3	1359	买盘
14:27:13	4.53	--	3	1359	买盘
14:27:06	4.53	0.01	6	2718	买盘
14:27:03	4.52	-0.01	103	46555	卖盘
14:26:57	4.53	0.01	300	135900	买盘
14:26:42	4.52	-0.01	127	57403	卖盘
14:26:36	4.53	--	57	25821	买盘
14:26:32	4.53	--	7	3171	买盘
14:26:12	4.53	--	3	1359	买盘
14:26:02	4.53	--	10	4530	买盘
14:25:47	4.53	--	167	75651	买盘
14:25:42	4.53	--	6	2718	买盘
14:25:28	4.53	--	7	3171	买盘
14:25:17	4.53	0.01	134	60702	买盘
14:25:12	4.52	-0.01	17	7683	卖盘
14:24:51	4.53	0.01	10	4530	买盘
14:24:47	4.52	--	10	4520	卖盘
14:24:32	4.52	--	38	17176	卖盘
14:24:27	4.52	-0.01	15	6779	卖盘
14:24:22	4.53	--	20	9060	买盘
14:24:17	4.53	--	224	101472	买盘
14:24:12	4.53	0.01	3	1359	买盘
14:24:02	4.52	-0.01	3	1355	卖盘
14:23:57	4.53	--	82	37146	买盘
14:23:51	4.53	--	21	9513	买盘
14:23:42	4.53	0.01	11	4983	买盘
14:23:32	4.52	-0.01	4	1807	卖盘
14:23:27	4.53	--	113	51189	买盘
14:23:17	4.53	--	1849	837597	买盘
14:23:12	4.53	--	103	46659	买盘
14:23:02	4.53	--	50	22650	买盘
14:22:57	4.53	--	29	13137	买盘
14:22:51	4.53	--	6	2718	买盘
14:22:41	4.53	--	10	4530	买盘
14:22:36	4.53	0.01	2035	921855	买盘
14:22:30	4.52	-0.01	6	2711	卖盘
14:22:26	4.53	--	7	3171	买盘
14:22:15	4.53	0.01	30	13590	买盘
14:22:11	4.52	-0.01	125	56499	卖盘
14:22:06	4.53	--	19	8607	买盘
14:21:56	4.53	--	103	46659	买盘
14:21:51	4.53	0.01	613	277689	买盘
14:21:41	4.52	-0.01	131	59211	卖盘
14:21:36	4.53	--	2	906	买盘
14:21:30	4.53	--	20	9060	买盘
14:21:21	4.53	--	80	36240	买盘
14:21:15	4.53	--	5	2265	买盘
14:21:11	4.53	--	101	45753	买盘
14:21:06	4.53	0.01	348	157644	买盘
14:20:51	4.52	-0.01	1	451	卖盘
14:20:45	4.53	--	8	3624	买盘
14:20:41	4.53	--	1851	838503	买盘
14:20:36	4.53	--	1	453	买盘
14:20:30	4.53	--	96	43488	买盘
14:20:26	4.53	--	213	96489	买盘
14:20:11	4.53	0.01	102	46206	买盘
14:19:56	4.52	--	87	39323	卖盘
14:19:51	4.52	-0.01	88	39775	卖盘
14:19:41	4.53	--	62	28086	买盘
14:19:36	4.53	--	17	7701	买盘
14:19:26	4.53	--	145	65685	买盘
14:19:21	4.53	--	73	33069	买盘
14:19:11	4.53	--	3	1359	买盘
14:19:06	4.53	--	720	326160	买盘
14:19:00	4.53	--	35	15855	买盘
14:18:42	4.53	0.01	23	10419	买盘
14:18:36	4.52	--	1	451	卖盘
14:18:30	4.52	-0.01	46	20791	卖盘
14:18:26	4.53	--	101	45753	买盘
14:18:11	4.53	--	3	1359	买盘
14:17:46	4.53	--	4	1812	买盘
14:17:41	4.53	0.01	8	3624	买盘
14:17:36	4.52	-0.01	10	4520	卖盘
14:17:21	4.53	--	2006	908718	买盘
14:17:11	4.53	--	4	1812	买盘
14:17:06	4.53	--	105	47565	买盘
14:17:00	4.53	0.01	750	339750	买盘
14:16:51	4.52	-0.01	23	10395	卖盘
14:16:45	4.53	0.01	2001	906453	买盘
14:16:30	4.52	-0.01	107	48363	卖盘
14:16:11	4.53	0.01	3	1359	买盘
14:15:55	4.52	--	71	32091	卖盘
14:15:51	4.52	--	9	4067	卖盘
14:15:45	4.52	--	126	56951	卖盘
14:15:39	4.52	--	20	9040	卖盘
14:15:31	4.52	--	58	26215	卖盘
14:15:15	4.52	-0.01	101	45651	卖盘
14:15:09	4.53	--	86	38958	买盘
14:15:05	4.53	--	6	2718	买盘
14:14:50	4.53	--	1	453	买盘
14:14:24	4.53	--	3	1359	买盘
14:14:09	4.53	0.01	3	1359	买盘
14:13:39	4.52	-0.01	10	4520	卖盘
14:13:35	4.53	--	126	57078	买盘
14:13:24	4.53	--	3	1359	买盘
14:13:20	4.53	--	4	1812	买盘
14:13:09	4.53	--	3	1359	买盘
14:13:05	4.53	0.01	3	1359	买盘
14:13:00	4.52	-0.01	16	7231	卖盘
14:12:45	4.53	--	210	95130	买盘
14:12:24	4.53	--	9	4077	买盘
14:12:16	4.53	--	11	4983	买盘
14:12:09	4.53	0.01	3	1359	买盘
14:11:45	4.52	-0.01	36	16271	卖盘
14:11:35	4.53	--	33	14949	买盘
14:11:30	4.53	--	30	13590	买盘
14:11:24	4.53	--	1	453	买盘
14:11:20	4.53	--	10	4530	买盘
14:11:09	4.53	0.01	53	24009	买盘
14:11:05	4.52	-0.01	665	300580	卖盘
14:11:00	4.53	--	50	22650	买盘
14:10:50	4.53	--	2	906	买盘
14:10:39	4.53	--	2150	973950	买盘
14:10:20	4.53	--	94	42582	买盘
14:10:15	4.53	--	32	14496	买盘
14:10:09	4.53	--	3	1359	买盘
14:10:05	4.53	--	14	6342	买盘
14:09:54	4.53	--	2	906	买盘
14:09:39	4.53	--	20	9060	买盘
14:09:30	4.53	0.01	1	453	买盘
14:09:20	4.52	--	188	84975	买盘
14:09:15	4.52	--	156	70512	买盘
14:09:09	4.52	--	3	1355	买盘
14:09:05	4.52	--	30	13559	买盘
14:08:54	4.52	--	30	13559	买盘
14:08:48	4.52	--	54	24407	买盘
14:08:44	4.52	--	11	4971	买盘
14:08:39	4.52	--	150	67800	买盘
14:08:24	4.52	0.01	138	62375	买盘
14:08:14	4.51	-0.01	7	3157	卖盘
14:08:09	4.52	--	3	1355	买盘
14:07:54	4.52	0.01	152	68704	买盘
14:07:39	4.51	--	24	10824	卖盘
14:07:33	4.51	-0.01	60	27060	卖盘
14:07:29	4.52	--	20	9040	买盘
14:07:24	4.52	--	5	2260	买盘
14:07:14	4.52	--	7	3163	买盘
14:07:09	4.52	--	46	20791	买盘
14:07:03	4.52	--	10	4520	买盘
14:06:59	4.52	--	30	13559	买盘
14:06:48	4.52	--	40	18080	买盘
14:06:44	4.52	--	5	2260	买盘
14:06:29	4.52	--	36	16271	买盘
14:06:18	4.52	--	20	9040	买盘
14:06:14	4.52	--	2	903	买盘
14:06:09	4.52	0.01	18	8135	买盘
14:05:54	4.51	-0.01	16	7216	卖盘
14:05:44	4.52	--	91	41131	买盘
14:05:39	4.52	--	52	23503	卖盘
14:05:24	4.52	--	149	67348	卖盘
14:05:14	4.52	-0.01	20	9040	卖盘
14:05:09	4.53	0.01	3	1359	买盘
14:04:39	4.52	--	7	3163	卖盘
14:04:24	4.52	-0.01	25	11299	卖盘
14:04:14	4.53	--	2	906	买盘
14:04:09	4.53	0.01	3	1359	买盘
14:03:59	4.52	--	312	141024	买盘
14:03:54	4.52	--	5	2260	买盘
14:03:39	4.52	--	21	9492	买盘
14:03:33	4.52	--	60	27119	买盘
14:03:29	4.52	--	20	9040	买盘
14:03:24	4.52	-0.01	1805	815859	卖盘
14:03:14	4.53	--	1	453	买盘
14:03:09	4.53	--	503	227859	买盘
14:02:59	4.53	0.01	112	50736	买盘
14:02:54	4.52	-0.01	162	73224	卖盘
14:02:48	4.53	0.01	66	29898	买盘
14:02:44	4.52	--	5	2260	卖盘
14:02:39	4.52	--	58	26215	卖盘
14:02:33	4.52	--	6	2711	卖盘
14:02:24	4.52	--	118	53335	卖盘
14:02:13	4.52	-0.01	577	260803	卖盘
14:02:09	4.53	0.01	105	47565	买盘
14:01:53	4.52	--	31	14011	卖盘
14:01:48	4.52	--	24	10847	卖盘
14:01:42	4.52	-0.01	23	10395	卖盘
14:01:38	4.53	--	50	22650	买盘
14:01:23	4.53	--	67	30351	买盘
14:01:08	4.53	--	3	1359	买盘
14:01:03	4.53	--	50	22650	买盘
14:00:38	4.53	0.01	40	18120	买盘
14:00:23	4.52	-0.01	10	4520	卖盘
14:00:18	4.53	0.01	8	3624	买盘
14:00:12	4.52	--	15	6779	卖盘
14:00:03	4.52	--	20	9040	卖盘
13:59:53	4.52	--	230	103959	卖盘
13:59:48	4.52	-0.01	20	9040	卖盘
13:59:38	4.53	0.01	849	384597	买盘
13:59:12	4.52	-0.01	47	21243	卖盘
13:59:08	4.53	0.01	3	1359	买盘
13:59:03	4.52	--	41	18532	卖盘
13:58:48	4.52	--	46	20791	卖盘
13:58:38	4.52	--	31	14011	卖盘
13:58:33	4.52	-0.01	1	451	卖盘
13:58:27	4.53	--	152	68856	买盘
13:58:08	4.53	--	3	1359	买盘
13:58:03	4.53	--	38	17214	买盘
13:57:57	4.53	0.01	4	1812	买盘
13:57:48	4.52	-0.01	3310	1496119	卖盘
13:57:33	4.53	--	92	41676	买盘
13:57:27	4.53	--	10	4530	买盘
13:57:23	4.53	--	91	41223	买盘
13:57:18	4.53	--	1456	659568	买盘
13:57:12	4.53	--	3	1359	买盘
13:57:08	4.53	--	11	4983	买盘
13:57:03	4.53	--	108	48924	买盘
13:56:53	4.53	--	10	4530	买盘
13:56:48	4.53	--	24	10872	买盘
13:56:37	4.53	0.01	57	25821	买盘
13:56:33	4.52	--	112	50623	卖盘
13:56:27	4.52	-0.01	37	16724	卖盘
13:56:23	4.53	0.01	122	55266	买盘
13:56:12	4.52	-0.01	45	20339	卖盘
13:56:03	4.53	0.01	310	140430	买盘
13:55:57	4.52	--	31	14011	卖盘
13:55:52	4.52	--	66	29831	卖盘
13:55:48	4.52	-0.01	5	2260	卖盘
13:55:33	4.53	0.01	15	6795	买盘
13:55:27	4.52	--	8	3615	卖盘
13:55:21	4.52	--	49	22147	卖盘
13:55:12	4.52	-0.01	46	20791	卖盘
13:55:06	4.53	0.01	80	36240	买盘
13:55:02	4.52	-0.01	14	6327	卖盘
13:54:57	4.53	0.01	2	906	买盘
13:54:51	4.52	--	30	13559	卖盘
13:54:47	4.52	-0.01	5	2260	卖盘
13:54:42	4.53	--	299	135447	买盘
13:54:32	4.53	--	203	91959	买盘
13:54:21	4.53	--	4	1812	买盘
13:54:17	4.53	--	151	68403	买盘
13:54:12	4.53	0.01	3	1359	买盘
13:53:42	4.52	--	314	141928	卖盘
13:53:27	4.52	-0.01	10	4520	卖盘
13:53:21	4.53	0.01	2	906	买盘
13:53:17	4.52	--	333	150516	卖盘
13:53:12	4.52	-0.01	775	350299	卖盘
13:52:47	4.53	0.01	12	5436	买盘
13:52:32	4.52	-0.01	100	45199	卖盘
13:52:12	4.53	0.01	3	1359	买盘
13:52:02	4.52	-0.01	2	903	卖盘
13:51:57	4.53	0.01	96	43488	买盘
13:51:51	4.52	--	1	451	卖盘
13:51:36	4.52	-0.01	1	451	卖盘
13:51:32	4.53	--	9	4077	买盘
13:51:17	4.53	0.01	18	8154	买盘
13:51:12	4.52	-0.01	58	26215	卖盘
13:51:02	4.53	--	9	4077	买盘
13:50:57	4.53	--	9	4077	买盘
13:50:47	4.53	0.01	6	2718	买盘
13:50:27	4.52	--	1573	710995	卖盘
13:50:21	4.52	--	301	136052	卖盘
13:50:12	4.52	-0.01	12	5423	卖盘
13:50:06	4.53	0.01	7	3171	买盘
13:50:02	4.52	--	5	2260	卖盘
13:49:51	4.52	-0.01	302	136504	卖盘
13:49:42	4.53	--	100	45300	买盘
13:49:12	4.53	0.01	3	1359	买盘
13:49:06	4.52	--	30	13559	卖盘
13:48:51	4.52	-0.01	52	23503	卖盘
13:48:42	4.53	--	1	453	买盘
13:48:30	4.53	--	103	46659	买盘
13:48:11	4.53	--	3	1359	买盘
13:48:00	4.53	0.01	23	10419	买盘
13:47:56	4.52	-0.01	301	136052	卖盘
13:47:51	4.53	--	138	62514	买盘
13:47:30	4.53	0.01	7	3171	买盘
13:47:26	4.52	-0.01	302	136504	卖盘
13:47:11	4.53	0.01	18	8154	买盘
13:46:56	4.52	-0.01	548	247695	卖盘
13:46:51	4.53	--	3	1359	买盘
13:46:45	4.53	--	18	8154	买盘
13:46:36	4.53	--	318	144054	买盘
13:46:26	4.53	--	10	4530	买盘
13:46:21	4.53	--	1	453	买盘
13:46:15	4.53	--	13	5889	买盘
13:45:56	4.53	--	428	193884	卖盘
13:45:45	4.53	--	1	453	卖盘
13:45:36	4.53	--	21	9513	卖盘
13:45:30	4.53	--	50	22650	卖盘
13:45:26	4.53	-0.01	240	108720	卖盘
13:45:15	4.54	--	3	1362	买盘
13:45:11	4.54	0.01	18	8172	买盘
13:45:06	4.53	--	1	453	卖盘
13:44:56	4.53	--	41	18573	卖盘
13:44:45	4.53	--	301	136353	卖盘
13:44:41	4.53	-0.01	410	185730	卖盘
13:44:36	4.54	--	42	19068	买盘
13:44:21	4.54	--	218	98972	买盘
13:44:15	4.54	--	305	138470	买盘
13:44:11	4.54	--	10	4540	买盘
13:44:06	4.54	0.01	5	2270	买盘
13:43:41	4.53	--	20	9060	卖盘
13:43:36	4.53	--	181	81993	卖盘
13:43:26	4.53	-0.01	17	7701	卖盘
13:43:15	4.54	0.01	3	1362	买盘
13:43:06	4.53	--	10	4530	卖盘
13:43:00	4.53	-0.01	9	4077	卖盘
13:42:51	4.54	--	100	45400	买盘
13:42:36	4.54	--	300	136200	买盘
13:42:30	4.54	--	113	51302	买盘
13:42:21	4.54	--	254	115316	买盘
13:42:15	4.54	0.01	3	1362	买盘
13:42:10	4.53	-0.01	337	152661	卖盘
13:42:00	4.54	0.01	604	274216	买盘
13:41:51	4.53	--	200	90600	卖盘
13:41:45	4.53	--	225	101925	卖盘
13:41:30	4.53	--	302	136806	卖盘
13:41:20	4.53	-0.01	150	67950	卖盘
13:41:15	4.54	--	138	62652	买盘
13:41:00	4.54	--	2	908	买盘
13:40:50	4.54	0.01	253	114862	买盘
13:40:45	4.53	--	130	58890	卖盘
13:40:35	4.53	--	9	4077	卖盘
13:40:30	4.53	--	31	14043	卖盘
13:40:24	4.53	-0.01	1	453	卖盘
13:40:20	4.54	--	4	1816	买盘
13:40:15	4.54	--	2	908	买盘
13:40:09	4.54	--	134	60836	买盘
13:40:00	4.54	0.01	300	136200	买盘
13:39:54	4.53	--	19	8607	卖盘
13:39:50	4.53	--	49	22197	卖盘
13:39:35	4.53	-0.01	77	34881	卖盘
13:39:30	4.54	0.01	80	36320	买盘
13:39:24	4.53	-0.01	2	906	卖盘
13:39:15	4.54	--	3	1362	买盘
13:39:09	4.54	0.01	83	37682	买盘
13:39:05	4.53	-0.01	69	31257	卖盘
13:38:45	4.54	--	215	97610	买盘
13:38:35	4.54	0.01	180	81720	买盘
13:38:30	4.53	--	80	36240	卖盘
13:38:20	4.53	-0.01	105	47565	卖盘
13:38:15	4.54	--	203	92162	买盘
13:38:09	4.54	0.01	105	47670	买盘
13:38:05	4.53	--	200	90600	卖盘
13:37:50	4.53	-0.01	20	9060	卖盘
13:37:39	4.54	--	3	1362	买盘
13:37:35	4.54	0.01	359	162986	买盘
13:37:30	4.53	--	25	11325	卖盘
13:37:20	4.53	-0.01	117	53001	卖盘
13:37:15	4.54	0.01	3	1362	买盘
13:37:09	4.53	--	4	1812	卖盘
13:37:05	4.53	--	6	2718	卖盘
13:37:00	4.53	-0.01	15	6795	卖盘
13:36:45	4.54	0.01	103	46762	买盘
13:36:39	4.53	-0.01	300	135900	卖盘
13:36:30	4.54	--	2	908	买盘
13:36:20	4.54	--	300	136200	买盘
13:36:15	4.54	0.01	3	1362	买盘
13:36:05	4.53	-0.01	30	13590	卖盘
13:35:50	4.54	0.01	100	45400	买盘
13:35:45	4.53	-0.01	26	11778	卖盘
13:35:35	4.54	--	22	9988	买盘
13:35:30	4.54	--	210	95340	买盘
13:35:15	4.54	0.01	160	72640	买盘
13:35:09	4.53	--	81	36693	卖盘
13:35:03	4.53	-0.01	100	45300	卖盘
13:34:39	4.54	0.01	30	13620	买盘
13:34:24	4.53	--	200	90600	卖盘
13:34:18	4.53	-0.01	2	906	卖盘
13:34:14	4.54	--	179	81266	买盘
13:34:09	4.54	--	200	90800	买盘
13:33:59	4.54	--	18	8172	买盘
13:33:54	4.54	--	10	4540	买盘
13:33:44	4.54	--	20	9080	买盘
13:33:14	4.54	--	153	69462	买盘
13:33:09	4.54	0.01	100	45400	买盘
13:33:03	4.53	-0.01	9	4077	卖盘
13:32:59	4.54	0.01	26	11804	买盘
13:32:48	4.53	-0.01	5	2265	卖盘
13:32:39	4.54	--	14	6356	买盘
13:32:29	4.54	--	25	11350	买盘
13:32:14	4.54	--	28	12712	买盘
13:32:09	4.54	0.01	52	23608	买盘
13:31:54	4.53	-0.01	20	9060	卖盘
13:31:48	4.54	--	20	9080	买盘
13:31:33	4.54	0.01	2	908	买盘
13:31:18	4.53	-0.01	25	11325	卖盘
13:31:14	4.54	0.01	3	1362	买盘
13:31:03	4.53	--	580	262740	卖盘
13:30:59	4.53	--	32	14496	卖盘
13:30:44	4.53	--	37	16761	卖盘
13:30:33	4.53	-0.01	6	2718	卖盘
13:30:29	4.54	0.01	1	454	买盘
13:30:24	4.53	-0.01	10	4530	卖盘
13:30:18	4.54	--	110	49940	买盘
13:30:14	4.54	--	8	3632	买盘
13:30:09	4.54	--	95	43130	买盘
13:29:59	4.54	0.01	3	1362	买盘
13:29:54	4.53	--	13	5889	卖盘
13:29:48	4.53	-0.01	10	4530	卖盘
13:29:44	4.54	--	3	1362	买盘
13:29:39	4.54	0.01	53	24062	买盘
13:29:24	4.53	--	10	4530	卖盘
13:29:18	4.53	-0.01	12	5436	卖盘
13:29:14	4.54	0.01	3	1362	买盘
13:29:09	4.53	-0.01	32	14496	卖盘
13:28:59	4.54	0.01	326	148004	买盘
13:28:54	4.53	-0.01	9	4077	卖盘
13:28:44	4.54	--	21	9534	买盘
13:28:39	4.54	--	105	47670	买盘
13:28:33	4.54	0.01	2849	1293446	买盘
13:28:27	4.53	--	46	20838	卖盘
13:28:23	4.53	-0.01	1	453	卖盘
13:28:18	4.54	--	24	10896	买盘
13:28:12	4.54	0.01	200	90800	买盘
13:28:08	4.53	-0.01	3	1359	卖盘
13:28:03	4.54	--	30	13620	买盘
13:27:57	4.54	--	30	13620	买盘
13:27:53	4.54	--	83	37682	买盘
13:27:48	4.54	--	17	7718	买盘
13:27:38	4.54	--	121	54934	买盘
13:27:33	4.54	--	24	10896	买盘
13:27:27	4.54	--	45	20430	买盘
13:27:23	4.54	--	89	40406	买盘
13:27:18	4.54	--	3	1362	买盘
13:27:12	4.54	--	6000	2724000	买盘
13:27:08	4.54	--	49	22246	买盘
13:27:03	4.54	--	100	45400	买盘
13:26:53	4.54	0.01	33	14982	买盘
13:26:48	4.53	0.01	5	2265	中性盘
13:26:42	4.52	--	1	451	卖盘
13:26:38	4.52	-0.01	46	20791	卖盘
13:26:33	4.53	--	6494	2941945	买盘
13:26:27	4.53	0.01	15	6795	买盘
13:26:23	4.52	-0.01	10	4520	卖盘
13:26:18	4.53	0.01	33	14949	买盘
13:26:12	4.52	--	432	195566	买盘
13:26:08	4.52	--	210	94919	买盘
13:26:03	4.52	--	48	21695	买盘
13:25:48	4.52	0.01	300	135600	买盘
13:25:42	4.51	-0.01	7	3157	卖盘
13:25:38	4.52	0.01	16	7231	买盘
13:25:33	4.51	-0.01	41	18491	卖盘
13:25:27	4.52	0.01	142	64183	买盘
13:25:23	4.51	-0.01	25	11275	卖盘
13:25:18	4.52	--	3	1355	买盘
13:25:03	4.52	0.01	100	45199	买盘
13:24:48	4.51	-0.01	5	2255	卖盘
13:24:38	4.52	--	20	9040	买盘
13:24:33	4.52	--	2	903	买盘
13:24:27	4.52	--	82	37064	买盘
13:24:23	4.52	--	565	255379	买盘
13:24:18	4.52	0.01	3	1355	买盘
13:24:07	4.51	--	18	8118	卖盘
13:24:03	4.51	--	2	902	卖盘
13:23:57	4.51	-0.01	6	2706	卖盘
13:23:53	4.52	0.01	50	22599	买盘
13:23:48	4.51	--	20	9020	卖盘
13:23:38	4.51	--	2	902	卖盘
13:23:33	4.51	-0.01	1	451	卖盘
13:23:18	4.52	0.01	49	22147	买盘
13:23:03	4.51	--	19	8569	卖盘
13:22:48	4.51	-0.01	3	1353	卖盘
13:22:42	4.52	--	5	2260	买盘
13:22:27	4.52	0.01	13	5875	买盘
13:22:23	4.51	-0.01	1	451	卖盘
13:22:18	4.52	--	3	1355	买盘
13:22:08	4.52	0.01	337	152324	买盘
13:22:03	4.51	-0.01	3	1353	卖盘
13:21:57	4.52	0.01	200	90399	买盘
13:21:42	4.51	--	475	214225	卖盘
13:21:27	4.51	-0.01	30	13530	卖盘
13:21:21	4.52	--	42	18984	买盘
13:21:17	4.52	0.01	3	1355	买盘
13:21:06	4.51	--	18	8118	卖盘
13:21:02	4.51	--	10	4510	卖盘
13:20:57	4.51	--	5	2255	卖盘
13:20:32	4.51	-0.01	11	4961	卖盘
13:20:27	4.52	0.01	38	17176	买盘
13:20:17	4.51	--	52	23452	卖盘
13:20:12	4.51	-0.01	19	8569	卖盘
13:20:02	4.52	--	12	5423	买盘
13:19:51	4.52	--	200	90399	买盘
13:19:42	4.52	--	10	4520	买盘
13:19:36	4.52	--	132	59663	买盘
13:19:32	4.52	--	30	13559	买盘
13:19:27	4.52	--	14	6327	买盘
13:19:17	4.52	--	52	23503	买盘
13:19:12	4.52	--	203	91755	买盘
13:19:02	4.52	--	91	41131	买盘
13:18:51	4.52	--	70	31639	买盘
13:18:42	4.52	0.01	674	304648	买盘
13:18:21	4.51	-0.01	50	22550	卖盘
13:18:17	4.52	--	3	1355	买盘
13:18:12	4.52	--	110	49719	买盘
13:18:02	4.52	0.01	1215	549180	买盘
13:17:57	4.51	--	200	90200	卖盘
13:17:51	4.51	--	37	16687	卖盘
13:17:47	4.51	-0.01	12	5412	卖盘
13:17:42	4.52	0.01	10	4520	买盘
13:17:36	4.51	--	3	1353	卖盘
13:17:32	4.51	--	13	5863	卖盘
13:17:27	4.51	--	313	141163	卖盘
13:17:17	4.51	-0.01	53	23903	卖盘
13:17:02	4.52	0.01	50	22599	买盘
13:16:57	4.51	-0.01	1353	610203	卖盘
13:16:47	4.52	--	96	43391	买盘
13:16:42	4.52	0.01	3007	1359163	买盘
13:16:32	4.51	-0.01	25	11275	卖盘
13:16:27	4.52	--	34	15367	买盘
13:16:17	4.52	--	13	5875	买盘
13:16:12	4.52	0.01	20	9040	买盘
13:16:01	4.51	--	21	9917	卖盘
13:15:47	4.51	--	14	6314	卖盘
13:15:36	4.51	-0.01	27	12177	卖盘
13:15:30	4.52	--	21	9492	买盘
13:15:27	4.52	--	9	4067	买盘
13:15:21	4.52	--	155	70060	买盘
13:15:15	4.52	--	3	1355	买盘
13:15:12	4.52	--	8	3615	买盘
13:15:06	4.52	0.01	100	45199	买盘
13:14:56	4.51	-0.01	19	8569	卖盘
13:14:51	4.52	0.01	254	114807	买盘
13:14:41	4.51	-0.01	10	4510	卖盘
13:14:36	4.52	0.01	30	13559	买盘
13:14:26	4.51	--	21	9471	卖盘
13:14:21	4.51	-0.01	20	9020	卖盘
13:14:15	4.52	--	3	1355	买盘
13:14:11	4.52	0.01	232	104863	买盘
13:13:45	4.51	-0.01	25	11275	卖盘
13:13:36	4.52	--	100	45199	买盘
13:13:30	4.52	--	97	43843	买盘
13:13:26	4.52	--	18	8135	买盘
13:13:21	4.52	--	3	1355	买盘
13:13:15	4.52	0.01	12	5423	买盘
13:12:56	4.51	--	544	245344	卖盘
13:12:51	4.51	-0.01	5	2255	卖盘
13:12:45	4.52	0.01	40	18080	买盘
13:12:41	4.51	-0.01	9	4059	卖盘
13:12:30	4.52	--	65	29379	买盘
13:12:26	4.52	0.01	8	3615	买盘
13:12:21	4.51	-0.01	108	48708	卖盘
13:12:15	4.52	0.01	3	1355	买盘
13:12:11	4.51	--	20	9020	卖盘
13:11:56	4.51	--	4	1804	卖盘
13:11:51	4.51	--	20	9020	卖盘
13:11:45	4.51	--	4	1804	卖盘
13:11:41	4.51	--	107	48257	卖盘
13:11:30	4.51	-0.01	6	2706	卖盘
13:11:26	4.52	--	6	2711	买盘
13:11:15	4.52	0.01	15	6779	买盘
13:11:11	4.51	--	2	902	卖盘
13:11:06	4.51	--	1	451	卖盘
13:10:56	4.51	-0.01	7	3157	卖盘
13:10:51	4.52	0.01	4	1807	买盘
13:10:41	4.51	--	3	1353	卖盘
13:10:36	4.51	-0.01	4	1804	卖盘
13:10:30	4.52	0.01	2	903	买盘
13:10:26	4.51	-0.01	11	4961	卖盘
13:10:15	4.52	0.01	24	10847	买盘
13:10:10	4.51	--	5	2255	卖盘
13:09:51	4.51	-0.01	165	74415	卖盘
13:09:41	4.52	0.01	41	18532	买盘
13:09:36	4.51	--	38	17138	卖盘
13:09:30	4.51	--	12	5412	卖盘
13:09:21	4.51	-0.01	45	20295	卖盘
13:09:15	4.52	0.01	3	1355	买盘
13:09:10	4.51	--	80	36080	卖盘
13:09:06	4.51	-0.01	161	72611	卖盘
13:08:56	4.52	--	6	2711	买盘
13:08:51	4.52	0.01	120	54239	买盘
13:08:45	4.51	-0.01	20	9020	卖盘
13:08:24	4.52	0.01	1	451	买盘
13:08:20	4.51	-0.01	58	26158	卖盘
13:08:15	4.52	0.01	7	3163	买盘
13:07:50	4.51	-0.01	5	2255	卖盘
13:07:45	4.52	--	10	4520	买盘
13:07:24	4.52	0.01	2	903	买盘
13:07:20	4.51	-0.01	2	902	卖盘
13:07:15	4.52	0.01	13	5875	买盘
13:06:50	4.51	--	3	1353	卖盘
13:06:45	4.51	--	8	3608	卖盘
13:06:39	4.51	--	4	1804	卖盘
13:06:35	4.51	--	4	1804	卖盘
13:06:30	4.51	--	800	360800	卖盘
13:06:24	4.51	-0.01	15	6765	卖盘
13:06:20	4.52	--	11	4971	买盘
13:06:15	4.52	0.01	3	1355	买盘
13:06:09	4.51	-0.01	20	9020	卖盘
13:06:05	4.52	0.01	12	5423	买盘
13:05:50	4.51	-0.01	11	4961	卖盘
13:05:24	4.52	--	69	31187	买盘
13:05:15	4.52	--	3	1355	买盘
13:05:05	4.52	0.01	1	451	买盘
13:05:00	4.51	-0.01	10	4510	卖盘
13:04:54	4.52	--	432	195263	买盘
13:04:24	4.52	--	21	9492	买盘
13:04:15	4.52	0.01	3	1355	买盘
13:03:35	4.51	-0.01	1	451	卖盘
13:03:30	4.52	--	3	1355	买盘
13:03:24	4.52	--	5	2260	买盘
13:03:15	4.52	0.01	15	6779	买盘
13:03:09	4.51	--	2	902	卖盘
13:03:00	4.51	--	250	112750	卖盘
13:02:39	4.51	--	4	1804	卖盘
13:02:35	4.51	--	77	34727	卖盘
13:02:19	4.51	--	60	27060	卖盘
13:02:15	4.51	--	54	24354	卖盘
13:01:45	4.51	--	24	10824	卖盘
13:01:39	4.51	--	688	310288	卖盘
13:01:33	4.51	--	45	20295	卖盘
13:01:29	4.51	-0.01	133	59983	卖盘
13:01:14	4.52	0.01	3	1355	买盘
13:00:59	4.51	-0.01	31	13981	卖盘
13:00:39	4.52	--	4	1807	买盘
13:00:33	4.52	--	60	27119	买盘
13:00:13	4.52	0.01	2	903	买盘
13:00:09	4.51	-0.01	1359	612909	卖盘
13:00:03	4.52	0.01	883	399115	买盘
11:30:00	4.51	--	0	0	卖盘
11:30:00	4.51	--	4	1804	卖盘
11:29:55	4.51	-0.01	1	451	卖盘
11:29:25	4.52	--	5	2260	买盘
11:29:15	4.52	--	3	1355	买盘
11:29:11	4.52	0.01	1	451	买盘
11:29:06	4.51	--	150	67654	买盘
11:28:56	4.51	--	23	10373	买盘
11:28:44	4.51	--	2	902	买盘
11:28:41	4.51	--	709	319759	买盘
11:28:35	4.51	--	60	27060	买盘
11:28:30	4.51	--	167	75317	买盘
11:28:26	4.51	--	50	22550	买盘
11:28:21	4.51	--	60	27060	买盘
11:28:14	4.51	--	23	10373	买盘
11:28:10	4.51	--	2	902	买盘
11:28:06	4.51	0.01	21	9471	买盘
11:27:59	4.5	-0.01	19	8550	卖盘
11:27:56	4.51	--	1974	890274	买盘
11:27:51	4.51	--	2	902	买盘
11:27:40	4.51	--	1	451	买盘
11:27:35	4.51	--	3	1353	买盘
11:27:25	4.51	--	169	76219	买盘
11:27:14	4.51	--	95	42845	买盘
11:27:10	4.51	0.01	7	3157	买盘
11:26:50	4.5	--	88	39600	卖盘
11:26:40	4.5	-0.01	26	11700	卖盘
11:26:35	4.51	0.01	21	9471	买盘
11:26:25	4.5	--	100	45000	卖盘
11:26:20	4.5	-0.01	10	4500	卖盘
11:26:15	4.51	--	110	49610	买盘
11:26:10	4.51	0.01	14	6314	买盘
11:25:59	4.5	-0.01	29	13050	卖盘
11:25:55	4.51	--	8	3608	买盘
11:25:38	4.51	0.01	1	451	买盘
11:25:35	4.5	--	8	3600	卖盘
11:25:29	4.5	-0.01	4	1800	卖盘
11:25:20	4.51	--	119	53669	买盘
11:25:15	4.51	--	3	1353	买盘
11:25:09	4.51	--	1	451	买盘
11:25:05	4.51	0.01	17	7667	买盘
11:24:59	4.5	-0.01	104	46800	卖盘
11:24:35	4.51	--	32	14432	买盘
11:24:29	4.51	--	30	13530	买盘
11:24:15	4.51	0.01	4	1804	买盘
11:24:00	4.5	-0.01	14	6300	卖盘
11:23:49	4.51	0.01	78	35178	买盘
11:23:44	4.5	-0.01	100	45000	卖盘
11:23:38	4.51	--	1	451	买盘
11:23:35	4.51	--	1	451	买盘
11:23:23	4.51	--	6	2706	买盘
11:23:15	4.51	--	23	10373	买盘
11:23:08	4.51	--	22	9922	买盘
11:23:00	4.51	0.01	35	15785	买盘
11:22:49	4.5	-0.01	120	54000	卖盘
11:22:45	4.51	--	1	451	买盘
11:22:38	4.51	0.01	2	902	买盘
11:22:30	4.5	--	30	13500	卖盘
11:22:23	4.5	--	80	36000	卖盘
11:22:19	4.5	-0.01	9	4050	卖盘
11:22:14	4.51	--	3	1353	买盘
11:22:08	4.51	--	2	902	买盘
11:22:04	4.51	0.01	1	451	买盘
11:21:59	4.5	--	14	6300	卖盘
11:21:49	4.5	-0.01	87	39150	卖盘
11:21:45	4.51	0.01	11	4961	买盘
11:21:29	4.5	-0.01	4	1800	卖盘
11:21:24	4.51	--	47	21197	买盘
11:21:19	4.51	--	23	10373	买盘
11:21:14	4.51	0.01	61	27511	买盘
11:21:08	4.5	--	15	6750	卖盘
11:20:59	4.5	--	38	17100	卖盘
11:20:49	4.5	-0.01	22	9900	卖盘
11:20:44	4.51	--	4	1804	买盘
11:20:38	4.51	--	83	37433	买盘
11:20:34	4.51	0.01	24	10824	买盘
11:20:29	4.5	-0.01	20	9000	卖盘
11:20:14	4.51	--	9	4059	买盘
11:20:04	4.51	--	108	48708	买盘
11:19:44	4.51	--	60	27060	买盘
11:19:38	4.51	--	2	902	买盘
11:19:34	4.51	0.01	15	6765	买盘
11:19:29	4.5	-0.01	1000	450000	卖盘
11:19:23	4.51	--	4	1804	买盘
11:19:14	4.51	0.01	38	17138	买盘
11:19:09	4.5	--	152	68400	卖盘
11:18:59	4.5	-0.01	58	26100	卖盘
11:18:53	4.51	--	43	19393	买盘
11:18:47	4.51	0.01	7	3157	买盘
11:18:38	4.5	-0.01	106	47700	卖盘
11:18:29	4.51	--	11	4961	买盘
11:18:24	4.51	--	8	3608	买盘
11:18:14	4.51	--	50	22550	买盘
11:18:08	4.51	--	6	2706	买盘
11:17:38	4.51	--	31	13981	买盘
11:17:32	4.51	--	11	4961	买盘
11:17:13	4.51	--	3	1353	买盘
11:17:08	4.51	--	1	451	买盘
11:16:48	4.51	--	10	4510	买盘
11:16:39	4.51	--	2	902	买盘
11:16:32	4.51	0.01	5	2255	买盘
11:16:28	4.5	-0.01	200	90000	卖盘
11:16:23	4.51	--	26	11726	买盘
11:16:13	4.51	--	3	1353	买盘
11:16:08	4.51	--	51	23001	买盘
11:15:58	4.51	--	2	902	买盘
11:15:48	4.51	--	30	13530	买盘
11:15:44	4.51	0.01	4	1804	买盘
11:15:38	4.5	-0.01	60	27000	卖盘
11:15:33	4.51	--	3	1353	买盘
11:15:23	4.51	0.01	23	10373	买盘
11:15:18	4.5	-0.01	10	4500	卖盘
11:15:14	4.51	--	95	42845	买盘
11:15:09	4.51	--	1	451	买盘
11:14:59	4.51	--	198	89298	买盘
11:14:38	4.51	0.01	16	7216	买盘
11:14:32	4.5	--	71	31950	卖盘
11:14:17	4.5	-0.01	100	45000	卖盘
11:14:13	4.51	0.01	18	8118	买盘
11:14:09	4.5	--	105	47250	卖盘
11:13:53	4.5	--	7	3150	卖盘
11:13:43	4.5	--	1	450	卖盘
11:13:32	4.5	-0.01	101	45450	卖盘
11:13:28	4.51	0.01	127	57277	买盘
11:13:23	4.5	--	21	9450	卖盘
11:13:17	4.5	-0.01	50	22500	卖盘
11:13:13	4.51	--	3	1353	买盘
11:13:08	4.51	0.01	191	86366	买盘
11:12:58	4.5	--	232	104400	买盘
11:12:53	4.5	--	1022	459900	买盘
11:12:43	4.5	--	1	450	买盘
11:12:38	4.5	--	59	26550	买盘
11:12:32	4.5	--	61	27450	买盘
11:12:28	4.5	--	1026	461925	卖盘
11:12:23	4.5	-0.01	25	11250	卖盘
11:12:17	4.51	0.01	8	3608	买盘
11:12:12	4.5	--	500	225000	卖盘
11:12:08	4.5	--	100	45000	卖盘
11:12:02	4.5	--	70	31500	卖盘
11:11:56	4.5	--	49	22050	卖盘
11:11:53	4.5	--	123	55575	买盘
11:11:47	4.5	--	136	61200	买盘
11:11:38	4.5	--	515	231750	买盘
11:11:33	4.5	--	495	222750	卖盘
11:11:23	4.5	-0.01	2	900	卖盘
11:11:17	4.51	--	5	2255	买盘
11:11:08	4.51	0.02	5	2255	买盘
11:11:02	4.49	-0.01	62	27838	卖盘
11:10:57	4.5	--	101	45450	买盘
11:10:53	4.5	0.01	52	23400	买盘
11:10:47	4.49	-0.01	1764	792036	卖盘
11:10:41	4.5	--	12	5400	买盘
11:10:38	4.5	--	131	58950	买盘
11:10:32	4.5	--	302	135900	买盘
11:10:26	4.5	--	108	48600	买盘
11:10:23	4.5	--	30	13500	买盘
11:10:17	4.5	--	12	5400	买盘
11:10:12	4.5	0.01	58	26100	买盘
11:10:08	4.49	-0.01	45	20205	卖盘
11:10:03	4.5	--	26	11700	买盘
11:09:56	4.5	0.01	15	6750	买盘
11:09:52	4.49	--	109	48941	卖盘
11:09:48	4.49	--	157	70493	卖盘
11:09:38	4.49	-0.01	816	366384	卖盘
11:09:33	4.5	--	1692	761400	买盘
11:09:26	4.5	0.01	12	5400	买盘
11:09:22	4.49	-0.01	1025	460225	卖盘
11:09:17	4.5	0.01	129	58050	买盘
11:09:11	4.49	--	100	44900	卖盘
11:09:08	4.49	--	1045	469205	卖盘
11:09:02	4.49	-0.01	15	6735	卖盘
11:08:57	4.5	--	116	52200	买盘
11:08:53	4.5	--	116	52200	买盘
11:08:47	4.5	0.01	20	9000	买盘
11:08:38	4.49	-0.01	323	145027	卖盘
11:08:33	4.5	--	216	97200	买盘
11:08:18	4.5	0.01	3	1350	买盘
11:08:08	4.49	-0.02	108	48492	卖盘
11:07:57	4.51	0.01	922	415822	买盘
11:07:53	4.5	--	922	414900	卖盘
11:07:48	4.5	--	9	4050	卖盘
11:07:37	4.5	-0.01	141	63450	卖盘
11:07:32	4.51	0.01	2005	904255	买盘
11:07:26	4.5	-0.01	23	10350	卖盘
11:07:22	4.51	--	21	9471	买盘
11:07:17	4.51	0.01	103	46453	买盘
11:07:07	4.5	--	126	56700	卖盘
11:07:03	4.5	-0.01	9	4050	卖盘
11:06:56	4.51	0.01	205	92455	买盘
11:06:52	4.5	--	14	6300	卖盘
11:06:37	4.5	-0.01	153	68850	卖盘
11:06:27	4.51	0.01	34	15334	买盘
11:06:22	4.5	-0.01	8	3600	卖盘
11:06:17	4.51	0.01	3	1353	买盘
11:06:11	4.5	--	116	52200	卖盘
11:05:56	4.5	--	87	39150	卖盘
11:05:52	4.5	-0.01	101	45450	卖盘
11:05:47	4.51	0.01	112	50512	买盘
11:05:35	4.5	--	30	13500	卖盘
11:05:26	4.5	-0.01	133	59850	卖盘
11:05:20	4.51	--	6	2706	买盘
11:05:17	4.51	--	4	1804	买盘
11:05:02	4.51	--	5	2255	买盘
11:04:47	4.51	0.01	131	59081	买盘
11:04:41	4.5	-0.01	2	900	卖盘
11:04:17	4.51	--	8	3608	买盘
11:04:11	4.51	--	81	36531	买盘
11:04:02	4.51	--	12	5412	买盘
11:03:50	4.51	0.01	56	25256	买盘
11:03:47	4.5	--	101	45450	卖盘
11:03:41	4.5	-0.01	27	12150	卖盘
11:03:27	4.51	0.01	25	11275	买盘
11:03:20	4.5	-0.01	4	1800	卖盘
11:03:16	4.51	--	3	1353	买盘
11:03:11	4.51	0.01	1	451	买盘
11:03:02	4.5	-0.01	80	36000	卖盘
11:02:57	4.51	0.01	1897	855547	买盘
11:02:50	4.5	-0.01	6	2700	卖盘
11:02:47	4.51	--	102	46002	买盘
11:02:41	4.51	0.01	77	34727	买盘
11:02:35	4.5	--	65	29250	卖盘
11:02:31	4.5	--	83	37350	卖盘
11:02:20	4.5	--	292	131400	卖盘
11:02:17	4.5	--	546	245700	卖盘
11:02:11	4.5	--	156	70200	卖盘
11:01:57	4.5	--	307	138150	卖盘
11:01:51	4.5	--	81	36450	卖盘
11:01:47	4.5	--	266	119700	卖盘
11:01:41	4.5	--	17	7650	卖盘
11:01:35	4.5	--	3000	1350000	卖盘
11:01:32	4.5	--	203	91350	卖盘
11:01:26	4.5	--	490	220500	卖盘
11:01:20	4.5	-0.01	60	27000	卖盘
11:01:16	4.51	0.01	33	14883	买盘
11:01:01	4.5	-0.01	40	18000	卖盘
11:00:56	4.51	0.01	132	59532	买盘
11:00:50	4.5	--	67	30150	卖盘
11:00:46	4.5	--	276	124200	卖盘
11:00:41	4.5	--	36	16200	卖盘
11:00:31	4.5	--	2362	1062900	卖盘
11:00:27	4.5	-0.01	40	18000	卖盘
11:00:20	4.51	--	504	227304	买盘
11:00:16	4.51	0.01	3	1353	买盘
11:00:11	4.5	--	16	7200	卖盘
11:00:01	4.5	-0.01	25	11250	卖盘
10:59:56	4.51	0.01	110	49610	买盘
10:59:50	4.5	--	2030	913500	卖盘
10:59:46	4.5	-0.01	295	132750	卖盘
10:59:35	4.51	0.01	15	6765	买盘
10:59:31	4.5	--	113	50850	卖盘
10:59:26	4.5	--	384	172800	卖盘
10:59:21	4.5	-0.01	100	45000	卖盘
10:59:14	4.51	0.01	13	5863	买盘
10:59:11	4.5	--	50	22500	卖盘
10:59:05	4.5	--	70	31500	卖盘
10:58:59	4.5	--	7	3150	卖盘
10:58:56	4.5	-0.01	39	17550	卖盘
10:58:50	4.51	0.01	601	271051	买盘
10:58:44	4.5	-0.01	30	13500	卖盘
10:58:41	4.51	--	82	36982	买盘
10:58:36	4.51	--	33	14883	买盘
10:58:29	4.51	--	15	6765	买盘
10:58:26	4.51	--	5	2255	买盘
10:58:20	4.51	--	36	16236	买盘
10:58:14	4.51	--	7	3157	买盘
10:58:05	4.51	--	234	105980	卖盘
10:57:59	4.51	--	2484	1120284	卖盘
10:57:56	4.51	--	878	395978	卖盘
10:57:51	4.51	--	929	418979	卖盘
10:57:41	4.51	--	3	1353	卖盘
10:57:35	4.51	--	823	371173	卖盘
10:57:29	4.51	--	405	182655	卖盘
10:57:26	4.51	-0.01	111	50061	卖盘
10:57:20	4.52	--	82	37064	买盘
10:57:14	4.52	0.01	3	1355	买盘
10:57:10	4.51	--	739	333289	卖盘
10:56:51	4.51	--	177	79827	卖盘
10:56:44	4.51	-0.01	100	45100	卖盘
10:56:35	4.52	0.01	55	24859	买盘
10:56:29	4.51	--	17	7667	卖盘
10:56:26	4.51	--	106	47806	卖盘
10:56:20	4.51	-0.01	60	27060	卖盘
10:56:15	4.52	0.01	3	1355	买盘
10:56:10	4.51	--	2	902	卖盘
10:55:59	4.51	--	73	32923	卖盘
10:55:50	4.51	-0.01	101	45551	卖盘
10:55:44	4.52	0.01	8	3615	买盘
10:55:40	4.51	-0.01	167	75317	卖盘
10:55:29	4.52	--	64	28927	买盘
10:55:25	4.52	0.01	5	2260	买盘
10:55:20	4.51	-0.01	225	101475	卖盘
10:55:14	4.52	0.01	7	3163	买盘
10:55:10	4.51	--	80	36080	卖盘
10:55:05	4.51	-0.01	29	13079	卖盘
10:54:56	4.52	0.01	171	77291	买盘
10:54:51	4.51	-0.01	50	22550	卖盘
10:54:41	4.52	0.01	1	451	买盘
10:54:36	4.51	--	8	3608	卖盘
10:54:20	4.51	-0.01	25	11275	卖盘
10:54:15	4.52	0.01	8	3615	买盘
10:53:55	4.51	-0.01	100	45100	卖盘
10:53:50	4.52	0.01	32	14463	买盘
10:53:40	4.51	-0.01	3	1353	卖盘
10:53:35	4.52	--	17	7683	买盘
10:53:20	4.52	--	45	20339	买盘
10:53:14	4.52	0.01	3	1355	买盘
10:53:10	4.51	-0.01	700	315700	卖盘
10:52:55	4.52	--	330	149160	买盘
10:52:50	4.52	0.01	4	1807	买盘
10:52:40	4.51	--	20	9020	卖盘
10:52:35	4.51	--	1980	892980	卖盘
10:52:29	4.51	-0.01	3010	1357510	卖盘
10:52:20	4.52	--	4	1807	买盘
10:52:14	4.52	0.01	33	14915	买盘
10:52:09	4.51	-0.01	16	7216	卖盘
10:52:05	4.52	0.01	60	27119	买盘
10:52:00	4.51	--	101	45551	卖盘
10:51:53	4.51	-0.01	8	3608	卖盘
10:51:50	4.52	--	20	9040	买盘
10:51:38	4.52	0.01	47	21243	买盘
10:51:35	4.51	-0.01	181	81631	卖盘
10:51:15	4.52	0.01	8	3615	买盘
10:50:59	4.51	--	101	45551	卖盘
10:50:54	4.51	-0.01	75	33825	卖盘
10:50:39	4.52	--	20	9040	买盘
10:50:34	4.52	--	4	1807	买盘
10:50:29	4.52	0.01	22	9943	买盘
10:50:19	4.51	-0.01	12	5412	卖盘
10:50:14	4.52	--	70	31639	买盘
10:50:09	4.52	0.01	2	903	买盘
10:50:04	4.51	--	550	248050	卖盘
10:49:59	4.51	-0.01	100	45100	卖盘
10:49:54	4.52	--	30	13559	买盘
10:49:49	4.52	0.01	104	47007	买盘
10:49:44	4.51	-0.01	50	22550	卖盘
10:49:35	4.52	--	157	70964	买盘
10:49:29	4.52	0.01	143	64635	买盘
10:49:24	4.51	-0.01	10	4510	卖盘
10:49:19	4.52	--	25	11299	买盘
10:49:14	4.52	--	426	192701	卖盘
10:49:09	4.52	--	75	33900	卖盘
10:49:04	4.52	0.01	301	136354	买盘
10:49:00	4.51	--	110	49610	卖盘
10:48:49	4.51	--	2	902	卖盘
10:48:45	4.51	--	6	2706	卖盘
10:48:35	4.51	-0.01	110	49610	卖盘
10:48:29	4.52	--	62	28023	买盘
10:48:19	4.52	--	262	118423	买盘
10:48:14	4.52	--	75	33900	买盘
10:48:09	4.52	--	5	2260	买盘
10:48:04	4.52	0.01	32	14463	买盘
10:47:59	4.51	-0.01	101	45551	卖盘
10:47:53	4.52	--	30	13559	买盘
10:47:49	4.52	--	50	22599	买盘
10:47:45	4.52	--	167	75484	买盘
10:47:29	4.52	--	1	451	买盘
10:47:19	4.52	--	45	20339	买盘
10:47:14	4.52	0.01	3	1355	买盘
10:46:59	4.51	--	100	45100	卖盘
10:46:49	4.51	-0.01	4	1804	卖盘
10:46:44	4.52	--	50	22599	买盘
10:46:29	4.52	-0.01	1624	734197	卖盘
10:46:23	4.53	0.01	17	7701	买盘
10:46:19	4.52	-0.01	31	14011	卖盘
10:46:14	4.53	0.01	3	1359	买盘
10:46:04	4.52	--	101	45651	卖盘
10:45:59	4.52	--	100	45199	卖盘
10:45:44	4.52	--	80	36160	卖盘
10:45:38	4.52	--	200	90399	卖盘
10:45:29	4.52	--	15	6779	卖盘
10:45:23	4.52	-0.01	403	182155	卖盘
10:45:14	4.53	0.01	17	7701	买盘
10:45:03	4.52	-0.01	101	45651	卖盘
10:44:53	4.53	0.01	52	23556	买盘
10:44:38	4.52	--	81	36612	卖盘
10:44:33	4.52	--	0	302	卖盘
10:44:29	4.52	-0.01	10	4520	卖盘
10:44:13	4.53	--	77	34881	买盘
10:44:08	4.53	0.01	73	33069	买盘
10:44:03	4.52	--	100	45199	卖盘
10:43:58	4.52	--	579	261707	卖盘
10:43:53	4.52	--	11	4971	卖盘
10:43:47	4.52	-0.01	15	6779	卖盘
10:43:43	4.53	0.01	3	1359	买盘
10:43:38	4.52	-0.01	23	10395	卖盘
10:43:32	4.53	--	202	91506	买盘
10:43:28	4.53	--	2	906	买盘
10:43:23	4.53	0.01	5	2265	买盘
10:43:13	4.52	--	8	3615	卖盘
10:43:02	4.52	--	417	188483	卖盘
10:42:58	4.52	--	400	180799	卖盘
10:42:43	4.52	--	100	45199	卖盘
10:42:17	4.52	-0.01	30	13559	卖盘
10:42:13	4.53	0.01	9	4077	买盘
10:42:08	4.52	-0.01	101	45651	卖盘
10:41:53	4.53	0.01	105	47565	买盘
10:41:47	4.52	-0.01	60	27119	卖盘
10:41:44	4.53	0.01	100	45300	买盘
10:41:38	4.52	-0.01	7	3163	卖盘
10:41:28	4.53	0.01	2	906	买盘
10:41:14	4.52	--	22	9943	卖盘
10:41:08	4.52	0.01	579	261707	买盘
10:40:58	4.51	-0.01	5	2255	卖盘
10:40:53	4.52	--	27	12203	买盘
10:40:43	4.52	-0.01	242	109383	卖盘
10:40:23	4.53	--	20	9060	买盘
10:40:17	4.53	--	5	2265	买盘
10:40:13	4.53	0.01	82	37146	买盘
10:40:08	4.52	-0.01	25	11299	中性盘
10:39:58	4.53	0.01	120	54360	买盘
10:39:43	4.52	--	50	22599	卖盘
10:39:32	4.52	--	238	107575	买盘
10:39:26	4.52	--	60	27119	买盘
10:39:23	4.52	--	175	79099	买盘
10:39:17	4.52	--	53	23955	买盘
10:39:11	4.52	0.01	159	71868	买盘
10:39:08	4.51	-0.01	103	46453	卖盘
10:38:53	4.52	--	65	29379	买盘
10:38:47	4.52	--	25	11299	买盘
10:38:38	4.52	--	5	2260	买盘
10:38:32	4.52	--	11	4971	买盘
10:38:17	4.52	--	223	100795	买盘
10:38:11	4.52	--	14	6327	买盘
10:38:02	4.52	--	100	45199	买盘
10:37:53	4.52	--	355	160459	卖盘
10:37:37	4.52	--	5	2260	卖盘
10:37:22	4.52	--	25	11299	卖盘
10:37:17	4.52	--	16	7231	卖盘
10:37:11	4.52	--	50	22599	卖盘
10:37:07	4.52	-0.01	100	45199	卖盘
10:37:02	4.53	0.01	10	4530	买盘
10:36:47	4.52	--	20	9040	卖盘
10:36:37	4.52	--	240	108479	卖盘
10:36:32	4.52	--	52	23503	卖盘
10:36:26	4.52	--	20	9040	卖盘
10:36:23	4.52	-0.01	240	108479	卖盘
10:36:17	4.53	0.01	20	9060	买盘
10:36:11	4.52	--	101	45651	卖盘
10:35:56	4.52	-0.01	12	5423	卖盘
10:35:53	4.53	0.01	27	12231	买盘
10:35:47	4.52	--	20	9040	卖盘
10:35:37	4.52	--	21	9492	卖盘
10:35:32	4.52	-0.01	135	61019	卖盘
10:35:22	4.53	--	133	60249	买盘
10:35:17	4.53	--	33	14949	买盘
10:35:11	4.53	0.01	136	61608	买盘
10:35:02	4.52	--	209	94467	卖盘
10:34:56	4.52	--	11	4971	卖盘
10:34:37	4.52	--	24	10847	卖盘
10:34:32	4.52	--	362	163623	买盘
10:34:17	4.52	--	8	3615	买盘
10:34:11	4.52	--	181	81811	买盘
10:34:07	4.52	--	979	442797	卖盘
10:34:02	4.52	--	63	28475	卖盘
10:33:56	4.52	--	20	9040	卖盘
10:33:47	4.52	--	6	2711	卖盘
10:33:32	4.52	--	100	45199	卖盘
10:33:22	4.52	--	108	48815	卖盘
10:33:17	4.52	-0.01	145	65540	卖盘
10:33:11	4.53	0.01	4	1812	买盘
10:33:07	4.52	--	11	4971	卖盘
10:33:02	4.52	--	91	41131	卖盘
10:32:56	4.52	--	75	33900	卖盘
10:32:47	4.52	--	510	230519	卖盘
10:32:41	4.52	--	5	2260	卖盘
10:32:31	4.52	-0.01	9	4067	卖盘
10:32:26	4.53	0.01	1	453	买盘
10:32:20	4.52	--	4	1807	卖盘
10:32:17	4.52	-0.01	114	51527	卖盘
10:32:11	4.53	0.01	5	2265	买盘
10:32:05	4.52	--	27	12203	卖盘
10:31:56	4.52	--	64	28927	卖盘
10:31:47	4.52	-0.01	2	903	卖盘
10:31:35	4.53	--	6	2718	买盘
10:31:32	4.53	--	24	10872	买盘
10:31:26	4.53	0.01	5	2265	买盘
10:31:17	4.52	--	121	54691	卖盘
10:31:11	4.52	--	11	4971	卖盘
10:31:05	4.52	--	590	266680	卖盘
10:30:50	4.52	-0.01	40	18080	卖盘
10:30:46	4.53	--	30	13590	买盘
10:30:41	4.53	0.01	12	5436	买盘
10:30:35	4.52	--	8	3615	卖盘
10:30:31	4.52	-0.01	5	2260	卖盘
10:30:26	4.53	0.01	4	1812	买盘
10:30:16	4.52	--	743	335835	卖盘
10:30:11	4.52	--	155	70060	卖盘
10:30:05	4.52	--	10	4520	卖盘
10:30:01	4.52	--	205	92659	卖盘
10:29:56	4.52	--	50	22599	卖盘
10:29:46	4.52	--	10	4520	卖盘
10:29:41	4.52	-0.01	5	2260	卖盘
10:29:31	4.53	--	1	453	买盘
10:29:20	4.53	--	106	48018	买盘
10:29:16	4.53	0.01	75	33975	买盘
10:29:01	4.52	-0.01	21	9492	卖盘
10:28:41	4.53	--	388	175764	卖盘
10:28:26	4.53	--	141	63873	卖盘
10:28:20	4.53	0.01	1124	509172	买盘
10:28:17	4.52	-0.01	123	55595	卖盘
10:28:11	4.53	--	33	14949	买盘
10:27:41	4.53	--	1	453	买盘
10:27:31	4.53	--	4	1812	买盘
10:27:16	4.53	--	10	4530	卖盘
10:27:11	4.53	--	201	91053	卖盘
10:27:01	4.53	--	20	9060	卖盘
10:26:46	4.53	--	4	1812	卖盘
10:26:26	4.53	-0.01	135	61155	卖盘
10:26:14	4.54	0.01	3	1362	买盘
10:26:11	4.53	0.01	455	206115	买盘
10:25:56	4.52	-0.01	5	2260	卖盘
10:25:50	4.53	--	293	132729	买盘
10:25:44	4.53	0.01	10	4530	买盘
10:25:35	4.52	--	47	21243	卖盘
10:25:20	4.52	-0.01	100	45199	卖盘
10:25:14	4.53	0.01	3	1359	买盘
10:25:11	4.52	-0.01	10	4520	卖盘
10:25:05	4.53	--	32	14496	买盘
10:24:50	4.53	0.01	110	49830	买盘
10:24:44	4.52	--	0	0	卖盘
10:24:35	4.52	-0.01	780	352559	卖盘
10:24:29	4.53	-0.01	10	4530	卖盘
10:24:25	4.54	--	117	53118	买盘
10:24:14	4.54	0.01	3	1362	买盘
10:23:56	4.53	--	2	906	卖盘
10:23:44	4.53	--	50	22650	卖盘
10:23:35	4.53	--	50	22650	卖盘
10:23:29	4.53	--	52	23556	卖盘
10:23:25	4.53	-0.01	106	48018	卖盘
10:23:20	4.54	--	22	9988	买盘
10:23:14	4.54	0.01	3	1362	买盘
10:22:59	4.53	--	12	5436	卖盘
10:22:50	4.53	-0.01	200	90600	卖盘
10:22:44	4.54	0.01	1	454	买盘
10:22:25	4.53	--	106	48018	卖盘
10:22:20	4.53	-0.01	10	4530	卖盘
10:22:14	4.54	0.01	3	1362	买盘
10:22:10	4.53	-0.01	994	450282	卖盘
10:22:05	4.54	0.01	13	5902	买盘
10:21:50	4.53	-0.01	28	12684	卖盘
10:21:40	4.54	--	2	908	买盘
10:21:35	4.54	--	32	14528	买盘
10:21:29	4.54	0.01	8	3632	买盘
10:21:25	4.53	-0.01	117	53001	卖盘
10:21:14	4.54	0.01	3	1362	买盘
10:21:05	4.53	--	45	20385	卖盘
10:20:59	4.53	--	7	3171	卖盘
10:20:55	4.53	--	63	28539	卖盘
10:20:50	4.53	--	42	19026	卖盘
10:20:40	4.53	0.01	70	31710	买盘
10:20:35	4.52	-0.01	66	29831	卖盘
10:20:29	4.53	0.01	21	9513	买盘
10:20:25	4.52	-0.01	20	9040	卖盘
10:20:20	4.53	--	60	27180	买盘
10:20:14	4.53	--	19	8607	买盘
10:20:10	4.53	--	2	906	买盘
10:20:05	4.53	--	28	12684	卖盘
10:19:55	4.53	--	24	10872	卖盘
10:19:44	4.53	0.01	5	2265	卖盘
10:19:29	4.52	-0.01	2101	949651	卖盘
10:19:23	4.53	--	2	906	卖盘
10:19:20	4.53	-0.01	16	7248	卖盘
10:19:14	4.54	0.01	3	1362	买盘
10:18:59	4.53	--	10	4530	买盘
10:18:44	4.53	0.01	10	4530	买盘
10:18:35	4.52	--	0	0	卖盘
10:18:29	4.52	-0.01	100	45199	卖盘
10:18:23	4.53	--	98	44394	买盘
10:18:19	4.53	--	5	2265	买盘
10:18:14	4.53	--	3	1359	买盘
10:18:08	4.53	0.01	366	165798	买盘
10:17:44	4.52	-0.01	50	22599	卖盘
10:17:38	4.53	0.01	10	4530	买盘
10:17:34	4.52	--	19	8588	卖盘
10:17:29	4.52	-0.01	159	71868	卖盘
10:17:19	4.53	--	4	1812	买盘
10:17:14	4.53	0.01	581	263193	买盘
10:17:08	4.52	-0.01	1001	452451	卖盘
10:17:04	4.53	--	110	49830	卖盘
10:16:59	4.53	--	78	35497	买盘
10:16:49	4.53	--	69	31546	卖盘
10:16:29	4.53	-0.01	101	45753	卖盘
10:16:19	4.54	0.01	1007	457341	买盘
10:16:14	4.53	--	3	1359	买盘
10:15:59	4.53	--	43	19479	买盘
10:15:53	4.53	0.01	1	453	买盘
10:15:49	4.52	--	42	18984	卖盘
10:15:44	4.52	--	160	72320	卖盘
10:15:34	4.52	-0.01	100	45199	卖盘
10:15:23	4.53	--	5	2265	买盘
10:15:14	4.53	--	1020	462060	买盘
10:15:08	4.53	0.01	30	13590	买盘
10:15:04	4.52	--	78	35256	卖盘
10:14:49	4.52	--	15	6779	卖盘
10:14:44	4.52	--	25	11299	卖盘
10:14:34	4.52	--	111	50171	卖盘
10:14:29	4.52	--	9	4067	卖盘
10:14:23	4.52	--	14	6327	卖盘
10:14:19	4.52	-0.01	16	7231	卖盘
10:14:14	4.53	0.01	83	37599	买盘
10:14:04	4.52	--	1	451	卖盘
10:13:58	4.52	-0.01	18	8135	卖盘
10:13:44	4.53	0.01	600	271800	买盘
10:13:34	4.52	--	101	45651	卖盘
10:13:23	4.52	-0.01	33	14915	卖盘
10:13:14	4.53	--	3	1359	买盘
10:13:08	4.53	--	95	43035	买盘
10:12:59	4.53	0.01	510	231030	买盘
10:12:53	4.52	-0.01	559	252667	卖盘
10:12:47	4.53	0.01	305	138165	买盘
10:12:38	4.52	--	100	45199	卖盘
10:12:24	4.52	-0.01	41	18532	卖盘
10:12:14	4.53	0.01	3	1359	买盘
10:12:08	4.52	--	10	4520	卖盘
10:12:02	4.52	--	50	22599	卖盘
10:11:59	4.52	--	3	1355	卖盘
10:11:44	4.52	--	19	8588	卖盘
10:11:38	4.52	--	127	57403	卖盘
10:11:32	4.52	-0.01	670	302840	卖盘
10:11:17	4.53	--	4	1812	买盘
10:11:13	4.53	0.01	8	3624	买盘
10:11:08	4.52	--	60	27119	卖盘
10:11:02	4.52	--	15	6779	卖盘
10:10:58	4.52	--	54	24407	卖盘
10:10:53	4.52	-0.01	8	3615	卖盘
10:10:47	4.53	--	2	906	买盘
10:10:38	4.53	0.01	1129	511437	买盘
10:10:23	4.52	-0.01	10	4520	卖盘
10:10:13	4.53	--	7	3171	买盘
10:10:02	4.53	0.01	8	3624	买盘
10:09:58	4.52	--	110	49719	卖盘
10:09:53	4.52	--	145	65540	卖盘
10:09:47	4.52	-0.01	9	4067	卖盘
10:09:38	4.53	0.01	126	57078	买盘
10:09:32	4.52	--	229	103507	卖盘
10:09:28	4.52	--	412	186223	卖盘
10:09:23	4.52	--	185	83619	卖盘
10:09:17	4.52	-0.01	130	58759	卖盘
10:09:13	4.53	0.01	103	46659	买盘
10:09:08	4.52	--	241	108931	卖盘
10:08:58	4.52	--	30	13559	卖盘
10:08:53	4.52	--	510	230519	卖盘
10:08:43	4.52	--	60	27119	卖盘
10:08:38	4.52	--	199	89947	卖盘
10:08:32	4.52	--	160	72320	卖盘
10:08:28	4.52	--	168	75936	卖盘
10:08:23	4.52	--	355	160459	卖盘
10:08:17	4.52	-0.01	60	27119	卖盘
10:08:13	4.53	0.01	23	10419	买盘
10:08:08	4.52	--	94	42487	卖盘
10:08:02	4.52	--	29	13107	卖盘
10:07:58	4.52	--	22	9943	卖盘
10:07:53	4.52	--	50	22599	卖盘
10:07:47	4.52	--	10	4520	卖盘
10:07:38	4.52	--	152	68704	卖盘
10:07:32	4.52	-0.01	90	40679	卖盘
10:07:28	4.53	0.01	40	18120	买盘
10:07:23	4.52	--	15	6779	卖盘
10:07:17	4.52	--	18	8135	卖盘
10:07:13	4.52	-0.01	43	19435	卖盘
10:07:08	4.53	--	5	2265	买盘
10:06:53	4.53	--	5	2265	买盘
10:06:47	4.53	0.01	11	4983	买盘
10:06:41	4.52	--	101	45651	卖盘
10:06:38	4.52	-0.01	15	6779	卖盘
10:06:23	4.53	0.01	38	17214	买盘
10:06:17	4.52	-0.01	19	8588	卖盘
10:06:07	4.53	--	63	28539	买盘
10:06:02	4.53	0.01	221	100113	买盘
10:05:53	4.52	-0.01	1006	454711	卖盘
10:05:47	4.53	0.01	30	13590	买盘
10:05:41	4.52	--	100	45199	卖盘
10:05:38	4.52	--	40	18080	卖盘
10:05:32	4.52	--	43	19435	卖盘
10:05:26	4.52	--	4	1807	卖盘
10:05:22	4.52	-0.01	5	2260	卖盘
10:05:17	4.53	0.01	57	25821	买盘
10:05:11	4.52	-0.01	13	5875	卖盘
10:05:08	4.53	0.01	5	2265	买盘
10:05:02	4.52	--	108	48815	卖盘
10:04:47	4.52	--	122	55143	卖盘
10:04:41	4.52	-0.01	30	13559	卖盘
10:04:37	4.53	0.01	88	39864	买盘
10:04:32	4.52	--	10	4520	卖盘
10:04:26	4.52	-0.01	50	22599	卖盘
10:04:22	4.53	0.01	101	45753	买盘
10:04:17	4.52	-0.01	205	92659	卖盘
10:04:07	4.53	--	119	53907	买盘
10:03:56	4.53	--	20	9060	买盘
10:03:52	4.53	--	10	4530	买盘
10:03:47	4.53	0.01	701	317553	买盘
10:03:32	4.52	--	50	22599	卖盘
10:03:26	4.52	-0.01	10	4520	卖盘
10:03:22	4.53	--	230	104190	买盘
10:03:17	4.53	--	3	1359	买盘
10:03:07	4.53	--	5	2265	买盘
10:03:02	4.53	0.01	21	9513	买盘
10:02:56	4.52	--	100	45199	卖盘
10:02:52	4.52	--	58	26215	卖盘
10:02:47	4.52	-0.01	100	45199	卖盘
10:02:41	4.53	--	500	226500	买盘
10:02:37	4.53	--	5	2265	买盘
10:02:32	4.53	--	10	4530	买盘
10:02:22	4.53	0.01	100	45300	买盘
10:02:17	4.52	--	27	12203	卖盘
10:02:11	4.52	--	10	4520	卖盘
10:02:07	4.52	-0.01	9	4067	卖盘
10:02:02	4.53	0.01	1020	462060	买盘
10:01:56	4.52	--	10	4520	卖盘
10:01:52	4.52	--	1	451	卖盘
10:01:47	4.52	-0.01	101	45651	卖盘
10:01:41	4.53	--	50	22650	买盘
10:01:37	4.53	--	156	70668	买盘
10:01:32	4.53	--	15	6795	买盘
10:01:26	4.53	0.01	20	9060	买盘
10:01:22	4.52	--	1	451	卖盘
10:01:17	4.52	--	33	14915	卖盘
10:01:07	4.52	--	16	7231	卖盘
10:00:52	4.52	--	1	451	卖盘
10:00:47	4.52	--	131	59211	卖盘
10:00:41	4.52	-0.01	200	90399	卖盘
10:00:37	4.53	--	7	3171	买盘
10:00:32	4.53	--	100	45300	买盘
10:00:26	4.53	--	22	9966	买盘
10:00:17	4.53	0.01	9	4077	买盘
10:00:11	4.52	-0.01	18	8135	卖盘
10:00:01	4.53	0.01	43	19479	买盘
09:59:56	4.52	--	1	451	卖盘
09:59:47	4.52	-0.01	100	45199	卖盘
09:59:32	4.53	--	10	4530	买盘
09:59:26	4.53	0.01	124	56172	买盘
09:59:17	4.52	--	23	10395	卖盘
09:59:11	4.52	-0.01	3	1355	卖盘
09:59:05	4.53	0.01	10	4530	买盘
09:59:02	4.52	--	23	10395	卖盘
09:58:56	4.52	--	46	20791	买盘
09:58:47	4.52	--	321	145092	买盘
09:58:41	4.52	--	1	451	买盘
09:58:31	4.52	--	10	4520	买盘
09:58:26	4.52	--	988	446575	卖盘
09:58:16	4.52	-0.01	34	15367	卖盘
09:58:11	4.53	0.01	5	2265	买盘
09:58:05	4.52	--	20	9040	卖盘
09:58:01	4.52	--	446	201591	卖盘
09:57:56	4.52	--	2	903	卖盘
09:57:50	4.52	--	206	93111	卖盘
09:57:46	4.52	--	30	13559	卖盘
09:57:35	4.52	--	5	2260	卖盘
09:57:31	4.52	--	11	4971	卖盘
09:57:26	4.52	--	454	205207	买盘
09:57:20	4.52	--	12	5423	买盘
09:57:16	4.52	--	28	12655	买盘
09:57:11	4.52	--	316	142832	卖盘
09:57:05	4.52	-0.01	170	76840	卖盘
09:57:01	4.53	0.01	21	9513	买盘
09:56:56	4.52	--	12	5423	卖盘
09:56:50	4.52	--	101	45651	卖盘
09:56:46	4.52	--	53	23955	卖盘
09:56:41	4.52	--	7	3163	卖盘
09:56:35	4.52	--	101	45651	卖盘
09:56:31	4.52	-0.01	159	71868	卖盘
09:56:26	4.53	--	81	36693	买盘
09:56:20	4.53	0.01	14	6342	买盘
09:56:16	4.52	-0.01	15	6852	卖盘
09:56:11	4.53	0.01	130	58890	买盘
09:56:05	4.52	-0.01	2013	909875	卖盘
09:56:01	4.53	0.01	10	4530	买盘
09:55:56	4.52	-0.01	101	45651	卖盘
09:55:46	4.53	0.01	4	1812	买盘
09:55:41	4.52	--	30	13559	卖盘
09:55:35	4.52	-0.01	36	16271	卖盘
09:55:31	4.53	0.01	11	4983	买盘
09:55:26	4.52	--	35	15819	卖盘
09:55:20	4.52	--	217	98083	卖盘
09:55:16	4.52	-0.01	33	14915	卖盘
09:55:11	4.53	--	15	6795	买盘
09:55:05	4.53	0.01	2	906	买盘
09:55:01	4.52	--	96	43391	卖盘
09:54:56	4.52	-0.01	107	48363	卖盘
09:54:50	4.53	0.01	20	9060	买盘
09:54:46	4.52	--	1780	804559	卖盘
09:54:41	4.52	--	400	180799	卖盘
09:54:35	4.52	--	677	306004	卖盘
09:54:31	4.52	--	20	9040	卖盘
09:54:26	4.52	--	21	9492	卖盘
09:54:16	4.52	-0.01	86	38871	卖盘
09:54:11	4.53	0.01	5	2265	买盘
09:54:05	4.52	--	85	38420	卖盘
09:54:01	4.52	--	40	18080	卖盘
09:53:56	4.52	-0.01	101	45651	卖盘
09:53:50	4.53	0.01	9	4077	买盘
09:53:44	4.52	--	50	22599	卖盘
09:53:41	4.52	-0.01	62	28023	卖盘
09:53:35	4.53	--	10	4530	买盘
09:53:26	4.53	0.01	85	38505	买盘
09:53:20	4.52	--	10	4520	卖盘
09:53:14	4.52	-0.01	12	5423	卖盘
09:53:05	4.53	--	50	22650	买盘
09:52:59	4.53	0.01	7	3171	买盘
09:52:56	4.52	-0.01	104	47007	卖盘
09:52:50	4.53	--	6	2718	买盘
09:52:44	4.53	--	100	45300	买盘
09:52:41	4.53	0.01	1	453	买盘
09:52:35	4.52	--	10	4520	卖盘
09:52:26	4.52	--	116	52431	卖盘
09:52:20	4.52	--	6	2711	卖盘
09:52:14	4.52	--	43	19435	卖盘
09:52:11	4.52	-0.01	12	5423	卖盘
09:52:05	4.53	--	484	219252	买盘
09:51:59	4.53	--	5	2265	买盘
09:51:56	4.53	0.01	111	50283	买盘
09:51:50	4.52	--	45	20339	卖盘
09:51:44	4.52	-0.01	100	45199	卖盘
09:51:40	4.53	0.01	34	15402	买盘
09:51:25	4.52	--	118	53335	卖盘
09:51:20	4.52	-0.01	50	22599	卖盘
09:51:14	4.53	0.01	3	1359	买盘
09:51:10	4.52	-0.01	422	190743	卖盘
09:50:55	4.53	--	2	906	买盘
09:50:50	4.53	--	10	4530	买盘
09:50:44	4.53	--	452	204756	卖盘
09:50:25	4.53	--	20	9060	卖盘
09:50:20	4.53	-0.01	220	99660	卖盘
09:50:14	4.54	--	18	8172	买盘
09:50:10	4.54	--	13	5902	买盘
09:50:05	4.54	0.01	90	40860	买盘
09:49:59	4.53	--	269	121857	卖盘
09:49:55	4.53	--	91	41223	卖盘
09:49:44	4.53	--	3	1359	卖盘
09:49:40	4.53	--	392	177576	卖盘
09:49:35	4.53	--	30	13590	卖盘
09:49:25	4.53	--	138	62514	卖盘
09:49:20	4.53	--	20	9060	卖盘
09:49:14	4.53	--	27	12231	卖盘
09:49:10	4.53	--	23	10419	卖盘
09:49:05	4.53	--	8	3624	卖盘
09:48:59	4.53	-0.01	105	47565	卖盘
09:48:55	4.54	0.01	16	7264	买盘
09:48:50	4.53	--	9	4077	卖盘
09:48:40	4.53	--	10	4530	卖盘
09:48:35	4.53	--	64	28992	卖盘
09:48:29	4.53	-0.01	4	1812	卖盘
09:48:25	4.54	--	10	4540	买盘
09:48:14	4.54	--	41	18614	买盘
09:48:10	4.54	0.01	33	14982	买盘
09:47:59	4.53	-0.01	101	45753	卖盘
09:47:55	4.54	0.01	4	1816	买盘
09:47:40	4.53	--	49	22197	卖盘
09:47:35	4.53	-0.01	61	27633	卖盘
09:47:20	4.54	--	557	252878	买盘
09:47:14	4.54	0.01	8	3632	买盘
09:47:08	4.53	-0.01	7	3171	卖盘
09:47:04	4.54	0.01	200	90800	买盘
09:46:59	4.53	-0.01	1245	563985	卖盘
09:46:53	4.54	--	5	2270	买盘
09:46:50	4.54	--	82	37228	买盘
09:46:44	4.54	--	26	11804	买盘
09:46:38	4.54	--	27	12258	买盘
09:46:34	4.54	--	1350	612900	买盘
09:46:23	4.54	--	40	18160	买盘
09:46:14	4.54	--	35	15890	买盘
09:46:08	4.54	--	4	1816	买盘
09:46:05	4.54	--	118	53572	买盘
09:45:59	4.54	--	90	40860	买盘
09:45:53	4.54	--	50	22700	买盘
09:45:50	4.54	--	61	27694	买盘
09:45:44	4.54	--	146	66284	买盘
09:45:29	4.54	--	639	290106	买盘
09:45:23	4.54	--	5	2270	买盘
09:45:20	4.54	--	60	27240	买盘
09:45:14	4.54	0.01	13	5902	买盘
09:45:08	4.53	-0.01	1	453	卖盘
09:45:04	4.54	--	115	52210	买盘
09:44:59	4.54	--	43	19522	买盘
09:44:49	4.54	0.01	1	454	买盘
09:44:44	4.53	-0.01	2	906	卖盘
09:44:38	4.54	--	626	284204	买盘
09:44:34	4.54	0.01	86	39044	买盘
09:44:29	4.53	--	120	54360	卖盘
09:44:23	4.53	--	17	7701	卖盘
09:44:19	4.53	-0.01	10	4530	卖盘
09:44:14	4.54	--	169	76726	买盘
09:44:08	4.54	0.01	63	28602	买盘
09:44:04	4.53	--	117	53001	卖盘
09:43:59	4.53	-0.01	142	64326	卖盘
09:43:49	4.54	--	1	454	买盘
09:43:38	4.54	0.01	50	22700	买盘
09:43:34	4.53	--	19	8607	卖盘
09:43:29	4.53	--	344	155832	卖盘
09:43:23	4.53	--	2	906	卖盘
09:43:14	4.53	--	59	26727	卖盘
09:43:08	4.53	--	67	30351	卖盘
09:43:04	4.53	--	136	61608	卖盘
09:42:59	4.53	-0.01	13	5889	卖盘
09:42:53	4.54	0.01	1000	454000	买盘
09:42:49	4.53	--	127	57531	卖盘
09:42:44	4.53	--	28	12684	卖盘
09:42:38	4.53	--	54	24462	卖盘
09:42:34	4.53	-0.01	85	38505	卖盘
09:42:29	4.54	--	38	17252	买盘
09:42:23	4.54	0.02	184	83536	买盘
09:42:19	4.52	-0.02	268	121135	卖盘
09:42:14	4.54	--	3	1362	买盘
09:42:08	4.54	0.01	107	48578	买盘
09:42:04	4.53	-0.01	10	4530	中性盘
09:41:59	4.54	0.01	37	16798	买盘
09:41:49	4.53	--	31	14043	买盘
09:41:44	4.53	--	14	6342	卖盘
09:41:38	4.53	--	178	80634	卖盘
09:41:34	4.53	--	1348	610644	买盘
09:41:29	4.53	0.01	80	36240	买盘
09:41:19	4.52	-0.01	183	82715	卖盘
09:41:14	4.53	0.01	103	46659	买盘
09:41:04	4.52	--	136	61471	卖盘
09:40:59	4.52	-0.01	48	21695	卖盘
09:40:53	4.53	0.01	6	2718	买盘
09:40:48	4.52	-0.01	642	290184	卖盘
09:40:44	4.53	0.01	61	27633	买盘
09:40:38	4.52	--	30	13559	卖盘
09:40:29	4.52	-0.01	10	4520	卖盘
09:40:23	4.53	0.01	407	184371	买盘
09:40:17	4.52	--	55	24859	卖盘
09:40:14	4.52	--	131	59211	卖盘
09:40:08	4.52	--	123	55595	卖盘
09:40:02	4.52	--	6	2711	卖盘
09:39:59	4.52	--	10	4520	卖盘
09:39:53	4.52	0.01	139	62827	卖盘
09:39:47	4.51	-0.01	31	13981	卖盘
09:39:44	4.52	--	521	235496	买盘
09:39:38	4.52	--	457	206563	买盘
09:39:32	4.52	--	20	9040	买盘
09:39:29	4.52	--	133	60115	买盘
09:39:23	4.52	0.01	331	149612	买盘
09:39:17	4.51	--	4	1804	卖盘
09:39:14	4.51	--	48	21648	卖盘
09:39:08	4.51	-0.01	628	283228	卖盘
09:39:02	4.52	0.01	58	26215	买盘
09:38:59	4.51	--	101	45551	卖盘
09:38:53	4.51	--	89	40139	卖盘
09:38:47	4.51	--	32	14432	卖盘
09:38:44	4.51	-0.01	120	54120	卖盘
09:38:38	4.52	--	230	103959	买盘
09:38:32	4.52	--	11	4971	买盘
09:38:28	4.52	0.01	173	78195	买盘
09:38:23	4.51	--	29	13079	卖盘
09:38:13	4.51	--	86	38786	卖盘
09:38:08	4.51	-0.01	116	52316	卖盘
09:38:02	4.52	--	8	3615	买盘
09:37:58	4.52	0.01	36	16271	买盘
09:37:53	4.51	--	196	88396	卖盘
09:37:47	4.51	-0.01	2	902	卖盘
09:37:43	4.52	--	58	26215	买盘
09:37:38	4.52	--	93	42035	买盘
09:37:32	4.52	--	50	22599	买盘
09:37:28	4.52	--	39	17628	买盘
09:37:23	4.52	--	71	32091	买盘
09:37:17	4.52	-0.01	148	67343	卖盘
09:37:13	4.53	0.01	208	94224	买盘
09:37:08	4.52	--	152	68704	卖盘
09:37:02	4.52	--	60	27119	卖盘
09:36:53	4.52	--	100	45199	卖盘
09:36:47	4.52	--	81	36612	卖盘
09:36:43	4.52	--	837	378323	卖盘
09:36:38	4.52	--	1000	451999	卖盘
09:36:28	4.52	--	10	4520	卖盘
09:36:23	4.52	--	94	42487	卖盘
09:36:13	4.52	-0.01	156	70512	卖盘
09:36:08	4.53	0.01	5	2265	买盘
09:36:02	4.52	-0.01	5	2260	卖盘
09:35:58	4.53	--	238	107814	买盘
09:35:53	4.53	--	52	23556	买盘
09:35:47	4.53	0.01	56	25368	买盘
09:35:43	4.52	--	394	178087	卖盘
09:35:32	4.52	--	11	4971	卖盘
09:35:28	4.52	--	86	38871	卖盘
09:35:23	4.52	-0.01	2	903	卖盘
09:35:17	4.53	--	20	9060	买盘
09:35:13	4.53	--	130	58890	买盘
09:35:08	4.53	--	50	22650	买盘
09:35:02	4.53	0.01	21	9513	买盘
09:34:58	4.52	--	10	4520	卖盘
09:34:53	4.52	--	74	33448	卖盘
09:34:43	4.52	--	5	2260	卖盘
09:34:38	4.52	-0.01	3	1355	卖盘
09:34:32	4.53	--	1	453	买盘
09:34:28	4.53	--	50	22654	买盘
09:34:23	4.53	--	293	132729	买盘
09:34:17	4.53	--	58	26274	买盘
09:34:11	4.53	0.01	32	14496	买盘
09:34:08	4.52	-0.01	42	18984	卖盘
09:34:02	4.53	0.01	70	31710	买盘
09:33:56	4.52	-0.01	687	310523	卖盘
09:33:53	4.53	0.01	36	16308	买盘
09:33:47	4.52	-0.01	1313	593476	卖盘
09:33:38	4.53	0.01	25	11325	买盘
09:33:32	4.52	-0.01	32	14463	卖盘
09:33:26	4.53	--	735	332955	卖盘
09:33:23	4.53	--	280	126840	卖盘
09:33:17	4.53	--	208	94224	卖盘
09:33:11	4.53	--	101	45753	卖盘
09:33:07	4.53	--	196	88788	卖盘
09:33:02	4.53	-0.01	20	9060	卖盘
09:32:56	4.54	0.01	27	12258	买盘
09:32:53	4.53	--	13	5889	卖盘
09:32:47	4.53	-0.01	5	2265	卖盘
09:32:32	4.54	0.01	100	45400	买盘
09:32:22	4.53	-0.01	214	96942	卖盘
09:32:17	4.54	--	8	3632	买盘
09:32:11	4.54	0.01	5	2270	买盘
09:32:08	4.53	-0.01	148	67044	卖盘
09:31:56	4.54	0.01	88	39952	买盘
09:31:52	4.53	--	20	9060	卖盘
09:31:47	4.53	--	177	80181	卖盘
09:31:41	4.53	-0.01	40	18120	卖盘
09:31:37	4.54	0.01	10	4540	买盘
09:31:26	4.53	-0.01	1017	460701	卖盘
09:31:22	4.54	0.01	10	4540	买盘
09:31:17	4.53	-0.01	10	4530	卖盘
09:31:11	4.54	--	10	4540	买盘
09:31:07	4.54	--	4	1816	买盘
09:30:56	4.54	0.01	14	6356	买盘
09:30:52	4.53	-0.01	134	60702	卖盘
09:30:41	4.54	-0.01	19	8626	卖盘
09:30:37	4.55	0.01	39	17745	买盘
09:30:32	4.54	--	56	25424	买盘
09:30:26	4.54	-0.01	344	156176	卖盘
09:30:22	4.55	0.01	50	22750	买盘
09:30:17	4.54	-0.01	249	113046	卖盘
09:30:11	4.55	0.01	5	2275	买盘
09:30:07	4.54	0.01	362	164348	卖盘
09:30:02	4.53	-0.01	1086	491958	卖盘
09:28:43	4.54	--	0	0	买盘
09:25:01	4.54	4.54	1172	532088	买盘
