成交时间	成交价	价格变动	成交量(手)	成交额(元)	性质
15:00:00	15.68	--	0	0	买盘
15:00:00	15.68	0.02	33	51744	买盘
14:59:59	15.66	-0.01	488	764208	卖盘
14:59:53	15.67	-0.01	79	123793	中性盘
14:59:49	15.68	--	705	1105440	买盘
14:59:44	15.68	--	285	446880	买盘
14:59:38	15.68	--	98	153664	买盘
14:59:34	15.68	--	734	1150912	买盘
14:59:29	15.68	--	157	246176	买盘
14:59:23	15.68	--	37	58016	买盘
14:59:19	15.68	-0.01	86	134848	卖盘
14:59:14	15.69	0.01	1373	2154237	买盘
14:59:08	15.68	--	142	222656	卖盘
14:59:04	15.68	-0.01	352	551936	卖盘
14:58:59	15.69	--	154	241626	买盘
14:58:53	15.69	-0.01	389	610341	卖盘
14:58:49	15.7	0.01	729	1144530	买盘
14:58:44	15.69	--	115	180435	买盘
14:58:38	15.69	0.01	69	108261	买盘
14:58:34	15.68	--	105	164640	卖盘
14:58:29	15.68	--	363	569184	买盘
14:58:23	15.68	--	81	127008	卖盘
14:58:19	15.68	-0.01	41	64288	买盘
14:58:14	15.69	0.02	1693	2656317	买盘
14:58:08	15.67	-0.01	173	271091	卖盘
14:58:04	15.68	-0.01	463	725984	卖盘
14:57:59	15.69	--	466	731154	买盘
14:57:49	15.69	0.01	608	953952	买盘
14:57:44	15.68	--	137	214816	卖盘
14:57:38	15.68	--	192	301056	买盘
14:57:34	15.68	0.01	545	854560	买盘
14:57:29	15.67	--	68	106556	卖盘
14:57:23	15.67	-0.01	259	405853	卖盘
14:57:19	15.68	0.01	196	307328	买盘
14:57:14	15.67	-0.01	40	62680	卖盘
14:57:08	15.68	0.01	146	228928	买盘
14:57:04	15.67	--	1095	1715865	卖盘
14:56:59	15.67	--	85	133195	卖盘
14:56:53	15.67	--	86	134762	卖盘
14:56:49	15.67	--	193	302431	买盘
14:56:44	15.67	--	164	256988	卖盘
14:56:38	15.67	--	18	28206	买盘
14:56:34	15.67	-0.01	182	285194	卖盘
14:56:29	15.68	0.01	360	564480	买盘
14:56:23	15.67	--	83	130061	买盘
14:56:19	15.67	--	67	104989	卖盘
14:56:14	15.67	--	368	576656	卖盘
14:56:08	15.67	--	10	15670	卖盘
14:56:04	15.67	--	244	382348	卖盘
14:55:59	15.67	--	314	492038	买盘
14:55:53	15.67	--	26	40742	买盘
14:55:49	15.67	--	530	830510	卖盘
14:55:44	15.67	-0.01	69	108123	卖盘
14:55:38	15.68	0.01	38	59584	买盘
14:55:34	15.67	0.01	416	651872	买盘
14:55:29	15.66	-0.01	40	62640	卖盘
14:55:23	15.67	--	87	136329	买盘
14:55:19	15.67	--	72	112824	买盘
14:55:14	15.67	--	27	42309	买盘
14:55:08	15.67	0.01	11	17237	买盘
14:55:04	15.66	-0.01	249	389949	卖盘
14:54:59	15.67	0.01	295	462265	买盘
14:54:53	15.66	--	11	17226	卖盘
14:54:49	15.66	--	44	68904	卖盘
14:54:44	15.66	0.01	72	112752	买盘
14:54:38	15.65	-0.01	205	320825	卖盘
14:54:34	15.66	0.01	949	1486134	买盘
14:54:29	15.65	-0.01	573	896745	卖盘
14:54:23	15.66	0.01	101	158166	买盘
14:54:19	15.65	-0.01	444	694860	卖盘
14:54:13	15.66	0.01	157	245862	买盘
14:54:08	15.65	--	108	169020	卖盘
14:54:04	15.65	-0.01	308	482020	卖盘
14:53:58	15.66	0.01	167	261522	买盘
14:53:53	15.65	-0.01	26	40690	卖盘
14:53:48	15.66	--	111	173826	买盘
14:53:43	15.66	0.01	136	212976	买盘
14:53:38	15.65	--	228	356820	卖盘
14:53:34	15.65	--	112	175280	卖盘
14:53:28	15.65	-0.01	79	123635	卖盘
14:53:23	15.66	--	83	129978	买盘
14:53:13	15.66	--	128	200448	卖盘
14:53:08	15.66	--	224	350784	卖盘
14:53:02	15.66	--	22	34452	卖盘
14:52:58	15.66	--	55	86130	买盘
14:52:53	15.66	--	326	510516	买盘
14:52:47	15.66	0.01	1	1566	买盘
14:52:43	15.65	-0.01	63	98595	卖盘
14:52:38	15.66	--	113	176958	买盘
14:52:32	15.66	-0.01	726	1136916	卖盘
14:52:28	15.67	--	87	136329	买盘
14:52:23	15.67	--	690	1081230	卖盘
14:52:17	15.67	--	50	78350	卖盘
14:52:13	15.67	--	53	83051	卖盘
14:52:08	15.67	--	442	692614	买盘
14:52:02	15.67	--	92	144164	买盘
14:51:58	15.67	--	58	90886	买盘
14:51:53	15.67	--	366	573522	卖盘
14:51:47	15.67	--	10	15670	卖盘
14:51:43	15.67	--	131	205277	卖盘
14:51:38	15.67	-0.01	229	358843	卖盘
14:51:32	15.68	0.01	13	20384	买盘
14:51:28	15.67	--	67	104989	卖盘
14:51:23	15.67	--	20	31340	卖盘
14:51:17	15.67	--	68	106556	买盘
14:51:13	15.67	--	170	266390	买盘
14:51:08	15.67	--	11	17237	买盘
14:51:02	15.67	0.01	47	73649	买盘
14:50:58	15.66	-0.01	76	119016	卖盘
14:50:53	15.67	--	115	180205	买盘
14:50:47	15.67	0.01	155	242885	买盘
14:50:43	15.66	--	169	264654	卖盘
14:50:38	15.66	--	56	87696	卖盘
14:50:32	15.66	0.01	106	165996	买盘
14:50:28	15.65	-0.02	45	70425	卖盘
14:50:23	15.67	0.01	267	418389	买盘
14:50:17	15.66	--	28	43848	卖盘
14:50:13	15.66	0.01	255	399330	买盘
14:50:08	15.65	-0.01	60	93900	卖盘
14:49:58	15.66	--	82	128412	买盘
14:49:53	15.66	--	439	687474	卖盘
14:49:47	15.66	--	9	14094	卖盘
14:49:43	15.66	--	309	483894	卖盘
14:49:38	15.66	-0.01	132	206712	卖盘
14:49:32	15.67	--	64	100288	买盘
14:49:28	15.67	--	174	272658	卖盘
14:49:23	15.67	--	97	151999	卖盘
14:49:17	15.67	-0.01	102	159834	卖盘
14:49:13	15.68	--	129	202272	买盘
14:49:08	15.68	--	111	174048	买盘
14:49:02	15.68	0.01	49	76832	买盘
14:48:58	15.67	-0.01	135	211545	卖盘
14:48:53	15.68	--	85	133280	卖盘
14:48:47	15.68	--	42	65856	卖盘
14:48:43	15.68	--	31	48608	卖盘
14:48:38	15.68	-0.01	129	202272	卖盘
14:48:32	15.69	--	55	86295	卖盘
14:48:28	15.69	--	154	241626	卖盘
14:48:23	15.69	--	353	553857	卖盘
14:48:13	15.69	-0.01	56	87864	卖盘
14:48:08	15.7	--	54	84780	卖盘
14:48:02	15.7	--	67	105190	卖盘
14:47:58	15.7	--	217	340690	买盘
14:47:53	15.7	--	273	428610	买盘
14:47:47	15.7	--	64	100480	买盘
14:47:43	15.7	-0.01	1222	1918540	卖盘
14:47:37	15.71	--	30	47130	卖盘
14:47:32	15.71	-0.01	137	215227	卖盘
14:47:26	15.72	0.01	81	127332	买盘
14:47:22	15.71	--	187	293777	卖盘
14:47:17	15.71	--	209	328339	卖盘
14:47:11	15.71	--	136	213656	卖盘
14:47:07	15.71	-0.01	104	163384	买盘
14:47:02	15.72	-0.01	30	47160	中性盘
14:46:56	15.73	0.01	204	320892	买盘
14:46:52	15.72	--	269	422868	买盘
14:46:47	15.72	--	507	797004	买盘
14:46:41	15.72	--	74	116328	买盘
14:46:37	15.72	0.01	31	48732	买盘
14:46:32	15.71	-0.01	75	117825	卖盘
14:46:26	15.72	0.01	41	64452	买盘
14:46:22	15.71	-0.01	1249	1962179	卖盘
14:46:17	15.72	0.01	89	139908	买盘
14:46:11	15.71	-0.01	20	31420	卖盘
14:46:07	15.72	--	121	190212	买盘
14:46:02	15.72	0.01	339	532908	买盘
14:45:56	15.71	-0.01	49	76979	卖盘
14:45:52	15.72	0.01	67	105324	买盘
14:45:47	15.71	-0.01	122	191662	卖盘
14:45:41	15.72	--	126	198072	卖盘
14:45:37	15.72	--	135	212220	卖盘
14:45:32	15.72	0.01	68	106896	中性盘
14:45:26	15.71	--	279	438309	卖盘
14:45:22	15.71	--	198	311058	卖盘
14:45:17	15.71	--	298	468158	卖盘
14:45:11	15.71	--	48	75408	买盘
14:45:07	15.71	--	98	153958	卖盘
14:45:02	15.71	--	201	315771	买盘
14:44:56	15.71	0.01	438	688098	中性盘
14:44:52	15.7	-0.01	63	98910	卖盘
14:44:47	15.71	-0.01	86	135106	中性盘
14:44:41	15.72	0.01	86	135192	买盘
14:44:37	15.71	-0.01	744	1168824	卖盘
14:44:32	15.72	0.01	236	370992	中性盘
14:44:26	15.71	--	235	369185	卖盘
14:44:22	15.71	--	125	196375	卖盘
14:44:17	15.71	-0.01	151	237221	卖盘
14:44:11	15.72	--	53	83316	买盘
14:44:07	15.72	--	160	251520	买盘
14:44:02	15.72	--	272	427584	卖盘
14:43:56	15.72	--	89	139908	卖盘
14:43:52	15.72	--	298	468456	卖盘
14:43:47	15.72	--	208	326976	买盘
14:43:41	15.72	--	37	58164	买盘
14:43:37	15.72	--	1573	2472756	卖盘
14:43:32	15.72	-0.01	765	1202580	卖盘
14:43:26	15.73	-0.01	79	124267	中性盘
14:43:22	15.74	0.02	855	1345770	买盘
14:43:17	15.72	--	453	712116	卖盘
14:43:11	15.72	-0.01	15	23580	卖盘
14:43:07	15.73	0.01	143	224939	买盘
14:43:02	15.72	0.01	257	404004	买盘
14:42:56	15.71	0.01	170	267070	买盘
14:42:52	15.7	-0.01	1116	1752120	卖盘
14:42:47	15.71	-0.02	186	292206	卖盘
14:42:41	15.73	-0.01	992	1560416	卖盘
14:42:37	15.74	0.02	1132	1781768	买盘
14:42:32	15.72	-0.01	780	1226160	卖盘
14:42:26	15.73	-0.02	249	392856	卖盘
14:42:22	15.75	--	930	1464750	卖盘
14:42:17	15.75	-0.01	1210	1905750	卖盘
14:42:11	15.76	--	177	278952	买盘
14:42:07	15.76	-0.01	416	655616	中性盘
14:42:02	15.77	--	721	1137017	买盘
14:41:56	15.77	0.01	241	380057	买盘
14:41:52	15.76	-0.02	1091	1719416	中性盘
14:41:47	15.78	0.02	4285	6761730	买盘
14:41:41	15.76	0.01	276	434976	买盘
14:41:37	15.75	--	1024	1612800	卖盘
14:41:32	15.75	0.01	696	1096200	买盘
14:41:26	15.74	-0.02	436	686657	卖盘
14:41:22	15.76	0.02	1329	2094504	买盘
14:41:17	15.74	--	863	1358362	买盘
14:41:11	15.74	0.02	198	311652	买盘
14:41:07	15.72	-0.01	1388	2181936	卖盘
14:41:01	15.73	0.01	3861	6073353	买盘
14:40:56	15.72	0.02	731	1149132	买盘
14:40:50	15.7	--	217	340690	卖盘
14:40:46	15.7	--	365	573050	卖盘
14:40:41	15.7	0.01	5245	8234650	买盘
14:40:35	15.69	0.01	386	605634	买盘
14:40:31	15.68	0.01	3506	5497408	买盘
14:40:26	15.67	--	833	1305311	买盘
14:40:20	15.67	--	473	741191	买盘
14:40:16	15.67	0.01	598	937066	买盘
14:40:11	15.66	--	1542	2414772	买盘
14:40:05	15.66	0.01	257	402462	买盘
14:40:01	15.65	0.02	2230	3489950	买盘
14:39:56	15.63	-0.02	301	470463	卖盘
14:39:50	15.65	--	167	261355	买盘
14:39:46	15.65	--	474	741810	买盘
14:39:41	15.65	--	466	729290	卖盘
14:39:35	15.65	--	90	140850	买盘
14:39:31	15.65	0.03	611	956215	买盘
14:39:26	15.62	-0.03	1221	1907202	卖盘
14:39:20	15.65	--	64	100160	卖盘
14:39:16	15.65	0.05	7106	11120890	买盘
14:39:11	15.6	0.01	81	126360	买盘
14:39:05	15.59	--	0	0	卖盘
14:39:01	15.59	-0.01	2072	3230248	卖盘
14:38:56	15.6	-0.01	39	60840	买盘
14:38:50	15.61	--	0	0	买盘
14:38:46	15.61	0.03	1040	1623440	买盘
14:38:41	15.58	-0.01	56	87248	卖盘
14:38:35	15.59	--	111	173049	买盘
14:38:31	15.59	--	42	65478	买盘
14:38:26	15.59	-0.01	171	266589	中性盘
14:38:20	15.6	0.02	37	57720	买盘
14:38:16	15.58	-0.01	246	383268	卖盘
14:38:11	15.59	--	119	185521	买盘
14:38:05	15.59	0.01	108	168372	买盘
14:38:01	15.58	--	9	14022	卖盘
14:37:56	15.58	0.01	14	21812	买盘
14:37:50	15.57	--	3	4671	卖盘
14:37:46	15.57	-0.02	61	94977	卖盘
14:37:41	15.59	0.02	215	335185	买盘
14:37:35	15.57	-0.02	20	31140	卖盘
14:37:31	15.59	--	64	99776	买盘
14:37:26	15.59	--	122	190198	买盘
14:37:20	15.59	--	12	18708	买盘
14:37:16	15.59	--	5	7795	买盘
14:37:11	15.59	--	30	46770	中性盘
14:37:05	15.59	--	174	271266	卖盘
14:37:01	15.59	-0.02	184	286856	卖盘
14:36:56	15.61	--	83	129563	买盘
14:36:50	15.61	-0.01	66	103026	买盘
14:36:46	15.62	0.01	147	229614	买盘
14:36:41	15.61	-0.01	163	254443	卖盘
14:36:35	15.62	--	164	256168	买盘
14:36:31	15.62	--	99	154638	买盘
14:36:26	15.62	-0.01	340	531080	卖盘
14:36:20	15.63	0.01	330	515790	买盘
14:36:16	15.62	-0.01	203	317086	卖盘
14:36:11	15.63	0.01	705	1101915	买盘
14:36:05	15.62	--	20	31240	买盘
14:36:01	15.62	0.01	143	223366	买盘
14:35:56	15.61	0.01	983	1534463	买盘
14:35:50	15.6	--	761	1187160	买盘
14:35:46	15.6	--	1295	2020200	买盘
14:35:41	15.6	0.04	191	297960	买盘
14:35:35	15.56	-0.02	510	793560	卖盘
14:35:31	15.58	0.02	405	630990	买盘
14:35:26	15.56	--	519	807953	买盘
14:35:20	15.56	0.01	15	23340	买盘
14:35:16	15.55	0.02	3001	4667705	买盘
14:35:11	15.53	--	1487	2309311	卖盘
14:35:05	15.53	--	393	610329	卖盘
14:35:01	15.53	--	932	1447396	买盘
14:34:56	15.53	--	61	94733	买盘
14:34:50	15.53	0.01	100	155300	买盘
14:34:46	15.52	--	110	170720	卖盘
14:34:41	15.52	-0.01	87	135024	卖盘
14:34:35	15.53	--	6	9318	买盘
14:34:29	15.53	0.01	6	9318	买盘
14:34:25	15.52	--	53	82256	卖盘
14:34:20	15.52	--	23	35696	卖盘
14:34:14	15.52	--	10	15520	卖盘
14:34:10	15.52	0.02	72	111744	买盘
14:33:59	15.5	-0.01	18	27900	卖盘
14:33:55	15.51	-0.01	30	46530	卖盘
14:33:50	15.52	0.02	51	79152	买盘
14:33:44	15.5	-0.01	66	102300	卖盘
14:33:40	15.51	0.01	230	356730	买盘
14:33:35	15.5	--	56	86800	卖盘
14:33:29	15.5	--	54	83700	卖盘
14:33:25	15.5	-0.01	76	117800	卖盘
14:33:20	15.51	0.01	131	203181	买盘
14:33:14	15.5	--	13	20150	卖盘
14:33:10	15.5	--	157	243350	卖盘
14:33:05	15.5	0.01	215	333250	买盘
14:32:59	15.49	-0.01	28	43372	卖盘
14:32:55	15.5	0.01	114	176700	买盘
14:32:50	15.49	-0.01	22	34078	卖盘
14:32:40	15.5	--	108	167400	买盘
14:32:35	15.5	--	417	646350	卖盘
14:32:29	15.5	--	20	31000	卖盘
14:32:25	15.5	-0.01	67	103850	卖盘
14:32:20	15.51	0.01	83	128733	买盘
14:32:14	15.5	--	21	32550	卖盘
14:32:10	15.5	--	59	91450	卖盘
14:32:05	15.5	-0.01	5	7750	卖盘
14:31:55	15.51	0.01	116	179916	买盘
14:31:50	15.5	--	111	172050	卖盘
14:31:44	15.5	--	112	173600	卖盘
14:31:40	15.5	--	17	26350	卖盘
14:31:35	15.5	-0.01	304	471200	卖盘
14:31:29	15.51	0.01	81	125631	买盘
14:31:25	15.5	-0.01	9	13950	卖盘
14:31:20	15.51	0.01	75	116325	买盘
14:31:14	15.5	-0.01	2	3100	买盘
14:31:10	15.51	0.01	200	310200	买盘
14:31:05	15.5	-0.01	57	88350	卖盘
14:30:59	15.51	0.02	158	245058	买盘
14:30:55	15.49	-0.02	10	15490	卖盘
14:30:50	15.51	0.01	386	598686	买盘
14:30:44	15.5	--	52	80600	卖盘
14:30:40	15.5	--	522	809100	卖盘
14:30:35	15.5	-0.02	67	103850	卖盘
14:30:29	15.52	0.01	105	162960	买盘
14:30:25	15.51	-0.01	209	324159	卖盘
14:30:20	15.52	0.02	58	90016	买盘
14:30:14	15.5	--	13	20150	卖盘
14:30:10	15.5	-0.01	55	85250	卖盘
14:30:05	15.51	-0.01	26	40326	卖盘
14:29:59	15.52	-0.01	22	34144	买盘
14:29:55	15.53	--	341	529573	买盘
14:29:50	15.53	--	14	21742	买盘
14:29:40	15.53	0.03	23	35719	买盘
14:29:35	15.5	-0.04	861	1335960	卖盘
14:29:29	15.54	0.01	75	116550	买盘
14:29:25	15.53	-0.01	50	77650	卖盘
14:29:20	15.54	--	48	74592	买盘
14:29:14	15.54	--	26	40404	买盘
14:29:10	15.54	0.01	50	77700	买盘
14:29:05	15.53	--	47	72991	卖盘
14:28:59	15.53	-0.01	25	38825	卖盘
14:28:55	15.54	--	5	7770	买盘
14:28:50	15.54	--	12	18648	买盘
14:28:44	15.54	0.01	43	66822	买盘
14:28:40	15.53	--	42	65226	卖盘
14:28:35	15.53	--	3	4659	卖盘
14:28:29	15.53	--	10	15530	卖盘
14:28:25	15.53	-0.01	32	49696	卖盘
14:28:20	15.54	0.01	20	31080	买盘
14:28:09	15.53	0.01	154	239162	买盘
14:27:53	15.52	0.01	5	7760	买盘
14:27:49	15.51	--	109	169059	卖盘
14:27:44	15.51	-0.01	10	15510	卖盘
14:27:38	15.52	0.01	40	62080	买盘
14:27:34	15.51	-0.01	91	141141	卖盘
14:27:29	15.52	-0.01	10	15520	卖盘
14:27:23	15.53	--	1	1553	买盘
14:27:19	15.53	0.01	93	144429	买盘
14:27:14	15.52	-0.01	6	9312	卖盘
14:27:04	15.53	0.01	3	4659	买盘
14:26:59	15.52	-0.02	55	85360	卖盘
14:26:53	15.54	--	4	6216	买盘
14:26:49	15.54	0.01	108	167832	买盘
14:26:44	15.53	--	28	43484	卖盘
14:26:38	15.53	--	24	37272	卖盘
14:26:29	15.53	--	18	27954	买盘
14:26:23	15.53	-0.01	149	231397	卖盘
14:26:19	15.54	--	21	32634	买盘
14:26:08	15.54	0.01	40	62160	买盘
14:26:04	15.53	-0.01	12	18636	卖盘
14:25:59	15.54	0.01	21	32634	买盘
14:25:53	15.53	-0.01	76	118028	卖盘
14:25:49	15.54	0.01	133	206682	买盘
14:25:44	15.53	--	5	7765	卖盘
14:25:34	15.53	--	8	12424	卖盘
14:25:29	15.53	-0.01	34	52802	卖盘
14:25:23	15.54	0.01	1	1554	买盘
14:25:19	15.53	-0.01	94	145982	卖盘
14:25:14	15.54	--	461	717108	卖盘
14:25:08	15.54	-0.01	5	7770	卖盘
14:25:04	15.55	--	37	57535	买盘
14:24:59	15.55	--	51	79305	买盘
14:24:53	15.55	--	5	7775	买盘
14:24:49	15.55	0.01	5	7775	买盘
14:24:44	15.54	--	115	178710	卖盘
14:24:38	15.54	--	3	4662	卖盘
14:24:34	15.54	-0.01	110	170940	卖盘
14:24:19	15.55	0.01	33	51315	买盘
14:24:14	15.54	--	87	135198	卖盘
14:24:08	15.54	--	5	7770	卖盘
14:24:04	15.54	-0.01	52	80808	卖盘
14:23:53	15.55	0.01	20	31100	买盘
14:23:49	15.54	-0.01	21	32634	卖盘
14:23:44	15.55	0.01	20	31100	买盘
14:23:38	15.54	-0.01	13	20202	卖盘
14:23:34	15.55	--	109	169495	买盘
14:23:29	15.55	0.01	236	366980	买盘
14:23:23	15.54	-0.01	60	93240	卖盘
14:23:19	15.55	--	93	144615	买盘
14:23:14	15.55	--	10	15550	买盘
14:23:08	15.55	--	14	21770	买盘
14:22:49	15.55	--	11	17105	买盘
14:22:44	15.55	0.01	9	13995	买盘
14:22:38	15.54	--	7	10878	卖盘
14:22:34	15.54	-0.01	92	142968	卖盘
14:22:29	15.55	--	4	6220	买盘
14:22:19	15.55	0.01	12	18660	买盘
14:22:14	15.54	-0.01	20	31080	卖盘
14:22:08	15.55	--	3	4665	买盘
14:22:04	15.55	--	396	615780	买盘
14:21:58	15.55	--	126	195930	买盘
14:21:53	15.55	--	472	733960	买盘
14:21:47	15.55	--	2	3110	买盘
14:21:43	15.55	--	26	40430	买盘
14:21:32	15.55	0.01	105	163275	买盘
14:21:28	15.54	-0.01	7	10878	卖盘
14:21:23	15.55	--	98	152390	买盘
14:21:17	15.55	--	10	15550	买盘
14:21:13	15.55	0.01	58	90190	买盘
14:21:02	15.54	--	16	24864	卖盘
14:20:58	15.54	--	23	35742	卖盘
14:20:53	15.54	--	17	26418	卖盘
14:20:47	15.54	0.01	1514	2353595	买盘
14:20:43	15.53	--	104	161512	卖盘
14:20:38	15.53	--	19	29507	卖盘
14:20:32	15.53	--	10	15530	卖盘
14:20:28	15.53	-0.01	10	15530	卖盘
14:20:23	15.54	--	12	18648	买盘
14:20:17	15.54	0.01	11	17094	买盘
14:20:13	15.53	-0.01	282	437946	卖盘
14:20:08	15.54	--	34	52836	买盘
14:19:58	15.54	--	55	85470	买盘
14:19:53	15.54	0.01	8	12432	买盘
14:19:43	15.53	-0.01	38	59014	卖盘
14:19:38	15.54	0.01	31	48174	买盘
14:19:32	15.53	--	92	142876	卖盘
14:19:28	15.53	-0.01	12	18636	卖盘
14:19:23	15.54	0.01	335	520590	买盘
14:19:17	15.53	--	12	18636	卖盘
14:19:13	15.53	-0.01	37	57461	卖盘
14:19:08	15.54	--	51	79254	买盘
14:19:02	15.54	--	18	27972	买盘
14:18:58	15.54	--	60	93240	买盘
14:18:53	15.54	--	207	321678	买盘
14:18:43	15.54	0.01	234	363636	买盘
14:18:38	15.53	--	10	15530	卖盘
14:18:32	15.53	-0.01	30	46590	卖盘
14:18:28	15.54	0.01	16	24864	买盘
14:18:23	15.53	--	75	116475	卖盘
14:18:17	15.53	--	3	4659	卖盘
14:18:13	15.53	-0.01	158	245374	卖盘
14:18:08	15.54	0.01	13	20202	买盘
14:18:02	15.53	--	40	62120	卖盘
14:17:53	15.53	-0.01	42	65226	卖盘
14:17:43	15.54	0.01	20	31080	买盘
14:17:28	15.53	--	21	32613	卖盘
14:17:23	15.53	--	148	229844	买盘
14:17:13	15.53	-0.01	6	9318	买盘
14:17:08	15.54	--	0	0	买盘
14:17:02	15.54	0.01	102	158508	买盘
14:16:58	15.53	--	8	12424	买盘
14:16:53	15.53	--	21	32613	买盘
14:16:47	15.53	-0.01	15	23295	卖盘
14:16:43	15.54	--	0	0	买盘
14:16:38	15.54	--	161	250194	买盘
14:16:32	15.54	0.01	10	15540	买盘
14:16:28	15.53	-0.01	6	9318	卖盘
14:16:23	15.54	0.01	8	12432	买盘
14:16:17	15.53	--	11	17083	卖盘
14:16:12	15.53	--	175	271775	卖盘
14:16:08	15.53	--	175	271775	卖盘
14:15:57	15.53	-0.01	20	31060	卖盘
14:15:52	15.54	0.01	42	65268	买盘
14:15:47	15.53	--	5	7765	买盘
14:15:42	15.53	--	10	15530	买盘
14:15:32	15.53	--	84	130452	卖盘
14:15:26	15.53	--	19	29507	卖盘
14:15:22	15.53	--	44	68332	卖盘
14:15:17	15.53	0.01	346	537338	买盘
14:15:11	15.52	--	509	789968	卖盘
14:15:07	15.52	-0.01	4	6208	卖盘
14:15:02	15.53	--	10	15530	买盘
14:14:52	15.53	--	77	119581	买盘
14:14:47	15.53	--	32	49696	买盘
14:14:41	15.53	--	106	164618	买盘
14:14:37	15.53	--	2	3106	买盘
14:14:26	15.53	--	50	77650	买盘
14:14:22	15.53	--	305	473665	买盘
14:14:17	15.53	--	87	135111	卖盘
14:14:07	15.53	-0.01	23	35719	卖盘
14:14:02	15.54	0.01	13	20202	买盘
14:13:56	15.53	--	6	9318	卖盘
14:13:52	15.53	--	72	111816	买盘
14:13:47	15.53	--	5	7765	买盘
14:13:41	15.53	--	5	7765	买盘
14:13:37	15.53	-0.01	25	38825	卖盘
14:13:32	15.54	--	37	57498	买盘
14:13:26	15.54	--	0	0	买盘
14:13:22	15.54	--	21	32634	买盘
14:13:17	15.54	0.01	674	1047396	买盘
14:13:07	15.53	0.01	208	323024	买盘
14:12:56	15.52	--	6	9312	买盘
14:12:52	15.52	-0.01	6	9312	买盘
14:12:47	15.53	--	0	0	买盘
14:12:41	15.53	--	10	15530	买盘
14:12:37	15.53	--	5	7765	买盘
14:12:32	15.53	0.02	132	204996	买盘
14:12:26	15.51	-0.02	1	1551	卖盘
14:12:22	15.53	0.03	512	795136	买盘
14:12:11	15.5	-0.01	1	1550	卖盘
14:12:07	15.51	--	6	9306	买盘
14:12:02	15.51	--	10	15510	买盘
14:11:56	15.51	--	5	7755	买盘
14:11:52	15.51	0.01	20	31020	买盘
14:11:47	15.5	--	11	17050	买盘
14:11:41	15.5	-0.01	6	9300	买盘
14:11:37	15.51	0.01	46	71346	买盘
14:11:32	15.5	-0.01	112	173600	卖盘
14:11:26	15.51	--	41	63591	买盘
14:11:22	15.51	0.01	8	12408	买盘
14:11:11	15.5	-0.01	3	4650	卖盘
14:11:07	15.51	0.01	6	9306	买盘
14:10:56	15.5	-0.02	12	18600	卖盘
14:10:41	15.52	0.02	5	7760	买盘
14:10:37	15.5	-0.02	11	17050	卖盘
14:10:32	15.52	--	11	17072	买盘
14:10:26	15.52	0.03	100	155200	买盘
14:10:21	15.49	-0.01	46	71254	卖盘
14:10:17	15.5	--	5	7750	卖盘
14:10:11	15.5	--	52	80600	买盘
14:09:56	15.5	0.01	10	15500	买盘
14:09:52	15.49	--	3	4647	卖盘
14:09:47	15.49	-0.01	91	140959	卖盘
14:09:41	15.5	--	21	32550	买盘
14:09:32	15.5	--	160	248000	卖盘
14:09:22	15.5	-0.03	65	100750	卖盘
14:09:17	15.53	0.02	38	59014	买盘
14:09:11	15.51	-0.02	387	600237	卖盘
14:09:05	15.53	0.01	60	93180	买盘
14:09:01	15.52	--	22	34144	卖盘
14:08:56	15.52	-0.01	16	24832	买盘
14:08:46	15.53	--	0	0	买盘
14:08:41	15.53	0.02	13	20189	买盘
14:08:31	15.51	-0.02	41	63591	卖盘
14:08:26	15.53	0.02	815	1265695	买盘
14:08:16	15.51	--	13	20163	卖盘
14:08:11	15.51	0.01	43	66693	买盘
14:08:01	15.5	--	184	285200	卖盘
14:07:56	15.5	--	5	7750	卖盘
14:07:50	15.5	--	2	3100	卖盘
14:07:46	15.5	-0.01	9	13950	卖盘
14:07:41	15.51	--	5	7755	买盘
14:07:31	15.51	--	2	3102	买盘
14:07:20	15.51	0.02	67	103917	买盘
14:07:16	15.49	-0.02	14	21686	卖盘
14:07:11	15.51	0.01	6	9306	买盘
14:07:01	15.5	0.01	10	15500	买盘
14:06:46	15.49	-0.01	6	9294	卖盘
14:06:41	15.5	0.02	9	13950	买盘
14:06:31	15.48	-0.03	1008	1560384	卖盘
14:06:26	15.51	--	0	0	买盘
14:06:20	15.51	0.01	8	12408	买盘
14:06:16	15.5	-0.01	23	35650	卖盘
14:06:11	15.51	0.01	10	15510	买盘
14:06:05	15.5	--	1	1550	卖盘
14:06:01	15.5	0.01	22	34100	卖盘
14:05:50	15.49	--	0	0	卖盘
14:05:46	15.49	-0.03	31	48019	卖盘
14:05:41	15.52	0.03	78	121056	买盘
14:05:31	15.49	-0.03	12	18588	卖盘
14:05:26	15.52	--	234	363168	买盘
14:05:20	15.52	0.01	7	10864	买盘
14:05:16	15.51	0.01	32	49632	买盘
14:05:11	15.5	-0.01	304	471200	卖盘
14:05:01	15.51	--	198	307098	买盘
14:04:56	15.51	0.01	15	23265	买盘
14:04:50	15.5	-0.01	2	3100	卖盘
14:04:46	15.51	0.01	6	9306	买盘
14:04:41	15.5	-0.01	100	155000	卖盘
14:04:31	15.51	0.01	10	15510	买盘
14:04:26	15.5	-0.01	1	1550	中性盘
14:04:20	15.51	-0.01	8	12408	买盘
14:04:16	15.52	--	0	0	买盘
14:04:11	15.52	0.02	189	293328	买盘
14:04:01	15.5	--	19	29450	卖盘
14:03:50	15.5	--	60	93000	卖盘
14:03:46	15.5	0.01	37	57350	买盘
14:03:41	15.49	--	1	1549	卖盘
14:03:35	15.49	--	5	7745	卖盘
14:03:31	15.49	--	1	1549	卖盘
14:03:26	15.49	--	119	185399	买盘
14:03:20	15.49	--	49	75901	买盘
14:03:10	15.49	--	11	17039	买盘
14:03:05	15.49	--	50	77450	买盘
14:03:01	15.49	--	107	166223	卖盘
14:02:55	15.49	--	169	261781	卖盘
14:02:50	15.49	--	212	328388	卖盘
14:02:35	15.49	--	22	34078	卖盘
14:02:29	15.49	--	2	3098	卖盘
14:02:25	15.49	--	5	7745	卖盘
14:02:20	15.49	--	74	115694	买盘
14:02:10	15.49	--	186	288594	卖盘
14:02:05	15.49	--	12	18588	卖盘
14:01:55	15.49	--	20	30980	卖盘
14:01:50	15.49	--	178	275722	卖盘
14:01:40	15.49	-0.01	25	38725	卖盘
14:01:25	15.5	--	7	10850	买盘
14:01:20	15.5	--	235	364250	卖盘
14:01:14	15.5	--	9	13950	卖盘
14:01:10	15.5	--	69	106950	卖盘
14:01:05	15.5	--	2	3100	卖盘
14:00:55	15.5	-0.01	69	106950	卖盘
14:00:50	15.51	0.01	20	31020	买盘
14:00:44	15.5	--	2	3100	卖盘
14:00:40	15.5	--	25	38750	卖盘
14:00:35	15.5	--	100	155000	卖盘
14:00:25	15.5	--	81	125550	卖盘
14:00:20	15.5	--	125	193750	卖盘
14:00:14	15.5	-0.01	15	23250	卖盘
14:00:10	15.51	0.01	29	44979	买盘
14:00:05	15.5	--	18	27900	卖盘
13:59:55	15.5	-0.02	438	678900	卖盘
13:59:50	15.52	0.01	24	37248	买盘
13:59:44	15.51	--	11	17061	卖盘
13:59:40	15.51	--	16	24816	卖盘
13:59:29	15.51	--	2	3102	卖盘
13:59:25	15.51	--	25	38775	卖盘
13:59:20	15.51	--	34	52734	卖盘
13:59:10	15.51	--	31	48081	买盘
13:59:05	15.51	--	4	6204	买盘
13:58:59	15.51	--	5	7755	买盘
13:58:55	15.51	--	7	10857	买盘
13:58:50	15.51	--	2	3102	卖盘
13:58:44	15.51	--	4	6204	卖盘
13:58:40	15.51	--	20	31020	卖盘
13:58:35	15.51	-0.01	8	12408	卖盘
13:58:25	15.52	--	0	0	买盘
13:58:20	15.52	0.02	16	24832	买盘
13:58:14	15.5	--	32	49600	卖盘
13:58:10	15.5	--	59	91450	卖盘
13:58:05	15.5	--	38	58900	买盘
13:57:59	15.5	--	10	15500	买盘
13:57:55	15.5	0.01	6	9300	卖盘
13:57:50	15.49	--	156	241644	卖盘
13:57:44	15.49	-0.01	1	1549	卖盘
13:57:40	15.5	--	14	21700	买盘
13:57:25	15.5	--	17	26350	买盘
13:57:19	15.5	0.01	7	10850	买盘
13:57:14	15.49	--	29	44921	卖盘
13:57:10	15.49	--	10	15490	卖盘
13:57:04	15.49	-0.01	117	181233	卖盘
13:56:59	15.5	0.01	10	15500	买盘
13:56:55	15.49	-0.01	4	6196	卖盘
13:56:50	15.5	--	107	165850	买盘
13:56:39	15.5	--	50	77500	买盘
13:56:35	15.5	--	10	15500	买盘
13:56:29	15.5	--	7	10850	买盘
13:56:19	15.5	0.01	7	11919	买盘
13:56:14	15.49	--	51	78999	卖盘
13:56:08	15.49	-0.01	58	89842	卖盘
13:56:04	15.5	--	10	15500	买盘
13:55:59	15.5	0.01	6	9300	买盘
13:55:49	15.49	--	11	17039	卖盘
13:55:34	15.49	-0.01	11	17039	卖盘
13:55:29	15.5	--	18	27900	买盘
13:55:23	15.5	0.01	81	125550	买盘
13:55:19	15.49	-0.03	20	30980	卖盘
13:55:14	15.52	0.03	301	467152	买盘
13:55:08	15.49	--	13	20137	卖盘
13:55:04	15.49	--	52	80548	卖盘
13:54:59	15.49	-0.01	53	82097	卖盘
13:54:53	15.5	--	277	429350	卖盘
13:54:49	15.5	--	45	69750	卖盘
13:54:44	15.5	--	54	83700	卖盘
13:54:38	15.5	--	3	4650	卖盘
13:54:34	15.5	-0.01	180	279000	卖盘
13:54:29	15.51	--	12	18612	买盘
13:54:23	15.51	--	10	15510	买盘
13:54:19	15.51	0.01	6	9306	买盘
13:54:14	15.5	-0.01	11	17050	卖盘
13:54:08	15.51	--	10	15510	卖盘
13:54:04	15.51	-0.01	40	62040	卖盘
13:53:59	15.52	0.01	59	91568	买盘
13:53:53	15.51	-0.01	24	37224	卖盘
13:53:44	15.52	--	56	86912	买盘
13:53:38	15.52	--	12	18624	买盘
13:53:29	15.52	--	33	51216	买盘
13:53:19	15.52	--	58	90016	卖盘
13:53:14	15.52	--	14	21728	卖盘
13:53:08	15.52	--	71	110192	卖盘
13:53:04	15.52	--	14	21728	卖盘
13:52:59	15.52	-0.01	58	90016	卖盘
13:52:53	15.53	--	42	65226	卖盘
13:52:49	15.53	--	46	71438	卖盘
13:52:44	15.53	-0.01	40	62120	卖盘
13:52:34	15.54	--	137	212898	买盘
13:52:29	15.54	0.01	7	10878	买盘
13:52:23	15.53	-0.01	9	13977	卖盘
13:52:19	15.54	--	18	27972	买盘
13:52:13	15.54	--	12	18648	买盘
13:52:08	15.54	0.01	17	26418	买盘
13:52:04	15.53	--	22	34166	卖盘
13:51:59	15.53	-0.01	4	6212	卖盘
13:51:49	15.54	--	40	62160	买盘
13:51:43	15.54	0.01	121	188034	买盘
13:51:38	15.53	--	6	9318	卖盘
13:51:34	15.53	-0.01	3	4659	卖盘
13:51:29	15.54	0.01	1	1554	买盘
13:51:23	15.53	-0.01	20	31060	卖盘
13:51:19	15.54	0.01	14	21756	买盘
13:51:08	15.53	--	1	1553	卖盘
13:51:03	15.53	--	28	43484	卖盘
13:50:58	15.53	0.01	10	15530	买盘
13:50:53	15.52	-0.02	3	4656	卖盘
13:50:49	15.54	0.02	56	87024	买盘
13:50:38	15.52	--	8	12416	卖盘
13:50:33	15.52	-0.01	21	32592	卖盘
13:50:29	15.53	--	163	253139	买盘
13:50:23	15.53	--	23	35719	买盘
13:50:13	15.53	0.01	70	108710	买盘
13:50:08	15.52	-0.01	16	24832	卖盘
13:50:03	15.53	--	41	63673	买盘
13:49:58	15.53	--	5	7765	买盘
13:49:53	15.53	--	103	159959	买盘
13:49:47	15.53	--	3	4659	买盘
13:49:43	15.53	--	7	10871	买盘
13:49:38	15.53	--	2	3106	买盘
13:49:32	15.53	0.01	142	220526	买盘
13:49:28	15.52	--	2	3104	卖盘
13:49:23	15.52	-0.01	17	26384	卖盘
13:49:13	15.53	--	61	94733	买盘
13:49:08	15.53	0.01	36	55908	买盘
13:49:02	15.52	--	3	4656	卖盘
13:48:58	15.52	--	24	37248	卖盘
13:48:53	15.52	0.01	546	847392	买盘
13:48:47	15.51	0.01	11	17061	买盘
13:48:38	15.5	-0.01	3	4650	卖盘
13:48:32	15.51	--	12	18612	买盘
13:48:28	15.51	--	6	9306	买盘
13:48:23	15.51	0.01	17	26367	买盘
13:48:13	15.5	--	1	1550	卖盘
13:48:08	15.5	-0.01	5	7750	卖盘
13:48:02	15.51	0.01	10	15510	买盘
13:47:58	15.5	--	15	23250	卖盘
13:47:53	15.5	--	476	737800	买盘
13:47:43	15.5	--	45	69750	买盘
13:47:38	15.5	--	3	4650	买盘
13:47:32	15.5	0.01	39	60450	买盘
13:47:28	15.49	--	99	153351	卖盘
13:47:23	15.49	--	46	71254	卖盘
13:47:17	15.49	--	2	3098	卖盘
13:47:13	15.49	--	79	122371	卖盘
13:47:08	15.49	0.01	358	554542	买盘
13:47:02	15.48	-0.01	5	7740	卖盘
13:46:58	15.49	0.01	10	15490	买盘
13:46:38	15.48	-0.01	23	35604	卖盘
13:46:28	15.49	0.01	14	21686	买盘
13:46:23	15.48	-0.01	19	29412	卖盘
13:46:13	15.49	0.01	21	32529	买盘
13:46:08	15.48	-0.01	5	7740	卖盘
13:46:02	15.49	0.01	4	6196	买盘
13:45:58	15.48	--	15	23220	卖盘
13:45:53	15.48	--	16	24768	卖盘
13:45:38	15.48	--	0	0	卖盘
13:45:32	15.48	--	30	46440	卖盘
13:45:28	15.48	-0.01	50	77400	卖盘
13:45:23	15.49	--	79	122371	买盘
13:45:13	15.49	0.01	17	26333	买盘
13:45:08	15.48	-0.02	2	3096	卖盘
13:44:58	15.5	--	62	96100	买盘
13:44:52	15.5	0.01	20	31000	买盘
13:44:47	15.49	-0.01	90	139410	卖盘
13:44:37	15.5	0.01	15	23250	买盘
13:44:28	15.49	--	105	162645	卖盘
13:44:23	15.49	--	8	12392	卖盘
13:44:12	15.49	--	141	218409	卖盘
13:44:07	15.49	--	75	116175	卖盘
13:43:57	15.49	-0.01	12	18588	卖盘
13:43:42	15.5	0.01	258	399900	买盘
13:43:37	15.49	0.02	131	202919	买盘
13:43:32	15.47	-0.01	221	341887	卖盘
13:43:26	15.48	--	20	30960	卖盘
13:43:22	15.48	0.01	537	831539	买盘
13:43:17	15.47	--	122	188734	卖盘
13:43:11	15.47	-0.01	27	41769	卖盘
13:43:02	15.48	--	50	77400	买盘
13:42:56	15.48	0.01	6	9288	买盘
13:42:52	15.47	--	39	60333	卖盘
13:42:47	15.47	0.01	10	15470	卖盘
13:42:26	15.46	-0.01	10	15460	卖盘
13:42:22	15.47	--	61	94367	买盘
13:42:17	15.47	-0.01	11	17017	中性盘
13:42:11	15.48	0.01	617	955116	买盘
13:42:07	15.47	--	38	58786	卖盘
13:42:02	15.47	-0.01	70	108290	卖盘
13:41:56	15.48	--	112	173376	买盘
13:41:52	15.48	0.01	11	17028	买盘
13:41:47	15.47	--	15	23205	卖盘
13:41:37	15.47	--	8	12376	卖盘
13:41:32	15.47	-0.01	2	3094	卖盘
13:41:26	15.48	--	35	54180	买盘
13:41:22	15.48	--	7	10836	买盘
13:41:17	15.48	--	4	6192	买盘
13:41:11	15.48	--	10	15480	买盘
13:41:07	15.48	-0.01	306	473688	卖盘
13:41:02	15.49	0.01	7	10843	买盘
13:40:56	15.48	--	65	100620	卖盘
13:40:52	15.48	--	3	4644	卖盘
13:40:47	15.48	--	92	142416	卖盘
13:40:37	15.48	-0.01	34	52632	卖盘
13:40:22	15.49	0.01	7	10843	买盘
13:40:17	15.48	--	0	0	中性盘
13:40:11	15.48	0.01	15	23220	买盘
13:40:07	15.47	-0.02	162	250614	卖盘
13:40:02	15.49	0.01	24	37176	买盘
13:39:56	15.48	--	60	92880	卖盘
13:39:52	15.48	--	10	15480	卖盘
13:39:41	15.48	-0.01	36	55728	卖盘
13:39:37	15.49	0.01	12	18588	买盘
13:39:31	15.48	--	272	421056	卖盘
13:39:26	15.48	-0.01	13	20124	卖盘
13:39:22	15.49	0.01	120	185880	买盘
13:39:16	15.48	--	13	20124	卖盘
13:39:11	15.48	-0.01	91	140868	卖盘
13:39:07	15.49	0.01	64	99136	买盘
13:39:01	15.48	-0.01	58	89784	卖盘
13:38:56	15.49	--	9	13941	买盘
13:38:51	15.49	--	15	23235	买盘
13:38:46	15.49	--	10	15490	买盘
13:38:41	15.49	--	107	165743	卖盘
13:38:37	15.49	-0.01	2	3098	卖盘
13:38:31	15.5	--	148	229400	买盘
13:38:26	15.5	0.01	15	23250	买盘
13:38:21	15.49	-0.01	8	12392	卖盘
13:38:16	15.5	0.01	52	80600	买盘
13:38:06	15.49	--	7	10843	卖盘
13:38:01	15.49	--	53	82097	卖盘
13:37:56	15.49	--	3	4647	卖盘
13:37:51	15.49	--	23	35627	买盘
13:37:46	15.49	--	35	54215	买盘
13:37:36	15.49	--	1	1549	买盘
13:37:31	15.49	--	28	43372	卖盘
13:37:26	15.49	-0.01	29	44921	卖盘
13:37:21	15.5	0.01	7	10850	买盘
13:37:16	15.49	--	3	4647	卖盘
13:37:01	15.49	--	6	9294	买盘
13:36:56	15.49	-0.01	24	37176	卖盘
13:36:46	15.5	0.01	3	4650	买盘
13:36:41	15.49	-0.01	6	9294	卖盘
13:36:35	15.5	0.01	1	1550	买盘
13:36:31	15.49	-0.01	308	477092	卖盘
13:36:26	15.5	--	10	15500	买盘
13:36:20	15.5	--	7	10850	买盘
13:36:16	15.5	0.01	95	147250	买盘
13:36:11	15.49	-0.01	66	102234	卖盘
13:36:05	15.5	0.01	40	62000	买盘
13:36:01	15.49	-0.01	14	21686	卖盘
13:35:56	15.5	--	5	7750	买盘
13:35:46	15.5	0.01	26	40300	买盘
13:35:41	15.49	-0.01	60	92940	卖盘
13:35:31	15.5	0.01	22	34100	买盘
13:35:26	15.49	--	23	35627	卖盘
13:35:20	15.49	--	20	30980	卖盘
13:35:16	15.49	--	22	34078	卖盘
13:35:11	15.49	--	299	463151	买盘
13:35:05	15.49	--	25	38725	买盘
13:34:56	15.49	-0.01	8	12392	买盘
13:34:46	15.5	--	259	401450	卖盘
13:34:41	15.5	--	81	125550	卖盘
13:34:35	15.5	--	1	1550	卖盘
13:34:31	15.5	0.02	129	199950	买盘
13:34:26	15.48	--	0	0	卖盘
13:34:20	15.48	-0.01	211	326628	卖盘
13:34:16	15.49	--	6	9294	卖盘
13:34:11	15.49	-0.01	4	6196	卖盘
13:34:01	15.5	0.02	182	282100	买盘
13:33:56	15.48	--	182	281736	卖盘
13:33:50	15.48	-0.01	3	4644	卖盘
13:33:46	15.49	-0.01	189	292761	卖盘
13:33:31	15.5	0.01	108	167400	买盘
13:33:25	15.49	--	2	3098	卖盘
13:33:20	15.49	--	14	21686	卖盘
13:33:16	15.49	-0.01	15	23235	卖盘
13:33:11	15.5	0.01	14	21700	买盘
13:33:01	15.49	--	158	244742	买盘
13:32:56	15.49	-0.01	59	91391	卖盘
13:32:46	15.5	0.01	12	18600	买盘
13:32:40	15.49	-0.01	4	6196	中性盘
13:32:35	15.5	0.01	498	771900	买盘
13:32:31	15.49	--	6	9294	买盘
13:32:25	15.49	--	134	207566	买盘
13:32:20	15.49	--	7	10843	买盘
13:32:10	15.49	0.01	24	37176	买盘
13:32:05	15.48	-0.01	5	7740	卖盘
13:32:01	15.49	--	25	38725	买盘
13:31:55	15.49	0.01	12	18588	买盘
13:31:50	15.48	0.01	23	35604	卖盘
13:31:45	15.47	-0.02	6	9282	卖盘
13:31:40	15.49	--	25	38725	买盘
13:31:31	15.49	--	23	35627	卖盘
13:31:25	15.49	-0.01	5	7745	卖盘
13:31:20	15.5	--	7	10850	买盘
13:31:15	15.5	--	3	4650	买盘
13:31:05	15.5	--	0	0	买盘
13:31:00	15.5	0.01	1496	2320241	买盘
13:30:55	15.49	-0.01	12	18588	中性盘
13:30:50	15.5	--	157	243350	买盘
13:30:44	15.5	0.01	24	37200	买盘
13:30:40	15.49	-0.01	1462	2264638	卖盘
13:30:35	15.5	--	5	7750	买盘
13:30:29	15.5	--	16	24800	买盘
13:30:25	15.5	--	131	203050	买盘
13:30:20	15.5	--	6	9300	买盘
13:30:10	15.5	--	18	27900	买盘
13:30:05	15.5	--	0	0	买盘
13:29:55	15.5	0.04	7	10850	中性盘
13:29:50	15.46	-0.05	2012	3110552	卖盘
13:29:25	15.51	0.01	25	38775	买盘
13:29:20	15.5	-0.01	22	34100	卖盘
13:29:10	15.51	0.01	1	1551	买盘
13:29:05	15.5	--	14	21700	卖盘
13:28:55	15.5	0.01	173	268878	买盘
13:28:50	15.49	--	86	133214	卖盘
13:28:44	15.49	--	19	29431	卖盘
13:28:40	15.49	--	7	10843	卖盘
13:28:35	15.49	--	864	1338336	卖盘
13:28:29	15.49	--	40	61960	卖盘
13:28:25	15.49	-0.01	3	4647	中性盘
13:28:20	15.5	0.02	42	65100	买盘
13:28:14	15.48	--	140	216720	卖盘
13:28:10	15.48	0.01	110	170280	卖盘
13:28:05	15.47	-0.01	2	3094	卖盘
13:27:55	15.48	--	17	26316	买盘
13:27:50	15.48	0.01	4	6192	买盘
13:27:44	15.47	-0.01	17	26299	卖盘
13:27:40	15.48	0.01	7	10836	买盘
13:27:35	15.47	-0.02	2	3094	卖盘
13:27:29	15.49	0.02	320	495680	买盘
13:27:24	15.47	-0.01	7	10829	卖盘
13:27:19	15.48	0.02	9	13932	买盘
13:27:10	15.46	-0.02	588	909048	卖盘
13:27:05	15.48	-0.01	68	105264	卖盘
13:26:59	15.49	--	58	89842	买盘
13:26:55	15.49	--	22	34078	买盘
13:26:49	15.49	--	3	4647	买盘
13:26:44	15.49	0.01	1	1549	买盘
13:26:40	15.48	--	147	227556	卖盘
13:26:35	15.48	-0.01	754	1167192	卖盘
13:26:29	15.49	--	87	134763	卖盘
13:26:25	15.49	--	96	148704	卖盘
13:26:20	15.49	-0.01	171	264879	卖盘
13:26:14	15.5	0.01	1	1550	买盘
13:26:09	15.49	-0.01	56	86744	卖盘
13:26:04	15.5	0.01	31	48050	买盘
13:25:59	15.49	--	50	77450	卖盘
13:25:55	15.49	--	72	111528	卖盘
13:25:39	15.49	--	4	6196	卖盘
13:25:34	15.49	-0.01	30	46470	卖盘
13:25:29	15.5	--	131	203050	买盘
13:25:25	15.5	--	11	17050	买盘
13:25:19	15.5	0.01	18	27900	买盘
13:25:09	15.49	-0.02	1526	2364594	卖盘
13:25:04	15.51	-0.02	176	272976	卖盘
13:24:59	15.53	0.01	1	1553	买盘
13:24:49	15.52	-0.01	3	4656	卖盘
13:24:44	15.53	-0.01	6	9318	中性盘
13:24:39	15.54	--	106	164724	买盘
13:24:34	15.54	--	0	0	买盘
13:24:29	15.54	0.03	90	139860	买盘
13:24:24	15.51	-0.01	16	24816	卖盘
13:24:19	15.52	0.01	7	10864	买盘
13:24:14	15.51	-0.01	5	7755	中性盘
13:24:08	15.52	0.02	10	15520	买盘
13:24:04	15.5	--	22	34100	卖盘
13:23:49	15.5	--	122	189828	买盘
13:23:44	15.5	--	165	255750	买盘
13:23:38	15.5	--	82	127100	买盘
13:23:34	15.5	--	61	94550	买盘
13:23:23	15.5	--	50	77500	买盘
13:23:19	15.5	--	106	164300	买盘
13:23:14	15.5	0.01	8	12400	买盘
13:23:08	15.49	--	2	3098	卖盘
13:22:59	15.49	-0.01	87	134763	卖盘
13:22:53	15.5	--	9	13950	买盘
13:22:49	15.5	0.02	19	29450	买盘
13:22:44	15.48	-0.02	164	253872	卖盘
13:22:29	15.5	0.02	33	51150	买盘
13:22:23	15.48	--	0	0	卖盘
13:22:19	15.48	-0.02	380	588240	卖盘
13:22:14	15.5	--	142	220100	买盘
13:22:08	15.5	--	212	328600	买盘
13:21:59	15.5	-0.05	1058	1640721	卖盘
13:21:53	15.55	--	0	0	买盘
13:21:49	15.55	--	17	26435	买盘
13:21:44	15.55	0.03	121	188155	买盘
13:21:38	15.52	0.01	10	15520	卖盘
13:21:34	15.51	-0.04	113	175263	卖盘
13:21:29	15.55	0.04	67	104185	买盘
13:21:23	15.51	-0.04	3	4653	卖盘
13:21:19	15.55	0.04	70	108850	买盘
13:21:14	15.51	-0.01	20	31020	卖盘
13:21:08	15.52	-0.01	10	15520	卖盘
13:21:04	15.53	-0.02	32	49696	中性盘
13:20:59	15.55	--	22	34210	买盘
13:20:49	15.55	0.05	17	26435	买盘
13:20:44	15.5	--	170	264228	买盘
13:20:38	15.5	--	108	167400	买盘
13:20:33	15.5	--	65	100750	买盘
13:20:29	15.5	-0.06	2755	4271071	卖盘
13:20:23	15.56	0.01	30	46680	买盘
13:20:19	15.55	-0.01	492	765060	卖盘
13:20:14	15.56	--	24	37344	卖盘
13:20:08	15.56	-0.01	11	17116	卖盘
13:20:03	15.57	-0.01	34	52938	中性盘
13:19:58	15.58	0.02	23	35834	买盘
13:19:53	15.56	--	4	6224	卖盘
13:19:48	15.56	--	28	43568	卖盘
13:19:43	15.56	--	16	24896	卖盘
13:19:38	15.56	--	24	37344	卖盘
13:19:34	15.56	--	3	4668	卖盘
13:19:28	15.56	-0.02	47	73132	卖盘
13:19:19	15.58	0.02	29	45182	买盘
13:19:13	15.56	--	32	49792	卖盘
13:19:03	15.56	-0.02	32	49792	卖盘
13:18:58	15.58	0.02	6	9348	中性盘
13:18:53	15.56	-0.03	314	488584	卖盘
13:18:48	15.59	0.01	27	42093	买盘
13:18:38	15.58	0.01	58	90364	买盘
13:18:33	15.57	--	22	34254	卖盘
13:18:28	15.57	--	28	43596	卖盘
13:18:23	15.57	-0.03	13	20241	卖盘
13:18:18	15.6	0.01	197	307320	买盘
13:18:08	15.59	0.02	45	70155	买盘
13:18:03	15.57	0.01	25	38925	中性盘
13:17:53	15.56	-0.03	24	37344	卖盘
13:17:43	15.59	--	30	46770	买盘
13:17:38	15.59	-0.01	72	112248	买盘
13:17:32	15.6	--	0	0	买盘
13:17:28	15.6	0.04	65	101400	买盘
13:17:23	15.56	-0.04	67	104252	卖盘
13:17:17	15.6	0.04	134	209040	买盘
13:17:13	15.56	-0.04	212	329872	卖盘
13:17:08	15.6	--	27	42120	买盘
13:17:02	15.6	--	127	198120	买盘
13:16:58	15.6	--	63	98389	卖盘
13:16:53	15.6	--	92	143520	卖盘
13:16:47	15.6	--	10	15600	卖盘
13:16:43	15.6	--	32	49920	卖盘
13:16:32	15.6	--	31	48360	卖盘
13:16:28	15.6	--	176	274560	卖盘
13:16:23	15.6	--	241	375960	卖盘
13:16:17	15.6	-0.01	52	81120	卖盘
13:16:13	15.61	0.01	41	64001	买盘
13:16:08	15.6	--	40	62400	卖盘
13:15:58	15.6	--	48	74880	卖盘
13:15:53	15.6	--	303	472680	卖盘
13:15:47	15.6	--	30	46800	卖盘
13:15:43	15.6	--	39	60840	卖盘
13:15:38	15.6	--	74	115440	卖盘
13:15:32	15.6	-0.01	34	53040	卖盘
13:15:28	15.61	--	35	54635	买盘
13:15:23	15.61	0.01	105	163905	买盘
13:15:17	15.6	-0.01	51	79560	卖盘
13:15:13	15.61	0.02	376	588387	买盘
13:15:08	15.59	--	177	275943	卖盘
13:15:02	15.59	--	44	68596	买盘
13:14:58	15.59	--	72	112248	卖盘
13:14:53	15.59	--	74	115366	卖盘
13:14:47	15.59	-0.01	28	43652	卖盘
13:14:43	15.6	--	329	513240	买盘
13:14:38	15.6	0.01	39	60840	买盘
13:14:32	15.59	--	8	12472	卖盘
13:14:28	15.59	-0.01	30	46770	卖盘
13:14:23	15.6	0.01	220	343200	买盘
13:14:17	15.59	-0.01	31	48329	卖盘
13:14:13	15.6	0.01	662	1032720	买盘
13:14:08	15.59	-0.01	43	67037	卖盘
13:14:02	15.6	0.01	141	219960	买盘
13:13:57	15.59	--	40	62360	卖盘
13:13:53	15.59	--	6	9354	买盘
13:13:47	15.59	--	3	4677	卖盘
13:13:42	15.59	--	61	95099	买盘
13:13:38	15.59	0.01	33	51447	买盘
13:13:32	15.58	0.01	35	54530	中性盘
13:13:28	15.57	-0.03	37	57609	卖盘
13:13:23	15.6	0.03	1031	1608360	买盘
13:13:12	15.57	--	2	3114	卖盘
13:13:08	15.57	0.01	59	91863	卖盘
13:12:57	15.56	-0.01	49	77286	卖盘
13:12:52	15.57	-0.01	140	217980	卖盘
13:12:47	15.58	0.01	187	291346	买盘
13:12:42	15.57	--	41	63837	卖盘
13:12:37	15.57	0.01	1301	2026170	买盘
13:12:32	15.56	-0.01	24	37344	卖盘
13:12:27	15.57	--	10	15570	买盘
13:12:22	15.57	--	56	87192	买盘
13:12:12	15.57	0.01	112	174384	买盘
13:12:07	15.56	0.01	222	345432	买盘
13:11:57	15.55	--	24	37320	卖盘
13:11:52	15.55	--	128	199040	买盘
13:11:47	15.55	0.01	1020	1586100	买盘
13:11:42	15.54	-0.01	11	17094	卖盘
13:11:37	15.55	0.01	38	59090	买盘
13:11:32	15.54	-0.01	200	310800	卖盘
13:11:27	15.55	0.01	78	121290	买盘
13:11:22	15.54	--	127	197358	卖盘
13:11:12	15.54	--	3	4662	卖盘
13:11:07	15.54	--	783	1216782	卖盘
13:10:57	15.54	-0.01	43	66822	卖盘
13:10:52	15.55	0.01	101	157055	买盘
13:10:47	15.54	--	20	31080	卖盘
13:10:41	15.54	0.01	19	29526	买盘
13:10:37	15.53	--	12	18636	卖盘
13:10:32	15.53	-0.01	29	45037	卖盘
13:10:26	15.54	--	20	31080	买盘
13:10:22	15.54	0.01	39	60606	买盘
13:10:07	15.53	--	61	94733	卖盘
13:10:02	15.53	-0.02	55	85415	卖盘
13:09:56	15.55	0.01	1046	1626530	买盘
13:09:52	15.54	0.01	5	7770	买盘
13:09:47	15.53	--	40	62120	卖盘
13:09:41	15.53	--	2	3106	卖盘
13:09:37	15.53	-0.01	62	96286	卖盘
13:09:32	15.54	--	40	62160	买盘
13:09:22	15.54	--	7	10878	买盘
13:09:17	15.54	--	35	54390	买盘
13:09:11	15.54	--	2	3108	卖盘
13:09:07	15.54	--	24	37296	卖盘
13:09:02	15.54	0.01	3	4662	卖盘
13:08:41	15.53	--	0	0	卖盘
13:08:32	15.53	--	100	155300	卖盘
13:08:26	15.53	--	0	0	卖盘
13:08:22	15.53	--	124	192572	卖盘
13:08:17	15.53	-0.01	1004	1559212	卖盘
13:08:11	15.54	0.01	27	41958	买盘
13:08:07	15.53	--	4	6212	卖盘
13:08:02	15.53	--	190	295070	卖盘
13:07:52	15.53	--	20	31060	卖盘
13:07:47	15.53	--	54	83862	卖盘
13:07:41	15.53	-0.01	12	18636	卖盘
13:07:37	15.54	--	5	7770	买盘
13:07:32	15.54	0.01	20	31080	买盘
13:07:26	15.53	--	11	17083	卖盘
13:07:22	15.53	--	34	52802	卖盘
13:07:17	15.53	-0.02	118	183254	卖盘
13:07:11	15.55	0.01	1	1555	买盘
13:07:07	15.54	--	312	484848	卖盘
13:07:02	15.54	-0.01	25	38850	卖盘
13:06:47	15.55	0.01	10	15550	买盘
13:06:36	15.54	-0.01	5	7770	卖盘
13:06:32	15.55	--	129	200595	买盘
13:06:21	15.55	0.01	7	10885	买盘
13:06:16	15.54	--	60	93240	卖盘
13:06:06	15.54	--	303	470862	买盘
13:05:56	15.54	0.01	161	250194	买盘
13:05:46	15.53	-0.01	39	60567	卖盘
13:05:41	15.54	--	24	37296	买盘
13:05:26	15.54	--	40	62160	卖盘
13:05:21	15.54	--	54	83916	卖盘
13:05:16	15.54	0.01	43	66822	买盘
13:05:11	15.53	--	3	4659	卖盘
13:05:06	15.53	-0.01	40	62120	卖盘
13:05:01	15.54	0.01	7	10878	买盘
13:04:56	15.53	-0.01	10	15530	卖盘
13:04:46	15.54	0.01	30	46620	买盘
13:04:41	15.53	--	2	3106	卖盘
13:04:20	15.53	-0.01	31	48143	卖盘
13:04:16	15.54	--	46	71484	买盘
13:04:11	15.54	-0.01	25	38850	买盘
13:04:05	15.55	--	0	0	买盘
13:04:01	15.55	0.01	166	258130	买盘
13:03:56	15.54	--	33	51282	卖盘
13:03:50	15.54	0.01	2	3108	卖盘
13:03:31	15.53	--	0	0	卖盘
13:03:26	15.53	-0.02	2	3106	卖盘
13:03:20	15.55	0.02	6	9330	买盘
13:03:16	15.53	-0.01	8	12424	卖盘
13:03:11	15.54	-0.01	3	4662	中性盘
13:03:05	15.55	0.02	120	186600	买盘
13:03:01	15.53	--	2	3106	卖盘
13:02:56	15.53	-0.01	1	1553	卖盘
13:02:50	15.54	--	12	18648	买盘
13:02:46	15.54	--	1	1554	买盘
13:02:41	15.54	0.01	2	3108	买盘
13:02:31	15.53	-0.01	18	27954	卖盘
13:02:26	15.54	--	1	1554	买盘
13:02:20	15.54	0.01	7	10878	买盘
13:02:16	15.53	-0.01	9	13977	卖盘
13:02:11	15.54	--	23	35742	买盘
13:02:01	15.54	0.01	400	621600	买盘
13:01:56	15.53	-0.01	10	15530	卖盘
13:01:46	15.54	0.01	50	77700	买盘
13:01:41	15.53	-0.01	1	1553	卖盘
13:01:35	15.54	--	123	191142	买盘
13:01:31	15.54	0.01	100	155400	买盘
13:01:26	15.53	-0.01	10	15530	卖盘
13:01:20	15.54	0.01	7	10878	买盘
13:01:16	15.53	-0.01	21	32613	卖盘
13:01:11	15.54	0.01	15	23310	买盘
13:01:01	15.53	-0.01	24	37272	卖盘
13:00:55	15.54	--	43	66822	买盘
13:00:30	15.54	--	2	3108	买盘
13:00:26	15.54	0.01	118	183372	买盘
13:00:20	15.53	-0.01	1	1553	卖盘
13:00:15	15.54	--	28	43512	买盘
13:00:11	15.54	--	55	85470	买盘
13:00:05	15.54	-0.01	209	324786	卖盘
13:00:00	15.55	0.01	45	69975	买盘
11:30:00	15.54	--	0	0	卖盘
11:29:59	15.54	--	0	0	卖盘
11:29:59	15.54	-0.01	205	318570	卖盘
11:29:51	15.55	0.01	53	82415	买盘
11:29:46	15.54	--	25	38850	卖盘
11:29:40	15.54	--	5	7770	卖盘
11:29:37	15.54	--	2	3108	卖盘
11:29:31	15.54	--	77	119658	卖盘
11:29:25	15.54	--	5	7770	卖盘
11:29:22	15.54	--	136	211344	卖盘
11:29:16	15.54	--	1	1554	卖盘
11:29:10	15.54	-0.01	3	4662	卖盘
11:29:07	15.55	0.01	100	155500	买盘
11:29:01	15.54	-0.01	12	18648	卖盘
11:28:51	15.55	0.01	29	45095	买盘
11:28:46	15.54	--	13	20202	卖盘
11:28:40	15.54	-0.01	25	38850	卖盘
11:28:21	15.55	0.01	12	18660	买盘
11:28:16	15.54	--	110	170940	卖盘
11:28:10	15.54	--	23	35742	卖盘
11:28:06	15.54	--	6	9324	卖盘
11:28:01	15.54	--	63	97902	卖盘
11:27:55	15.54	--	15	23310	卖盘
11:27:51	15.54	--	31	48174	卖盘
11:27:46	15.54	0.01	135	209790	买盘
11:27:40	15.53	-0.01	6	9318	卖盘
11:27:36	15.54	0.01	212	329448	买盘
11:27:31	15.53	--	5	7765	卖盘
11:27:25	15.53	--	0	729	卖盘
11:27:21	15.53	-0.01	32	49696	卖盘
11:27:16	15.54	0.01	53	82362	买盘
11:27:10	15.53	--	29	45037	卖盘
11:27:06	15.53	-0.01	102	158406	卖盘
11:27:01	15.54	0.01	3	4662	买盘
11:26:55	15.53	--	80	124240	卖盘
11:26:46	15.53	-0.01	31	48143	卖盘
11:26:31	15.54	--	31	48174	买盘
11:26:21	15.54	0.01	14	21756	买盘
11:26:16	15.53	--	15	23295	卖盘
11:26:10	15.53	--	31	48143	卖盘
11:26:06	15.53	-0.01	3	4659	卖盘
11:26:01	15.54	0.01	140	217560	买盘
11:25:51	15.53	--	530	823090	卖盘
11:25:46	15.53	--	135	209655	卖盘
11:25:40	15.53	--	2	3106	卖盘
11:25:36	15.53	-0.01	13	20189	卖盘
11:25:31	15.54	--	67	104118	卖盘
11:25:25	15.54	--	10	15540	卖盘
11:25:21	15.54	0.01	16	24864	中性盘
11:25:16	15.53	-0.01	40	62120	卖盘
11:25:10	15.54	--	6	9324	卖盘
11:25:06	15.54	--	47	73038	买盘
11:25:01	15.54	--	94	146076	买盘
11:24:51	15.54	--	118	183372	卖盘
11:24:46	15.54	--	177	275058	卖盘
11:24:36	15.54	-0.01	133	206682	卖盘
11:24:31	15.55	--	311	483605	买盘
11:24:25	15.55	0.01	300	466500	买盘
11:24:21	15.54	--	37	57498	卖盘
11:24:16	15.54	0.01	3	4662	卖盘
11:24:10	15.53	--	0	0	卖盘
11:24:06	15.53	--	876	1360428	买盘
11:24:01	15.53	0.02	58	90074	卖盘
11:23:55	15.51	--	0	0	卖盘
11:23:51	15.51	--	44	68244	卖盘
11:23:46	15.51	--	28	43428	卖盘
11:23:40	15.51	-0.02	222	344322	卖盘
11:23:31	15.53	0.01	63	97839	买盘
11:23:25	15.52	0.01	199	308848	买盘
11:23:19	15.51	0.01	7	10857	买盘
11:23:16	15.5	--	395	612250	买盘
11:23:10	15.5	0.01	17	26350	买盘
11:23:01	15.49	--	35	54215	买盘
11:22:55	15.49	0.01	37	57313	买盘
11:22:49	15.48	--	110	170280	卖盘
11:22:46	15.48	--	11	17028	卖盘
11:22:40	15.48	--	819	1267966	买盘
11:22:34	15.48	0.01	20	30960	买盘
11:22:31	15.47	--	82	126854	卖盘
11:22:25	15.47	0.01	181	280007	买盘
11:22:19	15.46	-0.01	77	119042	卖盘
11:22:15	15.47	-0.01	552	853944	卖盘
11:22:10	15.48	0.01	77	119196	买盘
11:22:04	15.47	--	32	49504	卖盘
11:22:00	15.47	--	25	38675	卖盘
11:21:55	15.47	--	30	46410	卖盘
11:21:49	15.47	0.01	11	17017	卖盘
11:21:45	15.46	--	250	386500	卖盘
11:21:40	15.46	-0.01	24	37104	卖盘
11:21:34	15.47	--	10	15470	买盘
11:21:30	15.47	--	77	119119	买盘
11:21:25	15.47	--	11	17017	卖盘
11:21:19	15.47	--	30	46410	卖盘
11:21:15	15.47	--	339	524433	卖盘
11:21:10	15.47	-0.01	117	180999	卖盘
11:21:04	15.48	--	20	30960	买盘
11:21:00	15.48	0.01	178	275544	买盘
11:20:55	15.47	--	231	357357	卖盘
11:20:49	15.47	-0.01	11	17017	卖盘
11:20:45	15.48	--	6	9288	买盘
11:20:40	15.48	--	272	421056	卖盘
11:20:34	15.48	-0.02	13	20124	卖盘
11:20:30	15.5	0.01	350	542500	买盘
11:20:25	15.49	--	150	232350	买盘
11:20:19	15.49	-0.01	42	65058	卖盘
11:20:15	15.5	--	6	9300	买盘
11:20:10	15.5	-0.01	235	364250	卖盘
11:20:04	15.51	0.03	10	15510	买盘
11:20:00	15.48	-0.02	743	1150164	卖盘
11:19:55	15.5	--	72	111600	买盘
11:19:49	15.5	--	15	23250	中性盘
11:19:45	15.5	--	23	35650	卖盘
11:19:40	15.5	-0.01	113	175150	卖盘
11:19:34	15.51	0.01	2	3102	买盘
11:19:25	15.5	-0.01	51	79050	卖盘
11:19:19	15.51	0.01	7	10857	买盘
11:19:15	15.5	--	4	6200	卖盘
11:19:10	15.5	--	9	13950	卖盘
11:19:04	15.5	--	5	7750	卖盘
11:19:00	15.5	-0.02	24	37200	卖盘
11:18:55	15.52	--	6	9312	买盘
11:18:49	15.52	--	17	26384	买盘
11:18:40	15.52	0.02	161	249872	买盘
11:18:30	15.5	--	29	44950	买盘
11:18:25	15.5	--	29	44950	买盘
11:18:19	15.5	0.01	57	88350	买盘
11:18:15	15.49	-0.01	6	9294	卖盘
11:18:00	15.5	0.01	17	26350	买盘
11:17:55	15.49	-0.01	18	27882	卖盘
11:17:45	15.5	--	49	75950	买盘
11:17:40	15.5	--	10	15500	买盘
11:17:30	15.5	-0.02	269	416950	卖盘
11:17:19	15.52	0.01	11	17072	买盘
11:17:13	15.51	--	7	10857	买盘
11:17:10	15.51	--	1	1551	买盘
11:17:04	15.51	--	30	46530	买盘
11:16:55	15.51	0.01	144	223344	中性盘
11:16:49	15.5	-0.01	172	266600	卖盘
11:16:40	15.51	-0.01	6	9306	卖盘
11:16:34	15.52	--	5	7760	买盘
11:16:25	15.52	--	5	7760	买盘
11:16:19	15.52	0.01	393	609936	买盘
11:16:13	15.51	-0.01	1	1551	卖盘
11:16:09	15.52	--	5	7760	买盘
11:16:04	15.52	0.01	110	170720	买盘
11:15:58	15.51	--	28	43428	卖盘
11:15:54	15.51	-0.01	31	48081	卖盘
11:15:49	15.52	--	15	23280	买盘
11:15:39	15.52	--	7	10864	买盘
11:15:24	15.52	--	24	37248	买盘
11:15:19	15.52	--	7	10864	买盘
11:15:09	15.52	--	28	43456	买盘
11:15:04	15.52	--	115	178480	卖盘
11:14:58	15.52	-0.01	10	15520	卖盘
11:14:54	15.53	--	15	23295	买盘
11:14:49	15.53	0.01	72	111816	买盘
11:14:43	15.52	-0.01	64	99328	卖盘
11:14:39	15.53	0.01	5	7765	买盘
11:14:34	15.52	--	10	15520	卖盘
11:14:28	15.52	--	76	117952	卖盘
11:14:24	15.52	-0.01	10	15520	卖盘
11:14:19	15.53	0.01	18	27954	买盘
11:14:13	15.52	-0.02	16	24832	卖盘
11:14:09	15.54	0.01	101	156954	买盘
11:14:04	15.53	--	2	3106	买盘
11:13:58	15.53	-0.01	99	153747	卖盘
11:13:43	15.54	0.01	12	18648	买盘
11:13:34	15.53	-0.01	137	212761	卖盘
11:13:28	15.54	0.01	5	7770	买盘
11:13:24	15.53	--	6	9318	卖盘
11:13:19	15.53	-0.01	84	130452	卖盘
11:13:09	15.54	--	2	3108	买盘
11:13:04	15.54	--	42	65268	买盘
11:12:58	15.54	--	5	7770	卖盘
11:12:49	15.54	--	12	18648	卖盘
11:12:43	15.54	--	314	487956	卖盘
11:12:39	15.54	--	20	31080	卖盘
11:12:34	15.54	--	103	160062	卖盘
11:12:28	15.54	--	58	90132	买盘
11:12:24	15.54	--	19	29526	买盘
11:12:19	15.54	-0.01	45	69930	卖盘
11:12:13	15.55	0.01	100	155500	买盘
11:12:09	15.54	-0.01	26	40404	卖盘
11:12:04	15.55	--	15	23325	买盘
11:11:58	15.55	--	0	0	买盘
11:11:54	15.55	--	35	54425	买盘
11:11:49	15.55	0.02	25	38875	买盘
11:11:43	15.53	--	5	7765	卖盘
11:11:39	15.53	-0.02	114	177663	卖盘
11:11:24	15.55	0.01	68	105740	买盘
11:11:19	15.54	0.01	56	87024	买盘
11:11:13	15.53	--	21	32613	买盘
11:11:07	15.53	--	15	23295	买盘
11:11:04	15.53	--	10	15530	买盘
11:10:58	15.53	--	7	10871	买盘
11:10:52	15.53	--	10	15530	买盘
11:10:49	15.53	--	154	239162	买盘
11:10:43	15.53	0.03	15	23295	买盘
11:10:37	15.5	-0.01	23	35650	卖盘
11:10:28	15.51	--	5	7755	卖盘
11:10:22	15.51	--	28	43428	买盘
11:10:19	15.51	--	110	170610	中性盘
11:10:13	15.51	--	11	17061	卖盘
11:10:07	15.51	--	19	29469	卖盘
11:10:04	15.51	--	30	46530	买盘
11:09:58	15.51	0.01	51	79101	卖盘
11:09:52	15.5	--	290	449500	卖盘
11:09:48	15.5	-0.01	6	9300	卖盘
11:09:43	15.51	0.01	101	157581	买盘
11:09:37	15.5	--	35	54250	卖盘
11:09:33	15.5	-0.01	91	141050	卖盘
11:09:28	15.51	0.01	5	7755	买盘
11:09:18	15.5	-0.01	206	319300	卖盘
11:09:13	15.51	--	9	13959	买盘
11:09:03	15.51	--	55	85305	买盘
11:08:58	15.51	0.02	49	75999	买盘
11:08:52	15.49	-0.02	7	10843	卖盘
11:08:48	15.51	--	54	83754	买盘
11:08:43	15.51	0.02	24	37224	买盘
11:08:37	15.49	--	198	306702	卖盘
11:08:33	15.49	0.01	30	46470	卖盘
11:08:28	15.48	--	69	106812	买盘
11:08:22	15.48	-0.03	124	191952	卖盘
11:08:18	15.51	0.04	12	18612	买盘
11:08:13	15.47	-0.04	191	295477	卖盘
11:08:07	15.51	0.03	101	156651	买盘
11:08:03	15.48	--	34	52632	买盘
11:07:58	15.48	-0.01	172	266875	卖盘
11:07:48	15.49	--	33	51117	买盘
11:07:43	15.49	--	1	1549	卖盘
11:07:37	15.49	-0.03	49	75901	卖盘
11:07:33	15.52	0.03	5	7760	买盘
11:07:28	15.49	-0.03	15	23235	卖盘
11:07:22	15.52	--	27	41904	买盘
11:07:18	15.52	0.04	29	45008	买盘
11:07:13	15.48	-0.03	196	303408	卖盘
11:07:07	15.51	-0.01	130	201630	卖盘
11:07:03	15.52	0.02	221	342992	买盘
11:06:58	15.5	-0.03	598	926900	卖盘
11:06:48	15.53	0.01	189	293517	买盘
11:06:43	15.52	--	10	15520	买盘
11:06:37	15.52	-0.02	321	498192	卖盘
11:06:28	15.54	-0.01	138	214452	卖盘
11:06:22	15.55	--	5	7775	买盘
11:06:18	15.55	--	7	10885	买盘
11:06:13	15.55	--	72	111960	买盘
11:06:07	15.55	--	16	24880	卖盘
11:06:03	15.55	--	148	230140	卖盘
11:05:58	15.55	--	45	69975	卖盘
11:05:52	15.55	--	141	219255	卖盘
11:05:48	15.55	--	86	133730	卖盘
11:05:43	15.55	--	45	69975	卖盘
11:05:37	15.55	--	74	115070	卖盘
11:05:33	15.55	--	6	9330	卖盘
11:05:28	15.55	0.01	52	80860	卖盘
11:05:22	15.54	--	70	108780	卖盘
11:05:18	15.54	-0.02	171	265734	卖盘
11:05:13	15.56	0.02	19	29564	买盘
11:05:07	15.54	-0.01	20	31080	卖盘
11:05:03	15.55	--	437	681027	买盘
11:04:58	15.55	0.01	19	29545	买盘
11:04:52	15.54	--	2	3108	卖盘
11:04:46	15.54	-0.01	6	9324	卖盘
11:04:43	15.55	0.01	271	421405	买盘
11:04:37	15.54	--	15	23310	买盘
11:04:31	15.54	0.01	5	7770	买盘
11:04:28	15.53	0.01	40	62120	中性盘
11:04:22	15.52	--	63	97776	卖盘
11:04:16	15.52	--	58	90016	卖盘
11:04:13	15.52	0.01	61	94672	卖盘
11:04:07	15.51	-0.01	2103	3261753	卖盘
11:04:01	15.52	-0.02	40	62080	卖盘
11:03:58	15.54	0.02	60	93240	买盘
11:03:52	15.52	--	116	180032	卖盘
11:03:46	15.52	--	42	65184	卖盘
11:03:43	15.52	--	0	0	卖盘
11:03:37	15.52	--	223	346096	卖盘
11:03:31	15.52	--	1120	1738240	卖盘
11:03:27	15.52	-0.01	57	88464	卖盘
11:03:22	15.53	0.01	55	85415	买盘
11:03:16	15.52	--	1	1552	卖盘
11:03:12	15.52	-0.03	77	119504	卖盘
11:03:07	15.55	0.02	1884	2929620	买盘
11:03:01	15.53	-0.01	174	270222	卖盘
11:02:57	15.54	-0.01	6	9324	中性盘
11:02:46	15.55	-0.01	2259	3512807	卖盘
11:02:42	15.56	-0.01	29	45124	卖盘
11:02:37	15.57	--	521	812240	卖盘
11:02:31	15.57	--	39	60723	卖盘
11:02:27	15.57	--	78	121446	卖盘
11:02:22	15.57	-0.01	31	48267	卖盘
11:02:16	15.58	0.01	20	31160	买盘
11:02:12	15.57	-0.01	64	99648	卖盘
11:02:07	15.58	-0.01	399	621642	卖盘
11:01:57	15.59	-0.01	25	38975	中性盘
11:01:52	15.6	0.02	30	46800	买盘
11:01:46	15.58	0.01	6	9348	卖盘
11:01:42	15.57	-0.03	373	580761	卖盘
11:01:37	15.6	--	0	0	买盘
11:01:31	15.6	--	40	62400	买盘
11:01:27	15.6	0.01	46	71760	买盘
11:01:22	15.59	0.02	26	40534	买盘
11:01:16	15.57	-0.02	128	199296	卖盘
11:01:12	15.59	0.01	12	18708	买盘
11:01:07	15.58	-0.02	24	37392	卖盘
11:01:01	15.6	--	105	163800	买盘
11:00:57	15.6	0.02	21	32760	买盘
11:00:52	15.58	-0.01	34	52972	卖盘
11:00:42	15.59	0.02	7	10913	买盘
11:00:37	15.57	-0.02	46	71622	卖盘
11:00:31	15.59	0.02	5	7795	买盘
11:00:27	15.57	-0.03	332	516924	卖盘
11:00:22	15.6	0.01	12	18720	买盘
11:00:12	15.59	--	42	65478	卖盘
11:00:07	15.59	0.02	89	138751	买盘
11:00:01	15.57	-0.01	24	37368	卖盘
10:59:57	15.58	--	3	4674	卖盘
10:59:52	15.58	--	34	52972	卖盘
10:59:42	15.58	0.01	34	52972	买盘
10:59:37	15.57	-0.01	59	91863	卖盘
10:59:31	15.58	-0.01	24	37392	中性盘
10:59:27	15.59	0.02	30	46770	买盘
10:59:22	15.57	-0.01	38	59166	卖盘
10:59:12	15.58	--	26	40508	买盘
10:59:07	15.58	--	30	46740	卖盘
10:59:01	15.58	-0.02	34	52972	买盘
10:58:57	15.6	--	469	731640	买盘
10:58:52	15.6	0.02	105	163800	买盘
10:58:46	15.58	--	24	37392	卖盘
10:58:42	15.58	-0.02	36	56088	中性盘
10:58:37	15.6	--	29	45240	买盘
10:58:31	15.6	0.02	9	14040	买盘
10:58:25	15.58	-0.03	29	45182	卖盘
10:58:22	15.61	--	40	62440	买盘
10:58:16	15.61	--	445	694645	买盘
10:58:10	15.61	--	5	7805	买盘
10:58:07	15.61	0.01	26	40586	买盘
10:58:01	15.6	-0.02	267	416520	卖盘
10:57:55	15.62	0.01	112	174944	买盘
10:57:52	15.61	--	132	206052	卖盘
10:57:46	15.61	-0.01	104	162344	卖盘
10:57:40	15.62	0.01	5	7810	买盘
10:57:36	15.61	--	26	40586	卖盘
10:57:31	15.61	-0.01	29	45269	卖盘
10:57:25	15.62	0.01	12	18744	买盘
10:57:21	15.61	-0.01	32	49952	卖盘
10:57:16	15.62	0.01	84	131208	买盘
10:57:10	15.61	-0.01	16	24976	卖盘
10:57:07	15.62	--	31	48422	卖盘
10:57:01	15.62	--	45	70290	卖盘
10:56:55	15.62	-0.01	86	134332	卖盘
10:56:51	15.63	0.01	100	156300	买盘
10:56:46	15.62	--	45	70290	卖盘
10:56:40	15.62	--	28	43736	卖盘
10:56:36	15.62	-0.01	173	270226	卖盘
10:56:31	15.63	0.01	217	339171	买盘
10:56:25	15.62	-0.01	137	213994	卖盘
10:56:21	15.63	0.01	107	167241	买盘
10:56:16	15.62	--	72	112464	卖盘
10:56:10	15.62	--	166	259292	卖盘
10:56:06	15.62	--	5	7810	卖盘
10:56:01	15.62	--	19	29678	卖盘
10:55:55	15.62	-0.01	110	171820	卖盘
10:55:51	15.63	--	129	201627	买盘
10:55:46	15.63	--	17	26571	买盘
10:55:40	15.63	--	51	79713	买盘
10:55:36	15.63	0.01	85	132855	买盘
10:55:31	15.62	-0.01	9	14058	卖盘
10:55:25	15.63	--	148	231324	买盘
10:55:21	15.63	--	21	32823	买盘
10:55:16	15.63	0.01	19	29697	买盘
10:55:10	15.62	--	7	10934	卖盘
10:55:06	15.62	--	136	212432	卖盘
10:55:01	15.62	-0.01	9	14058	卖盘
10:54:55	15.63	0.01	1	1563	买盘
10:54:51	15.62	--	27	42174	卖盘
10:54:46	15.62	--	61	95282	卖盘
10:54:40	15.62	-0.01	57	89034	卖盘
10:54:36	15.63	0.01	21	32823	买盘
10:54:31	15.62	-0.01	139	217118	卖盘
10:54:25	15.63	--	16	25008	买盘
10:54:21	15.63	--	127	198501	买盘
10:54:16	15.63	0.01	277	432951	买盘
10:54:10	15.62	--	12	18744	卖盘
10:54:06	15.62	-0.01	54	84348	卖盘
10:54:01	15.63	0.01	16	25008	买盘
10:53:55	15.62	--	24	37488	卖盘
10:53:51	15.62	--	4	6248	卖盘
10:53:46	15.62	--	11	17182	卖盘
10:53:40	15.62	0.01	16	24992	买盘
10:53:36	15.61	-0.02	3	4683	卖盘
10:53:31	15.63	0.01	341	532983	买盘
10:53:25	15.62	--	99	154638	卖盘
10:53:21	15.62	-0.01	76	118712	卖盘
10:53:16	15.63	0.01	76	118788	买盘
10:53:10	15.62	--	4	6248	卖盘
10:53:06	15.62	--	52	81224	卖盘
10:53:01	15.62	-0.01	38	59356	卖盘
10:52:55	15.63	--	72	112536	买盘
10:52:50	15.63	0.01	294	459522	买盘
10:52:46	15.62	--	183	285846	卖盘
10:52:40	15.62	--	17	26554	卖盘
10:52:36	15.62	-0.01	36	56232	卖盘
10:52:31	15.63	--	312	487656	买盘
10:52:25	15.63	0.01	91	142233	买盘
10:52:19	15.62	-0.01	26	40612	卖盘
10:52:16	15.63	0.02	179	279777	买盘
10:52:10	15.61	--	25	39025	卖盘
10:52:04	15.61	-0.02	71	110831	卖盘
10:52:01	15.63	0.01	406	634578	买盘
10:51:55	15.62	--	44	68728	买盘
10:51:46	15.62	--	15	23430	买盘
10:51:40	15.62	--	23	35926	卖盘
10:51:34	15.62	--	55	85910	卖盘
10:51:31	15.62	--	248	387376	卖盘
10:51:25	15.62	0.01	102	159324	买盘
10:51:19	15.61	-0.01	14	21854	卖盘
10:51:16	15.62	--	124	193688	买盘
10:51:10	15.62	0.01	27	42174	买盘
10:51:04	15.61	-0.01	90	140490	卖盘
10:51:00	15.62	0.02	32	49984	买盘
10:50:55	15.6	-0.02	239	372840	卖盘
10:50:49	15.62	0.01	507	791934	买盘
10:50:45	15.61	--	65	101465	卖盘
10:50:40	15.61	--	241	376201	买盘
10:50:34	15.61	--	12	18732	买盘
10:50:30	15.61	0.01	1	1561	买盘
10:50:25	15.6	-0.01	71	110760	卖盘
10:50:19	15.61	--	7	10927	买盘
10:50:15	15.61	0.01	163	254958	买盘
10:50:10	15.6	--	13	20280	买盘
10:50:00	15.6	0.01	688	1073280	买盘
10:49:55	15.59	--	100	155900	卖盘
10:49:49	15.59	0.01	3	4677	卖盘
10:49:40	15.58	--	311	484538	卖盘
10:49:34	15.58	--	4	6232	卖盘
10:49:30	15.58	-0.01	45	70110	卖盘
10:49:25	15.59	0.01	551	859009	买盘
10:49:19	15.58	--	6	9348	买盘
10:49:15	15.58	0.01	15	23370	买盘
10:49:10	15.57	-0.01	37	57609	卖盘
10:49:04	15.58	--	20	31160	买盘
10:49:00	15.58	0.01	5	7790	买盘
10:48:55	15.57	-0.01	64	99648	卖盘
10:48:49	15.58	-0.01	50	77900	卖盘
10:48:45	15.59	0.01	35	54565	买盘
10:48:40	15.58	--	357	556206	卖盘
10:48:34	15.58	--	27	42066	买盘
10:48:30	15.58	--	28	43624	买盘
10:48:25	15.58	--	16	24928	买盘
10:48:19	15.58	--	14	21812	买盘
10:48:15	15.58	0.01	106	165148	买盘
10:48:10	15.57	-0.01	63	98091	卖盘
10:48:00	15.58	0.01	77	119966	买盘
10:47:55	15.57	--	41	63837	卖盘
10:47:49	15.57	--	26	40482	卖盘
10:47:45	15.57	--	104	161928	买盘
10:47:40	15.57	--	6	9342	卖盘
10:47:34	15.57	0.01	102	158814	买盘
10:47:30	15.56	--	11	17116	卖盘
10:47:25	15.56	-0.01	12	18672	卖盘
10:47:19	15.57	--	12	18684	买盘
10:47:15	15.57	--	447	695979	卖盘
10:47:10	15.57	--	70	108990	卖盘
10:47:04	15.57	0.01	28	43596	买盘
10:47:00	15.56	--	53	82468	卖盘
10:46:55	15.56	-0.01	149	231844	卖盘
10:46:49	15.57	--	127	197739	买盘
10:46:45	15.57	--	59	91863	买盘
10:46:40	15.57	--	5	7785	买盘
10:46:30	15.57	--	110	171270	卖盘
10:46:25	15.57	-0.01	513	798741	卖盘
10:46:19	15.58	0.01	7	10906	买盘
10:46:10	15.57	-0.01	185	288045	卖盘
10:45:58	15.58	-0.01	94	146452	卖盘
10:45:55	15.59	0.01	31	48329	买盘
10:45:49	15.58	-0.01	4	6232	卖盘
10:45:40	15.59	0.01	15	23385	买盘
10:45:28	15.58	-0.01	1	1558	卖盘
10:45:25	15.59	--	72	112248	买盘
10:45:19	15.59	--	207	322713	买盘
10:45:13	15.59	--	107	166813	卖盘
10:45:10	15.59	-0.01	77	120043	卖盘
10:45:04	15.6	0.01	72	112320	买盘
10:44:58	15.59	--	6	9354	卖盘
10:44:54	15.59	--	3	4677	卖盘
10:44:49	15.59	--	159	247881	买盘
10:44:43	15.59	0.01	18	28062	买盘
10:44:39	15.58	--	7	10906	卖盘
10:44:34	15.58	--	35	54530	卖盘
10:44:28	15.58	-0.01	5	7790	卖盘
10:44:19	15.59	0.01	23	35857	买盘
10:44:09	15.58	-0.01	44	68552	卖盘
10:44:04	15.59	0.01	5	7795	买盘
10:43:58	15.58	--	10	15580	卖盘
10:43:54	15.58	--	81	126198	卖盘
10:43:49	15.58	--	10	15580	卖盘
10:43:43	15.58	0.01	100	155800	买盘
10:43:39	15.57	-0.01	112	174384	卖盘
10:43:34	15.58	0.01	109	169822	买盘
10:43:28	15.57	-0.01	2	3114	卖盘
10:43:24	15.58	--	70	109060	买盘
10:43:19	15.58	--	115	179170	买盘
10:43:13	15.58	--	10	15580	买盘
10:43:09	15.58	0.01	37	57646	买盘
10:43:04	15.57	-0.01	173	269361	卖盘
10:42:58	15.58	--	223	347434	买盘
10:42:54	15.58	0.01	118	183844	买盘
10:42:49	15.57	--	97	151029	卖盘
10:42:43	15.57	--	4	6228	卖盘
10:42:39	15.57	--	39	60723	卖盘
10:42:34	15.57	--	8	12456	卖盘
10:42:28	15.57	--	5	7785	卖盘
10:42:24	15.57	--	59	91863	卖盘
10:42:19	15.57	--	15	23355	卖盘
10:42:13	15.57	--	4	6228	卖盘
10:42:09	15.57	--	13	20241	卖盘
10:42:04	15.57	--	4	6228	卖盘
10:41:58	15.57	-0.01	50	77850	卖盘
10:41:54	15.58	0.01	31	48298	买盘
10:41:49	15.57	--	2	3114	卖盘
10:41:43	15.57	--	32	49824	买盘
10:41:39	15.57	--	198	308286	卖盘
10:41:34	15.57	-0.01	10	15570	卖盘
10:41:24	15.58	--	44	68552	买盘
10:41:19	15.58	--	77	119966	买盘
10:41:13	15.58	0.01	5	7790	买盘
10:41:09	15.57	-0.01	2	3114	卖盘
10:41:04	15.58	--	382	595156	卖盘
10:40:58	15.58	--	65	101270	卖盘
10:40:54	15.58	--	231	359898	卖盘
10:40:49	15.58	-0.01	70	109060	卖盘
10:40:43	15.59	0.01	5	7795	买盘
10:40:39	15.58	-0.01	257	400406	卖盘
10:40:34	15.59	-0.01	199	310241	中性盘
10:40:28	15.6	0.02	19	29640	买盘
10:40:24	15.58	-0.01	98	152684	卖盘
10:40:19	15.59	0.01	21	32739	买盘
10:40:13	15.58	-0.01	103	160474	卖盘
10:40:09	15.59	--	65	101335	卖盘
10:40:04	15.59	--	51	79509	卖盘
10:39:58	15.59	0.01	197	307123	买盘
10:39:54	15.58	-0.01	227	353666	卖盘
10:39:49	15.59	--	56	87304	卖盘
10:39:43	15.59	--	30	46770	卖盘
10:39:37	15.59	0.01	53	82627	买盘
10:39:34	15.58	-0.01	26	40508	卖盘
10:39:28	15.59	0.01	12	18708	买盘
10:39:22	15.58	-0.02	42	65436	卖盘
10:39:19	15.6	0.01	19	29640	买盘
10:39:13	15.59	--	193	300887	买盘
10:39:07	15.59	--	16	24944	卖盘
10:39:03	15.59	--	199	310241	卖盘
10:38:58	15.59	-0.01	171	266589	卖盘
10:38:52	15.6	--	5	7800	买盘
10:38:48	15.6	--	76	118560	买盘
10:38:43	15.6	--	13	20280	买盘
10:38:37	15.6	--	64	99840	卖盘
10:38:33	15.6	--	78	121680	卖盘
10:38:28	15.6	--	60	93600	卖盘
10:38:22	15.6	-0.01	25	39000	卖盘
10:38:18	15.61	--	64	99904	卖盘
10:38:13	15.61	0.01	186	290346	买盘
10:38:07	15.6	--	15	23400	卖盘
10:38:03	15.6	-0.01	114	177840	卖盘
10:37:58	15.61	-0.01	125	195125	卖盘
10:37:52	15.62	0.01	22	34364	买盘
10:37:48	15.61	0.01	154	240394	买盘
10:37:43	15.6	-0.01	257	400920	卖盘
10:37:37	15.61	0.01	21	32781	买盘
10:37:33	15.6	-0.01	216	336960	卖盘
10:37:28	15.61	0.01	93	145173	买盘
10:37:18	15.6	--	63	98280	卖盘
10:37:13	15.6	-0.02	175	273000	卖盘
10:37:07	15.62	--	450	702900	买盘
10:37:03	15.62	0.01	228	356136	买盘
10:36:58	15.61	--	938	1464218	卖盘
10:36:52	15.61	-0.01	82	128002	卖盘
10:36:48	15.62	0.01	191	298342	买盘
10:36:43	15.61	0.01	412	643132	买盘
10:36:37	15.6	--	59	92040	卖盘
10:36:33	15.6	-0.01	211	329160	卖盘
10:36:28	15.61	0.01	196	305956	买盘
10:36:22	15.6	--	232	361920	卖盘
10:36:18	15.6	--	462	720720	买盘
10:36:13	15.6	0.01	113	176280	买盘
10:36:07	15.59	--	15	23385	卖盘
10:36:03	15.59	0.01	454	707786	买盘
10:35:58	15.58	--	248	386384	卖盘
10:35:52	15.58	-0.01	73	113734	卖盘
10:35:48	15.59	0.01	119	185521	买盘
10:35:43	15.58	--	500	779000	卖盘
10:35:33	15.58	-0.01	66	102828	卖盘
10:35:28	15.59	--	394	614635	买盘
10:35:22	15.59	--	151	235409	买盘
10:35:18	15.59	--	840	1310729	卖盘
10:35:13	15.59	--	68	106012	卖盘
10:35:07	15.59	--	36	56124	卖盘
10:35:03	15.59	0.01	370	577219	买盘
10:34:58	15.58	0.02	83	129314	买盘
10:34:52	15.56	--	309	480804	卖盘
10:34:48	15.56	--	965	1501929	卖盘
10:34:43	15.56	-0.01	621	967676	卖盘
10:34:37	15.57	0.01	102	158814	买盘
10:34:33	15.56	--	71	110476	卖盘
10:34:28	15.56	--	157	244292	卖盘
10:34:22	15.56	-0.03	809	1259193	卖盘
10:34:18	15.59	0.03	123	191757	中性盘
10:34:13	15.56	-0.04	1807	2811692	卖盘
10:34:07	15.6	--	1135	1770693	卖盘
10:34:03	15.6	-0.01	273	425880	卖盘
10:33:58	15.61	--	379	591619	买盘
10:33:52	15.61	0.01	532	831919	买盘
10:33:48	15.6	--	59	92040	卖盘
10:33:43	15.6	--	24	37440	卖盘
10:33:37	15.6	--	90	140400	卖盘
10:33:33	15.6	-0.03	50	78000	卖盘
10:33:28	15.63	0.05	328	512664	买盘
10:33:22	15.58	-0.02	218	339644	卖盘
10:33:16	15.6	-0.03	19	29640	中性盘
10:33:13	15.63	0.05	35	54705	卖盘
10:33:07	15.58	-0.05	424	660592	卖盘
10:33:01	15.63	0.01	17	26571	中性盘
10:32:58	15.62	-0.02	775	1210550	卖盘
10:32:52	15.64	--	552	863328	买盘
10:32:46	15.64	--	489	764796	卖盘
10:32:43	15.64	-0.01	277	433228	卖盘
10:32:37	15.65	0.01	1036	1621340	买盘
10:32:31	15.64	0.01	555	868020	买盘
10:32:28	15.63	0.02	50	78150	中性盘
10:32:22	15.61	-0.01	370	577570	卖盘
10:32:16	15.62	0.01	642	1002804	买盘
10:32:12	15.61	--	2315	3613715	卖盘
10:32:07	15.61	0.01	1429	2231980	买盘
10:32:01	15.6	--	126	196809	卖盘
10:31:57	15.6	--	133	207480	卖盘
10:31:52	15.6	-0.01	95	148200	卖盘
10:31:46	15.61	0.01	5	7805	买盘
10:31:42	15.6	-0.02	2172	3388320	卖盘
10:31:37	15.62	0.01	470	734140	买盘
10:31:31	15.61	-0.01	619	966259	卖盘
10:31:27	15.62	0.01	23	35926	买盘
10:31:22	15.61	-0.02	298	465178	卖盘
10:31:16	15.63	--	272	425136	买盘
10:31:12	15.63	0.01	117	182871	买盘
10:31:07	15.62	-0.01	85	132770	卖盘
10:31:01	15.63	-0.01	106	165678	中性盘
10:30:57	15.64	0.01	598	935272	买盘
10:30:52	15.63	--	237	370431	卖盘
10:30:46	15.63	0.01	192	300096	买盘
10:30:42	15.62	0.01	63	98406	卖盘
10:30:37	15.61	--	310	483910	卖盘
10:30:31	15.61	--	20	31220	卖盘
10:30:27	15.61	--	58	90538	卖盘
10:30:22	15.61	0.01	167	260687	买盘
10:30:16	15.6	--	2	3120	卖盘
10:30:12	15.6	0.01	1611	2514470	买盘
10:30:07	15.59	--	497	774823	买盘
10:30:01	15.59	--	3362	5241358	买盘
10:29:57	15.59	0.01	54	84186	买盘
10:29:52	15.58	0.01	385	599830	中性盘
10:29:42	15.57	-0.01	96	149472	卖盘
10:29:37	15.58	0.01	695	1082810	买盘
10:29:31	15.57	0.01	20	31140	买盘
10:29:27	15.56	--	21	32676	卖盘
10:29:22	15.56	0.01	1121	1745769	买盘
10:29:16	15.55	-0.01	177	275235	卖盘
10:29:12	15.56	--	729	1134324	买盘
10:29:07	15.56	0.01	311	483916	买盘
10:29:01	15.55	--	30	46650	卖盘
10:28:57	15.55	--	89	138395	卖盘
10:28:52	15.55	0.05	308	478940	买盘
10:28:46	15.5	-0.04	5	7750	卖盘
10:28:42	15.54	0.04	3005	4669770	买盘
10:28:37	15.5	-0.05	4	6200	卖盘
10:28:31	15.55	--	0	0	买盘
10:28:27	15.55	0.05	1016	1579880	买盘
10:28:22	15.5	-0.02	81	125550	中性盘
10:28:16	15.52	-0.02	33	51216	买盘
10:28:12	15.54	--	126	195804	买盘
10:28:07	15.54	--	0	0	买盘
10:28:01	15.54	0.02	15	23310	买盘
10:27:57	15.52	--	520	807040	卖盘
10:27:52	15.52	0.01	985	1528720	买盘
10:27:46	15.51	0.02	531	823581	买盘
10:27:42	15.49	0.01	7	10843	买盘
10:27:37	15.48	-0.01	52	80496	卖盘
10:27:27	15.49	-0.01	20	30980	买盘
10:27:22	15.5	0.02	17	26350	买盘
10:27:16	15.48	-0.01	21	32508	卖盘
10:27:10	15.49	--	11	17039	卖盘
10:27:06	15.49	--	39	60411	买盘
10:27:01	15.49	--	17	26333	买盘
10:26:55	15.49	--	103	159547	买盘
10:26:51	15.49	0.01	98	151802	买盘
10:26:46	15.48	-0.01	17	26316	卖盘
10:26:36	15.49	--	155	240095	买盘
10:26:31	15.49	-0.01	45	69705	中性盘
10:26:25	15.5	--	10	15500	买盘
10:26:21	15.5	0.01	79	122450	买盘
10:26:16	15.49	-0.01	21	32529	卖盘
10:26:06	15.5	0.01	40	62000	买盘
10:26:01	15.49	0.01	151	233899	买盘
10:25:55	15.48	-0.01	15	23220	卖盘
10:25:51	15.49	--	7	10843	买盘
10:25:46	15.49	-0.01	24	37176	卖盘
10:25:40	15.5	-0.01	5	7750	买盘
10:25:36	15.51	0.03	150	232650	买盘
10:25:31	15.48	-0.02	27	41796	卖盘
10:25:25	15.5	--	119	184450	卖盘
10:25:21	15.5	--	127	196850	买盘
10:25:16	15.5	0.01	32	49600	买盘
10:25:10	15.49	--	2	3098	卖盘
10:25:06	15.49	-0.01	30	46470	卖盘
10:25:01	15.5	--	115	178250	买盘
10:24:46	15.5	--	19	29450	卖盘
10:24:40	15.5	-0.01	13	20150	卖盘
10:24:36	15.51	0.02	15	23265	买盘
10:24:31	15.49	-0.02	18	27882	卖盘
10:24:25	15.51	0.01	118	183018	买盘
10:24:21	15.5	--	7	10850	买盘
10:24:16	15.5	--	55	85250	买盘
10:24:10	15.5	-0.01	473	733150	卖盘
10:24:06	15.51	-0.01	50	77550	卖盘
10:24:01	15.52	--	80	124160	卖盘
10:23:51	15.52	-0.01	139	215728	卖盘
10:23:46	15.53	0.02	24	37272	买盘
10:23:40	15.51	--	0	0	卖盘
10:23:36	15.51	-0.02	175	271425	卖盘
10:23:31	15.53	--	8	12424	买盘
10:23:25	15.53	0.01	9	13977	买盘
10:23:21	15.52	-0.01	306	475222	卖盘
10:23:16	15.53	--	495	769977	卖盘
10:23:10	15.53	-0.01	13	20189	中性盘
10:23:06	15.54	0.02	697	1083138	买盘
10:23:01	15.52	--	1	1552	卖盘
10:22:55	15.52	--	15	23280	卖盘
10:22:51	15.52	-0.01	65	100880	卖盘
10:22:46	15.53	0.02	203	315259	买盘
10:22:36	15.51	--	35	54285	卖盘
10:22:31	15.51	--	156	241956	买盘
10:22:25	15.51	0.01	6	9306	买盘
10:22:21	15.5	--	42	65100	卖盘
10:22:16	15.5	--	29	44950	卖盘
10:22:10	15.5	-0.01	2	3100	卖盘
10:22:06	15.51	0.01	17	26367	买盘
10:22:01	15.5	--	683	1058650	买盘
10:21:55	15.5	--	189	292950	买盘
10:21:51	15.5	--	22	34100	买盘
10:21:46	15.5	--	6	9300	买盘
10:21:40	15.5	0.01	14	21700	买盘
10:21:36	15.49	-0.01	30	46470	卖盘
10:21:31	15.5	0.02	311	482980	买盘
10:21:25	15.48	-0.01	121	187308	卖盘
10:21:21	15.49	--	6	9294	买盘
10:21:16	15.49	--	19	29431	卖盘
10:21:10	15.49	0.01	10	15490	买盘
10:21:06	15.48	0.02	37	57276	买盘
10:21:00	15.46	-0.03	45	69570	卖盘
10:20:55	15.49	--	42	65058	卖盘
10:20:49	15.49	0.01	11	17039	买盘
10:20:45	15.48	0.02	1	1548	买盘
10:20:40	15.46	--	4	6184	卖盘
10:20:34	15.46	--	0	0	卖盘
10:20:30	15.46	-0.04	35	54110	卖盘
10:20:25	15.5	0.04	304	471200	买盘
10:20:19	15.46	--	49	75754	买盘
10:20:15	15.46	--	47	72662	买盘
10:20:10	15.46	--	147	227262	买盘
10:20:04	15.46	--	6	9276	买盘
10:20:00	15.46	0.01	28	43288	买盘
10:19:55	15.45	-0.05	100	154500	卖盘
10:19:49	15.5	0.03	1000	1550000	买盘
10:19:45	15.47	0.01	14	21658	中性盘
10:19:40	15.46	-0.02	43	66478	卖盘
10:19:34	15.48	--	5	7740	买盘
10:19:25	15.48	0.03	115	178020	买盘
10:19:19	15.45	--	25	38625	卖盘
10:19:15	15.45	-0.02	106	163770	卖盘
10:19:10	15.47	0.02	2	3094	中性盘
10:19:04	15.45	--	57	88065	卖盘
10:19:00	15.45	--	57	88065	卖盘
10:18:55	15.45	--	146	225570	卖盘
10:18:49	15.45	0.01	812	1254540	买盘
10:18:45	15.44	--	124	191456	卖盘
10:18:40	15.44	--	18	27792	卖盘
10:18:34	15.44	--	30	46320	卖盘
10:18:30	15.44	0.04	237	365928	买盘
10:18:25	15.4	-0.02	388	597520	卖盘
10:18:19	15.42	0.02	27	41634	买盘
10:18:15	15.4	0.01	906	1395240	买盘
10:18:10	15.39	-0.01	49	75411	卖盘
10:18:04	15.4	--	66	101640	买盘
10:18:00	15.4	0.01	1054	1623160	中性盘
10:17:55	15.39	-0.01	602	926478	卖盘
10:17:49	15.4	--	50	77000	卖盘
10:17:45	15.4	--	81	124740	卖盘
10:17:40	15.4	--	54	83160	卖盘
10:17:30	15.4	-0.02	433	666820	卖盘
10:17:25	15.42	0.01	623	960666	买盘
10:17:19	15.41	-0.02	19	29279	中性盘
10:17:15	15.43	0.01	1425	2198775	买盘
10:17:10	15.42	--	138	212796	卖盘
10:17:04	15.42	--	32	49344	卖盘
10:17:00	15.42	--	172	265224	卖盘
10:16:55	15.42	0.01	16	24672	买盘
10:16:49	15.41	--	77	118657	卖盘
10:16:45	15.41	-0.01	28	43148	卖盘
10:16:40	15.42	--	25	38550	买盘
10:16:34	15.42	--	20	30840	卖盘
10:16:30	15.42	-0.01	22	33924	卖盘
10:16:25	15.43	--	0	0	中性盘
10:16:19	15.43	--	47	72521	卖盘
10:16:15	15.43	--	116	178988	买盘
10:16:10	15.43	0.01	45	69435	买盘
10:16:04	15.42	--	5	7710	卖盘
10:16:00	15.42	--	24	37008	卖盘
10:15:55	15.42	-0.01	87	134154	中性盘
10:15:45	15.43	0.01	135	208305	买盘
10:15:40	15.42	0.01	6	9252	买盘
10:15:34	15.41	--	21	32361	卖盘
10:15:30	15.41	--	58	89378	卖盘
10:15:25	15.41	-0.01	76	117116	卖盘
10:15:19	15.42	0.01	75	115650	买盘
10:15:15	15.41	--	59	90919	卖盘
10:15:10	15.41	--	16	24656	卖盘
10:15:04	15.41	-0.01	49	75509	卖盘
10:15:00	15.42	--	38	58596	卖盘
10:14:55	15.42	-0.01	57	87894	卖盘
10:14:49	15.43	0.01	57	87951	买盘
10:14:45	15.42	0.01	50	77100	中性盘
10:14:40	15.41	-0.01	90	138690	卖盘
10:14:34	15.42	--	19	29298	买盘
10:14:24	15.42	--	5	7710	买盘
10:14:19	15.42	-0.01	18	27756	卖盘
10:14:13	15.43	-0.01	5	7715	中性盘
10:14:09	15.44	0.02	129	199176	买盘
10:14:04	15.42	--	49	75558	卖盘
10:13:58	15.42	0.01	5	7710	中性盘
10:13:54	15.41	-0.03	12	18492	中性盘
10:13:49	15.44	0.04	362	558928	买盘
10:13:43	15.4	-0.02	25	38500	卖盘
10:13:39	15.42	--	55	84810	卖盘
10:13:34	15.42	-0.01	1272	1961424	卖盘
10:13:24	15.43	0.01	9	13887	买盘
10:13:19	15.42	-0.02	277	427134	卖盘
10:13:13	15.44	--	42	64848	买盘
10:13:09	15.44	0.02	8	12352	中性盘
10:13:04	15.42	-0.02	541	835578	卖盘
10:12:58	15.44	--	17	26248	卖盘
10:12:54	15.44	--	28	43232	卖盘
10:12:49	15.44	-0.01	48	74112	卖盘
10:12:43	15.45	0.02	105	162225	买盘
10:12:39	15.43	--	27	41661	卖盘
10:12:34	15.43	-0.01	5	7715	卖盘
10:12:28	15.44	0.01	7	10808	卖盘
10:12:24	15.43	--	101	155843	卖盘
10:12:19	15.43	--	82	126526	卖盘
10:12:13	15.43	-0.01	62	95666	卖盘
10:12:09	15.44	0.01	13	20072	中性盘
10:12:04	15.43	-0.01	663	1023009	卖盘
10:11:58	15.44	--	42	64848	卖盘
10:11:54	15.44	--	62	95728	卖盘
10:11:49	15.44	--	18	27792	卖盘
10:11:43	15.44	0.01	167	257848	买盘
10:11:39	15.43	-0.01	33	50919	卖盘
10:11:34	15.44	--	18	27792	买盘
10:11:28	15.44	0.01	6	9264	买盘
10:11:24	15.43	-0.02	13	20059	卖盘
10:11:19	15.45	0.02	31	47895	买盘
10:11:13	15.43	-0.01	1	1543	卖盘
10:11:09	15.44	-0.01	111	171384	买盘
10:11:04	15.45	0.01	205	316725	买盘
10:10:54	15.44	--	21	32424	卖盘
10:10:49	15.44	0.01	45	69480	买盘
10:10:43	15.43	--	16	24688	卖盘
10:10:39	15.43	-0.01	42	64806	卖盘
10:10:34	15.44	--	13	20072	买盘
10:10:28	15.44	0.01	29	44776	买盘
10:10:24	15.43	-0.01	137	211391	卖盘
10:10:19	15.44	--	117	180648	卖盘
10:10:13	15.44	--	16	24704	卖盘
10:10:09	15.44	0.01	14	21616	中性盘
10:10:04	15.43	--	43	66349	卖盘
10:09:58	15.43	-0.02	19	29317	卖盘
10:09:54	15.45	0.02	70	108150	买盘
10:09:49	15.43	-0.01	55	84865	卖盘
10:09:43	15.44	--	48	74112	买盘
10:09:39	15.44	--	269	415336	买盘
10:09:34	15.44	--	63	97272	买盘
10:09:24	15.44	--	130	200720	卖盘
10:09:19	15.44	-0.01	16	24704	卖盘
10:09:13	15.45	--	4	6180	买盘
10:09:09	15.45	0.01	135	208575	买盘
10:09:04	15.44	-0.01	449	693256	卖盘
10:08:58	15.45	0.01	63	97335	买盘
10:08:54	15.44	-0.01	65	100360	卖盘
10:08:49	15.45	--	10	15450	买盘
10:08:43	15.45	--	299	461955	买盘
10:08:38	15.45	--	3	4635	买盘
10:08:34	15.45	--	77	118965	买盘
10:08:28	15.45	--	125	193125	买盘
10:08:24	15.45	-0.02	271	418695	卖盘
10:08:18	15.47	-0.01	15	23205	中性盘
10:08:13	15.48	0.02	223	345204	买盘
10:08:07	15.46	-0.02	120	185520	卖盘
10:08:03	15.48	--	69	106812	买盘
10:07:58	15.48	--	15	23220	买盘
10:07:52	15.48	--	159	246132	买盘
10:07:48	15.48	-0.01	90	139320	卖盘
10:07:43	15.49	0.01	2	3098	买盘
10:07:38	15.48	-0.01	21	32508	卖盘
10:07:33	15.49	0.03	53	82097	买盘
10:07:18	15.46	--	72	111312	买盘
10:07:13	15.46	--	31	47926	买盘
10:07:03	15.46	--	18	27828	买盘
10:06:58	15.46	0.01	565	873490	买盘
10:06:52	15.45	--	3	4635	买盘
10:06:48	15.45	0.01	61	94245	买盘
10:06:43	15.44	--	181	279464	买盘
10:06:37	15.44	--	9	13896	买盘
10:06:33	15.44	--	39	60216	买盘
10:06:28	15.44	--	148	228512	买盘
10:06:22	15.44	--	15	23160	买盘
10:06:18	15.44	--	41	63304	买盘
10:06:13	15.44	--	73	112712	买盘
10:06:07	15.44	--	15	23160	买盘
10:05:58	15.44	0.01	70	108080	买盘
10:05:52	15.43	-0.01	2	3086	卖盘
10:05:48	15.44	-0.01	80	123520	卖盘
10:05:43	15.45	0.01	68	105060	买盘
10:05:33	15.44	0.02	2	3088	卖盘
10:05:28	15.42	-0.02	960	1480320	卖盘
10:05:18	15.44	-0.02	19	29336	买盘
10:05:13	15.46	0.02	188	290648	买盘
10:05:07	15.44	--	18	27792	卖盘
10:05:03	15.44	0.03	15	23160	买盘
10:04:58	15.41	-0.03	603	929223	卖盘
10:04:52	15.44	--	101	155944	卖盘
10:04:48	15.44	--	48	74112	卖盘
10:04:43	15.44	--	128	197632	卖盘
10:04:37	15.44	--	1	1544	卖盘
10:04:33	15.44	-0.01	10	15440	卖盘
10:04:28	15.45	0.01	205	316725	买盘
10:04:22	15.44	--	0	0	买盘
10:04:18	15.44	-0.01	25	38600	卖盘
10:04:13	15.45	0.01	40	61800	买盘
10:04:07	15.44	--	21	32424	买盘
10:04:03	15.44	--	107	165208	买盘
10:03:58	15.44	--	143	220792	买盘
10:03:52	15.44	-0.01	392	605248	买盘
10:03:48	15.45	0.01	122	188490	买盘
10:03:43	15.44	--	200	308800	卖盘
10:03:37	15.44	-0.01	15	23160	卖盘
10:03:33	15.45	0.05	80	123600	买盘
10:03:28	15.4	-0.04	123	189420	卖盘
10:03:18	15.44	0.04	188	290272	买盘
10:03:13	15.4	--	989	1523121	买盘
10:03:07	15.4	--	2099	3232460	买盘
10:03:03	15.4	--	266	409640	买盘
10:02:58	15.4	--	392	603680	买盘
10:02:52	15.4	--	472	726880	买盘
10:02:48	15.4	--	80	123200	买盘
10:02:43	15.4	--	54	83160	买盘
10:02:37	15.4	0.01	12	18480	买盘
10:02:27	15.39	--	215	330885	买盘
10:02:22	15.39	--	78	120042	买盘
10:02:17	15.39	0.01	96	147744	买盘
10:02:13	15.38	-0.01	1	1538	卖盘
10:02:07	15.39	--	5	7695	买盘
10:02:03	15.39	0.02	807	1241973	买盘
10:01:57	15.37	--	167	258016	买盘
10:01:52	15.37	0.01	17	26129	买盘
10:01:48	15.36	--	58	89088	卖盘
10:01:42	15.36	--	378	580608	买盘
10:01:37	15.36	--	244	374784	买盘
10:01:31	15.36	-0.01	212	325632	卖盘
10:01:27	15.37	-0.01	173	266100	卖盘
10:01:22	15.38	--	82	127454	买盘
10:01:18	15.38	0.01	123	189174	买盘
10:01:12	15.37	--	131	201347	卖盘
10:01:07	15.37	-0.01	122	187514	卖盘
10:01:01	15.38	-0.01	108	166104	卖盘
10:00:57	15.39	0.01	281	432459	买盘
10:00:52	15.38	-0.01	331	509078	卖盘
10:00:46	15.39	--	31	47709	卖盘
10:00:42	15.39	--	373	574047	卖盘
10:00:37	15.39	--	141	216999	卖盘
10:00:31	15.39	--	109	167751	卖盘
10:00:27	15.39	--	213	327807	卖盘
10:00:22	15.39	--	81	124659	卖盘
10:00:16	15.39	-0.01	404	621756	卖盘
10:00:12	15.4	--	31	47740	买盘
10:00:07	15.4	--	342	526680	买盘
10:00:01	15.4	-0.06	2985	4598209	卖盘
09:59:57	15.46	--	91	140686	买盘
09:59:52	15.46	--	51	78846	买盘
09:59:46	15.46	--	22	34012	买盘
09:59:37	15.46	-0.01	347	536462	卖盘
09:59:31	15.47	--	5	7735	买盘
09:59:27	15.47	0.01	102	157794	买盘
09:59:22	15.46	-0.01	45	69570	卖盘
09:59:16	15.47	--	29	44863	买盘
09:59:12	15.47	0.01	62	95914	买盘
09:59:07	15.46	-0.01	6	9276	卖盘
09:58:57	15.47	-0.01	189	292383	卖盘
09:58:52	15.48	0.01	38	58824	中性盘
09:58:46	15.47	-0.01	304	470288	卖盘
09:58:42	15.48	0.01	70	108360	买盘
09:58:37	15.47	-0.01	39	60333	卖盘
09:58:31	15.48	--	5	7740	买盘
09:58:27	15.48	-0.02	45	69660	买盘
09:58:22	15.5	0.02	1117	1731350	买盘
09:58:16	15.48	-0.01	114	176472	卖盘
09:58:12	15.49	--	184	285016	买盘
09:58:07	15.49	0.01	134	207566	买盘
09:58:01	15.48	-0.01	1	1548	卖盘
09:57:57	15.49	--	41	63509	买盘
09:57:52	15.49	--	23	35627	买盘
09:57:46	15.49	-0.01	236	365564	卖盘
09:57:42	15.5	--	53	82150	买盘
09:57:37	15.5	--	165	255750	中性盘
09:57:31	15.5	--	120	186000	中性盘
09:57:27	15.5	--	137	212350	买盘
09:57:22	15.5	--	34	52700	卖盘
09:57:16	15.5	--	274	424700	买盘
09:57:12	15.5	0.01	30	46500	买盘
09:57:07	15.49	--	8	12392	卖盘
09:57:01	15.49	--	23	35627	买盘
09:56:57	15.49	0.01	38	58862	买盘
09:56:52	15.48	--	126	195048	卖盘
09:56:46	15.48	--	4	6192	卖盘
09:56:42	15.48	0.01	351	543348	买盘
09:56:37	15.47	--	78	120666	卖盘
09:56:31	15.47	--	127	196469	卖盘
09:56:27	15.47	0.02	75	116025	卖盘
09:56:22	15.45	-0.02	39	60255	卖盘
09:56:16	15.47	--	20	30940	卖盘
09:56:12	15.47	--	867	1342192	买盘
09:56:07	15.47	--	368	569296	买盘
09:56:01	15.47	--	38	58786	买盘
09:55:57	15.47	--	67	103649	买盘
09:55:52	15.47	--	267	413049	买盘
09:55:46	15.47	0.01	52	80444	买盘
09:55:42	15.46	-0.01	65	100490	卖盘
09:55:37	15.47	0.01	119	184093	买盘
09:55:31	15.46	-0.01	17	26282	卖盘
09:55:27	15.47	--	144	222768	买盘
09:55:22	15.47	--	56	86632	卖盘
09:55:16	15.47	-0.01	19	29393	卖盘
09:55:12	15.48	0.01	79	122292	买盘
09:55:06	15.47	-0.01	102	157794	卖盘
09:55:01	15.48	0.01	151	233748	买盘
09:54:55	15.47	-0.01	34	52598	卖盘
09:54:51	15.48	0.03	190	294120	买盘
09:54:46	15.45	-0.02	20	30900	卖盘
09:54:41	15.47	--	4	6188	买盘
09:54:36	15.47	-0.01	17	26299	中性盘
09:54:31	15.48	--	50	77400	买盘
09:54:27	15.48	0.04	30	46440	买盘
09:54:21	15.44	-0.03	93	143592	卖盘
09:54:16	15.47	0.02	56	86632	买盘
09:54:10	15.45	0.01	10	15450	买盘
09:54:06	15.44	-0.01	76	117344	卖盘
09:54:01	15.45	0.01	126	194670	买盘
09:53:55	15.44	0.01	22	33968	买盘
09:53:51	15.43	-0.01	78	120354	卖盘
09:53:46	15.44	--	141	217704	卖盘
09:53:40	15.44	--	20	30880	卖盘
09:53:36	15.44	0.01	320	494080	中性盘
09:53:31	15.43	-0.02	129	199047	卖盘
09:53:25	15.45	0.02	40	61800	买盘
09:53:21	15.43	-0.01	53	81779	中性盘
09:53:16	15.44	-0.01	458	707152	卖盘
09:53:10	15.45	-0.01	1	1545	卖盘
09:53:06	15.46	--	333	514818	买盘
09:53:01	15.46	--	183	282918	卖盘
09:52:55	15.46	-0.01	57	88122	卖盘
09:52:51	15.47	--	11	17017	买盘
09:52:46	15.47	-0.01	34	52598	卖盘
09:52:36	15.48	-0.01	78	120744	卖盘
09:52:31	15.49	-0.02	1247	1932145	卖盘
09:52:25	15.51	0.01	25	38775	买盘
09:52:21	15.5	--	733	1136150	卖盘
09:52:16	15.5	-0.01	181	280550	卖盘
09:52:10	15.51	--	10	15510	买盘
09:52:06	15.51	--	464	719664	买盘
09:52:01	15.51	-0.01	471	730521	卖盘
09:51:55	15.52	--	94	145888	买盘
09:51:51	15.52	-0.01	48	74496	买盘
09:51:46	15.53	--	510	792030	买盘
09:51:40	15.53	--	10	15530	买盘
09:51:36	15.53	-0.01	443	687979	卖盘
09:51:31	15.54	--	111	172494	卖盘
09:51:25	15.54	0.01	17	26418	卖盘
09:51:21	15.53	--	342	531126	卖盘
09:51:16	15.53	-0.01	57	88521	卖盘
09:51:10	15.54	--	760	1181040	卖盘
09:51:06	15.54	0.01	352	547008	买盘
09:51:01	15.53	-0.01	39	60567	卖盘
09:50:55	15.54	0.01	100	155400	买盘
09:50:51	15.53	--	76	118028	卖盘
09:50:46	15.53	0.01	226	350978	买盘
09:50:40	15.52	--	118	183136	卖盘
09:50:36	15.52	-0.02	61	94672	卖盘
09:50:31	15.54	0.02	447	694638	买盘
09:50:25	15.52	-0.01	96	148992	卖盘
09:50:21	15.53	0.01	151	234503	买盘
09:50:16	15.52	0.01	21	32592	中性盘
09:50:10	15.51	-0.01	271	420321	卖盘
09:50:06	15.52	-0.01	208	322816	卖盘
09:50:01	15.53	0.01	68	105604	买盘
09:49:55	15.52	--	57	88464	买盘
09:49:51	15.52	0.01	19	29488	中性盘
09:49:46	15.51	-0.02	306	474606	卖盘
09:49:40	15.53	-0.01	20	31060	买盘
09:49:36	15.54	0.01	110	170940	买盘
09:49:31	15.53	-0.01	122	189466	卖盘
09:49:25	15.54	--	123	191142	买盘
09:49:21	15.54	--	182	282828	卖盘
09:49:16	15.54	-0.01	2	3108	卖盘
09:49:06	15.55	--	125	194375	中性盘
09:49:01	15.55	--	82	127510	卖盘
09:48:55	15.55	-0.01	301	468055	卖盘
09:48:51	15.56	--	122	189832	卖盘
09:48:45	15.56	--	335	521260	买盘
09:48:40	15.56	0.01	136	211616	买盘
09:48:36	15.55	--	58	90190	卖盘
09:48:30	15.55	-0.01	70	108850	卖盘
09:48:25	15.56	0.01	46	71576	买盘
09:48:20	15.55	-0.01	194	301670	卖盘
09:48:15	15.56	0.01	173	269188	买盘
09:48:10	15.55	-0.01	42	65310	卖盘
09:48:04	15.56	0.01	129	200724	买盘
09:48:00	15.55	-0.01	73	113515	卖盘
09:47:55	15.56	--	10	15560	卖盘
09:47:49	15.56	-0.01	25	38900	中性盘
09:47:45	15.57	0.01	513	798741	买盘
09:47:40	15.56	-0.01	111	172716	卖盘
09:47:34	15.57	--	16	24912	买盘
09:47:30	15.57	0.01	215	334755	买盘
09:47:25	15.56	-0.01	71	110476	卖盘
09:47:19	15.57	0.01	83	129231	买盘
09:47:15	15.56	--	42	65352	买盘
09:47:10	15.56	-0.01	152	236512	卖盘
09:47:04	15.57	0.01	66	102762	买盘
09:47:00	15.56	0.01	169	262964	买盘
09:46:55	15.55	-0.02	69	107295	卖盘
09:46:49	15.57	0.01	72	112104	买盘
09:46:45	15.56	--	10	15560	卖盘
09:46:40	15.56	--	214	332984	买盘
09:46:34	15.56	0.01	30	46680	买盘
09:46:30	15.55	--	166	258130	卖盘
09:46:25	15.55	--	39	60645	卖盘
09:46:19	15.55	0.01	44	68420	买盘
09:46:15	15.54	0.01	76	118104	买盘
09:46:10	15.53	--	10	15530	卖盘
09:46:04	15.53	--	0	0	卖盘
09:46:00	15.53	-0.01	55	85415	卖盘
09:45:55	15.54	--	796	1236984	卖盘
09:45:49	15.54	--	1	1554	买盘
09:45:45	15.54	--	181	281274	买盘
09:45:40	15.54	0.01	271	421134	买盘
09:45:34	15.53	-0.02	83	128899	卖盘
09:45:30	15.55	--	46	71530	买盘
09:45:25	15.55	-0.03	969	1506795	卖盘
09:45:19	15.58	0.01	119	185402	买盘
09:45:15	15.57	--	129	200853	买盘
09:45:10	15.57	-0.01	350	544950	卖盘
09:45:04	15.58	0.01	23	35834	买盘
09:45:00	15.57	--	104	161928	卖盘
09:44:55	15.57	-0.01	38	59166	卖盘
09:44:49	15.58	-0.01	11	17138	卖盘
09:44:45	15.59	--	466	726494	买盘
09:44:40	15.59	--	146	227614	买盘
09:44:34	15.59	--	20	31180	买盘
09:44:30	15.59	--	105	163695	买盘
09:44:25	15.59	-0.01	553	862127	卖盘
09:44:19	15.6	0.01	85	132600	买盘
09:44:15	15.59	--	151	235409	卖盘
09:44:10	15.59	-0.01	217	338303	卖盘
09:44:04	15.6	0.01	789	1230840	买盘
09:44:00	15.59	-0.01	36	56124	卖盘
09:43:55	15.6	--	4	6240	买盘
09:43:49	15.6	--	194	302640	买盘
09:43:45	15.6	-0.01	487	759969	卖盘
09:43:40	15.61	-0.01	709	1106749	卖盘
09:43:34	15.62	-0.01	2	3124	中性盘
09:43:30	15.63	0.01	269	420447	买盘
09:43:25	15.62	-0.01	141	220242	卖盘
09:43:19	15.63	0.01	271	423573	买盘
09:43:15	15.62	0.01	375	585750	买盘
09:43:10	15.61	--	673	1050553	卖盘
09:43:04	15.61	0.01	457	714688	买盘
09:43:00	15.6	--	358	558729	卖盘
09:42:55	15.6	--	467	729830	卖盘
09:42:49	15.6	0.01	378	589680	买盘
09:42:45	15.59	--	109	169931	卖盘
09:42:40	15.59	0.01	39	60801	买盘
09:42:34	15.58	--	52	81016	卖盘
09:42:30	15.58	-0.02	53	82574	卖盘
09:42:25	15.6	0.02	61	95160	买盘
09:42:19	15.58	-0.01	29	45182	中性盘
09:42:15	15.59	0.01	250	389750	买盘
09:42:10	15.58	-0.01	533	830414	卖盘
09:42:04	15.59	0.01	187	291533	买盘
09:42:00	15.58	-0.01	51	79458	卖盘
09:41:54	15.59	-0.01	81	126279	卖盘
09:41:49	15.6	--	132	205920	卖盘
09:41:45	15.6	--	136	212160	买盘
09:41:39	15.6	--	286	446160	买盘
09:41:34	15.6	--	17	26520	买盘
09:41:29	15.6	-0.02	895	1396200	卖盘
09:41:24	15.62	--	637	994994	买盘
09:41:19	15.62	--	152	237424	买盘
09:41:13	15.62	-0.01	63	98406	中性盘
09:41:09	15.63	--	537	839331	买盘
09:41:04	15.63	--	158	246954	买盘
09:40:58	15.63	--	100	156300	卖盘
09:40:54	15.63	0.01	268	418884	买盘
09:40:49	15.62	-0.01	615	960630	卖盘
09:40:43	15.63	--	196	306348	卖盘
09:40:39	15.63	-0.01	444	693972	买盘
09:40:34	15.64	0.01	818	1279352	买盘
09:40:28	15.63	-0.01	136	212568	卖盘
09:40:24	15.64	0.01	169	264316	中性盘
09:40:19	15.63	-0.01	806	1259778	卖盘
09:40:13	15.64	-0.02	98	153272	卖盘
09:40:09	15.66	--	444	695304	买盘
09:40:04	15.66	0.03	378	591948	买盘
09:39:58	15.63	-0.02	7	10941	卖盘
09:39:54	15.65	-0.01	714	1117410	卖盘
09:39:49	15.66	0.04	524	820584	买盘
09:39:43	15.62	--	11	17182	买盘
09:39:39	15.62	-0.03	154	240548	卖盘
09:39:34	15.65	0.05	868	1358420	买盘
09:39:28	15.6	0.01	735	1146600	买盘
09:39:24	15.59	0.01	420	654780	买盘
09:39:19	15.58	0.01	691	1076578	买盘
09:39:13	15.57	-0.01	172	267804	卖盘
09:39:09	15.58	0.02	251	391058	买盘
09:39:04	15.56	-0.02	253	393668	卖盘
09:38:58	15.58	0.03	300	467400	买盘
09:38:54	15.55	--	275	427625	卖盘
09:38:49	15.55	0.02	774	1203570	买盘
09:38:43	15.53	-0.01	87	135111	卖盘
09:38:39	15.54	0.01	141	219114	买盘
09:38:34	15.53	0.02	133	206549	买盘
09:38:28	15.51	-0.01	300	465300	卖盘
09:38:24	15.52	--	152	235904	买盘
09:38:19	15.52	0.02	782	1214672	买盘
09:38:13	15.5	0.01	292	452600	买盘
09:38:09	15.49	--	794	1229906	卖盘
09:38:04	15.49	-0.01	157	243193	卖盘
09:37:58	15.5	--	3	4650	买盘
09:37:54	15.5	0.02	730	1131500	买盘
09:37:49	15.48	-0.01	534	826632	卖盘
09:37:43	15.49	0.01	70	108430	买盘
09:37:39	15.48	--	2068	3201264	卖盘
09:37:34	15.48	0.01	104	160992	买盘
09:37:28	15.47	-0.01	118	182546	卖盘
09:37:24	15.48	0.02	635	982980	买盘
09:37:19	15.46	-0.03	181	279826	卖盘
09:37:13	15.49	--	787	1219063	买盘
09:37:09	15.49	0.01	84	130116	买盘
09:37:04	15.48	--	454	702792	卖盘
09:36:58	15.48	--	154	238392	买盘
09:36:54	15.48	0.01	391	605268	买盘
09:36:49	15.47	0.01	85	131495	买盘
09:36:43	15.46	-0.01	84	129864	卖盘
09:36:39	15.47	0.01	50	77350	买盘
09:36:34	15.46	--	218	337028	卖盘
09:36:28	15.46	--	82	126772	卖盘
09:36:24	15.46	0.01	252	389592	买盘
09:36:19	15.45	0.02	257	397065	买盘
09:36:13	15.43	--	57	87951	买盘
09:36:09	15.43	-0.02	322	496846	卖盘
09:36:04	15.45	--	285	440325	卖盘
09:35:58	15.45	--	188	290460	买盘
09:35:54	15.45	0.01	64	98880	买盘
09:35:49	15.44	--	69	106536	卖盘
09:35:43	15.44	0.01	85	131240	买盘
09:35:39	15.43	--	716	1104788	买盘
09:35:33	15.43	0.01	420	648060	买盘
09:35:28	15.42	--	10	15420	卖盘
09:35:24	15.42	-0.01	30	46260	卖盘
09:35:18	15.43	--	77	118811	买盘
09:35:13	15.43	--	34	52462	买盘
09:35:09	15.43	--	49	75607	中性盘
09:35:03	15.43	0.02	147	226821	买盘
09:34:58	15.41	--	0	0	卖盘
09:34:52	15.41	-0.03	174	268134	卖盘
09:34:48	15.44	0.04	101	155944	中性盘
09:34:43	15.4	-0.03	380	585200	卖盘
09:34:37	15.43	--	33	50919	卖盘
09:34:33	15.43	0.02	307	473701	买盘
09:34:28	15.41	-0.01	131	201871	卖盘
09:34:22	15.42	0.01	38	58596	中性盘
09:34:18	15.41	-0.01	187	288167	卖盘
09:34:13	15.42	0.01	125	192750	买盘
09:34:07	15.41	-0.01	21	32361	卖盘
09:34:03	15.42	--	405	624510	买盘
09:33:58	15.42	--	111	171162	买盘
09:33:52	15.42	--	13	20046	卖盘
09:33:48	15.42	--	220	339240	卖盘
09:33:43	15.42	--	92	141864	卖盘
09:33:37	15.42	--	240	370080	买盘
09:33:33	15.42	0.01	7	10794	买盘
09:33:28	15.41	--	265	409197	买盘
09:33:22	15.41	0.01	383	590203	买盘
09:33:18	15.4	--	470	723800	卖盘
09:33:13	15.4	-0.01	64	98560	中性盘
09:33:07	15.41	--	202	311990	买盘
09:33:03	15.41	0.01	189	291249	买盘
09:32:58	15.4	--	271	417340	卖盘
09:32:52	15.4	-0.01	13	20020	卖盘
09:32:48	15.41	--	235	362135	买盘
09:32:43	15.41	-0.03	703	1083323	卖盘
09:32:37	15.44	0.02	200	308800	买盘
09:32:33	15.42	--	82	126444	卖盘
09:32:28	15.42	-0.01	161	248262	卖盘
09:32:22	15.43	-0.02	139	214477	卖盘
09:32:18	15.45	0.02	91	140595	买盘
09:32:13	15.43	-0.01	284	438212	卖盘
09:32:07	15.44	0.02	265	409160	买盘
09:32:03	15.42	--	32	49344	买盘
09:31:58	15.42	-0.01	196	302232	卖盘
09:31:52	15.43	-0.01	56	86408	卖盘
09:31:48	15.44	0.02	383	591352	买盘
09:31:43	15.42	--	89	137238	卖盘
09:31:37	15.42	--	43	66306	卖盘
09:31:33	15.42	0.01	203	313026	买盘
09:31:28	15.41	-0.01	36	55476	中性盘
09:31:22	15.42	--	50	77932	买盘
09:31:18	15.42	0.02	136	209712	买盘
09:31:13	15.4	0.01	141	217140	中性盘
09:31:07	15.39	--	21	32319	卖盘
09:31:03	15.39	0.03	744	1145016	买盘
09:30:58	15.36	-0.02	252	387072	卖盘
09:30:52	15.38	--	20	30760	卖盘
09:30:48	15.38	0.01	988	1519544	买盘
09:30:43	15.37	0.01	96	147552	买盘
09:30:33	15.36	--	1	1536	卖盘
09:30:28	15.36	-0.02	35	53760	中性盘
09:30:22	15.38	0.02	81	124578	买盘
09:30:18	15.36	--	601	923136	买盘
09:30:13	15.36	--	196	301056	买盘
09:30:07	15.36	-0.01	460	706560	卖盘
09:30:03	15.37	--	633	972921	买盘
09:28:57	15.37	--	0	0	买盘
09:25:06	15.37	15.37	763	1172731	买盘
