成交时间	成交价	价格变动	成交量(手)	成交额(元)	性质
15:00:00	9.59	--	0	0	买盘
14:59:59	9.59	0.03	0	0	买盘
14:59:59	9.56	-0.03	117	111852	中性盘
14:59:53	9.59	--	1504	1442336	买盘
14:59:49	9.59	-0.01	70	67130	卖盘
14:59:44	9.6	--	202	193920	买盘
14:59:38	9.6	--	82	78720	买盘
14:59:34	9.6	--	57	54720	买盘
14:59:29	9.6	0.01	385	369600	买盘
14:59:23	9.59	-0.02	366	350994	卖盘
14:59:19	9.61	0.01	162	155682	买盘
14:59:14	9.6	--	938	900480	中性盘
14:59:08	9.6	0.01	189	181440	中性盘
14:59:04	9.59	-0.02	108	103572	卖盘
14:58:59	9.61	-0.01	398	382478	卖盘
14:58:53	9.62	0.02	112	107743	买盘
14:58:49	9.6	-0.01	13	12480	卖盘
14:58:44	9.61	--	178	171058	买盘
14:58:38	9.61	-0.02	102	98022	卖盘
14:58:34	9.63	0.01	375	361125	买盘
14:58:29	9.62	--	411	395381	买盘
14:58:23	9.62	0.01	86	82732	买盘
14:58:19	9.61	-0.01	5	4805	卖盘
14:58:14	9.62	0.02	107	102933	中性盘
14:58:08	9.6	--	288	276480	买盘
14:58:04	9.6	--	164	157440	买盘
14:57:59	9.6	--	89	85440	买盘
14:57:53	9.6	--	353	339264	卖盘
14:57:49	9.6	--	51	48960	卖盘
14:57:44	9.6	0.01	708	680256	买盘
14:57:38	9.59	0.01	199	190841	买盘
14:57:34	9.58	--	144	137952	卖盘
14:57:29	9.58	-0.01	16	15328	中性盘
14:57:23	9.59	0.01	468	448812	买盘
14:57:19	9.58	0.02	41	39278	买盘
14:57:14	9.56	-0.01	227	217012	卖盘
14:57:08	9.57	0.02	136	130152	买盘
14:57:04	9.55	-0.01	82	78310	卖盘
14:56:59	9.56	0.01	150	143400	买盘
14:56:53	9.55	--	35	33425	卖盘
14:56:49	9.55	0.03	2761	2637041	买盘
14:56:44	9.52	0.01	32	30464	买盘
14:56:38	9.51	-0.01	158	150258	卖盘
14:56:34	9.52	0.01	144	137088	买盘
14:56:29	9.51	--	504	480055	买盘
14:56:23	9.51	--	115	109365	买盘
14:56:19	9.51	--	649	617199	买盘
14:56:14	9.51	0.01	901	856851	买盘
14:56:08	9.5	--	68	64600	卖盘
14:56:04	9.5	-0.01	122	115900	卖盘
14:55:58	9.51	0.01	780	741780	买盘
14:55:53	9.5	--	257	244150	卖盘
14:55:47	9.5	--	370	351500	卖盘
14:55:43	9.5	-0.01	167	158650	买盘
14:55:38	9.51	0.01	337	320487	买盘
14:55:32	9.5	-0.01	458	435299	卖盘
14:55:28	9.51	0.01	51	48501	买盘
14:55:23	9.5	--	1116	1060950	买盘
14:55:17	9.5	--	330	313500	买盘
14:55:13	9.5	--	626	594700	买盘
14:55:08	9.5	--	83	78850	买盘
14:55:02	9.5	--	828	786600	买盘
14:54:53	9.5	-0.01	561	533149	卖盘
14:54:47	9.51	0.01	171	162621	买盘
14:54:43	9.5	--	459	436050	卖盘
14:54:38	9.5	-0.01	86	81700	卖盘
14:54:32	9.51	0.01	1	951	买盘
14:54:28	9.5	--	505	479750	卖盘
14:54:23	9.5	--	27	25650	卖盘
14:54:17	9.5	--	407	387400	买盘
14:54:13	9.5	-0.01	13	12549	卖盘
14:54:08	9.51	0.01	512	487663	买盘
14:54:02	9.5	-0.01	183	173850	卖盘
14:53:58	9.51	0.01	220	209220	买盘
14:53:53	9.5	--	85	80750	卖盘
14:53:47	9.5	0.04	326	309700	买盘
14:53:43	9.46	-0.01	44	41624	卖盘
14:53:38	9.47	--	48	45456	买盘
14:53:32	9.47	-0.03	1017	963099	卖盘
14:53:23	9.5	0.02	1000	950000	买盘
14:53:17	9.48	-0.01	37	35076	买盘
14:53:08	9.49	--	0	0	买盘
14:53:02	9.49	0.01	634	601666	买盘
14:52:58	9.48	--	52	49296	卖盘
14:52:53	9.48	-0.01	60	56880	卖盘
14:52:47	9.49	-0.01	76	72124	买盘
14:52:43	9.5	0.01	102	96900	买盘
14:52:38	9.49	--	83	78767	卖盘
14:52:32	9.49	-0.01	80	75920	卖盘
14:52:28	9.5	--	10	9500	买盘
14:52:23	9.5	--	476	452200	卖盘
14:52:17	9.5	-0.01	34	32300	卖盘
14:52:13	9.51	0.01	165	156915	买盘
14:52:08	9.5	--	151	143450	买盘
14:52:02	9.5	--	5	4750	买盘
14:51:58	9.5	--	0	0	中性盘
14:51:53	9.5	-0.01	630	598500	卖盘
14:51:47	9.51	--	65	61815	买盘
14:51:43	9.51	--	16	15216	买盘
14:51:38	9.51	0.01	46	43746	买盘
14:51:32	9.5	--	168	159600	卖盘
14:51:28	9.5	-0.02	1010	959500	卖盘
14:51:23	9.52	0.01	45	42840	买盘
14:51:17	9.51	0.01	124	117924	买盘
14:51:13	9.5	-0.01	41	38950	卖盘
14:51:08	9.51	--	108	102708	买盘
14:51:02	9.51	0.01	30	28530	买盘
14:50:58	9.5	--	19	18050	卖盘
14:50:53	9.5	--	1055	1002250	卖盘
14:50:47	9.5	0.02	952	904400	买盘
14:50:43	9.48	--	6	5688	卖盘
14:50:38	9.48	0.02	2040	1933920	买盘
14:50:32	9.46	--	332	314072	卖盘
14:50:23	9.46	--	50	47300	卖盘
14:50:17	9.46	--	0	0	卖盘
14:50:13	9.46	-0.01	162	153252	卖盘
14:50:08	9.47	0.01	552	522744	买盘
14:50:02	9.46	-0.01	13	12298	卖盘
14:49:57	9.47	0.01	56	53032	买盘
14:49:53	9.46	--	207	195822	卖盘
14:49:47	9.46	-0.01	147	139062	卖盘
14:49:42	9.47	0.01	89	84283	买盘
14:49:37	9.46	--	70	66220	卖盘
14:49:26	9.46	-0.01	200	189200	卖盘
14:49:22	9.47	0.03	115	108905	买盘
14:49:17	9.44	--	153	144432	卖盘
14:49:11	9.44	-0.02	52	49088	卖盘
14:49:07	9.46	0.02	4	3784	买盘
14:49:02	9.44	-0.02	70	66080	卖盘
14:48:41	9.46	0.02	16	15136	买盘
14:48:32	9.44	-0.03	10	9440	卖盘
14:48:26	9.47	--	0	0	买盘
14:48:22	9.47	--	5	4735	买盘
14:48:17	9.47	-0.01	82	77654	中性盘
14:48:11	9.48	0.01	205	194340	买盘
14:48:07	9.47	-0.01	43	40721	卖盘
14:48:02	9.48	--	43	40764	买盘
14:47:56	9.48	-0.01	832	788736	卖盘
14:47:52	9.49	--	190	180310	买盘
14:47:47	9.49	0.01	60	56940	买盘
14:47:41	9.48	--	83	78684	买盘
14:47:37	9.48	0.01	259	245532	买盘
14:47:32	9.47	-0.01	193	182771	卖盘
14:47:26	9.48	0.02	304	288192	买盘
14:47:22	9.46	-0.01	131	123926	卖盘
14:47:17	9.47	0.01	472	446984	买盘
14:47:11	9.46	0.01	358	338668	买盘
14:47:07	9.45	--	100	94500	卖盘
14:47:02	9.45	--	23	21735	卖盘
14:46:56	9.45	--	162	153090	卖盘
14:46:52	9.45	0.02	2244	2121298	买盘
14:46:47	9.43	0.03	33	31119	买盘
14:46:37	9.4	-0.02	47	44180	卖盘
14:46:32	9.42	--	68	64056	卖盘
14:46:26	9.42	--	500	471000	卖盘
14:46:22	9.42	0.02	52	48984	买盘
14:46:17	9.4	--	19	17860	买盘
14:46:11	9.4	--	5	4700	卖盘
14:46:06	9.4	--	1	940	卖盘
14:46:02	9.4	--	31	29140	卖盘
14:45:56	9.4	-0.02	54	50760	卖盘
14:45:47	9.42	--	4	3768	买盘
14:45:41	9.42	--	0	0	买盘
14:45:36	9.42	--	14	13188	买盘
14:45:32	9.42	-0.01	469	441798	卖盘
14:45:22	9.43	-0.01	1	943	卖盘
14:45:17	9.44	--	12	11328	买盘
14:45:11	9.44	0.01	51	48144	买盘
14:45:07	9.43	-0.01	44	41492	卖盘
14:45:02	9.44	--	32	30208	卖盘
14:44:56	9.44	--	124	117056	买盘
14:44:47	9.44	--	226	213344	买盘
14:44:41	9.44	0.01	147	138768	买盘
14:44:37	9.43	--	115	108445	卖盘
14:44:32	9.43	-0.01	54	50922	卖盘
14:44:26	9.44	0.01	65	61360	买盘
14:44:17	9.43	0.01	561	529023	买盘
14:44:11	9.42	0.02	28	26376	买盘
14:44:07	9.4	-0.02	50	47000	卖盘
14:43:56	9.42	0.02	349	328758	买盘
14:43:41	9.4	--	93	87420	买盘
14:43:37	9.4	--	168	157920	买盘
14:43:32	9.4	0.01	20	18800	买盘
14:43:22	9.39	-0.01	47	44133	卖盘
14:43:17	9.4	--	17	15980	买盘
14:43:07	9.4	0.02	56	52640	买盘
14:43:02	9.38	--	0	0	卖盘
14:42:56	9.38	--	108	101304	卖盘
14:42:41	9.38	--	299	280462	买盘
14:42:31	9.38	--	10	9380	买盘
14:42:20	9.38	--	116	108808	卖盘
14:42:16	9.38	-0.02	22	20636	卖盘
14:42:11	9.4	0.02	9	8460	买盘
14:42:05	9.38	-0.01	30	28140	卖盘
14:42:01	9.39	0.01	3	2817	买盘
14:41:56	9.38	--	54	50652	卖盘
14:41:50	9.38	--	27	25326	卖盘
14:41:46	9.38	--	0	0	卖盘
14:41:41	9.38	-0.02	11	10318	卖盘
14:41:31	9.4	0.03	23	21620	买盘
14:41:26	9.37	--	0	0	卖盘
14:41:11	9.37	--	24	22487	买盘
14:41:01	9.37	--	16	14991	买盘
14:40:56	9.37	--	60	56219	卖盘
14:40:46	9.37	--	5	4685	买盘
14:40:41	9.37	0.02	2	1873	中性盘
14:40:35	9.35	-0.01	1613	1508977	卖盘
14:40:30	9.36	0.01	30	28080	买盘
14:40:20	9.35	-0.01	9	8415	卖盘
14:40:11	9.36	--	51	47736	卖盘
14:40:05	9.36	--	1	936	卖盘
14:39:56	9.36	--	15	14040	卖盘
14:39:41	9.36	--	40	37440	卖盘
14:39:26	9.36	--	7	6552	卖盘
14:39:20	9.36	--	8	7488	卖盘
14:38:56	9.36	--	13	12168	卖盘
14:38:41	9.36	0.01	65	60839	卖盘
14:38:16	9.35	--	16	15147	卖盘
14:38:11	9.35	-0.01	106	99110	卖盘
14:38:05	9.36	--	31	29016	买盘
14:37:56	9.36	--	38	35568	买盘
14:37:50	9.36	--	53	49608	卖盘
14:37:26	9.36	--	152	142272	卖盘
14:37:20	9.36	--	7	6552	卖盘
14:37:11	9.36	--	100	93600	卖盘
14:36:35	9.36	--	12	11232	卖盘
14:36:29	9.36	-0.01	65	60839	卖盘
14:36:25	9.37	--	6	5621	买盘
14:36:20	9.37	0.01	5	4685	买盘
14:35:50	9.36	-0.02	2	1872	卖盘
14:35:44	9.38	0.03	1200	1125600	买盘
14:35:40	9.35	-0.01	134	125813	卖盘
14:35:25	9.36	0.01	67	62711	买盘
14:35:14	9.35	--	50	46750	卖盘
14:35:05	9.35	--	9	8415	卖盘
14:34:59	9.35	--	99	92976	买盘
14:34:50	9.35	--	4	3740	买盘
14:34:44	9.35	--	45	42075	买盘
14:34:35	9.35	0.01	22	20570	买盘
14:34:20	9.34	--	35	32690	买盘
14:34:14	9.34	0.01	31	28954	买盘
14:34:10	9.33	-0.01	37	34521	卖盘
14:34:05	9.34	--	29	27086	买盘
14:33:59	9.34	0.01	9	8406	买盘
14:33:50	9.33	--	8	7464	卖盘
14:33:44	9.33	0.01	23	21459	中性盘
14:33:29	9.32	-0.01	31	28892	卖盘
14:33:20	9.33	--	28	26124	卖盘
14:32:50	9.33	--	20	18660	卖盘
14:32:44	9.33	--	13	12129	卖盘
14:32:29	9.33	--	10	9330	卖盘
14:32:14	9.33	--	38	35454	卖盘
14:31:59	9.33	--	1	933	卖盘
14:31:50	9.33	-0.01	71	66243	卖盘
14:31:35	9.34	0.01	20	18680	买盘
14:31:25	9.33	--	4	3732	卖盘
14:31:20	9.33	--	51	47583	卖盘
14:31:14	9.33	--	59	55047	卖盘
14:31:10	9.33	--	19	17727	卖盘
14:31:05	9.33	--	9	8397	卖盘
14:30:59	9.33	--	5	4665	卖盘
14:30:55	9.33	--	1	933	卖盘
14:30:50	9.33	--	9	8397	卖盘
14:30:44	9.33	--	1	933	卖盘
14:30:40	9.33	-0.01	12	11196	卖盘
14:30:35	9.34	0.01	31	28954	买盘
14:30:29	9.33	--	6	5598	卖盘
14:30:14	9.33	--	15	13995	卖盘
14:30:05	9.33	--	79	73707	卖盘
14:29:59	9.33	-0.01	60	56735	卖盘
14:29:08	9.34	--	19	17746	买盘
14:29:04	9.34	--	9	8406	卖盘
14:28:23	9.34	--	1	934	卖盘
14:28:14	9.34	--	35	32690	买盘
14:27:53	9.34	--	4	4259	卖盘
14:27:38	9.34	-0.01	5	4670	卖盘
14:27:34	9.35	0.01	10	9350	买盘
14:27:29	9.34	-0.01	10	9340	卖盘
14:27:08	9.35	--	21	19635	买盘
14:26:53	9.35	0.01	31	28985	买盘
14:26:38	9.34	--	9	8406	卖盘
14:26:34	9.34	-0.01	52	48568	卖盘
14:26:23	9.35	--	2	1870	买盘
14:26:19	9.35	--	10	9350	买盘
14:26:08	9.35	0.01	24	22440	买盘
14:26:04	9.34	--	0	0	卖盘
14:25:59	9.34	-0.02	0	410	卖盘
14:25:38	9.36	0.02	14	13104	买盘
14:25:34	9.34	-0.02	9	8406	卖盘
14:25:29	9.36	-0.01	210	196560	卖盘
14:25:23	9.37	--	2	1873	买盘
14:25:08	9.37	--	17	15928	卖盘
14:24:59	9.37	0.01	16	14991	买盘
14:24:53	9.36	0.01	110	102960	买盘
14:24:49	9.35	--	20	18700	卖盘
14:24:23	9.35	-0.01	25	23375	卖盘
14:24:14	9.36	--	42	39312	买盘
14:24:08	9.36	0.01	31	29016	买盘
14:24:04	9.35	-0.01	8	7480	卖盘
14:23:53	9.36	--	5	4680	买盘
14:23:23	9.36	0.01	1	936	买盘
14:22:53	9.35	--	18	16960	买盘
14:22:47	9.35	0.01	1	935	买盘
14:22:38	9.34	-0.01	10	9340	卖盘
14:22:32	9.35	--	60	56100	买盘
14:22:28	9.35	0.01	6	5610	买盘
14:22:17	9.34	0.01	14	13076	卖盘
14:21:58	9.33	--	0	0	卖盘
14:21:53	9.33	-0.02	9	8397	卖盘
14:21:38	9.35	--	30	28050	买盘
14:21:23	9.35	--	0	0	买盘
14:21:17	9.35	0.02	400	374000	买盘
14:21:08	9.33	-0.01	274	256444	卖盘
14:21:02	9.34	--	34	31756	卖盘
14:20:53	9.34	--	14	13206	买盘
14:20:47	9.34	--	12	11208	买盘
14:20:23	9.34	--	3	2802	买盘
14:20:17	9.34	--	0	0	买盘
14:20:02	9.34	--	444	415499	卖盘
14:19:53	9.34	--	0	0	卖盘
14:19:47	9.34	-0.01	33	30822	卖盘
14:19:42	9.35	-0.01	1	935	买盘
14:19:38	9.36	--	0	0	买盘
14:19:32	9.36	--	9	8424	买盘
14:19:28	9.36	0.01	30	28080	买盘
14:19:13	9.35	-0.01	10	9350	卖盘
14:18:58	9.36	0.01	30	28080	买盘
14:18:53	9.35	--	118	110330	卖盘
14:18:47	9.35	--	54	50490	卖盘
14:18:32	9.35	--	50	46750	卖盘
14:18:13	9.35	--	50	46750	卖盘
14:18:08	9.35	-0.01	29	27115	卖盘
14:17:53	9.36	0.01	100	93600	买盘
14:17:47	9.35	--	10	9350	卖盘
14:17:38	9.35	-0.01	50	46750	卖盘
14:17:17	9.36	--	4	3744	买盘
14:17:02	9.36	-0.01	169	158184	卖盘
14:16:47	9.37	--	5	4685	买盘
14:16:22	9.37	--	40	37480	买盘
14:16:17	9.37	--	3	2810	买盘
14:16:02	9.37	--	78	73086	买盘
14:15:47	9.37	0.01	5	4685	买盘
14:15:22	9.36	0.01	83	77688	买盘
14:15:17	9.35	-0.01	4	3740	卖盘
14:14:52	9.36	--	5	4680	买盘
14:14:41	9.36	-0.01	14	13104	卖盘
14:14:22	9.37	--	0	0	买盘
14:14:17	9.37	0.02	26	24361	买盘
14:14:11	9.35	-0.01	50	46750	卖盘
14:13:51	9.36	-0.01	30	28080	卖盘
14:13:37	9.37	--	5	4685	卖盘
14:13:32	9.37	--	2	1873	卖盘
14:13:26	9.37	--	30	28109	卖盘
14:13:07	9.37	0.01	2	1873	买盘
14:13:02	9.36	-0.01	9	8424	卖盘
14:12:56	9.37	--	10	9370	买盘
14:12:41	9.37	0.01	1	936	买盘
14:12:37	9.36	--	1	936	卖盘
14:12:26	9.36	-0.01	7	6552	卖盘
14:12:22	9.37	0.02	21	19677	买盘
14:12:17	9.35	-0.01	21	19635	卖盘
14:11:56	9.36	0.02	12	11232	买盘
14:11:51	9.34	--	0	0	卖盘
14:11:47	9.34	--	40	37360	卖盘
14:11:26	9.34	-0.01	9	8406	卖盘
14:11:05	9.35	0.02	35	32725	买盘
14:10:50	9.33	-0.01	90	83970	卖盘
14:10:46	9.34	0.01	10	9340	中性盘
14:10:41	9.33	-0.01	12	11196	卖盘
14:10:31	9.34	--	1	934	买盘
14:10:26	9.34	--	20	18680	买盘
14:10:19	9.34	--	89	83126	卖盘
14:10:11	9.34	-0.02	30	28020	卖盘
14:10:05	9.36	0.02	17	15911	买盘
14:10:01	9.34	--	27	25218	卖盘
14:09:55	9.34	-0.01	76	70984	卖盘
14:09:50	9.35	--	0	0	卖盘
14:09:46	9.35	0.01	5	4675	卖盘
14:09:34	9.34	--	0	0	卖盘
14:09:31	9.34	--	5	4670	卖盘
14:09:01	9.34	-0.01	100	93400	卖盘
14:08:56	9.35	--	1	935	卖盘
14:08:41	9.35	--	29	27115	卖盘
14:08:26	9.35	--	10	9350	卖盘
14:08:05	9.35	--	162	151470	卖盘
14:07:11	9.35	-0.03	25	23375	卖盘
14:06:50	9.38	--	7	6566	买盘
14:06:41	9.38	-0.01	10	9380	买盘
14:06:16	9.39	--	39	37146	卖盘
14:06:11	9.39	0.02	150	141263	买盘
14:06:01	9.37	-0.01	88	82980	卖盘
14:05:56	9.38	0.01	358	336273	买盘
14:05:11	9.37	0.01	82	77714	买盘
14:04:49	9.36	0.02	220	205920	买盘
14:04:40	9.34	--	9	8406	卖盘
14:04:25	9.34	--	17	15878	买盘
14:04:20	9.34	--	26	24284	卖盘
14:04:14	9.34	--	4	3736	卖盘
14:03:55	9.34	-0.01	62	57908	卖盘
14:03:40	9.35	0.01	3	2805	买盘
14:03:35	9.34	--	5	4670	卖盘
14:03:14	9.34	0.01	26	24284	卖盘
14:02:19	9.33	--	0	0	卖盘
14:02:14	9.33	--	156	145548	卖盘
14:02:10	9.33	--	27	25191	卖盘
14:02:05	9.33	--	10	9460	卖盘
14:01:59	9.33	--	27	25191	卖盘
14:01:55	9.33	--	14	13062	卖盘
14:01:50	9.33	-0.01	20	18660	卖盘
14:01:40	9.34	0.01	59	55106	买盘
14:01:35	9.33	--	26	24258	卖盘
14:01:25	9.33	-0.01	11	10263	卖盘
14:01:20	9.34	--	10	9340	买盘
14:01:14	9.34	-0.02	1051	982437	卖盘
14:01:05	9.36	--	27	25272	卖盘
14:00:59	9.36	-0.01	10	9360	卖盘
14:00:29	9.37	--	27	25298	买盘
14:00:19	9.37	--	61	57213	卖盘
14:00:05	9.37	--	15	14054	卖盘
13:59:55	9.37	--	9	8433	卖盘
13:59:50	9.37	--	17	15928	卖盘
13:59:43	9.37	--	30	28109	卖盘
13:59:34	9.37	-0.01	69	64652	卖盘
13:59:29	9.38	0.01	160	150080	买盘
13:59:05	9.37	--	3	2810	卖盘
13:58:29	9.37	--	5	4685	卖盘
13:58:20	9.37	-0.01	30	28109	卖盘
13:57:37	9.38	--	99	93331	卖盘
13:57:29	9.38	--	101	94738	卖盘
13:57:18	9.38	--	5	4690	卖盘
13:56:49	9.38	--	4	4221	买盘
13:56:38	9.38	-0.01	0	469	卖盘
13:56:28	9.39	0.01	1	939	买盘
13:56:22	9.38	--	20	18760	卖盘
13:56:08	9.38	--	10	9380	卖盘
13:55:59	9.38	--	12	11256	卖盘
13:55:44	9.38	--	137	128975	买盘
13:55:34	9.38	--	50	46900	买盘
13:54:58	9.38	0.01	6	5628	买盘
13:54:49	9.37	--	1	936	卖盘
13:54:38	9.37	-0.01	2	2754	卖盘
13:54:29	9.38	--	39	36582	买盘
13:53:43	9.38	--	15	14070	卖盘
13:53:37	9.38	--	7	6566	卖盘
13:53:29	9.38	--	137	128506	卖盘
13:53:08	9.38	--	64	60032	卖盘
13:52:59	9.38	--	33	30954	卖盘
13:52:52	9.38	--	24	22512	卖盘
13:52:49	9.38	--	20	18760	卖盘
13:52:33	9.38	-0.01	4	3752	卖盘
13:52:29	9.39	0.01	30	28170	买盘
13:52:18	9.38	--	15	14070	卖盘
13:52:13	9.38	--	31	29078	卖盘
13:52:03	9.38	--	20	18760	卖盘
13:51:43	9.38	0.01	37	34706	买盘
13:51:38	9.37	-0.01	48	44975	卖盘
13:51:28	9.38	0.01	300	281400	买盘
13:51:17	9.37	-0.01	34	31857	卖盘
13:51:01	9.38	0.01	30	28140	买盘
13:50:58	9.37	--	10	9370	卖盘
13:50:53	9.37	-0.01	50	46849	卖盘
13:50:46	9.38	0.01	88	82544	买盘
13:50:43	9.37	--	40	37480	卖盘
13:50:32	9.37	--	60	56219	卖盘
13:50:28	9.37	--	0	0	卖盘
13:50:23	9.37	-0.02	18	16866	卖盘
13:50:17	9.39	--	300	281700	买盘
13:50:13	9.39	0.02	23	21597	买盘
13:50:08	9.37	-0.02	34	31857	卖盘
13:50:02	9.39	--	0	0	买盘
13:49:58	9.39	0.01	200	187800	买盘
13:49:43	9.38	--	26	24388	卖盘
13:49:38	9.38	-0.01	3	2814	卖盘
13:49:31	9.39	--	24	22536	买盘
13:49:23	9.39	--	285	267615	卖盘
13:49:13	9.39	--	9	8451	卖盘
13:49:08	9.39	-0.01	52	48828	卖盘
13:49:02	9.4	0.01	14	13160	买盘
13:48:58	9.39	--	10	9390	卖盘
13:48:47	9.39	-0.01	44	41316	卖盘
13:48:37	9.4	--	29	27260	卖盘
13:48:32	9.4	--	25	23500	卖盘
13:48:28	9.4	-0.01	9	8460	卖盘
13:48:13	9.41	0.01	46	43286	买盘
13:48:07	9.4	--	44	41360	卖盘
13:48:02	9.4	-0.01	20	18800	卖盘
13:47:46	9.41	0.01	30	28230	买盘
13:47:42	9.4	-0.01	44	41360	卖盘
13:47:38	9.41	0.01	2	1882	买盘
13:47:31	9.4	-0.01	50	47000	卖盘
13:47:27	9.41	0.01	138	129858	买盘
13:47:16	9.4	--	10	9400	卖盘
13:47:02	9.4	-0.01	15	14100	卖盘
13:46:52	9.41	0.01	5	4705	买盘
13:46:47	9.4	-0.01	12	11280	卖盘
13:46:16	9.41	--	0	0	买盘
13:45:57	9.41	0.01	41	38581	买盘
13:45:53	9.4	-0.02	490	460600	卖盘
13:45:37	9.42	0.02	226	212892	买盘
13:45:31	9.4	-0.02	100	94000	卖盘
13:45:17	9.42	0.01	41	38622	买盘
13:45:11	9.41	0.01	60	56460	买盘
13:44:56	9.4	--	5	4700	卖盘
13:44:52	9.4	-0.01	2	1880	卖盘
13:44:47	9.41	--	20	18820	买盘
13:44:41	9.41	0.01	30	28230	买盘
13:44:26	9.4	-0.01	30	28200	卖盘
13:44:17	9.41	0.01	100	94100	买盘
13:44:10	9.4	-0.01	9	8460	卖盘
13:44:07	9.41	0.01	21	19761	买盘
13:44:01	9.4	--	13	12220	卖盘
13:43:52	9.4	--	10	9400	卖盘
13:43:46	9.4	--	24	22560	卖盘
13:43:25	9.4	--	10	9400	卖盘
13:42:41	9.4	--	15	14100	卖盘
13:42:25	9.4	-0.01	305	286700	卖盘
13:42:17	9.41	0.01	1	941	买盘
13:41:56	9.4	--	44	41360	卖盘
13:41:52	9.4	-0.01	50	47000	卖盘
13:41:46	9.41	0.01	22	20702	买盘
13:41:40	9.4	--	35	32900	卖盘
13:41:37	9.4	-0.01	8	7520	卖盘
13:41:26	9.41	0.01	5	4705	买盘
13:41:21	9.4	-0.01	2	1880	卖盘
13:41:17	9.41	0.01	7	6587	买盘
13:41:07	9.4	--	35	32900	卖盘
13:41:01	9.4	--	4	3760	买盘
13:40:55	9.4	-0.02	550	517000	卖盘
13:40:46	9.42	--	0	0	买盘
13:40:41	9.42	0.01	510	480420	买盘
13:40:36	9.41	--	187	175967	卖盘
13:40:31	9.41	--	10	9410	卖盘
13:40:26	9.41	--	76	71516	买盘
13:40:21	9.41	0.01	2	1882	买盘
13:40:16	9.4	-0.01	50	47000	卖盘
13:40:06	9.41	--	20	18820	买盘
13:40:01	9.41	--	25	23525	卖盘
13:39:56	9.41	-0.01	46	43286	卖盘
13:39:51	9.42	0.01	11	10362	买盘
13:39:41	9.41	0.01	52	48932	买盘
13:39:36	9.4	-0.01	10	9400	卖盘
13:39:31	9.41	0.02	521	490261	买盘
13:39:25	9.39	--	1	939	卖盘
13:39:10	9.39	0.01	248	232872	买盘
13:39:06	9.38	--	13	12194	卖盘
13:39:01	9.38	--	7	6566	卖盘
13:38:56	9.38	--	5	4690	卖盘
13:38:49	9.38	--	77	72226	卖盘
13:38:40	9.38	--	5	4690	卖盘
13:38:34	9.38	--	9	8442	卖盘
13:38:26	9.38	--	67	62846	买盘
13:38:01	9.38	--	1	938	买盘
13:37:55	9.38	--	2	1876	买盘
13:37:50	9.38	-0.01	95	89110	卖盘
13:37:40	9.39	0.01	10	9390	买盘
13:37:35	9.38	-0.01	5	4690	卖盘
13:37:26	9.39	0.01	31	29109	中性盘
13:37:16	9.38	--	54	50652	卖盘
13:37:11	9.38	--	10	9380	卖盘
13:37:05	9.38	--	190	178220	卖盘
13:36:50	9.38	--	37	34706	卖盘
13:36:46	9.38	-0.01	350	328300	卖盘
13:36:34	9.39	0.01	11	10329	买盘
13:36:25	9.38	--	105	98490	卖盘
13:36:20	9.38	--	20	18760	卖盘
13:36:16	9.38	--	6	5628	卖盘
13:36:04	9.38	-0.01	98	91924	卖盘
13:36:00	9.39	--	5	4695	买盘
13:35:49	9.39	--	209	196251	卖盘
13:35:40	9.39	--	176	165264	卖盘
13:35:35	9.39	0.05	117	109863	买盘
13:35:25	9.34	--	0	0	卖盘
13:35:20	9.34	--	0	0	卖盘
13:35:10	9.34	-0.05	44	41096	卖盘
13:35:05	9.39	0.04	364	341927	买盘
13:35:00	9.35	-0.03	2	1870	卖盘
13:34:45	9.38	--	16	15008	买盘
13:34:40	9.38	--	7	6566	买盘
13:34:35	9.38	--	236	221368	卖盘
13:34:25	9.38	--	33	30954	卖盘
13:34:20	9.38	--	86	80668	卖盘
13:34:16	9.38	0.06	58	54404	买盘
13:34:00	9.32	--	1	932	卖盘
13:33:55	9.32	-0.01	132	123107	卖盘
13:33:49	9.33	--	65	60645	买盘
13:33:40	9.33	--	1	933	买盘
13:33:34	9.33	--	10	9330	买盘
13:33:25	9.33	-0.01	249	233166	卖盘
13:33:20	9.34	0.01	8	7556	买盘
13:33:15	9.33	--	0	0	卖盘
13:33:04	9.33	--	8	7464	卖盘
13:33:00	9.33	-0.01	20	18660	卖盘
13:32:55	9.34	0.01	8	7472	卖盘
13:32:49	9.33	--	8	7464	卖盘
13:32:40	9.33	--	16	14928	卖盘
13:32:35	9.33	--	8	7464	卖盘
13:32:25	9.33	--	44	41052	卖盘
13:32:19	9.33	-0.05	58	54114	卖盘
13:32:04	9.38	0.03	125	117250	买盘
13:31:59	9.35	0.03	2	1870	买盘
13:31:49	9.32	-0.03	77	71764	卖盘
13:31:35	9.35	-0.01	191	178585	卖盘
13:31:25	9.36	--	40	37440	买盘
13:31:19	9.36	--	7	6552	买盘
13:31:05	9.36	--	5	4680	买盘
13:30:59	9.36	-0.01	132	123551	卖盘
13:30:55	9.37	--	2	1873	买盘
13:30:44	9.37	0.01	45	42165	卖盘
13:30:29	9.36	--	0	0	卖盘
13:30:19	9.36	-0.02	50	46800	卖盘
13:30:14	9.38	--	38	35644	买盘
13:30:10	9.38	--	20	18760	买盘
13:29:34	9.38	--	4	3752	买盘
13:29:28	9.38	--	39	36582	卖盘
13:29:14	9.38	--	9	8442	卖盘
13:29:05	9.38	0.01	90	84420	买盘
13:28:59	9.37	0.02	34	31857	卖盘
13:28:50	9.35	--	0	0	卖盘
13:28:44	9.35	-0.02	202	188870	卖盘
13:28:35	9.37	--	4	3747	买盘
13:28:24	9.37	0.01	1	936	买盘
13:28:14	9.36	--	30	28080	卖盘
13:28:04	9.36	--	210	196560	卖盘
13:27:54	9.36	--	31	29016	卖盘
13:27:49	9.36	--	0	0	卖盘
13:27:43	9.36	-0.02	33	30887	卖盘
13:27:19	9.38	--	3	2814	买盘
13:27:13	9.38	-0.01	25	23450	卖盘
13:27:04	9.39	--	104	98463	卖盘
13:26:54	9.39	--	10	9390	卖盘
13:26:49	9.39	--	60	56340	卖盘
13:26:44	9.39	--	10	9390	卖盘
13:26:40	9.39	0.01	33	31118	买盘
13:26:28	9.38	--	31	29078	卖盘
13:26:24	9.38	-0.01	5	4690	卖盘
13:26:14	9.39	--	1	939	买盘
13:26:04	9.39	0.01	8	7512	买盘
13:25:59	9.38	-0.01	36	33768	卖盘
13:25:52	9.39	--	2	1878	买盘
13:25:49	9.39	0.01	40	37560	买盘
13:25:34	9.38	-0.01	9	8442	卖盘
13:25:29	9.39	0.01	9	8451	中性盘
13:25:22	9.38	-0.01	65	60970	卖盘
13:25:03	9.39	--	9	8451	卖盘
13:24:52	9.39	--	11	10329	卖盘
13:24:43	9.39	--	8	7512	卖盘
13:24:33	9.39	-0.02	5	4695	卖盘
13:24:19	9.41	-0.01	4	4573	卖盘
13:24:13	9.42	0.01	60	56651	买盘
13:24:08	9.41	--	4	4573	卖盘
13:24:04	9.41	--	1	1072	买盘
13:23:59	9.41	0.01	0	809	卖盘
13:23:53	9.4	-0.01	50	47000	卖盘
13:23:49	9.41	0.01	10	9541	买盘
13:23:29	9.4	--	73	68620	买盘
13:23:23	9.4	--	0	0	买盘
13:23:18	9.4	-0.01	2	1880	买盘
13:23:08	9.41	0.01	569	535429	买盘
13:22:53	9.4	--	2	1880	卖盘
13:22:49	9.4	--	11	10340	买盘
13:22:43	9.4	0.01	115	108100	买盘
13:22:38	9.39	--	220	206580	卖盘
13:22:28	9.39	-0.01	5	4695	卖盘
13:22:23	9.4	--	5	4700	买盘
13:22:19	9.4	--	3	2820	买盘
13:22:13	9.4	--	41	38540	卖盘
13:22:07	9.4	--	15	14100	卖盘
13:22:04	9.4	-0.01	10	9400	卖盘
13:21:58	9.41	--	29	27289	买盘
13:21:53	9.41	--	10	9410	买盘
13:21:43	9.41	-0.01	108	101628	卖盘
13:21:37	9.42	--	40	37680	买盘
13:21:29	9.42	--	5	4710	买盘
13:21:22	9.42	-0.01	22	20724	卖盘
13:21:08	9.43	--	10	9430	买盘
13:21:04	9.43	--	381	359283	卖盘
13:20:58	9.43	--	283	266869	卖盘
13:20:52	9.43	--	20	18860	卖盘
13:20:43	9.43	--	109	102787	买盘
13:20:33	9.43	0.02	51	48093	买盘
13:20:28	9.41	-0.03	33	31053	卖盘
13:20:22	9.44	0.03	228	215232	买盘
13:20:18	9.41	-0.02	161	151501	卖盘
13:20:13	9.43	--	87	82041	买盘
13:20:07	9.43	--	20	18860	买盘
13:19:58	9.43	--	15	14145	买盘
13:19:53	9.43	--	15	14145	买盘
13:19:38	9.43	0.01	148	139564	买盘
13:19:33	9.42	0.01	5	4710	买盘
13:19:28	9.41	--	10	9410	卖盘
13:19:22	9.41	--	220	207020	卖盘
13:19:17	9.41	0.01	3	2823	买盘
13:19:13	9.4	--	213	200220	卖盘
13:19:02	9.4	--	82	77080	卖盘
13:18:52	9.4	--	22	20680	卖盘
13:18:47	9.4	--	563	529220	买盘
13:18:38	9.4	--	39	36660	买盘
13:18:32	9.4	0.01	1	940	买盘
13:18:22	9.39	0.01	138	129582	买盘
13:18:13	9.38	-0.01	1	938	卖盘
13:18:01	9.39	0.01	85	79815	买盘
13:17:52	9.38	--	119	111622	买盘
13:17:46	9.38	--	71	66598	买盘
13:17:42	9.38	--	17	15946	买盘
13:17:37	9.38	--	55	51590	买盘
13:17:32	9.38	--	30	28140	买盘
13:17:27	9.38	--	23	21574	买盘
13:17:22	9.38	--	21	19698	买盘
13:17:13	9.38	0.01	9	8442	买盘
13:17:01	9.37	--	6	5621	买盘
13:16:52	9.37	0.01	12	11243	买盘
13:16:38	9.36	-0.01	15	14040	卖盘
13:16:27	9.37	-0.01	2	1873	买盘
13:16:22	9.38	--	1	938	买盘
13:16:17	9.38	--	15	14070	买盘
13:16:13	9.38	--	10	9380	买盘
13:15:57	9.38	--	0	0	买盘
13:15:53	9.38	0.03	34	31892	买盘
13:15:46	9.35	-0.03	10	9350	卖盘
13:15:38	9.38	--	10	9380	买盘
13:15:32	9.38	0.03	110	103180	买盘
13:15:27	9.35	-0.03	20	18700	卖盘
13:15:17	9.38	0.03	1	938	买盘
13:15:12	9.35	-0.03	4	3740	卖盘
13:15:08	9.38	--	100	93800	买盘
13:15:01	9.38	0.03	8	7504	买盘
13:14:53	9.35	--	15	14025	卖盘
13:14:46	9.35	-0.03	20	18700	卖盘
13:14:37	9.38	--	2	1876	买盘
13:14:22	9.38	--	24	22512	买盘
13:14:12	9.38	--	0	0	买盘
13:14:07	9.38	--	1	938	买盘
13:14:01	9.38	-0.01	17	15946	卖盘
13:13:57	9.39	--	15	14085	买盘
13:13:52	9.39	0.04	42	39438	买盘
13:13:42	9.35	-0.04	497	464695	卖盘
13:13:37	9.39	--	47	44133	卖盘
13:13:32	9.39	--	24	22536	卖盘
13:13:27	9.39	--	1	939	卖盘
13:13:22	9.39	--	20	18780	卖盘
13:13:16	9.39	-0.01	47	44133	卖盘
13:13:07	9.4	0.01	1	940	买盘
13:13:02	9.39	-0.01	1	939	卖盘
13:12:55	9.4	--	50	47000	买盘
13:12:52	9.4	--	4	3760	买盘
13:12:47	9.4	0.01	115	108100	买盘
13:12:41	9.39	-0.01	30	28170	卖盘
13:12:26	9.4	--	14	13160	买盘
13:12:17	9.4	--	100	94000	买盘
13:11:52	9.4	--	100	94000	买盘
13:11:40	9.4	--	321	301740	卖盘
13:11:36	9.4	-0.01	2	1880	卖盘
13:11:32	9.41	0.01	25	23525	买盘
13:11:21	9.4	--	3	2820	卖盘
13:11:16	9.4	-0.01	11	10340	卖盘
13:11:11	9.41	0.01	72	67752	买盘
13:11:07	9.4	--	38	35720	卖盘
13:11:02	9.4	-0.02	3	2820	卖盘
13:10:56	9.42	0.01	200	188400	买盘
13:10:46	9.41	0.01	100	94100	买盘
13:10:41	9.4	-0.01	158	148520	卖盘
13:10:37	9.41	0.01	7	6587	卖盘
13:10:32	9.4	--	50	47000	卖盘
13:10:25	9.4	-0.01	50	47000	卖盘
13:10:22	9.41	0.01	2	1882	买盘
13:10:16	9.4	--	93	87420	买盘
13:10:11	9.4	-0.01	5	4700	买盘
13:10:07	9.41	--	0	0	买盘
13:10:01	9.41	0.01	121	113861	买盘
13:09:55	9.4	--	128	120320	卖盘
13:09:52	9.4	--	20	18800	卖盘
13:09:47	9.4	--	21	19740	卖盘
13:09:41	9.4	--	34	31960	卖盘
13:09:37	9.4	--	0	0	卖盘
13:09:31	9.4	-0.01	28	26320	卖盘
13:09:26	9.41	-0.01	2	1882	买盘
13:09:22	9.42	--	2	1884	买盘
13:09:17	9.42	--	170	160140	买盘
13:09:10	9.42	-0.01	13	12246	买盘
13:09:06	9.43	--	0	0	买盘
13:09:02	9.43	--	45	42435	买盘
13:08:55	9.43	-0.01	33	31119	买盘
13:08:52	9.44	--	7	6608	卖盘
13:08:47	9.44	--	119	112336	买盘
13:08:40	9.44	0.04	96	90624	买盘
13:08:36	9.4	--	10	9400	买盘
13:08:32	9.4	-0.02	530	498200	卖盘
13:08:25	9.42	-0.01	85	80070	卖盘
13:08:21	9.43	-0.01	12	11316	中性盘
13:08:17	9.44	0.01	215	202960	买盘
13:08:11	9.43	-0.01	349	329107	卖盘
13:08:06	9.44	0.01	26	24544	买盘
13:08:01	9.43	0.01	18	16974	买盘
13:07:55	9.42	--	94	88548	买盘
13:07:51	9.42	--	57	53694	买盘
13:07:46	9.42	0.02	74	69708	中性盘
13:07:40	9.4	-0.02	36	33840	卖盘
13:07:36	9.42	--	25	23550	卖盘
13:07:31	9.42	0.02	31	29202	买盘
13:07:25	9.4	0.05	34	31960	买盘
13:07:21	9.35	-0.01	5	4675	卖盘
13:07:16	9.36	-0.02	30	28080	中性盘
13:07:10	9.38	0.03	23	21574	买盘
13:07:06	9.35	--	39	36465	卖盘
13:07:01	9.35	--	30	28050	卖盘
13:06:56	9.35	--	44	41140	买盘
13:06:51	9.35	0.01	2	1870	买盘
13:06:46	9.34	--	12	11208	卖盘
13:06:31	9.34	0.05	10	9340	买盘
13:06:25	9.29	--	0	0	卖盘
13:06:16	9.29	0.01	2005	1862644	中性盘
13:06:11	9.28	--	0	0	卖盘
13:06:06	9.28	--	10	9280	卖盘
13:05:55	9.28	-0.1	20	18560	中性盘
13:05:49	9.38	0.1	3000	2814000	买盘
13:05:40	9.28	--	26	24128	买盘
13:05:35	9.28	--	12	11136	卖盘
13:05:31	9.28	--	6	5568	卖盘
13:05:26	9.28	--	2	1855	卖盘
13:05:16	9.28	--	50	46400	卖盘
13:05:10	9.28	--	39	36192	买盘
13:04:41	9.28	--	5	4640	买盘
13:04:20	9.28	--	9	8352	卖盘
13:04:04	9.28	--	15	13919	卖盘
13:04:01	9.28	--	1	927	卖盘
13:03:55	9.28	-0.01	10	9280	卖盘
13:03:50	9.29	0.01	10	9290	买盘
13:03:41	9.28	-0.01	6	5568	买盘
13:03:35	9.29	--	10	9290	买盘
13:03:11	9.29	--	50	46449	买盘
13:03:04	9.29	--	0	0	买盘
13:03:00	9.29	--	0	0	买盘
13:02:49	9.29	0.02	2	1857	买盘
13:02:40	9.27	-0.02	50	46350	卖盘
13:02:34	9.29	--	5	4645	买盘
13:02:11	9.29	0.01	1	928	买盘
13:01:56	9.28	--	3	2784	卖盘
13:01:50	9.28	--	10	9280	卖盘
13:01:40	9.28	--	7	6496	卖盘
13:01:30	9.28	--	5	4640	卖盘
13:01:25	9.28	--	6	5568	买盘
13:01:19	9.28	0.01	20	18560	买盘
13:01:05	9.27	-0.01	4	3708	卖盘
13:00:45	9.28	--	9	8352	卖盘
13:00:35	9.28	--	0	0	卖盘
13:00:30	9.28	-0.01	20	18560	卖盘
13:00:15	9.29	--	96	89183	买盘
13:00:10	9.29	0.01	5	4645	买盘
13:00:05	9.28	-0.02	192	178176	卖盘
11:30:00	9.3	--	0	0	卖盘
11:29:59	9.3	--	1	930	卖盘
11:29:51	9.3	-0.01	13	12090	卖盘
11:29:46	9.31	--	10	9310	卖盘
11:29:40	9.31	--	22	20482	买盘
11:29:36	9.31	--	6	5586	买盘
11:29:31	9.31	--	15	13965	买盘
11:29:25	9.31	--	20	18620	买盘
11:29:16	9.31	--	5	4655	买盘
11:29:10	9.31	-0.02	137	127547	卖盘
11:29:06	9.33	--	3	2799	买盘
11:28:55	9.33	--	0	0	买盘
11:28:40	9.33	--	1	933	买盘
11:28:25	9.33	--	16	15627	卖盘
11:28:16	9.33	--	102	95166	卖盘
11:28:06	9.33	--	213	198729	卖盘
11:28:01	9.33	--	10	9330	卖盘
11:27:55	9.33	--	91	84903	卖盘
11:27:51	9.33	-0.01	84	78372	卖盘
11:27:46	9.34	0.01	31	28954	买盘
11:27:40	9.33	--	58	54114	卖盘
11:27:36	9.33	-0.01	4	3732	卖盘
11:27:25	9.34	0.01	9	8406	买盘
11:27:16	9.33	--	100	93300	卖盘
11:27:10	9.33	-0.01	204	190332	卖盘
11:27:06	9.34	0.01	42	39228	买盘
11:27:01	9.33	-0.01	63	58779	卖盘
11:26:55	9.34	--	46	42964	卖盘
11:26:51	9.34	--	15	14010	卖盘
11:26:46	9.34	--	72	67248	卖盘
11:26:40	9.34	--	76	70984	卖盘
11:26:31	9.34	0.01	336	313824	买盘
11:26:25	9.33	--	14	13062	卖盘
11:26:21	9.33	--	15	14228	卖盘
11:26:16	9.33	--	10	9330	卖盘
11:26:10	9.33	0.02	309	288297	买盘
11:26:01	9.31	0.02	21	19551	卖盘
11:25:51	9.29	--	5	4645	买盘
11:25:46	9.29	-0.02	315	292635	卖盘
11:25:40	9.31	-0.03	16	14896	卖盘
11:25:34	9.34	--	68	63512	买盘
11:25:31	9.34	--	100	93400	买盘
11:25:25	9.34	--	20	18680	买盘
11:25:19	9.34	--	14	13076	买盘
11:25:16	9.34	--	64	59776	买盘
11:25:10	9.34	--	2	1868	买盘
11:25:04	9.34	--	104	97136	卖盘
11:25:01	9.34	--	30	28020	卖盘
11:24:55	9.34	--	85	79390	卖盘
11:24:49	9.34	--	2	1868	卖盘
11:24:46	9.34	--	3	2802	卖盘
11:24:40	9.34	0.04	20	18680	卖盘
11:24:34	9.3	0.01	71	66030	买盘
11:24:30	9.29	-0.06	879	816590	卖盘
11:24:25	9.35	0.06	1500	1402500	买盘
11:24:19	9.29	-0.01	23	21366	卖盘
11:24:10	9.3	--	10	9300	买盘
11:24:04	9.3	0.01	10	9300	买盘
11:23:55	9.29	--	330	306570	卖盘
11:23:49	9.29	-0.01	5	4645	卖盘
11:23:45	9.3	0.01	15	13950	买盘
11:23:40	9.29	--	2	1857	卖盘
11:23:34	9.29	--	4	3715	卖盘
11:23:25	9.29	--	61	56668	卖盘
11:23:19	9.29	0.01	65	60384	买盘
11:23:15	9.28	-0.01	25	23200	卖盘
11:23:10	9.29	0.01	265	246184	买盘
11:23:04	9.28	--	107	99296	卖盘
11:23:00	9.28	--	30	27839	卖盘
11:22:55	9.28	-0.01	65	60319	卖盘
11:22:49	9.29	--	9	8361	买盘
11:22:45	9.29	0.01	12	11147	买盘
11:22:40	9.28	-0.01	46	42688	卖盘
11:22:34	9.29	--	35	32514	卖盘
11:22:25	9.29	0.01	29	26940	买盘
11:22:19	9.28	--	67	62175	卖盘
11:22:15	9.28	-0.02	65	60319	买盘
11:22:04	9.3	0.02	628	584040	买盘
11:22:00	9.28	--	22	20416	卖盘
11:21:55	9.28	--	64	59391	卖盘
11:21:49	9.28	--	30	27839	卖盘
11:21:40	9.28	-0.02	8	7423	卖盘
11:21:34	9.3	--	14	13020	卖盘
11:21:30	9.3	--	100	93000	卖盘
11:21:25	9.3	--	415	385950	卖盘
11:21:19	9.3	--	139	129270	卖盘
11:21:10	9.3	-0.01	170	158100	卖盘
11:21:04	9.31	--	20	18620	卖盘
11:21:00	9.31	--	20	18620	卖盘
11:20:55	9.31	--	54	50274	卖盘
11:20:49	9.31	--	121	112651	卖盘
11:20:45	9.31	0.01	139	129409	买盘
11:20:40	9.3	-0.01	115	106950	卖盘
11:20:34	9.31	0.01	12	11172	买盘
11:20:30	9.3	--	21	19530	卖盘
11:20:25	9.3	--	441	410130	买盘
11:20:19	9.3	--	90	83700	买盘
11:20:14	9.3	0.01	43	39990	买盘
11:20:10	9.29	--	104	96615	卖盘
11:20:04	9.29	--	137	127272	卖盘
11:20:00	9.29	--	40	37160	卖盘
11:19:55	9.29	--	69	64100	买盘
11:19:49	9.29	--	20	18580	买盘
11:19:45	9.29	--	23	21366	买盘
11:19:40	9.29	-0.01	159	147711	卖盘
11:19:34	9.3	--	10	9300	买盘
11:19:29	9.3	0.01	6	5580	买盘
11:19:24	9.29	-0.01	58	53881	卖盘
11:19:19	9.3	0.01	8	7440	买盘
11:19:10	9.29	--	3	2786	卖盘
11:19:04	9.29	--	15	13934	买盘
11:18:55	9.29	0.01	61	56668	买盘
11:18:49	9.28	-0.01	30	27839	卖盘
11:18:39	9.29	-0.04	10	9290	中性盘
11:18:34	9.33	0.06	1098	1024434	买盘
11:18:25	9.27	--	70	64890	卖盘
11:18:19	9.27	0.01	208	192816	买盘
11:18:10	9.26	--	0	0	卖盘
11:18:04	9.26	--	1	926	买盘
11:17:58	9.26	--	8	7408	买盘
11:17:54	9.26	-0.04	41	37966	买盘
11:17:49	9.3	--	0	0	买盘
11:17:39	9.3	0.01	520	483600	买盘
11:17:34	9.29	0.06	3	2786	买盘
11:17:28	9.23	--	0	0	卖盘
11:17:19	9.23	-0.06	55	50765	卖盘
11:17:04	9.29	0.06	747	693962	买盘
11:16:58	9.23	--	6	5538	买盘
11:16:54	9.23	0.01	6	5538	买盘
11:16:49	9.22	-0.01	10	9220	卖盘
11:16:43	9.23	--	1	923	卖盘
11:16:34	9.23	-0.01	41	37843	卖盘
11:16:28	9.24	0.01	37	34188	买盘
11:16:19	9.23	-0.01	6	5538	卖盘
11:16:09	9.24	0.01	53	48972	买盘
11:16:04	9.23	-0.01	35	32305	卖盘
11:15:58	9.24	-0.05	58	53592	卖盘
11:15:54	9.29	0.04	268	248971	买盘
11:15:49	9.25	-0.01	40	37000	中性盘
11:15:43	9.26	0.01	99	91674	买盘
11:15:34	9.25	-0.02	5	4625	卖盘
11:15:28	9.27	--	45	41715	买盘
11:15:24	9.27	-0.01	1	927	买盘
11:15:19	9.28	--	18	16704	卖盘
11:15:13	9.28	--	23	21344	买盘
11:15:04	9.28	--	0	0	买盘
11:14:58	9.28	-0.01	5	4640	中性盘
11:14:54	9.29	0.07	3	2786	买盘
11:14:49	9.22	--	70	64540	卖盘
11:14:43	9.22	--	17	15674	卖盘
11:14:39	9.22	--	92	84824	买盘
11:14:34	9.22	0.02	104	95888	买盘
11:14:28	9.2	--	4	3679	卖盘
11:14:24	9.2	--	0	0	卖盘
11:14:19	9.2	-0.12	20	18400	卖盘
11:14:13	9.32	--	79	73628	卖盘
11:14:09	9.32	0.12	2743	2556476	买盘
11:14:04	9.2	--	18	16560	卖盘
11:13:54	9.2	--	15	13799	卖盘
11:13:49	9.2	-0.01	12	11040	中性盘
11:13:43	9.21	0.02	111	102231	买盘
11:13:39	9.19	-0.02	235	215965	卖盘
11:13:28	9.21	0.01	6	5526	买盘
11:13:24	9.2	--	100	92000	卖盘
11:13:19	9.2	-0.01	174	160080	卖盘
11:13:13	9.21	--	34	31314	买盘
11:13:09	9.21	0.01	56	51576	买盘
11:13:04	9.2	-0.01	53	48759	卖盘
11:12:49	9.21	0.01	20	18420	买盘
11:12:43	9.2	--	28	25759	卖盘
11:12:34	9.2	-0.01	12	11040	卖盘
11:12:28	9.21	0.01	96	88416	买盘
11:12:22	9.2	-0.01	39	35880	卖盘
11:12:19	9.21	0.01	20	18420	买盘
11:12:13	9.2	--	15	13799	卖盘
11:12:07	9.2	--	18	16560	买盘
11:12:03	9.2	0.01	512	471039	买盘
11:11:52	9.19	--	47	43193	卖盘
11:11:48	9.19	--	30	27570	卖盘
11:11:43	9.19	0.04	1481	1361039	买盘
11:11:37	9.15	-0.02	40	36600	卖盘
11:11:33	9.17	--	30	27510	买盘
11:11:22	9.17	--	4	3668	买盘
11:11:07	9.17	0.01	24	22008	买盘
11:10:58	9.16	-0.01	10	9160	卖盘
11:10:48	9.17	0.01	100	91700	买盘
11:10:37	9.16	-0.01	10	9160	买盘
11:10:28	9.17	0.01	92	84364	买盘
11:10:22	9.16	--	21	19236	买盘
11:10:13	9.16	0.01	16	14656	买盘
11:10:07	9.15	-0.01	61	55815	卖盘
11:10:03	9.16	--	107	98012	买盘
11:09:58	9.16	0.01	5	4580	买盘
11:09:43	9.15	--	430	393450	买盘
11:09:37	9.15	0.01	52	47580	买盘
11:09:28	9.14	--	0	0	卖盘
11:09:13	9.14	0.01	19	17366	买盘
11:08:37	9.13	--	1	913	卖盘
11:08:28	9.13	--	59	53867	卖盘
11:08:18	9.13	--	28	25564	卖盘
11:08:07	9.13	-0.01	30	27390	卖盘
11:07:58	9.14	--	1	914	买盘
11:07:43	9.14	--	10	9140	买盘
11:07:37	9.14	--	11	10054	买盘
11:07:13	9.14	0.01	4	3656	买盘
11:07:07	9.13	--	10	9130	卖盘
11:06:52	9.13	-0.01	30	27390	卖盘
11:06:43	9.14	0.01	19	17366	买盘
11:06:07	9.13	--	6	5478	卖盘
11:06:01	9.13	--	20	18260	买盘
11:05:57	9.13	0.01	44	40172	买盘
11:05:52	9.12	--	44	40128	买盘
11:05:01	9.12	--	100	91199	买盘
11:04:57	9.12	0.01	10	9120	买盘
11:04:52	9.11	--	9	8199	卖盘
11:03:52	9.11	-0.01	29	26419	卖盘
11:03:31	9.12	0.01	1	911	买盘
11:03:12	9.11	--	12	10932	卖盘
11:03:07	9.11	-0.01	1	911	卖盘
11:02:22	9.12	--	10	9120	买盘
11:02:16	9.12	--	1	911	买盘
11:02:12	9.12	0.01	1	911	买盘
11:01:52	9.11	-0.01	7	6377	卖盘
11:01:42	9.12	--	1	911	买盘
11:01:12	9.12	0.01	1	911	买盘
11:01:01	9.11	--	7	6377	卖盘
11:00:46	9.11	-0.01	10	9110	卖盘
11:00:36	9.12	0.01	1	911	买盘
11:00:27	9.11	-0.01	18	16398	卖盘
11:00:10	9.12	--	1	911	买盘
10:59:46	9.12	0.02	1	911	买盘
10:59:37	9.1	--	0	0	卖盘
10:59:16	9.1	--	30	27300	卖盘
10:59:10	9.1	--	400	364000	卖盘
10:59:01	9.1	--	0	0	卖盘
10:58:46	9.1	--	0	0	卖盘
10:58:40	9.1	--	103	93730	买盘
10:58:36	9.1	--	1	910	买盘
10:58:31	9.1	--	1	910	买盘
10:58:25	9.1	-0.03	445	404950	卖盘
10:58:21	9.13	-0.01	221	202667	卖盘
10:58:10	9.14	0.01	11	10054	买盘
10:58:06	9.13	-0.01	26	23738	卖盘
10:58:01	9.14	0.01	60	54840	买盘
10:57:50	9.13	--	239	218225	买盘
10:57:40	9.13	--	19	17347	买盘
10:57:36	9.13	--	0	0	买盘
10:57:10	9.13	--	1	913	买盘
10:55:25	9.13	--	16	14608	买盘
10:55:01	9.13	0.01	60	54780	买盘
10:54:55	9.12	--	149	136781	卖盘
10:54:40	9.12	--	63	57455	卖盘
10:54:36	9.12	--	100	91199	卖盘
10:54:25	9.12	--	187	170562	买盘
10:54:21	9.12	--	65	60173	卖盘
10:54:16	9.12	--	50	45599	卖盘
10:54:09	9.12	--	8	7295	卖盘
10:53:46	9.12	--	2	1823	卖盘
10:53:40	9.12	--	3	2735	卖盘
10:53:30	9.12	--	100	91199	卖盘
10:53:24	9.12	--	274	249906	买盘
10:53:19	9.12	--	158	144989	卖盘
10:53:04	9.12	--	341	311010	买盘
10:52:49	9.12	--	74	68381	卖盘
10:52:34	9.12	--	10	9120	卖盘
10:52:19	9.12	0.03	415	378498	买盘
10:52:15	9.09	-0.01	31	28179	卖盘
10:52:04	9.1	0.01	2	1820	买盘
10:51:30	9.09	-0.01	33	29997	卖盘
10:51:19	9.1	--	10	9100	买盘
10:50:55	9.1	--	2	2711	卖盘
10:50:25	9.1	--	10	9100	卖盘
10:50:15	9.1	--	5	4550	卖盘
10:50:04	9.1	--	15	13668	买盘
10:48:49	9.1	--	56	50960	买盘
10:48:30	9.1	-0.02	641	584201	卖盘
10:48:25	9.12	0.01	11	10889	买盘
10:48:19	9.11	--	17	15486	卖盘
10:48:15	9.11	-0.01	1	911	卖盘
10:48:10	9.12	--	3	2735	买盘
10:48:04	9.12	0.01	20	18240	买盘
10:47:58	9.11	-0.01	20	18220	卖盘
10:47:55	9.12	--	5	4560	买盘
10:47:39	9.12	--	3	2735	买盘
10:47:09	9.12	--	29	26447	买盘
10:46:49	9.12	0.01	1	911	买盘
10:46:43	9.11	-0.01	100	91100	卖盘
10:46:39	9.12	0.01	11	10032	买盘
10:46:34	9.11	-0.01	4	3644	卖盘
10:46:24	9.12	--	177	161424	买盘
10:46:19	9.12	0.01	1	911	买盘
10:46:09	9.11	--	13	11843	卖盘
10:46:04	9.11	--	2	1822	卖盘
10:45:43	9.11	--	192	174984	买盘
10:45:39	9.11	--	11	10021	买盘
10:45:24	9.11	--	23	20953	卖盘
10:45:04	9.11	0.01	4	3644	买盘
10:44:49	9.1	-0.01	95	86450	卖盘
10:44:39	9.11	--	19	17309	买盘
10:44:28	9.11	0.01	6	5466	卖盘
10:44:09	9.1	--	0	0	卖盘
10:43:43	9.1	-0.01	135	122850	卖盘
10:43:24	9.11	--	7	6377	卖盘
10:43:13	9.11	--	6	5466	卖盘
10:42:43	9.11	0.01	22	20042	买盘
10:42:19	9.1	--	111	101010	卖盘
10:42:09	9.1	--	3	2730	卖盘
10:42:04	9.1	--	50	45500	卖盘
10:41:49	9.1	-0.01	53	48230	卖盘
10:40:33	9.11	--	32	29152	买盘
10:40:18	9.11	--	40	36440	买盘
10:40:07	9.11	--	10	9110	买盘
10:40:03	9.11	--	55	50105	买盘
10:39:48	9.11	--	20	18220	买盘
10:39:03	9.11	-0.01	21	19131	卖盘
10:38:51	9.12	0.02	28	25535	买盘
10:38:43	9.1	--	32	29120	卖盘
10:38:12	9.1	0.01	39	35490	买盘
10:37:37	9.09	-0.01	49	44541	卖盘
10:37:33	9.1	0.01	2	1820	买盘
10:37:13	9.09	--	113	102717	卖盘
10:37:07	9.09	--	50	45450	卖盘
10:36:52	9.09	0.01	50	45450	买盘
10:36:37	9.08	-0.01	20	18160	卖盘
10:36:18	9.09	--	15	13635	卖盘
10:36:07	9.09	--	306	278154	卖盘
10:35:58	9.09	0.01	52	47268	买盘
10:35:52	9.08	--	32	29056	卖盘
10:35:42	9.08	-0.01	62	56296	卖盘
10:35:37	9.09	-0.01	15	13635	买盘
10:35:33	9.1	--	0	0	买盘
10:35:28	9.1	0.02	72	65520	买盘
10:35:22	9.08	-0.02	190	172520	卖盘
10:35:13	9.1	--	110	100100	卖盘
10:35:07	9.1	--	103	93730	卖盘
10:34:58	9.1	--	39	35490	卖盘
10:34:52	9.1	--	1	910	卖盘
10:34:46	9.1	-0.01	49	44590	卖盘
10:34:43	9.11	--	27	24597	卖盘
10:34:37	9.11	--	100	91100	卖盘
10:34:28	9.11	--	20	18220	卖盘
10:34:22	9.11	--	10	9110	卖盘
10:33:57	9.11	-0.02	2	1822	卖盘
10:33:52	9.13	--	32	29216	卖盘
10:33:46	9.13	--	4	3652	卖盘
10:33:27	9.13	--	19	17347	买盘
10:33:22	9.13	0.02	30	27390	买盘
10:33:16	9.11	-0.02	30	27330	卖盘
10:33:07	9.13	--	10	9130	买盘
10:32:46	9.13	--	11	10043	买盘
10:32:31	9.13	0.01	400	365200	买盘
10:32:16	9.12	--	0	0	买盘
10:32:07	9.12	--	106	96671	买盘
10:32:01	9.12	--	130	118559	买盘
10:31:52	9.12	0.02	11	10032	买盘
10:31:46	9.1	--	8	7280	卖盘
10:31:31	9.1	--	3	2730	卖盘
10:31:27	9.1	-0.01	30	27300	卖盘
10:31:16	9.11	0.01	2	1822	买盘
10:31:12	9.1	--	0	0	卖盘
10:31:01	9.1	-0.01	500	455000	卖盘
10:30:57	9.11	--	0	0	卖盘
10:30:52	9.11	-0.02	31	28241	卖盘
10:30:46	9.13	0.02	7	6391	买盘
10:30:31	9.11	--	0	0	卖盘
10:30:16	9.11	-0.02	30	27330	卖盘
10:30:06	9.13	0.01	26	23738	买盘
10:29:31	9.12	0.01	100	91199	买盘
10:29:07	9.11	--	1	911	卖盘
10:28:56	9.11	--	137	124806	卖盘
10:28:51	9.11	--	25	22775	卖盘
10:28:36	9.11	-0.01	10	9110	卖盘
10:28:16	9.12	-0.01	2	1823	卖盘
10:28:10	9.13	0.01	75	68475	买盘
10:27:31	9.12	-0.01	11	10032	卖盘
10:27:16	9.13	--	52	47476	买盘
10:27:10	9.13	0.01	22	20086	卖盘
10:27:06	9.12	-0.01	10	9120	卖盘
10:26:55	9.13	--	28	25564	卖盘
10:26:51	9.13	--	10	9130	卖盘
10:26:46	9.13	0.01	224	204512	买盘
10:26:36	9.12	--	20	18240	卖盘
10:26:25	9.12	--	2	1823	卖盘
10:26:16	9.12	--	2	1823	卖盘
10:26:06	9.12	--	10	9120	买盘
10:25:46	9.12	--	0	0	中性盘
10:25:40	9.12	--	0	0	买盘
10:25:31	9.12	--	9	8208	卖盘
10:25:25	9.12	--	13	11855	买盘
10:25:10	9.12	--	0	0	买盘
10:24:55	9.12	--	17	15503	卖盘
10:24:36	9.12	0.02	34	31007	买盘
10:24:25	9.1	-0.01	20	18200	卖盘
10:24:16	9.11	-0.01	20	18220	卖盘
10:24:10	9.12	--	76	69312	买盘
10:24:01	9.12	0.01	15	13679	买盘
10:23:36	9.11	--	50	45550	卖盘
10:23:16	9.11	--	4	3644	卖盘
10:23:10	9.11	-0.01	3	2733	卖盘
10:23:01	9.12	--	15	13679	买盘
10:22:55	9.12	--	16	14591	买盘
10:22:31	9.12	0.01	81	73872	买盘
10:22:19	9.11	--	1	911	卖盘
10:21:09	9.11	--	6	5466	买盘
10:21:04	9.11	--	0	0	买盘
10:20:40	9.11	--	22	20042	买盘
10:20:34	9.11	--	49	44639	卖盘
10:20:30	9.11	--	100	91100	卖盘
10:20:19	9.11	--	34	30973	买盘
10:20:09	9.11	0.01	1	911	买盘
10:19:55	9.1	--	94	85540	卖盘
10:19:33	9.1	--	592	538720	买盘
10:19:30	9.1	--	150	136500	买盘
10:19:04	9.1	0.01	21	19110	买盘
10:19:00	9.09	--	75	68175	卖盘
10:18:55	9.09	--	52	47268	卖盘
10:18:49	9.09	--	26	23634	卖盘
10:18:30	9.09	--	56	50904	卖盘
10:18:04	9.09	-0.01	30	27270	卖盘
10:17:49	9.1	0.01	20	18200	买盘
10:17:30	9.09	-0.01	1	909	卖盘
10:17:25	9.1	0.01	3	2730	买盘
10:17:19	9.09	--	16	14544	卖盘
10:17:10	9.09	-0.01	36	32724	卖盘
10:16:55	9.1	0.01	31	28210	买盘
10:16:49	9.09	-0.01	102	92718	卖盘
10:16:24	9.1	--	100	91000	卖盘
10:16:19	9.1	--	10	9100	卖盘
10:16:09	9.1	--	18	16380	买盘
10:15:54	9.1	0.01	140	127400	买盘
10:15:28	9.09	--	7	6363	买盘
10:15:24	9.09	--	59	53631	买盘
10:15:19	9.09	--	3	2727	买盘
10:15:13	9.09	--	26	23634	买盘
10:15:09	9.09	--	3	2727	买盘
10:14:57	9.09	--	100	90900	买盘
10:14:54	9.09	-0.01	78	70902	卖盘
10:14:39	9.1	--	1	910	买盘
10:14:33	9.1	0.01	20	18200	买盘
10:14:27	9.09	-0.01	1	909	卖盘
10:14:24	9.1	--	22	20020	买盘
10:14:19	9.1	--	8	7280	买盘
10:14:04	9.1	--	30	27300	卖盘
10:13:54	9.1	--	9	8190	卖盘
10:13:43	9.1	0.01	5	4550	买盘
10:13:18	9.09	-0.01	16	14544	卖盘
10:13:04	9.1	0.01	37	33670	买盘
10:12:58	9.09	-0.01	27	24543	卖盘
10:12:48	9.1	--	89	80990	买盘
10:12:34	9.1	--	27	24570	买盘
10:12:28	9.1	--	2	1820	买盘
10:12:24	9.1	--	50	45500	买盘
10:12:19	9.1	--	2	1820	买盘
10:12:09	9.1	--	0	0	买盘
10:12:04	9.1	0.02	100	91000	买盘
10:11:58	9.08	--	7	6356	卖盘
10:11:54	9.08	-0.01	1	908	卖盘
10:11:49	9.09	--	30	27270	买盘
10:11:34	9.09	0.01	30	27270	买盘
10:11:28	9.08	--	15	13620	卖盘
10:11:19	9.08	-0.01	5	4540	卖盘
10:10:54	9.09	0.01	2	1818	买盘
10:10:43	9.08	-0.01	36	32688	卖盘
10:10:33	9.09	0.01	13	11817	买盘
10:10:13	9.08	--	2	1816	卖盘
10:09:48	9.08	--	107	97156	买盘
10:09:34	9.08	--	25	22700	买盘
10:09:28	9.08	--	50	45400	买盘
10:09:13	9.08	--	0	0	买盘
10:09:06	9.08	--	0	0	买盘
10:08:52	9.08	0.03	3	2724	买盘
10:08:48	9.05	-0.02	100	90500	卖盘
10:08:42	9.07	--	11	9977	买盘
10:08:37	9.07	--	12	10884	买盘
10:08:33	9.07	-0.01	33	29931	卖盘
10:08:28	9.08	--	100	90800	买盘
10:08:22	9.08	0.01	26	23608	买盘
10:08:18	9.07	-0.01	1	907	卖盘
10:07:58	9.08	0.04	70	63560	买盘
10:07:52	9.04	--	0	0	卖盘
10:07:43	9.04	-0.03	1200	1084800	卖盘
10:07:37	9.07	--	55	49885	卖盘
10:07:28	9.07	--	70	63490	买盘
10:07:22	9.07	--	100	90700	买盘
10:07:18	9.07	-0.01	132	119724	卖盘
10:07:13	9.08	--	50	45400	买盘
10:07:07	9.08	0.01	30	27240	买盘
10:06:43	9.07	--	20	18140	卖盘
10:06:21	9.07	--	93	84351	卖盘
10:06:18	9.07	--	3	2721	卖盘
10:06:13	9.07	--	67	60769	卖盘
10:05:57	9.07	0.01	30	27210	卖盘
10:05:42	9.06	--	0	0	卖盘
10:05:37	9.06	-0.02	8	7248	卖盘
10:05:22	9.08	--	0	0	买盘
10:05:18	9.08	0.02	400	363200	买盘
10:05:13	9.06	--	4	3624	卖盘
10:05:07	9.06	--	19	17214	卖盘
10:04:52	9.06	-0.01	10	9060	卖盘
10:04:36	9.07	0.01	180	163260	买盘
10:04:27	9.06	-0.01	12	10872	卖盘
10:04:22	9.07	--	100	90700	买盘
10:04:17	9.07	0.01	10	9070	买盘
10:04:13	9.06	-0.01	318	288108	卖盘
10:04:07	9.07	0.01	154	139678	买盘
10:03:43	9.06	--	138	125028	买盘
10:03:30	9.06	--	83	75198	买盘
10:03:27	9.06	--	76	68856	买盘
10:03:21	9.06	--	55	49830	买盘
10:03:16	9.06	--	13	11778	买盘
10:03:13	9.06	0.01	6	5436	买盘
10:03:06	9.05	-0.01	5	4525	卖盘
10:02:58	9.06	--	120	108720	买盘
10:02:51	9.06	-0.01	131	118686	卖盘
10:02:27	9.07	0.01	4	3628	买盘
10:02:22	9.06	-0.01	3	2718	卖盘
10:02:12	9.07	--	5	4535	买盘
10:02:06	9.07	0.01	313	283891	买盘
10:02:00	9.06	-0.01	238	215628	卖盘
10:01:57	9.07	0.01	1	907	买盘
10:01:51	9.06	--	5	4530	卖盘
10:01:46	9.06	--	15	13590	卖盘
10:01:22	9.06	--	74	67044	卖盘
10:01:16	9.06	--	9	8154	卖盘
10:01:06	9.06	-0.01	14	12684	卖盘
10:00:57	9.07	0.01	8	7256	买盘
10:00:52	9.06	-0.01	10	9060	卖盘
10:00:45	9.07	0.01	3	2721	买盘
10:00:37	9.06	--	10	9060	卖盘
10:00:31	9.06	--	6	5436	买盘
10:00:27	9.06	--	20	18120	买盘
10:00:16	9.06	0.01	39	35334	买盘
10:00:12	9.05	--	102	92310	卖盘
10:00:07	9.05	--	62	56110	卖盘
10:00:01	9.05	-0.01	65	58825	卖盘
09:59:57	9.06	--	1	906	买盘
09:59:51	9.06	--	40	36240	买盘
09:59:46	9.06	0.01	69	62514	买盘
09:59:36	9.05	--	168	152040	卖盘
09:59:31	9.05	-0.01	44	39820	卖盘
09:59:21	9.06	--	30	27180	买盘
09:59:16	9.06	--	24	21744	买盘
09:59:11	9.06	-0.01	336	304416	卖盘
09:59:07	9.07	0.01	16	14512	买盘
09:59:01	9.06	-0.01	30	27180	卖盘
09:58:57	9.07	0.01	4	3628	买盘
09:58:51	9.06	-0.01	42	38052	卖盘
09:58:46	9.07	--	71	64397	买盘
09:58:42	9.07	0.01	14	12698	买盘
09:58:37	9.06	-0.01	60	54360	卖盘
09:58:31	9.07	--	78	70746	买盘
09:58:27	9.07	--	4	3628	买盘
09:58:21	9.07	-0.01	136	123352	卖盘
09:58:16	9.08	--	14	12712	买盘
09:58:01	9.08	0.01	10	9080	买盘
09:57:31	9.07	--	4	3628	买盘
09:57:27	9.07	-0.01	5	4535	买盘
09:57:16	9.08	0.01	55	49940	买盘
09:57:12	9.07	-0.01	20	18140	卖盘
09:57:06	9.08	0.01	15	13620	买盘
09:57:01	9.07	--	30	27210	卖盘
09:56:51	9.07	--	80	72560	买盘
09:56:46	9.07	--	50	45350	买盘
09:56:37	9.07	0.01	17	15419	买盘
09:56:21	9.06	--	9	8154	卖盘
09:56:16	9.06	--	34	30804	卖盘
09:56:10	9.06	--	25	22650	买盘
09:56:06	9.06	--	10	9060	买盘
09:56:01	9.06	0.01	225	203850	买盘
09:55:46	9.05	--	2	1810	卖盘
09:55:39	9.05	--	58	52490	卖盘
09:55:36	9.05	0.01	9	8145	买盘
09:55:31	9.04	--	17	15367	卖盘
09:55:25	9.04	--	143	129271	卖盘
09:55:21	9.04	--	50	45199	卖盘
09:55:15	9.04	-0.01	58	52431	卖盘
09:55:10	9.05	--	60	54300	买盘
09:55:06	9.05	--	25	22625	买盘
09:55:00	9.05	--	62	56110	买盘
09:54:55	9.05	--	20	18100	买盘
09:54:51	9.05	--	10	9050	买盘
09:54:46	9.05	-0.01	51	46155	卖盘
09:54:31	9.06	--	22	19932	买盘
09:54:24	9.06	--	0	0	买盘
09:54:16	9.06	-0.01	26	23556	买盘
09:54:06	9.07	0.01	1012	917884	买盘
09:53:46	9.06	-0.02	50	45300	卖盘
09:53:40	9.08	0.03	7	6356	买盘
09:53:36	9.05	-0.03	1	905	卖盘
09:53:31	9.08	--	606	550248	买盘
09:53:25	9.08	--	100	90800	买盘
09:53:16	9.08	--	3	2724	买盘
09:53:10	9.08	0.01	10	9080	买盘
09:53:06	9.07	-0.01	29	26303	卖盘
09:53:01	9.08	0.01	294	266952	买盘
09:52:54	9.07	-0.01	21	19047	卖盘
09:52:46	9.08	0.01	15	13620	买盘
09:52:40	9.07	--	10	9070	卖盘
09:52:36	9.07	--	4	3628	卖盘
09:52:31	9.07	--	4	3628	卖盘
09:52:21	9.07	--	3	2721	卖盘
09:52:15	9.07	--	6	5442	卖盘
09:52:06	9.07	-0.02	44	39908	卖盘
09:51:46	9.09	0.02	15	13635	买盘
09:51:36	9.07	--	0	0	卖盘
09:51:30	9.07	-0.02	20	18140	卖盘
09:51:25	9.09	0.02	158	143622	买盘
09:51:16	9.07	-0.01	48	43536	卖盘
09:51:10	9.08	0.01	5	4540	买盘
09:51:06	9.07	--	1	907	卖盘
09:51:00	9.07	0.01	53	48071	买盘
09:50:51	9.06	-0.01	8	7248	卖盘
09:50:45	9.07	0.01	12	10884	买盘
09:50:40	9.06	--	328	297784	卖盘
09:50:36	9.06	--	13	11778	卖盘
09:50:30	9.06	-0.01	4	3624	卖盘
09:50:24	9.07	0.01	160	145120	中性盘
09:50:15	9.06	-0.01	191	173046	卖盘
09:50:09	9.07	0.01	96	87072	买盘
09:50:01	9.06	-0.01	107	96942	卖盘
09:49:55	9.07	--	3	2721	买盘
09:49:49	9.07	--	54	48978	买盘
09:49:45	9.07	--	23	20861	买盘
09:49:40	9.07	--	3	2721	买盘
09:49:34	9.07	--	21	19047	卖盘
09:49:30	9.07	0.01	148	134236	买盘
09:49:24	9.06	--	0	0	卖盘
09:49:19	9.06	-0.01	80	72480	卖盘
09:49:15	9.07	--	31	28117	卖盘
09:49:10	9.07	0.01	98	88886	买盘
09:49:04	9.06	--	60	54360	卖盘
09:49:00	9.06	-0.01	114	103284	卖盘
09:48:55	9.07	--	9	8163	卖盘
09:48:48	9.07	--	5	4535	卖盘
09:48:45	9.07	--	20	18140	卖盘
09:48:39	9.07	--	25	22675	卖盘
09:48:34	9.07	--	162	146934	卖盘
09:48:25	9.07	-0.01	20	18140	卖盘
09:48:09	9.08	-0.01	16	14528	卖盘
09:47:55	9.09	0.02	37	33633	买盘
09:47:40	9.07	--	19	17233	卖盘
09:47:30	9.07	--	13	11791	卖盘
09:47:24	9.07	-0.01	150	136050	卖盘
09:47:18	9.08	0.01	212	192496	买盘
09:47:15	9.07	-0.01	66	59862	卖盘
09:47:10	9.08	--	23	20884	买盘
09:47:03	9.08	0.01	30	27240	买盘
09:46:54	9.07	--	26	23582	卖盘
09:46:49	9.07	-0.01	59	53513	卖盘
09:46:45	9.08	--	29	26332	买盘
09:46:39	9.08	--	30	27240	买盘
09:46:33	9.08	--	28	25424	买盘
09:46:30	9.08	--	30	27240	买盘
09:46:24	9.08	-0.01	35	31780	卖盘
09:46:03	9.09	0.01	50	45450	买盘
09:46:00	9.08	--	65	59020	买盘
09:45:48	9.08	-0.01	475	431300	卖盘
09:45:40	9.09	--	148	134532	卖盘
09:45:33	9.09	--	27	24543	卖盘
09:45:19	9.09	--	61	55449	卖盘
09:45:09	9.09	0.01	30	27270	买盘
09:45:04	9.08	-0.01	2	1816	卖盘
09:44:55	9.09	--	3	2727	买盘
09:44:48	9.09	--	6	5454	买盘
09:44:45	9.09	--	157	142713	卖盘
09:44:39	9.09	-0.01	50	45450	卖盘
09:44:33	9.1	--	7	6370	买盘
09:44:30	9.1	--	30	27300	买盘
09:44:24	9.1	--	78	70980	买盘
09:44:09	9.1	--	22	20020	卖盘
09:44:04	9.1	-0.01	61	55510	卖盘
09:44:00	9.11	0.01	20	18220	买盘
09:43:39	9.1	--	166	151060	买盘
09:43:18	9.1	--	21	19110	买盘
09:43:13	9.1	0.02	100	91000	买盘
09:43:03	9.08	-0.01	33	29964	卖盘
09:42:57	9.09	0.03	31	28179	买盘
09:42:54	9.06	-0.04	610	552660	卖盘
09:42:49	9.1	0.03	5	4550	买盘
09:42:42	9.07	--	0	0	卖盘
09:42:39	9.07	--	57	51699	卖盘
09:42:34	9.07	--	43	39001	卖盘
09:42:24	9.07	-0.01	78	70746	卖盘
09:42:18	9.08	0.01	62	56296	买盘
09:42:12	9.07	--	48	43536	买盘
09:42:09	9.07	--	20	18140	买盘
09:42:04	9.07	--	103	93421	卖盘
09:41:58	9.07	-0.01	51	46257	卖盘
09:41:54	9.08	--	113	102604	买盘
09:41:49	9.08	--	142	128936	买盘
09:41:43	9.08	--	96	87168	买盘
09:41:39	9.08	--	10	9080	买盘
09:41:34	9.08	--	153	138924	买盘
09:41:28	9.08	--	48	43584	买盘
09:41:18	9.08	--	62	56296	买盘
09:41:03	9.08	-0.04	957	868956	卖盘
09:40:58	9.12	--	10	9120	买盘
09:40:48	9.12	0.01	3	2735	买盘
09:40:43	9.11	--	37	33707	卖盘
09:40:34	9.11	--	8	7288	买盘
09:40:28	9.11	--	95	86545	买盘
09:40:24	9.11	--	87	79257	卖盘
09:40:19	9.11	--	37	33707	买盘
09:40:13	9.11	--	62	56482	买盘
09:40:09	9.11	--	10	9110	买盘
09:40:04	9.11	0.01	18	16398	买盘
09:39:58	9.1	-0.01	33	30030	卖盘
09:39:54	9.11	--	4	3644	买盘
09:39:49	9.11	0.02	81	73791	买盘
09:39:43	9.09	--	0	0	卖盘
09:39:39	9.09	-0.01	7	6363	卖盘
09:39:33	9.1	--	143	130130	卖盘
09:39:28	9.1	0.01	37	33670	买盘
09:39:18	9.09	--	0	0	卖盘
09:39:13	9.09	-0.02	10	9090	卖盘
09:39:04	9.11	0.02	80	72880	买盘
09:38:58	9.09	-0.01	249	226341	卖盘
09:38:53	9.1	0.01	20	18200	卖盘
09:38:48	9.09	--	0	0	卖盘
09:38:43	9.09	-0.01	62	56358	卖盘
09:38:39	9.1	--	30	27300	买盘
09:38:34	9.1	0.01	43	39130	买盘
09:38:28	9.09	--	118	107262	卖盘
09:38:19	9.09	-0.02	401	364509	卖盘
09:38:13	9.11	--	2	1822	买盘
09:38:04	9.11	--	76	69236	买盘
09:37:54	9.11	--	10	9110	买盘
09:37:48	9.11	-0.02	506	460966	卖盘
09:37:43	9.13	--	29	26477	卖盘
09:37:33	9.13	0.01	81	73953	买盘
09:37:28	9.12	-0.01	100	91199	卖盘
09:37:18	9.13	-0.01	124	113212	卖盘
09:37:12	9.14	0.01	15	13710	买盘
09:37:07	9.13	--	73	66649	卖盘
09:37:03	9.13	--	120	109560	卖盘
09:36:57	9.13	--	108	98604	卖盘
09:36:48	9.13	-0.01	27	24651	卖盘
09:36:33	9.14	0.01	1	914	买盘
09:36:27	9.13	--	7	6391	卖盘
09:36:18	9.13	-0.01	67	61171	卖盘
09:36:07	9.14	--	64	58496	卖盘
09:35:57	9.14	--	6	5484	卖盘
09:35:48	9.14	--	36	32904	卖盘
09:35:37	9.14	--	7	6398	卖盘
09:35:33	9.14	-0.01	49	44786	卖盘
09:35:28	9.15	--	5	4575	买盘
09:35:18	9.15	0.01	55	50325	买盘
09:35:13	9.14	--	22	20108	买盘
09:35:07	9.14	--	10	9140	买盘
09:34:57	9.14	--	18	16452	卖盘
09:34:52	9.14	--	25	22850	卖盘
09:34:36	9.14	--	100	91400	买盘
09:34:21	9.14	--	99	90486	卖盘
09:34:18	9.14	-0.01	1	914	卖盘
09:34:13	9.15	--	0	0	买盘
09:34:06	9.15	--	15	13725	买盘
09:33:58	9.15	0.02	16	14640	买盘
09:33:42	9.13	-0.02	20	18260	卖盘
09:33:37	9.15	0.01	11	10065	买盘
09:33:28	9.14	-0.01	10	9140	卖盘
09:33:21	9.15	0.02	33	30195	买盘
09:33:13	9.13	--	20	18260	卖盘
09:33:03	9.13	--	2	1826	卖盘
09:32:57	9.13	0.01	11	10043	中性盘
09:32:51	9.12	-0.01	110	100319	卖盘
09:32:42	9.13	0.01	4	3652	买盘
09:32:36	9.12	--	11	10032	买盘
09:32:33	9.12	--	5	4560	卖盘
09:32:27	9.12	0.01	55	50159	中性盘
09:32:21	9.11	--	107	97477	卖盘
09:32:17	9.11	--	13	11843	买盘
09:32:13	9.11	0.01	42	38262	买盘
09:32:07	9.1	-0.03	109	99190	卖盘
09:32:03	9.13	--	0	0	买盘
09:31:57	9.13	0.02	245	223685	买盘
09:31:51	9.11	-0.02	39	35529	卖盘
09:31:48	9.13	--	3	2739	买盘
09:31:43	9.13	0.01	102	93126	买盘
09:31:36	9.12	-0.01	62	56543	卖盘
09:31:28	9.13	--	43	39259	卖盘
09:31:21	9.13	-0.04	1	913	卖盘
09:31:12	9.17	0.05	25	22925	买盘
09:31:06	9.12	-0.01	33	30095	卖盘
09:30:57	9.13	--	18	16434	买盘
09:30:52	9.13	-0.03	24	21912	卖盘
09:30:48	9.16	0.02	36	32976	买盘
09:30:42	9.14	0.02	43	39302	卖盘
09:30:36	9.12	--	0	0	卖盘
09:30:27	9.12	-0.05	1	911	卖盘
09:30:21	9.17	--	0	0	买盘
09:30:15	9.17	0.03	61	55937	买盘
09:30:12	9.14	-0.03	20	18280	卖盘
09:30:07	9.17	0.02	59	54103	中性盘
09:30:01	9.15	-0.03	12	10980	卖盘
09:28:51	9.18	--	0	0	买盘
09:25:01	9.18	9.18	278	255204	买盘
