成交时间	成交价	价格变动	成交量(手)	成交额(元)	性质
15:00:00	11.71	--	0	0	买盘
15:00:00	11.71	-0.01	208	243568	卖盘
14:59:59	11.72	0.01	139	162908	买盘
14:59:54	11.71	-0.01	12	14052	卖盘
14:59:49	11.72	--	51	59772	买盘
14:59:44	11.72	0.01	648	759456	买盘
14:59:38	11.71	--	11	12881	买盘
14:59:33	11.71	--	24	28104	买盘
14:59:29	11.71	--	146	170966	买盘
14:59:24	11.71	0.01	3	3513	买盘
14:59:18	11.7	-0.01	25	29250	卖盘
14:59:14	11.71	0.01	14	16394	中性盘
14:59:09	11.7	-0.02	10	11700	卖盘
14:59:04	11.72	--	98	114856	买盘
14:58:59	11.72	0.01	72	84384	买盘
14:58:49	11.71	--	172	201412	买盘
14:58:44	11.71	--	146	170966	买盘
14:58:34	11.71	--	125	146375	卖盘
14:58:29	11.71	--	17	19907	卖盘
14:58:24	11.71	--	35	40985	卖盘
14:58:19	11.71	--	10	11710	卖盘
14:58:14	11.71	--	56	65576	买盘
14:58:08	11.71	0.01	5	5855	买盘
14:58:03	11.7	-0.01	269	314730	卖盘
14:57:59	11.71	--	41	48011	买盘
14:57:53	11.71	--	10	11710	买盘
14:57:48	11.71	--	29	33959	买盘
14:57:44	11.71	-0.01	58	67918	卖盘
14:57:39	11.72	0.01	9	10548	买盘
14:57:34	11.71	--	395	462545	卖盘
14:57:29	11.71	--	242	283382	卖盘
14:57:23	11.71	--	21	24591	卖盘
14:57:14	11.71	--	17	19907	卖盘
14:57:09	11.71	--	4	4883	卖盘
14:57:03	11.71	--	50	58550	卖盘
14:56:59	11.71	--	101	118271	买盘
14:56:48	11.71	--	43	50353	卖盘
14:56:44	11.71	--	94	110074	卖盘
14:56:33	11.71	--	46	53866	卖盘
14:56:28	11.71	0.01	136	159256	买盘
14:56:24	11.7	--	10	11700	卖盘
14:56:18	11.7	--	814	953491	买盘
14:56:13	11.7	--	578	676260	买盘
14:56:09	11.7	0.01	110	128699	买盘
14:56:04	11.69	-0.01	33	38577	卖盘
14:55:58	11.7	--	67	78390	买盘
14:55:53	11.7	0.01	80	93600	买盘
14:55:49	11.69	--	69	80661	卖盘
14:55:43	11.69	--	28	32732	卖盘
14:55:38	11.69	-0.01	11	12859	卖盘
14:55:33	11.7	--	20	23400	买盘
14:55:28	11.7	--	43	50310	买盘
14:55:23	11.7	--	232	271440	卖盘
14:55:18	11.7	--	240	280800	卖盘
14:55:08	11.7	-0.01	9	10530	卖盘
14:55:03	11.71	--	4	4684	买盘
14:54:58	11.71	0.01	124	145204	买盘
14:54:53	11.7	--	40	46800	卖盘
14:54:47	11.7	-0.01	6	7020	卖盘
14:54:43	11.71	0.01	10	11710	买盘
14:54:38	11.7	--	1	1170	卖盘
14:54:28	11.7	--	56	65519	卖盘
14:54:23	11.7	-0.02	189	221130	卖盘
14:54:17	11.72	--	37	43364	买盘
14:54:08	11.72	0.01	82	96104	买盘
14:54:02	11.71	-0.01	269	314999	卖盘
14:53:58	11.72	--	355	416060	卖盘
14:53:53	11.72	-0.01	303	355116	卖盘
14:53:47	11.73	--	99	116127	买盘
14:53:43	11.73	--	96	112608	买盘
14:53:38	11.73	0.01	185	217005	买盘
14:53:28	11.72	--	359	420748	卖盘
14:53:23	11.72	--	26	30472	卖盘
14:53:13	11.72	-0.01	66	77352	卖盘
14:53:08	11.73	--	73	85629	买盘
14:53:02	11.73	0.01	60	70380	买盘
14:52:58	11.72	--	28	32816	卖盘
14:52:53	11.72	--	5	5860	卖盘
14:52:48	11.72	--	10	11720	卖盘
14:52:43	11.72	--	60	70320	卖盘
14:52:38	11.72	-0.01	62	72664	卖盘
14:52:32	11.73	0.01	5	5865	买盘
14:52:27	11.72	--	48	56256	卖盘
14:52:23	11.72	--	12	14064	卖盘
14:52:17	11.72	--	2	2344	卖盘
14:52:13	11.72	--	10	11720	卖盘
14:52:08	11.72	-0.01	100	117200	中性盘
14:52:02	11.73	0.01	100	117300	买盘
14:51:57	11.72	--	98	115442	卖盘
14:51:53	11.72	--	20	23440	卖盘
14:51:38	11.72	-0.01	326	382072	卖盘
14:51:27	11.73	0.01	56	65688	买盘
14:51:23	11.72	--	84	98448	卖盘
14:51:17	11.72	--	20	23440	卖盘
14:51:12	11.72	-0.01	222	260184	卖盘
14:51:08	11.73	0.01	25	29325	买盘
14:51:02	11.72	--	19	22268	卖盘
14:50:57	11.72	--	4	5274	卖盘
14:50:53	11.72	--	6	7032	卖盘
14:50:42	11.72	--	14	16408	卖盘
14:50:38	11.72	--	3	3516	卖盘
14:50:32	11.72	-0.01	83	97276	卖盘
14:50:27	11.73	--	43	50439	买盘
14:50:23	11.73	--	10	11730	买盘
14:50:17	11.73	--	163	191199	卖盘
14:50:13	11.73	--	18	21114	卖盘
14:50:02	11.73	--	10	11730	卖盘
14:49:57	11.73	--	69	80937	买盘
14:49:53	11.73	--	62	72726	卖盘
14:49:42	11.73	--	33	38709	卖盘
14:49:38	11.73	--	33	38709	卖盘
14:49:32	11.73	0.01	207	242811	买盘
14:49:27	11.72	--	31	36332	卖盘
14:49:22	11.72	-0.01	77	90244	卖盘
14:49:17	11.73	--	20	23460	买盘
14:49:12	11.73	--	17	19941	买盘
14:49:02	11.73	0.01	1	1173	买盘
14:48:57	11.72	--	13	15236	卖盘
14:48:52	11.72	--	9	10548	卖盘
14:48:41	11.72	-0.01	2	2344	卖盘
14:48:32	11.73	--	3	3519	买盘
14:48:26	11.73	0.01	70	82110	买盘
14:48:22	11.72	--	12	14064	卖盘
14:48:17	11.72	--	13	15236	卖盘
14:48:11	11.72	-0.01	13	15236	卖盘
14:48:07	11.73	0.01	33	38709	买盘
14:48:02	11.72	-0.01	10	11720	卖盘
14:47:56	11.73	--	5	5865	买盘
14:47:52	11.73	--	27	31671	买盘
14:47:47	11.73	--	65	76245	买盘
14:47:41	11.73	--	30	35190	买盘
14:47:22	11.73	--	23	26979	买盘
14:47:17	11.73	--	52	60996	卖盘
14:47:02	11.73	--	29	34017	卖盘
14:46:56	11.73	--	2	2346	卖盘
14:46:52	11.73	--	7	8211	卖盘
14:46:47	11.73	-0.01	62	72726	卖盘
14:46:41	11.74	0.01	20	23480	买盘
14:46:32	11.73	-0.01	21	24633	中性盘
14:46:26	11.74	0.01	11	12914	买盘
14:46:22	11.73	0.01	21	24633	中性盘
14:46:17	11.72	-0.01	74	86728	卖盘
14:46:11	11.73	0.01	17	19941	卖盘
14:46:07	11.72	--	0	0	卖盘
14:46:02	11.72	-0.02	45	52740	卖盘
14:45:56	11.74	0.01	20	23480	买盘
14:45:51	11.73	--	9	10557	买盘
14:45:47	11.73	--	75	87975	卖盘
14:45:41	11.73	--	34	39882	卖盘
14:45:36	11.73	-0.01	20	23460	卖盘
14:45:32	11.74	0.01	210	246540	买盘
14:45:26	11.73	--	27	31671	卖盘
14:45:17	11.73	--	5	5865	卖盘
14:45:06	11.73	-0.01	33	38709	卖盘
14:45:02	11.74	--	9	10566	买盘
14:44:51	11.74	-0.01	28	32872	卖盘
14:44:41	11.75	0.02	17	19975	买盘
14:44:36	11.73	--	55	64515	卖盘
14:44:32	11.73	-0.02	253	296769	卖盘
14:44:26	11.75	0.01	17	19975	买盘
14:44:21	11.74	--	39	45786	卖盘
14:44:17	11.74	--	66	77484	卖盘
14:44:11	11.74	0.01	23	27002	买盘
14:44:06	11.73	--	66	77418	卖盘
14:44:01	11.73	0.01	204	239292	买盘
14:43:51	11.72	-0.01	4	4688	卖盘
14:43:41	11.73	0.01	58	68034	买盘
14:43:36	11.72	-0.01	81	94932	卖盘
14:43:32	11.73	0.01	30	35190	买盘
14:43:21	11.72	-0.01	19	22268	卖盘
14:43:11	11.73	-0.01	16	18768	卖盘
14:43:06	11.74	0.01	95	111530	买盘
14:43:01	11.73	--	66	77418	卖盘
14:42:56	11.73	--	28	32844	卖盘
14:42:51	11.73	--	5	5865	卖盘
14:42:46	11.73	--	8	9384	卖盘
14:42:41	11.73	--	5	5865	卖盘
14:42:36	11.73	--	60	70380	卖盘
14:42:31	11.73	--	327	383571	买盘
14:42:26	11.73	--	50	58650	买盘
14:42:21	11.73	--	18	21114	买盘
14:42:11	11.73	--	94	110262	卖盘
14:42:05	11.73	-0.01	15	17595	卖盘
14:42:01	11.74	--	27	31698	买盘
14:41:46	11.74	--	17	19958	买盘
14:41:41	11.74	--	10	11740	买盘
14:41:35	11.74	-0.01	4	4696	卖盘
14:41:31	11.75	--	286	336637	买盘
14:41:20	11.75	0.01	17	19975	买盘
14:41:16	11.74	--	11	12914	卖盘
14:41:11	11.74	-0.01	67	78658	卖盘
14:41:01	11.75	--	89	105162	买盘
14:40:56	11.75	--	12	14100	买盘
14:40:50	11.75	--	18	21150	买盘
14:40:46	11.75	-0.01	41	48175	卖盘
14:40:41	11.76	0.01	91	107016	买盘
14:40:35	11.75	0.01	109	128075	买盘
14:40:31	11.74	-0.02	136	159664	卖盘
14:40:26	11.76	--	19	22344	买盘
14:40:20	11.76	0.01	56	65856	买盘
14:40:16	11.75	-0.01	5	5875	卖盘
14:40:11	11.76	0.01	475	558600	买盘
14:40:05	11.75	--	10	11750	卖盘
14:40:01	11.75	0.01	105	123962	买盘
14:39:56	11.74	--	64	75136	卖盘
14:39:50	11.74	--	7	8218	卖盘
14:39:46	11.74	-0.01	94	110356	卖盘
14:39:41	11.75	--	175	205625	买盘
14:39:35	11.75	--	350	411250	买盘
14:39:31	11.75	--	77	91062	买盘
14:39:26	11.75	--	72	84600	买盘
14:39:10	11.75	0.01	20	23500	买盘
14:39:05	11.74	0.01	24	28176	卖盘
14:39:00	11.73	-0.02	47	55717	卖盘
14:38:55	11.75	--	20	23500	买盘
14:38:50	11.75	0.02	26	30550	买盘
14:38:45	11.73	-0.01	32	37536	卖盘
14:38:40	11.74	--	27	31698	买盘
14:38:35	11.74	0.01	23	27002	买盘
14:38:30	11.73	-0.02	7	8797	卖盘
14:38:26	11.75	0.01	889	1044575	买盘
14:38:20	11.74	0.02	17	19958	买盘
14:38:15	11.72	-0.01	56	65632	卖盘
14:38:11	11.73	--	30	35190	卖盘
14:38:00	11.73	0.02	112	131962	买盘
14:37:50	11.71	--	0	0	卖盘
14:37:45	11.71	-0.02	35	40985	卖盘
14:37:41	11.73	--	0	0	买盘
14:37:35	11.73	0.02	901	1056873	买盘
14:37:30	11.71	-0.02	88	103633	卖盘
14:37:26	11.73	0.01	17	19941	买盘
14:37:15	11.72	--	1	1172	卖盘
14:37:10	11.72	0.01	12	14064	买盘
14:37:00	11.71	--	24	28689	卖盘
14:36:55	11.71	--	0	0	卖盘
14:36:50	11.71	-0.02	32	37472	卖盘
14:36:41	11.73	--	0	0	买盘
14:36:35	11.73	0.02	18	21114	买盘
14:36:30	11.71	-0.01	7	8782	卖盘
14:36:25	11.72	-0.01	18	21096	卖盘
14:36:20	11.73	0.01	17	19941	买盘
14:36:15	11.72	-0.01	21	24612	卖盘
14:36:10	11.73	0.01	150	175950	买盘
14:36:00	11.72	--	24	28714	卖盘
14:35:55	11.72	--	80	93760	卖盘
14:35:44	11.72	--	26	30472	卖盘
14:35:35	11.72	--	303	355702	买盘
14:35:29	11.72	--	10	11720	买盘
14:35:20	11.72	0.01	18	21096	买盘
14:35:14	11.71	-0.01	1	1171	卖盘
14:35:10	11.72	0.01	23	26956	买盘
14:35:05	11.71	-0.01	89	104804	卖盘
14:34:59	11.72	0.01	17	19924	买盘
14:34:55	11.71	-0.01	130	152230	卖盘
14:34:44	11.72	--	37	43364	买盘
14:34:35	11.72	-0.01	18	21682	买盘
14:34:25	11.73	0.01	17	19941	买盘
14:34:14	11.72	-0.01	42	49224	卖盘
14:34:10	11.73	0.02	155	181815	买盘
14:34:05	11.71	-0.01	122	143447	卖盘
14:33:59	11.72	--	51	59772	卖盘
14:33:55	11.72	--	16	18752	卖盘
14:33:44	11.72	--	5	5860	卖盘
14:33:40	11.72	--	22	25784	卖盘
14:33:35	11.72	--	43	50982	卖盘
14:33:29	11.72	-0.01	20	23440	卖盘
14:33:25	11.73	--	17	19941	买盘
14:33:20	11.73	0.01	31	36363	买盘
14:33:14	11.72	--	15	17580	卖盘
14:33:10	11.72	--	8	9376	卖盘
14:33:05	11.72	-0.01	58	68562	卖盘
14:32:59	11.73	0.01	6	7038	买盘
14:32:54	11.72	--	1	1172	卖盘
14:32:50	11.72	--	26	30472	卖盘
14:32:44	11.72	0.01	46	53912	买盘
14:32:39	11.71	--	4	4684	卖盘
14:32:35	11.71	--	7	8782	卖盘
14:32:29	11.71	--	83	97778	买盘
14:32:24	11.71	--	42	49182	买盘
14:32:19	11.71	-0.01	126	148131	卖盘
14:32:14	11.72	0.01	55	64460	买盘
14:32:09	11.71	-0.01	18	21078	卖盘
14:32:05	11.72	0.01	229	268974	买盘
14:31:59	11.71	--	20	23420	卖盘
14:31:54	11.71	--	29	33959	卖盘
14:31:49	11.71	--	8	9368	买盘
14:31:44	11.71	--	3	3513	卖盘
14:31:39	11.71	0.01	40	46840	买盘
14:31:35	11.7	-0.01	7	8775	卖盘
14:31:19	11.71	0.01	60	70260	买盘
14:31:09	11.7	--	4	4680	买盘
14:31:05	11.7	--	29	34515	买盘
14:30:54	11.7	--	34	39780	卖盘
14:30:49	11.7	-0.01	2	2340	卖盘
14:30:44	11.71	0.01	129	151059	买盘
14:30:39	11.7	0.01	17	19890	买盘
14:30:34	11.69	--	7	8767	卖盘
14:30:19	11.69	-0.01	8	9352	卖盘
14:30:14	11.7	0.01	40	46800	买盘
14:30:09	11.69	--	2	2338	卖盘
14:30:04	11.69	--	7	8767	卖盘
14:29:54	11.69	-0.01	50	58450	卖盘
14:29:49	11.7	0.01	139	162630	买盘
14:29:44	11.69	--	5	5845	卖盘
14:29:39	11.69	--	27	32147	卖盘
14:29:04	11.69	-0.01	167	195807	卖盘
14:28:38	11.7	0.01	62	72540	买盘
14:28:34	11.69	-0.01	50	59034	卖盘
14:28:23	11.7	--	1	1170	买盘
14:28:19	11.7	--	9	11115	卖盘
14:28:14	11.7	--	39	45630	卖盘
14:28:08	11.7	--	7	8775	卖盘
14:27:59	11.7	--	344	402480	买盘
14:27:44	11.7	0.01	2	2340	买盘
14:27:34	11.69	--	7	8767	卖盘
14:27:23	11.69	--	1	1169	卖盘
14:27:19	11.69	--	16	18704	卖盘
14:27:14	11.69	--	2	2338	卖盘
14:27:08	11.69	-0.01	7	8767	卖盘
14:26:59	11.7	0.01	12	14040	买盘
14:26:44	11.69	-0.01	15	17535	卖盘
14:26:38	11.7	--	39	46215	买盘
14:26:29	11.7	--	30	35100	买盘
14:26:14	11.7	0.01	9	10530	买盘
14:26:08	11.69	--	7	8767	卖盘
14:25:58	11.69	--	35	41499	买盘
14:25:48	11.69	--	10	11690	买盘
14:25:43	11.69	0.01	12	14028	买盘
14:25:38	11.68	-0.01	7	8760	卖盘
14:25:33	11.69	--	8	9352	买盘
14:25:28	11.69	-0.01	47	55527	卖盘
14:25:23	11.7	0.01	8	9360	买盘
14:25:08	11.69	--	7	8767	卖盘
14:24:58	11.69	--	404	472276	买盘
14:24:48	11.69	--	5	5845	买盘
14:24:43	11.69	0.01	8	9352	买盘
14:24:38	11.68	-0.01	7	8760	卖盘
14:24:33	11.69	--	62	72478	卖盘
14:24:28	11.69	-0.02	15	17535	卖盘
14:24:18	11.71	0.01	8	9368	买盘
14:24:13	11.7	--	0	0	卖盘
14:24:08	11.7	-0.01	22	26325	卖盘
14:24:03	11.71	--	30	35130	买盘
14:23:58	11.71	0.01	1	1171	买盘
14:23:53	11.7	--	10	11700	卖盘
14:23:48	11.7	--	1	1170	卖盘
14:23:43	11.7	--	1	1544	卖盘
14:23:38	11.7	--	63	74295	买盘
14:23:33	11.7	0.01	8	9360	中性盘
14:23:28	11.69	0.01	104	121576	卖盘
14:23:23	11.68	--	0	0	卖盘
14:23:13	11.68	--	5	5840	卖盘
14:23:08	11.68	--	7	8760	卖盘
14:23:03	11.68	--	0	116	卖盘
14:22:58	11.68	--	5	5840	买盘
14:22:53	11.68	--	39	45552	买盘
14:22:47	11.68	--	50	58400	买盘
14:22:43	11.68	--	151	176368	卖盘
14:22:38	11.68	-0.02	7	8760	卖盘
14:22:32	11.7	--	60	70200	买盘
14:22:28	11.7	--	8	9360	买盘
14:22:17	11.7	0.02	160	187200	买盘
14:22:13	11.68	--	30	35040	卖盘
14:22:08	11.68	--	27	32120	卖盘
14:21:58	11.68	--	40	46720	买盘
14:21:53	11.68	0.01	47	54896	买盘
14:21:47	11.67	-0.01	12	14004	卖盘
14:21:43	11.68	--	45	52560	买盘
14:21:38	11.68	--	30	35040	买盘
14:21:32	11.68	0.01	26	30368	买盘
14:21:23	11.67	-0.01	1	1167	卖盘
14:21:17	11.68	--	32	37376	买盘
14:21:08	11.68	--	5	5840	买盘
14:21:02	11.68	0.01	310	362080	买盘
14:20:58	11.67	-0.01	87	101529	卖盘
14:20:53	11.68	0.01	124	145789	买盘
14:20:47	11.67	-0.01	27	31509	卖盘
14:20:43	11.68	-0.01	294	343392	卖盘
14:20:38	11.69	--	0	0	中性盘
14:20:32	11.69	0.01	14	16366	买盘
14:20:28	11.68	-0.01	1	1168	卖盘
14:20:17	11.69	--	0	0	买盘
14:20:13	11.69	0.01	41	47929	买盘
14:20:02	11.68	--	3	3504	买盘
14:19:57	11.68	-0.01	406	474208	卖盘
14:19:53	11.69	--	10	11690	卖盘
14:19:42	11.69	--	26	30394	买盘
14:19:32	11.69	--	3	3507	买盘
14:19:22	11.69	--	24	28056	卖盘
14:19:17	11.69	--	2	2338	卖盘
14:19:12	11.69	0.01	14	16366	卖盘
14:18:57	11.68	--	24	28032	卖盘
14:18:52	11.68	-0.01	30	35040	卖盘
14:18:47	11.69	0.01	88	102872	买盘
14:18:37	11.68	--	7	8176	卖盘
14:18:27	11.68	-0.01	2	2336	卖盘
14:18:22	11.69	0.01	13	15197	买盘
14:18:07	11.68	--	45	52560	卖盘
14:18:02	11.68	--	4	4672	卖盘
14:17:57	11.68	--	1	1168	卖盘
14:17:52	11.68	--	41	47888	卖盘
14:17:47	11.68	--	6	7008	卖盘
14:17:42	11.68	--	129	150672	卖盘
14:17:37	11.68	--	170	198560	卖盘
14:17:32	11.68	--	40	46720	卖盘
14:17:27	11.68	-0.01	10	11680	卖盘
14:17:17	11.69	--	67	78323	卖盘
14:17:12	11.69	--	25	29225	卖盘
14:17:07	11.69	--	17	19873	卖盘
14:17:02	11.69	--	5	5845	卖盘
14:16:52	11.69	-0.01	107	125083	卖盘
14:16:42	11.7	0.01	16	18720	买盘
14:16:37	11.69	-0.01	10	11690	卖盘
14:16:22	11.7	--	62	72540	卖盘
14:16:17	11.7	--	29	33930	卖盘
14:16:11	11.7	--	24	28080	卖盘
14:16:07	11.7	--	200	234000	卖盘
14:16:02	11.7	--	30	35100	卖盘
14:15:52	11.7	--	1	1170	卖盘
14:15:47	11.7	--	17	19890	卖盘
14:15:37	11.7	--	32	37440	卖盘
14:15:32	11.7	--	57	66690	卖盘
14:15:22	11.7	-0.01	6	7020	卖盘
14:14:56	11.71	--	6	7026	卖盘
14:14:52	11.71	--	9	10539	卖盘
14:14:41	11.71	--	1	1171	卖盘
14:14:32	11.71	--	2	2342	卖盘
14:14:26	11.71	--	22	25762	卖盘
14:14:22	11.71	--	5	5855	卖盘
14:14:17	11.71	--	14	16394	买盘
14:14:07	11.71	--	10	11710	买盘
14:13:56	11.71	-0.01	80	93680	卖盘
14:13:52	11.72	--	5	5860	买盘
14:13:47	11.72	0.01	10	11720	买盘
14:13:41	11.71	--	10	11710	卖盘
14:13:36	11.71	-0.01	6	7026	卖盘
14:13:32	11.72	0.01	4	4688	买盘
14:13:26	11.71	-0.01	100	117100	卖盘
14:13:21	11.72	--	80	93760	买盘
14:13:16	11.72	-0.01	15	17580	卖盘
14:12:51	11.73	--	0	0	买盘
14:12:46	11.73	0.01	20	23460	买盘
14:12:41	11.72	--	5	5860	卖盘
14:12:36	11.72	--	6	7032	买盘
14:12:31	11.72	--	0	0	中性盘
14:12:26	11.72	--	5	5860	卖盘
14:12:21	11.72	--	50	58600	卖盘
14:12:16	11.72	-0.01	30	35160	卖盘
14:12:06	11.73	0.01	48	56304	买盘
14:12:01	11.72	--	3	3516	卖盘
14:11:56	11.72	--	4	4688	卖盘
14:11:51	11.72	--	4	4688	卖盘
14:11:46	11.72	0.01	106	124232	买盘
14:11:36	11.71	-0.01	10	11710	卖盘
14:11:31	11.72	--	55	64460	买盘
14:11:21	11.72	--	19	22268	买盘
14:11:16	11.72	--	24	28128	买盘
14:11:11	11.72	--	103	120716	买盘
14:11:06	11.72	--	0	0	买盘
14:11:01	11.72	0.01	250	293000	买盘
14:10:51	11.71	--	20	23420	买盘
14:10:46	11.71	-0.01	43	50353	卖盘
14:10:36	11.72	--	2	2344	买盘
14:10:31	11.72	0.01	120	140640	买盘
14:10:26	11.71	--	13	15223	卖盘
14:10:16	11.71	-0.01	2	2342	卖盘
14:10:11	11.72	--	0	0	买盘
14:10:01	11.72	--	4	4688	买盘
14:09:56	11.72	--	0	0	买盘
14:09:46	11.72	0.01	316	370352	买盘
14:09:41	11.71	--	5	5855	卖盘
14:09:35	11.71	--	3	3513	卖盘
14:09:26	11.71	--	3	3513	卖盘
14:09:16	11.71	--	17	19907	卖盘
14:09:11	11.71	--	20	23420	卖盘
14:09:05	11.71	--	4	4684	卖盘
14:09:01	11.71	--	10	11710	卖盘
14:08:56	11.71	--	10	11710	卖盘
14:08:50	11.71	--	10	11710	卖盘
14:08:41	11.71	--	50	58550	卖盘
14:08:31	11.71	-0.01	300	351300	卖盘
14:08:26	11.72	--	10	11720	买盘
14:08:11	11.72	--	11	12892	买盘
14:07:50	11.72	--	15	17580	买盘
14:07:35	11.72	--	135	158220	买盘
14:07:26	11.72	--	10	11720	买盘
14:07:20	11.72	--	50	58600	卖盘
14:07:16	11.72	--	69	80868	卖盘
14:07:00	11.72	--	11	12892	卖盘
14:06:56	11.72	-0.01	32	37504	卖盘
14:06:50	11.73	0.01	6	7038	买盘
14:06:45	11.72	-0.01	10	11720	卖盘
14:06:40	11.73	0.01	20	23460	买盘
14:06:30	11.72	--	18	21096	买盘
14:06:25	11.72	0.01	35	41020	买盘
14:06:20	11.71	-0.01	3	3513	卖盘
14:06:10	11.72	0.01	330	386760	买盘
14:06:00	11.71	--	14	16394	卖盘
14:05:45	11.71	--	16	18736	卖盘
14:05:40	11.71	--	3	3513	买盘
14:05:35	11.71	--	10	11710	买盘
14:05:25	11.71	0.01	100	117100	买盘
14:05:15	11.7	-0.01	5	5850	卖盘
14:05:10	11.71	-0.01	55	64405	卖盘
14:04:55	11.72	--	2	2344	买盘
14:04:30	11.72	--	38	44536	买盘
14:04:20	11.72	-0.01	50	58600	卖盘
14:04:15	11.73	0.01	10	11730	买盘
14:04:10	11.72	-0.01	70	82040	卖盘
14:04:05	11.73	0.01	15	17595	买盘
14:04:00	11.72	-0.01	10	11720	卖盘
14:03:50	11.73	0.01	8	9384	买盘
14:03:45	11.72	--	12	14064	卖盘
14:03:40	11.72	-0.01	10	11720	卖盘
14:03:35	11.73	0.01	118	138414	买盘
14:03:25	11.72	--	68	79696	卖盘
14:03:20	11.72	--	14	16408	卖盘
14:03:10	11.72	--	40	46880	卖盘
14:03:05	11.72	--	42	49224	买盘
14:02:55	11.72	--	2	2344	买盘
14:02:50	11.72	0.01	5	5860	买盘
14:02:40	11.71	-0.01	89	104219	卖盘
14:02:35	11.72	--	14	16408	买盘
14:02:29	11.72	--	36	42192	卖盘
14:02:25	11.72	--	79	92588	卖盘
14:02:20	11.72	--	5	5860	卖盘
14:02:10	11.72	--	8	9376	卖盘
14:02:05	11.72	0.01	50	58600	买盘
14:01:59	11.71	--	100	117100	卖盘
14:01:55	11.71	-0.01	1	1171	卖盘
14:01:44	11.72	--	14	16408	买盘
14:01:40	11.72	--	92	107824	买盘
14:01:35	11.72	--	35	41020	买盘
14:01:20	11.72	--	58	67976	买盘
14:01:10	11.72	--	60	70320	买盘
14:00:59	11.72	0.01	17	19924	买盘
14:00:55	11.71	-0.01	75	87825	卖盘
14:00:39	11.72	0.01	23	26956	买盘
14:00:35	11.71	-0.01	9	10539	卖盘
14:00:19	11.72	--	15	17580	买盘
14:00:09	11.72	0.01	23	26956	买盘
14:00:04	11.71	--	22	25762	卖盘
13:59:54	11.71	-0.01	19	22249	卖盘
13:59:49	11.72	0.01	9	10548	买盘
13:59:39	11.71	--	2	2342	卖盘
13:59:34	11.71	--	11	12881	卖盘
13:59:29	11.71	--	13	15223	卖盘
13:59:19	11.71	--	27	31617	卖盘
13:59:14	11.71	--	26	30446	卖盘
13:58:59	11.71	--	1	1171	卖盘
13:58:54	11.71	--	93	108903	卖盘
13:58:49	11.71	--	30	35130	卖盘
13:58:44	11.71	--	7	8197	卖盘
13:58:29	11.71	--	25	29275	卖盘
13:58:24	11.71	--	3	3513	卖盘
13:58:09	11.71	--	5	5855	卖盘
13:58:04	11.71	--	42	49182	买盘
13:57:34	11.71	0.01	42	49182	买盘
13:57:19	11.7	-0.01	27	31589	卖盘
13:57:08	11.71	--	3	3513	卖盘
13:56:59	11.71	--	10	11710	卖盘
13:56:49	11.71	--	62	72602	卖盘
13:56:44	11.71	--	1	1171	卖盘
13:56:04	11.71	-0.01	1	1171	卖盘
13:55:59	11.72	0.01	9	10548	买盘
13:55:44	11.71	-0.01	11	12881	卖盘
13:55:34	11.72	0.01	14	16408	买盘
13:55:29	11.71	--	96	112416	卖盘
13:55:19	11.71	--	1	1171	卖盘
13:55:14	11.71	--	178	208438	买盘
13:54:59	11.71	0.01	40	46840	买盘
13:54:49	11.7	--	1	1170	卖盘
13:54:38	11.7	-0.01	35	40950	卖盘
13:54:34	11.71	--	30	35130	买盘
13:54:29	11.71	--	35	40985	买盘
13:54:23	11.71	0.01	46	53866	买盘
13:54:14	11.7	--	10	11700	卖盘
13:54:03	11.7	--	30	35100	卖盘
13:53:59	11.7	--	22	25740	卖盘
13:53:53	11.7	--	11	12870	卖盘
13:53:43	11.7	--	61	71370	卖盘
13:53:38	11.7	--	20	23400	卖盘
13:53:33	11.7	--	2	2340	卖盘
13:52:58	11.7	--	2	2340	卖盘
13:52:53	11.7	-0.01	40	46800	卖盘
13:52:48	11.71	--	75	87825	买盘
13:52:43	11.71	0.01	6	7026	买盘
13:52:38	11.7	--	10	11700	卖盘
13:52:33	11.7	--	5	5850	卖盘
13:52:28	11.7	--	69	80730	卖盘
13:52:23	11.7	--	9	10530	卖盘
13:52:18	11.7	--	2	2340	卖盘
13:52:13	11.7	--	220	257399	卖盘
13:52:08	11.7	--	5	5850	卖盘
13:51:53	11.7	--	70	81900	卖盘
13:51:43	11.7	-0.01	8	9360	卖盘
13:51:38	11.71	0.01	30	35130	买盘
13:51:33	11.7	-0.01	85	99450	卖盘
13:51:18	11.71	--	1	1171	买盘
13:51:13	11.71	--	22	25762	卖盘
13:50:58	11.71	-0.02	20	23420	卖盘
13:50:48	11.73	--	22	25806	买盘
13:50:38	11.73	--	20	23460	买盘
13:50:32	11.73	-0.01	84	98532	卖盘
13:50:28	11.74	-0.01	20	23480	买盘
13:50:23	11.75	0.01	10	11750	买盘
13:50:17	11.74	--	18	21132	卖盘
13:50:13	11.74	-0.01	11	12914	卖盘
13:49:58	11.75	--	100	117711	卖盘
13:49:53	11.75	--	51	59925	卖盘
13:49:47	11.75	--	120	141000	卖盘
13:49:43	11.75	-0.01	114	133950	卖盘
13:49:38	11.76	--	40	47040	买盘
13:49:32	11.76	--	20	23520	买盘
13:49:23	11.76	--	57	67032	卖盘
13:49:17	11.76	0.02	10	11760	卖盘
13:49:13	11.74	-0.02	209	245366	卖盘
13:49:08	11.76	0.01	95	111720	买盘
13:49:02	11.75	-0.01	5	5875	中性盘
13:48:58	11.76	0.01	306	359856	买盘
13:48:53	11.75	--	23	27025	卖盘
13:48:47	11.75	--	20	23500	卖盘
13:48:43	11.75	0.01	371	436888	买盘
13:48:38	11.74	-0.01	21	24654	卖盘
13:48:28	11.75	0.01	107	125725	买盘
13:48:17	11.74	--	15	17610	卖盘
13:48:13	11.74	--	95	111530	买盘
13:48:08	11.74	0.01	5	5870	买盘
13:47:58	11.73	0.02	41	48093	卖盘
13:47:53	11.71	--	0	0	卖盘
13:47:42	11.71	0.01	85	99535	中性盘
13:47:38	11.7	--	0	0	卖盘
13:47:32	11.7	-0.05	1	1170	卖盘
13:47:27	11.75	0.03	2600	3055000	买盘
13:47:22	11.72	--	4	4688	买盘
13:47:12	11.72	--	36	42402	卖盘
13:47:07	11.72	--	527	617644	卖盘
13:47:02	11.72	--	105	123060	卖盘
13:46:52	11.72	-0.01	22	25784	卖盘
13:46:47	11.73	--	52	60996	买盘
13:46:42	11.73	--	49	57477	买盘
13:46:37	11.73	0.01	138	161874	买盘
13:46:22	11.72	--	8	9376	卖盘
13:46:17	11.72	0.03	702	823705	买盘
13:46:07	11.69	-0.01	15	17535	卖盘
13:45:47	11.7	--	10	11700	买盘
13:45:37	11.7	--	10	11700	买盘
13:45:27	11.7	--	128	149760	买盘
13:45:22	11.7	0.01	10	11700	买盘
13:45:17	11.69	-0.01	4	4676	卖盘
13:45:12	11.7	0.01	10	11700	买盘
13:45:02	11.69	-0.01	32	37408	卖盘
13:44:57	11.7	0.01	44	51480	买盘
13:44:42	11.69	--	11	12859	卖盘
13:44:37	11.69	-0.01	6	7014	卖盘
13:44:27	11.7	0.01	155	181350	买盘
13:44:22	11.69	--	81	94689	卖盘
13:44:17	11.69	--	4	4676	卖盘
13:44:11	11.69	--	3	3507	卖盘
13:44:07	11.69	--	10	11690	卖盘
13:44:02	11.69	--	40	46760	买盘
13:43:56	11.69	--	3	3507	买盘
13:43:52	11.69	--	3	3507	卖盘
13:43:47	11.69	--	20	23380	卖盘
13:43:41	11.69	--	2	2338	卖盘
13:43:32	11.69	--	18	21042	买盘
13:43:26	11.69	--	2	2338	买盘
13:43:22	11.69	--	6	7014	买盘
13:43:17	11.69	--	7	8183	卖盘
13:43:02	11.69	--	3	3507	买盘
13:42:52	11.69	--	7	8183	卖盘
13:42:47	11.69	-0.01	43	50267	卖盘
13:42:32	11.7	0.02	50	58500	买盘
13:42:22	11.68	-0.02	5	5840	卖盘
13:42:17	11.7	0.01	26	30419	买盘
13:42:07	11.69	-0.01	78	91392	卖盘
13:42:02	11.7	--	23	26910	买盘
13:41:47	11.7	0.01	27	31589	买盘
13:41:41	11.69	--	13	15197	卖盘
13:41:32	11.69	-0.01	71	82999	卖盘
13:41:26	11.7	0.01	19	22230	买盘
13:41:22	11.69	--	2	2338	卖盘
13:41:17	11.69	--	5	6803	卖盘
13:41:11	11.69	--	20	23380	卖盘
13:41:06	11.69	--	8	9352	卖盘
13:41:02	11.69	--	17	19873	卖盘
13:40:56	11.69	-0.01	2	2338	卖盘
13:40:46	11.7	0.01	151	176670	买盘
13:40:26	11.69	0.01	5	5845	卖盘
13:40:16	11.68	-0.01	136	158848	卖盘
13:40:06	11.69	0.01	257	300433	买盘
13:40:01	11.68	--	28	32704	卖盘
13:39:31	11.68	--	80	93440	卖盘
13:39:16	11.68	0.01	209	244112	买盘
13:39:01	11.67	--	44	51348	买盘
13:38:56	11.67	--	10	11670	买盘
13:38:51	11.67	--	6	7002	买盘
13:38:41	11.67	--	10	11670	买盘
13:38:36	11.67	0.01	11	12837	买盘
13:38:26	11.66	--	11	12826	卖盘
13:38:21	11.66	--	5	5830	卖盘
13:38:06	11.66	--	20	23320	卖盘
13:37:46	11.66	--	5	5830	卖盘
13:37:20	11.66	-0.01	79	92114	卖盘
13:37:16	11.67	0.01	14	16676	买盘
13:37:11	11.66	-0.01	25	29150	卖盘
13:36:46	11.67	--	53	61851	买盘
13:36:41	11.67	--	8	9336	买盘
13:36:31	11.67	--	3	3501	买盘
13:36:25	11.67	--	48	56844	卖盘
13:36:16	11.67	--	17	19839	卖盘
13:36:11	11.67	--	3	3501	卖盘
13:36:01	11.67	0.01	1	1167	卖盘
13:35:56	11.66	-0.02	67	78122	卖盘
13:35:50	11.68	0.01	4	4672	中性盘
13:35:46	11.67	-0.01	67	78189	卖盘
13:35:41	11.68	0.01	29	34210	买盘
13:35:31	11.67	--	101	117867	卖盘
13:35:26	11.67	-0.01	10	11670	卖盘
13:35:20	11.68	0.01	10	11680	买盘
13:35:16	11.67	-0.01	1089	1270863	卖盘
13:35:01	11.68	--	8	9344	买盘
13:34:45	11.68	--	8	9344	买盘
13:34:41	11.68	--	236	276477	卖盘
13:34:35	11.68	--	44	51392	卖盘
13:34:25	11.68	-0.01	4	4672	卖盘
13:34:20	11.69	0.01	6	7014	买盘
13:34:15	11.68	-0.01	9	10512	卖盘
13:34:10	11.69	--	52	60788	买盘
13:33:50	11.69	--	4	4676	买盘
13:33:45	11.69	0.01	10	11690	买盘
13:33:40	11.68	-0.01	193	225424	卖盘
13:33:35	11.69	--	31	36239	卖盘
13:33:30	11.69	--	29	33901	卖盘
13:33:20	11.69	-0.01	5	5845	卖盘
13:33:15	11.7	0.01	32	37440	买盘
13:33:10	11.69	--	175	204575	卖盘
13:33:05	11.69	--	12	14028	卖盘
13:33:00	11.69	--	8	9352	卖盘
13:32:55	11.69	--	15	17535	卖盘
13:32:50	11.69	--	1	1169	卖盘
13:32:45	11.69	--	5	5845	卖盘
13:32:40	11.69	-0.01	45	52605	卖盘
13:32:30	11.7	0.01	205	239849	买盘
13:32:10	11.69	-0.01	4	4676	卖盘
13:32:00	11.7	0.01	17	19890	买盘
13:31:55	11.69	-0.01	20	23380	卖盘
13:31:50	11.7	--	10	11700	买盘
13:31:45	11.7	--	21	24570	买盘
13:31:35	11.7	--	191	223470	买盘
13:31:30	11.7	0.01	12	14040	买盘
13:31:25	11.69	-0.01	48	56112	卖盘
13:31:10	11.7	--	2	2340	买盘
13:31:04	11.7	0.01	4	4680	买盘
13:30:44	11.69	-0.01	10	11690	卖盘
13:30:35	11.7	0.01	40	46800	买盘
13:30:29	11.69	-0.01	27	31563	卖盘
13:30:25	11.7	--	3	3510	买盘
13:30:10	11.7	0.01	41	47970	买盘
13:30:05	11.69	--	2	2338	卖盘
13:29:59	11.69	--	20	23380	卖盘
13:29:55	11.69	--	17	19873	卖盘
13:29:25	11.69	-0.01	1	1169	卖盘
13:29:20	11.7	0.01	20	23400	买盘
13:29:10	11.69	-0.01	41	47929	卖盘
13:29:05	11.7	0.01	17	19890	买盘
13:28:29	11.69	--	1	1169	卖盘
13:28:20	11.69	--	33	38577	买盘
13:28:09	11.69	--	67	78323	卖盘
13:28:04	11.69	--	4	4676	卖盘
13:27:54	11.69	0.01	41	47929	买盘
13:27:34	11.68	-0.01	5	5840	卖盘
13:27:29	11.69	0.01	27	32451	买盘
13:27:24	11.68	--	13	15184	卖盘
13:27:19	11.68	--	12	14016	卖盘
13:27:04	11.68	--	4	4672	卖盘
13:26:54	11.68	--	184	214912	卖盘
13:26:44	11.68	-0.01	52	60736	卖盘
13:26:39	11.69	0.01	35	40915	买盘
13:26:34	11.68	-0.01	16	18688	卖盘
13:26:29	11.69	--	21	24549	买盘
13:26:24	11.69	0.01	82	95858	买盘
13:26:19	11.68	-0.01	101	117968	卖盘
13:26:04	11.69	0.01	162	189378	买盘
13:25:59	11.68	--	8	9344	卖盘
13:25:54	11.68	--	23	26864	卖盘
13:25:44	11.68	--	1	1168	卖盘
13:25:39	11.68	--	31	36208	卖盘
13:25:29	11.68	--	11	12848	卖盘
13:25:24	11.68	--	34	39712	卖盘
13:25:14	11.68	--	130	151840	卖盘
13:25:09	11.68	--	4	4672	卖盘
13:25:04	11.68	--	62	72416	卖盘
13:24:49	11.68	--	20	23360	卖盘
13:24:44	11.68	--	34	39712	卖盘
13:24:38	11.68	--	5	5840	卖盘
13:24:34	11.68	--	10	11680	卖盘
13:24:29	11.68	--	0	0	卖盘
13:24:19	11.68	-0.01	256	299008	卖盘
13:24:14	11.69	0.01	21	25168	买盘
13:24:08	11.68	-0.01	5	5840	卖盘
13:23:59	11.69	-0.01	38	44971	卖盘
13:23:53	11.7	0.01	28	32759	买盘
13:23:49	11.69	--	23	26887	卖盘
13:23:44	11.69	--	61	71309	卖盘
13:23:38	11.69	--	35	40915	卖盘
13:23:34	11.69	--	39	45591	卖盘
13:23:14	11.69	--	1	1169	卖盘
13:22:49	11.69	-0.01	49	57281	卖盘
13:22:44	11.7	--	42	49140	买盘
13:22:34	11.7	--	14	16379	买盘
13:22:29	11.7	--	44	51480	卖盘
13:22:23	11.7	--	8	9360	卖盘
13:22:19	11.7	--	97	113490	卖盘
13:22:14	11.7	--	56	66140	买盘
13:21:59	11.7	--	30	35649	卖盘
13:21:53	11.7	--	12	14040	卖盘
13:21:48	11.7	--	10	11700	卖盘
13:21:43	11.7	--	1	1170	卖盘
13:21:38	11.7	--	5	5850	卖盘
13:21:33	11.7	--	2	2340	卖盘
13:21:28	11.7	--	43	50310	卖盘
13:21:23	11.7	--	35	41570	买盘
13:21:18	11.7	--	30	35100	买盘
13:21:08	11.7	--	50	58500	买盘
13:20:53	11.7	--	104	122229	卖盘
13:20:48	11.7	--	51	59670	卖盘
13:20:33	11.7	--	20	23400	卖盘
13:20:28	11.7	--	5	5850	卖盘
13:20:23	11.7	0.02	155	181970	买盘
13:20:13	11.68	--	0	0	卖盘
13:20:03	11.68	-0.02	2	2336	卖盘
13:19:53	11.7	--	0	0	买盘
13:19:48	11.7	0.01	287	335790	买盘
13:19:43	11.69	--	41	48478	卖盘
13:19:38	11.69	--	10	11690	卖盘
13:19:33	11.69	--	4	4676	卖盘
13:19:28	11.69	--	122	143237	买盘
13:19:18	11.69	0.01	38	44422	买盘
13:19:13	11.68	-0.01	10	11680	卖盘
13:19:08	11.69	0.01	108	126252	买盘
13:19:03	11.68	--	37	43216	卖盘
13:18:58	11.68	-0.01	3	3504	卖盘
13:18:53	11.69	--	20	23380	买盘
13:18:48	11.69	0.01	15	17535	买盘
13:18:43	11.68	-0.01	253	295504	卖盘
13:18:38	11.69	--	24	28056	买盘
13:18:33	11.69	--	1	1169	买盘
13:18:28	11.69	--	10	11690	买盘
13:18:23	11.69	--	111	130308	卖盘
13:18:13	11.69	-0.01	42	49098	卖盘
13:18:08	11.7	0.01	10	11700	买盘
13:18:02	11.69	--	11	12859	卖盘
13:17:58	11.69	-0.01	20	23380	卖盘
13:17:53	11.7	--	88	102960	卖盘
13:17:43	11.7	--	4	4680	卖盘
13:17:38	11.7	--	103	120509	买盘
13:17:28	11.7	0.01	19	22230	买盘
13:17:23	11.69	--	60	70140	卖盘
13:17:17	11.69	--	4	4676	卖盘
13:17:08	11.69	--	24	28056	卖盘
13:17:02	11.69	--	18	21042	卖盘
13:16:58	11.69	--	53	61957	卖盘
13:16:53	11.69	-0.01	1	1169	卖盘
13:16:47	11.7	--	6	7020	买盘
13:16:38	11.7	0.01	9	10530	中性盘
13:16:32	11.69	-0.01	13	15197	卖盘
13:16:28	11.7	--	73	85410	卖盘
13:16:23	11.7	-0.01	36	42120	卖盘
13:16:17	11.71	0.01	35	40985	买盘
13:16:13	11.7	--	15	17550	卖盘
13:16:08	11.7	--	49	57330	卖盘
13:15:58	11.7	--	11	12870	卖盘
13:15:53	11.7	--	12	14040	卖盘
13:15:47	11.7	--	5	5850	卖盘
13:15:43	11.7	--	28	33380	卖盘
13:15:38	11.7	--	1	1170	卖盘
13:15:32	11.7	--	15	17550	卖盘
13:15:27	11.7	-0.02	15	17550	卖盘
13:15:22	11.72	--	10	11720	买盘
13:15:17	11.72	0.02	2	2344	买盘
13:15:12	11.7	-0.02	135	157950	卖盘
13:15:07	11.72	0.01	122	142984	买盘
13:15:02	11.71	--	37	43327	卖盘
13:14:52	11.71	--	46	53866	卖盘
13:14:47	11.71	-0.01	8	9368	卖盘
13:14:42	11.72	--	76	89072	买盘
13:14:37	11.72	--	49	57428	买盘
13:14:32	11.72	0.01	30	35160	买盘
13:14:27	11.71	-0.01	3	3513	卖盘
13:14:17	11.72	--	43	50396	卖盘
13:14:12	11.72	--	36	42192	卖盘
13:14:02	11.72	0.01	173	202756	买盘
13:13:57	11.71	--	16	18736	卖盘
13:13:52	11.71	0.01	35	40985	中性盘
13:13:47	11.7	-0.01	40	46800	卖盘
13:13:42	11.71	0.01	22	25762	买盘
13:13:37	11.7	-0.02	26	30419	卖盘
13:13:27	11.72	--	0	0	买盘
13:13:22	11.72	0.01	10	11720	买盘
13:13:17	11.71	-0.01	123	144033	卖盘
13:13:12	11.72	0.01	24	28128	买盘
13:12:57	11.71	-0.01	74	86654	卖盘
13:12:47	11.72	--	40	46880	买盘
13:12:32	11.72	-0.01	6	7032	卖盘
13:12:27	11.73	0.01	32	37536	买盘
13:12:22	11.72	--	23	26956	卖盘
13:12:07	11.72	-0.01	60	70320	卖盘
13:11:57	11.73	--	23	26979	买盘
13:11:47	11.73	--	57	66861	买盘
13:11:41	11.73	--	2	2346	买盘
13:11:32	11.73	--	110	129030	买盘
13:11:22	11.73	0.01	65	76245	买盘
13:11:11	11.72	--	10	11720	卖盘
13:11:07	11.72	--	20	23440	卖盘
13:11:02	11.72	--	159	186348	买盘
13:10:52	11.72	--	6	7032	买盘
13:10:47	11.72	--	107	125404	买盘
13:10:41	11.72	--	5	5860	买盘
13:10:37	11.72	--	9	10548	买盘
13:10:32	11.72	0.01	20	23440	买盘
13:10:26	11.71	-0.01	25	29275	卖盘
13:10:22	11.72	--	20	23440	买盘
13:10:11	11.72	0.01	10	11720	买盘
13:10:07	11.71	--	32	37472	卖盘
13:10:02	11.71	--	5	5855	卖盘
13:09:56	11.71	--	32	37472	买盘
13:09:52	11.71	--	54	63234	买盘
13:09:46	11.71	--	20	23420	买盘
13:09:41	11.71	--	16	18736	买盘
13:09:37	11.71	0.01	5	5855	买盘
13:09:32	11.7	--	6	7020	卖盘
13:09:26	11.7	-0.01	14	16379	卖盘
13:09:22	11.71	0.01	1	1171	买盘
13:09:17	11.7	0.01	3	3510	买盘
13:09:11	11.69	--	5	5845	卖盘
13:09:07	11.69	--	0	0	卖盘
13:08:56	11.69	--	5	5845	卖盘
13:08:51	11.69	--	0	0	卖盘
13:08:47	11.69	--	0	0	买盘
13:08:36	11.69	--	2	2338	买盘
13:08:31	11.69	-0.02	266	310954	卖盘
13:08:16	11.71	--	20	23420	卖盘
13:08:11	11.71	--	60	70260	买盘
13:08:06	11.71	--	25	29275	买盘
13:07:46	11.71	--	53	62063	买盘
13:07:41	11.71	--	35	40985	买盘
13:07:36	11.71	0.01	5	5855	买盘
13:07:31	11.7	--	30	35100	卖盘
13:07:26	11.7	-0.01	130	152100	卖盘
13:07:21	11.71	--	6	7026	买盘
13:07:16	11.71	0.01	85	99535	买盘
13:07:11	11.7	--	10	11700	卖盘
13:07:06	11.7	--	10	11700	卖盘
13:07:01	11.7	--	15	17550	卖盘
13:06:56	11.7	--	10	11700	卖盘
13:06:51	11.7	-0.01	5	5850	卖盘
13:06:41	11.71	--	21	24591	买盘
13:06:26	11.71	--	30	35130	买盘
13:06:21	11.71	--	100	117100	卖盘
13:06:16	11.71	--	88	103048	卖盘
13:06:11	11.71	-0.01	5	5855	卖盘
13:06:06	11.72	--	12	14064	买盘
13:05:51	11.72	--	50	58600	买盘
13:05:46	11.72	--	23	26956	卖盘
13:05:41	11.72	--	78	91416	卖盘
13:05:36	11.72	--	105	123060	买盘
13:05:26	11.72	0.01	4	4688	买盘
13:05:15	11.71	-0.01	4	4684	卖盘
13:05:11	11.72	0.01	60	70320	买盘
13:05:01	11.71	-0.01	105	122955	卖盘
13:04:56	11.72	0.01	3	3516	买盘
13:04:45	11.71	-0.01	12	14052	卖盘
13:04:41	11.72	0.01	131	153532	买盘
13:04:31	11.71	--	3	3513	卖盘
13:04:20	11.71	-0.01	33	38643	卖盘
13:03:50	11.72	0.01	68	79696	买盘
13:03:46	11.71	-0.01	100	117100	卖盘
13:03:41	11.72	--	2	2344	买盘
13:03:26	11.72	--	3	3516	买盘
13:03:20	11.72	--	196	229712	卖盘
13:03:16	11.72	-0.01	5	5860	卖盘
13:03:11	11.73	0.01	25	29325	买盘
13:02:55	11.72	-0.01	5	5860	卖盘
13:02:46	11.73	--	3	3519	买盘
13:02:41	11.73	--	4	4692	买盘
13:02:35	11.73	--	15	17595	买盘
13:02:31	11.73	--	15	17595	买盘
13:02:26	11.73	-0.01	34	39882	卖盘
13:02:20	11.74	--	3	3522	卖盘
13:02:15	11.74	--	6	7044	买盘
13:02:11	11.74	0.01	87	102138	买盘
13:02:05	11.73	-0.01	11	12903	卖盘
13:02:00	11.74	--	75	88050	买盘
13:01:55	11.74	0.01	10	11740	买盘
13:01:50	11.73	-0.01	1	1173	卖盘
13:01:45	11.74	0.01	49	57526	买盘
13:01:35	11.73	--	5	5865	卖盘
13:01:25	11.73	--	43	50439	买盘
13:01:20	11.73	--	8	9384	买盘
13:01:15	11.73	--	79	92667	买盘
13:01:10	11.73	--	256	300288	买盘
13:01:00	11.73	0.01	140	164220	买盘
13:00:55	11.72	--	220	257840	卖盘
13:00:50	11.72	-0.01	6	7032	卖盘
13:00:45	11.73	0.01	135	158355	买盘
13:00:35	11.72	--	100	117200	卖盘
13:00:30	11.72	--	0	0	卖盘
13:00:10	11.72	--	269	315268	卖盘
13:00:05	11.72	0.01	729	854388	买盘
13:00:00	11.71	0.01	31	36301	买盘
11:30:00	11.7	--	0	0	卖盘
11:30:00	11.7	--	0	0	卖盘
11:29:56	11.7	-0.01	54	63179	卖盘
11:29:52	11.71	0.01	50	58550	买盘
11:29:42	11.7	--	7	8189	卖盘
11:29:37	11.7	--	2	2340	中性盘
11:29:32	11.7	--	300	351000	卖盘
11:29:26	11.7	0.01	237	277290	买盘
11:29:22	11.69	-0.01	470	549430	卖盘
11:29:16	11.7	0.01	3	3510	买盘
11:29:07	11.69	-0.01	27	31563	卖盘
11:29:01	11.7	--	8	9360	买盘
11:28:56	11.7	0.01	91	106470	买盘
11:28:51	11.69	--	6	7014	卖盘
11:28:46	11.69	--	12	14028	卖盘
11:28:41	11.69	--	8	9352	买盘
11:28:36	11.69	--	10	11690	买盘
11:28:26	11.69	0.01	8	9352	买盘
11:28:16	11.68	-0.01	3	3504	卖盘
11:28:11	11.69	0.02	18	21042	买盘
11:28:06	11.67	--	4	4668	卖盘
11:28:01	11.67	--	0	0	卖盘
11:27:51	11.67	-0.01	41	47847	卖盘
11:27:46	11.68	-0.02	3	3504	卖盘
11:27:36	11.7	--	13	15209	买盘
11:27:31	11.7	0.03	8	9360	买盘
11:27:16	11.67	-0.03	5	5835	卖盘
11:27:10	11.7	--	50	58500	买盘
11:26:56	11.7	--	90	105300	卖盘
11:26:51	11.7	--	1	1170	卖盘
11:26:46	11.7	-0.01	18	21060	卖盘
11:26:36	11.71	--	8	9368	买盘
11:26:31	11.71	--	136	159256	买盘
11:26:26	11.71	--	126	147546	买盘
11:26:21	11.71	--	16	18736	买盘
11:26:11	11.71	-0.01	31	36301	卖盘
11:26:06	11.72	0.01	71	83212	买盘
11:26:01	11.71	-0.01	20	23420	卖盘
11:25:56	11.72	--	18	21096	买盘
11:25:51	11.72	--	30	35160	买盘
11:25:46	11.72	0.01	30	35160	买盘
11:25:41	11.71	--	5	5855	卖盘
11:25:36	11.71	--	17	19907	卖盘
11:25:31	11.71	0.01	75	87825	买盘
11:25:20	11.7	-0.02	60	70200	卖盘
11:25:16	11.72	0.01	100	117200	买盘
11:25:05	11.71	0.01	6	7026	买盘
11:25:01	11.7	--	15	17550	卖盘
11:24:56	11.7	-0.02	2	2340	卖盘
11:24:51	11.72	0.01	113	132436	买盘
11:24:46	11.71	--	6	7026	卖盘
11:24:41	11.71	-0.01	20	23420	卖盘
11:24:35	11.72	--	63	73836	买盘
11:24:31	11.72	--	11	12892	买盘
11:24:21	11.72	-0.01	33	38676	卖盘
11:24:15	11.73	0.01	140	164220	买盘
11:24:11	11.72	--	54	63288	卖盘
11:24:05	11.72	-0.02	48	56256	卖盘
11:24:01	11.74	0.01	132	154968	买盘
11:23:55	11.73	--	15	17595	买盘
11:23:51	11.73	--	76	89148	卖盘
11:23:46	11.73	--	117	137241	卖盘
11:23:36	11.73	-0.02	77	90321	卖盘
11:23:31	11.75	0.02	80	94000	买盘
11:23:25	11.73	0.01	255	299115	买盘
11:23:21	11.72	-0.03	114	133608	卖盘
11:23:15	11.75	0.03	231	271425	买盘
11:23:11	11.72	--	17	19924	卖盘
11:23:05	11.72	-0.01	59	69148	卖盘
11:23:01	11.73	0.02	58	68034	买盘
11:22:50	11.71	0.01	16	18736	中性盘
11:22:46	11.7	--	215	251549	卖盘
11:22:36	11.7	--	38	44460	卖盘
11:22:31	11.7	0.01	339	396630	买盘
11:22:25	11.69	--	208	243152	卖盘
11:22:20	11.69	0.04	826	965594	买盘
11:22:15	11.65	0.02	649	756085	买盘
11:22:10	11.63	--	55	63965	卖盘
11:22:00	11.63	--	483	561729	买盘
11:21:50	11.63	--	160	186080	买盘
11:21:45	11.63	--	100	116300	买盘
11:21:40	11.63	--	8	9304	买盘
11:21:30	11.63	--	315	366345	买盘
11:21:25	11.63	0.01	9	10467	买盘
11:21:20	11.62	-0.02	1	1162	卖盘
11:21:15	11.64	--	0	0	买盘
11:21:10	11.64	--	0	0	买盘
11:21:05	11.64	0.02	121	140844	买盘
11:20:55	11.62	-0.01	753	875253	卖盘
11:20:50	11.63	-0.01	10	11630	卖盘
11:20:45	11.64	--	43	50052	买盘
11:20:30	11.64	--	10	11640	买盘
11:20:25	11.64	0.01	85	98940	买盘
11:20:10	11.63	--	35	40705	卖盘
11:20:04	11.63	--	74	86062	买盘
11:20:00	11.63	--	130	151190	买盘
11:19:55	11.63	0.01	100	116300	买盘
11:19:49	11.62	-0.01	1	1162	卖盘
11:19:45	11.63	--	10	11630	买盘
11:19:40	11.63	0.01	21	24423	买盘
11:19:30	11.62	--	1	1162	卖盘
11:19:15	11.62	--	448	521470	买盘
11:19:10	11.62	0.01	4	4648	买盘
11:19:05	11.61	--	81	94041	买盘
11:19:00	11.61	--	18	20898	买盘
11:18:55	11.61	-0.01	31	35991	卖盘
11:18:50	11.62	0.01	1	1162	买盘
11:18:44	11.61	--	92	106812	卖盘
11:18:35	11.61	--	347	402867	买盘
11:18:29	11.61	--	3	3483	买盘
11:18:20	11.61	0.01	13	15093	买盘
11:18:10	11.6	--	110	127600	卖盘
11:18:00	11.6	--	2	2320	卖盘
11:17:55	11.6	-0.01	24	27840	卖盘
11:17:49	11.61	--	10	11610	买盘
11:17:44	11.61	--	2	2322	买盘
11:17:40	11.61	-0.01	334	387774	卖盘
11:17:25	11.62	--	1	1162	买盘
11:17:20	11.62	--	29	33965	卖盘
11:17:15	11.62	--	16	18592	卖盘
11:17:10	11.62	-0.01	25	29049	卖盘
11:16:59	11.63	--	5	5815	买盘
11:16:50	11.63	--	5	5815	买盘
11:16:40	11.63	--	75	87225	卖盘
11:16:34	11.63	--	1	1163	卖盘
11:16:25	11.63	--	52	60476	卖盘
11:16:19	11.63	--	4	4652	卖盘
11:15:55	11.63	--	30	34890	卖盘
11:15:39	11.63	--	15	17445	卖盘
11:15:34	11.63	-0.01	64	74432	卖盘
11:15:28	11.64	0.01	37	43068	买盘
11:15:24	11.63	0.01	9	10467	卖盘
11:15:19	11.62	-0.01	25	29049	卖盘
11:15:13	11.63	--	288	335839	买盘
11:15:09	11.63	--	10	11630	买盘
11:15:04	11.63	0.01	26	30238	买盘
11:14:54	11.62	-0.01	12	13943	卖盘
11:14:34	11.63	0.01	65	75595	买盘
11:14:24	11.62	--	6	6971	买盘
11:14:19	11.62	--	11	12782	买盘
11:14:14	11.62	--	19	22078	卖盘
11:14:04	11.62	--	11	12782	买盘
11:13:58	11.62	--	21	24402	买盘
11:13:54	11.62	--	205	238209	买盘
11:13:49	11.62	--	6	6971	买盘
11:13:43	11.62	--	56	65071	卖盘
11:13:39	11.62	0.02	205	238209	买盘
11:13:19	11.6	--	9	10440	卖盘
11:13:08	11.6	-0.02	46	53360	卖盘
11:13:04	11.62	0.02	210	244019	买盘
11:12:58	11.6	--	10	11600	卖盘
11:12:49	11.6	0.01	374	433840	买盘
11:12:43	11.59	-0.01	50	57950	卖盘
11:12:38	11.6	0.01	100	116000	买盘
11:12:34	11.59	--	8	9272	卖盘
11:12:29	11.59	--	12	13908	卖盘
11:12:14	11.59	--	48	55632	卖盘
11:12:09	11.59	--	70	81130	卖盘
11:12:03	11.59	--	11	12749	卖盘
11:11:44	11.59	--	23	26657	卖盘
11:11:38	11.59	-0.01	9	10431	卖盘
11:11:28	11.6	--	29	33640	买盘
11:11:18	11.6	--	25	29000	卖盘
11:11:08	11.6	--	23	26680	卖盘
11:11:03	11.6	--	22	25520	卖盘
11:10:53	11.6	--	39	45240	卖盘
11:10:49	11.6	--	78	90480	买盘
11:10:43	11.6	--	0	0	买盘
11:10:39	11.6	--	23	26680	卖盘
11:10:33	11.6	--	475	551000	买盘
11:10:04	11.6	--	17	19720	买盘
11:09:53	11.6	0.01	3	3480	买盘
11:09:49	11.59	-0.01	56	64904	卖盘
11:09:43	11.6	--	133	154280	买盘
11:09:33	11.6	--	12	13920	买盘
11:09:28	11.6	--	0	0	买盘
11:09:23	11.6	--	0	0	买盘
11:09:13	11.6	0.01	15	17400	买盘
11:09:08	11.59	-0.01	38	44042	卖盘
11:09:03	11.6	0.01	1	1160	买盘
11:08:53	11.59	-0.01	2	2318	卖盘
11:08:48	11.6	0.02	232	269120	买盘
11:08:43	11.58	--	26	30108	卖盘
11:08:33	11.58	--	10	11580	卖盘
11:08:28	11.58	--	58	67164	卖盘
11:08:23	11.58	--	5	5790	卖盘
11:08:18	11.58	-0.01	10	11580	卖盘
11:08:13	11.59	--	10	11590	买盘
11:08:08	11.59	--	122	141398	买盘
11:08:03	11.59	--	1	1159	买盘
11:07:48	11.59	0.01	1	1159	买盘
11:07:33	11.58	-0.01	8	9264	卖盘
11:07:28	11.59	--	15	17385	买盘
11:07:18	11.59	0.01	10	11590	买盘
11:07:13	11.58	-0.01	51	59058	卖盘
11:07:03	11.59	0.01	8	9272	买盘
11:06:58	11.58	-0.02	340	393720	卖盘
11:06:43	11.6	--	3	3480	买盘
11:06:32	11.6	-0.01	34	39440	卖盘
11:06:28	11.61	--	1	1161	买盘
11:06:17	11.61	--	89	103329	卖盘
11:06:12	11.61	--	63	73143	卖盘
11:06:03	11.61	-0.01	16	18576	卖盘
11:05:57	11.62	--	2	2324	卖盘
11:05:53	11.62	--	10	11620	卖盘
11:05:42	11.62	0.01	48	55775	买盘
11:05:38	11.61	--	0	0	卖盘
11:05:32	11.61	-0.02	218	253098	卖盘
11:05:27	11.63	0.01	23	26749	买盘
11:05:17	11.62	--	5	5810	卖盘
11:05:13	11.62	--	82	95284	卖盘
11:05:07	11.62	--	70	81340	卖盘
11:05:02	11.62	-0.01	10	11620	卖盘
11:04:57	11.63	0.01	75	87225	买盘
11:04:52	11.62	-0.01	1	1162	卖盘
11:04:43	11.63	--	31	36053	买盘
11:04:32	11.63	--	15	17445	买盘
11:04:28	11.63	--	12	13956	买盘
11:04:23	11.63	--	2	2326	买盘
11:04:12	11.63	--	50	58150	卖盘
11:04:02	11.63	--	50	58150	买盘
11:03:57	11.63	-0.01	122	141886	卖盘
11:03:53	11.64	0.01	15	17460	买盘
11:03:48	11.63	--	0	0	卖盘
11:03:43	11.63	-0.01	125	145375	卖盘
11:03:37	11.64	--	55	64020	卖盘
11:03:32	11.64	--	269	313116	买盘
11:03:27	11.64	0.01	9	10476	买盘
11:03:17	11.63	--	129	150027	卖盘
11:03:12	11.63	--	119	138397	买盘
11:03:07	11.63	-0.01	13	15119	卖盘
11:03:02	11.64	0.01	87	101268	买盘
11:02:57	11.63	--	50	58150	卖盘
11:02:52	11.63	--	1	1163	卖盘
11:02:47	11.63	0.01	38	44194	买盘
11:02:42	11.62	--	0	0	卖盘
11:02:31	11.62	-0.01	15	17430	卖盘
11:02:27	11.63	0.01	62	72106	买盘
11:02:22	11.62	-0.01	63	73206	卖盘
11:02:17	11.63	0.01	22	25586	买盘
11:02:12	11.62	--	9	10458	卖盘
11:02:07	11.62	-0.01	10	11620	卖盘
11:02:01	11.63	0.01	8	9304	买盘
11:01:57	11.62	-0.01	3	3485	卖盘
11:01:52	11.63	0.01	21	24423	买盘
11:01:46	11.62	-0.01	16	18592	卖盘
11:01:42	11.63	--	104	120952	卖盘
11:01:36	11.63	--	10	11630	卖盘
11:01:32	11.63	0.01	75	87225	买盘
11:01:22	11.62	-0.02	44	51128	卖盘
11:01:16	11.64	0.01	11	12804	买盘
11:01:12	11.63	-0.01	26	30238	卖盘
11:01:07	11.64	0.01	9	10476	买盘
11:01:02	11.63	-0.01	103	119789	卖盘
11:00:52	11.64	0.01	31	36084	买盘
11:00:42	11.63	-0.01	30	34890	中性盘
11:00:37	11.64	0.01	31	36084	买盘
11:00:32	11.63	--	14	16282	卖盘
11:00:26	11.63	--	150	174450	卖盘
11:00:22	11.63	--	10	11630	买盘
11:00:16	11.63	--	65	75595	卖盘
11:00:07	11.63	--	88	102344	买盘
11:00:02	11.63	--	107	124441	买盘
10:59:56	11.63	0.01	15	17445	买盘
10:59:52	11.62	--	33	38346	卖盘
10:59:46	11.62	0.01	114	132468	卖盘
10:59:41	11.61	-0.01	76	88236	卖盘
10:59:37	11.62	--	22	25564	买盘
10:59:26	11.62	--	20	23240	买盘
10:59:21	11.62	0.01	61	70882	买盘
10:59:11	11.61	-0.01	23	26703	卖盘
10:59:07	11.62	--	9	10458	中性盘
10:59:02	11.62	--	1	1162	买盘
10:58:56	11.62	0.01	100	116199	买盘
10:58:51	11.61	--	47	54567	买盘
10:58:41	11.61	0.01	49	56889	买盘
10:58:36	11.6	--	62	71920	卖盘
10:58:26	11.6	--	12	13920	卖盘
10:58:21	11.6	--	396	459882	买盘
10:58:06	11.6	--	66	76560	买盘
10:57:56	11.6	--	10	11600	买盘
10:57:51	11.6	--	12	13920	买盘
10:57:47	11.6	--	1	1160	买盘
10:57:41	11.6	--	74	85840	买盘
10:57:26	11.6	0.01	12	14268	买盘
10:57:11	11.59	--	29	33611	卖盘
10:57:06	11.59	--	12	13908	卖盘
10:57:01	11.59	--	5	5795	卖盘
10:56:56	11.59	--	10	11590	卖盘
10:56:51	11.59	--	5	5795	买盘
10:56:46	11.59	--	1	1159	卖盘
10:56:41	11.59	--	16	18544	卖盘
10:56:36	11.59	--	61	70699	卖盘
10:56:26	11.59	--	132	152988	买盘
10:56:16	11.59	0.01	16	18544	买盘
10:56:06	11.58	--	25	28950	卖盘
10:56:01	11.58	--	63	72954	买盘
10:55:56	11.58	--	10	11580	买盘
10:55:51	11.58	--	9	10422	买盘
10:55:31	11.58	-0.01	185	214230	卖盘
10:55:21	11.59	0.01	73	84607	买盘
10:55:10	11.58	-0.01	8	9264	卖盘
10:55:06	11.59	0.01	64	74176	买盘
10:55:01	11.58	-0.01	58	67164	卖盘
10:54:55	11.59	0.01	60	69540	买盘
10:54:51	11.58	-0.01	30	34740	卖盘
10:54:46	11.59	0.01	47	54473	买盘
10:54:41	11.58	-0.01	37	42846	卖盘
10:54:36	11.59	--	10	11590	买盘
10:54:25	11.59	0.01	100	115900	买盘
10:54:11	11.58	-0.01	50	57900	卖盘
10:54:05	11.59	--	73	84607	买盘
10:54:01	11.59	0.01	9	10431	买盘
10:53:50	11.58	0.01	222	257076	买盘
10:53:46	11.57	--	6	6942	卖盘
10:53:35	11.57	--	3	3471	卖盘
10:53:31	11.57	--	65	75205	买盘
10:53:26	11.57	--	5	5785	买盘
10:53:20	11.57	--	20	23140	买盘
10:53:05	11.57	--	1043	1206751	买盘
10:53:00	11.57	--	67	77519	买盘
10:52:55	11.57	0.01	17	19669	买盘
10:52:45	11.56	--	1	1156	卖盘
10:52:41	11.56	--	8	9248	卖盘
10:52:35	11.56	--	34	39304	卖盘
10:52:20	11.56	--	17	19652	买盘
10:52:15	11.56	--	2	2312	买盘
10:52:00	11.56	-0.01	107	123692	卖盘
10:51:45	11.57	--	32	37024	买盘
10:51:40	11.57	0.01	100	115700	买盘
10:51:35	11.56	--	10	11560	卖盘
10:51:30	11.56	--	47	54332	卖盘
10:51:05	11.56	--	26	30056	卖盘
10:50:50	11.56	--	60	69360	卖盘
10:50:45	11.56	--	1	1156	卖盘
10:50:40	11.56	--	0	0	中性盘
10:50:35	11.56	--	3	3468	买盘
10:50:15	11.56	--	7	8092	卖盘
10:50:05	11.56	0.01	129	149124	买盘
10:50:00	11.55	--	12	13860	买盘
10:49:55	11.55	--	5	5775	买盘
10:49:45	11.55	--	35	40425	买盘
10:49:40	11.55	--	13	15015	买盘
10:49:15	11.55	--	2	2310	卖盘
10:49:10	11.55	--	3	3465	卖盘
10:49:05	11.55	-0.01	2	2310	卖盘
10:49:00	11.56	0.02	33	38148	买盘
10:48:55	11.54	-0.01	1	1154	卖盘
10:48:45	11.55	0.01	1	1155	买盘
10:48:40	11.54	-0.01	6	6923	买盘
10:48:30	11.55	0.01	34	39270	买盘
10:48:15	11.54	-0.01	15	17310	卖盘
10:48:04	11.55	0.01	1	1155	买盘
10:48:00	11.54	--	11	12693	卖盘
10:47:55	11.54	-0.01	3	3461	卖盘
10:47:50	11.55	--	1	1155	买盘
10:47:44	11.55	-0.01	5	5775	买盘
10:47:40	11.56	--	2	2312	买盘
10:47:25	11.56	--	52	60112	买盘
10:47:20	11.56	--	24	27744	卖盘
10:47:14	11.56	--	1	1156	卖盘
10:47:10	11.56	0.01	715	826540	买盘
10:47:05	11.55	-0.01	231	266805	卖盘
10:46:59	11.56	-0.01	4	4624	买盘
10:46:54	11.57	--	0	0	买盘
10:46:44	11.57	--	12	13884	买盘
10:46:39	11.57	-0.01	341	394537	卖盘
10:46:34	11.58	--	3	3474	买盘
10:46:29	11.58	0.01	50	57900	买盘
10:46:19	11.57	-0.01	10	11570	卖盘
10:46:14	11.58	0.01	50	57900	买盘
10:46:04	11.57	--	30	34710	卖盘
10:45:59	11.57	-0.01	12	13884	卖盘
10:45:54	11.58	0.01	41	47478	买盘
10:45:49	11.57	--	164	189748	卖盘
10:45:44	11.57	--	15	17355	卖盘
10:45:29	11.57	--	15	17355	卖盘
10:45:24	11.57	--	132	152724	买盘
10:45:14	11.57	--	107	123799	买盘
10:45:09	11.57	--	90	104130	买盘
10:45:05	11.57	0.01	20	23140	买盘
10:44:59	11.56	-0.01	5	5780	卖盘
10:44:54	11.57	0.01	32	37024	买盘
10:44:44	11.56	-0.01	5	5780	卖盘
10:44:39	11.57	--	6	6942	买盘
10:44:34	11.57	0.01	40	46280	买盘
10:44:29	11.56	-0.01	7	8092	卖盘
10:44:24	11.57	--	12	13884	买盘
10:44:19	11.57	0.01	13	15041	买盘
10:44:14	11.56	-0.01	1	1156	卖盘
10:44:09	11.57	0.01	6	6942	买盘
10:44:04	11.56	--	10	11560	卖盘
10:43:59	11.56	--	30	34680	卖盘
10:43:54	11.56	--	4	4624	卖盘
10:43:49	11.56	--	107	123692	卖盘
10:43:44	11.56	--	150	173400	买盘
10:43:34	11.56	--	32	36992	买盘
10:43:24	11.56	--	4	4624	买盘
10:43:19	11.56	0.01	27	31212	买盘
10:43:14	11.55	-0.01	12	13860	卖盘
10:43:09	11.56	0.01	30	34680	买盘
10:43:04	11.55	--	13	15015	卖盘
10:42:58	11.55	--	18	20790	卖盘
10:42:54	11.55	--	24	27720	卖盘
10:42:49	11.55	--	4	4620	卖盘
10:42:39	11.55	--	41	47355	卖盘
10:42:34	11.55	--	0	0	卖盘
10:42:24	11.55	-0.01	83	95865	卖盘
10:42:19	11.56	--	135	156060	卖盘
10:42:13	11.56	--	20	23120	卖盘
10:42:09	11.56	--	16	18496	卖盘
10:42:04	11.56	--	88	101728	买盘
10:41:54	11.56	--	2	2312	买盘
10:41:43	11.56	--	2	2312	买盘
10:41:39	11.56	--	68	78608	买盘
10:41:34	11.56	--	13	15028	买盘
10:41:28	11.56	0.01	10	11560	买盘
10:41:23	11.55	-0.01	37	42735	卖盘
10:41:19	11.56	--	40	46240	买盘
10:41:08	11.56	--	49	56644	买盘
10:41:04	11.56	--	5	5780	买盘
10:40:53	11.56	--	46	53176	买盘
10:40:49	11.56	0.01	18	20808	买盘
10:40:38	11.55	-0.01	14	16170	卖盘
10:40:34	11.56	0.01	22	25432	买盘
10:40:28	11.55	--	11	12705	卖盘
10:40:23	11.55	--	1	1155	卖盘
10:40:08	11.55	0.01	127	146685	买盘
10:40:03	11.54	-0.01	20	23080	卖盘
10:39:53	11.55	--	284	328020	买盘
10:39:48	11.55	--	30	34650	买盘
10:39:43	11.55	--	300	346500	买盘
10:39:38	11.55	--	56	64680	买盘
10:39:33	11.55	--	55	63525	买盘
10:39:23	11.55	--	19	21945	买盘
10:39:08	11.55	--	38	43890	买盘
10:38:48	11.55	0.01	32	36960	买盘
10:38:38	11.54	--	5	5770	卖盘
10:38:33	11.54	--	7	8077	卖盘
10:38:18	11.54	--	30	34620	买盘
10:38:08	11.54	-0.01	30	34620	卖盘
10:38:03	11.55	--	12	13860	买盘
10:37:53	11.55	0.01	3	3465	买盘
10:37:48	11.54	-0.01	5	5770	卖盘
10:37:43	11.55	--	5	5775	买盘
10:37:38	11.55	0.01	20	23100	买盘
10:37:33	11.54	--	7	8077	卖盘
10:37:28	11.54	--	52	60007	卖盘
10:37:23	11.54	--	6	6923	卖盘
10:37:18	11.54	0.01	27	31157	买盘
10:37:08	11.53	--	118	136054	卖盘
10:37:03	11.53	-0.01	11	12683	卖盘
10:36:58	11.54	--	41	47314	买盘
10:36:53	11.54	--	6	6923	买盘
10:36:48	11.54	--	20	23080	买盘
10:36:43	11.54	0.01	65	75010	买盘
10:36:33	11.53	-0.01	23	26519	卖盘
10:36:28	11.54	0.01	192	221567	买盘
10:36:22	11.53	-0.01	10	11530	卖盘
10:36:18	11.54	0.01	7	8077	买盘
10:36:13	11.53	-0.01	17	19601	卖盘
10:36:03	11.54	0.01	6	6923	买盘
10:35:58	11.53	--	20	23060	卖盘
10:35:52	11.53	--	2	2306	卖盘
10:35:48	11.53	--	47	54191	卖盘
10:35:43	11.53	--	7	8071	卖盘
10:35:37	11.53	--	9	10377	卖盘
10:35:33	11.53	--	1	1153	卖盘
10:35:28	11.53	0.01	213	245589	买盘
10:35:22	11.52	-0.01	1	1152	卖盘
10:35:18	11.53	0.01	9	10377	买盘
10:35:13	11.52	--	39	44928	卖盘
10:35:07	11.52	-0.01	56	64512	卖盘
10:35:02	11.53	0.01	3	3459	买盘
10:34:58	11.52	-0.01	9	10368	卖盘
10:34:47	11.53	0.01	112	129136	买盘
10:34:32	11.52	-0.01	30	34560	卖盘
10:34:28	11.53	0.01	22	25366	买盘
10:34:22	11.52	-0.01	37	42624	卖盘
10:34:17	11.53	0.01	5	5765	买盘
10:34:13	11.52	--	29	33408	卖盘
10:33:52	11.52	-0.01	1	1152	卖盘
10:33:47	11.53	--	55	63415	买盘
10:33:27	11.53	0.01	30	34590	买盘
10:33:22	11.52	--	3	3456	卖盘
10:33:17	11.52	-0.01	71	81792	卖盘
10:33:12	11.53	--	20	23060	买盘
10:33:07	11.53	0.01	5	5765	买盘
10:33:02	11.52	--	14	16128	卖盘
10:32:57	11.52	-0.01	46	52992	卖盘
10:32:47	11.53	0.01	28	32284	买盘
10:32:32	11.52	-0.01	9	10368	卖盘
10:32:12	11.53	--	202	232906	买盘
10:32:07	11.53	0.01	6	6918	买盘
10:31:57	11.52	-0.01	10	11520	卖盘
10:31:52	11.53	0.01	5	5765	买盘
10:31:42	11.52	--	11	12672	卖盘
10:31:27	11.52	--	18	20736	卖盘
10:31:22	11.52	--	5	5760	卖盘
10:31:17	11.52	-0.01	41	47232	卖盘
10:31:07	11.53	--	2	2306	买盘
10:30:57	11.53	--	1	1153	买盘
10:30:52	11.53	0.01	35	40355	买盘
10:30:47	11.52	-0.01	1	1152	卖盘
10:30:31	11.53	0.01	5	5765	买盘
10:30:27	11.52	--	90	103680	卖盘
10:30:22	11.52	--	5	5760	卖盘
10:30:16	11.52	--	50	57600	卖盘
10:30:12	11.52	--	56	64512	卖盘
10:30:07	11.52	0.02	56	64512	买盘
10:30:01	11.5	-0.02	19	21850	卖盘
10:29:57	11.52	--	12	13824	买盘
10:29:52	11.52	0.02	47	54144	买盘
10:29:46	11.5	-0.01	151	174225	卖盘
10:29:37	11.51	--	4	4604	卖盘
10:29:31	11.51	--	0	0	中性盘
10:29:27	11.51	-0.01	240	276240	卖盘
10:29:22	11.52	0.01	6	6912	买盘
10:29:12	11.51	-0.01	1	1151	卖盘
10:29:07	11.52	--	32	36864	买盘
10:28:57	11.52	--	28	32256	卖盘
10:28:52	11.52	--	60	69120	卖盘
10:28:41	11.52	--	10	11520	买盘
10:28:37	11.52	0.01	65	74880	买盘
10:28:25	11.51	-0.01	5	5755	卖盘
10:28:22	11.52	-0.01	8	9216	卖盘
10:28:16	11.53	0.02	100	115300	买盘
10:28:11	11.51	-0.01	12	13812	卖盘
10:28:07	11.52	--	55	63360	卖盘
10:28:01	11.52	-0.01	3	3456	卖盘
10:27:56	11.53	0.01	98	112994	买盘
10:27:46	11.52	-0.01	5	5760	卖盘
10:27:41	11.53	--	2	2306	买盘
10:27:37	11.53	0.01	20	23060	买盘
10:27:26	11.52	--	51	58752	卖盘
10:27:21	11.52	--	1	1152	卖盘
10:27:11	11.52	-0.01	26	29952	卖盘
10:27:06	11.53	0.01	15	17295	买盘
10:26:56	11.52	--	1	1152	卖盘
10:26:41	11.52	-0.01	5	5760	中性盘
10:26:36	11.53	0.02	40	46120	买盘
10:26:31	11.51	-0.01	17	19567	卖盘
10:26:26	11.52	0.01	18	20736	买盘
10:26:21	11.51	--	25	28775	卖盘
10:26:06	11.51	--	115	132365	买盘
10:26:01	11.51	--	3	3453	买盘
10:25:41	11.51	--	11	12661	买盘
10:25:26	11.51	--	71	81721	卖盘
10:25:11	11.51	--	20	23020	卖盘
10:24:56	11.51	-0.01	9	10359	卖盘
10:24:46	11.52	--	1	1152	买盘
10:24:41	11.52	--	4	4608	买盘
10:24:36	11.52	--	19	21888	买盘
10:24:26	11.52	--	2	2304	买盘
10:24:21	11.52	--	8	9216	买盘
10:24:16	11.52	--	20	23040	买盘
10:23:55	11.52	0.01	19	21888	买盘
10:23:51	11.51	--	12	13812	卖盘
10:23:46	11.51	--	3	3453	卖盘
10:23:40	11.51	--	22	25322	卖盘
10:23:36	11.51	--	134	154797	买盘
10:23:31	11.51	--	200	230200	买盘
10:23:25	11.51	--	37	42587	买盘
10:23:21	11.51	-0.01	100	115687	卖盘
10:23:16	11.52	--	39	44928	买盘
10:23:10	11.52	0.01	84	96768	买盘
10:22:51	11.51	--	10	11510	卖盘
10:22:46	11.51	--	13	14963	卖盘
10:22:40	11.51	--	3	3453	卖盘
10:22:36	11.51	--	56	64456	卖盘
10:22:31	11.51	--	23	26473	卖盘
10:22:21	11.51	--	13	15526	卖盘
10:22:10	11.51	--	23	26473	卖盘
10:22:05	11.51	--	31	35681	卖盘
10:22:01	11.51	-0.01	10	11510	卖盘
10:21:46	11.52	--	20	23040	买盘
10:21:40	11.52	0.01	5	5760	买盘
10:21:35	11.51	--	5	5755	卖盘
10:21:31	11.51	--	141	162291	卖盘
10:21:20	11.51	--	8	9208	买盘
10:21:05	11.51	--	3	3453	买盘
10:21:00	11.51	0.01	29	33379	买盘
10:20:45	11.5	-0.01	143	164450	卖盘
10:20:35	11.51	0.01	6	6906	买盘
10:20:30	11.5	-0.01	100	115000	卖盘
10:20:25	11.51	-0.01	114	131214	卖盘
10:20:20	11.52	--	102	117504	买盘
10:20:05	11.52	--	50	57600	买盘
10:20:00	11.52	--	13	14976	买盘
10:19:45	11.52	--	4	4608	买盘
10:19:35	11.52	-0.01	12	13824	中性盘
10:19:30	11.53	--	127	146431	买盘
10:19:25	11.53	0.01	6	6918	买盘
10:19:20	11.52	--	29	33408	买盘
10:19:15	11.52	--	19	21888	卖盘
10:19:10	11.52	--	28	32256	卖盘
10:19:05	11.52	--	22	25344	卖盘
10:18:55	11.52	--	10	11520	卖盘
10:18:45	11.52	-0.02	5	5760	卖盘
10:18:40	11.54	0.01	18	20772	买盘
10:18:30	11.53	0.01	11	12683	中性盘
10:18:20	11.52	-0.02	10	11520	卖盘
10:18:10	11.54	--	20	23080	买盘
10:18:05	11.54	--	64	73856	买盘
10:17:55	11.54	--	0	0	买盘
10:17:45	11.54	0.03	49	56545	买盘
10:17:40	11.51	--	0	0	卖盘
10:17:30	11.51	-0.03	5	5755	卖盘
10:17:25	11.54	0.03	39	45006	买盘
10:17:15	11.51	0.01	5	5755	买盘
10:17:00	11.5	0.01	41	47150	买盘
10:16:55	11.49	-0.01	22	25278	卖盘
10:16:49	11.5	--	25	28750	买盘
10:16:45	11.5	--	14	16100	买盘
10:16:30	11.5	0.02	6	6900	买盘
10:16:19	11.48	--	179	205492	卖盘
10:16:10	11.48	-0.01	14	16072	卖盘
10:16:00	11.49	0.01	26	29874	买盘
10:15:49	11.48	--	3	3444	卖盘
10:15:44	11.48	0.01	57	65436	买盘
10:15:29	11.47	--	3	3441	卖盘
10:15:25	11.47	--	5	5735	卖盘
10:15:19	11.47	--	109	125023	卖盘
10:15:14	11.47	-0.01	120	137640	卖盘
10:15:10	11.48	-0.01	34	39032	卖盘
10:15:04	11.49	0.02	5	5745	买盘
10:14:59	11.47	-0.02	102	116994	卖盘
10:14:55	11.49	--	0	0	买盘
10:14:44	11.49	--	30	34470	买盘
10:14:29	11.49	--	2	2298	买盘
10:14:14	11.49	-0.01	26	29874	卖盘
10:14:09	11.5	0.01	54	62100	买盘
10:13:59	11.49	--	12	13788	卖盘
10:13:54	11.49	--	26	29874	买盘
10:13:39	11.49	-0.01	18	20682	中性盘
10:13:34	11.5	0.01	169	194350	买盘
10:13:29	11.49	--	25	28725	卖盘
10:13:24	11.49	-0.01	52	59748	中性盘
10:13:19	11.5	0.02	78	89700	买盘
10:13:14	11.48	-0.02	1	1148	卖盘
10:13:09	11.5	0.01	202	232300	买盘
10:13:04	11.49	0.02	12	13788	买盘
10:12:59	11.47	-0.01	8	9176	中性盘
10:12:54	11.48	--	52	59696	买盘
10:12:49	11.48	--	27	30996	买盘
10:12:44	11.48	0.02	25	28700	买盘
10:12:34	11.46	--	28	33142	买盘
10:12:29	11.46	0.01	10	11460	买盘
10:12:24	11.45	-0.01	91	104195	卖盘
10:12:19	11.46	0.01	20	22920	买盘
10:12:14	11.45	--	4	4580	卖盘
10:12:09	11.45	--	22	25190	买盘
10:12:04	11.45	0.01	55	62974	买盘
10:11:49	11.44	0.01	29	33176	买盘
10:11:44	11.43	-0.01	79	90297	卖盘
10:11:39	11.44	--	18	20592	买盘
10:11:34	11.44	0.01	11	12584	买盘
10:11:24	11.43	--	23	26289	买盘
10:11:19	11.43	--	61	69723	买盘
10:11:13	11.43	0.01	35	40005	买盘
10:11:09	11.42	--	30	34260	买盘
10:11:04	11.42	--	30	34260	买盘
10:10:58	11.42	--	4	4568	买盘
10:10:54	11.42	--	54	61668	买盘
10:10:49	11.42	--	53	60526	中性盘
10:10:43	11.42	0.01	3	3426	买盘
10:10:39	11.41	-0.01	5	5705	卖盘
10:10:34	11.42	0.01	10	11420	买盘
10:10:13	11.41	-0.01	106	120946	卖盘
10:10:09	11.42	--	11	12562	卖盘
10:10:04	11.42	0.01	5	5710	卖盘
10:09:49	11.41	--	0	0	卖盘
10:09:28	11.41	0.01	3	3423	买盘
10:09:23	11.4	-0.01	4	4560	卖盘
10:09:08	11.41	0.01	8	9128	买盘
10:09:04	11.4	-0.01	41	46740	卖盘
10:08:53	11.41	--	19	21679	买盘
10:08:49	11.41	--	50	57050	买盘
10:08:34	11.41	-0.02	149	170009	卖盘
10:08:28	11.43	0.01	40	45720	买盘
10:08:23	11.42	--	22	25124	卖盘
10:08:18	11.42	--	16	18272	卖盘
10:07:58	11.42	--	11	12562	卖盘
10:07:53	11.42	--	4	4568	卖盘
10:07:48	11.42	--	5	5710	卖盘
10:07:43	11.42	--	88	100496	买盘
10:07:38	11.42	0.01	12	13704	买盘
10:07:23	11.41	0.01	5	5705	中性盘
10:07:18	11.4	--	75	85500	卖盘
10:07:13	11.4	--	0	0	卖盘
10:07:03	11.4	-0.02	10	11400	卖盘
10:06:58	11.42	--	5	5710	买盘
10:06:53	11.42	0.02	3	3426	买盘
10:06:48	11.4	--	0	0	卖盘
10:06:43	11.4	--	0	0	卖盘
10:06:33	11.4	--	21	23940	卖盘
10:06:28	11.4	--	0	0	卖盘
10:06:23	11.4	0.01	57	64980	买盘
10:06:18	11.39	-0.01	69	78591	卖盘
10:06:13	11.4	0.01	12	13680	买盘
10:06:08	11.39	--	61	69479	卖盘
10:06:03	11.39	-0.01	33	37587	卖盘
10:05:58	11.4	--	13	14820	买盘
10:05:53	11.4	0.01	15	17100	买盘
10:05:48	11.39	-0.01	3	3417	卖盘
10:05:42	11.4	0.01	10	11400	买盘
10:05:38	11.39	-0.01	24	27336	卖盘
10:05:33	11.4	0.01	6	6840	买盘
10:05:28	11.39	-0.01	88	100232	卖盘
10:05:18	11.4	--	20	22800	卖盘
10:05:13	11.4	--	38	43320	卖盘
10:05:07	11.4	--	5	5700	买盘
10:05:03	11.4	--	28	31920	买盘
10:04:58	11.4	--	51	58140	买盘
10:04:52	11.4	--	26	29640	买盘
10:04:48	11.4	--	55	62700	买盘
10:04:43	11.4	--	67	76380	买盘
10:04:37	11.4	--	18	20520	买盘
10:04:33	11.4	-0.03	802	914280	卖盘
10:04:18	11.43	0.01	25	28575	中性盘
10:04:13	11.42	--	22	25124	卖盘
10:04:07	11.42	--	33	37686	卖盘
10:04:03	11.42	--	52	59384	卖盘
10:03:43	11.42	-0.01	10	11420	卖盘
10:03:33	11.43	--	325	371475	卖盘
10:03:28	11.43	--	28	32004	卖盘
10:03:22	11.43	--	50	57150	卖盘
10:03:17	11.43	-0.02	19	21717	卖盘
10:03:13	11.45	0.02	81	92745	买盘
10:03:07	11.43	--	10	11430	卖盘
10:02:58	11.43	0.03	133	152019	买盘
10:02:52	11.4	-0.02	283	322620	卖盘
10:02:43	11.42	--	60	68520	买盘
10:02:32	11.42	-0.01	515	588130	卖盘
10:02:28	11.43	0.01	13	14859	买盘
10:02:22	11.42	-0.01	24	27408	卖盘
10:02:17	11.43	--	3	3429	买盘
10:02:12	11.43	--	52	59436	买盘
10:02:07	11.43	--	79	90297	买盘
10:02:02	11.43	--	15	17145	买盘
10:01:52	11.43	--	106	121158	卖盘
10:01:47	11.43	--	55	62865	卖盘
10:01:42	11.43	-0.01	110	125730	卖盘
10:01:37	11.44	--	75	85800	买盘
10:01:27	11.44	--	43	49192	买盘
10:01:17	11.44	-0.01	89	101816	卖盘
10:01:02	11.45	-0.01	175	200375	卖盘
10:00:57	11.46	0.01	5	5730	买盘
10:00:52	11.45	-0.01	20	22900	卖盘
10:00:47	11.46	0.01	21	24066	买盘
10:00:37	11.45	-0.01	23	26335	卖盘
10:00:32	11.46	--	33	37818	买盘
10:00:27	11.46	--	42	48132	买盘
10:00:22	11.46	0.02	20	22920	买盘
10:00:17	11.44	-0.01	2	2288	卖盘
10:00:12	11.45	--	1	1145	卖盘
10:00:07	11.45	-0.01	2	2290	中性盘
10:00:02	11.46	0.01	47	53862	买盘
09:59:52	11.45	0.01	10	11450	买盘
09:59:47	11.44	-0.01	20	22880	卖盘
09:59:42	11.45	-0.01	73	83676	卖盘
09:59:36	11.46	0.01	20	22920	买盘
09:59:32	11.45	-0.01	6	6870	卖盘
09:59:27	11.46	--	22	25212	买盘
09:59:22	11.46	0.01	13	14898	买盘
09:59:17	11.45	--	34	38930	卖盘
09:59:12	11.45	-0.01	5	5725	卖盘
09:59:07	11.46	--	50	57300	买盘
09:59:02	11.46	--	9	10314	卖盘
09:58:57	11.46	-0.01	11	12606	卖盘
09:58:42	11.47	--	12	13764	买盘
09:58:37	11.47	--	41	47027	卖盘
09:58:31	11.47	-0.01	4	4588	卖盘
09:58:27	11.48	0.01	7	8036	买盘
09:58:22	11.47	-0.01	6	6882	卖盘
09:58:16	11.48	-0.01	7	8036	卖盘
09:58:12	11.49	--	21	24129	买盘
09:58:07	11.49	--	1	1149	买盘
09:58:01	11.49	--	41	47109	卖盘
09:57:57	11.49	-0.01	3	3447	卖盘
09:57:52	11.5	0.01	13	14950	买盘
09:57:42	11.49	-0.01	4	4596	中性盘
09:57:36	11.5	0.02	32	36800	买盘
09:57:31	11.48	--	21	24108	卖盘
09:57:27	11.48	-0.01	7	8036	卖盘
09:57:16	11.49	-0.01	8	9192	卖盘
09:57:12	11.5	0.03	5	5750	买盘
09:57:07	11.47	-0.03	880	1010243	卖盘
09:57:01	11.5	0.01	10	11500	买盘
09:56:56	11.49	0.01	10	11490	卖盘
09:56:46	11.48	--	0	0	卖盘
09:56:41	11.48	--	25	28700	卖盘
09:56:22	11.48	--	67	77088	买盘
09:56:11	11.48	--	25	28700	买盘
09:56:07	11.48	--	48	55104	买盘
09:56:01	11.48	--	162	186951	卖盘
09:55:56	11.48	--	18	20664	卖盘
09:55:51	11.48	--	23	26576	买盘
09:55:41	11.48	--	82	94136	买盘
09:55:36	11.48	--	116	133168	买盘
09:55:26	11.48	0.01	85	97580	买盘
09:55:21	11.47	-0.02	36	41292	卖盘
09:55:16	11.49	--	20	22980	卖盘
09:55:11	11.49	0.02	22	25278	买盘
09:55:06	11.47	-0.01	60	68820	卖盘
09:54:51	11.48	0.02	1	1148	卖盘
09:54:46	11.46	-0.01	101	115746	卖盘
09:54:41	11.47	--	130	149110	卖盘
09:54:21	11.47	--	28	32116	买盘
09:54:16	11.47	--	82	94054	卖盘
09:54:11	11.47	-0.01	34	38998	买盘
09:53:56	11.48	0.01	20	22960	买盘
09:53:51	11.47	-0.01	15	17205	中性盘
09:53:46	11.48	0.02	15	17220	买盘
09:53:41	11.46	-0.01	24	27504	卖盘
09:53:36	11.47	-0.01	34	38998	卖盘
09:53:31	11.48	0.01	4	4592	买盘
09:53:21	11.47	--	10	11470	卖盘
09:53:16	11.47	-0.01	20	22940	卖盘
09:53:11	11.48	--	42	48216	买盘
09:53:06	11.48	--	15	17220	买盘
09:52:56	11.48	-0.01	9	10332	卖盘
09:52:51	11.49	--	59	67791	买盘
09:52:46	11.49	--	19	21831	买盘
09:52:40	11.49	--	8	9192	买盘
09:52:36	11.49	--	32	36768	卖盘
09:52:31	11.49	-0.02	421	483729	卖盘
09:52:16	11.51	--	20	23020	买盘
09:52:10	11.51	--	15	17265	卖盘
09:52:06	11.51	--	18	20718	卖盘
09:52:01	11.51	--	40	46040	卖盘
09:51:51	11.51	--	0	0	卖盘
09:51:46	11.51	-0.01	210	241710	卖盘
09:51:36	11.52	--	133	153216	卖盘
09:51:31	11.52	-0.01	31	35712	卖盘
09:51:10	11.53	--	5	5765	卖盘
09:51:06	11.53	--	20	23060	卖盘
09:51:01	11.53	--	10	11530	卖盘
09:50:51	11.53	-0.01	200	230600	卖盘
09:50:46	11.54	--	106	122323	卖盘
09:50:40	11.54	-0.01	8	9232	卖盘
09:50:35	11.55	0.01	10	11550	买盘
09:50:31	11.54	--	44	50775	卖盘
09:50:25	11.54	-0.01	25	28849	卖盘
09:50:20	11.55	--	49	56595	买盘
09:50:16	11.55	0.01	3	3465	买盘
09:50:05	11.54	-0.01	22	25387	卖盘
09:50:01	11.55	0.01	10	11550	买盘
09:49:46	11.54	--	3	3461	卖盘
09:49:35	11.54	-0.01	31	35774	卖盘
09:49:25	11.55	--	20	23100	买盘
09:49:20	11.55	0.01	9	10395	买盘
09:49:15	11.54	--	55	63469	卖盘
09:49:05	11.54	-0.01	20	23080	卖盘
09:48:55	11.55	--	20	23100	买盘
09:48:45	11.55	-0.01	50	57750	买盘
09:48:35	11.56	0.01	75	86700	买盘
09:48:30	11.55	0.01	8	9240	卖盘
09:48:25	11.54	--	0	0	卖盘
09:48:20	11.54	-0.01	50	57699	卖盘
09:48:15	11.55	--	9	10395	买盘
09:48:05	11.55	-0.01	87	100485	卖盘
09:48:00	11.56	0.01	18	20808	买盘
09:47:55	11.55	--	39	45045	卖盘
09:47:50	11.55	-0.01	34	39270	卖盘
09:47:45	11.56	-0.01	232	268192	卖盘
09:47:40	11.57	--	2	2314	买盘
09:47:35	11.57	0.01	4	4628	买盘
09:47:25	11.56	0.01	7	8092	卖盘
09:47:20	11.55	-0.02	80	92400	卖盘
09:47:15	11.57	0.01	120	138840	买盘
09:47:10	11.56	0.01	2	2312	买盘
09:47:05	11.55	-0.01	34	39270	卖盘
09:47:00	11.56	--	20	23120	买盘
09:46:50	11.56	-0.01	2	2312	买盘
09:46:45	11.57	--	32	37024	买盘
09:46:40	11.57	--	0	0	买盘
09:46:35	11.57	0.01	91	105287	买盘
09:46:25	11.56	0.01	16	18496	买盘
09:46:15	11.55	--	53	61215	买盘
09:46:10	11.55	--	141	162855	卖盘
09:46:00	11.55	--	35	40425	卖盘
09:45:55	11.55	--	51	58905	买盘
09:45:49	11.55	0.02	8	9240	买盘
09:45:40	11.53	--	0	0	卖盘
09:45:30	11.53	-0.02	10	11530	卖盘
09:45:25	11.55	0.02	1	1155	买盘
09:45:10	11.53	--	0	0	卖盘
09:45:00	11.53	-0.04	5	5765	卖盘
09:44:54	11.57	0.04	1	1157	买盘
09:44:49	11.53	--	26	29978	卖盘
09:44:45	11.53	-0.03	33	38049	卖盘
09:44:40	11.56	0.04	658	760648	买盘
09:44:29	11.52	--	1	1152	卖盘
09:44:10	11.52	--	20	23040	卖盘
09:43:49	11.52	--	1	1152	卖盘
09:43:44	11.52	--	87	100224	买盘
09:43:40	11.52	--	3	3456	买盘
09:43:29	11.52	0.01	10	11520	买盘
09:43:14	11.51	-0.02	22	25322	卖盘
09:42:59	11.53	--	30	34590	买盘
09:42:54	11.53	--	0	0	买盘
09:42:49	11.53	0.03	5	5765	买盘
09:42:44	11.5	-0.03	150	172500	卖盘
09:42:39	11.53	--	168	193704	卖盘
09:42:29	11.53	--	2	2306	卖盘
09:42:19	11.53	-0.01	5	5765	卖盘
09:42:14	11.54	--	5	5770	买盘
09:42:09	11.54	-0.01	45	51929	卖盘
09:42:04	11.55	--	14	16170	买盘
09:41:59	11.55	--	11	12705	买盘
09:41:54	11.55	--	10	11550	买盘
09:41:49	11.55	0.01	1	1155	买盘
09:41:44	11.54	-0.01	13	15001	卖盘
09:41:39	11.55	--	19	21945	买盘
09:41:29	11.55	0.01	1	1155	买盘
09:41:24	11.54	--	2	2308	卖盘
09:41:19	11.54	0.01	9	10386	买盘
09:41:09	11.53	-0.01	59	68027	卖盘
09:41:04	11.54	--	4	4616	买盘
09:40:59	11.54	--	32	36928	卖盘
09:40:54	11.54	-0.02	43	49621	卖盘
09:40:39	11.56	--	69	79764	买盘
09:40:34	11.56	0.01	9	10404	买盘
09:40:29	11.55	--	16	18480	卖盘
09:40:24	11.55	--	26	30030	卖盘
09:40:19	11.55	--	13	15015	卖盘
09:40:14	11.55	--	32	36960	卖盘
09:40:09	11.55	--	11	12705	卖盘
09:40:04	11.55	-0.01	15	17325	卖盘
09:39:58	11.56	-0.01	19	21964	卖盘
09:39:54	11.57	--	21	24297	买盘
09:39:49	11.57	--	31	35867	买盘
09:39:39	11.57	-0.01	114	131898	卖盘
09:39:34	11.58	--	18	20844	买盘
09:39:28	11.58	--	90	104220	买盘
09:39:24	11.58	--	84	97272	卖盘
09:39:19	11.58	-0.01	38	44004	卖盘
09:39:13	11.59	--	65	75335	买盘
09:39:09	11.59	0.01	9	10431	买盘
09:39:04	11.58	0.01	14	16212	中性盘
09:38:58	11.57	-0.02	1	1157	卖盘
09:38:54	11.59	0.02	102	118218	买盘
09:38:43	11.57	-0.01	20	23140	中性盘
09:38:39	11.58	0.02	121	140118	买盘
09:38:34	11.56	--	15	17340	卖盘
09:38:28	11.56	-0.01	10	11560	卖盘
09:38:24	11.57	0.03	24	27768	买盘
09:38:19	11.54	-0.01	89	102705	卖盘
09:38:13	11.55	0.01	29	33495	买盘
09:38:08	11.54	--	13	15001	卖盘
09:38:04	11.54	-0.01	192	221567	卖盘
09:37:58	11.55	0.01	20	23100	买盘
09:37:53	11.54	-0.01	41	47314	卖盘
09:37:49	11.55	0.01	101	116655	买盘
09:37:38	11.54	--	27	31157	卖盘
09:37:34	11.54	--	1	1154	买盘
09:37:28	11.54	--	2	2308	买盘
09:37:08	11.54	0.03	25	28849	买盘
09:37:03	11.51	-0.01	12	13812	卖盘
09:36:58	11.52	--	46	52992	卖盘
09:36:53	11.52	-0.01	20	23040	卖盘
09:36:48	11.53	--	20	23060	买盘
09:36:38	11.53	0.01	16	18448	买盘
09:36:33	11.52	--	298	343296	卖盘
09:36:28	11.52	0.01	85	97920	买盘
09:36:23	11.51	--	2	2302	卖盘
09:36:18	11.51	--	156	179556	卖盘
09:36:13	11.51	0.01	120	138120	买盘
09:36:08	11.5	-0.01	73	83950	卖盘
09:36:03	11.51	0.01	12	13812	买盘
09:35:53	11.5	-0.01	1	1150	卖盘
09:35:48	11.51	-0.01	16	18416	卖盘
09:35:43	11.52	0.01	11	12672	买盘
09:35:38	11.51	-0.01	100	115100	卖盘
09:35:33	11.52	--	25	28800	买盘
09:35:28	11.52	--	32	36864	买盘
09:35:23	11.52	--	6	6912	买盘
09:35:18	11.52	--	7	8064	买盘
09:35:13	11.52	--	5	5760	买盘
09:35:08	11.52	-0.01	140	161280	卖盘
09:35:03	11.53	--	7	8071	卖盘
09:34:58	11.53	--	9	10377	买盘
09:34:53	11.53	--	21	24213	卖盘
09:34:48	11.53	--	12	13836	卖盘
09:34:43	11.53	--	5	5765	买盘
09:34:38	11.53	0.01	17	19601	卖盘
09:34:33	11.52	--	114	131328	卖盘
09:34:28	11.52	--	0	0	卖盘
09:34:23	11.52	-0.01	135	155520	卖盘
09:34:18	11.53	0.01	18	20754	买盘
09:34:13	11.52	--	15	17280	卖盘
09:34:08	11.52	-0.01	40	46080	卖盘
09:34:03	11.53	--	11	12683	买盘
09:33:53	11.53	0.01	21	24213	中性盘
09:33:48	11.52	-0.02	202	232704	卖盘
09:33:43	11.54	0.01	2	2308	买盘
09:33:33	11.53	-0.01	12	13836	卖盘
09:33:28	11.54	--	1	1154	买盘
09:33:22	11.54	--	5	5770	买盘
09:33:13	11.54	--	41	47314	卖盘
09:33:07	11.54	--	2	2308	卖盘
09:32:57	11.54	--	27	31157	买盘
09:32:52	11.54	--	12	13847	买盘
09:32:48	11.54	0.02	10	11540	买盘
09:32:43	11.52	-0.03	32	36864	卖盘
09:32:33	11.55	0.01	88	101640	买盘
09:32:28	11.54	-0.01	60	69240	卖盘
09:32:22	11.55	0.01	25	28875	买盘
09:32:17	11.54	--	58	66932	卖盘
09:32:13	11.54	--	55	63469	卖盘
09:32:03	11.54	--	4	4616	买盘
09:31:58	11.54	-0.01	104	120015	中性盘
09:31:52	11.55	0.01	80	92400	买盘
09:31:47	11.54	-0.01	28	32311	卖盘
09:31:43	11.55	--	30	34650	卖盘
09:31:37	11.55	--	60	69300	卖盘
09:31:32	11.55	--	14	16170	买盘
09:31:27	11.55	--	56	64680	买盘
09:31:17	11.55	-0.02	16	18480	卖盘
09:31:13	11.57	--	0	0	买盘
09:31:07	11.57	0.02	34	39338	买盘
09:31:02	11.55	-0.01	13	15015	卖盘
09:30:57	11.56	--	2	2312	卖盘
09:30:52	11.56	0.04	51	58956	买盘
09:30:42	11.52	-0.04	3	3456	卖盘
09:30:37	11.56	--	3	3468	卖盘
09:30:32	11.56	0.01	34	39304	买盘
09:30:22	11.55	-0.01	6	6930	中性盘
09:30:12	11.56	--	40	46240	买盘
09:30:07	11.56	0.01	421	486676	买盘
09:30:02	11.55	-0.01	268	309540	卖盘
09:28:46	11.56	--	0	0	卖盘
09:25:05	11.56	11.56	197	227732	买盘
