成交时间	成交价	价格变动	成交量(手)	成交额(元)	性质
15:00:00	51.46	--	0	0	买盘
15:00:00	51.46	0.01	0	0	买盘
14:59:58	51.45	--	49	252105	买盘
14:59:52	51.45	--	9	46305	买盘
14:59:48	51.45	-0.03	11	56595	卖盘
14:59:43	51.48	0.02	4	20592	买盘
14:59:33	51.46	-0.03	2	10292	中性盘
14:59:28	51.49	--	6	30894	买盘
14:59:22	51.49	--	3	15447	买盘
14:59:18	51.49	--	7	36043	买盘
14:59:07	51.49	-0.01	3	17764	卖盘
14:59:03	51.5	0.01	3	15450	中性盘
14:58:58	51.49	--	14	72086	卖盘
14:58:43	51.49	-0.01	6	30894	卖盘
14:58:37	51.5	0.01	5	25750	买盘
14:58:33	51.49	-0.01	1	5149	卖盘
14:58:28	51.5	-0.01	58	298700	卖盘
14:58:22	51.51	--	0	0	卖盘
14:58:18	51.51	-0.02	60	309060	卖盘
14:58:13	51.53	--	8	41224	买盘
14:58:03	51.53	-0.02	26	133978	卖盘
14:57:58	51.55	--	12	61860	买盘
14:57:43	51.55	--	10	51550	买盘
14:57:37	51.55	--	2	10310	买盘
14:57:33	51.55	--	6	30930	买盘
14:57:28	51.55	0.01	19	97945	买盘
14:57:18	51.54	-0.02	5	25770	卖盘
14:57:13	51.56	--	3	15468	卖盘
14:56:58	51.56	--	5	25780	卖盘
14:56:48	51.56	0.02	84	433104	买盘
14:56:37	51.54	-0.02	2	10308	卖盘
14:56:33	51.56	--	0	0	买盘
14:56:28	51.56	-0.01	2	10312	买盘
14:56:18	51.57	--	1	5157	买盘
14:56:13	51.57	-0.01	2	10314	中性盘
14:56:07	51.58	0.03	10	51580	买盘
14:56:03	51.55	-0.04	1	5155	卖盘
14:55:52	51.59	--	2	10318	买盘
14:55:33	51.59	0.07	4	20636	买盘
14:55:28	51.52	-0.02	52	267904	卖盘
14:55:07	51.54	-0.01	5	25770	买盘
14:55:03	51.55	--	0	0	卖盘
14:54:57	51.55	-0.03	10	51550	卖盘
14:54:48	51.58	-0.01	5	25790	卖盘
14:54:43	51.59	--	5	25795	买盘
14:54:37	51.59	--	6	30954	买盘
14:54:27	51.59	--	2	10318	买盘
14:54:12	51.59	--	0	0	买盘
14:54:07	51.59	0.04	10	51590	买盘
14:54:02	51.55	0.03	1	5155	卖盘
14:53:42	51.52	0.02	26	133952	买盘
14:53:37	51.5	--	2	10300	买盘
14:53:32	51.5	--	3	15450	买盘
14:53:27	51.5	--	15	77250	卖盘
14:53:17	51.5	--	0	0	卖盘
14:53:12	51.5	--	1	5150	买盘
14:53:07	51.5	--	66	339900	买盘
14:52:46	51.5	-0.05	15	77250	卖盘
14:52:42	51.55	0.05	42	216510	买盘
14:52:37	51.5	--	5	25750	买盘
14:52:27	51.5	--	2	10300	买盘
14:52:16	51.5	--	6	30900	卖盘
14:52:12	51.5	--	4	20600	卖盘
14:52:07	51.5	--	4	20600	卖盘
14:52:01	51.5	0.05	3	18282	买盘
14:51:46	51.45	-0.05	13	66885	卖盘
14:51:42	51.5	0.02	5	25750	买盘
14:51:37	51.48	--	6	30887	买盘
14:51:27	51.48	--	4	20592	卖盘
14:51:22	51.48	--	1	5148	卖盘
14:51:12	51.48	--	5	25740	卖盘
14:51:07	51.48	-0.01	1	5148	卖盘
14:51:01	51.49	-0.01	2	10298	中性盘
14:50:57	51.5	-0.04	2	12617	卖盘
14:50:52	51.54	0.04	3	15462	买盘
14:50:42	51.5	-0.05	36	185400	卖盘
14:50:31	51.55	--	0	0	买盘
14:50:27	51.55	--	48	247440	买盘
14:50:22	51.55	0.01	1	5155	买盘
14:50:16	51.54	-0.01	1	5154	卖盘
14:50:11	51.55	-0.05	8	41240	卖盘
14:49:46	51.6	--	2	10320	买盘
14:49:42	51.6	-0.02	2	10320	卖盘
14:49:37	51.62	0.02	1	5162	买盘
14:49:31	51.6	--	0	0	中性盘
14:49:16	51.6	0.05	2	10320	买盘
14:49:11	51.55	--	3	15465	卖盘
14:49:07	51.55	--	1	5155	卖盘
14:48:37	51.55	--	0	0	卖盘
14:48:16	51.55	--	0	0	卖盘
14:48:06	51.55	-0.08	1	5155	卖盘
14:48:01	51.63	-0.02	1	5163	买盘
14:47:51	51.65	0.02	3	15495	买盘
14:47:21	51.63	--	0	0	买盘
14:47:11	51.63	--	20	103260	卖盘
14:46:56	51.63	0.11	15	77445	买盘
14:46:41	51.52	--	0	0	卖盘
14:46:25	51.52	--	0	0	中性盘
14:46:06	51.52	-0.08	1	5152	卖盘
14:46:01	51.6	0.09	1	5160	买盘
14:45:51	51.51	--	0	0	卖盘
14:45:40	51.51	-0.09	20	103020	卖盘
14:45:36	51.6	--	9	49278	卖盘
14:45:31	51.6	--	31	159960	卖盘
14:45:06	51.6	-0.02	2	10320	买盘
14:45:01	51.62	--	0	0	买盘
14:44:51	51.62	0.02	50	258100	买盘
14:44:46	51.6	0.1	1	5160	买盘
14:44:21	51.5	--	1	5150	卖盘
14:44:16	51.5	-0.1	2	10300	中性盘
14:44:10	51.6	0.1	50	258000	买盘
14:44:06	51.5	0.02	1	5150	买盘
14:44:01	51.48	--	20	102960	卖盘
14:43:50	51.48	--	3	15443	卖盘
14:43:46	51.48	--	0	0	卖盘
14:43:40	51.48	--	2	10296	卖盘
14:43:31	51.48	-0.02	1	5148	卖盘
14:43:21	51.5	--	1	5150	买盘
14:43:01	51.5	--	1	6952	卖盘
14:42:55	51.5	--	6	30900	卖盘
14:42:46	51.5	--	9	46350	卖盘
14:42:40	51.5	0.02	2	10300	卖盘
14:42:25	51.48	--	2	13642	买盘
14:42:20	51.48	-0.03	7	37837	卖盘
14:42:16	51.51	0.01	7	39405	买盘
14:42:10	51.5	--	0	0	买盘
14:42:05	51.5	-0.01	6	33011	卖盘
14:42:01	51.51	--	2	10302	买盘
14:41:55	51.51	-0.01	3	17255	卖盘
14:41:35	51.52	--	82	422464	卖盘
14:41:20	51.52	0.01	20	106388	买盘
14:41:16	51.51	--	1	6953	卖盘
14:41:01	51.51	-0.11	25	128775	卖盘
14:40:46	51.62	0.09	5	25810	买盘
14:40:40	51.53	--	9	46377	买盘
14:40:35	51.53	--	1	5153	买盘
14:40:30	51.53	-0.07	4	21797	卖盘
14:40:20	51.6	0.06	5	25800	买盘
14:40:10	51.54	0.01	2	10308	买盘
14:40:05	51.53	-0.01	3	15459	卖盘
14:39:50	51.54	0.01	5	25770	卖盘
14:39:40	51.53	--	0	0	卖盘
14:39:35	51.53	-0.09	3	18808	卖盘
14:39:20	51.62	0.09	1	5162	买盘
14:39:15	51.53	--	0	0	卖盘
14:39:05	51.53	--	3	18190	卖盘
14:38:40	51.53	--	0	0	卖盘
14:38:34	51.53	--	3	18190	卖盘
14:38:30	51.53	--	0	0	卖盘
14:38:25	51.53	-0.11	5	25765	卖盘
14:38:19	51.64	0.11	1	5164	买盘
14:38:15	51.53	--	10	51530	卖盘
14:38:04	51.53	--	4	23343	卖盘
14:38:00	51.53	--	0	0	卖盘
14:37:34	51.53	-0.12	3	18190	卖盘
14:37:30	51.65	-0.01	3	17922	卖盘
14:37:10	51.66	0.01	1	5166	买盘
14:37:04	51.65	-0.01	3	18232	卖盘
14:37:00	51.66	--	0	0	买盘
14:36:55	51.66	0.14	2	10332	买盘
14:36:45	51.52	--	0	0	卖盘
14:36:40	51.52	--	0	0	卖盘
14:36:34	51.52	-0.13	3	18186	卖盘
14:36:14	51.65	0.12	3	15495	买盘
14:36:04	51.53	-0.05	4	23343	卖盘
14:35:59	51.58	--	0	0	卖盘
14:35:40	51.58	0.05	1	5158	买盘
14:35:34	51.53	-0.05	3	18190	卖盘
14:35:25	51.58	0.05	5	25790	买盘
14:35:04	51.53	--	3	18190	卖盘
14:34:55	51.53	0.02	4	20612	卖盘
14:34:40	51.51	--	0	0	卖盘
14:34:34	51.51	--	4	23334	卖盘
14:34:10	51.51	0.01	1	5151	中性盘
14:34:04	51.5	--	4	23329	卖盘
14:33:55	51.5	-0.01	14	72100	卖盘
14:33:44	51.51	0.01	3	15453	买盘
14:33:39	51.5	--	0	0	卖盘
14:33:34	51.5	-0.01	3	18179	卖盘
14:33:19	51.51	--	1	5151	卖盘
14:33:04	51.51	0.01	3	18183	卖盘
14:32:59	51.5	--	0	0	卖盘
14:32:54	51.5	-0.01	15	77250	卖盘
14:32:39	51.51	--	16	82416	买盘
14:32:28	51.51	--	2	10302	买盘
14:32:24	51.51	--	8	41208	中性盘
14:32:09	51.51	--	0	0	中性盘
14:32:04	51.51	0.01	12	61812	买盘
14:31:59	51.5	--	5	25750	买盘
14:31:54	51.5	--	1	5150	买盘
14:31:49	51.5	0.03	10	51500	买盘
14:31:39	51.47	--	2	10294	卖盘
14:31:28	51.47	--	2	10294	卖盘
14:31:19	51.47	0.01	1	5147	买盘
14:31:04	51.46	--	4	20584	卖盘
14:30:49	51.46	--	0	0	中性盘
14:30:39	51.46	-0.01	2	10292	买盘
14:30:24	51.47	--	0	0	买盘
14:30:19	51.47	0.01	16	82352	买盘
14:30:13	51.46	-0.01	3	15438	卖盘
14:30:09	51.47	-0.01	11	56617	买盘
14:29:58	51.48	-0.1	6	30887	卖盘
14:29:39	51.58	--	7	36106	卖盘
14:29:19	51.58	--	0	0	卖盘
14:29:08	51.58	-0.01	1	5158	买盘
14:28:53	51.59	--	0	0	中性盘
14:28:49	51.59	0.09	2	10318	买盘
14:28:43	51.5	0.04	2	10300	买盘
14:28:38	51.46	-0.02	10	51460	卖盘
14:28:28	51.48	0.02	2	10296	买盘
14:28:13	51.46	--	2	10292	卖盘
14:28:04	51.46	--	1	5146	卖盘
14:27:58	51.46	0.08	1	5146	买盘
14:27:49	51.38	--	0	0	卖盘
14:27:23	51.38	--	4	20552	买盘
14:27:19	51.38	0.05	2	10276	买盘
14:27:13	51.33	--	5	25665	卖盘
14:27:08	51.33	0.02	1	5133	中性盘
14:27:03	51.31	-0.07	11	56441	卖盘
14:26:53	51.38	--	0	0	中性盘
14:26:49	51.38	--	3	15414	买盘
14:26:43	51.38	-0.01	7	35966	卖盘
14:26:38	51.39	0.01	20	102780	买盘
14:26:33	51.38	--	1	5138	卖盘
14:26:28	51.38	0.11	8	41104	买盘
14:26:18	51.27	--	0	0	卖盘
14:26:08	51.27	0.01	13	66651	中性盘
14:26:03	51.26	-0.12	14	75864	卖盘
14:25:58	51.38	--	0	0	买盘
14:25:53	51.38	--	1	5138	买盘
14:25:48	51.38	--	11	56518	买盘
14:25:38	51.38	0.15	1	5138	买盘
14:25:33	51.23	--	11	60451	卖盘
14:25:28	51.23	--	24	122951	卖盘
14:25:23	51.23	--	0	0	卖盘
14:25:18	51.23	--	0	0	卖盘
14:25:03	51.23	-0.16	4	24590	卖盘
14:24:48	51.39	0.16	10	51390	买盘
14:24:43	51.23	-0.16	1	5123	卖盘
14:24:33	51.39	0.16	6	30834	买盘
14:24:22	51.23	-0.17	21	107583	卖盘
14:24:03	51.4	-0.01	56	287840	卖盘
14:23:52	51.41	--	0	0	卖盘
14:23:48	51.41	-0.07	51	262191	卖盘
14:23:43	51.48	0.01	2	10296	买盘
14:23:33	51.47	-0.01	3	15441	卖盘
14:23:22	51.48	-0.01	3	17039	卖盘
14:23:18	51.49	0.01	18	92682	买盘
14:23:13	51.48	--	7	36036	卖盘
14:23:03	51.48	-0.01	28	147696	卖盘
14:22:58	51.49	--	11	56639	买盘
14:22:18	51.49	-0.01	10	51490	买盘
14:22:13	51.5	0.01	2	10300	卖盘
14:22:07	51.49	--	0	0	中性盘
14:22:03	51.49	--	1	5149	卖盘
14:21:47	51.49	0.01	1	5149	卖盘
14:21:43	51.48	--	0	0	卖盘
14:21:32	51.48	--	13	66924	卖盘
14:21:28	51.48	--	5	25740	卖盘
14:21:17	51.48	0.01	24	123551	买盘
14:21:13	51.47	-0.01	29	149263	卖盘
14:21:02	51.48	--	1	5148	买盘
14:20:58	51.48	0.01	1	5148	买盘
14:20:52	51.47	--	0	0	卖盘
14:20:43	51.47	--	0	0	卖盘
14:20:32	51.47	--	0	0	卖盘
14:20:27	51.47	-0.1	19	97793	卖盘
14:20:22	51.57	0.05	9	46413	买盘
14:20:17	51.52	0.02	1	5152	中性盘
14:20:13	51.5	-0.02	2	10300	卖盘
14:20:02	51.52	-0.05	1	5152	卖盘
14:19:52	51.57	0.07	2	10314	买盘
14:19:47	51.5	--	2	10300	买盘
14:19:43	51.5	-0.07	1	5150	卖盘
14:19:17	51.57	--	0	0	买盘
14:19:12	51.57	-0.01	1	5157	中性盘
14:19:07	51.58	0.08	6	30948	买盘
14:18:57	51.5	--	4	20600	买盘
14:18:47	51.5	-0.08	7	36050	卖盘
14:18:42	51.58	--	10	51580	卖盘
14:18:27	51.58	--	13	67054	卖盘
14:18:22	51.58	0.08	4	20632	买盘
14:18:07	51.5	--	0	0	买盘
14:18:02	51.5	--	4	20600	卖盘
14:17:57	51.5	--	1	5150	卖盘
14:17:42	51.5	--	5	25750	卖盘
14:17:22	51.5	--	1	5150	卖盘
14:17:01	51.5	0.1	1	5150	卖盘
14:16:57	51.4	0.02	1	5140	买盘
14:16:52	51.38	-0.02	2	10276	卖盘
14:16:42	51.4	--	0	0	中性盘
14:16:37	51.4	-0.19	10	51400	卖盘
14:16:31	51.59	0.19	11	56749	买盘
14:16:27	51.4	--	2	10280	卖盘
14:16:22	51.4	-0.05	20	102800	卖盘
14:16:16	51.45	-0.11	100	514500	卖盘
14:16:12	51.56	0.01	1	5156	卖盘
14:16:01	51.55	--	0	0	卖盘
14:15:57	51.55	--	8	41240	卖盘
14:15:46	51.55	--	0	0	卖盘
14:15:41	51.55	-0.04	10	51550	卖盘
14:15:37	51.59	--	2	10318	买盘
14:15:31	51.59	-0.01	10	51590	卖盘
14:15:27	51.6	--	2	10320	买盘
14:15:22	51.6	--	1	5160	买盘
14:15:16	51.6	--	7	36120	卖盘
14:15:11	51.6	--	2	10320	卖盘
14:15:07	51.6	--	16	82560	卖盘
14:14:56	51.6	--	43	221880	卖盘
14:14:52	51.6	--	6	35088	卖盘
14:14:46	51.6	--	1	9649	卖盘
14:14:41	51.6	-0.03	118	608880	卖盘
14:14:37	51.63	--	2	10326	买盘
14:14:31	51.63	--	1	6195	卖盘
14:14:26	51.63	--	39	205487	卖盘
14:14:22	51.63	--	20	103260	卖盘
14:14:11	51.63	-0.05	10	51630	卖盘
14:14:06	51.68	--	0	0	买盘
14:13:41	51.68	0.06	20	103360	买盘
14:13:36	51.62	--	1	8723	卖盘
14:13:31	51.62	--	2	10324	卖盘
14:13:26	51.62	-0.01	1	5162	卖盘
14:13:22	51.63	--	2	11926	卖盘
14:13:06	51.63	-0.05	6	34540	卖盘
14:13:01	51.68	-0.01	1	5168	卖盘
14:12:41	51.69	--	62	320478	卖盘
14:12:36	51.69	--	8	41352	卖盘
14:12:31	51.69	--	2	10338	卖盘
14:12:26	51.69	-0.01	6	31014	卖盘
14:12:06	51.7	--	15	79204	卖盘
14:12:01	51.7	--	1	5170	卖盘
14:11:51	51.7	--	5	25850	卖盘
14:11:11	51.7	--	1	8685	买盘
14:10:56	51.7	--	7	37844	卖盘
14:10:41	51.7	--	0	0	卖盘
14:10:21	51.7	--	0	0	卖盘
14:10:06	51.7	--	1	5170	卖盘
14:09:31	51.7	-0.01	11	60385	卖盘
14:09:21	51.71	--	0	0	中性盘
14:09:16	51.71	--	1	5171	买盘
14:08:51	51.71	0.01	3	15513	买盘
14:08:46	51.7	--	18	93060	卖盘
14:08:35	51.7	-0.01	5	25850	卖盘
14:08:16	51.71	--	11	58535	卖盘
14:07:50	51.71	--	0	0	卖盘
14:07:40	51.71	-0.02	2	10342	卖盘
14:07:31	51.73	0.02	3	15518	买盘
14:07:05	51.71	-0.02	1	5171	卖盘
14:07:01	51.73	0.01	1	5173	买盘
14:06:35	51.72	-0.01	4	22446	买盘
14:06:30	51.73	0.02	1	5173	买盘
14:06:25	51.71	-0.02	3	15513	卖盘
14:06:16	51.73	0.02	2	10346	买盘
14:06:05	51.71	--	2	12100	卖盘
14:05:35	51.71	-0.04	1	5171	卖盘
14:05:15	51.75	--	7	36225	卖盘
14:05:00	51.75	0.02	3	15525	买盘
14:04:45	51.73	--	0	0	中性盘
14:04:35	51.73	0.03	2	10346	买盘
14:04:30	51.7	-0.03	2	10340	卖盘
14:04:04	51.73	0.03	5	25865	买盘
14:03:40	51.7	-0.03	3	15510	卖盘
14:03:30	51.73	0.03	2	10346	买盘
14:03:04	51.7	-0.03	26	134420	卖盘
14:03:00	51.73	--	2	10346	卖盘
14:02:49	51.73	-0.03	20	103460	卖盘
14:02:40	51.76	--	0	0	买盘
14:02:30	51.76	--	1	5176	买盘
14:02:10	51.76	-0.01	2	10352	买盘
14:02:04	51.77	0.04	10	51770	买盘
14:02:00	51.73	--	3	15518	卖盘
14:01:34	51.73	--	0	0	中性盘
14:01:30	51.73	0.01	4	20692	卖盘
14:01:25	51.72	--	0	0	卖盘
14:01:19	51.72	--	0	0	卖盘
14:01:09	51.72	-0.01	1	5172	卖盘
14:01:04	51.73	0.02	1	5173	卖盘
14:00:59	51.71	--	0	0	卖盘
14:00:34	51.71	0.02	2	10342	买盘
14:00:29	51.69	--	0	0	卖盘
14:00:25	51.69	--	3	15507	卖盘
14:00:09	51.69	--	8	41352	买盘
13:59:55	51.69	--	8	41352	卖盘
13:59:49	51.69	--	0	0	卖盘
13:59:40	51.69	--	0	0	中性盘
13:59:29	51.69	--	1	5169	买盘
13:59:14	51.69	-0.01	13	67197	卖盘
13:59:09	51.7	--	2	10340	买盘
13:58:59	51.7	--	5	25850	买盘
13:58:54	51.7	--	6	31020	买盘
13:58:39	51.7	--	0	0	买盘
13:58:34	51.7	0.01	5	25850	买盘
13:58:29	51.69	--	0	0	中性盘
13:58:24	51.69	--	5	25845	买盘
13:58:14	51.69	0.07	5	25845	买盘
13:58:04	51.62	--	1	5162	卖盘
13:57:59	51.62	--	0	0	卖盘
13:57:44	51.62	0.01	12	61944	卖盘
13:57:39	51.61	--	0	0	卖盘
13:57:19	51.61	--	0	0	卖盘
13:56:54	51.61	-0.09	75	387075	卖盘
13:56:24	51.7	--	20	103400	买盘
13:55:49	51.7	--	0	0	中性盘
13:55:39	51.7	0.01	3	15510	买盘
13:55:34	51.69	-0.01	1	5169	卖盘
13:55:24	51.7	--	1	5170	买盘
13:55:13	51.7	--	1	5170	买盘
13:54:58	51.7	--	1	5170	买盘
13:54:53	51.7	--	1	5170	买盘
13:54:18	51.7	--	28	144760	卖盘
13:54:04	51.7	-0.01	1	5170	卖盘
13:53:58	51.71	--	0	0	买盘
13:53:53	51.71	0.01	1	5171	买盘
13:53:18	51.7	--	0	0	中性盘
13:53:08	51.7	-0.06	7	36190	卖盘
13:53:04	51.76	--	3	15528	买盘
13:52:43	51.76	-0.01	6	31056	卖盘
13:52:33	51.77	0.01	1	5177	买盘
13:52:18	51.76	-0.02	2	10352	买盘
13:51:48	51.78	--	1	5178	买盘
13:51:38	51.78	--	0	0	买盘
13:51:33	51.78	0.11	5	25890	买盘
13:51:03	51.67	-0.11	3	15501	卖盘
13:50:53	51.78	0.09	7	36246	买盘
13:50:43	51.69	--	2	10338	买盘
13:50:38	51.69	-0.1	7	36183	卖盘
13:50:08	51.79	--	0	0	买盘
13:49:58	51.79	--	0	0	买盘
13:49:37	51.79	--	2	10358	买盘
13:49:13	51.79	0.12	1	5179	买盘
13:49:03	51.67	-0.12	1	5167	卖盘
13:48:33	51.79	0.16	5	25895	买盘
13:48:28	51.63	--	0	0	卖盘
13:48:22	51.63	-0.17	9	46467	卖盘
13:48:18	51.8	--	0	0	买盘
13:48:07	51.8	--	0	0	买盘
13:48:03	51.8	0.2	2	10360	买盘
13:47:57	51.6	--	0	0	卖盘
13:47:48	51.6	--	0	0	卖盘
13:47:42	51.6	--	0	0	卖盘
13:47:27	51.6	--	0	0	卖盘
13:47:18	51.6	0.02	44	231116	买盘
13:47:12	51.58	-0.02	5	25790	卖盘
13:46:57	51.6	--	1	5160	买盘
13:46:52	51.6	--	1	5160	买盘
13:46:47	51.6	-0.04	54	279723	卖盘
13:46:42	51.64	-0.06	8	41312	中性盘
13:46:37	51.7	0.07	2	10340	买盘
13:46:27	51.63	-0.07	12	61956	卖盘
13:46:17	51.7	--	3	15510	买盘
13:46:12	51.7	--	0	0	买盘
13:46:02	51.7	--	3	15510	买盘
13:45:57	51.7	0.07	1	5170	买盘
13:45:52	51.63	-0.07	1	5163	卖盘
13:45:47	51.7	0.07	1	5170	买盘
13:45:32	51.63	-0.06	9	46467	卖盘
13:45:27	51.69	0.06	7	36183	买盘
13:45:22	51.63	0.01	1	5163	卖盘
13:45:17	51.62	-0.01	0	4077	买盘
13:45:12	51.63	0.01	25	130159	买盘
13:45:02	51.62	-0.01	4	20648	卖盘
13:44:57	51.63	--	7	36141	买盘
13:44:47	51.63	--	6	30978	买盘
13:44:42	51.63	-0.01	43	226087	卖盘
13:44:37	51.64	0.01	1	5164	买盘
13:44:32	51.63	--	9	46467	卖盘
13:44:27	51.63	-0.01	13	67119	卖盘
13:44:22	51.64	-0.05	1	5164	卖盘
13:44:17	51.69	0.05	19	98211	买盘
13:44:12	51.64	-0.01	1	5164	卖盘
13:44:02	51.65	--	5	25825	卖盘
13:43:47	51.65	--	0	0	卖盘
13:43:42	51.65	-0.04	24	123960	卖盘
13:43:27	51.69	--	4	20676	买盘
13:43:17	51.69	-0.01	3	15507	卖盘
13:43:12	51.7	0.01	12	62040	买盘
13:43:02	51.69	--	6	31014	卖盘
13:42:57	51.69	--	11	56859	卖盘
13:42:42	51.69	0.02	26	134394	买盘
13:42:32	51.67	--	3	15501	买盘
13:42:27	51.67	--	5	25835	卖盘
13:42:22	51.67	-0.01	10	51670	卖盘
13:42:12	51.68	--	1	5168	买盘
13:42:07	51.68	--	1	5168	卖盘
13:41:52	51.68	--	2	10336	卖盘
13:41:42	51.68	-0.02	5	25840	卖盘
13:41:22	51.7	--	17	87890	买盘
13:41:06	51.7	--	10	51700	买盘
13:41:01	51.7	-0.14	49	253330	卖盘
13:40:51	51.84	0.08	10	51840	买盘
13:40:21	51.76	--	1	5176	卖盘
13:40:06	51.76	--	5	25880	买盘
13:40:01	51.76	--	5	25880	买盘
13:39:57	51.76	-0.08	2	10352	买盘
13:39:41	51.84	--	0	0	买盘
13:39:36	51.84	--	1	5184	买盘
13:39:21	51.84	0.09	25	129600	买盘
13:38:56	51.75	--	2	10350	买盘
13:38:51	51.75	--	0	0	买盘
13:38:41	51.75	0.03	7	36225	买盘
13:38:26	51.72	--	0	0	中性盘
13:38:21	51.72	--	2	10344	买盘
13:38:16	51.72	--	7	36204	买盘
13:38:11	51.72	0.01	2	10344	买盘
13:38:06	51.71	0.01	5	25855	卖盘
13:38:01	51.7	-0.02	6	31020	卖盘
13:37:56	51.72	0.06	5	25860	买盘
13:37:36	51.66	--	2	10332	买盘
13:37:21	51.66	--	0	0	中性盘
13:37:16	51.66	--	5	25830	卖盘
13:37:06	51.66	0.02	6	30995	买盘
13:37:01	51.64	-0.01	3	15492	卖盘
13:36:51	51.65	--	2	10330	买盘
13:36:41	51.65	--	2	10330	买盘
13:36:36	51.65	--	1	5165	买盘
13:36:31	51.65	-0.01	1	5165	买盘
13:36:26	51.66	--	5	25830	买盘
13:36:21	51.66	0.01	2	10332	买盘
13:36:11	51.65	-0.01	8	41320	卖盘
13:36:06	51.66	--	2	10332	买盘
13:36:01	51.66	--	7	36162	买盘
13:35:56	51.66	--	2	10332	买盘
13:35:41	51.66	-0.02	10	51660	卖盘
13:35:36	51.68	0.02	2	10336	买盘
13:35:21	51.66	--	0	0	卖盘
13:35:16	51.66	-0.03	3	15497	卖盘
13:35:10	51.69	0.01	1	5169	买盘
13:35:06	51.68	0.03	3	15504	中性盘
13:34:55	51.65	-0.03	10	51650	卖盘
13:34:46	51.68	-0.01	1	5168	卖盘
13:34:36	51.69	--	0	0	中性盘
13:34:31	51.69	--	6	31014	卖盘
13:34:21	51.69	--	2	10338	卖盘
13:34:16	51.69	--	0	0	卖盘
13:34:06	51.69	--	1	5169	卖盘
13:34:00	51.69	-0.01	2	10338	卖盘
13:33:51	51.7	--	0	0	买盘
13:33:30	51.7	-0.06	62	321625	卖盘
13:33:16	51.76	-0.09	2	14441	卖盘
13:32:55	51.85	0.09	2	10370	买盘
13:32:50	51.76	--	0	0	卖盘
13:32:40	51.76	--	1	5176	卖盘
13:32:05	51.76	-0.12	1	5176	卖盘
13:30:20	51.88	--	39	202332	买盘
13:30:10	51.88	0.12	4	20752	买盘
13:30:05	51.76	-0.13	6	31056	卖盘
13:30:00	51.89	0.07	1	5189	买盘
13:29:35	51.82	0.06	42	219716	买盘
13:29:20	51.76	--	3	15528	卖盘
13:29:05	51.76	--	1	5176	卖盘
13:29:00	51.76	--	5	25880	卖盘
13:28:30	51.76	-0.01	1	5176	卖盘
13:28:20	51.77	0.01	1	5177	买盘
13:28:15	51.76	-0.01	11	56936	卖盘
13:28:10	51.77	0.01	3	15531	买盘
13:28:05	51.76	-0.01	3	15528	卖盘
13:27:40	51.77	-0.03	4	20708	卖盘
13:27:24	51.8	--	44	227920	买盘
13:26:54	51.8	--	0	0	中性盘
13:26:45	51.8	--	2	10360	卖盘
13:26:39	51.8	0.04	1	5180	卖盘
13:26:24	51.76	--	0	0	卖盘
13:26:09	51.76	--	3	15528	卖盘
13:26:04	51.76	-0.04	1	5176	卖盘
13:25:59	51.8	--	0	0	中性盘
13:25:49	51.8	--	0	0	买盘
13:25:39	51.8	--	2	10360	卖盘
13:25:34	51.8	--	30	155400	卖盘
13:24:54	51.8	--	13	67340	卖盘
13:24:44	51.8	--	1	5180	买盘
13:24:29	51.8	0.05	6	31080	买盘
13:24:19	51.75	--	3	15525	卖盘
13:24:14	51.75	0.02	5	25875	卖盘
13:23:59	51.73	--	0	0	卖盘
13:23:49	51.73	--	0	0	卖盘
13:23:34	51.73	-0.08	8	41384	卖盘
13:23:29	51.81	--	0	0	买盘
13:23:24	51.81	0.08	128	663168	买盘
13:23:14	51.73	-0.02	22	113806	卖盘
13:23:09	51.75	0.02	2	10350	买盘
13:23:04	51.73	0.03	1	5173	卖盘
13:22:54	51.7	--	0	0	卖盘
13:22:49	51.7	--	0	0	卖盘
13:22:39	51.7	--	12	62040	买盘
13:22:29	51.7	--	4	20680	买盘
13:22:24	51.7	--	7	36190	买盘
13:22:09	51.7	0.02	1	5170	买盘
13:21:59	51.68	--	5	25840	卖盘
13:21:49	51.68	0.03	12	62016	买盘
13:21:44	51.65	--	2	10330	买盘
13:21:39	51.65	-0.01	15	77475	卖盘
13:21:34	51.66	0.01	2	10332	买盘
13:21:29	51.65	--	12	61980	卖盘
13:21:19	51.65	--	2	10330	买盘
13:21:09	51.65	-0.01	8	41320	卖盘
13:20:58	51.66	--	2	10332	买盘
13:20:54	51.66	--	24	123983	卖盘
13:20:49	51.66	--	0	0	卖盘
13:20:43	51.66	-0.02	5	25830	卖盘
13:20:39	51.68	--	76	392768	买盘
13:20:34	51.68	-0.01	7	36176	卖盘
13:20:28	51.69	0.01	2	10338	买盘
13:20:24	51.68	--	11	56848	卖盘
13:20:13	51.68	-0.01	4	20672	卖盘
13:20:09	51.69	--	14	72366	买盘
13:20:04	51.69	--	5	25845	买盘
13:19:58	51.69	-0.01	2	10338	卖盘
13:19:43	51.7	-0.06	31	160270	卖盘
13:19:38	51.76	-0.01	20	103520	卖盘
13:19:33	51.77	0.01	9	46593	买盘
13:19:23	51.76	--	1	5176	卖盘
13:19:18	51.76	-0.01	7	36232	卖盘
13:19:13	51.77	-0.02	10	51770	卖盘
13:19:08	51.79	-0.01	1	5179	卖盘
13:18:58	51.8	--	1	5180	买盘
13:18:53	51.8	--	3	15540	卖盘
13:18:48	51.8	-0.01	3	15540	卖盘
13:18:33	51.81	-0.01	28	148176	卖盘
13:18:08	51.82	0.01	5	25910	买盘
13:18:03	51.81	--	20	105692	买盘
13:17:53	51.81	--	23	122271	卖盘
13:17:48	51.81	--	4	20724	卖盘
13:17:38	51.81	--	12	62172	卖盘
13:17:28	51.81	0.01	14	74606	买盘
13:17:18	51.8	-0.02	1	5180	买盘
13:17:13	51.82	--	0	0	买盘
13:16:53	51.82	--	0	0	买盘
13:16:43	51.82	--	3	15546	买盘
13:16:38	51.82	--	211	1093402	买盘
13:16:03	51.82	-0.03	47	243554	卖盘
13:15:58	51.85	--	2	10370	卖盘
13:15:43	51.85	--	0	0	卖盘
13:15:33	51.85	--	0	0	卖盘
13:15:23	51.85	-0.08	50	259250	卖盘
13:15:13	51.93	--	8	41544	卖盘
13:15:03	51.93	0.08	1	5193	卖盘
13:14:53	51.85	--	0	0	卖盘
13:14:43	51.85	--	0	0	卖盘
13:14:07	51.85	0.01	1	5185	买盘
13:13:37	51.84	-0.01	3	15552	买盘
13:13:33	51.85	--	0	0	买盘
13:13:18	51.85	--	2	10370	买盘
13:12:42	51.85	--	8	41480	买盘
13:12:32	51.85	-0.1	12	62220	卖盘
13:11:57	51.95	--	13	67535	卖盘
13:11:37	51.95	0.1	19	98705	买盘
13:11:27	51.85	--	7	36295	卖盘
13:11:17	51.85	--	0	0	卖盘
13:11:12	51.85	--	5	25925	卖盘
13:11:02	51.85	--	1	5185	卖盘
13:10:47	51.85	--	3	15555	卖盘
13:10:42	51.85	--	2	10370	卖盘
13:10:32	51.85	--	2	10370	卖盘
13:09:47	51.85	-0.07	128	663680	卖盘
13:09:32	51.92	--	3	15576	卖盘
13:09:12	51.92	--	2	10384	卖盘
13:08:47	51.92	--	2	10384	买盘
13:08:22	51.92	-0.04	144	747648	卖盘
13:08:02	51.96	0.04	3	15588	买盘
13:07:57	51.92	-0.04	51	264792	卖盘
13:06:37	51.96	--	5	25980	买盘
13:06:06	51.96	--	1	5196	买盘
13:05:51	51.96	-0.01	1	5196	买盘
13:05:42	51.97	--	0	0	中性盘
13:05:21	51.97	--	0	0	买盘
13:05:06	51.97	-0.01	2	10394	中性盘
13:04:21	51.98	--	13	67574	买盘
13:04:11	51.98	0.05	2	10396	买盘
13:04:06	51.93	--	21	109053	卖盘
13:04:01	51.93	--	2	10386	卖盘
13:02:11	51.93	--	6	31158	卖盘
13:01:41	51.93	--	6	31158	卖盘
13:01:26	51.93	-0.05	1	5193	卖盘
13:00:56	51.98	0.06	2	10396	买盘
13:00:46	51.92	--	0	0	卖盘
13:00:41	51.92	--	2	10384	卖盘
13:00:06	51.92	0.01	62	321904	中性盘
11:30:00	51.91	--	0	0	卖盘
11:29:59	51.91	--	0	0	卖盘
11:29:47	51.91	--	0	0	卖盘
11:29:32	51.91	--	0	0	卖盘
11:29:17	51.91	--	2	10382	卖盘
11:28:42	51.91	--	2	10382	卖盘
11:28:36	51.91	--	0	0	卖盘
11:28:01	51.91	--	1	5191	卖盘
11:27:51	51.91	--	0	0	卖盘
11:27:27	51.91	-0.04	8	41528	卖盘
11:27:12	51.95	-0.05	11	57145	卖盘
11:26:51	52.0	--	4	20800	买盘
11:26:42	52.0	--	1	5200	买盘
11:26:21	52.0	--	0	0	中性盘
11:26:01	52.0	-0.02	5	26000	卖盘
11:25:57	52.02	0.02	2	10404	买盘
11:25:27	52.0	--	5	26000	卖盘
11:25:06	52.0	--	0	0	卖盘
11:25:01	52.0	--	1	5200	卖盘
11:24:41	52.0	--	1	5200	买盘
11:24:31	52.0	--	2	10400	买盘
11:24:21	52.0	--	3	15600	买盘
11:23:41	52.0	--	13	67600	卖盘
11:23:36	52.0	--	0	0	中性盘
11:23:31	52.0	--	0	0	买盘
11:23:16	52.0	--	1	5200	卖盘
11:22:56	52.0	--	0	0	中性盘
11:22:46	52.0	--	0	0	中性盘
11:22:41	52.0	--	0	0	中性盘
11:22:26	52.0	0.09	2	10400	卖盘
11:22:21	51.91	-0.14	11	57100	卖盘
11:22:11	52.05	0.09	17	88485	买盘
11:22:06	51.96	-0.04	1	5196	卖盘
11:21:56	52.0	--	0	0	买盘
11:21:36	52.0	--	7	38272	卖盘
11:21:10	52.0	0.1	22	117728	买盘
11:21:06	51.9	--	0	0	卖盘
11:20:25	51.9	--	8	41520	卖盘
11:19:30	51.9	--	0	0	卖盘
11:19:25	51.9	--	5	25950	卖盘
11:19:20	51.9	--	9	50446	买盘
11:19:15	51.9	--	5	25950	买盘
11:19:10	51.9	--	20	103800	买盘
11:19:05	51.9	--	3	15570	买盘
11:18:55	51.9	--	16	83040	买盘
11:18:50	51.9	0.05	8	41520	买盘
11:18:40	51.85	--	0	0	卖盘
11:18:30	51.85	--	0	0	中性盘
11:18:25	51.85	--	0	0	中性盘
11:18:10	51.85	0.02	10	51850	买盘
11:18:05	51.83	-0.02	3	15549	卖盘
11:18:00	51.85	--	0	0	买盘
11:17:50	51.85	-0.05	35	181475	卖盘
11:17:45	51.9	--	21	108990	买盘
11:17:35	51.9	-0.09	57	295830	卖盘
11:17:20	51.99	-0.01	1	5199	买盘
11:17:10	52.0	--	0	0	买盘
11:17:05	52.0	0.01	5	26000	买盘
11:17:00	51.99	--	1	5199	卖盘
11:16:55	51.99	--	2	10398	卖盘
11:16:50	51.99	-0.01	4	20796	卖盘
11:16:25	52.0	-0.05	132	687492	卖盘
11:16:20	52.05	--	2	10410	买盘
11:16:09	52.05	--	4	20820	卖盘
11:16:00	52.05	-0.01	5	26025	卖盘
11:15:45	52.06	0.01	1	5206	买盘
11:15:40	52.05	--	10	52050	卖盘
11:15:15	52.05	-0.01	5	26025	卖盘
11:15:09	52.06	0.01	6	31236	买盘
11:15:04	52.05	--	5	26025	卖盘
11:15:00	52.05	--	5	26025	卖盘
11:14:45	52.05	--	21	109305	卖盘
11:14:34	52.05	--	2	10410	卖盘
11:14:24	52.05	--	1	5205	卖盘
11:14:09	52.05	--	6	31230	卖盘
11:14:04	52.05	--	3	15615	卖盘
11:14:00	52.05	-0.01	3	15615	卖盘
11:13:54	52.06	--	1	5206	买盘
11:13:49	52.06	--	39	203034	卖盘
11:13:34	52.06	--	20	104120	卖盘
11:13:19	52.06	-0.01	2	10412	卖盘
11:13:00	52.07	-0.01	10	52070	卖盘
11:12:34	52.08	--	4	20832	卖盘
11:12:30	52.08	-0.01	5	26040	卖盘
11:12:19	52.09	--	1	5209	买盘
11:12:04	52.09	-0.01	1	5209	卖盘
11:11:49	52.1	--	1	5210	卖盘
11:11:39	52.1	-0.01	2	10420	卖盘
11:11:34	52.11	0.01	1	5211	买盘
11:11:29	52.1	-0.01	4	20840	卖盘
11:11:09	52.11	-0.03	1	5211	卖盘
11:10:54	52.14	--	0	0	买盘
11:10:29	52.14	--	9	46926	买盘
11:10:14	52.14	0.04	5	26070	买盘
11:10:09	52.1	--	0	0	卖盘
11:10:04	52.1	--	0	0	卖盘
11:09:39	52.1	-0.04	10	52100	卖盘
11:09:29	52.14	--	0	0	中性盘
11:09:13	52.14	--	0	0	中性盘
11:09:03	52.14	0.04	5	26070	卖盘
11:08:59	52.1	--	0	0	卖盘
11:08:48	52.1	--	1	5210	卖盘
11:08:39	52.1	--	2	10420	卖盘
11:07:58	52.1	--	0	0	中性盘
11:07:54	52.1	--	0	0	中性盘
11:07:39	52.1	--	0	0	卖盘
11:07:18	52.1	0.02	185	963850	买盘
11:07:13	52.08	0.02	1	5208	买盘
11:07:09	52.06	--	6	31236	卖盘
11:07:03	52.06	-0.01	10	52060	卖盘
11:06:39	52.07	-0.01	6	31242	卖盘
11:06:33	52.08	--	1	5208	买盘
11:06:28	52.08	0.01	10	52080	买盘
11:06:24	52.07	--	5	26035	卖盘
11:06:09	52.07	--	0	0	卖盘
11:06:03	52.07	-0.01	19	98933	卖盘
11:05:39	52.08	-0.02	19	98952	卖盘
11:05:28	52.1	--	2	10420	买盘
11:05:13	52.1	-0.07	63	328230	卖盘
11:05:08	52.17	-0.01	3	15651	卖盘
11:04:58	52.18	0.01	3	15654	买盘
11:04:43	52.17	0.05	2	10434	买盘
11:04:38	52.12	0.01	1	5212	卖盘
11:04:23	52.11	--	0	0	卖盘
11:04:03	52.11	-0.06	1	5211	卖盘
11:03:43	52.17	--	0	0	买盘
11:03:23	52.17	--	2	10434	卖盘
11:03:08	52.17	--	0	0	中性盘
11:02:58	52.17	--	0	0	买盘
11:02:23	52.17	0.09	5	26085	买盘
11:01:42	52.08	--	3	15624	卖盘
11:01:22	52.08	--	1	5208	卖盘
11:01:18	52.08	--	2	10416	卖盘
11:01:03	52.08	-0.02	1	5208	卖盘
11:00:12	52.1	--	0	0	卖盘
11:00:07	52.1	0.02	76	395960	买盘
10:59:48	52.08	--	14	72912	卖盘
10:59:42	52.08	-0.02	2	10416	卖盘
10:59:27	52.1	--	1	5210	买盘
10:59:22	52.1	--	14	72940	卖盘
10:59:03	52.1	-0.07	1	5210	卖盘
10:58:57	52.17	--	7	36519	卖盘
10:58:52	52.17	--	1	5217	卖盘
10:58:48	52.17	--	1	5217	卖盘
10:58:37	52.17	0.07	1	5217	买盘
10:58:07	52.1	0.01	10	52100	卖盘
10:57:37	52.09	--	1	5209	买盘
10:57:32	52.09	-0.01	2	10418	卖盘
10:57:17	52.1	0.02	4	20840	卖盘
10:57:07	52.08	--	0	0	卖盘
10:57:02	52.08	--	0	0	卖盘
10:56:22	52.08	--	0	0	卖盘
10:56:12	52.08	--	0	0	中性盘
10:56:07	52.08	0.03	10	52080	买盘
10:56:02	52.05	-0.03	1	5205	卖盘
10:55:51	52.08	-0.1	12	62496	卖盘
10:55:47	52.18	0.1	1	5218	买盘
10:55:36	52.08	--	0	0	卖盘
10:55:32	52.08	--	0	0	中性盘
10:55:21	52.08	--	0	0	中性盘
10:55:12	52.08	0.05	1	5208	卖盘
10:54:47	52.03	--	0	0	卖盘
10:54:42	52.03	-0.05	15	78045	卖盘
10:54:16	52.08	-0.02	8	41664	卖盘
10:54:12	52.1	--	2	10420	卖盘
10:54:06	52.1	--	0	0	卖盘
10:54:01	52.1	--	1	5210	卖盘
10:53:51	52.1	-0.1	1	5210	卖盘
10:53:27	52.2	--	5	26100	买盘
10:52:27	52.2	0.01	6	31320	买盘
10:52:16	52.19	-0.01	3	15657	卖盘
10:51:57	52.2	-0.03	8	41760	买盘
10:51:51	52.23	-0.02	1	5223	卖盘
10:51:46	52.25	--	0	0	买盘
10:51:42	52.25	0.03	15	78375	买盘
10:51:21	52.22	-0.01	2	10444	卖盘
10:51:06	52.23	--	5	26115	买盘
10:51:01	52.23	0.01	5	26115	买盘
10:50:46	52.22	0.02	6	31332	买盘
10:50:41	52.2	0.01	2	10440	卖盘
10:50:26	52.19	--	0	0	卖盘
10:50:21	52.19	-0.01	6	31314	卖盘
10:50:16	52.2	--	0	0	中性盘
10:50:11	52.2	0.01	14	73080	买盘
10:49:46	52.19	0.01	2	14561	买盘
10:49:36	52.18	0.1	5	26090	买盘
10:49:26	52.08	-0.05	20	104160	卖盘
10:49:11	52.13	--	3	15639	买盘
10:48:56	52.13	--	10	52130	买盘
10:48:40	52.13	--	1	5213	买盘
10:48:36	52.13	0.02	5	26065	买盘
10:48:25	52.11	-0.02	14	72954	卖盘
10:48:06	52.13	-0.05	6	31278	卖盘
10:47:56	52.18	--	11	57398	买盘
10:47:36	52.18	--	0	1095	卖盘
10:47:21	52.18	0.05	1	9340	买盘
10:47:06	52.13	-0.05	1	5213	卖盘
10:46:51	52.18	--	0	1095	卖盘
10:46:25	52.18	--	1	5218	卖盘
10:46:21	52.18	--	1	9340	买盘
10:46:06	52.18	--	0	1095	卖盘
10:45:55	52.18	-0.02	3	15654	卖盘
10:45:36	52.2	0.02	4	20880	买盘
10:45:25	52.18	--	5	30212	买盘
10:45:10	52.18	--	9	48057	卖盘
10:45:06	52.18	--	1	5218	卖盘
10:44:40	52.18	--	5	26090	卖盘
10:44:30	52.18	0.05	0	4122	买盘
10:44:25	52.13	-0.05	7	36491	卖盘
10:44:20	52.18	--	0	0	买盘
10:44:05	52.18	0.05	2	10436	买盘
10:43:55	52.13	--	2	10426	卖盘
10:43:40	52.13	0.02	1	5213	买盘
10:43:25	52.11	--	0	0	中性盘
10:43:10	52.11	--	1	5211	买盘
10:43:00	52.11	0.01	3	15633	买盘
10:42:55	52.1	--	3	15630	卖盘
10:42:35	52.1	-0.01	4	20840	卖盘
10:42:24	52.11	0.01	3	15633	买盘
10:42:15	52.1	-0.01	2	10420	卖盘
10:42:09	52.11	0.01	1	5211	买盘
10:42:05	52.1	--	1	5210	卖盘
10:42:00	52.1	--	10	52100	买盘
10:41:49	52.1	--	6	31260	买盘
10:41:45	52.1	0.01	11	57310	买盘
10:41:30	52.09	--	2	10418	卖盘
10:41:24	52.09	0.01	1	5209	买盘
10:41:19	52.08	--	8	41664	买盘
10:41:15	52.08	0.01	10	52080	买盘
10:41:04	52.07	--	1	5207	买盘
10:40:54	52.07	0.04	2	10414	买盘
10:40:49	52.03	--	0	0	卖盘
10:40:34	52.03	--	4	20812	卖盘
10:40:30	52.03	-0.04	5	26015	卖盘
10:40:24	52.07	0.05	7	36449	买盘
10:40:15	52.02	--	0	0	卖盘
10:40:00	52.02	--	1	5202	卖盘
10:39:54	52.02	--	1	5202	买盘
10:39:45	52.02	0.01	2	10404	买盘
10:39:39	52.01	--	6	31206	买盘
10:39:34	52.01	--	21	109221	买盘
10:39:14	52.01	--	7	36407	买盘
10:39:09	52.01	0.01	1	5201	买盘
10:39:04	52.0	-0.01	12	62400	卖盘
10:39:00	52.01	0.01	4	20804	买盘
10:38:49	52.0	--	7	36400	卖盘
10:38:44	52.0	-0.01	26	135200	卖盘
10:38:39	52.01	0.01	1	5201	买盘
10:38:34	52.0	-0.01	28	145600	卖盘
10:38:29	52.01	--	12	62412	买盘
10:38:24	52.01	-0.01	7	36407	卖盘
10:38:19	52.02	--	8	41616	买盘
10:38:14	52.02	--	2	10404	买盘
10:38:09	52.02	--	1	5202	买盘
10:38:04	52.02	-0.02	47	244494	卖盘
10:37:44	52.04	-0.04	4	20816	中性盘
10:37:39	52.08	--	0	0	买盘
10:37:24	52.08	0.06	5	26040	买盘
10:37:19	52.02	-0.01	10	52020	卖盘
10:37:14	52.03	-0.05	10	52030	中性盘
10:37:04	52.08	--	18	93744	买盘
10:36:59	52.08	--	17	88536	卖盘
10:36:54	52.08	-0.01	3	15624	卖盘
10:36:49	52.09	0.01	4	20836	买盘
10:36:44	52.08	-0.02	7	36456	卖盘
10:36:34	52.1	--	17	88570	买盘
10:36:29	52.1	0.01	7	36470	买盘
10:36:24	52.09	--	2	10418	卖盘
10:36:19	52.09	--	0	0	卖盘
10:36:14	52.09	-0.01	2	10418	卖盘
10:36:09	52.1	-0.01	5	26050	卖盘
10:36:04	52.11	0.01	2	10422	买盘
10:35:54	52.1	--	2	10420	卖盘
10:35:49	52.1	--	10	52100	卖盘
10:35:39	52.1	--	5	26050	卖盘
10:35:33	52.1	--	0	0	卖盘
10:35:28	52.1	-0.01	3	15630	卖盘
10:35:24	52.11	-0.01	15	78165	卖盘
10:35:14	52.12	--	5	26060	卖盘
10:35:03	52.12	--	5	26060	卖盘
10:34:43	52.12	--	5	26060	买盘
10:34:39	52.12	0.01	4	20848	卖盘
10:34:28	52.11	-0.06	4	20844	卖盘
10:34:24	52.17	0.02	10	52170	买盘
10:34:13	52.15	--	2	10430	买盘
10:34:03	52.15	-0.01	6	31290	卖盘
10:33:58	52.16	--	5	26080	卖盘
10:33:54	52.16	--	5	26080	卖盘
10:33:48	52.16	-0.01	2	10432	卖盘
10:33:33	52.17	-0.01	2	11529	卖盘
10:33:24	52.18	-0.01	4	20872	卖盘
10:33:13	52.19	-0.03	76	396644	卖盘
10:33:09	52.22	-0.01	2	10444	卖盘
10:32:48	52.23	--	10	53013	卖盘
10:32:38	52.23	--	9	51446	卖盘
10:32:23	52.23	--	5	26115	卖盘
10:32:13	52.23	--	5	26115	卖盘
10:32:08	52.23	--	2	10446	卖盘
10:32:03	52.23	--	9	47007	卖盘
10:31:58	52.23	--	0	0	卖盘
10:31:53	52.23	--	9	47007	卖盘
10:31:43	52.23	-0.02	5	26115	卖盘
10:31:38	52.25	--	6	31350	买盘
10:31:13	52.25	--	5	26125	卖盘
10:31:03	52.25	-0.01	1	5225	卖盘
10:30:43	52.26	--	3	15678	卖盘
10:30:38	52.26	--	9	47034	卖盘
10:30:33	52.26	--	5	26130	卖盘
10:30:28	52.26	-0.01	8	41808	卖盘
10:30:18	52.27	--	1	5227	卖盘
10:30:03	52.27	-0.03	4	20908	卖盘
10:29:42	52.3	--	0	0	中性盘
10:29:33	52.3	--	2	10460	卖盘
10:29:28	52.3	-0.01	1	5230	卖盘
10:29:23	52.31	--	7	36617	买盘
10:29:03	52.31	0.01	9	47079	卖盘
10:28:22	52.3	--	7	36610	卖盘
10:28:07	52.3	--	2	10460	卖盘
10:28:03	52.3	--	1	5230	卖盘
10:27:48	52.3	-0.03	2	10460	买盘
10:27:33	52.33	--	0	0	买盘
10:27:22	52.33	--	0	0	中性盘
10:27:18	52.33	--	0	0	中性盘
10:27:12	52.33	0.07	1	5233	买盘
10:26:52	52.26	-0.01	30	156780	卖盘
10:26:37	52.27	--	1	5227	买盘
10:26:33	52.27	0.01	2	10454	买盘
10:26:22	52.26	-0.01	8	41808	卖盘
10:26:18	52.27	--	6	31362	卖盘
10:26:02	52.27	-0.12	1	5227	中性盘
10:25:47	52.39	--	0	0	买盘
10:25:17	52.39	--	0	0	买盘
10:25:02	52.39	0.16	7	36673	买盘
10:24:47	52.23	--	0	0	卖盘
10:24:37	52.23	-0.17	19	99237	卖盘
10:24:32	52.4	0.01	1	5240	买盘
10:24:17	52.39	0.04	2	10478	卖盘
10:24:07	52.35	--	0	0	中性盘
10:24:02	52.35	-0.04	8	41880	卖盘
10:23:52	52.39	--	2	10478	买盘
10:23:47	52.39	0.03	4	20956	买盘
10:23:42	52.36	--	0	0	卖盘
10:23:32	52.36	-0.01	20	104720	卖盘
10:23:27	52.37	0.01	6	31422	买盘
10:23:12	52.36	--	3	15708	卖盘
10:23:06	52.36	0.01	10	52360	买盘
10:23:02	52.35	--	5	26175	卖盘
10:22:57	52.35	--	5	26175	卖盘
10:22:51	52.35	--	5	26175	卖盘
10:22:27	52.35	--	5	26175	卖盘
10:22:21	52.35	--	4	20940	买盘
10:22:12	52.35	--	3	15705	买盘
10:22:02	52.35	--	2	10470	买盘
10:21:51	52.35	-0.01	1	5235	卖盘
10:21:42	52.36	0.01	2	10472	买盘
10:21:36	52.35	-0.02	20	104700	卖盘
10:21:31	52.37	0.02	1	5237	买盘
10:21:27	52.35	--	0	0	中性盘
10:21:21	52.35	--	2	10470	卖盘
10:21:16	52.35	0.03	3	15705	买盘
10:21:01	52.32	0.04	4	20928	买盘
10:20:46	52.28	--	0	0	买盘
10:20:36	52.28	0.06	10	52280	买盘
10:20:31	52.22	--	1	5222	买盘
10:20:26	52.22	-0.06	13	67886	买盘
10:20:16	52.28	--	7	36596	卖盘
10:20:12	52.28	0.07	5	26140	买盘
10:20:06	52.21	--	0	0	卖盘
10:20:01	52.21	-0.07	4	20884	卖盘
10:19:57	52.28	0.07	1	5228	中性盘
10:19:51	52.21	-0.07	4	20884	卖盘
10:19:46	52.28	0.07	1	5228	卖盘
10:19:42	52.21	--	1	5221	卖盘
10:19:31	52.21	-0.02	11	57431	卖盘
10:19:26	52.23	0.03	6	31337	卖盘
10:19:21	52.2	-0.1	1	5220	卖盘
10:19:16	52.3	--	2	10460	买盘
10:19:11	52.3	-0.03	48	251040	买盘
10:18:56	52.33	--	0	0	买盘
10:18:46	52.33	0.13	8	41864	买盘
10:18:41	52.2	-0.13	30	156600	卖盘
10:18:31	52.33	--	0	0	中性盘
10:18:26	52.33	-0.01	5	26165	卖盘
10:18:16	52.34	0.05	2	10468	卖盘
10:18:11	52.29	-0.04	56	292824	卖盘
10:18:06	52.33	--	0	0	卖盘
10:18:01	52.33	--	10	52330	卖盘
10:17:56	52.33	--	11	57563	卖盘
10:17:41	52.33	--	0	0	卖盘
10:17:31	52.33	--	1	5233	卖盘
10:17:26	52.33	-0.05	5	26165	卖盘
10:17:21	52.38	0.05	11	57618	买盘
10:17:16	52.33	--	21	109893	买盘
10:17:11	52.33	-0.05	6	31398	卖盘
10:17:01	52.38	0.01	2	10476	买盘
10:16:56	52.37	-0.01	21	109977	卖盘
10:16:46	52.38	-0.02	5	26190	卖盘
10:16:26	52.4	-0.02	1	5240	中性盘
10:16:21	52.42	--	0	0	买盘
10:16:15	52.42	0.01	5	26210	买盘
10:16:11	52.41	-0.01	7	36687	卖盘
10:16:01	52.42	0.01	2	10484	买盘
10:15:56	52.41	-0.01	5	26205	卖盘
10:15:46	52.42	-0.03	3	15726	卖盘
10:15:30	52.45	--	8	41960	卖盘
10:15:26	52.45	--	1	5245	卖盘
10:15:21	52.45	--	10	52450	卖盘
10:15:06	52.45	--	1	5245	卖盘
10:15:00	52.45	-0.01	12	62940	卖盘
10:14:51	52.46	0.01	15	78690	买盘
10:14:45	52.45	--	1	5245	卖盘
10:14:40	52.45	-0.01	4	20980	卖盘
10:14:36	52.46	0.01	5	26230	买盘
10:14:21	52.45	-0.01	1	5245	卖盘
10:14:10	52.46	--	13	68198	买盘
10:13:45	52.46	--	1	5246	卖盘
10:13:40	52.46	-0.01	11	57706	卖盘
10:13:35	52.47	0.01	2	10494	买盘
10:13:20	52.46	-0.01	7	36722	卖盘
10:13:10	52.47	--	7	36729	卖盘
10:13:06	52.47	-0.02	5	26235	卖盘
10:12:55	52.49	--	0	0	买盘
10:12:51	52.49	-0.01	11	57739	卖盘
10:12:36	52.5	--	20	105000	卖盘
10:12:25	52.5	--	10	52500	买盘
10:12:05	52.5	-0.02	4	21000	中性盘
10:11:55	52.52	0.02	10	52520	买盘
10:11:40	52.5	--	0	0	中性盘
10:11:30	52.5	0.02	4	21000	买盘
10:11:25	52.48	0.02	35	183680	买盘
10:11:05	52.46	--	1	5246	卖盘
10:11:00	52.46	--	2	10492	卖盘
10:10:50	52.46	--	9	47214	卖盘
10:10:45	52.46	-0.02	5	26230	卖盘
10:10:25	52.48	0.02	4	20992	卖盘
10:10:10	52.46	--	0	0	卖盘
10:10:05	52.46	-0.02	2	10492	卖盘
10:09:55	52.48	--	10	52480	买盘
10:09:50	52.48	0.02	2	10496	买盘
10:09:45	52.46	-0.01	3	15738	卖盘
10:09:40	52.47	--	11	57717	买盘
10:09:35	52.47	--	0	0	中性盘
10:09:30	52.47	--	2	10494	卖盘
10:09:25	52.47	--	1	5247	卖盘
10:09:20	52.47	0.01	3	15741	买盘
10:09:10	52.46	--	1	5246	卖盘
10:09:05	52.46	-0.01	1	5246	卖盘
10:09:00	52.47	--	1	5247	买盘
10:08:54	52.47	-0.01	2	10494	卖盘
10:08:49	52.48	0.01	7	36736	买盘
10:08:45	52.47	--	1	5247	卖盘
10:08:39	52.47	--	0	0	卖盘
10:08:30	52.47	-0.02	4	20988	卖盘
10:08:04	52.49	-0.07	8	41992	卖盘
10:08:00	52.56	--	37	194472	卖盘
10:07:54	52.56	--	10	52560	卖盘
10:07:49	52.56	--	20	105120	卖盘
10:07:45	52.56	0.07	22	115632	买盘
10:07:39	52.49	-0.02	10	52490	卖盘
10:07:34	52.51	0.01	1	5251	买盘
10:07:30	52.5	--	4	21000	卖盘
10:07:15	52.5	--	5	26250	卖盘
10:07:09	52.5	--	0	0	中性盘
10:07:00	52.5	--	11	57750	买盘
10:06:45	52.5	0.01	2	10500	买盘
10:06:39	52.49	0.02	5	26245	买盘
10:06:34	52.47	-0.02	13	68211	卖盘
10:06:29	52.49	0.02	1	5249	买盘
10:06:14	52.47	--	0	0	卖盘
10:06:04	52.47	--	1	5247	卖盘
10:05:59	52.47	-0.03	8	41976	卖盘
10:05:54	52.5	0.03	2	10500	买盘
10:05:49	52.47	-0.08	9	47223	卖盘
10:05:44	52.55	--	0	0	买盘
10:05:34	52.55	0.05	2	10510	买盘
10:05:24	52.5	-0.06	50	262500	卖盘
10:05:09	52.56	--	0	0	中性盘
10:04:59	52.56	--	0	0	中性盘
10:04:54	52.56	--	15	78840	买盘
10:04:44	52.56	--	19	99864	买盘
10:04:39	52.56	--	1	5256	买盘
10:04:34	52.56	--	16	84096	卖盘
10:04:19	52.56	--	20	105120	买盘
10:04:14	52.56	--	3	15768	买盘
10:04:09	52.56	--	1	5256	买盘
10:04:04	52.56	--	33	173448	卖盘
10:03:59	52.56	--	10	52560	卖盘
10:03:49	52.56	0.04	10	52560	买盘
10:03:44	52.52	-0.04	20	105040	卖盘
10:03:19	52.56	--	6	31536	买盘
10:03:14	52.56	--	12	63072	买盘
10:03:09	52.56	--	4	21024	卖盘
10:03:04	52.56	-0.02	3	15768	卖盘
10:02:59	52.58	0.02	10	52580	买盘
10:02:54	52.56	--	8	42048	卖盘
10:02:48	52.56	--	10	52560	卖盘
10:02:44	52.56	--	24	126144	卖盘
10:02:39	52.56	-0.02	56	294336	买盘
10:02:29	52.58	0.02	6	31548	买盘
10:02:24	52.56	--	81	425736	买盘
10:02:18	52.56	--	1	5256	买盘
10:02:13	52.56	--	9	47304	买盘
10:02:09	52.56	0.01	3	15768	买盘
10:02:03	52.55	-0.01	3	15765	卖盘
10:01:58	52.56	-0.02	5	26280	卖盘
10:01:54	52.58	0.03	5	26290	买盘
10:01:48	52.55	-0.04	3	15765	卖盘
10:01:43	52.59	--	5	26295	买盘
10:01:39	52.59	-0.01	21	110439	卖盘
10:01:33	52.6	--	17	89420	卖盘
10:01:28	52.6	--	3	15780	买盘
10:01:24	52.6	--	8	42080	买盘
10:01:18	52.6	0.01	8	42080	买盘
10:01:13	52.59	-0.06	19	99921	卖盘
10:01:09	52.65	0.06	10	52650	买盘
10:01:03	52.59	-0.05	13	68367	卖盘
10:00:58	52.64	0.04	2	10528	中性盘
10:00:54	52.6	-0.05	4	21040	卖盘
10:00:48	52.65	0.05	1	5265	买盘
10:00:43	52.6	--	0	0	中性盘
10:00:38	52.6	--	6	31560	买盘
10:00:33	52.6	-0.08	13	68380	卖盘
10:00:28	52.68	--	97	510996	买盘
10:00:24	52.68	--	1	5268	买盘
10:00:18	52.68	0.05	24	126432	买盘
10:00:13	52.63	0.03	14	73682	买盘
10:00:09	52.6	--	6	31560	买盘
10:00:03	52.6	-0.03	13	68380	中性盘
09:59:58	52.63	-0.07	11	62787	卖盘
09:59:53	52.7	0.02	14	73780	买盘
09:59:48	52.68	--	14	73752	卖盘
09:59:43	52.68	0.06	191	1006556	买盘
09:59:38	52.62	0.03	36	189432	中性盘
09:59:33	52.59	--	15	78885	买盘
09:59:28	52.59	-0.09	26	136734	卖盘
09:59:23	52.68	0.08	205	1079940	买盘
09:59:18	52.6	-0.07	11	57860	卖盘
09:59:13	52.67	--	16	84272	买盘
09:59:08	52.67	--	55	289685	买盘
09:59:03	52.67	--	21	110607	买盘
09:58:58	52.67	-0.01	17	89539	中性盘
09:58:53	52.68	-0.08	34	179112	卖盘
09:58:48	52.76	-0.01	2	10552	中性盘
09:58:38	52.77	0.17	27	142479	买盘
09:58:33	52.6	-0.07	5	26300	卖盘
09:58:28	52.67	0.07	12	63204	中性盘
09:58:18	52.6	0.01	16	84160	买盘
09:58:13	52.59	--	9	47331	买盘
09:58:08	52.59	0.1	41	215619	买盘
09:58:03	52.49	--	1	5249	卖盘
09:57:58	52.49	--	6	31494	买盘
09:57:53	52.49	0.04	10	52490	买盘
09:57:48	52.45	-0.01	55	288475	卖盘
09:57:43	52.46	0.01	6	31476	买盘
09:57:38	52.45	0.05	7	36715	买盘
09:57:28	52.4	0.02	11	57640	买盘
09:57:23	52.38	0.02	4	20952	买盘
09:57:18	52.36	-0.02	3	15708	卖盘
09:57:12	52.38	0.05	40	209520	买盘
09:57:08	52.33	--	1	5233	卖盘
09:57:03	52.33	--	7	36631	买盘
09:56:53	52.33	0.01	5	26165	买盘
09:56:48	52.32	0.02	8	41856	买盘
09:56:38	52.3	0.01	65	344813	买盘
09:56:33	52.29	--	6	31374	买盘
09:56:18	52.29	--	1	5229	买盘
09:56:07	52.29	0.03	22	115038	买盘
09:56:03	52.26	--	1	5226	卖盘
09:55:52	52.26	--	10	52260	卖盘
09:55:48	52.26	--	0	0	卖盘
09:55:37	52.26	--	0	0	卖盘
09:55:33	52.26	-0.01	5	26130	卖盘
09:55:22	52.27	0.01	3	15681	买盘
09:55:18	52.26	--	6	31356	买盘
09:55:02	52.26	-0.01	49	256074	卖盘
09:54:57	52.27	--	0	0	买盘
09:54:52	52.27	--	4	20908	买盘
09:54:47	52.27	--	0	0	买盘
09:54:37	52.27	0.07	6	31362	买盘
09:54:32	52.2	0.02	8	41760	买盘
09:54:17	52.18	-0.09	15	82392	卖盘
09:54:12	52.27	0.09	302	1578554	买盘
09:54:07	52.18	-0.02	2	10436	卖盘
09:54:02	52.2	0.01	13	67860	买盘
09:53:57	52.19	--	7	36533	买盘
09:53:52	52.19	--	11	57409	中性盘
09:53:47	52.19	-0.01	4	20876	卖盘
09:53:42	52.2	0.01	8	41760	买盘
09:53:37	52.19	-0.01	15	78285	卖盘
09:53:32	52.2	--	4	20880	买盘
09:53:27	52.2	-0.06	4	20880	卖盘
09:53:22	52.26	0.01	15	78390	买盘
09:53:17	52.25	--	8	41800	中性盘
09:53:12	52.25	0.05	7	36575	买盘
09:53:07	52.2	-0.07	11	57420	卖盘
09:53:02	52.27	-0.01	45	235215	中性盘
09:52:57	52.28	0.02	32	167296	买盘
09:52:52	52.26	-0.02	47	245987	卖盘
09:52:47	52.28	0.02	3	15684	买盘
09:52:37	52.26	--	4	20904	卖盘
09:52:32	52.26	0.01	10	57120	买盘
09:52:22	52.25	--	40	209000	买盘
09:52:17	52.25	0.01	4	20900	买盘
09:52:12	52.24	0.01	18	94032	买盘
09:52:02	52.23	-0.01	9	47007	中性盘
09:51:57	52.24	0.05	5	26120	买盘
09:51:52	52.19	0.01	20	104380	卖盘
09:51:47	52.18	-0.01	5	26090	卖盘
09:51:32	52.19	0.02	3	15657	中性盘
09:51:22	52.17	-0.08	3	15651	卖盘
09:51:17	52.25	0.08	5	26125	买盘
09:51:12	52.17	-0.08	24	125208	卖盘
09:51:07	52.25	0.08	18	94050	买盘
09:51:02	52.17	-0.08	1	5217	卖盘
09:50:52	52.25	0.07	2	10450	买盘
09:50:36	52.18	--	4	20872	卖盘
09:50:31	52.18	--	0	0	中性盘
09:50:27	52.18	-0.07	8	42109	卖盘
09:50:21	52.25	--	0	0	卖盘
09:50:01	52.25	--	2	15309	买盘
09:49:51	52.25	--	28	149644	卖盘
09:49:41	52.25	--	12	62700	卖盘
09:49:36	52.25	0.08	18	95931	买盘
09:49:31	52.17	-0.01	10	52170	卖盘
09:49:27	52.18	0.01	10	52180	买盘
09:49:11	52.17	0.01	45	234765	买盘
09:49:01	52.16	--	12	62591	买盘
09:48:56	52.16	0.01	3	15647	买盘
09:48:46	52.15	-0.01	8	41720	卖盘
09:48:42	52.16	0.01	4	20864	买盘
09:48:21	52.15	--	14	73010	买盘
09:48:16	52.15	--	0	0	买盘
09:48:11	52.15	0.03	7	36505	买盘
09:47:46	52.12	0.02	4	20848	买盘
09:47:41	52.1	-0.02	1	5210	卖盘
09:47:36	52.12	--	0	0	买盘
09:47:31	52.12	-0.01	4	20848	中性盘
09:47:21	52.13	0.12	1	5213	中性盘
09:47:16	52.01	--	0	0	卖盘
09:47:11	52.01	0.01	2	10402	卖盘
09:47:01	52.0	-0.01	1	5200	卖盘
09:46:56	52.01	--	6	31206	卖盘
09:46:41	52.01	--	5	26005	买盘
09:46:36	52.01	--	7	36407	买盘
09:46:16	52.01	-0.16	30	156030	卖盘
09:46:11	52.17	0.09	10	52170	买盘
09:46:01	52.08	--	0	0	中性盘
09:45:56	52.08	0.08	2	10416	买盘
09:45:46	52.0	--	0	0	卖盘
09:45:36	52.0	--	0	0	卖盘
09:45:31	52.0	-0.07	15	78000	卖盘
09:45:26	52.07	-0.11	25	130175	卖盘
09:45:21	52.18	0.1	5	26090	买盘
09:45:01	52.08	-0.1	1	5208	卖盘
09:44:46	52.18	--	8	41744	买盘
09:44:31	52.18	--	2	10436	买盘
09:44:26	52.18	--	5	26090	买盘
09:44:21	52.18	--	0	0	买盘
09:44:00	52.18	-0.01	11	57398	买盘
09:43:55	52.19	0.05	13	67847	买盘
09:43:50	52.14	-0.04	20	106469	卖盘
09:43:40	52.18	--	3	15654	卖盘
09:43:35	52.18	--	0	3026	买盘
09:43:10	52.18	0.03	2	10436	买盘
09:43:05	52.15	-0.03	3	15645	买盘
09:43:00	52.18	--	0	0	买盘
09:42:55	52.18	--	1	5218	买盘
09:42:51	52.18	0.03	10	52180	买盘
09:42:40	52.15	-0.03	1	5215	卖盘
09:42:35	52.18	--	23	120014	买盘
09:42:30	52.18	0.03	2	10436	买盘
09:42:25	52.15	-0.03	7	36505	卖盘
09:42:20	52.18	--	3	15654	买盘
09:42:05	52.18	--	2	10436	卖盘
09:42:00	52.18	--	0	0	中性盘
09:41:55	52.18	--	2	10436	卖盘
09:41:50	52.18	0.03	3	15654	买盘
09:41:30	52.15	-0.03	3	15645	卖盘
09:41:25	52.18	--	16	83488	卖盘
09:41:20	52.18	0.03	38	198284	买盘
09:41:15	52.15	-0.03	1	5215	卖盘
09:41:10	52.18	--	10	52180	买盘
09:41:00	52.18	-0.01	3	15654	买盘
09:40:50	52.19	0.01	26	135694	买盘
09:40:45	52.18	-0.01	17	88706	卖盘
09:40:40	52.19	--	10	52190	买盘
09:40:35	52.19	--	4	20876	卖盘
09:40:30	52.19	--	1	5219	卖盘
09:40:25	52.19	--	35	182665	买盘
09:40:20	52.19	0.01	3	15657	买盘
09:40:15	52.18	--	5	26090	买盘
09:40:10	52.18	--	5	26090	买盘
09:40:05	52.18	--	6	31308	买盘
09:40:00	52.18	--	18	93924	卖盘
09:39:55	52.18	0.12	36	187848	买盘
09:39:40	52.06	-0.09	39	203034	卖盘
09:39:30	52.15	--	0	0	买盘
09:39:20	52.15	0.15	50	260750	买盘
09:39:10	52.0	--	2	10400	卖盘
09:39:05	52.0	--	6	31200	卖盘
09:38:55	52.0	--	9	46800	买盘
09:38:45	52.0	--	0	0	买盘
09:38:40	52.0	0.07	16	83200	买盘
09:38:34	51.93	-0.06	5	25965	卖盘
09:38:25	51.99	0.06	4	20796	买盘
09:38:20	51.93	--	6	31158	卖盘
09:38:15	51.93	-0.05	9	46737	卖盘
09:38:09	51.98	0.06	2	10396	买盘
09:38:04	51.92	--	0	0	卖盘
09:37:49	51.92	0.02	1	5192	卖盘
09:37:44	51.9	--	0	0	卖盘
09:37:39	51.9	--	5	25950	卖盘
09:37:34	51.9	--	0	0	卖盘
09:37:19	51.9	--	1	5190	卖盘
09:37:14	51.9	-0.09	6	31140	卖盘
09:37:09	51.99	0.09	17	88383	买盘
09:37:04	51.9	--	18	93420	买盘
09:36:59	51.9	--	9	46710	买盘
09:36:49	51.9	--	26	134940	卖盘
09:36:44	51.9	--	0	0	卖盘
09:36:34	51.9	--	0	0	卖盘
09:36:29	51.9	--	1	5190	卖盘
09:36:24	51.9	--	8	41520	卖盘
09:36:19	51.9	--	3	15570	买盘
09:36:14	51.9	0.04	1	5190	买盘
09:36:09	51.86	--	0	0	卖盘
09:36:04	51.86	-0.05	24	124464	卖盘
09:35:54	51.91	0.01	4	20764	买盘
09:35:49	51.9	-0.01	3	15570	卖盘
09:35:44	51.91	--	2	10382	买盘
09:35:39	51.91	-0.08	16	83056	卖盘
09:35:34	51.99	--	16	83184	买盘
09:35:19	51.99	-0.01	6	31194	中性盘
09:35:04	52.0	0.09	2	10400	买盘
09:34:59	51.91	-0.17	7	36337	卖盘
09:34:49	52.08	0.03	7	36456	买盘
09:34:44	52.05	-0.03	1	5205	卖盘
09:34:34	52.08	--	10	52080	卖盘
09:34:24	52.08	0.08	10	52080	买盘
09:34:19	52.0	-0.05	7	36400	卖盘
09:34:14	52.05	-0.02	3	15615	买盘
09:34:04	52.07	--	3	15621	卖盘
09:33:59	52.07	0.07	8	41656	买盘
09:33:54	52.0	--	5	26000	卖盘
09:33:49	52.0	--	0	0	卖盘
09:33:39	52.0	0.09	5	26000	卖盘
09:33:34	51.91	--	0	0	卖盘
09:33:29	51.91	--	0	0	卖盘
09:33:24	51.91	0.01	4	20764	卖盘
09:33:19	51.9	-0.1	8	41520	卖盘
09:33:14	52.0	--	33	171600	买盘
09:33:04	52.0	--	1	5200	买盘
09:32:54	52.0	--	3	15600	卖盘
09:32:44	52.0	--	7	36400	卖盘
09:32:29	52.0	-0.1	1	5200	卖盘
09:32:09	52.1	--	0	0	买盘
09:32:04	52.1	--	9	46890	买盘
09:31:59	52.1	--	0	0	买盘
09:31:49	52.1	--	0	0	买盘
09:31:43	52.1	0.25	3	15630	买盘
09:31:38	51.85	--	5	25925	卖盘
09:31:33	51.85	--	0	0	卖盘
09:31:28	51.85	--	1	5185	卖盘
09:31:23	51.85	--	3	15555	卖盘
09:31:13	51.85	--	10	51850	买盘
09:31:08	51.85	--	5	25925	买盘
09:31:03	51.85	--	22	114070	卖盘
09:30:58	51.85	--	0	0	卖盘
09:30:53	51.85	--	0	0	卖盘
09:30:48	51.85	-0.34	3	15555	卖盘
09:30:43	52.19	0.53	10	52190	买盘
09:30:38	51.66	--	0	0	卖盘
09:30:33	51.66	--	0	0	卖盘
09:30:23	51.66	-0.34	32	165312	卖盘
09:30:18	52.0	-0.19	1	5200	中性盘
09:30:08	52.19	-0.06	22	114818	卖盘
09:30:03	52.25	-0.05	13	67925	卖盘
09:28:45	52.3	--	0	0	买盘
09:25:06	52.3	52.3	129	674670	买盘
