成交时间	成交价	价格变动	成交量(手)	成交额(元)	性质
15:00:00	15.75	--	0	0	卖盘
15:00:00	15.75	-0.01	0	0	卖盘
14:59:59	15.76	0.01	37	58312	卖盘
14:59:49	15.75	--	0	0	卖盘
14:59:44	15.75	--	41	64575	买盘
14:59:38	15.75	--	127	200025	买盘
14:59:34	15.75	--	2	3150	买盘
14:59:29	15.75	-0.01	315	496125	卖盘
14:59:23	15.76	--	26	40976	买盘
14:59:14	15.76	--	37	58312	买盘
14:59:08	15.76	0.01	102	160752	买盘
14:59:04	15.75	--	13	20475	卖盘
14:58:59	15.75	-0.01	59	92925	卖盘
14:58:53	15.76	0.01	56	88256	买盘
14:58:49	15.75	0.01	4	6300	卖盘
14:58:44	15.74	--	103	162122	卖盘
14:58:38	15.74	-0.01	43	67682	卖盘
14:58:34	15.75	0.01	16	25200	中性盘
14:58:29	15.74	--	44	69256	卖盘
14:58:23	15.74	-0.01	64	100736	卖盘
14:58:19	15.75	-0.01	17	26775	中性盘
14:58:14	15.76	0.01	130	204880	买盘
14:58:08	15.75	0.01	45	70875	买盘
14:58:04	15.74	-0.01	159	250266	卖盘
14:57:59	15.75	--	57	89775	卖盘
14:57:53	15.75	0.03	488	770143	买盘
14:57:49	15.72	-0.02	38	59736	卖盘
14:57:44	15.74	0.01	34	53516	买盘
14:57:38	15.73	0.02	18	28314	买盘
14:57:34	15.71	-0.04	108	169668	卖盘
14:57:29	15.75	--	154	242550	买盘
14:57:23	15.75	0.02	75	118125	买盘
14:57:19	15.73	-0.04	5	7865	买盘
14:57:14	15.77	0.02	242	381634	买盘
14:57:08	15.75	-0.02	315	496125	卖盘
14:57:04	15.77	0.01	323	509371	买盘
14:56:59	15.76	--	75	118200	买盘
14:56:53	15.76	--	760	1197760	卖盘
14:56:49	15.76	-0.01	66	104016	卖盘
14:56:44	15.77	--	61	96197	买盘
14:56:38	15.77	--	80	126160	卖盘
14:56:34	15.77	-0.01	114	179778	卖盘
14:56:29	15.78	0.01	121	190938	买盘
14:56:23	15.77	-0.01	18	28386	卖盘
14:56:14	15.78	0.01	18	28404	卖盘
14:56:08	15.77	-0.01	226	356402	卖盘
14:56:04	15.78	--	60	94680	买盘
14:55:59	15.78	--	1	1578	买盘
14:55:53	15.78	-0.01	58	91524	买盘
14:55:49	15.79	0.01	105	165795	买盘
14:55:38	15.78	--	21	34242	卖盘
14:55:34	15.78	-0.01	145	230309	卖盘
14:55:29	15.79	--	7	11053	买盘
14:55:23	15.79	0.01	165	260535	买盘
14:55:19	15.78	-0.01	73	115194	卖盘
14:55:14	15.79	--	36	56844	买盘
14:55:08	15.79	--	102	161058	买盘
14:55:04	15.79	-0.01	56	88424	卖盘
14:54:59	15.8	0.01	2	3160	买盘
14:54:53	15.79	-0.01	208	328432	卖盘
14:54:49	15.8	--	5	7900	买盘
14:54:38	15.8	0.01	77	121660	卖盘
14:54:34	15.79	-0.01	11	17369	卖盘
14:54:29	15.8	0.01	26	41080	买盘
14:54:23	15.79	-0.01	19	30001	卖盘
14:54:19	15.8	0.01	7	11060	买盘
14:54:08	15.79	-0.01	100	157900	卖盘
14:54:04	15.8	--	5	7900	卖盘
14:53:59	15.8	0.01	73	115893	买盘
14:53:53	15.79	--	1	1579	卖盘
14:53:49	15.79	--	5	7895	卖盘
14:53:43	15.79	0.01	92	145268	买盘
14:53:38	15.78	--	4	6312	卖盘
14:53:34	15.78	--	12	18936	卖盘
14:53:28	15.78	0.01	19	29982	买盘
14:53:23	15.77	--	91	143507	卖盘
14:53:17	15.77	--	74	116698	卖盘
14:53:13	15.77	--	10	15770	中性盘
14:53:08	15.77	-0.01	224	353248	卖盘
14:53:03	15.78	0.01	6	9468	买盘
14:52:58	15.77	--	1	1577	卖盘
14:52:53	15.77	--	51	81609	买盘
14:52:47	15.77	--	91	143507	买盘
14:52:43	15.77	0.01	92	145084	买盘
14:52:38	15.76	--	29	45704	卖盘
14:52:32	15.76	-0.01	51	80376	卖盘
14:52:28	15.77	0.01	27	42579	买盘
14:52:23	15.76	--	224	353024	卖盘
14:52:17	15.76	0.01	203	321188	买盘
14:52:13	15.75	--	68	107100	卖盘
14:52:08	15.75	-0.01	160	252000	卖盘
14:52:02	15.76	--	38	59888	买盘
14:51:58	15.76	--	212	334112	买盘
14:51:53	15.76	-0.02	403	635128	卖盘
14:51:43	15.78	--	89	140442	买盘
14:51:38	15.78	--	64	100992	卖盘
14:51:32	15.78	-0.01	34	53652	卖盘
14:51:28	15.79	0.01	2	3158	买盘
14:51:23	15.78	--	54	85212	卖盘
14:51:17	15.78	--	11	17358	卖盘
14:51:08	15.78	--	111	175158	卖盘
14:51:02	15.78	-0.01	85	134130	卖盘
14:50:53	15.79	--	37	58423	卖盘
14:50:47	15.79	--	25	39475	卖盘
14:50:43	15.79	--	1	1579	卖盘
14:50:38	15.79	-0.01	120	189480	卖盘
14:50:32	15.8	--	47	74260	买盘
14:50:23	15.8	0.01	4	6320	买盘
14:50:17	15.79	-0.02	333	526833	卖盘
14:50:13	15.81	--	3	4743	买盘
14:50:08	15.81	0.01	27	42687	买盘
14:50:02	15.8	-0.01	69	109573	卖盘
14:49:53	15.81	--	42	66402	买盘
14:49:47	15.81	--	118	186558	卖盘
14:49:38	15.81	-0.01	62	98022	卖盘
14:49:32	15.82	--	9	14238	买盘
14:49:28	15.82	-0.01	120	189840	卖盘
14:49:23	15.83	--	20	31660	买盘
14:49:13	15.83	-0.01	1	1583	买盘
14:49:02	15.84	--	0	0	买盘
14:48:58	15.84	0.01	94	148896	买盘
14:48:53	15.83	-0.01	200	316600	卖盘
14:48:47	15.84	--	79	125136	买盘
14:48:38	15.84	--	27	42768	买盘
14:48:32	15.84	--	102	161568	卖盘
14:48:28	15.84	--	4	6336	卖盘
14:48:13	15.84	0.01	12	19008	买盘
14:48:08	15.83	--	1	1583	卖盘
14:48:02	15.83	--	18	28494	卖盘
14:47:58	15.83	-0.01	89	140887	卖盘
14:47:53	15.84	0.01	10	15840	买盘
14:47:43	15.83	--	112	177296	卖盘
14:47:32	15.83	--	14	22162	卖盘
14:47:28	15.83	-0.01	200	316600	卖盘
14:47:12	15.84	--	37	58608	买盘
14:47:02	15.84	--	310	491040	卖盘
14:46:56	15.84	-0.01	79	125136	卖盘
14:46:47	15.85	0.01	2	3170	买盘
14:46:41	15.84	-0.01	140	221760	卖盘
14:46:32	15.85	0.01	32	50720	买盘
14:46:26	15.84	-0.01	64	101376	卖盘
14:46:22	15.85	0.01	12	19020	买盘
14:46:11	15.84	-0.01	17	26928	卖盘
14:46:07	15.85	-0.02	155	245992	卖盘
14:46:02	15.87	0.02	139	220593	买盘
14:45:56	15.85	--	11	17435	卖盘
14:45:47	15.85	--	1	2853	买盘
14:45:41	15.85	--	7	11095	买盘
14:45:37	15.85	--	10	15850	买盘
14:45:32	15.85	-0.02	241	382302	卖盘
14:45:26	15.87	--	17	26979	买盘
14:45:17	15.87	--	27	44118	买盘
14:45:11	15.87	--	9	14283	买盘
14:45:07	15.87	--	6	9522	买盘
14:45:02	15.87	-0.01	40	63480	卖盘
14:44:56	15.88	--	4	7384	卖盘
14:44:52	15.88	--	15	24375	买盘
14:44:47	15.88	-0.01	35	56612	卖盘
14:44:41	15.89	0.01	36	57204	买盘
14:44:37	15.88	--	9	14292	卖盘
14:44:26	15.88	--	37	58756	卖盘
14:44:22	15.88	--	27	42876	卖盘
14:44:17	15.88	-0.01	4	6352	卖盘
14:44:11	15.89	0.01	32	51404	买盘
14:44:07	15.88	--	20	31760	买盘
14:44:02	15.88	--	4	7384	卖盘
14:43:56	15.88	--	20	31760	卖盘
14:43:47	15.88	--	5	7940	卖盘
14:43:41	15.88	--	0	0	卖盘
14:43:37	15.88	--	1	1588	卖盘
14:43:26	15.88	-0.02	25	39700	卖盘
14:43:22	15.9	0.02	2	3180	买盘
14:43:11	15.88	-0.02	20	31760	卖盘
14:43:07	15.9	--	10	15900	买盘
14:42:56	15.9	--	42	66780	买盘
14:42:41	15.9	0.02	60	95400	买盘
14:42:37	15.88	-0.01	12	19056	卖盘
14:42:26	15.89	0.01	20	31780	买盘
14:42:22	15.88	-0.01	4	6352	卖盘
14:42:17	15.89	0.01	4	6356	买盘
14:42:07	15.88	--	34	53992	卖盘
14:41:56	15.88	--	108	172059	买盘
14:41:41	15.88	-0.02	22	35968	卖盘
14:41:37	15.9	0.02	151	240646	买盘
14:41:26	15.88	--	174	276312	卖盘
14:41:17	15.88	-0.01	36	57168	卖盘
14:41:11	15.89	--	8	12712	卖盘
14:41:07	15.89	0.01	76	120764	买盘
14:41:01	15.88	--	30	47640	买盘
14:40:56	15.88	--	21	33348	卖盘
14:40:51	15.88	--	1	1588	卖盘
14:40:46	15.88	-0.02	52	82576	卖盘
14:40:37	15.9	0.02	4	6360	买盘
14:40:32	15.88	-0.02	2	3176	卖盘
14:40:26	15.9	--	200	318000	买盘
14:40:11	15.9	-0.01	127	203202	卖盘
14:40:05	15.91	--	39	62049	卖盘
14:40:01	15.91	--	4	6364	卖盘
14:39:56	15.91	0.01	4	6364	买盘
14:39:50	15.9	-0.01	49	77910	卖盘
14:39:41	15.91	--	2	3182	卖盘
14:39:35	15.91	0.01	10	15910	买盘
14:39:16	15.9	0.01	36	57558	买盘
14:39:11	15.89	-0.01	5	7945	卖盘
14:39:05	15.9	--	0	0	买盘
14:38:56	15.9	0.02	2	3180	买盘
14:38:41	15.88	--	23	36524	卖盘
14:38:26	15.88	--	1	1588	卖盘
14:38:16	15.88	0.01	2	3176	中性盘
14:38:11	15.87	-0.03	7	11109	卖盘
14:38:01	15.9	0.02	284	451560	买盘
14:37:56	15.88	--	3	4764	买盘
14:37:50	15.88	--	24	38112	卖盘
14:37:41	15.88	-0.01	36	57168	卖盘
14:37:31	15.89	--	30	47670	买盘
14:37:26	15.89	0.01	4	6356	买盘
14:37:16	15.88	-0.01	10	15880	卖盘
14:37:05	15.89	0.01	27	42903	买盘
14:36:56	15.88	-0.01	26	41288	卖盘
14:36:41	15.89	0.02	103	163667	买盘
14:36:31	15.87	-0.01	30	47610	卖盘
14:36:20	15.88	--	3	4764	卖盘
14:36:16	15.88	--	2	3176	买盘
14:36:11	15.88	--	1	1588	买盘
14:36:05	15.88	--	0	0	买盘
14:35:50	15.88	0.01	3	4764	买盘
14:35:46	15.87	0.01	22	34914	买盘
14:35:35	15.86	--	44	69784	买盘
14:35:31	15.86	--	2	3172	买盘
14:35:20	15.86	--	20	31720	买盘
14:35:16	15.86	--	16	25376	卖盘
14:35:11	15.86	--	1	1586	卖盘
14:34:50	15.86	--	3	4758	卖盘
14:34:46	15.86	--	2	3172	卖盘
14:34:35	15.86	--	1	1586	卖盘
14:34:30	15.86	--	10	15860	卖盘
14:34:25	15.86	--	30	47580	卖盘
14:34:20	15.86	0.01	7	11102	买盘
14:34:16	15.85	--	2	3170	卖盘
14:34:05	15.85	--	6	9510	卖盘
14:34:01	15.85	--	20	31700	卖盘
14:33:50	15.85	-0.01	55	87175	卖盘
14:33:44	15.86	--	4	6344	买盘
14:33:35	15.86	0.01	1	1586	中性盘
14:33:29	15.85	-0.02	5	7925	卖盘
14:33:25	15.87	0.01	21	33327	买盘
14:33:20	15.86	-0.01	2	3172	卖盘
14:33:14	15.87	0.01	10	15870	买盘
14:33:10	15.86	-0.01	3	4758	卖盘
14:33:05	15.87	--	27	42849	买盘
14:32:50	15.87	--	8	12696	卖盘
14:32:35	15.87	0.03	10	15870	买盘
14:32:25	15.84	-0.03	5	7920	卖盘
14:32:20	15.87	0.03	3	4761	买盘
14:32:14	15.84	--	23	36432	卖盘
14:32:10	15.84	-0.02	3	4752	中性盘
14:32:05	15.86	0.03	250	396500	买盘
14:31:59	15.83	--	16	25328	卖盘
14:31:50	15.83	-0.01	68	107644	卖盘
14:31:44	15.84	0.01	20	31680	买盘
14:31:40	15.83	-0.01	11	17413	卖盘
14:31:20	15.84	-0.01	11	17424	卖盘
14:31:14	15.85	-0.01	156	247260	卖盘
14:31:10	15.86	--	5	7930	卖盘
14:31:05	15.86	--	13	20618	卖盘
14:30:59	15.86	-0.01	31	49166	卖盘
14:30:40	15.87	--	47	74589	卖盘
14:30:35	15.87	-0.01	2	3174	卖盘
14:30:25	15.88	--	70	111160	卖盘
14:30:20	15.88	-0.01	10	15880	卖盘
14:30:14	15.89	-0.01	49	77861	卖盘
14:30:10	15.9	--	0	0	卖盘
14:30:05	15.9	-0.01	56	89040	卖盘
14:29:55	15.91	--	0	0	中性盘
14:29:50	15.91	--	10	15910	卖盘
14:29:44	15.91	-0.01	10	15910	卖盘
14:29:35	15.92	--	2	3184	买盘
14:29:29	15.92	0.01	41	65272	卖盘
14:29:25	15.91	-0.02	46	73186	卖盘
14:29:14	15.93	-0.02	199	317007	买盘
14:29:05	15.95	0.03	400	638000	买盘
14:28:59	15.92	--	0	0	卖盘
14:28:55	15.92	-0.02	4	6368	卖盘
14:28:50	15.94	0.01	10	15940	买盘
14:28:40	15.93	--	11	17523	买盘
14:28:35	15.93	--	1	1593	买盘
14:28:29	15.93	--	3	4779	卖盘
14:28:25	15.93	-0.01	5	7965	卖盘
14:28:20	15.94	-0.01	1	1594	买盘
14:28:14	15.95	--	0	0	买盘
14:27:59	15.95	--	0	0	买盘
14:27:53	15.95	0.01	320	510400	买盘
14:27:50	15.94	--	2	3188	卖盘
14:27:44	15.94	0.02	5	7970	中性盘
14:27:29	15.92	-0.03	622	990224	卖盘
14:27:23	15.95	--	12	19140	卖盘
14:27:19	15.95	--	30	47850	卖盘
14:27:14	15.95	--	15	23925	卖盘
14:27:08	15.95	--	30	49285	买盘
14:26:59	15.95	0.01	35	55825	买盘
14:26:49	15.94	-0.01	12	19128	卖盘
14:26:44	15.95	0.01	68	108460	买盘
14:26:34	15.94	--	12	19128	卖盘
14:26:29	15.94	--	10	15940	卖盘
14:26:23	15.94	0.01	24	38256	买盘
14:26:14	15.93	-0.01	116	184788	卖盘
14:26:08	15.94	0.01	2	3188	买盘
14:25:59	15.93	--	2	3186	卖盘
14:25:53	15.93	--	29	46197	卖盘
14:25:44	15.93	--	11	17523	卖盘
14:25:38	15.93	--	6	9558	卖盘
14:25:34	15.93	--	3	4779	卖盘
14:25:23	15.93	--	4	6372	卖盘
14:25:19	15.93	0.01	21	33453	买盘
14:25:14	15.92	--	20	31840	卖盘
14:25:08	15.92	-0.01	13	20696	卖盘
14:24:59	15.93	0.01	1	1593	买盘
14:24:38	15.92	-0.01	20	31840	卖盘
14:24:29	15.93	0.01	18	28674	买盘
14:24:23	15.92	-0.01	10	15920	卖盘
14:24:14	15.93	--	9	14337	买盘
14:24:08	15.93	--	58	92394	买盘
14:24:04	15.93	0.01	11	17523	买盘
14:23:59	15.92	--	10	15920	卖盘
14:23:53	15.92	--	1	1592	卖盘
14:23:49	15.92	-0.01	1	1592	卖盘
14:23:38	15.93	0.01	5	7965	买盘
14:23:34	15.92	--	7	11144	卖盘
14:23:19	15.92	-0.01	32	50944	卖盘
14:23:04	15.93	0.01	51	81243	买盘
14:22:53	15.92	--	4	6368	卖盘
14:22:49	15.92	--	57	90744	买盘
14:22:23	15.92	0.02	30	47760	买盘
14:22:08	15.9	-0.02	82	130380	卖盘
14:22:04	15.92	0.01	60	95520	买盘
14:21:53	15.91	--	1	1591	卖盘
14:21:49	15.91	--	70	111370	买盘
14:21:33	15.91	--	20	31820	买盘
14:21:23	15.91	--	20	31820	买盘
14:21:18	15.91	-0.01	2	3182	中性盘
14:21:14	15.92	--	2	3184	买盘
14:20:58	15.92	--	0	0	买盘
14:20:53	15.92	0.01	66	105072	买盘
14:20:47	15.91	--	8	12728	卖盘
14:20:38	15.91	-0.01	28	44548	卖盘
14:20:23	15.92	0.01	7	11144	买盘
14:20:08	15.91	--	1	1591	卖盘
14:20:02	15.91	--	4	6364	买盘
14:19:53	15.91	--	4	6364	买盘
14:19:32	15.91	0.01	14	22274	买盘
14:19:23	15.9	--	10	15900	卖盘
14:19:17	15.9	0.01	4	6360	卖盘
14:19:08	15.89	--	0	0	卖盘
14:18:58	15.89	-0.01	7	11123	卖盘
14:18:53	15.9	--	5	7950	买盘
14:18:47	15.9	-0.01	104	165360	卖盘
14:18:38	15.91	--	23	36593	买盘
14:18:28	15.91	--	81	128871	买盘
14:18:17	15.91	--	9	14319	卖盘
14:18:08	15.91	--	2	3182	卖盘
14:17:47	15.91	0.02	189	300699	买盘
14:17:43	15.89	--	3	4767	卖盘
14:17:38	15.89	--	1	1589	卖盘
14:17:32	15.89	--	1	1589	卖盘
14:17:13	15.89	--	66	104874	卖盘
14:17:02	15.89	--	1	1589	买盘
14:16:58	15.89	--	7	11123	买盘
14:16:43	15.89	0.01	23	36547	买盘
14:16:32	15.88	--	5	7940	卖盘
14:16:23	15.88	--	10	15880	卖盘
14:16:17	15.88	--	2	3176	卖盘
14:16:08	15.88	--	2	3176	买盘
14:15:58	15.88	--	35	55580	买盘
14:15:52	15.88	--	10	15880	买盘
14:15:43	15.88	--	5	7940	买盘
14:15:32	15.88	--	10	15880	买盘
14:15:27	15.88	--	39	61932	卖盘
14:15:22	15.88	--	11	17468	买盘
14:15:12	15.88	--	5	7940	买盘
14:15:02	15.88	--	2	3176	卖盘
14:14:47	15.88	--	11	17468	卖盘
14:14:41	15.88	0.01	17	26996	买盘
14:14:22	15.87	-0.01	5	7935	卖盘
14:14:11	15.88	0.01	8	12704	买盘
14:14:07	15.87	--	2	3174	卖盘
14:14:02	15.87	--	2	3174	卖盘
14:13:47	15.87	--	5	7935	卖盘
14:13:26	15.87	-0.01	8	12696	卖盘
14:13:22	15.88	--	13	20644	买盘
14:13:17	15.88	--	15	23820	卖盘
14:12:56	15.88	--	19	30172	买盘
14:12:47	15.88	--	5	7940	买盘
14:12:37	15.88	0.01	10	15880	买盘
14:12:32	15.87	-0.01	72	114264	卖盘
14:12:11	15.88	--	14	22232	卖盘
14:12:02	15.88	-0.01	4	6352	卖盘
14:11:56	15.89	--	36	57204	卖盘
14:11:47	15.89	--	13	20657	卖盘
14:11:41	15.89	--	33	52437	卖盘
14:11:37	15.89	--	5	7945	卖盘
14:11:32	15.89	0.02	13	20657	买盘
14:11:26	15.87	-0.02	57	90459	卖盘
14:11:17	15.89	--	93	147777	卖盘
14:11:11	15.89	--	2	3178	卖盘
14:11:02	15.89	-0.01	5	7945	买盘
14:10:52	15.9	--	0	0	买盘
14:10:47	15.9	--	10	15900	买盘
14:10:26	15.9	--	68	108120	卖盘
14:10:07	15.9	--	10	15900	卖盘
14:09:41	15.9	-0.01	36	57240	卖盘
14:09:37	15.91	--	3	4773	买盘
14:09:32	15.91	--	3	5807	卖盘
14:09:26	15.91	--	12	19092	卖盘
14:09:17	15.91	--	17	27603	卖盘
14:09:11	15.91	-0.01	6	9546	卖盘
14:09:01	15.92	0.01	24	38208	买盘
14:08:56	15.91	--	3	4773	卖盘
14:08:41	15.91	--	28	44548	卖盘
14:08:35	15.91	0.01	66	105006	买盘
14:08:20	15.9	-0.01	5	7950	卖盘
14:08:11	15.91	--	25	39775	买盘
14:07:56	15.91	0.01	5	7955	买盘
14:07:50	15.9	--	25	39750	卖盘
14:07:41	15.9	--	11	17490	卖盘
14:07:35	15.9	--	60	95400	买盘
14:07:26	15.9	--	20	31800	买盘
14:07:20	15.9	--	2	3180	买盘
14:06:56	15.9	--	13	20670	卖盘
14:06:41	15.9	--	0	0	买盘
14:06:35	15.9	0.03	5	7950	买盘
14:06:20	15.87	--	1	1587	卖盘
14:06:16	15.87	--	2	3174	卖盘
14:05:56	15.87	--	40	63480	卖盘
14:05:50	15.87	--	0	0	卖盘
14:05:41	15.87	-0.01	12	19044	卖盘
14:05:35	15.88	0.01	5	7940	买盘
14:05:26	15.87	--	40	63480	买盘
14:05:20	15.87	--	51	80937	买盘
14:05:16	15.87	--	0	0	买盘
14:05:11	15.87	--	44	69828	买盘
14:05:05	15.87	--	5	7935	买盘
14:05:01	15.87	0.02	1	1587	买盘
14:04:50	15.85	-0.02	15	23775	卖盘
14:04:35	15.87	--	0	0	买盘
14:04:26	15.87	0.03	5	7935	买盘
14:04:20	15.84	--	70	110880	卖盘
14:04:05	15.84	--	15	23760	卖盘
14:03:56	15.84	--	1	1584	卖盘
14:03:26	15.84	-0.01	47	74448	卖盘
14:03:05	15.85	--	0	0	中性盘
14:02:40	15.85	--	2	3170	买盘
14:02:35	15.85	--	7	11095	卖盘
14:02:20	15.85	--	8	12680	买盘
14:02:05	15.85	-0.02	56	88760	卖盘
14:01:59	15.87	--	0	0	买盘
14:01:50	15.87	--	0	0	买盘
14:01:44	15.87	0.04	10	15870	买盘
14:01:14	15.83	0.01	2	3166	卖盘
14:01:10	15.82	--	0	0	卖盘
14:01:05	15.82	--	14	22148	卖盘
14:00:29	15.82	--	23	36386	卖盘
14:00:25	15.82	--	6	9492	卖盘
14:00:10	15.82	--	9	14238	买盘
13:59:59	15.82	-0.05	63	99666	卖盘
13:59:55	15.87	-0.04	93	147591	卖盘
13:59:50	15.91	0.01	23	36593	买盘
13:59:35	15.9	0.02	20	31800	买盘
13:59:29	15.88	--	67	106396	卖盘
13:59:25	15.88	-0.02	2	3176	卖盘
13:59:20	15.9	0.02	3	4770	买盘
13:59:05	15.88	-0.02	13	20644	卖盘
13:58:59	15.9	--	7	11130	买盘
13:58:50	15.9	--	1	1590	买盘
13:58:35	15.9	0.02	15	23850	买盘
13:58:25	15.88	0.01	29	46052	买盘
13:58:20	15.87	-0.01	1	1587	卖盘
13:58:10	15.88	0.01	10	15880	买盘
13:58:05	15.87	-0.01	10	15870	卖盘
13:57:59	15.88	--	12	19056	买盘
13:57:44	15.88	0.01	21	33348	买盘
13:57:40	15.87	-0.01	8	12696	卖盘
13:57:29	15.88	--	11	17468	买盘
13:57:14	15.88	-0.02	5	7940	卖盘
13:56:59	15.9	--	1	1590	买盘
13:56:55	15.9	--	57	90630	卖盘
13:56:50	15.9	-0.01	3	4770	卖盘
13:56:44	15.91	0.01	34	54094	买盘
13:56:39	15.9	-0.02	82	130380	卖盘
13:56:35	15.92	--	0	0	买盘
13:56:29	15.92	0.01	149	237208	买盘
13:56:24	15.91	--	109	173419	卖盘
13:56:09	15.91	-0.02	92	146372	卖盘
13:55:55	15.93	--	4	6372	买盘
13:55:38	15.93	--	24	38550	卖盘
13:55:34	15.93	--	5	7965	卖盘
13:55:29	15.93	--	15	23895	卖盘
13:55:23	15.93	--	5	7965	卖盘
13:55:14	15.93	--	0	0	卖盘
13:55:08	15.93	-0.01	32	50976	卖盘
13:55:04	15.94	--	26	42719	买盘
13:54:59	15.94	--	30	47820	买盘
13:54:53	15.94	--	6	9564	买盘
13:54:44	15.94	--	381	607314	卖盘
13:54:38	15.94	--	28	44632	卖盘
13:54:34	15.94	-0.01	2	3188	卖盘
13:54:29	15.95	--	4	6380	买盘
13:54:23	15.95	0.01	11	17545	买盘
13:54:19	15.94	0.01	3	4782	卖盘
13:54:14	15.93	--	0	0	卖盘
13:54:08	15.93	-0.02	13	20709	卖盘
13:54:04	15.95	0.01	139	221705	买盘
13:53:59	15.94	0.01	12	19128	买盘
13:53:53	15.93	--	10	15930	卖盘
13:53:44	15.93	--	50	79650	卖盘
13:53:34	15.93	--	20	31860	卖盘
13:53:29	15.93	0.01	169	269217	买盘
13:53:23	15.92	--	55	87560	买盘
13:53:14	15.92	-0.01	32	50944	卖盘
13:53:08	15.93	0.01	88	140184	买盘
13:52:59	15.92	-0.01	33	52536	卖盘
13:52:53	15.93	--	17	27081	买盘
13:52:44	15.93	--	1	1593	买盘
13:52:38	15.93	-0.01	43	68499	卖盘
13:52:34	15.94	--	121	192874	卖盘
13:52:29	15.94	-0.01	97	154618	卖盘
13:52:23	15.95	0.01	22	35090	买盘
13:52:14	15.94	--	23	36662	买盘
13:52:08	15.94	-0.02	89	141866	买盘
13:52:04	15.96	--	0	0	买盘
13:51:59	15.96	0.02	51	81396	买盘
13:51:53	15.94	0.01	6	9564	卖盘
13:51:49	15.93	-0.02	60	95580	卖盘
13:51:44	15.95	--	25	39875	卖盘
13:51:38	15.95	0.01	73	116435	买盘
13:51:34	15.94	-0.01	12	19128	卖盘
13:51:29	15.95	0.03	22	35090	买盘
13:51:23	15.92	-0.02	220	350240	卖盘
13:51:19	15.94	0.01	40	63760	买盘
13:51:14	15.93	--	1	1593	买盘
13:51:08	15.93	--	44	70092	卖盘
13:51:03	15.93	0.01	25	39825	买盘
13:50:53	15.92	--	10	15920	买盘
13:50:43	15.92	--	0	0	买盘
13:50:38	15.92	0.02	23	36616	买盘
13:50:23	15.9	0.02	308	489720	买盘
13:50:18	15.88	--	2	3176	买盘
13:50:13	15.88	--	0	0	买盘
13:50:08	15.88	0.02	50	79400	买盘
13:49:58	15.86	0.04	377	597922	买盘
13:49:53	15.82	0.01	18	28476	买盘
13:49:38	15.81	0.01	42	66402	买盘
13:49:28	15.8	--	100	158000	买盘
13:49:23	15.8	0.01	26	41080	买盘
13:49:08	15.79	--	18	28422	买盘
13:49:02	15.79	--	5	7895	买盘
13:48:58	15.79	--	3	4737	买盘
13:48:38	15.79	--	19	30001	买盘
13:48:32	15.79	--	17	26843	卖盘
13:48:23	15.79	--	21	33159	卖盘
13:48:08	15.79	-0.01	103	162637	卖盘
13:48:02	15.8	--	15	23700	买盘
13:47:47	15.8	--	1	1580	买盘
13:47:43	15.8	--	24	37920	买盘
13:47:38	15.8	0.01	47	74260	买盘
13:47:32	15.79	--	20	31580	卖盘
13:47:28	15.79	--	9	14211	卖盘
13:47:23	15.79	--	2	3158	卖盘
13:47:13	15.79	--	14	22106	卖盘
13:47:08	15.79	--	53	83687	买盘
13:47:02	15.79	--	8	12632	买盘
13:46:53	15.79	0.02	1	1579	买盘
13:46:47	15.77	--	29	45733	卖盘
13:46:43	15.77	-0.02	20	31540	卖盘
13:46:38	15.79	0.02	23	36317	买盘
13:46:17	15.77	0.01	10	15770	中性盘
13:46:13	15.76	-0.01	68	107168	卖盘
13:46:08	15.77	--	9	14193	买盘
13:45:53	15.77	--	2	3154	买盘
13:45:47	15.77	-0.01	311	490447	卖盘
13:45:43	15.78	-0.01	202	318756	卖盘
13:45:32	15.79	--	17	26843	卖盘
13:45:28	15.79	--	6	9474	卖盘
13:45:23	15.79	-0.01	10	15790	卖盘
13:45:17	15.8	0.02	3	4740	买盘
13:45:13	15.78	-0.02	82	129396	卖盘
13:44:58	15.8	--	0	0	买盘
13:44:52	15.8	0.02	10	15800	买盘
13:44:47	15.78	--	13	20514	卖盘
13:44:43	15.78	--	0	0	卖盘
13:44:37	15.78	-0.01	30	47340	卖盘
13:44:32	15.79	--	27	42633	卖盘
13:44:28	15.79	0.01	28	44527	买盘
13:44:23	15.78	--	17	26826	卖盘
13:44:12	15.78	-0.01	1	1578	卖盘
13:44:07	15.79	0.01	1	1579	买盘
13:44:02	15.78	-0.01	34	53652	卖盘
13:43:47	15.79	--	11	17369	买盘
13:43:42	15.79	--	149	235271	买盘
13:43:22	15.79	--	9	14211	买盘
13:43:12	15.79	--	2	3158	买盘
13:43:07	15.79	--	103	162637	买盘
13:43:02	15.79	--	11	17369	卖盘
13:42:41	15.79	--	30	47370	卖盘
13:42:32	15.79	--	7	11053	卖盘
13:42:22	15.79	--	20	31580	卖盘
13:42:17	15.79	-0.01	7	11053	卖盘
13:42:11	15.8	0.01	10	15800	买盘
13:42:02	15.79	0.01	17	26843	买盘
13:41:56	15.78	--	1	1578	卖盘
13:41:52	15.78	-0.01	7	11046	卖盘
13:41:47	15.79	0.01	8	12632	买盘
13:41:41	15.78	--	3	4734	卖盘
13:41:22	15.78	--	4	6312	卖盘
13:41:17	15.78	--	171	269838	卖盘
13:41:07	15.78	0.01	7	11046	买盘
13:41:02	15.77	--	0	0	中性盘
13:40:52	15.77	-0.01	98	154546	卖盘
13:40:47	15.78	0.01	20	31560	买盘
13:40:37	15.77	-0.01	10	15770	卖盘
13:40:32	15.78	0.01	7	11046	买盘
13:40:26	15.77	-0.01	10	15770	卖盘
13:40:22	15.78	--	13	20514	买盘
13:40:17	15.78	0.01	18	28404	中性盘
13:40:11	15.77	-0.01	9	14193	卖盘
13:40:02	15.78	0.01	2	3156	卖盘
13:39:56	15.77	--	36	56772	卖盘
13:39:52	15.77	--	1	1577	卖盘
13:39:47	15.77	-0.02	6	9462	卖盘
13:39:41	15.79	0.03	2	3158	买盘
13:39:32	15.76	--	0	0	卖盘
13:39:26	15.76	-0.03	20	31520	卖盘
13:39:22	15.79	--	3	4737	买盘
13:39:17	15.79	--	33	52107	买盘
13:39:07	15.79	0.03	5	7895	买盘
13:39:02	15.76	--	20	31520	卖盘
13:38:56	15.76	--	51	80376	卖盘
13:38:37	15.76	-0.03	5	7880	卖盘
13:38:31	15.79	0.03	5	7895	买盘
13:38:26	15.76	-0.04	6	9456	卖盘
13:38:21	15.8	--	0	0	买盘
13:38:16	15.8	0.01	50	79000	买盘
13:38:11	15.79	0.01	7	11053	卖盘
13:38:01	15.78	0.03	3	4734	买盘
13:37:56	15.75	-0.05	812	1278900	卖盘
13:37:52	15.8	0.02	4	6320	买盘
13:37:36	15.78	-0.02	30	47340	卖盘
13:37:31	15.8	--	1	1580	买盘
13:37:11	15.8	0.02	19	30020	中性盘
13:37:06	15.78	-0.02	372	587016	卖盘
13:36:51	15.8	--	14	22120	卖盘
13:36:46	15.8	--	1	1580	卖盘
13:36:41	15.8	-0.01	10	15800	卖盘
13:36:26	15.81	0.01	70	110670	买盘
13:36:05	15.8	-0.01	38	60040	卖盘
13:35:50	15.81	--	40	63240	买盘
13:35:41	15.81	0.01	10	15810	买盘
13:35:31	15.8	--	2	3160	卖盘
13:35:11	15.8	--	45	71100	卖盘
13:35:05	15.8	--	66	104280	买盘
13:34:56	15.8	--	1	1580	买盘
13:34:50	15.8	0.01	2	3160	买盘
13:34:41	15.79	-0.01	5	7895	卖盘
13:34:26	15.8	--	21	33180	卖盘
13:34:01	15.8	--	7	11060	买盘
13:33:56	15.8	0.01	1	1580	买盘
13:33:41	15.79	--	1	1579	卖盘
13:33:35	15.79	-0.01	80	126320	卖盘
13:33:31	15.8	--	15	23700	买盘
13:33:26	15.8	0.01	22	34760	买盘
13:33:20	15.79	-0.01	15	23685	卖盘
13:33:05	15.8	--	6	9480	买盘
13:32:46	15.8	--	1	1580	买盘
13:32:35	15.8	0.01	40	63200	买盘
13:32:20	15.79	-0.01	10	15790	卖盘
13:32:16	15.8	--	22	34760	卖盘
13:32:10	15.8	0.01	4	6320	买盘
13:32:05	15.79	-0.01	243	383697	卖盘
13:32:01	15.8	--	1	1580	买盘
13:31:55	15.8	--	18	28440	买盘
13:31:50	15.8	-0.01	204	322320	卖盘
13:31:45	15.81	0.01	10	15810	买盘
13:31:31	15.8	-0.02	20	31600	卖盘
13:31:15	15.82	0.01	20	31640	买盘
13:31:05	15.81	0.01	1	1581	买盘
13:30:50	15.8	--	21	33180	买盘
13:30:45	15.8	--	23	36340	买盘
13:30:40	15.8	-0.02	69	109020	卖盘
13:30:35	15.82	0.02	5	7910	买盘
13:30:25	15.8	--	0	0	卖盘
13:30:20	15.8	-0.01	114	180120	卖盘
13:30:10	15.81	--	5	7905	卖盘
13:30:05	15.81	--	10	15810	卖盘
13:29:59	15.81	--	15	23715	卖盘
13:29:55	15.81	0.01	49	77469	买盘
13:29:44	15.8	--	6	9480	卖盘
13:29:40	15.8	-0.01	19	30020	卖盘
13:29:35	15.81	0.01	14	22134	买盘
13:29:25	15.8	--	21	33180	卖盘
13:29:20	15.8	--	23	36340	卖盘
13:28:55	15.8	-0.02	7	11060	卖盘
13:28:50	15.82	--	0	0	买盘
13:28:44	15.82	0.01	24	37968	买盘
13:28:35	15.81	--	8	12648	卖盘
13:28:29	15.81	--	6	9486	卖盘
13:28:25	15.81	--	8	12648	卖盘
13:28:20	15.81	-0.01	2	3162	卖盘
13:28:14	15.82	0.01	1	1582	买盘
13:28:10	15.81	--	3	4743	卖盘
13:28:05	15.81	--	9	14229	卖盘
13:27:59	15.81	--	15	23715	卖盘
13:27:55	15.81	--	30	47430	卖盘
13:27:44	15.81	-0.01	10	15810	卖盘
13:27:35	15.82	--	1	1582	买盘
13:27:20	15.82	--	5	7910	买盘
13:27:14	15.82	--	2	3164	卖盘
13:27:10	15.82	--	15	23730	卖盘
13:27:05	15.82	--	1	1582	卖盘
13:26:44	15.82	-0.01	3	4746	卖盘
13:26:40	15.83	0.01	3	4749	买盘
13:26:35	15.82	-0.01	20	31640	卖盘
13:26:20	15.83	0.01	1	1583	买盘
13:25:55	15.82	-0.01	50	79100	卖盘
13:25:49	15.83	--	3	4749	卖盘
13:25:34	15.83	--	5	7915	卖盘
13:25:29	15.83	--	5	7915	买盘
13:25:25	15.83	0.01	5	7915	买盘
13:25:14	15.82	--	99	156618	卖盘
13:25:09	15.82	--	87	137634	卖盘
13:25:04	15.82	--	3	4746	卖盘
13:24:49	15.82	--	16	25312	卖盘
13:24:44	15.82	--	0	0	卖盘
13:24:39	15.82	--	9	14238	卖盘
13:24:24	15.82	--	4	6328	卖盘
13:24:19	15.82	--	220	348040	买盘
13:23:44	15.82	--	12	18984	卖盘
13:23:39	15.82	--	15	23730	卖盘
13:23:34	15.82	--	1	1582	卖盘
13:23:29	15.82	--	49	77518	卖盘
13:23:23	15.82	--	117	185094	卖盘
13:23:19	15.82	--	15	23730	卖盘
13:23:08	15.82	--	5	7910	卖盘
13:22:59	15.82	0.02	5	7910	买盘
13:22:44	15.8	--	5	7900	卖盘
13:22:38	15.8	-0.02	163	257540	卖盘
13:22:23	15.82	0.01	5	7910	买盘
13:22:08	15.81	-0.01	305	482205	卖盘
13:22:04	15.82	--	6	9492	卖盘
13:21:53	15.82	-0.02	300	474600	卖盘
13:21:44	15.84	--	7	11088	买盘
13:21:38	15.84	0.02	10	15840	买盘
13:21:34	15.82	-0.01	2	3164	卖盘
13:21:29	15.83	--	1	1583	买盘
13:21:23	15.83	--	33	52239	买盘
13:21:14	15.83	--	20	31660	买盘
13:21:04	15.83	--	12	18996	买盘
13:20:59	15.83	--	70	110810	卖盘
13:20:38	15.83	--	62	98146	卖盘
13:20:29	15.83	--	17	26911	买盘
13:20:23	15.83	--	2	3166	买盘
13:20:14	15.83	--	3	4749	买盘
13:20:08	15.83	--	2	3166	买盘
13:20:04	15.83	--	12	18996	买盘
13:19:58	15.83	--	3	4749	买盘
13:19:53	15.83	--	1	1583	买盘
13:19:48	15.83	-0.01	163	258029	卖盘
13:19:38	15.84	0.01	3	4752	买盘
13:19:23	15.83	--	176	278608	卖盘
13:19:13	15.83	-0.01	17	26911	卖盘
13:19:03	15.84	--	3	4752	买盘
13:18:48	15.84	0.01	23	36432	买盘
13:18:38	15.83	--	12	18996	买盘
13:18:33	15.83	--	8	12664	买盘
13:18:23	15.83	--	14	22162	买盘
13:18:13	15.83	-0.01	3	4749	中性盘
13:18:08	15.84	0.02	8	12672	买盘
13:18:04	15.82	-0.01	25	39550	卖盘
13:17:58	15.83	0.01	2	3166	卖盘
13:17:53	15.82	--	0	0	卖盘
13:17:48	15.82	-0.01	5	7910	卖盘
13:17:43	15.83	--	2	3166	买盘
13:17:28	15.83	--	8	12664	卖盘
13:17:08	15.83	--	24	37992	买盘
13:17:02	15.83	--	9	14247	买盘
13:16:58	15.83	--	1	1583	买盘
13:16:53	15.83	--	4	6332	买盘
13:16:47	15.83	--	6	9498	买盘
13:16:43	15.83	-0.02	138	218454	卖盘
13:16:28	15.85	0.01	1	1585	买盘
13:16:23	15.84	--	67	106128	卖盘
13:16:13	15.84	-0.01	2	3168	卖盘
13:16:08	15.85	0.01	24	38040	买盘
13:15:58	15.84	--	6	9504	卖盘
13:15:43	15.84	--	6	9504	卖盘
13:15:38	15.84	--	5	7920	买盘
13:15:32	15.84	--	3	4752	买盘
13:15:17	15.84	--	2	3168	买盘
13:15:13	15.84	--	1	1584	卖盘
13:15:02	15.84	--	2	3168	卖盘
13:14:53	15.84	--	1	1584	卖盘
13:14:38	15.84	0.01	12	19008	买盘
13:14:32	15.83	-0.01	33	52239	卖盘
13:14:13	15.84	--	12	19008	买盘
13:14:08	15.84	--	5	7920	买盘
13:14:02	15.84	--	119	188496	买盘
13:13:47	15.84	0.01	2	3168	买盘
13:13:38	15.83	--	5	7915	卖盘
13:13:23	15.83	--	17	26911	卖盘
13:13:17	15.83	--	10	15830	卖盘
13:12:47	15.83	--	55	87065	卖盘
13:12:38	15.83	-0.01	3	4749	卖盘
13:12:32	15.84	--	10	15840	买盘
13:12:17	15.84	0.01	105	166320	卖盘
13:12:07	15.83	--	0	0	卖盘
13:12:02	15.83	-0.02	10	15830	卖盘
13:11:57	15.85	--	5	7925	买盘
13:11:42	15.85	--	10	15850	买盘
13:11:32	15.85	0.02	18	28530	买盘
13:11:27	15.83	-0.02	71	112393	卖盘
13:11:17	15.85	--	30	47550	买盘
13:10:57	15.85	--	5	7925	卖盘
13:10:47	15.85	--	12	19020	卖盘
13:10:32	15.85	0.01	26	41210	买盘
13:10:26	15.84	-0.01	5	7920	卖盘
13:10:11	15.85	0.01	2	3170	中性盘
13:10:02	15.84	-0.02	71	112464	卖盘
13:09:56	15.86	--	5	7930	卖盘
13:09:52	15.86	-0.01	14	22204	卖盘
13:09:47	15.87	0.01	3	4761	买盘
13:09:37	15.86	--	5	7930	卖盘
13:09:32	15.86	--	3	4758	卖盘
13:09:26	15.86	-0.01	53	84058	卖盘
13:08:47	15.87	0.01	6	9522	买盘
13:08:37	15.86	-0.01	4	6344	卖盘
13:08:32	15.87	0.01	33	52371	买盘
13:08:26	15.86	-0.02	13	20618	卖盘
13:08:22	15.88	--	6	9528	买盘
13:08:17	15.88	--	1	1588	买盘
13:08:11	15.88	--	1	1588	买盘
13:08:02	15.88	0.02	3	4764	买盘
13:07:56	15.86	-0.02	2	3172	卖盘
13:07:47	15.88	--	0	0	买盘
13:07:32	15.88	0.03	2	3176	买盘
13:07:22	15.85	-0.03	5	7925	卖盘
13:07:17	15.88	0.03	18	28584	买盘
13:07:02	15.85	--	1	1585	卖盘
13:06:17	15.85	--	33	52305	买盘
13:06:01	15.85	0.02	1	1585	买盘
13:05:56	15.83	-0.02	5	7915	卖盘
13:05:51	15.85	0.02	5	7925	买盘
13:05:46	15.83	-0.02	4	6332	卖盘
13:05:41	15.85	0.02	6	9510	买盘
13:05:26	15.83	--	4	6332	卖盘
13:04:46	15.83	--	45	71235	卖盘
13:04:21	15.83	0.02	7	11081	买盘
13:04:16	15.81	-0.02	11	17391	卖盘
13:03:56	15.83	0.02	11	17413	中性盘
13:03:35	15.81	-0.02	18	28458	卖盘
13:03:16	15.83	0.02	11	17413	中性盘
13:03:11	15.81	--	0	0	卖盘
13:03:05	15.81	--	14	22134	卖盘
13:02:50	15.81	--	22	34782	卖盘
13:02:41	15.81	--	41	64821	卖盘
13:02:35	15.81	-0.02	2	3162	卖盘
13:02:05	15.83	--	78	123474	买盘
13:01:50	15.83	0.01	5	7915	买盘
13:01:20	15.82	-0.01	9	14238	卖盘
13:01:16	15.83	0.01	1	1583	买盘
13:01:11	15.82	--	10	15820	卖盘
13:01:01	15.82	-0.01	9	14238	卖盘
13:00:11	15.83	--	41	64903	卖盘
13:00:05	15.83	--	68	107644	买盘
11:30:00	15.83	--	0	0	买盘
11:29:59	15.83	--	0	0	买盘
11:29:40	15.83	--	2	3166	买盘
11:29:31	15.83	-0.02	11	17413	卖盘
11:29:25	15.85	0.02	17	26945	买盘
11:29:16	15.83	0.01	17	26911	买盘
11:29:10	15.82	-0.01	8	12656	卖盘
11:29:07	15.83	--	10	15830	买盘
11:29:01	15.83	0.01	4	6332	买盘
11:28:55	15.82	-0.01	2	3164	卖盘
11:28:21	15.83	0.02	3	4749	买盘
11:28:16	15.81	--	0	0	卖盘
11:28:06	15.81	--	10	15810	卖盘
11:27:55	15.81	-0.02	5	7905	卖盘
11:27:46	15.83	0.02	40	63320	买盘
11:27:25	15.81	0.01	6	9486	买盘
11:27:21	15.8	--	30	47400	卖盘
11:27:16	15.8	-0.01	7	11060	卖盘
11:27:10	15.81	--	51	80631	买盘
11:26:55	15.81	--	17	26877	卖盘
11:26:46	15.81	--	25	39525	卖盘
11:26:36	15.81	-0.01	50	79050	卖盘
11:26:25	15.82	--	0	0	中性盘
11:26:21	15.82	-0.02	5	7910	中性盘
11:26:10	15.84	0.04	255	403920	买盘
11:26:01	15.8	-0.02	50	79000	卖盘
11:25:25	15.82	--	54	85428	买盘
11:25:21	15.82	--	20	31640	卖盘
11:24:55	15.82	0.02	3	4746	买盘
11:24:46	15.8	-0.01	92	145360	卖盘
11:24:40	15.81	--	10	15810	买盘
11:24:36	15.81	--	8	12648	买盘
11:24:21	15.81	0.01	21	33201	买盘
11:24:10	15.8	--	10	15800	卖盘
11:23:46	15.8	--	3	4740	买盘
11:23:35	15.8	--	4	6320	买盘
11:23:31	15.8	--	10	15800	买盘
11:23:25	15.8	--	82	129560	买盘
11:23:21	15.8	--	39	61620	买盘
11:23:04	15.8	--	204	322320	买盘
11:23:01	15.8	0.01	5	7900	买盘
11:22:55	15.79	-0.01	10	15790	卖盘
11:22:49	15.8	--	55	86900	买盘
11:22:40	15.8	--	20	31600	买盘
11:22:34	15.8	-0.02	18	28440	卖盘
11:22:31	15.82	--	0	0	买盘
11:22:25	15.82	--	0	0	买盘
11:22:19	15.82	0.01	33	52206	买盘
11:22:16	15.81	--	14	22134	卖盘
11:22:10	15.81	0.01	28	44268	买盘
11:22:04	15.8	-0.01	20	31600	卖盘
11:22:01	15.81	0.01	10	15810	买盘
11:21:55	15.8	--	0	0	卖盘
11:21:49	15.8	-0.01	4	6320	卖盘
11:21:40	15.81	0.01	9	14229	买盘
11:21:34	15.8	--	1	1580	卖盘
11:21:25	15.8	0.01	21	33180	买盘
11:21:19	15.79	-0.01	18	28422	卖盘
11:21:15	15.8	0.01	57	90060	买盘
11:21:10	15.79	--	25	39475	卖盘
11:21:04	15.79	--	25	39475	卖盘
11:20:45	15.79	--	15	23685	卖盘
11:20:40	15.79	--	10	15790	卖盘
11:20:34	15.79	--	7	11053	卖盘
11:20:10	15.79	-0.01	54	85266	卖盘
11:19:55	15.8	--	8	12640	买盘
11:19:34	15.8	--	39	61620	买盘
11:19:30	15.8	--	30	47400	买盘
11:19:25	15.8	--	3	4740	买盘
11:19:15	15.8	0.01	5	7900	买盘
11:19:10	15.79	-0.01	26	41054	卖盘
11:18:55	15.8	--	42	66360	买盘
11:18:49	15.8	--	1	1580	买盘
11:18:40	15.8	0.01	10	15800	买盘
11:18:25	15.79	-0.01	5	7895	卖盘
11:18:19	15.8	0.01	28	44240	买盘
11:18:04	15.79	-0.01	27	42633	卖盘
11:17:30	15.8	--	2	3160	买盘
11:17:25	15.8	--	10	15800	买盘
11:17:19	15.8	--	42	66360	卖盘
11:17:10	15.8	--	3	4740	卖盘
11:17:00	15.8	--	22	34760	买盘
11:16:55	15.8	0.01	43	67940	买盘
11:16:49	15.79	-0.01	50	78950	卖盘
11:16:40	15.8	0.01	2	3160	买盘
11:16:28	15.79	-0.01	50	78950	卖盘
11:16:25	15.8	--	1	1580	买盘
11:16:04	15.8	--	4	6320	卖盘
11:15:54	15.8	0.01	6	9480	买盘
11:15:49	15.79	-0.01	4	6316	卖盘
11:15:43	15.8	0.01	3	4740	买盘
11:15:34	15.79	-0.01	5	7895	卖盘
11:15:28	15.8	0.01	6	9480	买盘
11:15:24	15.79	--	15	23685	买盘
11:15:19	15.79	--	3	4737	买盘
11:15:13	15.79	--	12	18948	买盘
11:15:09	15.79	--	14	22106	买盘
11:14:58	15.79	--	6	9474	买盘
11:14:49	15.79	-0.01	150	236850	卖盘
11:14:43	15.8	0.01	6	9480	中性盘
11:14:39	15.79	-0.01	5	7895	卖盘
11:14:34	15.8	--	50	79000	买盘
11:14:28	15.8	--	5	7900	买盘
11:14:24	15.8	--	3	4740	买盘
11:14:13	15.8	--	50	79000	买盘
11:14:09	15.8	0.01	8	12640	卖盘
11:14:04	15.79	-0.01	30	47370	卖盘
11:13:58	15.8	--	35	55300	买盘
11:13:54	15.8	--	6	9480	买盘
11:13:43	15.8	0.01	4	6320	买盘
11:13:34	15.79	-0.01	51	80529	卖盘
11:13:28	15.8	--	10	15800	卖盘
11:13:24	15.8	--	1	1580	买盘
11:13:19	15.8	--	29	45820	卖盘
11:13:13	15.8	-0.01	10	15800	卖盘
11:13:09	15.81	-0.01	5	7905	买盘
11:12:54	15.82	--	0	0	买盘
11:12:49	15.82	0.01	177	280014	买盘
11:12:43	15.81	-0.01	40	63240	卖盘
11:12:28	15.82	0.01	10	15820	买盘
11:12:24	15.81	--	5	7905	卖盘
11:12:19	15.81	--	5	7905	卖盘
11:12:13	15.81	-0.02	17	26877	卖盘
11:11:58	15.83	0.01	32	50656	买盘
11:11:54	15.82	--	0	0	中性盘
11:11:49	15.82	--	4	6328	卖盘
11:11:39	15.82	--	19	30058	卖盘
11:11:28	15.82	0.01	77	121814	买盘
11:11:19	15.81	--	100	158100	卖盘
11:10:58	15.81	-0.01	151	238731	卖盘
11:10:43	15.82	--	9	14238	买盘
11:10:39	15.82	0.01	10	15820	买盘
11:10:28	15.81	--	24	37944	卖盘
11:10:22	15.81	0.01	17	26877	买盘
11:10:13	15.8	-0.01	15	23700	卖盘
11:10:07	15.81	0.01	2	3162	买盘
11:10:04	15.8	--	30	47400	卖盘
11:09:58	15.8	--	101	159580	卖盘
11:09:52	15.8	--	0	0	卖盘
11:09:49	15.8	-0.01	15	23700	卖盘
11:09:43	15.81	0.01	17	26877	中性盘
11:09:37	15.8	--	20	31600	卖盘
11:09:28	15.8	--	19	30020	卖盘
11:09:13	15.8	0.01	59	93220	买盘
11:09:07	15.79	--	7	11053	买盘
11:08:58	15.79	0.01	1	1579	买盘
11:08:52	15.78	-0.01	60	94680	卖盘
11:08:37	15.79	--	34	53686	买盘
11:08:33	15.79	--	12	18948	买盘
11:08:22	15.79	--	19	30001	买盘
11:08:18	15.79	0.01	2	3158	买盘
11:08:13	15.78	-0.01	5	7890	卖盘
11:08:07	15.79	--	85	134215	买盘
11:07:58	15.79	--	20	31580	买盘
11:07:48	15.79	0.01	1	1579	买盘
11:07:43	15.78	-0.01	23	36294	卖盘
11:07:33	15.79	0.01	5	7895	买盘
11:07:28	15.78	-0.01	83	130974	卖盘
11:07:22	15.79	--	10	15790	买盘
11:07:18	15.79	0.01	5	7895	买盘
11:07:13	15.78	-0.01	101	159378	卖盘
11:07:07	15.79	--	11	17369	买盘
11:07:03	15.79	-0.01	217	342643	卖盘
11:06:58	15.8	0.01	4	6320	买盘
11:06:48	15.79	-0.01	20	31580	卖盘
11:06:28	15.8	0.01	11	17380	买盘
11:06:13	15.79	-0.01	9	14211	卖盘
11:06:07	15.8	--	21	33180	买盘
11:05:52	15.8	--	10	15800	买盘
11:05:37	15.8	0.01	26	41080	买盘
11:05:33	15.79	--	14	22106	卖盘
11:05:28	15.79	--	7	11053	卖盘
11:05:18	15.79	--	2	3158	卖盘
11:05:13	15.79	--	5	7895	卖盘
11:05:07	15.79	-0.01	71	112109	卖盘
11:04:43	15.8	-0.02	741	1170780	卖盘
11:04:37	15.82	--	18	28476	卖盘
11:04:28	15.82	-0.01	7	11074	卖盘
11:04:22	15.83	0.01	9	14247	买盘
11:04:16	15.82	-0.01	11	17402	卖盘
11:04:13	15.83	0.01	34	53822	买盘
11:04:07	15.82	--	50	79100	卖盘
11:04:01	15.82	-0.01	10	15820	卖盘
11:03:46	15.83	0.01	10	15830	买盘
11:03:37	15.82	-0.01	30	47460	卖盘
11:03:31	15.83	--	11	17413	买盘
11:03:27	15.83	0.01	1	1583	买盘
11:03:22	15.82	--	31	49042	卖盘
11:03:16	15.82	--	25	39550	卖盘
11:03:12	15.82	--	20	31640	卖盘
11:03:07	15.82	--	14	22148	卖盘
11:03:01	15.82	--	30	47460	卖盘
11:02:52	15.82	--	30	47460	卖盘
11:02:46	15.82	--	4	6328	卖盘
11:02:37	15.82	--	10	15820	卖盘
11:02:27	15.82	--	81	128142	卖盘
11:02:22	15.82	--	11	17402	卖盘
11:02:16	15.82	--	31	49042	卖盘
11:02:12	15.82	-0.01	30	47460	卖盘
11:01:57	15.83	--	33	52239	买盘
11:01:52	15.83	--	38	60154	卖盘
11:01:46	15.83	--	38	60154	卖盘
11:01:42	15.83	-0.01	1	1583	卖盘
11:01:37	15.84	0.01	3	4752	买盘
11:01:22	15.83	-0.01	16	25328	卖盘
11:01:16	15.84	--	8	12672	买盘
11:00:52	15.84	-0.01	43	68112	卖盘
11:00:46	15.85	0.01	12	19020	买盘
11:00:16	15.84	-0.01	34	53856	卖盘
11:00:12	15.85	--	15	23775	买盘
11:00:07	15.85	--	1	1585	买盘
10:59:52	15.85	0.01	7	11095	买盘
10:59:46	15.84	--	3	4752	卖盘
10:59:42	15.84	--	3	4752	卖盘
10:59:22	15.84	0.02	2	3168	卖盘
10:59:01	15.82	--	0	0	卖盘
10:58:52	15.82	-0.03	18	28476	卖盘
10:58:46	15.85	0.03	70	110950	买盘
10:58:42	15.82	-0.03	10	15820	卖盘
10:58:31	15.85	0.03	5	7925	买盘
10:58:11	15.82	--	2	3164	卖盘
10:58:01	15.82	--	9	14238	卖盘
10:57:52	15.82	0.01	54	85428	卖盘
10:57:31	15.81	--	6	9486	买盘
10:57:22	15.81	-0.04	394	622914	卖盘
10:57:07	15.85	-0.03	400	634000	卖盘
10:57:01	15.88	0.05	5	7940	买盘
10:56:46	15.83	--	0	0	卖盘
10:56:40	15.83	-0.05	10	15830	卖盘
10:56:37	15.88	0.07	3	4764	买盘
10:56:31	15.81	--	0	0	卖盘
10:56:21	15.81	--	0	0	卖盘
10:55:55	15.81	--	0	0	卖盘
10:55:51	15.81	-0.07	480	758880	卖盘
10:55:46	15.88	--	7	11116	买盘
10:55:40	15.88	--	0	0	中性盘
10:55:25	15.88	--	1	1588	买盘
10:55:16	15.88	--	11	17468	买盘
10:55:10	15.88	--	3	4764	卖盘
10:55:06	15.88	0.01	1	1588	卖盘
10:55:01	15.87	-0.01	5	7935	卖盘
10:54:51	15.88	0.01	35	55580	买盘
10:54:40	15.87	-0.01	37	58719	卖盘
10:54:36	15.88	--	5	7940	买盘
10:54:06	15.88	0.01	22	34936	买盘
10:53:55	15.87	0.01	24	38088	买盘
10:53:40	15.86	--	52	82472	卖盘
10:53:31	15.86	--	13	20618	卖盘
10:53:16	15.86	0.01	2	3172	买盘
10:53:10	15.85	--	2	3170	卖盘
10:52:55	15.85	--	30	47550	卖盘
10:52:46	15.85	--	10	15850	卖盘
10:52:36	15.85	--	23	36455	买盘
10:52:31	15.85	--	7	11095	买盘
10:52:16	15.85	--	35	55475	买盘
10:52:06	15.85	--	20	31700	买盘
10:52:01	15.85	--	23	36455	买盘
10:51:55	15.85	--	19	30115	买盘
10:51:46	15.85	0.01	10	15850	买盘
10:51:40	15.84	--	20	31680	卖盘
10:51:19	15.84	0.02	59	93456	买盘
10:51:16	15.82	-0.01	3	4746	卖盘
10:51:10	15.83	-0.01	8	12664	卖盘
10:51:04	15.84	0.02	9	14256	买盘
10:50:45	15.82	--	10	15820	卖盘
10:50:40	15.82	--	0	0	卖盘
10:50:25	15.82	--	5	7910	卖盘
10:50:16	15.82	--	2	3164	买盘
10:50:10	15.82	--	32	50624	买盘
10:50:04	15.82	--	3	4746	买盘
10:49:49	15.82	--	3	4746	卖盘
10:49:34	15.82	0.01	22	34804	中性盘
10:49:30	15.81	--	70	110670	卖盘
10:49:25	15.81	--	4	6324	卖盘
10:49:19	15.81	-0.03	18	28458	卖盘
10:49:15	15.84	0.03	20	31680	买盘
10:49:04	15.81	--	61	96441	卖盘
10:48:55	15.81	--	37	58497	卖盘
10:48:25	15.81	-0.02	177	279837	卖盘
10:48:19	15.83	0.02	5	7915	中性盘
10:48:10	15.81	-0.01	27	42687	卖盘
10:48:04	15.82	-0.01	84	132888	卖盘
10:48:00	15.83	0.01	27	42741	买盘
10:47:55	15.82	-0.01	32	50624	卖盘
10:47:49	15.83	--	166	262778	卖盘
10:47:45	15.83	--	5	7915	卖盘
10:47:40	15.83	--	4	6332	买盘
10:47:34	15.83	0.01	29	45907	买盘
10:47:19	15.82	-0.01	5	7910	卖盘
10:47:10	15.83	--	7	11081	买盘
10:46:55	15.83	-0.01	6	9498	中性盘
10:46:49	15.84	0.02	9	14256	买盘
10:46:45	15.82	-0.02	110	174020	卖盘
10:46:34	15.84	--	12	19008	卖盘
10:46:30	15.84	-0.01	18	28512	卖盘
10:46:04	15.85	0.01	6	9510	买盘
10:46:00	15.84	-0.01	8	12672	卖盘
10:45:49	15.85	0.01	20	31700	买盘
10:45:45	15.84	-0.01	4	6336	卖盘
10:45:34	15.85	0.01	31	49135	买盘
10:45:28	15.84	-0.01	46	72864	卖盘
10:45:25	15.85	0.01	10	15850	买盘
10:45:19	15.84	-0.01	16	25344	卖盘
10:45:13	15.85	0.01	1	1585	买盘
10:45:04	15.84	-0.01	12	19008	卖盘
10:44:58	15.85	--	1	1585	买盘
10:44:43	15.85	0.02	48	76080	买盘
10:44:39	15.83	--	5	7915	卖盘
10:44:28	15.83	-0.01	8	12664	卖盘
10:44:19	15.84	--	2	3168	卖盘
10:44:13	15.84	-0.01	5	7920	卖盘
10:44:09	15.85	0.01	16	25360	买盘
10:44:04	15.84	0.01	2	3168	买盘
10:43:58	15.83	--	30	47490	卖盘
10:43:49	15.83	--	3	4749	卖盘
10:43:43	15.83	--	5	7915	卖盘
10:43:39	15.83	--	5	7915	卖盘
10:43:34	15.83	-0.01	19	30077	卖盘
10:43:28	15.84	--	1	1584	买盘
10:43:19	15.84	--	0	0	中性盘
10:43:13	15.84	-0.01	55	87120	卖盘
10:42:58	15.85	-0.01	37	58645	卖盘
10:42:43	15.86	--	0	0	买盘
10:42:34	15.86	0.02	15	23790	买盘
10:42:28	15.84	-0.01	48	76032	卖盘
10:42:13	15.85	--	5	7925	卖盘
10:42:09	15.85	--	26	41210	卖盘
10:41:28	15.85	--	7	11095	卖盘
10:41:24	15.85	--	5	7925	卖盘
10:41:19	15.85	--	56	88760	买盘
10:40:58	15.85	--	18	28530	卖盘
10:40:43	15.85	--	3	4755	卖盘
10:40:39	15.85	--	1	1585	卖盘
10:40:28	15.85	--	8	12680	买盘
10:40:19	15.85	--	2	3170	买盘
10:40:13	15.85	0.01	30	47550	中性盘
10:40:04	15.84	-0.02	51	80784	卖盘
10:39:58	15.86	--	24	38064	买盘
10:39:49	15.86	--	10	15860	买盘
10:39:43	15.86	0.01	10	15860	买盘
10:39:39	15.85	--	9	14265	卖盘
10:39:34	15.85	--	2	3170	卖盘
10:39:28	15.85	--	1	1585	卖盘
10:38:58	15.85	--	29	45965	买盘
10:38:52	15.85	0.01	19	30115	买盘
10:38:48	15.84	--	2	3168	买盘
10:38:43	15.84	-0.01	23	36432	卖盘
10:38:37	15.85	0.01	1	1585	买盘
10:38:22	15.84	0.02	16	25344	买盘
10:38:13	15.82	--	0	0	中性盘
10:38:07	15.82	--	105	166110	买盘
10:38:03	15.82	--	5	7910	买盘
10:37:58	15.82	--	137	216734	买盘
10:37:52	15.82	--	13	20566	买盘
10:37:48	15.82	--	34	53788	卖盘
10:37:43	15.82	--	32	50624	卖盘
10:37:37	15.82	--	15	23730	卖盘
10:37:28	15.82	-0.01	1	1582	卖盘
10:37:22	15.83	0.01	18	28494	卖盘
10:37:18	15.82	--	0	0	卖盘
10:37:13	15.82	-0.01	31	49042	卖盘
10:37:07	15.83	--	0	0	中性盘
10:36:58	15.83	0.02	1	1583	买盘
10:36:48	15.81	-0.03	400	632400	卖盘
10:36:43	15.84	--	10	15840	买盘
10:36:37	15.84	--	115	182160	买盘
10:36:33	15.84	0.01	9	14256	买盘
10:36:13	15.83	-0.01	10	15830	卖盘
10:36:07	15.84	--	35	55440	买盘
10:35:58	15.84	0.01	13	20592	买盘
10:35:48	15.83	-0.01	43	68069	卖盘
10:35:43	15.84	--	50	79200	卖盘
10:35:37	15.84	--	221	350064	卖盘
10:35:28	15.84	--	16	25344	卖盘
10:35:22	15.84	--	31	49104	买盘
10:35:13	15.84	--	49	77616	卖盘
10:35:07	15.84	-0.01	43	68112	卖盘
10:34:48	15.85	-0.01	40	63400	卖盘
10:34:43	15.86	0.01	8	12688	买盘
10:34:37	15.85	--	13	20605	卖盘
10:34:33	15.85	--	25	39625	卖盘
10:34:28	15.85	-0.02	58	91930	卖盘
10:34:22	15.87	--	100	158700	卖盘
10:34:18	15.87	--	10	15870	卖盘
10:34:13	15.87	0.01	35	55545	买盘
10:34:03	15.86	--	9	14274	买盘
10:33:58	15.86	--	1	1586	卖盘
10:33:52	15.86	--	20	31720	卖盘
10:33:48	15.86	--	1	1586	卖盘
10:33:43	15.86	-0.01	2	3172	卖盘
10:33:37	15.87	--	10	15870	买盘
10:33:22	15.87	--	6	9522	卖盘
10:33:18	15.87	-0.01	80	126960	卖盘
10:33:13	15.88	0.01	30	47640	买盘
10:33:07	15.87	-0.01	38	60306	卖盘
10:33:02	15.88	0.01	66	104808	买盘
10:32:48	15.87	--	11	17457	卖盘
10:32:43	15.87	--	20	31740	卖盘
10:32:37	15.87	0.01	65	103155	买盘
10:32:31	15.86	-0.02	25	39650	卖盘
10:32:12	15.88	0.01	25	39700	中性盘
10:32:07	15.87	--	20	31740	卖盘
10:31:52	15.87	-0.02	26	41262	卖盘
10:31:46	15.89	--	5	7945	买盘
10:31:31	15.89	--	9	14301	卖盘
10:31:27	15.89	--	15	23835	卖盘
10:31:16	15.89	--	36	57204	卖盘
10:31:07	15.89	--	2	3178	卖盘
10:31:01	15.89	--	31	49259	卖盘
10:30:57	15.89	-0.01	10	15890	卖盘
10:30:37	15.9	--	19	30210	卖盘
10:30:31	15.9	-0.03	3	4770	卖盘
10:30:27	15.93	--	9	14337	买盘
10:30:16	15.93	--	14	22302	买盘
10:29:52	15.93	0.03	12	19116	买盘
10:29:42	15.9	--	3	4770	卖盘
10:29:37	15.9	--	4	6360	卖盘
10:29:31	15.9	0.02	118	187620	买盘
10:29:22	15.88	0.01	20	31760	买盘
10:29:16	15.87	-0.01	2	3174	卖盘
10:29:07	15.88	-0.01	12	19056	卖盘
10:29:01	15.89	0.01	39	61971	买盘
10:28:52	15.88	--	13	20644	卖盘
10:28:37	15.88	--	0	0	卖盘
10:28:31	15.88	-0.02	7	11116	卖盘
10:28:16	15.9	--	15	23850	买盘
10:28:07	15.9	-0.02	18	28620	卖盘
10:28:01	15.92	--	7	11144	卖盘
10:27:57	15.92	0.02	35	55720	买盘
10:27:46	15.9	--	0	0	卖盘
10:27:42	15.9	-0.02	166	263940	卖盘
10:27:37	15.92	--	10	15920	卖盘
10:27:31	15.92	0.02	5	7960	买盘
10:27:22	15.9	--	9	14310	卖盘
10:27:12	15.9	0.02	28	44520	买盘
10:27:06	15.88	--	17	26996	买盘
10:26:57	15.88	--	9	14292	买盘
10:26:51	15.88	--	17	26996	买盘
10:26:42	15.88	0.01	13	20644	买盘
10:26:37	15.87	--	20	31740	卖盘
10:26:31	15.87	--	15	23805	买盘
10:26:25	15.87	0.01	4	6348	买盘
10:26:10	15.86	0.01	34	53924	买盘
10:25:55	15.85	--	0	0	中性盘
10:25:46	15.85	--	3	4755	买盘
10:25:40	15.85	0.01	53	84005	买盘
10:25:36	15.84	--	78	123552	买盘
10:25:31	15.84	--	12	19008	买盘
10:25:25	15.84	--	24	38016	买盘
10:25:16	15.84	--	9	14256	买盘
10:24:55	15.84	--	41	64944	买盘
10:24:51	15.84	0.01	2	3168	买盘
10:24:46	15.83	--	1	1583	卖盘
10:24:40	15.83	--	1	1583	卖盘
10:24:36	15.83	-0.01	10	15830	买盘
10:24:31	15.84	--	0	0	买盘
10:24:25	15.84	0.01	88	139392	买盘
10:24:21	15.83	--	41	64903	买盘
10:24:16	15.83	--	16	25328	买盘
10:24:01	15.83	-0.01	15	23745	卖盘
10:23:55	15.84	--	23	36432	买盘
10:23:51	15.84	0.01	5	7920	买盘
10:23:46	15.83	--	10	15830	卖盘
10:23:40	15.83	-0.01	16	25328	卖盘
10:23:36	15.84	--	5	7920	买盘
10:23:31	15.84	--	10	15840	买盘
10:23:25	15.84	--	84	133056	卖盘
10:23:06	15.84	--	2	3168	卖盘
10:23:01	15.84	0.03	71	112464	买盘
10:22:55	15.81	-0.03	467	738327	卖盘
10:22:51	15.84	--	2	3168	买盘
10:22:46	15.84	0.01	50	79200	买盘
10:22:40	15.83	-0.01	9	14247	卖盘
10:22:25	15.84	--	23	36432	买盘
10:22:10	15.84	-0.01	95	150480	卖盘
10:22:01	15.85	--	8	12680	买盘
10:21:55	15.85	--	61	96685	买盘
10:21:46	15.85	--	3	4755	买盘
10:21:36	15.85	--	11	17435	买盘
10:21:31	15.85	0.02	66	104610	买盘
10:21:25	15.83	-0.02	8	12664	卖盘
10:21:16	15.85	0.02	74	117290	买盘
10:21:06	15.83	--	19	30077	买盘
10:21:00	15.83	--	28	44324	买盘
10:20:55	15.83	--	5	7915	买盘
10:20:51	15.83	--	30	47490	卖盘
10:20:40	15.83	-0.02	10	15830	卖盘
10:20:36	15.85	-0.02	112	177520	卖盘
10:20:30	15.87	--	25	39675	买盘
10:20:25	15.87	--	27	42849	卖盘
10:20:21	15.87	--	10	15870	卖盘
10:20:15	15.87	--	5	7935	卖盘
10:20:04	15.87	-0.01	1	1587	卖盘
10:20:00	15.88	--	32	50816	买盘
10:19:55	15.88	--	1	1588	买盘
10:19:49	15.88	-0.01	21	33348	卖盘
10:19:45	15.89	0.01	22	34958	买盘
10:19:40	15.88	--	1	1588	卖盘
10:19:34	15.88	-0.01	3	4764	卖盘
10:19:19	15.89	-0.01	16	25424	卖盘
10:19:15	15.9	0.01	11	17490	买盘
10:19:10	15.89	-0.01	73	115997	卖盘
10:19:04	15.9	-0.01	10	15900	买盘
10:18:55	15.91	0.01	2	3182	买盘
10:18:49	15.9	--	35	55650	卖盘
10:18:34	15.9	-0.04	97	154230	卖盘
10:18:19	15.94	--	52	82888	卖盘
10:18:15	15.94	--	139	221566	卖盘
10:18:10	15.94	--	89	141866	卖盘
10:18:04	15.94	--	145	231130	卖盘
10:18:00	15.94	--	49	78106	卖盘
10:17:55	15.94	--	120	191280	卖盘
10:17:49	15.94	--	93	148242	卖盘
10:17:45	15.94	--	21	33474	卖盘
10:17:40	15.94	--	7	11158	卖盘
10:17:34	15.94	--	30	47820	卖盘
10:17:25	15.94	-0.01	38	60572	卖盘
10:17:19	15.95	0.01	5	7975	买盘
10:17:10	15.94	--	2	3188	卖盘
10:17:04	15.94	--	10	15940	卖盘
10:16:55	15.94	-0.01	15	23910	卖盘
10:16:49	15.95	--	0	0	中性盘
10:16:45	15.95	--	49	78155	卖盘
10:16:40	15.95	--	25	39875	卖盘
10:16:34	15.95	--	34	54230	卖盘
10:16:25	15.95	-0.02	41	65395	卖盘
10:16:19	15.97	--	100	159700	买盘
10:16:15	15.97	0.02	5	7985	买盘
10:16:10	15.95	-0.02	22	35090	卖盘
10:16:04	15.97	-0.01	31	49507	卖盘
10:16:00	15.98	0.01	2	3196	买盘
10:15:55	15.97	-0.01	43	68671	卖盘
10:15:49	15.98	--	18	28764	卖盘
10:15:45	15.98	-0.01	30	47940	卖盘
10:15:40	15.99	0.01	18	28782	买盘
10:15:34	15.98	-0.01	56	89488	卖盘
10:15:30	15.99	--	36	57564	买盘
10:15:25	15.99	0.01	8	12792	买盘
10:15:19	15.98	--	5	7990	买盘
10:15:15	15.98	--	6	9588	买盘
10:15:04	15.98	0.01	2	3196	卖盘
10:15:00	15.97	--	1	1597	买盘
10:14:49	15.97	0.02	25	39925	买盘
10:14:45	15.95	0.02	397	633215	买盘
10:14:40	15.93	--	1	1593	买盘
10:14:34	15.93	0.01	5	7965	买盘
10:14:29	15.92	--	13	20696	卖盘
10:14:19	15.92	--	94	149648	买盘
10:14:15	15.92	0.01	14	22288	买盘
10:14:09	15.91	--	1	1591	卖盘
10:14:04	15.91	--	6	9546	卖盘
10:13:54	15.91	--	34	54094	买盘
10:13:49	15.91	0.01	19	30229	买盘
10:13:43	15.9	-0.01	20	31800	卖盘
10:13:39	15.91	0.01	2	3182	买盘
10:13:34	15.9	--	9	14310	买盘
10:13:28	15.9	--	49	77910	卖盘
10:13:19	15.9	--	25	39750	卖盘
10:13:13	15.9	0.02	18	28620	买盘
10:13:09	15.88	--	2	3176	卖盘
10:13:04	15.88	0.02	40	63520	买盘
10:12:49	15.86	-0.01	100	158600	卖盘
10:12:43	15.87	0.01	79	125373	中性盘
10:12:39	15.86	--	32	50752	卖盘
10:12:34	15.86	-0.01	20	31720	卖盘
10:12:28	15.87	0.01	2	3174	买盘
10:12:13	15.86	0.02	60	95160	买盘
10:12:04	15.84	-0.01	3	4752	卖盘
10:11:58	15.85	--	6	9510	买盘
10:11:49	15.85	--	1	1585	买盘
10:11:43	15.85	-0.01	18	28530	卖盘
10:11:39	15.86	0.01	33	52338	买盘
10:11:28	15.85	--	25	39625	卖盘
10:11:24	15.85	--	20	31700	卖盘
10:11:19	15.85	--	40	63400	卖盘
10:11:13	15.85	--	26	41210	卖盘
10:11:09	15.85	--	38	60230	卖盘
10:11:04	15.85	-0.01	13	20605	卖盘
10:10:58	15.86	--	8	12688	卖盘
10:10:54	15.86	--	15	23790	卖盘
10:10:49	15.86	--	1	1586	卖盘
10:10:39	15.86	-0.02	99	157014	卖盘
10:10:34	15.88	0.02	44	69872	买盘
10:10:28	15.86	-0.02	40	63440	卖盘
10:10:24	15.88	--	2	3176	买盘
10:10:19	15.88	--	31	49228	买盘
10:10:13	15.88	--	27	42876	买盘
10:10:09	15.88	--	10	15880	买盘
10:10:04	15.88	--	2	3176	买盘
10:09:58	15.88	--	13	20644	买盘
10:09:54	15.88	0.01	20	31760	买盘
10:09:49	15.87	--	21	33327	卖盘
10:09:39	15.87	--	26	41262	买盘
10:09:34	15.87	0.02	67	106329	买盘
10:09:24	15.85	-0.02	13	20605	卖盘
10:09:19	15.87	0.01	3	4761	买盘
10:09:13	15.86	0.01	22	34892	买盘
10:09:09	15.85	--	3	4755	卖盘
10:09:04	15.85	0.01	3	4755	卖盘
10:08:58	15.84	--	0	0	卖盘
10:08:54	15.84	-0.01	10	15840	中性盘
10:08:49	15.85	--	74	117290	买盘
10:08:43	15.85	0.02	50	79250	买盘
10:08:39	15.83	-0.01	120	189960	卖盘
10:08:34	15.84	0.01	100	158400	买盘
10:08:28	15.83	--	64	101312	买盘
10:08:24	15.83	--	20	31660	买盘
10:08:18	15.83	--	15	23745	买盘
10:08:13	15.83	0.02	158	250114	买盘
10:08:09	15.81	-0.02	32	50592	卖盘
10:08:04	15.83	0.01	11	17413	买盘
10:07:58	15.82	--	3	4746	卖盘
10:07:54	15.82	-0.01	30	47460	卖盘
10:07:48	15.83	0.01	3	4749	买盘
10:07:43	15.82	--	111	175602	买盘
10:07:39	15.82	--	26	41132	买盘
10:07:33	15.82	--	2	3164	买盘
10:07:28	15.82	--	4	6328	买盘
10:07:22	15.82	--	17	26894	买盘
10:07:18	15.82	--	8	12656	买盘
10:07:13	15.82	--	3	4746	买盘
10:07:08	15.82	--	242	382844	买盘
10:07:03	15.82	--	30	47460	买盘
10:06:58	15.82	0.01	134	211988	买盘
10:06:52	15.81	-0.01	3	4743	卖盘
10:06:48	15.82	--	10	15820	买盘
10:06:43	15.82	--	155	245210	买盘
10:06:37	15.82	--	53	83846	买盘
10:06:33	15.82	0.01	5	7910	买盘
10:06:28	15.81	-0.01	29	45849	卖盘
10:06:22	15.82	0.01	10	15820	买盘
10:06:13	15.81	--	66	104346	卖盘
10:05:58	15.81	--	18	28458	卖盘
10:05:52	15.81	0.01	53	83793	买盘
10:05:43	15.8	--	21	33180	卖盘
10:05:37	15.8	--	54	86805	卖盘
10:05:33	15.8	0.01	75	118500	买盘
10:05:28	15.79	0.01	1	1579	买盘
10:05:22	15.78	--	21	33138	卖盘
10:05:18	15.78	--	1	1578	卖盘
10:05:13	15.78	-0.01	73	115194	卖盘
10:05:07	15.79	-0.01	43	67897	卖盘
10:05:03	15.8	0.01	30	47400	买盘
10:04:58	15.79	--	30	47370	卖盘
10:04:52	15.79	-0.01	45	71055	卖盘
10:04:48	15.8	0.01	11	17380	买盘
10:04:43	15.79	-0.01	12	18948	卖盘
10:04:37	15.8	0.01	1	1580	买盘
10:04:33	15.79	--	4	6316	卖盘
10:04:28	15.79	-0.01	5	7895	卖盘
10:04:22	15.8	--	130	205400	买盘
10:04:13	15.8	--	67	105860	买盘
10:04:07	15.8	-0.01	317	500954	卖盘
10:04:03	15.81	--	3	4743	买盘
10:03:58	15.81	0.01	47	74307	买盘
10:03:52	15.8	-0.01	10	15800	卖盘
10:03:43	15.81	0.01	4	6324	中性盘
10:03:37	15.8	-0.01	99	157905	卖盘
10:03:33	15.81	-0.01	36	56916	买盘
10:03:22	15.82	0.01	47	74354	买盘
10:03:18	15.81	--	0	94	卖盘
10:03:13	15.81	--	40	64726	卖盘
10:03:07	15.81	-0.01	12	18972	卖盘
10:03:03	15.82	--	7	11074	买盘
10:02:58	15.82	--	5	7910	买盘
10:02:52	15.82	--	12	18984	买盘
10:02:43	15.82	--	3	4840	卖盘
10:02:37	15.82	--	29	45878	卖盘
10:02:28	15.82	--	3	4746	卖盘
10:02:18	15.82	--	10	15820	卖盘
10:02:13	15.82	0.01	72	115391	买盘
10:02:07	15.81	--	55	86955	卖盘
10:02:03	15.81	-0.01	19	30039	卖盘
10:01:57	15.82	0.01	42	66444	买盘
10:01:52	15.81	--	10	15810	卖盘
10:01:48	15.81	--	1	1581	卖盘
10:01:27	15.81	0.01	34	53754	买盘
10:01:22	15.8	--	3	4740	卖盘
10:01:18	15.8	-0.01	24	37920	卖盘
10:01:07	15.81	0.01	21	33201	中性盘
10:00:52	15.8	-0.01	50	79000	卖盘
10:00:42	15.81	-0.01	1	1581	买盘
10:00:37	15.82	0.01	34	53788	买盘
10:00:31	15.81	--	37	58497	买盘
10:00:27	15.81	--	26	41200	卖盘
10:00:22	15.81	-0.01	33	52173	卖盘
10:00:16	15.82	0.01	25	39550	买盘
10:00:01	15.81	0.01	77	123223	买盘
09:59:57	15.8	-0.01	10	15800	买盘
09:59:52	15.81	0.01	36	56916	买盘
09:59:46	15.8	--	0	94	卖盘
09:59:42	15.8	--	17	26860	卖盘
09:59:37	15.8	--	111	175380	卖盘
09:59:31	15.8	0.01	180	285885	买盘
09:59:27	15.79	--	4	6316	卖盘
09:59:22	15.79	0.01	8	12632	卖盘
09:59:16	15.78	--	10	15780	卖盘
09:59:12	15.78	-0.01	38	59964	卖盘
09:59:07	15.79	--	1	1579	买盘
09:59:01	15.79	--	285	450015	买盘
09:58:57	15.79	--	5	7895	买盘
09:58:52	15.79	--	55	86845	卖盘
09:58:46	15.79	-0.01	1	1579	卖盘
09:58:42	15.8	0.01	4	6320	买盘
09:58:37	15.79	--	9	14211	买盘
09:58:31	15.79	0.02	1	1579	中性盘
09:58:27	15.77	--	0	0	卖盘
09:58:22	15.77	-0.02	360	567720	卖盘
09:58:16	15.79	--	45	71055	买盘
09:58:12	15.79	0.01	4	6316	买盘
09:58:07	15.78	--	20	31560	卖盘
09:58:01	15.78	--	42	66276	卖盘
09:57:52	15.78	0.01	1	1578	中性盘
09:57:46	15.77	-0.01	235	370595	卖盘
09:57:42	15.78	--	10	15780	买盘
09:57:37	15.78	--	38	59964	买盘
09:57:31	15.78	--	32	50496	买盘
09:57:22	15.78	0.01	40	63120	买盘
09:57:16	15.77	-0.01	30	47310	卖盘
09:57:12	15.78	-0.02	3	4734	中性盘
09:57:07	15.8	0.02	56	88480	买盘
09:57:01	15.78	0.01	27	42606	买盘
09:56:57	15.77	-0.01	38	59926	卖盘
09:56:52	15.78	--	43	67854	买盘
09:56:46	15.78	--	145	228810	买盘
09:56:42	15.78	0.01	40	63120	买盘
09:56:37	15.77	--	74	116698	卖盘
09:56:31	15.77	--	6	9462	卖盘
09:56:27	15.77	-0.01	3	5046	卖盘
09:56:22	15.78	0.01	25	39450	买盘
09:56:16	15.77	-0.01	13	20501	卖盘
09:56:12	15.78	--	3	4734	买盘
09:56:07	15.78	0.01	24	37872	卖盘
09:55:57	15.77	--	0	0	卖盘
09:55:52	15.77	--	0	0	卖盘
09:55:46	15.77	-0.01	60	94620	卖盘
09:55:42	15.78	--	3	4734	卖盘
09:55:37	15.78	--	2	3156	买盘
09:55:31	15.78	--	30	47340	买盘
09:55:22	15.78	0.01	32	50496	买盘
09:55:12	15.77	-0.01	1	1577	卖盘
09:55:07	15.78	0.01	108	170424	买盘
09:55:01	15.77	--	15	23655	卖盘
09:54:57	15.77	--	19	29963	卖盘
09:54:36	15.77	--	39	61503	卖盘
09:54:31	15.77	--	14	22078	卖盘
09:54:27	15.77	--	41	64657	卖盘
09:54:16	15.77	--	25	39425	卖盘
09:54:10	15.77	--	8	12616	卖盘
09:54:06	15.77	--	26	41002	卖盘
09:54:01	15.77	--	45	70965	卖盘
09:53:55	15.77	--	27	42579	卖盘
09:53:51	15.77	--	201	316977	卖盘
09:53:46	15.77	--	4	6308	卖盘
09:53:40	15.77	--	5	7885	卖盘
09:53:37	15.77	--	118	186086	卖盘
09:53:31	15.77	--	37	58349	卖盘
09:53:25	15.77	--	20	31540	卖盘
09:53:21	15.77	-0.01	15	23655	卖盘
09:53:16	15.78	--	32	50496	买盘
09:53:10	15.78	--	10	15780	买盘
09:53:06	15.78	--	12	18936	卖盘
09:53:01	15.78	--	192	302976	卖盘
09:52:55	15.78	--	41	64698	卖盘
09:52:51	15.78	-0.01	4	6312	卖盘
09:52:46	15.79	0.01	19	30001	买盘
09:52:40	15.78	--	25	39450	卖盘
09:52:36	15.78	--	110	173580	卖盘
09:52:31	15.78	-0.01	27	42606	卖盘
09:52:25	15.79	0.01	10	15790	买盘
09:52:21	15.78	-0.01	12	18936	卖盘
09:52:06	15.79	--	108	170532	卖盘
09:52:01	15.79	--	33	52107	卖盘
09:51:55	15.79	-0.01	78	123162	卖盘
09:51:46	15.8	0.01	58	91640	买盘
09:51:40	15.79	-0.01	68	107372	卖盘
09:51:31	15.8	--	64	101120	卖盘
09:51:25	15.8	--	10	15800	卖盘
09:51:16	15.8	--	20	31600	卖盘
09:51:10	15.8	--	4	6320	卖盘
09:51:01	15.8	--	30	47400	买盘
09:50:55	15.8	--	20	31600	买盘
09:50:51	15.8	--	8	12640	买盘
09:50:46	15.8	--	71	112180	买盘
09:50:40	15.8	0.01	56	88480	买盘
09:50:36	15.79	--	12	18948	卖盘
09:50:25	15.79	--	4	6316	卖盘
09:50:21	15.79	--	96	151584	买盘
09:50:16	15.79	0.01	9	14211	买盘
09:50:10	15.78	-0.01	25	39450	卖盘
09:50:01	15.79	--	10	15790	买盘
09:49:55	15.79	--	50	78950	买盘
09:49:51	15.79	0.01	13	20527	买盘
09:49:46	15.78	--	21	33138	买盘
09:49:40	15.78	--	6	9468	卖盘
09:49:36	15.78	--	1	1578	卖盘
09:49:31	15.78	--	38	59964	买盘
09:49:25	15.78	--	36	56808	买盘
09:49:21	15.78	0.01	28	44184	买盘
09:49:16	15.77	--	44	69388	卖盘
09:49:10	15.77	--	23	36271	卖盘
09:49:01	15.77	0.01	25	39425	买盘
09:48:55	15.76	-0.01	303	477528	卖盘
09:48:51	15.77	--	4	6308	买盘
09:48:46	15.77	--	63	99351	买盘
09:48:40	15.77	-0.01	106	167162	卖盘
09:48:36	15.78	0.01	64	100992	买盘
09:48:30	15.77	-0.01	53	83581	卖盘
09:48:25	15.78	0.01	14	22092	买盘
09:48:21	15.77	-0.01	7	11039	卖盘
09:48:15	15.78	0.01	3	4734	买盘
09:48:10	15.77	0.01	42	66234	买盘
09:48:06	15.76	--	15	23640	卖盘
09:48:01	15.76	--	19	29944	卖盘
09:47:55	15.76	-0.01	138	217488	卖盘
09:47:51	15.77	--	13	20501	买盘
09:47:45	15.77	--	11	17347	买盘
09:47:40	15.77	-0.01	50	78850	卖盘
09:47:35	15.78	--	26	41028	买盘
09:47:30	15.78	--	119	187782	买盘
09:47:25	15.78	--	104	164112	卖盘
09:47:19	15.78	--	12	18936	卖盘
09:47:15	15.78	--	32	50496	卖盘
09:47:10	15.78	--	1	1578	卖盘
09:47:04	15.78	--	10	15780	卖盘
09:47:00	15.78	--	41	64698	买盘
09:46:55	15.78	--	9	14202	卖盘
09:46:49	15.78	--	119	187782	买盘
09:46:45	15.78	--	110	173580	卖盘
09:46:40	15.78	--	176	277728	卖盘
09:46:34	15.78	--	20	31560	卖盘
09:46:30	15.78	--	10	15780	卖盘
09:46:25	15.78	0.02	6	9468	买盘
09:46:19	15.76	--	52	81952	卖盘
09:46:15	15.76	--	14	22064	卖盘
09:46:10	15.76	--	22	34672	卖盘
09:46:04	15.76	--	194	305744	卖盘
09:45:55	15.76	--	62	97712	卖盘
09:45:49	15.76	--	73	115048	卖盘
09:45:45	15.76	-0.01	278	438128	卖盘
09:45:40	15.77	0.01	50	78850	买盘
09:45:34	15.76	-0.01	12	18912	卖盘
09:45:30	15.77	--	13	20501	买盘
09:45:25	15.77	-0.01	191	301207	卖盘
09:45:19	15.78	0.01	24	37872	买盘
09:45:15	15.77	-0.02	125	197125	卖盘
09:45:10	15.79	--	21	33159	买盘
09:45:04	15.79	-0.01	184	290536	卖盘
09:45:00	15.8	--	23	36340	买盘
09:44:55	15.8	--	17	26860	买盘
09:44:49	15.8	--	178	281240	卖盘
09:44:45	15.8	-0.01	13	20540	卖盘
09:44:40	15.81	0.01	8	12648	买盘
09:44:34	15.8	-0.02	14	22120	卖盘
09:44:30	15.82	--	25	39550	买盘
09:44:25	15.82	0.01	20	31640	买盘
09:44:19	15.81	-0.01	16	25296	卖盘
09:44:15	15.82	--	12	18984	卖盘
09:44:10	15.82	--	59	93338	卖盘
09:44:04	15.82	-0.01	26	41132	卖盘
09:44:00	15.83	--	10	15830	买盘
09:43:55	15.83	--	47	74401	买盘
09:43:49	15.83	-0.01	75	118725	卖盘
09:43:45	15.84	0.01	20	31680	买盘
09:43:40	15.83	-0.01	20	31660	卖盘
09:43:34	15.84	-0.01	8	12672	卖盘
09:43:30	15.85	--	11	17435	买盘
09:43:25	15.85	--	10	15850	买盘
09:43:19	15.85	--	133	210805	卖盘
09:43:10	15.85	-0.01	10	15850	卖盘
09:43:04	15.86	--	165	261690	卖盘
09:43:00	15.86	--	17	26962	买盘
09:42:55	15.86	--	15	23790	买盘
09:42:49	15.86	--	47	74542	买盘
09:42:45	15.86	0.01	31	49166	买盘
09:42:40	15.85	--	52	82420	卖盘
09:42:34	15.85	-0.01	118	187030	卖盘
09:42:30	15.86	0.01	79	125294	买盘
09:42:25	15.85	--	27	42795	卖盘
09:42:19	15.85	-0.01	222	351870	卖盘
09:42:10	15.86	--	8	12688	卖盘
09:42:04	15.86	0.02	62	98332	买盘
09:42:00	15.84	--	27	42768	卖盘
09:41:54	15.84	-0.01	36	57024	卖盘
09:41:49	15.85	0.02	20	31700	买盘
09:41:45	15.83	0.01	59	93397	卖盘
09:41:40	15.82	--	0	0	卖盘
09:41:34	15.82	-0.02	56	88592	卖盘
09:41:24	15.84	0.01	3	4752	买盘
09:41:19	15.83	--	8	12664	买盘
09:41:14	15.83	--	36	56988	买盘
09:41:09	15.83	0.01	20	31660	买盘
09:41:04	15.82	0.01	89	140798	买盘
09:40:58	15.81	0.01	36	56916	中性盘
09:40:49	15.8	-0.01	91	143780	卖盘
09:40:43	15.81	0.01	46	72726	买盘
09:40:39	15.8	--	29	45820	买盘
09:40:34	15.8	0.01	43	67940	买盘
09:40:28	15.79	--	235	371065	卖盘
09:40:24	15.79	--	50	78950	卖盘
09:40:19	15.79	--	118	186322	卖盘
09:40:13	15.79	0.01	127	200533	买盘
09:40:09	15.78	-0.01	36	56808	卖盘
09:40:04	15.79	0.02	26	41054	买盘
09:39:58	15.77	0.01	9	14193	中性盘
09:39:54	15.76	-0.02	90	141840	卖盘
09:39:49	15.78	0.01	304	479712	买盘
09:39:43	15.77	--	19	29963	买盘
09:39:39	15.77	--	6	9462	买盘
09:39:34	15.77	0.01	33	52041	买盘
09:39:28	15.76	0.01	50	78800	买盘
09:39:24	15.75	-0.02	41	64575	卖盘
09:39:19	15.77	0.02	34	53618	买盘
09:39:13	15.75	-0.01	76	119700	卖盘
09:39:09	15.76	0.02	110	173360	卖盘
09:39:04	15.74	-0.03	474	746076	卖盘
09:38:58	15.77	0.01	108	170316	买盘
09:38:49	15.76	0.01	27	42552	买盘
09:38:43	15.75	--	47	74025	卖盘
09:38:39	15.75	--	1	2205	买盘
09:38:34	15.75	--	134	211995	卖盘
09:38:28	15.75	0.01	52	82530	买盘
09:38:24	15.74	-0.01	64	100736	卖盘
09:38:19	15.75	--	111	174825	买盘
09:38:13	15.75	--	11	17325	买盘
09:38:09	15.75	--	20	31500	买盘
09:38:04	15.75	-0.01	138	218295	卖盘
09:37:58	15.76	--	17	26792	买盘
09:37:54	15.76	--	129	203304	卖盘
09:37:49	15.76	--	558	879408	卖盘
09:37:43	15.76	-0.01	20	31520	卖盘
09:37:39	15.77	--	4	6308	买盘
09:37:34	15.77	-0.01	28	44156	中性盘
09:37:28	15.78	0.02	39	61542	买盘
09:37:24	15.76	-0.02	440	693440	卖盘
09:37:13	15.78	-0.01	529	834762	卖盘
09:37:09	15.79	-0.01	50	78950	卖盘
09:37:04	15.8	0.01	40	63200	买盘
09:36:58	15.79	-0.01	33	52107	卖盘
09:36:49	15.8	--	42	66360	买盘
09:36:43	15.8	--	161	254380	买盘
09:36:39	15.8	--	206	325480	卖盘
09:36:34	15.8	--	10	15800	卖盘
09:36:28	15.8	--	89	140620	卖盘
09:36:19	15.8	-0.01	14	22120	卖盘
09:36:13	15.81	--	11	17391	买盘
09:36:09	15.81	--	1	1581	中性盘
09:36:04	15.81	--	51	80631	卖盘
09:35:49	15.81	-0.03	102	161262	卖盘
09:35:43	15.84	0.01	26	41184	买盘
09:35:39	15.83	0.01	22	34826	买盘
09:35:34	15.82	-0.03	5	7910	买盘
09:35:28	15.85	0.05	20	31700	买盘
09:35:24	15.8	-0.05	53	83740	卖盘
09:35:18	15.85	--	297	470745	买盘
09:35:13	15.85	0.05	40	63400	中性盘
09:35:09	15.8	-0.07	247	390260	卖盘
09:35:04	15.87	-0.01	64	101568	买盘
09:34:58	15.88	0.03	24	38112	买盘
09:34:53	15.85	-0.03	61	96685	买盘
09:34:48	15.88	--	7	11116	买盘
09:34:43	15.88	0.02	92	146096	买盘
09:34:38	15.86	-0.02	25	39650	中性盘
09:34:33	15.88	0.05	473	751124	买盘
09:34:28	15.83	0.01	9	14247	卖盘
09:34:23	15.82	0.02	70	110740	买盘
09:34:18	15.8	--	9	14220	卖盘
09:34:13	15.8	0.02	241	380780	买盘
09:34:07	15.78	--	122	192516	卖盘
09:34:03	15.78	--	182	287196	卖盘
09:33:58	15.78	--	88	138864	买盘
09:33:52	15.78	--	227	358206	买盘
09:33:48	15.78	--	36	56808	买盘
09:33:43	15.78	--	205	323490	买盘
09:33:37	15.78	0.02	50	78900	买盘
09:33:33	15.76	--	28	44128	卖盘
09:33:28	15.76	0.01	140	221270	买盘
09:33:22	15.75	-0.01	120	189000	中性盘
09:33:18	15.76	0.02	60	94560	买盘
09:33:13	15.74	-0.02	107	168418	卖盘
09:33:07	15.76	--	98	154448	买盘
09:33:03	15.76	0.01	6	9456	买盘
09:32:58	15.75	0.01	116	182700	买盘
09:32:52	15.74	-0.02	201	316374	卖盘
09:32:48	15.76	0.01	23	36248	买盘
09:32:43	15.75	-0.01	104	163800	卖盘
09:32:37	15.76	--	143	225368	买盘
09:32:33	15.76	-0.02	214	337264	卖盘
09:32:28	15.78	-0.02	152	239856	卖盘
09:32:22	15.8	0.02	112	176960	买盘
09:32:18	15.78	-0.01	94	148332	卖盘
09:32:13	15.79	-0.01	74	116846	买盘
09:32:07	15.8	0.02	200	316000	买盘
09:32:03	15.78	-0.01	17	26826	卖盘
09:31:58	15.79	-0.02	150	236850	卖盘
09:31:52	15.81	--	239	377859	买盘
09:31:48	15.81	0.01	30	47430	买盘
09:31:43	15.8	--	169	267020	卖盘
09:31:37	15.8	--	121	191180	卖盘
09:31:33	15.8	-0.01	77	121660	卖盘
09:31:28	15.81	-0.03	35	55335	卖盘
09:31:22	15.84	0.04	44	69696	买盘
09:31:18	15.8	--	110	173800	卖盘
09:31:13	15.8	-0.02	191	301780	卖盘
09:31:07	15.82	-0.06	127	200914	卖盘
09:31:03	15.88	--	209	331892	买盘
09:30:58	15.88	--	30	47640	买盘
09:30:52	15.88	--	106	168328	卖盘
09:30:48	15.88	-0.02	22	34936	卖盘
09:30:43	15.9	0.02	24	38160	买盘
09:30:37	15.88	-0.02	35	55580	卖盘
09:30:33	15.9	--	0	0	中性盘
09:30:28	15.9	-0.01	32	50880	卖盘
09:30:22	15.91	-0.09	67	106597	卖盘
09:30:18	16.0	0.09	20	32000	买盘
09:30:07	15.91	-0.09	518	824138	卖盘
09:30:03	16.0	-0.02	2	3200	卖盘
09:28:51	16.02	--	0	0	中性盘
09:25:07	16.02	16.02	719	1151838	买盘
