成交时间	成交价	价格变动	成交量(手)	成交额(元)	性质
15:00:00	17.15	--	0	0	卖盘
15:00:00	17.15	-0.01	0	0	卖盘
14:59:59	17.16	0.01	33	56628	买盘
14:59:53	17.15	--	151	258964	买盘
14:59:44	17.15	--	26	44589	买盘
14:59:38	17.15	0.01	1	1714	买盘
14:59:29	17.14	--	73	125259	买盘
14:59:23	17.14	--	45	77130	卖盘
14:59:19	17.14	-0.01	27	46278	卖盘
14:59:14	17.15	0.01	10	17150	买盘
14:59:08	17.14	--	2	3428	卖盘
14:58:59	17.14	-0.01	4	6856	卖盘
14:58:53	17.15	--	0	0	买盘
14:58:49	17.15	0.02	20	34300	买盘
14:58:44	17.13	-0.02	3	5139	卖盘
14:58:38	17.15	--	7	12004	买盘
14:58:34	17.15	--	1	1714	买盘
14:58:29	17.15	--	0	0	买盘
14:58:23	17.15	0.03	16	27439	买盘
14:58:19	17.12	-0.04	2	3424	卖盘
14:58:14	17.16	0.01	51	87516	买盘
14:58:08	17.15	--	5	8575	卖盘
14:58:04	17.15	0.02	120	205799	买盘
14:57:59	17.13	-0.03	5	8565	卖盘
14:57:53	17.16	--	0	0	买盘
14:57:49	17.16	0.01	23	39468	买盘
14:57:44	17.15	--	1	1714	买盘
14:57:38	17.15	--	20	34300	买盘
14:57:34	17.15	-0.01	15	25965	卖盘
14:57:23	17.16	0.01	51	87516	买盘
14:57:19	17.15	-0.01	31	53164	卖盘
14:57:14	17.16	0.01	5	8580	买盘
14:57:08	17.15	-0.01	13	22294	卖盘
14:56:53	17.16	--	33	56628	买盘
14:56:49	17.16	-0.01	9	15444	中性盘
14:56:38	17.17	0.01	199	341683	买盘
14:56:23	17.16	0.01	6	10296	卖盘
14:56:19	17.15	-0.01	22	37730	卖盘
14:56:14	17.16	0.01	43	73788	买盘
14:56:08	17.15	--	25	42875	卖盘
14:56:04	17.15	--	42	72030	卖盘
14:55:59	17.15	--	30	51449	卖盘
14:55:53	17.15	--	25	42875	卖盘
14:55:49	17.15	--	1	1714	卖盘
14:55:44	17.15	0.05	118	203844	买盘
14:55:38	17.1	--	22	37620	卖盘
14:55:34	17.1	-0.05	13	22230	卖盘
14:55:23	17.15	0.08	500	857499	买盘
14:55:17	17.07	-0.03	45	76815	卖盘
14:55:08	17.1	--	300	513000	买盘
14:54:58	17.1	-0.05	662	1132020	卖盘
14:54:53	17.15	--	10	17150	买盘
14:54:47	17.15	-0.01	451	773705	卖盘
14:54:43	17.16	--	10	17160	卖盘
14:54:38	17.16	-0.01	18	30888	卖盘
14:54:32	17.17	--	30	51510	买盘
14:54:28	17.17	0.01	39	66963	买盘
14:54:17	17.16	--	39	66924	卖盘
14:54:08	17.16	-0.01	30	51480	卖盘
14:54:02	17.17	0.01	262	449854	卖盘
14:53:53	17.16	-0.02	34	58344	卖盘
14:53:38	17.18	0.01	14	24052	买盘
14:53:32	17.17	0.01	4	6868	中性盘
14:53:28	17.16	--	80	137280	卖盘
14:53:23	17.16	--	10	17160	卖盘
14:53:17	17.16	--	35	60060	卖盘
14:53:13	17.16	--	39	66924	卖盘
14:53:02	17.16	--	44	76979	买盘
14:52:53	17.16	--	439	753564	卖盘
14:52:38	17.16	--	13	22308	卖盘
14:52:32	17.16	-0.01	170	291720	卖盘
14:52:28	17.17	--	4	6868	买盘
14:52:23	17.17	--	265	455005	卖盘
14:52:13	17.17	--	22	37774	卖盘
14:51:53	17.17	--	3	5151	卖盘
14:51:47	17.17	-0.01	53	91001	卖盘
14:51:43	17.18	--	18	30924	卖盘
14:51:38	17.18	--	4	6872	卖盘
14:51:32	17.18	-0.01	27	46386	卖盘
14:51:13	17.19	-0.01	188	323172	卖盘
14:51:02	17.2	--	4	6880	卖盘
14:50:58	17.2	--	32	55040	卖盘
14:50:47	17.2	-0.01	4	6880	卖盘
14:50:32	17.21	--	44	77307	卖盘
14:50:28	17.21	--	15	25815	卖盘
14:50:17	17.21	--	10	17210	卖盘
14:50:13	17.21	--	20	34420	卖盘
14:50:08	17.21	--	2	3442	卖盘
14:50:02	17.21	--	10	17210	卖盘
14:49:47	17.21	--	20	34420	卖盘
14:49:43	17.21	--	6	10326	卖盘
14:49:38	17.21	--	10	17210	卖盘
14:49:32	17.21	--	72	123912	卖盘
14:49:28	17.21	--	13	22768	卖盘
14:49:17	17.21	-0.01	914	1572994	卖盘
14:49:13	17.22	0.01	180	309960	买盘
14:48:52	17.21	-0.02	7	12047	卖盘
14:48:37	17.23	0.01	50	86150	买盘
14:48:32	17.22	--	21	37195	卖盘
14:48:26	17.22	-0.01	6	10332	卖盘
14:48:22	17.23	0.01	3	5169	买盘
14:48:17	17.22	--	183	315126	卖盘
14:47:47	17.22	-0.01	47	81622	卖盘
14:47:41	17.23	--	26	44798	买盘
14:47:26	17.23	-0.01	148	255296	卖盘
14:47:11	17.24	0.01	10	17240	买盘
14:46:47	17.23	-0.01	33	56859	卖盘
14:46:41	17.24	0.01	1	1723	买盘
14:46:26	17.23	--	2	3446	卖盘
14:46:17	17.23	--	46	80688	卖盘
14:45:52	17.23	--	15	25845	卖盘
14:45:47	17.23	-0.01	8	13784	卖盘
14:45:41	17.24	0.01	10	17240	买盘
14:45:32	17.23	-0.01	4	6892	卖盘
14:45:26	17.24	--	2	3447	买盘
14:45:17	17.24	--	23	39652	买盘
14:45:11	17.24	0.01	34	58615	买盘
14:45:07	17.23	-0.01	1	1723	卖盘
14:45:02	17.24	0.01	25	43099	买盘
14:44:52	17.23	-0.01	41	70643	卖盘
14:44:47	17.24	--	10	17240	买盘
14:44:41	17.24	--	2	3447	买盘
14:44:32	17.24	-0.01	55	94819	卖盘
14:44:26	17.25	--	1	1725	买盘
14:44:11	17.25	--	1	1725	买盘
14:44:07	17.25	--	12	20700	买盘
14:44:02	17.25	--	3	5175	买盘
14:43:52	17.25	0.01	3	5175	买盘
14:43:41	17.24	-0.01	6	10343	卖盘
14:43:26	17.25	--	5	8625	买盘
14:43:22	17.25	--	10	17250	买盘
14:43:11	17.25	--	24	41400	买盘
14:43:07	17.25	--	0	0	买盘
14:42:52	17.25	0.02	500	862500	买盘
14:42:47	17.23	-0.01	48	83944	卖盘
14:42:41	17.24	--	31	53926	买盘
14:42:37	17.24	--	11	18964	买盘
14:42:20	17.24	0.01	10	17240	买盘
14:42:16	17.23	--	9	15507	卖盘
14:42:11	17.23	--	4	6892	卖盘
14:42:01	17.23	--	2	3446	卖盘
14:41:46	17.23	--	32	55136	卖盘
14:41:41	17.23	--	10	17230	卖盘
14:41:35	17.23	--	2	3446	卖盘
14:41:20	17.23	0.01	14	24122	卖盘
14:41:11	17.22	-0.01	113	194586	卖盘
14:41:05	17.23	--	110	189530	买盘
14:40:56	17.23	0.01	60	103380	买盘
14:40:50	17.22	-0.01	17	29273	卖盘
14:39:56	17.23	--	14	24122	买盘
14:39:46	17.23	0.01	15	25845	买盘
14:39:41	17.22	--	13	22386	卖盘
14:39:31	17.22	-0.01	11	18942	卖盘
14:39:26	17.23	0.01	14	24122	买盘
14:39:20	17.22	--	13	22386	卖盘
14:39:11	17.22	--	35	60269	卖盘
14:39:05	17.22	-0.01	31	53382	卖盘
14:38:50	17.23	--	2	3446	卖盘
14:38:46	17.23	0.01	248	427304	买盘
14:38:41	17.22	-0.01	1	1722	卖盘
14:38:35	17.23	0.01	16	27568	买盘
14:38:31	17.22	0.01	25	43050	买盘
14:38:26	17.21	--	18	30978	卖盘
14:38:20	17.21	--	7	12047	卖盘
14:38:11	17.21	--	37	65139	卖盘
14:38:01	17.21	--	0	0	卖盘
14:37:50	17.21	-0.01	115	197915	卖盘
14:37:46	17.22	-0.01	30	51660	卖盘
14:37:26	17.23	--	16	27568	买盘
14:37:20	17.23	--	192	330816	卖盘
14:37:05	17.23	--	23	39629	卖盘
14:37:01	17.23	--	20	34460	卖盘
14:36:56	17.23	--	1	1723	卖盘
14:36:50	17.23	--	64	110272	买盘
14:36:41	17.23	--	15	25845	买盘
14:36:35	17.23	--	8	13784	买盘
14:36:31	17.23	--	0	0	买盘
14:36:20	17.23	--	30	51690	买盘
14:36:05	17.23	--	11	18953	买盘
14:35:44	17.23	-0.01	27	46521	中性盘
14:35:40	17.24	--	0	0	买盘
14:35:35	17.24	--	5	8620	买盘
14:35:25	17.24	--	91	158125	卖盘
14:35:20	17.24	--	91	158349	卖盘
14:35:10	17.24	0.01	149	257617	买盘
14:34:59	17.23	0.03	24	41352	买盘
14:34:50	17.2	0.02	3	5160	买盘
14:34:35	17.18	-0.06	3	5154	卖盘
14:34:29	17.24	--	0	0	买盘
14:34:20	17.24	0.06	80	137920	买盘
14:34:14	17.18	--	13	22334	卖盘
14:33:59	17.18	--	6	10308	卖盘
14:33:40	17.18	0.01	2	3436	买盘
14:33:29	17.17	--	178	305677	卖盘
14:33:20	17.17	0.01	22	38769	买盘
14:33:14	17.16	-0.01	29	50913	卖盘
14:33:10	17.17	--	1	2712	买盘
14:33:05	17.17	--	4	7589	卖盘
14:32:59	17.17	--	32	55939	买盘
14:32:44	17.17	-0.01	71	121907	卖盘
14:32:35	17.18	--	2	3436	买盘
14:32:29	17.18	0.01	11	18898	买盘
14:32:20	17.17	-0.01	20	34340	卖盘
14:32:14	17.18	--	33	58068	卖盘
14:32:10	17.18	--	14	24052	卖盘
14:32:05	17.18	--	18	30924	卖盘
14:31:59	17.18	-0.01	57	98269	卖盘
14:31:55	17.19	--	10	17190	买盘
14:31:44	17.19	--	6	10314	买盘
14:31:40	17.19	-0.01	33	56727	卖盘
14:31:29	17.2	--	18	30960	买盘
14:31:25	17.2	-0.02	274	472157	卖盘
14:31:10	17.22	0.02	5	8610	中性盘
14:31:05	17.2	-0.02	200	344000	卖盘
14:30:59	17.22	--	29	49938	卖盘
14:30:55	17.22	--	60	103320	卖盘
14:30:44	17.22	-0.01	10	17220	卖盘
14:30:40	17.23	--	4	6892	卖盘
14:30:25	17.23	--	54	93042	卖盘
14:30:10	17.23	--	77	132671	卖盘
14:30:05	17.23	--	100	172300	卖盘
14:29:55	17.23	-0.02	49	85409	卖盘
14:29:29	17.25	--	130	224250	买盘
14:29:14	17.25	--	3	5175	买盘
14:29:08	17.25	--	5	8625	买盘
14:29:04	17.25	--	65	112125	卖盘
14:28:38	17.25	--	2	3450	卖盘
14:28:29	17.25	--	100	172500	卖盘
14:27:59	17.25	--	110	189750	买盘
14:27:53	17.25	--	50	86250	买盘
14:27:49	17.25	-0.01	50	86250	买盘
14:27:44	17.26	0.01	202	348652	买盘
14:27:38	17.25	--	4	6900	卖盘
14:27:29	17.25	--	27	46575	买盘
14:27:14	17.25	-0.01	3	5175	卖盘
14:27:08	17.26	0.01	2	3452	买盘
14:26:59	17.25	--	59	101775	卖盘
14:26:53	17.25	-0.01	47	81075	中性盘
14:26:29	17.26	0.01	6	10356	买盘
14:26:14	17.25	0.01	12	20700	买盘
14:25:38	17.24	0.01	90	155901	买盘
14:25:34	17.23	-0.01	23	39629	卖盘
14:25:29	17.24	--	35	60339	买盘
14:25:23	17.24	-0.01	6	10343	买盘
14:25:08	17.25	0.01	67	115575	买盘
14:25:04	17.24	0.01	5	8620	中性盘
14:24:59	17.23	-0.02	74	129207	卖盘
14:24:49	17.25	0.01	9	15525	卖盘
14:24:38	17.24	--	0	0	卖盘
14:24:34	17.24	0.01	32	56495	买盘
14:24:29	17.23	--	0	0	卖盘
14:24:23	17.23	-0.01	104	179192	卖盘
14:24:19	17.24	0.01	2	3447	卖盘
14:24:04	17.23	--	3	5169	卖盘
14:23:59	17.23	--	32	56204	卖盘
14:23:53	17.23	--	0	0	卖盘
14:23:44	17.23	-0.03	6	11544	卖盘
14:23:38	17.26	0.03	30	51780	买盘
14:23:34	17.23	0.01	3	5169	中性盘
14:23:28	17.22	-0.01	1	2255	卖盘
14:23:23	17.23	--	4	6892	卖盘
14:23:19	17.23	0.01	44	77259	买盘
14:23:14	17.22	-0.01	23	40191	卖盘
14:23:02	17.23	0.01	10	17230	买盘
14:22:53	17.22	-0.01	5	8610	卖盘
14:22:43	17.23	-0.01	44	75880	卖盘
14:22:38	17.24	--	23	41307	买盘
14:22:32	17.24	-0.01	50	86199	买盘
14:22:28	17.25	--	32	55200	买盘
14:22:17	17.25	--	107	184575	买盘
14:22:13	17.25	0.01	4	6900	买盘
14:21:58	17.24	--	62	106887	卖盘
14:21:53	17.24	-0.01	1	1723	卖盘
14:21:47	17.25	--	38	65550	卖盘
14:21:32	17.25	-0.01	54	93150	卖盘
14:21:23	17.26	-0.02	60	103560	卖盘
14:21:13	17.28	--	10	17280	买盘
14:21:08	17.28	--	10	17280	买盘
14:21:02	17.28	--	79	136512	卖盘
14:20:53	17.28	-0.01	5	8640	卖盘
14:20:47	17.29	--	3	5187	卖盘
14:20:38	17.29	--	4	6916	卖盘
14:20:32	17.29	--	10	17290	卖盘
14:20:23	17.29	--	30	51870	卖盘
14:20:13	17.29	0.01	52	89908	买盘
14:20:02	17.28	--	8	13824	卖盘
14:19:47	17.28	--	1	1728	卖盘
14:19:38	17.28	--	27	46656	卖盘
14:19:32	17.28	-0.01	3	5184	卖盘
14:19:17	17.29	--	0	0	买盘
14:19:08	17.29	0.02	20	34580	买盘
14:18:58	17.27	--	4	6908	卖盘
14:18:53	17.27	-0.01	8	13816	卖盘
14:18:47	17.28	--	0	0	中性盘
14:18:38	17.28	0.03	1	1728	买盘
14:18:32	17.25	-0.03	116	200100	卖盘
14:18:23	17.28	--	0	0	卖盘
14:18:17	17.28	--	3	5184	买盘
14:18:08	17.28	-0.02	3	5184	买盘
14:18:02	17.3	--	0	0	买盘
14:17:58	17.3	0.02	168	290640	买盘
14:17:47	17.28	-0.02	64	110592	卖盘
14:17:43	17.3	--	10	17300	买盘
14:17:32	17.3	--	5	8650	买盘
14:17:28	17.3	--	0	0	买盘
14:17:23	17.3	0.03	1	1730	买盘
14:17:17	17.27	--	3	5181	卖盘
14:17:13	17.27	--	2	3454	卖盘
14:17:07	17.27	-0.03	9	15543	卖盘
14:17:02	17.3	0.03	10	17300	买盘
14:16:58	17.27	--	5	8635	卖盘
14:16:47	17.27	0.02	19	32813	中性盘
14:16:37	17.25	--	0	0	卖盘
14:16:32	17.25	-0.02	30	51750	卖盘
14:16:26	17.27	0.02	42	72534	买盘
14:16:17	17.25	--	0	0	卖盘
14:16:02	17.25	--	2	3450	卖盘
14:15:56	17.25	-0.02	7	12075	卖盘
14:15:32	17.27	-0.04	48	82896	卖盘
14:15:11	17.31	--	27	46737	买盘
14:14:47	17.31	--	1	1730	买盘
14:14:41	17.31	--	43	74433	买盘
14:14:32	17.31	-0.02	36	62315	卖盘
14:14:17	17.33	--	6	10397	卖盘
14:14:11	17.33	0.02	1	1732	买盘
14:14:02	17.31	--	6	10386	卖盘
14:13:52	17.31	0.01	16	27695	买盘
14:13:47	17.3	--	52	89960	卖盘
14:13:37	17.3	0.02	119	205870	买盘
14:13:26	17.28	-0.02	5	8640	卖盘
14:13:17	17.3	--	1	1730	买盘
14:13:11	17.3	--	7	12110	买盘
14:13:02	17.3	--	43	74390	卖盘
14:12:56	17.3	-0.01	126	217980	卖盘
14:12:41	17.31	0.01	3	5193	买盘
14:12:37	17.3	--	71	122830	卖盘
14:12:26	17.3	-0.03	66	114180	卖盘
14:12:22	17.33	0.02	147	254750	买盘
14:12:11	17.31	--	12	20772	卖盘
14:12:07	17.31	--	5	8655	卖盘
14:12:02	17.31	--	8	13847	卖盘
14:11:56	17.31	--	12	20772	卖盘
14:11:52	17.31	--	0	0	卖盘
14:11:47	17.31	--	8	13847	卖盘
14:11:41	17.31	-0.04	50	86550	卖盘
14:11:37	17.35	0.04	5	8675	买盘
14:11:26	17.31	-0.04	20	34620	卖盘
14:11:22	17.35	0.03	12	20820	买盘
14:11:11	17.32	--	29	50228	卖盘
14:11:06	17.32	-0.03	63	109116	卖盘
14:10:41	17.35	--	79	137065	卖盘
14:10:35	17.35	--	10	17350	卖盘
14:10:26	17.35	--	65	112775	卖盘
14:10:16	17.35	--	35	60725	卖盘
14:10:11	17.35	-0.02	6	10410	卖盘
14:09:50	17.37	0.01	9	15633	买盘
14:09:46	17.36	-0.01	7	12152	卖盘
14:09:41	17.37	--	6	10422	买盘
14:09:35	17.37	0.01	4	6948	买盘
14:09:26	17.36	-0.02	10	17360	卖盘
14:09:20	17.38	--	0	0	买盘
14:09:16	17.38	0.01	11	19118	中性盘
14:09:05	17.37	-0.02	1	1737	卖盘
14:09:01	17.39	0.02	92	159988	买盘
14:08:56	17.37	0.01	10	17370	中性盘
14:08:46	17.36	-0.01	10	17360	卖盘
14:08:35	17.37	0.01	10	17370	卖盘
14:08:20	17.36	-0.02	108	187488	卖盘
14:08:16	17.38	--	3	5214	买盘
14:08:11	17.38	-0.01	10	17380	卖盘
14:08:05	17.39	--	10	17390	买盘
14:07:56	17.39	--	9	15651	买盘
14:07:50	17.39	--	11	19129	买盘
14:07:46	17.39	--	67	116513	买盘
14:07:41	17.39	--	59	102601	卖盘
14:07:31	17.39	-0.01	59	102601	卖盘
14:07:26	17.4	0.01	59	102659	买盘
14:07:20	17.39	--	114	198246	买盘
14:07:16	17.39	--	16	27824	买盘
14:07:05	17.39	0.01	9	15651	买盘
14:06:46	17.38	0.01	74	128611	买盘
14:06:41	17.37	--	81	140697	卖盘
14:06:35	17.37	--	20	34740	卖盘
14:06:26	17.37	0.01	1	1737	卖盘
14:06:20	17.36	--	0	0	卖盘
14:06:16	17.36	-0.01	28	48608	卖盘
14:06:05	17.37	0.01	66	114642	买盘
14:05:50	17.36	--	21	36456	卖盘
14:05:46	17.36	0.01	33	57288	卖盘
14:05:41	17.35	--	0	0	卖盘
14:05:31	17.35	-0.01	39	67665	卖盘
14:05:20	17.36	0.01	27	46872	买盘
14:05:11	17.35	--	0	0	卖盘
14:05:05	17.35	-0.02	199	345265	卖盘
14:05:01	17.37	0.02	41	71217	买盘
14:04:56	17.35	-0.01	200	347000	卖盘
14:04:50	17.36	-0.01	5	8680	卖盘
14:04:46	17.37	--	24	41688	买盘
14:04:35	17.37	-0.01	10	17370	卖盘
14:04:26	17.38	--	18	31284	买盘
14:04:20	17.38	--	33	57354	卖盘
14:04:14	17.38	--	69	119922	卖盘
14:04:10	17.38	--	156	271128	卖盘
14:04:05	17.38	--	20	34760	卖盘
14:03:59	17.38	--	44	76472	卖盘
14:03:55	17.38	--	20	34760	卖盘
14:03:50	17.38	-0.01	20	34760	卖盘
14:03:35	17.39	--	22	38258	卖盘
14:03:25	17.39	-0.01	1	1739	卖盘
14:03:20	17.4	--	132	229679	买盘
14:03:14	17.4	-0.01	38	66120	卖盘
14:03:10	17.41	--	92	160172	买盘
14:03:05	17.41	--	56	97496	买盘
14:02:59	17.41	-0.01	153	266373	卖盘
14:02:55	17.42	--	2	3484	买盘
14:02:50	17.42	--	84	146328	买盘
14:02:44	17.42	-0.01	6	10452	卖盘
14:02:40	17.43	0.01	17	29631	买盘
14:02:35	17.42	-0.01	36	62712	卖盘
14:02:29	17.43	0.01	5	8715	买盘
14:02:25	17.42	--	21	36582	卖盘
14:02:20	17.42	--	25	43550	卖盘
14:02:14	17.42	-0.01	3	5226	买盘
14:02:10	17.43	0.02	23	40089	买盘
14:02:05	17.41	-0.01	10	17410	卖盘
14:01:59	17.42	--	76	132392	中性盘
14:01:55	17.42	--	2	3484	买盘
14:01:50	17.42	0.01	95	165490	买盘
14:01:44	17.41	-0.01	33	57453	卖盘
14:01:40	17.42	0.02	6	10452	买盘
14:01:35	17.4	-0.02	60	104399	卖盘
14:01:29	17.42	--	12	20904	买盘
14:01:25	17.42	0.02	168	292656	买盘
14:01:20	17.4	-0.01	6	10440	中性盘
14:01:14	17.41	0.01	330	574530	买盘
14:01:10	17.4	--	13	22619	卖盘
14:01:05	17.4	--	60	104399	卖盘
14:00:59	17.4	0.01	596	1037057	买盘
14:00:55	17.39	--	5	8695	买盘
14:00:44	17.39	--	1	1739	买盘
14:00:35	17.39	0.01	97	168683	买盘
14:00:29	17.38	-0.01	110	191180	卖盘
14:00:25	17.39	--	2	3478	卖盘
14:00:20	17.39	0.01	98	170422	买盘
14:00:14	17.38	--	32	55616	卖盘
14:00:05	17.38	--	9	15642	卖盘
13:59:59	17.38	-0.01	130	225940	卖盘
13:59:55	17.39	0.01	12	20868	买盘
13:59:50	17.38	--	50	86900	卖盘
13:59:44	17.38	--	1	1738	卖盘
13:59:40	17.38	--	46	79948	买盘
13:59:34	17.38	--	64	111232	买盘
13:59:29	17.38	--	54	93852	买盘
13:59:25	17.38	0.01	60	104280	买盘
13:59:20	17.37	--	1	1737	卖盘
13:59:14	17.37	--	24	41688	卖盘
13:59:10	17.37	--	34	59058	卖盘
13:58:59	17.37	--	81	140697	买盘
13:58:55	17.37	--	33	57321	买盘
13:58:50	17.37	0.01	4	6948	买盘
13:58:44	17.36	0.01	3	5208	中性盘
13:58:40	17.35	--	64	111040	卖盘
13:58:35	17.35	--	12	20820	卖盘
13:58:29	17.35	--	8	13880	卖盘
13:58:20	17.35	--	56	97160	卖盘
13:58:14	17.35	--	72	124920	买盘
13:58:09	17.35	0.03	100	173500	买盘
13:57:59	17.32	--	0	0	卖盘
13:57:55	17.32	-0.02	14	24248	卖盘
13:57:44	17.34	--	10	17340	卖盘
13:57:38	17.34	--	2	3468	卖盘
13:57:34	17.34	--	80	138720	买盘
13:57:29	17.34	--	0	0	买盘
13:57:19	17.34	0.01	107	185538	买盘
13:57:14	17.33	--	5	8665	卖盘
13:57:08	17.33	--	25	43324	卖盘
13:57:04	17.33	--	2	3465	卖盘
13:56:53	17.33	--	4	6931	卖盘
13:56:49	17.33	-0.01	57	98780	卖盘
13:56:44	17.34	--	10	17340	卖盘
13:56:38	17.34	--	11	19074	卖盘
13:56:34	17.34	--	3	5202	卖盘
13:56:29	17.34	0.01	48	83232	买盘
13:56:14	17.33	-0.01	10	17330	中性盘
13:56:08	17.34	--	5	8670	买盘
13:56:04	17.34	--	9	15606	卖盘
13:55:59	17.34	-0.01	1	1734	卖盘
13:55:38	17.35	-0.01	4	6940	卖盘
13:55:34	17.36	0.01	3	5208	买盘
13:55:29	17.35	--	0	0	卖盘
13:55:23	17.35	--	40	69400	卖盘
13:55:19	17.35	--	3	5205	卖盘
13:55:14	17.35	--	46	79810	卖盘
13:55:08	17.35	--	537	931695	卖盘
13:55:04	17.35	--	40	69400	卖盘
13:54:59	17.35	--	54	93690	卖盘
13:54:49	17.35	--	12	20820	卖盘
13:54:44	17.35	0.01	162	281070	买盘
13:54:38	17.34	-0.01	5	8670	中性盘
13:54:29	17.35	--	27	46845	买盘
13:54:23	17.35	--	0	0	买盘
13:54:08	17.35	--	3	5205	卖盘
13:54:04	17.35	-0.01	1	1735	卖盘
13:53:59	17.36	--	28	48608	买盘
13:53:53	17.36	0.04	39	67704	买盘
13:53:49	17.32	-0.02	14	24248	卖盘
13:53:44	17.34	-0.01	25	43350	卖盘
13:53:34	17.35	-0.01	2	3470	卖盘
13:53:29	17.36	0.01	41	71176	买盘
13:53:23	17.35	0.01	5	8675	买盘
13:53:19	17.34	-0.02	88	152592	卖盘
13:53:13	17.36	0.01	5	8680	买盘
13:53:08	17.35	0.01	495	858825	买盘
13:53:04	17.34	0.01	20	34680	买盘
13:52:53	17.33	--	5	8665	卖盘
13:52:49	17.33	--	23	39858	卖盘
13:52:44	17.33	0.01	13	22528	买盘
13:52:38	17.32	-0.01	5	8660	卖盘
13:52:34	17.33	--	49	84916	买盘
13:52:19	17.33	0.02	40	69320	买盘
13:52:13	17.31	--	2	3461	卖盘
13:52:08	17.31	-0.02	10	17310	卖盘
13:52:03	17.33	0.02	58	100513	买盘
13:51:53	17.31	--	39	67509	卖盘
13:51:48	17.31	-0.01	5	8655	卖盘
13:51:43	17.32	0.01	63	109116	买盘
13:51:38	17.31	--	1	1730	卖盘
13:51:33	17.31	0.01	14	24234	买盘
13:51:23	17.3	-0.01	33	57090	卖盘
13:51:17	17.31	0.01	13	22503	买盘
13:51:13	17.3	--	10	17300	卖盘
13:51:08	17.3	--	50	86500	卖盘
13:51:02	17.3	0.03	291	503430	买盘
13:50:58	17.27	-0.02	10	17270	卖盘
13:50:47	17.29	0.02	1	1729	买盘
13:50:32	17.27	-0.02	20	34540	卖盘
13:50:23	17.29	--	1	1729	买盘
13:50:17	17.29	-0.01	9	15561	卖盘
13:50:13	17.3	0.01	1	1730	买盘
13:50:02	17.29	-0.01	10	17290	卖盘
13:49:53	17.3	0.01	1	1730	买盘
13:49:38	17.29	-0.01	5	8645	卖盘
13:49:23	17.3	--	22	38060	卖盘
13:49:17	17.3	--	162	280260	卖盘
13:49:13	17.3	--	20	34600	卖盘
13:49:08	17.3	--	23	39790	卖盘
13:49:02	17.3	--	27	46710	卖盘
13:48:47	17.3	--	10	17300	卖盘
13:48:38	17.3	--	333	576090	卖盘
13:48:32	17.3	--	15	25950	卖盘
13:48:28	17.3	0.01	128	221440	买盘
13:48:17	17.29	-0.01	3	5187	卖盘
13:48:13	17.3	--	6	10380	买盘
13:48:08	17.3	0.01	26	44980	买盘
13:48:02	17.29	-0.01	12	20748	卖盘
13:47:53	17.3	0.01	6	10380	买盘
13:47:47	17.29	--	10	17290	卖盘
13:47:43	17.29	--	12	20748	卖盘
13:47:38	17.29	--	5	8645	卖盘
13:47:28	17.29	--	21	36309	买盘
13:47:17	17.29	-0.03	75	129675	卖盘
13:47:13	17.32	--	112	193984	买盘
13:47:08	17.32	--	46	79672	卖盘
13:47:02	17.32	--	27	46764	中性盘
13:46:58	17.32	-0.01	2	3464	卖盘
13:46:53	17.33	--	0	0	买盘
13:46:47	17.33	0.01	22	38125	买盘
13:46:43	17.32	-0.01	32	55424	卖盘
13:46:37	17.33	--	10	17330	买盘
13:46:32	17.33	--	3	5198	买盘
13:46:28	17.33	-0.01	40	69320	买盘
13:46:22	17.34	--	0	0	买盘
13:46:17	17.34	0.03	77	133518	买盘
13:46:13	17.31	--	30	51929	卖盘
13:46:08	17.31	-0.02	31	53660	卖盘
13:46:02	17.33	0.02	26	45057	买盘
13:45:58	17.31	--	20	34620	卖盘
13:45:53	17.31	0.01	4	6923	卖盘
13:45:47	17.3	-0.01	187	323510	中性盘
13:45:43	17.31	--	158	273498	买盘
13:45:37	17.31	0.01	1	1730	买盘
13:45:27	17.3	--	10	17300	卖盘
13:45:23	17.3	0.01	282	487860	买盘
13:45:17	17.29	--	23	39767	卖盘
13:45:13	17.29	--	129	223041	买盘
13:45:07	17.29	0.02	2	3458	买盘
13:45:02	17.27	-0.01	26	44902	卖盘
13:44:57	17.28	--	10	17280	卖盘
13:44:52	17.28	--	312	539136	买盘
13:44:47	17.28	--	0	0	买盘
13:44:41	17.28	0.02	223	385344	买盘
13:44:37	17.26	--	13	22438	卖盘
13:44:32	17.26	-0.01	3	5178	卖盘
13:44:26	17.27	--	21	36267	买盘
13:44:22	17.27	--	68	117436	卖盘
13:44:17	17.27	--	20	34540	卖盘
13:44:11	17.27	-0.01	9	15543	买盘
13:44:07	17.28	--	1	1728	买盘
13:44:02	17.28	0.01	20	34560	买盘
13:43:56	17.27	-0.01	84	145068	卖盘
13:43:52	17.28	0.01	83	143424	买盘
13:43:41	17.27	0.01	15	25905	买盘
13:43:32	17.26	--	32	55232	卖盘
13:43:26	17.26	--	74	127724	买盘
13:43:22	17.26	0.01	22	37972	买盘
13:43:17	17.25	0.01	285	491625	买盘
13:43:11	17.24	0.03	43	74132	买盘
13:43:07	17.21	-0.02	41	70561	卖盘
13:43:02	17.23	0.03	30	51690	买盘
13:42:56	17.2	-0.03	6	10320	卖盘
13:42:52	17.23	0.03	115	198145	买盘
13:42:41	17.2	--	25	43258	买盘
13:42:37	17.2	--	57	98040	买盘
13:42:32	17.2	0.02	1502	2583440	买盘
13:42:26	17.18	--	11	18898	卖盘
13:42:17	17.18	--	23	40201	买盘
13:42:11	17.18	--	29	49822	买盘
13:42:07	17.18	--	2	3436	买盘
13:42:02	17.18	--	65	111670	买盘
13:41:56	17.18	0.01	30	51540	买盘
13:41:41	17.17	0.01	58	99586	买盘
13:41:37	17.16	--	5	8580	卖盘
13:41:32	17.16	--	228	391248	卖盘
13:41:26	17.16	--	75	128700	卖盘
13:41:22	17.16	--	15	25740	买盘
13:41:02	17.16	0.01	125	214500	买盘
13:40:56	17.15	--	5	8575	卖盘
13:40:46	17.15	--	2	3429	卖盘
13:40:41	17.15	--	40	68600	卖盘
13:40:26	17.15	--	1	1714	卖盘
13:40:22	17.15	--	6	10290	卖盘
13:40:11	17.15	--	13	22294	卖盘
13:39:56	17.15	0.01	133	228094	买盘
13:39:51	17.14	-0.01	6	10284	卖盘
13:39:22	17.15	-0.01	108	185219	卖盘
13:39:16	17.16	0.01	4	6864	买盘
13:39:11	17.15	--	20	34300	卖盘
13:39:07	17.15	--	5	8575	卖盘
13:38:56	17.15	--	3	5145	卖盘
13:38:26	17.15	--	10	17150	卖盘
13:38:20	17.15	--	13	22294	卖盘
13:38:16	17.15	--	1	1714	卖盘
13:38:11	17.15	--	67	114904	卖盘
13:38:05	17.15	--	8	13719	卖盘
13:37:50	17.15	--	78	133770	卖盘
13:37:35	17.15	--	87	149205	卖盘
13:37:26	17.15	-0.01	41	70315	卖盘
13:37:11	17.16	0.01	27	46332	买盘
13:37:05	17.15	--	5	8575	卖盘
13:36:56	17.15	--	7	12004	卖盘
13:36:41	17.15	-0.01	3	5145	卖盘
13:36:35	17.16	--	1	1716	买盘
13:36:31	17.16	0.01	10	17160	买盘
13:36:26	17.15	--	30	51449	卖盘
13:36:20	17.15	--	5	8575	卖盘
13:36:11	17.15	--	38	65169	卖盘
13:35:56	17.15	-0.01	9	15434	卖盘
13:35:50	17.16	0.01	65	111540	买盘
13:35:46	17.15	--	5	8575	卖盘
13:35:41	17.15	--	6	10290	卖盘
13:35:35	17.15	--	5	8575	卖盘
13:35:31	17.15	--	3	5145	卖盘
13:35:20	17.15	--	2	3429	卖盘
13:35:11	17.15	-0.01	76	130339	卖盘
13:35:05	17.16	0.01	20	34320	买盘
13:35:01	17.15	--	4	6859	卖盘
13:34:50	17.15	--	11	18865	卖盘
13:34:46	17.15	-0.01	1	1714	卖盘
13:34:41	17.16	0.01	1	1716	买盘
13:34:35	17.15	--	2	3429	卖盘
13:34:31	17.15	-0.01	13	22294	卖盘
13:34:26	17.16	0.01	5	8580	买盘
13:34:20	17.15	--	14	24009	卖盘
13:34:11	17.15	--	59	101184	卖盘
13:34:05	17.15	--	68	116619	卖盘
13:34:01	17.15	0.02	266	456189	买盘
13:33:50	17.13	--	2	3426	卖盘
13:33:45	17.13	--	3	5139	卖盘
13:33:40	17.13	--	4	6852	卖盘
13:33:31	17.13	--	5	8565	卖盘
13:33:25	17.13	--	3	5139	卖盘
13:33:20	17.13	-0.01	25	42825	卖盘
13:33:16	17.14	0.01	15	25710	买盘
13:33:01	17.13	-0.02	14	23982	卖盘
13:32:55	17.15	--	0	0	买盘
13:32:50	17.15	--	5	8575	买盘
13:32:46	17.15	--	26	44589	买盘
13:32:35	17.15	--	10	17150	买盘
13:32:30	17.15	--	70	120049	卖盘
13:32:05	17.15	-0.01	30	51449	买盘
13:31:55	17.16	--	0	0	买盘
13:31:25	17.16	--	0	0	买盘
13:31:20	17.16	0.03	4	6864	买盘
13:31:14	17.13	-0.03	12	20556	卖盘
13:30:55	17.16	0.03	1	1716	买盘
13:30:50	17.13	-0.03	5	8565	卖盘
13:30:44	17.16	0.01	33	56628	买盘
13:30:35	17.15	--	197	337855	卖盘
13:30:25	17.15	-0.01	10	17150	卖盘
13:30:20	17.16	0.01	12	20592	买盘
13:30:14	17.15	--	1	1714	卖盘
13:30:05	17.15	--	1	1714	卖盘
13:29:59	17.15	--	13	22294	卖盘
13:29:55	17.15	--	100	171500	卖盘
13:29:50	17.15	--	1	1714	卖盘
13:29:44	17.15	--	24	41160	卖盘
13:29:35	17.15	--	81	138915	买盘
13:29:29	17.15	--	2	3429	买盘
13:29:25	17.15	--	120	205799	买盘
13:29:14	17.15	-0.01	27	46304	卖盘
13:29:05	17.16	0.01	65	111540	买盘
13:28:59	17.15	--	2	3429	卖盘
13:28:55	17.15	--	236	404739	卖盘
13:28:44	17.15	--	48	82320	卖盘
13:28:40	17.15	--	3	5145	卖盘
13:28:35	17.15	--	16	27439	卖盘
13:28:29	17.15	--	184	315560	买盘
13:28:20	17.15	--	49	84035	卖盘
13:28:14	17.15	--	45	77175	卖盘
13:28:10	17.15	--	5	8575	卖盘
13:28:05	17.15	--	57	97754	卖盘
13:27:59	17.15	--	19	32584	卖盘
13:27:50	17.15	--	1	1714	卖盘
13:27:43	17.15	0.02	390	668850	买盘
13:27:35	17.13	--	120	205560	卖盘
13:27:29	17.13	--	11	18843	卖盘
13:27:24	17.13	--	15	25695	卖盘
13:27:14	17.13	--	20	34260	卖盘
13:27:09	17.13	--	12	20556	卖盘
13:26:59	17.13	--	88	150744	买盘
13:26:55	17.13	--	15	25695	卖盘
13:26:44	17.13	--	27	46251	卖盘
13:26:29	17.13	--	3	5139	卖盘
13:26:24	17.13	-0.01	5	8565	卖盘
13:26:09	17.14	0.01	43	73702	买盘
13:25:59	17.13	--	74	126761	卖盘
13:25:49	17.13	--	9	15417	卖盘
13:25:39	17.13	--	55	94215	卖盘
13:25:29	17.13	-0.01	5	8565	卖盘
13:25:19	17.14	0.01	33	56562	买盘
13:25:14	17.13	--	15	25695	卖盘
13:25:08	17.13	--	30	51390	卖盘
13:25:04	17.13	--	12	20556	卖盘
13:24:53	17.13	--	134	229542	买盘
13:24:49	17.13	-0.01	167	286071	卖盘
13:24:38	17.14	--	58	99412	卖盘
13:24:34	17.14	--	5	8570	卖盘
13:24:29	17.14	--	60	102840	买盘
13:24:14	17.14	--	2	3428	买盘
13:23:53	17.14	0.01	23	39422	买盘
13:23:44	17.13	--	13	22269	卖盘
13:23:38	17.13	0.01	320	548160	买盘
13:23:14	17.12	0.01	6	10272	买盘
13:23:08	17.11	--	16	27376	卖盘
13:22:59	17.11	-0.01	39	66729	卖盘
13:22:38	17.12	0.01	65	111280	买盘
13:22:29	17.11	--	1	1711	卖盘
13:22:23	17.11	--	20	34220	卖盘
13:22:14	17.11	--	5	8555	卖盘
13:22:08	17.11	--	9	15399	卖盘
13:22:04	17.11	0.01	59	100949	买盘
13:21:59	17.1	--	2	3420	卖盘
13:21:53	17.1	--	1	1710	卖盘
13:21:34	17.1	-0.01	5	8550	卖盘
13:21:29	17.11	--	20	34220	买盘
13:21:19	17.11	0.01	10	17110	买盘
13:21:13	17.1	-0.01	11	18810	卖盘
13:21:08	17.11	0.01	1	1711	买盘
13:21:04	17.1	--	81	138510	卖盘
13:20:59	17.1	--	5	8550	卖盘
13:20:48	17.1	--	5	8550	卖盘
13:20:33	17.1	--	5	8550	卖盘
13:20:23	17.1	-0.01	15	25650	卖盘
13:20:18	17.11	0.01	172	295643	买盘
13:20:13	17.1	--	6	10260	卖盘
13:20:08	17.1	--	13	22230	卖盘
13:19:58	17.1	--	2	3420	卖盘
13:19:53	17.1	--	10	17100	卖盘
13:19:43	17.1	--	1	1710	卖盘
13:19:38	17.1	--	10	17100	卖盘
13:19:33	17.1	-0.01	25	42750	卖盘
13:19:23	17.11	0.01	3	5133	买盘
13:19:08	17.1	--	18	30780	卖盘
13:19:03	17.1	--	7	12978	买盘
13:18:58	17.1	--	79	135791	卖盘
13:18:53	17.1	--	30	51300	卖盘
13:18:43	17.1	--	2	3420	卖盘
13:18:38	17.1	--	1	1710	卖盘
13:18:32	17.1	-0.01	10	17100	卖盘
13:18:28	17.11	--	3	5133	买盘
13:18:17	17.11	--	32	54752	卖盘
13:17:53	17.11	-0.01	25	42775	卖盘
13:17:17	17.12	--	11	18832	卖盘
13:17:08	17.12	--	54	92448	卖盘
13:17:02	17.12	-0.01	3	5136	卖盘
13:16:58	17.13	0.01	7	11991	买盘
13:16:53	17.12	-0.01	15	25680	卖盘
13:16:47	17.13	0.01	3	5139	买盘
13:16:38	17.12	--	21	35952	卖盘
13:16:32	17.12	-0.01	12	20544	买盘
13:16:23	17.13	--	0	0	买盘
13:16:17	17.13	0.01	65	111345	买盘
13:16:02	17.12	--	5	8560	买盘
13:15:43	17.12	--	10	17120	买盘
13:15:38	17.12	0.01	1	1712	买盘
13:15:17	17.11	0.01	15	25665	买盘
13:15:02	17.1	-0.01	1	1710	卖盘
13:14:53	17.11	--	1	1711	买盘
13:14:43	17.11	-0.01	9	15399	卖盘
13:14:38	17.12	-0.01	10	17120	买盘
13:14:17	17.13	0.03	65	111345	买盘
13:14:12	17.1	--	0	0	卖盘
13:13:47	17.1	-0.02	1	1710	卖盘
13:13:42	17.12	0.02	32	54784	买盘
13:13:32	17.1	--	10	17100	卖盘
13:13:27	17.1	--	8	13680	卖盘
13:13:17	17.1	--	41	70110	卖盘
13:13:12	17.1	--	1	1710	卖盘
13:13:07	17.1	--	5	8550	卖盘
13:13:02	17.1	--	5	8550	卖盘
13:12:57	17.1	--	94	161748	买盘
13:12:52	17.1	--	9	15390	买盘
13:12:47	17.1	--	34	58140	买盘
13:12:42	17.1	0.01	1	1710	买盘
13:12:32	17.09	--	10	17090	买盘
13:12:27	17.09	--	11	18799	买盘
13:12:17	17.09	--	0	0	中性盘
13:12:11	17.09	0.01	33	56397	买盘
13:12:07	17.08	--	0	0	中性盘
13:12:02	17.08	--	0	0	买盘
13:11:56	17.08	0.01	8	13663	买盘
13:11:41	17.07	0.01	9	15363	买盘
13:11:37	17.06	--	5	8530	卖盘
13:11:32	17.06	--	7	11942	卖盘
13:11:11	17.06	--	4	6823	卖盘
13:11:02	17.06	--	0	0	卖盘
13:10:47	17.06	0.01	49	83594	买盘
13:10:41	17.05	0.02	2	3410	卖盘
13:10:32	17.03	--	0	0	卖盘
13:10:26	17.03	--	0	0	卖盘
13:10:17	17.03	--	4	6812	买盘
13:10:11	17.03	0.01	7	11921	买盘
13:10:07	17.02	--	0	0	中性盘
13:09:56	17.02	-0.01	30	51060	卖盘
13:09:52	17.03	-0.02	9	15327	卖盘
13:09:47	17.05	-0.01	2	3410	买盘
13:09:41	17.06	0.01	32	54591	买盘
13:09:32	17.05	--	6	10230	卖盘
13:09:26	17.05	--	100	170500	卖盘
13:09:22	17.05	0.01	7	11935	卖盘
13:09:11	17.04	-0.01	17	28968	卖盘
13:09:02	17.05	--	9	15345	买盘
13:08:52	17.05	-0.01	4	6820	卖盘
13:08:41	17.06	-0.01	10	17060	卖盘
13:08:11	17.07	--	7	11949	买盘
13:08:02	17.07	--	3	5121	卖盘
13:07:56	17.07	--	5	8535	卖盘
13:07:51	17.07	--	1	1707	卖盘
13:07:46	17.07	--	11	18777	卖盘
13:07:26	17.07	--	40	68280	卖盘
13:07:21	17.07	-0.01	7	11949	卖盘
13:07:11	17.08	--	0	0	中性盘
13:07:06	17.08	--	3	5123	卖盘
13:06:46	17.08	--	0	0	卖盘
13:06:25	17.08	-0.02	2	3415	卖盘
13:06:21	17.1	0.01	1	1710	买盘
13:06:11	17.09	-0.01	29	50261	卖盘
13:06:01	17.1	--	30	51300	买盘
13:05:51	17.1	--	79	135090	卖盘
13:05:46	17.1	--	0	0	卖盘
13:05:36	17.1	--	50	85500	卖盘
13:05:31	17.1	--	37	63270	卖盘
13:05:26	17.1	--	6	10260	卖盘
13:05:21	17.1	--	2	3420	卖盘
13:05:11	17.1	--	21	35910	卖盘
13:05:01	17.1	--	10	17100	卖盘
13:04:56	17.1	0.01	52	88920	买盘
13:04:50	17.09	--	1	1709	卖盘
13:04:41	17.09	-0.01	50	85450	卖盘
13:04:35	17.1	--	12	20520	卖盘
13:04:31	17.1	--	5	8550	卖盘
13:04:20	17.1	0.01	34	59148	买盘
13:04:11	17.09	-0.01	10	17090	卖盘
13:04:05	17.1	--	9	16091	卖盘
13:03:56	17.1	-0.02	90	153900	卖盘
13:03:50	17.12	--	0	0	买盘
13:03:41	17.12	--	211	361232	买盘
13:03:16	17.12	0.01	57	97584	买盘
13:03:11	17.11	0.01	2	3422	买盘
13:03:05	17.1	-0.01	50	85500	卖盘
13:02:41	17.11	-0.01	5	8555	卖盘
13:02:26	17.12	--	20	34240	卖盘
13:02:20	17.12	--	14	23968	卖盘
13:02:11	17.12	--	6	10272	卖盘
13:02:05	17.12	--	2	3424	卖盘
13:01:50	17.12	-0.01	12	20544	卖盘
13:01:41	17.13	0.03	6	10278	买盘
13:01:35	17.1	--	35	59850	卖盘
13:01:30	17.1	-0.01	135	230850	卖盘
13:01:26	17.11	--	2	3422	卖盘
13:00:20	17.11	-0.02	50	85550	卖盘
13:00:15	17.13	-0.02	20	34260	买盘
13:00:10	17.15	--	0	0	买盘
13:00:05	17.15	--	299	512784	买盘
11:30:00	17.15	--	0	0	买盘
11:29:59	17.15	--	0	0	买盘
11:29:55	17.15	-0.01	2	3429	中性盘
11:29:51	17.16	0.01	100	171600	买盘
11:29:46	17.15	0.02	35	60024	买盘
11:29:40	17.13	-0.02	1	1713	卖盘
11:29:31	17.15	--	10	17150	买盘
11:29:25	17.15	--	8	13719	买盘
11:29:16	17.15	--	4	6859	卖盘
11:29:10	17.15	-0.01	13	22294	买盘
11:29:06	17.16	--	0	0	买盘
11:29:01	17.16	0.01	44	75504	买盘
11:28:55	17.15	0.02	38	65169	中性盘
11:28:51	17.13	-0.02	120	205560	卖盘
11:28:46	17.15	--	22	37730	买盘
11:28:40	17.15	--	36	61739	买盘
11:28:31	17.15	--	76	130339	卖盘
11:28:25	17.15	-0.01	10	17150	卖盘
11:28:21	17.16	0.01	30	51480	买盘
11:28:16	17.15	--	35	60024	卖盘
11:28:10	17.15	0.02	101	173215	买盘
11:28:06	17.13	--	3	5139	卖盘
11:28:01	17.13	--	24	41112	卖盘
11:27:51	17.13	--	5	8565	卖盘
11:27:40	17.13	--	10	17130	卖盘
11:27:36	17.13	-0.03	7	11991	买盘
11:27:31	17.16	0.03	50	85800	买盘
11:27:25	17.13	-0.03	51	87363	卖盘
11:27:21	17.16	-0.01	4	6864	卖盘
11:27:16	17.17	--	12	20604	买盘
11:27:10	17.17	0.01	59	101303	买盘
11:27:06	17.16	0.03	5	8580	中性盘
11:27:01	17.13	-0.04	5	8565	买盘
11:26:55	17.17	0.01	5	8585	买盘
11:26:51	17.16	--	2	3432	卖盘
11:26:46	17.16	-0.02	5	8580	中性盘
11:26:40	17.18	0.02	28	48104	买盘
11:26:36	17.16	--	0	0	买盘
11:26:31	17.16	0.03	21	36036	买盘
11:26:25	17.13	-0.05	131	224403	卖盘
11:26:21	17.18	0.02	12	20616	买盘
11:26:10	17.16	--	14	24024	卖盘
11:26:06	17.16	--	19	32604	卖盘
11:25:55	17.16	0.03	342	586872	买盘
11:25:51	17.13	-0.02	1	1713	卖盘
11:25:46	17.15	--	0	0	买盘
11:25:36	17.15	0.03	53	90894	买盘
11:25:25	17.12	0.02	41	70192	买盘
11:25:21	17.1	--	2	3420	卖盘
11:25:10	17.1	0.02	273	467838	买盘
11:25:06	17.08	-0.01	10	17080	卖盘
11:25:01	17.09	0.01	6	10254	买盘
11:24:49	17.08	--	4	6831	卖盘
11:24:46	17.08	--	5	8540	卖盘
11:24:40	17.08	--	38	64903	卖盘
11:24:34	17.08	--	10	17080	卖盘
11:24:31	17.08	--	10	17080	卖盘
11:24:25	17.08	--	10	17080	卖盘
11:24:19	17.08	--	47	80275	卖盘
11:24:16	17.08	0.01	36	61487	买盘
11:24:04	17.07	--	18	30726	卖盘
11:23:55	17.07	--	124	211668	买盘
11:23:49	17.07	0.01	30	51210	买盘
11:23:40	17.06	-0.01	32	54591	卖盘
11:23:34	17.07	--	11	18777	卖盘
11:23:25	17.07	--	6	10242	卖盘
11:23:19	17.07	0.01	84	143388	买盘
11:23:10	17.06	--	5	8530	卖盘
11:23:04	17.06	--	13	22178	卖盘
11:23:00	17.06	--	6	10236	卖盘
11:22:55	17.06	--	98	167188	买盘
11:22:49	17.06	--	30	51179	买盘
11:22:45	17.06	--	7	11942	买盘
11:22:40	17.06	--	74	126243	卖盘
11:22:30	17.06	--	90	153540	卖盘
11:22:19	17.06	--	276	470855	买盘
11:22:15	17.06	0.01	12	20472	买盘
11:22:10	17.05	--	20	34100	卖盘
11:22:04	17.05	--	10	17050	卖盘
11:22:00	17.05	--	105	179025	卖盘
11:21:55	17.05	--	33	56265	卖盘
11:21:49	17.05	--	1	1705	卖盘
11:21:40	17.05	-0.01	18	30690	卖盘
11:21:30	17.06	0.01	17	29001	买盘
11:21:19	17.05	-0.02	9	15345	卖盘
11:21:15	17.07	0.02	20	34140	买盘
11:21:10	17.05	-0.03	6	10230	卖盘
11:21:00	17.08	--	16	27327	买盘
11:20:55	17.08	--	5	8540	买盘
11:20:49	17.08	--	34	58071	买盘
11:20:45	17.08	--	5	8540	买盘
11:20:40	17.08	--	23	39283	买盘
11:20:34	17.08	-0.01	8	13663	卖盘
11:20:30	17.09	0.01	24	41016	中性盘
11:20:25	17.08	--	74	126391	卖盘
11:20:19	17.08	--	25	42699	卖盘
11:20:15	17.08	--	94	160551	卖盘
11:20:10	17.08	--	7	11955	买盘
11:20:04	17.08	--	6	10247	买盘
11:20:00	17.08	0.01	30	51239	买盘
11:19:55	17.07	-0.03	1	1707	买盘
11:19:49	17.1	0.03	352	601920	买盘
11:19:45	17.07	--	23	39261	卖盘
11:19:40	17.07	--	3	5121	卖盘
11:19:34	17.07	0.01	242	413094	买盘
11:19:30	17.06	-0.01	62	105771	卖盘
11:19:25	17.07	0.01	15	25605	买盘
11:19:19	17.06	--	264	450383	买盘
11:19:15	17.06	--	25	42650	买盘
11:19:10	17.06	--	35	59709	买盘
11:19:04	17.06	-0.01	157	267842	卖盘
11:19:00	17.07	0.01	15	25605	买盘
11:18:49	17.06	--	61	104065	买盘
11:18:45	17.06	--	24	40944	买盘
11:18:40	17.06	--	12	20472	买盘
11:18:34	17.06	0.01	115	196189	买盘
11:18:28	17.05	--	97	165385	卖盘
11:18:25	17.05	0.02	131	223355	买盘
11:18:19	17.03	--	47	80041	卖盘
11:18:13	17.03	-0.01	5	8515	卖盘
11:18:10	17.04	0.01	8	13632	买盘
11:18:04	17.03	--	5	8515	买盘
11:17:58	17.03	--	24	40872	卖盘
11:17:54	17.03	--	11	18733	卖盘
11:17:49	17.03	0.01	316	538148	买盘
11:17:39	17.02	--	14	23828	卖盘
11:17:34	17.02	0.01	125	212750	买盘
11:17:25	17.01	--	5	8505	卖盘
11:17:04	17.01	0.01	19	32319	中性盘
11:16:49	17.0	--	5	8500	卖盘
11:16:43	17.0	--	0	0	中性盘
11:16:19	17.0	0.01	10	17000	中性盘
11:16:13	16.99	-0.01	34	57765	卖盘
11:16:09	17.0	0.01	14	23800	买盘
11:16:04	16.99	-0.01	90	152910	卖盘
11:15:58	17.0	--	40	68000	买盘
11:15:43	17.0	-0.03	3	5100	卖盘
11:15:39	17.03	0.01	32	54496	买盘
11:15:34	17.02	0.03	10	17020	中性盘
11:15:28	16.99	-0.04	15	25484	卖盘
11:15:24	17.03	--	1	1703	买盘
11:15:19	17.03	--	5	8515	买盘
11:15:09	17.03	--	13	22139	买盘
11:15:04	17.03	--	10	17030	买盘
11:14:54	17.03	--	0	0	买盘
11:14:49	17.03	--	57	97071	卖盘
11:14:34	17.03	0.01	25	42575	买盘
11:14:28	17.02	-0.01	15	25530	买盘
11:14:24	17.03	--	0	0	买盘
11:14:13	17.03	--	6	10218	买盘
11:14:09	17.03	0.03	24	40872	买盘
11:14:04	17.0	--	4	6800	卖盘
11:13:58	17.0	0.02	28	48620	买盘
11:13:54	16.98	--	9	15282	买盘
11:13:49	16.98	--	6	10188	买盘
11:13:39	16.98	-0.01	935	1587630	卖盘
11:13:34	16.99	--	1	1698	买盘
11:13:28	16.99	--	2	3397	买盘
11:13:24	16.99	--	12	20387	买盘
11:13:13	16.99	0.01	8	13591	买盘
11:13:09	16.98	--	267	453366	买盘
11:13:04	16.98	0.01	5	8490	买盘
11:12:58	16.97	--	3	5091	卖盘
11:12:43	16.97	0.01	125	212125	买盘
11:12:22	16.96	0.01	29	49184	买盘
11:12:19	16.95	-0.01	90	152550	卖盘
11:11:52	16.96	0.01	19	32224	买盘
11:11:43	16.95	0.01	39	66105	买盘
11:11:34	16.94	-0.01	17	28798	卖盘
11:11:22	16.95	--	51	86445	卖盘
11:11:07	16.95	--	1	1695	卖盘
11:11:03	16.95	--	65	110175	买盘
11:10:52	16.95	0.01	4	6780	买盘
11:10:37	16.94	-0.01	10	16940	卖盘
11:10:28	16.95	0.01	4	6780	买盘
11:10:22	16.94	-0.01	37	62678	卖盘
11:10:13	16.95	0.01	26	44070	买盘
11:09:58	16.94	--	2	3388	卖盘
11:09:52	16.94	--	40	67760	买盘
11:09:43	16.94	0.01	20	33880	中性盘
11:09:33	16.93	-0.03	7	11851	卖盘
11:09:28	16.96	0.01	105	178080	买盘
11:09:22	16.95	0.01	57	96615	中性盘
11:09:18	16.94	0.01	18	30492	买盘
11:09:07	16.93	-0.02	97	164221	卖盘
11:09:03	16.95	--	4	6780	卖盘
11:08:58	16.95	--	14	23730	买盘
11:08:48	16.95	0.01	10	16950	买盘
11:08:43	16.94	--	30	50820	卖盘
11:08:37	16.94	--	3	5082	卖盘
11:08:22	16.94	0.01	50	84700	买盘
11:08:18	16.93	--	59	99887	卖盘
11:08:13	16.93	--	10	16930	卖盘
11:08:07	16.93	--	6	10158	买盘
11:07:52	16.93	-0.02	355	601015	卖盘
11:07:48	16.95	0.02	10	16950	买盘
11:07:43	16.93	--	0	0	卖盘
11:07:28	16.93	-0.02	14	23702	卖盘
11:07:22	16.95	0.02	500	847500	买盘
11:07:07	16.93	--	12	20316	卖盘
11:07:03	16.93	--	10	16930	卖盘
11:06:48	16.93	--	5	8465	卖盘
11:06:37	16.93	--	33	55869	卖盘
11:06:33	16.93	0.01	432	731376	买盘
11:06:28	16.92	--	25	42300	卖盘
11:06:18	16.92	--	13	21996	卖盘
11:06:07	16.92	--	44	74448	卖盘
11:06:01	16.92	--	1	1692	卖盘
11:05:58	16.92	--	1	1692	卖盘
11:05:52	16.92	0.01	105	177660	买盘
11:05:43	16.91	--	104	175864	卖盘
11:05:37	16.91	0.01	20	33820	卖盘
11:05:31	16.9	--	0	0	卖盘
11:05:22	16.9	-0.01	19	32109	卖盘
11:05:07	16.91	0.01	22	37202	买盘
11:05:01	16.9	--	17	28729	卖盘
11:04:58	16.9	--	6	10140	卖盘
11:04:46	16.9	--	5	8450	卖盘
11:04:22	16.9	-0.01	150	253499	卖盘
11:04:07	16.91	0.01	18	30438	买盘
11:04:01	16.9	-0.02	60	101399	卖盘
11:03:46	16.92	-0.01	2	3384	中性盘
11:03:42	16.93	0.02	5	8465	买盘
11:03:31	16.91	0.01	3	5073	买盘
11:03:27	16.9	-0.01	20	33800	卖盘
11:03:22	16.91	--	19	32129	买盘
11:03:12	16.91	-0.02	4	6764	卖盘
11:02:46	16.93	--	0	0	买盘
11:02:42	16.93	--	121	204853	买盘
11:02:31	16.93	--	9	15237	卖盘
11:02:27	16.93	--	55	93115	卖盘
11:02:22	16.93	--	10	16930	卖盘
11:02:16	16.93	--	10	16930	卖盘
11:02:07	16.93	--	216	365688	买盘
11:01:57	16.93	--	0	0	买盘
11:01:46	16.93	--	2	3386	卖盘
11:01:31	16.93	--	6	10158	卖盘
11:01:22	16.93	--	14	23702	卖盘
11:01:16	16.93	0.02	185	313205	买盘
11:01:01	16.91	--	26	43966	卖盘
11:00:46	16.91	0.01	27	45657	买盘
11:00:42	16.9	-0.01	10	16900	卖盘
11:00:31	16.91	0.01	100	169100	买盘
11:00:22	16.9	--	47	79430	卖盘
11:00:01	16.9	--	5	8450	卖盘
10:59:25	16.9	--	53	89569	卖盘
10:59:16	16.9	-0.01	5	8450	卖盘
10:59:10	16.91	0.01	12	20292	买盘
10:59:07	16.9	--	0	506	卖盘
10:58:55	16.9	--	2	3379	卖盘
10:58:52	16.9	0.02	69	117353	买盘
10:58:40	16.88	--	6	10128	卖盘
10:58:25	16.88	-0.02	23	38824	卖盘
10:58:16	16.9	0.02	27	45629	买盘
10:58:06	16.88	-0.02	6	10128	卖盘
10:57:46	16.9	-0.01	329	556010	卖盘
10:57:25	16.91	--	0	0	中性盘
10:57:16	16.91	--	0	0	卖盘
10:56:55	16.91	--	7	11837	卖盘
10:56:46	16.91	--	20	33820	卖盘
10:56:36	16.91	--	13	21983	卖盘
10:56:10	16.91	--	71	120061	买盘
10:55:46	16.91	0.01	510	862410	买盘
10:55:40	16.9	-0.01	9	15209	卖盘
10:55:36	16.91	0.01	6	10146	买盘
10:55:31	16.9	--	1	1689	卖盘
10:54:55	16.9	-0.01	2	3379	卖盘
10:54:51	16.91	--	36	60876	买盘
10:54:46	16.91	0.01	200	338200	买盘
10:54:36	16.9	-0.01	18	30419	卖盘
10:54:21	16.91	-0.01	36	60876	卖盘
10:54:16	16.92	0.01	14	23688	买盘
10:54:06	16.91	--	5	8455	卖盘
10:54:01	16.91	--	5	8455	卖盘
10:53:55	16.91	-0.01	7	11837	卖盘
10:53:51	16.92	0.01	51	86292	买盘
10:53:19	16.91	--	20	33820	买盘
10:53:04	16.91	0.01	12	20292	买盘
10:52:55	16.9	0.05	37	62529	买盘
10:52:34	16.85	--	0	0	卖盘
10:52:25	16.85	-0.03	41	69085	卖盘
10:52:19	16.88	--	10	16880	买盘
10:52:15	16.88	--	4	6752	卖盘
10:51:55	16.88	-0.02	47	79336	卖盘
10:51:49	16.9	-0.01	281	474889	卖盘
10:51:45	16.91	--	33	55803	卖盘
10:51:30	16.91	--	30	50730	卖盘
10:51:25	16.91	--	5	8455	卖盘
10:51:19	16.91	--	20	33820	卖盘
10:51:10	16.91	--	9	15219	卖盘
10:51:00	16.91	0.01	43	72713	卖盘
10:50:40	16.9	-0.01	18	30419	卖盘
10:50:34	16.91	--	24	40584	买盘
10:50:19	16.91	-0.01	200	338200	卖盘
10:50:04	16.92	--	2	3384	卖盘
10:50:00	16.92	--	10	16920	卖盘
10:49:40	16.92	--	17	28764	卖盘
10:49:34	16.92	--	50	84600	卖盘
10:49:10	16.92	-0.01	84	142128	卖盘
10:49:04	16.93	--	13	22009	卖盘
10:49:00	16.93	0.01	18	30474	买盘
10:48:55	16.92	--	2	3384	卖盘
10:48:30	16.92	--	24	40608	卖盘
10:48:25	16.92	--	37	62604	卖盘
10:48:15	16.92	--	13	21996	卖盘
10:48:10	16.92	-0.01	35	59220	卖盘
10:47:45	16.93	--	5	8465	卖盘
10:47:34	16.93	0.01	10	16930	卖盘
10:47:10	16.92	--	2	3384	买盘
10:46:49	16.92	-0.02	99	167508	卖盘
10:46:43	16.94	0.02	30	50820	买盘
10:46:40	16.92	--	20	33840	卖盘
10:46:34	16.92	--	0	0	卖盘
10:46:28	16.92	--	3	5076	卖盘
10:46:09	16.92	-0.01	16	27072	卖盘
10:46:04	16.93	0.01	15	25395	买盘
10:45:49	16.92	--	65	109980	买盘
10:45:34	16.92	-0.01	52	87984	卖盘
10:45:24	16.93	--	0	0	中性盘
10:45:19	16.93	-0.01	62	104966	卖盘
10:44:43	16.94	--	11	18634	卖盘
10:44:34	16.94	--	1	1694	卖盘
10:44:28	16.94	--	11	18634	卖盘
10:44:19	16.94	0.01	4	6776	买盘
10:44:13	16.93	--	6	10158	卖盘
10:44:04	16.93	-0.01	29	49097	卖盘
10:43:58	16.94	0.01	50	84700	买盘
10:43:54	16.93	--	3	5079	卖盘
10:43:43	16.93	--	19	32167	卖盘
10:43:34	16.93	--	3	5079	卖盘
10:43:28	16.93	-0.01	7	11851	卖盘
10:43:19	16.94	--	24	40656	买盘
10:43:09	16.94	--	2	3388	买盘
10:43:04	16.94	--	226	382844	卖盘
10:42:54	16.94	0.01	85	143990	买盘
10:42:49	16.93	--	12	20316	买盘
10:42:34	16.93	--	23	38939	卖盘
10:42:28	16.93	--	50	84650	卖盘
10:42:13	16.93	--	16	27088	卖盘
10:42:04	16.93	--	5	8465	卖盘
10:41:39	16.93	-0.01	13	22009	卖盘
10:41:24	16.94	--	8	13552	买盘
10:41:13	16.94	--	50	84700	买盘
10:40:58	16.94	0.01	3	5082	买盘
10:40:52	16.93	-0.01	2	3386	卖盘
10:40:43	16.94	0.01	1	1694	买盘
10:40:34	16.93	--	8	13544	卖盘
10:40:28	16.93	--	7	11851	卖盘
10:40:22	16.93	0.01	215	363995	买盘
10:40:07	16.92	0.01	12	20304	买盘
10:39:58	16.91	-0.01	20	33820	卖盘
10:39:43	16.92	--	20	33840	买盘
10:39:37	16.92	--	30	50760	买盘
10:39:07	16.92	0.01	2	3384	买盘
10:38:52	16.91	--	49	82859	买盘
10:38:48	16.91	0.01	124	209684	买盘
10:38:43	16.9	--	41	69290	卖盘
10:38:37	16.9	--	17	28729	卖盘
10:38:22	16.9	-0.01	47	79430	卖盘
10:37:52	16.91	0.01	20	33820	买盘
10:37:48	16.9	--	2	3379	卖盘
10:37:43	16.9	-0.01	8	13519	卖盘
10:37:37	16.91	0.01	22	37202	买盘
10:37:33	16.9	--	5	8450	卖盘
10:37:28	16.9	--	22	37180	卖盘
10:37:22	16.9	--	1	1689	卖盘
10:37:13	16.9	--	18	30419	卖盘
10:37:07	16.9	--	32	54079	卖盘
10:36:52	16.9	--	10	16900	卖盘
10:36:48	16.9	-0.01	10	16900	卖盘
10:36:43	16.91	0.01	10	16910	买盘
10:36:37	16.9	-0.01	1	1689	卖盘
10:36:33	16.91	0.01	14	23674	买盘
10:36:28	16.9	-0.01	185	312650	卖盘
10:36:22	16.91	--	114	192774	买盘
10:36:13	16.91	--	18	30438	买盘
10:36:07	16.91	--	24	40584	买盘
10:35:58	16.91	--	24	40584	买盘
10:35:48	16.91	-0.01	139	235049	卖盘
10:35:43	16.92	--	6	10152	买盘
10:35:37	16.92	--	169	285948	卖盘
10:35:33	16.92	--	38	64296	卖盘
10:35:22	16.92	--	106	179352	卖盘
10:35:18	16.92	--	11	18612	卖盘
10:35:13	16.92	--	1	1692	买盘
10:35:07	16.92	--	52	87984	买盘
10:35:03	16.92	--	66	111672	卖盘
10:34:58	16.92	--	4	6768	卖盘
10:34:52	16.92	--	32	54144	卖盘
10:34:48	16.92	0.02	425	719100	买盘
10:34:43	16.9	--	26	43939	卖盘
10:34:37	16.9	--	10	16900	卖盘
10:34:31	16.9	--	32	54079	卖盘
10:34:22	16.9	--	1	1689	卖盘
10:34:16	16.9	0.01	308	520519	买盘
10:34:07	16.89	--	2	3378	卖盘
10:34:01	16.89	--	10	16890	卖盘
10:33:57	16.89	--	4	6756	卖盘
10:33:46	16.89	--	13	21957	卖盘
10:33:37	16.89	0.01	153	258417	买盘
10:33:22	16.88	-0.01	32	54016	卖盘
10:33:16	16.89	-0.01	1	1689	卖盘
10:33:07	16.9	--	234	395459	卖盘
10:33:01	16.9	-0.02	60	101399	卖盘
10:32:46	16.92	--	50	84600	卖盘
10:32:37	16.92	-0.01	19	32148	卖盘
10:32:31	16.93	--	41	69413	卖盘
10:32:27	16.93	0.01	13	22009	买盘
10:32:22	16.92	--	2	3384	卖盘
10:32:16	16.92	--	9	15228	卖盘
10:32:12	16.92	--	3	5076	卖盘
10:32:07	16.92	--	55	93060	中性盘
10:32:01	16.92	0.02	60	101520	买盘
10:31:52	16.9	-0.02	20	33800	卖盘
10:31:46	16.92	--	11	18612	卖盘
10:31:42	16.92	0.02	8	13536	买盘
10:31:27	16.9	--	0	0	卖盘
10:31:22	16.9	-0.03	50	84500	卖盘
10:31:16	16.93	0.01	28	47404	买盘
10:31:01	16.92	-0.01	7	11844	卖盘
10:30:52	16.93	--	40	67720	买盘
10:30:22	16.93	0.02	3	5079	买盘
10:30:16	16.91	--	10	16910	卖盘
10:30:12	16.91	--	10	16910	卖盘
10:30:07	16.91	--	15	25365	买盘
10:30:01	16.91	--	42	71022	买盘
10:29:42	16.91	-0.02	274	463334	卖盘
10:29:37	16.93	0.01	10	16930	买盘
10:29:31	16.92	--	20	33840	卖盘
10:29:16	16.92	-0.02	54	91368	卖盘
10:29:12	16.94	0.01	11	18634	买盘
10:28:57	16.93	-0.01	38	64334	卖盘
10:28:52	16.94	-0.01	10	16940	中性盘
10:28:42	16.95	--	118	200010	买盘
10:28:37	16.95	0.02	12	20340	买盘
10:28:31	16.93	-0.02	111	187923	卖盘
10:28:27	16.95	--	10	16950	买盘
10:28:16	16.95	--	30	50850	卖盘
10:28:10	16.95	--	29	49155	卖盘
10:28:07	16.95	--	20	33900	卖盘
10:28:01	16.95	--	60	101700	卖盘
10:27:55	16.95	--	26	44070	卖盘
10:27:52	16.95	--	5	8475	卖盘
10:27:46	16.95	--	5	8475	卖盘
10:27:40	16.95	--	1	1695	卖盘
10:27:36	16.95	--	104	176280	卖盘
10:27:31	16.95	--	255	432225	买盘
10:27:25	16.95	--	10	16950	买盘
10:27:16	16.95	--	10	16950	买盘
10:27:10	16.95	--	30	50850	买盘
10:27:01	16.95	--	8	13560	买盘
10:26:40	16.95	--	11	18645	买盘
10:26:16	16.95	--	0	0	买盘
10:26:06	16.95	--	1	1695	买盘
10:26:01	16.95	--	3	5085	买盘
10:25:55	16.95	--	21	35595	买盘
10:25:46	16.95	0.02	17	28815	买盘
10:25:40	16.93	-0.03	34	57562	卖盘
10:25:31	16.96	0.01	27	45792	买盘
10:25:25	16.95	-0.01	5	8475	买盘
10:25:21	16.96	--	0	0	买盘
10:25:16	16.96	0.01	138	234048	买盘
10:25:10	16.95	--	2	3390	卖盘
10:25:01	16.95	--	67	113565	卖盘
10:24:55	16.95	--	1	1695	卖盘
10:24:51	16.95	0.01	242	410190	买盘
10:24:46	16.94	0.01	7	11858	买盘
10:24:36	16.93	--	99	167607	卖盘
10:24:31	16.93	0.01	28	47404	买盘
10:24:21	16.92	0.02	400	676800	买盘
10:24:16	16.9	-0.02	263	444469	卖盘
10:24:10	16.92	--	1	1692	卖盘
10:24:06	16.92	--	10	16920	卖盘
10:24:01	16.92	--	1	1692	卖盘
10:23:55	16.92	-0.02	25	42300	卖盘
10:23:40	16.94	--	53	89782	买盘
10:23:36	16.94	0.02	20	33880	买盘
10:23:31	16.92	-0.03	31	52452	卖盘
10:23:21	16.95	0.02	25	42375	买盘
10:23:16	16.93	-0.02	7	11851	卖盘
10:23:01	16.95	--	10	16950	买盘
10:22:51	16.95	--	38	64410	卖盘
10:22:46	16.95	-0.01	8	13560	卖盘
10:22:40	16.96	0.01	79	133984	买盘
10:22:36	16.95	--	82	138990	卖盘
10:22:25	16.95	--	6	10170	卖盘
10:22:21	16.95	--	92	155940	卖盘
10:22:16	16.95	--	5	8475	卖盘
10:22:10	16.95	0.02	30	50850	买盘
10:22:04	16.93	--	104	176072	卖盘
10:21:55	16.93	-0.01	15	25395	卖盘
10:21:49	16.94	0.01	4	6776	买盘
10:21:45	16.93	--	6	10158	卖盘
10:21:34	16.93	0.01	27	45711	中性盘
10:21:30	16.92	--	5	8460	卖盘
10:21:25	16.92	-0.04	111	187812	卖盘
10:21:19	16.96	0.03	240	407040	买盘
10:21:15	16.93	--	16	27088	买盘
10:21:10	16.93	-0.01	226	382618	卖盘
10:21:04	16.94	-0.03	70	118580	卖盘
10:21:00	16.97	--	40	67880	买盘
10:20:55	16.97	0.02	53	89941	买盘
10:20:49	16.95	--	63	106785	买盘
10:20:40	16.95	--	257	435615	卖盘
10:20:34	16.95	--	123	208485	卖盘
10:20:25	16.95	--	53	89835	卖盘
10:20:19	16.95	-0.01	10	16950	卖盘
10:20:10	16.96	0.01	6	10176	买盘
10:20:00	16.95	0.01	217	367815	买盘
10:19:55	16.94	--	6	10164	卖盘
10:19:49	16.94	0.01	27	45738	买盘
10:19:45	16.93	--	7	11851	卖盘
10:19:40	16.93	--	4	6772	卖盘
10:19:34	16.93	-0.01	77	130361	卖盘
10:19:30	16.94	0.01	14	23716	买盘
10:19:25	16.93	--	1	1693	卖盘
10:19:19	16.93	--	55	93115	卖盘
10:19:15	16.93	--	1	1693	卖盘
10:19:10	16.93	0.01	214	362302	买盘
10:19:04	16.92	--	47	79524	卖盘
10:19:00	16.92	--	13	21996	卖盘
10:18:49	16.92	0.02	23	38916	买盘
10:18:45	16.9	--	6	10140	卖盘
10:18:40	16.9	-0.01	11	18590	卖盘
10:18:34	16.91	0.01	13	21983	买盘
10:18:25	16.9	--	10	16900	卖盘
10:18:19	16.9	--	185	312650	买盘
10:18:15	16.9	--	47	79430	买盘
10:18:10	16.9	0.01	20	33800	买盘
10:18:04	16.89	--	13	21957	卖盘
10:17:49	16.89	--	7	11823	卖盘
10:17:45	16.89	--	11	18579	卖盘
10:17:40	16.89	0.01	670	1131630	买盘
10:17:10	16.88	0.01	70	118160	买盘
10:17:04	16.87	-0.01	103	173761	买盘
10:17:00	16.88	0.01	23	38824	买盘
10:16:55	16.87	--	6	10122	卖盘
10:16:49	16.87	-0.01	10	16870	卖盘
10:16:40	16.88	--	0	0	买盘
10:16:34	16.88	0.01	68	114784	买盘
10:16:30	16.87	0.01	71	119777	买盘
10:16:25	16.86	--	16	26976	卖盘
10:16:19	16.86	-0.02	32	53952	卖盘
10:16:15	16.88	0.01	81	136728	买盘
10:16:10	16.87	--	16	26992	卖盘
10:16:04	16.87	--	12	20244	卖盘
10:16:00	16.87	--	3	5061	卖盘
10:15:55	16.87	--	15	25305	卖盘
10:15:49	16.87	--	41	69167	买盘
10:15:34	16.87	--	38	64106	买盘
10:15:28	16.87	0.01	8	13496	买盘
10:15:19	16.86	-0.01	47	79242	卖盘
10:15:13	16.87	--	6	10122	买盘
10:15:09	16.87	--	5	8435	买盘
10:14:58	16.87	--	37	62419	买盘
10:14:43	16.87	0.01	1	1687	买盘
10:14:34	16.86	--	15	25290	卖盘
10:14:28	16.86	0.02	323	544578	买盘
10:14:19	16.84	--	49	82516	卖盘
10:14:13	16.84	--	20	33680	卖盘
10:14:04	16.84	--	6	10104	卖盘
10:13:58	16.84	--	1	1684	卖盘
10:13:54	16.84	--	1	1684	卖盘
10:13:43	16.84	0.01	342	575928	买盘
10:13:39	16.83	-0.01	73	122858	卖盘
10:13:34	16.84	0.01	3	5052	买盘
10:13:28	16.83	--	101	169982	卖盘
10:13:19	16.83	--	15	25244	卖盘
10:13:13	16.83	-0.01	6	10097	卖盘
10:13:09	16.84	0.01	2	3368	买盘
10:12:43	16.83	-0.02	20	33660	卖盘
10:12:39	16.85	0.02	10	16850	买盘
10:12:13	16.83	-0.02	4	6731	卖盘
10:12:04	16.85	0.02	5	8425	买盘
10:11:58	16.83	-0.02	7	11780	卖盘
10:11:43	16.85	0.02	1	1685	买盘
10:11:39	16.83	-0.01	11	18512	卖盘
10:11:34	16.84	-0.01	20	33680	卖盘
10:11:28	16.85	0.02	15	25275	买盘
10:11:24	16.83	--	0	0	卖盘
10:11:19	16.83	-0.01	157	264231	卖盘
10:11:13	16.84	--	42	70728	买盘
10:11:04	16.84	--	15	25260	买盘
10:10:58	16.84	0.01	39	65676	买盘
10:10:54	16.83	--	5	8415	卖盘
10:10:49	16.83	--	5	8415	卖盘
10:10:43	16.83	--	21	35343	买盘
10:10:34	16.83	--	35	58904	买盘
10:10:24	16.83	--	95	159884	买盘
10:10:18	16.83	--	5	8415	买盘
10:10:13	16.83	--	3	5048	买盘
10:10:09	16.83	0.01	53	89198	买盘
10:09:58	16.82	--	46	77372	买盘
10:09:54	16.82	--	54	90828	买盘
10:09:43	16.82	0.01	3	5046	买盘
10:09:38	16.81	-0.01	5	8405	卖盘
10:09:28	16.82	--	50	84100	买盘
10:09:24	16.82	0.01	9	15138	买盘
10:09:13	16.81	--	27	45387	买盘
10:09:07	16.81	--	25	42025	买盘
10:08:58	16.81	0.01	23	38663	买盘
10:08:33	16.8	--	11	18480	买盘
10:08:22	16.8	-0.01	10	16800	中性盘
10:08:18	16.81	--	4	6723	买盘
10:08:13	16.81	0.01	19	31938	买盘
10:07:37	16.8	--	34	57120	卖盘
10:07:33	16.8	--	4	6720	卖盘
10:07:22	16.8	0.01	32	53760	买盘
10:07:07	16.79	--	5	8395	买盘
10:06:58	16.79	-0.01	25	41975	卖盘
10:06:52	16.8	0.01	52	87360	买盘
10:06:43	16.79	-0.01	13	21827	卖盘
10:06:33	16.8	0.01	24	40320	买盘
10:06:28	16.79	0.01	13	21827	买盘
10:06:13	16.78	--	118	199648	买盘
10:05:58	16.78	--	22	36916	卖盘
10:05:43	16.78	--	2	3356	买盘
10:05:22	16.78	--	1	1678	买盘
10:04:58	16.78	0.03	170	285260	买盘
10:04:52	16.75	--	0	0	卖盘
10:04:37	16.75	--	20	33500	买盘
10:04:33	16.75	0.01	10	16750	买盘
10:04:28	16.74	--	6	10043	卖盘
10:04:22	16.74	--	9	15065	卖盘
10:04:13	16.74	--	27	45197	买盘
10:04:03	16.74	0.01	53	88721	买盘
10:03:48	16.73	--	175	292775	卖盘
10:03:43	16.73	--	2	3346	卖盘
10:03:37	16.73	--	5	8365	卖盘
10:03:33	16.73	--	45	75285	买盘
10:03:22	16.73	--	12	20076	买盘
10:03:18	16.73	--	43	71939	卖盘
10:03:07	16.73	--	12	20076	买盘
10:03:03	16.73	--	5	8365	买盘
10:02:58	16.73	--	23	38479	买盘
10:02:52	16.73	--	75	125475	买盘
10:02:46	16.73	--	33	55209	买盘
10:02:31	16.73	-0.01	204	341292	卖盘
10:02:22	16.74	--	2	3347	买盘
10:02:12	16.74	--	1	1673	买盘
10:02:07	16.74	--	50	83699	买盘
10:01:52	16.74	-0.01	64	107135	卖盘
10:01:46	16.75	0.01	210	351750	买盘
10:01:37	16.74	--	8	13391	买盘
10:01:31	16.74	-0.01	2	3347	中性盘
10:01:22	16.75	0.01	20	33500	买盘
10:01:16	16.74	--	7	11717	卖盘
10:01:07	16.74	-0.01	79	132246	卖盘
10:01:01	16.75	--	6	10050	卖盘
10:00:52	16.75	--	0	0	卖盘
10:00:27	16.75	-0.01	35	58625	卖盘
10:00:22	16.76	0.01	5	8380	买盘
10:00:16	16.75	--	3	5025	卖盘
10:00:07	16.75	-0.01	17	28475	卖盘
09:59:46	16.76	-0.02	57	95532	卖盘
09:59:42	16.78	--	10	16780	买盘
09:59:16	16.78	-0.02	5	8390	卖盘
09:58:42	16.8	0.02	284	477120	买盘
09:58:16	16.78	--	15	25170	买盘
09:58:07	16.78	0.02	4	6712	买盘
09:57:52	16.76	-0.02	116	194416	卖盘
09:57:31	16.78	0.02	7	11746	买盘
09:57:27	16.76	--	3	5028	卖盘
09:57:16	16.76	-0.02	30	50280	卖盘
09:57:12	16.78	--	17	28526	买盘
09:57:06	16.78	--	0	0	买盘
09:56:57	16.78	0.03	6	10068	买盘
09:56:51	16.75	-0.01	53	88775	卖盘
09:56:27	16.76	0.01	54	90504	买盘
09:56:16	16.75	0.01	16	26800	买盘
09:56:10	16.74	--	32	53567	卖盘
09:56:01	16.74	--	173	289602	买盘
09:55:51	16.74	0.01	1	1673	买盘
09:55:46	16.73	--	5	8365	卖盘
09:55:40	16.73	0.01	80	133840	买盘
09:55:36	16.72	-0.01	7	11704	卖盘
09:55:25	16.73	--	2	3346	买盘
09:55:21	16.73	--	75	125475	卖盘
09:55:16	16.73	--	14	23422	卖盘
09:55:10	16.73	--	9	15057	卖盘
09:55:06	16.73	-0.01	1	1673	卖盘
09:55:01	16.74	0.01	14	23435	买盘
09:54:55	16.73	-0.01	6	10038	卖盘
09:54:51	16.74	--	8	13391	买盘
09:54:46	16.74	0.02	60	100439	买盘
09:54:40	16.72	--	0	0	卖盘
09:54:36	16.72	-0.02	136	227391	卖盘
09:54:25	16.74	0.01	3	5021	买盘
09:54:10	16.73	-0.01	13	21749	买盘
09:54:06	16.74	--	0	0	买盘
09:54:01	16.74	--	370	619380	买盘
09:53:55	16.74	--	8	13391	买盘
09:53:46	16.74	--	4	6695	买盘
09:53:40	16.74	--	10	16740	买盘
09:53:25	16.74	--	2	3347	买盘
09:53:21	16.74	--	32	53567	卖盘
09:53:16	16.74	--	20	33480	卖盘
09:53:10	16.74	--	9	15065	卖盘
09:53:01	16.74	-0.01	1	1673	卖盘
09:52:55	16.75	--	63	105525	买盘
09:52:46	16.75	-0.01	30	50250	卖盘
09:52:40	16.76	--	1	1676	买盘
09:52:31	16.76	--	23	38548	买盘
09:52:21	16.76	--	1	1676	买盘
09:52:16	16.76	-0.04	14	23464	卖盘
09:51:55	16.8	--	63	105840	买盘
09:51:46	16.8	--	0	0	买盘
09:51:31	16.8	0.02	20	33600	买盘
09:51:25	16.78	-0.02	4	6712	卖盘
09:51:21	16.8	0.06	10	16800	买盘
09:51:16	16.74	--	0	0	卖盘
09:51:10	16.74	-0.06	12	20087	卖盘
09:50:46	16.8	0.03	50	84000	买盘
09:50:30	16.77	0.03	1	1677	买盘
09:50:25	16.74	-0.03	3	5021	卖盘
09:50:10	16.77	-0.01	21	35217	卖盘
09:50:06	16.78	--	1	1678	买盘
09:49:55	16.78	--	1	1678	买盘
09:49:51	16.78	--	169	283582	卖盘
09:49:40	16.78	--	12	20136	卖盘
09:49:30	16.78	--	15	25170	买盘
09:49:19	16.78	-0.01	145	243310	卖盘
09:49:10	16.79	-0.01	1	1679	卖盘
09:49:04	16.8	0.01	19	31920	买盘
09:48:34	16.79	--	18	30222	卖盘
09:48:25	16.79	--	3	5037	卖盘
09:48:10	16.79	--	1	1679	卖盘
09:48:04	16.79	--	1	1679	中性盘
09:48:00	16.79	0.01	6	10074	买盘
09:47:45	16.78	--	2	3356	卖盘
09:47:34	16.78	--	30	50340	卖盘
09:47:25	16.78	--	4	6712	卖盘
09:47:15	16.78	--	0	0	卖盘
09:47:10	16.78	0.01	2	3356	卖盘
09:47:04	16.77	--	0	0	卖盘
09:47:00	16.77	-0.01	67	112359	卖盘
09:46:55	16.78	0.01	4	6712	买盘
09:46:34	16.77	--	10	16770	卖盘
09:46:30	16.77	--	50	83850	买盘
09:46:25	16.77	--	2	3354	买盘
09:46:19	16.77	0.01	800	1341600	买盘
09:46:15	16.76	--	2	3352	卖盘
09:46:10	16.76	0.03	15	25140	买盘
09:46:04	16.73	-0.04	47	78631	卖盘
09:45:55	16.77	--	0	0	买盘
09:45:40	16.77	--	25	41925	买盘
09:45:34	16.77	--	12	20124	买盘
09:45:30	16.77	--	1	1677	买盘
09:45:25	16.77	--	13	21801	买盘
09:45:19	16.77	0.01	19	31863	买盘
09:45:10	16.76	-0.01	1	1676	卖盘
09:45:04	16.77	0.07	20	33540	买盘
09:45:00	16.7	-0.07	634	1058780	卖盘
09:44:55	16.77	-0.02	124	207948	卖盘
09:44:49	16.79	--	25	41975	卖盘
09:44:45	16.79	0.02	64	107456	买盘
09:44:40	16.77	-0.01	14	23478	卖盘
09:44:30	16.78	-0.01	24	40272	卖盘
09:44:25	16.79	--	0	0	买盘
09:44:15	16.79	--	1	1679	买盘
09:44:10	16.79	--	42	70518	买盘
09:44:04	16.79	-0.01	64	107456	卖盘
09:44:00	16.8	0.01	17	28560	买盘
09:43:54	16.79	--	12	20148	卖盘
09:43:49	16.79	-0.01	45	75555	卖盘
09:43:45	16.8	--	6	10080	买盘
09:43:39	16.8	--	3	5040	买盘
09:43:34	16.8	--	15	25200	买盘
09:43:30	16.8	--	5	8400	买盘
09:43:19	16.8	-0.05	365	613200	卖盘
09:42:58	16.85	--	55	92675	买盘
09:42:34	16.85	--	9	15165	买盘
09:42:24	16.85	--	2	3370	买盘
09:42:19	16.85	--	10	16850	买盘
09:42:09	16.85	-0.01	8	13480	卖盘
09:42:04	16.86	--	3	5058	买盘
09:41:58	16.86	0.02	80	134880	买盘
09:41:54	16.84	--	7	11788	卖盘
09:41:49	16.84	-0.02	3	5052	卖盘
09:41:43	16.86	--	16	26976	买盘
09:41:39	16.86	--	0	0	买盘
09:41:34	16.86	--	39	65754	买盘
09:41:28	16.86	--	33	55638	买盘
09:41:24	16.86	--	8	13488	买盘
09:41:19	16.86	--	5	8430	买盘
09:41:09	16.86	-0.03	131	220866	卖盘
09:41:04	16.89	0.02	142	239838	买盘
09:40:58	16.87	-0.01	59	99533	卖盘
09:40:49	16.88	0.01	8	13504	买盘
09:40:34	16.87	--	3	5061	卖盘
09:40:28	16.87	--	111	187257	买盘
09:40:24	16.87	--	1	1687	买盘
09:40:13	16.87	0.01	15	25305	买盘
09:40:04	16.86	--	17	28662	卖盘
09:39:58	16.86	0.01	154	259644	买盘
09:39:54	16.85	--	2	3370	卖盘
09:39:49	16.85	--	8	13480	买盘
09:39:43	16.85	0.02	35	58975	买盘
09:39:34	16.83	--	5	8415	卖盘
09:39:24	16.83	--	3	5048	买盘
09:39:13	16.83	0.01	53	89198	买盘
09:39:09	16.82	--	1	1682	卖盘
09:38:58	16.82	0.01	33	55506	买盘
09:38:54	16.81	0.02	15	25214	买盘
09:38:49	16.79	-0.01	38	63802	卖盘
09:38:43	16.8	--	34	57120	买盘
09:38:34	16.8	0.02	52	87360	买盘
09:38:28	16.78	-0.01	57	95646	卖盘
09:38:19	16.79	-0.01	36	60444	中性盘
09:38:13	16.8	0.01	38	63840	买盘
09:38:09	16.79	--	39	65481	卖盘
09:38:04	16.79	-0.01	1	1679	卖盘
09:37:58	16.8	--	14	23520	卖盘
09:37:49	16.8	0.01	21	35280	买盘
09:37:43	16.79	--	11	18469	卖盘
09:37:34	16.79	--	5	8395	卖盘
09:37:28	16.79	--	5	8395	卖盘
09:37:19	16.79	--	1	1679	卖盘
09:36:43	16.79	--	3	5037	卖盘
09:36:39	16.79	--	7	11753	卖盘
09:36:22	16.79	-0.01	5	8395	卖盘
09:36:13	16.8	0.01	2	3360	买盘
09:36:07	16.79	--	8	13432	卖盘
09:36:03	16.79	--	1	1679	卖盘
09:35:58	16.79	0.01	8	13432	买盘
09:35:52	16.78	-0.01	19	31882	卖盘
09:35:48	16.79	0.01	12	20148	买盘
09:35:43	16.78	--	26	43628	卖盘
09:35:37	16.78	--	10	16780	卖盘
09:35:28	16.78	--	1	1678	卖盘
09:35:22	16.78	--	21	35238	卖盘
09:35:07	16.78	--	13	21814	卖盘
09:35:03	16.78	--	3	5034	卖盘
09:34:52	16.78	--	100	167800	买盘
09:34:43	16.78	--	20	33560	买盘
09:34:37	16.78	0.02	10	16780	买盘
09:34:28	16.76	-0.02	7	11732	卖盘
09:34:22	16.78	--	3	5034	买盘
09:34:18	16.78	0.07	5	8390	买盘
09:34:13	16.71	-0.04	23	39552	卖盘
09:34:03	16.75	0.04	57	95475	卖盘
09:33:52	16.71	0.01	36	60156	中性盘
09:33:48	16.7	--	91	151970	卖盘
09:33:43	16.7	--	0	0	卖盘
09:33:37	16.7	--	718	1199060	买盘
09:33:33	16.7	--	60	100200	买盘
09:33:28	16.7	--	261	435870	买盘
09:33:22	16.7	--	26	43420	买盘
09:33:18	16.7	--	9	16032	买盘
09:33:13	16.7	--	30	50100	买盘
09:33:07	16.7	--	102	170340	买盘
09:33:03	16.7	--	30	50100	买盘
09:32:58	16.7	--	10	16700	买盘
09:32:52	16.7	--	21	35070	买盘
09:32:43	16.7	--	10	16700	买盘
09:32:28	16.7	-0.13	354	591180	卖盘
09:32:18	16.83	-0.02	10	16830	卖盘
09:32:03	16.85	-0.02	18	30330	卖盘
09:31:58	16.87	--	241	406567	买盘
09:31:52	16.87	--	27	45549	买盘
09:31:48	16.87	--	15	25861	卖盘
09:31:43	16.87	-0.02	42	70854	卖盘
09:31:37	16.89	0.02	107	180723	买盘
09:31:33	16.87	--	151	254737	卖盘
09:31:28	16.87	0.02	42	71984	买盘
09:31:22	16.85	--	1	1685	卖盘
09:31:13	16.85	-0.02	213	359461	卖盘
09:31:07	16.87	--	61	104037	卖盘
09:30:58	16.87	0.04	7	11809	买盘
09:30:52	16.83	-0.02	95	159884	卖盘
09:30:48	16.85	--	10	16850	买盘
09:30:33	16.85	0.01	107	180295	买盘
09:30:27	16.84	--	3	5052	卖盘
09:30:12	16.84	--	8	13472	卖盘
09:30:07	16.84	0.06	156	262704	买盘
09:30:01	16.78	--	15	25170	卖盘
09:28:51	16.78	--	0	0	卖盘
09:25:06	16.78	16.78	16	26848	买盘
