成交时间	成交价	价格变动	成交量(手)	成交额(元)	性质
15:00:00	5.48	--	0	0	买盘
15:00:00	5.48	--	0	0	买盘
15:00:00	5.48	--	101	55348	买盘
14:59:58	5.48	--	140	76720	买盘
14:59:52	5.48	--	100	54800	买盘
14:59:48	5.48	--	160	87680	买盘
14:59:43	5.48	--	9	4932	买盘
14:59:37	5.48	0.01	13	7124	买盘
14:59:33	5.47	-0.01	207	113229	卖盘
14:59:28	5.48	--	90	49320	买盘
14:59:22	5.48	--	64	35072	买盘
14:59:18	5.48	--	257	140836	买盘
14:59:13	5.48	--	202	110696	买盘
14:59:07	5.48	--	10	5480	买盘
14:59:03	5.48	--	114	62472	买盘
14:58:58	5.48	--	774	424152	卖盘
14:58:52	5.48	--	702	384696	卖盘
14:58:48	5.48	--	45	24660	卖盘
14:58:43	5.48	--	120	65760	卖盘
14:58:37	5.48	0.01	10	5480	中性盘
14:58:33	5.47	-0.01	2292	1253724	卖盘
14:58:28	5.48	--	367	201116	买盘
14:58:22	5.48	--	34	18632	买盘
14:58:18	5.48	-0.01	68	37264	中性盘
14:58:13	5.49	0.01	281	154269	买盘
14:58:07	5.48	--	249	136452	买盘
14:58:03	5.48	--	465	254820	买盘
14:57:58	5.48	--	20	10960	买盘
14:57:52	5.48	--	189	103572	买盘
14:57:48	5.48	0.01	555	304140	买盘
14:57:43	5.47	-0.01	102	55794	卖盘
14:57:37	5.48	--	52	28496	买盘
14:57:33	5.48	--	15	8220	买盘
14:57:28	5.48	0.01	59	32332	买盘
14:57:22	5.47	-0.01	20	10940	卖盘
14:57:18	5.48	--	60	32880	买盘
14:57:13	5.48	--	125	68500	买盘
14:57:07	5.48	--	128	70144	买盘
14:57:02	5.48	--	50	27400	买盘
14:56:58	5.48	--	1	548	买盘
14:56:52	5.48	--	240	131520	卖盘
14:56:48	5.48	--	19	10412	卖盘
14:56:43	5.48	--	665	364420	买盘
14:56:37	5.48	--	132	72336	买盘
14:56:33	5.48	--	62	33976	卖盘
14:56:28	5.48	--	187	102476	卖盘
14:56:22	5.48	-0.01	109	59732	中性盘
14:56:18	5.49	0.01	664	364536	买盘
14:56:13	5.48	--	9	4932	买盘
14:56:07	5.48	--	50	27400	买盘
14:56:03	5.48	--	20	10960	买盘
14:55:58	5.48	--	816	447168	卖盘
14:55:52	5.48	--	47	25756	买盘
14:55:48	5.48	--	505	276740	卖盘
14:55:43	5.48	--	150	82200	卖盘
14:55:37	5.48	-0.01	205	112340	卖盘
14:55:32	5.49	0.01	28	15372	买盘
14:55:28	5.48	--	217	118916	卖盘
14:55:22	5.48	-0.01	55	30140	卖盘
14:55:12	5.49	0.01	690	378810	买盘
14:55:07	5.48	--	321	175908	卖盘
14:55:03	5.48	--	20	10960	卖盘
14:54:57	5.48	-0.01	189	103572	卖盘
14:54:52	5.49	0.01	24	13176	买盘
14:54:48	5.48	-0.01	52	28496	卖盘
14:54:43	5.49	--	422	231678	买盘
14:54:37	5.49	0.01	72	39528	买盘
14:54:32	5.48	-0.01	10	5480	卖盘
14:54:27	5.49	--	18	9882	买盘
14:54:22	5.49	0.01	409	224541	买盘
14:54:17	5.48	--	57	31236	卖盘
14:54:12	5.48	--	438	240024	卖盘
14:54:07	5.48	--	50	27400	卖盘
14:54:02	5.48	--	30	16440	卖盘
14:53:57	5.48	--	293	160564	卖盘
14:53:52	5.48	--	141	77268	卖盘
14:53:47	5.48	--	86	47128	卖盘
14:53:42	5.48	-0.01	346	189608	卖盘
14:53:37	5.49	--	457	250893	买盘
14:53:31	5.49	0.01	74	40626	买盘
14:53:27	5.48	--	46	25208	卖盘
14:53:22	5.48	-0.01	1010	553480	卖盘
14:53:16	5.49	0.01	153	83997	买盘
14:53:12	5.48	-0.01	175	95900	卖盘
14:53:07	5.49	0.01	35	19215	买盘
14:52:52	5.48	--	104	56992	卖盘
14:52:46	5.48	--	25	13700	卖盘
14:52:42	5.48	--	60	32880	卖盘
14:52:37	5.48	--	10	5480	卖盘
14:52:31	5.48	--	5	2740	卖盘
14:52:27	5.48	--	125	68500	卖盘
14:52:22	5.48	--	107	58636	卖盘
14:52:16	5.48	--	1	548	卖盘
14:52:12	5.48	--	54	29592	卖盘
14:52:07	5.48	--	42	23016	卖盘
14:52:01	5.48	--	43	23564	卖盘
14:51:57	5.48	--	10	5480	卖盘
14:51:52	5.48	--	162	88776	卖盘
14:51:42	5.48	--	62	33976	卖盘
14:51:37	5.48	--	75	41100	卖盘
14:51:31	5.48	--	1	548	卖盘
14:51:27	5.48	--	85	46580	卖盘
14:51:22	5.48	--	57	31236	卖盘
14:51:16	5.48	--	15	8220	卖盘
14:51:12	5.48	--	36	19728	卖盘
14:51:07	5.48	--	583	319484	卖盘
14:51:01	5.48	--	210	115080	卖盘
14:50:57	5.48	--	199	109052	卖盘
14:50:52	5.48	--	180	98640	卖盘
14:50:46	5.48	-0.01	5471	2998108	卖盘
14:50:42	5.49	0.01	123	67527	买盘
14:50:37	5.48	--	2042	1119016	卖盘
14:50:31	5.48	--	188	103024	卖盘
14:50:27	5.48	--	80	43840	卖盘
14:50:16	5.48	--	53	29044	卖盘
14:50:07	5.48	-0.01	3430	1879640	中性盘
14:50:01	5.49	0.01	3100	1701900	买盘
14:49:56	5.48	--	20	10960	买盘
14:49:52	5.48	0.01	20	10960	买盘
14:49:46	5.47	--	296	161912	卖盘
14:49:42	5.47	-0.01	2120	1159640	卖盘
14:49:31	5.48	0.01	121	66308	买盘
14:49:22	5.47	--	5236	2864179	卖盘
14:49:16	5.47	--	100	54700	卖盘
14:49:11	5.47	--	30	16410	卖盘
14:49:07	5.47	0.01	205	112135	卖盘
14:49:01	5.46	-0.01	4014	2191644	卖盘
14:48:52	5.47	--	49	26803	买盘
14:48:46	5.47	--	110	60170	买盘
14:48:42	5.47	--	50	27350	买盘
14:48:37	5.47	0.01	276	150972	买盘
14:48:31	5.46	-0.01	78	42588	卖盘
14:48:26	5.47	--	3	1641	买盘
14:48:21	5.47	--	131	71657	买盘
14:48:16	5.47	--	650	355550	买盘
14:48:06	5.47	--	310	169570	买盘
14:48:01	5.47	0.01	129	70563	买盘
14:47:56	5.46	-0.01	331	180726	卖盘
14:47:51	5.47	--	431	235757	卖盘
14:47:46	5.47	--	20	10940	卖盘
14:47:41	5.47	--	300	164100	卖盘
14:47:36	5.47	--	28	15316	卖盘
14:47:31	5.47	--	9	4923	卖盘
14:47:21	5.47	--	28	15316	卖盘
14:47:16	5.47	--	7	3829	卖盘
14:47:06	5.47	--	3855	2108685	买盘
14:47:01	5.47	--	427	233569	买盘
14:46:56	5.47	0.01	30	16410	买盘
14:46:51	5.46	-0.01	29	15834	卖盘
14:46:46	5.47	0.01	542	296474	买盘
14:46:36	5.46	-0.01	41	22386	卖盘
14:46:31	5.47	--	214	117058	买盘
14:46:21	5.47	0.01	58	31726	买盘
14:46:16	5.46	--	8	4368	卖盘
14:46:10	5.46	-0.01	30	16380	卖盘
14:46:06	5.47	0.01	100	54700	买盘
14:45:55	5.46	-0.01	600	327600	卖盘
14:45:46	5.47	0.01	280	153160	买盘
14:45:36	5.46	--	450	245700	卖盘
14:45:25	5.46	-0.01	111	60606	卖盘
14:45:16	5.47	--	5	2735	买盘
14:45:10	5.47	0.01	83	45401	买盘
14:45:06	5.46	--	63	34398	卖盘
14:45:01	5.46	--	20	10920	卖盘
14:44:55	5.46	-0.01	72	39312	卖盘
14:44:51	5.47	0.01	57	31179	买盘
14:44:46	5.46	-0.01	7	3822	卖盘
14:44:40	5.47	--	58	31726	买盘
14:44:36	5.47	--	150	82050	买盘
14:44:31	5.47	--	220	120340	买盘
14:44:16	5.47	--	20	10940	买盘
14:44:01	5.47	--	1	547	买盘
14:43:55	5.47	0.01	31	16957	买盘
14:43:50	5.46	-0.01	27	14742	卖盘
14:43:46	5.47	--	178	97366	卖盘
14:43:40	5.47	--	533	291551	买盘
14:43:36	5.47	0.01	6	3282	买盘
14:43:31	5.46	-0.01	164	89544	卖盘
14:43:25	5.47	0.01	3	1641	买盘
14:43:20	5.46	-0.01	100	54600	卖盘
14:43:16	5.47	0.01	500	273500	买盘
14:43:10	5.46	-0.01	125	68250	卖盘
14:43:01	5.47	0.01	89	48683	买盘
14:42:55	5.46	--	956	521976	卖盘
14:42:50	5.46	-0.01	61	33306	卖盘
14:42:46	5.47	0.01	120	65640	买盘
14:42:40	5.46	--	11	6006	卖盘
14:42:31	5.46	-0.01	5	2730	卖盘
14:42:25	5.47	--	10	5470	买盘
14:42:16	5.47	--	52	28444	卖盘
14:42:05	5.47	--	60	32820	买盘
14:42:01	5.47	--	11	6017	买盘
14:41:55	5.47	--	172	94084	买盘
14:41:50	5.47	--	5	2735	买盘
14:41:46	5.47	-0.01	20	10940	中性盘
14:41:40	5.48	0.02	185	101380	买盘
14:41:31	5.46	-0.01	37	20202	卖盘
14:41:25	5.47	--	0	0	中性盘
14:41:16	5.47	--	400	218800	买盘
14:41:10	5.47	--	60	32820	卖盘
14:41:05	5.47	--	69	37743	卖盘
14:41:01	5.47	0.01	102	55794	买盘
14:40:55	5.46	--	2004	1094184	卖盘
14:40:50	5.46	-0.01	1	546	卖盘
14:40:45	5.47	0.01	151	82597	买盘
14:40:40	5.46	--	8	4368	卖盘
14:40:35	5.46	-0.01	2	1092	卖盘
14:40:30	5.47	0.01	10	5470	买盘
14:40:15	5.46	--	13	7098	卖盘
14:40:10	5.46	-0.01	20	10920	卖盘
14:40:05	5.47	--	453	247791	买盘
14:40:00	5.47	--	6	3282	买盘
14:39:55	5.47	--	37	20239	买盘
14:39:50	5.47	--	6	3282	买盘
14:39:45	5.47	0.01	91	49777	买盘
14:39:40	5.46	-0.01	15	8190	卖盘
14:39:25	5.47	0.01	110	60170	买盘
14:39:19	5.46	-0.01	636	347256	卖盘
14:39:15	5.47	--	16	8752	买盘
14:39:10	5.47	0.01	60	32820	买盘
14:39:00	5.46	--	1	546	卖盘
14:38:55	5.46	-0.01	7	3822	卖盘
14:38:49	5.47	0.01	54	29538	买盘
14:38:40	5.46	-0.01	10	5460	卖盘
14:38:30	5.47	0.01	30	16410	买盘
14:38:25	5.46	-0.01	20	10920	卖盘
14:38:19	5.47	0.01	58	31726	买盘
14:38:15	5.46	-0.01	3	1638	卖盘
14:38:10	5.47	0.01	20	10940	买盘
14:38:00	5.46	-0.01	17	9282	卖盘
14:37:55	5.47	0.01	15	8205	买盘
14:37:45	5.46	-0.01	10	5460	卖盘
14:37:30	5.47	--	36	19692	买盘
14:37:25	5.47	--	3	1641	买盘
14:37:15	5.47	--	55	30085	买盘
14:37:00	5.47	0.01	84	45948	买盘
14:36:49	5.46	--	300	163800	卖盘
14:36:45	5.46	-0.01	30	16380	卖盘
14:36:40	5.47	--	35	19145	买盘
14:36:34	5.47	--	98	53606	买盘
14:36:29	5.47	0.01	30	16410	买盘
14:36:25	5.46	--	100	54600	卖盘
14:36:19	5.46	--	1	546	卖盘
14:36:14	5.46	-0.01	121	66066	卖盘
14:36:04	5.47	--	50	27350	买盘
14:35:59	5.47	--	39	21333	买盘
14:35:55	5.47	--	199	108853	买盘
14:35:49	5.47	--	222	121434	买盘
14:35:44	5.47	--	112	61264	买盘
14:35:40	5.47	--	20	10940	买盘
14:35:34	5.47	--	454	248338	买盘
14:35:29	5.47	--	3	1641	买盘
14:35:25	5.47	-0.01	903	493941	卖盘
14:35:14	5.48	0.01	200	109600	买盘
14:34:59	5.47	-0.01	1	547	卖盘
14:34:55	5.48	0.01	27	14796	买盘
14:34:49	5.47	--	23	12581	卖盘
14:34:44	5.47	--	4	2188	卖盘
14:34:40	5.47	--	4	2188	卖盘
14:34:29	5.47	--	8	4376	卖盘
14:34:25	5.47	--	262	143314	卖盘
14:34:19	5.47	--	15	8205	卖盘
14:34:14	5.47	-0.01	30	16410	卖盘
14:34:10	5.48	0.01	105	57540	买盘
14:33:59	5.47	--	7	3829	卖盘
14:33:55	5.47	--	175	95725	卖盘
14:33:49	5.47	--	30	16410	卖盘
14:33:44	5.47	--	1	547	卖盘
14:33:39	5.47	--	41	22427	卖盘
14:33:34	5.47	--	112	61264	卖盘
14:33:29	5.47	--	54	29538	卖盘
14:33:24	5.47	--	15	8205	买盘
14:33:19	5.47	--	154	84238	卖盘
14:33:09	5.47	-0.01	179	97913	卖盘
14:33:04	5.48	0.01	527	288796	买盘
14:32:59	5.47	--	1	547	卖盘
14:32:54	5.47	--	23	12581	卖盘
14:32:49	5.47	--	41	22427	卖盘
14:32:44	5.47	--	25	13675	卖盘
14:32:39	5.47	--	90	49230	卖盘
14:32:34	5.47	-0.01	66	36102	卖盘
14:32:28	5.48	--	328	179744	买盘
14:32:24	5.48	0.01	5	2740	买盘
14:32:19	5.47	--	18	9846	卖盘
14:32:13	5.47	-0.01	558	305226	卖盘
14:32:09	5.48	0.01	53	29044	买盘
14:32:04	5.47	--	20	10940	卖盘
14:31:58	5.47	-0.01	1	547	卖盘
14:31:54	5.48	0.01	220	120560	买盘
14:31:49	5.47	--	12	6564	卖盘
14:31:43	5.47	-0.01	30	16410	卖盘
14:31:39	5.48	--	68	37264	买盘
14:31:34	5.48	--	67	36716	买盘
14:31:28	5.48	--	35	19180	买盘
14:31:24	5.48	0.01	20	10960	买盘
14:31:19	5.47	-0.01	11	6017	卖盘
14:31:09	5.48	0.01	65	35620	买盘
14:31:04	5.47	--	29	15863	卖盘
14:30:58	5.47	--	25	13675	卖盘
14:30:54	5.47	-0.01	683	373601	卖盘
14:30:49	5.48	0.01	17	9316	买盘
14:30:39	5.47	--	17	9299	卖盘
14:30:34	5.47	--	120	65640	卖盘
14:30:28	5.47	--	102	55794	卖盘
14:30:24	5.47	--	100	54700	卖盘
14:30:19	5.47	--	12	6564	卖盘
14:30:13	5.47	--	50	27350	卖盘
14:30:09	5.47	--	5	2735	卖盘
14:30:04	5.47	--	406	222082	卖盘
14:29:54	5.47	-0.01	10	5470	卖盘
14:29:49	5.48	0.01	38	20824	买盘
14:29:39	5.47	--	22	12034	卖盘
14:29:34	5.47	-0.01	33	18051	卖盘
14:29:28	5.48	--	20	10960	买盘
14:29:23	5.48	--	13	7124	买盘
14:29:13	5.48	0.01	28	15344	买盘
14:29:08	5.47	--	50	27350	买盘
14:29:04	5.47	--	232	126904	卖盘
14:28:58	5.47	--	4	2188	卖盘
14:28:53	5.47	--	30	16410	卖盘
14:28:49	5.47	--	343	187621	买盘
14:28:38	5.47	--	12	6564	买盘
14:28:34	5.47	-0.01	30	16410	卖盘
14:28:28	5.48	0.02	4	2192	买盘
14:28:23	5.46	-0.01	143	78078	卖盘
14:28:18	5.47	--	184	100648	卖盘
14:28:13	5.47	0.01	326	178322	买盘
14:28:08	5.46	--	7	3822	卖盘
14:28:04	5.46	-0.01	96	52416	卖盘
14:27:58	5.47	--	114	62358	买盘
14:27:53	5.47	--	20	10940	买盘
14:27:49	5.47	0.01	1215	664605	买盘
14:27:43	5.46	-0.01	43	23478	卖盘
14:27:38	5.47	--	60	32820	买盘
14:27:34	5.47	--	150	82050	买盘
14:27:28	5.47	--	857	468779	买盘
14:27:19	5.47	0.01	30	16410	买盘
14:27:13	5.46	--	38	20748	卖盘
14:27:08	5.46	--	13	7098	卖盘
14:27:03	5.46	--	253	138138	卖盘
14:26:58	5.46	--	500	273000	卖盘
14:26:53	5.46	-0.01	17	9282	卖盘
14:26:49	5.47	--	1303	712741	买盘
14:26:43	5.47	--	27	14769	买盘
14:26:38	5.47	0.01	30	16410	买盘
14:26:33	5.46	-0.01	32	17472	卖盘
14:26:28	5.47	0.01	21	11487	买盘
14:26:23	5.46	-0.01	484	264264	卖盘
14:26:18	5.47	--	65	35555	买盘
14:26:13	5.47	0.01	253	138391	买盘
14:26:08	5.46	--	37	20202	卖盘
14:26:03	5.46	--	6	3276	卖盘
14:25:58	5.46	-0.01	59	32214	卖盘
14:25:53	5.47	0.01	45	24615	买盘
14:25:48	5.46	--	12	6552	卖盘
14:25:43	5.46	--	32	17472	卖盘
14:25:38	5.46	--	63	34398	卖盘
14:25:33	5.46	--	334	182364	卖盘
14:25:28	5.46	-0.01	62	33852	卖盘
14:25:23	5.47	0.01	28	15316	买盘
14:25:18	5.46	--	228	124488	卖盘
14:25:13	5.46	--	50	27300	卖盘
14:25:03	5.46	--	10	5460	卖盘
14:24:58	5.46	--	50	27300	卖盘
14:24:52	5.46	--	32	17472	卖盘
14:24:48	5.46	--	33	18018	卖盘
14:24:43	5.46	-0.01	911	497406	卖盘
14:24:37	5.47	0.01	71	38837	买盘
14:24:33	5.46	-0.01	221	120666	卖盘
14:24:28	5.47	0.01	177	96819	买盘
14:24:22	5.46	--	183	99918	卖盘
14:24:18	5.46	--	38	20748	卖盘
14:24:13	5.46	--	340	185640	卖盘
14:24:07	5.46	-0.01	50	27300	卖盘
14:24:03	5.47	0.01	1353	740091	买盘
14:23:58	5.46	--	16	8736	卖盘
14:23:52	5.46	--	8	4368	卖盘
14:23:48	5.46	--	2242	1224132	卖盘
14:23:43	5.46	--	630	343980	卖盘
14:23:33	5.46	--	105	57330	卖盘
14:23:22	5.46	--	20	10920	卖盘
14:23:18	5.46	--	69	37674	卖盘
14:23:13	5.46	-0.01	15	8190	卖盘
14:23:03	5.47	0.01	235	128545	买盘
14:22:58	5.46	-0.01	368	200928	卖盘
14:22:48	5.47	--	384	210048	买盘
14:22:43	5.47	0.01	52	28444	买盘
14:22:33	5.46	-0.01	4	2184	卖盘
14:22:28	5.47	0.01	300	164100	买盘
14:22:22	5.46	--	37	20202	卖盘
14:22:18	5.46	--	60	32760	卖盘
14:22:13	5.46	-0.01	60	32760	卖盘
14:22:07	5.47	--	20	10940	买盘
14:22:03	5.47	--	79	43213	卖盘
14:21:58	5.47	--	1541	842927	卖盘
14:21:52	5.47	--	280	153160	卖盘
14:21:47	5.47	--	90	49230	卖盘
14:21:43	5.47	-0.01	21	11487	卖盘
14:21:37	5.48	0.01	14	7672	买盘
14:21:32	5.47	-0.01	115	62905	卖盘
14:21:28	5.48	0.01	644	352912	买盘
14:21:22	5.47	-0.01	32	17504	卖盘
14:21:17	5.48	0.01	221	121108	买盘
14:21:13	5.47	-0.01	188	102836	卖盘
14:21:07	5.48	0.01	165	90420	买盘
14:21:02	5.47	--	30	16410	卖盘
14:20:58	5.47	--	566	309602	卖盘
14:20:52	5.47	--	314	171758	卖盘
14:20:47	5.47	--	50	27350	卖盘
14:20:43	5.47	--	14	7658	卖盘
14:20:37	5.47	--	3391	1855238	买盘
14:20:32	5.47	0.01	23	12581	买盘
14:20:27	5.46	-0.01	94	51324	卖盘
14:20:22	5.47	0.01	65	35555	买盘
14:20:17	5.46	-0.01	12	6552	卖盘
14:20:13	5.47	--	60	32820	买盘
14:20:02	5.47	--	10	5470	买盘
14:19:57	5.47	0.01	402	219894	买盘
14:19:52	5.46	-0.01	66	36036	卖盘
14:19:42	5.47	0.01	214	117058	买盘
14:19:37	5.46	--	321	175266	卖盘
14:19:32	5.46	--	54	29484	卖盘
14:19:27	5.46	--	147	80262	卖盘
14:19:22	5.46	--	1116	609336	卖盘
14:19:17	5.46	--	281	153426	卖盘
14:19:12	5.46	--	2771	1512966	卖盘
14:19:07	5.46	--	180	98280	卖盘
14:19:02	5.46	--	50	27300	卖盘
14:18:57	5.46	--	185	101010	卖盘
14:18:52	5.46	--	58	31668	卖盘
14:18:42	5.46	--	4585	2503410	卖盘
14:18:37	5.46	--	25	13710	卖盘
14:18:32	5.46	--	50	27300	卖盘
14:18:22	5.46	--	594	324324	卖盘
14:18:16	5.46	--	27	14742	卖盘
14:18:12	5.46	--	7	3822	卖盘
14:18:07	5.46	--	119	64974	卖盘
14:18:01	5.46	--	45	24570	卖盘
14:17:57	5.46	--	245	133770	卖盘
14:17:52	5.46	--	34	18564	卖盘
14:17:46	5.46	--	71	38766	卖盘
14:17:42	5.46	--	3025	1651650	卖盘
14:17:37	5.46	--	208	113568	卖盘
14:17:31	5.46	--	152	82992	卖盘
14:17:27	5.46	--	751	410046	卖盘
14:17:22	5.46	--	109	59514	卖盘
14:17:16	5.46	--	10	5460	卖盘
14:17:12	5.46	--	6102	3331992	卖盘
14:17:01	5.46	--	25	13650	卖盘
14:16:57	5.46	--	20	10920	卖盘
14:16:52	5.46	--	284	155064	卖盘
14:16:46	5.46	--	14	7644	卖盘
14:16:42	5.46	--	3	1638	卖盘
14:16:37	5.46	--	81	44226	卖盘
14:16:31	5.46	--	100	54600	卖盘
14:16:27	5.46	--	128	69888	卖盘
14:16:22	5.46	-0.01	207	113022	卖盘
14:16:16	5.47	0.01	10	5470	买盘
14:16:12	5.46	--	11	6006	卖盘
14:16:01	5.46	--	50	27300	卖盘
14:15:57	5.46	--	143	78078	卖盘
14:15:52	5.46	--	100	54600	卖盘
14:15:46	5.46	--	10	5460	卖盘
14:15:41	5.46	--	77	42042	卖盘
14:15:37	5.46	-0.01	14	7644	卖盘
14:15:31	5.47	0.01	91	49777	买盘
14:15:16	5.46	--	15	8190	卖盘
14:15:11	5.46	--	2	1092	卖盘
14:15:07	5.46	--	27	14742	卖盘
14:15:01	5.46	--	93	50778	卖盘
14:14:52	5.46	--	50	27300	卖盘
14:14:46	5.46	-0.01	165	90090	卖盘
14:14:37	5.47	0.01	320	175040	买盘
14:14:31	5.46	-0.01	110	60060	卖盘
14:14:26	5.47	--	10	5470	买盘
14:14:22	5.47	--	12	6564	买盘
14:14:16	5.47	--	723	395481	买盘
14:14:11	5.47	--	60	32820	买盘
14:14:06	5.47	--	78	42666	买盘
14:14:01	5.47	0.01	1	547	买盘
14:13:56	5.46	--	170	92820	卖盘
14:13:52	5.46	--	1	546	卖盘
14:13:46	5.46	-0.01	1	546	卖盘
14:13:41	5.47	0.01	1	547	买盘
14:13:36	5.46	--	55	30030	卖盘
14:13:31	5.46	-0.01	54	29484	卖盘
14:13:26	5.47	--	10	5470	买盘
14:13:16	5.47	--	589	322183	买盘
14:13:06	5.47	0.01	33	18051	买盘
14:13:01	5.46	-0.01	122	66612	卖盘
14:12:56	5.47	--	10	5470	买盘
14:12:26	5.47	0.01	20	10940	买盘
14:12:21	5.46	--	5	2730	卖盘
14:12:16	5.46	-0.01	2	1092	卖盘
14:12:11	5.47	--	8	4376	买盘
14:12:06	5.47	0.01	45	24615	买盘
14:12:01	5.46	--	100	54600	卖盘
14:11:56	5.46	-0.01	520	283920	卖盘
14:11:51	5.47	0.01	70	38290	买盘
14:11:36	5.46	--	36	19656	卖盘
14:11:31	5.46	--	27	14742	卖盘
14:11:26	5.46	-0.01	105	57330	卖盘
14:11:16	5.47	--	79	43213	买盘
14:11:11	5.47	--	152	83144	买盘
14:11:01	5.47	--	15	8205	买盘
14:10:55	5.47	--	5	2735	买盘
14:10:46	5.47	0.01	4	2188	买盘
14:10:36	5.46	-0.01	33	18018	卖盘
14:10:31	5.47	0.01	57	31179	买盘
14:10:25	5.46	-0.01	13	7098	卖盘
14:10:21	5.47	--	38	20786	买盘
14:10:10	5.47	--	231	126357	买盘
14:10:06	5.47	0.01	5	2735	买盘
14:09:55	5.46	--	60	32760	卖盘
14:09:51	5.46	-0.01	376	205296	卖盘
14:09:46	5.47	--	15	8205	买盘
14:09:40	5.47	--	2	1094	买盘
14:09:36	5.47	0.01	107	58529	买盘
14:09:31	5.46	--	100	54600	卖盘
14:09:25	5.46	-0.01	60	32760	卖盘
14:09:21	5.47	0.01	26	14222	买盘
14:09:16	5.46	-0.01	124	67704	卖盘
14:09:01	5.47	--	88	48136	买盘
14:08:46	5.47	--	50	27350	买盘
14:08:40	5.47	--	115	62905	买盘
14:08:35	5.47	0.01	80	43760	买盘
14:08:31	5.46	-0.01	37	20202	卖盘
14:08:20	5.47	--	345	188715	买盘
14:08:16	5.47	0.01	2220	1214340	买盘
14:08:05	5.46	--	11	6006	卖盘
14:08:01	5.46	--	94	51324	卖盘
14:07:55	5.46	--	993	542178	卖盘
14:07:40	5.46	--	3	1638	卖盘
14:07:31	5.46	-0.01	401	218946	卖盘
14:07:25	5.47	--	1010	552470	买盘
14:07:20	5.47	0.01	200	109400	买盘
14:07:10	5.46	--	5	2730	卖盘
14:06:55	5.46	-0.01	251	137046	卖盘
14:06:45	5.47	--	8	4376	买盘
14:06:40	5.47	--	281	153707	买盘
14:06:35	5.47	--	2	1094	买盘
14:06:25	5.47	--	30	16410	买盘
14:06:20	5.47	--	45	24615	买盘
14:06:16	5.47	--	8	4376	买盘
14:06:05	5.47	--	3398	1858706	买盘
14:05:55	5.47	--	2	1094	买盘
14:05:50	5.47	--	2021	1105487	卖盘
14:05:45	5.47	--	20	10940	卖盘
14:05:40	5.47	--	664	363208	卖盘
14:05:30	5.47	--	1203	658041	卖盘
14:05:20	5.47	-0.01	32	17504	卖盘
14:05:15	5.48	0.01	100	54800	买盘
14:04:55	5.47	--	105	57435	卖盘
14:04:45	5.47	-0.01	39	21333	卖盘
14:04:40	5.48	0.01	9	4932	买盘
14:04:30	5.47	-0.01	5	2735	卖盘
14:04:20	5.48	--	10	5480	买盘
14:04:10	5.48	--	13	7124	买盘
14:04:00	5.48	--	5	2740	买盘
14:03:55	5.48	0.01	11	6028	买盘
14:03:49	5.47	--	6	3282	卖盘
14:03:45	5.47	-0.01	100	54700	卖盘
14:03:40	5.48	--	215	117820	买盘
14:03:30	5.48	--	21	11508	买盘
14:03:19	5.48	0.01	17	9316	买盘
14:03:15	5.47	--	8	4376	卖盘
14:03:10	5.47	--	11	6017	卖盘
14:03:04	5.47	-0.01	98	53606	卖盘
14:03:00	5.48	--	13	7124	买盘
14:02:55	5.48	--	5	2740	买盘
14:02:45	5.48	--	10	5480	买盘
14:02:40	5.48	--	145	79460	买盘
14:02:34	5.48	0.01	50	27400	买盘
14:02:30	5.47	-0.01	16	8752	卖盘
14:02:25	5.48	--	1651	904994	卖盘
14:02:10	5.48	--	205	112340	卖盘
14:01:49	5.48	--	78	42744	卖盘
14:01:45	5.48	--	91	50169	买盘
14:01:40	5.48	--	30	16440	买盘
14:01:34	5.48	--	34	18632	买盘
14:01:30	5.48	--	187	102722	卖盘
14:01:15	5.48	--	29	15892	卖盘
14:01:09	5.48	-0.01	39	21372	卖盘
14:00:55	5.49	0.01	99	54351	买盘
14:00:49	5.48	--	240	131520	卖盘
14:00:44	5.48	--	45	24660	卖盘
14:00:40	5.48	--	12	6576	卖盘
14:00:29	5.48	--	42	23016	卖盘
14:00:25	5.48	--	20	10960	卖盘
14:00:19	5.48	0.01	107	58937	买盘
14:00:14	5.47	-0.01	39	21333	卖盘
14:00:09	5.48	--	320	175360	买盘
14:00:04	5.48	0.01	10	5480	买盘
13:59:59	5.47	-0.01	1	547	卖盘
13:59:55	5.48	--	803	440044	买盘
13:59:49	5.48	--	10	5480	买盘
13:59:44	5.48	--	67	36716	买盘
13:59:40	5.48	--	413	226324	买盘
13:59:34	5.48	--	73	40004	买盘
13:59:24	5.48	--	1220	668560	买盘
13:59:19	5.48	--	19	10412	买盘
13:59:09	5.48	0.01	10	5480	买盘
13:59:04	5.47	-0.01	200	109400	卖盘
13:58:54	5.48	--	178	97544	买盘
13:58:39	5.48	0.01	500	274000	买盘
13:58:29	5.47	-0.01	10	5470	卖盘
13:58:14	5.48	0.01	291	159468	买盘
13:58:09	5.47	-0.01	21	11487	卖盘
13:58:04	5.48	0.01	258	141384	买盘
13:57:54	5.47	--	50	27350	卖盘
13:57:49	5.47	--	366	200202	卖盘
13:57:44	5.47	--	33	18051	卖盘
13:57:39	5.47	--	102	55794	卖盘
13:57:19	5.47	--	64	35008	卖盘
13:57:14	5.47	--	41	22427	卖盘
13:57:09	5.47	-0.01	1007	550829	卖盘
13:56:49	5.48	0.01	38	20824	买盘
13:56:39	5.47	-0.01	50	27350	卖盘
13:56:34	5.48	0.01	177	96996	买盘
13:56:28	5.47	--	52	28444	卖盘
13:56:24	5.47	--	20	10940	卖盘
13:56:13	5.47	--	100	54700	卖盘
13:56:09	5.47	--	23	12581	卖盘
13:56:04	5.47	-0.01	68	37196	卖盘
13:55:54	5.48	--	18	9864	买盘
13:55:49	5.48	0.01	330	180840	买盘
13:55:39	5.47	--	22	12034	卖盘
13:55:34	5.47	--	57	31179	卖盘
13:55:18	5.47	--	15	8205	卖盘
13:55:13	5.47	--	100	54700	卖盘
13:55:09	5.47	--	10	5470	卖盘
13:55:04	5.47	--	30	16410	卖盘
13:54:53	5.47	-0.01	20	10940	卖盘
13:54:48	5.48	0.01	50	27400	买盘
13:54:43	5.47	-0.01	50	27350	卖盘
13:54:39	5.48	0.01	30	16440	买盘
13:54:33	5.47	--	100	54700	卖盘
13:54:23	5.47	--	40	21880	卖盘
13:54:18	5.47	--	12	6564	卖盘
13:54:04	5.47	-0.01	70	38290	卖盘
13:53:48	5.48	--	24	13152	买盘
13:53:43	5.48	0.01	186	101928	买盘
13:53:38	5.47	-0.01	17	9299	卖盘
13:53:33	5.48	--	30	16440	买盘
13:53:28	5.48	--	226	123848	买盘
13:53:23	5.48	0.01	102	55896	买盘
13:53:18	5.47	-0.01	210	114870	卖盘
13:53:13	5.48	--	101	55348	买盘
13:52:58	5.48	0.01	11	6028	买盘
13:52:53	5.47	--	10	5470	卖盘
13:52:48	5.47	-0.02	44	24068	卖盘
13:52:43	5.49	--	0	0	买盘
13:52:33	5.49	--	1	549	买盘
13:52:28	5.49	0.02	210	115290	买盘
13:52:18	5.47	-0.01	50	27350	卖盘
13:52:13	5.48	--	50	27400	中性盘
13:52:08	5.48	--	198	108504	卖盘
13:52:03	5.48	--	10	5480	卖盘
13:51:58	5.48	0.01	46	25208	买盘
13:51:48	5.47	-0.01	240	131280	卖盘
13:51:43	5.48	--	349	191252	买盘
13:51:33	5.48	--	6	3288	买盘
13:51:13	5.48	0.01	19	10412	卖盘
13:51:08	5.47	--	0	0	卖盘
13:51:03	5.47	-0.01	1609	880123	卖盘
13:50:53	5.48	--	2991	1639068	买盘
13:50:43	5.48	0.01	5	2740	买盘
13:50:38	5.47	-0.01	55	30085	卖盘
13:50:28	5.48	--	87	47676	买盘
13:50:13	5.48	--	37	20276	买盘
13:50:08	5.48	--	1	548	买盘
13:49:58	5.48	0.01	325	178100	买盘
13:49:52	5.47	--	134	73298	卖盘
13:49:48	5.47	-0.01	50	27350	卖盘
13:49:33	5.48	0.01	25	13700	买盘
13:49:28	5.47	--	20	10940	卖盘
13:49:18	5.47	-0.01	80	43760	卖盘
13:49:13	5.48	--	111	60828	买盘
13:49:07	5.48	--	56	30688	买盘
13:49:03	5.48	--	15	8220	买盘
13:48:58	5.48	--	57	31236	买盘
13:48:52	5.48	--	70	38360	买盘
13:48:42	5.48	--	80	43840	买盘
13:48:33	5.48	--	506	277288	买盘
13:48:18	5.48	0.01	100	54800	买盘
13:48:12	5.47	-0.01	533	291551	卖盘
13:48:03	5.48	--	406	222488	买盘
13:47:57	5.48	--	417	228516	买盘
13:47:52	5.48	--	35	19180	买盘
13:47:42	5.48	--	42	23016	买盘
13:47:33	5.48	--	33	18084	买盘
13:47:27	5.48	--	20	10960	买盘
13:47:22	5.48	--	35	19180	买盘
13:47:18	5.48	0.01	20	10960	买盘
13:47:12	5.47	-0.01	270	147690	卖盘
13:47:07	5.48	0.01	500	274000	买盘
13:47:02	5.47	--	26	14222	卖盘
13:46:57	5.47	--	10	5470	卖盘
13:46:52	5.47	-0.01	552	301944	卖盘
13:46:42	5.48	0.01	52	28496	买盘
13:46:27	5.47	--	130	71110	卖盘
13:46:22	5.47	--	3297	1803459	买盘
13:46:17	5.47	0.01	25	13675	买盘
13:46:12	5.46	-0.01	30	16380	卖盘
13:46:07	5.47	--	110	60170	买盘
13:45:57	5.47	--	561	306867	买盘
13:45:47	5.47	--	20	10940	买盘
13:45:42	5.47	--	10	5470	买盘
13:45:37	5.47	0.01	120	65640	买盘
13:45:27	5.46	-0.01	62	33852	卖盘
13:45:22	5.47	0.01	115	62905	买盘
13:45:17	5.46	--	12	6552	卖盘
13:45:12	5.46	--	26	14196	卖盘
13:45:07	5.46	-0.01	153	83538	卖盘
13:44:57	5.47	0.01	18	9846	买盘
13:44:52	5.46	--	103	56238	卖盘
13:44:47	5.46	--	185	101010	卖盘
13:44:42	5.46	-0.01	10	5460	卖盘
13:44:37	5.47	--	184	100648	买盘
13:44:32	5.47	0.01	100	54700	买盘
13:44:27	5.46	--	973	531258	卖盘
13:44:22	5.46	--	256	139776	卖盘
13:44:12	5.46	-0.01	240	131040	卖盘
13:44:07	5.47	0.01	292	159724	买盘
13:44:02	5.46	--	993	542183	卖盘
13:43:57	5.46	--	77	42042	卖盘
13:43:52	5.46	--	1013	553098	卖盘
13:43:47	5.46	--	169	92274	卖盘
13:43:42	5.46	--	232	126672	卖盘
13:43:37	5.46	--	603	329238	卖盘
13:43:32	5.46	-0.01	30	16380	卖盘
13:43:27	5.47	0.01	469	256543	买盘
13:43:22	5.46	-0.01	63	34398	卖盘
13:43:17	5.47	0.01	44	24068	买盘
13:43:12	5.46	--	265	144690	卖盘
13:43:07	5.46	-0.01	35	19110	卖盘
13:43:02	5.47	--	20	10940	买盘
13:42:57	5.47	--	749	409703	卖盘
13:42:52	5.47	--	1391	760877	卖盘
13:42:46	5.47	--	224	122528	卖盘
13:42:42	5.47	--	1684	921148	卖盘
13:42:37	5.47	-0.01	1108	606076	卖盘
13:42:31	5.48	0.01	45	24660	买盘
13:42:27	5.47	--	1152	630144	卖盘
13:42:22	5.47	--	30	16410	卖盘
13:42:16	5.47	--	60	32820	卖盘
13:42:12	5.47	--	253	138391	卖盘
13:42:07	5.47	--	132	72204	卖盘
13:42:01	5.47	--	42	22974	卖盘
13:41:57	5.47	--	506	276782	卖盘
13:41:52	5.47	--	16	8752	卖盘
13:41:46	5.47	--	14	7658	卖盘
13:41:37	5.47	-0.01	37	20239	卖盘
13:41:31	5.48	0.01	16	8768	买盘
13:41:27	5.47	-0.01	11	6017	卖盘
13:41:22	5.48	0.01	20	10960	买盘
13:41:16	5.47	-0.01	5	2735	卖盘
13:41:06	5.48	--	89	48772	买盘
13:40:57	5.48	--	19	10412	买盘
13:40:51	5.48	0.01	45	24660	买盘
13:40:42	5.47	-0.01	4	2188	卖盘
13:40:36	5.48	--	3	1644	买盘
13:40:31	5.48	--	130	71240	买盘
13:40:26	5.48	0.01	21	11508	买盘
13:40:21	5.47	--	2	1094	卖盘
13:40:12	5.47	-0.01	10	5470	卖盘
13:40:06	5.48	0.01	128	70144	买盘
13:39:57	5.47	-0.01	270	147690	卖盘
13:39:51	5.48	--	5	2740	买盘
13:39:46	5.48	--	18	9864	买盘
13:39:41	5.48	--	15	8220	买盘
13:39:31	5.48	0.01	20	10960	买盘
13:39:21	5.47	-0.01	65	35555	卖盘
13:39:16	5.48	0.01	20	10960	买盘
13:39:01	5.47	-0.01	43	23521	卖盘
13:38:51	5.48	0.01	54	29592	买盘
13:38:46	5.47	--	9	4923	卖盘
13:38:41	5.47	-0.01	100	54700	卖盘
13:38:36	5.48	0.01	15	8220	买盘
13:38:31	5.47	--	42	22974	卖盘
13:38:26	5.47	--	50	27350	卖盘
13:38:21	5.47	-0.01	56	30632	卖盘
13:38:16	5.48	0.01	33	18084	买盘
13:38:11	5.47	--	183	100101	买盘
13:38:06	5.47	--	968	529496	卖盘
13:38:01	5.47	--	105	57435	买盘
13:37:56	5.47	--	50	27350	买盘
13:37:51	5.47	--	9	4923	买盘
13:37:41	5.47	-0.01	118	64546	卖盘
13:37:36	5.48	0.01	945	517860	买盘
13:37:31	5.47	--	97	53059	卖盘
13:37:26	5.47	--	107	58529	卖盘
13:37:21	5.47	--	4034	2206598	卖盘
13:37:16	5.47	-0.01	4	2188	卖盘
13:37:11	5.48	0.01	66	36168	买盘
13:37:06	5.47	--	52	28444	卖盘
13:37:01	5.47	--	125	68375	卖盘
13:36:51	5.47	-0.01	326	178322	卖盘
13:36:46	5.48	--	10	5480	买盘
13:36:41	5.48	0.01	160	87680	买盘
13:36:36	5.47	--	3	1641	卖盘
13:36:31	5.47	--	40	21880	卖盘
13:36:21	5.47	-0.01	32	17504	卖盘
13:36:16	5.48	0.01	59	32332	买盘
13:36:11	5.47	--	10	5470	卖盘
13:36:06	5.47	-0.01	245	134015	卖盘
13:36:01	5.48	0.01	20	10960	买盘
13:35:56	5.47	--	60	32820	卖盘
13:35:51	5.47	--	32	17504	卖盘
13:35:46	5.47	-0.01	126	68922	卖盘
13:35:36	5.48	0.01	40	21920	买盘
13:35:31	5.47	--	280	153160	卖盘
13:35:25	5.47	--	38	20786	卖盘
13:35:21	5.47	--	186	101742	卖盘
13:35:16	5.47	--	410	224270	卖盘
13:35:06	5.47	--	100	54700	卖盘
13:35:01	5.47	--	107	58529	卖盘
13:34:55	5.47	--	150	82050	卖盘
13:34:51	5.47	--	65	35555	卖盘
13:34:46	5.47	--	105	57435	卖盘
13:34:36	5.47	--	100	54700	卖盘
13:34:31	5.47	-0.01	151	82597	卖盘
13:34:21	5.48	--	223	122204	买盘
13:34:16	5.48	0.01	68	37264	买盘
13:34:10	5.47	--	4	2188	卖盘
13:34:06	5.47	-0.01	60	32820	卖盘
13:34:00	5.48	--	68	37264	买盘
13:33:55	5.48	0.01	10	5480	买盘
13:33:51	5.47	-0.01	59	32273	卖盘
13:33:45	5.48	--	102	55896	买盘
13:33:36	5.48	--	234	128774	卖盘
13:33:30	5.48	--	669	366612	卖盘
13:33:25	5.48	--	346	189608	卖盘
13:33:21	5.48	--	365	200020	卖盘
13:33:16	5.48	--	133	72884	卖盘
13:33:10	5.48	--	60	32880	卖盘
13:33:06	5.48	-0.01	170	93160	卖盘
13:33:00	5.49	--	54	29646	买盘
13:32:55	5.49	--	191	104859	买盘
13:32:50	5.49	0.01	230	126270	买盘
13:32:45	5.48	-0.01	849	465252	卖盘
13:32:40	5.49	0.01	2000	1098000	买盘
13:32:35	5.48	--	5	2740	卖盘
13:32:30	5.48	-0.01	35	19180	卖盘
13:32:25	5.49	0.01	52	28548	买盘
13:32:20	5.48	--	20	10960	卖盘
13:32:15	5.48	-0.01	212	116176	卖盘
13:32:10	5.49	0.01	220	120780	买盘
13:32:00	5.48	-0.01	585	320580	卖盘
13:31:55	5.49	--	31	17019	买盘
13:31:45	5.49	--	58	31842	买盘
13:31:40	5.49	--	130	71370	买盘
13:31:35	5.49	0.01	40	21960	买盘
13:31:30	5.48	-0.01	391	214268	卖盘
13:31:25	5.49	--	580	318420	买盘
13:31:20	5.49	0.01	397	217953	买盘
13:31:15	5.48	-0.01	117	64116	卖盘
13:31:05	5.49	0.01	281	154269	买盘
13:31:00	5.48	--	360	197280	卖盘
13:30:55	5.48	--	22	12056	卖盘
13:30:50	5.48	-0.01	200	109600	卖盘
13:30:45	5.49	0.01	59	32391	买盘
13:30:30	5.48	--	14	7672	卖盘
13:30:15	5.48	-0.01	47	25756	卖盘
13:30:10	5.49	--	265	145485	买盘
13:30:05	5.49	0.01	1	549	买盘
13:30:00	5.48	-0.01	20	10960	卖盘
13:29:50	5.49	0.01	10	5490	买盘
13:29:45	5.48	--	2	1096	卖盘
13:29:40	5.48	--	20	10960	卖盘
13:29:35	5.48	--	10	5480	卖盘
13:29:30	5.48	--	570	312360	卖盘
13:29:25	5.48	--	50	27400	卖盘
13:29:20	5.48	-0.01	5	2740	卖盘
13:29:15	5.49	--	83	45567	买盘
13:29:10	5.49	0.01	207	113643	买盘
13:29:05	5.48	--	10	5480	卖盘
13:29:00	5.48	--	121	66308	卖盘
13:28:55	5.48	--	439	240572	卖盘
13:28:49	5.48	-0.01	200	109600	卖盘
13:28:45	5.49	--	24	13176	买盘
13:28:40	5.49	--	8	4392	买盘
13:28:34	5.49	0.01	100	54900	买盘
13:28:30	5.48	--	247	135356	卖盘
13:28:19	5.48	-0.01	178	97544	卖盘
13:28:15	5.49	0.01	57	31293	买盘
13:28:10	5.48	-0.01	17	9316	卖盘
13:28:00	5.49	--	10	5490	买盘
13:27:55	5.49	0.01	111	60939	买盘
13:27:49	5.48	--	709	388532	卖盘
13:27:30	5.48	-0.01	58	31784	卖盘
13:27:24	5.49	--	10	5490	买盘
13:27:15	5.49	--	84	46116	买盘
13:26:45	5.49	--	64	35136	买盘
13:26:39	5.49	0.01	102	55998	买盘
13:26:29	5.48	--	103	56444	卖盘
13:26:24	5.48	--	200	109600	卖盘
13:26:19	5.48	-0.01	45	24660	卖盘
13:26:14	5.49	--	23	12627	买盘
13:26:09	5.49	--	10	5490	买盘
13:26:04	5.49	0.01	3	1647	买盘
13:25:59	5.48	--	221	121108	卖盘
13:25:49	5.48	-0.01	42	23016	卖盘
13:25:44	5.49	0.01	609	334341	买盘
13:25:29	5.48	-0.01	50	27400	卖盘
13:25:19	5.49	--	657	360693	买盘
13:25:14	5.49	--	47	25803	买盘
13:25:09	5.49	--	1	549	买盘
13:25:04	5.49	0.01	80	43920	买盘
13:24:59	5.48	--	9	4932	卖盘
13:24:54	5.48	-0.01	99	54252	卖盘
13:24:49	5.49	0.01	40	21960	买盘
13:24:44	5.48	-0.01	150	82200	卖盘
13:24:39	5.49	--	43	23607	买盘
13:24:34	5.49	--	218	119682	买盘
13:24:29	5.49	0.01	33	18117	买盘
13:24:24	5.48	-0.01	415	227420	卖盘
13:24:19	5.49	--	50	27450	买盘
13:24:14	5.49	0.01	88	48312	买盘
13:24:09	5.48	--	46	25208	卖盘
13:24:04	5.48	--	39	21372	卖盘
13:23:59	5.48	-0.01	31	16988	卖盘
13:23:49	5.49	0.01	40	21960	买盘
13:23:29	5.48	--	2	1096	卖盘
13:23:24	5.48	-0.01	106	58088	卖盘
13:23:19	5.49	0.01	150	82350	买盘
13:23:09	5.48	--	17	9316	卖盘
13:23:04	5.48	--	33	18084	卖盘
13:22:59	5.48	--	6	3288	卖盘
13:22:54	5.48	--	230	126040	卖盘
13:22:49	5.48	--	142	77816	卖盘
13:22:39	5.48	-0.01	31	16988	卖盘
13:22:34	5.49	0.01	250	137250	买盘
13:22:29	5.48	--	12	6576	卖盘
13:22:24	5.48	-0.01	65	35620	卖盘
13:22:19	5.49	--	38	20862	买盘
13:22:14	5.49	0.01	2	1098	买盘
13:22:09	5.48	-0.01	317	173716	卖盘
13:22:04	5.49	--	14	7686	买盘
13:21:54	5.49	--	36	19764	买盘
13:21:49	5.49	--	30	16470	买盘
13:21:39	5.49	--	120	65880	卖盘
13:21:34	5.49	0.01	55	30200	买盘
13:21:28	5.48	-0.01	58	31784	卖盘
13:21:24	5.49	--	368	202032	买盘
13:21:19	5.49	0.01	6	3294	买盘
13:21:09	5.48	-0.01	100	54800	卖盘
13:21:04	5.49	--	22	12078	卖盘
13:20:58	5.49	--	5	2745	卖盘
13:20:54	5.49	--	80	43920	买盘
13:20:49	5.49	--	622	341478	买盘
13:20:43	5.49	--	19	10431	买盘
13:20:39	5.49	--	310	170190	买盘
13:20:33	5.49	0.01	19	10431	买盘
13:20:28	5.48	-0.01	10	5480	卖盘
13:20:19	5.49	--	51	27999	买盘
13:20:13	5.49	0.01	123	67527	买盘
13:20:09	5.48	-0.01	17	9316	卖盘
13:20:04	5.49	--	30	16470	买盘
13:19:58	5.49	--	2	1098	买盘
13:19:54	5.49	-0.01	61	33489	中性盘
13:19:48	5.5	0.01	518	285169	买盘
13:19:43	5.49	--	100	54900	卖盘
13:19:38	5.49	-0.01	393	215757	卖盘
13:19:33	5.5	0.01	264	145200	买盘
13:19:23	5.49	--	541	297009	卖盘
13:19:18	5.49	-0.01	1500	823500	卖盘
13:19:08	5.5	0.01	113	62150	买盘
13:19:03	5.49	-0.01	73	40077	卖盘
13:18:58	5.5	--	3	1650	买盘
13:18:53	5.5	0.01	1038	570900	买盘
13:18:48	5.49	-0.01	131	71919	卖盘
13:18:43	5.5	0.01	60	33000	买盘
13:18:38	5.49	--	4	2196	卖盘
13:18:33	5.49	--	500	274500	卖盘
13:18:28	5.49	--	20	10980	卖盘
13:18:23	5.49	-0.01	165	90585	卖盘
13:18:18	5.5	0.01	363	199650	买盘
13:18:13	5.49	--	50	27450	卖盘
13:18:08	5.49	-0.01	17	9333	卖盘
13:18:03	5.5	--	336	184800	买盘
13:17:58	5.5	--	85	46750	买盘
13:17:53	5.5	0.01	57	31350	买盘
13:17:48	5.49	--	23	12627	卖盘
13:17:43	5.49	-0.01	10	5490	卖盘
13:17:38	5.5	0.01	42	23100	买盘
13:17:33	5.49	-0.01	130	71370	卖盘
13:17:28	5.5	0.01	476	261800	买盘
13:17:23	5.49	--	200	109800	卖盘
13:17:18	5.49	--	8	4392	卖盘
13:17:08	5.49	-0.01	17	9333	卖盘
13:17:03	5.5	--	50	27500	买盘
13:16:58	5.5	0.01	50	27500	买盘
13:16:53	5.49	-0.01	170	93330	卖盘
13:16:48	5.5	0.01	30	16500	买盘
13:16:43	5.49	-0.01	198	108702	卖盘
13:16:38	5.5	0.01	33	18150	买盘
13:16:33	5.49	-0.01	688	377712	卖盘
13:16:28	5.5	--	41	22550	买盘
13:16:23	5.5	--	17	9350	买盘
13:16:13	5.5	--	21	11550	买盘
13:16:08	5.5	0.01	65	35750	买盘
13:15:58	5.49	-0.01	58	31842	卖盘
13:15:53	5.5	--	46	25300	买盘
13:15:48	5.5	0.01	60	33000	买盘
13:15:43	5.49	-0.01	70	38430	卖盘
13:15:38	5.5	0.01	18	9900	买盘
13:15:33	5.49	--	810	444690	卖盘
13:15:28	5.49	-0.01	500	274500	卖盘
13:15:23	5.5	--	1129	620950	买盘
13:15:18	5.5	--	97	53350	买盘
13:15:13	5.5	0.01	47	25850	买盘
13:15:08	5.49	-0.01	59	32391	卖盘
13:15:03	5.5	--	40	22000	买盘
13:14:58	5.5	0.01	120	66000	买盘
13:14:53	5.49	-0.01	44	24156	卖盘
13:14:48	5.5	--	269	147950	买盘
13:14:43	5.5	--	8	4400	买盘
13:14:38	5.5	--	3	1650	买盘
13:14:33	5.5	--	60	33000	买盘
13:14:28	5.5	--	106	58300	买盘
13:14:22	5.5	--	119	65450	买盘
13:14:13	5.5	--	69	37950	买盘
13:14:07	5.5	--	40	22000	买盘
13:14:03	5.5	--	10	5500	买盘
13:13:58	5.5	0.01	150	82500	买盘
13:13:52	5.49	-0.01	4	2196	卖盘
13:13:48	5.5	0.01	92	50600	买盘
13:13:43	5.49	--	37	20313	卖盘
13:13:37	5.49	--	3	1647	卖盘
13:13:33	5.49	--	124	68076	卖盘
13:13:27	5.49	--	179	98271	卖盘
13:13:18	5.49	--	50	27450	卖盘
13:13:12	5.49	--	4883	2681046	买盘
13:13:07	5.49	0.01	90	49410	买盘
13:13:02	5.48	-0.01	30	16440	卖盘
13:12:52	5.49	0.01	1756	964044	买盘
13:12:47	5.48	--	10	5480	卖盘
13:12:42	5.48	--	208	113984	卖盘
13:12:27	5.48	--	117	64116	卖盘
13:12:22	5.48	-0.01	216	118368	卖盘
13:12:18	5.49	0.01	109	59841	买盘
13:12:12	5.48	--	16	8768	卖盘
13:12:02	5.48	--	148	81104	卖盘
13:11:57	5.48	-0.01	75	41100	卖盘
13:11:47	5.49	0.01	10	5490	买盘
13:11:42	5.48	--	156	85488	卖盘
13:11:37	5.48	--	40	21920	卖盘
13:11:27	5.48	--	19	10412	卖盘
13:11:22	5.48	--	69	37812	卖盘
13:11:12	5.48	--	12	6576	卖盘
13:11:07	5.48	--	8	4384	卖盘
13:11:02	5.48	--	19	10412	卖盘
13:10:57	5.48	--	120	65760	卖盘
13:10:52	5.48	--	247	135356	卖盘
13:10:47	5.48	-0.01	100	54800	卖盘
13:10:42	5.49	0.01	244	133956	买盘
13:10:37	5.48	-0.01	211	115628	卖盘
13:10:32	5.49	0.01	1	549	买盘
13:10:27	5.48	--	169	92612	卖盘
13:10:22	5.48	--	240	131520	卖盘
13:10:02	5.48	--	20	10960	卖盘
13:09:57	5.48	--	1070	586360	卖盘
13:09:52	5.48	--	62	33976	卖盘
13:09:42	5.48	--	911	499228	卖盘
13:09:27	5.48	-0.01	124	67952	卖盘
13:09:22	5.49	0.01	19	10431	买盘
13:09:12	5.48	--	30	16440	卖盘
13:08:57	5.48	--	12	6576	卖盘
13:08:52	5.48	--	15	8220	卖盘
13:08:42	5.48	--	2	1096	卖盘
13:08:37	5.48	--	61	33428	卖盘
13:08:22	5.48	-0.01	15	8494	卖盘
13:08:17	5.49	--	275	150975	买盘
13:08:07	5.49	0.01	20	10980	买盘
13:08:02	5.48	--	5	2740	卖盘
13:07:57	5.48	--	17	9316	卖盘
13:07:52	5.48	--	97	53156	卖盘
13:07:47	5.48	--	40	21920	卖盘
13:07:42	5.48	--	11	6028	卖盘
13:07:37	5.48	--	10	5480	卖盘
13:07:31	5.48	-0.01	252	138096	卖盘
13:07:27	5.49	0.01	2	1098	买盘
13:07:22	5.48	-0.01	38	20845	卖盘
13:07:17	5.49	--	112	61488	买盘
13:07:12	5.49	--	62	34038	买盘
13:07:07	5.49	--	30	16470	买盘
13:07:01	5.49	0.01	22	12078	买盘
13:06:52	5.48	-0.01	5	2740	卖盘
13:06:42	5.49	0.01	65	35685	买盘
13:06:37	5.48	--	16	8768	卖盘
13:06:27	5.48	-0.01	5	2740	卖盘
13:06:22	5.49	0.01	30	16470	买盘
13:06:16	5.48	-0.01	10	5480	卖盘
13:06:12	5.49	--	141	77409	买盘
13:06:06	5.49	--	5	2745	买盘
13:05:51	5.49	0.01	65	35685	买盘
13:05:42	5.48	--	50	27400	卖盘
13:05:36	5.48	--	2	1096	卖盘
13:05:31	5.48	--	8	4384	卖盘
13:05:26	5.48	--	1	548	卖盘
13:05:21	5.48	--	3	1644	卖盘
13:05:16	5.48	--	4	2192	卖盘
13:04:51	5.48	-0.01	33	18084	卖盘
13:04:41	5.49	--	120	65880	买盘
13:04:36	5.49	--	1	549	买盘
13:04:31	5.49	0.01	30	16470	买盘
13:04:21	5.48	-0.01	15	8220	卖盘
13:04:16	5.49	0.01	47	25803	买盘
13:04:06	5.48	--	10	5480	卖盘
13:03:56	5.48	--	10	5480	卖盘
13:03:36	5.48	-0.01	15	8220	卖盘
13:03:26	5.49	--	25	13725	买盘
13:03:21	5.49	--	4	2196	买盘
13:03:11	5.49	0.01	90	49410	买盘
13:03:06	5.48	-0.01	635	347980	卖盘
13:03:01	5.49	--	27	14823	买盘
13:02:56	5.49	--	50	27450	买盘
13:02:51	5.49	0.01	50	27450	买盘
13:02:46	5.48	-0.01	65	35976	卖盘
13:02:36	5.49	--	150	82350	买盘
13:02:31	5.49	--	20	10980	买盘
13:02:26	5.49	--	140	76860	买盘
13:02:16	5.49	--	804	441396	卖盘
13:02:06	5.49	--	154	84546	买盘
13:02:01	5.49	--	82	45018	买盘
13:01:51	5.49	-0.01	169	92781	卖盘
13:01:46	5.5	0.01	162	89100	买盘
13:01:41	5.49	--	15	8235	买盘
13:01:36	5.49	-0.01	97	53253	卖盘
13:01:31	5.5	--	10	5500	买盘
13:01:26	5.5	--	16	8800	买盘
13:01:21	5.5	--	170	93500	买盘
13:01:16	5.5	--	402	221100	买盘
13:01:11	5.5	--	0	0	买盘
13:01:06	5.5	0.01	230	126500	买盘
13:01:01	5.49	--	262	143838	买盘
13:00:56	5.49	-0.01	6	3294	中性盘
13:00:51	5.5	--	149	81950	买盘
13:00:41	5.5	0.01	107	58850	买盘
13:00:36	5.49	--	1	549	卖盘
13:00:31	5.49	--	0	0	中性盘
13:00:16	5.49	--	1349	740935	卖盘
13:00:06	5.49	--	6142	3372172	买盘
11:30:00	5.49	--	0	0	买盘
11:29:59	5.49	--	0	0	买盘
11:29:52	5.49	0.01	1	549	买盘
11:29:47	5.48	-0.01	40	21920	卖盘
11:29:37	5.49	0.01	20	10980	买盘
11:29:32	5.48	--	711	390039	卖盘
11:29:27	5.48	-0.01	115	63020	卖盘
11:29:17	5.49	0.01	37	20313	买盘
11:29:12	5.48	-0.01	127	69596	卖盘
11:29:06	5.49	--	20	10980	买盘
11:29:02	5.49	--	432	237168	买盘
11:28:47	5.49	--	115	63135	买盘
11:28:36	5.49	--	30	16470	买盘
11:28:32	5.49	0.01	102	55998	买盘
11:28:27	5.48	-0.01	25	13974	卖盘
11:28:16	5.49	--	559	306891	买盘
11:28:12	5.49	0.01	8	4392	买盘
11:28:06	5.48	--	25	13700	卖盘
11:28:01	5.48	--	50	27400	卖盘
11:27:57	5.48	--	50	27400	卖盘
11:27:51	5.48	--	3	1644	卖盘
11:27:46	5.48	--	3165	1734420	买盘
11:27:27	5.48	--	34	18632	买盘
11:27:12	5.48	--	25	13700	买盘
11:27:06	5.48	--	721	395108	买盘
11:27:01	5.48	--	10	5480	买盘
11:26:51	5.48	--	20	10960	买盘
11:26:42	5.48	0.01	13	7124	买盘
11:26:36	5.47	-0.01	20	10940	卖盘
11:26:27	5.48	0.01	2	1096	买盘
11:26:21	5.47	--	29	15863	卖盘
11:26:12	5.47	--	52	28444	卖盘
11:26:06	5.47	-0.01	139	76033	卖盘
11:25:57	5.48	--	29	15892	买盘
11:25:51	5.48	--	51	27948	买盘
11:25:41	5.48	--	20	10960	买盘
11:25:27	5.48	--	167	91516	买盘
11:25:01	5.48	0.01	20	10960	买盘
11:24:41	5.47	--	46	25162	卖盘
11:24:26	5.47	--	53	28991	卖盘
11:24:11	5.47	--	39	21333	卖盘
11:24:01	5.47	-0.01	43	23521	卖盘
11:23:56	5.48	--	20	10960	买盘
11:23:51	5.48	0.01	107	58636	买盘
11:23:41	5.47	-0.01	145	79315	卖盘
11:23:26	5.48	--	210	115080	买盘
11:23:11	5.48	--	3	1644	买盘
11:23:06	5.48	0.01	111	60828	买盘
11:22:56	5.47	--	32	17504	卖盘
11:22:51	5.47	-0.01	43	23521	卖盘
11:22:45	5.48	--	83	45484	买盘
11:22:41	5.48	--	119	65212	买盘
11:22:26	5.48	--	1150	630200	买盘
11:22:15	5.48	--	1	548	买盘
11:22:11	5.48	0.01	20	10960	买盘
11:22:06	5.47	--	2	1094	卖盘
11:21:45	5.47	--	35	19145	卖盘
11:21:40	5.47	--	391	213877	卖盘
11:21:36	5.47	--	24	13456	买盘
11:21:30	5.47	--	460	251620	买盘
11:21:25	5.47	--	2	1094	买盘
11:21:21	5.47	--	420	229740	买盘
11:21:06	5.47	--	1586	867542	买盘
11:21:00	5.47	--	29	15863	买盘
11:20:51	5.47	--	3	1641	买盘
11:20:21	5.47	--	200	109400	买盘
11:20:15	5.47	0.01	100	54700	买盘
11:20:00	5.46	--	91	49686	卖盘
11:19:55	5.46	--	6	3276	卖盘
11:19:51	5.46	--	42	22932	卖盘
11:19:40	5.46	--	130	70980	卖盘
11:19:30	5.46	--	2	1092	卖盘
11:19:20	5.46	--	200	109200	卖盘
11:19:10	5.46	--	70	38220	卖盘
11:19:05	5.46	-0.01	100	54600	卖盘
11:19:00	5.47	--	64	35008	买盘
11:18:50	5.47	0.01	20	10940	买盘
11:18:40	5.46	--	12	6552	卖盘
11:18:30	5.46	-0.01	44	24024	卖盘
11:18:20	5.47	0.01	149	81503	买盘
11:18:15	5.46	-0.01	70	38220	卖盘
11:18:05	5.47	--	185	101195	买盘
11:17:55	5.47	0.01	30	16410	买盘
11:17:50	5.46	--	40	21840	卖盘
11:17:35	5.46	-0.01	43	23478	卖盘
11:17:30	5.47	0.01	136	74392	买盘
11:17:20	5.46	--	288	157248	卖盘
11:17:15	5.46	--	10	5460	卖盘
11:17:00	5.46	--	140	76440	卖盘
11:16:50	5.46	--	50	27300	卖盘
11:16:45	5.46	-0.01	5	2730	卖盘
11:16:35	5.47	0.01	9	4923	买盘
11:16:25	5.46	-0.01	27	14742	卖盘
11:16:20	5.47	0.01	102	55794	买盘
11:16:15	5.46	-0.01	27	14742	卖盘
11:16:09	5.47	--	6	3282	买盘
11:16:00	5.47	0.01	70	38290	买盘
11:15:50	5.46	-0.01	2	1092	卖盘
11:15:45	5.47	0.01	1	547	买盘
11:15:39	5.46	--	17	9282	卖盘
11:15:35	5.46	--	3	1638	卖盘
11:15:24	5.46	--	2	1092	卖盘
11:15:15	5.46	--	10	5460	卖盘
11:15:09	5.46	--	21	11466	卖盘
11:15:04	5.46	--	5	2730	卖盘
11:15:00	5.46	--	1	546	卖盘
11:14:54	5.46	--	9	4914	卖盘
11:14:49	5.46	--	20	10920	卖盘
11:14:45	5.46	--	505	275730	卖盘
11:14:39	5.46	-0.01	82	44772	卖盘
11:14:34	5.47	0.01	10	5470	买盘
11:14:24	5.46	--	100	54600	卖盘
11:13:49	5.46	-0.01	101	55309	卖盘
11:13:45	5.47	0.01	30	16410	买盘
11:13:30	5.46	-0.01	294	160524	卖盘
11:13:15	5.47	--	51	27897	买盘
11:13:09	5.47	--	1	547	买盘
11:12:54	5.47	--	135	73845	买盘
11:12:30	5.47	0.01	189	103383	买盘
11:12:24	5.46	-0.01	37	20202	卖盘
11:12:19	5.47	0.01	20	10940	买盘
11:12:15	5.46	-0.01	31	16926	卖盘
11:11:24	5.47	--	1864	1019826	卖盘
11:11:19	5.47	--	25	13675	卖盘
11:11:14	5.47	--	35	19145	卖盘
11:11:09	5.47	--	430	235210	卖盘
11:10:59	5.47	--	300	164100	卖盘
11:10:54	5.47	--	10	5470	卖盘
11:10:44	5.47	-0.01	10	5470	卖盘
11:10:39	5.48	0.01	1	548	买盘
11:10:34	5.47	--	107	58529	卖盘
11:10:24	5.47	-0.01	5	2735	卖盘
11:10:14	5.48	--	147	80556	买盘
11:09:59	5.48	0.01	10	5480	买盘
11:09:54	5.47	--	2	1094	卖盘
11:09:44	5.47	-0.01	20	10940	卖盘
11:09:29	5.48	0.01	326	178648	买盘
11:09:24	5.47	-0.01	84	45948	卖盘
11:09:13	5.48	--	11	6028	买盘
11:09:09	5.48	--	200	109600	买盘
11:09:03	5.48	0.01	161	88228	买盘
11:08:59	5.47	-0.01	1	547	卖盘
11:08:33	5.48	0.01	9	4932	买盘
11:08:18	5.47	--	10	5470	卖盘
11:07:54	5.47	--	19	10393	卖盘
11:07:39	5.47	--	24	13128	卖盘
11:07:33	5.47	--	38	20786	卖盘
11:07:24	5.47	-0.01	920	503240	卖盘
11:07:09	5.48	0.01	72	39456	买盘
11:06:54	5.47	-0.01	205	112135	卖盘
11:06:39	5.48	0.01	557	305236	买盘
11:06:24	5.47	-0.01	10	5470	卖盘
11:06:13	5.48	0.01	4	2192	买盘
11:06:09	5.47	--	168	91896	卖盘
11:06:03	5.47	--	8	4376	卖盘
11:05:58	5.47	-0.01	6	3282	卖盘
11:05:54	5.48	0.01	19	10417	买盘
11:05:48	5.47	--	45	24615	卖盘
11:05:39	5.47	--	48	26256	卖盘
11:05:33	5.47	--	62	33914	卖盘
11:05:23	5.47	--	3	1641	卖盘
11:05:18	5.47	--	16	8752	卖盘
11:05:03	5.47	--	363	198561	卖盘
11:04:58	5.47	--	15	8205	卖盘
11:04:48	5.47	--	6	3282	卖盘
11:04:38	5.47	--	35	19145	卖盘
11:04:33	5.47	--	85	46495	卖盘
11:04:23	5.47	--	95	51965	卖盘
11:04:08	5.47	--	141	77127	卖盘
11:04:03	5.47	--	313	171211	卖盘
11:03:58	5.47	--	50	27350	卖盘
11:03:53	5.47	--	10	5470	卖盘
11:03:48	5.47	--	20	10940	卖盘
11:03:33	5.47	-0.01	59	32273	卖盘
11:03:28	5.48	0.01	50	27400	买盘
11:03:13	5.47	--	10	5470	卖盘
11:03:08	5.47	-0.01	19	10393	卖盘
11:02:58	5.48	0.01	10	5480	买盘
11:02:53	5.47	--	131	71657	卖盘
11:02:48	5.47	-0.01	57	31501	卖盘
11:02:23	5.48	--	45	24660	买盘
11:02:08	5.48	--	194	106312	买盘
11:01:53	5.48	0.01	140	76720	买盘
11:01:48	5.47	-0.01	50	27350	卖盘
11:01:37	5.48	--	15	8220	买盘
11:01:33	5.48	0.01	144	78912	买盘
11:01:27	5.47	-0.01	5	2735	卖盘
11:01:22	5.48	--	50	27400	买盘
11:00:52	5.48	0.01	10	5480	买盘
11:00:48	5.47	--	200	109400	卖盘
11:00:42	5.47	--	3	1641	卖盘
11:00:33	5.47	--	37	20239	卖盘
11:00:18	5.47	--	76	41572	卖盘
11:00:12	5.47	--	100	54700	卖盘
10:59:57	5.47	--	10	5470	卖盘
10:59:48	5.47	--	17	9299	卖盘
10:59:42	5.47	--	3	1641	卖盘
10:59:37	5.47	--	5	2735	卖盘
10:59:33	5.47	--	1	547	卖盘
10:59:27	5.47	--	8	4376	卖盘
10:59:22	5.47	--	110	60170	卖盘
10:59:18	5.47	--	50	27350	卖盘
10:59:07	5.47	--	1	547	卖盘
10:58:57	5.47	--	144	78768	卖盘
10:58:52	5.47	--	17	9299	卖盘
10:58:48	5.47	--	190	103930	卖盘
10:58:42	5.47	--	14	7658	卖盘
10:58:32	5.47	--	11	6017	卖盘
10:58:27	5.47	--	400	218800	卖盘
10:58:18	5.47	--	15	8205	卖盘
10:58:12	5.47	--	14	7658	卖盘
10:58:07	5.47	--	15	8205	卖盘
10:58:02	5.47	--	14	7658	卖盘
10:57:47	5.47	-0.01	100	54700	卖盘
10:57:42	5.48	--	20	10960	买盘
10:57:32	5.48	0.01	50	27400	买盘
10:57:12	5.47	--	50	27350	卖盘
10:57:02	5.47	--	340	185980	卖盘
10:56:47	5.47	--	65	35555	卖盘
10:56:42	5.47	--	290	158630	卖盘
10:56:32	5.47	-0.01	70	38290	卖盘
10:56:22	5.48	--	5	2740	买盘
10:56:07	5.48	--	18	9864	买盘
10:56:02	5.48	--	30	16440	买盘
10:55:57	5.48	--	100	54800	买盘
10:55:51	5.48	0.01	212	116176	买盘
10:55:42	5.47	-0.01	103	56341	卖盘
10:55:36	5.48	--	154	84392	买盘
10:55:32	5.48	0.01	173	94804	买盘
10:55:27	5.47	-0.01	74	40478	卖盘
10:55:21	5.48	--	5	2740	买盘
10:55:17	5.48	--	3	1644	买盘
10:55:12	5.48	0.01	30	16440	买盘
10:55:06	5.47	-0.01	1	547	卖盘
10:55:01	5.48	--	20	10960	买盘
10:54:46	5.48	--	8	4384	买盘
10:54:42	5.48	--	20	10960	买盘
10:54:36	5.48	0.01	35	19180	买盘
10:54:31	5.47	-0.01	45	24615	卖盘
10:54:27	5.48	0.01	30	16440	买盘
10:54:21	5.47	-0.01	14	7658	卖盘
10:54:16	5.48	--	24	13152	买盘
10:54:12	5.48	--	4	2192	买盘
10:54:06	5.48	0.01	64	35072	买盘
10:53:57	5.47	-0.01	5	2735	卖盘
10:53:51	5.48	--	35	19180	买盘
10:53:42	5.48	0.01	50	27400	买盘
10:53:36	5.47	-0.01	5	2735	卖盘
10:53:27	5.48	0.01	5	2740	买盘
10:53:21	5.47	--	14	7658	卖盘
10:53:16	5.47	--	4	2188	卖盘
10:53:12	5.47	--	2944	1610368	买盘
10:53:01	5.47	0.01	20	10940	买盘
10:52:57	5.46	-0.01	100	54600	卖盘
10:52:51	5.47	--	10	5470	买盘
10:52:46	5.47	--	18	9846	买盘
10:52:42	5.47	--	141	77127	买盘
10:52:36	5.47	0.01	42	22974	买盘
10:52:31	5.46	--	93	50778	卖盘
10:52:27	5.46	--	81	44226	卖盘
10:52:21	5.46	-0.01	70	38220	卖盘
10:52:16	5.47	--	10	5470	买盘
10:52:11	5.47	--	100	54700	买盘
10:52:06	5.47	--	11	6017	买盘
10:51:56	5.47	0.01	309	169023	买盘
10:51:51	5.46	-0.01	200	109200	卖盘
10:51:41	5.47	--	49	26803	买盘
10:51:36	5.47	--	175	95725	买盘
10:51:31	5.47	--	6	3282	买盘
10:51:26	5.47	--	11	6017	买盘
10:51:21	5.47	--	10	5470	买盘
10:51:11	5.47	--	20	10940	买盘
10:51:06	5.47	0.01	39	21333	买盘
10:50:56	5.46	-0.01	271	147966	卖盘
10:50:51	5.47	--	45	24615	买盘
10:50:46	5.47	0.01	21	11487	买盘
10:50:41	5.46	--	1	546	卖盘
10:50:36	5.46	-0.01	26	14196	卖盘
10:50:21	5.47	--	100	54700	买盘
10:50:16	5.47	--	45	24615	买盘
10:50:11	5.47	--	10	5470	买盘
10:50:01	5.47	--	102	55794	买盘
10:49:56	5.47	--	60	32820	买盘
10:49:51	5.47	--	10	5470	买盘
10:49:26	5.47	--	17	9299	买盘
10:49:15	5.47	--	1	547	买盘
10:49:11	5.47	0.01	197	107759	买盘
10:49:06	5.46	-0.01	100	54600	卖盘
10:49:00	5.47	0.01	29	15863	买盘
10:48:56	5.46	--	8	4368	卖盘
10:48:51	5.46	-0.01	127	69342	卖盘
10:48:45	5.47	--	4	2188	买盘
10:48:36	5.47	0.01	2	1094	买盘
10:48:25	5.46	-0.01	100	54600	卖盘
10:48:21	5.47	0.01	32	17504	买盘
10:48:15	5.46	-0.01	50	27300	卖盘
10:48:10	5.47	0.01	20	10940	买盘
10:48:06	5.46	-0.01	32	17472	卖盘
10:48:00	5.47	0.01	29	15863	买盘
10:47:56	5.46	-0.01	50	27300	卖盘
10:47:51	5.47	--	12	6564	买盘
10:47:45	5.47	--	55	30085	买盘
10:47:40	5.47	--	10	5470	买盘
10:47:36	5.47	--	7	3829	买盘
10:47:30	5.47	0.01	2	1094	买盘
10:47:15	5.46	-0.01	24	13104	卖盘
10:47:10	5.47	--	100	54700	买盘
10:47:06	5.47	0.01	80	43760	买盘
10:46:36	5.46	-0.01	105	57330	卖盘
10:46:30	5.47	0.01	4	2188	买盘
10:46:25	5.46	-0.01	30	16380	卖盘
10:46:15	5.47	--	133	72751	买盘
10:46:06	5.47	0.01	3	1641	买盘
10:46:00	5.46	--	118	64428	卖盘
10:45:51	5.46	--	32	17472	卖盘
10:45:45	5.46	-0.01	1221	666666	卖盘
10:45:30	5.47	--	74	40478	买盘
10:45:20	5.47	--	232	126904	买盘
10:45:15	5.47	--	8	4376	买盘
10:45:00	5.47	--	2	1094	买盘
10:44:50	5.47	--	22	12034	买盘
10:44:45	5.47	--	166	90802	买盘
10:44:40	5.47	--	161	88067	买盘
10:44:35	5.47	--	10	5470	买盘
10:44:30	5.47	--	9	4923	买盘
10:44:20	5.47	0.01	20	10940	买盘
10:44:15	5.46	-0.01	131	71526	卖盘
10:44:10	5.47	0.01	230	125810	买盘
10:44:05	5.46	-0.01	132	72072	卖盘
10:44:00	5.47	--	50	27350	买盘
10:43:45	5.47	--	496	271312	买盘
10:43:40	5.47	--	1022	559034	买盘
10:43:30	5.47	--	30	16410	买盘
10:43:25	5.47	--	36	19692	买盘
10:43:15	5.47	--	131	71657	买盘
10:43:10	5.47	--	200	109400	买盘
10:43:05	5.47	0.01	2	1094	买盘
10:43:00	5.46	-0.01	32	17472	卖盘
10:42:55	5.47	0.01	11	6017	买盘
10:42:50	5.46	--	43	23478	卖盘
10:42:45	5.46	--	1	546	卖盘
10:42:39	5.46	-0.01	27	14742	卖盘
10:42:35	5.47	--	10	5470	买盘
10:42:30	5.47	0.01	20	10940	买盘
10:42:20	5.46	-0.01	320	174720	卖盘
10:42:15	5.47	0.01	1	547	买盘
10:42:09	5.46	--	100	54600	卖盘
10:41:54	5.46	--	20	10920	卖盘
10:41:45	5.46	-0.01	10	5460	卖盘
10:41:30	5.47	--	30	16410	买盘
10:41:24	5.47	--	120	65640	买盘
10:41:15	5.47	0.01	6	3282	买盘
10:41:09	5.46	--	36	19656	卖盘
10:41:00	5.46	--	7	3822	卖盘
10:40:45	5.46	-0.01	167	91182	卖盘
10:40:30	5.47	0.01	60	32820	买盘
10:40:24	5.46	-0.01	81	44226	卖盘
10:40:09	5.47	0.01	15	8205	买盘
10:40:04	5.46	--	20	10920	卖盘
10:39:54	5.46	--	5	2730	卖盘
10:39:49	5.46	--	33	18018	卖盘
10:39:45	5.46	--	6	3276	卖盘
10:39:39	5.46	--	36	19656	买盘
10:39:34	5.46	0.01	2364	1290744	买盘
10:39:30	5.45	-0.01	281	153145	卖盘
10:39:24	5.46	--	20	10920	买盘
10:39:14	5.46	0.01	290	158340	买盘
10:39:09	5.45	--	10	5450	卖盘
10:39:04	5.45	-0.01	117	63765	卖盘
10:39:00	5.46	0.01	21	11466	买盘
10:38:54	5.45	-0.01	53	28885	卖盘
10:38:49	5.46	0.01	40	21840	买盘
10:38:44	5.45	--	10	5450	卖盘
10:38:39	5.45	-0.01	53	28885	卖盘
10:38:29	5.46	0.01	53	28938	买盘
10:38:24	5.45	-0.01	200	109000	卖盘
10:38:14	5.46	0.01	230	125580	买盘
10:38:09	5.45	--	72	39240	卖盘
10:38:04	5.45	-0.01	169	92105	卖盘
10:37:59	5.46	0.01	15	8190	买盘
10:37:54	5.45	--	10	5450	卖盘
10:37:39	5.45	--	66	35970	卖盘
10:37:29	5.45	--	257	140065	卖盘
10:37:14	5.45	-0.01	73	39785	卖盘
10:37:09	5.46	0.01	77	42042	买盘
10:37:04	5.45	--	350	190750	卖盘
10:36:59	5.45	-0.01	80	43600	卖盘
10:36:54	5.46	0.01	49	26754	买盘
10:36:44	5.45	--	3	1635	卖盘
10:36:39	5.45	-0.01	10	5450	卖盘
10:36:34	5.46	--	2	1092	买盘
10:36:29	5.46	--	160	87360	卖盘
10:36:24	5.46	-0.01	170	92820	卖盘
10:36:18	5.47	0.01	90	49230	买盘
10:36:14	5.46	--	525	286650	卖盘
10:36:09	5.46	--	540	294840	卖盘
10:36:03	5.46	--	43	23478	卖盘
10:35:59	5.46	--	397	216762	卖盘
10:35:54	5.46	--	428	233688	卖盘
10:35:44	5.46	--	66	36036	卖盘
10:35:39	5.46	--	125	68250	卖盘
10:35:33	5.46	--	1	546	卖盘
10:35:28	5.46	--	15	8190	卖盘
10:35:24	5.46	--	63	34398	卖盘
10:35:18	5.46	--	40	21840	卖盘
10:35:14	5.46	--	9	4914	卖盘
10:35:03	5.46	--	27	14742	卖盘
10:34:54	5.46	--	88	48048	卖盘
10:34:48	5.46	--	70	38220	卖盘
10:34:33	5.46	-0.01	150	81900	卖盘
10:34:28	5.47	0.01	2	1094	买盘
10:34:24	5.46	--	2	1092	卖盘
10:34:18	5.46	--	2	1092	卖盘
10:34:09	5.46	--	10	5460	卖盘
10:33:48	5.46	--	140	76440	卖盘
10:33:33	5.46	-0.01	74	40404	卖盘
10:33:09	5.47	--	10	5470	买盘
10:33:03	5.47	0.01	64	35008	买盘
10:32:58	5.46	--	50	27300	卖盘
10:32:48	5.46	-0.01	33	18018	卖盘
10:32:38	5.47	0.01	36	19692	买盘
10:32:33	5.46	--	1652	901992	卖盘
10:32:28	5.46	-0.01	123	67158	卖盘
10:32:23	5.47	0.01	712	389464	买盘
10:32:03	5.46	-0.01	12	6552	卖盘
10:31:53	5.47	0.01	6	3282	买盘
10:31:48	5.46	--	20	10920	卖盘
10:31:38	5.46	-0.01	286	156156	卖盘
10:31:33	5.47	0.01	15	8205	买盘
10:31:23	5.46	-0.01	164	89544	卖盘
10:31:18	5.47	--	40	21880	卖盘
10:31:13	5.47	--	106	57982	卖盘
10:31:08	5.47	-0.01	141	77127	卖盘
10:31:03	5.48	0.01	100	54800	买盘
10:30:58	5.47	-0.01	80	43760	卖盘
10:30:53	5.48	0.01	4	2192	买盘
10:30:48	5.47	--	95	51965	卖盘
10:30:23	5.47	--	376	205672	买盘
10:30:18	5.47	0.01	300	164100	买盘
10:30:13	5.46	-0.01	9	4914	卖盘
10:30:08	5.47	0.01	5	2735	买盘
10:30:03	5.46	-0.01	422	230412	卖盘
10:29:53	5.47	--	96	52512	买盘
10:29:42	5.47	0.01	303	165741	买盘
10:29:38	5.46	-0.01	96	52416	卖盘
10:29:33	5.47	0.01	540	295380	买盘
10:29:18	5.46	--	45	24570	卖盘
10:28:53	5.46	-0.01	33	18018	卖盘
10:28:48	5.47	0.01	36	19692	买盘
10:28:42	5.46	--	455	248430	卖盘
10:28:38	5.46	-0.01	1	546	卖盘
10:28:33	5.47	0.01	156	85332	买盘
10:28:22	5.46	--	30	16380	卖盘
10:28:18	5.46	--	57	31122	卖盘
10:28:12	5.46	--	159	86814	卖盘
10:28:07	5.46	-0.01	166	90636	卖盘
10:28:03	5.47	0.01	10	5470	买盘
10:27:57	5.46	--	464	253344	卖盘
10:27:52	5.46	--	34	18564	卖盘
10:27:48	5.46	--	3	1638	卖盘
10:27:37	5.46	-0.01	20	10920	卖盘
10:27:27	5.47	--	118	64546	买盘
10:27:22	5.47	0.01	3	1641	买盘
10:27:18	5.46	--	64	34944	卖盘
10:27:12	5.46	--	80	43680	卖盘
10:27:07	5.46	--	100	54600	卖盘
10:27:03	5.46	--	20	10920	卖盘
10:26:57	5.46	--	122	66612	卖盘
10:26:42	5.46	-0.01	3	1638	卖盘
10:26:37	5.47	0.01	17	9299	买盘
10:26:33	5.46	--	79	43134	卖盘
10:26:27	5.46	--	132	72072	卖盘
10:26:18	5.46	-0.01	100	54600	卖盘
10:26:07	5.47	0.01	30	16410	买盘
10:26:02	5.46	-0.01	16	8736	卖盘
10:25:57	5.47	0.01	50	27350	买盘
10:25:47	5.46	-0.01	134	73164	卖盘
10:25:42	5.47	--	80	43760	买盘
10:25:32	5.47	--	21	11487	买盘
10:25:22	5.47	0.01	27	14769	买盘
10:25:17	5.46	--	5	2730	卖盘
10:25:12	5.46	--	20	10920	卖盘
10:25:02	5.46	--	20	10920	卖盘
10:24:57	5.46	--	29	15834	卖盘
10:24:52	5.46	--	8	4368	卖盘
10:24:47	5.46	--	39	21294	卖盘
10:24:42	5.46	--	20	10920	卖盘
10:24:32	5.46	--	42	22932	卖盘
10:24:27	5.46	--	175	95550	卖盘
10:24:07	5.46	-0.01	22	12012	卖盘
10:24:02	5.47	0.01	20	10940	买盘
10:23:57	5.46	--	13	7098	卖盘
10:23:47	5.46	--	25	13650	卖盘
10:23:42	5.46	--	129	70434	买盘
10:23:37	5.46	--	39	21294	买盘
10:23:32	5.46	-0.01	662	361452	卖盘
10:23:27	5.47	--	123	67281	买盘
10:23:17	5.47	--	4181	2287007	买盘
10:23:12	5.47	0.01	125	68375	买盘
10:23:06	5.46	-0.01	39	21294	卖盘
10:23:02	5.47	0.01	687	375789	买盘
10:22:57	5.46	-0.01	1538	839748	卖盘
10:22:51	5.47	--	10	5470	买盘
10:22:47	5.47	--	100	54700	买盘
10:22:42	5.47	0.01	21	11487	买盘
10:22:36	5.46	-0.01	10	5460	卖盘
10:22:32	5.47	--	111	60717	买盘
10:22:27	5.47	0.01	5	2735	买盘
10:22:21	5.46	--	52	28392	卖盘
10:22:17	5.46	-0.01	4	2184	卖盘
10:22:12	5.47	--	50	27350	买盘
10:22:06	5.47	0.01	16	8752	买盘
10:22:01	5.46	--	110	60060	卖盘
10:21:57	5.46	-0.01	203	110838	卖盘
10:21:51	5.47	--	505	276235	买盘
10:21:46	5.47	--	455	248885	买盘
10:21:42	5.47	0.01	107	58529	买盘
10:21:36	5.46	--	239	130494	卖盘
10:21:27	5.46	--	85	46410	卖盘
10:21:21	5.46	--	31	16926	卖盘
10:21:16	5.46	-0.01	16	8736	卖盘
10:21:12	5.47	--	71	38837	买盘
10:21:06	5.47	--	27	14769	买盘
10:21:01	5.47	--	7	3829	买盘
10:20:56	5.47	--	211	115417	买盘
10:20:51	5.47	--	20	10940	买盘
10:20:42	5.47	--	1007	550829	买盘
10:20:36	5.47	--	100	54700	买盘
10:20:26	5.47	--	11	6017	买盘
10:20:21	5.47	--	2432	1330845	卖盘
10:20:06	5.47	--	113	61811	卖盘
10:20:01	5.47	--	10	5470	卖盘
10:19:57	5.47	-0.01	28	15316	卖盘
10:19:46	5.48	0.01	9	4932	买盘
10:19:41	5.47	--	55	30085	卖盘
10:19:36	5.47	-0.01	20	10940	卖盘
10:19:26	5.48	0.01	2	1096	买盘
10:19:21	5.47	--	92	50324	卖盘
10:19:16	5.47	--	20	10940	卖盘
10:19:11	5.47	--	553	302496	买盘
10:19:06	5.47	--	71	38837	买盘
10:18:51	5.47	--	14	8199	卖盘
10:18:46	5.47	--	4	2188	卖盘
10:18:41	5.47	--	80	43760	卖盘
10:18:36	5.47	0.01	152	83149	买盘
10:18:26	5.46	-0.01	44	24024	卖盘
10:18:21	5.47	--	6	3282	买盘
10:18:16	5.47	--	31	16957	买盘
10:18:11	5.47	--	418	228646	买盘
10:18:06	5.47	--	37	20239	买盘
10:18:01	5.47	--	8	4376	买盘
10:17:56	5.47	--	214	117599	卖盘
10:17:51	5.47	--	1049	573803	卖盘
10:17:41	5.47	--	26	14222	卖盘
10:17:36	5.47	--	426	233022	卖盘
10:17:31	5.47	--	24	13128	卖盘
10:17:26	5.47	--	5	2735	卖盘
10:17:21	5.47	--	10	5470	卖盘
10:17:16	5.47	--	100	54700	卖盘
10:17:11	5.47	--	105	57435	卖盘
10:17:06	5.47	--	36	19692	卖盘
10:16:51	5.47	-0.01	144	78768	卖盘
10:16:41	5.48	0.01	71	38908	买盘
10:16:36	5.47	--	68	37196	卖盘
10:16:31	5.47	--	10	5470	卖盘
10:16:26	5.47	--	30	16410	卖盘
10:16:15	5.47	-0.01	202	110494	卖盘
10:16:11	5.48	0.01	36	19728	买盘
10:16:06	5.47	--	150	82050	卖盘
10:15:51	5.47	--	13	7111	卖盘
10:15:45	5.47	--	18	9846	卖盘
10:15:41	5.47	--	20	10940	卖盘
10:15:36	5.47	-0.01	50	27350	卖盘
10:15:30	5.48	0.01	1	548	买盘
10:15:26	5.47	--	29	15868	卖盘
10:15:21	5.47	--	63	34461	卖盘
10:15:06	5.47	--	4	2188	卖盘
10:15:00	5.47	--	220	120340	卖盘
10:14:55	5.47	--	500	273500	卖盘
10:14:51	5.47	-0.01	300	164100	卖盘
10:14:45	5.48	0.01	341	186868	买盘
10:14:40	5.47	--	10	5470	卖盘
10:14:36	5.47	-0.01	10	5470	卖盘
10:14:30	5.48	0.01	51	27948	买盘
10:14:21	5.47	--	42	22974	卖盘
10:14:15	5.47	-0.01	10	5470	卖盘
10:14:10	5.48	0.01	3	1644	买盘
10:14:05	5.47	--	26	14222	卖盘
10:14:00	5.47	-0.01	372	203484	卖盘
10:13:55	5.48	--	102	55896	买盘
10:13:51	5.48	--	210	115080	买盘
10:13:45	5.48	--	246	134808	买盘
10:13:40	5.48	0.01	300	164400	买盘
10:13:35	5.47	--	128	70016	卖盘
10:13:30	5.47	-0.01	152	83144	卖盘
10:13:25	5.48	0.01	110	60280	买盘
10:13:20	5.47	-0.01	22	12034	卖盘
10:13:15	5.48	--	10	5480	买盘
10:13:10	5.48	--	15	8220	买盘
10:13:06	5.48	--	35	19180	买盘
10:13:00	5.48	--	70	38360	买盘
10:12:50	5.48	--	57	31236	买盘
10:12:45	5.48	--	101	55348	买盘
10:12:36	5.48	--	159	87132	买盘
10:12:30	5.48	0.01	57	31236	买盘
10:12:20	5.47	-0.01	995	544265	卖盘
10:12:05	5.48	--	11	6028	买盘
10:11:55	5.48	0.01	391	214268	买盘
10:11:50	5.47	-0.01	71	38837	卖盘
10:11:45	5.48	0.01	60	32880	买盘
10:11:40	5.47	-0.01	10	5470	卖盘
10:11:35	5.48	0.01	20	10960	买盘
10:11:30	5.47	-0.01	33	18051	卖盘
10:11:25	5.48	--	12	6576	买盘
10:11:20	5.48	--	1494	818712	买盘
10:11:15	5.48	0.01	43	23564	买盘
10:11:10	5.47	-0.01	200	109400	卖盘
10:11:05	5.48	--	725	397300	买盘
10:11:00	5.48	--	202	110696	买盘
10:10:55	5.48	0.01	50	27400	买盘
10:10:50	5.47	-0.01	52	28444	卖盘
10:10:45	5.48	0.01	83	45484	买盘
10:10:40	5.47	--	19	10393	卖盘
10:10:35	5.47	--	11	6017	卖盘
10:10:30	5.47	--	44	24068	卖盘
10:10:25	5.47	-0.01	9	4923	卖盘
10:10:20	5.48	0.01	79	43292	买盘
10:10:10	5.47	-0.01	1	547	卖盘
10:10:05	5.48	--	207	113436	买盘
10:10:00	5.48	--	268	146864	买盘
10:09:50	5.48	--	138	75624	买盘
10:09:45	5.48	--	434	237832	买盘
10:09:39	5.48	--	14	7672	买盘
10:09:35	5.48	0.01	20	10960	买盘
10:09:30	5.47	--	563	307961	卖盘
10:09:25	5.47	--	85	46495	卖盘
10:09:09	5.47	--	368	201296	卖盘
10:09:05	5.47	--	50	27350	卖盘
10:09:00	5.47	--	3	1641	卖盘
10:08:54	5.47	-0.01	92	50324	卖盘
10:08:49	5.48	--	21	11508	买盘
10:08:45	5.48	--	30	16440	买盘
10:08:39	5.48	0.01	3	1644	买盘
10:08:34	5.47	-0.01	19	10393	卖盘
10:08:30	5.48	--	35	19180	买盘
10:08:24	5.48	--	72	39456	买盘
10:08:19	5.48	--	40	21920	买盘
10:08:15	5.48	--	60	32880	买盘
10:08:09	5.48	--	3834	2101032	卖盘
10:08:04	5.48	--	15	8220	卖盘
10:08:00	5.48	--	62	33976	卖盘
10:07:54	5.48	--	5	2740	卖盘
10:07:49	5.48	-0.01	51	27948	卖盘
10:07:45	5.49	0.01	137	75213	买盘
10:07:39	5.48	--	1392	762816	卖盘
10:07:34	5.48	--	24	13152	卖盘
10:07:24	5.48	--	41	22468	卖盘
10:07:19	5.48	--	58	31784	卖盘
10:07:09	5.48	--	375	205500	卖盘
10:07:00	5.48	-0.01	28	15344	卖盘
10:06:54	5.49	0.01	52	28548	买盘
10:06:49	5.48	--	29	15892	卖盘
10:06:45	5.48	-0.01	2	1096	卖盘
10:06:39	5.49	0.01	237	130113	买盘
10:06:29	5.48	--	85	46580	卖盘
10:06:24	5.48	--	1194	654312	卖盘
10:06:19	5.48	--	123	67404	卖盘
10:06:14	5.48	-0.01	365	200020	卖盘
10:06:04	5.49	0.01	872	478728	买盘
10:05:59	5.48	-0.01	51	27948	卖盘
10:05:54	5.49	--	124	68076	买盘
10:05:44	5.49	0.01	54	29646	买盘
10:05:39	5.48	-0.01	458	250984	卖盘
10:05:34	5.49	--	19	10431	买盘
10:05:29	5.49	--	202	110898	买盘
10:05:24	5.49	--	20	10980	买盘
10:05:09	5.49	--	70	38430	买盘
10:04:59	5.49	0.01	62	34038	买盘
10:04:49	5.48	-0.01	200	109600	卖盘
10:04:39	5.49	--	24	13176	买盘
10:04:34	5.49	--	28	15372	买盘
10:04:29	5.49	--	59	32391	买盘
10:04:24	5.49	0.01	353	193797	买盘
10:04:19	5.48	--	5	2740	卖盘
10:04:14	5.48	--	1	548	卖盘
10:04:09	5.48	--	16	8768	卖盘
10:04:04	5.48	--	63	34524	卖盘
10:03:59	5.48	--	225	123300	卖盘
10:03:54	5.48	-0.01	10	5480	卖盘
10:03:49	5.49	0.01	32	17568	买盘
10:03:44	5.48	--	96	52608	卖盘
10:03:39	5.48	--	303	166044	卖盘
10:03:34	5.48	--	222	121656	卖盘
10:03:29	5.48	--	136	74528	卖盘
10:03:24	5.48	--	94	51512	卖盘
10:03:18	5.48	--	25	13700	卖盘
10:03:14	5.48	--	396	217008	卖盘
10:03:09	5.48	--	48	26304	卖盘
10:03:03	5.48	--	5	2740	卖盘
10:02:59	5.48	--	375	205500	卖盘
10:02:54	5.48	--	220	120560	卖盘
10:02:48	5.48	--	10	5480	卖盘
10:02:44	5.48	--	234	128232	卖盘
10:02:39	5.48	--	26	14248	卖盘
10:02:33	5.48	--	854	467992	卖盘
10:02:29	5.48	--	550	301400	卖盘
10:02:24	5.48	--	174	95352	卖盘
10:02:18	5.48	--	13	7124	卖盘
10:02:13	5.48	--	334	183032	卖盘
10:02:09	5.48	-0.01	70	38360	卖盘
10:02:03	5.49	--	86	47214	买盘
10:01:54	5.49	0.01	18	9882	买盘
10:01:48	5.48	-0.01	344	188512	卖盘
10:01:43	5.49	--	130	71370	买盘
10:01:33	5.49	0.01	20	10980	买盘
10:01:24	5.48	--	164	89872	卖盘
10:01:18	5.48	-0.01	270	147960	卖盘
10:01:13	5.49	0.01	30	16470	买盘
10:01:09	5.48	-0.01	182	99736	卖盘
10:01:03	5.49	0.01	32	17568	买盘
10:00:58	5.48	--	7	3836	卖盘
10:00:54	5.48	-0.01	123	67404	卖盘
10:00:48	5.49	--	4	2196	买盘
10:00:38	5.49	--	1435	787815	卖盘
10:00:33	5.49	-0.01	800	439200	卖盘
10:00:28	5.5	0.01	27	14850	买盘
10:00:24	5.49	-0.01	213	116937	卖盘
10:00:18	5.5	--	134	73700	买盘
10:00:13	5.5	--	10	5500	买盘
10:00:08	5.5	--	46	25300	买盘
10:00:03	5.5	--	1698	934411	卖盘
09:59:58	5.5	--	80	44000	卖盘
09:59:53	5.5	--	883	485650	卖盘
09:59:48	5.5	--	2226	1224300	卖盘
09:59:43	5.5	-0.01	210	115500	卖盘
09:59:38	5.51	--	10	5510	买盘
09:59:33	5.51	0.01	220	121220	买盘
09:59:23	5.5	-0.01	4753	2614150	卖盘
09:59:18	5.51	--	121	66671	买盘
09:59:13	5.51	0.01	70	38570	买盘
09:59:08	5.5	-0.01	68	37400	卖盘
09:59:03	5.51	0.01	218	120118	买盘
09:58:58	5.5	--	22	12100	卖盘
09:58:53	5.5	-0.02	569	312950	卖盘
09:58:48	5.52	0.01	264	145728	买盘
09:58:43	5.51	0.01	10	5510	卖盘
09:58:38	5.5	-0.01	345	189750	卖盘
09:58:33	5.51	0.01	573	315723	买盘
09:58:28	5.5	-0.01	209	114950	卖盘
09:58:23	5.51	--	353	194503	买盘
09:58:18	5.51	--	2082	1147182	买盘
09:58:13	5.51	--	5	2755	买盘
09:58:08	5.51	--	133	73283	买盘
09:58:03	5.51	--	1487	819337	买盘
09:57:58	5.51	--	6	3306	买盘
09:57:53	5.51	--	76	41876	买盘
09:57:48	5.51	--	210	115710	买盘
09:57:43	5.51	--	53	29203	买盘
09:57:38	5.51	--	35	19285	买盘
09:57:33	5.51	--	45	24795	买盘
09:57:28	5.51	--	15	8265	买盘
09:57:23	5.51	--	214	117914	买盘
09:57:18	5.51	--	525	289275	买盘
09:57:12	5.51	--	10	5510	买盘
09:57:08	5.51	--	412	227012	买盘
09:57:03	5.51	--	303	166953	买盘
09:56:57	5.51	--	151	83201	买盘
09:56:53	5.51	--	260	143260	买盘
09:56:48	5.51	--	145	79895	买盘
09:56:42	5.51	--	99	54549	买盘
09:56:38	5.51	--	92	50692	买盘
09:56:33	5.51	--	210	115710	买盘
09:56:23	5.51	0.01	432	238032	买盘
09:56:18	5.5	-0.01	83	45650	卖盘
09:56:12	5.51	0.01	10	5510	买盘
09:56:07	5.5	--	26	14300	卖盘
09:56:03	5.5	-0.01	110	60500	卖盘
09:55:57	5.51	--	195	107445	买盘
09:55:52	5.51	0.01	12	6612	买盘
09:55:48	5.5	--	267	146850	卖盘
09:55:42	5.5	--	750	412500	卖盘
09:55:37	5.5	-0.01	60	33000	卖盘
09:55:33	5.51	--	144	79344	买盘
09:55:27	5.51	0.01	292	160892	买盘
09:55:22	5.5	-0.01	608	334400	卖盘
09:55:18	5.51	--	6	3306	买盘
09:55:12	5.51	0.01	530	292068	买盘
09:55:07	5.5	-0.01	30	16500	卖盘
09:55:02	5.51	--	23	12673	买盘
09:54:57	5.51	0.01	196	107996	买盘
09:54:52	5.5	--	160	88000	卖盘
09:54:47	5.5	--	1197	658350	卖盘
09:54:42	5.5	--	91	50050	卖盘
09:54:37	5.5	-0.01	10	5500	卖盘
09:54:32	5.51	0.01	33	18183	买盘
09:54:27	5.5	-0.01	164	90200	卖盘
09:54:22	5.51	0.01	6	3306	买盘
09:54:17	5.5	--	356	195800	卖盘
09:54:12	5.5	--	103	56650	卖盘
09:54:07	5.5	--	10	5500	卖盘
09:54:02	5.5	-0.01	20	11000	卖盘
09:53:57	5.51	--	71	39121	买盘
09:53:52	5.51	0.01	65	35815	买盘
09:53:47	5.5	-0.01	5	2750	卖盘
09:53:42	5.51	--	462	254562	买盘
09:53:37	5.51	--	11	6061	买盘
09:53:32	5.51	0.01	60	33060	买盘
09:53:27	5.5	-0.01	54	29700	卖盘
09:53:22	5.51	0.01	485	267235	买盘
09:53:17	5.5	-0.01	109	59950	卖盘
09:53:12	5.51	--	143	78793	买盘
09:53:07	5.51	--	20	11020	买盘
09:53:02	5.51	--	1092	601692	买盘
09:52:57	5.51	--	69	38019	买盘
09:52:52	5.51	--	3	1653	买盘
09:52:47	5.51	--	36	19836	买盘
09:52:42	5.51	--	132	72732	买盘
09:52:37	5.51	--	20	11020	买盘
09:52:32	5.51	--	137	75487	买盘
09:52:27	5.51	--	291	160341	买盘
09:52:22	5.51	--	56	30856	买盘
09:52:17	5.51	0.01	201	110751	买盘
09:52:12	5.5	-0.01	97	53350	卖盘
09:52:07	5.51	0.01	16	8816	买盘
09:52:02	5.5	--	16	8800	卖盘
09:51:57	5.5	--	207	113850	卖盘
09:51:52	5.5	-0.01	24	13200	卖盘
09:51:47	5.51	--	233	128383	买盘
09:51:42	5.51	--	44	24244	买盘
09:51:37	5.51	--	72	39672	买盘
09:51:32	5.51	0.01	320	176320	买盘
09:51:27	5.5	--	165	90750	卖盘
09:51:22	5.5	--	35	19250	卖盘
09:51:17	5.5	--	151	83050	卖盘
09:51:12	5.5	--	191	105050	卖盘
09:51:06	5.5	--	32	17600	买盘
09:51:02	5.5	0.01	82	45100	中性盘
09:50:57	5.49	--	230	126270	卖盘
09:50:51	5.49	-0.01	150	82350	卖盘
09:50:47	5.5	0.01	1560	858000	买盘
09:50:36	5.49	-0.01	185	101565	卖盘
09:50:31	5.5	--	525	288750	买盘
09:50:27	5.5	0.01	23	12650	买盘
09:50:16	5.49	-0.01	23	12627	卖盘
09:50:12	5.5	0.01	605	332750	买盘
09:50:06	5.49	--	25	13725	卖盘
09:49:56	5.49	-0.01	547	300303	卖盘
09:49:51	5.5	--	388	213400	买盘
09:49:46	5.5	0.01	20	11000	买盘
09:49:41	5.49	--	598	328302	卖盘
09:49:36	5.49	-0.01	872	478728	卖盘
09:49:31	5.5	--	20	11000	买盘
09:49:27	5.5	--	413	227150	买盘
09:49:21	5.5	--	724	398200	买盘
09:49:16	5.5	--	3	1650	买盘
09:49:11	5.5	--	1613	887150	卖盘
09:49:06	5.5	--	110	60500	卖盘
09:49:01	5.5	--	200	110000	卖盘
09:48:56	5.5	--	1177	647350	卖盘
09:48:51	5.5	-0.01	472	259600	卖盘
09:48:46	5.51	0.01	10	5510	买盘
09:48:42	5.5	-0.01	110	60500	卖盘
09:48:36	5.51	0.01	213	117363	买盘
09:48:31	5.5	-0.01	30	16500	卖盘
09:48:26	5.51	--	540	297540	买盘
09:48:21	5.51	--	381	209931	卖盘
09:48:16	5.51	--	716	394516	买盘
09:48:11	5.51	--	163	89813	买盘
09:48:06	5.51	--	176	96976	买盘
09:48:01	5.51	--	30	16530	买盘
09:47:57	5.51	--	295	162545	买盘
09:47:51	5.51	--	383	211033	买盘
09:47:46	5.51	-0.01	1478	814378	卖盘
09:47:41	5.52	--	415	229079	买盘
09:47:36	5.52	0.01	850	469199	买盘
09:47:31	5.51	--	1273	701423	卖盘
09:47:26	5.51	-0.01	174	95874	卖盘
09:47:21	5.52	--	662	365424	买盘
09:47:16	5.52	--	24	13247	买盘
09:47:11	5.52	--	346	190991	卖盘
09:47:06	5.52	--	445	245639	买盘
09:47:01	5.52	0.01	267	147384	买盘
09:46:56	5.51	-0.01	1479	814929	卖盘
09:46:51	5.52	--	558	308016	买盘
09:46:46	5.52	--	192	105983	买盘
09:46:41	5.52	0.01	371	204791	买盘
09:46:36	5.51	-0.01	614	338314	卖盘
09:46:31	5.52	--	109	60167	买盘
09:46:26	5.52	0.01	239	131928	买盘
09:46:21	5.51	--	51	28101	卖盘
09:46:16	5.51	--	256	141056	卖盘
09:46:11	5.51	--	1554	856254	买盘
09:46:06	5.51	0.01	340	187340	买盘
09:46:01	5.5	--	75	41250	卖盘
09:45:56	5.5	--	646	355300	卖盘
09:45:51	5.5	0.01	8496	4672800	买盘
09:45:46	5.49	--	314	172386	买盘
09:45:41	5.49	--	147	80703	买盘
09:45:36	5.49	--	184	101016	买盘
09:45:31	5.49	--	222	121878	买盘
09:45:26	5.49	--	173	94977	买盘
09:45:21	5.49	--	1335	733304	买盘
09:45:16	5.49	--	125	68625	买盘
09:45:11	5.49	--	600	329400	买盘
09:45:06	5.49	--	1262	692838	买盘
09:45:00	5.49	--	50	27450	买盘
09:44:56	5.49	--	838	460062	买盘
09:44:51	5.49	0.01	205	112545	买盘
09:44:45	5.48	--	452	247696	卖盘
09:44:40	5.48	-0.01	1446	792408	卖盘
09:44:36	5.49	--	916	502884	买盘
09:44:31	5.49	--	15	8235	买盘
09:44:26	5.49	--	657	360693	买盘
09:44:21	5.49	--	70	38430	买盘
09:44:15	5.49	0.01	63	34587	买盘
09:44:11	5.48	-0.01	375	205500	卖盘
09:44:06	5.49	0.01	64	35136	买盘
09:44:00	5.48	-0.01	78	42744	卖盘
09:43:50	5.49	0.01	152	83448	买盘
09:43:45	5.48	--	5	2740	卖盘
09:43:40	5.48	--	213	116724	卖盘
09:43:35	5.48	--	428	234544	买盘
09:43:30	5.48	--	470	257560	买盘
09:43:20	5.48	--	433	237284	买盘
09:43:15	5.48	0.01	85	46580	买盘
09:43:10	5.47	-0.01	56	30632	卖盘
09:43:05	5.48	--	798	437304	买盘
09:43:00	5.48	--	73	40004	买盘
09:42:55	5.48	--	7	3836	买盘
09:42:51	5.48	--	224	122752	买盘
09:42:45	5.48	--	79	43292	买盘
09:42:40	5.48	--	95	52060	买盘
09:42:35	5.48	--	266	145768	买盘
09:42:30	5.48	--	332	181936	买盘
09:42:25	5.48	--	121	66308	卖盘
09:42:20	5.48	--	23	12604	买盘
09:42:15	5.48	--	688	377024	买盘
09:42:10	5.48	--	10	5480	买盘
09:42:05	5.48	--	452	247696	买盘
09:42:00	5.48	--	393	215364	买盘
09:41:55	5.48	--	262	143576	买盘
09:41:50	5.48	0.01	119	65212	买盘
09:41:45	5.47	-0.01	225	123075	卖盘
09:41:40	5.48	--	24	13152	买盘
09:41:35	5.48	0.01	370	202760	买盘
09:41:30	5.47	-0.01	355	194185	卖盘
09:41:25	5.48	--	186	101928	买盘
09:41:20	5.48	--	759	415932	买盘
09:41:15	5.48	0.01	766	419768	买盘
09:41:10	5.47	-0.01	540	295380	卖盘
09:41:05	5.48	--	364	199472	买盘
09:41:00	5.48	0.01	134	73432	买盘
09:40:55	5.47	-0.01	70	38290	卖盘
09:40:50	5.48	0.01	257	140836	买盘
09:40:45	5.47	-0.01	94	51418	卖盘
09:40:40	5.48	--	28	15344	买盘
09:40:35	5.48	0.01	124	67952	买盘
09:40:30	5.47	-0.01	10	5470	卖盘
09:40:20	5.48	0.01	85	46580	买盘
09:40:15	5.47	--	10	5470	卖盘
09:40:10	5.47	--	79	43213	卖盘
09:40:05	5.47	--	251	137461	买盘
09:40:00	5.47	--	46	25162	买盘
09:39:55	5.47	--	643	351721	买盘
09:39:50	5.47	--	261	142767	买盘
09:39:45	5.47	--	86	47042	买盘
09:39:40	5.47	--	56	30632	买盘
09:39:35	5.47	--	43	23521	买盘
09:39:30	5.47	--	553	302491	买盘
09:39:25	5.47	--	118	64546	买盘
09:39:20	5.47	--	162	88614	买盘
09:39:15	5.47	--	40	21880	买盘
09:39:10	5.47	--	170	92990	买盘
09:39:05	5.47	0.01	218	119246	买盘
09:39:00	5.46	--	64	34944	卖盘
09:38:55	5.46	-0.01	77	42042	卖盘
09:38:50	5.47	--	112	61264	买盘
09:38:45	5.47	--	200	109400	买盘
09:38:39	5.47	--	21	11487	买盘
09:38:34	5.47	--	57	31179	买盘
09:38:30	5.47	--	292	159724	买盘
09:38:24	5.47	--	153	83691	买盘
09:38:20	5.47	--	45	24615	买盘
09:38:15	5.47	--	160	87520	买盘
09:38:09	5.47	--	54	29538	买盘
09:37:59	5.47	--	2	1094	买盘
09:37:49	5.47	--	120	65640	买盘
09:37:44	5.47	0.01	105	57445	买盘
09:37:39	5.46	--	769	419874	卖盘
09:37:34	5.46	-0.01	20	10920	卖盘
09:37:29	5.47	0.01	11	6017	买盘
09:37:24	5.46	-0.01	549	299754	卖盘
09:37:19	5.47	--	53	28991	买盘
09:37:14	5.47	--	44	24068	买盘
09:37:09	5.47	--	2	1094	买盘
09:37:04	5.47	0.01	46	25162	买盘
09:36:59	5.46	--	285	155610	卖盘
09:36:54	5.46	-0.01	265	144690	卖盘
09:36:39	5.47	0.01	53	28991	买盘
09:36:34	5.46	--	378	206388	买盘
09:36:29	5.46	--	63	34398	买盘
09:36:24	5.46	--	4	2184	买盘
09:36:19	5.46	--	70	38220	买盘
09:36:14	5.46	0.01	581	317226	买盘
09:36:09	5.45	-0.01	161	87745	卖盘
09:36:04	5.46	-0.01	233	127218	买盘
09:35:59	5.47	0.01	308	168476	买盘
09:35:54	5.46	--	11	6006	买盘
09:35:49	5.46	--	661	360906	卖盘
09:35:44	5.46	--	45	24570	卖盘
09:35:39	5.46	--	856	467376	卖盘
09:35:34	5.46	--	2	1092	卖盘
09:35:29	5.46	-0.01	1313	716898	卖盘
09:35:24	5.47	--	33	18051	买盘
09:35:19	5.47	0.01	73	39931	买盘
09:35:14	5.46	-0.01	217	118482	卖盘
09:35:09	5.47	--	107	58529	买盘
09:35:04	5.47	0.01	527	288269	买盘
09:34:59	5.46	--	65	35490	卖盘
09:34:54	5.46	--	25	13650	卖盘
09:34:49	5.46	-0.01	36	19656	卖盘
09:34:44	5.47	0.01	363	198561	买盘
09:34:39	5.46	--	30	16380	卖盘
09:34:29	5.46	-0.01	145	79170	卖盘
09:34:24	5.47	--	108	59076	买盘
09:34:14	5.47	--	20	10940	买盘
09:34:09	5.47	--	17	9299	买盘
09:34:04	5.47	0.01	35	19391	买盘
09:33:59	5.46	-0.01	71	38766	卖盘
09:33:54	5.47	--	12	6564	买盘
09:33:49	5.47	--	53	28991	买盘
09:33:44	5.47	0.01	588	321636	买盘
09:33:39	5.46	--	10	5460	卖盘
09:33:34	5.46	--	54	29484	卖盘
09:33:29	5.46	-0.01	241	131586	卖盘
09:33:24	5.47	--	98	53606	买盘
09:33:19	5.47	--	20	10940	买盘
09:33:14	5.47	0.01	53	28991	买盘
09:33:09	5.46	-0.01	43	23478	卖盘
09:33:04	5.47	0.01	50	27350	买盘
09:32:59	5.46	-0.01	104	56784	卖盘
09:32:54	5.47	--	904	494488	买盘
09:32:49	5.47	0.01	7	3829	买盘
09:32:44	5.46	-0.01	270	147420	卖盘
09:32:39	5.47	--	189	103383	买盘
09:32:34	5.47	--	97	53059	买盘
09:32:29	5.47	0.01	58	31726	买盘
09:32:24	5.46	-0.01	56	30576	卖盘
09:32:18	5.47	0.01	20	10940	买盘
09:32:14	5.46	--	24	13104	卖盘
09:32:09	5.46	-0.01	20	10920	卖盘
09:32:03	5.47	--	15	8205	买盘
09:31:59	5.47	0.01	101	55247	买盘
09:31:54	5.46	--	145	79170	卖盘
09:31:43	5.46	--	229	125034	卖盘
09:31:38	5.46	--	25	13650	卖盘
09:31:33	5.46	--	50	27300	卖盘
09:31:28	5.46	0.01	505	275730	买盘
09:31:23	5.45	--	30	16350	卖盘
09:31:18	5.45	--	60	32700	卖盘
09:31:13	5.45	--	10	5450	卖盘
09:31:08	5.45	0.01	297	161865	买盘
09:31:03	5.44	--	220	119680	卖盘
09:30:53	5.44	-0.01	519	282336	卖盘
09:30:48	5.45	--	20	10900	买盘
09:30:43	5.45	-0.01	20	10900	卖盘
09:30:38	5.46	0.02	255	139230	买盘
09:30:33	5.44	-0.02	34	18496	卖盘
09:30:28	5.46	--	62	33852	买盘
09:30:18	5.46	--	5	2730	买盘
09:30:13	5.46	--	30	16380	买盘
09:30:08	5.46	0.01	3081	1682226	买盘
09:30:03	5.45	-0.01	313	170585	卖盘
09:28:45	5.46	--	0	0	买盘
09:25:11	5.46	5.46	799	436254	买盘
