成交时间	成交价	价格变动	成交量(手)	成交额(元)	性质
15:00:00	24.33	--	0	0	中性盘
15:00:00	24.33	0.01	20	48660	中性盘
14:59:59	24.32	-0.01	32	77824	卖盘
14:59:55	24.33	-0.01	65	158145	中性盘
14:59:49	24.34	0.02	8	19472	买盘
14:59:44	24.32	--	54	131328	卖盘
14:59:38	24.32	-0.01	1	2432	卖盘
14:59:34	24.33	--	42	102186	买盘
14:59:29	24.33	--	15	36495	买盘
14:59:19	24.33	-0.01	48	116783	卖盘
14:59:14	24.34	0.01	10	24340	买盘
14:59:08	24.33	--	9	21897	卖盘
14:59:04	24.33	--	10	24330	卖盘
14:58:59	24.33	--	44	107051	买盘
14:58:49	24.33	--	17	41361	卖盘
14:58:44	24.33	--	17	41361	卖盘
14:58:34	24.33	-0.01	12	29195	卖盘
14:58:29	24.34	0.01	15	36510	买盘
14:58:14	24.33	0.01	21	51093	买盘
14:58:04	24.32	--	7	17024	卖盘
14:57:59	24.32	0.01	9	21888	买盘
14:57:49	24.31	0.01	4	9724	买盘
14:57:44	24.3	0.01	7	17010	卖盘
14:57:38	24.29	--	1	2429	卖盘
14:57:34	24.29	-0.01	14	34006	卖盘
14:57:29	24.3	--	4	9720	买盘
14:57:23	24.3	--	42	102060	买盘
14:57:19	24.3	0.01	3	7290	买盘
14:57:08	24.29	-0.01	27	65583	卖盘
14:57:04	24.3	--	18	43740	卖盘
14:56:53	24.3	-0.01	2	4860	买盘
14:56:49	24.31	-0.04	11	26741	卖盘
14:56:44	24.35	--	0	0	买盘
14:56:38	24.35	0.05	217	528395	买盘
14:56:34	24.3	--	5	12150	买盘
14:56:29	24.3	-0.02	243	592677	卖盘
14:56:23	24.32	0.02	87	211584	买盘
14:56:19	24.3	--	7	17010	卖盘
14:56:14	24.3	-0.01	13	31590	卖盘
14:56:08	24.31	0.01	13	31603	买盘
14:56:04	24.3	--	2	4860	卖盘
14:55:59	24.3	--	5	12150	卖盘
14:55:53	24.3	--	4	9720	卖盘
14:55:49	24.3	--	24	58320	卖盘
14:55:44	24.3	-0.01	22	53460	卖盘
14:55:38	24.31	--	5	12155	卖盘
14:55:34	24.31	0.01	6	14586	中性盘
14:55:29	24.3	-0.01	48	116640	卖盘
14:55:23	24.31	0.01	6	14586	买盘
14:55:19	24.3	--	12	29160	卖盘
14:55:14	24.3	--	13	31833	卖盘
14:55:08	24.3	-0.01	15	36450	卖盘
14:55:04	24.31	-0.01	42	102102	中性盘
14:54:59	24.32	0.01	41	99712	买盘
14:54:53	24.31	--	13	31603	卖盘
14:54:49	24.31	--	7	17017	卖盘
14:54:44	24.31	--	4	9724	卖盘
14:54:34	24.31	-0.01	8	19448	卖盘
14:54:29	24.32	--	23	55936	买盘
14:54:23	24.32	--	13	31616	卖盘
14:54:19	24.32	--	20	48640	买盘
14:54:14	24.32	--	23	55936	卖盘
14:54:08	24.32	--	1	2432	卖盘
14:53:53	24.32	--	5	12160	卖盘
14:53:49	24.32	--	39	94848	卖盘
14:53:43	24.32	--	1	2432	卖盘
14:53:38	24.32	--	1	2432	卖盘
14:53:29	24.32	0.01	14	34048	买盘
14:53:23	24.31	--	24	58344	卖盘
14:53:14	24.31	0.01	11	26741	卖盘
14:53:08	24.3	--	0	0	卖盘
14:53:04	24.3	--	28	68040	卖盘
14:52:59	24.3	-0.03	5	12150	卖盘
14:52:53	24.33	0.03	16	38928	中性盘
14:52:43	24.3	-0.04	19	46170	卖盘
14:52:38	24.34	0.02	88	214192	买盘
14:52:33	24.32	0.02	13	31616	买盘
14:52:28	24.3	--	12	29160	卖盘
14:52:23	24.3	-0.02	1	2430	卖盘
14:52:13	24.32	0.02	20	48640	买盘
14:52:08	24.3	-0.01	15	36450	卖盘
14:52:04	24.31	--	0	0	卖盘
14:51:58	24.31	--	8	19448	卖盘
14:51:43	24.31	0.01	10	24310	买盘
14:51:38	24.3	--	0	0	卖盘
14:51:32	24.3	-0.02	20	48600	卖盘
14:51:28	24.32	0.01	33	80256	中性盘
14:51:23	24.31	-0.03	44	106964	卖盘
14:51:13	24.34	0.03	3	7302	买盘
14:51:08	24.31	-0.03	26	63206	卖盘
14:50:58	24.34	--	1	2434	买盘
14:50:53	24.34	0.03	18	43812	卖盘
14:50:43	24.31	-0.04	32	77792	卖盘
14:50:38	24.35	0.02	1	2435	买盘
14:50:32	24.33	-0.02	20	48660	卖盘
14:50:28	24.35	0.02	2	4870	买盘
14:50:17	24.33	--	4	9732	卖盘
14:50:13	24.33	--	13	31628	卖盘
14:50:08	24.33	--	28	68124	买盘
14:50:02	24.33	--	20	48660	买盘
14:49:53	24.33	-0.02	11	26762	卖盘
14:49:47	24.35	--	13	31655	买盘
14:49:43	24.35	--	8	19480	卖盘
14:49:38	24.35	-0.01	34	82790	卖盘
14:49:32	24.36	0.01	31	75516	买盘
14:49:28	24.35	-0.01	9	21915	卖盘
14:49:23	24.36	--	5	12180	买盘
14:49:13	24.36	--	38	92568	买盘
14:48:58	24.36	0.01	2	4872	买盘
14:48:53	24.35	--	18	43830	中性盘
14:48:43	24.35	-0.01	5	12175	买盘
14:48:38	24.36	--	0	0	买盘
14:48:28	24.36	--	17	41412	卖盘
14:48:17	24.36	-0.01	6	14616	买盘
14:48:13	24.37	--	0	0	买盘
14:48:08	24.37	0.01	15	36555	买盘
14:48:02	24.36	--	10	24360	卖盘
14:47:53	24.36	--	1	2436	卖盘
14:47:47	24.36	0.06	114	277704	买盘
14:47:38	24.3	-0.03	30	72900	卖盘
14:47:32	24.33	0.01	21	51093	买盘
14:47:22	24.32	0.02	9	21888	买盘
14:47:17	24.3	--	5	12150	卖盘
14:47:13	24.3	--	0	0	卖盘
14:47:07	24.3	-0.01	49	119070	卖盘
14:47:02	24.31	0.01	15	36465	买盘
14:46:52	24.3	--	0	0	卖盘
14:46:47	24.3	-0.03	57	138510	卖盘
14:46:43	24.33	--	0	0	买盘
14:46:37	24.33	0.03	14	34062	买盘
14:46:32	24.3	--	5	12150	卖盘
14:46:22	24.3	--	0	0	卖盘
14:46:17	24.3	-0.03	81	196830	卖盘
14:46:02	24.33	--	10	24330	买盘
14:45:57	24.33	--	0	0	买盘
14:45:52	24.33	0.03	1	2433	买盘
14:45:47	24.3	--	12	29160	卖盘
14:45:32	24.3	--	12	29160	卖盘
14:45:26	24.3	--	25	60750	买盘
14:45:22	24.3	--	2	4860	买盘
14:45:17	24.3	--	0	0	买盘
14:45:07	24.3	--	43	104490	买盘
14:44:56	24.3	0.02	13	31590	买盘
14:44:52	24.28	--	11	26708	卖盘
14:44:47	24.28	--	7	16996	卖盘
14:44:37	24.28	--	6	14568	卖盘
14:44:32	24.28	--	4	9712	买盘
14:44:26	24.28	--	5	12140	买盘
14:44:17	24.28	0.02	26	63128	买盘
14:44:11	24.26	-0.01	15	36390	卖盘
14:44:07	24.27	-0.01	22	53394	卖盘
14:43:56	24.28	-0.02	10	24280	卖盘
14:43:52	24.3	0.02	7	17010	买盘
14:43:47	24.28	-0.02	3	7284	卖盘
14:43:41	24.3	--	3	7290	买盘
14:43:37	24.3	--	3	7290	买盘
14:43:32	24.3	--	9	21870	卖盘
14:43:26	24.3	--	10	24300	卖盘
14:43:22	24.3	--	4	9720	卖盘
14:43:17	24.3	--	7	17010	卖盘
14:43:11	24.3	--	72	174960	卖盘
14:43:02	24.3	-0.01	6	14580	卖盘
14:42:56	24.31	--	1	2431	买盘
14:42:47	24.31	-0.01	28	68068	卖盘
14:42:41	24.32	0.01	7	17024	买盘
14:42:37	24.31	-0.01	11	26741	卖盘
14:42:26	24.32	--	2	4864	买盘
14:42:22	24.32	-0.01	23	55936	卖盘
14:42:11	24.33	-0.01	5	12165	卖盘
14:42:07	24.34	--	10	24340	买盘
14:42:02	24.34	--	3	7302	买盘
14:41:56	24.34	-0.01	29	70586	卖盘
14:41:47	24.35	--	1	2435	买盘
14:41:37	24.35	--	17	41395	卖盘
14:41:32	24.35	--	5	12175	卖盘
14:41:26	24.35	--	3	7305	卖盘
14:41:22	24.35	-0.01	9	21915	卖盘
14:41:17	24.36	0.01	1	2436	买盘
14:41:07	24.35	--	0	0	卖盘
14:41:01	24.35	--	6	14610	卖盘
14:40:56	24.35	--	0	0	卖盘
14:40:52	24.35	-0.02	100	243500	卖盘
14:40:46	24.37	--	0	0	中性盘
14:40:41	24.37	-0.01	21	51177	卖盘
14:40:37	24.38	--	3	7314	卖盘
14:40:31	24.38	0.02	2	4876	中性盘
14:40:22	24.36	-0.02	32	77952	卖盘
14:40:16	24.38	0.01	12	29256	买盘
14:40:11	24.37	--	13	31681	买盘
14:40:01	24.37	--	1	2437	卖盘
14:39:56	24.37	--	10	24370	卖盘
14:39:46	24.37	-0.01	48	116976	卖盘
14:39:31	24.38	0.01	25	60950	买盘
14:39:11	24.37	--	49	119413	买盘
14:39:05	24.37	--	2	4874	买盘
14:38:56	24.37	--	9	21933	买盘
14:38:46	24.37	--	31	75547	卖盘
14:38:41	24.37	-0.01	7	17059	卖盘
14:38:35	24.38	0.01	10	24380	买盘
14:38:31	24.37	--	8	19496	卖盘
14:38:26	24.37	--	30	73110	卖盘
14:38:11	24.37	--	15	36555	买盘
14:38:05	24.37	--	1	2437	买盘
14:38:01	24.37	--	3	7311	买盘
14:37:56	24.37	--	2	4874	买盘
14:37:46	24.37	--	23	56051	买盘
14:37:35	24.37	0.01	5	12185	买盘
14:37:20	24.36	-0.01	6	14616	卖盘
14:37:11	24.37	-0.01	49	119413	卖盘
14:37:05	24.38	0.01	2	4876	买盘
14:36:56	24.37	--	1	2437	卖盘
14:36:50	24.37	--	11	26807	买盘
14:36:35	24.37	0.01	8	19496	卖盘
14:36:20	24.36	--	0	0	卖盘
14:36:11	24.36	-0.02	5	12180	卖盘
14:36:05	24.38	--	4	9752	买盘
14:35:56	24.38	--	21	51198	买盘
14:35:50	24.38	--	10	24380	买盘
14:35:41	24.38	--	0	0	买盘
14:35:20	24.38	-0.01	18	43884	卖盘
14:35:11	24.39	--	6	14634	买盘
14:35:05	24.39	0.01	5	12195	买盘
14:35:01	24.38	--	3	7314	卖盘
14:34:56	24.38	-0.01	20	48760	卖盘
14:34:50	24.39	--	14	34146	卖盘
14:34:46	24.39	--	10	24390	卖盘
14:34:35	24.39	--	3	7317	卖盘
14:34:30	24.39	0.01	8	19512	买盘
14:34:20	24.38	-0.01	16	39008	卖盘
14:34:10	24.39	--	5	12195	买盘
14:33:55	24.39	--	0	0	中性盘
14:33:46	24.39	0.01	5	12195	卖盘
14:33:40	24.38	--	0	0	卖盘
14:33:30	24.38	-0.01	3	7314	卖盘
14:33:25	24.39	--	2	4878	卖盘
14:33:20	24.39	--	3	7317	买盘
14:33:10	24.39	-0.01	17	41463	卖盘
14:33:05	24.4	--	11	26962	卖盘
14:32:59	24.4	--	54	134078	买盘
14:32:50	24.4	--	11	26962	卖盘
14:32:40	24.4	--	23	56120	卖盘
14:32:35	24.4	-0.01	32	78080	卖盘
14:32:29	24.41	0.01	2	4882	买盘
14:32:25	24.4	--	20	48800	卖盘
14:32:20	24.4	-0.01	5	12200	卖盘
14:32:14	24.41	--	45	109845	卖盘
14:32:05	24.41	--	5	12205	买盘
14:31:50	24.41	-0.02	11	26851	卖盘
14:31:40	24.43	0.02	5	12215	买盘
14:31:35	24.41	-0.02	5	12205	卖盘
14:31:25	24.43	--	11	26873	买盘
14:31:20	24.43	--	24	58632	卖盘
14:31:14	24.43	--	25	61075	卖盘
14:31:05	24.43	-0.01	4	9772	卖盘
14:30:59	24.44	0.01	10	24440	买盘
14:30:55	24.43	--	4	9772	卖盘
14:30:50	24.43	-0.01	4	9772	卖盘
14:30:44	24.44	0.01	12	29328	买盘
14:30:40	24.43	-0.01	10	24430	卖盘
14:30:35	24.44	-0.01	46	112424	买盘
14:30:20	24.45	0.01	8	19560	买盘
14:30:05	24.44	-0.01	6	14664	卖盘
14:29:59	24.45	--	0	0	买盘
14:29:50	24.45	0.01	11	26895	买盘
14:29:25	24.44	--	60	146640	卖盘
14:29:20	24.44	-0.01	3	7332	卖盘
14:29:10	24.45	0.01	35	85575	买盘
14:29:05	24.44	--	23	56212	卖盘
14:28:59	24.44	--	19	46436	买盘
14:28:50	24.44	0.01	10	24440	买盘
14:28:44	24.43	--	2	4886	卖盘
14:28:40	24.43	--	5	12215	卖盘
14:28:35	24.43	-0.01	11	26873	卖盘
14:28:29	24.44	--	99	241956	买盘
14:28:20	24.44	--	1	2444	买盘
14:28:14	24.44	--	23	56212	买盘
14:27:59	24.44	0.01	17	41548	买盘
14:27:55	24.43	-0.01	29	70847	卖盘
14:27:40	24.44	--	21	51324	卖盘
14:27:29	24.44	--	20	48880	卖盘
14:27:24	24.44	--	20	48880	卖盘
14:27:19	24.44	--	3	7332	卖盘
14:27:10	24.44	-0.01	7	17108	卖盘
14:27:04	24.45	--	1	2445	买盘
14:26:59	24.45	0.01	52	127140	买盘
14:26:49	24.44	--	5	12220	卖盘
14:26:44	24.44	-0.01	11	26884	卖盘
14:26:39	24.45	0.01	2	4890	买盘
14:26:29	24.44	--	9	21996	卖盘
14:26:24	24.44	--	5	12220	卖盘
14:26:19	24.44	0.01	27	65988	买盘
14:26:08	24.43	--	1	2443	卖盘
14:26:04	24.43	--	10	24430	卖盘
14:25:59	24.43	--	3	7329	卖盘
14:25:53	24.43	0.02	16	39088	买盘
14:25:49	24.41	--	25	61025	卖盘
14:25:44	24.41	--	3	7323	卖盘
14:25:34	24.41	--	3	7323	买盘
14:25:23	24.41	--	28	68348	卖盘
14:25:19	24.41	--	3	7323	卖盘
14:25:14	24.41	--	5	12205	卖盘
14:25:04	24.41	--	41	100081	卖盘
14:24:59	24.41	0.01	40	97640	买盘
14:24:53	24.4	-0.01	30	73200	卖盘
14:24:49	24.41	--	1	2441	买盘
14:24:44	24.41	--	1	2441	买盘
14:24:38	24.41	-0.02	24	58584	卖盘
14:24:23	24.43	--	2	4886	买盘
14:24:19	24.43	--	18	43974	卖盘
14:24:14	24.43	-0.01	20	48860	卖盘
14:24:08	24.44	-0.01	5	12220	买盘
14:24:04	24.45	--	0	0	买盘
14:23:59	24.45	--	2	4890	卖盘
14:23:53	24.45	0.01	83	202935	买盘
14:23:38	24.44	--	33	80652	买盘
14:23:29	24.44	--	11	26884	买盘
14:23:23	24.44	--	12	29328	买盘
14:23:14	24.44	0.01	10	24440	买盘
14:22:44	24.43	--	1	2443	买盘
14:22:34	24.43	--	61	149023	买盘
14:22:23	24.43	--	8	19544	买盘
14:22:08	24.43	--	10	24430	买盘
14:22:04	24.43	--	0	0	买盘
14:21:59	24.43	0.03	8	19544	买盘
14:21:43	24.4	-0.03	55	134200	卖盘
14:21:38	24.43	0.01	2	4886	买盘
14:21:34	24.42	-0.01	7	17094	卖盘
14:21:23	24.43	0.01	24	58632	买盘
14:21:19	24.42	--	2	4884	卖盘
14:21:13	24.42	-0.01	21	51282	卖盘
14:21:08	24.43	0.01	17	41531	买盘
14:20:58	24.42	--	4	9768	卖盘
14:20:53	24.42	-0.01	5	12210	卖盘
14:20:48	24.43	0.02	10	24430	买盘
14:20:43	24.41	-0.01	5	14523	卖盘
14:20:33	24.42	-0.01	5	12210	卖盘
14:20:28	24.43	--	0	0	中性盘
14:20:23	24.43	--	1	2443	卖盘
14:20:08	24.43	-0.01	14	34202	买盘
14:19:58	24.44	0.02	71	173524	买盘
14:19:53	24.42	-0.01	6	14652	卖盘
14:19:43	24.43	--	6	14658	卖盘
14:19:28	24.43	-0.02	10	24430	卖盘
14:19:23	24.45	--	1	2445	卖盘
14:19:17	24.45	0.02	32	78240	买盘
14:19:13	24.43	--	0	0	卖盘
14:19:08	24.43	-0.01	15	36645	卖盘
14:19:02	24.44	--	8	19552	买盘
14:18:58	24.44	0.03	3	7332	买盘
14:18:53	24.41	-0.04	10	24410	卖盘
14:18:43	24.45	--	23	56235	买盘
14:18:38	24.45	0.01	52	127140	买盘
14:18:32	24.44	-0.01	5	12220	卖盘
14:18:23	24.45	0.04	39	95355	买盘
14:18:17	24.41	-0.03	7	17087	卖盘
14:18:13	24.44	--	5	12220	卖盘
14:18:02	24.44	0.01	17	41548	买盘
14:17:58	24.43	--	20	48860	买盘
14:17:53	24.43	0.03	3	7329	买盘
14:17:38	24.4	--	0	0	卖盘
14:17:32	24.4	--	4	9760	卖盘
14:17:17	24.4	--	31	75640	买盘
14:17:13	24.4	0.01	12	29280	买盘
14:17:08	24.39	--	2	4878	买盘
14:17:02	24.39	0.01	2	4878	买盘
14:16:53	24.38	0.02	22	56049	买盘
14:16:47	24.36	-0.02	4	9744	卖盘
14:16:38	24.38	--	8	19504	买盘
14:16:32	24.38	0.02	21	51198	买盘
14:16:28	24.36	-0.02	11	26796	卖盘
14:16:23	24.38	0.03	9	21942	买盘
14:16:02	24.35	--	6	14610	卖盘
14:15:58	24.35	--	1	2435	卖盘
14:15:43	24.35	0.02	55	133925	买盘
14:15:38	24.33	-0.02	22	53525	卖盘
14:15:32	24.35	0.03	10	24350	买盘
14:15:17	24.32	-0.01	55	133760	卖盘
14:15:13	24.33	--	47	114350	买盘
14:15:07	24.33	0.01	20	48660	买盘
14:14:52	24.32	--	24	58368	买盘
14:14:47	24.32	0.01	22	53504	买盘
14:14:37	24.31	-0.01	4	9724	卖盘
14:14:32	24.32	--	4	9728	买盘
14:14:17	24.32	0.01	43	104576	买盘
14:14:13	24.31	--	55	133705	卖盘
14:14:07	24.31	--	11	26741	买盘
14:13:57	24.31	0.01	66	162342	买盘
14:13:52	24.3	0.02	66	160380	买盘
14:13:47	24.28	--	21	50988	卖盘
14:13:32	24.28	--	33	80124	买盘
14:13:22	24.28	0.01	20	48560	买盘
14:13:17	24.27	--	1	2427	卖盘
14:13:02	24.27	--	4	9708	卖盘
14:12:47	24.27	-0.03	8	19416	卖盘
14:12:32	24.3	--	40	97200	卖盘
14:12:26	24.3	--	4	9720	卖盘
14:12:11	24.3	--	9	21870	卖盘
14:11:56	24.3	--	1	2430	卖盘
14:11:47	24.3	0.03	5	12150	买盘
14:11:41	24.27	-0.04	10	24270	卖盘
14:11:17	24.31	--	0	0	买盘
14:11:07	24.31	0.01	24	58344	买盘
14:11:02	24.3	-0.01	2	4860	卖盘
14:10:56	24.31	0.01	2	4862	买盘
14:10:52	24.3	--	7	17010	卖盘
14:10:47	24.3	-0.01	20	48600	卖盘
14:10:41	24.31	0.01	5	12155	买盘
14:10:37	24.3	--	2	4860	卖盘
14:10:32	24.3	--	2	4860	卖盘
14:10:26	24.3	0.03	245	595350	买盘
14:10:22	24.27	-0.01	10	24270	卖盘
14:10:17	24.28	0.01	4	9712	买盘
14:10:07	24.27	--	12	29124	卖盘
14:09:56	24.27	--	4	9708	卖盘
14:09:41	24.27	-0.01	3	7281	卖盘
14:09:37	24.28	0.01	11	26708	买盘
14:09:32	24.27	--	5	12135	卖盘
14:09:26	24.27	-0.01	1	2427	中性盘
14:09:22	24.28	--	0	0	买盘
14:09:16	24.28	0.04	34	82552	买盘
14:09:11	24.24	-0.02	2	4848	卖盘
14:08:56	24.26	0.02	2	4852	买盘
14:08:46	24.24	-0.01	50	121199	卖盘
14:08:41	24.25	-0.03	103	249775	卖盘
14:08:36	24.28	0.02	11	26708	买盘
14:08:31	24.26	--	7	16982	买盘
14:08:16	24.26	--	2	4852	买盘
14:08:11	24.26	--	11	26686	买盘
14:08:06	24.26	-0.02	198	480348	卖盘
14:08:01	24.28	--	11	26708	买盘
14:07:51	24.28	--	3	7284	买盘
14:07:46	24.28	--	26	63128	卖盘
14:07:41	24.28	--	11	26708	卖盘
14:07:26	24.28	-0.01	4	9712	卖盘
14:07:21	24.29	0.01	1	2429	买盘
14:07:16	24.28	0.01	48	116544	买盘
14:07:11	24.27	-0.01	4	9708	卖盘
14:06:56	24.28	--	5	12140	卖盘
14:06:50	24.28	-0.01	20	48560	卖盘
14:06:41	24.29	--	3	7821	卖盘
14:06:31	24.29	--	2	4858	卖盘
14:06:26	24.29	--	13	33471	买盘
14:06:01	24.29	--	11	26719	买盘
14:05:56	24.29	--	2	5392	卖盘
14:05:50	24.29	--	9	21861	卖盘
14:05:35	24.29	--	8	19432	卖盘
14:05:31	24.29	0.01	30	74764	买盘
14:05:26	24.28	--	11	26708	买盘
14:05:11	24.28	-0.01	3	7284	卖盘
14:05:05	24.29	0.01	5	12145	买盘
14:05:01	24.28	--	25	60700	卖盘
14:04:56	24.28	--	1	2428	卖盘
14:04:41	24.28	--	2	4856	卖盘
14:04:31	24.28	-0.01	3	7284	买盘
14:04:16	24.29	0.01	36	87444	买盘
14:04:11	24.28	--	21	50988	卖盘
14:04:05	24.28	--	23	55844	卖盘
14:04:01	24.28	--	4	9712	卖盘
14:03:56	24.28	0.01	2	4856	买盘
14:03:46	24.27	--	0	0	卖盘
14:03:41	24.27	--	1	2427	卖盘
14:03:35	24.27	-0.02	53	128631	卖盘
14:03:31	24.29	0.02	1	2429	买盘
14:03:16	24.27	-0.02	3	7281	卖盘
14:03:01	24.29	0.02	2	4858	买盘
14:02:56	24.27	-0.01	8	19416	卖盘
14:02:50	24.28	0.01	25	60700	买盘
14:02:41	24.27	--	3	7281	卖盘
14:02:31	24.27	--	3	7281	卖盘
14:02:16	24.27	0.02	15	36405	买盘
14:02:10	24.25	-0.02	10	24250	卖盘
14:01:55	24.27	--	24	58248	卖盘
14:01:50	24.27	--	10	24270	卖盘
14:01:20	24.27	--	4	9708	卖盘
14:01:15	24.27	0.01	6	14562	买盘
14:01:05	24.26	--	2	4852	卖盘
14:00:55	24.26	--	2	4852	卖盘
14:00:45	24.26	--	1	2426	买盘
14:00:40	24.26	--	4	9704	卖盘
14:00:30	24.26	--	11	26686	卖盘
14:00:15	24.26	--	4	9704	卖盘
14:00:05	24.26	0.01	17	41242	买盘
13:59:50	24.25	-0.01	4	9700	卖盘
13:59:40	24.26	0.01	2	4852	买盘
13:59:25	24.25	--	5	12125	卖盘
13:59:20	24.25	-0.01	9	21825	卖盘
13:59:14	24.26	0.02	1	2426	买盘
13:59:10	24.24	-0.01	103	249671	卖盘
13:59:05	24.25	--	29	70325	买盘
13:58:59	24.25	--	2	4850	买盘
13:58:55	24.25	--	1	2425	买盘
13:58:50	24.25	0.02	3	7275	卖盘
13:58:35	24.23	--	0	0	卖盘
13:58:20	24.23	--	0	0	卖盘
13:58:10	24.23	-0.04	25	60575	卖盘
13:58:05	24.27	0.04	10	24270	买盘
13:57:59	24.23	--	0	0	卖盘
13:57:55	24.23	-0.05	61	147803	卖盘
13:57:40	24.28	--	2	4856	买盘
13:57:35	24.28	--	4	9712	买盘
13:57:29	24.28	0.05	2	4856	买盘
13:57:25	24.23	-0.05	250	605750	卖盘
13:57:20	24.28	--	11	26708	买盘
13:57:14	24.28	--	1	2428	买盘
13:57:05	24.28	--	58	140824	买盘
13:56:59	24.28	--	24	58272	卖盘
13:56:35	24.28	-0.01	1	2428	卖盘
13:56:29	24.29	--	2	4858	买盘
13:56:25	24.29	--	0	0	买盘
13:56:20	24.29	--	1	2429	买盘
13:56:05	24.29	--	21	51543	卖盘
13:55:55	24.29	-0.01	0	1894	卖盘
13:55:44	24.3	0.01	1	2430	买盘
13:55:35	24.29	--	15	36435	卖盘
13:55:19	24.29	--	5	12145	卖盘
13:54:59	24.29	-0.01	6	14574	卖盘
13:54:29	24.3	--	0	0	买盘
13:54:25	24.3	0.03	1	2430	买盘
13:54:19	24.27	--	0	0	卖盘
13:54:09	24.27	-0.02	140	339780	卖盘
13:53:54	24.29	--	0	0	中性盘
13:53:34	24.29	--	4	9716	买盘
13:53:24	24.29	--	1	2429	买盘
13:53:19	24.29	0.01	1	2429	买盘
13:53:14	24.28	-0.01	9	21852	卖盘
13:52:59	24.29	0.01	4	9716	买盘
13:52:49	24.28	-0.01	15	36420	卖盘
13:52:44	24.29	--	1	2429	买盘
13:52:34	24.29	--	8	19432	卖盘
13:52:19	24.29	0.01	7	17003	买盘
13:52:04	24.28	--	5	12140	卖盘
13:51:59	24.28	--	0	0	卖盘
13:51:49	24.28	-0.01	60	145680	卖盘
13:51:34	24.29	--	15	36435	买盘
13:51:14	24.29	--	13	31577	卖盘
13:51:04	24.29	--	1	2429	卖盘
13:50:59	24.29	--	10	24290	卖盘
13:50:49	24.29	--	2	4858	卖盘
13:50:44	24.29	--	6	14574	卖盘
13:50:34	24.29	-0.01	61	148169	卖盘
13:50:23	24.3	--	25	60750	卖盘
13:50:08	24.3	--	2	4860	卖盘
13:49:59	24.3	--	1	2430	卖盘
13:49:53	24.3	--	3	7290	卖盘
13:49:48	24.3	--	5	12150	卖盘
13:49:38	24.3	--	52	126360	卖盘
13:49:23	24.3	--	8	19440	卖盘
13:49:19	24.3	--	4	9720	卖盘
13:49:14	24.3	--	5	12150	卖盘
13:49:03	24.3	-0.01	5	12150	卖盘
13:48:59	24.31	--	33	80223	买盘
13:48:33	24.31	--	2	4862	买盘
13:48:28	24.31	--	3	7293	买盘
13:48:23	24.31	--	3	7293	买盘
13:48:08	24.31	--	5	12155	买盘
13:47:43	24.31	--	1	2431	买盘
13:47:38	24.31	--	2	4862	买盘
13:47:08	24.31	--	27	65637	卖盘
13:46:28	24.31	--	18	43758	卖盘
13:45:58	24.31	--	11	26741	买盘
13:45:53	24.31	0.01	2	4862	买盘
13:45:43	24.3	-0.01	12	29160	卖盘
13:45:28	24.31	0.01	20	48620	买盘
13:45:23	24.3	-0.01	24	58320	卖盘
13:45:12	24.31	--	4	9724	买盘
13:44:58	24.31	--	4	9724	买盘
13:44:43	24.31	--	2	4862	买盘
13:44:28	24.31	--	3	7293	买盘
13:44:23	24.31	-0.01	27	65637	卖盘
13:44:08	24.32	0.01	36	87552	买盘
13:43:58	24.31	0.01	3	7293	卖盘
13:43:43	24.3	-0.01	5	12150	卖盘
13:43:38	24.31	0.01	8	19448	买盘
13:43:32	24.3	-0.01	8	19440	卖盘
13:43:23	24.31	--	3	7293	买盘
13:43:17	24.31	--	2	4862	买盘
13:43:08	24.31	--	3	7293	买盘
13:43:02	24.31	--	13	31603	买盘
13:42:47	24.31	0.01	2	4862	买盘
13:42:43	24.3	-0.01	20	48600	卖盘
13:42:37	24.31	--	4	9724	买盘
13:42:17	24.31	--	5	12155	卖盘
13:42:02	24.31	--	10	24310	卖盘
13:41:57	24.31	--	4	9724	卖盘
13:41:52	24.31	-0.01	3	7293	卖盘
13:41:32	24.32	--	0	0	买盘
13:41:23	24.32	--	3	7296	买盘
13:41:17	24.32	-0.02	10	24320	卖盘
13:41:12	24.34	--	0	0	买盘
13:41:02	24.34	0.04	3	7302	买盘
13:40:57	24.3	--	0	0	卖盘
13:40:47	24.3	-0.02	56	136080	卖盘
13:40:32	24.32	0.01	3	7296	卖盘
13:40:28	24.31	--	0	0	卖盘
13:40:22	24.31	-0.01	5	12155	卖盘
13:40:17	24.32	--	8	19456	买盘
13:39:57	24.32	--	5	12160	卖盘
13:39:52	24.32	--	2	4864	卖盘
13:39:32	24.32	0.01	6	14592	卖盘
13:39:27	24.31	--	0	0	卖盘
13:39:22	24.31	--	123	299013	卖盘
13:39:17	24.31	-0.01	7	17017	卖盘
13:39:12	24.32	0.01	5	12160	买盘
13:39:07	24.31	-0.01	20	48620	卖盘
13:38:52	24.32	-0.01	11	26752	卖盘
13:38:37	24.33	-0.01	63	153279	卖盘
13:38:22	24.34	--	0	0	中性盘
13:38:17	24.34	--	19	46246	卖盘
13:37:52	24.34	--	2	4868	卖盘
13:37:41	24.34	--	19	46246	卖盘
13:37:17	24.34	--	51	124134	买盘
13:37:11	24.34	--	10	24340	买盘
13:37:07	24.34	--	97	236098	买盘
13:36:47	24.34	0.01	20	48680	买盘
13:36:36	24.33	--	22	53525	卖盘
13:36:31	24.33	-0.01	8	19464	卖盘
13:36:26	24.34	--	205	498970	买盘
13:36:21	24.34	--	5	12170	买盘
13:36:17	24.34	--	20	48680	买盘
13:36:11	24.34	0.01	19	46246	卖盘
13:36:02	24.33	--	0	0	卖盘
13:35:52	24.33	-0.01	2	4866	卖盘
13:35:47	24.34	--	10	24340	买盘
13:35:31	24.34	-0.01	10	24340	买盘
13:35:17	24.35	--	0	0	买盘
13:35:11	24.35	0.01	10	24350	买盘
13:35:01	24.34	--	10	24340	买盘
13:34:56	24.34	-0.01	12	29208	卖盘
13:34:47	24.35	--	9	21915	买盘
13:34:41	24.35	--	8	19480	买盘
13:34:32	24.35	--	2	4870	买盘
13:34:26	24.35	0.01	2	4870	买盘
13:34:06	24.34	0.02	61	148474	买盘
13:34:01	24.32	0.01	10	24320	卖盘
13:33:56	24.31	--	0	0	卖盘
13:33:46	24.31	--	0	0	中性盘
13:33:41	24.31	0.01	2	4862	买盘
13:33:36	24.3	--	5	12150	卖盘
13:33:26	24.3	-0.01	15	36450	卖盘
13:33:21	24.31	--	58	140998	卖盘
13:33:16	24.31	--	1	2431	卖盘
13:33:11	24.31	0.01	41	99671	买盘
13:33:05	24.3	-0.01	2	4860	卖盘
13:33:01	24.31	--	43	104533	买盘
13:32:56	24.31	--	20	48620	买盘
13:32:51	24.31	--	15	36465	卖盘
13:32:36	24.31	0.01	16	38896	买盘
13:32:26	24.3	--	13	31590	卖盘
13:32:20	24.3	-0.01	92	223560	卖盘
13:32:01	24.31	0.01	1	2431	买盘
13:31:46	24.3	--	3	7290	卖盘
13:31:31	24.3	-0.01	11	26730	卖盘
13:31:16	24.31	0.01	1	2431	买盘
13:31:11	24.3	-0.01	5	12150	卖盘
13:31:01	24.31	--	3	7293	卖盘
13:30:45	24.31	0.01	3	7293	买盘
13:30:26	24.3	--	8	19440	卖盘
13:30:05	24.3	--	2	4860	卖盘
13:29:56	24.3	-0.01	11	26730	卖盘
13:29:50	24.31	0.01	4	9724	中性盘
13:29:45	24.3	--	2	4860	卖盘
13:29:35	24.3	--	1	2430	买盘
13:29:30	24.3	--	10	24300	买盘
13:29:05	24.3	0.01	10	24300	卖盘
13:28:50	24.29	--	0	0	卖盘
13:28:41	24.29	--	3	7287	卖盘
13:28:35	24.29	--	5	12145	买盘
13:28:15	24.29	--	10	24290	卖盘
13:28:05	24.29	-0.01	40	97160	卖盘
13:28:00	24.3	--	12	29160	买盘
13:27:56	24.3	-0.01	68	165240	卖盘
13:27:50	24.31	--	0	0	中性盘
13:27:45	24.31	--	0	0	买盘
13:27:40	24.31	0.01	1	2431	买盘
13:27:35	24.3	--	2	4860	卖盘
13:27:30	24.3	--	1	2430	卖盘
13:27:25	24.3	--	2	4860	卖盘
13:27:15	24.3	--	19	46170	卖盘
13:27:10	24.3	-0.01	3	7290	卖盘
13:26:45	24.31	--	1	2431	买盘
13:26:40	24.31	--	10	24310	买盘
13:26:35	24.31	--	10	24310	买盘
13:26:25	24.31	--	38	92378	卖盘
13:26:20	24.31	--	1	2431	卖盘
13:26:10	24.31	--	5	12155	卖盘
13:26:05	24.31	--	11	26741	卖盘
13:25:29	24.31	--	37	89947	卖盘
13:25:05	24.31	-0.02	7	17017	卖盘
13:24:40	24.33	--	1	2433	买盘
13:24:25	24.33	--	1	2433	买盘
13:24:10	24.33	--	0	0	买盘
13:24:05	24.33	-0.01	1	2433	买盘
13:23:44	24.34	--	0	0	买盘
13:23:39	24.34	0.02	106	258004	买盘
13:23:35	24.32	-0.02	7	17024	卖盘
13:23:20	24.34	--	12	29208	卖盘
13:23:14	24.34	--	33	80322	卖盘
13:23:10	24.34	--	6	14604	卖盘
13:23:05	24.34	--	23	55982	卖盘
13:22:59	24.34	0.01	11	26774	买盘
13:22:50	24.33	-0.01	15	36495	卖盘
13:22:29	24.34	-0.01	10	24340	中性盘
13:22:14	24.35	--	1	2435	买盘
13:22:05	24.35	-0.01	69	168015	卖盘
13:21:59	24.36	--	27	65772	卖盘
13:21:39	24.36	0.01	1	2436	买盘
13:21:20	24.35	0.02	23	56005	买盘
13:21:04	24.33	--	9	21897	买盘
13:20:49	24.33	0.01	6	14597	买盘
13:20:44	24.32	--	4	9728	卖盘
13:20:29	24.32	--	2	4864	买盘
13:20:19	24.32	0.01	10	24320	买盘
13:19:54	24.31	0.02	24	58344	买盘
13:19:44	24.29	-0.02	83	201607	卖盘
13:19:39	24.31	0.01	3	7293	买盘
13:19:34	24.3	--	1	2430	卖盘
13:19:19	24.3	--	15	36450	卖盘
13:19:14	24.3	-0.01	10	24300	卖盘
13:19:09	24.31	--	16	38896	买盘
13:19:04	24.31	--	4	9724	买盘
13:18:54	24.31	--	23	55913	卖盘
13:18:49	24.31	-0.01	11	26741	卖盘
13:18:44	24.32	--	2	4864	卖盘
13:18:29	24.32	--	5	12160	卖盘
13:18:19	24.32	--	2	4864	买盘
13:17:59	24.32	-0.01	1	2432	中性盘
13:17:53	24.33	--	0	0	买盘
13:17:33	24.33	-0.02	37	90021	卖盘
13:16:48	24.35	0.02	45	109575	买盘
13:16:33	24.33	--	0	0	卖盘
13:16:29	24.33	-0.02	49	119216	卖盘
13:16:08	24.35	--	2	4870	卖盘
13:15:59	24.35	--	4	9740	卖盘
13:15:53	24.35	0.01	3	7305	买盘
13:15:48	24.34	--	3	7302	卖盘
13:15:08	24.34	--	5	12170	卖盘
13:14:53	24.34	--	1	2434	卖盘
13:14:29	24.34	-0.01	12	29208	卖盘
13:14:13	24.35	--	7	17045	卖盘
13:13:58	24.35	-0.01	5	12175	卖盘
13:13:53	24.36	0.01	16	38976	买盘
13:13:28	24.35	-0.01	3	7305	卖盘
13:13:23	24.36	--	10	24360	买盘
13:12:58	24.36	--	4	9744	买盘
13:12:53	24.36	0.01	2	4872	买盘
13:12:43	24.35	-0.03	4	9740	卖盘
13:12:33	24.38	--	0	0	买盘
13:12:28	24.38	0.02	20	48760	买盘
13:12:23	24.36	--	99	241164	卖盘
13:12:13	24.36	-0.02	10	24360	卖盘
13:12:02	24.38	--	0	0	买盘
13:11:58	24.38	0.02	6	14628	买盘
13:11:38	24.36	--	3	7308	买盘
13:11:28	24.36	--	3	7308	买盘
13:11:23	24.36	0.01	3	7308	买盘
13:10:53	24.35	0.01	1	2435	买盘
13:10:47	24.34	-0.01	3	7302	卖盘
13:10:43	24.35	0.01	1	2435	买盘
13:10:32	24.34	--	2	4868	买盘
13:10:27	24.34	--	3	7302	买盘
13:10:23	24.34	0.01	2	4868	买盘
13:10:02	24.33	0.03	1	2433	买盘
13:09:42	24.3	--	0	0	卖盘
13:09:27	24.3	0.01	14	34020	卖盘
13:09:23	24.29	--	0	0	卖盘
13:09:17	24.29	--	162	393498	卖盘
13:08:57	24.29	-0.01	42	102018	卖盘
13:08:53	24.3	--	34	82620	买盘
13:08:47	24.3	--	6	14580	买盘
13:08:42	24.3	--	12	29160	买盘
13:08:38	24.3	--	12	29160	买盘
13:08:32	24.3	--	1	2430	买盘
13:08:22	24.3	0.01	3	7290	买盘
13:08:17	24.29	--	6	14574	卖盘
13:08:07	24.29	--	76	184604	买盘
13:08:02	24.29	0.01	1	2429	买盘
13:07:52	24.28	-0.01	2	4856	卖盘
13:07:37	24.29	--	40	97160	卖盘
13:07:17	24.29	-0.01	1	2429	卖盘
13:07:12	24.3	--	2	4860	买盘
13:07:07	24.3	--	6	14580	买盘
13:06:47	24.3	--	20	48600	卖盘
13:06:02	24.3	--	3	7290	买盘
13:05:52	24.3	0.01	5	12150	买盘
13:05:37	24.29	--	0	0	中性盘
13:05:32	24.29	--	9	21861	买盘
13:05:27	24.29	--	1	2429	买盘
13:05:21	24.29	0.01	20	48580	买盘
13:05:17	24.28	-0.01	4	9712	卖盘
13:05:11	24.29	--	27	65583	买盘
13:05:02	24.29	0.02	8	19432	买盘
13:04:56	24.27	-0.01	28	67956	卖盘
13:04:52	24.28	--	2	4856	卖盘
13:04:47	24.28	--	11	26708	买盘
13:04:37	24.28	-0.01	26	63128	卖盘
13:04:32	24.29	--	10	24290	买盘
13:04:22	24.29	--	3	7287	买盘
13:04:02	24.29	--	34	82586	卖盘
13:03:52	24.29	-0.02	16	38864	卖盘
13:03:41	24.31	0.01	3	7293	买盘
13:03:37	24.3	--	1	2430	卖盘
13:03:26	24.3	-0.01	10	24300	卖盘
13:03:11	24.31	-0.01	11	26741	卖盘
13:02:56	24.32	--	1	2432	买盘
13:02:41	24.32	--	5	12160	卖盘
13:02:31	24.32	--	0	0	中性盘
13:02:26	24.32	--	2	4864	买盘
13:02:17	24.32	--	3	7296	买盘
13:02:01	24.32	0.02	4	9728	买盘
13:01:56	24.3	-0.01	3	7290	卖盘
13:01:51	24.31	--	10	24310	买盘
13:01:46	24.31	-0.01	2	4862	卖盘
13:01:41	24.32	--	0	0	中性盘
13:01:31	24.32	--	0	0	中性盘
13:01:21	24.32	-0.02	1	2432	卖盘
13:00:31	24.34	--	39	94926	卖盘
13:00:11	24.34	--	43	104662	卖盘
13:00:06	24.34	--	197	479498	卖盘
13:00:01	24.34	--	10	24340	卖盘
11:30:00	24.34	--	0	0	卖盘
11:30:00	24.34	--	0	0	卖盘
11:29:52	24.34	--	6	14604	卖盘
11:29:31	24.34	--	4	9736	卖盘
11:29:27	24.34	-0.01	30	73020	卖盘
11:29:22	24.35	0.01	3	7305	买盘
11:28:46	24.34	--	20	48680	卖盘
11:28:42	24.34	--	7	17038	卖盘
11:28:31	24.34	--	3	7302	卖盘
11:28:22	24.34	--	11	26774	买盘
11:28:16	24.34	-0.01	3	7302	中性盘
11:28:12	24.35	0.02	7	17045	买盘
11:28:07	24.33	--	3	7298	卖盘
11:28:01	24.33	-0.01	20	48660	卖盘
11:27:52	24.34	--	4	9736	买盘
11:27:46	24.34	--	2	4868	买盘
11:27:37	24.34	0.01	1	2434	买盘
11:27:27	24.33	--	11	26762	卖盘
11:27:22	24.33	--	10	24330	卖盘
11:27:16	24.33	--	14	34062	买盘
11:27:07	24.33	--	10	24330	买盘
11:27:01	24.33	--	4	9732	买盘
11:26:46	24.33	0.03	1	2433	买盘
11:26:37	24.3	-0.02	16	38880	卖盘
11:26:31	24.32	0.02	5	12160	买盘
11:26:27	24.3	-0.02	3	7290	卖盘
11:26:21	24.32	--	1	2432	买盘
11:26:12	24.32	0.02	2	4864	买盘
11:25:57	24.3	0.01	4	9720	买盘
11:25:52	24.29	0.01	6	14574	卖盘
11:25:46	24.28	--	0	0	卖盘
11:25:37	24.28	--	4	9712	卖盘
11:25:31	24.28	-0.01	7	16996	卖盘
11:25:27	24.29	0.01	10	24290	买盘
11:25:22	24.28	-0.01	10	24280	中性盘
11:25:16	24.29	0.01	35	85015	买盘
11:25:11	24.28	--	92	223376	卖盘
11:25:07	24.28	-0.01	57	138396	卖盘
11:25:01	24.29	--	53	128737	买盘
11:24:56	24.29	0.01	8	19432	买盘
11:24:51	24.28	-0.01	13	31564	卖盘
11:24:46	24.29	--	37	89873	买盘
11:24:36	24.29	--	25	60725	买盘
11:24:31	24.29	--	10	24290	买盘
11:24:25	24.29	--	8	19432	买盘
11:24:22	24.29	--	7	17003	买盘
11:24:16	24.29	--	6	14574	买盘
11:24:01	24.29	0.01	30	72870	买盘
11:23:55	24.28	-0.01	23	55844	卖盘
11:23:52	24.29	--	10	24290	买盘
11:23:46	24.29	0.01	26	63154	买盘
11:23:36	24.28	-0.01	3	7284	卖盘
11:23:31	24.29	0.01	13	31577	买盘
11:23:25	24.28	-0.01	9	21852	卖盘
11:23:21	24.29	0.01	2	4858	买盘
11:23:16	24.28	-0.01	39	94692	卖盘
11:23:10	24.29	--	20	48580	买盘
11:23:07	24.29	--	2	4858	买盘
11:23:01	24.29	-0.01	87	211323	卖盘
11:22:55	24.3	0.01	4	9720	买盘
11:22:51	24.29	--	32	77728	卖盘
11:22:46	24.29	-0.01	16	38864	卖盘
11:22:36	24.3	--	79	193185	卖盘
11:22:31	24.3	--	2	4860	卖盘
11:22:25	24.3	-0.03	10	24300	卖盘
11:22:10	24.33	-0.01	5	12165	中性盘
11:22:06	24.34	0.04	2	4868	买盘
11:22:01	24.3	-0.03	62	150660	卖盘
11:21:55	24.33	--	3	7298	卖盘
11:21:46	24.33	--	2	4866	卖盘
11:21:40	24.33	--	22	53525	卖盘
11:21:25	24.33	0.02	15	36495	买盘
11:21:16	24.31	-0.02	3	7293	卖盘
11:21:10	24.33	--	3	7298	卖盘
11:21:01	24.33	--	12	29195	买盘
11:20:46	24.33	0.03	6	14597	卖盘
11:20:31	24.3	--	0	0	卖盘
11:20:25	24.3	-0.03	68	165240	卖盘
11:20:21	24.33	--	12	29195	卖盘
11:20:16	24.33	-0.02	5	12165	卖盘
11:20:10	24.35	0.01	22	53570	买盘
11:19:55	24.34	-0.01	5	12170	卖盘
11:19:51	24.35	-0.01	6	14610	卖盘
11:19:46	24.36	0.01	13	31668	买盘
11:19:40	24.35	-0.01	3	7305	卖盘
11:19:16	24.36	--	12	29232	卖盘
11:19:10	24.36	-0.01	4	9744	卖盘
11:19:01	24.37	--	0	0	中性盘
11:18:49	24.37	-0.01	10	24370	卖盘
11:18:25	24.38	--	5	12190	买盘
11:18:19	24.38	--	0	0	中性盘
11:18:15	24.38	--	5	12190	卖盘
11:18:10	24.38	--	0	0	中性盘
11:18:04	24.38	--	0	0	中性盘
11:17:45	24.38	0.03	3	7314	买盘
11:17:30	24.35	--	0	0	卖盘
11:17:25	24.35	--	5	12175	卖盘
11:16:45	24.35	--	7	17045	买盘
11:16:19	24.35	0.01	1	2435	买盘
11:16:10	24.34	--	12	29208	卖盘
11:16:00	24.34	--	10	24340	卖盘
11:15:55	24.34	-0.01	1	2434	卖盘
11:15:49	24.35	0.01	1	2435	买盘
11:15:30	24.34	--	21	51114	买盘
11:15:19	24.34	--	3	7302	卖盘
11:15:10	24.34	--	7	17038	卖盘
11:15:04	24.34	--	1	2434	买盘
11:15:00	24.34	--	4	9736	买盘
11:14:55	24.34	--	1	2434	买盘
11:14:49	24.34	--	16	38944	买盘
11:14:25	24.34	--	10	24340	买盘
11:14:19	24.34	0.01	14	34076	买盘
11:14:15	24.33	--	2	4866	卖盘
11:14:10	24.33	-0.01	4	9732	卖盘
11:14:04	24.34	--	2	4868	买盘
11:13:49	24.34	--	16	38944	买盘
11:13:45	24.34	--	37	90058	买盘
11:13:34	24.34	--	19	46246	买盘
11:13:25	24.34	0.02	2	4868	买盘
11:13:10	24.32	--	18	43776	卖盘
11:13:04	24.32	0.01	4	9728	买盘
11:12:54	24.31	--	0	0	卖盘
11:12:45	24.31	-0.01	7	17017	卖盘
11:12:34	24.32	--	2	4864	卖盘
11:12:30	24.32	--	47	114304	买盘
11:12:09	24.32	--	19	46208	卖盘
11:12:04	24.32	0.01	1	2432	卖盘
11:11:54	24.31	--	0	0	卖盘
11:11:49	24.31	--	10	24310	卖盘
11:11:44	24.31	-0.03	20	48620	卖盘
11:11:39	24.34	0.03	14	34076	买盘
11:11:24	24.31	0.01	3	8508	买盘
11:11:19	24.3	-0.01	7	17010	卖盘
11:11:09	24.31	0.01	31	75361	中性盘
11:11:04	24.3	-0.03	63	153090	卖盘
11:10:58	24.33	--	22	54742	买盘
11:10:54	24.33	--	24	58391	买盘
11:10:49	24.33	--	5	12165	买盘
11:10:34	24.33	0.01	12	29195	买盘
11:10:28	24.32	-0.01	10	24320	卖盘
11:10:19	24.33	-0.01	15	36495	卖盘
11:10:04	24.34	-0.01	5	12170	卖盘
11:09:43	24.35	-0.04	88	214280	卖盘
11:09:19	24.39	-0.01	20	48780	卖盘
11:08:49	24.4	--	7	17080	卖盘
11:08:43	24.4	--	17	41480	卖盘
11:08:34	24.4	--	71	173240	卖盘
11:08:13	24.4	-0.01	44	107360	卖盘
11:08:04	24.41	-0.01	29	70789	卖盘
11:07:58	24.42	--	2	4884	卖盘
11:07:49	24.42	-0.01	28	68376	卖盘
11:07:28	24.43	--	6	14658	卖盘
11:07:24	24.43	-0.02	10	24430	卖盘
11:07:09	24.45	--	4	9780	卖盘
11:06:48	24.45	-0.01	50	122250	卖盘
11:06:43	24.46	0.01	41	100286	买盘
11:06:34	24.45	0.02	38	92910	买盘
11:06:28	24.43	-0.02	4	9772	卖盘
11:06:13	24.45	-0.01	2	4890	卖盘
11:05:58	24.46	-0.03	15	36690	卖盘
11:05:43	24.49	0.03	1	2449	买盘
11:05:33	24.46	--	8	19568	卖盘
11:05:28	24.46	--	2	4892	买盘
11:05:18	24.46	--	3	7338	卖盘
11:05:07	24.46	0.01	2	4892	卖盘
11:04:58	24.45	--	0	0	卖盘
11:04:37	24.45	--	5	12225	卖盘
11:04:33	24.45	--	2	4890	卖盘
11:04:28	24.45	-0.04	1	2445	卖盘
11:04:03	24.49	0.04	9	22041	买盘
11:03:58	24.45	-0.03	46	112470	卖盘
11:03:33	24.48	--	5	12240	买盘
11:03:18	24.48	-0.01	1	2448	买盘
11:03:03	24.49	--	0	0	买盘
11:02:58	24.49	--	4	9796	买盘
11:02:52	24.49	--	11	26939	买盘
11:02:33	24.49	-0.01	8	19592	买盘
11:02:28	24.5	0.01	100	245000	买盘
11:02:22	24.49	0.04	12	29387	卖盘
11:02:13	24.45	-0.05	10	24450	卖盘
11:02:07	24.5	--	39	95550	买盘
11:01:58	24.5	--	0	0	买盘
11:01:48	24.5	0.05	2	4900	买盘
11:01:37	24.45	-0.05	152	371640	卖盘
11:01:33	24.5	--	53	129850	卖盘
11:01:28	24.5	--	32	78400	卖盘
11:01:22	24.5	--	11	26950	卖盘
11:01:18	24.5	-0.01	51	124950	卖盘
11:01:13	24.51	0.01	1	2451	买盘
11:01:07	24.5	--	50	122500	卖盘
11:00:58	24.5	-0.01	10	24500	卖盘
11:00:43	24.51	0.01	9	22059	买盘
11:00:37	24.5	-0.01	23	56350	卖盘
11:00:33	24.51	--	20	49020	买盘
11:00:28	24.51	--	62	151962	卖盘
11:00:22	24.51	--	2	4902	卖盘
10:59:52	24.51	-0.01	60	147060	卖盘
10:59:48	24.52	0.01	3	7356	买盘
10:59:37	24.51	--	1	2451	卖盘
10:59:33	24.51	-0.01	2	4902	中性盘
10:59:27	24.52	0.01	6	14712	买盘
10:59:22	24.51	--	0	0	卖盘
10:59:12	24.51	0.01	15	36765	买盘
10:59:07	24.5	--	1	2450	卖盘
10:59:02	24.5	-0.01	9	22050	卖盘
10:58:57	24.51	0.01	9	22059	买盘
10:58:52	24.5	-0.02	12	29400	卖盘
10:58:46	24.52	0.02	2	4904	买盘
10:58:42	24.5	-0.01	3	7350	卖盘
10:58:37	24.51	-0.01	2	4902	中性盘
10:58:31	24.52	0.02	11	26972	买盘
10:58:27	24.5	--	37	90650	卖盘
10:58:16	24.5	--	7	17150	卖盘
10:58:12	24.5	-0.02	42	102900	卖盘
10:58:07	24.52	-0.01	7	17164	买盘
10:58:01	24.53	--	0	0	买盘
10:57:57	24.53	0.03	51	125103	买盘
10:57:52	24.5	--	4	9800	卖盘
10:57:42	24.5	-0.03	2	4900	卖盘
10:57:37	24.53	0.03	19	46607	买盘
10:57:27	24.5	--	77	188650	卖盘
10:57:22	24.5	--	82	200900	卖盘
10:57:12	24.5	--	4	9800	卖盘
10:57:07	24.5	--	10	24500	卖盘
10:57:01	24.5	-0.04	10	24500	卖盘
10:56:57	24.54	0.06	85	208590	买盘
10:56:52	24.48	--	5	12240	买盘
10:56:46	24.48	-0.02	2	4896	买盘
10:56:42	24.5	0.04	21	51450	买盘
10:56:37	24.46	--	10	24460	卖盘
10:56:27	24.46	--	3	7338	卖盘
10:56:22	24.46	0.01	5	12230	卖盘
10:56:16	24.45	0.04	25	61125	买盘
10:55:57	24.41	0.01	9	21969	买盘
10:55:42	24.4	0.01	66	161040	买盘
10:55:37	24.39	--	50	121950	卖盘
10:55:22	24.39	--	7	17073	买盘
10:55:07	24.39	0.01	4	9756	买盘
10:55:01	24.38	-0.01	15	36570	卖盘
10:54:46	24.39	0.01	18	43902	买盘
10:54:42	24.38	--	1	2438	卖盘
10:54:31	24.38	--	4	9752	卖盘
10:54:22	24.38	0.01	43	104834	买盘
10:54:16	24.37	-0.01	2	4874	卖盘
10:54:12	24.38	--	1	2438	买盘
10:54:07	24.38	--	3	7314	买盘
10:54:01	24.38	0.01	7	17066	买盘
10:53:52	24.37	--	15	36555	卖盘
10:53:37	24.37	--	2	4874	买盘
10:53:31	24.37	--	17	41429	买盘
10:53:16	24.37	0.01	11	26807	买盘
10:53:07	24.36	-0.01	2	4872	卖盘
10:52:57	24.37	0.02	2	4874	买盘
10:52:52	24.35	--	3	7305	卖盘
10:52:31	24.35	--	38	92530	卖盘
10:52:26	24.35	--	6	14610	卖盘
10:52:21	24.35	--	5	12175	卖盘
10:52:06	24.35	-0.01	25	60875	卖盘
10:52:01	24.36	--	0	0	买盘
10:51:51	24.36	--	3	7308	卖盘
10:51:46	24.36	--	2	4872	买盘
10:51:25	24.36	-0.02	1	2436	卖盘
10:51:21	24.38	0.02	13	31694	买盘
10:51:16	24.36	-0.02	20	48720	卖盘
10:51:06	24.38	0.03	40	97520	买盘
10:50:51	24.35	--	0	0	卖盘
10:50:36	24.35	--	6	14610	买盘
10:50:25	24.35	0.02	3	7305	买盘
10:50:16	24.33	0.01	22	53525	卖盘
10:50:10	24.32	-0.01	9	21888	卖盘
10:50:01	24.33	0.01	3	8515	买盘
10:49:55	24.32	-0.01	6	14592	卖盘
10:49:46	24.33	0.01	1	2433	买盘
10:49:40	24.32	--	1	2432	卖盘
10:49:25	24.32	0.01	24	58368	买盘
10:49:21	24.31	--	11	26741	卖盘
10:49:10	24.31	--	2	4862	买盘
10:49:01	24.31	--	8	19448	卖盘
10:48:55	24.31	--	7	17017	买盘
10:48:25	24.31	0.01	8	19448	买盘
10:48:21	24.3	-0.01	15	36450	卖盘
10:48:16	24.31	--	13	31603	买盘
10:48:06	24.31	--	10	24310	买盘
10:48:01	24.31	--	17	41327	买盘
10:47:40	24.31	0.01	6	14586	买盘
10:47:31	24.3	--	4	9720	卖盘
10:47:25	24.3	--	13	31590	买盘
10:47:10	24.3	--	6	14580	买盘
10:47:01	24.3	--	1	2430	买盘
10:46:55	24.3	0.01	4	9720	买盘
10:46:45	24.29	--	10	24290	卖盘
10:46:36	24.29	-0.01	10	24290	卖盘
10:46:31	24.3	--	0	0	中性盘
10:46:25	24.3	0.01	5	12150	卖盘
10:46:10	24.29	--	0	0	卖盘
10:46:05	24.29	--	7	17003	卖盘
10:46:01	24.29	--	16	38864	卖盘
10:45:55	24.29	--	0	0	卖盘
10:45:45	24.29	--	2	4858	卖盘
10:45:40	24.29	--	1	2429	买盘
10:45:25	24.29	-0.02	99	240471	卖盘
10:45:15	24.31	0.01	4	9724	买盘
10:45:10	24.3	-0.01	6	14580	卖盘
10:45:00	24.31	0.01	2	4862	买盘
10:44:55	24.3	--	42	102060	卖盘
10:44:49	24.3	-0.01	1	2430	卖盘
10:44:45	24.31	0.01	16	38896	买盘
10:44:30	24.3	--	6	14580	卖盘
10:44:25	24.3	--	7	17010	买盘
10:44:19	24.3	--	30	72900	买盘
10:44:10	24.3	0.01	2	4860	买盘
10:43:55	24.29	--	27	65583	卖盘
10:43:45	24.29	--	1	2429	卖盘
10:43:40	24.29	0.01	6	14574	买盘
10:43:30	24.28	-0.01	3	7284	卖盘
10:43:25	24.29	--	3	7287	买盘
10:43:19	24.29	--	4	9716	买盘
10:43:15	24.29	--	1	2429	买盘
10:43:04	24.29	--	10	24290	买盘
10:43:00	24.29	--	2	4858	买盘
10:42:55	24.29	--	4	9716	买盘
10:42:40	24.29	--	4	9716	卖盘
10:42:30	24.29	--	1	2429	卖盘
10:42:25	24.29	--	1	2429	买盘
10:42:15	24.29	-0.01	6	14574	卖盘
10:42:10	24.3	--	19	46170	卖盘
10:42:04	24.3	--	1	2430	卖盘
10:42:00	24.3	0.01	5	12150	买盘
10:41:55	24.29	-0.01	21	51009	卖盘
10:41:40	24.3	0.01	15	36450	买盘
10:41:25	24.29	--	14	34006	买盘
10:41:19	24.29	--	9	21861	买盘
10:41:00	24.29	--	5	12145	卖盘
10:40:55	24.29	0.01	8	19432	卖盘
10:40:34	24.28	--	0	0	卖盘
10:40:30	24.28	-0.02	20	48560	卖盘
10:40:24	24.3	0.01	5	12150	买盘
10:40:19	24.29	-0.01	19	46151	卖盘
10:40:04	24.3	--	17	41310	卖盘
10:39:49	24.3	0.02	86	208980	买盘
10:39:45	24.28	--	12	29136	卖盘
10:39:40	24.28	--	4	9712	卖盘
10:39:34	24.28	--	29	70412	卖盘
10:39:29	24.28	--	2	4856	卖盘
10:39:24	24.28	--	8	19424	卖盘
10:39:19	24.28	0.01	11	26708	买盘
10:39:09	24.27	-0.01	7	16989	卖盘
10:39:04	24.28	0.01	9	21852	买盘
10:38:54	24.27	-0.01	13	31551	卖盘
10:38:49	24.28	--	3	7284	买盘
10:38:34	24.28	--	21	50988	卖盘
10:38:28	24.28	-0.02	50	121400	卖盘
10:38:24	24.3	--	7	17010	买盘
10:38:19	24.3	0.01	9	21870	买盘
10:38:13	24.29	-0.01	2	4858	卖盘
10:38:09	24.3	--	12	29160	买盘
10:38:04	24.3	--	7	17010	卖盘
10:37:54	24.3	-0.01	8	19440	卖盘
10:37:49	24.31	0.01	10	24310	卖盘
10:37:39	24.3	--	0	0	卖盘
10:37:34	24.3	--	40	97200	卖盘
10:37:28	24.3	-0.01	24	58320	卖盘
10:37:24	24.31	--	5	12155	买盘
10:37:09	24.31	0.01	5	12155	买盘
10:37:04	24.3	--	3	7290	卖盘
10:36:54	24.3	--	0	0	卖盘
10:36:49	24.3	--	12	29160	卖盘
10:36:43	24.3	0.01	3	7290	中性盘
10:36:39	24.29	-0.01	20	48580	卖盘
10:36:34	24.3	--	5	12150	买盘
10:36:24	24.3	--	34	82620	买盘
10:36:19	24.3	--	41	99630	卖盘
10:36:04	24.3	--	8	19440	卖盘
10:35:58	24.3	--	8	19440	卖盘
10:35:49	24.3	--	1	2430	买盘
10:35:39	24.3	--	4	9720	卖盘
10:35:34	24.3	0.01	9	21870	买盘
10:35:24	24.29	-0.01	1	2429	卖盘
10:34:58	24.3	-0.01	10	24300	买盘
10:34:54	24.31	0.02	2	4862	卖盘
10:34:49	24.29	-0.02	104	252616	卖盘
10:34:13	24.31	-0.01	6	14586	卖盘
10:34:03	24.32	--	2	4864	买盘
10:33:38	24.32	--	0	0	买盘
10:33:28	24.32	0.02	1	2432	买盘
10:33:18	24.3	--	7	17010	卖盘
10:33:13	24.3	-0.02	1	2430	卖盘
10:33:09	24.32	0.02	3	7296	买盘
10:33:04	24.3	--	4	9720	卖盘
10:32:58	24.3	-0.01	1	2430	卖盘
10:32:48	24.31	0.01	2	4862	买盘
10:32:43	24.3	-0.01	4	9720	卖盘
10:32:33	24.31	-0.01	14	34034	买盘
10:32:28	24.32	--	0	0	买盘
10:32:22	24.32	--	0	0	买盘
10:32:18	24.32	--	10	24320	买盘
10:32:13	24.32	0.04	8	19456	买盘
10:32:07	24.28	-0.03	234	568152	卖盘
10:32:03	24.31	--	10	24310	卖盘
10:31:58	24.31	--	2	4862	卖盘
10:31:48	24.31	-0.01	8	19448	卖盘
10:31:43	24.32	-0.01	13	31616	卖盘
10:31:37	24.33	--	13	31628	买盘
10:31:28	24.33	--	5	12165	买盘
10:31:22	24.33	--	45	110701	卖盘
10:31:18	24.33	--	60	145980	卖盘
10:31:13	24.33	--	1	2433	卖盘
10:31:03	24.33	-0.02	50	121649	卖盘
10:30:58	24.35	--	0	0	卖盘
10:30:52	24.35	--	1	2435	卖盘
10:30:48	24.35	--	6	15827	卖盘
10:30:43	24.35	--	3	7305	卖盘
10:30:37	24.35	0.01	1	2435	买盘
10:30:33	24.34	--	2	4868	卖盘
10:30:28	24.34	--	1	2434	卖盘
10:30:22	24.34	-0.01	3	7302	卖盘
10:30:18	24.35	--	2	4870	买盘
10:30:07	24.35	--	5	12175	买盘
10:30:03	24.35	-0.05	181	440735	卖盘
10:29:48	24.4	--	0	0	中性盘
10:29:43	24.4	--	1	2440	买盘
10:29:37	24.4	0.02	8	19520	买盘
10:29:18	24.38	--	13	31694	卖盘
10:29:13	24.38	--	1	2438	买盘
10:29:03	24.38	--	0	0	买盘
10:28:48	24.38	0.02	4	9752	买盘
10:28:43	24.36	--	0	0	卖盘
10:28:22	24.36	--	3	7308	买盘
10:28:13	24.36	0.01	10	24360	买盘
10:28:03	24.35	--	0	0	卖盘
10:27:58	24.35	-0.01	32	77920	卖盘
10:27:48	24.36	-0.05	1	2436	卖盘
10:27:43	24.41	--	14	34174	买盘
10:27:37	24.41	--	18	43938	买盘
10:27:33	24.41	--	2	4882	买盘
10:27:27	24.41	-0.02	57	139137	卖盘
10:27:22	24.43	--	0	0	买盘
10:27:13	24.43	0.02	27	65961	买盘
10:26:58	24.41	0.02	61	148901	买盘
10:26:52	24.39	--	3	7317	卖盘
10:26:42	24.39	-0.01	5	12195	买盘
10:26:37	24.4	--	0	0	买盘
10:26:27	24.4	0.01	10	24400	买盘
10:26:17	24.39	--	0	0	买盘
10:26:12	24.39	--	0	0	买盘
10:26:07	24.39	0.03	6	14634	买盘
10:26:03	24.36	--	0	0	卖盘
10:25:57	24.36	--	1	2436	卖盘
10:25:37	24.36	0.01	8	19488	卖盘
10:25:27	24.35	--	0	0	卖盘
10:25:16	24.35	--	8	19480	卖盘
10:25:12	24.35	--	10	24350	卖盘
10:25:07	24.35	--	24	58440	卖盘
10:25:01	24.35	--	20	48700	中性盘
10:24:57	24.35	0.02	1	2435	中性盘
10:24:42	24.33	-0.06	10	24330	卖盘
10:24:37	24.39	0.05	10	24390	买盘
10:24:27	24.34	--	5	12170	卖盘
10:24:16	24.34	--	19	46246	卖盘
10:23:57	24.34	0.01	3	7302	买盘
10:23:52	24.33	-0.01	11	26762	卖盘
10:23:46	24.34	--	14	34076	卖盘
10:23:42	24.34	--	18	43812	卖盘
10:23:37	24.34	--	23	55982	买盘
10:23:31	24.34	--	1	2434	买盘
10:23:22	24.34	--	20	48680	卖盘
10:23:16	24.34	0.01	24	58416	买盘
10:23:07	24.33	0.02	14	34062	买盘
10:23:01	24.31	-0.02	26	63206	卖盘
10:22:57	24.33	--	0	0	买盘
10:22:46	24.33	0.01	43	104618	买盘
10:22:42	24.32	-0.01	7	17024	卖盘
10:22:37	24.33	-0.01	4	9732	买盘
10:22:22	24.34	--	0	0	买盘
10:22:16	24.34	--	0	0	买盘
10:22:12	24.34	0.03	8	19472	买盘
10:22:01	24.31	-0.02	22	53482	卖盘
10:21:52	24.33	0.03	5	12165	买盘
10:21:46	24.3	-0.02	48	116640	卖盘
10:21:42	24.32	--	1	2432	卖盘
10:21:37	24.32	0.02	1	2432	中性盘
10:21:31	24.3	-0.01	17	41310	卖盘
10:21:07	24.31	--	0	0	买盘
10:21:01	24.31	-0.01	34	82654	卖盘
10:20:51	24.32	0.03	16	38912	买盘
10:20:46	24.29	-0.02	6	14574	卖盘
10:20:37	24.31	0.01	2	4862	买盘
10:20:31	24.3	--	0	0	卖盘
10:20:27	24.3	--	0	0	卖盘
10:20:21	24.3	--	5	12150	卖盘
10:20:16	24.3	--	25	60750	买盘
10:20:11	24.3	-0.02	41	99630	卖盘
10:20:06	24.32	0.02	12	29184	买盘
10:20:01	24.3	--	5	12150	卖盘
10:19:56	24.3	--	1	2430	卖盘
10:19:51	24.3	--	29	70470	卖盘
10:19:46	24.3	0.01	50	121500	买盘
10:19:41	24.29	0.01	7	17003	买盘
10:19:31	24.28	--	0	0	卖盘
10:19:25	24.28	--	13	31564	卖盘
10:19:16	24.28	-0.01	1	2428	卖盘
10:19:10	24.29	--	12	29148	买盘
10:19:06	24.29	--	12	29148	买盘
10:19:01	24.29	--	14	34006	卖盘
10:18:55	24.29	-0.01	4	9716	卖盘
10:18:51	24.3	0.01	13	31590	买盘
10:18:40	24.29	--	5	12145	卖盘
10:18:36	24.29	-0.01	13	31577	卖盘
10:18:31	24.3	0.01	5	12150	买盘
10:18:21	24.29	-0.01	2	4858	卖盘
10:18:10	24.3	--	5	12150	买盘
10:18:06	24.3	--	6	14580	卖盘
10:18:01	24.3	-0.02	8	19440	卖盘
10:17:55	24.32	0.03	1	2432	买盘
10:17:51	24.29	--	0	0	卖盘
10:17:46	24.29	-0.01	34	82586	卖盘
10:17:36	24.3	-0.03	77	187110	卖盘
10:17:31	24.33	0.01	11	26762	买盘
10:17:25	24.32	-0.01	20	48640	卖盘
10:17:16	24.33	-0.01	1	2433	卖盘
10:17:10	24.34	0.01	1	2434	买盘
10:17:06	24.33	0.01	10	24330	买盘
10:17:01	24.32	-0.02	21	51072	卖盘
10:16:55	24.34	--	21	51114	卖盘
10:16:51	24.34	--	2	4868	卖盘
10:16:46	24.34	0.01	36	87624	买盘
10:16:40	24.33	--	1	2433	卖盘
10:16:36	24.33	-0.01	10	24330	卖盘
10:16:31	24.34	--	4	9736	买盘
10:16:25	24.34	--	14	34076	卖盘
10:16:21	24.34	--	15	36510	卖盘
10:16:16	24.34	--	3	7302	卖盘
10:16:10	24.34	-0.01	10	24340	卖盘
10:16:01	24.35	0.01	20	48700	买盘
10:15:55	24.34	0.02	29	70586	买盘
10:15:46	24.32	--	4	9728	买盘
10:15:40	24.32	--	2	4864	买盘
10:15:31	24.32	-0.02	6	14592	卖盘
10:15:25	24.34	--	0	0	买盘
10:15:21	24.34	0.01	6	14604	买盘
10:15:16	24.33	--	53	128948	买盘
10:15:06	24.33	--	5	12165	买盘
10:14:55	24.33	0.01	5	12165	买盘
10:14:51	24.32	--	13	31616	卖盘
10:14:45	24.32	--	29	70528	卖盘
10:14:40	24.32	--	21	51072	卖盘
10:14:36	24.32	0.01	1	2432	卖盘
10:14:31	24.31	-0.01	20	48620	卖盘
10:14:25	24.32	0.01	25	60800	买盘
10:14:21	24.31	-0.01	8	19448	卖盘
10:14:16	24.32	0.01	13	31616	买盘
10:14:10	24.31	--	35	85085	卖盘
10:14:00	24.31	-0.01	34	82654	卖盘
10:13:55	24.32	--	61	148352	买盘
10:13:49	24.32	--	2	4864	买盘
10:13:46	24.32	0.01	5	12160	买盘
10:13:40	24.31	-0.01	2	4862	卖盘
10:13:34	24.32	--	20	48640	卖盘
10:13:30	24.32	0.02	5	12160	买盘
10:13:25	24.3	--	39	94770	卖盘
10:13:19	24.3	--	9	21870	卖盘
10:13:15	24.3	--	0	0	卖盘
10:13:00	24.3	--	40	97200	买盘
10:12:55	24.3	0.01	15	36450	买盘
10:12:49	24.29	-0.01	34	82586	卖盘
10:12:45	24.3	--	17	41310	买盘
10:12:40	24.3	0.01	2	4860	买盘
10:12:34	24.29	-0.01	4	9716	卖盘
10:12:30	24.3	--	19	46170	买盘
10:12:25	24.3	-0.02	39	94770	卖盘
10:12:19	24.32	--	21	51072	买盘
10:12:15	24.32	0.02	11	26752	买盘
10:12:10	24.3	-0.02	7	17010	卖盘
10:12:04	24.32	--	4	9728	买盘
10:12:00	24.32	0.02	23	55936	买盘
10:11:55	24.3	--	1	2430	卖盘
10:11:45	24.3	--	1	2430	卖盘
10:11:40	24.3	0.02	64	155520	买盘
10:11:34	24.28	--	10	24280	卖盘
10:11:30	24.28	--	31	75268	卖盘
10:11:25	24.28	--	12	29136	卖盘
10:11:15	24.28	--	1	2428	卖盘
10:11:10	24.28	--	12	29136	买盘
10:11:04	24.28	--	3	7284	买盘
10:11:00	24.28	0.03	10	24280	卖盘
10:10:55	24.25	-0.04	15	36375	卖盘
10:10:49	24.29	-0.01	121	293909	买盘
10:10:45	24.3	--	10	24300	卖盘
10:10:40	24.3	0.03	182	442260	买盘
10:10:34	24.27	-0.03	196	475692	卖盘
10:10:30	24.3	--	18	43740	买盘
10:10:25	24.3	-0.01	38	92340	卖盘
10:10:19	24.31	0.01	9	21879	中性盘
10:10:15	24.3	-0.02	29	70470	卖盘
10:10:10	24.32	--	47	114304	买盘
10:10:04	24.32	0.01	33	80256	买盘
10:10:00	24.31	--	10	24310	卖盘
10:09:49	24.31	-0.01	12	29172	中性盘
10:09:45	24.32	0.01	46	111872	买盘
10:09:40	24.31	--	4	9724	买盘
10:09:34	24.31	--	15	36465	买盘
10:09:30	24.31	0.02	6	14586	买盘
10:09:25	24.29	-0.01	104	252616	卖盘
10:09:19	24.3	--	22	53460	卖盘
10:09:15	24.3	--	39	94770	卖盘
10:09:04	24.3	0.04	62	150660	买盘
10:09:00	24.26	-0.04	25	62129	卖盘
10:08:54	24.3	--	5	12150	买盘
10:08:49	24.3	0.05	11	26730	买盘
10:08:40	24.25	-0.06	19	46075	卖盘
10:08:34	24.31	0.08	20	48620	买盘
10:08:30	24.23	-0.01	15	37289	卖盘
10:08:25	24.24	-0.06	48	116351	卖盘
10:08:19	24.3	0.07	6	14580	买盘
10:08:15	24.23	--	0	0	卖盘
10:08:10	24.23	-0.07	35	84805	卖盘
10:08:04	24.3	0.05	100	243000	买盘
10:08:00	24.25	-0.05	23	55775	卖盘
10:07:55	24.3	--	19	46170	买盘
10:07:49	24.3	-0.01	438	1064923	卖盘
10:07:45	24.31	-0.01	35	85085	卖盘
10:07:40	24.32	0.01	1	2432	卖盘
10:07:34	24.31	--	266	648493	卖盘
10:07:29	24.31	-0.01	14	34034	卖盘
10:07:25	24.32	--	37	89984	买盘
10:07:19	24.32	-0.01	147	357504	卖盘
10:07:15	24.33	--	13	31628	买盘
10:07:09	24.33	-0.01	70	170310	买盘
10:07:04	24.34	0.01	16	38944	卖盘
10:06:59	24.33	--	12	29195	卖盘
10:06:54	24.33	-0.01	28	68124	卖盘
10:06:49	24.34	--	57	138738	买盘
10:06:39	24.34	-0.01	83	202022	卖盘
10:06:34	24.35	-0.01	166	404210	卖盘
10:06:28	24.36	--	4	9744	买盘
10:06:24	24.36	--	13	31668	买盘
10:06:19	24.36	--	69	168084	卖盘
10:06:13	24.36	-0.01	4	9744	卖盘
10:06:09	24.37	0.01	8	19496	买盘
10:06:04	24.36	-0.02	12	29232	卖盘
10:05:58	24.38	--	10	24380	买盘
10:05:54	24.38	--	11	26818	买盘
10:05:49	24.38	-0.01	7	17066	卖盘
10:05:43	24.39	--	10	24390	买盘
10:05:34	24.39	-0.01	45	109755	卖盘
10:05:28	24.4	0.01	12	29280	买盘
10:05:24	24.39	--	23	56097	卖盘
10:05:19	24.39	-0.01	35	85365	卖盘
10:05:13	24.4	--	3	7320	买盘
10:05:09	24.4	0.01	114	278160	买盘
10:05:04	24.39	--	30	73170	卖盘
10:04:58	24.39	-0.01	9	21951	卖盘
10:04:54	24.4	--	1	2440	买盘
10:04:49	24.4	0.04	5	12200	中性盘
10:04:43	24.36	-0.05	80	194880	卖盘
10:04:39	24.41	--	54	131814	买盘
10:04:34	24.41	--	34	82994	卖盘
10:04:24	24.41	-0.01	17	41497	卖盘
10:04:19	24.42	--	50	122100	卖盘
10:04:13	24.42	--	3	7326	卖盘
10:04:09	24.42	--	1	2442	卖盘
10:04:04	24.42	-0.01	16	39072	卖盘
10:03:58	24.43	--	10	24430	买盘
10:03:54	24.43	--	2	4886	买盘
10:03:49	24.43	-0.02	54	131922	卖盘
10:03:43	24.45	0.02	50	122250	买盘
10:03:39	24.43	-0.01	2	4886	卖盘
10:03:28	24.44	0.01	2	4888	买盘
10:03:24	24.43	-0.01	30	73290	卖盘
10:03:19	24.44	-0.01	42	102648	卖盘
10:03:13	24.45	--	18	44010	买盘
10:03:09	24.45	--	3	7335	买盘
10:03:04	24.45	--	2	4890	买盘
10:02:58	24.45	--	37	90465	卖盘
10:02:54	24.45	-0.02	21	51345	卖盘
10:02:48	24.47	0.01	32	78304	买盘
10:02:43	24.46	0.01	29	70934	卖盘
10:02:39	24.45	-0.02	2	4890	卖盘
10:02:33	24.47	0.01	50	122350	买盘
10:02:28	24.46	--	12	29352	买盘
10:02:24	24.46	0.01	3	7338	卖盘
10:02:19	24.45	--	8	19560	卖盘
10:02:13	24.45	-0.01	39	95355	卖盘
10:02:09	24.46	--	2	4892	买盘
10:02:04	24.46	-0.01	14	34244	中性盘
10:01:58	24.47	0.01	31	75857	买盘
10:01:53	24.46	--	55	134530	卖盘
10:01:49	24.46	--	2	4892	卖盘
10:01:43	24.46	--	4	9784	卖盘
10:01:39	24.46	-0.01	13	31798	卖盘
10:01:34	24.47	--	19	46493	买盘
10:01:28	24.47	0.01	5	12235	买盘
10:01:18	24.46	-0.01	4	9784	卖盘
10:01:13	24.47	-0.02	31	75857	卖盘
10:00:48	24.49	--	3	7346	卖盘
10:00:43	24.49	--	19	46531	卖盘
10:00:37	24.49	--	1	2449	卖盘
10:00:33	24.49	--	24	58775	卖盘
10:00:28	24.49	-0.01	22	53878	卖盘
10:00:13	24.5	--	5	12250	买盘
10:00:07	24.5	--	21	51450	买盘
10:00:03	24.5	--	5	12250	买盘
09:59:52	24.5	-0.02	24	58800	卖盘
09:59:48	24.52	0.01	20	49040	买盘
09:59:43	24.51	0.01	39	95589	中性盘
09:59:37	24.5	-0.01	5	12250	卖盘
09:59:33	24.51	0.01	6	14706	买盘
09:59:28	24.5	0.01	3	7350	中性盘
09:59:18	24.49	--	33	80817	卖盘
09:59:13	24.49	0.01	38	93062	买盘
09:59:03	24.48	0.01	3	7344	中性盘
09:58:58	24.47	-0.02	4	9788	卖盘
09:58:52	24.49	0.02	5	12245	买盘
09:58:48	24.47	--	7	17129	买盘
09:58:43	24.47	--	11	26917	买盘
09:58:37	24.47	--	4	9788	买盘
09:58:33	24.47	-0.01	38	92986	卖盘
09:58:28	24.48	--	5	12240	买盘
09:58:22	24.48	--	6	14688	卖盘
09:58:18	24.48	-0.02	7	17136	卖盘
09:58:13	24.5	0.02	52	127400	买盘
09:58:07	24.48	0.01	1	2448	中性盘
09:58:03	24.47	--	13	31811	卖盘
09:57:58	24.47	-0.01	23	56281	卖盘
09:57:52	24.48	--	15	36720	买盘
09:57:48	24.48	--	2	4896	买盘
09:57:43	24.48	-0.02	10	24480	卖盘
09:57:28	24.5	--	1	2450	卖盘
09:57:22	24.5	--	22	53900	卖盘
09:57:18	24.5	--	17	41650	卖盘
09:57:13	24.5	--	23	56350	卖盘
09:57:07	24.5	-0.01	2	4900	卖盘
09:57:03	24.51	0.01	4	9804	买盘
09:56:58	24.5	-0.02	4	9800	卖盘
09:56:52	24.52	0.01	5	12260	买盘
09:56:48	24.51	--	1	2451	买盘
09:56:43	24.51	--	8	19608	卖盘
09:56:37	24.51	-0.01	6	14706	卖盘
09:56:33	24.52	-0.01	6	14712	买盘
09:56:22	24.53	--	0	0	买盘
09:56:13	24.53	0.03	7	17171	买盘
09:56:07	24.5	-0.03	3	7350	卖盘
09:56:03	24.53	0.01	56	137368	买盘
09:55:58	24.52	0.01	3	7356	中性盘
09:55:48	24.51	--	2	4902	卖盘
09:55:42	24.51	-0.02	8	19608	卖盘
09:55:37	24.53	0.05	30	73590	买盘
09:55:33	24.48	-0.02	34	83232	卖盘
09:55:27	24.5	0.02	9	22050	中性盘
09:55:22	24.48	--	4	9792	卖盘
09:55:07	24.48	0.01	2	4896	买盘
09:54:52	24.47	0.01	41	100327	买盘
09:54:47	24.46	-0.01	1	2446	卖盘
09:54:42	24.47	0.01	26	63622	买盘
09:54:37	24.46	--	30	73380	卖盘
09:54:31	24.46	--	3	7338	卖盘
09:54:22	24.46	--	2	4892	卖盘
09:54:16	24.46	--	11	26906	卖盘
09:54:12	24.46	--	16	39136	买盘
09:54:07	24.46	--	30	73380	买盘
09:53:57	24.46	--	5	12230	买盘
09:53:52	24.46	-0.01	21	51366	卖盘
09:53:46	24.47	--	2	4894	买盘
09:53:42	24.47	--	13	31811	买盘
09:53:37	24.47	--	11	26917	买盘
09:53:31	24.47	-0.01	10	24470	买盘
09:53:27	24.48	--	43	105264	卖盘
09:53:22	24.48	--	25	61200	卖盘
09:53:16	24.48	--	0	0	卖盘
09:53:12	24.48	-0.02	40	97920	卖盘
09:53:01	24.5	--	10	24500	卖盘
09:52:57	24.5	-0.01	8	19600	卖盘
09:52:52	24.51	--	11	26961	卖盘
09:52:42	24.51	-0.01	15	36765	卖盘
09:52:37	24.52	--	8	19616	卖盘
09:52:31	24.52	--	20	49040	卖盘
09:52:27	24.52	--	7	17164	卖盘
09:52:22	24.52	--	93	228036	卖盘
09:52:16	24.52	--	60	147120	卖盘
09:52:12	24.52	--	76	186352	卖盘
09:52:07	24.52	--	10	24520	卖盘
09:52:01	24.52	-0.01	10	24520	卖盘
09:51:57	24.53	--	4	9812	卖盘
09:51:52	24.53	--	5	12265	买盘
09:51:46	24.53	--	23	56419	卖盘
09:51:42	24.53	--	21	51513	卖盘
09:51:37	24.53	-0.01	3	7359	卖盘
09:51:31	24.54	0.01	56	137424	买盘
09:51:22	24.53	--	2	4906	卖盘
09:51:16	24.53	--	33	80949	卖盘
09:51:01	24.53	-0.01	31	76043	卖盘
09:50:57	24.54	--	8	19632	卖盘
09:50:52	24.54	--	3	7362	卖盘
09:50:46	24.54	-0.01	20	49080	卖盘
09:50:42	24.55	0.01	2	4910	买盘
09:50:37	24.54	--	19	46626	卖盘
09:50:22	24.54	-0.01	1	2454	卖盘
09:50:12	24.55	--	8	19640	买盘
09:50:06	24.55	--	36	88380	卖盘
09:49:57	24.55	--	5	12275	卖盘
09:49:51	24.55	-0.01	18	44190	卖盘
09:49:46	24.56	0.01	3	7368	买盘
09:49:42	24.55	-0.01	5	12275	卖盘
09:49:31	24.56	--	1	2456	卖盘
09:49:27	24.56	-0.01	1	2456	卖盘
09:49:16	24.57	--	6	14742	卖盘
09:49:11	24.57	--	1	2457	卖盘
09:49:01	24.57	0.01	7	17199	买盘
09:48:51	24.56	--	0	0	卖盘
09:48:46	24.56	-0.01	43	105608	卖盘
09:48:36	24.57	--	1	2457	卖盘
09:48:31	24.57	-0.01	6	14742	卖盘
09:48:26	24.58	0.01	5	12290	买盘
09:48:16	24.57	--	0	0	卖盘
09:48:06	24.57	0.01	4	9828	买盘
09:48:01	24.56	-0.01	12	29472	卖盘
09:47:55	24.57	--	0	0	中性盘
09:47:51	24.57	--	1	2457	买盘
09:47:46	24.57	-0.02	14	34398	买盘
09:47:40	24.59	--	0	0	买盘
09:47:31	24.59	0.03	10	24590	买盘
09:47:21	24.56	-0.01	12	29472	卖盘
09:47:10	24.57	--	4	9828	卖盘
09:47:06	24.57	--	13	31941	买盘
09:46:51	24.57	--	1	2457	买盘
09:46:46	24.57	--	6	14742	买盘
09:46:40	24.57	-0.03	4	9828	卖盘
09:46:36	24.6	--	27	67650	卖盘
09:46:31	24.6	--	46	114390	买盘
09:46:25	24.6	0.03	1	2460	买盘
09:46:16	24.57	-0.03	1	2457	卖盘
09:46:10	24.6	0.01	1	2460	买盘
09:46:01	24.59	--	0	0	中性盘
09:45:51	24.59	-0.01	6	14754	卖盘
09:45:46	24.6	--	2	4920	买盘
09:45:36	24.6	--	4	9840	买盘
09:45:31	24.6	-0.01	4	11070	卖盘
09:45:10	24.61	0.01	4	9844	买盘
09:45:06	24.6	--	1	2460	卖盘
09:44:40	24.6	0.04	22	55350	买盘
09:44:36	24.56	-0.03	117	288580	卖盘
09:44:31	24.59	--	0	0	买盘
09:44:21	24.59	0.03	1	2459	买盘
09:44:16	24.56	--	0	1228	买盘
09:44:10	24.56	--	6	14736	买盘
09:44:05	24.56	--	29	72452	卖盘
09:44:00	24.56	--	10	25788	卖盘
09:43:55	24.56	--	13	31928	卖盘
09:43:40	24.56	0.01	12	29472	中性盘
09:43:35	24.55	--	0	0	卖盘
09:43:25	24.55	-0.03	15	36825	卖盘
09:43:15	24.58	0.04	3	7373	买盘
09:43:10	24.54	-0.01	5	12270	卖盘
09:43:01	24.55	0.03	15	36825	买盘
09:42:55	24.52	-0.02	179	438908	卖盘
09:42:45	24.54	--	20	49080	卖盘
09:42:35	24.54	0.01	14	34356	买盘
09:42:25	24.53	-0.01	26	63778	卖盘
09:42:20	24.54	-0.01	5	12270	卖盘
09:42:16	24.55	--	11	27005	买盘
09:42:05	24.55	-0.03	13	31915	卖盘
09:42:00	24.58	--	32	78656	买盘
09:41:55	24.58	-0.01	26	63907	卖盘
09:41:49	24.59	--	32	78688	买盘
09:41:45	24.59	-0.02	38	93442	卖盘
09:41:34	24.61	--	6	14766	卖盘
09:41:25	24.61	0.01	1	2461	卖盘
09:41:19	24.6	-0.01	13	31980	卖盘
09:41:15	24.61	--	3	7383	卖盘
09:41:10	24.61	--	19	46759	买盘
09:41:04	24.61	--	1	2461	买盘
09:40:55	24.61	0.01	3	7383	卖盘
09:40:45	24.6	-0.01	23	56580	卖盘
09:40:34	24.61	--	10	24610	卖盘
09:40:25	24.61	--	13	31993	买盘
09:40:19	24.61	--	4	9844	买盘
09:40:10	24.61	-0.04	55	135355	卖盘
09:40:04	24.65	--	0	0	买盘
09:40:00	24.65	-0.03	1	2465	中性盘
09:39:55	24.68	--	2	4936	买盘
09:39:40	24.68	--	0	0	中性盘
09:39:30	24.68	0.09	15	37020	买盘
09:39:25	24.59	--	0	0	中性盘
09:39:19	24.59	-0.09	45	110655	卖盘
09:39:15	24.68	--	4	9872	卖盘
09:39:10	24.68	0.02	42	103656	买盘
09:39:04	24.66	0.06	3	7398	中性盘
09:39:00	24.6	-0.07	15	36900	卖盘
09:38:49	24.67	-0.01	7	17269	买盘
09:38:45	24.68	--	6	14808	卖盘
09:38:40	24.68	0.15	44	108592	买盘
09:38:34	24.53	-0.06	23	56419	卖盘
09:38:25	24.59	--	5	12295	卖盘
09:38:19	24.59	-0.09	2	4918	卖盘
09:38:10	24.68	0.08	71	175228	买盘
09:38:04	24.6	-0.08	147	361620	卖盘
09:37:55	24.68	--	10	24680	买盘
09:37:45	24.68	-0.01	8	19744	卖盘
09:37:40	24.69	--	12	29628	买盘
09:37:34	24.69	--	8	19752	买盘
09:37:24	24.69	-0.01	39	96291	卖盘
09:37:19	24.7	--	21	51870	卖盘
09:37:15	24.7	0.01	16	39520	买盘
09:37:09	24.69	-0.01	15	37035	卖盘
09:37:04	24.7	--	14	34580	买盘
09:37:00	24.7	-0.02	3	7410	买盘
09:36:55	24.72	--	27	66744	买盘
09:36:49	24.72	--	6	14832	买盘
09:36:45	24.72	0.02	34	84048	买盘
09:36:40	24.7	-0.01	12	29640	卖盘
09:36:34	24.71	-0.01	20	49420	卖盘
09:36:30	24.72	0.01	5	12360	买盘
09:36:24	24.71	--	6	14826	卖盘
09:36:19	24.71	--	3	7413	卖盘
09:36:14	24.71	0.02	15	37065	买盘
09:36:09	24.69	-0.01	17	41973	卖盘
09:36:04	24.7	0.01	112	276640	买盘
09:36:00	24.69	--	1	2469	卖盘
09:35:54	24.69	-0.01	12	29628	卖盘
09:35:49	24.7	0.01	11	27170	买盘
09:35:39	24.69	--	5	12345	买盘
09:35:34	24.69	-0.04	92	227148	卖盘
09:35:28	24.73	0.01	23	56879	买盘
09:35:24	24.72	--	15	37080	买盘
09:35:19	24.72	--	30	74160	买盘
09:35:13	24.72	--	3	7416	中性盘
09:35:09	24.72	--	72	177984	买盘
09:35:04	24.72	-0.01	71	175512	买盘
09:34:58	24.73	0.04	19	46987	买盘
09:34:54	24.69	--	0	0	卖盘
09:34:49	24.69	0.01	12	29628	买盘
09:34:43	24.68	--	1	2468	卖盘
09:34:39	24.68	0.01	14	34552	买盘
09:34:34	24.67	0.02	28	69076	买盘
09:34:28	24.65	--	0	0	卖盘
09:34:24	24.65	--	60	147900	卖盘
09:34:19	24.65	0.01	65	160225	买盘
09:34:13	24.64	--	13	32032	卖盘
09:34:04	24.64	--	19	46816	买盘
09:33:54	24.64	--	19	46816	卖盘
09:33:49	24.64	0.01	22	54208	买盘
09:33:39	24.63	--	39	96057	卖盘
09:33:34	24.63	--	12	29556	卖盘
09:33:28	24.63	--	32	78816	卖盘
09:33:24	24.63	0.03	32	78816	买盘
09:33:19	24.6	-0.02	53	130380	卖盘
09:33:09	24.62	-0.01	3	7386	卖盘
09:33:04	24.63	0.11	21	51723	买盘
09:32:58	24.52	--	0	0	卖盘
09:32:49	24.52	-0.08	132	323664	卖盘
09:32:43	24.6	--	2	4920	卖盘
09:32:39	24.6	--	1	2460	卖盘
09:32:34	24.6	--	19	46740	卖盘
09:32:28	24.6	0.01	36	88560	买盘
09:32:24	24.59	--	2	4918	买盘
09:32:13	24.59	-0.01	31	76229	卖盘
09:32:09	24.6	0.01	15	36900	买盘
09:31:49	24.59	--	4	9836	买盘
09:31:43	24.59	--	12	29508	买盘
09:31:39	24.59	--	0	0	买盘
09:31:33	24.59	--	2	4918	买盘
09:31:24	24.59	--	4	9836	买盘
09:31:18	24.59	--	14	34426	卖盘
09:31:13	24.59	--	5	12295	卖盘
09:31:08	24.59	--	31	76229	卖盘
09:31:03	24.59	0.04	4	9836	买盘
09:30:58	24.55	-0.04	1	2455	卖盘
09:30:54	24.59	0.04	3	7377	买盘
09:30:48	24.55	-0.04	2	4910	卖盘
09:30:43	24.59	--	5	12295	买盘
09:30:38	24.59	--	2	4918	买盘
09:30:28	24.59	0.07	5	12295	买盘
09:30:13	24.52	0.01	7	17164	中性盘
09:30:08	24.51	--	23	56373	卖盘
09:30:03	24.51	--	47	115197	卖盘
09:28:52	24.51	--	0	0	卖盘
09:25:11	24.51	24.51	111	272061	买盘
