成交时间	成交价	价格变动	成交量(手)	成交额(元)	性质
15:00:00	13.33	-0.01	0	0	卖盘
15:00:00	13.34	--	0	0	买盘
14:59:59	13.34	--	10	13340	买盘
14:59:54	13.34	--	26	34684	买盘
14:59:34	13.34	0.01	20	26680	买盘
14:59:29	13.33	0.01	20	26660	买盘
14:59:24	13.32	--	8	10656	卖盘
14:59:19	13.32	-0.01	281	374292	卖盘
14:59:09	13.33	--	113	150629	买盘
14:59:04	13.33	--	63	83979	买盘
14:58:59	13.33	--	1	1333	买盘
14:58:54	13.33	--	23	30659	买盘
14:58:49	13.33	--	3	3999	买盘
14:58:44	13.33	--	100	133300	卖盘
14:58:39	13.33	--	93	123969	买盘
14:58:34	13.33	0.01	30	39990	买盘
14:58:29	13.32	-0.01	377	502164	卖盘
14:58:24	13.33	--	50	66650	买盘
14:58:19	13.33	--	3	3999	买盘
14:58:14	13.33	-0.01	334	445222	卖盘
14:58:09	13.34	--	53	70702	买盘
14:58:03	13.34	--	15	20010	买盘
14:57:59	13.34	--	116	154744	卖盘
14:57:54	13.34	--	30	40020	卖盘
14:57:39	13.34	-0.01	20	26680	卖盘
14:57:29	13.35	--	10	13350	买盘
14:57:24	13.35	--	5	6675	买盘
14:57:14	13.35	0.01	27	36045	买盘
14:57:09	13.34	-0.01	55	73370	卖盘
14:57:04	13.35	--	35	46725	买盘
14:56:44	13.35	--	63	84105	买盘
14:56:39	13.35	--	10	13350	买盘
14:56:29	13.35	--	0	0	买盘
14:56:24	13.35	0.01	238	317730	买盘
14:56:18	13.34	--	10	13340	买盘
14:56:09	13.34	--	17	22678	买盘
14:55:59	13.34	0.01	175	233450	买盘
14:55:54	13.33	-0.01	13	17329	卖盘
14:55:49	13.34	0.01	31	41354	买盘
14:55:43	13.33	--	10	13330	卖盘
14:55:28	13.33	-0.01	20	26660	卖盘
14:55:19	13.34	--	60	80040	买盘
14:55:13	13.34	0.01	2	2668	买盘
14:55:08	13.33	-0.01	5	6665	卖盘
14:54:43	13.34	--	4	5336	中性盘
14:54:38	13.34	--	41	54694	买盘
14:54:28	13.34	0.01	81	108054	买盘
14:54:23	13.33	--	63	83979	卖盘
14:54:13	13.33	--	8	10664	卖盘
14:54:08	13.33	--	1	1333	卖盘
14:54:03	13.33	--	102	135966	买盘
14:53:58	13.33	0.01	117	155961	买盘
14:53:53	13.32	--	15	19980	卖盘
14:53:43	13.32	--	5	6660	卖盘
14:53:28	13.32	--	38	50616	买盘
14:53:23	13.32	--	103	137196	买盘
14:53:17	13.32	0.01	2	2664	买盘
14:53:13	13.31	0.01	101	134431	卖盘
14:53:08	13.3	-0.02	80	106400	卖盘
14:53:02	13.32	--	0	0	买盘
14:52:58	13.32	0.02	10	13320	买盘
14:52:53	13.3	-0.01	500	665000	卖盘
14:52:43	13.31	-0.01	384	511104	卖盘
14:52:32	13.32	0.01	10	13320	买盘
14:52:23	13.31	-0.02	500	665500	卖盘
14:52:08	13.33	-0.01	291	387903	卖盘
14:51:53	13.34	--	160	213440	卖盘
14:51:47	13.34	--	45	60030	卖盘
14:51:38	13.34	--	17	22678	卖盘
14:51:23	13.34	--	300	400200	卖盘
14:51:12	13.34	--	4	5336	卖盘
14:51:02	13.34	-0.01	10	13340	卖盘
14:50:53	13.35	0.01	6	8010	买盘
14:50:42	13.34	-0.01	10	13340	卖盘
14:50:38	13.35	0.01	12	16020	买盘
14:50:32	13.34	--	18	24012	卖盘
14:50:08	13.34	--	1	1334	卖盘
14:50:02	13.34	-0.01	8	10672	卖盘
14:49:53	13.35	--	12	16020	买盘
14:49:47	13.35	--	6	8010	买盘
14:49:17	13.35	--	0	0	买盘
14:49:12	13.35	0.01	13	17355	买盘
14:48:58	13.34	--	35	46690	卖盘
14:48:52	13.34	--	60	80040	卖盘
14:48:47	13.34	--	25	33350	买盘
14:48:42	13.34	--	50	66700	买盘
14:48:32	13.34	--	172	229448	买盘
14:48:17	13.34	--	116	154744	买盘
14:48:07	13.34	--	5	6670	买盘
14:48:02	13.34	--	50	66700	买盘
14:47:56	13.34	--	41	54694	卖盘
14:47:52	13.34	--	3	4002	卖盘
14:47:47	13.34	--	16	21344	卖盘
14:47:32	13.34	0.01	11	14674	卖盘
14:47:26	13.33	-0.01	100	133300	卖盘
14:47:22	13.34	0.01	2	2668	买盘
14:47:11	13.33	--	0	0	卖盘
14:47:07	13.33	-0.02	110	146630	卖盘
14:47:02	13.35	--	10	13350	买盘
14:46:47	13.35	0.02	300	400500	买盘
14:46:41	13.33	--	10	13330	卖盘
14:46:32	13.33	0.01	20	26660	买盘
14:46:22	13.32	--	10	13320	卖盘
14:46:17	13.32	--	559	744588	卖盘
14:46:07	13.32	-0.03	550	732600	卖盘
14:45:37	13.35	-0.01	302	403170	卖盘
14:45:32	13.36	--	18	24048	买盘
14:45:21	13.36	0.01	1	1336	买盘
14:45:17	13.35	-0.01	17	22695	卖盘
14:45:06	13.36	--	3	4008	买盘
14:44:26	13.36	-0.01	242	323312	卖盘
14:44:06	13.37	--	50	66850	买盘
14:43:56	13.37	--	50	66850	买盘
14:43:51	13.37	--	83	111465	卖盘
14:43:47	13.37	-0.01	30	40110	卖盘
14:43:36	13.38	0.01	5	6690	买盘
14:43:17	13.37	-0.01	5	6685	卖盘
14:42:46	13.38	--	3	4014	卖盘
14:42:41	13.38	--	15	20070	卖盘
14:42:36	13.38	--	30	40140	卖盘
14:42:26	13.38	0.01	155	207390	买盘
14:42:21	13.37	--	3	4010	卖盘
14:41:56	13.37	--	10	13370	卖盘
14:41:51	13.37	--	1	1337	卖盘
14:41:26	13.37	-0.01	97	129688	卖盘
14:40:56	13.38	0.01	10	13380	买盘
14:40:50	13.37	-0.01	10	13370	卖盘
14:40:41	13.38	--	6	8028	买盘
14:40:31	13.38	--	7	9366	买盘
14:40:26	13.38	--	50	66900	买盘
14:40:16	13.38	--	17	22746	买盘
14:40:11	13.38	--	31	41478	买盘
14:40:01	13.38	--	60	80280	买盘
14:39:56	13.38	--	5	6690	买盘
14:39:50	13.38	0.01	17	22746	买盘
14:39:46	13.37	-0.01	11	14707	卖盘
14:39:26	13.38	0.01	58	77604	买盘
14:39:16	13.37	--	4	5348	卖盘
14:39:10	13.37	-0.01	65	86905	卖盘
14:38:56	13.38	0.01	42	56196	买盘
14:38:45	13.37	-0.01	33	44121	卖盘
14:38:41	13.38	--	7	9366	买盘
14:38:30	13.38	--	100	133800	买盘
14:38:11	13.38	0.01	5	6690	买盘
14:38:05	13.37	--	10	13370	卖盘
14:38:00	13.37	-0.01	25	33425	卖盘
14:37:56	13.38	0.01	10	13380	买盘
14:37:50	13.37	--	10	13370	卖盘
14:37:41	13.37	--	3	4853	买盘
14:37:35	13.37	--	10	13370	买盘
14:37:20	13.37	--	14	18718	买盘
14:37:10	13.37	0.01	12	16043	买盘
14:37:05	13.36	-0.01	9	12024	卖盘
14:36:45	13.37	--	50	66850	买盘
14:36:41	13.37	--	20	26740	买盘
14:36:30	13.37	--	3	4010	买盘
14:36:20	13.37	--	130	173810	买盘
14:36:11	13.37	--	15	20055	买盘
14:36:05	13.37	0.01	100	133700	买盘
14:35:45	13.36	--	17	22712	买盘
14:35:35	13.36	--	110	146960	买盘
14:35:25	13.36	--	50	66800	买盘
14:35:20	13.36	--	29	38744	买盘
14:35:14	13.36	--	30	40080	买盘
14:35:10	13.36	--	50	66800	买盘
14:34:50	13.36	--	10	13360	买盘
14:34:40	13.36	--	77	102872	买盘
14:34:35	13.36	-0.01	231	308616	卖盘
14:34:29	13.37	--	129	172967	卖盘
14:34:05	13.37	-0.01	11	14707	卖盘
14:33:59	13.38	0.01	60	80280	买盘
14:33:25	13.37	--	1	1337	卖盘
14:33:05	13.37	--	15	20055	卖盘
14:32:35	13.37	--	50	66850	卖盘
14:32:29	13.37	--	85	114487	买盘
14:32:20	13.37	--	50	66850	买盘
14:32:09	13.37	0.01	50	66850	买盘
14:32:05	13.36	0.01	13	17368	卖盘
14:31:49	13.35	--	0	0	卖盘
14:31:14	13.35	-0.02	11	14685	卖盘
14:30:59	13.37	--	11	14707	买盘
14:30:44	13.37	--	8	10696	买盘
14:30:35	13.37	0.01	14	18718	买盘
14:30:29	13.36	--	0	0	中性盘
14:30:19	13.36	0.01	8	10688	买盘
14:29:59	13.35	-0.02	10	13350	卖盘
14:29:49	13.37	--	0	0	买盘
14:29:44	13.37	0.02	20	26740	买盘
14:29:39	13.35	--	58	77430	买盘
14:29:34	13.35	--	9	12015	买盘
14:29:29	13.35	--	94	126010	卖盘
14:29:19	13.35	--	100	133500	卖盘
14:29:14	13.35	--	75	100645	卖盘
14:29:09	13.35	--	22	29970	卖盘
14:29:04	13.35	0.01	296	396187	买盘
14:28:54	13.34	--	28	37752	卖盘
14:28:44	13.34	-0.01	141	188747	卖盘
14:28:34	13.35	-0.01	1084	1447447	卖盘
14:28:23	13.36	--	145	193720	卖盘
14:28:19	13.36	-0.01	24	32064	卖盘
14:28:08	13.37	--	24	32087	卖盘
14:27:49	13.37	--	5	6685	卖盘
14:27:44	13.37	--	10	13370	卖盘
14:27:38	13.37	--	5	6685	卖盘
14:27:34	13.37	--	20	26740	卖盘
14:27:14	13.37	--	114	152418	卖盘
14:26:59	13.37	--	22	29414	买盘
14:26:44	13.37	--	0	0	买盘
14:26:19	13.37	0.02	2	2674	买盘
14:25:59	13.35	-0.02	64	86628	卖盘
14:25:48	13.37	0.02	20	26740	买盘
14:25:43	13.35	--	78	104236	卖盘
14:25:38	13.35	--	58	77964	卖盘
14:25:28	13.35	--	22	29904	卖盘
14:25:23	13.35	--	5	6675	卖盘
14:25:13	13.35	0.01	80	106800	卖盘
14:25:08	13.34	--	145	194123	卖盘
14:25:03	13.34	--	0	0	卖盘
14:24:58	13.34	--	131	175447	卖盘
14:24:53	13.34	--	0	0	卖盘
14:24:43	13.34	-0.01	259	345639	买盘
14:24:38	13.35	0.01	120	160200	买盘
14:24:33	13.34	--	66	88844	卖盘
14:24:28	13.34	-0.01	156	208637	卖盘
14:24:23	13.35	--	40	53400	买盘
14:24:13	13.35	--	35	46725	买盘
14:24:08	13.35	-0.01	79	106439	卖盘
14:24:03	13.36	--	35	47240	买盘
14:23:58	13.36	--	264	353171	买盘
14:23:53	13.36	--	23	30728	买盘
14:23:43	13.36	--	30	40080	买盘
14:23:38	13.36	--	42	56379	卖盘
14:23:28	13.36	-0.01	148	198796	卖盘
14:23:13	13.37	--	7	10428	卖盘
14:23:08	13.37	0.01	23	31018	卖盘
14:22:43	13.36	--	0	0	卖盘
14:22:23	13.36	--	20	26720	卖盘
14:22:17	13.36	--	175	233800	买盘
14:22:13	13.36	--	5	6680	买盘
14:22:08	13.36	--	50	66800	买盘
14:21:58	13.36	--	4	5344	买盘
14:21:53	13.36	--	132	176352	卖盘
14:21:28	13.36	-0.02	160	213760	卖盘
14:21:13	13.38	0.02	80	107040	买盘
14:21:08	13.36	--	270	360720	卖盘
14:20:58	13.36	--	0	0	卖盘
14:20:43	13.36	--	60	80160	卖盘
14:20:32	13.36	-0.01	80	106880	卖盘
14:20:28	13.37	--	21	28077	买盘
14:20:13	13.37	0.01	9	12033	买盘
14:20:08	13.36	--	0	0	中性盘
14:19:47	13.36	-0.01	150	200400	卖盘
14:19:37	13.37	-0.01	40	53480	卖盘
14:19:23	13.38	--	90	120420	买盘
14:19:17	13.38	0.02	9	12042	买盘
14:19:07	13.36	-0.02	223	297928	卖盘
14:19:02	13.38	--	4	5352	卖盘
14:18:52	13.38	--	20	26760	卖盘
14:18:47	13.38	--	4	5352	卖盘
14:18:37	13.38	--	1	1338	卖盘
14:18:22	13.38	--	10	13380	卖盘
14:18:12	13.38	--	59	78942	卖盘
14:18:07	13.38	--	8	10704	卖盘
14:17:57	13.38	--	3	4014	卖盘
14:17:52	13.38	--	36	48168	卖盘
14:17:47	13.38	--	80	107040	卖盘
14:17:37	13.38	--	16	21408	卖盘
14:17:32	13.38	--	2	2676	卖盘
14:17:27	13.38	--	2	2676	卖盘
14:17:22	13.38	--	1	1338	卖盘
14:17:17	13.38	--	34	45492	买盘
14:17:12	13.38	--	21	28098	卖盘
14:17:07	13.38	--	5	6690	卖盘
14:17:02	13.38	-0.01	38	50844	卖盘
14:16:27	13.39	--	0	0	中性盘
14:16:22	13.39	-0.01	10	13390	卖盘
14:16:17	13.4	--	3	4020	买盘
14:16:02	13.4	--	0	0	买盘
14:15:56	13.4	0.02	10	13400	买盘
14:15:47	13.38	-0.02	5	6690	卖盘
14:15:32	13.4	--	2	2680	买盘
14:15:02	13.4	--	10	13400	买盘
14:14:52	13.4	--	15	20100	买盘
14:14:47	13.4	--	0	0	买盘
14:14:26	13.4	--	5	6700	卖盘
14:14:22	13.4	--	15	20100	卖盘
14:14:17	13.4	0.01	7	9380	卖盘
14:14:07	13.39	-0.01	70	93730	卖盘
14:14:02	13.4	-0.01	20	26800	卖盘
14:13:52	13.41	--	6	8046	买盘
14:13:47	13.41	0.01	3	4023	卖盘
14:13:41	13.4	-0.02	30	40200	卖盘
14:13:37	13.42	0.02	15	20130	买盘
14:13:32	13.4	-0.01	50	67000	卖盘
14:13:22	13.41	-0.01	15	20115	卖盘
14:13:01	13.42	--	0	0	买盘
14:12:56	13.42	0.01	100	134200	买盘
14:12:51	13.41	--	20	26820	卖盘
14:12:47	13.41	--	100	134100	卖盘
14:12:41	13.41	-0.02	5	6705	卖盘
14:12:31	13.43	--	0	0	买盘
14:12:26	13.43	0.01	100	134300	买盘
14:12:16	13.42	--	34	45628	卖盘
14:12:11	13.42	--	4	5368	卖盘
14:12:06	13.42	--	4	5368	卖盘
14:11:51	13.42	0.01	5	6710	买盘
14:11:41	13.41	-0.01	13	17433	卖盘
14:11:31	13.42	-0.01	10	13420	卖盘
14:11:26	13.43	0.01	30	40290	买盘
14:11:16	13.42	--	30	40260	卖盘
14:11:11	13.42	-0.01	10	13420	卖盘
14:11:06	13.43	--	15	20145	买盘
14:11:01	13.43	--	0	0	买盘
14:10:56	13.43	0.01	67	89981	买盘
14:10:51	13.42	--	20	26840	买盘
14:10:46	13.42	--	27	36234	卖盘
14:10:41	13.42	--	31	41602	买盘
14:10:21	13.42	0.01	33	44286	买盘
14:10:06	13.41	--	58	77778	买盘
14:10:01	13.41	0.01	12	16092	买盘
14:09:56	13.4	-0.01	18	24120	卖盘
14:09:46	13.41	0.01	82	109962	买盘
14:09:41	13.4	--	9	12060	卖盘
14:09:31	13.4	--	35	47744	买盘
14:09:26	13.4	--	35	46900	买盘
14:09:16	13.4	--	200	268000	买盘
14:09:11	13.4	--	26	34840	买盘
14:09:01	13.4	0.01	20	26800	买盘
14:08:56	13.39	-0.01	5	6695	卖盘
14:08:46	13.4	0.01	100	134000	买盘
14:08:41	13.39	--	11	14729	买盘
14:08:20	13.39	--	0	0	中性盘
14:08:01	13.39	--	10	13390	买盘
14:07:56	13.39	--	58	77662	卖盘
14:07:46	13.39	-0.01	25	33475	卖盘
14:07:41	13.4	--	70	93800	买盘
14:07:35	13.4	--	0	0	买盘
14:07:31	13.4	0.01	84	112560	买盘
14:07:20	13.39	-0.01	21	28119	卖盘
14:07:16	13.4	--	1	1340	买盘
14:07:05	13.4	0.02	112	150080	买盘
14:06:46	13.38	--	159	212742	卖盘
14:06:35	13.38	-0.01	40	53520	卖盘
14:06:25	13.39	--	6	8034	买盘
14:06:15	13.39	0.01	111	148629	买盘
14:05:30	13.38	--	3	4014	卖盘
14:05:25	13.38	-0.01	12	16056	卖盘
14:05:20	13.39	0.02	50	66950	买盘
14:05:15	13.37	--	5	6685	卖盘
14:05:05	13.37	--	0	0	卖盘
14:04:55	13.37	-0.01	30	40110	卖盘
14:04:50	13.38	-0.01	5	6690	买盘
14:04:20	13.39	--	0	0	买盘
14:04:10	13.39	0.04	30	40170	买盘
14:03:50	13.35	-0.03	815	1088025	卖盘
14:03:40	13.38	-0.01	5	6690	卖盘
14:03:35	13.39	--	104	139256	买盘
14:03:25	13.39	--	21	28119	买盘
14:03:10	13.39	0.01	60	80340	买盘
14:03:05	13.38	-0.01	45	60210	卖盘
14:02:40	13.39	0.01	21	28119	买盘
14:02:20	13.38	--	2	2676	卖盘
14:02:14	13.38	--	35	46830	买盘
14:02:05	13.38	0.01	1	1338	买盘
14:01:35	13.37	-0.01	17	22729	卖盘
14:01:25	13.38	--	1	1338	卖盘
14:01:20	13.38	--	9	12042	买盘
14:01:10	13.38	--	7	9366	卖盘
14:00:55	13.38	--	1	1338	卖盘
14:00:44	13.38	--	15	20070	买盘
14:00:39	13.38	0.01	20	26760	买盘
14:00:25	13.37	--	167	223279	卖盘
14:00:20	13.37	-0.01	201	268737	卖盘
14:00:14	13.38	--	106	141828	买盘
13:59:59	13.38	--	16	21408	卖盘
13:59:54	13.38	--	3	4014	卖盘
13:59:50	13.38	--	43	57534	卖盘
13:59:39	13.38	0.01	15	20070	买盘
13:59:29	13.37	--	0	0	卖盘
13:59:24	13.37	-0.01	20	26740	卖盘
13:59:19	13.38	0.01	2	2676	中性盘
13:58:59	13.37	-0.02	22	29414	卖盘
13:58:44	13.39	0.02	500	669500	买盘
13:58:34	13.37	--	51	68187	卖盘
13:58:24	13.37	0.01	430	574910	买盘
13:58:19	13.36	--	88	117568	卖盘
13:58:14	13.36	--	58	77488	卖盘
13:57:24	13.36	-0.01	1	1336	卖盘
13:56:49	13.37	--	21	28077	卖盘
13:56:44	13.37	-0.01	30	40110	卖盘
13:56:34	13.38	0.01	6	8028	买盘
13:56:14	13.37	--	4	5348	卖盘
13:56:08	13.37	--	10	13370	卖盘
13:55:49	13.37	--	28	37436	买盘
13:55:38	13.37	0.01	150	200550	买盘
13:55:34	13.36	-0.01	3	4008	卖盘
13:55:23	13.37	--	3	4010	买盘
13:55:14	13.37	--	62	82894	卖盘
13:55:04	13.37	--	1	1337	卖盘
13:54:53	13.37	--	7	9359	卖盘
13:54:44	13.37	0.01	87	116319	买盘
13:54:34	13.36	-0.01	180	240480	卖盘
13:54:19	13.37	--	18	24066	买盘
13:54:14	13.37	--	35	46795	卖盘
13:53:59	13.37	--	15	20055	买盘
13:53:53	13.37	0.01	100	133700	买盘
13:53:38	13.36	-0.01	50	66800	卖盘
13:53:29	13.37	0.01	6	8021	卖盘
13:53:23	13.36	--	0	0	卖盘
13:53:13	13.36	--	10	13360	卖盘
13:52:58	13.36	-0.02	4	5344	卖盘
13:52:48	13.38	0.01	3	4014	买盘
13:52:43	13.37	0.01	100	133700	买盘
13:52:33	13.36	-0.01	20	26720	卖盘
13:52:28	13.37	--	25	33425	卖盘
13:52:23	13.37	--	51	68187	卖盘
13:52:13	13.37	--	17	22729	卖盘
13:52:03	13.37	--	5	6685	卖盘
13:51:43	13.37	0.01	92	123004	买盘
13:51:33	13.36	--	10	13360	卖盘
13:51:23	13.36	--	390	521040	卖盘
13:51:18	13.36	-0.01	8	10688	卖盘
13:51:03	13.37	0.01	24	32087	中性盘
13:50:58	13.36	--	51	68136	卖盘
13:50:53	13.36	--	0	0	卖盘
13:50:43	13.36	--	185	247160	卖盘
13:50:23	13.36	-0.01	17	22712	卖盘
13:50:08	13.37	--	43	57491	卖盘
13:49:38	13.37	--	168	224616	卖盘
13:49:28	13.37	--	20	26740	卖盘
13:49:23	13.37	--	6	8021	卖盘
13:49:17	13.37	--	22	29414	买盘
13:49:08	13.37	0.01	220	294140	卖盘
13:49:02	13.36	--	0	0	卖盘
13:48:58	13.36	-0.02	200	267200	卖盘
13:48:43	13.38	--	12	16056	卖盘
13:48:38	13.38	0.02	10	13380	中性盘
13:48:28	13.36	-0.02	300	400800	卖盘
13:48:23	13.38	0.01	206	275628	买盘
13:48:17	13.37	-0.01	20	26740	卖盘
13:48:13	13.38	0.01	50	66900	买盘
13:48:02	13.37	-0.01	50	66850	卖盘
13:47:58	13.38	0.01	2	2676	买盘
13:47:53	13.37	-0.01	30	40110	卖盘
13:47:38	13.38	0.01	20	26760	买盘
13:47:28	13.37	--	24	32087	卖盘
13:47:23	13.37	--	10	13370	卖盘
13:47:02	13.37	--	30	40110	卖盘
13:46:53	13.37	-0.01	10	13370	卖盘
13:46:47	13.38	--	50	66900	买盘
13:46:37	13.38	0.01	10	13380	买盘
13:46:32	13.37	-0.01	4	5348	卖盘
13:46:12	13.38	0.01	5	6690	买盘
13:46:07	13.37	--	10	13370	卖盘
13:45:52	13.37	-0.01	20	26740	卖盘
13:45:27	13.38	--	25	33450	买盘
13:45:22	13.38	--	5	6690	买盘
13:44:32	13.38	--	7	9366	卖盘
13:44:12	13.38	--	163	218094	买盘
13:43:52	13.38	0.01	4	5352	买盘
13:43:32	13.37	--	92	123004	卖盘
13:43:26	13.37	-0.01	1	1337	卖盘
13:43:22	13.38	--	0	0	买盘
13:43:11	13.38	0.01	120	160560	买盘
13:43:07	13.37	--	5	6685	买盘
13:43:02	13.37	--	9	12033	卖盘
13:42:56	13.37	0.01	1	1337	卖盘
13:42:22	13.36	--	0	0	卖盘
13:42:17	13.36	-0.02	17	22712	卖盘
13:42:11	13.38	--	16	21408	卖盘
13:42:07	13.38	--	3	4014	卖盘
13:42:02	13.38	--	557	745266	买盘
13:41:52	13.38	--	186	248868	买盘
13:41:32	13.38	0.01	7	9366	买盘
13:41:17	13.37	--	15	20055	买盘
13:41:11	13.37	--	0	0	中性盘
13:41:02	13.37	--	53	70861	卖盘
13:40:26	13.37	--	27	36099	卖盘
13:40:16	13.37	--	49	65512	买盘
13:40:11	13.37	-0.01	21	28077	买盘
13:40:01	13.38	--	0	0	买盘
13:39:56	13.38	0.01	17	22746	买盘
13:39:51	13.37	--	20	26740	卖盘
13:39:46	13.37	-0.01	5	6685	卖盘
13:39:36	13.38	--	17	22746	买盘
13:39:31	13.38	0.02	7	9366	买盘
13:39:26	13.36	--	7	9352	卖盘
13:39:16	13.36	--	22	29392	卖盘
13:39:11	13.36	--	0	748	买盘
13:39:06	13.36	--	5	6680	买盘
13:39:01	13.36	-0.01	194	259771	卖盘
13:38:56	13.37	--	2	2674	卖盘
13:38:51	13.37	0.01	33	44121	买盘
13:38:31	13.36	--	0	0	卖盘
13:38:11	13.36	-0.01	20	26720	卖盘
13:37:56	13.37	--	84	112308	买盘
13:37:31	13.37	0.01	66	88242	买盘
13:37:26	13.36	-0.01	35	46760	卖盘
13:36:56	13.37	--	100	133700	买盘
13:36:50	13.37	--	10	13370	买盘
13:36:31	13.37	--	1	1337	买盘
13:36:20	13.37	--	83	110971	买盘
13:36:01	13.37	0.01	1	1337	买盘
13:35:56	13.36	--	41	55524	买盘
13:35:50	13.36	--	50	66800	买盘
13:35:46	13.36	--	15	20040	买盘
13:35:41	13.36	--	50	66800	买盘
13:35:35	13.36	--	11	14696	买盘
13:35:31	13.36	--	268	358048	买盘
13:35:26	13.36	--	4	5344	买盘
13:35:20	13.36	--	50	66800	买盘
13:35:05	13.36	0.01	40	53440	买盘
13:35:01	13.35	-0.01	13	17355	卖盘
13:34:56	13.36	--	15	20040	买盘
13:34:50	13.36	--	50	66800	买盘
13:34:46	13.36	--	30	40080	买盘
13:34:31	13.36	--	95	127507	卖盘
13:34:20	13.36	--	4	5344	卖盘
13:34:16	13.36	--	7	9352	卖盘
13:33:55	13.36	-0.01	5	6680	卖盘
13:33:50	13.37	0.01	3	4010	买盘
13:33:45	13.36	--	3	4008	卖盘
13:33:30	13.36	--	5	6680	卖盘
13:33:20	13.36	--	10	13360	卖盘
13:33:15	13.36	--	10	14108	买盘
13:32:40	13.36	--	89	119491	卖盘
13:32:15	13.36	-0.01	50	66800	卖盘
13:32:05	13.37	--	50	66850	买盘
13:31:45	13.37	--	10	13370	买盘
13:31:20	13.37	--	42	56154	卖盘
13:31:05	13.37	--	20	26740	卖盘
13:31:00	13.37	--	5	6685	卖盘
13:30:44	13.37	--	2	2674	买盘
13:30:35	13.37	--	8	10696	卖盘
13:30:29	13.37	--	56	74872	买盘
13:30:25	13.37	--	12	16043	买盘
13:30:14	13.37	--	36	48132	卖盘
13:30:05	13.37	--	24	32087	卖盘
13:29:59	13.37	--	31	41447	买盘
13:29:55	13.37	0.01	52	69524	买盘
13:29:35	13.36	--	11	14696	卖盘
13:29:14	13.36	--	93	124996	买盘
13:29:10	13.36	--	10	13360	买盘
13:28:59	13.36	--	7	9352	买盘
13:28:55	13.36	-0.01	77	102872	卖盘
13:28:44	13.37	--	50	66850	买盘
13:28:35	13.37	--	70	93590	买盘
13:28:20	13.37	--	50	66850	买盘
13:26:49	13.37	--	9	12033	买盘
13:26:44	13.37	--	18	24066	卖盘
13:26:24	13.37	--	2	2674	卖盘
13:26:19	13.37	--	60	80220	卖盘
13:26:09	13.37	--	40	53480	卖盘
13:26:04	13.37	--	131	175147	买盘
13:25:59	13.37	0.01	52	69524	买盘
13:25:54	13.36	--	27	36072	卖盘
13:25:34	13.36	--	67	89512	卖盘
13:25:19	13.36	--	10	13360	卖盘
13:24:49	13.36	--	3	4008	卖盘
13:24:44	13.36	--	12	16032	卖盘
13:24:34	13.36	0.02	98	130928	买盘
13:24:29	13.34	-0.02	32	42688	卖盘
13:24:19	13.36	0.02	9	12024	买盘
13:24:14	13.34	--	1	1334	卖盘
13:23:53	13.34	--	0	0	卖盘
13:23:49	13.34	-0.01	50	66700	卖盘
13:23:44	13.35	-0.01	3	4005	卖盘
13:23:34	13.36	0.02	23	30728	买盘
13:22:59	13.34	--	16	21344	卖盘
13:22:53	13.34	--	13	17342	买盘
13:22:49	13.34	--	53	70702	买盘
13:22:34	13.34	-0.01	234	312156	卖盘
13:22:19	13.35	--	5	6675	卖盘
13:21:59	13.35	--	3	4005	卖盘
13:21:44	13.35	--	73	97455	卖盘
13:21:38	13.35	--	14	18690	卖盘
13:21:34	13.35	--	0	0	卖盘
13:21:03	13.35	-0.02	300	400500	卖盘
13:20:48	13.37	--	12	16043	买盘
13:20:23	13.37	--	13	17381	卖盘
13:20:13	13.37	--	20	26740	卖盘
13:19:43	13.37	0.01	17	22729	买盘
13:19:38	13.36	--	60	80160	卖盘
13:19:23	13.36	--	54	72144	卖盘
13:19:08	13.36	--	20	26720	卖盘
13:18:38	13.36	--	2	2672	买盘
13:18:23	13.36	-0.01	78	104208	卖盘
13:18:08	13.37	0.01	2	2674	买盘
13:18:03	13.36	--	5	6680	卖盘
13:17:38	13.36	--	37	49432	中性盘
13:17:32	13.36	--	10	13360	买盘
13:17:23	13.36	--	66	88176	卖盘
13:17:13	13.36	-0.01	4	5344	卖盘
13:16:53	13.37	--	12	16043	卖盘
13:16:43	13.37	--	10	13370	卖盘
13:16:38	13.37	0.01	10	13370	卖盘
13:16:32	13.36	-0.01	130	173680	卖盘
13:16:28	13.37	--	64	85568	买盘
13:16:08	13.37	0.01	5	6685	买盘
13:15:53	13.36	--	10	13360	卖盘
13:15:43	13.36	--	10	13360	卖盘
13:15:38	13.36	0.01	37	49432	买盘
13:15:22	13.35	--	130	173550	买盘
13:15:12	13.35	--	20	26700	卖盘
13:15:08	13.35	--	10	13350	卖盘
13:14:52	13.35	--	14	18690	卖盘
13:14:47	13.35	--	10	13350	买盘
13:14:42	13.35	--	43	57405	买盘
13:14:22	13.35	--	47	62745	卖盘
13:14:17	13.35	--	21	28035	卖盘
13:14:07	13.35	--	0	0	卖盘
13:14:02	13.35	-0.02	20	26700	卖盘
13:13:57	13.37	0.01	11	14707	买盘
13:13:37	13.36	--	5	6680	买盘
13:13:27	13.36	--	25	33400	买盘
13:13:12	13.36	--	60	80160	买盘
13:13:07	13.36	-0.02	208	277888	卖盘
13:13:02	13.38	--	5	6690	买盘
13:12:57	13.38	--	5	6690	买盘
13:12:37	13.38	--	8	10704	卖盘
13:12:27	13.38	--	7	9366	卖盘
13:12:22	13.38	--	10	13380	卖盘
13:12:07	13.38	-0.01	10	13380	卖盘
13:11:37	13.39	--	3	4017	买盘
13:11:32	13.39	--	15	20085	买盘
13:10:56	13.39	--	5	6695	卖盘
13:10:52	13.39	--	4	5356	买盘
13:10:47	13.39	--	3	4017	买盘
13:10:41	13.39	-0.01	6	8034	卖盘
13:10:37	13.4	--	34	45560	买盘
13:10:32	13.4	--	116	155440	买盘
13:10:26	13.4	--	21	28140	买盘
13:10:22	13.4	--	100	134000	买盘
13:10:07	13.4	--	67	89780	买盘
13:10:02	13.4	--	25	33500	买盘
13:09:52	13.4	--	3	4020	买盘
13:09:41	13.4	--	10	13400	买盘
13:09:26	13.4	0.01	37	49580	买盘
13:09:22	13.39	-0.01	15	20085	卖盘
13:09:17	13.4	--	15	20100	买盘
13:09:07	13.4	0.01	27	36180	买盘
13:08:52	13.39	--	30	40170	卖盘
13:08:41	13.39	--	17	22763	卖盘
13:08:32	13.39	--	188	251732	买盘
13:08:11	13.39	--	10	13390	买盘
13:07:56	13.39	0.01	6	8034	买盘
13:07:51	13.38	-0.01	50	66900	卖盘
13:07:26	13.39	0.01	10	13390	买盘
13:07:21	13.38	--	55	74259	买盘
13:07:11	13.38	--	50	66900	买盘
13:07:06	13.38	0.01	10	13380	买盘
13:06:41	13.37	0.01	283	378371	买盘
13:06:36	13.36	-0.01	50	66800	卖盘
13:06:31	13.37	--	25	33425	买盘
13:06:11	13.37	0.01	14	18718	买盘
13:05:56	13.36	-0.01	40	53440	卖盘
13:05:31	13.37	0.01	80	106960	买盘
13:05:11	13.36	--	1	1336	卖盘
13:05:01	13.36	-0.01	10	13360	卖盘
13:04:36	13.37	--	40	53480	买盘
13:03:26	13.37	--	10	13370	买盘
13:03:11	13.37	--	30	40110	买盘
13:03:01	13.37	0.01	20	26740	买盘
13:02:56	13.36	-0.01	7	9352	卖盘
13:02:50	13.37	--	5	6685	买盘
13:02:41	13.37	--	60	80220	买盘
13:02:26	13.37	-0.01	75	100275	卖盘
13:02:01	13.38	-0.01	257	344535	卖盘
13:01:50	13.39	0.01	10	13390	买盘
13:01:45	13.38	--	17	22746	卖盘
13:01:35	13.38	0.01	133	178623	买盘
13:01:25	13.37	--	17	22729	买盘
13:01:20	13.37	--	18	24066	买盘
13:01:15	13.37	--	3	4010	买盘
13:00:45	13.37	0.01	5	6685	买盘
13:00:40	13.36	--	30	40080	卖盘
13:00:35	13.36	--	10	13360	买盘
13:00:25	13.36	--	100	133600	买盘
13:00:10	13.36	-0.01	627	837672	卖盘
13:00:05	13.37	0.01	427	570899	买盘
11:30:00	13.36	--	0	0	卖盘
11:30:00	13.36	--	0	0	卖盘
11:29:57	13.36	-0.01	1	1336	卖盘
11:29:37	13.37	0.01	50	66850	买盘
11:29:32	13.36	--	39	52104	卖盘
11:29:17	13.36	-0.01	75	100200	卖盘
11:29:07	13.37	0.01	8	10696	买盘
11:28:52	13.36	-0.01	10	13360	卖盘
11:28:36	13.37	-0.01	40	53480	买盘
11:28:31	13.38	--	0	0	买盘
11:28:27	13.38	0.01	40	53520	买盘
11:28:21	13.37	--	31	41447	卖盘
11:28:12	13.37	--	35	46795	卖盘
11:28:06	13.37	--	8	10696	卖盘
11:28:01	13.37	--	30	40110	卖盘
11:27:56	13.37	0.01	39	52143	买盘
11:27:46	13.36	-0.01	94	125584	卖盘
11:27:36	13.37	0.01	13	17381	买盘
11:27:31	13.36	-0.01	20	26720	卖盘
11:27:16	13.37	--	93	124341	买盘
11:27:06	13.37	0.01	40	53480	买盘
11:27:01	13.36	--	5	6680	卖盘
11:26:56	13.36	--	10	13360	卖盘
11:26:46	13.36	-0.01	10	13360	卖盘
11:26:41	13.37	0.01	20	26740	买盘
11:26:36	13.36	-0.01	10	13360	卖盘
11:26:31	13.37	--	50	66850	买盘
11:26:26	13.37	--	20	26740	买盘
11:26:21	13.37	0.01	61	81557	买盘
11:26:16	13.36	-0.01	66	88176	卖盘
11:26:11	13.37	0.01	50	66850	买盘
11:26:06	13.36	--	1	1336	卖盘
11:26:01	13.36	--	301	402136	买盘
11:25:51	13.36	0.01	40	53440	买盘
11:25:41	13.35	0.02	426	568710	买盘
11:25:36	13.33	--	226	301258	买盘
11:25:26	13.33	--	49	65317	买盘
11:25:21	13.33	0.01	18	23994	买盘
11:25:16	13.32	--	40	53280	卖盘
11:25:06	13.32	--	59	78588	买盘
11:25:01	13.32	--	6	7992	买盘
11:24:56	13.32	0.01	100	133200	买盘
11:24:51	13.31	--	50	66550	卖盘
11:24:46	13.31	-0.01	5	6655	卖盘
11:24:41	13.32	0.01	1131	1506492	买盘
11:24:31	13.31	-0.01	1	1331	卖盘
11:24:26	13.32	--	0	0	买盘
11:24:21	13.32	0.01	100	133200	买盘
11:24:16	13.31	--	58	77198	卖盘
11:24:11	13.31	--	4	5324	卖盘
11:23:51	13.31	--	10	13310	卖盘
11:23:31	13.31	--	10	13310	卖盘
11:23:21	13.31	-0.01	25	33275	卖盘
11:23:16	13.32	--	30	39960	买盘
11:23:06	13.32	0.01	10	13320	买盘
11:22:56	13.31	-0.01	17	22627	卖盘
11:22:41	13.32	0.01	30	39960	买盘
11:22:36	13.31	--	5	6655	卖盘
11:22:26	13.31	--	8	10648	卖盘
11:22:11	13.31	-0.01	10	13310	卖盘
11:22:06	13.32	--	3	3996	买盘
11:22:01	13.32	0.01	30	39960	买盘
11:21:55	13.31	-0.01	4	5324	卖盘
11:21:45	13.32	--	10	13320	买盘
11:21:40	13.32	--	10	13320	买盘
11:21:36	13.32	--	2	2664	买盘
11:21:25	13.32	0.01	30	39960	买盘
11:20:55	13.31	-0.01	20	26620	卖盘
11:20:45	13.32	--	35	46620	买盘
11:20:40	13.32	--	1	1332	买盘
11:20:35	13.32	--	20	26640	买盘
11:20:10	13.32	--	166	221112	买盘
11:20:05	13.32	0.01	30	39960	买盘
11:20:00	13.31	--	5	6655	卖盘
11:19:55	13.31	0.01	178	236918	买盘
11:19:35	13.3	-0.01	23	30590	卖盘
11:19:30	13.31	0.01	30	39930	买盘
11:19:10	13.3	-0.01	10	13300	卖盘
11:18:55	13.31	0.01	105	139755	买盘
11:18:45	13.3	--	97	129010	买盘
11:18:35	13.3	--	122	162260	买盘
11:18:20	13.3	--	30	39900	买盘
11:18:10	13.3	--	30	39900	买盘
11:17:35	13.3	--	32	42560	卖盘
11:17:30	13.3	--	54	71820	卖盘
11:17:10	13.3	--	10	13300	卖盘
11:17:00	13.3	-0.01	24	31920	卖盘
11:16:55	13.31	0.01	30	39930	买盘
11:16:40	13.3	--	1	1330	卖盘
11:16:25	13.3	-0.01	9	11970	卖盘
11:16:20	13.31	0.01	30	39930	买盘
11:15:55	13.3	--	0	0	卖盘
11:15:50	13.3	-0.01	1	1330	卖盘
11:15:40	13.31	0.01	80	106480	买盘
11:15:25	13.3	--	47	62510	卖盘
11:15:10	13.3	--	44	58520	买盘
11:15:04	13.3	--	0	0	买盘
11:15:00	13.3	--	30	39900	买盘
11:14:54	13.3	0.02	8	10640	买盘
11:14:49	13.28	--	0	0	卖盘
11:14:44	13.28	-0.02	100	132800	卖盘
11:14:19	13.3	--	30	39900	买盘
11:14:14	13.3	0.01	30	39900	买盘
11:14:09	13.29	-0.01	60	79740	卖盘
11:14:04	13.3	--	0	0	买盘
11:13:54	13.3	0.02	2	2660	买盘
11:13:49	13.28	-0.02	10	13280	卖盘
11:13:39	13.3	--	30	39900	买盘
11:13:04	13.3	--	30	39900	买盘
11:12:29	13.3	0.03	30	39900	买盘
11:12:24	13.27	--	0	0	卖盘
11:12:14	13.27	--	0	0	卖盘
11:11:53	13.27	-0.02	118	156586	卖盘
11:11:49	13.29	0.01	11	14618	买盘
11:11:18	13.28	--	0	0	卖盘
11:10:58	13.28	--	60	79680	卖盘
11:10:49	13.28	--	11	14608	卖盘
11:10:43	13.28	--	7	9296	卖盘
11:10:29	13.28	-0.02	10	13280	卖盘
11:10:19	13.3	--	10	13300	买盘
11:10:14	13.3	--	24	31920	买盘
11:10:09	13.3	0.02	20	26600	买盘
11:09:59	13.28	-0.02	10	13280	卖盘
11:09:54	13.3	--	30	39900	买盘
11:09:49	13.3	--	0	0	买盘
11:09:18	13.3	--	8	10640	买盘
11:09:13	13.3	--	30	39900	买盘
11:09:08	13.3	-0.01	60	79800	卖盘
11:08:58	13.31	-0.01	64	85184	卖盘
11:08:53	13.32	0.01	27	35964	买盘
11:08:28	13.31	--	20	26620	卖盘
11:08:18	13.31	--	10	13310	卖盘
11:08:13	13.31	-0.01	14	18634	卖盘
11:08:08	13.32	0.01	2	2664	买盘
11:07:58	13.31	0.01	36	47916	买盘
11:07:38	13.3	-0.01	5	6650	卖盘
11:07:28	13.31	--	8	10648	买盘
11:07:18	13.31	--	70	93170	买盘
11:07:08	13.31	0.01	33	43923	买盘
11:06:58	13.3	--	5	6650	卖盘
11:06:43	13.3	--	42	55860	卖盘
11:06:33	13.3	-0.01	100	133000	卖盘
11:06:18	13.31	0.01	2	2662	买盘
11:06:08	13.3	-0.01	30	39900	卖盘
11:06:03	13.31	0.01	30	39930	买盘
11:05:58	13.3	-0.01	195	259350	卖盘
11:05:43	13.31	--	8	10648	卖盘
11:05:23	13.31	--	22	29282	买盘
11:05:08	13.31	0.01	50	66550	买盘
11:04:57	13.3	-0.01	18	23940	卖盘
11:04:47	13.31	--	4	5324	买盘
11:04:43	13.31	--	39	51909	买盘
11:04:33	13.31	--	30	39930	买盘
11:04:08	13.31	0.01	30	39930	买盘
11:03:58	13.3	--	102	135660	卖盘
11:03:53	13.3	--	4	5320	卖盘
11:03:48	13.3	--	13	17290	卖盘
11:03:37	13.3	0.01	121	160930	买盘
11:03:32	13.29	--	2	2658	卖盘
11:03:28	13.29	-0.01	35	46515	中性盘
11:03:12	13.3	--	20	26600	买盘
11:02:57	13.3	--	4	5320	买盘
11:02:47	13.3	--	12	15960	买盘
11:02:42	13.3	--	35	46550	卖盘
11:02:37	13.3	--	15	19950	卖盘
11:02:22	13.3	-0.01	10	13300	卖盘
11:02:17	13.31	0.01	9	11979	买盘
11:02:12	13.3	--	136	180880	卖盘
11:01:47	13.3	--	10	13300	卖盘
11:01:42	13.3	-0.01	2	2660	卖盘
11:01:32	13.31	0.01	30	39930	买盘
11:01:27	13.3	--	1	1330	卖盘
11:01:12	13.3	-0.01	10	13300	卖盘
11:00:57	13.31	--	10	13310	卖盘
11:00:52	13.31	--	27	35937	买盘
11:00:42	13.31	--	40	53240	买盘
11:00:32	13.31	0.01	14	18634	买盘
11:00:27	13.3	--	18	23940	卖盘
11:00:22	13.3	-0.01	20	26600	卖盘
11:00:17	13.31	--	108	143748	买盘
10:59:57	13.31	--	40	53240	买盘
10:59:37	13.31	0.01	45	59895	买盘
10:59:22	13.3	--	1	1330	卖盘
10:59:11	13.3	--	10	13300	卖盘
10:59:07	13.3	0.02	26	34580	买盘
10:58:51	13.28	--	10	13280	卖盘
10:58:36	13.28	-0.02	10	13280	卖盘
10:58:21	13.3	--	31	41230	买盘
10:58:06	13.3	-0.01	13	17290	买盘
10:58:02	13.31	0.01	20	26620	买盘
10:57:51	13.3	--	2	2660	卖盘
10:57:47	13.3	-0.01	7	9310	卖盘
10:57:41	13.31	--	31	41261	买盘
10:57:36	13.31	0.01	5	6655	买盘
10:57:32	13.3	--	1	1330	卖盘
10:57:17	13.3	-0.01	4	5320	卖盘
10:57:06	13.31	--	46	61226	买盘
10:56:51	13.31	--	30	39930	买盘
10:56:46	13.31	--	94	125114	买盘
10:56:36	13.31	--	10	13310	买盘
10:56:31	13.31	--	9	11979	买盘
10:56:21	13.31	--	71	94501	买盘
10:56:16	13.31	-0.02	6	7986	中性盘
10:56:06	13.33	0.02	1200	1599600	买盘
10:56:01	13.31	--	19	25289	买盘
10:55:46	13.31	--	20	26620	买盘
10:55:31	13.31	--	55	73205	卖盘
10:55:11	13.31	0.01	5	6655	卖盘
10:55:06	13.3	-0.02	61	81130	卖盘
10:55:01	13.32	0.02	42	55944	买盘
10:54:51	13.3	-0.01	10	13300	卖盘
10:54:46	13.31	0.01	65	86515	买盘
10:54:41	13.3	-0.01	10	13300	卖盘
10:54:36	13.31	--	10	13310	买盘
10:54:31	13.31	-0.01	11	14641	卖盘
10:54:26	13.32	--	104	138528	买盘
10:54:21	13.32	0.01	15	19980	买盘
10:54:06	13.31	-0.01	2	2662	卖盘
10:53:56	13.32	--	10	13320	买盘
10:53:31	13.32	0.01	16	21312	卖盘
10:53:16	13.31	--	0	0	卖盘
10:53:05	13.31	0.01	4	5324	卖盘
10:53:01	13.3	-0.01	4	5320	卖盘
10:52:55	13.31	-0.04	27	35937	买盘
10:52:46	13.35	0.04	483	644805	买盘
10:52:41	13.31	--	26	34606	买盘
10:52:30	13.31	--	25	33275	卖盘
10:52:26	13.31	--	40	53240	卖盘
10:52:20	13.31	--	15	19965	卖盘
10:52:15	13.31	--	20	26620	卖盘
10:52:11	13.31	--	62	82522	买盘
10:52:00	13.31	--	13	17303	买盘
10:51:50	13.31	0.01	16	21296	买盘
10:51:35	13.3	-0.01	15	19950	买盘
10:51:30	13.31	--	0	0	买盘
10:51:26	13.31	0.02	509	677479	买盘
10:51:20	13.29	-0.01	12	15947	卖盘
10:51:11	13.3	0.02	94	125020	买盘
10:50:45	13.28	--	20	26560	卖盘
10:50:35	13.28	--	0	0	中性盘
10:50:30	13.28	--	0	0	中性盘
10:50:26	13.28	0.02	10	13280	买盘
10:50:15	13.26	-0.04	3	3978	卖盘
10:50:00	13.3	--	0	0	买盘
10:49:55	13.3	--	13	17290	买盘
10:49:45	13.3	0.04	300	399000	买盘
10:49:40	13.26	--	10	13260	卖盘
10:49:30	13.26	-0.01	7	9282	卖盘
10:49:15	13.27	--	41	54407	买盘
10:49:10	13.27	--	10	13270	买盘
10:48:50	13.27	--	15	19905	买盘
10:48:30	13.27	--	50	66350	买盘
10:48:20	13.27	0.01	5	6635	买盘
10:48:15	13.26	--	5	6630	卖盘
10:47:50	13.26	-0.01	17	22542	卖盘
10:47:45	13.27	0.01	5	6635	买盘
10:47:30	13.26	--	30	39780	卖盘
10:47:25	13.26	--	28	37128	买盘
10:47:20	13.26	0.01	32	42432	买盘
10:47:05	13.25	-0.02	5	6625	卖盘
10:46:50	13.27	0.01	50	66350	买盘
10:46:44	13.26	-0.01	17	22542	卖盘
10:46:34	13.27	--	22	29194	买盘
10:46:25	13.27	-0.01	173	229571	卖盘
10:46:20	13.28	0.01	109	144752	买盘
10:46:14	13.27	-0.01	40	53080	卖盘
10:46:09	13.28	--	3	3984	买盘
10:46:05	13.28	--	80	106240	卖盘
10:45:54	13.28	-0.01	86	114208	卖盘
10:45:44	13.29	0.01	127	168783	买盘
10:45:35	13.28	-0.01	50	66400	卖盘
10:45:24	13.29	0.01	73	97017	买盘
10:45:14	13.28	--	6	7968	买盘
10:45:09	13.28	0.01	50	66400	买盘
10:45:05	13.27	-0.01	131	173837	卖盘
10:44:54	13.28	--	99	131472	买盘
10:44:50	13.28	0.01	50	66400	买盘
10:44:39	13.27	--	71	94217	卖盘
10:44:34	13.27	--	5	6635	卖盘
10:44:24	13.27	--	136	180472	买盘
10:44:19	13.27	0.01	56	74312	买盘
10:44:14	13.26	-0.01	7	9282	卖盘
10:43:49	13.27	0.01	45	59715	买盘
10:43:39	13.26	-0.02	107	141882	卖盘
10:43:34	13.28	--	4	5312	买盘
10:43:24	13.28	0.02	109	144752	买盘
10:43:19	13.26	--	60	79560	卖盘
10:43:04	13.26	--	4	5304	卖盘
10:42:59	13.26	--	5	6630	卖盘
10:42:54	13.26	0.01	85	112710	买盘
10:42:49	13.25	--	10	13250	卖盘
10:42:39	13.25	--	25	33125	买盘
10:42:34	13.25	0.01	35	46375	买盘
10:42:24	13.24	-0.01	10	13240	卖盘
10:42:19	13.25	0.01	8	10600	买盘
10:41:58	13.24	--	10	13240	卖盘
10:41:54	13.24	0.01	5	6620	买盘
10:41:49	13.23	-0.01	5	6615	卖盘
10:41:29	13.24	--	0	0	买盘
10:41:24	13.24	--	41	54284	买盘
10:41:09	13.24	--	19	25156	买盘
10:40:59	13.24	-0.01	41	54284	卖盘
10:40:44	13.25	--	20	26500	买盘
10:40:34	13.25	--	5	6625	买盘
10:40:29	13.25	--	9	11925	买盘
10:40:18	13.25	--	20	26500	买盘
10:40:14	13.25	--	100	132500	买盘
10:39:59	13.25	0.01	10	13250	买盘
10:39:29	13.24	--	40	52960	买盘
10:39:23	13.24	--	6	7944	买盘
10:39:14	13.24	-0.01	5	6620	买盘
10:39:03	13.25	--	0	0	买盘
10:38:59	13.25	0.03	1	1325	买盘
10:38:53	13.22	-0.03	8	10576	卖盘
10:38:48	13.25	0.04	450	597363	买盘
10:38:44	13.21	--	78	103038	卖盘
10:38:14	13.21	-0.01	20	26420	卖盘
10:38:08	13.22	0.01	125	165250	买盘
10:37:59	13.21	--	22	29062	卖盘
10:37:44	13.21	0.01	83	109643	买盘
10:37:23	13.2	-0.01	40	52800	卖盘
10:37:18	13.21	--	2	2642	买盘
10:37:13	13.21	--	4	5284	买盘
10:37:03	13.21	-0.01	10	13210	买盘
10:36:43	13.22	--	0	0	买盘
10:36:33	13.22	0.01	80	105971	买盘
10:36:18	13.21	--	16	21136	卖盘
10:35:43	13.21	--	178	235138	卖盘
10:35:37	13.21	--	1	1321	卖盘
10:35:18	13.21	--	15	20924	买盘
10:34:58	13.21	--	40	52840	买盘
10:34:33	13.21	0.02	200	264200	买盘
10:34:02	13.19	--	5	6595	卖盘
10:33:58	13.19	--	2	2638	买盘
10:33:43	13.19	--	2	2638	买盘
10:33:37	13.19	-0.01	49	64631	卖盘
10:33:32	13.2	0.01	9	11880	买盘
10:33:28	13.19	-0.01	5	6595	卖盘
10:33:23	13.2	--	6	7920	买盘
10:32:42	13.2	--	14	18691	卖盘
10:32:37	13.2	--	40	52800	卖盘
10:32:22	13.2	0.01	23	31468	买盘
10:31:52	13.19	--	5	6595	买盘
10:31:47	13.19	--	121	159599	买盘
10:31:42	13.19	-0.01	160	211251	卖盘
10:31:37	13.2	--	5	6600	买盘
10:31:12	13.2	--	6	7920	卖盘
10:30:57	13.2	--	167	220440	买盘
10:30:52	13.2	--	2	2640	买盘
10:30:47	13.2	--	9	11880	买盘
10:30:37	13.2	--	2	2640	买盘
10:30:12	13.2	0.01	1	1320	买盘
10:29:57	13.19	--	10	13190	卖盘
10:29:42	13.19	-0.01	20	26380	卖盘
10:29:22	13.2	--	5	6600	买盘
10:29:16	13.2	--	0	0	中性盘
10:29:12	13.2	-0.01	10	13200	卖盘
10:29:07	13.21	--	47	62087	买盘
10:28:52	13.21	--	1	1321	买盘
10:28:42	13.21	-0.01	159	210039	卖盘
10:28:12	13.22	--	1	1322	买盘
10:28:07	13.22	--	95	125590	卖盘
10:27:52	13.22	--	30	39660	卖盘
10:27:37	13.22	--	58	76676	卖盘
10:27:31	13.22	--	37	48914	卖盘
10:27:22	13.22	--	33	43626	买盘
10:27:11	13.22	--	80	105760	买盘
10:26:56	13.22	-0.01	21	27762	卖盘
10:26:51	13.23	0.01	43	56889	买盘
10:26:46	13.22	--	30	39660	卖盘
10:26:41	13.22	--	10	13220	卖盘
10:26:36	13.22	-0.01	50	66100	卖盘
10:26:26	13.23	--	35	46305	买盘
10:26:21	13.23	--	20	26460	买盘
10:26:06	13.23	--	13	17199	买盘
10:26:01	13.23	--	18	23814	买盘
10:25:51	13.23	--	19	25137	卖盘
10:25:46	13.23	--	50	66150	卖盘
10:25:31	13.23	--	44	58212	买盘
10:25:16	13.23	0.01	184	243432	买盘
10:25:06	13.22	-0.01	21	27762	买盘
10:25:01	13.23	0.01	100	132300	买盘
10:24:56	13.22	--	2	2644	卖盘
10:24:51	13.22	--	16	21152	卖盘
10:24:46	13.22	--	61	80642	买盘
10:24:36	13.22	--	55	72710	买盘
10:24:31	13.22	--	12	15864	买盘
10:24:16	13.22	0.01	36	47592	买盘
10:24:06	13.21	0.02	325	429325	买盘
10:23:51	13.19	0.01	30	40677	买盘
10:23:46	13.18	-0.01	5	6590	卖盘
10:23:40	13.19	--	6	7914	买盘
10:23:36	13.19	--	8	10552	买盘
10:23:25	13.19	--	0	0	买盘
10:23:21	13.19	0.01	30	39570	买盘
10:23:06	13.18	--	4	5272	买盘
10:23:01	13.18	--	41	54038	卖盘
10:22:51	13.18	--	0	0	卖盘
10:22:46	13.18	-0.02	100	131800	卖盘
10:22:36	13.2	--	11	14520	买盘
10:22:25	13.2	0.02	15	19800	买盘
10:22:21	13.18	-0.02	5	6590	卖盘
10:22:01	13.2	-0.01	32	42240	卖盘
10:21:55	13.21	0.01	13	17173	买盘
10:21:51	13.2	--	40	52800	卖盘
10:21:46	13.2	--	84	110880	卖盘
10:21:40	13.2	--	20	26400	卖盘
10:21:36	13.2	--	2	2640	卖盘
10:21:31	13.2	--	276	364320	卖盘
10:21:25	13.2	--	195	257400	卖盘
10:21:20	13.2	-0.01	21	27720	卖盘
10:21:16	13.21	--	29	38309	买盘
10:21:10	13.21	0.01	2	2642	买盘
10:21:00	13.2	-0.01	45	59400	卖盘
10:20:50	13.21	--	20	26420	买盘
10:20:46	13.21	--	10	13210	买盘
10:20:35	13.21	--	30	39630	买盘
10:20:31	13.21	--	20	26420	买盘
10:20:25	13.21	--	12	15852	买盘
10:20:20	13.21	--	6	7926	买盘
10:20:10	13.21	0.01	20	26420	买盘
10:20:05	13.2	-0.01	1	1320	卖盘
10:20:00	13.21	0.01	30	39630	买盘
10:19:50	13.2	0.02	334	440880	买盘
10:19:40	13.18	-0.02	6	7908	中性盘
10:19:35	13.2	--	20	26400	买盘
10:19:30	13.2	0.02	625	825000	买盘
10:19:25	13.18	-0.01	31	40858	卖盘
10:19:15	13.19	0.01	11	14509	买盘
10:19:00	13.18	--	10	13180	卖盘
10:18:45	13.18	0.02	299	394082	买盘
10:18:25	13.16	-0.01	57	75012	卖盘
10:18:15	13.17	--	150	197550	买盘
10:18:10	13.17	--	5	6585	买盘
10:18:05	13.17	0.01	3	3951	买盘
10:17:55	13.16	-0.01	20	26320	卖盘
10:17:50	13.17	--	9	11853	买盘
10:17:30	13.17	0.01	50	65850	买盘
10:17:25	13.16	0.01	436	573776	买盘
10:17:10	13.15	-0.01	293	385295	卖盘
10:17:00	13.16	0.01	2	2632	买盘
10:16:55	13.15	-0.01	50	65750	卖盘
10:16:34	13.16	--	15	19740	买盘
10:16:30	13.16	--	76	100016	买盘
10:16:15	13.16	-0.01	68	89488	卖盘
10:16:10	13.17	--	19	25023	买盘
10:15:45	13.17	--	23	30291	买盘
10:15:40	13.17	--	16	21072	买盘
10:15:10	13.17	--	14	18438	买盘
10:15:04	13.17	0.01	1	1317	买盘
10:14:55	13.16	--	100	131600	买盘
10:14:40	13.16	0.01	16	21056	买盘
10:14:34	13.15	-0.01	30	39450	卖盘
10:14:14	13.16	--	10	13160	买盘
10:14:09	13.16	--	15	19740	买盘
10:14:04	13.16	--	6	7896	买盘
10:13:59	13.16	0.01	52	68432	买盘
10:13:39	13.15	--	8	10520	买盘
10:13:14	13.15	--	5	6575	卖盘
10:13:09	13.15	-0.01	4	5260	卖盘
10:13:04	13.16	--	14	18424	买盘
10:12:49	13.16	--	6	7896	卖盘
10:12:34	13.16	0.01	10	13160	买盘
10:12:29	13.15	--	6	7890	卖盘
10:12:14	13.15	--	105	138075	买盘
10:12:09	13.15	0.01	20	26300	买盘
10:12:04	13.14	--	116	152424	卖盘
10:11:59	13.14	--	92	120888	买盘
10:11:54	13.14	--	29	38106	买盘
10:11:49	13.14	--	15	19710	买盘
10:11:39	13.14	--	1	1314	买盘
10:11:34	13.14	-0.01	16	21024	买盘
10:11:14	13.15	--	0	0	买盘
10:11:09	13.15	0.02	15	19725	买盘
10:11:04	13.13	-0.01	9	11817	卖盘
10:10:34	13.14	0.01	22	28908	买盘
10:10:28	13.13	-0.01	1	1313	卖盘
10:10:09	13.14	0.01	44	57816	买盘
10:10:04	13.13	--	31	40703	买盘
10:09:49	13.13	--	15	19695	买盘
10:09:43	13.13	--	38	49894	卖盘
10:09:39	13.13	-0.01	55	72215	卖盘
10:09:34	13.14	--	15	19710	买盘
10:09:19	13.14	--	8	10512	买盘
10:09:09	13.14	0.01	15	19710	买盘
10:09:04	13.13	--	2	2626	卖盘
10:08:43	13.13	--	140	183820	买盘
10:08:38	13.13	0.01	16	21008	买盘
10:08:34	13.12	-0.01	47	61663	卖盘
10:08:23	13.13	--	10	13130	买盘
10:08:13	13.13	--	0	0	买盘
10:08:08	13.13	--	14	18382	买盘
10:08:03	13.13	--	5	6565	买盘
10:07:48	13.13	--	10	13130	买盘
10:07:38	13.13	0.02	16	21008	买盘
10:07:18	13.11	--	0	0	卖盘
10:07:13	13.11	--	14	18354	卖盘
10:07:08	13.11	-0.02	4	5244	卖盘
10:07:03	13.13	0.02	60	78780	买盘
10:06:58	13.11	--	25	32775	卖盘
10:06:48	13.11	--	17	22287	卖盘
10:06:43	13.11	-0.02	19	24909	卖盘
10:06:33	13.13	--	16	21008	买盘
10:06:03	13.13	0.03	31	40703	买盘
10:05:48	13.1	--	17	22270	卖盘
10:05:42	13.1	0.01	1	1310	卖盘
10:05:33	13.09	--	0	0	卖盘
10:05:28	13.09	-0.01	57	74613	卖盘
10:05:23	13.1	--	30	39300	买盘
10:05:13	13.1	-0.04	577	755870	卖盘
10:05:03	13.14	--	26	34164	买盘
10:04:58	13.14	-0.01	97	127458	卖盘
10:04:33	13.15	0.01	32	42080	买盘
10:04:18	13.14	-0.01	3	3942	卖盘
10:04:03	13.15	--	63	82845	买盘
10:03:48	13.15	-0.02	129	169635	卖盘
10:03:43	13.17	--	22	28974	买盘
10:03:33	13.17	0.02	17	22389	买盘
10:03:28	13.15	--	0	0	卖盘
10:03:22	13.15	-0.02	35	46025	卖盘
10:03:18	13.17	0.01	33	43461	买盘
10:03:07	13.16	-0.01	1	1316	卖盘
10:03:03	13.17	--	88	115896	买盘
10:02:43	13.17	--	0	0	买盘
10:02:37	13.17	--	242	318714	买盘
10:02:28	13.17	--	0	0	买盘
10:02:22	13.17	--	14	18438	买盘
10:02:07	13.17	--	15	19755	买盘
10:02:02	13.17	-0.01	64	84288	卖盘
10:01:58	13.18	--	24	31632	买盘
10:01:42	13.18	--	26	34268	卖盘
10:01:37	13.18	--	36	47448	卖盘
10:01:27	13.18	0.03	91	119938	买盘
10:01:22	13.15	--	10	13150	卖盘
10:01:12	13.15	--	11	14465	卖盘
10:01:07	13.15	--	56	73640	买盘
10:01:02	13.15	--	120	157800	买盘
10:00:52	13.15	-0.02	124	163060	卖盘
10:00:47	13.17	0.01	11	14487	买盘
10:00:42	13.16	--	1	1316	卖盘
10:00:37	13.16	-0.01	1	1316	中性盘
10:00:32	13.17	0.01	70	92190	买盘
10:00:22	13.16	--	28	36848	卖盘
10:00:12	13.16	--	7	9212	卖盘
09:59:57	13.16	--	57	75012	买盘
09:59:52	13.16	--	4	5264	买盘
09:59:42	13.16	--	43	56588	买盘
09:59:37	13.16	0.01	15	19740	买盘
09:59:22	13.15	--	10	13150	卖盘
09:59:12	13.15	--	117	153855	买盘
09:59:07	13.15	0.01	17	22355	买盘
09:58:32	13.14	--	254	333756	买盘
09:58:27	13.14	0.01	2	2628	买盘
09:58:12	13.13	-0.01	10	13130	卖盘
09:58:07	13.14	0.01	15	19710	买盘
09:57:57	13.13	0.01	5	6565	中性盘
09:57:52	13.12	--	2	2624	买盘
09:57:37	13.12	--	65	85280	买盘
09:57:31	13.12	--	51	66912	买盘
09:57:27	13.12	--	1	1312	买盘
09:57:07	13.12	-0.03	308	404096	卖盘
09:56:57	13.15	0.01	21	27615	中性盘
09:56:52	13.14	-0.02	15	19710	卖盘
09:56:37	13.16	--	15	19740	买盘
09:56:27	13.16	--	17	22372	买盘
09:56:07	13.16	0.01	15	19740	买盘
09:55:52	13.15	-0.01	1	1315	卖盘
09:55:37	13.16	--	0	0	买盘
09:55:31	13.16	0.01	30	39480	买盘
09:55:21	13.15	--	2	2630	买盘
09:55:06	13.15	0.02	14	18410	买盘
09:55:01	13.13	--	0	0	卖盘
09:54:46	13.13	-0.02	30	39390	卖盘
09:54:41	13.15	--	0	0	买盘
09:54:36	13.15	0.01	20	26300	买盘
09:54:26	13.14	0.01	47	61758	卖盘
09:54:21	13.13	-0.02	19	24947	卖盘
09:54:11	13.15	--	30	39450	买盘
09:54:06	13.15	--	14	18410	买盘
09:53:56	13.15	0.02	47	61805	买盘
09:53:51	13.13	-0.02	30	39390	卖盘
09:53:46	13.15	--	34	44710	买盘
09:53:36	13.15	0.01	21	27615	买盘
09:53:31	13.14	-0.01	10	13140	买盘
09:53:26	13.15	--	0	0	买盘
09:53:21	13.15	0.02	66	86790	买盘
09:53:16	13.13	--	0	0	卖盘
09:53:11	13.13	-0.01	30	39390	卖盘
09:53:06	13.14	0.01	3	3942	买盘
09:52:51	13.13	--	18	23634	卖盘
09:52:46	13.13	--	0	0	卖盘
09:52:36	13.13	--	95	124984	买盘
09:52:31	13.13	--	60	78780	买盘
09:52:26	13.13	0.01	4	5252	买盘
09:52:16	13.12	--	85	111520	卖盘
09:52:06	13.12	--	35	45920	卖盘
09:51:46	13.12	-0.01	1	1312	卖盘
09:51:40	13.13	0.01	5	6565	买盘
09:51:36	13.12	--	15	19680	买盘
09:51:25	13.12	--	91	120454	卖盘
09:51:06	13.12	0.01	43	56665	买盘
09:50:51	13.11	-0.01	32	43013	卖盘
09:50:46	13.12	--	26	34820	卖盘
09:50:36	13.12	--	21	27552	卖盘
09:50:31	13.12	0.01	80	104960	买盘
09:50:21	13.11	--	250	327750	卖盘
09:50:16	13.11	-0.02	40	52440	卖盘
09:50:06	13.13	0.02	28	36764	买盘
09:49:55	13.11	--	3	4785	买盘
09:49:50	13.11	-0.02	135	177443	卖盘
09:49:46	13.13	--	8	10504	买盘
09:49:40	13.13	--	55	72215	买盘
09:49:35	13.13	0.02	20	26260	买盘
09:49:31	13.11	-0.01	158	207138	卖盘
09:49:25	13.12	--	4	5248	买盘
09:49:10	13.12	-0.01	200	262400	卖盘
09:49:05	13.13	0.01	15	19695	买盘
09:48:55	13.12	--	33	43296	卖盘
09:48:50	13.12	0.01	13	17056	买盘
09:48:45	13.11	-0.01	60	79512	卖盘
09:48:35	13.12	--	15	19680	买盘
09:48:30	13.12	0.02	111	145632	买盘
09:48:15	13.1	-0.03	46	61478	卖盘
09:48:05	13.13	0.02	15	19695	买盘
09:47:55	13.11	--	13	17043	卖盘
09:47:45	13.11	-0.01	28	36708	卖盘
09:47:40	13.12	--	0	0	中性盘
09:47:35	13.12	0.01	15	19680	卖盘
09:47:25	13.11	--	5	6555	买盘
09:47:15	13.11	-0.02	136	178728	卖盘
09:47:10	13.13	--	1	1313	买盘
09:47:05	13.13	0.03	15	19695	买盘
09:47:00	13.1	0.01	8	10480	卖盘
09:46:45	13.09	--	0	0	卖盘
09:46:40	13.09	-0.02	23	30918	卖盘
09:46:35	13.11	0.01	4	5244	买盘
09:46:30	13.1	--	44	57640	卖盘
09:46:15	13.1	-0.01	46	60417	卖盘
09:46:10	13.11	--	29	38019	卖盘
09:46:05	13.11	--	0	0	卖盘
09:45:55	13.11	0.01	39	51129	卖盘
09:45:45	13.1	-0.02	98	128380	卖盘
09:45:40	13.12	--	0	0	买盘
09:45:34	13.12	0.02	30	39360	买盘
09:45:30	13.1	--	15	19650	卖盘
09:45:15	13.1	-0.01	122	160658	卖盘
09:45:04	13.11	0.01	10	13110	买盘
09:44:45	13.1	-0.01	29	38173	卖盘
09:44:40	13.11	-0.01	10	13110	卖盘
09:44:34	13.12	0.02	16	20992	买盘
09:44:25	13.1	--	10	13100	卖盘
09:44:15	13.1	-0.02	49	65120	卖盘
09:44:04	13.12	--	0	0	买盘
09:44:00	13.12	0.01	5	6560	买盘
09:43:55	13.11	0.01	5	6555	卖盘
09:43:44	13.1	--	0	0	卖盘
09:43:40	13.1	-0.04	76	100319	卖盘
09:43:34	13.14	0.04	14	18396	买盘
09:43:29	13.1	--	0	0	卖盘
09:43:19	13.1	-0.02	19	24890	卖盘
09:43:09	13.12	0.02	96	126319	买盘
09:43:04	13.1	-0.01	204	267240	卖盘
09:42:55	13.11	-0.01	133	174363	卖盘
09:42:49	13.12	--	10	13120	买盘
09:42:34	13.12	--	25	32800	买盘
09:42:09	13.12	--	10	13120	买盘
09:42:04	13.12	--	14	18368	买盘
09:41:54	13.12	-0.03	44	58672	卖盘
09:41:49	13.15	0.03	81	106515	买盘
09:41:44	13.12	-0.03	243	319983	卖盘
09:41:34	13.15	0.02	16	21040	买盘
09:41:19	13.13	--	131	172003	卖盘
09:41:09	13.13	-0.02	30	39390	卖盘
09:41:04	13.15	--	14	18410	买盘
09:40:54	13.15	--	8	10520	买盘
09:40:34	13.15	--	27	35505	买盘
09:40:14	13.15	--	2	2630	买盘
09:40:09	13.15	--	15	19725	买盘
09:40:04	13.15	--	23	30245	买盘
09:39:49	13.15	0.02	2	2630	买盘
09:39:44	13.13	-0.02	136	179618	卖盘
09:39:34	13.15	--	15	19725	买盘
09:39:28	13.15	--	20	26300	买盘
09:39:24	13.15	--	0	0	买盘
09:39:19	13.15	--	2	2630	买盘
09:39:13	13.15	0.02	422	554930	买盘
09:39:09	13.13	-0.02	136	178568	卖盘
09:39:04	13.15	--	15	19725	买盘
09:38:49	13.15	-0.01	12	15780	卖盘
09:38:39	13.16	--	0	0	买盘
09:38:34	13.16	--	14	18424	买盘
09:38:04	13.16	0.04	15	19740	买盘
09:37:58	13.12	--	0	0	卖盘
09:37:54	13.12	--	0	0	卖盘
09:37:49	13.12	-0.04	400	524800	卖盘
09:37:43	13.16	--	58	77380	买盘
09:37:34	13.16	0.02	29	38164	买盘
09:37:28	13.14	--	0	0	卖盘
09:37:13	13.14	-0.02	87	114318	卖盘
09:37:04	13.16	--	17	22372	买盘
09:36:43	13.16	0.01	77	102634	买盘
09:36:28	13.15	--	47	63067	买盘
09:36:18	13.15	-0.01	9	11835	卖盘
09:36:08	13.16	-0.01	18	23688	卖盘
09:36:03	13.17	--	26	34242	买盘
09:35:58	13.17	0.02	50	65850	买盘
09:35:48	13.15	0.01	2	2630	中性盘
09:35:43	13.14	-0.02	92	121939	卖盘
09:35:33	13.16	0.01	9	11844	买盘
09:35:28	13.15	-0.01	19	24985	卖盘
09:35:18	13.16	--	0	0	买盘
09:35:13	13.16	0.01	125	165605	买盘
09:35:03	13.15	0.01	10	13150	买盘
09:34:43	13.14	--	61	80154	买盘
09:34:38	13.14	--	3	3942	买盘
09:34:33	13.14	--	15	19710	买盘
09:34:28	13.14	-0.02	31	40734	买盘
09:34:23	13.16	--	0	0	买盘
09:34:18	13.16	0.03	3	3948	买盘
09:34:13	13.13	--	6	7878	卖盘
09:34:03	13.13	--	2	2888	买盘
09:33:48	13.13	--	50	65650	买盘
09:33:43	13.13	-0.02	85	111605	卖盘
09:33:33	13.15	--	63	82845	买盘
09:33:28	13.15	--	89	117035	买盘
09:33:18	13.15	--	10	13150	买盘
09:33:13	13.15	--	10	13150	买盘
09:33:03	13.15	--	53	69695	卖盘
09:32:57	13.15	-0.02	1	1315	卖盘
09:32:48	13.17	--	21	27657	买盘
09:32:43	13.17	-0.01	8	10536	中性盘
09:32:37	13.18	--	140	184520	买盘
09:32:33	13.18	-0.01	36	47448	卖盘
09:32:28	13.19	0.01	74	97606	买盘
09:32:22	13.18	-0.01	174	229332	卖盘
09:32:13	13.19	0.01	11	14509	买盘
09:32:07	13.18	--	20	26360	卖盘
09:32:03	13.18	0.01	32	42176	买盘
09:31:52	13.17	--	1	1317	买盘
09:31:48	13.17	--	25	32925	买盘
09:31:43	13.17	--	10	13170	买盘
09:31:33	13.17	0.04	14	18438	买盘
09:31:17	13.13	--	0	0	卖盘
09:31:07	13.13	0.01	20	26260	买盘
09:30:52	13.12	--	1	1312	卖盘
09:30:43	13.12	--	92	120704	买盘
09:30:37	13.12	--	14	18368	买盘
09:30:07	13.12	--	140	183680	买盘
09:28:46	13.12	--	0	0	买盘
09:25:07	13.12	13.12	100	131200	买盘
