成交时间	成交价	价格变动	成交量(手)	成交额(元)	性质
15:00:00	8.25	-0.01	0	0	卖盘
14:59:59	8.26	--	0	0	买盘
14:59:58	8.26	--	195	161070	买盘
14:59:52	8.26	0.01	14	11564	买盘
14:59:48	8.25	--	15	12375	卖盘
14:59:43	8.25	-0.01	2	1650	卖盘
14:59:37	8.26	0.01	10	8260	买盘
14:59:32	8.25	--	359	296175	卖盘
14:59:22	8.25	-0.01	10	8580	卖盘
14:59:18	8.26	--	8	6608	买盘
14:59:13	8.26	--	50	41300	买盘
14:59:07	8.26	--	17	14042	买盘
14:59:03	8.26	--	78	64428	买盘
14:58:58	8.26	0.01	171	141246	买盘
14:58:52	8.25	-0.01	10	8250	卖盘
14:58:43	8.26	0.01	337	278362	买盘
14:58:37	8.25	--	30	24750	卖盘
14:58:33	8.25	--	100	82500	卖盘
14:58:22	8.25	--	13	10725	卖盘
14:58:13	8.25	--	50	41250	卖盘
14:58:07	8.25	--	115	94875	卖盘
14:58:03	8.25	-0.01	35	28875	卖盘
14:57:52	8.26	0.01	5	4130	买盘
14:57:33	8.25	--	1	825	卖盘
14:57:27	8.25	--	46	37950	卖盘
14:57:22	8.25	--	30	25245	买盘
14:57:18	8.25	--	229	188925	买盘
14:57:07	8.25	--	22	18150	买盘
14:57:02	8.25	--	10	8250	买盘
14:56:57	8.25	0.01	16	13200	买盘
14:56:52	8.24	-0.01	22	18128	卖盘
14:56:48	8.25	--	12	9900	买盘
14:56:37	8.25	--	346	285780	卖盘
14:56:32	8.25	--	15	12375	卖盘
14:56:22	8.25	--	2	1650	卖盘
14:56:12	8.25	--	4	3300	卖盘
14:56:01	8.25	--	12	9900	卖盘
14:55:57	8.25	--	30	24750	卖盘
14:55:52	8.25	--	17	14520	卖盘
14:55:46	8.25	--	13	10725	卖盘
14:55:42	8.25	0.01	87	71775	买盘
14:55:37	8.24	-0.01	96	79104	卖盘
14:55:27	8.25	--	12	9900	买盘
14:55:16	8.25	--	50	41250	买盘
14:55:07	8.25	--	2	1650	买盘
14:55:01	8.25	0.01	125	103125	买盘
14:54:57	8.24	-0.01	5	4120	卖盘
14:54:52	8.25	--	33	27225	买盘
14:54:42	8.25	0.01	15	12375	买盘
14:54:37	8.24	--	40	32960	卖盘
14:54:31	8.24	-0.01	1	824	卖盘
14:54:27	8.25	--	33	27225	买盘
14:54:12	8.25	--	295	243375	卖盘
14:54:01	8.25	-0.01	5	4125	卖盘
14:53:57	8.26	0.01	10	8260	买盘
14:53:46	8.25	--	134	110550	卖盘
14:53:42	8.25	--	105	86625	卖盘
14:53:37	8.25	--	12	9900	卖盘
14:53:31	8.25	--	9	7425	卖盘
14:53:27	8.25	--	8	6600	卖盘
14:53:22	8.25	--	1	825	卖盘
14:53:07	8.25	--	28	23100	卖盘
14:52:56	8.25	--	15	12375	卖盘
14:52:52	8.25	--	94	77550	买盘
14:52:46	8.25	--	50	41250	买盘
14:52:41	8.25	--	3	2475	买盘
14:52:37	8.25	--	8	6600	买盘
14:52:27	8.25	--	50	41250	买盘
14:52:22	8.25	--	41	33825	卖盘
14:52:16	8.25	--	147	121275	卖盘
14:52:11	8.25	-0.01	10	8250	卖盘
14:52:07	8.26	0.01	30	24780	买盘
14:51:56	8.25	--	55	45375	买盘
14:51:46	8.25	-0.01	12	9900	卖盘
14:51:37	8.26	--	0	0	买盘
14:51:31	8.26	0.01	63	52038	买盘
14:51:22	8.25	--	50	41250	卖盘
14:51:16	8.25	--	23	18975	卖盘
14:51:11	8.25	--	230	189750	卖盘
14:51:01	8.25	-0.01	30	24750	卖盘
14:50:56	8.26	0.01	38	31388	买盘
14:50:46	8.25	--	2	1650	卖盘
14:50:27	8.25	--	30	24750	卖盘
14:50:16	8.25	--	25	20625	卖盘
14:50:06	8.25	--	54	44550	买盘
14:50:01	8.25	--	262	216150	买盘
14:49:51	8.25	--	200	165000	买盘
14:49:41	8.25	--	46	37950	买盘
14:49:31	8.25	0.01	100	82500	买盘
14:49:27	8.24	--	23	19116	卖盘
14:48:51	8.24	--	1	824	卖盘
14:48:46	8.24	-0.01	50	41200	卖盘
14:48:36	8.25	--	109	89925	买盘
14:48:31	8.25	--	29	23925	买盘
14:48:10	8.25	--	48	39600	买盘
14:48:06	8.25	--	248	204600	买盘
14:47:46	8.25	0.01	100	82500	买盘
14:47:25	8.24	-0.01	69	56856	卖盘
14:46:55	8.25	--	12	9900	买盘
14:46:46	8.25	--	11	9075	买盘
14:46:40	8.25	--	154	127050	买盘
14:46:21	8.25	--	20	16500	买盘
14:46:16	8.25	--	4	3300	买盘
14:46:10	8.25	--	31	25575	买盘
14:45:55	8.25	--	100	82500	买盘
14:45:40	8.25	--	10	8250	买盘
14:45:35	8.25	0.01	15	12375	买盘
14:45:31	8.24	-0.01	25	20600	卖盘
14:45:25	8.25	--	52	42900	买盘
14:45:10	8.25	--	91	75075	卖盘
14:45:05	8.25	--	40	33000	卖盘
14:45:01	8.25	--	20	16500	卖盘
14:44:55	8.25	--	10	8250	卖盘
14:44:46	8.25	--	5	4125	买盘
14:44:40	8.25	--	9	7425	卖盘
14:44:35	8.25	--	40	33000	买盘
14:44:31	8.25	--	48	39600	买盘
14:44:10	8.25	--	10	8250	买盘
14:44:05	8.25	--	14	11550	买盘
14:44:01	8.25	--	2	1650	卖盘
14:43:55	8.25	-0.01	2	1650	中性盘
14:43:50	8.26	0.01	367	303142	买盘
14:43:46	8.25	--	272	224911	卖盘
14:43:40	8.25	--	97	80025	卖盘
14:43:35	8.25	--	6	4950	卖盘
14:43:31	8.25	--	41	33825	卖盘
14:43:15	8.25	--	227	187588	买盘
14:42:45	8.25	--	3	2475	买盘
14:42:35	8.25	--	20	16500	买盘
14:42:25	8.25	--	10	8250	买盘
14:42:20	8.25	--	30	24750	买盘
14:42:15	8.25	--	272	224746	卖盘
14:42:10	8.25	--	1	825	卖盘
14:42:05	8.25	-0.01	10	8250	卖盘
14:41:55	8.26	0.01	10	8260	买盘
14:41:44	8.25	--	212	174900	卖盘
14:41:25	8.25	-0.01	5	4125	卖盘
14:41:19	8.26	0.01	154	127204	买盘
14:41:10	8.25	--	70	57750	卖盘
14:41:04	8.25	--	9	7425	卖盘
14:40:55	8.25	--	30	24750	卖盘
14:40:49	8.25	--	10	8250	卖盘
14:40:40	8.25	--	10	8250	卖盘
14:40:30	8.25	--	1	825	卖盘
14:40:25	8.25	--	3	2475	卖盘
14:40:19	8.25	-0.01	107	88275	卖盘
14:40:04	8.26	0.01	25	20650	买盘
14:40:00	8.25	--	10	8728	买盘
14:39:55	8.25	--	4	3646	卖盘
14:39:45	8.25	--	344	283800	卖盘
14:39:40	8.25	--	54	45028	买盘
14:39:34	8.25	--	25	20625	买盘
14:39:30	8.25	--	36	29700	买盘
14:39:15	8.25	--	70	58096	卖盘
14:39:04	8.25	--	2	1650	卖盘
14:39:00	8.25	--	9	7425	卖盘
14:38:55	8.25	--	19	15675	卖盘
14:38:34	8.25	0.01	815	672853	买盘
14:38:29	8.24	--	100	82400	卖盘
14:38:09	8.24	--	2	1648	卖盘
14:38:04	8.24	--	95	78280	卖盘
14:37:55	8.24	-0.01	30	24720	卖盘
14:37:39	8.25	--	30	24750	买盘
14:37:29	8.25	--	30	24750	买盘
14:37:09	8.25	0.01	100	82500	买盘
14:36:55	8.24	--	11	9064	卖盘
14:36:49	8.24	--	30	24720	卖盘
14:36:44	8.24	--	81	66744	卖盘
14:36:24	8.24	--	1	824	卖盘
14:36:09	8.24	--	6	4944	卖盘
14:36:04	8.24	-0.01	123	101352	卖盘
14:35:59	8.25	0.01	100	82500	买盘
14:35:49	8.24	-0.01	10	8240	卖盘
14:35:34	8.25	0.01	10	8250	买盘
14:34:34	8.24	-0.01	5	4120	卖盘
14:34:24	8.25	0.01	51	42075	买盘
14:34:19	8.24	--	25	20600	卖盘
14:34:13	8.24	-0.01	58	47792	卖盘
14:33:49	8.25	0.01	71	58575	买盘
14:33:43	8.24	--	10	8240	买盘
14:33:39	8.24	--	5	4120	买盘
14:33:34	8.24	-0.01	128	105472	卖盘
14:33:28	8.25	0.01	1	825	买盘
14:33:19	8.24	-0.01	32	26368	卖盘
14:33:13	8.25	--	0	0	买盘
14:33:04	8.25	0.01	159	131175	买盘
14:32:58	8.24	--	10	8240	卖盘
14:32:49	8.24	--	73	60481	买盘
14:32:28	8.24	--	104	86190	卖盘
14:32:09	8.24	--	10	8240	卖盘
14:31:58	8.24	0.01	170	140409	买盘
14:31:53	8.23	-0.01	10	8230	卖盘
14:31:38	8.24	--	3	2472	买盘
14:31:13	8.24	0.01	10	8240	买盘
14:30:58	8.23	-0.01	5	4115	卖盘
14:30:48	8.24	0.01	34	28016	买盘
14:30:34	8.23	-0.01	30	24690	卖盘
14:30:19	8.24	0.01	12	9888	买盘
14:30:08	8.23	--	8	6584	卖盘
14:29:58	8.23	-0.01	52	42796	卖盘
14:29:49	8.24	0.01	3	2472	买盘
14:29:28	8.23	-0.01	1	823	卖盘
14:29:13	8.24	--	66	54384	买盘
14:28:38	8.24	0.01	53	43672	买盘
14:28:23	8.23	-0.01	20	16460	卖盘
14:28:03	8.24	--	29	23896	卖盘
14:27:58	8.24	--	100	82400	卖盘
14:27:43	8.24	--	2	1648	买盘
14:27:38	8.24	0.01	341	280984	买盘
14:27:22	8.23	--	3	2765	卖盘
14:27:07	8.23	--	5	4115	卖盘
14:26:58	8.23	-0.01	6	4938	卖盘
14:26:52	8.24	0.01	5	4120	买盘
14:26:37	8.23	-0.01	11	9053	卖盘
14:26:22	8.24	0.01	53	43672	买盘
14:26:07	8.23	0.01	37	30451	买盘
14:25:58	8.22	-0.01	103	84830	卖盘
14:25:52	8.23	--	10	8230	买盘
14:25:37	8.23	0.01	3	2469	卖盘
14:25:28	8.22	--	27	22194	卖盘
14:25:22	8.22	-0.01	200	164400	卖盘
14:25:13	8.23	0.01	12	9876	买盘
14:25:07	8.22	--	30	24660	卖盘
14:24:52	8.22	--	229	188402	买盘
14:24:47	8.22	--	10	8220	买盘
14:24:43	8.22	--	35	28770	买盘
14:24:37	8.22	0.01	1	822	买盘
14:24:32	8.21	-0.01	40	32840	卖盘
14:24:27	8.22	--	23	18906	买盘
14:24:22	8.22	--	55	45210	买盘
14:24:17	8.22	--	40	32880	买盘
14:24:13	8.22	--	11	9042	买盘
14:24:07	8.22	--	38	31236	买盘
14:24:02	8.22	--	10	8220	买盘
14:23:58	8.22	--	141	115902	买盘
14:23:52	8.22	--	3	2466	买盘
14:23:47	8.22	--	2	1644	买盘
14:23:43	8.22	-0.02	16	13152	卖盘
14:23:37	8.24	--	4	3296	买盘
14:23:27	8.24	0.01	1063	875912	买盘
14:23:22	8.23	--	60	49380	卖盘
14:23:13	8.23	-0.01	128	105344	卖盘
14:23:07	8.24	--	6	4944	买盘
14:22:58	8.24	--	57	46968	卖盘
14:22:52	8.24	--	110	90640	卖盘
14:22:47	8.24	--	22	18128	卖盘
14:22:43	8.24	--	22	18292	卖盘
14:22:13	8.24	--	69	57020	卖盘
14:21:57	8.24	-0.01	48	39552	卖盘
14:21:52	8.25	0.01	30	24750	买盘
14:21:43	8.24	-0.01	30	24720	卖盘
14:21:37	8.25	0.01	12	9900	买盘
14:21:27	8.24	--	28	23072	卖盘
14:21:07	8.24	--	30	24720	卖盘
14:20:47	8.24	--	20	16974	卖盘
14:20:42	8.24	-0.01	10	8240	卖盘
14:20:22	8.25	0.01	2	1650	买盘
14:20:07	8.24	--	10	8240	卖盘
14:19:57	8.24	--	10	8240	卖盘
14:19:46	8.24	-0.01	30	24720	卖盘
14:19:42	8.25	--	30	24750	买盘
14:19:37	8.25	0.01	2	1650	买盘
14:19:22	8.24	-0.01	30	24720	卖盘
14:19:07	8.25	0.01	20	16500	买盘
14:18:27	8.24	--	160	131840	卖盘
14:18:22	8.24	--	91	74984	买盘
14:18:16	8.24	0.01	10	8240	买盘
14:18:01	8.23	--	18	14814	卖盘
14:17:46	8.23	--	60	49380	卖盘
14:17:41	8.23	--	40	32920	卖盘
14:17:31	8.23	--	22	18106	卖盘
14:17:22	8.23	-0.01	50	41150	卖盘
14:16:56	8.24	--	68	56691	卖盘
14:16:46	8.24	--	16	13184	卖盘
14:16:37	8.24	--	150	123600	卖盘
14:16:11	8.24	--	6	4944	卖盘
14:16:07	8.24	--	0	0	卖盘
14:16:01	8.24	-0.01	266	219184	卖盘
14:15:46	8.25	0.01	260	214665	买盘
14:15:22	8.24	--	5	4120	卖盘
14:15:16	8.24	--	84	69216	卖盘
14:15:07	8.24	--	5	4120	卖盘
14:15:01	8.24	--	2	1648	卖盘
14:14:56	8.24	--	24	19776	卖盘
14:14:46	8.24	--	50	41200	卖盘
14:14:41	8.24	-0.01	37	30488	卖盘
14:14:11	8.25	--	30	24750	买盘
14:13:41	8.25	--	3	2475	买盘
14:13:31	8.25	0.01	3	2475	买盘
14:13:26	8.24	--	30	24720	卖盘
14:13:21	8.24	--	118	97232	卖盘
14:13:16	8.24	--	8	6592	卖盘
14:13:11	8.24	--	50	41200	卖盘
14:13:06	8.24	--	5	4120	卖盘
14:13:01	8.24	-0.01	5	4120	卖盘
14:12:55	8.25	--	15	12375	买盘
14:12:51	8.25	0.01	1	825	买盘
14:12:40	8.24	--	0	0	卖盘
14:12:21	8.24	-0.02	15	12360	卖盘
14:12:16	8.26	0.01	20	16520	买盘
14:12:10	8.25	--	17	14025	卖盘
14:11:40	8.25	--	23	18975	买盘
14:11:25	8.25	--	204	168795	卖盘
14:11:16	8.25	--	48	39930	卖盘
14:11:10	8.25	--	10	8250	卖盘
14:11:06	8.25	--	17	14025	卖盘
14:10:46	8.25	--	5	4125	卖盘
14:10:40	8.25	--	61	50325	卖盘
14:10:30	8.25	--	55	45375	卖盘
14:10:25	8.25	--	47	38775	卖盘
14:10:05	8.25	-0.01	28	23100	卖盘
14:10:00	8.26	0.01	85	70210	买盘
14:09:31	8.25	--	10	8250	卖盘
14:08:55	8.25	-0.01	100	82500	卖盘
14:08:10	8.26	--	37	30562	卖盘
14:08:05	8.26	--	120	99120	卖盘
14:07:50	8.26	--	1	826	卖盘
14:07:40	8.26	--	5	4130	卖盘
14:07:30	8.26	--	30	24780	卖盘
14:07:20	8.26	-0.01	50	41300	卖盘
14:07:10	8.27	0.01	20	16540	买盘
14:06:50	8.26	--	113	93338	买盘
14:06:30	8.26	--	2	1652	买盘
14:06:04	8.26	0.01	77	63602	买盘
14:05:25	8.25	-0.01	9	7425	卖盘
14:05:19	8.26	--	2	1652	买盘
14:05:10	8.26	0.01	3	2478	买盘
14:05:04	8.25	--	10	8250	卖盘
14:04:55	8.25	--	40	33000	卖盘
14:04:45	8.25	-0.01	31	25575	卖盘
14:04:25	8.26	0.01	89	73514	买盘
14:04:04	8.25	-0.01	4	3300	卖盘
14:03:19	8.26	--	288	237888	卖盘
14:03:14	8.26	-0.01	1	826	卖盘
14:03:04	8.27	0.01	13	10751	买盘
14:02:55	8.26	-0.01	15	12390	卖盘
14:02:49	8.27	0.01	90	74430	买盘
14:02:24	8.26	--	19	15694	卖盘
14:02:14	8.26	-0.01	23	18998	卖盘
14:02:04	8.27	0.01	10	8270	买盘
14:01:59	8.26	-0.01	10	8260	卖盘
14:01:54	8.27	--	15	12405	买盘
14:01:49	8.27	--	1	827	买盘
14:01:39	8.27	--	13	10751	买盘
14:01:29	8.27	0.01	85	70295	买盘
14:01:25	8.26	-0.01	10	8260	卖盘
14:01:19	8.27	--	6	4962	买盘
14:01:14	8.27	0.01	5	4135	买盘
14:01:04	8.26	-0.01	10	8260	卖盘
14:00:49	8.27	0.01	75	62025	买盘
14:00:44	8.26	--	3	2478	买盘
14:00:34	8.26	0.01	5	4130	买盘
14:00:29	8.25	-0.01	29	23925	卖盘
14:00:19	8.26	--	147	121422	买盘
14:00:14	8.26	0.01	193	159418	买盘
13:59:44	8.25	--	305	251625	买盘
13:59:39	8.25	0.01	14	11550	买盘
13:59:34	8.24	-0.01	158	130192	卖盘
13:59:29	8.25	--	80	66000	买盘
13:59:24	8.25	--	48	39600	买盘
13:59:19	8.25	--	15	12375	买盘
13:59:04	8.25	--	10	8250	买盘
13:58:49	8.25	0.01	20	16500	买盘
13:58:39	8.24	-0.01	10	8240	卖盘
13:58:34	8.25	--	1	825	买盘
13:58:28	8.25	--	7	5775	买盘
13:58:13	8.25	--	10	8250	买盘
13:58:09	8.25	--	10	8250	买盘
13:58:04	8.25	--	10	8250	买盘
13:57:58	8.25	--	7	5775	买盘
13:57:49	8.25	--	4	3300	买盘
13:57:43	8.25	0.01	3	2475	买盘
13:57:28	8.24	--	100	82400	卖盘
13:56:48	8.24	--	110	90640	卖盘
13:56:43	8.24	--	20	16480	卖盘
13:56:33	8.24	0.01	47	38728	买盘
13:56:08	8.23	--	20	16460	卖盘
13:55:53	8.23	--	8	6584	卖盘
13:55:03	8.23	--	104	85592	卖盘
13:54:53	8.23	--	0	0	卖盘
13:54:43	8.23	-0.01	226	185998	卖盘
13:54:28	8.24	0.01	79	65096	买盘
13:54:18	8.23	--	40	32920	卖盘
13:54:03	8.23	-0.01	30	24690	卖盘
13:53:58	8.24	0.01	210	173040	买盘
13:53:33	8.23	-0.01	191	157193	卖盘
13:53:23	8.24	--	53	43672	买盘
13:53:08	8.24	--	1	824	买盘
13:52:58	8.24	0.01	20	16480	买盘
13:52:53	8.23	-0.01	1	823	卖盘
13:52:43	8.24	--	93	76796	买盘
13:52:38	8.24	--	35	28840	买盘
13:52:28	8.24	--	305	251320	买盘
13:52:18	8.24	--	24	19776	买盘
13:52:03	8.24	--	200	164800	买盘
13:51:58	8.24	--	6	4944	买盘
13:51:52	8.24	--	50	41200	买盘
13:51:18	8.24	0.01	78	64272	买盘
13:51:13	8.23	--	20	16460	卖盘
13:50:22	8.23	--	70	57610	卖盘
13:50:18	8.23	--	10	8230	卖盘
13:50:07	8.23	--	10	8230	卖盘
13:50:03	8.23	--	400	329200	卖盘
13:49:37	8.23	--	1	823	卖盘
13:49:22	8.23	-0.01	240	197520	卖盘
13:49:17	8.24	--	3	2472	买盘
13:49:12	8.24	--	17	14008	买盘
13:48:57	8.24	0.01	24	19776	买盘
13:48:42	8.23	-0.01	4	3292	卖盘
13:48:27	8.24	--	6	4944	买盘
13:47:57	8.24	--	2	1648	卖盘
13:47:52	8.24	--	27	22248	卖盘
13:47:32	8.24	0.02	21	17304	买盘
13:47:27	8.22	-0.01	1000	822000	卖盘
13:47:22	8.23	-0.01	11	9053	卖盘
13:47:07	8.24	--	9	7416	卖盘
13:46:57	8.24	--	1	824	卖盘
13:46:42	8.24	0.01	1	824	卖盘
13:46:27	8.23	--	0	0	卖盘
13:46:22	8.23	--	5	4115	卖盘
13:46:17	8.23	-0.02	15	12345	卖盘
13:46:12	8.25	--	0	0	买盘
13:46:07	8.25	0.01	300	247500	买盘
13:46:02	8.24	0.01	31	25544	买盘
13:45:52	8.23	--	40	32920	卖盘
13:45:32	8.23	--	32	26829	买盘
13:45:27	8.23	0.01	20	16460	买盘
13:45:22	8.22	-0.01	14	11508	卖盘
13:45:17	8.23	--	135	111105	买盘
13:45:12	8.23	--	17	13991	买盘
13:45:07	8.23	--	15	12345	买盘
13:45:01	8.23	--	17	13991	买盘
13:44:57	8.23	--	53	43619	买盘
13:44:52	8.23	0.01	51	41973	买盘
13:44:46	8.22	-0.01	10	8220	卖盘
13:44:37	8.23	0.01	45	37035	买盘
13:44:31	8.22	--	120	98640	卖盘
13:44:22	8.22	--	10	8220	卖盘
13:44:16	8.22	--	47	38634	卖盘
13:44:12	8.22	--	75	61650	卖盘
13:44:07	8.22	-0.01	3	2466	卖盘
13:43:57	8.23	0.01	1	823	买盘
13:43:52	8.22	--	20	16440	卖盘
13:43:46	8.22	-0.01	40	32880	卖盘
13:43:37	8.23	--	31	25513	买盘
13:43:16	8.23	-0.01	374	308131	卖盘
13:43:07	8.24	--	157	129862	买盘
13:43:01	8.24	--	3	2472	买盘
13:42:57	8.24	--	48	39552	买盘
13:42:51	8.24	--	37	30817	卖盘
13:42:46	8.24	--	13	10712	卖盘
13:42:26	8.24	--	1	824	卖盘
13:42:06	8.24	--	10	8240	卖盘
13:42:01	8.24	--	21	17304	卖盘
13:41:56	8.24	--	5	4120	卖盘
13:41:21	8.24	--	168	138432	卖盘
13:41:16	8.24	0.01	1761	1451558	买盘
13:41:06	8.23	--	138	113574	卖盘
13:41:01	8.23	-0.01	200	164600	卖盘
13:40:51	8.24	0.01	3	2472	买盘
13:40:46	8.23	--	30	24690	卖盘
13:40:41	8.23	--	12	9876	卖盘
13:40:31	8.23	-0.01	111	91353	卖盘
13:40:21	8.24	--	158	130521	卖盘
13:40:16	8.24	--	151	124424	卖盘
13:39:51	8.24	--	0	0	卖盘
13:39:31	8.24	-0.02	100	82400	卖盘
13:39:26	8.26	0.01	500	413000	买盘
13:39:11	8.25	--	21	17325	买盘
13:39:06	8.25	--	139	114675	卖盘
13:39:01	8.25	--	168	138600	卖盘
13:38:51	8.25	--	93	76725	买盘
13:38:46	8.25	--	5	4125	买盘
13:38:31	8.25	0.01	12	9900	买盘
13:38:21	8.24	--	25	20600	卖盘
13:37:56	8.24	0.01	612	504782	买盘
13:37:51	8.23	-0.01	62	51026	卖盘
13:37:46	8.24	0.01	1	824	买盘
13:37:40	8.23	--	3	2469	卖盘
13:37:31	8.23	--	20	16460	卖盘
13:37:25	8.23	--	13	10699	卖盘
13:37:01	8.23	--	28	23044	卖盘
13:36:55	8.23	--	2	1646	卖盘
13:36:46	8.23	--	60	49380	买盘
13:36:40	8.23	--	140	115220	卖盘
13:36:36	8.23	--	72	59256	买盘
13:36:25	8.23	-0.01	38	31274	卖盘
13:36:21	8.24	0.02	57	46968	买盘
13:36:16	8.22	-0.01	665	547123	卖盘
13:36:10	8.23	-0.01	12	9876	卖盘
13:36:01	8.24	0.02	10	8240	买盘
13:35:55	8.22	-0.01	728	598416	卖盘
13:35:45	8.23	--	26	21398	卖盘
13:35:40	8.23	--	62	51026	买盘
13:35:25	8.23	0.01	22	18106	中性盘
13:35:20	8.22	-0.02	660	542520	卖盘
13:35:15	8.24	--	5	4120	买盘
13:35:10	8.24	0.01	2	1648	买盘
13:35:05	8.23	--	54	44442	卖盘
13:35:00	8.23	--	35	28805	卖盘
13:34:55	8.23	--	282	232086	卖盘
13:34:50	8.23	--	150	123450	卖盘
13:34:40	8.23	--	8	6584	卖盘
13:34:35	8.23	-0.01	50	41150	卖盘
13:34:30	8.24	0.01	100	82400	买盘
13:34:25	8.23	-0.01	200	164600	卖盘
13:34:15	8.24	--	77	63448	卖盘
13:34:10	8.24	--	56	46144	卖盘
13:34:00	8.24	--	10	8240	卖盘
13:33:55	8.24	--	485	399640	卖盘
13:33:50	8.24	-0.01	8	6592	卖盘
13:33:45	8.25	--	504	415800	卖盘
13:33:40	8.25	--	121	99825	卖盘
13:33:35	8.25	--	300	247500	卖盘
13:33:30	8.25	--	10	8250	卖盘
13:33:25	8.25	-0.01	15	12375	卖盘
13:33:15	8.26	0.01	110	90860	买盘
13:33:10	8.25	-0.01	10	8250	卖盘
13:33:05	8.26	0.01	20	16520	买盘
13:32:40	8.25	--	80	66000	卖盘
13:32:35	8.25	-0.01	20	16500	卖盘
13:32:10	8.26	-0.01	701	579026	卖盘
13:31:55	8.27	--	22	18194	卖盘
13:31:50	8.27	--	20	16540	卖盘
13:31:35	8.27	--	30	24810	卖盘
13:31:25	8.27	--	8	6616	卖盘
13:31:05	8.27	--	1	827	卖盘
13:30:55	8.27	--	30	24810	卖盘
13:30:34	8.27	--	10	8270	卖盘
13:30:25	8.27	--	5	4135	卖盘
13:30:04	8.27	--	10	8270	卖盘
13:29:55	8.27	--	7	5789	卖盘
13:29:49	8.27	-0.01	22	18524	卖盘
13:29:10	8.28	--	10	8280	买盘
13:29:04	8.28	--	5	4140	买盘
13:28:45	8.28	0.01	30	24839	买盘
13:28:39	8.27	-0.01	8	6616	卖盘
13:28:19	8.28	--	31	25667	买盘
13:28:14	8.28	0.01	12	9936	买盘
13:28:09	8.27	-0.01	57	47139	卖盘
13:28:04	8.28	0.01	103	85284	买盘
13:27:54	8.27	--	60	49620	卖盘
13:27:49	8.27	-0.01	18	14886	卖盘
13:27:44	8.28	0.01	8	6623	买盘
13:27:39	8.27	--	61	50447	卖盘
13:27:24	8.27	--	25	20675	卖盘
13:27:19	8.27	0.01	325	268940	买盘
13:27:09	8.26	-0.01	42	35022	卖盘
13:26:54	8.27	0.01	512	423424	买盘
13:26:49	8.26	--	18	14868	卖盘
13:26:44	8.26	--	1	826	卖盘
13:26:34	8.26	--	11	9086	卖盘
13:26:19	8.26	--	110	90860	卖盘
13:26:09	8.26	--	5	4130	卖盘
13:25:54	8.26	--	82	67732	卖盘
13:25:34	8.26	--	500	413000	卖盘
13:25:29	8.26	--	10	8260	卖盘
13:25:19	8.26	--	173	142898	卖盘
13:24:44	8.26	--	10	8260	卖盘
13:24:34	8.26	-0.01	94	77644	卖盘
13:24:19	8.27	--	1	827	买盘
13:24:04	8.27	0.01	10	8270	买盘
13:23:59	8.26	-0.01	30	24780	卖盘
13:23:49	8.27	--	1	827	买盘
13:23:39	8.27	--	11	9097	买盘
13:23:28	8.27	--	191	158618	卖盘
13:23:24	8.27	-0.01	10	8270	卖盘
13:23:19	8.28	0.01	100	82800	买盘
13:23:08	8.27	--	18	14886	卖盘
13:23:04	8.27	--	1	992	卖盘
13:22:58	8.27	--	50	41350	卖盘
13:22:49	8.27	--	188	155476	卖盘
13:22:28	8.27	--	7	5789	卖盘
13:22:19	8.27	--	7	5789	卖盘
13:22:13	8.27	--	45	37215	卖盘
13:22:09	8.27	-0.01	2	1654	卖盘
13:22:04	8.28	--	1	827	买盘
13:21:58	8.28	0.01	54	44712	买盘
13:21:43	8.27	--	86	71122	卖盘
13:21:23	8.27	-0.01	2	1654	卖盘
13:21:13	8.28	0.01	10	8280	买盘
13:20:48	8.27	--	114	94278	卖盘
13:20:28	8.27	-0.01	95	78565	卖盘
13:20:18	8.28	0.01	7	5796	买盘
13:19:58	8.27	-0.01	10	8270	卖盘
13:19:48	8.28	0.01	10	8280	买盘
13:19:43	8.27	--	40	33080	卖盘
13:19:33	8.27	-0.01	5	4135	卖盘
13:19:18	8.28	0.01	37	30635	买盘
13:19:13	8.27	-0.01	35	28945	卖盘
13:19:07	8.28	0.01	82	67896	买盘
13:19:03	8.27	-0.01	3	2481	卖盘
13:18:43	8.28	--	10	8280	买盘
13:18:33	8.28	--	1	827	买盘
13:18:23	8.28	--	20	16560	买盘
13:18:08	8.28	--	11	9108	买盘
13:17:58	8.28	--	34	28151	卖盘
13:17:53	8.28	--	120	99359	卖盘
13:17:48	8.28	-0.01	151	125027	卖盘
13:17:08	8.29	0.01	15	12434	买盘
13:17:02	8.28	-0.01	7	5796	卖盘
13:16:48	8.29	0.01	63	52226	买盘
13:16:28	8.28	--	2	1655	卖盘
13:16:22	8.28	-0.01	2	1655	卖盘
13:16:18	8.29	0.01	79	65490	买盘
13:16:13	8.28	--	30	24839	卖盘
13:16:07	8.28	-0.01	80	66240	卖盘
13:15:48	8.29	0.01	16	13263	买盘
13:15:37	8.28	--	1	827	卖盘
13:15:22	8.28	--	52	43056	卖盘
13:15:07	8.28	--	66	54647	卖盘
13:14:22	8.28	--	10	8280	卖盘
13:14:17	8.28	--	9	7451	卖盘
13:14:12	8.28	--	45	37260	卖盘
13:13:57	8.28	-0.01	10	8280	卖盘
13:13:52	8.29	--	1	828	买盘
13:13:27	8.29	--	50	41449	买盘
13:13:22	8.29	--	40	33160	买盘
13:13:07	8.29	0.01	17	14092	买盘
13:12:52	8.28	-0.01	50	41400	卖盘
13:12:42	8.29	--	1	828	买盘
13:12:32	8.29	--	1	828	买盘
13:12:02	8.29	0.01	6	4973	买盘
13:11:52	8.28	--	20	16560	卖盘
13:11:42	8.28	-0.01	84	69552	卖盘
13:11:27	8.29	0.01	10	8290	买盘
13:11:16	8.28	-0.01	64	52991	卖盘
13:11:12	8.29	--	1	828	卖盘
13:11:01	8.29	-0.01	5	4145	卖盘
13:10:52	8.3	0.01	20	16600	买盘
13:10:46	8.29	--	4	3315	卖盘
13:10:37	8.29	--	30	24869	买盘
13:10:32	8.29	--	20	16580	买盘
13:10:27	8.29	--	2	1657	买盘
13:10:22	8.29	--	25	20724	买盘
13:09:52	8.29	--	1	828	买盘
13:09:47	8.29	--	22	18237	卖盘
13:09:41	8.29	--	2	1657	卖盘
13:09:37	8.29	--	19	15750	卖盘
13:09:22	8.29	--	4	3315	买盘
13:09:11	8.29	--	15	12434	买盘
13:09:01	8.29	0.01	4	3315	买盘
13:08:52	8.28	--	20	16560	卖盘
13:08:41	8.28	-0.01	20	16560	卖盘
13:08:37	8.29	0.01	60	49739	买盘
13:08:21	8.28	-0.01	82	67896	卖盘
13:08:16	8.29	0.01	30	24869	买盘
13:08:01	8.28	-0.01	30	24839	卖盘
13:07:56	8.29	--	2	1657	买盘
13:07:42	8.29	--	10	8290	买盘
13:07:26	8.29	--	12	9947	卖盘
13:07:21	8.29	--	20	16580	卖盘
13:07:01	8.29	--	16	13263	卖盘
13:06:56	8.29	-0.01	42	34818	卖盘
13:06:51	8.3	0.01	43	35690	买盘
13:06:16	8.29	-0.01	10	8290	卖盘
13:05:40	8.3	0.01	46	38180	买盘
13:05:36	8.29	--	15	12434	买盘
13:05:31	8.29	--	1	828	卖盘
13:05:21	8.29	--	9	7460	买盘
13:05:01	8.29	--	10	8290	买盘
13:04:51	8.29	--	26	21553	买盘
13:04:46	8.29	--	1	828	买盘
13:04:41	8.29	--	2	1657	买盘
13:04:31	8.29	--	62	51397	卖盘
13:04:21	8.29	-0.01	69	57200	卖盘
13:04:16	8.3	0.01	40	33200	买盘
13:04:11	8.29	-0.01	4	3315	卖盘
13:04:06	8.3	--	5	4150	买盘
13:04:01	8.3	0.01	67	55610	买盘
13:03:50	8.29	--	8	6631	卖盘
13:03:46	8.29	--	20	16580	卖盘
13:03:31	8.29	--	48	40123	卖盘
13:03:11	8.29	--	15	12434	卖盘
13:03:01	8.29	--	98	81241	卖盘
13:02:51	8.29	--	30	24869	卖盘
13:02:46	8.29	--	19	15750	卖盘
13:02:31	8.29	--	60	49739	卖盘
13:02:26	8.29	--	6	4973	卖盘
13:02:10	8.29	--	22	18237	卖盘
13:02:06	8.29	0.01	116	96661	买盘
13:01:50	8.28	-0.01	100	82800	卖盘
13:01:46	8.29	--	62	51397	买盘
13:01:36	8.29	--	404	334915	买盘
13:01:21	8.29	--	25	20724	买盘
13:00:36	8.29	--	2	1657	买盘
13:00:31	8.29	--	10	8290	买盘
13:00:10	8.29	0.01	122	101137	买盘
13:00:05	8.28	-0.01	429	355212	卖盘
13:00:00	8.29	--	12	9947	买盘
11:30:00	8.29	--	0	0	买盘
11:29:59	8.29	--	0	0	买盘
11:29:57	8.29	--	50	41449	买盘
11:29:42	8.29	0.01	16	13263	买盘
11:29:21	8.28	-0.01	10	8280	卖盘
11:29:16	8.29	0.01	8	6631	买盘
11:29:06	8.28	--	31	25667	卖盘
11:28:51	8.28	--	10	8280	卖盘
11:28:42	8.28	--	100	82800	卖盘
11:28:36	8.28	-0.01	86	71208	卖盘
11:28:31	8.29	0.01	17	14092	买盘
11:28:21	8.28	--	10	8280	卖盘
11:28:12	8.28	--	21	17388	买盘
11:28:01	8.28	--	10	8280	买盘
11:27:51	8.28	--	16	13247	买盘
11:27:42	8.28	--	4	3311	买盘
11:27:36	8.28	--	76	62927	买盘
11:27:21	8.28	--	80	66240	买盘
11:27:16	8.28	--	44	36432	买盘
11:27:12	8.28	--	30	24839	买盘
11:27:01	8.28	--	50	41400	买盘
11:26:57	8.28	0.01	79	65411	买盘
11:26:46	8.27	-0.01	30	24810	卖盘
11:26:36	8.28	--	148	122543	买盘
11:26:21	8.28	0.01	30	24839	买盘
11:25:46	8.27	-0.01	156	129012	卖盘
11:25:36	8.28	--	10	8280	买盘
11:25:31	8.28	--	51	42228	卖盘
11:25:06	8.28	--	73	60443	买盘
11:24:56	8.28	--	100	82800	买盘
11:24:45	8.28	--	10	8280	买盘
11:24:26	8.28	--	30	24839	买盘
11:24:21	8.28	--	10	8280	买盘
11:24:15	8.28	--	2	1655	买盘
11:24:06	8.28	--	35	28979	卖盘
11:24:00	8.28	--	56	46368	卖盘
11:23:55	8.28	-0.01	30	24839	卖盘
11:23:36	8.29	--	17	14092	买盘
11:23:06	8.29	0.01	34	28185	买盘
11:22:36	8.28	--	26	21528	买盘
11:22:21	8.28	--	43	35604	卖盘
11:22:15	8.28	--	11	9108	买盘
11:22:10	8.28	--	10	8280	买盘
11:21:51	8.28	0.01	52	43056	买盘
11:21:45	8.27	-0.01	217	179459	卖盘
11:21:40	8.28	--	1	827	买盘
11:21:30	8.28	0.01	45	37260	买盘
11:21:25	8.27	-0.01	5	4135	卖盘
11:21:15	8.28	--	30	24839	买盘
11:21:10	8.28	0.01	516	427247	买盘
11:20:51	8.27	--	1	827	卖盘
11:20:45	8.27	-0.01	30	24810	卖盘
11:20:30	8.28	0.01	1	827	买盘
11:19:25	8.27	--	8	6616	卖盘
11:19:20	8.27	--	5	4135	卖盘
11:19:10	8.27	--	20	16540	卖盘
11:19:00	8.27	--	200	165400	卖盘
11:18:55	8.27	-0.01	25	20675	卖盘
11:18:45	8.28	0.01	82	67896	买盘
11:18:30	8.27	--	1	827	卖盘
11:18:00	8.27	--	10	8270	卖盘
11:17:54	8.27	--	50	41350	卖盘
11:17:45	8.27	--	1	827	卖盘
11:17:24	8.27	--	10	8270	卖盘
11:17:00	8.27	0.01	113	93451	买盘
11:16:39	8.26	-0.01	1	826	卖盘
11:16:30	8.27	--	11	9097	买盘
11:16:24	8.27	0.01	21	17367	买盘
11:15:49	8.26	--	100	82600	卖盘
11:15:45	8.26	--	1	826	卖盘
11:15:24	8.26	--	36	29736	卖盘
11:15:15	8.26	--	50	41300	卖盘
11:15:00	8.26	-0.01	1	826	卖盘
11:14:39	8.27	0.01	34	28118	买盘
11:14:34	8.26	-0.01	20	16520	卖盘
11:14:09	8.27	-0.01	46	38042	卖盘
11:14:00	8.28	--	102	84456	买盘
11:13:34	8.28	--	102	84456	卖盘
11:13:29	8.28	--	16	13247	卖盘
11:13:24	8.28	--	20	16560	卖盘
11:13:19	8.28	--	12	9936	卖盘
11:13:14	8.28	--	11	9108	卖盘
11:13:09	8.28	--	24	19872	卖盘
11:12:59	8.28	-0.01	41	33948	卖盘
11:12:54	8.29	0.01	9	7460	买盘
11:12:49	8.28	--	4	3311	卖盘
11:12:34	8.28	--	35	28979	卖盘
11:12:14	8.28	--	50	41400	卖盘
11:12:04	8.28	--	30	24839	卖盘
11:11:54	8.28	--	90	74520	卖盘
11:11:24	8.28	--	2	1655	卖盘
11:11:18	8.28	--	10	8280	卖盘
11:11:14	8.28	--	5	4140	卖盘
11:11:09	8.28	--	93	77004	买盘
11:10:54	8.28	-0.01	24	19872	买盘
11:10:44	8.29	0.01	42	34818	买盘
11:10:33	8.28	--	27	22852	卖盘
11:10:28	8.28	--	40	33120	卖盘
11:10:24	8.28	--	4	3311	卖盘
11:10:18	8.28	-0.01	313	259163	卖盘
11:09:54	8.29	0.01	6	4973	买盘
11:09:48	8.28	--	132	109295	卖盘
11:09:33	8.28	--	50	41400	卖盘
11:09:13	8.28	--	100	82800	卖盘
11:09:09	8.28	--	70	57959	卖盘
11:08:39	8.28	--	37	30635	卖盘
11:08:33	8.28	-0.01	20	16560	卖盘
11:08:09	8.29	--	4	3315	买盘
11:07:48	8.29	--	11	9118	买盘
11:07:09	8.29	--	44	36475	买盘
11:07:03	8.29	--	5	4145	买盘
11:06:53	8.29	--	37	30672	买盘
11:06:38	8.29	--	30	24869	买盘
11:06:33	8.29	0.01	20	16580	买盘
11:06:28	8.28	--	0	0	卖盘
11:06:23	8.28	-0.01	500	413999	卖盘
11:06:18	8.29	-0.01	100	82899	卖盘
11:06:13	8.3	0.01	13	10790	买盘
11:06:03	8.29	--	28	23211	卖盘
11:05:58	8.29	--	40	33160	卖盘
11:05:38	8.29	--	30	24869	卖盘
11:05:33	8.29	--	680	563720	买盘
11:05:28	8.29	--	2	1657	买盘
11:05:08	8.29	0.01	36	29843	买盘
11:05:03	8.28	--	18	14903	卖盘
11:04:58	8.28	--	20	16560	卖盘
11:04:48	8.28	--	32	26495	卖盘
11:04:23	8.28	-0.01	114	94391	卖盘
11:04:18	8.29	--	2	1657	买盘
11:03:42	8.29	--	100	82899	买盘
11:03:37	8.29	--	5	4145	买盘
11:03:33	8.29	--	67	55542	买盘
11:03:18	8.29	--	5	4145	买盘
11:02:57	8.29	--	30	24869	买盘
11:02:52	8.29	--	50	41449	买盘
11:02:37	8.29	--	14	11605	买盘
11:02:33	8.29	--	3	2486	买盘
11:02:27	8.29	--	104	86215	买盘
11:02:18	8.29	0.01	3	2486	买盘
11:02:07	8.28	-0.01	7	5796	卖盘
11:01:57	8.29	--	300	248699	买盘
11:01:42	8.29	0.01	1	828	买盘
11:01:37	8.28	-0.01	12	9936	卖盘
11:01:33	8.29	0.01	2	1657	买盘
11:01:22	8.28	--	50	41400	卖盘
11:01:12	8.28	--	3	2484	卖盘
11:01:07	8.28	--	20	16560	卖盘
11:00:57	8.28	-0.01	10	8280	卖盘
11:00:48	8.29	0.01	5	4145	买盘
11:00:42	8.28	--	14	11592	卖盘
11:00:12	8.28	--	34	28483	买盘
11:00:07	8.28	-0.01	5	4636	卖盘
11:00:02	8.29	0.01	10	8290	买盘
10:59:57	8.28	0.01	11	9439	买盘
10:59:52	8.27	-0.01	39	32749	卖盘
10:59:42	8.28	--	20	16560	卖盘
10:59:37	8.28	0.01	12	9936	买盘
10:59:27	8.27	--	6	4962	卖盘
10:59:22	8.27	-0.02	68	56236	卖盘
10:59:17	8.29	--	1	828	买盘
10:59:12	8.29	0.01	132	109427	买盘
10:59:07	8.28	--	5	4140	卖盘
10:58:57	8.28	--	20	16560	卖盘
10:58:52	8.28	--	5	4140	卖盘
10:58:42	8.28	--	15	12419	卖盘
10:58:32	8.28	-0.01	36	29807	卖盘
10:58:27	8.29	0.01	38	31501	买盘
10:58:22	8.28	--	17	14075	卖盘
10:58:17	8.28	--	30	24839	卖盘
10:58:12	8.28	--	150	124199	卖盘
10:57:57	8.28	--	5	4140	卖盘
10:57:51	8.28	0.01	677	561019	买盘
10:57:42	8.27	--	44	36388	卖盘
10:57:36	8.27	0.01	595	492561	买盘
10:57:27	8.26	--	123	101598	卖盘
10:56:57	8.26	--	68	56168	买盘
10:56:51	8.26	--	32	26432	卖盘
10:56:36	8.26	--	853	704578	买盘
10:56:06	8.26	0.01	8	6608	买盘
10:55:57	8.25	--	43	35475	卖盘
10:55:51	8.25	--	51	42075	卖盘
10:55:42	8.25	-0.01	67	55275	卖盘
10:55:36	8.26	0.01	2	1652	买盘
10:55:27	8.25	--	49	40425	卖盘
10:55:16	8.25	-0.01	358	295350	卖盘
10:55:12	8.26	--	13	10738	买盘
10:54:57	8.26	--	10	8260	买盘
10:54:51	8.26	0.01	5	4130	买盘
10:54:41	8.25	--	0	0	卖盘
10:54:36	8.25	--	27	22275	卖盘
10:54:27	8.25	--	29	23925	卖盘
10:54:16	8.25	-0.02	49	40425	卖盘
10:54:12	8.27	0.02	10	8270	买盘
10:54:06	8.25	-0.01	47	38775	卖盘
10:54:01	8.26	0.01	3	2478	买盘
10:53:51	8.25	--	33	27225	卖盘
10:53:01	8.25	--	0	0	卖盘
10:52:56	8.25	-0.01	31	25575	卖盘
10:52:51	8.26	0.01	2	1982	买盘
10:52:46	8.25	-0.01	75	61875	卖盘
10:52:41	8.26	--	46	37996	买盘
10:52:36	8.26	--	4	3799	卖盘
10:52:31	8.26	--	0	330	买盘
10:52:21	8.26	0.01	9	7434	买盘
10:52:16	8.25	--	13	10725	卖盘
10:52:11	8.25	--	36	29700	卖盘
10:52:06	8.25	-0.01	37	30525	卖盘
10:51:21	8.26	--	88	72688	卖盘
10:51:15	8.26	-0.01	16	13216	卖盘
10:50:45	8.27	--	40	33080	买盘
10:50:06	8.27	0.01	21	17367	买盘
10:50:00	8.26	-0.01	6	4956	卖盘
10:49:40	8.27	0.01	30	24810	买盘
10:49:36	8.26	-0.01	10	8260	卖盘
10:49:30	8.27	--	2	1654	买盘
10:49:15	8.27	--	13	10751	买盘
10:49:10	8.27	0.01	124	102548	买盘
10:49:06	8.26	--	1	826	卖盘
10:48:40	8.26	0.01	19	15694	买盘
10:48:35	8.25	-0.01	118	98010	卖盘
10:48:15	8.26	0.01	1	826	买盘
10:48:10	8.25	-0.01	3	2475	卖盘
10:47:55	8.26	0.01	15	12390	买盘
10:47:45	8.25	--	1	825	卖盘
10:47:36	8.25	-0.01	4	3300	卖盘
10:47:30	8.26	--	3	2478	买盘
10:47:25	8.26	--	20	16520	买盘
10:47:20	8.26	--	15	12390	买盘
10:46:55	8.26	--	2	1652	买盘
10:46:50	8.26	--	18	14868	卖盘
10:46:40	8.26	--	92	75992	卖盘
10:46:35	8.26	--	2	1652	卖盘
10:46:25	8.26	--	7	5782	卖盘
10:46:20	8.26	--	15	12390	卖盘
10:46:05	8.26	-0.01	50	41300	卖盘
10:46:00	8.27	0.01	33	27291	买盘
10:45:10	8.26	--	10	8260	卖盘
10:44:55	8.26	--	5	4130	卖盘
10:44:50	8.26	--	12	9912	卖盘
10:44:39	8.26	--	32	26432	卖盘
10:44:30	8.26	-0.01	10	8260	卖盘
10:44:20	8.27	0.01	10	8270	买盘
10:44:15	8.26	--	89	73514	卖盘
10:44:09	8.26	-0.01	20	16520	卖盘
10:43:39	8.27	0.01	24	19848	买盘
10:43:09	8.26	--	50	41300	卖盘
10:42:54	8.26	-0.01	8	6608	卖盘
10:42:49	8.27	--	10	8270	买盘
10:42:45	8.27	--	29	23983	买盘
10:42:00	8.27	--	10	8270	买盘
10:41:39	8.27	0.01	20	16540	买盘
10:41:29	8.26	--	200	165200	卖盘
10:41:24	8.26	--	648	535248	买盘
10:41:19	8.26	--	2	1652	买盘
10:41:04	8.26	--	2	1652	买盘
10:41:00	8.26	--	17	14042	买盘
10:40:54	8.26	--	33	27258	买盘
10:40:49	8.26	--	182	150332	买盘
10:40:44	8.26	--	7	5782	买盘
10:40:29	8.26	--	34	28084	买盘
10:40:19	8.26	--	30	24780	买盘
10:40:09	8.26	--	62	51212	买盘
10:39:54	8.26	0.01	2	1652	买盘
10:39:49	8.25	--	80	66000	卖盘
10:39:39	8.25	--	10	8250	卖盘
10:39:34	8.25	--	100	82500	卖盘
10:39:29	8.25	--	3	2475	卖盘
10:39:09	8.25	--	20	16500	卖盘
10:38:59	8.25	-0.01	7	5775	卖盘
10:38:39	8.26	0.01	14	11564	买盘
10:38:34	8.25	--	148	122100	卖盘
10:38:24	8.25	--	30	24750	卖盘
10:38:19	8.25	-0.01	27	22275	卖盘
10:38:09	8.26	0.01	20	16520	买盘
10:37:48	8.25	-0.01	16	13200	卖盘
10:37:44	8.26	0.01	12	9912	买盘
10:37:39	8.25	--	121	99825	卖盘
10:37:24	8.25	-0.01	100	82500	卖盘
10:37:13	8.26	--	5	4130	卖盘
10:37:09	8.26	--	20	16520	卖盘
10:37:03	8.26	0.01	9	7599	卖盘
10:36:58	8.25	--	0	0	卖盘
10:36:48	8.25	--	100	82500	卖盘
10:36:39	8.25	-0.01	75	61875	卖盘
10:36:33	8.26	--	2	1652	买盘
10:36:18	8.26	0.01	18	14868	买盘
10:36:13	8.25	--	0	0	卖盘
10:36:08	8.25	-0.01	879	725175	卖盘
10:36:03	8.26	--	10	8260	卖盘
10:35:48	8.26	-0.01	307	253582	卖盘
10:35:33	8.27	--	40	33080	买盘
10:35:28	8.27	--	11	9097	买盘
10:35:24	8.27	--	15	12405	买盘
10:35:13	8.27	--	0	0	中性盘
10:35:03	8.27	--	5	4135	卖盘
10:34:53	8.27	--	45	37215	买盘
10:34:38	8.27	--	1	827	买盘
10:34:13	8.27	-0.01	124	102548	卖盘
10:33:58	8.28	--	5	4140	买盘
10:33:53	8.28	0.01	30	24839	买盘
10:33:48	8.27	--	31	25637	卖盘
10:33:43	8.27	-0.01	10	8270	卖盘
10:33:33	8.28	--	1	827	买盘
10:33:23	8.28	--	21	17388	买盘
10:33:18	8.28	--	16	13247	买盘
10:33:13	8.28	0.01	179	148576	买盘
10:33:08	8.27	--	10	8270	卖盘
10:33:03	8.27	--	10	8270	卖盘
10:32:53	8.27	-0.01	10	8270	卖盘
10:32:48	8.28	0.01	31	25667	买盘
10:32:38	8.27	--	16	13232	卖盘
10:32:23	8.27	--	50	41350	卖盘
10:32:03	8.27	-0.01	138	114126	卖盘
10:31:38	8.28	--	29	24011	买盘
10:31:33	8.28	0.01	5	4140	买盘
10:31:27	8.27	--	20	16540	卖盘
10:31:07	8.27	-0.01	400	330800	卖盘
10:31:03	8.28	0.01	30	24839	买盘
10:30:57	8.27	-0.01	8	6616	卖盘
10:30:48	8.28	--	64	52991	买盘
10:30:37	8.28	--	29	24011	买盘
10:30:33	8.28	0.01	100	82800	买盘
10:30:27	8.27	--	48	39696	卖盘
10:30:03	8.27	-0.01	13	10751	卖盘
10:29:48	8.28	--	16	13247	买盘
10:29:33	8.28	--	14	11592	买盘
10:29:27	8.28	--	1	827	买盘
10:29:03	8.28	0.01	2	1655	中性盘
10:28:57	8.27	-0.01	103	85181	卖盘
10:28:48	8.28	--	20	16560	卖盘
10:28:42	8.28	--	26	21528	卖盘
10:28:33	8.28	--	13	10764	卖盘
10:28:27	8.28	--	40	33120	卖盘
10:28:22	8.28	--	537	444635	卖盘
10:28:12	8.28	--	20	16560	卖盘
10:28:02	8.28	--	60	49679	卖盘
10:27:57	8.28	--	79	65411	卖盘
10:27:42	8.28	-0.01	3	2484	卖盘
10:27:33	8.29	--	20	16580	买盘
10:27:17	8.29	--	53	43936	买盘
10:27:12	8.29	--	8	6631	买盘
10:27:07	8.29	--	74	61345	买盘
10:27:02	8.29	--	29	24040	买盘
10:26:57	8.29	--	31	25698	买盘
10:26:52	8.29	--	130	107769	买盘
10:26:37	8.29	--	5	4145	买盘
10:26:32	8.29	-0.01	672	557088	卖盘
10:26:27	8.3	0.01	1	830	买盘
10:26:22	8.29	-0.01	5	4145	卖盘
10:26:17	8.3	--	5	4150	买盘
10:26:07	8.3	--	24	19920	买盘
10:26:02	8.3	--	589	489185	卖盘
10:25:57	8.3	--	50	41500	卖盘
10:25:52	8.3	--	55	45650	卖盘
10:25:42	8.3	--	20	16600	卖盘
10:25:37	8.3	0.01	92	76874	买盘
10:25:32	8.29	-0.01	49	40620	卖盘
10:25:27	8.3	--	248	205840	买盘
10:25:22	8.3	--	20	16600	买盘
10:25:17	8.3	--	85	70550	买盘
10:25:12	8.3	0.01	69	57270	买盘
10:25:07	8.29	-0.01	85	70465	卖盘
10:25:02	8.3	--	34	28220	买盘
10:24:57	8.3	--	13	10790	买盘
10:24:47	8.3	--	64	53120	买盘
10:24:42	8.3	0.01	10	8300	买盘
10:24:32	8.29	-0.01	143	118546	卖盘
10:24:27	8.3	--	12	9960	买盘
10:24:21	8.3	0.01	6	4980	买盘
10:24:12	8.29	--	170	140930	卖盘
10:24:01	8.29	--	1	828	卖盘
10:23:56	8.29	-0.01	10	8290	卖盘
10:23:51	8.3	0.01	30	24900	买盘
10:23:36	8.29	--	25	20724	卖盘
10:23:31	8.29	--	50	41449	卖盘
10:23:27	8.29	--	82	67978	卖盘
10:23:01	8.29	--	113	93676	买盘
10:22:57	8.29	--	100	82899	买盘
10:22:51	8.29	--	100	82899	买盘
10:22:42	8.29	--	8	6631	买盘
10:22:36	8.29	--	19	15750	买盘
10:22:31	8.29	0.01	19	15750	买盘
10:22:27	8.28	-0.01	15	12916	卖盘
10:22:06	8.29	0.01	11	9118	买盘
10:21:56	8.28	-0.01	4	3974	卖盘
10:21:46	8.29	--	7	5802	买盘
10:21:42	8.29	--	3	2486	买盘
10:21:36	8.29	--	50	41449	中性盘
10:21:31	8.29	--	30	24869	卖盘
10:21:16	8.29	--	42	34818	买盘
10:21:11	8.29	--	30	24869	买盘
10:21:06	8.29	--	5	4145	买盘
10:20:51	8.29	0.01	127	105282	买盘
10:20:36	8.28	-0.01	52	43056	卖盘
10:20:16	8.29	-0.01	146	121033	卖盘
10:20:06	8.3	--	39	32370	买盘
10:20:01	8.3	0.01	6	4980	买盘
10:19:56	8.29	-0.01	29	24040	卖盘
10:19:51	8.3	0.01	47	39010	买盘
10:19:41	8.29	-0.01	16	13263	卖盘
10:19:36	8.3	--	388	322040	买盘
10:19:21	8.3	0.01	247	205010	买盘
10:19:16	8.29	--	20	16580	卖盘
10:19:11	8.29	-0.01	105	87044	卖盘
10:19:06	8.3	0.01	30	24900	买盘
10:19:01	8.29	-0.01	30	24869	卖盘
10:18:51	8.3	0.01	31	25730	买盘
10:18:46	8.29	--	35	29014	卖盘
10:18:41	8.29	--	193	159996	卖盘
10:18:36	8.29	-0.01	30	24869	卖盘
10:18:31	8.3	--	45	37350	买盘
10:18:26	8.3	0.01	11	9130	买盘
10:18:21	8.29	-0.01	50	41449	卖盘
10:18:15	8.3	--	15	12450	买盘
10:18:11	8.3	-0.01	22	18260	买盘
10:18:06	8.31	0.01	270	224370	买盘
10:17:56	8.3	--	68	56440	卖盘
10:17:51	8.3	--	25	20750	卖盘
10:17:45	8.3	--	45	37350	卖盘
10:17:41	8.3	--	12	9960	卖盘
10:17:36	8.3	--	551	457330	卖盘
10:17:30	8.3	-0.01	209	173470	卖盘
10:17:25	8.31	0.01	20	16620	买盘
10:17:20	8.3	-0.01	13	10790	卖盘
10:17:15	8.31	--	126	104706	买盘
10:17:10	8.31	0.01	1	831	买盘
10:17:06	8.3	--	35	29050	卖盘
10:17:00	8.3	--	141	117030	卖盘
10:16:55	8.3	--	50	41500	卖盘
10:16:51	8.3	--	209	173636	买盘
10:16:45	8.3	--	280	232400	买盘
10:16:40	8.3	--	20	16600	买盘
10:16:36	8.3	--	35	29050	买盘
10:16:30	8.3	--	45	37350	买盘
10:16:25	8.3	--	2	1660	买盘
10:16:21	8.3	--	41	34694	卖盘
10:16:15	8.3	--	89	74534	卖盘
10:16:10	8.3	0.01	627	520742	买盘
10:16:06	8.29	--	176	145903	卖盘
10:16:00	8.29	--	42	34818	卖盘
10:15:55	8.29	--	126	104453	买盘
10:15:51	8.29	--	247	204762	买盘
10:15:45	8.29	--	124	102795	买盘
10:15:40	8.29	--	10	8290	买盘
10:15:36	8.29	-0.01	259	214710	卖盘
10:15:30	8.3	0.01	308	255640	买盘
10:15:25	8.29	--	110	91189	买盘
10:15:21	8.29	--	176	145903	买盘
10:15:10	8.29	-0.01	16	13263	卖盘
10:15:05	8.3	0.01	102	84660	买盘
10:15:00	8.29	0.01	59	48910	买盘
10:14:55	8.28	-0.01	150	124199	卖盘
10:14:50	8.29	--	139	115230	买盘
10:14:45	8.29	--	235	194814	买盘
10:14:35	8.29	--	3	2486	买盘
10:14:30	8.29	0.01	69	57200	中性盘
10:14:25	8.28	-0.01	442	366141	卖盘
10:14:20	8.29	--	188	155851	买盘
10:14:15	8.29	--	20	16580	买盘
10:14:10	8.29	--	464	384655	买盘
10:14:05	8.29	--	31	25698	买盘
10:14:00	8.29	0.01	18	14921	买盘
10:13:50	8.28	--	148	122676	买盘
10:13:45	8.28	--	207	171396	买盘
10:13:40	8.28	0.01	172	142416	买盘
10:13:30	8.27	--	2	1654	卖盘
10:13:15	8.27	--	2	2315	买盘
10:13:10	8.27	--	27	22329	买盘
10:13:00	8.27	--	86	71122	买盘
10:12:55	8.27	--	17	14059	买盘
10:12:50	8.27	--	2	1654	买盘
10:12:45	8.27	0.01	60	49620	买盘
10:12:40	8.26	--	1	826	卖盘
10:12:25	8.26	--	213	175938	买盘
10:12:15	8.26	--	293	242018	买盘
10:12:10	8.26	--	50	41300	买盘
10:12:00	8.26	--	51	42126	买盘
10:11:55	8.26	--	23	18998	买盘
10:11:45	8.26	--	8	6608	买盘
10:11:40	8.26	0.01	14	11564	买盘
10:11:30	8.25	-0.01	3	2475	卖盘
10:11:24	8.26	0.01	21	17346	买盘
10:11:15	8.25	-0.01	30	24750	卖盘
10:11:09	8.26	0.01	5	4130	买盘
10:10:54	8.25	-0.01	60	49500	卖盘
10:10:49	8.26	0.01	70	57820	买盘
10:10:24	8.25	--	25	20625	卖盘
10:10:19	8.25	--	3	2475	卖盘
10:10:14	8.25	-0.01	10	8250	卖盘
10:10:09	8.26	0.01	5	4130	买盘
10:10:00	8.25	-0.01	110	90750	中性盘
10:09:54	8.26	0.02	500	413000	买盘
10:09:39	8.24	-0.01	44	36256	卖盘
10:09:30	8.25	0.01	20	16500	买盘
10:09:24	8.24	-0.01	202	166448	卖盘
10:09:15	8.25	--	205	169125	买盘
10:09:09	8.25	0.01	11	9075	买盘
10:09:04	8.24	-0.01	80	65920	卖盘
10:09:00	8.25	0.01	100	82500	买盘
10:08:49	8.24	--	20	16480	卖盘
10:08:45	8.24	-0.01	11	9064	卖盘
10:08:39	8.25	0.01	2	1650	买盘
10:08:29	8.24	-0.01	65	53560	卖盘
10:08:24	8.25	0.01	10	8250	买盘
10:08:09	8.24	--	155	127720	卖盘
10:08:04	8.24	--	116	95584	卖盘
10:07:54	8.24	--	83	68392	卖盘
10:07:44	8.24	--	55	45320	卖盘
10:07:29	8.24	--	13	10712	卖盘
10:07:24	8.24	--	2	1648	卖盘
10:07:09	8.24	--	10	8240	卖盘
10:07:04	8.24	--	95	78280	卖盘
10:06:54	8.24	-0.01	10	8240	卖盘
10:06:49	8.25	0.01	10	8250	买盘
10:06:34	8.24	-0.01	5	4120	卖盘
10:06:24	8.25	0.01	613	505725	买盘
10:06:09	8.24	--	6	4944	卖盘
10:05:54	8.24	--	80	65920	卖盘
10:05:34	8.24	-0.01	12	9888	卖盘
10:05:24	8.25	0.01	50	41250	买盘
10:05:19	8.24	--	10	8240	卖盘
10:05:14	8.24	-0.01	50	41200	卖盘
10:05:09	8.25	--	12	9900	买盘
10:05:03	8.25	0.01	155	127875	买盘
10:04:43	8.24	-0.01	14	11536	卖盘
10:04:39	8.25	0.01	30	24750	买盘
10:04:33	8.24	-0.01	20	16480	卖盘
10:04:03	8.25	--	2	1650	买盘
10:03:48	8.25	0.01	35	28875	买盘
10:03:38	8.24	--	4	3296	卖盘
10:03:33	8.24	-0.01	14	11536	卖盘
10:03:24	8.25	--	41	33825	买盘
10:03:03	8.25	0.01	20	16500	买盘
10:02:58	8.24	--	1	824	卖盘
10:02:48	8.24	-0.01	9	7416	卖盘
10:02:39	8.25	--	20	16500	买盘
10:02:23	8.25	0.01	81	66825	买盘
10:02:08	8.24	--	3	2472	卖盘
10:01:33	8.24	--	5	4120	卖盘
10:01:23	8.24	--	432	355968	卖盘
10:01:13	8.24	--	20	16480	卖盘
10:01:08	8.24	-0.01	40	32960	卖盘
10:01:03	8.25	0.01	11	9075	买盘
10:00:58	8.24	--	130	107120	卖盘
10:00:53	8.24	--	1	824	卖盘
10:00:43	8.24	--	10	8240	卖盘
10:00:33	8.24	-0.01	65	53560	卖盘
10:00:23	8.25	0.01	20	16500	买盘
10:00:18	8.24	-0.01	76	62624	卖盘
10:00:08	8.25	--	5	4125	买盘
10:00:03	8.25	0.01	33	27225	买盘
09:59:58	8.24	-0.01	30	24720	卖盘
09:59:48	8.25	--	20	16500	买盘
09:59:33	8.25	--	181	149630	卖盘
09:59:28	8.25	--	82	67650	卖盘
09:59:23	8.25	-0.01	2	1650	卖盘
09:59:18	8.26	--	50	41300	买盘
09:59:13	8.26	0.01	2	1652	买盘
09:59:08	8.25	--	235	193875	卖盘
09:59:03	8.25	-0.01	1	825	卖盘
09:58:48	8.26	--	25	20650	买盘
09:58:42	8.26	--	60	49560	买盘
09:58:38	8.26	--	10	8260	买盘
09:58:33	8.26	0.01	100	82600	买盘
09:58:27	8.25	-0.01	3	2475	卖盘
09:58:12	8.26	0.01	30	24780	买盘
09:58:07	8.25	-0.01	6	4950	卖盘
09:58:03	8.26	0.01	20	16520	买盘
09:57:57	8.25	-0.01	70	57750	卖盘
09:57:48	8.26	--	20	16520	买盘
09:57:42	8.26	0.01	302	249452	买盘
09:57:32	8.25	--	20	16500	卖盘
09:57:27	8.25	--	114	94569	买盘
09:57:22	8.25	0.01	101	83325	买盘
09:57:18	8.24	-0.01	67	55208	卖盘
09:57:07	8.25	--	10	8250	买盘
09:56:47	8.25	--	37	30525	买盘
09:56:37	8.25	--	20	16500	买盘
09:56:32	8.25	--	106	87450	买盘
09:56:27	8.25	--	10	8250	买盘
09:56:17	8.25	--	66	54450	买盘
09:56:02	8.25	--	31	25575	买盘
09:55:57	8.25	--	51	42075	买盘
09:55:47	8.25	--	200	165000	买盘
09:55:42	8.25	-0.01	153	126885	卖盘
09:55:32	8.26	0.01	3	2478	买盘
09:55:27	8.25	--	20	16500	卖盘
09:55:17	8.25	--	90	74250	卖盘
09:55:12	8.25	--	1	825	卖盘
09:54:52	8.25	0.01	395	326040	买盘
09:54:47	8.24	--	38	31312	买盘
09:54:42	8.24	0.01	10	8240	中性盘
09:54:37	8.23	-0.02	30	24690	卖盘
09:54:22	8.25	--	54	44550	买盘
09:54:07	8.25	--	167	137775	买盘
09:54:02	8.25	--	0	0	买盘
09:53:52	8.25	--	14	11550	买盘
09:53:42	8.25	0.02	10	8250	买盘
09:53:37	8.23	-0.02	361	297596	卖盘
09:53:22	8.25	0.01	3	2475	买盘
09:53:12	8.24	--	0	494	卖盘
09:53:07	8.24	0.01	189	155736	买盘
09:52:57	8.23	-0.01	9	7407	卖盘
09:52:36	8.24	--	28	23072	卖盘
09:52:27	8.24	--	38	31312	卖盘
09:52:11	8.24	-0.01	10	8240	卖盘
09:52:06	8.25	--	37	30525	买盘
09:51:36	8.25	--	4	3300	买盘
09:51:26	8.25	--	1	1485	卖盘
09:51:21	8.25	0.02	268	221265	买盘
09:51:06	8.23	-0.01	10	8230	卖盘
09:50:57	8.24	--	6	4944	买盘
09:50:42	8.24	0.01	109	89816	买盘
09:50:36	8.23	-0.01	20	16460	卖盘
09:50:31	8.24	--	30	24720	买盘
09:50:27	8.24	--	26	21424	买盘
09:50:21	8.24	-0.01	137	112888	卖盘
09:50:11	8.25	0.01	6	4950	买盘
09:50:06	8.24	--	80	65920	卖盘
09:49:41	8.24	-0.01	54	44496	卖盘
09:49:36	8.25	0.01	10	8250	买盘
09:49:26	8.24	-0.01	200	164800	卖盘
09:49:16	8.25	--	26	21450	买盘
09:49:11	8.25	--	61	50325	买盘
09:49:06	8.25	--	5	4125	买盘
09:49:01	8.25	--	10	8250	买盘
09:48:36	8.25	--	7	5775	买盘
09:48:31	8.25	--	14	11550	买盘
09:48:21	8.25	--	1	825	买盘
09:48:16	8.25	--	148	122100	买盘
09:48:11	8.25	--	10	8250	买盘
09:48:06	8.25	--	40	33000	买盘
09:48:01	8.25	--	20	16500	买盘
09:47:51	8.25	--	3	2475	买盘
09:47:46	8.25	--	38	31350	买盘
09:47:36	8.25	--	2	1650	买盘
09:47:31	8.25	--	54	44550	买盘
09:47:21	8.25	--	4	3300	买盘
09:47:11	8.25	--	30	24750	买盘
09:47:01	8.25	--	5	4125	买盘
09:46:51	8.25	--	45	37125	买盘
09:46:36	8.25	--	73	60885	卖盘
09:46:25	8.25	--	37	30525	卖盘
09:46:15	8.25	--	47	38940	买盘
09:46:05	8.25	0.01	19	15675	买盘
09:46:00	8.24	-0.01	200	164800	卖盘
09:45:55	8.25	--	300	247500	买盘
09:45:50	8.25	0.01	77	63525	买盘
09:45:45	8.24	--	68	56032	卖盘
09:45:36	8.24	--	135	111240	卖盘
09:45:30	8.24	-0.01	3	2472	卖盘
09:45:25	8.25	0.01	40	33000	买盘
09:45:20	8.24	--	1	824	卖盘
09:45:10	8.24	--	3	2472	卖盘
09:45:05	8.24	--	25	20600	卖盘
09:44:55	8.24	--	3	2472	买盘
09:44:50	8.24	--	5	4120	卖盘
09:44:45	8.24	--	51	42024	卖盘
09:44:36	8.24	--	27	22248	买盘
09:44:20	8.24	--	20	16480	买盘
09:44:10	8.24	0.01	85	70040	买盘
09:44:05	8.23	--	67	55141	卖盘
09:44:00	8.23	-0.01	10	8230	卖盘
09:43:45	8.24	0.01	10	8240	买盘
09:43:40	8.23	0.01	17	13991	中性盘
09:43:25	8.22	-0.02	12	9864	卖盘
09:43:20	8.24	0.02	500	412000	买盘
09:43:15	8.22	--	0	0	卖盘
09:43:10	8.22	--	5	4110	卖盘
09:43:05	8.22	0.01	353	290166	卖盘
09:42:55	8.21	-0.02	17	13957	卖盘
09:42:50	8.23	--	0	0	买盘
09:42:30	8.23	--	19	15637	卖盘
09:42:24	8.23	--	10	8230	卖盘
09:42:20	8.23	0.01	14	11522	买盘
09:42:15	8.22	-0.01	369	303318	卖盘
09:42:00	8.23	--	48	39504	买盘
09:41:55	8.23	0.01	10	8230	买盘
09:41:50	8.22	--	14	11508	卖盘
09:41:45	8.22	--	10	8220	卖盘
09:41:30	8.22	-0.01	4	3288	卖盘
09:41:15	8.23	0.01	17	13991	买盘
09:41:10	8.22	--	1	822	卖盘
09:41:05	8.22	-0.01	44	36168	卖盘
09:41:00	8.23	--	19	15637	买盘
09:40:55	8.23	--	26	21398	买盘
09:40:50	8.23	--	8	6584	买盘
09:40:45	8.23	--	22	18106	卖盘
09:40:39	8.23	--	114	93822	卖盘
09:40:35	8.23	--	30	24690	卖盘
09:40:24	8.23	-0.01	11	9053	卖盘
09:40:19	8.24	0.01	38	31312	买盘
09:39:54	8.23	-0.01	71	58433	卖盘
09:39:44	8.24	0.01	10	8240	买盘
09:39:34	8.23	-0.01	5	4115	卖盘
09:39:24	8.24	0.01	10	8240	买盘
09:39:14	8.23	-0.01	66	54318	卖盘
09:39:09	8.24	--	20	16480	买盘
09:38:49	8.24	0.01	50	41200	买盘
09:38:44	8.23	--	10	8230	卖盘
09:38:39	8.23	--	39	32097	卖盘
09:38:29	8.23	--	10	8230	卖盘
09:38:24	8.23	--	35	28805	卖盘
09:38:14	8.23	--	35	28805	卖盘
09:38:09	8.23	--	1	823	卖盘
09:37:59	8.23	--	65	53495	卖盘
09:37:44	8.23	--	45	37035	买盘
09:37:39	8.23	--	78	64194	卖盘
09:37:29	8.23	--	4	3292	卖盘
09:37:24	8.23	--	19	15637	卖盘
09:37:19	8.23	-0.01	15	12345	卖盘
09:37:14	8.24	0.01	310	255440	买盘
09:37:09	8.23	--	7	5761	卖盘
09:36:54	8.23	--	6	4938	卖盘
09:36:49	8.23	--	5	4115	卖盘
09:36:34	8.23	--	117	96291	买盘
09:36:19	8.23	0.01	56	46088	买盘
09:36:14	8.22	-0.01	84	69048	卖盘
09:36:09	8.23	--	160	131680	卖盘
09:36:04	8.23	--	15	12345	卖盘
09:35:39	8.23	--	30	24690	卖盘
09:35:34	8.23	--	20	16460	卖盘
09:35:29	8.23	--	45	37035	卖盘
09:35:19	8.23	--	46	37858	买盘
09:35:09	8.23	--	110	90530	买盘
09:35:04	8.23	--	15	12345	买盘
09:34:59	8.23	--	105	86415	买盘
09:34:54	8.23	0.01	90	74070	买盘
09:34:49	8.22	-0.01	50	41100	卖盘
09:34:44	8.23	--	11	9053	买盘
09:34:39	8.23	--	30	24690	买盘
09:34:33	8.23	--	5	4115	买盘
09:34:24	8.23	--	5	4115	买盘
09:34:18	8.23	--	14	11522	买盘
09:34:09	8.23	--	66	54318	买盘
09:34:03	8.23	-0.01	44	36212	卖盘
09:33:53	8.24	0.01	33	27192	买盘
09:33:48	8.23	-0.01	30	24690	卖盘
09:33:28	8.24	--	50	41200	买盘
09:33:08	8.24	0.01	6	4944	买盘
09:33:03	8.23	-0.01	16	13168	卖盘
09:32:58	8.24	0.02	10	8240	买盘
09:32:53	8.22	-0.01	39	32058	卖盘
09:32:48	8.23	0.01	87	71601	买盘
09:32:38	8.22	-0.01	99	81378	卖盘
09:32:33	8.23	--	50	41150	买盘
09:32:28	8.23	0.01	34	27982	买盘
09:32:18	8.22	-0.01	56	46032	中性盘
09:32:08	8.23	0.01	100	82300	买盘
09:32:03	8.22	--	50	41100	买盘
09:31:58	8.22	-0.01	100	82200	卖盘
09:31:53	8.23	--	20	16460	买盘
09:31:28	8.23	0.01	1	823	买盘
09:31:23	8.22	-0.01	4	3288	卖盘
09:31:18	8.23	0.01	15	12345	卖盘
09:31:08	8.22	--	0	0	卖盘
09:30:53	8.22	--	50	41100	卖盘
09:30:48	8.22	-0.02	7	5754	卖盘
09:30:38	8.24	--	2	1648	买盘
09:30:33	8.24	--	10	8240	买盘
09:30:28	8.24	--	50	41200	买盘
09:30:23	8.24	0.02	5	4120	买盘
09:30:13	8.22	-0.02	20	16440	卖盘
09:30:08	8.24	0.04	213	175512	买盘
09:30:03	8.2	-0.04	125	102499	卖盘
09:28:45	8.24	--	0	0	买盘
09:25:01	8.24	8.24	92	75808	买盘
