成交时间	成交价	价格变动	成交量(手)	成交额(元)	性质
15:00:00	52.21	--	0	0	买盘
15:00:00	52.21	0.01	0	0	买盘
15:00:00	52.2	--	0	0	买盘
14:59:59	52.2	--	21	109620	买盘
14:59:54	52.2	0.12	35	182700	买盘
14:59:49	52.08	-0.12	100	520800	卖盘
14:59:44	52.2	--	58	302760	买盘
14:59:39	52.2	-0.05	100	522000	卖盘
14:59:34	52.25	0.02	48	250800	买盘
14:59:29	52.23	--	134	699882	买盘
14:59:24	52.23	--	35	182805	买盘
14:59:19	52.23	--	44	229812	卖盘
14:59:14	52.23	-0.01	43	224589	卖盘
14:59:09	52.24	--	51	266424	买盘
14:59:04	52.24	0.01	39	203736	买盘
14:58:59	52.23	--	38	198474	卖盘
14:58:54	52.23	-0.01	7	36561	卖盘
14:58:49	52.24	0.01	33	172392	买盘
14:58:44	52.23	-0.01	54	282042	卖盘
14:58:39	52.24	-0.05	46	240304	卖盘
14:58:34	52.29	-0.01	66	345114	卖盘
14:58:29	52.3	0.01	9	47070	买盘
14:58:24	52.29	--	26	135954	买盘
14:58:19	52.29	-0.01	32	167328	买盘
14:58:14	52.3	--	49	256270	买盘
14:58:09	52.3	--	195	1019850	买盘
14:58:03	52.3	0.02	11	57530	买盘
14:57:59	52.28	-0.02	98	512344	卖盘
14:57:54	52.3	--	36	188280	买盘
14:57:49	52.3	--	30	156900	买盘
14:57:44	52.3	--	51	266730	买盘
14:57:39	52.3	0.01	105	549150	买盘
14:57:34	52.29	0.03	37	193473	买盘
14:57:29	52.26	0.03	5	26130	中性盘
14:57:24	52.23	-0.07	94	490961	卖盘
14:57:19	52.3	0.05	55	287650	买盘
14:57:14	52.25	--	9	47025	卖盘
14:57:09	52.25	-0.04	25	130625	卖盘
14:57:04	52.29	0.02	119	626957	买盘
14:56:59	52.27	0.02	60	313620	买盘
14:56:54	52.25	0.02	12	62700	买盘
14:56:49	52.23	-0.02	1	5223	中性盘
14:56:44	52.25	0.02	15	78375	买盘
14:56:39	52.23	0.03	37	193251	买盘
14:56:34	52.2	--	7	36540	卖盘
14:56:29	52.2	-0.03	211	1101420	卖盘
14:56:24	52.23	0.03	44	229812	买盘
14:56:18	52.2	0.01	30	156600	买盘
14:56:14	52.19	--	2	10438	卖盘
14:56:09	52.19	0.03	43	224417	买盘
14:56:04	52.16	-0.02	8	41728	卖盘
14:55:59	52.18	0.02	5	26090	买盘
14:55:54	52.16	0.01	22	114751	卖盘
14:55:49	52.15	--	12	62580	卖盘
14:55:44	52.15	--	4	20860	卖盘
14:55:39	52.15	--	29	151235	卖盘
14:55:34	52.15	--	26	135590	卖盘
14:55:28	52.15	--	7	36505	卖盘
14:55:24	52.15	0.03	42	219186	买盘
14:55:19	52.12	--	2	10424	买盘
14:55:13	52.12	--	20	104240	卖盘
14:55:09	52.12	--	64	333568	卖盘
14:55:03	52.12	-0.01	52	271024	卖盘
14:54:58	52.13	0.01	13	67769	买盘
14:54:53	52.12	--	8	41696	卖盘
14:54:48	52.12	--	10	52120	卖盘
14:54:38	52.12	0.02	19	99028	买盘
14:54:33	52.1	--	62	323020	卖盘
14:54:28	52.1	0.01	3	15630	买盘
14:54:23	52.09	-0.01	55	286495	卖盘
14:54:18	52.1	0.01	62	323020	买盘
14:54:08	52.09	--	108	562572	卖盘
14:54:03	52.09	--	3	15627	卖盘
14:53:58	52.09	--	50	260450	卖盘
14:53:53	52.09	--	36	187524	卖盘
14:53:47	52.09	-0.01	81	421929	卖盘
14:53:43	52.1	--	31	161510	买盘
14:53:38	52.1	--	15	78150	买盘
14:53:33	52.1	0.01	1	5210	中性盘
14:53:28	52.09	-0.01	20	104180	卖盘
14:53:23	52.1	-0.02	9	46890	中性盘
14:53:17	52.12	0.03	98	510776	买盘
14:53:13	52.09	-0.01	50	260450	卖盘
14:53:08	52.1	0.01	9	46890	买盘
14:52:58	52.09	--	1	5209	卖盘
14:52:53	52.09	--	0	0	卖盘
14:52:48	52.09	--	2	10418	卖盘
14:52:43	52.09	-0.03	2	10418	卖盘
14:52:38	52.12	0.03	14	72968	买盘
14:52:32	52.09	--	20	104180	买盘
14:52:28	52.09	-0.03	180	937620	卖盘
14:52:23	52.12	--	10	52120	卖盘
14:52:08	52.12	-0.01	13	67756	卖盘
14:52:02	52.13	0.01	43	224159	买盘
14:51:57	52.12	-0.01	2	10424	卖盘
14:51:47	52.13	0.01	20	104260	买盘
14:51:38	52.12	-0.01	1	5212	卖盘
14:51:32	52.13	0.01	2	10426	中性盘
14:51:28	52.12	-0.02	171	891252	卖盘
14:51:23	52.14	-0.01	3	15642	买盘
14:51:17	52.15	--	3	15645	买盘
14:51:12	52.15	--	204	1063860	买盘
14:51:08	52.15	-0.03	3	15645	中性盘
14:51:02	52.18	0.05	3	15654	买盘
14:50:58	52.13	--	10	52130	卖盘
14:50:53	52.13	--	3	15639	卖盘
14:50:47	52.13	-0.05	28	145964	卖盘
14:50:42	52.18	--	0	0	买盘
14:50:38	52.18	0.05	13	67834	买盘
14:50:32	52.13	--	3	15639	卖盘
14:50:27	52.13	--	3	15639	卖盘
14:50:23	52.13	--	15	78195	卖盘
14:50:17	52.13	0.01	50	260650	买盘
14:50:13	52.12	--	0	0	卖盘
14:50:08	52.12	--	64	333568	买盘
14:50:02	52.12	-0.12	2	10424	买盘
14:49:58	52.24	0.12	190	992560	买盘
14:49:53	52.12	--	0	0	买盘
14:49:47	52.12	-0.06	2	10424	卖盘
14:49:42	52.18	0.08	112	584416	买盘
14:49:32	52.1	-0.02	63	328230	卖盘
14:49:27	52.12	--	3	15636	买盘
14:49:17	52.12	--	32	166784	买盘
14:49:12	52.12	--	8	41696	买盘
14:49:07	52.12	-0.01	33	171996	卖盘
14:49:02	52.13	-0.02	13	67769	中性盘
14:48:58	52.15	0.05	2	10430	买盘
14:48:47	52.1	-0.05	20	104200	卖盘
14:48:42	52.15	0.02	9	46935	买盘
14:48:37	52.13	--	205	1068665	中性盘
14:48:32	52.13	--	1	5213	卖盘
14:48:27	52.13	--	2	10426	卖盘
14:48:17	52.13	0.01	13	67769	买盘
14:48:11	52.12	0.02	2	10424	买盘
14:48:02	52.1	--	4	20840	卖盘
14:47:56	52.1	--	69	359490	买盘
14:47:52	52.1	--	4	20840	买盘
14:47:47	52.1	--	8	41680	买盘
14:47:41	52.1	--	2	10420	买盘
14:47:37	52.1	-0.02	103	536630	卖盘
14:47:26	52.12	--	5	26060	买盘
14:47:17	52.12	0.01	1	5212	买盘
14:47:11	52.11	0.02	5	26055	卖盘
14:47:02	52.09	-0.01	11	57299	卖盘
14:46:56	52.1	0.01	2	10420	买盘
14:46:52	52.09	-0.01	13	67717	卖盘
14:46:47	52.1	--	6	31260	买盘
14:46:41	52.1	-0.04	49	255290	卖盘
14:46:37	52.14	0.02	5	26070	卖盘
14:46:32	52.12	--	0	0	中性盘
14:46:26	52.12	-0.03	8	41696	卖盘
14:46:22	52.15	0.01	1	5215	卖盘
14:46:17	52.14	0.03	62	323268	买盘
14:46:11	52.11	-0.03	11	57321	卖盘
14:46:02	52.14	-0.06	3	15642	卖盘
14:45:56	52.2	-0.03	2	10440	买盘
14:45:47	52.23	0.03	12	62675	买盘
14:45:41	52.2	--	7	36540	卖盘
14:45:32	52.2	--	25	130500	卖盘
14:45:26	52.2	0.09	174	908280	买盘
14:45:21	52.11	0.01	4	20844	买盘
14:45:17	52.1	-0.07	9	46890	卖盘
14:45:11	52.17	0.03	14	73038	买盘
14:45:06	52.14	0.03	23	119922	买盘
14:44:51	52.11	-0.01	2	10422	卖盘
14:44:41	52.12	--	4	20848	买盘
14:44:36	52.12	-0.03	63	328356	卖盘
14:44:26	52.15	0.01	82	427630	买盘
14:44:21	52.14	--	4	20856	卖盘
14:44:17	52.14	-0.01	2	10428	卖盘
14:44:06	52.15	--	17	88655	卖盘
14:43:56	52.15	-0.01	17	88655	卖盘
14:43:51	52.16	0.01	3	15647	买盘
14:43:47	52.15	-0.01	15	78225	卖盘
14:43:41	52.16	0.01	1	5216	买盘
14:43:36	52.15	--	2	10430	卖盘
14:43:32	52.15	-0.01	1	5215	买盘
14:43:26	52.16	-0.04	19	99104	卖盘
14:43:21	52.2	0.04	206	1075320	买盘
14:43:17	52.16	--	13	67808	卖盘
14:43:06	52.16	-0.01	4	20864	卖盘
14:43:01	52.17	-0.01	7	36519	卖盘
14:42:56	52.18	0.01	12	62616	买盘
14:42:51	52.17	-0.01	3	15651	卖盘
14:42:46	52.18	--	0	0	中性盘
14:42:41	52.18	--	2	10436	买盘
14:42:36	52.18	--	11	57398	卖盘
14:42:26	52.18	0.01	7	36526	中性盘
14:42:21	52.17	--	1	5217	卖盘
14:42:16	52.17	--	5	26085	卖盘
14:42:11	52.17	--	5	26085	卖盘
14:42:06	52.17	-0.08	2	10434	卖盘
14:42:01	52.25	--	15	78375	卖盘
14:41:56	52.25	--	17	88825	卖盘
14:41:51	52.25	--	2	10450	卖盘
14:41:46	52.25	--	2	10450	卖盘
14:41:41	52.25	--	30	156750	卖盘
14:41:35	52.25	0.08	145	757625	买盘
14:41:31	52.17	0.01	8	41736	买盘
14:41:26	52.16	-0.01	2	10432	卖盘
14:41:16	52.17	-0.03	21	109557	卖盘
14:41:05	52.2	--	26	135720	买盘
14:40:50	52.2	--	5	26100	买盘
14:40:46	52.2	--	7	36540	买盘
14:40:41	52.2	--	2	10440	买盘
14:40:35	52.2	--	7	36540	买盘
14:40:31	52.2	--	2	10440	买盘
14:40:26	52.2	-0.04	58	302760	卖盘
14:40:16	52.24	-0.05	5	26120	中性盘
14:40:11	52.29	0.09	92	481068	买盘
14:40:05	52.2	--	6	31320	卖盘
14:40:01	52.2	--	1	5220	卖盘
14:39:56	52.2	--	19	99180	买盘
14:39:50	52.2	--	21	109620	卖盘
14:39:46	52.2	--	5	26100	卖盘
14:39:41	52.2	--	10	52200	卖盘
14:39:35	52.2	--	77	401940	卖盘
14:39:20	52.2	-0.05	3	15660	卖盘
14:39:16	52.25	0.05	17	88825	买盘
14:39:11	52.2	-0.05	1	5220	卖盘
14:39:05	52.25	0.05	40	209000	买盘
14:38:56	52.2	-0.05	31	161820	卖盘
14:38:45	52.25	0.05	1	5225	买盘
14:38:41	52.2	--	1	5220	卖盘
14:38:35	52.2	0.06	5	26100	中性盘
14:38:30	52.14	-0.11	1	5214	中性盘
14:38:26	52.25	0.05	204	1065900	买盘
14:38:20	52.2	0.01	10	52200	买盘
14:38:15	52.19	-0.01	15	78285	中性盘
14:38:05	52.2	--	13	67860	买盘
14:38:00	52.2	--	2	10440	买盘
14:37:56	52.2	--	2	10440	买盘
14:37:50	52.2	--	15	78300	卖盘
14:37:41	52.2	--	22	114840	卖盘
14:37:35	52.2	--	9	46980	买盘
14:37:30	52.2	--	0	0	中性盘
14:37:26	52.2	--	2	10440	卖盘
14:37:20	52.2	--	49	255780	卖盘
14:37:15	52.2	--	20	104400	卖盘
14:37:10	52.2	--	7	36540	卖盘
14:37:05	52.2	-0.01	46	240120	卖盘
14:37:00	52.21	--	12	62652	买盘
14:36:50	52.21	--	22	114862	卖盘
14:36:41	52.21	-0.04	2	10442	卖盘
14:36:35	52.25	--	30	157899	卖盘
14:36:30	52.25	--	20	104500	卖盘
14:36:25	52.25	--	12	62700	卖盘
14:36:20	52.25	--	22	119025	卖盘
14:36:15	52.25	--	13	67925	买盘
14:36:05	52.25	-0.04	1	5225	买盘
14:35:50	52.29	0.04	12	62748	买盘
14:35:45	52.25	-0.05	9	51100	卖盘
14:35:40	52.3	--	4	20920	卖盘
14:35:35	52.3	0.04	308	1611990	买盘
14:35:30	52.26	-0.02	2	10452	买盘
14:35:20	52.28	--	0	0	买盘
14:35:14	52.28	--	2	10456	卖盘
14:35:10	52.28	0.01	34	177752	买盘
14:35:05	52.27	-0.01	19	99313	卖盘
14:34:59	52.28	--	0	0	买盘
14:34:55	52.28	--	0	0	买盘
14:34:50	52.28	0.02	11	57508	买盘
14:34:44	52.26	--	8	41808	卖盘
14:34:40	52.26	--	5	26130	买盘
14:34:35	52.26	0.01	4	20904	买盘
14:34:29	52.25	-0.01	14	73150	中性盘
14:34:25	52.26	0.02	13	67938	买盘
14:34:14	52.24	0.03	15	78360	买盘
14:34:10	52.21	--	4	20884	卖盘
14:34:05	52.21	--	2	10442	卖盘
14:33:59	52.21	0.01	3	15663	买盘
14:33:50	52.2	--	8	41760	卖盘
14:33:44	52.2	0.04	99	516780	买盘
14:33:40	52.16	--	36	187776	买盘
14:33:29	52.16	0.01	10	52160	中性盘
14:33:20	52.15	0.02	43	224245	买盘
14:33:14	52.13	--	26	135538	卖盘
14:33:10	52.13	--	2	10426	卖盘
14:33:05	52.13	--	1	5213	卖盘
14:32:55	52.13	0.03	127	662051	买盘
14:32:50	52.1	--	2	10420	买盘
14:32:44	52.1	0.01	16	83360	买盘
14:32:35	52.09	-0.01	16	83344	卖盘
14:32:29	52.1	0.03	402	2094420	买盘
14:32:24	52.07	0.06	8	41656	卖盘
14:32:20	52.01	-0.08	10	52010	卖盘
14:32:14	52.09	--	23	119807	买盘
14:32:05	52.09	--	21	109389	买盘
14:31:59	52.09	0.02	12	62508	买盘
14:31:54	52.07	0.06	16	83312	买盘
14:31:49	52.01	0.01	4	20804	买盘
14:31:39	52.0	-0.01	4	20800	卖盘
14:31:35	52.01	0.05	24	124824	买盘
14:31:29	51.96	-0.01	1	5196	卖盘
14:31:24	51.97	--	17	88349	买盘
14:31:19	51.97	-0.03	3	15591	卖盘
14:31:09	52.0	-0.08	6	31200	卖盘
14:31:05	52.08	0.12	8	41664	买盘
14:30:59	51.96	--	2	10392	卖盘
14:30:49	51.96	--	0	0	卖盘
14:30:44	51.96	-0.06	18	93528	卖盘
14:30:39	52.02	--	0	0	中性盘
14:30:35	52.02	--	0	0	中性盘
14:30:29	52.02	-0.07	4	20808	卖盘
14:30:24	52.09	0.03	5	26045	买盘
14:30:14	52.06	-0.03	2	10412	卖盘
14:30:09	52.09	--	16	83344	卖盘
14:30:04	52.09	-0.01	1	5209	卖盘
14:29:59	52.1	0.01	28	145880	买盘
14:29:54	52.09	-0.03	29	151061	卖盘
14:29:49	52.12	0.02	2	10424	买盘
14:29:44	52.1	--	2	10420	卖盘
14:29:39	52.1	-0.01	4	20840	卖盘
14:29:29	52.11	0.01	5	26055	买盘
14:29:24	52.1	--	3	15630	卖盘
14:29:19	52.1	--	1	5210	卖盘
14:29:14	52.1	--	1	5210	卖盘
14:29:09	52.1	0.01	33	171930	买盘
14:29:04	52.09	-0.01	12	62508	卖盘
14:28:59	52.1	0.01	1	5210	买盘
14:28:54	52.09	--	5	26045	卖盘
14:28:49	52.09	--	1	5209	卖盘
14:28:44	52.09	--	1	5209	卖盘
14:28:38	52.09	0.11	5	26045	买盘
14:28:34	51.98	-0.03	27	143204	卖盘
14:28:23	52.01	-0.08	5	26005	卖盘
14:28:08	52.09	0.01	11	57299	买盘
14:27:59	52.08	-0.01	89	463512	卖盘
14:27:53	52.09	0.01	3	15627	中性盘
14:27:49	52.08	--	22	114576	卖盘
14:27:38	52.08	--	19	98952	卖盘
14:27:34	52.08	--	8	41664	卖盘
14:27:29	52.08	--	12	62496	卖盘
14:27:23	52.08	--	7	36456	卖盘
14:27:19	52.08	--	37	192696	卖盘
14:27:08	52.08	--	0	0	卖盘
14:27:04	52.08	--	33	171864	卖盘
14:26:59	52.08	-0.02	4	20832	卖盘
14:26:53	52.1	0.02	20	104200	买盘
14:26:49	52.08	--	2	10416	卖盘
14:26:44	52.08	--	8	41664	卖盘
14:26:38	52.08	--	91	473928	卖盘
14:26:34	52.08	--	9	46872	卖盘
14:26:23	52.08	-0.02	11	57288	卖盘
14:26:04	52.1	--	5	26050	买盘
14:25:59	52.1	-0.01	17	88570	卖盘
14:25:53	52.11	--	8	41688	买盘
14:25:48	52.11	--	1	5211	买盘
14:25:44	52.11	--	25	130275	买盘
14:25:38	52.11	--	3	15633	买盘
14:25:33	52.11	0.01	6	31266	买盘
14:25:28	52.1	--	3	15630	卖盘
14:25:23	52.1	-0.01	5	26050	卖盘
14:25:18	52.11	0.03	74	385614	买盘
14:25:08	52.08	-0.02	39	203112	卖盘
14:25:03	52.1	--	26	135460	买盘
14:24:58	52.1	0.02	12	62520	买盘
14:24:53	52.08	--	5	26040	卖盘
14:24:48	52.08	--	30	156240	卖盘
14:24:38	52.08	--	9	46872	卖盘
14:24:33	52.08	--	38	197904	卖盘
14:24:23	52.08	0.02	207	1078056	买盘
14:24:18	52.06	-0.02	15	78090	卖盘
14:24:13	52.08	--	23	119784	买盘
14:24:08	52.08	0.03	312	1624896	买盘
14:24:03	52.05	--	96	499680	卖盘
14:23:58	52.05	--	0	0	卖盘
14:23:53	52.05	-0.01	61	317505	中性盘
14:23:48	52.06	0.01	6	31236	买盘
14:23:43	52.05	0.06	1	5205	买盘
14:23:18	51.99	--	62	322338	卖盘
14:23:13	51.99	-0.07	69	358731	卖盘
14:23:08	52.06	0.06	27	140562	买盘
14:23:03	52.0	0.01	1	5200	买盘
14:22:53	51.99	-0.06	49	254751	卖盘
14:22:48	52.05	0.05	3	15615	中性盘
14:22:43	52.0	-0.05	122	634400	卖盘
14:22:38	52.05	--	5	26025	买盘
14:22:33	52.05	--	2	10410	买盘
14:22:23	52.05	--	10	52050	买盘
14:22:17	52.05	--	16	83280	买盘
14:22:08	52.05	--	16	83280	买盘
14:22:02	52.05	--	19	98895	买盘
14:21:58	52.05	--	0	0	买盘
14:21:53	52.05	--	5	26025	买盘
14:21:47	52.05	-0.01	8	41640	卖盘
14:21:38	52.06	0.06	21	109326	买盘
14:21:23	52.0	--	0	0	卖盘
14:21:17	52.0	0.01	3	15600	卖盘
14:21:08	51.99	-0.04	42	218358	卖盘
14:21:02	52.03	0.03	59	306977	买盘
14:20:58	52.0	--	6	31200	买盘
14:20:53	52.0	--	2	10400	买盘
14:20:47	52.0	--	22	114400	买盘
14:20:38	52.0	0.01	5	26000	买盘
14:20:32	51.99	--	56	291144	买盘
14:20:28	51.99	--	40	207960	买盘
14:20:23	51.99	--	12	62388	买盘
14:20:17	51.99	--	4	20796	买盘
14:20:13	51.99	0.01	108	561492	买盘
14:20:08	51.98	--	7	36386	买盘
14:20:02	51.98	--	3	15593	买盘
14:19:58	51.98	0.04	47	244305	买盘
14:19:53	51.94	-0.01	32	166208	卖盘
14:19:47	51.95	0.01	6	31170	买盘
14:19:43	51.94	0.03	2	10388	中性盘
14:19:38	51.91	--	6	31145	卖盘
14:19:32	51.91	-0.03	4	20764	卖盘
14:19:27	51.94	0.03	19	98686	买盘
14:19:23	51.91	--	17	88247	买盘
14:19:17	51.91	--	9	46719	买盘
14:19:12	51.91	--	17	88247	卖盘
14:19:07	51.91	0.01	8	41528	卖盘
14:19:02	51.9	--	10	51900	卖盘
14:18:57	51.9	--	0	0	卖盘
14:18:42	51.9	--	19	98610	买盘
14:18:37	51.9	0.01	4	20760	买盘
14:18:32	51.89	-0.01	16	83024	卖盘
14:18:27	51.9	-0.05	27	140130	买盘
14:18:22	51.95	0.05	7	36365	买盘
14:18:17	51.9	--	10	51900	卖盘
14:18:12	51.9	--	6	31140	买盘
14:18:07	51.9	0.02	3	15570	买盘
14:18:02	51.88	-0.02	68	352784	卖盘
14:17:57	51.9	--	6	31140	买盘
14:17:52	51.9	-0.03	13	67470	卖盘
14:17:42	51.93	0.03	24	124632	买盘
14:17:37	51.9	-0.02	34	176460	卖盘
14:17:32	51.92	-0.01	10	51920	卖盘
14:17:27	51.93	-0.02	4	20772	卖盘
14:17:22	51.95	-0.01	4	20780	卖盘
14:17:17	51.96	--	16	83136	买盘
14:17:12	51.96	0.01	1	5196	买盘
14:17:07	51.95	--	0	0	卖盘
14:17:02	51.95	-0.02	10	51950	卖盘
14:16:57	51.97	--	5	25985	买盘
14:16:52	51.97	-0.02	4	20788	卖盘
14:16:47	51.99	0.01	10	51990	买盘
14:16:42	51.98	-0.01	14	72772	卖盘
14:16:37	51.99	--	4	20796	买盘
14:16:32	51.99	--	6	31194	买盘
14:16:27	51.99	-0.01	233	1211367	卖盘
14:16:22	52.0	-0.01	5	26000	卖盘
14:16:17	52.01	0.01	2	10402	买盘
14:16:12	52.0	--	6	31200	卖盘
14:16:07	52.0	--	20	104000	卖盘
14:16:02	52.0	--	56	291200	买盘
14:15:47	52.0	--	14	72800	卖盘
14:15:41	52.0	--	9	46800	卖盘
14:15:37	52.0	--	216	1123200	卖盘
14:15:32	52.0	--	0	0	卖盘
14:15:26	52.0	--	243	1263600	卖盘
14:15:22	52.0	-0.01	7	36400	卖盘
14:15:17	52.01	0.01	7	36407	买盘
14:15:11	52.0	-0.02	5	26000	卖盘
14:15:07	52.02	0.02	10	52020	买盘
14:15:02	52.0	-0.02	10	52000	卖盘
14:14:56	52.02	--	4	20808	买盘
14:14:47	52.02	--	75	390150	买盘
14:14:41	52.02	--	225	1170450	卖盘
14:14:37	52.02	-0.01	40	208080	卖盘
14:14:32	52.03	0.01	53	275759	买盘
14:14:26	52.02	-0.01	104	541008	卖盘
14:14:22	52.03	--	1	5203	买盘
14:14:17	52.03	--	15	78045	买盘
14:14:11	52.03	0.01	11	57233	买盘
14:14:07	52.02	-0.03	34	176868	卖盘
14:14:02	52.05	--	2	10410	买盘
14:13:56	52.05	--	6	31230	买盘
14:13:52	52.05	-0.01	12	62460	中性盘
14:13:47	52.06	0.01	25	130150	买盘
14:13:41	52.05	-0.01	11	57255	卖盘
14:13:32	52.06	-0.02	4	20824	卖盘
14:13:26	52.08	0.02	13	67704	买盘
14:13:22	52.06	-0.02	2	10412	卖盘
14:13:11	52.08	-0.02	43	223944	卖盘
14:13:07	52.1	--	20	104200	卖盘
14:13:01	52.1	-0.01	3	15630	卖盘
14:12:56	52.11	0.01	14	72954	买盘
14:12:51	52.1	-0.02	37	192770	卖盘
14:12:47	52.12	0.01	7	36484	买盘
14:12:41	52.11	-0.02	6	31266	卖盘
14:12:36	52.13	0.03	15	78195	买盘
14:12:31	52.1	-0.01	11	57310	卖盘
14:12:21	52.11	-0.02	57	297027	卖盘
14:12:16	52.13	--	11	57343	卖盘
14:12:11	52.13	--	34	177242	卖盘
14:12:06	52.13	--	24	125112	卖盘
14:12:01	52.13	-0.01	5	26065	卖盘
14:11:56	52.14	0.04	3	15642	买盘
14:11:51	52.1	--	67	349070	卖盘
14:11:46	52.1	-0.04	39	203190	卖盘
14:11:41	52.14	--	4	20856	买盘
14:11:36	52.14	-0.01	5	26070	卖盘
14:11:31	52.15	--	3	15645	买盘
14:11:26	52.15	-0.02	373	1945195	卖盘
14:11:16	52.17	--	1	5217	卖盘
14:11:11	52.17	--	0	0	卖盘
14:11:06	52.17	--	51	266067	买盘
14:10:51	52.17	-0.02	21	109557	卖盘
14:10:46	52.19	--	32	167008	买盘
14:10:41	52.19	--	22	114818	买盘
14:10:36	52.19	0.02	1	5219	买盘
14:10:31	52.17	-0.03	3	15651	卖盘
14:10:26	52.2	--	2	10440	买盘
14:10:21	52.2	-0.01	23	120060	卖盘
14:10:16	52.21	--	0	0	中性盘
14:10:11	52.21	-0.04	12	62652	卖盘
14:09:56	52.25	-0.01	26	135850	卖盘
14:09:46	52.26	-0.07	0	2613	卖盘
14:09:41	52.33	0.07	42	219786	买盘
14:09:36	52.26	-0.02	10	52260	卖盘
14:09:31	52.28	-0.05	5	26140	卖盘
14:09:26	52.33	0.04	6	31398	买盘
14:09:20	52.29	0.01	4	20916	中性盘
14:09:16	52.28	--	11	57508	卖盘
14:09:11	52.28	--	7	36596	卖盘
14:09:05	52.28	--	66	350223	卖盘
14:09:01	52.28	-0.01	6	31368	卖盘
14:08:56	52.29	0.01	11	57519	买盘
14:08:50	52.28	0.01	12	65402	买盘
14:08:46	52.27	0.01	32	167368	买盘
14:08:41	52.26	--	2	10452	买盘
14:08:35	52.26	--	16	83616	卖盘
14:08:31	52.26	--	13	67938	卖盘
14:08:26	52.26	-0.01	5	26130	卖盘
14:08:20	52.27	--	5	26135	买盘
14:08:16	52.27	--	5	26135	买盘
14:08:11	52.27	--	1	5227	卖盘
14:08:05	52.27	-0.01	14	73178	中性盘
14:08:01	52.28	0.03	15	78420	买盘
14:07:56	52.25	--	0	0	卖盘
14:07:50	52.25	--	20	104500	卖盘
14:07:46	52.25	-0.01	15	78375	卖盘
14:07:41	52.26	--	4	20904	买盘
14:07:35	52.26	-0.02	8	41808	卖盘
14:07:26	52.28	0.04	5	26140	中性盘
14:07:20	52.24	-0.09	24	125376	卖盘
14:07:16	52.33	--	5	26165	买盘
14:07:11	52.33	0.09	250	1308250	买盘
14:07:05	52.24	--	1	5224	买盘
14:07:01	52.24	--	3	15672	买盘
14:06:56	52.24	-0.06	123	642552	中性盘
14:06:50	52.3	--	65	339950	买盘
14:06:46	52.3	--	4	20920	买盘
14:06:41	52.3	0.08	140	732200	买盘
14:06:35	52.22	--	10	52220	买盘
14:06:30	52.22	--	110	574420	买盘
14:06:25	52.22	--	35	182770	买盘
14:06:20	52.22	--	0	0	买盘
14:06:15	52.22	0.02	10	52220	卖盘
14:06:05	52.2	-0.08	1	5220	卖盘
14:06:00	52.28	0.04	100	522800	买盘
14:05:55	52.24	--	4	20896	买盘
14:05:50	52.24	--	32	167168	卖盘
14:05:45	52.24	--	0	0	卖盘
14:05:35	52.24	-0.03	41	214184	卖盘
14:05:25	52.27	0.03	4	20908	买盘
14:05:20	52.24	0.04	31	161944	买盘
14:05:15	52.2	--	2	10440	买盘
14:05:00	52.2	--	5	26100	买盘
14:04:55	52.2	-0.04	33	172260	卖盘
14:04:50	52.24	--	4	20896	买盘
14:04:45	52.24	--	0	0	买盘
14:04:35	52.24	--	4	20896	买盘
14:04:30	52.24	--	0	0	买盘
14:04:20	52.24	0.07	1	5224	买盘
14:04:15	52.17	-0.11	55	286935	卖盘
14:04:05	52.28	--	1	5228	买盘
14:03:50	52.28	0.11	5	26140	买盘
14:03:45	52.17	-0.11	1	5217	中性盘
14:03:40	52.28	--	0	0	买盘
14:03:35	52.28	--	322	1683416	买盘
14:03:30	52.28	--	66	345048	买盘
14:03:20	52.28	0.14	3	15684	买盘
14:03:10	52.14	--	30	156420	买盘
14:03:05	52.14	-0.15	15	78210	卖盘
14:02:44	52.29	-0.01	4	20916	卖盘
14:02:40	52.3	--	5	26150	买盘
14:02:35	52.3	--	0	0	买盘
14:02:29	52.3	--	0	0	买盘
14:02:25	52.3	--	19	102455	卖盘
14:02:20	52.3	-0.02	13	67990	卖盘
14:02:14	52.32	--	14	73300	买盘
14:02:10	52.32	--	4	20928	买盘
14:02:05	52.32	0.01	2	10464	买盘
14:01:59	52.31	-0.01	25	130775	中性盘
14:01:50	52.32	0.01	4	20928	买盘
14:01:44	52.31	0.15	164	859976	买盘
14:01:40	52.16	--	1	5216	买盘
14:01:35	52.16	-0.04	7	36512	买盘
14:01:29	52.2	--	1	5220	买盘
14:01:25	52.2	0.05	2	10440	买盘
14:01:20	52.15	--	55	286825	买盘
14:01:14	52.15	-0.01	3	15645	买盘
14:01:05	52.16	0.04	3	15647	中性盘
14:00:59	52.12	-0.03	6	31272	卖盘
14:00:50	52.15	-0.04	6	31290	卖盘
14:00:35	52.19	0.04	5	26095	买盘
14:00:29	52.15	--	2	10430	买盘
14:00:25	52.15	--	4	20860	买盘
14:00:14	52.15	--	31	161665	买盘
14:00:09	52.15	--	40	208600	买盘
14:00:05	52.15	--	1	5215	买盘
13:59:59	52.15	0.04	2	10430	买盘
13:59:44	52.11	--	0	0	卖盘
13:59:39	52.11	--	2	10422	卖盘
13:59:34	52.11	--	6	31266	卖盘
13:59:29	52.11	--	44	229284	卖盘
13:59:24	52.11	--	1	5211	卖盘
13:59:19	52.11	0.01	1	5211	卖盘
13:59:14	52.1	0.04	10	52100	卖盘
13:59:09	52.06	--	78	406068	卖盘
13:59:04	52.06	--	1	5206	卖盘
13:58:59	52.06	-0.05	13	67678	卖盘
13:58:49	52.11	-0.09	1	5211	卖盘
13:58:44	52.2	--	1	5220	买盘
13:58:39	52.2	-0.04	23	120060	卖盘
13:58:24	52.24	-0.06	10	52240	卖盘
13:58:19	52.3	-0.03	2	10460	卖盘
13:58:14	52.33	0.03	10	52330	买盘
13:58:09	52.3	-0.03	6	31380	卖盘
13:58:04	52.33	--	13	68029	卖盘
13:57:59	52.33	--	14	73262	卖盘
13:57:54	52.33	--	14	73262	卖盘
13:57:49	52.33	-0.01	1	5233	卖盘
13:57:44	52.34	-0.02	1	5234	卖盘
13:57:39	52.36	0.01	53	277508	买盘
13:57:34	52.35	-0.03	2	10470	买盘
13:57:29	52.38	0.01	52	272376	买盘
13:57:24	52.37	--	87	455619	买盘
13:57:19	52.37	0.01	5	26185	买盘
13:57:14	52.36	-0.01	15	78540	卖盘
13:57:09	52.37	0.01	16	83792	买盘
13:57:04	52.36	-0.02	2	10472	卖盘
13:56:59	52.38	0.02	16	83808	买盘
13:56:54	52.36	0.02	6	31416	中性盘
13:56:49	52.34	-0.05	47	245998	卖盘
13:56:44	52.39	0.04	85	445315	买盘
13:56:39	52.35	-0.03	27	141345	卖盘
13:56:29	52.38	0.08	28	146664	买盘
13:56:23	52.3	--	19	99370	卖盘
13:56:19	52.3	--	35	183050	买盘
13:56:14	52.3	0.02	50	261500	买盘
13:56:08	52.28	0.04	12	62736	买盘
13:56:04	52.24	0.04	113	590312	买盘
13:55:59	52.2	--	22	114840	卖盘
13:55:53	52.2	--	7	36540	买盘
13:55:49	52.2	0.02	50	261000	买盘
13:55:44	52.18	--	20	104360	买盘
13:55:38	52.18	0.08	3	15654	买盘
13:55:34	52.1	--	34	177140	卖盘
13:55:29	52.1	-0.03	26	135460	卖盘
13:55:23	52.13	0.03	43	224159	买盘
13:55:19	52.1	--	1	5210	卖盘
13:55:14	52.1	--	6	31260	卖盘
13:55:08	52.1	0.05	11	57310	买盘
13:55:04	52.05	--	2	10410	买盘
13:54:59	52.05	--	15	78075	卖盘
13:54:53	52.05	-0.01	7	36435	卖盘
13:54:49	52.06	0.01	1	5206	买盘
13:54:44	52.05	-0.01	71	369555	卖盘
13:54:38	52.06	0.01	7	36442	买盘
13:54:34	52.05	--	2	10410	卖盘
13:54:29	52.05	--	8	41640	卖盘
13:54:23	52.05	--	60	312300	买盘
13:54:14	52.05	0.02	4	20820	中性盘
13:54:08	52.03	-0.03	14	72842	卖盘
13:54:04	52.06	--	3	15618	买盘
13:53:59	52.06	-0.04	11	57266	卖盘
13:53:53	52.1	-0.03	6	31260	中性盘
13:53:49	52.13	0.07	1	5213	买盘
13:53:33	52.06	--	20	104120	卖盘
13:53:29	52.06	-0.07	3	15618	卖盘
13:53:18	52.13	0.07	9	46917	买盘
13:53:13	52.06	--	0	0	买盘
13:53:08	52.06	--	34	177004	买盘
13:53:03	52.06	--	3	15618	卖盘
13:52:53	52.06	0.01	22	114532	中性盘
13:52:48	52.05	--	1	5205	卖盘
13:52:38	52.05	--	4	20820	买盘
13:52:33	52.05	0.02	16	83280	中性盘
13:52:28	52.03	--	1	5203	卖盘
13:52:23	52.03	0.01	47	244541	卖盘
13:52:18	52.02	--	5	26010	卖盘
13:52:13	52.02	--	0	0	卖盘
13:52:03	52.02	--	3	15606	卖盘
13:51:58	52.02	-0.11	1	5202	卖盘
13:51:53	52.13	0.11	6	31278	买盘
13:51:48	52.02	0.01	81	421362	买盘
13:51:43	52.01	--	3	15603	卖盘
13:51:38	52.01	--	46	239246	买盘
13:51:33	52.01	--	5	26005	买盘
13:51:28	52.01	--	12	62412	买盘
13:51:23	52.01	-0.01	10	52010	卖盘
13:51:08	52.02	-0.11	47	244494	卖盘
13:51:03	52.13	--	5	26065	买盘
13:50:58	52.13	0.01	7	36491	卖盘
13:50:53	52.12	-0.01	29	151148	卖盘
13:50:48	52.13	--	2	10426	买盘
13:50:43	52.13	0.01	4	20852	买盘
13:50:38	52.12	-0.01	3	15636	卖盘
13:50:33	52.13	-0.05	35	182455	中性盘
13:50:28	52.18	0.04	46	240028	买盘
13:50:23	52.14	--	77	401478	买盘
13:50:18	52.14	-0.04	5	26070	卖盘
13:50:13	52.18	--	2	10436	买盘
13:50:08	52.18	--	18	93924	卖盘
13:50:02	52.18	--	3	15654	卖盘
13:49:58	52.18	--	3	15654	卖盘
13:49:53	52.18	-0.02	2	10436	卖盘
13:49:47	52.2	0.02	5	26100	中性盘
13:49:43	52.18	-0.04	10	52180	卖盘
13:49:38	52.22	--	4	20888	卖盘
13:49:32	52.22	-0.01	12	62664	卖盘
13:49:28	52.23	--	1	5223	买盘
13:49:23	52.23	0.01	1	5223	买盘
13:49:17	52.22	--	18	93996	买盘
13:49:13	52.22	0.02	52	271544	买盘
13:49:08	52.2	-0.02	28	146160	卖盘
13:49:02	52.22	-0.01	21	109662	卖盘
13:48:53	52.23	-0.01	33	172359	卖盘
13:48:47	52.24	0.01	35	182840	买盘
13:48:43	52.23	--	2	10446	卖盘
13:48:38	52.23	-0.01	6	31337	卖盘
13:48:32	52.24	0.01	16	83584	买盘
13:48:23	52.23	-0.05	8	41784	卖盘
13:48:17	52.28	-0.12	12	62736	中性盘
13:48:13	52.4	0.1	300	1572000	买盘
13:48:08	52.3	0.01	8	41840	买盘
13:48:02	52.29	-0.01	2	10458	买盘
13:47:58	52.3	0.07	10	52300	买盘
13:47:53	52.23	--	3	15668	卖盘
13:47:47	52.23	-0.07	4	20892	卖盘
13:47:43	52.3	--	15	83209	卖盘
13:47:38	52.3	--	40	211605	卖盘
13:47:32	52.3	--	6	31380	卖盘
13:47:28	52.3	--	2	10460	卖盘
13:47:23	52.3	0.07	248	1300334	买盘
13:47:17	52.23	0.01	22	114906	买盘
13:47:08	52.22	0.02	4	20888	中性盘
13:47:02	52.2	-0.03	43	224460	卖盘
13:46:53	52.23	0.03	7	36561	买盘
13:46:47	52.2	--	9	46980	卖盘
13:46:42	52.2	--	16	83520	买盘
13:46:32	52.2	0.02	53	276660	买盘
13:46:27	52.18	--	5	26090	买盘
13:46:17	52.18	-0.02	20	104360	卖盘
13:46:12	52.2	0.02	7	36540	买盘
13:45:57	52.18	0.04	35	182630	买盘
13:45:52	52.14	--	2	10428	买盘
13:45:47	52.14	--	2	10428	买盘
13:45:42	52.14	0.02	32	166848	买盘
13:45:37	52.12	-0.01	1	5212	卖盘
13:45:32	52.13	--	13	67769	卖盘
13:45:22	52.13	-0.01	2	10478	卖盘
13:45:17	52.14	0.01	5	26070	买盘
13:45:12	52.13	0.01	3	15639	买盘
13:45:07	52.12	--	5	26060	卖盘
13:45:02	52.12	0.04	68	354416	买盘
13:44:57	52.08	--	1	5208	买盘
13:44:52	52.08	-0.01	30	156240	卖盘
13:44:47	52.09	0.01	1	5209	买盘
13:44:42	52.08	--	2	10416	卖盘
13:44:32	52.08	0.02	7	36456	买盘
13:44:27	52.06	-0.02	19	98914	卖盘
13:44:22	52.08	--	1	5208	买盘
13:44:17	52.08	--	4	20832	买盘
13:44:12	52.08	--	16	83328	卖盘
13:44:02	52.08	--	19	98952	买盘
13:43:57	52.08	--	21	109368	买盘
13:43:47	52.08	0.01	4	20832	买盘
13:43:37	52.07	--	0	0	买盘
13:43:32	52.07	0.02	65	338455	买盘
13:43:26	52.05	0.01	1	5205	中性盘
13:43:22	52.04	--	7	36428	买盘
13:43:17	52.04	0.02	3	15612	买盘
13:43:11	52.02	-0.02	50	260100	卖盘
13:43:02	52.04	--	3	15612	买盘
13:42:56	52.04	--	4	20816	买盘
13:42:52	52.04	--	14	72856	卖盘
13:42:47	52.04	0.03	6	31224	卖盘
13:42:41	52.01	-0.01	4	20804	卖盘
13:42:37	52.02	--	1	5202	买盘
13:42:32	52.02	--	7	36414	买盘
13:42:26	52.02	--	14	72828	买盘
13:42:22	52.02	--	2	10404	卖盘
13:42:17	52.02	-0.01	22	114444	卖盘
13:42:11	52.03	--	5	26015	买盘
13:42:07	52.03	-0.04	1	5203	卖盘
13:42:02	52.07	--	9	46863	买盘
13:41:56	52.07	--	5	26035	买盘
13:41:52	52.07	-0.01	6	31242	卖盘
13:41:47	52.08	--	3	15624	买盘
13:41:41	52.08	-0.02	149	775992	卖盘
13:41:37	52.1	0.01	3	15630	买盘
13:41:32	52.09	0.01	3	15627	中性盘
13:41:26	52.08	-0.02	1	5208	卖盘
13:41:22	52.1	0.01	4	20840	买盘
13:41:17	52.09	0.01	13	67717	中性盘
13:41:11	52.08	--	45	234360	卖盘
13:41:07	52.08	--	46	239568	卖盘
13:41:02	52.08	--	10	52080	卖盘
13:40:56	52.08	--	7	36456	卖盘
13:40:52	52.08	--	30	156240	卖盘
13:40:47	52.08	--	47	245817	买盘
13:40:41	52.08	--	1	5208	买盘
13:40:32	52.08	--	14	77078	卖盘
13:40:21	52.08	--	10	53121	买盘
13:40:11	52.08	--	9	46872	买盘
13:40:06	52.08	--	20	108326	卖盘
13:39:56	52.08	-0.02	2	10416	卖盘
13:39:51	52.1	0.02	11	57310	买盘
13:39:46	52.08	--	46	239568	卖盘
13:39:36	52.08	-0.02	59	307272	卖盘
13:39:26	52.1	0.02	23	119830	买盘
13:39:21	52.08	-0.02	3	15624	卖盘
13:39:16	52.1	0.02	5	26050	买盘
13:39:11	52.08	--	30	156240	卖盘
13:39:06	52.08	--	8	41664	卖盘
13:39:01	52.08	--	43	223944	卖盘
13:38:56	52.08	--	15	79161	卖盘
13:38:51	52.08	--	10	52080	卖盘
13:38:46	52.08	--	9	46872	卖盘
13:38:41	52.08	--	58	302064	买盘
13:38:36	52.08	--	20	104160	买盘
13:38:31	52.08	--	12	62496	买盘
13:38:26	52.08	--	30	156240	买盘
13:38:21	52.08	0.02	70	364560	买盘
13:38:16	52.06	--	2	10412	卖盘
13:38:11	52.06	-0.02	11	57266	卖盘
13:38:06	52.08	0.02	8	41664	买盘
13:38:01	52.06	--	1	5206	卖盘
13:37:56	52.06	0.04	35	182210	买盘
13:37:51	52.02	--	20	104040	买盘
13:37:46	52.02	--	3	15606	买盘
13:37:41	52.02	0.01	48	249696	买盘
13:37:36	52.01	--	2	10402	卖盘
13:37:31	52.01	-0.01	12	62412	卖盘
13:37:21	52.02	0.01	55	286110	买盘
13:37:11	52.01	-0.03	12	62412	卖盘
13:36:56	52.04	-0.01	12	62448	卖盘
13:36:50	52.05	--	1	5205	买盘
13:36:46	52.05	--	4	20820	买盘
13:36:41	52.05	--	5	26025	买盘
13:36:35	52.05	-0.01	4	20820	卖盘
13:36:26	52.06	--	14	72884	买盘
13:36:20	52.06	--	3	15618	买盘
13:36:16	52.06	--	10	52060	卖盘
13:36:05	52.06	--	8	41648	买盘
13:36:01	52.06	--	0	0	买盘
13:35:56	52.06	0.05	2	10412	买盘
13:35:50	52.01	-0.01	9	46809	卖盘
13:35:46	52.02	--	0	0	中性盘
13:35:41	52.02	-0.02	18	93636	卖盘
13:35:35	52.04	0.02	14	72856	买盘
13:35:31	52.02	--	55	286110	买盘
13:35:20	52.02	--	24	124848	买盘
13:35:16	52.02	--	19	98838	卖盘
13:35:11	52.02	--	5	26010	卖盘
13:35:05	52.02	--	3	15606	卖盘
13:35:01	52.02	0.01	5	26010	中性盘
13:34:56	52.01	--	79	410879	卖盘
13:34:50	52.01	--	58	301658	卖盘
13:34:46	52.01	-0.01	31	161231	卖盘
13:34:41	52.02	--	4	20808	买盘
13:34:35	52.02	--	15	78030	买盘
13:34:31	52.02	0.01	23	119646	买盘
13:34:26	52.01	0.03	68	353668	买盘
13:34:16	51.98	-0.01	42	218316	卖盘
13:34:11	51.99	--	263	1367337	买盘
13:34:05	51.99	--	11	57189	卖盘
13:34:00	51.99	-0.01	1	5199	卖盘
13:33:55	52.0	--	1	5200	买盘
13:33:50	52.0	--	5	26000	买盘
13:33:45	52.0	--	5	26000	卖盘
13:33:40	52.0	-0.01	14	72800	卖盘
13:33:35	52.01	0.01	19	98819	买盘
13:33:30	52.0	-0.01	44	228800	卖盘
13:33:15	52.01	--	28	145628	卖盘
13:33:10	52.01	-0.01	57	296457	卖盘
13:33:05	52.02	-0.01	4	20808	买盘
13:33:00	52.03	0.01	19	98857	买盘
13:32:55	52.02	-0.02	2	10404	卖盘
13:32:50	52.04	0.01	6	31224	买盘
13:32:45	52.03	--	1	5203	买盘
13:32:40	52.03	-0.02	15	78045	卖盘
13:32:35	52.05	0.01	15	78075	买盘
13:32:30	52.04	--	34	176936	卖盘
13:32:25	52.04	--	1	5204	卖盘
13:32:20	52.04	--	17	88468	卖盘
13:32:15	52.04	--	64	333056	卖盘
13:32:10	52.04	-0.01	41	213364	卖盘
13:32:05	52.05	0.01	7	36435	买盘
13:32:00	52.04	-0.01	82	426728	卖盘
13:31:50	52.05	-0.03	40	210490	卖盘
13:31:45	52.08	0.02	12	62496	买盘
13:31:40	52.06	--	4	20824	买盘
13:31:35	52.06	0.01	4	20824	买盘
13:31:30	52.05	-0.03	54	281070	卖盘
13:31:25	52.08	0.02	1	5208	买盘
13:31:15	52.06	-0.02	24	124944	卖盘
13:31:10	52.08	-0.03	2	10416	卖盘
13:31:05	52.11	--	27	140697	买盘
13:30:55	52.11	--	2	10422	买盘
13:30:50	52.11	--	9	46899	卖盘
13:30:44	52.11	--	13	67743	卖盘
13:30:35	52.11	-0.02	39	203229	卖盘
13:30:29	52.13	--	18	93834	卖盘
13:30:25	52.13	--	3	15639	卖盘
13:30:14	52.13	-0.01	1	5213	卖盘
13:30:10	52.14	0.01	10	52140	买盘
13:30:05	52.13	-0.01	32	166816	卖盘
13:29:50	52.14	--	14	72996	卖盘
13:29:44	52.14	--	7	36498	卖盘
13:29:40	52.14	--	5	26070	卖盘
13:29:35	52.14	--	30	156420	买盘
13:29:29	52.14	--	13	67782	买盘
13:29:20	52.14	--	12	62568	卖盘
13:29:14	52.14	--	3	15642	卖盘
13:29:10	52.14	-0.01	1	5214	卖盘
13:29:05	52.15	--	25	130375	卖盘
13:28:55	52.15	-0.02	19	99085	卖盘
13:28:50	52.17	-0.01	5	26085	卖盘
13:28:44	52.18	0.03	14	73052	买盘
13:28:40	52.15	--	23	119945	卖盘
13:28:35	52.15	-0.03	5	26075	卖盘
13:28:29	52.18	0.03	20	104360	买盘
13:28:20	52.15	-0.03	49	255535	卖盘
13:28:14	52.18	0.03	2	10436	卖盘
13:28:10	52.15	--	1	5215	卖盘
13:28:05	52.15	-0.03	10	52150	卖盘
13:27:44	52.18	--	49	255682	买盘
13:27:34	52.18	-0.04	35	182630	卖盘
13:27:29	52.22	0.04	109	569198	买盘
13:27:24	52.18	-0.02	14	73052	卖盘
13:27:19	52.2	--	2	10440	买盘
13:27:14	52.2	--	10	52200	买盘
13:27:09	52.2	0.02	1	5220	买盘
13:27:04	52.18	--	5	26090	卖盘
13:26:59	52.18	0.03	14	73052	买盘
13:26:54	52.15	--	1	5215	卖盘
13:26:44	52.15	0.01	13	67795	买盘
13:26:39	52.14	-0.01	39	203346	卖盘
13:26:34	52.15	--	1	5215	买盘
13:26:29	52.15	--	2	10430	买盘
13:26:19	52.15	--	8	41720	买盘
13:26:14	52.15	--	4	20860	买盘
13:26:09	52.15	0.01	36	187740	买盘
13:25:59	52.14	-0.01	11	57354	中性盘
13:25:54	52.15	0.01	8	41720	买盘
13:25:49	52.14	--	2	10428	买盘
13:25:44	52.14	--	12	62568	买盘
13:25:39	52.14	-0.01	51	265914	买盘
13:25:29	52.15	0.04	12	62580	买盘
13:25:24	52.11	--	1	5211	买盘
13:25:19	52.11	--	2	10422	买盘
13:25:14	52.11	0.01	9	49817	买盘
13:25:09	52.1	-0.05	18	96072	卖盘
13:24:59	52.15	0.01	2	10430	买盘
13:24:54	52.14	-0.01	3	15642	买盘
13:24:49	52.15	0.05	30	156450	买盘
13:24:44	52.1	-0.04	400	2084000	卖盘
13:24:39	52.14	0.02	19	99066	买盘
13:24:34	52.12	0.01	111	581450	买盘
13:24:29	52.11	0.01	41	213651	中性盘
13:24:23	52.1	-0.01	22	114620	卖盘
13:24:19	52.11	--	4	20844	中性盘
13:24:14	52.11	--	24	125064	卖盘
13:24:08	52.11	0.01	25	130275	买盘
13:24:04	52.1	--	4	20840	卖盘
13:23:59	52.1	--	19	98990	卖盘
13:23:53	52.1	--	17	88570	卖盘
13:23:49	52.1	-0.01	1	5210	卖盘
13:23:44	52.11	0.01	14	72954	买盘
13:23:38	52.1	--	0	0	卖盘
13:23:29	52.1	-0.01	20	104200	卖盘
13:23:23	52.11	-0.01	4	20844	卖盘
13:23:19	52.12	0.01	1	5212	买盘
13:23:14	52.11	-0.01	4	20844	卖盘
13:23:08	52.12	--	2	10424	买盘
13:22:59	52.12	--	67	351497	卖盘
13:22:53	52.12	--	13	67756	卖盘
13:22:49	52.12	--	2	10424	卖盘
13:22:44	52.12	--	7	36484	卖盘
13:22:38	52.12	--	26	135512	卖盘
13:22:29	52.12	--	71	372970	卖盘
13:22:23	52.12	-0.01	12	62544	卖盘
13:22:19	52.13	0.01	3	15639	买盘
13:22:14	52.12	--	13	67756	卖盘
13:22:08	52.12	--	9	46908	卖盘
13:22:03	52.12	--	2	10424	卖盘
13:21:59	52.12	--	2	10424	卖盘
13:21:53	52.12	--	44	229328	买盘
13:21:49	52.12	--	30	156360	买盘
13:21:44	52.12	0.01	21	109452	买盘
13:21:38	52.11	-0.01	24	125064	卖盘
13:21:34	52.12	-0.01	2	10424	中性盘
13:21:29	52.13	0.01	35	182455	买盘
13:21:23	52.12	0.01	3	15636	买盘
13:21:18	52.11	-0.01	1	5211	卖盘
13:21:13	52.12	-0.01	10	52120	卖盘
13:21:03	52.13	--	6	31278	卖盘
13:20:58	52.13	-0.02	1	5213	卖盘
13:20:53	52.15	--	3	15645	买盘
13:20:48	52.15	--	5	26075	卖盘
13:20:38	52.15	--	2	10430	卖盘
13:20:33	52.15	-0.03	13	67795	卖盘
13:20:23	52.18	--	1	5218	买盘
13:20:18	52.18	--	1	5218	卖盘
13:20:13	52.18	--	4	20872	卖盘
13:20:08	52.18	-0.02	13	67834	卖盘
13:20:03	52.2	--	3	15660	买盘
13:19:53	52.2	-0.02	45	234900	卖盘
13:19:48	52.22	--	11	57442	买盘
13:19:38	52.22	-0.01	5	26110	卖盘
13:19:28	52.23	--	2	10446	买盘
13:19:23	52.23	-0.03	3	15668	卖盘
13:19:18	52.26	--	10	52260	买盘
13:19:13	52.26	--	5	28063	卖盘
13:19:08	52.26	--	30	156780	卖盘
13:19:03	52.26	--	19	99294	卖盘
13:18:58	52.26	--	3	15678	卖盘
13:18:53	52.26	--	4	20904	卖盘
13:18:48	52.26	--	4	20904	卖盘
13:18:43	52.26	--	2	10452	卖盘
13:18:38	52.26	--	5	26130	卖盘
13:18:33	52.26	0.01	47	245622	买盘
13:18:28	52.25	-0.01	20	104500	卖盘
13:18:23	52.26	--	21	109746	买盘
13:18:18	52.26	0.01	15	78390	买盘
13:18:13	52.25	--	1	5225	卖盘
13:18:08	52.25	--	17	88825	卖盘
13:18:03	52.25	-0.01	12	62700	卖盘
13:17:58	52.26	0.01	4	20904	买盘
13:17:53	52.25	-0.01	1	5225	卖盘
13:17:47	52.26	--	1	5226	买盘
13:17:43	52.26	--	94	491244	卖盘
13:17:38	52.26	--	3	15678	卖盘
13:17:32	52.26	--	5	26130	卖盘
13:17:28	52.26	-0.01	5	26130	卖盘
13:17:23	52.27	--	1	5227	卖盘
13:17:17	52.27	-0.02	4	20908	中性盘
13:17:13	52.29	0.03	26	135954	买盘
13:17:08	52.26	--	26	135876	卖盘
13:17:02	52.26	--	6	31356	卖盘
13:16:58	52.26	0.01	68	355368	买盘
13:16:53	52.25	--	9	47025	卖盘
13:16:47	52.25	-0.01	2	10450	卖盘
13:16:43	52.26	0.01	13	67938	卖盘
13:16:38	52.25	--	0	0	卖盘
13:16:32	52.25	-0.01	132	689700	卖盘
13:16:28	52.26	-0.01	8	41808	卖盘
13:16:23	52.27	--	21	109767	卖盘
13:16:17	52.27	-0.02	14	73178	卖盘
13:16:13	52.29	0.02	1	5229	买盘
13:16:08	52.27	-0.02	29	151583	卖盘
13:16:02	52.29	--	3	15687	卖盘
13:15:58	52.29	0.03	1	5229	卖盘
13:15:47	52.26	--	14	73164	卖盘
13:15:43	52.26	--	7	36582	卖盘
13:15:38	52.26	-0.01	16	83616	卖盘
13:15:32	52.27	0.01	8	41816	中性盘
13:15:28	52.26	-0.04	33	172458	卖盘
13:15:22	52.3	0.04	6	31380	买盘
13:15:17	52.26	--	1	5226	卖盘
13:15:12	52.26	--	1	5226	卖盘
13:15:08	52.26	--	24	125424	卖盘
13:15:02	52.26	--	1	5226	卖盘
13:14:57	52.26	--	3	15678	卖盘
13:14:52	52.26	-0.01	3	15678	卖盘
13:14:42	52.27	-0.08	1	5227	卖盘
13:14:37	52.35	0.05	9	47115	买盘
13:14:32	52.3	-0.08	34	177820	卖盘
13:14:27	52.38	-0.01	8	41904	中性盘
13:14:22	52.39	0.02	18	94302	买盘
13:14:17	52.37	-0.03	31	162347	卖盘
13:14:12	52.4	--	55	288200	买盘
13:14:07	52.4	-0.04	8	41920	卖盘
13:14:02	52.44	0.01	86	450984	买盘
13:13:57	52.43	0.03	16	83888	中性盘
13:13:52	52.4	-0.02	30	157200	卖盘
13:13:47	52.42	0.02	21	110082	卖盘
13:13:42	52.4	--	36	188640	卖盘
13:13:32	52.4	-0.04	7	36680	卖盘
13:13:27	52.44	0.05	8	41952	买盘
13:13:22	52.39	--	0	0	卖盘
13:13:17	52.39	-0.06	3	15717	卖盘
13:13:12	52.45	0.06	25	131125	买盘
13:13:07	52.39	--	1	5239	卖盘
13:13:02	52.39	0.01	8	41912	买盘
13:12:57	52.38	--	5	26190	卖盘
13:12:52	52.38	--	3	15714	卖盘
13:12:47	52.38	--	20	104760	买盘
13:12:42	52.38	0.03	6	31428	买盘
13:12:37	52.35	-0.03	12	62820	卖盘
13:12:32	52.38	0.03	28	146664	买盘
13:12:27	52.35	--	10	52350	买盘
13:12:22	52.35	--	0	0	买盘
13:12:17	52.35	0.03	23	120405	买盘
13:12:12	52.32	0.02	47	249200	买盘
13:12:07	52.3	0.01	61	319030	买盘
13:12:02	52.29	--	6	31374	卖盘
13:11:57	52.29	0.04	8	41832	买盘
13:11:42	52.25	0.01	113	590425	买盘
13:11:32	52.24	-0.01	37	193288	卖盘
13:11:27	52.25	0.01	20	104500	买盘
13:11:22	52.24	--	1	5224	卖盘
13:11:17	52.24	--	5	26120	卖盘
13:11:11	52.24	0.02	13	67912	买盘
13:11:02	52.22	-0.02	1	5222	卖盘
13:10:56	52.24	--	0	0	买盘
13:10:41	52.24	--	10	52240	中性盘
13:10:37	52.24	--	8	41792	卖盘
13:10:32	52.24	--	2	10448	卖盘
13:10:26	52.24	--	15	78360	卖盘
13:10:17	52.24	-0.01	27	141048	卖盘
13:10:11	52.25	0.01	5	26125	买盘
13:10:07	52.24	--	7	36568	卖盘
13:10:02	52.24	0.02	122	637328	买盘
13:09:56	52.22	-0.02	5	26110	卖盘
13:09:52	52.24	--	1	5224	买盘
13:09:47	52.24	--	16	83584	买盘
13:09:41	52.24	0.02	10	52240	买盘
13:09:37	52.22	-0.02	1	5222	卖盘
13:09:32	52.24	-0.01	5	26120	卖盘
13:09:26	52.25	--	0	0	买盘
13:09:22	52.25	--	1	5225	买盘
13:09:17	52.25	0.05	22	114950	买盘
13:09:11	52.2	-0.01	30	156600	卖盘
13:09:07	52.21	-0.04	6	31326	卖盘
13:09:02	52.25	--	42	219450	买盘
13:08:56	52.25	--	2	10450	买盘
13:08:47	52.25	0.01	57	297825	买盘
13:08:41	52.24	0.04	100	522400	买盘
13:08:32	52.2	0.01	7	36540	买盘
13:08:26	52.19	--	19	99161	卖盘
13:08:21	52.19	-0.01	22	114818	卖盘
13:08:17	52.2	0.01	19	99180	买盘
13:08:11	52.19	-0.01	3	15657	卖盘
13:08:06	52.2	0.01	7	36540	买盘
13:08:01	52.19	--	6	31314	卖盘
13:07:56	52.19	--	5	26095	卖盘
13:07:51	52.19	--	6	31314	卖盘
13:07:41	52.19	0.02	53	276607	买盘
13:07:36	52.17	0.02	3	15651	中性盘
13:07:26	52.15	-0.02	10	52150	卖盘
13:07:21	52.17	0.01	15	78255	买盘
13:07:11	52.16	--	1	5216	买盘
13:07:06	52.16	-0.01	41	213856	卖盘
13:06:56	52.17	0.01	9	46953	买盘
13:06:51	52.16	--	7	36512	卖盘
13:06:46	52.16	--	6	31295	卖盘
13:06:36	52.16	--	3	15647	卖盘
13:06:31	52.16	--	10	52160	卖盘
13:06:21	52.16	--	1	5216	卖盘
13:06:16	52.16	-0.04	6	31295	卖盘
13:06:11	52.2	0.04	102	532440	买盘
13:06:06	52.16	--	12	62591	买盘
13:05:56	52.16	--	22	114751	买盘
13:05:51	52.16	-0.02	6	31295	卖盘
13:05:41	52.18	--	18	93924	买盘
13:05:36	52.18	0.03	1	5218	买盘
13:05:31	52.15	-0.03	2	10430	卖盘
13:05:26	52.18	--	4	20872	卖盘
13:05:21	52.18	--	12	62616	卖盘
13:05:11	52.18	0.02	193	1007074	买盘
13:05:06	52.16	--	2	10432	卖盘
13:05:01	52.16	-0.04	3	15647	卖盘
13:04:56	52.2	0.02	2	10440	买盘
13:04:51	52.18	-0.02	11	57398	卖盘
13:04:41	52.2	-0.01	11	57420	卖盘
13:04:36	52.21	--	6	31326	买盘
13:04:31	52.21	--	6	31326	卖盘
13:04:26	52.21	-0.02	10	52210	卖盘
13:04:20	52.23	--	2	10446	买盘
13:04:16	52.23	--	1	5223	买盘
13:04:11	52.23	--	5	26115	买盘
13:04:05	52.23	--	12	62675	中性盘
13:04:01	52.23	--	1	5223	买盘
13:03:56	52.23	--	14	73122	买盘
13:03:50	52.23	0.03	22	114906	买盘
13:03:46	52.2	-0.03	2	10440	卖盘
13:03:41	52.23	--	2	10446	卖盘
13:03:35	52.23	-0.01	5	26115	卖盘
13:03:31	52.24	0.03	13	67912	买盘
13:03:26	52.21	--	81	422901	卖盘
13:03:20	52.21	--	3	15663	卖盘
13:03:16	52.21	--	21	109641	卖盘
13:03:11	52.21	--	10	52210	卖盘
13:03:05	52.21	--	17	88757	卖盘
13:03:01	52.21	--	11	57431	卖盘
13:02:56	52.21	--	13	67873	卖盘
13:02:50	52.21	--	34	177514	卖盘
13:02:31	52.21	0.01	7	36547	卖盘
13:02:26	52.2	--	37	193140	中性盘
13:02:20	52.2	-0.01	6	31320	卖盘
13:02:16	52.21	0.01	3	15663	买盘
13:02:11	52.2	-0.01	6	31320	卖盘
13:02:05	52.21	--	28	146188	卖盘
13:02:01	52.21	0.06	2	10442	卖盘
13:01:50	52.15	--	0	0	卖盘
13:01:45	52.15	-0.06	5	26075	卖盘
13:01:41	52.21	--	1	5221	买盘
13:01:35	52.21	--	11	57431	买盘
13:01:30	52.21	-0.03	23	120083	中性盘
13:01:25	52.24	-0.01	1	5224	买盘
13:01:20	52.25	0.04	3	15675	买盘
13:01:15	52.21	-0.03	138	720498	卖盘
13:01:10	52.24	-0.01	55	287320	中性盘
13:01:05	52.25	0.01	21	109725	买盘
13:01:00	52.24	--	5	26120	卖盘
13:00:55	52.24	--	3	15672	卖盘
13:00:50	52.24	--	3	15672	卖盘
13:00:45	52.24	0.03	16	83584	中性盘
13:00:40	52.21	-0.04	2	10442	卖盘
13:00:35	52.25	0.04	9	47025	买盘
13:00:30	52.21	--	7	36547	买盘
13:00:25	52.21	0.08	6	31326	买盘
13:00:20	52.13	--	0	0	卖盘
13:00:15	52.13	0.03	46	239798	中性盘
13:00:10	52.1	--	12	62520	卖盘
13:00:05	52.1	0.09	366	1906860	买盘
11:30:00	52.01	--	0	0	卖盘
11:30:00	52.01	--	0	0	卖盘
11:30:00	52.01	0.01	2	10402	买盘
11:29:57	52.0	--	6	31200	卖盘
11:29:52	52.0	--	15	78000	买盘
11:29:47	52.0	--	1	5200	卖盘
11:29:42	52.0	--	22	114400	买盘
11:29:37	52.0	--	47	244400	买盘
11:29:32	52.0	--	47	244400	买盘
11:29:27	52.0	0.01	86	447200	买盘
11:29:22	51.99	-0.01	2	10398	中性盘
11:29:17	52.0	--	46	239200	买盘
11:29:12	52.0	--	339	1762800	买盘
11:29:07	52.0	0.02	12	62400	买盘
11:29:02	51.98	-0.02	83	431434	中性盘
11:28:57	52.0	--	79	410800	买盘
11:28:52	52.0	0.02	152	790400	买盘
11:28:46	51.98	0.02	39	202722	买盘
11:28:42	51.96	--	47	244212	卖盘
11:28:36	51.96	0.05	40	207840	买盘
11:28:31	51.91	--	1	5191	卖盘
11:28:27	51.91	--	10	51910	卖盘
11:28:21	51.91	--	10	51910	买盘
11:28:16	51.91	--	6	31145	买盘
11:28:12	51.91	0.01	1	5191	买盘
11:28:06	51.9	--	5	25950	卖盘
11:28:01	51.9	--	14	72660	卖盘
11:27:56	51.9	-0.01	27	140130	卖盘
11:27:51	51.91	0.01	2	10382	买盘
11:27:46	51.9	--	16	83040	卖盘
11:27:41	51.9	--	19	98610	买盘
11:27:31	51.9	--	1	5190	买盘
11:27:26	51.9	-0.06	22	114180	卖盘
11:27:21	51.96	--	0	0	买盘
11:27:16	51.96	0.06	29	150684	买盘
11:27:11	51.9	-0.06	10	51900	卖盘
11:27:06	51.96	0.06	12	62352	买盘
11:27:01	51.9	--	40	207600	卖盘
11:26:56	51.9	-0.07	3	15570	卖盘
11:26:51	51.97	0.01	16	83152	买盘
11:26:46	51.96	--	32	166272	卖盘
11:26:41	51.96	0.08	95	493620	买盘
11:26:36	51.88	--	11	57068	买盘
11:26:31	51.88	-0.02	21	108948	卖盘
11:26:26	51.9	0.01	12	62280	买盘
11:26:16	51.89	0.01	24	124536	买盘
11:26:11	51.88	-0.02	22	114136	买盘
11:26:06	51.9	--	2	10380	买盘
11:26:01	51.9	--	6	31140	买盘
11:25:56	51.9	--	1	5190	买盘
11:25:46	51.9	-0.07	14	72660	卖盘
11:25:41	51.97	0.07	5	25985	买盘
11:25:36	51.9	-0.07	1	5190	卖盘
11:25:31	51.97	--	64	332608	卖盘
11:25:26	51.97	0.01	4	20788	买盘
11:25:21	51.96	-0.01	41	213036	卖盘
11:25:16	51.97	--	34	176698	卖盘
11:25:11	51.97	0.01	36	187092	买盘
11:25:06	51.96	0.12	5	25980	买盘
11:25:01	51.84	-0.12	36	186624	卖盘
11:24:56	51.96	0.04	6	31176	中性盘
11:24:51	51.92	-0.03	29	150568	卖盘
11:24:46	51.95	-0.01	4	20780	卖盘
11:24:41	51.96	--	5	25980	买盘
11:24:36	51.96	--	3	15588	买盘
11:24:26	51.96	0.06	48	249408	买盘
11:24:21	51.9	--	0	0	中性盘
11:24:16	51.9	--	0	0	卖盘
11:24:11	51.9	0.05	124	643560	买盘
11:24:06	51.85	-0.02	4	20740	买盘
11:24:01	51.87	--	0	0	买盘
11:23:56	51.87	0.03	182	944034	买盘
11:23:51	51.84	0.03	3	15552	买盘
11:23:46	51.81	--	2	10362	买盘
11:23:41	51.81	-0.04	1	5181	卖盘
11:23:36	51.85	0.04	49	254065	买盘
11:23:31	51.81	--	1	5181	买盘
11:23:26	51.81	--	9	46629	卖盘
11:23:21	51.81	--	3	15543	卖盘
11:23:11	51.81	0.03	66	341946	买盘
11:23:06	51.78	--	5	25890	买盘
11:22:56	51.78	--	6	31068	卖盘
11:22:41	51.78	-0.02	3	15534	卖盘
11:22:36	51.8	0.04	27	139860	买盘
11:22:31	51.76	--	42	217392	卖盘
11:22:26	51.76	-0.01	2	10352	卖盘
11:22:21	51.77	0.01	13	67301	买盘
11:22:16	51.76	--	2	10352	买盘
11:22:11	51.76	--	1	5176	买盘
11:22:06	51.76	-0.04	11	56936	卖盘
11:22:01	51.8	0.02	1	5180	买盘
11:21:55	51.78	-0.03	1	5178	买盘
11:21:51	51.81	--	5	25905	卖盘
11:21:45	51.81	0.01	2	10724	买盘
11:21:40	51.8	0.02	120	621600	买盘
11:21:36	51.78	-0.02	6	31068	卖盘
11:21:25	51.8	--	1	5180	买盘
11:21:20	51.8	--	6	31080	买盘
11:21:15	51.8	--	2	10360	买盘
11:21:10	51.8	--	1	5180	买盘
11:21:05	51.8	--	13	67340	买盘
11:20:55	51.8	--	1	5180	买盘
11:20:50	51.8	--	5	25900	买盘
11:20:45	51.8	0.02	10	51800	买盘
11:20:35	51.78	-0.01	24	124272	卖盘
11:20:30	51.79	0.02	6	31074	买盘
11:20:25	51.77	-0.01	11	56947	中性盘
11:20:20	51.78	-0.01	6	31068	买盘
11:20:15	51.79	0.01	4	20716	买盘
11:20:10	51.78	--	6	31068	买盘
11:20:05	51.78	--	2	10356	买盘
11:19:55	51.78	--	45	233010	买盘
11:19:50	51.78	-0.02	1	5178	买盘
11:19:45	51.8	--	0	0	买盘
11:19:40	51.8	0.01	41	212380	买盘
11:19:35	51.79	0.01	15	77685	买盘
11:19:30	51.78	0.02	3	15534	买盘
11:19:25	51.76	--	3	15528	卖盘
11:19:20	51.76	--	33	170808	卖盘
11:19:15	51.76	-0.02	2	10352	卖盘
11:19:10	51.78	0.03	13	67314	买盘
11:19:05	51.75	-0.01	6	31050	卖盘
11:19:00	51.76	0.01	1	5176	买盘
11:18:55	51.75	--	9	46575	买盘
11:18:50	51.75	--	2	10350	买盘
11:18:45	51.75	--	2	10350	买盘
11:18:40	51.75	0.02	6	31050	买盘
11:18:35	51.73	--	4	20692	买盘
11:18:30	51.73	--	6	31037	买盘
11:18:25	51.73	0.02	2	10346	买盘
11:18:20	51.71	0.01	3	15513	买盘
11:18:10	51.7	--	5	25850	卖盘
11:18:05	51.7	0.04	94	485980	买盘
11:18:00	51.66	--	45	232469	卖盘
11:17:55	51.66	--	15	77490	卖盘
11:17:45	51.66	--	4	20664	买盘
11:17:40	51.66	--	0	0	买盘
11:17:35	51.66	--	5	25830	买盘
11:17:30	51.66	--	4	20664	买盘
11:17:25	51.66	--	0	0	买盘
11:17:20	51.66	-0.02	19	98154	买盘
11:17:15	51.68	0.02	40	206720	买盘
11:17:10	51.66	-0.01	16	82656	卖盘
11:17:05	51.67	--	2	10334	买盘
11:17:00	51.67	0.01	10	51670	买盘
11:16:50	51.66	--	25	129149	卖盘
11:16:45	51.66	--	50	258299	卖盘
11:16:40	51.66	--	1	5166	卖盘
11:16:34	51.66	--	15	77490	卖盘
11:16:30	51.66	--	14	72324	买盘
11:16:20	51.66	0.01	20	103320	买盘
11:16:14	51.65	-0.01	2	10330	卖盘
11:16:10	51.66	--	0	0	买盘
11:16:04	51.66	--	5	25830	买盘
11:16:00	51.66	--	9	46494	买盘
11:15:55	51.66	--	4	20664	买盘
11:15:50	51.66	0.02	7	36162	买盘
11:15:45	51.64	--	2	10328	卖盘
11:15:34	51.64	0.02	31	160084	卖盘
11:15:30	51.62	--	1	5162	卖盘
11:15:25	51.62	--	0	0	卖盘
11:15:19	51.62	--	30	154860	卖盘
11:15:10	51.62	-0.04	1	5162	卖盘
11:15:04	51.66	--	1	5166	买盘
11:14:49	51.66	--	47	242801	卖盘
11:14:44	51.66	-0.01	7	36162	卖盘
11:14:34	51.67	0.01	24	124008	买盘
11:14:29	51.66	-0.01	2	10332	买盘
11:14:24	51.67	--	20	103340	买盘
11:14:19	51.67	-0.01	17	87839	卖盘
11:14:14	51.68	0.01	6	31008	买盘
11:14:09	51.67	--	2	10334	买盘
11:14:04	51.67	--	3	15501	买盘
11:13:54	51.67	0.07	2	10334	买盘
11:13:49	51.6	0.05	17	87720	卖盘
11:13:44	51.55	--	0	0	卖盘
11:13:39	51.55	-0.11	3	15465	卖盘
11:13:34	51.66	0.06	5	25830	买盘
11:13:29	51.6	--	0	0	卖盘
11:13:24	51.6	-0.06	1	5160	卖盘
11:13:19	51.66	0.06	12	61991	买盘
11:13:14	51.6	--	10	51600	买盘
11:13:04	51.6	0.05	2	10320	买盘
11:12:59	51.55	-0.05	3	15465	中性盘
11:12:54	51.6	0.05	13	67080	买盘
11:12:49	51.55	0.03	6	30930	买盘
11:12:44	51.52	-0.01	6	30912	卖盘
11:12:39	51.53	--	29	149437	买盘
11:12:34	51.53	--	29	149437	买盘
11:12:24	51.53	-0.02	7	36071	卖盘
11:12:19	51.55	0.02	1	5155	买盘
11:12:14	51.53	-0.02	7	36071	中性盘
11:12:09	51.55	--	4	20620	买盘
11:12:04	51.55	--	7	36085	买盘
11:11:59	51.55	0.03	7	36085	买盘
11:11:53	51.52	0.02	65	334880	买盘
11:11:49	51.5	-0.01	24	123600	卖盘
11:11:44	51.51	-0.01	3	15453	卖盘
11:11:38	51.52	--	1	5152	买盘
11:11:34	51.52	-0.03	5	25760	卖盘
11:11:18	51.55	-0.05	1	5155	中性盘
11:11:08	51.6	--	1	5160	买盘
11:11:04	51.6	--	7	36120	买盘
11:10:58	51.6	0.09	1	5160	买盘
11:10:49	51.51	-0.01	12	61812	卖盘
11:10:43	51.52	--	0	0	中性盘
11:10:39	51.52	0.02	1	5152	卖盘
11:10:34	51.5	--	0	0	卖盘
11:10:29	51.5	--	2	10300	买盘
11:10:24	51.5	-0.01	17	87550	卖盘
11:10:14	51.51	--	0	0	中性盘
11:10:09	51.51	0.01	12	61812	中性盘
11:10:04	51.5	-0.01	28	144200	卖盘
11:09:59	51.51	0.04	2	10302	卖盘
11:09:54	51.47	-0.21	2	10294	中性盘
11:09:49	51.68	0.18	19	98192	买盘
11:09:39	51.5	-0.18	3	15450	卖盘
11:09:34	51.68	--	0	0	买盘
11:09:24	51.68	--	0	0	买盘
11:09:13	51.68	--	18	93024	买盘
11:09:09	51.68	0.22	1	5168	买盘
11:08:58	51.46	-0.22	15	77190	卖盘
11:08:54	51.68	--	9	46512	卖盘
11:08:48	51.68	--	3	15504	卖盘
11:08:43	51.68	-0.02	16	82688	卖盘
11:08:39	51.7	0.02	1	5170	买盘
11:08:33	51.68	-0.02	10	51680	卖盘
11:08:28	51.7	--	36	186120	卖盘
11:08:23	51.7	--	23	118910	卖盘
11:08:18	51.7	--	0	0	卖盘
11:08:13	51.7	--	3	15510	卖盘
11:08:08	51.7	-0.03	5	25850	卖盘
11:08:03	51.73	0.01	5	25865	买盘
11:07:58	51.72	-0.01	8	41376	卖盘
11:07:53	51.73	--	3	15518	买盘
11:07:38	51.73	-0.05	10	51730	卖盘
11:07:33	51.78	--	3	15534	买盘
11:07:28	51.78	--	0	0	中性盘
11:07:23	51.78	--	60	310680	卖盘
11:07:18	51.78	-0.01	1	5178	卖盘
11:07:13	51.79	--	8	41432	中性盘
11:07:08	51.79	--	3	15537	中性盘
11:07:03	51.79	--	5	25895	卖盘
11:06:58	51.79	0.04	26	134654	买盘
11:06:53	51.75	-0.03	4	20700	卖盘
11:06:48	51.78	0.03	2	10356	买盘
11:06:43	51.75	--	28	144900	卖盘
11:06:38	51.75	-0.03	24	124200	卖盘
11:06:33	51.78	0.03	45	233010	买盘
11:06:28	51.75	--	8	41400	卖盘
11:06:22	51.75	0.06	8	41400	中性盘
11:06:18	51.69	-0.01	53	273957	卖盘
11:06:13	51.7	0.01	18	93060	中性盘
11:06:08	51.69	-0.01	131	677139	卖盘
11:06:03	51.7	-0.03	10	51700	卖盘
11:05:58	51.73	0.03	9	46557	买盘
11:05:53	51.7	-0.05	2	10340	卖盘
11:05:47	51.75	0.05	2	10350	买盘
11:05:43	51.7	-0.03	4	20680	卖盘
11:05:38	51.73	-0.02	12	62075	卖盘
11:05:32	51.75	-0.03	12	62100	卖盘
11:05:27	51.78	--	10	51780	买盘
11:05:17	51.78	--	50	258900	卖盘
11:05:13	51.78	-0.01	2	10356	卖盘
11:05:08	51.79	--	13	67327	买盘
11:05:02	51.79	--	13	67327	卖盘
11:04:57	51.79	--	10	51790	卖盘
11:04:53	51.79	-0.01	7	36253	卖盘
11:04:47	51.8	-0.02	1	5180	卖盘
11:04:43	51.82	0.02	8	41456	买盘
11:04:38	51.8	-0.04	71	367780	卖盘
11:04:33	51.84	--	42	217728	买盘
11:04:23	51.84	--	57	295488	买盘
11:04:17	51.84	--	12	62208	卖盘
11:04:12	51.84	--	31	160704	卖盘
11:04:08	51.84	--	42	217728	卖盘
11:04:02	51.84	-0.01	32	165888	卖盘
11:03:58	51.85	-0.01	13	67405	卖盘
11:03:53	51.86	--	25	129650	买盘
11:03:48	51.86	--	25	129650	卖盘
11:03:43	51.86	-0.01	24	124464	卖盘
11:03:38	51.87	0.01	44	228228	买盘
11:03:32	51.86	-0.01	60	311160	卖盘
11:03:28	51.87	0.01	2	10374	买盘
11:03:23	51.86	-0.01	30	155580	卖盘
11:03:17	51.87	0.01	13	67431	中性盘
11:03:12	51.86	-0.01	3	15558	卖盘
11:03:08	51.87	0.01	15	77805	买盘
11:03:02	51.86	--	5	25930	卖盘
11:02:57	51.86	0.02	25	129650	买盘
11:02:52	51.84	0.01	79	409536	买盘
11:02:47	51.83	0.01	100	518300	中性盘
11:02:37	51.82	-0.01	7	36274	中性盘
11:02:32	51.83	0.03	8	41464	买盘
11:02:28	51.8	--	1	5180	卖盘
11:02:22	51.8	0.01	27	139860	买盘
11:02:17	51.79	0.01	1	5179	中性盘
11:02:12	51.78	-0.02	10	51780	卖盘
11:02:07	51.8	0.04	20	103600	买盘
11:02:02	51.76	0.01	9	46584	中性盘
11:01:57	51.75	0.05	14	72450	卖盘
11:01:52	51.7	-0.05	20	103400	卖盘
11:01:47	51.75	0.05	46	238050	买盘
11:01:42	51.7	--	0	0	卖盘
11:01:37	51.7	0.01	17	87890	买盘
11:01:32	51.69	0.01	33	170577	买盘
11:01:22	51.68	0.02	7	36176	买盘
11:01:17	51.66	--	6	30995	买盘
11:01:12	51.66	0.01	5	25830	买盘
11:01:07	51.65	0.02	12	61980	买盘
11:01:02	51.63	0.05	24	123912	买盘
11:00:57	51.58	--	43	221794	卖盘
11:00:52	51.58	0.02	26	134108	买盘
11:00:47	51.56	0.01	36	185616	买盘
11:00:42	51.55	--	11	56705	买盘
11:00:37	51.55	--	6	30930	买盘
11:00:32	51.55	0.04	35	180425	买盘
11:00:27	51.51	-0.03	4	20604	卖盘
11:00:22	51.54	0.04	1	5154	买盘
11:00:17	51.5	-0.01	40	206000	中性盘
11:00:12	51.51	0.01	24	123624	买盘
11:00:07	51.5	--	38	195700	买盘
11:00:02	51.5	--	4	20600	买盘
10:59:57	51.5	0.04	19	97850	买盘
10:59:52	51.46	-0.03	29	149234	卖盘
10:59:46	51.49	0.03	6	30894	买盘
10:59:37	51.46	--	1	5146	卖盘
10:59:32	51.46	--	85	437410	卖盘
10:59:22	51.46	--	5	25730	卖盘
10:59:16	51.46	--	2	10292	卖盘
10:59:11	51.46	--	16	82336	卖盘
10:59:07	51.46	--	28	144088	买盘
10:59:02	51.46	--	1	5146	买盘
10:58:56	51.46	--	1	5146	卖盘
10:58:46	51.46	-0.02	4	20584	卖盘
10:58:41	51.48	--	22	113256	买盘
10:58:32	51.48	-0.02	6	30887	卖盘
10:58:26	51.5	0.01	21	108150	买盘
10:58:21	51.49	-0.03	17	87533	卖盘
10:58:17	51.52	0.02	47	242144	买盘
10:58:11	51.5	--	2	10300	卖盘
10:58:06	51.5	-0.02	98	504700	卖盘
10:58:02	51.52	--	12	61824	买盘
10:57:56	51.52	--	3	15456	买盘
10:57:51	51.52	-0.01	3	15456	买盘
10:57:47	51.53	-0.01	28	144284	卖盘
10:57:41	51.54	--	1	5154	买盘
10:57:36	51.54	0.02	4	20616	买盘
10:57:32	51.52	-0.02	6	30912	卖盘
10:57:26	51.54	0.01	13	67002	买盘
10:57:21	51.53	--	13	66989	买盘
10:57:17	51.53	-0.02	22	113366	卖盘
10:57:11	51.55	--	5	25775	买盘
10:57:06	51.55	--	1	5155	买盘
10:57:02	51.55	0.02	10	51550	买盘
10:56:56	51.53	--	5	25765	卖盘
10:56:46	51.53	0.02	12	61836	买盘
10:56:41	51.51	-0.01	1	5151	卖盘
10:56:36	51.52	0.01	2	10304	买盘
10:56:31	51.51	--	10	51510	买盘
10:56:26	51.51	0.01	3	15453	买盘
10:56:16	51.5	0.01	44	226600	买盘
10:56:11	51.49	--	2	10298	买盘
10:56:06	51.49	0.01	9	46341	买盘
10:56:01	51.48	-0.02	31	159588	中性盘
10:55:56	51.5	0.03	84	432600	买盘
10:55:51	51.47	--	50	257350	卖盘
10:55:46	51.47	-0.01	181	931607	卖盘
10:55:41	51.48	0.02	17	87516	买盘
10:55:36	51.46	0.01	4	20584	买盘
10:55:31	51.45	--	3	15435	卖盘
10:55:26	51.45	--	13	66885	买盘
10:55:21	51.45	0.05	20	102900	买盘
10:55:16	51.4	-0.04	7	35980	中性盘
10:55:11	51.44	0.04	100	514400	买盘
10:55:06	51.4	0.01	31	159340	买盘
10:55:01	51.39	--	54	277506	买盘
10:54:56	51.39	0.08	181	933242	买盘
10:54:46	51.31	--	2	12314	买盘
10:54:41	51.31	-0.02	9	46179	买盘
10:54:36	51.33	--	0	0	买盘
10:54:31	51.33	--	21	107793	卖盘
10:54:26	51.33	--	0	0	卖盘
10:54:21	51.33	--	28	146803	买盘
10:54:16	51.33	--	0	0	买盘
10:54:11	51.33	--	5	25665	买盘
10:54:06	51.33	--	7	35931	买盘
10:54:01	51.33	-0.02	17	89314	卖盘
10:53:56	51.35	0.02	149	767887	买盘
10:53:46	51.33	--	11	56770	买盘
10:53:41	51.33	0.03	2	10266	买盘
10:53:36	51.3	--	1	5130	买盘
10:53:31	51.3	0.04	30	153900	卖盘
10:53:26	51.26	--	0	0	卖盘
10:53:16	51.26	--	0	0	卖盘
10:53:11	51.26	-0.04	5	25630	卖盘
10:53:05	51.3	--	1	5130	买盘
10:52:55	51.3	--	0	0	买盘
10:52:46	51.3	--	30	153900	买盘
10:52:41	51.3	-0.03	7	35910	中性盘
10:52:30	51.33	--	0	0	中性盘
10:52:26	51.33	--	20	102660	买盘
10:52:20	51.33	0.03	6	30798	买盘
10:52:11	51.3	-0.03	5	25650	卖盘
10:52:05	51.33	-0.01	29	151218	卖盘
10:52:00	51.34	--	1	5134	卖盘
10:51:56	51.34	0.09	38	197864	买盘
10:51:50	51.25	0.01	3	15375	中性盘
10:51:45	51.24	-0.01	10	51240	卖盘
10:51:41	51.25	--	42	215250	买盘
10:51:35	51.25	--	13	66625	买盘
10:51:26	51.25	--	2	10250	买盘
10:51:20	51.25	--	113	579125	买盘
10:51:15	51.25	--	5	25625	买盘
10:51:11	51.25	--	6	30750	买盘
10:51:05	51.25	--	2	10250	买盘
10:50:56	51.25	0.03	51	261375	买盘
10:50:50	51.22	--	12	61464	买盘
10:50:45	51.22	--	21	107562	买盘
10:50:41	51.22	--	3	15366	买盘
10:50:35	51.22	-0.13	24	122928	卖盘
10:50:30	51.35	--	2	10270	买盘
10:50:26	51.35	0.01	22	112970	买盘
10:50:20	51.34	0.04	4	20536	买盘
10:50:15	51.3	--	5	25650	买盘
10:50:05	51.3	-0.05	7	35910	卖盘
10:50:00	51.35	0.04	13	66755	买盘
10:49:55	51.31	0.01	12	61572	买盘
10:49:50	51.3	0.1	4	20520	买盘
10:49:45	51.2	--	6	30720	卖盘
10:49:40	51.2	--	50	256000	卖盘
10:49:30	51.2	--	0	0	卖盘
10:49:25	51.2	-0.07	3	15360	卖盘
10:49:20	51.27	-0.03	1	5127	买盘
10:49:10	51.3	-0.05	2	10260	卖盘
10:49:05	51.35	--	1	5135	买盘
10:49:00	51.35	0.03	32	164320	买盘
10:48:55	51.32	0.12	4	20528	买盘
10:48:50	51.2	--	0	0	卖盘
10:48:40	51.2	-0.15	19	97280	卖盘
10:48:34	51.35	--	1	5135	买盘
10:48:25	51.35	--	1	5135	买盘
10:48:20	51.35	--	14	71890	卖盘
10:48:04	51.35	0.18	37	189995	买盘
10:48:00	51.17	-0.13	50	255850	卖盘
10:47:55	51.3	0.1	90	461700	买盘
10:47:50	51.2	--	14	71680	卖盘
10:47:35	51.2	--	4	20480	卖盘
10:47:30	51.2	--	8	40960	卖盘
10:47:25	51.2	0.05	52	266240	买盘
10:47:20	51.15	--	1	5115	卖盘
10:47:14	51.15	0.03	3	15345	买盘
10:47:10	51.12	-0.03	4	20448	卖盘
10:47:05	51.15	0.03	4	20460	买盘
10:46:59	51.12	0.02	5	25560	买盘
10:46:55	51.1	-0.02	6	30660	卖盘
10:46:50	51.12	0.02	12	61344	买盘
10:46:44	51.1	-0.02	2	10220	卖盘
10:46:40	51.12	--	2	10224	买盘
10:46:34	51.12	-0.04	10	51120	卖盘
10:46:29	51.16	--	0	0	买盘
10:46:25	51.16	--	34	173944	买盘
10:46:20	51.16	--	1	5116	卖盘
10:46:14	51.16	-0.02	9	46044	卖盘
10:46:09	51.18	-0.02	5	25590	卖盘
10:46:05	51.2	0.02	14	71680	买盘
10:45:59	51.18	--	14	71652	卖盘
10:45:54	51.18	--	1	5118	卖盘
10:45:49	51.18	-0.01	5	25590	卖盘
10:45:44	51.19	-0.01	1	5119	中性盘
10:45:35	51.2	--	2	10240	买盘
10:45:20	51.2	-0.05	12	61440	卖盘
10:45:14	51.25	0.02	18	92250	买盘
10:45:09	51.23	--	11	56353	买盘
10:45:05	51.23	-0.02	8	40984	卖盘
10:44:59	51.25	--	25	128125	买盘
10:44:50	51.25	-0.05	24	123000	卖盘
10:44:44	51.3	0.04	20	102600	买盘
10:44:39	51.26	--	0	0	卖盘
10:44:34	51.26	-0.04	11	56386	卖盘
10:44:29	51.3	--	219	1123470	买盘
10:44:19	51.3	-0.01	7	35910	卖盘
10:44:14	51.31	-0.01	56	287336	卖盘
10:44:09	51.32	-0.03	55	282260	卖盘
10:44:05	51.35	--	13	66755	买盘
10:43:59	51.35	0.03	10	51350	买盘
10:43:54	51.32	--	1	5132	卖盘
10:43:49	51.32	--	18	92376	买盘
10:43:44	51.32	-0.05	64	328448	中性盘
10:43:39	51.37	0.02	16	82192	买盘
10:43:34	51.35	0.03	10	51350	中性盘
10:43:29	51.32	-0.04	15	76980	中性盘
10:43:24	51.36	0.05	4	20544	买盘
10:43:19	51.31	--	4	20524	卖盘
10:43:14	51.31	0.01	26	133406	买盘
10:43:09	51.3	-0.01	11	56430	卖盘
10:43:04	51.31	--	9	46179	买盘
10:42:59	51.31	0.01	106	543886	买盘
10:42:49	51.3	-0.02	21	107730	卖盘
10:42:44	51.32	0.02	88	451616	买盘
10:42:39	51.3	-0.01	4	20520	买盘
10:42:34	51.31	--	20	102620	买盘
10:42:28	51.31	0.01	6	30786	买盘
10:42:19	51.3	-0.02	13	66690	卖盘
10:42:14	51.32	--	3	15396	买盘
10:42:09	51.32	--	0	0	买盘
10:42:04	51.32	0.07	34	174488	买盘
10:41:58	51.25	-0.05	31	158875	卖盘
10:41:54	51.3	0.05	75	384750	买盘
10:41:49	51.25	--	104	533000	卖盘
10:41:43	51.25	--	12	61500	卖盘
10:41:34	51.25	--	5	25625	卖盘
10:41:29	51.25	0.05	106	543250	买盘
10:41:24	51.2	--	9	46080	卖盘
10:41:19	51.2	--	9	46080	卖盘
10:41:14	51.2	--	10	51200	卖盘
10:41:04	51.2	-0.04	30	153600	买盘
10:40:59	51.24	--	0	0	买盘
10:40:54	51.24	0.01	80	409920	买盘
10:40:49	51.23	--	2	10246	买盘
10:40:44	51.23	0.03	36	184428	买盘
10:40:38	51.2	-0.03	1	5120	卖盘
10:40:34	51.23	0.03	4	20492	买盘
10:40:29	51.2	--	5	25600	买盘
10:40:23	51.2	-0.03	5	25600	卖盘
10:40:19	51.23	0.03	19	97337	买盘
10:40:14	51.2	0.02	48	245760	买盘
10:39:59	51.18	-0.02	2	10236	卖盘
10:39:53	51.2	0.02	15	76800	卖盘
10:39:44	51.18	-0.06	7	35826	卖盘
10:39:38	51.24	0.06	30	153720	买盘
10:39:33	51.18	--	6	30708	卖盘
10:39:29	51.18	-0.01	12	61416	卖盘
10:39:23	51.19	0.09	14	71666	买盘
10:39:14	51.1	--	12	61320	卖盘
10:38:59	51.1	0.05	12	61320	买盘
10:38:53	51.05	-0.05	9	45945	中性盘
10:38:48	51.1	--	1	5110	买盘
10:38:44	51.1	0.06	11	56210	买盘
10:38:38	51.04	-0.05	7	35728	卖盘
10:38:29	51.09	-0.01	37	189033	卖盘
10:38:23	51.1	-0.1	38	194180	卖盘
10:38:18	51.2	-0.04	18	92160	卖盘
10:38:14	51.24	0.05	28	143472	买盘
10:38:08	51.19	-0.04	15	76785	卖盘
10:38:03	51.23	-0.01	1	5123	买盘
10:37:59	51.24	0.04	75	384300	买盘
10:37:53	51.2	-0.04	46	235520	卖盘
10:37:48	51.24	-0.01	19	97356	买盘
10:37:44	51.25	0.05	6	30750	买盘
10:37:38	51.2	--	10	51200	卖盘
10:37:28	51.2	0.01	28	143360	买盘
10:37:23	51.19	--	6	30714	卖盘
10:37:13	51.19	0.03	42	214998	买盘
10:37:08	51.16	-0.02	16	81856	中性盘
10:37:03	51.18	0.03	1	5118	买盘
10:36:58	51.15	--	2	10230	买盘
10:36:53	51.15	--	12	61380	买盘
10:36:48	51.15	--	4	20460	买盘
10:36:43	51.15	0.02	36	184140	买盘
10:36:38	51.13	--	35	178955	买盘
10:36:33	51.13	0.01	29	148277	买盘
10:36:28	51.12	--	34	173808	卖盘
10:36:22	51.12	-0.01	6	30672	卖盘
10:36:18	51.13	0.01	6	30678	买盘
10:36:13	51.12	--	6	30672	买盘
10:36:08	51.12	--	10	51120	买盘
10:35:58	51.12	0.02	26	132912	买盘
10:35:52	51.1	--	5	25550	卖盘
10:35:43	51.1	--	9	45990	买盘
10:35:37	51.1	0.01	47	240170	买盘
10:35:28	51.09	0.01	19	97071	买盘
10:35:23	51.08	0.01	24	122592	买盘
10:35:18	51.07	-0.01	3	15321	卖盘
10:35:13	51.08	0.01	1	5108	买盘
10:35:07	51.07	0.07	10	51070	买盘
10:34:53	51.0	0.01	4	20400	买盘
10:34:48	50.99	-0.01	1	5099	卖盘
10:34:43	51.0	--	5	25500	买盘
10:34:37	51.0	0.03	14	71400	买盘
10:34:33	50.97	-0.01	6	30582	卖盘
10:34:28	50.98	0.03	40	203920	买盘
10:34:22	50.95	0.03	11	56045	买盘
10:34:13	50.92	-0.03	4	20368	卖盘
10:34:08	50.95	--	12	61140	买盘
10:34:02	50.95	0.03	75	382125	买盘
10:33:58	50.92	--	74	376808	买盘
10:33:52	50.92	--	2	10184	买盘
10:33:47	50.92	--	2	10184	买盘
10:33:43	50.92	--	2	10184	买盘
10:33:37	50.92	--	3	15276	买盘
10:33:32	50.92	--	0	0	中性盘
10:33:28	50.92	--	2	10184	卖盘
10:33:23	50.92	-0.02	2	10184	卖盘
10:33:17	50.94	0.01	1	5094	买盘
10:33:12	50.93	0.01	10	50930	中性盘
10:33:08	50.92	0.02	6	30552	买盘
10:33:02	50.9	-0.02	10	50900	卖盘
10:32:57	50.92	--	7	35644	买盘
10:32:52	50.92	0.02	1	5092	买盘
10:32:47	50.9	-0.02	3	15270	卖盘
10:32:32	50.92	0.02	1	5092	买盘
10:32:27	50.9	-0.02	10	50900	卖盘
10:32:17	50.92	--	6	30552	买盘
10:32:12	50.92	0.02	1	5092	买盘
10:32:07	50.9	--	1	5090	卖盘
10:32:02	50.9	-0.01	6	30540	卖盘
10:31:52	50.91	--	5	25455	买盘
10:31:47	50.91	0.01	11	56000	买盘
10:31:37	50.9	--	2	10180	卖盘
10:31:32	50.9	-0.01	2	10180	卖盘
10:31:22	50.91	--	19	96729	买盘
10:31:12	50.91	0.01	1	5091	买盘
10:31:02	50.9	--	20	101800	卖盘
10:30:57	50.9	-0.02	1	5090	卖盘
10:30:52	50.92	--	1	5092	买盘
10:30:47	50.92	0.02	6	30552	买盘
10:30:42	50.9	-0.02	27	137430	卖盘
10:30:37	50.92	--	4	20368	买盘
10:30:32	50.92	0.01	7	35644	买盘
10:30:22	50.91	--	2	10182	卖盘
10:30:17	50.91	--	4	20364	买盘
10:30:12	50.91	-0.02	2	10182	中性盘
10:30:01	50.93	-0.01	15	76395	买盘
10:29:46	50.94	--	0	0	中性盘
10:29:37	50.94	--	17	86598	买盘
10:29:31	50.94	0.03	68	346392	买盘
10:29:27	50.91	--	0	0	中性盘
10:29:16	50.91	-0.03	1	5091	卖盘
10:29:12	50.94	--	1	5094	买盘
10:29:07	50.94	0.03	27	137538	买盘
10:29:01	50.91	0.01	10	50910	买盘
10:28:52	50.9	-0.01	4	20360	卖盘
10:28:42	50.91	--	25	127274	买盘
10:28:37	50.91	0.01	1	5091	买盘
10:28:31	50.9	-0.01	6	30540	卖盘
10:28:27	50.91	0.01	3	15272	买盘
10:28:22	50.9	--	5	25450	卖盘
10:28:16	50.9	-0.01	1	5090	卖盘
10:28:12	50.91	0.01	1	5091	买盘
10:28:07	50.9	--	6	30540	买盘
10:27:57	50.9	--	7	35630	卖盘
10:27:52	50.9	--	1	5090	卖盘
10:27:46	50.9	--	3	15270	卖盘
10:27:41	50.9	-0.05	13	66170	卖盘
10:27:37	50.95	0.01	50	254750	买盘
10:27:31	50.94	0.04	50	254700	买盘
10:27:26	50.9	--	0	0	卖盘
10:27:16	50.9	-0.03	1	5090	卖盘
10:27:11	50.93	0.03	2	10186	买盘
10:27:01	50.9	-0.03	10	50900	卖盘
10:26:56	50.93	--	1	5093	买盘
10:26:51	50.93	0.01	20	101860	买盘
10:26:46	50.92	-0.01	3	15276	卖盘
10:26:41	50.93	-0.02	1	5093	卖盘
10:26:36	50.95	0.02	24	122280	买盘
10:26:31	50.93	--	2	10186	卖盘
10:26:26	50.93	0.03	6	30558	卖盘
10:26:16	50.9	-0.03	47	239230	卖盘
10:26:11	50.93	--	8	40744	买盘
10:26:06	50.93	0.03	50	254650	买盘
10:25:56	50.9	0.03	8	40720	卖盘
10:25:51	50.87	--	0	0	卖盘
10:25:41	50.87	-0.06	11	55957	卖盘
10:25:31	50.93	--	6	30558	买盘
10:25:26	50.93	--	5	25465	卖盘
10:25:21	50.93	--	9	45837	卖盘
10:25:16	50.93	-0.02	1	5093	卖盘
10:25:11	50.95	0.02	11	56045	买盘
10:25:06	50.93	0.07	2	10186	买盘
10:25:01	50.86	-0.07	3	15258	卖盘
10:24:56	50.93	--	0	0	买盘
10:24:46	50.93	-0.01	107	545154	买盘
10:24:41	50.94	0.01	29	147726	买盘
10:24:36	50.93	-0.01	28	142604	卖盘
10:24:31	50.94	0.01	12	61128	买盘
10:24:26	50.93	-0.01	1	5093	中性盘
10:24:21	50.94	--	0	0	买盘
10:24:11	50.94	0.01	42	213948	买盘
10:24:06	50.93	--	0	0	买盘
10:24:01	50.93	-0.01	3	15279	买盘
10:23:56	50.94	--	1	5094	买盘
10:23:51	50.94	0.06	4	20376	买盘
10:23:46	50.88	-0.06	5	25440	中性盘
10:23:40	50.94	0.09	3	15282	买盘
10:23:36	50.85	-0.09	75	381375	卖盘
10:23:31	50.94	--	5	25470	买盘
10:23:25	50.94	0.12	23	117162	买盘
10:23:21	50.82	--	5	25410	中性盘
10:23:16	50.82	-0.05	6	30492	卖盘
10:23:10	50.87	--	2	10174	买盘
10:23:06	50.87	--	12	61044	买盘
10:23:01	50.87	--	2	10174	买盘
10:22:55	50.87	-0.01	5	25435	中性盘
10:22:46	50.88	--	6	30528	买盘
10:22:40	50.88	-0.07	5	25440	买盘
10:22:31	50.95	--	0	0	买盘
10:22:25	50.95	0.17	6	30570	买盘
10:22:16	50.78	--	0	0	卖盘
10:22:10	50.78	-0.1	10	50780	卖盘
10:22:06	50.88	--	1	5088	买盘
10:22:01	50.88	--	0	0	买盘
10:21:55	50.88	0.11	5	25440	中性盘
10:21:51	50.77	-0.19	1	5077	卖盘
10:21:46	50.96	0.19	45	229320	买盘
10:21:40	50.77	--	0	0	卖盘
10:21:31	50.77	--	2	10154	卖盘
10:21:25	50.77	--	49	248773	买盘
10:21:10	50.77	--	6	30462	买盘
10:21:01	50.77	-0.01	17	86309	卖盘
10:20:55	50.78	-0.19	2	10156	卖盘
10:20:50	50.97	-0.01	21	107037	中性盘
10:20:46	50.98	--	0	0	买盘
10:20:40	50.98	--	2	10196	买盘
10:20:35	50.98	-0.01	44	224312	卖盘
10:20:31	50.99	-0.01	36	183564	卖盘
10:20:25	51.0	--	22	112200	卖盘
10:20:20	51.0	-0.08	13	66300	卖盘
10:20:15	51.08	0.02	6	30648	买盘
10:20:10	51.06	0.06	20	102120	买盘
10:20:05	51.0	-0.09	4	20400	卖盘
10:20:00	51.09	--	3	15327	买盘
10:19:55	51.09	--	16	81744	卖盘
10:19:50	51.09	-0.03	60	306540	卖盘
10:19:45	51.12	0.02	4	20448	买盘
10:19:40	51.1	-0.02	40	204400	卖盘
10:19:35	51.12	0.01	8	40896	中性盘
10:19:30	51.11	-0.02	23	117553	卖盘
10:19:25	51.13	--	24	122712	卖盘
10:19:20	51.13	0.04	27	138051	买盘
10:19:15	51.09	--	2	10218	卖盘
10:19:10	51.09	-0.06	120	613080	卖盘
10:19:05	51.15	0.04	16	81840	买盘
10:19:00	51.11	-0.04	9	45999	中性盘
10:18:55	51.15	0.01	23	117645	买盘
10:18:50	51.14	0.04	20	102280	买盘
10:18:45	51.1	--	14	71540	卖盘
10:18:40	51.1	--	9	45990	卖盘
10:18:35	51.1	--	23	117530	买盘
10:18:30	51.1	0.01	4	20440	买盘
10:18:25	51.09	--	6	30654	卖盘
10:18:20	51.09	--	5	25545	卖盘
10:18:15	51.09	--	26	132834	买盘
10:18:10	51.09	0.1	3	15327	买盘
10:18:05	50.99	-0.1	16	81584	卖盘
10:18:00	51.09	0.1	12	61308	买盘
10:17:55	50.99	0.01	103	525197	卖盘
10:17:50	50.98	--	10	50980	卖盘
10:17:45	50.98	--	20	101960	卖盘
10:17:40	50.98	--	7	35686	卖盘
10:17:35	50.98	-0.01	3	15293	卖盘
10:17:30	50.99	0.02	12	61188	买盘
10:17:25	50.97	--	6	30582	卖盘
10:17:20	50.97	--	12	61164	卖盘
10:17:15	50.97	--	8	40776	买盘
10:17:10	50.97	0.07	5	25485	买盘
10:17:04	50.9	--	1	5090	买盘
10:17:00	50.9	0.1	5	25450	买盘
10:16:55	50.8	--	11	55880	买盘
10:16:49	50.8	--	5	25400	买盘
10:16:45	50.8	--	6	30480	买盘
10:16:40	50.8	--	6	30480	买盘
10:16:34	50.8	--	6	30480	买盘
10:16:30	50.8	--	2	10160	买盘
10:16:25	50.8	-0.1	245	1244600	卖盘
10:16:19	50.9	0.02	303	1542270	买盘
10:16:15	50.88	-0.02	4	20352	卖盘
10:16:10	50.9	0.02	9	45810	中性盘
10:16:04	50.88	-0.12	41	208608	卖盘
10:16:00	51.0	0.01	6	30600	买盘
10:15:55	50.99	--	18	91782	买盘
10:15:49	50.99	0.11	19	96881	买盘
10:15:45	50.88	--	15	76320	卖盘
10:15:40	50.88	--	19	96672	卖盘
10:15:34	50.88	--	14	71232	卖盘
10:15:30	50.88	0.13	198	1007424	买盘
10:15:25	50.75	-0.01	14	71050	买盘
10:15:19	50.76	--	0	0	买盘
10:15:10	50.76	0.08	6	30456	买盘
10:15:04	50.68	-0.09	4	20272	卖盘
10:14:55	50.77	0.01	17	86309	买盘
10:14:49	50.76	-0.01	13	65988	中性盘
10:14:40	50.77	0.09	44	223388	买盘
10:14:34	50.68	--	6	30408	卖盘
10:14:25	50.68	-0.1	15	76020	卖盘
10:14:19	50.78	0.01	12	60936	买盘
10:14:14	50.77	-0.02	19	96463	卖盘
10:14:09	50.79	0.02	20	101580	买盘
10:14:04	50.77	--	17	86309	买盘
10:13:59	50.77	--	10	50770	买盘
10:13:49	50.77	0.16	1	5077	买盘
10:13:44	50.61	-0.06	7	35427	中性盘
10:13:39	50.67	0.1	2	10134	买盘
10:13:34	50.57	-0.01	13	65741	卖盘
10:13:29	50.58	-0.02	4	20232	中性盘
10:13:24	50.6	--	2	10120	买盘
10:13:19	50.6	0.02	43	217580	买盘
10:13:14	50.58	--	13	65754	买盘
10:13:09	50.58	0.02	5	25290	买盘
10:13:04	50.56	0.01	10	50560	买盘
10:12:59	50.55	0.03	18	90990	买盘
10:12:49	50.52	0.02	1	5052	买盘
10:12:44	50.5	--	103	520150	买盘
10:12:39	50.5	0.01	49	247450	买盘
10:12:34	50.49	0.03	31	156519	买盘
10:12:29	50.46	0.02	26	131196	买盘
10:12:24	50.44	-0.01	5	25220	卖盘
10:12:19	50.45	0.05	21	105945	买盘
10:12:14	50.4	--	7	35280	买盘
10:12:09	50.4	-0.05	10	50400	卖盘
10:12:04	50.45	0.06	26	131170	买盘
10:11:59	50.39	--	90	453510	买盘
10:11:49	50.39	--	12	60468	买盘
10:11:44	50.39	--	23	115897	卖盘
10:11:39	50.39	-0.01	29	146131	卖盘
10:11:34	50.4	-0.04	75	378000	卖盘
10:11:29	50.44	--	6	30264	买盘
10:11:24	50.44	0.01	17	85748	买盘
10:11:19	50.43	-0.01	1	5043	卖盘
10:11:14	50.44	0.01	91	459004	买盘
10:11:09	50.43	0.03	15	75645	买盘
10:11:04	50.4	-0.03	10	50400	卖盘
10:10:58	50.43	--	12	60516	买盘
10:10:54	50.43	--	0	0	买盘
10:10:49	50.43	0.08	10	50430	买盘
10:10:43	50.35	-0.05	1	5035	卖盘
10:10:34	50.4	0.02	11	55440	买盘
10:10:24	50.38	0.03	5	25190	买盘
10:10:19	50.35	--	4	20140	卖盘
10:10:13	50.35	--	5	25175	卖盘
10:10:09	50.35	--	21	105735	卖盘
10:10:04	50.35	--	5	25175	买盘
10:09:54	50.35	0.04	2	10070	买盘
10:09:49	50.31	--	5	25155	卖盘
10:09:43	50.31	-0.04	2	10062	卖盘
10:09:34	50.35	-0.04	30	151050	卖盘
10:09:28	50.39	0.06	4	20156	买盘
10:09:19	50.33	0.08	6	30198	买盘
10:09:13	50.25	--	0	0	卖盘
10:09:04	50.25	--	7	35175	买盘
10:08:58	50.25	0.05	24	120600	买盘
10:08:43	50.2	0.02	97	486940	买盘
10:08:34	50.18	0.01	65	326170	买盘
10:08:28	50.17	0.02	78	391326	中性盘
10:08:19	50.15	0.06	2	10030	买盘
10:08:13	50.09	--	0	0	卖盘
10:08:08	50.09	0.03	82	410738	买盘
10:08:04	50.06	0.01	208	1041248	卖盘
10:07:58	50.05	--	0	0	卖盘
10:07:53	50.05	--	72	360360	买盘
10:07:48	50.05	0.01	1	5005	买盘
10:07:43	50.04	0.01	6	30024	中性盘
10:07:38	50.03	0.03	25	125075	买盘
10:07:33	50.0	--	16	80000	买盘
10:07:28	50.0	0.01	26	130000	买盘
10:07:23	49.99	--	127	634873	买盘
10:07:18	49.99	0.01	3	14997	买盘
10:07:13	49.98	--	19	94962	买盘
10:07:08	49.98	-0.01	43	214914	卖盘
10:07:03	49.99	-0.01	7	34993	卖盘
10:06:58	50.0	--	29	145000	买盘
10:06:53	50.0	--	157	785000	买盘
10:06:48	50.0	--	17	85000	买盘
10:06:43	50.0	--	21	105000	买盘
10:06:38	50.0	--	38	190000	卖盘
10:06:33	50.0	--	65	325000	买盘
10:06:28	50.0	--	39	195000	买盘
10:06:23	50.0	--	71	355000	买盘
10:06:18	50.0	--	3	15000	买盘
10:06:13	50.0	--	4	20000	买盘
10:06:08	50.0	--	24	120000	卖盘
10:06:03	50.0	-0.02	47	235000	卖盘
10:05:58	50.02	0.02	82	410164	买盘
10:05:53	50.0	-0.01	110	550000	卖盘
10:05:48	50.01	-0.01	23	115023	中性盘
10:05:43	50.02	0.01	59	295118	买盘
10:05:38	50.01	-0.01	5	25005	中性盘
10:05:33	50.02	--	15	75030	买盘
10:05:28	50.02	--	14	70028	买盘
10:05:23	50.02	0.01	17	85034	卖盘
10:05:18	50.01	--	72	360072	中性盘
10:05:13	50.01	--	88	440088	卖盘
10:05:08	50.01	-0.02	37	185037	卖盘
10:05:03	50.03	--	1	5003	买盘
10:04:58	50.03	-0.02	72	362717	买盘
10:04:53	50.05	0.05	17	85085	买盘
10:04:48	50.0	-0.02	39	195000	卖盘
10:04:43	50.02	0.02	27	135054	中性盘
10:04:37	50.0	-0.08	694	3474800	卖盘
10:04:33	50.08	0.08	13	65104	买盘
10:04:28	50.0	-0.09	905	4525200	卖盘
10:04:22	50.09	-0.01	21	105189	卖盘
10:04:18	50.1	--	4	20040	买盘
10:04:13	50.1	-0.04	126	631260	卖盘
10:04:07	50.14	-0.01	13	65182	卖盘
10:04:03	50.15	--	2	10030	买盘
10:03:58	50.15	-0.03	32	160480	卖盘
10:03:52	50.18	0.02	29	145522	买盘
10:03:48	50.16	0.01	3	15047	买盘
10:03:43	50.15	-0.04	52	260780	卖盘
10:03:37	50.19	-0.01	69	346311	中性盘
10:03:33	50.2	--	11	55220	买盘
10:03:28	50.2	--	209	1049933	卖盘
10:03:22	50.2	--	31	155620	卖盘
10:03:18	50.2	-0.15	300	1506000	卖盘
10:03:13	50.35	0.1	2	10070	买盘
10:03:07	50.25	-0.13	200	1005000	卖盘
10:03:03	50.38	0.03	2	10076	买盘
10:02:58	50.35	-0.05	20	100700	卖盘
10:02:52	50.4	0.01	1	5040	卖盘
10:02:43	50.39	-0.06	5	25195	卖盘
10:02:32	50.45	0.05	72	363240	买盘
10:02:28	50.4	-0.04	128	645120	卖盘
10:02:22	50.44	-0.02	38	191672	卖盘
10:02:17	50.46	--	18	90828	买盘
10:02:13	50.46	-0.04	63	317898	卖盘
10:02:07	50.5	--	1	5050	买盘
10:02:02	50.5	--	5	25250	买盘
10:01:58	50.5	--	35	176750	卖盘
10:01:52	50.5	-0.01	50	252500	卖盘
10:01:42	50.51	0.05	13	65663	买盘
10:01:37	50.46	0.01	5	25230	中性盘
10:01:32	50.45	-0.05	12	60540	卖盘
10:01:27	50.5	0.05	1	5050	中性盘
10:01:22	50.45	-0.06	28	141260	卖盘
10:01:17	50.51	-0.01	2	10102	卖盘
10:01:12	50.52	0.01	1	5052	买盘
10:01:07	50.51	--	25	126275	中性盘
10:01:02	50.51	0.06	1	5051	买盘
10:00:57	50.45	--	30	151350	买盘
10:00:52	50.45	0.01	2	10090	买盘
10:00:47	50.44	0.04	16	80704	买盘
10:00:37	50.4	--	13	65520	买盘
10:00:32	50.4	0.02	2	10080	买盘
10:00:22	50.38	--	19	95722	买盘
10:00:17	50.38	--	4	20152	买盘
10:00:12	50.38	0.08	20	100760	买盘
10:00:07	50.3	--	3	15090	卖盘
10:00:02	50.3	0.05	18	90540	买盘
09:59:57	50.25	-0.03	55	276375	卖盘
09:59:52	50.28	0.02	13	65364	买盘
09:59:47	50.26	0.01	14	70364	卖盘
09:59:42	50.25	--	0	0	卖盘
09:59:37	50.25	-0.03	23	115575	卖盘
09:59:32	50.28	0.03	38	191064	买盘
09:59:27	50.25	--	30	150750	买盘
09:59:22	50.25	--	40	201000	买盘
09:59:17	50.25	-0.05	117	587925	卖盘
09:59:07	50.3	0.04	27	135810	买盘
09:59:02	50.26	0.01	29	145754	买盘
09:58:57	50.25	--	52	261300	买盘
09:58:52	50.25	0.03	21	105525	买盘
09:58:47	50.22	-0.03	11	55242	卖盘
09:58:42	50.25	0.03	4	20100	买盘
09:58:37	50.22	--	36	180792	买盘
09:58:32	50.22	--	28	140616	买盘
09:58:27	50.22	--	0	0	买盘
09:58:22	50.22	0.02	56	285500	买盘
09:58:16	50.2	--	41	205820	买盘
09:58:12	50.2	--	12	60240	买盘
09:58:07	50.2	-0.04	120	602400	卖盘
09:58:01	50.24	0.04	51	256224	中性盘
09:57:57	50.2	-0.05	50	251000	卖盘
09:57:52	50.25	--	45	226125	卖盘
09:57:46	50.25	--	14	70350	中性盘
09:57:42	50.25	-0.02	4	20100	中性盘
09:57:37	50.27	0.02	15	75405	买盘
09:57:31	50.25	-0.03	6	30150	卖盘
09:57:27	50.28	--	2	10056	买盘
09:57:22	50.28	-0.02	7	35196	卖盘
09:57:16	50.3	-0.03	28	140840	卖盘
09:57:07	50.33	-0.02	26	130858	卖盘
09:57:01	50.35	--	7	35245	买盘
09:56:57	50.35	-0.05	46	231610	卖盘
09:56:52	50.4	--	26	131040	买盘
09:56:46	50.4	-0.04	151	761040	卖盘
09:56:42	50.44	-0.01	33	166452	卖盘
09:56:37	50.45	--	3	15135	买盘
09:56:31	50.45	-0.02	51	257295	卖盘
09:56:27	50.47	-0.01	5	25235	卖盘
09:56:22	50.48	--	7	35336	买盘
09:56:16	50.48	--	19	95912	买盘
09:56:11	50.48	-0.02	56	282688	卖盘
09:56:07	50.5	--	10	50500	买盘
09:56:01	50.5	0.01	23	116150	买盘
09:55:56	50.49	-0.01	17	85833	卖盘
09:55:52	50.5	-0.01	23	116150	卖盘
09:55:46	50.51	--	33	166683	中性盘
09:55:41	50.51	--	2	10102	买盘
09:55:37	50.51	0.01	5	25255	买盘
09:55:31	50.5	--	23	116150	卖盘
09:55:26	50.5	--	10	50500	买盘
09:55:21	50.5	--	30	151500	买盘
09:55:16	50.5	--	9	45450	买盘
09:55:11	50.5	--	3	15150	买盘
09:55:06	50.5	0.01	1	5050	中性盘
09:55:01	50.49	-0.02	212	1070388	卖盘
09:54:56	50.51	0.01	9	45459	买盘
09:54:51	50.5	--	9	45450	买盘
09:54:46	50.5	-0.01	132	666600	买盘
09:54:41	50.51	--	31	156581	买盘
09:54:36	50.51	-0.01	6	30306	买盘
09:54:31	50.52	0.01	16	80832	买盘
09:54:26	50.51	--	106	535406	卖盘
09:54:21	50.51	-0.01	9	45459	卖盘
09:54:16	50.52	--	39	197028	买盘
09:54:11	50.52	--	23	116196	买盘
09:54:06	50.52	-0.01	26	131352	卖盘
09:54:01	50.53	-0.02	150	758051	卖盘
09:53:56	50.55	-0.01	6	30330	卖盘
09:53:51	50.56	0.01	40	202240	买盘
09:53:46	50.55	-0.01	27	136485	卖盘
09:53:41	50.56	--	11	55616	买盘
09:53:36	50.56	--	6	30336	买盘
09:53:31	50.56	0.01	27	136512	买盘
09:53:26	50.55	-0.02	63	318465	卖盘
09:53:21	50.57	--	2	10114	买盘
09:53:16	50.57	0.01	7	35399	买盘
09:53:11	50.56	-0.01	18	91008	卖盘
09:53:06	50.57	--	2	10114	买盘
09:53:01	50.57	-0.03	26	131482	卖盘
09:52:56	50.6	--	0	0	买盘
09:52:46	50.6	--	7	35420	买盘
09:52:41	50.6	-0.07	187	946220	卖盘
09:52:31	50.67	-0.01	8	40536	卖盘
09:52:26	50.68	--	3	15204	买盘
09:52:21	50.68	--	10	50680	买盘
09:52:16	50.68	--	1	5068	买盘
09:52:11	50.68	-0.01	41	207788	卖盘
09:52:01	50.69	--	2	10138	买盘
09:51:55	50.69	-0.01	5	25345	卖盘
09:51:46	50.7	--	54	273780	买盘
09:51:40	50.7	--	4	20280	买盘
09:51:31	50.7	--	17	86190	买盘
09:51:25	50.7	-0.02	46	233220	卖盘
09:51:21	50.72	-0.05	6	30432	卖盘
09:51:10	50.77	-0.02	4	20308	买盘
09:51:06	50.79	--	0	0	买盘
09:51:01	50.79	0.07	16	81264	买盘
09:50:55	50.72	-0.05	4	20288	卖盘
09:50:51	50.77	-0.01	17	86309	卖盘
09:50:46	50.78	0.01	4	20312	买盘
09:50:40	50.77	--	13	66001	卖盘
09:50:31	50.77	-0.02	16	81232	卖盘
09:50:25	50.79	--	10	50790	中性盘
09:50:16	50.79	--	33	167607	买盘
09:50:10	50.79	0.02	20	101580	买盘
09:50:06	50.77	--	5	25385	卖盘
09:50:01	50.77	--	7	35539	卖盘
09:49:50	50.77	-0.03	45	228465	卖盘
09:49:46	50.8	0.01	59	299720	买盘
09:49:40	50.79	--	20	101580	卖盘
09:49:35	50.79	--	8	40632	卖盘
09:49:25	50.79	-0.01	18	91422	卖盘
09:49:20	50.8	0.02	28	142240	买盘
09:49:16	50.78	-0.01	20	101560	卖盘
09:49:10	50.79	0.02	161	817719	买盘
09:49:05	50.77	--	3	15231	卖盘
09:48:55	50.77	--	54	274158	买盘
09:48:50	50.77	0.05	55	279235	买盘
09:48:40	50.72	-0.05	8	40576	卖盘
09:48:35	50.77	0.01	52	264004	买盘
09:48:25	50.76	--	10	50760	卖盘
09:48:20	50.76	--	5	25380	卖盘
09:48:15	50.76	0.06	2	10152	卖盘
09:48:10	50.7	-0.06	81	410670	卖盘
09:48:05	50.76	--	7	35532	买盘
09:48:00	50.76	--	5	25380	买盘
09:47:55	50.76	-0.04	219	1111644	卖盘
09:47:50	50.8	0.03	2	10160	买盘
09:47:40	50.77	--	6	30462	卖盘
09:47:35	50.77	0.07	2	10154	买盘
09:47:30	50.7	-0.07	16	81120	卖盘
09:47:25	50.77	0.1	23	116771	买盘
09:47:20	50.67	-0.03	29	146943	卖盘
09:47:15	50.7	0.03	125	633750	买盘
09:47:10	50.67	-0.01	11	55737	卖盘
09:47:05	50.68	0.01	11	55748	买盘
09:47:00	50.67	0.05	4	20268	卖盘
09:46:55	50.62	--	2	10124	买盘
09:46:50	50.62	-0.05	72	364464	卖盘
09:46:45	50.67	--	5	25335	买盘
09:46:40	50.67	--	46	233082	买盘
09:46:35	50.67	--	3	15201	买盘
09:46:30	50.67	-0.01	3	15201	买盘
09:46:25	50.68	--	2	10136	买盘
09:46:20	50.68	0.06	21	106428	买盘
09:46:15	50.62	--	11	55682	卖盘
09:46:10	50.62	--	8	40496	卖盘
09:46:05	50.62	--	6	30372	卖盘
09:46:00	50.62	-0.06	21	106302	卖盘
09:45:55	50.68	0.06	143	724724	买盘
09:45:50	50.62	--	8	40496	买盘
09:45:45	50.62	--	10	50620	买盘
09:45:40	50.62	0.02	28	141736	买盘
09:45:34	50.6	-0.08	10	50600	卖盘
09:45:30	50.68	--	0	0	买盘
09:45:25	50.68	0.08	10	50680	买盘
09:45:19	50.6	--	106	536360	买盘
09:45:15	50.6	--	13	65780	买盘
09:45:10	50.6	-0.1	65	328900	卖盘
09:45:04	50.7	--	155	785850	买盘
09:45:00	50.7	0.09	4	20280	买盘
09:44:55	50.61	-0.09	123	622503	卖盘
09:44:49	50.7	0.03	26	131820	买盘
09:44:40	50.67	--	5	25335	卖盘
09:44:34	50.67	0.06	52	263484	买盘
09:44:30	50.61	-0.04	116	587076	卖盘
09:44:25	50.65	--	10	50650	卖盘
09:44:19	50.65	0.04	57	288705	买盘
09:44:15	50.61	-0.04	7	35427	卖盘
09:44:10	50.65	--	25	126625	买盘
09:44:04	50.65	0.04	43	217795	中性盘
09:44:00	50.61	--	3	15183	中性盘
09:43:55	50.61	-0.06	6	30366	买盘
09:43:49	50.67	0.06	62	314154	买盘
09:43:44	50.61	--	1	5061	买盘
09:43:40	50.61	0.02	56	283416	买盘
09:43:34	50.59	-0.01	141	713319	卖盘
09:43:29	50.6	0.01	1	5060	中性盘
09:43:25	50.59	0.01	115	581785	卖盘
09:43:19	50.58	-0.01	32	161856	卖盘
09:43:14	50.59	--	12	60708	买盘
09:43:10	50.59	-0.01	107	546270	卖盘
09:43:04	50.6	--	0	0	卖盘
09:42:59	50.6	0.03	31	156860	买盘
09:42:55	50.57	0.03	12	60684	买盘
09:42:49	50.54	-0.06	16	80864	卖盘
09:42:44	50.6	--	17	86020	买盘
09:42:39	50.6	--	3	15180	买盘
09:42:34	50.6	-0.2	159	804540	卖盘
09:42:29	50.8	--	10	50800	买盘
09:42:24	50.8	-0.05	118	599440	卖盘
09:42:19	50.85	--	8	40680	买盘
09:42:09	50.85	--	7	35595	买盘
09:42:04	50.85	-0.05	18	91530	卖盘
09:41:59	50.9	0.04	6	30540	买盘
09:41:54	50.86	-0.04	52	264472	卖盘
09:41:49	50.9	-0.01	14	71260	卖盘
09:41:44	50.91	--	14	71274	买盘
09:41:39	50.91	--	10	50910	买盘
09:41:34	50.91	--	13	66183	卖盘
09:41:29	50.91	--	56	285096	买盘
09:41:24	50.91	--	10	50910	买盘
09:41:19	50.91	--	10	50910	买盘
09:41:14	50.91	-0.01	20	101820	买盘
09:41:09	50.92	0.01	1	5092	买盘
09:41:04	50.91	-0.01	26	132366	买盘
09:40:59	50.92	--	28	142576	买盘
09:40:54	50.92	--	2	10184	买盘
09:40:49	50.92	--	1	5092	买盘
09:40:44	50.92	-0.01	4	20368	卖盘
09:40:39	50.93	-0.02	1	5093	买盘
09:40:34	50.95	-0.01	8	40760	卖盘
09:40:29	50.96	-0.02	52	264992	卖盘
09:40:19	50.98	-0.01	8	40784	卖盘
09:40:14	50.99	--	40	203960	卖盘
09:40:09	50.99	--	6	30594	卖盘
09:40:04	50.99	-0.03	101	514999	卖盘
09:39:59	51.02	--	2	10204	中性盘
09:39:54	51.02	-0.04	11	56122	卖盘
09:39:49	51.06	0.03	24	122544	买盘
09:39:44	51.03	-0.02	13	66339	卖盘
09:39:39	51.05	-0.03	2	10210	卖盘
09:39:28	51.08	--	6	30648	买盘
09:39:24	51.08	0.06	2	10216	买盘
09:39:19	51.02	-0.08	19	96938	卖盘
09:39:13	51.1	0.08	11	56210	买盘
09:39:09	51.02	--	0	0	卖盘
09:39:04	51.02	-0.07	10	51020	卖盘
09:38:58	51.09	-0.01	13	66417	卖盘
09:38:54	51.1	-0.01	1	5110	卖盘
09:38:49	51.11	0.01	34	173774	买盘
09:38:43	51.1	-0.01	7	35770	买盘
09:38:39	51.11	-0.02	6	30666	卖盘
09:38:34	51.13	0.02	52	265876	买盘
09:38:28	51.11	--	50	255550	卖盘
09:38:24	51.11	--	0	0	中性盘
09:38:19	51.11	--	14	71554	买盘
09:38:13	51.11	--	65	332215	卖盘
09:38:04	51.11	-0.02	2	10222	卖盘
09:37:58	51.13	--	7	35791	买盘
09:37:54	51.13	--	4	20452	买盘
09:37:49	51.13	--	26	132938	买盘
09:37:43	51.13	-0.13	35	178955	卖盘
09:37:39	51.26	--	2	10252	买盘
09:37:34	51.26	-0.06	9	46134	中性盘
09:37:28	51.32	0.06	329	1688428	买盘
09:37:23	51.26	--	2	10252	卖盘
09:37:19	51.26	--	6	30756	买盘
09:37:13	51.26	0.09	3	15378	买盘
09:37:08	51.17	-0.09	10	51170	卖盘
09:37:04	51.26	--	15	76890	卖盘
09:36:58	51.26	-0.01	1	5126	卖盘
09:36:49	51.27	0.08	20	102540	买盘
09:36:43	51.19	0.03	7	35833	中性盘
09:36:38	51.16	0.02	2	10232	卖盘
09:36:34	51.14	--	0	0	卖盘
09:36:28	51.14	0.01	7	35798	买盘
09:36:23	51.13	-0.17	54	276102	卖盘
09:36:18	51.3	0.02	34	174420	买盘
09:36:13	51.28	0.12	24	123072	买盘
09:36:08	51.16	0.01	2	10232	买盘
09:35:58	51.15	--	1	5115	卖盘
09:35:53	51.15	-0.02	7	35805	卖盘
09:35:48	51.17	--	1	5117	买盘
09:35:43	51.17	--	1	5117	卖盘
09:35:38	51.17	-0.13	3	15351	卖盘
09:35:28	51.3	-0.01	10	51300	买盘
09:35:23	51.31	0.01	77	395087	买盘
09:35:18	51.3	-0.03	8	41040	卖盘
09:35:08	51.33	--	4	20532	卖盘
09:35:03	51.33	0.01	7	35931	买盘
09:34:58	51.32	-0.01	9	46188	卖盘
09:34:53	51.33	--	10	51330	卖盘
09:34:48	51.33	--	4	20532	卖盘
09:34:43	51.33	--	8	41064	卖盘
09:34:38	51.33	--	3	15399	卖盘
09:34:33	51.33	0.01	11	56463	卖盘
09:34:28	51.32	--	2	10264	卖盘
09:34:23	51.32	--	17	87244	卖盘
09:34:18	51.32	-0.01	5	25660	卖盘
09:34:13	51.33	0.01	5	25665	中性盘
09:34:08	51.32	--	21	107772	卖盘
09:34:03	51.32	0.02	5	25660	卖盘
09:33:58	51.3	-0.02	95	487350	卖盘
09:33:53	51.32	--	30	153960	买盘
09:33:48	51.32	--	23	118036	买盘
09:33:38	51.32	--	7	35924	买盘
09:33:33	51.32	-0.01	9	46188	卖盘
09:33:28	51.33	--	15	76995	买盘
09:33:23	51.33	--	3	15399	买盘
09:33:18	51.33	--	1	5133	卖盘
09:33:13	51.33	-0.05	1	5133	卖盘
09:33:07	51.38	0.08	84	431592	买盘
09:33:03	51.3	--	0	0	卖盘
09:32:57	51.3	-0.07	50	256500	卖盘
09:32:52	51.37	0.02	19	97603	买盘
09:32:48	51.35	-0.02	3	15405	卖盘
09:32:43	51.37	--	9	46233	卖盘
09:32:37	51.37	--	17	87329	卖盘
09:32:33	51.37	--	2	10274	卖盘
09:32:28	51.37	-0.01	71	364727	卖盘
09:32:22	51.38	-0.01	24	123312	卖盘
09:32:18	51.39	0.01	8	41112	买盘
09:32:13	51.38	-0.02	11	56518	卖盘
09:32:07	51.4	0.01	83	426620	买盘
09:32:03	51.39	-0.01	1	5139	中性盘
09:31:58	51.4	0.02	6	30840	买盘
09:31:52	51.38	-0.01	11	56518	卖盘
09:31:48	51.39	0.01	32	164448	买盘
09:31:43	51.38	0.01	48	246624	买盘
09:31:37	51.37	0.06	20	102740	中性盘
09:31:33	51.31	--	38	194978	卖盘
09:31:27	51.31	-0.07	10	51310	卖盘
09:31:22	51.38	-0.01	14	71932	买盘
09:31:17	51.39	0.01	21	107919	买盘
09:31:13	51.38	--	1	5138	买盘
09:31:07	51.38	0.07	4	20552	买盘
09:31:02	51.31	--	11	56441	卖盘
09:30:57	51.31	-0.09	23	118013	卖盘
09:30:52	51.4	0.09	10	51400	买盘
09:30:47	51.31	0.01	8	41048	中性盘
09:30:43	51.3	-0.1	29	148770	卖盘
09:30:37	51.4	--	16	82240	买盘
09:30:32	51.4	--	4	20560	买盘
09:30:28	51.4	-0.08	28	143920	卖盘
09:30:22	51.48	--	1	5148	买盘
09:30:17	51.48	0.19	1	5148	买盘
09:30:07	51.29	0.17	66	338514	买盘
09:30:02	51.12	--	3	15336	买盘
09:28:55	51.12	--	0	0	买盘
09:25:07	51.12	51.12	17	86904	买盘
