成交时间	成交价	价格变动	成交量(手)	成交额(元)	性质
15:00:00	7.03	--	0	0	卖盘
15:00:00	7.03	--	0	0	卖盘
15:00:00	7.03	--	31	21793	卖盘
14:59:58	7.03	--	116	81548	卖盘
14:59:52	7.03	--	146	102638	卖盘
14:59:48	7.03	0.01	681	478982	买盘
14:59:43	7.02	-0.01	15	10530	卖盘
14:59:37	7.03	--	391	274873	买盘
14:59:33	7.03	0.01	12	8436	买盘
14:59:28	7.02	-0.01	10	7020	卖盘
14:59:22	7.03	--	7	4921	买盘
14:59:18	7.03	--	5	3515	买盘
14:59:13	7.03	--	59	41477	买盘
14:59:07	7.03	--	15	10545	买盘
14:59:03	7.03	--	475	333925	卖盘
14:58:58	7.03	--	122	85766	卖盘
14:58:52	7.03	--	118	82954	卖盘
14:58:47	7.03	--	112	78736	卖盘
14:58:43	7.03	--	45	31635	卖盘
14:58:37	7.03	0.01	838	589114	买盘
14:58:33	7.02	--	279	195858	买盘
14:58:28	7.02	--	95	66690	买盘
14:58:22	7.02	--	27	18954	买盘
14:58:18	7.02	--	10	7020	买盘
14:58:13	7.02	-0.01	97	68094	卖盘
14:58:07	7.03	0.01	51	35853	买盘
14:58:03	7.02	--	55	38610	卖盘
14:57:58	7.02	--	37	25974	卖盘
14:57:52	7.02	--	42	29484	卖盘
14:57:48	7.02	--	50	35100	卖盘
14:57:43	7.02	-0.01	12	8424	卖盘
14:57:37	7.03	0.02	222	156066	买盘
14:57:33	7.01	-0.01	50	35050	卖盘
14:57:28	7.02	0.01	5	3510	买盘
14:57:22	7.01	-0.01	62	43462	卖盘
14:57:18	7.02	0.01	10	7020	买盘
14:57:13	7.01	0.01	424	297364	买盘
14:57:07	7.0	-0.01	1	700	卖盘
14:56:58	7.01	0.01	39	27339	买盘
14:56:52	7.0	--	95	66500	卖盘
14:56:48	7.0	--	8	5600	卖盘
14:56:43	7.0	--	13	9100	卖盘
14:56:33	7.0	-0.01	20	14000	卖盘
14:56:27	7.01	0.01	40	28040	买盘
14:56:22	7.0	--	39	27300	买盘
14:56:18	7.0	0.01	98	68600	买盘
14:56:12	6.99	-0.01	90	62910	卖盘
14:56:07	7.0	-0.01	219	153300	卖盘
14:56:03	7.01	0.01	57	39957	买盘
14:55:57	7.0	--	5	3500	卖盘
14:55:52	7.0	--	26	18200	卖盘
14:55:47	7.0	--	125	87500	卖盘
14:55:42	7.0	--	41	28700	卖盘
14:55:37	7.0	--	15	10500	卖盘
14:55:32	7.0	0.01	142	99400	买盘
14:55:27	6.99	-0.01	28	19572	卖盘
14:55:22	7.0	0.01	7	4900	买盘
14:55:16	6.99	--	82	57318	卖盘
14:55:07	6.99	-0.01	40	27960	卖盘
14:55:01	7.0	--	157	109900	买盘
14:54:57	7.0	--	64	44800	买盘
14:54:52	7.0	0.01	7	4900	买盘
14:54:37	6.99	--	33	23067	卖盘
14:54:31	6.99	--	82	57318	卖盘
14:54:12	6.99	--	12	8388	卖盘
14:54:07	6.99	--	3	2097	卖盘
14:53:57	6.99	-0.01	100	69900	卖盘
14:53:52	7.0	--	42	29400	买盘
14:53:46	7.0	--	128	89600	买盘
14:53:42	7.0	--	2	1400	买盘
14:53:37	7.0	0.01	32	22400	买盘
14:53:31	6.99	--	1	699	卖盘
14:53:27	6.99	-0.01	80	55920	卖盘
14:53:22	7.0	--	153	107100	买盘
14:53:07	7.0	--	62	43400	买盘
14:52:52	7.0	--	10	7000	买盘
14:52:46	7.0	0.03	24	16800	买盘
14:52:42	6.97	--	6	4182	卖盘
14:52:37	6.97	-0.03	264	184530	卖盘
14:52:31	7.0	0.01	53	37100	买盘
14:52:27	6.99	--	57	39843	卖盘
14:52:22	6.99	0.02	10	6990	中性盘
14:52:16	6.97	-0.02	373	259981	卖盘
14:52:11	6.99	--	50	34950	买盘
14:52:07	6.99	0.01	210	146790	买盘
14:52:01	6.98	0.01	23	16054	中性盘
14:51:56	6.97	-0.01	308	214676	卖盘
14:51:52	6.98	--	15	10470	卖盘
14:51:46	6.98	0.01	28	19544	买盘
14:51:42	6.97	-0.01	217	151249	卖盘
14:51:37	6.98	--	44	30712	买盘
14:51:31	6.98	--	38	26524	买盘
14:51:22	6.98	--	211	147278	卖盘
14:51:07	6.98	--	36	25128	买盘
14:51:01	6.98	0.01	32	22336	中性盘
14:50:57	6.97	-0.02	382	266254	卖盘
14:50:52	6.99	0.01	20	13980	买盘
14:50:41	6.98	--	104	72592	买盘
14:50:37	6.98	0.01	69	48162	买盘
14:50:31	6.97	--	191	133127	卖盘
14:50:22	6.97	-0.01	385	268345	卖盘
14:50:16	6.98	--	134	93532	卖盘
14:50:07	6.98	--	47	32806	卖盘
14:50:01	6.98	--	34	23732	买盘
14:49:56	6.98	0.01	4	2792	买盘
14:49:52	6.97	-0.01	358	249526	卖盘
14:49:42	6.98	--	49	34202	卖盘
14:49:37	6.98	0.01	11	7678	卖盘
14:49:27	6.97	-0.01	433	301801	卖盘
14:49:21	6.98	--	102	71196	卖盘
14:49:11	6.98	-0.01	11	7684	卖盘
14:49:06	6.99	--	130	90870	买盘
14:49:01	6.99	0.01	28	19572	买盘
14:48:56	6.98	-0.01	627	437646	卖盘
14:48:46	6.99	--	492	343908	买盘
14:48:42	6.99	0.01	27	18873	买盘
14:48:36	6.98	-0.01	77	53746	卖盘
14:48:31	6.99	--	80	55920	买盘
14:48:26	6.99	0.01	55	38445	买盘
14:48:21	6.98	--	15	10470	卖盘
14:48:16	6.98	-0.01	511	356678	卖盘
14:47:55	6.99	0.01	90	62910	买盘
14:47:51	6.98	-0.01	1	698	卖盘
14:47:46	6.99	0.01	70	48930	买盘
14:47:40	6.98	0.01	2	1396	中性盘
14:47:36	6.97	-0.02	398	277406	卖盘
14:47:31	6.99	0.01	1	699	买盘
14:47:25	6.98	0.01	28	19544	中性盘
14:47:21	6.97	-0.02	26	18122	卖盘
14:47:16	6.99	0.02	60	41940	买盘
14:47:01	6.97	-0.01	488	340136	卖盘
14:46:46	6.98	--	53	36994	买盘
14:46:40	6.98	--	169	117962	买盘
14:46:36	6.98	--	42	29316	买盘
14:46:31	6.98	0.01	191	133318	买盘
14:46:25	6.97	-0.01	224	156128	卖盘
14:46:21	6.98	--	2	1396	买盘
14:46:16	6.98	--	30	20940	买盘
14:46:10	6.98	--	96	67008	买盘
14:46:06	6.98	--	20	13960	买盘
14:46:01	6.98	--	272	189856	卖盘
14:45:55	6.98	-0.01	195	136110	卖盘
14:45:51	6.99	--	9	6291	买盘
14:45:46	6.99	0.01	47	32853	买盘
14:45:36	6.98	0.01	50	34900	卖盘
14:45:31	6.97	--	175	121975	卖盘
14:45:25	6.97	-0.02	240	167280	卖盘
14:45:20	6.99	0.01	63	44037	买盘
14:45:16	6.98	0.01	3	2094	买盘
14:45:10	6.97	-0.02	15	10455	卖盘
14:45:05	6.99	0.02	2	1398	买盘
14:45:01	6.97	-0.01	181	126157	卖盘
14:44:55	6.98	0.01	238	166124	卖盘
14:44:46	6.97	--	0	0	卖盘
14:44:40	6.97	-0.01	183	127551	卖盘
14:44:35	6.98	0.02	3	2094	买盘
14:44:31	6.96	--	175	121800	卖盘
14:44:25	6.96	-0.03	500	348000	卖盘
14:44:20	6.99	--	1	699	买盘
14:44:16	6.99	0.03	237	165663	买盘
14:44:10	6.96	--	0	0	卖盘
14:44:01	6.96	-0.04	209	145464	卖盘
14:43:55	7.0	--	1	700	买盘
14:43:50	7.0	0.05	7	4900	买盘
14:43:46	6.95	-0.01	365	253675	卖盘
14:43:40	6.96	-0.03	3054	2125584	卖盘
14:43:35	6.99	--	51	35649	卖盘
14:43:31	6.99	0.01	237	165663	买盘
14:43:25	6.98	-0.01	130	90740	卖盘
14:43:20	6.99	0.01	17	11883	买盘
14:43:16	6.98	-0.01	230	160540	卖盘
14:43:10	6.99	--	63	44037	买盘
14:43:05	6.99	0.01	31	21669	买盘
14:43:01	6.98	-0.01	77	53746	卖盘
14:42:55	6.99	--	216	150984	买盘
14:42:50	6.99	--	56	39144	买盘
14:42:46	6.99	--	310	216690	买盘
14:42:40	6.99	--	236	164964	买盘
14:42:35	6.99	--	50	34950	买盘
14:42:31	6.99	--	198	138402	买盘
14:42:25	6.99	--	103	72171	卖盘
14:42:20	6.99	--	246	172478	买盘
14:42:10	6.99	0.01	70	48930	买盘
14:42:05	6.98	-0.01	157	109586	卖盘
14:42:00	6.99	--	159	111141	买盘
14:41:55	6.99	--	392	274008	买盘
14:41:50	6.99	--	3	2097	买盘
14:41:45	6.99	--	30	20970	买盘
14:41:40	6.99	--	426	297774	卖盘
14:41:35	6.99	0.01	15	10485	卖盘
14:41:25	6.98	-0.01	507	353886	卖盘
14:41:10	6.99	--	90	62910	卖盘
14:41:05	6.99	-0.01	285	199215	卖盘
14:40:55	7.0	--	56	39200	买盘
14:40:49	7.0	--	357	249900	买盘
14:40:45	7.0	--	20	14000	买盘
14:40:40	7.0	--	67	46900	买盘
14:40:34	7.0	--	3	2100	买盘
14:40:25	7.0	0.01	35	24500	买盘
14:40:19	6.99	-0.01	497	347403	卖盘
14:40:15	7.0	--	29	20300	买盘
14:40:10	7.0	--	22	15400	买盘
14:40:04	7.0	--	9	6300	买盘
14:40:00	7.0	--	62	43400	买盘
14:39:55	7.0	--	11	7700	买盘
14:39:49	7.0	-0.01	2349	1644363	卖盘
14:39:45	7.01	--	160	112160	买盘
14:39:40	7.01	--	132	92532	买盘
14:39:34	7.01	--	165	115665	卖盘
14:39:30	7.01	--	20	14020	卖盘
14:39:25	7.01	0.01	30	21030	卖盘
14:39:19	7.0	--	0	0	卖盘
14:39:15	7.0	-0.02	422	295400	卖盘
14:39:10	7.02	0.01	10	7020	买盘
14:38:49	7.01	--	1015	711515	卖盘
14:38:45	7.01	--	65	45565	买盘
14:38:40	7.01	--	408	286008	买盘
14:38:34	7.01	0.01	3	2103	买盘
14:38:30	7.0	-0.01	13	9100	卖盘
14:38:25	7.01	--	10	7010	买盘
14:38:19	7.01	0.01	51	35751	买盘
14:38:14	7.0	-0.01	19	13300	卖盘
14:38:10	7.01	--	403	282503	买盘
14:38:04	7.01	--	60	42060	买盘
14:37:59	7.01	--	20	14020	买盘
14:37:55	7.01	--	12	8412	买盘
14:37:49	7.01	0.01	3	2740	买盘
14:37:40	7.0	-0.01	362	253400	卖盘
14:37:34	7.01	--	28	19628	买盘
14:37:29	7.01	--	55	38555	买盘
14:37:25	7.01	--	30	21030	买盘
14:37:14	7.01	--	10	7010	买盘
14:37:10	7.01	0.01	352	246752	买盘
14:37:04	7.0	-0.01	286	200200	卖盘
14:36:55	7.01	-0.02	3263	2287790	卖盘
14:36:49	7.03	0.01	88	61864	买盘
14:36:44	7.02	--	80	56160	买盘
14:36:40	7.02	-0.01	406	285012	卖盘
14:36:34	7.03	--	50	35150	买盘
14:36:10	7.03	0.01	10	7030	买盘
14:36:04	7.02	-0.01	556	390312	卖盘
14:35:49	7.03	0.01	229	160987	买盘
14:35:40	7.02	--	49	34398	卖盘
14:35:24	7.02	--	365	256229	卖盘
14:35:19	7.02	--	23	16145	买盘
14:35:14	7.02	--	25	17550	买盘
14:35:09	7.02	--	5	3510	买盘
14:35:04	7.02	--	26	18252	买盘
14:34:59	7.02	--	602	422604	卖盘
14:34:54	7.02	--	10	7020	卖盘
14:34:29	7.02	--	340	238680	卖盘
14:34:24	7.02	--	20	14040	卖盘
14:34:19	7.02	-0.01	3	2106	卖盘
14:34:04	7.03	--	49	34447	卖盘
14:33:49	7.03	0.01	47	33041	买盘
14:33:43	7.02	-0.01	60	42120	卖盘
14:33:39	7.03	0.01	40	28120	中性盘
14:33:34	7.02	--	498	349596	卖盘
14:33:28	7.02	-0.01	307	215514	卖盘
14:33:24	7.03	0.01	10	7030	买盘
14:33:19	7.02	-0.01	400	280800	卖盘
14:33:13	7.03	--	5	3515	买盘
14:33:04	7.03	--	22	15466	卖盘
14:32:58	7.03	--	135	94905	买盘
14:32:43	7.03	--	40	28120	买盘
14:32:39	7.03	0.01	50	35150	买盘
14:32:34	7.02	--	351	246401	卖盘
14:32:28	7.02	-0.01	127	89154	卖盘
14:32:19	7.03	--	58	40774	买盘
14:32:13	7.03	0.01	40	28120	买盘
14:32:04	7.02	-0.01	352	247103	卖盘
14:31:58	7.03	--	100	70300	买盘
14:31:54	7.03	--	24	16872	买盘
14:31:49	7.03	-0.01	50	35150	买盘
14:31:43	7.04	--	0	0	买盘
14:31:34	7.04	0.01	604	425216	买盘
14:31:28	7.03	-0.01	21	14763	卖盘
14:31:08	7.04	0.02	62	43648	买盘
14:31:04	7.02	--	175	122849	卖盘
14:30:58	7.02	-0.01	77	54054	卖盘
14:30:43	7.03	-0.01	108	75924	卖盘
14:30:38	7.04	--	3	2112	买盘
14:30:23	7.04	0.01	10	7040	买盘
14:30:19	7.03	-0.01	4	2812	卖盘
14:30:13	7.04	--	482	339328	买盘
14:30:08	7.04	--	28	19712	买盘
14:29:58	7.04	--	48	33792	买盘
14:29:53	7.04	0.01	18	12672	买盘
14:29:49	7.03	--	4	2812	卖盘
14:29:43	7.03	--	12	8436	卖盘
14:29:34	7.03	--	361	253783	卖盘
14:29:28	7.03	--	10	7030	卖盘
14:29:19	7.03	-0.01	87	61161	卖盘
14:29:13	7.04	0.01	7	4928	买盘
14:29:04	7.03	--	490	344470	卖盘
14:28:58	7.03	0.01	79	55537	买盘
14:28:43	7.02	--	13	9126	卖盘
14:28:34	7.02	--	739	518813	买盘
14:28:28	7.02	--	22	15443	买盘
14:28:23	7.02	0.01	1550	1088100	买盘
14:28:13	7.01	--	747	523647	卖盘
14:28:03	7.01	-0.01	315	220815	卖盘
14:27:58	7.02	0.01	6	4212	买盘
14:27:53	7.01	--	501	351201	卖盘
14:27:28	7.01	-0.01	19	13319	卖盘
14:27:23	7.02	--	20	14040	买盘
14:27:18	7.02	0.01	5	3510	买盘
14:27:13	7.01	-0.01	422	295822	卖盘
14:27:08	7.02	--	10	7020	买盘
14:26:58	7.02	0.01	9	6318	买盘
14:26:53	7.01	-0.01	5	3505	卖盘
14:26:48	7.02	0.01	1	702	买盘
14:26:43	7.01	-0.01	35	24535	卖盘
14:26:37	7.02	--	360	252719	买盘
14:26:33	7.02	0.01	7	4914	买盘
14:26:22	7.01	--	200	140200	卖盘
14:26:13	7.01	--	2	1402	卖盘
14:26:07	7.01	--	406	284606	卖盘
14:26:03	7.01	-0.01	12	8412	卖盘
14:25:58	7.02	0.01	7	4914	买盘
14:25:52	7.01	--	54	37854	卖盘
14:25:43	7.01	--	91	64029	买盘
14:25:37	7.01	0.01	271	189971	买盘
14:25:33	7.0	--	370	259000	卖盘
14:25:28	7.0	--	125	87500	卖盘
14:25:22	7.0	-0.01	145	101500	卖盘
14:25:18	7.01	0.01	50	35050	买盘
14:25:13	7.0	-0.01	714	499800	卖盘
14:25:07	7.01	0.01	310	217310	买盘
14:24:58	7.0	--	19	13300	卖盘
14:24:52	7.0	-0.01	277	193900	卖盘
14:24:48	7.01	--	102	71502	买盘
14:24:43	7.01	--	105	73605	买盘
14:24:37	7.01	--	97	67997	买盘
14:24:33	7.01	--	50	35050	买盘
14:24:28	7.01	--	15	10515	买盘
14:24:22	7.01	--	163	114263	买盘
14:24:18	7.01	--	5	3505	买盘
14:24:13	7.01	--	809	567571	卖盘
14:24:07	7.01	--	258	180858	卖盘
14:24:02	7.01	--	92	64492	卖盘
14:23:58	7.01	--	5	3505	卖盘
14:23:47	7.01	--	4	2804	卖盘
14:23:43	7.01	--	2	1402	卖盘
14:23:37	7.01	--	112	78512	卖盘
14:23:32	7.01	--	5	3505	卖盘
14:23:17	7.01	--	104	73142	卖盘
14:23:13	7.01	--	50	35050	卖盘
14:23:07	7.01	-0.01	5	3505	卖盘
14:23:02	7.02	0.01	3	2106	买盘
14:22:52	7.01	--	15	10515	卖盘
14:22:47	7.01	-0.01	33	23133	卖盘
14:22:43	7.02	--	1	702	买盘
14:22:37	7.02	0.01	3	2106	买盘
14:22:28	7.01	-0.01	32	22432	卖盘
14:22:22	7.02	--	2	1404	买盘
14:22:13	7.02	0.01	122	85644	买盘
14:22:07	7.01	-0.01	92	64492	卖盘
14:22:02	7.02	--	7	4914	买盘
14:21:58	7.02	0.01	100	70200	买盘
14:21:52	7.01	--	11	7711	卖盘
14:21:47	7.01	--	5	3505	卖盘
14:21:43	7.01	--	25	17525	卖盘
14:21:32	7.01	-0.01	2	1402	卖盘
14:21:27	7.02	--	128	89856	买盘
14:21:22	7.02	0.01	100	70200	买盘
14:21:17	7.01	-0.01	80	56080	卖盘
14:21:13	7.02	0.01	1190	835380	买盘
14:21:07	7.01	-0.01	143	100243	卖盘
14:21:02	7.02	0.01	41	28782	买盘
14:20:57	7.01	-0.01	534	374334	卖盘
14:20:52	7.02	0.01	866	607932	买盘
14:20:47	7.01	-0.01	40	28040	卖盘
14:20:37	7.02	--	106	74412	买盘
14:20:27	7.02	0.01	28	19656	买盘
14:20:22	7.01	-0.01	23	16123	卖盘
14:20:17	7.02	0.01	11	7721	买盘
14:20:12	7.01	-0.01	15	10515	卖盘
14:20:07	7.02	--	198	138996	买盘
14:20:02	7.02	--	30	21060	买盘
14:19:52	7.02	--	41	28782	买盘
14:19:47	7.02	-0.02	2970	2085606	卖盘
14:19:42	7.04	0.01	5	3520	买盘
14:19:37	7.03	--	19	13357	卖盘
14:19:27	7.03	--	5	3515	卖盘
14:19:22	7.03	-0.01	225	158175	卖盘
14:19:16	7.04	0.01	60	42240	买盘
14:19:07	7.03	--	10	7030	卖盘
14:19:01	7.03	--	64	44992	卖盘
14:18:57	7.03	-0.01	9	6327	卖盘
14:18:52	7.04	0.01	9	6336	买盘
14:18:46	7.03	-0.01	61	42883	卖盘
14:18:42	7.04	--	10	7040	买盘
14:18:37	7.04	0.01	16	11264	买盘
14:18:31	7.03	-0.01	10	7030	卖盘
14:18:22	7.04	0.01	45	31680	买盘
14:18:16	7.03	--	5	3515	卖盘
14:18:12	7.03	--	3	2109	卖盘
14:18:01	7.03	--	11	7733	卖盘
14:17:42	7.03	-0.01	60	42180	卖盘
14:17:37	7.04	0.01	51	35904	买盘
14:17:31	7.03	--	100	70300	卖盘
14:17:27	7.03	-0.01	38	26714	卖盘
14:17:16	7.04	0.01	65	45760	买盘
14:17:07	7.03	--	4	2812	卖盘
14:17:01	7.03	--	20	14060	卖盘
14:16:56	7.03	--	82	57646	卖盘
14:16:52	7.03	-0.01	275	193325	卖盘
14:16:46	7.04	0.01	40	28160	买盘
14:16:37	7.03	--	13	9139	卖盘
14:16:31	7.03	--	30	21090	卖盘
14:16:26	7.03	--	37	26011	卖盘
14:16:22	7.03	--	30	21090	卖盘
14:16:16	7.03	--	42	29526	卖盘
14:16:07	7.03	--	305	214415	卖盘
14:16:01	7.03	--	221	155363	卖盘
14:15:56	7.03	--	73	51319	卖盘
14:15:52	7.03	--	53	37259	卖盘
14:15:46	7.03	--	100	70335	卖盘
14:15:31	7.03	-0.01	820	576460	卖盘
14:15:22	7.04	--	252	177408	买盘
14:15:16	7.04	--	1475	1038400	卖盘
14:15:07	7.04	-0.01	10	7040	卖盘
14:15:01	7.05	0.01	90	63450	买盘
14:14:56	7.04	-0.01	110	77440	卖盘
14:14:37	7.05	0.01	4	2820	买盘
14:14:31	7.04	-0.01	124	87296	卖盘
14:14:26	7.05	0.01	4	2820	买盘
14:14:22	7.04	-0.01	50	35200	卖盘
14:14:06	7.05	0.01	4	2820	买盘
14:14:01	7.04	-0.01	90	63360	卖盘
14:13:41	7.05	--	2	1410	买盘
14:13:26	7.05	0.01	30	21150	买盘
14:13:21	7.04	-0.01	255	179520	卖盘
14:13:16	7.05	0.01	2	1410	买盘
14:13:11	7.04	--	2	1408	卖盘
14:13:01	7.04	--	202	142208	卖盘
14:12:56	7.04	-0.01	30	21120	卖盘
14:12:46	7.05	0.01	1	705	买盘
14:12:41	7.04	--	158	111232	卖盘
14:12:25	7.04	--	10	7040	卖盘
14:12:21	7.04	-0.01	18	12672	卖盘
14:12:10	7.05	--	57	40185	买盘
14:12:01	7.05	--	2	1410	买盘
14:11:46	7.05	--	3	2115	买盘
14:11:36	7.05	0.01	36	25380	买盘
14:11:31	7.04	--	8	5632	卖盘
14:11:16	7.04	--	4	2816	卖盘
14:11:10	7.04	--	45	31680	卖盘
14:11:01	7.04	--	126	88704	卖盘
14:10:46	7.04	-0.01	45	31680	卖盘
14:10:36	7.05	--	3	2115	买盘
14:10:31	7.05	--	1	705	买盘
14:10:16	7.05	0.01	10	7050	买盘
14:10:00	7.04	--	155	109120	卖盘
14:09:55	7.04	--	8	5632	卖盘
14:09:50	7.04	--	4	2816	卖盘
14:09:40	7.04	--	30	21120	卖盘
14:09:20	7.04	--	2	1408	卖盘
14:09:16	7.04	-0.01	200	140800	卖盘
14:09:10	7.05	--	220	155100	买盘
14:08:55	7.05	--	13	9165	买盘
14:08:46	7.05	0.01	14	9870	买盘
14:08:40	7.04	-0.01	54	38016	卖盘
14:08:31	7.05	--	40	28200	买盘
14:08:25	7.05	--	74	52170	买盘
14:08:20	7.05	--	8	5640	买盘
14:08:16	7.05	--	8	5640	买盘
14:08:10	7.05	0.01	1	705	买盘
14:08:05	7.04	-0.01	17	11968	卖盘
14:08:01	7.05	--	16	11280	买盘
14:07:55	7.05	0.01	24	16920	买盘
14:07:46	7.04	-0.01	10	7040	卖盘
14:07:40	7.05	--	27	19035	买盘
14:07:25	7.05	--	88	62040	买盘
14:07:15	7.05	--	104	73320	买盘
14:07:10	7.05	--	11	7755	买盘
14:07:00	7.05	0.01	5	3525	买盘
14:06:55	7.04	--	16	11264	卖盘
14:06:50	7.04	-0.01	10	7040	卖盘
14:06:40	7.05	--	10	7050	买盘
14:06:35	7.05	--	1	705	买盘
14:06:30	7.05	--	10	7050	买盘
14:06:10	7.05	-0.01	1552	1094336	卖盘
14:05:50	7.06	0.01	26	18356	买盘
14:05:35	7.05	-0.01	61	43005	卖盘
14:05:25	7.06	--	12	8472	买盘
14:05:10	7.06	0.01	2	1412	买盘
14:04:49	7.05	-0.01	35	24675	卖盘
14:04:40	7.06	--	22	15532	买盘
14:04:34	7.06	0.01	183	129198	买盘
14:04:25	7.05	-0.01	37	26085	卖盘
14:04:15	7.06	--	5	3530	买盘
14:04:10	7.06	0.01	40	28240	买盘
14:04:04	7.05	-0.01	263	185415	卖盘
14:03:55	7.06	--	1	706	买盘
14:03:49	7.06	--	42	29652	买盘
14:03:40	7.06	--	44	31064	买盘
14:03:34	7.06	--	198	139788	买盘
14:03:30	7.06	0.01	10	7060	买盘
14:03:25	7.05	-0.01	69	48645	卖盘
14:03:15	7.06	--	4	2824	买盘
14:02:59	7.06	--	28	19768	买盘
14:02:55	7.06	--	20	14120	买盘
14:02:34	7.06	--	30	21180	买盘
14:02:29	7.06	--	9	6354	买盘
14:02:24	7.06	--	2	1412	买盘
14:02:19	7.06	--	12	8472	买盘
14:02:10	7.06	--	24	16944	买盘
14:02:04	7.06	--	87	61422	买盘
14:01:55	7.06	0.01	2	1412	买盘
14:01:49	7.05	-0.01	2	1410	卖盘
14:01:44	7.06	--	19	13414	买盘
14:01:40	7.06	--	101	71306	买盘
14:01:34	7.06	--	1	706	买盘
14:01:19	7.06	0.01	20	14120	买盘
14:01:14	7.05	--	63	44415	卖盘
14:01:09	7.05	-0.01	17	11985	卖盘
14:01:04	7.06	0.01	62	43772	买盘
14:00:59	7.05	--	2	1410	卖盘
14:00:49	7.05	-0.01	32	22560	卖盘
14:00:39	7.06	--	5	3530	买盘
14:00:34	7.06	0.01	10	7060	买盘
14:00:24	7.05	-0.01	3	2115	卖盘
14:00:19	7.06	0.01	106	74836	买盘
14:00:14	7.05	--	30	21150	卖盘
14:00:09	7.05	--	30	21150	卖盘
13:59:59	7.05	--	2	1410	卖盘
13:59:54	7.05	--	0	345	卖盘
13:59:29	7.05	--	230	162150	卖盘
13:59:24	7.05	--	14	9870	卖盘
13:59:14	7.05	--	21	14805	卖盘
13:59:09	7.05	--	26	18513	买盘
13:59:04	7.05	--	318	224190	买盘
13:58:59	7.05	--	30	21150	买盘
13:58:54	7.05	--	100	70500	买盘
13:58:49	7.05	0.01	2	1410	买盘
13:58:44	7.04	-0.01	1	704	卖盘
13:58:34	7.05	--	204	143820	买盘
13:58:28	7.05	--	60	42300	买盘
13:58:24	7.05	--	4	2820	买盘
13:58:19	7.05	--	100	70500	买盘
13:58:13	7.05	--	131	92355	买盘
13:58:04	7.05	--	29	20445	买盘
13:57:49	7.05	--	542	382110	卖盘
13:57:43	7.05	-0.01	150	105750	卖盘
13:57:34	7.06	0.01	3	2118	买盘
13:57:19	7.05	--	30	21150	卖盘
13:57:13	7.05	--	28	19740	卖盘
13:57:09	7.05	--	4	2820	卖盘
13:57:04	7.05	--	6	4230	卖盘
13:56:58	7.05	--	14	9870	卖盘
13:56:54	7.05	--	20	14100	卖盘
13:56:49	7.05	0.01	49	34545	买盘
13:56:43	7.04	--	9	6336	卖盘
13:56:39	7.04	-0.01	100	70400	卖盘
13:56:34	7.05	--	26	18330	卖盘
13:56:28	7.05	0.01	143	100815	买盘
13:56:18	7.04	-0.01	25	17600	卖盘
13:55:58	7.05	0.01	2	1410	买盘
13:55:38	7.04	-0.01	138	97152	卖盘
13:55:34	7.05	0.01	210	148050	买盘
13:55:28	7.04	-0.01	119	83776	卖盘
13:55:23	7.05	--	2	1410	买盘
13:55:08	7.05	0.01	50	35250	买盘
13:55:04	7.04	--	20	14080	卖盘
13:54:58	7.04	--	4	2816	卖盘
13:54:43	7.04	-0.01	140	98560	卖盘
13:54:28	7.05	--	59	41595	买盘
13:54:23	7.05	--	890	627450	卖盘
13:54:18	7.05	-0.01	51	35955	卖盘
13:54:13	7.06	0.01	94	66364	买盘
13:54:08	7.05	--	10	7050	卖盘
13:53:58	7.05	-0.01	17	11985	卖盘
13:53:18	7.06	--	121	85426	买盘
13:53:13	7.06	0.01	20	14120	买盘
13:52:53	7.05	--	15	10575	卖盘
13:52:43	7.05	-0.01	7	4935	卖盘
13:52:38	7.06	0.01	2	1412	买盘
13:52:23	7.05	-0.01	2	1410	卖盘
13:52:18	7.06	--	43	30358	买盘
13:52:08	7.06	0.01	20	14120	买盘
13:51:58	7.05	--	30	21150	卖盘
13:51:53	7.05	-0.01	107	75435	卖盘
13:51:48	7.06	--	2	1412	买盘
13:51:22	7.06	0.01	50	35300	买盘
13:51:18	7.05	-0.01	15	10575	卖盘
13:50:52	7.06	0.01	42	29652	买盘
13:50:37	7.05	-0.01	30	21150	卖盘
13:50:22	7.06	0.01	43	30358	买盘
13:50:18	7.05	-0.01	10	7050	卖盘
13:49:58	7.06	--	3	2118	买盘
13:49:48	7.06	0.02	29	20474	买盘
13:49:37	7.04	-0.02	518	364672	卖盘
13:49:33	7.06	0.01	1	706	买盘
13:49:18	7.05	--	27	19035	买盘
13:49:12	7.05	--	175	123375	卖盘
13:49:07	7.05	--	156	109980	卖盘
13:48:52	7.05	-0.01	11	7755	卖盘
13:48:42	7.06	0.01	49	34594	买盘
13:48:37	7.05	--	55	38775	卖盘
13:48:27	7.05	--	17	11985	卖盘
13:48:12	7.05	0.01	54	38070	买盘
13:48:07	7.04	-0.01	274	192896	卖盘
13:48:02	7.05	--	10	7050	买盘
13:47:57	7.05	--	27	19035	买盘
13:47:52	7.05	0.01	30	21150	买盘
13:47:47	7.04	--	42	29568	卖盘
13:47:42	7.04	-0.01	220	154880	卖盘
13:47:22	7.05	--	30	21150	买盘
13:47:17	7.05	--	10	7050	买盘
13:47:12	7.05	0.01	4	2820	买盘
13:47:07	7.04	-0.01	10	7040	卖盘
13:46:52	7.05	--	203	143115	买盘
13:46:42	7.05	--	11	7755	买盘
13:46:37	7.05	--	41	28905	买盘
13:46:32	7.05	0.01	21	14805	买盘
13:46:27	7.04	-0.01	10	7040	卖盘
13:46:12	7.05	0.01	42	29610	买盘
13:46:07	7.04	--	13	9152	买盘
13:46:02	7.04	--	32	22528	买盘
13:45:52	7.04	-0.01	114	80256	卖盘
13:45:37	7.05	0.01	34	23970	买盘
13:45:32	7.04	--	42	29568	卖盘
13:45:27	7.04	--	70	49280	卖盘
13:45:22	7.04	--	90	63360	买盘
13:45:17	7.04	0.01	42	29568	买盘
13:45:12	7.03	-0.01	115	80845	卖盘
13:45:07	7.04	0.01	5	3520	买盘
13:45:02	7.03	-0.01	24	16872	卖盘
13:44:52	7.04	--	116	81664	买盘
13:44:47	7.04	0.01	214	150656	买盘
13:44:42	7.03	--	57	40071	卖盘
13:44:27	7.03	--	190	133570	卖盘
13:44:22	7.03	-0.01	83	58349	卖盘
13:44:16	7.04	0.01	41	28864	买盘
13:44:12	7.03	-0.01	2	1406	卖盘
13:44:07	7.04	0.01	156	109824	买盘
13:44:01	7.03	-0.01	93	65379	卖盘
13:43:57	7.04	0.01	114	80256	买盘
13:43:52	7.03	--	20	14060	卖盘
13:43:46	7.03	--	81	56943	卖盘
13:43:42	7.03	--	47	33041	卖盘
13:43:37	7.03	--	27	18981	卖盘
13:43:27	7.03	-0.01	3	2109	卖盘
13:43:22	7.04	--	5	3520	买盘
13:43:16	7.04	--	1338	941952	卖盘
13:43:07	7.04	--	20	14080	卖盘
13:43:01	7.04	--	6	4224	卖盘
13:42:52	7.04	-0.01	31	21824	卖盘
13:42:46	7.05	0.01	400	282000	买盘
13:42:42	7.04	-0.01	1	704	卖盘
13:42:37	7.05	--	30	21150	买盘
13:42:22	7.05	--	37	26085	卖盘
13:42:16	7.05	-0.01	251	176955	卖盘
13:42:06	7.06	0.01	10	7060	买盘
13:42:01	7.05	--	128	90240	卖盘
13:41:51	7.05	--	5	3525	卖盘
13:41:46	7.05	-0.01	32	22560	卖盘
13:41:41	7.06	0.01	121	85426	买盘
13:41:36	7.05	--	23	16215	卖盘
13:41:31	7.05	--	130	91650	卖盘
13:41:21	7.05	-0.01	80	56400	卖盘
13:41:11	7.06	0.01	34	24004	买盘
13:41:06	7.05	--	14	9870	卖盘
13:41:01	7.05	--	150	105750	卖盘
13:40:51	7.05	--	325	229125	卖盘
13:40:41	7.05	--	128	90240	卖盘
13:40:31	7.05	-0.01	50	35250	卖盘
13:40:26	7.06	0.01	20	14120	买盘
13:40:16	7.05	-0.01	92	64860	卖盘
13:40:11	7.06	0.01	171	120726	买盘
13:39:51	7.05	--	14	9870	卖盘
13:39:46	7.05	--	25	17625	卖盘
13:39:16	7.05	-0.01	5	3525	卖盘
13:39:11	7.06	--	15	10590	买盘
13:38:56	7.06	--	5	3530	买盘
13:38:46	7.06	--	4	2824	买盘
13:38:36	7.06	0.01	10	7060	买盘
13:38:31	7.05	-0.01	230	162150	卖盘
13:38:26	7.06	0.01	10	7060	买盘
13:38:11	7.05	--	110	77550	卖盘
13:38:01	7.05	--	22	15510	卖盘
13:37:56	7.05	--	2	1410	卖盘
13:37:51	7.05	--	200	141000	卖盘
13:37:46	7.05	--	26	18330	卖盘
13:37:41	7.05	--	48	33840	卖盘
13:37:31	7.05	--	21	14805	卖盘
13:37:26	7.05	--	96	67680	卖盘
13:37:21	7.05	--	2	1410	卖盘
13:37:16	7.05	--	97	68385	卖盘
13:37:10	7.05	--	1159	817095	卖盘
13:37:06	7.05	--	10	7050	卖盘
13:37:01	7.05	--	111	78255	卖盘
13:36:46	7.05	--	5	3525	卖盘
13:36:40	7.05	--	50	35250	卖盘
13:36:36	7.05	--	14	9870	卖盘
13:36:31	7.05	--	55	38775	卖盘
13:36:25	7.05	--	250	176250	卖盘
13:36:21	7.05	--	32	22560	卖盘
13:36:16	7.05	--	4	2820	卖盘
13:35:55	7.05	--	16	11280	卖盘
13:35:51	7.05	--	10	7050	卖盘
13:35:46	7.05	-0.01	2	1410	卖盘
13:35:36	7.06	0.01	50	35300	买盘
13:35:31	7.05	--	171	120555	卖盘
13:35:25	7.05	-0.01	3	2115	卖盘
13:35:15	7.06	0.01	5	3530	买盘
13:35:10	7.05	-0.01	38	26790	卖盘
13:34:55	7.06	0.01	7	4942	买盘
13:34:50	7.05	-0.01	2	1410	卖盘
13:34:45	7.06	0.01	5	3530	买盘
13:34:40	7.05	-0.01	30	21150	卖盘
13:34:30	7.06	--	1	706	买盘
13:34:25	7.06	--	1	706	买盘
13:34:15	7.06	--	50	35300	买盘
13:33:45	7.06	--	81	57186	卖盘
13:33:40	7.06	--	18	12708	卖盘
13:33:30	7.06	--	135	95310	卖盘
13:33:25	7.06	--	2	1412	卖盘
13:33:20	7.06	--	15	10590	卖盘
13:33:15	7.06	--	124	87544	卖盘
13:33:10	7.06	--	156	110136	卖盘
13:33:00	7.06	--	50	35300	卖盘
13:32:55	7.06	--	7	4942	卖盘
13:32:50	7.06	-0.01	4	2824	卖盘
13:32:35	7.07	0.01	15	10605	买盘
13:32:10	7.06	-0.01	7	4942	卖盘
13:32:00	7.07	--	44	31108	买盘
13:31:55	7.07	--	10	7070	买盘
13:31:50	7.07	0.01	25	17675	买盘
13:31:45	7.06	-0.01	74	52244	卖盘
13:31:40	7.07	--	1	707	买盘
13:31:15	7.07	--	4	2828	买盘
13:30:50	7.07	--	71	50197	买盘
13:30:45	7.07	0.01	2	1414	买盘
13:30:25	7.06	-0.01	0	14	卖盘
13:30:20	7.07	0.01	24	16968	买盘
13:30:10	7.06	-0.01	21	14826	卖盘
13:30:05	7.07	0.01	1	707	买盘
13:30:00	7.06	-0.01	10	7060	卖盘
13:29:55	7.07	0.01	5	3535	买盘
13:29:34	7.06	--	2	1412	卖盘
13:29:10	7.06	--	9	6354	卖盘
13:29:04	7.06	--	26	18356	卖盘
13:28:55	7.06	--	129	91074	卖盘
13:28:49	7.06	--	7	4942	卖盘
13:28:34	7.06	--	56	40037	买盘
13:28:30	7.06	--	10	7060	买盘
13:28:25	7.06	--	146	103280	卖盘
13:28:15	7.06	--	10	7060	卖盘
13:28:09	7.06	--	30	21180	卖盘
13:28:04	7.06	--	3	2118	卖盘
13:27:54	7.06	--	192	135552	卖盘
13:27:29	7.06	--	100	70600	卖盘
13:27:24	7.06	--	5	3530	卖盘
13:27:19	7.06	-0.01	0	21	卖盘
13:27:14	7.07	0.01	10	7070	买盘
13:27:04	7.06	--	50	35300	卖盘
13:26:59	7.06	-0.01	50	35300	卖盘
13:26:54	7.07	--	11	7777	买盘
13:26:34	7.07	0.01	50	35350	买盘
13:26:19	7.06	--	2	1412	卖盘
13:26:04	7.06	--	65	45890	卖盘
13:25:34	7.06	-0.01	3	2118	卖盘
13:25:04	7.07	0.01	129	91203	买盘
13:24:39	7.06	--	8	5648	卖盘
13:24:34	7.06	--	20	14120	卖盘
13:24:29	7.06	-0.01	19	13414	卖盘
13:24:24	7.07	--	14	9898	买盘
13:24:19	7.07	0.01	29	20503	买盘
13:24:14	7.06	--	100	70600	卖盘
13:24:04	7.06	--	5	3530	卖盘
13:23:59	7.06	--	30	21180	卖盘
13:23:49	7.06	--	79	56254	买盘
13:23:34	7.06	--	50	35300	买盘
13:23:29	7.06	--	22	15532	买盘
13:23:24	7.06	--	11	7766	买盘
13:23:19	7.06	--	38	26828	买盘
13:23:09	7.06	--	20	14120	买盘
13:23:04	7.06	--	61	43066	买盘
13:22:58	7.06	--	70	49420	买盘
13:22:43	7.06	--	20	14120	买盘
13:22:39	7.06	--	11	7766	买盘
13:22:13	7.06	--	70	49420	买盘
13:22:09	7.06	--	38	26828	买盘
13:22:04	7.06	--	100	70600	买盘
13:21:58	7.06	--	3	2118	买盘
13:21:49	7.06	-0.01	518	365933	卖盘
13:21:43	7.07	0.01	100	70700	买盘
13:21:39	7.06	--	41	28946	卖盘
13:21:34	7.06	--	99	69894	卖盘
13:21:24	7.06	--	10	7060	卖盘
13:21:13	7.06	--	16	11296	卖盘
13:21:09	7.06	--	15	10590	卖盘
13:21:03	7.06	-0.01	34	24004	卖盘
13:20:53	7.07	0.01	50	35350	买盘
13:20:48	7.06	--	5	3530	卖盘
13:20:33	7.06	--	32	22592	卖盘
13:20:18	7.06	--	200	141200	卖盘
13:20:03	7.06	--	250	176500	卖盘
13:19:58	7.06	--	5	3530	卖盘
13:19:53	7.06	--	124	87544	卖盘
13:19:23	7.06	-0.01	1	706	卖盘
13:19:13	7.07	--	7	4949	买盘
13:19:08	7.07	0.01	130	91910	买盘
13:18:58	7.06	--	0	84	卖盘
13:18:53	7.06	-0.01	5	3530	卖盘
13:18:48	7.07	0.01	198	139986	买盘
13:18:43	7.06	--	27	19062	卖盘
13:18:28	7.06	--	1	706	卖盘
13:18:18	7.06	--	100	70600	卖盘
13:18:08	7.06	--	23	16238	卖盘
13:18:03	7.06	-0.01	5	3530	卖盘
13:17:58	7.07	0.01	5	3535	买盘
13:17:53	7.06	-0.01	145	102370	卖盘
13:17:43	7.07	--	37	26159	买盘
13:17:38	7.07	0.01	50	35350	买盘
13:17:33	7.06	--	200	141200	卖盘
13:17:28	7.06	--	7	4942	卖盘
13:17:23	7.06	--	1	706	卖盘
13:17:18	7.06	--	1	706	卖盘
13:17:13	7.06	-0.01	9	6354	卖盘
13:17:08	7.07	--	50	35350	买盘
13:16:58	7.07	--	35	24745	买盘
13:16:53	7.07	0.01	50	35350	买盘
13:16:43	7.06	--	2	1412	卖盘
13:16:18	7.06	-0.01	20	14120	卖盘
13:16:13	7.07	0.01	4	2828	买盘
13:16:08	7.06	-0.01	29	20474	卖盘
13:16:03	7.07	-0.01	4	2828	卖盘
13:15:58	7.08	0.02	1	708	买盘
13:15:52	7.06	--	5	3530	卖盘
13:15:48	7.06	--	5	3530	卖盘
13:15:43	7.06	--	0	0	卖盘
13:15:37	7.06	-0.01	2100	1482600	卖盘
13:15:33	7.07	-0.01	100	70700	卖盘
13:15:28	7.08	0.01	10	7080	买盘
13:15:22	7.07	--	5	3535	卖盘
13:15:13	7.07	--	5	3535	卖盘
13:15:03	7.07	--	40	28280	卖盘
13:14:58	7.07	--	10	7070	卖盘
13:14:48	7.07	-0.01	63	44541	卖盘
13:14:37	7.08	--	51	36108	卖盘
13:14:33	7.08	--	49	34692	买盘
13:14:22	7.08	--	10	7080	买盘
13:14:07	7.08	--	100	70800	买盘
13:14:03	7.08	--	4	2832	买盘
13:13:57	7.08	0.01	67	47436	买盘
13:13:52	7.07	-0.01	4	2828	卖盘
13:13:42	7.08	--	2	1416	买盘
13:13:27	7.08	--	20	14160	买盘
13:13:07	7.08	0.01	57	40356	买盘
13:13:02	7.07	--	140	98980	卖盘
13:12:42	7.07	-0.01	205	144935	卖盘
13:12:37	7.08	--	4	2832	买盘
13:12:32	7.08	0.01	4	2832	买盘
13:12:27	7.07	-0.01	5	3535	卖盘
13:12:12	7.08	--	20	14160	买盘
13:12:07	7.08	--	4	2832	买盘
13:12:02	7.08	0.01	50	35400	买盘
13:11:57	7.07	--	14	9898	卖盘
13:11:47	7.07	-0.01	13	9191	卖盘
13:11:42	7.08	--	2	1416	买盘
13:11:37	7.08	0.01	4	2832	买盘
13:11:17	7.07	-0.01	26	18382	卖盘
13:11:12	7.08	--	13	9204	买盘
13:10:42	7.08	--	26	18408	买盘
13:10:32	7.08	--	32	22656	买盘
13:10:22	7.08	0.01	6	4248	买盘
13:10:17	7.07	-0.01	6	4242	卖盘
13:10:12	7.08	--	240	169920	买盘
13:10:07	7.08	--	6	4248	买盘
13:10:02	7.08	--	7	4956	买盘
13:09:52	7.08	--	1	708	买盘
13:09:42	7.08	0.01	1	708	买盘
13:09:37	7.07	-0.01	15	10605	卖盘
13:09:32	7.08	--	10	7080	买盘
13:09:22	7.08	0.01	2	1416	买盘
13:09:17	7.07	-0.01	50	35350	卖盘
13:09:12	7.08	0.01	50	35400	买盘
13:09:02	7.07	-0.01	10	7070	卖盘
13:08:52	7.08	--	8	5664	买盘
13:08:47	7.08	0.01	141	99828	买盘
13:08:42	7.07	-0.01	13	9191	卖盘
13:08:37	7.08	--	137	96996	买盘
13:08:31	7.08	--	4	2832	买盘
13:08:27	7.08	--	49	34692	买盘
13:08:22	7.08	--	384	271872	买盘
13:08:16	7.08	--	15	10620	买盘
13:08:12	7.08	0.01	17	12036	买盘
13:07:57	7.07	-0.01	2	1414	卖盘
13:07:52	7.08	--	50	35400	买盘
13:07:46	7.08	0.01	26	18408	买盘
13:07:37	7.07	--	5	3535	卖盘
13:07:31	7.07	-0.01	9	6363	卖盘
13:07:22	7.08	0.01	15	10620	买盘
13:07:01	7.07	-0.01	15	10605	卖盘
13:06:57	7.08	0.01	1	708	买盘
13:06:51	7.07	--	100	70700	卖盘
13:06:46	7.07	--	4	2828	卖盘
13:06:41	7.07	--	6	4242	卖盘
13:06:31	7.07	--	5	3535	卖盘
13:06:26	7.07	-0.01	18	12726	卖盘
13:06:16	7.08	--	10	7080	买盘
13:06:06	7.08	--	10	7080	买盘
13:05:36	7.08	--	10	7080	买盘
13:05:21	7.08	0.01	41	29028	买盘
13:05:16	7.07	-0.01	10	7070	卖盘
13:05:11	7.08	--	14	9912	买盘
13:04:51	7.08	--	8	5664	买盘
13:04:41	7.08	--	3	2124	买盘
13:04:36	7.08	-0.01	965	683220	卖盘
13:04:31	7.09	--	10	7090	买盘
13:04:06	7.09	--	1	709	买盘
13:04:01	7.09	--	15	10635	买盘
13:03:16	7.09	--	15	10635	买盘
13:02:56	7.09	0.01	10	7090	买盘
13:02:51	7.08	--	5	3540	卖盘
13:02:41	7.08	-0.01	5	3540	卖盘
13:02:31	7.09	0.01	1	709	买盘
13:02:26	7.08	--	15	10620	卖盘
13:02:11	7.08	--	5	3540	卖盘
13:02:06	7.08	--	22	15576	卖盘
13:02:01	7.08	--	5	3540	卖盘
13:01:56	7.08	--	49	34692	卖盘
13:01:51	7.08	--	15	10620	卖盘
13:01:46	7.08	--	70	49560	卖盘
13:01:41	7.08	--	32	22656	卖盘
13:01:21	7.08	--	10	7080	卖盘
13:01:16	7.08	-0.01	4	2832	卖盘
13:01:06	7.09	0.01	1	709	买盘
13:01:01	7.08	-0.01	2	1416	卖盘
13:00:55	7.09	--	17	12053	买盘
13:00:31	7.09	--	24	17016	买盘
13:00:15	7.09	--	148	104932	买盘
13:00:10	7.09	--	60	42540	买盘
13:00:06	7.09	--	911	645899	买盘
11:30:00	7.09	--	0	0	买盘
11:29:59	7.09	--	0	0	买盘
11:29:46	7.09	--	40	28360	买盘
11:29:42	7.09	0.01	25	17725	买盘
11:29:36	7.08	-0.01	22	15576	卖盘
11:29:21	7.09	0.01	117	82953	买盘
11:29:06	7.08	-0.01	65	46020	卖盘
11:29:01	7.09	--	1	709	买盘
11:28:46	7.09	0.01	10	7090	买盘
11:28:31	7.08	--	21	14868	卖盘
11:28:16	7.08	-0.01	300	212400	卖盘
11:28:12	7.09	0.01	122	86498	买盘
11:27:57	7.08	-0.01	31	21948	卖盘
11:27:46	7.09	0.01	8	5672	买盘
11:27:42	7.08	-0.01	5	3540	卖盘
11:27:27	7.09	0.01	79	56011	买盘
11:27:06	7.08	-0.01	4	2832	卖盘
11:26:57	7.09	--	100	70900	买盘
11:26:42	7.09	0.01	324	229716	买盘
11:26:31	7.08	-0.01	101	71508	卖盘
11:26:27	7.09	0.01	17	12053	买盘
11:26:16	7.08	--	567	401436	卖盘
11:26:06	7.08	--	46	32568	卖盘
11:25:51	7.08	-0.01	2	1416	卖盘
11:25:46	7.09	0.01	2	1418	买盘
11:25:31	7.08	-0.01	3	2124	卖盘
11:25:26	7.09	0.01	100	70900	买盘
11:25:16	7.08	--	9	6372	卖盘
11:25:06	7.08	--	15	10620	卖盘
11:25:01	7.08	--	10	7080	卖盘
11:24:56	7.08	--	5	3540	卖盘
11:24:51	7.08	-0.01	21	14868	卖盘
11:24:46	7.09	0.01	20	14180	买盘
11:24:41	7.08	-0.01	5	3540	卖盘
11:24:36	7.09	--	43	30487	买盘
11:24:31	7.09	--	94	66646	买盘
11:24:16	7.09	--	27	19143	买盘
11:24:06	7.09	--	17	12053	买盘
11:24:00	7.09	0.01	8	5672	买盘
11:23:56	7.08	--	35	24780	卖盘
11:23:51	7.08	--	218	154344	卖盘
11:23:45	7.08	--	15	10620	卖盘
11:23:30	7.08	-0.01	189	133812	卖盘
11:23:25	7.09	--	20	14180	买盘
11:23:21	7.09	--	60	42540	买盘
11:23:15	7.09	--	30	21270	买盘
11:23:00	7.09	0.01	74	52466	买盘
11:22:51	7.08	-0.01	60	42480	卖盘
11:22:45	7.09	0.01	43	30487	买盘
11:22:36	7.08	-0.01	50	35400	卖盘
11:22:30	7.09	0.01	50	35450	买盘
11:22:25	7.08	-0.01	100	70800	卖盘
11:22:21	7.09	0.01	50	35450	买盘
11:22:06	7.08	-0.01	1	708	卖盘
11:21:51	7.09	0.01	452	320468	买盘
11:21:45	7.08	--	1888	1336704	卖盘
11:21:40	7.08	--	15	10620	卖盘
11:21:36	7.08	--	24	16992	卖盘
11:21:30	7.08	--	89	63012	买盘
11:21:21	7.08	--	30	21240	买盘
11:21:15	7.08	--	1	708	卖盘
11:21:10	7.08	--	32	22656	卖盘
11:21:06	7.08	--	143	101244	买盘
11:20:55	7.08	--	38	26904	买盘
11:20:51	7.08	0.01	61	43188	买盘
11:20:45	7.07	-0.01	4	2828	卖盘
11:20:36	7.08	--	14	9912	买盘
11:20:30	7.08	0.01	15	10620	买盘
11:20:21	7.07	--	7	5514	卖盘
11:20:06	7.07	-0.01	34	24038	卖盘
11:20:00	7.08	--	10	7080	买盘
11:19:55	7.08	--	2	1416	买盘
11:19:40	7.08	--	100	70800	买盘
11:19:30	7.08	--	20	14160	买盘
11:19:10	7.08	--	10	7080	买盘
11:19:00	7.08	0.01	2	1416	买盘
11:18:55	7.07	--	10	7070	卖盘
11:18:50	7.07	-0.01	9	6363	卖盘
11:18:45	7.08	0.01	1	708	买盘
11:18:35	7.07	-0.01	16	11312	卖盘
11:18:30	7.08	0.01	27	19116	买盘
11:17:50	7.07	--	7	4949	卖盘
11:17:00	7.07	-0.01	15	10605	卖盘
11:16:54	7.08	0.01	357	252756	买盘
11:16:45	7.07	--	3	2121	卖盘
11:16:39	7.07	-0.01	20	14140	卖盘
11:16:34	7.08	0.01	21	14868	买盘
11:16:30	7.07	--	1	707	卖盘
11:16:09	7.07	--	1	707	卖盘
11:16:04	7.07	--	0	0	卖盘
11:15:54	7.07	-0.01	20	14140	卖盘
11:15:49	7.08	--	25	18061	买盘
11:15:45	7.08	--	16	11328	买盘
11:15:30	7.08	--	30	21240	买盘
11:15:24	7.08	--	34	24072	买盘
11:15:15	7.08	--	5	3540	买盘
11:15:09	7.08	--	8	6010	卖盘
11:15:00	7.08	--	5	3540	卖盘
11:14:45	7.08	--	1	1069	买盘
11:14:39	7.08	--	11	7788	买盘
11:14:30	7.08	--	37	26542	卖盘
11:14:24	7.08	--	9	6733	买盘
11:14:09	7.08	0.01	3	2124	买盘
11:14:00	7.07	-0.01	5	3535	卖盘
11:13:49	7.08	--	423	299484	买盘
11:13:30	7.08	--	13	9204	买盘
11:13:24	7.08	0.01	5	3540	买盘
11:13:09	7.07	--	141	99687	卖盘
11:13:04	7.07	--	25	17675	卖盘
11:12:59	7.07	--	6	4242	卖盘
11:12:49	7.07	--	42	29694	卖盘
11:12:44	7.07	--	4	2828	卖盘
11:12:09	7.07	--	10	7070	卖盘
11:11:59	7.07	--	11	7777	卖盘
11:11:49	7.07	--	5	3535	卖盘
11:11:24	7.07	--	36	25452	卖盘
11:11:14	7.07	--	25	17675	卖盘
11:11:09	7.07	-0.01	1	707	卖盘
11:11:04	7.08	0.01	35	24780	买盘
11:10:54	7.07	-0.01	4	2828	卖盘
11:10:33	7.08	--	22	15576	买盘
11:10:24	7.08	0.01	19	13452	买盘
11:10:18	7.07	--	25	17675	卖盘
11:10:14	7.07	--	417	294819	卖盘
11:10:09	7.07	--	123	86961	卖盘
11:10:03	7.07	--	90	63630	卖盘
11:09:59	7.07	--	25	17675	卖盘
11:09:54	7.07	--	90	63630	卖盘
11:09:48	7.07	--	70	49490	卖盘
11:09:33	7.07	-0.01	10	7070	卖盘
11:09:24	7.08	0.01	35	24780	买盘
11:09:03	7.07	-0.01	10	7070	卖盘
11:08:58	7.08	--	100	70800	买盘
11:08:54	7.08	0.01	20	14160	买盘
11:08:43	7.07	-0.01	8	5656	卖盘
11:08:39	7.08	--	59	41772	买盘
11:08:33	7.08	--	92	65136	买盘
11:08:24	7.08	0.01	87	61596	买盘
11:08:18	7.07	-0.01	238	168266	卖盘
11:08:13	7.08	--	50	35400	买盘
11:08:03	7.08	--	15	10966	卖盘
11:07:58	7.08	--	10	7080	卖盘
11:07:48	7.08	--	74	52753	买盘
11:07:43	7.08	--	9	6372	买盘
11:07:39	7.08	--	30	21240	买盘
11:07:28	7.08	--	28	20170	卖盘
11:07:24	7.08	-0.01	530	375240	卖盘
11:07:18	7.09	0.01	36	25524	买盘
11:07:09	7.08	--	21	14868	卖盘
11:07:03	7.08	--	200	141600	卖盘
11:06:58	7.08	--	46	32568	卖盘
11:06:48	7.08	-0.01	10	7080	卖盘
11:06:43	7.09	--	5	3545	买盘
11:06:39	7.09	0.01	8	5672	买盘
11:06:33	7.08	--	1	708	卖盘
11:06:28	7.08	--	42	29736	卖盘
11:06:18	7.08	--	25	17700	卖盘
11:06:03	7.08	-0.01	110	77880	卖盘
11:05:58	7.09	0.01	10	7090	买盘
11:05:33	7.08	-0.01	70	49560	卖盘
11:05:23	7.09	0.01	50	35450	买盘
11:05:18	7.08	--	15	10620	卖盘
11:05:03	7.08	-0.01	5	3540	卖盘
11:04:48	7.09	0.01	25	17725	买盘
11:04:43	7.08	-0.01	5	3540	卖盘
11:04:38	7.09	0.01	18	12762	买盘
11:04:33	7.08	-0.01	44	31152	卖盘
11:04:13	7.09	0.01	6	4254	买盘
11:04:03	7.08	-0.01	10	7080	卖盘
11:03:57	7.09	0.01	10	7090	买盘
11:03:48	7.08	--	40	28320	卖盘
11:03:38	7.08	--	100	70800	卖盘
11:03:27	7.08	-0.01	300	212400	卖盘
11:03:18	7.09	--	1	709	买盘
11:03:12	7.09	--	105	74445	买盘
11:03:03	7.09	--	74	52466	买盘
11:02:57	7.09	--	3	2127	买盘
11:02:48	7.09	--	2	1418	买盘
11:02:42	7.09	--	32	22688	买盘
11:02:33	7.09	--	3	2127	买盘
11:02:27	7.09	0.01	10	7090	买盘
11:02:22	7.08	--	6	4248	卖盘
11:02:18	7.08	--	75	53100	卖盘
11:02:12	7.08	-0.01	1	708	卖盘
11:02:03	7.09	0.01	60	42540	买盘
11:01:33	7.08	-0.01	1	708	卖盘
11:01:27	7.09	0.01	20	14180	买盘
11:01:12	7.08	-0.01	13	9204	卖盘
11:01:03	7.09	0.01	25	17725	买盘
11:00:57	7.08	--	25	17700	卖盘
11:00:48	7.08	--	68	48505	买盘
11:00:42	7.08	--	16	11328	买盘
11:00:37	7.08	--	7	4956	买盘
11:00:33	7.08	--	45	32206	卖盘
11:00:22	7.08	--	0	361	买盘
11:00:18	7.08	--	6	4248	买盘
11:00:07	7.08	--	5	3540	买盘
10:59:57	7.08	--	10	7080	买盘
10:59:52	7.08	--	30	21240	买盘
10:59:42	7.08	--	15	10620	买盘
10:59:37	7.08	--	4	2832	买盘
10:59:27	7.08	--	59	41772	买盘
10:59:22	7.08	--	195	138060	买盘
10:59:12	7.08	0.01	14	9912	买盘
10:59:07	7.07	-0.01	4	2828	卖盘
10:59:02	7.08	0.01	33	23364	买盘
10:58:57	7.07	-0.01	25	17675	卖盘
10:58:52	7.08	0.01	100	70800	买盘
10:58:37	7.07	--	16	11312	卖盘
10:58:32	7.07	--	40	28280	卖盘
10:58:22	7.07	--	20	14140	卖盘
10:58:12	7.07	--	6	4242	卖盘
10:58:02	7.07	--	15	10605	卖盘
10:57:57	7.07	--	30	21210	卖盘
10:57:52	7.07	-0.01	200	141400	卖盘
10:57:47	7.08	0.01	10	7080	买盘
10:57:42	7.07	-0.01	20	14140	卖盘
10:57:37	7.08	--	80	56640	买盘
10:57:32	7.08	0.01	20	14160	买盘
10:57:27	7.07	-0.02	109	77409	卖盘
10:57:12	7.09	0.01	27	19143	买盘
10:57:06	7.08	--	30	21240	卖盘
10:56:51	7.08	--	227	160716	卖盘
10:56:42	7.08	-0.01	3	2124	卖盘
10:56:36	7.09	0.01	4	2836	买盘
10:56:32	7.08	--	1018	721105	卖盘
10:56:21	7.08	--	11	7788	卖盘
10:55:57	7.08	--	5	3540	卖盘
10:55:36	7.08	-0.01	1	708	卖盘
10:55:21	7.09	--	16	11344	买盘
10:55:12	7.09	--	32	22688	买盘
10:55:06	7.09	--	27	19143	买盘
10:54:57	7.09	--	8	5672	卖盘
10:54:51	7.09	--	30	21270	卖盘
10:54:46	7.09	-0.01	100	70900	卖盘
10:54:36	7.1	0.01	160	113600	买盘
10:54:31	7.09	--	100	70900	卖盘
10:54:21	7.09	-0.01	40	28360	卖盘
10:53:51	7.1	0.01	230	163300	买盘
10:53:42	7.09	--	3	2127	卖盘
10:53:26	7.09	--	5	3545	卖盘
10:53:21	7.09	--	6	4254	卖盘
10:53:12	7.09	--	1	709	卖盘
10:53:06	7.09	--	8	5672	卖盘
10:52:57	7.09	--	20	14180	卖盘
10:52:51	7.09	--	21	14889	卖盘
10:52:46	7.09	--	8	5672	卖盘
10:52:41	7.09	--	5	3545	卖盘
10:52:36	7.09	-0.01	10	7090	卖盘
10:52:26	7.1	0.01	74	52540	买盘
10:52:21	7.09	--	50	35450	卖盘
10:52:16	7.09	--	8	5672	卖盘
10:52:01	7.09	--	2	1418	卖盘
10:51:51	7.09	--	7	4963	卖盘
10:51:46	7.09	--	60	42540	卖盘
10:51:36	7.09	--	1	709	卖盘
10:51:31	7.09	--	1	709	卖盘
10:51:11	7.09	--	30	21270	卖盘
10:50:51	7.09	-0.01	100	70900	卖盘
10:50:46	7.1	0.01	8	5680	买盘
10:50:41	7.09	--	109	77281	卖盘
10:50:36	7.09	--	69	48921	卖盘
10:50:06	7.09	--	6	4254	卖盘
10:50:00	7.09	-0.01	20	14180	卖盘
10:49:56	7.1	--	20	14200	买盘
10:49:45	7.1	--	100	71000	买盘
10:49:40	7.1	0.01	2	1420	买盘
10:49:15	7.09	--	9	6381	卖盘
10:49:00	7.09	--	60	42540	卖盘
10:48:55	7.09	--	1	709	卖盘
10:48:51	7.09	--	50	35450	卖盘
10:48:45	7.09	--	135	95715	买盘
10:48:30	7.09	--	40	28360	买盘
10:48:25	7.09	--	14	9926	买盘
10:48:15	7.09	--	16	11344	买盘
10:48:06	7.09	--	42	29778	买盘
10:48:00	7.09	--	73	51757	买盘
10:47:55	7.09	--	30	21270	买盘
10:47:45	7.09	--	32	22688	买盘
10:47:36	7.09	--	70	49630	买盘
10:47:30	7.09	0.01	26	18434	买盘
10:47:25	7.08	-0.01	21	14868	卖盘
10:47:15	7.09	--	2	1418	买盘
10:47:00	7.09	--	4	2836	买盘
10:46:55	7.09	--	17	12053	买盘
10:46:51	7.09	--	116	82244	买盘
10:46:35	7.09	0.01	8	5672	买盘
10:46:30	7.08	-0.01	11	7788	卖盘
10:46:15	7.09	--	10	7090	买盘
10:46:10	7.09	--	4	2836	买盘
10:46:00	7.09	--	1	709	买盘
10:45:55	7.09	--	23	16307	买盘
10:45:45	7.09	0.01	40	28360	买盘
10:45:30	7.08	-0.01	100	70800	卖盘
10:45:25	7.09	0.01	70	49630	买盘
10:45:15	7.08	--	107	75756	卖盘
10:45:10	7.08	-0.01	10	7080	卖盘
10:44:45	7.09	0.01	60	42540	买盘
10:44:40	7.08	--	3	2124	卖盘
10:44:35	7.08	--	11	7788	卖盘
10:44:15	7.08	-0.01	151	106908	卖盘
10:44:10	7.09	0.02	17	12053	买盘
10:44:05	7.07	-0.01	78	55146	卖盘
10:43:54	7.08	--	26	18408	买盘
10:43:45	7.08	0.01	22	15576	买盘
10:43:35	7.07	-0.01	100	70700	卖盘
10:43:09	7.08	--	6	4248	买盘
10:43:04	7.08	--	22	15576	买盘
10:43:00	7.08	--	10	7080	买盘
10:42:39	7.08	0.01	10	7080	买盘
10:42:30	7.07	-0.01	4	2828	卖盘
10:42:24	7.08	--	214	151512	买盘
10:42:15	7.08	0.01	30	21240	买盘
10:42:09	7.07	--	17	12019	卖盘
10:42:04	7.07	-0.01	30	21210	卖盘
10:41:45	7.08	--	10	7080	买盘
10:41:39	7.08	--	10	7080	买盘
10:41:34	7.08	--	11	7788	买盘
10:41:19	7.08	--	20	14160	买盘
10:41:15	7.08	--	36	25488	买盘
10:40:54	7.08	--	30	21240	买盘
10:40:49	7.08	0.01	3	2124	买盘
10:40:45	7.07	-0.01	80	56560	卖盘
10:40:39	7.08	--	8	5664	买盘
10:40:30	7.08	--	62	43896	买盘
10:40:24	7.08	0.01	20	14160	买盘
10:40:09	7.07	-0.01	230	162610	卖盘
10:40:00	7.08	0.01	43	30444	买盘
10:39:44	7.07	-0.01	2	1414	卖盘
10:39:34	7.08	0.01	236	167088	买盘
10:39:29	7.07	--	300	212100	卖盘
10:39:24	7.07	--	2	1414	卖盘
10:39:19	7.07	--	117	82719	卖盘
10:39:09	7.07	-0.01	4	2828	卖盘
10:39:04	7.08	--	5	3540	买盘
10:38:59	7.08	--	7	4956	买盘
10:38:54	7.08	0.01	63	44604	买盘
10:38:49	7.07	--	72	50904	卖盘
10:38:44	7.07	--	2	1414	卖盘
10:38:34	7.07	--	18	12726	卖盘
10:38:19	7.07	--	17	12019	卖盘
10:38:09	7.07	--	47	33229	卖盘
10:38:04	7.07	--	56	39592	卖盘
10:37:59	7.07	--	1	707	卖盘
10:37:49	7.07	--	50	35350	卖盘
10:37:44	7.07	--	10	7070	卖盘
10:37:39	7.07	--	3	2121	卖盘
10:37:24	7.07	--	12	8484	卖盘
10:37:09	7.07	-0.01	80	56560	卖盘
10:36:59	7.08	0.01	72	50976	买盘
10:36:54	7.07	--	200	141400	卖盘
10:36:48	7.07	--	17	12019	卖盘
10:36:43	7.07	--	10	7070	卖盘
10:36:18	7.07	--	80	56560	卖盘
10:36:09	7.07	--	182	128850	卖盘
10:36:03	7.07	--	19	13433	卖盘
10:35:54	7.07	--	30	21210	卖盘
10:35:48	7.07	--	128	90496	卖盘
10:35:39	7.07	--	30	21210	卖盘
10:35:33	7.07	--	6	4242	卖盘
10:35:24	7.07	--	30	21210	卖盘
10:34:58	7.07	-0.01	5	3535	卖盘
10:34:43	7.08	0.01	20	14160	买盘
10:34:39	7.07	-0.01	4	2828	卖盘
10:34:33	7.08	--	10	7080	买盘
10:34:24	7.08	--	8	5664	买盘
10:34:18	7.08	-0.01	73	51684	卖盘
10:34:13	7.09	0.01	174	123366	买盘
10:34:08	7.08	--	1	708	卖盘
10:34:03	7.08	-0.01	97	68676	卖盘
10:33:33	7.09	0.01	5	3545	买盘
10:33:28	7.08	--	3	2124	卖盘
10:33:13	7.08	-0.01	5	3540	卖盘
10:32:48	7.09	0.01	50	35450	买盘
10:32:28	7.08	--	16	11328	卖盘
10:32:23	7.08	--	1	708	卖盘
10:32:08	7.08	--	2	1416	卖盘
10:32:03	7.08	--	2	1416	卖盘
10:31:58	7.08	--	20	14160	卖盘
10:31:43	7.08	-0.01	104	73632	卖盘
10:31:38	7.09	0.01	7	4963	买盘
10:31:33	7.08	--	2	1416	卖盘
10:31:23	7.08	--	10	7080	卖盘
10:31:18	7.08	-0.01	170	120360	卖盘
10:31:13	7.09	0.01	3	2127	买盘
10:31:03	7.08	--	11	7788	卖盘
10:30:33	7.08	--	92	65136	卖盘
10:30:07	7.08	-0.01	1	708	卖盘
10:29:57	7.09	0.01	1	709	买盘
10:29:37	7.08	-0.01	14	9912	卖盘
10:29:33	7.09	--	131	92879	买盘
10:29:27	7.09	--	11	7799	买盘
10:28:52	7.09	--	30	21270	买盘
10:28:48	7.09	--	7	4963	买盘
10:28:37	7.09	0.01	49	34741	买盘
10:28:12	7.08	--	23	16284	卖盘
10:27:57	7.08	--	77	54516	买盘
10:27:48	7.08	0.01	80	56640	卖盘
10:27:42	7.07	-0.01	57	40299	卖盘
10:27:37	7.08	--	1	708	卖盘
10:27:33	7.08	0.01	2	1416	卖盘
10:27:27	7.07	--	0	0	卖盘
10:27:18	7.07	--	10	7070	卖盘
10:27:07	7.07	--	13	9191	卖盘
10:27:02	7.07	--	53	37471	卖盘
10:26:57	7.07	-0.02	1000	707000	卖盘
10:26:47	7.09	--	11	7799	买盘
10:26:42	7.09	--	1	709	买盘
10:26:37	7.09	0.01	1	709	中性盘
10:26:32	7.08	-0.01	1000	708000	卖盘
10:26:07	7.09	--	5	3545	中性盘
10:25:57	7.09	--	18	12762	卖盘
10:25:52	7.09	--	35	24815	买盘
10:25:47	7.09	--	115	81535	卖盘
10:25:42	7.09	-0.01	10	7090	卖盘
10:25:37	7.1	0.01	114	80940	买盘
10:25:27	7.09	--	5	3545	卖盘
10:25:12	7.09	-0.01	171	121239	卖盘
10:25:07	7.1	0.01	2	1420	买盘
10:24:52	7.09	-0.01	636	450924	卖盘
10:24:42	7.1	--	100	71000	买盘
10:24:21	7.1	--	51	36210	买盘
10:24:12	7.1	0.01	11	7810	买盘
10:24:06	7.09	--	21	14889	卖盘
10:24:02	7.09	--	76	53884	卖盘
10:23:57	7.09	--	12	8508	卖盘
10:23:47	7.09	-0.01	7	4963	卖盘
10:23:21	7.1	--	91	64610	买盘
10:22:57	7.1	--	51	36210	买盘
10:22:51	7.1	--	191	135610	买盘
10:22:46	7.1	0.01	279	198090	买盘
10:22:27	7.09	--	20	14180	卖盘
10:22:21	7.09	-0.01	466	330394	卖盘
10:22:12	7.1	--	4	2840	买盘
10:21:57	7.1	0.01	21	14910	买盘
10:21:51	7.09	-0.01	40	28360	卖盘
10:21:42	7.1	0.01	52	36920	买盘
10:21:36	7.09	-0.01	5	3545	卖盘
10:21:26	7.1	--	2	1420	买盘
10:21:12	7.1	--	20	14200	买盘
10:21:06	7.1	--	14	9940	买盘
10:20:41	7.1	--	5	3550	买盘
10:20:36	7.1	--	58	41180	卖盘
10:20:21	7.1	--	142	100820	卖盘
10:20:11	7.1	--	10	7100	卖盘
10:20:06	7.1	-0.01	133	94430	卖盘
10:20:01	7.11	--	319	226809	买盘
10:19:51	7.11	0.01	26	18486	买盘
10:19:41	7.1	--	127	90170	卖盘
10:19:36	7.1	-0.01	15	10650	卖盘
10:19:21	7.11	0.01	52	36972	买盘
10:19:16	7.1	-0.01	62	44020	卖盘
10:19:06	7.11	0.01	11	7821	买盘
10:19:01	7.1	-0.01	21	14910	卖盘
10:18:56	7.11	0.01	10	7110	买盘
10:18:46	7.1	-0.01	50	35500	卖盘
10:18:36	7.11	--	4	2844	买盘
10:18:06	7.11	0.01	10	7110	买盘
10:18:01	7.1	--	35	24850	卖盘
10:17:56	7.1	--	3	2130	卖盘
10:17:51	7.1	--	10	7100	卖盘
10:17:46	7.1	--	55	39050	卖盘
10:17:41	7.1	-0.01	20	14200	卖盘
10:17:30	7.11	--	59	41949	买盘
10:17:15	7.11	--	3	2133	买盘
10:17:06	7.11	0.01	5	3555	买盘
10:17:00	7.1	-0.01	25	17750	卖盘
10:16:55	7.11	--	2	1422	买盘
10:16:45	7.11	0.01	89	63279	买盘
10:16:36	7.1	-0.01	32	22720	卖盘
10:16:30	7.11	0.01	10	7110	买盘
10:16:21	7.1	--	27	19170	卖盘
10:16:10	7.1	-0.01	1	710	卖盘
10:16:06	7.11	0.01	20	14220	买盘
10:16:00	7.1	--	89	63190	卖盘
10:15:51	7.1	--	14	9940	卖盘
10:15:30	7.1	-0.01	300	213000	卖盘
10:15:25	7.11	0.01	15	10665	买盘
10:15:15	7.1	--	2	1420	卖盘
10:15:10	7.1	-0.01	10	7100	卖盘
10:15:06	7.11	--	59	41949	买盘
10:15:00	7.11	--	3	2133	买盘
10:14:45	7.11	0.01	1	711	买盘
10:14:40	7.1	--	10	7100	卖盘
10:14:36	7.1	-0.01	101	71710	卖盘
10:14:30	7.11	--	64	45504	买盘
10:14:25	7.11	--	210	149310	买盘
10:14:20	7.11	0.01	1	711	买盘
10:14:15	7.1	-0.01	20	14200	卖盘
10:14:00	7.11	--	2	1422	买盘
10:13:55	7.11	0.01	13	9243	买盘
10:13:50	7.1	-0.01	5	3550	卖盘
10:13:35	7.11	--	29	20619	买盘
10:13:25	7.11	--	2	1422	买盘
10:13:20	7.11	--	109	77499	买盘
10:13:10	7.11	0.01	20	14220	买盘
10:13:05	7.1	--	74	52540	卖盘
10:12:55	7.1	--	20	14200	卖盘
10:12:50	7.1	--	5	3550	卖盘
10:12:45	7.1	-0.01	20	14200	卖盘
10:12:40	7.11	--	11	7821	买盘
10:12:30	7.11	--	94	66834	买盘
10:12:15	7.11	0.01	6	4266	买盘
10:12:10	7.1	--	15	10650	卖盘
10:12:05	7.1	--	15	10650	卖盘
10:11:55	7.1	-0.01	28	19880	卖盘
10:11:50	7.11	--	0	0	买盘
10:11:45	7.11	0.01	250	177750	买盘
10:11:40	7.1	--	21	14910	买盘
10:11:30	7.1	--	13	9230	买盘
10:11:25	7.1	0.01	115	81650	买盘
10:11:20	7.09	-0.01	7	4963	卖盘
10:11:10	7.1	0.01	24	17040	买盘
10:11:05	7.09	--	10	7090	卖盘
10:10:54	7.09	-0.01	16	11344	卖盘
10:10:45	7.1	--	65	46150	买盘
10:10:39	7.1	--	4	2840	买盘
10:10:35	7.1	0.01	24	17040	买盘
10:10:30	7.09	-0.01	28	19852	卖盘
10:10:24	7.1	0.01	21	14910	买盘
10:10:19	7.09	-0.01	2	1418	卖盘
10:10:15	7.1	--	89	63190	买盘
10:10:09	7.1	--	63	44730	买盘
10:09:54	7.1	0.01	20	14200	买盘
10:09:45	7.09	-0.01	1	709	卖盘
10:09:39	7.1	--	349	247790	买盘
10:09:34	7.1	--	22	15620	买盘
10:09:30	7.1	--	16	11360	买盘
10:09:24	7.1	--	20	14200	买盘
10:09:19	7.1	0.01	2	1420	买盘
10:09:15	7.09	-0.01	19	13471	卖盘
10:09:09	7.1	0.01	73	51830	买盘
10:09:04	7.09	--	9	6381	卖盘
10:09:00	7.09	--	4	2836	卖盘
10:08:49	7.09	--	31	21979	卖盘
10:08:39	7.09	--	2	1418	卖盘
10:08:34	7.09	-0.01	52	36868	卖盘
10:08:30	7.1	0.01	168	119280	买盘
10:08:24	7.09	-0.01	4	2836	卖盘
10:08:09	7.1	--	224	159040	买盘
10:08:04	7.1	--	1	710	买盘
10:07:54	7.1	--	62	44020	买盘
10:07:49	7.1	--	4	2840	买盘
10:07:44	7.1	--	1	710	买盘
10:07:39	7.1	--	7	4970	买盘
10:07:34	7.1	--	42	29820	买盘
10:07:29	7.1	--	122	86620	卖盘
10:07:24	7.1	--	50	35500	卖盘
10:07:14	7.1	--	6	4260	卖盘
10:07:09	7.1	--	32	22720	卖盘
10:07:04	7.1	-0.01	462	328020	卖盘
10:06:54	7.11	--	6	4266	买盘
10:06:49	7.11	0.01	26	18486	买盘
10:06:44	7.1	--	120	85200	卖盘
10:06:39	7.1	-0.01	92	65320	卖盘
10:06:34	7.11	0.01	109	77499	买盘
10:06:29	7.1	-0.01	50	35500	卖盘
10:06:24	7.11	0.01	302	214722	买盘
10:06:19	7.1	--	189	134190	卖盘
10:06:09	7.1	--	136	96560	卖盘
10:06:04	7.1	--	203	144130	卖盘
10:05:59	7.1	--	10	7100	卖盘
10:05:49	7.1	-0.01	28	19880	卖盘
10:05:44	7.11	0.01	12	8532	买盘
10:05:39	7.1	-0.01	117	83070	卖盘
10:05:34	7.11	0.01	23	16353	买盘
10:05:24	7.1	-0.01	5	3550	卖盘
10:05:19	7.11	--	4	2844	买盘
10:05:04	7.11	--	42	29862	买盘
10:04:59	7.11	--	1	711	买盘
10:04:49	7.11	0.01	10	7110	买盘
10:04:44	7.1	--	30	21300	卖盘
10:04:33	7.1	-0.01	243	172530	卖盘
10:04:29	7.11	0.01	51	36261	买盘
10:04:24	7.1	--	30	21300	卖盘
10:04:18	7.1	-0.01	61	43310	卖盘
10:04:14	7.11	--	76	54036	买盘
10:04:09	7.11	0.01	50	35550	买盘
10:04:03	7.1	--	70	49700	卖盘
10:03:54	7.1	--	58	41180	卖盘
10:03:48	7.1	--	119	84490	卖盘
10:03:43	7.1	--	4	2840	卖盘
10:03:38	7.1	--	66	46860	卖盘
10:03:33	7.1	--	31	22010	卖盘
10:03:24	7.1	--	10	7100	卖盘
10:03:18	7.1	--	2	1420	卖盘
10:03:13	7.1	--	4	2840	卖盘
10:03:09	7.1	--	110	78100	卖盘
10:03:03	7.1	--	50	35500	卖盘
10:02:58	7.1	--	427	303170	买盘
10:02:54	7.1	--	75	53250	买盘
10:02:48	7.1	--	6	4260	买盘
10:02:43	7.1	--	2	1420	买盘
10:02:39	7.1	0.01	541	384110	买盘
10:02:33	7.09	-0.01	34	24106	卖盘
10:02:24	7.1	--	301	213710	买盘
10:02:18	7.1	0.01	20	14200	买盘
10:02:09	7.09	-0.01	1	709	卖盘
10:01:58	7.1	--	2653	1883630	卖盘
10:01:54	7.1	--	5	3550	卖盘
10:01:48	7.1	--	200	142000	卖盘
10:01:43	7.1	--	4	2840	卖盘
10:01:38	7.1	--	34	24140	卖盘
10:01:33	7.1	--	20	14200	卖盘
10:01:23	7.1	--	2	1420	卖盘
10:01:18	7.1	--	21	14910	卖盘
10:01:13	7.1	--	205	145550	卖盘
10:01:08	7.1	--	45	31950	卖盘
10:01:03	7.1	-0.01	3	2130	卖盘
10:00:58	7.11	--	60	42660	买盘
10:00:53	7.11	--	38	27018	买盘
10:00:43	7.11	--	228	162108	卖盘
10:00:33	7.11	--	7	4977	卖盘
10:00:28	7.11	-0.01	18	12798	卖盘
10:00:23	7.12	0.01	1	712	买盘
10:00:18	7.11	--	24	17064	卖盘
10:00:13	7.11	--	61	43371	卖盘
10:00:08	7.11	--	37	26307	卖盘
10:00:03	7.11	--	4	2844	卖盘
09:59:58	7.11	--	160	113760	卖盘
09:59:48	7.11	--	5	3555	卖盘
09:59:43	7.11	-0.01	157	111627	卖盘
09:59:38	7.12	0.01	115	81880	买盘
09:59:33	7.11	--	15	10665	卖盘
09:59:23	7.11	--	500	355500	卖盘
09:59:18	7.11	-0.01	305	216855	卖盘
09:59:13	7.12	0.01	182	129584	买盘
09:59:08	7.11	--	72	51192	卖盘
09:59:03	7.11	-0.01	47	33417	卖盘
09:58:58	7.12	--	35	24920	卖盘
09:58:48	7.12	0.01	32	22784	中性盘
09:58:43	7.11	-0.01	30	21330	卖盘
09:58:38	7.12	--	35	24920	卖盘
09:58:33	7.12	0.01	76	54112	买盘
09:58:27	7.11	--	9	6399	卖盘
09:58:18	7.11	-0.01	37	26307	卖盘
09:58:12	7.12	--	35	24920	买盘
09:57:57	7.12	--	25	17800	卖盘
09:57:52	7.12	--	10	7120	买盘
09:57:42	7.12	--	24	17088	卖盘
09:57:33	7.12	--	214	152368	卖盘
09:57:27	7.12	--	19	13528	卖盘
09:57:18	7.12	--	9	6408	卖盘
09:57:12	7.12	--	20	14240	卖盘
09:57:07	7.12	--	15	10680	卖盘
09:57:03	7.12	--	80	56960	卖盘
09:56:57	7.12	-0.01	41	29192	卖盘
09:56:52	7.13	--	139	99107	买盘
09:56:48	7.13	0.01	5	3565	买盘
09:56:42	7.12	-0.01	5	3560	卖盘
09:56:37	7.13	--	30	21390	买盘
09:56:33	7.13	0.01	5	3565	买盘
09:56:27	7.12	--	100	71200	卖盘
09:56:22	7.12	--	10	7120	卖盘
09:56:12	7.12	--	1	712	卖盘
09:56:03	7.12	-0.01	94	66928	卖盘
09:55:57	7.13	0.01	30	21390	买盘
09:55:47	7.12	--	5	3560	卖盘
09:55:42	7.12	--	33	23496	卖盘
09:55:32	7.12	--	18	12816	卖盘
09:55:27	7.12	--	13	9256	卖盘
09:55:17	7.12	--	20	14240	卖盘
09:55:12	7.12	--	40	28480	卖盘
09:55:02	7.12	-0.01	10	7120	卖盘
09:54:57	7.13	--	195	139035	买盘
09:54:52	7.13	0.01	3	2139	买盘
09:54:47	7.12	--	29	20648	卖盘
09:54:42	7.12	--	2	1424	卖盘
09:54:32	7.12	--	200	142400	卖盘
09:54:27	7.12	--	100	71200	卖盘
09:54:17	7.12	--	1	712	卖盘
09:54:12	7.12	--	68	48416	卖盘
09:54:07	7.12	--	14	9968	卖盘
09:54:02	7.12	-0.01	127	90424	卖盘
09:53:57	7.13	0.01	86	61318	买盘
09:53:52	7.12	--	10	7120	卖盘
09:53:42	7.12	-0.01	20	14240	卖盘
09:53:37	7.13	0.01	12	8556	买盘
09:53:27	7.12	--	222	158064	卖盘
09:53:22	7.12	--	20	14240	卖盘
09:53:17	7.12	--	42	29904	卖盘
09:53:12	7.12	--	170	121040	卖盘
09:53:07	7.12	--	2	1424	卖盘
09:53:02	7.12	-0.01	60	42720	卖盘
09:52:47	7.13	--	5	3565	买盘
09:52:37	7.13	0.01	5	3565	买盘
09:52:32	7.12	--	30	21360	卖盘
09:52:27	7.12	--	32	22784	卖盘
09:52:22	7.12	--	57	40584	卖盘
09:52:12	7.12	-0.01	496	353152	卖盘
09:52:06	7.13	--	218	155434	买盘
09:52:02	7.13	0.01	1	713	买盘
09:51:57	7.12	-0.01	50	35600	卖盘
09:51:51	7.13	0.01	62	44206	买盘
09:51:46	7.12	--	100	71200	卖盘
09:51:42	7.12	-0.01	18	12816	卖盘
09:51:36	7.13	--	78	55614	买盘
09:51:31	7.13	0.01	2	1426	买盘
09:51:27	7.12	-0.01	20	14240	卖盘
09:51:21	7.13	--	70	49910	买盘
09:51:16	7.13	0.01	5	3565	买盘
09:51:12	7.12	-0.01	88	62656	卖盘
09:51:06	7.13	0.01	392	279496	买盘
09:51:01	7.12	--	46	32752	卖盘
09:50:57	7.12	--	330	234960	卖盘
09:50:51	7.12	-0.01	33	23496	卖盘
09:50:46	7.13	--	56	39928	买盘
09:50:42	7.13	--	8	5704	买盘
09:50:36	7.13	--	5	3565	买盘
09:50:31	7.13	0.01	22	15686	买盘
09:50:27	7.12	-0.01	566	402992	卖盘
09:50:21	7.13	--	3	2139	买盘
09:50:16	7.13	--	20	14260	买盘
09:50:06	7.13	--	3635	2591755	卖盘
09:50:01	7.13	--	330	235290	卖盘
09:49:56	7.13	-0.01	25	17825	卖盘
09:49:51	7.14	0.01	205	146370	买盘
09:49:46	7.13	-0.01	58	41354	卖盘
09:49:41	7.14	--	5	3570	买盘
09:49:36	7.14	--	254	181356	买盘
09:49:26	7.14	--	60	42840	买盘
09:49:21	7.14	--	3	2142	买盘
09:49:16	7.14	0.01	506	361284	买盘
09:49:11	7.13	-0.01	113	80569	卖盘
09:48:56	7.14	--	63	44982	买盘
09:48:51	7.14	0.01	2	1428	买盘
09:48:41	7.13	-0.02	22	15686	卖盘
09:48:36	7.15	0.01	300	214500	买盘
09:48:31	7.14	--	6	4284	买盘
09:48:26	7.14	--	212	151368	买盘
09:48:21	7.14	--	200	142800	卖盘
09:48:16	7.14	--	445	317730	卖盘
09:48:11	7.14	-0.01	5	3570	卖盘
09:48:01	7.15	--	103	73645	买盘
09:47:56	7.15	--	13	9295	买盘
09:47:51	7.15	--	79	56485	买盘
09:47:46	7.15	0.01	7	5005	中性盘
09:47:36	7.14	--	53	37842	卖盘
09:47:31	7.14	--	330	235620	卖盘
09:47:21	7.14	-0.02	162	115668	卖盘
09:47:16	7.16	0.01	683	489028	买盘
09:47:11	7.15	-0.01	36	25740	卖盘
09:47:06	7.16	--	133	95228	买盘
09:47:01	7.16	--	100	71600	买盘
09:46:56	7.16	--	530	379480	买盘
09:46:51	7.16	0.01	203	145348	买盘
09:46:46	7.15	0.01	44	31460	买盘
09:46:41	7.14	-0.01	36	25704	卖盘
09:46:36	7.15	0.01	67	47905	买盘
09:46:31	7.14	-0.02	70	49980	卖盘
09:46:26	7.16	0.01	196	140336	买盘
09:46:21	7.15	--	91	65065	买盘
09:46:15	7.15	--	210	150150	买盘
09:46:11	7.15	0.01	15	10725	买盘
09:46:06	7.14	-0.01	521	371994	卖盘
09:46:00	7.15	--	104	74360	买盘
09:45:56	7.15	--	292	208780	买盘
09:45:51	7.15	--	212	151580	买盘
09:45:45	7.15	-0.01	525	375375	卖盘
09:45:40	7.16	0.01	323	231268	买盘
09:45:36	7.15	-0.01	498	356070	卖盘
09:45:30	7.16	--	141	100956	买盘
09:45:25	7.16	--	200	143200	买盘
09:45:20	7.16	0.01	169	121004	买盘
09:45:15	7.15	-0.01	122	87230	卖盘
09:45:10	7.16	--	62	44392	买盘
09:45:05	7.16	--	155	110980	买盘
09:45:00	7.16	--	1139	815524	买盘
09:44:55	7.16	--	384	274944	买盘
09:44:50	7.16	--	160	114560	买盘
09:44:45	7.16	--	559	400244	买盘
09:44:40	7.16	0.01	117	83772	买盘
09:44:36	7.15	-0.01	536	383240	卖盘
09:44:30	7.16	--	39	27924	买盘
09:44:25	7.16	0.01	22	15752	买盘
09:44:20	7.15	--	33	23595	卖盘
09:44:15	7.15	--	147	105105	买盘
09:44:10	7.15	--	180	128700	买盘
09:44:06	7.15	--	148	105820	买盘
09:44:00	7.15	--	90	64350	买盘
09:43:55	7.15	--	427	305305	买盘
09:43:50	7.15	0.01	45	32175	买盘
09:43:45	7.14	-0.01	152	108528	卖盘
09:43:40	7.15	--	6	4290	买盘
09:43:35	7.15	0.01	1184	846560	买盘
09:43:30	7.14	-0.01	7	4998	卖盘
09:43:25	7.15	0.01	233	166595	买盘
09:43:20	7.14	--	37	26418	卖盘
09:43:15	7.14	--	608	434112	卖盘
09:43:10	7.14	--	73	52122	卖盘
09:43:05	7.14	--	151	107814	卖盘
09:43:00	7.14	--	214	152796	买盘
09:42:55	7.14	0.01	146	104244	买盘
09:42:50	7.13	-0.01	22	15686	卖盘
09:42:45	7.14	0.01	66	47124	买盘
09:42:40	7.13	--	86	61318	卖盘
09:42:35	7.13	-0.01	197	140461	卖盘
09:42:30	7.14	--	29	20706	买盘
09:42:20	7.14	--	51	36414	买盘
09:42:15	7.14	--	441	314874	买盘
09:42:10	7.14	--	111	79254	卖盘
09:42:05	7.14	--	5	3570	买盘
09:42:00	7.14	--	223	159222	买盘
09:41:55	7.14	--	882	629748	买盘
09:41:50	7.14	--	36	25704	买盘
09:41:45	7.14	--	73	52122	买盘
09:41:40	7.14	--	215	153510	买盘
09:41:30	7.14	0.01	6	4284	买盘
09:41:25	7.13	-0.01	1239	883407	卖盘
09:41:20	7.14	--	212	151368	买盘
09:41:15	7.14	--	333	237762	买盘
09:41:10	7.14	0.01	90	64260	买盘
09:41:05	7.13	-0.01	24	17112	卖盘
09:41:00	7.14	0.01	59	42126	买盘
09:40:55	7.13	--	786	560418	卖盘
09:40:50	7.13	--	6	4278	卖盘
09:40:45	7.13	--	26	18538	卖盘
09:40:40	7.13	--	10	7130	卖盘
09:40:35	7.13	--	158	112654	买盘
09:40:30	7.13	--	39	27807	卖盘
09:40:25	7.13	0.01	139	99107	买盘
09:40:20	7.12	--	70	49840	卖盘
09:40:15	7.12	--	1719	1223928	卖盘
09:40:09	7.12	--	42	29904	卖盘
09:40:05	7.12	--	20	14240	卖盘
09:40:00	7.12	--	582	414384	买盘
09:39:54	7.12	0.01	318	226416	买盘
09:39:49	7.11	--	276	196236	卖盘
09:39:45	7.11	-0.01	35	24885	卖盘
09:39:39	7.12	--	1201	855112	买盘
09:39:29	7.12	0.01	284	202208	买盘
09:39:19	7.11	--	106	75366	卖盘
09:39:14	7.11	--	108	76788	买盘
09:39:09	7.11	--	58	41238	买盘
09:39:04	7.11	--	49	34839	卖盘
09:38:59	7.11	--	49	34839	卖盘
09:38:54	7.11	--	535	380385	卖盘
09:38:49	7.11	--	15	10665	卖盘
09:38:44	7.11	--	56	39816	卖盘
09:38:39	7.11	--	275	195525	买盘
09:38:34	7.11	--	108	76788	买盘
09:38:29	7.11	--	80	56880	买盘
09:38:24	7.11	0.01	11	7821	买盘
09:38:19	7.1	--	17	12070	卖盘
09:38:14	7.1	--	13	9230	卖盘
09:38:09	7.1	--	767	544570	卖盘
09:38:04	7.1	--	400	284000	卖盘
09:37:59	7.1	-0.01	79	56090	卖盘
09:37:54	7.11	--	319	226809	买盘
09:37:44	7.11	--	11	7821	买盘
09:37:39	7.11	--	2	1422	买盘
09:37:34	7.11	--	453	322083	买盘
09:37:29	7.11	0.01	66	46926	买盘
09:37:24	7.1	-0.01	43	30530	卖盘
09:37:19	7.11	--	13	9243	买盘
09:37:14	7.11	0.01	421	299331	买盘
09:37:09	7.1	--	48	34080	卖盘
09:36:59	7.1	-0.01	20	14200	卖盘
09:36:54	7.11	0.01	265	188415	买盘
09:36:44	7.1	-0.01	15	10650	卖盘
09:36:39	7.11	--	10	7110	买盘
09:36:34	7.11	0.01	120	85320	买盘
09:36:29	7.1	-0.01	314	222940	卖盘
09:36:24	7.11	--	9	6399	买盘
09:36:19	7.11	--	34	24174	买盘
09:36:14	7.11	--	11	7821	买盘
09:36:04	7.11	--	54	38394	卖盘
09:35:59	7.11	--	15	10665	卖盘
09:35:54	7.11	0.01	56	39816	买盘
09:35:49	7.1	-0.01	76	53960	卖盘
09:35:44	7.11	--	211	150021	买盘
09:35:39	7.11	--	136	96696	买盘
09:35:34	7.11	--	294	209034	买盘
09:35:29	7.11	--	2	1422	买盘
09:35:24	7.11	--	10	7110	买盘
09:35:19	7.11	0.01	57	40527	买盘
09:35:14	7.1	-0.01	4	2840	卖盘
09:35:09	7.11	0.01	99	70389	买盘
09:35:04	7.1	-0.01	255	181050	卖盘
09:34:54	7.11	--	106	75366	买盘
09:34:49	7.11	--	160	113760	买盘
09:34:44	7.11	0.01	20	14220	买盘
09:34:39	7.1	-0.01	131	93010	卖盘
09:34:34	7.11	0.01	515	366165	买盘
09:34:24	7.1	-0.01	80	56800	卖盘
09:34:19	7.11	0.01	321	228231	买盘
09:34:14	7.1	--	24	17040	卖盘
09:34:09	7.1	-0.01	39	27690	卖盘
09:34:04	7.11	--	62	44082	买盘
09:33:54	7.11	0.01	288	204768	买盘
09:33:48	7.1	-0.01	25	17750	卖盘
09:33:39	7.11	--	21	14931	买盘
09:33:33	7.11	0.01	381	270891	买盘
09:33:18	7.1	-0.01	110	78100	卖盘
09:33:13	7.11	0.01	501	356211	买盘
09:33:08	7.1	--	49	34790	卖盘
09:33:03	7.1	--	185	131350	卖盘
09:32:58	7.1	--	35	24850	买盘
09:32:53	7.1	--	17	12070	买盘
09:32:48	7.1	--	238	168980	买盘
09:32:33	7.1	0.01	147	104370	买盘
09:32:28	7.09	-0.02	6	4254	卖盘
09:32:23	7.11	0.02	270	191970	买盘
09:32:18	7.09	--	56	39704	卖盘
09:32:13	7.09	--	21	14889	卖盘
09:32:08	7.09	-0.02	13	9217	卖盘
09:32:03	7.11	0.01	242	172062	买盘
09:31:58	7.1	--	93	66030	卖盘
09:31:53	7.1	--	47	33370	卖盘
09:31:48	7.1	--	126	89460	卖盘
09:31:43	7.1	-0.01	206	146260	卖盘
09:31:38	7.11	0.01	88	62568	买盘
09:31:33	7.1	--	4	2840	卖盘
09:31:23	7.1	--	231	164010	卖盘
09:31:18	7.1	-0.01	11	7810	卖盘
09:31:13	7.11	0.01	26	18486	买盘
09:31:08	7.1	--	22	15620	卖盘
09:31:03	7.1	-0.01	18	12780	卖盘
09:30:53	7.11	0.01	584	415224	买盘
09:30:43	7.1	-0.01	10	7100	卖盘
09:30:38	7.11	--	210	149310	买盘
09:30:33	7.11	0.01	364	258804	买盘
09:30:28	7.1	-0.01	13	9230	卖盘
09:30:23	7.11	0.01	116	82476	买盘
09:30:08	7.1	0.01	261	185310	卖盘
09:30:03	7.09	--	595	421855	卖盘
09:28:45	7.09	--	0	0	卖盘
09:25:06	7.09	7.09	884	626756	买盘
