成交时间	成交价	价格变动	成交量(手)	成交额(元)	性质
15:00:00	13.95	--	0	0	中性盘
15:00:00	13.95	-0.03	0	0	中性盘
14:59:58	13.98	0.08	5	6990	买盘
14:59:52	13.9	0.01	70	97300	卖盘
14:59:43	13.89	-0.01	230	319470	卖盘
14:59:37	13.9	-0.01	152	211280	卖盘
14:59:33	13.91	--	27	37557	买盘
14:59:28	13.91	--	38	52858	买盘
14:59:22	13.91	-0.08	131	182221	卖盘
14:59:18	13.99	-0.01	14	19586	中性盘
14:59:13	14.0	--	315	441000	买盘
14:59:07	14.0	--	41	57400	买盘
14:59:03	14.0	--	20	28000	买盘
14:58:58	14.0	--	622	871920	卖盘
14:58:52	14.0	--	377	528080	买盘
14:58:48	14.0	0.1	1502	2102800	买盘
14:58:43	13.9	--	9	12510	买盘
14:58:28	13.9	--	64	88960	买盘
14:58:22	13.9	-0.04	456	633840	卖盘
14:58:13	13.94	--	15	20910	买盘
14:58:07	13.94	--	71	98974	卖盘
14:57:58	13.94	-0.01	6	8364	卖盘
14:57:52	13.95	--	15	20925	买盘
14:57:42	13.95	--	1	1395	买盘
14:57:37	13.95	--	10	13950	买盘
14:57:28	13.95	0.03	10	13950	买盘
14:57:18	13.92	-0.08	100	139200	卖盘
14:57:13	14.0	0.05	710	994000	买盘
14:56:57	13.95	--	100	139500	买盘
14:56:52	13.95	0.05	19	26505	买盘
14:56:42	13.9	--	121	168190	卖盘
14:56:37	13.9	-0.01	43	59770	卖盘
14:56:32	13.91	-0.04	18	25038	卖盘
14:56:28	13.95	-0.01	30	41850	买盘
14:56:22	13.96	0.01	100	139600	买盘
14:56:18	13.95	--	4	5580	卖盘
14:56:12	13.95	0.01	15	20925	买盘
14:56:07	13.94	0.04	1	1394	中性盘
14:56:03	13.9	-0.06	20	27800	卖盘
14:55:58	13.96	0.06	24	33504	买盘
14:55:52	13.9	0.01	147	204330	卖盘
14:55:42	13.89	--	2	2778	卖盘
14:55:37	13.89	-0.11	6	8334	卖盘
14:55:32	14.0	--	1	1400	卖盘
14:55:27	14.0	0.13	999	1398600	买盘
14:55:22	13.87	--	8	11096	卖盘
14:55:18	13.87	0.01	128	177536	买盘
14:55:12	13.86	-0.09	1	1386	卖盘
14:55:07	13.95	0.1	1018	1420110	买盘
14:55:02	13.85	--	149	206365	卖盘
14:54:57	13.85	--	151	209135	卖盘
14:54:52	13.85	--	333	461205	卖盘
14:54:47	13.85	--	25	34625	卖盘
14:54:42	13.85	--	175	242375	卖盘
14:54:37	13.85	--	86	119110	卖盘
14:54:32	13.85	--	8	11080	卖盘
14:54:27	13.85	-0.01	81	112185	卖盘
14:54:22	13.86	--	9	12474	卖盘
14:54:17	13.86	--	21	29106	卖盘
14:54:12	13.86	0.01	2	2772	卖盘
14:54:07	13.85	-0.03	1100	1523500	卖盘
14:54:02	13.88	0.03	13	18044	买盘
14:53:57	13.85	-0.01	30	41550	卖盘
14:53:52	13.86	--	3	4158	买盘
14:53:47	13.86	-0.01	404	559944	卖盘
14:53:42	13.87	0.01	21	29127	买盘
14:53:37	13.86	--	115	159390	卖盘
14:53:31	13.86	--	40	55440	卖盘
14:53:27	13.86	--	0	0	卖盘
14:53:22	13.86	--	2	2772	卖盘
14:53:16	13.86	-0.01	1074	1488564	卖盘
14:53:07	13.87	--	104	144248	卖盘
14:52:57	13.87	--	47	65188	卖盘
14:52:52	13.87	-0.01	20	27740	卖盘
14:52:46	13.88	--	170	235960	买盘
14:52:42	13.88	--	1	1388	买盘
14:52:37	13.88	--	30	41640	买盘
14:52:31	13.88	0.01	1	1388	买盘
14:52:27	13.87	--	30	41610	卖盘
14:52:22	13.87	--	95	131765	卖盘
14:52:16	13.87	-0.01	2	2774	卖盘
14:52:12	13.88	0.01	10	13880	买盘
14:52:07	13.87	-0.01	26	36062	卖盘
14:51:57	13.88	0.01	17	23596	买盘
14:51:52	13.87	--	10	13870	卖盘
14:51:46	13.87	-0.01	50	69350	卖盘
14:51:42	13.88	--	13	18044	买盘
14:51:37	13.88	--	5	6940	买盘
14:51:31	13.88	--	15	20820	买盘
14:51:27	13.88	--	26	36088	卖盘
14:51:22	13.88	--	55	76340	卖盘
14:51:16	13.88	--	5	6940	卖盘
14:51:07	13.88	--	2	2776	卖盘
14:51:01	13.88	--	10	13880	卖盘
14:50:57	13.88	-0.01	20	27760	卖盘
14:50:52	13.89	0.01	19	26391	买盘
14:50:46	13.88	-0.01	17	23596	卖盘
14:50:27	13.89	0.01	2	2778	买盘
14:50:22	13.88	--	19	26372	卖盘
14:50:16	13.88	-0.01	10	13880	卖盘
14:50:12	13.89	0.01	82	113898	买盘
14:50:07	13.88	-0.01	342	474696	卖盘
14:49:56	13.89	0.01	2	2778	买盘
14:49:52	13.88	--	15	20820	卖盘
14:49:41	13.88	-0.01	192	266496	卖盘
14:49:37	13.89	--	20	27780	买盘
14:49:31	13.89	-0.01	223	309747	卖盘
14:49:16	13.9	--	64	88960	买盘
14:49:01	13.9	--	19	26410	买盘
14:48:51	13.9	--	310	430900	买盘
14:48:41	13.9	--	16	22240	卖盘
14:48:36	13.9	--	20	27800	卖盘
14:48:31	13.9	--	77	107030	买盘
14:48:21	13.9	--	50	69500	买盘
14:48:16	13.9	--	36	50040	卖盘
14:48:01	13.9	0.01	9	12510	中性盘
14:47:56	13.89	-0.01	96	133344	卖盘
14:47:46	13.9	--	20	27800	买盘
14:47:41	13.9	-0.01	101	140390	卖盘
14:47:31	13.91	0.01	2	2782	买盘
14:47:26	13.9	--	70	97300	卖盘
14:47:21	13.9	--	10	13900	卖盘
14:47:16	13.9	0.01	179	248810	买盘
14:47:01	13.89	--	13	18057	卖盘
14:46:55	13.89	--	52	72228	卖盘
14:46:46	13.89	--	32	44448	卖盘
14:46:40	13.89	-0.01	20	27780	卖盘
14:46:31	13.9	--	11	15290	买盘
14:46:25	13.9	--	29	40310	买盘
14:46:21	13.9	0.01	19	26410	买盘
14:46:16	13.89	-0.01	20	27780	卖盘
14:46:10	13.9	--	10	13900	买盘
14:46:06	13.9	--	9	12510	买盘
14:45:55	13.9	--	11	15290	买盘
14:45:51	13.9	--	10	13900	买盘
14:45:46	13.9	--	52	72280	买盘
14:45:40	13.9	--	15	20850	买盘
14:45:36	13.9	--	10	13900	买盘
14:45:31	13.9	--	10	13900	买盘
14:45:25	13.9	--	14	19460	买盘
14:45:16	13.9	-0.01	156	216840	卖盘
14:45:10	13.91	--	27	37557	买盘
14:45:01	13.91	--	2	2782	买盘
14:44:55	13.91	--	12	16692	买盘
14:44:46	13.91	--	20	27820	买盘
14:44:40	13.91	--	52	72332	卖盘
14:44:31	13.91	--	45	62595	买盘
14:44:25	13.91	--	44	61204	卖盘
14:44:21	13.91	-0.01	70	97370	卖盘
14:44:16	13.92	--	63	87696	买盘
14:44:10	13.92	--	32	44544	买盘
14:44:01	13.92	0.01	18	25056	买盘
14:43:55	13.91	--	5	6955	卖盘
14:43:46	13.91	--	5	6955	买盘
14:43:40	13.91	0.01	10	13910	买盘
14:43:36	13.9	-0.01	2	2780	卖盘
14:43:31	13.91	-0.01	1	1391	买盘
14:43:10	13.92	--	0	0	买盘
14:43:01	13.92	0.01	26	36192	买盘
14:42:55	13.91	--	119	165529	卖盘
14:42:50	13.91	-0.01	2	2782	卖盘
14:42:46	13.92	0.01	2	2784	买盘
14:42:40	13.91	0.01	36	50076	买盘
14:42:30	13.9	-0.01	30	41700	卖盘
14:42:25	13.91	--	17	23647	买盘
14:42:21	13.91	--	19	26429	买盘
14:42:15	13.91	--	2	2782	买盘
14:42:05	13.91	0.01	5	6955	买盘
14:42:00	13.9	--	14	19460	卖盘
14:41:55	13.9	--	10	13900	卖盘
14:41:50	13.9	0.02	8	11120	卖盘
14:41:45	13.88	--	0	0	卖盘
14:41:35	13.88	-0.03	10	13880	卖盘
14:41:30	13.91	0.01	366	509106	买盘
14:41:25	13.9	-0.01	2	2780	中性盘
14:41:20	13.91	0.03	11	15301	买盘
14:41:15	13.88	--	0	0	卖盘
14:41:10	13.88	--	30	41640	卖盘
14:40:55	13.88	--	2	2776	卖盘
14:40:50	13.88	-0.02	14	19432	卖盘
14:40:45	13.9	0.02	244	339160	买盘
14:40:40	13.88	0.01	257	356716	买盘
14:40:30	13.87	-0.01	9	12483	卖盘
14:40:25	13.88	--	20	27760	买盘
14:40:20	13.88	--	52	72176	买盘
14:40:10	13.88	-0.02	115	159620	卖盘
14:40:04	13.9	0.02	50	69500	买盘
14:40:00	13.88	-0.01	2	2776	卖盘
14:39:55	13.89	--	5	6945	买盘
14:39:49	13.89	--	86	119454	卖盘
14:39:45	13.89	--	19	26391	卖盘
14:39:40	13.89	--	75	104175	卖盘
14:39:34	13.89	--	20	27780	卖盘
14:39:25	13.89	--	45	62505	卖盘
14:39:19	13.89	--	40	55560	卖盘
14:39:10	13.89	-0.01	4	5556	卖盘
14:39:04	13.9	--	34	47260	买盘
14:39:00	13.9	-0.02	244	339160	卖盘
14:38:55	13.92	--	10	13920	买盘
14:38:49	13.92	--	50	69600	买盘
14:38:45	13.92	-0.01	179	249168	卖盘
14:38:40	13.93	--	20	27860	卖盘
14:38:34	13.93	-0.01	443	617099	卖盘
14:38:30	13.94	--	3	4182	卖盘
14:38:25	13.94	--	19	26486	卖盘
14:38:19	13.94	--	79	110126	卖盘
14:38:15	13.94	--	1	1394	卖盘
14:38:10	13.94	--	26	36244	卖盘
14:38:04	13.94	-0.01	17	23698	卖盘
14:37:55	13.95	--	4	5580	买盘
14:37:40	13.95	0.01	46	64170	买盘
14:37:34	13.94	-0.01	110	153340	卖盘
14:37:25	13.95	--	1	1395	买盘
14:37:15	13.95	--	1	1395	买盘
14:37:10	13.95	0.01	4	5580	买盘
14:37:04	13.94	--	8	11152	卖盘
14:36:54	13.94	-0.01	56	78064	卖盘
14:36:49	13.95	0.01	1	1395	买盘
14:36:39	13.94	--	10	13940	卖盘
14:36:34	13.94	--	11	15334	卖盘
14:36:19	13.94	--	35	48790	卖盘
14:36:09	13.94	--	1	1394	卖盘
14:36:04	13.94	-0.01	50	69700	卖盘
14:35:54	13.95	0.01	4	5580	买盘
14:35:49	13.94	--	7	9758	卖盘
14:35:34	13.94	--	3	4182	卖盘
14:35:19	13.94	-0.01	29	40426	卖盘
14:35:09	13.95	0.01	12	16740	买盘
14:34:59	13.94	-0.01	36	50184	卖盘
14:34:49	13.95	--	13	18135	买盘
14:34:44	13.95	--	52	72540	卖盘
14:34:19	13.95	--	0	0	卖盘
14:34:14	13.95	-0.02	471	657045	卖盘
14:34:04	13.97	0.01	23	32131	买盘
14:33:59	13.96	--	16	22336	卖盘
14:33:34	13.96	--	0	0	中性盘
14:33:28	13.96	--	8	11168	买盘
14:33:24	13.96	-0.02	72	100512	卖盘
14:33:09	13.98	--	0	0	买盘
14:32:58	13.98	0.02	13	18174	买盘
14:32:54	13.96	-0.01	345	481620	卖盘
14:32:49	13.97	-0.01	2	2794	卖盘
14:32:43	13.98	0.01	10	13980	买盘
14:32:34	13.97	-0.01	5	6985	卖盘
14:32:19	13.98	0.01	9	12582	买盘
14:32:13	13.97	--	207	289179	卖盘
14:32:04	13.97	-0.01	50	69850	卖盘
14:31:58	13.98	0.01	16	22368	买盘
14:31:49	13.97	-0.01	2	2794	卖盘
14:31:34	13.98	0.01	10	13980	买盘
14:31:28	13.97	--	10	13970	卖盘
14:31:18	13.97	-0.01	70	97790	卖盘
14:30:58	13.98	--	46	64308	买盘
14:30:49	13.98	--	114	159372	卖盘
14:30:38	13.98	-0.01	50	69900	卖盘
14:30:33	13.99	0.01	14	19586	买盘
14:30:28	13.98	-0.01	36	50328	卖盘
14:30:19	13.99	0.01	12	16788	买盘
14:30:13	13.98	--	75	104850	卖盘
14:30:08	13.98	--	3	4194	卖盘
14:29:48	13.98	-0.01	23	32154	卖盘
14:29:18	13.99	0.01	1	1399	买盘
14:29:13	13.98	-0.01	10	13980	卖盘
14:29:08	13.99	--	20	27980	买盘
14:28:53	13.99	--	54	75546	买盘
14:28:43	13.99	--	3	4197	买盘
14:28:38	13.99	--	36	50364	买盘
14:28:08	13.99	--	41	57359	买盘
14:27:43	13.99	0.01	38	53162	买盘
14:27:33	13.98	-0.01	1	1398	卖盘
14:27:18	13.99	0.01	3	4197	买盘
14:27:08	13.98	-0.01	4	5592	卖盘
14:27:03	13.99	0.01	10	13990	买盘
14:26:52	13.98	-0.01	3	4194	卖盘
14:26:48	13.99	--	10	13990	买盘
14:26:43	13.99	--	4	5596	买盘
14:26:33	13.99	--	3	4197	买盘
14:26:28	13.99	--	18	25182	买盘
14:26:22	13.99	--	371	519029	卖盘
14:26:18	13.99	-0.01	10	13990	卖盘
14:26:13	14.0	--	4	5600	买盘
14:26:07	14.0	--	5	7000	买盘
14:26:03	14.0	0.01	3	4200	买盘
14:25:52	13.99	--	47	65753	卖盘
14:25:43	13.99	-0.01	42	58758	卖盘
14:25:22	14.0	--	20	28000	买盘
14:25:03	14.0	--	36	50400	卖盘
14:24:58	14.0	--	2	2800	卖盘
14:24:52	14.0	--	5	7000	卖盘
14:24:43	14.0	--	5	7000	卖盘
14:24:37	14.0	--	28	39200	卖盘
14:24:32	14.0	--	10	14000	卖盘
14:24:28	14.0	--	18	25200	卖盘
14:24:22	14.0	--	0	0	卖盘
14:24:18	14.0	--	0	0	卖盘
14:24:07	14.0	--	1	1400	卖盘
14:23:57	14.0	--	751	1051400	买盘
14:23:52	14.0	0.01	6	8400	买盘
14:23:43	13.99	-0.01	4	5596	卖盘
14:23:37	14.0	--	1	1400	买盘
14:23:32	14.0	--	14	19600	卖盘
14:23:27	14.0	--	50	70000	卖盘
14:23:22	14.0	--	5	7000	卖盘
14:23:13	14.0	--	42	58800	买盘
14:23:06	14.0	--	5	7000	买盘
14:22:58	14.0	--	2	2800	买盘
14:22:52	14.0	--	5	7000	买盘
14:22:27	14.0	-0.01	34	47600	卖盘
14:22:22	14.01	0.01	92	128892	买盘
14:22:17	14.0	--	4	5600	卖盘
14:22:07	14.0	-0.01	10	14000	卖盘
14:22:02	14.01	0.01	1	1401	买盘
14:21:42	14.0	-0.01	7	9800	卖盘
14:21:37	14.01	0.01	20	28020	卖盘
14:21:21	14.0	--	10	14000	卖盘
14:21:17	14.0	-0.02	55	77000	卖盘
14:21:12	14.02	0.01	12	16824	买盘
14:21:02	14.01	--	21	29421	买盘
14:20:51	14.01	--	7	9807	买盘
14:20:47	14.01	--	37	51837	买盘
14:20:16	14.01	--	7	9807	买盘
14:20:07	14.01	0.01	25	35025	买盘
14:20:01	14.0	-0.01	8	11200	卖盘
14:19:52	14.01	--	5	7005	买盘
14:19:46	14.01	0.01	1	1401	买盘
14:19:37	14.0	-0.01	11	15400	卖盘
14:19:22	14.01	--	14	19614	买盘
14:19:15	14.01	--	112	156912	买盘
14:19:11	14.01	--	12	16812	卖盘
14:19:07	14.01	--	9	12609	买盘
14:19:00	14.01	0.01	5	7005	买盘
14:18:52	14.0	-0.01	8	11200	卖盘
14:18:46	14.01	-0.01	7	9807	卖盘
14:18:42	14.02	--	30	42060	买盘
14:18:31	14.02	--	13	18226	买盘
14:18:21	14.02	--	5	7010	买盘
14:18:00	14.02	--	13	18226	卖盘
14:17:51	14.02	--	5	7010	卖盘
14:17:46	14.02	0.01	88	123376	买盘
14:17:41	14.01	--	2	2802	买盘
14:17:37	14.01	--	1	1401	买盘
14:17:26	14.01	-0.01	13	18213	卖盘
14:17:16	14.02	0.01	41	57482	买盘
14:17:11	14.01	-0.01	30	42030	卖盘
14:17:06	14.02	--	19	26638	买盘
14:17:01	14.02	--	10	14020	买盘
14:16:46	14.02	--	6	8412	买盘
14:16:41	14.02	--	0	0	买盘
14:16:37	14.02	--	6	8412	中性盘
14:16:30	14.02	0.02	60	84120	买盘
14:16:21	14.0	-0.05	30	42000	卖盘
14:16:15	14.05	--	0	0	买盘
14:16:11	14.05	0.05	30	42150	买盘
14:16:06	14.0	--	46	64400	买盘
14:16:00	14.0	--	31	43400	买盘
14:15:51	14.0	--	48	67200	买盘
14:15:45	14.0	--	70	98000	买盘
14:15:36	14.0	--	18	25200	买盘
14:15:31	14.0	--	1	1400	买盘
14:15:26	14.0	--	2	2800	买盘
14:15:21	14.0	--	6	8400	买盘
14:15:15	14.0	--	15	21000	买盘
14:15:11	14.0	-0.06	346	484400	卖盘
14:15:01	14.06	-0.01	2	2812	中性盘
14:14:56	14.07	0.01	97	136479	买盘
14:14:51	14.06	--	33	46398	卖盘
14:14:46	14.06	-0.01	13	18278	卖盘
14:14:41	14.07	--	80	112560	买盘
14:14:36	14.07	--	11	15477	买盘
14:14:31	14.07	--	69	97083	卖盘
14:14:26	14.07	-0.01	62	87234	卖盘
14:14:21	14.08	--	24	33792	卖盘
14:14:15	14.08	0.01	40	56320	中性盘
14:14:11	14.07	--	1084	1525188	卖盘
14:14:00	14.07	--	83	116781	卖盘
14:13:56	14.07	-0.01	92	129444	卖盘
14:13:51	14.08	--	5	7040	买盘
14:13:45	14.08	--	50	70400	买盘
14:13:41	14.08	0.01	33	46464	买盘
14:13:35	14.07	0.04	13	18291	买盘
14:13:24	14.03	-0.03	200	280600	卖盘
14:13:20	14.06	0.03	113	158878	买盘
14:13:16	14.03	--	1	1403	买盘
14:13:11	14.03	--	1050	1473150	买盘
14:12:54	14.03	0.01	21	29463	买盘
14:12:50	14.02	--	6	8412	买盘
14:12:45	14.02	--	23	32246	买盘
14:12:40	14.02	-0.01	1	1402	买盘
14:12:30	14.03	--	0	0	买盘
14:12:24	14.03	--	0	0	买盘
14:12:20	14.03	0.02	1033	1449299	买盘
14:12:16	14.01	--	34	47634	买盘
14:12:09	14.01	0.01	461	645861	买盘
14:12:00	14.0	-0.01	10	14000	卖盘
14:11:54	14.01	0.01	1	1401	买盘
14:11:46	14.0	0.01	585	819000	买盘
14:11:30	13.99	--	40	55960	买盘
14:11:20	13.99	0.02	300	419700	买盘
14:11:09	13.97	0.01	59	82423	买盘
14:10:50	13.96	0.01	33	46068	买盘
14:10:45	13.95	-0.01	70	97650	卖盘
14:10:39	13.96	--	17	23732	卖盘
14:10:35	13.96	--	12	16752	买盘
14:10:24	13.96	--	6	8376	买盘
14:10:20	13.96	--	5	6980	买盘
14:10:15	13.96	--	18	25128	买盘
14:10:09	13.96	--	25	34900	买盘
14:09:50	13.96	0.01	10	13960	买盘
14:09:39	13.95	--	5	6975	卖盘
14:09:35	13.95	--	22	30690	卖盘
14:09:24	13.95	--	20	27900	卖盘
14:09:15	13.95	0.01	127	177165	买盘
14:09:09	13.94	-0.01	5	6970	卖盘
14:09:00	13.95	--	100	139500	买盘
14:08:54	13.95	0.02	3	4185	买盘
14:08:50	13.93	--	0	0	卖盘
14:08:45	13.93	-0.02	13	18109	卖盘
14:08:39	13.95	0.02	450	627750	买盘
14:08:20	13.93	0.01	30	41790	买盘
14:07:54	13.92	0.01	4	5568	卖盘
14:07:35	13.91	--	0	0	卖盘
14:07:30	13.91	-0.01	31	43121	卖盘
14:07:24	13.92	--	3	4176	买盘
14:06:54	13.92	-0.01	9	12528	卖盘
14:06:35	13.93	--	6	8358	买盘
14:06:30	13.93	--	3	4179	买盘
14:06:03	13.93	-0.01	39	54327	卖盘
14:05:48	13.94	0.01	5	6970	买盘
14:05:44	13.93	-0.01	3	4179	卖盘
14:05:24	13.94	0.01	6	8364	买盘
14:05:09	13.93	--	13	18109	卖盘
14:04:44	13.93	-0.01	10	13930	卖盘
14:04:33	13.94	0.01	62	86428	买盘
14:04:29	13.93	--	2	2786	卖盘
14:04:18	13.93	--	16	22288	卖盘
14:04:03	13.93	--	52	72436	卖盘
14:03:24	13.93	0.01	29	40397	买盘
14:03:18	13.92	--	1	1392	买盘
14:03:14	13.92	-0.01	13	18096	卖盘
14:03:09	13.93	--	4	5572	买盘
14:02:59	13.93	--	5	6965	卖盘
14:02:48	13.93	-0.01	2	2786	买盘
14:02:39	13.94	--	0	0	买盘
14:02:29	13.94	--	60	83640	买盘
14:02:18	13.94	--	9	12546	买盘
14:02:14	13.94	--	0	0	买盘
14:02:09	13.94	--	36	50184	卖盘
14:01:18	13.94	0.01	76	105944	买盘
14:01:14	13.93	-0.01	10	13930	卖盘
14:00:54	13.94	0.01	8	11152	买盘
14:00:33	13.93	--	16	22288	卖盘
14:00:28	13.93	--	2	2786	卖盘
14:00:24	13.93	0.02	53	73829	买盘
14:00:18	13.91	-0.01	17	23647	卖盘
14:00:03	13.92	-0.01	21	29232	卖盘
13:59:59	13.93	0.01	2	2786	买盘
13:59:38	13.92	--	20	27840	卖盘
13:59:33	13.92	--	0	0	卖盘
13:59:24	13.92	--	10	13920	卖盘
13:59:12	13.92	--	0	0	卖盘
13:58:57	13.92	--	12	16704	卖盘
13:58:38	13.92	--	5	6960	卖盘
13:58:18	13.92	-0.01	104	144768	卖盘
13:58:08	13.93	-0.01	4	5572	卖盘
13:58:03	13.94	0.01	17	23698	卖盘
13:57:57	13.93	--	0	0	卖盘
13:57:42	13.93	-0.02	10	13930	卖盘
13:57:18	13.95	--	5	6975	买盘
13:57:12	13.95	--	16	22320	买盘
13:56:48	13.95	-0.01	70	97650	卖盘
13:56:42	13.96	--	50	69800	买盘
13:56:38	13.96	--	21	29316	买盘
13:56:27	13.96	--	2	2792	买盘
13:56:12	13.96	0.01	32	44672	买盘
13:56:08	13.95	--	13	18135	卖盘
13:55:57	13.95	--	100	139500	卖盘
13:55:48	13.95	--	5	6975	卖盘
13:55:33	13.95	0.03	9	12555	卖盘
13:55:23	13.92	--	0	0	卖盘
13:55:18	13.92	-0.04	9	12528	卖盘
13:55:12	13.96	0.01	73	101908	买盘
13:55:08	13.95	--	10	13950	买盘
13:54:53	13.95	--	5	6975	买盘
13:54:38	13.95	0.01	5	6975	买盘
13:54:27	13.94	--	12	16728	卖盘
13:54:23	13.94	-0.01	155	216070	卖盘
13:54:12	13.95	--	20	27900	买盘
13:54:08	13.95	--	2	2790	买盘
13:53:57	13.95	0.01	6	8370	买盘
13:53:38	13.94	--	2	2788	买盘
13:53:27	13.94	--	10	13940	买盘
13:53:18	13.94	--	10	13940	卖盘
13:53:02	13.94	0.02	10	13940	买盘
13:52:52	13.92	0.01	16	22272	买盘
13:52:42	13.91	-0.01	24	33384	卖盘
13:52:36	13.92	0.01	100	139200	买盘
13:52:06	13.91	--	4	5564	买盘
13:52:02	13.91	--	3	4173	买盘
13:51:57	13.91	0.02	50	69550	买盘
13:51:42	13.89	--	0	0	卖盘
13:51:27	13.89	0.01	12	16668	买盘
13:51:17	13.88	-0.01	5	6940	卖盘
13:51:06	13.89	--	18	25002	买盘
13:51:02	13.89	--	50	69450	买盘
13:50:57	13.89	0.01	14	19446	买盘
13:50:47	13.88	-0.01	6	8328	卖盘
13:50:21	13.89	--	10	13890	买盘
13:50:12	13.89	0.01	2	2778	买盘
13:50:06	13.88	--	21	29148	卖盘
13:50:02	13.88	--	10	13880	卖盘
13:49:32	13.88	--	100	138800	卖盘
13:49:21	13.88	--	5	6940	卖盘
13:49:02	13.88	-0.01	16	22208	卖盘
13:48:51	13.89	--	25	34725	卖盘
13:48:42	13.89	--	89	123621	卖盘
13:48:36	13.89	--	6	8334	卖盘
13:48:17	13.89	-0.02	50	69450	卖盘
13:48:06	13.91	0.01	1	1391	买盘
13:47:47	13.9	--	4	5560	卖盘
13:47:32	13.9	--	10	13900	卖盘
13:47:12	13.9	--	5	6950	卖盘
13:47:02	13.9	--	22	30580	卖盘
13:46:51	13.9	--	23	31970	卖盘
13:46:47	13.9	--	16	22240	卖盘
13:46:17	13.9	--	20	27800	卖盘
13:46:06	13.9	--	40	55600	卖盘
13:46:00	13.9	-0.01	52	72280	卖盘
13:45:51	13.91	--	30	41730	买盘
13:45:36	13.91	-0.01	78	108498	卖盘
13:45:30	13.92	--	30	41760	买盘
13:44:56	13.92	--	7	9744	买盘
13:44:51	13.92	--	10	13920	买盘
13:44:36	13.92	--	1	1392	买盘
13:44:21	13.92	--	42	58464	买盘
13:44:15	13.92	0.01	124	172608	买盘
13:43:45	13.91	--	23	31993	买盘
13:43:30	13.91	--	2	2782	买盘
13:43:11	13.91	0.01	4	5564	买盘
13:43:00	13.9	--	5	6950	买盘
13:42:51	13.9	--	1	1390	卖盘
13:42:11	13.9	--	26	36140	买盘
13:41:00	13.9	--	21	29190	买盘
13:40:56	13.9	--	5	6950	买盘
13:40:26	13.9	--	30	41700	买盘
13:39:51	13.9	--	1	1390	买盘
13:39:39	13.9	--	17	23630	买盘
13:39:30	13.9	0.01	15	20850	买盘
13:39:24	13.89	-0.01	4	5556	卖盘
13:38:30	13.9	--	5	6950	买盘
13:38:05	13.9	0.01	4	5560	买盘
13:38:00	13.89	--	20	27780	卖盘
13:37:45	13.89	--	1	1389	卖盘
13:37:39	13.89	--	1	1389	卖盘
13:36:45	13.89	--	4	5556	买盘
13:36:30	13.89	0.01	2	2778	买盘
13:36:24	13.88	-0.01	25	34700	卖盘
13:36:09	13.89	0.01	5	6945	买盘
13:36:05	13.88	-0.01	88	122144	卖盘
13:35:30	13.89	-0.01	123	170847	卖盘
13:35:20	13.9	--	43	59770	买盘
13:35:09	13.9	--	5	6950	买盘
13:35:00	13.9	--	10	13900	买盘
13:34:39	13.9	--	10	13900	买盘
13:34:30	13.9	--	5	6950	买盘
13:34:20	13.9	-0.01	98	136220	卖盘
13:34:05	13.91	--	16	22256	卖盘
13:33:54	13.91	--	31	43121	买盘
13:33:50	13.91	--	9	12519	卖盘
13:33:39	13.91	--	2	2782	卖盘
13:33:30	13.91	-0.01	14	19474	卖盘
13:33:09	13.92	0.01	11	15312	买盘
13:33:04	13.91	-0.01	15	20865	卖盘
13:33:00	13.92	--	6	8352	买盘
13:32:54	13.92	--	4	5568	买盘
13:32:33	13.92	--	36	50112	买盘
13:32:24	13.92	--	0	0	买盘
13:31:54	13.92	--	2	2784	买盘
13:31:48	13.92	--	4	5568	买盘
13:31:33	13.92	--	4	5568	买盘
13:31:24	13.92	--	8	11136	买盘
13:30:59	13.92	--	16	22272	买盘
13:30:39	13.92	--	5	6960	买盘
13:30:14	13.92	0.03	30	41760	买盘
13:30:09	13.89	-0.01	22	30558	卖盘
13:30:03	13.9	-0.02	4	5560	中性盘
13:29:48	13.92	--	5	6960	买盘
13:29:39	13.92	0.02	45	62640	买盘
13:29:33	13.9	-0.01	23	31970	卖盘
13:29:14	13.91	--	9	12519	买盘
13:29:09	13.91	-0.01	1	1391	卖盘
13:29:03	13.92	0.02	24	33408	买盘
13:28:59	13.9	--	20	27800	卖盘
13:28:39	13.9	-0.01	27	37530	卖盘
13:28:24	13.91	0.01	1	1391	中性盘
13:28:18	13.9	-0.01	60	83400	卖盘
13:28:14	13.91	0.01	6	8346	买盘
13:28:03	13.9	-0.02	13	18070	卖盘
13:27:54	13.92	--	16	22272	买盘
13:27:48	13.92	-0.02	88	122496	卖盘
13:27:44	13.94	0.01	2	2788	买盘
13:27:33	13.93	0.01	5	6965	卖盘
13:27:18	13.92	--	0	0	卖盘
13:27:14	13.92	--	50	69600	卖盘
13:27:03	13.92	0.04	431	599952	买盘
13:26:48	13.88	0.01	73	101324	买盘
13:26:44	13.87	0.01	1	1387	买盘
13:26:29	13.86	--	41	56826	买盘
13:26:24	13.86	0.01	10	13860	买盘
13:26:18	13.85	--	224	310240	卖盘
13:26:09	13.85	-0.01	21	29085	卖盘
13:26:03	13.86	--	20	27720	买盘
13:25:57	13.86	0.01	31	42966	买盘
13:25:53	13.85	-0.01	25	34625	卖盘
13:25:42	13.86	--	11	15246	买盘
13:25:39	13.86	--	79	109494	卖盘
13:25:33	13.86	--	2	2772	卖盘
13:25:27	13.86	-0.01	13	18018	卖盘
13:25:23	13.87	--	46	63802	买盘
13:25:18	13.87	0.01	19	26353	买盘
13:25:12	13.86	-0.01	48	66528	卖盘
13:25:03	13.87	--	141	195567	卖盘
13:24:48	13.87	-0.01	10	13870	卖盘
13:24:42	13.88	--	10	13880	买盘
13:24:38	13.88	--	10	13880	买盘
13:23:57	13.88	--	119	165172	卖盘
13:23:53	13.88	--	30	41640	卖盘
13:23:27	13.88	--	4	5552	卖盘
13:23:23	13.88	--	2	2776	卖盘
13:23:12	13.88	--	7	9716	卖盘
13:22:53	13.88	-0.01	7	9716	卖盘
13:22:33	13.89	--	9	12501	买盘
13:22:27	13.89	0.01	23	31947	买盘
13:22:18	13.88	-0.01	10	13880	卖盘
13:22:03	13.89	--	56	77784	卖盘
13:21:57	13.89	-0.01	55	76395	卖盘
13:21:48	13.9	--	13	18070	买盘
13:21:42	13.9	--	10	13900	买盘
13:21:33	13.9	--	10	13900	买盘
13:21:12	13.9	-0.02	727	1010530	卖盘
13:20:57	13.92	--	33	45936	买盘
13:20:53	13.92	--	1	1392	买盘
13:20:42	13.92	0.01	30	41760	买盘
13:20:38	13.91	-0.01	21	29211	卖盘
13:20:23	13.92	0.01	5	6960	卖盘
13:20:18	13.91	--	0	0	卖盘
13:20:12	13.91	--	20	27820	卖盘
13:20:08	13.91	-0.02	30	41730	卖盘
13:20:03	13.93	0.02	8	11144	买盘
13:19:57	13.91	--	0	0	卖盘
13:19:32	13.91	--	17	23647	卖盘
13:19:27	13.91	--	1	1391	卖盘
13:19:12	13.91	--	17	23647	买盘
13:18:57	13.91	0.01	30	41730	买盘
13:18:51	13.9	-0.01	5	6950	卖盘
13:18:47	13.91	--	5	6955	买盘
13:18:42	13.91	--	5	6955	买盘
13:18:27	13.91	--	8	11128	买盘
13:18:21	13.91	0.01	20	27820	买盘
13:18:17	13.9	--	27	37530	卖盘
13:18:12	13.9	-0.01	16	22240	卖盘
13:17:57	13.91	--	10	13910	买盘
13:17:51	13.91	--	22	30602	买盘
13:17:42	13.91	-0.01	73	101543	卖盘
13:17:36	13.92	-0.01	2	2784	卖盘
13:17:32	13.93	--	10	13930	买盘
13:17:21	13.93	0.01	20	27860	买盘
13:17:02	13.92	-0.01	1	1392	卖盘
13:16:51	13.93	--	20	27860	买盘
13:16:42	13.93	-0.02	101	140693	卖盘
13:16:32	13.95	--	20	27900	买盘
13:16:27	13.95	--	8	11160	买盘
13:16:12	13.95	--	15	20925	买盘
13:15:57	13.95	--	1	1395	买盘
13:15:42	13.95	0.03	10	13950	买盘
13:15:27	13.92	-0.01	172	239424	卖盘
13:15:21	13.93	--	358	498694	买盘
13:15:17	13.93	--	14	19502	买盘
13:15:12	13.93	--	5	6965	买盘
13:15:06	13.93	--	21	29253	买盘
13:15:02	13.93	--	20	27860	买盘
13:14:57	13.93	--	46	64078	买盘
13:14:51	13.93	--	30	41790	买盘
13:14:47	13.93	--	12	16716	买盘
13:14:27	13.93	--	0	0	买盘
13:14:21	13.93	--	3	4179	买盘
13:14:17	13.93	-0.01	63	87759	卖盘
13:14:06	13.94	0.02	60	83640	买盘
13:14:02	13.92	--	0	0	卖盘
13:13:47	13.92	0.01	2	2784	买盘
13:13:36	13.91	--	756	1051596	卖盘
13:13:32	13.91	--	57	79287	买盘
13:13:27	13.91	--	27	37557	买盘
13:13:21	13.91	--	85	118235	买盘
13:13:16	13.91	--	2	2782	买盘
13:13:12	13.91	--	10	13910	买盘
13:13:02	13.91	--	9	12519	买盘
13:12:51	13.91	--	10	13910	买盘
13:12:45	13.91	--	1	1391	买盘
13:12:36	13.91	--	12	16692	买盘
13:12:26	13.91	--	50	69550	买盘
13:12:21	13.91	0.01	6	8346	买盘
13:12:15	13.9	-0.01	50	69500	卖盘
13:12:06	13.91	--	62	86242	买盘
13:11:45	13.91	--	4	5564	买盘
13:11:36	13.91	-0.02	166	230906	卖盘
13:11:30	13.93	-0.01	17	23681	卖盘
13:11:21	13.94	--	2	2788	买盘
13:11:06	13.94	-0.01	11	15334	卖盘
13:11:00	13.95	--	2	2790	买盘
13:10:45	13.95	--	30	41850	买盘
13:10:41	13.95	--	2	2790	买盘
13:10:36	13.95	--	65	90675	卖盘
13:10:11	13.95	-0.02	4	5580	卖盘
13:10:06	13.97	0.01	31	43307	买盘
13:10:00	13.96	-0.01	33	46068	卖盘
13:09:56	13.97	--	2	2794	买盘
13:09:36	13.97	--	5	6985	买盘
13:08:45	13.97	--	6	8382	买盘
13:07:30	13.97	-0.01	43	60071	卖盘
13:07:06	13.98	--	32	44736	买盘
13:07:00	13.98	-0.02	10	13980	卖盘
13:06:56	14.0	--	1	1400	买盘
13:06:45	14.0	--	0	0	买盘
13:06:30	14.0	--	0	0	买盘
13:06:24	14.0	--	14	19600	买盘
13:05:54	14.0	0.05	14	19600	买盘
13:05:39	13.95	--	0	0	卖盘
13:05:35	13.95	--	18	25110	卖盘
13:05:30	13.95	--	0	0	卖盘
13:05:09	13.95	-0.05	100	139500	卖盘
13:04:54	14.0	--	0	0	买盘
13:04:50	14.0	0.01	21	29400	买盘
13:04:45	13.99	--	0	0	中性盘
13:04:39	13.99	-0.01	1	1399	卖盘
13:04:30	14.0	0.03	25	35000	买盘
13:04:24	13.97	-0.01	45	62865	卖盘
13:04:20	13.98	--	8	11184	卖盘
13:04:15	13.98	-0.01	26	36348	卖盘
13:04:09	13.99	--	1	1399	买盘
13:04:00	13.99	--	1	1399	卖盘
13:03:54	13.99	-0.01	2	2798	卖盘
13:03:39	14.0	0.01	2	2800	买盘
13:03:15	13.99	-0.01	4	5596	卖盘
13:03:09	14.0	--	3	4200	买盘
13:02:45	14.0	0.01	5	7000	买盘
13:02:15	13.99	-0.01	30	41970	卖盘
13:01:50	14.0	--	3	4200	卖盘
13:01:45	14.0	-0.01	12	16800	卖盘
13:01:39	14.01	-0.01	30	42030	中性盘
13:01:30	14.02	--	420	588840	卖盘
13:01:24	14.02	--	200	280400	卖盘
13:01:05	14.02	-0.01	8	11216	卖盘
13:01:00	14.03	0.01	30	42090	买盘
13:00:54	14.02	-0.01	2	2804	卖盘
13:00:39	14.03	--	55	77165	卖盘
13:00:35	14.03	--	40	56120	卖盘
13:00:30	14.03	--	30	42090	卖盘
13:00:19	14.03	--	30	42090	卖盘
13:00:09	14.03	--	13	18239	卖盘
13:00:05	14.03	--	217	304451	买盘
11:30:00	14.03	--	0	0	买盘
11:30:00	14.03	--	0	0	买盘
11:30:00	14.03	--	9	12627	买盘
11:29:51	14.03	0.01	33	46299	买盘
11:29:45	14.02	--	8	11216	卖盘
11:29:41	14.02	--	7	9814	卖盘
11:29:30	14.02	0.02	170	238340	买盘
11:29:15	14.0	--	10	14000	中性盘
11:29:11	14.0	--	5	7000	卖盘
11:29:06	14.0	--	0	0	卖盘
11:29:00	14.0	--	10	14000	卖盘
11:28:56	14.0	-0.03	2	2800	买盘
11:28:51	14.03	--	0	0	买盘
11:28:45	14.03	0.04	600	841800	买盘
11:28:36	13.99	--	4	5596	买盘
11:28:21	13.99	--	0	0	买盘
11:28:15	13.99	0.02	71	99329	买盘
11:27:45	13.97	--	9	12573	买盘
11:27:36	13.97	--	30	41910	买盘
11:27:15	13.97	-0.01	57	79629	卖盘
11:27:00	13.98	--	10	13980	买盘
11:26:56	13.98	-0.01	10	13980	买盘
11:26:30	13.99	--	0	0	买盘
11:26:21	13.99	--	38	53162	买盘
11:26:15	13.99	--	5	6995	买盘
11:26:11	13.99	0.01	1	1399	买盘
11:26:06	13.98	--	22	30756	卖盘
11:25:55	13.98	-0.01	10	13980	卖盘
11:25:36	13.99	0.01	6	8394	买盘
11:25:30	13.98	-0.01	10	13980	卖盘
11:25:26	13.99	--	24	33576	买盘
11:25:15	13.99	--	57	79743	买盘
11:25:11	13.99	--	6	8394	买盘
11:25:00	13.99	--	12	16788	买盘
11:24:45	13.99	--	46	64354	买盘
11:24:35	13.99	--	12	16788	买盘
11:24:30	13.99	--	1	1399	买盘
11:24:20	13.99	-0.04	4	5596	卖盘
11:24:15	14.03	-0.01	2	2806	中性盘
11:24:05	14.04	0.01	22	30887	卖盘
11:24:00	14.03	-0.02	35	49105	中性盘
11:23:56	14.05	--	217	304885	买盘
11:23:50	14.05	0.01	201	282405	买盘
11:23:45	14.04	--	0	0	买盘
11:23:40	14.04	--	0	0	买盘
11:23:35	14.04	0.01	200	280800	买盘
11:23:30	14.03	--	0	0	买盘
11:23:25	14.03	0.05	1000	1403000	买盘
11:23:20	13.98	--	1	1398	卖盘
11:22:54	13.98	--	1006	1406388	卖盘
11:22:39	13.98	--	10	13980	卖盘
11:22:30	13.98	0.01	29	40542	买盘
11:22:24	13.97	-0.01	1	1397	卖盘
11:22:15	13.98	--	3	4194	买盘
11:22:05	13.98	--	3	4194	买盘
11:21:50	13.98	0.01	23	32154	买盘
11:21:45	13.97	-0.01	10	13970	卖盘
11:21:30	13.98	--	5	6990	买盘
11:21:15	13.98	--	23	32154	买盘
11:21:00	13.98	--	28	39144	买盘
11:20:54	13.98	--	0	0	中性盘
11:20:45	13.98	-0.01	5	6990	卖盘
11:20:39	13.99	--	5	6995	买盘
11:20:35	13.99	--	39	54561	买盘
11:20:20	13.99	--	10	13990	买盘
11:20:00	13.99	--	25	34975	买盘
11:19:45	13.99	--	0	0	买盘
11:19:39	13.99	--	7	9793	买盘
11:19:34	13.99	--	1	1399	买盘
11:19:30	13.99	--	12	16788	买盘
11:19:09	13.99	--	5	6995	买盘
11:18:50	13.99	0.02	200	279800	买盘
11:18:24	13.97	--	9	12573	买盘
11:18:19	13.97	--	15	20955	买盘
11:17:39	13.97	--	7	9779	买盘
11:17:34	13.97	-0.01	7	9779	卖盘
11:17:14	13.98	0.01	10	13980	买盘
11:17:04	13.97	--	1	1397	卖盘
11:16:59	13.97	--	1	1397	买盘
11:16:39	13.97	--	11	15367	买盘
11:16:34	13.97	--	6	8382	买盘
11:16:18	13.97	-0.01	21	29337	卖盘
11:16:03	13.98	0.01	10	13980	买盘
11:15:59	13.97	--	6	8382	买盘
11:15:54	13.97	-0.01	1	1397	买盘
11:15:39	13.98	--	0	0	买盘
11:15:33	13.98	--	32	44736	买盘
11:15:24	13.98	0.03	3	4194	买盘
11:15:09	13.95	--	6	8370	卖盘
11:15:03	13.95	-0.01	20	27900	卖盘
11:14:39	13.96	--	3	4188	买盘
11:14:29	13.96	0.01	2	2792	买盘
11:14:24	13.95	--	20	27900	卖盘
11:14:18	13.95	-0.03	4	5580	卖盘
11:14:09	13.98	-0.01	3	4194	买盘
11:14:03	13.99	--	53	74147	买盘
11:13:54	13.99	-0.01	4	5596	买盘
11:13:44	14.0	--	0	0	买盘
11:13:39	14.0	0.01	200	280000	买盘
11:13:33	13.99	--	17	23783	买盘
11:13:29	13.99	0.02	37	51763	买盘
11:13:24	13.97	-0.02	51	71247	买盘
11:13:18	13.99	--	0	0	买盘
11:13:09	13.99	--	5	6995	买盘
11:13:03	13.99	--	3	4197	买盘
11:12:59	13.99	--	0	0	买盘
11:12:54	13.99	0.04	33	46167	买盘
11:12:39	13.95	-0.04	4	5580	中性盘
11:12:29	13.99	--	0	0	买盘
11:12:24	13.99	0.03	200	279800	买盘
11:12:18	13.96	--	32	44672	买盘
11:12:03	13.96	--	0	0	买盘
11:11:58	13.96	0.06	210	293160	买盘
11:11:54	13.9	0.01	19	26410	买盘
11:11:48	13.89	--	25	34725	卖盘
11:11:33	13.89	--	3	4167	买盘
11:11:23	13.89	--	9	12501	买盘
11:11:13	13.89	--	0	0	买盘
11:11:09	13.89	0.06	2	2778	买盘
11:11:03	13.83	-0.07	10	13830	卖盘
11:10:58	13.9	--	0	0	买盘
11:10:48	13.9	0.08	500	695000	买盘
11:10:43	13.82	--	8	11056	买盘
11:10:33	13.82	-0.03	224	309568	卖盘
11:10:28	13.85	0.02	1	1385	买盘
11:10:23	13.83	-0.02	7	9681	卖盘
11:10:18	13.85	0.02	35	48475	买盘
11:10:13	13.83	--	20	27660	卖盘
11:10:03	13.83	-0.02	15	20745	卖盘
11:09:57	13.85	0.02	1	1385	买盘
11:09:53	13.83	-0.02	6	8298	卖盘
11:09:23	13.85	-0.03	648	897480	卖盘
11:09:18	13.88	--	20	27760	卖盘
11:08:53	13.88	-0.01	107	148516	卖盘
11:08:42	13.89	--	42	58338	买盘
11:08:18	13.89	--	21	29169	卖盘
11:08:12	13.89	--	5	6945	卖盘
11:08:08	13.89	--	31	43059	卖盘
11:08:03	13.89	--	2	2778	卖盘
11:07:48	13.89	--	37	51393	卖盘
11:07:42	13.89	0.01	8	11112	卖盘
11:07:27	13.88	--	107	148516	买盘
11:07:23	13.88	--	3	4164	买盘
11:07:18	13.88	-0.01	391	542708	卖盘
11:07:12	13.89	0.01	18	25002	买盘
11:07:08	13.88	-0.01	100	138800	卖盘
11:06:57	13.89	0.01	53	73617	买盘
11:06:48	13.88	-0.01	5	6940	卖盘
11:06:33	13.89	--	20	27780	买盘
11:06:27	13.89	-0.02	92	127788	卖盘
11:06:18	13.91	-0.02	2	2782	卖盘
11:05:57	13.93	--	0	0	买盘
11:05:48	13.93	0.04	1	1393	买盘
11:05:27	13.89	--	0	0	卖盘
11:05:12	13.89	-0.01	100	138900	卖盘
11:05:07	13.9	--	54	75060	买盘
11:05:03	13.9	--	11	15290	买盘
11:04:52	13.9	--	8	11120	买盘
11:04:47	13.9	--	3	4170	买盘
11:04:27	13.9	-0.04	330	458700	卖盘
11:04:17	13.94	0.02	15	20910	买盘
11:04:07	13.92	--	16	22272	卖盘
11:03:57	13.92	-0.02	14	19488	卖盘
11:03:47	13.94	--	0	0	买盘
11:03:42	13.94	0.03	8	11152	买盘
11:03:37	13.91	0.01	13	18083	卖盘
11:03:27	13.9	--	0	0	卖盘
11:03:17	13.9	--	0	0	卖盘
11:02:57	13.9	-0.04	20	27800	卖盘
11:02:51	13.94	0.04	13	18122	买盘
11:02:42	13.9	--	2	2780	卖盘
11:02:27	13.9	--	20	27800	卖盘
11:02:12	13.9	0.02	333	462870	买盘
11:02:06	13.88	-0.01	18	24984	卖盘
11:01:57	13.89	--	224	311136	买盘
11:01:47	13.89	-0.01	26	36114	卖盘
11:01:42	13.9	0.01	2	2780	买盘
11:01:27	13.89	--	1	1389	卖盘
11:01:21	13.89	--	88	122232	买盘
11:01:12	13.89	--	30	41670	买盘
11:01:06	13.89	--	0	0	买盘
11:01:02	13.89	--	20	27780	买盘
11:00:57	13.89	0.01	212	294468	买盘
11:00:50	13.88	-0.01	4	5552	卖盘
11:00:47	13.89	--	506	702834	买盘
11:00:42	13.89	--	2	2778	买盘
11:00:36	13.89	-0.01	46	63894	卖盘
11:00:32	13.9	--	15	20850	买盘
11:00:27	13.9	--	2	2780	买盘
11:00:21	13.9	-0.06	137	190430	卖盘
11:00:17	13.96	--	16	22336	卖盘
11:00:12	13.96	--	18	25128	买盘
11:00:06	13.96	0.08	5	6980	买盘
10:59:57	13.88	--	0	0	卖盘
10:59:47	13.88	-0.02	500	694000	卖盘
10:59:42	13.9	--	70	97300	卖盘
10:59:36	13.9	--	0	0	卖盘
10:59:32	13.9	--	3	4170	买盘
10:59:27	13.9	--	48	66720	买盘
10:59:21	13.9	--	101	140390	买盘
10:59:17	13.9	--	199	276610	买盘
10:59:12	13.9	--	144	200160	买盘
10:59:06	13.9	--	21	29190	买盘
10:59:02	13.9	--	64	88960	买盘
10:58:57	13.9	--	19	26410	买盘
10:58:51	13.9	0.01	203	282170	买盘
10:58:42	13.89	-0.01	30	41670	卖盘
10:58:36	13.9	--	53	73670	买盘
10:58:16	13.9	--	3	4170	买盘
10:58:11	13.9	--	45	62550	买盘
10:58:06	13.9	0.01	50	69500	买盘
10:57:57	13.89	-0.01	237	329193	卖盘
10:57:51	13.9	0.01	40	55600	买盘
10:57:41	13.89	-0.01	7	9723	卖盘
10:57:36	13.9	--	53	73670	买盘
10:57:31	13.9	0.01	30	41700	买盘
10:57:26	13.89	--	2	2778	卖盘
10:57:21	13.89	--	47	65283	买盘
10:57:16	13.89	--	20	27780	买盘
10:57:11	13.89	--	2	2778	买盘
10:57:06	13.89	--	24	33336	买盘
10:57:01	13.89	--	24	33336	卖盘
10:56:51	13.89	-0.01	1	1389	卖盘
10:56:46	13.9	0.02	43	59770	买盘
10:56:36	13.88	-0.01	30	41640	卖盘
10:56:29	13.89	--	7	9723	买盘
10:56:21	13.89	-0.01	32	44448	卖盘
10:56:06	13.9	--	10	13900	买盘
10:56:00	13.9	-0.08	1048	1456720	卖盘
10:55:56	13.98	--	0	0	买盘
10:55:50	13.98	0.06	90	125820	买盘
10:55:45	13.92	--	0	0	卖盘
10:55:41	13.92	-0.06	20	27840	卖盘
10:55:30	13.98	0.06	1	1398	买盘
10:55:26	13.92	-0.05	500	696000	卖盘
10:55:21	13.97	-0.01	501	699897	卖盘
10:55:11	13.98	--	5	6990	买盘
10:54:56	13.98	--	3	4194	买盘
10:54:51	13.98	--	100	139800	买盘
10:54:41	13.98	--	30	41940	买盘
10:54:36	13.98	--	20	27960	买盘
10:54:30	13.98	-0.02	356	497688	卖盘
10:54:26	14.0	--	5	7000	买盘
10:54:21	14.0	--	51	71400	买盘
10:54:15	14.0	-0.02	398	557200	卖盘
10:54:06	14.02	-0.01	25	35050	卖盘
10:53:59	14.03	0.01	46	64538	中性盘
10:53:56	14.02	--	21	29442	买盘
10:53:51	14.02	--	10	14020	买盘
10:53:41	14.02	--	57	79914	卖盘
10:53:36	14.02	--	0	0	卖盘
10:53:30	14.02	-0.01	528	740256	卖盘
10:53:26	14.03	0.01	58	81374	买盘
10:53:21	14.02	--	40	56080	卖盘
10:53:11	14.02	--	126	176652	买盘
10:53:06	14.02	0.01	10	14020	买盘
10:53:00	14.01	-0.01	25	35025	卖盘
10:52:56	14.02	0.01	4	5608	买盘
10:52:45	14.01	--	75	105075	买盘
10:52:40	14.01	--	31	43431	买盘
10:52:36	14.01	--	41	57441	买盘
10:52:29	14.01	--	58	81258	买盘
10:52:25	14.01	--	5	7005	买盘
10:52:15	14.01	0.01	46	64446	买盘
10:52:11	14.0	--	8	11200	买盘
10:52:00	14.0	0.01	150	210000	买盘
10:51:55	13.99	--	57	79743	买盘
10:51:50	13.99	0.01	9	12591	买盘
10:51:45	13.98	--	130	181740	卖盘
10:51:35	13.98	--	5	6990	卖盘
10:51:29	13.98	--	125	174750	买盘
10:51:20	13.98	--	5	6990	买盘
10:51:10	13.98	--	29	40542	卖盘
10:51:05	13.98	-0.01	15	20970	卖盘
10:51:00	13.99	0.01	44	61556	买盘
10:50:55	13.98	-0.01	343	479514	卖盘
10:50:45	13.99	--	35	48965	买盘
10:50:40	13.99	0.02	10	13990	买盘
10:50:35	13.97	--	0	0	卖盘
10:50:30	13.97	-0.02	69	96393	卖盘
10:50:24	13.99	0.02	16	22384	买盘
10:50:20	13.97	--	2	2794	卖盘
10:50:00	13.97	--	0	0	买盘
10:49:54	13.97	-0.02	9	12573	中性盘
10:49:44	13.99	0.02	30	41970	买盘
10:49:39	13.97	--	0	0	中性盘
10:49:35	13.97	--	25	34925	卖盘
10:49:30	13.97	-0.02	2	2794	卖盘
10:49:20	13.99	--	0	0	买盘
10:49:14	13.99	0.02	5	6995	买盘
10:49:09	13.97	-0.02	39	54483	卖盘
10:49:05	13.99	--	58	81142	买盘
10:49:00	13.99	--	0	0	买盘
10:48:54	13.99	--	10	13990	买盘
10:48:50	13.99	0.02	40	55960	买盘
10:48:45	13.97	-0.02	45	62865	中性盘
10:48:39	13.99	--	1	1399	买盘
10:48:35	13.99	--	24	33576	买盘
10:48:30	13.99	0.06	14	19586	买盘
10:48:24	13.93	-0.02	500	696500	卖盘
10:48:20	13.95	0.01	8	11160	买盘
10:48:15	13.94	-0.05	505	703970	卖盘
10:48:09	13.99	0.05	12	16788	买盘
10:48:05	13.94	--	0	0	卖盘
10:48:00	13.94	--	0	0	卖盘
10:47:53	13.94	-0.05	250	348500	卖盘
10:47:50	13.99	0.01	79	110521	买盘
10:47:39	13.98	--	15	20970	买盘
10:47:35	13.98	--	7	9786	卖盘
10:47:30	13.98	--	1	1398	卖盘
10:47:24	13.98	-0.01	7	9786	卖盘
10:47:20	13.99	--	48	67152	买盘
10:47:09	13.99	--	23	32177	买盘
10:46:59	13.99	-0.01	66	92334	卖盘
10:46:54	14.0	--	38	53200	卖盘
10:46:49	14.0	-0.01	30	42000	买盘
10:46:44	14.01	0.01	121	169521	买盘
10:46:39	14.0	--	10	14000	卖盘
10:46:35	14.0	--	54	75600	买盘
10:46:30	14.0	--	18	25200	买盘
10:46:20	14.0	--	80	112000	卖盘
10:46:15	14.0	--	82	114800	卖盘
10:46:08	14.0	--	74	103600	买盘
10:46:00	14.0	--	81	113400	卖盘
10:45:54	14.0	-0.03	15	21000	卖盘
10:45:44	14.03	--	0	0	买盘
10:45:38	14.03	0.03	29	40687	买盘
10:45:34	14.0	--	6	8400	买盘
10:45:30	14.0	--	210	294000	卖盘
10:45:24	14.0	-0.01	265	371000	卖盘
10:45:19	14.01	--	23	32223	卖盘
10:45:14	14.01	-0.01	292	409092	卖盘
10:45:09	14.02	--	43	60286	卖盘
10:45:04	14.02	--	10	14020	卖盘
10:44:59	14.02	-0.01	115	161230	中性盘
10:44:54	14.03	0.01	26	36478	买盘
10:44:49	14.02	--	0	0	买盘
10:44:44	14.02	--	54	75708	卖盘
10:44:39	14.02	--	44	61688	卖盘
10:44:34	14.02	0.02	20	28040	买盘
10:44:29	14.0	--	53	74200	买盘
10:44:23	14.0	--	100	140000	买盘
10:44:19	14.0	-0.05	426	596400	卖盘
10:44:14	14.05	0.03	79	110995	买盘
10:44:09	14.02	-0.03	194	271988	卖盘
10:44:04	14.05	0.03	12	16860	买盘
10:43:54	14.02	-0.02	161	225722	卖盘
10:43:49	14.04	-0.01	21	29484	卖盘
10:43:44	14.05	--	10	14050	买盘
10:43:39	14.05	--	53	74465	买盘
10:43:34	14.05	-0.01	64	89920	卖盘
10:43:29	14.06	0.01	3	4218	买盘
10:43:23	14.05	-0.01	224	314720	卖盘
10:43:18	14.06	-0.02	42	59052	卖盘
10:43:14	14.08	--	29	40832	买盘
10:43:09	14.08	--	45	63360	买盘
10:43:03	14.08	0.02	28	39424	买盘
10:42:59	14.06	-0.04	4	5624	卖盘
10:42:54	14.1	0.02	126	177660	买盘
10:42:47	14.08	-0.01	100	140800	卖盘
10:42:44	14.09	--	45	63405	买盘
10:42:38	14.09	--	112	157808	买盘
10:42:32	14.09	0.01	31	43679	买盘
10:42:29	14.08	-0.02	40	56320	卖盘
10:42:24	14.1	--	84	118440	买盘
10:42:17	14.1	--	102	143820	买盘
10:42:14	14.1	-0.08	674	950340	卖盘
10:42:08	14.18	0.01	499	707582	买盘
10:42:03	14.17	-0.01	90	127530	卖盘
10:41:59	14.18	0.05	45	63810	买盘
10:41:53	14.13	0.03	183	258579	中性盘
10:41:48	14.1	-0.01	262	369420	卖盘
10:41:44	14.11	0.01	99	139689	卖盘
10:41:38	14.1	0.02	210	296100	买盘
10:41:32	14.08	-0.11	1752	2466816	卖盘
10:41:29	14.19	0.11	1500	2128500	买盘
10:41:23	14.08	--	58	81664	卖盘
10:41:18	14.08	--	3034	4271872	买盘
10:41:14	14.08	--	15	21120	买盘
10:41:08	14.08	--	36	50688	买盘
10:41:02	14.08	--	42	59136	买盘
10:40:53	14.08	0.09	39	54912	买盘
10:40:47	13.99	-0.12	25	34975	卖盘
10:40:44	14.11	0.13	2036	2872796	买盘
10:40:38	13.98	-0.02	2001	2797398	中性盘
10:40:32	14.0	0.11	1018	1425200	买盘
10:40:29	13.89	-0.11	18	25002	卖盘
10:40:23	14.0	--	0	0	买盘
10:40:17	14.0	--	1000	1400000	买盘
10:40:14	14.0	--	0	0	买盘
10:40:08	14.0	0.22	1500	2100000	买盘
10:40:02	13.78	0.01	1501	2068378	卖盘
10:39:58	13.77	--	14	19278	买盘
10:39:53	13.77	-0.13	40	55080	卖盘
10:39:47	13.9	--	1000	1390000	买盘
10:39:44	13.9	0.13	500	695000	买盘
10:39:38	13.77	--	5	6885	卖盘
10:39:32	13.77	0.01	63	86751	卖盘
10:39:13	13.76	-0.01	9	12384	卖盘
10:39:08	13.77	--	17	23409	买盘
10:39:02	13.77	0.01	16	22032	买盘
10:38:23	13.76	-0.01	1	1376	卖盘
10:38:17	13.77	0.01	1	1377	买盘
10:38:02	13.76	--	1	1376	卖盘
10:37:53	13.76	--	0	0	中性盘
10:37:43	13.76	--	17	23392	买盘
10:37:17	13.76	0.01	20	27520	买盘
10:37:13	13.75	-0.01	229	314875	卖盘
10:37:02	13.76	--	5	6880	买盘
10:36:58	13.76	--	10	13760	卖盘
10:36:47	13.76	0.01	10	13760	卖盘
10:36:41	13.75	-0.01	54	74250	卖盘
10:36:38	13.76	0.01	7	9632	卖盘
10:36:32	13.75	-0.01	30	41250	卖盘
10:36:26	13.76	--	6	8256	卖盘
10:36:23	13.76	--	3	4128	买盘
10:36:17	13.76	0.01	15	20640	买盘
10:36:11	13.75	-0.01	20	27500	卖盘
10:36:08	13.76	--	3	4128	买盘
10:35:56	13.76	0.01	38	52288	买盘
10:35:41	13.75	-0.01	1	1375	卖盘
10:35:38	13.76	--	20	27520	买盘
10:35:32	13.76	--	1	1376	买盘
10:35:26	13.76	-0.01	68	93568	卖盘
10:35:17	13.77	0.01	5	6885	买盘
10:34:56	13.76	-0.02	2	2752	卖盘
10:34:47	13.78	0.01	50	68900	买盘
10:34:41	13.77	-0.01	1	1377	卖盘
10:34:37	13.78	--	4	5512	买盘
10:34:32	13.78	0.02	17	23426	买盘
10:34:26	13.76	-0.02	50	68800	卖盘
10:34:22	13.78	--	2	2756	买盘
10:34:17	13.78	--	10	13780	买盘
10:34:11	13.78	--	14	19292	卖盘
10:34:08	13.78	--	3	4134	卖盘
10:33:56	13.78	-0.01	20	27560	卖盘
10:33:47	13.79	0.02	9	12411	买盘
10:33:26	13.77	0.01	4	5508	买盘
10:33:17	13.76	-0.03	7	9632	卖盘
10:33:11	13.79	0.01	36	49644	买盘
10:33:07	13.78	--	28	38584	买盘
10:32:56	13.78	--	9	12402	买盘
10:32:52	13.78	--	20	27560	买盘
10:32:47	13.78	0.02	15	20670	买盘
10:32:37	13.76	--	2	2752	卖盘
10:32:22	13.76	0.01	11	15136	买盘
10:32:17	13.75	--	57	78375	卖盘
10:32:11	13.75	--	17	23375	卖盘
10:32:02	13.75	--	0	0	卖盘
10:31:56	13.75	--	1	1375	卖盘
10:31:52	13.75	0.01	2081	2861375	买盘
10:31:47	13.74	-0.01	34	46716	卖盘
10:31:41	13.75	--	15	20625	买盘
10:31:37	13.75	--	15	20625	卖盘
10:31:32	13.75	--	30	41250	卖盘
10:31:26	13.75	-0.03	10	13750	卖盘
10:31:17	13.78	-0.01	3	4134	买盘
10:31:07	13.79	0.04	18	24822	买盘
10:31:02	13.75	-0.03	796	1094500	卖盘
10:30:56	13.78	-0.01	72	99216	卖盘
10:30:52	13.79	--	1	1379	买盘
10:30:47	13.79	--	136	187544	卖盘
10:30:41	13.79	-0.01	2	2758	卖盘
10:30:37	13.8	0.01	77	106260	买盘
10:30:26	13.79	--	3	4137	卖盘
10:30:17	13.79	--	8	11032	卖盘
10:30:11	13.79	--	12	16548	卖盘
10:30:05	13.79	-0.01	16	22064	卖盘
10:29:50	13.8	-0.01	146	201480	卖盘
10:29:32	13.81	0.01	6	8286	卖盘
10:29:17	13.8	--	0	0	卖盘
10:28:26	13.8	--	0	0	卖盘
10:28:20	13.8	--	8	11040	卖盘
10:28:01	13.8	--	20	27600	买盘
10:27:50	13.8	-0.05	696	960480	卖盘
10:27:47	13.85	--	4	5540	买盘
10:27:17	13.85	0.02	1	1385	买盘
10:27:11	13.83	--	20	27660	卖盘
10:27:05	13.83	-0.02	9	12447	卖盘
10:26:56	13.85	0.02	34	47090	买盘
10:26:50	13.83	-0.02	5	6915	卖盘
10:26:41	13.85	--	72	99720	买盘
10:26:35	13.85	0.02	89	123265	买盘
10:26:31	13.83	--	0	0	卖盘
10:26:26	13.83	-0.02	52	71916	卖盘
10:26:05	13.85	--	98	135730	卖盘
10:25:56	13.85	--	2	2770	卖盘
10:25:50	13.85	0.02	25	34625	买盘
10:25:31	13.83	-0.02	2	2766	卖盘
10:25:20	13.85	-0.01	5	6925	卖盘
10:25:01	13.86	-0.01	5	6930	买盘
10:24:56	13.87	0.01	38	52706	买盘
10:24:46	13.86	--	1	1386	卖盘
10:24:41	13.86	--	21	29106	买盘
10:24:26	13.86	--	4	5544	卖盘
10:24:01	13.86	0.03	1	1386	买盘
10:23:41	13.83	-0.03	1	1383	卖盘
10:23:29	13.86	-0.02	99	137214	卖盘
10:23:26	13.88	0.02	68	94384	买盘
10:23:20	13.86	--	110	152460	卖盘
10:23:11	13.86	-0.01	100	138600	卖盘
10:22:50	13.87	0.01	111	153957	买盘
10:22:35	13.86	--	2	2772	卖盘
10:22:29	13.86	--	30	41580	卖盘
10:22:14	13.86	--	54	74844	卖盘
10:22:05	13.86	--	22	30492	买盘
10:21:59	13.86	--	331	458766	买盘
10:21:50	13.86	--	8	11088	买盘
10:21:44	13.86	--	5	6930	买盘
10:21:35	13.86	--	13	18018	买盘
10:21:20	13.86	--	1	1386	买盘
10:21:14	13.86	--	4	5544	买盘
10:20:59	13.86	--	1	1386	买盘
10:20:55	13.86	--	8	11088	买盘
10:20:50	13.86	--	20	27720	卖盘
10:20:44	13.86	--	14	19404	卖盘
10:20:35	13.86	0.01	1	1386	卖盘
10:20:29	13.85	--	0	0	卖盘
10:20:14	13.85	-0.02	5	6925	卖盘
10:20:10	13.87	0.01	6	8322	买盘
10:20:05	13.86	0.01	27	37422	中性盘
10:19:50	13.85	-0.02	300	415500	卖盘
10:19:40	13.87	--	35	48545	买盘
10:19:35	13.87	--	57	79059	买盘
10:19:29	13.87	--	0	0	中性盘
10:19:20	13.87	0.02	12	16644	买盘
10:18:50	13.85	--	2	2770	卖盘
10:18:20	13.85	--	8	11080	买盘
10:17:55	13.85	--	2	2770	卖盘
10:17:44	13.85	--	25	34625	卖盘
10:17:29	13.85	0.05	3	4155	买盘
10:17:08	13.8	--	0	0	卖盘
10:17:05	13.8	-0.04	285	393300	卖盘
10:16:59	13.84	--	5	6920	卖盘
10:16:53	13.84	-0.01	27	37368	卖盘
10:16:50	13.85	--	16	22160	卖盘
10:16:44	13.85	--	12	16620	买盘
10:16:35	13.85	0.01	15	20775	卖盘
10:16:29	13.84	--	0	0	卖盘
10:16:14	13.84	-0.03	4	5536	卖盘
10:16:08	13.87	0.02	13	18031	买盘
10:15:59	13.85	-0.02	22	30470	卖盘
10:15:29	13.87	0.02	12	16644	中性盘
10:15:23	13.85	-0.03	7	9695	卖盘
10:15:14	13.88	--	0	0	买盘
10:15:04	13.88	0.02	64	88832	买盘
10:14:53	13.86	--	0	0	买盘
10:14:38	13.86	0.01	14	19404	买盘
10:14:29	13.85	--	23	31855	卖盘
10:14:23	13.85	--	40	55400	卖盘
10:14:14	13.85	--	4	5540	卖盘
10:13:59	13.85	--	10	13850	卖盘
10:13:34	13.85	0.01	8	11080	买盘
10:13:29	13.84	-0.01	24	33216	卖盘
10:13:19	13.85	--	5	6925	买盘
10:12:53	13.85	--	3	4155	买盘
10:12:44	13.85	--	13	18005	买盘
10:12:38	13.85	0.01	4	5540	买盘
10:12:29	13.84	--	34	47056	卖盘
10:12:24	13.84	-0.01	12	16608	卖盘
10:11:59	13.85	--	1	1385	买盘
10:11:49	13.85	--	9	12465	买盘
10:11:38	13.85	--	6	8310	买盘
10:11:34	13.85	0.01	1	1385	买盘
10:11:23	13.84	--	5	6920	卖盘
10:11:19	13.84	--	53	73352	买盘
10:11:14	13.84	0.04	10	13840	买盘
10:11:08	13.8	--	0	0	卖盘
10:11:04	13.8	-0.04	50	69000	卖盘
10:10:59	13.84	0.04	35	48440	买盘
10:10:53	13.8	-0.04	86	118680	卖盘
10:10:47	13.84	0.04	3	4152	买盘
10:10:38	13.8	--	2	2760	卖盘
10:10:23	13.8	--	2	2760	买盘
10:10:17	13.8	--	29	40020	买盘
10:10:14	13.8	--	23	31740	买盘
10:10:08	13.8	--	27	37260	买盘
10:10:02	13.8	--	20	27600	买盘
10:09:53	13.8	0.01	109	150420	买盘
10:09:47	13.79	--	1	1379	买盘
10:09:44	13.79	-0.01	1	1379	买盘
10:09:38	13.8	0.02	19	26220	买盘
10:09:32	13.78	-0.02	27	37206	卖盘
10:09:23	13.8	--	13	17940	买盘
10:09:17	13.8	0.01	148	204240	买盘
10:09:08	13.79	-0.01	91	125488	卖盘
10:09:02	13.8	--	15	20700	买盘
10:08:53	13.8	--	28	38640	买盘
10:08:47	13.8	--	47	64860	买盘
10:08:38	13.8	-0.04	646	891480	卖盘
10:08:32	13.84	-0.01	20	27680	卖盘
10:08:28	13.85	--	30	41550	买盘
10:08:17	13.85	--	1	1385	卖盘
10:08:08	13.85	-0.04	20	27700	卖盘
10:08:02	13.89	--	0	0	买盘
10:07:58	13.89	--	10	13890	买盘
10:07:53	13.89	--	9	12501	买盘
10:07:47	13.89	--	32	44448	买盘
10:07:43	13.89	0.03	100	138900	买盘
10:07:38	13.86	-0.03	69	95634	卖盘
10:07:13	13.89	--	359	498651	卖盘
10:07:08	13.89	--	109	151401	卖盘
10:06:58	13.89	--	10	13890	卖盘
10:06:53	13.89	--	35	48615	卖盘
10:06:47	13.89	0.02	341	473649	买盘
10:06:32	13.87	--	0	0	卖盘
10:06:28	13.87	--	5	6935	卖盘
10:06:23	13.87	--	23	31901	买盘
10:06:17	13.87	--	5	6935	买盘
10:06:08	13.87	--	13	18031	买盘
10:06:02	13.87	--	12	16644	卖盘
10:05:47	13.87	--	14	19418	买盘
10:05:43	13.87	0.02	1	1387	买盘
10:05:32	13.85	--	0	0	卖盘
10:05:23	13.85	0.02	46	63710	买盘
10:05:02	13.83	0.01	6	8298	卖盘
10:04:58	13.82	--	0	0	卖盘
10:04:53	13.82	-0.03	6	8292	卖盘
10:04:47	13.85	0.02	9	12465	买盘
10:04:43	13.83	--	0	0	中性盘
10:04:38	13.83	--	5	6915	卖盘
10:04:32	13.83	--	0	0	卖盘
10:04:28	13.83	-0.05	1	1383	卖盘
10:04:17	13.88	-0.01	11	15268	买盘
10:04:11	13.89	--	20	27780	买盘
10:04:08	13.89	--	0	0	买盘
10:04:02	13.89	--	1	1389	买盘
10:03:56	13.89	-0.01	49	68061	买盘
10:03:47	13.9	--	0	0	买盘
10:03:41	13.9	--	0	0	买盘
10:03:32	13.9	--	0	0	买盘
10:03:26	13.9	0.05	15	20850	买盘
10:03:23	13.85	--	18	24930	卖盘
10:03:17	13.85	--	0	0	卖盘
10:03:11	13.85	-0.03	653	904405	卖盘
10:03:02	13.88	-0.01	33	45804	卖盘
10:02:53	13.89	--	2	2778	买盘
10:02:47	13.89	0.04	13	18057	买盘
10:02:41	13.85	0.01	6	8310	中性盘
10:02:37	13.84	-0.05	20	27680	卖盘
10:02:32	13.89	--	0	0	买盘
10:02:26	13.89	-0.01	1	1389	买盘
10:02:22	13.9	--	7	9730	买盘
10:02:17	13.9	--	0	0	买盘
10:02:07	13.9	0.06	1002	1392780	买盘
10:01:56	13.84	--	50	69200	买盘
10:01:47	13.84	--	11	15224	买盘
10:01:41	13.84	--	7	9688	买盘
10:01:37	13.84	0.06	8	11072	买盘
10:01:26	13.78	-0.06	2	2756	中性盘
10:01:17	13.84	--	2	2768	买盘
10:01:11	13.84	0.08	2	2768	买盘
10:01:07	13.76	--	0	0	卖盘
10:01:02	13.76	-0.04	100	137600	卖盘
10:00:56	13.8	0.03	2	2760	中性盘
10:00:52	13.77	--	10	13770	卖盘
10:00:41	13.77	--	0	0	卖盘
10:00:32	13.77	--	85	117045	买盘
10:00:26	13.77	--	16	22032	买盘
10:00:22	13.77	--	8	11016	买盘
10:00:17	13.77	--	2	2754	买盘
10:00:11	13.77	-0.1	468	644436	卖盘
10:00:07	13.87	0.03	110	152570	买盘
10:00:02	13.84	-0.03	11	15224	卖盘
09:59:56	13.87	0.03	79	109573	买盘
09:59:52	13.84	-0.02	250	346000	卖盘
09:59:47	13.86	0.02	25	34650	买盘
09:59:41	13.84	-0.01	54	74736	卖盘
09:59:37	13.85	0.01	14	19390	买盘
09:59:32	13.84	--	12	16608	卖盘
09:59:26	13.84	--	10	13840	卖盘
09:59:22	13.84	--	3	4152	卖盘
09:59:17	13.84	0.04	49	67816	买盘
09:59:11	13.8	-0.04	50	69000	卖盘
09:59:02	13.84	0.04	1	1384	买盘
09:58:56	13.8	--	2	2760	卖盘
09:58:52	13.8	-0.04	3	4140	卖盘
09:58:41	13.84	0.06	7	9688	买盘
09:58:26	13.78	-0.02	76	104728	卖盘
09:58:22	13.8	--	0	0	卖盘
09:58:17	13.8	--	2	2760	买盘
09:58:11	13.8	--	8	11040	买盘
09:58:07	13.8	--	30	41400	卖盘
09:58:02	13.8	--	14	19320	买盘
09:57:50	13.8	--	5	6900	买盘
09:57:47	13.8	--	3	4140	卖盘
09:57:41	13.8	--	33	45540	卖盘
09:57:35	13.8	-0.1	20	27600	卖盘
09:57:32	13.9	0.1	488	678320	买盘
09:57:26	13.8	--	68	93840	卖盘
09:57:11	13.8	0.04	486	670680	买盘
09:57:05	13.76	--	11	15136	卖盘
09:56:56	13.76	0.03	204	280704	买盘
09:56:50	13.73	--	176	241648	卖盘
09:56:35	13.73	--	32	43936	卖盘
09:56:31	13.73	--	8	10984	卖盘
09:56:26	13.73	--	12	16476	卖盘
09:56:20	13.73	0.01	39	53547	买盘
09:56:11	13.72	--	57	78204	卖盘
09:56:05	13.72	--	31	42532	卖盘
09:55:56	13.72	-0.01	21	28812	卖盘
09:55:50	13.73	-0.03	137	188101	卖盘
09:55:46	13.76	--	0	0	买盘
09:55:35	13.76	-0.02	23	31648	卖盘
09:55:31	13.78	--	10	13780	买盘
09:55:26	13.78	0.01	100	137800	买盘
09:55:20	13.77	-0.01	10	13770	中性盘
09:55:16	13.78	--	130	179140	买盘
09:55:11	13.78	--	522	719316	买盘
09:55:05	13.78	--	90	124020	买盘
09:55:01	13.78	-0.01	421	580138	卖盘
09:54:56	13.79	--	48	66192	买盘
09:54:50	13.79	--	12	16548	卖盘
09:54:46	13.79	-0.01	31	42749	卖盘
09:54:41	13.8	0.01	41	56580	买盘
09:54:35	13.79	-0.01	39	53781	卖盘
09:54:31	13.8	-0.07	859	1185420	卖盘
09:54:26	13.87	0.01	26	36062	中性盘
09:54:20	13.86	--	10	13860	卖盘
09:54:11	13.86	-0.03	4	5544	卖盘
09:54:05	13.89	0.01	75	104175	买盘
09:53:56	13.88	--	10	13880	买盘
09:53:50	13.88	0.06	22	30536	买盘
09:53:41	13.82	0.04	51	70482	中性盘
09:53:35	13.78	-0.11	521	717938	卖盘
09:53:31	13.89	0.08	1354	1880706	买盘
09:53:26	13.81	0.01	15	20715	中性盘
09:53:20	13.8	--	37	51060	卖盘
09:53:16	13.8	-0.02	5	6900	卖盘
09:53:11	13.82	0.02	43	59426	买盘
09:53:05	13.8	--	3	4140	卖盘
09:53:01	13.8	-0.02	20	27600	卖盘
09:52:56	13.82	--	67	92594	买盘
09:52:46	13.82	--	30	41460	卖盘
09:52:35	13.82	0.03	34	46988	卖盘
09:52:31	13.79	--	0	0	卖盘
09:52:26	13.79	-0.01	92	126867	卖盘
09:52:20	13.8	-0.03	420	579600	卖盘
09:52:11	13.83	-0.01	521	720543	中性盘
09:52:05	13.84	--	66	91344	买盘
09:52:01	13.84	--	1	1384	卖盘
09:51:56	13.84	--	13	17992	卖盘
09:51:50	13.84	--	20	27680	买盘
09:51:46	13.84	--	3	4152	买盘
09:51:41	13.84	--	0	0	买盘
09:51:35	13.84	--	0	0	中性盘
09:51:29	13.84	-0.04	10	13840	卖盘
09:51:26	13.88	--	21	29148	买盘
09:51:20	13.88	-0.01	12	16656	买盘
09:51:14	13.89	--	0	0	买盘
09:51:11	13.89	--	0	0	买盘
09:51:05	13.89	0.01	637	884793	买盘
09:50:59	13.88	--	19	26372	卖盘
09:50:50	13.88	--	35	48580	买盘
09:50:44	13.88	--	7	9716	买盘
09:50:35	13.88	--	6	8328	卖盘
09:50:29	13.88	--	5	6940	买盘
09:50:26	13.88	0.01	19	26372	买盘
09:50:20	13.87	-0.02	3	4161	卖盘
09:50:14	13.89	--	7	9723	买盘
09:50:11	13.89	0.02	30	41670	买盘
09:50:05	13.87	0.01	10	13870	中性盘
09:49:59	13.86	-0.01	50	69300	卖盘
09:49:56	13.87	--	29	40223	卖盘
09:49:44	13.87	--	0	0	卖盘
09:49:35	13.87	--	38	52706	卖盘
09:49:29	13.87	--	29	40223	买盘
09:49:26	13.87	0.02	10	13870	买盘
09:49:20	13.85	-0.03	495	685575	卖盘
09:49:14	13.88	--	15	20820	卖盘
09:49:10	13.88	--	26	36088	买盘
09:49:05	13.88	0.01	12	16656	买盘
09:48:59	13.87	--	13	18031	卖盘
09:48:55	13.87	--	30	41610	卖盘
09:48:50	13.87	--	16	22192	卖盘
09:48:44	13.87	0.02	1	1387	买盘
09:48:35	13.85	-0.01	105	145425	卖盘
09:48:29	13.86	--	3	4158	卖盘
09:48:25	13.86	--	1	1386	卖盘
09:48:20	13.86	--	12	16632	买盘
09:48:14	13.86	--	64	88704	买盘
09:48:05	13.86	--	47	65142	买盘
09:47:59	13.86	0.03	21	29106	买盘
09:47:55	13.83	-0.03	500	691500	卖盘
09:47:50	13.86	--	56	77616	买盘
09:47:44	13.86	--	33	45738	买盘
09:47:40	13.86	-0.01	290	401940	卖盘
09:47:35	13.87	-0.01	31	42997	卖盘
09:47:29	13.88	--	37	51356	买盘
09:47:25	13.88	--	162	224856	卖盘
09:47:20	13.88	--	8	11104	卖盘
09:47:14	13.88	-0.01	11	15268	卖盘
09:47:10	13.89	--	1	1389	买盘
09:47:05	13.89	--	9	12501	买盘
09:46:59	13.89	-0.01	270	375030	卖盘
09:46:50	13.9	-0.02	27	37530	卖盘
09:46:44	13.92	0.02	14	19488	中性盘
09:46:40	13.9	-0.03	77	107030	卖盘
09:46:35	13.93	--	0	0	买盘
09:46:29	13.93	0.03	5	6965	买盘
09:46:25	13.9	-0.02	13	18070	卖盘
09:46:14	13.92	-0.01	10	13920	卖盘
09:46:10	13.93	--	2	2786	买盘
09:46:05	13.93	-0.01	37	51541	卖盘
09:45:59	13.94	--	5	6970	买盘
09:45:50	13.94	0.01	1	1394	买盘
09:45:44	13.93	--	28	39004	买盘
09:45:40	13.93	--	0	0	买盘
09:45:35	13.93	0.03	3	4179	买盘
09:45:29	13.9	-0.04	98	136220	卖盘
09:45:20	13.94	--	0	0	中性盘
09:45:14	13.94	--	10	13940	卖盘
09:45:10	13.94	--	2	2788	卖盘
09:44:59	13.94	-0.01	14	19516	卖盘
09:44:54	13.95	-0.01	7	9765	卖盘
09:44:44	13.96	--	32	44672	买盘
09:44:38	13.96	--	72	100512	买盘
09:44:29	13.96	0.01	117	163332	买盘
09:44:20	13.95	-0.01	17	23715	卖盘
09:44:14	13.96	--	14	19544	卖盘
09:44:08	13.96	--	13	18148	买盘
09:44:05	13.96	--	5	6980	买盘
09:43:59	13.96	-0.02	22	30712	卖盘
09:43:53	13.98	0.02	41	57318	买盘
09:43:50	13.96	--	8	11168	卖盘
09:43:44	13.96	0.01	2	2792	卖盘
09:43:38	13.95	-0.03	194	270630	卖盘
09:43:29	13.98	0.02	141	197118	买盘
09:43:23	13.96	-0.02	169	235924	卖盘
09:43:20	13.98	--	6	8388	买盘
09:43:14	13.98	0.01	91	127218	买盘
09:43:08	13.97	0.01	360	502920	中性盘
09:43:05	13.96	-0.03	3	4188	卖盘
09:42:59	13.99	0.01	20	27980	买盘
09:42:53	13.98	--	43	60114	卖盘
09:42:49	13.98	0.03	948	1325304	买盘
09:42:44	13.95	-0.01	105	146475	卖盘
09:42:38	13.96	--	9	12564	买盘
09:42:35	13.96	-0.01	64	89344	卖盘
09:42:29	13.97	--	23	32131	买盘
09:42:23	13.97	-0.01	67	93599	中性盘
09:42:19	13.98	--	5	6990	买盘
09:42:14	13.98	--	96	134208	买盘
09:42:08	13.98	0.03	92	128616	买盘
09:42:04	13.95	-0.01	118	164610	卖盘
09:41:59	13.96	-0.04	83	115868	中性盘
09:41:53	14.0	0.05	31	43400	买盘
09:41:49	13.95	--	86	119970	卖盘
09:41:44	13.95	--	1010	1408950	卖盘
09:41:38	13.95	--	6	8370	买盘
09:41:34	13.95	--	4	5580	卖盘
09:41:29	13.95	--	5	6975	买盘
09:41:23	13.95	--	6	8370	买盘
09:41:14	13.95	0.1	4	5580	买盘
09:41:08	13.85	--	0	0	卖盘
09:40:59	13.85	0.02	16	22160	卖盘
09:40:53	13.83	--	82	113406	卖盘
09:40:44	13.83	--	1	1383	卖盘
09:40:38	13.83	--	918	1269594	卖盘
09:40:29	13.83	--	16	22128	买盘
09:40:23	13.83	--	5	6915	买盘
09:40:19	13.83	--	40	55320	买盘
09:40:14	13.83	0.01	6	8298	买盘
09:40:08	13.82	--	20	27640	卖盘
09:39:59	13.82	--	27	37314	买盘
09:39:53	13.82	--	17	23494	买盘
09:39:49	13.82	0.02	29	40078	买盘
09:39:44	13.8	--	6	8280	卖盘
09:39:38	13.8	--	4	5520	卖盘
09:39:34	13.8	0.02	40	55200	卖盘
09:39:29	13.78	-0.02	173	238394	卖盘
09:39:23	13.8	0.01	55	75900	买盘
09:39:19	13.79	-0.01	10	13790	买盘
09:39:14	13.8	0.01	73	100740	买盘
09:39:08	13.79	0.01	26	35854	买盘
09:39:04	13.78	--	69	95082	卖盘
09:38:59	13.78	--	93	128154	卖盘
09:38:53	13.78	--	3	4134	卖盘
09:38:49	13.78	--	29	39962	卖盘
09:38:44	13.78	--	40	55120	卖盘
09:38:38	13.78	-0.01	29	39962	卖盘
09:38:34	13.79	0.01	64	88256	买盘
09:38:29	13.78	--	8	11024	卖盘
09:38:23	13.78	-0.01	125	172250	卖盘
09:38:14	13.79	--	73	100667	买盘
09:38:08	13.79	--	301	415079	卖盘
09:38:02	13.79	-0.01	25	34475	卖盘
09:37:59	13.8	0.01	3	4140	买盘
09:37:53	13.79	-0.01	32	44128	卖盘
09:37:47	13.8	--	154	212520	买盘
09:37:44	13.8	-0.02	57	78660	卖盘
09:37:38	13.82	--	40	55280	买盘
09:37:32	13.82	-0.01	7	9674	中性盘
09:37:29	13.83	--	0	0	买盘
09:37:23	13.83	--	25	34575	买盘
09:37:17	13.83	--	11	15213	卖盘
09:37:14	13.83	--	0	0	卖盘
09:37:08	13.83	-0.01	1037	1434171	卖盘
09:37:02	13.84	--	84	116256	买盘
09:36:59	13.84	0.02	10	13840	买盘
09:36:53	13.82	-0.02	104	143728	卖盘
09:36:47	13.84	0.01	30	41520	买盘
09:36:44	13.83	-0.01	11	15213	卖盘
09:36:38	13.84	0.01	32	44288	买盘
09:36:32	13.83	-0.01	9	12447	卖盘
09:36:29	13.84	--	4	5536	卖盘
09:36:23	13.84	0.01	8	11072	买盘
09:36:17	13.83	0.01	54	74682	卖盘
09:36:14	13.82	--	0	0	卖盘
09:36:08	13.82	-0.02	48	66336	卖盘
09:36:02	13.84	0.02	37	51208	中性盘
09:35:59	13.82	-0.01	187	258434	卖盘
09:35:53	13.83	-0.01	35	48405	卖盘
09:35:47	13.84	0.01	107	148088	买盘
09:35:43	13.83	-0.01	48	66384	卖盘
09:35:38	13.84	--	55	76120	买盘
09:35:32	13.84	--	51	70584	买盘
09:35:28	13.84	--	99	137016	卖盘
09:35:23	13.84	-0.01	32	44288	卖盘
09:35:17	13.85	--	20	27700	买盘
09:35:13	13.85	-0.01	11	15235	买盘
09:35:08	13.86	0.01	102	141372	中性盘
09:35:02	13.85	--	59	81715	卖盘
09:34:58	13.85	-0.02	10	13850	卖盘
09:34:53	13.87	-0.01	110	152570	卖盘
09:34:47	13.88	0.01	29	40252	买盘
09:34:43	13.87	-0.01	16	22192	卖盘
09:34:38	13.88	--	66	91608	买盘
09:34:32	13.88	-0.02	312	433056	卖盘
09:34:28	13.9	--	41	56990	买盘
09:34:23	13.9	--	65	90350	买盘
09:34:17	13.9	--	113	157070	买盘
09:34:13	13.9	--	7	9730	买盘
09:34:08	13.9	--	128	177920	买盘
09:34:02	13.9	0.01	51	70890	买盘
09:33:58	13.89	-0.01	52	72228	卖盘
09:33:53	13.9	--	83	115370	买盘
09:33:47	13.9	--	157	218230	买盘
09:33:43	13.9	--	96	133440	买盘
09:33:38	13.9	0.01	66	91740	买盘
09:33:32	13.89	-0.01	91	126399	卖盘
09:33:28	13.9	--	32	44480	买盘
09:33:23	13.9	0.01	140	194600	买盘
09:33:17	13.89	-0.01	379	526431	卖盘
09:33:13	13.9	--	46	63940	买盘
09:33:08	13.9	--	113	157070	买盘
09:33:02	13.9	--	270	375300	买盘
09:32:53	13.9	--	32	44480	买盘
09:32:47	13.9	0.01	353	490670	买盘
09:32:43	13.89	--	131	181959	卖盘
09:32:38	13.89	--	79	109731	买盘
09:32:32	13.89	--	4	5556	买盘
09:32:23	13.89	0.02	80	111120	买盘
09:32:17	13.87	--	30	41610	卖盘
09:32:08	13.87	0.04	174	241338	买盘
09:32:02	13.83	-0.02	5	6915	卖盘
09:31:53	13.85	0.04	113	156505	买盘
09:31:47	13.81	--	169	233389	卖盘
09:31:43	13.81	--	31	42811	卖盘
09:31:38	13.81	--	94	129814	买盘
09:31:32	13.81	0.01	411	567591	买盘
09:31:26	13.8	--	113	155940	买盘
09:31:23	13.8	--	65	89700	买盘
09:31:17	13.8	--	230	317400	买盘
09:31:11	13.8	-0.07	420	579600	卖盘
09:31:08	13.87	0.05	73	101251	买盘
09:31:02	13.82	-0.06	95	131290	卖盘
09:30:56	13.88	0.01	37	51356	买盘
09:30:53	13.87	-0.01	22	30514	卖盘
09:30:47	13.88	-0.02	731	1014628	卖盘
09:30:41	13.9	--	19	26410	买盘
09:30:38	13.9	--	23	31970	买盘
09:30:32	13.9	-0.09	224	311360	卖盘
09:30:26	13.99	--	353	493847	买盘
09:30:23	13.99	-0.01	30	41970	卖盘
09:30:17	14.0	--	180	252000	买盘
09:30:11	14.0	--	240	336000	买盘
09:30:08	14.0	--	1392	1948800	买盘
09:30:02	14.0	-0.1	1161	1625400	卖盘
09:28:49	14.1	--	0	0	买盘
09:25:09	14.1	14.1	2643	3726630	买盘
