成交时间	成交价	价格变动	成交量(手)	成交额(元)	性质
15:00:00	11.28	--	0	0	中性盘
15:00:00	11.28	--	66	74448	买盘
14:59:58	11.28	--	245	277307	卖盘
14:59:52	11.28	-0.01	237	267336	卖盘
14:59:48	11.29	--	176	198703	买盘
14:59:43	11.29	0.01	50	56449	买盘
14:59:37	11.28	-0.01	125	141000	卖盘
14:59:33	11.29	0.01	15	16935	买盘
14:59:28	11.28	-0.01	72	81216	卖盘
14:59:22	11.29	--	5	5645	买盘
14:59:18	11.29	--	85	95965	买盘
14:59:13	11.29	0.01	30	33870	买盘
14:59:07	11.28	-0.01	1035	1167480	卖盘
14:59:03	11.29	0.01	17	19193	买盘
14:58:58	11.28	-0.01	79	89112	卖盘
14:58:52	11.29	--	62	69998	买盘
14:58:47	11.29	--	20	22580	买盘
14:58:43	11.29	--	5	5645	买盘
14:58:37	11.29	--	118	133222	买盘
14:58:28	11.29	--	38	42902	卖盘
14:58:18	11.29	--	242	273218	买盘
14:58:13	11.29	--	48	54191	买盘
14:58:07	11.29	--	585	660465	买盘
14:58:03	11.29	--	69	77901	卖盘
14:57:58	11.29	-0.01	5	5645	卖盘
14:57:52	11.3	0.01	204	230520	买盘
14:57:48	11.29	-0.01	36	40644	卖盘
14:57:43	11.3	0.01	269	303970	买盘
14:57:37	11.29	--	94	106125	卖盘
14:57:33	11.29	--	27	30482	卖盘
14:57:27	11.29	--	5	5645	卖盘
14:57:22	11.29	--	3	3386	卖盘
14:57:18	11.29	--	201	226928	买盘
14:57:07	11.29	--	15	16935	买盘
14:56:57	11.29	-0.01	11	12418	卖盘
14:56:52	11.3	0.01	21	23730	买盘
14:56:48	11.29	-0.01	255	287895	卖盘
14:56:42	11.3	0.01	2	2260	买盘
14:56:37	11.29	-0.01	122	137738	卖盘
14:56:32	11.3	0.01	3	3390	买盘
14:56:27	11.29	--	30	33870	卖盘
14:56:22	11.29	0.01	159	179511	买盘
14:56:18	11.28	-0.01	215	242520	卖盘
14:56:12	11.29	--	23	25966	卖盘
14:56:07	11.29	0.01	83	93707	买盘
14:56:03	11.28	--	0	0	卖盘
14:55:57	11.28	-0.01	52	58791	卖盘
14:55:52	11.29	--	122	137738	买盘
14:55:46	11.29	--	33	37257	买盘
14:55:37	11.29	--	83	94700	卖盘
14:55:31	11.29	-0.01	3	3386	卖盘
14:55:12	11.3	0.01	10	11300	买盘
14:55:07	11.29	--	13	14812	买盘
14:55:01	11.29	--	36	41637	卖盘
14:54:57	11.29	-0.01	532	600628	卖盘
14:54:52	11.3	0.01	2	2260	买盘
14:54:46	11.29	--	401	452728	卖盘
14:54:42	11.29	-0.01	56	63223	卖盘
14:54:37	11.3	--	23	25990	买盘
14:54:31	11.3	0.01	49	55370	买盘
14:54:22	11.29	--	33	37257	卖盘
14:54:12	11.29	--	50	56449	卖盘
14:54:01	11.29	--	2	2258	卖盘
14:53:46	11.29	-0.01	26	29353	卖盘
14:53:42	11.3	--	45	50850	买盘
14:53:37	11.3	--	9	10170	买盘
14:53:31	11.3	--	9	10170	买盘
14:53:22	11.3	--	282	318660	买盘
14:53:16	11.3	0.01	53	59890	买盘
14:53:12	11.29	--	26	29353	卖盘
14:53:01	11.29	--	50	56449	卖盘
14:52:56	11.29	-0.01	10	11290	卖盘
14:52:52	11.3	0.01	21	23730	买盘
14:52:46	11.29	--	64	72256	卖盘
14:52:41	11.29	-0.01	4	4516	卖盘
14:52:37	11.3	--	15	16950	买盘
14:52:27	11.3	0.01	1	1130	买盘
14:52:22	11.29	--	20	22580	卖盘
14:52:16	11.29	--	41	46289	卖盘
14:52:01	11.29	--	72	81288	卖盘
14:51:46	11.29	-0.01	19	21451	卖盘
14:51:42	11.3	0.01	15	16950	买盘
14:51:31	11.29	--	7	7902	卖盘
14:51:26	11.29	--	16	18199	卖盘
14:51:11	11.29	--	226	255153	买盘
14:51:07	11.29	--	28	31611	买盘
14:51:01	11.29	--	1241	1401089	卖盘
14:50:56	11.29	-0.01	11	12418	卖盘
14:50:52	11.3	0.01	100	113000	买盘
14:50:46	11.29	-0.01	45	50804	卖盘
14:50:41	11.3	--	10	11300	买盘
14:50:31	11.3	--	105	118650	买盘
14:50:16	11.3	--	5	5650	买盘
14:50:11	11.3	--	110	124300	买盘
14:50:01	11.3	0.02	93	105090	买盘
14:49:56	11.28	-0.01	35	40472	卖盘
14:49:51	11.29	--	46	51967	买盘
14:49:46	11.29	--	449	506920	买盘
14:49:31	11.29	--	30	33870	买盘
14:49:27	11.29	0.01	73	82417	买盘
14:49:11	11.28	--	2	2256	卖盘
14:48:51	11.28	--	20	22560	卖盘
14:48:46	11.28	-0.01	100	112856	卖盘
14:48:40	11.29	--	5	5645	买盘
14:48:31	11.29	--	50	56449	买盘
14:48:25	11.29	--	4	4516	买盘
14:48:21	11.29	--	7	7902	买盘
14:48:16	11.29	-0.01	53	60932	卖盘
14:48:10	11.3	0.01	205	231650	买盘
14:48:06	11.29	-0.01	107	120802	卖盘
14:47:55	11.3	0.01	137	154810	买盘
14:47:31	11.29	0.01	23	26000	买盘
14:47:25	11.28	-0.01	5	5640	卖盘
14:47:10	11.29	--	91	102738	买盘
14:47:01	11.29	0.01	136	153544	买盘
14:46:55	11.28	--	16	18048	卖盘
14:46:51	11.28	0.01	301	339618	买盘
14:46:46	11.27	0.01	34	38318	卖盘
14:46:10	11.26	-0.02	184	207184	卖盘
14:46:06	11.28	--	0	0	买盘
14:46:01	11.28	0.01	477	538056	买盘
14:45:55	11.27	0.01	20	22540	买盘
14:45:50	11.26	--	36	40536	卖盘
14:45:40	11.26	-0.01	16	18016	卖盘
14:45:35	11.27	0.01	10	11270	买盘
14:45:25	11.26	--	7	7882	卖盘
14:45:20	11.26	-0.01	15	16890	卖盘
14:45:16	11.27	0.01	3	3381	买盘
14:45:05	11.26	--	20	22520	卖盘
14:45:01	11.26	-0.01	310	349060	卖盘
14:44:50	11.27	--	2	2254	买盘
14:44:46	11.27	--	29	32683	买盘
14:44:25	11.27	-0.01	235	265047	卖盘
14:44:05	11.28	--	59	67386	卖盘
14:44:01	11.28	--	333	375624	卖盘
14:43:55	11.28	--	5	5640	卖盘
14:43:50	11.28	--	20	22560	卖盘
14:43:46	11.28	-0.01	15	16920	卖盘
14:43:40	11.29	0.01	3	3386	买盘
14:43:35	11.28	--	110	124080	卖盘
14:43:31	11.28	--	1	1128	卖盘
14:43:10	11.28	-0.01	33	37224	卖盘
14:43:05	11.29	0.01	270	304830	买盘
14:43:01	11.28	-0.01	13	14664	卖盘
14:42:55	11.29	--	29	32740	买盘
14:42:50	11.29	--	29	32740	买盘
14:42:40	11.29	0.01	8	9032	买盘
14:42:35	11.28	-0.01	5	5640	卖盘
14:42:20	11.29	0.01	80	90320	买盘
14:42:15	11.28	-0.01	6	6768	卖盘
14:42:10	11.29	0.01	87	98222	买盘
14:41:45	11.28	--	104	117605	买盘
14:41:34	11.28	--	1	1128	买盘
14:41:30	11.28	--	10	11280	买盘
14:41:25	11.28	--	44	50466	卖盘
14:41:19	11.28	--	135	152280	卖盘
14:41:15	11.28	--	13	14664	卖盘
14:41:10	11.28	--	2	2256	卖盘
14:40:49	11.28	0.01	34	38645	买盘
14:40:45	11.27	-0.01	7	8722	卖盘
14:40:40	11.28	--	4	4805	买盘
14:40:30	11.28	--	65	73320	卖盘
14:40:04	11.28	--	11	12408	买盘
14:39:55	11.28	0.01	23	25944	买盘
14:39:49	11.27	-0.01	21	23667	卖盘
14:39:45	11.28	0.01	20	22560	买盘
14:39:34	11.27	--	14	16566	卖盘
14:39:10	11.27	0.01	10	11405	买盘
14:39:04	11.26	-0.01	44	50309	卖盘
14:39:00	11.27	--	17	19159	买盘
14:38:55	11.27	--	52	59595	卖盘
14:38:34	11.27	-0.01	14	16544	卖盘
14:38:29	11.28	0.01	3	3384	买盘
14:38:19	11.27	-0.01	194	218638	卖盘
14:38:14	11.28	--	110	124080	卖盘
14:38:09	11.28	--	7	7896	卖盘
14:38:04	11.28	--	14	16559	卖盘
14:37:55	11.28	-0.01	150	169200	卖盘
14:37:49	11.29	0.01	42	47418	买盘
14:37:34	11.28	-0.01	14	16559	卖盘
14:37:29	11.29	0.01	10	11290	买盘
14:37:25	11.28	-0.01	25	28200	卖盘
14:37:04	11.29	0.01	90	102377	买盘
14:36:59	11.28	--	1	1128	卖盘
14:36:49	11.28	-0.01	42	47376	卖盘
14:36:44	11.29	0.01	5	5645	买盘
14:36:34	11.28	--	14	16559	卖盘
14:36:24	11.28	-0.01	5	5640	卖盘
14:36:19	11.29	--	9	10161	买盘
14:36:14	11.29	--	12	13547	买盘
14:36:09	11.29	--	17	19768	卖盘
14:36:04	11.29	0.01	58	66035	买盘
14:35:59	11.28	--	10	11280	卖盘
14:35:49	11.28	--	101	113928	卖盘
14:35:44	11.28	--	12	13536	卖盘
14:35:39	11.28	--	16	18048	卖盘
14:35:34	11.28	--	14	16559	卖盘
14:35:29	11.28	-0.01	10	11280	卖盘
14:35:19	11.29	--	4	4516	买盘
14:35:14	11.29	0.01	10	11290	买盘
14:35:04	11.28	-0.01	89	101159	卖盘
14:34:59	11.29	0.01	8	9032	买盘
14:34:54	11.28	-0.01	2	2256	卖盘
14:34:34	11.29	--	22	25605	买盘
14:34:28	11.29	--	9	10161	买盘
14:34:24	11.29	--	5	5645	买盘
14:34:19	11.29	0.01	1	1129	买盘
14:34:04	11.28	--	80	91007	卖盘
14:33:58	11.28	0.01	8	9024	卖盘
14:33:54	11.27	-0.01	40	45080	卖盘
14:33:49	11.28	0.01	30	33840	卖盘
14:33:43	11.27	--	0	0	卖盘
14:33:39	11.27	--	111	125097	卖盘
14:33:34	11.27	--	14	16544	卖盘
14:33:13	11.27	-0.01	1185	1335495	卖盘
14:33:09	11.28	0.01	492	554976	买盘
14:33:04	11.27	-0.01	14	16544	卖盘
14:32:58	11.28	--	76	85728	买盘
14:32:54	11.28	0.01	20	22560	买盘
14:32:34	11.27	-0.01	1	1127	卖盘
14:32:04	11.28	0.01	13	14664	买盘
14:31:53	11.27	--	11	12397	卖盘
14:31:43	11.27	-0.01	120	135240	卖盘
14:31:38	11.28	--	21	23688	买盘
14:31:19	11.28	--	8	9024	买盘
14:31:13	11.28	--	10	11280	买盘
14:31:08	11.28	--	12	13750	卖盘
14:31:04	11.28	--	42	47376	卖盘
14:30:58	11.28	--	56	64081	买盘
14:30:53	11.28	0.01	42	47376	买盘
14:30:28	11.27	-0.01	1	1127	卖盘
14:30:23	11.28	--	1	1128	买盘
14:30:19	11.28	--	10	11280	买盘
14:30:13	11.28	0.01	29	32711	买盘
14:30:08	11.27	-0.01	115	129605	卖盘
14:30:04	11.28	--	10	11280	买盘
14:29:58	11.28	--	75	84600	买盘
14:29:53	11.28	--	6	6768	买盘
14:29:28	11.28	--	20	22560	买盘
14:29:23	11.28	--	5	5640	买盘
14:29:13	11.28	--	50	56400	买盘
14:29:08	11.28	0.01	5	5640	买盘
14:29:03	11.27	--	57	64239	卖盘
14:28:58	11.27	-0.01	3	3381	卖盘
14:28:53	11.28	--	20	22560	买盘
14:28:38	11.28	--	12	13536	买盘
14:28:28	11.28	--	212	239136	买盘
14:28:23	11.28	--	1	1128	买盘
14:28:08	11.28	--	20	22560	买盘
14:28:03	11.28	--	76	85728	买盘
14:27:53	11.28	--	59	66766	卖盘
14:27:38	11.28	0.01	96	109201	买盘
14:27:33	11.27	-0.01	18	20286	卖盘
14:27:22	11.28	0.01	5	5640	买盘
14:27:18	11.27	-0.01	20	22540	卖盘
14:27:07	11.28	0.01	92	103776	买盘
14:26:58	11.27	-0.01	116	130732	卖盘
14:26:48	11.28	--	4	4512	买盘
14:26:43	11.28	0.01	21	23688	买盘
14:26:37	11.27	-0.01	10	11270	卖盘
14:26:22	11.28	--	62	69936	买盘
14:26:18	11.28	--	2	2256	买盘
14:26:13	11.28	0.01	10	11280	买盘
14:26:07	11.27	--	40	45080	卖盘
14:26:03	11.27	-0.01	15	17806	卖盘
14:25:52	11.28	--	28	31584	中性盘
14:25:48	11.28	0.01	10	11280	买盘
14:25:43	11.27	--	3	3381	卖盘
14:25:33	11.27	--	45	51616	卖盘
14:25:28	11.27	0.01	383	431697	买盘
14:25:22	11.26	--	25	28150	卖盘
14:25:18	11.26	-0.01	30	33780	卖盘
14:25:13	11.27	0.01	30	33810	买盘
14:25:03	11.26	0.01	15	17790	卖盘
14:24:52	11.25	--	0	0	卖盘
14:24:47	11.25	-0.02	10	11250	卖盘
14:24:37	11.27	0.01	30	33810	买盘
14:24:27	11.26	--	20	23589	卖盘
14:24:22	11.26	--	51	57426	卖盘
14:24:17	11.26	--	223	251098	卖盘
14:24:13	11.26	--	40	45040	卖盘
14:24:07	11.26	--	9	10134	卖盘
14:24:02	11.26	-0.01	10	11260	卖盘
14:23:58	11.27	0.01	5	5635	买盘
14:23:52	11.26	--	6	6756	卖盘
14:23:47	11.26	--	15	16890	卖盘
14:23:43	11.26	--	5	5630	卖盘
14:23:37	11.26	--	36	40536	卖盘
14:23:32	11.26	-0.01	36	40592	卖盘
14:23:27	11.27	0.01	80	90160	买盘
14:23:17	11.26	0.01	120	135120	卖盘
14:23:07	11.25	--	0	0	卖盘
14:23:02	11.25	-0.01	218	245306	卖盘
14:22:52	11.26	--	26	29276	买盘
14:22:47	11.26	--	7	7882	买盘
14:22:43	11.26	--	67	75442	买盘
14:22:37	11.26	--	16	18016	卖盘
14:22:32	11.26	--	29	32654	卖盘
14:22:22	11.26	--	16	18016	卖盘
14:22:17	11.26	0.01	3	3378	卖盘
14:22:13	11.25	--	0	0	卖盘
14:22:07	11.25	--	41	46125	卖盘
14:22:02	11.25	--	47	52875	卖盘
14:21:57	11.25	-0.01	200	225000	卖盘
14:21:52	11.26	0.01	106	119356	买盘
14:21:47	11.25	--	4	4500	卖盘
14:21:43	11.25	-0.02	200	225000	卖盘
14:21:32	11.27	--	66	74382	卖盘
14:21:27	11.27	--	50	56350	卖盘
14:21:22	11.27	--	130	146510	卖盘
14:21:17	11.27	--	27	30429	卖盘
14:21:07	11.27	-0.01	23	25921	卖盘
14:20:57	11.28	-0.01	268	303228	卖盘
14:20:52	11.29	0.01	10	11290	买盘
14:20:47	11.28	--	48	54144	卖盘
14:20:42	11.28	--	136	153408	卖盘
14:20:37	11.28	--	15	16920	卖盘
14:20:22	11.28	--	117	131976	卖盘
14:19:46	11.28	-0.01	5	5640	卖盘
14:19:42	11.29	--	40	45160	买盘
14:19:31	11.29	0.01	20	22580	买盘
14:19:27	11.28	--	2	2256	卖盘
14:19:16	11.28	-0.01	5	5640	卖盘
14:19:12	11.29	-0.01	83	93707	卖盘
14:18:57	11.3	0.02	75	84750	买盘
14:18:52	11.28	--	0	0	卖盘
14:18:46	11.28	-0.01	30	33840	卖盘
14:18:42	11.29	0.01	47	53062	买盘
14:18:37	11.28	-0.01	20	22560	卖盘
14:18:31	11.29	--	20	22580	买盘
14:18:01	11.29	-0.01	78	88062	卖盘
14:17:57	11.3	0.02	87	98310	买盘
14:17:52	11.28	-0.02	20	22560	卖盘
14:17:46	11.3	0.01	50	56500	买盘
14:17:42	11.29	--	51	57578	买盘
14:17:31	11.29	0.01	37	41773	买盘
14:17:26	11.28	--	70	78960	卖盘
14:17:01	11.28	-0.02	50	56400	卖盘
14:16:56	11.3	0.02	15	16950	买盘
14:16:46	11.28	--	50	56400	卖盘
14:16:41	11.28	-0.02	506	570768	卖盘
14:16:11	11.3	0.02	18	20340	买盘
14:16:01	11.28	--	70	78960	卖盘
14:15:52	11.28	0.01	298	336347	买盘
14:15:46	11.27	--	28	31556	卖盘
14:15:37	11.27	--	60	67620	卖盘
14:15:31	11.27	--	3	3381	卖盘
14:15:22	11.27	--	8	9016	卖盘
14:15:11	11.27	--	100	112700	卖盘
14:15:01	11.27	--	30	33810	卖盘
14:14:56	11.27	-0.01	217	244559	卖盘
14:14:51	11.28	--	689	778116	卖盘
14:14:31	11.28	-0.01	65	73320	卖盘
14:14:26	11.29	--	278	313862	卖盘
14:14:16	11.29	-0.01	221	249508	卖盘
14:13:56	11.3	--	1	1130	买盘
14:13:41	11.3	0.01	36	40680	买盘
14:13:31	11.29	--	20	23483	卖盘
14:13:26	11.29	-0.01	10	11290	卖盘
14:13:06	11.3	-0.01	247	280183	卖盘
14:13:01	11.31	0.01	207	235021	买盘
14:12:55	11.3	-0.01	333	376290	卖盘
14:12:46	11.31	--	12	13572	买盘
14:12:31	11.31	0.01	729	824499	买盘
14:12:25	11.3	--	50	56500	卖盘
14:12:06	11.3	-0.01	170	192100	卖盘
14:11:55	11.31	0.01	76	85956	买盘
14:11:51	11.3	--	20	22600	卖盘
14:11:36	11.3	-0.01	5	5650	卖盘
14:11:25	11.31	0.01	3	3393	买盘
14:11:01	11.3	-0.01	89	100570	卖盘
14:10:55	11.31	--	39	44109	买盘
14:10:40	11.31	--	2	2262	买盘
14:10:25	11.31	--	198	223938	卖盘
14:10:20	11.31	--	142	160602	卖盘
14:10:16	11.31	-0.01	7	7917	卖盘
14:10:10	11.32	--	154	174543	卖盘
14:09:55	11.32	--	659	745988	卖盘
14:09:45	11.32	--	1	1132	卖盘
14:09:31	11.32	--	5	5660	卖盘
14:09:20	11.32	0.01	402	455980	买盘
14:09:05	11.31	--	21	23751	卖盘
14:08:40	11.31	--	100	113100	卖盘
14:08:35	11.31	-0.01	20	22620	卖盘
14:08:15	11.32	0.01	9	10188	买盘
14:08:00	11.31	-0.01	600	678600	卖盘
14:07:55	11.32	--	100	113200	买盘
14:07:50	11.32	--	66	74927	卖盘
14:07:35	11.32	-0.01	30	33960	卖盘
14:07:30	11.33	0.01	60	67980	买盘
14:07:25	11.32	--	6	6792	卖盘
14:07:20	11.32	-0.01	118	133576	卖盘
14:06:55	11.33	--	10	11330	买盘
14:06:50	11.33	0.01	127	143891	买盘
14:06:35	11.32	--	6	6995	卖盘
14:06:25	11.32	--	2	2264	卖盘
14:06:10	11.32	--	5	5660	卖盘
14:06:04	11.32	-0.01	6	6995	卖盘
14:05:34	11.33	0.01	93	105369	买盘
14:05:25	11.32	-0.01	120	135840	卖盘
14:05:19	11.33	--	29	32857	买盘
14:05:04	11.33	--	42	47586	买盘
14:04:55	11.33	--	76	86108	买盘
14:04:34	11.33	0.01	35	39655	卖盘
14:04:25	11.32	--	0	0	卖盘
14:04:15	11.32	--	100	113709	卖盘
14:03:55	11.32	-0.02	17	19244	卖盘
14:03:45	11.34	--	7	7938	买盘
14:03:34	11.34	--	1	2177	卖盘
14:03:14	11.34	--	81	91854	卖盘
14:03:04	11.34	-0.01	30	34020	卖盘
14:02:59	11.35	--	12	13620	买盘
14:02:55	11.35	0.01	63	71505	买盘
14:02:49	11.34	0.02	962	1090998	买盘
14:02:44	11.32	--	21	23772	买盘
14:02:29	11.32	--	20	22640	买盘
14:02:04	11.32	0.01	11	12452	买盘
14:01:59	11.31	--	18	20358	卖盘
14:01:54	11.31	-0.01	600	678600	卖盘
14:01:29	11.32	--	127	143764	卖盘
14:01:14	11.32	--	368	416576	卖盘
14:01:09	11.32	-0.01	5	5660	卖盘
14:01:04	11.33	--	91	103103	买盘
14:00:59	11.33	--	15	16995	买盘
14:00:34	11.33	0.01	107	121231	买盘
14:00:24	11.32	-0.01	201	227532	卖盘
14:00:14	11.33	--	211	239063	买盘
14:00:04	11.33	0.01	25	28325	买盘
13:59:49	11.32	--	26	29432	买盘
13:59:44	11.32	--	59	66788	买盘
13:59:29	11.32	--	100	113200	买盘
13:59:14	11.32	--	5	5660	买盘
13:58:58	11.32	--	20	22640	买盘
13:58:54	11.32	0.01	4	4528	买盘
13:58:43	11.31	--	26	29496	买盘
13:58:39	11.31	--	111	125541	买盘
13:58:34	11.31	--	10	11310	买盘
13:58:28	11.31	--	124	141284	卖盘
13:58:24	11.31	-0.01	0	90	卖盘
13:58:13	11.32	0.01	207	234324	买盘
13:57:58	11.31	0.01	54	61074	卖盘
13:57:54	11.3	-0.01	174	196620	卖盘
13:57:49	11.31	--	10	11310	卖盘
13:57:43	11.31	0.01	5	5655	买盘
13:57:34	11.3	--	0	0	卖盘
13:57:28	11.3	--	34	38420	卖盘
13:57:13	11.3	--	45	50850	卖盘
13:57:03	11.3	--	0	0	卖盘
13:56:58	11.3	--	0	655	卖盘
13:56:54	11.3	--	85	96739	卖盘
13:56:38	11.3	--	5	5717	卖盘
13:56:28	11.3	--	15	16950	卖盘
13:56:23	11.3	--	42	47460	卖盘
13:56:18	11.3	--	10	11300	卖盘
13:56:13	11.3	0.01	429	484770	买盘
13:55:28	11.29	0.01	57	64432	买盘
13:55:23	11.28	--	2	2256	卖盘
13:54:58	11.28	-0.01	643	725597	卖盘
13:54:53	11.29	--	47	53062	买盘
13:54:48	11.29	-0.01	141	159189	卖盘
13:54:13	11.3	-0.01	93	105090	卖盘
13:53:58	11.31	0.01	3	3393	买盘
13:53:53	11.3	--	10	11300	卖盘
13:53:43	11.3	--	20	22600	卖盘
13:53:38	11.3	--	5	5650	卖盘
13:53:33	11.3	--	49	55370	卖盘
13:53:28	11.3	--	212	239560	卖盘
13:53:13	11.3	--	53	59890	卖盘
13:53:08	11.3	-0.01	20	22600	卖盘
13:52:58	11.31	0.01	1	1131	买盘
13:52:48	11.3	-0.01	20	22600	卖盘
13:52:43	11.31	--	1	1131	买盘
13:52:38	11.31	--	15	16965	买盘
13:52:33	11.31	-0.01	104	118065	卖盘
13:52:18	11.32	--	307	348361	卖盘
13:52:07	11.32	--	80	90684	卖盘
13:52:03	11.32	--	21	23772	卖盘
13:51:52	11.32	--	91	103181	买盘
13:51:48	11.32	--	20	22640	买盘
13:51:43	11.32	--	1	1132	买盘
13:51:18	11.32	0.01	72	81504	买盘
13:51:07	11.31	-0.01	1	1131	卖盘
13:50:52	11.32	--	25	28300	买盘
13:50:48	11.32	--	62	70184	买盘
13:50:33	11.32	0.01	19	21508	买盘
13:50:28	11.31	-0.01	50	56550	卖盘
13:50:22	11.32	0.01	169	191455	买盘
13:50:18	11.31	--	10	11310	卖盘
13:50:13	11.31	--	130	147572	买盘
13:50:03	11.31	0.01	45	50895	买盘
13:49:57	11.3	--	10	11300	卖盘
13:49:47	11.3	0.02	1	1130	中性盘
13:49:42	11.28	-0.03	346	390288	卖盘
13:49:37	11.31	0.01	15	16965	买盘
13:49:32	11.3	-0.01	10	11300	卖盘
13:49:22	11.31	--	2	2262	买盘
13:49:17	11.31	0.01	9	10179	买盘
13:49:07	11.3	-0.01	30	33900	中性盘
13:48:52	11.31	--	10	11310	买盘
13:48:47	11.31	0.01	100	113100	买盘
13:48:37	11.3	--	15	16950	买盘
13:48:32	11.3	--	85	96050	卖盘
13:48:22	11.3	--	42	47460	卖盘
13:48:07	11.3	--	9	10170	卖盘
13:48:02	11.3	-0.01	2	2260	卖盘
13:47:52	11.31	--	12	13572	买盘
13:47:47	11.31	0.01	20	22620	买盘
13:47:32	11.3	-0.01	11	12430	中性盘
13:47:27	11.31	--	12	13572	买盘
13:47:22	11.31	--	100	113100	买盘
13:47:17	11.31	--	0	0	买盘
13:47:07	11.31	0.02	30	33930	买盘
13:47:02	11.29	-0.01	110	124189	卖盘
13:46:52	11.3	--	77	87010	买盘
13:46:47	11.3	--	38	42940	买盘
13:46:37	11.3	0.01	10	11300	买盘
13:46:32	11.29	--	2	2382	卖盘
13:46:22	11.29	--	3	3386	卖盘
13:46:17	11.29	--	1	1129	卖盘
13:46:07	11.29	0.01	10	11290	买盘
13:46:02	11.28	-0.01	106	119568	卖盘
13:45:57	11.29	-0.01	5	5645	卖盘
13:45:52	11.3	0.01	88	99440	买盘
13:45:42	11.29	--	10	11290	卖盘
13:45:37	11.29	0.01	51	57635	买盘
13:45:32	11.28	-0.01	240	270720	卖盘
13:45:22	11.29	--	9	10161	卖盘
13:45:12	11.29	--	19	21451	卖盘
13:45:07	11.29	-0.01	17	19193	中性盘
13:45:01	11.3	0.01	54	61020	买盘
13:44:57	11.29	-0.01	50	56449	中性盘
13:44:46	11.3	0.06	67	75710	买盘
13:44:37	11.24	-0.02	300	337323	卖盘
13:44:31	11.26	-0.06	20	22520	卖盘
13:44:22	11.32	0.05	93	105276	买盘
13:44:16	11.27	-0.03	4	4508	买盘
13:44:12	11.3	--	0	0	买盘
13:44:07	11.3	0.06	32	36160	买盘
13:44:01	11.24	-0.04	63	70812	卖盘
13:43:57	11.28	--	35	39480	买盘
13:43:46	11.28	0.03	1100	1240890	买盘
13:43:42	11.25	-0.03	18	20250	中性盘
13:43:37	11.28	0.04	17	19176	买盘
13:43:31	11.24	-0.01	124	139376	卖盘
13:43:27	11.25	--	10	11250	卖盘
13:43:16	11.25	--	59	67196	买盘
13:43:12	11.25	0.01	14	15750	买盘
13:43:01	11.24	-0.01	10	11240	卖盘
13:42:57	11.25	--	308	346500	买盘
13:42:51	11.25	0.03	20	22500	买盘
13:42:46	11.22	-0.03	140	157080	卖盘
13:42:42	11.25	--	121	136125	买盘
13:42:36	11.25	--	10	11250	买盘
13:42:31	11.25	-0.04	1003	1128678	卖盘
13:42:26	11.29	--	17	19193	卖盘
13:42:21	11.29	--	14	15805	卖盘
13:42:16	11.29	--	63	71127	买盘
13:42:01	11.29	0.02	210	237089	中性盘
13:41:56	11.27	-0.01	526	592802	卖盘
13:41:51	11.28	-0.01	504	568512	卖盘
13:41:46	11.29	--	8	9302	买盘
13:41:41	11.29	--	180	203219	买盘
13:41:21	11.29	-0.01	126	143112	卖盘
13:41:16	11.3	-0.02	10	11300	卖盘
13:41:11	11.32	--	0	0	买盘
13:41:06	11.32	0.02	35	39620	买盘
13:40:56	11.3	-0.02	537	606810	卖盘
13:40:46	11.32	0.01	4	4528	买盘
13:40:36	11.31	--	1	1662	买盘
13:40:26	11.31	-0.02	98	111437	卖盘
13:40:11	11.33	0.02	159	180147	买盘
13:40:06	11.31	--	10	11310	卖盘
13:40:01	11.31	-0.01	30	33930	卖盘
13:39:56	11.32	0.01	0	532	中性盘
13:39:51	11.31	--	5	5655	卖盘
13:39:46	11.31	--	10	11310	卖盘
13:39:41	11.31	-0.02	1	1131	卖盘
13:39:36	11.33	--	5	5665	买盘
13:39:11	11.33	0.03	27	30591	买盘
13:39:01	11.3	-0.01	30	33900	卖盘
13:38:56	11.31	-0.02	60	67860	卖盘
13:38:46	11.33	0.03	2	2266	买盘
13:38:41	11.3	-0.03	2	2260	卖盘
13:38:31	11.33	0.03	8	9064	买盘
13:38:26	11.3	--	3	4260	买盘
13:38:21	11.3	--	6	7039	卖盘
13:38:16	11.3	--	5	5650	卖盘
13:38:11	11.3	--	2	2260	卖盘
13:38:06	11.3	--	33	37290	卖盘
13:38:01	11.3	0.01	64	73190	买盘
13:37:46	11.29	-0.01	56	63223	卖盘
13:37:40	11.3	--	5	5650	买盘
13:37:36	11.3	--	15	16950	买盘
13:37:31	11.3	--	3	3390	买盘
13:37:20	11.3	--	20	22600	买盘
13:37:16	11.3	-0.01	1316	1487984	卖盘
13:37:10	11.31	--	10	11310	卖盘
13:37:06	11.31	--	10	11423	卖盘
13:36:55	11.31	-0.01	226	255606	卖盘
13:36:51	11.32	--	119	134708	买盘
13:36:46	11.32	0.02	5	5660	买盘
13:36:36	11.3	-0.01	300	339000	卖盘
13:36:25	11.31	--	41	46371	卖盘
13:36:21	11.31	--	8	9048	卖盘
13:36:16	11.31	0.01	2	2262	买盘
13:36:06	11.3	--	60	67800	卖盘
13:35:55	11.3	--	5	5763	卖盘
13:35:51	11.3	--	5	5650	卖盘
13:35:45	11.3	--	0	0	卖盘
13:35:40	11.3	0.02	15	16950	卖盘
13:35:35	11.28	--	154	174264	买盘
13:35:30	11.28	--	114	128591	买盘
13:35:25	11.28	--	7	7896	买盘
13:35:20	11.28	-0.04	724	817247	卖盘
13:35:15	11.32	0.03	67	75844	卖盘
13:35:10	11.29	--	0	0	卖盘
13:35:05	11.29	-0.03	130	146770	卖盘
13:34:50	11.32	0.04	78	88296	买盘
13:34:35	11.28	--	0	0	卖盘
13:34:30	11.28	--	10	11280	卖盘
13:34:25	11.28	--	452	510408	卖盘
13:34:20	11.28	0.01	548	618144	买盘
13:34:15	11.27	-0.01	17	19159	卖盘
13:34:10	11.28	--	71	80088	买盘
13:34:05	11.28	--	200	225600	买盘
13:33:55	11.28	--	15	16920	买盘
13:33:50	11.28	-0.01	219	247415	卖盘
13:33:45	11.29	0.01	10	12035	买盘
13:33:40	11.28	-0.01	150	169200	卖盘
13:33:35	11.29	--	159	179511	卖盘
13:33:20	11.29	-0.01	35	39515	卖盘
13:33:10	11.3	-0.04	2538	2868889	卖盘
13:32:50	11.34	--	87	99417	卖盘
13:32:45	11.34	-0.02	200	226800	卖盘
13:32:40	11.36	0.02	4	4544	买盘
13:32:35	11.34	-0.01	24	27216	卖盘
13:32:25	11.35	0.01	61	69235	买盘
13:32:10	11.34	--	64	72576	卖盘
13:32:05	11.34	-0.01	0	170	卖盘
13:31:55	11.35	0.01	22	24970	买盘
13:31:50	11.34	--	5	5670	卖盘
13:31:45	11.34	--	10	11340	卖盘
13:31:40	11.34	--	21	24018	买盘
13:31:30	11.34	--	125	141942	卖盘
13:31:25	11.34	--	20	22680	卖盘
13:31:15	11.34	--	60	68040	卖盘
13:31:10	11.34	0.01	33	38363	买盘
13:30:45	11.33	-0.01	380	430540	卖盘
13:30:34	11.34	--	80	91026	卖盘
13:30:30	11.34	--	0	124	卖盘
13:30:10	11.34	0.01	76	86887	买盘
13:30:04	11.33	-0.01	39	44187	卖盘
13:29:49	11.34	0.01	251	284634	买盘
13:29:40	11.33	--	20	22660	卖盘
13:29:34	11.33	0.01	1	1314	买盘
13:29:30	11.32	-0.01	182	206091	卖盘
13:29:25	11.33	0.01	8	9064	买盘
13:29:19	11.32	--	50	56600	卖盘
13:29:14	11.32	--	30	33960	卖盘
13:29:10	11.32	-0.01	38	43016	卖盘
13:29:04	11.33	--	157	177881	买盘
13:28:59	11.33	--	300	339900	买盘
13:28:49	11.33	0.01	5	5665	买盘
13:28:45	11.32	-0.01	10	11320	卖盘
13:28:39	11.33	--	35	39655	买盘
13:28:34	11.33	--	18	20394	买盘
13:28:24	11.33	--	8	9064	买盘
13:28:19	11.33	--	300	339900	买盘
13:28:14	11.33	--	15	16995	买盘
13:28:04	11.33	-0.01	227	257191	卖盘
13:27:59	11.34	0.01	67	75978	买盘
13:27:54	11.33	-0.01	20	22660	卖盘
13:27:49	11.34	--	20	22680	买盘
13:27:44	11.34	--	20	22680	买盘
13:27:34	11.34	-0.01	277	314548	卖盘
13:27:19	11.35	-0.01	32	37137	卖盘
13:27:14	11.36	0.01	3	3408	买盘
13:27:04	11.35	--	0	317	卖盘
13:26:44	11.35	0.01	18	20430	买盘
13:26:34	11.34	-0.01	15	17010	卖盘
13:26:19	11.35	0.01	37	41995	买盘
13:26:14	11.34	--	138	156492	卖盘
13:26:09	11.34	--	0	1009	卖盘
13:25:49	11.34	-0.02	340	385560	卖盘
13:25:44	11.36	0.01	95	107920	买盘
13:25:29	11.35	--	28	31780	买盘
13:25:24	11.35	0.01	2	2270	买盘
13:25:19	11.34	--	20	22680	卖盘
13:25:14	11.34	--	0	691	卖盘
13:25:08	11.34	0.01	63	71578	买盘
13:24:59	11.33	-0.01	99	112167	卖盘
13:24:49	11.34	--	20	22680	买盘
13:24:44	11.34	0.01	87	98658	买盘
13:24:29	11.33	-0.01	60	67980	卖盘
13:24:19	11.34	--	30	34020	买盘
13:24:09	11.34	0.01	10	11340	买盘
13:23:59	11.33	--	81	91773	卖盘
13:23:54	11.33	--	8	9064	卖盘
13:23:49	11.33	--	30	33990	中性盘
13:23:43	11.33	0.01	35	39655	买盘
13:23:28	11.32	--	10	11320	卖盘
13:23:24	11.32	--	0	0	卖盘
13:23:19	11.32	-0.03	1000	1132000	卖盘
13:23:13	11.35	--	15	17025	买盘
13:23:08	11.35	--	135	153225	买盘
13:23:04	11.35	--	458	519830	卖盘
13:22:58	11.35	--	27	30645	卖盘
13:22:54	11.35	--	130	147550	卖盘
13:22:49	11.35	--	55	62425	卖盘
13:22:38	11.35	-0.01	132	149820	卖盘
13:22:24	11.36	0.01	139	157904	买盘
13:22:13	11.35	-0.01	64	72640	卖盘
13:22:09	11.36	--	402	456672	卖盘
13:22:04	11.36	--	50	56800	卖盘
13:21:58	11.36	--	2	2272	卖盘
13:21:54	11.36	--	20	22720	卖盘
13:21:48	11.36	--	5	5680	卖盘
13:21:39	11.36	--	409	464624	卖盘
13:21:28	11.36	-0.01	223	253328	卖盘
13:21:18	11.37	0.01	5	5685	买盘
13:21:13	11.36	-0.02	100	113600	卖盘
13:21:08	11.38	--	66	75108	买盘
13:20:43	11.38	0.02	151	171838	卖盘
13:20:38	11.36	-0.02	55	62480	卖盘
13:20:33	11.38	--	21	23898	卖盘
13:20:28	11.38	0.02	174	198012	买盘
13:20:23	11.36	-0.01	35	39760	卖盘
13:20:18	11.37	--	1	1137	买盘
13:20:13	11.37	--	19	21603	卖盘
13:20:03	11.37	--	157	178509	买盘
13:19:58	11.37	--	29	32973	买盘
13:19:53	11.37	--	1	1137	买盘
13:19:43	11.37	--	7	7958	买盘
13:19:38	11.37	--	72	81864	买盘
13:19:33	11.37	0.01	20	22740	买盘
13:19:28	11.36	--	16	18176	卖盘
13:19:23	11.36	--	20	22720	卖盘
13:19:13	11.36	--	186	211296	买盘
13:18:58	11.36	0.01	15	17040	买盘
13:18:53	11.35	-0.01	50	56750	卖盘
13:18:48	11.36	-0.01	83	94288	卖盘
13:18:43	11.37	--	51	57986	卖盘
13:18:38	11.37	-0.02	330	375210	卖盘
13:18:18	11.39	--	301	342839	买盘
13:18:13	11.39	--	20	22780	卖盘
13:18:08	11.39	--	157	178823	卖盘
13:18:03	11.39	-0.01	4	4556	卖盘
13:17:58	11.4	0.01	159	181260	买盘
13:17:43	11.39	--	32	36448	卖盘
13:17:33	11.39	-0.01	64	72896	卖盘
13:17:28	11.4	--	2	2280	买盘
13:17:18	11.4	--	211	240540	卖盘
13:17:13	11.4	--	9	10260	卖盘
13:17:08	11.4	-0.01	600	684000	卖盘
13:16:43	11.41	--	76	86716	买盘
13:16:28	11.41	0.01	80	91280	买盘
13:16:22	11.4	--	57	64980	卖盘
13:16:07	11.4	--	100	114000	卖盘
13:15:48	11.4	-0.01	30	34200	卖盘
13:15:43	11.41	--	87	99267	买盘
13:15:33	11.41	--	110	125510	卖盘
13:15:28	11.41	--	12	13692	卖盘
13:15:22	11.41	--	44	50204	卖盘
13:15:13	11.41	--	4	4564	卖盘
13:15:07	11.41	--	137	156317	卖盘
13:15:03	11.41	0.01	34	39478	买盘
13:14:48	11.4	-0.01	4	4560	卖盘
13:14:37	11.41	--	30	34230	买盘
13:14:02	11.41	--	48	55224	卖盘
13:13:52	11.41	--	19	21679	卖盘
13:13:47	11.41	--	60	68460	卖盘
13:13:32	11.41	--	8	9812	买盘
13:13:27	11.41	--	71	81467	卖盘
13:13:12	11.41	--	59	67319	卖盘
13:13:07	11.41	--	17	19397	卖盘
13:12:42	11.41	--	56	64580	买盘
13:12:37	11.41	0.01	4	4564	买盘
13:12:32	11.4	--	5	5700	卖盘
13:12:07	11.4	--	10	11400	卖盘
13:12:02	11.4	--	29	33060	卖盘
13:11:47	11.4	-0.01	21	23940	卖盘
13:11:32	11.41	--	29	33089	买盘
13:11:22	11.41	0.01	30	34230	买盘
13:11:17	11.4	--	50	57000	卖盘
13:11:07	11.4	--	10	11400	卖盘
13:11:01	11.4	-0.01	27	30780	卖盘
13:10:52	11.41	0.01	20	22820	买盘
13:10:32	11.4	-0.01	49	55860	卖盘
13:10:22	11.41	0.01	20	22820	买盘
13:10:17	11.4	-0.01	148	168720	卖盘
13:10:07	11.41	--	5	5705	买盘
13:09:52	11.41	--	20	22820	买盘
13:09:47	11.41	--	2	2282	买盘
13:09:22	11.41	--	28	32404	卖盘
13:09:07	11.41	--	50	57050	卖盘
13:09:01	11.41	--	100	114100	卖盘
13:08:52	11.41	-0.01	55	62755	卖盘
13:08:46	11.42	0.01	33	37686	买盘
13:08:42	11.41	-0.01	113	128933	卖盘
13:08:31	11.42	0.01	71	81082	买盘
13:08:27	11.41	--	35	39935	卖盘
13:08:16	11.41	-0.01	687	783867	卖盘
13:08:12	11.42	0.01	15	17130	买盘
13:07:56	11.41	--	9	10269	卖盘
13:07:52	11.41	--	20	22820	卖盘
13:07:42	11.41	--	10	11410	卖盘
13:07:36	11.41	--	4	4564	卖盘
13:07:21	11.41	-0.01	4	4564	卖盘
13:07:11	11.42	--	10	11420	买盘
13:06:56	11.42	0.01	20	22840	买盘
13:06:46	11.41	-0.01	6	6846	卖盘
13:06:41	11.42	--	12	13704	买盘
13:06:36	11.42	--	100	114200	买盘
13:06:26	11.42	--	3	3426	买盘
13:06:16	11.42	0.01	96	109632	买盘
13:06:01	11.41	-0.01	60	68460	卖盘
13:05:46	11.42	--	250	285500	卖盘
13:05:36	11.42	--	6	6852	卖盘
13:05:31	11.42	--	11	12562	卖盘
13:05:26	11.42	0.01	37	42254	买盘
13:05:16	11.41	-0.01	13	14833	卖盘
13:05:11	11.42	0.01	3	3426	买盘
13:04:41	11.41	-0.01	1	1141	卖盘
13:04:01	11.42	--	35	39970	买盘
13:03:50	11.42	--	40	45680	买盘
13:03:46	11.42	0.01	10	11420	买盘
13:03:31	11.41	-0.01	4	4564	卖盘
13:03:26	11.42	0.01	12	13704	买盘
13:03:11	11.41	-0.01	53	60473	卖盘
13:02:56	11.42	--	54	61668	卖盘
13:02:41	11.42	--	20	22840	卖盘
13:02:35	11.42	-0.01	4	4568	卖盘
13:02:31	11.43	0.01	3	3429	买盘
13:02:26	11.42	-0.02	8	9136	卖盘
13:02:21	11.44	0.01	37	42328	买盘
13:02:16	11.43	0.01	50	57150	买盘
13:02:10	11.42	-0.01	449	512758	卖盘
13:02:06	11.43	--	12	13716	卖盘
13:02:01	11.43	--	4	4572	卖盘
13:01:55	11.43	--	58	66294	卖盘
13:01:50	11.43	--	8	9144	卖盘
13:01:46	11.43	--	60	68580	卖盘
13:01:40	11.43	-0.01	24	27432	卖盘
13:01:36	11.44	-0.01	58	66352	卖盘
13:01:31	11.45	0.01	10	11450	买盘
13:01:25	11.44	--	10	11440	卖盘
13:01:21	11.44	--	10	11440	卖盘
13:01:16	11.44	--	4	4576	卖盘
13:01:10	11.44	--	118	134992	买盘
13:01:06	11.44	--	1	1144	买盘
13:00:55	11.44	--	19	21736	卖盘
13:00:46	11.44	--	10	11440	卖盘
13:00:40	11.44	0.01	7	8008	卖盘
13:00:36	11.43	-0.01	8	9144	卖盘
13:00:19	11.44	--	32	36608	卖盘
13:00:15	11.44	--	16	18304	卖盘
13:00:10	11.44	-0.01	2	2288	卖盘
13:00:06	11.45	0.02	766	877070	买盘
11:30:00	11.43	--	0	0	卖盘
11:29:59	11.43	--	0	0	卖盘
11:29:57	11.43	-0.01	119	136017	卖盘
11:29:51	11.44	--	13	14872	买盘
11:29:46	11.44	--	7	8008	买盘
11:29:42	11.44	0.01	2	2288	买盘
11:29:36	11.43	--	32	36576	卖盘
11:29:27	11.43	-0.01	10	11430	卖盘
11:29:21	11.44	--	3	3432	买盘
11:29:16	11.44	--	10	11440	买盘
11:29:06	11.44	-0.01	20	22880	中性盘
11:28:57	11.45	0.02	18	20610	买盘
11:28:46	11.43	-0.01	221	252603	卖盘
11:28:42	11.44	-0.01	10	11440	中性盘
11:28:36	11.45	0.01	205	234724	买盘
11:28:31	11.44	--	30	34320	买盘
11:28:21	11.44	--	139	159016	买盘
11:28:06	11.44	--	10	11440	买盘
11:27:57	11.44	--	17	19448	买盘
11:27:46	11.44	0.01	14	16016	买盘
11:27:42	11.43	--	1	1143	卖盘
11:27:36	11.43	-0.01	2	2286	卖盘
11:27:31	11.44	--	9	10296	买盘
11:27:21	11.44	--	17	19448	买盘
11:26:57	11.44	-0.01	10	11440	中性盘
11:26:51	11.45	0.02	200	229000	买盘
11:26:46	11.43	-0.02	92	105156	卖盘
11:26:41	11.45	0.02	100	114500	买盘
11:26:36	11.43	-0.02	10	11430	卖盘
11:26:31	11.45	--	100	114500	买盘
11:26:26	11.45	0.01	100	114500	买盘
11:26:21	11.44	--	0	0	买盘
11:26:16	11.44	--	113	129272	买盘
11:26:11	11.44	--	16	18304	卖盘
11:26:06	11.44	--	124	142073	买盘
11:26:01	11.44	--	50	57200	买盘
11:25:51	11.44	--	100	114400	买盘
11:25:46	11.44	0.01	203	232232	买盘
11:25:41	11.43	-0.01	21	24003	卖盘
11:25:36	11.44	--	18	20592	买盘
11:25:31	11.44	--	193	220792	买盘
11:25:21	11.44	--	131	150790	卖盘
11:25:06	11.44	0.01	888	1016089	买盘
11:25:01	11.43	0.01	35	40005	买盘
11:24:56	11.42	--	278	317476	卖盘
11:24:51	11.42	--	8	9136	卖盘
11:24:41	11.42	-0.01	14	15988	卖盘
11:24:36	11.43	--	111	126873	卖盘
11:24:30	11.43	--	5	5715	卖盘
11:24:21	11.43	--	4	4572	卖盘
11:24:11	11.43	0.01	10	11430	买盘
11:24:06	11.42	0.01	8	9136	中性盘
11:24:00	11.41	--	802	915082	卖盘
11:23:55	11.41	--	28	31948	卖盘
11:23:45	11.41	-0.02	4	4564	卖盘
11:23:40	11.43	0.01	155	177165	买盘
11:23:30	11.42	--	16	18272	卖盘
11:23:25	11.42	--	32	36544	买盘
11:23:21	11.42	--	129	147318	买盘
11:23:15	11.42	--	3	3426	买盘
11:23:00	11.42	--	100	114200	买盘
11:22:55	11.42	--	7	7994	卖盘
11:22:40	11.42	--	7	7994	买盘
11:22:25	11.42	--	63	71946	买盘
11:22:21	11.42	--	161	183862	买盘
11:21:55	11.42	0.01	8	9136	买盘
11:21:45	11.41	-0.01	126	143766	卖盘
11:21:25	11.42	--	5	5710	买盘
11:21:15	11.42	0.01	8	9136	买盘
11:21:10	11.41	--	9	10269	卖盘
11:21:05	11.41	--	111	127335	买盘
11:21:00	11.41	0.01	11	12551	买盘
11:20:55	11.4	-0.01	5	5700	卖盘
11:20:30	11.41	--	162	184842	买盘
11:19:50	11.41	--	19	21679	买盘
11:19:45	11.41	0.01	3	3423	买盘
11:19:35	11.4	-0.01	9	10260	卖盘
11:19:30	11.41	--	2	2282	买盘
11:19:25	11.41	--	260	297116	卖盘
11:19:15	11.41	--	23	26243	卖盘
11:19:10	11.41	0.01	239	273383	买盘
11:19:05	11.4	--	1	1140	卖盘
11:18:45	11.4	--	7	7980	卖盘
11:18:35	11.4	--	26	29640	卖盘
11:18:20	11.4	-0.01	1	1140	卖盘
11:18:15	11.41	0.01	63	71883	买盘
11:18:05	11.4	0.01	156	177840	买盘
11:18:00	11.39	--	10	11390	卖盘
11:17:54	11.39	--	1	1139	卖盘
11:17:45	11.39	--	66	75174	买盘
11:17:35	11.39	--	5	5695	买盘
11:17:30	11.39	--	32	36448	买盘
11:17:20	11.39	--	0	0	中性盘
11:17:09	11.39	--	10	11390	卖盘
11:16:54	11.39	--	8	9112	买盘
11:16:39	11.39	-0.01	36	41004	卖盘
11:16:19	11.4	--	19	21660	卖盘
11:16:09	11.4	--	4	4560	卖盘
11:16:04	11.4	0.01	3	3420	买盘
11:15:54	11.39	--	5	5695	卖盘
11:15:49	11.39	--	8	9112	卖盘
11:15:39	11.39	-0.01	55	62645	卖盘
11:15:19	11.4	0.01	9	10260	买盘
11:15:09	11.39	-0.01	71	80869	卖盘
11:14:54	11.4	-0.01	599	683521	卖盘
11:14:49	11.41	--	17	19397	买盘
11:14:45	11.41	--	59	67319	买盘
11:14:39	11.41	0.01	20	22820	买盘
11:14:34	11.4	-0.01	4	4560	卖盘
11:14:24	11.41	--	18	20538	卖盘
11:14:19	11.41	--	2	2282	卖盘
11:14:04	11.41	--	20	22820	卖盘
11:13:54	11.41	-0.01	10	11410	卖盘
11:13:49	11.42	--	360	411120	买盘
11:13:39	11.42	--	49	55958	买盘
11:13:34	11.42	0.01	1	1142	买盘
11:13:29	11.41	-0.01	26	29666	卖盘
11:13:24	11.42	--	144	164448	买盘
11:13:04	11.42	--	39	44538	买盘
11:12:39	11.42	--	0	0	买盘
11:12:24	11.42	0.02	20	22840	买盘
11:12:09	11.4	--	4	4560	卖盘
11:11:49	11.4	-0.03	4	4560	卖盘
11:11:44	11.43	0.02	980	1120140	买盘
11:11:39	11.41	--	96	109536	卖盘
11:11:34	11.41	-0.01	549	626409	卖盘
11:11:14	11.42	0.01	43	49106	买盘
11:11:03	11.41	-0.01	12	13692	卖盘
11:10:59	11.42	0.01	4	4568	买盘
11:10:54	11.41	-0.01	15	17115	卖盘
11:10:48	11.42	--	106	122171	卖盘
11:10:44	11.42	-0.01	236	269512	卖盘
11:10:39	11.43	0.01	2	2286	买盘
11:10:33	11.42	-0.01	4	4568	卖盘
11:10:24	11.43	--	10	11430	买盘
11:10:18	11.43	--	224	256032	卖盘
11:10:13	11.43	--	12	13716	卖盘
11:10:09	11.43	--	4	4572	卖盘
11:10:03	11.43	--	38	43434	卖盘
11:09:58	11.43	0.01	60	68580	中性盘
11:09:54	11.42	-0.01	98	111916	卖盘
11:09:48	11.43	--	218	249174	卖盘
11:09:43	11.43	--	75	85725	卖盘
11:09:39	11.43	--	3	3451	买盘
11:09:33	11.43	--	119	136017	买盘
11:09:28	11.43	--	50	57150	买盘
11:09:24	11.43	--	20	22860	买盘
11:09:13	11.43	--	10	11430	买盘
11:09:09	11.43	--	90	102870	买盘
11:09:03	11.43	--	14	16002	买盘
11:08:58	11.43	--	29	33147	买盘
11:08:54	11.43	0.01	82	93726	买盘
11:08:43	11.42	--	3	3426	卖盘
11:08:39	11.42	--	259	295778	买盘
11:08:33	11.42	--	13	14846	买盘
11:08:28	11.42	--	5	5710	买盘
11:08:18	11.42	0.01	30	34260	买盘
11:08:13	11.41	--	1	1141	卖盘
11:07:24	11.41	--	14	15974	卖盘
11:07:18	11.41	0.01	35	39935	买盘
11:07:09	11.4	--	1	1140	卖盘
11:07:03	11.4	--	8	9120	卖盘
11:06:58	11.4	--	15	17100	卖盘
11:06:43	11.4	--	9	10260	卖盘
11:06:28	11.4	--	0	0	卖盘
11:06:23	11.4	-0.01	522	595080	卖盘
11:06:13	11.41	--	51	58191	卖盘
11:05:58	11.41	--	18	20538	卖盘
11:05:38	11.41	--	30	34230	卖盘
11:05:28	11.41	--	10	11410	卖盘
11:05:22	11.41	0.01	155	177334	买盘
11:05:18	11.4	--	8	9120	卖盘
11:05:13	11.4	--	4	4560	卖盘
11:05:08	11.4	-0.01	24	27360	卖盘
11:05:03	11.41	--	20	22820	买盘
11:04:58	11.41	0.01	62	70742	买盘
11:04:48	11.4	--	4	4560	卖盘
11:04:43	11.4	-0.01	12	13680	卖盘
11:04:38	11.41	--	57	65698	卖盘
11:04:33	11.41	-0.01	44	50204	卖盘
11:04:27	11.42	--	14	15988	买盘
11:04:12	11.42	-0.01	2	2284	中性盘
11:04:08	11.43	0.01	216	246888	买盘
11:03:57	11.42	-0.01	33	37686	卖盘
11:03:53	11.43	0.01	272	310896	买盘
11:03:42	11.42	--	150	171300	买盘
11:03:37	11.42	--	12	13704	买盘
11:03:27	11.42	--	5	5710	买盘
11:03:22	11.42	--	4	4568	买盘
11:03:18	11.42	--	28	31976	买盘
11:03:12	11.42	--	59	67378	买盘
11:03:07	11.42	--	8	9136	买盘
11:03:03	11.42	--	50	57100	买盘
11:02:57	11.42	--	5	5710	买盘
11:02:52	11.42	--	204	232968	买盘
11:02:22	11.42	0.01	127	145034	买盘
11:02:07	11.41	--	86	98605	买盘
11:02:03	11.41	--	3	3423	买盘
11:01:57	11.41	--	30	34230	买盘
11:01:42	11.41	--	13	14833	买盘
11:01:33	11.41	-0.01	2	2943	卖盘
11:01:27	11.42	0.01	107	122673	买盘
11:01:12	11.41	-0.01	18	21199	卖盘
11:01:07	11.42	0.01	12	13704	买盘
11:01:03	11.41	--	5	5705	卖盘
11:00:57	11.41	--	21	23961	卖盘
11:00:48	11.41	--	10	11410	卖盘
11:00:42	11.41	0.01	43	49542	买盘
11:00:37	11.4	-0.01	12	13680	卖盘
11:00:27	11.41	--	51	58191	买盘
11:00:17	11.41	--	26	29666	买盘
11:00:12	11.41	--	5	5705	买盘
11:00:07	11.41	--	10	11410	买盘
10:59:57	11.41	--	58	66178	买盘
10:59:52	11.41	--	8	9128	买盘
10:59:42	11.41	--	131	149471	买盘
10:59:27	11.41	--	30	34230	买盘
10:59:22	11.41	--	2	2282	买盘
10:59:12	11.41	0.01	12	13692	买盘
10:59:07	11.4	-0.01	303	345420	卖盘
10:59:02	11.41	0.01	15	17115	买盘
10:58:57	11.4	--	10	11400	卖盘
10:58:42	11.4	--	143	163020	卖盘
10:58:37	11.4	--	5	5700	卖盘
10:58:22	11.4	--	12	13680	卖盘
10:58:12	11.4	--	60	68400	卖盘
10:58:02	11.4	--	26	29640	卖盘
10:57:57	11.4	--	12	13680	卖盘
10:57:51	11.4	-0.01	24	27360	卖盘
10:57:47	11.41	0.01	219	249879	买盘
10:57:42	11.4	--	24	27360	卖盘
10:57:36	11.4	--	12	13680	卖盘
10:57:32	11.4	--	250	285000	卖盘
10:57:21	11.4	-0.01	15	17100	卖盘
10:57:12	11.41	0.01	112	127792	买盘
10:56:46	11.4	--	5	5700	卖盘
10:56:21	11.4	--	4	4560	卖盘
10:56:16	11.4	--	58	66120	买盘
10:56:01	11.4	0.01	36	41040	买盘
10:55:51	11.39	-0.01	57	64923	卖盘
10:55:46	11.4	--	10	11400	买盘
10:55:42	11.4	--	206	234840	买盘
10:55:36	11.4	--	1	1140	买盘
10:55:31	11.4	--	1	1140	买盘
10:54:46	11.4	--	50	57000	买盘
10:54:36	11.4	0.01	30	34200	买盘
10:54:31	11.39	-0.01	5	5695	卖盘
10:54:21	11.4	--	11	12540	买盘
10:54:16	11.4	0.01	43	49020	买盘
10:54:12	11.39	-0.01	1	1139	卖盘
10:54:06	11.4	--	22	25080	买盘
10:53:42	11.4	0.01	11	12540	买盘
10:53:31	11.39	0.01	4	4556	买盘
10:53:21	11.38	--	33	37554	卖盘
10:53:16	11.38	-0.02	10	11380	卖盘
10:53:06	11.4	0.02	9	10260	买盘
10:52:56	11.38	--	4	4552	卖盘
10:52:51	11.38	-0.01	36	40968	卖盘
10:52:46	11.39	--	30	34170	卖盘
10:52:41	11.39	-0.01	96	109344	卖盘
10:52:36	11.4	--	3	3420	买盘
10:52:31	11.4	--	73	83220	卖盘
10:52:26	11.4	--	8	9120	卖盘
10:52:21	11.4	--	6	6840	卖盘
10:52:16	11.4	--	47	53580	卖盘
10:52:11	11.4	--	1	1140	卖盘
10:52:01	11.4	-0.01	1	1140	卖盘
10:51:51	11.41	0.01	153	174573	买盘
10:51:46	11.4	--	10	11400	卖盘
10:51:41	11.4	--	5	5700	卖盘
10:51:21	11.4	--	300	342000	卖盘
10:51:00	11.4	--	4	4560	卖盘
10:50:56	11.4	--	129	147060	买盘
10:50:51	11.4	--	107	121980	买盘
10:50:45	11.4	0.01	150	171000	买盘
10:50:36	11.39	--	4	4556	卖盘
10:50:30	11.39	-0.01	11	12529	卖盘
10:50:21	11.4	--	20	22800	买盘
10:50:15	11.4	--	64	72960	买盘
10:50:06	11.4	--	6	6840	买盘
10:50:00	11.4	0.01	17	19380	买盘
10:49:55	11.39	--	10	11390	卖盘
10:49:45	11.39	--	3	3417	卖盘
10:49:40	11.39	--	15	17085	卖盘
10:49:21	11.39	--	48	54672	买盘
10:49:10	11.39	0.01	32	36448	买盘
10:49:06	11.38	-0.01	18	20484	卖盘
10:49:00	11.39	0.02	100	113900	买盘
10:48:45	11.37	-0.01	240	272880	卖盘
10:48:40	11.38	--	120	136571	买盘
10:48:15	11.38	0.01	1017	1157346	买盘
10:48:10	11.37	-0.01	42	47754	卖盘
10:47:55	11.38	--	4	4552	买盘
10:47:51	11.38	--	28	31864	买盘
10:47:45	11.38	-0.01	208	236704	卖盘
10:47:40	11.39	0.01	7	7973	买盘
10:47:25	11.38	--	3	3414	卖盘
10:47:06	11.38	--	371	422198	卖盘
10:46:55	11.38	-0.01	10	11380	卖盘
10:46:45	11.39	--	10	11390	买盘
10:45:40	11.39	--	9	10251	买盘
10:45:35	11.39	--	15	17085	卖盘
10:45:30	11.39	--	1	1139	卖盘
10:45:20	11.39	--	64	72896	买盘
10:45:15	11.39	0.01	20	22780	买盘
10:45:10	11.38	-0.01	20	22760	卖盘
10:45:00	11.39	--	6	6834	买盘
10:44:35	11.39	--	5	5695	买盘
10:44:30	11.39	--	143	162877	卖盘
10:44:20	11.39	--	51	58089	买盘
10:44:15	11.39	--	20	22780	买盘
10:43:49	11.39	0.01	27	30753	买盘
10:43:15	11.38	--	20	22760	卖盘
10:43:04	11.38	-0.01	11	12518	卖盘
10:43:00	11.39	0.01	200	227800	买盘
10:42:49	11.38	--	11	12518	卖盘
10:42:34	11.38	0.01	163	185494	买盘
10:42:09	11.37	--	27	30698	卖盘
10:42:04	11.37	-0.01	250	284250	卖盘
10:42:00	11.38	--	4	4552	买盘
10:41:54	11.38	--	9	10242	买盘
10:41:49	11.38	--	2	2276	卖盘
10:41:44	11.38	--	4	4552	卖盘
10:41:39	11.38	0.01	9	10242	卖盘
10:41:30	11.37	--	0	0	卖盘
10:41:24	11.37	-0.01	105	119384	卖盘
10:41:19	11.38	--	3	3414	买盘
10:40:54	11.38	0.01	5	5690	买盘
10:40:49	11.37	--	125	142125	卖盘
10:40:45	11.37	-0.01	10	11370	卖盘
10:40:39	11.38	--	40	45520	买盘
10:40:24	11.38	--	15	17070	买盘
10:40:19	11.38	--	11	12518	买盘
10:40:04	11.38	0.01	71	80798	买盘
10:39:59	11.37	--	10	11370	卖盘
10:39:49	11.37	--	3	3410	卖盘
10:39:39	11.37	--	27	30698	卖盘
10:39:29	11.37	--	4	4548	买盘
10:39:24	11.37	0.01	6	6821	买盘
10:39:14	11.36	--	20	22720	卖盘
10:39:09	11.36	--	47	53392	买盘
10:39:04	11.36	-0.01	170	193120	卖盘
10:38:54	11.37	0.01	73	83001	买盘
10:38:49	11.36	--	23	26128	卖盘
10:38:44	11.36	-0.01	210	238560	卖盘
10:38:39	11.37	0.01	20	22740	买盘
10:38:29	11.36	-0.01	74	84064	卖盘
10:38:24	11.37	0.01	24	27287	买盘
10:38:19	11.36	--	25	28400	卖盘
10:38:09	11.36	--	32	36352	卖盘
10:38:03	11.36	--	5	5680	卖盘
10:37:54	11.36	--	103	117008	卖盘
10:37:44	11.36	--	20	22720	卖盘
10:37:39	11.36	--	5	5680	卖盘
10:37:33	11.36	0.01	98	111328	买盘
10:37:28	11.35	--	4	4540	卖盘
10:37:18	11.35	-0.01	160	181600	卖盘
10:37:13	11.36	0.01	100	113600	买盘
10:37:09	11.35	--	1	1135	卖盘
10:37:03	11.35	-0.01	109	123715	卖盘
10:36:58	11.36	--	10	11360	买盘
10:36:48	11.36	--	264	299904	卖盘
10:36:43	11.36	-0.01	100	113600	卖盘
10:36:33	11.37	0.01	31	35247	买盘
10:36:28	11.36	-0.01	11	12496	卖盘
10:36:24	11.37	--	9	10233	买盘
10:36:18	11.37	--	20	22740	买盘
10:36:13	11.37	-0.01	156	177372	卖盘
10:36:03	11.38	--	33	37554	卖盘
10:35:58	11.38	--	123	139974	卖盘
10:35:48	11.38	--	20	22760	卖盘
10:35:43	11.38	-0.01	21	23898	卖盘
10:35:39	11.39	0.01	2	2278	买盘
10:35:33	11.38	-0.01	20	22760	卖盘
10:35:28	11.39	-0.01	12	13668	卖盘
10:35:24	11.4	--	0	0	买盘
10:35:18	11.4	--	27	30780	买盘
10:35:13	11.4	0.02	6	6840	买盘
10:35:03	11.38	-0.02	150	170700	卖盘
10:34:58	11.4	--	67	76380	卖盘
10:34:53	11.4	--	100	114000	卖盘
10:34:43	11.4	--	59	67260	卖盘
10:34:38	11.4	--	33	37620	卖盘
10:34:33	11.4	--	120	136800	买盘
10:34:28	11.4	--	55	62700	买盘
10:34:23	11.4	--	11	12540	买盘
10:34:18	11.4	-0.01	56	63840	中性盘
10:34:13	11.41	0.01	158	180278	买盘
10:34:08	11.4	--	10	11400	买盘
10:34:03	11.4	--	10	11400	买盘
10:33:58	11.4	--	2	2280	买盘
10:33:53	11.4	-0.01	65	74761	卖盘
10:33:48	11.41	0.01	56	63896	买盘
10:33:43	11.4	--	28	31920	卖盘
10:33:33	11.4	--	225	256500	卖盘
10:33:28	11.4	--	19	21660	卖盘
10:33:13	11.4	--	59	67260	卖盘
10:33:08	11.4	--	37	42180	卖盘
10:33:03	11.4	0.01	452	515758	买盘
10:32:58	11.39	--	10	11390	卖盘
10:32:48	11.39	--	1	1139	卖盘
10:32:43	11.39	--	27	30753	买盘
10:32:38	11.39	--	4	4556	买盘
10:32:33	11.39	--	5	5695	买盘
10:32:28	11.39	0.01	8	9112	买盘
10:32:18	11.38	-0.01	2	2276	卖盘
10:32:13	11.39	--	72	82008	买盘
10:32:08	11.39	0.01	5	5695	买盘
10:32:03	11.38	-0.01	10	11380	卖盘
10:31:58	11.39	0.01	20	22780	买盘
10:31:48	11.38	--	46	52348	卖盘
10:31:38	11.38	--	46	52348	买盘
10:31:27	11.38	--	6	6828	买盘
10:31:23	11.38	--	36	40968	买盘
10:31:18	11.38	--	5	5690	买盘
10:31:12	11.38	--	15	17070	买盘
10:31:08	11.38	--	500	569000	买盘
10:31:03	11.38	--	50	56900	买盘
10:30:57	11.38	--	31	35278	买盘
10:30:52	11.38	--	83	94454	买盘
10:30:48	11.38	--	10	11380	买盘
10:30:42	11.38	-0.01	128	145664	卖盘
10:30:37	11.39	--	30	34170	买盘
10:30:33	11.39	0.01	20	22780	买盘
10:30:27	11.38	--	18	20484	卖盘
10:30:22	11.38	-0.01	55	62590	卖盘
10:30:18	11.39	0.01	30	34170	买盘
10:30:12	11.38	-0.01	24	27312	中性盘
10:30:07	11.39	0.01	54	61506	买盘
10:30:03	11.38	-0.01	18	20484	卖盘
10:29:57	11.39	0.01	7	7973	买盘
10:29:48	11.38	--	245	278810	卖盘
10:29:42	11.38	--	185	210530	卖盘
10:29:37	11.38	--	20	22760	卖盘
10:29:33	11.38	-0.01	1	1138	卖盘
10:29:27	11.39	-0.01	75	85425	卖盘
10:29:22	11.4	--	18	20520	买盘
10:29:03	11.4	-0.01	89	102121	卖盘
10:28:57	11.41	0.01	1	1141	买盘
10:28:52	11.4	--	33	37620	卖盘
10:28:48	11.4	--	5	5700	卖盘
10:28:42	11.4	--	50	57000	卖盘
10:28:37	11.4	-0.01	55	62700	卖盘
10:28:33	11.41	--	26	29666	买盘
10:28:27	11.41	--	5	5705	买盘
10:28:12	11.41	--	35	39935	买盘
10:28:07	11.41	--	8	9128	卖盘
10:28:02	11.41	--	20	22820	卖盘
10:27:57	11.41	--	22	25102	买盘
10:27:52	11.41	0.01	5	5705	买盘
10:27:47	11.4	-0.01	10	11400	卖盘
10:27:42	11.41	0.01	17	19397	中性盘
10:27:37	11.4	-0.01	72	82080	卖盘
10:27:33	11.41	--	56	63896	卖盘
10:27:27	11.41	--	144	164783	买盘
10:27:22	11.41	--	74	84434	买盘
10:27:17	11.41	--	20	22820	买盘
10:27:12	11.41	--	64	73685	卖盘
10:27:07	11.41	--	30	34230	卖盘
10:27:02	11.41	-0.01	16	18256	卖盘
10:26:57	11.42	-0.01	12	13704	买盘
10:26:52	11.43	0.02	517	590931	买盘
10:26:47	11.41	-0.01	52	59332	卖盘
10:26:42	11.42	0.01	332	379144	买盘
10:26:37	11.41	--	112	127792	卖盘
10:26:32	11.41	--	16	18256	卖盘
10:26:27	11.41	-0.01	565	644779	卖盘
10:26:17	11.42	--	12	13704	买盘
10:26:12	11.42	0.01	70	79940	买盘
10:26:07	11.41	--	4	4564	卖盘
10:26:02	11.41	-0.01	27	30807	卖盘
10:25:57	11.42	0.02	71	81447	买盘
10:25:52	11.4	-0.01	55	63475	卖盘
10:25:47	11.41	--	4	4564	卖盘
10:25:42	11.41	--	55	63120	买盘
10:25:37	11.41	--	40	46415	卖盘
10:25:32	11.41	--	20	22820	卖盘
10:25:27	11.41	-0.01	14	15974	卖盘
10:25:22	11.42	0.01	132	150744	买盘
10:25:17	11.41	-0.01	101	115241	卖盘
10:25:12	11.42	--	61	70027	买盘
10:25:07	11.42	--	9	10278	买盘
10:25:02	11.42	--	60	68520	买盘
10:24:57	11.42	--	28	31976	买盘
10:24:51	11.42	-0.02	361	412262	卖盘
10:24:47	11.44	--	0	0	买盘
10:24:42	11.44	0.02	23	26312	买盘
10:24:36	11.42	-0.01	47	53674	卖盘
10:24:32	11.43	0.01	50	57150	买盘
10:24:27	11.42	0.02	368	420256	买盘
10:24:21	11.4	--	28	31920	卖盘
10:24:16	11.4	0.02	1565	1784955	买盘
10:24:06	11.38	--	30	34140	卖盘
10:24:01	11.38	--	143	162734	买盘
10:23:51	11.38	--	30	34140	买盘
10:23:46	11.38	--	105	119490	买盘
10:23:42	11.38	0.01	10	11380	买盘
10:23:27	11.37	--	440	500279	买盘
10:23:21	11.37	0.01	30	34110	买盘
10:23:01	11.36	--	5	5680	卖盘
10:22:51	11.36	--	81	92016	买盘
10:22:46	11.36	--	56	63616	买盘
10:22:36	11.36	0.01	10	11360	买盘
10:22:31	11.35	-0.01	5	5675	卖盘
10:22:27	11.36	--	23	26128	买盘
10:22:12	11.36	-0.01	265	301040	卖盘
10:22:06	11.37	--	4	4548	买盘
10:21:51	11.37	--	5	5685	买盘
10:21:36	11.37	0.01	23	26151	买盘
10:21:26	11.36	--	0	0	卖盘
10:21:21	11.36	-0.01	339	385104	卖盘
10:21:16	11.37	--	392	445703	卖盘
10:21:06	11.37	-0.01	66	75042	卖盘
10:21:01	11.38	--	10	11380	买盘
10:20:56	11.38	--	3	3414	买盘
10:20:46	11.38	--	35	39830	买盘
10:20:36	11.38	--	2	2276	买盘
10:20:26	11.38	--	1	1138	卖盘
10:20:21	11.38	--	53	60314	买盘
10:20:16	11.38	--	76	86488	买盘
10:20:06	11.38	--	147	167286	卖盘
10:20:01	11.38	--	50	56900	卖盘
10:19:51	11.38	--	10	11380	卖盘
10:19:46	11.38	--	5	5690	卖盘
10:19:36	11.38	--	62	70556	卖盘
10:19:21	11.38	--	63	71694	买盘
10:19:16	11.38	-0.01	130	147940	卖盘
10:19:11	11.39	--	113	128707	买盘
10:19:06	11.39	0.01	40	45560	买盘
10:19:01	11.38	--	15	17070	卖盘
10:18:56	11.38	--	35	39830	卖盘
10:18:51	11.38	--	31	35278	买盘
10:18:36	11.38	--	31	35278	卖盘
10:18:31	11.38	--	1	1138	卖盘
10:18:26	11.38	--	91	103558	买盘
10:18:21	11.38	0.01	80	91040	买盘
10:18:06	11.37	-0.01	36	40932	卖盘
10:18:00	11.38	--	108	122904	卖盘
10:17:51	11.38	--	12	13656	买盘
10:17:45	11.38	--	67	76246	卖盘
10:17:41	11.38	--	10	11380	卖盘
10:17:30	11.38	--	12	13656	买盘
10:17:25	11.38	-0.01	8	9104	买盘
10:17:20	11.39	--	62	70618	买盘
10:17:10	11.39	0.01	273	310947	买盘
10:17:06	11.38	--	99	112662	卖盘
10:17:00	11.38	-0.01	60	68280	卖盘
10:16:55	11.39	--	5	5695	买盘
10:16:45	11.39	--	122	138958	买盘
10:16:40	11.39	0.01	107	121873	买盘
10:16:36	11.38	-0.01	25	28450	卖盘
10:16:21	11.39	--	0	0	买盘
10:16:15	11.39	--	3	3417	买盘
10:16:06	11.39	--	56	63784	买盘
10:16:00	11.39	0.01	165	187935	买盘
10:15:55	11.38	--	6	6828	卖盘
10:15:45	11.38	--	16	18208	卖盘
10:15:36	11.38	0.01	45	51210	买盘
10:15:30	11.37	-0.01	1	1137	卖盘
10:15:10	11.38	--	66	75108	买盘
10:15:06	11.38	--	9	10242	买盘
10:15:00	11.38	--	144	163872	买盘
10:14:55	11.38	0.01	9	10242	买盘
10:14:45	11.37	-0.01	37	42069	卖盘
10:14:35	11.38	0.01	6	6828	买盘
10:14:25	11.37	--	45	51165	卖盘
10:14:10	11.37	--	28	31835	卖盘
10:14:05	11.37	--	25	28424	卖盘
10:14:00	11.37	--	5	5685	卖盘
10:13:55	11.37	--	35	39795	买盘
10:13:50	11.37	--	11	12507	买盘
10:13:45	11.37	0.01	40	45480	买盘
10:13:40	11.36	-0.01	5	5680	卖盘
10:13:30	11.37	--	3	3410	买盘
10:13:25	11.37	--	228	259235	卖盘
10:13:20	11.37	-0.01	4	4548	卖盘
10:13:15	11.38	0.01	13	14794	买盘
10:13:10	11.37	--	7	7958	卖盘
10:13:05	11.37	--	10	11370	卖盘
10:13:00	11.37	--	91	103467	卖盘
10:12:40	11.37	--	2	2274	买盘
10:12:35	11.37	--	8	9096	卖盘
10:12:30	11.37	--	60	68220	卖盘
10:12:25	11.37	-0.01	44	50028	卖盘
10:12:20	11.38	0.01	10	11380	买盘
10:12:15	11.37	-0.01	105	119384	卖盘
10:12:10	11.38	0.01	48	54624	买盘
10:12:05	11.37	-0.01	837	951668	卖盘
10:12:00	11.38	--	15	17070	买盘
10:11:55	11.38	--	2	2276	买盘
10:11:40	11.38	--	6	6828	买盘
10:11:35	11.38	--	5	5690	卖盘
10:11:30	11.38	--	14	15932	买盘
10:11:20	11.38	--	369	419922	卖盘
10:11:15	11.38	--	44	50072	卖盘
10:11:09	11.38	-0.01	79	89902	卖盘
10:11:04	11.39	0.01	16	18224	买盘
10:11:00	11.38	0.01	167	190046	买盘
10:10:44	11.37	--	79	89823	买盘
10:10:39	11.37	--	10	11370	买盘
10:10:34	11.37	--	29	32973	买盘
10:10:24	11.37	--	50	56849	买盘
10:10:19	11.37	--	192	218303	买盘
10:10:09	11.37	0.01	47	53438	买盘
10:10:04	11.36	0.01	82	93152	买盘
10:10:00	11.35	-0.01	43	48805	卖盘
10:09:54	11.36	0.01	31	35216	买盘
10:09:49	11.35	--	88	99880	买盘
10:09:45	11.35	--	74	83990	买盘
10:09:39	11.35	--	4	4540	买盘
10:09:34	11.35	--	96	108960	买盘
10:09:24	11.35	0.01	16	18160	买盘
10:09:19	11.34	--	113	128142	买盘
10:09:15	11.34	0.01	16	18144	买盘
10:09:09	11.33	--	96	108768	卖盘
10:09:00	11.33	--	83	94039	买盘
10:08:54	11.33	--	7	7931	买盘
10:08:49	11.33	--	16	18128	买盘
10:08:45	11.33	--	50	56650	买盘
10:08:24	11.33	--	5	5665	卖盘
10:08:19	11.33	--	10	11330	卖盘
10:08:14	11.33	--	2	2266	卖盘
10:08:09	11.33	--	43	48719	卖盘
10:08:04	11.33	--	6	6798	卖盘
10:07:59	11.33	--	5	5665	卖盘
10:07:54	11.33	--	10	11330	卖盘
10:07:44	11.33	0.01	3	3399	卖盘
10:07:39	11.32	--	0	0	卖盘
10:07:34	11.32	-0.03	60	67920	卖盘
10:07:29	11.35	0.03	100	113500	买盘
10:07:24	11.32	-0.02	525	594300	卖盘
10:07:14	11.34	-0.01	10	11340	卖盘
10:07:09	11.35	--	5	5675	买盘
10:07:04	11.35	-0.01	5	5675	买盘
10:06:54	11.36	--	0	0	买盘
10:06:49	11.36	--	337	382832	买盘
10:06:44	11.36	0.01	6	6816	买盘
10:06:19	11.35	--	5	5675	卖盘
10:06:09	11.35	--	1	1135	卖盘
10:06:04	11.35	--	12	13620	卖盘
10:05:54	11.35	0.01	83	95305	买盘
10:05:44	11.34	-0.01	13	14742	卖盘
10:05:39	11.35	--	136	154360	买盘
10:05:34	11.35	--	5	5675	买盘
10:05:29	11.35	--	36	40860	买盘
10:05:19	11.35	--	7	7945	买盘
10:05:14	11.35	--	16	18160	买盘
10:05:09	11.35	-0.01	1247	1415345	卖盘
10:05:03	11.36	-0.01	10	11360	卖盘
10:04:54	11.37	--	111	126206	买盘
10:04:48	11.37	--	125	142125	买盘
10:04:43	11.37	--	155	176235	买盘
10:04:33	11.37	-0.01	159	180783	买盘
10:04:24	11.38	--	0	0	买盘
10:04:18	11.38	0.01	19	21622	买盘
10:04:13	11.37	--	1	1137	卖盘
10:04:03	11.37	0.01	67	76179	买盘
10:03:58	11.36	-0.01	140	159040	卖盘
10:03:54	11.37	--	0	0	买盘
10:03:48	11.37	0.02	150	170550	卖盘
10:03:43	11.35	--	0	0	卖盘
10:03:33	11.35	-0.02	270	306450	卖盘
10:03:28	11.37	--	9	10233	卖盘
10:03:24	11.37	-0.01	125	142125	买盘
10:03:18	11.38	0.01	151	171838	买盘
10:03:13	11.37	--	6	6821	卖盘
10:03:08	11.37	--	10	11370	卖盘
10:03:03	11.37	--	71	80727	买盘
10:02:58	11.37	0.01	15	17055	买盘
10:02:54	11.36	-0.01	5	5680	卖盘
10:02:48	11.37	--	18	20466	买盘
10:02:43	11.37	--	85	96645	买盘
10:02:39	11.37	--	151	171687	卖盘
10:02:33	11.37	-0.01	10	11370	卖盘
10:02:28	11.38	0.01	50	56900	买盘
10:02:18	11.37	--	10	11370	卖盘
10:02:13	11.37	--	26	29561	卖盘
10:02:03	11.37	--	30	34110	卖盘
10:01:58	11.37	0.01	35	39795	买盘
10:01:53	11.36	0.01	2	2272	买盘
10:01:48	11.35	-0.01	1075	1220125	卖盘
10:01:43	11.36	-0.01	75	85200	卖盘
10:01:38	11.37	0.01	100	113699	买盘
10:01:33	11.36	-0.01	10	11360	卖盘
10:01:28	11.37	0.01	12	13643	买盘
10:01:13	11.36	--	29	32944	卖盘
10:01:08	11.36	-0.01	25	28400	卖盘
10:01:03	11.37	0.01	186	211482	买盘
10:00:58	11.36	--	69	78384	卖盘
10:00:48	11.36	--	54	61344	卖盘
10:00:43	11.36	--	9	10224	卖盘
10:00:38	11.36	--	15	17040	卖盘
10:00:33	11.36	--	10	11360	卖盘
10:00:28	11.36	--	85	96560	买盘
10:00:23	11.36	--	108	122688	买盘
10:00:18	11.36	--	33	37488	买盘
10:00:13	11.36	--	55	62480	买盘
10:00:08	11.36	--	29	32944	买盘
10:00:03	11.36	-0.01	373	423728	卖盘
09:59:58	11.37	-0.01	22	25014	买盘
09:59:48	11.38	0.01	333	378954	买盘
09:59:43	11.37	--	192	218303	卖盘
09:59:38	11.37	-0.01	169	192153	卖盘
09:59:33	11.38	0.01	17	19346	买盘
09:59:28	11.37	--	302	343374	买盘
09:59:18	11.37	0.04	6	6821	买盘
09:59:13	11.33	-0.01	22	24926	卖盘
09:59:08	11.34	--	0	0	卖盘
09:59:03	11.34	-0.05	397	450198	卖盘
09:58:57	11.39	--	65	74035	买盘
09:58:53	11.39	0.02	8	9112	中性盘
09:58:48	11.37	--	64	72768	卖盘
09:58:42	11.37	-0.03	189	214892	卖盘
09:58:38	11.4	-0.02	674	768360	卖盘
09:58:33	11.42	--	39	44538	买盘
09:58:27	11.42	--	79	90218	买盘
09:58:22	11.42	0.01	120	137040	买盘
09:58:17	11.41	0.01	8	9128	中性盘
09:58:12	11.4	-0.01	101	115140	卖盘
09:58:07	11.41	0.01	43	49063	买盘
09:58:03	11.4	--	389	443460	买盘
09:57:57	11.4	0.05	3	3420	买盘
09:57:52	11.35	0.01	27	30645	中性盘
09:57:48	11.34	-0.06	10	11340	卖盘
09:57:42	11.4	0.06	2002	2282280	买盘
09:57:33	11.34	0.01	55	62370	买盘
09:57:27	11.33	--	0	0	卖盘
09:57:18	11.33	-0.01	18	20394	卖盘
09:57:12	11.34	0.01	150	170100	买盘
09:57:07	11.33	-0.01	141	159753	卖盘
09:57:03	11.34	0.01	50	56700	买盘
09:56:57	11.33	--	109	123497	买盘
09:56:52	11.33	--	229	259457	买盘
09:56:48	11.33	--	15	16995	买盘
09:56:42	11.33	--	67	75911	买盘
09:56:37	11.33	--	95	107635	买盘
09:56:22	11.33	0.02	87	98571	买盘
09:56:12	11.31	-0.01	12	13798	买盘
09:56:07	11.32	--	0	0	买盘
09:56:02	11.32	--	182	206929	卖盘
09:55:57	11.32	0.03	477	540190	买盘
09:55:52	11.29	--	30	33870	卖盘
09:55:42	11.29	-0.01	44	49675	卖盘
09:55:37	11.3	--	30	33900	卖盘
09:55:32	11.3	0.01	123	138990	买盘
09:55:27	11.29	--	70	79030	卖盘
09:55:12	11.29	--	174	196445	买盘
09:55:07	11.29	--	9	10161	买盘
09:54:57	11.29	--	218	246121	卖盘
09:54:52	11.29	-0.01	8	9032	卖盘
09:54:37	11.3	--	21	23730	买盘
09:54:32	11.3	--	30	33900	买盘
09:54:27	11.3	--	50	56500	买盘
09:54:17	11.3	--	18	20340	卖盘
09:54:12	11.3	--	1	1130	卖盘
09:53:57	11.3	--	30	33900	卖盘
09:53:52	11.3	--	73	82490	卖盘
09:53:42	11.3	--	21	23730	卖盘
09:53:37	11.3	--	13	14690	卖盘
09:53:32	11.3	--	41	46330	卖盘
09:53:27	11.3	--	27	30510	卖盘
09:53:07	11.3	--	34	38420	卖盘
09:53:02	11.3	-0.01	20	22600	卖盘
09:52:57	11.31	0.01	1	1131	买盘
09:52:42	11.3	--	54	61020	卖盘
09:52:36	11.3	--	25	28250	买盘
09:52:32	11.3	--	10	11300	买盘
09:52:06	11.3	0.01	18	20340	买盘
09:51:51	11.29	--	32	36128	卖盘
09:51:46	11.29	--	54	60965	卖盘
09:51:31	11.29	--	26	29353	卖盘
09:51:16	11.29	--	0	0	卖盘
09:51:01	11.29	-0.01	330	372570	卖盘
09:50:57	11.3	0.02	550	621500	买盘
09:50:51	11.28	-0.01	130	146640	卖盘
09:50:46	11.29	--	10	11290	卖盘
09:50:21	11.29	--	0	0	卖盘
09:50:16	11.29	--	11	12418	卖盘
09:50:06	11.29	-0.01	805	908844	卖盘
09:50:01	11.3	--	38	42940	卖盘
09:49:51	11.3	--	52	58760	卖盘
09:49:41	11.3	--	30	33900	卖盘
09:49:36	11.3	--	10	11300	卖盘
09:49:31	11.3	-0.01	5	5650	卖盘
09:49:21	11.31	--	5	5655	买盘
09:49:16	11.31	--	310	350610	买盘
09:49:06	11.31	-0.01	4	4524	买盘
09:48:46	11.32	0.02	12	13584	买盘
09:48:41	11.3	-0.01	50	56500	卖盘
09:48:36	11.31	--	52	58812	卖盘
09:48:31	11.31	--	36	40716	卖盘
09:48:26	11.31	--	8	9048	卖盘
09:48:21	11.31	-0.01	740	836940	卖盘
09:48:16	11.32	--	70	79240	买盘
09:48:06	11.32	0.01	10	11320	买盘
09:48:01	11.31	-0.01	2	2262	卖盘
09:47:56	11.32	0.01	16	18112	买盘
09:47:51	11.31	--	373	421863	卖盘
09:47:46	11.31	-0.01	9	10179	卖盘
09:47:41	11.32	0.01	10	11320	买盘
09:47:36	11.31	--	5	5655	卖盘
09:47:31	11.31	--	29	32799	卖盘
09:47:21	11.31	-0.01	19	21489	卖盘
09:47:06	11.32	--	30	33960	买盘
09:47:01	11.32	--	33	37356	买盘
09:46:56	11.32	--	40	45280	买盘
09:46:51	11.32	0.01	69	78108	买盘
09:46:45	11.31	--	61	68991	卖盘
09:46:41	11.31	--	4	4524	卖盘
09:46:36	11.31	-0.01	223	252213	中性盘
09:46:30	11.32	0.02	20	22640	买盘
09:46:25	11.3	-0.01	20	22600	卖盘
09:46:21	11.31	-0.01	42	47502	卖盘
09:46:15	11.32	0.01	304	344128	买盘
09:46:10	11.31	0.01	366	413946	买盘
09:46:05	11.3	-0.01	33	37290	卖盘
09:45:55	11.31	-0.01	393	444483	卖盘
09:45:45	11.32	0.01	45	50940	买盘
09:45:40	11.31	--	104	117624	卖盘
09:45:36	11.31	-0.01	17	19227	卖盘
09:45:30	11.32	0.01	107	121124	买盘
09:45:25	11.31	--	51	57681	卖盘
09:45:20	11.31	-0.01	32	36192	卖盘
09:45:15	11.32	--	250	283000	买盘
09:45:10	11.32	0.01	5	5660	买盘
09:45:05	11.31	-0.01	34	38454	卖盘
09:44:55	11.32	--	62	70184	买盘
09:44:50	11.32	0.01	1	1132	买盘
09:44:45	11.31	-0.01	165	186615	卖盘
09:44:40	11.32	--	14	15848	买盘
09:44:36	11.32	--	30	33960	买盘
09:44:30	11.32	--	25	28300	买盘
09:44:20	11.32	0.01	5	5660	买盘
09:44:15	11.31	-0.01	8	9048	卖盘
09:44:10	11.32	0.01	9	10188	中性盘
09:44:00	11.31	-0.01	142	160602	卖盘
09:43:55	11.32	--	0	0	买盘
09:43:45	11.32	0.01	82	92824	买盘
09:43:30	11.31	--	4	4524	买盘
09:43:15	11.31	--	68	76908	卖盘
09:43:10	11.31	--	73	82563	卖盘
09:43:05	11.31	--	10	11310	卖盘
09:43:00	11.31	-0.01	8	9048	卖盘
09:42:55	11.32	--	117	132444	买盘
09:42:50	11.32	0.01	35	39620	买盘
09:42:45	11.31	--	26	29406	买盘
09:42:40	11.31	--	44	50668	卖盘
09:42:30	11.31	--	1	1131	卖盘
09:42:25	11.31	--	96	108802	卖盘
09:42:15	11.31	--	20	22620	卖盘
09:42:05	11.31	--	6	6786	卖盘
09:42:00	11.31	--	3	3393	卖盘
09:41:55	11.31	--	321	363051	买盘
09:41:45	11.31	0.01	38	42978	买盘
09:41:40	11.3	--	8	9040	卖盘
09:41:30	11.3	0.02	101	114130	买盘
09:41:25	11.28	-0.02	124	139872	卖盘
09:41:20	11.3	0.03	4	4520	买盘
09:41:15	11.27	-0.01	21	23667	卖盘
09:41:10	11.28	--	15	16920	买盘
09:41:05	11.28	-0.02	13	14664	中性盘
09:41:00	11.3	0.03	10	11300	买盘
09:40:55	11.27	-0.02	33	37191	卖盘
09:40:50	11.29	--	10	11290	买盘
09:40:45	11.29	--	171	193058	卖盘
09:40:39	11.29	--	323	364667	卖盘
09:40:35	11.29	--	53	59836	卖盘
09:40:30	11.29	--	17	19193	买盘
09:40:24	11.29	0.01	5	5645	买盘
09:40:19	11.28	-0.01	33	37224	卖盘
09:40:09	11.29	0.01	5	5645	买盘
09:40:04	11.28	-0.02	28	31584	卖盘
09:39:59	11.3	--	152	171760	买盘
09:39:54	11.3	-0.02	1514	1710820	卖盘
09:39:49	11.32	--	282	319224	买盘
09:39:39	11.32	0.01	39	44148	买盘
09:39:34	11.31	--	63	71253	卖盘
09:39:29	11.31	-0.01	14	15834	卖盘
09:39:24	11.32	--	55	62260	卖盘
09:39:19	11.32	-0.01	94	106408	卖盘
09:39:14	11.33	--	5	5665	买盘
09:39:09	11.33	0.01	8	9064	买盘
09:39:04	11.32	--	302	341864	卖盘
09:38:59	11.32	--	106	119992	卖盘
09:38:54	11.32	-0.01	94	106408	卖盘
09:38:49	11.33	--	75	84975	买盘
09:38:44	11.33	--	118	133694	买盘
09:38:39	11.33	--	1	1133	买盘
09:38:34	11.33	-0.01	291	329703	卖盘
09:38:29	11.34	--	50	56700	买盘
09:38:24	11.34	--	20	22680	买盘
09:38:19	11.34	0.01	11	12474	买盘
09:38:14	11.33	--	8	9064	卖盘
09:38:09	11.33	--	10	11330	卖盘
09:38:04	11.33	-0.01	13	14729	卖盘
09:37:59	11.34	0.01	50	56700	买盘
09:37:54	11.33	--	0	0	卖盘
09:37:49	11.33	-0.01	77	87241	卖盘
09:37:34	11.34	0.01	80	90720	买盘
09:37:29	11.33	-0.01	23	26059	卖盘
09:37:24	11.34	-0.01	206	233604	卖盘
09:37:14	11.35	0.01	101	114635	买盘
09:37:09	11.34	-0.01	79	89586	卖盘
09:37:04	11.35	--	56	63560	买盘
09:36:59	11.35	--	247	280345	卖盘
09:36:54	11.35	--	50	56750	卖盘
09:36:49	11.35	-0.01	28	31780	卖盘
09:36:44	11.36	0.01	46	52256	买盘
09:36:39	11.35	-0.01	12	13620	卖盘
09:36:34	11.36	0.01	200	227200	买盘
09:36:29	11.35	-0.01	55	62425	卖盘
09:36:24	11.36	0.01	14	15904	买盘
09:36:19	11.35	-0.01	13	14755	卖盘
09:36:14	11.36	0.01	8	9088	买盘
09:36:09	11.35	--	6	6810	卖盘
09:36:04	11.35	0.01	156	177060	买盘
09:35:59	11.34	--	4	4536	卖盘
09:35:54	11.34	--	106	120204	卖盘
09:35:49	11.34	--	535	606690	卖盘
09:35:44	11.34	-0.01	22	24948	卖盘
09:35:39	11.35	--	19	21565	买盘
09:35:34	11.35	--	216	245160	卖盘
09:35:29	11.35	-0.01	5	5675	卖盘
09:35:24	11.36	--	80	90880	买盘
09:35:19	11.36	--	120	136320	买盘
09:35:09	11.36	--	54	61344	买盘
09:35:04	11.36	--	48	54528	卖盘
09:34:59	11.36	--	4	4544	卖盘
09:34:49	11.36	0.01	23	26128	买盘
09:34:44	11.35	--	213	241755	买盘
09:34:39	11.35	--	10	11350	买盘
09:34:33	11.35	--	144	163440	卖盘
09:34:24	11.35	--	305	346175	买盘
09:34:18	11.35	--	749	850115	卖盘
09:34:13	11.35	-0.01	22	24970	卖盘
09:34:09	11.36	--	135	153360	买盘
09:34:03	11.36	--	15	17040	买盘
09:33:58	11.36	0.01	100	113600	买盘
09:33:53	11.35	--	3	3405	卖盘
09:33:43	11.35	0.02	533	604955	买盘
09:33:38	11.33	--	5	5665	卖盘
09:33:33	11.33	--	75	84975	买盘
09:33:28	11.33	--	32	36256	买盘
09:33:18	11.33	--	109	123497	卖盘
09:33:13	11.33	0.01	72	81576	买盘
09:33:08	11.32	--	10	11320	买盘
09:33:03	11.32	-0.03	271	306772	卖盘
09:32:58	11.35	0.02	550	624250	买盘
09:32:53	11.33	--	2	2266	买盘
09:32:48	11.33	-0.01	299	338767	卖盘
09:32:43	11.34	-0.01	149	168966	卖盘
09:32:38	11.35	--	86	97610	买盘
09:32:33	11.35	--	90	102150	买盘
09:32:28	11.35	0.01	81	91935	买盘
09:32:23	11.34	--	38	43092	卖盘
09:32:18	11.34	--	169	191646	卖盘
09:32:13	11.34	--	111	125874	卖盘
09:32:08	11.34	--	10	11340	卖盘
09:32:03	11.34	--	75	85050	卖盘
09:31:58	11.34	0.02	348	394632	买盘
09:31:53	11.32	--	20	22640	买盘
09:31:48	11.32	--	45	50940	买盘
09:31:43	11.32	--	201	227532	买盘
09:31:38	11.32	0.01	7	7924	买盘
09:31:28	11.31	-0.01	15	16965	卖盘
09:31:23	11.32	--	11	12452	买盘
09:31:18	11.32	0.01	38	43016	买盘
09:31:13	11.31	0.01	57	64467	卖盘
09:31:08	11.3	--	0	0	卖盘
09:31:03	11.3	--	350	395500	卖盘
09:30:58	11.3	-0.01	11	12430	卖盘
09:30:53	11.31	0.01	25	28275	买盘
09:30:48	11.3	--	121	136730	买盘
09:30:43	11.3	--	40	45200	买盘
09:30:38	11.3	0.01	164	185320	买盘
09:30:33	11.29	--	281	317260	卖盘
09:30:28	11.29	0.01	46	52261	买盘
09:30:23	11.28	--	100	112800	卖盘
09:30:18	11.28	-0.01	1	1128	卖盘
09:30:13	11.29	--	37	41773	买盘
09:30:08	11.29	0.01	279	314991	买盘
09:30:03	11.28	--	618	697904	卖盘
09:28:45	11.28	--	0	0	卖盘
09:25:06	11.28	11.28	403	454911	买盘
