成交时间	成交价	价格变动	成交量(手)	成交额(元)	性质
15:00:00	9.46	--	0	0	卖盘
15:00:00	9.46	--	0	0	卖盘
14:59:49	9.46	--	400	378400	买盘
14:59:44	9.46	--	115	108790	买盘
14:59:38	9.46	0.01	1	946	买盘
14:59:34	9.45	-0.01	20	18900	卖盘
14:59:29	9.46	--	37	35002	买盘
14:59:23	9.46	--	9	8514	买盘
14:59:19	9.46	--	1	946	买盘
14:59:04	9.46	0.01	22	20812	买盘
14:58:59	9.45	--	24	22680	卖盘
14:58:49	9.45	-0.01	40	37800	卖盘
14:58:44	9.46	--	65	61490	买盘
14:58:29	9.46	--	53	50138	买盘
14:58:14	9.46	--	103	97438	买盘
14:58:08	9.46	0.01	21	19866	买盘
14:58:04	9.45	-0.01	6	5670	卖盘
14:57:44	9.46	--	144	136224	买盘
14:57:34	9.46	--	29	27434	买盘
14:57:29	9.46	--	20	18920	买盘
14:57:23	9.46	--	10	9460	买盘
14:57:19	9.46	--	20	18920	买盘
14:57:14	9.46	--	17	16082	买盘
14:56:49	9.46	--	9	8514	买盘
14:56:38	9.46	--	10	9460	买盘
14:56:34	9.46	0.01	10	9460	买盘
14:56:29	9.45	-0.01	37	34965	卖盘
14:56:23	9.46	0.01	15	14190	买盘
14:56:19	9.45	-0.01	1	944	卖盘
14:56:14	9.46	--	105	99330	买盘
14:56:08	9.46	0.01	12	11352	买盘
14:55:49	9.45	--	5	4725	卖盘
14:55:44	9.45	--	12	11340	卖盘
14:55:23	9.45	-0.01	29	27404	卖盘
14:55:19	9.46	0.01	44	41624	买盘
14:54:59	9.45	-0.01	52	49139	卖盘
14:54:53	9.46	0.01	21	19866	买盘
14:54:43	9.45	--	81	76545	卖盘
14:54:38	9.45	-0.01	20	18900	卖盘
14:54:34	9.46	0.01	19	17974	买盘
14:54:28	9.45	--	60	56699	卖盘
14:54:19	9.45	--	60	56699	卖盘
14:54:13	9.45	--	20	18900	卖盘
14:54:08	9.45	--	7	6614	卖盘
14:53:58	9.45	-0.01	125	118124	卖盘
14:53:53	9.46	0.01	20	18920	买盘
14:53:47	9.45	-0.01	20	18900	卖盘
14:53:43	9.46	0.01	78	73788	买盘
14:53:38	9.45	-0.01	20	18900	卖盘
14:53:23	9.46	--	10	9460	买盘
14:53:17	9.46	0.01	20	18920	买盘
14:53:08	9.45	--	22	20790	卖盘
14:53:02	9.45	--	10	9450	卖盘
14:52:58	9.45	--	19	17955	卖盘
14:52:53	9.45	-0.01	62	58589	卖盘
14:52:47	9.46	0.01	15	14190	买盘
14:52:43	9.45	-0.01	5	4725	卖盘
14:52:38	9.46	0.01	154	145684	买盘
14:52:28	9.45	--	2	1889	卖盘
14:52:13	9.45	--	37	34965	买盘
14:51:53	9.45	--	96	90720	卖盘
14:51:43	9.45	--	13	12284	卖盘
14:51:38	9.45	--	50	47250	卖盘
14:51:28	9.45	--	240	226799	卖盘
14:51:23	9.45	--	27	25514	卖盘
14:51:17	9.45	-0.01	20	18900	卖盘
14:51:13	9.46	0.01	17	16082	买盘
14:51:08	9.45	--	49	46305	卖盘
14:50:58	9.45	--	8	7559	买盘
14:50:53	9.45	--	93	87885	买盘
14:50:43	9.45	--	0	0	中性盘
14:50:38	9.45	--	101	95445	买盘
14:50:32	9.45	--	13	12284	卖盘
14:50:28	9.45	-0.01	19	17955	卖盘
14:50:23	9.46	0.01	10	9460	买盘
14:50:17	9.45	--	13	12284	卖盘
14:50:13	9.45	--	12	11340	卖盘
14:50:08	9.45	--	7	6614	卖盘
14:50:02	9.45	--	36	34020	买盘
14:49:58	9.45	0.01	6	5670	买盘
14:49:53	9.44	-0.01	5	4720	卖盘
14:49:47	9.45	--	8	7559	买盘
14:49:32	9.45	0.01	10	9450	买盘
14:49:23	9.44	-0.01	3	2832	卖盘
14:49:08	9.45	--	19	17955	卖盘
14:48:53	9.45	--	131	123794	买盘
14:48:43	9.45	--	25	23625	卖盘
14:48:32	9.45	-0.01	13	12284	卖盘
14:48:28	9.46	0.01	10	9460	买盘
14:48:22	9.45	--	13	12284	卖盘
14:48:13	9.45	--	20	18900	卖盘
14:48:07	9.45	--	28	26459	卖盘
14:48:02	9.45	--	2	1889	买盘
14:47:57	9.45	--	148	139860	卖盘
14:47:37	9.45	-0.01	8	7559	卖盘
14:47:26	9.46	0.01	10	9460	买盘
14:47:22	9.45	--	98	92610	卖盘
14:47:17	9.45	-0.01	156	147420	卖盘
14:46:47	9.46	0.01	10	9460	买盘
14:46:37	9.45	--	15	14174	卖盘
14:46:26	9.45	--	20	18900	卖盘
14:46:22	9.45	--	50	47250	卖盘
14:46:07	9.45	-0.01	10	9450	卖盘
14:45:52	9.46	0.01	41	38786	买盘
14:45:47	9.45	--	39	36855	卖盘
14:45:37	9.45	-0.01	15	14174	卖盘
14:45:22	9.46	--	68	64328	卖盘
14:45:17	9.46	--	80	75680	卖盘
14:45:11	9.46	-0.01	4	3784	卖盘
14:45:07	9.47	0.01	97	91859	买盘
14:44:56	9.46	--	8	7568	卖盘
14:44:52	9.46	0.01	81	76626	买盘
14:44:37	9.45	--	9	8505	卖盘
14:44:22	9.45	--	0	0	卖盘
14:44:17	9.45	-0.01	33	31184	卖盘
14:43:47	9.46	--	10	9460	买盘
14:43:41	9.46	--	0	0	中性盘
14:43:37	9.46	-0.01	10	9460	中性盘
14:43:32	9.47	--	500	473500	买盘
14:43:02	9.47	0.01	200	189400	买盘
14:42:56	9.46	0.01	100	94600	买盘
14:42:52	9.45	--	108	102059	买盘
14:42:47	9.45	--	0	0	买盘
14:42:41	9.45	0.02	200	189000	买盘
14:42:17	9.43	--	60	56580	卖盘
14:41:26	9.43	--	10	9430	卖盘
14:40:56	9.43	--	5	4715	卖盘
14:40:46	9.43	-0.01	1	943	卖盘
14:40:31	9.44	--	20	18880	买盘
14:40:26	9.44	--	0	0	买盘
14:39:11	9.44	0.02	22	20768	买盘
14:38:56	9.42	-0.01	255	240210	卖盘
14:38:46	9.43	--	16	15088	买盘
14:38:41	9.43	--	20	18860	买盘
14:38:16	9.43	--	34	32062	买盘
14:37:11	9.43	0.01	5	4715	买盘
14:37:01	9.42	-0.02	63	59346	卖盘
14:36:46	9.44	--	20	18880	买盘
14:36:05	9.44	--	21	19824	买盘
14:35:56	9.44	0.01	44	41536	买盘
14:35:46	9.43	-0.01	5	4715	卖盘
14:35:35	9.44	0.01	100	94400	买盘
14:35:31	9.43	--	10	9430	卖盘
14:35:16	9.43	--	91	85813	买盘
14:35:01	9.43	--	5	4715	买盘
14:34:50	9.43	0.01	86	81098	买盘
14:34:45	9.42	--	27	25434	卖盘
14:34:40	9.42	-0.01	34	32028	卖盘
14:34:25	9.43	0.01	53	49979	买盘
14:34:05	9.42	--	10	9420	卖盘
14:33:50	9.42	--	19	17898	卖盘
14:33:40	9.42	--	5	4710	卖盘
14:33:25	9.42	--	2	1884	卖盘
14:33:14	9.42	--	1	942	卖盘
14:33:10	9.42	--	44	41448	卖盘
14:33:05	9.42	--	109	102678	卖盘
14:32:59	9.42	--	56	52752	卖盘
14:32:20	9.42	--	0	0	卖盘
14:32:05	9.42	-0.02	38	35796	卖盘
14:31:55	9.44	--	0	0	买盘
14:31:50	9.44	0.01	4	3776	买盘
14:31:40	9.43	0.01	16	15088	买盘
14:31:35	9.42	--	63	59346	卖盘
14:31:20	9.42	--	0	0	卖盘
14:31:10	9.42	--	150	141300	卖盘
14:30:35	9.42	-0.03	100	94200	卖盘
14:30:29	9.45	--	0	0	买盘
14:30:05	9.45	--	20	18900	买盘
14:29:35	9.45	--	0	0	买盘
14:28:50	9.45	--	12	11340	卖盘
14:27:44	9.45	-0.01	10	9450	卖盘
14:27:38	9.46	0.01	3	2838	买盘
14:26:49	9.45	0.02	18	17010	买盘
14:26:44	9.43	--	13	12259	卖盘
14:26:34	9.43	--	19	17917	卖盘
14:26:29	9.43	-0.03	5	4715	卖盘
14:26:19	9.46	0.01	10	9460	买盘
14:26:14	9.45	--	1	944	买盘
14:25:59	9.45	-0.01	94	88830	卖盘
14:25:44	9.46	--	0	0	买盘
14:25:34	9.46	0.01	20	18920	买盘
14:24:34	9.45	--	10	9450	买盘
14:24:29	9.45	--	10	9450	买盘
14:24:19	9.45	-0.01	100	94500	卖盘
14:24:14	9.46	0.01	14	13244	买盘
14:23:44	9.45	-0.01	5	4725	卖盘
14:23:38	9.46	0.01	119	112574	买盘
14:23:19	9.45	--	1	944	卖盘
14:23:08	9.45	-0.02	28	26459	卖盘
14:22:44	9.47	--	0	0	买盘
14:22:38	9.47	0.01	54	51138	买盘
14:22:34	9.46	--	30	28380	卖盘
14:22:29	9.46	-0.01	20	18920	卖盘
14:22:14	9.47	0.01	30	28410	买盘
14:21:53	9.46	--	10	9460	卖盘
14:21:28	9.46	-0.01	10	9460	卖盘
14:21:23	9.47	0.01	30	28410	买盘
14:21:17	9.46	--	29	27434	卖盘
14:21:13	9.46	--	2	1892	中性盘
14:21:08	9.46	--	12	11352	卖盘
14:20:53	9.46	--	38	35948	买盘
14:20:47	9.46	--	11	10406	买盘
14:20:43	9.46	--	10	9460	买盘
14:20:38	9.46	--	27	25542	买盘
14:20:28	9.46	--	5	4730	买盘
14:20:17	9.46	0.01	11	10406	买盘
14:20:08	9.45	-0.02	10	9450	卖盘
14:19:38	9.47	0.01	30	28410	买盘
14:19:32	9.46	--	15	14190	卖盘
14:19:28	9.46	-0.01	15	14190	卖盘
14:19:23	9.47	0.01	97	91859	买盘
14:19:08	9.46	--	5	4730	卖盘
14:18:58	9.46	--	22	20812	买盘
14:18:53	9.46	0.01	14	13244	买盘
14:18:43	9.45	--	12	11340	卖盘
14:18:32	9.45	-0.01	23	21735	卖盘
14:18:23	9.46	--	3	2838	买盘
14:18:17	9.46	--	5	4730	买盘
14:18:08	9.46	-0.01	1	946	卖盘
14:17:43	9.47	--	83	78601	卖盘
14:17:38	9.47	--	9	8523	卖盘
14:17:13	9.47	0.02	43	40721	买盘
14:16:53	9.45	-0.02	31	29294	卖盘
14:16:43	9.47	--	59	55873	买盘
14:16:23	9.47	0.02	431	408157	买盘
14:15:56	9.45	0.01	317	299565	买盘
14:15:41	9.44	0.01	10	9440	买盘
14:15:02	9.43	--	10	9430	卖盘
14:14:47	9.43	--	17	16031	卖盘
14:13:47	9.43	--	7	6601	卖盘
14:13:22	9.43	-0.01	5	4715	卖盘
14:12:17	9.44	--	2	1888	买盘
14:12:07	9.44	--	63	59472	买盘
14:11:22	9.44	--	5	4720	买盘
14:11:17	9.44	0.01	1	944	买盘
14:11:11	9.43	-0.01	9	8487	卖盘
14:11:07	9.44	--	10	9440	买盘
14:11:02	9.44	--	0	0	买盘
14:10:41	9.44	0.03	32	30208	买盘
14:10:26	9.41	--	3	2823	卖盘
14:10:01	9.41	--	1	941	卖盘
14:09:41	9.41	-0.03	5	4705	卖盘
14:08:26	9.44	--	10	9440	买盘
14:08:20	9.44	--	10	9440	买盘
14:08:16	9.44	--	19	17936	卖盘
14:07:31	9.44	--	2	1888	买盘
14:07:26	9.44	--	15	14160	买盘
14:06:41	9.44	--	0	0	买盘
14:06:31	9.44	--	0	0	买盘
14:06:16	9.44	0.03	3	2832	买盘
14:05:46	9.41	--	157	147849	买盘
14:05:26	9.41	-0.01	464	436624	卖盘
14:05:11	9.42	--	40	37680	买盘
14:05:01	9.42	--	10	9420	卖盘
14:04:35	9.42	--	0	0	中性盘
14:04:31	9.42	--	0	0	买盘
14:03:15	9.42	--	3	2826	买盘
14:02:35	9.42	--	350	329700	卖盘
14:02:05	9.42	--	0	0	卖盘
14:01:50	9.42	--	10	9420	卖盘
14:01:40	9.42	--	118	111156	卖盘
14:01:25	9.42	--	6	5652	卖盘
14:01:10	9.42	--	30	28260	卖盘
14:01:05	9.42	--	2	1884	卖盘
14:00:10	9.42	--	20	18840	卖盘
14:00:05	9.42	--	1	942	卖盘
13:59:25	9.42	-0.01	4	3768	卖盘
13:59:20	9.43	--	74	69782	买盘
13:59:10	9.43	0.01	11	10373	买盘
13:58:59	9.42	-0.01	5	4710	卖盘
13:58:55	9.43	--	20	18860	买盘
13:58:40	9.43	--	11	10373	买盘
13:58:29	9.43	0.01	80	75440	买盘
13:58:20	9.42	--	2	1884	卖盘
13:57:55	9.42	--	10	9420	卖盘
13:57:50	9.42	--	1	942	卖盘
13:57:39	9.42	-0.01	26	24492	卖盘
13:57:19	9.43	--	64	60352	买盘
13:56:38	9.43	0.01	5	4715	买盘
13:56:34	9.42	--	18	16956	卖盘
13:56:19	9.42	--	2	1884	卖盘
13:56:04	9.42	--	1	942	卖盘
13:55:49	9.42	--	1	942	卖盘
13:55:44	9.42	-0.01	5	4710	卖盘
13:54:34	9.43	--	16	15088	买盘
13:54:29	9.43	-0.01	824	777032	卖盘
13:54:19	9.44	--	1	944	卖盘
13:53:59	9.44	--	0	0	卖盘
13:53:49	9.44	--	1	944	卖盘
13:53:44	9.44	--	2	1888	卖盘
13:53:19	9.44	--	1	944	卖盘
13:53:14	9.44	-0.01	5	4720	卖盘
13:52:59	9.45	--	5	4725	买盘
13:52:29	9.45	--	11	10395	买盘
13:52:19	9.45	--	1	944	买盘
13:52:08	9.45	-0.01	207	195614	卖盘
13:52:04	9.46	--	30	28380	买盘
13:51:59	9.46	0.01	17	16082	买盘
13:51:49	9.45	--	26	24569	卖盘
13:51:34	9.45	--	157	148365	买盘
13:51:19	9.45	--	0	0	买盘
13:51:03	9.45	0.02	200	189000	买盘
13:50:49	9.43	--	2	1886	买盘
13:50:29	9.43	0.01	16	15088	买盘
13:50:23	9.42	--	1	942	卖盘
13:49:53	9.42	--	1	942	卖盘
13:49:38	9.42	-0.01	4	3768	卖盘
13:49:23	9.43	--	19	17917	买盘
13:49:02	9.43	-0.02	60	56580	卖盘
13:48:47	9.45	0.01	50	47250	买盘
13:48:43	9.44	--	34	32096	卖盘
13:48:28	9.44	--	16	15104	卖盘
13:48:13	9.44	-0.01	6	5664	卖盘
13:47:58	9.45	0.01	20	18900	买盘
13:47:53	9.44	-0.01	1	944	卖盘
13:47:38	9.45	0.01	1	944	买盘
13:47:17	9.44	--	20	18880	卖盘
13:47:08	9.44	-0.01	5	4720	卖盘
13:46:43	9.45	--	5	4725	买盘
13:46:28	9.45	--	29	27404	买盘
13:46:13	9.45	0.01	24	22680	买盘
13:45:38	9.44	--	4	3776	买盘
13:45:28	9.44	--	10	9440	买盘
13:45:23	9.44	--	6	5664	买盘
13:45:08	9.44	0.01	19	17936	买盘
13:44:42	9.43	--	16	15088	买盘
13:44:23	9.43	0.01	11	10373	买盘
13:44:11	9.42	--	1	942	卖盘
13:43:56	9.42	--	23	21666	卖盘
13:43:52	9.42	0.01	14	13188	买盘
13:43:32	9.41	--	40	37640	卖盘
13:43:02	9.41	--	2	1882	卖盘
13:42:52	9.41	--	8	7528	卖盘
13:42:17	9.41	--	63	59283	卖盘
13:41:56	9.41	0.01	1	941	卖盘
13:41:52	9.4	--	0	0	卖盘
13:41:47	9.4	--	2	1880	卖盘
13:41:26	9.4	-0.02	285	267900	卖盘
13:41:07	9.42	0.01	35	32970	买盘
13:40:52	9.41	--	0	0	卖盘
13:40:17	9.41	-0.02	15	14576	卖盘
13:40:11	9.43	0.01	11	10373	买盘
13:40:02	9.42	0.01	6	5652	买盘
13:39:16	9.41	-0.01	1	941	卖盘
13:38:26	9.42	--	1	942	买盘
13:38:16	9.42	-0.01	5	4710	卖盘
13:38:01	9.43	--	5	4715	买盘
13:37:20	9.43	-0.01	252	237636	卖盘
13:37:01	9.44	--	2	1888	买盘
13:36:56	9.44	-0.01	1	944	买盘
13:36:31	9.45	--	0	0	买盘
13:34:41	9.45	0.01	22	20790	买盘
13:34:31	9.44	--	55	51920	卖盘
13:34:11	9.44	-0.01	10	9440	卖盘
13:33:46	9.45	--	0	0	买盘
13:32:55	9.45	0.01	33	31184	买盘
13:32:40	9.44	--	94	89510	卖盘
13:32:31	9.44	--	20	18880	卖盘
13:31:55	9.44	-0.01	3	2832	卖盘
13:31:40	9.45	0.01	18	17010	买盘
13:31:25	9.44	--	5	4720	卖盘
13:30:55	9.44	-0.01	2	1888	卖盘
13:30:50	9.45	0.01	3	2835	买盘
13:30:35	9.44	--	1	944	卖盘
13:30:25	9.44	--	20	18880	卖盘
13:30:14	9.44	-0.01	0	169	卖盘
13:29:55	9.45	--	5	5206	卖盘
13:29:35	9.45	--	1	944	卖盘
13:29:20	9.45	--	20	18900	卖盘
13:29:10	9.45	--	30	28813	买盘
13:28:55	9.45	--	303	286335	买盘
13:28:44	9.45	--	15	14174	买盘
13:28:40	9.45	0.01	54	51029	买盘
13:28:35	9.44	-0.01	26	24544	卖盘
13:28:10	9.45	--	82	78066	卖盘
13:28:05	9.45	-0.01	40	37800	卖盘
13:27:59	9.46	0.01	11	10406	买盘
13:27:50	9.45	-0.01	95	90143	卖盘
13:27:35	9.46	0.01	43	40678	买盘
13:27:29	9.45	-0.01	20	18900	卖盘
13:27:24	9.46	--	48	45408	买盘
13:26:55	9.46	--	396	374616	卖盘
13:26:40	9.46	-0.01	5	4730	卖盘
13:26:04	9.47	--	12	12216	卖盘
13:25:54	9.47	--	200	189400	卖盘
13:25:39	9.47	--	52	49244	卖盘
13:25:34	9.47	--	30	28410	卖盘
13:25:14	9.47	-0.01	1	947	卖盘
13:25:08	9.48	0.01	11	10428	买盘
13:24:59	9.47	--	5	4735	卖盘
13:24:49	9.47	--	9	8617	卖盘
13:24:44	9.47	-0.01	5	4735	卖盘
13:24:34	9.48	0.01	5	4740	买盘
13:24:23	9.47	-0.01	15	14205	卖盘
13:24:19	9.48	0.01	8	7584	买盘
13:24:14	9.47	--	33	31251	卖盘
13:24:04	9.47	-0.01	10	9470	卖盘
13:23:34	9.48	--	8	7584	买盘
13:22:59	9.48	0.01	3	2844	买盘
13:22:19	9.47	--	20	18940	卖盘
13:22:14	9.47	-0.01	2	1894	卖盘
13:21:44	9.48	--	5	4740	卖盘
13:21:34	9.48	--	1	948	卖盘
13:21:29	9.48	--	3	2844	卖盘
13:21:14	9.48	--	3	2844	卖盘
13:20:59	9.48	--	4	3792	卖盘
13:20:49	9.48	0.01	606	574488	买盘
13:20:38	9.47	--	17	16099	卖盘
13:20:33	9.47	-0.01	10	9470	卖盘
13:20:29	9.48	--	20	18960	买盘
13:20:18	9.48	--	16	15168	买盘
13:19:43	9.48	0.01	8	7584	买盘
13:19:23	9.47	-0.01	50	47350	卖盘
13:19:18	9.48	0.01	2	1896	买盘
13:19:13	9.47	--	37	35039	买盘
13:19:03	9.47	--	1	947	买盘
13:18:58	9.47	-0.01	75	71025	卖盘
13:18:23	9.48	0.01	7	6636	买盘
13:18:13	9.47	-0.01	25	23675	卖盘
13:17:58	9.48	--	10	9480	买盘
13:17:38	9.48	--	124	117552	买盘
13:17:28	9.48	0.02	50	47400	买盘
13:17:23	9.46	-0.01	48	45408	卖盘
13:17:17	9.47	-0.01	4	3788	卖盘
13:17:08	9.48	0.01	41	38868	买盘
13:16:47	9.47	--	4	3788	卖盘
13:16:32	9.47	--	10	9470	卖盘
13:16:23	9.47	--	2	1894	卖盘
13:16:17	9.47	--	261	247167	买盘
13:15:38	9.47	--	1	947	买盘
13:15:28	9.47	--	6	5682	买盘
13:14:58	9.47	--	1	947	买盘
13:14:47	9.47	--	5	4735	买盘
13:14:43	9.47	--	15	14205	买盘
13:14:28	9.47	--	6	5682	买盘
13:14:13	9.47	0.01	20	18940	买盘
13:13:57	9.46	--	79	74734	买盘
13:13:53	9.46	0.01	130	122980	买盘
13:13:42	9.45	--	2	1889	卖盘
13:13:17	9.45	-0.01	1	944	卖盘
13:13:07	9.46	0.01	10	9460	买盘
13:12:52	9.45	-0.01	1	944	卖盘
13:12:42	9.46	0.01	15	14190	买盘
13:12:22	9.45	--	14	13229	卖盘
13:12:12	9.45	--	10	9450	卖盘
13:11:57	9.45	--	10	9450	卖盘
13:11:47	9.45	--	20	18900	卖盘
13:11:42	9.45	--	12	11340	卖盘
13:11:26	9.45	--	10	9450	卖盘
13:11:22	9.45	--	29	27404	卖盘
13:11:11	9.45	--	21	19845	卖盘
13:11:07	9.45	--	3	2835	卖盘
13:10:56	9.45	--	6	5670	卖盘
13:10:37	9.45	--	24	22680	卖盘
13:10:07	9.45	--	6	5670	卖盘
13:09:56	9.45	--	42	39690	卖盘
13:09:52	9.45	-0.01	130	122849	卖盘
13:09:47	9.46	--	1	946	买盘
13:09:37	9.46	0.01	30	28380	买盘
13:09:32	9.45	--	51	48195	卖盘
13:09:02	9.45	-0.01	18	17010	卖盘
13:08:41	9.46	--	0	0	卖盘
13:08:37	9.46	--	49	46354	卖盘
13:08:17	9.46	--	2	1892	卖盘
13:08:07	9.46	--	200	189200	卖盘
13:07:41	9.46	-0.01	20	18920	卖盘
13:07:37	9.47	0.01	5	4735	买盘
13:07:22	9.46	--	1	946	卖盘
13:06:36	9.46	--	10	9460	卖盘
13:06:21	9.46	--	30	28380	卖盘
13:06:11	9.46	--	1	946	卖盘
13:06:06	9.46	--	5	4730	卖盘
13:06:01	9.46	--	11	10406	卖盘
13:05:51	9.46	--	3	2838	卖盘
13:05:46	9.46	--	50	47300	卖盘
13:05:31	9.46	0.01	9	8514	买盘
13:05:16	9.45	--	0	0	卖盘
13:05:06	9.45	-0.01	108	102059	卖盘
13:05:01	9.46	--	40	37840	卖盘
13:04:46	9.46	--	3	2838	卖盘
13:04:26	9.46	--	103	97438	卖盘
13:04:01	9.46	--	1	946	卖盘
13:03:50	9.46	--	6	5676	卖盘
13:03:46	9.46	--	6	5676	卖盘
13:03:41	9.46	--	36	34056	买盘
13:03:20	9.46	--	65	61490	卖盘
13:03:11	9.46	--	14	13244	卖盘
13:02:56	9.46	0.01	132	124872	买盘
13:02:50	9.45	--	29	27404	卖盘
13:02:41	9.45	--	120	113399	卖盘
13:02:20	9.45	-0.01	100	94500	卖盘
13:02:16	9.46	--	33	31218	买盘
13:01:56	9.46	0.01	10	9460	买盘
13:01:35	9.45	--	20	18900	卖盘
13:01:16	9.45	--	55	51974	买盘
13:01:11	9.45	--	12	11340	买盘
13:01:05	9.45	--	5	4725	买盘
13:00:15	9.45	0.01	13	12284	买盘
13:00:11	9.44	0.01	108	101952	卖盘
13:00:05	9.43	--	217	204631	卖盘
11:30:00	9.43	--	0	0	卖盘
11:29:59	9.43	--	0	0	卖盘
11:29:59	9.43	-0.01	15	14145	卖盘
11:29:40	9.44	--	3	2832	买盘
11:29:31	9.44	--	19	17936	卖盘
11:29:25	9.44	-0.01	1	944	卖盘
11:29:21	9.45	0.01	73	68985	买盘
11:29:16	9.44	--	33	31152	买盘
11:29:01	9.44	--	20	18880	买盘
11:28:51	9.44	-0.01	64	60416	卖盘
11:28:36	9.45	--	3	2835	买盘
11:28:31	9.45	-0.01	55	51974	卖盘
11:28:21	9.46	0.01	11	10406	买盘
11:28:16	9.45	-0.01	333	314685	卖盘
11:28:10	9.46	0.01	607	574222	买盘
11:28:06	9.45	-0.01	17	16064	卖盘
11:28:01	9.46	--	57	53922	买盘
11:27:55	9.46	0.01	3	2838	中性盘
11:27:51	9.45	-0.01	223	210734	卖盘
11:27:40	9.46	--	101	95546	买盘
11:27:36	9.46	--	0	0	中性盘
11:27:31	9.46	0.01	10	9460	买盘
11:27:25	9.45	-0.01	1	944	卖盘
11:27:10	9.46	--	20	18920	买盘
11:27:06	9.46	-0.01	137	129602	卖盘
11:26:40	9.47	0.01	25	23675	买盘
11:26:31	9.46	-0.01	2	1892	中性盘
11:26:21	9.47	0.01	102	96594	买盘
11:26:16	9.46	-0.01	211	199606	卖盘
11:26:06	9.47	--	23	21781	买盘
11:26:01	9.47	--	25	23675	卖盘
11:25:55	9.47	--	3	2841	卖盘
11:25:46	9.47	-0.01	41	38827	卖盘
11:25:40	9.48	--	39	36972	买盘
11:25:36	9.48	--	4	3792	买盘
11:25:31	9.48	0.01	10	9480	买盘
11:25:21	9.47	-0.01	22	20834	卖盘
11:25:16	9.48	0.01	172	163056	买盘
11:25:10	9.47	-0.01	2	1894	卖盘
11:25:01	9.48	--	5	4740	买盘
11:24:55	9.48	--	5	4740	买盘
11:24:51	9.48	-0.01	228	216144	卖盘
11:24:46	9.49	0.01	16	15184	买盘
11:24:40	9.48	-0.01	500	474000	卖盘
11:24:36	9.49	--	177	167973	买盘
11:24:31	9.49	--	50	47450	买盘
11:24:25	9.49	--	54	51246	买盘
11:24:20	9.49	--	63	59787	买盘
11:24:16	9.49	0.02	30	28470	买盘
11:24:04	9.47	--	0	0	卖盘
11:24:01	9.47	-0.01	85	80495	卖盘
11:23:55	9.48	0.01	20	18960	买盘
11:23:46	9.47	-0.03	20	18940	卖盘
11:23:40	9.5	0.02	731	695276	买盘
11:23:34	9.48	0.02	237	224799	买盘
11:23:31	9.46	-0.01	35	33110	卖盘
11:23:25	9.47	0.01	24	22728	买盘
11:23:19	9.46	-0.01	41	38786	卖盘
11:23:16	9.47	--	30	28410	买盘
11:23:10	9.47	--	82	77654	买盘
11:23:04	9.47	--	0	0	买盘
11:23:00	9.47	0.02	81	76707	买盘
11:22:55	9.45	--	208	196559	卖盘
11:22:45	9.45	0.03	158	149310	买盘
11:22:40	9.42	--	100	94200	卖盘
11:22:34	9.42	--	0	0	卖盘
11:22:30	9.42	0.01	510	480420	买盘
11:22:15	9.41	--	80	75280	买盘
11:22:10	9.41	0.01	80	75280	买盘
11:22:00	9.4	0.01	552	518880	买盘
11:21:45	9.39	0.03	369	346491	买盘
11:21:40	9.36	--	2	1872	卖盘
11:21:30	9.36	--	70	65519	卖盘
11:21:15	9.36	-0.01	30	28080	卖盘
11:21:10	9.37	0.01	2	1873	买盘
11:21:04	9.36	--	49	45864	买盘
11:21:00	9.36	--	1	936	买盘
11:20:55	9.36	--	50	46800	买盘
11:20:49	9.36	--	230	215280	卖盘
11:20:45	9.36	-0.01	1	936	卖盘
11:20:40	9.37	--	5	4685	买盘
11:20:34	9.37	--	80	74960	买盘
11:19:55	9.37	--	6	5621	买盘
11:19:30	9.37	--	40	37480	买盘
11:19:15	9.37	--	7	6558	买盘
11:18:55	9.37	--	52	48723	买盘
11:18:40	9.37	0.01	22	20614	买盘
11:18:34	9.36	-0.01	300	280800	卖盘
11:18:25	9.37	0.01	10	9370	中性盘
11:18:15	9.36	-0.02	40	37440	卖盘
11:18:10	9.38	0.01	50	46900	买盘
11:18:04	9.37	0.01	22	20614	买盘
11:17:55	9.36	-0.01	5	4680	卖盘
11:17:49	9.37	0.01	35	32795	买盘
11:17:40	9.36	-0.01	45	42120	卖盘
11:17:34	9.37	--	3	2810	买盘
11:17:28	9.37	0.01	10	9370	买盘
11:17:19	9.36	--	100	93600	卖盘
11:17:13	9.36	0.01	51	47736	买盘
11:17:04	9.35	--	42	39270	买盘
11:16:58	9.35	--	170	158950	买盘
11:16:43	9.35	--	4	3740	买盘
11:16:39	9.35	--	1	935	买盘
11:16:34	9.35	--	44	41140	买盘
11:16:28	9.35	--	5	4675	买盘
11:16:24	9.35	--	107	100045	买盘
11:16:19	9.35	--	2	1870	买盘
11:16:13	9.35	--	20	18700	买盘
11:16:09	9.35	0.01	23	21505	买盘
11:15:54	9.34	0.01	325	303550	买盘
11:15:34	9.33	--	68	63444	买盘
11:15:19	9.33	--	70	65310	买盘
11:15:13	9.33	--	508	473964	买盘
11:15:04	9.33	0.01	22	20526	买盘
11:14:54	9.32	--	2	1864	买盘
11:14:43	9.32	-0.01	98	91336	卖盘
11:14:09	9.33	0.01	20	18660	买盘
11:13:49	9.32	0.01	173	161236	买盘
11:13:34	9.31	-0.01	36	33655	中性盘
11:13:24	9.32	--	0	0	买盘
11:13:19	9.32	--	5	4660	买盘
11:13:09	9.32	--	0	0	买盘
11:13:04	9.32	--	8	7456	买盘
11:12:49	9.32	--	13	12116	买盘
11:12:34	9.32	0.02	22	20504	买盘
11:12:24	9.3	-0.02	7	6510	卖盘
11:12:19	9.32	--	37	34484	买盘
11:12:09	9.32	--	0	0	买盘
11:12:04	9.32	--	59	54988	买盘
11:11:54	9.32	--	1	932	买盘
11:11:49	9.32	--	26	24232	买盘
11:11:34	9.32	--	26	24232	买盘
11:11:19	9.32	--	27	25164	买盘
11:11:04	9.32	--	39	36348	买盘
11:10:49	9.32	--	60	55920	买盘
11:10:34	9.32	0.02	10	9320	买盘
11:10:18	9.3	-0.02	11	10230	卖盘
11:10:03	9.32	--	15	13980	买盘
11:09:48	9.32	0.01	27	25164	买盘
11:09:33	9.31	--	4	3724	买盘
11:09:28	9.31	--	11	10241	买盘
11:09:18	9.31	--	9	8379	买盘
11:09:03	9.31	0.01	16	14896	买盘
11:08:58	9.3	-0.01	10	9300	卖盘
11:08:48	9.31	--	28	26068	买盘
11:08:33	9.31	-0.01	43	40033	卖盘
11:08:18	9.32	--	39	36348	买盘
11:07:58	9.32	--	0	0	中性盘
11:07:33	9.32	--	0	0	卖盘
11:07:03	9.32	--	28	26962	买盘
11:06:58	9.32	0.01	450	419400	买盘
11:06:48	9.31	-0.01	61	56791	卖盘
11:06:33	9.32	--	60	55920	买盘
11:06:18	9.32	0.01	60	55920	买盘
11:06:13	9.31	-0.01	71	66101	卖盘
11:06:03	9.32	--	60	55920	买盘
11:05:48	9.32	--	60	55920	买盘
11:05:32	9.32	0.01	60	55920	买盘
11:05:28	9.31	--	70	65170	卖盘
11:05:18	9.31	-0.01	80	74480	卖盘
11:05:01	9.32	--	60	55920	买盘
11:04:46	9.32	--	2	1864	买盘
11:04:31	9.32	--	3	2796	买盘
11:04:16	9.32	0.01	6	5592	买盘
11:04:12	9.31	-0.01	15	13965	卖盘
11:04:01	9.32	--	11	10252	买盘
11:03:46	9.32	--	14	13048	买盘
11:03:31	9.32	--	20	18640	买盘
11:03:16	9.32	0.01	4	3728	买盘
11:03:12	9.31	-0.01	270	251370	卖盘
11:03:01	9.32	0.01	5	4660	买盘
11:02:52	9.31	-0.01	1	931	卖盘
11:02:46	9.32	--	10	9320	买盘
11:02:42	9.32	0.01	10	9320	买盘
11:02:31	9.31	-0.01	31	28861	卖盘
11:02:12	9.32	--	35	32620	买盘
11:01:57	9.32	0.01	5	4660	买盘
11:01:52	9.31	-0.01	22	20482	卖盘
11:01:42	9.32	--	7	6524	买盘
11:01:37	9.32	--	20	18640	买盘
11:01:27	9.32	--	25	23300	买盘
11:01:12	9.32	--	49	45668	买盘
11:00:57	9.32	--	60	55920	买盘
11:00:42	9.32	--	150	139865	卖盘
10:59:01	9.32	--	1	932	卖盘
10:58:40	9.32	--	8	7456	卖盘
10:58:10	9.32	--	5	4660	卖盘
10:57:40	9.32	--	1	932	卖盘
10:57:36	9.32	--	0	866	卖盘
10:56:55	9.32	--	10	9320	卖盘
10:56:36	9.32	--	87	81084	卖盘
10:55:51	9.32	-0.01	10	9320	卖盘
10:55:40	9.33	--	10	9330	买盘
10:55:36	9.33	0.01	10	9330	买盘
10:55:21	9.32	-0.01	67	62444	卖盘
10:54:01	9.33	--	11	10263	买盘
10:53:40	9.33	--	5	4665	买盘
10:53:36	9.33	--	3	2799	买盘
10:53:16	9.33	0.01	4	3732	买盘
10:51:30	9.32	--	200	186400	卖盘
10:51:25	9.32	--	8	7456	卖盘
10:50:49	9.32	--	5	4660	卖盘
10:50:04	9.32	--	5	4660	卖盘
10:50:00	9.32	-0.01	14	13048	卖盘
10:49:55	9.33	--	15	13995	买盘
10:49:34	9.33	--	2	1866	买盘
10:48:45	9.33	0.01	35	32655	买盘
10:48:40	9.32	-0.01	25	23300	卖盘
10:48:25	9.33	--	58	54114	买盘
10:48:19	9.33	0.01	100	93300	买盘
10:48:04	9.32	--	20	18640	卖盘
10:47:55	9.32	--	72	67104	卖盘
10:47:49	9.32	-0.01	100	93200	卖盘
10:47:25	9.33	0.01	1	933	买盘
10:45:40	9.32	--	1	932	卖盘
10:45:34	9.32	--	28	26096	卖盘
10:44:58	9.32	--	34	31688	卖盘
10:44:19	9.32	-0.01	10	9320	卖盘
10:44:04	9.33	0.01	10	9330	买盘
10:43:54	9.32	-0.01	6	5592	卖盘
10:43:34	9.33	--	20	18660	买盘
10:41:54	9.33	0.01	180	167940	买盘
10:39:43	9.32	--	33	30756	买盘
10:39:28	9.32	--	20	18640	买盘
10:39:13	9.32	--	34	31688	买盘
10:38:58	9.32	--	44	41008	买盘
10:38:43	9.32	--	9	8388	买盘
10:38:28	9.32	--	15	14418	买盘
10:38:13	9.32	--	25	23300	买盘
10:37:58	9.32	0.01	33	30756	买盘
10:37:48	9.31	--	6	5586	买盘
10:37:43	9.31	--	1	931	买盘
10:37:28	9.31	--	1	931	买盘
10:37:13	9.31	--	3	2793	买盘
10:36:58	9.31	0.01	3	2793	买盘
10:36:43	9.3	--	12	11160	卖盘
10:36:33	9.3	-0.01	10	9300	卖盘
10:36:28	9.31	--	11	10241	买盘
10:36:13	9.31	--	36	33516	买盘
10:35:58	9.31	--	41	38171	买盘
10:35:43	9.31	--	2	1862	买盘
10:35:28	9.31	--	6	5586	买盘
10:35:18	9.31	--	10	9310	买盘
10:35:13	9.31	--	12	11172	买盘
10:34:58	9.31	--	21	19551	买盘
10:34:43	9.31	--	36	33516	买盘
10:34:28	9.31	--	28	26068	买盘
10:34:13	9.31	--	45	41895	买盘
10:33:58	9.31	0.01	8	7448	买盘
10:33:48	9.3	-0.01	2	1860	卖盘
10:33:43	9.31	--	7	6517	买盘
10:33:28	9.31	--	12	11172	买盘
10:33:13	9.31	--	17	15827	买盘
10:33:07	9.31	--	11	10241	买盘
10:32:58	9.31	--	24	22344	买盘
10:32:43	9.31	--	41	38171	买盘
10:32:12	9.31	--	8	7448	买盘
10:32:07	9.31	--	20	18620	买盘
10:31:57	9.31	--	15	13965	买盘
10:31:42	9.31	--	21	19551	买盘
10:31:27	9.31	0.01	69	64239	买盘
10:31:22	9.3	-0.01	160	148800	卖盘
10:31:12	9.31	--	73	67963	买盘
10:30:57	9.31	--	60	55860	买盘
10:30:42	9.31	--	60	55860	买盘
10:30:37	9.31	-0.01	6	5586	卖盘
10:30:27	9.32	--	49	45668	买盘
10:30:12	9.32	--	20	18640	买盘
10:30:07	9.32	--	11	10252	买盘
10:29:57	9.32	--	1	932	买盘
10:29:42	9.32	--	3	2796	买盘
10:29:27	9.32	--	2	1864	买盘
10:29:12	9.32	--	6	5592	买盘
10:28:57	9.32	--	3	2796	买盘
10:28:52	9.32	--	0	0	买盘
10:28:42	9.32	--	26	24232	买盘
10:28:27	9.32	--	11	10252	买盘
10:28:16	9.32	--	0	0	买盘
10:28:12	9.32	0.01	18	16776	买盘
10:27:57	9.31	--	1	931	买盘
10:27:46	9.31	--	1	931	买盘
10:27:42	9.31	--	1	931	买盘
10:27:31	9.31	--	7	6517	卖盘
10:27:21	9.31	--	7	6517	买盘
10:27:10	9.31	--	4	3724	买盘
10:26:55	9.31	--	7	6517	买盘
10:26:40	9.31	0.01	13	12103	买盘
10:26:36	9.3	-0.01	5	4650	卖盘
10:26:31	9.31	--	25	23275	买盘
10:26:25	9.31	0.01	35	32585	买盘
10:26:16	9.3	--	5	4650	卖盘
10:26:01	9.3	--	50	46500	卖盘
10:25:46	9.3	--	72	66960	卖盘
10:25:31	9.3	--	3	2790	卖盘
10:25:21	9.3	--	46	42789	卖盘
10:24:51	9.3	--	6	5580	卖盘
10:24:46	9.3	--	80	74400	卖盘
10:24:40	9.3	--	2	1860	卖盘
10:24:31	9.3	0.01	70	65100	买盘
10:24:06	9.29	--	0	0	卖盘
10:23:36	9.29	--	20	18580	买盘
10:23:31	9.29	--	1	928	卖盘
10:23:21	9.29	--	1	928	买盘
10:23:16	9.29	-0.01	99	91970	卖盘
10:23:01	9.3	0.01	11	10230	买盘
10:22:36	9.29	0.01	13	12076	卖盘
10:22:06	9.28	--	0	0	卖盘
10:22:01	9.28	--	133	123423	卖盘
10:21:51	9.28	--	50	46400	卖盘
10:21:46	9.28	--	204	189312	卖盘
10:21:31	9.28	-0.01	38	35264	卖盘
10:21:20	9.29	0.01	29	26940	买盘
10:21:10	9.28	--	2	1855	卖盘
10:21:05	9.28	--	68	63243	卖盘
10:20:49	9.28	--	118	109503	卖盘
10:20:19	9.28	-0.01	5	4640	卖盘
10:20:15	9.29	--	0	0	中性盘
10:20:10	9.29	--	22	20437	卖盘
10:20:04	9.29	--	1	928	卖盘
10:20:00	9.29	--	57	52952	卖盘
10:19:55	9.29	--	103	95686	卖盘
10:19:40	9.29	-0.01	109	101260	卖盘
10:19:34	9.3	--	0	0	卖盘
10:19:30	9.3	--	90	83700	卖盘
10:19:25	9.3	-0.02	112	104160	卖盘
10:19:10	9.32	0.01	7	6524	买盘
10:18:55	9.31	--	0	0	买盘
10:18:45	9.31	--	24	22344	卖盘
10:17:30	9.31	--	2	1862	卖盘
10:17:25	9.31	--	3	2793	卖盘
10:17:15	9.31	--	27	25137	卖盘
10:16:25	9.31	--	3	2793	卖盘
10:15:34	9.31	--	4	3724	卖盘
10:15:30	9.31	0.01	11	10241	买盘
10:15:25	9.3	-0.01	7	6510	卖盘
10:15:19	9.31	0.01	10	9310	买盘
10:14:55	9.3	--	2	1860	卖盘
10:14:28	9.3	--	50	46500	卖盘
10:13:54	9.3	--	0	0	卖盘
10:13:49	9.3	--	75	69750	卖盘
10:13:09	9.3	-0.01	1	930	卖盘
10:13:04	9.31	--	4	3724	买盘
10:12:34	9.31	--	45	41895	卖盘
10:11:54	9.31	--	5	4655	卖盘
10:10:49	9.31	--	2	1862	卖盘
10:10:39	9.31	-0.01	7	6517	卖盘
10:10:34	9.32	0.01	7	6524	买盘
10:10:24	9.31	--	20	18620	卖盘
10:09:34	9.31	--	7	6517	买盘
10:08:58	9.31	--	7	6517	买盘
10:08:38	9.31	--	1	931	买盘
10:08:18	9.31	--	5	4655	卖盘
10:07:43	9.31	0.01	21	19551	买盘
10:07:28	9.3	--	5	4650	卖盘
10:07:18	9.3	0.01	135	125550	买盘
10:07:03	9.29	--	18	16722	卖盘
10:06:33	9.29	--	1	928	买盘
10:06:22	9.29	0.01	60	55739	买盘
10:06:18	9.28	-0.01	4	3711	卖盘
10:06:13	9.29	--	5	4645	买盘
10:05:58	9.29	--	353	327936	卖盘
10:05:48	9.29	--	10	9290	卖盘
10:05:18	9.29	--	23	21366	卖盘
10:05:03	9.29	--	5	4645	卖盘
10:04:58	9.29	--	10	9290	卖盘
10:04:18	9.29	--	90	83609	卖盘
10:04:13	9.29	-0.01	5	4645	卖盘
10:03:58	9.3	0.01	22	20460	买盘
10:03:48	9.29	0.01	32	29727	买盘
10:03:37	9.28	-0.01	52	48256	卖盘
10:03:33	9.29	--	10	9290	买盘
10:03:03	9.29	--	21	19509	买盘
10:02:58	9.29	--	8	7431	买盘
10:02:33	9.29	0.01	5	4645	买盘
10:02:27	9.28	-0.01	15	13919	卖盘
10:02:22	9.29	--	23	21366	卖盘
10:02:16	9.29	--	122	113337	卖盘
10:02:02	9.29	--	40	37160	卖盘
10:01:57	9.29	-0.01	10	9290	卖盘
10:01:52	9.3	0.01	10	9300	买盘
10:01:37	9.29	-0.02	112	104047	卖盘
10:00:57	9.31	--	101	94031	卖盘
10:00:52	9.31	--	0	0	卖盘
10:00:37	9.31	--	1	931	卖盘
10:00:27	9.31	--	115	107065	买盘
10:00:22	9.31	--	10	9310	买盘
10:00:07	9.31	--	31	28861	卖盘
10:00:01	9.31	--	52	48412	卖盘
09:59:52	9.31	--	20	18620	买盘
09:59:46	9.31	--	75	69825	卖盘
09:59:27	9.31	--	3	2793	卖盘
09:59:07	9.31	--	5	4655	卖盘
09:58:57	9.31	--	10	9310	卖盘
09:58:52	9.31	-0.01	130	121030	卖盘
09:58:37	9.32	--	12	11184	买盘
09:58:22	9.32	--	37	34484	卖盘
09:58:12	9.32	--	35	32620	卖盘
09:58:07	9.32	-0.01	135	125820	卖盘
09:57:57	9.33	--	1	933	买盘
09:57:52	9.33	--	56	52248	卖盘
09:57:46	9.33	--	77	71841	卖盘
09:57:42	9.33	--	88	82104	卖盘
09:57:37	9.33	--	149	139017	卖盘
09:57:16	9.33	--	6	5598	卖盘
09:57:01	9.33	-0.01	5	4665	卖盘
09:56:46	9.34	0.01	3	2802	买盘
09:56:37	9.33	--	0	0	卖盘
09:56:22	9.33	-0.01	41	38253	卖盘
09:56:07	9.34	--	17	15878	买盘
09:56:01	9.34	--	18	16812	买盘
09:55:57	9.34	0.01	8	7472	买盘
09:55:42	9.33	-0.01	60	55980	卖盘
09:55:36	9.34	--	1	934	买盘
09:55:11	9.34	--	42	39228	卖盘
09:55:01	9.34	--	12	11208	买盘
09:54:46	9.34	--	50	46700	买盘
09:54:40	9.34	-0.01	50	46700	卖盘
09:54:36	9.35	--	0	0	买盘
09:54:31	9.35	0.01	39	36465	买盘
09:54:01	9.34	0.01	74	69116	买盘
09:53:31	9.33	--	5	4665	卖盘
09:53:25	9.33	-0.01	5	4665	卖盘
09:53:21	9.34	0.01	100	93400	买盘
09:52:51	9.33	--	3	2799	卖盘
09:52:31	9.33	--	8	7464	卖盘
09:52:10	9.33	--	20	18660	卖盘
09:52:06	9.33	--	10	9330	卖盘
09:51:16	9.33	-0.01	18	16794	卖盘
09:51:06	9.34	--	5	4670	买盘
09:50:51	9.34	--	4	3736	卖盘
09:50:40	9.34	--	1	934	买盘
09:50:21	9.34	--	19	17746	卖盘
09:50:16	9.34	--	1	934	卖盘
09:50:10	9.34	--	42	39228	卖盘
09:50:06	9.34	-0.01	23	21482	卖盘
09:50:01	9.35	0.01	1	935	买盘
09:49:46	9.34	-0.01	1	934	卖盘
09:49:15	9.35	0.01	1	935	买盘
09:48:45	9.34	--	10	9340	卖盘
09:48:36	9.34	--	7	6538	卖盘
09:48:30	9.34	--	12	11208	卖盘
09:48:25	9.34	--	3	2802	卖盘
09:48:04	9.34	--	32	29888	卖盘
09:47:45	9.34	0.01	34	31756	买盘
09:47:34	9.33	-0.01	50	46650	卖盘
09:47:25	9.34	0.01	85	79390	买盘
09:47:19	9.33	-0.01	7	6531	卖盘
09:47:00	9.34	0.01	5	4670	买盘
09:46:55	9.33	--	3	2799	卖盘
09:46:40	9.33	--	22	20526	卖盘
09:46:30	9.33	--	1	933	卖盘
09:46:25	9.33	--	36	33588	卖盘
09:46:15	9.33	--	32	29856	卖盘
09:46:00	9.33	--	22	20526	卖盘
09:45:55	9.33	-0.01	23	21459	卖盘
09:45:49	9.34	0.01	10	9340	买盘
09:45:45	9.33	-0.01	13	12129	卖盘
09:45:30	9.34	-0.01	299	279266	卖盘
09:45:25	9.35	--	1	935	买盘
09:45:15	9.35	0.01	20	18700	买盘
09:45:00	9.34	--	8	7472	卖盘
09:44:30	9.34	--	7	6538	卖盘
09:44:10	9.34	-0.01	63	58842	卖盘
09:44:00	9.35	0.01	4	3740	买盘
09:43:55	9.34	-0.01	50	46700	卖盘
09:43:40	9.35	--	36	33660	买盘
09:43:19	9.35	--	5	4675	买盘
09:42:49	9.35	--	10	9350	买盘
09:42:30	9.35	--	4	3740	买盘
09:42:19	9.35	--	11	10285	买盘
09:42:14	9.35	0.01	1	935	买盘
09:42:09	9.34	--	1	934	卖盘
09:41:49	9.34	--	20	18680	卖盘
09:41:43	9.34	--	12	11208	卖盘
09:41:09	9.34	-0.01	3	2802	卖盘
09:40:54	9.35	--	5	4675	买盘
09:40:24	9.35	0.02	9	8415	买盘
09:40:04	9.33	--	8	7464	卖盘
09:39:54	9.33	--	3	2799	卖盘
09:39:19	9.33	-0.02	1	933	卖盘
09:38:58	9.35	--	2	1870	买盘
09:38:54	9.35	--	0	0	买盘
09:38:49	9.35	0.02	100	93500	买盘
09:38:43	9.33	--	15	13995	买盘
09:38:39	9.33	--	19	17727	卖盘
09:38:28	9.33	--	20	18660	卖盘
09:38:04	9.33	--	30	27990	卖盘
09:37:39	9.33	-0.02	2	1866	卖盘
09:37:34	9.35	0.02	10	9350	买盘
09:37:24	9.33	--	4	3732	卖盘
09:36:09	9.33	-0.02	5	4665	卖盘
09:36:03	9.35	0.02	5	4675	买盘
09:35:54	9.33	--	22	20526	卖盘
09:35:43	9.33	-0.02	9	8397	卖盘
09:35:39	9.35	0.02	1	935	买盘
09:35:28	9.33	-0.02	2	1866	卖盘
09:35:13	9.35	--	7	6545	卖盘
09:34:43	9.35	--	5	4675	卖盘
09:34:37	9.35	--	18	16830	卖盘
09:34:33	9.35	--	0	0	卖盘
09:34:22	9.35	--	10	9350	卖盘
09:34:03	9.35	--	62	57970	卖盘
09:33:58	9.35	--	0	0	卖盘
09:33:43	9.35	-0.01	100	93500	卖盘
09:33:37	9.36	--	10	9360	买盘
09:33:33	9.36	--	6	5616	买盘
09:33:13	9.36	-0.02	37	34632	卖盘
09:32:48	9.38	--	8	7504	买盘
09:32:37	9.38	--	25	23450	买盘
09:31:37	9.38	0.02	1	938	买盘
09:30:28	9.36	--	1	936	卖盘
09:30:18	9.36	--	61	57096	卖盘
09:30:07	9.36	--	40	37440	买盘
09:28:57	9.36	--	0	0	买盘
09:25:06	9.36	9.36	24	22464	买盘
