成交时间	成交价	价格变动	成交量(手)	成交额(元)	性质
15:00:00	29.31	--	0	0	买盘
15:00:00	29.31	0.02	0	0	买盘
14:59:59	29.29	-0.01	35	102515	卖盘
14:59:53	29.3	--	0	0	买盘
14:59:49	29.3	--	49	143570	买盘
14:59:44	29.3	--	7	20510	买盘
14:59:38	29.3	--	6	17580	买盘
14:59:29	29.3	--	24	70320	卖盘
14:59:23	29.3	--	31	90830	卖盘
14:59:19	29.3	-0.17	3	8790	卖盘
14:59:14	29.47	0.19	601	1771147	买盘
14:59:08	29.28	-0.07	166	486048	卖盘
14:59:04	29.35	0.07	105	308175	买盘
14:58:59	29.28	-0.07	7	20496	卖盘
14:58:53	29.35	0.05	36	105660	买盘
14:58:49	29.3	-0.02	41	120716	卖盘
14:58:44	29.32	0.02	49	146013	中性盘
14:58:38	29.3	-0.05	1118	3275740	卖盘
14:58:34	29.35	0.05	31	90985	买盘
14:58:29	29.3	--	10	29300	卖盘
14:58:23	29.3	-0.05	7	20510	卖盘
14:58:19	29.35	0.07	57	167295	买盘
14:58:14	29.28	-0.01	8	23424	中性盘
14:58:08	29.29	--	2	5858	买盘
14:58:04	29.29	0.01	10	29290	买盘
14:57:59	29.28	-0.07	3	8784	卖盘
14:57:53	29.35	--	27	79245	卖盘
14:57:49	29.35	--	14	41090	买盘
14:57:44	29.35	0.06	23	67505	买盘
14:57:38	29.29	-0.07	21	61509	卖盘
14:57:34	29.36	--	43	126248	买盘
14:57:29	29.36	--	13	38168	买盘
14:57:23	29.36	0.01	607	1782152	买盘
14:57:19	29.35	-0.04	52	152620	卖盘
14:57:14	29.39	-0.01	8	23512	中性盘
14:57:08	29.4	--	2	5880	买盘
14:57:04	29.4	--	86	252840	中性盘
14:56:53	29.4	-0.03	24	70560	卖盘
14:56:49	29.43	--	16	47088	买盘
14:56:44	29.43	-0.02	16	47088	买盘
14:56:38	29.45	--	164	482980	卖盘
14:56:34	29.45	--	18	53010	卖盘
14:56:29	29.45	--	11	32395	卖盘
14:56:23	29.45	--	158	465310	买盘
14:56:19	29.45	0.01	89	262105	买盘
14:56:14	29.44	--	44	129536	卖盘
14:56:08	29.44	--	68	200192	卖盘
14:56:04	29.44	-0.03	22	64768	卖盘
14:55:59	29.47	--	18	53046	买盘
14:55:53	29.47	--	81	238707	买盘
14:55:48	29.47	--	27	79569	买盘
14:55:44	29.47	-0.02	19	57761	卖盘
14:55:38	29.49	0.02	57	169272	买盘
14:55:34	29.47	--	40	117880	卖盘
14:55:28	29.47	--	5	14735	卖盘
14:55:23	29.47	--	0	0	卖盘
14:55:17	29.47	--	6	17682	卖盘
14:55:08	29.47	-0.03	59	173873	卖盘
14:55:02	29.5	--	47	138650	卖盘
14:54:58	29.5	--	11	32450	卖盘
14:54:53	29.5	0.06	203	598850	买盘
14:54:47	29.44	-0.06	13	38272	中性盘
14:54:43	29.5	--	58	171100	买盘
14:54:38	29.5	--	85	250750	买盘
14:54:32	29.5	-0.02	759	2239050	卖盘
14:54:28	29.52	0.01	61	180072	中性盘
14:54:23	29.51	--	33	97383	卖盘
14:54:17	29.51	0.01	30	88530	中性盘
14:54:13	29.5	--	13	38350	买盘
14:54:08	29.5	--	70	206500	买盘
14:54:02	29.5	--	10	29500	买盘
14:53:58	29.5	0.08	57	168150	买盘
14:53:53	29.42	--	20	58840	卖盘
14:53:47	29.42	0.03	31	91202	买盘
14:53:38	29.39	-0.03	20	58780	中性盘
14:53:32	29.42	0.07	79	232418	买盘
14:53:28	29.35	--	0	0	卖盘
14:53:23	29.35	--	2	5870	卖盘
14:53:17	29.35	-0.2	10	29350	卖盘
14:53:13	29.55	0.2	609	1799595	买盘
14:53:08	29.35	--	0	0	买盘
14:53:02	29.35	0.09	32	93920	买盘
14:52:58	29.26	-0.02	4	11704	卖盘
14:52:53	29.28	--	28	81984	买盘
14:52:47	29.28	-0.19	23	67344	中性盘
14:52:43	29.47	0.19	300	884100	买盘
14:52:32	29.28	-0.07	10	29280	卖盘
14:52:28	29.35	-0.05	6	17610	中性盘
14:52:23	29.4	0.12	40	117600	买盘
14:52:17	29.28	-0.03	5	14640	卖盘
14:52:13	29.31	0.03	5	14655	中性盘
14:52:08	29.28	0.03	17	49776	买盘
14:52:02	29.25	--	17	49725	卖盘
14:51:58	29.25	0.01	20	58500	卖盘
14:51:53	29.24	-0.01	60	175440	卖盘
14:51:47	29.25	0.01	9	26325	买盘
14:51:43	29.24	-0.01	5	14620	卖盘
14:51:38	29.25	--	9	26325	买盘
14:51:28	29.25	0.01	114	333450	买盘
14:51:17	29.24	--	24	70176	卖盘
14:51:13	29.24	-0.01	2	5848	卖盘
14:51:08	29.25	--	0	0	卖盘
14:51:02	29.25	--	1	2925	卖盘
14:50:58	29.25	0.05	138	403650	买盘
14:50:53	29.2	--	19	55480	买盘
14:50:47	29.2	--	47	137240	买盘
14:50:43	29.2	--	11	32120	买盘
14:50:32	29.2	0.02	86	251120	买盘
14:50:28	29.18	-0.37	103	300554	中性盘
14:50:23	29.55	--	0	0	买盘
14:50:17	29.55	0.43	1170	3457350	买盘
14:50:13	29.12	--	0	0	卖盘
14:50:08	29.12	-0.08	67	195104	卖盘
14:49:58	29.2	--	9	26280	买盘
14:49:53	29.2	0.07	22	64240	买盘
14:49:47	29.13	--	2	5826	卖盘
14:49:43	29.13	0.01	5	14565	中性盘
14:49:38	29.12	-0.01	16	46592	卖盘
14:49:32	29.13	0.01	634	1846842	买盘
14:49:27	29.12	--	29	84448	买盘
14:49:17	29.12	0.01	50	145600	买盘
14:49:13	29.11	--	0	0	卖盘
14:49:07	29.11	-0.01	52	151372	卖盘
14:49:02	29.12	-0.01	84	245772	卖盘
14:48:58	29.13	--	7	20391	买盘
14:48:47	29.13	0.01	6	17478	卖盘
14:48:41	29.12	--	0	0	卖盘
14:48:37	29.12	--	14	40768	卖盘
14:48:32	29.12	--	38	112403	卖盘
14:48:26	29.12	-0.01	6	17472	卖盘
14:48:17	29.13	-0.01	88	256344	卖盘
14:48:11	29.14	0.01	10	29140	卖盘
14:48:07	29.13	-0.05	18	52434	卖盘
14:48:02	29.18	0.05	39	113802	买盘
14:47:52	29.13	--	0	0	卖盘
14:47:47	29.13	--	13	37869	卖盘
14:47:41	29.13	--	22	64086	卖盘
14:47:37	29.13	-0.05	21	61173	卖盘
14:47:26	29.18	--	27	78786	买盘
14:47:22	29.18	0.03	10	29180	买盘
14:47:17	29.15	-0.03	3	8745	卖盘
14:47:11	29.18	--	14	40852	买盘
14:47:07	29.18	--	5	14590	买盘
14:47:02	29.18	-0.01	49	142982	卖盘
14:46:56	29.19	--	1	2919	买盘
14:46:47	29.19	-0.01	2	5838	买盘
14:46:41	29.2	-0.01	6	17520	卖盘
14:46:37	29.21	--	4	11684	买盘
14:46:26	29.21	-0.02	20	58420	卖盘
14:46:22	29.23	-0.01	13	37999	卖盘
14:46:11	29.24	--	54	157896	买盘
14:46:02	29.24	--	12	35088	买盘
14:45:56	29.24	--	17	49708	卖盘
14:45:52	29.24	--	3	8772	卖盘
14:45:47	29.24	-0.05	14	40936	卖盘
14:45:41	29.29	--	0	0	买盘
14:45:37	29.29	0.02	5	14645	买盘
14:45:32	29.27	0.01	3	8781	中性盘
14:45:26	29.26	-0.02	8	23408	卖盘
14:45:22	29.28	0.02	11	32208	买盘
14:45:17	29.26	-0.02	33	96558	中性盘
14:45:11	29.28	0.03	56	163968	买盘
14:45:07	29.25	-0.03	10	29250	中性盘
14:45:02	29.28	--	0	0	买盘
14:44:56	29.28	--	68	199104	买盘
14:44:47	29.28	--	110	322080	买盘
14:44:37	29.28	-0.02	519	1519632	卖盘
14:44:32	29.3	--	3	8790	卖盘
14:44:26	29.3	-0.03	22	64460	卖盘
14:44:22	29.33	0.04	36	105588	买盘
14:44:17	29.29	-0.01	51	149379	卖盘
14:44:11	29.3	--	10	29300	买盘
14:44:07	29.3	--	25	73250	买盘
14:44:02	29.3	--	5	14650	买盘
14:43:56	29.3	--	11	32230	卖盘
14:43:52	29.3	--	10	29300	买盘
14:43:47	29.3	--	45	131850	买盘
14:43:41	29.3	0.02	20	58600	买盘
14:43:37	29.28	0.09	84	245952	买盘
14:43:32	29.19	-0.01	18	52542	买盘
14:43:26	29.2	-0.08	22	64240	卖盘
14:43:22	29.28	0.08	1	2928	买盘
14:43:11	29.2	0.01	122	356240	买盘
14:43:02	29.19	0.01	56	163464	买盘
14:42:56	29.18	0.04	9	26262	买盘
14:42:50	29.14	--	14	40796	买盘
14:42:47	29.14	0.03	8	23312	买盘
14:42:41	29.11	-0.02	14	40754	中性盘
14:42:37	29.13	0.03	15	43695	买盘
14:42:32	29.1	--	5	14550	卖盘
14:42:20	29.1	0.01	58	168780	买盘
14:42:05	29.09	0.02	40	116360	买盘
14:41:56	29.07	-0.02	11	31977	卖盘
14:41:50	29.09	-0.01	3	8727	买盘
14:41:46	29.1	--	0	0	买盘
14:41:41	29.1	--	13	37830	买盘
14:41:35	29.1	--	47	136770	买盘
14:41:31	29.1	0.02	11	32010	买盘
14:41:26	29.08	-0.04	39	113412	卖盘
14:41:20	29.12	0.02	1	2912	中性盘
14:41:16	29.1	--	0	0	卖盘
14:41:11	29.1	-0.05	54	157140	卖盘
14:41:05	29.15	0.03	17	49555	买盘
14:41:01	29.12	-0.02	46	133952	卖盘
14:40:56	29.14	--	36	104904	卖盘
14:40:50	29.14	-0.05	17	49538	卖盘
14:40:46	29.19	0.04	125	364875	买盘
14:40:41	29.15	--	0	0	买盘
14:40:35	29.15	-0.04	15	43725	卖盘
14:40:31	29.19	--	1	2919	买盘
14:40:26	29.19	--	60	175140	买盘
14:40:20	29.19	--	2	5838	买盘
14:40:16	29.19	-0.12	490	1430310	卖盘
14:40:11	29.31	0.01	81	237411	买盘
14:40:05	29.3	--	13	38090	卖盘
14:40:01	29.3	--	11	32230	卖盘
14:39:56	29.3	--	29	84970	买盘
14:39:46	29.3	--	70	205100	买盘
14:39:41	29.3	--	66	193380	卖盘
14:39:31	29.3	--	9	26370	卖盘
14:39:26	29.3	--	4	11720	卖盘
14:39:20	29.3	--	1	2930	卖盘
14:39:16	29.3	0.02	61	178730	买盘
14:39:11	29.28	-0.01	5	14640	卖盘
14:39:05	29.29	0.02	12	35148	买盘
14:38:56	29.27	-0.02	4	11708	卖盘
14:38:50	29.29	-0.01	7	20503	中性盘
14:38:41	29.3	-0.01	9	26370	卖盘
14:38:35	29.31	0.01	20	58620	买盘
14:38:31	29.3	-0.01	10	29300	卖盘
14:38:16	29.31	0.01	1	2931	中性盘
14:38:11	29.3	-0.03	5	14650	卖盘
14:38:01	29.33	-0.02	87	255170	卖盘
14:37:56	29.35	--	9	26415	卖盘
14:37:50	29.35	--	13	38155	卖盘
14:37:46	29.35	--	15	44025	卖盘
14:37:35	29.35	--	1	2935	买盘
14:37:31	29.35	--	25	73375	卖盘
14:37:26	29.35	--	10	29350	卖盘
14:37:20	29.35	--	0	0	卖盘
14:37:16	29.35	-0.04	4	11740	中性盘
14:37:05	29.39	--	0	0	买盘
14:37:01	29.39	--	6	17634	买盘
14:36:50	29.39	--	4	11756	买盘
14:36:31	29.39	0.07	15	44085	中性盘
14:36:26	29.32	--	5	14660	卖盘
14:36:20	29.32	-0.07	15	43980	卖盘
14:36:16	29.39	0.08	31	91109	买盘
14:36:11	29.31	0.01	1	2931	买盘
14:36:00	29.3	--	4	11720	买盘
14:35:55	29.3	-0.01	3	8790	买盘
14:35:44	29.31	-0.09	3	8793	卖盘
14:35:40	29.4	0.08	27	79380	买盘
14:35:35	29.32	0.03	5	14660	买盘
14:35:29	29.29	-0.01	1	2929	中性盘
14:35:25	29.3	--	4	11720	买盘
14:35:20	29.3	0.03	2	5860	买盘
14:35:14	29.27	0.07	8	23416	卖盘
14:35:10	29.2	--	4	11680	卖盘
14:35:05	29.2	--	3	8760	卖盘
14:34:59	29.2	--	149	435080	买盘
14:34:55	29.2	--	53	154760	买盘
14:34:50	29.2	0.01	45	131400	买盘
14:34:44	29.19	0.06	4	11676	买盘
14:34:40	29.13	--	0	0	卖盘
14:34:35	29.13	--	6	17478	卖盘
14:34:25	29.13	0.01	2	5826	卖盘
14:34:20	29.12	--	0	0	卖盘
14:34:14	29.12	-0.07	10	29120	卖盘
14:34:10	29.19	-0.01	4	11676	买盘
14:34:05	29.2	--	0	0	买盘
14:33:59	29.2	0.09	56	163520	买盘
14:33:50	29.11	0.01	59	171749	卖盘
14:33:44	29.1	-0.1	4	11640	卖盘
14:33:40	29.2	--	0	0	买盘
14:33:35	29.2	0.09	16	46720	买盘
14:33:29	29.11	-0.09	20	58220	卖盘
14:33:14	29.2	--	20	58400	买盘
14:33:10	29.2	-0.08	2	5840	卖盘
14:33:05	29.28	-0.02	3	8784	买盘
14:32:59	29.3	-0.01	20	58600	买盘
14:32:50	29.31	0.01	265	776715	买盘
14:32:44	29.3	-0.01	5	14650	卖盘
14:32:35	29.31	-0.01	39	114309	买盘
14:32:29	29.32	--	15	43980	买盘
14:32:20	29.32	--	27	79164	买盘
14:32:05	29.32	0.01	4	11728	买盘
14:31:59	29.31	-0.09	14	41034	卖盘
14:31:55	29.4	0.08	32	94080	买盘
14:31:50	29.32	--	2	5864	卖盘
14:31:44	29.32	-0.08	4	11728	卖盘
14:31:40	29.4	--	8	23520	买盘
14:31:35	29.4	--	0	0	买盘
14:31:29	29.4	--	29	85260	卖盘
14:31:25	29.4	-0.01	19	55860	卖盘
14:31:20	29.41	-0.01	2	5882	买盘
14:31:14	29.42	0.01	8	23536	买盘
14:31:10	29.41	-0.01	3	8823	卖盘
14:31:05	29.42	0.02	11	32362	买盘
14:30:59	29.4	-0.03	2	5880	卖盘
14:30:55	29.43	0.03	30	88290	买盘
14:30:44	29.4	-0.03	7	20580	卖盘
14:30:40	29.43	--	31	91233	买盘
14:30:29	29.43	--	26	76518	买盘
14:30:25	29.43	-0.01	62	185379	卖盘
14:30:20	29.44	-0.03	6	17664	卖盘
14:30:10	29.47	--	0	0	买盘
14:30:05	29.47	0.01	16	47152	买盘
14:29:59	29.46	-0.02	6	17676	中性盘
14:29:55	29.48	--	124	365552	买盘
14:29:50	29.48	0.03	4	11792	买盘
14:29:44	29.45	-0.05	27	79515	卖盘
14:29:40	29.5	--	0	0	买盘
14:29:34	29.5	--	0	0	买盘
14:29:29	29.5	--	44	129800	买盘
14:29:24	29.5	-0.05	10	29500	中性盘
14:29:20	29.55	0.05	32	94560	买盘
14:29:14	29.5	--	12	35400	卖盘
14:29:08	29.5	--	16	47200	卖盘
14:28:59	29.5	-0.02	918	2708100	卖盘
14:28:53	29.52	0.02	2	5904	中性盘
14:28:49	29.5	--	5	14750	卖盘
14:28:44	29.5	-0.02	38	112100	卖盘
14:28:38	29.52	0.02	5	14760	买盘
14:28:34	29.5	--	0	0	卖盘
14:28:29	29.5	-0.02	22	64900	卖盘
14:28:23	29.52	-0.01	5	14760	卖盘
14:28:19	29.53	0.02	5	14765	买盘
14:28:14	29.51	0.01	4	11804	买盘
14:28:08	29.5	--	2	5900	卖盘
14:28:04	29.5	-0.01	5	14750	卖盘
14:27:59	29.51	--	2	5902	卖盘
14:27:53	29.51	--	31	91481	卖盘
14:27:44	29.51	0.02	13	38363	中性盘
14:27:38	29.49	--	2	5898	买盘
14:27:23	29.49	-0.01	22	64878	卖盘
14:27:19	29.5	--	2	5900	买盘
14:27:14	29.5	-0.05	4	11800	卖盘
14:27:04	29.55	-0.02	2	5910	买盘
14:26:59	29.57	0.01	16	47312	买盘
14:26:53	29.56	-0.03	6	17736	买盘
14:26:44	29.59	--	0	0	买盘
14:26:38	29.59	0.02	153	452727	买盘
14:26:34	29.57	--	33	97581	买盘
14:26:29	29.57	--	5	14785	买盘
14:26:23	29.57	--	10	29570	卖盘
14:26:19	29.57	-0.01	4	11828	卖盘
14:26:14	29.58	-0.01	3	8874	买盘
14:26:08	29.59	0.01	62	183458	买盘
14:26:04	29.58	-0.01	9	26622	卖盘
14:25:59	29.59	0.01	53	156827	买盘
14:25:53	29.58	-0.01	5	14790	中性盘
14:25:44	29.59	-0.01	26	76934	买盘
14:25:38	29.6	0.03	256	757760	买盘
14:25:34	29.57	--	17	50269	卖盘
14:25:29	29.57	-0.03	36	106452	卖盘
14:25:23	29.6	0.03	2	5920	买盘
14:25:19	29.57	--	25	73925	卖盘
14:25:14	29.57	-0.02	41	121237	卖盘
14:25:08	29.59	0.02	67	198253	买盘
14:25:04	29.57	--	64	189248	卖盘
14:24:59	29.57	--	9	26613	卖盘
14:24:53	29.57	--	1	2957	卖盘
14:24:49	29.57	--	81	239517	卖盘
14:24:44	29.57	0.02	41	121237	买盘
14:24:38	29.55	-0.01	20	59100	卖盘
14:24:29	29.56	0.01	5	14780	买盘
14:24:23	29.55	0.08	11	32505	买盘
14:24:19	29.47	--	6	17682	卖盘
14:24:14	29.47	0.04	17	50099	买盘
14:24:08	29.43	--	21	61832	买盘
14:24:04	29.43	--	23	67689	买盘
14:23:59	29.43	--	0	0	买盘
14:23:53	29.43	--	6	17658	买盘
14:23:49	29.43	--	0	0	买盘
14:23:38	29.43	--	16	50001	卖盘
14:23:28	29.43	--	2	5915	买盘
14:23:23	29.43	--	2	5886	买盘
14:23:19	29.43	-0.15	12	38229	卖盘
14:23:08	29.58	--	0	0	买盘
14:23:02	29.58	0.15	689	2038061	买盘
14:22:58	29.43	-0.04	5	14715	卖盘
14:22:53	29.47	0.04	20	58940	买盘
14:22:47	29.43	--	4	11772	卖盘
14:22:43	29.43	--	26	76518	卖盘
14:22:38	29.43	--	5	14715	卖盘
14:22:32	29.43	0.01	23	67718	买盘
14:22:28	29.42	--	5	14710	卖盘
14:22:23	29.42	--	32	94144	中性盘
14:22:17	29.42	0.03	8	23536	买盘
14:22:13	29.39	-0.03	3	8817	卖盘
14:22:08	29.42	-0.01	8	23536	买盘
14:22:02	29.43	--	0	0	买盘
14:21:58	29.43	--	0	0	买盘
14:21:53	29.43	0.03	76	223668	买盘
14:21:43	29.4	-0.02	3	8820	卖盘
14:21:38	29.42	-0.01	1	2942	买盘
14:21:32	29.43	--	0	0	买盘
14:21:28	29.43	--	9	26487	买盘
14:21:23	29.43	--	7	20601	买盘
14:21:17	29.43	-0.01	3	8829	买盘
14:21:13	29.44	-0.04	8	23552	卖盘
14:21:08	29.48	0.04	62	182776	买盘
14:20:58	29.44	0.04	20	58880	买盘
14:20:53	29.4	-0.04	38	111720	卖盘
14:20:47	29.44	0.02	25	73600	买盘
14:20:43	29.42	0.03	10	29420	中性盘
14:20:38	29.39	0.04	11	32329	中性盘
14:20:32	29.35	-0.01	36	105660	卖盘
14:20:28	29.36	0.01	5	14680	买盘
14:20:23	29.35	--	12	35220	卖盘
14:20:13	29.35	--	7	20545	买盘
14:20:08	29.35	--	4	11740	买盘
14:20:02	29.35	--	8	23480	买盘
14:19:58	29.35	0.03	8	23480	买盘
14:19:53	29.32	0.01	5	14660	卖盘
14:19:47	29.31	--	0	0	卖盘
14:19:43	29.31	0.01	15	43965	卖盘
14:19:38	29.3	--	0	0	卖盘
14:19:32	29.3	--	0	0	卖盘
14:19:23	29.3	--	6	17580	卖盘
14:19:17	29.3	--	1004	2941720	买盘
14:19:13	29.3	0.01	25	73250	买盘
14:18:58	29.29	0.01	4	11716	买盘
14:18:53	29.28	--	13	38064	买盘
14:18:47	29.28	0.14	30	87840	买盘
14:18:43	29.14	--	0	0	卖盘
14:18:17	29.14	--	13	37882	卖盘
14:18:13	29.14	--	0	0	卖盘
14:17:58	29.14	0.01	5	14570	中性盘
14:17:53	29.13	--	0	0	卖盘
14:17:47	29.13	0.02	6	17478	买盘
14:17:43	29.11	--	0	0	卖盘
14:17:38	29.11	--	0	0	卖盘
14:17:32	29.11	-0.02	620	1804820	卖盘
14:17:27	29.13	-0.17	2	5826	卖盘
14:17:22	29.3	--	0	0	买盘
14:17:17	29.3	--	4	11720	买盘
14:17:13	29.3	--	1	2930	买盘
14:17:02	29.3	--	38	111340	卖盘
14:16:58	29.3	-0.01	45	131850	卖盘
14:16:53	29.31	0.01	10	29310	买盘
14:16:41	29.3	--	0	0	卖盘
14:16:32	29.3	--	13	38090	卖盘
14:16:26	29.3	--	3	8790	卖盘
14:16:22	29.3	--	8	23440	卖盘
14:16:17	29.3	--	2	5860	卖盘
14:16:11	29.3	--	10	29300	卖盘
14:16:02	29.3	-0.05	28	82040	卖盘
14:15:56	29.35	0.05	17	49895	买盘
14:15:52	29.3	--	1	2930	卖盘
14:15:37	29.3	--	9	26370	卖盘
14:15:26	29.3	0.29	541	1585130	买盘
14:15:22	29.01	--	1	2901	买盘
14:15:11	29.01	-0.02	26	75426	卖盘
14:15:07	29.03	0.01	2	5806	卖盘
14:15:02	29.02	--	1	2902	卖盘
14:14:56	29.02	--	2	5804	买盘
14:14:32	29.02	--	1	2902	卖盘
14:14:26	29.02	--	5	14510	买盘
14:14:17	29.02	--	7	20314	买盘
14:14:11	29.02	--	11	31922	卖盘
14:14:02	29.02	0.01	8	23216	买盘
14:13:56	29.01	-0.01	8	23208	卖盘
14:13:41	29.02	--	7	20314	卖盘
14:13:32	29.02	0.01	2	5804	卖盘
14:13:26	29.01	--	18	52218	卖盘
14:13:22	29.01	--	0	0	卖盘
14:13:11	29.01	--	20	58020	卖盘
14:12:47	29.01	-0.09	8	23208	卖盘
14:12:32	29.1	--	2	5820	买盘
14:12:26	29.1	--	6	17460	卖盘
14:12:11	29.1	--	2	5820	卖盘
14:12:07	29.1	--	1	2910	卖盘
14:11:56	29.1	--	3	8730	卖盘
14:11:52	29.1	--	9	26190	卖盘
14:11:41	29.1	--	2	5820	卖盘
14:11:37	29.1	--	10	29100	卖盘
14:11:32	29.1	--	2	5820	卖盘
14:11:26	29.1	--	3	8730	卖盘
14:11:22	29.1	--	13	37830	卖盘
14:11:06	29.1	-0.01	15	43650	卖盘
14:10:41	29.11	-0.03	30	87330	卖盘
14:10:31	29.14	--	5	14570	买盘
14:10:20	29.14	--	0	0	买盘
14:10:16	29.14	0.03	2	5828	买盘
14:09:56	29.11	--	11	32021	卖盘
14:09:50	29.11	--	10	29110	卖盘
14:09:41	29.11	--	5	14555	卖盘
14:09:35	29.11	--	0	0	卖盘
14:09:26	29.11	-0.03	2	5822	卖盘
14:09:20	29.14	--	3	8742	买盘
14:09:11	29.14	0.03	3	8742	买盘
14:09:05	29.11	-0.03	1	2911	卖盘
14:09:01	29.14	--	13	37882	买盘
14:08:50	29.14	--	23	67022	买盘
14:08:46	29.14	-0.01	15	43710	中性盘
14:08:35	29.15	0.01	17	49555	买盘
14:08:26	29.14	0.03	24	69936	买盘
14:08:20	29.11	-0.01	6	17466	卖盘
14:08:11	29.12	0.01	25	72800	买盘
14:08:05	29.11	0.01	3	8733	中性盘
14:08:01	29.1	--	2	5820	买盘
14:07:50	29.1	--	4	11640	买盘
14:07:35	29.1	--	8	23280	买盘
14:07:26	29.1	0.01	15	43650	买盘
14:07:20	29.09	-0.01	3	8727	买盘
14:07:11	29.1	--	35	101850	买盘
14:07:01	29.1	0.02	75	218250	买盘
14:06:56	29.08	--	1	2908	卖盘
14:06:50	29.08	--	1	2908	买盘
14:06:41	29.08	--	1	2908	买盘
14:06:35	29.08	--	14	40712	买盘
14:06:26	29.08	0.08	6	17448	买盘
14:06:20	29.0	-0.02	1	5510	买盘
14:06:16	29.02	0.01	10	29020	买盘
14:06:01	29.01	0.01	25	72525	买盘
14:05:50	29.0	--	30	87000	买盘
14:05:35	29.0	--	23	66700	买盘
14:05:26	29.0	--	11	31900	买盘
14:05:16	29.0	-0.01	2	5800	中性盘
14:05:05	29.01	0.14	20	58020	买盘
14:05:01	28.87	-0.13	16	46480	卖盘
14:04:56	29.0	--	1	2900	卖盘
14:04:50	29.0	0.11	33	98310	买盘
14:04:46	28.89	-0.1	8	23112	卖盘
14:04:40	28.99	0.09	17	49283	买盘
14:04:25	28.9	-0.09	3	8670	卖盘
14:04:10	28.99	--	1	2899	买盘
14:04:05	28.99	--	4	11596	卖盘
14:03:55	28.99	--	17	49283	卖盘
14:03:50	28.99	-0.01	7	20293	卖盘
14:03:35	29.0	--	0	0	中性盘
14:03:29	29.0	--	32	92800	卖盘
14:03:25	29.0	-0.01	14	40600	卖盘
14:03:20	29.01	--	15	43515	买盘
14:03:14	29.01	--	4	11604	买盘
14:03:05	29.01	--	5	14505	卖盘
14:02:44	29.01	-0.01	22	63822	卖盘
14:02:35	29.02	--	2	5804	卖盘
14:02:20	29.02	--	21	60942	买盘
14:02:14	29.02	--	5	14510	买盘
14:02:05	29.02	--	20	58040	买盘
14:01:59	29.02	--	19	55138	卖盘
14:01:50	29.02	-0.01	2	5804	卖盘
14:01:44	29.03	-0.07	34	98702	卖盘
14:01:40	29.1	--	0	0	卖盘
14:01:35	29.1	--	12	34920	卖盘
14:01:29	29.1	--	10	29100	卖盘
14:01:25	29.1	--	6	17460	卖盘
14:01:20	29.1	--	9	26190	卖盘
14:01:14	29.1	--	0	0	卖盘
14:01:05	29.1	--	0	0	卖盘
14:00:59	29.1	-0.04	7	20370	卖盘
14:00:55	29.14	--	20	58280	买盘
14:00:44	29.14	-0.02	20	58280	卖盘
14:00:29	29.16	--	4	11664	买盘
14:00:25	29.16	0.01	1	2916	买盘
14:00:20	29.15	-0.01	10	29150	卖盘
14:00:05	29.16	-0.02	3	8748	卖盘
13:59:59	29.18	--	4	11672	买盘
13:59:55	29.18	-0.01	2	5836	卖盘
13:59:34	29.19	0.01	11	32109	买盘
13:59:29	29.18	-0.02	3	8754	卖盘
13:59:25	29.2	-0.01	19	55480	买盘
13:59:20	29.21	--	0	0	买盘
13:59:14	29.21	--	40	116840	买盘
13:59:10	29.21	-0.01	31	90551	卖盘
13:59:05	29.22	--	10	29220	卖盘
13:58:40	29.22	--	0	0	卖盘
13:58:35	29.22	-0.02	8	23376	卖盘
13:58:29	29.24	0.02	19	55556	买盘
13:58:20	29.22	-0.02	20	58440	卖盘
13:58:09	29.24	0.02	11	32164	买盘
13:57:59	29.22	-0.03	1	2922	卖盘
13:57:55	29.25	--	0	0	买盘
13:57:44	29.25	--	20	58500	买盘
13:57:34	29.25	--	0	0	买盘
13:57:29	29.25	0.04	8	23400	买盘
13:57:23	29.21	-0.04	15	43815	卖盘
13:57:19	29.25	0.03	35	102375	买盘
13:57:14	29.22	-0.03	4	11688	卖盘
13:57:08	29.25	--	14	40950	买盘
13:56:53	29.25	0.03	6	17550	买盘
13:56:49	29.22	--	7	20454	卖盘
13:56:44	29.22	-0.03	10	29220	卖盘
13:56:34	29.25	--	2	5850	买盘
13:56:29	29.25	--	7	20475	卖盘
13:56:23	29.25	-0.02	7	20475	卖盘
13:56:19	29.27	0.02	8	23416	买盘
13:56:14	29.25	--	13	38025	买盘
13:56:08	29.25	-0.02	9	26325	卖盘
13:55:53	29.27	-0.01	2	5854	买盘
13:55:49	29.28	--	0	0	买盘
13:55:44	29.28	0.01	17	50068	买盘
13:55:38	29.27	--	1	2927	卖盘
13:55:34	29.27	--	4	11708	卖盘
13:55:29	29.27	0.01	24	72882	买盘
13:55:23	29.26	0.01	46	134596	买盘
13:55:19	29.25	-0.01	4	11700	卖盘
13:55:08	29.26	--	39	114114	买盘
13:55:04	29.26	--	0	0	买盘
13:54:59	29.26	--	3	8778	买盘
13:54:53	29.26	--	52	152152	卖盘
13:54:49	29.26	-0.01	4	11704	卖盘
13:54:44	29.27	0.01	2	5854	买盘
13:54:34	29.26	--	5	14630	卖盘
13:54:23	29.26	-0.01	6	17556	卖盘
13:54:19	29.27	-0.01	1	2927	卖盘
13:54:08	29.28	0.02	2	5856	买盘
13:53:59	29.26	--	0	0	卖盘
13:53:53	29.26	--	1	2926	卖盘
13:53:49	29.26	--	4	11704	卖盘
13:53:34	29.26	0.01	8	23408	买盘
13:53:29	29.25	--	3	8775	卖盘
13:53:23	29.25	--	1	2925	卖盘
13:53:19	29.25	0.03	47	137475	买盘
13:53:13	29.22	-0.03	81	236682	卖盘
13:53:08	29.25	0.03	180	526500	买盘
13:53:04	29.22	-0.01	16	46752	卖盘
13:52:59	29.23	--	0	0	买盘
13:52:53	29.23	0.02	27	78921	买盘
13:52:49	29.21	--	5	14605	卖盘
13:52:38	29.21	--	7	20447	卖盘
13:52:29	29.21	--	1	2921	卖盘
13:52:23	29.21	--	20	58420	卖盘
13:52:19	29.21	0.02	177	518214	买盘
13:52:13	29.19	--	2	5838	卖盘
13:52:08	29.19	-0.01	10	29190	卖盘
13:51:53	29.2	--	24	70080	买盘
13:51:38	29.2	--	42	122640	卖盘
13:51:33	29.2	--	10	29200	卖盘
13:51:28	29.2	--	20	58400	卖盘
13:51:23	29.2	-0.01	2	5840	卖盘
13:51:02	29.21	-0.01	21	63064	卖盘
13:50:53	29.22	--	26	75972	卖盘
13:50:47	29.22	-0.01	25	73050	卖盘
13:50:38	29.23	-0.02	14	40922	卖盘
13:50:32	29.25	--	3	8775	卖盘
13:50:23	29.25	--	21	61425	卖盘
13:50:17	29.25	-0.01	23	67275	卖盘
13:50:08	29.26	-0.02	52	152152	卖盘
13:50:02	29.28	0.02	7	20496	买盘
13:49:53	29.26	0.01	2	5852	卖盘
13:49:47	29.25	--	0	0	卖盘
13:49:43	29.25	-0.04	1	2925	卖盘
13:49:38	29.29	--	7	20503	卖盘
13:49:32	29.29	--	0	0	中性盘
13:49:28	29.29	0.04	1	2929	买盘
13:49:23	29.25	--	25	73125	卖盘
13:49:17	29.25	--	2	5850	卖盘
13:49:13	29.25	0.01	14	40950	买盘
13:49:08	29.24	-0.06	11	32164	卖盘
13:48:53	29.3	0.06	3	8790	买盘
13:48:47	29.24	-0.06	22	64328	卖盘
13:48:43	29.3	--	9	26370	卖盘
13:48:38	29.3	--	0	0	卖盘
13:48:28	29.3	-0.03	4	11720	卖盘
13:48:23	29.33	--	12	35196	买盘
13:48:17	29.33	--	0	0	买盘
13:48:08	29.33	--	9	26397	卖盘
13:48:02	29.33	0.02	11	32262	买盘
13:47:58	29.31	-0.02	4	11724	卖盘
13:47:53	29.33	0.03	4	11732	买盘
13:47:47	29.3	--	22	64460	卖盘
13:47:43	29.3	--	5	14650	卖盘
13:47:38	29.3	--	21	61530	卖盘
13:47:32	29.3	--	10	29300	卖盘
13:47:28	29.3	0.08	37	108410	买盘
13:47:23	29.22	-0.08	39	113958	卖盘
13:47:17	29.3	--	0	0	买盘
13:47:08	29.3	--	2	5860	买盘
13:47:02	29.3	0.05	2	5860	买盘
13:46:58	29.25	-0.1	10	29250	买盘
13:46:53	29.35	--	0	0	买盘
13:46:47	29.35	--	3	8805	买盘
13:46:43	29.35	-0.02	6	17610	中性盘
13:46:32	29.37	0.01	12	35244	买盘
13:46:28	29.36	-0.02	5	14680	卖盘
13:46:17	29.38	--	0	0	买盘
13:46:13	29.38	0.17	1	2938	买盘
13:46:02	29.21	-0.17	2	7039	卖盘
13:45:58	29.38	-0.01	6	17628	中性盘
13:45:47	29.39	--	5	14695	买盘
13:45:42	29.39	-0.01	5	14695	卖盘
13:45:37	29.4	--	34	99960	买盘
13:45:32	29.4	0.01	25	73500	买盘
13:45:27	29.39	-0.01	1	2939	中性盘
13:45:17	29.4	--	53	155820	买盘
13:45:13	29.4	--	0	0	买盘
13:45:07	29.4	--	0	0	买盘
13:45:02	29.4	0.2	24	70560	买盘
13:44:57	29.2	0.01	58	169360	中性盘
13:44:52	29.19	-0.21	3	8757	卖盘
13:44:47	29.4	0.22	2	5880	买盘
13:44:41	29.18	--	0	0	卖盘
13:44:37	29.18	-0.22	33	96294	卖盘
13:44:32	29.4	--	4	11760	中性盘
13:44:26	29.4	--	22	64680	买盘
13:44:17	29.4	--	11	32340	买盘
13:44:11	29.4	--	5	14700	中性盘
13:44:07	29.4	--	0	0	卖盘
13:44:02	29.4	-0.12	15	44100	卖盘
13:43:56	29.52	0.12	132	389959	买盘
13:43:47	29.4	0.3	1813	5330220	买盘
13:43:41	29.1	-0.26	5	14550	中性盘
13:43:37	29.36	0.26	76	223136	买盘
13:43:32	29.1	--	21	61110	买盘
13:43:22	29.1	-0.36	5	14550	卖盘
13:43:17	29.46	0.36	693	2041578	买盘
13:43:11	29.1	--	8	23280	卖盘
13:43:07	29.1	0.03	32	93120	买盘
13:43:02	29.07	--	0	0	卖盘
13:42:56	29.07	-0.02	11	31977	卖盘
13:42:47	29.09	0.08	651	1893759	买盘
13:42:41	29.01	-0.08	13	37713	卖盘
13:42:32	29.09	-0.01	10	29090	买盘
13:42:26	29.1	--	7	20370	买盘
13:42:22	29.1	--	0	0	买盘
13:42:17	29.1	-0.1	1	2910	买盘
13:42:11	29.2	0.15	905	2642600	买盘
13:42:07	29.05	-0.04	1	2905	卖盘
13:42:02	29.09	-0.01	14	40726	买盘
13:41:56	29.1	--	7	20370	买盘
13:41:52	29.1	--	1	2910	买盘
13:41:47	29.1	--	15	43650	买盘
13:41:37	29.1	--	3	8730	买盘
13:41:32	29.1	-0.02	8	23280	卖盘
13:41:26	29.12	--	32	93184	买盘
13:41:22	29.12	--	8	23296	买盘
13:41:17	29.12	--	0	0	买盘
13:41:11	29.12	--	21	61152	买盘
13:41:07	29.12	--	1	2912	买盘
13:41:01	29.12	--	2	5824	买盘
13:40:56	29.12	0.02	15	43680	中性盘
13:40:52	29.1	-0.07	10	29100	卖盘
13:40:46	29.17	0.05	20	58340	买盘
13:40:41	29.12	-0.04	3	8736	买盘
13:40:32	29.16	0.04	30	87480	买盘
13:40:26	29.12	--	46	133952	卖盘
13:40:21	29.12	0.02	39	113568	买盘
13:40:11	29.1	0.01	52	151320	买盘
13:40:07	29.09	--	3	8727	卖盘
13:39:56	29.09	0.05	9	26181	买盘
13:39:51	29.04	--	21	60984	买盘
13:39:46	29.04	0.04	1	2904	买盘
13:39:41	29.0	-0.1	18	52200	卖盘
13:39:37	29.1	--	0	0	买盘
13:39:31	29.1	0.1	7	20370	买盘
13:39:26	29.0	-0.05	1	2900	卖盘
13:39:22	29.05	0.05	14	40670	买盘
13:39:16	29.0	-0.09	2	5800	卖盘
13:39:11	29.09	0.04	1	2909	买盘
13:39:07	29.05	0.05	1	2905	买盘
13:39:01	29.0	-0.01	13	37700	卖盘
13:38:56	29.01	--	2	5802	买盘
13:38:51	29.01	0.01	15	43515	买盘
13:38:41	29.0	--	14	40600	买盘
13:38:37	29.0	--	2	5800	买盘
13:38:31	29.0	--	0	0	买盘
13:38:26	29.0	--	26	75400	买盘
13:38:20	29.0	0.01	8	23200	买盘
13:38:11	28.99	--	12	34788	买盘
13:38:05	28.99	0.04	2	5798	买盘
13:37:56	28.95	-0.04	3	8685	买盘
13:37:41	28.99	--	0	0	买盘
13:37:35	28.99	0.21	5	14495	买盘
13:37:26	28.78	-0.21	50	143900	卖盘
13:37:20	28.99	-0.01	2	5798	买盘
13:37:16	29.0	--	0	0	买盘
13:37:11	29.0	0.01	41	118900	买盘
13:37:05	28.99	-0.01	2	5798	卖盘
13:36:56	29.0	0.01	4	11600	买盘
13:36:50	28.99	0.02	53	153647	买盘
13:36:46	28.97	--	0	0	买盘
13:36:35	28.97	-0.01	1	2897	中性盘
13:36:31	28.98	-0.01	57	165186	卖盘
13:36:26	28.99	--	2	5798	卖盘
13:36:20	28.99	-0.01	36	104364	卖盘
13:36:16	29.0	0.01	6	17400	买盘
13:36:11	28.99	--	13	37687	卖盘
13:36:05	28.99	--	104	301496	买盘
13:36:01	28.99	--	0	0	买盘
13:35:56	28.99	0.18	4	11596	买盘
13:35:50	28.81	--	0	0	卖盘
13:35:41	28.81	0.03	7	20167	买盘
13:35:35	28.78	--	16	46048	卖盘
13:35:26	28.78	--	0	0	卖盘
13:35:20	28.78	--	12	34536	卖盘
13:35:16	28.78	0.01	21	60438	买盘
13:35:11	28.77	-0.01	30	86310	卖盘
13:35:05	28.78	--	16	46048	买盘
13:34:56	28.78	--	4	11512	买盘
13:34:50	28.78	--	8	23024	买盘
13:34:46	28.78	--	30	86340	买盘
13:34:41	28.78	--	3	8634	买盘
13:34:35	28.78	0.01	14	40292	买盘
13:34:31	28.77	-0.01	2	5754	卖盘
13:34:25	28.78	--	13	37414	买盘
13:34:20	28.78	--	1	2878	买盘
13:34:16	28.78	--	8	23024	买盘
13:34:10	28.78	--	67	192826	买盘
13:34:05	28.78	--	8	23024	买盘
13:34:01	28.78	0.01	21	60438	买盘
13:33:55	28.77	-0.01	3	8631	卖盘
13:33:45	28.78	--	15	43170	买盘
13:33:35	28.78	--	12	34536	买盘
13:33:31	28.78	--	7	20146	买盘
13:33:25	28.78	--	2	5756	买盘
13:33:20	28.78	--	31	89218	买盘
13:33:15	28.78	--	8	23024	买盘
13:33:10	28.78	--	15	43170	买盘
13:33:01	28.78	--	6	17268	买盘
13:32:55	28.78	--	5	14390	买盘
13:32:50	28.78	--	64	184192	买盘
13:32:46	28.78	--	6	17268	买盘
13:32:40	28.78	--	13	37414	买盘
13:32:35	28.78	--	34	97852	买盘
13:32:30	28.78	--	19	54682	买盘
13:32:20	28.78	--	46	132388	买盘
13:32:15	28.78	--	46	132388	买盘
13:32:10	28.78	--	65	187070	买盘
13:32:05	28.78	--	31	89218	买盘
13:31:59	28.78	--	66	189948	买盘
13:31:55	28.78	--	3	8634	买盘
13:31:50	28.78	--	15	43170	买盘
13:31:44	28.78	--	12	34536	买盘
13:31:40	28.78	--	28	80584	买盘
13:31:35	28.78	--	275	791450	买盘
13:31:29	28.78	0.01	185	532430	买盘
13:31:25	28.77	-0.01	84	241668	卖盘
13:31:20	28.78	--	38	109364	买盘
13:31:14	28.78	--	69	198582	买盘
13:31:10	28.78	0.01	9	25902	买盘
13:31:05	28.77	-0.01	66	189882	卖盘
13:30:59	28.78	--	61	175558	买盘
13:30:55	28.78	--	10	28780	买盘
13:30:50	28.78	--	172	495016	买盘
13:30:44	28.78	--	52	149656	买盘
13:30:40	28.78	0.03	5	14390	买盘
13:30:35	28.75	-0.03	6	17250	卖盘
13:30:29	28.78	--	51	146778	买盘
13:30:25	28.78	--	1	2878	买盘
13:30:20	28.78	--	143	411554	买盘
13:30:14	28.78	--	29	83462	买盘
13:30:05	28.78	-0.38	584	1680752	卖盘
13:29:55	29.16	0.12	200	583200	买盘
13:29:50	29.04	-0.08	86	249744	卖盘
13:29:44	29.12	-0.04	42	122304	卖盘
13:29:35	29.16	-0.04	74	215784	卖盘
13:29:29	29.2	--	2	5840	买盘
13:29:20	29.2	--	10	29200	买盘
13:29:14	29.2	--	45	131400	卖盘
13:29:10	29.2	--	11	32120	卖盘
13:29:05	29.2	-0.03	22	64240	卖盘
13:28:59	29.23	--	0	0	买盘
13:28:50	29.23	--	1	2923	卖盘
13:28:44	29.23	-0.01	8	23384	卖盘
13:28:39	29.24	--	2	5848	卖盘
13:28:35	29.24	--	20	58480	卖盘
13:28:29	29.24	--	12	35088	卖盘
13:28:24	29.24	-0.01	3	8772	卖盘
13:28:20	29.25	--	3	8775	卖盘
13:28:14	29.25	-0.07	1	2925	卖盘
13:28:10	29.32	-0.03	1	2932	买盘
13:28:05	29.35	-0.01	2	5870	买盘
13:27:59	29.36	--	55	161480	买盘
13:27:49	29.36	--	42	123312	买盘
13:27:43	29.36	--	2	5872	买盘
13:27:39	29.36	--	4	11744	卖盘
13:27:35	29.36	--	4	11744	卖盘
13:27:29	29.36	-0.04	22	64592	中性盘
13:27:24	29.4	0.08	152	446880	买盘
13:27:19	29.32	-0.04	5	14660	卖盘
13:27:14	29.36	--	4	11744	买盘
13:27:09	29.36	--	3	8808	买盘
13:27:04	29.36	0.13	27	79272	买盘
13:26:59	29.23	-0.13	29	84767	卖盘
13:26:55	29.36	--	13	38168	买盘
13:26:49	29.36	-0.04	14	41104	中性盘
13:26:44	29.4	--	72	211680	买盘
13:26:40	29.4	0.29	46	135240	买盘
13:26:34	29.11	-0.04	3	8733	卖盘
13:26:29	29.15	-0.2	4	11660	卖盘
13:26:24	29.35	0.2	5	14675	买盘
13:26:19	29.15	--	34	99110	卖盘
13:26:14	29.15	-0.25	14	40810	买盘
13:26:09	29.4	--	0	0	买盘
13:26:04	29.4	0.25	604	1775760	买盘
13:25:54	29.15	--	27	78705	买盘
13:25:49	29.15	--	6	17490	买盘
13:25:44	29.15	-0.01	11	32065	中性盘
13:25:39	29.16	0.24	6	17496	中性盘
13:25:34	28.92	0.01	14	40488	卖盘
13:25:29	28.91	--	0	0	卖盘
13:25:23	28.91	-0.29	4	11564	卖盘
13:25:19	29.2	-0.04	1	2920	中性盘
13:25:14	29.24	0.44	6	17544	买盘
13:25:04	28.8	--	0	0	卖盘
13:24:59	28.8	--	0	0	卖盘
13:24:53	28.8	--	0	0	卖盘
13:24:49	28.8	--	0	0	卖盘
13:24:44	28.8	-0.5	3	8640	卖盘
13:24:38	29.3	0.5	840	2461200	买盘
13:24:34	28.8	--	1	2880	买盘
13:24:29	28.8	--	5	14400	买盘
13:24:23	28.8	0.01	18	51840	买盘
13:24:19	28.79	-0.01	5	14395	卖盘
13:24:14	28.8	--	25	72000	买盘
13:24:08	28.8	0.01	2	5760	买盘
13:24:04	28.79	--	7	20153	卖盘
13:23:49	28.79	0.09	100	287900	买盘
13:23:44	28.7	--	15	43050	买盘
13:23:38	28.7	-0.01	10	28700	卖盘
13:23:29	28.71	0.01	49	140679	买盘
13:23:23	28.7	--	0	0	买盘
13:23:14	28.7	0.01	1	2870	买盘
13:23:04	28.69	-0.01	1	2869	卖盘
13:22:59	28.7	0.02	10	28700	买盘
13:22:49	28.68	-0.02	12	34416	卖盘
13:22:44	28.7	0.01	13	37310	买盘
13:22:29	28.69	-0.01	1	2869	卖盘
13:22:23	28.7	--	1	2870	买盘
13:22:14	28.7	0.01	1	2870	买盘
13:22:08	28.69	--	4	11476	卖盘
13:21:59	28.69	--	21	60249	卖盘
13:21:53	28.69	0.01	111	318459	买盘
13:21:44	28.68	-0.01	4	11472	卖盘
13:21:38	28.69	--	1	2869	买盘
13:21:29	28.69	--	15	43035	买盘
13:21:23	28.69	-0.01	34	97546	卖盘
13:21:19	28.7	0.01	12	34440	买盘
13:21:08	28.69	--	0	0	卖盘
13:20:53	28.69	--	0	0	卖盘
13:20:48	28.69	0.01	115	329935	卖盘
13:20:43	28.68	--	0	0	卖盘
13:20:38	28.68	-0.02	71	203628	卖盘
13:20:33	28.7	--	6	17220	卖盘
13:20:28	28.7	-0.02	12	34440	卖盘
13:20:23	28.72	--	0	0	买盘
13:20:18	28.72	0.02	46	132112	买盘
13:20:08	28.7	--	11	31570	买盘
13:20:03	28.7	-0.03	1	2870	买盘
13:19:48	28.73	--	0	0	买盘
13:19:43	28.73	0.03	13	37349	买盘
13:19:38	28.7	-0.01	11	31570	卖盘
13:19:33	28.71	--	49	140679	买盘
13:19:28	28.71	-0.01	3	8613	卖盘
13:19:23	28.72	0.01	14	40208	买盘
13:19:18	28.71	--	15	43065	卖盘
13:19:08	28.71	--	61	175131	卖盘
13:19:03	28.71	-0.01	2	5742	卖盘
13:18:58	28.72	--	1	2872	卖盘
13:18:53	28.72	--	4	11488	卖盘
13:18:47	28.72	--	19	54568	卖盘
13:18:32	28.72	--	2	5744	卖盘
13:18:23	28.72	--	22	63184	卖盘
13:18:17	28.72	--	61	175192	卖盘
13:18:13	28.72	--	4	11488	卖盘
13:18:02	28.72	-0.01	17	48824	卖盘
13:17:53	28.73	--	24	68952	卖盘
13:17:43	28.73	-0.01	4	11492	卖盘
13:17:38	28.74	--	2	5748	卖盘
13:17:32	28.74	--	22	63228	卖盘
13:17:13	28.74	-0.01	4	11496	卖盘
13:17:02	28.75	--	3	8625	卖盘
13:16:53	28.75	--	9	25875	买盘
13:16:47	28.75	-0.02	7	20125	卖盘
13:16:38	28.77	--	6	17262	买盘
13:16:17	28.77	--	3	8631	卖盘
13:16:08	28.77	-0.03	4	11508	卖盘
13:15:58	28.8	--	7	20160	买盘
13:15:53	28.8	--	2	5760	买盘
13:15:46	28.8	--	2	5760	买盘
13:15:43	28.8	--	24	69120	卖盘
13:15:38	28.8	-0.02	18	51840	卖盘
13:15:32	28.82	0.01	6	17292	买盘
13:15:23	28.81	-0.01	4	11524	卖盘
13:15:17	28.82	--	10	28820	买盘
13:15:08	28.82	--	5	14410	卖盘
13:15:02	28.82	--	3	8646	卖盘
13:14:53	28.82	-0.01	15	43230	卖盘
13:14:47	28.83	--	1	2883	卖盘
13:14:37	28.83	--	5	14415	卖盘
13:14:32	28.83	-0.02	1	2883	卖盘
13:14:23	28.85	-0.01	2	5770	卖盘
13:14:17	28.86	-0.02	9	25974	卖盘
13:14:12	28.88	--	1	2888	买盘
13:14:02	28.88	-0.02	6	17328	卖盘
13:13:47	28.9	--	2	5780	买盘
13:13:42	28.9	-0.01	1	2890	买盘
13:13:37	28.91	--	0	0	中性盘
13:13:32	28.91	0.01	9	26019	买盘
13:13:27	28.9	--	14	40460	卖盘
13:13:22	28.9	--	21	60690	卖盘
13:13:17	28.9	--	5	14450	卖盘
13:13:12	28.9	--	20	57800	卖盘
13:13:07	28.9	-0.02	141	407490	卖盘
13:13:02	28.92	--	0	0	买盘
13:12:47	28.92	0.01	8	23136	买盘
13:12:37	28.91	-0.01	6	17346	卖盘
13:12:32	28.92	--	11	31812	卖盘
13:12:27	28.92	0.01	1	2892	卖盘
13:12:17	28.91	-0.01	9	26019	卖盘
13:12:02	28.92	--	0	0	中性盘
13:11:56	28.92	--	6	17352	卖盘
13:11:47	28.92	0.01	3	8676	卖盘
13:11:41	28.91	--	0	0	卖盘
13:11:32	28.91	--	35	101185	卖盘
13:11:26	28.91	0.01	1	2891	买盘
13:11:22	28.9	-0.01	30	86700	卖盘
13:11:17	28.91	--	10	28910	买盘
13:11:11	28.91	-0.05	6	17346	卖盘
13:10:47	28.96	--	1	2896	买盘
13:10:41	28.96	--	1	2896	卖盘
13:10:37	28.96	--	10	28960	卖盘
13:10:26	28.96	-0.01	1	2896	卖盘
13:10:17	28.97	--	7	20279	卖盘
13:10:07	28.97	-0.02	9	26073	卖盘
13:10:02	28.99	0.01	20	57980	买盘
13:09:56	28.98	-0.03	2	5796	卖盘
13:09:47	29.01	0.03	34	98634	买盘
13:09:41	28.98	-0.02	4	11592	卖盘
13:09:32	29.0	0.02	9	26100	买盘
13:09:17	28.98	-0.02	41	118818	卖盘
13:09:11	29.0	--	16	46400	买盘
13:09:02	29.0	--	2	5800	买盘
13:08:56	29.0	--	47	136300	卖盘
13:08:52	29.0	--	31	89900	卖盘
13:08:47	29.0	--	32	92800	卖盘
13:08:41	29.0	--	14	40600	卖盘
13:08:37	29.0	--	12	34800	卖盘
13:08:32	29.0	--	101	292900	卖盘
13:08:26	29.0	--	8	23200	卖盘
13:08:21	29.0	--	8	23200	卖盘
13:08:17	29.0	--	40	116000	卖盘
13:08:11	29.0	-0.01	6	17400	卖盘
13:08:06	29.01	0.01	3	8703	买盘
13:08:02	29.0	--	2	5800	卖盘
13:07:55	29.0	-0.01	40	116000	卖盘
13:07:51	29.01	--	0	0	卖盘
13:07:46	29.01	-0.03	14	40614	卖盘
13:07:40	29.04	--	22	63888	卖盘
13:07:31	29.04	-0.03	3	8712	卖盘
13:07:25	29.07	--	0	0	买盘
13:07:06	29.07	-0.01	13	37791	卖盘
13:07:01	29.08	--	4	11632	卖盘
13:06:56	29.08	--	3	8724	卖盘
13:06:41	29.08	--	1	2908	卖盘
13:06:31	29.08	--	0	0	卖盘
13:06:25	29.08	-0.01	5	14540	卖盘
13:06:21	29.09	--	6	17454	卖盘
13:06:06	29.09	--	11	31999	卖盘
13:05:56	29.09	--	26	75634	卖盘
13:05:50	29.09	--	9	26181	卖盘
13:05:46	29.09	-0.01	5	14545	卖盘
13:05:35	29.1	-0.01	17	49470	卖盘
13:05:26	29.11	0.01	11	32021	买盘
13:05:20	29.1	--	1	2910	卖盘
13:05:05	29.1	--	23	66930	卖盘
13:05:01	29.1	--	23	66930	卖盘
13:04:56	29.1	--	6	17460	卖盘
13:04:41	29.1	-0.01	5	14550	卖盘
13:04:35	29.11	--	7	20377	卖盘
13:04:20	29.11	-0.01	17	49487	卖盘
13:04:11	29.12	--	1	2912	买盘
13:03:41	29.12	-0.01	8	23296	卖盘
13:03:35	29.13	--	13	37869	买盘
13:03:20	29.13	--	6	17478	买盘
13:03:05	29.13	--	4	11652	买盘
13:03:01	29.13	--	20	58260	买盘
13:02:56	29.13	--	54	157302	买盘
13:02:50	29.13	--	6	17478	买盘
13:02:46	29.13	--	1	2913	买盘
13:02:35	29.13	--	2	5826	买盘
13:02:31	29.13	-0.11	7	20391	买盘
13:02:26	29.24	--	0	0	买盘
13:02:20	29.24	--	0	0	买盘
13:02:15	29.24	0.12	1	2924	买盘
13:02:11	29.12	--	6	17472	卖盘
13:02:05	29.12	--	0	0	卖盘
13:02:01	29.12	--	4	11648	卖盘
13:01:56	29.12	--	1	2912	卖盘
13:01:50	29.12	--	1	2912	买盘
13:01:46	29.12	--	1	2912	中性盘
13:01:41	29.12	0.02	9	26208	买盘
13:01:35	29.1	-0.02	8	23280	卖盘
13:01:30	29.12	--	5	14560	买盘
13:01:26	29.12	-0.14	14	40768	卖盘
13:01:15	29.26	0.16	3	8778	买盘
13:01:10	29.1	--	1	2910	买盘
13:01:05	29.1	--	2	5820	买盘
13:01:00	29.1	--	8	23280	卖盘
13:00:55	29.1	--	0	0	卖盘
13:00:49	29.1	0.01	6	17460	买盘
13:00:45	29.09	--	4	11636	买盘
13:00:40	29.09	--	2	5818	买盘
13:00:30	29.09	--	17	49453	买盘
13:00:20	29.09	--	1	2909	买盘
13:00:15	29.09	-0.01	50	145450	卖盘
13:00:10	29.1	-0.2	10	29100	卖盘
13:00:05	29.3	0.23	219	641670	中性盘
11:30:00	29.07	--	0	0	卖盘
11:29:59	29.07	-0.29	11	31977	卖盘
11:29:55	29.36	--	0	0	买盘
11:29:46	29.36	0.04	9	26424	买盘
11:29:40	29.32	-0.04	9	29290	卖盘
11:29:31	29.36	--	17	49912	卖盘
11:29:25	29.36	0.03	174	510893	买盘
11:29:21	29.33	0.27	9	26397	买盘
11:29:16	29.06	--	0	0	卖盘
11:29:10	29.06	0.03	19	55214	买盘
11:29:06	29.03	--	14	40642	买盘
11:29:01	29.03	-0.01	34	98702	买盘
11:28:55	29.04	0.01	823	2389992	买盘
11:28:51	29.03	--	23	66769	卖盘
11:28:40	29.03	--	56	162568	中性盘
11:28:36	29.03	--	0	0	中性盘
11:28:31	29.03	0.03	43	124829	买盘
11:28:25	29.0	-0.01	10	29000	卖盘
11:28:10	29.01	0.01	4	11604	买盘
11:28:06	29.0	-0.01	3	8700	卖盘
11:28:01	29.01	0.01	11	31911	买盘
11:27:55	29.0	-0.01	15	43500	卖盘
11:27:51	29.01	-0.03	6	17406	卖盘
11:27:46	29.04	--	6	17424	买盘
11:27:40	29.04	--	41	119064	买盘
11:27:36	29.04	-0.01	105	304920	卖盘
11:27:31	29.05	--	105	305025	买盘
11:27:25	29.05	--	30	87150	买盘
11:27:16	29.05	-0.02	97	281785	卖盘
11:27:10	29.07	--	14	40698	卖盘
11:27:06	29.07	--	12	34884	卖盘
11:27:01	29.07	-0.01	65	188955	卖盘
11:26:55	29.08	--	2	5816	卖盘
11:26:51	29.08	-0.02	2	5816	卖盘
11:26:46	29.1	0.02	12	34920	买盘
11:26:40	29.08	--	0	0	卖盘
11:26:36	29.08	-0.05	20	58160	卖盘
11:26:25	29.13	-0.01	9	26217	卖盘
11:26:16	29.14	--	2	5828	买盘
11:26:10	29.14	--	42	122388	买盘
11:26:06	29.14	--	10	29140	买盘
11:26:01	29.14	--	3	8742	买盘
11:25:55	29.14	-0.02	93	271002	卖盘
11:25:51	29.16	--	34	99144	买盘
11:25:46	29.16	--	11	32076	买盘
11:25:40	29.16	--	12	34992	买盘
11:25:36	29.16	--	114	332424	买盘
11:25:31	29.16	-0.07	80	233280	卖盘
11:25:25	29.23	0.03	1	2923	中性盘
11:25:21	29.2	0.04	2	5840	买盘
11:25:16	29.16	-0.03	37	107892	卖盘
11:25:10	29.19	-0.31	8	23352	中性盘
11:25:04	29.5	0.31	1019	3006050	买盘
11:25:01	29.19	0.03	214	624666	买盘
11:24:55	29.16	0.11	2	5832	买盘
11:24:49	29.05	-0.11	7	20335	卖盘
11:24:46	29.16	-0.02	1	2916	中性盘
11:24:40	29.18	--	125	364750	买盘
11:24:34	29.18	-0.02	13	37934	买盘
11:24:31	29.2	--	0	0	买盘
11:24:25	29.2	0.01	122	356240	买盘
11:24:19	29.19	--	20	58380	买盘
11:24:16	29.19	-0.01	1	2919	卖盘
11:24:10	29.2	0.15	27	78840	买盘
11:24:04	29.05	-0.15	29	84245	卖盘
11:24:01	29.2	--	14	40880	买盘
11:23:49	29.2	0.18	32	93440	买盘
11:23:40	29.02	--	86	249572	卖盘
11:23:34	29.02	--	10	29020	卖盘
11:23:30	29.02	--	30	87060	卖盘
11:23:19	29.02	0.07	120	348240	买盘
11:23:15	28.95	--	1	2895	卖盘
11:23:10	28.95	0.04	5	14475	中性盘
11:23:04	28.91	--	30	86730	卖盘
11:23:00	28.91	0.11	1	2891	中性盘
11:22:55	28.8	-0.11	35	100800	卖盘
11:22:49	28.91	0.14	1	2891	买盘
11:22:40	28.77	0.06	11	31647	卖盘
11:22:34	28.71	--	0	0	卖盘
11:22:30	28.71	-0.06	1004	2882484	卖盘
11:22:19	28.77	--	4	11508	买盘
11:22:10	28.77	0.04	17	48909	买盘
11:22:04	28.73	0.03	81	232713	买盘
11:22:00	28.7	--	0	0	卖盘
11:21:55	28.7	-0.01	16	45920	卖盘
11:21:49	28.71	0.01	12	34452	中性盘
11:21:45	28.7	--	0	0	卖盘
11:21:34	28.7	-0.07	50	143500	卖盘
11:21:30	28.77	0.04	6	17262	买盘
11:21:25	28.73	-0.15	23	66079	卖盘
11:21:19	28.88	--	2	5776	买盘
11:21:15	28.88	0.2	2	5776	中性盘
11:21:10	28.68	--	0	0	卖盘
11:21:04	28.68	-0.21	52	149136	卖盘
11:21:00	28.89	-0.02	2	5778	买盘
11:20:55	28.91	0.23	2	5782	买盘
11:20:49	28.68	--	24	68832	卖盘
11:20:45	28.68	--	0	0	卖盘
11:20:40	28.68	--	60	172080	买盘
11:20:34	28.68	-0.27	254	728472	卖盘
11:20:30	28.95	0.05	26	75270	买盘
11:20:25	28.9	0.01	18	52020	买盘
11:20:19	28.89	-0.06	81	234009	卖盘
11:20:15	28.95	0.06	33	95535	买盘
11:20:10	28.89	-0.06	1	2889	卖盘
11:20:04	28.95	0.05	64	185280	买盘
11:20:00	28.9	0.14	43	124270	买盘
11:19:55	28.76	-0.13	99	284724	卖盘
11:19:49	28.89	-0.01	53	153117	卖盘
11:19:45	28.9	--	21	60690	买盘
11:19:34	28.9	0.14	42	121380	买盘
11:19:30	28.76	--	36	103536	卖盘
11:19:19	28.76	-0.04	9	25884	卖盘
11:19:13	28.8	-0.2	3	8640	中性盘
11:19:10	29.0	0.33	901	2612900	买盘
11:19:04	28.67	--	30	86010	卖盘
11:19:00	28.67	-0.2	76	217892	卖盘
11:18:49	28.87	-0.02	6	17322	买盘
11:18:45	28.89	--	0	0	买盘
11:18:40	28.89	0.26	4	11556	中性盘
11:18:34	28.63	-0.02	45	128835	卖盘
11:18:28	28.65	-0.29	24	68760	中性盘
11:18:25	28.94	-0.01	28	81032	买盘
11:18:19	28.95	0.35	10	28950	买盘
11:18:04	28.6	--	8	22880	卖盘
11:17:58	28.6	0.1	4	11440	买盘
11:17:54	28.5	-0.45	1	2850	卖盘
11:17:49	28.95	0.39	1549	4484355	买盘
11:17:43	28.56	-0.04	2	5712	买盘
11:17:39	28.6	--	0	0	买盘
11:17:34	28.6	0.04	10	28600	买盘
11:17:28	28.56	-0.04	2	7511	卖盘
11:17:19	28.6	0.04	14	40040	买盘
11:17:13	28.56	--	13	37128	卖盘
11:17:04	28.56	--	2	6768	买盘
11:16:58	28.56	--	4	11424	买盘
11:16:54	28.56	0.06	20	57120	买盘
11:16:49	28.5	-0.06	2	5700	卖盘
11:16:43	28.56	--	4	11424	买盘
11:16:39	28.56	0.06	10	28560	买盘
11:16:34	28.5	--	1	2850	卖盘
11:16:28	28.5	--	10	28500	卖盘
11:16:13	28.5	--	36	102600	买盘
11:15:58	28.5	0.01	35	99750	买盘
11:15:54	28.49	-0.01	6	17094	卖盘
11:15:49	28.5	--	1	2850	买盘
11:15:43	28.5	0.01	5	14250	买盘
11:15:39	28.49	-0.01	4	11396	卖盘
11:15:28	28.5	0.02	39	111150	买盘
11:15:19	28.48	--	0	0	卖盘
11:15:13	28.48	-0.01	25	71200	卖盘
11:15:09	28.49	--	5	14245	卖盘
11:15:04	28.49	0.02	3	8547	买盘
11:14:49	28.47	-0.01	27	76869	卖盘
11:14:43	28.48	--	13	37024	买盘
11:14:34	28.48	--	13	37024	买盘
11:14:28	28.48	0.01	6	17088	买盘
11:14:19	28.47	--	0	0	中性盘
11:14:13	28.47	--	20	56940	买盘
11:14:09	28.47	--	0	0	买盘
11:14:04	28.47	0.02	15	42705	买盘
11:13:49	28.45	--	6	17070	卖盘
11:13:39	28.45	--	24	68280	卖盘
11:13:34	28.45	--	5	14225	卖盘
11:13:28	28.45	--	6	17070	买盘
11:13:24	28.45	--	27	76815	买盘
11:13:19	28.45	0.01	1	2845	买盘
11:13:13	28.44	-0.01	18	51192	卖盘
11:13:09	28.45	--	1	2845	买盘
11:12:58	28.45	-0.03	7	19915	卖盘
11:12:53	28.48	0.03	2	5696	买盘
11:12:49	28.45	--	15	42675	卖盘
11:12:43	28.45	-0.03	17	48365	卖盘
11:12:38	28.48	--	6	17088	买盘
11:12:34	28.48	--	1	2848	买盘
11:12:22	28.48	-0.01	1	2848	中性盘
11:12:19	28.49	-0.01	1	2849	买盘
11:12:04	28.5	--	3	8550	卖盘
11:11:49	28.5	0.07	7	19950	买盘
11:11:43	28.43	-0.12	4	11372	卖盘
11:11:37	28.55	0.05	2	5710	买盘
11:11:28	28.5	-0.05	4	11400	卖盘
11:11:22	28.55	--	0	0	中性盘
11:11:13	28.55	-0.01	9	25695	卖盘
11:11:07	28.56	--	19	54264	买盘
11:10:58	28.56	-0.04	0	1799	卖盘
11:10:52	28.6	--	6	17160	买盘
11:10:48	28.6	0.04	7	20020	中性盘
11:10:43	28.56	-0.04	145	414120	卖盘
11:10:37	28.6	-0.01	24	68640	卖盘
11:10:28	28.61	0.01	96	274656	买盘
11:10:22	28.6	--	25	71500	卖盘
11:10:18	28.6	-0.01	30	85800	卖盘
11:10:13	28.61	-0.01	5	14305	卖盘
11:10:07	28.62	0.02	1	2862	买盘
11:10:03	28.6	--	8	22880	卖盘
11:09:58	28.6	-0.01	101	288860	卖盘
11:09:52	28.61	--	5	14305	卖盘
11:09:48	28.61	0.01	1	2861	中性盘
11:09:43	28.6	-0.03	80	228800	卖盘
11:09:37	28.63	0.01	138	395094	买盘
11:09:33	28.62	0.01	10	28620	买盘
11:09:28	28.61	-0.01	10	28610	卖盘
11:09:22	28.62	--	10	28620	买盘
11:09:18	28.62	--	6	17172	买盘
11:09:13	28.62	--	13	37206	卖盘
11:09:07	28.62	--	8	22896	卖盘
11:08:58	28.62	0.01	65	186030	买盘
11:08:52	28.61	--	50	143050	卖盘
11:08:48	28.61	--	1	2861	卖盘
11:08:43	28.61	0.01	19	54359	买盘
11:08:37	28.6	--	3	8580	卖盘
11:08:33	28.6	--	2	5720	卖盘
11:08:28	28.6	--	4	11440	卖盘
11:08:22	28.6	--	5	14300	卖盘
11:08:18	28.6	--	3	8580	卖盘
11:08:07	28.6	--	2	5720	卖盘
11:08:03	28.6	--	4	11440	卖盘
11:07:58	28.6	-0.01	19	54340	卖盘
11:07:52	28.61	0.01	4	11444	中性盘
11:07:48	28.6	-0.01	112	320320	卖盘
11:07:43	28.61	0.01	14	40054	买盘
11:07:37	28.6	-0.01	10	28600	卖盘
11:07:33	28.61	--	56	160216	买盘
11:07:22	28.61	--	55	157355	买盘
11:07:13	28.61	--	8	22888	买盘
11:07:07	28.61	--	1	2861	卖盘
11:07:03	28.61	--	3	8583	买盘
11:06:58	28.61	-0.01	13	37193	卖盘
11:06:52	28.62	0.01	1	2862	中性盘
11:06:48	28.61	--	10	28610	卖盘
11:06:43	28.61	--	7	20027	卖盘
11:06:37	28.61	--	14	40054	卖盘
11:06:28	28.61	-0.02	36	102996	卖盘
11:06:22	28.63	0.01	13	37219	买盘
11:06:18	28.62	0.01	33	94446	买盘
11:06:13	28.61	--	0	0	卖盘
11:06:07	28.61	-0.02	41	117301	卖盘
11:06:01	28.63	0.01	4	11452	买盘
11:05:58	28.62	-0.01	24	68688	卖盘
11:05:46	28.63	-0.03	22	62986	卖盘
11:05:37	28.66	0.03	3	8598	买盘
11:05:31	28.63	-0.03	11	31493	卖盘
11:05:28	28.66	--	19	54454	买盘
11:05:22	28.66	0.03	1	2866	买盘
11:05:07	28.63	-0.03	5	14315	卖盘
11:05:01	28.66	--	73	209218	买盘
11:04:58	28.66	--	25	71650	买盘
11:04:52	28.66	--	25	71650	买盘
11:04:46	28.66	--	7	20062	买盘
11:04:37	28.66	--	9	25794	卖盘
11:04:31	28.66	--	23	65918	卖盘
11:04:27	28.66	--	15	42990	卖盘
11:04:22	28.66	--	92	263672	卖盘
11:04:16	28.66	0.04	5	14330	中性盘
11:04:12	28.62	-0.04	35	100170	卖盘
11:04:07	28.66	0.04	15	42990	买盘
11:04:01	28.62	-0.04	4	11448	卖盘
11:03:57	28.66	-0.01	4	11464	买盘
11:03:52	28.67	0.06	7	20069	买盘
11:03:46	28.61	0.01	13	37193	中性盘
11:03:42	28.6	-0.06	45	128700	卖盘
11:03:37	28.66	--	10	28660	卖盘
11:03:31	28.66	0.05	51	147226	买盘
11:03:22	28.61	--	5	14305	买盘
11:03:16	28.61	--	54	154494	卖盘
11:03:07	28.61	-0.02	98	282180	卖盘
11:03:01	28.63	--	70	201469	卖盘
11:02:57	28.63	-0.02	8	22904	卖盘
11:02:52	28.65	-0.03	13	37245	卖盘
11:02:46	28.68	0.01	33	94644	买盘
11:02:37	28.67	-0.01	75	215025	卖盘
11:02:31	28.68	-0.02	5	14340	卖盘
11:02:27	28.7	--	0	0	中性盘
11:02:22	28.7	--	3	8610	卖盘
11:02:16	28.7	0.01	52	149240	买盘
11:02:12	28.69	--	18	51642	卖盘
11:02:07	28.69	--	28	80332	卖盘
11:02:01	28.69	-0.01	61	175009	卖盘
11:01:57	28.7	-0.03	1	2870	卖盘
11:01:52	28.73	--	52	149396	买盘
11:01:46	28.73	--	15	43095	卖盘
11:01:42	28.73	-0.02	21	60333	卖盘
11:01:37	28.75	0.02	34	97750	买盘
11:01:31	28.73	--	26	74698	卖盘
11:01:27	28.73	--	23	66079	卖盘
11:01:22	28.73	-0.02	77	221221	卖盘
11:01:16	28.75	--	34	97750	买盘
11:01:12	28.75	0.02	57	163875	买盘
11:01:07	28.73	--	1	2873	卖盘
11:01:01	28.73	0.05	66	189618	买盘
11:00:57	28.68	-0.01	15	43020	卖盘
11:00:52	28.69	-0.04	1	2869	中性盘
11:00:46	28.73	--	41	117793	买盘
11:00:41	28.73	-0.01	53	152269	中性盘
11:00:37	28.74	--	11	31614	买盘
11:00:31	28.74	-0.01	59	169566	中性盘
11:00:27	28.75	0.02	33	94875	买盘
11:00:16	28.73	--	2	5746	卖盘
11:00:11	28.73	-0.02	35	100555	卖盘
11:00:07	28.75	--	46	132250	卖盘
11:00:01	28.75	0.08	91	261625	买盘
10:59:55	28.67	-0.06	403	1155401	卖盘
10:59:52	28.73	0.03	71	203983	买盘
10:59:46	28.7	--	1	2870	买盘
10:59:40	28.7	-0.05	181	519470	卖盘
10:59:31	28.75	-0.04	25	71875	卖盘
10:59:25	28.79	--	145	417455	买盘
10:59:22	28.79	-0.01	13	37427	买盘
10:59:16	28.8	--	60	172800	买盘
10:59:10	28.8	--	12	34560	买盘
10:59:07	28.8	0.01	88	253440	买盘
10:59:01	28.79	0.04	62	178498	中性盘
10:58:55	28.75	--	55	158125	卖盘
10:58:51	28.75	0.02	30	86250	买盘
10:58:46	28.73	-0.02	50	143650	卖盘
10:58:40	28.75	0.05	34	97750	买盘
10:58:36	28.7	--	9	25830	卖盘
10:58:25	28.7	0.04	186	533820	买盘
10:58:21	28.66	--	278	796748	买盘
10:58:16	28.66	0.06	15	42990	买盘
10:58:10	28.6	--	13	37180	卖盘
10:58:01	28.6	0.14	721	2062060	买盘
10:57:55	28.46	-0.01	2	5692	中性盘
10:57:51	28.47	0.01	261	743067	买盘
10:57:46	28.46	0.01	60	170760	买盘
10:57:40	28.45	0.05	42	119490	买盘
10:57:36	28.4	0.01	95	269800	买盘
10:57:31	28.39	--	1	2839	买盘
10:57:25	28.39	0.01	50	141950	买盘
10:57:21	28.38	0.03	5	14190	买盘
10:57:16	28.35	--	2	5670	卖盘
10:57:10	28.35	0.14	917	2600857	买盘
10:57:01	28.21	--	4	11284	卖盘
10:56:55	28.21	-0.01	3	8463	卖盘
10:56:51	28.22	--	12	33864	卖盘
10:56:46	28.22	0.01	3	8466	买盘
10:56:36	28.21	-0.01	3	8463	卖盘
10:56:31	28.22	--	1	2822	买盘
10:56:25	28.22	--	1	2822	买盘
10:56:21	28.22	--	0	0	买盘
10:56:16	28.22	0.01	46	129812	买盘
10:56:10	28.21	--	24	67704	买盘
10:56:01	28.21	--	28	78988	卖盘
10:55:51	28.21	-0.01	10	28210	卖盘
10:55:46	28.22	-0.07	4	11288	卖盘
10:55:40	28.29	--	2	5658	买盘
10:55:36	28.29	--	2	5658	卖盘
10:55:31	28.29	--	21	59409	卖盘
10:55:25	28.29	--	7	19803	卖盘
10:55:21	28.29	-0.01	4	11316	卖盘
10:55:16	28.3	--	16	45280	买盘
10:55:10	28.3	--	54	152820	卖盘
10:55:06	28.3	-0.01	13	36790	卖盘
10:55:01	28.31	0.01	23	65113	买盘
10:54:55	28.3	-0.01	224	636721	卖盘
10:54:51	28.31	--	15	42493	卖盘
10:54:46	28.31	--	3	8493	卖盘
10:54:40	28.31	--	12	33972	买盘
10:54:36	28.31	--	3	8493	买盘
10:54:31	28.31	--	19	53789	卖盘
10:54:25	28.31	--	16	45296	买盘
10:54:21	28.31	--	22	62282	买盘
10:54:16	28.31	--	210	594510	买盘
10:54:10	28.31	--	46	130226	买盘
10:54:04	28.31	0.01	2	5662	中性盘
10:54:01	28.3	-0.01	420	1188600	卖盘
10:53:55	28.31	0.01	4	11324	买盘
10:53:50	28.3	-0.01	10	28300	卖盘
10:53:40	28.31	0.01	71	201001	买盘
10:53:34	28.3	--	0	0	买盘
10:53:25	28.3	0.02	24	67920	买盘
10:53:19	28.28	-0.02	37	104636	卖盘
10:53:16	28.3	0.01	50	141500	买盘
10:53:10	28.29	-0.01	50	141450	卖盘
10:53:04	28.3	0.02	5	14150	买盘
10:53:00	28.28	--	10	28280	卖盘
10:52:55	28.28	--	16	47849	卖盘
10:52:49	28.28	-0.01	27	76356	买盘
10:52:46	28.29	0.02	10	28290	买盘
10:52:40	28.27	-0.01	41	115907	卖盘
10:52:34	28.28	0.01	56	158368	买盘
10:52:30	28.27	-0.01	15	42405	卖盘
10:52:25	28.28	0.01	49	138572	买盘
10:52:19	28.27	--	11	31097	买盘
10:52:10	28.27	-0.01	5	14135	买盘
10:52:04	28.28	0.06	51	144228	买盘
10:52:00	28.22	--	1	2822	中性盘
10:51:55	28.22	--	3	8466	卖盘
10:51:49	28.22	0.03	35	98770	买盘
10:51:45	28.19	--	0	0	中性盘
10:51:40	28.19	--	3	8457	买盘
10:51:34	28.19	0.01	22	62018	买盘
10:51:25	28.18	--	5	14090	卖盘
10:51:19	28.18	0.08	12	33816	买盘
10:51:15	28.1	-0.07	4	11240	卖盘
10:51:10	28.17	0.07	10	28170	买盘
10:50:55	28.1	--	3	8430	买盘
10:50:40	28.1	0.07	1	2810	买盘
10:50:34	28.03	0.02	567	1589301	卖盘
10:50:25	28.01	--	0	0	卖盘
10:50:19	28.01	0.01	3	8403	卖盘
10:50:10	28.0	--	0	0	卖盘
10:50:04	28.0	-0.18	12	33600	买盘
10:50:00	28.18	--	0	0	买盘
10:49:55	28.18	0.18	727	2048686	买盘
10:49:49	28.0	--	4	11200	卖盘
10:49:34	28.0	0.01	68	190400	买盘
10:49:25	27.99	--	5	13995	买盘
10:49:19	27.99	--	10	27990	买盘
10:49:15	27.99	-0.01	2	5598	中性盘
10:49:10	28.0	0.01	23	64400	买盘
10:49:04	27.99	-0.01	5	13995	卖盘
10:49:00	28.0	0.01	2	5600	买盘
10:48:55	27.99	-0.01	23	64377	卖盘
10:48:49	28.0	0.01	10	28000	买盘
10:48:45	27.99	--	7	19593	卖盘
10:48:30	27.99	--	46	128754	买盘
10:48:19	27.99	0.03	23	64377	买盘
10:48:15	27.96	-0.02	52	145392	卖盘
10:48:10	27.98	--	38	106324	买盘
10:48:04	27.98	0.01	10	27980	买盘
10:47:55	27.97	-0.01	33	92301	卖盘
10:47:44	27.98	--	2	5596	买盘
10:47:25	27.98	--	41	114718	卖盘
10:47:19	27.98	-0.01	14	39172	卖盘
10:47:13	27.99	0.01	10	27990	买盘
10:46:55	27.98	--	1	2798	卖盘
10:46:49	27.98	-0.01	10	27980	中性盘
10:46:43	27.99	0.03	40	111960	买盘
10:46:28	27.96	--	3	8388	卖盘
10:46:25	27.96	-0.02	18	50328	卖盘
10:46:19	27.98	0.02	56	156688	买盘
10:46:09	27.96	--	0	0	卖盘
10:46:04	27.96	-0.01	15	41940	卖盘
10:45:58	27.97	0.01	12	33564	买盘
10:45:49	27.96	--	2	5592	卖盘
10:45:43	27.96	--	5	13980	卖盘
10:45:28	27.96	-0.01	5	13980	卖盘
10:45:13	27.97	-0.01	10	27970	卖盘
10:45:04	27.98	-0.01	10	27980	卖盘
10:44:58	27.99	0.01	4	11196	买盘
10:44:49	27.98	-0.02	22	61556	卖盘
10:44:34	28.0	--	0	0	买盘
10:44:28	28.0	0.02	7	19600	买盘
10:44:24	27.98	-0.02	50	139900	卖盘
10:44:19	28.0	0.01	27	75600	买盘
10:44:13	27.99	-0.01	3	8397	卖盘
10:43:58	28.0	-0.01	7	19600	卖盘
10:43:54	28.01	--	10	28010	买盘
10:43:49	28.01	--	27	75627	卖盘
10:43:43	28.01	-0.02	10	28010	卖盘
10:43:24	28.03	-0.02	40	112120	卖盘
10:43:13	28.05	--	6	16830	买盘
10:43:04	28.05	--	17	47685	买盘
10:42:58	28.05	-0.02	22	61710	卖盘
10:42:49	28.07	0.01	10	28070	中性盘
10:42:43	28.06	-0.01	14	39284	卖盘
10:42:39	28.07	-0.01	10	28070	买盘
10:42:34	28.08	0.01	75	210600	买盘
10:42:28	28.07	--	65	182455	卖盘
10:42:19	28.07	-0.02	1	2807	卖盘
10:42:13	28.09	0.01	11	30899	买盘
10:42:09	28.08	0.01	16	44928	卖盘
10:42:04	28.07	-0.02	24	67368	卖盘
10:41:58	28.09	0.01	21	58989	买盘
10:41:54	28.08	0.01	5	14040	买盘
10:41:43	28.07	-0.02	10	28070	卖盘
10:41:39	28.09	--	0	0	买盘
10:41:34	28.09	--	10	28090	买盘
10:41:28	28.09	-0.01	16	44944	卖盘
10:41:24	28.1	--	5	14050	买盘
10:41:13	28.1	--	44	123640	买盘
10:41:09	28.1	--	2	5620	买盘
10:41:04	28.1	0.01	58	162980	买盘
10:40:58	28.09	--	27	75843	卖盘
10:40:49	28.09	-0.01	30	84270	卖盘
10:40:43	28.1	0.03	27	75870	买盘
10:40:28	28.07	--	9	25263	买盘
10:40:22	28.07	0.02	1	2807	买盘
10:40:19	28.05	0.02	2	5610	卖盘
10:40:13	28.03	0.02	10	28030	卖盘
10:40:07	28.01	--	0	0	卖盘
10:39:58	28.01	--	45	126045	卖盘
10:39:52	28.01	--	5	14005	卖盘
10:39:48	28.01	0.01	88	246488	买盘
10:39:43	28.0	0.01	5	14000	买盘
10:39:37	27.99	--	13	36387	卖盘
10:39:28	27.99	0.01	12	33588	买盘
10:39:22	27.98	--	0	0	买盘
10:39:18	27.98	0.01	5	13990	买盘
10:39:07	27.97	--	5	13985	买盘
10:39:03	27.97	0.02	5	13985	买盘
10:38:52	27.95	--	0	0	中性盘
10:38:43	27.95	0.04	1	2795	买盘
10:38:28	27.91	0.04	23	64193	买盘
10:38:22	27.87	-0.03	2	5574	卖盘
10:38:13	27.9	0.03	10	27900	买盘
10:38:07	27.87	--	0	0	卖盘
10:37:58	27.87	0.03	1	2787	买盘
10:37:52	27.84	-0.01	2	5568	卖盘
10:37:48	27.85	--	1	2785	卖盘
10:37:43	27.85	--	22	61270	买盘
10:37:37	27.85	--	3	8355	买盘
10:37:33	27.85	0.01	8	22280	买盘
10:37:28	27.84	--	2	5568	卖盘
10:37:22	27.84	--	1	2784	卖盘
10:37:18	27.84	--	5	13920	卖盘
10:37:13	27.84	--	1	4176	买盘
10:37:07	27.84	--	25	70992	买盘
10:37:03	27.84	0.01	1	2784	买盘
10:36:58	27.83	--	4	12523	买盘
10:36:52	27.83	--	3	8349	买盘
10:36:43	27.83	0.01	23	64008	买盘
10:36:37	27.82	--	32	89024	买盘
10:36:33	27.82	-0.01	7	19474	卖盘
10:36:28	27.83	--	12	33396	买盘
10:36:22	27.83	0.01	13	36179	买盘
10:36:13	27.82	--	20	55640	卖盘
10:36:07	27.82	0.01	4	11128	卖盘
10:35:58	27.81	-0.01	5	13905	卖盘
10:35:52	27.82	-0.01	18	50076	卖盘
10:35:48	27.83	0.01	13	36179	买盘
10:35:42	27.82	-0.01	5	13910	买盘
10:35:33	27.83	0.01	47	130800	买盘
10:35:22	27.82	-0.01	7	19474	卖盘
10:35:07	27.83	--	9	25047	卖盘
10:34:52	27.83	--	0	0	卖盘
10:34:48	27.83	-0.02	9	25047	卖盘
10:34:37	27.85	-0.02	4	11140	卖盘
10:34:31	27.87	0.01	1	2787	买盘
10:34:16	27.86	-0.02	14	39004	卖盘
10:34:07	27.88	-0.02	10	27880	卖盘
10:34:01	27.9	--	54	150660	卖盘
10:33:57	27.9	--	9	25110	卖盘
10:33:52	27.9	--	52	145080	卖盘
10:33:46	27.9	--	25	69750	卖盘
10:33:42	27.9	-0.01	50	139500	卖盘
10:33:37	27.91	-0.04	13	36283	卖盘
10:33:27	27.95	--	19	53105	卖盘
10:33:16	27.95	-0.03	1	2795	卖盘
10:33:07	27.98	--	1	2798	买盘
10:33:01	27.98	-0.03	25	69950	卖盘
10:32:57	28.01	0.01	50	140050	买盘
10:32:46	28.0	-0.01	32	89600	卖盘
10:32:37	28.01	--	2	5602	买盘
10:32:31	28.01	--	6	16806	卖盘
10:32:22	28.01	--	4	11204	卖盘
10:32:16	28.01	--	0	0	卖盘
10:32:01	28.01	--	6	16806	卖盘
10:31:52	28.01	--	14	39214	买盘
10:31:46	28.01	--	4	11204	卖盘
10:31:37	28.01	-0.04	1	2801	卖盘
10:31:31	28.05	0.04	1	2805	买盘
10:31:22	28.01	--	15	42015	卖盘
10:31:16	28.01	--	5	14005	买盘
10:31:12	28.01	--	18	50418	买盘
10:31:07	28.01	0.01	5	14005	买盘
10:31:01	28.0	-0.01	1	2800	卖盘
10:30:57	28.01	0.01	2	5602	买盘
10:30:46	28.0	-0.01	15	42000	卖盘
10:30:42	28.01	--	1	2801	买盘
10:30:37	28.01	0.01	5	14005	买盘
10:30:31	28.0	-0.01	18	50400	卖盘
10:30:22	28.01	0.01	4	11204	买盘
10:30:16	28.0	-0.01	17	47600	卖盘
10:30:12	28.01	--	5	14005	卖盘
10:30:07	28.01	--	5	14005	卖盘
10:30:01	28.01	0.01	7	19607	中性盘
10:29:57	28.0	--	43	120400	卖盘
10:29:52	28.0	--	10	28000	卖盘
10:29:46	28.0	-0.01	12	33600	卖盘
10:29:42	28.01	--	0	0	中性盘
10:29:37	28.01	-0.07	8	22408	卖盘
10:29:31	28.08	--	1	2808	买盘
10:29:27	28.08	-0.02	17	47736	卖盘
10:29:16	28.1	--	12	33720	买盘
10:29:12	28.1	--	60	168600	卖盘
10:29:07	28.1	--	90	252900	卖盘
10:29:01	28.1	--	58	162980	卖盘
10:28:57	28.1	--	10	28100	卖盘
10:28:52	28.1	--	57	160170	卖盘
10:28:46	28.1	--	63	177030	卖盘
10:28:42	28.1	--	10	28100	卖盘
10:28:37	28.1	--	61	171410	卖盘
10:28:31	28.1	-0.01	6	16860	卖盘
10:28:27	28.11	--	2	5622	卖盘
10:28:16	28.11	-0.01	52	146172	卖盘
10:28:10	28.12	-0.01	4	11248	卖盘
10:28:01	28.13	--	9	25317	买盘
10:27:46	28.13	-0.02	8	22504	卖盘
10:27:40	28.15	--	0	0	中性盘
10:27:36	28.15	--	10	28150	卖盘
10:27:31	28.15	--	2	5630	卖盘
10:27:25	28.15	--	1	2815	卖盘
10:27:21	28.15	--	1	2815	卖盘
10:27:16	28.15	--	1	2815	卖盘
10:27:10	28.15	-0.01	3	8445	卖盘
10:27:01	28.16	--	2	5632	买盘
10:26:55	28.16	0.01	1	2816	卖盘
10:26:51	28.15	--	0	0	卖盘
10:26:46	28.15	--	36	101340	卖盘
10:26:40	28.15	--	0	0	卖盘
10:26:36	28.15	--	0	0	卖盘
10:26:31	28.15	-0.02	22	61930	卖盘
10:26:25	28.17	0.01	23	64791	买盘
10:26:21	28.16	--	6	16896	买盘
10:26:16	28.16	--	20	56320	卖盘
10:26:10	28.16	-0.01	3	8448	卖盘
10:26:06	28.17	0.01	25	70425	买盘
10:26:01	28.16	-0.01	32	90112	卖盘
10:25:55	28.17	0.01	13	36621	买盘
10:25:51	28.16	--	2	5632	卖盘
10:25:46	28.16	--	5	14080	卖盘
10:25:40	28.16	0.01	1	2816	买盘
10:25:36	28.15	-0.01	19	53485	卖盘
10:25:21	28.16	0.01	2	5632	中性盘
10:25:16	28.15	-0.02	4	11260	中性盘
10:25:10	28.17	0.02	20	56340	买盘
10:25:06	28.15	--	0	0	买盘
10:25:01	28.15	--	20	56300	中性盘
10:24:51	28.15	--	6	16890	卖盘
10:24:46	28.15	0.03	6	16890	买盘
10:24:36	28.12	--	1	2812	卖盘
10:24:31	28.12	-0.01	10	28120	卖盘
10:24:25	28.13	--	0	0	卖盘
10:24:21	28.13	-0.05	6	16878	卖盘
10:24:16	28.18	--	1	2818	买盘
10:24:10	28.18	--	21	59178	买盘
10:24:06	28.18	--	35	98630	买盘
10:24:01	28.18	--	23	64814	卖盘
10:23:55	28.18	--	68	191624	买盘
10:23:46	28.18	0.03	2	5636	买盘
10:23:40	28.15	--	16	45040	卖盘
10:23:36	28.15	--	10	28150	卖盘
10:23:25	28.15	--	9	25335	卖盘
10:23:21	28.15	0.03	14	39410	买盘
10:23:10	28.12	-0.03	16	44992	卖盘
10:23:06	28.15	-0.04	41	115415	卖盘
10:23:01	28.19	--	0	0	买盘
10:22:46	28.19	--	3	8457	买盘
10:22:40	28.19	0.01	40	112760	买盘
10:22:36	28.18	-0.01	5	14090	卖盘
10:22:31	28.19	-0.01	1	2819	卖盘
10:22:25	28.2	--	20	56400	买盘
10:22:20	28.2	-0.02	22	62040	卖盘
10:22:16	28.22	--	3	8466	买盘
10:22:04	28.22	-0.03	219	618018	卖盘
10:22:00	28.25	--	6	16950	买盘
10:21:55	28.25	--	8	22600	买盘
10:21:49	28.25	-0.01	52	146900	卖盘
10:21:45	28.26	--	39	110214	买盘
10:21:40	28.26	--	30	84780	卖盘
10:21:34	28.26	-0.01	78	220428	卖盘
10:21:30	28.27	0.01	12	33924	买盘
10:21:25	28.26	-0.01	26	73476	卖盘
10:21:19	28.27	-0.01	109	308143	卖盘
10:21:10	28.28	0.02	2	5656	买盘
10:21:04	28.26	-0.01	30	84780	卖盘
10:21:00	28.27	0.01	15	42405	买盘
10:20:55	28.26	--	3	8478	中性盘
10:20:49	28.26	--	19	53694	买盘
10:20:45	28.26	--	0	0	中性盘
10:20:40	28.26	0.01	6	16956	中性盘
10:20:34	28.25	-0.01	116	327700	中性盘
10:20:25	28.26	-0.02	21	59346	买盘
10:20:19	28.28	0.03	116	328048	买盘
10:20:15	28.25	0.03	3	8475	买盘
10:20:10	28.22	0.02	22	62084	买盘
10:20:04	28.2	--	62	174840	买盘
10:20:00	28.2	0.02	27	76140	买盘
10:19:55	28.18	-0.01	105	295890	卖盘
10:19:49	28.19	-0.01	56	157864	中性盘
10:19:45	28.2	0.02	50	141000	买盘
10:19:40	28.18	--	76	214168	买盘
10:19:34	28.18	--	23	64814	卖盘
10:19:25	28.18	0.01	21	59178	买盘
10:19:19	28.17	0.07	33	92961	买盘
10:19:15	28.1	-0.05	121	340010	卖盘
10:19:10	28.15	0.05	6	16890	买盘
10:19:04	28.1	--	8	22480	卖盘
10:19:00	28.1	--	6	16860	卖盘
10:18:55	28.1	0.02	82	230420	买盘
10:18:49	28.08	--	0	0	卖盘
10:18:40	28.08	-0.01	4	11232	卖盘
10:18:34	28.09	0.01	33	92697	买盘
10:18:30	28.08	--	21	58968	买盘
10:18:25	28.08	-0.01	159	446472	卖盘
10:18:19	28.09	--	19	53371	买盘
10:18:10	28.09	0.01	15	42135	买盘
10:18:00	28.08	--	1	2808	买盘
10:17:55	28.08	--	0	0	买盘
10:17:49	28.08	--	14	39312	买盘
10:17:45	28.08	0.01	8	22464	买盘
10:17:40	28.07	-0.01	1	2807	中性盘
10:17:34	28.08	0.02	7	19656	买盘
10:17:30	28.06	--	20	56120	卖盘
10:17:25	28.06	--	73	204838	买盘
10:17:19	28.06	0.01	34	95404	买盘
10:17:10	28.05	0.01	28	78540	买盘
10:17:04	28.04	0.01	23	64492	买盘
10:17:00	28.03	-0.01	43	120529	卖盘
10:16:55	28.04	0.01	12	33648	买盘
10:16:45	28.03	--	6	16818	卖盘
10:16:40	28.03	0.01	5	14015	买盘
10:16:34	28.02	0.02	4	11208	中性盘
10:16:30	28.0	-0.04	30	84000	卖盘
10:16:25	28.04	0.02	26	72904	买盘
10:16:19	28.02	0.02	30	84172	买盘
10:16:10	28.0	--	3	8400	买盘
10:16:04	28.0	0.01	4	11200	买盘
10:16:00	27.99	-0.01	10	27990	中性盘
10:15:55	28.0	0.03	303	848400	买盘
10:15:43	27.97	-0.01	2	5594	中性盘
10:15:34	27.98	0.01	25	69950	买盘
10:15:28	27.97	-0.01	10	27970	卖盘
10:15:24	27.98	--	50	139900	买盘
10:15:19	27.98	0.01	9	25182	买盘
10:15:13	27.97	-0.01	50	139850	卖盘
10:15:04	27.98	0.01	8	22384	买盘
10:14:58	27.97	0.02	2	5594	卖盘
10:14:49	27.95	-0.02	10	27950	卖盘
10:14:43	27.97	--	7	19579	卖盘
10:14:39	27.97	--	5	13985	买盘
10:14:34	27.97	0.02	14	39158	买盘
10:14:28	27.95	-0.01	26	72670	卖盘
10:14:24	27.96	--	6	16776	卖盘
10:14:19	27.96	0.01	10	27960	买盘
10:14:13	27.95	--	2	5590	卖盘
10:13:49	27.95	--	2	5590	买盘
10:13:43	27.95	--	2	5590	买盘
10:13:39	27.95	--	1	2795	买盘
10:13:34	27.95	0.01	20	55900	买盘
10:13:28	27.94	--	0	0	买盘
10:13:13	27.94	--	16	44704	买盘
10:13:09	27.94	0.03	3	8382	买盘
10:12:58	27.91	--	1	2791	卖盘
10:12:54	27.91	0.01	11	30701	买盘
10:12:49	27.9	--	3	8370	卖盘
10:12:43	27.9	--	4	11160	卖盘
10:12:34	27.9	--	6	16740	卖盘
10:12:28	27.9	--	10	27900	卖盘
10:12:13	27.9	--	1	2790	卖盘
10:12:09	27.9	--	61	170190	买盘
10:11:49	27.9	--	0	0	买盘
10:11:43	27.9	0.03	3	8370	买盘
10:11:28	27.87	-0.11	2	5574	买盘
10:11:24	27.98	--	0	0	买盘
10:11:19	27.98	0.12	11	30778	买盘
10:11:13	27.86	-0.04	521	1451506	卖盘
10:11:09	27.9	0.03	19	53010	买盘
10:10:58	27.87	-0.03	5	13935	卖盘
10:10:49	27.9	--	0	0	中性盘
10:10:28	27.9	--	20	55800	买盘
10:10:24	27.9	--	5	13950	买盘
10:10:13	27.9	--	4	11160	买盘
10:10:09	27.9	--	14	39060	卖盘
10:10:04	27.9	--	3	8370	卖盘
10:09:54	27.9	0.02	1	2790	买盘
10:09:49	27.88	0.03	10	27880	中性盘
10:09:38	27.85	-0.06	139	387115	卖盘
10:09:28	27.91	-0.04	13	36283	卖盘
10:09:13	27.95	--	5	13975	买盘
10:09:03	27.95	--	53	150818	卖盘
10:08:58	27.95	--	54	150930	卖盘
10:08:52	27.95	--	10	27950	卖盘
10:08:48	27.95	--	9	25155	卖盘
10:08:43	27.95	--	2	5701	买盘
10:08:37	27.95	-0.01	3	11068	卖盘
10:08:28	27.96	-0.02	51	142596	卖盘
10:08:22	27.98	0.01	24	67152	买盘
10:08:18	27.97	0.01	32	89615	买盘
10:08:13	27.96	-0.01	39	111728	卖盘
10:08:07	27.97	0.01	4	11188	买盘
10:08:03	27.96	-0.01	14	39255	卖盘
10:07:58	27.97	--	11	30767	买盘
10:07:48	27.97	0.01	1	2797	买盘
10:07:28	27.96	-0.01	22	61512	卖盘
10:07:22	27.97	-0.01	21	58737	卖盘
10:07:18	27.98	0.01	7	19586	买盘
10:07:13	27.97	--	13	36361	买盘
10:07:03	27.97	--	5	13985	买盘
10:06:58	27.97	-0.01	34	95098	卖盘
10:06:52	27.98	--	11	30778	买盘
10:06:48	27.98	--	1	2798	买盘
10:06:43	27.98	-0.01	54	151092	卖盘
10:06:37	27.99	--	12	33588	买盘
10:06:33	27.99	--	8	22392	买盘
10:06:28	27.99	-0.01	51	142749	卖盘
10:06:22	28.0	0.01	16	44800	买盘
10:06:07	27.99	--	5	13995	卖盘
10:06:03	27.99	--	2	5598	卖盘
10:05:58	27.99	--	64	179136	买盘
10:05:52	27.99	0.01	16	44784	买盘
10:05:48	27.98	-0.01	3	8394	买盘
10:05:43	27.99	0.01	30	83970	买盘
10:05:37	27.98	-0.01	11	30778	卖盘
10:05:33	27.99	0.01	5	13995	买盘
10:05:28	27.98	--	14	39172	买盘
10:05:22	27.98	--	31	86738	买盘
10:05:18	27.98	0.02	5	13990	买盘
10:05:07	27.96	-0.01	12	33552	卖盘
10:05:03	27.97	0.01	40	111880	买盘
10:04:58	27.96	--	47	131412	卖盘
10:04:52	27.96	--	5	13980	卖盘
10:04:48	27.96	0.01	43	120228	买盘
10:04:43	27.95	0.02	59	164905	买盘
10:04:37	27.93	--	34	94962	卖盘
10:04:22	27.93	--	5	13965	卖盘
10:04:13	27.93	0.01	15	41895	买盘
10:04:07	27.92	--	47	131224	买盘
10:04:03	27.92	0.04	12	33504	买盘
10:03:57	27.88	-0.04	2	5576	卖盘
10:03:52	27.92	0.01	13	36296	买盘
10:03:48	27.91	--	3	8373	买盘
10:03:43	27.91	0.04	8	22328	买盘
10:03:37	27.87	--	0	0	卖盘
10:03:33	27.87	-0.03	14	39018	卖盘
10:03:27	27.9	0.03	50	139500	买盘
10:03:22	27.87	--	16	44592	卖盘
10:03:13	27.87	--	2	5574	买盘
10:03:07	27.87	0.01	51	142137	买盘
10:02:52	27.86	-0.01	7	19502	卖盘
10:02:46	27.87	0.01	4	11148	买盘
10:02:42	27.86	--	1	2786	卖盘
10:02:37	27.86	0.01	52	144872	买盘
10:02:27	27.85	--	3	8355	卖盘
10:02:22	27.85	--	8	22280	卖盘
10:02:16	27.85	--	6	16710	卖盘
10:02:12	27.85	0.02	43	119755	买盘
10:02:07	27.83	--	8	22264	买盘
10:02:01	27.83	0.01	8	22264	买盘
10:01:52	27.82	--	5	13910	卖盘
10:01:46	27.82	-0.01	40	111280	卖盘
10:01:37	27.83	-0.02	4	11132	卖盘
10:01:31	27.85	0.02	3	8355	买盘
10:01:27	27.83	-0.02	3	8349	卖盘
10:01:22	27.85	--	16	44560	买盘
10:01:16	27.85	-0.01	22	61270	买盘
10:01:12	27.86	--	0	0	买盘
10:01:07	27.86	0.01	26	72436	买盘
10:01:01	27.85	--	5	13925	买盘
10:00:57	27.85	--	0	0	中性盘
10:00:52	27.85	--	16	44560	卖盘
10:00:46	27.85	-0.01	30	83550	卖盘
10:00:42	27.86	0.01	27	75222	买盘
10:00:37	27.85	-0.02	4	11140	卖盘
10:00:31	27.87	0.01	75	209025	买盘
10:00:27	27.86	--	0	0	中性盘
10:00:22	27.86	--	9	25074	卖盘
10:00:16	27.86	--	10	27860	卖盘
10:00:07	27.86	--	5	13930	卖盘
10:00:01	27.86	-0.01	8	22288	卖盘
09:59:52	27.87	0.02	33	91971	买盘
09:59:46	27.85	-0.01	37	103045	卖盘
09:59:42	27.86	0.01	2	5572	买盘
09:59:37	27.85	--	3	8355	卖盘
09:59:27	27.85	--	2	5570	卖盘
09:59:16	27.85	--	18	50130	买盘
09:59:12	27.85	--	12	33420	买盘
09:59:07	27.85	--	0	0	买盘
09:59:01	27.85	0.03	14	38990	买盘
09:58:57	27.82	--	15	41730	卖盘
09:58:52	27.82	--	20	55640	卖盘
09:58:46	27.82	--	38	105716	卖盘
09:58:31	27.82	--	31	86242	卖盘
09:58:22	27.82	-0.01	19	52858	中性盘
09:58:16	27.83	0.01	26	72358	买盘
09:58:07	27.82	--	5	13910	买盘
09:58:01	27.82	--	1	2782	买盘
09:57:57	27.82	0.02	11	30602	买盘
09:57:52	27.8	--	6	16680	卖盘
09:57:46	27.8	--	14	38920	买盘
09:57:42	27.8	--	28	77840	买盘
09:57:37	27.8	0.03	3	8340	买盘
09:57:31	27.77	--	18	49986	卖盘
09:57:22	27.77	0.02	15	41655	买盘
09:57:16	27.75	-0.02	5	13875	中性盘
09:57:06	27.77	0.02	20	55540	买盘
09:57:01	27.75	0.03	39	108225	买盘
09:56:56	27.72	--	8	22176	卖盘
09:56:46	27.72	--	12	33264	卖盘
09:56:42	27.72	0.02	1	2772	卖盘
09:56:31	27.7	-0.02	40	110800	卖盘
09:56:27	27.72	--	42	116424	卖盘
09:56:21	27.72	0.02	1	2772	买盘
09:56:10	27.7	--	15	41550	卖盘
09:56:07	27.7	--	12	33240	卖盘
09:56:01	27.7	--	5	13850	买盘
09:55:55	27.7	--	5	13850	卖盘
09:55:51	27.7	-0.02	7	19390	卖盘
09:55:46	27.72	--	7	19404	买盘
09:55:40	27.72	--	2	5544	买盘
09:55:36	27.72	--	46	127512	买盘
09:55:31	27.72	--	26	72072	买盘
09:55:25	27.72	--	74	205128	卖盘
09:55:16	27.72	--	1	2772	卖盘
09:55:10	27.72	--	36	99792	买盘
09:55:06	27.72	-0.04	16	44352	卖盘
09:55:01	27.76	0.01	11	30536	买盘
09:54:55	27.75	--	9	24975	卖盘
09:54:51	27.75	--	1	2775	卖盘
09:54:46	27.75	--	0	0	卖盘
09:54:40	27.75	-0.01	45	124875	卖盘
09:54:31	27.76	0.01	1	2776	中性盘
09:54:25	27.75	-0.02	6	16650	卖盘
09:54:16	27.77	0.02	5	13885	买盘
09:54:10	27.75	-0.02	33	91575	卖盘
09:53:55	27.77	-0.04	8	22216	卖盘
09:53:46	27.81	0.01	13	36153	买盘
09:53:36	27.8	--	32	88960	卖盘
09:53:31	27.8	--	3	8340	卖盘
09:53:25	27.8	-0.02	11	30580	卖盘
09:53:21	27.82	--	16	44512	买盘
09:53:16	27.82	--	27	75114	买盘
09:53:10	27.82	-0.01	5	13910	卖盘
09:53:01	27.83	--	15	41745	买盘
09:52:55	27.83	--	40	111320	买盘
09:52:40	27.83	-0.03	19	52877	买盘
09:52:36	27.86	0.04	33	91938	买盘
09:52:31	27.82	--	0	0	卖盘
09:52:25	27.82	0.02	30	83460	卖盘
09:52:16	27.8	-0.01	10	27800	卖盘
09:52:01	27.81	-0.01	39	108459	买盘
09:51:51	27.82	0.01	54	150228	买盘
09:51:46	27.81	--	11	30591	卖盘
09:51:40	27.81	--	8	22248	卖盘
09:51:31	27.81	--	25	69525	卖盘
09:51:25	27.81	--	18	50058	卖盘
09:51:21	27.81	0.01	2	5562	买盘
09:51:10	27.8	0.03	1	2780	买盘
09:51:06	27.77	-0.04	2	5554	卖盘
09:51:01	27.81	0.01	55	152955	买盘
09:50:55	27.8	-0.01	12	33360	卖盘
09:50:51	27.81	0.01	10	27810	买盘
09:50:46	27.8	--	1	2780	卖盘
09:50:40	27.8	0.03	13	36140	中性盘
09:50:36	27.77	-0.03	65	180505	中性盘
09:50:25	27.8	--	3	8340	买盘
09:50:21	27.8	-0.09	65	182090	卖盘
09:50:15	27.89	--	1	4183	买盘
09:50:06	27.89	0.01	31	86459	买盘
09:50:01	27.88	-0.01	16	44608	中性盘
09:49:55	27.89	--	4	11156	买盘
09:49:50	27.89	--	40	111560	买盘
09:49:40	27.89	-0.04	157	439267	卖盘
09:49:34	27.93	-0.02	87	242991	卖盘
09:49:30	27.95	--	54	150930	买盘
09:49:25	27.95	--	43	120185	买盘
09:49:19	27.95	0.02	76	212420	买盘
09:49:15	27.93	-0.02	16	44688	买盘
09:49:10	27.95	0.02	58	162110	买盘
09:49:04	27.93	--	16	44688	卖盘
09:49:00	27.93	-0.02	50	139650	卖盘
09:48:55	27.95	0.02	123	343785	买盘
09:48:49	27.93	--	48	134064	买盘
09:48:45	27.93	-0.02	5	13965	买盘
09:48:40	27.95	0.03	61	170495	买盘
09:48:34	27.92	-0.03	5	13960	卖盘
09:48:30	27.95	0.05	35	97825	买盘
09:48:25	27.9	--	76	212040	卖盘
09:48:19	27.9	-0.05	50	139500	卖盘
09:48:15	27.95	--	52	145340	中性盘
09:48:10	27.95	-0.01	61	170495	卖盘
09:48:04	27.96	0.01	39	109044	中性盘
09:48:00	27.95	--	21	58695	卖盘
09:47:55	27.95	--	15	41925	卖盘
09:47:49	27.95	0.01	66	184470	买盘
09:47:45	27.94	--	4	11176	买盘
09:47:40	27.94	-0.01	125	349250	卖盘
09:47:34	27.95	0.01	23	65682	买盘
09:47:25	27.94	0.01	64	178816	买盘
09:47:19	27.93	--	14	39102	买盘
09:47:15	27.93	0.03	20	55860	买盘
09:47:10	27.9	--	25	69750	卖盘
09:47:04	27.9	--	16	44640	买盘
09:47:00	27.9	--	52	145080	买盘
09:46:55	27.9	--	10	27900	买盘
09:46:49	27.9	0.1	4	11160	中性盘
09:46:45	27.8	0.04	7	19460	卖盘
09:46:40	27.76	--	31	86056	卖盘
09:46:34	27.76	-0.19	32	88832	中性盘
09:46:30	27.95	--	0	0	买盘
09:46:25	27.95	-0.03	7	19565	买盘
09:46:19	27.98	--	0	0	买盘
09:46:15	27.98	--	0	0	买盘
09:46:10	27.98	--	0	0	买盘
09:46:04	27.98	0.28	37	103526	买盘
09:46:00	27.7	--	43	119110	买盘
09:45:55	27.7	-0.29	28	77560	卖盘
09:45:49	27.99	--	34	95166	买盘
09:45:45	27.99	--	97	272902	卖盘
09:45:40	27.99	--	106	296694	卖盘
09:45:34	27.99	-0.01	155	433845	卖盘
09:45:30	28.0	-0.06	35	98000	中性盘
09:45:25	28.06	0.06	124	347944	买盘
09:45:19	28.0	--	161	450800	买盘
09:45:15	28.0	0.01	68	190400	买盘
09:45:10	27.99	--	33	92367	卖盘
09:45:04	27.99	-0.01	65	181935	卖盘
09:45:00	28.0	0.01	57	159600	买盘
09:44:55	27.99	--	223	625576	卖盘
09:44:49	27.99	--	59	165141	卖盘
09:44:40	27.99	--	12	33588	卖盘
09:44:34	27.99	0.59	598	1673802	买盘
09:44:30	27.4	--	2	5480	卖盘
09:44:25	27.4	-0.01	69	189060	卖盘
09:44:19	27.41	0.01	10	27410	买盘
09:44:10	27.4	-0.01	10	27400	卖盘
09:44:00	27.41	-0.01	50	137050	卖盘
09:43:49	27.42	-0.01	5	13710	卖盘
09:43:45	27.43	--	5	13715	卖盘
09:43:39	27.43	--	0	0	卖盘
09:43:34	27.43	0.03	20	54860	买盘
09:43:30	27.4	-0.05	13	35620	卖盘
09:43:24	27.45	0.02	10	27450	买盘
09:43:19	27.43	-0.02	1	2743	卖盘
09:43:15	27.45	-0.01	138	378810	卖盘
09:42:54	27.46	--	3	8238	卖盘
09:42:49	27.46	0.01	19	52174	买盘
09:42:43	27.45	-0.01	33	90585	卖盘
09:42:39	27.46	--	1	2746	买盘
09:42:34	27.46	--	1	2746	中性盘
09:42:28	27.46	0.01	5	13730	买盘
09:42:24	27.45	--	8	21960	卖盘
09:42:19	27.45	-0.04	15	41175	卖盘
09:42:13	27.49	-0.01	15	41235	中性盘
09:42:09	27.5	--	41	112750	买盘
09:42:04	27.5	--	12	33000	买盘
09:41:58	27.5	--	15	41250	买盘
09:41:54	27.5	--	1	2750	买盘
09:41:49	27.5	--	37	101750	买盘
09:41:43	27.5	-0.08	243	668250	卖盘
09:41:34	27.58	--	21	57918	卖盘
09:41:28	27.58	0.03	51	140658	买盘
09:41:24	27.55	--	3	8265	卖盘
09:41:19	27.55	-0.03	40	110200	卖盘
09:41:13	27.58	0.08	33	91014	买盘
09:41:04	27.5	--	110	302500	卖盘
09:40:58	27.5	0.05	46	126500	买盘
09:40:54	27.45	0.02	5	13725	卖盘
09:40:49	27.43	0.04	17	46631	买盘
09:40:43	27.39	-0.03	9	24651	卖盘
09:40:34	27.42	0.07	59	161778	买盘
09:40:28	27.35	--	0	0	卖盘
09:40:19	27.35	--	12	32820	卖盘
09:40:13	27.35	--	1	2735	卖盘
09:40:04	27.35	0.02	2	5470	买盘
09:39:58	27.33	--	34	92922	卖盘
09:39:54	27.33	0.02	3	8199	卖盘
09:39:49	27.31	-0.01	121	332034	卖盘
09:39:43	27.32	0.01	55	150260	中性盘
09:39:39	27.31	--	63	172053	卖盘
09:39:34	27.31	-0.01	63	172053	卖盘
09:39:28	27.32	-0.01	93	254076	卖盘
09:39:24	27.33	--	5	13665	买盘
09:39:19	27.33	0.01	41	112053	买盘
09:39:13	27.32	-0.01	36	98352	卖盘
09:39:09	27.33	--	1	2733	买盘
09:39:04	27.33	--	24	65592	买盘
09:38:58	27.33	--	31	84723	买盘
09:38:54	27.33	--	39	106587	买盘
09:38:49	27.33	-0.06	113	308829	卖盘
09:38:43	27.39	0.04	39	106821	买盘
09:38:39	27.35	--	12	32820	买盘
09:38:34	27.35	--	128	350080	买盘
09:38:28	27.35	--	15	41025	买盘
09:38:24	27.35	-0.04	20	54700	卖盘
09:38:19	27.39	0.03	38	104082	买盘
09:38:13	27.36	-0.03	29	79344	卖盘
09:38:09	27.39	--	15	41085	买盘
09:38:04	27.39	0.04	31	84909	买盘
09:37:58	27.35	0.02	30	82050	买盘
09:37:54	27.33	0.01	28	76524	买盘
09:37:49	27.32	--	9	24588	卖盘
09:37:43	27.32	-0.03	56	152992	卖盘
09:37:39	27.35	0.03	12	32820	买盘
09:37:33	27.32	-0.03	23	62836	卖盘
09:37:28	27.35	--	27	73845	卖盘
09:37:24	27.35	--	20	54700	买盘
09:37:19	27.35	--	59	161365	卖盘
09:37:13	27.35	--	82	224270	卖盘
09:37:09	27.35	--	53	144955	卖盘
09:37:03	27.35	--	3	8205	卖盘
09:36:58	27.35	-0.04	24	65640	卖盘
09:36:54	27.39	0.04	35	95865	买盘
09:36:43	27.35	-0.04	205	560675	卖盘
09:36:39	27.39	-0.02	14	38346	卖盘
09:36:33	27.41	0.02	5	13705	买盘
09:36:28	27.39	-0.02	39	106821	卖盘
09:36:22	27.41	0.01	32	87712	买盘
09:36:18	27.4	--	20	54800	卖盘
09:36:13	27.4	--	28	76720	卖盘
09:36:07	27.4	-0.01	52	142480	卖盘
09:36:03	27.41	0.01	15	41115	买盘
09:35:58	27.4	-0.01	28	76720	卖盘
09:35:52	27.41	--	9	24669	买盘
09:35:48	27.41	-0.01	11	30151	卖盘
09:35:43	27.42	--	34	93228	买盘
09:35:37	27.42	0.01	9	24678	买盘
09:35:33	27.41	--	37	101417	卖盘
09:35:28	27.41	-0.01	15	41115	卖盘
09:35:22	27.42	-0.01	9	24678	买盘
09:35:18	27.43	--	10	27430	买盘
09:35:13	27.43	0.01	58	159094	买盘
09:35:07	27.42	-0.01	22	60324	卖盘
09:35:03	27.43	0.01	58	159094	买盘
09:34:58	27.42	-0.01	9	24678	卖盘
09:34:52	27.43	0.01	22	60346	买盘
09:34:48	27.42	-0.01	9	24678	卖盘
09:34:43	27.43	-0.03	63	172809	卖盘
09:34:37	27.46	--	27	74142	买盘
09:34:28	27.46	--	3	8238	买盘
09:34:18	27.46	--	2	5492	买盘
09:34:13	27.46	0.04	16	43936	买盘
09:34:07	27.42	-0.04	22	60324	卖盘
09:34:03	27.46	0.04	2	5492	买盘
09:33:58	27.42	0.03	7	19194	卖盘
09:33:48	27.39	-0.07	120	328680	卖盘
09:33:43	27.46	0.05	37	101602	买盘
09:33:37	27.41	0.01	4	10964	中性盘
09:33:33	27.4	-0.09	41	112340	卖盘
09:33:28	27.49	0.06	67	184183	买盘
09:33:22	27.43	0.02	17	46631	买盘
09:33:18	27.41	-0.01	33	90453	卖盘
09:33:13	27.42	--	55	150810	卖盘
09:33:07	27.42	0.01	43	117906	买盘
09:33:03	27.41	--	0	0	卖盘
09:32:58	27.41	-0.04	58	158978	卖盘
09:32:52	27.45	0.03	20	54900	买盘
09:32:48	27.42	-0.03	12	32904	卖盘
09:32:43	27.45	0.03	2	5490	中性盘
09:32:37	27.42	-0.05	56	153552	中性盘
09:32:33	27.47	0.02	2	5494	买盘
09:32:28	27.45	-0.01	52	142740	卖盘
09:32:22	27.46	0.01	1	2746	中性盘
09:32:18	27.45	-0.02	2	5490	卖盘
09:32:13	27.47	-0.03	32	87904	中性盘
09:32:07	27.5	-0.01	133	365750	卖盘
09:32:03	27.51	--	87	239337	买盘
09:31:58	27.51	--	83	228333	买盘
09:31:52	27.51	--	22	60522	买盘
09:31:48	27.51	--	3	8253	买盘
09:31:43	27.51	--	14	38514	卖盘
09:31:37	27.51	--	1	2751	卖盘
09:31:33	27.51	--	10	27510	卖盘
09:31:28	27.51	-0.02	19	52269	卖盘
09:31:22	27.53	0.02	31	85343	中性盘
09:31:18	27.51	-0.04	23	63273	卖盘
09:31:12	27.55	--	43	118465	买盘
09:31:07	27.55	--	11	30305	买盘
09:30:58	27.55	--	53	146015	卖盘
09:30:52	27.55	0.03	63	173565	买盘
09:30:48	27.52	-0.03	103	283456	卖盘
09:30:42	27.55	0.03	23	63365	卖盘
09:30:37	27.52	-0.03	33	90816	卖盘
09:30:33	27.55	--	3	8265	卖盘
09:30:27	27.55	0.03	4	11020	买盘
09:30:22	27.52	-0.03	11	30272	卖盘
09:30:18	27.55	-0.05	18	49590	买盘
09:30:12	27.6	--	8	22080	买盘
09:30:07	27.6	-0.08	124	342240	中性盘
09:30:01	27.68	--	15	41520	买盘
09:28:51	27.68	--	0	0	买盘
09:25:06	27.68	27.68	129	357072	买盘
