成交时间	成交价	价格变动	成交量(手)	成交额(元)	性质
15:00:00	14.12	--	0	0	卖盘
15:00:00	14.12	--	0	0	卖盘
14:59:49	14.12	--	31	43786	买盘
14:59:44	14.12	--	5	7060	买盘
14:59:38	14.12	--	1	1412	买盘
14:59:29	14.12	0.01	20	28240	买盘
14:59:23	14.11	-0.01	5	7055	卖盘
14:59:04	14.12	--	93	131316	买盘
14:58:59	14.12	--	9	14105	卖盘
14:58:53	14.12	--	9	12708	卖盘
14:58:49	14.12	--	8	11296	卖盘
14:58:44	14.12	--	11	15532	卖盘
14:58:38	14.12	--	13	18370	买盘
14:58:34	14.12	0.01	54	76248	买盘
14:58:29	14.11	-0.01	10	14110	卖盘
14:58:19	14.12	--	0	0	买盘
14:57:59	14.12	0.05	36	50832	买盘
14:57:53	14.07	--	0	0	卖盘
14:57:44	14.07	--	0	0	卖盘
14:57:23	14.07	--	0	0	卖盘
14:56:53	14.07	-0.02	20	28140	卖盘
14:56:49	14.09	-0.03	3	4227	买盘
14:56:44	14.12	0.03	200	282400	买盘
14:56:38	14.09	--	0	0	买盘
14:56:23	14.09	--	2	2818	买盘
14:55:59	14.09	0.03	13	18317	买盘
14:55:13	14.06	--	0	0	卖盘
14:55:02	14.06	--	0	0	中性盘
14:54:58	14.06	--	3	4218	买盘
14:54:38	14.06	--	1	1406	买盘
14:54:17	14.06	--	120	168720	买盘
14:54:13	14.06	--	268	376808	买盘
14:54:02	14.06	-0.03	108	151848	卖盘
14:53:58	14.09	0.01	30	42270	买盘
14:53:53	14.08	--	3	4224	买盘
14:53:43	14.08	--	18	25344	卖盘
14:53:38	14.08	-0.01	24	33792	卖盘
14:53:28	14.09	0.01	5	7045	买盘
14:52:58	14.08	-0.01	59	83072	卖盘
14:52:53	14.09	0.01	4	5636	买盘
14:52:23	14.08	--	115	161920	买盘
14:50:58	14.08	--	2	2816	买盘
14:50:47	14.08	0.02	6	8448	买盘
14:50:43	14.06	-0.01	55	77330	卖盘
14:50:32	14.07	--	5	7035	卖盘
14:49:32	14.07	-0.01	4	5628	卖盘
14:48:17	14.08	--	18	25344	买盘
14:48:07	14.08	--	0	0	买盘
14:47:52	14.08	0.02	1	1408	买盘
14:47:37	14.06	--	14	19684	卖盘
14:47:22	14.06	--	0	0	中性盘
14:47:17	14.06	--	15	21090	卖盘
14:46:22	14.06	--	0	0	卖盘
14:45:56	14.06	-0.02	6	8436	卖盘
14:45:47	14.08	--	1	1408	买盘
14:45:02	14.08	--	14	19712	买盘
14:44:56	14.08	--	2	2816	买盘
14:44:47	14.08	--	8	11264	买盘
14:44:32	14.08	-0.01	33	46464	卖盘
14:43:17	14.09	--	53	74677	卖盘
14:43:07	14.09	--	50	70450	卖盘
14:42:32	14.09	--	12	16908	卖盘
14:42:21	14.09	--	10	14090	卖盘
14:41:56	14.09	--	7	9863	卖盘
14:40:56	14.09	-0.01	2	2818	卖盘
14:40:46	14.1	--	6	8460	买盘
14:39:56	14.1	0.01	1	1410	买盘
14:39:20	14.09	--	20	28180	卖盘
14:38:56	14.09	--	20	28180	卖盘
14:38:41	14.09	-0.01	5	7045	卖盘
14:38:20	14.1	--	15	21150	买盘
14:38:11	14.1	--	5	7050	买盘
14:37:41	14.1	--	10	14100	买盘
14:34:55	14.1	0.01	3	4230	买盘
14:33:14	14.09	-0.01	3	4227	卖盘
14:32:59	14.1	--	4	5640	卖盘
14:32:40	14.1	--	0	0	中性盘
14:31:55	14.1	--	1	1410	买盘
14:31:40	14.1	-0.01	19	26790	卖盘
14:31:25	14.11	0.01	4	5644	买盘
14:30:29	14.1	--	2	2820	卖盘
14:29:59	14.1	--	2	2820	买盘
14:28:59	14.1	--	1	1410	买盘
14:28:49	14.1	-0.01	4	5640	卖盘
14:28:44	14.11	--	19	26809	买盘
14:28:14	14.11	--	1	1411	买盘
14:27:53	14.11	--	0	0	买盘
14:26:59	14.11	--	2	2822	买盘
14:26:44	14.11	--	0	0	买盘
14:26:29	14.11	--	8	11288	买盘
14:26:14	14.11	0.03	27	38097	买盘
14:25:23	14.08	0.01	5	7040	买盘
14:24:59	14.07	-0.01	128	180096	卖盘
14:24:53	14.08	--	1	1408	买盘
14:24:38	14.08	--	30	42240	买盘
14:24:08	14.08	--	11	15488	卖盘
14:23:59	14.08	--	10	14080	卖盘
14:23:23	14.08	--	1	1408	买盘
14:23:19	14.08	--	1	1408	卖盘
14:23:08	14.08	-0.01	39	54912	卖盘
14:23:04	14.09	--	1	1409	买盘
14:22:38	14.09	--	3	4227	买盘
14:22:28	14.09	--	0	0	买盘
14:21:58	14.09	--	10	14090	买盘
14:21:13	14.09	--	3	4227	买盘
14:21:02	14.09	0.02	34	47906	买盘
14:20:53	14.07	--	1	1407	卖盘
14:20:13	14.07	--	1	1407	卖盘
14:20:02	14.07	-0.02	19	26733	卖盘
14:19:17	14.09	-0.01	34	47906	卖盘
14:18:17	14.1	-0.01	6	8460	卖盘
14:17:32	14.11	-0.02	13	18343	卖盘
14:17:22	14.13	0.02	16	22608	买盘
14:17:17	14.11	--	30	42330	卖盘
14:15:22	14.11	--	2	2822	买盘
14:15:11	14.11	--	30	42330	买盘
14:15:07	14.11	0.01	23	32453	买盘
14:14:41	14.1	--	0	0	卖盘
14:14:11	14.1	0.01	3	4230	买盘
14:13:32	14.09	--	0	0	中性盘
14:13:11	14.09	--	3	4227	买盘
14:11:46	14.09	--	2	2818	买盘
14:11:16	14.09	--	10	14090	买盘
14:10:46	14.09	--	2	2818	买盘
14:10:41	14.09	--	0	0	买盘
14:08:26	14.09	--	483	680547	卖盘
14:07:11	14.09	0.02	20	28180	买盘
14:06:55	14.07	--	0	0	卖盘
14:06:50	14.07	--	52	73164	卖盘
14:06:41	14.07	--	0	0	卖盘
14:06:30	14.07	-0.01	0	703	卖盘
14:05:05	14.08	--	23	32384	买盘
14:04:40	14.08	--	50	70400	买盘
14:02:25	14.08	-0.01	27	38016	卖盘
14:01:55	14.09	--	17	23953	买盘
14:01:35	14.09	--	25	35225	买盘
14:01:20	14.09	--	5	7045	买盘
14:00:39	14.09	--	1	1409	买盘
14:00:14	14.09	0.01	1	1409	买盘
13:59:59	14.08	-0.01	3	4224	卖盘
13:58:09	14.09	-0.02	34	47906	卖盘
13:57:44	14.11	--	67	94537	买盘
13:57:09	14.11	--	52	73372	买盘
13:56:14	14.11	--	6	8466	买盘
13:56:09	14.11	--	40	56440	买盘
13:55:23	14.11	--	0	0	买盘
13:55:04	14.11	--	0	0	买盘
13:54:59	14.11	--	0	0	买盘
13:54:19	14.11	--	0	0	买盘
13:53:08	14.11	0.04	5	7055	买盘
13:52:44	14.07	--	1	1407	买盘
13:52:38	14.07	--	5	7035	买盘
13:52:14	14.07	-0.04	24	33768	卖盘
13:51:59	14.11	0.05	7	9877	买盘
13:51:08	14.06	--	0	0	卖盘
13:50:43	14.06	--	10	14060	卖盘
13:50:08	14.06	-0.05	10	14060	卖盘
13:49:53	14.11	0.04	4	5644	买盘
13:49:28	14.07	-0.04	10	14070	卖盘
13:49:18	14.11	--	0	0	买盘
13:49:08	14.11	0.04	23	32453	买盘
13:48:58	14.07	--	2	2814	买盘
13:48:48	14.07	-0.04	38	53466	卖盘
13:48:08	14.11	--	16	22576	买盘
13:47:02	14.11	-0.01	10	14110	卖盘
13:46:12	14.12	--	3	4236	买盘
13:44:57	14.12	--	6	8472	买盘
13:44:52	14.12	--	104	146848	买盘
13:43:32	14.12	0.01	155	218860	买盘
13:43:22	14.11	--	26	36686	卖盘
13:41:47	14.11	--	3	4233	卖盘
13:41:32	14.11	--	15	21165	买盘
13:40:37	14.11	0.01	5	7055	买盘
13:40:11	14.1	-0.02	5	7050	卖盘
13:39:56	14.12	--	0	0	买盘
13:39:11	14.12	0.06	52	73424	买盘
13:38:47	14.06	--	0	0	卖盘
13:38:31	14.06	--	0	0	卖盘
13:38:21	14.06	-0.06	1	1406	卖盘
13:38:01	14.12	0.02	49	69188	买盘
13:37:41	14.1	--	0	0	卖盘
13:36:01	14.1	--	3	4230	买盘
13:35:01	14.1	0.04	52	73320	买盘
13:34:31	14.06	--	0	0	卖盘
13:33:56	14.06	--	44	61864	买盘
13:33:41	14.06	--	5	7030	买盘
13:33:11	14.06	--	3	4218	买盘
13:32:40	14.06	-0.06	48	67488	卖盘
13:32:35	14.12	--	1	1412	买盘
13:31:15	14.12	0.06	3	4236	买盘
13:31:05	14.06	--	0	0	卖盘
13:30:15	14.06	-0.07	9	12654	卖盘
13:29:50	14.13	--	0	0	买盘
13:29:00	14.13	--	0	0	买盘
13:28:45	14.13	--	0	0	买盘
13:28:35	14.13	--	1	1413	买盘
13:27:44	14.13	-0.01	3	4239	卖盘
13:27:25	14.14	--	0	0	买盘
13:27:10	14.14	--	1	1414	买盘
13:26:40	14.14	--	54	76356	买盘
13:25:58	14.14	--	0	0	买盘
13:25:50	14.14	0.07	50	70700	买盘
13:25:29	14.07	--	10	14070	买盘
13:25:14	14.07	--	22	30954	买盘
13:24:49	14.07	--	21	29547	买盘
13:24:29	14.07	--	33	46431	买盘
13:23:49	14.07	-0.04	11	15477	卖盘
13:23:44	14.11	--	0	0	中性盘
13:23:35	14.11	--	0	0	买盘
13:22:19	14.11	--	4	5644	卖盘
13:20:38	14.11	--	0	0	中性盘
13:20:34	14.11	--	0	0	买盘
13:19:49	14.11	-0.01	3	4233	卖盘
13:19:29	14.12	--	1	1412	买盘
13:19:08	14.12	--	0	0	买盘
13:18:59	14.12	0.01	55	77660	买盘
13:18:43	14.11	--	0	0	买盘
13:17:23	14.11	--	1	1411	买盘
13:16:38	14.11	--	2	2822	卖盘
13:16:13	14.11	0.05	13	18343	买盘
13:15:28	14.06	-0.04	7	9842	卖盘
13:15:18	14.1	--	53	74730	买盘
13:14:48	14.1	--	0	0	买盘
13:14:28	14.1	--	0	0	买盘
13:13:47	14.1	--	0	0	买盘
13:13:23	14.1	0.02	50	70500	买盘
13:12:42	14.08	-0.01	51	71808	卖盘
13:11:52	14.09	--	10	14090	卖盘
13:11:07	14.09	-0.03	2	2818	卖盘
13:10:47	14.12	--	53	74836	买盘
13:10:22	14.12	--	0	0	买盘
13:09:46	14.12	0.04	50	70600	买盘
13:08:37	14.08	--	0	0	卖盘
13:08:31	14.08	-0.04	10	14080	卖盘
13:08:22	14.12	0.04	2	2824	买盘
13:08:02	14.08	--	0	0	卖盘
13:07:56	14.08	--	0	0	卖盘
13:07:37	14.08	--	0	0	卖盘
13:07:32	14.08	0.05	7	9856	买盘
13:06:47	14.03	--	2	2806	卖盘
13:06:32	14.03	--	0	0	卖盘
13:06:16	14.03	--	0	0	卖盘
13:06:01	14.03	--	0	0	中性盘
13:05:47	14.03	--	36	50508	买盘
13:05:01	14.03	--	0	0	买盘
13:04:51	14.03	0.01	52	72956	买盘
13:04:26	14.02	--	2	2804	买盘
13:04:11	14.02	--	10	14020	买盘
13:03:31	14.02	--	8	11216	买盘
13:03:26	14.02	--	10	14020	买盘
13:03:16	14.02	--	2	2804	买盘
13:03:11	14.02	--	10	14020	买盘
13:02:41	14.02	0.01	3	4206	买盘
13:02:31	14.01	-0.01	15	21015	卖盘
13:02:01	14.02	--	2	2804	买盘
13:01:31	14.02	--	2	2804	买盘
13:01:10	14.02	--	76	106552	买盘
13:01:01	14.02	--	4	5608	买盘
13:00:46	14.02	--	39	54678	买盘
13:00:19	14.02	--	4	5608	买盘
13:00:11	14.02	--	12	16824	买盘
13:00:05	14.02	-0.1	284	398168	卖盘
11:30:00	14.12	--	0	0	买盘
11:29:59	14.12	--	0	0	买盘
11:29:16	14.12	--	2	2824	卖盘
11:28:31	14.12	0.07	55	77660	买盘
11:28:16	14.05	--	100	140500	买盘
11:28:01	14.05	-0.05	100	140500	卖盘
11:27:52	14.1	--	48	67680	买盘
11:27:16	14.1	0.05	27	38070	买盘
11:26:31	14.05	--	15	21075	卖盘
11:25:36	14.05	-0.06	15	21075	卖盘
11:24:51	14.11	--	0	0	买盘
11:24:31	14.11	--	41	57851	卖盘
11:24:06	14.11	0.01	10	14110	买盘
11:23:46	14.1	--	0	0	卖盘
11:23:21	14.1	--	5	7050	卖盘
11:23:16	14.1	--	10	14100	中性盘
11:23:10	14.1	--	0	0	卖盘
11:23:01	14.1	--	7	9870	卖盘
11:22:36	14.1	0.01	6	9136	买盘
11:22:31	14.09	--	0	0	卖盘
11:22:25	14.09	--	3	4227	卖盘
11:22:16	14.09	--	2	2818	卖盘
11:22:01	14.09	--	0	0	中性盘
11:21:55	14.09	0.04	10	14090	买盘
11:21:46	14.05	--	0	0	卖盘
11:21:40	14.05	--	10	14050	卖盘
11:21:16	14.05	--	0	0	卖盘
11:20:49	14.05	-0.04	200	281000	卖盘
11:19:40	14.09	--	0	0	卖盘
11:16:40	14.09	0.01	10	14090	买盘
11:16:25	14.08	--	0	0	中性盘
11:16:19	14.08	0.01	75	105600	买盘
11:16:10	14.07	-0.01	8	11256	卖盘
11:16:00	14.08	-0.01	25	35200	卖盘
11:15:45	14.09	--	0	0	卖盘
11:15:04	14.09	--	0	0	中性盘
11:14:09	14.09	--	0	0	买盘
11:13:58	14.09	-0.01	4	5636	卖盘
11:13:24	14.1	--	0	0	中性盘
11:13:19	14.1	--	10	14100	卖盘
11:13:09	14.1	--	23	32430	买盘
11:12:43	14.1	--	5	7050	卖盘
11:12:13	14.1	-0.01	10	14100	卖盘
11:11:49	14.11	-0.01	8	11288	卖盘
11:11:43	14.12	--	0	0	买盘
11:11:28	14.12	--	23	32476	卖盘
11:11:24	14.12	--	11	15532	卖盘
11:11:09	14.12	--	0	0	卖盘
11:10:43	14.12	-0.01	4	5648	卖盘
11:09:49	14.13	--	10	14130	卖盘
11:09:09	14.13	--	10	14130	买盘
11:08:58	14.13	--	20	28260	卖盘
11:08:43	14.13	--	29	40977	买盘
11:08:04	14.13	--	0	0	买盘
11:07:49	14.13	--	0	0	买盘
11:07:37	14.13	0.02	10	14130	买盘
11:07:33	14.11	-0.01	1	1411	卖盘
11:06:52	14.12	-0.01	30	42360	卖盘
11:06:48	14.13	--	8	11304	卖盘
11:06:18	14.13	--	10	14130	卖盘
11:04:43	14.13	-0.01	2	2826	卖盘
11:03:13	14.14	--	30	42420	买盘
11:02:43	14.14	--	27	38941	卖盘
11:02:28	14.14	-0.01	3	4242	卖盘
11:01:47	14.15	0.01	10	14150	买盘
11:01:42	14.14	--	10	14140	卖盘
11:00:16	14.14	--	3	4892	买盘
10:59:57	14.14	--	3	4242	买盘
10:59:46	14.14	--	39	55146	买盘
10:59:12	14.14	--	1	1414	买盘
10:58:12	14.14	--	0	0	买盘
10:57:22	14.14	--	24	33936	买盘
10:56:52	14.14	--	22	31108	买盘
10:56:46	14.14	--	6	8484	买盘
10:56:31	14.14	-0.01	6	8484	卖盘
10:56:22	14.15	0.01	16	22640	买盘
10:56:16	14.14	-0.01	10	14140	卖盘
10:55:31	14.15	0.01	16	22640	买盘
10:55:01	14.14	--	2	2828	卖盘
10:54:37	14.14	--	0	0	中性盘
10:54:31	14.14	--	7	9898	买盘
10:54:22	14.14	--	0	0	买盘
10:53:55	14.14	--	22	31108	买盘
10:53:51	14.14	--	3	4242	买盘
10:53:46	14.14	--	10	14140	买盘
10:53:36	14.14	--	5	7070	买盘
10:53:25	14.14	--	14	19796	买盘
10:53:21	14.14	--	0	0	买盘
10:53:01	14.14	0.01	18	25452	买盘
10:52:51	14.13	--	0	0	中性盘
10:52:25	14.13	--	0	0	卖盘
10:52:16	14.13	-0.01	22	31086	卖盘
10:52:10	14.14	0.02	27	38178	买盘
10:51:55	14.12	-0.01	3	4447	买盘
10:51:10	14.13	--	6	9679	卖盘
10:51:05	14.13	0.01	32	45427	买盘
10:50:55	14.12	-0.01	26	36712	卖盘
10:50:31	14.13	--	10	14130	买盘
10:49:55	14.13	--	19	26847	买盘
10:49:25	14.13	--	1	1413	买盘
10:49:21	14.13	0.01	1	1413	买盘
10:49:16	14.12	--	0	0	卖盘
10:48:25	14.12	--	24	33888	买盘
10:48:04	14.12	--	2	2824	买盘
10:47:30	14.12	0.01	1	1412	买盘
10:46:15	14.11	--	0	0	中性盘
10:46:04	14.11	--	1	1411	买盘
10:45:15	14.11	--	8	11288	买盘
10:45:10	14.11	0.01	10	14110	买盘
10:44:45	14.1	--	5	7050	买盘
10:44:34	14.1	--	2	2820	买盘
10:44:04	14.1	--	2	2820	买盘
10:43:55	14.1	--	9	12690	买盘
10:43:34	14.1	--	2	2820	买盘
10:43:04	14.1	--	3	4230	买盘
10:43:00	14.1	--	0	0	买盘
10:42:55	14.1	--	0	0	买盘
10:42:34	14.1	0.02	22	31020	买盘
10:42:19	14.08	-0.02	10	14080	卖盘
10:42:04	14.1	--	2	2820	买盘
10:41:49	14.1	--	10	14100	买盘
10:41:34	14.1	0.02	2	2820	买盘
10:41:24	14.08	-0.02	4	5632	卖盘
10:41:04	14.1	--	12	16920	买盘
10:40:58	14.1	0.02	42	59220	买盘
10:40:54	14.08	-0.02	55	77440	卖盘
10:40:34	14.1	--	48	67680	买盘
10:40:28	14.1	--	2	2820	买盘
10:40:19	14.1	0.02	29	40890	买盘
10:40:04	14.08	-0.02	6	8448	卖盘
10:39:34	14.1	--	61	86010	买盘
10:39:13	14.1	--	8	11280	买盘
10:39:04	14.1	--	2	2820	买盘
10:38:43	14.1	--	0	0	买盘
10:38:34	14.1	--	2	2820	买盘
10:38:04	14.1	--	4	5640	买盘
10:37:34	14.1	--	95	133950	买盘
10:37:13	14.1	-0.02	15	21150	卖盘
10:37:04	14.12	--	2	2824	买盘
10:36:54	14.12	-0.03	1	1412	卖盘
10:36:34	14.15	--	2	2830	买盘
10:36:04	14.15	--	2	2830	买盘
10:35:34	14.15	--	2	2830	买盘
10:35:28	14.15	--	0	0	买盘
10:35:07	14.15	--	22	31130	买盘
10:35:04	14.15	--	2	2830	买盘
10:34:33	14.15	--	2	2830	买盘
10:34:28	14.15	--	0	0	买盘
10:34:13	14.15	--	50	70750	买盘
10:34:03	14.15	--	2	2830	买盘
10:33:33	14.15	--	2	2830	买盘
10:33:03	14.15	0.05	2	2830	买盘
10:32:58	14.1	0.01	21	29610	买盘
10:32:37	14.09	--	29	40861	买盘
10:32:33	14.09	--	3	4227	买盘
10:32:28	14.09	--	40	56360	买盘
10:32:07	14.09	-0.01	36	50724	卖盘
10:32:03	14.1	--	4	5640	买盘
10:31:43	14.1	-0.05	93	131130	卖盘
10:31:33	14.15	--	2	2830	买盘
10:31:18	14.15	-0.01	4	5660	卖盘
10:31:03	14.16	--	2	2832	买盘
10:30:43	14.16	--	22	31152	卖盘
10:30:37	14.16	--	12	16992	卖盘
10:30:33	14.16	-0.02	7	9912	卖盘
10:30:28	14.18	0.02	400	567200	买盘
10:30:13	14.16	-0.01	24	33984	卖盘
10:29:52	14.17	--	2	2834	买盘
10:29:37	14.17	--	1	1417	买盘
10:29:33	14.17	--	35	49595	买盘
10:29:22	14.17	--	4	5668	买盘
10:29:12	14.17	--	22	31174	买盘
10:28:52	14.17	0.01	2	2834	买盘
10:28:37	14.16	-0.01	42	59472	卖盘
10:28:22	14.17	--	3	4251	买盘
10:28:01	14.17	--	23	32591	买盘
10:27:52	14.17	0.02	6	8502	买盘
10:27:46	14.15	-0.01	1	1415	卖盘
10:27:42	14.16	--	2	2832	买盘
10:27:31	14.16	--	14	19824	卖盘
10:27:27	14.16	-0.01	1	1416	卖盘
10:27:22	14.17	0.02	2	2834	买盘
10:27:16	14.15	--	0	0	卖盘
10:27:12	14.15	-0.02	10	14150	卖盘
10:27:07	14.17	--	10	14170	买盘
10:26:57	14.17	--	0	0	买盘
10:26:52	14.17	--	2	2834	买盘
10:26:37	14.17	0.01	307	435019	买盘
10:26:31	14.16	0.01	300	424800	买盘
10:26:22	14.15	--	3	4245	买盘
10:26:07	14.15	--	0	0	买盘
10:25:57	14.15	--	0	0	买盘
10:25:52	14.15	0.01	2	2830	买盘
10:25:42	14.14	-0.01	1	1414	买盘
10:25:37	14.15	--	0	0	买盘
10:25:31	14.15	--	0	0	买盘
10:25:22	14.15	0.04	88	124520	买盘
10:23:22	14.11	--	0	0	卖盘
10:22:36	14.11	0.02	8	11288	买盘
10:22:01	14.09	--	0	0	卖盘
10:21:46	14.09	0.01	1	1409	买盘
10:21:40	14.08	-0.01	16	22528	卖盘
10:21:36	14.09	--	0	0	中性盘
10:21:31	14.09	--	0	0	买盘
10:21:21	14.09	--	0	0	中性盘
10:21:10	14.09	--	0	0	卖盘
10:21:06	14.09	-0.03	1	1465	卖盘
10:21:01	14.12	--	0	0	买盘
10:20:51	14.12	--	0	0	买盘
10:20:46	14.12	--	0	0	买盘
10:20:36	14.12	--	4	5648	卖盘
10:20:31	14.12	0.03	1	1412	买盘
10:20:16	14.09	--	0	0	中性盘
10:20:06	14.09	-0.05	10	14090	卖盘
10:19:40	14.14	--	0	0	买盘
10:19:31	14.14	0.02	214	302596	买盘
10:19:06	14.12	-0.01	4	5648	买盘
10:19:01	14.13	--	0	0	买盘
10:18:46	14.13	0.05	5	7065	买盘
10:18:31	14.08	--	15	21120	买盘
10:18:16	14.08	--	15	21120	卖盘
10:17:46	14.08	--	1	1408	卖盘
10:17:40	14.08	--	2	2816	买盘
10:17:35	14.08	--	2	2816	买盘
10:17:31	14.08	--	50	70400	买盘
10:16:55	14.08	-0.06	446	627968	卖盘
10:16:46	14.14	--	4	5656	买盘
10:16:30	14.14	0.04	24	33936	买盘
10:16:21	14.1	-0.04	19	26790	卖盘
10:16:15	14.14	0.01	5	7070	买盘
10:15:49	14.13	--	0	0	中性盘
10:15:15	14.13	0.04	400	565200	买盘
10:14:55	14.09	-0.01	11	15499	卖盘
10:14:34	14.1	--	0	0	买盘
10:14:30	14.1	--	8	11280	买盘
10:14:10	14.1	-0.01	31	43710	卖盘
10:14:04	14.11	--	0	0	中性盘
10:14:00	14.11	0.01	8	11288	买盘
10:13:49	14.1	-0.01	1	1410	卖盘
10:13:15	14.11	--	2	2822	买盘
10:13:10	14.11	--	32	45152	卖盘
10:13:04	14.11	--	19	26809	卖盘
10:12:55	14.11	--	0	0	卖盘
10:12:49	14.11	--	0	0	卖盘
10:12:04	14.11	--	0	0	卖盘
10:11:49	14.11	-0.03	1	1411	卖盘
10:11:34	14.14	-0.01	21	29694	卖盘
10:10:49	14.15	0.01	12	16980	买盘
10:10:34	14.14	-0.01	12	16968	卖盘
10:10:19	14.15	0.01	7	9905	买盘
10:09:58	14.14	--	10	14140	卖盘
10:09:25	14.14	--	9	12726	买盘
10:08:54	14.14	0.01	39	55146	买盘
10:08:49	14.13	-0.01	2	2826	卖盘
10:08:39	14.14	--	665	940310	买盘
10:08:34	14.14	--	6	8484	买盘
10:07:58	14.14	0.01	38	53732	买盘
10:07:39	14.13	-0.01	2	2826	卖盘
10:07:24	14.14	--	0	0	中性盘
10:07:13	14.14	--	0	0	卖盘
10:06:58	14.14	--	5	7070	卖盘
10:06:54	14.14	0.01	4	5656	买盘
10:06:43	14.13	--	0	0	中性盘
10:06:39	14.13	--	0	0	卖盘
10:06:19	14.13	--	1	1413	买盘
10:06:04	14.13	0.04	20	28260	买盘
10:05:34	14.09	-0.05	5	7045	卖盘
10:04:49	14.14	-0.02	87	123018	卖盘
10:04:18	14.16	--	8	11328	卖盘
10:04:13	14.16	--	2	2832	卖盘
10:03:52	14.16	--	5	7080	买盘
10:03:43	14.16	-0.01	5	7080	卖盘
10:03:33	14.17	--	50	70850	买盘
10:03:28	14.17	--	1	1417	买盘
10:03:18	14.17	--	7	9919	买盘
10:03:03	14.17	0.01	14	19838	买盘
10:02:58	14.16	--	25	35400	买盘
10:02:43	14.16	0.02	8	11328	买盘
10:02:18	14.14	-0.02	5	7070	卖盘
10:02:13	14.16	--	15	21240	买盘
10:01:58	14.16	--	1	1416	买盘
10:01:52	14.16	--	5	7080	买盘
10:01:43	14.16	--	21	29736	买盘
10:01:18	14.16	--	3	4248	买盘
10:01:03	14.16	0.01	6	8496	买盘
10:00:58	14.15	0.01	2	2830	买盘
10:00:43	14.14	--	2	2828	买盘
10:00:37	14.14	--	8	11312	卖盘
10:00:28	14.14	--	10	14140	卖盘
10:00:18	14.14	--	1	1414	卖盘
10:00:13	14.14	--	0	0	中性盘
09:59:58	14.14	0.01	1	1414	买盘
09:59:47	14.13	--	6	8478	卖盘
09:59:28	14.13	-0.02	3	4239	卖盘
09:59:22	14.15	--	0	0	买盘
09:59:07	14.15	--	1	1415	买盘
09:59:03	14.15	-0.01	8	11320	买盘
09:58:57	14.16	--	0	0	买盘
09:58:52	14.16	--	3	4248	买盘
09:58:43	14.16	0.01	16	22656	买盘
09:58:37	14.15	-0.01	9	12735	卖盘
09:58:33	14.16	--	10	14160	买盘
09:58:28	14.16	0.01	50	70800	买盘
09:57:57	14.15	0.02	685	969275	买盘
09:57:52	14.13	--	11	15543	卖盘
09:57:22	14.13	-0.01	4	5652	卖盘
09:56:57	14.14	0.01	13	18382	买盘
09:56:46	14.13	--	10	14130	卖盘
09:56:42	14.13	--	29	40977	卖盘
09:56:22	14.13	--	13	18369	买盘
09:56:16	14.13	--	13	18369	买盘
09:56:12	14.13	--	0	0	买盘
09:56:01	14.13	0.03	5	7065	买盘
09:55:57	14.1	--	7	9870	买盘
09:55:52	14.1	--	2	2820	买盘
09:55:42	14.1	--	0	0	买盘
09:55:31	14.1	--	1	1410	卖盘
09:55:12	14.1	--	5	7050	卖盘
09:55:07	14.1	0.04	32	45120	买盘
09:54:46	14.06	--	1	1406	买盘
09:54:37	14.06	--	5	7030	买盘
09:54:16	14.06	-0.04	5	7030	卖盘
09:54:07	14.1	--	7	9870	买盘
09:54:01	14.1	--	5	7050	买盘
09:53:52	14.1	-0.01	3	4230	买盘
09:53:46	14.11	--	0	0	买盘
09:53:31	14.11	--	0	0	买盘
09:53:22	14.11	0.02	12	16932	买盘
09:53:12	14.09	--	9	12681	卖盘
09:53:06	14.09	-0.02	10	14090	卖盘
09:52:52	14.11	--	3	4233	买盘
09:52:46	14.11	--	0	0	买盘
09:52:27	14.11	--	0	0	买盘
09:52:22	14.11	-0.01	2	2822	买盘
09:52:01	14.12	--	0	0	买盘
09:51:56	14.12	--	0	0	买盘
09:51:52	14.12	--	3	4236	买盘
09:51:42	14.12	--	8	11296	买盘
09:51:31	14.12	-0.01	14	19768	卖盘
09:51:21	14.13	0.01	2	2826	买盘
09:51:16	14.12	0.07	1	1412	买盘
09:51:10	14.05	-0.08	100	140500	卖盘
09:51:06	14.13	--	0	0	买盘
09:50:51	14.13	0.01	2	2826	买盘
09:50:21	14.12	--	3	4236	买盘
09:50:16	14.12	--	16	22592	卖盘
09:50:06	14.12	--	69	97428	买盘
09:49:51	14.12	0.01	3	4236	买盘
09:49:46	14.11	-0.02	10	14110	卖盘
09:49:21	14.13	--	2	2826	买盘
09:49:15	14.13	-0.01	1	1413	中性盘
09:49:06	14.14	--	10	14140	买盘
09:49:01	14.14	--	0	0	买盘
09:48:51	14.14	0.03	3	4242	买盘
09:48:36	14.11	-0.01	6	8466	卖盘
09:48:21	14.12	-0.03	2	2824	买盘
09:48:16	14.15	--	0	0	买盘
09:48:10	14.15	--	0	0	买盘
09:47:51	14.15	0.04	2	2830	买盘
09:47:31	14.11	-0.03	86	121346	卖盘
09:47:21	14.14	0.01	3	4242	买盘
09:47:16	14.13	-0.02	12	16956	卖盘
09:47:10	14.15	--	0	0	买盘
09:47:00	14.15	--	2	2830	买盘
09:46:51	14.15	--	2	2830	买盘
09:46:36	14.15	--	5	7075	买盘
09:46:25	14.15	--	0	0	买盘
09:46:21	14.15	--	3	4245	买盘
09:46:16	14.15	--	20	28300	买盘
09:46:01	14.15	--	31	43865	买盘
09:45:51	14.15	--	2	2830	买盘
09:45:46	14.15	0.03	500	707500	买盘
09:45:30	14.12	--	2	2824	买盘
09:45:20	14.12	--	8	11296	买盘
09:45:16	14.12	--	3	4236	买盘
09:45:10	14.12	--	63	88956	卖盘
09:45:00	14.12	--	21	29652	买盘
09:44:49	14.12	--	2	2824	买盘
09:44:45	14.12	--	0	0	买盘
09:44:40	14.12	--	8	11296	买盘
09:44:34	14.12	-0.02	19	26828	买盘
09:44:30	14.14	0.02	50	70700	买盘
09:44:19	14.12	0.01	2	2824	买盘
09:44:10	14.11	--	4	5644	买盘
09:44:04	14.11	0.01	22	31042	买盘
09:44:00	14.1	-0.01	7	9870	卖盘
09:43:55	14.11	--	1	1411	买盘
09:43:49	14.11	0.01	2	2822	买盘
09:43:45	14.1	--	1	1410	卖盘
09:43:40	14.1	0.03	410	578100	买盘
09:43:30	14.07	--	7	9849	买盘
09:43:25	14.07	--	0	0	买盘
09:43:19	14.07	0.01	3	4221	买盘
09:43:15	14.06	-0.01	3	4218	买盘
09:42:55	14.07	--	0	0	买盘
09:42:49	14.07	--	2	2814	买盘
09:42:40	14.07	--	0	0	买盘
09:42:19	14.07	--	3	4221	买盘
09:42:10	14.07	--	0	0	中性盘
09:42:04	14.07	--	0	0	买盘
09:41:49	14.07	-0.01	2	2814	买盘
09:41:45	14.08	--	0	0	买盘
09:41:40	14.08	--	26	36608	卖盘
09:41:34	14.08	--	1	1408	卖盘
09:41:30	14.08	-0.01	20	28160	卖盘
09:41:19	14.09	0.01	2	2818	买盘
09:41:00	14.08	--	5	7040	卖盘
09:40:55	14.08	--	17	23936	买盘
09:40:49	14.08	--	3	4224	买盘
09:40:39	14.08	--	6	8448	买盘
09:40:19	14.08	0.05	2	2816	买盘
09:40:04	14.03	0.01	11	15433	卖盘
09:39:54	14.02	--	0	0	卖盘
09:39:49	14.02	--	4	5608	卖盘
09:39:34	14.02	-0.06	5	7010	卖盘
09:39:19	14.08	0.01	4	5632	买盘
09:39:04	14.07	--	0	0	买盘
09:38:49	14.07	0.06	2	2814	买盘
09:38:28	14.01	-0.07	50	70050	卖盘
09:38:24	14.08	--	0	0	买盘
09:38:19	14.08	0.01	30	42240	买盘
09:38:13	14.07	-0.01	23	32361	卖盘
09:37:54	14.08	-0.01	19	26752	卖盘
09:37:49	14.09	--	23	32407	买盘
09:37:39	14.09	--	0	0	买盘
09:37:19	14.09	0.01	6	8454	买盘
09:37:13	14.08	--	0	0	买盘
09:37:09	14.08	-0.01	16	22528	买盘
09:37:04	14.09	--	16	22544	买盘
09:36:49	14.09	--	3	4227	买盘
09:36:24	14.09	--	0	0	买盘
09:36:19	14.09	0.01	9	12681	买盘
09:36:04	14.08	--	0	0	买盘
09:35:49	14.08	--	7	9856	买盘
09:35:43	14.08	-0.01	9	12672	中性盘
09:35:39	14.09	--	20	28180	买盘
09:35:34	14.09	--	4	5636	买盘
09:35:19	14.09	--	12	16908	中性盘
09:35:13	14.09	--	30	42270	卖盘
09:35:08	14.09	-0.01	11	15499	卖盘
09:35:04	14.1	0.01	23	32430	买盘
09:34:58	14.09	-0.01	87	122583	卖盘
09:34:49	14.1	0.01	5	7050	买盘
09:34:38	14.09	-0.01	10	14090	卖盘
09:34:24	14.1	--	36	50760	买盘
09:34:18	14.1	--	26	36660	买盘
09:34:13	14.1	--	30	42300	买盘
09:33:48	14.1	0.01	14	19740	买盘
09:33:33	14.09	--	8	11272	卖盘
09:33:28	14.09	0.04	793	1117337	买盘
09:33:18	14.05	-0.03	3	4215	买盘
09:33:03	14.08	--	300	422400	买盘
09:32:58	14.08	--	0	0	买盘
09:32:48	14.08	0.08	2	2816	买盘
09:32:43	14.0	-0.08	26	36400	卖盘
09:32:38	14.08	--	2	2816	买盘
09:32:33	14.08	--	2	2816	买盘
09:32:28	14.08	--	0	0	买盘
09:32:22	14.08	0.01	20	28160	买盘
09:32:18	14.07	0.09	11	15477	买盘
09:32:13	13.98	-0.1	18	25164	卖盘
09:32:07	14.08	--	27	38016	买盘
09:31:58	14.08	--	0	0	买盘
09:31:52	14.08	--	0	0	买盘
09:31:48	14.08	0.1	3	4224	买盘
09:31:33	13.98	-0.1	6	8388	卖盘
09:31:18	14.08	-0.01	6	8448	卖盘
09:31:13	14.09	0.01	4	5636	买盘
09:31:03	14.08	0.1	24	33792	买盘
09:30:58	13.98	--	62	86676	买盘
09:30:52	13.98	--	0	0	买盘
09:30:48	13.98	--	2	2796	买盘
09:30:42	13.98	0.02	39	54522	买盘
09:30:33	13.96	--	0	0	中性盘
09:30:28	13.96	-0.02	5	6980	中性盘
09:30:17	13.98	--	3	4194	买盘
09:30:12	13.98	0.02	37	51726	买盘
09:30:07	13.96	-0.02	29	40484	卖盘
09:28:52	13.98	--	0	0	买盘
09:25:05	13.98	13.98	31	43338	买盘
