成交时间	成交价	价格变动	成交量(手)	成交额(元)	性质
15:00:00	16.6	--	0	0	卖盘
15:00:00	16.6	--	6	9960	卖盘
14:59:58	16.6	--	16	26560	卖盘
14:59:48	16.6	-0.02	27	44820	中性盘
14:59:43	16.62	0.03	925	1537350	买盘
14:59:37	16.59	--	14	23226	卖盘
14:59:33	16.59	-0.01	81	134379	卖盘
14:59:28	16.6	0.01	41	68060	中性盘
14:59:22	16.59	-0.02	17	28203	卖盘
14:59:18	16.61	0.02	328	544808	买盘
14:59:13	16.59	-0.01	81	135540	卖盘
14:59:07	16.6	-0.01	183	304278	卖盘
14:59:03	16.61	--	156	259116	买盘
14:58:58	16.61	--	40	66440	买盘
14:58:52	16.61	0.01	262	435182	买盘
14:58:48	16.6	--	187	310420	卖盘
14:58:43	16.6	--	57	94620	卖盘
14:58:37	16.6	--	37	61420	卖盘
14:58:33	16.6	--	20	33200	卖盘
14:58:28	16.6	--	85	141100	卖盘
14:58:22	16.6	--	25	41500	卖盘
14:58:18	16.6	-0.02	82	136120	卖盘
14:58:13	16.62	0.02	391	649842	买盘
14:58:07	16.6	--	3	4980	卖盘
14:58:03	16.6	-0.01	97	161020	卖盘
14:57:58	16.61	-0.01	40	66440	卖盘
14:57:52	16.62	--	40	66480	买盘
14:57:48	16.62	0.01	164	272568	买盘
14:57:43	16.61	--	201	333861	卖盘
14:57:37	16.61	-0.01	48	79728	卖盘
14:57:33	16.62	--	74	122988	买盘
14:57:28	16.62	--	67	111354	卖盘
14:57:22	16.62	--	56	93072	买盘
14:57:18	16.62	--	103	171186	买盘
14:57:13	16.62	-0.03	452	751224	卖盘
14:57:07	16.65	--	46	76590	买盘
14:57:02	16.65	--	70	116549	买盘
14:56:58	16.65	--	12	19980	买盘
14:56:52	16.65	--	37	61604	卖盘
14:56:48	16.65	--	13	21644	卖盘
14:56:43	16.65	--	23	38295	卖盘
14:56:37	16.65	0.03	53	88244	买盘
14:56:33	16.62	--	17	28254	卖盘
14:56:28	16.62	0.01	12	19944	中性盘
14:56:22	16.61	-0.01	48	79728	卖盘
14:56:18	16.62	--	20	33240	卖盘
14:56:13	16.62	0.01	1	1662	卖盘
14:56:07	16.61	--	5	8305	卖盘
14:56:03	16.61	0.01	102	169422	买盘
14:55:57	16.6	0.01	116	192560	卖盘
14:55:52	16.59	-0.01	169	280371	卖盘
14:55:48	16.6	-0.02	55	91300	卖盘
14:55:42	16.62	0.02	25	41550	买盘
14:55:37	16.6	0.01	3	4980	中性盘
14:55:32	16.59	--	93	154287	卖盘
14:55:27	16.59	-0.02	101	167559	卖盘
14:55:22	16.61	0.01	308	512850	买盘
14:55:18	16.6	--	147	244020	卖盘
14:55:12	16.6	--	37	61420	卖盘
14:55:03	16.6	--	60	99600	买盘
14:54:57	16.6	0.01	75	124500	买盘
14:54:52	16.59	-0.02	191	316869	卖盘
14:54:48	16.61	0.01	35	58135	买盘
14:54:42	16.6	0.02	81	134460	买盘
14:54:37	16.58	-0.02	129	213881	卖盘
14:54:31	16.6	--	636	1055760	买盘
14:54:27	16.6	-0.01	80	132800	中性盘
14:54:22	16.61	0.01	70	116270	买盘
14:54:16	16.6	--	147	244020	卖盘
14:54:12	16.6	--	162	268920	卖盘
14:54:07	16.6	-0.01	9	14940	卖盘
14:54:01	16.61	--	120	199320	买盘
14:53:57	16.61	--	74	122914	卖盘
14:53:52	16.61	-0.01	15	24915	卖盘
14:53:42	16.62	-0.01	30	49860	卖盘
14:53:37	16.63	--	101	167963	买盘
14:53:31	16.63	0.02	12	19956	买盘
14:53:27	16.61	--	92	152812	卖盘
14:53:22	16.61	0.01	32	54148	中性盘
14:53:16	16.6	-0.05	210	348600	卖盘
14:53:12	16.65	-0.02	40	66600	中性盘
14:53:07	16.67	0.06	22	36674	中性盘
14:53:01	16.61	-0.07	434	720874	卖盘
14:52:57	16.68	--	5	8340	买盘
14:52:52	16.68	--	125	208500	买盘
14:52:46	16.68	0.06	5	8340	买盘
14:52:42	16.62	-0.07	551	915762	卖盘
14:52:37	16.69	0.02	61	101809	买盘
14:52:31	16.67	-0.01	67	111689	卖盘
14:52:27	16.68	--	19	31692	买盘
14:52:22	16.68	--	21	35028	卖盘
14:52:16	16.68	--	20	33360	卖盘
14:52:12	16.68	-0.01	28	46704	卖盘
14:52:07	16.69	--	28	46732	买盘
14:52:01	16.69	0.01	8	13352	买盘
14:51:57	16.68	-0.01	39	65452	卖盘
14:51:52	16.69	--	27	45063	卖盘
14:51:46	16.69	-0.01	4	6676	卖盘
14:51:42	16.7	0.02	15	25050	买盘
14:51:37	16.68	-0.02	28	46704	卖盘
14:51:31	16.7	0.02	11	18370	买盘
14:51:27	16.68	-0.01	260	434947	卖盘
14:51:22	16.69	--	21	35049	买盘
14:51:16	16.69	--	9	15021	买盘
14:51:11	16.69	-0.02	19	32111	卖盘
14:51:07	16.71	0.02	14	23394	买盘
14:50:57	16.69	--	24	40056	卖盘
14:50:52	16.69	--	50	83450	卖盘
14:50:46	16.69	--	0	0	卖盘
14:50:41	16.69	--	10	17958	买盘
14:50:37	16.69	0.01	63	105147	买盘
14:50:31	16.68	-0.01	4	6672	卖盘
14:50:27	16.69	--	20	33380	买盘
14:50:22	16.69	--	10	16690	买盘
14:50:11	16.69	--	33	55077	买盘
14:50:07	16.69	0.01	120	200280	买盘
14:50:01	16.68	-0.02	323	539164	卖盘
14:49:56	16.7	-0.02	897	1497990	卖盘
14:49:42	16.72	-0.01	34	56847	卖盘
14:49:37	16.73	0.02	55	92015	买盘
14:49:27	16.71	--	42	70182	卖盘
14:49:22	16.71	-0.01	50	83550	卖盘
14:49:16	16.72	--	11	18392	买盘
14:49:11	16.72	--	6	10032	中性盘
14:49:07	16.72	--	30	50160	买盘
14:48:52	16.72	-0.01	11	18392	卖盘
14:48:42	16.73	0.02	5	8365	买盘
14:48:36	16.71	-0.02	63	105273	卖盘
14:48:26	16.73	0.02	84	140532	买盘
14:48:21	16.71	-0.01	54	90234	卖盘
14:48:16	16.72	0.01	3	5016	中性盘
14:48:11	16.71	-0.01	95	158745	卖盘
14:48:06	16.72	--	3	5016	卖盘
14:47:56	16.72	--	29	48488	买盘
14:47:51	16.72	--	40	66880	买盘
14:47:46	16.72	0.01	16	26752	买盘
14:47:41	16.71	--	17	28407	买盘
14:47:36	16.71	--	16	26736	买盘
14:47:31	16.71	0.01	10	16710	买盘
14:47:21	16.7	--	5	8350	卖盘
14:47:16	16.7	0.01	147	246224	买盘
14:47:06	16.69	--	23	38387	卖盘
14:47:01	16.69	--	14	23366	卖盘
14:46:51	16.69	--	16	26704	买盘
14:46:46	16.69	--	159	265371	买盘
14:46:40	16.69	--	22	36718	买盘
14:46:36	16.69	--	28	46732	买盘
14:46:31	16.69	-0.01	152	253688	卖盘
14:46:25	16.7	--	45	75150	买盘
14:46:21	16.7	0.01	12	20040	买盘
14:46:16	16.69	-0.01	43	71767	卖盘
14:46:06	16.7	--	53	88510	买盘
14:46:01	16.7	-0.01	82	137875	卖盘
14:45:55	16.71	--	13	21723	卖盘
14:45:51	16.71	-0.01	60	100260	卖盘
14:45:46	16.72	--	7	11704	买盘
14:45:40	16.72	-0.01	20	33440	中性盘
14:45:36	16.73	-0.01	270	451710	卖盘
14:45:25	16.74	--	48	80351	买盘
14:45:21	16.74	-0.02	92	154008	卖盘
14:45:16	16.76	0.02	134	224584	买盘
14:45:10	16.74	-0.02	8	13391	卖盘
14:45:06	16.76	0.01	200	335200	买盘
14:45:01	16.75	0.02	57	95475	买盘
14:44:51	16.73	-0.03	62	103726	卖盘
14:44:46	16.76	0.01	93	155868	买盘
14:44:40	16.75	--	2	3350	买盘
14:44:35	16.75	--	15	25125	买盘
14:44:31	16.75	--	5	8375	买盘
14:44:25	16.75	-0.01	80	134000	卖盘
14:44:21	16.76	--	3	5028	买盘
14:44:16	16.76	--	2	3352	买盘
14:44:10	16.76	-0.01	103	172628	卖盘
14:44:01	16.77	-0.01	2	3354	卖盘
14:43:55	16.78	--	25	41950	买盘
14:43:46	16.78	--	21	35238	买盘
14:43:40	16.78	--	7	11746	买盘
14:43:35	16.78	--	35	58730	卖盘
14:43:31	16.78	--	40	67120	卖盘
14:43:20	16.78	--	25	41950	卖盘
14:43:16	16.78	--	58	97324	买盘
14:43:05	16.78	0.02	99	166122	买盘
14:42:50	16.76	-0.02	11	18436	中性盘
14:42:46	16.78	0.02	30	50340	买盘
14:42:40	16.76	--	3	5028	买盘
14:42:35	16.76	0.01	20	33520	中性盘
14:42:31	16.75	-0.02	20	33500	卖盘
14:42:20	16.77	0.04	32	53664	买盘
14:42:16	16.73	0.01	5	8365	中性盘
14:42:05	16.72	-0.01	56	93632	卖盘
14:42:01	16.73	--	31	52816	买盘
14:41:55	16.73	--	2	4065	卖盘
14:41:50	16.73	0.01	113	190002	卖盘
14:41:46	16.72	-0.05	46	76912	卖盘
14:41:40	16.77	0.05	19	31863	买盘
14:41:35	16.72	-0.01	46	76912	卖盘
14:41:25	16.73	-0.02	5	8365	中性盘
14:41:20	16.75	0.02	20	33500	买盘
14:41:15	16.73	--	17	28441	买盘
14:41:10	16.73	--	0	0	买盘
14:41:05	16.73	0.02	9	15057	中性盘
14:41:00	16.71	-0.02	63	105273	卖盘
14:40:55	16.73	--	44	73612	买盘
14:40:50	16.73	0.02	13	21749	买盘
14:40:45	16.71	-0.01	68	113628	卖盘
14:40:40	16.72	--	6	10032	卖盘
14:40:35	16.72	0.01	105	175560	买盘
14:40:30	16.71	--	13	21723	买盘
14:40:25	16.71	--	23	39168	卖盘
14:40:19	16.71	--	49	81879	卖盘
14:40:15	16.71	--	25	41775	买盘
14:40:10	16.71	--	6	10026	买盘
14:40:00	16.71	0.01	5	8355	买盘
14:39:55	16.7	-0.02	31	51770	卖盘
14:39:40	16.72	--	8	13376	卖盘
14:39:34	16.72	-0.01	5	8360	卖盘
14:39:30	16.73	-0.02	3	5019	买盘
14:39:25	16.75	-0.01	12	20100	中性盘
14:39:19	16.76	0.04	3	5028	买盘
14:39:10	16.72	--	8	13376	卖盘
14:39:04	16.72	-0.03	54	90288	卖盘
14:39:00	16.75	-0.03	136	227800	卖盘
14:38:55	16.78	0.01	30	50340	买盘
14:38:45	16.77	-0.01	4	6708	卖盘
14:38:40	16.78	-0.02	58	97324	卖盘
14:38:34	16.8	-0.01	69	115920	卖盘
14:38:30	16.81	-0.01	13	21853	中性盘
14:38:25	16.82	--	39	65598	买盘
14:38:19	16.82	--	4	6728	买盘
14:38:15	16.82	--	7	11774	卖盘
14:38:10	16.82	-0.01	78	131196	卖盘
14:38:04	16.83	--	20	33660	卖盘
14:38:00	16.83	--	15	25244	卖盘
14:37:55	16.83	--	19	31976	卖盘
14:37:49	16.83	--	15	25244	卖盘
14:37:45	16.83	--	56	94247	买盘
14:37:40	16.83	--	40	67320	买盘
14:37:29	16.83	0.01	9	15146	中性盘
14:37:25	16.82	-0.01	10	16820	卖盘
14:37:19	16.83	0.01	3	5048	卖盘
14:37:14	16.82	--	0	0	卖盘
14:37:10	16.82	--	2	3364	卖盘
14:37:04	16.82	0.02	35	58870	买盘
14:36:59	16.8	-0.01	60	100800	卖盘
14:36:55	16.81	--	59	99178	买盘
14:36:44	16.81	--	7	11767	买盘
14:36:40	16.81	0.01	3	5043	买盘
14:36:29	16.8	--	22	36960	卖盘
14:36:25	16.8	0.01	20	33600	卖盘
14:36:19	16.79	0.01	33	56800	买盘
14:36:14	16.78	-0.02	118	198004	卖盘
14:36:10	16.8	--	246	413280	买盘
14:36:04	16.8	0.01	4	6720	买盘
14:35:59	16.79	--	66	110814	卖盘
14:35:55	16.79	0.03	64	107456	买盘
14:35:49	16.76	-0.02	26	43576	卖盘
14:35:44	16.78	0.01	51	85578	买盘
14:35:40	16.77	--	17	28509	卖盘
14:35:34	16.77	--	20	33540	卖盘
14:35:29	16.77	--	67	112359	卖盘
14:35:25	16.77	--	134	224718	卖盘
14:35:14	16.77	--	95	159315	买盘
14:35:10	16.77	--	129	216333	买盘
14:35:04	16.77	--	20	33540	买盘
14:34:59	16.77	0.01	2	3354	买盘
14:34:55	16.76	-0.01	3	5028	卖盘
14:34:49	16.77	--	56	93912	买盘
14:34:44	16.77	--	18	30186	买盘
14:34:40	16.77	--	71	119067	买盘
14:34:34	16.77	--	3	5031	买盘
14:34:29	16.77	0.01	164	275028	买盘
14:34:24	16.76	--	43	72068	卖盘
14:34:14	16.76	-0.01	63	105588	卖盘
14:34:09	16.77	--	33	55341	卖盘
14:34:04	16.77	--	7	11739	卖盘
14:33:59	16.77	0.01	16	26832	买盘
14:33:44	16.76	--	12	20112	买盘
14:33:39	16.76	--	29	48604	买盘
14:33:34	16.76	--	204	341904	买盘
14:33:29	16.76	--	4	6704	买盘
14:33:24	16.76	0.01	118	197768	买盘
14:33:04	16.75	0.03	33	55275	买盘
14:32:49	16.72	--	129	215687	卖盘
14:32:43	16.72	-0.01	1	1672	卖盘
14:32:39	16.73	0.01	4	6692	买盘
14:32:28	16.72	--	6	10032	买盘
14:32:24	16.72	0.01	8	13376	买盘
14:32:19	16.71	--	3	5013	卖盘
14:32:09	16.71	0.01	23	38433	买盘
14:32:04	16.7	--	10	16700	卖盘
14:31:54	16.7	--	65	108550	买盘
14:31:49	16.7	--	1	1670	买盘
14:31:43	16.7	0.02	48	80160	买盘
14:31:34	16.68	--	71	118428	卖盘
14:31:28	16.68	-0.01	78	130104	卖盘
14:31:24	16.69	--	28	48000	买盘
14:31:19	16.69	--	90	150210	买盘
14:31:13	16.69	--	8	13352	买盘
14:31:09	16.69	0.01	7	11683	买盘
14:31:04	16.68	--	7	11676	卖盘
14:30:58	16.68	0.01	7	11676	卖盘
14:30:54	16.67	-0.01	100	166700	卖盘
14:30:49	16.68	--	12	20016	买盘
14:30:43	16.68	--	19	31692	买盘
14:30:39	16.68	0.01	3	5004	买盘
14:30:34	16.67	-0.01	24	40008	卖盘
14:30:28	16.68	0.01	12	20016	买盘
14:30:19	16.67	-0.01	7	11669	买盘
14:30:13	16.68	0.03	300	500400	买盘
14:30:08	16.65	-0.01	73	121544	卖盘
14:30:04	16.66	0.01	7	11662	卖盘
14:29:58	16.65	--	21	34965	买盘
14:29:53	16.65	-0.01	27	44954	中性盘
14:29:49	16.66	0.01	29	48314	买盘
14:29:43	16.65	-0.01	20	33300	卖盘
14:29:34	16.66	--	20	33320	买盘
14:29:28	16.66	0.02	13	21658	买盘
14:29:23	16.64	-0.01	37	61568	卖盘
14:29:13	16.65	0.01	14	23309	买盘
14:29:08	16.64	-0.01	23	38272	卖盘
14:28:58	16.65	0.05	8	13319	买盘
14:28:43	16.6	-0.04	157	260620	卖盘
14:28:38	16.64	0.04	19	31616	买盘
14:28:34	16.6	--	0	0	卖盘
14:28:28	16.6	--	60	99600	卖盘
14:28:23	16.6	--	8	13280	买盘
14:28:18	16.6	--	55	91300	买盘
14:28:13	16.6	--	3	4980	买盘
14:28:04	16.6	0.01	76	126160	买盘
14:27:58	16.59	--	5	8295	买盘
14:27:53	16.59	0.02	2	3318	买盘
14:27:38	16.57	--	0	0	卖盘
14:27:33	16.57	--	141	233637	买盘
14:27:28	16.57	--	24	39768	买盘
14:27:23	16.57	--	58	96106	买盘
14:27:18	16.57	-0.01	363	601491	卖盘
14:27:08	16.58	--	306	507347	买盘
14:27:03	16.58	0.01	24	39791	买盘
14:26:58	16.57	--	13	21541	卖盘
14:26:53	16.57	--	11	18227	卖盘
14:26:48	16.57	--	24	39768	买盘
14:26:43	16.57	--	11	18227	买盘
14:26:38	16.57	--	32	53024	买盘
14:26:33	16.57	--	64	106048	买盘
14:26:28	16.57	--	4	6628	买盘
14:26:23	16.57	--	44	72908	买盘
14:26:18	16.57	0.02	109	180613	买盘
14:26:13	16.55	-0.02	2	3310	卖盘
14:26:07	16.57	-0.01	2	3314	买盘
14:26:03	16.58	0.03	50	82899	买盘
14:25:58	16.55	-0.03	17	28135	卖盘
14:25:52	16.58	--	20	33160	买盘
14:25:43	16.58	0.05	81	134298	买盘
14:25:33	16.53	-0.06	46	76038	卖盘
14:25:28	16.59	0.06	43	71337	买盘
14:25:22	16.53	--	48	79344	买盘
14:25:18	16.53	-0.01	148	244644	卖盘
14:25:13	16.54	-0.01	15	24810	中性盘
14:25:07	16.55	0.02	8	13240	买盘
14:25:03	16.53	-0.06	76	125628	卖盘
14:24:58	16.59	0.04	31	51429	买盘
14:24:48	16.55	-0.02	61	100955	卖盘
14:24:43	16.57	-0.03	18	29826	卖盘
14:24:37	16.6	--	5	8300	买盘
14:24:33	16.6	--	71	117860	买盘
14:24:28	16.6	--	10	16600	卖盘
14:24:22	16.6	--	102	169320	卖盘
14:24:18	16.6	-0.02	538	893080	卖盘
14:24:13	16.62	--	63	104706	卖盘
14:24:07	16.62	-0.02	10	16620	卖盘
14:24:03	16.64	0.02	10	16640	买盘
14:23:58	16.62	-0.02	125	207750	卖盘
14:23:48	16.64	--	25	41600	卖盘
14:23:43	16.64	-0.01	9	14976	卖盘
14:23:37	16.65	-0.01	76	126539	卖盘
14:23:33	16.66	0.01	20	33320	中性盘
14:23:28	16.65	-0.01	452	752579	卖盘
14:23:22	16.66	--	45	74970	卖盘
14:23:17	16.66	-0.01	176	293216	卖盘
14:23:13	16.67	--	57	95019	买盘
14:23:07	16.67	-0.01	145	241715	卖盘
14:23:02	16.68	--	10	16680	买盘
14:22:58	16.68	0.01	75	125100	买盘
14:22:52	16.67	-0.01	71	118357	卖盘
14:22:47	16.68	--	35	58380	买盘
14:22:43	16.68	--	7	11676	买盘
14:22:32	16.68	--	2	3336	买盘
14:22:28	16.68	-0.01	222	370296	卖盘
14:22:22	16.69	--	2	3338	买盘
14:22:17	16.69	--	11	18359	买盘
14:22:13	16.69	-0.01	149	249081	卖盘
14:22:07	16.7	0.01	260	434200	买盘
14:22:02	16.69	--	59	98471	卖盘
14:21:58	16.69	--	92	154816	买盘
14:21:52	16.69	--	10	16690	买盘
14:21:47	16.69	--	8	13352	买盘
14:21:43	16.69	--	37	61753	买盘
14:21:32	16.69	0.01	34	56746	买盘
14:21:27	16.68	-0.01	29	48372	卖盘
14:21:22	16.69	--	18	30042	买盘
14:21:17	16.69	--	40	66760	买盘
14:21:13	16.69	--	19	31711	买盘
14:21:07	16.69	--	10	16690	买盘
14:21:02	16.69	--	100	166900	买盘
14:20:52	16.69	--	11	18359	买盘
14:20:47	16.69	--	4	6676	买盘
14:20:43	16.69	--	118	196942	买盘
14:20:37	16.69	-0.01	98	163962	卖盘
14:20:32	16.7	--	5	8350	买盘
14:20:27	16.7	--	35	58450	买盘
14:20:22	16.7	0.01	4	6680	买盘
14:20:17	16.69	--	20	33380	卖盘
14:20:12	16.69	--	4	7944	买盘
14:20:02	16.69	0.01	71	118499	买盘
14:19:57	16.68	--	12	20016	卖盘
14:19:52	16.68	--	2	3336	买盘
14:19:47	16.68	--	21	35028	买盘
14:19:42	16.68	--	5	8340	买盘
14:19:37	16.68	--	10	16680	买盘
14:19:32	16.68	0.01	6	10008	买盘
14:19:17	16.67	0.01	14	23338	买盘
14:19:12	16.66	--	44	73304	买盘
14:19:07	16.66	--	8	13328	买盘
14:19:02	16.66	--	10	16660	买盘
14:18:57	16.66	-0.02	190	316540	卖盘
14:18:52	16.68	0.01	90	150120	买盘
14:18:46	16.67	--	10	16670	卖盘
14:18:42	16.67	--	15	25005	卖盘
14:18:37	16.67	--	81	135027	买盘
14:18:31	16.67	--	10	16670	买盘
14:18:27	16.67	--	9	15003	买盘
14:18:22	16.67	--	21	35007	买盘
14:18:16	16.67	0.01	5	8335	买盘
14:18:12	16.66	--	27	44982	卖盘
14:18:07	16.66	--	49	81634	卖盘
14:18:01	16.66	--	11	18326	卖盘
14:17:57	16.66	-0.01	2	3332	卖盘
14:17:52	16.67	--	111	185037	买盘
14:17:46	16.67	0.01	3	5001	买盘
14:17:42	16.66	-0.01	21	34986	卖盘
14:17:37	16.67	0.01	82	136694	买盘
14:17:31	16.66	--	8	13328	买盘
14:17:27	16.66	-0.01	88	146608	卖盘
14:17:22	16.67	--	33	55011	卖盘
14:17:16	16.67	0.01	6	10002	买盘
14:17:12	16.66	--	31	51646	卖盘
14:17:07	16.66	-0.01	727	1211182	卖盘
14:17:01	16.67	--	21	35007	卖盘
14:16:57	16.67	-0.02	35	58345	卖盘
14:16:52	16.69	0.01	36	60084	买盘
14:16:42	16.68	-0.01	18	30024	卖盘
14:16:37	16.69	0.01	55	91795	买盘
14:16:31	16.68	-0.01	7	11676	卖盘
14:16:27	16.69	--	21	35449	卖盘
14:16:22	16.69	--	23	38387	卖盘
14:16:16	16.69	--	5	8345	卖盘
14:16:11	16.69	-0.01	244	407236	卖盘
14:15:56	16.7	-0.02	504	841680	卖盘
14:15:52	16.72	--	23	38456	卖盘
14:15:46	16.72	-0.01	84	140448	卖盘
14:15:41	16.73	--	301	503573	卖盘
14:15:37	16.73	--	113	189049	卖盘
14:15:31	16.73	--	5	8365	卖盘
14:15:26	16.73	--	56	93688	卖盘
14:15:22	16.73	--	114	190722	卖盘
14:15:16	16.73	--	9	15057	卖盘
14:15:11	16.73	-0.01	13	21749	卖盘
14:15:07	16.74	--	4	6695	买盘
14:15:01	16.74	-0.01	7	13341	卖盘
14:14:56	16.75	0.01	155	259625	买盘
14:14:52	16.74	--	77	128897	卖盘
14:14:41	16.74	--	25	41849	卖盘
14:14:37	16.74	--	90	150660	卖盘
14:14:31	16.74	--	10	16740	卖盘
14:14:22	16.74	-0.01	1	1673	卖盘
14:14:16	16.75	--	24	40200	买盘
14:14:11	16.75	0.01	30	50250	买盘
14:14:06	16.74	--	56	93794	买盘
14:13:56	16.74	--	68	113831	买盘
14:13:51	16.74	--	33	55241	买盘
14:13:46	16.74	--	32	53567	买盘
14:13:41	16.74	0.01	100	167399	买盘
14:13:36	16.73	-0.01	12	20076	卖盘
14:13:21	16.74	0.01	17	28457	买盘
14:13:16	16.73	-0.01	8	13384	卖盘
14:13:11	16.74	--	17	28457	买盘
14:13:06	16.74	0.01	63	105461	买盘
14:13:01	16.73	-0.01	1	1673	卖盘
14:12:51	16.74	0.01	2	3347	买盘
14:12:41	16.73	0.01	36	60228	买盘
14:12:36	16.72	-0.01	19	31767	卖盘
14:12:31	16.73	--	65	108745	买盘
14:12:26	16.73	--	9	15057	买盘
14:12:21	16.73	0.01	17	28441	买盘
14:12:16	16.72	-0.01	25	41800	卖盘
14:12:11	16.73	0.01	14	23422	买盘
14:12:06	16.72	--	13	21736	卖盘
14:11:56	16.72	--	22	36784	买盘
14:11:51	16.72	0.01	7	11704	买盘
14:11:46	16.71	-0.01	55	91905	卖盘
14:11:40	16.72	0.01	4	6688	买盘
14:11:36	16.71	-0.01	22	36762	卖盘
14:11:31	16.72	0.01	5	8360	买盘
14:11:25	16.71	-0.02	4	6684	卖盘
14:11:21	16.73	0.01	106	177338	买盘
14:11:16	16.72	0.01	14	23408	中性盘
14:11:10	16.71	--	10	16710	卖盘
14:11:06	16.71	-0.01	4	6684	卖盘
14:11:01	16.72	--	2	3344	买盘
14:10:55	16.72	0.02	8	13376	买盘
14:10:51	16.7	-0.01	12	20040	卖盘
14:10:46	16.71	-0.02	217	362607	卖盘
14:10:40	16.73	0.01	18	30114	买盘
14:10:36	16.72	--	21	35998	卖盘
14:10:31	16.72	--	5	8360	卖盘
14:10:25	16.72	-0.02	1	1672	卖盘
14:10:21	16.74	0.02	96	160703	买盘
14:10:16	16.72	-0.02	77	128743	卖盘
14:10:10	16.74	--	30	50219	买盘
14:10:06	16.74	0.02	31	51893	买盘
14:10:01	16.72	-0.02	536	896877	卖盘
14:09:55	16.74	0.01	1	1673	卖盘
14:09:51	16.73	-0.01	32	53536	卖盘
14:09:46	16.74	-0.01	5	8370	卖盘
14:09:40	16.75	0.01	2	3350	买盘
14:09:36	16.74	0.01	11	18414	买盘
14:09:31	16.73	-0.02	32	53536	卖盘
14:09:25	16.75	0.02	1	1675	买盘
14:09:21	16.73	-0.01	50	83650	卖盘
14:09:16	16.74	0.01	61	102113	买盘
14:09:10	16.73	--	7	11711	卖盘
14:09:05	16.73	-0.01	54	90342	卖盘
14:09:01	16.74	--	5	8370	买盘
14:08:55	16.74	--	1	1673	买盘
14:08:50	16.74	0.01	32	53567	买盘
14:08:46	16.73	-0.02	66	110418	中性盘
14:08:40	16.75	--	1	1675	买盘
14:08:35	16.75	--	1	1675	买盘
14:08:31	16.75	0.05	45	75375	买盘
14:08:20	16.7	--	78	130260	买盘
14:08:16	16.7	--	187	313559	买盘
14:08:10	16.7	0.01	5	8350	买盘
14:08:05	16.69	-0.01	5	8345	卖盘
14:08:01	16.7	--	102	170340	买盘
14:07:55	16.7	--	10	16700	买盘
14:07:50	16.7	0.03	17	28390	买盘
14:07:46	16.67	--	180	300060	卖盘
14:07:40	16.67	--	0	0	卖盘
14:07:35	16.67	--	13	21671	卖盘
14:07:31	16.67	--	28	46676	买盘
14:07:25	16.67	--	2	3334	卖盘
14:07:20	16.67	0.01	133	221711	买盘
14:07:15	16.66	--	58	96628	卖盘
14:07:10	16.66	--	2	3332	卖盘
14:07:05	16.66	--	10	16660	卖盘
14:07:00	16.66	--	70	116620	买盘
14:06:55	16.66	0.01	4	6664	买盘
14:06:50	16.65	-0.01	114	189809	卖盘
14:06:45	16.66	0.01	70	116620	买盘
14:06:40	16.65	-0.01	24	39960	卖盘
14:06:35	16.66	--	109	181594	买盘
14:06:30	16.66	--	82	136612	卖盘
14:06:25	16.66	--	19	31654	卖盘
14:06:20	16.66	--	21	34986	卖盘
14:06:15	16.66	0.01	35	58310	中性盘
14:06:10	16.65	-0.03	10	16650	卖盘
14:06:05	16.68	--	0	0	买盘
14:06:00	16.68	0.01	147	245196	买盘
14:05:55	16.67	-0.02	120	200040	卖盘
14:05:50	16.69	0.01	196	327124	买盘
14:05:45	16.68	-0.01	42	70056	卖盘
14:05:40	16.69	--	32	53408	买盘
14:05:35	16.69	-0.01	103	171907	卖盘
14:05:30	16.7	--	5	8350	买盘
14:05:25	16.7	--	100	167000	买盘
14:05:20	16.7	-0.02	280	467600	卖盘
14:05:15	16.72	-0.04	46	76912	卖盘
14:05:10	16.76	--	2	3352	买盘
14:05:05	16.76	-0.01	22	36872	卖盘
14:05:00	16.77	--	6	10062	买盘
14:04:55	16.77	--	19	31863	卖盘
14:04:50	16.77	-0.01	8	13416	卖盘
14:04:45	16.78	--	13	21814	买盘
14:04:40	16.78	--	18	30204	买盘
14:04:30	16.78	--	42	70476	买盘
14:04:25	16.78	--	8	13424	买盘
14:04:15	16.78	--	31	52018	买盘
14:04:10	16.78	0.01	6	10068	买盘
14:04:04	16.77	-0.02	21	35217	卖盘
14:04:00	16.79	--	61	102419	买盘
14:03:55	16.79	--	18	30222	买盘
14:03:49	16.79	0.01	71	119209	买盘
14:03:45	16.78	-0.01	74	124172	卖盘
14:03:40	16.79	-0.01	22	36938	卖盘
14:03:34	16.8	0.01	84	141120	买盘
14:03:25	16.79	-0.01	1509	2533611	卖盘
14:03:15	16.8	0.01	26	43680	买盘
14:03:10	16.79	--	70	117530	卖盘
14:03:04	16.79	0.01	6	10074	卖盘
14:03:00	16.78	--	0	0	卖盘
14:02:55	16.78	--	168	281904	卖盘
14:02:49	16.78	-0.01	27	45306	卖盘
14:02:45	16.79	--	90	151110	卖盘
14:02:39	16.79	--	49	82271	卖盘
14:02:34	16.79	0.01	47	78913	卖盘
14:02:30	16.78	-0.01	30	50340	卖盘
14:02:25	16.79	--	44	73876	买盘
14:02:19	16.79	--	10	16790	买盘
14:02:14	16.79	--	8	13432	买盘
14:02:10	16.79	0.01	38	63802	中性盘
14:02:04	16.78	-0.02	10	16780	卖盘
14:01:59	16.8	--	93	156240	卖盘
14:01:55	16.8	0.02	120	201600	卖盘
14:01:40	16.78	-0.02	47	78866	卖盘
14:01:34	16.8	-0.03	10	16800	卖盘
14:01:29	16.83	--	11	18512	买盘
14:01:25	16.83	0.03	77	129590	买盘
14:01:19	16.8	--	2	3360	买盘
14:01:14	16.8	-0.04	1472	2473749	卖盘
14:01:09	16.84	0.02	43	72412	买盘
14:00:59	16.82	-0.02	1	1682	卖盘
14:00:55	16.84	--	22	37048	买盘
14:00:49	16.84	--	15	25260	买盘
14:00:44	16.84	-0.01	224	377216	卖盘
14:00:39	16.85	--	2	3370	买盘
14:00:29	16.85	0.02	349	588604	买盘
14:00:24	16.83	-0.01	56	94247	中性盘
14:00:14	16.84	0.02	245	412580	买盘
14:00:09	16.82	-0.01	80	134560	卖盘
14:00:04	16.83	0.01	51	85832	中性盘
13:59:59	16.82	-0.01	139	233798	卖盘
13:59:55	16.83	0.01	92	154835	买盘
13:59:49	16.82	--	31	52142	卖盘
13:59:44	16.82	--	11	18502	卖盘
13:59:39	16.82	-0.02	67	112694	卖盘
13:59:34	16.84	--	0	0	买盘
13:59:29	16.84	0.01	366	616344	买盘
13:59:24	16.83	-0.01	120	201959	卖盘
13:59:19	16.84	--	210	353640	买盘
13:59:14	16.84	-0.01	40	67360	卖盘
13:59:09	16.85	--	50	84250	买盘
13:59:04	16.85	--	38	64030	买盘
13:58:59	16.85	-0.02	56	94360	卖盘
13:58:54	16.87	--	610	1029070	买盘
13:58:49	16.87	--	6	10122	买盘
13:58:44	16.87	0.02	3	5061	买盘
13:58:29	16.85	-0.02	145	244409	卖盘
13:58:24	16.87	0.01	97	163639	买盘
13:58:14	16.86	0.01	72	121392	买盘
13:58:09	16.85	-0.01	123	207255	卖盘
13:58:04	16.86	--	10	16860	买盘
13:57:43	16.86	0.01	23	38778	买盘
13:57:39	16.85	--	9	15165	卖盘
13:57:34	16.85	0.01	3	5055	卖盘
13:57:28	16.84	-0.01	63	106108	卖盘
13:57:24	16.85	--	178	301513	买盘
13:57:19	16.85	--	7	11795	买盘
13:57:13	16.85	--	21	35385	买盘
13:57:09	16.85	0.01	60	101100	买盘
13:57:04	16.84	-0.01	73	122932	卖盘
13:56:54	16.85	--	40	67400	买盘
13:56:49	16.85	--	61	102785	买盘
13:56:43	16.85	--	13	21905	买盘
13:56:39	16.85	--	3	5055	买盘
13:56:34	16.85	--	46	78403	卖盘
13:56:24	16.85	-0.02	165	278816	卖盘
13:56:19	16.87	0.02	8	13496	买盘
13:56:09	16.85	--	18	30330	卖盘
13:56:04	16.85	--	2	3370	卖盘
13:55:54	16.85	-0.02	10	16850	卖盘
13:55:48	16.87	0.01	46	77602	买盘
13:55:43	16.86	--	5	8430	买盘
13:55:39	16.86	0.01	3	5058	买盘
13:55:34	16.85	-0.02	186	313410	卖盘
13:55:28	16.87	--	6	10122	买盘
13:55:23	16.87	--	150	253050	买盘
13:55:18	16.87	-0.01	113	190631	卖盘
13:55:13	16.88	0.01	40	67520	买盘
13:55:08	16.87	-0.01	13	21931	卖盘
13:55:04	16.88	0.01	51	86088	买盘
13:54:58	16.87	-0.01	70	118090	卖盘
13:54:53	16.88	--	201	339288	买盘
13:54:48	16.88	--	6	10128	买盘
13:54:43	16.88	--	5	8440	买盘
13:54:38	16.88	0.01	2	3376	买盘
13:54:33	16.87	-0.01	17	28679	卖盘
13:54:28	16.88	--	5	8440	买盘
13:54:23	16.88	--	133	224504	卖盘
13:54:18	16.88	-0.01	42	70896	卖盘
13:54:13	16.89	--	5	8445	买盘
13:54:08	16.89	0.01	31	52359	买盘
13:54:04	16.88	-0.01	516	871008	卖盘
13:53:58	16.89	--	25	42225	买盘
13:53:53	16.89	--	25	42225	买盘
13:53:48	16.89	--	1	1689	买盘
13:53:38	16.89	-0.01	157	266811	卖盘
13:53:33	16.9	--	41	69290	买盘
13:53:28	16.9	--	15	26972	买盘
13:53:23	16.9	--	66	112824	买盘
13:53:18	16.9	0.01	19	32109	买盘
13:53:13	16.89	-0.02	23	38847	卖盘
13:53:08	16.91	0.02	12	20292	买盘
13:52:58	16.89	--	0	0	卖盘
13:52:53	16.89	--	10	16890	卖盘
13:52:43	16.89	--	2	3901	买盘
13:52:38	16.89	0.01	35	59115	中性盘
13:52:33	16.88	-0.01	13	21944	卖盘
13:52:28	16.89	--	1	1689	买盘
13:52:23	16.89	--	107	180723	卖盘
13:52:18	16.89	-0.01	22	37158	卖盘
13:52:13	16.9	--	4	6759	买盘
13:52:08	16.9	--	2	3379	买盘
13:52:03	16.9	--	67	113229	买盘
13:51:58	16.9	0.01	25	42250	买盘
13:51:53	16.89	-0.02	35	59115	卖盘
13:51:48	16.91	0.01	11	18601	买盘
13:51:43	16.9	--	6	10140	买盘
13:51:38	16.9	-0.01	123	209188	卖盘
13:51:28	16.91	--	24	40584	买盘
13:51:23	16.91	-0.01	41	69331	卖盘
13:51:18	16.92	0.01	11	18612	买盘
13:51:08	16.91	0.01	14	23674	买盘
13:51:03	16.9	--	40	67971	买盘
13:50:58	16.9	-0.01	181	307208	卖盘
13:50:48	16.91	-0.01	35	59185	卖盘
13:50:43	16.92	0.01	49	82908	买盘
13:50:33	16.91	-0.01	20	33820	卖盘
13:50:28	16.92	0.02	162	274493	买盘
13:50:18	16.9	-0.01	36	60839	卖盘
13:50:13	16.91	-0.01	40	67640	买盘
13:50:03	16.92	--	52	87984	买盘
13:49:58	16.92	0.02	21	35532	买盘
13:49:52	16.9	-0.01	60	101399	卖盘
13:49:48	16.91	-0.01	12	20292	中性盘
13:49:43	16.92	--	50	84600	买盘
13:49:37	16.92	-0.01	5	8460	买盘
13:49:33	16.93	--	0	0	买盘
13:49:28	16.93	-0.02	71	120203	卖盘
13:49:22	16.95	0.03	15	25425	买盘
13:49:18	16.92	0.02	15	25380	卖盘
13:49:13	16.9	-0.02	500	844999	卖盘
13:49:07	16.92	--	5	8460	卖盘
13:49:03	16.92	-0.04	100	169200	卖盘
13:48:57	16.96	--	0	0	买盘
13:48:52	16.96	0.01	128	217088	买盘
13:48:48	16.95	-0.02	27	45765	卖盘
13:48:42	16.97	--	48	81456	买盘
13:48:37	16.97	0.02	14	23758	买盘
13:48:33	16.95	-0.02	172	291540	卖盘
13:48:27	16.97	--	226	383522	卖盘
13:48:17	16.97	-0.02	104	176488	卖盘
13:48:12	16.99	0.02	39	66261	买盘
13:48:07	16.97	0.01	10	16970	买盘
13:48:02	16.96	0.01	30	50880	买盘
13:47:57	16.95	-0.01	47	79665	卖盘
13:47:47	16.96	-0.01	43	72928	卖盘
13:47:42	16.97	0.01	1	1697	买盘
13:47:32	16.96	0.01	11	18656	卖盘
13:47:27	16.95	-0.01	210	356272	卖盘
13:47:22	16.96	--	18	30528	买盘
13:47:17	16.96	0.01	25	42400	买盘
13:47:12	16.95	-0.01	14	23730	卖盘
13:47:07	16.96	0.01	19	32224	买盘
13:47:02	16.95	--	25	42375	卖盘
13:46:52	16.95	--	26	44070	买盘
13:46:47	16.95	0.05	77	130515	买盘
13:46:32	16.9	0.02	31	52389	卖盘
13:46:27	16.88	--	255	431013	卖盘
13:46:22	16.88	--	91	154705	卖盘
13:46:17	16.88	--	33	55704	卖盘
13:46:07	16.88	--	0	0	卖盘
13:46:02	16.88	0.02	55	92840	买盘
13:45:57	16.86	-0.02	157	264702	卖盘
13:45:47	16.88	0.02	145	244760	买盘
13:45:42	16.86	--	107	180402	买盘
13:45:37	16.86	0.01	83	139938	买盘
13:45:32	16.85	-0.01	96	161760	卖盘
13:45:27	16.86	0.02	84	141624	买盘
13:45:22	16.84	-0.01	307	517998	卖盘
13:45:17	16.85	-0.01	41	69085	中性盘
13:45:12	16.86	0.01	19	32034	买盘
13:45:07	16.85	0.01	25	42125	买盘
13:45:02	16.84	--	37	62308	卖盘
13:44:57	16.84	--	125	211257	买盘
13:44:52	16.84	--	23	38732	买盘
13:44:47	16.84	0.01	116	195344	买盘
13:44:42	16.83	--	120	203070	买盘
13:44:37	16.83	0.01	248	417383	买盘
13:44:32	16.82	-0.01	76	127832	卖盘
13:44:27	16.83	--	12	20195	买盘
13:44:22	16.83	-0.01	158	265914	卖盘
13:44:17	16.84	--	21	35364	买盘
13:44:12	16.84	--	30	50520	买盘
13:44:07	16.84	--	20	33680	买盘
13:44:02	16.84	--	128	215552	买盘
13:43:57	16.84	-0.01	232	391614	卖盘
13:43:52	16.85	--	30	51308	买盘
13:43:47	16.85	0.01	140	235900	买盘
13:43:42	16.84	-0.01	77	129668	卖盘
13:43:37	16.85	--	237	399345	买盘
13:43:31	16.85	0.01	32	53920	买盘
13:43:27	16.84	-0.01	15	25260	卖盘
13:43:22	16.85	-0.01	121	203885	卖盘
13:43:12	16.86	--	149	251214	买盘
13:43:07	16.86	--	32	53952	买盘
13:43:01	16.86	--	10	16860	买盘
13:42:57	16.86	--	63	106218	卖盘
13:42:52	16.86	-0.01	93	156798	卖盘
13:42:46	16.87	0.01	3	5061	买盘
13:42:42	16.86	-0.01	48	80928	卖盘
13:42:37	16.87	-0.01	127	214249	卖盘
13:42:31	16.88	--	10	16880	买盘
13:42:27	16.88	--	1	1688	买盘
13:42:22	16.88	--	91	153608	卖盘
13:42:16	16.88	-0.05	10	16880	卖盘
13:42:12	16.93	0.04	121	204853	买盘
13:42:07	16.89	-0.01	10	16890	卖盘
13:41:57	16.9	--	28	47319	买盘
13:41:52	16.9	-0.04	324	547560	卖盘
13:41:46	16.94	-0.01	1	1694	买盘
13:41:42	16.95	--	0	0	买盘
13:41:37	16.95	-0.01	44	74580	卖盘
13:41:31	16.96	0.01	5	8480	买盘
13:41:27	16.95	-0.01	149	252555	卖盘
13:41:21	16.96	--	50	84800	卖盘
13:41:16	16.96	-0.01	2	3392	卖盘
13:41:11	16.97	--	0	0	中性盘
13:41:06	16.97	-0.01	20	33940	卖盘
13:41:01	16.98	--	20	33960	买盘
13:40:56	16.98	--	103	174894	卖盘
13:40:51	16.98	--	5	8490	卖盘
13:40:46	16.98	-0.01	13	22074	卖盘
13:40:41	16.99	--	3	5096	买盘
13:40:36	16.99	--	16	27183	中性盘
13:40:31	16.99	--	50	84949	买盘
13:40:26	16.99	--	5	9548	卖盘
13:40:21	16.99	-0.01	980	1665308	卖盘
13:40:16	17.0	--	15	25500	买盘
13:40:11	17.0	--	100	170000	买盘
13:40:06	17.0	-0.01	206	350200	卖盘
13:40:01	17.01	0.01	40	68040	买盘
13:39:56	17.0	-0.01	30	51000	卖盘
13:39:51	17.01	0.01	60	102060	买盘
13:39:46	17.0	0.01	4	6800	卖盘
13:39:41	16.99	-0.02	226	383973	卖盘
13:39:36	17.01	--	50	85050	买盘
13:39:31	17.01	0.01	10	17010	买盘
13:39:26	17.0	--	46	78557	买盘
13:39:21	17.0	--	38	64600	买盘
13:39:16	17.0	-0.01	125	213843	卖盘
13:39:11	17.01	0.01	2	3402	卖盘
13:39:06	17.0	--	414	703800	卖盘
13:39:01	17.0	--	0	0	卖盘
13:38:56	17.0	--	102	173400	卖盘
13:38:51	17.0	--	0	0	卖盘
13:38:41	17.0	--	40	68357	买盘
13:38:36	17.0	--	83	141100	买盘
13:38:31	17.0	--	14	23800	买盘
13:38:26	17.0	--	53	90100	买盘
13:38:21	17.0	-0.02	489	832201	卖盘
13:38:16	17.02	0.02	14	23828	买盘
13:38:11	17.0	--	41	70499	买盘
13:38:06	17.0	--	132	224400	买盘
13:38:01	17.0	--	75	127500	买盘
13:37:56	17.0	--	136	231200	买盘
13:37:51	17.0	--	5	8500	买盘
13:37:46	17.0	0.01	51	86700	买盘
13:37:41	16.99	-0.01	46	78154	卖盘
13:37:36	17.0	--	411	698700	买盘
13:37:31	17.0	0.01	15	25500	买盘
13:37:26	16.99	-0.01	123	208976	卖盘
13:37:21	17.0	-0.03	172	294066	卖盘
13:37:16	17.03	0.03	15	25545	买盘
13:37:11	17.0	-0.02	650	1105000	卖盘
13:37:06	17.02	0.02	25	42550	买盘
13:37:01	17.0	--	168	285600	卖盘
13:36:56	17.0	-0.01	663	1127287	卖盘
13:36:51	17.01	--	171	290871	买盘
13:36:41	17.01	--	93	158193	买盘
13:36:36	17.01	--	184	312984	买盘
13:36:31	17.01	--	42	71442	买盘
13:36:21	17.01	0.01	106	180306	买盘
13:36:16	17.0	-0.01	251	426700	卖盘
13:36:10	17.01	0.01	60	102060	卖盘
13:36:06	17.0	--	444	756347	卖盘
13:36:01	17.0	-0.01	184	312800	卖盘
13:35:55	17.01	0.01	20	34020	买盘
13:35:51	17.0	-0.01	23	39100	卖盘
13:35:46	17.01	--	104	176904	买盘
13:35:40	17.01	0.01	2	3402	买盘
13:35:36	17.0	-0.01	73	124100	卖盘
13:35:31	17.01	-0.02	119	202419	卖盘
13:35:25	17.03	--	5	8515	买盘
13:35:21	17.03	0.01	113	192439	买盘
13:35:16	17.02	-0.03	91	154882	卖盘
13:35:10	17.05	--	2	3410	买盘
13:35:06	17.05	-0.01	24	40920	中性盘
13:35:01	17.06	--	158	269548	买盘
13:34:55	17.06	--	13	22178	买盘
13:34:51	17.06	--	158	269548	卖盘
13:34:46	17.06	--	193	329258	卖盘
13:34:40	17.06	-0.01	31	52885	卖盘
13:34:36	17.07	--	61	104127	卖盘
13:34:30	17.07	-0.01	90	153630	卖盘
13:34:20	17.08	0.01	16	27327	买盘
13:34:15	17.07	-0.02	30	51210	卖盘
13:34:10	17.09	-0.01	5	8545	买盘
13:34:05	17.1	--	1	1710	买盘
13:34:00	17.1	0.01	13	22230	买盘
13:33:55	17.09	-0.03	156	266604	卖盘
13:33:50	17.12	-0.01	1	1712	买盘
13:33:45	17.13	--	154	263802	卖盘
13:33:40	17.13	--	114	195282	卖盘
13:33:35	17.13	0.01	547	937011	买盘
13:33:30	17.12	-0.01	151	258512	卖盘
13:33:25	17.13	-0.04	7	11991	卖盘
13:33:15	17.17	0.02	167	286739	买盘
13:33:10	17.15	--	70	120049	卖盘
13:33:05	17.15	-0.03	89	152635	卖盘
13:33:00	17.18	-0.01	9	15462	卖盘
13:32:55	17.19	0.01	5	8595	买盘
13:32:50	17.18	-0.02	13	22334	卖盘
13:32:45	17.2	0.01	52	89440	买盘
13:32:40	17.19	-0.01	167	287073	卖盘
13:32:35	17.2	--	7	12040	买盘
13:32:30	17.2	--	124	214690	卖盘
13:32:25	17.2	--	33	56760	卖盘
13:32:20	17.2	--	334	576062	卖盘
13:32:15	17.2	--	1	1720	卖盘
13:32:10	17.2	--	35	60200	卖盘
13:32:05	17.2	--	42	72240	卖盘
13:32:00	17.2	--	54	92880	卖盘
13:31:55	17.2	--	20	34400	卖盘
13:31:50	17.2	-0.01	151	259720	卖盘
13:31:45	17.21	0.01	3	5163	中性盘
13:31:40	17.2	--	1	1720	卖盘
13:31:35	17.2	-0.02	164	282080	卖盘
13:31:30	17.22	0.01	16	27552	买盘
13:31:20	17.21	-0.03	230	396053	卖盘
13:31:10	17.24	0.03	22	37928	买盘
13:31:05	17.21	-0.01	151	259871	卖盘
13:31:00	17.22	-0.02	10	17220	中性盘
13:30:50	17.24	-0.01	236	406863	买盘
13:30:45	17.25	--	31	53475	买盘
13:30:40	17.25	--	10	17250	买盘
13:30:35	17.25	0.04	31	53475	买盘
13:30:30	17.21	-0.01	80	137680	卖盘
13:30:25	17.22	-0.03	61	105042	卖盘
13:30:20	17.25	--	2	3450	买盘
13:30:15	17.25	-0.03	20	34500	卖盘
13:30:10	17.28	0.02	4	6912	中性盘
13:30:05	17.26	--	44	75944	卖盘
13:30:00	17.26	-0.02	315	543690	卖盘
13:29:55	17.28	0.02	14	24192	买盘
13:29:50	17.26	-0.02	204	352104	卖盘
13:29:45	17.28	--	80	138240	买盘
13:29:40	17.28	-0.01	67	117486	卖盘
13:29:35	17.29	0.01	113	196656	买盘
13:29:30	17.28	-0.01	96	166354	卖盘
13:29:20	17.29	0.01	43	74347	买盘
13:29:15	17.28	-0.01	27	46656	卖盘
13:29:10	17.29	0.01	88	152152	买盘
13:29:04	17.28	--	148	255744	卖盘
13:29:00	17.28	0.06	430	743040	买盘
13:28:55	17.22	-0.05	8	13776	卖盘
13:28:45	17.27	0.07	10	17270	买盘
13:28:40	17.2	--	0	0	卖盘
13:28:34	17.2	--	0	0	卖盘
13:28:30	17.2	-0.08	264	454080	卖盘
13:28:25	17.28	0.07	218	376704	买盘
13:28:19	17.21	--	18	30978	买盘
13:28:15	17.21	-0.01	45	77445	中性盘
13:28:10	17.22	--	153	263466	买盘
13:28:00	17.22	0.01	134	230747	买盘
13:27:54	17.21	--	26	44746	买盘
13:27:49	17.21	0.01	22	37862	买盘
13:27:45	17.2	-0.01	50	86000	卖盘
13:27:39	17.21	0.01	6	10326	买盘
13:27:34	17.2	0.01	737	1267863	买盘
13:27:30	17.19	--	149	256131	卖盘
13:27:24	17.19	--	161	276759	卖盘
13:27:19	17.19	--	20	34380	卖盘
13:27:15	17.19	0.01	21	36099	买盘
13:27:09	17.18	-0.01	153	262854	卖盘
13:27:04	17.19	--	14	24066	买盘
13:26:59	17.19	0.01	50	85950	买盘
13:26:54	17.18	--	24	41232	卖盘
13:26:44	17.18	--	9	15462	买盘
13:26:39	17.18	0.03	10	17180	买盘
13:26:34	17.15	-0.03	5	8575	卖盘
13:26:29	17.18	0.03	52	89336	买盘
13:26:24	17.15	0.01	63	108044	卖盘
13:26:19	17.14	--	323	553622	卖盘
13:26:14	17.14	--	88	150832	卖盘
13:26:09	17.14	--	144	246816	买盘
13:26:04	17.14	--	70	119980	买盘
13:25:59	17.14	--	365	625610	买盘
13:25:54	17.14	--	338	579332	卖盘
13:25:49	17.14	-0.01	58	99412	卖盘
13:25:44	17.15	-0.01	71	121764	卖盘
13:25:39	17.16	0.03	148	253968	买盘
13:25:34	17.13	--	14	23982	卖盘
13:25:29	17.13	-0.02	210	359730	中性盘
13:25:24	17.15	-0.01	74	126909	中性盘
13:25:19	17.16	--	60	102960	买盘
13:25:14	17.16	-0.02	142	243672	卖盘
13:25:09	17.18	-0.01	110	188980	买盘
13:25:04	17.19	--	0	0	买盘
13:24:59	17.19	0.01	62	106578	买盘
13:24:54	17.18	-0.02	99	170082	卖盘
13:24:44	17.2	--	285	490200	买盘
13:24:39	17.2	-0.04	406	698320	卖盘
13:24:34	17.24	0.02	14	24135	买盘
13:24:29	17.22	-0.03	191	328902	卖盘
13:24:24	17.25	--	47	81075	卖盘
13:24:19	17.25	--	8	13800	卖盘
13:24:14	17.25	-0.01	128	220800	卖盘
13:24:09	17.26	--	18	31068	卖盘
13:24:04	17.26	-0.01	17	29342	卖盘
13:23:59	17.27	--	16	27632	买盘
13:23:54	17.27	--	34	58718	卖盘
13:23:49	17.27	-0.02	4	6908	卖盘
13:23:44	17.29	--	4	6916	买盘
13:23:39	17.29	-0.01	41	70889	卖盘
13:23:34	17.3	0.01	109	188570	买盘
13:23:29	17.29	-0.01	86	148694	卖盘
13:23:24	17.3	--	326	563980	卖盘
13:23:19	17.3	--	16	27680	卖盘
13:23:14	17.3	--	113	195490	卖盘
13:23:09	17.3	--	235	406550	卖盘
13:23:04	17.3	--	75	129750	卖盘
13:22:59	17.3	-0.02	178	307940	卖盘
13:22:54	17.32	-0.01	47	81404	卖盘
13:22:49	17.33	-0.01	41	71053	买盘
13:22:44	17.34	0.02	3	5202	买盘
13:22:39	17.32	-0.01	63	109116	卖盘
13:22:29	17.33	-0.02	24	41591	卖盘
13:22:24	17.35	--	3	5205	买盘
13:22:13	17.35	--	17	30189	卖盘
13:22:09	17.35	--	160	278137	卖盘
13:22:04	17.35	-0.01	89	154415	卖盘
13:21:58	17.36	-0.02	34	59024	卖盘
13:21:54	17.38	--	24	41712	买盘
13:21:49	17.38	0.02	3	5214	买盘
13:21:43	17.36	--	45	78120	卖盘
13:21:34	17.36	-0.03	49	85064	卖盘
13:21:28	17.39	--	47	81733	买盘
13:21:24	17.39	--	113	196507	卖盘
13:21:19	17.39	0.02	28	48692	买盘
13:21:13	17.37	-0.02	91	158067	卖盘
13:21:09	17.39	0.02	38	66082	买盘
13:21:03	17.37	--	18	31266	卖盘
13:20:54	17.37	--	142	246654	卖盘
13:20:49	17.37	--	118	204966	卖盘
13:20:43	17.37	0.01	7	12159	中性盘
13:20:39	17.36	0.01	26	45136	买盘
13:20:33	17.35	-0.01	232	402520	卖盘
13:20:28	17.36	0.01	60	104160	买盘
13:20:23	17.35	--	32	55520	卖盘
13:20:18	17.35	-0.01	24	41640	卖盘
13:20:13	17.36	0.01	160	277760	买盘
13:20:08	17.35	--	51	88485	卖盘
13:20:03	17.35	-0.01	82	142270	卖盘
13:19:58	17.36	0.01	52	90272	买盘
13:19:53	17.35	--	20	34700	卖盘
13:19:48	17.35	-0.01	138	239430	卖盘
13:19:38	17.36	0.01	23	39928	买盘
13:19:33	17.35	-0.01	116	201260	卖盘
13:19:23	17.36	-0.04	47	81592	卖盘
13:19:18	17.4	--	36	62639	买盘
13:19:13	17.4	--	34	59159	买盘
13:19:08	17.4	0.05	6	10440	买盘
13:19:03	17.35	-0.05	129	223815	卖盘
13:18:53	17.4	--	3	5220	买盘
13:18:48	17.4	--	61	106139	卖盘
13:18:43	17.4	--	100	174000	卖盘
13:18:38	17.4	-0.01	473	823019	卖盘
13:18:33	17.41	--	23	40043	买盘
13:18:28	17.41	--	18	31338	买盘
13:18:23	17.41	0.01	3	5223	买盘
13:18:18	17.4	-0.03	115	200099	卖盘
13:18:13	17.43	0.02	6	10458	买盘
13:18:03	17.41	-0.02	74	128834	卖盘
13:17:53	17.43	0.02	3	5229	买盘
13:17:48	17.41	-0.03	73	127093	卖盘
13:17:43	17.44	--	22	38368	卖盘
13:17:38	17.44	0.01	267	465648	买盘
13:17:33	17.43	--	54	94122	买盘
13:17:28	17.43	--	6	10458	卖盘
13:17:23	17.43	0.01	20	34860	买盘
13:17:18	17.42	-0.01	58	101036	卖盘
13:17:13	17.43	0.01	10	17430	买盘
13:17:08	17.42	-0.02	37	64454	卖盘
13:17:03	17.44	-0.01	35	61040	卖盘
13:16:58	17.45	--	235	411279	卖盘
13:16:53	17.45	-0.01	77	134365	卖盘
13:16:48	17.46	0.01	10	17460	买盘
13:16:43	17.45	-0.02	45	78525	卖盘
13:16:38	17.47	0.01	62	108314	买盘
13:16:33	17.46	-0.01	72	125712	卖盘
13:16:28	17.47	--	33	57650	买盘
13:16:23	17.47	-0.01	139	242832	卖盘
13:16:18	17.48	0.01	80	139840	中性盘
13:16:13	17.47	-0.01	1512	2641464	卖盘
13:16:08	17.48	--	228	398544	卖盘
13:16:03	17.48	0.01	325	568641	买盘
13:15:58	17.47	--	69	120542	买盘
13:15:53	17.47	-0.01	127	223074	卖盘
13:15:48	17.48	0.01	70	122360	买盘
13:15:43	17.47	--	20	34940	卖盘
13:15:38	17.47	0.01	225	393616	买盘
13:15:33	17.46	--	232	405072	卖盘
13:15:28	17.46	--	100	174600	卖盘
13:15:23	17.46	--	119	207774	卖盘
13:15:18	17.46	0.03	327	570942	买盘
13:15:13	17.43	-0.02	42	73206	卖盘
13:15:07	17.45	-0.01	10	17450	买盘
13:15:03	17.46	0.03	36	62856	买盘
13:14:58	17.43	--	141	245763	卖盘
13:14:52	17.43	--	0	0	卖盘
13:14:48	17.43	--	284	495012	卖盘
13:14:43	17.43	0.01	332	578676	买盘
13:14:37	17.42	-0.01	100	174200	卖盘
13:14:33	17.43	-0.02	208	362544	卖盘
13:14:28	17.45	0.01	70	122150	买盘
13:14:22	17.44	--	61	106384	买盘
13:14:18	17.44	--	222	388371	卖盘
13:14:12	17.44	-0.01	29	51116	卖盘
13:14:07	17.45	--	6	10470	买盘
13:14:03	17.45	0.04	324	565380	买盘
13:13:58	17.41	-0.01	485	844385	卖盘
13:13:52	17.42	-0.01	5	8710	卖盘
13:13:47	17.43	0.01	100	174300	买盘
13:13:42	17.42	--	275	479050	卖盘
13:13:37	17.42	0.01	27	47121	买盘
13:13:33	17.41	-0.01	266	463106	卖盘
13:13:27	17.42	0.01	284	494728	买盘
13:13:22	17.41	0.01	2	3482	买盘
13:13:18	17.4	--	22	38280	卖盘
13:13:12	17.4	-0.01	205	356699	卖盘
13:13:07	17.41	--	15	26115	买盘
13:13:02	17.41	0.01	610	1062010	买盘
13:12:57	17.4	--	211	367139	卖盘
13:12:52	17.4	--	300	521999	卖盘
13:12:47	17.4	0.03	580	1009199	买盘
13:12:42	17.37	-0.02	45	78165	卖盘
13:12:37	17.39	--	0	0	买盘
13:12:32	17.39	--	57	99123	买盘
13:12:27	17.39	--	169	293891	卖盘
13:12:22	17.39	-0.01	33	57387	卖盘
13:12:17	17.4	--	7	12179	买盘
13:12:12	17.4	-0.02	21	36540	中性盘
13:12:07	17.42	0.04	136	236912	买盘
13:12:02	17.38	-0.01	94	163372	卖盘
13:11:52	17.39	-0.01	5	8695	中性盘
13:11:47	17.4	0.01	113	196619	买盘
13:11:42	17.39	-0.01	11	19129	卖盘
13:11:37	17.4	0.01	5	8700	买盘
13:11:32	17.39	-0.01	171	299021	卖盘
13:11:27	17.4	--	18	31319	卖盘
13:11:22	17.4	--	10	17400	卖盘
13:11:17	17.4	--	82	142767	买盘
13:11:12	17.4	--	43	74820	买盘
13:11:07	17.4	--	38	66120	买盘
13:11:02	17.4	--	78	135720	买盘
13:10:57	17.4	--	125	217499	买盘
13:10:52	17.4	0.02	59	102659	买盘
13:10:47	17.38	--	30	52140	卖盘
13:10:42	17.38	-0.02	117	203346	卖盘
13:10:37	17.4	0.02	62	107879	买盘
13:10:32	17.38	0.01	187	325006	买盘
13:10:27	17.37	--	22	38214	卖盘
13:10:22	17.37	0.02	127	220599	买盘
13:10:17	17.35	--	0	0	卖盘
13:10:12	17.35	-0.01	337	584695	卖盘
13:10:07	17.36	--	55	95480	买盘
13:10:02	17.36	0.01	107	185752	买盘
13:09:57	17.35	--	9	15615	卖盘
13:09:52	17.35	0.02	291	505388	买盘
13:09:47	17.33	--	25	43324	买盘
13:09:42	17.33	-0.01	148	256483	卖盘
13:09:37	17.34	0.01	72	124848	买盘
13:09:32	17.33	-0.02	703	1218298	中性盘
13:09:27	17.35	--	11	19085	买盘
13:09:22	17.35	0.04	15	26025	买盘
13:09:17	17.31	--	0	0	卖盘
13:09:12	17.31	-0.04	59	102128	卖盘
13:09:02	17.35	--	31	53785	买盘
13:08:57	17.35	0.04	118	204730	买盘
13:08:52	17.31	-0.04	24	41544	卖盘
13:08:47	17.35	--	0	0	买盘
13:08:42	17.35	--	564	979771	卖盘
13:08:32	17.35	--	0	0	卖盘
13:08:27	17.35	-0.03	520	902200	卖盘
13:08:22	17.38	0.01	64	111232	买盘
13:08:17	17.37	--	54	93798	卖盘
13:08:12	17.37	-0.01	27	46899	卖盘
13:08:02	17.38	0.01	112	194656	买盘
13:07:57	17.37	-0.01	21	36477	卖盘
13:07:52	17.38	--	47	81686	卖盘
13:07:42	17.38	--	119	206822	卖盘
13:07:37	17.38	--	2	3476	卖盘
13:07:31	17.38	-0.01	10	17380	卖盘
13:07:27	17.39	--	17	29563	买盘
13:07:22	17.39	--	12	20868	买盘
13:07:16	17.39	-0.01	15	26085	卖盘
13:07:12	17.4	0.01	859	1494659	买盘
13:07:06	17.39	-0.01	43	74777	卖盘
13:07:01	17.4	--	14	24359	卖盘
13:06:57	17.4	--	552	960479	卖盘
13:06:51	17.4	--	325	565500	卖盘
13:06:46	17.4	0.01	132	229679	买盘
13:06:41	17.39	-0.01	53	92167	卖盘
13:06:36	17.4	--	49	85260	卖盘
13:06:31	17.4	--	11	19140	卖盘
13:06:26	17.4	-0.02	75	130499	卖盘
13:06:22	17.42	0.02	98	170716	买盘
13:06:16	17.4	-0.02	12	20880	卖盘
13:06:12	17.42	-0.02	50	87100	买盘
13:06:06	17.44	0.02	84	146496	买盘
13:06:01	17.42	-0.03	681	1186302	卖盘
13:05:56	17.45	0.01	544	949280	买盘
13:05:51	17.44	-0.01	95	165680	卖盘
13:05:46	17.45	0.02	86	150070	买盘
13:05:41	17.43	-0.01	201	350343	卖盘
13:05:36	17.44	0.01	133	231952	中性盘
13:05:31	17.43	--	4	6972	买盘
13:05:26	17.43	--	341	594363	卖盘
13:05:21	17.43	0.01	85	148155	买盘
13:05:11	17.42	--	154	268268	卖盘
13:05:06	17.42	0.03	706	1229852	买盘
13:05:01	17.39	-0.01	1	1739	卖盘
13:04:56	17.4	0.01	120	208799	买盘
13:04:51	17.39	0.01	38	66082	买盘
13:04:46	17.38	-0.01	38	66044	卖盘
13:04:41	17.39	0.01	120	208680	买盘
13:04:36	17.38	--	55	95590	卖盘
13:04:31	17.38	0.01	491	853358	买盘
13:04:26	17.37	--	212	368244	卖盘
13:04:21	17.37	0.01	121	210177	买盘
13:04:16	17.36	0.01	2	3472	卖盘
13:04:11	17.35	-0.01	355	615925	卖盘
13:04:06	17.36	0.01	53	92008	买盘
13:04:01	17.35	--	9	15615	卖盘
13:03:56	17.35	--	179	310565	卖盘
13:03:51	17.35	--	8	13880	卖盘
13:03:46	17.35	0.07	844	1464843	买盘
13:03:41	17.28	-0.01	25	43200	卖盘
13:03:36	17.29	--	7	12103	买盘
13:03:31	17.29	--	15	25935	买盘
13:03:26	17.29	--	5	8645	买盘
13:03:21	17.29	-0.01	87	150423	卖盘
13:03:16	17.3	--	20	34600	买盘
13:03:11	17.3	--	14	24220	买盘
13:03:06	17.3	0.01	53	91690	买盘
13:03:01	17.29	-0.01	30	51870	卖盘
13:02:56	17.3	--	6	10380	买盘
13:02:51	17.3	-0.01	478	828531	卖盘
13:02:41	17.31	0.01	9	15578	买盘
13:02:36	17.3	-0.03	146	252580	卖盘
13:02:31	17.33	-0.02	71	123042	买盘
13:02:26	17.35	0.05	500	867500	买盘
13:02:21	17.3	--	0	0	卖盘
13:02:16	17.3	-0.02	533	922090	卖盘
13:02:11	17.32	0.01	130	225160	买盘
13:02:06	17.31	0.01	30	51929	买盘
13:02:01	17.3	--	37	64010	卖盘
13:01:56	17.3	0.01	276	477618	买盘
13:01:41	17.29	--	29	50141	买盘
13:01:36	17.29	--	6	10374	买盘
13:01:31	17.29	--	5	8645	买盘
13:01:26	17.29	-0.02	77	134723	卖盘
13:01:21	17.31	0.01	60	103859	买盘
13:01:11	17.3	--	184	318320	买盘
13:01:06	17.3	0.01	125	216250	买盘
13:01:01	17.29	-0.01	228	394972	卖盘
13:00:56	17.3	0.01	61	105530	买盘
13:00:46	17.29	0.04	154	267372	买盘
13:00:36	17.25	--	10	17250	卖盘
13:00:31	17.25	--	48	82800	买盘
13:00:25	17.25	0.01	7	12075	买盘
13:00:10	17.24	0.01	3	5171	中性盘
13:00:06	17.23	0.01	756	1302588	买盘
11:30:00	17.22	--	0	0	卖盘
11:29:59	17.22	--	6	10332	买盘
11:29:57	17.22	--	33	56825	买盘
11:29:47	17.22	--	17	29273	买盘
11:29:32	17.22	--	70	120539	买盘
11:29:27	17.22	--	11	18942	买盘
11:29:17	17.22	0.02	10	17220	买盘
11:29:12	17.2	-0.01	34	58480	卖盘
11:29:06	17.21	-0.01	16	27536	卖盘
11:29:01	17.22	--	8	13776	买盘
11:28:57	17.22	--	2	3444	买盘
11:28:46	17.22	-0.01	8	13776	买盘
11:28:42	17.23	0.02	150	258450	买盘
11:28:36	17.21	--	6	10326	卖盘
11:28:27	17.21	-0.01	7	12047	卖盘
11:28:16	17.22	0.01	6	10332	中性盘
11:28:12	17.21	-0.02	65	111865	卖盘
11:28:06	17.23	--	13	22399	买盘
11:28:01	17.23	0.01	13	22399	买盘
11:27:57	17.22	-0.01	54	92988	卖盘
11:27:46	17.23	--	5	8615	买盘
11:27:42	17.23	--	28	48244	买盘
11:27:36	17.23	0.01	96	165408	买盘
11:27:31	17.22	-0.01	35	60269	卖盘
11:27:27	17.23	--	16	27568	买盘
11:27:21	17.23	-0.01	27	46521	卖盘
11:27:16	17.24	0.01	263	453411	买盘
11:27:12	17.23	--	227	391121	卖盘
11:27:01	17.23	-0.01	14	24122	卖盘
11:26:57	17.24	0.01	51	87923	买盘
11:26:46	17.23	-0.01	5	8615	卖盘
11:26:42	17.24	0.01	31	53443	买盘
11:26:36	17.23	--	13	22399	卖盘
11:26:31	17.23	--	252	434196	卖盘
11:26:27	17.23	0.01	26	44798	买盘
11:26:21	17.22	--	42	72324	买盘
11:26:16	17.22	--	49	84378	卖盘
11:26:12	17.22	--	64	110208	卖盘
11:26:06	17.22	--	156	268632	卖盘
11:26:01	17.22	-0.01	50	86100	卖盘
11:25:57	17.23	0.02	43	74089	买盘
11:25:51	17.21	-0.01	1	1721	卖盘
11:25:46	17.22	--	0	0	买盘
11:25:41	17.22	0.01	114	196308	买盘
11:25:36	17.21	--	6	10326	卖盘
11:25:31	17.21	--	9	15489	买盘
11:25:16	17.21	-0.03	95	163495	卖盘
11:25:11	17.24	0.01	3	5171	买盘
11:25:06	17.23	-0.01	31	53413	卖盘
11:25:01	17.24	--	25	43099	买盘
11:24:56	17.24	-0.01	11	18964	卖盘
11:24:51	17.25	--	23	39675	买盘
11:24:46	17.25	--	59	101775	卖盘
11:24:41	17.25	--	98	169050	买盘
11:24:36	17.25	-0.01	55	94875	卖盘
11:24:21	17.26	-0.01	79	136354	卖盘
11:24:16	17.27	0.01	98	169246	买盘
11:24:11	17.26	-0.01	16	27616	卖盘
11:24:06	17.27	0.01	10	17270	买盘
11:24:01	17.26	-0.01	117	201942	卖盘
11:23:56	17.27	--	16	27632	卖盘
11:23:51	17.27	--	41	70807	卖盘
11:23:46	17.27	--	55	94985	卖盘
11:23:41	17.27	--	34	58718	卖盘
11:23:36	17.27	-0.01	48	82896	卖盘
11:23:30	17.28	--	0	0	买盘
11:23:26	17.28	--	24	41472	买盘
11:23:21	17.28	--	81	139968	买盘
11:23:15	17.28	0.01	52	89856	买盘
11:23:11	17.27	-0.01	52	89804	中性盘
11:23:06	17.28	--	20	34560	买盘
11:23:00	17.28	--	20	34560	买盘
11:22:56	17.28	--	1	1728	买盘
11:22:51	17.28	--	7	12096	买盘
11:22:40	17.28	--	79	136512	买盘
11:22:36	17.28	-0.01	117	202798	卖盘
11:22:30	17.29	--	28	48412	卖盘
11:22:25	17.29	0.01	216	373464	买盘
11:22:21	17.28	-0.01	50	86400	卖盘
11:22:15	17.29	0.01	31	53599	买盘
11:22:10	17.28	--	103	177984	卖盘
11:22:06	17.28	-0.01	98	169344	卖盘
11:22:00	17.29	--	60	103740	买盘
11:21:55	17.29	0.01	25	43225	中性盘
11:21:51	17.28	-0.01	122	210816	卖盘
11:21:45	17.29	--	26	44954	卖盘
11:21:40	17.29	0.01	329	568841	买盘
11:21:36	17.28	-0.01	276	476928	卖盘
11:21:30	17.29	0.01	5	8645	买盘
11:21:25	17.28	--	38	65664	卖盘
11:21:21	17.28	-0.01	108	186624	卖盘
11:21:15	17.29	--	8	13832	买盘
11:21:10	17.29	--	224	387296	卖盘
11:21:06	17.29	-0.01	37	63973	卖盘
11:21:00	17.3	--	19	32870	买盘
11:20:55	17.3	0.01	416	719680	买盘
11:20:51	17.29	0.01	94	162526	买盘
11:20:45	17.28	-0.01	10	17280	卖盘
11:20:40	17.29	0.01	19	32851	买盘
11:20:36	17.28	--	343	592704	卖盘
11:20:30	17.28	0.07	1164	2012497	买盘
11:20:25	17.21	0.01	1	1721	买盘
11:20:21	17.2	-0.01	55	94600	卖盘
11:20:10	17.21	0.01	3	5163	买盘
11:20:06	17.2	-0.02	75	129000	卖盘
11:20:00	17.22	--	29	49938	买盘
11:19:55	17.22	--	5	8610	买盘
11:19:51	17.22	0.01	20	34440	买盘
11:19:40	17.21	--	235	404435	卖盘
11:19:36	17.21	-0.01	1	1721	卖盘
11:19:30	17.22	-0.01	16	27552	卖盘
11:19:25	17.23	-0.01	16	27568	卖盘
11:19:20	17.24	--	52	89647	买盘
11:19:15	17.24	--	4	6895	买盘
11:19:10	17.24	0.01	29	49995	买盘
11:19:05	17.23	--	21	36183	买盘
11:19:00	17.23	-0.01	1	1723	中性盘
11:18:55	17.24	0.01	151	260323	买盘
11:18:50	17.23	-0.01	5	8615	中性盘
11:18:45	17.24	--	58	99991	买盘
11:18:40	17.24	--	34	58615	买盘
11:18:35	17.24	--	10	17240	卖盘
11:18:30	17.24	-0.01	10	17240	中性盘
11:18:25	17.25	0.01	12	20700	买盘
11:18:20	17.24	0.03	79	136196	买盘
11:18:15	17.21	--	20	34420	卖盘
11:18:10	17.21	0.01	10	17210	买盘
11:18:00	17.2	0.01	203	349160	买盘
11:17:55	17.19	0.01	31	53289	买盘
11:17:50	17.18	--	28	48104	买盘
11:17:45	17.18	--	33	56694	买盘
11:17:40	17.18	0.03	63	108234	买盘
11:17:35	17.15	0.02	29	49752	买盘
11:17:30	17.13	-0.02	2	3426	中性盘
11:17:25	17.15	0.02	26	44589	买盘
11:17:20	17.13	0.02	80	137040	买盘
11:17:10	17.11	--	43	73573	卖盘
11:17:05	17.11	0.01	104	177944	买盘
11:17:00	17.1	-0.01	29	49590	卖盘
11:16:54	17.11	--	215	367865	买盘
11:16:50	17.11	-0.01	512	877725	卖盘
11:16:45	17.12	--	2	3424	卖盘
11:16:39	17.12	--	28	47936	卖盘
11:16:35	17.12	-0.03	47	80464	卖盘
11:16:30	17.15	0.03	10	17150	买盘
11:16:24	17.12	-0.03	24	41088	卖盘
11:16:19	17.15	--	18	30869	买盘
11:16:15	17.15	--	109	186934	卖盘
11:16:09	17.15	-0.02	29	49734	卖盘
11:16:05	17.17	--	26	44642	买盘
11:16:00	17.17	0.02	28	48076	中性盘
11:15:54	17.15	-0.02	33	56594	卖盘
11:15:49	17.17	--	27	46359	卖盘
11:15:34	17.17	-0.01	20	34340	卖盘
11:15:30	17.18	--	36	61848	买盘
11:15:24	17.18	0.01	2	3436	买盘
11:15:19	17.17	-0.03	23	39491	卖盘
11:15:15	17.2	--	7	12040	买盘
11:15:04	17.2	-0.01	50	86000	卖盘
11:15:00	17.21	0.01	122	209962	买盘
11:14:54	17.2	-0.01	10	17200	卖盘
11:14:49	17.21	--	66	113586	买盘
11:14:45	17.21	-0.02	661	1137581	卖盘
11:14:39	17.23	0.01	2	3446	买盘
11:14:34	17.22	-0.01	48	82656	卖盘
11:14:30	17.23	--	31	53413	买盘
11:14:24	17.23	-0.01	53	91319	卖盘
11:14:19	17.24	--	14	24135	卖盘
11:14:15	17.24	0.01	24	41375	中性盘
11:14:09	17.23	--	69	118887	卖盘
11:14:04	17.23	--	10	17230	卖盘
11:14:00	17.23	0.01	410	706430	中性盘
11:13:54	17.22	--	300	516599	卖盘
11:13:49	17.22	--	182	313404	卖盘
11:13:45	17.22	-0.01	102	175644	卖盘
11:13:34	17.23	0.01	69	118887	买盘
11:13:30	17.22	-0.01	115	198030	卖盘
11:13:19	17.23	--	232	399736	中性盘
11:13:15	17.23	-0.01	128	220544	买盘
11:13:09	17.24	--	9	15515	买盘
11:13:04	17.24	--	98	168951	卖盘
11:12:59	17.24	0.01	19	32755	中性盘
11:12:54	17.23	--	222	382506	卖盘
11:12:49	17.23	-0.01	16	27568	卖盘
11:12:45	17.24	0.01	11	18964	买盘
11:12:39	17.23	-0.01	24	41352	卖盘
11:12:34	17.24	--	66	113783	卖盘
11:12:29	17.24	-0.01	5	8620	卖盘
11:12:24	17.25	0.01	10	17250	买盘
11:12:19	17.24	--	31	53443	卖盘
11:12:14	17.24	0.01	121	208603	买盘
11:12:09	17.23	-0.01	10	17230	卖盘
11:12:04	17.24	0.01	38	65511	买盘
11:11:59	17.23	--	48	82704	卖盘
11:11:54	17.23	-0.02	27	46521	卖盘
11:11:49	17.25	--	325	560625	买盘
11:11:44	17.25	--	95	163875	买盘
11:11:39	17.25	0.01	17	29325	买盘
11:11:34	17.24	-0.01	1	1723	卖盘
11:11:29	17.25	--	39	67275	卖盘
11:11:24	17.25	-0.02	82	141450	卖盘
11:11:19	17.27	--	54	93258	买盘
11:11:14	17.27	--	59	101893	卖盘
11:11:04	17.27	-0.02	125	215875	卖盘
11:10:59	17.29	--	68	117572	买盘
11:10:54	17.29	--	108	186732	买盘
11:10:49	17.29	0.01	19	32851	买盘
11:10:44	17.28	-0.01	49	84672	卖盘
11:10:39	17.29	-0.01	33	57057	卖盘
11:10:34	17.3	--	185	320050	买盘
11:10:29	17.3	-0.02	71	124196	卖盘
11:10:24	17.32	0.02	132	228624	买盘
11:10:19	17.3	-0.03	558	965703	卖盘
11:10:14	17.33	--	162	280746	买盘
11:10:09	17.33	--	160	277280	买盘
11:10:03	17.33	--	34	58921	买盘
11:09:59	17.33	-0.01	116	201027	卖盘
11:09:54	17.34	-0.01	234	405756	卖盘
11:09:48	17.35	0.02	156	270660	买盘
11:09:44	17.33	-0.01	305	528565	买盘
11:09:39	17.34	0.02	222	384948	买盘
11:09:33	17.32	0.02	40	69280	中性盘
11:09:29	17.3	--	221	382330	卖盘
11:09:24	17.3	--	298	515540	买盘
11:09:18	17.3	0.01	34	58820	买盘
11:09:13	17.29	0.01	188	325052	买盘
11:09:09	17.28	--	71	122688	卖盘
11:09:03	17.28	--	27	46656	买盘
11:08:58	17.28	0.02	419	724032	买盘
11:08:54	17.26	-0.01	312	538512	卖盘
11:08:48	17.27	0.01	14	24178	买盘
11:08:43	17.26	0.02	285	491910	买盘
11:08:39	17.24	-0.01	65	112059	卖盘
11:08:33	17.25	--	104	179400	买盘
11:08:28	17.25	0.01	148	255300	买盘
11:08:24	17.24	--	198	341351	买盘
11:08:18	17.24	0.02	59	101715	买盘
11:08:13	17.22	--	168	289296	卖盘
11:08:09	17.22	0.03	245	421890	买盘
11:08:03	17.19	-0.01	43	73917	中性盘
11:07:58	17.2	--	41	70520	买盘
11:07:54	17.2	--	165	283800	买盘
11:07:48	17.2	0.01	8	13760	买盘
11:07:43	17.19	-0.01	774	1330506	卖盘
11:07:39	17.2	0.02	322	553840	买盘
11:07:33	17.18	--	29	49822	卖盘
11:07:28	17.18	0.02	225	386550	买盘
11:07:24	17.16	-0.03	475	815100	卖盘
11:07:18	17.19	0.01	81	139239	买盘
11:07:13	17.18	--	68	116841	买盘
11:07:09	17.18	--	121	207878	买盘
11:07:03	17.18	0.01	372	639096	买盘
11:06:58	17.17	0.01	71	121907	买盘
11:06:54	17.16	--	47	80652	卖盘
11:06:48	17.16	0.01	14	24024	中性盘
11:06:43	17.15	-0.01	187	320705	卖盘
11:06:39	17.16	0.01	223	382668	买盘
11:06:33	17.15	0.01	5	8575	买盘
11:06:28	17.14	0.02	130	222820	买盘
11:06:24	17.12	-0.01	53	90736	卖盘
11:06:18	17.13	0.03	101	173013	买盘
11:06:13	17.1	-0.02	82	140220	卖盘
11:06:09	17.12	0.02	31	53072	买盘
11:06:03	17.1	-0.01	75	128250	卖盘
11:05:58	17.11	0.03	333	569763	买盘
11:05:54	17.08	-0.02	174	297191	卖盘
11:05:43	17.1	0.01	38	64980	买盘
11:05:39	17.09	0.01	704	1203648	买盘
11:05:33	17.08	--	80	136640	买盘
11:05:28	17.08	0.01	132	225455	买盘
11:05:23	17.07	-0.01	25	42675	卖盘
11:05:18	17.08	--	1	1707	买盘
11:05:13	17.08	0.01	201	343307	买盘
11:05:08	17.07	--	351	600317	买盘
11:05:03	17.07	0.01	43	73401	买盘
11:04:58	17.06	--	12	20472	卖盘
11:04:53	17.06	--	22	39084	买盘
11:04:48	17.06	--	20	34120	买盘
11:04:43	17.06	--	49	83594	买盘
11:04:38	17.06	0.01	42	71652	买盘
11:04:33	17.05	-0.01	5	8525	卖盘
11:04:28	17.06	0.01	202	344612	买盘
11:04:23	17.05	0.01	146	248930	买盘
11:04:18	17.04	-0.01	10	17040	卖盘
11:04:13	17.05	--	272	463760	买盘
11:04:08	17.05	0.01	198	337590	买盘
11:04:03	17.04	--	105	178920	买盘
11:03:58	17.04	--	42	71568	买盘
11:03:53	17.04	0.01	26	44304	中性盘
11:03:48	17.03	-0.01	39	66417	卖盘
11:03:43	17.04	0.01	232	395328	买盘
11:03:38	17.03	--	261	444483	买盘
11:03:33	17.03	--	11	18733	买盘
11:03:28	17.03	--	17	28951	买盘
11:03:23	17.03	--	103	175409	买盘
11:03:18	17.03	0.01	11	18733	买盘
11:03:08	17.02	--	34	57868	卖盘
11:03:03	17.02	0.02	93	158303	买盘
11:02:57	17.0	--	5	8500	卖盘
11:02:53	17.0	--	17	28900	卖盘
11:02:48	17.0	-0.02	36	61200	卖盘
11:02:42	17.02	0.01	60	102120	买盘
11:02:38	17.01	0.01	7	11907	买盘
11:02:33	17.0	-0.01	33	57783	卖盘
11:02:23	17.01	--	157	267074	买盘
11:02:18	17.01	0.01	99	168399	买盘
11:02:07	17.0	--	51	86700	卖盘
11:02:03	17.0	-0.01	10	17000	中性盘
11:01:57	17.01	0.01	41	69741	买盘
11:01:48	17.0	--	18	30600	买盘
11:01:42	17.0	0.02	158	268600	买盘
11:01:37	16.98	-0.01	57	98467	卖盘
11:01:33	16.99	-0.01	111	188588	卖盘
11:01:27	17.0	0.01	29	49300	买盘
11:01:22	16.99	-0.01	39	66261	卖盘
11:01:18	17.0	0.01	67	113900	买盘
11:01:12	16.99	--	6	10193	卖盘
11:01:07	16.99	-0.01	6	10193	卖盘
11:01:03	17.0	--	47	79900	买盘
11:00:57	17.0	0.01	13	22100	买盘
11:00:52	16.99	-0.01	44	74756	卖盘
11:00:48	17.0	--	2	3400	买盘
11:00:37	17.0	--	65	110500	买盘
11:00:27	17.0	--	29	49300	买盘
11:00:22	17.0	--	41	69700	卖盘
11:00:18	17.0	--	93	158100	卖盘
11:00:12	17.0	-0.01	2	3400	卖盘
11:00:03	17.01	--	349	593649	买盘
10:59:57	17.01	--	5	8505	买盘
10:59:52	17.01	--	10	17010	卖盘
10:59:48	17.01	--	53	90153	卖盘
10:59:42	17.01	-0.01	10	17010	卖盘
10:59:37	17.02	0.01	61	103822	买盘
10:59:33	17.01	-0.01	5	8505	卖盘
10:59:22	17.02	0.01	31	52762	买盘
10:59:18	17.01	-0.01	10	17010	卖盘
10:59:12	17.02	0.01	4	6808	买盘
10:59:03	17.01	-0.01	15	25515	中性盘
10:58:57	17.02	0.02	12	20424	买盘
10:58:48	17.0	-0.01	79	134300	卖盘
10:58:42	17.01	--	0	0	卖盘
10:58:37	17.01	-0.02	110	187110	卖盘
10:58:32	17.03	--	149	253747	买盘
10:58:27	17.03	0.02	2	3406	买盘
10:58:22	17.01	-0.02	277	471177	卖盘
10:58:17	17.03	-0.01	31	52793	卖盘
10:58:12	17.04	-0.01	64	109056	买盘
10:58:07	17.05	0.02	64	109120	买盘
10:58:02	17.03	--	156	265668	卖盘
10:57:57	17.03	-0.01	22	37466	卖盘
10:57:52	17.04	--	132	224928	买盘
10:57:47	17.04	--	146	248784	买盘
10:57:42	17.04	0.01	4	6816	买盘
10:57:37	17.03	--	37	63011	卖盘
10:57:32	17.03	-0.02	104	177112	买盘
10:57:27	17.05	--	0	0	买盘
10:57:22	17.05	0.03	1087	1853335	买盘
10:57:17	17.02	--	129	219558	卖盘
10:57:07	17.02	-0.01	91	154882	中性盘
10:57:02	17.03	--	38	64714	买盘
10:56:57	17.03	0.02	36	61308	买盘
10:56:52	17.01	-0.02	40	68040	卖盘
10:56:47	17.03	--	16	27248	买盘
10:56:42	17.03	--	94	160082	买盘
10:56:36	17.03	--	5	8515	买盘
10:56:32	17.03	--	6	10218	买盘
10:56:27	17.03	0.03	29	49387	买盘
10:56:21	17.0	-0.03	4	6800	卖盘
10:56:17	17.03	0.03	745	1268735	买盘
10:56:12	17.0	--	55	93500	卖盘
10:56:06	17.0	-0.01	32	54400	卖盘
10:56:02	17.01	0.01	167	284067	买盘
10:55:57	17.0	--	386	656200	买盘
10:55:51	17.0	--	115	195500	买盘
10:55:46	17.0	0.01	225	382500	买盘
10:55:42	16.99	0.01	5	8511	中性盘
10:55:36	16.98	-0.01	203	344694	卖盘
10:55:31	16.99	0.01	44	74756	买盘
10:55:27	16.98	0.01	5	8490	买盘
10:55:21	16.97	-0.02	333	565101	卖盘
10:55:16	16.99	0.01	45	76455	买盘
10:55:12	16.98	0.01	347	589206	买盘
10:55:06	16.97	-0.01	21	35637	卖盘
10:55:01	16.98	--	74	125652	买盘
10:54:57	16.98	0.01	163	276774	买盘
10:54:46	16.97	--	12	20364	买盘
10:54:36	16.97	0.02	48	81456	买盘
10:54:31	16.95	--	227	384765	卖盘
10:54:27	16.95	-0.01	37	62715	卖盘
10:54:16	16.96	0.01	75	127200	买盘
10:54:06	16.95	--	418	708510	买盘
10:54:01	16.95	0.01	31	52545	买盘
10:53:57	16.94	0.01	48	81312	卖盘
10:53:51	16.93	-0.01	29	49097	卖盘
10:53:46	16.94	--	2	3388	卖盘
10:53:42	16.94	0.01	19	32186	买盘
10:53:36	16.93	--	2	3386	卖盘
10:53:31	16.93	-0.01	12	20316	卖盘
10:53:27	16.94	--	9	15246	买盘
10:53:16	16.94	0.01	61	103334	买盘
10:53:12	16.93	--	55	93115	卖盘
10:53:06	16.93	--	36	60948	卖盘
10:53:01	16.93	0.01	54	91422	买盘
10:52:57	16.92	--	41	69372	卖盘
10:52:51	16.92	-0.01	50	84600	卖盘
10:52:46	16.93	0.01	67	113431	买盘
10:52:42	16.92	-0.01	10	16920	卖盘
10:52:31	16.93	--	1	1693	买盘
10:52:27	16.93	-0.02	245	414785	卖盘
10:52:16	16.95	0.02	39	66105	买盘
10:52:11	16.93	-0.02	24	40632	卖盘
10:52:06	16.95	--	33	55935	买盘
10:52:01	16.95	-0.01	5	8475	买盘
10:51:51	16.96	--	0	0	买盘
10:51:46	16.96	0.03	3	5088	买盘
10:51:41	16.93	-0.04	24	40632	卖盘
10:51:31	16.97	0.04	130	220609	买盘
10:51:26	16.93	-0.03	44	74492	卖盘
10:51:21	16.96	--	10	16960	卖盘
10:51:16	16.96	--	59	100064	卖盘
10:51:11	16.96	--	2	3392	卖盘
10:51:06	16.96	--	40	67840	卖盘
10:51:01	16.96	-0.01	96	162816	卖盘
10:50:56	16.97	0.01	71	120486	买盘
10:50:51	16.96	-0.01	28	47488	卖盘
10:50:46	16.97	0.01	10	16970	买盘
10:50:41	16.96	--	32	54272	卖盘
10:50:36	16.96	-0.01	3	5088	买盘
10:50:26	16.97	--	0	0	买盘
10:50:16	16.97	0.01	32	54304	买盘
10:50:11	16.96	--	0	0	中性盘
10:50:06	16.96	--	35	59360	买盘
10:50:00	16.96	--	339	574944	买盘
10:49:56	16.96	-0.01	7	11872	买盘
10:49:51	16.97	--	3	5091	买盘
10:49:45	16.97	--	25	42425	买盘
10:49:40	16.97	0.04	38	64485	买盘
10:49:36	16.93	--	0	0	卖盘
10:49:26	16.93	-0.01	244	413092	卖盘
10:49:21	16.94	-0.01	58	98252	卖盘
10:49:15	16.95	--	131	222045	买盘
10:49:11	16.95	--	22	37290	买盘
10:49:06	16.95	--	17	28815	买盘
10:48:51	16.95	0.03	574	972930	买盘
10:48:40	16.92	--	28	47376	买盘
10:48:36	16.92	0.01	17	28764	买盘
10:48:25	16.91	0.01	3	5073	中性盘
10:48:21	16.9	-0.01	112	189279	卖盘
10:48:06	16.91	--	255	431205	买盘
10:48:00	16.91	--	30	50730	买盘
10:47:55	16.91	0.01	109	184319	买盘
10:47:45	16.9	--	24	40560	卖盘
10:47:40	16.9	--	283	479757	买盘
10:47:36	16.9	--	1	1689	买盘
10:47:25	16.9	0.01	8	13519	买盘
10:47:21	16.89	--	70	118230	卖盘
10:47:15	16.89	--	89	150321	买盘
10:47:10	16.89	--	115	194235	买盘
10:47:06	16.89	--	96	162144	买盘
10:47:00	16.89	0.01	6	10134	买盘
10:46:55	16.88	--	4	6752	卖盘
10:46:51	16.88	-0.01	24	40512	中性盘
10:46:45	16.89	0.01	57	96273	买盘
10:46:40	16.88	--	10	16880	买盘
10:46:36	16.88	0.01	1	1688	买盘
10:46:30	16.87	--	24	40488	卖盘
10:46:25	16.87	--	1	1687	卖盘
10:46:15	16.87	-0.01	24	40488	卖盘
10:46:10	16.88	--	0	0	买盘
10:46:06	16.88	0.02	122	205936	中性盘
10:45:55	16.86	--	0	0	卖盘
10:45:51	16.86	-0.03	26	43836	卖盘
10:45:40	16.89	--	9	15201	卖盘
10:45:35	16.89	--	40	67560	卖盘
10:45:30	16.89	--	10	16890	卖盘
10:45:25	16.89	--	5	8445	卖盘
10:45:15	16.89	--	50	84450	买盘
10:45:05	16.89	0.02	2	3378	买盘
10:44:55	16.87	-0.02	6	10122	卖盘
10:44:50	16.89	--	3	5067	买盘
10:44:45	16.89	--	0	0	买盘
10:44:40	16.89	--	10	16890	买盘
10:44:35	16.89	-0.01	18	30402	买盘
10:44:20	16.9	--	0	0	买盘
10:44:10	16.9	0.01	59	99709	买盘
10:44:05	16.89	-0.01	18	30402	卖盘
10:43:55	16.9	0.01	16	27039	买盘
10:43:50	16.89	--	64	108096	买盘
10:43:35	16.89	--	4	6756	买盘
10:43:30	16.89	--	10	16890	买盘
10:43:15	16.89	--	40	67560	卖盘
10:43:09	16.89	-0.01	28	47292	卖盘
10:43:05	16.9	0.02	11	18590	买盘
10:43:00	16.88	0.01	5	8440	中性盘
10:42:50	16.87	--	9	15183	卖盘
10:42:45	16.87	0.01	54	91098	卖盘
10:42:39	16.86	-0.04	24	40464	卖盘
10:42:34	16.9	0.01	1	1689	买盘
10:42:30	16.89	0.03	219	369891	买盘
10:42:24	16.86	-0.02	6	10116	卖盘
10:42:19	16.88	--	0	0	买盘
10:42:15	16.88	0.01	34	57392	买盘
10:42:09	16.87	--	3	5061	买盘
10:42:04	16.87	--	2	3374	中性盘
10:42:00	16.87	--	1	1687	卖盘
10:41:54	16.87	-0.01	32	53984	卖盘
10:41:49	16.88	--	6	10128	卖盘
10:41:45	16.88	--	26	43888	卖盘
10:41:39	16.88	-0.01	2	3376	卖盘
10:41:34	16.89	0.01	1	1689	买盘
10:41:30	16.88	0.02	31	52328	买盘
10:41:24	16.86	--	24	40464	卖盘
10:41:19	16.86	-0.02	44	74184	卖盘
10:41:15	16.88	0.02	30	50640	买盘
10:41:09	16.86	-0.01	24	40464	卖盘
10:41:04	16.87	0.01	50	84350	买盘
10:41:00	16.86	-0.03	24	40464	卖盘
10:40:54	16.89	0.02	94	158766	买盘
10:40:49	16.87	-0.02	108	182196	卖盘
10:40:45	16.89	--	0	0	买盘
10:40:39	16.89	0.02	99	167211	买盘
10:40:34	16.87	-0.01	33	55671	卖盘
10:40:30	16.88	0.01	9	15192	买盘
10:40:19	16.87	--	7	11809	买盘
10:40:15	16.87	-0.01	22	37114	卖盘
10:40:09	16.88	-0.01	1	1688	卖盘
10:40:04	16.89	0.02	1	1689	买盘
10:40:00	16.87	-0.01	60	101220	卖盘
10:39:54	16.88	0.02	7	11816	买盘
10:39:45	16.86	--	3	5058	卖盘
10:39:39	16.86	-0.02	17	28662	卖盘
10:39:34	16.88	--	3	5064	买盘
10:39:30	16.88	0.02	21	35448	买盘
10:39:19	16.86	-0.02	75	126450	卖盘
10:39:14	16.88	--	18	30384	卖盘
10:39:04	16.88	--	11	18568	卖盘
10:38:59	16.88	--	31	52328	买盘
10:38:54	16.88	0.01	2	3376	买盘
10:38:44	16.87	--	28	47236	卖盘
10:38:39	16.87	-0.01	16	26992	卖盘
10:38:34	16.88	0.01	66	111408	买盘
10:38:24	16.87	-0.01	1	1687	卖盘
10:38:19	16.88	0.01	15	25320	买盘
10:38:14	16.87	-0.01	24	40488	卖盘
10:38:04	16.88	0.01	51	86088	买盘
10:37:54	16.87	0.01	16	26992	买盘
10:37:49	16.86	--	2	3372	卖盘
10:37:44	16.86	--	111	187146	买盘
10:37:34	16.86	0.01	4	6744	买盘
10:37:29	16.85	0.01	80	134800	买盘
10:37:19	16.84	-0.01	24	40416	卖盘
10:37:14	16.85	0.01	7	11795	买盘
10:37:09	16.84	-0.01	16	26944	中性盘
10:37:04	16.85	0.01	135	227475	买盘
10:36:59	16.84	0.01	12	20208	卖盘
10:36:54	16.83	--	24	40391	卖盘
10:36:44	16.83	-0.03	74	124541	卖盘
10:36:39	16.86	-0.02	2	3372	中性盘
10:36:33	16.88	0.03	10	16880	买盘
10:36:29	16.85	-0.03	77	129745	卖盘
10:36:24	16.88	0.01	23	38824	买盘
10:36:13	16.87	-0.02	73	123151	卖盘
10:36:09	16.89	0.01	2	3378	买盘
10:36:03	16.88	-0.01	24	40512	卖盘
10:35:58	16.89	-0.01	3	5067	买盘
10:35:54	16.9	0.01	29	49009	买盘
10:35:48	16.89	--	10	16890	卖盘
10:35:43	16.89	-0.01	40	67560	卖盘
10:35:39	16.9	0.01	4	6759	买盘
10:35:33	16.89	--	5	8445	卖盘
10:35:28	16.89	-0.01	8	13512	卖盘
10:35:13	16.9	-0.01	159	268912	卖盘
10:35:09	16.91	-0.01	5	8455	买盘
10:34:58	16.92	0.02	3	5076	买盘
10:34:48	16.9	--	10	16900	卖盘
10:34:43	16.9	-0.02	3	5070	卖盘
10:34:39	16.92	0.02	1	1692	买盘
10:34:33	16.9	--	40	67600	卖盘
10:34:24	16.9	--	23	38870	卖盘
10:34:08	16.9	-0.04	11	18590	卖盘
10:34:03	16.94	--	2	3388	买盘
10:33:58	16.94	0.04	6	10164	买盘
10:33:54	16.9	-0.04	19	32109	卖盘
10:33:48	16.94	0.04	13	22022	买盘
10:33:43	16.9	--	0	0	卖盘
10:33:38	16.9	-0.04	77	130129	卖盘
10:33:24	16.94	0.04	13	22022	买盘
10:33:18	16.9	-0.03	24	40560	卖盘
10:33:13	16.93	-0.02	6	10158	卖盘
10:33:09	16.95	0.01	22	37290	买盘
10:32:58	16.94	-0.01	38	64372	中性盘
10:32:54	16.95	0.05	50	84750	买盘
10:32:48	16.9	--	0	0	卖盘
10:32:43	16.9	-0.05	24	40560	卖盘
10:32:38	16.95	--	2	3390	买盘
10:32:33	16.95	--	2	3390	卖盘
10:32:28	16.95	0.05	13	22035	卖盘
10:32:23	16.9	--	28	47319	卖盘
10:32:18	16.9	-0.03	24	40560	卖盘
10:32:13	16.93	-0.02	8	13544	卖盘
10:32:08	16.95	0.02	3	6237	买盘
10:32:03	16.93	-0.02	22	37246	买盘
10:31:58	16.95	0.02	295	500025	买盘
10:31:53	16.93	0.01	50	84650	买盘
10:31:43	16.92	-0.01	7	11844	卖盘
10:31:38	16.93	0.01	7	11851	买盘
10:31:33	16.92	--	5	8460	卖盘
10:31:28	16.92	-0.01	35	59220	卖盘
10:31:23	16.93	0.03	9	15237	买盘
10:31:13	16.9	-0.03	29	49009	卖盘
10:31:08	16.93	0.03	1	1693	买盘
10:31:03	16.9	-0.02	25	42250	卖盘
10:30:58	16.92	0.02	11	18950	买盘
10:30:53	16.9	--	24	40560	卖盘
10:30:48	16.9	-0.02	10	16900	卖盘
10:30:38	16.92	--	12	20304	买盘
10:30:33	16.92	--	46	77832	卖盘
10:30:28	16.92	--	559	945828	卖盘
10:30:23	16.92	--	52	87984	卖盘
10:30:18	16.92	-0.01	10	16920	卖盘
10:30:12	16.93	0.01	47	79571	买盘
10:30:08	16.92	-0.01	23	38916	卖盘
10:29:52	16.93	0.01	10	16930	买盘
10:29:48	16.92	--	1	1692	卖盘
10:29:37	16.92	0.02	32	54144	买盘
10:29:27	16.9	-0.01	24	40560	卖盘
10:29:22	16.91	0.01	12	20292	中性盘
10:29:18	16.9	--	17	28729	卖盘
10:29:12	16.9	--	1	1689	卖盘
10:29:07	16.9	-0.02	20	33800	卖盘
10:29:03	16.92	--	0	0	买盘
10:28:57	16.92	--	5	8460	买盘
10:28:52	16.92	0.01	10	16920	买盘
10:28:48	16.91	-0.01	16	27056	卖盘
10:28:37	16.92	0.01	1	1692	买盘
10:28:33	16.91	--	2	3382	卖盘
10:28:27	16.91	-0.01	6	10146	卖盘
10:28:22	16.92	--	21	35532	买盘
10:28:18	16.92	--	31	52452	买盘
10:28:12	16.92	-0.01	13	21996	中性盘
10:28:07	16.93	--	7	11851	买盘
10:28:03	16.93	--	10	16930	买盘
10:27:57	16.93	--	16	27088	买盘
10:27:52	16.93	-0.01	294	497742	卖盘
10:27:48	16.94	0.01	79	133826	买盘
10:27:37	16.93	--	55	93115	卖盘
10:27:27	16.93	--	52	88036	卖盘
10:27:22	16.93	--	29	49097	买盘
10:27:18	16.93	0.02	5	8465	买盘
10:27:12	16.91	-0.02	24	40584	卖盘
10:27:07	16.93	--	3	5079	买盘
10:27:02	16.93	0.02	3	5079	买盘
10:26:52	16.91	--	26	43966	卖盘
10:26:48	16.91	-0.02	24	40584	卖盘
10:26:37	16.93	0.02	1	1693	买盘
10:26:32	16.91	--	0	0	卖盘
10:26:27	16.91	-0.03	24	40584	卖盘
10:26:22	16.94	0.02	28	47432	买盘
10:26:17	16.92	0.01	5	8460	中性盘
10:26:07	16.91	-0.04	29	49039	卖盘
10:26:02	16.95	--	34	57630	买盘
10:25:47	16.95	-0.01	131	222045	卖盘
10:25:42	16.96	0.01	10	16960	买盘
10:25:37	16.95	-0.01	32	54240	卖盘
10:25:32	16.96	--	7	11872	买盘
10:25:27	16.96	--	10	16960	卖盘
10:25:22	16.96	--	45	76320	卖盘
10:25:17	16.96	--	81	137376	买盘
10:25:12	16.96	--	3	5088	买盘
10:25:07	16.96	-0.01	14	23744	卖盘
10:25:02	16.97	--	17	28848	买盘
10:24:57	16.97	--	0	0	买盘
10:24:52	16.97	0.01	46	78062	买盘
10:24:47	16.96	-0.01	10	16960	买盘
10:24:42	16.97	--	0	0	买盘
10:24:37	16.97	0.01	54	91638	买盘
10:24:32	16.96	--	68	115328	买盘
10:24:22	16.96	0.01	19	32224	卖盘
10:24:17	16.95	--	13	22035	卖盘
10:24:07	16.95	--	23	38985	卖盘
10:24:02	16.95	--	10	16950	卖盘
10:23:57	16.95	-0.02	10	16950	卖盘
10:23:52	16.97	0.01	11	18667	买盘
10:23:47	16.96	--	65	110240	买盘
10:23:42	16.96	-0.01	14	23744	卖盘
10:23:36	16.97	0.01	1	1697	买盘
10:23:27	16.96	--	72	122112	卖盘
10:23:21	16.96	-0.01	5	8480	卖盘
10:23:17	16.97	0.01	54	91638	买盘
10:23:12	16.96	--	24	40704	卖盘
10:23:06	16.96	--	14	23744	卖盘
10:23:01	16.96	--	78	132288	卖盘
10:22:57	16.96	--	248	420608	卖盘
10:22:51	16.96	--	110	186560	买盘
10:22:46	16.96	0.01	9	15264	买盘
10:22:42	16.95	-0.01	59	100005	卖盘
10:22:36	16.96	0.01	21	35616	买盘
10:22:31	16.95	--	5	8475	卖盘
10:22:27	16.95	--	174	294930	买盘
10:22:21	16.95	0.04	15	25425	买盘
10:22:16	16.91	-0.04	10	16910	卖盘
10:22:12	16.95	--	26	44070	买盘
10:22:06	16.95	0.05	12	20340	买盘
10:22:01	16.9	-0.06	4	6759	卖盘
10:21:57	16.96	0.08	68	115328	买盘
10:21:46	16.88	-0.08	24	40512	卖盘
10:21:42	16.96	--	0	0	买盘
10:21:36	16.96	0.09	1	1696	买盘
10:21:27	16.87	-0.09	30	50610	卖盘
10:21:16	16.96	0.09	7	11872	买盘
10:21:12	16.87	-0.09	24	40488	卖盘
10:21:06	16.96	--	3	5088	买盘
10:21:01	16.96	-0.01	63	106848	买盘
10:20:51	16.97	--	10	16970	买盘
10:20:46	16.97	--	37	62788	买盘
10:20:42	16.97	--	33	56000	买盘
10:20:36	16.97	-0.03	168	285096	卖盘
10:20:31	17.0	0.02	90	153000	买盘
10:20:26	16.98	-0.02	34	57732	卖盘
10:20:21	17.0	0.02	20	34000	买盘
10:20:16	16.98	0.01	16	27168	卖盘
10:20:11	16.97	-0.01	48	81456	卖盘
10:20:06	16.98	0.01	3	5094	卖盘
10:20:01	16.97	0.01	253	429341	中性盘
10:19:56	16.96	-0.01	20	33920	卖盘
10:19:46	16.97	0.06	208	352976	买盘
10:19:41	16.91	-0.04	236	399076	卖盘
10:19:36	16.95	-0.01	26	44070	中性盘
10:19:31	16.96	0.01	198	335808	买盘
10:19:26	16.95	0.02	47	79665	买盘
10:19:21	16.93	0.02	130	220090	买盘
10:19:16	16.91	--	27	45657	卖盘
10:19:11	16.91	0.01	117	197847	买盘
10:19:06	16.9	--	13	21969	买盘
10:19:01	16.9	0.01	12	20280	买盘
10:18:56	16.89	0.06	100	168900	买盘
10:18:46	16.83	-0.02	274	461141	卖盘
10:18:41	16.85	-0.01	5	8425	买盘
10:18:36	16.86	--	7	11802	买盘
10:18:31	16.86	--	16	26976	买盘
10:18:26	16.86	--	65	109590	买盘
10:18:21	16.86	--	0	0	买盘
10:18:16	16.86	-0.01	318	536148	买盘
10:18:11	16.87	--	0	0	买盘
10:18:06	16.87	0.06	7	11809	买盘
10:18:01	16.81	-0.06	76	127755	卖盘
10:17:56	16.87	0.07	88	148456	买盘
10:17:51	16.8	-0.04	83	139440	卖盘
10:17:46	16.84	0.04	70	117880	买盘
10:17:41	16.8	--	152	255360	卖盘
10:17:36	16.8	-0.01	18	30240	卖盘
10:17:31	16.81	--	276	463955	卖盘
10:17:26	16.81	-0.01	32	53791	卖盘
10:17:21	16.82	--	10	16820	买盘
10:17:16	16.82	--	20	33640	买盘
10:17:11	16.82	--	58	97556	买盘
10:17:06	16.82	0.01	1	1682	买盘
10:17:00	16.81	--	69	115988	卖盘
10:16:56	16.81	--	20	33620	卖盘
10:16:51	16.81	0.01	131	220564	买盘
10:16:41	16.8	-0.01	320	537600	卖盘
10:16:36	16.81	--	55	92455	买盘
10:16:30	16.81	--	2	3361	买盘
10:16:26	16.81	--	3	5043	买盘
10:16:21	16.81	--	63	105902	卖盘
10:16:10	16.81	-0.01	40	67240	卖盘
10:16:06	16.82	--	75	126150	买盘
10:16:00	16.82	--	86	144652	买盘
10:15:55	16.82	--	39	65598	买盘
10:15:51	16.82	-0.01	254	427228	卖盘
10:15:45	16.83	--	40	67320	买盘
10:15:40	16.83	--	7	11780	买盘
10:15:36	16.83	--	1	1682	买盘
10:15:30	16.83	--	5	8415	买盘
10:15:25	16.83	--	138	232253	买盘
10:15:21	16.83	--	7	11780	买盘
10:15:15	16.83	0.01	3	5048	卖盘
10:15:10	16.82	-0.02	40	67280	卖盘
10:15:06	16.84	0.01	43	72412	买盘
10:15:00	16.83	0.01	5	8415	买盘
10:14:55	16.82	-0.01	10	16820	卖盘
10:14:51	16.83	0.01	9	15146	中性盘
10:14:45	16.82	-0.03	30	50460	卖盘
10:14:40	16.85	--	263	443155	买盘
10:14:36	16.85	--	3	5055	买盘
10:14:25	16.85	-0.01	67	112895	卖盘
10:14:15	16.86	--	5	8430	买盘
10:14:10	16.86	--	13	21918	买盘
10:14:05	16.86	--	126	212436	卖盘
10:14:00	16.86	-0.01	400	674400	卖盘
10:13:55	16.87	0.01	16	26992	买盘
10:13:50	16.86	-0.01	160	269760	卖盘
10:13:40	16.87	--	61	102907	买盘
10:13:35	16.87	--	50	84350	买盘
10:13:25	16.87	-0.01	14	23618	中性盘
10:13:20	16.88	--	148	249823	买盘
10:13:15	16.88	--	26	43888	买盘
10:13:10	16.88	--	31	53661	卖盘
10:13:05	16.88	--	147	248135	卖盘
10:13:00	16.88	--	5	8440	卖盘
10:12:55	16.88	-0.04	59	99592	卖盘
10:12:50	16.92	0.04	113	191196	买盘
10:12:40	16.88	--	0	0	卖盘
10:12:35	16.88	-0.02	48	81024	卖盘
10:12:30	16.9	-0.01	199	336310	卖盘
10:12:25	16.91	-0.02	55	93005	卖盘
10:12:20	16.93	0.01	2	3386	买盘
10:12:15	16.92	0.01	24	40608	中性盘
10:12:10	16.91	-0.01	330	558030	卖盘
10:12:05	16.92	0.01	7	11844	买盘
10:12:00	16.91	0.01	238	402813	买盘
10:11:55	16.9	--	24	40560	卖盘
10:11:50	16.9	0.02	105	177449	买盘
10:11:45	16.88	0.03	169	285272	买盘
10:11:40	16.85	--	47	79195	卖盘
10:11:35	16.85	-0.01	28	47180	卖盘
10:11:30	16.86	0.01	2	3372	买盘
10:11:25	16.85	--	364	613340	买盘
10:11:20	16.85	0.02	3	5055	买盘
10:11:15	16.83	-0.01	78	131274	卖盘
10:11:05	16.84	--	7	11788	卖盘
10:10:55	16.84	0.02	29	48836	卖盘
10:10:50	16.82	-0.01	202	339764	卖盘
10:10:45	16.83	--	48	80783	买盘
10:10:40	16.83	-0.01	85	143055	卖盘
10:10:35	16.84	0.01	7	11788	买盘
10:10:30	16.83	--	4	6731	卖盘
10:10:20	16.83	--	162	272646	买盘
10:10:15	16.83	0.01	5	8415	买盘
10:10:05	16.82	--	9	15138	卖盘
10:10:00	16.82	--	64	107648	买盘
10:09:54	16.82	0.01	3	5046	买盘
10:09:45	16.81	--	39	65559	卖盘
10:09:34	16.81	-0.01	46	77326	卖盘
10:09:30	16.82	0.01	3	5046	买盘
10:09:24	16.81	--	17	28576	卖盘
10:09:19	16.81	--	4	6723	卖盘
10:09:15	16.81	-0.01	36	60515	卖盘
10:09:09	16.82	0.01	12	20184	买盘
10:09:04	16.81	--	11	18491	卖盘
10:09:00	16.81	--	23	38663	卖盘
10:08:54	16.81	--	25	42025	卖盘
10:08:49	16.81	--	103	173143	卖盘
10:08:45	16.81	-0.01	24	40344	卖盘
10:08:39	16.82	0.01	7	11774	买盘
10:08:34	16.81	--	30	50429	卖盘
10:08:30	16.81	-0.01	12	20172	卖盘
10:08:19	16.82	0.01	48	80736	买盘
10:08:15	16.81	-0.01	45	75645	卖盘
10:08:04	16.82	0.01	1	1682	买盘
10:08:00	16.81	--	195	327795	买盘
10:07:54	16.81	0.01	53	89093	买盘
10:07:49	16.8	-0.01	7	11760	卖盘
10:07:44	16.81	0.01	6	10086	买盘
10:07:39	16.8	-0.01	33	55440	卖盘
10:07:34	16.81	--	50	84050	买盘
10:07:29	16.81	0.01	121	203400	买盘
10:07:24	16.8	--	94	157920	卖盘
10:07:19	16.8	-0.01	91	152880	卖盘
10:07:14	16.81	--	28	47068	买盘
10:07:09	16.81	--	275	462274	买盘
10:07:04	16.81	0.01	9	15128	买盘
10:06:59	16.8	-0.01	29	48720	卖盘
10:06:54	16.81	--	85	142885	买盘
10:06:49	16.81	--	52	87412	买盘
10:06:44	16.81	--	145	243744	买盘
10:06:39	16.81	--	244	410163	买盘
10:06:34	16.81	--	23	38663	买盘
10:06:29	16.81	0.01	75	126074	买盘
10:06:24	16.8	-0.01	21	35280	卖盘
10:06:14	16.81	-0.01	179	300899	卖盘
10:06:09	16.82	--	123	206886	买盘
10:06:04	16.82	--	34	57188	买盘
10:05:59	16.82	0.01	114	191748	买盘
10:05:54	16.81	-0.01	254	426973	卖盘
10:05:49	16.82	-0.01	24	40368	卖盘
10:05:44	16.83	0.01	21	35343	买盘
10:05:39	16.82	--	35	58870	卖盘
10:05:34	16.82	0.01	8	13456	买盘
10:05:29	16.81	--	178	299218	买盘
10:05:24	16.81	-0.01	14	23534	卖盘
10:05:19	16.82	--	72	121104	买盘
10:05:14	16.82	-0.01	91	153062	卖盘
10:05:04	16.83	0.01	7	11780	买盘
10:04:59	16.82	-0.01	96	161472	卖盘
10:04:44	16.83	-0.02	33	55538	卖盘
10:04:39	16.85	--	100	168500	买盘
10:04:34	16.85	-0.01	98	165130	卖盘
10:04:29	16.86	-0.01	43	72498	卖盘
10:04:19	16.87	--	129	217623	买盘
10:04:14	16.87	--	7	11809	买盘
10:04:09	16.87	-0.01	76	128212	卖盘
10:04:03	16.88	--	5	8440	买盘
10:03:59	16.88	-0.02	51	86088	卖盘
10:03:54	16.9	0.02	20	33800	买盘
10:03:48	16.88	--	0	0	卖盘
10:03:44	16.88	-0.02	44	74272	卖盘
10:03:39	16.9	--	50	84500	卖盘
10:03:33	16.9	--	17	28729	卖盘
10:03:28	16.9	--	13	21969	卖盘
10:03:24	16.9	--	135	228149	买盘
10:03:13	16.9	--	20	33800	买盘
10:03:09	16.9	-0.01	2	3379	中性盘
10:03:03	16.91	0.01	39	65949	买盘
10:02:58	16.9	-0.01	14	25333	卖盘
10:02:54	16.91	0.01	31	52421	买盘
10:02:43	16.9	-0.01	16	27039	卖盘
10:02:39	16.91	0.01	21	35511	买盘
10:02:33	16.9	--	2	3379	卖盘
10:02:24	16.9	--	117	197729	卖盘
10:02:09	16.9	0.04	173	292386	买盘
10:02:03	16.86	-0.04	20	33720	卖盘
10:01:54	16.9	0.03	328	555993	买盘
10:01:43	16.87	-0.01	101	170387	卖盘
10:01:39	16.88	--	49	82712	卖盘
10:01:33	16.88	--	13	21944	卖盘
10:01:28	16.88	0.01	91	153624	买盘
10:01:24	16.87	-0.01	306	516222	卖盘
10:01:13	16.88	--	32	54016	买盘
10:01:08	16.88	-0.01	71	119848	卖盘
10:00:58	16.89	0.01	6	10134	买盘
10:00:53	16.88	-0.01	5	8440	卖盘
10:00:48	16.89	-0.01	20	33780	买盘
10:00:43	16.9	-0.01	3	5070	卖盘
10:00:38	16.91	0.01	153	258723	买盘
10:00:33	16.9	--	15	25349	买盘
10:00:28	16.9	--	17	28729	买盘
10:00:23	16.9	-0.01	305	515449	卖盘
10:00:18	16.91	0.01	73	123443	买盘
10:00:13	16.9	-0.01	65	109849	卖盘
10:00:08	16.91	--	30	50730	卖盘
10:00:03	16.91	--	15	25365	卖盘
09:59:58	16.91	-0.01	4	6764	卖盘
09:59:53	16.92	0.02	124	209808	买盘
09:59:48	16.9	-0.02	2	3379	卖盘
09:59:43	16.92	0.01	35	59220	买盘
09:59:38	16.91	--	76	128516	卖盘
09:59:33	16.91	--	0	0	卖盘
09:59:28	16.91	-0.01	310	524210	卖盘
09:59:23	16.92	--	170	287640	卖盘
09:59:13	16.92	-0.04	243	411156	卖盘
09:59:08	16.96	--	32	54272	买盘
09:59:03	16.96	--	10	16960	买盘
09:58:58	16.96	-0.01	5	8480	中性盘
09:58:53	16.97	0.02	15	25455	买盘
09:58:48	16.95	--	0	0	卖盘
09:58:43	16.95	-0.03	100	169500	卖盘
09:58:38	16.98	0.01	1	1698	买盘
09:58:28	16.97	--	0	0	中性盘
09:58:23	16.97	0.01	129	218912	买盘
09:58:18	16.96	0.03	19	32224	买盘
09:58:13	16.93	-0.03	54	91422	卖盘
09:58:08	16.96	--	123	208608	卖盘
09:58:03	16.96	--	100	169600	卖盘
09:57:58	16.96	0.03	460	780160	买盘
09:57:53	16.93	--	25	42325	买盘
09:57:48	16.93	--	2	3386	买盘
09:57:42	16.93	--	3	5079	买盘
09:57:38	16.93	--	12	20316	买盘
09:57:33	16.93	0.01	11	18623	买盘
09:57:27	16.92	-0.01	125	211500	卖盘
09:57:22	16.93	0.01	45	76185	买盘
09:57:18	16.92	0.01	111	187812	买盘
09:57:07	16.91	-0.01	31	52421	卖盘
09:57:03	16.92	--	46	77832	买盘
09:56:57	16.92	0.02	5	8460	买盘
09:56:52	16.9	-0.01	22	37180	卖盘
09:56:48	16.91	-0.02	4	6764	卖盘
09:56:42	16.93	--	12	20316	买盘
09:56:37	16.93	0.01	47	79571	买盘
09:56:22	16.92	0.01	45	76140	中性盘
09:56:18	16.91	0.01	90	152190	卖盘
09:56:12	16.9	-0.02	145	245049	卖盘
09:56:07	16.92	-0.01	4	6768	中性盘
09:56:03	16.93	0.02	15	25395	买盘
09:55:57	16.91	--	15	25365	卖盘
09:55:52	16.91	--	17	28747	卖盘
09:55:47	16.91	-0.01	74	125134	卖盘
09:55:42	16.92	0.01	4	6768	买盘
09:55:37	16.91	-0.01	10	16910	卖盘
09:55:32	16.92	0.01	21	35532	买盘
09:55:27	16.91	--	2	3382	卖盘
09:55:22	16.91	--	2	3382	卖盘
09:55:18	16.91	-0.01	7	11837	卖盘
09:55:12	16.92	0.02	84	142128	买盘
09:55:07	16.9	--	61	103089	卖盘
09:55:02	16.9	-0.02	53	89569	卖盘
09:54:57	16.92	0.03	30	50760	买盘
09:54:47	16.89	--	4	6756	卖盘
09:54:42	16.89	-0.01	20	33780	卖盘
09:54:37	16.9	0.01	19	32109	买盘
09:54:32	16.89	-0.01	7	11823	卖盘
09:54:27	16.9	-0.01	11	18590	卖盘
09:54:22	16.91	0.01	73	123443	买盘
09:54:17	16.9	0.01	9	15209	中性盘
09:54:12	16.89	-0.01	38	64182	卖盘
09:54:07	16.9	--	30	50699	买盘
09:54:02	16.9	0.01	13	21969	中性盘
09:53:52	16.89	--	165	278685	卖盘
09:53:47	16.89	--	100	168900	卖盘
09:53:42	16.89	-0.01	5	8445	卖盘
09:53:37	16.9	0.01	17	28729	买盘
09:53:32	16.89	-0.01	8	13512	卖盘
09:53:27	16.9	0.01	12	20280	买盘
09:53:22	16.89	--	66	111474	卖盘
09:53:17	16.89	--	1	1689	卖盘
09:53:12	16.89	-0.01	17	28713	卖盘
09:53:07	16.9	0.01	56	94639	买盘
09:53:02	16.89	-0.01	33	55737	卖盘
09:52:57	16.9	--	20	33800	买盘
09:52:47	16.9	--	23	38870	卖盘
09:52:42	16.9	--	37	62529	卖盘
09:52:37	16.9	--	8	13519	卖盘
09:52:32	16.9	-0.01	29	49009	卖盘
09:52:27	16.91	--	5	8455	卖盘
09:52:22	16.91	-0.01	23	38893	卖盘
09:52:17	16.92	-0.01	27	45684	卖盘
09:52:12	16.93	0.01	58	98194	买盘
09:52:07	16.92	-0.02	183	309636	卖盘
09:52:02	16.94	--	10	16940	买盘
09:51:57	16.94	0.01	6	10164	买盘
09:51:52	16.93	-0.02	35	59255	卖盘
09:51:47	16.95	--	16	27120	买盘
09:51:42	16.95	--	42	71190	买盘
09:51:36	16.95	--	26	44070	买盘
09:51:32	16.95	--	4	6780	买盘
09:51:27	16.95	--	74	125430	卖盘
09:51:21	16.95	-0.01	40	67800	卖盘
09:51:16	16.96	--	30	50880	买盘
09:51:12	16.96	--	21	35616	买盘
09:51:06	16.96	-0.01	58	98368	卖盘
09:51:01	16.97	--	16	27152	买盘
09:50:57	16.97	--	37	62788	买盘
09:50:51	16.97	--	12	20364	买盘
09:50:46	16.97	-0.01	188	319036	卖盘
09:50:42	16.98	--	14	23772	买盘
09:50:36	16.98	--	15	25470	买盘
09:50:31	16.98	--	173	294297	卖盘
09:50:27	16.98	--	42	71316	卖盘
09:50:21	16.98	--	5	8490	卖盘
09:50:16	16.98	--	76	129048	卖盘
09:50:12	16.98	0.01	181	308492	买盘
09:50:06	16.97	-0.01	6	10182	卖盘
09:50:01	16.98	--	17	28866	买盘
09:49:56	16.98	0.02	12	20376	买盘
09:49:51	16.96	-0.01	12	20352	卖盘
09:49:46	16.97	0.01	10	16970	买盘
09:49:41	16.96	-0.01	28	47488	卖盘
09:49:36	16.97	--	45	76365	买盘
09:49:31	16.97	0.01	13	22061	买盘
09:49:27	16.96	-0.01	11	18656	卖盘
09:49:21	16.97	0.02	10	16970	中性盘
09:49:16	16.95	--	6	10170	卖盘
09:49:11	16.95	-0.01	192	325440	卖盘
09:49:06	16.96	--	6	10176	买盘
09:49:01	16.96	0.01	50	84800	中性盘
09:48:56	16.95	--	27	45765	卖盘
09:48:51	16.95	-0.01	115	194925	卖盘
09:48:46	16.96	--	4	6784	卖盘
09:48:41	16.96	--	77	130592	买盘
09:48:36	16.96	0.01	33	55968	买盘
09:48:31	16.95	--	29	49155	卖盘
09:48:26	16.95	--	54	91530	买盘
09:48:21	16.95	--	34	57630	买盘
09:48:16	16.95	--	39	66105	买盘
09:48:11	16.95	--	61	103395	买盘
09:48:06	16.95	--	52	88140	买盘
09:47:56	16.95	--	54	91530	卖盘
09:47:51	16.95	-0.02	14	23730	卖盘
09:47:46	16.97	--	9	15272	买盘
09:47:41	16.97	--	9	15272	买盘
09:47:36	16.97	-0.02	46	78062	中性盘
09:47:31	16.99	--	64	108735	买盘
09:47:21	16.99	--	112	190287	买盘
09:47:16	16.99	0.01	67	113832	卖盘
09:47:11	16.98	-0.01	220	373560	卖盘
09:47:06	16.99	--	69	117230	买盘
09:47:01	16.99	--	14	23785	买盘
09:46:56	16.99	-0.01	53	90046	中性盘
09:46:51	17.0	0.04	77	130900	买盘
09:46:46	16.96	-0.03	524	888704	卖盘
09:46:41	16.99	-0.01	60	102007	卖盘
09:46:36	17.0	--	19	32300	卖盘
09:46:31	17.0	-0.01	26	44200	卖盘
09:46:26	17.01	0.01	105	180237	买盘
09:46:21	17.0	--	13	22100	买盘
09:46:16	17.0	--	51	86700	买盘
09:46:11	17.0	-0.02	38	64600	中性盘
09:46:06	17.02	0.01	402	684204	买盘
09:46:01	17.01	--	53	90153	买盘
09:45:56	17.01	-0.02	85	144585	卖盘
09:45:51	17.03	0.03	70	119210	买盘
09:45:46	17.0	--	313	532100	卖盘
09:45:41	17.0	-0.03	74	125800	卖盘
09:45:36	17.03	--	46	78338	买盘
09:45:30	17.03	--	6	10218	买盘
09:45:26	17.03	--	264	449592	卖盘
09:45:21	17.03	0.02	221	376363	中性盘
09:45:15	17.01	-0.04	113	192213	卖盘
09:45:10	17.05	0.02	803	1369115	买盘
09:45:05	17.03	0.01	120	204360	买盘
09:45:00	17.02	--	14	23828	卖盘
09:44:55	17.02	--	295	502090	买盘
09:44:50	17.02	--	174	296148	买盘
09:44:45	17.02	--	188	319976	买盘
09:44:40	17.02	0.01	107	182114	买盘
09:44:36	17.01	--	17	28917	卖盘
09:44:30	17.01	--	57	96957	卖盘
09:44:25	17.01	0.01	107	182007	买盘
09:44:20	17.0	0.01	184	312800	买盘
09:44:15	16.99	-0.01	131	222568	卖盘
09:44:10	17.0	0.01	207	351900	买盘
09:44:06	16.99	--	117	198782	卖盘
09:44:00	16.99	0.01	414	703385	买盘
09:43:55	16.98	-0.01	210	356580	卖盘
09:43:50	16.99	0.01	67	113832	买盘
09:43:45	16.98	--	20	33960	卖盘
09:43:40	16.98	0.02	141	239418	买盘
09:43:35	16.96	-0.01	291	493536	卖盘
09:43:30	16.97	--	88	149336	卖盘
09:43:25	16.97	0.01	360	610920	买盘
09:43:20	16.96	0.02	233	395168	买盘
09:43:15	16.94	--	29	49126	卖盘
09:43:10	16.94	0.01	123	208362	买盘
09:43:05	16.93	--	108	182844	买盘
09:43:00	16.93	--	3	5079	买盘
09:42:55	16.93	-0.01	682	1154626	中性盘
09:42:50	16.94	0.02	88	149072	买盘
09:42:45	16.92	--	39	65988	卖盘
09:42:40	16.92	--	365	617580	卖盘
09:42:35	16.92	0.01	255	431460	买盘
09:42:25	16.91	--	7	11837	卖盘
09:42:20	16.91	--	101	170791	买盘
09:42:15	16.91	--	0	0	买盘
09:42:10	16.91	0.05	16	27056	买盘
09:42:05	16.86	-0.04	129	217494	卖盘
09:42:00	16.9	--	14	23659	买盘
09:41:55	16.9	--	40	67600	买盘
09:41:50	16.9	--	35	59149	买盘
09:41:45	16.9	0.04	18	30419	买盘
09:41:40	16.86	-0.04	134	225924	卖盘
09:41:35	16.9	--	81	136890	卖盘
09:41:30	16.9	--	1	1689	卖盘
09:41:25	16.9	--	57	96329	买盘
09:41:20	16.9	--	117	197729	买盘
09:41:15	16.9	--	84	141960	买盘
09:41:10	16.9	--	11	18590	买盘
09:41:00	16.9	0.02	19	32109	买盘
09:40:55	16.88	-0.03	23	38824	卖盘
09:40:50	16.91	-0.01	310	524210	卖盘
09:40:45	16.92	0.01	38	64296	买盘
09:40:40	16.91	-0.01	24	40584	卖盘
09:40:35	16.92	-0.02	101	170892	卖盘
09:40:30	16.94	--	59	99946	卖盘
09:40:25	16.94	0.01	507	858858	买盘
09:40:20	16.93	-0.01	114	193002	卖盘
09:40:10	16.94	--	120	203280	买盘
09:40:05	16.94	-0.01	142	240548	卖盘
09:40:00	16.95	--	71	120345	买盘
09:39:55	16.95	-0.01	49	83055	中性盘
09:39:50	16.96	0.02	119	201824	买盘
09:39:45	16.94	0.01	6	10164	买盘
09:39:40	16.93	0.01	42	71106	中性盘
09:39:35	16.92	-0.03	168	284256	卖盘
09:39:30	16.95	0.04	332	562740	买盘
09:39:24	16.91	--	26	43966	卖盘
09:39:20	16.91	-0.01	143	241813	卖盘
09:39:15	16.92	--	132	223344	卖盘
09:39:09	16.92	-0.02	33	55836	卖盘
09:39:04	16.94	0.03	138	233772	买盘
09:38:59	16.91	-0.01	34	57494	中性盘
09:38:54	16.92	0.02	27	45684	买盘
09:38:49	16.9	--	74	125059	卖盘
09:38:44	16.9	0.04	391	660790	买盘
09:38:39	16.86	0.01	13	21918	买盘
09:38:34	16.85	--	23	38755	买盘
09:38:29	16.85	--	177	298245	买盘
09:38:24	16.85	0.01	88	148280	买盘
09:38:19	16.84	--	96	161664	买盘
09:38:14	16.84	0.01	16	26944	买盘
09:38:09	16.83	--	27	45440	买盘
09:38:04	16.83	0.01	91	153152	买盘
09:37:59	16.82	0.01	20	33640	买盘
09:37:54	16.81	0.01	392	659019	买盘
09:37:49	16.8	0.01	516	866880	买盘
09:37:44	16.79	-0.01	27	45333	中性盘
09:37:34	16.8	0.01	603	1013040	买盘
09:37:29	16.79	0.01	127	213233	买盘
09:37:24	16.78	0.02	100	167800	买盘
09:37:19	16.76	-0.02	42	70392	卖盘
09:37:09	16.78	0.02	15	25170	买盘
09:37:04	16.76	0.02	43	72068	买盘
09:36:59	16.74	-0.01	206	344843	卖盘
09:36:49	16.75	--	101	169175	卖盘
09:36:44	16.75	0.01	98	164150	买盘
09:36:39	16.74	--	15	25109	卖盘
09:36:34	16.74	--	32	53567	卖盘
09:36:29	16.74	0.01	40	66960	买盘
09:36:19	16.73	--	65	108745	卖盘
09:36:14	16.73	-0.01	6	10038	卖盘
09:36:09	16.74	--	2	3347	买盘
09:36:04	16.74	--	14	23435	买盘
09:35:59	16.74	--	21	35154	买盘
09:35:54	16.74	0.01	3	5021	买盘
09:35:49	16.73	--	40	66920	买盘
09:35:44	16.73	--	62	103726	卖盘
09:35:39	16.73	--	10	16730	买盘
09:35:34	16.73	0.01	86	143878	买盘
09:35:29	16.72	--	15	25080	卖盘
09:35:19	16.72	--	23	38456	卖盘
09:35:14	16.72	--	87	145999	买盘
09:35:09	16.72	--	11	18392	买盘
09:35:04	16.72	0.01	2	3344	买盘
09:34:59	16.71	--	36	60156	卖盘
09:34:54	16.71	-0.01	116	193836	卖盘
09:34:49	16.72	0.01	5	8360	买盘
09:34:44	16.71	--	17	28407	卖盘
09:34:39	16.71	--	2	3342	卖盘
09:34:34	16.71	--	40	66840	卖盘
09:34:29	16.71	--	8	13368	卖盘
09:34:24	16.71	--	5	8355	卖盘
09:34:19	16.71	--	64	106944	卖盘
09:34:14	16.71	-0.01	145	242295	卖盘
09:34:09	16.72	0.01	2	3344	买盘
09:34:04	16.71	--	118	197178	卖盘
09:33:59	16.71	-0.01	16	26736	卖盘
09:33:49	16.72	--	37	61863	卖盘
09:33:44	16.72	-0.02	9	15047	卖盘
09:33:39	16.74	--	14	23435	买盘
09:33:34	16.74	--	24	40175	买盘
09:33:29	16.74	0.02	72	120527	买盘
09:33:24	16.72	-0.03	35	58519	卖盘
09:33:18	16.75	--	10	16750	买盘
09:33:14	16.75	-0.04	20	33500	卖盘
09:33:09	16.79	0.03	217	364343	买盘
09:33:03	16.76	-0.01	6	10056	买盘
09:32:58	16.77	--	69	117322	买盘
09:32:54	16.77	--	10	16770	买盘
09:32:48	16.77	--	12	20124	买盘
09:32:43	16.77	--	23	38571	买盘
09:32:38	16.77	-0.01	31	51987	卖盘
09:32:33	16.78	0.01	13	21814	买盘
09:32:28	16.77	--	26	43669	卖盘
09:32:23	16.77	-0.02	117	196209	卖盘
09:32:18	16.79	0.03	59	99061	买盘
09:32:13	16.76	-0.01	13	21788	中性盘
09:32:08	16.77	--	96	160992	买盘
09:32:03	16.77	-0.02	141	236457	买盘
09:31:58	16.79	--	0	0	买盘
09:31:53	16.79	0.02	108	181332	买盘
09:31:48	16.77	-0.03	15	25155	中性盘
09:31:43	16.8	0.05	41	68880	买盘
09:31:38	16.75	-0.02	109	182575	卖盘
09:31:33	16.77	0.02	6	10062	买盘
09:31:28	16.75	0.01	170	284750	买盘
09:31:23	16.74	--	30	50219	买盘
09:31:18	16.74	0.03	140	234359	买盘
09:31:13	16.71	0.01	2	3342	卖盘
09:31:08	16.7	-0.04	20	33400	卖盘
09:30:58	16.74	-0.01	14	23435	中性盘
09:30:53	16.75	0.05	35	58625	买盘
09:30:43	16.7	-0.05	4	6680	中性盘
09:30:38	16.75	--	37	61975	买盘
09:30:33	16.75	0.06	6	10050	买盘
09:30:28	16.69	--	0	0	卖盘
09:30:23	16.69	--	0	0	卖盘
09:30:13	16.69	--	2	3338	卖盘
09:30:08	16.69	0.01	790	1318510	中性盘
09:30:03	16.68	0.02	17	28356	买盘
09:28:45	16.66	--	0	0	卖盘
09:25:06	16.66	16.66	366	609756	买盘
