成交时间	成交价	价格变动	成交量(手)	成交额(元)	性质
15:00:00	27.3	--	0	0	买盘
15:00:00	27.3	--	30	81900	买盘
14:59:58	27.3	--	186	507780	买盘
14:59:52	27.3	--	73	199290	买盘
14:59:48	27.3	0.01	585	1597050	买盘
14:59:43	27.29	-0.01	220	600380	卖盘
14:59:37	27.3	--	150	409500	买盘
14:59:33	27.3	--	50	136500	买盘
14:59:28	27.3	--	111	303030	买盘
14:59:22	27.3	0.01	261	712530	买盘
14:59:18	27.29	-0.01	15	40935	卖盘
14:59:13	27.3	0.01	97	264810	买盘
14:59:07	27.29	-0.01	144	392976	卖盘
14:59:03	27.3	--	21	57330	买盘
14:58:58	27.3	--	57	155610	买盘
14:58:52	27.3	0.01	165	450450	买盘
14:58:48	27.29	--	108	294732	卖盘
14:58:43	27.29	--	7	19103	卖盘
14:58:37	27.29	--	164	447556	卖盘
14:58:33	27.29	0.01	151	412079	买盘
14:58:27	27.28	--	6	16368	卖盘
14:58:22	27.28	--	182	496496	卖盘
14:58:18	27.28	--	164	447664	买盘
14:58:12	27.28	0.01	47	128216	买盘
14:58:07	27.27	--	68	185436	卖盘
14:58:02	27.27	--	43	117288	买盘
14:57:57	27.27	--	7	19089	买盘
14:57:52	27.27	0.01	87	237249	买盘
14:57:47	27.26	--	136	370736	卖盘
14:57:42	27.26	--	13	35438	卖盘
14:57:37	27.26	--	67	182642	卖盘
14:57:32	27.26	0.01	6	16356	卖盘
14:57:27	27.25	-0.01	42	114450	卖盘
14:57:22	27.26	--	111	302586	买盘
14:57:18	27.26	0.01	52	141752	买盘
14:57:12	27.25	--	83	226175	卖盘
14:57:07	27.25	--	29	79025	卖盘
14:57:02	27.25	--	192	523200	卖盘
14:56:57	27.25	--	2	5450	卖盘
14:56:52	27.25	0.02	124	337900	买盘
14:56:47	27.23	-0.01	57	155211	卖盘
14:56:42	27.24	--	53	144372	买盘
14:56:37	27.24	-0.01	13	35412	中性盘
14:56:32	27.25	0.01	206	561350	买盘
14:56:27	27.24	-0.01	28	76272	卖盘
14:56:22	27.25	--	157	427825	买盘
14:56:17	27.25	--	43	117175	买盘
14:56:12	27.25	-0.02	305	831125	卖盘
14:56:07	27.27	0.01	44	119988	中性盘
14:56:02	27.26	-0.02	16	43616	卖盘
14:55:57	27.28	0.01	24	65472	买盘
14:55:52	27.27	-0.01	60	163620	卖盘
14:55:47	27.28	--	60	163680	卖盘
14:55:42	27.28	-0.01	60	163680	卖盘
14:55:37	27.29	--	120	327480	买盘
14:55:31	27.29	0.01	29	79141	买盘
14:55:27	27.28	-0.01	113	308264	卖盘
14:55:22	27.29	0.01	101	275629	买盘
14:55:16	27.28	--	155	422840	卖盘
14:55:12	27.28	--	3	8184	卖盘
14:55:07	27.28	--	11	30008	卖盘
14:55:01	27.28	0.01	83	226424	买盘
14:54:57	27.27	--	17	46359	卖盘
14:54:52	27.27	0.02	24	65448	卖盘
14:54:46	27.25	-0.02	44	119900	卖盘
14:54:42	27.27	--	26	70902	买盘
14:54:37	27.27	0.02	100	272700	买盘
14:54:31	27.25	--	3	8175	卖盘
14:54:27	27.25	--	2	5450	卖盘
14:54:22	27.25	--	100	272500	卖盘
14:54:16	27.25	--	3	8175	卖盘
14:54:12	27.25	0.02	73	198925	买盘
14:54:07	27.23	--	44	119812	买盘
14:54:01	27.23	--	49	133427	卖盘
14:53:52	27.23	0.02	20	54460	卖盘
14:53:46	27.21	--	114	310194	卖盘
14:53:42	27.21	--	46	125166	卖盘
14:53:37	27.21	--	46	125166	卖盘
14:53:31	27.21	--	57	155097	买盘
14:53:27	27.21	--	18	48978	买盘
14:53:22	27.21	--	62	168702	买盘
14:53:16	27.21	0.01	244	663924	买盘
14:53:12	27.2	-0.01	75	204000	卖盘
14:53:07	27.21	0.01	310	843510	买盘
14:53:01	27.2	--	84	228480	买盘
14:52:57	27.2	--	61	165920	买盘
14:52:52	27.2	-0.01	738	2007360	卖盘
14:52:46	27.21	0.01	20	54420	卖盘
14:52:42	27.2	-0.02	213	579360	卖盘
14:52:37	27.22	0.01	503	1369166	买盘
14:52:31	27.21	--	121	329241	买盘
14:52:27	27.21	--	187	508827	买盘
14:52:22	27.21	--	169	459849	买盘
14:52:16	27.21	0.01	140	380940	买盘
14:52:12	27.2	-0.01	64	174080	卖盘
14:52:07	27.21	0.01	35	95235	买盘
14:52:01	27.2	--	40	108800	卖盘
14:51:57	27.2	--	22	59840	买盘
14:51:51	27.2	--	1541	4191520	买盘
14:51:46	27.2	--	51	138720	买盘
14:51:41	27.2	--	130	353600	买盘
14:51:36	27.2	0.02	3	8160	买盘
14:51:31	27.18	-0.02	55	149490	卖盘
14:51:27	27.2	0.01	1	2720	买盘
14:51:22	27.19	0.01	186	506060	买盘
14:51:16	27.18	-0.01	148	402264	卖盘
14:51:12	27.19	--	98	266462	买盘
14:51:06	27.19	--	13	35347	买盘
14:51:01	27.19	--	107	290933	买盘
14:50:56	27.19	-0.01	153	416007	卖盘
14:50:51	27.2	--	7	19040	买盘
14:50:46	27.2	--	71	193120	买盘
14:50:41	27.2	--	106	288320	买盘
14:50:36	27.2	-0.01	88	239360	卖盘
14:50:31	27.21	0.01	133	361893	买盘
14:50:26	27.2	--	31	84320	卖盘
14:50:21	27.2	-0.01	48	130560	卖盘
14:50:16	27.21	--	36	97956	买盘
14:50:11	27.21	--	150	408150	卖盘
14:50:06	27.21	-0.01	1	2721	卖盘
14:50:01	27.22	0.01	34	92548	买盘
14:49:56	27.21	-0.03	31	84351	卖盘
14:49:46	27.24	--	33	89892	买盘
14:49:41	27.24	--	18	49032	买盘
14:49:36	27.24	--	10	27240	买盘
14:49:31	27.24	0.04	1	2724	买盘
14:49:26	27.2	--	0	0	卖盘
14:49:21	27.2	--	4	10880	卖盘
14:49:16	27.2	--	1	2720	卖盘
14:49:11	27.2	0.02	40	108800	买盘
14:49:06	27.18	-0.01	15	40770	卖盘
14:49:01	27.19	0.01	27	73413	买盘
14:48:56	27.18	--	87	236466	买盘
14:48:51	27.18	0.03	59	160362	买盘
14:48:46	27.15	-0.04	1143	3103245	卖盘
14:48:40	27.19	--	138	375222	买盘
14:48:36	27.19	--	157	426883	买盘
14:48:31	27.19	--	80	217520	买盘
14:48:25	27.19	--	57	154983	买盘
14:48:21	27.19	--	209	568271	买盘
14:48:16	27.19	--	126	342594	买盘
14:48:10	27.19	-0.01	195	530205	卖盘
14:48:06	27.2	--	84	228480	买盘
14:48:01	27.2	--	17	46240	买盘
14:47:55	27.2	--	73	198560	买盘
14:47:50	27.2	--	16	43520	买盘
14:47:46	27.2	-0.05	1361	3701920	卖盘
14:47:40	27.25	--	12	32700	买盘
14:47:36	27.25	--	32	87200	卖盘
14:47:16	27.25	0.02	96	261600	买盘
14:47:10	27.23	0.01	27	73521	买盘
14:47:06	27.22	-0.01	51	138822	卖盘
14:47:01	27.23	-0.05	291	792393	卖盘
14:46:55	27.28	0.04	14	38192	买盘
14:46:51	27.24	-0.04	20	54480	卖盘
14:46:46	27.28	--	61	166408	买盘
14:46:40	27.28	0.04	5	13640	买盘
14:46:36	27.24	-0.01	140	381360	卖盘
14:46:31	27.25	--	93	253425	买盘
14:46:25	27.25	-0.03	600	1635000	卖盘
14:46:16	27.28	-0.01	6	16368	卖盘
14:46:10	27.29	--	43	117347	买盘
14:46:06	27.29	0.01	77	210133	买盘
14:46:01	27.28	-0.01	12	32736	卖盘
14:45:51	27.29	0.01	24	65496	买盘
14:45:46	27.28	--	56	152768	卖盘
14:45:40	27.28	--	16	43648	卖盘
14:45:36	27.28	-0.01	62	169136	卖盘
14:45:30	27.29	0.01	21	57309	买盘
14:45:21	27.28	-0.01	15	40920	卖盘
14:45:16	27.29	0.01	12	32748	买盘
14:45:10	27.28	0.01	19	51832	中性盘
14:45:06	27.27	-0.01	148	403596	卖盘
14:45:01	27.28	0.01	17	46376	买盘
14:44:55	27.27	-0.01	12	32724	卖盘
14:44:50	27.28	--	22	60016	买盘
14:44:46	27.28	--	12	32736	买盘
14:44:40	27.28	--	67	182776	卖盘
14:44:35	27.28	-0.01	48	130944	卖盘
14:44:31	27.29	0.01	4	10916	买盘
14:44:25	27.28	--	1	2728	卖盘
14:44:21	27.28	--	41	111848	买盘
14:44:15	27.28	--	22	60016	买盘
14:44:10	27.28	0.01	34	92752	买盘
14:44:05	27.27	-0.01	99	269973	卖盘
14:44:00	27.28	0.01	24	65472	买盘
14:43:55	27.27	-0.01	26	70902	卖盘
14:43:50	27.28	--	29	79112	买盘
14:43:45	27.28	--	21	57288	买盘
14:43:40	27.28	0.01	54	147312	买盘
14:43:35	27.27	--	63	171801	卖盘
14:43:30	27.27	-0.01	20	54540	卖盘
14:43:25	27.28	--	13	35464	买盘
14:43:20	27.28	--	35	95480	买盘
14:43:15	27.28	--	36	98208	买盘
14:43:10	27.28	0.01	40	109120	买盘
14:43:05	27.27	--	3	8181	卖盘
14:43:00	27.27	--	61	166347	卖盘
14:42:55	27.27	-0.01	32	87264	卖盘
14:42:50	27.28	--	13	35464	买盘
14:42:45	27.28	--	20	54560	买盘
14:42:40	27.28	0.01	19	51832	买盘
14:42:35	27.27	--	14	38178	卖盘
14:42:30	27.27	-0.01	54	147258	卖盘
14:42:25	27.28	0.01	16	43648	买盘
14:42:20	27.27	-0.01	14	38178	卖盘
14:42:15	27.28	--	10	27280	买盘
14:42:04	27.28	0.02	15	40920	买盘
14:42:00	27.26	-0.01	56	152656	卖盘
14:41:55	27.27	0.01	58	158166	中性盘
14:41:49	27.26	--	3	8178	卖盘
14:41:40	27.26	--	16	43616	买盘
14:41:34	27.26	--	7	19082	买盘
14:41:30	27.26	0.01	64	174464	买盘
14:41:25	27.25	--	1	2725	卖盘
14:41:19	27.25	-0.02	2	5450	卖盘
14:41:15	27.27	0.02	1	2727	中性盘
14:41:10	27.25	--	41	111725	买盘
14:41:04	27.25	0.02	29	79025	买盘
14:41:00	27.23	--	10	27230	卖盘
14:40:55	27.23	-0.02	1	2723	卖盘
14:40:49	27.25	0.03	6	16350	买盘
14:40:40	27.22	--	86	234092	卖盘
14:40:34	27.22	0.02	8	21776	买盘
14:40:30	27.2	-0.01	125	340000	卖盘
14:40:25	27.21	--	18	48978	卖盘
14:40:19	27.21	0.01	124	339063	买盘
14:40:15	27.2	--	12	32640	卖盘
14:40:10	27.2	--	56	152320	卖盘
14:40:04	27.2	--	134	364480	卖盘
14:40:00	27.2	-0.01	195	530400	卖盘
14:39:55	27.21	0.01	72	195912	买盘
14:39:49	27.2	-0.01	48	130560	卖盘
14:39:45	27.21	0.01	92	250332	买盘
14:39:40	27.2	-0.01	133	361760	卖盘
14:39:34	27.21	--	255	693855	买盘
14:39:29	27.21	--	30	81630	买盘
14:39:25	27.21	-0.01	157	428312	卖盘
14:39:19	27.22	--	318	865596	卖盘
14:39:15	27.22	-0.03	7	19054	卖盘
14:39:10	27.25	0.02	128	348800	买盘
14:39:03	27.23	0.01	125	340375	中性盘
14:39:00	27.22	-0.03	92	250424	卖盘
14:38:55	27.25	0.02	52	141700	买盘
14:38:49	27.23	-0.03	279	759717	卖盘
14:38:40	27.26	-0.01	62	169012	卖盘
14:38:34	27.27	-0.01	306	834462	卖盘
14:38:24	27.28	-0.01	66	180048	卖盘
14:38:19	27.29	-0.01	375	1023375	卖盘
14:38:15	27.3	-0.01	30	81900	卖盘
14:38:10	27.31	--	15	40965	买盘
14:37:59	27.31	--	29	79526	卖盘
14:37:55	27.31	--	141	385071	卖盘
14:37:49	27.31	-0.01	17	46427	卖盘
14:37:44	27.32	-0.01	77	210364	卖盘
14:37:39	27.33	0.01	9	24597	买盘
14:37:34	27.32	--	10	27320	卖盘
14:37:29	27.32	0.01	20	54640	中性盘
14:37:24	27.31	-0.02	15	40965	卖盘
14:37:19	27.33	--	16	43728	买盘
14:37:14	27.33	0.01	54	149987	买盘
14:37:09	27.32	--	15	40980	买盘
14:37:04	27.32	-0.01	187	510884	卖盘
14:36:59	27.33	-0.01	199	543867	卖盘
14:36:39	27.34	-0.01	22	60148	卖盘
14:36:34	27.35	0.02	152	415720	买盘
14:36:29	27.33	--	1	2733	卖盘
14:36:24	27.33	-0.02	53	144849	卖盘
14:36:19	27.35	0.02	1	2735	买盘
14:36:14	27.33	-0.02	20	54660	卖盘
14:36:04	27.35	-0.01	51	139485	卖盘
14:35:59	27.36	0.03	26	71136	买盘
14:35:54	27.33	-0.02	78	213174	卖盘
14:35:44	27.35	0.01	5	13675	买盘
14:35:39	27.34	-0.01	7	19138	卖盘
14:35:34	27.35	0.01	22	60170	买盘
14:35:28	27.34	-0.01	31	84754	卖盘
14:35:24	27.35	0.01	3	8205	卖盘
14:35:13	27.34	--	84	229656	卖盘
14:35:08	27.34	--	23	62882	买盘
14:35:04	27.34	-0.01	30	82020	卖盘
14:34:58	27.35	0.01	38	103930	买盘
14:34:54	27.34	-0.01	61	166774	卖盘
14:34:49	27.35	--	52	142220	买盘
14:34:34	27.35	0.01	46	125810	买盘
14:34:28	27.34	-0.01	2	5468	卖盘
14:34:23	27.35	--	57	155895	买盘
14:34:19	27.35	0.01	13	35555	买盘
14:34:13	27.34	-0.01	22	60148	卖盘
14:34:09	27.35	--	3	8205	买盘
14:34:04	27.35	--	13	35555	买盘
14:33:58	27.35	--	80	218800	买盘
14:33:54	27.35	-0.01	141	385635	卖盘
14:33:49	27.36	--	0	0	卖盘
14:33:43	27.36	0.01	2	5472	买盘
14:33:28	27.35	0.01	4	10940	买盘
14:33:19	27.34	0.02	5	13670	卖盘
14:33:13	27.32	-0.02	33	90156	卖盘
14:33:04	27.34	0.02	25	68350	买盘
14:32:58	27.32	-0.02	12	32784	卖盘
14:32:54	27.34	0.03	6	16404	买盘
14:32:49	27.31	--	30	81930	卖盘
14:32:34	27.31	--	7	19117	卖盘
14:32:28	27.31	--	104	284024	买盘
14:32:24	27.31	--	25	68275	买盘
14:32:18	27.31	--	132	360492	买盘
14:32:12	27.31	--	66	180246	买盘
14:32:09	27.31	--	245	669095	买盘
14:32:04	27.31	--	38	103778	买盘
14:31:58	27.31	--	122	333182	买盘
14:31:53	27.31	--	77	210287	卖盘
14:31:49	27.31	--	60	163860	卖盘
14:31:43	27.31	--	31	84661	卖盘
14:31:33	27.31	-0.03	10	27310	卖盘
14:31:28	27.34	0.04	5	13670	买盘
14:31:18	27.3	-0.01	133	363090	卖盘
14:31:13	27.31	0.01	9	24579	买盘
14:31:08	27.3	-0.01	206	562380	卖盘
14:30:58	27.31	--	19	51889	买盘
14:30:53	27.31	--	48	131088	买盘
14:30:48	27.31	--	67	182977	买盘
14:30:43	27.31	0.01	18	49158	买盘
14:30:38	27.3	--	19	51870	卖盘
14:30:28	27.3	--	6	16380	买盘
14:30:23	27.3	--	15	40950	买盘
14:30:18	27.3	--	69	188370	卖盘
14:30:13	27.3	-0.02	221	603330	卖盘
14:30:08	27.32	0.02	6	16392	中性盘
14:30:03	27.3	-0.04	205	559650	卖盘
14:29:53	27.34	--	2	5468	买盘
14:29:48	27.34	--	67	183178	买盘
14:29:43	27.34	-0.01	49	133966	卖盘
14:29:38	27.35	--	20	54700	买盘
14:29:33	27.35	--	128	350080	卖盘
14:29:27	27.35	-0.03	200	547000	卖盘
14:29:23	27.38	--	5	13690	卖盘
14:29:13	27.38	--	226	618788	买盘
14:29:07	27.38	--	5	13690	买盘
14:29:03	27.38	--	25	68450	买盘
14:28:58	27.38	--	29	79402	卖盘
14:28:47	27.38	0.01	4	10952	卖盘
14:28:43	27.37	-0.01	40	109480	卖盘
14:28:37	27.38	--	78	213564	买盘
14:28:27	27.38	--	28	76664	买盘
14:28:21	27.38	-0.01	30	82140	买盘
14:28:17	27.39	-0.01	48	131472	中性盘
14:28:13	27.4	0.01	166	454840	买盘
14:28:07	27.39	--	9	24651	买盘
14:27:57	27.39	--	9	24651	买盘
14:27:52	27.39	-0.01	52	142428	卖盘
14:27:47	27.4	0.01	11	30140	买盘
14:27:43	27.39	--	38	104082	卖盘
14:27:32	27.39	--	0	0	卖盘
14:27:28	27.39	-0.01	32	87648	卖盘
14:27:22	27.4	-0.01	9	24660	卖盘
14:27:18	27.41	--	127	348107	买盘
14:27:13	27.41	--	30	82230	买盘
14:27:07	27.41	0.01	11	30151	中性盘
14:27:03	27.4	-0.01	50	137000	卖盘
14:26:57	27.41	--	3	8223	卖盘
14:26:52	27.41	--	2	5482	卖盘
14:26:43	27.41	-0.02	10	27410	卖盘
14:26:37	27.43	0.02	12	32916	买盘
14:26:32	27.41	-0.02	5	13705	卖盘
14:26:28	27.43	0.03	39	106977	买盘
14:26:22	27.4	-0.03	700	1918000	卖盘
14:26:13	27.43	--	25	68575	买盘
14:26:06	27.43	-0.01	11	30173	买盘
14:25:57	27.44	--	15	41160	卖盘
14:25:51	27.44	0.03	53	145432	买盘
14:25:43	27.41	--	26	71266	卖盘
14:25:37	27.41	-0.03	3	8223	卖盘
14:25:28	27.44	--	5	13720	买盘
14:25:17	27.44	0.04	4	10976	买盘
14:25:13	27.4	--	0	0	卖盘
14:25:06	27.4	--	0	0	卖盘
14:25:03	27.4	--	0	0	卖盘
14:24:58	27.4	-0.04	191	523340	卖盘
14:24:52	27.44	0.04	5	13720	买盘
14:24:42	27.4	--	0	0	卖盘
14:24:37	27.4	--	23	63020	卖盘
14:24:28	27.4	0.01	65	178100	买盘
14:24:22	27.39	-0.01	108	295812	卖盘
14:24:18	27.4	--	46	126040	买盘
14:24:12	27.4	--	23	63020	买盘
14:24:06	27.4	--	11	30140	买盘
14:24:02	27.4	-0.1	103	282220	卖盘
14:23:57	27.5	0.09	52	143000	买盘
14:23:52	27.41	0.01	100	274100	中性盘
14:23:47	27.4	-0.1	100	274000	卖盘
14:23:42	27.5	0.07	6	16500	买盘
14:23:37	27.43	-0.08	104	285272	卖盘
14:23:32	27.51	0.01	35	96285	买盘
14:23:27	27.5	--	4	11000	买盘
14:23:21	27.5	-0.02	10	27500	买盘
14:23:17	27.52	0.02	128	352256	买盘
14:23:12	27.5	-0.01	245	673750	卖盘
14:23:06	27.51	--	80	220080	卖盘
14:23:02	27.51	--	16	44016	卖盘
14:22:57	27.51	--	0	0	中性盘
14:22:51	27.51	-0.03	20	55020	卖盘
14:22:47	27.54	--	33	90882	买盘
14:22:42	27.54	0.02	10	27540	买盘
14:22:37	27.52	0.02	45	123840	买盘
14:22:32	27.5	-0.04	107	296725	卖盘
14:22:26	27.54	0.02	106	291924	买盘
14:22:22	27.52	-0.03	154	423808	卖盘
14:22:17	27.55	--	132	363660	买盘
14:22:11	27.55	0.02	43	118465	买盘
14:22:07	27.53	0.03	81	223268	买盘
14:22:01	27.5	--	138	381975	卖盘
14:21:51	27.5	--	0	0	卖盘
14:21:45	27.5	-0.01	450	1237500	卖盘
14:21:41	27.51	0.01	49	134799	中性盘
14:21:37	27.5	-0.01	325	893750	卖盘
14:21:30	27.51	0.01	19	52269	买盘
14:21:21	27.5	--	3	8250	卖盘
14:21:16	27.5	0.05	675	1856525	买盘
14:21:11	27.45	--	1	2745	卖盘
14:21:07	27.45	--	30	82350	买盘
14:21:01	27.45	--	1	2745	买盘
14:20:51	27.45	0.01	48	131760	买盘
14:20:45	27.44	0.01	8	21952	买盘
14:20:37	27.43	--	3	8229	卖盘
14:20:31	27.43	--	138	378534	买盘
14:20:21	27.43	0.03	2	5486	买盘
14:20:11	27.4	-0.03	5	13700	卖盘
14:20:07	27.43	0.03	179	490997	买盘
14:20:00	27.4	--	3	8220	卖盘
14:19:51	27.4	--	21	57540	卖盘
14:19:45	27.4	--	54	147960	买盘
14:19:41	27.4	--	6	16440	买盘
14:19:36	27.4	--	18	49320	买盘
14:19:31	27.4	--	15	41100	买盘
14:19:27	27.4	0.01	63	172620	买盘
14:19:21	27.39	--	142	388938	买盘
14:19:15	27.39	--	18	49302	买盘
14:19:11	27.39	--	10	27390	买盘
14:19:06	27.39	-0.01	73	199947	卖盘
14:19:00	27.4	--	1	2740	买盘
14:18:51	27.4	0.01	133	364420	买盘
14:18:42	27.39	0.01	37	101343	买盘
14:18:36	27.38	-0.01	43	117734	卖盘
14:18:30	27.39	--	4	10956	买盘
14:18:26	27.39	0.01	1	2739	买盘
14:18:21	27.38	--	8	21904	卖盘
14:18:15	27.38	-0.01	4	10952	卖盘
14:18:06	27.39	--	21	57519	买盘
14:18:00	27.39	--	40	109560	卖盘
14:17:56	27.39	0.01	4	10956	买盘
14:17:51	27.38	--	3	9090	卖盘
14:17:46	27.38	-0.01	8	23765	卖盘
14:17:41	27.39	--	7	19173	买盘
14:17:36	27.39	--	11	30129	买盘
14:17:30	27.39	--	12	33744	卖盘
14:17:26	27.39	-0.01	60	166202	卖盘
14:17:21	27.4	--	10	27400	买盘
14:17:15	27.4	0.02	7	19180	买盘
14:17:11	27.38	-0.01	23	64343	卖盘
14:17:00	27.39	0.02	79	216381	买盘
14:16:56	27.37	-0.02	7	19159	卖盘
14:16:51	27.39	0.01	33	90387	买盘
14:16:45	27.38	--	60	164280	买盘
14:16:41	27.38	0.01	2	5476	买盘
14:16:36	27.37	0.01	47	128639	买盘
14:16:30	27.36	--	52	142272	卖盘
14:16:26	27.36	--	14	38304	卖盘
14:16:15	27.36	--	10	27360	卖盘
14:16:11	27.36	--	28	76608	卖盘
14:16:06	27.36	--	38	103968	买盘
14:16:00	27.36	--	32	87552	买盘
14:15:56	27.36	--	8	21888	买盘
14:15:45	27.36	-0.01	101	276336	卖盘
14:15:40	27.37	0.01	7	19159	买盘
14:15:31	27.36	-0.01	11	30096	卖盘
14:15:10	27.37	0.01	10	27370	买盘
14:15:01	27.36	-0.02	32	87552	卖盘
14:14:54	27.38	0.02	1	2738	买盘
14:14:39	27.36	--	6	16416	卖盘
14:14:30	27.36	0.03	9	24624	买盘
14:14:24	27.33	-0.03	116	317028	卖盘
14:14:15	27.36	--	13	35568	买盘
14:14:09	27.36	-0.03	158	432288	卖盘
14:14:00	27.39	0.03	54	147906	买盘
14:13:54	27.36	-0.03	14	38304	卖盘
14:13:50	27.39	0.03	10	27390	买盘
14:13:35	27.36	--	2	5472	买盘
14:13:30	27.36	-0.01	2	5472	买盘
14:13:24	27.37	0.01	22	60214	买盘
14:13:20	27.36	--	8	23256	卖盘
14:13:15	27.36	-0.03	9	24624	卖盘
14:13:09	27.39	--	0	0	买盘
14:13:00	27.39	0.03	3	8217	买盘
14:12:54	27.36	-0.01	8	21888	卖盘
14:12:50	27.37	0.02	4	12316	买盘
14:12:45	27.35	-0.02	9	24615	卖盘
14:12:35	27.37	0.02	22	60214	买盘
14:12:24	27.35	-0.02	122	333670	卖盘
14:12:20	27.37	--	20	54740	卖盘
14:12:16	27.37	-0.01	40	109480	卖盘
14:12:09	27.38	--	10	27380	买盘
14:12:05	27.38	0.01	2	5476	买盘
14:12:00	27.37	--	24	65688	卖盘
14:11:54	27.37	-0.01	23	62951	卖盘
14:11:50	27.38	--	26	71188	买盘
14:11:45	27.38	0.01	2	5476	买盘
14:11:39	27.37	-0.01	3	8211	卖盘
14:11:35	27.38	--	2	5476	买盘
14:11:30	27.38	0.02	28	76664	买盘
14:11:24	27.36	-0.01	87	238032	卖盘
14:11:20	27.37	--	9	24633	买盘
14:11:15	27.37	-0.01	3	8211	买盘
14:11:09	27.38	0.01	4	10952	买盘
14:11:05	27.37	-0.01	20	54740	卖盘
14:11:00	27.38	0.01	11	30118	买盘
14:10:54	27.37	--	2	5474	卖盘
14:10:50	27.37	--	5	13685	买盘
14:10:45	27.37	--	5	13685	卖盘
14:10:39	27.37	0.01	1	2737	卖盘
14:10:35	27.36	--	1	2736	卖盘
14:10:24	27.36	--	19	51984	卖盘
14:10:15	27.36	--	1	2736	卖盘
14:10:05	27.36	--	23	62928	卖盘
14:09:54	27.36	0.01	2	5472	卖盘
14:09:50	27.35	--	124	339140	卖盘
14:09:45	27.35	-0.01	10	27350	卖盘
14:09:39	27.36	0.01	2	5472	买盘
14:09:35	27.35	--	56	153160	卖盘
14:09:30	27.35	--	4	10940	卖盘
14:09:24	27.35	--	65	177775	买盘
14:09:20	27.35	--	109	298115	买盘
14:09:09	27.35	--	12	32820	买盘
14:09:05	27.35	--	12	32820	买盘
14:09:00	27.35	--	3	8205	买盘
14:08:54	27.35	0.01	37	101195	买盘
14:08:50	27.34	-0.01	57	155838	卖盘
14:08:45	27.35	--	25	68375	买盘
14:08:39	27.35	0.01	12	32820	买盘
14:08:24	27.34	-0.01	5	13670	卖盘
14:08:19	27.35	--	74	202390	卖盘
14:08:14	27.35	0.01	1	2735	卖盘
14:08:09	27.34	-0.01	5	13670	卖盘
14:08:03	27.35	0.01	27	73845	买盘
14:07:54	27.34	-0.01	5	13670	卖盘
14:07:48	27.35	--	1	2735	中性盘
14:07:39	27.35	-0.01	2	5470	卖盘
14:07:33	27.36	0.02	6	16416	买盘
14:07:29	27.34	--	0	0	卖盘
14:07:18	27.34	-0.02	4	10936	中性盘
14:07:09	27.36	0.03	54	147744	买盘
14:07:03	27.33	-0.01	7	19131	卖盘
14:06:59	27.34	0.01	2	5468	买盘
14:06:48	27.33	-0.01	2	5466	卖盘
14:06:44	27.34	--	3	8202	买盘
14:06:33	27.34	-0.01	44	120296	卖盘
14:06:29	27.35	0.01	29	79315	买盘
14:06:18	27.34	--	42	114828	卖盘
14:06:09	27.34	--	7	19138	买盘
14:06:03	27.34	0.01	8	21872	买盘
14:05:59	27.33	-0.01	29	79257	卖盘
14:05:54	27.34	0.02	12	32808	买盘
14:05:48	27.32	-0.01	58	158456	卖盘
14:05:39	27.33	--	8	22683	买盘
14:05:24	27.33	0.01	39	106587	买盘
14:05:18	27.32	--	50	136600	买盘
14:05:09	27.32	-0.02	43	117476	卖盘
14:05:03	27.34	-0.01	22	60148	卖盘
14:04:59	27.35	0.03	3	8205	买盘
14:04:48	27.32	--	0	0	卖盘
14:04:44	27.32	-0.02	50	136600	卖盘
14:04:39	27.34	0.01	9	24606	买盘
14:04:33	27.33	--	0	0	中性盘
14:04:29	27.33	--	0	0	买盘
14:04:18	27.33	--	9	24597	卖盘
14:04:14	27.33	-0.01	8	21864	卖盘
14:04:03	27.34	--	50	136700	卖盘
14:03:59	27.34	--	5	13670	卖盘
14:03:54	27.34	-0.01	45	123030	卖盘
14:03:44	27.35	0.01	5	13675	中性盘
14:03:39	27.34	-0.01	102	278868	卖盘
14:03:33	27.35	-0.01	53	144955	卖盘
14:03:29	27.36	--	18	49248	买盘
14:03:14	27.36	-0.01	58	158688	卖盘
14:03:03	27.37	--	25	68425	买盘
14:02:54	27.37	--	5	13685	买盘
14:02:48	27.37	--	116	317492	卖盘
14:02:44	27.37	-0.02	27	73899	卖盘
14:02:39	27.39	0.01	5	13695	买盘
14:02:33	27.38	--	7	19166	卖盘
14:02:29	27.38	--	1	2738	卖盘
14:02:24	27.38	--	5	13690	买盘
14:02:18	27.38	0.01	2	5476	卖盘
14:02:14	27.37	-0.01	42	114954	卖盘
14:02:09	27.38	--	2	5476	买盘
14:01:59	27.38	-0.01	5	13690	买盘
14:01:53	27.39	--	5	13695	买盘
14:01:48	27.39	--	60	164340	卖盘
14:01:44	27.39	--	25	68475	卖盘
14:01:39	27.39	--	14	38346	买盘
14:01:33	27.39	0.01	1	2739	买盘
14:01:23	27.38	--	0	0	中性盘
14:01:18	27.38	--	35	95830	买盘
14:01:08	27.38	0.01	93	254634	买盘
14:01:03	27.37	-0.01	12	32844	卖盘
14:00:57	27.38	0.01	3	8214	买盘
14:00:48	27.37	--	0	0	卖盘
14:00:38	27.37	-0.03	140	383180	卖盘
14:00:33	27.4	0.02	3	8220	买盘
14:00:27	27.38	0.01	15	41070	中性盘
14:00:23	27.37	-0.02	38	104006	卖盘
14:00:18	27.39	--	2	5478	买盘
14:00:12	27.39	0.01	22	60258	买盘
14:00:08	27.38	-0.02	39	106782	卖盘
14:00:03	27.4	0.01	17	46580	买盘
13:59:57	27.39	0.01	46	125994	买盘
13:59:48	27.38	--	30	82140	卖盘
13:59:42	27.38	--	1	2738	买盘
13:59:38	27.38	--	21	57498	买盘
13:59:33	27.38	--	0	0	买盘
13:59:27	27.38	-0.02	39	106782	中性盘
13:59:23	27.4	0.01	102	279480	买盘
13:59:18	27.39	--	10	27390	卖盘
13:59:12	27.39	--	7	19173	卖盘
13:59:08	27.39	0.02	39	106821	买盘
13:59:03	27.37	-0.01	59	161483	卖盘
13:58:57	27.38	0.01	38	104044	买盘
13:58:53	27.37	--	4	10948	卖盘
13:58:42	27.37	-0.01	12	32844	卖盘
13:58:38	27.38	--	2	5476	中性盘
13:58:33	27.38	-0.01	10	27380	卖盘
13:58:27	27.39	-0.01	13	35607	卖盘
13:58:18	27.4	0.02	53	145220	买盘
13:58:08	27.38	-0.02	100	273800	卖盘
13:58:03	27.4	--	5	13700	卖盘
13:57:57	27.4	0.01	40	109600	卖盘
13:57:48	27.39	-0.01	30	82170	卖盘
13:57:42	27.4	--	28	76720	买盘
13:57:33	27.4	-0.01	71	194540	卖盘
13:57:23	27.41	--	5	13705	买盘
13:57:18	27.41	--	1	2741	卖盘
13:57:12	27.41	--	2	5482	买盘
13:57:08	27.41	--	8	21928	卖盘
13:57:03	27.41	--	2	5482	卖盘
13:56:57	27.41	--	10	27410	买盘
13:56:53	27.41	--	23	63043	买盘
13:56:48	27.41	--	3	8223	买盘
13:56:38	27.41	--	43	117863	买盘
13:56:33	27.41	--	3	8223	买盘
13:56:23	27.41	--	42	115122	卖盘
13:56:18	27.41	--	109	298769	卖盘
13:56:08	27.41	--	32	87712	卖盘
13:55:57	27.41	-0.01	2	5482	卖盘
13:55:53	27.42	0.01	12	32904	买盘
13:55:48	27.41	0.01	8	21928	卖盘
13:55:38	27.4	-0.01	36	98640	卖盘
13:55:33	27.41	-0.02	1	2741	中性盘
13:55:27	27.43	0.02	12	32916	买盘
13:55:23	27.41	-0.02	1	2741	中性盘
13:55:18	27.43	--	15	41145	买盘
13:55:12	27.43	0.02	5	13715	买盘
13:55:08	27.41	-0.02	5	13705	卖盘
13:55:03	27.43	--	7	19201	买盘
13:54:53	27.43	-0.01	36	98748	中性盘
13:54:47	27.44	0.04	1	2744	买盘
13:54:42	27.4	-0.04	146	400040	卖盘
13:54:36	27.44	0.01	2	5488	买盘
13:54:33	27.43	-0.01	6	16458	卖盘
13:54:27	27.44	0.01	83	227752	买盘
13:54:21	27.43	-0.01	60	164580	卖盘
13:54:17	27.44	--	32	87808	买盘
13:54:12	27.44	--	235	644840	买盘
13:54:06	27.44	0.01	88	241472	中性盘
13:54:02	27.43	-0.01	14	38402	卖盘
13:53:57	27.44	-0.01	5	13720	中性盘
13:53:51	27.45	0.01	114	312930	买盘
13:53:47	27.44	--	7	19208	买盘
13:53:42	27.44	-0.01	119	326536	卖盘
13:53:36	27.45	0.01	10	27450	买盘
13:53:32	27.44	--	56	153664	卖盘
13:53:27	27.44	0.05	103	282632	买盘
13:53:21	27.39	--	8	21912	卖盘
13:53:17	27.39	-0.01	5	13695	卖盘
13:53:12	27.4	0.01	9	24660	买盘
13:53:06	27.39	--	52	142428	买盘
13:53:02	27.39	--	67	183513	买盘
13:52:57	27.39	--	10	27390	买盘
13:52:51	27.39	--	0	0	买盘
13:52:47	27.39	0.01	10	27390	买盘
13:52:42	27.38	0.01	80	219040	买盘
13:52:36	27.37	--	87	238119	买盘
13:52:32	27.37	--	18	49266	买盘
13:52:27	27.37	0.01	46	125902	买盘
13:52:21	27.36	-0.01	18	49248	卖盘
13:52:17	27.37	0.01	4	10948	买盘
13:52:12	27.36	0.01	64	175104	买盘
13:52:06	27.35	0.01	20	54700	买盘
13:52:02	27.34	0.04	28	76552	买盘
13:51:57	27.3	--	8	21840	卖盘
13:51:51	27.3	--	136	371280	买盘
13:51:42	27.3	0.02	50	136500	买盘
13:51:36	27.28	0.01	11	30035	买盘
13:51:32	27.27	--	28	76356	卖盘
13:51:27	27.27	--	109	297243	买盘
13:51:21	27.27	0.01	45	122715	买盘
13:51:12	27.26	--	41	111766	买盘
13:51:06	27.26	0.02	5	13630	买盘
13:51:02	27.24	--	25	68100	卖盘
13:50:57	27.24	--	90	245160	卖盘
13:50:51	27.24	-0.01	13	35412	卖盘
13:50:47	27.25	-0.01	20	54500	卖盘
13:50:42	27.26	0.02	29	79054	买盘
13:50:32	27.24	-0.02	22	59928	中性盘
13:50:27	27.26	0.02	29	79054	买盘
13:50:21	27.24	--	7	19068	买盘
13:50:17	27.24	0.02	3	8171	中性盘
13:50:12	27.22	-0.04	10	27220	卖盘
13:50:06	27.26	0.04	1	2726	买盘
13:50:02	27.22	-0.04	246	669612	卖盘
13:49:57	27.26	--	17	46342	买盘
13:49:51	27.26	--	27	73602	买盘
13:49:47	27.26	0.01	33	89958	买盘
13:49:42	27.25	--	12	32700	卖盘
13:49:36	27.25	-0.01	77	209825	卖盘
13:49:32	27.26	--	58	158108	买盘
13:49:27	27.26	--	10	27260	买盘
13:49:21	27.26	--	17	46342	买盘
13:49:17	27.26	-0.02	19	51794	卖盘
13:49:06	27.28	0.01	149	406472	买盘
13:48:51	27.27	-0.01	162	444473	卖盘
13:48:45	27.28	--	21	57288	卖盘
13:48:42	27.28	--	1	2728	卖盘
13:48:36	27.28	0.03	117	319203	买盘
13:48:30	27.25	--	36	98100	卖盘
13:48:26	27.25	-0.02	27	73575	卖盘
13:48:21	27.27	0.02	51	139077	买盘
13:48:15	27.25	--	17	46325	卖盘
13:48:12	27.25	-0.01	105	286125	卖盘
13:48:06	27.26	--	4	10904	卖盘
13:48:00	27.26	--	17	46342	买盘
13:47:57	27.26	0.01	4	10904	买盘
13:47:51	27.25	-0.02	68	185300	卖盘
13:47:45	27.27	--	9	24543	买盘
13:47:36	27.27	--	11	29997	买盘
13:47:30	27.27	--	38	106325	卖盘
13:47:26	27.27	--	62	169074	卖盘
13:47:21	27.27	-0.01	10	27270	卖盘
13:47:15	27.28	--	5	13640	买盘
13:47:11	27.28	--	10	27280	买盘
13:47:06	27.28	0.01	2	5456	买盘
13:47:00	27.27	-0.01	62	169074	卖盘
13:46:56	27.28	--	4	10912	买盘
13:46:51	27.28	--	20	54560	买盘
13:46:45	27.28	-0.01	101	275528	卖盘
13:46:41	27.29	0.01	12	32748	买盘
13:46:36	27.28	--	8	21824	卖盘
13:46:30	27.28	-0.01	8	21824	卖盘
13:46:26	27.29	--	18	49122	买盘
13:46:21	27.29	--	10	27290	买盘
13:46:15	27.29	--	29	79141	卖盘
13:46:11	27.29	--	10	27290	卖盘
13:46:06	27.29	-0.01	39	106431	卖盘
13:45:56	27.3	--	14	38220	买盘
13:45:51	27.3	-0.01	39	106470	卖盘
13:45:45	27.31	0.01	27	73737	买盘
13:45:41	27.3	--	27	73710	卖盘
13:45:36	27.3	-0.01	24	65520	卖盘
13:45:30	27.31	0.01	3	8193	买盘
13:45:21	27.3	-0.01	33	90090	卖盘
13:45:15	27.31	--	56	152936	买盘
13:45:06	27.31	--	64	174784	买盘
13:45:00	27.31	--	5	13655	买盘
13:44:56	27.31	--	2	5462	买盘
13:44:45	27.31	-0.01	40	109240	卖盘
13:44:41	27.32	--	0	0	买盘
13:44:36	27.32	0.01	21	57372	买盘
13:44:26	27.31	--	1	2731	买盘
13:44:21	27.31	--	83	226673	买盘
13:44:15	27.31	--	12	32772	买盘
13:44:11	27.31	-0.05	217	592627	卖盘
13:44:00	27.36	0.04	18	49248	买盘
13:43:51	27.32	0.01	5	13660	卖盘
13:43:41	27.31	--	0	0	卖盘
13:43:36	27.31	-0.05	1	2731	卖盘
13:43:26	27.36	--	1	2736	买盘
13:43:21	27.36	0.05	6	16416	买盘
13:43:11	27.31	--	3	8193	卖盘
13:43:06	27.31	--	15	40965	买盘
13:43:00	27.31	--	52	142012	买盘
13:42:56	27.31	0.01	7	19117	买盘
13:42:51	27.3	--	64	174720	卖盘
13:42:45	27.3	--	0	0	卖盘
13:42:30	27.3	-0.01	73	199290	卖盘
13:42:26	27.31	--	0	0	卖盘
13:42:15	27.31	-0.01	19	51889	卖盘
13:42:11	27.32	--	22	60104	卖盘
13:41:54	27.32	-0.04	7	19124	卖盘
13:41:51	27.36	--	9	24624	卖盘
13:41:45	27.36	0.05	50	136800	买盘
13:41:41	27.31	-0.01	10	27310	卖盘
13:41:30	27.32	--	0	0	买盘
13:41:24	27.32	-0.03	2	5464	卖盘
13:41:15	27.35	0.03	52	142220	买盘
13:41:09	27.32	--	12	32784	卖盘
13:40:50	27.32	0.02	95	259540	买盘
13:40:39	27.3	--	69	188370	卖盘
13:40:30	27.3	--	3	8190	卖盘
13:40:24	27.3	0.01	41	111930	买盘
13:40:20	27.29	0.01	5	13645	买盘
13:40:15	27.28	--	58	158224	卖盘
13:40:09	27.28	-0.01	70	190960	卖盘
13:40:05	27.29	--	3	8187	买盘
13:40:00	27.29	--	6	16374	买盘
13:39:54	27.29	-0.01	42	114618	卖盘
13:39:50	27.3	0.01	1	2730	中性盘
13:39:45	27.29	-0.01	21	57309	卖盘
13:39:39	27.3	0.01	58	158340	买盘
13:39:35	27.29	--	20	54580	卖盘
13:39:30	27.29	-0.01	13	35477	卖盘
13:39:24	27.3	--	15	40950	买盘
13:39:20	27.3	0.01	5	13650	买盘
13:39:15	27.29	-0.01	22	60038	卖盘
13:39:09	27.3	--	9	24570	买盘
13:39:05	27.3	0.01	15	40950	买盘
13:39:00	27.29	-0.01	34	92786	卖盘
13:38:54	27.3	--	1	2730	买盘
13:38:50	27.3	-0.01	370	1010100	卖盘
13:38:45	27.31	--	6	16386	卖盘
13:38:39	27.31	--	3	8193	卖盘
13:38:35	27.31	--	15	40965	买盘
13:38:30	27.31	0.01	12	32772	买盘
13:38:24	27.3	-0.01	13	35490	卖盘
13:38:20	27.31	--	7	19117	买盘
13:38:15	27.31	--	48	131088	卖盘
13:38:09	27.31	--	14	38234	卖盘
13:38:00	27.31	--	10	27310	卖盘
13:37:54	27.31	--	114	311334	卖盘
13:37:50	27.31	--	6	16386	卖盘
13:37:45	27.31	-0.01	90	245790	卖盘
13:37:39	27.32	--	10	27320	买盘
13:37:30	27.32	0.01	13	35516	买盘
13:37:24	27.31	-0.01	45	122895	卖盘
13:37:15	27.32	-0.01	47	128404	卖盘
13:37:09	27.33	0.01	42	114786	买盘
13:37:00	27.32	-0.01	10	27320	卖盘
13:36:54	27.33	--	26	71058	买盘
13:36:45	27.33	-0.01	38	103854	卖盘
13:36:30	27.34	--	3	8202	卖盘
13:36:24	27.34	0.01	1	2734	买盘
13:36:20	27.33	--	47	128450	卖盘
13:36:05	27.33	--	58	158514	买盘
13:35:50	27.33	-0.02	3	8199	卖盘
13:35:45	27.35	--	1	2735	买盘
13:35:39	27.35	0.01	12	32820	买盘
13:35:35	27.34	-0.01	8	21872	卖盘
13:35:24	27.35	--	2	5470	买盘
13:35:20	27.35	--	34	92990	卖盘
13:35:15	27.35	--	20	54700	卖盘
13:35:09	27.35	--	112	306320	卖盘
13:35:03	27.35	0.01	149	407515	买盘
13:35:00	27.34	0.04	5	13670	买盘
13:34:49	27.3	-0.03	364	993720	卖盘
13:34:44	27.33	--	14	38262	卖盘
13:34:39	27.33	-0.02	23	62858	卖盘
13:34:24	27.35	--	0	0	买盘
13:34:18	27.35	0.01	77	210595	买盘
13:34:14	27.34	-0.01	6	16404	卖盘
13:34:09	27.35	0.01	4	10940	买盘
13:34:03	27.34	-0.01	1	2734	卖盘
13:33:54	27.35	--	4	10940	买盘
13:33:48	27.35	-0.01	5	13675	卖盘
13:33:44	27.36	0.01	48	131328	买盘
13:33:39	27.35	-0.01	42	114870	卖盘
13:33:33	27.36	--	87	238032	买盘
13:33:29	27.36	0.01	11	30096	买盘
13:33:24	27.35	-0.01	32	87520	卖盘
13:33:18	27.36	--	7	19152	买盘
13:33:14	27.36	--	10	27360	买盘
13:33:09	27.36	--	4	10944	卖盘
13:33:03	27.36	-0.01	11	30096	卖盘
13:32:59	27.37	0.01	18	49266	买盘
13:32:54	27.36	-0.01	4	10944	卖盘
13:32:48	27.37	0.01	3	8211	中性盘
13:32:44	27.36	-0.02	25	68400	卖盘
13:32:39	27.38	-0.01	46	125948	卖盘
13:32:33	27.39	--	21	57519	买盘
13:32:29	27.39	0.01	3	8217	买盘
13:32:24	27.38	--	11	30118	卖盘
13:32:18	27.38	--	5	13690	卖盘
13:32:09	27.38	0.01	38	104044	买盘
13:32:03	27.37	-0.01	17	46529	卖盘
13:31:59	27.38	--	6	16428	卖盘
13:31:54	27.38	-0.01	3	8214	卖盘
13:31:48	27.39	--	0	0	买盘
13:31:44	27.39	0.01	56	153384	买盘
13:31:39	27.38	--	6	16428	买盘
13:31:33	27.38	--	17	46546	卖盘
13:31:09	27.38	--	5	13690	卖盘
13:31:03	27.38	-0.01	2	5476	卖盘
13:30:54	27.39	--	40	109560	买盘
13:30:48	27.39	-0.01	7	19173	卖盘
13:30:44	27.4	0.01	10	27400	买盘
13:30:39	27.39	-0.01	5	13695	卖盘
13:30:24	27.4	--	0	0	买盘
13:30:18	27.4	0.03	8	21920	买盘
13:30:09	27.37	--	29	79373	卖盘
13:30:03	27.37	--	2	5474	卖盘
13:29:59	27.37	0.02	41	112217	买盘
13:29:54	27.35	--	10	27350	卖盘
13:29:48	27.35	--	18	49230	卖盘
13:29:44	27.35	--	1	2735	卖盘
13:29:39	27.35	--	4	10940	卖盘
13:29:29	27.35	0.01	77	210595	买盘
13:29:18	27.34	-0.01	42	114828	中性盘
13:29:14	27.35	0.01	120	328200	买盘
13:29:09	27.34	-0.01	13	35542	卖盘
13:29:03	27.35	--	14	38290	买盘
13:28:59	27.35	--	13	35555	买盘
13:28:54	27.35	-0.03	393	1074855	卖盘
13:28:48	27.38	-0.01	10	27380	卖盘
13:28:44	27.39	--	5	13695	买盘
13:28:39	27.39	0.01	29	79431	中性盘
13:28:33	27.38	-0.02	25	68450	卖盘
13:28:24	27.4	--	2	5480	买盘
13:28:13	27.4	--	21	57540	买盘
13:28:09	27.4	--	41	112340	买盘
13:28:03	27.4	--	42	115080	买盘
13:27:57	27.4	-0.01	99	271260	卖盘
13:27:54	27.41	-0.02	5	13705	卖盘
13:27:48	27.43	--	1	2743	买盘
13:27:42	27.43	0.02	25	68575	买盘
13:27:39	27.41	--	5	13705	卖盘
13:27:33	27.41	--	25	68525	卖盘
13:27:27	27.41	-0.02	24	65784	卖盘
13:27:12	27.43	--	42	115206	买盘
13:27:08	27.43	0.02	1	2743	买盘
13:27:03	27.41	-0.02	49	134309	卖盘
13:26:57	27.43	--	9	24687	买盘
13:26:48	27.43	--	36	98748	买盘
13:26:38	27.43	0.01	5	13715	买盘
13:26:33	27.42	-0.01	1	2742	卖盘
13:26:27	27.43	0.01	3	8229	买盘
13:26:23	27.42	-0.01	1	2742	中性盘
13:26:08	27.43	0.02	20	54860	买盘
13:26:03	27.41	--	22	60302	卖盘
13:25:57	27.41	0.01	2	5482	中性盘
13:25:42	27.4	--	17	46580	卖盘
13:25:38	27.4	--	8	21920	卖盘
13:25:33	27.4	--	36	98640	卖盘
13:25:23	27.4	--	0	0	卖盘
13:25:18	27.4	-0.03	1	2740	卖盘
13:25:03	27.43	--	38	104234	卖盘
13:24:57	27.43	--	5	13715	卖盘
13:24:48	27.43	0.02	59	161837	买盘
13:24:33	27.41	-0.02	14	38374	卖盘
13:24:27	27.43	--	1	2743	买盘
13:24:23	27.43	--	1	2743	买盘
13:24:12	27.43	--	10	27430	买盘
13:24:03	27.43	--	7	19201	卖盘
13:23:57	27.43	-0.01	4	10972	卖盘
13:23:48	27.44	--	0	0	中性盘
13:23:42	27.44	0.01	10	27440	卖盘
13:23:38	27.43	--	10	27430	卖盘
13:23:33	27.43	-0.02	22	60346	卖盘
13:23:27	27.45	0.02	16	43920	买盘
13:23:08	27.43	-0.02	30	82290	卖盘
13:23:03	27.45	0.01	120	329400	买盘
13:22:53	27.44	--	10	27440	买盘
13:22:48	27.44	--	5	13720	卖盘
13:22:38	27.44	--	8	21952	卖盘
13:22:23	27.44	-0.01	9	24696	卖盘
13:22:18	27.45	--	2	5490	卖盘
13:22:12	27.45	0.02	7	19215	买盘
13:22:03	27.43	--	0	0	卖盘
13:21:57	27.43	--	25	68575	卖盘
13:21:51	27.43	-0.01	13	35659	卖盘
13:21:42	27.44	0.01	6	16464	买盘
13:21:36	27.43	--	26	71318	卖盘
13:21:33	27.43	--	10	27430	卖盘
13:21:21	27.43	--	5	13715	卖盘
13:21:12	27.43	--	7	19201	卖盘
13:21:06	27.43	0.05	93	255099	买盘
13:21:03	27.38	-0.02	24	65712	卖盘
13:20:57	27.4	--	1	2740	卖盘
13:20:42	27.4	--	2	5480	卖盘
13:20:36	27.4	0.01	1	2740	中性盘
13:20:32	27.39	--	5	13695	卖盘
13:20:27	27.39	-0.01	21	57519	卖盘
13:20:21	27.4	--	4	10960	买盘
13:20:17	27.4	0.01	8	21920	中性盘
13:20:12	27.39	-0.03	15	41085	卖盘
13:20:06	27.42	0.02	6	16452	买盘
13:20:02	27.4	--	5	13700	买盘
13:19:57	27.4	--	53	145220	卖盘
13:19:51	27.4	-0.02	55	150700	卖盘
13:19:36	27.42	0.02	15	41130	卖盘
13:19:32	27.4	--	0	0	卖盘
13:19:27	27.4	-0.06	13	35620	卖盘
13:19:21	27.46	--	29	79634	买盘
13:19:12	27.46	--	56	153776	买盘
13:19:06	27.46	--	19	52174	买盘
13:19:02	27.46	-0.01	6	16476	卖盘
13:18:57	27.47	0.01	13	35711	买盘
13:18:51	27.46	-0.02	1	2746	卖盘
13:18:42	27.48	--	0	0	买盘
13:18:36	27.48	--	40	109920	买盘
13:18:27	27.48	--	11	30228	买盘
13:18:21	27.48	0.02	65	178620	买盘
13:18:17	27.46	-0.03	57	156851	卖盘
13:18:06	27.49	--	84	230916	买盘
13:17:57	27.49	0.01	24	65976	买盘
13:17:51	27.48	0.01	140	384720	买盘
13:17:47	27.47	0.01	2	5494	卖盘
13:17:42	27.46	--	5	13730	卖盘
13:17:36	27.46	0.01	27	76558	买盘
13:17:27	27.45	-0.01	17	46665	卖盘
13:17:12	27.46	-0.02	64	176073	卖盘
13:17:06	27.48	0.01	176	486066	买盘
13:17:02	27.47	--	2	5494	买盘
13:16:57	27.47	--	41	112627	卖盘
13:16:51	27.47	--	47	129109	卖盘
13:16:47	27.47	-0.01	11	30217	卖盘
13:16:42	27.48	--	0	0	买盘
13:16:36	27.48	--	61	167628	买盘
13:16:32	27.48	--	26	71448	买盘
13:16:21	27.48	--	56	153888	卖盘
13:16:17	27.48	-0.01	4	10992	卖盘
13:16:12	27.49	0.01	8	21992	中性盘
13:16:06	27.48	--	93	255564	卖盘
13:16:02	27.48	--	27	74196	卖盘
13:15:57	27.48	--	1	2748	卖盘
13:15:51	27.48	--	21	57708	买盘
13:15:47	27.48	0.01	52	142896	买盘
13:15:36	27.47	-0.01	20	54940	卖盘
13:15:30	27.48	--	3	8244	买盘
13:15:27	27.48	0.02	97	266556	买盘
13:15:21	27.46	0.01	5	13730	卖盘
13:15:16	27.45	--	1	2745	卖盘
13:15:12	27.45	--	5	13725	卖盘
13:15:02	27.45	0.05	58	159210	买盘
13:14:56	27.4	--	10	27400	卖盘
13:14:51	27.4	-0.02	39	106860	卖盘
13:14:45	27.42	0.02	6	16452	买盘
13:14:36	27.4	--	3	8220	卖盘
13:14:26	27.4	0.01	2	5480	卖盘
13:14:21	27.39	-0.01	30	82170	卖盘
13:14:15	27.4	--	41	112340	买盘
13:14:11	27.4	--	123	337020	买盘
13:14:06	27.4	--	1	2740	买盘
13:14:00	27.4	0.01	15	41100	买盘
13:13:51	27.39	--	46	125994	买盘
13:13:45	27.39	0.02	10	27390	买盘
13:13:41	27.37	--	6	16422	卖盘
13:13:36	27.37	0.02	20	54740	卖盘
13:13:30	27.35	--	13	35555	卖盘
13:13:21	27.35	--	8	21880	卖盘
13:13:15	27.35	0.01	11	30085	买盘
13:13:06	27.34	--	3	8202	买盘
13:13:00	27.34	--	10	27340	买盘
13:12:56	27.34	0.01	24	65616	买盘
13:12:51	27.33	--	6	16398	卖盘
13:12:36	27.33	0.01	13	35529	卖盘
13:12:30	27.32	0.01	4	10928	卖盘
13:12:26	27.31	--	0	0	卖盘
13:12:21	27.31	-0.02	1	2731	卖盘
13:12:06	27.33	0.02	10	27330	买盘
13:11:51	27.31	-0.02	5	13655	卖盘
13:11:45	27.33	--	51	139383	买盘
13:11:41	27.33	--	0	0	买盘
13:11:36	27.33	0.01	10	27330	买盘
13:11:30	27.32	-0.01	2	5464	买盘
13:11:26	27.33	--	0	0	买盘
13:11:15	27.33	--	8	21864	卖盘
13:11:06	27.33	--	3	8199	买盘
13:11:00	27.33	0.01	9	24597	买盘
13:10:45	27.32	--	14	38248	卖盘
13:10:30	27.32	0.01	1	2732	卖盘
13:10:26	27.31	--	14	38234	卖盘
13:10:21	27.31	--	1	2731	卖盘
13:10:15	27.31	0.01	26	71006	卖盘
13:09:45	27.3	-0.01	6	16380	卖盘
13:09:36	27.31	0.01	10	27310	买盘
13:09:21	27.3	-0.03	50	136500	卖盘
13:09:15	27.33	0.02	10	27330	卖盘
13:09:06	27.31	--	16	43696	卖盘
13:09:00	27.31	0.01	10	27310	中性盘
13:08:56	27.3	-0.01	74	202020	卖盘
13:08:45	27.31	--	3	8193	卖盘
13:08:21	27.31	-0.02	4	10924	卖盘
13:08:15	27.33	--	11	30062	卖盘
13:08:09	27.33	0.02	42	114786	买盘
13:08:00	27.31	--	31	84661	卖盘
13:07:54	27.31	--	13	35503	卖盘
13:07:50	27.31	--	3	8193	卖盘
13:07:45	27.31	--	15	40965	卖盘
13:07:35	27.31	--	1	2731	卖盘
13:07:30	27.31	-0.01	16	43696	卖盘
13:07:24	27.32	0.01	9	24588	买盘
13:07:20	27.31	--	9	24579	买盘
13:07:15	27.31	--	53	144743	卖盘
13:07:09	27.31	--	1	2731	卖盘
13:07:00	27.31	--	45	122895	卖盘
13:06:54	27.31	0.01	7	19117	买盘
13:06:45	27.3	-0.02	32	87360	卖盘
13:06:30	27.32	0.01	7	19124	买盘
13:06:24	27.31	-0.01	8	21848	卖盘
13:06:20	27.32	0.01	3	8196	买盘
13:06:15	27.31	-0.01	19	51889	卖盘
13:06:09	27.32	--	5	13660	买盘
13:06:00	27.32	--	4	10928	买盘
13:05:50	27.32	0.01	4	10928	买盘
13:05:45	27.31	--	7	19117	卖盘
13:05:39	27.31	-0.01	18	49158	卖盘
13:05:09	27.32	--	7	19124	卖盘
13:04:50	27.32	--	10	27320	卖盘
13:04:45	27.32	--	5	13660	卖盘
13:04:39	27.32	--	21	57372	卖盘
13:04:30	27.32	-0.01	10	27320	卖盘
13:04:24	27.33	--	3	8199	买盘
13:04:09	27.33	-0.01	11	30062	卖盘
13:04:00	27.34	--	4	10936	买盘
13:03:54	27.34	-0.01	7	19138	卖盘
13:03:45	27.35	--	6	16410	买盘
13:03:39	27.35	--	4	10940	买盘
13:03:15	27.35	-0.01	1	2735	买盘
13:03:09	27.36	--	0	0	买盘
13:03:05	27.36	--	73	199728	买盘
13:02:50	27.36	--	4	10944	买盘
13:02:39	27.36	--	7	19152	买盘
13:02:35	27.36	-0.02	11	30096	卖盘
13:02:30	27.38	--	0	0	买盘
13:02:20	27.38	--	4	10952	买盘
13:02:15	27.38	--	0	0	买盘
13:02:09	27.38	0.01	39	106782	买盘
13:02:05	27.37	-0.01	15	41055	卖盘
13:02:00	27.38	0.01	7	19166	买盘
13:01:54	27.37	-0.01	5	13685	卖盘
13:01:48	27.38	0.01	15	41070	买盘
13:01:45	27.37	--	10	27370	卖盘
13:01:39	27.37	-0.01	48	131376	卖盘
13:01:30	27.38	--	15	41070	卖盘
13:01:18	27.38	-0.01	5	13690	卖盘
13:01:14	27.39	0.01	16	43824	买盘
13:01:09	27.38	--	12	32856	卖盘
13:00:59	27.38	-0.01	10	27380	卖盘
13:00:54	27.39	0.01	19	52041	买盘
13:00:48	27.38	--	20	54760	卖盘
13:00:44	27.38	-0.01	3	8214	卖盘
13:00:33	27.39	--	34	93126	买盘
13:00:18	27.39	--	10	27390	买盘
13:00:09	27.39	0.01	7	19173	买盘
13:00:03	27.38	0.01	188	514744	买盘
11:30:00	27.37	--	0	0	卖盘
11:30:00	27.37	--	0	0	卖盘
11:29:59	27.37	--	2	5474	买盘
11:29:51	27.37	--	48	131376	买盘
11:29:45	27.37	--	1	2737	买盘
11:29:36	27.37	0.01	16	43792	买盘
11:29:30	27.36	0.04	39	106704	买盘
11:29:26	27.32	--	0	0	卖盘
11:29:21	27.32	-0.02	61	166652	卖盘
11:29:11	27.34	0.02	5	13670	买盘
11:29:06	27.32	--	28	76496	卖盘
11:29:00	27.32	--	0	0	卖盘
11:28:51	27.32	-0.02	21	57372	卖盘
11:28:41	27.34	0.02	25	68350	买盘
11:28:36	27.32	-0.02	4	10928	卖盘
11:28:21	27.34	0.02	119	325346	买盘
11:28:15	27.32	-0.02	14	38248	卖盘
11:28:11	27.34	0.02	18	49212	买盘
11:28:06	27.32	--	42	114744	买盘
11:28:00	27.32	-0.02	73	199436	卖盘
11:27:56	27.34	0.02	5	13670	买盘
11:27:51	27.32	-0.02	5	13660	卖盘
11:27:45	27.34	--	11	30074	买盘
11:27:36	27.34	-0.02	76	207784	卖盘
11:27:30	27.36	0.02	1	2736	买盘
11:27:21	27.34	-0.02	35	95690	卖盘
11:27:15	27.36	--	17	46512	买盘
11:27:11	27.36	0.02	1	2736	买盘
11:26:51	27.34	--	62	169508	买盘
11:26:45	27.34	0.03	80	218720	买盘
11:26:35	27.31	-0.01	44	120164	卖盘
11:26:30	27.32	--	1	2732	买盘
11:26:25	27.32	--	1	2732	买盘
11:26:20	27.32	-0.02	3	8196	买盘
11:26:11	27.34	--	38	103892	买盘
11:26:00	27.34	--	10	27340	买盘
11:25:55	27.34	0.02	7	19138	买盘
11:25:50	27.32	-0.01	10	27320	卖盘
11:25:45	27.33	0.01	16	43728	买盘
11:25:30	27.32	-0.01	1	2732	卖盘
11:25:25	27.33	0.03	9	24597	买盘
11:25:20	27.3	--	25	68250	卖盘
11:25:15	27.3	-0.02	4	10920	卖盘
11:25:10	27.32	--	3	8196	买盘
11:25:05	27.32	0.02	2	5464	买盘
11:24:54	27.3	--	5	13650	卖盘
11:24:50	27.3	--	4	10920	卖盘
11:24:39	27.3	0.01	13	35490	买盘
11:24:30	27.29	-0.01	7	19103	卖盘
11:24:24	27.3	0.01	10	27300	买盘
11:24:15	27.29	--	40	109160	卖盘
11:24:09	27.29	-0.01	6	16374	卖盘
11:24:00	27.3	0.01	20	54600	买盘
11:23:54	27.29	--	1	2729	买盘
11:23:39	27.29	-0.01	4	10916	卖盘
11:23:35	27.3	0.01	5	13650	买盘
11:23:30	27.29	0.01	18	49122	卖盘
11:23:20	27.28	-0.01	5	13640	卖盘
11:23:15	27.29	--	84	229236	买盘
11:23:09	27.29	--	3	8187	买盘
11:23:05	27.29	0.01	1	2729	买盘
11:22:54	27.28	-0.01	34	92752	卖盘
11:22:50	27.29	--	5	13645	卖盘
11:22:45	27.29	-0.01	27	73683	中性盘
11:22:39	27.3	0.01	25	68250	买盘
11:22:35	27.29	--	2	5458	买盘
11:22:30	27.29	-0.01	6	16374	卖盘
11:22:24	27.3	--	15	40950	买盘
11:22:15	27.3	--	2	5460	买盘
11:22:09	27.3	-0.01	17	46410	卖盘
11:22:00	27.31	--	14	38234	买盘
11:21:54	27.31	0.01	6	16386	买盘
11:21:45	27.3	--	122	333060	卖盘
11:21:39	27.3	--	9	24570	卖盘
11:21:35	27.3	--	1	2730	卖盘
11:21:30	27.3	0.03	59	161070	买盘
11:21:24	27.27	-0.03	98	267273	卖盘
11:21:15	27.3	0.01	13	35490	买盘
11:21:09	27.29	-0.01	18	49122	卖盘
11:21:00	27.3	--	0	0	买盘
11:20:50	27.3	--	46	125580	买盘
11:20:45	27.3	--	41	111930	卖盘
11:20:39	27.3	0.01	39	106470	买盘
11:20:34	27.29	-0.01	3	8187	卖盘
11:20:30	27.3	--	8	21840	买盘
11:20:24	27.3	--	7	19110	买盘
11:20:15	27.3	-0.01	34	92820	卖盘
11:20:08	27.31	0.01	1	2731	买盘
11:20:00	27.3	--	40	109200	卖盘
11:19:54	27.3	0.01	21	57330	买盘
11:19:45	27.29	--	6	16374	卖盘
11:19:39	27.29	-0.01	26	70954	卖盘
11:19:24	27.3	0.01	5	13650	买盘
11:19:14	27.29	-0.01	2	5458	卖盘
11:19:09	27.3	--	11	30030	买盘
11:19:03	27.3	--	10	27300	卖盘
11:18:59	27.3	-0.01	36	98280	卖盘
11:18:54	27.31	0.01	19	51889	买盘
11:18:49	27.3	0.01	71	193830	买盘
11:18:39	27.29	-0.01	64	174656	卖盘
11:18:34	27.3	--	63	171990	买盘
11:18:18	27.3	--	26	70980	卖盘
11:18:14	27.3	--	1	2730	卖盘
11:18:09	27.3	-0.01	24	65520	卖盘
11:18:03	27.31	0.01	2	5462	买盘
11:17:59	27.3	-0.01	1	2730	卖盘
11:17:54	27.31	--	31	84661	卖盘
11:17:39	27.31	-0.01	8	21848	卖盘
11:17:24	27.32	-0.03	17	46444	卖盘
11:17:14	27.35	0.03	3	8205	买盘
11:17:09	27.32	--	10	27320	卖盘
11:17:03	27.32	--	4	10928	卖盘
11:16:54	27.32	-0.04	10	27320	卖盘
11:16:48	27.36	--	2	5472	买盘
11:16:44	27.36	0.04	10	27360	买盘
11:16:39	27.32	-0.05	5	13660	卖盘
11:16:33	27.37	0.02	18	49266	买盘
11:16:29	27.35	-0.01	10	27350	买盘
11:16:24	27.36	0.04	93	254448	中性盘
11:16:18	27.32	-0.04	111	303252	卖盘
11:16:09	27.36	-0.01	53	145008	卖盘
11:16:03	27.37	0.02	20	54740	买盘
11:15:54	27.35	--	6	16410	卖盘
11:15:48	27.35	--	64	175040	卖盘
11:15:39	27.35	-0.01	8	21880	卖盘
11:15:33	27.36	0.03	25	68400	买盘
11:15:29	27.33	-0.03	1	2733	卖盘
11:15:24	27.36	--	8	21888	买盘
11:15:18	27.36	0.04	35	95760	买盘
11:15:09	27.32	-0.05	25	68300	卖盘
11:15:03	27.37	0.07	1	2737	买盘
11:14:54	27.3	0.02	19	51870	买盘
11:14:47	27.28	0.02	5	13640	买盘
11:14:44	27.26	--	1	2726	卖盘
11:14:39	27.26	0.02	5	13630	中性盘
11:14:33	27.24	--	28	77879	买盘
11:14:29	27.24	--	6	16343	买盘
11:14:24	27.24	0.02	143	389532	买盘
11:14:18	27.22	-0.02	29	78938	卖盘
11:14:09	27.24	--	21	57204	买盘
11:14:03	27.24	--	50	136200	买盘
11:13:59	27.24	--	1	2724	买盘
11:13:54	27.24	--	50	136200	买盘
11:13:48	27.24	--	42	114408	买盘
11:13:44	27.24	0.01	6	16343	买盘
11:13:39	27.23	-0.01	22	59906	卖盘
11:13:33	27.24	--	5	13620	买盘
11:13:23	27.24	--	3	8171	买盘
11:13:18	27.24	-0.04	182	496884	卖盘
11:13:08	27.28	-0.01	30	81840	卖盘
11:13:02	27.29	-0.01	4	10916	卖盘
11:12:58	27.3	0.01	52	141960	买盘
11:12:53	27.29	--	1	2729	买盘
11:12:48	27.29	--	10	27290	买盘
11:12:43	27.29	--	21	57309	卖盘
11:12:38	27.29	-0.01	1	2729	卖盘
11:12:33	27.3	--	83	226590	买盘
11:12:28	27.3	-0.04	105	286650	卖盘
11:12:18	27.34	--	34	92956	买盘
11:12:13	27.34	-0.06	41	112094	买盘
11:12:08	27.4	0.06	252	690480	买盘
11:12:03	27.34	--	3	8202	卖盘
11:11:58	27.34	--	29	79286	买盘
11:11:48	27.34	0.04	5	13670	买盘
11:11:41	27.3	--	128	350286	买盘
11:11:38	27.3	0.01	74	202020	买盘
11:11:33	27.29	-0.01	37	100973	中性盘
11:11:27	27.3	0.01	54	147420	买盘
11:11:23	27.29	--	107	293613	买盘
11:11:18	27.29	--	84	229236	买盘
11:11:12	27.29	0.04	24	65496	买盘
11:11:08	27.25	-0.01	75	204375	卖盘
11:11:03	27.26	-0.03	8	21808	中性盘
11:10:57	27.29	0.03	301	821429	买盘
11:10:53	27.26	0.01	5	13630	买盘
11:10:48	27.25	0.01	105	286125	买盘
11:10:42	27.24	--	109	296916	买盘
11:10:38	27.24	0.05	31	84444	买盘
11:10:33	27.19	-0.01	262	712378	卖盘
11:10:27	27.2	0.01	64	174080	买盘
11:10:23	27.19	-0.01	25	67975	卖盘
11:10:18	27.2	0.02	203	552160	买盘
11:10:12	27.18	0.02	5	13590	中性盘
11:10:08	27.16	--	26	70616	卖盘
11:10:03	27.16	--	5	13580	卖盘
11:09:57	27.16	--	64	173824	买盘
11:09:53	27.16	0.01	1	2716	买盘
11:09:48	27.15	--	3	8172	买盘
11:09:42	27.15	0.01	118	323057	买盘
11:09:38	27.14	-0.01	34	92303	中性盘
11:09:33	27.15	0.01	42	114030	买盘
11:09:27	27.14	0.01	62	168268	买盘
11:09:23	27.13	0.01	1	2713	中性盘
11:09:18	27.12	-0.02	9	24408	卖盘
11:09:11	27.14	0.02	54	146556	买盘
11:09:08	27.12	0.01	24	65088	卖盘
11:09:03	27.11	--	40	108440	卖盘
11:08:57	27.11	-0.04	160	433760	卖盘
11:08:53	27.15	0.03	24	65160	买盘
11:08:48	27.12	0.01	3	8136	中性盘
11:08:42	27.11	--	2	5422	卖盘
11:08:33	27.11	--	151	409361	买盘
11:08:27	27.11	0.02	4	10844	中性盘
11:08:23	27.09	-0.01	47	127323	卖盘
11:08:18	27.1	--	29	78590	卖盘
11:08:12	27.1	0.01	168	455280	买盘
11:08:08	27.09	--	69	186921	卖盘
11:08:03	27.09	-0.01	86	232974	卖盘
11:07:57	27.1	--	373	1010830	买盘
11:07:53	27.1	-0.02	471	1276410	卖盘
11:07:48	27.12	0.02	156	423072	买盘
11:07:41	27.1	-0.01	88	238480	卖盘
11:07:38	27.11	-0.01	8	21688	卖盘
11:07:33	27.12	--	73	197976	买盘
11:07:27	27.12	-0.03	184	499008	卖盘
11:07:23	27.15	--	13	35295	卖盘
11:07:18	27.15	0.02	59	160185	买盘
11:07:12	27.13	-0.02	115	311995	卖盘
11:07:08	27.15	--	84	228060	卖盘
11:07:03	27.15	--	267	724905	卖盘
11:06:57	27.15	-0.04	190	515850	卖盘
11:06:52	27.19	--	138	375222	买盘
11:06:47	27.19	--	108	293652	买盘
11:06:42	27.19	--	6	16314	卖盘
11:06:33	27.19	-0.01	108	293652	卖盘
11:06:27	27.2	--	45	122400	卖盘
11:06:22	27.2	--	43	116960	卖盘
11:06:17	27.2	-0.01	10	27200	卖盘
11:06:12	27.21	--	6	19019	卖盘
11:06:07	27.21	-0.01	67	182307	卖盘
11:05:57	27.22	-0.03	16	43552	卖盘
11:05:52	27.25	0.03	2	5450	买盘
11:05:47	27.22	-0.03	33	89826	卖盘
11:05:41	27.25	0.01	6	16350	买盘
11:05:37	27.24	--	16	43584	买盘
11:05:32	27.24	-0.01	1	2724	买盘
11:05:22	27.25	-0.01	1	2725	买盘
11:05:11	27.26	--	2	5452	买盘
11:05:06	27.26	--	35	95410	买盘
11:04:57	27.26	--	29	79054	卖盘
11:04:51	27.26	--	5	13630	卖盘
11:04:47	27.26	-0.01	3	8178	卖盘
11:04:42	27.27	0.06	64	174528	买盘
11:04:36	27.21	-0.04	66	179586	卖盘
11:04:32	27.25	--	44	119927	买盘
11:04:27	27.25	--	7	19075	买盘
11:04:21	27.25	--	101	275225	买盘
11:04:17	27.25	--	10	27250	买盘
11:04:12	27.25	0.02	98	267050	买盘
11:04:06	27.23	-0.02	1	2723	卖盘
11:04:02	27.25	0.05	1	2725	买盘
11:03:56	27.2	--	0	0	卖盘
11:03:51	27.2	--	18	48960	卖盘
11:03:47	27.2	0.01	25	68000	买盘
11:03:42	27.19	-0.01	5	13595	卖盘
11:03:36	27.2	0.01	180	489600	买盘
11:03:32	27.19	-0.01	10	27190	卖盘
11:03:27	27.2	0.01	6	16320	买盘
11:03:20	27.19	--	19	51661	买盘
11:03:17	27.19	--	0	0	中性盘
11:03:12	27.19	0.01	2	5438	卖盘
11:03:06	27.18	-0.02	72	195696	卖盘
11:02:57	27.2	0.01	36	97920	买盘
11:02:51	27.19	--	44	119636	卖盘
11:02:42	27.19	-0.01	10	27190	卖盘
11:02:35	27.2	--	7	19040	买盘
11:02:32	27.2	--	18	48960	买盘
11:02:26	27.2	-0.02	285	775200	卖盘
11:02:21	27.22	--	28	76216	卖盘
11:02:17	27.22	-0.01	5	13610	卖盘
11:02:12	27.23	0.01	47	127981	买盘
11:02:06	27.22	-0.03	100	272200	卖盘
11:02:02	27.25	-0.01	42	114450	卖盘
11:01:51	27.26	0.01	1	2726	买盘
11:01:41	27.25	-0.01	3	8175	卖盘
11:01:36	27.26	0.01	9	24534	中性盘
11:01:32	27.25	-0.03	36	98100	卖盘
11:01:26	27.28	0.03	85	231880	买盘
11:01:21	27.25	-0.03	20	54500	卖盘
11:01:12	27.28	--	5	13640	买盘
11:01:06	27.28	--	123	335544	卖盘
11:01:02	27.28	-0.02	128	349184	卖盘
11:00:57	27.3	0.02	30	81900	买盘
11:00:50	27.28	--	20	54560	卖盘
11:00:47	27.28	--	14	38192	卖盘
11:00:35	27.28	0.05	121	330088	买盘
11:00:32	27.23	--	26	72785	卖盘
11:00:16	27.23	--	9	24507	买盘
11:00:11	27.23	--	82	223286	买盘
11:00:06	27.23	0.01	6	16338	买盘
10:59:57	27.22	0.02	60	163320	买盘
10:59:51	27.2	0.01	15	40800	中性盘
10:59:46	27.19	-0.01	28	76132	卖盘
10:59:42	27.2	0.01	25	68000	买盘
10:59:36	27.19	-0.01	49	133231	卖盘
10:59:31	27.2	--	19	51680	买盘
10:59:26	27.2	--	13	35360	买盘
10:59:21	27.2	--	19	51680	卖盘
10:59:16	27.2	0.03	19	51680	买盘
10:59:11	27.17	--	10	27170	卖盘
10:59:05	27.17	-0.03	1	2717	卖盘
10:59:01	27.2	0.03	166	451520	买盘
10:58:56	27.17	--	3	8151	买盘
10:58:51	27.17	--	50	135850	买盘
10:58:46	27.17	-0.01	40	108680	卖盘
10:58:41	27.18	0.01	102	277236	买盘
10:58:36	27.17	--	20	54340	卖盘
10:58:29	27.17	0.02	47	127699	买盘
10:58:26	27.15	-0.01	41	111315	卖盘
10:58:21	27.16	--	6	16296	买盘
10:58:14	27.16	--	60	162960	买盘
10:58:11	27.16	0.01	60	162960	买盘
10:58:06	27.15	-0.01	239	648885	卖盘
10:58:00	27.16	--	66	179256	卖盘
10:57:51	27.16	0.02	192	521472	买盘
10:57:45	27.14	0.02	46	124844	中性盘
10:57:41	27.12	-0.03	12	32544	卖盘
10:57:36	27.15	-0.01	102	276930	买盘
10:57:29	27.16	--	71	192836	买盘
10:57:26	27.16	--	24	65184	买盘
10:57:21	27.16	-0.01	23	62468	买盘
10:57:14	27.17	-0.01	153	415701	中性盘
10:57:11	27.18	--	89	241902	买盘
10:57:06	27.18	--	42	114156	买盘
10:57:00	27.18	-0.01	134	364212	卖盘
10:56:56	27.19	--	20	54380	买盘
10:56:51	27.19	-0.01	41	111479	卖盘
10:56:45	27.2	--	43	116960	买盘
10:56:41	27.2	-0.01	356	968320	卖盘
10:56:35	27.21	--	47	127887	卖盘
10:56:29	27.21	--	788	2144148	卖盘
10:56:26	27.21	0.01	17	46257	买盘
10:56:21	27.2	-0.01	528	1436160	卖盘
10:56:15	27.21	--	14	38094	卖盘
10:56:11	27.21	-0.02	74	201354	卖盘
10:56:05	27.23	--	30	81690	买盘
10:56:00	27.23	-0.01	404	1100092	卖盘
10:55:56	27.24	--	144	392256	买盘
10:55:50	27.24	-0.01	26	70824	卖盘
10:55:45	27.25	-0.02	374	1019885	卖盘
10:55:41	27.27	--	442	1205334	买盘
10:55:35	27.27	0.01	15	40905	买盘
10:55:30	27.26	-0.01	38	103588	卖盘
10:55:26	27.27	--	49	133623	卖盘
10:55:21	27.27	-0.01	39	106353	卖盘
10:55:15	27.28	--	65	177320	买盘
10:55:11	27.28	--	2	5456	买盘
10:55:06	27.28	--	12	32736	买盘
10:54:59	27.28	0.02	4	10912	买盘
10:54:56	27.26	-0.01	155	422530	卖盘
10:54:51	27.27	--	14	38178	买盘
10:54:44	27.27	-0.01	47	128169	卖盘
10:54:41	27.28	0.01	32	87296	买盘
10:54:36	27.27	-0.01	18	49086	卖盘
10:54:29	27.28	0.01	20	54560	买盘
10:54:26	27.27	-0.01	38	103626	卖盘
10:54:20	27.28	--	3	8184	卖盘
10:54:15	27.28	-0.01	7	19096	中性盘
10:54:10	27.29	0.01	22	60038	买盘
10:54:06	27.28	--	14	38192	买盘
10:53:59	27.28	-0.01	87	239272	卖盘
10:53:56	27.29	--	6	17219	卖盘
10:53:51	27.29	--	20	54580	卖盘
10:53:45	27.29	-0.01	54	147366	卖盘
10:53:35	27.3	--	39	106470	买盘
10:53:30	27.3	--	27	75593	买盘
10:53:25	27.3	--	4	12803	卖盘
10:53:20	27.3	-0.02	76	208326	卖盘
10:53:15	27.32	--	49	133868	买盘
10:53:06	27.32	-0.01	3	8196	买盘
10:53:00	27.33	--	229	625857	买盘
10:52:55	27.33	--	19	51927	买盘
10:52:44	27.33	--	11	30062	买盘
10:52:40	27.33	--	21	60098	买盘
10:52:35	27.33	0.01	25	68325	买盘
10:52:29	27.32	0.01	6	16392	卖盘
10:52:25	27.31	-0.01	244	666364	卖盘
10:52:20	27.32	--	3	8196	卖盘
10:52:15	27.32	0.01	5	13660	卖盘
10:52:09	27.31	-0.01	11	30041	卖盘
10:51:54	27.32	0.01	13	35516	中性盘
10:51:50	27.31	-0.02	50	136550	卖盘
10:51:45	27.33	-0.02	21	57393	买盘
10:51:35	27.35	--	0	0	买盘
10:51:29	27.35	--	1	2735	买盘
10:51:24	27.35	0.01	132	361020	买盘
10:51:20	27.34	--	14	38276	卖盘
10:51:15	27.34	--	44	120296	买盘
10:51:09	27.34	0.02	30	82020	买盘
10:51:05	27.32	0.01	7	19124	中性盘
10:51:00	27.31	-0.01	82	223942	卖盘
10:50:54	27.32	0.01	62	169411	买盘
10:50:50	27.31	-0.01	1	2731	卖盘
10:50:44	27.32	--	3	8196	买盘
10:50:39	27.32	--	10	27320	买盘
10:50:35	27.32	-0.02	20	57344	卖盘
10:50:30	27.34	0.03	36	98451	买盘
10:50:24	27.31	--	87	237597	卖盘
10:50:15	27.31	--	5	13655	卖盘
10:50:05	27.31	--	0	0	中性盘
10:49:59	27.31	--	3	8193	买盘
10:49:54	27.31	--	64	174784	买盘
10:49:44	27.31	--	13	35503	卖盘
10:49:39	27.31	-0.01	15	40965	卖盘
10:49:35	27.32	0.02	5	13660	买盘
10:49:24	27.3	-0.01	257	701610	卖盘
10:49:20	27.31	0.01	9	24579	卖盘
10:49:14	27.3	--	0	0	卖盘
10:49:09	27.3	--	102	278460	卖盘
10:49:05	27.3	--	15	40950	卖盘
10:49:00	27.3	-0.01	34	92820	卖盘
10:48:54	27.31	0.02	1	2731	买盘
10:48:50	27.29	-0.02	37	100973	卖盘
10:48:45	27.31	0.01	9	24579	买盘
10:48:39	27.3	--	4	10920	买盘
10:48:35	27.3	-0.01	64	174720	卖盘
10:48:29	27.31	--	2	5462	卖盘
10:48:24	27.31	0.01	9	24579	买盘
10:48:20	27.3	-0.01	20	54600	卖盘
10:48:15	27.31	--	4	10924	买盘
10:48:09	27.31	-0.01	6	16386	中性盘
10:48:05	27.32	--	14	38248	买盘
10:47:59	27.32	0.01	90	245880	买盘
10:47:50	27.31	0.01	1	2731	卖盘
10:47:38	27.3	-0.02	5	13650	买盘
10:47:35	27.32	0.02	400	1092800	买盘
10:47:29	27.3	-0.01	32	87360	中性盘
10:47:23	27.31	--	87	237597	买盘
10:47:19	27.31	0.01	74	202094	买盘
10:47:14	27.3	-0.01	33	90090	卖盘
10:47:09	27.31	0.01	30	81930	买盘
10:46:59	27.3	0.02	110	300300	买盘
10:46:54	27.28	--	14	38983	买盘
10:46:49	27.28	0.02	17	46376	买盘
10:46:44	27.26	--	72	196272	卖盘
10:46:39	27.26	-0.02	5	13630	卖盘
10:46:34	27.28	--	5	13640	买盘
10:46:29	27.28	0.02	5	13640	买盘
10:46:24	27.26	--	19	51794	卖盘
10:46:19	27.26	0.02	71	193546	买盘
10:46:14	27.24	-0.01	10	27240	卖盘
10:46:08	27.25	-0.01	104	284217	卖盘
10:46:04	27.26	0.02	12	33884	买盘
10:45:59	27.24	0.01	26	70824	卖盘
10:45:53	27.23	-0.02	121	329483	卖盘
10:45:48	27.25	-0.01	48	130800	中性盘
10:45:44	27.26	--	9	24534	买盘
10:45:38	27.26	0.01	80	219633	买盘
10:45:33	27.25	-0.02	151	411475	卖盘
10:45:29	27.27	0.01	28	76356	中性盘
10:45:23	27.26	--	3	9350	卖盘
10:45:17	27.26	-0.02	111	302586	卖盘
10:45:14	27.28	--	34	94688	卖盘
10:45:09	27.28	--	22	60016	卖盘
10:45:03	27.28	-0.01	44	120032	卖盘
10:44:59	27.29	--	69	189856	买盘
10:44:53	27.29	-0.01	190	518510	卖盘
10:44:48	27.3	--	1826	4986126	卖盘
10:44:44	27.3	--	129	352170	卖盘
10:44:39	27.3	-0.01	600	1638819	卖盘
10:44:33	27.31	-0.01	34	92854	卖盘
10:44:29	27.32	--	1	2732	买盘
10:44:23	27.32	--	32	87424	买盘
10:44:17	27.32	-0.02	709	1939692	卖盘
10:44:14	27.34	--	61	166774	卖盘
10:44:08	27.34	--	25	68350	卖盘
10:44:03	27.34	--	55	150370	卖盘
10:43:59	27.34	-0.01	3	8202	卖盘
10:43:54	27.35	-0.01	10	27350	中性盘
10:43:48	27.36	--	211	577296	买盘
10:43:44	27.36	--	10	27360	买盘
10:43:39	27.36	--	34	93024	买盘
10:43:33	27.36	0.01	6	16416	买盘
10:43:29	27.35	-0.02	29	79315	卖盘
10:43:18	27.37	--	184	503608	买盘
10:43:13	27.37	0.02	1	2737	买盘
10:43:08	27.35	-0.02	30	82050	卖盘
10:43:02	27.37	--	5	13685	买盘
10:42:59	27.37	--	1	2737	买盘
10:42:54	27.37	0.01	26	71162	买盘
10:42:47	27.36	-0.01	1	2736	卖盘
10:42:44	27.37	--	10	27370	买盘
10:42:38	27.37	--	37	101269	买盘
10:42:32	27.37	0.02	40	109480	买盘
10:42:29	27.35	-0.03	259	708365	卖盘
10:42:23	27.38	0.01	9	24642	买盘
10:42:17	27.37	-0.01	4	10948	卖盘
10:42:14	27.38	0.01	30	82140	买盘
10:42:08	27.37	0.01	2	5474	中性盘
10:42:03	27.36	--	11	30096	买盘
10:41:59	27.36	0.01	2	5472	中性盘
10:41:53	27.35	-0.01	50	136750	卖盘
10:41:47	27.36	0.01	351	961704	买盘
10:41:44	27.35	--	5	15589	买盘
10:41:38	27.35	--	55	150425	买盘
10:41:32	27.35	--	49	134015	买盘
10:41:29	27.35	--	11	30085	买盘
10:41:23	27.35	--	21	57435	买盘
10:41:18	27.35	--	75	205945	卖盘
10:41:14	27.35	--	5	13675	卖盘
10:41:08	27.35	--	278	760330	卖盘
10:41:02	27.35	--	11	30085	卖盘
10:40:58	27.35	--	13	35555	卖盘
10:40:53	27.35	--	15	41025	卖盘
10:40:47	27.35	--	17	46495	卖盘
10:40:43	27.35	--	2	5470	卖盘
10:40:38	27.35	--	0	1914	卖盘
10:40:32	27.35	--	24	65640	买盘
10:40:28	27.35	--	40	109400	买盘
10:40:23	27.35	--	11	30085	买盘
10:40:17	27.35	--	2	5470	买盘
10:40:13	27.35	--	109	298115	买盘
10:40:08	27.35	-0.01	92	251620	卖盘
10:40:02	27.36	--	30	82080	买盘
10:39:58	27.36	--	2	5472	买盘
10:39:53	27.36	--	36	98496	买盘
10:39:47	27.36	--	29	79344	买盘
10:39:43	27.36	--	18	49248	买盘
10:39:32	27.36	--	64	175104	买盘
10:39:28	27.36	--	25	68400	买盘
10:39:23	27.36	--	10	27360	买盘
10:39:17	27.36	--	86	235296	买盘
10:39:13	27.36	--	5	13680	买盘
10:39:08	27.36	--	7	19152	卖盘
10:39:02	27.36	-0.01	2	5472	卖盘
10:38:58	27.37	0.02	10	27370	买盘
10:38:47	27.35	-0.01	167	456745	卖盘
10:38:41	27.36	-0.01	9	24624	买盘
10:38:38	27.37	--	13	38263	买盘
10:38:32	27.37	--	7	19213	买盘
10:38:26	27.37	--	72	197118	买盘
10:38:23	27.37	--	4	10948	买盘
10:38:17	27.37	0.01	2	5474	买盘
10:38:11	27.36	-0.01	68	188729	卖盘
10:37:56	27.37	--	4	10948	卖盘
10:37:53	27.37	--	2	5474	卖盘
10:37:47	27.37	--	63	172431	买盘
10:37:41	27.37	--	12	32844	买盘
10:37:32	27.37	--	32	89691	卖盘
10:37:26	27.37	--	1	2737	卖盘
10:37:23	27.37	--	10	27999	买盘
10:37:17	27.37	--	15	41055	买盘
10:37:11	27.37	--	5	13685	买盘
10:37:07	27.37	0.01	6	16422	买盘
10:36:56	27.36	-0.01	19	51984	卖盘
10:36:53	27.37	0.01	2	5474	买盘
10:36:47	27.36	--	10	27360	卖盘
10:36:41	27.36	-0.01	33	90288	卖盘
10:36:38	27.37	-0.01	24	67795	卖盘
10:36:32	27.38	0.01	29	79402	买盘
10:36:26	27.37	-0.01	25	68425	卖盘
10:36:17	27.38	--	10	27380	买盘
10:36:11	27.38	-0.01	43	117734	卖盘
10:36:08	27.39	--	26	71214	买盘
10:36:02	27.39	--	22	60258	买盘
10:35:56	27.39	--	60	164340	买盘
10:35:53	27.39	-0.01	17	46563	卖盘
10:35:47	27.4	0.01	28	76720	买盘
10:35:41	27.39	-0.01	16	43824	卖盘
10:35:38	27.4	--	5	13700	买盘
10:35:32	27.4	--	3	8220	买盘
10:35:26	27.4	-0.04	240	657600	卖盘
10:35:22	27.44	-0.04	44	120736	卖盘
10:35:17	27.48	0.02	12	32976	买盘
10:35:11	27.46	--	34	93364	卖盘
10:34:56	27.46	0.01	65	178490	买盘
10:34:52	27.45	--	10	27450	买盘
10:34:47	27.45	0.01	39	107055	买盘
10:34:41	27.44	-0.01	33	90552	卖盘
10:34:26	27.45	0.01	100	274500	买盘
10:34:17	27.44	0.04	75	205800	买盘
10:34:11	27.4	--	7	19180	卖盘
10:34:07	27.4	0.02	2	5480	买盘
10:33:56	27.38	--	55	150590	买盘
10:33:52	27.38	--	23	62974	买盘
10:33:47	27.38	0.01	11	30118	买盘
10:33:41	27.37	-0.01	8	21896	卖盘
10:33:37	27.38	--	6	16428	买盘
10:33:32	27.38	0.01	16	43808	买盘
10:33:17	27.37	0.01	17	47158	买盘
10:33:11	27.36	0.01	69	188784	买盘
10:33:07	27.35	-0.01	20	54700	卖盘
10:33:02	27.36	0.01	1	2736	买盘
10:32:52	27.35	--	19	51965	卖盘
10:32:47	27.35	--	4	10940	买盘
10:32:41	27.35	--	86	235210	卖盘
10:32:37	27.35	--	15	41025	买盘
10:32:32	27.35	--	8	21880	买盘
10:32:26	27.35	--	49	134015	买盘
10:32:20	27.35	--	12	32820	买盘
10:32:17	27.35	0.01	1	2735	买盘
10:32:11	27.34	0.01	3	8202	买盘
10:32:05	27.33	-0.01	29	79257	卖盘
10:31:56	27.34	--	44	120296	买盘
10:31:50	27.34	--	25	68350	买盘
10:31:47	27.34	--	1	2734	买盘
10:31:41	27.34	-0.01	16	43744	中性盘
10:31:35	27.35	--	172	470420	买盘
10:31:26	27.35	--	12	32820	卖盘
10:31:20	27.35	0.01	51	139485	买盘
10:31:17	27.34	--	11	30074	买盘
10:31:11	27.34	-0.02	15	41010	卖盘
10:31:05	27.36	0.01	244	668952	买盘
10:31:02	27.35	--	111	304952	卖盘
10:30:56	27.35	-0.01	1	2735	卖盘
10:30:50	27.36	0.01	6	16416	买盘
10:30:47	27.35	--	27	75212	买盘
10:30:41	27.35	--	29	80682	卖盘
10:30:35	27.35	--	80	218800	卖盘
10:30:31	27.35	--	73	199655	卖盘
10:30:26	27.35	--	64	175040	卖盘
10:30:20	27.35	-0.01	6	16410	卖盘
10:30:17	27.36	0.01	10	27360	买盘
10:30:11	27.35	-0.02	161	440335	卖盘
10:29:56	27.37	-0.01	19	54110	卖盘
10:29:50	27.38	--	6	16428	买盘
10:29:41	27.38	--	31	84878	卖盘
10:29:35	27.38	--	31	84878	卖盘
10:29:20	27.38	0.01	41	112258	买盘
10:29:16	27.37	-0.01	15	41055	卖盘
10:29:11	27.38	--	39	106782	买盘
10:29:05	27.38	--	36	98568	买盘
10:29:02	27.38	--	1	2738	卖盘
10:28:56	27.38	--	34	93092	买盘
10:28:50	27.38	0.01	71	194398	卖盘
10:28:41	27.37	-0.02	126	344862	卖盘
10:28:35	27.39	0.02	28	76692	买盘
10:28:32	27.37	-0.01	17	46529	卖盘
10:28:26	27.38	--	20	54760	买盘
10:28:20	27.38	0.01	7	19166	中性盘
10:28:17	27.37	--	1	2737	卖盘
10:28:11	27.37	-0.01	44	121057	卖盘
10:28:05	27.38	-0.01	5	15798	卖盘
10:28:01	27.39	0.01	34	93755	买盘
10:27:56	27.38	-0.01	80	221148	卖盘
10:27:50	27.39	--	13	35607	买盘
10:27:46	27.39	--	4	10956	买盘
10:27:41	27.39	0.01	13	35607	买盘
10:27:35	27.38	-0.01	86	235468	卖盘
10:27:31	27.39	--	8	21912	买盘
10:27:26	27.39	--	16	43824	买盘
10:27:20	27.39	-0.02	16	43824	卖盘
10:27:16	27.41	--	27	74007	卖盘
10:27:11	27.41	0.02	75	205575	买盘
10:27:05	27.39	-0.01	186	509454	卖盘
10:27:01	27.4	--	100	274000	卖盘
10:26:56	27.4	--	62	169880	卖盘
10:26:50	27.4	-0.01	4	10960	卖盘
10:26:46	27.41	0.01	16	43856	买盘
10:26:41	27.4	--	3	8220	卖盘
10:26:35	27.4	0.01	92	252710	买盘
10:26:31	27.39	--	27	73953	买盘
10:26:20	27.39	--	59	161601	买盘
10:26:16	27.39	0.01	2	5478	买盘
10:26:11	27.38	-0.01	29	81181	卖盘
10:26:05	27.39	--	40	109560	卖盘
10:26:01	27.39	-0.01	5	13695	卖盘
10:25:56	27.4	--	2	5480	买盘
10:25:50	27.4	--	6	16440	买盘
10:25:44	27.4	0.01	7	19180	买盘
10:25:41	27.39	--	4	10956	卖盘
10:25:35	27.39	-0.01	36	98604	卖盘
10:25:29	27.4	0.01	43	118779	买盘
10:25:26	27.39	-0.01	3	8217	卖盘
10:25:14	27.4	0.01	10	27400	买盘
10:25:11	27.39	-0.01	5	13695	卖盘
10:25:05	27.4	-0.01	93	254820	卖盘
10:24:59	27.41	0.01	22	60302	买盘
10:24:56	27.4	-0.01	61	167140	卖盘
10:24:50	27.41	-0.01	1	2741	中性盘
10:24:44	27.42	--	38	105978	买盘
10:24:41	27.42	0.01	19	52098	买盘
10:24:35	27.41	--	26	71266	卖盘
10:24:29	27.41	-0.01	30	82230	卖盘
10:24:26	27.42	0.01	7	19194	买盘
10:24:20	27.41	-0.03	22	60302	卖盘
10:24:14	27.44	--	51	139944	买盘
10:24:11	27.44	--	0	0	买盘
10:24:05	27.44	--	101	277144	买盘
10:23:59	27.44	-0.01	107	293608	卖盘
10:23:50	27.45	-0.01	96	264480	卖盘
10:23:44	27.46	-0.02	50	137300	卖盘
10:23:40	27.48	--	10	27480	买盘
10:23:35	27.48	-0.01	8	21984	卖盘
10:23:29	27.49	--	5	13745	买盘
10:23:20	27.49	-0.01	51	140199	卖盘
10:23:14	27.5	--	4	11000	买盘
10:23:05	27.5	0.01	32	88000	买盘
10:22:56	27.49	--	5	13745	卖盘
10:22:50	27.49	--	1	2749	买盘
10:22:44	27.49	--	3	8247	买盘
10:22:40	27.49	--	7	19243	卖盘
10:22:35	27.49	-0.01	50	137450	卖盘
10:22:29	27.5	0.01	3	8250	买盘
10:22:20	27.49	--	51	140199	买盘
10:22:14	27.49	--	8	21992	买盘
10:22:05	27.49	0.01	53	145697	买盘
10:21:59	27.48	-0.01	4	10992	卖盘
10:21:50	27.49	0.01	60	164940	买盘
10:21:44	27.48	0.03	15	43006	买盘
10:21:40	27.45	--	0	0	卖盘
10:21:35	27.45	-0.01	139	381555	卖盘
10:21:29	27.46	--	39	107094	卖盘
10:21:25	27.46	0.01	150	412861	买盘
10:21:20	27.45	-0.01	15	41175	卖盘
10:21:14	27.46	--	10	27460	买盘
10:21:05	27.46	0.01	35	96110	买盘
10:20:59	27.45	--	14	38430	卖盘
10:20:55	27.45	--	0	0	卖盘
10:20:44	27.45	--	10	27450	卖盘
10:20:40	27.45	-0.01	1	2745	卖盘
10:20:35	27.46	0.01	25	68650	中性盘
10:20:29	27.45	-0.01	116	318420	卖盘
10:20:25	27.46	0.01	1	2746	买盘
10:20:20	27.45	--	20	54900	卖盘
10:20:14	27.45	-0.03	183	502335	卖盘
10:20:05	27.48	0.01	31	85188	买盘
10:19:59	27.47	0.01	46	126362	买盘
10:19:55	27.46	-0.01	5	13730	卖盘
10:19:44	27.47	0.02	24	65928	买盘
10:19:29	27.45	--	47	129015	卖盘
10:19:25	27.45	--	6	16470	卖盘
10:19:20	27.45	0.02	177	485865	买盘
10:19:14	27.43	--	9	24687	买盘
10:19:08	27.43	0.01	55	150865	买盘
10:18:59	27.42	-0.01	5	13710	卖盘
10:18:53	27.43	0.01	27	74061	买盘
10:18:38	27.42	0.01	62	170004	买盘
10:18:35	27.41	0.01	2	5482	买盘
10:18:29	27.4	-0.01	56	153440	卖盘
10:18:23	27.41	-0.01	12	32892	卖盘
10:18:14	27.42	0.01	33	90486	买盘
10:18:08	27.41	--	1	2741	卖盘
10:18:05	27.41	0.01	6	16446	买盘
10:17:59	27.4	-0.01	6	16440	卖盘
10:17:53	27.41	-0.01	19	52079	卖盘
10:17:49	27.42	--	33	90486	买盘
10:17:44	27.42	--	38	104196	买盘
10:17:38	27.42	--	0	0	买盘
10:17:34	27.42	0.02	4	10968	买盘
10:17:29	27.4	-0.03	8	23975	中性盘
10:17:23	27.43	0.03	496	1361899	买盘
10:17:14	27.4	-0.02	10	27400	卖盘
10:17:08	27.42	0.02	4	10968	卖盘
10:17:04	27.4	--	57	156180	卖盘
10:16:59	27.4	-0.02	24	65760	卖盘
10:16:53	27.42	0.02	5	13710	买盘
10:16:44	27.4	--	30	82200	卖盘
10:16:38	27.4	-0.01	13	35620	卖盘
10:16:34	27.41	0.01	19	52079	买盘
10:16:29	27.4	--	10	27400	卖盘
10:16:23	27.4	--	6	16440	卖盘
10:16:19	27.4	0.01	10	27400	卖盘
10:16:14	27.39	-0.01	17	46563	卖盘
10:16:08	27.4	0.01	5	13700	买盘
10:15:59	27.39	--	11	30129	卖盘
10:15:53	27.39	-0.02	11	30129	卖盘
10:15:49	27.41	0.02	150	411150	买盘
10:15:44	27.39	--	11	30129	卖盘
10:15:38	27.39	--	23	62997	卖盘
10:15:34	27.39	0.01	13	35607	卖盘
10:15:29	27.38	-0.02	96	263203	卖盘
10:15:23	27.4	0.01	1	2740	买盘
10:15:19	27.39	--	49	136593	买盘
10:15:14	27.39	--	5	13695	买盘
10:15:08	27.39	-0.02	65	178035	卖盘
10:15:04	27.41	--	5	13705	卖盘
10:14:59	27.41	-0.01	38	104158	卖盘
10:14:53	27.42	0.01	28	76776	买盘
10:14:49	27.41	--	1	2741	卖盘
10:14:44	27.41	-0.01	10	27410	卖盘
10:14:38	27.42	0.01	5	13710	买盘
10:14:34	27.41	--	3	8223	卖盘
10:14:29	27.41	-0.01	56	153496	卖盘
10:14:23	27.42	-0.01	54	148068	中性盘
10:14:19	27.43	-0.02	2	5486	卖盘
10:14:14	27.45	0.01	42	115290	买盘
10:14:08	27.44	-0.01	9	24696	卖盘
10:13:59	27.45	--	108	296460	买盘
10:13:53	27.45	--	97	266265	卖盘
10:13:49	27.45	-0.01	7	19215	卖盘
10:13:44	27.46	0.01	58	159268	买盘
10:13:34	27.45	-0.01	41	112545	买盘
10:13:19	27.46	0.01	24	65904	买盘
10:13:08	27.45	--	12	32940	买盘
10:13:03	27.45	-0.02	71	194895	卖盘
10:12:59	27.47	--	7	19229	卖盘
10:12:53	27.47	--	13	35711	卖盘
10:12:49	27.47	0.02	45	123615	买盘
10:12:44	27.45	-0.02	10	27450	卖盘
10:12:38	27.47	0.03	3	8241	买盘
10:12:32	27.44	--	1	2744	卖盘
10:12:29	27.44	-0.03	35	96040	卖盘
10:12:24	27.47	0.03	34	93398	买盘
10:12:14	27.44	0.03	40	109760	买盘
10:12:08	27.41	-0.02	40	109640	卖盘
10:12:02	27.43	--	65	178295	买盘
10:11:59	27.43	--	20	54860	买盘
10:11:47	27.43	--	51	139893	卖盘
10:11:44	27.43	--	52	142636	卖盘
10:11:38	27.43	--	40	109720	卖盘
10:11:32	27.43	0.03	32	87776	买盘
10:11:29	27.4	--	0	0	中性盘
10:11:23	27.4	-0.01	209	572660	卖盘
10:11:17	27.41	--	36	98676	买盘
10:11:13	27.41	--	4	10964	买盘
10:11:08	27.41	--	4	10964	买盘
10:11:02	27.41	-0.02	33	90453	中性盘
10:10:58	27.43	0.02	108	296244	买盘
10:10:53	27.41	--	4	10964	卖盘
10:10:47	27.41	--	22	60302	卖盘
10:10:43	27.41	--	11	30151	卖盘
10:10:38	27.41	--	11	30151	卖盘
10:10:32	27.41	0.02	205	561905	买盘
10:10:28	27.39	0.01	73	199947	买盘
10:10:23	27.38	-0.03	148	405224	卖盘
10:10:17	27.41	0.02	168	460488	买盘
10:10:13	27.39	--	2	5478	买盘
10:10:08	27.39	0.01	30	82170	买盘
10:10:02	27.38	0.01	37	101306	买盘
10:09:58	27.37	-0.01	11	30107	卖盘
10:09:53	27.38	--	50	136900	买盘
10:09:47	27.38	0.03	17	46546	买盘
10:09:43	27.35	--	0	0	卖盘
10:09:38	27.35	-0.02	16	43760	卖盘
10:09:32	27.37	0.02	50	136850	买盘
10:09:28	27.35	--	11	30085	卖盘
10:09:23	27.35	--	65	179662	买盘
10:09:17	27.35	--	39	107512	卖盘
10:09:13	27.35	--	2	7357	卖盘
10:09:08	27.35	0.01	20	54700	买盘
10:09:02	27.34	--	8	21872	卖盘
10:08:58	27.34	--	44	120296	卖盘
10:08:53	27.34	--	67	183178	买盘
10:08:47	27.34	--	93	255109	卖盘
10:08:43	27.34	--	17	46478	中性盘
10:08:38	27.34	--	54	147636	买盘
10:08:32	27.34	-0.01	289	790126	卖盘
10:08:28	27.35	0.01	25	68375	买盘
10:08:23	27.34	0.01	24	65616	中性盘
10:08:17	27.33	-0.01	34	92922	卖盘
10:08:13	27.34	0.02	24	65616	买盘
10:08:08	27.32	--	117	319644	买盘
10:08:02	27.32	-0.01	139	379748	卖盘
10:07:58	27.33	--	11	30062	买盘
10:07:53	27.33	--	209	571197	卖盘
10:07:47	27.33	0.01	50	136650	买盘
10:07:43	27.32	-0.01	29	79228	卖盘
10:07:38	27.33	0.01	641	1751853	买盘
10:07:32	27.32	0.01	149	407068	买盘
10:07:28	27.31	-0.02	65	177515	卖盘
10:07:23	27.33	0.01	127	347091	买盘
10:07:17	27.32	0.01	201	549132	买盘
10:07:13	27.31	-0.02	311	849341	卖盘
10:07:08	27.33	--	70	191310	买盘
10:07:02	27.33	0.03	230	628590	买盘
10:06:58	27.3	-0.04	435	1187550	卖盘
10:06:53	27.34	--	75	205050	买盘
10:06:47	27.34	--	37	101158	买盘
10:06:43	27.34	-0.01	47	128498	卖盘
10:06:38	27.35	--	21	57435	买盘
10:06:32	27.35	-0.03	26	71110	卖盘
10:06:28	27.38	0.01	302	826876	买盘
10:06:23	27.37	--	0	0	卖盘
10:06:17	27.37	-0.02	121	331177	卖盘
10:06:11	27.39	-0.01	57	156123	卖盘
10:06:08	27.4	--	211	578907	卖盘
10:06:02	27.4	-0.02	400	1096000	卖盘
10:05:56	27.42	--	257	704694	买盘
10:05:53	27.42	--	190	522597	卖盘
10:05:47	27.42	--	141	386622	卖盘
10:05:41	27.42	--	13	35646	卖盘
10:05:38	27.42	-0.01	11	30162	卖盘
10:05:32	27.43	-0.01	179	490997	卖盘
10:05:26	27.44	--	30	82320	买盘
10:05:23	27.44	--	26	71344	买盘
10:05:17	27.44	--	56	153664	卖盘
10:05:11	27.44	-0.01	57	159097	卖盘
10:05:08	27.45	0.01	386	1059570	买盘
10:05:02	27.44	-0.01	71	194878	卖盘
10:04:56	27.45	-0.03	358	982710	卖盘
10:04:53	27.48	0.02	11	30228	买盘
10:04:47	27.46	--	19	52174	中性盘
10:04:41	27.46	--	39	107094	买盘
10:04:38	27.46	-0.01	105	288330	卖盘
10:04:32	27.47	--	81	222507	买盘
10:04:26	27.47	--	7	19229	买盘
10:04:22	27.47	0.01	12	32964	买盘
10:04:17	27.46	-0.01	22	60412	卖盘
10:04:11	27.47	--	25	68675	买盘
10:04:07	27.47	--	5	13735	买盘
10:04:02	27.47	--	40	109880	买盘
10:03:56	27.47	--	29	79663	卖盘
10:03:52	27.47	-0.01	10	27470	卖盘
10:03:47	27.48	--	17	46716	买盘
10:03:41	27.48	--	17	46716	买盘
10:03:37	27.48	--	16	43968	买盘
10:03:32	27.48	-0.01	21	57708	卖盘
10:03:26	27.49	0.01	68	186932	买盘
10:03:22	27.48	--	21	57708	卖盘
10:03:17	27.48	--	43	118164	卖盘
10:03:11	27.48	--	11	30228	买盘
10:03:07	27.48	-0.01	25	68700	卖盘
10:03:02	27.49	0.03	112	307888	买盘
10:02:56	27.46	-0.02	18	49428	卖盘
10:02:52	27.48	--	64	175872	买盘
10:02:47	27.48	-0.01	15	41220	中性盘
10:02:41	27.49	--	329	904421	买盘
10:02:37	27.49	--	38	104462	买盘
10:02:32	27.49	--	18	49482	买盘
10:02:26	27.49	0.01	66	181434	卖盘
10:02:22	27.48	-0.01	46	126408	卖盘
10:02:17	27.49	--	21	57729	中性盘
10:02:11	27.49	--	2	5498	买盘
10:02:07	27.49	-0.01	21	57729	卖盘
10:02:02	27.5	0.01	34	93500	买盘
10:01:56	27.49	0.01	4	10996	中性盘
10:01:52	27.48	--	37	101676	卖盘
10:01:47	27.48	--	6	16488	卖盘
10:01:41	27.48	--	30	82440	卖盘
10:01:37	27.48	--	8	21984	买盘
10:01:32	27.48	--	21	57708	买盘
10:01:26	27.48	0.02	19	52212	买盘
10:01:22	27.46	-0.02	105	288330	卖盘
10:01:07	27.48	--	20	54960	买盘
10:01:02	27.48	0.02	7	19236	买盘
10:00:56	27.46	-0.02	19	52174	卖盘
10:00:52	27.48	--	13	35724	买盘
10:00:47	27.48	0.03	52	142896	买盘
10:00:41	27.45	-0.03	40	109800	卖盘
10:00:37	27.48	--	30	82440	买盘
10:00:32	27.48	-0.02	1	2748	中性盘
10:00:26	27.5	0.04	111	305250	买盘
10:00:22	27.46	0.01	5	13730	中性盘
10:00:17	27.45	--	4	10980	卖盘
10:00:11	27.45	-0.01	26	71370	卖盘
10:00:07	27.46	0.01	6	16476	买盘
09:59:56	27.45	0.01	21	57645	买盘
09:59:50	27.44	0.01	169	463736	买盘
09:59:47	27.43	-0.02	137	376915	卖盘
09:59:41	27.45	0.01	13	35685	买盘
09:59:35	27.44	-0.01	81	222264	卖盘
09:59:32	27.45	0.01	50	137250	买盘
09:59:26	27.44	-0.01	96	263424	卖盘
09:59:20	27.45	--	361	990945	卖盘
09:59:17	27.45	--	0	0	卖盘
09:59:11	27.45	-0.05	52	142740	卖盘
09:59:05	27.5	0.01	30	82500	买盘
09:59:02	27.49	0.04	21	57729	买盘
09:58:56	27.45	--	28	76860	买盘
09:58:50	27.45	-0.05	121	332145	卖盘
09:58:47	27.5	--	28	77000	买盘
09:58:41	27.5	0.01	174	478500	买盘
09:58:35	27.49	0.04	85	233665	买盘
09:58:32	27.45	--	115	315675	买盘
09:58:26	27.45	-0.03	14	38430	卖盘
09:58:20	27.48	0.03	2	5496	中性盘
09:58:17	27.45	--	1	2745	卖盘
09:58:11	27.45	--	110	301950	卖盘
09:58:05	27.45	0.02	38	104310	买盘
09:58:01	27.43	0.01	3	8229	卖盘
09:57:56	27.42	--	89	244038	卖盘
09:57:50	27.42	-0.04	605	1658910	卖盘
09:57:47	27.46	0.04	2	5492	买盘
09:57:41	27.42	--	40	109680	卖盘
09:57:35	27.42	-0.03	35	95970	卖盘
09:57:31	27.45	0.03	74	205106	买盘
09:57:26	27.42	0.02	80	219360	买盘
09:57:20	27.4	-0.02	488	1337120	卖盘
09:57:16	27.42	0.01	86	235812	买盘
09:57:11	27.41	--	97	265877	卖盘
09:57:05	27.41	-0.01	57	156237	卖盘
09:57:01	27.42	--	13	35646	买盘
09:56:56	27.42	--	100	274200	买盘
09:56:50	27.42	-0.03	1358	3723636	卖盘
09:56:46	27.45	--	46	126270	买盘
09:56:41	27.45	-0.01	90	247050	卖盘
09:56:35	27.46	--	39	107094	买盘
09:56:31	27.46	--	7	19222	买盘
09:56:26	27.46	-0.02	41	112586	卖盘
09:56:20	27.48	--	52	142896	买盘
09:56:16	27.48	--	43	118164	买盘
09:56:11	27.48	0.03	21	57708	买盘
09:56:05	27.45	-0.04	364	999180	卖盘
09:56:01	27.49	--	0	0	买盘
09:55:56	27.49	0.02	11	30239	买盘
09:55:50	27.47	0.02	13	35711	中性盘
09:55:46	27.45	-0.01	63	172935	卖盘
09:55:41	27.46	--	29	79634	买盘
09:55:35	27.46	-0.02	232	637072	卖盘
09:55:31	27.48	-0.01	13	35724	卖盘
09:55:26	27.49	-0.01	46	126454	中性盘
09:55:20	27.5	--	144	397375	买盘
09:55:16	27.5	--	98	269500	买盘
09:55:11	27.5	--	55	151250	买盘
09:55:05	27.5	--	89	244750	买盘
09:55:01	27.5	-0.08	105	288750	卖盘
09:54:56	27.58	--	530	1461740	买盘
09:54:50	27.58	0.08	92	253735	买盘
09:54:46	27.5	0.01	1	2750	卖盘
09:54:41	27.49	-0.01	70	193804	卖盘
09:54:35	27.5	--	66	181500	买盘
09:54:31	27.5	--	20	55000	买盘
09:54:26	27.5	--	60	165000	买盘
09:54:20	27.5	--	72	198000	买盘
09:54:16	27.5	--	53	145750	买盘
09:54:11	27.5	-0.01	151	415250	卖盘
09:54:05	27.51	0.01	357	982107	买盘
09:54:01	27.5	--	14	38500	卖盘
09:53:56	27.5	--	162	445500	卖盘
09:53:50	27.5	--	50	137500	卖盘
09:53:46	27.5	-0.08	13	35750	卖盘
09:53:41	27.58	--	20	55160	买盘
09:53:35	27.58	0.08	10	27580	卖盘
09:53:31	27.5	-0.11	12	33000	卖盘
09:53:26	27.61	--	8	22088	买盘
09:53:20	27.61	-0.01	1028	2838308	卖盘
09:53:14	27.62	--	5	13810	买盘
09:53:05	27.62	--	41	114623	卖盘
09:52:59	27.62	--	22	60764	卖盘
09:52:50	27.62	--	78	215436	卖盘
09:52:44	27.62	--	45	124290	卖盘
09:52:35	27.62	--	25	69050	卖盘
09:52:29	27.62	--	40	110480	卖盘
09:52:20	27.62	-0.01	9	27343	卖盘
09:52:14	27.63	0.01	13	35919	买盘
09:52:11	27.62	-0.01	5	13810	卖盘
09:52:05	27.63	-0.02	22	60786	卖盘
09:51:59	27.65	0.01	53	146545	买盘
09:51:56	27.64	-0.01	22	60808	中性盘
09:51:50	27.65	--	40	110600	买盘
09:51:44	27.65	--	52	143780	卖盘
09:51:41	27.65	-0.01	10	27650	卖盘
09:51:35	27.66	--	9	24894	买盘
09:51:29	27.66	0.01	21	58086	买盘
09:51:26	27.65	--	15	41475	卖盘
09:51:20	27.65	--	1	2765	卖盘
09:51:14	27.65	0.02	68	188020	买盘
09:51:10	27.63	-0.02	7	19341	卖盘
09:51:05	27.65	--	24	66360	买盘
09:50:59	27.65	0.02	9	24885	买盘
09:50:55	27.63	--	6	16578	卖盘
09:50:50	27.63	--	2	5526	卖盘
09:50:44	27.63	--	26	71838	买盘
09:50:40	27.63	0.01	41	113283	买盘
09:50:35	27.62	-0.03	21	58002	卖盘
09:50:29	27.65	0.03	73	201845	买盘
09:50:25	27.62	-0.03	3	8286	卖盘
09:50:20	27.65	0.03	71	196315	买盘
09:50:14	27.62	-0.01	37	102194	卖盘
09:50:10	27.63	0.01	9	24867	买盘
09:50:05	27.62	-0.01	22	60764	卖盘
09:49:59	27.63	--	6	16578	买盘
09:49:55	27.63	--	4	11052	买盘
09:49:50	27.63	--	41	113393	卖盘
09:49:44	27.63	--	50	138150	卖盘
09:49:40	27.63	--	2	5526	卖盘
09:49:35	27.63	--	67	185121	卖盘
09:49:29	27.63	--	12	33156	卖盘
09:49:25	27.63	--	1	2763	卖盘
09:49:20	27.63	-0.02	12	33156	卖盘
09:49:14	27.65	--	6	16590	买盘
09:49:10	27.65	0.02	13	35945	买盘
09:49:05	27.63	--	3	8289	卖盘
09:48:59	27.63	-0.03	13	38571	卖盘
09:48:50	27.66	0.03	1	2766	买盘
09:48:44	27.63	-0.03	102	281826	卖盘
09:48:40	27.66	--	10	27660	买盘
09:48:35	27.66	-0.03	54	149364	卖盘
09:48:29	27.69	-0.01	35	96915	买盘
09:48:25	27.7	--	0	0	买盘
09:48:20	27.7	0.01	41	116063	中性盘
09:48:14	27.69	--	143	398209	卖盘
09:48:05	27.69	-0.01	22	60918	卖盘
09:47:59	27.7	--	129	357856	卖盘
09:47:55	27.7	--	2	5540	卖盘
09:47:50	27.7	-0.02	30	83100	卖盘
09:47:44	27.72	-0.02	23	63756	中性盘
09:47:40	27.74	0.01	276	765624	买盘
09:47:35	27.73	0.01	15	41595	买盘
09:47:29	27.72	-0.02	16	44352	卖盘
09:47:25	27.74	0.02	16	44384	买盘
09:47:20	27.72	-0.01	5	13860	卖盘
09:47:14	27.73	-0.01	20	55460	卖盘
09:47:10	27.74	--	32	88768	卖盘
09:47:05	27.74	--	7	19418	卖盘
09:46:59	27.74	-0.01	15	41610	中性盘
09:46:55	27.75	0.01	63	174825	买盘
09:46:50	27.74	0.04	5	13870	买盘
09:46:44	27.7	-0.03	349	966730	卖盘
09:46:38	27.73	-0.01	43	119239	卖盘
09:46:35	27.74	-0.01	5	13870	卖盘
09:46:29	27.75	-0.02	20	55500	卖盘
09:46:23	27.77	0.01	38	105526	买盘
09:46:20	27.76	--	2	5552	卖盘
09:46:14	27.76	--	34	94384	卖盘
09:46:08	27.76	--	16	44416	买盘
09:46:05	27.76	-0.01	2	5552	买盘
09:45:59	27.77	--	0	0	买盘
09:45:53	27.77	--	2	5554	买盘
09:45:50	27.77	--	4	11108	买盘
09:45:44	27.77	-0.01	32	88864	卖盘
09:45:38	27.78	--	26	72228	买盘
09:45:35	27.78	--	8	22224	买盘
09:45:29	27.78	-0.02	30	83340	中性盘
09:45:23	27.8	--	81	225180	买盘
09:45:20	27.8	--	263	731140	买盘
09:45:14	27.8	0.01	9	25020	买盘
09:45:08	27.79	-0.01	21	58359	卖盘
09:45:05	27.8	-0.08	129	358620	卖盘
09:44:59	27.88	0.01	64	178432	买盘
09:44:53	27.87	-0.01	92	256404	卖盘
09:44:50	27.88	--	148	412624	卖盘
09:44:44	27.88	--	63	175644	买盘
09:44:38	27.88	0.08	121	337348	买盘
09:44:29	27.8	-0.07	38	105640	卖盘
09:44:23	27.87	0.1	145	404115	买盘
09:44:19	27.77	-0.08	4	11108	买盘
09:44:14	27.85	0.05	128	356480	买盘
09:44:08	27.8	0.02	108	302491	买盘
09:44:04	27.78	0.08	62	172236	买盘
09:43:59	27.7	-0.03	178	493586	卖盘
09:43:53	27.73	-0.02	282	781986	卖盘
09:43:49	27.75	-0.03	31	86025	中性盘
09:43:44	27.78	0.05	58	161124	买盘
09:43:38	27.73	0.03	151	420969	买盘
09:43:34	27.7	--	0	0	卖盘
09:43:29	27.7	--	16	44320	卖盘
09:43:23	27.7	0.01	84	232680	买盘
09:43:19	27.69	--	7	19383	卖盘
09:43:14	27.69	0.01	40	111563	买盘
09:43:08	27.68	--	16	44288	卖盘
09:43:04	27.68	0.03	17	47056	买盘
09:42:59	27.65	--	33	91245	卖盘
09:42:53	27.65	0.02	133	367745	买盘
09:42:49	27.63	--	2	5526	卖盘
09:42:44	27.63	--	9	24867	卖盘
09:42:38	27.63	0.01	157	435448	买盘
09:42:34	27.62	-0.01	7	19334	卖盘
09:42:29	27.63	--	40	110520	买盘
09:42:23	27.63	--	3	8289	买盘
09:42:19	27.63	-0.02	17	46971	卖盘
09:42:14	27.65	-0.02	16	44240	卖盘
09:42:08	27.67	0.02	109	301603	买盘
09:42:04	27.65	-0.01	11	30415	卖盘
09:41:53	27.66	0.01	20	56426	中性盘
09:41:49	27.65	--	1	2765	卖盘
09:41:44	27.65	-0.04	20	56959	卖盘
09:41:38	27.69	0.04	96	265824	买盘
09:41:29	27.65	--	11	30415	买盘
09:41:23	27.65	--	173	478345	买盘
09:41:19	27.65	--	46	127190	卖盘
09:41:14	27.65	--	19	52535	卖盘
09:41:08	27.65	--	7	19355	卖盘
09:41:04	27.65	--	15	41475	买盘
09:40:59	27.65	--	16	44240	买盘
09:40:53	27.65	0.03	43	118895	买盘
09:40:44	27.62	--	9	24858	买盘
09:40:38	27.62	--	33	91146	买盘
09:40:34	27.62	0.01	17	46954	买盘
09:40:29	27.61	0.01	22	60742	买盘
09:40:23	27.6	0.02	125	345000	买盘
09:40:19	27.58	--	3	8274	卖盘
09:40:14	27.58	0.01	53	146174	买盘
09:40:08	27.57	-0.01	21	57897	中性盘
09:40:02	27.58	--	11	30337	买盘
09:39:59	27.58	0.02	10	27580	买盘
09:39:53	27.56	--	85	234260	买盘
09:39:47	27.56	--	93	256308	买盘
09:39:44	27.56	--	31	85436	买盘
09:39:38	27.56	-0.02	76	209456	卖盘
09:39:32	27.58	0.02	34	93772	买盘
09:39:29	27.56	--	27	74412	卖盘
09:39:23	27.56	0.01	8	22048	买盘
09:39:17	27.55	--	36	99180	卖盘
09:39:14	27.55	--	36	99180	卖盘
09:39:08	27.55	0.03	277	763135	买盘
09:39:02	27.52	-0.01	221	608192	卖盘
09:38:59	27.53	--	28	77084	买盘
09:38:53	27.53	--	88	242264	买盘
09:38:47	27.53	--	152	418456	卖盘
09:38:44	27.53	--	57	156921	卖盘
09:38:38	27.53	--	132	363396	卖盘
09:38:32	27.53	--	18	49554	卖盘
09:38:29	27.53	--	208	572624	卖盘
09:38:23	27.53	0.01	58	159674	买盘
09:38:17	27.52	--	58	159616	买盘
09:38:13	27.52	--	15	41280	买盘
09:38:08	27.52	0.02	234	643968	卖盘
09:38:02	27.5	-0.03	215	591250	卖盘
09:37:59	27.53	--	17	46801	买盘
09:37:53	27.53	-0.01	110	302830	卖盘
09:37:47	27.54	0.01	157	432378	买盘
09:37:43	27.53	--	182	501046	卖盘
09:37:38	27.53	--	49	134897	卖盘
09:37:32	27.53	-0.02	209	575377	卖盘
09:37:28	27.55	0.02	31	85405	买盘
09:37:23	27.53	-0.01	80	220240	卖盘
09:37:17	27.54	--	75	206550	买盘
09:37:13	27.54	--	32	88128	卖盘
09:37:08	27.54	-0.01	48	132192	卖盘
09:37:02	27.55	--	113	311315	买盘
09:36:58	27.55	0.01	64	176320	卖盘
09:36:53	27.54	-0.01	82	225828	卖盘
09:36:47	27.55	0.01	77	212135	买盘
09:36:43	27.54	-0.02	10	27540	卖盘
09:36:38	27.56	0.01	43	118508	买盘
09:36:32	27.55	--	51	140505	卖盘
09:36:28	27.55	-0.03	64	176320	卖盘
09:36:23	27.58	--	48	132384	卖盘
09:36:17	27.58	--	101	278558	买盘
09:36:13	27.58	0.01	2	5516	中性盘
09:36:08	27.57	-0.02	73	201261	卖盘
09:36:02	27.59	-0.01	77	212443	卖盘
09:35:58	27.6	--	50	138000	买盘
09:35:53	27.6	--	19	52440	买盘
09:35:47	27.6	--	34	93840	卖盘
09:35:43	27.6	-0.02	202	557520	卖盘
09:35:38	27.62	--	37	102194	卖盘
09:35:32	27.62	-0.03	11	30382	卖盘
09:35:28	27.65	-0.01	25	69125	卖盘
09:35:23	27.66	-0.01	1	2766	卖盘
09:35:17	27.67	--	14	38738	卖盘
09:35:13	27.67	--	6	16602	买盘
09:35:08	27.67	--	1	2767	买盘
09:35:02	27.67	-0.01	41	113447	卖盘
09:34:58	27.68	0.01	3	8304	买盘
09:34:53	27.67	--	50	138350	卖盘
09:34:47	27.67	-0.01	25	69175	卖盘
09:34:43	27.68	0.01	4	11072	买盘
09:34:38	27.67	0.02	236	653012	买盘
09:34:32	27.65	-0.06	222	613830	卖盘
09:34:28	27.71	0.04	4	11084	买盘
09:34:23	27.67	0.01	20	55340	中性盘
09:34:17	27.66	-0.04	99	273834	卖盘
09:34:13	27.7	0.03	231	639870	买盘
09:34:08	27.67	--	1	2767	买盘
09:34:02	27.67	0.01	181	500827	卖盘
09:33:58	27.66	--	25	69150	卖盘
09:33:47	27.66	-0.02	34	94044	卖盘
09:33:43	27.68	0.02	24	66432	买盘
09:33:38	27.66	0.05	0	1189	卖盘
09:33:32	27.61	-0.04	12	33132	卖盘
09:33:26	27.65	0.04	12	33180	买盘
09:33:23	27.61	--	13	35893	卖盘
09:33:17	27.61	0.02	40	110440	中性盘
09:33:11	27.59	--	29	80011	卖盘
09:33:02	27.59	--	104	286936	买盘
09:32:56	27.59	0.03	9	24831	买盘
09:32:47	27.56	0.01	5	13780	中性盘
09:32:41	27.55	--	28	77140	卖盘
09:32:38	27.55	0.02	25	68875	买盘
09:32:26	27.53	--	39	107367	卖盘
09:32:23	27.53	--	25	68825	买盘
09:32:17	27.53	--	87	239511	买盘
09:32:11	27.53	--	163	448739	买盘
09:32:08	27.53	--	29	79837	买盘
09:32:02	27.53	--	33	90849	买盘
09:31:56	27.53	-0.01	75	206475	卖盘
09:31:53	27.54	0.01	16	44064	中性盘
09:31:47	27.53	-0.06	170	468010	卖盘
09:31:41	27.59	0.07	97	267623	买盘
09:31:38	27.52	-0.01	79	217408	买盘
09:31:32	27.53	--	113	311089	买盘
09:31:26	27.53	0.01	53	145909	买盘
09:31:23	27.52	-0.01	5	13760	卖盘
09:31:17	27.53	-0.01	63	173439	卖盘
09:31:11	27.54	0.02	86	236844	买盘
09:31:07	27.52	-0.01	130	357760	卖盘
09:31:02	27.53	--	55	151415	买盘
09:30:56	27.53	-0.01	65	178945	卖盘
09:30:52	27.54	-0.04	6	16524	卖盘
09:30:47	27.58	0.05	9	24822	买盘
09:30:41	27.53	-0.05	8	22024	卖盘
09:30:37	27.58	0.05	15	41370	买盘
09:30:32	27.53	--	20	55060	卖盘
09:30:26	27.53	--	278	765334	卖盘
09:30:22	27.53	--	0	0	卖盘
09:30:17	27.53	-0.17	38	104614	卖盘
09:30:11	27.7	--	1	2770	买盘
09:30:07	27.7	0.11	107	296390	买盘
09:30:02	27.59	-0.15	30	82770	卖盘
09:28:49	27.74	--	0	0	买盘
09:25:05	27.74	27.74	304	843296	买盘
