成交时间	成交价	价格变动	成交量(手)	成交额(元)	性质
15:00:00	9.29	--	0	0	买盘
15:00:00	9.29	0.01	0	0	买盘
14:59:59	9.28	-0.01	71	65888	卖盘
14:59:54	9.29	--	75	69675	买盘
14:59:49	9.29	--	156	144924	买盘
14:59:44	9.29	0.01	69	64100	买盘
14:59:39	9.28	-0.01	48	44544	卖盘
14:59:34	9.29	--	150	139350	买盘
14:59:29	9.29	0.01	165	153285	买盘
14:59:24	9.28	-0.01	58	53823	卖盘
14:59:19	9.29	--	78	72462	买盘
14:59:14	9.29	--	51	47378	买盘
14:59:09	9.29	--	5	4645	买盘
14:59:04	9.29	--	142	131918	卖盘
14:58:59	9.29	--	46	42733	卖盘
14:58:54	9.29	--	5	4645	卖盘
14:58:49	9.29	--	352	327007	买盘
14:58:44	9.29	--	382	355342	卖盘
14:58:39	9.29	-0.01	12	11612	卖盘
14:58:34	9.3	--	46	42780	买盘
14:58:29	9.3	0.01	40	37200	买盘
14:58:24	9.29	--	224	208095	卖盘
14:58:19	9.29	--	74	68746	卖盘
14:58:14	9.29	--	155	143995	卖盘
14:58:09	9.29	-0.01	63	58991	卖盘
14:58:03	9.3	0.01	25	23250	买盘
14:57:59	9.29	--	70	65029	卖盘
14:57:54	9.29	--	47	44127	卖盘
14:57:49	9.29	--	140	130059	卖盘
14:57:44	9.29	--	224	208095	卖盘
14:57:39	9.29	0.01	71	65959	买盘
14:57:34	9.28	--	493	457503	卖盘
14:57:29	9.28	-0.01	137	127135	卖盘
14:57:24	9.29	--	76	70604	买盘
14:57:19	9.29	--	2	1857	买盘
14:57:14	9.29	-0.01	33	30656	卖盘
14:57:09	9.3	0.02	143	132990	卖盘
14:57:04	9.28	-0.02	600	556800	卖盘
14:56:59	9.3	--	51	47430	买盘
14:56:54	9.3	-0.01	5	4650	买盘
14:56:49	9.31	0.01	39	36309	买盘
14:56:44	9.3	0.01	58	53940	中性盘
14:56:39	9.29	-0.02	1041	967088	卖盘
14:56:34	9.31	--	117	108927	买盘
14:56:29	9.31	0.01	401	373331	买盘
14:56:24	9.3	-0.01	67	62310	卖盘
14:56:18	9.31	0.01	136	126616	买盘
14:56:14	9.3	-0.01	115	106950	卖盘
14:56:09	9.31	0.01	109	101479	买盘
14:56:04	9.3	-0.01	2	1860	卖盘
14:55:54	9.31	0.01	103	95893	买盘
14:55:49	9.3	-0.01	25	23250	卖盘
14:55:44	9.31	0.01	135	125685	买盘
14:55:39	9.3	--	66	61380	卖盘
14:55:34	9.3	-0.01	14	13373	卖盘
14:55:29	9.31	0.01	99	92169	买盘
14:55:24	9.3	--	396	368280	卖盘
14:55:14	9.3	--	78	72540	卖盘
14:55:09	9.3	--	67	62310	卖盘
14:55:03	9.3	--	101	93930	卖盘
14:54:58	9.3	--	87	80910	卖盘
14:54:54	9.3	-0.01	22	20460	卖盘
14:54:49	9.31	0.01	61	56791	买盘
14:54:43	9.3	--	222	206460	买盘
14:54:38	9.3	--	35	32550	卖盘
14:54:33	9.3	--	48	44640	卖盘
14:54:28	9.3	--	353	328755	卖盘
14:54:24	9.3	--	89	82770	卖盘
14:54:18	9.3	--	360	334800	卖盘
14:54:13	9.3	--	90	83700	卖盘
14:54:08	9.3	--	16	14880	卖盘
14:54:03	9.3	--	741	689595	买盘
14:53:58	9.3	--	28	26040	买盘
14:53:53	9.3	0.01	165	153450	买盘
14:53:47	9.29	--	76	70604	卖盘
14:53:43	9.29	--	104	96615	卖盘
14:53:38	9.29	-0.01	22	20437	卖盘
14:53:33	9.3	--	33	30690	买盘
14:53:28	9.3	--	47	43710	买盘
14:53:23	9.3	--	55	51150	卖盘
14:53:17	9.3	--	62	57660	卖盘
14:53:13	9.3	--	106	98580	卖盘
14:53:08	9.3	--	114	106020	买盘
14:53:02	9.3	--	61	56730	买盘
14:52:58	9.3	--	278	258540	卖盘
14:52:53	9.3	-0.01	44	40920	卖盘
14:52:48	9.31	--	39	36309	买盘
14:52:43	9.31	0.01	167	155477	买盘
14:52:38	9.3	-0.01	96	89280	卖盘
14:52:32	9.31	--	1	931	买盘
14:52:28	9.31	0.01	125	116375	卖盘
14:52:23	9.3	-0.02	1119	1040670	卖盘
14:52:17	9.32	-0.01	1	932	买盘
14:52:13	9.33	0.02	234	218322	买盘
14:52:08	9.31	-0.01	283	263473	卖盘
14:52:02	9.32	--	23	21436	卖盘
14:51:58	9.32	--	178	165896	卖盘
14:51:53	9.32	0.01	488	454816	买盘
14:51:47	9.31	-0.01	28	26068	卖盘
14:51:43	9.32	0.01	1	932	买盘
14:51:38	9.31	-0.01	50	46550	卖盘
14:51:32	9.32	-0.01	67	62444	卖盘
14:51:28	9.33	0.01	47	43851	买盘
14:51:23	9.32	--	67	62444	卖盘
14:51:17	9.32	--	20	18640	卖盘
14:51:12	9.32	-0.01	45	41940	卖盘
14:51:08	9.33	--	14	13062	买盘
14:51:02	9.33	--	111	103563	买盘
14:50:53	9.33	--	677	632219	卖盘
14:50:47	9.33	-0.01	63	58779	卖盘
14:50:32	9.34	--	626	584684	卖盘
14:50:23	9.34	--	77	71918	卖盘
14:50:17	9.34	--	11	10274	卖盘
14:50:13	9.34	--	28	26152	卖盘
14:50:08	9.34	-0.01	157	146638	卖盘
14:50:02	9.35	--	33	30855	买盘
14:49:58	9.35	0.01	35	32725	买盘
14:49:53	9.34	--	254	237236	卖盘
14:49:47	9.34	-0.01	55	51370	卖盘
14:49:38	9.35	0.01	320	299200	买盘
14:49:32	9.34	-0.01	17	15878	卖盘
14:49:27	9.35	0.01	33	30855	买盘
14:49:23	9.34	--	23	21482	卖盘
14:49:17	9.34	--	118	110212	卖盘
14:49:12	9.34	-0.01	56	52304	卖盘
14:49:08	9.35	--	162	151470	买盘
14:49:02	9.35	--	11	10285	买盘
14:48:47	9.35	--	58	55136	卖盘
14:48:42	9.35	--	18	16830	卖盘
14:48:38	9.35	--	9	8424	卖盘
14:48:32	9.35	--	20	18700	卖盘
14:48:27	9.35	--	34	31790	卖盘
14:48:23	9.35	--	70	65450	卖盘
14:48:17	9.35	--	13	12155	卖盘
14:48:12	9.35	--	76	71060	卖盘
14:48:07	9.35	--	61	57035	卖盘
14:48:02	9.35	-0.01	145	135575	卖盘
14:47:56	9.36	0.01	140	131039	买盘
14:47:52	9.35	--	62	57970	卖盘
14:47:47	9.35	--	361	337535	卖盘
14:47:42	9.35	--	104	97240	卖盘
14:47:37	9.35	--	48	44880	卖盘
14:47:32	9.35	-0.01	322	301537	卖盘
14:47:26	9.36	--	242	226512	买盘
14:47:22	9.36	0.01	78	73008	买盘
14:47:17	9.35	--	40	37400	卖盘
14:47:11	9.35	--	9	8415	卖盘
14:47:07	9.35	--	129	120615	卖盘
14:47:02	9.35	--	98	91630	卖盘
14:46:56	9.35	-0.01	28	26180	卖盘
14:46:52	9.36	--	25	23400	买盘
14:46:47	9.36	--	243	227448	买盘
14:46:41	9.36	--	18	16848	买盘
14:46:37	9.36	0.01	57	53352	买盘
14:46:32	9.35	--	154	144457	卖盘
14:46:26	9.35	--	50	46750	卖盘
14:46:22	9.35	--	46	43010	卖盘
14:46:17	9.35	--	52	49087	卖盘
14:46:11	9.35	-0.01	189	176715	卖盘
14:46:07	9.36	0.01	167	156312	买盘
14:46:02	9.35	-0.01	34	31790	卖盘
14:45:52	9.36	--	89	83304	买盘
14:45:47	9.36	--	10	9360	买盘
14:45:32	9.36	-0.01	31	29016	卖盘
14:45:26	9.37	0.01	1	936	买盘
14:45:22	9.36	--	72	67392	卖盘
14:45:17	9.36	--	328	307008	买盘
14:45:07	9.36	--	124	116064	卖盘
14:45:02	9.36	--	158	147888	卖盘
14:44:56	9.36	--	34	31823	卖盘
14:44:52	9.36	--	139	130103	卖盘
14:44:47	9.36	--	29	27144	卖盘
14:44:41	9.36	--	6	5616	卖盘
14:44:36	9.36	--	18	16848	卖盘
14:44:32	9.36	-0.01	15	14040	卖盘
14:44:26	9.37	0.01	109	102132	买盘
14:44:21	9.36	--	36	33696	卖盘
14:44:17	9.36	--	123	115128	卖盘
14:44:11	9.36	--	66	61775	卖盘
14:44:06	9.36	--	11	10296	卖盘
14:44:02	9.36	--	104	97344	卖盘
14:43:56	9.36	--	27	25272	卖盘
14:43:51	9.36	-0.01	9	8424	卖盘
14:43:47	9.37	0.01	193	180840	买盘
14:43:41	9.36	--	123	115128	卖盘
14:43:36	9.36	--	68	63647	卖盘
14:43:32	9.36	-0.01	22	20592	卖盘
14:43:26	9.37	--	14	13117	买盘
14:43:21	9.37	0.01	450	421649	买盘
14:43:17	9.36	--	119	111384	卖盘
14:43:11	9.36	-0.01	25	23400	卖盘
14:43:01	9.37	--	2	1873	买盘
14:42:56	9.37	-0.01	68	63715	卖盘
14:42:51	9.38	0.01	30	28140	买盘
14:42:47	9.37	--	10	9370	卖盘
14:42:41	9.37	--	36	33732	卖盘
14:42:32	9.37	-0.01	75	70275	卖盘
14:42:26	9.38	--	6	5628	买盘
14:42:17	9.38	0.01	72	67536	买盘
14:42:06	9.37	-0.01	220	206139	卖盘
14:42:01	9.38	--	7	6566	买盘
14:41:56	9.38	--	5	4690	买盘
14:41:51	9.38	--	3	2814	买盘
14:41:46	9.38	--	45	42210	卖盘
14:41:41	9.38	--	189	177282	买盘
14:41:36	9.38	--	80	75040	卖盘
14:41:31	9.38	--	101	94738	卖盘
14:41:26	9.38	0.01	2355	2208990	买盘
14:41:16	9.37	-0.01	38	35606	卖盘
14:41:11	9.38	--	30	28140	买盘
14:41:06	9.38	0.01	25	23450	买盘
14:41:01	9.37	--	212	198643	卖盘
14:40:56	9.37	--	51	47786	卖盘
14:40:50	9.37	--	26	24361	卖盘
14:40:46	9.37	--	64	59967	卖盘
14:40:41	9.37	--	40	37480	卖盘
14:40:35	9.37	--	6	5621	卖盘
14:40:31	9.37	--	107	100258	卖盘
14:40:26	9.37	0.01	802	751473	买盘
14:40:16	9.36	--	10	9360	卖盘
14:40:11	9.36	--	41	38376	卖盘
14:40:01	9.36	0.01	62	58032	买盘
14:39:56	9.35	-0.01	392	366520	卖盘
14:39:50	9.36	--	416	389376	买盘
14:39:46	9.36	0.01	70	65519	买盘
14:39:41	9.35	--	31	29471	买盘
14:39:31	9.35	--	18	16830	买盘
14:39:26	9.35	--	20	18700	买盘
14:39:16	9.35	--	55	51873	卖盘
14:39:11	9.35	--	2	1870	卖盘
14:39:05	9.35	--	12	11220	卖盘
14:39:01	9.35	--	98	91630	卖盘
14:38:56	9.35	--	99	92565	卖盘
14:38:50	9.35	--	3	2805	卖盘
14:38:46	9.35	--	144	134640	卖盘
14:38:41	9.35	0.01	88	82766	买盘
14:38:35	9.34	-0.01	68	63960	卖盘
14:38:31	9.35	--	4	3740	卖盘
14:38:26	9.35	--	76	71546	买盘
14:38:20	9.35	--	27	25693	卖盘
14:38:15	9.35	--	50	46750	卖盘
14:38:11	9.35	--	80	74818	卖盘
14:38:05	9.35	--	55	51425	卖盘
14:38:00	9.35	--	24	22440	卖盘
14:37:50	9.35	--	40	37400	卖盘
14:37:45	9.35	--	30	28050	卖盘
14:37:41	9.35	-0.01	28	26180	卖盘
14:37:35	9.36	0.01	7	6552	买盘
14:37:26	9.35	-0.01	75	70125	卖盘
14:37:20	9.36	--	201	188136	买盘
14:37:05	9.36	--	111	103896	卖盘
14:37:00	9.36	--	72	67392	卖盘
14:36:56	9.36	--	122	114192	卖盘
14:36:50	9.36	--	17	15911	卖盘
14:36:45	9.36	--	22	20592	卖盘
14:36:41	9.36	--	83	77688	卖盘
14:36:35	9.36	--	248	232128	卖盘
14:36:30	9.36	--	12	11232	卖盘
14:36:25	9.36	0.01	54	50544	买盘
14:36:20	9.35	-0.01	33	30855	卖盘
14:36:05	9.36	0.01	59	55224	买盘
14:35:55	9.35	-0.01	77	71995	卖盘
14:35:50	9.36	-0.01	59	55224	卖盘
14:35:40	9.37	--	9	8433	买盘
14:35:35	9.37	-0.01	210	196769	卖盘
14:35:30	9.38	--	5	4690	卖盘
14:35:25	9.38	--	161	151018	卖盘
14:35:20	9.38	-0.01	20	18760	卖盘
14:35:15	9.39	0.01	500	469500	买盘
14:35:10	9.38	0.01	1	938	买盘
14:35:05	9.37	--	22	20614	卖盘
14:34:55	9.37	0.01	51	47786	买盘
14:34:50	9.36	--	49	45864	卖盘
14:34:40	9.36	--	35	32759	卖盘
14:34:35	9.36	0.01	93	87048	买盘
14:34:29	9.35	--	15	14025	卖盘
14:34:25	9.35	--	107	100512	买盘
14:34:20	9.35	0.01	172	160820	买盘
14:34:10	9.34	--	37	34558	卖盘
14:34:05	9.34	--	36	33624	卖盘
14:33:59	9.34	--	125	116750	买盘
14:33:55	9.34	0.01	44	41096	买盘
14:33:50	9.33	-0.01	30	27990	卖盘
14:33:40	9.34	--	20	18680	买盘
14:33:35	9.34	0.01	45	42030	买盘
14:33:25	9.33	--	46	42918	卖盘
14:33:20	9.33	--	125	116625	卖盘
14:33:05	9.33	--	30	28344	买盘
14:32:59	9.33	--	21	19593	买盘
14:32:55	9.33	--	39	36387	买盘
14:32:50	9.33	--	88	82104	买盘
14:32:44	9.33	0.01	30	27990	买盘
14:32:40	9.32	-0.01	669	623974	卖盘
14:32:35	9.33	--	311	290163	买盘
14:32:29	9.33	0.01	70	65310	买盘
14:32:25	9.32	-0.01	75	69900	卖盘
14:32:20	9.33	--	48	44784	买盘
14:32:10	9.33	--	50	46650	买盘
14:32:05	9.33	--	17	15861	买盘
14:31:59	9.33	--	75	69975	买盘
14:31:55	9.33	0.01	9	8397	买盘
14:31:50	9.32	-0.01	40	37280	卖盘
14:31:44	9.33	--	160	149280	买盘
14:31:39	9.33	--	15	13995	买盘
14:31:35	9.33	--	4	3732	买盘
14:31:29	9.33	--	72	67176	买盘
14:31:24	9.33	--	30	27990	买盘
14:31:19	9.33	0.01	1	933	买盘
14:31:14	9.32	-0.01	100	93200	卖盘
14:31:05	9.33	--	10	9330	买盘
14:30:59	9.33	--	154	143793	卖盘
14:30:54	9.33	--	14	13062	卖盘
14:30:49	9.33	--	2	2332	卖盘
14:30:44	9.33	--	5	4665	卖盘
14:30:35	9.33	--	24	22746	买盘
14:30:29	9.33	--	185	172605	买盘
14:30:24	9.33	--	20	18660	买盘
14:30:19	9.33	--	199	186245	卖盘
14:30:14	9.33	--	26	24258	卖盘
14:30:04	9.33	--	33	30789	卖盘
14:29:59	9.33	--	109	101697	卖盘
14:29:50	9.33	-0.01	202	188466	卖盘
14:29:44	9.34	0.01	103	96202	买盘
14:29:34	9.33	-0.01	1	933	卖盘
14:29:29	9.34	--	10	9340	买盘
14:29:24	9.34	--	7	6538	卖盘
14:29:19	9.34	--	5	4670	卖盘
14:29:14	9.34	--	145	135430	买盘
14:29:04	9.34	0.01	76	70984	买盘
14:28:59	9.33	-0.01	35	32655	卖盘
14:28:49	9.34	0.01	43	40162	买盘
14:28:39	9.33	-0.01	1	1287	卖盘
14:28:29	9.34	--	18	16812	买盘
14:28:24	9.34	--	26	24284	买盘
14:28:04	9.34	-0.01	22	20548	卖盘
14:27:59	9.35	0.01	10	9350	买盘
14:27:49	9.34	--	117	109278	卖盘
14:27:44	9.34	--	152	141968	买盘
14:27:34	9.34	0.01	48	44832	买盘
14:27:19	9.33	--	27	25191	卖盘
14:27:14	9.33	--	154	143682	买盘
14:27:08	9.33	--	101	94233	买盘
14:27:04	9.33	--	55	51315	买盘
14:26:59	9.33	--	52	48516	买盘
14:26:53	9.33	--	10	9330	买盘
14:26:49	9.33	-0.01	934	871422	卖盘
14:26:44	9.34	--	73	68182	买盘
14:26:34	9.34	0.01	30	28020	买盘
14:26:29	9.33	--	45	41985	卖盘
14:26:23	9.33	--	20	18660	卖盘
14:26:19	9.33	--	81	76039	卖盘
14:26:14	9.33	-0.01	11	10263	卖盘
14:26:08	9.34	0.01	70	65380	买盘
14:26:04	9.33	-0.01	32	29856	卖盘
14:25:49	9.34	0.01	8	7472	买盘
14:25:44	9.33	-0.01	1075	1002975	卖盘
14:25:38	9.34	-0.01	59	55106	卖盘
14:25:34	9.35	--	15	14025	买盘
14:25:29	9.35	0.01	6	5610	买盘
14:25:23	9.34	-0.01	2	1868	卖盘
14:25:03	9.35	--	2	1870	卖盘
14:24:59	9.35	-0.02	1	935	卖盘
14:24:48	9.37	-0.01	10	9370	买盘
14:24:43	9.38	0.01	376	352688	买盘
14:24:38	9.37	-0.01	6	5621	卖盘
14:24:33	9.38	--	30	28140	买盘
14:24:28	9.38	--	118	110684	买盘
14:24:18	9.38	--	74	69412	买盘
14:24:13	9.38	--	213	199794	卖盘
14:24:08	9.38	--	13	12194	卖盘
14:24:03	9.38	-0.01	315	295470	卖盘
14:23:58	9.39	0.01	10	9390	买盘
14:23:53	9.38	-0.01	65	60970	卖盘
14:23:38	9.39	--	54	50706	卖盘
14:23:33	9.39	--	34	31926	卖盘
14:23:28	9.39	0.01	27	25353	中性盘
14:23:23	9.38	-0.01	554	519652	卖盘
14:23:18	9.39	--	125	117375	买盘
14:23:13	9.39	0.01	81	76059	买盘
14:23:08	9.38	-0.01	170	159460	卖盘
14:23:03	9.39	--	207	194373	买盘
14:22:58	9.39	0.01	54	50706	买盘
14:22:53	9.38	--	80	75040	卖盘
14:22:48	9.38	--	51	47838	卖盘
14:22:43	9.38	--	305	286090	卖盘
14:22:38	9.38	-0.01	113	105994	卖盘
14:22:28	9.39	--	25	23475	买盘
14:22:23	9.39	-0.01	38	35682	卖盘
14:22:18	9.4	--	15	14100	买盘
14:22:13	9.4	-0.01	409	384460	卖盘
14:22:08	9.41	0.01	13	12233	买盘
14:22:03	9.4	--	4	3760	卖盘
14:21:58	9.4	--	156	146640	卖盘
14:21:53	9.4	0.01	145	136300	买盘
14:21:48	9.39	0.01	43	40377	买盘
14:21:43	9.38	-0.02	1069	1002722	卖盘
14:21:38	9.4	0.01	247	232180	买盘
14:21:32	9.39	-0.01	75	70425	卖盘
14:21:28	9.4	0.01	52	48880	买盘
14:21:23	9.39	--	61	57279	卖盘
14:21:13	9.39	0.01	343	322077	买盘
14:21:08	9.38	-0.01	552	517776	卖盘
14:21:02	9.39	0.01	81	76059	买盘
14:20:58	9.38	--	10	9380	卖盘
14:20:53	9.38	0.01	55	51590	买盘
14:20:47	9.37	--	101	94636	卖盘
14:20:43	9.37	-0.01	10	9370	卖盘
14:20:38	9.38	0.03	378	354564	买盘
14:20:28	9.35	-0.01	63	58905	卖盘
14:20:23	9.36	0.01	297	277992	买盘
14:20:13	9.35	--	622	582037	买盘
14:20:08	9.35	0.01	64	59840	买盘
14:20:02	9.34	-0.01	191	178394	卖盘
14:19:58	9.35	0.02	135	126225	买盘
14:19:53	9.33	--	70	65776	卖盘
14:19:47	9.33	--	5	4665	卖盘
14:19:43	9.33	0.01	417	389061	买盘
14:19:38	9.32	--	40	37280	卖盘
14:19:28	9.32	0.01	226	211098	买盘
14:19:23	9.31	--	23	21413	卖盘
14:19:17	9.31	--	15	13965	卖盘
14:19:13	9.31	-0.01	10	9310	卖盘
14:19:08	9.32	0.01	228	212496	买盘
14:19:02	9.31	--	12	11172	买盘
14:18:58	9.31	--	105	97755	买盘
14:18:53	9.31	--	159	148029	卖盘
14:18:47	9.31	--	125	116375	卖盘
14:18:42	9.31	-0.01	9	8379	卖盘
14:18:38	9.32	--	81	75492	买盘
14:18:32	9.32	0.02	610	568986	买盘
14:18:27	9.3	--	83	77190	卖盘
14:18:22	9.3	--	40	37200	卖盘
14:18:17	9.3	-0.01	173	160890	卖盘
14:18:12	9.31	0.01	23	21413	中性盘
14:18:07	9.3	-0.01	187	174375	卖盘
14:18:02	9.31	--	137	127547	买盘
14:17:57	9.31	--	2	1862	买盘
14:17:52	9.31	--	113	105203	买盘
14:17:47	9.31	--	86	80531	卖盘
14:17:42	9.31	--	88	81928	卖盘
14:17:37	9.31	-0.01	49	45619	卖盘
14:17:32	9.32	--	135	125820	买盘
14:17:27	9.32	0.01	22	20504	买盘
14:17:17	9.31	-0.01	56	52136	卖盘
14:17:12	9.32	--	108	100656	卖盘
14:17:07	9.32	--	97	90404	卖盘
14:17:02	9.32	--	93	86676	卖盘
14:16:57	9.32	-0.01	18	16776	卖盘
14:16:52	9.33	--	22	20526	买盘
14:16:47	9.33	--	10	9330	买盘
14:16:37	9.33	0.01	37	34521	买盘
14:16:32	9.32	-0.01	161	150052	卖盘
14:16:27	9.33	--	62	57846	卖盘
14:16:22	9.33	--	115	107295	卖盘
14:16:17	9.33	--	34	31722	卖盘
14:16:12	9.33	--	10	9330	卖盘
14:16:07	9.33	--	151	140883	卖盘
14:16:02	9.33	-0.01	242	225786	卖盘
14:15:57	9.34	0.01	33	30822	买盘
14:15:52	9.33	--	55	51315	卖盘
14:15:47	9.33	-0.01	76	70908	卖盘
14:15:37	9.34	--	17	15878	买盘
14:15:32	9.34	--	1	934	买盘
14:15:27	9.34	-0.01	224	209216	卖盘
14:15:22	9.35	--	24	22440	买盘
14:15:17	9.35	0.01	14	13090	买盘
14:15:11	9.34	-0.01	79	73786	卖盘
14:15:07	9.35	--	40	37400	卖盘
14:15:02	9.35	--	22	20570	卖盘
14:14:52	9.35	--	118	110330	卖盘
14:14:47	9.35	-0.02	497	464695	卖盘
14:14:37	9.37	--	170	159290	买盘
14:14:32	9.37	0.01	47	44038	买盘
14:14:26	9.36	--	70	65519	卖盘
14:14:22	9.36	-0.01	35	32759	卖盘
14:14:17	9.37	--	37	34669	买盘
14:14:11	9.37	--	52	48723	买盘
14:14:07	9.37	--	187	175218	卖盘
14:14:02	9.37	-0.01	22	20614	卖盘
14:13:56	9.38	0.01	12	11256	买盘
14:13:52	9.37	-0.01	160	149920	卖盘
14:13:47	9.38	0.01	122	114436	卖盘
14:13:41	9.37	--	5	4685	卖盘
14:13:37	9.37	-0.02	85	79645	卖盘
14:13:32	9.39	0.02	62	58218	买盘
14:13:26	9.37	--	1	936	卖盘
14:13:22	9.37	0.01	54	50597	卖盘
14:13:17	9.36	-0.01	57	53352	卖盘
14:13:11	9.37	--	162	151794	买盘
14:13:07	9.37	0.01	55	51534	买盘
14:13:02	9.36	--	42	39312	卖盘
14:12:56	9.36	--	19	17784	卖盘
14:12:52	9.36	--	49	45864	买盘
14:12:47	9.36	--	349	326664	买盘
14:12:41	9.36	0.01	29	27144	买盘
14:12:37	9.35	-0.01	39	36465	卖盘
14:12:32	9.36	0.01	238	222768	买盘
14:12:26	9.35	--	72	67320	卖盘
14:12:21	9.35	-0.01	6	5610	卖盘
14:12:17	9.36	0.02	20	18720	买盘
14:12:11	9.34	-0.01	174	162516	卖盘
14:12:06	9.35	--	98	91630	卖盘
14:12:02	9.35	--	134	125290	买盘
14:11:56	9.35	--	19	17765	买盘
14:11:51	9.35	0.01	71	66385	买盘
14:11:46	9.34	-0.01	227	212018	卖盘
14:11:41	9.35	--	154	143990	卖盘
14:11:36	9.35	--	20	18700	卖盘
14:11:31	9.35	--	175	163625	卖盘
14:11:26	9.35	--	79	73865	买盘
14:11:21	9.35	0.01	151	141185	买盘
14:11:16	9.34	-0.01	89	83126	卖盘
14:11:11	9.35	--	153	143055	买盘
14:11:06	9.35	--	48	44880	卖盘
14:11:01	9.35	--	180	168300	卖盘
14:10:51	9.35	-0.01	44	41140	卖盘
14:10:46	9.36	--	20	18720	买盘
14:10:41	9.36	-0.01	182	170352	卖盘
14:10:36	9.37	0.01	13	12180	买盘
14:10:31	9.36	--	313	292968	卖盘
14:10:26	9.36	--	68	63647	卖盘
14:10:21	9.36	-0.01	9	8424	卖盘
14:10:16	9.37	--	95	89014	卖盘
14:10:11	9.37	-0.01	15	14054	卖盘
14:10:06	9.38	--	2	1876	买盘
14:10:01	9.38	--	148	138824	买盘
14:09:56	9.38	-0.01	210	196980	卖盘
14:09:51	9.39	--	10	9390	买盘
14:09:46	9.39	--	53	49767	买盘
14:09:41	9.39	--	39	36621	买盘
14:09:36	9.39	--	25	23475	买盘
14:09:26	9.39	--	114	107046	卖盘
14:09:21	9.39	-0.01	16	15024	卖盘
14:09:16	9.4	--	172	161680	买盘
14:09:11	9.4	0.01	64	60160	买盘
14:09:01	9.39	-0.02	435	408934	卖盘
14:08:56	9.41	0.01	29	27289	买盘
14:08:51	9.4	--	25	23500	卖盘
14:08:46	9.4	-0.01	31	29140	卖盘
14:08:41	9.41	--	111	104451	卖盘
14:08:35	9.41	--	128	120448	卖盘
14:08:31	9.41	--	108	101628	卖盘
14:08:26	9.41	-0.01	25	23525	卖盘
14:08:20	9.42	--	3	2826	买盘
14:08:16	9.42	--	44	41448	买盘
14:08:11	9.42	--	93	88406	卖盘
14:08:01	9.42	--	404	380568	卖盘
14:07:56	9.42	--	30	28260	卖盘
14:07:50	9.42	-0.01	5	4710	卖盘
14:07:46	9.43	--	98	92414	买盘
14:07:41	9.43	--	69	65067	买盘
14:07:35	9.43	--	33	31590	卖盘
14:07:31	9.43	--	236	222548	卖盘
14:07:26	9.43	--	20	18860	卖盘
14:07:20	9.43	0.01	145	137206	买盘
14:07:16	9.42	-0.01	90	84780	卖盘
14:07:11	9.43	--	14	13202	买盘
14:07:05	9.43	--	3	2829	买盘
14:07:01	9.43	--	39	37248	卖盘
14:06:56	9.43	--	393	370599	卖盘
14:06:50	9.43	-0.01	49	46207	卖盘
14:06:46	9.44	--	84	79296	买盘
14:06:41	9.44	0.01	277	261488	买盘
14:06:31	9.43	-0.01	690	650670	卖盘
14:06:26	9.44	-0.01	245	231280	卖盘
14:06:20	9.45	0.02	358	338310	买盘
14:06:16	9.43	--	168	158424	卖盘
14:06:11	9.43	-0.01	231	217833	卖盘
14:06:05	9.44	0.01	631	596136	买盘
14:06:01	9.43	-0.01	144	135792	卖盘
14:05:56	9.44	--	93	87792	买盘
14:05:50	9.44	-0.01	122	115168	卖盘
14:05:45	9.45	0.01	180	170100	买盘
14:05:40	9.44	--	455	429520	卖盘
14:05:35	9.44	-0.01	95	89680	卖盘
14:05:30	9.45	--	86	81270	买盘
14:05:25	9.45	0.01	135	127574	买盘
14:05:20	9.44	-0.01	265	250160	卖盘
14:05:15	9.45	--	120	113399	卖盘
14:05:10	9.45	--	139	131355	卖盘
14:05:05	9.45	0.01	2	1889	中性盘
14:05:00	9.44	-0.01	252	237888	卖盘
14:04:55	9.45	0.01	214	202229	买盘
14:04:50	9.44	--	911	859984	买盘
14:04:45	9.44	0.01	123	116112	买盘
14:04:40	9.43	--	197	185771	卖盘
14:04:35	9.43	--	89	84398	买盘
14:04:30	9.43	--	150	142062	买盘
14:04:25	9.43	--	139	131077	买盘
14:04:20	9.43	0.02	126	118818	买盘
14:04:15	9.41	--	105	98805	卖盘
14:04:10	9.41	0.01	169	159029	中性盘
14:04:05	9.4	-0.01	156	147110	卖盘
14:04:00	9.41	0.01	110	103510	中性盘
14:03:55	9.4	--	266	250040	卖盘
14:03:50	9.4	0.01	84	78960	买盘
14:03:45	9.39	-0.01	60	56340	卖盘
14:03:40	9.4	0.01	243	228420	买盘
14:03:35	9.39	-0.02	222	208458	卖盘
14:03:30	9.41	0.01	202	190082	买盘
14:03:25	9.4	-0.02	135	126900	卖盘
14:03:20	9.42	0.01	231	217602	买盘
14:03:15	9.41	0.01	29	27289	卖盘
14:03:10	9.4	-0.01	494	464360	卖盘
14:03:05	9.41	-0.01	604	568364	卖盘
14:03:00	9.42	--	13	12246	卖盘
14:02:55	9.42	-0.03	130	122460	卖盘
14:02:50	9.45	-0.01	319	301455	卖盘
14:02:45	9.46	--	11	10406	买盘
14:02:40	9.46	-0.02	64	60544	卖盘
14:02:35	9.48	-0.02	272	257856	卖盘
14:02:30	9.5	--	134	127300	买盘
14:02:25	9.5	--	136	129200	买盘
14:02:20	9.5	-0.01	515	489250	卖盘
14:02:14	9.51	0.01	74	70374	中性盘
14:02:10	9.5	-0.02	732	695400	卖盘
14:02:05	9.52	0.01	481	457912	买盘
14:01:59	9.51	-0.01	194	184494	卖盘
14:01:55	9.52	0.01	239	227528	中性盘
14:01:50	9.51	-0.01	328	311928	卖盘
14:01:44	9.52	--	129	122808	买盘
14:01:40	9.52	0.03	247	235144	买盘
14:01:35	9.49	--	239	226811	卖盘
14:01:29	9.49	-0.03	239	227285	卖盘
14:01:25	9.52	0.04	996	948668	买盘
14:01:20	9.48	-0.01	668	633264	卖盘
14:01:14	9.49	--	142	134758	买盘
14:01:10	9.49	-0.01	844	800956	买盘
14:01:05	9.5	0.02	976	927200	买盘
14:00:59	9.48	0.02	96	91008	买盘
14:00:55	9.46	-0.01	347	328262	中性盘
14:00:50	9.47	0.03	920	871240	买盘
14:00:44	9.44	--	308	290752	卖盘
14:00:40	9.44	--	126	118944	卖盘
14:00:35	9.44	0.03	485	457840	买盘
14:00:29	9.41	--	79	74339	卖盘
14:00:25	9.41	0.02	821	772561	买盘
14:00:20	9.39	--	251	235689	卖盘
14:00:14	9.39	0.01	198	185922	买盘
14:00:10	9.38	--	279	261702	卖盘
14:00:05	9.38	--	134	125692	卖盘
13:59:59	9.38	--	67	62846	卖盘
13:59:55	9.38	0.02	392	367696	买盘
13:59:50	9.36	-0.02	482	451152	卖盘
13:59:44	9.38	0.01	49	45962	买盘
13:59:40	9.37	--	375	351374	卖盘
13:59:35	9.37	0.02	457	428208	买盘
13:59:29	9.35	0.01	407	380545	买盘
13:59:24	9.34	--	16	14944	中性盘
13:59:20	9.34	0.01	123	114882	中性盘
13:59:14	9.33	--	322	300426	买盘
13:59:09	9.33	0.01	38	35454	买盘
13:59:04	9.32	--	146	136072	买盘
13:58:59	9.32	--	270	251640	买盘
13:58:54	9.32	0.01	198	184536	买盘
13:58:49	9.31	--	203	188993	卖盘
13:58:44	9.31	--	278	259283	卖盘
13:58:39	9.31	0.06	5806	5405386	买盘
13:58:34	9.25	0.01	203	187775	买盘
13:58:29	9.24	-0.01	208	192192	卖盘
13:58:24	9.25	0.01	160	148000	买盘
13:58:19	9.24	--	82	75768	卖盘
13:58:14	9.24	0.01	470	434280	买盘
13:58:09	9.23	-0.01	364	335972	卖盘
13:58:04	9.24	--	247	228228	买盘
13:57:59	9.24	0.01	99	91476	买盘
13:57:54	9.23	-0.01	6	5538	卖盘
13:57:49	9.24	0.01	360	333425	买盘
13:57:44	9.23	0.01	344	317512	买盘
13:57:39	9.22	-0.01	106	97732	卖盘
13:57:34	9.23	--	195	179985	买盘
13:57:29	9.23	0.02	305	281515	买盘
13:57:24	9.21	--	3	2763	卖盘
13:57:19	9.21	--	76	69996	卖盘
13:57:14	9.21	0.03	92	84732	买盘
13:57:09	9.18	--	0	0	卖盘
13:57:04	9.18	-0.03	18	16524	卖盘
13:56:59	9.21	0.03	100	92100	买盘
13:56:54	9.18	0.01	49	44982	买盘
13:56:49	9.17	0.01	19	17423	中性盘
13:56:44	9.16	-0.01	200	183200	卖盘
13:56:39	9.17	-0.06	24	22008	买盘
13:56:34	9.23	--	0	0	买盘
13:56:29	9.23	0.08	6745	6225635	买盘
13:56:24	9.15	--	269	246592	卖盘
13:56:19	9.15	-0.02	227	207705	卖盘
13:56:14	9.17	--	241	220997	买盘
13:56:09	9.17	--	202	185234	买盘
13:56:04	9.17	0.01	10	9170	买盘
13:55:59	9.16	--	4	3664	卖盘
13:55:38	9.16	--	30	27480	卖盘
13:55:34	9.16	--	167	152972	买盘
13:55:29	9.16	0.01	213	195108	买盘
13:55:23	9.15	--	217	198555	卖盘
13:55:19	9.15	--	6	5490	卖盘
13:55:14	9.15	--	8	7320	卖盘
13:55:08	9.15	--	36	32940	卖盘
13:55:04	9.15	--	2	1830	卖盘
13:54:49	9.15	--	1	915	卖盘
13:54:44	9.15	-0.02	1	915	卖盘
13:54:38	9.17	0.01	200	183400	买盘
13:54:34	9.16	0.01	229	209764	买盘
13:54:29	9.15	-0.01	10	9150	卖盘
13:54:23	9.16	0.01	219	200604	买盘
13:54:19	9.15	-0.01	10	9150	卖盘
13:54:14	9.16	0.01	58	53128	买盘
13:54:04	9.15	--	86	78690	卖盘
13:53:59	9.15	0.01	246	225547	买盘
13:53:49	9.14	--	18	16452	卖盘
13:53:44	9.14	--	121	110594	卖盘
13:53:34	9.14	--	27	25135	卖盘
13:53:29	9.14	0.01	100	91857	买盘
13:53:23	9.13	-0.01	6	5478	卖盘
13:53:19	9.14	--	0	0	买盘
13:53:14	9.14	0.01	110	100540	买盘
13:53:08	9.13	0.01	5	4565	卖盘
13:53:04	9.12	--	101	92111	卖盘
13:52:59	9.12	--	22	20064	卖盘
13:52:48	9.12	--	100	91199	卖盘
13:52:44	9.12	-0.01	8	7295	卖盘
13:52:38	9.13	--	84	76692	卖盘
13:52:33	9.13	--	7	6391	卖盘
13:52:28	9.13	--	5	4565	卖盘
13:52:23	9.13	--	166	151558	卖盘
13:52:18	9.13	--	51	46563	卖盘
13:52:13	9.13	--	5	4565	卖盘
13:52:08	9.13	-0.01	7	6391	卖盘
13:52:03	9.14	--	7	6398	买盘
13:51:58	9.14	-0.01	278	254092	卖盘
13:51:53	9.15	0.01	7	6405	买盘
13:51:48	9.14	--	110	100540	卖盘
13:51:43	9.14	-0.01	2	1828	卖盘
13:51:23	9.15	--	422	386130	卖盘
13:51:13	9.15	--	21	19215	卖盘
13:51:08	9.15	--	1	915	卖盘
13:51:03	9.15	-0.01	27	24705	卖盘
13:50:58	9.16	0.01	5	4580	买盘
13:50:53	9.15	--	27	24705	卖盘
13:50:48	9.15	-0.01	50	45750	卖盘
13:50:28	9.16	--	56	51296	买盘
13:50:23	9.16	--	149	136621	卖盘
13:50:18	9.16	--	10	9160	卖盘
13:50:13	9.16	--	30	27480	卖盘
13:50:08	9.16	--	67	61372	卖盘
13:50:03	9.16	-0.01	14	12824	卖盘
13:49:53	9.17	0.01	5	4585	买盘
13:49:48	9.16	--	20	18320	卖盘
13:49:43	9.16	--	30	27480	卖盘
13:49:38	9.16	-0.01	25	22900	卖盘
13:49:28	9.17	0.01	133	121961	买盘
13:49:23	9.16	--	2	1832	卖盘
13:49:17	9.16	--	60	54960	卖盘
13:49:13	9.16	-0.01	50	45800	卖盘
13:49:08	9.17	0.01	12	11004	买盘
13:48:58	9.16	--	60	54960	卖盘
13:48:53	9.16	-0.01	12	10992	卖盘
13:48:43	9.17	0.01	30	27510	买盘
13:48:38	9.16	--	15	13740	卖盘
13:48:32	9.16	-0.01	10	9160	卖盘
13:48:28	9.17	0.01	61	55937	买盘
13:48:23	9.16	--	1	916	卖盘
13:48:13	9.16	--	20	18320	卖盘
13:48:08	9.16	--	82	75112	卖盘
13:47:58	9.16	--	2	1832	卖盘
13:47:53	9.16	-0.01	186	170696	卖盘
13:47:47	9.17	--	6	5502	买盘
13:47:43	9.17	--	117	107289	卖盘
13:47:38	9.17	--	20	18340	卖盘
13:47:32	9.17	--	40	36680	卖盘
13:47:28	9.17	--	50	45850	卖盘
13:47:23	9.17	--	35	32095	卖盘
13:47:08	9.17	--	5	4585	卖盘
13:47:02	9.17	--	60	55020	买盘
13:46:58	9.17	--	79	72443	卖盘
13:46:53	9.17	--	26	23842	卖盘
13:46:47	9.17	-0.01	19	17423	卖盘
13:46:43	9.18	0.01	29	26622	买盘
13:46:38	9.17	--	20	18340	卖盘
13:46:32	9.17	--	7	6419	卖盘
13:46:27	9.17	--	8	7336	卖盘
13:46:23	9.17	--	10	9170	卖盘
13:46:17	9.17	--	5	4585	卖盘
13:46:12	9.17	--	37	33929	卖盘
13:46:02	9.17	--	29	27051	卖盘
13:45:57	9.17	--	8	7336	卖盘
13:45:52	9.17	--	145	132965	卖盘
13:45:47	9.17	0.01	54	49976	买盘
13:45:37	9.16	--	2	1832	卖盘
13:45:32	9.16	--	1	916	卖盘
13:45:27	9.16	--	6	5496	卖盘
13:45:07	9.16	-0.01	73	66868	卖盘
13:45:02	9.17	0.01	83	76111	买盘
13:44:57	9.16	--	14	12824	卖盘
13:44:52	9.16	-0.01	20	18320	卖盘
13:44:47	9.17	0.01	24	22008	买盘
13:44:42	9.16	--	10	9160	卖盘
13:44:37	9.16	-0.01	13	11908	卖盘
13:44:32	9.17	0.01	23	21091	买盘
13:44:27	9.16	-0.01	1	916	卖盘
13:44:22	9.17	--	125	114625	买盘
13:44:17	9.17	--	15	13755	买盘
13:44:12	9.17	0.01	5	4585	买盘
13:44:07	9.16	-0.01	5	5038	卖盘
13:43:52	9.17	0.01	4	3668	买盘
13:43:47	9.16	-0.02	100	91600	卖盘
13:43:42	9.18	0.01	39	35802	买盘
13:43:37	9.17	--	145	133423	买盘
13:43:32	9.17	0.01	90	82530	买盘
13:43:22	9.16	--	3	2748	卖盘
13:43:17	9.16	-0.01	45	41220	卖盘
13:43:12	9.17	0.01	50	45850	买盘
13:43:07	9.16	-0.01	36	32976	卖盘
13:43:02	9.17	--	46	42182	买盘
13:42:52	9.17	--	11	10087	买盘
13:42:47	9.17	0.01	42	38514	中性盘
13:42:41	9.16	-0.01	15	13740	卖盘
13:42:37	9.17	--	7	6419	卖盘
13:42:32	9.17	0.01	99	91241	买盘
13:42:22	9.16	--	7	6412	卖盘
13:42:17	9.16	--	5	4580	卖盘
13:42:07	9.16	-0.01	21	19694	卖盘
13:42:02	9.17	0.01	104	95826	买盘
13:41:56	9.16	--	67	61372	买盘
13:41:52	9.16	-0.01	481	440596	卖盘
13:41:47	9.17	--	10	9170	买盘
13:41:37	9.17	--	10	9170	买盘
13:41:32	9.17	--	58	53644	卖盘
13:41:26	9.17	--	5	4585	卖盘
13:41:22	9.17	--	29	26593	卖盘
13:41:17	9.17	--	12	11004	卖盘
13:41:07	9.17	--	12	11462	卖盘
13:41:02	9.17	--	15	13755	卖盘
13:40:56	9.17	-0.01	103	94451	卖盘
13:40:52	9.18	--	11	10098	买盘
13:40:47	9.18	--	110	100980	买盘
13:40:41	9.18	0.01	10	9180	买盘
13:40:37	9.17	-0.02	56	51352	卖盘
13:40:32	9.19	--	369	339570	买盘
13:40:26	9.19	0.01	44	40436	买盘
13:40:22	9.18	-0.01	140	128979	卖盘
13:40:17	9.19	--	51	46869	买盘
13:40:07	9.19	--	11	10109	买盘
13:40:02	9.19	--	393	361167	卖盘
13:39:56	9.19	--	27	24813	卖盘
13:39:51	9.19	--	19	17461	卖盘
13:39:46	9.19	-0.01	107	98333	卖盘
13:39:41	9.2	0.01	42	38640	买盘
13:39:36	9.19	-0.01	82	75358	卖盘
13:39:31	9.2	--	13	11959	买盘
13:39:26	9.2	--	79	72680	买盘
13:39:21	9.2	-0.01	4	3679	买盘
13:39:16	9.21	0.01	108	99468	买盘
13:39:11	9.2	--	105	96599	卖盘
13:39:06	9.2	--	109	100279	卖盘
13:39:01	9.2	--	409	376280	卖盘
13:38:56	9.2	--	111	102119	卖盘
13:38:51	9.2	0.02	1246	1146320	买盘
13:38:46	9.18	--	39	35802	卖盘
13:38:41	9.18	-0.01	328	301104	卖盘
13:38:36	9.19	--	45	41355	买盘
13:38:31	9.19	--	33	30327	买盘
13:38:26	9.19	--	65	59735	买盘
13:38:21	9.19	-0.01	135	124065	卖盘
13:38:16	9.2	--	217	199639	买盘
13:38:11	9.2	--	111	102119	买盘
13:38:06	9.2	--	54	49679	买盘
13:38:01	9.2	-0.01	112	103039	卖盘
13:37:56	9.21	0.01	124	114204	买盘
13:37:51	9.2	--	15	13799	卖盘
13:37:46	9.2	0.01	50	46000	中性盘
13:37:41	9.19	--	58	53302	卖盘
13:37:36	9.19	0.01	315	289485	中性盘
13:37:31	9.18	-0.01	528	484704	卖盘
13:37:26	9.19	0.01	870	799530	买盘
13:37:21	9.18	-0.01	10	9180	卖盘
13:37:16	9.19	--	114	104766	买盘
13:37:11	9.19	--	178	163582	买盘
13:37:06	9.19	0.01	19	17461	买盘
13:37:01	9.18	--	77	70686	卖盘
13:36:56	9.18	0.01	893	819774	买盘
13:36:51	9.17	--	490	449330	卖盘
13:36:46	9.17	--	141	129297	卖盘
13:36:41	9.17	--	137	125629	买盘
13:36:36	9.17	--	25	22925	买盘
13:36:31	9.17	-0.01	56	51352	买盘
13:36:26	9.18	0.02	379	347922	买盘
13:36:20	9.16	--	627	574332	买盘
13:36:16	9.16	0.01	76	69616	买盘
13:36:11	9.15	--	16	14640	卖盘
13:36:05	9.15	--	1396	1277340	买盘
13:36:01	9.15	0.02	1530	1399950	买盘
13:35:50	9.13	--	51	46563	买盘
13:35:46	9.13	--	464	423632	买盘
13:35:41	9.13	--	146	133298	买盘
13:35:35	9.13	0.01	376	343288	买盘
13:35:31	9.12	--	188	171455	卖盘
13:35:26	9.12	--	140	127679	卖盘
13:35:20	9.12	-0.01	10	9120	卖盘
13:35:16	9.13	--	300	273900	买盘
13:35:11	9.13	--	23	20999	买盘
13:35:05	9.13	0.01	45	41085	买盘
13:35:01	9.12	--	16	14591	卖盘
13:34:56	9.12	--	33	30095	卖盘
13:34:50	9.12	--	108	98495	买盘
13:34:46	9.12	0.01	314	286368	买盘
13:34:41	9.11	--	89	81079	买盘
13:34:35	9.11	0.02	24	21864	买盘
13:34:26	9.09	--	75	68629	买盘
13:34:20	9.09	--	337	306333	买盘
13:34:16	9.09	--	80	72720	买盘
13:34:11	9.09	--	40	36360	买盘
13:34:05	9.09	--	2	1818	买盘
13:34:01	9.09	-0.03	938	853096	卖盘
13:33:56	9.12	--	27	24623	卖盘
13:33:50	9.12	--	1	911	卖盘
13:33:46	9.12	0.05	2984	2721863	买盘
13:33:41	9.07	--	3051	2767257	卖盘
13:33:30	9.07	-0.01	32	29024	卖盘
13:33:26	9.08	--	5	4540	买盘
13:33:15	9.08	--	566	513928	卖盘
13:33:05	9.08	-0.01	1	908	卖盘
13:32:55	9.09	--	100	90900	买盘
13:32:40	9.09	--	27	24543	卖盘
13:32:35	9.09	--	2	1818	卖盘
13:32:25	9.09	--	16	14544	卖盘
13:32:20	9.09	--	65	59085	卖盘
13:32:15	9.09	--	21	19089	卖盘
13:32:10	9.09	--	14	12726	卖盘
13:32:05	9.09	--	573	520857	卖盘
13:32:00	9.09	--	10	9090	卖盘
13:31:55	9.09	-0.01	154	139986	卖盘
13:31:35	9.1	0.01	10	9100	买盘
13:31:25	9.09	--	49	44541	卖盘
13:31:20	9.09	-0.01	75	68175	卖盘
13:31:05	9.1	--	9	8190	买盘
13:30:55	9.1	0.01	100	91000	买盘
13:30:50	9.09	--	200	181800	卖盘
13:30:40	9.09	-0.01	34	30906	卖盘
13:30:35	9.1	--	23	20930	买盘
13:30:25	9.1	--	15	13650	买盘
13:30:20	9.1	--	30	27300	买盘
13:30:05	9.1	0.01	19	17290	买盘
13:29:55	9.09	--	50	45450	卖盘
13:29:50	9.09	-0.01	46	41814	卖盘
13:29:44	9.1	--	8	7280	买盘
13:29:40	9.1	0.01	12	10920	买盘
13:29:35	9.09	-0.01	106	96354	卖盘
13:29:20	9.1	0.01	19	17290	买盘
13:29:14	9.09	-0.01	2	1818	卖盘
13:29:10	9.1	--	10	9100	买盘
13:28:59	9.1	0.01	10	9100	买盘
13:28:55	9.09	--	329	299061	卖盘
13:28:50	9.09	--	10	9090	卖盘
13:28:40	9.09	-0.01	48	43632	卖盘
13:28:35	9.1	0.01	1	910	买盘
13:28:29	9.09	-0.01	4	3636	卖盘
13:28:25	9.1	0.01	5	4550	买盘
13:28:20	9.09	-0.01	101	91809	卖盘
13:28:14	9.1	--	5	4550	买盘
13:28:05	9.1	--	163	148330	买盘
13:27:59	9.1	0.01	50	45500	买盘
13:27:50	9.09	--	36	32724	买盘
13:27:40	9.09	--	10	9090	买盘
13:27:35	9.09	--	82	74538	卖盘
13:27:29	9.09	-0.01	50	45450	卖盘
13:27:25	9.1	0.01	39	35490	买盘
13:27:20	9.09	--	29	26361	买盘
13:27:14	9.09	--	13	11817	买盘
13:27:09	9.09	--	69	62721	买盘
13:27:04	9.09	0.01	39	35451	买盘
13:26:59	9.08	--	15	13620	卖盘
13:26:49	9.08	--	7	6356	中性盘
13:26:44	9.08	0.01	10	9080	中性盘
13:26:39	9.07	-0.01	264	239448	卖盘
13:26:34	9.08	--	50	45400	买盘
13:26:29	9.08	--	61	55388	买盘
13:26:19	9.08	0.01	22	19976	买盘
13:26:14	9.07	--	20	18140	卖盘
13:26:09	9.07	--	1	907	卖盘
13:26:04	9.07	--	81	73467	卖盘
13:25:59	9.07	0.01	89	81176	买盘
13:25:54	9.06	-0.01	501	453906	卖盘
13:25:49	9.07	0.01	26	23582	买盘
13:25:44	9.06	--	15	13590	卖盘
13:25:39	9.06	--	42	38052	卖盘
13:25:34	9.06	--	23	20838	卖盘
13:25:29	9.06	--	10	9060	卖盘
13:25:24	9.06	-0.01	30	27180	卖盘
13:25:19	9.07	--	110	99770	买盘
13:25:14	9.07	0.01	6	5442	买盘
13:25:09	9.06	-0.01	44	39864	卖盘
13:25:04	9.07	--	119	107933	买盘
13:24:59	9.07	--	1	907	买盘
13:24:54	9.07	--	17	15419	买盘
13:24:49	9.07	--	616	558712	卖盘
13:24:44	9.07	--	180	163260	卖盘
13:24:34	9.07	--	38	34466	卖盘
13:24:29	9.07	--	40	36280	卖盘
13:24:24	9.07	--	10	9070	卖盘
13:24:19	9.07	--	412	374137	卖盘
13:24:14	9.07	-0.01	100	90700	卖盘
13:24:09	9.08	0.01	10	9080	买盘
13:24:04	9.07	--	5	4535	卖盘
13:23:59	9.07	--	33	29931	卖盘
13:23:54	9.07	--	3	2721	卖盘
13:23:49	9.07	--	30	27210	卖盘
13:23:44	9.07	--	2	2267	卖盘
13:23:38	9.07	--	10	9070	卖盘
13:23:34	9.07	-0.01	59	53513	卖盘
13:23:29	9.08	0.01	12	10896	买盘
13:23:23	9.07	--	138	125166	卖盘
13:23:19	9.07	--	120	108840	卖盘
13:23:14	9.07	--	3	2721	卖盘
13:23:08	9.07	--	44	39908	卖盘
13:23:04	9.07	--	182	165074	卖盘
13:22:59	9.07	--	11	9977	卖盘
13:22:53	9.07	--	15	13605	卖盘
13:22:49	9.07	--	65	58955	买盘
13:22:44	9.07	--	207	187749	买盘
13:22:38	9.07	--	38	34466	买盘
13:22:34	9.07	--	211	191377	买盘
13:22:29	9.07	-0.01	394	357358	卖盘
13:22:19	9.08	--	30	27240	买盘
13:22:14	9.08	0.01	10	9080	买盘
13:22:08	9.07	0.01	67	60769	买盘
13:21:59	9.06	-0.01	204	184824	卖盘
13:21:49	9.07	-0.01	195	176865	卖盘
13:21:38	9.08	--	32	29056	买盘
13:21:34	9.08	0.01	1	908	买盘
13:21:29	9.07	-0.01	5	4535	卖盘
13:21:19	9.08	--	174	157992	卖盘
13:21:14	9.08	--	4	3632	卖盘
13:21:08	9.08	--	9	8172	卖盘
13:21:04	9.08	--	15	13620	卖盘
13:20:59	9.08	--	94	85352	卖盘
13:20:53	9.08	-0.01	64	58112	卖盘
13:20:43	9.09	0.01	45	40905	买盘
13:20:38	9.08	-0.01	3	2724	卖盘
13:20:28	9.09	--	323	294061	卖盘
13:20:13	9.09	--	15	13635	卖盘
13:20:08	9.09	-0.01	11	9999	卖盘
13:20:03	9.1	--	9	8190	买盘
13:19:58	9.1	--	7	6370	卖盘
13:19:53	9.1	--	26	23660	卖盘
13:19:48	9.1	--	30	27300	卖盘
13:19:38	9.1	--	62	56420	卖盘
13:19:33	9.1	--	25	22831	买盘
13:19:28	9.1	--	50	45500	买盘
13:19:23	9.1	--	200	182000	买盘
13:19:13	9.1	-0.01	169	154618	卖盘
13:19:08	9.11	0.01	702	639522	买盘
13:19:03	9.1	--	5	4550	卖盘
13:18:58	9.1	--	57	51870	卖盘
13:18:53	9.1	--	404	367640	卖盘
13:18:43	9.1	--	292	265720	卖盘
13:18:38	9.1	--	7	6370	卖盘
13:18:33	9.1	--	2	1820	卖盘
13:18:23	9.1	-0.01	51	46410	卖盘
13:18:13	9.11	0.01	170	154870	买盘
13:18:08	9.1	-0.01	13	11830	卖盘
13:17:53	9.11	0.01	31	28241	买盘
13:17:43	9.1	-0.01	67	60970	卖盘
13:17:38	9.11	--	4	3644	卖盘
13:17:33	9.11	--	38	34618	卖盘
13:17:28	9.11	--	45	40995	卖盘
13:17:23	9.11	--	415	378146	买盘
13:17:13	9.11	0.01	110	100210	买盘
13:17:08	9.1	--	29	26390	卖盘
13:16:58	9.1	--	10	9100	卖盘
13:16:53	9.1	--	51	46410	卖盘
13:16:47	9.1	-0.01	89	80990	卖盘
13:16:43	9.11	--	92	83812	买盘
13:16:38	9.11	--	11	10021	买盘
13:16:23	9.11	--	40	36440	买盘
13:16:13	9.11	--	33	30062	买盘
13:16:08	9.11	--	27	25426	卖盘
13:16:02	9.11	--	54	49194	卖盘
13:15:58	9.11	--	109	99299	卖盘
13:15:53	9.11	--	145	132095	卖盘
13:15:47	9.11	--	6	5466	卖盘
13:15:43	9.11	--	52	47372	卖盘
13:15:38	9.11	--	22	20042	卖盘
13:15:32	9.11	--	22	20042	卖盘
13:15:28	9.11	0.02	799	727970	买盘
13:15:23	9.09	-0.01	16	14544	卖盘
13:15:17	9.1	--	30	27300	买盘
13:15:13	9.1	--	2	1820	买盘
13:15:08	9.1	0.01	10	9100	中性盘
13:15:02	9.09	-0.01	38	34996	卖盘
13:14:58	9.1	--	54	49140	卖盘
13:14:53	9.1	-0.01	83	75530	卖盘
13:14:47	9.11	0.01	12	10932	买盘
13:14:43	9.1	--	165	150150	卖盘
13:14:38	9.1	--	246	223860	卖盘
13:14:27	9.1	--	5	4550	卖盘
13:14:23	9.1	--	60	54600	卖盘
13:14:17	9.1	--	147	133770	卖盘
13:14:12	9.1	--	20	18200	卖盘
13:14:08	9.1	--	12	10920	卖盘
13:13:57	9.1	--	69	62790	卖盘
13:13:52	9.1	--	84	76440	卖盘
13:13:37	9.1	-0.01	10	9100	卖盘
13:13:32	9.11	--	236	214996	买盘
13:13:27	9.11	0.01	50	45550	买盘
13:13:22	9.1	-0.01	12	10920	卖盘
13:13:12	9.11	--	30	27330	买盘
13:13:07	9.11	--	283	257812	买盘
13:13:02	9.11	--	8	7288	买盘
13:12:52	9.11	-0.01	687	626686	卖盘
13:12:47	9.12	0.01	85	77520	买盘
13:12:42	9.11	-0.01	16	14576	卖盘
13:12:32	9.12	0.01	15	13679	买盘
13:12:27	9.11	--	52	47372	卖盘
13:12:22	9.11	--	32	29152	卖盘
13:12:17	9.11	-0.01	2	1822	卖盘
13:12:12	9.12	0.01	5	4560	买盘
13:12:07	9.11	--	77	70147	卖盘
13:12:02	9.11	--	10	9110	卖盘
13:11:57	9.11	--	33	30062	卖盘
13:11:52	9.11	-0.01	233	212263	卖盘
13:11:47	9.12	--	52	47423	买盘
13:11:42	9.12	--	1	911	买盘
13:11:37	9.12	--	15	13679	买盘
13:11:32	9.12	--	70	63839	买盘
13:11:27	9.12	0.01	90	82080	买盘
13:11:22	9.11	-0.01	36	32796	卖盘
13:11:17	9.12	0.01	14	12767	买盘
13:11:12	9.11	-0.01	53	48283	卖盘
13:11:02	9.12	0.01	370	337440	买盘
13:10:57	9.11	--	45	41450	卖盘
13:10:52	9.11	--	5	4555	卖盘
13:10:47	9.11	--	22	20042	卖盘
13:10:41	9.11	--	173	158140	买盘
13:10:37	9.11	--	137	124806	买盘
13:10:32	9.11	--	127	115697	买盘
13:10:26	9.11	0.01	199	181289	买盘
13:10:17	9.1	-0.01	28	25480	卖盘
13:10:11	9.11	--	5	4555	买盘
13:10:07	9.11	--	26	23686	买盘
13:10:02	9.11	--	50	45550	买盘
13:09:52	9.11	0.01	18	16398	买盘
13:09:47	9.1	--	1	910	卖盘
13:09:41	9.1	-0.01	65	59150	卖盘
13:09:37	9.11	--	240	218640	买盘
13:09:22	9.11	0.01	20	18220	买盘
13:09:17	9.1	-0.01	118	107380	卖盘
13:09:11	9.11	--	27	24597	买盘
13:09:07	9.11	0.01	34	30973	买盘
13:09:02	9.1	--	14	12740	卖盘
13:08:52	9.1	-0.01	68	61880	卖盘
13:08:47	9.11	--	306	278766	买盘
13:08:37	9.11	0.01	104	94744	买盘
13:08:26	9.1	--	6	5460	卖盘
13:08:22	9.1	--	66	60060	卖盘
13:08:17	9.1	--	117	106470	卖盘
13:08:11	9.1	--	3	2730	卖盘
13:08:02	9.1	-0.01	20	18200	卖盘
13:07:56	9.11	0.01	4	3644	买盘
13:07:52	9.1	--	6	5460	卖盘
13:07:46	9.1	-0.01	162	147420	卖盘
13:07:41	9.11	--	21	19131	买盘
13:07:36	9.11	0.01	50	45550	买盘
13:07:26	9.1	-0.01	60	54600	卖盘
13:07:21	9.11	0.01	56	51016	买盘
13:07:16	9.1	-0.01	59	53690	卖盘
13:07:11	9.11	0.01	51	46461	买盘
13:07:01	9.1	-0.01	2	1820	卖盘
13:06:56	9.11	0.01	106	96566	买盘
13:06:46	9.1	--	41	37310	卖盘
13:06:41	9.1	--	10	9100	卖盘
13:06:31	9.1	--	10	9100	卖盘
13:06:26	9.1	--	62	56420	卖盘
13:06:11	9.1	-0.01	5	4550	卖盘
13:06:01	9.11	--	100	91100	买盘
13:05:51	9.11	0.02	300	273300	买盘
13:05:46	9.09	-0.01	239	218078	卖盘
13:05:41	9.1	0.01	33	30111	买盘
13:05:36	9.09	-0.01	50	45450	卖盘
13:05:31	9.1	--	0	828	卖盘
13:05:26	9.1	0.01	204	185721	买盘
13:05:21	9.09	-0.01	1	909	卖盘
13:05:16	9.1	0.01	4	3640	买盘
13:05:06	9.09	-0.01	24	21816	卖盘
13:05:01	9.1	--	18	16380	买盘
13:04:56	9.1	--	45	40950	买盘
13:04:51	9.1	--	19	18118	卖盘
13:04:46	9.1	--	136	123760	卖盘
13:04:41	9.1	-0.01	110	100100	卖盘
13:04:36	9.11	0.01	101	92011	买盘
13:04:31	9.1	--	33	30030	卖盘
13:04:26	9.1	--	164	149240	卖盘
13:04:21	9.1	--	26	23660	卖盘
13:04:16	9.1	--	20	18200	卖盘
13:04:11	9.1	--	61	55510	卖盘
13:04:01	9.1	-0.01	40	36481	卖盘
13:03:56	9.11	--	43	39173	买盘
13:03:50	9.11	0.01	36	32796	买盘
13:03:46	9.1	-0.01	74	67340	卖盘
13:03:41	9.11	--	239	217729	买盘
13:03:35	9.11	--	56	51016	买盘
13:03:31	9.11	0.01	88	80168	买盘
13:03:26	9.1	--	10	9100	卖盘
13:03:20	9.1	-0.01	30	27300	卖盘
13:03:16	9.11	0.01	66	60125	买盘
13:03:11	9.1	-0.01	39	35490	卖盘
13:03:05	9.11	0.01	10	9110	中性盘
13:03:01	9.1	-0.01	316	287560	卖盘
13:02:56	9.11	-0.01	297	270567	卖盘
13:02:50	9.12	0.01	52	47423	买盘
13:02:41	9.11	-0.01	42	38262	卖盘
13:02:35	9.12	0.01	115	104879	买盘
13:02:31	9.11	--	20	18220	卖盘
13:02:26	9.11	0.01	365	332515	买盘
13:02:20	9.1	--	5	4550	买盘
13:02:16	9.1	0.01	214	194740	买盘
13:02:11	9.09	-0.01	126	114534	卖盘
13:02:05	9.1	0.01	12	10920	买盘
13:02:01	9.09	-0.01	1063	966267	卖盘
13:01:56	9.1	--	106	96460	买盘
13:01:50	9.1	--	209	190190	买盘
13:01:46	9.1	0.01	559	508690	买盘
13:01:41	9.09	-0.01	118	107262	卖盘
13:01:31	9.1	0.01	558	507780	买盘
13:01:26	9.09	--	42	38178	买盘
13:01:16	9.09	--	105	95445	买盘
13:01:11	9.09	0.01	70	63630	买盘
13:01:05	9.08	-0.01	7	6356	买盘
13:01:00	9.09	0.02	1000	909000	买盘
13:00:55	9.07	-0.01	231	209517	卖盘
13:00:50	9.08	0.01	105	95340	买盘
13:00:40	9.07	-0.01	23	20861	卖盘
13:00:35	9.08	0.01	145	131660	买盘
13:00:30	9.07	--	314	284798	买盘
13:00:20	9.07	0.01	20	18140	买盘
13:00:10	9.06	-0.01	402	364212	卖盘
13:00:05	9.07	0.02	719	652133	买盘
11:30:00	9.05	--	0	0	卖盘
11:30:00	9.05	--	0	0	卖盘
11:30:00	9.05	-0.01	3	2715	卖盘
11:29:57	9.06	--	150	135900	买盘
11:29:52	9.06	--	30	27180	买盘
11:29:47	9.06	--	10	9060	买盘
11:29:42	9.06	--	5	4530	买盘
11:29:37	9.06	--	32	28992	买盘
11:29:32	9.06	0.01	6	5436	买盘
11:29:27	9.05	-0.01	14	12670	卖盘
11:29:22	9.06	--	26	23556	买盘
11:29:12	9.06	0.01	50	45300	买盘
11:29:07	9.05	--	50	45250	卖盘
11:29:02	9.05	-0.01	110	99550	卖盘
11:28:52	9.06	0.01	91	82446	买盘
11:28:47	9.05	-0.01	23	20815	卖盘
11:28:42	9.06	--	13	11778	买盘
11:28:32	9.06	0.01	26	23556	买盘
11:28:27	9.05	-0.01	47	42535	卖盘
11:28:17	9.06	--	13	11778	买盘
11:28:07	9.06	--	40	36240	买盘
11:27:52	9.06	0.01	34	30804	买盘
11:27:46	9.05	--	10	9050	卖盘
11:27:42	9.05	-0.01	700	633500	卖盘
11:27:36	9.06	0.01	117	106002	买盘
11:27:31	9.05	--	699	632595	买盘
11:27:26	9.05	--	50	45250	买盘
11:27:21	9.05	-0.01	391	353855	卖盘
11:27:16	9.06	0.01	147	133182	买盘
11:27:11	9.05	--	1	905	卖盘
11:27:06	9.05	--	104	94120	卖盘
11:27:01	9.05	--	108	97740	卖盘
11:26:56	9.05	--	10	9050	卖盘
11:26:51	9.05	--	10	9050	卖盘
11:26:46	9.05	0.01	28	25340	买盘
11:26:41	9.04	--	0	0	卖盘
11:26:36	9.04	--	226	204755	卖盘
11:26:31	9.04	-0.01	68	61471	卖盘
11:26:26	9.05	--	91	82355	买盘
11:26:21	9.05	0.01	10	9050	买盘
11:26:16	9.04	-0.01	117	105767	卖盘
11:26:11	9.05	0.01	134	121270	买盘
11:26:06	9.04	-0.01	305	275720	卖盘
11:26:01	9.05	--	39	35295	买盘
11:25:56	9.05	--	10	9050	买盘
11:25:51	9.05	--	183	165615	卖盘
11:25:46	9.05	--	5	4525	卖盘
11:25:41	9.05	--	298	269690	卖盘
11:25:31	9.05	-0.01	10	9050	卖盘
11:25:26	9.06	--	59	53454	买盘
11:25:21	9.06	--	1000	906000	买盘
11:25:16	9.06	--	30	27180	买盘
11:25:11	9.06	--	326	295356	卖盘
11:25:06	9.06	--	232	210192	卖盘
11:25:01	9.06	--	38	34428	卖盘
11:24:56	9.06	--	5	4530	卖盘
11:24:51	9.06	--	251	227406	买盘
11:24:46	9.06	0.01	300	271800	买盘
11:24:41	9.05	-0.01	103	93215	卖盘
11:24:36	9.06	--	50	45300	买盘
11:24:31	9.06	0.01	139	125934	买盘
11:24:26	9.05	--	63	57015	卖盘
11:24:21	9.05	--	8	7240	卖盘
11:24:16	9.05	--	214	193670	买盘
11:24:11	9.05	--	124	112220	买盘
11:24:06	9.05	--	10	9050	买盘
11:24:01	9.05	--	350	316750	买盘
11:23:56	9.05	--	274	247970	买盘
11:23:51	9.05	0.01	111	100455	买盘
11:23:46	9.04	--	17	15367	卖盘
11:23:41	9.04	-0.01	760	687039	卖盘
11:23:36	9.05	--	40	36200	买盘
11:23:31	9.05	--	152	137560	买盘
11:23:26	9.05	--	122	110410	买盘
11:23:16	9.05	--	81	73305	买盘
11:23:11	9.05	--	50	45250	买盘
11:23:06	9.05	0.01	115	104075	买盘
11:23:01	9.04	-0.01	57	51527	卖盘
11:22:56	9.05	--	3	2715	买盘
11:22:51	9.05	0.01	61	55205	买盘
11:22:46	9.04	--	81	73224	卖盘
11:22:41	9.04	-0.01	267	241367	卖盘
11:22:31	9.05	0.01	23	20815	买盘
11:22:26	9.04	--	4	3615	卖盘
11:22:16	9.04	--	276	249775	买盘
11:22:11	9.04	--	388	350751	买盘
11:22:01	9.04	--	7	6327	买盘
11:21:56	9.04	0.01	405	366119	买盘
11:21:41	9.03	--	9	8126	卖盘
11:21:25	9.03	--	18	16253	卖盘
11:21:15	9.03	--	10	9030	卖盘
11:21:10	9.03	--	1	902	卖盘
11:21:01	9.03	0.01	370	334110	买盘
11:20:55	9.02	-0.01	162	146124	卖盘
11:20:50	9.03	--	101	91203	买盘
11:20:45	9.03	0.01	1	902	买盘
11:20:40	9.02	-0.01	5	4510	卖盘
11:20:30	9.03	0.01	50	45150	买盘
11:20:20	9.02	--	294	265188	卖盘
11:20:15	9.02	--	6	5412	卖盘
11:20:10	9.02	--	28	25707	买盘
11:20:05	9.02	--	8	7216	买盘
11:20:00	9.02	--	60	54120	买盘
11:19:55	9.02	0.01	20	18040	买盘
11:19:50	9.01	--	2	1802	卖盘
11:19:40	9.01	--	5	4505	卖盘
11:19:35	9.01	-0.01	62	55862	卖盘
11:19:30	9.02	0.01	118	106436	买盘
11:19:20	9.01	--	0	0	卖盘
11:19:15	9.01	-0.02	306	275706	卖盘
11:19:10	9.03	0.01	510	460529	买盘
11:19:05	9.02	--	11	9922	卖盘
11:19:00	9.02	--	20	18040	卖盘
11:18:50	9.02	--	10	9020	卖盘
11:18:40	9.02	--	220	198440	卖盘
11:18:30	9.02	--	1	902	卖盘
11:18:25	9.02	--	107	96514	卖盘
11:18:20	9.02	--	7	6314	卖盘
11:18:15	9.02	--	17	15334	卖盘
11:18:10	9.02	--	15	13530	卖盘
11:18:05	9.02	--	67	60434	卖盘
11:17:55	9.02	--	25	22550	卖盘
11:17:50	9.02	--	20	18040	卖盘
11:17:45	9.02	--	110	99220	卖盘
11:17:40	9.02	--	13	11726	买盘
11:17:35	9.02	--	77	69454	买盘
11:17:30	9.02	0.01	5	4510	买盘
11:17:25	9.01	-0.01	40	36040	卖盘
11:17:20	9.02	0.01	50	45100	买盘
11:17:10	9.01	-0.01	20	18020	卖盘
11:17:05	9.02	--	41	36982	买盘
11:17:00	9.02	--	77	69454	买盘
11:16:50	9.02	--	7	6314	买盘
11:16:45	9.02	--	12	10824	卖盘
11:16:40	9.02	--	65	58630	卖盘
11:16:34	9.02	--	9	8118	卖盘
11:16:25	9.02	--	31	27962	买盘
11:16:20	9.02	--	13	11726	买盘
11:16:10	9.02	--	22	19844	买盘
11:16:00	9.02	--	12	10824	买盘
11:15:50	9.02	--	36	32472	买盘
11:15:40	9.02	-0.01	26	23452	卖盘
11:15:34	9.03	0.01	39	35217	买盘
11:15:30	9.02	-0.01	21	18942	卖盘
11:15:25	9.03	--	50	45150	买盘
11:15:19	9.03	0.01	104	93912	买盘
11:15:15	9.02	-0.01	5	4510	卖盘
11:15:10	9.03	0.01	1	902	买盘
11:15:04	9.02	--	2	1804	卖盘
11:15:00	9.02	--	5	4510	卖盘
11:14:55	9.02	-0.01	26	23452	卖盘
11:14:49	9.03	0.01	5	4515	买盘
11:14:45	9.02	--	105	94710	卖盘
11:14:39	9.02	--	8	7216	卖盘
11:14:30	9.02	--	40	36080	卖盘
11:14:24	9.02	--	5	4510	卖盘
11:14:19	9.02	--	15	13530	卖盘
11:14:14	9.02	--	10	9020	卖盘
11:14:09	9.02	0.01	433	390566	买盘
11:14:04	9.01	--	12	10812	卖盘
11:13:59	9.01	--	1	901	卖盘
11:13:54	9.01	--	30	27030	卖盘
11:13:49	9.01	--	109	98209	卖盘
11:13:34	9.01	0.01	80	72530	买盘
11:13:24	9.0	-0.01	70	63000	卖盘
11:13:19	9.01	--	49	44149	买盘
11:13:14	9.01	--	30	27030	买盘
11:13:09	9.01	--	53	47753	买盘
11:12:59	9.01	--	34	30634	买盘
11:12:54	9.01	0.01	193	173893	买盘
11:12:49	9.0	-0.01	15	13500	卖盘
11:12:39	9.01	--	12	10812	买盘
11:12:34	9.01	--	3	2703	买盘
11:12:29	9.01	--	127	114427	买盘
11:12:19	9.01	--	10	9010	买盘
11:12:04	9.01	--	69	62619	卖盘
11:11:59	9.01	--	56	50456	卖盘
11:11:53	9.01	--	15	13515	卖盘
11:11:49	9.01	--	80	72080	卖盘
11:11:44	9.01	--	63	56763	卖盘
11:11:38	9.01	--	57	51357	卖盘
11:11:34	9.01	--	48	43698	买盘
11:11:23	9.01	--	67	60817	卖盘
11:11:19	9.01	--	5	4955	买盘
11:11:14	9.01	0.01	1	901	买盘
11:11:04	9.0	-0.01	15	13500	卖盘
11:10:59	9.01	--	13	11713	买盘
11:10:53	9.01	--	84	76134	卖盘
11:10:49	9.01	--	67	60367	卖盘
11:10:44	9.01	--	1	901	卖盘
11:10:39	9.01	-0.01	3	2703	卖盘
11:10:34	9.02	0.01	23	20746	买盘
11:10:14	9.01	--	38	34688	买盘
11:10:09	9.01	--	4	3604	买盘
11:09:59	9.01	--	35	31985	卖盘
11:09:54	9.01	--	2	1802	卖盘
11:09:49	9.01	--	5	4505	卖盘
11:09:44	9.01	-0.01	1	901	卖盘
11:09:39	9.02	0.01	4	3608	买盘
11:09:29	9.01	--	21	18921	卖盘
11:09:24	9.01	--	2	1802	卖盘
11:09:19	9.01	-0.01	100	90100	卖盘
11:09:14	9.02	0.01	65	58630	买盘
11:09:09	9.01	--	61	54961	卖盘
11:09:04	9.01	--	18	16668	买盘
11:08:59	9.01	0.01	209	188309	买盘
11:08:54	9.0	-0.01	26	23400	卖盘
11:08:39	9.01	-0.02	32	29282	卖盘
11:08:28	9.03	--	0	0	买盘
11:08:23	9.03	0.02	110	99781	买盘
11:08:18	9.01	--	525	473475	卖盘
11:08:13	9.01	--	3	2703	卖盘
11:08:03	9.01	--	4	3604	卖盘
11:07:58	9.01	--	5	4505	卖盘
11:07:53	9.01	-0.01	13	11713	卖盘
11:07:48	9.02	0.01	13	11726	买盘
11:07:43	9.01	--	30	27030	卖盘
11:07:28	9.01	-0.01	80	72080	卖盘
11:07:23	9.02	0.01	50	45100	买盘
11:07:18	9.01	-0.01	505	455005	卖盘
11:07:13	9.02	--	53	47806	买盘
11:07:08	9.02	0.01	4	3608	买盘
11:07:03	9.01	-0.01	75	67575	卖盘
11:06:58	9.02	--	5	4510	买盘
11:06:53	9.02	--	8	7216	买盘
11:06:43	9.02	--	35	31570	卖盘
11:06:38	9.02	--	5	4510	卖盘
11:06:33	9.02	0.01	70	63140	买盘
11:06:28	9.01	-0.02	57	51357	卖盘
11:06:23	9.03	--	280	252839	买盘
11:06:18	9.03	--	68	61403	买盘
11:06:13	9.03	--	0	0	买盘
11:06:08	9.03	0.01	45	40635	买盘
11:06:03	9.02	--	517	466334	卖盘
11:05:58	9.02	--	20	18040	卖盘
11:05:53	9.02	--	50	45100	卖盘
11:05:48	9.02	--	304	274208	卖盘
11:05:38	9.02	-0.01	6	5412	卖盘
11:05:32	9.03	0.01	13	11739	买盘
11:05:28	9.02	--	26	23452	卖盘
11:05:23	9.02	--	3	2706	卖盘
11:05:13	9.02	--	54	48708	卖盘
11:05:02	9.02	--	7	6314	卖盘
11:04:58	9.02	--	0	0	卖盘
11:04:53	9.02	-0.01	233	210166	卖盘
11:04:47	9.03	--	10	9030	买盘
11:04:43	9.03	--	4	3611	买盘
11:04:38	9.03	0.01	18	16253	买盘
11:04:33	9.02	--	0	0	卖盘
11:04:28	9.02	-0.01	20	18040	卖盘
11:04:23	9.03	0.01	13	11739	中性盘
11:04:12	9.02	--	30	27060	卖盘
11:04:08	9.02	-0.02	939	846978	卖盘
11:03:58	9.04	0.01	30	27119	买盘
11:03:53	9.03	--	50	45150	买盘
11:03:48	9.03	--	6	5418	买盘
11:03:43	9.03	-0.01	57	51470	卖盘
11:03:38	9.04	0.01	58	52431	买盘
11:03:32	9.03	-0.01	1	902	卖盘
11:03:28	9.04	--	75	67800	买盘
11:03:23	9.04	0.01	20	18080	买盘
11:03:17	9.03	--	10	9030	卖盘
11:03:13	9.03	--	42	37926	买盘
11:03:08	9.03	0.01	10	9030	买盘
11:03:02	9.02	--	14	12628	卖盘
11:02:53	9.02	--	5	4510	卖盘
11:02:48	9.02	--	0	0	卖盘
11:02:43	9.02	-0.01	1362	1228524	卖盘
11:02:38	9.03	0.01	21	18963	买盘
11:02:22	9.02	--	25	22550	卖盘
11:02:13	9.02	--	75	67650	卖盘
11:02:07	9.02	--	5	4510	买盘
11:01:57	9.02	--	60	54120	买盘
11:01:52	9.02	--	8	7216	买盘
11:01:47	9.02	0.01	95	85690	买盘
11:01:37	9.01	-0.01	69	62169	卖盘
11:01:32	9.02	--	10	9020	买盘
11:01:27	9.02	--	3	2706	买盘
11:01:22	9.02	--	250	225500	买盘
11:01:17	9.02	0.01	4	3608	买盘
11:01:12	9.01	-0.01	20	18020	卖盘
11:01:02	9.02	--	20	18040	买盘
11:00:57	9.02	0.01	255	230010	买盘
11:00:52	9.01	--	35	31535	卖盘
11:00:42	9.01	--	41	36941	卖盘
11:00:37	9.01	--	53	47753	卖盘
11:00:27	9.01	--	6	5406	卖盘
11:00:22	9.01	--	110	99110	卖盘
11:00:17	9.01	--	30	27030	卖盘
11:00:12	9.01	--	14	12614	卖盘
11:00:07	9.01	0.01	193	174343	买盘
10:59:42	9.0	--	53	48150	卖盘
10:59:37	9.0	--	10	9000	卖盘
10:59:32	9.0	-0.01	9	8100	卖盘
10:59:27	9.01	0.01	28	25228	买盘
10:59:22	9.0	--	185	166950	卖盘
10:59:17	9.0	-0.01	33	29700	卖盘
10:59:07	9.01	0.01	33	29733	买盘
10:59:02	9.0	--	105	94500	卖盘
10:58:52	9.0	--	13	11700	卖盘
10:58:46	9.0	-0.01	50	45000	卖盘
10:58:37	9.01	0.01	133	119833	中性盘
10:58:32	9.0	--	133	119700	卖盘
10:58:26	9.0	-0.01	117	105750	卖盘
10:58:17	9.01	--	11	9911	买盘
10:58:11	9.01	--	11	9911	买盘
10:58:06	9.01	--	48	43248	买盘
10:58:02	9.01	--	270	243270	卖盘
10:57:51	9.01	--	14	12614	卖盘
10:57:47	9.01	--	11	9911	卖盘
10:57:41	9.01	--	25	22525	卖盘
10:57:32	9.01	0.01	182	163982	买盘
10:57:26	9.0	-0.01	10	9000	卖盘
10:57:21	9.01	--	27	24327	买盘
10:57:11	9.01	--	21	18921	卖盘
10:57:06	9.01	--	10	9010	卖盘
10:56:56	9.01	--	46	41446	买盘
10:56:51	9.01	--	40	36040	买盘
10:56:36	9.01	--	60	54060	买盘
10:56:26	9.01	-0.01	34	30634	卖盘
10:56:21	9.02	0.01	30	27060	买盘
10:56:16	9.01	-0.01	70	63070	卖盘
10:56:11	9.02	0.01	20	18040	买盘
10:56:06	9.01	--	29	26129	卖盘
10:56:02	9.01	-0.01	11	9911	中性盘
10:55:56	9.02	--	89	80278	买盘
10:55:51	9.02	0.01	28	25256	买盘
10:55:46	9.01	-0.01	129	116229	卖盘
10:55:41	9.02	0.01	55	49610	买盘
10:55:36	9.01	--	189	170289	卖盘
10:55:31	9.01	--	59	53159	卖盘
10:55:26	9.01	-0.01	50	45050	卖盘
10:55:21	9.02	--	64	57728	买盘
10:55:16	9.02	0.01	135	121770	买盘
10:55:11	9.01	-0.01	24	21624	卖盘
10:55:06	9.02	--	27	24354	买盘
10:55:01	9.02	--	42	37884	卖盘
10:54:56	9.02	-0.01	10	9020	卖盘
10:54:51	9.03	--	56	50568	买盘
10:54:46	9.03	--	61	55082	买盘
10:54:41	9.03	--	10	9030	买盘
10:54:36	9.03	--	30	27089	买盘
10:54:31	9.03	-0.01	414	374293	卖盘
10:54:26	9.04	0.01	155	140120	买盘
10:54:21	9.03	--	53	47859	卖盘
10:54:16	9.03	-0.01	166	149898	卖盘
10:54:11	9.04	--	118	106671	买盘
10:54:01	9.04	--	92	83619	卖盘
10:53:56	9.04	--	147	133340	买盘
10:53:51	9.04	--	42	37968	买盘
10:53:46	9.04	--	60	54691	卖盘
10:53:41	9.04	--	158	143284	买盘
10:53:36	9.04	--	150	135600	买盘
10:53:31	9.04	--	254	230067	卖盘
10:53:26	9.04	--	28	25311	卖盘
10:53:21	9.04	--	87	79099	卖盘
10:53:16	9.04	--	105	94919	卖盘
10:53:11	9.04	--	312	282048	买盘
10:53:06	9.04	0.01	206	186223	买盘
10:53:01	9.03	-0.01	47	42441	卖盘
10:52:56	9.04	--	210	189839	买盘
10:52:46	9.04	0.01	70	63279	买盘
10:52:41	9.03	--	69	62758	买盘
10:52:35	9.03	--	106	95718	买盘
10:52:31	9.03	--	115	103844	买盘
10:52:26	9.03	-0.01	223	201820	卖盘
10:52:20	9.04	--	629	568616	卖盘
10:52:16	9.04	0.01	670	606132	买盘
10:52:11	9.03	--	161	145383	卖盘
10:52:05	9.03	--	6	5418	卖盘
10:52:00	9.03	0.01	201	181503	买盘
10:51:56	9.02	-0.01	298	268796	卖盘
10:51:50	9.03	--	30	27089	买盘
10:51:45	9.03	0.01	13	11739	买盘
10:51:41	9.02	--	5	4510	卖盘
10:51:35	9.02	--	9	8118	卖盘
10:51:30	9.02	0.02	613	552926	买盘
10:51:20	9.0	-0.01	5	4500	卖盘
10:51:15	9.01	--	46	41446	买盘
10:51:05	9.01	-0.01	299	269399	卖盘
10:51:00	9.02	0.01	22	19844	买盘
10:50:56	9.01	--	26	23426	卖盘
10:50:50	9.01	--	30	27030	卖盘
10:50:45	9.01	--	8	7208	卖盘
10:50:41	9.01	--	163	146863	买盘
10:50:35	9.01	--	40	36040	买盘
10:50:26	9.01	0.01	15	13515	买盘
10:50:20	9.0	-0.01	20	18000	卖盘
10:50:15	9.01	0.01	57	51357	买盘
10:50:11	9.0	0.01	637	573300	买盘
10:50:00	8.99	-0.01	500	449500	卖盘
10:49:55	9.0	0.01	17	15300	买盘
10:49:50	8.99	--	20	17980	卖盘
10:49:45	8.99	--	39	35061	卖盘
10:49:40	8.99	--	14	12586	卖盘
10:49:35	8.99	--	108	97092	卖盘
10:49:30	8.99	--	90	80910	卖盘
10:49:25	8.99	0.01	206	185194	买盘
10:49:20	8.98	-0.01	22	19756	卖盘
10:49:15	8.99	0.01	95	85405	买盘
10:49:10	8.98	-0.01	30	26940	卖盘
10:49:05	8.99	0.01	40	35960	买盘
10:49:00	8.98	-0.01	22	19756	中性盘
10:48:55	8.99	0.02	471	423429	买盘
10:48:50	8.97	-0.01	90	80730	卖盘
10:48:45	8.98	--	112	100576	买盘
10:48:40	8.98	--	110	98780	买盘
10:48:34	8.98	--	197	176906	买盘
10:48:30	8.98	--	34	30532	买盘
10:48:25	8.98	0.01	293	263114	买盘
10:48:20	8.97	-0.01	7	6279	卖盘
10:48:15	8.98	0.01	32	28736	买盘
10:48:10	8.97	-0.01	70	62790	卖盘
10:48:00	8.98	0.01	114	102372	买盘
10:47:55	8.97	-0.01	47	42159	卖盘
10:47:45	8.98	--	37	33226	买盘
10:47:40	8.98	0.01	24	21552	买盘
10:47:30	8.97	-0.01	30	26910	卖盘
10:47:25	8.98	--	51	45798	买盘
10:47:20	8.98	0.01	62	55676	买盘
10:47:15	8.97	-0.01	325	291525	卖盘
10:47:10	8.98	0.01	96	86208	买盘
10:47:05	8.97	--	10	8970	卖盘
10:47:00	8.97	--	124	111228	卖盘
10:46:55	8.97	--	116	104052	卖盘
10:46:50	8.97	--	57	51129	买盘
10:46:45	8.97	--	33	29601	买盘
10:46:40	8.97	-0.01	20	17940	中性盘
10:46:35	8.98	--	25	22450	买盘
10:46:29	8.98	0.02	10	8980	买盘
10:46:14	8.96	--	2	1792	卖盘
10:46:05	8.96	--	5	4480	卖盘
10:45:55	8.96	0.03	80	71680	买盘
10:45:50	8.93	-0.01	83	74119	卖盘
10:45:44	8.94	--	86	76884	买盘
10:45:40	8.94	--	3520	3146880	买盘
10:45:24	8.94	--	92	82248	买盘
10:45:20	8.94	--	106	94764	买盘
10:45:14	8.94	--	84	75096	买盘
10:45:09	8.94	--	328	293232	买盘
10:45:05	8.94	--	39	34866	买盘
10:44:54	8.94	--	100	89400	买盘
10:44:50	8.94	--	93	83589	卖盘
10:44:39	8.94	--	323	289209	买盘
10:44:34	8.94	--	405	362070	买盘
10:44:29	8.94	--	80	71520	买盘
10:44:24	8.94	--	122	109068	买盘
10:44:20	8.94	--	47	42018	买盘
10:44:05	8.94	0.01	10	8940	买盘
10:43:59	8.93	-0.01	6	5358	卖盘
10:43:54	8.94	0.01	90	80460	买盘
10:43:50	8.93	-0.01	10	8930	卖盘
10:43:39	8.94	--	4	3576	买盘
10:43:35	8.94	--	15	13410	买盘
10:43:24	8.94	--	10	8940	买盘
10:43:19	8.94	--	26	23244	买盘
10:43:14	8.94	--	1	894	买盘
10:43:09	8.94	0.01	53	47382	买盘
10:43:04	8.93	-0.01	70	62510	卖盘
10:42:59	8.94	--	2	1788	买盘
10:42:54	8.94	0.01	3	2682	买盘
10:42:49	8.93	-0.01	74	66082	卖盘
10:42:44	8.94	0.01	50	44700	买盘
10:42:39	8.93	--	13	11609	卖盘
10:42:34	8.93	--	2	1786	卖盘
10:42:19	8.93	-0.01	20	17860	卖盘
10:42:09	8.94	--	38	33972	买盘
10:42:04	8.94	--	100	89400	买盘
10:41:59	8.94	--	55	49170	买盘
10:41:54	8.94	0.01	199	177906	买盘
10:41:49	8.93	-0.01	299	267007	卖盘
10:41:43	8.94	--	129	115326	买盘
10:41:39	8.94	--	8	7152	买盘
10:41:34	8.94	--	447	399618	买盘
10:41:29	8.94	--	26	23244	买盘
10:41:24	8.94	--	60	53640	买盘
10:41:19	8.94	--	161	143934	买盘
10:41:14	8.94	--	205	183270	买盘
10:41:09	8.94	--	10	8940	买盘
10:41:04	8.94	--	94	84036	买盘
10:40:59	8.94	--	129	115326	买盘
10:40:44	8.94	-0.01	17	15198	卖盘
10:40:39	8.95	--	150	134250	买盘
10:40:34	8.95	0.01	335	299825	买盘
10:40:29	8.94	-0.01	811	725034	卖盘
10:40:23	8.95	0.01	100	89500	买盘
10:40:19	8.94	-0.01	34	30396	卖盘
10:40:14	8.95	0.01	41	36695	买盘
10:40:08	8.94	--	6	5364	卖盘
10:40:04	8.94	-0.01	7	6258	卖盘
10:39:59	8.95	0.01	27	24164	买盘
10:39:53	8.94	-0.01	10	8940	卖盘
10:39:49	8.95	--	10	8950	买盘
10:39:29	8.95	0.01	4	3579	买盘
10:39:23	8.94	--	59	52746	买盘
10:39:18	8.94	--	0	0	中性盘
10:39:14	8.94	--	7	6258	卖盘
10:38:59	8.94	0.01	170	151980	买盘
10:38:53	8.93	--	84	75012	买盘
10:38:48	8.93	--	12	10716	买盘
10:38:44	8.93	-0.01	185	165205	卖盘
10:38:33	8.94	0.02	2	1788	买盘
10:38:29	8.92	--	0	0	卖盘
10:38:18	8.92	-0.02	508	453136	卖盘
10:38:14	8.94	0.01	200	178800	买盘
10:38:08	8.93	--	92	82156	卖盘
10:38:03	8.93	-0.01	65	58045	卖盘
10:37:59	8.94	--	88	78672	买盘
10:37:44	8.94	0.02	30	26820	买盘
10:37:38	8.92	--	15	13380	卖盘
10:37:33	8.92	--	0	0	卖盘
10:37:28	8.92	-0.02	965	860780	卖盘
10:37:23	8.94	--	150	134100	买盘
10:37:18	8.94	0.01	148	132312	买盘
10:37:13	8.93	-0.01	30	26790	卖盘
10:37:03	8.94	--	20	17880	买盘
10:36:58	8.94	--	50	44700	买盘
10:36:53	8.94	--	63	56322	买盘
10:36:48	8.94	--	14	12516	买盘
10:36:43	8.94	0.01	10	8940	买盘
10:36:38	8.93	-0.01	20	17860	卖盘
10:36:33	8.94	0.01	510	455940	买盘
10:36:28	8.93	-0.01	100	89300	卖盘
10:36:23	8.94	--	11	9834	买盘
10:36:18	8.94	--	5	4470	买盘
10:36:13	8.94	--	1	894	买盘
10:36:03	8.94	0.01	10	8940	买盘
10:35:58	8.93	-0.01	13	11609	卖盘
10:35:53	8.94	--	7	6258	买盘
10:35:48	8.94	-0.01	13	11622	买盘
10:35:37	8.95	0.02	11	9845	买盘
10:35:33	8.93	-0.01	194	173242	卖盘
10:35:28	8.94	--	111	99234	卖盘
10:35:18	8.94	0.01	256	229311	买盘
10:35:13	8.93	--	195	174135	卖盘
10:35:03	8.93	--	100	89300	买盘
10:34:58	8.93	0.01	6	5358	买盘
10:34:53	8.92	-0.01	12	10704	卖盘
10:34:48	8.93	--	70	62510	买盘
10:34:43	8.93	--	6	5358	买盘
10:34:37	8.93	--	45	40185	买盘
10:34:28	8.93	--	89	79477	买盘
10:34:22	8.93	--	24	21432	买盘
10:34:18	8.93	--	46	41078	买盘
10:34:03	8.93	--	35	31255	买盘
10:33:58	8.93	--	35	31255	买盘
10:33:48	8.93	--	37	33041	买盘
10:33:23	8.93	0.01	55	49115	买盘
10:33:13	8.92	--	10	8920	卖盘
10:33:08	8.92	--	10	8920	卖盘
10:32:58	8.92	0.01	4	3568	卖盘
10:32:52	8.91	--	0	0	卖盘
10:32:47	8.91	-0.01	110	98010	卖盘
10:32:43	8.92	--	100	89200	买盘
10:32:27	8.92	0.01	68	60656	买盘
10:32:07	8.91	-0.01	10	8910	卖盘
10:31:57	8.92	0.01	70	62440	买盘
10:31:47	8.91	--	20	17820	卖盘
10:31:27	8.91	-0.01	10	8910	卖盘
10:31:22	8.92	--	10	8920	买盘
10:31:07	8.92	0.01	26	23192	买盘
10:30:57	8.91	--	10	8910	卖盘
10:30:52	8.91	--	0	0	卖盘
10:30:42	8.91	--	30	26730	卖盘
10:30:37	8.91	-0.02	12	10692	卖盘
10:30:32	8.93	--	20	17860	买盘
10:30:27	8.93	0.01	41	36613	买盘
10:30:22	8.92	-0.01	14	12488	卖盘
10:30:12	8.93	--	39	34827	买盘
10:29:57	8.93	--	2	1786	买盘
10:29:52	8.93	0.01	30	26790	买盘
10:29:42	8.92	--	470	419240	卖盘
10:29:37	8.92	--	48	42816	卖盘
10:29:27	8.92	--	42	37464	卖盘
10:29:22	8.92	-0.01	108	96336	卖盘
10:29:16	8.93	0.01	60	53580	买盘
10:29:12	8.92	--	5	4460	卖盘
10:29:07	8.92	--	17	15164	卖盘
10:28:52	8.92	--	16	14272	卖盘
10:28:46	8.92	--	40	35680	卖盘
10:28:42	8.92	--	13	11596	卖盘
10:28:31	8.92	--	31	27652	卖盘
10:28:27	8.92	--	3	2676	卖盘
10:28:22	8.92	--	3	2676	卖盘
10:28:16	8.92	--	0	0	卖盘
10:28:12	8.92	--	85	75820	卖盘
10:28:07	8.92	--	20	17840	卖盘
10:28:01	8.92	--	0	0	卖盘
10:27:57	8.92	-0.01	95	84740	卖盘
10:27:52	8.93	0.01	4	3572	买盘
10:27:46	8.92	--	19	16948	卖盘
10:27:42	8.92	--	476	424592	卖盘
10:27:37	8.92	--	10	8920	卖盘
10:27:31	8.92	--	11	9812	卖盘
10:27:27	8.92	--	92	82064	卖盘
10:27:22	8.92	--	33	30265	买盘
10:27:16	8.92	--	19	16948	买盘
10:27:11	8.92	--	8	7136	买盘
10:27:07	8.92	--	279	248868	买盘
10:27:01	8.92	--	308	274736	买盘
10:26:52	8.92	--	12	10704	买盘
10:26:46	8.92	0.01	230	205160	买盘
10:26:37	8.91	-0.01	20	17820	卖盘
10:26:31	8.92	0.01	110	98120	买盘
10:26:26	8.91	--	570	508315	买盘
10:26:22	8.91	--	231	205821	买盘
10:26:16	8.91	--	25	22275	买盘
10:26:06	8.91	0.01	55	49005	买盘
10:26:01	8.9	-0.01	19	16910	卖盘
10:25:51	8.91	0.01	880	784080	买盘
10:25:46	8.9	-0.01	52	46280	卖盘
10:25:41	8.91	--	32	28512	买盘
10:25:36	8.91	--	32	28512	买盘
10:25:31	8.91	--	123	109593	买盘
10:25:26	8.91	--	5	4455	买盘
10:25:21	8.91	--	62	55242	买盘
10:25:16	8.91	--	240	213840	买盘
10:25:11	8.91	--	10	8910	买盘
10:25:06	8.91	--	16	14256	买盘
10:25:01	8.91	--	302	269082	买盘
10:24:56	8.91	--	136	121176	买盘
10:24:51	8.91	--	604	538164	买盘
10:24:41	8.91	--	3	2673	买盘
10:24:36	8.91	0.01	36	32076	买盘
10:24:31	8.9	-0.01	11	9790	卖盘
10:24:21	8.91	0.01	5	4455	买盘
10:24:16	8.9	--	4	3560	卖盘
10:24:01	8.9	-0.01	12	10680	卖盘
10:23:51	8.91	0.01	150	133650	买盘
10:23:46	8.9	--	11	9790	卖盘
10:23:36	8.9	--	57	51175	买盘
10:23:31	8.9	--	59	52510	买盘
10:23:26	8.9	--	57	50730	买盘
10:23:21	8.9	--	100	89000	买盘
10:23:16	8.9	--	109	97010	买盘
10:23:11	8.9	--	25	22250	买盘
10:23:06	8.9	--	443	394270	买盘
10:22:46	8.9	--	38	33820	买盘
10:22:40	8.9	0.01	100	89000	买盘
10:22:36	8.89	-0.01	323	287147	卖盘
10:22:31	8.9	0.01	48	42720	买盘
10:22:21	8.89	-0.01	24	21336	卖盘
10:22:16	8.9	0.01	220	195800	买盘
10:22:06	8.89	--	79	70231	卖盘
10:22:01	8.89	--	11	9779	卖盘
10:21:55	8.89	--	10	8890	卖盘
10:21:51	8.89	--	30	26670	卖盘
10:21:40	8.89	--	22	19558	卖盘
10:21:36	8.89	--	61	54229	卖盘
10:21:31	8.89	--	50	44450	卖盘
10:21:25	8.89	--	51	45339	卖盘
10:21:10	8.89	--	3	2667	卖盘
10:21:01	8.89	--	180	160020	卖盘
10:20:55	8.89	-0.01	33	29337	卖盘
10:20:50	8.9	0.01	1	890	买盘
10:20:46	8.89	-0.01	33	29345	卖盘
10:20:40	8.9	0.01	3	2670	买盘
10:20:31	8.89	-0.01	95	84455	卖盘
10:20:16	8.9	0.01	21	18690	买盘
10:20:10	8.89	--	10	8890	卖盘
10:20:01	8.89	-0.01	1	889	卖盘
10:19:55	8.9	0.01	106	94340	买盘
10:19:45	8.89	--	69	61341	卖盘
10:19:40	8.89	-0.01	13	11557	卖盘
10:19:35	8.9	0.01	57	50730	买盘
10:19:30	8.89	--	7	6223	卖盘
10:19:25	8.89	--	438	389382	买盘
10:19:20	8.89	0.01	21	18669	买盘
10:19:15	8.88	--	13	11544	卖盘
10:19:10	8.88	-0.01	10	8880	卖盘
10:19:00	8.89	--	22	19558	买盘
10:18:55	8.89	0.01	34	30226	买盘
10:18:50	8.88	-0.01	1	888	卖盘
10:18:45	8.89	0.01	61	54229	买盘
10:18:40	8.88	--	17	15096	卖盘
10:18:30	8.88	--	215	190920	卖盘
10:18:25	8.88	--	296	263292	买盘
10:18:20	8.88	0.01	81	71928	买盘
10:18:15	8.87	-0.01	7	6208	卖盘
10:18:10	8.88	--	54	47952	买盘
10:18:00	8.88	0.01	102	90576	买盘
10:17:55	8.87	--	14	12417	卖盘
10:17:45	8.87	-0.01	14	12417	卖盘
10:17:35	8.88	0.01	30	26640	买盘
10:17:25	8.87	--	177	156999	卖盘
10:17:20	8.87	--	24	21287	卖盘
10:17:10	8.87	-0.01	34	30157	卖盘
10:16:55	8.88	--	18	15984	买盘
10:16:45	8.88	0.01	3	2664	买盘
10:16:40	8.87	-0.01	152	134824	卖盘
10:16:34	8.88	0.01	22	19536	买盘
10:16:15	8.87	-0.01	31	27496	卖盘
10:16:00	8.88	--	1	888	买盘
10:15:55	8.88	-0.01	114	101232	卖盘
10:15:45	8.89	--	1	889	买盘
10:15:40	8.89	--	12	10668	买盘
10:15:34	8.89	--	27	24003	买盘
10:15:25	8.89	--	15	13335	买盘
10:15:15	8.89	--	15	13335	买盘
10:15:10	8.89	--	21	18669	卖盘
10:15:00	8.89	--	4	3556	买盘
10:14:55	8.89	-0.01	17	15113	卖盘
10:14:49	8.9	--	338	300820	买盘
10:14:45	8.9	0.01	1	890	买盘
10:14:40	8.89	-0.01	130	115570	卖盘
10:14:29	8.9	--	2	1780	买盘
10:14:25	8.9	--	100	89000	买盘
10:14:19	8.9	0.01	18	16020	买盘
10:14:14	8.89	-0.01	14	12446	卖盘
10:14:10	8.9	--	49	43610	买盘
10:14:04	8.9	--	1	890	买盘
10:13:59	8.9	--	58	51620	买盘
10:13:55	8.9	--	25	22250	买盘
10:13:49	8.9	--	14	12460	买盘
10:13:44	8.9	0.01	222	197580	买盘
10:13:34	8.89	--	10	8890	卖盘
10:13:24	8.89	0.01	152	135128	买盘
10:13:14	8.88	--	14	12432	卖盘
10:13:09	8.88	--	94	83472	买盘
10:13:04	8.88	0.01	31	27528	买盘
10:12:54	8.87	-0.01	12	10643	卖盘
10:12:49	8.88	--	17	15096	买盘
10:12:44	8.88	--	30	26640	买盘
10:12:34	8.88	0.01	183	162504	买盘
10:12:19	8.87	--	22	19514	卖盘
10:12:09	8.87	0.01	173	153894	买盘
10:12:04	8.86	-0.01	2	1772	卖盘
10:11:59	8.87	0.01	20	17740	买盘
10:11:49	8.86	--	1	886	卖盘
10:11:39	8.86	--	137	121381	买盘
10:11:29	8.86	--	15	13290	买盘
10:11:09	8.86	--	25	22150	卖盘
10:11:04	8.86	--	30	26580	卖盘
10:10:54	8.86	--	100	88600	卖盘
10:10:49	8.86	--	71	62905	卖盘
10:10:39	8.86	--	10	8860	卖盘
10:10:34	8.86	--	32	28352	卖盘
10:10:09	8.86	0.01	130	115179	买盘
10:09:54	8.85	--	25	22125	卖盘
10:09:39	8.85	--	158	139830	卖盘
10:09:24	8.85	--	297	262845	买盘
10:09:19	8.85	0.01	21	18585	买盘
10:09:13	8.84	--	30	26520	卖盘
10:09:09	8.84	--	120	106080	卖盘
10:09:04	8.84	--	58	51272	买盘
10:08:58	8.84	0.01	51	45084	买盘
10:08:54	8.83	-0.01	112	98896	卖盘
10:08:49	8.84	0.01	22	19448	买盘
10:08:39	8.83	-0.01	9	7947	卖盘
10:08:28	8.84	--	53	46852	买盘
10:08:23	8.84	0.01	22	19448	买盘
10:08:19	8.83	--	10	8830	卖盘
10:08:13	8.83	--	37	32671	卖盘
10:07:58	8.83	--	53	46799	卖盘
10:07:53	8.83	--	64	56512	卖盘
10:07:49	8.83	-0.01	27	24282	卖盘
10:07:43	8.84	0.01	58	51272	买盘
10:07:28	8.83	-0.01	10	8830	卖盘
10:07:23	8.84	0.01	20	17680	买盘
10:07:03	8.83	--	278	245915	买盘
10:06:58	8.83	--	62	54746	买盘
10:06:53	8.83	--	15	13245	买盘
10:06:48	8.83	--	65	57395	买盘
10:06:43	8.83	--	21	18543	买盘
10:06:33	8.83	0.01	8	7064	买盘
10:06:28	8.82	-0.01	19	16758	卖盘
10:06:18	8.83	--	1	883	买盘
10:06:03	8.83	0.01	20	17660	买盘
10:05:58	8.82	-0.01	18	15876	中性盘
10:05:53	8.83	0.01	77	67991	买盘
10:05:48	8.82	-0.01	22	19404	中性盘
10:05:43	8.83	0.02	10	8830	买盘
10:05:38	8.81	-0.01	28	24668	卖盘
10:05:33	8.82	0.01	56	49392	中性盘
10:05:28	8.81	--	112	98672	卖盘
10:05:23	8.81	-0.01	5	4405	卖盘
10:05:18	8.82	0.01	229	201978	买盘
10:05:13	8.81	--	10	8810	卖盘
10:05:08	8.81	-0.02	200	176200	卖盘
10:05:03	8.83	0.02	30	26490	买盘
10:04:58	8.81	-0.01	500	440500	卖盘
10:04:53	8.82	--	32	28224	卖盘
10:04:48	8.82	-0.01	31	27342	卖盘
10:04:43	8.83	--	39	34437	买盘
10:04:33	8.83	--	449	396467	卖盘
10:04:28	8.83	-0.01	12	10596	卖盘
10:04:13	8.84	--	11	9724	卖盘
10:04:08	8.84	--	102	90168	卖盘
10:04:03	8.84	--	26	22984	卖盘
10:03:58	8.84	--	15	13260	卖盘
10:03:52	8.84	--	1	884	卖盘
10:03:48	8.84	-0.01	53	46852	卖盘
10:03:43	8.85	--	85	75225	买盘
10:03:37	8.85	--	99	87615	卖盘
10:03:33	8.85	0.01	47	41595	中性盘
10:03:28	8.84	-0.01	53	46852	卖盘
10:03:22	8.85	--	45	39825	买盘
10:03:18	8.85	0.01	1	885	买盘
10:03:13	8.84	-0.01	185	163540	卖盘
10:03:07	8.85	--	468	414180	卖盘
10:03:03	8.85	--	2	1770	卖盘
10:02:58	8.85	--	29	25665	卖盘
10:02:43	8.85	-0.01	5	4425	卖盘
10:02:37	8.86	--	13	11518	买盘
10:02:28	8.86	--	238	210868	卖盘
10:02:22	8.86	--	20	17720	卖盘
10:02:13	8.86	-0.01	11	9746	卖盘
10:02:07	8.87	--	17	15078	买盘
10:01:52	8.87	0.01	6	5321	买盘
10:01:43	8.86	--	34	30123	卖盘
10:01:37	8.86	--	1	886	卖盘
10:01:28	8.86	--	155	137330	卖盘
10:01:22	8.86	-0.01	10	8860	卖盘
10:01:17	8.87	--	7	6208	买盘
10:01:13	8.87	0.01	21	18627	买盘
10:01:07	8.86	-0.01	34	30123	卖盘
10:00:52	8.87	--	20	17740	买盘
10:00:47	8.87	-0.01	188	167199	卖盘
10:00:37	8.88	0.01	10	8880	买盘
10:00:27	8.87	--	16	14191	卖盘
10:00:12	8.87	--	18	15965	卖盘
10:00:07	8.87	-0.01	50	44349	卖盘
09:59:57	8.88	--	78	69264	买盘
09:59:52	8.88	0.01	1	888	买盘
09:59:47	8.87	--	10	8870	卖盘
09:59:37	8.87	--	1	886	卖盘
09:59:32	8.87	--	78	69629	买盘
09:59:27	8.87	0.01	100	88699	买盘
09:59:22	8.86	-0.01	50	44300	卖盘
09:59:12	8.87	0.01	1	886	买盘
09:59:07	8.86	-0.01	39	34554	卖盘
09:58:57	8.87	0.01	99	87812	买盘
09:58:42	8.86	--	33	29237	卖盘
09:58:37	8.86	--	18	15947	买盘
09:58:27	8.86	--	38	33668	卖盘
09:58:22	8.86	0.01	68	60247	买盘
09:58:12	8.85	-0.01	113	100005	卖盘
09:58:07	8.86	-0.01	33	29237	卖盘
09:58:02	8.87	0.01	100	88699	买盘
09:57:52	8.86	--	67	59361	卖盘
09:57:42	8.86	--	88	77968	卖盘
09:57:37	8.86	--	10	8860	卖盘
09:57:31	8.86	--	10	8860	卖盘
09:57:22	8.86	--	5	4430	卖盘
09:57:12	8.86	--	86	76196	卖盘
09:57:07	8.86	--	4	3544	卖盘
09:56:57	8.86	-0.01	100	88600	卖盘
09:56:52	8.87	0.01	20	17740	买盘
09:56:42	8.86	--	5	4430	卖盘
09:56:22	8.86	-0.01	103	91258	卖盘
09:56:16	8.87	0.01	10	8870	买盘
09:56:12	8.86	--	102	90372	卖盘
09:55:57	8.86	--	1	886	卖盘
09:55:52	8.86	-0.01	68	60247	卖盘
09:55:46	8.87	0.01	20	17740	买盘
09:55:41	8.86	--	8	7088	卖盘
09:55:37	8.86	-0.01	3	2658	卖盘
09:55:31	8.87	--	47	41688	买盘
09:55:22	8.87	0.01	24	21287	买盘
09:55:11	8.86	-0.01	15	13290	卖盘
09:55:07	8.87	--	66	58985	卖盘
09:55:01	8.87	--	52	46567	买盘
09:54:56	8.87	--	65	57654	买盘
09:54:52	8.87	--	2	1773	买盘
09:54:46	8.87	--	61	54106	买盘
09:54:41	8.87	--	4	3991	卖盘
09:54:36	8.87	--	11	9757	卖盘
09:54:31	8.87	--	17	15522	买盘
09:54:26	8.87	--	9	8426	卖盘
09:54:21	8.87	--	28	24835	卖盘
09:54:16	8.87	--	31	27496	卖盘
09:54:11	8.87	--	59	52332	卖盘
09:54:06	8.87	--	46	40802	卖盘
09:53:56	8.87	--	21	18627	卖盘
09:53:51	8.87	--	10	8870	卖盘
09:53:46	8.87	--	22	19514	卖盘
09:53:41	8.87	--	6	5321	卖盘
09:53:36	8.87	--	25	22174	卖盘
09:53:31	8.87	--	70	62089	卖盘
09:53:26	8.87	--	4	3547	卖盘
09:53:21	8.87	--	23	20401	卖盘
09:53:16	8.87	-0.01	8	7095	卖盘
09:53:11	8.88	--	3	2664	买盘
09:53:06	8.88	--	20	17760	买盘
09:53:01	8.88	--	818	726384	卖盘
09:52:56	8.88	-0.01	11	9768	卖盘
09:52:51	8.89	--	5	4445	买盘
09:52:36	8.89	0.01	3	2667	买盘
09:52:21	8.88	-0.01	254	225996	卖盘
09:52:16	8.89	--	3	2667	卖盘
09:52:11	8.89	0.01	375	333819	买盘
09:52:06	8.88	-0.01	90	79920	卖盘
09:51:56	8.89	0.01	20	17780	买盘
09:51:51	8.88	-0.01	14	12432	卖盘
09:51:46	8.89	0.01	5	4445	买盘
09:51:41	8.88	-0.01	26	23088	卖盘
09:51:36	8.89	--	20	17780	买盘
09:51:16	8.89	--	25	22225	买盘
09:51:10	8.89	--	18	16446	卖盘
09:51:06	8.89	--	29	25781	卖盘
09:51:01	8.89	--	78	69786	卖盘
09:50:55	8.89	--	59	52451	卖盘
09:50:51	8.89	--	28	24892	卖盘
09:50:46	8.89	--	11	9779	卖盘
09:50:36	8.89	-0.01	5	4445	卖盘
09:50:31	8.9	0.01	35	31150	买盘
09:50:25	8.89	--	5	4445	卖盘
09:50:16	8.89	--	5	4445	卖盘
09:50:10	8.89	--	20	17780	卖盘
09:50:06	8.89	--	96	85344	买盘
09:50:01	8.89	-0.01	5	4445	买盘
09:49:55	8.9	--	0	0	买盘
09:49:51	8.9	0.01	1005	894450	买盘
09:49:46	8.89	--	10	8890	买盘
09:49:40	8.89	--	23	20447	卖盘
09:49:36	8.89	--	4	3556	卖盘
09:49:31	8.89	-0.01	196	174244	卖盘
09:49:25	8.9	--	300	267000	买盘
09:49:16	8.9	--	4	3560	买盘
09:49:10	8.9	--	27	24030	买盘
09:49:01	8.9	--	21	18690	卖盘
09:48:55	8.9	--	30	26700	卖盘
09:48:46	8.9	--	60	53400	卖盘
09:48:40	8.9	--	59	52510	卖盘
09:48:35	8.9	0.01	135	120150	中性盘
09:48:31	8.89	-0.01	100	88900	卖盘
09:48:25	8.9	0.01	6	5340	卖盘
09:48:15	8.89	-0.01	408	362712	卖盘
09:48:10	8.9	--	164	145960	买盘
09:48:00	8.9	--	5	4450	买盘
09:47:45	8.9	-0.01	3	2670	买盘
09:47:40	8.91	0.01	258	229878	买盘
09:47:15	8.9	--	33	29370	卖盘
09:47:10	8.9	--	32	28480	卖盘
09:47:05	8.9	--	17	15130	卖盘
09:47:00	8.9	--	371	330190	买盘
09:46:50	8.9	0.01	5	4450	买盘
09:46:45	8.89	--	0	0	中性盘
09:46:40	8.89	--	238	211582	卖盘
09:46:35	8.89	--	162	144018	买盘
09:46:30	8.89	--	5	4445	买盘
09:46:15	8.89	--	2	1778	买盘
09:46:10	8.89	0.01	20	17780	买盘
09:46:00	8.88	-0.01	10	8880	卖盘
09:45:55	8.89	--	10	8890	买盘
09:45:50	8.89	0.01	1	889	买盘
09:45:45	8.88	--	63	55944	卖盘
09:45:40	8.88	-0.01	26	23088	卖盘
09:45:35	8.89	--	7	6223	买盘
09:45:30	8.89	--	221	196469	买盘
09:45:25	8.89	--	118	104902	卖盘
09:45:20	8.89	--	38	33782	卖盘
09:45:10	8.89	-0.01	47	41783	卖盘
09:45:00	8.9	0.01	15	13350	买盘
09:44:55	8.89	-0.01	21	18669	卖盘
09:44:49	8.9	--	12	10680	买盘
09:44:45	8.9	0.01	10	8900	买盘
09:44:40	8.89	--	40	35560	卖盘
09:44:34	8.89	--	30	26670	卖盘
09:44:25	8.89	--	5	4445	卖盘
09:44:19	8.89	--	73	64897	买盘
09:44:10	8.89	--	2	1778	买盘
09:44:04	8.89	--	124	110236	卖盘
09:44:00	8.89	-0.01	6	5334	卖盘
09:43:55	8.9	--	10	8900	买盘
09:43:49	8.9	--	109	97010	买盘
09:43:25	8.9	--	50	44500	买盘
09:43:15	8.9	--	13	11570	买盘
09:43:10	8.9	--	25	22250	买盘
09:42:49	8.9	--	35	31150	买盘
09:42:44	8.9	--	28	24920	卖盘
09:42:34	8.9	--	155	137950	买盘
09:42:29	8.9	0.01	51	45390	买盘
09:42:25	8.89	--	20	17780	卖盘
09:42:19	8.89	-0.01	21	18669	卖盘
09:42:14	8.9	--	10	8900	买盘
09:42:09	8.9	0.01	11	9790	买盘
09:42:04	8.89	-0.01	9	8001	卖盘
09:41:54	8.9	0.01	104	92560	中性盘
09:41:49	8.89	--	5	4445	卖盘
09:41:39	8.89	--	75	66675	卖盘
09:41:34	8.89	-0.01	14	12446	卖盘
09:41:29	8.9	-0.01	3	2670	中性盘
09:41:19	8.91	0.01	24	21384	买盘
09:41:14	8.9	--	2	1780	买盘
09:41:09	8.9	-0.01	36	32485	卖盘
09:41:04	8.91	0.01	5	4455	买盘
09:40:59	8.9	--	50	44500	卖盘
09:40:54	8.9	-0.01	40	35600	卖盘
09:40:49	8.91	0.01	20	17820	买盘
09:40:44	8.9	--	50	44500	卖盘
09:40:39	8.9	--	60	53400	卖盘
09:40:29	8.9	--	10	8900	卖盘
09:40:19	8.9	-0.01	117	104575	卖盘
09:40:14	8.91	--	110	98010	买盘
09:40:09	8.91	--	81	72171	卖盘
09:40:04	8.91	--	140	124740	卖盘
09:39:59	8.91	-0.01	20	17820	卖盘
09:39:54	8.92	0.01	64	57088	买盘
09:39:49	8.91	-0.01	35	31185	卖盘
09:39:44	8.92	0.02	2	1784	买盘
09:39:39	8.9	--	60	53400	卖盘
09:39:34	8.9	-0.01	74	65860	卖盘
09:39:19	8.91	0.01	4	3564	买盘
09:39:14	8.9	--	20	17800	卖盘
09:39:09	8.9	--	1	890	卖盘
09:38:58	8.9	--	10	8900	卖盘
09:38:54	8.9	--	58	51620	买盘
09:38:49	8.9	--	81	72090	买盘
09:38:43	8.9	--	44	39160	买盘
09:38:39	8.9	0.01	12	10680	买盘
09:38:34	8.89	-0.01	63	56007	卖盘
09:38:24	8.9	--	20	17800	买盘
09:38:19	8.9	0.01	1	890	买盘
09:38:09	8.89	0.02	23	20447	买盘
09:38:04	8.87	--	0	0	卖盘
09:37:58	8.87	-0.01	193	171190	卖盘
09:37:54	8.88	--	10	8880	卖盘
09:37:49	8.88	0.01	139	123432	买盘
09:37:39	8.87	--	16	14191	卖盘
09:37:34	8.87	--	5	4435	卖盘
09:37:28	8.87	--	4	3991	买盘
09:37:24	8.87	--	39	34593	买盘
09:37:19	8.87	0.01	120	106439	买盘
09:37:13	8.86	-0.01	27	23922	卖盘
09:37:09	8.87	0.01	10	8870	买盘
09:37:04	8.86	--	7	6202	卖盘
09:36:58	8.86	--	25	22150	买盘
09:36:53	8.86	0.01	5	4430	买盘
09:36:49	8.85	--	63	55755	卖盘
09:36:43	8.85	--	0	0	卖盘
09:36:38	8.85	-0.01	315	278775	卖盘
09:36:34	8.86	--	25	22150	卖盘
09:36:28	8.86	--	160	141760	卖盘
09:36:19	8.86	-0.01	2	1772	卖盘
09:36:04	8.87	0.01	129	114422	买盘
09:35:58	8.86	-0.01	87	77082	卖盘
09:35:53	8.87	0.01	9	7982	买盘
09:35:43	8.86	--	20	17720	卖盘
09:35:33	8.86	--	6	5316	卖盘
09:35:28	8.86	--	212	187832	买盘
09:35:13	8.86	--	4	3544	买盘
09:35:08	8.86	--	7	6202	买盘
09:35:03	8.86	--	46	40756	买盘
09:34:58	8.86	--	17	15061	买盘
09:34:53	8.86	--	0	0	中性盘
09:34:48	8.86	--	32	28352	卖盘
09:34:43	8.86	--	8	7088	买盘
09:34:33	8.86	--	40	35440	卖盘
09:34:28	8.86	--	19	16834	卖盘
09:34:18	8.86	0.01	14	12404	卖盘
09:34:08	8.85	-0.01	37	32745	卖盘
09:34:03	8.86	--	1	886	卖盘
09:33:58	8.86	--	18	15947	买盘
09:33:48	8.86	--	41	36326	买盘
09:33:43	8.86	0.01	10	8860	买盘
09:33:28	8.85	-0.02	1	885	卖盘
09:33:23	8.87	0.02	12	10643	买盘
09:33:18	8.85	--	15	13275	卖盘
09:33:13	8.85	0.01	52	46462	卖盘
09:33:08	8.84	--	0	0	卖盘
09:33:03	8.84	--	333	294372	卖盘
09:32:57	8.84	-0.01	10	8840	卖盘
09:32:48	8.85	--	7	6195	买盘
09:32:33	8.85	--	25	22125	买盘
09:32:28	8.85	-0.02	53	46905	中性盘
09:32:22	8.87	0.02	10	8870	买盘
09:32:18	8.85	-0.02	246	217710	卖盘
09:32:13	8.87	0.02	40	35480	买盘
09:31:58	8.85	-0.02	17	15045	卖盘
09:31:52	8.87	--	14	12417	买盘
09:31:48	8.87	--	62	54993	卖盘
09:31:33	8.87	--	67	59428	买盘
09:31:27	8.87	0.02	5	4435	买盘
09:31:22	8.85	-0.02	12	10620	卖盘
09:31:18	8.87	--	34	30157	买盘
09:31:13	8.87	0.02	15	13304	买盘
09:31:07	8.85	-0.02	18	15930	卖盘
09:31:03	8.87	0.02	18	15965	买盘
09:30:48	8.85	0.01	88	77880	买盘
09:30:43	8.84	--	74	65416	买盘
09:30:37	8.84	--	40	35360	买盘
09:30:32	8.84	--	26	22984	卖盘
09:30:13	8.84	--	0	0	卖盘
09:30:07	8.84	-0.04	566	500344	卖盘
09:28:46	8.88	--	0	0	买盘
09:25:07	8.88	8.88	251	222888	买盘
