成交时间	成交价	价格变动	成交量(手)	成交额(元)	性质
15:00:00	5.21	--	0	0	买盘
15:00:00	5.21	--	0	0	买盘
14:59:58	5.21	--	17	8857	买盘
14:59:52	5.21	0.01	105	54705	买盘
14:59:43	5.2	-0.01	130	67600	卖盘
14:59:37	5.21	--	160	83360	买盘
14:59:33	5.21	--	50	26050	买盘
14:59:28	5.21	--	312	162953	卖盘
14:59:22	5.21	--	5	2605	卖盘
14:59:13	5.21	-0.01	90	46890	卖盘
14:59:07	5.22	--	32	16704	买盘
14:58:58	5.22	--	70	36540	买盘
14:58:52	5.22	--	12	6264	买盘
14:58:48	5.22	--	151	78822	买盘
14:58:43	5.22	--	170	88740	买盘
14:58:33	5.22	--	50	26100	买盘
14:58:13	5.22	0.01	10	5220	买盘
14:58:07	5.21	-0.01	13	6773	卖盘
14:58:03	5.22	0.01	80	41760	买盘
14:57:52	5.21	--	80	41680	卖盘
14:57:42	5.21	-0.01	36	18756	卖盘
14:57:33	5.22	0.01	10	5220	买盘
14:57:22	5.21	--	100	52100	卖盘
14:57:18	5.21	-0.01	70	36470	卖盘
14:57:12	5.22	0.01	10	5220	买盘
14:57:03	5.21	--	6	3126	卖盘
14:56:57	5.21	-0.01	26	13546	卖盘
14:56:52	5.22	0.01	30	15660	买盘
14:56:47	5.21	-0.01	40	20840	卖盘
14:56:37	5.22	0.01	10	5220	买盘
14:56:22	5.21	--	87	45446	买盘
14:56:17	5.21	0.01	10	5210	买盘
14:56:07	5.2	-0.01	41	21320	卖盘
14:55:57	5.21	0.01	969	504849	买盘
14:55:47	5.2	--	40	20800	卖盘
14:55:42	5.2	--	10	5267	卖盘
14:55:27	5.2	-0.01	19	9880	卖盘
14:55:22	5.21	--	17	8857	买盘
14:55:01	5.21	--	10	5210	买盘
14:54:57	5.21	0.01	25	13025	买盘
14:54:52	5.2	--	26	13520	卖盘
14:54:46	5.2	-0.01	25	13000	卖盘
14:54:31	5.21	--	1	521	买盘
14:54:22	5.21	0.01	10	5210	买盘
14:54:16	5.2	--	16	8320	卖盘
14:54:12	5.2	-0.01	3	1560	卖盘
14:54:07	5.21	0.01	10	5210	买盘
14:54:01	5.2	-0.01	9	4680	卖盘
14:53:46	5.21	--	208	108368	买盘
14:53:37	5.21	--	7	3647	买盘
14:53:27	5.21	0.01	10	5210	买盘
14:53:22	5.2	--	9	4680	卖盘
14:53:16	5.2	-0.01	22	11440	卖盘
14:53:07	5.21	--	10	5210	买盘
14:52:46	5.21	0.01	10	5210	买盘
14:52:31	5.2	--	28	14560	卖盘
14:52:27	5.2	-0.01	253	131560	卖盘
14:52:22	5.21	0.01	20	10420	买盘
14:52:16	5.2	-0.01	5	2600	卖盘
14:52:12	5.21	0.01	15	7815	买盘
14:52:07	5.2	-0.01	7	3640	卖盘
14:52:01	5.21	--	36	18756	买盘
14:51:52	5.21	--	10	5210	买盘
14:51:31	5.21	0.01	10	5210	买盘
14:51:16	5.2	--	23	11960	卖盘
14:51:12	5.2	--	1	624	卖盘
14:51:07	5.2	-0.01	22	11440	卖盘
14:51:01	5.21	--	1	521	买盘
14:50:57	5.21	0.01	10	5210	买盘
14:50:52	5.2	--	127	66040	卖盘
14:50:46	5.2	-0.01	1000	520000	卖盘
14:50:37	5.21	0.01	26	13546	买盘
14:50:21	5.2	-0.01	47	24440	卖盘
14:50:16	5.21	--	29	15109	买盘
14:50:01	5.21	--	10	5210	买盘
14:49:36	5.21	--	10	5210	买盘
14:49:21	5.21	0.01	20	10420	买盘
14:49:01	5.2	-0.01	82	42640	卖盘
14:48:46	5.21	--	10	5210	买盘
14:48:41	5.21	--	10	5210	买盘
14:48:31	5.21	--	100	52100	买盘
14:48:26	5.21	0.01	32	16672	买盘
14:48:16	5.2	-0.01	1	520	卖盘
14:48:06	5.21	--	10	5210	买盘
14:47:55	5.21	--	4	2084	买盘
14:47:46	5.21	--	30	15630	买盘
14:47:40	5.21	--	80	41680	买盘
14:47:31	5.21	--	6	3126	买盘
14:47:25	5.21	--	10	5210	买盘
14:47:10	5.21	--	20	10420	买盘
14:46:46	5.21	--	21	10941	买盘
14:46:31	5.21	--	10	5210	买盘
14:46:25	5.21	--	20	10420	买盘
14:46:21	5.21	--	4	2084	买盘
14:46:10	5.21	--	10	5210	买盘
14:46:01	5.21	--	616	320936	买盘
14:45:40	5.21	--	29	15109	买盘
14:45:36	5.21	--	37	19277	买盘
14:45:31	5.21	--	149	77629	买盘
14:45:25	5.21	--	41	21361	买盘
14:45:16	5.21	0.01	75	39147	买盘
14:45:10	5.2	-0.01	3	1872	卖盘
14:44:55	5.21	--	1262	657502	买盘
14:44:40	5.21	0.01	20	10420	买盘
14:44:10	5.2	--	10	5200	卖盘
14:44:06	5.2	--	40	20800	卖盘
14:43:15	5.2	-0.01	200	104000	卖盘
14:43:00	5.21	0.01	251	130771	买盘
14:42:55	5.2	--	100	52000	卖盘
14:42:50	5.2	--	600	312000	卖盘
14:42:45	5.2	-0.01	100	52000	卖盘
14:42:30	5.21	0.01	9	4689	买盘
14:42:15	5.2	--	44	22880	卖盘
14:42:10	5.2	--	110	57200	卖盘
14:41:55	5.2	-0.01	250	130072	卖盘
14:41:45	5.21	0.01	7	3647	买盘
14:41:40	5.2	-0.01	210	109200	卖盘
14:41:35	5.21	0.01	70	36470	买盘
14:41:30	5.2	--	57	29640	卖盘
14:41:25	5.2	-0.01	91	47320	卖盘
14:41:19	5.21	--	43	22403	买盘
14:41:10	5.21	--	3	1563	买盘
14:41:00	5.21	--	24	12504	买盘
14:40:55	5.21	0.01	57	29697	买盘
14:40:49	5.2	--	200	104000	卖盘
14:40:45	5.2	--	7	3640	卖盘
14:40:34	5.2	--	685	356200	卖盘
14:40:30	5.2	--	56	29120	卖盘
14:40:25	5.2	--	110	57200	卖盘
14:40:19	5.2	-0.01	62	32240	卖盘
14:40:15	5.21	--	33	17193	买盘
14:40:10	5.21	0.01	5	2605	买盘
14:40:04	5.2	--	139	72280	卖盘
14:39:25	5.2	-0.01	12	6240	卖盘
14:39:15	5.21	0.01	36	18756	买盘
14:39:10	5.2	-0.01	2000	1040000	卖盘
14:38:40	5.21	--	2	1042	买盘
14:38:30	5.21	--	10	5210	买盘
14:38:15	5.21	--	10	5210	买盘
14:37:40	5.21	-0.01	45	23445	卖盘
14:37:34	5.22	0.01	8	4176	买盘
14:37:19	5.21	-0.01	56	29176	卖盘
14:37:09	5.22	0.01	13	6786	买盘
14:37:00	5.21	--	280	145880	卖盘
14:36:54	5.21	--	123	64083	卖盘
14:36:49	5.21	--	104	54184	卖盘
14:36:44	5.21	--	20	10420	卖盘
14:36:34	5.21	--	6	3126	卖盘
14:36:24	5.21	-0.01	26	13546	卖盘
14:36:19	5.22	--	7	3654	买盘
14:36:14	5.22	0.01	36	18792	买盘
14:36:04	5.21	-0.01	6	3126	卖盘
14:35:59	5.22	0.01	13	6786	买盘
14:35:54	5.21	--	5	2605	卖盘
14:35:49	5.21	-0.01	83	43243	卖盘
14:35:39	5.22	--	31	16182	买盘
14:35:34	5.22	0.01	8	4176	买盘
14:35:29	5.21	-0.01	50	26050	卖盘
14:35:14	5.22	0.01	87	45414	买盘
14:35:04	5.21	--	0	5	卖盘
14:34:59	5.21	--	6	3126	卖盘
14:34:54	5.21	--	4	2084	卖盘
14:34:49	5.21	--	234	121945	买盘
14:34:43	5.21	--	100	52100	买盘
14:34:38	5.21	--	17	8857	买盘
14:34:19	5.21	--	72	37512	买盘
14:34:13	5.21	--	100	52100	买盘
14:34:04	5.21	--	13	6773	买盘
14:33:54	5.21	--	263	137408	卖盘
14:33:49	5.21	--	100	52100	卖盘
14:33:43	5.21	--	20	10420	卖盘
14:33:34	5.21	--	7	3647	卖盘
14:33:13	5.21	--	706	367826	卖盘
14:32:39	5.21	--	664	346079	买盘
14:32:34	5.21	--	40	20840	买盘
14:32:19	5.21	--	4	2084	买盘
14:32:12	5.21	--	96	50016	买盘
14:31:58	5.21	--	2	1042	买盘
14:31:49	5.21	--	5	2605	买盘
14:31:43	5.21	--	7	3647	买盘
14:31:09	5.21	--	27	14067	买盘
14:30:58	5.21	--	17	8857	买盘
14:30:54	5.21	--	27	14067	买盘
14:30:43	5.21	--	40	20840	买盘
14:30:38	5.21	--	12	6252	买盘
14:30:33	5.21	--	27	14067	买盘
14:30:18	5.21	--	27	14067	买盘
14:30:13	5.21	--	74	38554	买盘
14:29:58	5.21	--	27	14067	买盘
14:29:43	5.21	0.01	27	14067	买盘
14:29:27	5.2	--	300	156000	卖盘
14:29:23	5.2	-0.01	6	3120	卖盘
14:29:03	5.21	--	1020	531805	卖盘
14:28:43	5.21	--	6	3126	卖盘
14:28:38	5.21	--	17	8857	卖盘
14:28:17	5.21	--	9	4689	卖盘
14:28:13	5.21	--	67	34907	卖盘
14:27:57	5.21	--	9	4689	卖盘
14:27:52	5.21	--	32	16672	卖盘
14:27:37	5.21	--	3	1563	卖盘
14:27:32	5.21	--	6	3126	卖盘
14:27:18	5.21	-0.01	57	29697	卖盘
14:27:13	5.22	0.01	36	18792	买盘
14:27:07	5.21	--	2	1042	卖盘
14:27:03	5.21	--	53	27613	卖盘
14:26:48	5.21	--	183	95343	卖盘
14:26:43	5.21	--	27	14067	卖盘
14:26:28	5.21	--	10	5210	卖盘
14:26:22	5.21	--	210	109410	卖盘
14:26:03	5.21	-0.01	21	10941	卖盘
14:25:58	5.22	--	26	13572	买盘
14:25:37	5.22	0.01	33	17226	买盘
14:25:28	5.21	--	5	2605	卖盘
14:25:22	5.21	--	86	44806	卖盘
14:25:17	5.21	-0.01	30	15630	卖盘
14:25:13	5.22	0.01	34	17748	买盘
14:24:58	5.21	--	50	26050	卖盘
14:24:43	5.21	--	6	3126	卖盘
14:24:37	5.21	-0.01	27	14067	卖盘
14:24:32	5.22	0.01	1	522	买盘
14:24:28	5.21	--	72	37512	卖盘
14:24:22	5.21	--	8	4376	卖盘
14:24:18	5.21	-0.01	6	3126	卖盘
14:24:13	5.22	0.01	36	18792	买盘
14:24:07	5.21	--	12	6252	卖盘
14:23:52	5.21	--	6	3126	卖盘
14:23:47	5.21	--	14	7294	卖盘
14:23:37	5.21	--	410	213610	卖盘
14:23:32	5.21	--	206	107326	卖盘
14:23:27	5.21	--	12	6252	卖盘
14:23:22	5.21	--	124	64604	卖盘
14:23:17	5.21	--	18	9378	卖盘
14:23:12	5.21	--	8	4168	卖盘
14:23:06	5.21	--	18	9378	卖盘
14:22:57	5.21	-0.01	30	15630	卖盘
14:22:52	5.22	--	53	27666	买盘
14:22:42	5.22	--	4	2088	买盘
14:22:37	5.22	0.01	10	5220	买盘
14:22:32	5.21	-0.01	20	10420	卖盘
14:22:27	5.22	0.01	6	3132	买盘
14:22:22	5.21	--	6	3126	卖盘
14:21:47	5.21	-0.01	3	1563	卖盘
14:21:42	5.22	0.01	8	4176	买盘
14:21:21	5.21	--	26	13546	卖盘
14:21:16	5.21	--	6	3126	卖盘
14:21:11	5.21	-0.01	6	3126	卖盘
14:21:07	5.22	--	36	18792	买盘
14:21:01	5.22	--	8	4176	买盘
14:20:41	5.22	0.01	118	61596	买盘
14:20:37	5.21	--	21	10941	卖盘
14:20:31	5.21	--	9	4689	卖盘
14:20:21	5.21	-0.01	2	1172	卖盘
14:20:16	5.22	0.01	34	17748	买盘
14:19:56	5.21	--	10	5210	卖盘
14:19:52	5.21	--	66	34386	卖盘
14:19:37	5.21	--	12	6252	卖盘
14:19:07	5.21	--	6	3126	卖盘
14:18:42	5.21	--	66	34386	卖盘
14:18:36	5.21	--	3	1563	卖盘
14:18:21	5.21	-0.01	20	10420	卖盘
14:18:07	5.22	0.01	36	18792	买盘
14:18:00	5.21	--	6	3126	卖盘
14:17:46	5.21	--	8	4168	卖盘
14:17:21	5.21	-0.01	24	12504	卖盘
14:17:11	5.22	0.01	7	3654	买盘
14:17:01	5.21	-0.01	16	8336	卖盘
14:16:46	5.22	--	5	2610	买盘
14:16:41	5.22	--	90	46980	买盘
14:16:36	5.22	--	140	73080	买盘
14:16:21	5.22	0.01	7	3654	买盘
14:16:15	5.21	-0.01	20	10420	卖盘
14:16:11	5.22	0.01	200	104400	买盘
14:15:51	5.21	-0.01	6	3126	卖盘
14:15:36	5.22	0.01	27	14094	买盘
14:15:26	5.21	-0.01	9	4689	卖盘
14:15:15	5.22	0.01	33	17226	买盘
14:15:06	5.21	-0.01	10	5210	卖盘
14:14:51	5.22	0.01	6	3132	买盘
14:14:26	5.21	-0.01	109	56789	卖盘
14:14:00	5.22	0.01	8	4176	买盘
14:13:54	5.21	-0.01	47	24487	卖盘
14:13:24	5.22	--	12	6264	买盘
14:12:45	5.22	0.01	188	98136	买盘
14:12:40	5.21	--	12	6252	卖盘
14:12:35	5.21	--	14	7294	卖盘
14:12:16	5.21	--	38	19798	卖盘
14:12:00	5.21	--	336	175056	卖盘
14:11:54	5.21	--	12	6252	卖盘
14:11:30	5.21	--	13	6773	卖盘
14:11:09	5.21	-0.01	10	5210	卖盘
14:11:00	5.22	0.01	5	2610	买盘
14:10:45	5.21	--	16	8336	卖盘
14:10:35	5.21	--	35	18235	卖盘
14:10:20	5.21	--	70	36470	卖盘
14:10:15	5.21	--	45	23445	卖盘
14:10:05	5.21	--	28	14588	卖盘
14:09:45	5.21	--	130	67730	卖盘
14:08:54	5.21	--	10	5210	卖盘
14:08:39	5.21	--	2	1042	卖盘
14:08:30	5.21	--	110	57310	卖盘
14:08:00	5.21	--	6	3126	卖盘
14:07:39	5.21	--	1	521	卖盘
14:07:14	5.21	--	12	6252	卖盘
14:07:03	5.21	--	111	57831	卖盘
14:06:54	5.21	--	5	2605	卖盘
14:06:48	5.21	-0.01	22	11462	卖盘
14:06:44	5.22	0.01	54	28188	买盘
14:06:33	5.21	--	10	5210	卖盘
14:06:29	5.21	--	16	8336	卖盘
14:06:24	5.21	-0.01	6	3126	卖盘
14:06:14	5.22	--	16	8352	买盘
14:06:09	5.22	0.01	2	1044	买盘
14:05:59	5.21	0.01	44	23241	买盘
14:05:39	5.2	-0.01	26	13520	卖盘
14:05:33	5.21	--	10	5210	买盘
14:05:24	5.21	--	22	11665	卖盘
14:05:14	5.21	--	8	4485	买盘
14:05:09	5.21	0.01	21	10941	买盘
14:05:03	5.2	-0.01	17	8840	卖盘
14:04:33	5.21	-0.01	10	5413	卖盘
14:04:24	5.22	0.01	2	1044	买盘
14:04:18	5.21	--	39	20636	买盘
14:04:14	5.21	0.01	48	25008	买盘
14:04:09	5.2	-0.01	766	398320	卖盘
14:04:03	5.21	--	8	4371	卖盘
14:03:39	5.21	0.01	1	838	买盘
14:03:33	5.2	-0.01	322	167648	卖盘
14:03:18	5.21	--	20	10420	买盘
14:03:09	5.21	--	1309	682192	卖盘
14:03:03	5.21	--	19	9899	卖盘
14:02:44	5.21	--	6	3126	卖盘
14:02:39	5.21	-0.01	3	1563	卖盘
14:02:33	5.22	0.01	51	26622	买盘
14:02:29	5.21	--	16	8336	卖盘
14:02:24	5.21	--	20	10420	卖盘
14:02:03	5.21	--	27	14067	卖盘
14:01:48	5.21	--	8	4168	卖盘
14:01:39	5.21	-0.01	110	57310	卖盘
14:01:24	5.22	--	6	3132	买盘
14:01:18	5.22	--	9	4698	买盘
14:01:14	5.22	--	1	522	买盘
14:01:03	5.22	--	120	62640	买盘
14:00:42	5.22	--	6	3132	买盘
14:00:38	5.22	--	10	5220	买盘
14:00:18	5.22	--	120	62640	买盘
14:00:12	5.22	--	35	18270	买盘
13:59:53	5.22	--	3	1566	买盘
13:59:12	5.22	--	34	17748	买盘
13:58:53	5.22	--	6	3132	买盘
13:58:23	5.22	--	106	55332	卖盘
13:57:57	5.22	--	500	261000	卖盘
13:57:38	5.22	-0.01	21	10962	卖盘
13:57:33	5.23	0.01	1	523	买盘
13:57:27	5.22	-0.01	32	16704	卖盘
13:57:12	5.23	--	1	523	买盘
13:57:08	5.23	0.01	100	52300	买盘
13:57:03	5.22	--	66	34452	卖盘
13:56:57	5.22	-0.01	9	4698	卖盘
13:56:42	5.23	0.01	8	4184	买盘
13:56:18	5.22	--	3	1566	卖盘
13:56:03	5.22	-0.01	3	1566	卖盘
13:55:57	5.23	0.01	6	3138	买盘
13:55:48	5.22	-0.01	11	5742	卖盘
13:55:33	5.23	0.01	15	7845	买盘
13:55:18	5.22	--	2	1044	卖盘
13:55:12	5.22	-0.01	55	28710	卖盘
13:55:03	5.23	0.02	16	8368	买盘
13:54:57	5.21	-0.02	118	61478	卖盘
13:54:38	5.23	0.01	1	523	买盘
13:54:33	5.22	-0.01	435	227070	卖盘
13:54:06	5.23	--	82	42886	买盘
13:53:57	5.23	0.01	33	17259	买盘
13:53:51	5.22	--	39	20358	卖盘
13:53:36	5.22	--	1	522	卖盘
13:53:32	5.22	--	35	18588	买盘
13:53:12	5.22	--	1	522	买盘
13:53:06	5.22	0.01	17	8874	买盘
13:52:51	5.21	-0.01	100	52100	卖盘
13:52:47	5.22	--	35	18270	买盘
13:52:42	5.22	--	30	15660	买盘
13:52:32	5.22	--	27	14094	买盘
13:52:21	5.22	--	12	6264	买盘
13:52:17	5.22	--	10	5220	买盘
13:52:12	5.22	--	143	74646	买盘
13:52:06	5.22	--	32	16704	买盘
13:52:02	5.22	--	8	4176	买盘
13:51:42	5.22	--	97	50634	买盘
13:51:36	5.22	--	90	46980	买盘
13:51:32	5.22	--	123	64206	买盘
13:51:12	5.22	--	1	522	买盘
13:51:06	5.22	--	69	36018	买盘
13:50:57	5.22	--	10	5220	买盘
13:50:36	5.22	--	30	15660	买盘
13:50:27	5.22	--	144	75168	买盘
13:50:12	5.22	0.01	26	13572	买盘
13:50:06	5.21	-0.01	53	27613	卖盘
13:49:57	5.22	--	69	36018	买盘
13:49:12	5.22	--	1	522	买盘
13:49:06	5.22	--	58	30380	卖盘
13:49:02	5.22	--	10	5220	卖盘
13:48:57	5.22	--	1600	835200	卖盘
13:48:42	5.22	--	55	28710	卖盘
13:48:27	5.22	--	8	4176	卖盘
13:48:21	5.22	--	10	5220	卖盘
13:47:57	5.22	--	21	10962	卖盘
13:47:30	5.22	--	123	64206	卖盘
13:46:56	5.22	--	187	97614	卖盘
13:46:51	5.22	-0.01	1	522	卖盘
13:46:45	5.23	0.01	105	54915	买盘
13:46:41	5.22	--	3	1566	卖盘
13:46:15	5.22	-0.01	2	1044	卖盘
13:45:56	5.23	0.01	8	4184	买盘
13:45:36	5.22	--	99	51678	卖盘
13:45:26	5.22	-0.01	3	1566	卖盘
13:45:15	5.23	0.01	40	20920	买盘
13:44:30	5.22	-0.01	100	52200	卖盘
13:44:21	5.23	0.01	64	33472	买盘
13:43:45	5.22	--	6	3340	卖盘
13:43:15	5.22	-0.01	101	52722	卖盘
13:42:56	5.23	--	6	3138	买盘
13:42:45	5.23	0.01	22	11506	买盘
13:42:30	5.22	-0.01	10	5220	卖盘
13:42:21	5.23	0.01	151	78973	买盘
13:42:06	5.22	--	100	52200	卖盘
13:41:56	5.22	--	520	271440	卖盘
13:41:51	5.22	-0.01	100	52200	卖盘
13:41:45	5.23	--	5	2615	买盘
13:41:36	5.23	--	128	66944	买盘
13:41:15	5.23	0.01	1	523	买盘
13:41:11	5.22	-0.01	20	10440	卖盘
13:41:00	5.23	--	33	17259	买盘
13:40:39	5.23	--	17	8891	买盘
13:40:30	5.23	--	3	1569	买盘
13:40:24	5.23	--	500	261500	买盘
13:40:15	5.23	--	44	23012	买盘
13:40:09	5.23	--	10	5230	买盘
13:40:00	5.23	--	26	13598	卖盘
13:39:54	5.23	--	16	8368	卖盘
13:39:45	5.23	--	8	4184	买盘
13:39:39	5.23	--	3	1569	卖盘
13:39:24	5.23	--	5	2615	卖盘
13:39:20	5.23	--	64	33472	买盘
13:39:15	5.23	--	52	27196	买盘
13:38:54	5.23	0.01	206	107738	买盘
13:38:45	5.22	-0.01	50	26100	卖盘
13:38:24	5.23	--	27	14121	买盘
13:38:00	5.23	--	2	1046	买盘
13:37:24	5.23	--	228	119244	买盘
13:37:20	5.23	--	140	73220	买盘
13:37:15	5.23	--	1	523	买盘
13:37:09	5.23	--	123	64329	卖盘
13:37:05	5.23	-0.01	5	2615	卖盘
13:37:00	5.24	0.01	5	2620	买盘
13:36:54	5.23	-0.01	29	15167	卖盘
13:36:45	5.24	0.01	50	26200	买盘
13:36:39	5.23	--	49	25627	卖盘
13:36:30	5.23	--	110	57530	卖盘
13:36:24	5.23	-0.01	2603	1361369	卖盘
13:36:20	5.24	--	10	5240	买盘
13:35:54	5.24	--	56	29344	买盘
13:35:50	5.24	--	100	52400	买盘
13:35:39	5.24	--	7	3668	买盘
13:35:35	5.24	--	29	15196	买盘
13:35:30	5.24	--	30	15720	买盘
13:35:24	5.24	--	101	52924	买盘
13:35:15	5.24	-0.01	43	22532	卖盘
13:35:09	5.25	0.01	88	46200	买盘
13:35:05	5.24	-0.01	60	31440	买盘
13:35:00	5.25	0.01	539	282975	买盘
13:34:54	5.24	-0.01	36	19246	卖盘
13:34:50	5.25	0.01	34	17850	买盘
13:34:45	5.24	--	8	4192	卖盘
13:34:39	5.24	--	142	74408	卖盘
13:34:35	5.24	--	17	9049	买盘
13:34:30	5.24	--	498	260952	买盘
13:34:24	5.24	--	20	10480	买盘
13:34:09	5.24	--	1000	524000	买盘
13:33:48	5.24	--	71	37204	买盘
13:33:45	5.24	--	30	15720	买盘
13:33:39	5.24	--	221	115804	买盘
13:33:33	5.24	--	457	239468	买盘
13:33:29	5.24	--	2	1048	买盘
13:33:24	5.24	--	69	36156	买盘
13:33:18	5.24	--	8	4192	买盘
13:33:14	5.24	--	168	88032	买盘
13:33:09	5.24	--	2	1048	买盘
13:33:03	5.24	--	18	9432	买盘
13:32:54	5.24	0.01	526	275624	买盘
13:32:48	5.23	-0.01	260	135980	卖盘
13:32:33	5.24	0.01	64	33536	买盘
13:32:24	5.23	--	12	6276	卖盘
13:32:18	5.23	-0.01	75	39225	卖盘
13:32:09	5.24	--	326	170824	买盘
13:32:03	5.24	0.01	558	292392	买盘
13:31:54	5.23	--	20	10460	卖盘
13:31:48	5.23	--	18	9665	卖盘
13:31:33	5.23	--	48	25104	卖盘
13:31:29	5.23	--	2	1046	卖盘
13:31:24	5.23	--	40	20920	卖盘
13:31:18	5.23	--	376	196648	卖盘
13:31:14	5.23	--	5	2615	卖盘
13:31:03	5.23	--	453	236919	买盘
13:30:59	5.23	--	108	56484	买盘
13:30:48	5.23	--	179	93617	买盘
13:30:39	5.23	--	26	13598	买盘
13:30:33	5.23	--	270	141210	买盘
13:30:18	5.23	--	100	52300	买盘
13:30:14	5.23	--	37	19351	买盘
13:30:09	5.23	--	410	214430	买盘
13:30:03	5.23	--	139	72697	买盘
13:29:59	5.23	0.01	3	1569	买盘
13:29:54	5.22	-0.01	26	13676	卖盘
13:29:39	5.23	0.01	218	114014	买盘
13:29:33	5.22	--	5	2610	卖盘
13:29:29	5.22	--	1047	546534	卖盘
13:29:24	5.22	--	10	5220	卖盘
13:29:14	5.22	-0.01	17	8874	卖盘
13:29:03	5.23	0.01	100	52300	买盘
13:28:59	5.22	--	30	15660	卖盘
13:28:54	5.22	--	5	2610	卖盘
13:28:48	5.22	--	569	297018	卖盘
13:28:39	5.22	--	215	112230	卖盘
13:28:33	5.22	--	42	21924	卖盘
13:28:24	5.22	0.01	1450	757004	买盘
13:28:18	5.21	-0.01	2	1042	卖盘
13:28:03	5.22	0.01	37	19314	买盘
13:27:48	5.21	-0.01	20	10420	卖盘
13:27:44	5.22	--	98	51156	买盘
13:27:39	5.22	--	20	10440	买盘
13:27:18	5.22	--	122	63684	买盘
13:27:12	5.22	--	30	15660	买盘
13:26:54	5.22	--	71	37062	买盘
13:26:42	5.22	--	41	21402	买盘
13:26:38	5.22	--	130	67860	买盘
13:26:33	5.22	0.01	830	433260	买盘
13:26:27	5.21	--	700	364700	买盘
13:26:12	5.21	--	1053	548613	买盘
13:26:03	5.21	--	17	8857	买盘
13:25:57	5.21	--	28	14588	买盘
13:25:42	5.21	--	14	7294	买盘
13:25:38	5.21	--	307	159947	买盘
13:25:33	5.21	--	10	5210	买盘
13:25:12	5.21	--	229	119309	买盘
13:25:03	5.21	--	311	162031	买盘
13:24:33	5.21	--	99	51579	买盘
13:24:27	5.21	0.01	125	65437	买盘
13:24:23	5.2	--	20	10400	卖盘
13:24:18	5.2	--	30	16062	卖盘
13:23:27	5.2	--	20	10400	卖盘
13:23:12	5.2	--	1249	649890	买盘
13:22:57	5.2	--	84	43680	买盘
13:22:48	5.2	0.01	100	52000	买盘
13:22:42	5.19	-0.01	34	17646	卖盘
13:22:27	5.2	--	32	16640	买盘
13:22:12	5.2	--	89	46280	买盘
13:22:08	5.2	--	100	52000	买盘
13:21:53	5.2	0.01	36	18720	买盘
13:21:48	5.19	-0.01	20	10380	卖盘
13:21:42	5.2	--	27	14040	买盘
13:21:33	5.2	0.01	200	104000	买盘
13:21:12	5.19	--	40	20760	卖盘
13:21:08	5.19	-0.01	1	519	卖盘
13:20:57	5.2	--	36	18720	买盘
13:20:36	5.2	0.01	18	9360	买盘
13:20:21	5.19	-0.01	7	3633	卖盘
13:20:12	5.2	--	33	17160	买盘
13:19:57	5.2	0.01	1	520	买盘
13:19:51	5.19	--	9	4671	卖盘
13:19:42	5.19	-0.01	18	9342	卖盘
13:19:21	5.2	--	19	9880	买盘
13:19:12	5.2	--	1	520	买盘
13:19:06	5.2	--	10	5200	买盘
13:18:57	5.2	--	10	5200	买盘
13:18:32	5.2	--	50	26000	买盘
13:18:06	5.2	--	200	104000	买盘
13:17:57	5.2	--	58	30160	买盘
13:17:42	5.2	--	20	10400	买盘
13:17:36	5.2	--	7	3640	买盘
13:17:12	5.2	--	106	55120	买盘
13:17:06	5.2	--	6	3120	买盘
13:16:57	5.2	--	82	42640	买盘
13:16:47	5.2	--	30	15600	买盘
13:16:32	5.2	0.01	111	57720	买盘
13:16:21	5.19	-0.01	85	44115	卖盘
13:16:17	5.2	--	10	5200	买盘
13:16:12	5.2	--	61	31720	买盘
13:15:57	5.2	--	11	5720	买盘
13:15:42	5.2	--	38	19760	买盘
13:15:36	5.2	--	5	2600	买盘
13:15:17	5.2	--	27	14040	买盘
13:15:12	5.2	--	31	16120	买盘
13:14:51	5.2	--	8	4160	买盘
13:14:47	5.2	--	3	1560	买盘
13:13:30	5.2	--	13	6760	买盘
13:13:21	5.2	0.01	90	46800	买盘
13:13:06	5.19	--	13	6747	买盘
13:12:51	5.19	--	43	22317	买盘
13:12:36	5.19	--	22	11418	买盘
13:12:30	5.19	--	14	7266	买盘
13:11:41	5.19	--	271	140960	卖盘
13:11:26	5.19	--	150	77850	卖盘
13:11:11	5.19	--	2	1038	卖盘
13:11:06	5.19	-0.01	1	519	卖盘
13:10:36	5.2	--	18	9360	买盘
13:10:15	5.2	0.01	39	20280	买盘
13:09:21	5.19	-0.01	8	4152	卖盘
13:09:15	5.2	--	39	20280	买盘
13:09:00	5.2	--	100	52000	买盘
13:08:56	5.2	0.01	3	1560	买盘
13:08:45	5.19	--	5	2595	卖盘
13:08:36	5.19	--	35	18165	卖盘
13:08:21	5.19	--	20	10380	卖盘
13:06:39	5.19	--	19	9861	卖盘
13:06:09	5.19	-0.01	167	86880	卖盘
13:06:00	5.2	--	20	10400	买盘
13:05:39	5.2	--	110	57200	买盘
13:05:35	5.2	0.01	6	3120	买盘
13:05:30	5.19	-0.01	13	6747	卖盘
13:05:15	5.2	--	41	21320	买盘
13:05:00	5.2	--	1	520	买盘
13:04:39	5.2	--	1	520	买盘
13:04:30	5.2	--	112	58240	买盘
13:04:24	5.2	--	2	1040	买盘
13:04:00	5.2	--	1	520	买盘
13:03:45	5.2	0.01	2	1040	买盘
13:02:39	5.19	0.01	50	25950	卖盘
13:02:30	5.18	-0.02	6	3108	卖盘
13:02:24	5.2	--	27	14040	买盘
13:02:05	5.2	0.01	84	43680	买盘
13:02:00	5.19	--	13	6747	卖盘
13:01:50	5.19	-0.01	12	6228	卖盘
13:01:39	5.2	0.01	90	46800	买盘
13:01:30	5.19	-0.01	6	3114	卖盘
13:01:19	5.2	--	15	7800	买盘
13:01:15	5.2	--	9	4680	买盘
13:01:09	5.2	--	13	6760	买盘
13:00:54	5.2	--	1	520	买盘
13:00:39	5.2	0.01	193	100360	买盘
13:00:33	5.19	--	41	21279	买盘
13:00:24	5.19	--	99	51381	买盘
13:00:14	5.19	--	33	17127	买盘
13:00:09	5.19	0.01	408	211959	买盘
13:00:03	5.18	-0.01	585	303035	卖盘
11:30:00	5.19	--	0	0	买盘
11:30:00	5.19	--	0	0	买盘
11:30:00	5.19	--	52	26988	买盘
11:29:51	5.19	--	98	50862	买盘
11:29:15	5.19	--	31	16089	买盘
11:29:00	5.19	--	227	117813	买盘
11:28:51	5.19	--	416	215904	买盘
11:28:15	5.19	--	139	72141	买盘
11:27:15	5.19	--	51	26469	买盘
11:26:51	5.19	--	20	10380	买盘
11:26:00	5.19	--	11	5709	买盘
11:25:55	5.19	--	16	8304	买盘
11:25:50	5.19	--	22	11418	买盘
11:25:35	5.19	--	10	5190	买盘
11:25:30	5.19	--	31	16089	买盘
11:25:15	5.19	0.01	17	8823	买盘
11:25:05	5.18	-0.01	24	12432	卖盘
11:24:30	5.19	0.01	7	3633	买盘
11:24:20	5.18	--	13	6780	卖盘
11:23:45	5.18	-0.01	9	4667	卖盘
11:23:15	5.19	--	1	519	买盘
11:23:00	5.19	0.01	5	2595	买盘
11:22:50	5.18	-0.01	30	15540	卖盘
11:22:05	5.19	--	67	34773	买盘
11:21:45	5.19	--	9	4671	买盘
11:21:39	5.19	--	51	26469	买盘
11:21:35	5.19	0.01	1	519	买盘
11:21:30	5.18	-0.01	1	621	卖盘
11:21:24	5.19	--	9	4671	买盘
11:21:15	5.19	--	11	5709	买盘
11:21:05	5.19	--	2	1038	买盘
11:20:39	5.19	--	27	14013	买盘
11:20:15	5.19	0.01	23	11937	买盘
11:19:39	5.18	--	43	22274	卖盘
11:19:15	5.18	--	100	51800	卖盘
11:18:44	5.18	--	1	621	卖盘
11:18:24	5.18	--	21	10878	卖盘
11:17:29	5.18	--	15	7770	卖盘
11:17:03	5.18	-0.01	5	2590	卖盘
11:16:59	5.19	0.01	1	519	买盘
11:16:48	5.18	-0.01	6	3108	卖盘
11:16:44	5.19	0.01	5	2595	买盘
11:16:39	5.18	--	8	4351	卖盘
11:16:29	5.18	-0.01	146	75628	卖盘
11:16:24	5.19	--	9	4671	买盘
11:16:18	5.19	--	5	2595	买盘
11:16:03	5.19	0.01	8	4152	买盘
11:15:54	5.18	-0.01	47	24346	卖盘
11:15:39	5.19	0.01	26	13494	买盘
11:15:24	5.18	--	77	39886	卖盘
11:15:18	5.18	-0.01	138	71484	卖盘
11:15:14	5.19	0.01	24	12456	买盘
11:14:54	5.18	-0.01	12	6216	卖盘
11:14:39	5.19	--	5	2595	买盘
11:14:29	5.19	0.01	7	3633	买盘
11:14:24	5.18	-0.01	4	2072	卖盘
11:14:18	5.19	0.01	6	3114	买盘
11:14:03	5.18	--	0	486	卖盘
11:13:48	5.18	-0.01	13	6734	卖盘
11:13:39	5.19	--	13	6747	买盘
11:13:24	5.19	0.01	37	19203	买盘
11:13:14	5.18	--	18	9324	卖盘
11:12:43	5.18	-0.01	0	103	卖盘
11:12:38	5.19	0.01	63	32697	买盘
11:12:13	5.18	--	100	51800	卖盘
11:11:53	5.18	--	64	33152	卖盘
11:11:33	5.18	--	50	25900	卖盘
11:11:23	5.18	-0.01	74	38642	卖盘
11:11:18	5.19	--	1	519	买盘
11:11:13	5.19	--	1	519	买盘
11:11:03	5.19	--	11	5709	买盘
11:10:53	5.19	0.01	1	519	买盘
11:10:48	5.18	-0.01	32	16576	卖盘
11:10:42	5.19	--	14	7266	买盘
11:10:33	5.19	--	16	8304	买盘
11:10:12	5.19	0.01	36	18684	买盘
11:10:08	5.18	-0.01	12	6216	卖盘
11:09:57	5.19	--	6	3114	买盘
11:09:33	5.19	--	175	90825	买盘
11:09:23	5.19	0.01	15	7785	买盘
11:09:08	5.18	--	5	2590	卖盘
11:09:03	5.18	--	196	101528	卖盘
11:08:57	5.18	--	5	2590	卖盘
11:08:48	5.18	--	24	12432	卖盘
11:08:27	5.18	--	5	2590	卖盘
11:08:12	5.18	-0.01	13	6734	卖盘
11:07:33	5.19	0.01	11	5709	买盘
11:07:27	5.18	--	126	65268	卖盘
11:07:18	5.18	-0.01	10	5180	卖盘
11:07:12	5.19	--	1	519	买盘
11:06:42	5.19	0.01	9	4671	买盘
11:06:38	5.18	-0.01	6	3108	卖盘
11:06:27	5.19	--	2	1038	买盘
11:06:22	5.19	0.01	19	9861	买盘
11:05:57	5.18	-0.01	30	15540	卖盘
11:05:32	5.19	--	18	9342	买盘
11:05:22	5.19	--	5	2595	买盘
11:05:12	5.19	--	58	30102	买盘
11:03:27	5.19	--	170	88230	买盘
11:03:17	5.19	--	6	3114	买盘
11:03:12	5.19	--	1	519	买盘
11:03:06	5.19	--	1	519	买盘
11:02:57	5.19	--	7	3633	买盘
11:02:51	5.19	--	50	25950	买盘
11:02:47	5.19	--	57	29583	买盘
11:02:36	5.19	0.01	7	3633	买盘
11:02:32	5.18	--	10	5180	卖盘
11:02:27	5.18	-0.01	27	13986	卖盘
11:02:21	5.19	--	7	3633	买盘
11:02:12	5.19	-0.01	99	51796	卖盘
11:01:42	5.2	0.01	7	3640	买盘
11:01:36	5.19	--	299	155284	买盘
11:01:32	5.19	--	51	26469	买盘
11:01:21	5.19	--	19	9861	买盘
11:01:17	5.19	--	99	51381	买盘
11:01:12	5.19	--	1	519	买盘
11:00:57	5.19	--	559	290121	买盘
11:00:36	5.19	--	92	47748	买盘
11:00:12	5.19	0.01	40	20760	买盘
10:59:51	5.18	--	25	12950	卖盘
10:59:42	5.18	--	40	20720	卖盘
10:59:21	5.18	--	18	9324	卖盘
10:58:57	5.18	--	2	1036	卖盘
10:58:26	5.18	--	62	32116	卖盘
10:58:21	5.18	--	100	51800	卖盘
10:58:06	5.18	-0.01	10	5180	卖盘
10:57:51	5.19	0.01	5	2595	买盘
10:57:15	5.18	-0.01	13	6734	卖盘
10:57:06	5.19	0.01	7	3633	买盘
10:56:56	5.18	--	100	51800	卖盘
10:56:41	5.18	--	1	518	卖盘
10:56:29	5.18	-0.01	13	6785	卖盘
10:56:00	5.19	0.01	24	12456	买盘
10:55:50	5.18	-0.01	6	3108	卖盘
10:55:41	5.19	--	13	7162	卖盘
10:55:35	5.19	--	14	7369	买盘
10:55:30	5.19	--	11	6124	卖盘
10:55:26	5.19	--	8	4255	买盘
10:55:15	5.19	--	32	16608	买盘
10:55:11	5.19	--	2	1038	买盘
10:55:00	5.19	0.01	15	7785	买盘
10:54:44	5.18	-0.01	6	3108	卖盘
10:54:41	5.19	--	4	2076	买盘
10:54:36	5.19	--	3	1972	卖盘
10:54:21	5.19	--	81	42142	买盘
10:53:51	5.19	--	75	39340	卖盘
10:53:36	5.19	--	280	145320	卖盘
10:53:06	5.19	--	208	107952	卖盘
10:52:55	5.19	--	63	33112	卖盘
10:52:40	5.19	-0.01	500	259500	卖盘
10:51:45	5.2	0.01	23	11960	买盘
10:51:29	5.19	-0.01	60	31140	卖盘
10:51:20	5.2	--	13	6760	买盘
10:51:15	5.2	--	1	520	买盘
10:51:00	5.2	--	5	2600	买盘
10:50:54	5.2	--	33	17160	买盘
10:50:35	5.2	0.01	15	7800	买盘
10:50:15	5.19	--	209	108471	卖盘
10:49:50	5.19	--	60	31140	卖盘
10:49:00	5.19	-0.01	22	11418	卖盘
10:48:39	5.2	--	12	6240	买盘
10:48:30	5.2	0.01	48	24960	买盘
10:48:09	5.19	--	650	337350	卖盘
10:47:50	5.19	--	6	3114	卖盘
10:47:30	5.19	--	71	36849	卖盘
10:46:59	5.19	-0.01	10	5605	卖盘
10:46:54	5.2	0.01	3	1560	买盘
10:46:44	5.19	--	100	51900	卖盘
10:46:24	5.19	-0.01	10	5190	卖盘
10:46:08	5.2	--	3	1560	买盘
10:45:59	5.2	--	11	5720	买盘
10:45:34	5.2	--	17	8840	买盘
10:45:14	5.2	0.01	42	21840	买盘
10:44:54	5.19	-0.01	3	1557	卖盘
10:44:33	5.2	0.01	100	52000	买盘
10:44:14	5.19	--	9	4671	卖盘
10:44:03	5.19	--	342	177498	卖盘
10:43:39	5.19	--	1	519	卖盘
10:43:33	5.19	--	1	622	卖盘
10:43:29	5.19	--	41	21279	卖盘
10:43:23	5.19	--	8	4152	卖盘
10:43:03	5.19	--	6	3114	卖盘
10:42:54	5.19	-0.01	90	46710	卖盘
10:42:32	5.2	--	60	31200	买盘
10:42:24	5.2	--	4	2080	买盘
10:42:17	5.2	--	4	2080	买盘
10:42:14	5.2	--	6	3120	买盘
10:41:53	5.2	--	91	47320	卖盘
10:41:48	5.2	--	60	31200	卖盘
10:41:23	5.2	0.01	68	35360	卖盘
10:41:18	5.19	--	0	0	卖盘
10:41:02	5.19	-0.01	20	10380	卖盘
10:40:59	5.2	--	3	1560	买盘
10:40:53	5.2	-0.01	7	3640	中性盘
10:40:47	5.21	0.01	1	521	买盘
10:40:32	5.2	--	34	17680	买盘
10:40:17	5.2	-0.01	98	50960	卖盘
10:40:14	5.21	0.01	46	23966	买盘
10:39:23	5.2	--	100	52000	卖盘
10:39:02	5.2	--	10	5200	卖盘
10:38:47	5.2	--	80	41600	卖盘
10:38:28	5.2	--	10	5200	卖盘
10:38:23	5.2	--	50	26000	卖盘
10:38:17	5.2	--	77	40040	卖盘
10:38:11	5.2	--	7	3640	卖盘
10:38:08	5.2	--	45	23400	卖盘
10:37:26	5.2	--	400	208000	卖盘
10:37:08	5.2	--	130	67600	卖盘
10:36:32	5.2	-0.01	33	17160	卖盘
10:36:26	5.21	--	32	16672	买盘
10:36:23	5.21	--	12	6252	买盘
10:35:56	5.21	--	17	8857	买盘
10:35:53	5.21	0.01	5	2605	买盘
10:35:41	5.2	--	4	2080	卖盘
10:35:38	5.2	--	2	1040	买盘
10:35:32	5.2	--	22	11440	买盘
10:35:26	5.2	--	30	15600	买盘
10:35:17	5.2	--	90	46800	买盘
10:35:11	5.2	--	89	46280	买盘
10:35:02	5.2	--	253	131560	买盘
10:34:08	5.2	--	40	20800	买盘
10:33:26	5.2	0.01	100	52000	买盘
10:33:11	5.19	-0.01	11	5709	卖盘
10:33:07	5.2	--	1	520	买盘
10:32:41	5.2	--	90	46800	买盘
10:32:37	5.2	--	90	46800	买盘
10:32:32	5.2	0.01	5	2600	买盘
10:32:07	5.19	--	20	10380	卖盘
10:31:56	5.19	-0.01	16	8304	卖盘
10:31:47	5.2	--	15	7800	买盘
10:31:41	5.2	0.01	31	16120	买盘
10:31:26	5.19	-0.01	18	9342	卖盘
10:31:20	5.2	--	210	109200	买盘
10:31:11	5.2	--	1	520	买盘
10:30:56	5.2	--	5	2600	买盘
10:30:41	5.2	--	68	35360	买盘
10:30:35	5.2	--	29	15080	买盘
10:30:17	5.2	--	2	1040	买盘
10:30:11	5.2	0.01	36	18720	买盘
10:30:05	5.19	-0.01	10	5190	卖盘
10:29:41	5.2	0.01	43	22360	买盘
10:29:26	5.19	--	20	10380	卖盘
10:29:20	5.19	--	6	3114	卖盘
10:29:17	5.19	--	6	3114	卖盘
10:29:05	5.19	--	142	73698	卖盘
10:28:56	5.19	-0.01	57	29583	卖盘
10:28:50	5.2	--	10	5200	买盘
10:28:41	5.2	--	110	57200	买盘
10:28:11	5.2	--	50	26000	买盘
10:27:56	5.2	--	5	2600	买盘
10:27:41	5.2	0.01	43	22360	买盘
10:27:11	5.19	--	106	55014	卖盘
10:26:50	5.19	-0.01	30	15570	卖盘
10:26:41	5.2	0.01	48	24960	买盘
10:26:35	5.19	--	1	519	卖盘
10:26:31	5.19	--	0	207	卖盘
10:25:56	5.19	-0.01	22	11418	卖盘
10:25:41	5.2	--	43	22360	买盘
10:25:35	5.2	0.01	25	13000	买盘
10:25:26	5.19	-0.01	196	101724	卖盘
10:25:11	5.2	--	43	22360	买盘
10:24:59	5.2	--	5	2600	买盘
10:24:44	5.2	--	138	71760	卖盘
10:24:41	5.2	--	5	2600	买盘
10:24:35	5.2	--	0	0	中性盘
10:24:29	5.2	0.01	25	13000	卖盘
10:24:20	5.19	-0.01	124	64356	卖盘
10:24:14	5.2	--	32	16640	买盘
10:23:50	5.2	--	9	4680	买盘
10:23:44	5.2	-0.01	87	45240	卖盘
10:23:35	5.21	0.01	45	23445	买盘
10:23:29	5.2	--	47	24440	卖盘
10:23:20	5.2	--	11	5720	卖盘
10:23:10	5.2	--	10	5200	卖盘
10:22:44	5.2	--	100	52000	卖盘
10:22:35	5.2	--	182	94640	卖盘
10:22:29	5.2	--	63	32760	卖盘
10:22:20	5.2	--	206	107120	卖盘
10:21:59	5.2	--	144	74880	买盘
10:21:50	5.2	0.01	55	28600	买盘
10:21:44	5.19	-0.01	5	2595	卖盘
10:21:29	5.2	--	99	51480	买盘
10:21:25	5.2	0.01	48	24960	买盘
10:21:20	5.19	-0.01	453	235413	卖盘
10:21:14	5.2	--	301	156520	卖盘
10:21:05	5.2	--	90	46800	卖盘
10:20:59	5.2	-0.01	14	7280	卖盘
10:20:55	5.21	0.01	41	21361	买盘
10:20:50	5.2	--	14	7280	卖盘
10:20:44	5.2	--	8	4160	卖盘
10:20:35	5.2	--	33	17160	卖盘
10:20:29	5.2	--	8	4160	卖盘
10:20:14	5.2	--	67	34840	卖盘
10:20:10	5.2	0.01	65	34013	买盘
10:20:05	5.19	-0.01	8	4152	卖盘
10:19:59	5.2	--	200	104000	买盘
10:19:50	5.2	--	31	16120	买盘
10:19:35	5.2	--	96	49920	买盘
10:19:29	5.2	--	10	5200	买盘
10:19:20	5.2	--	2	1040	买盘
10:19:14	5.2	--	16	8626	卖盘
10:18:59	5.2	--	24	12480	卖盘
10:18:55	5.2	--	3	1560	卖盘
10:18:50	5.2	--	80	41813	买盘
10:18:40	5.2	--	147	76746	卖盘
10:18:35	5.2	--	992	516053	买盘
10:18:14	5.2	--	6	3120	买盘
10:18:08	5.2	0.01	49	25480	买盘
10:17:59	5.19	-0.01	116	60204	卖盘
10:17:50	5.2	--	91	47320	买盘
10:17:38	5.2	--	100	52000	买盘
10:17:14	5.2	--	7	3640	买盘
10:16:44	5.2	0.01	8	4160	买盘
10:16:38	5.19	-0.01	39	20241	卖盘
10:16:29	5.2	--	16	8320	买盘
10:16:23	5.2	--	19	9880	买盘
10:16:19	5.2	--	5	2600	买盘
10:15:59	5.2	0.01	6	3120	买盘
10:15:53	5.19	-0.01	5	2595	卖盘
10:15:49	5.2	--	61	31720	买盘
10:15:38	5.2	--	7	3640	买盘
10:15:34	5.2	--	23	11960	买盘
10:15:19	5.2	0.01	164	85280	买盘
10:15:14	5.19	--	75	38925	卖盘
10:15:08	5.19	-0.01	20	10380	卖盘
10:14:59	5.2	0.01	43	22360	买盘
10:14:44	5.19	-0.01	6	3114	卖盘
10:14:38	5.2	--	180	93600	买盘
10:14:29	5.2	--	15	7800	买盘
10:14:23	5.2	0.01	30	15600	买盘
10:14:19	5.19	0.01	20	10380	买盘
10:14:14	5.18	--	0	0	卖盘
10:13:59	5.18	--	14	7252	卖盘
10:13:53	5.18	-0.02	196	101528	卖盘
10:13:34	5.2	--	122	63440	买盘
10:13:19	5.2	0.01	30	15600	买盘
10:13:14	5.19	--	6	3114	卖盘
10:12:59	5.19	-0.01	1	519	卖盘
10:12:49	5.2	0.01	95	49400	买盘
10:12:08	5.19	--	25	13078	买盘
10:12:02	5.19	--	32	16608	买盘
10:11:59	5.19	--	50	25950	买盘
10:11:44	5.19	--	10	5190	买盘
10:11:32	5.19	--	60	31140	买盘
10:11:29	5.19	-0.01	25	12975	卖盘
10:11:23	5.2	--	79	41080	买盘
10:11:17	5.2	0.01	1	520	买盘
10:11:02	5.19	-0.01	26	13494	卖盘
10:10:38	5.2	--	18	9360	买盘
10:10:32	5.2	0.01	3	1560	买盘
10:10:29	5.19	--	20	10380	卖盘
10:10:17	5.19	--	5	2595	卖盘
10:10:14	5.19	--	119	61761	卖盘
10:09:58	5.19	-0.01	45	23355	卖盘
10:09:53	5.2	--	7	3640	买盘
10:09:17	5.2	0.01	174	90480	买盘
10:09:13	5.19	-0.01	1	519	买盘
10:09:08	5.2	--	0	0	买盘
10:08:53	5.2	0.01	30	15600	买盘
10:08:38	5.19	0.01	266	138054	买盘
10:08:23	5.18	-0.01	196	101528	卖盘
10:08:08	5.19	--	736	382082	卖盘
10:07:58	5.19	--	70	36330	卖盘
10:07:53	5.19	-0.01	3	1557	卖盘
10:07:47	5.2	0.01	129	67080	买盘
10:07:38	5.19	--	3	1557	卖盘
10:07:17	5.19	--	6	3114	卖盘
10:07:13	5.19	--	134	69546	卖盘
10:07:02	5.19	-0.01	30	15570	卖盘
10:06:53	5.2	--	298	154960	买盘
10:06:47	5.2	0.01	11	5720	买盘
10:06:32	5.19	-0.01	1	519	卖盘
10:06:28	5.2	--	1	520	买盘
10:06:17	5.2	0.01	5	2600	买盘
10:06:02	5.19	-0.01	18	9342	卖盘
10:05:58	5.2	0.01	48	24960	买盘
10:05:53	5.19	-0.01	179	92901	卖盘
10:05:47	5.2	--	20	10400	买盘
10:05:38	5.2	0.01	25	13000	买盘
10:05:32	5.19	--	6	3114	卖盘
10:05:26	5.19	--	6	3114	卖盘
10:05:23	5.19	--	3	1557	卖盘
10:05:17	5.19	--	81	42039	卖盘
10:05:11	5.19	--	243	126117	卖盘
10:05:08	5.19	--	3	1557	卖盘
10:04:56	5.19	--	3	1557	卖盘
10:04:47	5.19	-0.01	3	1557	卖盘
10:04:38	5.2	--	828	430560	买盘
10:04:17	5.2	0.01	100	52000	买盘
10:04:11	5.19	--	47	24393	卖盘
10:03:47	5.19	--	46	23874	卖盘
10:03:41	5.19	-0.01	17	8823	卖盘
10:03:38	5.2	0.01	120	62400	买盘
10:03:32	5.19	--	8	4152	卖盘
10:03:26	5.19	--	17	8823	卖盘
10:03:22	5.19	--	3	1557	卖盘
10:03:17	5.19	--	14	7266	卖盘
10:03:11	5.19	--	15	7785	卖盘
10:03:07	5.19	-0.01	296	153624	卖盘
10:02:56	5.2	0.01	5	2600	买盘
10:02:52	5.19	-0.01	40	20760	卖盘
10:02:47	5.2	0.01	95	49400	买盘
10:02:17	5.19	--	9	4671	卖盘
10:02:11	5.19	-0.01	10	5190	卖盘
10:02:07	5.2	0.01	7	3640	买盘
10:02:02	5.19	--	10	5190	卖盘
10:01:41	5.19	--	40	20760	卖盘
10:01:26	5.19	-0.01	13	6747	卖盘
10:01:22	5.2	--	21	10920	买盘
10:01:11	5.2	--	1	520	买盘
10:01:02	5.2	--	99	51480	买盘
10:00:56	5.2	--	2	1040	买盘
10:00:52	5.2	0.01	27	14040	买盘
10:00:37	5.19	--	88	46092	买盘
10:00:32	5.19	--	5	2595	买盘
10:00:11	5.19	--	106	55112	卖盘
09:59:56	5.19	--	6	3425	卖盘
09:59:41	5.19	--	2	1038	卖盘
09:59:37	5.19	--	1	519	卖盘
09:59:17	5.19	--	43	22425	买盘
09:59:11	5.19	--	1	519	买盘
09:59:02	5.19	-0.01	253	131717	卖盘
09:58:47	5.2	--	253	131560	买盘
09:58:35	5.2	0.01	120	62400	买盘
09:58:26	5.19	--	212	110028	卖盘
09:57:56	5.19	-0.01	6	3114	卖盘
09:57:50	5.2	--	95	49400	买盘
09:57:41	5.2	0.01	1	520	买盘
09:57:35	5.19	--	6	3114	卖盘
09:57:32	5.19	--	3	1557	卖盘
09:57:11	5.19	--	16	8304	卖盘
09:57:05	5.19	-0.01	3	1557	卖盘
09:56:56	5.2	0.01	85	44200	买盘
09:56:50	5.19	--	9	4671	卖盘
09:56:46	5.19	--	29	15051	卖盘
09:56:41	5.19	-0.01	101	52419	卖盘
09:56:35	5.2	--	90	46800	买盘
09:56:20	5.2	0.01	15	7800	买盘
09:56:11	5.19	-0.01	156	81067	卖盘
09:55:56	5.2	0.01	17	8840	买盘
09:55:41	5.19	-0.01	1	519	卖盘
09:55:35	5.2	--	33	17160	买盘
09:55:11	5.2	0.01	134	69680	买盘
09:54:56	5.19	--	26	13499	卖盘
09:54:50	5.19	-0.01	314	162966	卖盘
09:54:35	5.2	--	434	225680	买盘
09:54:26	5.2	0.01	7	3640	买盘
09:54:20	5.19	--	13	6747	卖盘
09:54:11	5.19	-0.01	3	1557	卖盘
09:54:05	5.2	0.01	11	5720	买盘
09:53:56	5.19	-0.01	30	15570	卖盘
09:53:50	5.2	--	38	19760	买盘
09:53:46	5.2	0.01	38	19760	买盘
09:53:41	5.19	-0.01	6	3114	卖盘
09:53:35	5.2	--	121	62920	买盘
09:53:26	5.2	--	5	2600	买盘
09:53:20	5.2	--	8	4160	买盘
09:53:05	5.2	0.01	50	26000	买盘
09:52:56	5.19	-0.01	11	5709	卖盘
09:52:50	5.2	--	95	49400	买盘
09:52:46	5.2	--	8	4160	买盘
09:52:14	5.2	--	1	520	买盘
09:52:11	5.2	--	8	4160	买盘
09:52:05	5.2	0.01	40	20800	买盘
09:51:59	5.19	-0.01	2	1038	卖盘
09:51:50	5.2	0.01	100	52000	买盘
09:51:35	5.19	--	37	19203	卖盘
09:51:29	5.19	-0.01	8	4152	卖盘
09:51:20	5.2	0.01	124	64480	买盘
09:51:14	5.19	--	25	12975	卖盘
09:51:11	5.19	-0.01	3	1557	卖盘
09:51:05	5.2	--	16	8320	买盘
09:50:59	5.2	--	11	5720	买盘
09:50:56	5.2	--	10	5200	买盘
09:50:50	5.2	--	84	43680	买盘
09:50:41	5.2	--	2	1040	买盘
09:50:35	5.2	--	102	53040	买盘
09:50:20	5.2	--	48	24960	买盘
09:50:14	5.2	0.01	22	11440	买盘
09:50:05	5.19	-0.01	50	25950	卖盘
09:49:59	5.2	--	70	36400	买盘
09:49:55	5.2	--	61	31720	买盘
09:49:35	5.2	--	2	1040	买盘
09:49:20	5.2	--	3	1560	买盘
09:49:10	5.2	0.01	5	2600	买盘
09:49:05	5.19	--	7	3633	卖盘
09:48:59	5.19	--	8	4152	卖盘
09:48:55	5.19	--	633	328527	买盘
09:48:50	5.19	--	180	93420	买盘
09:48:35	5.19	--	120	62280	买盘
09:48:25	5.19	--	10	5190	买盘
09:48:05	5.19	0.01	10	5190	买盘
09:47:55	5.18	-0.01	196	101528	卖盘
09:47:50	5.19	--	95	49305	买盘
09:47:44	5.19	--	39	20241	买盘
09:47:40	5.19	0.01	2	1038	买盘
09:47:35	5.18	--	8	4144	卖盘
09:47:25	5.18	-0.01	12	6216	卖盘
09:47:14	5.19	0.01	139	72141	买盘
09:47:10	5.18	--	3	1554	卖盘
09:47:05	5.18	--	20	10360	卖盘
09:46:59	5.18	--	26	13468	卖盘
09:46:55	5.18	--	1	518	卖盘
09:46:50	5.18	-0.01	38	19684	卖盘
09:46:44	5.19	--	222	115218	买盘
09:46:40	5.19	--	30	15570	买盘
09:46:35	5.19	--	10	5190	买盘
09:46:29	5.19	--	34	17646	买盘
09:46:05	5.19	--	5	2595	买盘
09:45:59	5.19	0.01	57	29583	买盘
09:45:53	5.18	--	6	3108	卖盘
09:45:50	5.18	-0.01	74	38332	卖盘
09:45:44	5.19	--	288	149472	买盘
09:45:35	5.19	--	188	97572	买盘
09:45:14	5.19	0.01	8	4152	买盘
09:44:59	5.18	--	75	38850	卖盘
09:44:44	5.18	-0.01	34	17612	卖盘
09:44:38	5.19	--	90	46710	买盘
09:44:23	5.19	--	32	16608	买盘
09:44:14	5.19	0.01	12	6228	买盘
09:43:59	5.18	--	44	22792	卖盘
09:43:53	5.18	--	3	1554	卖盘
09:43:38	5.18	-0.01	112	58016	卖盘
09:43:34	5.19	0.01	153	79407	买盘
09:43:14	5.18	-0.01	89	46102	卖盘
09:43:08	5.19	0.01	5	2595	买盘
09:42:53	5.18	-0.01	19	9842	卖盘
09:42:49	5.19	0.01	125	64875	买盘
09:42:38	5.18	-0.01	3	1554	卖盘
09:42:29	5.19	0.01	50	25950	买盘
09:42:23	5.18	--	63	32634	卖盘
09:42:19	5.18	-0.01	14	7252	卖盘
09:42:14	5.19	0.01	200	103800	买盘
09:41:53	5.18	-0.01	14	7252	卖盘
09:41:38	5.19	0.01	17	8823	买盘
09:41:08	5.18	--	367	190520	买盘
09:40:59	5.18	--	16	8288	买盘
09:40:53	5.18	--	51	26418	买盘
09:40:34	5.18	0.01	7	3626	买盘
09:40:29	5.17	-0.01	10	5170	卖盘
09:40:19	5.18	--	104	53872	买盘
09:40:14	5.18	--	37	19166	买盘
09:39:53	5.18	--	158	81844	买盘
09:39:29	5.18	--	10	5180	买盘
09:39:23	5.18	--	20	10360	买盘
09:39:17	5.18	--	11	5698	买盘
09:39:08	5.18	--	49	25485	卖盘
09:39:02	5.18	--	35	18130	卖盘
09:38:53	5.18	--	3	1554	卖盘
09:38:38	5.18	0.01	132	68790	买盘
09:38:32	5.17	-0.01	3	1654	卖盘
09:38:29	5.18	--	10	5180	买盘
09:38:23	5.18	0.01	232	120176	买盘
09:38:17	5.17	-0.01	25	13028	卖盘
09:38:14	5.18	0.01	8	4144	买盘
09:37:59	5.17	-0.01	112	57904	卖盘
09:37:47	5.18	0.01	95	49210	买盘
09:37:32	5.17	-0.01	21	10857	卖盘
09:37:23	5.18	--	100	51800	买盘
09:37:17	5.18	--	20	10360	买盘
09:36:23	5.18	--	14	7252	买盘
09:36:17	5.18	0.01	20	10360	买盘
09:36:08	5.17	-0.01	11	5687	卖盘
09:35:58	5.18	0.01	11	5698	买盘
09:35:53	5.17	--	32	16544	卖盘
09:35:38	5.17	-0.01	87	44979	卖盘
09:35:32	5.18	0.01	116	60088	买盘
09:35:28	5.17	--	16	8272	卖盘
09:35:23	5.17	-0.01	53	27401	卖盘
09:35:13	5.18	0.01	5	2590	买盘
09:34:58	5.17	-0.01	10	5170	卖盘
09:34:53	5.18	0.01	1	518	买盘
09:34:47	5.17	--	1	517	卖盘
09:34:23	5.17	--	321	166163	买盘
09:34:02	5.17	--	81	42187	卖盘
09:33:53	5.17	--	86	44462	卖盘
09:33:32	5.17	0.01	37	19335	买盘
09:33:28	5.16	-0.01	3	1548	卖盘
09:33:23	5.17	--	120	62040	买盘
09:33:17	5.17	--	15	7755	买盘
09:33:08	5.17	0.01	513	265221	买盘
09:33:02	5.16	-0.01	20	10320	卖盘
09:32:58	5.17	--	7	3619	买盘
09:32:53	5.17	--	103	53251	买盘
09:32:47	5.17	--	105	54285	买盘
09:32:38	5.17	--	90	46530	买盘
09:32:32	5.17	--	20	10340	买盘
09:32:26	5.17	--	81	41877	买盘
09:32:17	5.17	--	28	14476	买盘
09:32:11	5.17	0.01	17	8789	买盘
09:32:02	5.16	-0.01	10	5160	卖盘
09:31:56	5.17	--	50	25850	买盘
09:31:53	5.17	--	5	2585	买盘
09:31:47	5.17	--	10	5170	买盘
09:31:32	5.17	--	10	5170	买盘
09:31:17	5.17	--	90	46530	买盘
09:31:11	5.17	--	105	54285	买盘
09:31:08	5.17	--	100	51700	买盘
09:30:56	5.17	0.01	44	22748	买盘
09:30:47	5.16	-0.01	116	59856	卖盘
09:30:41	5.17	--	10	5170	买盘
09:30:32	5.17	--	57	29469	买盘
09:30:07	5.17	--	247	127699	卖盘
09:29:01	5.17	--	0	0	卖盘
09:25:09	5.17	5.17	142	73414	买盘
