成交时间	成交价	价格变动	成交量(手)	成交额(元)	性质
15:00:00	21.95	--	0	0	中性盘
15:00:00	21.95	0.04	0	0	中性盘
14:59:59	21.91	-0.05	28	61348	卖盘
14:59:49	21.96	--	10	21960	买盘
14:59:44	21.96	--	62	136152	买盘
14:59:34	21.96	--	3	6588	买盘
14:59:29	21.96	-0.01	2	4392	买盘
14:59:19	21.97	0.04	3	6591	买盘
14:59:14	21.93	-0.04	4	8772	卖盘
14:58:59	21.97	--	1	2197	买盘
14:58:49	21.97	--	8	17576	买盘
14:58:44	21.97	--	24	52728	卖盘
14:58:38	21.97	--	2	4394	卖盘
14:58:34	21.97	--	10	21970	卖盘
14:58:29	21.97	--	8	17576	卖盘
14:58:23	21.97	--	2	4394	卖盘
14:58:19	21.97	--	13	28561	卖盘
14:58:14	21.97	-0.01	21	46137	卖盘
14:58:08	21.98	0.01	6	13188	买盘
14:58:04	21.97	-0.01	68	149396	卖盘
14:57:59	21.98	--	5	10990	买盘
14:57:49	21.98	--	3	6594	买盘
14:57:44	21.98	--	10	21980	买盘
14:57:38	21.98	--	7	15386	买盘
14:57:34	21.98	-0.01	32	70336	卖盘
14:57:04	21.99	--	122	269113	卖盘
14:56:59	21.99	--	30	65970	卖盘
14:56:49	21.99	-0.01	75	164925	卖盘
14:56:44	22.0	0.01	65	143000	买盘
14:56:38	21.99	--	56	123143	卖盘
14:56:34	21.99	-0.01	20	45035	卖盘
14:56:29	22.0	0.01	1	2200	买盘
14:56:19	21.99	--	4	8796	卖盘
14:56:14	21.99	-0.01	6	13193	卖盘
14:55:59	22.0	0.01	16	35200	买盘
14:55:53	21.99	-0.01	7	15392	卖盘
14:55:49	22.0	0.01	17	37400	买盘
14:55:44	21.99	--	24	52775	卖盘
14:55:34	21.99	--	5	10995	卖盘
14:55:29	21.99	-0.01	2	4398	卖盘
14:54:59	22.0	--	15	33000	买盘
14:54:44	22.0	--	35	77000	卖盘
14:54:38	22.0	-0.01	10	22000	卖盘
14:54:34	22.01	--	52	114452	卖盘
14:54:29	22.01	--	3	6603	卖盘
14:54:23	22.01	-0.01	10	22010	买盘
14:54:19	22.02	0.02	20	44040	买盘
14:54:14	22.0	-0.01	14	30800	卖盘
14:54:08	22.01	--	12	26412	买盘
14:54:04	22.01	0.01	15	33015	买盘
14:53:59	22.0	--	16	35200	卖盘
14:53:53	22.0	--	1	2200	卖盘
14:53:44	22.0	--	16	35200	卖盘
14:53:38	22.0	--	30	66000	卖盘
14:53:23	22.0	-0.01	40	88000	卖盘
14:53:18	22.01	0.01	3	6603	买盘
14:53:14	22.0	--	5	11000	卖盘
14:53:08	22.0	--	112	246400	买盘
14:52:58	22.0	--	31	68200	买盘
14:52:53	22.0	--	16	35200	买盘
14:52:47	22.0	--	22	48400	买盘
14:52:43	22.0	--	86	189200	买盘
14:52:38	22.0	0.01	15	33308	买盘
14:52:32	21.99	-0.01	2	4398	卖盘
14:52:23	22.0	--	1	2200	买盘
14:52:13	22.0	0.01	42	92400	买盘
14:52:08	21.99	--	3	6596	卖盘
14:52:02	21.99	--	10	21990	卖盘
14:51:58	21.99	0.01	78	171522	买盘
14:51:53	21.98	--	1	2198	卖盘
14:51:43	21.98	--	44	96712	卖盘
14:51:38	21.98	--	22	48356	卖盘
14:51:32	21.98	--	20	43960	卖盘
14:51:28	21.98	--	18	39564	卖盘
14:51:23	21.98	0.01	166	364868	买盘
14:51:17	21.97	--	20	43940	卖盘
14:51:13	21.97	--	15	32955	卖盘
14:51:08	21.97	--	23	50531	卖盘
14:51:02	21.97	--	10	21970	卖盘
14:50:58	21.97	-0.01	5	10985	卖盘
14:50:47	21.98	0.01	8	17584	买盘
14:50:38	21.97	--	23	50531	卖盘
14:50:28	21.97	--	4	8788	卖盘
14:50:23	21.97	--	5	10985	卖盘
14:50:13	21.97	--	2	4394	卖盘
14:50:08	21.97	--	15	32955	卖盘
14:50:02	21.97	--	8	17576	卖盘
14:49:58	21.97	--	1	2197	卖盘
14:49:53	21.97	-0.01	20	43940	卖盘
14:49:47	21.98	--	1	2198	买盘
14:49:43	21.98	0.01	2	4396	买盘
14:49:38	21.97	--	1	2197	卖盘
14:49:08	21.97	--	1	2197	卖盘
14:48:58	21.97	0.02	44	96668	买盘
14:48:53	21.95	--	10	21950	卖盘
14:48:47	21.95	--	8	17560	卖盘
14:48:43	21.95	--	6	13170	卖盘
14:48:38	21.95	0.01	16	35120	买盘
14:48:32	21.94	--	73	160162	卖盘
14:48:23	21.94	-0.01	7	15358	卖盘
14:48:17	21.95	--	2	4390	买盘
14:48:08	21.95	--	5	10975	买盘
14:47:23	21.95	0.01	12	26340	买盘
14:47:17	21.94	--	5	10970	卖盘
14:46:57	21.94	--	1	2194	卖盘
14:46:52	21.94	--	1	2194	卖盘
14:46:47	21.94	0.01	36	78984	买盘
14:46:22	21.93	--	8	17544	卖盘
14:46:17	21.93	--	8	17544	卖盘
14:46:07	21.93	--	15	32895	卖盘
14:46:02	21.93	0.01	5	10965	买盘
14:45:56	21.92	--	7	15344	卖盘
14:45:52	21.92	--	48	105216	卖盘
14:45:47	21.92	--	4	8768	卖盘
14:45:32	21.92	-0.01	9	19728	卖盘
14:45:22	21.93	--	10	21930	买盘
14:45:17	21.93	--	3	6579	买盘
14:45:07	21.93	--	0	0	买盘
14:44:52	21.93	0.02	142	311406	买盘
14:44:37	21.91	--	1	2191	卖盘
14:44:32	21.91	--	0	0	卖盘
14:44:22	21.91	--	3	6573	卖盘
14:44:17	21.91	-0.01	58	127078	买盘
14:44:02	21.92	--	14	30688	卖盘
14:43:56	21.92	-0.02	1	2192	卖盘
14:43:52	21.94	0.02	91	199654	买盘
14:43:37	21.92	--	21	46032	卖盘
14:43:32	21.92	-0.02	1	2192	买盘
14:43:26	21.94	--	0	0	买盘
14:43:11	21.94	0.01	28	61432	买盘
14:42:56	21.93	--	7	15351	卖盘
14:42:32	21.93	-0.01	1	2193	卖盘
14:42:26	21.94	0.01	1	2194	买盘
14:42:17	21.93	0.02	32	70176	买盘
14:42:11	21.91	-0.02	10	21910	卖盘
14:41:56	21.93	0.02	5	10965	买盘
14:41:47	21.91	-0.01	19	41629	卖盘
14:41:41	21.92	-0.01	2	4384	买盘
14:41:11	21.93	--	0	0	中性盘
14:41:02	21.93	--	4	8772	卖盘
14:40:52	21.93	--	2	4386	卖盘
14:40:41	21.93	0.02	44	96492	买盘
14:40:26	21.91	--	12	26292	卖盘
14:40:21	21.91	--	0	0	卖盘
14:40:16	21.91	-0.02	5	10955	卖盘
14:40:11	21.93	--	9	19737	卖盘
14:40:07	21.93	0.02	8	17544	买盘
14:40:01	21.91	--	0	0	卖盘
14:39:56	21.91	-0.02	8	17528	卖盘
14:39:35	21.93	0.02	8	17544	买盘
14:39:26	21.91	--	2	4382	买盘
14:39:16	21.91	-0.01	57	124887	卖盘
14:39:01	21.92	-0.01	5	10960	中性盘
14:38:56	21.93	--	1	2193	卖盘
14:38:46	21.93	--	0	0	中性盘
14:38:41	21.93	--	2	4386	买盘
14:38:31	21.93	-0.01	12	26316	卖盘
14:38:20	21.94	-0.01	3	6582	卖盘
14:38:16	21.95	--	20	43900	买盘
14:38:11	21.95	--	0	1141	卖盘
14:38:05	21.95	-0.01	8	17560	卖盘
14:38:01	21.96	--	14	30744	买盘
14:37:56	21.96	0.01	5	10980	买盘
14:37:50	21.95	--	1	2195	卖盘
14:37:31	21.95	-0.01	1	2195	卖盘
14:37:26	21.96	0.01	4	8784	中性盘
14:37:20	21.95	-0.01	3	6585	卖盘
14:37:01	21.96	--	1	2196	卖盘
14:36:56	21.96	0.01	12	26352	卖盘
14:36:35	21.95	--	0	1053	买盘
14:36:31	21.95	--	5	10975	买盘
14:36:20	21.95	--	1	2195	买盘
14:36:16	21.95	0.01	11	24145	买盘
14:36:05	21.94	--	5	10970	卖盘
14:36:01	21.94	--	21	46074	卖盘
14:35:56	21.94	--	25	54850	卖盘
14:35:35	21.94	--	18	39492	买盘
14:35:31	21.94	0.01	3	6582	买盘
14:35:26	21.93	-0.01	14	30702	卖盘
14:35:11	21.94	0.01	1	2194	买盘
14:35:05	21.93	0.01	10	21930	买盘
14:34:50	21.92	--	2	4384	卖盘
14:34:41	21.92	0.03	9	19728	买盘
14:34:30	21.89	-0.01	40	87560	卖盘
14:34:26	21.9	0.01	8	17520	买盘
14:34:20	21.89	--	10	21890	卖盘
14:34:11	21.89	--	0	0	卖盘
14:34:05	21.89	--	11	24079	卖盘
14:33:56	21.89	-0.01	2	4378	卖盘
14:33:50	21.9	--	3	6570	卖盘
14:33:41	21.9	--	2	4380	卖盘
14:33:35	21.9	0.01	10	21900	买盘
14:33:25	21.89	-0.01	24	52536	卖盘
14:33:20	21.9	--	12	26280	卖盘
14:33:10	21.9	--	8	17520	买盘
14:33:05	21.9	--	12	26280	卖盘
14:32:55	21.9	--	0	0	卖盘
14:32:50	21.9	-0.02	38	83220	卖盘
14:32:40	21.92	-0.03	6	13152	卖盘
14:32:25	21.95	--	0	0	买盘
14:32:20	21.95	--	43	95526	卖盘
14:32:05	21.95	-0.05	3	6585	卖盘
14:31:59	22.0	--	1	2200	买盘
14:31:50	22.0	--	50	112046	卖盘
14:31:44	22.0	--	171	376200	卖盘
14:31:40	22.0	--	69	151800	卖盘
14:31:35	22.0	--	190	418000	卖盘
14:31:29	22.0	--	94	206800	卖盘
14:31:25	22.0	--	140	308000	卖盘
14:31:20	22.0	--	89	195800	卖盘
14:31:14	22.0	--	3	6600	卖盘
14:31:10	22.0	--	101	222200	卖盘
14:30:59	22.0	--	9	19800	卖盘
14:30:55	22.0	-0.01	17	37400	卖盘
14:30:44	22.01	0.01	3	6603	买盘
14:30:40	22.0	-0.02	18	39600	卖盘
14:30:35	22.02	--	17	37434	卖盘
14:30:29	22.02	--	10	22020	卖盘
14:30:25	22.02	--	1	2202	卖盘
14:30:20	22.02	--	16	35232	卖盘
14:30:14	22.02	--	12	26424	卖盘
14:30:10	22.02	--	5	11010	卖盘
14:30:05	22.02	0.02	39	85878	买盘
14:29:59	22.0	-0.01	110	242000	卖盘
14:29:55	22.01	--	23	50623	卖盘
14:29:50	22.01	--	5	11005	卖盘
14:29:44	22.01	--	11	24211	卖盘
14:29:35	22.01	--	7	15407	卖盘
14:29:25	22.01	--	1	2201	卖盘
14:29:20	22.01	-0.02	55	121055	卖盘
14:28:59	22.03	--	0	0	买盘
14:28:55	22.03	0.02	9	19827	买盘
14:28:44	22.01	-0.01	10	22010	卖盘
14:28:40	22.02	-0.01	1	2202	卖盘
14:28:35	22.03	--	9	19827	买盘
14:28:29	22.03	0.01	14	30842	买盘
14:28:25	22.02	--	1	2202	买盘
14:28:20	22.02	--	0	0	中性盘
14:28:09	22.02	-0.01	5	11010	卖盘
14:28:05	22.03	0.01	5	11015	买盘
14:27:55	22.02	--	3	6606	买盘
14:27:44	22.02	-0.01	2	4404	买盘
14:27:39	22.03	--	0	0	买盘
14:27:23	22.03	0.02	1	2203	买盘
14:27:04	22.01	--	7	15407	买盘
14:26:59	22.01	0.01	79	173879	买盘
14:26:49	22.0	--	6	13200	卖盘
14:26:34	22.0	-0.01	8	17600	卖盘
14:26:29	22.01	0.01	98	215698	买盘
14:26:14	22.0	--	5	11000	卖盘
14:25:49	22.0	--	10	22000	卖盘
14:25:44	22.0	--	4	8800	卖盘
14:25:29	22.0	--	1	2200	卖盘
14:25:19	22.0	--	15	33000	卖盘
14:25:14	22.0	--	3	6600	卖盘
14:25:08	22.0	--	10	22000	卖盘
14:25:04	22.0	--	14	30800	卖盘
14:24:59	22.0	--	5	11000	卖盘
14:24:53	22.0	--	5	11000	卖盘
14:24:49	22.0	--	19	41800	卖盘
14:24:38	22.0	--	2	4400	卖盘
14:24:34	22.0	--	4	8800	卖盘
14:24:29	22.0	--	10	22000	卖盘
14:24:23	22.0	-0.01	275	605154	卖盘
14:24:19	22.01	0.01	65	143065	买盘
14:24:14	22.0	-0.01	202	444400	卖盘
14:24:08	22.01	--	12	26412	买盘
14:23:59	22.01	0.01	5	11005	买盘
14:23:49	22.0	-0.01	2	4400	卖盘
14:23:44	22.01	--	26	57226	买盘
14:23:29	22.01	0.01	1	2201	买盘
14:23:23	22.0	-0.01	1	2200	卖盘
14:23:14	22.01	--	29	63829	买盘
14:22:59	22.01	--	62	136462	卖盘
14:22:53	22.01	--	4	8804	卖盘
14:22:38	22.01	--	20	44020	卖盘
14:22:23	22.01	-0.02	10	22010	卖盘
14:22:19	22.03	-0.01	23	50669	买盘
14:22:04	22.04	--	0	0	买盘
14:21:59	22.04	0.01	19	41876	买盘
14:21:49	22.03	-0.01	6	13218	卖盘
14:21:38	22.04	--	1	2204	买盘
14:21:29	22.04	0.01	2	4408	中性盘
14:21:23	22.03	--	18	39654	卖盘
14:21:19	22.03	-0.01	5	11015	卖盘
14:21:14	22.04	--	10	22040	卖盘
14:21:08	22.04	--	1	2204	卖盘
14:21:03	22.04	--	6	13224	卖盘
14:20:58	22.04	--	51	112404	卖盘
14:20:53	22.04	-0.01	2	4408	卖盘
14:20:47	22.05	-0.05	12	26460	卖盘
14:20:43	22.1	0.05	273	603330	买盘
14:20:38	22.05	--	22	48510	卖盘
14:20:32	22.05	--	4	8820	卖盘
14:20:23	22.05	--	5	11025	买盘
14:20:17	22.05	-0.01	5	11025	买盘
14:20:13	22.06	--	1	2206	卖盘
14:20:08	22.06	0.02	4	8824	中性盘
14:20:02	22.04	--	29	63916	卖盘
14:19:58	22.04	--	7	15428	卖盘
14:19:53	22.04	--	9	19836	买盘
14:19:43	22.04	0.01	1	2204	买盘
14:19:38	22.03	0.02	5	11015	买盘
14:19:32	22.01	0.01	7	15407	中性盘
14:19:28	22.0	-0.03	14	30800	卖盘
14:19:23	22.03	0.03	31	68293	买盘
14:19:17	22.0	--	9	19800	卖盘
14:19:13	22.0	--	96	211200	卖盘
14:19:08	22.0	0.05	237	521400	买盘
14:19:02	21.95	-0.02	2	4390	卖盘
14:18:58	21.97	0.02	17	37349	买盘
14:18:53	21.95	--	2	4390	卖盘
14:18:47	21.95	-0.02	5	10975	卖盘
14:18:43	21.97	0.02	22	48334	买盘
14:18:38	21.95	--	8	17560	卖盘
14:18:32	21.95	--	56	122920	卖盘
14:18:28	21.95	0.05	369	811008	买盘
14:17:58	21.9	--	2	4380	卖盘
14:17:53	21.9	--	2	4380	卖盘
14:17:38	21.9	--	3	6570	卖盘
14:17:32	21.9	--	16	35040	买盘
14:17:28	21.9	0.01	1	2190	买盘
14:17:23	21.89	-0.01	6	13134	卖盘
14:17:17	21.9	--	18	39420	买盘
14:17:02	21.9	0.01	5	10950	买盘
14:16:58	21.89	--	2	4378	卖盘
14:16:53	21.89	-0.01	10	21890	卖盘
14:16:47	21.9	0.01	5	10950	买盘
14:16:43	21.89	--	1	2189	卖盘
14:16:38	21.89	-0.01	23	50347	卖盘
14:16:32	21.9	0.01	2	4380	买盘
14:16:23	21.89	--	4	8756	卖盘
14:16:17	21.89	--	19	41591	卖盘
14:16:13	21.89	--	133	291137	卖盘
14:16:08	21.89	--	24	52536	买盘
14:15:43	21.89	0.02	4	8756	买盘
14:15:38	21.87	-0.02	13	28431	卖盘
14:15:32	21.89	--	68	148852	卖盘
14:15:27	21.89	-0.01	1	2189	卖盘
14:15:22	21.9	0.01	6	13140	买盘
14:15:17	21.89	--	7	15323	卖盘
14:15:13	21.89	--	1	2189	卖盘
14:15:07	21.89	--	24	52536	卖盘
14:14:22	21.89	--	4	8756	卖盘
14:14:17	21.89	--	10	21890	卖盘
14:14:11	21.89	--	58	126962	卖盘
14:14:07	21.89	0.01	104	227656	买盘
14:14:02	21.88	0.01	2	4376	买盘
14:13:56	21.87	--	1	2187	卖盘
14:13:52	21.87	--	8	17496	卖盘
14:13:47	21.87	-0.01	1	2187	卖盘
14:13:41	21.88	--	7	15316	买盘
14:13:37	21.88	0.01	5	10940	买盘
14:13:32	21.87	--	5	10935	卖盘
14:13:11	21.87	--	1	2187	卖盘
14:12:56	21.87	--	6	13122	卖盘
14:12:52	21.87	0.01	34	74358	买盘
14:12:47	21.86	--	1	2186	卖盘
14:12:41	21.86	-0.01	1	2186	卖盘
14:12:37	21.87	--	15	32805	买盘
14:12:17	21.87	--	0	0	买盘
14:12:02	21.87	0.02	3	6561	买盘
14:11:47	21.85	-0.01	14	30590	卖盘
14:11:26	21.86	0.01	2	4372	买盘
14:11:22	21.85	-0.01	64	139840	卖盘
14:11:17	21.86	0.01	10	21860	买盘
14:10:56	21.85	-0.01	1	2185	卖盘
14:10:32	21.86	-0.01	8	17488	卖盘
14:10:11	21.87	0.01	5	10935	买盘
14:10:02	21.86	--	1	2186	卖盘
14:09:56	21.86	0.01	11	24046	买盘
14:09:52	21.85	-0.01	40	87400	卖盘
14:09:41	21.86	0.01	3	6558	买盘
14:09:26	21.85	-0.01	1	2185	卖盘
14:09:17	21.86	--	6	13116	买盘
14:09:11	21.86	-0.01	41	89626	卖盘
14:09:01	21.87	0.01	5	10935	买盘
14:08:56	21.86	--	14	30604	卖盘
14:08:52	21.86	--	7	15302	卖盘
14:08:16	21.86	-0.01	4	8744	卖盘
14:08:01	21.87	--	15	32805	卖盘
14:07:26	21.87	-0.01	1	2187	卖盘
14:07:16	21.88	--	6	13128	买盘
14:06:50	21.88	0.01	1	2188	买盘
14:06:46	21.87	--	12	26244	中性盘
14:06:31	21.87	0.01	1	2187	买盘
14:06:16	21.86	--	8	17488	卖盘
14:05:41	21.86	-0.01	12	26232	卖盘
14:05:26	21.87	-0.01	31	67797	卖盘
14:05:16	21.88	--	16	35008	卖盘
14:05:11	21.88	0.01	9	19692	买盘
14:05:05	21.87	0.01	3	6561	卖盘
14:04:31	21.86	--	0	0	卖盘
14:04:26	21.86	--	103	225158	卖盘
14:04:05	21.86	-0.01	5	10930	卖盘
14:04:01	21.87	--	1	2187	买盘
14:03:41	21.87	0.01	5	10935	买盘
14:03:20	21.86	--	0	0	中性盘
14:03:05	21.86	--	0	0	买盘
14:02:55	21.86	--	30	65580	买盘
14:02:50	21.86	-0.01	43	93998	卖盘
14:02:40	21.87	--	28	61236	买盘
14:01:59	21.87	--	2	4374	卖盘
14:01:35	21.87	0.01	3	6561	买盘
14:01:29	21.86	--	0	0	卖盘
14:01:20	21.86	-0.02	47	102742	卖盘
14:01:14	21.88	--	3	6564	卖盘
14:01:10	21.88	--	7	15316	卖盘
14:01:05	21.88	--	1	2188	卖盘
14:00:50	21.88	--	20	43760	卖盘
14:00:35	21.88	-0.02	31	67828	卖盘
14:00:25	21.9	--	33	72270	卖盘
13:59:59	21.9	--	1	2190	卖盘
13:59:44	21.9	--	14	30659	卖盘
13:59:40	21.9	--	20	43800	卖盘
13:59:35	21.9	--	30	65700	卖盘
13:59:20	21.9	--	38	83220	买盘
13:58:55	21.9	--	6	13140	买盘
13:58:40	21.9	--	60	131400	卖盘
13:58:29	21.9	--	10	21900	卖盘
13:58:25	21.9	--	1	2190	卖盘
13:58:20	21.9	--	4	8760	卖盘
13:58:14	21.9	--	5	10950	买盘
13:58:05	21.9	--	64	140160	买盘
13:57:59	21.9	-0.01	26	56939	卖盘
13:57:35	21.91	--	10	21910	卖盘
13:57:14	21.91	--	4	8764	买盘
13:56:59	21.91	--	0	0	中性盘
13:56:39	21.91	-0.01	1	2191	卖盘
13:55:34	21.92	--	0	0	中性盘
13:55:29	21.92	--	8	17536	卖盘
13:54:49	21.92	-0.01	1	2192	卖盘
13:54:08	21.93	--	5	10965	卖盘
13:53:59	21.93	-0.01	2	4386	卖盘
13:53:38	21.94	0.01	3	6582	买盘
13:53:19	21.93	0.01	3	6579	买盘
13:53:14	21.92	0.03	3	6576	卖盘
13:52:53	21.89	--	0	0	卖盘
13:52:44	21.89	-0.03	50	109450	卖盘
13:52:38	21.92	0.01	3	6576	买盘
13:52:29	21.91	--	2	4382	卖盘
13:52:23	21.91	--	43	94213	卖盘
13:52:19	21.91	--	7	15337	卖盘
13:52:04	21.91	--	70	153370	买盘
13:51:44	21.91	--	22	48202	买盘
13:51:38	21.91	--	20	43820	卖盘
13:50:58	21.91	--	1	2191	买盘
13:50:53	21.91	--	24	52584	买盘
13:50:23	21.91	--	0	0	买盘
13:50:08	21.91	0.02	4	8764	买盘
13:49:58	21.89	-0.02	50	109450	卖盘
13:49:43	21.91	--	0	0	买盘
13:49:38	21.91	--	2	4382	买盘
13:49:33	21.91	0.02	1	2191	买盘
13:49:28	21.89	-0.02	5	10945	卖盘
13:48:43	21.91	--	3	6573	买盘
13:48:38	21.91	--	10	21910	买盘
13:48:28	21.91	0.02	12	26292	买盘
13:48:08	21.89	--	2	4378	卖盘
13:47:38	21.89	--	32	70048	买盘
13:47:32	21.89	--	5	10945	买盘
13:47:02	21.89	--	34	74426	买盘
13:46:17	21.89	--	1	2189	买盘
13:46:13	21.89	--	33	72237	卖盘
13:45:47	21.89	--	2	4378	卖盘
13:45:17	21.89	-0.01	13	28457	卖盘
13:45:13	21.9	--	7	15329	买盘
13:44:58	21.9	--	10	21900	买盘
13:44:47	21.9	--	3	6570	买盘
13:44:43	21.9	--	5	10950	买盘
13:44:37	21.9	--	6	13140	买盘
13:44:13	21.9	--	1	2190	买盘
13:44:02	21.9	0.02	15	32850	买盘
13:43:27	21.88	-0.01	19	41572	卖盘
13:43:07	21.89	0.01	13	28457	买盘
13:42:56	21.88	-0.01	2	4376	卖盘
13:42:52	21.89	0.01	5	10945	买盘
13:42:32	21.88	--	4	8752	买盘
13:42:17	21.88	--	1	2188	买盘
13:41:56	21.88	-0.01	5	10940	卖盘
13:41:47	21.89	--	2	4378	买盘
13:41:37	21.89	0.03	8	17512	买盘
13:41:32	21.86	-0.03	7	15302	卖盘
13:41:07	21.89	0.01	3	6567	买盘
13:40:22	21.88	--	3	6564	买盘
13:40:11	21.88	0.01	10	21880	买盘
13:40:02	21.87	--	1	2187	买盘
13:39:52	21.87	--	5	10935	买盘
13:39:32	21.87	--	2	4374	买盘
13:39:17	21.87	--	12	26244	卖盘
13:39:07	21.87	-0.01	1	2187	卖盘
13:38:41	21.88	--	20	43760	卖盘
13:38:11	21.88	--	7	15316	卖盘
13:38:01	21.88	--	5	10940	卖盘
13:37:56	21.88	--	4	8752	卖盘
13:37:46	21.88	--	11	24068	买盘
13:37:41	21.88	0.01	4	8752	买盘
13:37:26	21.87	--	13	28431	卖盘
13:37:21	21.87	--	15	32805	卖盘
13:36:56	21.87	-0.01	14	30618	卖盘
13:36:41	21.88	--	5	10940	买盘
13:36:31	21.88	--	6	13128	卖盘
13:36:01	21.88	--	5	10940	卖盘
13:35:35	21.88	-0.01	10	21880	卖盘
13:35:26	21.89	-0.03	10	21890	卖盘
13:35:01	21.92	--	5	10960	买盘
13:34:41	21.92	--	3	6576	买盘
13:34:31	21.92	--	10	21920	买盘
13:34:01	21.92	--	29	63568	卖盘
13:33:56	21.92	--	4	8768	卖盘
13:33:41	21.92	--	46	100832	卖盘
13:33:31	21.92	--	3	6576	卖盘
13:33:26	21.92	--	5	10960	卖盘
13:33:20	21.92	--	4	8768	卖盘
13:33:16	21.92	--	1	2192	卖盘
13:33:11	21.92	--	17	37264	买盘
13:32:56	21.92	0.04	46	100832	买盘
13:32:50	21.88	--	0	0	卖盘
13:32:46	21.88	-0.04	1	2188	卖盘
13:32:26	21.92	--	0	0	买盘
13:32:20	21.92	0.03	12	26304	买盘
13:32:16	21.89	-0.02	10	21890	卖盘
13:32:01	21.91	0.02	6	13146	买盘
13:31:35	21.89	0.01	17	37213	卖盘
13:31:25	21.88	--	0	0	卖盘
13:31:05	21.88	--	0	0	卖盘
13:30:50	21.88	--	0	0	卖盘
13:30:40	21.88	-0.02	18	39384	卖盘
13:30:35	21.9	0.02	10	21900	买盘
13:30:25	21.88	--	12	26256	卖盘
13:29:59	21.88	0.02	5	10940	买盘
13:29:55	21.86	--	0	0	中性盘
13:29:29	21.86	0.02	5	10930	买盘
13:29:25	21.84	--	0	0	卖盘
13:29:20	21.84	0.01	2	4368	卖盘
13:29:05	21.83	--	0	0	卖盘
13:28:55	21.83	--	0	0	卖盘
13:28:50	21.83	--	12	26195	卖盘
13:28:35	21.83	--	13	28378	卖盘
13:28:14	21.83	--	5	10915	卖盘
13:28:05	21.83	--	0	0	卖盘
13:27:59	21.83	-0.05	5	10915	卖盘
13:27:50	21.88	--	2	4376	卖盘
13:27:29	21.88	0.03	1	2188	买盘
13:27:20	21.85	-0.03	23	50255	卖盘
13:26:55	21.88	0.02	20	43760	买盘
13:26:49	21.86	-0.02	17	37162	卖盘
13:26:40	21.88	--	6	13128	卖盘
13:26:35	21.88	-0.04	5	10940	卖盘
13:26:29	21.92	0.04	4	8768	买盘
13:26:25	21.88	--	0	0	卖盘
13:26:09	21.88	-0.02	11	24068	卖盘
13:25:55	21.9	-0.03	9	19710	卖盘
13:25:44	21.93	-0.02	10	21930	买盘
13:25:39	21.95	--	0	0	买盘
13:25:19	21.95	--	0	0	买盘
13:25:04	21.95	--	10	21950	卖盘
13:24:44	21.95	-0.01	276	606961	卖盘
13:24:34	21.96	--	11	24156	买盘
13:24:29	21.96	--	11	24156	买盘
13:23:49	21.96	--	13	28548	买盘
13:23:44	21.96	0.01	23	50508	买盘
13:23:29	21.95	--	52	114140	卖盘
13:23:04	21.95	--	12	26340	卖盘
13:22:49	21.95	-0.01	51	111945	卖盘
13:22:38	21.96	--	20	43920	买盘
13:22:34	21.96	--	2	4392	买盘
13:21:04	21.96	--	10	21960	买盘
13:20:53	21.96	--	1	2196	买盘
13:20:49	21.96	-0.01	24	52704	卖盘
13:20:04	21.97	-0.01	1	2197	卖盘
13:19:58	21.98	--	2	4396	买盘
13:19:28	21.98	-0.01	1	3253	卖盘
13:19:23	21.99	0.01	5	10995	买盘
13:19:08	21.98	--	10	21980	卖盘
13:18:53	21.98	--	5	12132	买盘
13:18:34	21.98	--	2	4396	买盘
13:18:28	21.98	--	9	19782	卖盘
13:18:23	21.98	-0.01	2	4396	卖盘
13:18:08	21.99	--	15	32985	卖盘
13:17:38	21.99	--	3	6596	卖盘
13:17:08	21.99	0.01	8	17592	买盘
13:16:43	21.98	--	4	8792	买盘
13:16:38	21.98	--	20	43960	买盘
13:16:32	21.98	0.02	30	65940	买盘
13:16:23	21.96	--	1	2196	买盘
13:16:13	21.96	0.01	2	4392	买盘
13:16:08	21.95	--	5	10975	卖盘
13:15:58	21.95	-0.01	40	87800	卖盘
13:15:53	21.96	0.01	10	21960	买盘
13:15:43	21.95	--	27	59265	卖盘
13:15:28	21.95	0.03	65	142675	买盘
13:15:13	21.92	--	2	4384	卖盘
13:14:58	21.92	0.02	5	10960	买盘
13:14:53	21.9	--	0	0	卖盘
13:14:28	21.9	--	7	15329	卖盘
13:14:23	21.9	--	11	24090	卖盘
13:14:17	21.9	--	0	0	卖盘
13:14:08	21.9	--	19	41610	卖盘
13:13:53	21.9	--	2	4380	卖盘
13:13:43	21.9	--	1	2190	卖盘
13:13:38	21.9	-0.02	2	4380	卖盘
13:13:32	21.92	--	1	2192	卖盘
13:13:02	21.92	0.02	1	2192	买盘
13:12:47	21.9	--	10	21900	卖盘
13:12:38	21.9	--	10	21900	卖盘
13:12:32	21.9	--	42	91980	买盘
13:12:07	21.9	--	3	6570	买盘
13:11:57	21.9	--	2	4380	买盘
13:11:22	21.9	--	3	6570	买盘
13:10:22	21.9	--	16	35040	买盘
13:10:07	21.9	--	0	0	中性盘
13:10:02	21.9	--	5	10950	买盘
13:09:41	21.9	--	1	2190	买盘
13:09:02	21.9	--	1	2190	买盘
13:08:47	21.9	--	6	13183	卖盘
13:08:37	21.9	--	5	10950	卖盘
13:08:17	21.9	--	5	10950	卖盘
13:07:37	21.9	-0.01	5	10950	卖盘
13:07:11	21.91	--	2	4382	买盘
13:06:47	21.91	0.01	1	2191	买盘
13:06:22	21.9	--	5	10950	卖盘
13:06:17	21.9	--	4	8760	卖盘
13:06:11	21.9	--	10	21900	卖盘
13:05:46	21.9	-0.01	4	8760	卖盘
13:05:06	21.91	--	6	13146	买盘
13:04:41	21.91	--	2	4382	卖盘
13:04:16	21.91	-0.01	3	6573	卖盘
13:04:01	21.92	0.01	1	2192	买盘
13:03:56	21.91	0.01	9	19719	卖盘
13:03:31	21.9	--	0	0	卖盘
13:03:16	21.9	--	62	137926	买盘
13:02:41	21.9	--	3	6570	买盘
13:02:31	21.9	--	5	10950	买盘
13:02:26	21.9	0.02	8	17520	买盘
13:01:26	21.88	--	39	85332	买盘
13:01:16	21.88	--	9	19692	买盘
13:01:01	21.88	--	7	15316	卖盘
13:00:15	21.88	--	17	37196	买盘
13:00:11	21.88	--	13	28444	卖盘
13:00:05	21.88	--	47	102836	卖盘
11:30:00	21.88	--	0	0	卖盘
11:29:59	21.88	--	0	0	卖盘
11:29:57	21.88	--	2	4376	卖盘
11:29:07	21.88	-0.02	1	2188	卖盘
11:29:01	21.9	0.02	117	256229	买盘
11:28:31	21.88	0.03	6	13128	买盘
11:28:25	21.85	--	10	21850	卖盘
11:28:16	21.85	--	0	0	卖盘
11:27:51	21.85	--	0	0	卖盘
11:27:46	21.85	-0.03	5	10925	卖盘
11:27:36	21.88	--	31	67828	买盘
11:27:31	21.88	0.03	2	4376	买盘
11:27:21	21.85	--	3	6555	卖盘
11:27:06	21.85	-0.02	11	24035	卖盘
11:27:01	21.87	0.03	1	2187	买盘
11:26:51	21.84	0.01	1	2184	中性盘
11:26:46	21.83	-0.01	88	192103	卖盘
11:26:36	21.84	--	9	19656	卖盘
11:26:21	21.84	-0.03	50	109200	卖盘
11:26:16	21.87	0.03	4	8748	买盘
11:25:46	21.84	0.01	2	4368	买盘
11:25:36	21.83	--	0	0	卖盘
11:25:21	21.83	0.01	4	8732	卖盘
11:25:10	21.82	--	0	0	卖盘
11:24:55	21.82	--	0	0	卖盘
11:24:51	21.82	--	5	10910	卖盘
11:24:31	21.82	-0.06	2	4364	卖盘
11:24:16	21.88	0.03	2	4376	买盘
11:24:06	21.85	--	0	0	卖盘
11:23:51	21.85	--	18	39330	买盘
11:23:46	21.85	--	2	4370	买盘
11:23:40	21.85	0.04	6	13110	买盘
11:23:31	21.81	--	0	0	卖盘
11:23:16	21.81	--	0	0	卖盘
11:23:10	21.81	-0.09	43	93783	卖盘
11:23:01	21.9	--	24	52560	买盘
11:22:55	21.9	--	0	0	买盘
11:22:36	21.9	0.05	1	2190	买盘
11:22:31	21.85	0.04	3	6555	买盘
11:22:25	21.81	--	5	10905	卖盘
11:22:19	21.81	--	20	43620	卖盘
11:22:10	21.81	--	1	2181	卖盘
11:22:01	21.81	--	10	21810	卖盘
11:21:55	21.81	--	75	163575	卖盘
11:21:49	21.81	--	14	30534	卖盘
11:21:45	21.81	0.01	183	399123	买盘
11:21:40	21.8	--	2	4360	卖盘
11:21:34	21.8	--	10	21800	卖盘
11:21:30	21.8	--	16	34880	卖盘
11:21:25	21.8	--	1	2180	卖盘
11:21:19	21.8	--	22	47960	买盘
11:21:10	21.8	--	53	115540	卖盘
11:21:04	21.8	--	8	17440	卖盘
11:21:00	21.8	--	23	50140	卖盘
11:20:55	21.8	--	3	6540	卖盘
11:20:45	21.8	--	25	54500	卖盘
11:20:40	21.8	-0.01	8	17440	卖盘
11:20:25	21.81	-0.07	79	172299	卖盘
11:20:10	21.88	--	11	24068	卖盘
11:20:04	21.88	-0.02	2	4376	卖盘
11:19:49	21.9	--	11	24090	买盘
11:19:45	21.9	-0.04	86	188383	卖盘
11:19:34	21.94	-0.01	36	78984	卖盘
11:19:30	21.95	0.01	5	10975	买盘
11:19:15	21.94	-0.01	4	8776	卖盘
11:19:10	21.95	0.01	3	6585	买盘
11:19:04	21.94	-0.01	30	65820	卖盘
11:19:00	21.95	0.01	10	21950	买盘
11:18:55	21.94	--	10	21940	卖盘
11:18:49	21.94	--	5	10970	卖盘
11:18:45	21.94	-0.01	8	17552	卖盘
11:18:40	21.95	0.01	10	21950	买盘
11:17:55	21.94	0.01	7	15358	买盘
11:17:40	21.93	--	4	8772	卖盘
11:17:19	21.93	--	1	2193	卖盘
11:16:19	21.93	0.01	36	78948	买盘
11:16:04	21.92	--	3	6576	卖盘
11:15:24	21.92	-0.01	11	24112	卖盘
11:15:19	21.93	--	1	2193	买盘
11:14:54	21.93	0.01	1	2193	买盘
11:14:49	21.92	-0.01	20	43840	卖盘
11:14:43	21.93	0.01	1	2193	买盘
11:14:34	21.92	-0.01	10	21920	卖盘
11:14:19	21.93	--	5	10965	卖盘
11:14:13	21.93	0.01	2	4386	卖盘
11:14:09	21.92	--	0	0	卖盘
11:13:28	21.92	-0.01	50	109600	卖盘
11:13:24	21.93	--	0	0	中性盘
11:13:19	21.93	0.01	3	6579	买盘
11:13:04	21.92	0.01	8	17536	买盘
11:12:58	21.91	-0.01	2	6529	卖盘
11:12:49	21.92	0.01	12	26304	买盘
11:12:34	21.91	-0.01	2	4382	卖盘
11:12:28	21.92	--	10	21920	买盘
11:12:19	21.92	--	5	10960	买盘
11:12:13	21.92	--	20	43840	买盘
11:12:09	21.92	-0.02	15	32880	卖盘
11:11:54	21.94	--	2	4388	买盘
11:11:49	21.94	0.02	8	17552	买盘
11:11:43	21.92	-0.01	32	70144	卖盘
11:11:28	21.93	--	21	46053	买盘
11:11:19	21.93	0.01	3	6579	买盘
11:11:13	21.92	-0.01	1	2192	卖盘
11:10:49	21.93	0.01	5	10965	买盘
11:10:39	21.92	--	4	8768	买盘
11:10:34	21.92	-0.01	1	2192	买盘
11:10:19	21.93	0.02	32	71952	买盘
11:09:58	21.91	--	0	0	卖盘
11:09:52	21.91	-0.01	40	87640	卖盘
11:09:49	21.92	--	3	6576	买盘
11:09:37	21.92	-0.03	5	10960	买盘
11:09:28	21.95	0.04	26	57070	买盘
11:09:13	21.91	-0.04	100	219100	卖盘
11:09:03	21.95	--	30	65850	买盘
11:08:52	21.95	--	3	6585	买盘
11:08:33	21.95	0.01	12	26340	买盘
11:08:22	21.94	0.02	15	32910	买盘
11:08:18	21.92	--	2	4384	卖盘
11:08:13	21.92	--	1	2192	卖盘
11:08:07	21.92	--	3	6576	卖盘
11:07:48	21.92	-0.01	20	43840	卖盘
11:07:43	21.93	0.02	14	30702	买盘
11:07:37	21.91	--	100	219100	卖盘
11:07:33	21.91	-0.01	53	116123	卖盘
11:07:28	21.92	0.01	110	241120	买盘
11:07:18	21.91	-0.01	150	328650	卖盘
11:07:13	21.92	-0.01	14	30688	卖盘
11:07:07	21.93	0.01	9	19737	买盘
11:06:52	21.92	0.01	4	8768	卖盘
11:06:48	21.91	-0.01	1	2191	卖盘
11:06:43	21.92	--	8	17536	买盘
11:06:37	21.92	--	8	17536	买盘
11:06:33	21.92	0.01	36	78912	买盘
11:06:22	21.91	-0.01	190	416290	卖盘
11:06:03	21.92	-0.01	2	4384	卖盘
11:05:48	21.93	0.01	46	100878	买盘
11:05:37	21.92	--	5	10960	卖盘
11:05:33	21.92	-0.01	12	26304	卖盘
11:05:28	21.93	--	9	19737	买盘
11:05:22	21.93	--	2	4386	买盘
11:05:13	21.93	0.01	1	2193	买盘
11:05:07	21.92	--	2	4384	卖盘
11:04:58	21.92	-0.01	6	13152	卖盘
11:04:48	21.93	--	2	4386	买盘
11:04:37	21.93	-0.01	9	19737	卖盘
11:04:22	21.94	0.01	2	4388	买盘
11:04:17	21.93	-0.01	11	24123	买盘
11:03:58	21.94	-0.01	4	8776	卖盘
11:03:52	21.95	--	38	83410	卖盘
11:03:46	21.95	-0.01	2	4390	卖盘
11:03:43	21.96	-0.01	89	195444	卖盘
11:03:22	21.97	-0.01	28	61516	卖盘
11:03:07	21.98	-0.01	10	21980	卖盘
11:02:57	21.99	0.01	20	43980	买盘
11:02:42	21.98	-0.01	10	21980	卖盘
11:02:37	21.99	0.01	3	6596	买盘
11:02:31	21.98	--	11	24178	卖盘
11:02:22	21.98	-0.02	2	4396	卖盘
11:02:12	22.0	-0.02	75	165000	卖盘
11:02:07	22.02	-0.03	2	4404	卖盘
11:02:01	22.05	--	0	0	中性盘
11:01:37	22.05	--	4	8820	卖盘
11:01:22	22.05	-0.01	17	37485	卖盘
11:01:12	22.06	0.01	30	66180	买盘
11:00:37	22.05	0.03	36	79380	买盘
11:00:27	22.02	--	0	0	卖盘
11:00:16	22.02	--	2	4404	卖盘
11:00:12	22.02	0.02	10	22020	买盘
11:00:01	22.0	-0.06	25	55000	卖盘
10:59:46	22.06	--	0	0	买盘
10:59:42	22.06	0.05	247	544882	买盘
10:59:31	22.01	-0.01	1	2201	卖盘
10:59:12	22.02	0.01	10	22020	买盘
10:58:57	22.01	-0.02	3	6603	中性盘
10:58:52	22.03	0.03	13	28639	买盘
10:58:46	22.0	-0.01	24	52800	卖盘
10:58:37	22.01	--	2	4402	卖盘
10:58:31	22.01	-0.02	2	4402	买盘
10:58:22	22.03	--	0	0	买盘
10:58:07	22.03	0.03	1	2203	买盘
10:57:55	22.0	-0.01	19	41800	卖盘
10:57:52	22.01	0.01	2	4402	买盘
10:57:31	22.0	--	4	8800	卖盘
10:57:22	22.0	--	7	15400	卖盘
10:57:16	22.0	--	1	2200	卖盘
10:57:07	22.0	--	11	24200	卖盘
10:57:01	22.0	--	1	2200	卖盘
10:56:55	22.0	--	1	2200	卖盘
10:56:51	22.0	--	7	15400	卖盘
10:56:21	22.0	--	4	8800	卖盘
10:56:06	22.0	0.03	14	30800	买盘
10:55:51	21.97	0.01	2	4394	卖盘
10:54:51	21.96	--	0	0	卖盘
10:54:46	21.96	-0.04	12	26352	卖盘
10:54:36	22.0	--	5	11000	买盘
10:54:25	22.0	--	19	41800	买盘
10:53:46	22.0	--	3	6600	买盘
10:53:40	22.0	-0.01	8	17600	卖盘
10:53:36	22.01	--	1	2201	买盘
10:53:31	22.01	0.01	20	44020	买盘
10:53:21	22.0	--	6	13200	买盘
10:53:16	22.0	--	2	4400	买盘
10:53:06	22.0	--	5	11000	买盘
10:53:01	22.0	--	1	2200	买盘
10:52:55	22.0	--	6	13200	卖盘
10:52:40	22.0	--	5	11000	买盘
10:52:31	22.0	--	1	2200	买盘
10:52:21	22.0	0.04	6	13200	买盘
10:52:16	21.96	--	23	50508	卖盘
10:52:01	21.96	--	46	101016	卖盘
10:51:31	21.96	-0.01	10	21960	卖盘
10:51:25	21.97	--	25	54925	买盘
10:51:19	21.97	--	16	35152	买盘
10:51:16	21.97	0.01	9	19773	卖盘
10:51:00	21.96	--	0	0	卖盘
10:50:45	21.96	-0.01	26	57096	卖盘
10:50:25	21.97	--	9	19773	买盘
10:50:00	21.97	--	1	2197	卖盘
10:49:40	21.97	-0.03	10	21970	卖盘
10:48:49	22.0	0.04	2	4400	买盘
10:48:45	21.96	--	0	0	卖盘
10:48:30	21.96	-0.01	52	114192	卖盘
10:48:25	21.97	0.01	10	21970	买盘
10:48:00	21.96	--	2	4392	卖盘
10:47:45	21.96	--	16	35136	卖盘
10:47:40	21.96	--	35	76860	卖盘
10:47:10	21.96	-0.01	10	21960	卖盘
10:47:00	21.97	0.01	16	35152	买盘
10:46:55	21.96	-0.01	2	4392	卖盘
10:46:40	21.97	0.01	1	2197	买盘
10:46:34	21.96	-0.01	1	2196	卖盘
10:46:30	21.97	0.01	5	10985	买盘
10:46:25	21.96	--	4	8784	卖盘
10:46:19	21.96	--	5	10980	卖盘
10:46:00	21.96	-0.01	1	2196	卖盘
10:45:55	21.97	--	31	68107	买盘
10:45:40	21.97	-0.01	4	8788	卖盘
10:45:13	21.98	-0.02	8	17584	卖盘
10:45:10	22.0	--	10	22000	买盘
10:44:54	22.0	--	9	19800	买盘
10:44:24	22.0	0.02	2	4400	买盘
10:44:13	21.98	-0.02	11	24178	卖盘
10:44:09	22.0	-0.01	28	61600	卖盘
10:43:58	22.01	0.02	8	17608	卖盘
10:43:39	21.99	--	0	0	卖盘
10:43:34	21.99	--	0	0	卖盘
10:43:24	21.99	--	4	8796	卖盘
10:43:09	21.99	-0.03	3	6596	卖盘
10:42:58	22.02	--	0	0	买盘
10:42:54	22.02	0.03	6	13212	买盘
10:42:49	21.99	-0.03	10	21990	卖盘
10:42:28	22.02	0.02	13	28626	买盘
10:42:24	22.0	--	26	57200	卖盘
10:42:19	22.0	--	2	4400	卖盘
10:41:58	22.0	-0.02	2	4400	卖盘
10:41:54	22.02	--	5	11010	买盘
10:41:24	22.02	--	18	39636	卖盘
10:41:19	22.02	--	2	4404	卖盘
10:41:13	22.02	--	12	26424	卖盘
10:41:09	22.02	--	5	11010	卖盘
10:41:04	22.02	--	5	11010	卖盘
10:40:54	22.02	0.02	19	41838	买盘
10:40:49	22.0	-0.02	13	28600	卖盘
10:40:28	22.02	--	10	22020	买盘
10:40:04	22.02	0.02	2	4404	买盘
10:39:49	22.0	--	1	2200	卖盘
10:39:43	22.0	--	44	96800	买盘
10:39:19	22.0	0.02	3	6600	买盘
10:39:13	21.98	--	0	0	卖盘
10:39:03	21.98	-0.01	20	43960	卖盘
10:38:58	21.99	0.01	10	21990	买盘
10:38:48	21.98	--	1	2198	卖盘
10:38:43	21.98	--	2	4396	卖盘
10:38:33	21.98	--	12	26376	买盘
10:38:22	21.98	0.01	1	2198	买盘
10:38:18	21.97	--	9	19773	卖盘
10:38:13	21.97	--	2	4394	卖盘
10:37:58	21.97	0.01	13	28561	买盘
10:37:52	21.96	--	1	2196	买盘
10:37:48	21.96	--	3	6588	买盘
10:37:43	21.96	--	11	24156	卖盘
10:37:28	21.96	--	2	4392	卖盘
10:37:22	21.96	0.01	3	6588	买盘
10:37:19	21.95	-0.01	10	21950	卖盘
10:37:13	21.96	--	2	4392	买盘
10:37:03	21.96	0.01	1	2196	买盘
10:36:58	21.95	-0.02	49	107555	卖盘
10:36:52	21.97	0.01	12	26364	买盘
10:36:48	21.96	--	7	15372	卖盘
10:36:43	21.96	0.01	12	26352	买盘
10:36:33	21.95	--	56	122920	卖盘
10:36:22	21.95	--	0	0	卖盘
10:36:18	21.95	-0.01	217	476315	卖盘
10:36:13	21.96	0.01	35	76860	买盘
10:36:03	21.95	-0.01	10	21950	卖盘
10:35:58	21.96	--	5	10980	卖盘
10:35:52	21.96	0.01	98	215208	买盘
10:35:48	21.95	-0.01	11	24145	卖盘
10:35:43	21.96	0.01	22	48312	买盘
10:35:37	21.95	--	10	21950	卖盘
10:35:33	21.95	--	15	32925	卖盘
10:35:28	21.95	--	1	2195	卖盘
10:35:18	21.95	--	13	28535	卖盘
10:35:13	21.95	--	13	28535	卖盘
10:35:03	21.95	--	209	458755	卖盘
10:34:58	21.95	-0.01	39	85605	卖盘
10:34:52	21.96	0.01	24	52704	买盘
10:34:48	21.95	--	40	87800	卖盘
10:34:43	21.95	--	0	0	卖盘
10:34:37	21.95	-0.01	38	83410	卖盘
10:34:28	21.96	-0.01	17	37332	卖盘
10:34:13	21.97	-0.01	1	2197	卖盘
10:34:07	21.98	--	0	0	买盘
10:34:03	21.98	--	5	10990	卖盘
10:33:58	21.98	-0.02	15	32970	卖盘
10:33:43	22.0	-0.01	29	63800	卖盘
10:33:37	22.01	0.01	67	147467	买盘
10:33:33	22.0	-0.01	3	6600	卖盘
10:33:28	22.01	--	5	11005	买盘
10:33:22	22.01	--	3	6603	买盘
10:33:13	22.01	--	77	169477	卖盘
10:33:07	22.01	--	13	28613	卖盘
10:33:03	22.01	--	5	11005	卖盘
10:32:58	22.01	-0.01	3	6603	卖盘
10:32:52	22.02	--	5	11010	买盘
10:32:43	22.02	-0.01	1	2202	卖盘
10:32:33	22.03	0.01	14	30842	买盘
10:32:28	22.02	0.01	1	2202	卖盘
10:32:22	22.01	--	0	0	卖盘
10:32:17	22.01	--	0	0	卖盘
10:32:12	22.01	--	1	2201	卖盘
10:32:07	22.01	-0.01	101	222301	卖盘
10:32:01	22.02	-0.04	5	11010	买盘
10:31:52	22.06	0.05	10	22060	买盘
10:31:42	22.01	-0.01	30	66030	卖盘
10:31:37	22.02	--	0	0	卖盘
10:31:27	22.02	--	1	2202	卖盘
10:31:22	22.02	--	20	44040	卖盘
10:31:16	22.02	-0.04	7	15414	卖盘
10:31:12	22.06	--	14	30884	买盘
10:31:07	22.06	--	4	8824	买盘
10:30:42	22.06	0.04	2	4412	买盘
10:30:37	22.02	-0.04	3	6606	卖盘
10:30:27	22.06	0.04	2	4412	买盘
10:30:12	22.02	--	0	0	中性盘
10:30:07	22.02	0.02	5	11010	买盘
10:29:57	22.0	-0.02	65	143000	卖盘
10:29:52	22.02	--	0	0	卖盘
10:29:42	22.02	0.02	6	13212	中性盘
10:29:22	22.0	-0.01	26	57200	卖盘
10:29:16	22.01	--	2	4402	买盘
10:29:12	22.01	--	18	39618	买盘
10:28:57	22.01	--	3	6603	买盘
10:28:52	22.01	--	5	11005	买盘
10:28:46	22.01	--	19	41819	买盘
10:28:42	22.01	-0.04	137	301537	卖盘
10:28:37	22.05	0.03	27	59535	买盘
10:28:31	22.02	--	10	22020	买盘
10:28:22	22.02	--	17	37434	买盘
10:28:16	22.02	--	9	19818	买盘
10:28:12	22.02	--	1	2202	买盘
10:28:01	22.02	--	20	44040	买盘
10:27:46	22.02	--	18	39636	卖盘
10:27:42	22.02	--	8	17616	卖盘
10:27:31	22.02	-0.02	8	17616	卖盘
10:27:22	22.04	0.02	3	6612	买盘
10:27:16	22.02	-0.02	7	15414	卖盘
10:27:12	22.04	-0.03	2	4408	卖盘
10:27:06	22.07	-0.01	4	8828	买盘
10:27:01	22.08	0.03	22	48575	买盘
10:26:57	22.05	-0.03	1	2205	卖盘
10:26:51	22.08	--	18	39744	买盘
10:26:46	22.08	--	1	2208	买盘
10:26:37	22.08	--	7	15455	买盘
10:26:31	22.08	--	26	57407	卖盘
10:26:25	22.08	-0.01	10	22080	卖盘
10:26:21	22.09	--	11	24299	买盘
10:26:16	22.09	--	5	11045	买盘
10:26:11	22.09	-0.05	10	22090	卖盘
10:26:06	22.14	0.05	41	90774	买盘
10:26:01	22.09	--	30	66270	卖盘
10:25:55	22.09	-0.01	10	22090	卖盘
10:25:51	22.1	0.01	15	33150	买盘
10:25:46	22.09	-0.01	2	4418	中性盘
10:25:40	22.1	--	11	24310	买盘
10:25:36	22.1	--	5	11050	卖盘
10:25:31	22.1	--	5	11050	卖盘
10:25:25	22.1	-0.04	7	15470	卖盘
10:25:21	22.14	--	25	55350	买盘
10:25:10	22.14	-0.01	8	17712	卖盘
10:25:01	22.15	0.05	37	81955	买盘
10:24:55	22.1	--	0	0	中性盘
10:24:51	22.1	-0.04	37	81770	卖盘
10:24:46	22.14	-0.03	11	24354	卖盘
10:24:40	22.17	--	0	0	买盘
10:24:36	22.17	--	27	59859	买盘
10:24:25	22.17	-0.01	6	13302	中性盘
10:24:21	22.18	0.01	89	197402	买盘
10:24:16	22.17	-0.01	35	77595	卖盘
10:24:10	22.18	--	2	4436	买盘
10:24:06	22.18	-0.01	52	115336	买盘
10:24:01	22.19	0.01	59	130921	买盘
10:23:55	22.18	--	20	44360	卖盘
10:23:51	22.18	0.01	143	317174	买盘
10:23:46	22.17	--	58	128586	买盘
10:23:40	22.17	--	64	141888	卖盘
10:23:36	22.17	--	39	86463	买盘
10:23:31	22.17	0.02	11	24387	买盘
10:23:25	22.15	--	8	17720	买盘
10:23:21	22.15	-0.02	47	104105	买盘
10:23:16	22.17	0.01	11	24387	买盘
10:23:10	22.16	0.03	5	11080	买盘
10:23:06	22.13	-0.02	4	8852	卖盘
10:23:01	22.15	0.05	44	97460	买盘
10:22:55	22.1	-0.03	18	39780	卖盘
10:22:51	22.13	--	5	11065	卖盘
10:22:46	22.13	--	85	188105	卖盘
10:22:40	22.13	0.11	52	115076	买盘
10:22:36	22.02	-0.03	110	242220	卖盘
10:22:31	22.05	0.01	35	77175	买盘
10:22:25	22.04	0.02	10	22040	买盘
10:22:16	22.02	0.02	3	6606	买盘
10:22:01	22.0	0.04	405	891000	买盘
10:21:51	21.96	--	2	4392	卖盘
10:21:46	21.96	--	53	116388	买盘
10:21:40	21.96	--	9	19764	买盘
10:21:25	21.96	--	43	94428	买盘
10:21:21	21.96	0.01	66	144936	买盘
10:21:00	21.95	--	1	2195	卖盘
10:20:51	21.95	-0.01	5	10975	卖盘
10:20:45	21.96	0.01	5	10980	买盘
10:20:30	21.95	--	9	19755	卖盘
10:20:25	21.95	--	15	32925	卖盘
10:20:15	21.95	--	10	21950	卖盘
10:20:10	21.95	-0.01	22	48290	卖盘
10:20:05	21.96	0.01	30	65880	买盘
10:20:00	21.95	--	2	4390	卖盘
10:19:55	21.95	--	104	228280	卖盘
10:19:50	21.95	--	5	10975	卖盘
10:19:45	21.95	--	10	21950	卖盘
10:19:40	21.95	--	53	116335	卖盘
10:19:30	21.95	--	2	4390	卖盘
10:19:19	21.95	-0.01	12	26340	卖盘
10:19:15	21.96	--	16	35136	买盘
10:19:00	21.96	0.01	1	2196	买盘
10:18:55	21.95	--	68	149260	卖盘
10:18:49	21.95	--	10	21950	卖盘
10:18:40	21.95	-0.01	10	21950	卖盘
10:18:30	21.96	--	13	28548	买盘
10:18:25	21.96	--	6	13176	买盘
10:18:15	21.96	--	18	39528	买盘
10:18:10	21.96	0.01	7	15372	买盘
10:18:04	21.95	--	1	2195	卖盘
10:18:00	21.95	--	24	52680	卖盘
10:17:45	21.95	-0.01	34	74630	卖盘
10:17:40	21.96	--	46	101016	买盘
10:17:30	21.96	--	11	24156	买盘
10:17:25	21.96	--	16	35136	买盘
10:17:10	21.96	--	31	68076	买盘
10:17:00	21.96	0.01	10	21960	买盘
10:16:55	21.95	--	3	6585	卖盘
10:16:49	21.95	--	1	2195	卖盘
10:16:45	21.95	--	70	153650	卖盘
10:16:34	21.95	--	1	2195	卖盘
10:16:30	21.95	--	23	50485	卖盘
10:16:25	21.95	--	2	4390	卖盘
10:16:04	21.95	--	2	4390	卖盘
10:15:49	21.95	--	4	8780	卖盘
10:15:45	21.95	--	8	17560	卖盘
10:15:40	21.95	-0.01	12	26340	卖盘
10:15:34	21.96	0.01	8	17568	买盘
10:15:30	21.95	--	1	2195	卖盘
10:15:25	21.95	-0.01	14	30730	卖盘
10:15:19	21.96	0.01	9	19764	卖盘
10:15:15	21.95	-0.01	7	15365	卖盘
10:15:10	21.96	0.01	2	4392	买盘
10:15:04	21.95	--	11	24145	卖盘
10:15:00	21.95	-0.01	5	10975	卖盘
10:14:55	21.96	--	4	8784	卖盘
10:14:49	21.96	0.01	7	15372	买盘
10:14:45	21.95	-0.01	20	43900	卖盘
10:14:40	21.96	0.01	2	4392	买盘
10:14:24	21.95	-0.01	3	6585	卖盘
10:14:19	21.96	0.01	8	17568	买盘
10:14:09	21.95	-0.01	7	15365	卖盘
10:14:04	21.96	--	6	13176	卖盘
10:13:49	21.96	0.01	12	26352	买盘
10:13:39	21.95	--	0	0	卖盘
10:13:34	21.95	-0.01	79	173405	卖盘
10:13:28	21.96	--	20	43920	卖盘
10:13:19	21.96	--	18	39528	卖盘
10:13:13	21.96	-0.01	10	21960	卖盘
10:13:09	21.97	--	3	6591	买盘
10:13:04	21.97	--	2	4394	买盘
10:12:58	21.97	-0.01	13	28561	卖盘
10:12:39	21.98	--	27	60642	卖盘
10:12:34	21.98	--	3	6594	卖盘
10:12:28	21.98	--	4	8792	卖盘
10:12:24	21.98	--	2	4396	卖盘
10:12:19	21.98	--	37	81326	卖盘
10:12:13	21.98	--	5	10990	卖盘
10:12:09	21.98	--	60	132781	卖盘
10:11:49	21.98	-0.01	7	15583	卖盘
10:11:43	21.99	0.01	74	164727	买盘
10:11:34	21.98	0.02	4	8792	买盘
10:11:28	21.96	-0.03	10	21960	卖盘
10:11:24	21.99	0.01	25	54974	买盘
10:11:19	21.98	--	19	41762	卖盘
10:11:13	21.98	--	1	2198	买盘
10:11:09	21.98	--	4	8792	买盘
10:11:04	21.98	--	1	2198	买盘
10:10:58	21.98	0.02	4	8792	卖盘
10:10:54	21.96	--	10	21960	卖盘
10:10:49	21.96	-0.02	120	263520	卖盘
10:10:43	21.98	--	20	43960	买盘
10:10:34	21.98	--	32	70336	卖盘
10:10:28	21.98	-0.01	2	4396	卖盘
10:10:24	21.99	0.01	39	85761	买盘
10:10:19	21.98	--	11	24178	买盘
10:10:09	21.98	0.03	5	10990	买盘
10:09:58	21.95	0.02	238	522410	买盘
10:09:54	21.93	0.01	2	4386	买盘
10:09:49	21.92	0.01	13	28496	买盘
10:09:34	21.91	0.02	22	48202	买盘
10:09:19	21.89	0.01	22	48158	买盘
10:09:13	21.88	--	5	10940	卖盘
10:09:04	21.88	0.02	38	83144	买盘
10:08:58	21.86	--	3	6558	卖盘
10:08:54	21.86	0.01	15	32790	买盘
10:08:49	21.85	--	5	10925	卖盘
10:08:43	21.85	--	8	17480	买盘
10:08:39	21.85	--	6	13110	买盘
10:08:34	21.85	0.03	16	34960	买盘
10:08:28	21.82	--	23	50186	卖盘
10:08:13	21.82	0.02	194	425424	买盘
10:08:09	21.8	--	16	34880	卖盘
10:07:48	21.8	--	3	6540	卖盘
10:07:43	21.8	--	4	8720	买盘
10:07:33	21.8	0.02	135	294300	买盘
10:07:24	21.78	0.02	5	10890	买盘
10:07:18	21.76	-0.02	13	28288	卖盘
10:07:13	21.78	--	8	17424	买盘
10:07:09	21.78	-0.02	3	6534	卖盘
10:07:03	21.8	--	20	43600	买盘
10:06:58	21.8	0.04	2	4360	买盘
10:06:33	21.76	-0.02	25	54400	卖盘
10:06:28	21.78	-0.02	10	21780	卖盘
10:06:18	21.8	0.04	148	322640	买盘
10:06:13	21.76	-0.02	28	60928	卖盘
10:06:03	21.78	--	2	4356	买盘
10:05:48	21.78	0.02	5	10890	买盘
10:05:43	21.76	-0.04	10	21760	卖盘
10:05:28	21.8	--	11	23980	买盘
10:05:18	21.8	0.01	18	39240	买盘
10:04:52	21.79	--	2	4358	买盘
10:04:48	21.79	0.01	150	326850	买盘
10:04:37	21.78	-0.01	4	8712	卖盘
10:04:33	21.79	--	4	8716	买盘
10:04:13	21.79	--	3	6537	买盘
10:04:03	21.79	--	0	0	中性盘
10:03:58	21.79	--	0	0	卖盘
10:03:52	21.79	--	2	4358	卖盘
10:03:48	21.79	--	5	10895	买盘
10:03:37	21.79	0.04	9	19611	买盘
10:03:33	21.75	0.01	2	4350	买盘
10:03:28	21.74	--	10	21740	卖盘
10:03:18	21.74	--	14	30435	买盘
10:03:03	21.74	--	8	17392	买盘
10:02:52	21.74	-0.01	7	15217	买盘
10:02:43	21.75	-0.03	17	36975	卖盘
10:02:33	21.78	-0.04	17	37026	卖盘
10:02:28	21.82	0.02	76	165832	买盘
10:02:22	21.8	-0.01	92	202151	卖盘
10:02:18	21.81	0.01	21	45801	买盘
10:02:13	21.8	--	19	41420	卖盘
10:02:07	21.8	--	14	31108	卖盘
10:01:57	21.8	--	6	13080	卖盘
10:01:52	21.8	--	21	45780	卖盘
10:01:48	21.8	--	5	10900	卖盘
10:01:42	21.8	--	17	37060	卖盘
10:01:37	21.8	--	11	23980	卖盘
10:01:28	21.8	-0.02	286	623480	卖盘
10:01:22	21.82	0.02	9	19638	买盘
10:01:18	21.8	--	4	8720	卖盘
10:01:12	21.8	-0.02	5	10900	卖盘
10:01:07	21.82	--	0	0	中性盘
10:00:57	21.82	--	0	0	卖盘
10:00:52	21.82	--	0	0	中性盘
10:00:48	21.82	0.02	2	4364	买盘
10:00:42	21.8	--	93	202740	买盘
10:00:37	21.8	--	34	74120	买盘
10:00:27	21.8	-0.02	85	185300	卖盘
10:00:22	21.82	--	49	106918	买盘
10:00:07	21.82	--	105	229110	买盘
09:59:52	21.82	--	110	240020	卖盘
09:59:31	21.82	0.01	10	21820	买盘
09:59:22	21.81	0.01	18	39258	买盘
09:59:12	21.8	--	20	43600	卖盘
09:59:07	21.8	--	41	89380	买盘
09:59:01	21.8	--	42	91560	买盘
09:58:42	21.8	--	63	137340	卖盘
09:58:37	21.8	--	41	89380	卖盘
09:58:31	21.8	0.02	2	4360	卖盘
09:58:27	21.78	-0.02	12	26136	卖盘
09:58:22	21.8	--	4	8720	买盘
09:58:07	21.8	--	10	21800	买盘
09:57:46	21.8	0.01	8	17440	买盘
09:57:37	21.79	0.04	3	6537	买盘
09:57:31	21.75	-0.03	2	4350	卖盘
09:57:27	21.78	0.01	5	10890	买盘
09:57:22	21.77	--	18	39186	买盘
09:57:12	21.77	0.05	72	156744	买盘
09:57:07	21.72	-0.02	5	10860	卖盘
09:57:01	21.74	-0.01	50	108699	卖盘
09:56:52	21.75	--	10	21750	买盘
09:56:46	21.75	0.01	3	6525	买盘
09:56:37	21.74	0.02	1	2174	买盘
09:56:27	21.72	0.02	6	13032	买盘
09:56:01	21.7	--	3	6510	卖盘
09:55:57	21.7	--	228	494760	买盘
09:55:52	21.7	--	20	43400	买盘
09:55:42	21.7	--	12	26040	买盘
09:55:37	21.7	-0.01	35	75950	卖盘
09:55:31	21.71	0.01	1	2171	买盘
09:55:27	21.7	--	5	10850	卖盘
09:55:22	21.7	--	5	10850	买盘
09:55:16	21.7	--	72	156240	买盘
09:55:01	21.7	--	10	21700	买盘
09:54:57	21.7	-0.04	398	863660	卖盘
09:54:52	21.74	--	3	6521	买盘
09:54:42	21.74	--	40	86960	买盘
09:54:36	21.74	0.02	10	21740	买盘
09:54:31	21.72	-0.02	3	6516	卖盘
09:54:27	21.74	--	8	17392	买盘
09:54:21	21.74	-0.01	8	17392	买盘
09:54:16	21.75	-0.03	212	461100	卖盘
09:54:12	21.78	-0.02	22	47916	卖盘
09:54:01	21.8	0.02	8	17440	买盘
09:53:55	21.78	--	0	0	卖盘
09:53:51	21.78	-0.02	7	15246	卖盘
09:53:46	21.8	0.02	3	6540	买盘
09:53:37	21.78	-0.04	15	32670	卖盘
09:53:31	21.82	0.02	2	4364	买盘
09:53:25	21.8	--	0	0	中性盘
09:53:21	21.8	--	1	2180	买盘
09:53:16	21.8	0.02	18	39240	买盘
09:53:06	21.78	0.03	64	139392	买盘
09:52:55	21.75	--	0	0	卖盘
09:52:51	21.75	-0.01	5	10875	卖盘
09:52:46	21.76	0.01	23	50048	买盘
09:52:31	21.75	--	1	2175	卖盘
09:52:21	21.75	--	22	47850	卖盘
09:52:16	21.75	0.03	66	143550	买盘
09:52:10	21.72	--	52	112944	买盘
09:52:06	21.72	-0.01	16	34752	卖盘
09:52:01	21.73	0.01	21	45633	买盘
09:51:51	21.72	-0.01	2	4344	卖盘
09:51:40	21.73	--	8	17384	买盘
09:51:36	21.73	--	5	10865	买盘
09:51:31	21.73	0.01	43	93439	买盘
09:51:21	21.72	-0.01	3	6516	卖盘
09:51:10	21.73	-0.01	25	54325	卖盘
09:51:01	21.74	-0.01	5	10870	卖盘
09:50:51	21.75	-0.01	38	82650	卖盘
09:50:46	21.76	--	6	13056	买盘
09:50:36	21.76	--	38	82688	买盘
09:50:21	21.76	--	20	43520	卖盘
09:50:10	21.76	-0.02	7	15232	卖盘
09:49:55	21.78	--	0	0	买盘
09:49:51	21.78	--	4	8712	买盘
09:49:46	21.78	0.01	73	158994	买盘
09:49:40	21.77	--	4	8708	买盘
09:49:36	21.77	-0.01	5	10885	中性盘
09:49:31	21.78	0.01	5	10890	买盘
09:49:25	21.77	--	20	43540	买盘
09:49:21	21.77	--	0	0	中性盘
09:49:16	21.77	-0.01	12	26124	卖盘
09:49:10	21.78	0.01	2	4356	买盘
09:49:06	21.77	--	15	32655	卖盘
09:49:01	21.77	-0.01	6	13062	卖盘
09:48:55	21.78	0.01	13	28314	买盘
09:48:51	21.77	--	16	34832	卖盘
09:48:46	21.77	-0.01	99	215523	卖盘
09:48:40	21.78	--	26	56628	买盘
09:48:25	21.78	-0.01	39	84942	卖盘
09:48:16	21.79	0.01	10	21790	买盘
09:48:10	21.78	-0.01	20	43560	卖盘
09:48:01	21.79	--	5	10895	卖盘
09:47:55	21.79	0.01	1	2179	中性盘
09:47:45	21.78	--	32	69696	卖盘
09:47:40	21.78	-0.02	3	6534	卖盘
09:47:36	21.8	0.02	15	32700	买盘
09:47:30	21.78	--	107	233046	卖盘
09:47:25	21.78	--	20	43560	卖盘
09:47:21	21.78	--	0	0	卖盘
09:47:10	21.78	--	0	0	卖盘
09:47:04	21.78	--	4	8712	卖盘
09:47:00	21.78	-0.02	3	6534	卖盘
09:46:49	21.8	--	0	0	买盘
09:46:30	21.8	--	0	0	买盘
09:46:25	21.8	0.03	2	4360	买盘
09:46:19	21.77	-0.03	4	8708	卖盘
09:46:04	21.8	-0.01	54	117720	卖盘
09:46:00	21.81	0.01	20	43620	买盘
09:45:55	21.8	--	5	10900	卖盘
09:45:49	21.8	--	10	21800	卖盘
09:45:40	21.8	-0.01	4	8720	卖盘
09:45:25	21.81	-0.01	44	95964	卖盘
09:45:15	21.82	0.01	17	37094	买盘
09:45:10	21.81	--	3	6543	卖盘
09:44:55	21.81	--	37	80697	卖盘
09:44:45	21.81	--	10	21810	卖盘
09:44:40	21.81	-0.01	10	21810	卖盘
09:44:30	21.82	--	4	8728	买盘
09:44:25	21.82	--	6	13092	买盘
09:44:15	21.82	-0.01	21	45822	卖盘
09:44:04	21.83	--	9	19647	买盘
09:44:00	21.83	--	13	28378	买盘
09:43:45	21.83	--	9	19647	卖盘
09:43:40	21.83	--	2	4366	卖盘
09:43:30	21.83	--	49	106966	卖盘
09:43:25	21.83	--	0	0	卖盘
09:43:15	21.83	-0.01	18	39294	卖盘
09:43:10	21.84	0.02	2	4368	卖盘
09:42:49	21.82	--	0	0	卖盘
09:42:45	21.82	-0.07	1	2182	卖盘
09:42:30	21.89	--	0	0	买盘
09:42:25	21.89	--	0	0	买盘
09:42:19	21.89	--	0	0	买盘
09:42:10	21.89	0.08	5	10945	买盘
09:42:04	21.81	-0.07	120	261719	卖盘
09:41:55	21.88	0.03	47	102836	买盘
09:41:49	21.85	0.04	6	13110	买盘
09:41:45	21.81	--	14	30534	卖盘
09:41:34	21.81	--	4	8724	卖盘
09:41:30	21.81	--	3	6543	卖盘
09:41:24	21.81	--	37	80697	买盘
09:41:19	21.81	--	7	15267	买盘
09:41:15	21.81	--	10	21810	买盘
09:41:09	21.81	--	100	218100	买盘
09:41:04	21.81	--	6	13086	买盘
09:40:54	21.81	--	11	23991	买盘
09:40:49	21.81	--	15	32714	买盘
09:40:39	21.81	0.01	1	2181	买盘
09:40:34	21.8	0.03	1	2180	卖盘
09:40:29	21.77	-0.03	5	10885	卖盘
09:40:24	21.8	--	28	61040	买盘
09:40:19	21.8	--	5	10900	买盘
09:40:13	21.8	--	1	2180	买盘
09:40:09	21.8	0.01	100	218000	买盘
09:39:49	21.79	--	21	45759	买盘
09:39:39	21.79	0.03	81	176499	买盘
09:39:34	21.76	-0.03	1	2176	卖盘
09:39:24	21.79	-0.01	11	23969	中性盘
09:39:19	21.8	--	8	17440	买盘
09:39:13	21.8	0.04	5	10900	买盘
09:39:09	21.76	-0.04	52	113152	卖盘
09:39:04	21.8	0.01	37	80660	买盘
09:38:58	21.79	-0.01	1	2179	买盘
09:38:49	21.8	--	0	0	买盘
09:38:43	21.8	--	6	13080	买盘
09:38:34	21.8	--	6	13080	买盘
09:38:24	21.8	--	6	13080	买盘
09:38:19	21.8	-0.01	16	34880	中性盘
09:38:13	21.81	0.01	30	65429	买盘
09:38:09	21.8	-0.01	3	6540	卖盘
09:38:04	21.81	-0.03	42	91602	卖盘
09:37:49	21.84	-0.01	24	52416	卖盘
09:37:28	21.85	0.04	21	45885	买盘
09:37:24	21.81	-0.04	2	4362	卖盘
09:37:19	21.85	--	1	2185	买盘
09:37:04	21.85	0.05	9	19665	买盘
09:36:54	21.8	--	5	10900	买盘
09:36:49	21.8	--	11	23980	买盘
09:36:39	21.8	-0.01	25	54500	卖盘
09:36:34	21.81	-0.05	20	43620	中性盘
09:36:28	21.86	--	23	50278	买盘
09:36:24	21.86	-0.02	15	32790	中性盘
09:36:13	21.88	0.07	3	6564	买盘
09:36:04	21.81	--	0	0	卖盘
09:35:58	21.81	-0.09	2	4362	卖盘
09:35:54	21.9	0.01	7	15329	买盘
09:35:49	21.89	0.08	5	10945	买盘
09:35:43	21.81	--	0	0	卖盘
09:35:39	21.81	--	0	0	卖盘
09:35:34	21.81	-0.08	50	109050	卖盘
09:35:28	21.89	--	0	0	卖盘
09:35:24	21.89	-0.01	8	17512	卖盘
09:35:18	21.9	-0.01	2	4380	买盘
09:35:13	21.91	--	5	10955	买盘
09:35:09	21.91	0.01	16	35056	买盘
09:35:04	21.9	-0.01	1	2190	卖盘
09:34:58	21.91	0.03	13	28483	买盘
09:34:54	21.88	--	0	0	中性盘
09:34:48	21.88	-0.06	31	67828	中性盘
09:34:39	21.94	--	0	0	买盘
09:34:33	21.94	--	0	0	买盘
09:34:13	21.94	0.19	6	13164	买盘
09:33:52	21.75	--	19	41325	卖盘
09:33:48	21.75	--	46	100050	买盘
09:33:43	21.75	--	64	139200	买盘
09:33:37	21.75	0.01	3	6525	买盘
09:33:33	21.74	--	21	45654	卖盘
09:33:22	21.74	0.01	7	15217	买盘
09:33:13	21.73	0.01	8	17384	买盘
09:33:07	21.72	-0.01	5	10860	卖盘
09:32:48	21.73	--	3	6519	买盘
09:32:33	21.73	--	16	34768	卖盘
09:32:18	21.73	0.03	34	73882	买盘
09:32:13	21.7	--	4	8680	卖盘
09:32:07	21.7	-0.01	23	49910	卖盘
09:32:03	21.71	0.01	2	4342	买盘
09:31:58	21.7	--	20	43400	卖盘
09:31:52	21.7	-0.01	39	84630	卖盘
09:31:48	21.71	0.01	5	10855	买盘
09:31:28	21.7	--	17	36890	卖盘
09:31:13	21.7	-0.02	74	160580	卖盘
09:31:03	21.72	--	1	2172	买盘
09:30:48	21.72	0.01	10	21720	买盘
09:30:43	21.71	--	1	2171	卖盘
09:30:37	21.71	--	2	4342	卖盘
09:30:33	21.71	0.01	2	4342	卖盘
09:30:28	21.7	--	0	0	卖盘
09:30:18	21.7	--	8	17360	卖盘
09:30:13	21.7	--	10	21700	卖盘
09:30:07	21.7	0.01	25	54250	买盘
09:28:57	21.69	--	0	0	卖盘
09:25:09	21.69	21.69	41	88929	买盘
