成交时间	成交价	价格变动	成交量(手)	成交额(元)	性质
15:00:00	17.31	--	0	0	卖盘
15:00:00	17.31	--	99	171369	卖盘
14:59:58	17.31	-0.01	35	60584	卖盘
14:59:52	17.32	0.01	70	122833	买盘
14:59:48	17.31	-0.01	304	526362	卖盘
14:59:43	17.32	0.01	120	207840	买盘
14:59:37	17.31	-0.01	41	70971	卖盘
14:59:33	17.32	0.01	181	313492	买盘
14:59:28	17.31	-0.01	599	1036868	卖盘
14:59:22	17.32	0.01	53	91796	买盘
14:59:18	17.31	--	208	360048	卖盘
14:59:13	17.31	0.01	89	154059	买盘
14:59:07	17.3	-0.01	239	413470	卖盘
14:59:03	17.31	--	1430	2475330	买盘
14:58:58	17.31	--	89	154059	买盘
14:58:52	17.31	--	90	155790	买盘
14:58:48	17.31	--	79	136749	买盘
14:58:43	17.31	--	345	597195	卖盘
14:58:37	17.31	-0.01	102	176562	卖盘
14:58:33	17.32	--	27	46764	买盘
14:58:27	17.32	0.01	116	200912	买盘
14:58:22	17.31	--	40	69240	买盘
14:58:18	17.31	--	169	292539	卖盘
14:58:12	17.31	-0.01	322	557382	卖盘
14:58:02	17.32	0.01	1072	1856704	买盘
14:57:57	17.31	--	461	797990	卖盘
14:57:52	17.31	-0.01	6	10386	卖盘
14:57:47	17.32	0.01	123	213036	买盘
14:57:42	17.31	-0.01	63	109052	卖盘
14:57:37	17.32	--	55	95260	卖盘
14:57:32	17.32	--	34	58888	卖盘
14:57:27	17.32	--	74	128168	买盘
14:57:22	17.32	0.01	38	65816	买盘
14:57:18	17.31	--	44	76164	卖盘
14:57:12	17.31	--	292	505451	卖盘
14:57:07	17.31	-0.02	41	70971	卖盘
14:57:02	17.33	0.02	805	1395064	买盘
14:56:57	17.31	--	98	169638	买盘
14:56:52	17.31	0.01	148	256187	买盘
14:56:47	17.3	-0.01	283	489590	卖盘
14:56:42	17.31	--	97	167907	卖盘
14:56:37	17.31	--	68	117707	卖盘
14:56:32	17.31	--	133	230222	买盘
14:56:27	17.31	--	275	476024	买盘
14:56:22	17.31	--	10	17310	买盘
14:56:17	17.31	0.01	176	304656	买盘
14:56:12	17.3	-0.01	138	238740	卖盘
14:56:07	17.31	--	5	8655	买盘
14:56:02	17.31	0.01	109	188679	买盘
14:55:57	17.3	-0.01	477	825210	卖盘
14:55:52	17.31	0.01	106	185078	买盘
14:55:47	17.3	--	276	477480	卖盘
14:55:42	17.3	-0.01	51	88230	卖盘
14:55:37	17.31	0.01	107	185217	买盘
14:55:31	17.3	-0.01	60	103800	卖盘
14:55:27	17.31	--	141	244070	买盘
14:55:22	17.31	--	438	758178	买盘
14:55:16	17.31	--	69	119438	买盘
14:55:12	17.31	0.01	91	157521	买盘
14:55:07	17.3	-0.01	132	228360	卖盘
14:55:01	17.31	--	60	103859	买盘
14:54:57	17.31	--	465	804914	买盘
14:54:52	17.31	--	58	100397	买盘
14:54:46	17.31	--	104	180024	买盘
14:54:42	17.31	--	50	86550	买盘
14:54:37	17.31	-0.01	906	1568286	卖盘
14:54:31	17.32	0.01	43	74476	买盘
14:54:27	17.31	--	62	107321	卖盘
14:54:22	17.31	--	251	434480	卖盘
14:54:16	17.31	-0.01	92	159252	卖盘
14:54:12	17.32	0.01	69	119508	买盘
14:54:07	17.31	-0.01	17	29426	卖盘
14:54:01	17.32	0.01	25	43300	买盘
14:53:57	17.31	-0.01	158	273498	卖盘
14:53:52	17.32	--	82	142024	买盘
14:53:46	17.32	--	27	46764	买盘
14:53:42	17.32	--	53	91796	买盘
14:53:37	17.32	--	23	39836	买盘
14:53:31	17.32	0.01	67	116044	买盘
14:53:27	17.31	-0.01	20	34620	卖盘
14:53:22	17.32	0.01	102	176664	卖盘
14:53:16	17.31	--	0	0	卖盘
14:53:12	17.31	-0.02	108	186948	卖盘
14:53:07	17.33	0.01	509	882096	买盘
14:53:01	17.32	-0.01	20	34640	卖盘
14:52:57	17.33	--	12	20795	买盘
14:52:52	17.33	--	9	15596	买盘
14:52:46	17.33	--	356	616947	卖盘
14:52:42	17.33	--	127	220090	卖盘
14:52:37	17.33	--	95	164634	卖盘
14:52:31	17.33	--	109	188896	卖盘
14:52:27	17.33	--	15	25994	卖盘
14:52:22	17.33	0.01	445	771184	买盘
14:52:16	17.32	-0.01	5	8660	卖盘
14:52:12	17.33	--	171	296342	买盘
14:52:07	17.33	--	10	17330	买盘
14:52:01	17.33	--	9	15596	买盘
14:51:57	17.33	--	312	540696	买盘
14:51:52	17.33	--	83	143839	买盘
14:51:46	17.33	--	15	25994	买盘
14:51:42	17.33	--	16	27727	买盘
14:51:37	17.33	-0.01	13	22528	中性盘
14:51:31	17.34	--	81	140454	买盘
14:51:27	17.34	--	64	111825	买盘
14:51:22	17.34	0.01	109	189006	买盘
14:51:16	17.33	--	27	46790	卖盘
14:51:12	17.33	--	146	253017	卖盘
14:51:06	17.33	0.01	866	1501661	买盘
14:50:56	17.32	-0.01	48	83136	卖盘
14:50:51	17.33	0.01	55	95314	买盘
14:50:46	17.32	--	12	20784	卖盘
14:50:41	17.32	-0.01	174	301368	卖盘
14:50:36	17.33	0.01	1	1732	买盘
14:50:31	17.32	-0.01	10	17320	卖盘
14:50:26	17.33	0.01	19	32927	买盘
14:50:21	17.32	--	34	58888	卖盘
14:50:16	17.32	-0.01	15	25980	卖盘
14:50:11	17.33	--	57	98780	买盘
14:50:06	17.33	0.01	164	284905	买盘
14:50:01	17.32	-0.01	13	22516	卖盘
14:49:56	17.33	0.01	105	181964	买盘
14:49:51	17.32	-0.01	108	187056	卖盘
14:49:46	17.33	0.01	3	5198	买盘
14:49:41	17.32	0.01	918	1589976	买盘
14:49:36	17.31	--	5	8655	卖盘
14:49:31	17.31	-0.01	44	76164	卖盘
14:49:26	17.32	0.01	194	336008	买盘
14:49:21	17.31	--	74	128093	卖盘
14:49:16	17.31	-0.01	145	250994	卖盘
14:49:11	17.32	--	9	15588	买盘
14:49:06	17.32	0.01	45	77940	买盘
14:49:01	17.31	--	63	109052	卖盘
14:48:56	17.31	--	3	5193	卖盘
14:48:51	17.31	-0.01	64	110783	卖盘
14:48:46	17.32	0.01	182	315224	买盘
14:48:36	17.31	--	57	98666	买盘
14:48:31	17.31	--	63	109052	中性盘
14:48:25	17.31	-0.01	13	22503	中性盘
14:48:21	17.32	0.01	136	235552	买盘
14:48:16	17.31	--	44	76164	卖盘
14:48:10	17.31	--	21	36351	卖盘
14:48:06	17.31	-0.01	89	154059	卖盘
14:48:01	17.32	0.01	41	71012	买盘
14:47:55	17.31	--	105	181755	买盘
14:47:51	17.31	--	243	420632	卖盘
14:47:46	17.31	--	103	178293	卖盘
14:47:36	17.31	--	191	330621	卖盘
14:47:31	17.31	--	8	13847	卖盘
14:47:25	17.31	--	16	27695	卖盘
14:47:21	17.31	--	100	173100	卖盘
14:47:16	17.31	0.01	175	302925	买盘
14:47:06	17.3	-0.01	106	183380	卖盘
14:47:01	17.31	--	35	60584	买盘
14:46:51	17.31	0.01	92	159252	买盘
14:46:46	17.3	-0.01	628	1086440	卖盘
14:46:40	17.31	0.01	5	8655	买盘
14:46:36	17.3	--	32	55360	卖盘
14:46:31	17.3	--	80	138400	卖盘
14:46:25	17.3	--	9	15570	卖盘
14:46:21	17.3	--	108	186840	卖盘
14:46:16	17.3	--	320	553600	卖盘
14:46:10	17.3	-0.01	41	70930	卖盘
14:46:06	17.31	--	20	34620	买盘
14:46:01	17.31	0.01	747	1293057	买盘
14:45:55	17.3	--	962	1664260	卖盘
14:45:51	17.3	-0.01	6	10380	卖盘
14:45:40	17.31	--	36	62315	买盘
14:45:36	17.31	--	40	69240	买盘
14:45:31	17.31	0.01	3	5193	中性盘
14:45:25	17.3	-0.01	46	79580	卖盘
14:45:21	17.31	--	33	57122	卖盘
14:45:16	17.31	--	501	867230	买盘
14:45:10	17.31	0.01	3	5193	买盘
14:45:06	17.3	-0.01	10	17300	卖盘
14:45:01	17.31	--	22	38082	买盘
14:44:55	17.31	--	7	12117	买盘
14:44:46	17.31	--	501	867230	买盘
14:44:40	17.31	0.01	164	283884	买盘
14:44:36	17.3	--	35	60550	卖盘
14:44:31	17.3	--	5	8650	卖盘
14:44:25	17.3	--	559	967070	买盘
14:44:21	17.3	--	67	115910	买盘
14:44:15	17.3	0.01	19	32870	买盘
14:44:10	17.29	-0.01	22	38038	卖盘
14:44:05	17.3	0.01	6	10380	中性盘
14:44:00	17.29	-0.01	8	13832	卖盘
14:43:55	17.3	--	12	20760	卖盘
14:43:50	17.3	0.01	47	81310	中性盘
14:43:45	17.29	--	813	1405677	卖盘
14:43:40	17.29	--	117	202293	卖盘
14:43:35	17.29	-0.01	75	129675	卖盘
14:43:30	17.3	--	733	1268090	买盘
14:43:25	17.3	0.01	214	370220	买盘
14:43:20	17.29	-0.01	50	86450	卖盘
14:43:15	17.3	--	715	1236950	买盘
14:43:05	17.3	--	90	155700	买盘
14:43:00	17.3	--	1	1730	买盘
14:42:55	17.3	0.01	57	98610	买盘
14:42:50	17.29	-0.01	36	62244	卖盘
14:42:45	17.3	-0.01	132	228360	卖盘
14:42:40	17.31	0.02	13	22503	买盘
14:42:35	17.29	-0.02	186	321594	卖盘
14:42:30	17.31	0.01	23	39813	买盘
14:42:25	17.3	-0.01	103	178190	卖盘
14:42:20	17.31	--	21	36351	买盘
14:42:15	17.31	--	8	13847	买盘
14:42:10	17.31	--	38	65778	卖盘
14:42:04	17.31	-0.01	13	22503	卖盘
14:42:00	17.32	0.01	176	304832	买盘
14:41:55	17.31	--	17	29426	买盘
14:41:49	17.31	--	116	200795	买盘
14:41:45	17.31	0.01	245	424094	买盘
14:41:40	17.3	-0.01	33	57090	卖盘
14:41:34	17.31	0.01	4	6923	买盘
14:41:30	17.3	-0.01	176	304480	卖盘
14:41:25	17.31	-0.01	92	159252	卖盘
14:41:19	17.32	0.02	277	479764	买盘
14:41:15	17.3	-0.01	118	204140	卖盘
14:41:10	17.31	--	5	8655	买盘
14:41:04	17.31	0.01	270	467369	买盘
14:41:00	17.3	--	2	3460	卖盘
14:40:55	17.3	0.01	179	309670	买盘
14:40:49	17.29	-0.01	150	259350	卖盘
14:40:45	17.3	--	113	195490	买盘
14:40:40	17.3	0.01	5	8650	买盘
14:40:30	17.29	--	87	150423	卖盘
14:40:25	17.29	0.01	10	17290	中性盘
14:40:19	17.28	-0.02	202	349056	卖盘
14:40:15	17.3	0.02	40	69200	买盘
14:40:10	17.28	-0.01	163	281664	卖盘
14:40:04	17.29	0.01	70	121030	买盘
14:40:00	17.28	-0.01	79	136512	卖盘
14:39:55	17.29	--	91	157339	买盘
14:39:49	17.29	0.01	12	20748	买盘
14:39:45	17.28	--	192	331776	卖盘
14:39:40	17.28	--	146	252288	卖盘
14:39:34	17.28	--	43	74304	买盘
14:39:30	17.28	--	101	174528	买盘
14:39:25	17.28	--	124	214272	卖盘
14:39:19	17.28	--	93	160704	卖盘
14:39:15	17.28	--	667	1152576	卖盘
14:39:10	17.28	--	149	257472	卖盘
14:39:04	17.28	--	168	290304	卖盘
14:39:00	17.28	--	102	176256	卖盘
14:38:55	17.28	-0.01	145	250560	卖盘
14:38:49	17.29	0.01	5	8645	买盘
14:38:45	17.28	-0.01	422	729216	卖盘
14:38:40	17.29	-0.01	94	162526	卖盘
14:38:34	17.3	0.01	32	55360	买盘
14:38:30	17.29	-0.01	63	108927	卖盘
14:38:25	17.3	--	150	259500	卖盘
14:38:19	17.3	-0.01	279	482670	卖盘
14:38:15	17.31	0.01	396	685476	买盘
14:38:10	17.3	--	497	859810	卖盘
14:38:04	17.3	--	409	707570	卖盘
14:37:59	17.3	-0.01	453	783690	卖盘
14:37:55	17.31	--	840	1454040	买盘
14:37:49	17.31	0.01	28	48468	买盘
14:37:45	17.3	--	165	285450	卖盘
14:37:39	17.3	-0.01	80	138400	卖盘
14:37:34	17.31	--	1383	2394526	卖盘
14:37:29	17.31	--	156	270036	卖盘
14:37:24	17.31	-0.01	26	45006	卖盘
14:37:19	17.32	--	33	57156	买盘
14:37:14	17.32	--	25	43300	买盘
14:37:09	17.32	--	1110	1922520	卖盘
14:37:04	17.32	--	5	8660	卖盘
14:36:59	17.32	-0.01	898	1555336	卖盘
14:36:54	17.33	--	60	103979	买盘
14:36:49	17.33	--	304	527681	卖盘
14:36:44	17.33	--	159	275547	卖盘
14:36:39	17.33	--	87	150770	卖盘
14:36:34	17.33	-0.01	210	363929	卖盘
14:36:29	17.34	--	14	24276	买盘
14:36:24	17.34	--	51	88434	买盘
14:36:19	17.34	-0.01	10	17340	买盘
14:36:14	17.35	0.01	1525	2645875	买盘
14:36:09	17.34	--	42	72828	卖盘
14:36:04	17.34	--	20	34680	卖盘
14:35:59	17.34	-0.01	11	19074	卖盘
14:35:54	17.35	--	239	414665	买盘
14:35:49	17.35	--	14	24290	买盘
14:35:39	17.35	0.01	2	3470	买盘
14:35:34	17.34	--	37	64158	卖盘
14:35:24	17.34	-0.01	57	98838	卖盘
14:35:19	17.35	--	87	150945	买盘
14:35:13	17.35	--	1	1735	买盘
14:35:08	17.35	0.01	23	39905	买盘
14:35:04	17.34	-0.01	3	5202	卖盘
14:34:58	17.35	--	35	60725	卖盘
14:34:54	17.35	0.01	39	67665	买盘
14:34:49	17.34	-0.01	14	24276	卖盘
14:34:38	17.35	--	126	218610	买盘
14:34:34	17.35	0.01	133	230755	买盘
14:34:23	17.34	-0.01	174	301716	卖盘
14:34:19	17.35	--	21	36435	买盘
14:34:13	17.35	--	11	19085	买盘
14:34:09	17.35	--	81	140535	买盘
14:34:04	17.35	--	9	15615	买盘
14:33:58	17.35	--	17	29495	买盘
14:33:54	17.35	0.01	18	31230	买盘
14:33:49	17.34	-0.01	18	31212	卖盘
14:33:43	17.35	--	4	6940	买盘
14:33:38	17.35	--	6	10410	买盘
14:33:34	17.35	--	7	12145	买盘
14:33:28	17.35	-0.01	21	36435	卖盘
14:33:23	17.36	0.01	108	187488	买盘
14:33:19	17.35	-0.01	60	104100	卖盘
14:33:13	17.36	0.01	1	1736	买盘
14:33:09	17.35	--	29	50315	卖盘
14:33:04	17.35	--	100	173500	卖盘
14:32:58	17.35	--	52	90220	卖盘
14:32:54	17.35	--	311	539585	买盘
14:32:49	17.35	0.01	13	22555	买盘
14:32:43	17.34	-0.01	214	371076	卖盘
14:32:34	17.35	0.01	4	6940	买盘
14:32:24	17.34	-0.01	24	41616	中性盘
14:32:18	17.35	0.01	501	869235	买盘
14:32:09	17.34	--	5	8670	买盘
14:32:04	17.34	--	12	20808	买盘
14:31:53	17.34	--	124	215016	卖盘
14:31:49	17.34	--	15	26010	卖盘
14:31:43	17.34	--	10	17340	卖盘
14:31:39	17.34	--	38	65892	卖盘
14:31:34	17.34	--	10	17340	卖盘
14:31:28	17.34	-0.01	10	17340	卖盘
14:31:23	17.35	--	13	22555	买盘
14:31:18	17.35	--	9	15615	买盘
14:31:13	17.35	--	3	5205	买盘
14:31:08	17.35	0.02	45	78075	中性盘
14:31:03	17.33	-0.02	727	1259890	卖盘
14:30:58	17.35	--	50	86750	卖盘
14:30:53	17.35	--	110	190850	卖盘
14:30:48	17.35	--	32	55520	卖盘
14:30:43	17.35	0.01	632	1097803	买盘
14:30:33	17.34	--	104	180336	卖盘
14:30:28	17.34	--	18	31212	卖盘
14:30:23	17.34	--	611	1059474	卖盘
14:30:18	17.34	--	155	268770	买盘
14:30:13	17.34	--	5	8670	买盘
14:30:08	17.34	--	56	97104	买盘
14:30:03	17.34	0.01	131	227154	买盘
14:29:58	17.33	--	11	19062	卖盘
14:29:53	17.33	--	30	51989	卖盘
14:29:48	17.33	--	20	34660	卖盘
14:29:43	17.33	--	832	1443190	卖盘
14:29:38	17.33	0.01	372	644675	买盘
14:29:27	17.32	-0.01	22	38104	卖盘
14:29:23	17.33	--	118	204493	买盘
14:29:18	17.33	--	186	322337	买盘
14:29:13	17.33	0.01	90	155969	买盘
14:29:08	17.32	-0.01	21	36372	卖盘
14:28:58	17.33	--	385	667603	卖盘
14:28:47	17.33	--	96	166367	卖盘
14:28:43	17.33	--	261	452312	卖盘
14:28:37	17.33	--	7	12130	卖盘
14:28:33	17.33	-0.01	140	242619	卖盘
14:28:27	17.34	0.01	6	10404	买盘
14:28:17	17.33	-0.01	2	3465	卖盘
14:28:13	17.34	--	257	445638	卖盘
14:28:07	17.34	--	300	520200	卖盘
14:28:03	17.34	-0.01	13	22542	卖盘
14:27:57	17.35	0.01	30	52050	买盘
14:27:47	17.34	--	9	15606	卖盘
14:27:43	17.34	--	116	201144	买盘
14:27:37	17.34	--	13	22542	卖盘
14:27:32	17.34	-0.01	3	5202	中性盘
14:27:28	17.35	0.01	135	234225	买盘
14:27:22	17.34	-0.01	76	132234	卖盘
14:27:13	17.35	0.01	169	293215	买盘
14:27:07	17.34	--	51	88434	卖盘
14:27:03	17.34	-0.01	22	38148	卖盘
14:26:57	17.35	--	53	91955	买盘
14:26:52	17.35	0.01	21	36435	买盘
14:26:48	17.34	-0.01	464	805859	卖盘
14:26:43	17.35	0.01	5	8675	买盘
14:26:32	17.34	-0.02	19	32946	卖盘
14:26:28	17.36	0.01	63	109368	买盘
14:26:22	17.35	-0.01	64	111040	卖盘
14:26:18	17.36	--	82	142352	买盘
14:26:13	17.36	0.01	37	64232	买盘
14:26:06	17.35	--	68	117980	卖盘
14:26:03	17.35	--	60	104100	卖盘
14:25:57	17.35	--	209	362615	卖盘
14:25:48	17.35	--	36	62460	买盘
14:25:43	17.35	--	1978	3431830	卖盘
14:25:37	17.35	--	27	46845	卖盘
14:25:32	17.35	--	94	163090	买盘
14:25:28	17.35	--	11	19085	买盘
14:25:22	17.35	--	10	17350	买盘
14:25:17	17.35	--	71	123185	卖盘
14:25:13	17.35	--	103	178705	买盘
14:25:03	17.35	--	56	97160	卖盘
14:24:58	17.35	--	141	244635	卖盘
14:24:47	17.35	--	35	60725	买盘
14:24:42	17.35	--	53	91955	买盘
14:24:32	17.35	-0.01	32	55520	买盘
14:24:28	17.36	--	1120	1946038	买盘
14:24:22	17.36	--	9	15624	买盘
14:24:18	17.36	0.01	82	142352	买盘
14:24:12	17.35	-0.01	134	232490	卖盘
14:24:06	17.36	--	12	20832	买盘
14:24:02	17.36	--	11	19096	买盘
14:23:57	17.36	0.01	5	8680	买盘
14:23:42	17.35	--	186	322727	买盘
14:23:37	17.35	0.01	29	50315	买盘
14:23:32	17.34	--	154	267036	卖盘
14:23:27	17.34	--	30	52020	卖盘
14:23:22	17.34	-0.01	49	84966	卖盘
14:23:17	17.35	--	244	423340	买盘
14:23:12	17.35	0.02	56	97160	买盘
14:23:02	17.33	-0.03	732	1270271	卖盘
14:22:57	17.36	0.01	47	81592	买盘
14:22:52	17.35	--	40	69400	卖盘
14:22:47	17.35	--	110	190850	卖盘
14:22:42	17.35	--	166	288010	卖盘
14:22:32	17.35	--	42	72870	卖盘
14:22:27	17.35	--	71	123185	卖盘
14:22:22	17.35	-0.01	26	45110	卖盘
14:22:17	17.36	--	21	36456	买盘
14:22:12	17.36	--	47	81592	买盘
14:22:07	17.36	--	10	17360	买盘
14:22:02	17.36	--	130	225680	买盘
14:21:57	17.36	--	26	45136	买盘
14:21:51	17.36	--	22	38192	买盘
14:21:41	17.36	--	171	297046	卖盘
14:21:37	17.36	--	38	65968	卖盘
14:21:30	17.36	-0.01	215	373240	卖盘
14:21:26	17.37	--	47	81639	买盘
14:21:21	17.37	--	73	126801	买盘
14:21:16	17.37	--	11	19107	买盘
14:21:11	17.37	0.01	222	385614	买盘
14:21:07	17.36	-0.01	203	352408	卖盘
14:21:01	17.37	--	205	356085	买盘
14:20:56	17.37	0.01	5	8685	买盘
14:20:51	17.36	-0.01	40	69440	卖盘
14:20:46	17.37	--	30	52110	买盘
14:20:41	17.37	--	54	93798	买盘
14:20:37	17.37	0.01	81	140697	买盘
14:20:31	17.36	-0.01	10	17360	卖盘
14:20:26	17.37	--	98	170226	买盘
14:20:21	17.37	--	49	85113	买盘
14:20:11	17.37	0.01	79	137223	买盘
14:20:07	17.36	--	53	92008	卖盘
14:20:00	17.36	--	1	1736	卖盘
14:19:56	17.36	--	25	43400	卖盘
14:19:51	17.36	-0.01	55	95480	卖盘
14:19:41	17.37	0.01	86	149382	买盘
14:19:36	17.36	--	85	147560	卖盘
14:19:31	17.36	--	19	32984	卖盘
14:19:27	17.36	-0.01	49	85064	卖盘
14:19:21	17.37	--	45	78165	买盘
14:19:11	17.37	--	36	62532	买盘
14:19:06	17.37	--	6	11967	买盘
14:18:56	17.37	--	204	354348	买盘
14:18:42	17.37	0.01	54	93798	买盘
14:18:36	17.36	--	93	161448	买盘
14:18:30	17.36	--	6	10416	买盘
14:18:26	17.36	0.01	44	76384	中性盘
14:18:21	17.35	-0.02	308	534397	卖盘
14:18:15	17.37	0.01	5	8685	买盘
14:18:11	17.36	-0.01	1	1736	卖盘
14:18:06	17.37	0.01	21	36477	买盘
14:18:00	17.36	--	7	12152	买盘
14:17:56	17.36	0.01	510	885360	买盘
14:17:51	17.35	-0.02	44	76340	卖盘
14:17:46	17.37	--	32	55584	买盘
14:17:41	17.37	--	2	3474	买盘
14:17:36	17.37	--	278	482886	买盘
14:17:30	17.37	--	63	109431	买盘
14:17:26	17.37	0.02	62	107694	买盘
14:17:21	17.35	-0.01	391	678385	卖盘
14:17:15	17.36	--	30	52080	买盘
14:17:11	17.36	--	353	612808	买盘
14:17:06	17.36	0.01	27	46872	买盘
14:17:00	17.35	--	10	17350	卖盘
14:16:56	17.35	--	7	12145	买盘
14:16:51	17.35	--	29	50315	买盘
14:16:45	17.35	--	1	1735	买盘
14:16:41	17.35	--	158	274130	买盘
14:16:36	17.35	--	66	114510	买盘
14:16:30	17.35	--	5	8675	买盘
14:16:26	17.35	0.01	6	10410	买盘
14:16:21	17.34	--	17	29478	卖盘
14:16:15	17.34	-0.01	9	15606	卖盘
14:16:11	17.35	--	232	402520	买盘
14:16:06	17.35	0.01	31	53785	买盘
14:16:00	17.34	-0.01	9	15606	卖盘
14:15:56	17.35	0.01	75	130125	买盘
14:15:51	17.34	--	23	39882	卖盘
14:15:45	17.34	--	10	17340	卖盘
14:15:41	17.34	0.01	9	15606	买盘
14:15:36	17.33	--	507	878630	卖盘
14:15:31	17.33	--	18	31193	卖盘
14:15:26	17.33	--	8	15198	卖盘
14:15:21	17.33	-0.01	588	1019003	卖盘
14:15:11	17.34	0.01	10	17340	买盘
14:15:05	17.33	--	14	24261	卖盘
14:15:01	17.33	-0.01	23	39858	卖盘
14:14:54	17.34	0.01	8	13872	买盘
14:14:50	17.33	-0.01	23	39858	卖盘
14:14:45	17.34	--	182	315588	买盘
14:14:35	17.34	0.01	15	26010	买盘
14:14:30	17.33	-0.01	41	71053	卖盘
14:14:24	17.34	--	20	34680	买盘
14:14:20	17.34	0.01	105	182070	买盘
14:14:15	17.33	-0.01	73	126508	卖盘
14:14:09	17.34	--	166	287844	买盘
14:14:05	17.34	--	1	1734	买盘
14:14:00	17.34	0.01	3	5202	买盘
14:13:50	17.33	--	268	464443	卖盘
14:13:45	17.33	-0.01	10	17330	卖盘
14:13:39	17.34	--	7	12138	买盘
14:13:35	17.34	--	33	57222	买盘
14:13:30	17.34	--	33	57222	买盘
14:13:24	17.34	--	1	1734	买盘
14:13:20	17.34	--	300	520200	卖盘
14:13:16	17.34	--	6	10404	卖盘
14:13:09	17.34	--	150	260100	卖盘
14:13:05	17.34	--	180	312120	买盘
14:13:00	17.34	0.01	137	237558	买盘
14:12:54	17.33	--	5	8665	卖盘
14:12:50	17.33	-0.01	3	5198	卖盘
14:12:35	17.34	--	5	8670	买盘
14:12:30	17.34	--	1	1734	买盘
14:12:24	17.34	--	25	43350	买盘
14:12:20	17.34	--	7	12138	买盘
14:12:16	17.34	0.01	139	241026	买盘
14:12:09	17.33	-0.01	10	17330	卖盘
14:11:54	17.34	--	782	1355988	卖盘
14:11:45	17.34	-0.01	53	91902	卖盘
14:11:39	17.35	--	64	111040	买盘
14:11:35	17.35	--	93	161355	买盘
14:11:30	17.35	--	2	3470	买盘
14:11:25	17.35	0.01	6	10410	买盘
14:11:15	17.34	-0.01	10	17340	卖盘
14:11:05	17.35	0.01	44	76340	买盘
14:11:00	17.34	-0.01	56	97104	卖盘
14:10:54	17.35	--	20	34700	卖盘
14:10:50	17.35	-0.01	50	86750	卖盘
14:10:45	17.36	0.01	119	206584	买盘
14:10:35	17.35	--	37	64195	买盘
14:10:30	17.35	-0.01	263	456305	卖盘
14:10:24	17.36	0.01	21	36456	买盘
14:10:20	17.35	-0.01	1	1735	卖盘
14:10:15	17.36	--	96	166656	买盘
14:10:05	17.36	--	45	78120	买盘
14:10:00	17.36	0.01	56	97216	买盘
14:09:50	17.35	--	9	15615	卖盘
14:09:45	17.35	--	44	76340	买盘
14:09:39	17.35	--	41	71135	买盘
14:09:35	17.35	0.01	20	34700	买盘
14:09:30	17.34	-0.01	19	32946	卖盘
14:09:24	17.35	0.01	6	10410	买盘
14:09:20	17.34	--	27	46818	卖盘
14:09:15	17.34	--	8	13872	卖盘
14:09:09	17.34	0.01	324	561816	买盘
14:09:05	17.33	-0.01	24	41591	卖盘
14:09:00	17.34	0.01	55	95370	买盘
14:08:54	17.33	-0.01	20	34660	卖盘
14:08:50	17.34	0.01	5	8670	买盘
14:08:35	17.33	--	516	894227	买盘
14:08:30	17.33	--	20	34660	买盘
14:08:24	17.33	--	1	1732	买盘
14:08:20	17.33	--	89	154236	买盘
14:08:15	17.33	--	12	20795	买盘
14:08:09	17.33	--	70	121309	买盘
14:07:59	17.33	0.01	59	102246	买盘
14:07:54	17.32	-0.01	97	168004	卖盘
14:07:48	17.33	0.01	13	22528	买盘
14:07:44	17.32	-0.01	22	38104	卖盘
14:07:39	17.33	0.01	120	207959	买盘
14:07:29	17.32	-0.01	1	1732	卖盘
14:07:24	17.33	0.01	9	15596	买盘
14:07:09	17.32	--	184	318688	卖盘
14:07:03	17.32	-0.01	3	5196	卖盘
14:06:59	17.33	--	5	8665	买盘
14:06:54	17.33	0.01	1	1732	买盘
14:06:44	17.32	--	81	140292	卖盘
14:06:39	17.32	-0.01	30	51960	卖盘
14:06:33	17.33	--	50	86649	买盘
14:06:24	17.33	--	13	22528	买盘
14:06:14	17.33	--	93	161168	卖盘
14:06:09	17.33	--	12	20795	卖盘
14:05:59	17.33	-0.01	57	98780	卖盘
14:05:54	17.34	0.01	8	13872	买盘
14:05:44	17.33	--	28	48523	卖盘
14:05:39	17.33	--	28	48523	卖盘
14:05:33	17.33	--	100	173299	卖盘
14:05:29	17.33	-0.01	4	6931	卖盘
14:05:24	17.34	0.01	2	3468	买盘
14:05:14	17.33	--	17	29460	卖盘
14:05:09	17.33	--	1	1732	卖盘
14:04:59	17.33	0.01	83	143839	买盘
14:04:54	17.32	-0.01	125	216500	卖盘
14:04:44	17.33	0.01	4	6931	买盘
14:04:39	17.32	--	5	8660	卖盘
14:04:33	17.32	-0.01	16	27712	卖盘
14:04:29	17.33	-0.01	6	10397	卖盘
14:04:24	17.34	0.02	1	1734	买盘
14:04:18	17.32	-0.01	60	103920	卖盘
14:04:14	17.33	0.01	100	173299	买盘
14:04:09	17.32	--	101	174932	卖盘
14:04:03	17.32	-0.01	3	5196	卖盘
14:03:59	17.33	--	28	48523	买盘
14:03:54	17.33	0.01	17	29460	买盘
14:03:48	17.32	--	402	696264	卖盘
14:03:44	17.32	-0.01	55	95260	卖盘
14:03:39	17.33	--	15	25994	卖盘
14:03:33	17.33	--	447	774650	中性盘
14:03:29	17.33	--	390	675869	卖盘
14:03:24	17.33	--	33	57188	卖盘
14:03:14	17.33	-0.01	2	3465	卖盘
14:03:09	17.34	--	80	138720	买盘
14:02:59	17.34	--	71	123114	卖盘
14:02:54	17.34	--	50	86700	卖盘
14:02:48	17.34	--	23	39882	卖盘
14:02:44	17.34	-0.01	136	235824	卖盘
14:02:39	17.35	0.01	58	100630	买盘
14:02:33	17.34	-0.01	50	86700	卖盘
14:02:29	17.35	--	31	53785	买盘
14:02:24	17.35	0.01	6	10410	买盘
14:02:18	17.34	-0.01	90	156060	卖盘
14:02:14	17.35	0.01	40	69400	买盘
14:02:09	17.34	-0.01	341	591294	卖盘
14:01:59	17.35	--	23	39905	买盘
14:01:54	17.35	--	0	0	中性盘
14:01:48	17.35	--	10	17350	卖盘
14:01:44	17.35	--	49	85015	买盘
14:01:39	17.35	0.01	38	65930	买盘
14:01:33	17.34	--	30	52020	卖盘
14:01:27	17.34	-0.01	15	26010	卖盘
14:01:23	17.35	--	12	20820	买盘
14:01:18	17.35	0.01	35	60725	买盘
14:01:12	17.34	--	8	13872	卖盘
14:01:08	17.34	--	120	208080	卖盘
14:01:03	17.34	--	22	38148	卖盘
14:00:57	17.34	-0.01	8	13872	卖盘
14:00:53	17.35	0.01	3	5205	买盘
14:00:48	17.34	--	240	416160	卖盘
14:00:42	17.34	--	21	36414	卖盘
14:00:38	17.34	--	5	8670	卖盘
14:00:33	17.34	-0.01	31	53754	卖盘
14:00:27	17.35	0.01	23	39905	买盘
14:00:23	17.34	-0.01	9	15606	买盘
14:00:18	17.35	0.01	78	135330	买盘
14:00:08	17.34	--	16	27744	卖盘
14:00:03	17.34	-0.01	10	17340	卖盘
13:59:57	17.35	0.01	2	3470	买盘
13:59:48	17.34	-0.01	20	34680	中性盘
13:59:42	17.35	0.01	16	27760	买盘
13:59:38	17.34	-0.01	9	15606	中性盘
13:59:33	17.35	--	22	38170	买盘
13:59:27	17.35	--	73	126655	卖盘
13:59:23	17.35	--	28	48580	卖盘
13:59:18	17.35	--	903	1566705	卖盘
13:59:08	17.35	--	55	95425	买盘
13:58:57	17.35	--	4	6940	买盘
13:58:53	17.35	--	204	353940	买盘
13:58:48	17.35	0.01	24	41640	买盘
13:58:38	17.34	--	18	31212	卖盘
13:58:23	17.34	-0.01	20	34680	卖盘
13:58:18	17.35	0.01	108	187380	买盘
13:58:12	17.34	--	2	3468	卖盘
13:58:08	17.34	-0.01	34	58956	卖盘
13:58:03	17.35	0.01	41	71135	买盘
13:57:57	17.34	-0.01	119	206346	卖盘
13:57:53	17.35	--	11	19085	买盘
13:57:48	17.35	--	1	1735	买盘
13:57:42	17.35	--	197	341795	卖盘
13:57:38	17.35	--	32	55520	买盘
13:57:33	17.35	--	21	36435	买盘
13:57:27	17.35	--	10	17350	买盘
13:57:23	17.35	-0.01	35	60725	卖盘
13:57:18	17.36	--	310	538160	买盘
13:57:12	17.36	--	19	32984	买盘
13:57:08	17.36	-0.01	28	48608	卖盘
13:57:03	17.37	--	3	5211	买盘
13:56:57	17.37	--	10	17370	买盘
13:56:53	17.37	0.02	129	224073	买盘
13:56:48	17.35	-0.01	30	52050	卖盘
13:56:42	17.36	-0.01	181	314216	卖盘
13:56:38	17.37	0.01	45	78165	买盘
13:56:33	17.36	-0.01	28	48608	卖盘
13:56:27	17.37	0.01	6	10422	买盘
13:56:23	17.36	-0.01	23	39928	卖盘
13:56:18	17.37	0.01	3	5211	买盘
13:56:12	17.36	-0.02	17	29512	卖盘
13:56:08	17.38	0.01	319	554422	买盘
13:56:03	17.37	--	42	72954	买盘
13:55:57	17.37	--	130	225810	买盘
13:55:53	17.37	--	20	34740	买盘
13:55:48	17.37	--	27	46899	买盘
13:55:42	17.37	--	73	126801	卖盘
13:55:38	17.37	--	184	319608	买盘
13:55:33	17.37	0.01	71	123327	买盘
13:55:27	17.36	-0.01	19	32984	卖盘
13:55:23	17.37	0.01	35	60795	买盘
13:55:18	17.36	--	76	131936	卖盘
13:55:12	17.36	--	48	83328	卖盘
13:55:08	17.36	--	28	48608	买盘
13:55:03	17.36	0.01	9	15624	买盘
13:54:57	17.35	-0.01	101	175235	卖盘
13:54:53	17.36	--	162	281232	买盘
13:54:47	17.36	0.01	17	29512	买盘
13:54:42	17.35	-0.01	46	79810	卖盘
13:54:36	17.36	--	71	123256	买盘
13:54:33	17.36	--	66	114576	买盘
13:54:27	17.36	--	3	5208	买盘
13:54:17	17.36	--	4	6944	买盘
13:54:12	17.36	--	11	19096	买盘
13:54:06	17.36	--	14	24304	买盘
13:54:02	17.36	--	126	218736	买盘
13:53:57	17.36	--	70	121520	卖盘
13:53:51	17.36	--	33	57288	卖盘
13:53:47	17.36	--	31	53816	卖盘
13:53:42	17.36	--	25	43400	卖盘
13:53:32	17.36	-0.01	19	32984	卖盘
13:53:27	17.37	--	110	191070	买盘
13:53:21	17.37	0.01	21	36477	买盘
13:53:17	17.36	-0.01	10	17360	中性盘
13:53:12	17.37	0.01	166	288342	买盘
13:53:06	17.36	--	67	116312	卖盘
13:53:02	17.36	-0.01	322	558992	卖盘
13:52:57	17.37	0.01	357	620109	买盘
13:52:51	17.36	--	6	10416	卖盘
13:52:47	17.36	-0.01	72	124992	卖盘
13:52:42	17.37	0.01	228	396036	买盘
13:52:36	17.36	--	10	17360	卖盘
13:52:32	17.36	-0.01	23	39928	卖盘
13:52:27	17.37	0.01	55	95535	买盘
13:52:21	17.36	--	70	121520	买盘
13:52:17	17.36	--	211	366296	买盘
13:52:12	17.36	--	30	52080	买盘
13:52:06	17.36	--	202	350672	买盘
13:52:02	17.36	--	90	156240	买盘
13:51:57	17.36	0.01	74	128464	买盘
13:51:51	17.35	--	3	5205	卖盘
13:51:42	17.35	0.01	79	137065	买盘
13:51:36	17.34	--	24	41616	买盘
13:51:32	17.34	-0.02	85	147390	卖盘
13:51:27	17.36	0.02	1018	1767248	买盘
13:51:17	17.34	0.01	8	13872	买盘
13:51:12	17.33	--	174	301541	买盘
13:51:06	17.33	--	126	218357	买盘
13:51:02	17.33	--	278	481773	买盘
13:50:57	17.33	0.01	4	6931	买盘
13:50:51	17.32	--	87	150684	卖盘
13:50:47	17.32	-0.01	19	32908	卖盘
13:50:36	17.33	0.01	15	25994	买盘
13:50:32	17.32	--	23	39836	卖盘
13:50:27	17.32	--	12	20784	卖盘
13:50:17	17.32	--	6	10392	卖盘
13:50:12	17.32	-0.01	20	34640	卖盘
13:50:06	17.33	0.02	270	467909	买盘
13:50:02	17.31	--	20	34620	卖盘
13:49:57	17.31	--	59	102128	卖盘
13:49:47	17.31	--	100	173100	卖盘
13:49:42	17.31	--	37	64046	卖盘
13:49:36	17.31	--	40	69240	卖盘
13:49:32	17.31	--	98	169638	卖盘
13:49:27	17.31	--	200	346200	卖盘
13:49:17	17.31	-0.01	15	25964	卖盘
13:49:12	17.32	0.01	30	51960	买盘
13:49:06	17.31	--	1	1730	卖盘
13:49:02	17.31	-0.01	13	22503	卖盘
13:48:47	17.32	--	146	252872	卖盘
13:48:42	17.32	-0.01	61	105652	卖盘
13:48:36	17.33	0.01	10	17330	买盘
13:48:27	17.32	-0.01	130	225160	卖盘
13:48:21	17.33	0.01	22	38125	买盘
13:48:15	17.32	--	15	25980	卖盘
13:48:12	17.32	-0.01	53	91796	买盘
13:48:06	17.33	0.01	20	34660	买盘
13:48:00	17.32	--	19	32908	卖盘
13:47:51	17.32	--	21	36372	卖盘
13:47:45	17.32	--	5	8660	卖盘
13:47:41	17.32	-0.01	4	6928	卖盘
13:47:36	17.33	--	27	46790	买盘
13:47:26	17.33	0.01	10	17330	买盘
13:47:15	17.32	-0.01	7	12124	卖盘
13:47:11	17.33	0.02	81	140373	买盘
13:47:06	17.31	--	59	102128	卖盘
13:47:00	17.31	-0.02	12	20772	卖盘
13:46:56	17.33	0.01	45	77984	买盘
13:46:51	17.32	--	2	3464	买盘
13:46:45	17.32	--	2	3464	买盘
13:46:41	17.32	-0.01	93	161076	卖盘
13:46:36	17.33	--	10	17330	买盘
13:46:30	17.33	0.01	27	46790	买盘
13:46:26	17.32	--	188	325616	卖盘
13:46:21	17.32	--	8	13856	卖盘
13:46:15	17.32	-0.01	175	303100	卖盘
13:46:11	17.33	--	73	126508	买盘
13:46:06	17.33	--	2	3465	买盘
13:46:00	17.33	-0.01	42	72786	卖盘
13:45:56	17.34	--	26	45084	买盘
13:45:51	17.34	--	28	48552	买盘
13:45:41	17.34	--	94	162996	买盘
13:45:36	17.34	--	12	21414	卖盘
13:45:30	17.34	--	4	6936	卖盘
13:45:26	17.34	--	43	75689	买盘
13:45:21	17.34	--	8	13872	买盘
13:45:15	17.34	--	11	19074	买盘
13:45:11	17.34	-0.01	625	1084356	卖盘
13:45:06	17.35	--	133	230755	买盘
13:45:00	17.35	--	50	86750	买盘
13:44:56	17.35	--	35	60725	买盘
13:44:51	17.35	0.01	59	102365	买盘
13:44:45	17.34	-0.01	57	98838	卖盘
13:44:41	17.35	0.01	36	62460	买盘
13:44:36	17.34	--	10	17340	卖盘
13:44:26	17.34	--	20	34680	卖盘
13:44:21	17.34	--	351	609761	买盘
13:44:11	17.34	--	42	72828	买盘
13:44:06	17.34	--	0	606	卖盘
13:44:00	17.34	--	5	8670	卖盘
13:43:56	17.34	--	300	520200	卖盘
13:43:51	17.34	0.01	705	1223597	买盘
13:43:45	17.33	-0.01	45	77984	卖盘
13:43:41	17.34	0.01	26	45084	买盘
13:43:36	17.33	--	8	13863	卖盘
13:43:30	17.33	0.01	74	128241	买盘
13:43:21	17.32	-0.01	25	43300	卖盘
13:43:15	17.33	--	1	1732	卖盘
13:43:11	17.33	--	77	133441	卖盘
13:42:56	17.33	--	100	173299	卖盘
13:42:51	17.33	--	20	34660	卖盘
13:42:45	17.33	--	25	43324	卖盘
13:42:41	17.33	--	150	259949	买盘
13:42:36	17.33	0.01	10	17330	买盘
13:42:26	17.32	--	5	8660	卖盘
13:42:21	17.32	--	28	48496	卖盘
13:42:15	17.32	--	12	20784	卖盘
13:42:11	17.32	--	95	164540	卖盘
13:42:06	17.32	-0.01	36	62352	卖盘
13:41:56	17.33	0.01	1	1732	买盘
13:41:51	17.32	-0.01	3	5196	卖盘
13:41:41	17.33	0.02	5	8665	买盘
13:41:36	17.31	-0.01	48	84126	卖盘
13:41:30	17.32	--	13	22516	卖盘
13:41:24	17.32	--	25	43438	买盘
13:41:20	17.32	--	26	45032	买盘
13:41:15	17.32	0.01	85	147220	买盘
13:41:09	17.31	-0.01	15	25964	卖盘
13:41:05	17.32	0.01	88	152416	买盘
13:41:00	17.31	--	85	147135	卖盘
13:40:54	17.31	--	5	8655	卖盘
13:40:45	17.31	-0.01	20	34620	卖盘
13:40:39	17.32	--	2	3464	买盘
13:40:35	17.32	--	1	1732	买盘
13:40:20	17.32	--	4	8521	卖盘
13:40:15	17.32	--	44	76208	卖盘
13:40:09	17.32	--	10	17320	卖盘
13:40:05	17.32	--	132	228624	卖盘
13:40:00	17.32	--	137	237422	卖盘
13:39:54	17.32	--	65	112580	卖盘
13:39:50	17.32	-0.01	24	41568	中性盘
13:39:45	17.33	0.02	118	204493	买盘
13:39:39	17.31	--	0	0	卖盘
13:39:35	17.31	-0.01	175	302925	卖盘
13:39:30	17.32	-0.01	213	368916	卖盘
13:39:24	17.33	--	1	1732	买盘
13:39:20	17.33	0.01	40	69320	买盘
13:39:15	17.32	--	80	138560	卖盘
13:39:09	17.32	-0.01	4	6928	卖盘
13:39:05	17.33	0.01	3	5198	买盘
13:39:00	17.32	--	11	19052	卖盘
13:38:54	17.32	--	40	69280	中性盘
13:38:50	17.32	--	48	83136	买盘
13:38:45	17.32	--	14	24248	买盘
13:38:39	17.32	--	23	39836	买盘
13:38:35	17.32	--	91	157612	买盘
13:38:30	17.32	--	30	51960	买盘
13:38:20	17.32	0.01	323	559436	买盘
13:38:09	17.31	-0.01	26	45006	卖盘
13:38:05	17.32	0.01	33	57156	买盘
13:38:00	17.31	--	2	3461	卖盘
13:37:54	17.31	--	27	46737	卖盘
13:37:50	17.31	--	10	17310	卖盘
13:37:45	17.31	--	13	22503	卖盘
13:37:39	17.31	--	12	20772	卖盘
13:37:35	17.31	--	7	12117	卖盘
13:37:30	17.31	--	13	22503	卖盘
13:37:24	17.31	--	32	55391	买盘
13:37:20	17.31	0.01	17	29426	买盘
13:37:15	17.3	-0.01	6	10380	卖盘
13:37:09	17.31	--	3	5193	买盘
13:37:05	17.31	0.01	13	22503	买盘
13:37:00	17.3	-0.02	302	522460	卖盘
13:36:54	17.32	0.01	321	555972	买盘
13:36:50	17.31	--	20	34620	卖盘
13:36:45	17.31	0.01	191	330621	买盘
13:36:35	17.3	-0.01	25	43250	卖盘
13:36:30	17.31	--	102	176562	买盘
13:36:24	17.31	--	15	25964	买盘
13:36:20	17.31	--	302	522761	卖盘
13:36:15	17.31	--	1	1730	卖盘
13:36:09	17.31	-0.01	16	27695	卖盘
13:36:05	17.32	0.01	16	27712	买盘
13:36:00	17.31	--	15	25964	卖盘
13:35:50	17.31	--	20	34620	卖盘
13:35:35	17.31	-0.01	1	1730	卖盘
13:35:20	17.32	0.01	63	109116	买盘
13:35:15	17.31	--	11	19041	卖盘
13:35:05	17.31	-0.01	65	112514	卖盘
13:34:54	17.32	0.01	23	39836	买盘
13:34:50	17.31	--	7	12117	卖盘
13:34:45	17.31	--	9	15578	卖盘
13:34:33	17.31	-0.01	1	1730	卖盘
13:34:30	17.32	--	25	43300	买盘
13:34:24	17.32	--	32	55424	买盘
13:34:18	17.32	0.01	20	34640	买盘
13:34:14	17.31	--	27	46737	卖盘
13:34:09	17.31	-0.01	45	77895	卖盘
13:33:59	17.32	--	97	168004	买盘
13:33:54	17.32	0.01	18	31176	买盘
13:33:48	17.31	--	50	86550	卖盘
13:33:44	17.31	--	104	180024	卖盘
13:33:33	17.31	-0.01	20	34620	卖盘
13:33:29	17.32	--	113	195716	买盘
13:33:24	17.32	--	7	12124	买盘
13:33:14	17.32	--	4	6928	买盘
13:33:09	17.32	0.01	1	1732	买盘
13:33:03	17.31	--	4	6923	卖盘
13:32:59	17.31	-0.01	20	34620	中性盘
13:32:54	17.32	0.01	277	479764	买盘
13:32:39	17.31	--	49	84819	卖盘
13:32:33	17.31	0.01	38	65778	卖盘
13:32:29	17.3	-0.02	211	365030	卖盘
13:32:24	17.32	--	183	316956	买盘
13:32:18	17.32	--	10	17320	买盘
13:32:14	17.32	--	10	17320	买盘
13:32:09	17.32	-0.01	48	83136	卖盘
13:32:03	17.33	0.01	80	138640	买盘
13:31:59	17.32	-0.01	211	365452	卖盘
13:31:54	17.33	0.01	15	25994	买盘
13:31:48	17.32	--	178	308296	卖盘
13:31:44	17.32	--	15	25980	卖盘
13:31:39	17.32	-0.01	11	19052	卖盘
13:31:33	17.33	--	10	17330	买盘
13:31:24	17.33	--	30	51989	买盘
13:31:18	17.33	--	351	608282	卖盘
13:31:14	17.33	-0.01	59	102246	卖盘
13:31:09	17.34	--	76	131784	买盘
13:31:03	17.34	0.01	26	45084	买盘
13:30:59	17.33	--	87	150770	卖盘
13:30:48	17.33	--	40	69320	卖盘
13:30:44	17.33	--	85	147305	买盘
13:30:39	17.33	--	6	10397	买盘
13:30:33	17.33	--	79	136907	卖盘
13:30:29	17.33	-0.01	22	38125	卖盘
13:30:24	17.34	0.01	45	78030	买盘
13:30:18	17.33	-0.01	300	519899	卖盘
13:30:14	17.34	--	7	12138	买盘
13:30:09	17.34	0.01	10	17340	买盘
13:29:59	17.33	--	85	147305	卖盘
13:29:54	17.33	-0.01	4	6931	卖盘
13:29:48	17.34	--	215	372810	卖盘
13:29:44	17.34	--	10	17340	卖盘
13:29:39	17.34	--	78	135252	卖盘
13:29:33	17.34	--	20	34680	卖盘
13:29:29	17.34	--	212	367608	买盘
13:29:24	17.34	0.01	19	32946	买盘
13:29:18	17.33	-0.02	35	60654	卖盘
13:29:14	17.35	0.01	333	577755	买盘
13:29:09	17.34	--	298	516732	卖盘
13:29:03	17.34	--	114	197676	卖盘
13:28:59	17.34	-0.01	154	267036	卖盘
13:28:54	17.35	--	267	463245	买盘
13:28:48	17.35	0.01	13	22555	买盘
13:28:44	17.34	--	48	83232	卖盘
13:28:39	17.34	-0.01	252	436968	卖盘
13:28:33	17.35	0.01	7	12145	买盘
13:28:29	17.34	--	186	322524	卖盘
13:28:24	17.34	--	83	143922	买盘
13:28:18	17.34	--	41	71094	买盘
13:28:14	17.34	-0.01	151	261834	卖盘
13:28:09	17.35	0.01	349	605515	中性盘
13:28:03	17.34	--	575	997050	卖盘
13:27:54	17.34	--	25	43350	卖盘
13:27:48	17.34	--	368	638112	买盘
13:27:42	17.34	--	65	112710	买盘
13:27:39	17.34	0.01	9	15606	买盘
13:27:23	17.33	--	156	270348	卖盘
13:27:18	17.33	-0.01	120	207959	卖盘
13:27:12	17.34	--	11	19074	买盘
13:27:08	17.34	0.01	225	390150	买盘
13:27:03	17.33	--	362	627345	卖盘
13:26:57	17.33	--	31	53722	卖盘
13:26:53	17.33	-0.01	84	145572	卖盘
13:26:48	17.34	--	54	93636	买盘
13:26:38	17.34	--	14	24276	买盘
13:26:33	17.34	--	139	241026	卖盘
13:26:23	17.34	--	303	525402	卖盘
13:26:18	17.34	--	38	65892	买盘
13:26:12	17.34	--	69	119646	买盘
13:26:08	17.34	--	20	34680	买盘
13:26:03	17.34	--	5	8670	买盘
13:25:53	17.34	0.01	24	41616	买盘
13:25:48	17.33	--	24	41591	卖盘
13:25:42	17.33	-0.01	33	57188	卖盘
13:25:38	17.34	--	5	8670	买盘
13:25:33	17.34	0.01	55	95370	买盘
13:25:23	17.33	--	15	25994	卖盘
13:25:18	17.33	--	81	140373	买盘
13:25:12	17.33	0.01	8	13863	买盘
13:25:08	17.32	-0.01	22	38104	卖盘
13:25:03	17.33	0.01	35	60654	买盘
13:24:57	17.32	--	1	1732	卖盘
13:24:53	17.32	--	50	86600	卖盘
13:24:42	17.32	--	90	155880	买盘
13:24:38	17.32	--	65	112580	买盘
13:24:33	17.32	--	10	17320	买盘
13:24:27	17.32	--	5	8660	买盘
13:24:23	17.32	--	14	24248	买盘
13:24:18	17.32	--	12	20784	买盘
13:24:12	17.32	0.01	37	64084	卖盘
13:24:03	17.31	-0.01	175	302925	卖盘
13:23:57	17.32	0.01	32	55424	买盘
13:23:42	17.31	--	11	19041	卖盘
13:23:38	17.31	--	36	62315	买盘
13:23:33	17.31	--	36	62315	买盘
13:23:27	17.31	0.01	41	70971	买盘
13:23:23	17.3	--	133	230090	卖盘
13:23:18	17.3	--	8	13840	卖盘
13:22:53	17.3	0.01	105	181650	买盘
13:22:48	17.29	--	148	255892	卖盘
13:22:42	17.29	-0.01	87	150423	卖盘
13:22:38	17.3	--	7	12110	买盘
13:22:33	17.3	--	68	117640	买盘
13:22:23	17.3	--	34	58820	买盘
13:22:18	17.3	--	5	8650	买盘
13:22:08	17.3	--	29	50170	买盘
13:22:03	17.3	--	63	108990	买盘
13:21:57	17.3	0.01	3	5190	买盘
13:21:53	17.29	--	2	3458	卖盘
13:21:48	17.29	--	202	349258	卖盘
13:21:42	17.29	--	105	181545	卖盘
13:21:38	17.29	-0.01	2	3458	卖盘
13:21:33	17.3	--	50	86500	买盘
13:21:27	17.3	--	96	166080	买盘
13:21:18	17.3	-0.01	201	347730	卖盘
13:21:06	17.31	--	5	8655	卖盘
13:21:03	17.31	--	1	1730	买盘
13:20:57	17.31	--	10	17310	买盘
13:20:47	17.31	-0.02	39	67509	卖盘
13:20:36	17.33	--	4	6931	买盘
13:20:32	17.33	--	65	112644	买盘
13:20:27	17.33	0.03	213	369128	买盘
13:20:21	17.3	-0.03	1172	2027560	卖盘
13:20:12	17.33	--	2	3465	卖盘
13:20:02	17.33	0.01	50	86649	买盘
13:19:57	17.32	--	10	17320	卖盘
13:19:51	17.32	-0.01	104	180128	卖盘
13:19:47	17.33	--	10	17330	卖盘
13:19:42	17.33	--	6	10397	买盘
13:19:36	17.33	--	13	22528	买盘
13:19:27	17.33	0.01	18	31193	买盘
13:19:21	17.32	-0.01	51	88332	卖盘
13:19:17	17.33	--	27	46790	买盘
13:19:12	17.33	--	1	1732	买盘
13:19:02	17.33	--	205	355264	买盘
13:18:57	17.33	-0.01	94	162901	卖盘
13:18:47	17.34	--	11	19074	买盘
13:18:42	17.34	--	12	20808	买盘
13:18:36	17.34	--	25	43350	买盘
13:18:32	17.34	0.01	151	261834	买盘
13:18:27	17.33	-0.01	14	24261	卖盘
13:18:21	17.34	0.01	11	19074	买盘
13:18:17	17.33	-0.01	55	95314	卖盘
13:18:12	17.34	--	13	22542	买盘
13:18:06	17.34	--	1	1734	买盘
13:18:02	17.34	--	204	353736	卖盘
13:17:57	17.34	--	24	41616	卖盘
13:17:51	17.34	0.01	37	64158	买盘
13:17:47	17.33	-0.01	5	8665	卖盘
13:17:42	17.34	--	16	27744	买盘
13:17:36	17.34	--	2	3468	买盘
13:17:32	17.34	--	100	173400	买盘
13:17:27	17.34	0.01	21	36414	买盘
13:17:17	17.33	--	55	95314	卖盘
13:17:12	17.33	--	29	50256	卖盘
13:17:06	17.33	-0.01	20	34660	卖盘
13:17:02	17.34	--	6	10404	买盘
13:16:57	17.34	0.01	108	187272	买盘
13:16:47	17.33	-0.01	23	39858	卖盘
13:16:42	17.34	0.01	119	206346	买盘
13:16:36	17.33	--	62	107445	卖盘
13:16:32	17.33	--	94	162901	卖盘
13:16:27	17.33	-0.01	61	105712	卖盘
13:16:21	17.34	--	4	6936	买盘
13:16:17	17.34	--	397	688398	买盘
13:16:12	17.34	--	164	284376	买盘
13:16:06	17.34	--	12	20808	卖盘
13:16:02	17.34	-0.01	257	445638	卖盘
13:15:57	17.35	0.01	24	41640	买盘
13:15:51	17.34	--	18	31212	卖盘
13:15:47	17.34	-0.01	300	520200	卖盘
13:15:42	17.35	0.01	58	100630	买盘
13:15:36	17.34	--	45	78030	卖盘
13:15:32	17.34	--	250	433500	卖盘
13:15:27	17.34	--	369	639846	买盘
13:15:21	17.34	0.01	34	58956	买盘
13:15:17	17.33	--	1	1732	卖盘
13:15:12	17.33	--	16	27727	买盘
13:15:06	17.33	--	28	48523	买盘
13:15:02	17.33	0.01	131	227022	买盘
13:14:57	17.32	-0.01	367	635644	卖盘
13:14:51	17.33	--	34	58921	买盘
13:14:45	17.33	--	520	901159	买盘
13:14:42	17.33	0.01	75	131361	买盘
13:14:36	17.32	--	75	129900	买盘
13:14:30	17.32	0.01	7	12124	买盘
13:14:27	17.31	--	95	164445	买盘
13:14:21	17.31	--	46	79626	买盘
13:14:11	17.31	--	25	43275	买盘
13:14:06	17.31	0.01	150	259649	买盘
13:14:00	17.3	0.01	193	333890	买盘
13:13:56	17.29	--	100	172900	卖盘
13:13:51	17.29	0.01	554	957866	买盘
13:13:45	17.28	-0.01	60	103680	卖盘
13:13:41	17.29	0.01	98	169442	买盘
13:13:36	17.28	--	20	34560	卖盘
13:13:26	17.28	--	57	98496	买盘
13:13:21	17.28	--	218	376704	买盘
13:13:15	17.28	--	4	6912	买盘
13:13:11	17.28	--	5	8640	买盘
13:13:06	17.28	0.01	104	179712	买盘
13:12:56	17.27	--	22	37994	卖盘
13:12:51	17.27	--	9	15543	买盘
13:12:45	17.27	--	8	13816	买盘
13:12:41	17.27	--	323	557821	卖盘
13:12:36	17.27	-0.01	20	34540	卖盘
13:12:30	17.28	--	40	69120	买盘
13:12:26	17.28	--	40	69120	买盘
13:12:21	17.28	--	31	53568	买盘
13:12:15	17.28	--	20	34560	买盘
13:12:11	17.28	--	36	62208	买盘
13:12:06	17.28	-0.01	46	79488	卖盘
13:12:00	17.29	0.01	33	57057	买盘
13:11:56	17.28	--	27	46656	买盘
13:11:51	17.28	--	169	292032	买盘
13:11:41	17.28	0.01	127	219456	买盘
13:11:36	17.27	--	20	34540	卖盘
13:11:30	17.27	0.01	50	86350	买盘
13:11:26	17.26	--	3	5178	卖盘
13:11:21	17.26	-0.01	88	151888	卖盘
13:11:15	17.27	--	9	15543	卖盘
13:11:11	17.27	--	85	146795	买盘
13:11:06	17.27	0.01	40	69080	买盘
13:10:56	17.26	--	120	207120	卖盘
13:10:51	17.26	-0.01	5	8630	卖盘
13:10:45	17.27	0.01	10	17270	买盘
13:10:36	17.26	-0.01	26	44876	卖盘
13:10:30	17.27	0.01	74	127798	买盘
13:10:26	17.26	--	11	18986	卖盘
13:10:21	17.26	-0.01	72	124272	卖盘
13:10:15	17.27	--	5	8635	买盘
13:10:11	17.27	--	97	167519	买盘
13:10:06	17.27	--	22	37994	买盘
13:10:00	17.27	0.01	65	112255	买盘
13:09:56	17.26	--	525	906150	卖盘
13:09:51	17.26	-0.01	21	36246	卖盘
13:09:45	17.27	0.01	74	127798	买盘
13:09:41	17.26	-0.01	47	81122	卖盘
13:09:36	17.27	--	26	44902	买盘
13:09:26	17.27	-0.01	105	181335	卖盘
13:09:21	17.28	0.01	5	8640	买盘
13:09:15	17.27	-0.01	44	75988	卖盘
13:09:11	17.28	0.01	3	5184	买盘
13:08:56	17.27	-0.01	12	20724	卖盘
13:08:39	17.28	0.02	45	77760	买盘
13:08:36	17.26	-0.02	430	742180	卖盘
13:08:30	17.28	--	1	1728	买盘
13:08:21	17.28	0.01	48	82944	买盘
13:08:15	17.27	-0.01	341	588907	卖盘
13:08:06	17.28	--	53	91584	买盘
13:08:00	17.28	--	7	12096	买盘
13:07:54	17.28	--	20	34560	买盘
13:07:51	17.28	--	15	25920	买盘
13:07:45	17.28	--	42	72576	买盘
13:07:39	17.28	--	7	12096	买盘
13:07:35	17.28	--	35	60480	买盘
13:07:30	17.28	--	22	38016	买盘
13:07:24	17.28	--	5	8640	买盘
13:07:20	17.28	--	37	63936	买盘
13:07:15	17.28	--	1	1728	买盘
13:07:05	17.28	--	35	60480	买盘
13:07:00	17.28	0.01	8	13824	买盘
13:06:54	17.27	-0.01	49	84623	卖盘
13:06:50	17.28	0.01	33	57024	买盘
13:06:45	17.27	--	75	129525	卖盘
13:06:39	17.27	--	13	22451	卖盘
13:06:35	17.27	-0.01	37	63899	卖盘
13:06:24	17.28	--	21	36288	买盘
13:06:20	17.28	0.01	50	86400	买盘
13:06:09	17.27	-0.01	12	20724	卖盘
13:06:05	17.28	0.01	17	29376	买盘
13:06:00	17.27	--	8	13816	卖盘
13:05:50	17.27	--	12	20724	卖盘
13:05:45	17.27	0.01	182	314314	买盘
13:05:39	17.26	-0.01	26	44876	卖盘
13:05:35	17.27	--	21	36267	卖盘
13:05:30	17.27	-0.01	16	27632	卖盘
13:05:15	17.28	0.01	13	22464	买盘
13:05:09	17.27	0.01	13	22451	中性盘
13:05:05	17.26	-0.02	100	172600	卖盘
13:04:54	17.28	0.01	115	198720	买盘
13:04:50	17.27	--	64	110528	买盘
13:04:45	17.27	-0.01	237	409299	卖盘
13:04:39	17.28	--	24	41472	卖盘
13:04:30	17.28	--	238	411264	买盘
13:04:20	17.28	0.01	57	98496	买盘
13:04:15	17.27	-0.01	26	44902	卖盘
13:03:50	17.28	--	236	407808	卖盘
13:03:45	17.28	--	26	44928	卖盘
13:03:39	17.28	--	1	1728	卖盘
13:03:35	17.28	-0.01	40	69120	卖盘
13:03:30	17.29	--	8	13832	买盘
13:03:20	17.29	--	5	8645	买盘
13:03:15	17.29	--	31	53599	买盘
13:03:00	17.29	--	29	50141	卖盘
13:02:50	17.29	--	1	1729	卖盘
13:02:35	17.29	--	69	119301	卖盘
13:02:24	17.29	-0.01	22	38038	卖盘
13:02:20	17.3	--	16	27680	买盘
13:02:15	17.3	0.01	10	17300	买盘
13:02:09	17.29	--	51	88179	卖盘
13:02:05	17.29	-0.01	1	1729	卖盘
13:02:00	17.3	--	35	60550	买盘
13:01:54	17.3	0.01	7	12110	买盘
13:01:45	17.29	-0.01	125	216125	卖盘
13:01:39	17.3	0.01	2	3460	买盘
13:01:35	17.29	--	55	95095	卖盘
13:01:30	17.29	-0.01	27	46683	卖盘
13:01:24	17.3	--	26	44980	买盘
13:01:15	17.3	-0.01	19	32870	中性盘
13:01:09	17.31	--	25	43275	买盘
13:01:03	17.31	0.01	48	83088	买盘
13:00:59	17.3	-0.01	125	216250	卖盘
13:00:54	17.31	--	5	8655	买盘
13:00:44	17.31	--	162	280422	买盘
13:00:39	17.31	--	8	13847	买盘
13:00:29	17.31	--	8	13847	买盘
13:00:18	17.31	0.01	20	34620	买盘
13:00:14	17.3	--	5	8650	卖盘
13:00:09	17.3	-0.01	962	1664260	卖盘
13:00:03	17.31	0.02	446	772026	买盘
11:30:00	17.29	--	0	0	卖盘
11:30:00	17.29	--	0	0	卖盘
11:29:59	17.29	-0.01	1	1729	卖盘
11:29:56	17.3	--	68	117640	买盘
11:29:51	17.3	0.01	58	100340	买盘
11:29:45	17.29	--	50	86450	卖盘
11:29:41	17.29	--	3	5187	卖盘
11:29:36	17.29	--	5	8645	卖盘
11:29:30	17.29	--	35	60515	卖盘
11:29:21	17.29	--	47	81263	买盘
11:29:15	17.29	--	11	19019	买盘
11:29:11	17.29	--	98	169442	买盘
11:29:06	17.29	--	55	95095	买盘
11:29:00	17.29	--	27	46683	买盘
11:28:56	17.29	--	77	133133	买盘
11:28:51	17.29	--	44	76076	买盘
11:28:41	17.29	-0.01	228	394212	卖盘
11:28:36	17.3	0.01	196	339080	买盘
11:28:30	17.29	-0.01	7	12103	卖盘
11:28:21	17.3	--	10	17300	买盘
11:28:15	17.3	--	34	58820	卖盘
11:28:11	17.3	-0.01	4	6920	卖盘
11:28:06	17.31	0.02	15	25964	买盘
11:28:00	17.29	-0.01	122	210938	卖盘
11:27:56	17.3	--	50	86500	卖盘
11:27:51	17.3	--	9	15570	买盘
11:27:45	17.3	0.01	17	29410	买盘
11:27:41	17.29	-0.01	103	178087	卖盘
11:27:36	17.3	0.01	54	93420	买盘
11:27:30	17.29	--	110	190190	卖盘
11:27:26	17.29	-0.01	267	461643	卖盘
11:27:21	17.3	0.01	228	394440	买盘
11:27:15	17.29	-0.01	36	62244	卖盘
11:27:11	17.3	--	26	44980	买盘
11:27:06	17.3	--	41	70930	买盘
11:27:00	17.3	--	145	250850	买盘
11:26:56	17.3	--	26	44980	买盘
11:26:51	17.3	--	18	31140	买盘
11:26:45	17.3	0.01	23	39790	买盘
11:26:41	17.29	-0.01	7	12103	卖盘
11:26:36	17.3	--	20	34600	买盘
11:26:25	17.3	0.01	423	731790	买盘
11:26:20	17.29	-0.01	172	297388	卖盘
11:26:15	17.3	--	11	19030	买盘
11:26:11	17.3	0.01	1	1730	买盘
11:26:05	17.29	--	353	610337	买盘
11:26:00	17.29	--	8	13832	买盘
11:25:55	17.29	--	59	102011	买盘
11:25:50	17.29	--	201	347529	买盘
11:25:40	17.29	0.01	107	185003	买盘
11:25:35	17.28	-0.01	2	3456	卖盘
11:25:30	17.29	0.01	133	229957	买盘
11:25:25	17.28	-0.01	8	13824	卖盘
11:25:20	17.29	0.01	49	84721	买盘
11:25:15	17.28	-0.01	30	51840	卖盘
11:25:11	17.29	0.01	6	10374	买盘
11:25:05	17.28	--	15	25920	卖盘
11:25:00	17.28	--	40	69120	卖盘
11:24:54	17.28	--	1	1728	买盘
11:24:50	17.28	--	54	93312	买盘
11:24:39	17.28	0.01	6	10368	中性盘
11:24:35	17.27	-0.01	104	179608	卖盘
11:24:30	17.28	0.01	73	126144	买盘
11:24:24	17.27	-0.01	10	17270	卖盘
11:24:20	17.28	--	156	269568	买盘
11:24:15	17.28	0.01	373	644544	买盘
11:24:09	17.27	-0.01	46	79442	卖盘
11:24:05	17.28	0.01	72	124416	买盘
11:24:00	17.27	0.01	17	29359	买盘
11:23:54	17.26	--	20	34520	卖盘
11:23:50	17.26	--	3	5178	卖盘
11:23:45	17.26	-0.01	83	143258	卖盘
11:23:39	17.27	0.01	1	1727	买盘
11:23:35	17.26	0.01	160	276160	卖盘
11:23:24	17.25	-0.02	5	8625	卖盘
11:23:20	17.27	0.01	78	134706	买盘
11:23:15	17.26	0.01	9	15534	买盘
11:23:09	17.25	-0.02	43	74175	卖盘
11:23:05	17.27	0.02	1	1727	买盘
11:23:00	17.25	-0.01	33	56925	卖盘
11:22:54	17.26	--	8	13808	买盘
11:22:50	17.26	--	33	56958	买盘
11:22:45	17.26	--	20	34520	买盘
11:22:39	17.26	--	116	200216	卖盘
11:22:35	17.26	-0.01	38	65588	卖盘
11:22:30	17.27	--	31	53537	买盘
11:22:24	17.27	--	48	82896	买盘
11:22:20	17.27	--	27	46629	买盘
11:22:15	17.27	-0.01	319	550913	卖盘
11:22:09	17.28	--	1	1728	买盘
11:22:05	17.28	0.01	41	70848	买盘
11:22:00	17.27	-0.01	21	36267	卖盘
11:21:54	17.28	-0.01	53	91584	买盘
11:21:50	17.29	0.01	69	119301	买盘
11:21:45	17.28	--	2	3456	中性盘
11:21:39	17.28	--	5	8640	卖盘
11:21:35	17.28	0.01	48	82944	中性盘
11:21:30	17.27	--	40	69080	卖盘
11:21:24	17.27	--	77	132979	卖盘
11:21:20	17.27	-0.01	65	112255	卖盘
11:21:15	17.28	--	568	981504	买盘
11:21:09	17.28	--	31	53568	买盘
11:21:05	17.28	--	74	127872	买盘
11:21:00	17.28	0.01	6	10368	买盘
11:20:54	17.27	--	50	86350	卖盘
11:20:50	17.27	--	110	189970	买盘
11:20:45	17.27	--	1	1727	买盘
11:20:39	17.27	0.01	10	17270	买盘
11:20:35	17.26	--	111	191586	卖盘
11:20:30	17.26	-0.01	5	8630	卖盘
11:20:24	17.27	--	15	25905	买盘
11:20:19	17.27	0.01	57	98439	买盘
11:20:15	17.26	-0.01	5	8630	卖盘
11:20:09	17.27	0.01	52	89804	买盘
11:20:05	17.26	--	34	58684	卖盘
11:20:00	17.26	--	33	56958	买盘
11:19:54	17.26	--	53	91478	买盘
11:19:50	17.26	--	3	5178	买盘
11:19:45	17.26	--	17	29342	买盘
11:19:39	17.26	--	10	17260	买盘
11:19:34	17.26	--	42	72492	买盘
11:19:29	17.26	--	14	24164	买盘
11:19:24	17.26	-0.01	97	167422	卖盘
11:19:20	17.27	--	75	129525	买盘
11:19:14	17.27	--	4	6908	买盘
11:19:04	17.27	0.01	42	72534	买盘
11:18:59	17.26	-0.01	5	8630	卖盘
11:18:54	17.27	--	3	5578	卖盘
11:18:49	17.27	0.01	95	165394	买盘
11:18:44	17.26	-0.01	249	429774	卖盘
11:18:39	17.27	--	5	8635	买盘
11:18:34	17.27	--	3	5181	买盘
11:18:29	17.27	--	30	51810	买盘
11:18:24	17.27	0.01	389	671803	买盘
11:18:18	17.26	-0.02	10	17260	卖盘
11:18:14	17.28	0.01	68	117504	买盘
11:18:09	17.27	--	72	124344	买盘
11:18:03	17.27	--	240	414480	买盘
11:17:59	17.27	--	15	25905	卖盘
11:17:54	17.27	-0.01	200	345400	卖盘
11:17:44	17.28	0.01	290	501120	买盘
11:17:39	17.27	-0.01	11	18997	卖盘
11:17:33	17.28	--	14	24192	买盘
11:17:29	17.28	--	41	70848	买盘
11:17:24	17.28	--	41	70848	买盘
11:17:14	17.28	--	182	314496	买盘
11:17:09	17.28	--	20	34560	买盘
11:17:03	17.28	--	50	86400	买盘
11:16:59	17.28	--	11	19008	买盘
11:16:54	17.28	--	38	65664	买盘
11:16:48	17.28	0.01	102	176256	买盘
11:16:44	17.27	-0.01	12	20724	卖盘
11:16:39	17.28	--	14	24192	买盘
11:16:33	17.28	0.01	2	3456	买盘
11:16:29	17.27	0.01	363	626901	买盘
11:16:24	17.26	-0.01	70	120820	卖盘
11:16:18	17.27	--	40	69080	买盘
11:16:14	17.27	--	146	252142	买盘
11:16:09	17.27	--	1	1727	买盘
11:15:59	17.27	0.01	15	25905	买盘
11:15:48	17.26	--	10	17260	卖盘
11:15:44	17.26	-0.01	72	124272	卖盘
11:15:39	17.27	--	24	41448	买盘
11:15:33	17.27	0.01	15	25905	买盘
11:15:29	17.26	-0.01	23	39698	卖盘
11:15:24	17.27	0.01	126	217602	买盘
11:15:18	17.26	--	2	3452	买盘
11:15:14	17.26	-0.01	63	108738	卖盘
11:15:09	17.27	0.01	30	51810	买盘
11:15:03	17.26	--	24	41424	卖盘
11:14:59	17.26	--	0	0	中性盘
11:14:54	17.26	--	40	69040	买盘
11:14:47	17.26	--	16	27616	买盘
11:14:44	17.26	0.01	397	685222	买盘
11:14:39	17.25	--	64	110400	卖盘
11:14:33	17.25	--	16	27600	卖盘
11:14:29	17.25	--	68	117300	买盘
11:14:24	17.25	--	58	100050	买盘
11:14:18	17.25	--	74	127650	卖盘
11:14:14	17.25	0.01	87	150075	买盘
11:14:09	17.24	-0.01	65	112059	卖盘
11:14:03	17.25	--	63	108675	买盘
11:13:59	17.25	--	24	41400	买盘
11:13:54	17.25	--	16	27600	买盘
11:13:48	17.25	--	23	39675	买盘
11:13:44	17.25	--	69	119025	卖盘
11:13:39	17.25	--	31	53475	卖盘
11:13:28	17.25	-0.01	18	31050	卖盘
11:13:24	17.26	--	28	48328	买盘
11:13:18	17.26	--	11	18986	买盘
11:13:13	17.26	--	18	31068	买盘
11:13:09	17.26	--	6	10356	卖盘
11:12:58	17.26	--	55	94930	卖盘
11:12:53	17.26	-0.01	8	13808	卖盘
11:12:48	17.27	--	10	17270	买盘
11:12:43	17.27	0.01	1	1727	买盘
11:12:38	17.26	--	31	53506	卖盘
11:12:33	17.26	--	46	79396	卖盘
11:12:28	17.26	0.01	500	863000	买盘
11:12:23	17.25	--	230	396750	卖盘
11:12:13	17.25	--	40	69000	买盘
11:12:08	17.25	--	61	105225	买盘
11:12:03	17.25	--	15	26875	买盘
11:11:58	17.25	--	132	227700	买盘
11:11:53	17.25	0.01	18	31050	买盘
11:11:48	17.24	-0.01	122	210327	卖盘
11:11:42	17.25	0.01	9	15525	买盘
11:11:38	17.24	-0.01	40	68960	卖盘
11:11:33	17.25	0.01	540	931500	买盘
11:11:23	17.24	--	94	162055	买盘
11:11:18	17.24	--	38	65511	买盘
11:11:12	17.24	--	597	1029227	买盘
11:11:08	17.24	--	45	77580	买盘
11:11:03	17.24	--	100	172399	卖盘
11:10:57	17.24	-0.01	65	112059	卖盘
11:10:53	17.25	--	14	24150	买盘
11:10:48	17.25	0.01	90	155250	买盘
11:10:42	17.24	--	4	6895	买盘
11:10:38	17.24	0.01	59	101715	买盘
11:10:33	17.23	-0.01	212	365999	卖盘
11:10:27	17.24	--	28	48271	卖盘
11:10:23	17.24	0.01	260	449239	买盘
11:10:18	17.23	0.01	56	96488	买盘
11:10:12	17.22	--	48	82656	卖盘
11:10:08	17.22	-0.01	149	256577	卖盘
11:10:03	17.23	--	64	110272	买盘
11:09:57	17.23	0.01	350	603050	买盘
11:09:53	17.22	-0.02	1286	2214492	卖盘
11:09:48	17.24	--	99	170675	买盘
11:09:42	17.24	0.01	247	425827	买盘
11:09:38	17.23	-0.01	85	146455	卖盘
11:09:33	17.24	0.01	71	122403	买盘
11:09:27	17.23	--	72	124056	卖盘
11:09:23	17.23	-0.01	306	527238	卖盘
11:09:18	17.24	--	240	413759	买盘
11:09:11	17.24	--	220	379279	卖盘
11:09:08	17.24	--	97	167227	卖盘
11:09:03	17.24	--	384	662015	卖盘
11:08:57	17.24	--	296	510303	买盘
11:08:53	17.24	--	72	124127	买盘
11:08:48	17.24	--	13	22411	买盘
11:08:42	17.24	--	10	17240	买盘
11:08:38	17.24	--	49	84475	卖盘
11:08:33	17.24	--	96	165503	卖盘
11:08:27	17.24	--	167	287908	买盘
11:08:23	17.24	--	96	165503	买盘
11:08:18	17.24	--	154	265496	买盘
11:08:12	17.24	--	48	82751	卖盘
11:08:08	17.24	--	348	599952	买盘
11:08:03	17.24	--	111	191363	买盘
11:07:57	17.24	-0.01	145	249979	卖盘
11:07:53	17.25	0.01	262	451950	买盘
11:07:48	17.24	-0.01	55	94819	卖盘
11:07:42	17.25	--	2	3450	买盘
11:07:38	17.25	--	22	37950	买盘
11:07:33	17.25	--	190	328146	卖盘
11:07:27	17.25	--	23	39675	卖盘
11:07:23	17.25	--	32	55200	卖盘
11:07:18	17.25	--	155	267375	卖盘
11:07:12	17.25	--	5	8625	卖盘
11:07:08	17.25	--	44	75900	卖盘
11:07:03	17.25	-0.01	177	305325	卖盘
11:06:57	17.26	--	51	88026	买盘
11:06:52	17.26	0.01	73	125998	买盘
11:06:47	17.25	--	83	143175	卖盘
11:06:42	17.25	-0.01	3	5175	卖盘
11:06:37	17.26	0.01	220	379720	买盘
11:06:33	17.25	-0.01	99	170775	卖盘
11:06:27	17.26	--	2	3452	买盘
11:06:22	17.26	--	372	642072	卖盘
11:06:17	17.26	--	11	18986	卖盘
11:06:12	17.26	--	16	27616	卖盘
11:06:07	17.26	-0.01	228	393528	卖盘
11:06:02	17.27	0.01	20	34540	买盘
11:05:57	17.26	--	1	1726	卖盘
11:05:52	17.26	-0.01	59	101834	卖盘
11:05:47	17.27	0.01	11	18997	买盘
11:05:41	17.26	--	7	12082	卖盘
11:05:37	17.26	--	97	167422	买盘
11:05:32	17.26	-0.01	7	12082	买盘
11:05:22	17.27	0.02	148	255596	买盘
11:05:17	17.25	-0.01	18	31050	卖盘
11:05:12	17.26	--	3	5178	买盘
11:05:06	17.26	--	161	277886	卖盘
11:05:02	17.26	-0.01	23	39698	卖盘
11:04:57	17.27	--	6	10362	买盘
11:04:51	17.27	--	6	10362	买盘
11:04:47	17.27	--	5	8635	买盘
11:04:42	17.27	--	18	31086	卖盘
11:04:36	17.27	--	70	120890	卖盘
11:04:32	17.27	--	67	115709	卖盘
11:04:27	17.27	--	109	188243	卖盘
11:04:21	17.27	--	50	86350	卖盘
11:04:12	17.27	-0.01	203	350581	卖盘
11:04:06	17.28	0.01	17	29376	买盘
11:04:02	17.27	-0.01	15	25905	卖盘
11:03:56	17.28	--	33	57024	买盘
11:03:51	17.28	0.01	5	8640	买盘
11:03:42	17.27	--	37	63899	卖盘
11:03:36	17.27	--	5	8635	卖盘
11:03:32	17.27	--	10	17270	卖盘
11:03:27	17.27	--	521	899767	卖盘
11:03:17	17.27	-0.01	59	101893	卖盘
11:03:12	17.28	0.01	52	89856	买盘
11:03:02	17.27	0.01	43	74261	中性盘
11:02:57	17.26	-0.01	121	208846	卖盘
11:02:51	17.27	--	11	18997	买盘
11:02:47	17.27	--	120	207240	买盘
11:02:42	17.27	-0.01	172	297044	买盘
11:02:35	17.28	0.02	24	41472	买盘
11:02:32	17.26	-0.01	113	195038	卖盘
11:02:26	17.27	0.01	29	50083	买盘
11:02:21	17.26	-0.01	33	56958	卖盘
11:02:17	17.27	--	149	257323	卖盘
11:02:12	17.27	--	105	181335	卖盘
11:02:02	17.27	--	18	31086	卖盘
11:01:57	17.27	--	146	252142	买盘
11:01:51	17.27	--	5	8635	买盘
11:01:47	17.27	0.01	143	246961	买盘
11:01:41	17.26	-0.01	22	37972	卖盘
11:01:36	17.27	0.01	6	10362	买盘
11:01:32	17.26	--	208	359008	卖盘
11:01:26	17.26	--	13	22438	卖盘
11:01:17	17.26	--	266	459116	卖盘
11:01:12	17.26	--	20	34520	买盘
11:01:06	17.26	-0.01	26	44876	买盘
11:01:02	17.27	0.01	3	5181	买盘
11:00:57	17.26	--	28	48328	卖盘
11:00:50	17.26	-0.01	143	246818	中性盘
11:00:47	17.27	0.01	210	362670	买盘
11:00:42	17.26	--	117	201942	卖盘
11:00:36	17.26	-0.01	30	51780	卖盘
11:00:32	17.27	--	109	188243	买盘
11:00:27	17.27	--	21	36267	买盘
11:00:16	17.27	--	43	74261	买盘
11:00:11	17.27	0.01	17	29359	买盘
11:00:06	17.26	0.01	26	44876	卖盘
11:00:01	17.25	-0.01	54	93150	卖盘
10:59:57	17.26	0.01	140	242969	买盘
10:59:51	17.25	0.01	8	13800	卖盘
10:59:46	17.24	--	42	72408	卖盘
10:59:42	17.24	--	803	1384371	卖盘
10:59:36	17.24	--	231	398243	买盘
10:59:31	17.24	--	353	608572	买盘
10:59:26	17.24	-0.01	875	1508499	卖盘
10:59:21	17.25	0.01	77	132825	买盘
10:59:16	17.24	0.01	86	148264	卖盘
10:59:11	17.23	--	206	354938	卖盘
10:59:01	17.23	--	338	582374	卖盘
10:58:56	17.23	-0.01	142	244666	卖盘
10:58:46	17.24	--	116	199983	卖盘
10:58:41	17.24	--	113	194811	卖盘
10:58:36	17.24	--	112	193087	卖盘
10:58:30	17.24	--	14	24135	卖盘
10:58:26	17.24	--	130	224119	卖盘
10:58:21	17.24	-0.01	70	120679	卖盘
10:58:14	17.25	--	5	8625	买盘
10:58:11	17.25	--	260	448500	卖盘
10:58:06	17.25	--	348	600300	卖盘
10:58:00	17.25	--	34	58650	卖盘
10:57:56	17.25	-0.01	506	872850	卖盘
10:57:51	17.26	0.01	189	326214	买盘
10:57:45	17.25	-0.01	121	208725	卖盘
10:57:41	17.26	--	58	100108	买盘
10:57:36	17.26	--	42	72492	买盘
10:57:29	17.26	-0.01	443	765014	卖盘
10:57:26	17.27	--	166	286682	卖盘
10:57:21	17.27	0.01	572	989173	买盘
10:57:14	17.26	--	43	74218	卖盘
10:57:11	17.26	--	57	98382	卖盘
10:57:06	17.26	--	49	84574	卖盘
10:57:00	17.26	-0.01	39	67314	卖盘
10:56:56	17.27	--	16	27632	买盘
10:56:51	17.27	--	827	1428626	卖盘
10:56:45	17.27	--	81	139887	卖盘
10:56:41	17.27	-0.01	369	637263	卖盘
10:56:36	17.28	0.01	110	190080	买盘
10:56:29	17.27	-0.01	25	43175	卖盘
10:56:26	17.28	--	17	29376	买盘
10:56:21	17.28	--	10	17280	买盘
10:56:15	17.28	-0.01	264	456192	卖盘
10:56:11	17.29	0.01	25	43225	买盘
10:56:05	17.28	-0.01	4	6912	卖盘
10:56:00	17.29	0.01	67	115843	买盘
10:55:56	17.28	-0.02	34	58752	卖盘
10:55:50	17.3	0.02	15	25950	买盘
10:55:45	17.28	-0.02	50	86400	卖盘
10:55:41	17.3	0.01	939	1624470	买盘
10:55:35	17.29	-0.01	22	38038	卖盘
10:55:30	17.3	0.01	7	12110	买盘
10:55:26	17.29	--	99	171171	买盘
10:55:21	17.29	0.01	33	57057	买盘
10:55:15	17.28	-0.01	48	82944	卖盘
10:55:11	17.29	0.01	16	27664	买盘
10:55:06	17.28	-0.01	33	57024	卖盘
10:55:00	17.29	0.01	38	65702	买盘
10:54:56	17.28	-0.01	622	1074816	卖盘
10:54:51	17.29	--	70	121030	卖盘
10:54:44	17.29	-0.01	24	41496	卖盘
10:54:41	17.3	0.01	219	378870	买盘
10:54:36	17.29	0.01	15	25935	中性盘
10:54:30	17.28	-0.01	42	72576	卖盘
10:54:26	17.29	--	2	3458	买盘
10:54:21	17.29	--	171	295659	卖盘
10:54:10	17.29	--	355	613795	买盘
10:54:06	17.29	--	239	413231	买盘
10:53:56	17.29	--	20	34580	买盘
10:53:51	17.29	--	319	551551	买盘
10:53:45	17.29	--	61	105469	买盘
10:53:40	17.29	--	141	243789	买盘
10:53:35	17.29	--	33	57057	买盘
10:53:25	17.29	--	88	152152	买盘
10:53:20	17.29	--	38	65702	卖盘
10:53:15	17.29	-0.01	60	103740	卖盘
10:53:10	17.3	0.01	113	195490	买盘
10:53:06	17.29	--	210	363090	买盘
10:53:00	17.29	--	7	12103	买盘
10:52:55	17.29	--	33	57057	买盘
10:52:50	17.29	--	42	72618	买盘
10:52:44	17.29	--	2	3458	买盘
10:52:40	17.29	-0.01	45	77805	卖盘
10:52:35	17.3	--	446	771580	买盘
10:52:29	17.3	0.01	22	38060	买盘
10:52:25	17.29	-0.01	20	34580	卖盘
10:52:20	17.3	--	32	55360	买盘
10:52:15	17.3	--	80	138400	买盘
10:52:10	17.3	0.01	17	29410	买盘
10:52:05	17.29	--	64	110656	卖盘
10:52:00	17.29	--	162	280098	卖盘
10:51:50	17.29	--	3	5187	卖盘
10:51:45	17.29	--	122	210938	卖盘
10:51:38	17.29	-0.01	10	17290	卖盘
10:51:35	17.3	--	170	294100	买盘
10:51:29	17.3	--	152	262960	买盘
10:51:20	17.3	-0.01	529	915170	卖盘
10:51:15	17.31	--	13	22503	买盘
10:51:09	17.31	--	206	356586	卖盘
10:51:05	17.31	-0.01	122	211181	卖盘
10:51:00	17.32	--	13	22516	买盘
10:50:54	17.32	0.01	8	13856	买盘
10:50:50	17.31	--	55	95205	卖盘
10:50:45	17.31	--	29	50198	买盘
10:50:39	17.31	--	2	3461	买盘
10:50:35	17.31	0.01	66	114245	买盘
10:50:30	17.3	--	98	169540	卖盘
10:50:24	17.3	--	65	112450	卖盘
10:50:20	17.3	--	13	22490	卖盘
10:50:15	17.3	--	150	259500	买盘
10:50:09	17.3	--	5	8650	买盘
10:50:05	17.3	0.01	335	579550	买盘
10:50:00	17.29	--	58	100282	卖盘
10:49:54	17.29	--	83	143507	卖盘
10:49:50	17.29	--	102	176358	卖盘
10:49:44	17.29	0.01	17	29393	卖盘
10:49:39	17.28	--	0	0	卖盘
10:49:35	17.28	--	343	592704	卖盘
10:49:29	17.28	-0.01	312	539136	卖盘
10:49:24	17.29	0.01	5	8645	买盘
10:49:20	17.28	--	15	25920	卖盘
10:49:14	17.28	0.01	29	50112	买盘
10:49:09	17.27	-0.01	35	60445	卖盘
10:49:05	17.28	--	341	589248	买盘
10:49:00	17.28	0.01	339	585792	买盘
10:48:54	17.27	-0.01	110	189970	卖盘
10:48:50	17.28	0.01	30	51840	买盘
10:48:45	17.27	--	17	29359	卖盘
10:48:39	17.27	--	13	23780	买盘
10:48:35	17.27	--	101	174427	买盘
10:48:29	17.27	-0.01	264	455928	卖盘
10:48:24	17.28	--	117	202176	买盘
10:48:20	17.28	0.01	48	82944	买盘
10:48:15	17.27	--	132	227964	买盘
10:48:05	17.27	--	6	10362	买盘
10:47:59	17.27	--	562	970574	买盘
10:47:53	17.27	--	6	10362	买盘
10:47:50	17.27	--	364	628628	卖盘
10:47:45	17.27	--	532	918764	卖盘
10:47:38	17.27	--	2	3454	卖盘
10:47:35	17.27	-0.01	107	184789	卖盘
10:47:29	17.28	--	87	150336	买盘
10:47:23	17.28	--	10	17280	买盘
10:47:19	17.28	--	25	43200	买盘
10:47:14	17.28	-0.01	79	136512	买盘
10:47:05	17.29	0.01	23	40164	买盘
10:46:59	17.28	-0.01	220	380160	卖盘
10:46:49	17.29	--	35	60515	买盘
10:46:44	17.29	--	20	34580	卖盘
10:46:39	17.29	--	20	34580	卖盘
10:46:34	17.29	-0.01	25	43225	卖盘
10:46:29	17.3	0.01	37	64010	买盘
10:46:24	17.29	--	25	43225	卖盘
10:46:19	17.29	--	38	65702	买盘
10:46:14	17.29	--	81	140049	卖盘
10:46:08	17.29	0.01	6	10374	中性盘
10:46:04	17.28	-0.01	88	152064	卖盘
10:45:59	17.29	--	5	8645	卖盘
10:45:49	17.29	0.02	234	405917	买盘
10:45:44	17.27	--	59	101893	卖盘
10:45:38	17.27	-0.01	10	17270	卖盘
10:45:34	17.28	0.01	89	153792	买盘
10:45:29	17.27	--	123	212421	卖盘
10:45:24	17.27	-0.01	103	177881	卖盘
10:45:17	17.28	--	5	8640	买盘
10:45:14	17.28	0.01	42	72576	买盘
10:45:09	17.27	--	429	740883	卖盘
10:45:03	17.27	-0.01	10	17270	卖盘
10:44:59	17.28	--	82	141696	买盘
10:44:53	17.28	--	54	93312	买盘
10:44:48	17.28	0.01	39	67392	买盘
10:44:44	17.27	--	109	188243	卖盘
10:44:39	17.27	--	55	94985	卖盘
10:44:33	17.27	-0.01	12	20724	卖盘
10:44:29	17.28	0.01	106	183168	买盘
10:44:23	17.27	-0.01	40	69080	卖盘
10:44:17	17.28	0.01	86	148608	买盘
10:44:14	17.27	-0.01	130	224510	卖盘
10:44:08	17.28	--	293	506701	卖盘
10:43:59	17.28	-0.02	23	39744	卖盘
10:43:54	17.3	0.01	271	468830	买盘
10:43:48	17.29	-0.01	1000	1729000	卖盘
10:43:44	17.3	0.01	2	3460	中性盘
10:43:39	17.29	-0.01	313	541177	卖盘
10:43:33	17.3	-0.01	66	114180	卖盘
10:43:29	17.31	0.01	60	103859	买盘
10:43:23	17.3	-0.01	319	551870	卖盘
10:43:14	17.31	-0.01	36	62315	买盘
10:43:08	17.32	0.01	81	140292	买盘
10:43:02	17.31	-0.01	50	86896	卖盘
10:42:54	17.32	--	16	27712	买盘
10:42:47	17.32	--	10	17320	买盘
10:42:44	17.32	--	171	296172	买盘
10:42:38	17.32	0.01	1	1732	买盘
10:42:32	17.31	-0.01	56	96936	卖盘
10:42:29	17.32	0.01	60	103920	买盘
10:42:24	17.31	-0.01	72	124631	卖盘
10:42:17	17.32	0.01	3	5196	买盘
10:42:14	17.31	-0.01	65	112514	卖盘
10:42:08	17.32	--	33	57156	买盘
10:42:03	17.32	0.01	5	8660	买盘
10:41:53	17.31	-0.01	46	79626	卖盘
10:41:48	17.32	0.01	20	34640	买盘
10:41:44	17.31	-0.01	34	58853	卖盘
10:41:38	17.32	0.01	47	81404	买盘
10:41:32	17.31	--	80	138480	卖盘
10:41:23	17.31	--	156	271420	买盘
10:41:18	17.31	--	2	3461	买盘
10:41:14	17.31	--	20	34966	卖盘
10:41:08	17.31	-0.01	156	271420	卖盘
10:41:02	17.32	0.01	6	10392	买盘
10:40:58	17.31	-0.01	110	190410	卖盘
10:40:53	17.32	--	25	43300	买盘
10:40:43	17.32	0.01	10	17320	买盘
10:40:38	17.31	-0.01	4	6923	卖盘
10:40:29	17.32	0.01	16	27712	买盘
10:40:23	17.31	--	4	6923	卖盘
10:40:13	17.31	0.01	6	10386	中性盘
10:40:08	17.3	-0.01	417	721410	卖盘
10:40:02	17.31	--	15	25964	买盘
10:39:58	17.31	--	84	145404	买盘
10:39:53	17.31	0.01	6	10386	买盘
10:39:47	17.3	-0.01	37	64010	卖盘
10:39:43	17.31	--	103	178293	买盘
10:39:38	17.31	--	39	67509	买盘
10:39:28	17.31	0.01	118	204257	买盘
10:39:23	17.3	-0.01	363	627990	卖盘
10:39:17	17.31	0.01	10	17310	买盘
10:39:13	17.3	-0.01	13	22490	卖盘
10:39:08	17.31	--	37	64046	买盘
10:39:02	17.31	--	10	17310	买盘
10:38:47	17.31	--	17	29426	买盘
10:38:41	17.31	--	19	32889	买盘
10:38:38	17.31	0.01	25	43275	买盘
10:38:32	17.3	--	126	217980	卖盘
10:38:26	17.3	-0.01	11	19030	卖盘
10:38:23	17.31	--	13	22503	买盘
10:38:17	17.31	--	12	20772	买盘
10:38:11	17.31	--	4	6923	买盘
10:38:08	17.31	0.01	177	306387	买盘
10:38:02	17.3	--	37	64010	卖盘
10:37:56	17.3	-0.01	10	17300	卖盘
10:37:53	17.31	0.01	10	17310	买盘
10:37:47	17.3	-0.01	10	17300	卖盘
10:37:41	17.31	--	11	19041	买盘
10:37:38	17.31	--	91	157521	买盘
10:37:32	17.31	--	36	62315	卖盘
10:37:23	17.31	--	18	31157	买盘
10:37:17	17.31	0.01	40	69240	中性盘
10:37:11	17.3	-0.01	80	138400	卖盘
10:37:08	17.31	-0.01	1	1730	买盘
10:37:02	17.32	0.01	272	471104	买盘
10:36:56	17.31	-0.01	20	34620	卖盘
10:36:53	17.32	0.01	115	199180	买盘
10:36:47	17.31	-0.01	456	789335	卖盘
10:36:41	17.32	-0.01	4	6928	卖盘
10:36:38	17.33	--	20	34660	买盘
10:36:32	17.33	0.01	45	77984	买盘
10:36:26	17.32	-0.01	10	17320	卖盘
10:36:23	17.33	--	34	58921	买盘
10:36:17	17.33	--	42	72786	买盘
10:36:11	17.33	--	18	31193	买盘
10:36:08	17.33	--	7	12130	买盘
10:36:02	17.33	0.01	68	117843	买盘
10:35:56	17.32	--	4	6928	卖盘
10:35:53	17.32	--	381	659892	卖盘
10:35:47	17.32	--	151	261532	卖盘
10:35:41	17.32	--	60	103920	卖盘
10:35:38	17.32	0.01	158	273656	买盘
10:35:32	17.31	--	61	105590	卖盘
10:35:26	17.31	-0.01	3	5193	卖盘
10:35:22	17.32	0.02	1	1732	买盘
10:35:11	17.3	--	27	46710	卖盘
10:35:08	17.3	--	80	139732	卖盘
10:35:02	17.3	-0.01	8	13840	卖盘
10:34:56	17.31	--	103	178293	买盘
10:34:53	17.31	0.01	1	1730	买盘
10:34:47	17.3	--	5	8650	卖盘
10:34:37	17.3	--	257	444610	买盘
10:34:32	17.3	--	10	17300	买盘
10:34:26	17.3	--	18	31140	买盘
10:34:22	17.3	0.01	50	86500	买盘
10:34:17	17.29	-0.01	131	226499	卖盘
10:34:11	17.3	0.01	23	39790	买盘
10:34:07	17.29	--	133	229957	买盘
10:34:02	17.29	--	21	36309	买盘
10:33:56	17.29	0.01	2	3458	买盘
10:33:52	17.28	--	73	126144	卖盘
10:33:47	17.28	--	39	67392	卖盘
10:33:41	17.28	--	194	335232	买盘
10:33:37	17.28	--	39	67392	买盘
10:33:32	17.28	-0.01	126	217728	卖盘
10:33:26	17.29	--	10	17290	买盘
10:33:22	17.29	--	92	159068	买盘
10:33:17	17.29	--	117	202293	买盘
10:33:11	17.29	--	9	15561	买盘
10:33:07	17.29	--	10	17290	买盘
10:33:02	17.29	--	56	96824	买盘
10:32:56	17.29	0.01	67	115843	买盘
10:32:52	17.28	--	137	236736	卖盘
10:32:47	17.28	--	129	222912	卖盘
10:32:41	17.28	--	37	63936	卖盘
10:32:37	17.28	--	11	19008	卖盘
10:32:32	17.28	--	50	86400	卖盘
10:32:26	17.28	0.01	93	160704	买盘
10:32:20	17.27	--	105	181335	卖盘
10:32:17	17.27	-0.01	273	471471	卖盘
10:32:11	17.28	--	60	103680	买盘
10:32:05	17.28	0.01	119	205632	买盘
10:32:02	17.27	-0.01	62	107074	卖盘
10:31:56	17.28	0.01	62	107136	买盘
10:31:47	17.27	--	94	162338	卖盘
10:31:41	17.27	--	13	22451	卖盘
10:31:35	17.27	--	391	675257	买盘
10:31:32	17.27	0.01	308	531916	买盘
10:31:26	17.26	--	21	36246	卖盘
10:31:20	17.26	--	32	55232	卖盘
10:31:17	17.26	--	479	826754	买盘
10:31:11	17.26	--	88	151888	买盘
10:31:05	17.26	--	53	91478	买盘
10:31:02	17.26	-0.01	263	453938	卖盘
10:30:56	17.27	0.01	897	1549119	买盘
10:30:50	17.26	-0.01	209	360734	卖盘
10:30:47	17.27	--	108	186516	买盘
10:30:41	17.27	0.01	58	100166	买盘
10:30:35	17.26	-0.01	48	82848	卖盘
10:30:32	17.27	--	71	122617	买盘
10:30:26	17.27	-0.01	290	500830	卖盘
10:30:20	17.28	0.01	34	58752	买盘
10:30:17	17.27	-0.01	255	440385	卖盘
10:30:11	17.28	0.01	262	452736	买盘
10:30:05	17.27	-0.01	76	131252	卖盘
10:30:02	17.28	--	6	10368	买盘
10:29:56	17.28	--	612	1057536	卖盘
10:29:50	17.28	--	22	38016	卖盘
10:29:47	17.28	-0.01	719	1242432	卖盘
10:29:41	17.29	-0.01	1038	1794702	卖盘
10:29:35	17.3	--	6	10380	买盘
10:29:32	17.3	--	2	3460	买盘
10:29:26	17.3	0.01	62	107260	买盘
10:29:20	17.29	-0.01	10	17290	卖盘
10:29:16	17.3	--	10	17300	买盘
10:29:11	17.3	--	130	224900	买盘
10:29:05	17.3	--	80	138400	卖盘
10:29:02	17.3	--	292	505160	卖盘
10:28:56	17.3	--	12	20760	卖盘
10:28:46	17.3	--	73	126290	卖盘
10:28:41	17.3	-0.01	18	31140	卖盘
10:28:35	17.31	0.01	20	34620	买盘
10:28:32	17.3	--	63	108990	卖盘
10:28:26	17.3	--	83	143590	卖盘
10:28:20	17.3	--	40	69200	卖盘
10:28:17	17.3	--	16	27680	卖盘
10:28:11	17.3	0.01	111	192030	卖盘
10:28:05	17.29	--	20	34580	卖盘
10:28:01	17.29	-0.01	78	134862	卖盘
10:27:56	17.3	--	120	207600	买盘
10:27:50	17.3	--	66	114180	买盘
10:27:47	17.3	--	70	121100	买盘
10:27:41	17.3	--	46	79580	买盘
10:27:35	17.3	--	9	15570	买盘
10:27:31	17.3	--	16	27680	买盘
10:27:26	17.3	--	342	591660	买盘
10:27:20	17.3	--	12	20760	买盘
10:27:16	17.3	--	55	95150	买盘
10:27:11	17.3	--	24	41520	买盘
10:27:05	17.3	--	31	53630	买盘
10:27:01	17.3	--	496	858080	买盘
10:26:56	17.3	--	118	204140	买盘
10:26:50	17.3	0.01	3	5190	买盘
10:26:46	17.29	-0.01	28	48412	卖盘
10:26:41	17.3	--	111	192030	买盘
10:26:35	17.3	--	94	162620	卖盘
10:26:31	17.3	--	100	173000	卖盘
10:26:26	17.3	-0.01	11	19030	中性盘
10:26:20	17.31	0.02	63	109052	买盘
10:26:16	17.29	-0.02	136	235541	卖盘
10:26:11	17.31	0.01	95	164445	买盘
10:26:05	17.3	-0.01	98	169540	卖盘
10:26:01	17.31	0.01	5	8655	买盘
10:25:56	17.3	-0.01	102	176460	卖盘
10:25:50	17.31	--	918	1589057	买盘
10:25:46	17.31	--	19	32889	买盘
10:25:41	17.31	--	82	141942	卖盘
10:25:35	17.31	0.01	158	273498	买盘
10:25:29	17.3	-0.01	29	50170	卖盘
10:25:26	17.31	0.01	180	311580	买盘
10:25:20	17.3	-0.01	32	55360	卖盘
10:25:14	17.31	--	2	3461	买盘
10:25:11	17.31	--	63	109052	买盘
10:25:05	17.31	--	48	83088	卖盘
10:24:59	17.31	--	16	27695	买盘
10:24:56	17.31	-0.01	201	347931	卖盘
10:24:50	17.32	0.01	101	174932	买盘
10:24:44	17.31	--	10	17310	卖盘
10:24:41	17.31	-0.01	125	216374	卖盘
10:24:29	17.32	--	14	24248	买盘
10:24:26	17.32	--	100	173200	买盘
10:24:14	17.32	--	14	24248	买盘
10:24:11	17.32	--	27	46764	买盘
10:24:05	17.32	0.02	104	180128	买盘
10:23:59	17.3	--	0	0	卖盘
10:23:56	17.3	-0.01	99	171270	卖盘
10:23:50	17.31	0.01	63	109052	买盘
10:23:44	17.3	-0.01	19	32870	卖盘
10:23:40	17.31	0.01	2	3461	买盘
10:23:35	17.3	--	177	306210	卖盘
10:23:29	17.3	--	3	5190	卖盘
10:23:25	17.3	--	89	155302	买盘
10:23:20	17.3	--	23	39790	买盘
10:23:14	17.3	--	36	62280	买盘
10:23:10	17.3	-0.02	1951	3375627	卖盘
10:23:05	17.32	0.01	56	96992	买盘
10:22:56	17.31	-0.01	397	687207	卖盘
10:22:50	17.32	0.01	238	413549	买盘
10:22:40	17.31	--	69	119438	买盘
10:22:35	17.31	--	127	219836	买盘
10:22:29	17.31	--	89	154059	卖盘
10:22:25	17.31	--	15	25964	卖盘
10:22:20	17.31	-0.02	626	1083606	卖盘
10:22:14	17.33	0.01	68	117843	买盘
10:22:10	17.32	--	123	213036	卖盘
10:22:05	17.32	--	20	34640	卖盘
10:21:59	17.32	--	45	77940	卖盘
10:21:55	17.32	--	50	86600	卖盘
10:21:50	17.32	--	71	122972	卖盘
10:21:44	17.32	--	2	3464	卖盘
10:21:40	17.32	--	14	24248	卖盘
10:21:35	17.32	-0.01	98	169736	卖盘
10:21:29	17.33	0.01	42	72786	买盘
10:21:25	17.32	--	139	240748	卖盘
10:21:20	17.32	-0.01	113	195716	卖盘
10:21:14	17.33	--	26	45057	买盘
10:21:10	17.33	--	36	62387	买盘
10:21:05	17.33	--	33	57188	买盘
10:20:59	17.33	--	22	38125	买盘
10:20:55	17.33	-0.01	12	20795	买盘
10:20:50	17.34	--	344	596496	买盘
10:20:44	17.34	--	6	10404	买盘
10:20:40	17.34	--	105	182070	买盘
10:20:35	17.34	-0.01	74	128316	卖盘
10:20:29	17.35	0.01	10	17350	买盘
10:20:25	17.34	--	60	104040	买盘
10:20:20	17.34	--	4	6936	卖盘
10:20:14	17.34	0.01	11	19074	买盘
10:20:10	17.33	-0.01	3	5198	卖盘
10:20:05	17.34	--	114	197676	买盘
10:19:59	17.34	--	59	102306	卖盘
10:19:55	17.34	--	54	93636	卖盘
10:19:50	17.34	--	39	67626	卖盘
10:19:40	17.34	--	7	12138	买盘
10:19:35	17.34	--	21	36414	买盘
10:19:29	17.34	--	163	282642	买盘
10:19:25	17.34	--	15	26010	买盘
10:19:20	17.34	--	24	41616	买盘
10:19:14	17.34	--	40	69360	买盘
10:19:08	17.34	--	18	31212	买盘
10:19:05	17.34	--	92	159528	买盘
10:18:59	17.34	0.01	3	5202	买盘
10:18:50	17.33	--	5	8665	卖盘
10:18:44	17.33	--	108	187458	买盘
10:18:38	17.33	0.01	105	181964	买盘
10:18:35	17.32	--	152	263264	卖盘
10:18:29	17.32	--	81	140292	卖盘
10:18:23	17.32	--	0	0	中性盘
10:18:20	17.32	-0.01	130	225160	卖盘
10:18:14	17.33	0.02	89	154236	买盘
10:18:08	17.31	-0.01	30	51929	卖盘
10:18:05	17.32	--	17	29444	买盘
10:17:59	17.32	--	147	256041	卖盘
10:17:50	17.32	--	26	45032	卖盘
10:17:44	17.32	0.01	70	121534	买盘
10:17:38	17.31	-0.01	30	51929	卖盘
10:17:35	17.32	0.01	10	17320	买盘
10:17:29	17.31	-0.01	14	24234	卖盘
10:17:23	17.32	--	3	5196	买盘
10:17:19	17.32	--	60	103920	买盘
10:17:14	17.32	--	38	65816	买盘
10:17:08	17.32	--	53	91796	买盘
10:17:04	17.32	--	101	174932	买盘
10:16:59	17.32	--	12	20784	买盘
10:16:53	17.32	0.01	23	39836	买盘
10:16:49	17.31	-0.01	6	10386	卖盘
10:16:38	17.32	0.01	4	6928	买盘
10:16:34	17.31	-0.01	2	3461	中性盘
10:16:29	17.32	0.01	119	207545	买盘
10:16:23	17.31	--	17	29721	买盘
10:16:19	17.31	--	105	183191	卖盘
10:16:14	17.31	-0.01	5	8655	卖盘
10:16:08	17.32	--	2	3464	买盘
10:16:04	17.32	--	34	58888	买盘
10:15:59	17.32	0.01	12	20784	买盘
10:15:53	17.31	-0.01	50	86550	卖盘
10:15:49	17.32	--	15	25980	买盘
10:15:44	17.32	0.01	52	90064	买盘
10:15:38	17.31	-0.01	109	188679	卖盘
10:15:34	17.32	--	77	133364	买盘
10:15:29	17.32	--	190	329080	买盘
10:15:19	17.32	--	15	25980	买盘
10:15:14	17.32	--	505	874660	买盘
10:15:08	17.32	--	33	57156	买盘
10:15:04	17.32	--	474	820968	买盘
10:14:59	17.32	0.01	37	64084	买盘
10:14:53	17.31	-0.01	11	19041	卖盘
10:14:49	17.32	0.01	13	22516	买盘
10:14:44	17.31	--	10	17310	卖盘
10:14:38	17.31	-0.01	17	29426	卖盘
10:14:34	17.32	--	20	34640	买盘
10:14:29	17.32	--	6	10392	买盘
10:14:23	17.32	0.01	8	13856	中性盘
10:14:19	17.31	--	470	813569	卖盘
10:14:14	17.31	-0.01	95	164445	卖盘
10:14:08	17.32	0.01	19	32908	买盘
10:14:04	17.31	-0.01	358	619698	卖盘
10:13:59	17.32	--	112	193984	买盘
10:13:53	17.32	--	574	994168	买盘
10:13:49	17.32	--	37	64084	买盘
10:13:44	17.32	--	43	74476	买盘
10:13:38	17.32	--	8	13856	买盘
10:13:34	17.32	--	51	88332	买盘
10:13:29	17.32	--	55	95260	卖盘
10:13:23	17.32	0.01	26	45032	卖盘
10:13:19	17.31	-0.01	258	446597	卖盘
10:13:14	17.32	--	121	209572	买盘
10:13:08	17.32	0.01	22	38104	买盘
10:13:04	17.31	-0.02	100	173100	卖盘
10:12:59	17.33	0.01	8	13863	买盘
10:12:53	17.32	--	12	20784	卖盘
10:12:49	17.32	--	7	12124	买盘
10:12:44	17.32	--	352	609664	卖盘
10:12:38	17.32	0.01	55	96559	买盘
10:12:32	17.31	--	75	129824	卖盘
10:12:29	17.31	--	58	100397	卖盘
10:12:24	17.31	--	505	874154	卖盘
10:12:17	17.31	--	9	15578	卖盘
10:12:14	17.31	-0.01	109	189406	卖盘
10:12:08	17.32	--	41	71012	买盘
10:12:02	17.32	0.01	10	17320	买盘
10:11:59	17.31	-0.01	130	225029	卖盘
10:11:53	17.32	--	5	8660	卖盘
10:11:47	17.32	-0.01	31	53692	卖盘
10:11:44	17.33	--	137	237420	卖盘
10:11:38	17.33	0.01	270	467909	买盘
10:11:32	17.32	-0.01	137	237284	卖盘
10:11:29	17.33	0.01	27	46790	买盘
10:11:23	17.32	-0.01	143	247676	中性盘
10:11:17	17.33	--	43	74518	买盘
10:11:14	17.33	--	543	941018	买盘
10:11:08	17.33	0.02	35	60654	买盘
10:11:02	17.31	--	21	36351	卖盘
10:10:59	17.31	--	44	76164	卖盘
10:10:53	17.31	--	80	138480	卖盘
10:10:47	17.31	--	40	69240	买盘
10:10:43	17.31	0.01	231	399860	买盘
10:10:38	17.3	--	33	57090	卖盘
10:10:32	17.3	0.01	21	36330	卖盘
10:10:28	17.29	-0.01	332	574028	卖盘
10:10:23	17.3	0.01	255	441150	买盘
10:10:17	17.29	-0.01	46	79534	卖盘
10:10:13	17.3	0.02	76	131480	买盘
10:10:08	17.28	-0.01	201	347328	卖盘
10:10:02	17.29	0.01	53	91637	买盘
10:09:58	17.28	--	786	1358208	卖盘
10:09:53	17.28	-0.01	250	432000	卖盘
10:09:47	17.29	0.01	40	69160	买盘
10:09:43	17.28	0.01	93	160704	卖盘
10:09:38	17.27	-0.03	245	423115	卖盘
10:09:32	17.3	--	86	148780	买盘
10:09:28	17.3	0.01	1104	1909920	买盘
10:09:23	17.29	-0.01	73	126217	中性盘
10:09:17	17.3	0.01	206	356380	买盘
10:09:13	17.29	-0.01	211	364819	卖盘
10:09:08	17.3	--	750	1297500	买盘
10:09:02	17.3	--	272	470560	买盘
10:08:58	17.3	0.01	172	297560	买盘
10:08:53	17.29	-0.01	1111	1920919	卖盘
10:08:47	17.3	-0.01	282	487860	卖盘
10:08:43	17.31	0.01	104	180024	中性盘
10:08:38	17.3	--	81	140130	卖盘
10:08:32	17.3	--	44	76120	卖盘
10:08:28	17.3	-0.01	143	247822	卖盘
10:08:23	17.31	--	140	243638	买盘
10:08:17	17.31	-0.01	124	215076	卖盘
10:08:13	17.32	--	2111	3656252	买盘
10:08:08	17.32	--	29	50228	买盘
10:08:02	17.32	--	9	15588	买盘
10:07:58	17.32	-0.02	107	185324	卖盘
10:07:53	17.34	-0.01	87	150858	卖盘
10:07:47	17.35	--	31	53785	卖盘
10:07:43	17.35	0.01	4644	8057340	买盘
10:07:38	17.34	--	27	46818	卖盘
10:07:32	17.34	-0.01	53	91902	卖盘
10:07:28	17.35	0.01	35	60725	买盘
10:07:23	17.34	-0.01	8	13872	卖盘
10:07:13	17.35	--	537	931695	买盘
10:07:08	17.35	--	341	591635	卖盘
10:07:02	17.35	--	204	353940	卖盘
10:06:58	17.35	-0.01	8	13880	卖盘
10:06:53	17.36	0.01	16	27776	买盘
10:06:47	17.35	-0.01	172	298420	卖盘
10:06:43	17.36	--	194	336784	卖盘
10:06:38	17.36	--	0	0	卖盘
10:06:32	17.36	--	29	50344	卖盘
10:06:28	17.36	-0.01	455	789880	卖盘
10:06:23	17.37	--	51	88587	买盘
10:06:17	17.37	0.01	40	69480	买盘
10:06:11	17.36	-0.01	324	562464	卖盘
10:06:08	17.37	0.01	243	422091	中性盘
10:06:02	17.36	-0.01	390	677040	卖盘
10:05:56	17.37	--	5	8685	买盘
10:05:53	17.37	--	20	34740	买盘
10:05:47	17.37	--	86	149382	买盘
10:05:41	17.37	0.01	380	660060	买盘
10:05:38	17.36	-0.01	21	36456	卖盘
10:05:32	17.37	0.01	76	132012	买盘
10:05:26	17.36	--	0	0	卖盘
10:05:23	17.36	-0.01	352	611072	卖盘
10:05:17	17.37	0.01	17	29529	中性盘
10:05:11	17.36	--	1	1736	卖盘
10:05:08	17.36	--	32	55552	卖盘
10:05:02	17.36	--	86	149296	卖盘
10:04:56	17.36	-0.01	50	86800	卖盘
10:04:53	17.37	0.01	79	137223	中性盘
10:04:47	17.36	0.01	68	118048	卖盘
10:04:38	17.35	-0.03	875	1518125	卖盘
10:04:32	17.38	0.02	92	159896	买盘
10:04:22	17.36	-0.02	605	1050280	卖盘
10:04:17	17.38	0.01	40	69520	买盘
10:04:11	17.37	-0.01	39	67743	卖盘
10:04:07	17.38	-0.01	109	189442	卖盘
10:03:56	17.39	--	103	179117	买盘
10:03:52	17.39	--	2	3478	买盘
10:03:47	17.39	-0.01	82	142598	买盘
10:03:41	17.4	0.01	20	34800	买盘
10:03:37	17.39	--	15	26085	买盘
10:03:32	17.39	--	6	10434	买盘
10:03:26	17.39	-0.01	4	6956	卖盘
10:03:22	17.4	--	85	147900	买盘
10:03:17	17.4	--	12	20880	买盘
10:03:11	17.4	--	36	62639	买盘
10:03:07	17.4	-0.02	125	218509	卖盘
10:03:02	17.42	0.01	76	132392	买盘
10:02:56	17.41	--	20	34820	卖盘
10:02:52	17.41	--	79	138270	买盘
10:02:47	17.41	--	36	63685	卖盘
10:02:41	17.41	--	60	104460	卖盘
10:02:37	17.41	-0.01	20	35551	卖盘
10:02:32	17.42	--	32	55744	买盘
10:02:26	17.42	0.01	19	33098	买盘
10:02:22	17.41	0.01	12	20892	卖盘
10:02:17	17.4	-0.02	76	132240	卖盘
10:02:11	17.42	--	39	67938	买盘
10:02:07	17.42	--	89	155038	买盘
10:02:02	17.42	0.01	59	102778	买盘
10:01:56	17.41	0.01	2	3482	买盘
10:01:52	17.4	--	96	167040	卖盘
10:01:47	17.4	-0.01	74	128759	卖盘
10:01:41	17.41	0.04	30	52230	买盘
10:01:37	17.37	0.01	1911	3319407	买盘
10:01:32	17.36	--	53	92008	卖盘
10:01:26	17.36	-0.03	228	395808	卖盘
10:01:17	17.39	0.02	759	1319901	买盘
10:01:11	17.37	--	2	3474	买盘
10:01:07	17.37	0.01	64	111168	买盘
10:01:02	17.36	--	14	24304	卖盘
10:00:56	17.36	-0.01	47	81592	卖盘
10:00:52	17.37	0.01	4	6948	买盘
10:00:47	17.36	0.01	18	31248	买盘
10:00:41	17.35	--	0	0	卖盘
10:00:37	17.35	--	186	322710	卖盘
10:00:32	17.35	-0.02	165	286275	卖盘
10:00:26	17.37	0.01	4	6948	买盘
10:00:22	17.36	--	22	38192	卖盘
10:00:17	17.36	--	20	34720	买盘
10:00:11	17.36	-0.01	54	93744	卖盘
10:00:07	17.37	0.01	180	312660	买盘
10:00:02	17.36	0.01	137	237832	买盘
09:59:56	17.35	--	82	142270	卖盘
09:59:50	17.35	-0.01	3	5205	卖盘
09:59:47	17.36	0.01	15	26040	买盘
09:59:41	17.35	-0.01	92	159620	卖盘
09:59:35	17.36	--	2	3472	买盘
09:59:32	17.36	0.01	20	34720	买盘
09:59:26	17.35	-0.01	41	71135	卖盘
09:59:17	17.36	--	37	64232	买盘
09:59:11	17.36	0.01	60	104160	买盘
09:59:02	17.35	--	123	213405	卖盘
09:58:56	17.35	0.01	340	589900	买盘
09:58:50	17.34	-0.01	14	24276	卖盘
09:58:47	17.35	--	32	55520	买盘
09:58:41	17.35	0.01	128	222080	买盘
09:58:35	17.34	--	17	29478	卖盘
09:58:26	17.34	-0.01	136	235824	卖盘
09:58:20	17.35	0.01	92	159620	买盘
09:58:17	17.34	-0.01	7	12138	卖盘
09:58:11	17.35	--	177	307095	卖盘
09:58:05	17.35	--	38	65930	卖盘
09:58:02	17.35	0.01	116	201260	买盘
09:57:56	17.34	--	2	3468	卖盘
09:57:50	17.34	--	87	150858	卖盘
09:57:47	17.34	--	202	351325	买盘
09:57:41	17.34	--	59	102306	买盘
09:57:31	17.34	--	213	369342	买盘
09:57:26	17.34	-0.02	400	693600	卖盘
09:57:20	17.36	--	0	0	买盘
09:57:16	17.36	0.01	301	522536	买盘
09:57:11	17.35	--	59	102365	卖盘
09:57:01	17.35	--	31	53785	卖盘
09:56:56	17.35	-0.01	184	319240	卖盘
09:56:50	17.36	--	104	180544	买盘
09:56:46	17.36	0.01	64	111104	买盘
09:56:41	17.35	-0.01	44	76340	卖盘
09:56:35	17.36	--	26	45136	买盘
09:56:31	17.36	--	95	164920	买盘
09:56:26	17.36	-0.01	39	67704	买盘
09:56:16	17.37	0.01	11	19107	买盘
09:56:11	17.36	-0.01	220	381920	卖盘
09:56:05	17.37	--	2	3474	买盘
09:56:01	17.37	--	59	102483	买盘
09:55:56	17.37	--	39	67743	买盘
09:55:50	17.37	0.01	20	34740	买盘
09:55:46	17.36	--	67	116312	卖盘
09:55:41	17.36	--	30	52080	卖盘
09:55:31	17.36	--	193	335048	买盘
09:55:26	17.36	--	29	50344	买盘
09:55:20	17.36	0.01	9	15624	买盘
09:55:16	17.35	-0.01	61	105835	卖盘
09:55:11	17.36	-0.01	157	272552	卖盘
09:55:05	17.37	0.02	114	198018	买盘
09:55:01	17.35	--	16	27760	卖盘
09:54:56	17.35	-0.01	16	27760	卖盘
09:54:50	17.36	0.01	10	17360	买盘
09:54:46	17.35	-0.01	228	395580	卖盘
09:54:41	17.36	--	42	72912	买盘
09:54:35	17.36	--	75	130200	买盘
09:54:31	17.36	--	31	53816	买盘
09:54:26	17.36	0.01	14	24304	买盘
09:54:20	17.35	-0.01	14	24290	卖盘
09:54:16	17.36	-0.01	378	656208	卖盘
09:54:11	17.37	--	36	62532	买盘
09:54:01	17.37	--	33	57321	买盘
09:53:56	17.37	0.02	68	118116	买盘
09:53:50	17.35	-0.01	48	83280	卖盘
09:53:46	17.36	--	173	300328	买盘
09:53:41	17.36	--	64	111104	买盘
09:53:35	17.36	--	94	163184	买盘
09:53:31	17.36	--	124	215264	买盘
09:53:26	17.36	-0.01	22	38192	买盘
09:53:20	17.37	0.01	75	130275	买盘
09:53:14	17.36	--	68	118048	卖盘
09:53:11	17.36	--	36	62496	卖盘
09:53:05	17.36	-0.01	21	36456	卖盘
09:52:59	17.37	0.01	280	486360	买盘
09:52:56	17.36	--	25	43400	卖盘
09:52:50	17.36	0.01	135	234360	中性盘
09:52:44	17.35	--	180	312300	卖盘
09:52:41	17.35	--	121	209935	卖盘
09:52:35	17.35	-0.01	10	17350	卖盘
09:52:26	17.36	--	22	38192	卖盘
09:52:20	17.36	--	216	374976	卖盘
09:52:14	17.36	--	43	74648	卖盘
09:52:11	17.36	0.01	66	114576	卖盘
09:52:05	17.35	--	85	147475	卖盘
09:51:59	17.35	-0.01	44	76340	卖盘
09:51:56	17.36	--	22	38192	买盘
09:51:50	17.36	--	15	26040	买盘
09:51:44	17.36	0.01	45	78120	卖盘
09:51:35	17.35	-0.01	96	166560	卖盘
09:51:29	17.36	0.01	47	81592	买盘
09:51:26	17.35	--	46	79810	卖盘
09:51:20	17.35	--	21	36435	卖盘
09:51:14	17.35	--	12	20820	卖盘
09:51:10	17.35	0.01	311	539585	买盘
09:51:05	17.34	-0.01	5	8670	卖盘
09:50:59	17.35	--	34	58990	买盘
09:50:55	17.35	0.01	3	5205	买盘
09:50:50	17.34	-0.01	261	452574	卖盘
09:50:44	17.35	0.01	92	159620	买盘
09:50:40	17.34	--	220	381480	卖盘
09:50:35	17.34	--	118	204612	买盘
09:50:29	17.34	--	27	46818	买盘
09:50:25	17.34	--	23	39882	买盘
09:50:20	17.34	--	26	45084	卖盘
09:50:14	17.34	-0.01	66	114444	卖盘
09:50:10	17.35	-0.01	355	615925	买盘
09:50:05	17.36	0.01	61	105896	买盘
09:49:59	17.35	--	3	5205	买盘
09:49:55	17.35	--	39	67665	卖盘
09:49:50	17.35	0.04	67	116245	中性盘
09:49:44	17.31	-0.04	3002	5196462	卖盘
09:49:40	17.35	-0.01	291	504885	卖盘
09:49:35	17.36	0.01	433	751688	买盘
09:49:25	17.35	--	255	442425	卖盘
09:49:20	17.35	0.01	122	211670	买盘
09:49:14	17.34	-0.01	108	187272	卖盘
09:49:10	17.35	--	66	114510	买盘
09:49:05	17.35	--	91	157885	买盘
09:48:59	17.35	--	93	161355	卖盘
09:48:55	17.35	--	328	569080	买盘
09:48:50	17.35	--	56	97160	买盘
09:48:44	17.35	--	145	251575	卖盘
09:48:40	17.35	-0.01	381	661035	卖盘
09:48:35	17.36	0.01	100	173600	买盘
09:48:29	17.35	-0.01	67	116245	卖盘
09:48:25	17.36	--	19	32984	买盘
09:48:20	17.36	--	142	246512	卖盘
09:48:14	17.36	-0.01	16	27776	卖盘
09:48:10	17.37	0.02	50	86850	买盘
09:48:05	17.35	-0.01	396	687060	卖盘
09:47:59	17.36	-0.01	50	86800	卖盘
09:47:55	17.37	0.01	21	36477	买盘
09:47:50	17.36	-0.02	419	727384	卖盘
09:47:44	17.38	--	22	38236	买盘
09:47:40	17.38	-0.01	50	86900	卖盘
09:47:35	17.39	-0.01	53	92167	卖盘
09:47:29	17.4	0.01	55	95699	买盘
09:47:25	17.39	--	251	436489	卖盘
09:47:20	17.39	-0.01	253	439967	卖盘
09:47:14	17.4	--	238	414119	卖盘
09:47:10	17.4	--	6	10440	卖盘
09:47:05	17.4	0.01	549	955259	买盘
09:46:59	17.39	--	13	22607	买盘
09:46:55	17.39	0.02	685	1191215	买盘
09:46:50	17.37	-0.03	159	276183	卖盘
09:46:44	17.4	0.02	88	153120	买盘
09:46:38	17.38	0.01	36	62568	中性盘
09:46:35	17.37	-0.04	769	1335753	卖盘
09:46:29	17.41	--	718	1250038	买盘
09:46:23	17.41	-0.01	2	3482	中性盘
09:46:20	17.42	0.01	101	175942	买盘
09:46:14	17.41	--	29	50489	卖盘
09:46:08	17.41	--	186	323826	买盘
09:46:05	17.41	--	143	248963	买盘
09:45:59	17.41	0.02	134	233294	买盘
09:45:53	17.39	--	2	3478	卖盘
09:45:50	17.39	--	182	316498	买盘
09:45:44	17.39	0.02	30	52170	买盘
09:45:38	17.37	--	33	57321	卖盘
09:45:35	17.37	--	65	112905	卖盘
09:45:29	17.37	0.01	251	435987	买盘
09:45:23	17.36	--	7	12152	卖盘
09:45:20	17.36	-0.01	191	331576	卖盘
09:45:14	17.37	0.01	79	137223	买盘
09:45:08	17.36	--	21	36456	卖盘
09:45:05	17.36	--	62	107632	卖盘
09:44:59	17.36	0.01	653	1133608	中性盘
09:44:53	17.35	-0.02	266	461510	卖盘
09:44:50	17.37	0.02	116	201492	买盘
09:44:44	17.35	-0.01	67	116245	卖盘
09:44:38	17.36	0.01	2	3472	买盘
09:44:34	17.35	--	91	157885	买盘
09:44:29	17.35	--	98	170030	卖盘
09:44:23	17.35	-0.02	11	19085	卖盘
09:44:19	17.37	0.02	650	1129050	买盘
09:44:14	17.35	-0.01	214	371290	卖盘
09:44:08	17.36	0.01	674	1170064	买盘
09:44:04	17.35	--	272	471920	买盘
09:43:59	17.35	--	149	258515	买盘
09:43:53	17.35	--	109	189115	买盘
09:43:49	17.35	0.01	132	229020	买盘
09:43:44	17.34	-0.01	273	473382	卖盘
09:43:38	17.35	--	7	12145	买盘
09:43:34	17.35	--	156	270660	买盘
09:43:29	17.35	0.01	146	253310	买盘
09:43:23	17.34	--	50	86700	卖盘
09:43:19	17.34	--	643	1114962	卖盘
09:43:14	17.34	--	255	442170	卖盘
09:43:08	17.34	-0.01	110	190982	卖盘
09:43:04	17.35	0.01	571	990685	买盘
09:42:59	17.34	--	211	365874	卖盘
09:42:53	17.34	--	108	187272	卖盘
09:42:49	17.34	--	88	152592	卖盘
09:42:44	17.34	--	155	268770	卖盘
09:42:38	17.34	--	73	126582	卖盘
09:42:34	17.34	-0.01	267	462978	卖盘
09:42:29	17.35	0.01	163	282805	买盘
09:42:23	17.34	--	656	1137504	卖盘
09:42:19	17.34	--	331	573954	卖盘
09:42:14	17.34	-0.01	190	329460	卖盘
09:42:08	17.35	--	15	26025	买盘
09:42:04	17.35	0.01	97	168295	买盘
09:41:59	17.34	--	161	279174	买盘
09:41:53	17.34	--	52	90168	买盘
09:41:49	17.34	--	270	468180	买盘
09:41:44	17.34	--	602	1043868	买盘
09:41:38	17.34	--	178	308652	买盘
09:41:34	17.34	-0.01	342	593028	卖盘
09:41:29	17.35	--	283	491005	卖盘
09:41:23	17.35	--	3	5205	卖盘
09:41:19	17.35	0.01	175	303625	买盘
09:41:14	17.34	-0.01	220	381480	卖盘
09:41:08	17.35	--	62	107570	买盘
09:41:04	17.35	--	282	489270	买盘
09:40:59	17.35	0.01	115	199525	买盘
09:40:53	17.34	--	84	145656	卖盘
09:40:49	17.34	0.01	544	943296	买盘
09:40:44	17.33	--	324	561492	买盘
09:40:38	17.33	-0.01	260	450579	卖盘
09:40:34	17.34	0.01	210	364140	买盘
09:40:29	17.33	--	190	329269	买盘
09:40:23	17.33	--	257	445380	买盘
09:40:19	17.33	--	308	533764	买盘
09:40:14	17.33	-0.01	348	603083	卖盘
09:40:08	17.34	-0.01	737	1277958	卖盘
09:40:02	17.35	0.01	9	15615	买盘
09:39:59	17.34	--	1043	1808562	买盘
09:39:53	17.34	--	255	442170	买盘
09:39:47	17.34	0.01	26	45084	买盘
09:39:44	17.33	--	470	814509	卖盘
09:39:38	17.33	-0.01	285	493904	卖盘
09:39:32	17.34	0.01	74	128316	买盘
09:39:29	17.33	--	202	350065	卖盘
09:39:23	17.33	--	85	147305	卖盘
09:39:17	17.33	--	4	6931	卖盘
09:39:14	17.33	--	274	474841	买盘
09:39:08	17.33	--	58	100513	买盘
09:39:02	17.33	--	17	29460	买盘
09:38:59	17.33	--	209	362196	卖盘
09:38:53	17.33	0.01	402	696665	买盘
09:38:47	17.32	-0.01	208	360256	卖盘
09:38:44	17.33	0.01	448	776383	买盘
09:38:38	17.32	-0.01	129	223428	卖盘
09:38:32	17.33	--	115	199294	卖盘
09:38:29	17.33	--	209	362196	买盘
09:38:23	17.33	--	138	239153	卖盘
09:38:17	17.33	--	2	3465	卖盘
09:38:14	17.33	-0.01	257	445380	卖盘
09:38:08	17.34	0.01	52	90168	买盘
09:38:02	17.33	-0.01	73	126508	卖盘
09:37:59	17.34	0.01	41	71094	买盘
09:37:53	17.33	-0.01	197	341400	卖盘
09:37:47	17.34	--	91	157794	卖盘
09:37:43	17.34	--	54	93636	卖盘
09:37:38	17.34	--	24	41616	卖盘
09:37:32	17.34	--	11	19074	卖盘
09:37:28	17.34	0.01	324	561816	买盘
09:37:23	17.33	--	143	247818	卖盘
09:37:17	17.33	--	22	38125	卖盘
09:37:13	17.33	--	290	502569	买盘
09:37:08	17.33	--	72	124775	买盘
09:37:02	17.33	-0.01	52	90115	中性盘
09:36:58	17.34	0.01	154	267036	买盘
09:36:53	17.33	0.01	772	1337875	卖盘
09:36:47	17.32	-0.01	67	116044	卖盘
09:36:43	17.33	0.01	198	343133	买盘
09:36:38	17.32	--	915	1584780	卖盘
09:36:32	17.32	--	57	98724	卖盘
09:36:28	17.32	--	379	656428	买盘
09:36:23	17.32	0.01	366	633912	买盘
09:36:17	17.31	-0.01	107	185217	卖盘
09:36:13	17.32	--	226	391432	买盘
09:36:08	17.32	--	830	1437560	买盘
09:36:02	17.32	--	136	235552	买盘
09:35:58	17.32	--	332	575024	买盘
09:35:53	17.32	--	545	943940	卖盘
09:35:47	17.32	--	52	90064	卖盘
09:35:43	17.32	--	464	803648	卖盘
09:35:38	17.32	--	615	1065180	买盘
09:35:32	17.32	--	20	34640	买盘
09:35:28	17.32	--	160	277120	买盘
09:35:23	17.32	-0.01	621	1075572	卖盘
09:35:17	17.33	-0.01	85	147305	卖盘
09:35:13	17.34	0.02	51	88434	买盘
09:35:08	17.32	-0.01	247	427804	卖盘
09:35:02	17.33	-0.02	1468	2544043	卖盘
09:34:58	17.35	-0.01	513	890055	卖盘
09:34:53	17.36	--	177	307272	买盘
09:34:47	17.36	--	241	418376	买盘
09:34:43	17.36	-0.02	258	447888	卖盘
09:34:38	17.38	--	11	19118	买盘
09:34:32	17.38	--	30	52140	买盘
09:34:28	17.38	--	75	130349	买盘
09:34:23	17.38	0.01	64	111232	买盘
09:34:17	17.37	-0.01	183	317871	卖盘
09:34:13	17.38	--	345	599610	买盘
09:34:08	17.38	0.01	19	33022	买盘
09:34:02	17.37	-0.01	225	390825	卖盘
09:33:58	17.38	0.01	65	112970	买盘
09:33:53	17.37	-0.01	118	204966	卖盘
09:33:43	17.38	0.01	48	83424	买盘
09:33:38	17.37	0.01	593	1030041	买盘
09:33:32	17.36	-0.01	77	133672	卖盘
09:33:26	17.37	--	47	81639	买盘
09:33:23	17.37	0.01	77	133749	买盘
09:33:17	17.36	-0.01	172	298592	卖盘
09:33:11	17.37	0.01	233	404721	买盘
09:33:08	17.36	--	200	347200	买盘
09:33:02	17.36	--	83	144088	卖盘
09:32:56	17.36	0.01	43	74648	买盘
09:32:53	17.35	--	32	55520	卖盘
09:32:47	17.35	-0.01	1018	1766230	卖盘
09:32:41	17.36	--	98	170128	买盘
09:32:38	17.36	--	720	1249920	买盘
09:32:32	17.36	0.01	252	437472	中性盘
09:32:26	17.35	--	89	154415	卖盘
09:32:23	17.35	-0.01	693	1202355	卖盘
09:32:17	17.36	0.01	477	828072	买盘
09:32:11	17.35	--	56	97160	卖盘
09:32:08	17.35	--	153	265455	卖盘
09:32:02	17.35	-0.01	144	249840	卖盘
09:31:56	17.36	0.01	86	149296	买盘
09:31:53	17.35	-0.01	428	742580	卖盘
09:31:47	17.36	0.01	206	357616	买盘
09:31:41	17.35	-0.01	242	419870	卖盘
09:31:38	17.36	0.01	213	369768	买盘
09:31:32	17.35	-0.01	131	227285	卖盘
09:31:26	17.36	--	35	60760	买盘
09:31:23	17.36	--	392	680512	卖盘
09:31:17	17.36	-0.01	173	300328	卖盘
09:31:11	17.37	--	8	13896	买盘
09:31:07	17.37	--	41	71217	买盘
09:31:02	17.37	--	27	46899	买盘
09:30:56	17.37	--	97	168489	卖盘
09:30:52	17.37	--	356	618372	卖盘
09:30:47	17.37	-0.01	27	46899	卖盘
09:30:41	17.38	0.01	68	118184	买盘
09:30:37	17.37	-0.01	170	295290	卖盘
09:30:32	17.38	-0.02	177	307626	卖盘
09:30:26	17.4	0.02	2	3479	买盘
09:30:22	17.38	-0.02	14	24332	卖盘
09:30:11	17.4	--	64	111359	买盘
09:30:07	17.4	--	527	916979	卖盘
09:30:02	17.4	-0.04	231	401939	卖盘
09:28:43	17.44	--	0	0	买盘
09:25:05	17.44	17.44	846	1475424	买盘
