成交时间	成交价	价格变动	成交量(手)	成交额(元)	性质
15:00:00	7.31	--	0	0	买盘
15:00:00	7.31	--	0	0	买盘
14:59:59	7.31	--	5	3655	买盘
14:59:49	7.31	--	20	14620	买盘
14:59:44	7.31	--	6	4386	买盘
14:59:38	7.31	--	17	12427	买盘
14:59:34	7.31	--	20	14620	买盘
14:59:29	7.31	--	20	14620	买盘
14:59:23	7.31	--	193	141083	买盘
14:59:19	7.31	--	2	1462	买盘
14:59:14	7.31	0.01	92	67252	买盘
14:59:04	7.3	--	420	306600	卖盘
14:58:59	7.3	--	14	10220	卖盘
14:58:53	7.3	-0.01	5	3650	卖盘
14:58:49	7.31	0.01	35	25585	买盘
14:58:44	7.3	-0.01	10	7300	卖盘
14:58:34	7.31	0.01	106	77486	买盘
14:58:14	7.3	--	56	40880	卖盘
14:58:04	7.3	-0.01	153	111690	卖盘
14:57:59	7.31	0.01	22	16082	买盘
14:57:53	7.3	--	12	8760	卖盘
14:57:49	7.3	-0.01	28	20440	卖盘
14:57:44	7.31	--	38	27778	买盘
14:57:23	7.31	--	12	8772	买盘
14:57:19	7.31	0.01	1	731	买盘
14:57:14	7.3	-0.01	5	3650	卖盘
14:57:04	7.31	--	51	37281	买盘
14:56:53	7.31	0.01	24	17544	买盘
14:56:49	7.3	-0.01	467	340910	卖盘
14:56:44	7.31	--	40	29240	买盘
14:56:34	7.31	0.01	21	15351	买盘
14:56:29	7.3	-0.01	4	2920	卖盘
14:56:19	7.31	--	55	40205	买盘
14:56:14	7.31	--	117	85527	买盘
14:56:04	7.31	--	12	8772	买盘
14:55:59	7.31	--	7	5117	买盘
14:55:53	7.31	--	20	14620	买盘
14:55:49	7.31	0.01	42	30702	买盘
14:55:44	7.3	-0.01	250	182500	卖盘
14:55:38	7.31	--	88	64328	买盘
14:55:34	7.31	--	23	16813	买盘
14:55:29	7.31	--	10	7310	买盘
14:55:19	7.31	--	36	26316	买盘
14:55:13	7.31	--	250	182750	买盘
14:55:08	7.31	--	78	57018	买盘
14:54:43	7.31	0.01	2	1462	买盘
14:54:38	7.3	--	129	94170	卖盘
14:54:28	7.3	-0.01	5	3650	卖盘
14:54:23	7.31	0.01	5	3655	买盘
14:54:13	7.3	-0.01	6	4380	卖盘
14:54:08	7.31	--	21	15351	买盘
14:53:53	7.31	0.01	12	8772	买盘
14:53:47	7.3	-0.01	5	3650	卖盘
14:53:43	7.31	0.01	5	3655	买盘
14:53:38	7.3	--	39	28470	卖盘
14:53:28	7.3	--	59	43070	卖盘
14:53:23	7.3	0.01	1945	1419850	买盘
14:53:17	7.29	-0.01	188	137052	卖盘
14:53:08	7.3	0.01	7	5110	买盘
14:53:02	7.29	--	20	14580	卖盘
14:52:53	7.29	-0.01	40	29160	卖盘
14:52:47	7.3	0.01	24	17520	买盘
14:52:43	7.29	--	30	21870	卖盘
14:52:28	7.29	--	216	157464	买盘
14:52:13	7.29	--	2	1458	买盘
14:52:08	7.29	--	43	31347	买盘
14:52:02	7.29	0.01	70	51030	买盘
14:51:58	7.28	-0.01	1	728	卖盘
14:51:53	7.29	--	20	14580	买盘
14:51:32	7.29	--	1	729	买盘
14:51:28	7.29	--	10	7290	买盘
14:51:17	7.29	--	2	1458	买盘
14:51:13	7.29	-0.01	65	47385	卖盘
14:51:08	7.3	0.01	5	3650	买盘
14:50:58	7.29	--	83	60507	买盘
14:50:47	7.29	--	105	76545	卖盘
14:50:43	7.29	-0.01	31	22599	卖盘
14:50:28	7.3	0.01	99	72270	买盘
14:50:23	7.29	--	7	5103	买盘
14:49:58	7.29	--	94	68526	买盘
14:49:38	7.29	--	140	102060	买盘
14:49:32	7.29	0.01	20	14580	买盘
14:49:28	7.28	--	125	91000	卖盘
14:49:13	7.28	-0.01	2	1456	卖盘
14:48:53	7.29	--	2	1458	买盘
14:48:47	7.29	--	1	729	买盘
14:48:02	7.29	0.01	40	29160	买盘
14:47:26	7.28	--	104	75712	卖盘
14:47:11	7.28	--	3	2184	卖盘
14:46:47	7.28	--	10	7280	卖盘
14:46:37	7.28	--	124	90272	买盘
14:46:32	7.28	--	5	3640	买盘
14:46:26	7.28	--	4	2912	买盘
14:46:22	7.28	--	18	13104	买盘
14:46:11	7.28	--	2	1456	买盘
14:46:07	7.28	--	14	10192	买盘
14:46:02	7.28	--	72	52416	卖盘
14:45:56	7.28	-0.01	2	1456	卖盘
14:45:47	7.29	0.01	21	15309	买盘
14:45:41	7.28	--	1	728	卖盘
14:45:37	7.28	-0.01	4	2912	卖盘
14:45:22	7.29	--	5	3645	买盘
14:45:11	7.29	0.01	10	7290	买盘
14:45:02	7.28	-0.01	5	3640	卖盘
14:44:56	7.29	--	47	34263	买盘
14:44:52	7.29	--	37	26973	买盘
14:44:37	7.29	--	40	29160	买盘
14:44:32	7.29	--	2	1458	买盘
14:44:26	7.29	0.02	127	92583	买盘
14:44:22	7.27	--	4	2908	卖盘
14:44:17	7.27	-0.01	267	194109	卖盘
14:44:11	7.28	--	1	728	卖盘
14:44:02	7.28	--	28	20384	卖盘
14:43:56	7.28	--	43	31304	买盘
14:43:47	7.28	--	2	1456	买盘
14:43:22	7.28	0.01	10	7280	买盘
14:43:17	7.27	-0.01	76	55252	卖盘
14:43:11	7.28	--	10	7280	买盘
14:42:47	7.28	--	29	21679	卖盘
14:42:41	7.28	--	1	728	卖盘
14:42:37	7.28	--	2	1456	卖盘
14:42:32	7.28	--	30	21840	卖盘
14:42:22	7.28	--	6	4368	卖盘
14:42:11	7.28	0.01	46	33648	买盘
14:42:06	7.27	-0.01	6	4362	卖盘
14:42:02	7.28	0.01	104	75712	买盘
14:41:47	7.27	--	19	13813	卖盘
14:41:31	7.27	--	6	4362	卖盘
14:41:16	7.27	--	22	15993	卖盘
14:41:11	7.27	-0.01	5	3635	卖盘
14:41:05	7.28	--	2	1456	买盘
14:41:01	7.28	0.01	5	3640	买盘
14:40:46	7.27	--	10	7270	卖盘
14:40:41	7.27	--	1	727	卖盘
14:40:35	7.27	-0.01	14	10178	卖盘
14:40:26	7.28	--	2	1456	买盘
14:40:20	7.28	0.01	5	3640	买盘
14:40:11	7.27	-0.01	14	10178	卖盘
14:40:01	7.28	--	50	36400	买盘
14:39:56	7.28	--	146	106288	买盘
14:39:41	7.28	--	8	5824	买盘
14:39:35	7.28	--	6	4368	买盘
14:39:31	7.28	--	662	481936	买盘
14:39:26	7.28	--	127	92456	买盘
14:39:16	7.28	0.01	120	87360	买盘
14:39:11	7.27	-0.01	21	15267	卖盘
14:38:56	7.28	--	23	16744	买盘
14:38:31	7.28	--	7	5096	买盘
14:38:26	7.28	--	40	29120	买盘
14:38:20	7.28	--	24	17472	买盘
14:38:01	7.28	0.01	2	1456	买盘
14:37:46	7.27	--	5	3635	卖盘
14:37:41	7.27	-0.01	10	7270	卖盘
14:37:16	7.28	--	1075	782600	买盘
14:36:56	7.28	--	22	16016	买盘
14:36:46	7.28	0.01	5	3640	买盘
14:36:26	7.27	-0.01	100	72700	卖盘
14:36:20	7.28	--	22	16016	买盘
14:36:16	7.28	0.01	10	7280	买盘
14:36:11	7.27	-0.01	1	727	卖盘
14:36:05	7.28	--	55	40069	买盘
14:35:56	7.28	0.01	209	152152	买盘
14:35:40	7.27	-0.01	1	727	卖盘
14:35:35	7.28	--	10	7280	买盘
14:35:30	7.28	--	4	2912	买盘
14:35:20	7.28	--	22	16016	买盘
14:35:15	7.28	--	3	2184	买盘
14:35:10	7.28	--	145	106127	卖盘
14:35:05	7.28	--	1000	728000	卖盘
14:34:40	7.28	--	1	728	卖盘
14:34:35	7.28	-0.01	60	43680	卖盘
14:34:25	7.29	0.01	2	1458	买盘
14:34:20	7.28	-0.01	126	91728	卖盘
14:34:10	7.29	--	5	3645	买盘
14:33:35	7.29	--	91	66339	买盘
14:33:25	7.29	0.01	9	6561	买盘
14:33:20	7.28	-0.01	206	150332	卖盘
14:33:10	7.29	--	12	8748	买盘
14:33:05	7.29	0.01	12	8748	买盘
14:32:59	7.28	-0.01	56	40768	卖盘
14:32:50	7.29	--	29	21141	买盘
14:32:44	7.29	0.01	1	729	买盘
14:32:40	7.28	-0.01	6	4368	卖盘
14:32:25	7.29	--	121	88209	买盘
14:32:20	7.29	--	144	104976	中性盘
14:32:14	7.29	--	14	10206	卖盘
14:32:10	7.29	-0.01	258	188082	卖盘
14:32:05	7.3	0.01	304	221920	买盘
14:31:59	7.29	--	183	133407	卖盘
14:31:55	7.29	--	28	20412	卖盘
14:31:50	7.29	-0.01	14	10206	卖盘
14:31:35	7.3	--	28	20440	买盘
14:31:29	7.3	--	5	3650	买盘
14:31:25	7.3	0.01	63	45990	买盘
14:31:14	7.29	--	82	59778	卖盘
14:31:10	7.29	-0.01	27	19683	卖盘
14:31:05	7.3	--	5	3650	买盘
14:30:59	7.3	--	5	3650	买盘
14:30:55	7.3	--	32	23360	买盘
14:30:50	7.3	-0.01	147	107310	卖盘
14:30:40	7.31	0.01	23	16813	买盘
14:30:25	7.3	--	20	14600	卖盘
14:30:10	7.3	--	25	18250	买盘
14:30:05	7.3	--	3	2190	买盘
14:29:59	7.3	--	10	7300	买盘
14:29:55	7.3	--	31	22630	买盘
14:29:50	7.3	--	317	231410	买盘
14:29:44	7.3	0.01	5	3650	买盘
14:29:40	7.29	-0.01	11	8019	卖盘
14:29:35	7.3	0.01	15	10950	买盘
14:29:24	7.29	-0.01	7	5103	卖盘
14:29:19	7.3	--	20	14600	买盘
14:29:04	7.3	--	30	21900	买盘
14:28:59	7.3	--	100	73000	买盘
14:28:44	7.3	0.01	13	9490	买盘
14:28:23	7.29	--	47	34263	卖盘
14:28:14	7.29	-0.01	1	729	卖盘
14:28:04	7.3	0.01	6	4380	买盘
14:27:38	7.29	-0.01	5	3645	卖盘
14:27:34	7.3	0.01	10	7300	买盘
14:27:14	7.29	-0.01	139	101331	卖盘
14:27:08	7.3	--	10	7300	买盘
14:26:49	7.3	0.01	50	36500	买盘
14:26:44	7.29	-0.01	2	1458	卖盘
14:26:34	7.3	0.01	13	9490	买盘
14:26:29	7.29	-0.01	124	90396	卖盘
14:26:19	7.3	--	2	1460	卖盘
14:26:14	7.3	--	25	18250	卖盘
14:26:08	7.3	0.01	20	14600	卖盘
14:26:04	7.29	--	0	0	卖盘
14:25:44	7.29	-0.01	70	51030	卖盘
14:25:34	7.3	0.01	3	2190	买盘
14:25:23	7.29	-0.01	20	14580	卖盘
14:25:19	7.3	--	76	55480	买盘
14:24:59	7.3	0.01	26	18980	买盘
14:24:53	7.29	-0.01	7	5103	卖盘
14:24:49	7.3	0.01	71	51830	买盘
14:24:44	7.29	--	16	11664	卖盘
14:24:34	7.29	-0.01	51	37179	卖盘
14:24:29	7.3	-0.01	30	21900	中性盘
14:24:23	7.31	0.02	161	117691	买盘
14:24:19	7.29	-0.01	85	61965	卖盘
14:24:14	7.3	-0.01	85	62050	卖盘
14:24:08	7.31	--	3	2193	买盘
14:24:04	7.31	--	309	225879	买盘
14:23:59	7.31	0.01	200	146200	买盘
14:23:53	7.3	--	28	20440	卖盘
14:23:44	7.3	-0.01	14	10220	卖盘
14:23:34	7.31	--	41	29971	买盘
14:23:23	7.31	0.01	107	78217	买盘
14:23:19	7.3	--	122	89060	卖盘
14:23:14	7.3	-0.01	2	1460	卖盘
14:23:08	7.31	--	228	166668	买盘
14:23:04	7.31	0.01	9	6579	买盘
14:22:38	7.3	--	86	62780	买盘
14:22:33	7.3	--	2000	1460000	买盘
14:22:23	7.3	--	23	16790	买盘
14:22:13	7.3	--	10	7300	买盘
14:22:08	7.3	--	40	29200	买盘
14:22:02	7.3	0.01	10	7300	买盘
14:21:43	7.29	--	1	729	卖盘
14:21:38	7.29	--	115	83835	卖盘
14:21:17	7.29	--	27	19683	卖盘
14:21:13	7.29	-0.01	1	729	卖盘
14:21:02	7.3	--	10	7300	买盘
14:20:43	7.3	0.01	5	3650	买盘
14:20:28	7.29	-0.01	30	21870	卖盘
14:20:13	7.3	--	36	26280	买盘
14:19:53	7.3	0.01	12	8760	买盘
14:19:43	7.29	--	1	729	卖盘
14:19:38	7.29	--	56	40824	卖盘
14:19:23	7.29	--	163	119191	卖盘
14:19:17	7.29	--	30	21870	卖盘
14:18:53	7.29	--	1	729	卖盘
14:18:38	7.29	--	287	209223	卖盘
14:18:13	7.29	--	1	729	卖盘
14:17:47	7.29	--	402	293189	买盘
14:17:43	7.29	--	3	2187	买盘
14:17:38	7.29	--	30	21870	买盘
14:17:32	7.29	--	500	364500	买盘
14:17:22	7.29	0.01	30	21870	买盘
14:17:13	7.28	-0.01	56	40768	卖盘
14:17:07	7.29	--	11	8019	买盘
14:17:02	7.29	--	12	8748	买盘
14:16:53	7.29	0.01	68	49572	买盘
14:16:42	7.28	--	1	728	卖盘
14:16:28	7.28	--	26	18928	卖盘
14:16:22	7.28	--	306	223292	买盘
14:16:07	7.28	--	4	2912	买盘
14:15:47	7.28	--	163	118664	买盘
14:15:32	7.28	--	17	12376	买盘
14:15:22	7.28	--	0	0	买盘
14:15:17	7.28	0.01	454	330715	买盘
14:15:11	7.27	--	3	2181	卖盘
14:15:02	7.27	--	9	6543	卖盘
14:14:37	7.27	-0.01	0	523	卖盘
14:14:22	7.28	--	336	244608	买盘
14:14:17	7.28	--	112	81536	买盘
14:14:11	7.28	--	42	30576	买盘
14:14:07	7.28	--	29	21112	买盘
14:14:02	7.28	--	0	0	买盘
14:13:47	7.28	0.02	9	6552	买盘
14:13:41	7.26	-0.01	59	42834	卖盘
14:13:37	7.27	--	161	117047	买盘
14:13:02	7.27	--	9	6543	买盘
14:12:56	7.27	--	12	8724	买盘
14:12:41	7.27	--	6	4362	买盘
14:12:22	7.27	--	30	21810	买盘
14:12:01	7.27	0.01	4	2908	买盘
14:11:56	7.26	-0.01	78	56628	卖盘
14:11:52	7.27	0.01	5	3635	买盘
14:11:41	7.26	--	1	726	卖盘
14:11:37	7.26	--	30	21780	卖盘
14:11:16	7.26	-0.01	0	522	卖盘
14:11:11	7.27	--	26	18902	买盘
14:10:41	7.27	--	28	20356	买盘
14:10:21	7.27	0.01	6	4362	买盘
14:10:11	7.26	--	1	726	卖盘
14:09:16	7.26	--	10	7260	卖盘
14:09:11	7.26	--	0	363	卖盘
14:08:41	7.26	-0.01	29	21054	卖盘
14:08:26	7.27	0.01	19	13813	买盘
14:08:16	7.26	--	5	3630	卖盘
14:08:01	7.26	--	1	726	卖盘
14:07:50	7.26	--	37	26862	卖盘
14:07:26	7.26	--	70	50820	卖盘
14:07:11	7.26	-0.01	1	726	卖盘
14:07:01	7.27	--	25	18175	买盘
14:06:56	7.27	0.01	2	1454	买盘
14:06:46	7.26	--	10	7260	卖盘
14:06:26	7.26	-0.01	0	609	卖盘
14:06:11	7.27	--	31	22537	卖盘
14:05:56	7.27	0.02	50	36350	买盘
14:05:46	7.25	--	0	0	卖盘
14:05:41	7.25	--	56	40600	卖盘
14:05:35	7.25	-0.01	7	5075	卖盘
14:05:31	7.26	--	16	11616	买盘
14:05:26	7.26	--	5	3630	买盘
14:05:20	7.26	0.01	3	2178	买盘
14:05:16	7.25	-0.01	14	10150	卖盘
14:05:10	7.26	--	323	234498	卖盘
14:05:05	7.26	--	7	5082	买盘
14:05:01	7.26	--	499	362274	卖盘
14:04:46	7.26	-0.01	11	7986	卖盘
14:04:40	7.27	--	26	18902	买盘
14:04:25	7.27	--	1	727	买盘
14:04:10	7.27	0.01	5	3635	买盘
14:03:55	7.26	--	2	1452	卖盘
14:03:40	7.26	--	1	726	卖盘
14:03:31	7.26	-0.01	8	5808	卖盘
14:03:25	7.27	--	1	727	买盘
14:03:10	7.27	0.01	1	727	买盘
14:03:00	7.26	--	100	72600	卖盘
14:02:20	7.26	--	9	6534	卖盘
14:02:10	7.26	-0.01	1	726	卖盘
14:01:55	7.27	--	14	10178	买盘
14:01:40	7.27	-0.01	116	84332	卖盘
14:01:25	7.28	--	1	728	买盘
14:01:10	7.28	0.03	322	234416	买盘
14:01:05	7.25	-0.02	1000	725000	卖盘
14:00:55	7.27	--	16	11632	买盘
14:00:50	7.27	0.01	21	15267	买盘
14:00:44	7.26	--	2	1452	卖盘
14:00:40	7.26	-0.01	11	7986	卖盘
14:00:29	7.27	--	47	34169	卖盘
14:00:20	7.27	--	1	727	卖盘
13:59:35	7.27	--	5	3635	卖盘
13:59:24	7.27	--	14	10178	卖盘
13:59:20	7.27	--	28	20356	卖盘
13:59:14	7.27	--	14	10178	卖盘
13:59:10	7.27	--	3	2181	卖盘
13:58:59	7.27	--	10	7270	卖盘
13:58:55	7.27	--	60	43620	卖盘
13:58:20	7.27	-0.01	15	10905	卖盘
13:58:14	7.28	--	26	18928	买盘
13:58:05	7.28	--	1	728	买盘
13:57:40	7.28	0.01	34	24752	买盘
13:57:29	7.27	--	1	727	卖盘
13:57:14	7.27	--	48	34896	卖盘
13:57:09	7.27	--	4	2908	卖盘
13:57:04	7.27	--	3	2181	卖盘
13:56:49	7.27	--	34	24718	卖盘
13:56:34	7.27	--	239	173753	买盘
13:56:24	7.27	0.01	25	18175	买盘
13:56:14	7.26	--	1	726	卖盘
13:56:09	7.26	0.01	5	3630	卖盘
13:55:59	7.25	--	0	0	卖盘
13:55:54	7.25	--	17	12325	卖盘
13:55:49	7.25	--	0	0	卖盘
13:55:44	7.25	-0.01	101	73225	卖盘
13:55:29	7.26	--	5	3630	买盘
13:55:19	7.26	--	347	251922	卖盘
13:55:04	7.26	--	1	726	买盘
13:54:59	7.26	--	171	124146	卖盘
13:54:38	7.26	--	12	8712	卖盘
13:54:34	7.26	-0.01	1	726	卖盘
13:54:19	7.27	0.01	24	17448	买盘
13:54:14	7.26	--	41	29766	卖盘
13:53:59	7.26	--	30	21780	卖盘
13:53:34	7.26	--	30	21780	卖盘
13:53:08	7.26	-0.01	8	5808	卖盘
13:53:04	7.27	--	3	2181	买盘
13:52:44	7.27	--	31	22537	买盘
13:52:19	7.27	--	30	21810	买盘
13:51:48	7.27	--	28	20356	买盘
13:51:29	7.27	--	37	26899	买盘
13:51:14	7.27	--	2	1454	买盘
13:51:04	7.27	--	17	12359	买盘
13:50:59	7.27	--	5	3635	买盘
13:50:53	7.27	--	1	727	买盘
13:50:48	7.27	0.02	2	1454	买盘
13:50:43	7.25	-0.02	1	725	卖盘
13:50:33	7.27	0.02	29	21083	买盘
13:50:08	7.25	--	10	7250	卖盘
13:50:03	7.25	--	15	10889	买盘
13:49:58	7.25	--	305	221125	买盘
13:49:48	7.25	--	110	79750	买盘
13:49:38	7.25	--	110	79750	买盘
13:49:23	7.25	--	108	78300	买盘
13:49:18	7.25	--	1777	1289042	卖盘
13:49:13	7.25	--	1	725	卖盘
13:48:58	7.25	--	0	7	卖盘
13:48:53	7.25	-0.01	1371	993975	卖盘
13:48:48	7.26	-0.01	14	10164	卖盘
13:48:32	7.27	--	4	2908	卖盘
13:48:13	7.27	-0.01	4	2908	中性盘
13:48:08	7.28	--	12	8736	买盘
13:48:02	7.28	--	6	4368	买盘
13:47:58	7.28	0.02	5	3640	买盘
13:47:43	7.26	-0.02	1	726	卖盘
13:47:23	7.28	--	60	43680	买盘
13:47:08	7.28	0.02	2	1456	买盘
13:46:53	7.26	-0.01	39	28314	卖盘
13:46:47	7.27	--	10	7270	卖盘
13:46:12	7.27	--	1	727	卖盘
13:46:08	7.27	--	10	7270	买盘
13:46:02	7.27	--	7	5089	买盘
13:45:38	7.27	0.01	1	727	买盘
13:44:57	7.26	--	0	0	卖盘
13:44:42	7.26	--	10	7260	卖盘
13:44:32	7.26	--	7	5082	卖盘
13:43:57	7.26	--	11	7986	卖盘
13:42:57	7.26	-0.02	10	7260	卖盘
13:42:52	7.28	0.02	80	58240	买盘
13:42:43	7.26	-0.02	1	726	卖盘
13:42:32	7.28	0.02	5	3640	买盘
13:42:12	7.26	-0.02	30	21780	卖盘
13:42:07	7.28	--	201	146328	买盘
13:41:52	7.28	0.02	100	72800	买盘
13:41:47	7.26	--	2	1452	卖盘
13:41:32	7.26	--	1	726	卖盘
13:41:11	7.26	0.01	1	726	卖盘
13:40:47	7.25	--	0	0	卖盘
13:40:41	7.25	--	2	1450	卖盘
13:40:32	7.25	--	23	16675	卖盘
13:40:07	7.25	--	28	20300	卖盘
13:40:02	7.25	--	24	17400	卖盘
13:39:56	7.25	-0.03	39	28275	卖盘
13:39:52	7.28	-0.01	10	7280	买盘
13:39:47	7.29	0.04	1	729	买盘
13:39:41	7.25	-0.04	2538	1840050	卖盘
13:39:17	7.29	--	35	25515	买盘
13:39:11	7.29	--	8	5832	买盘
13:39:06	7.29	--	40	29160	买盘
13:39:02	7.29	0.02	42	30618	买盘
13:38:41	7.27	-0.01	10	7270	卖盘
13:38:21	7.28	--	1	728	买盘
13:38:16	7.28	--	49	35672	卖盘
13:38:11	7.28	-0.01	1	728	卖盘
13:38:06	7.29	--	32	23328	买盘
13:38:02	7.29	--	20	14580	买盘
13:37:21	7.29	--	30	21870	买盘
13:37:06	7.29	--	16	11664	买盘
13:37:01	7.29	0.01	2	1458	买盘
13:36:56	7.28	--	5	3640	买盘
13:36:51	7.28	--	0	0	中性盘
13:36:41	7.28	0.01	254	184912	买盘
13:36:11	7.27	--	1	727	卖盘
13:36:07	7.27	-0.01	10	7270	卖盘
13:35:41	7.28	--	10	7280	买盘
13:35:21	7.28	--	6	4368	买盘
13:35:16	7.28	0.01	14	10192	买盘
13:34:56	7.27	--	44	31987	卖盘
13:34:46	7.27	--	2	1454	卖盘
13:34:31	7.27	--	40	29080	卖盘
13:34:16	7.27	--	9	6543	卖盘
13:34:05	7.27	-0.01	900	654300	卖盘
13:34:01	7.28	0.01	13	9464	买盘
13:33:46	7.27	-0.01	6	4362	卖盘
13:33:26	7.28	0.01	43	31304	买盘
13:33:15	7.27	-0.01	10	7270	卖盘
13:33:11	7.28	--	1	728	买盘
13:33:00	7.28	--	10	7280	买盘
13:32:31	7.28	--	20	14560	买盘
13:32:26	7.28	--	26	18928	买盘
13:32:20	7.28	--	30	21840	买盘
13:32:05	7.28	0.01	9	6552	买盘
13:31:56	7.27	--	10	7270	卖盘
13:31:45	7.27	-0.01	1	727	卖盘
13:31:41	7.28	--	2	1456	买盘
13:31:11	7.28	--	5	3640	买盘
13:31:00	7.28	--	5	3640	买盘
13:30:41	7.28	0.01	20	14560	买盘
13:30:20	7.27	-0.01	12	8724	卖盘
13:30:00	7.28	0.01	1	728	买盘
13:29:45	7.27	--	1	727	卖盘
13:29:15	7.27	-0.01	10	7270	卖盘
13:28:35	7.28	--	5	3640	买盘
13:28:25	7.28	-0.01	45	32760	卖盘
13:28:20	7.29	0.01	6	4374	买盘
13:28:05	7.28	--	5	3640	卖盘
13:27:29	7.28	-0.01	10	7280	卖盘
13:27:20	7.29	--	30	21870	买盘
13:27:14	7.29	--	3	2187	买盘
13:27:10	7.29	--	10	7290	买盘
13:27:05	7.29	0.01	6	4374	买盘
13:26:50	7.28	-0.01	1	728	卖盘
13:26:40	7.29	--	39	28431	买盘
13:26:20	7.29	--	2	1458	买盘
13:26:10	7.29	--	7	5103	买盘
13:26:05	7.29	--	6	4374	买盘
13:25:59	7.29	--	1	729	买盘
13:25:20	7.29	--	63	45927	买盘
13:24:09	7.29	--	1	729	买盘
13:23:54	7.29	--	10	7290	买盘
13:23:49	7.29	0.01	45	32805	买盘
13:23:39	7.28	-0.01	11	8008	卖盘
13:23:29	7.29	--	12	8748	买盘
13:23:24	7.29	--	10	7290	买盘
13:23:09	7.29	--	2	1458	买盘
13:23:04	7.29	--	5	3645	买盘
13:22:54	7.29	--	18	13122	买盘
13:22:39	7.29	--	37	26973	买盘
13:22:24	7.29	--	23	16767	买盘
13:22:19	7.29	--	32	23328	买盘
13:22:09	7.29	--	12	8748	买盘
13:22:04	7.29	0.01	11	8019	买盘
13:21:49	7.28	--	1	728	卖盘
13:21:39	7.28	--	10	7280	卖盘
13:21:34	7.28	--	15	10920	卖盘
13:21:29	7.28	--	10	7280	卖盘
13:21:19	7.28	--	38	27664	买盘
13:21:09	7.28	--	7	5096	买盘
13:20:59	7.28	--	9	6552	买盘
13:20:38	7.28	--	2	1456	买盘
13:20:29	7.28	--	9	6552	买盘
13:20:23	7.28	--	16	11648	卖盘
13:20:19	7.28	-0.01	1	728	卖盘
13:20:08	7.29	--	2	1458	买盘
13:20:04	7.29	--	10	7290	买盘
13:19:59	7.29	--	9	6561	买盘
13:19:44	7.29	0.02	2	1458	买盘
13:19:19	7.27	--	1	727	卖盘
13:19:14	7.27	-0.02	9	6543	卖盘
13:19:03	7.29	--	8	5832	买盘
13:18:48	7.29	--	2	1458	买盘
13:18:14	7.29	--	9	6561	买盘
13:18:08	7.29	0.01	5	3645	买盘
13:18:03	7.28	--	46	33488	买盘
13:17:58	7.28	--	1	728	买盘
13:17:44	7.28	0.01	19	13832	买盘
13:17:29	7.27	-0.01	3	2181	卖盘
13:17:18	7.28	--	37	26936	买盘
13:17:14	7.28	-0.01	48	34944	卖盘
13:17:03	7.29	0.01	10	7290	买盘
13:16:33	7.28	-0.01	10	7280	卖盘
13:16:28	7.29	--	1	729	买盘
13:16:08	7.29	--	36	26244	买盘
13:16:03	7.29	--	10	7290	买盘
13:15:58	7.29	--	5	3645	买盘
13:15:43	7.29	--	5	3645	买盘
13:15:18	7.29	--	8	5832	买盘
13:15:03	7.29	--	10	7290	买盘
13:14:28	7.29	--	4	2916	买盘
13:14:17	7.29	0.01	14	10206	买盘
13:14:13	7.28	--	2	1456	买盘
13:14:08	7.28	-0.01	5	3640	中性盘
13:14:02	7.29	--	9	6561	买盘
13:13:58	7.29	--	115	83835	买盘
13:13:47	7.29	--	3	2187	买盘
13:13:38	7.29	0.02	29	21141	买盘
13:13:08	7.27	--	100	72700	卖盘
13:13:02	7.27	-0.02	20	14540	卖盘
13:12:53	7.29	--	11	8019	买盘
13:12:23	7.29	0.02	57	41553	买盘
13:12:17	7.27	-0.02	1	727	卖盘
13:12:02	7.29	0.02	1	729	买盘
13:11:57	7.27	-0.02	29	21083	卖盘
13:11:23	7.29	0.01	118	86022	买盘
13:11:17	7.28	--	1	728	买盘
13:11:12	7.28	--	4	2912	买盘
13:11:08	7.28	--	12	8736	买盘
13:11:02	7.28	--	1	728	买盘
13:10:57	7.28	-0.01	7	5096	卖盘
13:10:53	7.29	0.02	8	5832	买盘
13:10:47	7.27	-0.01	1	727	卖盘
13:10:38	7.28	--	21	15288	买盘
13:10:32	7.28	--	706	513968	买盘
13:10:27	7.28	--	420	305760	买盘
13:10:23	7.28	-0.01	36	26208	卖盘
13:10:02	7.29	--	5	3645	买盘
13:09:53	7.29	--	350	255150	买盘
13:09:37	7.29	--	5	3645	买盘
13:09:27	7.29	--	0	0	买盘
13:09:22	7.29	0.02	8	5832	买盘
13:09:17	7.27	-0.01	1	727	卖盘
13:09:12	7.28	--	147	107016	买盘
13:09:02	7.28	--	10	7280	买盘
13:08:47	7.28	--	41	29848	买盘
13:08:37	7.28	--	22	16016	买盘
13:08:17	7.28	--	57	41496	买盘
13:08:12	7.28	--	53	38584	买盘
13:08:07	7.28	--	3	2184	买盘
13:08:02	7.28	--	9	6552	买盘
13:07:37	7.28	--	36	26208	买盘
13:07:22	7.28	0.01	30	21840	买盘
13:07:17	7.27	-0.01	1	727	卖盘
13:07:07	7.28	--	1	728	买盘
13:07:02	7.28	--	9	6552	买盘
13:06:32	7.28	--	32	23296	买盘
13:06:22	7.28	--	15	10920	买盘
13:06:17	7.28	--	15	10920	买盘
13:06:07	7.28	--	15	10920	买盘
13:06:02	7.28	0.01	30	21840	买盘
13:05:47	7.27	-0.01	1	727	卖盘
13:04:26	7.28	--	90	65520	卖盘
13:04:21	7.28	--	5	3640	卖盘
13:04:16	7.28	-0.01	1	728	卖盘
13:04:01	7.29	--	102	74358	买盘
13:03:36	7.29	--	2	1458	买盘
13:03:06	7.29	--	5	3645	买盘
13:03:01	7.29	0.01	5	3645	买盘
13:02:46	7.28	--	1	728	卖盘
13:02:11	7.28	--	70	50960	买盘
13:02:01	7.28	0.01	3	2184	买盘
13:01:41	7.27	-0.01	1	727	卖盘
13:01:31	7.28	--	0	0	买盘
13:01:01	7.28	0.02	5	3640	买盘
13:00:46	7.26	-0.02	1	726	卖盘
13:00:35	7.28	0.01	4	2912	买盘
13:00:31	7.27	--	6	4362	卖盘
13:00:20	7.27	--	2	1454	买盘
13:00:16	7.27	--	23	16721	买盘
13:00:11	7.27	--	222	161394	卖盘
13:00:05	7.27	-0.01	9	6543	卖盘
13:00:01	7.28	--	5	3640	买盘
11:30:00	7.28	--	0	0	买盘
11:30:00	7.28	--	0	0	买盘
11:29:27	7.28	0.01	11	8008	买盘
11:29:16	7.27	--	1	727	卖盘
11:29:12	7.27	-0.01	14	10178	卖盘
11:29:07	7.28	0.01	10	7280	买盘
11:29:01	7.27	-0.01	2	1454	卖盘
11:28:42	7.28	--	29	21112	买盘
11:28:27	7.28	0.01	10	7280	买盘
11:28:12	7.27	--	0	0	中性盘
11:28:07	7.27	0.01	1	727	买盘
11:27:46	7.26	-0.02	42	30492	卖盘
11:27:40	7.28	0.01	5	3640	买盘
11:26:16	7.27	--	1	727	卖盘
11:25:40	7.27	--	5	3635	买盘
11:25:36	7.27	--	11	7996	买盘
11:25:21	7.27	--	2	1454	买盘
11:25:06	7.27	0.01	32	23264	卖盘
11:24:55	7.26	--	0	0	卖盘
11:24:46	7.26	-0.02	1	726	卖盘
11:24:31	7.28	0.02	80	58240	买盘
11:24:21	7.26	--	0	0	卖盘
11:24:06	7.26	--	10	7260	卖盘
11:24:01	7.26	-0.02	10	7260	卖盘
11:23:25	7.28	0.02	54	39312	买盘
11:23:21	7.26	-0.02	65	47190	卖盘
11:23:16	7.28	0.03	29	21112	买盘
11:22:51	7.25	--	0	0	卖盘
11:22:46	7.25	-0.03	1	725	卖盘
11:22:40	7.28	0.02	65	47320	买盘
11:22:36	7.26	--	32	23232	买盘
11:22:31	7.26	0.01	13	9438	买盘
11:22:25	7.25	--	0	0	卖盘
11:22:16	7.25	-0.01	13	9425	卖盘
11:22:10	7.26	--	21	15246	卖盘
11:22:06	7.26	--	46	33396	卖盘
11:21:55	7.26	--	3	2178	卖盘
11:21:51	7.26	--	166	120516	卖盘
11:21:46	7.26	--	10	7260	卖盘
11:21:31	7.26	--	78	56628	卖盘
11:21:25	7.26	--	34	24684	卖盘
11:21:21	7.26	--	101	73326	卖盘
11:21:16	7.26	--	1	726	卖盘
11:21:10	7.26	--	114	82764	卖盘
11:21:05	7.26	--	88	63888	卖盘
11:21:01	7.26	--	229	166254	卖盘
11:20:40	7.26	--	14	10164	卖盘
11:20:34	7.26	--	53	38478	卖盘
11:19:45	7.26	--	1	726	卖盘
11:18:40	7.26	-0.01	22	15972	卖盘
11:18:15	7.27	--	3	2181	买盘
11:18:04	7.27	--	5	3635	买盘
11:17:25	7.27	--	139	101053	买盘
11:17:19	7.27	0.01	136	98872	买盘
11:17:15	7.26	-0.01	130	94380	卖盘
11:16:45	7.27	--	28	20356	买盘
11:16:30	7.27	0.01	6	4362	买盘
11:16:15	7.26	--	1	726	卖盘
11:16:10	7.26	--	15	10890	卖盘
11:15:55	7.26	--	1	726	卖盘
11:15:40	7.26	--	264	191664	卖盘
11:15:30	7.26	--	6	4356	卖盘
11:14:49	7.26	--	1	726	卖盘
11:14:40	7.26	-0.01	1	726	卖盘
11:14:25	7.27	--	47	34169	买盘
11:14:09	7.27	0.01	10	7270	买盘
11:13:19	7.26	-0.01	1	726	卖盘
11:13:09	7.27	--	89	64702	买盘
11:13:04	7.27	--	146	106142	买盘
11:12:58	7.27	0.01	58	42166	买盘
11:12:39	7.26	--	3	2178	卖盘
11:12:28	7.26	--	0	0	中性盘
11:12:24	7.26	0.01	3	2178	买盘
11:12:19	7.25	-0.02	47	34075	卖盘
11:12:13	7.27	--	0	0	买盘
11:12:04	7.27	0.02	5	3635	买盘
11:11:49	7.25	--	1	725	卖盘
11:11:24	7.25	0.01	46	33350	卖盘
11:11:19	7.24	--	0	0	卖盘
11:11:13	7.24	-0.01	505	365620	卖盘
11:11:09	7.25	--	204	147900	卖盘
11:10:58	7.25	--	89	64525	卖盘
11:10:54	7.25	--	350	253750	卖盘
11:10:43	7.25	--	0	0	卖盘
11:09:58	7.25	-0.01	14	10150	卖盘
11:09:54	7.26	--	91	66066	卖盘
11:09:49	7.26	--	15	10890	卖盘
11:09:43	7.26	-0.01	46	33396	卖盘
11:09:34	7.27	--	14	10178	卖盘
11:09:24	7.27	0.03	4	2908	卖盘
11:09:19	7.24	-0.04	6438	4661112	卖盘
11:09:04	7.28	--	20	14560	买盘
11:08:39	7.28	0.01	28	20384	买盘
11:08:34	7.27	--	5	3635	卖盘
11:08:19	7.27	--	1	727	卖盘
11:07:58	7.27	-0.01	51	37077	卖盘
11:07:49	7.28	0.01	7	5096	买盘
11:07:28	7.27	-0.01	10	7270	卖盘
11:07:18	7.28	0.01	8	5824	买盘
11:06:52	7.27	--	23	16721	买盘
11:06:48	7.27	--	2	1454	买盘
11:06:43	7.27	0.01	4	2908	买盘
11:06:13	7.26	--	0	0	卖盘
11:06:03	7.26	-0.02	19	13794	卖盘
11:05:33	7.28	-0.01	1	728	卖盘
11:05:28	7.29	--	0	0	买盘
11:05:18	7.29	0.03	21	15309	买盘
11:05:03	7.26	-0.03	5302	3849252	卖盘
11:04:48	7.29	--	10	7290	买盘
11:04:43	7.29	--	2	1458	买盘
11:03:48	7.29	--	60	43740	买盘
11:03:43	7.29	--	7	5103	买盘
11:03:37	7.29	--	28	20412	买盘
11:03:13	7.29	--	22	16038	买盘
11:02:58	7.29	--	5	3645	买盘
11:02:43	7.29	0.01	11	8019	买盘
11:02:37	7.28	-0.01	34	24752	卖盘
11:02:33	7.29	--	12	8748	买盘
11:02:28	7.29	--	36	26244	买盘
11:01:52	7.29	0.01	87	63423	买盘
11:01:47	7.28	-0.01	1	728	卖盘
11:01:43	7.29	--	27	19683	买盘
11:01:37	7.29	--	5	3645	买盘
11:01:22	7.29	--	381	277749	买盘
11:01:13	7.29	0.01	11	8019	买盘
11:00:58	7.28	-0.01	23	16744	卖盘
11:00:42	7.29	0.01	424	309096	买盘
11:00:16	7.28	-0.01	1	728	卖盘
11:00:12	7.29	--	25	18225	买盘
11:00:07	7.29	0.01	14	10206	买盘
10:59:46	7.28	-0.01	10	7280	卖盘
10:59:37	7.29	0.01	8	5832	买盘
10:58:46	7.28	-0.01	1	728	卖盘
10:58:31	7.29	--	1	729	买盘
10:58:27	7.29	--	14	10206	买盘
10:58:07	7.29	--	2	1458	买盘
10:57:52	7.29	0.01	30	21870	买盘
10:57:46	7.28	--	18	13104	卖盘
10:57:37	7.28	--	30	21840	卖盘
10:57:22	7.28	--	215	156520	卖盘
10:57:16	7.28	-0.01	1	728	卖盘
10:57:01	7.29	--	2	1458	买盘
10:56:57	7.29	--	10	7290	买盘
10:56:52	7.29	--	15	10935	买盘
10:56:12	7.29	--	1	729	买盘
10:56:07	7.29	0.01	12	8748	买盘
10:55:57	7.28	-0.01	39	28392	卖盘
10:55:52	7.29	0.01	10	7290	买盘
10:55:16	7.28	-0.01	1	728	卖盘
10:55:12	7.29	--	9	6561	买盘
10:55:01	7.29	0.01	34	24786	买盘
10:54:46	7.28	-0.01	2	1456	卖盘
10:54:06	7.29	0.01	4	2916	买盘
10:53:51	7.28	--	4	2912	卖盘
10:53:46	7.28	-0.01	1	728	卖盘
10:53:40	7.29	0.01	5	3645	买盘
10:53:36	7.28	-0.01	9	6552	卖盘
10:53:10	7.29	--	4	2916	买盘
10:53:06	7.29	--	30	21870	买盘
10:52:51	7.29	--	3	2187	买盘
10:52:31	7.29	--	28	20412	买盘
10:52:21	7.29	0.01	13	9477	买盘
10:52:16	7.28	-0.01	1	728	卖盘
10:51:55	7.29	--	21	15309	买盘
10:51:06	7.29	0.01	28	20412	买盘
10:50:46	7.28	--	7	5096	卖盘
10:49:46	7.28	--	22	16016	卖盘
10:49:16	7.28	--	1	728	卖盘
10:48:40	7.28	--	1	982	卖盘
10:48:31	7.28	-0.01	1	982	卖盘
10:47:49	7.29	0.01	40	29160	买盘
10:47:34	7.28	--	10	7280	卖盘
10:47:15	7.28	-0.01	9	6552	卖盘
10:47:10	7.29	0.01	23	16767	买盘
10:47:00	7.28	--	41	29848	卖盘
10:46:34	7.28	--	70	50960	卖盘
10:46:30	7.28	--	51	37128	卖盘
10:45:45	7.28	-0.01	1	728	卖盘
10:45:40	7.29	0.01	3	2187	买盘
10:44:55	7.28	--	2	1456	卖盘
10:44:40	7.28	-0.01	598	435344	卖盘
10:44:30	7.29	0.01	113	82377	买盘
10:44:15	7.28	--	1	728	卖盘
10:43:10	7.28	--	22	16016	卖盘
10:42:55	7.28	--	9	6552	卖盘
10:42:45	7.28	-0.01	31	22568	卖盘
10:42:40	7.29	--	5	3645	买盘
10:42:10	7.29	0.01	2	1458	买盘
10:42:04	7.28	-0.01	29	21112	卖盘
10:41:40	7.29	--	2	1458	买盘
10:41:24	7.29	--	141	102789	买盘
10:41:10	7.29	0.01	14	10206	买盘
10:40:54	7.28	--	730	531440	买盘
10:40:49	7.28	--	29	21112	买盘
10:40:39	7.28	--	2	1456	买盘
10:40:19	7.28	0.01	17	12376	买盘
10:40:13	7.27	-0.01	315	229005	卖盘
10:40:04	7.28	--	47	34216	买盘
10:39:49	7.28	--	4	2912	买盘
10:39:34	7.28	0.01	127	92456	买盘
10:39:19	7.27	-0.01	1	727	卖盘
10:38:58	7.28	--	155	112840	卖盘
10:38:54	7.28	--	231	168168	卖盘
10:38:39	7.28	--	167	121576	卖盘
10:38:09	7.28	--	31	22568	卖盘
10:38:04	7.28	--	21	15288	卖盘
10:37:49	7.28	-0.01	11	8008	卖盘
10:37:34	7.29	0.01	23	16767	买盘
10:37:04	7.28	--	21	15288	卖盘
10:36:34	7.28	--	96	69888	卖盘
10:36:24	7.28	-0.01	20	14560	卖盘
10:36:19	7.29	0.01	2	1458	买盘
10:36:04	7.28	-0.01	30	21840	卖盘
10:35:54	7.29	0.01	50	36450	买盘
10:35:19	7.28	-0.01	216	157248	卖盘
10:35:08	7.29	0.01	50	36450	买盘
10:34:58	7.28	--	315	229320	卖盘
10:34:49	7.28	-0.01	1	728	卖盘
10:34:43	7.29	--	1	729	买盘
10:33:48	7.29	--	50	36450	买盘
10:33:28	7.29	--	1	729	买盘
10:33:13	7.29	--	10	7290	买盘
10:32:48	7.29	--	37	26973	买盘
10:32:18	7.29	--	11	8019	买盘
10:32:13	7.29	0.01	140	102060	买盘
10:31:58	7.28	--	13	9464	卖盘
10:31:52	7.28	--	21	15288	卖盘
10:31:48	7.28	--	1	728	卖盘
10:31:33	7.28	--	10	7280	卖盘
10:31:18	7.28	--	3	2184	卖盘
10:31:07	7.28	-0.01	17	12376	卖盘
10:30:48	7.29	0.01	57	41553	买盘
10:30:43	7.28	-0.01	53	38584	卖盘
10:30:37	7.29	--	2	1458	买盘
10:30:18	7.29	0.01	5	3645	买盘
10:29:48	7.28	-0.01	1	728	卖盘
10:29:37	7.29	--	4	2916	买盘
10:29:28	7.29	--	59	43011	买盘
10:29:07	7.29	--	4	2916	买盘
10:28:37	7.29	0.01	38	27702	买盘
10:28:16	7.28	--	15	10920	买盘
10:28:12	7.28	--	4	2912	买盘
10:28:07	7.28	--	375	273000	卖盘
10:27:07	7.28	-0.01	500	364000	卖盘
10:26:46	7.29	--	36	26244	买盘
10:26:42	7.29	--	35	25515	买盘
10:26:22	7.29	0.01	29	21141	买盘
10:26:16	7.28	--	1	728	卖盘
10:26:12	7.28	-0.01	14	10192	卖盘
10:26:07	7.29	-0.01	18	13122	卖盘
10:25:42	7.3	0.01	7	5110	买盘
10:25:31	7.29	0.01	27	19683	买盘
10:25:07	7.28	--	500	364000	卖盘
10:24:57	7.28	--	60	43680	买盘
10:24:52	7.28	0.01	215	156520	买盘
10:24:46	7.27	-0.01	1	727	卖盘
10:24:42	7.28	--	37	26936	买盘
10:24:37	7.28	0.01	50	36400	买盘
10:24:31	7.27	-0.01	79	57433	卖盘
10:24:27	7.28	--	13	9464	买盘
10:24:12	7.28	--	2	1456	买盘
10:24:07	7.28	-0.01	357	259896	卖盘
10:23:42	7.29	--	64	46656	买盘
10:23:37	7.29	0.01	5	3645	买盘
10:23:16	7.28	-0.01	101	73528	卖盘
10:23:06	7.29	0.01	20	14580	买盘
10:23:01	7.28	-0.01	500	364000	卖盘
10:22:57	7.29	--	11	8019	买盘
10:22:46	7.29	0.01	4	2916	买盘
10:22:37	7.28	-0.01	52	37856	卖盘
10:22:22	7.29	--	45	32805	买盘
10:22:16	7.29	0.01	62	45198	买盘
10:22:12	7.28	--	300	218400	卖盘
10:22:01	7.28	-0.01	500	364000	卖盘
10:21:55	7.29	0.01	85	61965	买盘
10:21:46	7.28	-0.01	1	728	卖盘
10:21:31	7.29	--	1	729	买盘
10:21:16	7.29	--	6	4374	买盘
10:21:10	7.29	--	4	2916	买盘
10:21:06	7.29	--	106	77274	买盘
10:21:01	7.29	--	84	61236	卖盘
10:20:46	7.29	--	9	6561	卖盘
10:20:36	7.29	-0.01	92	67068	卖盘
10:20:31	7.3	0.01	36	26280	买盘
10:20:25	7.29	-0.01	50	36450	卖盘
10:20:21	7.3	0.01	30	21900	买盘
10:20:01	7.29	--	500	364500	卖盘
10:19:55	7.29	--	20	14580	卖盘
10:19:46	7.29	--	1	729	卖盘
10:19:21	7.29	--	7	5103	卖盘
10:19:06	7.29	--	30	21870	卖盘
10:19:01	7.29	-0.01	1	729	卖盘
10:18:51	7.3	--	7	5110	买盘
10:18:46	7.3	--	10	7300	买盘
10:18:36	7.3	0.01	54	39420	买盘
10:18:31	7.29	-0.01	1	729	卖盘
10:18:21	7.3	0.01	58	42340	买盘
10:18:16	7.29	-0.01	1	729	卖盘
10:18:06	7.3	0.01	5	3650	买盘
10:17:36	7.29	--	35	25515	卖盘
10:16:46	7.29	--	15	10935	卖盘
10:16:31	7.29	-0.01	16	11664	卖盘
10:16:25	7.3	--	10	7300	买盘
10:15:40	7.3	--	30	21900	买盘
10:15:30	7.3	--	1	730	买盘
10:15:25	7.3	0.01	130	94900	买盘
10:15:15	7.29	-0.01	32	23328	卖盘
10:14:49	7.3	--	36	26280	买盘
10:14:45	7.3	--	36	26280	买盘
10:14:40	7.3	--	107	78110	买盘
10:14:04	7.3	--	1	730	买盘
10:14:00	7.3	0.01	4	2920	买盘
10:13:49	7.29	--	12	8748	卖盘
10:13:45	7.29	-0.01	1	729	卖盘
10:13:19	7.3	--	100	73000	买盘
10:13:15	7.3	--	14	10220	买盘
10:13:10	7.3	0.01	31	22630	买盘
10:12:40	7.29	--	12	8748	卖盘
10:12:10	7.29	--	8	5832	卖盘
10:11:45	7.29	--	1	729	卖盘
10:11:15	7.29	-0.01	56	40824	卖盘
10:11:10	7.3	0.01	6	4380	买盘
10:11:04	7.29	--	12	8748	卖盘
10:10:45	7.29	-0.01	100	72900	卖盘
10:10:40	7.3	0.01	30	21900	买盘
10:10:19	7.29	--	1	729	卖盘
10:10:15	7.29	--	137	99873	卖盘
10:10:04	7.29	--	13	9477	卖盘
10:09:45	7.29	-0.01	100	72900	卖盘
10:09:39	7.3	--	59	43070	买盘
10:09:29	7.3	--	20	14600	买盘
10:09:25	7.3	0.02	28	20440	买盘
10:09:13	7.28	--	100	72800	卖盘
10:09:04	7.28	--	12	8736	卖盘
10:08:49	7.28	--	1	728	卖盘
10:08:43	7.28	--	103	74984	卖盘
10:08:28	7.28	-0.02	31	22568	卖盘
10:08:24	7.3	0.01	112	81760	买盘
10:08:19	7.29	0.01	4	2916	买盘
10:08:13	7.28	-0.01	100	72800	卖盘
10:08:04	7.29	--	1	729	买盘
10:07:49	7.29	0.01	8	5832	买盘
10:07:43	7.28	-0.01	100	72800	卖盘
10:07:39	7.29	--	12	8748	买盘
10:07:24	7.29	--	79	57591	卖盘
10:07:19	7.29	--	111	80919	卖盘
10:07:13	7.29	--	100	72900	卖盘
10:07:04	7.29	--	5	3645	卖盘
10:06:54	7.29	--	14	10206	卖盘
10:06:49	7.29	-0.01	15	10935	卖盘
10:06:43	7.3	0.01	2	1460	买盘
10:06:39	7.29	--	23	16767	卖盘
10:06:34	7.29	--	23	16767	卖盘
10:06:24	7.29	--	127	92583	卖盘
10:06:19	7.29	-0.01	82	59778	卖盘
10:06:04	7.3	0.01	22	16060	买盘
10:05:58	7.29	--	100	72900	卖盘
10:05:53	7.29	-0.01	40	29160	卖盘
10:05:43	7.3	--	5	3650	买盘
10:05:39	7.3	0.01	30	21900	买盘
10:05:24	7.29	-0.01	100	72900	卖盘
10:05:19	7.3	--	9	6570	买盘
10:05:13	7.3	--	56	40880	买盘
10:05:09	7.3	--	5	3650	买盘
10:05:04	7.3	0.01	2	1460	买盘
10:04:54	7.29	--	136	99144	卖盘
10:04:49	7.29	--	39	28431	卖盘
10:04:43	7.29	--	100	72900	卖盘
10:04:34	7.29	--	12	8748	卖盘
10:04:28	7.29	-0.01	1	1173	卖盘
10:04:24	7.3	--	1	730	买盘
10:04:19	7.3	0.01	10	7300	买盘
10:04:09	7.29	--	4	3083	卖盘
10:04:04	7.29	--	91	66339	卖盘
10:03:49	7.29	--	1	729	卖盘
10:03:33	7.29	-0.01	60	43740	卖盘
10:03:28	7.3	--	1	730	买盘
10:03:18	7.3	--	4	2920	买盘
10:03:03	7.3	--	7	5110	买盘
10:02:52	7.3	--	876	639874	卖盘
10:02:48	7.3	--	100	73000	卖盘
10:02:43	7.3	--	1	730	卖盘
10:02:18	7.3	-0.02	398	290540	卖盘
10:02:03	7.32	0.01	10	7320	买盘
10:01:52	7.31	--	10	7310	卖盘
10:01:48	7.31	-0.01	100	73100	卖盘
10:01:43	7.32	0.01	241	176412	买盘
10:01:33	7.31	--	3	2193	卖盘
10:01:18	7.31	-0.01	136	99416	卖盘
10:00:58	7.32	--	13	9516	买盘
10:00:48	7.32	0.01	11	8052	买盘
10:00:43	7.31	--	38	27778	卖盘
10:00:33	7.31	--	9	6579	卖盘
10:00:22	7.31	-0.01	3	2193	卖盘
10:00:13	7.32	0.01	35	25620	买盘
09:59:58	7.31	--	3	2193	卖盘
09:59:43	7.31	--	8	5848	卖盘
09:59:28	7.31	-0.01	17	12427	卖盘
09:59:22	7.32	0.01	25	18300	买盘
09:59:18	7.31	--	1	731	卖盘
09:59:07	7.31	--	16	11696	卖盘
09:58:57	7.31	--	9	6579	卖盘
09:58:52	7.31	--	20	14620	卖盘
09:58:43	7.31	-0.01	8	5848	卖盘
09:58:18	7.32	0.01	10	7320	买盘
09:57:58	7.31	--	4	2924	卖盘
09:57:48	7.31	--	10	7310	卖盘
09:57:42	7.31	--	8	5848	卖盘
09:57:37	7.31	-0.01	21	15351	卖盘
09:57:28	7.32	0.01	2	1464	买盘
09:57:18	7.31	-0.01	1	731	卖盘
09:57:12	7.32	-0.02	556	406992	卖盘
09:57:03	7.34	--	1	734	买盘
09:56:57	7.34	--	63	46242	买盘
09:56:52	7.34	--	2	1468	买盘
09:56:46	7.34	0.02	36	26424	买盘
09:56:42	7.32	-0.02	8	5856	卖盘
09:56:37	7.34	--	10	7340	买盘
09:56:22	7.34	--	19	13946	买盘
09:56:16	7.34	--	10	7340	买盘
09:56:07	7.34	0.01	25	18350	买盘
09:55:46	7.33	--	1	733	卖盘
09:55:42	7.33	0.01	70	51310	买盘
09:55:37	7.32	--	28	20496	卖盘
09:55:22	7.32	-0.01	29	21228	卖盘
09:55:12	7.33	0.01	28	20524	买盘
09:54:42	7.32	-0.01	9	6588	卖盘
09:54:31	7.33	--	6	4398	买盘
09:54:22	7.33	0.01	79	57907	买盘
09:54:16	7.32	--	1	732	卖盘
09:53:42	7.32	-0.01	13	9516	卖盘
09:53:31	7.33	--	2	1466	买盘
09:53:27	7.33	--	14	10262	卖盘
09:53:12	7.33	--	88	64504	卖盘
09:53:07	7.33	--	20	14660	卖盘
09:52:57	7.33	--	24	17592	卖盘
09:52:52	7.33	0.01	96	70368	买盘
09:52:46	7.32	--	1	732	卖盘
09:52:42	7.32	-0.01	8	5856	卖盘
09:52:37	7.33	--	4	2932	买盘
09:52:22	7.33	--	7	5131	买盘
09:52:12	7.33	--	55	40315	买盘
09:52:01	7.33	--	36	26388	买盘
09:51:57	7.33	--	3	2199	买盘
09:51:52	7.33	0.01	14	10262	买盘
09:51:42	7.32	-0.01	8	5856	卖盘
09:51:26	7.33	-0.01	601	440533	卖盘
09:51:16	7.34	--	3	2202	买盘
09:51:07	7.34	0.01	6	4404	买盘
09:51:01	7.33	--	22	16126	卖盘
09:50:56	7.33	-0.01	3	2199	卖盘
09:50:51	7.34	--	40	29360	买盘
09:50:46	7.34	--	45	33030	买盘
09:50:40	7.34	0.01	30	22020	买盘
09:50:31	7.33	--	23	16859	卖盘
09:50:21	7.33	--	8	5864	卖盘
09:50:16	7.33	--	74	54242	买盘
09:50:10	7.33	--	72	52776	买盘
09:50:01	7.33	--	91	66703	买盘
09:49:51	7.33	--	26	19058	卖盘
09:49:46	7.33	--	93	68169	卖盘
09:49:36	7.33	--	5	3665	卖盘
09:49:31	7.33	--	20	14660	卖盘
09:49:25	7.33	--	42	30786	买盘
09:49:21	7.33	0.01	68	49844	买盘
09:49:16	7.32	-0.01	1	732	卖盘
09:49:01	7.33	0.01	62	45446	买盘
09:48:46	7.32	-0.01	21	15372	卖盘
09:48:31	7.33	0.01	69	50577	买盘
09:48:21	7.32	--	7	5124	卖盘
09:48:01	7.32	--	23	16836	卖盘
09:47:46	7.32	--	159	116388	卖盘
09:47:36	7.32	-0.01	14	10248	卖盘
09:47:31	7.33	--	187	137071	买盘
09:47:25	7.33	--	150	109950	买盘
09:47:16	7.33	0.01	150	109950	买盘
09:47:06	7.32	-0.01	10	7320	中性盘
09:47:01	7.33	--	4	2932	买盘
09:46:46	7.33	0.01	23	16859	买盘
09:46:40	7.32	--	80	58560	卖盘
09:46:36	7.32	--	1	732	卖盘
09:46:31	7.32	--	10	7320	卖盘
09:46:16	7.32	--	10	7320	卖盘
09:45:46	7.32	-0.01	8	5856	卖盘
09:45:40	7.33	--	44	32252	买盘
09:45:30	7.33	--	14	10262	买盘
09:45:25	7.33	--	15	10995	买盘
09:45:21	7.33	--	6	4398	买盘
09:45:16	7.33	0.02	35	25655	买盘
09:45:06	7.31	--	10	7310	卖盘
09:44:55	7.31	-0.01	21	15351	卖盘
09:44:45	7.32	--	50	36600	买盘
09:44:35	7.32	--	0	0	买盘
09:44:30	7.32	0.02	20	14640	买盘
09:43:55	7.3	--	14	10220	卖盘
09:43:45	7.3	-0.02	8	5840	卖盘
09:43:40	7.32	0.01	5	3660	买盘
09:43:34	7.31	--	0	0	卖盘
09:43:25	7.31	0.01	1	731	卖盘
09:43:15	7.3	--	0	0	卖盘
09:43:10	7.3	-0.02	811	592030	卖盘
09:42:55	7.32	--	15	10980	卖盘
09:42:45	7.32	-0.01	9	6588	卖盘
09:42:30	7.33	0.01	3	2199	买盘
09:42:25	7.32	-0.01	14	10248	卖盘
09:42:15	7.33	0.01	15	10995	买盘
09:42:10	7.32	-0.01	25	18300	卖盘
09:41:55	7.33	0.01	14	10262	买盘
09:41:49	7.32	-0.01	38	27816	卖盘
09:41:45	7.33	0.01	56	41048	买盘
09:41:40	7.32	-0.01	19	13908	卖盘
09:41:34	7.33	0.01	1	733	买盘
09:41:30	7.32	-0.01	6	4392	卖盘
09:41:25	7.33	0.01	28	20524	买盘
09:41:15	7.32	-0.01	3	2196	卖盘
09:41:10	7.33	--	1	733	买盘
09:41:00	7.33	0.01	22	16126	买盘
09:40:55	7.32	-0.01	8	5856	卖盘
09:40:45	7.33	0.01	45	32985	买盘
09:40:40	7.32	--	30	21960	卖盘
09:40:30	7.32	--	28	20496	卖盘
09:40:25	7.32	--	13	9516	卖盘
09:40:19	7.32	--	2	1464	卖盘
09:40:09	7.32	0.01	69	50844	买盘
09:40:00	7.31	--	10	7310	卖盘
09:39:45	7.31	-0.01	91	66915	卖盘
09:39:29	7.32	-0.01	17	12444	卖盘
09:39:15	7.33	--	70	51310	买盘
09:39:00	7.33	--	59	43247	买盘
09:38:49	7.33	--	2	1466	买盘
09:38:44	7.33	0.01	58	42514	买盘
09:38:29	7.32	-0.01	13	9516	卖盘
09:38:24	7.33	0.01	23	16859	买盘
09:38:19	7.32	-0.01	1	732	卖盘
09:38:14	7.33	0.01	6	4398	买盘
09:38:09	7.32	--	20	14640	卖盘
09:38:04	7.32	--	33	24492	卖盘
09:37:43	7.32	-0.01	8	5856	卖盘
09:37:34	7.33	0.01	50	36650	买盘
09:37:28	7.32	-0.01	33	24156	卖盘
09:37:19	7.33	0.01	3	2199	买盘
09:36:58	7.32	-0.01	7	5124	卖盘
09:36:54	7.33	--	8	5864	买盘
09:36:49	7.33	0.02	15	10995	买盘
09:36:43	7.31	-0.02	20	14620	卖盘
09:36:19	7.33	--	80	58640	买盘
09:36:13	7.33	--	0	0	买盘
09:36:09	7.33	--	0	0	买盘
09:35:54	7.33	0.03	28	20524	买盘
09:35:43	7.3	-0.03	52	37960	卖盘
09:35:34	7.33	--	18	13194	买盘
09:35:28	7.33	--	0	0	买盘
09:35:24	7.33	--	446	326918	买盘
09:35:19	7.33	--	0	0	买盘
09:35:13	7.33	0.04	35	25655	买盘
09:34:54	7.29	--	0	0	卖盘
09:34:49	7.29	--	1	729	卖盘
09:34:43	7.29	-0.04	23	16767	卖盘
09:34:39	7.33	0.04	393	288069	买盘
09:34:28	7.29	-0.03	26	18954	卖盘
09:34:19	7.32	0.03	266	194712	买盘
09:34:13	7.29	--	21	15309	卖盘
09:34:09	7.29	--	1	729	卖盘
09:33:58	7.29	-0.03	515	375435	卖盘
09:33:54	7.32	0.02	282	206424	买盘
09:33:48	7.3	--	19	13870	卖盘
09:33:43	7.3	--	28	20440	卖盘
09:33:28	7.3	-0.01	20	14600	卖盘
09:33:23	7.31	0.01	135	98685	买盘
09:33:18	7.3	-0.01	1	730	卖盘
09:33:13	7.31	0.01	18	13158	买盘
09:33:09	7.3	--	10	7300	卖盘
09:33:03	7.3	-0.01	100	73000	卖盘
09:32:48	7.31	0.01	36	26316	买盘
09:32:43	7.3	-0.01	8	5840	卖盘
09:32:38	7.31	--	8	5848	买盘
09:32:28	7.31	0.01	57	41667	卖盘
09:32:13	7.3	--	10	7300	卖盘
09:32:03	7.3	-0.01	38	27740	卖盘
09:31:52	7.31	0.01	29	21199	买盘
09:31:48	7.3	-0.01	1	730	卖盘
09:31:37	7.31	--	3	2193	卖盘
09:31:33	7.31	--	10	7310	卖盘
09:31:18	7.31	-0.01	59	43129	卖盘
09:31:13	7.32	0.02	46	33672	买盘
09:31:07	7.3	-0.02	1	730	卖盘
09:30:58	7.32	0.01	91	66612	买盘
09:30:52	7.31	--	36	26316	买盘
09:30:48	7.31	--	36	26316	买盘
09:30:43	7.31	0.01	64	46784	买盘
09:30:37	7.3	--	5	3650	卖盘
09:30:33	7.3	0.01	22	16060	卖盘
09:30:28	7.29	--	0	0	卖盘
09:30:18	7.29	-0.02	2	1458	卖盘
09:30:13	7.31	--	45	32895	买盘
09:30:07	7.31	0.01	145	105995	买盘
09:30:03	7.3	-0.01	27	19710	卖盘
09:28:47	7.31	--	0	0	买盘
09:25:06	7.31	7.31	220	160820	买盘
