成交时间	成交价	价格变动	成交量(手)	成交额(元)	性质
15:00:00	9.15	--	0	0	买盘
15:00:00	9.15	-0.01	10	9150	买盘
14:59:48	9.16	--	10	9160	买盘
14:59:43	9.16	--	100	91600	买盘
14:59:37	9.16	0.01	16	14656	买盘
14:59:33	9.15	--	940	860100	卖盘
14:59:28	9.15	--	20	18300	卖盘
14:59:18	9.15	0.01	945	864976	买盘
14:59:13	9.14	--	26	24239	卖盘
14:59:07	9.14	-0.01	11	10492	卖盘
14:59:03	9.15	0.01	125	114375	买盘
14:58:58	9.14	--	5	4570	买盘
14:58:48	9.14	--	27	24678	买盘
14:58:37	9.14	--	192	175488	买盘
14:58:33	9.14	0.01	12	10968	买盘
14:58:28	9.13	--	5	4565	卖盘
14:58:22	9.13	-0.01	21	19173	卖盘
14:58:18	9.14	0.01	10	9140	买盘
14:58:13	9.13	-0.01	6	5478	卖盘
14:57:52	9.14	0.01	50	45700	买盘
14:57:48	9.13	-0.01	2	1826	卖盘
14:57:33	9.14	0.01	3	2742	买盘
14:57:28	9.13	--	2	1826	卖盘
14:57:07	9.13	--	10	9130	卖盘
14:57:02	9.13	-0.01	45	41085	卖盘
14:56:52	9.14	0.01	30	27602	买盘
14:56:43	9.13	-0.01	15	13695	卖盘
14:56:37	9.14	--	16	14624	买盘
14:56:28	9.14	--	21	19194	买盘
14:56:22	9.14	--	2	1828	买盘
14:56:07	9.14	--	19	18097	卖盘
14:55:52	9.14	--	64	58496	卖盘
14:55:48	9.14	--	139	127228	买盘
14:55:42	9.14	--	70	63980	买盘
14:55:22	9.14	--	1	914	买盘
14:55:18	9.14	--	39	35646	买盘
14:55:12	9.14	0.01	5	4570	买盘
14:55:07	9.13	-0.01	2	1826	卖盘
14:55:03	9.14	--	22	20108	买盘
14:54:48	9.14	--	11	10054	买盘
14:54:37	9.14	--	30	27420	买盘
14:54:31	9.14	-0.01	128	117723	卖盘
14:54:27	9.15	0.01	20	18300	买盘
14:54:22	9.14	-0.01	20	18280	卖盘
14:54:07	9.15	--	10	9150	买盘
14:53:46	9.15	0.01	21	19215	买盘
14:53:37	9.14	-0.01	30	27420	卖盘
14:53:31	9.15	0.01	19	17385	买盘
14:53:07	9.14	--	50	45700	卖盘
14:52:57	9.14	-0.01	14	12796	卖盘
14:52:52	9.15	0.01	279	255285	买盘
14:52:42	9.14	--	14	12796	卖盘
14:52:31	9.14	--	12	10968	卖盘
14:52:27	9.14	--	25	22850	卖盘
14:52:12	9.14	-0.01	11	10054	卖盘
14:52:01	9.15	--	13	11895	买盘
14:51:57	9.15	0.01	80	73200	买盘
14:51:52	9.14	--	11	10054	卖盘
14:51:46	9.14	--	186	170004	卖盘
14:51:37	9.14	-0.01	32	29248	卖盘
14:51:31	9.15	--	23	21045	买盘
14:51:16	9.15	0.01	130	118950	买盘
14:51:01	9.14	--	10	9140	卖盘
14:50:46	9.14	--	2	1828	卖盘
14:50:41	9.14	-0.01	169	154466	卖盘
14:50:31	9.15	--	116	106140	买盘
14:50:27	9.15	--	91	83265	买盘
14:50:22	9.15	0.01	10	9150	买盘
14:50:16	9.14	--	1	914	卖盘
14:50:11	9.14	-0.01	42	38388	卖盘
14:50:07	9.15	-0.01	697	637755	卖盘
14:50:01	9.16	--	25	22900	买盘
14:49:56	9.16	--	300	274800	买盘
14:49:52	9.16	0.01	51	46716	买盘
14:49:42	9.15	0.01	443	405345	买盘
14:49:27	9.14	--	5	4570	卖盘
14:49:16	9.14	--	17	15720	买盘
14:49:11	9.14	--	53	49173	卖盘
14:49:07	9.14	--	18	16634	买盘
14:49:01	9.14	0.01	11	10054	买盘
14:48:52	9.13	--	10	9130	卖盘
14:48:11	9.13	-0.01	4	3652	卖盘
14:48:01	9.14	--	218	199252	买盘
14:47:41	9.14	--	110	100540	买盘
14:47:31	9.14	--	2	1828	买盘
14:46:46	9.14	0.02	50	45700	买盘
14:46:40	9.12	--	0	0	卖盘
14:46:16	9.12	-0.02	42	38304	卖盘
14:46:10	9.14	0.02	185	169090	买盘
14:45:51	9.12	0.01	11	10032	买盘
14:45:46	9.11	-0.02	20	18220	卖盘
14:45:40	9.13	0.02	100	91300	买盘
14:45:25	9.11	--	10	9110	卖盘
14:45:21	9.11	--	44	40084	卖盘
14:44:55	9.11	--	10	9110	卖盘
14:44:40	9.11	--	10	9110	卖盘
14:44:25	9.11	0.01	24	21864	买盘
14:44:05	9.1	-0.01	50	45500	卖盘
14:44:01	9.11	--	10	9110	买盘
14:43:55	9.11	-0.03	515	469164	卖盘
14:43:40	9.14	0.01	13	11882	买盘
14:43:25	9.13	-0.01	61	55693	卖盘
14:43:10	9.14	0.01	1	914	买盘
14:43:01	9.13	--	11	10043	卖盘
14:42:55	9.13	--	1	913	卖盘
14:42:40	9.13	-0.01	10	9130	卖盘
14:42:35	9.14	0.01	5	4570	买盘
14:42:10	9.13	-0.01	50	45650	卖盘
14:42:05	9.14	0.01	25	22850	买盘
14:41:55	9.13	-0.01	133	121429	卖盘
14:41:50	9.14	--	20	18280	买盘
14:41:40	9.14	0.01	113	103282	买盘
14:41:20	9.13	--	1	913	卖盘
14:41:15	9.13	--	10	9130	卖盘
14:41:05	9.13	--	30	27390	卖盘
14:40:50	9.13	-0.01	5	4565	卖盘
14:40:25	9.14	-0.01	81	74034	卖盘
14:40:19	9.15	--	113	103395	买盘
14:40:10	9.15	0.01	5	4575	买盘
14:40:04	9.14	-0.01	3	2742	卖盘
14:39:45	9.15	--	20	18300	买盘
14:39:25	9.15	--	55	50325	卖盘
14:39:19	9.15	-0.01	12	10980	卖盘
14:39:04	9.16	0.01	3	2748	买盘
14:38:40	9.15	-0.01	57	52155	卖盘
14:38:34	9.16	0.01	47	43052	买盘
14:38:30	9.15	--	1	915	卖盘
14:38:25	9.15	--	0	0	卖盘
14:38:19	9.15	-0.01	20	18300	卖盘
14:38:15	9.16	--	3	2748	买盘
14:38:10	9.16	0.01	127	116332	买盘
14:38:00	9.15	--	42	38430	卖盘
14:37:55	9.15	-0.01	50	45750	卖盘
14:37:45	9.16	--	0	0	中性盘
14:37:40	9.16	--	3	2748	卖盘
14:37:29	9.16	0.01	97	88852	买盘
14:37:25	9.15	--	74	67710	卖盘
14:37:19	9.15	--	9	8235	卖盘
14:36:49	9.15	--	3	2745	卖盘
14:36:44	9.15	--	10	9150	卖盘
14:36:29	9.15	-0.01	15	13725	卖盘
14:36:04	9.16	0.01	10	9160	买盘
14:35:59	9.15	--	0	0	卖盘
14:35:44	9.15	--	60	54900	卖盘
14:35:34	9.15	--	2	1830	卖盘
14:35:29	9.15	-0.02	100	91500	卖盘
14:35:25	9.17	0.01	950	871150	买盘
14:35:19	9.16	0.01	20	18320	买盘
14:35:04	9.15	--	0	0	卖盘
14:34:49	9.15	-0.01	53	48495	卖盘
14:34:44	9.16	--	106	97096	买盘
14:34:34	9.16	--	139	127324	买盘
14:34:29	9.16	0.01	9	8244	买盘
14:34:04	9.15	--	3	2745	卖盘
14:33:54	9.15	0.01	202	184830	买盘
14:33:39	9.14	--	18	16452	买盘
14:33:19	9.14	--	1	914	买盘
14:33:14	9.14	--	34	31076	买盘
14:33:04	9.14	--	22	20108	买盘
14:32:49	9.14	--	1	914	买盘
14:32:43	9.14	--	89	81346	买盘
14:32:39	9.14	--	30	27420	买盘
14:32:34	9.14	--	10	9140	买盘
14:32:19	9.14	--	1	914	买盘
14:32:13	9.14	0.01	21	19194	买盘
14:32:09	9.13	--	2	1826	卖盘
14:31:58	9.13	--	71	64823	卖盘
14:31:13	9.13	--	178	162514	买盘
14:31:09	9.13	0.01	120	109560	买盘
14:30:39	9.12	-0.01	1	911	卖盘
14:30:28	9.13	0.01	14	12782	买盘
14:29:53	9.12	--	7	6383	卖盘
14:29:38	9.12	-0.01	30	27359	卖盘
14:29:28	9.13	--	4	3652	买盘
14:29:23	9.13	--	1	913	买盘
14:29:13	9.13	--	107	97691	买盘
14:29:08	9.13	--	0	0	买盘
14:28:53	9.13	0.02	523	477499	买盘
14:28:43	9.11	-0.01	10	9110	卖盘
14:28:18	9.12	0.01	200	182399	买盘
14:28:08	9.11	--	20	18220	卖盘
14:27:58	9.11	--	22	20042	买盘
14:27:43	9.11	--	2	1822	买盘
14:27:28	9.11	--	2	1822	买盘
14:27:18	9.11	--	6	5466	卖盘
14:27:08	9.11	--	32	29152	卖盘
14:26:53	9.11	--	22	20042	买盘
14:26:43	9.11	--	28	25508	卖盘
14:26:33	9.11	--	33	30062	卖盘
14:26:23	9.11	--	10	9110	卖盘
14:26:13	9.11	-0.01	2	1822	卖盘
14:25:58	9.12	--	5	4560	买盘
14:25:52	9.12	0.01	1	911	买盘
14:25:48	9.11	--	16	14576	卖盘
14:25:43	9.11	--	70	63769	卖盘
14:25:33	9.11	--	5	4555	卖盘
14:25:28	9.11	--	160	145760	卖盘
14:25:22	9.11	--	5	4555	卖盘
14:25:18	9.11	-0.01	95	86545	卖盘
14:25:13	9.12	0.01	10	9120	买盘
14:24:58	9.11	-0.01	20	18220	卖盘
14:24:52	9.12	0.01	11	10032	买盘
14:24:48	9.11	-0.01	50	45550	卖盘
14:24:37	9.12	--	183	166896	买盘
14:24:33	9.12	0.01	10	9120	买盘
14:24:07	9.11	-0.01	46	41906	卖盘
14:23:52	9.12	--	45	41040	卖盘
14:23:48	9.12	--	10	9120	卖盘
14:23:33	9.12	--	25	22799	卖盘
14:23:28	9.12	--	7	6383	卖盘
14:23:22	9.12	-0.01	284	259007	卖盘
14:23:02	9.13	--	97	88561	卖盘
14:22:58	9.13	--	290	264770	卖盘
14:22:52	9.13	--	8	7304	卖盘
14:22:37	9.13	--	42	38346	卖盘
14:22:28	9.13	--	8	7304	卖盘
14:22:22	9.13	--	20	18260	卖盘
14:22:17	9.13	--	42	38346	卖盘
14:22:07	9.13	-0.01	8	7304	卖盘
14:22:02	9.14	0.01	47	42958	买盘
14:21:52	9.13	--	8	7304	卖盘
14:21:47	9.13	--	42	38346	卖盘
14:21:43	9.13	--	0	0	卖盘
14:21:37	9.13	-0.01	50	45650	卖盘
14:21:32	9.14	--	9	8226	卖盘
14:21:28	9.14	--	131	119734	卖盘
14:21:22	9.14	-0.01	10	9140	卖盘
14:21:17	9.15	0.01	13	11895	买盘
14:21:07	9.14	--	14	12796	卖盘
14:20:37	9.14	--	42	38388	卖盘
14:20:32	9.14	--	3	2742	卖盘
14:20:22	9.14	--	42	38388	卖盘
14:20:17	9.14	--	27	25171	卖盘
14:20:12	9.14	--	208	190112	买盘
14:20:07	9.14	--	30	27420	买盘
14:20:02	9.14	0.01	20	18280	买盘
14:19:57	9.13	-0.01	50	45650	卖盘
14:19:52	9.14	-0.01	40	36560	卖盘
14:19:37	9.15	--	36	32940	买盘
14:19:32	9.15	0.01	30	27450	买盘
14:19:17	9.14	-0.01	18	16452	卖盘
14:19:07	9.15	0.01	14	12810	买盘
14:18:46	9.14	--	7	6398	卖盘
14:18:42	9.14	--	20	18280	卖盘
14:18:27	9.14	--	10	9140	卖盘
14:18:22	9.14	0.01	10	9140	买盘
14:18:07	9.13	--	20	18260	卖盘
14:18:01	9.13	-0.02	12	10956	卖盘
14:17:46	9.15	--	230	210450	买盘
14:17:27	9.15	--	62	56730	卖盘
14:17:16	9.15	0.01	322	294630	买盘
14:17:12	9.14	--	20	18280	卖盘
14:17:01	9.14	--	21	19194	卖盘
14:16:57	9.14	-0.01	86	78604	卖盘
14:16:46	9.15	--	1	915	买盘
14:16:37	9.15	--	44	40260	买盘
14:16:31	9.15	0.01	100	91500	买盘
14:16:27	9.14	--	16	14624	卖盘
14:16:11	9.14	--	2	1828	卖盘
14:15:56	9.14	-0.01	200	182800	卖盘
14:15:52	9.15	0.01	60	54900	买盘
14:15:46	9.14	-0.01	203	185542	卖盘
14:15:41	9.15	--	20	18300	卖盘
14:15:37	9.15	-0.02	100	91500	卖盘
14:15:26	9.17	0.02	1	917	买盘
14:15:16	9.15	--	0	0	卖盘
14:15:11	9.15	-0.03	1100	1006500	卖盘
14:15:07	9.18	--	10	9180	买盘
14:14:52	9.18	--	3	3139	卖盘
14:14:46	9.18	--	11	10098	卖盘
14:14:41	9.18	0.01	272	250228	买盘
14:14:31	9.17	--	10	9170	卖盘
14:14:26	9.17	-0.01	90	82530	卖盘
14:14:11	9.18	0.01	7	6426	买盘
14:14:06	9.17	--	10	9170	卖盘
14:13:56	9.17	-0.01	1	917	中性盘
14:13:41	9.18	--	11	10098	买盘
14:13:36	9.18	--	7	6426	买盘
14:13:11	9.18	0.01	60	55080	买盘
14:13:01	9.17	-0.01	210	193331	卖盘
14:12:56	9.18	--	32	29376	卖盘
14:12:51	9.18	--	5	4590	卖盘
14:12:46	9.18	--	15	13770	卖盘
14:12:41	9.18	0.03	342	314112	买盘
14:12:26	9.15	--	0	0	卖盘
14:12:16	9.15	-0.02	135	123525	卖盘
14:12:11	9.17	0.02	83	76111	买盘
14:12:01	9.15	--	0	0	卖盘
14:11:40	9.15	-0.01	50	45750	卖盘
14:11:31	9.16	--	8	7328	买盘
14:11:16	9.16	--	33	30228	买盘
14:10:55	9.16	--	15	13740	卖盘
14:10:51	9.16	-0.01	30	27480	卖盘
14:10:40	9.17	0.01	50	45850	买盘
14:10:36	9.16	-0.01	42	38472	卖盘
14:10:25	9.17	--	94	86959	买盘
14:10:01	9.17	--	9	8253	买盘
14:09:40	9.17	0.01	5	4585	买盘
14:09:36	9.16	--	20	18320	卖盘
14:09:31	9.16	-0.01	100	91600	卖盘
14:09:21	9.17	--	10	9170	买盘
14:09:10	9.17	--	35	32095	卖盘
14:09:05	9.17	--	38	34846	卖盘
14:08:55	9.17	--	73	66941	卖盘
14:08:50	9.17	-0.01	6	5502	卖盘
14:08:46	9.18	0.01	100	91800	买盘
14:08:40	9.17	--	3	2751	卖盘
14:08:35	9.17	--	6	5502	卖盘
14:08:25	9.17	-0.01	26	23842	卖盘
14:08:16	9.18	0.01	31	28458	中性盘
14:08:10	9.17	-0.01	139	127463	卖盘
14:08:05	9.18	-0.01	120	110160	卖盘
14:08:01	9.19	--	16	14704	买盘
14:07:55	9.19	--	10	9190	买盘
14:07:50	9.19	--	341	313379	卖盘
14:07:46	9.19	--	160	147040	卖盘
14:07:40	9.19	--	1841	1691879	卖盘
14:07:35	9.19	--	45	41355	卖盘
14:07:31	9.19	--	33	30327	卖盘
14:07:25	9.19	--	216	198504	卖盘
14:07:15	9.19	-0.01	102	93738	卖盘
14:07:10	9.2	0.01	18	16560	买盘
14:07:05	9.19	--	500	459500	卖盘
14:07:00	9.19	--	1	919	卖盘
14:06:55	9.19	-0.01	87	79953	卖盘
14:06:50	9.2	0.01	173	159160	买盘
14:06:45	9.19	-0.01	25	22975	卖盘
14:06:40	9.2	0.01	12	11040	买盘
14:06:35	9.19	--	818	751742	卖盘
14:06:25	9.19	--	34	31246	卖盘
14:06:20	9.19	--	21	19299	卖盘
14:06:15	9.19	-0.01	2	1838	卖盘
14:06:10	9.2	--	373	343160	买盘
14:06:05	9.2	--	77	70840	买盘
14:06:00	9.2	0.01	32	29439	买盘
14:05:55	9.19	--	160	147040	卖盘
14:05:50	9.19	--	5	4595	卖盘
14:05:45	9.19	--	8	7352	卖盘
14:05:40	9.19	--	47	43193	卖盘
14:05:35	9.19	0.01	701	644219	买盘
14:05:25	9.18	-0.01	10	9180	买盘
14:05:20	9.19	0.02	40	36760	买盘
14:05:15	9.17	-0.01	200	183400	卖盘
14:05:10	9.18	--	144	132192	卖盘
14:05:05	9.18	--	7	6426	卖盘
14:04:55	9.18	--	41	37638	卖盘
14:04:50	9.18	--	22	20196	卖盘
14:04:45	9.18	0.01	77	70686	买盘
14:04:40	9.17	-0.01	70	64190	卖盘
14:04:25	9.18	0.01	52	47736	买盘
14:04:19	9.17	--	6	5502	卖盘
14:04:15	9.17	--	12	11004	卖盘
14:04:10	9.17	--	27	24759	买盘
14:03:55	9.17	-0.01	5	4585	买盘
14:03:45	9.18	--	11	10098	买盘
14:03:40	9.18	0.01	254	233172	买盘
14:03:30	9.17	--	94	86198	买盘
14:03:19	9.17	0.01	1	917	买盘
14:03:15	9.16	--	151	138316	卖盘
14:03:04	9.16	-0.01	90	82440	卖盘
14:03:00	9.17	0.01	293	268681	买盘
14:02:49	9.16	--	6	5496	卖盘
14:02:45	9.16	0.01	152	139387	买盘
14:02:34	9.15	-0.01	12	10980	卖盘
14:02:30	9.16	0.01	54	49464	买盘
14:02:19	9.15	-0.01	27	24705	卖盘
14:02:14	9.16	--	26	23816	买盘
14:02:04	9.16	--	60	54960	买盘
14:01:59	9.16	--	204	186864	买盘
14:01:44	9.16	--	30	27480	买盘
14:01:34	9.16	0.01	476	436016	买盘
14:01:29	9.15	--	120	109800	买盘
14:01:25	9.15	--	202	184830	卖盘
14:01:19	9.15	-0.01	135	123525	卖盘
14:01:09	9.16	0.01	20	18320	买盘
14:01:04	9.15	--	23	21045	卖盘
14:00:34	9.15	-0.01	20	18300	卖盘
14:00:29	9.16	0.02	67	61372	买盘
14:00:24	9.14	-0.01	9	8226	卖盘
14:00:19	9.15	--	25	22875	卖盘
14:00:14	9.15	--	194	177510	买盘
14:00:09	9.15	--	21	19215	买盘
14:00:04	9.15	0.01	21	19215	买盘
13:59:59	9.14	-0.01	10	9140	卖盘
13:59:39	9.15	--	11	10065	买盘
13:59:29	9.15	0.01	20	18300	买盘
13:59:24	9.14	-0.01	2	1828	卖盘
13:59:14	9.15	0.01	30	27450	买盘
13:59:04	9.14	-0.01	2	1828	卖盘
13:58:59	9.15	0.01	342	312930	买盘
13:58:54	9.14	-0.01	4	4524	卖盘
13:58:39	9.15	--	7	6405	买盘
13:58:19	9.15	--	32	29280	卖盘
13:58:09	9.15	--	41	37515	卖盘
13:58:04	9.15	-0.01	29	26535	卖盘
13:57:59	9.16	0.01	27	24732	买盘
13:57:39	9.15	--	12	10980	买盘
13:57:34	9.15	--	28	25620	卖盘
13:57:28	9.15	--	7	6405	买盘
13:57:13	9.15	--	108	98820	买盘
13:57:09	9.15	--	15	13725	买盘
13:57:04	9.15	0.01	20	18300	买盘
13:56:54	9.14	-0.01	45	41130	卖盘
13:56:39	9.15	0.01	11	10065	买盘
13:56:28	9.14	--	1	914	卖盘
13:56:19	9.14	--	5	4570	卖盘
13:56:09	9.14	-0.01	27	24678	卖盘
13:56:04	9.15	0.01	11	10065	买盘
13:55:54	9.14	--	1	914	卖盘
13:55:48	9.14	-0.01	22	20108	卖盘
13:55:43	9.15	0.01	10	9150	买盘
13:55:39	9.14	--	1	914	卖盘
13:55:23	9.14	--	86	78604	卖盘
13:55:13	9.14	--	50	45700	卖盘
13:55:08	9.14	-0.01	4	3656	卖盘
13:55:04	9.15	--	14	12810	买盘
13:54:43	9.15	--	142	129930	卖盘
13:54:28	9.15	--	60	54900	卖盘
13:54:13	9.15	--	55	50325	卖盘
13:54:08	9.15	--	2	1830	卖盘
13:54:04	9.15	-0.01	13	11895	卖盘
13:53:58	9.16	0.01	6	5496	买盘
13:53:53	9.15	--	12	10980	卖盘
13:53:48	9.15	--	10	9150	卖盘
13:53:28	9.15	-0.01	10	9150	卖盘
13:53:23	9.16	0.01	20	18320	买盘
13:53:18	9.15	-0.01	2	1830	中性盘
13:53:13	9.16	--	123	113428	买盘
13:53:08	9.16	--	59	54044	买盘
13:52:58	9.16	0.01	104	95264	买盘
13:52:53	9.15	-0.01	66	60390	卖盘
13:52:43	9.16	--	79	72364	买盘
13:52:38	9.16	0.01	40	36640	买盘
13:52:33	9.15	--	2	1830	卖盘
13:52:28	9.15	--	29	26535	卖盘
13:52:13	9.15	0.02	1092	999335	买盘
13:52:03	9.13	--	20	18260	卖盘
13:51:53	9.13	--	5	4565	卖盘
13:51:48	9.13	--	160	146080	卖盘
13:51:38	9.13	--	1	913	卖盘
13:51:33	9.13	--	20	18260	卖盘
13:51:28	9.13	-0.01	10	9130	卖盘
13:51:13	9.14	--	69	63066	卖盘
13:51:08	9.14	--	28	25592	卖盘
13:51:03	9.14	--	20	18280	卖盘
13:50:58	9.14	--	20	18280	卖盘
13:50:53	9.14	--	20	18280	卖盘
13:50:48	9.14	--	10	9140	卖盘
13:50:43	9.14	--	15	13710	买盘
13:50:37	9.14	0.01	169	154466	买盘
13:50:33	9.13	-0.01	5	4565	卖盘
13:50:13	9.14	--	5	4570	买盘
13:49:58	9.14	0.01	54	49356	买盘
13:49:52	9.13	--	69	62997	卖盘
13:49:48	9.13	-0.01	36	32868	卖盘
13:49:37	9.14	0.01	10	9140	买盘
13:49:33	9.13	-0.01	3	2739	卖盘
13:49:18	9.14	0.01	34	31076	买盘
13:49:13	9.13	-0.01	20	18260	卖盘
13:49:03	9.14	0.01	20	18280	买盘
13:48:58	9.13	--	7	6391	卖盘
13:48:52	9.13	-0.01	10	9130	卖盘
13:48:48	9.14	-0.01	25	22850	中性盘
13:48:42	9.15	0.02	100	91500	买盘
13:48:37	9.13	-0.01	75	68475	卖盘
13:48:22	9.14	--	4	3656	买盘
13:48:17	9.14	--	50	45700	买盘
13:48:07	9.14	-0.01	7	6398	买盘
13:47:52	9.15	0.01	30	27450	买盘
13:47:47	9.14	-0.01	49	44786	卖盘
13:47:42	9.15	0.01	10	9150	买盘
13:47:32	9.14	--	5	4570	卖盘
13:47:27	9.14	--	31	28334	卖盘
13:47:22	9.14	--	281	256834	卖盘
13:47:17	9.14	-0.01	10	9140	卖盘
13:47:12	9.15	--	58	53070	买盘
13:47:07	9.15	0.01	50	45750	买盘
13:47:02	9.14	-0.01	15	13710	卖盘
13:46:52	9.15	0.01	519	474885	买盘
13:46:47	9.14	--	177	161778	卖盘
13:46:37	9.14	--	40	36560	卖盘
13:46:32	9.14	--	46	42044	买盘
13:46:22	9.14	--	170	155380	买盘
13:46:17	9.14	0.01	25	22850	买盘
13:46:12	9.13	--	120	109560	卖盘
13:45:57	9.13	0.01	98	89474	买盘
13:45:42	9.12	--	8	7295	买盘
13:45:37	9.12	--	60	54719	买盘
13:45:32	9.12	0.01	30	27359	买盘
13:45:22	9.11	--	44	40084	卖盘
13:45:17	9.11	--	109	99299	卖盘
13:45:07	9.11	--	134	122073	买盘
13:45:02	9.11	--	7	6377	买盘
13:44:57	9.11	--	30	27330	买盘
13:44:52	9.11	--	8	7288	买盘
13:44:32	9.11	-0.02	125	113875	卖盘
13:44:22	9.13	--	31	28303	买盘
13:44:17	9.13	0.02	16	14608	买盘
13:44:12	9.11	-0.02	197	179467	卖盘
13:44:07	9.13	--	105	95865	卖盘
13:44:02	9.13	--	98	89474	卖盘
13:43:52	9.13	-0.01	109	99517	卖盘
13:43:47	9.14	--	34	31076	买盘
13:43:31	9.14	-0.01	36	32904	卖盘
13:43:22	9.15	--	144	131760	买盘
13:43:16	9.15	0.01	59	53985	买盘
13:43:12	9.14	-0.01	18	16452	卖盘
13:43:07	9.15	--	6	5490	买盘
13:43:01	9.15	--	71	64965	买盘
13:42:52	9.15	--	62	56730	买盘
13:42:46	9.15	--	106	96990	卖盘
13:42:42	9.15	0.01	73	66795	中性盘
13:42:37	9.14	-0.01	139	127046	中性盘
13:42:31	9.15	0.02	125	114375	买盘
13:42:27	9.13	-0.02	14	12782	卖盘
13:42:22	9.15	--	26	23790	买盘
13:42:12	9.15	-0.01	55	50325	卖盘
13:42:07	9.16	--	49	44884	买盘
13:42:01	9.16	--	11	10076	买盘
13:41:57	9.16	-0.01	227	207932	卖盘
13:41:52	9.17	--	50	45850	买盘
13:41:46	9.17	0.01	12	11004	买盘
13:41:42	9.16	--	106	97096	卖盘
13:41:31	9.16	--	52	47632	卖盘
13:41:27	9.16	--	127	116332	卖盘
13:41:21	9.16	0.01	61	55876	买盘
13:41:16	9.15	--	119	108885	卖盘
13:41:11	9.15	--	133	121695	卖盘
13:41:06	9.15	-0.01	73	66795	卖盘
13:41:01	9.16	--	70	64120	买盘
13:40:56	9.16	0.01	226	207016	买盘
13:40:51	9.15	--	50	45750	卖盘
13:40:46	9.15	--	68	62220	卖盘
13:40:41	9.15	--	60	54900	卖盘
13:40:36	9.15	0.02	1274	1166560	买盘
13:40:31	9.13	0.01	230	209990	买盘
13:40:26	9.12	-0.01	70	63839	卖盘
13:40:21	9.13	0.01	154	140602	买盘
13:40:16	9.12	--	154	140448	卖盘
13:40:11	9.12	--	78	71136	买盘
13:40:06	9.12	0.01	120	109439	买盘
13:40:01	9.11	-0.01	1	911	卖盘
13:39:51	9.12	--	70	63839	卖盘
13:39:46	9.12	--	24	21887	买盘
13:39:41	9.12	--	45	41040	买盘
13:39:36	9.12	--	56	51071	买盘
13:39:31	9.12	--	154	140448	买盘
13:39:16	9.12	0.01	31	28271	买盘
13:38:56	9.11	-0.01	10	9110	卖盘
13:38:46	9.12	0.02	232	211583	买盘
13:38:41	9.1	-0.01	113	102830	卖盘
13:38:36	9.11	--	21	19131	买盘
13:38:31	9.11	0.02	60	54660	买盘
13:38:26	9.09	-0.01	27	24543	卖盘
13:38:21	9.1	-0.01	20	18200	卖盘
13:38:16	9.11	0.01	225	204975	买盘
13:38:11	9.1	--	59	53690	卖盘
13:38:01	9.1	--	11	10010	卖盘
13:37:51	9.1	--	20	18200	卖盘
13:37:46	9.1	0.01	1454	1323194	买盘
13:37:41	9.09	0.01	93	84537	买盘
13:37:31	9.08	--	36	32688	买盘
13:37:26	9.08	0.01	63	57204	买盘
13:37:16	9.07	-0.01	9	8163	卖盘
13:37:11	9.08	0.01	6	5448	买盘
13:37:01	9.07	--	36	32652	买盘
13:36:56	9.07	--	5	4535	买盘
13:36:36	9.07	--	0	0	中性盘
13:36:31	9.07	--	30	27210	买盘
13:35:55	9.07	--	69	62583	卖盘
13:35:51	9.07	--	24	21768	卖盘
13:35:46	9.07	-0.01	20	18140	卖盘
13:35:36	9.08	0.01	11	9988	买盘
13:35:31	9.07	-0.01	10	9070	卖盘
13:35:10	9.08	--	22	19976	卖盘
13:35:06	9.08	--	100	90800	卖盘
13:35:01	9.08	--	60	54480	卖盘
13:34:55	9.08	--	110	99880	卖盘
13:34:51	9.08	--	101	91708	卖盘
13:34:46	9.08	--	21	19068	卖盘
13:34:40	9.08	--	2	1816	卖盘
13:34:25	9.08	-0.01	26	23608	卖盘
13:34:10	9.09	--	7	6363	买盘
13:34:05	9.09	0.01	103	93627	买盘
13:33:55	9.08	-0.01	59	53572	卖盘
13:33:50	9.09	--	57	51813	买盘
13:33:40	9.09	--	175	159075	买盘
13:33:30	9.09	0.01	161	146349	买盘
13:33:25	9.08	-0.01	20	18160	中性盘
13:33:10	9.09	--	0	0	买盘
13:32:55	9.09	--	33	29997	买盘
13:32:40	9.09	--	6	5454	买盘
13:32:35	9.09	--	0	0	买盘
13:32:30	9.09	-0.01	30	27270	买盘
13:32:15	9.1	--	0	0	买盘
13:32:05	9.1	--	43	39130	买盘
13:31:55	9.1	--	0	0	买盘
13:31:50	9.1	0.04	2000	1820000	买盘
13:31:30	9.06	--	11	9966	买盘
13:30:25	9.06	--	1	906	买盘
13:30:05	9.06	--	4	3624	买盘
13:29:55	9.06	--	33	29898	买盘
13:29:45	9.06	--	0	0	买盘
13:29:25	9.06	--	11	9966	买盘
13:29:00	9.06	--	23	20838	买盘
13:28:15	9.06	--	0	0	买盘
13:28:10	9.06	0.02	535	484710	买盘
13:27:40	9.04	--	60	54239	买盘
13:27:24	9.04	--	11	9943	买盘
13:27:19	9.04	--	3	2711	买盘
13:27:09	9.04	--	10	9040	买盘
13:26:44	9.04	--	15	13559	买盘
13:26:39	9.04	0.01	9	8135	买盘
13:26:34	9.03	-0.01	5	4515	卖盘
13:26:29	9.04	--	10	9040	买盘
13:26:19	9.04	0.01	2	1807	卖盘
13:26:14	9.03	--	0	0	卖盘
13:26:04	9.03	-0.02	38	34314	卖盘
13:25:59	9.05	--	0	0	买盘
13:25:54	9.05	0.01	141	127605	买盘
13:25:49	9.04	--	40	37054	卖盘
13:25:44	9.04	-0.01	6	5423	卖盘
13:25:24	9.05	0.01	11	9955	买盘
13:25:19	9.04	-0.01	22	19887	卖盘
13:25:14	9.05	0.01	5	4525	买盘
13:25:09	9.04	--	20	18080	卖盘
13:24:49	9.04	-0.01	215	194359	卖盘
13:23:49	9.05	-0.01	140	127034	卖盘
13:23:44	9.06	0.01	30	27180	买盘
13:23:34	9.05	--	30	27150	卖盘
13:23:29	9.05	--	9	8145	卖盘
13:23:09	9.05	--	100	90500	卖盘
13:23:04	9.05	--	27	24435	卖盘
13:22:59	9.05	--	28	25340	卖盘
13:22:54	9.05	--	83	75115	卖盘
13:22:49	9.05	--	19	17195	卖盘
13:22:44	9.05	--	16	14480	卖盘
13:22:39	9.05	--	20	18100	卖盘
13:22:29	9.05	--	8	7240	卖盘
13:22:24	9.05	--	70	63920	卖盘
13:22:04	9.05	-0.01	45	40725	卖盘
13:21:58	9.06	0.01	20	18120	买盘
13:21:28	9.05	--	1000	905000	卖盘
13:21:13	9.05	-0.01	10	9050	卖盘
13:20:39	9.06	--	4	3624	买盘
13:20:24	9.06	--	4	3624	买盘
13:20:08	9.06	--	100	90600	买盘
13:20:03	9.06	--	10	9060	买盘
13:19:53	9.06	--	34	30804	买盘
13:19:23	9.06	--	3	2718	买盘
13:19:13	9.06	0.01	1	906	买盘
13:18:58	9.05	-0.01	7	6335	卖盘
13:18:48	9.06	--	13	11778	买盘
13:18:13	9.06	--	13	12113	卖盘
13:18:08	9.06	--	6	6006	买盘
13:18:03	9.06	--	10	9060	买盘
13:17:58	9.06	--	10	9060	买盘
13:17:53	9.06	--	81	73386	买盘
13:17:43	9.06	--	2	1812	买盘
13:17:08	9.06	--	100	90600	买盘
13:16:58	9.06	--	1	906	买盘
13:16:53	9.06	--	8	7248	买盘
13:16:43	9.06	--	12	10872	买盘
13:16:23	9.06	0.01	193	174858	买盘
13:16:08	9.05	-0.01	7	6335	卖盘
13:15:58	9.06	0.01	212	192072	买盘
13:15:43	9.05	--	16	14480	卖盘
13:15:38	9.05	--	25	22625	卖盘
13:15:33	9.05	-0.01	53	47965	卖盘
13:15:23	9.06	--	12	10872	买盘
13:15:13	9.06	--	169	153920	卖盘
13:14:58	9.06	0.01	41	37245	买盘
13:14:52	9.05	--	22	19910	卖盘
13:14:37	9.05	-0.01	257	232585	卖盘
13:14:03	9.06	0.01	100	90600	买盘
13:13:52	9.05	-0.01	40	36200	卖盘
13:13:48	9.06	0.01	112	101472	买盘
13:13:37	9.05	-0.01	106	95930	卖盘
13:13:33	9.06	0.01	10	9060	买盘
13:13:22	9.05	-0.01	73	66065	卖盘
13:12:42	9.06	--	1	906	买盘
13:12:27	9.06	--	507	460148	卖盘
13:12:22	9.06	-0.01	5	4530	卖盘
13:12:17	9.07	0.01	16	14512	买盘
13:11:52	9.06	-0.01	22	19932	卖盘
13:11:47	9.07	0.01	44	39908	买盘
13:11:17	9.06	-0.01	31	28086	卖盘
13:11:07	9.07	--	19	17233	卖盘
13:11:02	9.07	--	3	2721	卖盘
13:10:47	9.07	--	6	5442	卖盘
13:10:37	9.07	--	16	14512	卖盘
13:10:27	9.07	--	109	98863	卖盘
13:10:22	9.07	--	31	28117	卖盘
13:10:17	9.07	--	27	24489	卖盘
13:10:07	9.07	--	50	45350	卖盘
13:09:42	9.07	--	52	47617	卖盘
13:09:27	9.07	--	22	19954	卖盘
13:09:07	9.07	--	16	14512	卖盘
13:08:52	9.07	--	22	19954	卖盘
13:08:37	9.07	-0.01	23	20861	卖盘
13:08:22	9.08	--	6	5448	买盘
13:08:17	9.08	--	20	18160	买盘
13:08:07	9.08	--	20	18160	买盘
13:07:37	9.08	0.01	10	9080	买盘
13:07:27	9.07	--	38	34466	卖盘
13:06:31	9.07	--	11	9977	卖盘
13:06:12	9.07	--	70	63490	卖盘
13:05:56	9.07	--	5	4535	卖盘
13:05:16	9.07	--	12	10884	买盘
13:05:06	9.07	--	6	5442	买盘
13:04:46	9.07	--	70	63490	买盘
13:04:36	9.07	--	9	8163	买盘
13:04:31	9.07	0.01	24	21768	买盘
13:04:26	9.06	-0.01	33	29898	卖盘
13:04:01	9.07	0.01	66	59862	买盘
13:03:51	9.06	--	0	0	卖盘
13:03:46	9.06	-0.01	22	19932	卖盘
13:03:26	9.07	--	110	99770	卖盘
13:03:16	9.07	--	5	4535	卖盘
13:02:56	9.07	--	11	9977	卖盘
13:02:51	9.07	--	150	136050	卖盘
13:02:31	9.07	--	42	38094	卖盘
13:02:06	9.07	--	16	14512	卖盘
13:02:01	9.07	--	42	38094	卖盘
13:01:51	9.07	--	1	907	卖盘
13:01:36	9.07	--	16	14512	卖盘
13:01:31	9.07	--	16	14512	卖盘
13:01:26	9.07	--	42	38094	卖盘
13:01:11	9.07	--	42	38094	卖盘
13:00:31	9.07	0.01	90	81729	买盘
13:00:20	9.06	-0.01	16	14496	卖盘
13:00:16	9.07	0.01	10	9070	买盘
13:00:06	9.06	--	332	300792	卖盘
11:30:00	9.06	--	0	0	卖盘
11:29:59	9.06	--	0	0	卖盘
11:29:36	9.06	-0.01	16	14496	卖盘
11:29:17	9.07	0.01	26	23582	买盘
11:29:01	9.06	--	20	18120	卖盘
11:28:06	9.06	--	37	33522	卖盘
11:28:01	9.06	--	42	38052	卖盘
11:27:46	9.06	--	56	50736	卖盘
11:27:31	9.06	-0.01	350	317100	卖盘
11:27:21	9.07	0.01	1	907	买盘
11:26:57	9.06	-0.01	23	20838	卖盘
11:26:46	9.07	--	6	5442	买盘
11:26:36	9.07	0.01	83	75281	买盘
11:26:21	9.06	-0.01	106	96036	卖盘
11:26:12	9.07	--	10	9070	买盘
11:25:41	9.07	--	0	807	卖盘
11:25:36	9.07	--	9	8163	卖盘
11:25:21	9.07	--	40	36379	买盘
11:25:06	9.07	--	266	241262	买盘
11:24:56	9.07	--	25	22675	买盘
11:24:51	9.07	0.01	5	4535	买盘
11:24:31	9.06	--	33	29898	卖盘
11:24:21	9.06	-0.01	52	47112	卖盘
11:24:16	9.07	--	1	907	买盘
11:23:41	9.07	--	38	34466	买盘
11:23:36	9.07	--	122	110654	买盘
11:23:21	9.07	--	50	45350	买盘
11:23:11	9.07	--	12	10884	买盘
11:21:40	9.07	0.01	15	13605	买盘
11:21:36	9.06	--	31	28086	买盘
11:21:25	9.06	--	16	14496	买盘
11:21:21	9.06	--	18	16308	买盘
11:21:15	9.06	--	19	17214	卖盘
11:21:10	9.06	--	11	9966	买盘
11:21:06	9.06	--	4	3624	买盘
11:21:00	9.06	-0.01	16	15202	买盘
11:20:55	9.07	0.02	7	6349	买盘
11:20:51	9.05	-0.01	8	7647	卖盘
11:20:25	9.06	-0.01	7	6840	卖盘
11:20:15	9.07	0.01	4	3628	买盘
11:20:10	9.06	--	2	2219	买盘
11:19:45	9.06	--	14	12684	买盘
11:19:40	9.06	0.01	22	19932	买盘
11:18:45	9.05	--	20	18100	卖盘
11:17:50	9.05	--	2	1810	卖盘
11:17:40	9.05	--	10	9050	买盘
11:17:25	9.05	--	20	18100	买盘
11:17:05	9.05	0.01	9	8145	买盘
11:16:54	9.04	-0.01	42	37968	卖盘
11:15:45	9.05	--	61	55205	卖盘
11:14:54	9.05	--	50	45250	卖盘
11:14:34	9.05	--	20	18100	买盘
11:13:54	9.05	--	10	9050	买盘
11:12:54	9.05	--	3	2715	卖盘
11:12:29	9.05	--	1	905	卖盘
11:12:19	9.05	--	11	9955	卖盘
11:11:34	9.05	--	42	38010	卖盘
11:11:24	9.05	--	6	5430	买盘
11:11:19	9.05	0.01	21	19005	买盘
11:11:04	9.04	-0.02	52	47007	卖盘
11:10:59	9.06	--	4	3624	买盘
11:10:34	9.06	--	99	90192	卖盘
11:10:29	9.06	--	21	19026	卖盘
11:10:24	9.06	--	60	54360	卖盘
11:09:59	9.06	--	42	38052	卖盘
11:09:29	9.06	--	3	2718	卖盘
11:08:18	9.06	-0.01	9	8154	卖盘
11:08:09	9.07	--	200	181400	买盘
11:07:58	9.07	0.01	10	9070	买盘
11:07:39	9.06	--	30	27180	卖盘
11:07:33	9.06	-0.01	12	11279	卖盘
11:07:28	9.07	--	6	5442	买盘
11:06:48	9.07	0.01	3	2721	买盘
11:06:33	9.06	--	2	1812	卖盘
11:06:28	9.06	-0.01	13	11778	卖盘
11:06:18	9.07	--	10	9070	买盘
11:06:13	9.07	0.01	20	18140	买盘
11:05:58	9.06	--	70	63420	买盘
11:05:43	9.06	-0.01	30	27180	卖盘
11:05:33	9.07	--	20	18140	买盘
11:05:23	9.07	0.01	2	1814	买盘
11:05:18	9.06	--	40	36240	卖盘
11:05:13	9.06	--	42	38052	卖盘
11:04:28	9.06	--	52	47112	买盘
11:04:13	9.06	--	7	6342	买盘
11:03:58	9.06	--	3	2718	卖盘
11:03:43	9.06	0.01	5	4530	卖盘
11:03:12	9.05	--	0	0	卖盘
11:03:08	9.05	-0.02	0	9	卖盘
11:02:53	9.07	0.03	25	22675	买盘
11:02:42	9.04	--	0	0	卖盘
11:02:38	9.04	-0.03	843	762071	卖盘
11:02:33	9.07	--	1	907	买盘
11:02:12	9.07	0.01	6	5442	买盘
11:01:18	9.06	--	185	167610	买盘
11:01:07	9.06	--	40	36240	买盘
11:00:03	9.06	0.01	5	4530	买盘
10:59:57	9.05	-0.01	10	9050	卖盘
10:59:42	9.06	0.01	1	906	买盘
10:59:37	9.05	--	40	36200	卖盘
10:59:12	9.05	--	42	38010	卖盘
10:59:07	9.05	--	0	0	卖盘
10:59:03	9.05	--	24	21720	卖盘
10:58:57	9.05	-0.01	24	21720	卖盘
10:58:42	9.06	--	10	9060	卖盘
10:58:37	9.06	--	1	906	买盘
10:58:07	9.06	--	19	17214	卖盘
10:57:52	9.06	--	6	5436	卖盘
10:57:42	9.06	-0.01	47	42582	卖盘
10:57:32	9.07	--	1	907	买盘
10:57:27	9.07	--	2	1814	买盘
10:57:22	9.07	--	1	907	买盘
10:57:12	9.07	0.02	1	907	买盘
10:56:57	9.05	--	0	0	卖盘
10:55:57	9.05	-0.01	39	35295	卖盘
10:55:42	9.06	--	3	2718	卖盘
10:55:36	9.06	--	3	2718	买盘
10:55:06	9.06	--	93	84258	卖盘
10:54:46	9.06	--	10	9060	卖盘
10:54:21	9.06	--	37	33522	卖盘
10:54:16	9.06	--	76	68856	卖盘
10:53:06	9.06	--	16	14496	卖盘
10:52:57	9.06	--	40	36240	卖盘
10:52:31	9.06	--	43	38958	卖盘
10:52:11	9.06	-0.01	43	38958	卖盘
10:52:01	9.07	--	5	4535	买盘
10:51:51	9.07	--	353	320171	卖盘
10:51:36	9.07	--	19	17233	卖盘
10:51:31	9.07	-0.01	51	46257	卖盘
10:51:06	9.08	--	58	53390	卖盘
10:50:56	9.08	--	8	7264	卖盘
10:50:51	9.08	--	4	3632	卖盘
10:50:46	9.08	--	140	127301	买盘
10:50:41	9.08	--	20	18160	买盘
10:50:16	9.08	--	80	72640	买盘
10:50:06	9.08	--	112	101696	买盘
10:49:40	9.08	0.01	22	19976	买盘
10:49:36	9.07	-0.01	10	9070	卖盘
10:49:30	9.08	--	10	9080	买盘
10:49:26	9.08	--	10	9080	买盘
10:49:21	9.08	0.01	50	45400	买盘
10:49:11	9.07	--	2	1814	卖盘
10:48:51	9.07	--	10	9070	卖盘
10:48:45	9.07	-0.01	10	9070	卖盘
10:48:36	9.08	--	176	159808	买盘
10:48:25	9.08	0.01	5	4540	买盘
10:48:21	9.07	--	6	5442	卖盘
10:48:15	9.07	-0.01	110	99770	卖盘
10:48:10	9.08	--	10	9080	买盘
10:47:45	9.08	--	5	4540	买盘
10:47:40	9.08	--	10	9080	买盘
10:47:21	9.08	--	5	4540	买盘
10:47:10	9.08	--	15	13620	买盘
10:47:00	9.08	--	10	9080	买盘
10:46:55	9.08	0.01	353	320524	买盘
10:46:30	9.07	--	40	36280	买盘
10:46:10	9.07	0.01	300	272100	买盘
10:46:06	9.06	--	20	18120	卖盘
10:46:00	9.06	--	30	27180	卖盘
10:45:30	9.06	--	100	90600	卖盘
10:45:25	9.06	-0.01	60	54360	卖盘
10:45:20	9.07	0.01	100	90700	买盘
10:45:15	9.06	--	73	66138	卖盘
10:45:10	9.06	--	6	5436	卖盘
10:44:45	9.06	--	8	7248	买盘
10:44:40	9.06	-0.01	2	1812	买盘
10:44:30	9.07	--	0	0	买盘
10:44:20	9.07	0.01	8	7256	买盘
10:44:15	9.06	--	56	51460	卖盘
10:43:55	9.06	-0.01	3	2718	卖盘
10:43:45	9.07	0.01	2	1814	买盘
10:43:24	9.06	--	1	1087	买盘
10:43:09	9.06	--	50	45300	买盘
10:42:50	9.06	--	10	9060	买盘
10:42:30	9.06	0.01	20	18120	买盘
10:42:09	9.05	--	6	5430	卖盘
10:42:04	9.05	--	5	4525	卖盘
10:41:34	9.05	--	58	52490	买盘
10:41:04	9.05	--	0	0	买盘
10:40:54	9.05	0.01	12	10860	买盘
10:40:49	9.04	--	2	1807	买盘
10:40:39	9.04	--	2	1807	买盘
10:40:00	9.04	--	41	37064	卖盘
10:39:49	9.04	--	2	1807	卖盘
10:39:39	9.04	--	60	54239	卖盘
10:39:30	9.04	-0.01	20	18080	卖盘
10:39:24	9.05	--	30	27150	买盘
10:39:19	9.05	--	3	2715	买盘
10:38:39	9.05	--	50	45250	买盘
10:38:09	9.05	--	20	18100	买盘
10:37:49	9.05	--	50	45250	买盘
10:37:19	9.05	--	49	44345	卖盘
10:37:09	9.05	0.01	1	905	卖盘
10:36:54	9.04	-0.01	92	83167	卖盘
10:36:44	9.05	0.01	30	27150	卖盘
10:36:33	9.04	--	0	0	卖盘
10:36:24	9.04	-0.02	142	128367	卖盘
10:36:18	9.06	--	100	90600	买盘
10:36:09	9.06	--	0	0	买盘
10:36:03	9.06	0.02	300	271800	买盘
10:35:48	9.04	-0.01	8	7231	卖盘
10:35:28	9.05	--	41	37105	卖盘
10:35:18	9.05	--	98	88690	卖盘
10:35:03	9.05	--	12	10860	卖盘
10:34:54	9.05	0.01	10	9050	买盘
10:34:48	9.04	-0.01	42	37968	卖盘
10:34:18	9.05	--	11	9955	买盘
10:34:13	9.05	0.01	94	85070	买盘
10:32:48	9.04	-0.01	40	36160	卖盘
10:32:43	9.05	0.01	50	45250	买盘
10:32:18	9.04	-0.01	12	10847	卖盘
10:32:13	9.05	0.01	11	9955	买盘
10:31:13	9.04	--	50	45199	卖盘
10:30:48	9.04	--	3	2711	卖盘
10:30:12	9.04	--	10	9040	卖盘
10:30:03	9.04	--	6	5423	卖盘
10:29:18	9.04	--	1	903	卖盘
10:29:12	9.04	--	30	27119	卖盘
10:28:52	9.04	-0.01	42	37968	卖盘
10:28:07	9.05	--	2	1810	买盘
10:27:52	9.05	0.01	31	28055	买盘
10:27:37	9.04	--	14	12655	卖盘
10:26:57	9.04	0.01	30	27119	买盘
10:26:27	9.03	--	0	0	卖盘
10:26:22	9.03	--	36	32507	卖盘
10:26:02	9.03	--	0	0	卖盘
10:25:07	9.03	-0.01	50	45150	卖盘
10:25:02	9.04	0.01	53	47911	买盘
10:24:57	9.03	--	40	36120	卖盘
10:24:52	9.03	-0.01	30	27089	卖盘
10:24:32	9.04	--	15	13559	买盘
10:24:22	9.04	--	115	103959	买盘
10:24:12	9.04	0.01	20	18080	买盘
10:23:57	9.03	--	10	9030	卖盘
10:23:52	9.03	-0.01	80	72240	卖盘
10:23:42	9.04	--	11	9943	买盘
10:23:12	9.04	0.01	40	36160	买盘
10:23:06	9.03	--	7	6321	卖盘
10:22:51	9.03	-0.01	10	9030	卖盘
10:22:36	9.04	0.01	30	27119	买盘
10:22:27	9.03	--	10	9030	卖盘
10:22:16	9.03	--	10	9030	卖盘
10:21:57	9.03	--	50	45150	卖盘
10:21:16	9.03	--	15	13544	卖盘
10:21:01	9.03	--	53	47859	卖盘
10:20:31	9.03	--	18	16253	卖盘
10:20:26	9.03	--	12	10836	买盘
10:20:11	9.03	--	3	2709	买盘
10:19:01	9.03	--	14	12642	卖盘
10:18:56	9.03	--	20	18060	卖盘
10:18:31	9.03	0.01	50	45150	买盘
10:18:21	9.02	-0.01	13	11726	卖盘
10:18:01	9.03	--	1	902	买盘
10:17:46	9.03	--	3	2709	买盘
10:17:41	9.03	--	15	13544	买盘
10:17:36	9.03	--	69	62306	卖盘
10:17:21	9.03	--	50	45150	卖盘
10:17:16	9.03	--	5	4515	卖盘
10:16:51	9.03	--	100	90300	卖盘
10:16:26	9.03	-0.01	30	27089	卖盘
10:16:15	9.04	--	16	14463	买盘
10:16:06	9.04	0.01	10	9040	买盘
10:15:55	9.03	-0.01	120	108359	卖盘
10:15:21	9.04	0.01	8	7231	买盘
10:15:10	9.03	--	5	4515	卖盘
10:14:55	9.03	-0.01	3	2709	卖盘
10:14:45	9.04	0.01	20	18080	买盘
10:14:21	9.03	--	10	9030	卖盘
10:13:50	9.03	-0.01	21	18963	卖盘
10:13:45	9.04	0.01	4	3615	买盘
10:13:35	9.03	-0.01	20	18060	卖盘
10:13:25	9.04	0.01	50	45199	买盘
10:13:15	9.03	-0.01	10	9030	卖盘
10:13:10	9.04	0.01	50	45199	买盘
10:12:40	9.03	--	1	902	卖盘
10:12:15	9.03	--	10	9030	卖盘
10:12:10	9.03	-0.01	10	9030	卖盘
10:11:55	9.04	--	13	11751	买盘
10:10:35	9.04	--	0	0	买盘
10:10:24	9.04	-0.01	10	9040	卖盘
10:10:09	9.05	--	0	0	买盘
10:09:54	9.05	0.03	9	8145	买盘
10:09:39	9.02	--	10	9020	卖盘
10:09:15	9.02	--	14	12628	卖盘
10:09:04	9.02	--	3	2706	卖盘
10:08:34	9.02	-0.03	100	90200	卖盘
10:08:15	9.05	0.03	535	484175	买盘
10:08:04	9.02	--	225	202950	卖盘
10:07:49	9.02	--	10	9020	卖盘
10:07:34	9.02	-0.01	120	108240	卖盘
10:07:29	9.03	0.01	10	9030	买盘
10:07:24	9.02	-0.01	12	10824	卖盘
10:07:09	9.03	--	13	11739	卖盘
10:06:54	9.03	--	11	9933	卖盘
10:06:39	9.03	--	11	9933	买盘
10:06:19	9.03	0.01	11	9933	买盘
10:05:49	9.02	-0.01	5	4510	卖盘
10:05:34	9.03	--	10	9030	买盘
10:05:04	9.03	--	1	902	买盘
10:04:19	9.03	--	11	9933	买盘
10:03:59	9.03	--	3	2709	买盘
10:03:54	9.03	--	20	18060	买盘
10:03:28	9.03	--	39	35217	卖盘
10:03:09	9.03	-0.01	5	4515	卖盘
10:02:43	9.04	--	22	19887	卖盘
10:02:33	9.04	-0.01	1	903	卖盘
10:02:18	9.05	--	11	9955	买盘
10:02:13	9.05	0.01	3	2715	买盘
10:02:09	9.04	--	66	59663	卖盘
10:01:48	9.04	--	5	4520	卖盘
10:01:43	9.04	--	78	70512	卖盘
10:01:33	9.04	--	10	9040	卖盘
10:01:24	9.04	--	71	64183	卖盘
10:01:18	9.04	--	248	224191	卖盘
10:00:53	9.04	--	20	18080	卖盘
10:00:48	9.04	--	180	162719	卖盘
10:00:43	9.04	-0.01	5	4520	卖盘
10:00:18	9.05	--	111	100455	买盘
10:00:03	9.05	--	28	25340	卖盘
09:59:48	9.05	0.01	1	905	卖盘
09:59:43	9.04	--	0	0	卖盘
09:59:38	9.04	--	1	903	卖盘
09:59:33	9.04	-0.01	16	14463	卖盘
09:59:28	9.05	--	23	20815	买盘
09:59:23	9.05	--	10	9050	买盘
09:59:18	9.05	-0.01	4	3620	卖盘
09:59:13	9.06	0.01	102	92412	买盘
09:59:08	9.05	--	16	14480	卖盘
09:58:58	9.05	-0.01	16	14480	卖盘
09:58:53	9.06	-0.01	1	1630	卖盘
09:58:43	9.07	0.01	6	5442	买盘
09:58:38	9.06	--	32	28992	卖盘
09:58:33	9.06	-0.01	5	4711	卖盘
09:58:13	9.07	0.01	11	9977	买盘
09:58:08	9.06	--	7	6342	买盘
09:58:03	9.06	--	2	1812	卖盘
09:57:58	9.06	--	18	16308	买盘
09:57:53	9.06	--	22	19932	买盘
09:57:22	9.06	--	24	21744	买盘
09:56:42	9.06	--	5	4530	买盘
09:56:37	9.06	--	2	1812	卖盘
09:56:18	9.06	-0.01	20	18120	卖盘
09:56:12	9.07	0.01	11	9977	买盘
09:56:07	9.06	0.01	48	43488	买盘
09:55:57	9.05	-0.01	9	8145	卖盘
09:55:37	9.06	0.01	1	906	买盘
09:55:07	9.05	--	10	9050	卖盘
09:54:52	9.05	--	18	16290	卖盘
09:54:32	9.05	--	7	6335	卖盘
09:54:27	9.05	--	5	4525	卖盘
09:54:22	9.05	-0.01	7	6335	卖盘
09:54:17	9.06	0.01	19	17214	买盘
09:54:12	9.05	-0.01	13	11765	卖盘
09:53:37	9.06	0.01	9	8154	买盘
09:53:32	9.05	--	7	6335	卖盘
09:53:22	9.05	--	13	11765	卖盘
09:53:17	9.05	-0.01	21	19005	卖盘
09:53:12	9.06	--	15	13590	买盘
09:52:57	9.06	--	64	57984	买盘
09:52:47	9.06	--	11	9966	买盘
09:52:37	9.06	--	20	18120	买盘
09:52:17	9.06	--	5	4530	买盘
09:52:12	9.06	--	11	9966	买盘
09:52:07	9.06	0.01	10	9060	买盘
09:51:57	9.05	-0.01	2	1810	卖盘
09:51:52	9.06	0.01	24	21744	买盘
09:51:42	9.05	--	1	905	卖盘
09:51:27	9.05	--	2	1810	卖盘
09:51:16	9.05	-0.01	6	5430	卖盘
09:50:42	9.06	0.01	12	10872	买盘
09:50:36	9.05	--	43	38915	买盘
09:50:16	9.05	--	18	16290	卖盘
09:50:12	9.05	0.01	20	18100	中性盘
09:50:06	9.04	--	42	37968	卖盘
09:49:46	9.04	--	58	52431	卖盘
09:49:31	9.04	-0.02	20	18080	卖盘
09:49:16	9.06	0.02	48	43488	买盘
09:49:01	9.04	--	12	10847	卖盘
09:48:51	9.04	--	20	18080	卖盘
09:48:46	9.04	-0.01	2	1807	卖盘
09:48:26	9.05	0.01	43	38915	买盘
09:48:21	9.04	-0.01	50	45199	卖盘
09:48:11	9.05	--	11	9955	买盘
09:48:01	9.05	--	37	33485	卖盘
09:47:56	9.05	--	20	18100	卖盘
09:47:51	9.05	--	10	9050	卖盘
09:47:46	9.05	--	2	1810	卖盘
09:47:36	9.05	--	50	45250	买盘
09:47:16	9.05	--	25	22625	买盘
09:47:06	9.05	--	2	1810	买盘
09:47:01	9.05	0.01	14	12670	买盘
09:46:36	9.04	-0.01	10	9040	买盘
09:46:26	9.05	--	0	0	买盘
09:46:21	9.05	--	94	85070	买盘
09:46:16	9.05	--	23	20815	买盘
09:46:01	9.05	--	21	19005	买盘
09:45:56	9.05	--	0	0	买盘
09:45:46	9.05	0.01	111	100455	买盘
09:45:36	9.04	--	12	10847	买盘
09:45:30	9.04	0.01	4	3615	买盘
09:45:26	9.03	-0.01	42	37926	卖盘
09:45:15	9.04	0.01	30	27119	买盘
09:44:25	9.03	--	30	27089	买盘
09:44:20	9.03	0.01	31	27992	买盘
09:44:15	9.02	-0.01	53	47806	卖盘
09:44:00	9.03	-0.01	8	7223	卖盘
09:43:45	9.04	--	5	4520	买盘
09:43:25	9.04	--	0	0	买盘
09:43:20	9.04	--	22	19887	买盘
09:43:15	9.04	--	50	45199	买盘
09:43:10	9.04	--	60	54239	卖盘
09:43:00	9.04	--	19	17176	卖盘
09:42:30	9.04	--	10	9040	卖盘
09:42:15	9.04	--	107	96727	卖盘
09:42:10	9.04	--	7	6327	卖盘
09:42:00	9.04	0.01	168	151872	买盘
09:41:55	9.03	--	31	27992	卖盘
09:41:35	9.03	--	2	1805	卖盘
09:40:55	9.03	0.01	56	50568	买盘
09:40:40	9.02	-0.01	4	3608	卖盘
09:40:35	9.03	--	3	2709	买盘
09:40:05	9.03	--	9	8126	卖盘
09:39:40	9.03	0.01	45	40635	买盘
09:39:35	9.02	--	3	2706	卖盘
09:39:20	9.02	-0.01	3	2706	卖盘
09:39:00	9.03	-0.01	60	54179	卖盘
09:38:54	9.04	0.03	4	3615	买盘
09:38:24	9.01	--	0	0	卖盘
09:38:19	9.01	-0.02	200	180200	卖盘
09:38:09	9.03	--	30	27089	卖盘
09:37:59	9.03	--	9	8126	卖盘
09:37:34	9.03	--	1	902	卖盘
09:37:24	9.03	--	56	50568	卖盘
09:37:19	9.03	0.02	15	13544	卖盘
09:37:09	9.01	--	0	0	卖盘
09:37:04	9.01	--	0	0	卖盘
09:36:54	9.01	-0.01	200	180200	卖盘
09:36:29	9.02	0.02	35	31570	卖盘
09:35:34	9.0	-0.02	670	603000	卖盘
09:35:29	9.02	0.02	5	4510	卖盘
09:35:19	9.0	--	5	4500	卖盘
09:35:09	9.0	--	0	0	买盘
09:35:04	9.0	--	113	101700	买盘
09:34:54	9.0	--	189	170100	买盘
09:34:49	9.0	--	21	18900	买盘
09:34:44	9.0	--	2	1800	买盘
09:34:39	9.0	-0.06	888	799200	卖盘
09:34:34	9.06	--	10	9060	买盘
09:34:09	9.06	--	28	25368	卖盘
09:34:04	9.06	0.01	3	2718	买盘
09:33:59	9.05	-0.01	79	71495	卖盘
09:33:39	9.06	--	13	11778	卖盘
09:33:09	9.06	--	49	44394	买盘
09:32:48	9.06	--	45	40770	买盘
09:32:43	9.06	--	1	906	买盘
09:32:33	9.06	--	18	16308	卖盘
09:32:23	9.06	--	8	7248	卖盘
09:32:18	9.06	0.01	74	67044	买盘
09:32:13	9.05	-0.01	16	14480	卖盘
09:32:03	9.06	--	15	13590	买盘
09:31:33	9.06	--	72	65232	买盘
09:31:28	9.06	--	10	9060	买盘
09:31:13	9.06	-0.01	59	53454	卖盘
09:31:08	9.07	--	10	9070	买盘
09:31:03	9.07	--	0	0	买盘
09:30:38	9.07	--	28	25396	卖盘
09:30:13	9.07	--	6	5442	卖盘
09:30:08	9.07	0.01	54	48978	买盘
09:30:03	9.06	--	62	56172	买盘
09:28:45	9.06	--	0	0	买盘
09:25:06	9.06	9.06	21	19026	买盘
