成交时间	成交价	价格变动	成交量(手)	成交额(元)	性质
15:00:00	12.41	--	0	0	卖盘
15:00:00	12.41	--	0	0	卖盘
14:59:59	12.41	--	11	13651	卖盘
14:59:53	12.41	--	41	50881	买盘
14:59:44	12.41	--	10	12410	买盘
14:59:38	12.41	--	97	120377	卖盘
14:59:29	12.41	0.01	156	193596	买盘
14:59:23	12.4	--	45	55800	卖盘
14:59:14	12.4	--	23	28520	卖盘
14:59:08	12.4	-0.01	6	7440	卖盘
14:58:59	12.41	--	9	11169	买盘
14:58:53	12.41	--	101	125341	买盘
14:58:49	12.41	0.01	25	31025	买盘
14:58:44	12.4	-0.01	46	57040	卖盘
14:58:38	12.41	--	211	261851	买盘
14:58:34	12.41	0.01	15	18615	买盘
14:58:29	12.4	--	204	252960	卖盘
14:58:23	12.4	--	112	138880	卖盘
14:58:19	12.4	--	15	18600	卖盘
14:58:14	12.4	0.01	29	35960	中性盘
14:58:08	12.39	-0.01	132	163548	卖盘
14:58:04	12.4	0.01	100	124000	买盘
14:57:59	12.39	-0.01	59	73101	卖盘
14:57:53	12.4	0.01	184	228160	买盘
14:57:49	12.39	-0.01	189	234171	卖盘
14:57:44	12.4	0.01	18	22320	买盘
14:57:38	12.39	--	12	14868	卖盘
14:57:34	12.39	--	18	22302	卖盘
14:57:23	12.39	-0.01	39	48321	卖盘
14:57:19	12.4	--	72	89280	买盘
14:57:14	12.4	--	20	24800	买盘
14:57:08	12.4	--	24	29760	买盘
14:57:04	12.4	-0.01	263	326120	卖盘
14:56:59	12.41	--	115	142715	买盘
14:56:53	12.41	0.01	21	26061	买盘
14:56:49	12.4	--	167	207080	卖盘
14:56:44	12.4	--	278	344720	卖盘
14:56:38	12.4	--	153	189720	卖盘
14:56:34	12.4	-0.01	51	63240	卖盘
14:56:29	12.41	--	10	12410	买盘
14:56:23	12.41	0.01	50	62050	买盘
14:56:19	12.4	--	19	23560	卖盘
14:56:08	12.4	-0.01	25	31000	卖盘
14:56:04	12.41	--	16	19856	买盘
14:55:59	12.41	0.01	9	11169	买盘
14:55:53	12.4	-0.01	7	8680	卖盘
14:55:49	12.41	-0.01	139	172499	卖盘
14:55:44	12.42	0.01	20	24840	买盘
14:55:38	12.41	-0.01	48	59568	卖盘
14:55:34	12.42	--	24	29808	买盘
14:55:23	12.42	--	32	39744	买盘
14:55:14	12.42	--	20	24840	买盘
14:55:08	12.42	0.02	80	99360	买盘
14:55:04	12.4	-0.02	15	18600	卖盘
14:54:53	12.42	--	17	21114	买盘
14:54:49	12.42	0.01	613	761346	买盘
14:54:43	12.41	-0.01	40	49640	卖盘
14:54:38	12.42	0.01	228	283176	买盘
14:54:32	12.41	-0.01	72	89352	卖盘
14:54:23	12.42	0.01	10	12420	买盘
14:54:13	12.41	--	1	1241	卖盘
14:54:02	12.41	--	15	18615	卖盘
14:53:58	12.41	-0.01	15	18615	卖盘
14:53:53	12.42	0.01	60	74520	买盘
14:53:47	12.41	--	167	207247	卖盘
14:53:38	12.41	--	16	19856	卖盘
14:53:32	12.41	--	5	6205	卖盘
14:53:28	12.41	--	84	104244	卖盘
14:53:23	12.41	-0.01	15	18615	卖盘
14:53:17	12.42	0.01	108	134136	买盘
14:53:13	12.41	--	12	14892	卖盘
14:53:08	12.41	-0.01	6	7446	卖盘
14:52:47	12.42	--	45	55890	买盘
14:52:43	12.42	--	110	136620	买盘
14:52:38	12.42	--	16	19872	买盘
14:52:32	12.42	0.01	66	81972	买盘
14:52:23	12.41	-0.01	2	2482	卖盘
14:52:17	12.42	--	10	12420	买盘
14:52:13	12.42	--	4	4968	买盘
14:52:08	12.42	--	4	4968	买盘
14:52:02	12.42	--	68	84456	买盘
14:51:58	12.42	--	48	59616	卖盘
14:51:53	12.42	--	10	12420	卖盘
14:51:47	12.42	--	136	168912	卖盘
14:51:43	12.42	--	40	49680	卖盘
14:51:38	12.42	-0.01	10	12420	卖盘
14:51:32	12.43	0.01	6	7458	买盘
14:51:23	12.42	--	53	65826	卖盘
14:51:17	12.42	-0.01	81	100602	卖盘
14:51:13	12.43	0.01	39	48477	买盘
14:51:08	12.42	--	30	37260	卖盘
14:51:02	12.42	--	22	27324	卖盘
14:50:58	12.42	--	25	31050	卖盘
14:50:53	12.42	--	5	6210	卖盘
14:50:47	12.42	--	11	13662	卖盘
14:50:43	12.42	--	17	21114	中性盘
14:50:38	12.42	--	3	3726	卖盘
14:50:32	12.42	--	50	62100	卖盘
14:50:28	12.42	-0.01	155	192510	卖盘
14:50:23	12.43	0.01	10	12430	买盘
14:50:17	12.42	0.01	158	196248	买盘
14:50:13	12.41	0.01	68	84388	买盘
14:50:08	12.4	-0.02	12	14880	卖盘
14:50:02	12.42	0.01	899	1116558	买盘
14:49:58	12.41	--	71	88111	卖盘
14:49:47	12.41	--	47	58327	卖盘
14:49:43	12.41	--	132	163812	买盘
14:49:38	12.41	--	67	83147	买盘
14:49:32	12.41	--	6	7446	买盘
14:49:28	12.41	--	136	168776	卖盘
14:49:23	12.41	--	10	12410	卖盘
14:49:17	12.41	--	18	22338	卖盘
14:49:13	12.41	--	121	150161	卖盘
14:49:02	12.41	--	10	12410	卖盘
14:48:47	12.41	-0.01	20	24820	卖盘
14:48:43	12.42	--	99	122958	买盘
14:48:38	12.42	--	147	182574	买盘
14:48:32	12.42	0.01	43	53406	买盘
14:48:22	12.41	--	19	23579	卖盘
14:48:17	12.41	-0.01	15	18615	卖盘
14:48:11	12.42	0.01	9	11178	买盘
14:48:07	12.41	--	1	1241	卖盘
14:47:52	12.41	--	2	2482	卖盘
14:47:41	12.41	--	12	14892	卖盘
14:47:26	12.41	--	10	12410	卖盘
14:47:22	12.41	--	3	3723	卖盘
14:47:17	12.41	0.01	27	33507	买盘
14:47:11	12.4	-0.01	2	2480	卖盘
14:47:02	12.41	--	200	248200	买盘
14:46:56	12.41	--	56	69496	买盘
14:46:52	12.41	-0.01	411	510051	卖盘
14:46:47	12.42	0.01	50	62100	买盘
14:46:41	12.41	-0.01	14	17374	卖盘
14:46:26	12.42	--	7	8694	买盘
14:46:17	12.42	--	20	24840	买盘
14:46:11	12.42	--	1	1242	买盘
14:46:07	12.42	-0.01	22	27324	卖盘
14:45:52	12.43	0.01	31	38533	买盘
14:45:47	12.42	-0.01	2	2484	中性盘
14:45:41	12.43	0.01	39	48477	买盘
14:45:37	12.42	--	2	2484	卖盘
14:45:32	12.42	--	38	47196	卖盘
14:45:17	12.42	-0.01	5	6210	卖盘
14:45:11	12.43	0.01	14	17402	买盘
14:45:07	12.42	--	110	136620	卖盘
14:45:02	12.42	--	2	2484	卖盘
14:44:56	12.42	--	38	47196	买盘
14:44:47	12.42	0.01	40	49680	买盘
14:44:37	12.41	-0.01	5	6205	卖盘
14:44:32	12.42	0.01	20	24840	买盘
14:44:26	12.41	--	1	1241	卖盘
14:44:22	12.41	--	2	2482	卖盘
14:44:11	12.41	-0.01	61	75701	卖盘
14:44:07	12.42	0.01	114	141588	买盘
14:44:02	12.41	-0.01	3	3723	卖盘
14:43:56	12.42	0.01	141	175122	买盘
14:43:52	12.41	-0.01	132	163812	卖盘
14:43:41	12.42	0.01	1	1242	买盘
14:43:37	12.41	--	157	194837	卖盘
14:43:32	12.41	-0.01	20	24820	卖盘
14:43:26	12.42	--	20	24840	买盘
14:43:11	12.42	--	104	129168	买盘
14:43:07	12.42	--	8	9936	买盘
14:43:02	12.42	0.01	6	7452	买盘
14:42:56	12.41	--	4	4964	卖盘
14:42:52	12.41	-0.01	116	143956	卖盘
14:42:37	12.42	0.01	39	48438	买盘
14:42:32	12.41	--	35	43435	买盘
14:42:22	12.41	--	9	11169	买盘
14:42:17	12.41	--	20	24820	买盘
14:42:11	12.41	-0.01	106	131546	卖盘
14:42:06	12.42	-0.01	3	3726	卖盘
14:41:56	12.43	-0.01	207	257301	中性盘
14:41:52	12.44	0.03	20	24880	买盘
14:41:41	12.41	-0.01	49	60809	卖盘
14:41:35	12.42	-0.02	45	55890	卖盘
14:41:31	12.44	0.01	6	7464	买盘
14:41:26	12.43	0.01	2	2486	买盘
14:41:16	12.42	0.01	21	26082	卖盘
14:41:11	12.41	-0.01	34	42194	卖盘
14:41:05	12.42	0.01	7	8694	买盘
14:41:01	12.41	--	10	12410	卖盘
14:40:56	12.41	--	18	22338	卖盘
14:40:50	12.41	0.01	50	62050	买盘
14:40:41	12.4	-0.01	147	182280	卖盘
14:40:35	12.41	--	32	39712	买盘
14:40:31	12.41	--	39	48399	买盘
14:40:26	12.41	--	10	12410	买盘
14:40:20	12.41	--	1	1241	买盘
14:40:16	12.41	--	79	98039	买盘
14:40:11	12.41	--	120	148920	买盘
14:40:05	12.41	0.01	55	68255	买盘
14:40:01	12.4	-0.01	26	32240	卖盘
14:39:56	12.41	--	103	127823	卖盘
14:39:50	12.41	0.01	5	6205	买盘
14:39:35	12.4	--	119	147560	买盘
14:39:31	12.4	--	6	7440	买盘
14:39:26	12.4	--	27	33480	买盘
14:39:20	12.4	-0.01	130	161200	卖盘
14:39:16	12.41	--	17	21097	买盘
14:39:11	12.41	0.01	52	64532	买盘
14:39:05	12.4	-0.01	50	62000	卖盘
14:39:01	12.41	0.01	6	7446	买盘
14:38:56	12.4	-0.01	4	4960	卖盘
14:38:50	12.41	0.01	5	6205	买盘
14:38:41	12.4	-0.04	497	616280	卖盘
14:38:31	12.44	--	79	98276	买盘
14:38:16	12.44	-0.01	25	31100	卖盘
14:38:01	12.45	--	7	8715	买盘
14:37:56	12.45	--	0	0	买盘
14:37:50	12.45	--	25	32145	卖盘
14:37:46	12.45	--	551	685995	卖盘
14:37:41	12.45	--	31	38595	卖盘
14:37:35	12.45	--	210	261449	卖盘
14:37:31	12.45	--	34	42330	卖盘
14:37:26	12.45	--	25	31125	卖盘
14:37:20	12.45	--	24	29880	卖盘
14:37:16	12.45	--	47	58515	卖盘
14:37:11	12.45	--	8	9960	卖盘
14:37:05	12.45	--	78	97110	卖盘
14:36:56	12.45	--	27	33615	卖盘
14:36:50	12.45	0.05	1057	1316189	买盘
14:36:46	12.4	--	132	163680	买盘
14:36:35	12.4	--	174	215760	买盘
14:36:31	12.4	--	33	40920	买盘
14:36:26	12.4	--	86	106640	买盘
14:36:20	12.4	--	103	127720	买盘
14:36:16	12.4	--	221	274040	买盘
14:36:11	12.4	--	30	37200	买盘
14:36:05	12.4	--	27	33480	买盘
14:36:01	12.4	--	24	29760	买盘
14:35:56	12.4	--	6	8060	买盘
14:35:50	12.4	--	112	138880	买盘
14:35:46	12.4	--	45	55800	买盘
14:35:41	12.4	--	24	29760	买盘
14:35:35	12.4	--	183	226920	买盘
14:35:31	12.4	--	75	93000	买盘
14:35:26	12.4	--	507	628680	买盘
14:35:20	12.4	--	150	186000	买盘
14:35:14	12.4	0.01	8	9920	买盘
14:35:05	12.39	--	16	19824	卖盘
14:34:59	12.39	--	29	35931	卖盘
14:34:50	12.39	--	69	85491	买盘
14:34:44	12.39	--	30	37170	买盘
14:34:35	12.39	0.01	20	24780	买盘
14:34:29	12.38	-0.01	14	17332	卖盘
14:34:25	12.39	0.01	1	1239	买盘
14:34:20	12.38	-0.02	20	24760	卖盘
14:34:14	12.4	0.01	94	117552	买盘
14:34:05	12.39	--	13	16107	买盘
14:33:59	12.39	0.01	123	152397	买盘
14:33:50	12.38	-0.01	5	6190	卖盘
14:33:44	12.39	0.01	37	45843	买盘
14:33:40	12.38	-0.01	10	12380	卖盘
14:33:35	12.39	--	308	381612	买盘
14:33:29	12.39	0.01	88	109032	买盘
14:33:25	12.38	--	186	230515	卖盘
14:33:20	12.38	-0.01	313	387494	卖盘
14:33:14	12.39	--	11	13629	买盘
14:33:10	12.39	0.01	10	12390	买盘
14:33:05	12.38	-0.01	107	132466	卖盘
14:32:59	12.39	--	7	8673	买盘
14:32:55	12.39	--	15	18585	买盘
14:32:50	12.39	--	54	66906	买盘
14:32:44	12.39	--	32	39648	买盘
14:32:35	12.39	--	20	24780	买盘
14:32:29	12.39	0.01	10	12390	买盘
14:32:25	12.38	-0.02	29	35902	卖盘
14:32:20	12.4	0.01	105	130200	买盘
14:32:14	12.39	--	30	37170	卖盘
14:32:10	12.39	-0.01	10	12390	卖盘
14:32:05	12.4	--	33	40920	买盘
14:31:59	12.4	0.01	16	19840	买盘
14:31:55	12.39	--	4	4956	卖盘
14:31:50	12.39	--	29	35931	卖盘
14:31:44	12.39	-0.01	6	7434	卖盘
14:31:40	12.4	--	5	6200	买盘
14:31:35	12.4	-0.02	977	1211480	卖盘
14:31:29	12.42	--	7	8694	买盘
14:31:25	12.42	--	5	6210	买盘
14:31:20	12.42	-0.01	80	99360	卖盘
14:31:14	12.43	--	9	11187	买盘
14:30:59	12.43	--	49	60907	卖盘
14:30:55	12.43	--	75	93225	卖盘
14:30:50	12.43	-0.01	17	21131	卖盘
14:30:44	12.44	0.01	70	87080	买盘
14:30:40	12.43	--	87	108141	卖盘
14:30:35	12.43	--	26	32318	卖盘
14:30:29	12.43	--	77	95711	卖盘
14:30:25	12.43	-0.01	17	21131	卖盘
14:30:20	12.44	--	7	8708	买盘
14:30:14	12.44	--	41	51004	卖盘
14:30:10	12.44	--	50	62200	卖盘
14:30:05	12.44	--	10	12440	卖盘
14:29:59	12.44	-0.01	2	2488	卖盘
14:29:55	12.45	-0.01	1	1245	卖盘
14:29:50	12.46	0.01	160	199360	买盘
14:29:44	12.45	--	71	88395	卖盘
14:29:40	12.45	-0.01	27	33615	卖盘
14:29:35	12.46	0.01	29	36134	买盘
14:29:29	12.45	--	26	32369	卖盘
14:29:25	12.45	-0.01	83	103335	卖盘
14:29:20	12.46	0.01	21	26166	买盘
14:29:14	12.45	-0.01	26	32369	卖盘
14:29:10	12.46	0.01	2	2492	买盘
14:28:59	12.45	-0.01	15	18675	卖盘
14:28:55	12.46	0.01	7	8722	买盘
14:28:50	12.45	--	2	2490	卖盘
14:28:44	12.45	--	113	140685	卖盘
14:28:38	12.45	--	10	12450	卖盘
14:28:29	12.45	--	17	21165	卖盘
14:28:23	12.45	-0.01	40	49800	卖盘
14:27:59	12.46	0.01	6	7476	买盘
14:27:53	12.45	-0.01	116	144420	卖盘
14:27:44	12.46	-0.01	227	282842	卖盘
14:27:38	12.47	0.01	3	3741	买盘
14:27:23	12.46	-0.01	25	31150	卖盘
14:27:19	12.47	--	1	1247	买盘
14:27:08	12.47	0.01	72	89784	买盘
14:27:04	12.46	-0.01	3	3738	卖盘
14:26:49	12.47	--	108	134676	买盘
14:26:44	12.47	0.01	13	16211	买盘
14:26:23	12.46	-0.01	25	31150	卖盘
14:26:19	12.47	0.01	6	7482	买盘
14:26:14	12.46	-0.01	45	56070	卖盘
14:26:08	12.47	--	20	24940	买盘
14:26:04	12.47	0.01	6	7482	买盘
14:25:59	12.46	--	39	48594	卖盘
14:25:53	12.46	--	48	59808	卖盘
14:25:49	12.46	-0.01	15	18690	卖盘
14:25:44	12.47	--	1	1247	买盘
14:25:38	12.47	--	22	27434	买盘
14:25:29	12.47	--	1	1247	买盘
14:25:19	12.47	--	6	7482	买盘
14:25:14	12.47	0.01	1	1247	买盘
14:25:08	12.46	--	17	21182	卖盘
14:25:04	12.46	--	1	1246	卖盘
14:24:53	12.46	-0.01	5	6230	卖盘
14:24:49	12.47	0.01	33	41151	买盘
14:24:34	12.46	--	48	59808	卖盘
14:24:29	12.46	-0.01	3	3738	卖盘
14:24:23	12.47	0.01	19	23693	买盘
14:24:04	12.46	--	3	3738	卖盘
14:23:59	12.46	-0.01	67	83482	卖盘
14:23:53	12.47	--	6	7482	买盘
14:23:49	12.47	0.01	20	24940	买盘
14:23:38	12.46	-0.01	2	2492	卖盘
14:23:34	12.47	--	21	26187	买盘
14:23:19	12.47	--	43	53745	卖盘
14:23:14	12.47	--	2	2494	卖盘
14:23:08	12.47	--	32	41026	卖盘
14:23:04	12.47	--	17	21199	卖盘
14:22:59	12.47	--	5	6235	卖盘
14:22:49	12.47	0.01	238	296786	买盘
14:22:38	12.46	-0.01	4	4984	卖盘
14:22:34	12.47	--	21	26187	买盘
14:22:29	12.47	--	13	16211	卖盘
14:22:23	12.47	--	17	21199	买盘
14:22:17	12.47	-0.01	69	86043	中性盘
14:22:13	12.48	0.02	264	329472	买盘
14:22:08	12.46	--	12	14952	卖盘
14:22:02	12.46	-0.01	41	51086	卖盘
14:21:58	12.47	--	3	3741	买盘
14:21:53	12.47	-0.01	18	22446	卖盘
14:21:47	12.48	0.01	22	27456	买盘
14:21:43	12.47	-0.01	6	7482	卖盘
14:21:38	12.48	0.01	241	300768	买盘
14:21:32	12.47	--	22	27434	卖盘
14:21:23	12.47	-0.01	25	31175	卖盘
14:21:17	12.48	0.01	6	7488	买盘
14:21:13	12.47	--	10	12470	卖盘
14:21:02	12.47	--	2	2494	卖盘
14:20:58	12.47	-0.01	2	2494	卖盘
14:20:53	12.48	--	50	62400	买盘
14:20:47	12.48	0.01	37	46176	买盘
14:20:43	12.47	--	1	1247	卖盘
14:20:32	12.47	-0.01	54	67338	卖盘
14:20:17	12.48	0.02	166	207168	买盘
14:20:13	12.46	-0.01	207	257922	卖盘
14:20:02	12.47	--	79	98513	买盘
14:19:58	12.47	0.01	5	6235	买盘
14:19:53	12.46	-0.01	337	419902	卖盘
14:19:47	12.47	--	16	19952	买盘
14:19:38	12.47	0.01	52	64844	买盘
14:19:32	12.46	-0.01	13	16198	卖盘
14:19:23	12.47	--	1	1247	买盘
14:19:17	12.47	0.01	49	61103	买盘
14:19:13	12.46	-0.01	13	16198	卖盘
14:18:47	12.47	--	52	64844	买盘
14:18:43	12.47	--	59	73573	买盘
14:18:38	12.47	0.01	10	12470	买盘
14:18:32	12.46	-0.01	14	17444	卖盘
14:18:17	12.47	0.01	6	7482	买盘
14:18:13	12.46	0.01	1	1246	卖盘
14:18:02	12.45	-0.02	20	24900	卖盘
14:17:58	12.47	0.01	9	11223	买盘
14:17:47	12.46	--	11	13706	卖盘
14:17:43	12.46	--	50	62300	卖盘
14:17:38	12.46	--	3	3738	卖盘
14:17:32	12.46	--	6	7476	卖盘
14:17:28	12.46	0.01	5	6230	买盘
14:17:17	12.45	--	22	27390	卖盘
14:17:08	12.45	--	2	2490	买盘
14:17:02	12.45	--	16	19920	买盘
14:16:47	12.45	--	4	4980	买盘
14:16:42	12.45	-0.02	203	252735	卖盘
14:16:38	12.47	0.01	11	13717	买盘
14:16:32	12.46	--	1	1246	买盘
14:16:28	12.46	-0.01	105	130830	中性盘
14:16:22	12.47	--	7	8729	买盘
14:16:17	12.47	--	8	9976	买盘
14:16:11	12.47	0.01	24	29928	买盘
14:16:07	12.46	-0.01	58	72268	卖盘
14:16:02	12.47	0.01	63	78561	买盘
14:15:56	12.46	-0.01	86	107156	卖盘
14:15:52	12.47	--	10	12470	买盘
14:15:47	12.47	0.01	10	12470	买盘
14:15:37	12.46	0.01	5	6230	卖盘
14:15:26	12.45	-0.01	127	158115	卖盘
14:15:22	12.46	--	9	11214	买盘
14:15:17	12.46	--	42	52332	买盘
14:15:11	12.46	--	16	19936	买盘
14:15:02	12.46	0.01	33	41118	买盘
14:14:56	12.45	--	20	24900	卖盘
14:14:47	12.45	--	1	1245	卖盘
14:14:41	12.45	--	825	1027124	买盘
14:14:37	12.45	0.01	32	39840	买盘
14:14:26	12.44	--	10	12440	卖盘
14:14:22	12.44	-0.01	50	62200	卖盘
14:14:17	12.45	0.01	6	7470	买盘
14:14:11	12.44	-0.01	7	8708	卖盘
14:14:07	12.45	--	10	12450	买盘
14:14:02	12.45	--	145	180525	买盘
14:13:56	12.45	--	33	41085	买盘
14:13:47	12.45	--	17	21165	买盘
14:13:41	12.45	--	1	1245	买盘
14:13:32	12.45	--	737	917565	买盘
14:13:26	12.45	--	42	52290	买盘
14:13:22	12.45	--	20	24900	买盘
14:13:17	12.45	--	19	23655	卖盘
14:13:11	12.45	0.01	87	108315	买盘
14:13:07	12.44	-0.01	50	62200	卖盘
14:12:56	12.45	--	8	9960	买盘
14:12:47	12.45	--	33	41085	买盘
14:12:37	12.45	--	58	72210	卖盘
14:12:32	12.45	-0.01	1	1245	卖盘
14:12:26	12.46	--	20	24920	买盘
14:12:17	12.46	0.01	39	48594	买盘
14:12:11	12.45	0.04	54	67230	中性盘
14:12:07	12.41	-0.04	824	1022584	卖盘
14:12:02	12.45	--	13	16184	卖盘
14:11:56	12.45	--	88	109560	买盘
14:11:47	12.45	0.01	6	7470	买盘
14:11:41	12.44	-0.01	12	14928	卖盘
14:11:37	12.45	--	16	19920	买盘
14:11:26	12.45	0.02	16	19920	买盘
14:11:22	12.43	-0.02	40	49720	卖盘
14:11:11	12.45	--	37	46065	买盘
14:11:07	12.45	0.02	1	1245	买盘
14:10:56	12.43	-0.01	151	187693	卖盘
14:10:51	12.44	--	3	3732	买盘
14:10:47	12.44	--	3	3732	买盘
14:10:41	12.44	--	17	21148	买盘
14:10:32	12.44	0.01	366	455304	买盘
14:10:21	12.43	--	30	37290	买盘
14:10:17	12.43	-0.01	239	297077	卖盘
14:10:11	12.44	--	26	32344	买盘
14:10:06	12.44	--	20	24880	买盘
14:09:56	12.44	-0.01	122	151768	卖盘
14:09:50	12.45	--	102	126990	买盘
14:09:46	12.45	--	55	68475	买盘
14:09:41	12.45	--	22	27390	买盘
14:09:35	12.45	--	32	39840	买盘
14:09:31	12.45	--	114	141930	买盘
14:09:20	12.45	-0.01	21	26145	中性盘
14:09:16	12.46	0.01	20	24920	买盘
14:09:11	12.45	--	7	8715	买盘
14:09:01	12.45	--	2	2490	买盘
14:08:56	12.45	-0.01	175	217875	卖盘
14:08:41	12.46	--	6	7476	买盘
14:08:35	12.46	-0.01	352	438592	卖盘
14:08:26	12.47	--	22	27434	卖盘
14:08:20	12.47	--	6	7482	卖盘
14:08:16	12.47	-0.01	5	6235	买盘
14:08:11	12.48	0.01	7	8736	买盘
14:08:05	12.47	-0.01	4	4988	卖盘
14:08:01	12.48	--	16	19968	买盘
14:07:56	12.48	0.01	108	134784	买盘
14:07:50	12.47	-0.01	38	47535	卖盘
14:07:46	12.48	0.01	163	203424	买盘
14:07:41	12.47	--	17	22296	卖盘
14:07:35	12.47	-0.01	11	13717	卖盘
14:07:26	12.48	0.01	3	3744	买盘
14:07:20	12.47	-0.01	18	22446	卖盘
14:07:11	12.48	0.01	12	14976	买盘
14:06:56	12.47	--	2	2494	卖盘
14:06:50	12.47	-0.01	26	32422	卖盘
14:06:41	12.48	0.01	7	8736	买盘
14:06:35	12.47	-0.01	1	1247	卖盘
14:06:26	12.48	0.01	2	2496	买盘
14:06:20	12.47	--	5	6235	卖盘
14:06:16	12.47	--	15	18705	卖盘
14:06:11	12.47	0.01	20	24940	买盘
14:06:05	12.46	-0.01	2	2492	卖盘
14:05:56	12.47	--	1	1247	买盘
14:05:50	12.47	--	107	133429	买盘
14:05:35	12.47	0.01	189	235683	买盘
14:05:31	12.46	-0.01	10	12460	卖盘
14:05:20	12.47	0.01	13	16211	买盘
14:05:16	12.46	-0.01	10	12460	卖盘
14:05:05	12.47	0.01	12	14964	买盘
14:05:01	12.46	--	9	11214	卖盘
14:04:56	12.46	-0.01	15	18690	卖盘
14:04:50	12.47	0.01	52	64844	买盘
14:04:35	12.46	-0.01	5	6230	卖盘
14:04:31	12.47	0.01	95	118465	买盘
14:04:16	12.46	--	10	12460	卖盘
14:04:11	12.46	-0.01	5	6230	卖盘
14:04:05	12.47	0.01	2	2494	买盘
14:04:01	12.46	-0.01	5	6230	卖盘
14:03:56	12.47	--	2	2494	买盘
14:03:50	12.47	--	56	69832	卖盘
14:03:45	12.47	--	14	17458	卖盘
14:03:40	12.47	--	10	12470	卖盘
14:03:35	12.47	--	108	134676	卖盘
14:03:29	12.47	--	6	7482	卖盘
14:03:25	12.47	--	30	37410	卖盘
14:03:20	12.47	--	36	44892	买盘
14:03:14	12.47	--	25	31175	买盘
14:03:05	12.47	--	10	12470	买盘
14:02:59	12.47	0.01	4	4988	买盘
14:02:55	12.46	-0.01	50	62300	卖盘
14:02:50	12.47	--	1	1247	买盘
14:02:35	12.47	-0.01	4	4988	中性盘
14:02:29	12.48	0.01	6	7488	买盘
14:02:25	12.47	--	25	31175	卖盘
14:02:20	12.47	--	9	11223	卖盘
14:01:59	12.47	--	4	4988	卖盘
14:01:50	12.47	--	4	4988	卖盘
14:01:44	12.47	0.01	20	24940	买盘
14:01:40	12.46	--	20	24920	卖盘
14:01:35	12.46	-0.02	5	6230	卖盘
14:01:29	12.48	0.01	22	27456	买盘
14:01:20	12.47	-0.01	16	19952	卖盘
14:01:14	12.48	0.01	2	2496	买盘
14:01:10	12.47	-0.01	21	26187	卖盘
14:01:05	12.48	--	139	173472	卖盘
14:00:59	12.48	--	15	18720	卖盘
14:00:55	12.48	--	8	9984	卖盘
14:00:50	12.48	--	42	52416	卖盘
14:00:44	12.48	--	30	37440	卖盘
14:00:40	12.48	--	50	62400	卖盘
14:00:35	12.48	--	20	24960	卖盘
14:00:29	12.48	--	13	16224	卖盘
14:00:14	12.48	-0.01	31	38688	卖盘
14:00:10	12.49	--	7	8743	卖盘
14:00:05	12.49	--	77	96173	卖盘
13:59:59	12.49	--	20	24980	卖盘
13:59:55	12.49	--	23	28727	卖盘
13:59:50	12.49	--	10	12490	卖盘
13:59:44	12.49	-0.01	51	63699	卖盘
13:59:29	12.5	0.01	32	40000	买盘
13:59:25	12.49	-0.01	21	26229	卖盘
13:59:20	12.5	0.01	13	16250	买盘
13:59:14	12.49	--	4	4996	买盘
13:59:10	12.49	--	13	16237	买盘
13:58:55	12.49	0.01	4	4996	买盘
13:58:50	12.48	--	2	2496	卖盘
13:58:44	12.48	--	66	82368	卖盘
13:58:40	12.48	--	72	89856	卖盘
13:58:35	12.48	-0.01	5	6240	卖盘
13:58:25	12.49	0.01	95	118655	买盘
13:58:20	12.48	--	30	37440	卖盘
13:58:14	12.48	--	7	8736	卖盘
13:58:09	12.48	0.01	18	22464	买盘
13:57:59	12.47	0.01	4	4988	卖盘
13:57:55	12.46	--	0	0	卖盘
13:57:50	12.46	-0.02	10	12460	卖盘
13:57:44	12.48	0.02	100	124800	买盘
13:57:39	12.46	-0.01	5	6230	卖盘
13:57:35	12.47	--	14	17458	买盘
13:57:29	12.47	-0.01	112	139664	卖盘
13:57:24	12.48	--	5	6240	卖盘
13:57:19	12.48	--	20	24960	卖盘
13:57:14	12.48	0.01	118	147264	买盘
13:57:10	12.47	-0.01	12	14964	卖盘
13:57:04	12.48	0.01	17	21216	买盘
13:56:59	12.47	--	76	94772	卖盘
13:56:53	12.47	--	5	6235	卖盘
13:56:49	12.47	--	2	2494	卖盘
13:56:44	12.47	--	28	34916	卖盘
13:56:38	12.47	--	3	3741	卖盘
13:56:34	12.47	-0.01	28	34916	卖盘
13:56:29	12.48	0.01	10	12480	买盘
13:56:14	12.47	--	5	6235	卖盘
13:56:08	12.47	--	20	24940	卖盘
13:55:29	12.47	-0.01	45	56115	卖盘
13:55:23	12.48	0.01	3	3744	中性盘
13:55:14	12.47	-0.01	110	137170	卖盘
13:55:08	12.48	--	5	6240	卖盘
13:54:59	12.48	--	12	14976	卖盘
13:54:53	12.48	--	31	38688	买盘
13:54:44	12.48	0.01	30	37440	买盘
13:54:34	12.47	-0.01	10	12470	卖盘
13:54:29	12.48	0.01	21	26208	买盘
13:54:14	12.47	-0.03	28	34916	卖盘
13:54:08	12.5	0.02	10	12500	买盘
13:53:53	12.48	-0.02	9	11232	卖盘
13:53:49	12.5	-0.01	117	146250	卖盘
13:53:44	12.51	0.01	148	185148	买盘
13:53:38	12.5	--	71	88750	卖盘
13:53:34	12.5	--	48	60000	卖盘
13:53:29	12.5	--	36	45000	卖盘
13:53:23	12.5	--	96	120000	卖盘
13:53:19	12.5	--	35	43750	卖盘
13:53:14	12.5	--	76	95000	卖盘
13:53:08	12.5	-0.01	30	37500	卖盘
13:53:04	12.51	--	37	46287	买盘
13:52:59	12.51	0.01	78	97578	买盘
13:52:53	12.5	-0.01	91	113750	卖盘
13:52:49	12.51	--	37	46287	买盘
13:52:44	12.51	--	104	130104	买盘
13:52:38	12.51	0.01	11	13761	买盘
13:52:29	12.5	-0.01	37	46862	卖盘
13:52:23	12.51	--	124	155124	卖盘
13:52:19	12.51	-0.01	110	137610	卖盘
13:52:13	12.52	0.01	141	176532	买盘
13:52:08	12.51	--	41	51291	卖盘
13:52:04	12.51	-0.01	55	68805	卖盘
13:51:53	12.52	--	52	65104	买盘
13:51:49	12.52	--	20	25040	买盘
13:51:43	12.52	--	9	11268	买盘
13:51:38	12.52	--	11	13772	买盘
13:51:33	12.52	--	25	31300	买盘
13:51:29	12.52	--	64	80128	卖盘
13:51:23	12.52	-0.01	52	65104	卖盘
13:51:19	12.53	0.01	42	52626	买盘
13:51:14	12.52	--	12	15024	卖盘
13:51:08	12.52	-0.01	32	40064	中性盘
13:51:03	12.53	0.02	59	73927	买盘
13:50:58	12.51	-0.01	2	2502	卖盘
13:50:53	12.52	0.01	280	350560	买盘
13:50:48	12.51	--	47	58797	卖盘
13:50:43	12.51	--	10	12510	卖盘
13:50:38	12.51	0.01	212	265850	买盘
13:50:32	12.5	--	27	33750	卖盘
13:50:29	12.5	--	10	12500	卖盘
13:50:23	12.5	--	35	43750	卖盘
13:50:17	12.5	-0.01	39	48750	卖盘
13:50:13	12.51	0.01	5	6255	买盘
13:50:08	12.5	--	200	250000	卖盘
13:50:02	12.5	--	18	22500	卖盘
13:49:58	12.5	-0.01	23	28750	卖盘
13:49:53	12.51	0.01	76	95076	买盘
13:49:43	12.5	--	0	0	中性盘
13:49:38	12.5	--	151	188750	买盘
13:49:28	12.5	0.04	1	1250	买盘
13:49:17	12.46	-0.05	17	21182	卖盘
13:49:13	12.51	-0.01	329	412191	卖盘
13:49:08	12.52	0.06	547	685482	买盘
13:49:02	12.46	--	12	14952	买盘
13:48:58	12.46	-0.05	225	280960	卖盘
13:48:53	12.51	0.05	120	150120	买盘
13:48:47	12.46	-0.05	422	525812	卖盘
13:48:38	12.51	0.01	11	13761	买盘
13:48:32	12.5	--	95	118962	卖盘
13:48:28	12.5	--	308	385000	卖盘
13:48:23	12.5	0.03	1224	1530425	买盘
13:48:17	12.47	0.01	1	1247	买盘
13:48:13	12.46	--	20	24920	卖盘
13:48:08	12.46	--	105	130830	卖盘
13:48:02	12.46	--	276	343896	买盘
13:47:53	12.46	--	36	44856	买盘
13:47:47	12.46	--	15	18690	买盘
13:47:38	12.46	--	4	4984	买盘
13:47:32	12.46	--	118	147028	卖盘
13:47:28	12.46	--	1	1246	卖盘
13:47:23	12.46	-0.03	234	291564	卖盘
13:47:17	12.49	0.01	5	6245	买盘
13:47:13	12.48	--	3	3744	卖盘
13:47:08	12.48	--	25	31200	卖盘
13:47:02	12.48	0.02	1161	1448928	买盘
13:46:53	12.46	0.01	45	56070	买盘
13:46:38	12.45	-0.01	18	22410	卖盘
13:46:32	12.46	0.01	100	124600	买盘
13:46:23	12.45	--	25	31125	卖盘
13:46:17	12.45	--	232	288840	卖盘
13:46:13	12.45	-0.01	20	24900	卖盘
13:46:08	12.46	0.01	5	6230	买盘
13:46:02	12.45	-0.01	21	26145	卖盘
13:45:58	12.46	0.01	10	12460	买盘
13:45:53	12.45	-0.01	14	17430	卖盘
13:45:38	12.46	--	50	62300	买盘
13:45:32	12.46	--	55	68530	买盘
13:45:28	12.46	--	15	18690	买盘
13:45:23	12.46	-0.01	108	134568	买盘
13:45:17	12.47	0.01	38	47386	买盘
13:45:13	12.46	--	5	6230	买盘
13:45:08	12.46	--	104	129584	买盘
13:45:02	12.46	--	8	9968	买盘
13:44:58	12.46	0.01	22	27412	买盘
13:44:52	12.45	-0.01	5	6225	卖盘
13:44:47	12.46	0.01	100	124600	买盘
13:44:37	12.45	0.01	126	156870	买盘
13:44:32	12.44	-0.01	5	6220	中性盘
13:44:28	12.45	0.02	3	3735	买盘
13:44:11	12.43	-0.01	120	149160	卖盘
13:44:02	12.44	0.01	1	1244	卖盘
13:43:56	12.43	-0.01	139	172777	中性盘
13:43:52	12.44	0.01	49	60956	买盘
13:43:47	12.43	-0.01	1	1243	中性盘
13:43:41	12.44	--	2	2488	买盘
13:43:37	12.44	0.01	11	13684	买盘
13:43:32	12.43	--	9	11187	卖盘
13:43:22	12.43	--	5	6215	卖盘
13:43:17	12.43	--	45	55935	买盘
13:43:11	12.43	--	24	29832	买盘
13:43:07	12.43	--	10	12430	买盘
13:43:02	12.43	0.01	39	48477	买盘
13:42:56	12.42	-0.02	20	24840	卖盘
13:42:52	12.44	0.01	150	186600	买盘
13:42:47	12.43	0.01	23	28589	买盘
13:42:41	12.42	-0.01	30	37260	卖盘
13:42:37	12.43	0.01	23	28589	买盘
13:42:32	12.42	--	110	136620	卖盘
13:42:26	12.42	-0.01	19	23598	卖盘
13:42:22	12.43	--	0	0	买盘
13:42:17	12.43	0.02	26	32318	买盘
13:42:11	12.41	--	10	12410	卖盘
13:42:07	12.41	-0.02	100	124100	卖盘
13:41:56	12.43	--	65	80795	卖盘
13:41:52	12.43	--	1	1243	卖盘
13:41:41	12.43	--	4	4972	中性盘
13:41:32	12.43	--	70	87010	买盘
13:41:22	12.43	--	10	12430	买盘
13:41:17	12.43	-0.01	47	58421	卖盘
13:41:11	12.44	--	8	9952	买盘
13:41:02	12.44	--	27	33588	买盘
13:40:47	12.44	--	18	22392	卖盘
13:40:41	12.44	-0.02	34	42296	卖盘
13:40:37	12.46	0.01	90	112140	买盘
13:40:32	12.45	--	50	62250	买盘
13:40:26	12.45	--	32	39840	卖盘
13:40:22	12.45	-0.02	90	112050	卖盘
13:40:17	12.47	0.01	53	66091	买盘
13:40:11	12.46	--	105	130830	买盘
13:40:07	12.46	--	99	123354	卖盘
13:40:02	12.46	-0.01	205	255430	卖盘
13:39:56	12.47	--	9	11223	买盘
13:39:47	12.47	--	20	24940	买盘
13:39:41	12.47	--	188	234436	买盘
13:39:37	12.47	--	15	18705	买盘
13:39:26	12.47	0.01	2	2494	买盘
13:39:22	12.46	-0.01	50	62300	卖盘
13:39:16	12.47	--	4	4988	卖盘
13:39:11	12.47	--	5	6235	卖盘
13:39:07	12.47	0.01	209	260623	买盘
13:39:01	12.46	-0.01	30	37380	卖盘
13:38:56	12.47	0.01	17	21199	买盘
13:38:51	12.46	-0.01	273	340158	卖盘
13:38:46	12.47	--	10	12470	卖盘
13:38:41	12.47	0.01	214	266858	买盘
13:38:37	12.46	-0.01	53	66038	卖盘
13:38:31	12.47	--	8	9976	买盘
13:38:26	12.47	0.01	29	36163	买盘
13:38:21	12.46	--	121	150766	卖盘
13:38:16	12.46	-0.01	55	68530	卖盘
13:38:11	12.47	--	133	165851	卖盘
13:38:06	12.47	--	12	14964	卖盘
13:37:56	12.47	--	58	72326	买盘
13:37:50	12.47	0.01	128	159616	买盘
13:37:41	12.46	-0.01	26	32396	卖盘
13:37:35	12.47	0.01	41	51127	买盘
13:37:31	12.46	-0.01	30	37380	卖盘
13:37:26	12.47	--	42	52374	买盘
13:37:20	12.47	0.01	2	2494	买盘
13:37:16	12.46	--	10	12460	卖盘
13:37:11	12.46	--	15	18690	卖盘
13:37:05	12.46	--	259	322714	买盘
13:37:01	12.46	--	278	346388	买盘
13:36:56	12.46	0.01	474	590604	买盘
13:36:50	12.45	--	109	135705	买盘
13:36:46	12.45	0.01	30	37350	买盘
13:36:41	12.44	0.01	126	156744	中性盘
13:36:35	12.43	-0.01	105	130515	卖盘
13:36:31	12.44	-0.01	4	4976	卖盘
13:36:26	12.45	--	10	12450	买盘
13:36:20	12.45	0.01	80	99600	买盘
13:36:16	12.44	-0.01	116	144304	卖盘
13:36:11	12.45	--	43	53535	买盘
13:36:05	12.45	--	45	56025	买盘
13:36:01	12.45	-0.01	35	43575	卖盘
13:35:56	12.46	--	20	24920	买盘
13:35:50	12.46	--	12	14952	买盘
13:35:41	12.46	-0.03	274	341404	卖盘
13:35:35	12.49	0.02	52	64948	买盘
13:35:31	12.47	-0.02	92	114724	卖盘
13:35:26	12.49	--	60	74940	买盘
13:35:20	12.49	-0.01	268	335556	卖盘
13:35:16	12.5	--	35	43750	卖盘
13:35:11	12.5	-0.01	100	125000	卖盘
13:35:05	12.51	--	282	352782	买盘
13:35:01	12.51	-0.01	41	51291	卖盘
13:34:56	12.52	0.01	427	534604	买盘
13:34:50	12.51	-0.01	176	220176	卖盘
13:34:46	12.52	-0.01	32	41303	卖盘
13:34:41	12.53	0.01	44	55132	买盘
13:34:35	12.52	-0.01	691	865144	卖盘
13:34:31	12.53	--	61	76433	卖盘
13:34:26	12.53	--	179	224287	卖盘
13:34:20	12.53	--	123	154119	卖盘
13:34:16	12.53	-0.01	52	65156	中性盘
13:34:11	12.54	0.01	104	130415	买盘
13:34:05	12.53	-0.01	292	365876	卖盘
13:33:55	12.54	0.01	89	111605	买盘
13:33:50	12.53	0.01	155	194215	买盘
13:33:46	12.52	--	15	18780	卖盘
13:33:41	12.52	--	93	116436	卖盘
13:33:35	12.52	0.01	106	132712	买盘
13:33:31	12.51	-0.01	236	295236	卖盘
13:33:25	12.52	--	445	557140	卖盘
13:33:20	12.52	0.01	91	113932	买盘
13:33:16	12.51	--	164	205164	卖盘
13:33:10	12.51	--	15	18765	卖盘
13:33:05	12.51	0.01	228	285228	买盘
13:33:01	12.5	--	572	715425	买盘
13:32:55	12.5	--	154	192500	买盘
13:32:50	12.5	0.01	1105	1381250	买盘
13:32:46	12.49	--	1105	1380145	买盘
13:32:40	12.49	0.01	90	112410	买盘
13:32:35	12.48	-0.01	42	52416	卖盘
13:32:30	12.49	0.01	155	193595	买盘
13:32:25	12.48	--	72	89856	卖盘
13:32:20	12.48	0.01	221	275808	卖盘
13:32:15	12.47	-0.02	183	228201	卖盘
13:32:10	12.49	0.02	87	108663	买盘
13:32:05	12.47	--	101	125947	卖盘
13:32:00	12.47	0.01	375	467625	买盘
13:31:55	12.46	--	47	58562	卖盘
13:31:50	12.46	--	58	72268	卖盘
13:31:45	12.46	--	14	17444	卖盘
13:31:40	12.46	-0.01	40	49840	卖盘
13:31:35	12.47	--	2270	2830690	买盘
13:31:31	12.47	--	40	49880	买盘
13:31:25	12.47	--	5	6235	买盘
13:31:20	12.47	--	353	440191	卖盘
13:31:14	12.47	--	708	882876	卖盘
13:31:10	12.47	--	44	54868	卖盘
13:31:05	12.47	--	18	22446	卖盘
13:30:59	12.47	--	475	592325	买盘
13:30:55	12.47	0.01	1048	1306856	买盘
13:30:50	12.46	--	335	417410	买盘
13:30:44	12.46	--	150	186900	买盘
13:30:40	12.46	--	23	28658	买盘
13:30:35	12.46	0.01	118	147028	买盘
13:30:29	12.45	-0.01	112	139440	卖盘
13:30:25	12.46	0.01	51	63546	买盘
13:30:20	12.45	--	60	74700	卖盘
13:30:14	12.45	--	10	12450	卖盘
13:30:10	12.45	0.01	706	878970	买盘
13:30:05	12.44	--	3	3732	卖盘
13:29:59	12.44	--	120	149280	卖盘
13:29:55	12.44	0.01	230	286418	买盘
13:29:50	12.43	--	51	63393	卖盘
13:29:44	12.43	0.01	44	54692	买盘
13:29:40	12.42	-0.02	7	8694	卖盘
13:29:35	12.44	0.01	100	124400	买盘
13:29:29	12.43	0.01	262	325666	买盘
13:29:25	12.42	-0.01	2	2484	卖盘
13:29:20	12.43	0.01	10	12430	买盘
13:29:14	12.42	--	2	2484	卖盘
13:29:10	12.42	--	65	80730	卖盘
13:29:05	12.42	--	166	206172	卖盘
13:28:59	12.42	--	179	222318	买盘
13:28:55	12.42	-0.01	3	3726	买盘
13:28:50	12.43	--	0	0	买盘
13:28:44	12.43	0.01	89	110627	买盘
13:28:40	12.42	--	50	62100	卖盘
13:28:35	12.42	--	6	7452	买盘
13:28:29	12.42	--	13	16146	买盘
13:28:25	12.42	--	1	1242	买盘
13:28:20	12.42	-0.01	20	24840	买盘
13:28:14	12.43	0.01	12	14916	买盘
13:28:10	12.42	0.02	6	7452	买盘
13:28:05	12.4	--	60	74400	卖盘
13:27:59	12.4	-0.04	355	440200	卖盘
13:27:55	12.44	0.01	22	27368	买盘
13:27:50	12.43	-0.01	38	47234	卖盘
13:27:40	12.44	--	3	3732	买盘
13:27:35	12.44	-0.01	31	38564	卖盘
13:27:29	12.45	--	176	219120	买盘
13:27:24	12.45	--	52	64739	买盘
13:27:19	12.45	-0.01	121	150645	卖盘
13:27:14	12.46	0.01	52	64792	买盘
13:27:09	12.45	--	78	97110	买盘
13:27:04	12.45	--	83	103335	买盘
13:26:59	12.45	--	35	43575	买盘
13:26:55	12.45	--	103	128234	买盘
13:26:49	12.45	-0.02	2	2490	卖盘
13:26:44	12.47	0.03	807	1006329	买盘
13:26:40	12.44	-0.02	157	195308	卖盘
13:26:29	12.46	0.01	143	178178	买盘
13:26:25	12.45	0.01	92	114540	买盘
13:26:19	12.44	--	18	22392	卖盘
13:26:14	12.44	0.01	95	118180	买盘
13:26:09	12.43	0.01	214	266002	买盘
13:26:04	12.42	--	14	17388	卖盘
13:25:59	12.42	-0.01	3009	3737178	卖盘
13:25:54	12.43	0.01	88	109384	买盘
13:25:49	12.42	--	10	12420	卖盘
13:25:44	12.42	--	22	27324	卖盘
13:25:39	12.42	--	143	177606	卖盘
13:25:34	12.42	0.01	29	36018	买盘
13:25:29	12.41	-0.01	78	96798	卖盘
13:25:25	12.42	0.01	19	23598	买盘
13:25:19	12.41	--	40	49640	卖盘
13:25:14	12.41	-0.01	300	372300	卖盘
13:25:08	12.42	0.01	406	504252	买盘
13:25:04	12.41	--	114	141474	卖盘
13:24:59	12.41	-0.01	32	39712	卖盘
13:24:53	12.42	0.02	139	172638	买盘
13:24:49	12.4	-0.01	23	28520	卖盘
13:24:44	12.41	--	68	84388	买盘
13:24:38	12.41	--	85	105485	买盘
13:24:34	12.41	0.01	10	12410	买盘
13:24:29	12.4	--	7	8680	卖盘
13:24:23	12.4	--	80	99200	卖盘
13:24:19	12.4	--	23	28520	买盘
13:24:14	12.4	--	58	71920	买盘
13:24:08	12.4	0.01	32	39680	买盘
13:24:04	12.39	0.01	21	26019	买盘
13:23:59	12.38	-0.02	25	30950	卖盘
13:23:53	12.4	0.01	2049	2540760	买盘
13:23:49	12.39	--	150	185850	买盘
13:23:44	12.39	0.01	83	102837	买盘
13:23:38	12.38	-0.01	60	74280	卖盘
13:23:29	12.39	0.01	38	47082	买盘
13:23:23	12.38	--	16	19808	卖盘
13:23:19	12.38	-0.01	4	4952	卖盘
13:23:14	12.39	0.01	1	1239	买盘
13:23:08	12.38	-0.01	189	233982	卖盘
13:23:04	12.39	0.01	98	121422	买盘
13:22:59	12.38	0.01	82	102506	买盘
13:22:53	12.37	-0.01	133	164521	卖盘
13:22:49	12.38	--	132	163416	买盘
13:22:44	12.38	--	33	40854	买盘
13:22:38	12.38	0.01	11	13618	买盘
13:22:29	12.37	--	276	341412	卖盘
13:22:23	12.37	-0.01	32	39584	卖盘
13:22:19	12.38	0.01	53	65614	买盘
13:22:14	12.37	-0.01	5	6185	卖盘
13:22:08	12.38	--	20	24760	买盘
13:22:04	12.38	--	5	6190	买盘
13:21:59	12.38	0.01	15	18570	买盘
13:21:53	12.37	-0.01	110	136070	卖盘
13:21:49	12.38	--	20	24760	买盘
13:21:44	12.38	--	22	27236	买盘
13:21:38	12.38	--	24	29712	买盘
13:21:34	12.38	--	58	71804	买盘
13:21:29	12.38	0.01	58	71804	买盘
13:21:23	12.37	-0.01	12	14843	中性盘
13:21:19	12.38	--	18	22284	买盘
13:21:14	12.38	0.03	255	315690	买盘
13:21:08	12.35	--	36	44460	卖盘
13:20:59	12.35	-0.03	20	24700	买盘
13:20:44	12.38	0.03	4000	4952000	买盘
13:20:38	12.35	0.01	56	69160	买盘
13:20:23	12.34	-0.01	67	82678	卖盘
13:20:08	12.35	--	1	1235	买盘
13:19:53	12.35	--	1	1235	买盘
13:19:48	12.35	--	18	22230	买盘
13:19:34	12.35	--	6	7410	买盘
13:19:28	12.35	--	61	75335	买盘
13:19:23	12.35	--	61	75335	卖盘
13:19:18	12.35	-0.01	19	23465	卖盘
13:19:13	12.36	0.01	60	74160	买盘
13:19:08	12.35	-0.01	30	37050	卖盘
13:18:53	12.36	0.01	59	72924	买盘
13:18:43	12.35	--	62	76570	卖盘
13:18:38	12.35	-0.01	302	372970	卖盘
13:18:33	12.36	0.01	10	12360	买盘
13:18:23	12.35	-0.01	8	9880	买盘
13:18:18	12.36	0.01	59	72924	买盘
13:18:13	12.35	-0.01	16	19760	卖盘
13:18:08	12.36	0.01	30	37080	买盘
13:18:02	12.35	--	5	6175	卖盘
13:17:58	12.35	--	24	29640	买盘
13:17:53	12.35	--	2	2470	买盘
13:17:47	12.35	--	4	4940	买盘
13:17:43	12.35	--	1	1235	买盘
13:17:38	12.35	--	112	138320	卖盘
13:17:32	12.35	--	130	160550	卖盘
13:17:28	12.35	--	53	65455	卖盘
13:17:23	12.35	--	68	83980	卖盘
13:17:17	12.35	--	54	66690	卖盘
13:17:13	12.35	--	28	34580	卖盘
13:17:08	12.35	--	10	12350	卖盘
13:17:02	12.35	--	79	97565	卖盘
13:16:53	12.35	--	4	4940	买盘
13:16:47	12.35	--	72	88920	买盘
13:16:38	12.35	-0.01	41	50635	卖盘
13:16:32	12.36	--	11	13596	买盘
13:16:28	12.36	0.01	59	72924	买盘
13:16:17	12.35	--	4	4940	卖盘
13:16:08	12.35	0.01	35	43225	买盘
13:16:02	12.34	-0.01	12	14808	卖盘
13:15:53	12.35	--	66	81510	卖盘
13:15:43	12.35	--	4	4940	卖盘
13:15:32	12.35	--	52	64220	买盘
13:15:23	12.35	--	33	40755	卖盘
13:15:17	12.35	--	71	87685	卖盘
13:15:08	12.35	--	2	2470	卖盘
13:15:02	12.35	--	20	24700	卖盘
13:14:58	12.35	--	82	101270	卖盘
13:14:53	12.35	--	10	12350	卖盘
13:14:38	12.35	--	20	24700	买盘
13:14:28	12.35	--	1	1235	卖盘
13:14:23	12.35	-0.01	61	75335	卖盘
13:14:17	12.36	--	18	22248	买盘
13:14:13	12.36	--	30	37080	买盘
13:14:07	12.36	--	20	24720	买盘
13:14:02	12.36	--	62	76632	买盘
13:13:47	12.36	0.01	91	112476	买盘
13:13:42	12.35	--	7	8645	买盘
13:13:37	12.35	--	30	37050	卖盘
13:13:32	12.35	-0.01	40	49400	卖盘
13:13:27	12.36	0.01	57	70452	买盘
13:13:17	12.35	-0.01	10	12350	卖盘
13:13:12	12.36	0.01	67	82812	买盘
13:13:07	12.35	-0.01	7	8645	卖盘
13:13:02	12.36	0.01	120	148320	买盘
13:12:57	12.35	-0.01	8	9880	卖盘
13:12:52	12.36	--	59	72924	买盘
13:12:47	12.36	--	24	29664	卖盘
13:12:42	12.36	--	13	16068	卖盘
13:12:37	12.36	--	10	12360	卖盘
13:12:32	12.36	--	98	121128	买盘
13:12:27	12.36	--	482	595752	买盘
13:12:22	12.36	0.01	10	12360	买盘
13:12:17	12.35	--	11	13585	卖盘
13:12:12	12.35	-0.01	57	70395	买盘
13:12:02	12.36	--	0	0	买盘
13:11:57	12.36	0.02	62	76632	买盘
13:11:52	12.34	--	0	0	卖盘
13:11:42	12.34	--	1286	1586924	卖盘
13:11:32	12.34	-0.01	1	1234	卖盘
13:11:22	12.35	--	5	6175	买盘
13:11:17	12.35	--	57	70395	买盘
13:11:11	12.35	0.01	105	129675	买盘
13:11:07	12.34	-0.01	10	12340	卖盘
13:10:56	12.35	0.01	5	6175	买盘
13:10:52	12.34	--	13	16042	买盘
13:10:47	12.34	-0.01	136	167824	卖盘
13:10:41	12.35	--	56	69160	买盘
13:10:32	12.35	0.01	5	6175	买盘
13:10:26	12.34	-0.01	67	82678	卖盘
13:10:22	12.35	--	51	62985	买盘
13:10:11	12.35	--	20	24700	买盘
13:10:07	12.35	--	60	74100	买盘
13:10:02	12.35	0.01	20	24700	买盘
13:09:56	12.34	--	16	19744	卖盘
13:09:52	12.34	-0.01	15	18510	卖盘
13:09:47	12.35	0.01	56	69160	买盘
13:09:41	12.34	--	27	33318	卖盘
13:09:32	12.34	--	74	91316	卖盘
13:09:26	12.34	--	2	2468	卖盘
13:09:22	12.34	--	30	37020	卖盘
13:09:17	12.34	-0.01	8	9872	卖盘
13:09:11	12.35	0.01	67	82745	买盘
13:09:07	12.34	--	32	39488	卖盘
13:09:02	12.34	--	8	9872	买盘
13:08:47	12.34	-0.01	20	24680	卖盘
13:08:41	12.35	--	52	64220	买盘
13:08:37	12.35	0.01	61	75335	买盘
13:08:32	12.34	--	57	70338	卖盘
13:08:26	12.34	--	8	9872	卖盘
13:08:22	12.34	-0.01	10	12340	卖盘
13:08:17	12.35	0.01	65	80275	买盘
13:08:02	12.34	-0.01	78	96252	卖盘
13:07:56	12.35	--	29	35815	买盘
13:07:47	12.35	0.01	56	69160	买盘
13:07:41	12.34	--	43	53062	卖盘
13:07:37	12.34	--	3	3702	卖盘
13:07:32	12.34	--	11	13574	卖盘
13:07:26	12.34	--	14	17276	卖盘
13:07:22	12.34	--	19	23446	卖盘
13:07:17	12.34	0.01	40	49360	买盘
13:07:11	12.33	-0.01	133	163989	卖盘
13:07:06	12.34	0.01	63	77742	买盘
13:06:47	12.33	--	76	93708	卖盘
13:06:41	12.33	-0.01	5	6165	卖盘
13:06:36	12.34	0.01	1	1234	买盘
13:06:25	12.33	0.01	126	155358	买盘
13:06:21	12.32	-0.01	5	6160	卖盘
13:06:16	12.33	--	58	71514	买盘
13:06:11	12.33	0.01	5	6165	买盘
13:06:01	12.32	-0.01	10	12320	卖盘
13:05:56	12.33	0.01	59	72747	买盘
13:05:51	12.32	-0.01	12	14784	卖盘
13:05:46	12.33	0.01	36	44388	买盘
13:05:41	12.32	-0.01	10	12320	卖盘
13:05:36	12.33	0.01	87	107271	买盘
13:05:21	12.32	-0.01	63	77616	卖盘
13:05:16	12.33	--	2	2466	买盘
13:05:11	12.33	--	56	69048	买盘
13:05:05	12.33	--	4	4932	买盘
13:05:01	12.33	--	59	72747	买盘
13:04:46	12.33	0.01	56	69048	买盘
13:04:35	12.32	-0.01	50	61600	卖盘
13:04:26	12.33	--	60	73980	买盘
13:04:20	12.33	0.01	14	17262	买盘
13:04:16	12.32	-0.01	6	7392	卖盘
13:04:11	12.33	-0.01	21	25893	卖盘
13:04:05	12.34	0.01	58	71572	买盘
13:03:50	12.33	-0.01	90	110970	卖盘
13:03:41	12.34	0.01	10	12340	买盘
13:03:35	12.33	-0.01	10	12330	卖盘
13:03:31	12.34	0.01	57	70338	买盘
13:03:26	12.33	--	1	1233	卖盘
13:03:20	12.33	--	27	33291	卖盘
13:03:16	12.33	--	22	27126	买盘
13:03:11	12.33	--	1	1233	买盘
13:03:01	12.33	--	50	61650	买盘
13:02:56	12.33	--	112	138096	卖盘
13:02:46	12.33	--	10	12330	卖盘
13:02:41	12.33	-0.01	3	3699	卖盘
13:02:35	12.34	0.01	59	72806	买盘
13:02:20	12.33	--	118	145494	买盘
13:02:16	12.33	--	7	8631	买盘
13:02:01	12.33	0.01	57	70281	买盘
13:01:50	12.32	-0.01	8	9856	卖盘
13:01:46	12.33	--	57	70281	买盘
13:01:26	12.33	--	60	73980	买盘
13:01:20	12.33	--	3	3699	买盘
13:01:05	12.33	0.01	77	94941	买盘
13:01:00	12.32	-0.01	3	3696	卖盘
13:00:55	12.33	--	136	167688	买盘
13:00:49	12.33	0.01	59	72747	买盘
13:00:41	12.32	-0.01	2	2464	卖盘
13:00:35	12.33	--	4	4932	买盘
13:00:30	12.33	--	49	60417	买盘
13:00:25	12.33	0.02	1000	1233000	买盘
13:00:20	12.31	-0.01	16	19696	卖盘
13:00:15	12.32	--	5	6160	买盘
13:00:11	12.32	--	23	28336	买盘
13:00:05	12.32	--	532	655424	卖盘
11:30:00	12.32	--	0	0	卖盘
11:29:59	12.32	-0.01	8	9856	卖盘
11:29:55	12.33	0.01	58	71514	买盘
11:29:51	12.32	--	11	13552	卖盘
11:29:46	12.32	--	5	6160	卖盘
11:29:40	12.32	--	155	190960	买盘
11:29:37	12.32	--	56	68992	买盘
11:29:21	12.32	0.01	80	98560	买盘
11:29:16	12.31	--	13	16003	卖盘
11:29:10	12.31	--	2	2462	卖盘
11:29:06	12.31	-0.01	1	1231	卖盘
11:29:01	12.32	--	58	71456	买盘
11:28:55	12.32	--	5	6160	买盘
11:28:46	12.32	--	56	68992	买盘
11:28:40	12.32	0.01	20	24640	买盘
11:28:36	12.31	--	20	24620	卖盘
11:28:31	12.31	-0.01	16	19696	卖盘
11:28:25	12.32	0.01	59	72688	买盘
11:28:16	12.31	-0.01	52	64012	卖盘
11:28:06	12.32	--	61	75152	买盘
11:27:51	12.32	--	59	72688	买盘
11:27:46	12.32	--	346	426272	买盘
11:27:31	12.32	--	57	70224	买盘
11:27:25	12.32	0.02	10	12320	买盘
11:27:16	12.3	-0.01	251	308730	卖盘
11:27:10	12.31	--	38	46778	买盘
11:27:06	12.31	0.01	11	13541	买盘
11:27:01	12.3	-0.02	5	6150	卖盘
11:26:55	12.32	--	91	112112	买盘
11:26:46	12.32	--	132	162624	买盘
11:26:40	12.32	--	59	72688	买盘
11:26:31	12.32	--	36	44352	买盘
11:26:21	12.32	0.01	80	98560	买盘
11:26:16	12.31	--	234	288054	卖盘
11:26:10	12.31	--	1	1231	卖盘
11:26:06	12.31	--	44	54164	买盘
11:25:55	12.31	0.01	17	20927	买盘
11:25:51	12.3	--	3	3690	卖盘
11:25:46	12.3	--	11	13530	卖盘
11:25:36	12.3	0.01	175	215250	买盘
11:25:25	12.29	--	58	72031	买盘
11:25:21	12.29	--	10	12290	买盘
11:25:06	12.29	--	171	210158	买盘
11:25:01	12.29	--	5	6145	买盘
11:24:55	12.29	-0.01	202	248737	卖盘
11:24:51	12.3	0.01	59	72570	买盘
11:24:40	12.29	-0.01	9	11061	卖盘
11:24:36	12.3	--	1	1230	买盘
11:24:31	12.3	--	61	75030	买盘
11:24:16	12.3	-0.01	29	35670	卖盘
11:24:10	12.31	0.01	97	119407	买盘
11:23:55	12.3	--	16	19680	买盘
11:23:49	12.3	-0.01	10	12300	买盘
11:23:40	12.31	--	0	0	买盘
11:23:34	12.31	0.02	60	73860	买盘
11:23:31	12.29	-0.01	25	30724	卖盘
11:23:19	12.3	0.01	52	64710	买盘
11:23:16	12.29	--	0	331	卖盘
11:23:10	12.29	--	3	3686	卖盘
11:23:04	12.29	--	69	84801	卖盘
11:23:00	12.29	--	6	8271	买盘
11:22:55	12.29	--	13	16308	卖盘
11:22:49	12.29	-0.01	20	24727	卖盘
11:22:40	12.3	0.01	43	53972	买盘
11:22:34	12.29	--	1	1229	卖盘
11:22:30	12.29	--	4	4916	卖盘
11:22:25	12.29	--	71	87259	卖盘
11:22:19	12.29	--	1	1229	卖盘
11:22:10	12.29	--	1	1229	卖盘
11:22:04	12.29	--	17	21790	买盘
11:21:49	12.29	--	220	270711	卖盘
11:21:45	12.29	--	18	22122	卖盘
11:21:40	12.29	--	10	12290	卖盘
11:21:34	12.29	--	62	76198	卖盘
11:21:25	12.29	-0.01	62	76198	卖盘
11:21:19	12.3	0.01	30	36900	买盘
11:21:15	12.29	--	1	1229	卖盘
11:21:10	12.29	-0.01	27	33183	卖盘
11:20:55	12.3	--	38	46740	买盘
11:20:25	12.3	0.01	115	141450	买盘
11:20:19	12.29	-0.01	30	36870	卖盘
11:20:15	12.3	--	32	39360	买盘
11:20:04	12.3	--	7	8610	卖盘
11:20:00	12.3	--	2	2460	卖盘
11:19:55	12.3	0.01	14	17220	卖盘
11:19:49	12.29	-0.01	23	28266	卖盘
11:19:45	12.3	0.01	8	9840	买盘
11:19:40	12.29	-0.01	50	61449	卖盘
11:19:30	12.3	0.01	51	62730	卖盘
11:19:25	12.29	--	0	0	卖盘
11:19:19	12.29	-0.01	158	194182	卖盘
11:19:15	12.3	--	1	1230	卖盘
11:19:10	12.3	--	61	75927	卖盘
11:19:04	12.3	--	65	79950	卖盘
11:19:00	12.3	--	8	9840	卖盘
11:18:49	12.3	--	8	9840	卖盘
11:18:45	12.3	--	15	18450	卖盘
11:18:34	12.3	--	103	126690	卖盘
11:18:15	12.3	-0.01	2	2460	卖盘
11:17:58	12.31	-0.01	196	241608	卖盘
11:17:55	12.32	--	63	77616	买盘
11:17:40	12.32	0.01	58	71456	买盘
11:17:28	12.31	--	83	102173	卖盘
11:17:13	12.31	--	1	1231	卖盘
11:17:10	12.31	--	2	2462	卖盘
11:17:04	12.31	-0.01	5	6155	卖盘
11:16:58	12.32	0.01	5	6160	买盘
11:16:55	12.31	-0.01	8	9848	卖盘
11:16:49	12.32	0.01	148	182336	买盘
11:16:43	12.31	-0.01	9	11079	卖盘
11:16:34	12.32	--	52	64064	买盘
11:16:24	12.32	--	10	12320	买盘
11:16:19	12.32	0.01	10	12320	买盘
11:16:13	12.31	-0.01	1	1231	卖盘
11:16:04	12.32	0.01	3	3696	买盘
11:15:43	12.31	--	3	3693	卖盘
11:15:34	12.31	--	9	11079	卖盘
11:15:28	12.31	--	14	17234	卖盘
11:15:19	12.31	-0.01	10	12310	卖盘
11:15:13	12.32	0.01	11	13552	买盘
11:15:09	12.31	-0.01	5	6155	卖盘
11:15:04	12.32	--	15	18480	买盘
11:14:58	12.32	-0.02	162	199584	卖盘
11:14:49	12.34	0.01	9	11106	买盘
11:14:43	12.33	-0.01	10	12330	卖盘
11:14:34	12.34	0.01	70	86380	买盘
11:14:24	12.33	--	10	12330	买盘
11:14:13	12.33	0.01	340	419220	买盘
11:14:09	12.32	--	23	28336	卖盘
11:14:04	12.32	--	2	2464	卖盘
11:13:58	12.32	--	4	4928	卖盘
11:13:43	12.32	--	10	12320	卖盘
11:13:34	12.32	--	85	104720	买盘
11:13:28	12.32	--	69	85008	买盘
11:13:24	12.32	0.01	4	4928	买盘
11:13:09	12.31	--	101	124331	卖盘
11:13:04	12.31	-0.01	55	67705	卖盘
11:12:58	12.32	--	33	40656	买盘
11:12:54	12.32	0.01	3	3696	买盘
11:12:49	12.31	--	50	61550	卖盘
11:12:43	12.31	--	20	24620	卖盘
11:12:39	12.31	--	254	313572	买盘
11:12:24	12.31	0.01	300	369300	买盘
11:12:19	12.3	--	1	1230	卖盘
11:12:13	12.3	--	15	18450	买盘
11:12:09	12.3	0.01	187	230010	买盘
11:12:04	12.29	--	20	24580	卖盘
11:11:54	12.29	--	5	6145	卖盘
11:11:43	12.29	-0.01	5	6145	卖盘
11:11:37	12.3	--	4	4920	买盘
11:11:28	12.3	--	30	36900	买盘
11:11:22	12.3	--	53	65190	卖盘
11:11:19	12.3	0.01	158	194340	买盘
11:11:13	12.29	--	13	15976	卖盘
11:10:58	12.29	--	71	87259	卖盘
11:10:43	12.29	--	21	25809	卖盘
11:10:22	12.29	--	71	87259	卖盘
11:10:13	12.29	-0.01	1	1229	卖盘
11:10:03	12.3	-0.01	1	1230	买盘
11:09:58	12.31	0.01	2	2462	买盘
11:09:52	12.3	--	19	23370	卖盘
11:09:43	12.3	--	5	6150	卖盘
11:09:37	12.3	--	52	63960	卖盘
11:09:33	12.3	0.01	5	6150	卖盘
11:09:28	12.29	-0.01	2	2458	卖盘
11:09:22	12.3	0.01	4	4920	买盘
11:09:18	12.29	--	5	6145	卖盘
11:09:13	12.29	--	1	1229	卖盘
11:09:07	12.29	--	1	1229	卖盘
11:09:03	12.29	-0.01	348	427691	卖盘
11:08:58	12.3	0.01	152	186960	买盘
11:08:43	12.29	--	138	169602	卖盘
11:08:37	12.29	-0.01	17	20893	卖盘
11:08:33	12.3	0.01	122	150060	买盘
11:08:28	12.29	--	94	115525	卖盘
11:08:07	12.29	-0.01	6	7373	卖盘
11:07:52	12.3	0.01	5	6150	买盘
11:07:43	12.29	-0.01	192	235967	卖盘
11:07:37	12.3	--	4	4920	卖盘
11:07:33	12.3	0.01	256	314880	买盘
11:07:22	12.29	--	5	6145	卖盘
11:07:13	12.29	-0.01	14	17206	卖盘
11:07:07	12.3	--	166	204180	卖盘
11:07:03	12.3	--	17	20910	卖盘
11:06:48	12.3	--	13	15990	卖盘
11:06:43	12.3	--	9	11070	卖盘
11:06:37	12.3	--	22	27060	卖盘
11:06:33	12.3	--	6	7380	卖盘
11:06:22	12.3	--	12	14760	卖盘
11:06:13	12.3	--	100	123000	卖盘
11:06:07	12.3	--	185	227550	卖盘
11:06:03	12.3	-0.01	100	123000	卖盘
11:05:58	12.31	0.01	40	49240	买盘
11:05:37	12.3	-0.01	10	12300	卖盘
11:05:22	12.31	0.01	36	44316	买盘
11:05:13	12.3	-0.01	1	1230	卖盘
11:05:07	12.31	--	24	29876	卖盘
11:05:01	12.31	--	32	39392	卖盘
11:04:52	12.31	-0.01	3	3693	卖盘
11:04:37	12.32	0.01	5	6160	买盘
11:04:31	12.31	--	120	147720	卖盘
11:04:22	12.31	--	10	12310	卖盘
11:04:16	12.31	--	5	6155	卖盘
11:04:12	12.31	-0.01	8	9848	卖盘
11:04:07	12.32	0.01	14	17248	买盘
11:04:01	12.31	--	34	41854	卖盘
11:03:57	12.31	--	8	9848	卖盘
11:03:52	12.31	--	35	43983	买盘
11:03:46	12.31	--	6	7386	买盘
11:03:37	12.31	--	35	43417	卖盘
11:03:31	12.31	--	5	6155	卖盘
11:03:22	12.31	-0.01	32	39392	卖盘
11:03:16	12.32	--	103	126896	买盘
11:03:12	12.32	0.01	2	2464	买盘
11:03:07	12.31	-0.01	51	62781	卖盘
11:02:52	12.32	--	70	86240	买盘
11:02:37	12.32	0.01	5	6160	买盘
11:02:31	12.31	-0.01	51	62781	卖盘
11:02:27	12.32	0.01	15	18480	买盘
11:02:22	12.31	--	3	3693	卖盘
11:02:16	12.31	--	254	312698	卖盘
11:02:12	12.31	--	47	57857	卖盘
11:02:01	12.31	--	34	41854	卖盘
11:01:52	12.31	--	13	16003	卖盘
11:01:46	12.31	--	2	2462	卖盘
11:01:27	12.31	--	2	2462	卖盘
11:01:22	12.31	--	20	24620	卖盘
11:01:16	12.31	--	66	81246	卖盘
11:01:07	12.31	--	2	2462	卖盘
11:00:42	12.31	--	17	21604	卖盘
11:00:31	12.31	-0.01	21	25851	卖盘
11:00:27	12.32	--	2	2464	卖盘
11:00:22	12.32	--	4	4928	卖盘
11:00:16	12.32	0.01	3	3696	买盘
11:00:12	12.31	-0.01	1	1231	卖盘
11:00:01	12.32	--	16	19712	买盘
10:59:57	12.32	--	201	247632	买盘
10:59:46	12.32	--	105	129360	买盘
10:59:41	12.32	0.01	10	12320	买盘
10:59:31	12.31	-0.01	10	12310	卖盘
10:59:22	12.32	--	4	4928	买盘
10:59:16	12.32	--	21	25872	卖盘
10:59:10	12.32	--	270	332640	卖盘
10:59:07	12.32	--	1	1232	卖盘
10:59:01	12.32	--	4	4928	卖盘
10:58:55	12.32	--	43	52976	卖盘
10:58:52	12.32	0.01	22	27104	中性盘
10:58:46	12.31	-0.01	24	29740	卖盘
10:58:25	12.32	--	6	7392	买盘
10:58:10	12.32	--	1	2266	卖盘
10:57:55	12.32	--	19	23408	卖盘
10:57:46	12.32	--	3	3696	卖盘
10:57:40	12.32	0.01	219	270005	买盘
10:57:36	12.31	--	19	23389	卖盘
10:57:31	12.31	--	96	118176	卖盘
10:57:21	12.31	--	4	4924	卖盘
10:57:10	12.31	-0.01	1	1231	卖盘
10:57:01	12.32	0.01	2	2464	买盘
10:56:55	12.31	-0.01	21	25851	卖盘
10:56:31	12.32	0.01	10	12320	买盘
10:56:25	12.31	-0.01	11	13541	卖盘
10:56:16	12.32	--	17	20944	买盘
10:55:55	12.32	--	30	36960	买盘
10:55:31	12.32	0.01	15	18480	买盘
10:55:25	12.31	-0.01	79	97249	卖盘
10:55:21	12.32	0.01	20	24640	买盘
10:55:10	12.31	--	2	2462	卖盘
10:55:06	12.31	-0.01	7	8617	卖盘
10:55:01	12.32	0.01	6	7392	买盘
10:54:46	12.31	--	12	14772	卖盘
10:54:31	12.31	--	5	6155	卖盘
10:54:25	12.31	--	10	12310	卖盘
10:54:16	12.31	-0.01	10	12310	卖盘
10:54:10	12.32	0.01	11	13552	买盘
10:54:01	12.31	-0.01	10	12310	卖盘
10:53:51	12.32	0.01	100	123200	买盘
10:53:46	12.31	--	30	36930	卖盘
10:53:36	12.31	--	3	3693	卖盘
10:53:25	12.31	--	5	6155	卖盘
10:53:20	12.31	0.01	67	82477	买盘
10:53:10	12.3	-0.01	1	1230	卖盘
10:52:55	12.31	--	38	46778	卖盘
10:52:34	12.31	--	2	2462	卖盘
10:52:31	12.31	--	20	24620	卖盘
10:52:25	12.31	-0.01	2	2462	卖盘
10:52:19	12.32	0.01	56	68992	买盘
10:52:16	12.31	--	10	12310	卖盘
10:52:10	12.31	--	155	190805	卖盘
10:52:04	12.31	--	1	1231	卖盘
10:51:49	12.31	--	3	3693	卖盘
10:51:34	12.31	--	37	45547	买盘
10:51:19	12.31	-0.01	16	19696	卖盘
10:51:04	12.32	--	5	6160	买盘
10:51:00	12.32	0.01	10	12320	买盘
10:50:55	12.31	--	88	108328	卖盘
10:50:49	12.31	--	10	12310	卖盘
10:50:45	12.31	--	24	29544	买盘
10:50:40	12.31	0.01	5	6155	买盘
10:50:19	12.3	--	4	4920	卖盘
10:50:10	12.3	--	6	7380	卖盘
10:50:00	12.3	--	87	107010	买盘
10:49:55	12.3	--	57	70110	买盘
10:49:25	12.3	--	0	0	中性盘
10:49:19	12.3	0.01	20	24600	卖盘
10:49:15	12.29	--	0	0	卖盘
10:49:10	12.29	-0.01	99	121670	卖盘
10:49:04	12.3	0.01	35	43050	买盘
10:49:00	12.29	--	6	7373	卖盘
10:48:34	12.29	--	0	0	卖盘
10:48:19	12.29	-0.01	25	30724	卖盘
10:48:15	12.3	--	2	2460	卖盘
10:48:10	12.3	0.01	7	8610	买盘
10:48:00	12.29	--	0	0	卖盘
10:47:45	12.29	-0.01	340	417860	卖盘
10:47:40	12.3	-0.02	1	1230	卖盘
10:47:30	12.32	0.02	37	45584	买盘
10:47:25	12.3	--	4	4920	卖盘
10:47:15	12.3	-0.02	1	1230	卖盘
10:47:04	12.32	0.02	20	24640	买盘
10:47:00	12.3	--	12	14760	卖盘
10:46:55	12.3	--	1	1230	卖盘
10:46:49	12.3	--	85	104550	卖盘
10:46:43	12.3	-0.02	32	39360	卖盘
10:46:40	12.32	0.02	10	12320	买盘
10:46:34	12.3	-0.02	20	24600	卖盘
10:46:28	12.32	0.02	30	36960	买盘
10:46:13	12.3	--	236	290280	卖盘
10:45:58	12.3	--	6	7380	卖盘
10:45:55	12.3	--	50	61500	卖盘
10:45:49	12.3	-0.01	6	7380	卖盘
10:45:43	12.31	0.01	20	24620	买盘
10:45:40	12.3	--	10	12300	卖盘
10:45:34	12.3	-0.01	5	6150	卖盘
10:45:19	12.31	0.01	68	83708	买盘
10:45:13	12.3	--	85	104550	卖盘
10:45:09	12.3	-0.01	2	2460	卖盘
10:45:04	12.31	0.01	6	7386	买盘
10:44:58	12.3	--	3	3690	卖盘
10:44:54	12.3	-0.01	30	36900	卖盘
10:44:49	12.31	0.01	55	67705	买盘
10:44:43	12.3	--	76	93480	买盘
10:44:39	12.3	0.01	25	30750	买盘
10:44:28	12.29	-0.01	19	23351	卖盘
10:44:24	12.3	0.01	100	123000	买盘
10:44:13	12.29	--	1	1229	卖盘
10:44:04	12.29	-0.01	48	58991	卖盘
10:43:58	12.3	0.01	7	8610	买盘
10:43:54	12.29	--	103	126586	卖盘
10:43:49	12.29	--	68	83572	卖盘
10:43:34	12.29	--	60	73740	卖盘
10:43:28	12.29	--	39	47931	卖盘
10:43:24	12.29	--	45	55304	卖盘
10:43:19	12.29	--	80	98320	卖盘
10:43:13	12.29	-0.01	1	1229	卖盘
10:43:04	12.3	--	158	194340	买盘
10:42:49	12.3	0.01	105	129150	买盘
10:42:39	12.29	-0.01	27	33183	卖盘
10:42:34	12.3	0.01	202	248460	买盘
10:42:28	12.29	--	17	20893	卖盘
10:42:19	12.29	-0.01	2	2458	卖盘
10:42:13	12.3	--	3	3690	买盘
10:42:09	12.3	0.01	30	36900	买盘
10:42:04	12.29	-0.01	13	15976	卖盘
10:41:58	12.3	--	10	12300	买盘
10:41:43	12.3	--	67	82410	卖盘
10:41:28	12.3	--	45	55350	卖盘
10:41:13	12.3	--	250	307500	卖盘
10:41:09	12.3	--	16	19680	卖盘
10:40:58	12.3	--	10	12300	卖盘
10:40:54	12.3	--	25	30750	卖盘
10:40:49	12.3	--	66	81180	卖盘
10:40:43	12.3	--	100	123000	卖盘
10:40:39	12.3	--	85	104550	卖盘
10:40:28	12.3	--	5	6150	卖盘
10:40:24	12.3	--	10	12300	卖盘
10:40:13	12.3	--	6	7380	卖盘
10:40:07	12.3	-0.01	55	67650	卖盘
10:40:04	12.31	0.01	16	19696	买盘
10:39:58	12.3	--	13	15990	卖盘
10:39:52	12.3	--	5	6150	买盘
10:39:49	12.3	--	45	55350	卖盘
10:39:43	12.3	--	7	8610	卖盘
10:39:34	12.3	--	2	2460	卖盘
10:39:28	12.3	-0.01	21	25830	卖盘
10:39:22	12.31	0.01	10	12310	买盘
10:39:18	12.3	--	120	147600	卖盘
10:39:07	12.3	--	20	24600	卖盘
10:38:52	12.3	--	10	12300	卖盘
10:38:48	12.3	--	10	12300	卖盘
10:38:43	12.3	--	89	109470	买盘
10:38:37	12.3	--	1	1230	买盘
10:38:28	12.3	--	50	61500	买盘
10:38:22	12.3	--	55	67650	卖盘
10:38:18	12.3	--	10	12300	卖盘
10:38:13	12.3	--	1	1230	卖盘
10:38:07	12.3	0.01	52	63960	买盘
10:37:58	12.29	--	20	24580	卖盘
10:37:48	12.29	--	8	9832	卖盘
10:37:43	12.29	-0.01	5	6145	卖盘
10:37:37	12.3	0.01	25	30750	买盘
10:37:28	12.29	--	60	73740	卖盘
10:37:22	12.29	--	6	7373	卖盘
10:37:07	12.29	--	17	20893	卖盘
10:36:58	12.29	--	1	1229	卖盘
10:36:52	12.29	--	2	2458	卖盘
10:36:48	12.29	--	44	54075	卖盘
10:36:33	12.29	0.01	69	84801	买盘
10:36:28	12.28	--	20	24560	卖盘
10:36:22	12.28	--	20	24560	卖盘
10:36:18	12.28	--	90	110520	卖盘
10:36:13	12.28	-0.01	5	6140	卖盘
10:36:07	12.29	0.01	42	51618	买盘
10:35:58	12.28	--	38	46664	卖盘
10:35:43	12.28	--	60	73680	卖盘
10:35:37	12.28	-0.01	25	30700	卖盘
10:35:33	12.29	0.01	21	25809	买盘
10:35:28	12.28	--	1	1228	卖盘
10:35:22	12.28	--	12	14736	卖盘
10:35:13	12.28	--	7	8596	卖盘
10:35:07	12.28	--	6	7368	卖盘
10:35:03	12.28	--	48	58944	买盘
10:34:43	12.28	-0.01	11	13508	卖盘
10:34:37	12.29	0.01	21	25809	买盘
10:34:33	12.28	--	40	49120	卖盘
10:34:22	12.28	0.01	57	69996	卖盘
10:34:13	12.27	--	0	0	卖盘
10:34:07	12.27	--	1	1227	卖盘
10:33:58	12.27	--	11	13497	卖盘
10:33:52	12.27	--	10	12270	卖盘
10:33:46	12.27	--	13	15951	卖盘
10:33:37	12.27	-0.02	29	35583	卖盘
10:33:31	12.29	0.02	20	24580	买盘
10:33:22	12.27	--	5	6135	卖盘
10:33:16	12.27	--	6	7362	卖盘
10:33:13	12.27	--	0	0	卖盘
10:33:07	12.27	-0.03	40	49080	卖盘
10:32:58	12.3	--	5	6150	买盘
10:32:52	12.3	-0.02	984	1210320	卖盘
10:32:43	12.32	--	59	72688	买盘
10:32:31	12.32	-0.01	5	6160	买盘
10:32:22	12.33	--	45	55485	买盘
10:32:16	12.33	0.01	35	43155	买盘
10:32:12	12.32	-0.01	1	1232	卖盘
10:31:57	12.33	--	93	114669	卖盘
10:31:46	12.33	0.01	127	156591	买盘
10:31:42	12.32	-0.01	10	12320	卖盘
10:31:31	12.33	0.01	1	1233	买盘
10:31:16	12.32	0.01	37	45584	买盘
10:31:07	12.31	-0.01	1	1231	卖盘
10:30:52	12.32	0.01	2	2464	买盘
10:30:46	12.31	-0.01	50	61550	卖盘
10:30:42	12.32	0.01	6	7392	买盘
10:30:37	12.31	-0.01	52	64012	卖盘
10:30:31	12.32	0.01	62	76384	买盘
10:30:27	12.31	--	21	25851	卖盘
10:30:16	12.31	--	3	3693	卖盘
10:30:07	12.31	--	21	25851	卖盘
10:30:01	12.31	--	7	8617	卖盘
10:29:57	12.31	--	57	70167	卖盘
10:29:42	12.31	--	3	3693	卖盘
10:29:31	12.31	-0.01	13	16003	卖盘
10:29:22	12.32	0.01	4	4928	买盘
10:29:16	12.31	--	20	24620	卖盘
10:29:12	12.31	--	5	6155	卖盘
10:29:07	12.31	--	5	6155	卖盘
10:28:52	12.31	--	0	0	卖盘
10:28:42	12.31	-0.02	5	6155	卖盘
10:28:31	12.33	--	5	6165	买盘
10:28:22	12.33	--	2	2466	买盘
10:28:16	12.33	0.02	2	2466	买盘
10:28:12	12.31	--	0	0	卖盘
10:28:07	12.31	-0.03	80	98480	卖盘
10:27:57	12.34	--	19	23446	买盘
10:27:40	12.34	--	15	18510	买盘
10:27:31	12.34	--	1	1234	买盘
10:27:21	12.34	0.04	2	2468	买盘
10:27:16	12.3	-0.04	11	13530	卖盘
10:27:10	12.34	0.04	11	13574	买盘
10:27:06	12.3	-0.04	1	1230	卖盘
10:27:01	12.34	0.04	1	1234	买盘
10:26:55	12.3	-0.05	202	248460	卖盘
10:26:51	12.35	--	3	3705	卖盘
10:26:46	12.35	--	61	75335	卖盘
10:26:40	12.35	-0.01	148	182780	卖盘
10:26:36	12.36	0.01	37	45732	买盘
10:26:31	12.35	--	81	100035	卖盘
10:26:25	12.35	--	79	97565	卖盘
10:26:16	12.35	--	23	28405	卖盘
10:26:10	12.35	--	72	88920	卖盘
10:26:06	12.35	-0.01	22	27170	卖盘
10:26:01	12.36	0.01	30	37080	买盘
10:25:55	12.35	--	10	12350	卖盘
10:25:51	12.35	--	20	24700	卖盘
10:25:46	12.35	--	104	128440	卖盘
10:25:40	12.35	--	477	589095	买盘
10:25:36	12.35	--	0	0	买盘
10:25:31	12.35	--	150	185250	买盘
10:25:25	12.35	--	101	124735	买盘
10:25:16	12.35	--	5	6175	买盘
10:25:10	12.35	--	53	65455	买盘
10:25:01	12.35	--	74	91390	买盘
10:24:55	12.35	--	86	106210	卖盘
10:24:51	12.35	--	24	29640	卖盘
10:24:46	12.35	--	59	72865	卖盘
10:24:40	12.35	-0.01	42	51870	卖盘
10:24:36	12.36	0.01	16	19776	买盘
10:24:31	12.35	--	16	19760	卖盘
10:24:25	12.35	--	112	138320	卖盘
10:24:16	12.35	--	7	8645	卖盘
10:24:10	12.35	0.04	2827	3491345	买盘
10:24:06	12.31	--	61	75091	买盘
10:24:01	12.31	0.01	15	18465	买盘
10:23:55	12.3	-0.01	3	3690	卖盘
10:23:46	12.31	--	10	12310	买盘
10:23:40	12.31	--	43	52933	买盘
10:23:25	12.31	--	77	94787	买盘
10:23:21	12.31	--	156	192036	卖盘
10:23:16	12.31	--	1	1231	卖盘
10:23:06	12.31	--	4	4924	卖盘
10:23:01	12.31	--	17	20927	卖盘
10:22:55	12.31	0.01	39	48009	买盘
10:22:46	12.3	--	140	172200	卖盘
10:22:36	12.3	--	12	14760	卖盘
10:22:31	12.3	0.05	1345	1654350	买盘
10:22:21	12.25	--	15	18375	买盘
10:22:10	12.25	--	65	79625	买盘
10:22:06	12.25	--	89	109025	卖盘
10:21:25	12.25	0.01	36	44100	买盘
10:21:19	12.24	--	11	13464	卖盘
10:21:16	12.24	-0.01	9	11016	卖盘
10:21:10	12.25	--	74	90650	买盘
10:20:55	12.25	--	54	66150	买盘
10:20:45	12.25	0.01	12	14700	买盘
10:20:40	12.24	-0.01	15	18360	卖盘
10:20:25	12.25	--	15	18375	买盘
10:20:19	12.25	0.01	13	15925	买盘
10:20:15	12.24	-0.01	0	122	卖盘
10:20:10	12.25	0.01	10	12250	买盘
10:20:04	12.24	-0.01	50	61200	卖盘
10:19:55	12.25	0.01	93	113925	买盘
10:19:49	12.24	--	2	2448	卖盘
10:19:45	12.24	--	13	15912	买盘
10:19:40	12.24	--	30	36720	卖盘
10:19:30	12.24	--	8	9792	卖盘
10:19:25	12.24	--	147	179928	买盘
10:19:19	12.24	0.01	5	6120	买盘
10:19:15	12.23	--	30	36690	卖盘
10:19:10	12.23	--	35	42805	卖盘
10:19:04	12.23	-0.01	23	28129	卖盘
10:18:55	12.24	0.01	11	13464	买盘
10:18:49	12.23	-0.01	101	123523	卖盘
10:18:25	12.24	-0.01	269	329256	卖盘
10:18:19	12.25	--	20	24500	卖盘
10:18:15	12.25	--	27	33075	卖盘
10:18:10	12.25	0.01	28	34300	买盘
10:18:00	12.24	-0.01	63	77112	卖盘
10:17:55	12.25	0.01	100	122500	买盘
10:17:40	12.24	-0.01	15	18360	卖盘
10:17:25	12.25	--	22	26950	买盘
10:17:15	12.25	0.01	20	24500	买盘
10:17:10	12.24	--	1	1224	卖盘
10:17:04	12.24	-0.01	10	12240	卖盘
10:17:00	12.25	--	10	12250	买盘
10:16:49	12.25	--	32	39200	卖盘
10:16:45	12.25	--	5	6125	卖盘
10:16:19	12.25	--	5	6125	卖盘
10:16:15	12.25	--	52	63700	卖盘
10:16:04	12.25	-0.01	21	25725	卖盘
10:15:55	12.26	0.01	18	22068	买盘
10:15:49	12.25	0.01	43	52675	买盘
10:15:45	12.24	--	308	376992	卖盘
10:15:40	12.24	--	50	61200	卖盘
10:15:30	12.24	-0.01	12	14688	卖盘
10:15:19	12.25	0.01	50	61250	买盘
10:15:10	12.24	-0.01	1	1224	卖盘
10:15:04	12.25	--	20	24500	卖盘
10:14:58	12.25	-0.01	4	4900	卖盘
10:14:54	12.26	--	7	8582	买盘
10:14:49	12.26	0.01	35	42910	买盘
10:14:43	12.25	-0.01	4	4900	卖盘
10:14:34	12.26	0.01	1	1226	买盘
10:14:28	12.25	-0.01	14	17150	卖盘
10:14:19	12.26	0.01	64	78464	买盘
10:14:09	12.25	-0.01	6	7350	卖盘
10:14:04	12.26	--	209	256234	卖盘
10:13:54	12.26	--	12	14712	卖盘
10:13:49	12.26	--	14	17164	卖盘
10:13:43	12.26	--	64	78464	卖盘
10:13:34	12.26	--	11	13486	卖盘
10:13:24	12.26	-0.01	12	14712	卖盘
10:13:13	12.27	--	54	66258	买盘
10:13:09	12.27	0.01	4	4908	买盘
10:13:04	12.26	--	5	6130	卖盘
10:12:49	12.26	--	20	24520	卖盘
10:12:43	12.26	0.01	15	18390	买盘
10:12:39	12.25	--	34	41650	卖盘
10:12:34	12.25	--	128	156800	卖盘
10:12:24	12.25	--	5	6125	卖盘
10:12:19	12.25	0.01	184	225400	买盘
10:12:09	12.24	-0.01	1	1224	卖盘
10:12:04	12.25	0.01	51	62475	买盘
10:11:58	12.24	--	6	7344	卖盘
10:11:49	12.24	--	13	15912	卖盘
10:11:43	12.24	--	51	62424	卖盘
10:11:39	12.24	-0.01	31	37944	卖盘
10:11:34	12.25	0.01	71	86975	买盘
10:11:28	12.24	--	10	12240	卖盘
10:11:24	12.24	-0.01	151	184824	卖盘
10:11:19	12.25	--	12	14700	买盘
10:11:13	12.25	--	1	1225	卖盘
10:11:09	12.25	--	5	6125	卖盘
10:11:04	12.25	-0.01	46	56350	卖盘
10:10:58	12.26	0.02	26	31876	卖盘
10:10:49	12.24	-0.02	110	134640	卖盘
10:10:39	12.26	0.03	18	22068	买盘
10:10:19	12.23	-0.01	164	200572	卖盘
10:10:13	12.24	0.02	412	504288	买盘
10:10:09	12.22	-0.01	43	52546	卖盘
10:09:58	12.23	--	109	133307	卖盘
10:09:54	12.23	--	1	1223	卖盘
10:09:43	12.23	--	19	23237	买盘
10:09:39	12.23	--	1	1223	买盘
10:09:34	12.23	--	5	6115	买盘
10:09:28	12.23	--	21	25683	买盘
10:09:24	12.23	--	126	154098	买盘
10:09:19	12.23	--	42	51366	卖盘
10:09:13	12.23	0.02	601	735023	卖盘
10:09:09	12.21	-0.03	902	1101342	卖盘
10:09:04	12.24	--	18	22032	买盘
10:08:58	12.24	0.01	52	63648	买盘
10:08:53	12.23	-0.01	3	3669	卖盘
10:08:43	12.24	0.02	505	618120	买盘
10:08:37	12.22	-0.04	1165	1423630	卖盘
10:08:34	12.26	0.02	105	128730	买盘
10:08:28	12.24	--	315	385560	买盘
10:08:22	12.24	-0.05	581	711144	卖盘
10:08:18	12.29	--	0	0	买盘
10:08:13	12.29	--	10	12290	买盘
10:08:07	12.29	--	531	652599	买盘
10:08:03	12.29	--	20	24580	买盘
10:07:58	12.29	--	22	27037	买盘
10:07:52	12.29	--	27	33183	买盘
10:07:43	12.29	0.04	8	9832	买盘
10:07:37	12.25	--	174	213150	卖盘
10:07:33	12.25	-0.04	10	12250	卖盘
10:07:28	12.29	--	51	62678	买盘
10:07:22	12.29	--	0	0	买盘
10:07:18	12.29	--	0	0	买盘
10:07:13	12.29	--	9	11061	买盘
10:07:07	12.29	0.01	312	383448	买盘
10:07:03	12.28	-0.01	2	2456	买盘
10:06:58	12.29	--	0	0	买盘
10:06:52	12.29	0.01	49	60220	买盘
10:06:48	12.28	--	2	2456	买盘
10:06:37	12.28	0.04	17	20876	买盘
10:06:33	12.24	-0.04	306	374544	卖盘
10:06:28	12.28	0.03	13	15964	买盘
10:06:22	12.25	-0.04	23	28175	卖盘
10:06:18	12.29	--	65	79885	买盘
10:06:13	12.29	--	89	109380	买盘
10:06:07	12.29	0.04	7	8603	买盘
10:05:58	12.25	-0.04	208	254800	卖盘
10:05:52	12.29	--	32	39328	买盘
10:05:43	12.29	--	7	8603	买盘
10:05:37	12.29	--	24	29495	买盘
10:05:33	12.29	--	215	264235	买盘
10:05:28	12.29	--	10	12290	买盘
10:05:22	12.29	--	0	0	买盘
10:05:18	12.29	0.03	151	185579	买盘
10:05:13	12.26	--	34	41684	卖盘
10:05:07	12.26	-0.03	10	12260	卖盘
10:05:03	12.29	0.03	10	12290	买盘
10:04:58	12.26	-0.03	379	464654	卖盘
10:04:52	12.29	0.01	4	4916	买盘
10:04:48	12.28	--	201	246828	卖盘
10:04:43	12.28	--	66	81048	卖盘
10:04:37	12.28	--	32	39296	买盘
10:04:28	12.28	--	220	270160	买盘
10:04:22	12.28	--	1	1228	买盘
10:04:13	12.28	--	31	38068	买盘
10:04:07	12.28	0.03	5	6140	买盘
10:03:58	12.25	-0.03	206	252350	卖盘
10:03:52	12.28	--	2	2456	买盘
10:03:48	12.28	0.01	34	41752	买盘
10:03:43	12.27	--	9	11043	买盘
10:03:33	12.27	0.02	18	22086	买盘
10:03:28	12.25	-0.01	48	58800	卖盘
10:03:22	12.26	-0.02	10	12260	卖盘
10:03:18	12.28	0.01	58	71224	买盘
10:03:13	12.27	--	30	36810	买盘
10:03:07	12.27	--	4	4908	买盘
10:03:03	12.27	0.03	18	22086	买盘
10:02:58	12.24	-0.03	370	452880	卖盘
10:02:52	12.27	--	13	15951	买盘
10:02:48	12.27	0.01	105	128835	买盘
10:02:43	12.26	--	10	12260	买盘
10:02:37	12.26	0.01	50	61300	买盘
10:02:33	12.25	0.01	12	14700	中性盘
10:02:27	12.24	-0.01	640	783360	卖盘
10:02:22	12.25	--	103	126175	卖盘
10:02:16	12.25	0.01	60	73500	中性盘
10:02:12	12.24	-0.01	30	36720	卖盘
10:02:07	12.25	--	1	1225	卖盘
10:02:01	12.25	0.01	30	36750	买盘
10:01:57	12.24	--	0	0	卖盘
10:01:52	12.24	-0.01	282	345168	卖盘
10:01:46	12.25	-0.01	16	19600	卖盘
10:01:42	12.26	--	11	13486	买盘
10:01:31	12.26	0.01	43	52718	买盘
10:01:27	12.25	0.01	2	2450	买盘
10:01:22	12.24	-0.02	756	925344	卖盘
10:01:16	12.26	0.01	1	1226	买盘
10:01:12	12.25	-0.01	1	1225	卖盘
10:01:07	12.26	--	7	8582	买盘
10:01:01	12.26	0.01	34	41684	买盘
10:00:52	12.25	-0.01	228	279300	卖盘
10:00:46	12.26	--	181	221906	卖盘
10:00:42	12.26	-0.01	2	2452	卖盘
10:00:37	12.27	--	13	15951	卖盘
10:00:31	12.27	-0.01	30	36810	中性盘
10:00:27	12.28	0.03	900	1105200	买盘
10:00:22	12.25	-0.01	395	483875	卖盘
10:00:16	12.26	-0.01	53	64978	卖盘
10:00:12	12.27	-0.01	75	92025	卖盘
10:00:07	12.28	0.01	16	19648	买盘
10:00:01	12.27	-0.01	1	1227	卖盘
09:59:57	12.28	0.01	36	44208	买盘
09:59:52	12.27	-0.01	537	658899	中性盘
09:59:46	12.28	--	369	453132	买盘
09:59:42	12.28	--	0	0	买盘
09:59:37	12.28	0.01	62	76136	买盘
09:59:31	12.27	--	400	490800	卖盘
09:59:27	12.27	0.01	10	12270	卖盘
09:59:22	12.26	-0.01	354	434004	卖盘
09:59:16	12.27	--	11	13497	买盘
09:59:12	12.27	0.01	10	12270	买盘
09:59:07	12.26	0.01	1	1226	卖盘
09:59:01	12.25	--	0	0	卖盘
09:58:57	12.25	--	2	2450	卖盘
09:58:52	12.25	--	2	2450	卖盘
09:58:46	12.25	0.01	525	643125	卖盘
09:58:27	12.24	--	0	0	卖盘
09:58:16	12.24	-0.03	500	612000	卖盘
09:58:12	12.27	0.01	35	42945	买盘
09:58:07	12.26	--	3	3678	买盘
09:58:01	12.26	-0.01	157	192482	中性盘
09:57:57	12.27	0.01	50	61350	买盘
09:57:52	12.26	-0.01	8	9808	中性盘
09:57:46	12.27	0.01	357	438039	买盘
09:57:42	12.26	-0.01	10	12260	卖盘
09:57:37	12.27	--	40	49080	买盘
09:57:31	12.27	-0.01	2	2454	中性盘
09:57:27	12.28	0.01	30	36840	买盘
09:57:16	12.27	--	44	53988	卖盘
09:57:01	12.27	-0.01	6	7362	卖盘
09:56:57	12.28	0.01	36	44208	买盘
09:56:52	12.27	--	19	23313	卖盘
09:56:46	12.27	0.02	67	82209	买盘
09:56:42	12.25	-0.01	229	280525	卖盘
09:56:37	12.26	-0.01	61	74786	卖盘
09:56:31	12.27	0.01	57	69939	买盘
09:56:27	12.26	--	3	3678	卖盘
09:56:22	12.26	0.01	44	53944	买盘
09:56:16	12.25	-0.01	10	12250	中性盘
09:56:12	12.26	--	110	134860	买盘
09:56:07	12.26	--	6	7356	买盘
09:56:01	12.26	-0.01	10	12260	卖盘
09:55:57	12.27	--	151	185277	买盘
09:55:51	12.27	0.04	21	25767	买盘
09:55:46	12.23	-0.02	456	557688	卖盘
09:55:40	12.25	--	424	519400	卖盘
09:55:36	12.25	--	14	17456	买盘
09:55:31	12.25	--	52	63700	买盘
09:55:25	12.25	0.01	11	13475	买盘
09:55:21	12.24	--	10	12240	卖盘
09:55:16	12.24	0.01	30	36720	买盘
09:55:10	12.23	-0.02	170	207910	卖盘
09:55:06	12.25	--	15	18375	买盘
09:55:01	12.25	0.02	1	1225	买盘
09:54:55	12.23	-0.01	17	20791	卖盘
09:54:46	12.24	0.01	205	251458	买盘
09:54:40	12.23	-0.01	661	808403	卖盘
09:54:36	12.24	--	383	468792	买盘
09:54:31	12.24	--	65	79560	买盘
09:54:25	12.24	0.01	45	55080	买盘
09:54:21	12.23	0.01	8	9784	买盘
09:54:16	12.22	--	14	17108	卖盘
09:54:10	12.22	-0.01	180	219960	卖盘
09:54:01	12.23	-0.01	55	67265	卖盘
09:53:55	12.24	--	46	56304	卖盘
09:53:46	12.24	-0.01	5	6120	卖盘
09:53:40	12.25	-0.01	194	238568	卖盘
09:53:36	12.26	-0.01	178	218228	卖盘
09:53:31	12.27	--	27	33129	买盘
09:53:25	12.27	-0.01	2	2454	买盘
09:53:16	12.28	0.02	28	34384	买盘
09:53:10	12.26	-0.02	813	996738	卖盘
09:53:06	12.28	--	57	69996	买盘
09:53:01	12.28	--	12	15423	卖盘
09:52:55	12.28	--	69	84732	卖盘
09:52:51	12.28	--	5	6140	卖盘
09:52:46	12.28	-0.01	12	14736	卖盘
09:52:40	12.29	--	208	255631	卖盘
09:52:31	12.29	0.01	12	14747	中性盘
09:52:25	12.28	-0.03	96	117888	卖盘
09:52:21	12.31	--	10	12310	买盘
09:52:16	12.31	0.02	163	200653	买盘
09:52:10	12.29	--	0	0	卖盘
09:52:06	12.29	-0.01	209	256860	卖盘
09:52:01	12.3	--	39	47970	卖盘
09:51:55	12.3	--	51	62730	卖盘
09:51:46	12.3	-0.01	75	92250	卖盘
09:51:40	12.31	--	20	24620	买盘
09:51:36	12.31	--	237	291747	买盘
09:51:10	12.31	-0.01	31	38161	卖盘
09:51:06	12.32	--	336	413952	买盘
09:51:01	12.32	0.02	8	9856	买盘
09:50:55	12.3	-0.02	50	61500	卖盘
09:50:51	12.32	--	20	24640	买盘
09:50:46	12.32	--	5	6160	买盘
09:50:40	12.32	0.02	53	65296	买盘
09:50:31	12.3	-0.01	309	380070	卖盘
09:50:25	12.31	--	3	3693	卖盘
09:50:15	12.31	0.01	34	41854	买盘
09:50:10	12.3	--	0	0	卖盘
09:50:06	12.3	0.01	51	62730	卖盘
09:50:01	12.29	-0.01	232	285668	卖盘
09:49:55	12.3	-0.01	38	47428	卖盘
09:49:51	12.31	0.01	148	182729	买盘
09:49:46	12.3	-0.01	30	36900	卖盘
09:49:40	12.31	0.02	112	137872	卖盘
09:49:36	12.29	-0.02	81	99549	卖盘
09:49:31	12.31	--	7	8617	买盘
09:49:25	12.31	--	0	0	买盘
09:49:21	12.31	0.02	45	55395	买盘
09:49:15	12.29	-0.02	13	15976	卖盘
09:49:10	12.31	--	22	27082	买盘
09:49:04	12.31	--	144	177264	买盘
09:49:01	12.31	--	17	20927	买盘
09:48:55	12.31	0.01	10	12310	买盘
09:48:49	12.3	-0.01	14	17220	卖盘
09:48:45	12.31	-0.01	18	22158	卖盘
09:48:40	12.32	--	9	11088	买盘
09:48:34	12.32	0.01	331	407792	中性盘
09:48:30	12.31	-0.01	100	123100	卖盘
09:48:25	12.32	--	430	529760	买盘
09:48:19	12.32	0.01	57	70224	买盘
09:48:15	12.31	-0.01	7	8617	卖盘
09:48:10	12.32	-0.01	22	27104	买盘
09:48:04	12.33	0.02	37	45621	买盘
09:48:00	12.31	-0.01	304	374224	卖盘
09:47:55	12.32	-0.01	14	17248	卖盘
09:47:49	12.33	--	16	19728	买盘
09:47:45	12.33	-0.01	144	177552	卖盘
09:47:40	12.34	--	14	17276	卖盘
09:47:34	12.34	0.01	31	38254	中性盘
09:47:30	12.33	-0.02	413	509229	卖盘
09:47:25	12.35	0.01	83	102505	买盘
09:47:19	12.34	-0.01	1	1234	卖盘
09:47:10	12.35	-0.01	23	28405	中性盘
09:47:04	12.36	0.01	5	6180	买盘
09:47:00	12.35	--	349	431015	卖盘
09:46:55	12.35	--	32	39520	卖盘
09:46:49	12.35	-0.01	59	72865	卖盘
09:46:40	12.36	--	2	2472	买盘
09:46:34	12.36	-0.01	6	7416	中性盘
09:46:30	12.37	--	688	851056	卖盘
09:46:25	12.37	--	37	45769	卖盘
09:46:19	12.37	0.01	70	86590	买盘
09:46:15	12.36	-0.01	20	24720	卖盘
09:46:10	12.37	--	41	50717	卖盘
09:46:04	12.37	0.01	91	112567	买盘
09:46:00	12.36	-0.01	22	27192	卖盘
09:45:55	12.37	--	50	61849	卖盘
09:45:49	12.37	-0.01	10	12370	卖盘
09:45:45	12.38	0.01	1	1238	买盘
09:45:40	12.37	--	110	136070	卖盘
09:45:34	12.37	--	43	53191	卖盘
09:45:30	12.37	-0.01	4	4948	卖盘
09:45:25	12.38	0.01	144	178272	买盘
09:45:19	12.37	-0.01	45	55665	卖盘
09:45:15	12.38	--	10	12380	买盘
09:45:10	12.38	--	54	66852	买盘
09:45:04	12.38	0.01	366	453108	买盘
09:45:00	12.37	--	5	6185	卖盘
09:44:55	12.37	-0.01	11	13607	中性盘
09:44:49	12.38	--	216	267408	买盘
09:44:45	12.38	0.01	1	1238	买盘
09:44:40	12.37	-0.01	32	39584	中性盘
09:44:34	12.38	--	45	55710	买盘
09:44:30	12.38	0.01	14	17332	买盘
09:44:25	12.37	--	60	74220	买盘
09:44:19	12.37	--	28	34636	卖盘
09:44:15	12.37	-0.01	50	61849	卖盘
09:44:10	12.38	--	817	1011446	买盘
09:44:04	12.38	0.01	77	95326	买盘
09:44:00	12.37	--	5	6185	卖盘
09:43:55	12.37	0.01	346	428002	买盘
09:43:49	12.36	--	349	431364	买盘
09:43:45	12.36	--	5	6180	买盘
09:43:40	12.36	--	210	259560	买盘
09:43:34	12.36	-0.01	81	100116	卖盘
09:43:30	12.37	0.01	13	16080	买盘
09:43:25	12.36	--	50	61800	买盘
09:43:19	12.36	--	111	137196	卖盘
09:43:15	12.36	--	15	18540	卖盘
09:43:09	12.36	-0.02	1	1236	卖盘
09:43:04	12.38	0.01	39	48282	买盘
09:43:00	12.37	--	95	117514	卖盘
09:42:54	12.37	--	10	12370	卖盘
09:42:49	12.37	--	34	42058	卖盘
09:42:45	12.37	--	549	679113	买盘
09:42:39	12.37	--	38	47006	买盘
09:42:34	12.37	-0.01	177	218949	卖盘
09:42:28	12.38	0.02	74	91612	买盘
09:42:24	12.36	--	225	278100	卖盘
09:42:19	12.36	-0.02	8	9888	卖盘
09:42:13	12.38	0.01	21	25998	买盘
09:42:09	12.37	--	11	13607	卖盘
09:42:04	12.37	--	230	284510	卖盘
09:41:58	12.37	--	54	66798	卖盘
09:41:54	12.37	--	152	188024	买盘
09:41:49	12.37	0.01	176	217712	中性盘
09:41:43	12.36	-0.01	350	432600	卖盘
09:41:39	12.37	--	30	37110	买盘
09:41:34	12.37	--	176	217712	买盘
09:41:28	12.37	--	85	105145	买盘
09:41:24	12.37	0.01	25	30924	卖盘
09:41:19	12.36	-0.01	327	404172	卖盘
09:41:13	12.37	--	256	316672	买盘
09:41:09	12.37	-0.01	1	1237	买盘
09:41:04	12.38	0.01	36	44568	买盘
09:40:58	12.37	0.01	126	155862	买盘
09:40:54	12.36	--	139	171804	卖盘
09:40:49	12.36	-0.02	174	215064	卖盘
09:40:43	12.38	0.02	437	541006	买盘
09:40:39	12.36	--	93	114948	卖盘
09:40:34	12.36	-0.01	79	97644	中性盘
09:40:28	12.37	--	285	352545	买盘
09:40:24	12.37	0.01	868	1073716	买盘
09:40:19	12.36	--	230	284280	卖盘
09:40:13	12.36	0.01	59	72924	中性盘
09:40:09	12.35	-0.01	16	19760	卖盘
09:40:04	12.36	0.01	405	500580	买盘
09:39:58	12.35	--	56	69160	卖盘
09:39:54	12.35	--	33	40755	买盘
09:39:49	12.35	--	61	75335	买盘
09:39:43	12.35	--	13	16055	买盘
09:39:39	12.35	--	42	51870	买盘
09:39:34	12.35	0.01	137	169195	买盘
09:39:28	12.34	-0.01	71	87614	中性盘
09:39:24	12.35	--	2	2470	买盘
09:39:19	12.35	--	159	196365	买盘
09:39:13	12.35	--	127	156845	买盘
09:39:09	12.35	--	18	22230	买盘
09:39:04	12.35	--	308	380380	买盘
09:38:58	12.35	--	198	244530	买盘
09:38:54	12.35	--	7	8645	买盘
09:38:49	12.35	--	158	195130	卖盘
09:38:43	12.35	-0.02	68	83980	卖盘
09:38:39	12.37	0.02	103	127410	买盘
09:38:34	12.35	--	96	118560	卖盘
09:38:28	12.35	--	187	230945	卖盘
09:38:19	12.35	--	385	475475	买盘
09:38:13	12.35	0.03	505	623675	买盘
09:38:09	12.32	-0.01	6	7392	中性盘
09:38:04	12.33	0.02	263	324279	买盘
09:37:58	12.31	--	25	30775	卖盘
09:37:54	12.31	-0.01	10	12310	卖盘
09:37:49	12.32	0.02	148	182336	买盘
09:37:43	12.3	-0.01	35	43050	卖盘
09:37:39	12.31	0.01	25	30775	买盘
09:37:34	12.3	--	12	14760	卖盘
09:37:28	12.3	--	49	60270	卖盘
09:37:19	12.3	0.03	228	280440	买盘
09:37:13	12.27	--	101	123927	卖盘
09:37:09	12.27	-0.01	135	165645	卖盘
09:37:04	12.28	--	99	121572	买盘
09:36:58	12.28	0.01	18	22104	买盘
09:36:54	12.27	--	12	14724	卖盘
09:36:49	12.27	--	10	12270	卖盘
09:36:43	12.27	0.01	24	29448	买盘
09:36:39	12.26	--	28	34328	卖盘
09:36:33	12.26	-0.01	3	3678	卖盘
09:36:28	12.27	0.01	45	55215	买盘
09:36:24	12.26	--	22	26972	卖盘
09:36:13	12.26	0.01	93	114018	买盘
09:36:09	12.25	--	6	7350	卖盘
09:36:03	12.25	-0.01	18	22356	卖盘
09:35:58	12.26	--	26	31876	买盘
09:35:54	12.26	0.01	1	1226	买盘
09:35:48	12.25	-0.01	14	17150	卖盘
09:35:43	12.26	--	21	25746	买盘
09:35:37	12.26	--	20	24520	买盘
09:35:33	12.26	--	124	152024	卖盘
09:35:28	12.26	--	17	20842	卖盘
09:35:22	12.26	--	28	34328	卖盘
09:35:18	12.26	--	50	61300	卖盘
09:35:13	12.26	--	132	161832	卖盘
09:35:07	12.26	--	44	53944	卖盘
09:35:03	12.26	--	15	18390	卖盘
09:34:58	12.26	--	1	1226	卖盘
09:34:52	12.26	--	11	13486	卖盘
09:34:48	12.26	-0.01	58	71108	卖盘
09:34:43	12.27	--	68	83436	买盘
09:34:37	12.27	0.01	120	147240	买盘
09:34:33	12.26	--	30	36780	卖盘
09:34:28	12.26	--	12	14712	卖盘
09:34:22	12.26	--	35	42910	卖盘
09:34:18	12.26	--	35	42910	卖盘
09:34:13	12.26	--	60	73560	卖盘
09:34:07	12.26	-0.01	64	78464	卖盘
09:34:03	12.27	--	1	1227	买盘
09:33:58	12.27	--	10	12270	买盘
09:33:52	12.27	0.01	50	61350	买盘
09:33:48	12.26	-0.01	54	66204	卖盘
09:33:43	12.27	-0.01	3	3681	卖盘
09:33:37	12.28	0.02	20	24560	买盘
09:33:28	12.26	--	0	0	卖盘
09:33:22	12.26	-0.01	35	42910	卖盘
09:33:18	12.27	--	3	3681	买盘
09:33:13	12.27	--	120	147240	买盘
09:33:07	12.27	--	25	30675	买盘
09:32:58	12.27	0.01	125	153375	买盘
09:32:52	12.26	-0.01	18	22068	卖盘
09:32:48	12.27	--	62	76074	买盘
09:32:43	12.27	--	87	106749	卖盘
09:32:37	12.27	--	109	133743	卖盘
09:32:28	12.27	--	10	12270	卖盘
09:32:22	12.27	-0.01	1	1227	卖盘
09:32:18	12.28	--	5	6140	买盘
09:32:13	12.28	--	15	18420	卖盘
09:32:07	12.28	-0.02	5	6140	卖盘
09:31:58	12.3	--	22	27994	卖盘
09:31:52	12.3	--	208	255840	卖盘
09:31:48	12.3	--	3	3690	卖盘
09:31:43	12.3	--	133	163590	卖盘
09:31:37	12.3	--	105	129150	卖盘
09:31:33	12.3	-0.01	21	25830	卖盘
09:31:28	12.31	0.01	49	60319	买盘
09:31:22	12.3	--	100	123000	卖盘
09:31:13	12.3	--	0	0	卖盘
09:31:07	12.3	-0.01	61	75571	卖盘
09:31:03	12.31	0.01	54	67458	中性盘
09:30:58	12.3	--	97	119310	卖盘
09:30:52	12.3	--	39	47970	卖盘
09:30:48	12.3	-0.02	111	136530	卖盘
09:30:42	12.32	0.02	15	18480	买盘
09:30:37	12.3	--	33	40590	卖盘
09:30:33	12.3	--	12	14760	卖盘
09:30:28	12.3	--	305	375150	卖盘
09:30:22	12.3	-0.01	206	253380	卖盘
09:30:18	12.31	--	0	0	卖盘
09:30:12	12.31	0.01	175	215425	卖盘
09:30:07	12.3	-0.01	1865	2293950	卖盘
09:30:01	12.31	0.01	93	114483	买盘
09:28:51	12.3	--	0	0	卖盘
09:25:08	12.3	12.3	431	530130	买盘
