成交时间	成交价	价格变动	成交量(手)	成交额(元)	性质
15:00:00	11.14	--	0	0	卖盘
15:00:00	11.14	-0.01	0	0	卖盘
14:59:59	11.15	0.01	535	596525	买盘
14:59:54	11.14	-0.01	40	44560	卖盘
14:59:49	11.15	0.01	325	362375	买盘
14:59:44	11.14	--	52	57928	卖盘
14:59:39	11.14	--	95	105830	卖盘
14:59:34	11.14	-0.01	78	86892	卖盘
14:59:29	11.15	--	283	315545	买盘
14:59:24	11.15	0.01	303	337845	买盘
14:59:19	11.14	--	82	91348	卖盘
14:59:14	11.14	--	351	391014	卖盘
14:59:09	11.14	--	5	5570	卖盘
14:59:04	11.14	--	27	30078	卖盘
14:58:59	11.14	0.01	177	197178	买盘
14:58:54	11.13	--	6	6678	卖盘
14:58:49	11.13	--	210	233730	卖盘
14:58:44	11.13	--	38	42294	买盘
14:58:39	11.13	-0.01	50	55650	买盘
14:58:34	11.14	--	0	0	买盘
14:58:29	11.14	0.01	811	903454	买盘
14:58:19	11.13	--	14	15582	卖盘
14:58:14	11.13	-0.01	104	115752	卖盘
14:58:09	11.14	0.01	58	64612	买盘
14:58:04	11.13	-0.01	18	20034	卖盘
14:57:59	11.14	0.01	547	609358	买盘
14:57:54	11.13	--	10	11130	买盘
14:57:49	11.13	0.01	10	11130	买盘
14:57:44	11.12	--	35	38920	卖盘
14:57:39	11.12	-0.01	136	151232	卖盘
14:57:34	11.13	0.01	23	25599	买盘
14:57:29	11.12	--	2	2224	卖盘
14:57:24	11.12	--	88	97856	卖盘
14:57:19	11.12	--	20	22240	卖盘
14:57:14	11.12	--	22	24464	卖盘
14:57:04	11.12	--	18	20016	卖盘
14:56:59	11.12	0.02	141	156792	买盘
14:56:54	11.1	--	0	0	卖盘
14:56:49	11.1	-0.03	19	21090	卖盘
14:56:44	11.13	0.03	1	1113	买盘
14:56:39	11.1	--	20	22200	卖盘
14:56:34	11.1	--	12	13320	卖盘
14:56:29	11.1	--	204	226440	卖盘
14:56:24	11.1	-0.03	18	19980	卖盘
14:56:18	11.13	0.01	497	553161	买盘
14:56:14	11.12	0.01	8	8896	买盘
14:56:09	11.11	0.01	748	831028	买盘
14:56:04	11.1	--	57	63270	卖盘
14:55:59	11.1	--	502	558130	卖盘
14:55:54	11.1	--	8	8880	卖盘
14:55:49	11.1	--	10	11100	卖盘
14:55:39	11.1	0.02	688	763680	买盘
14:55:34	11.08	-0.02	125	138500	卖盘
14:55:29	11.1	0.01	37	41070	买盘
14:55:19	11.09	-0.01	266	294994	买盘
14:55:14	11.1	0.03	20	22200	买盘
14:55:09	11.07	--	0	0	卖盘
14:55:03	11.07	-0.02	16	17712	卖盘
14:54:58	11.09	--	10	11090	卖盘
14:54:54	11.09	0.02	201	223042	买盘
14:54:49	11.07	-0.02	5	5535	卖盘
14:54:38	11.09	0.02	622	689798	买盘
14:54:33	11.07	--	150	166050	卖盘
14:54:29	11.07	--	2	2214	卖盘
14:54:24	11.07	0.02	247	273429	买盘
14:54:19	11.05	--	11	12155	卖盘
14:54:13	11.05	--	61	67405	卖盘
14:53:58	11.05	--	5	5525	卖盘
14:53:53	11.05	-0.01	26	28730	卖盘
14:53:48	11.06	0.01	10	11060	买盘
14:53:33	11.05	--	10	11050	卖盘
14:53:17	11.05	--	130	143650	卖盘
14:53:08	11.05	--	75	82875	卖盘
14:52:58	11.05	--	108	119340	卖盘
14:52:23	11.05	--	10	11050	卖盘
14:52:08	11.05	-0.01	200	221000	卖盘
14:51:58	11.06	--	0	0	中性盘
14:51:53	11.06	--	55	60830	买盘
14:51:28	11.06	--	10	11060	买盘
14:51:13	11.06	--	21	23226	买盘
14:51:08	11.06	-0.01	13	14378	卖盘
14:51:02	11.07	0.01	51	56457	买盘
14:50:53	11.06	0.01	12	13272	买盘
14:50:47	11.05	-0.01	318	351390	卖盘
14:50:43	11.06	--	279	308574	买盘
14:50:38	11.06	0.01	108	119448	买盘
14:50:32	11.05	-0.01	22	24310	卖盘
14:50:27	11.06	0.01	5	5530	买盘
14:50:13	11.05	-0.01	4	4420	卖盘
14:50:08	11.06	-0.01	195	215670	卖盘
14:50:02	11.07	0.01	20	22140	买盘
14:49:58	11.06	--	133	147098	卖盘
14:49:38	11.06	--	0	0	卖盘
14:49:27	11.06	-0.02	13	14378	卖盘
14:49:17	11.08	0.01	600	664800	买盘
14:49:08	11.07	--	249	275643	卖盘
14:49:02	11.07	--	20	22140	卖盘
14:48:42	11.07	--	3	3321	卖盘
14:48:32	11.07	--	10	11070	卖盘
14:48:23	11.07	-0.01	15	16605	卖盘
14:48:17	11.08	0.01	3	3324	买盘
14:48:12	11.07	-0.01	10	11070	卖盘
14:48:07	11.08	0.01	15	16620	买盘
14:47:53	11.07	-0.01	39	43173	卖盘
14:47:47	11.08	0.02	78	86424	买盘
14:47:42	11.06	-0.01	10	11060	卖盘
14:47:32	11.07	0.01	101	111807	买盘
14:47:27	11.06	-0.01	1	1106	卖盘
14:47:17	11.07	--	50	55350	买盘
14:47:12	11.07	0.01	10	11070	买盘
14:46:56	11.06	-0.01	20	22120	卖盘
14:46:52	11.07	0.01	209	231363	买盘
14:46:47	11.06	--	13	14378	卖盘
14:46:41	11.06	--	14	15484	卖盘
14:46:37	11.06	--	1	1106	卖盘
14:46:22	11.06	-0.01	70	77420	卖盘
14:46:17	11.07	0.01	52	57564	买盘
14:46:07	11.06	--	210	232260	卖盘
14:46:02	11.06	--	113	124978	卖盘
14:45:52	11.06	--	40	44240	卖盘
14:45:47	11.06	--	406	449036	卖盘
14:45:41	11.06	--	2	2212	卖盘
14:45:37	11.06	--	7	7742	卖盘
14:45:11	11.06	--	4	4424	卖盘
14:45:07	11.06	--	29	32074	卖盘
14:45:02	11.06	--	0	0	卖盘
14:44:52	11.06	-0.01	335	370510	卖盘
14:44:47	11.07	--	1	1107	卖盘
14:44:41	11.07	--	5	5535	卖盘
14:44:32	11.07	--	141	156087	卖盘
14:44:26	11.07	--	30	33210	卖盘
14:44:02	11.07	-0.01	1	1107	卖盘
14:43:56	11.08	0.01	7	7756	买盘
14:43:47	11.07	-0.01	7	7749	卖盘
14:43:41	11.08	--	10	11080	买盘
14:43:36	11.08	--	20	23135	卖盘
14:43:32	11.08	--	6	6648	卖盘
14:43:17	11.08	--	3	3324	卖盘
14:43:06	11.08	--	22	24376	卖盘
14:42:56	11.08	--	530	587240	卖盘
14:42:21	11.08	--	4	4432	卖盘
14:42:11	11.08	--	21	23268	卖盘
14:42:01	11.08	-0.01	19	21052	卖盘
14:41:46	11.09	--	2	2218	卖盘
14:41:41	11.09	--	7	7763	卖盘
14:41:11	11.09	--	21	23289	买盘
14:40:56	11.09	--	11	12199	买盘
14:40:46	11.09	--	5	5545	买盘
14:40:36	11.09	--	4	4436	买盘
14:40:11	11.09	0.01	20	22180	买盘
14:40:01	11.08	--	100	110800	卖盘
14:39:56	11.08	-0.02	10	11080	卖盘
14:39:50	11.1	0.01	168	186480	买盘
14:39:26	11.09	-0.01	44	48796	中性盘
14:38:46	11.1	0.01	11	12210	买盘
14:38:26	11.09	--	10	11090	卖盘
14:38:16	11.09	--	15	16768	买盘
14:38:11	11.09	--	28	31052	买盘
14:38:01	11.09	--	46	51014	买盘
14:37:41	11.09	0.01	9	9981	买盘
14:37:35	11.08	-0.01	10	11080	卖盘
14:37:20	11.09	0.01	10	11090	买盘
14:37:05	11.08	-0.01	9	9972	卖盘
14:36:45	11.09	--	4	4436	买盘
14:36:41	11.09	--	105	116445	卖盘
14:36:35	11.09	--	22	24398	卖盘
14:36:25	11.09	--	316	350444	卖盘
14:36:11	11.09	-0.01	200	221800	卖盘
14:35:55	11.1	0.01	4	4440	买盘
14:35:50	11.09	--	40	44360	卖盘
14:35:40	11.09	-0.01	7	7763	卖盘
14:35:30	11.1	0.01	27	29970	买盘
14:35:15	11.09	--	3	3327	卖盘
14:35:10	11.09	--	60	66540	卖盘
14:34:30	11.09	-0.01	4	4436	卖盘
14:34:25	11.1	0.01	10	11100	买盘
14:34:10	11.09	--	1	1109	卖盘
14:33:59	11.09	0.01	44	48796	买盘
14:33:55	11.08	--	5	5540	卖盘
14:33:25	11.08	-0.02	13	14404	卖盘
14:33:20	11.1	0.01	20	22200	买盘
14:33:10	11.09	--	96	106464	买盘
14:33:05	11.09	-0.01	8	8872	中性盘
14:32:55	11.1	0.02	20	22200	买盘
14:32:50	11.08	-0.01	101	111908	卖盘
14:32:35	11.09	--	112	124208	买盘
14:32:20	11.09	--	1	1109	买盘
14:32:10	11.09	--	5	5545	买盘
14:32:05	11.09	--	2	2218	买盘
14:31:59	11.09	--	12	13308	买盘
14:31:55	11.09	0.01	4	4436	买盘
14:31:50	11.08	--	12	13296	卖盘
14:31:35	11.08	-0.01	10	11080	卖盘
14:31:19	11.09	0.01	50	55450	买盘
14:31:09	11.08	-0.01	417	462036	卖盘
14:31:05	11.09	0.01	60	66540	买盘
14:30:59	11.08	--	80	88640	卖盘
14:30:39	11.08	-0.01	3	3324	卖盘
14:30:35	11.09	--	6	6654	买盘
14:30:24	11.09	--	8	8872	买盘
14:30:19	11.09	-0.01	100	110900	卖盘
14:30:14	11.1	0.01	4	4440	买盘
14:29:59	11.09	--	20	22180	卖盘
14:29:44	11.09	--	2	2218	卖盘
14:29:34	11.09	--	66	73194	卖盘
14:28:59	11.09	-0.01	5	5545	卖盘
14:28:24	11.1	0.01	40	44400	买盘
14:27:59	11.09	-0.01	5	5545	卖盘
14:27:54	11.1	--	39	43290	买盘
14:27:49	11.1	0.01	100	111000	买盘
14:27:34	11.09	--	231	256179	买盘
14:27:29	11.09	-0.01	172	190748	卖盘
14:27:23	11.1	0.01	40	44400	买盘
14:27:19	11.09	-0.01	30	33270	卖盘
14:26:53	11.1	--	49	54390	买盘
14:26:34	11.1	0.01	186	206460	买盘
14:26:29	11.09	--	50	55450	卖盘
14:26:19	11.09	--	5	5545	卖盘
14:26:04	11.09	--	38	42142	买盘
14:25:59	11.09	--	16	17744	买盘
14:25:34	11.09	--	5	5545	买盘
14:25:29	11.09	--	16	17744	买盘
14:25:18	11.09	0.01	29	32161	买盘
14:24:59	11.08	-0.01	2	2216	卖盘
14:24:53	11.09	0.01	16	17744	买盘
14:24:48	11.08	--	3	3324	卖盘
14:24:43	11.08	-0.01	50	55400	卖盘
14:24:38	11.09	--	10	11090	卖盘
14:24:33	11.09	--	5	5545	卖盘
14:24:23	11.09	--	17	18853	卖盘
14:24:13	11.09	--	50	55450	卖盘
14:24:03	11.09	--	2	2218	卖盘
14:23:58	11.09	--	270	299430	卖盘
14:23:53	11.09	--	161	178549	卖盘
14:23:43	11.09	--	2	2218	卖盘
14:23:28	11.09	--	2	2218	卖盘
14:23:23	11.09	-0.01	310	343790	卖盘
14:23:08	11.1	--	150	166500	买盘
14:22:48	11.1	--	14	15540	买盘
14:22:13	11.1	0.01	14	15540	买盘
14:22:08	11.09	-0.01	15	16635	卖盘
14:21:43	11.1	0.01	14	15540	买盘
14:21:38	11.09	--	20	22180	卖盘
14:21:28	11.09	-0.01	50	55450	卖盘
14:21:18	11.1	0.01	25	27750	买盘
14:21:13	11.09	--	76	84284	卖盘
14:21:08	11.09	--	97	107573	卖盘
14:20:53	11.09	--	1	1109	卖盘
14:20:47	11.09	--	18	19962	卖盘
14:20:38	11.09	--	22	24398	卖盘
14:20:28	11.09	-0.01	9	9981	卖盘
14:20:23	11.1	0.01	50	55500	买盘
14:20:17	11.09	--	19	21071	卖盘
14:20:08	11.09	-0.01	5	5545	卖盘
14:19:28	11.1	--	42	46620	买盘
14:19:23	11.1	--	24	26640	买盘
14:19:08	11.1	--	10	11100	买盘
14:18:58	11.1	0.01	16	17760	买盘
14:18:43	11.09	-0.01	8	8872	卖盘
14:18:28	11.1	0.01	11	12210	买盘
14:18:17	11.09	--	3	3327	卖盘
14:18:02	11.09	--	21	23289	卖盘
14:17:57	11.09	-0.01	3	3327	卖盘
14:17:32	11.1	--	12	13320	买盘
14:17:22	11.1	-0.01	77	85470	卖盘
14:17:17	11.11	0.01	12	13332	买盘
14:17:12	11.1	-0.01	40	44400	卖盘
14:17:02	11.11	0.01	12	13332	买盘
14:16:57	11.1	-0.01	100	111000	卖盘
14:16:52	11.11	0.01	22	24442	买盘
14:16:47	11.1	-0.01	8	8880	卖盘
14:16:42	11.11	0.01	31	34441	买盘
14:16:37	11.1	-0.01	27	29970	卖盘
14:16:32	11.11	--	11	12221	买盘
14:16:22	11.11	--	12	13332	买盘
14:16:12	11.11	0.01	62	68882	买盘
14:16:07	11.1	-0.01	4	4440	卖盘
14:16:02	11.11	0.01	62	68882	买盘
14:15:57	11.1	-0.01	100	111000	卖盘
14:15:52	11.11	--	12	13332	买盘
14:15:47	11.11	--	22	24442	买盘
14:15:37	11.11	--	11	12221	买盘
14:15:27	11.11	--	10	11110	买盘
14:15:22	11.11	--	12	13332	买盘
14:15:11	11.11	0.01	13	14443	买盘
14:15:02	11.1	--	1	1110	卖盘
14:14:57	11.1	-0.01	14	15540	卖盘
14:14:52	11.11	0.01	16	17776	买盘
14:14:42	11.1	-0.01	43	47730	卖盘
14:14:32	11.11	0.01	16	17776	买盘
14:14:26	11.1	-0.01	250	277500	卖盘
14:14:22	11.11	0.01	19	21109	买盘
14:14:17	11.1	-0.01	70	77700	卖盘
14:14:11	11.11	0.01	22	24442	买盘
14:14:02	11.1	--	12	13320	卖盘
14:13:56	11.1	--	6	6660	卖盘
14:13:47	11.1	--	50	55500	卖盘
14:13:32	11.1	--	1	1110	卖盘
14:13:17	11.1	--	20	22200	卖盘
14:13:07	11.1	-0.01	55	61050	卖盘
14:12:52	11.11	--	11	12420	卖盘
14:12:47	11.11	--	7	7777	卖盘
14:12:32	11.11	--	2	2222	卖盘
14:12:22	11.11	--	135	149985	卖盘
14:12:07	11.11	--	33	36663	卖盘
14:12:02	11.11	--	11	12221	卖盘
14:11:52	11.11	--	2	2222	卖盘
14:11:47	11.11	--	15	16665	卖盘
14:11:31	11.11	--	1	1111	卖盘
14:11:16	11.11	-0.01	5	5555	卖盘
14:11:11	11.12	0.01	1	1112	买盘
14:11:01	11.11	--	7	7777	卖盘
14:10:56	11.11	--	3	3333	卖盘
14:10:41	11.11	--	100	111100	卖盘
14:10:31	11.11	--	4	4444	卖盘
14:10:21	11.11	--	11	12221	卖盘
14:10:11	11.11	--	2	2222	卖盘
14:10:01	11.11	-0.01	9	9999	卖盘
14:09:46	11.12	0.01	7	7783	买盘
14:09:31	11.11	--	1	1111	卖盘
14:09:01	11.11	--	1	1111	卖盘
14:08:31	11.11	0.01	121	135342	买盘
14:08:16	11.1	--	3	3330	卖盘
14:08:11	11.1	--	15	16650	卖盘
14:08:01	11.1	--	1	1110	卖盘
14:07:50	11.1	-0.01	28	31080	卖盘
14:07:31	11.11	--	30	33529	卖盘
14:07:01	11.11	--	1	1111	卖盘
14:06:46	11.11	-0.01	10	11110	卖盘
14:06:26	11.12	0.01	10	11120	买盘
14:06:01	11.11	--	2	2222	卖盘
14:05:56	11.11	--	15	16665	卖盘
14:05:46	11.11	--	50	55550	卖盘
14:05:30	11.11	--	1	1111	卖盘
14:05:00	11.11	--	1	1111	卖盘
14:04:55	11.11	--	14	15554	卖盘
14:04:35	11.11	--	16	17776	卖盘
14:04:30	11.11	--	1	1111	卖盘
14:04:10	11.11	--	3	3333	卖盘
14:04:05	11.11	--	40	45351	买盘
14:03:35	11.11	0.02	125	138875	买盘
14:03:30	11.09	--	1	1109	卖盘
14:03:15	11.09	--	10	11090	卖盘
14:03:10	11.09	--	2	2218	卖盘
14:03:00	11.09	--	1	1109	卖盘
14:02:55	11.09	--	3	3327	卖盘
14:02:45	11.09	--	10	11090	卖盘
14:02:40	11.09	--	13	14417	卖盘
14:02:30	11.09	--	1	1109	卖盘
14:02:25	11.09	--	30	33270	卖盘
14:02:00	11.09	--	1	1109	卖盘
14:01:40	11.09	--	2	2218	卖盘
14:01:29	11.09	--	1	1109	卖盘
14:01:25	11.09	--	1	1109	卖盘
14:01:20	11.09	--	2	2218	卖盘
14:01:10	11.09	--	1	1109	卖盘
14:01:05	11.09	--	4	4436	卖盘
14:00:59	11.09	--	1	1109	卖盘
14:00:50	11.09	--	2	2218	卖盘
14:00:40	11.09	0.02	24	26616	买盘
14:00:29	11.07	--	0	0	卖盘
14:00:05	11.07	-0.01	400	442800	卖盘
13:59:55	11.08	--	5	5540	卖盘
13:59:40	11.08	--	41	45428	卖盘
13:59:25	11.08	--	20	22160	卖盘
13:59:09	11.08	--	0	0	卖盘
13:58:59	11.08	-0.01	400	443200	卖盘
13:58:44	11.09	--	2	2218	卖盘
13:58:34	11.09	--	201	222909	买盘
13:58:24	11.09	--	104	115336	买盘
13:58:04	11.09	-0.01	557	617713	卖盘
13:57:44	11.1	0.01	1	1110	买盘
13:57:39	11.09	-0.01	20	22180	卖盘
13:57:24	11.1	--	6	6859	卖盘
13:57:19	11.1	-0.01	5	5550	卖盘
13:57:14	11.11	0.01	3	3333	买盘
13:57:09	11.1	--	5	5550	卖盘
13:57:04	11.1	-0.01	487	540570	卖盘
13:56:24	11.11	--	8	8888	卖盘
13:56:19	11.11	--	30	33330	卖盘
13:55:59	11.11	-0.01	130	144430	卖盘
13:55:44	11.12	0.01	2	2224	买盘
13:55:39	11.11	--	50	55550	卖盘
13:55:34	11.11	--	6	6666	卖盘
13:55:19	11.11	--	60	66660	卖盘
13:55:14	11.11	--	2	2222	卖盘
13:55:04	11.11	--	26	28886	卖盘
13:54:59	11.11	--	15	16665	卖盘
13:54:49	11.11	--	100	111100	卖盘
13:54:34	11.11	-0.01	50	55550	卖盘
13:54:14	11.12	-0.01	5	5560	卖盘
13:53:49	11.13	--	101	112413	卖盘
13:53:44	11.13	--	20	22260	卖盘
13:53:38	11.13	--	30	33390	卖盘
13:53:34	11.13	--	134	149142	卖盘
13:53:29	11.13	--	1	1113	卖盘
13:53:23	11.13	--	5	5565	卖盘
13:53:19	11.13	-0.01	100	111300	卖盘
13:52:59	11.14	--	126	140364	卖盘
13:52:53	11.14	-0.01	13	14482	卖盘
13:52:38	11.15	--	6	6690	买盘
13:52:28	11.15	--	367	409205	卖盘
13:52:23	11.15	--	2	2230	卖盘
13:52:18	11.15	-0.01	30	33450	卖盘
13:52:14	11.16	0.01	27	30132	买盘
13:52:08	11.15	-0.01	28	31220	卖盘
13:52:03	11.16	0.01	5	5580	买盘
13:51:58	11.15	--	1	1115	卖盘
13:51:53	11.15	0.01	58	64670	买盘
13:51:43	11.14	0.01	364	405496	买盘
13:51:38	11.13	0.01	115	127995	买盘
13:51:28	11.12	0.01	500	556000	买盘
13:51:23	11.11	--	27	29997	买盘
13:51:18	11.11	0.01	4	4444	买盘
13:51:13	11.1	--	242	268620	卖盘
13:50:58	11.1	--	2	2220	卖盘
13:50:43	11.1	--	80	88800	卖盘
13:50:28	11.1	--	6	7570	卖盘
13:50:23	11.1	--	7	7770	卖盘
13:50:18	11.1	--	392	435120	买盘
13:50:03	11.1	-0.01	138	153180	卖盘
13:49:58	11.11	0.01	5	5555	买盘
13:49:53	11.1	--	20	22200	卖盘
13:49:48	11.1	--	20	22200	卖盘
13:49:43	11.1	--	31	34410	卖盘
13:49:38	11.1	--	42	46620	卖盘
13:49:33	11.1	--	17	18870	卖盘
13:49:28	11.1	-0.01	5	5550	卖盘
13:49:23	11.11	--	15	16665	买盘
13:49:13	11.11	0.01	55	61105	买盘
13:49:08	11.1	-0.01	10	11100	卖盘
13:48:58	11.11	0.01	86	95546	买盘
13:48:47	11.1	--	25	27750	卖盘
13:48:38	11.1	--	30	33300	卖盘
13:48:23	11.1	--	0	0	卖盘
13:48:17	11.1	--	153	169830	卖盘
13:48:13	11.1	-0.02	50	55500	卖盘
13:47:58	11.12	--	3	3335	买盘
13:47:38	11.12	-0.01	3	3335	卖盘
13:47:28	11.13	--	10	11130	买盘
13:47:13	11.13	--	0	0	买盘
13:46:58	11.13	--	20	22260	卖盘
13:46:47	11.13	--	29	32277	买盘
13:46:32	11.13	0.03	25	27825	买盘
13:46:13	11.1	-0.03	65	72150	卖盘
13:46:08	11.13	--	15	16695	卖盘
13:46:02	11.13	-0.01	56	62328	卖盘
13:45:47	11.14	--	9	10026	卖盘
13:45:42	11.14	--	30	33420	卖盘
13:45:37	11.14	-0.01	55	61270	卖盘
13:45:32	11.15	--	3	3345	买盘
13:45:22	11.15	--	5	5575	买盘
13:45:17	11.15	--	14	15610	买盘
13:45:12	11.15	--	14	15610	卖盘
13:45:07	11.15	-0.01	10	11150	卖盘
13:45:02	11.16	-0.02	4	4464	买盘
13:44:52	11.18	0.01	756	845208	买盘
13:44:47	11.17	--	23	25691	买盘
13:44:37	11.17	0.01	5	5585	买盘
13:44:32	11.16	-0.01	6	6696	卖盘
13:44:12	11.17	--	50	55850	买盘
13:44:07	11.17	--	114	127338	卖盘
13:44:02	11.17	--	104	116168	买盘
13:43:52	11.17	--	502	560734	买盘
13:43:47	11.17	0.01	188	210811	买盘
13:43:42	11.16	--	5	5580	卖盘
13:43:37	11.16	--	14	15624	卖盘
13:43:32	11.16	--	60	66960	卖盘
13:43:27	11.16	--	2	2232	卖盘
13:43:22	11.16	--	380	424080	买盘
13:43:17	11.16	0.01	23	25668	买盘
13:43:12	11.15	-0.01	10	11150	卖盘
13:43:07	11.16	0.01	13	14508	买盘
13:43:02	11.15	--	17	18955	卖盘
13:42:52	11.15	0.01	1033	1151795	买盘
13:42:47	11.14	--	419	466766	买盘
13:42:42	11.14	0.02	66	73524	买盘
13:42:37	11.12	-0.01	2	2224	卖盘
13:42:32	11.13	0.01	10	11130	中性盘
13:42:27	11.12	-0.02	30	33360	卖盘
13:42:22	11.14	0.01	320	356480	买盘
13:42:17	11.13	0.01	153	170289	买盘
13:42:11	11.12	-0.01	10	11120	卖盘
13:42:07	11.13	0.01	6	6678	买盘
13:42:02	11.12	0.01	200	223423	买盘
13:41:52	11.11	-0.01	35	38885	买盘
13:41:47	11.12	0.01	800	889599	买盘
13:41:41	11.11	--	10	11110	买盘
13:41:37	11.11	--	50	55550	买盘
13:41:32	11.11	--	80	88880	买盘
13:41:22	11.11	--	10	11110	买盘
13:41:17	11.11	--	16	17776	买盘
13:41:07	11.11	0.01	500	555500	买盘
13:41:02	11.1	--	282	313020	卖盘
13:40:52	11.1	--	38	42180	卖盘
13:40:47	11.1	--	12	13320	卖盘
13:40:41	11.1	--	100	111000	卖盘
13:40:37	11.1	--	120	133200	买盘
13:40:26	11.1	--	0	910	卖盘
13:40:22	11.1	0.02	535	594049	买盘
13:40:17	11.08	--	0	0	卖盘
13:40:11	11.08	-0.02	2	2216	卖盘
13:40:07	11.1	0.01	320	355200	买盘
13:40:02	11.09	0.01	5	5545	买盘
13:39:52	11.08	-0.01	8	8864	卖盘
13:39:46	11.09	--	10	11090	买盘
13:39:41	11.09	--	2	2218	买盘
13:39:31	11.09	--	4	4436	买盘
13:39:26	11.09	--	2	2317	卖盘
13:39:21	11.09	-0.01	9	9981	卖盘
13:39:16	11.1	0.01	53	58830	买盘
13:39:11	11.09	--	10	11090	卖盘
13:39:06	11.09	--	8	8872	卖盘
13:39:01	11.09	--	1	2118	卖盘
13:38:56	11.09	-0.01	1	1109	卖盘
13:38:51	11.1	0.01	99	109890	买盘
13:38:36	11.09	0.01	270	299430	买盘
13:38:31	11.08	-0.01	8	8864	卖盘
13:38:26	11.09	--	11	12199	买盘
13:38:21	11.09	--	300	332700	买盘
13:38:16	11.09	0.01	19	21071	买盘
13:38:11	11.08	--	0	0	卖盘
13:38:01	11.08	--	1007	1115756	卖盘
13:37:46	11.08	-0.01	11	12188	卖盘
13:37:41	11.09	--	934	1035806	买盘
13:37:31	11.09	0.01	1	1109	买盘
13:37:26	11.08	--	1	1108	卖盘
13:37:16	11.08	--	1	2182	卖盘
13:37:11	11.08	--	70	77560	卖盘
13:37:06	11.08	0.01	80	88640	买盘
13:37:01	11.07	-0.02	11	12177	卖盘
13:36:26	11.09	--	0	0	买盘
13:36:21	11.09	0.02	300	332700	买盘
13:36:16	11.07	--	63	69741	卖盘
13:35:56	11.07	--	296	327672	卖盘
13:35:41	11.07	--	6	6642	卖盘
13:35:35	11.07	0.01	30	33210	买盘
13:35:31	11.06	--	1	1106	卖盘
13:35:20	11.06	-0.01	5	5530	卖盘
13:35:16	11.07	--	300	332100	买盘
13:35:01	11.07	--	277	306639	卖盘
13:34:46	11.07	-0.01	100	110700	卖盘
13:34:31	11.08	-0.01	556	616048	卖盘
13:34:26	11.09	0.01	30	33270	买盘
13:34:20	11.08	--	7	7756	卖盘
13:34:16	11.08	--	100	110800	卖盘
13:34:11	11.08	--	34	37672	卖盘
13:34:01	11.08	--	7	7756	卖盘
13:33:56	11.08	0.01	196	217168	买盘
13:33:50	11.07	0.01	23	25461	买盘
13:33:46	11.06	0.01	7	8781	买盘
13:33:41	11.05	--	2	2210	卖盘
13:33:31	11.05	--	142	156910	买盘
13:33:26	11.05	0.01	10	11050	买盘
13:33:20	11.04	-0.02	138	152352	卖盘
13:33:05	11.06	0.01	3	3318	买盘
13:32:56	11.05	-0.01	27	29835	卖盘
13:32:35	11.06	--	53	58684	卖盘
13:32:30	11.06	--	9	10993	卖盘
13:32:25	11.06	-0.01	12	13272	卖盘
13:32:20	11.07	0.01	56	61992	买盘
13:32:05	11.06	--	40	44240	卖盘
13:32:00	11.06	0.01	253	279818	买盘
13:31:50	11.05	-0.01	10	11050	卖盘
13:31:40	11.06	0.01	300	331800	买盘
13:31:20	11.05	--	5	5525	卖盘
13:31:15	11.05	-0.01	232	256360	卖盘
13:30:50	11.06	0.01	10	11060	买盘
13:30:45	11.05	-0.01	45	49725	卖盘
13:30:10	11.06	-0.01	695	768670	卖盘
13:29:50	11.07	-0.01	1	1107	卖盘
13:29:40	11.08	--	10	11080	买盘
13:29:20	11.08	--	14	15512	买盘
13:29:10	11.08	--	5	5540	买盘
13:29:05	11.08	0.01	15	16620	买盘
13:28:59	11.07	--	20	22140	卖盘
13:28:50	11.07	-0.01	5	5535	卖盘
13:28:29	11.08	--	2	2216	买盘
13:28:25	11.08	0.01	93	103044	买盘
13:28:20	11.07	--	89	98523	卖盘
13:27:59	11.07	0.01	105	116235	买盘
13:27:44	11.06	--	13	14378	卖盘
13:27:40	11.06	-0.01	30	33180	卖盘
13:27:35	11.07	0.01	3	3321	买盘
13:27:25	11.06	-0.01	41	45346	卖盘
13:27:14	11.07	--	2	2214	买盘
13:27:10	11.07	0.01	2	2214	中性盘
13:27:04	11.06	-0.01	30	33180	卖盘
13:26:59	11.07	--	22	24354	卖盘
13:26:50	11.07	--	50	55350	卖盘
13:26:35	11.07	-0.01	4	4428	卖盘
13:26:19	11.08	--	8	8864	买盘
13:26:14	11.08	0.01	12	13296	中性盘
13:26:09	11.07	-0.01	69	76383	卖盘
13:26:04	11.08	-0.01	12	13296	中性盘
13:25:59	11.09	0.01	28	31052	买盘
13:25:49	11.08	--	17	18836	买盘
13:25:44	11.08	-0.01	32	35456	卖盘
13:25:39	11.09	0.01	8	8872	买盘
13:25:34	11.08	-0.01	24	26592	卖盘
13:25:29	11.09	0.01	16	17744	买盘
13:25:24	11.08	--	30	33240	卖盘
13:25:19	11.08	-0.01	92	101936	卖盘
13:25:14	11.09	0.01	5	5545	买盘
13:24:59	11.08	-0.02	51	56508	卖盘
13:24:44	11.1	0.01	19	21090	买盘
13:24:39	11.09	--	3	4136	卖盘
13:24:34	11.09	-0.01	201	222909	卖盘
13:24:29	11.1	--	26	28860	买盘
13:24:24	11.1	0.01	1	1110	买盘
13:24:19	11.09	--	126	139734	卖盘
13:24:14	11.09	-0.01	10	11090	卖盘
13:24:09	11.1	0.01	61	67710	买盘
13:24:04	11.09	0.01	312	346307	买盘
13:23:59	11.08	--	60	66480	卖盘
13:23:54	11.08	--	2	2216	卖盘
13:23:44	11.08	--	5	5540	卖盘
13:23:34	11.08	-0.01	47	52076	卖盘
13:23:29	11.09	--	10	11090	买盘
13:23:24	11.09	0.01	11	12199	买盘
13:23:19	11.08	-0.01	7	7756	卖盘
13:23:14	11.09	--	5	5545	卖盘
13:23:08	11.09	--	8	8872	卖盘
13:23:04	11.09	--	24	26616	卖盘
13:22:53	11.09	--	35	38815	卖盘
13:22:49	11.09	0.01	428	474652	买盘
13:22:44	11.08	0.01	239	264812	买盘
13:22:38	11.07	--	100	110700	卖盘
13:22:34	11.07	0.01	368	407376	买盘
13:22:23	11.06	-0.01	5	5530	卖盘
13:22:08	11.07	0.01	10	11070	买盘
13:22:04	11.06	-0.01	40	44240	卖盘
13:21:59	11.07	0.01	12	13284	买盘
13:21:53	11.06	--	9	9954	卖盘
13:21:49	11.06	--	20	22120	卖盘
13:21:34	11.06	--	55	60830	卖盘
13:21:29	11.06	-0.01	1	1106	卖盘
13:21:19	11.07	0.01	8	8856	买盘
13:21:04	11.06	--	5	5530	卖盘
13:20:59	11.06	--	65	71890	买盘
13:20:53	11.06	0.01	1	1106	买盘
13:20:49	11.05	-0.01	25	27625	卖盘
13:20:28	11.06	--	2	2212	买盘
13:20:23	11.06	--	21	23226	卖盘
13:20:18	11.06	--	65	71890	卖盘
13:20:13	11.06	--	5	5530	卖盘
13:20:08	11.06	-0.01	26	28756	卖盘
13:19:48	11.07	--	2	2214	买盘
13:19:38	11.07	--	34	37638	买盘
13:19:28	11.07	--	5	5535	买盘
13:19:08	11.07	0.02	24	26568	买盘
13:18:58	11.05	--	0	0	卖盘
13:18:53	11.05	-0.01	100	110500	卖盘
13:18:48	11.06	-0.01	17	18802	卖盘
13:18:43	11.07	0.02	84	92988	买盘
13:18:38	11.05	--	124	137020	卖盘
13:18:08	11.05	--	23	25415	卖盘
13:18:03	11.05	--	31	34255	卖盘
13:17:58	11.05	--	10	11050	卖盘
13:17:53	11.05	-0.01	23	25415	卖盘
13:17:38	11.06	-0.01	95	105070	卖盘
13:17:28	11.07	--	0	0	中性盘
13:17:23	11.07	-0.01	5	5535	卖盘
13:17:03	11.08	--	36	39888	卖盘
13:16:53	11.08	--	153	169524	卖盘
13:16:48	11.08	-0.01	16	17728	卖盘
13:16:43	11.09	0.01	10	11090	买盘
13:16:38	11.08	--	10	11080	卖盘
13:16:23	11.08	-0.01	2	2216	卖盘
13:16:17	11.09	--	50	55450	买盘
13:16:13	11.09	--	10	11090	买盘
13:16:02	11.09	--	7	7763	卖盘
13:15:53	11.09	--	55	60995	卖盘
13:15:43	11.09	-0.01	17	18853	卖盘
13:15:38	11.1	0.01	68	75480	买盘
13:15:32	11.09	--	0	0	卖盘
13:15:28	11.09	--	269	298321	卖盘
13:15:23	11.09	-0.01	115	127535	卖盘
13:15:17	11.1	0.01	198	219780	买盘
13:15:13	11.09	-0.01	204	226236	中性盘
13:15:08	11.1	0.01	47	52170	买盘
13:15:02	11.09	--	10	11090	卖盘
13:14:58	11.09	--	84	93156	卖盘
13:14:53	11.09	--	11	12199	卖盘
13:14:43	11.09	--	7	7763	买盘
13:14:38	11.09	-0.01	2	2218	买盘
13:14:28	11.1	--	83	92130	买盘
13:14:23	11.1	--	6	6660	买盘
13:14:17	11.1	0.02	33	36630	买盘
13:14:12	11.08	-0.01	57	63156	卖盘
13:14:08	11.09	--	236	261724	买盘
13:14:02	11.09	--	50	55450	买盘
13:13:58	11.09	-0.02	14	15526	买盘
13:13:53	11.11	-0.01	5	5555	中性盘
13:13:47	11.12	0.02	293	325816	买盘
13:13:42	11.1	-0.02	178	197580	卖盘
13:13:37	11.12	0.01	238	264656	买盘
13:13:32	11.11	--	88	97768	卖盘
13:13:27	11.11	--	56	62216	卖盘
13:13:22	11.11	--	61	67771	买盘
13:13:17	11.11	0.01	211	234421	买盘
13:13:12	11.1	0.01	20	22200	卖盘
13:13:07	11.09	-0.01	59	65431	卖盘
13:13:02	11.1	--	688	763680	买盘
13:12:57	11.1	0.01	426	472860	买盘
13:12:47	11.09	--	60	66540	卖盘
13:12:42	11.09	--	60	66540	卖盘
13:12:37	11.09	--	37	41033	卖盘
13:12:32	11.09	--	72	79859	买盘
13:12:27	11.09	--	274	303866	买盘
13:12:22	11.09	--	300	332700	买盘
13:12:17	11.09	--	1068	1184412	买盘
13:12:12	11.09	--	0	0	买盘
13:12:07	11.09	0.03	348	385932	买盘
13:12:02	11.06	-0.02	88	98422	卖盘
13:11:57	11.08	0.02	69	76463	买盘
13:11:52	11.06	-0.02	50	55300	卖盘
13:11:47	11.08	0.01	332	368952	买盘
13:11:37	11.07	--	81	89678	买盘
13:11:32	11.07	--	32	35424	买盘
13:11:27	11.07	--	8	8856	买盘
13:11:17	11.07	0.01	64	70848	买盘
13:11:07	11.06	--	2	2212	卖盘
13:11:02	11.06	0.01	439	485534	买盘
13:10:57	11.05	0.01	217	239785	买盘
13:10:52	11.04	-0.01	200	220799	卖盘
13:10:47	11.05	0.01	1	1105	买盘
13:10:37	11.04	--	3	3311	卖盘
13:10:32	11.04	-0.01	2	2208	卖盘
13:10:27	11.05	0.02	10	11050	买盘
13:10:12	11.03	--	0	0	卖盘
13:10:07	11.03	-0.02	47	51841	卖盘
13:10:02	11.05	0.02	500	552500	买盘
13:09:57	11.03	--	20	22060	卖盘
13:09:52	11.03	0.01	67	73901	买盘
13:09:47	11.02	-0.01	100	110200	卖盘
13:09:41	11.03	0.01	55	60665	买盘
13:09:37	11.02	--	7	7714	卖盘
13:09:32	11.02	--	20	22040	卖盘
13:09:22	11.02	-0.01	20	22040	卖盘
13:09:07	11.03	--	5	5515	买盘
13:09:02	11.03	--	20	22060	买盘
13:08:47	11.03	--	37	40811	买盘
13:08:32	11.03	0.01	55	60665	买盘
13:08:17	11.02	0.01	230	253460	买盘
13:08:11	11.01	--	20	22020	卖盘
13:08:07	11.01	--	4	4404	卖盘
13:07:56	11.01	--	33	36333	买盘
13:07:52	11.01	--	7	7707	买盘
13:07:46	11.01	--	1	1101	买盘
13:07:36	11.01	0.01	23	25323	买盘
13:07:26	11.0	-0.01	32	35200	卖盘
13:07:16	11.01	--	10	11010	买盘
13:07:11	11.01	--	8	8808	买盘
13:07:06	11.01	--	2	2202	买盘
13:07:01	11.01	0.01	10	11010	买盘
13:06:51	11.0	--	32	35200	卖盘
13:06:47	11.0	-0.01	157	172865	卖盘
13:06:41	11.01	--	78	85878	买盘
13:06:31	11.01	--	61	67161	买盘
13:06:26	11.01	--	20	22020	买盘
13:06:11	11.01	--	15	16515	买盘
13:06:06	11.01	0.01	34	37434	买盘
13:06:01	11.0	--	134	147400	卖盘
13:05:56	11.0	--	181	199100	卖盘
13:05:51	11.0	--	30	33000	卖盘
13:05:46	11.0	--	10	11000	卖盘
13:05:36	11.0	--	17	18700	卖盘
13:05:31	11.0	-0.01	1	1100	卖盘
13:05:16	11.01	--	265	291765	卖盘
13:05:06	11.01	-0.01	55	60555	卖盘
13:04:56	11.02	0.01	6	6612	买盘
13:04:51	11.01	-0.01	200	220200	卖盘
13:04:41	11.02	--	16	17632	买盘
13:04:36	11.02	--	61	67222	卖盘
13:04:16	11.02	--	50	55100	卖盘
13:04:11	11.02	--	1	1102	卖盘
13:04:01	11.02	--	32	35264	卖盘
13:03:56	11.02	-0.01	51	56202	卖盘
13:03:41	11.03	-0.02	326	359578	卖盘
13:03:36	11.05	0.01	27	29835	买盘
13:03:31	11.04	--	30	33120	卖盘
13:03:21	11.04	-0.01	2	2208	卖盘
13:03:16	11.05	--	0	0	买盘
13:03:11	11.05	--	12	13260	卖盘
13:03:05	11.05	-0.01	8	8840	买盘
13:02:56	11.06	--	40	44240	买盘
13:02:50	11.06	--	50	55300	买盘
13:02:46	11.06	-0.01	208	230048	卖盘
13:02:41	11.07	--	5	5535	买盘
13:02:26	11.07	--	5	5535	买盘
13:02:16	11.07	--	49	54243	买盘
13:02:11	11.07	0.02	3	3321	买盘
13:01:56	11.05	--	42	46410	买盘
13:01:46	11.05	--	280	309400	买盘
13:01:26	11.05	--	72	79560	买盘
13:01:20	11.05	-0.02	102	112710	卖盘
13:01:16	11.07	0.02	310	343170	买盘
13:01:11	11.05	-0.02	6	6630	卖盘
13:01:01	11.07	0.02	46	50922	买盘
13:00:55	11.05	--	12	13260	买盘
13:00:50	11.05	--	8	8840	买盘
13:00:45	11.05	--	23	25415	买盘
13:00:40	11.05	0.02	4	4420	买盘
13:00:35	11.03	-0.03	3	3309	卖盘
13:00:30	11.06	0.01	8	8848	买盘
13:00:25	11.05	--	64	70720	买盘
13:00:15	11.05	0.02	5	5525	买盘
13:00:10	11.03	0.01	14	15442	中性盘
13:00:05	11.02	0.02	1515	1669530	买盘
11:30:00	11.0	--	0	0	卖盘
11:30:00	11.0	--	0	0	卖盘
11:30:00	11.0	--	10	11000	卖盘
11:29:57	11.0	--	15	16500	卖盘
11:29:52	11.0	0.02	132	145200	买盘
11:29:47	10.98	-0.02	10	10980	卖盘
11:29:42	11.0	--	0	0	买盘
11:29:37	11.0	0.02	1305	1435500	买盘
11:29:27	10.98	0.01	10	10980	买盘
11:29:22	10.97	-0.01	20	21940	卖盘
11:29:17	10.98	--	120	131760	买盘
11:29:12	10.98	--	22	24156	买盘
11:29:07	10.98	--	8	8784	买盘
11:29:02	10.98	0.01	2	2196	买盘
11:28:57	10.97	-0.01	39	42783	卖盘
11:28:52	10.98	0.01	33	36234	买盘
11:28:47	10.97	--	85	93245	卖盘
11:28:42	10.97	-0.01	10	10970	卖盘
11:28:37	10.98	0.01	21	23058	买盘
11:28:32	10.97	--	5	5485	买盘
11:28:22	10.97	--	43	47171	买盘
11:28:17	10.97	--	10	10970	买盘
11:28:07	10.97	0.01	36	39492	买盘
11:27:52	10.96	-0.01	10	10960	卖盘
11:27:47	10.97	--	135	148095	买盘
11:27:37	10.97	--	100	109700	买盘
11:27:16	10.97	0.01	100	109700	买盘
11:27:06	10.96	--	10	10960	卖盘
11:27:01	10.96	--	3	3288	卖盘
11:26:51	10.96	--	63	70133	买盘
11:26:46	10.96	--	50	54800	买盘
11:26:41	10.96	--	10	10960	买盘
11:26:36	10.96	-0.01	105	115090	卖盘
11:26:31	10.97	--	1	1097	买盘
11:26:26	10.97	0.01	4	4388	买盘
11:26:21	10.96	0.01	414	454829	买盘
11:26:16	10.95	--	40	43800	买盘
11:26:06	10.95	--	100	109500	买盘
11:26:01	10.95	--	30	32850	买盘
11:25:56	10.95	--	156	170820	买盘
11:25:46	10.95	--	5	5475	买盘
11:25:41	10.95	--	1	1095	买盘
11:25:31	10.95	0.01	252	275940	买盘
11:25:26	10.94	--	56	61264	卖盘
11:25:11	10.94	0.02	87	95582	买盘
11:25:06	10.92	-0.02	2	2184	卖盘
11:25:01	10.94	0.01	301	329294	买盘
11:24:56	10.93	0.01	100	109300	买盘
11:24:41	10.92	--	4	4368	买盘
11:24:26	10.92	--	0	0	买盘
11:24:16	10.92	0.01	427	466284	买盘
11:24:11	10.91	--	10	10910	买盘
11:23:56	10.91	--	258	281478	卖盘
11:23:51	10.91	-0.01	50	54550	卖盘
11:23:46	10.92	--	5	5460	卖盘
11:23:41	10.92	0.02	245	267540	买盘
11:23:26	10.9	--	327	356430	卖盘
11:23:21	10.9	-0.01	2	2180	卖盘
11:23:06	10.91	-0.01	211	230201	卖盘
11:23:01	10.92	-0.01	81	88452	卖盘
11:22:51	10.93	0.01	19	20767	买盘
11:22:46	10.92	-0.01	11	12012	卖盘
11:22:31	10.93	--	89	97353	卖盘
11:22:11	10.93	--	5	5465	卖盘
11:22:01	10.93	--	11	12023	卖盘
11:21:56	10.93	-0.01	1	1093	卖盘
11:21:51	10.94	0.01	10	10940	买盘
11:21:46	10.93	0.01	30	32790	卖盘
11:21:31	10.92	-0.01	200	218400	卖盘
11:21:26	10.93	--	2	2186	卖盘
11:21:21	10.93	0.01	18	19674	买盘
11:21:15	10.92	--	0	0	卖盘
11:21:06	10.92	-0.01	31	33852	卖盘
11:20:35	10.93	-0.01	29	31697	卖盘
11:20:31	10.94	--	43	47042	买盘
11:20:21	10.94	--	35	38290	买盘
11:20:15	10.94	--	1	1094	买盘
11:20:10	10.94	--	15	16410	买盘
11:20:05	10.94	--	2	2188	买盘
11:19:55	10.94	--	3	3282	买盘
11:19:40	10.94	0.02	62	67828	买盘
11:19:30	10.92	-0.01	79	86268	卖盘
11:19:25	10.93	--	17	18581	买盘
11:19:20	10.93	--	54	59022	买盘
11:19:10	10.93	0.01	202	220786	买盘
11:18:55	10.92	--	15	17395	买盘
11:18:45	10.92	0.01	203	221676	买盘
11:18:35	10.91	0.01	21	22911	卖盘
11:18:25	10.9	--	0	0	卖盘
11:18:20	10.9	-0.01	160	174400	卖盘
11:18:00	10.91	--	29	31639	买盘
11:17:55	10.91	--	13	14183	买盘
11:17:50	10.91	--	200	218200	买盘
11:17:15	10.91	0.01	30	32730	买盘
11:17:05	10.9	-0.01	2	2180	卖盘
11:16:35	10.91	0.01	7	7637	买盘
11:16:25	10.9	--	18	19620	卖盘
11:16:05	10.9	--	250	272500	卖盘
11:16:00	10.9	-0.01	2	2180	卖盘
11:15:55	10.91	0.01	21	22911	买盘
11:15:50	10.9	--	11	11990	卖盘
11:14:50	10.9	--	84	91560	买盘
11:14:40	10.9	--	2	2180	买盘
11:14:35	10.9	--	150	163500	卖盘
11:14:24	10.9	-0.01	62	67580	卖盘
11:14:10	10.91	--	3	3273	买盘
11:13:59	10.91	--	95	103645	卖盘
11:13:54	10.91	-0.01	6	6546	卖盘
11:13:49	10.92	0.02	3	3276	买盘
11:13:34	10.9	-0.01	118	128620	卖盘
11:13:24	10.91	0.01	189	206199	买盘
11:13:19	10.9	--	25	27250	卖盘
11:13:14	10.9	-0.01	3	3270	卖盘
11:13:09	10.91	0.01	100	109100	买盘
11:13:04	10.9	--	15	16350	卖盘
11:12:39	10.9	-0.01	318	346620	卖盘
11:12:34	10.91	--	2	2182	买盘
11:12:24	10.91	--	1	1091	买盘
11:12:19	10.91	--	2	2182	买盘
11:12:14	10.91	--	40	43640	买盘
11:11:54	10.91	--	200	218200	买盘
11:11:44	10.91	--	20	21820	买盘
11:11:19	10.91	--	81	88371	买盘
11:10:49	10.91	-0.01	61	66551	卖盘
11:10:44	10.92	0.01	203	221676	买盘
11:10:34	10.91	-0.01	3	3273	卖盘
11:10:29	10.92	0.01	55	60060	买盘
11:10:19	10.91	--	21	22911	卖盘
11:09:59	10.91	-0.01	26	28366	卖盘
11:09:54	10.92	--	1	1092	买盘
11:09:49	10.92	--	37	40404	买盘
11:09:24	10.92	--	72	78624	卖盘
11:09:19	10.92	--	35	38220	卖盘
11:09:04	10.92	-0.01	183	199836	卖盘
11:08:43	10.93	--	168	183624	卖盘
11:08:34	10.93	--	5	5465	卖盘
11:08:28	10.93	--	7	7651	买盘
11:08:23	10.93	--	40	43720	卖盘
11:08:19	10.93	--	65	71045	买盘
11:08:13	10.93	0.01	10	10930	买盘
11:08:08	10.92	-0.01	1	1092	卖盘
11:07:48	10.93	--	2	2186	买盘
11:07:43	10.93	--	56	61208	卖盘
11:07:18	10.93	--	46	50278	买盘
11:07:08	10.93	--	5	5465	买盘
11:07:03	10.93	0.01	1	1093	买盘
11:06:58	10.92	-0.01	43	46956	卖盘
11:06:53	10.93	0.01	2	2186	卖盘
11:06:48	10.92	0.02	14	15288	买盘
11:06:43	10.9	--	0	0	卖盘
11:06:38	10.9	-0.03	100	109000	卖盘
11:06:33	10.93	0.01	72	78696	买盘
11:06:28	10.92	-0.01	10	10920	卖盘
11:06:23	10.93	0.02	10	10930	买盘
11:06:18	10.91	--	61	66551	卖盘
11:06:13	10.91	--	292	318572	卖盘
11:06:03	10.91	--	10	10910	卖盘
11:05:53	10.91	--	5	5455	卖盘
11:05:48	10.91	--	10	10910	卖盘
11:05:43	10.91	--	116	126556	卖盘
11:05:38	10.91	-0.01	2	2182	卖盘
11:05:18	10.92	-0.01	22	24024	卖盘
11:05:08	10.93	--	60	65580	买盘
11:05:02	10.93	--	299	326807	买盘
11:04:58	10.93	-0.01	1319	1441667	卖盘
11:04:53	10.94	--	29	31726	买盘
11:04:47	10.94	--	22	24680	卖盘
11:04:43	10.94	-0.01	35	38290	卖盘
11:04:38	10.95	--	3	3285	买盘
11:04:33	10.95	0.01	10	10950	买盘
11:04:28	10.94	0.01	7	8139	买盘
11:04:23	10.93	-0.01	15	16395	卖盘
11:04:12	10.94	--	22	24068	买盘
11:04:02	10.94	-0.01	27	30150	卖盘
11:03:43	10.95	0.01	12	13621	买盘
11:03:38	10.94	--	82	90320	卖盘
11:03:28	10.94	-0.01	25	27350	卖盘
11:03:18	10.95	--	25	27375	买盘
11:03:02	10.95	--	5	5475	买盘
11:02:53	10.95	--	3	3285	买盘
11:02:48	10.95	0.01	2	2190	买盘
11:02:38	10.94	-0.01	126	138325	卖盘
11:02:32	10.95	--	3	3285	买盘
11:02:28	10.95	0.01	2	2190	买盘
11:02:23	10.94	-0.01	43	47042	卖盘
11:02:17	10.95	--	64	70080	卖盘
11:02:13	10.95	--	92	100740	买盘
11:02:08	10.95	--	168	183960	买盘
11:01:57	10.95	--	1	1095	买盘
11:01:47	10.95	0.01	502	549690	买盘
11:01:42	10.94	--	2	2188	卖盘
11:01:37	10.94	-0.01	7	7658	卖盘
11:01:32	10.95	--	5	5475	买盘
11:01:27	10.95	--	88	96360	买盘
11:01:22	10.95	--	26	28469	买盘
11:01:07	10.95	0.01	2	2190	买盘
11:00:57	10.94	0.01	218	238492	买盘
11:00:52	10.93	-0.01	1	1093	卖盘
11:00:47	10.94	--	3	3282	买盘
11:00:42	10.94	0.01	9	9846	买盘
11:00:37	10.93	--	33	36069	买盘
11:00:27	10.93	--	36	39348	买盘
11:00:22	10.93	-0.01	31	33883	卖盘
11:00:17	10.94	--	3	3282	买盘
11:00:12	10.94	0.01	6	6564	买盘
11:00:07	10.93	--	6	6558	卖盘
11:00:02	10.93	0.01	19	20767	买盘
10:59:52	10.92	-0.01	550	600600	卖盘
10:58:57	10.93	--	10	10930	买盘
10:58:47	10.93	--	80	87440	买盘
10:58:37	10.93	--	99	108207	卖盘
10:58:32	10.93	-0.01	1	1093	卖盘
10:58:26	10.94	0.01	4	4376	买盘
10:58:11	10.93	-0.01	5	5465	卖盘
10:58:07	10.94	--	14	15316	买盘
10:58:02	10.94	0.01	3	3282	买盘
10:57:36	10.93	-0.01	18	19674	卖盘
10:57:26	10.94	--	2	2188	买盘
10:57:11	10.94	--	7	7658	买盘
10:57:06	10.94	--	7	7658	卖盘
10:57:02	10.94	--	105	114870	卖盘
10:56:46	10.94	-0.01	22	24068	卖盘
10:56:36	10.95	--	16	17520	卖盘
10:56:26	10.95	--	1	1095	卖盘
10:56:21	10.95	--	135	147825	买盘
10:56:11	10.95	0.01	69	75555	买盘
10:56:06	10.94	--	6	6564	卖盘
10:55:51	10.94	--	40	43760	卖盘
10:55:26	10.94	--	2	2188	卖盘
10:55:21	10.94	-0.01	5	5470	卖盘
10:55:11	10.95	0.01	210	229949	买盘
10:55:06	10.94	--	60	65640	卖盘
10:55:01	10.94	--	21	22974	卖盘
10:54:36	10.94	--	13	14222	卖盘
10:54:31	10.94	-0.01	22	24068	卖盘
10:54:21	10.95	--	20	21900	买盘
10:54:16	10.95	--	16	17520	买盘
10:54:01	10.95	-0.01	129	141255	卖盘
10:53:51	10.96	0.01	2	2192	买盘
10:53:46	10.95	--	360	394200	买盘
10:53:41	10.95	0.01	199	217905	买盘
10:53:36	10.94	--	41	44854	卖盘
10:53:31	10.94	--	3	3282	卖盘
10:53:21	10.94	--	23	25162	卖盘
10:53:06	10.94	--	3	3282	卖盘
10:52:51	10.94	--	15	16410	卖盘
10:52:46	10.94	-0.01	47	51418	卖盘
10:52:05	10.95	-0.01	43	47085	卖盘
10:52:00	10.96	0.01	112	122752	买盘
10:51:56	10.95	-0.01	10	10950	卖盘
10:51:50	10.96	--	104	113984	买盘
10:51:46	10.96	--	107	117272	买盘
10:51:30	10.96	0.01	20	21920	买盘
10:51:26	10.95	--	117	128114	买盘
10:51:11	10.95	0.02	69	75555	买盘
10:50:56	10.93	-0.01	195	213135	卖盘
10:50:45	10.94	--	0	0	买盘
10:50:41	10.94	0.01	10	10940	买盘
10:50:30	10.93	--	14	15302	买盘
10:50:26	10.93	--	369	403317	买盘
10:50:20	10.93	--	5	5465	买盘
10:50:15	10.93	--	3	3279	买盘
10:50:11	10.93	--	5	5465	买盘
10:50:05	10.93	0.01	6	6558	买盘
10:50:00	10.92	-0.01	28	30576	卖盘
10:49:56	10.93	0.01	9	9837	买盘
10:49:25	10.92	-0.01	14	15288	卖盘
10:49:20	10.93	--	3	3279	买盘
10:49:15	10.93	--	69	75417	买盘
10:49:10	10.93	0.01	6	6558	买盘
10:49:05	10.92	--	5	5460	卖盘
10:48:45	10.92	-0.01	10	10920	卖盘
10:48:25	10.93	0.01	3	3279	买盘
10:48:20	10.92	--	6	6552	卖盘
10:48:10	10.92	--	6	6552	卖盘
10:48:05	10.92	0.01	77	84084	买盘
10:48:00	10.91	--	2	2182	卖盘
10:47:40	10.91	--	0	0	卖盘
10:47:35	10.91	--	1	1091	卖盘
10:47:30	10.91	-0.01	10	10910	卖盘
10:47:25	10.92	0.01	93	101556	买盘
10:47:20	10.91	-0.01	5	5455	卖盘
10:47:10	10.92	--	25	27300	买盘
10:46:40	10.92	--	15	16380	卖盘
10:46:30	10.92	--	15	16380	卖盘
10:46:25	10.92	--	10	10920	卖盘
10:46:20	10.92	--	10	10920	卖盘
10:46:10	10.92	--	30	32760	买盘
10:46:05	10.92	0.01	3	3276	买盘
10:45:50	10.91	--	15	16365	卖盘
10:45:44	10.91	--	10	10910	卖盘
10:45:35	10.91	-0.01	4	4364	卖盘
10:45:14	10.92	0.01	73	79716	买盘
10:45:09	10.91	--	10	10910	卖盘
10:44:54	10.91	--	10	10910	卖盘
10:44:50	10.91	--	78	85098	卖盘
10:44:39	10.91	--	40	43640	卖盘
10:44:34	10.91	--	1	1091	卖盘
10:44:24	10.91	--	10	10910	卖盘
10:44:14	10.91	--	5	5455	卖盘
10:44:09	10.91	--	13	14183	卖盘
10:43:59	10.91	0.01	54	58914	买盘
10:43:44	10.9	-0.01	591	644190	卖盘
10:43:35	10.91	--	10	10910	买盘
10:43:20	10.91	--	45	49095	买盘
10:43:14	10.91	-0.01	358	390578	卖盘
10:43:04	10.92	--	50	54600	买盘
10:42:59	10.92	--	108	117936	卖盘
10:42:44	10.92	--	5	5460	卖盘
10:42:34	10.92	--	4	4368	卖盘
10:42:29	10.92	--	2	2184	卖盘
10:42:24	10.92	-0.01	3	3276	卖盘
10:42:19	10.93	0.01	94	102742	买盘
10:42:09	10.92	--	40	43680	卖盘
10:41:49	10.92	0.01	478	521976	买盘
10:41:39	10.91	-0.01	2	2182	卖盘
10:41:24	10.92	0.01	64	69888	买盘
10:41:14	10.91	--	3	3273	卖盘
10:41:04	10.91	--	35	38185	卖盘
10:40:59	10.91	-0.01	100	109100	卖盘
10:40:54	10.92	--	20	21840	卖盘
10:40:44	10.92	0.01	42	45864	买盘
10:40:29	10.91	--	28	30548	卖盘
10:40:24	10.91	-0.01	10	10910	卖盘
10:40:14	10.92	--	3	3276	买盘
10:40:04	10.92	--	29	31668	卖盘
10:39:59	10.92	-0.01	400	436800	卖盘
10:39:44	10.93	--	165	180345	卖盘
10:39:34	10.93	-0.01	2	2186	卖盘
10:39:29	10.94	--	18	19692	买盘
10:39:19	10.94	0.01	55	60170	买盘
10:38:59	10.93	--	12	13116	买盘
10:38:49	10.93	0.01	28	30604	买盘
10:38:33	10.92	0.01	112	122304	买盘
10:38:23	10.91	--	50	54550	卖盘
10:38:18	10.91	0.01	94	102554	买盘
10:38:14	10.9	-0.01	10	10900	卖盘
10:38:08	10.91	0.01	28	30548	买盘
10:37:48	10.9	0.01	124	135160	买盘
10:37:44	10.89	-0.01	10	10890	卖盘
10:37:33	10.9	0.01	3	3270	买盘
10:37:23	10.89	--	428	466092	买盘
10:37:18	10.89	--	4	4356	买盘
10:37:13	10.89	0.01	14	15246	买盘
10:37:03	10.88	0.01	215	233920	买盘
10:36:53	10.87	--	5	5435	卖盘
10:36:48	10.87	--	36	39132	卖盘
10:36:18	10.87	--	5	5435	卖盘
10:36:13	10.87	--	10	10870	卖盘
10:35:18	10.87	0.02	100	108699	买盘
10:34:58	10.85	--	50	54250	买盘
10:34:48	10.85	--	5	5425	卖盘
10:34:33	10.85	0.01	45	48825	买盘
10:34:28	10.84	--	10	10840	卖盘
10:34:13	10.84	--	0	0	卖盘
10:34:03	10.84	--	0	0	卖盘
10:33:43	10.84	-0.01	40	43360	卖盘
10:33:13	10.85	--	48	52080	买盘
10:32:47	10.85	--	16	17360	卖盘
10:32:27	10.85	--	36	39060	卖盘
10:32:12	10.85	0.02	18	19530	中性盘
10:32:07	10.83	-0.03	279	302157	卖盘
10:31:57	10.86	0.01	36	39096	买盘
10:31:52	10.85	-0.01	10	10850	卖盘
10:31:47	10.86	0.01	8	8688	买盘
10:31:42	10.85	--	1	1085	卖盘
10:31:27	10.85	--	4	4340	卖盘
10:31:12	10.85	-0.01	30	32550	卖盘
10:30:07	10.86	--	9	9774	买盘
10:29:42	10.86	--	30	32580	卖盘
10:29:37	10.86	-0.01	30	32580	卖盘
10:29:07	10.87	-0.01	9	9783	买盘
10:28:42	10.88	--	0	0	买盘
10:28:07	10.88	--	32	34816	买盘
10:27:52	10.88	0.01	30	32640	买盘
10:27:46	10.87	-0.01	2	2174	卖盘
10:27:42	10.88	--	4	4352	买盘
10:27:37	10.88	--	19	20672	买盘
10:27:27	10.88	-0.01	2	2176	买盘
10:27:22	10.89	--	6	6534	卖盘
10:27:16	10.89	--	132	143748	买盘
10:27:07	10.89	0.01	77	83853	买盘
10:27:01	10.88	--	400	435200	卖盘
10:26:46	10.88	-0.01	25	27200	卖盘
10:26:41	10.89	--	5	5445	买盘
10:26:31	10.89	--	116	126324	买盘
10:26:26	10.89	0.01	7	7623	买盘
10:26:06	10.88	-0.01	4	4352	卖盘
10:26:01	10.89	0.01	20	21780	买盘
10:25:51	10.88	--	39	42432	卖盘
10:25:46	10.88	--	73	79424	买盘
10:25:26	10.88	--	394	428672	买盘
10:25:21	10.88	--	5	5440	买盘
10:25:16	10.88	--	5	5440	买盘
10:25:11	10.88	--	5	5440	买盘
10:25:06	10.88	--	5	5440	买盘
10:24:56	10.88	--	0	0	买盘
10:24:46	10.88	0.01	300	326400	买盘
10:24:06	10.87	0.01	4	4348	买盘
10:24:01	10.86	-0.01	3	3258	卖盘
10:23:56	10.87	--	3	3260	买盘
10:23:51	10.87	0.01	173	188051	买盘
10:23:46	10.86	--	3	3258	买盘
10:23:41	10.86	--	5	5430	买盘
10:23:36	10.86	--	16	17376	买盘
10:23:31	10.86	--	5	5430	买盘
10:23:26	10.86	--	5	5430	买盘
10:23:21	10.86	0.01	22	23892	买盘
10:23:16	10.85	-0.01	39	42315	卖盘
10:22:56	10.86	--	23	24978	买盘
10:22:51	10.86	0.01	9	9774	买盘
10:22:46	10.85	-0.01	17	18445	卖盘
10:22:41	10.86	--	31	33666	买盘
10:22:36	10.86	--	20	21720	买盘
10:22:31	10.86	--	9	9774	买盘
10:22:25	10.86	0.01	3	3258	买盘
10:22:21	10.85	--	10	10850	卖盘
10:22:16	10.85	--	90	97650	卖盘
10:21:55	10.85	--	4	4340	卖盘
10:21:36	10.85	--	2	2170	卖盘
10:21:31	10.85	--	45	48825	卖盘
10:21:25	10.85	-0.01	36	39060	卖盘
10:21:10	10.86	--	3	3258	买盘
10:21:06	10.86	-0.01	188	204168	卖盘
10:20:55	10.87	0.01	59	64132	买盘
10:20:46	10.86	--	32	34752	卖盘
10:20:16	10.86	-0.01	9	9774	卖盘
10:20:10	10.87	0.01	5	5435	买盘
10:20:01	10.86	--	2	2172	卖盘
10:19:45	10.86	--	50	54300	卖盘
10:19:40	10.86	--	142	154212	买盘
10:19:10	10.86	--	33	35838	卖盘
10:19:05	10.86	0.01	9	9774	买盘
10:19:00	10.85	-0.01	6	6510	卖盘
10:18:50	10.86	-0.01	87	94482	卖盘
10:18:45	10.87	0.01	50	54349	买盘
10:18:40	10.86	-0.01	20	21720	卖盘
10:18:30	10.87	--	43	46741	卖盘
10:18:25	10.87	--	8	8696	买盘
10:18:15	10.87	--	9	9783	买盘
10:18:05	10.87	--	10	10870	买盘
10:18:00	10.87	--	4	4348	买盘
10:17:50	10.87	--	10	10870	买盘
10:17:45	10.87	--	10	10870	买盘
10:17:40	10.87	--	15	16304	买盘
10:17:15	10.87	--	16	17392	买盘
10:17:10	10.87	0.01	8	8696	买盘
10:17:00	10.86	-0.01	3	3258	卖盘
10:16:55	10.87	0.01	215	233704	买盘
10:16:45	10.86	--	78	84708	买盘
10:16:40	10.86	--	11	11946	买盘
10:16:35	10.86	-0.01	64	69504	卖盘
10:16:30	10.87	--	11	11957	买盘
10:16:25	10.87	--	3	3260	买盘
10:16:20	10.87	--	29	31522	买盘
10:16:15	10.87	--	9	9783	买盘
10:16:10	10.87	-0.01	24	26087	卖盘
10:16:05	10.88	-0.01	2	2176	卖盘
10:16:00	10.89	0.01	72	78408	买盘
10:15:55	10.88	--	46	50048	买盘
10:15:49	10.88	--	7	7616	买盘
10:15:45	10.88	0.03	30	32640	买盘
10:15:30	10.85	-0.03	5	5425	卖盘
10:15:25	10.88	0.02	183	199104	买盘
10:15:15	10.86	--	10	10860	买盘
10:15:10	10.86	0.01	16	17376	卖盘
10:14:55	10.85	--	4	4340	买盘
10:14:49	10.85	0.01	24	26040	买盘
10:14:45	10.84	--	0	0	买盘
10:14:40	10.84	-0.03	5	5420	卖盘
10:14:34	10.87	0.02	400	434799	买盘
10:14:25	10.85	0.01	5	5425	买盘
10:14:19	10.84	-0.01	3	3252	卖盘
10:14:15	10.85	--	4	4340	买盘
10:14:10	10.85	--	0	0	买盘
10:13:59	10.85	--	4	4340	买盘
10:13:55	10.85	0.03	5	5425	买盘
10:13:49	10.82	--	26	28792	买盘
10:13:44	10.82	--	71	76822	买盘
10:13:40	10.82	--	50	54100	买盘
10:13:34	10.82	--	31	33542	买盘
10:13:29	10.82	--	71	76822	买盘
10:13:24	10.82	--	27	29214	买盘
10:13:19	10.82	0.02	5	5410	买盘
10:13:14	10.8	-0.02	187	201960	卖盘
10:13:10	10.82	0.01	291	314862	买盘
10:12:59	10.81	--	57	61617	买盘
10:12:54	10.81	--	6	6486	买盘
10:12:39	10.81	--	5	5405	买盘
10:12:34	10.81	--	5	5405	买盘
10:12:29	10.81	--	15	16215	买盘
10:12:24	10.81	--	6	6486	买盘
10:12:19	10.81	--	10	10810	买盘
10:12:14	10.81	0.01	5	5405	买盘
10:12:09	10.8	0.02	177	191160	买盘
10:12:04	10.78	-0.02	201	216678	卖盘
10:11:59	10.8	--	25	27000	买盘
10:11:54	10.8	0.02	385	415800	买盘
10:11:49	10.78	--	5	5390	买盘
10:11:44	10.78	--	5	5390	买盘
10:11:39	10.78	0.01	452	487256	买盘
10:11:34	10.77	--	19	20463	买盘
10:11:24	10.77	--	5	5385	买盘
10:11:19	10.77	--	1	1077	买盘
10:11:14	10.77	--	16	17232	买盘
10:11:09	10.77	--	33	35541	买盘
10:11:04	10.77	0.02	4	4308	买盘
10:10:59	10.75	-0.02	60	64500	卖盘
10:10:54	10.77	0.02	11	11847	买盘
10:10:49	10.75	-0.01	181	194575	卖盘
10:10:39	10.76	-0.01	14	15064	卖盘
10:10:34	10.77	--	2	2154	买盘
10:10:24	10.77	--	10	10770	买盘
10:10:04	10.77	--	20	21540	买盘
10:09:39	10.77	0.01	5	5385	买盘
10:09:34	10.76	0.01	10	10760	卖盘
10:09:04	10.75	-0.01	111	119325	卖盘
10:08:54	10.76	--	0	0	买盘
10:08:34	10.76	--	22	23672	卖盘
10:08:23	10.76	--	10	10760	卖盘
10:07:58	10.76	0.02	31	33356	卖盘
10:07:54	10.74	--	0	0	卖盘
10:07:49	10.74	-0.03	100	107400	卖盘
10:07:19	10.77	0.03	3	3231	买盘
10:07:03	10.74	--	10	10740	卖盘
10:06:53	10.74	-0.04	11	11814	卖盘
10:06:43	10.78	--	0	0	买盘
10:06:33	10.78	0.01	703	757834	买盘
10:06:18	10.77	--	3	3231	卖盘
10:06:13	10.77	--	28	30156	卖盘
10:06:03	10.77	-0.01	30	32310	买盘
10:05:58	10.78	--	0	0	买盘
10:05:53	10.78	0.01	54	58212	买盘
10:05:43	10.77	--	0	0	中性盘
10:05:38	10.77	--	20	21540	卖盘
10:05:33	10.77	--	70	75390	卖盘
10:05:28	10.77	--	5	5385	卖盘
10:05:23	10.77	--	3	3231	卖盘
10:05:13	10.77	--	7	7539	卖盘
10:05:03	10.77	--	11	11847	卖盘
10:04:58	10.77	--	22	23694	卖盘
10:04:53	10.77	--	40	43080	卖盘
10:04:48	10.77	-0.01	5	5385	卖盘
10:04:43	10.78	0.01	5	5390	买盘
10:04:28	10.77	--	105	113085	卖盘
10:04:18	10.77	--	10	10770	卖盘
10:04:13	10.77	-0.01	50	53850	卖盘
10:04:08	10.78	0.01	49	52822	买盘
10:04:03	10.77	--	20	21540	卖盘
10:03:53	10.77	--	140	150780	卖盘
10:03:48	10.77	--	23	24771	卖盘
10:03:43	10.77	-0.01	8	8616	卖盘
10:03:38	10.78	--	19	20482	卖盘
10:03:33	10.78	--	87	93786	卖盘
10:03:28	10.78	--	307	330946	卖盘
10:03:13	10.78	-0.01	3	3234	卖盘
10:03:07	10.79	--	30	32369	买盘
10:02:58	10.79	--	23	24816	卖盘
10:02:52	10.79	--	25	26974	卖盘
10:02:48	10.79	--	30	32369	卖盘
10:02:28	10.79	--	60	64739	卖盘
10:02:07	10.79	-0.01	16	17264	卖盘
10:01:52	10.8	--	2	2160	买盘
10:01:28	10.8	0.01	20	21600	买盘
10:01:22	10.79	--	9	9711	卖盘
10:01:13	10.79	--	7	7552	卖盘
10:01:07	10.79	-0.01	14	15105	卖盘
10:00:52	10.8	--	42	45360	买盘
10:00:43	10.8	0.01	20	21600	买盘
10:00:28	10.79	-0.01	10	10790	卖盘
10:00:07	10.8	0.02	40	43200	买盘
09:59:52	10.78	--	47	50666	买盘
09:59:42	10.78	--	18	19404	买盘
09:59:37	10.78	--	6	6468	买盘
09:59:32	10.78	--	5	5390	买盘
09:59:27	10.78	-0.01	329	354662	卖盘
09:59:22	10.79	--	28	30211	买盘
09:59:07	10.79	0.01	10	10790	买盘
09:58:57	10.78	--	20	21560	卖盘
09:58:47	10.78	-0.01	88	94864	卖盘
09:58:37	10.79	--	46	49633	卖盘
09:58:32	10.79	--	160	172640	卖盘
09:58:22	10.79	--	4	4316	卖盘
09:58:02	10.79	--	24	25895	卖盘
09:57:47	10.79	-0.01	38	41002	卖盘
09:57:27	10.8	--	10	10800	买盘
09:57:22	10.8	--	27	29160	买盘
09:57:07	10.8	0.01	100	108000	买盘
09:57:01	10.79	-0.01	20	21580	卖盘
09:56:57	10.8	--	5	5400	买盘
09:56:52	10.8	0.01	3	3240	买盘
09:56:37	10.79	--	100	107899	卖盘
09:56:27	10.79	0.01	39	42081	买盘
09:56:22	10.78	-0.01	146	157388	卖盘
09:56:12	10.79	--	26	28053	买盘
09:56:01	10.79	--	41	44239	卖盘
09:55:42	10.79	--	123	132717	卖盘
09:55:31	10.79	--	5	5395	卖盘
09:55:27	10.79	--	97	104662	卖盘
09:55:22	10.79	-0.01	40	43160	卖盘
09:55:11	10.8	--	6	6480	买盘
09:55:07	10.8	--	12	12960	买盘
09:54:56	10.8	--	64	69120	卖盘
09:54:52	10.8	--	36	38880	买盘
09:54:46	10.8	--	134	144720	卖盘
09:54:37	10.8	--	9	9720	卖盘
09:54:26	10.8	--	32	34560	卖盘
09:54:22	10.8	--	20	21600	买盘
09:54:16	10.8	--	154	166320	卖盘
09:54:06	10.8	-0.01	635	685800	卖盘
09:54:01	10.81	-0.01	1	1081	中性盘
09:53:36	10.82	0.01	29	31378	买盘
09:53:31	10.81	--	1	1081	卖盘
09:53:26	10.81	--	2	2162	卖盘
09:53:16	10.81	-0.01	2	2162	买盘
09:53:11	10.82	0.01	50	54100	买盘
09:53:06	10.81	--	37	39997	卖盘
09:53:01	10.81	--	2	2162	卖盘
09:52:56	10.81	--	4	4324	卖盘
09:52:51	10.81	--	50	54050	卖盘
09:52:46	10.81	--	2	2162	卖盘
09:52:41	10.81	-0.01	60	64860	卖盘
09:52:31	10.82	0.01	1	1082	买盘
09:52:01	10.81	-0.01	30	32430	卖盘
09:51:56	10.82	0.01	1	1082	买盘
09:51:51	10.81	--	5	5405	卖盘
09:51:46	10.81	--	0	0	卖盘
09:51:36	10.81	--	51	55131	卖盘
09:51:31	10.81	-0.01	1	1081	卖盘
09:51:26	10.82	--	65	70330	卖盘
09:51:16	10.82	--	10	10820	卖盘
09:51:06	10.82	--	1	1082	卖盘
09:51:01	10.82	-0.01	10	10820	卖盘
09:50:51	10.83	0.01	30	32490	买盘
09:50:36	10.82	--	7	7574	卖盘
09:50:31	10.82	-0.01	3	3246	卖盘
09:50:21	10.83	0.01	2	2166	买盘
09:50:10	10.82	--	8	8656	卖盘
09:50:06	10.82	--	24	25968	买盘
09:50:01	10.82	--	7	7574	买盘
09:49:55	10.82	0.01	20	21640	买盘
09:49:51	10.81	--	44	47564	卖盘
09:49:46	10.81	--	9	9729	卖盘
09:49:40	10.81	-0.01	15	16215	卖盘
09:49:36	10.82	--	1	1082	卖盘
09:49:31	10.82	--	11	11902	卖盘
09:49:25	10.82	--	6	6492	卖盘
09:49:16	10.82	0.01	5	5410	中性盘
09:49:10	10.81	--	155	167555	卖盘
09:49:06	10.81	--	81	87561	卖盘
09:48:55	10.81	--	8	8648	卖盘
09:48:40	10.81	--	22	23782	卖盘
09:48:31	10.81	-0.01	179	193499	卖盘
09:48:25	10.82	--	2	2164	卖盘
09:48:16	10.82	-0.01	35	37870	卖盘
09:48:05	10.83	--	135	146205	卖盘
09:48:00	10.83	--	22	23826	卖盘
09:47:55	10.83	--	34	36822	卖盘
09:47:45	10.83	0.01	63	68229	买盘
09:47:40	10.82	--	26	28132	卖盘
09:47:35	10.82	-0.01	8	8656	卖盘
09:47:30	10.83	--	13	14079	买盘
09:47:25	10.83	--	74	80142	买盘
09:47:15	10.83	0.01	58	62814	买盘
09:47:10	10.82	-0.01	9	9738	卖盘
09:47:05	10.83	--	3	3249	买盘
09:46:50	10.83	--	54	58482	买盘
09:46:45	10.83	0.01	9	9747	买盘
09:46:40	10.82	-0.01	1	1082	卖盘
09:46:25	10.83	0.01	20	21660	买盘
09:46:10	10.82	--	1	1082	卖盘
09:46:00	10.82	--	70	75740	卖盘
09:45:45	10.82	--	15	16230	卖盘
09:45:40	10.82	0.01	83	89806	买盘
09:45:25	10.81	--	41	44321	卖盘
09:45:15	10.81	--	0	0	卖盘
09:45:10	10.81	-0.01	26	28106	卖盘
09:45:05	10.82	--	1	1082	卖盘
09:45:00	10.82	0.01	40	43280	买盘
09:44:55	10.81	--	26	28106	卖盘
09:44:40	10.81	--	22	23782	卖盘
09:44:30	10.81	-0.01	122	131882	卖盘
09:44:25	10.82	--	15	16230	卖盘
09:44:15	10.82	0.01	120	129840	中性盘
09:44:10	10.81	--	16	17296	卖盘
09:44:00	10.81	-0.02	36	38916	卖盘
09:43:55	10.83	0.01	48	51984	买盘
09:43:49	10.82	--	1	1082	卖盘
09:43:45	10.82	--	8	8656	卖盘
09:43:40	10.82	--	16	17312	卖盘
09:43:34	10.82	--	13	14066	卖盘
09:43:30	10.82	--	22	23804	卖盘
09:43:19	10.82	-0.01	5	5410	卖盘
09:43:15	10.83	--	2	2166	买盘
09:43:04	10.83	0.01	17	18411	买盘
09:42:49	10.82	-0.01	18	19476	卖盘
09:42:40	10.83	0.01	2	2166	买盘
09:42:25	10.82	--	4	4328	卖盘
09:42:14	10.82	--	11	11902	卖盘
09:42:04	10.82	--	63	68166	卖盘
09:41:19	10.82	-0.01	92	99544	卖盘
09:41:09	10.83	0.01	16	17328	买盘
09:40:34	10.82	-0.01	10	10820	卖盘
09:40:29	10.83	0.01	20	21660	买盘
09:40:19	10.82	--	2	2164	卖盘
09:40:09	10.82	--	34	36788	卖盘
09:39:59	10.82	--	7	7574	卖盘
09:39:54	10.82	-0.01	7	7574	卖盘
09:39:49	10.83	0.01	42	45486	买盘
09:39:44	10.82	--	6	6492	卖盘
09:39:39	10.82	--	48	51936	卖盘
09:39:34	10.82	--	8	8656	卖盘
09:39:29	10.82	-0.01	10	10820	卖盘
09:39:24	10.83	0.01	3	3249	买盘
09:39:19	10.82	--	29	31378	卖盘
09:39:09	10.82	--	1	1082	卖盘
09:39:04	10.82	--	32	34624	卖盘
09:38:59	10.82	--	4	4328	卖盘
09:38:54	10.82	-0.01	28	30296	卖盘
09:38:49	10.83	--	12	12996	卖盘
09:38:44	10.83	--	15	16245	买盘
09:38:39	10.83	--	18	19494	买盘
09:38:19	10.83	-0.01	94	101802	卖盘
09:38:09	10.84	0.01	3	3252	买盘
09:38:04	10.83	--	37	40071	卖盘
09:37:54	10.83	--	5	5415	卖盘
09:37:49	10.83	--	0	0	卖盘
09:37:43	10.83	-0.01	5	5415	卖盘
09:37:39	10.84	--	13	14092	卖盘
09:37:34	10.84	0.01	6	6504	中性盘
09:37:28	10.83	--	10	10830	卖盘
09:37:24	10.83	-0.02	5	5415	卖盘
09:37:19	10.85	0.01	168	182280	买盘
09:37:13	10.84	--	19	20596	卖盘
09:37:09	10.84	-0.01	105	113820	卖盘
09:37:04	10.85	--	15	16275	买盘
09:36:54	10.85	-0.02	50	54250	卖盘
09:36:23	10.87	--	0	0	买盘
09:36:13	10.87	0.03	60	65219	买盘
09:36:08	10.84	-0.03	90	97560	卖盘
09:35:58	10.87	--	5	5435	买盘
09:35:53	10.87	--	0	0	买盘
09:35:33	10.87	-0.01	3	3260	卖盘
09:35:18	10.88	0.01	18	19584	买盘
09:35:13	10.87	--	1	1087	卖盘
09:35:03	10.87	0.04	98	106525	买盘
09:34:53	10.83	-0.02	1	1083	卖盘
09:34:48	10.85	--	5	5425	买盘
09:34:28	10.85	--	0	0	买盘
09:34:23	10.85	--	31	33635	卖盘
09:34:13	10.85	--	11	11935	买盘
09:34:03	10.85	--	8	8680	卖盘
09:33:48	10.85	--	49	53165	卖盘
09:33:38	10.85	0.04	43	46655	买盘
09:33:13	10.81	--	2	2162	卖盘
09:33:08	10.81	-0.02	10	10810	卖盘
09:33:03	10.83	0.02	5	5415	卖盘
09:32:57	10.81	--	1	1081	卖盘
09:32:53	10.81	-0.04	15	16215	卖盘
09:32:38	10.85	0.04	22	23870	买盘
09:32:33	10.81	-0.04	38	41078	卖盘
09:32:28	10.85	--	66	71610	卖盘
09:32:18	10.85	-0.01	57	61845	卖盘
09:32:13	10.86	-0.02	15	16290	卖盘
09:32:08	10.88	0.02	15	16320	买盘
09:32:03	10.86	-0.02	12	13032	买盘
09:31:48	10.88	0.03	18	19584	买盘
09:31:28	10.85	--	2	2170	卖盘
09:31:18	10.85	--	2	2170	卖盘
09:31:03	10.85	--	12	13020	卖盘
09:30:57	10.85	--	3	3255	卖盘
09:30:48	10.85	0.01	1	1085	卖盘
09:30:37	10.84	--	26	28184	买盘
09:30:13	10.84	0.03	1	1084	买盘
09:30:07	10.81	--	115	124315	买盘
09:28:49	10.81	--	0	0	买盘
09:25:07	10.81	10.81	140	151340	买盘
