成交时间	成交价	价格变动	成交量(手)	成交额(元)	性质
15:00:00	3.49	--	0	0	卖盘
15:00:00	3.49	-0.01	0	0	卖盘
15:00:00	3.5	0.01	500	175000	买盘
14:59:58	3.49	-0.01	1331	464519	卖盘
14:59:52	3.5	--	86	30100	买盘
14:59:48	3.5	--	1938	678300	买盘
14:59:43	3.5	--	20	7000	买盘
14:59:37	3.5	0.01	798	279300	买盘
14:59:33	3.49	-0.01	372	129828	卖盘
14:59:28	3.5	0.01	39	13650	买盘
14:59:22	3.49	--	291	101559	卖盘
14:59:18	3.49	-0.01	498	173802	卖盘
14:59:13	3.5	--	194	67900	买盘
14:59:07	3.5	--	976	341600	买盘
14:59:03	3.5	0.01	441	154350	买盘
14:58:58	3.49	-0.01	487	169963	卖盘
14:58:52	3.5	--	167	58450	买盘
14:58:47	3.5	--	3090	1081500	买盘
14:58:43	3.5	--	67	23450	买盘
14:58:37	3.5	--	454	158900	买盘
14:58:33	3.5	--	997	348950	买盘
14:58:28	3.5	--	133	46550	买盘
14:58:22	3.5	0.01	84	29400	买盘
14:58:18	3.49	--	111	38739	卖盘
14:58:13	3.49	-0.01	193	67357	卖盘
14:58:07	3.5	--	270	94500	买盘
14:58:03	3.5	--	230	80500	买盘
14:57:58	3.5	--	1012	354200	买盘
14:57:52	3.5	--	89	31150	买盘
14:57:48	3.5	0.01	180	63000	买盘
14:57:37	3.49	--	691	241159	卖盘
14:57:33	3.49	-0.01	667	232783	卖盘
14:57:28	3.5	0.01	10	3500	买盘
14:57:22	3.49	-0.01	27	9423	卖盘
14:57:18	3.5	--	465	162750	买盘
14:57:13	3.5	--	68	23800	买盘
14:57:07	3.5	--	295	103250	买盘
14:57:02	3.5	0.01	496	173600	买盘
14:56:58	3.49	--	219	76431	卖盘
14:56:52	3.49	-0.01	2193	765357	卖盘
14:56:48	3.5	0.01	81	28350	买盘
14:56:37	3.49	-0.01	823	287227	卖盘
14:56:33	3.5	0.01	200	70000	买盘
14:56:27	3.49	--	75	26175	卖盘
14:56:22	3.49	--	56	19544	卖盘
14:56:18	3.49	0.01	1011	353013	买盘
14:56:12	3.48	-0.01	975	339300	卖盘
14:56:07	3.49	--	945	329805	买盘
14:56:03	3.49	--	1339	467311	买盘
14:55:57	3.49	--	1309	456841	买盘
14:55:52	3.49	--	1264	441136	买盘
14:55:47	3.49	--	1466	511634	买盘
14:55:42	3.49	--	1098	383202	买盘
14:55:37	3.49	0.01	11551	4031299	买盘
14:55:32	3.48	--	1023	356004	卖盘
14:55:27	3.48	-0.01	69	24012	卖盘
14:55:22	3.49	--	2578	899722	买盘
14:55:16	3.49	--	333	116217	买盘
14:55:12	3.49	--	1180	411820	买盘
14:55:07	3.49	--	1595	556655	买盘
14:55:01	3.49	--	569	198581	买盘
14:54:57	3.49	--	69	24081	买盘
14:54:52	3.49	--	641	223709	买盘
14:54:46	3.49	--	210	73290	买盘
14:54:42	3.49	0.01	51	17799	买盘
14:54:37	3.48	-0.01	361	125628	卖盘
14:54:31	3.49	--	350	122150	买盘
14:54:27	3.49	--	100	34900	买盘
14:54:22	3.49	--	1064	371336	买盘
14:54:16	3.49	--	1129	394021	买盘
14:54:12	3.49	0.01	35	12215	买盘
14:54:07	3.48	-0.01	575	200100	卖盘
14:54:01	3.49	--	489	170661	买盘
14:53:57	3.49	--	1335	465915	买盘
14:53:52	3.49	--	1077	375873	买盘
14:53:46	3.49	--	4247	1482203	买盘
14:53:42	3.49	--	69	24081	买盘
14:53:37	3.49	--	115	40135	买盘
14:53:31	3.49	--	6652	2321548	买盘
14:53:27	3.49	--	10	3490	买盘
14:53:22	3.49	0.01	4007	1398443	买盘
14:53:16	3.48	-0.01	298	103704	卖盘
14:53:12	3.49	0.01	84	29316	买盘
14:53:07	3.48	-0.01	1140	396720	卖盘
14:53:01	3.49	--	459	160191	买盘
14:52:57	3.49	--	76	26524	买盘
14:52:52	3.49	--	5	1745	买盘
14:52:46	3.49	--	279	97371	买盘
14:52:42	3.49	--	408	142392	买盘
14:52:37	3.49	--	36	12564	买盘
14:52:31	3.49	--	441	153909	买盘
14:52:27	3.49	0.01	113	39437	买盘
14:52:22	3.48	--	37	12876	卖盘
14:52:16	3.48	-0.01	128	44544	卖盘
14:52:11	3.49	0.01	78	27222	买盘
14:52:07	3.48	-0.01	103	35844	卖盘
14:52:01	3.49	--	120	41880	买盘
14:51:56	3.49	0.01	160	55840	买盘
14:51:52	3.48	--	108	37584	卖盘
14:51:46	3.48	-0.01	187	65076	卖盘
14:51:42	3.49	0.01	359	125291	买盘
14:51:37	3.48	-0.01	621	216108	卖盘
14:51:31	3.49	0.01	443	154781	买盘
14:51:27	3.48	-0.01	1301	452748	卖盘
14:51:22	3.49	0.01	3	1047	买盘
14:51:16	3.48	--	271	94308	卖盘
14:51:11	3.48	-0.01	188	65424	卖盘
14:51:07	3.49	0.01	15	5235	买盘
14:51:01	3.48	-0.01	84	29232	卖盘
14:50:57	3.49	0.01	214	74686	买盘
14:50:52	3.48	-0.01	37	12876	卖盘
14:50:46	3.49	--	95	33158	买盘
14:50:41	3.49	0.01	439	153211	买盘
14:50:37	3.48	--	28	9744	卖盘
14:50:31	3.48	-0.01	93	32364	卖盘
14:50:27	3.49	0.01	52	18148	买盘
14:50:22	3.48	-0.01	152	52896	卖盘
14:50:16	3.49	0.01	155	54095	买盘
14:50:11	3.48	-0.01	104	36192	卖盘
14:50:07	3.49	0.01	10	3490	买盘
14:50:01	3.48	--	128	44544	卖盘
14:49:56	3.48	-0.01	661	230028	卖盘
14:49:52	3.49	0.01	19	6631	买盘
14:49:46	3.48	--	611	212628	卖盘
14:49:42	3.48	--	202	70296	卖盘
14:49:37	3.48	--	12	4176	卖盘
14:49:31	3.48	-0.01	135	46980	卖盘
14:49:27	3.49	--	62	21638	买盘
14:49:21	3.49	--	103	35947	买盘
14:49:16	3.49	0.01	16	5584	买盘
14:49:11	3.48	--	429	149292	卖盘
14:49:06	3.48	-0.01	505	175740	卖盘
14:49:01	3.49	--	254	88646	买盘
14:48:56	3.49	0.01	213	74337	买盘
14:48:51	3.48	--	28	9744	卖盘
14:48:46	3.48	-0.01	232	80736	卖盘
14:48:42	3.49	0.01	708	247092	买盘
14:48:36	3.48	-0.01	113	39324	卖盘
14:48:31	3.49	--	196	68404	买盘
14:48:26	3.49	--	308	107492	买盘
14:48:21	3.49	--	1	349	买盘
14:48:16	3.49	0.01	248	86552	买盘
14:48:10	3.48	-0.01	249	86652	卖盘
14:48:06	3.49	0.01	425	148325	买盘
14:48:01	3.48	--	87	30276	卖盘
14:47:55	3.48	--	112	38976	卖盘
14:47:51	3.48	-0.01	71	24708	卖盘
14:47:46	3.49	--	88	30712	买盘
14:47:40	3.49	0.01	405	141345	买盘
14:47:36	3.48	-0.01	134	46632	卖盘
14:47:31	3.49	0.01	50	17450	买盘
14:47:25	3.48	--	162	56376	卖盘
14:47:21	3.48	--	973	338604	卖盘
14:47:16	3.48	-0.01	601	209148	卖盘
14:47:10	3.49	0.01	621	216729	买盘
14:47:06	3.48	--	160	55680	卖盘
14:47:01	3.48	-0.01	334	116232	卖盘
14:46:55	3.49	--	1569	547581	买盘
14:46:51	3.49	--	165	57585	买盘
14:46:46	3.49	0.01	105	36645	买盘
14:46:40	3.48	--	878	305544	卖盘
14:46:36	3.48	--	10	3480	卖盘
14:46:31	3.48	--	149	51852	卖盘
14:46:25	3.48	-0.01	566	196968	卖盘
14:46:21	3.49	0.01	36	12564	买盘
14:46:16	3.48	--	203	70644	卖盘
14:46:10	3.48	-0.01	1637	569676	卖盘
14:46:06	3.49	--	142	49558	买盘
14:46:01	3.49	0.01	12	4188	买盘
14:45:55	3.48	--	325	113100	卖盘
14:45:51	3.48	--	141	49068	卖盘
14:45:46	3.48	--	493	171564	卖盘
14:45:40	3.48	-0.01	276	96048	卖盘
14:45:36	3.49	0.01	1207	421243	买盘
14:45:31	3.48	--	3	1044	卖盘
14:45:25	3.48	--	311	108228	卖盘
14:45:20	3.48	--	26	9048	卖盘
14:45:16	3.48	--	6	2088	卖盘
14:45:10	3.48	--	403	140244	卖盘
14:45:05	3.48	--	795	276660	卖盘
14:44:55	3.48	--	51	17748	卖盘
14:44:50	3.48	-0.01	31	10788	卖盘
14:44:46	3.49	0.01	50	17450	买盘
14:44:40	3.48	--	447	155556	卖盘
14:44:35	3.48	--	268	93264	卖盘
14:44:31	3.48	--	195	67860	卖盘
14:44:25	3.48	-0.01	403	140244	卖盘
14:44:20	3.49	0.01	573	199977	买盘
14:44:16	3.48	--	10	3480	卖盘
14:44:10	3.48	--	165	57420	卖盘
14:44:05	3.48	-0.01	252	87696	卖盘
14:44:01	3.49	--	288	100512	买盘
14:43:55	3.49	0.01	539	188111	买盘
14:43:50	3.48	-0.01	328	114144	卖盘
14:43:46	3.49	0.01	42	14658	买盘
14:43:40	3.48	--	716	249168	卖盘
14:43:35	3.48	--	111	38628	卖盘
14:43:31	3.48	--	79	27492	卖盘
14:43:25	3.48	-0.01	487	169476	卖盘
14:43:20	3.49	0.01	550	191950	买盘
14:43:10	3.48	--	53	18444	卖盘
14:43:05	3.48	--	780	271440	卖盘
14:43:01	3.48	-0.01	38	13224	卖盘
14:42:55	3.49	--	160	55840	买盘
14:42:50	3.49	0.01	152	53048	买盘
14:42:46	3.48	-0.01	111	38628	卖盘
14:42:40	3.49	--	178	62122	买盘
14:42:35	3.49	--	1430	499070	买盘
14:42:31	3.49	--	43	15007	买盘
14:42:25	3.49	--	598	208702	买盘
14:42:20	3.49	0.01	457	159493	买盘
14:42:15	3.48	-0.01	5	1740	卖盘
14:42:10	3.49	0.01	188	65612	买盘
14:42:05	3.48	--	31	10788	卖盘
14:42:00	3.48	--	42	14616	卖盘
14:41:55	3.48	-0.01	345	120060	卖盘
14:41:50	3.49	--	156	54444	买盘
14:41:45	3.49	0.01	100	34900	买盘
14:41:40	3.48	--	176	61248	卖盘
14:41:35	3.48	--	52	18096	卖盘
14:41:30	3.48	-0.01	162	56376	卖盘
14:41:25	3.49	0.01	1019	355631	买盘
14:41:20	3.48	--	20	6960	卖盘
14:41:15	3.48	--	79	27492	卖盘
14:41:10	3.48	--	40	13920	卖盘
14:41:05	3.48	--	115	40020	卖盘
14:41:00	3.48	-0.01	200	69600	卖盘
14:40:55	3.49	0.01	24	8376	买盘
14:40:49	3.48	-0.01	370	128760	卖盘
14:40:40	3.49	0.01	161	56189	买盘
14:40:34	3.48	--	334	116232	卖盘
14:40:25	3.48	--	408	141984	卖盘
14:40:19	3.48	-0.01	47	16356	卖盘
14:40:15	3.49	0.01	92	32108	买盘
14:40:10	3.48	-0.01	49	17052	卖盘
14:40:04	3.49	--	146	50954	买盘
14:39:55	3.49	--	48	16752	买盘
14:39:49	3.49	--	179	62471	买盘
14:39:45	3.49	--	70	24430	买盘
14:39:40	3.49	0.01	546	190728	买盘
14:39:34	3.48	--	142	49416	卖盘
14:39:30	3.48	--	59	20532	卖盘
14:39:25	3.48	--	161	56028	卖盘
14:39:19	3.48	-0.01	48	16704	卖盘
14:39:15	3.49	0.01	30	10470	买盘
14:39:10	3.48	-0.01	184	64032	卖盘
14:39:04	3.49	--	105	36645	买盘
14:39:00	3.49	--	49	17101	买盘
14:38:55	3.49	--	10	3490	买盘
14:38:49	3.49	0.01	104	36296	买盘
14:38:45	3.48	--	104	36192	卖盘
14:38:40	3.48	--	15	5220	卖盘
14:38:34	3.48	--	145	50460	卖盘
14:38:30	3.48	-0.01	219	76212	卖盘
14:38:25	3.49	--	10	3490	买盘
14:38:19	3.49	--	427	149023	买盘
14:38:14	3.49	--	103	35947	买盘
14:38:10	3.49	--	23	8027	买盘
14:38:04	3.49	--	361	125989	买盘
14:37:59	3.49	--	126	43974	买盘
14:37:55	3.49	--	226	78874	买盘
14:37:49	3.49	0.01	7	2443	买盘
14:37:44	3.48	-0.01	82	28536	卖盘
14:37:40	3.49	0.01	5	1745	买盘
14:37:34	3.48	-0.01	40	13920	卖盘
14:37:29	3.49	0.01	799	278851	买盘
14:37:25	3.48	--	35	12180	卖盘
14:37:14	3.48	--	440	153120	卖盘
14:37:10	3.48	--	32	11136	卖盘
14:37:04	3.48	--	805	280140	卖盘
14:36:55	3.48	-0.01	1	348	卖盘
14:36:49	3.49	0.01	56	19544	买盘
14:36:44	3.48	--	45	15660	卖盘
14:36:40	3.48	-0.01	178	61944	卖盘
14:36:29	3.49	0.01	341	119009	买盘
14:36:25	3.48	-0.01	50	17400	卖盘
14:36:19	3.49	--	1774	619126	买盘
14:36:14	3.49	--	31	10819	买盘
14:36:10	3.49	--	13	4537	买盘
14:36:04	3.49	--	40	13960	买盘
14:35:59	3.49	--	210	73290	买盘
14:35:55	3.49	--	243	84807	买盘
14:35:49	3.49	0.01	10	3490	买盘
14:35:44	3.48	-0.01	15	5220	卖盘
14:35:40	3.49	--	316	110284	买盘
14:35:34	3.49	--	63	21987	买盘
14:35:29	3.49	--	53	18497	买盘
14:35:24	3.49	--	636	221964	买盘
14:35:19	3.49	--	43	15007	买盘
14:35:14	3.49	--	46	16054	买盘
14:35:09	3.49	0.01	5	1745	买盘
14:34:59	3.48	--	123	42804	卖盘
14:34:54	3.48	-0.01	10	3480	卖盘
14:34:49	3.49	--	60	20940	买盘
14:34:44	3.49	--	86	30014	买盘
14:34:39	3.49	0.01	12	4188	买盘
14:34:34	3.48	-0.01	78	27144	卖盘
14:34:29	3.49	0.01	359	125291	买盘
14:34:24	3.48	--	150	52200	卖盘
14:34:19	3.48	-0.01	70	24360	卖盘
14:34:14	3.49	--	257	89693	买盘
14:34:09	3.49	0.01	35	12215	买盘
14:34:04	3.48	--	140	48720	卖盘
14:33:59	3.48	-0.01	47	16356	卖盘
14:33:54	3.49	0.01	17	5933	买盘
14:33:49	3.48	-0.01	11	3828	卖盘
14:33:43	3.49	0.01	217	75733	买盘
14:33:39	3.48	--	1506	524088	卖盘
14:33:34	3.48	-0.01	28	9744	卖盘
14:33:28	3.49	--	1111	387739	买盘
14:33:24	3.49	0.01	100	34900	买盘
14:33:19	3.48	-0.01	58	20358	卖盘
14:33:13	3.49	--	81	28269	买盘
14:33:09	3.49	--	399	139251	买盘
14:33:04	3.49	--	39	13611	买盘
14:32:58	3.49	--	264	92136	买盘
14:32:49	3.49	--	15	5235	买盘
14:32:43	3.49	--	121	42229	买盘
14:32:39	3.49	0.01	26	9074	买盘
14:32:34	3.48	-0.01	17	5916	卖盘
14:32:28	3.49	--	20	6980	买盘
14:32:24	3.49	--	434	151466	买盘
14:32:19	3.49	--	48	16752	买盘
14:32:13	3.49	0.01	473	165077	买盘
14:32:09	3.48	-0.01	70	24360	卖盘
14:32:04	3.49	0.01	281	98069	买盘
14:31:54	3.48	-0.01	25	8700	卖盘
14:31:49	3.49	0.01	179	62471	买盘
14:31:43	3.48	-0.01	100	34800	卖盘
14:31:39	3.49	--	38	13262	买盘
14:31:34	3.49	--	2	698	买盘
14:31:28	3.49	--	958	334342	买盘
14:31:24	3.49	0.01	196	68404	买盘
14:31:19	3.48	--	300	104400	卖盘
14:31:13	3.48	--	347	120756	卖盘
14:31:08	3.48	-0.01	46	16008	卖盘
14:31:04	3.49	0.01	571	199279	买盘
14:30:58	3.48	--	90	31320	卖盘
14:30:53	3.48	--	5	1740	卖盘
14:30:49	3.48	--	26	9048	卖盘
14:30:43	3.48	-0.01	1471	511908	卖盘
14:30:38	3.49	--	2613	911937	买盘
14:30:28	3.49	0.01	434	151466	买盘
14:30:23	3.48	-0.01	55	19140	卖盘
14:30:19	3.49	0.01	138	48162	买盘
14:30:13	3.48	--	50	17400	卖盘
14:30:08	3.48	--	131	45588	卖盘
14:30:04	3.48	--	2	696	卖盘
14:29:58	3.48	-0.01	72	25056	卖盘
14:29:53	3.49	0.01	550	191950	买盘
14:29:49	3.48	-0.01	115	40020	卖盘
14:29:43	3.49	0.01	46	16054	买盘
14:29:38	3.48	--	349	121452	卖盘
14:29:28	3.48	--	566	196968	卖盘
14:29:23	3.48	--	207	72036	卖盘
14:29:19	3.48	-0.01	1504	523392	卖盘
14:29:13	3.49	0.01	32	11168	买盘
14:29:08	3.48	-0.01	367	127716	卖盘
14:29:04	3.49	0.01	33	11517	买盘
14:28:58	3.48	--	712	247776	卖盘
14:28:53	3.48	--	1542	536616	卖盘
14:28:43	3.48	--	802	279096	卖盘
14:28:38	3.48	--	40	13920	卖盘
14:28:34	3.48	--	25	8700	卖盘
14:28:28	3.48	-0.01	85	29580	卖盘
14:28:23	3.49	0.01	450	157050	买盘
14:28:13	3.48	-0.01	133	46284	卖盘
14:28:08	3.49	--	187	65263	买盘
14:28:03	3.49	0.01	5	1745	买盘
14:27:53	3.48	--	2	696	卖盘
14:27:48	3.48	--	34	11832	卖盘
14:27:43	3.48	-0.01	191	66468	卖盘
14:27:38	3.49	--	61	21289	买盘
14:27:33	3.49	--	503	175547	买盘
14:27:28	3.49	--	666	232434	买盘
14:27:23	3.49	--	27	9423	买盘
14:27:18	3.49	0.01	102	35598	买盘
14:27:13	3.48	-0.01	376	130848	卖盘
14:27:08	3.49	0.01	5	1745	买盘
14:26:58	3.48	--	81	28188	卖盘
14:26:53	3.48	-0.01	75	26100	卖盘
14:26:48	3.49	0.01	202	70498	买盘
14:26:43	3.48	-0.01	2129	740892	卖盘
14:26:37	3.49	--	114	39786	买盘
14:26:33	3.49	0.01	14	4886	买盘
14:26:28	3.48	-0.01	203	70644	卖盘
14:26:22	3.49	0.01	472	164728	买盘
14:26:18	3.48	--	3	1044	卖盘
14:26:13	3.48	--	131	45588	卖盘
14:26:07	3.48	--	103	35844	卖盘
14:26:03	3.48	-0.01	75	26100	卖盘
14:25:58	3.49	0.01	20	6980	买盘
14:25:52	3.48	--	622	216456	卖盘
14:25:48	3.48	--	1	348	卖盘
14:25:43	3.48	--	150	52200	卖盘
14:25:37	3.48	--	598	208104	卖盘
14:25:33	3.48	--	30	10440	卖盘
14:25:28	3.48	--	1085	377580	卖盘
14:25:22	3.48	--	573	199404	卖盘
14:25:18	3.48	-0.01	137	47676	卖盘
14:25:13	3.49	0.01	1218	425082	买盘
14:25:07	3.48	-0.01	768	267264	卖盘
14:25:03	3.49	0.01	117	40833	买盘
14:24:58	3.48	--	515	179220	卖盘
14:24:52	3.48	--	1976	687648	卖盘
14:24:48	3.48	--	64	22272	卖盘
14:24:43	3.48	-0.01	686	238728	卖盘
14:24:37	3.49	0.01	39	13611	买盘
14:24:33	3.48	--	349	121452	卖盘
14:24:28	3.48	--	1517	527916	卖盘
14:24:22	3.48	--	110	38280	卖盘
14:24:18	3.48	-0.01	41	14268	卖盘
14:24:13	3.49	0.01	156	54444	买盘
14:24:07	3.48	--	551	191748	卖盘
14:24:02	3.48	--	275	95700	卖盘
14:23:58	3.48	--	3	1044	卖盘
14:23:52	3.48	--	62	21576	卖盘
14:23:47	3.48	--	23	8004	卖盘
14:23:37	3.48	--	35	12180	卖盘
14:23:32	3.48	-0.01	272	94656	卖盘
14:23:28	3.49	0.01	525	183225	买盘
14:23:22	3.48	--	148	51504	卖盘
14:23:17	3.48	--	7	2436	卖盘
14:23:13	3.48	-0.01	483	168084	卖盘
14:23:07	3.49	--	1080	376920	买盘
14:23:02	3.49	--	50	17450	买盘
14:22:52	3.49	--	2	698	买盘
14:22:47	3.49	0.01	92	32108	买盘
14:22:43	3.48	--	109	37932	卖盘
14:22:37	3.48	-0.01	44	15312	卖盘
14:22:28	3.49	0.01	444	154956	买盘
14:22:22	3.48	--	4	1392	卖盘
14:22:17	3.48	-0.01	591	205668	卖盘
14:22:13	3.49	--	158	55142	买盘
14:22:07	3.49	0.01	477	166473	买盘
14:22:02	3.48	--	50	17400	卖盘
14:21:58	3.48	-0.01	161	56028	卖盘
14:21:52	3.49	0.01	106	37168	买盘
14:21:47	3.48	--	54	18792	卖盘
14:21:43	3.48	--	388	135024	卖盘
14:21:37	3.48	--	620	215760	卖盘
14:21:32	3.48	-0.01	132	45936	卖盘
14:21:27	3.49	0.01	433	151117	买盘
14:21:22	3.48	--	1175	408900	卖盘
14:21:17	3.48	--	12	4176	卖盘
14:21:13	3.48	-0.01	8	2784	卖盘
14:21:07	3.49	0.01	17	5933	买盘
14:20:57	3.48	--	49	17052	卖盘
14:20:52	3.48	--	89	30972	卖盘
14:20:47	3.48	--	1034	359832	卖盘
14:20:42	3.48	-0.01	300	104400	卖盘
14:20:37	3.49	0.01	166	57934	买盘
14:20:32	3.48	--	60	20880	卖盘
14:20:27	3.48	--	454	157992	卖盘
14:20:22	3.48	--	80	27840	卖盘
14:20:17	3.48	--	191	66478	卖盘
14:20:12	3.48	-0.01	7	2436	卖盘
14:20:07	3.49	0.01	10	3490	买盘
14:20:02	3.48	-0.01	55	19140	卖盘
14:19:57	3.49	0.01	25	8725	买盘
14:19:52	3.48	--	100	34800	卖盘
14:19:47	3.48	-0.01	295	102660	卖盘
14:19:42	3.49	--	35	12215	买盘
14:19:37	3.49	0.01	221	77129	买盘
14:19:31	3.48	-0.01	32	11136	卖盘
14:19:27	3.49	0.01	441	153909	买盘
14:19:22	3.48	--	233	81084	卖盘
14:19:16	3.48	-0.01	7	2436	卖盘
14:19:07	3.49	0.01	176	61424	买盘
14:19:01	3.48	-0.01	320	111360	卖盘
14:18:57	3.49	0.01	74	25826	买盘
14:18:52	3.48	-0.01	3	1044	卖盘
14:18:46	3.49	--	22	7678	买盘
14:18:42	3.49	0.01	54	18846	买盘
14:18:37	3.48	--	122	42748	卖盘
14:18:31	3.48	-0.01	32	11136	卖盘
14:18:27	3.49	0.01	434	151466	买盘
14:18:22	3.48	--	1166	405768	卖盘
14:18:16	3.48	-0.01	178	61944	卖盘
14:18:12	3.49	--	164	57236	买盘
14:18:07	3.49	0.01	45	15705	买盘
14:18:01	3.48	--	139	48372	卖盘
14:17:57	3.48	--	1	348	卖盘
14:17:52	3.48	--	44	15312	卖盘
14:17:46	3.48	-0.01	56	19488	卖盘
14:17:37	3.49	0.01	389	135761	买盘
14:17:31	3.48	--	131	45588	卖盘
14:17:27	3.48	-0.01	2961	1030428	卖盘
14:17:16	3.49	0.01	262	91438	买盘
14:17:12	3.48	--	87	30276	卖盘
14:17:07	3.48	--	660	229680	卖盘
14:17:01	3.48	-0.01	254	88392	卖盘
14:16:56	3.49	--	473	165077	买盘
14:16:52	3.49	0.01	5	1745	买盘
14:16:46	3.48	--	958	333384	卖盘
14:16:41	3.48	--	512	178176	卖盘
14:16:37	3.48	--	854	297192	卖盘
14:16:31	3.48	-0.01	17	5916	卖盘
14:16:26	3.49	0.01	3399	1186251	买盘
14:16:22	3.48	--	50	17400	卖盘
14:16:11	3.48	-0.01	17	5916	卖盘
14:16:07	3.49	--	45	15705	买盘
14:15:56	3.49	--	20	6980	买盘
14:15:46	3.49	0.01	143	49907	买盘
14:15:41	3.48	--	32	11136	卖盘
14:15:37	3.48	--	1	348	卖盘
14:15:31	3.48	-0.01	152	52896	卖盘
14:15:26	3.49	0.01	538	187762	买盘
14:15:22	3.48	--	2	696	卖盘
14:15:16	3.48	-0.01	201	69948	卖盘
14:15:11	3.49	--	113	39437	买盘
14:15:01	3.49	0.01	16	5584	买盘
14:14:56	3.48	-0.01	18	6264	卖盘
14:14:52	3.49	--	720	251280	买盘
14:14:46	3.49	--	60	20940	买盘
14:14:41	3.49	--	5	1745	买盘
14:14:37	3.49	0.01	207	72243	买盘
14:14:31	3.48	-0.01	217	75516	卖盘
14:14:26	3.49	--	689	240635	买盘
14:14:22	3.49	0.01	1020	355980	买盘
14:14:16	3.48	-0.01	104	36192	卖盘
14:14:11	3.49	--	268	93532	买盘
14:14:06	3.49	--	98	34202	买盘
14:14:01	3.49	--	201	70149	买盘
14:13:56	3.49	--	670	233830	买盘
14:13:51	3.49	--	65	22685	买盘
14:13:46	3.49	--	180	62820	买盘
14:13:41	3.49	--	2	698	买盘
14:13:36	3.49	0.01	2	698	买盘
14:13:31	3.48	-0.01	227	78996	卖盘
14:13:26	3.49	--	492	171708	买盘
14:13:21	3.49	--	57	19893	买盘
14:13:16	3.49	--	13	4537	买盘
14:13:11	3.49	0.01	30	10470	买盘
14:13:06	3.48	-0.01	95	33060	卖盘
14:13:01	3.49	--	26	9074	买盘
14:12:56	3.49	--	688	240112	买盘
14:12:51	3.49	--	4	1396	买盘
14:12:46	3.49	--	76	26524	买盘
14:12:41	3.49	--	165	57759	卖盘
14:12:36	3.49	--	1	349	卖盘
14:12:31	3.49	-0.01	134	46766	卖盘
14:12:25	3.5	0.01	433	151550	买盘
14:12:21	3.49	--	67	23383	卖盘
14:12:16	3.49	--	30	10644	买盘
14:12:10	3.49	--	230	80444	卖盘
14:12:06	3.49	--	128	44672	卖盘
14:12:01	3.49	--	1297	452653	卖盘
14:11:55	3.49	--	98	34202	卖盘
14:11:51	3.49	--	99	34551	卖盘
14:11:46	3.49	--	20	7154	卖盘
14:11:40	3.49	-0.01	63	21987	卖盘
14:11:36	3.5	0.01	303	106050	买盘
14:11:31	3.49	--	1	349	卖盘
14:11:25	3.49	--	661	230689	卖盘
14:11:21	3.49	--	100	34900	卖盘
14:11:16	3.49	--	537	187413	卖盘
14:11:10	3.49	-0.01	79	27571	卖盘
14:11:06	3.5	0.01	10	3500	买盘
14:11:01	3.49	--	21	7329	卖盘
14:10:55	3.49	--	250	87250	卖盘
14:10:46	3.49	--	1128	393672	卖盘
14:10:40	3.49	-0.01	286	99814	卖盘
14:10:36	3.5	0.01	9	3150	买盘
14:10:31	3.49	-0.01	219	76431	卖盘
14:10:25	3.5	0.01	459	160650	买盘
14:10:21	3.49	-0.01	650	226850	卖盘
14:10:10	3.5	0.01	895	313250	买盘
14:10:06	3.49	-0.01	686	239414	卖盘
14:10:00	3.5	0.01	60	21000	买盘
14:09:55	3.49	--	580	202420	卖盘
14:09:50	3.49	--	148	51652	卖盘
14:09:40	3.49	--	31	10819	卖盘
14:09:35	3.49	--	305	106445	卖盘
14:09:31	3.49	--	30	10470	卖盘
14:09:25	3.49	-0.01	587	204863	卖盘
14:09:20	3.5	0.01	26	9100	买盘
14:09:16	3.49	-0.01	37	12913	卖盘
14:09:10	3.5	0.01	1	350	买盘
14:09:05	3.49	--	209	72941	卖盘
14:09:01	3.49	--	2	698	卖盘
14:08:55	3.49	--	3	1047	卖盘
14:08:46	3.49	-0.01	495	172755	卖盘
14:08:40	3.5	0.01	3	1050	买盘
14:08:35	3.49	--	50	17450	卖盘
14:08:31	3.49	-0.01	137	47813	卖盘
14:08:25	3.5	0.01	433	151550	买盘
14:08:20	3.49	-0.01	100	34900	卖盘
14:08:16	3.5	0.01	115	40250	买盘
14:08:10	3.49	--	27	9423	卖盘
14:08:05	3.49	--	110	38390	卖盘
14:08:01	3.49	--	182	63518	卖盘
14:07:55	3.49	--	4	1396	卖盘
14:07:50	3.49	-0.01	39	13611	卖盘
14:07:46	3.5	0.01	19	6650	买盘
14:07:40	3.49	-0.01	1508	526292	卖盘
14:07:35	3.5	--	7	2450	买盘
14:07:30	3.5	--	3	1050	买盘
14:07:25	3.5	--	455	159250	买盘
14:07:20	3.5	0.01	5	1750	买盘
14:07:15	3.49	-0.01	60	20940	卖盘
14:07:10	3.5	--	1071	374850	买盘
14:07:05	3.5	--	74	25900	买盘
14:07:00	3.5	0.01	200	70000	买盘
14:06:55	3.49	--	5	1745	卖盘
14:06:50	3.49	-0.01	89	31061	卖盘
14:06:40	3.5	--	1032	361200	买盘
14:06:35	3.5	--	85	29750	买盘
14:06:30	3.5	0.01	17	5950	买盘
14:06:25	3.49	--	357	124593	卖盘
14:06:20	3.49	-0.01	39	13611	卖盘
14:06:15	3.5	0.01	1028	359800	买盘
14:06:10	3.49	-0.01	90	31410	卖盘
14:06:05	3.5	0.01	416	145600	买盘
14:05:55	3.49	--	45	15705	卖盘
14:05:50	3.49	-0.01	238	83062	卖盘
14:05:45	3.5	--	27	9450	买盘
14:05:40	3.5	--	12	4200	买盘
14:05:35	3.5	0.01	228	79800	买盘
14:05:30	3.49	-0.01	2	698	卖盘
14:05:25	3.5	0.01	571	199850	买盘
14:05:19	3.49	--	15	5235	卖盘
14:05:15	3.49	--	20	6980	卖盘
14:05:10	3.49	-0.01	118	41182	卖盘
14:05:04	3.5	0.01	3103	1086050	买盘
14:05:00	3.49	--	172	60028	卖盘
14:04:55	3.49	--	148	51652	卖盘
14:04:49	3.49	--	7	2443	卖盘
14:04:45	3.49	-0.01	16	5584	卖盘
14:04:40	3.5	0.01	493	172550	买盘
14:04:34	3.49	--	59	20591	卖盘
14:04:30	3.49	--	5	1745	卖盘
14:04:25	3.49	--	504	175896	买盘
14:04:19	3.49	--	510	177990	买盘
14:04:15	3.49	--	1189	414961	买盘
14:04:10	3.49	--	1106	385994	买盘
14:04:04	3.49	0.01	566	197534	买盘
14:04:00	3.48	-0.01	321	111708	卖盘
14:03:55	3.49	--	1139	397685	买盘
14:03:49	3.49	--	345	120405	买盘
14:03:45	3.49	--	21	7329	买盘
14:03:40	3.49	--	134	46766	买盘
14:03:34	3.49	--	422	147278	买盘
14:03:30	3.49	--	727	253723	买盘
14:03:25	3.49	--	6013	2098537	买盘
14:03:19	3.49	--	96	33504	买盘
14:03:15	3.49	--	271	94579	买盘
14:03:10	3.49	0.01	412	143788	买盘
14:03:04	3.48	-0.01	5878	2045544	卖盘
14:02:59	3.49	--	1241	433109	买盘
14:02:55	3.49	0.01	616	214984	买盘
14:02:49	3.48	-0.01	236	82128	卖盘
14:02:44	3.49	--	579	202071	买盘
14:02:39	3.49	0.01	349	121801	买盘
14:02:34	3.48	-0.01	60	20880	卖盘
14:02:29	3.49	--	2518	878782	买盘
14:02:24	3.49	--	57	19893	买盘
14:02:19	3.49	--	33	11517	买盘
14:02:14	3.49	--	683	238367	买盘
14:02:10	3.49	--	5054	1763846	买盘
14:02:04	3.49	--	152	53048	买盘
14:01:59	3.49	--	536	187064	买盘
14:01:49	3.49	0.01	5107	1782343	买盘
14:01:44	3.48	-0.01	266	92568	卖盘
14:01:40	3.49	0.01	5	1745	买盘
14:01:34	3.48	-0.01	147	51156	卖盘
14:01:29	3.49	--	257	89693	买盘
14:01:25	3.49	--	893	311657	买盘
14:01:19	3.49	--	17	5933	买盘
14:01:14	3.49	--	101	35249	买盘
14:01:09	3.49	--	12	4188	买盘
14:01:04	3.49	--	415	144835	买盘
14:00:59	3.49	--	13	4537	买盘
14:00:54	3.49	--	24	8376	买盘
14:00:49	3.49	--	51	17799	买盘
14:00:44	3.49	--	537	187413	买盘
14:00:39	3.49	--	138	48162	买盘
14:00:34	3.49	--	200	69800	买盘
14:00:29	3.49	--	22	7678	买盘
14:00:24	3.49	0.01	107	37343	买盘
14:00:19	3.48	-0.01	213	74124	卖盘
14:00:14	3.49	--	179	62471	买盘
14:00:09	3.49	--	106	36994	买盘
14:00:04	3.49	0.01	31	10819	买盘
13:59:54	3.48	--	41	14268	卖盘
13:59:49	3.48	--	94	32712	卖盘
13:59:44	3.48	-0.01	106	36888	卖盘
13:59:39	3.49	0.01	205	71545	买盘
13:59:34	3.48	-0.01	51	17748	卖盘
13:59:29	3.49	0.01	107	37343	买盘
13:59:24	3.48	--	133	46284	卖盘
13:59:19	3.48	-0.01	45	15660	卖盘
13:59:14	3.49	--	6	2094	买盘
13:59:09	3.49	--	25	8725	买盘
13:59:04	3.49	--	12	4188	买盘
13:58:59	3.49	--	137	47813	买盘
13:58:54	3.49	0.01	110	38390	买盘
13:58:49	3.48	--	60	20880	卖盘
13:58:39	3.48	-0.01	216	75168	卖盘
13:58:34	3.49	--	246	85854	买盘
13:58:28	3.49	--	138	48162	买盘
13:58:24	3.49	--	1694	591206	买盘
13:58:19	3.49	0.01	102	35598	买盘
13:58:13	3.48	-0.01	142	49416	卖盘
13:58:09	3.49	--	14	4886	买盘
13:58:04	3.49	--	13	4537	买盘
13:57:58	3.49	0.01	9	3141	买盘
13:57:54	3.48	--	1	348	卖盘
13:57:49	3.48	-0.01	13	4524	卖盘
13:57:43	3.49	0.01	25	8725	买盘
13:57:39	3.48	-0.01	9	3132	卖盘
13:57:34	3.49	0.01	49	17101	买盘
13:57:28	3.48	-0.01	199	69252	卖盘
13:57:24	3.49	--	10	3490	买盘
13:57:19	3.49	--	419	146231	买盘
13:57:13	3.49	0.01	614	214286	买盘
13:57:09	3.48	--	18	6264	卖盘
13:57:04	3.48	-0.01	31	10788	卖盘
13:56:58	3.49	--	31	10819	买盘
13:56:54	3.49	0.01	3	1047	买盘
13:56:49	3.48	--	14	4872	卖盘
13:56:39	3.48	--	20	6960	卖盘
13:56:34	3.48	--	76	26448	卖盘
13:56:28	3.48	--	39	13572	卖盘
13:56:24	3.48	-0.01	2309	803532	卖盘
13:56:18	3.49	--	290	101210	买盘
13:56:13	3.49	--	10	3490	买盘
13:56:08	3.49	0.01	152	53048	买盘
13:56:04	3.48	--	4	1392	卖盘
13:55:58	3.48	--	229	79692	卖盘
13:55:53	3.48	--	8	2784	卖盘
13:55:48	3.48	--	3	1044	卖盘
13:55:43	3.48	-0.01	188	65424	卖盘
13:55:38	3.49	0.01	36	12564	买盘
13:55:28	3.48	-0.01	20	6960	卖盘
13:55:23	3.49	0.01	23	8027	买盘
13:55:18	3.48	--	237	82476	卖盘
13:55:13	3.48	--	4	1392	卖盘
13:55:08	3.48	--	71	24708	卖盘
13:55:04	3.48	-0.01	30	10440	卖盘
13:54:58	3.49	0.01	11	3839	买盘
13:54:53	3.48	--	99	34452	卖盘
13:54:48	3.48	-0.01	3	1044	卖盘
13:54:43	3.49	0.01	63	21987	买盘
13:54:38	3.48	-0.01	34	11832	卖盘
13:54:33	3.49	0.01	125	43625	买盘
13:54:28	3.48	--	145	50460	卖盘
13:54:23	3.48	-0.01	68	23664	卖盘
13:54:18	3.49	--	43	15007	买盘
13:54:13	3.49	0.01	1781	621569	买盘
13:54:08	3.48	-0.01	141	49068	卖盘
13:54:03	3.49	--	30	10470	买盘
13:53:58	3.49	0.01	55	19195	买盘
13:53:53	3.48	--	234	81432	卖盘
13:53:48	3.48	--	23	8004	卖盘
13:53:43	3.48	-0.01	454	157992	卖盘
13:53:38	3.49	--	45	15705	买盘
13:53:28	3.49	--	27	9423	买盘
13:53:23	3.49	--	120	41880	买盘
13:53:18	3.49	0.01	12	4188	买盘
13:53:13	3.48	-0.01	2	696	卖盘
13:53:08	3.49	--	121	42229	买盘
13:52:58	3.49	--	647	225803	买盘
13:52:53	3.49	--	577	201373	买盘
13:52:48	3.49	--	25	8725	买盘
13:52:43	3.49	--	46	16054	买盘
13:52:38	3.49	--	5	1745	买盘
13:52:33	3.49	--	606	211494	买盘
13:52:28	3.49	0.01	344	120056	买盘
13:52:23	3.48	-0.01	783	272484	卖盘
13:52:18	3.49	0.01	26	9074	买盘
13:52:13	3.48	-0.01	48	16704	卖盘
13:52:08	3.49	--	187	65263	买盘
13:51:58	3.49	--	104	36296	买盘
13:51:53	3.49	0.01	114	39786	买盘
13:51:48	3.48	-0.01	12	4176	卖盘
13:51:43	3.49	--	202	70498	买盘
13:51:38	3.49	0.01	282	98418	买盘
13:51:33	3.48	-0.01	108	37584	卖盘
13:51:28	3.49	--	1083	377967	买盘
13:51:22	3.49	--	211	73639	买盘
13:51:18	3.49	--	7	2443	买盘
13:51:13	3.49	0.01	114	39786	买盘
13:51:07	3.48	-0.01	84	29232	卖盘
13:51:03	3.49	--	4	1396	买盘
13:50:58	3.49	--	30	10470	买盘
13:50:52	3.49	--	14	4886	买盘
13:50:48	3.49	0.01	4	1396	买盘
13:50:43	3.48	--	1023	356004	卖盘
13:50:37	3.48	-0.01	142	49416	卖盘
13:50:33	3.49	--	29	10121	买盘
13:50:28	3.49	--	4	1396	买盘
13:50:22	3.49	--	56	19544	买盘
13:50:18	3.49	--	84	29316	买盘
13:50:13	3.49	0.01	74	25826	买盘
13:50:07	3.48	--	480	167040	卖盘
13:50:03	3.48	-0.01	403	140244	卖盘
13:49:58	3.49	--	12	4188	买盘
13:49:52	3.49	0.01	273	95277	买盘
13:49:48	3.48	-0.01	14	4872	卖盘
13:49:43	3.49	0.01	417	145533	买盘
13:49:37	3.48	-0.01	71	24708	卖盘
13:49:33	3.49	--	150	52350	买盘
13:49:28	3.49	0.01	50	17450	买盘
13:49:22	3.48	-0.01	41	14268	卖盘
13:49:18	3.49	--	706	246394	买盘
13:49:12	3.49	--	45	15705	买盘
13:49:07	3.49	--	35	12215	买盘
13:49:02	3.49	--	366	127734	买盘
13:48:57	3.49	--	10	3490	买盘
13:48:52	3.49	--	12	4188	买盘
13:48:47	3.49	--	54	18846	买盘
13:48:42	3.49	0.01	8	2792	买盘
13:48:37	3.48	-0.01	1130	393240	卖盘
13:48:32	3.49	--	40	13960	买盘
13:48:27	3.49	0.01	2	698	买盘
13:48:22	3.48	-0.01	351	122148	卖盘
13:48:17	3.49	0.01	1	349	买盘
13:48:12	3.48	-0.01	74	25752	卖盘
13:48:07	3.49	0.01	83	28967	买盘
13:48:02	3.48	--	85	29580	卖盘
13:47:57	3.48	--	1	348	卖盘
13:47:52	3.48	--	157	54636	卖盘
13:47:47	3.48	-0.01	50	17400	卖盘
13:47:42	3.49	--	66	23034	买盘
13:47:37	3.49	--	165	57585	买盘
13:47:32	3.49	0.01	31	10819	买盘
13:47:27	3.48	-0.01	9	3132	卖盘
13:47:22	3.49	--	73	25477	买盘
13:47:12	3.49	0.01	108	37692	买盘
13:47:07	3.48	--	62	21576	卖盘
13:46:57	3.48	--	36	12528	卖盘
13:46:52	3.48	-0.01	105	36540	卖盘
13:46:47	3.49	0.01	110	38390	买盘
13:46:42	3.48	--	70	24360	卖盘
13:46:37	3.48	-0.01	64	22272	卖盘
13:46:32	3.49	0.01	20	6980	买盘
13:46:22	3.48	-0.01	79	27492	卖盘
13:46:17	3.49	0.01	8	2792	买盘
13:46:12	3.48	-0.01	16	5568	卖盘
13:46:07	3.49	0.01	76	26524	买盘
13:46:02	3.48	-0.01	118	41064	卖盘
13:45:57	3.49	--	5	1745	买盘
13:45:52	3.49	0.01	124	43276	买盘
13:45:47	3.48	--	204	70992	卖盘
13:45:42	3.48	-0.01	9	3132	卖盘
13:45:37	3.49	--	7	2443	买盘
13:45:32	3.49	--	13	4537	买盘
13:45:22	3.49	0.01	61	21289	买盘
13:45:17	3.48	-0.01	89	30972	卖盘
13:45:12	3.49	--	5	1745	买盘
13:45:07	3.49	--	90	31410	买盘
13:45:02	3.49	--	6	2094	买盘
13:44:57	3.49	0.01	15	5235	买盘
13:44:52	3.48	--	42	14616	卖盘
13:44:47	3.48	--	15	5220	卖盘
13:44:42	3.48	--	15	5220	卖盘
13:44:37	3.48	-0.01	39	13572	卖盘
13:44:32	3.49	--	22	7678	买盘
13:44:27	3.49	0.01	28	9772	买盘
13:44:22	3.48	--	112	38976	卖盘
13:44:16	3.48	--	77	26796	卖盘
13:44:12	3.48	-0.01	36	12528	卖盘
13:44:07	3.49	0.01	145	50605	买盘
13:43:57	3.48	--	90	31320	卖盘
13:43:52	3.48	-0.01	110	38280	卖盘
13:43:46	3.49	--	45	15705	买盘
13:43:42	3.49	0.01	24	8376	买盘
13:43:37	3.48	--	13	4524	卖盘
13:43:31	3.48	-0.01	33	11484	卖盘
13:43:27	3.49	0.01	13	4537	买盘
13:43:22	3.48	--	52	18096	卖盘
13:43:16	3.48	-0.01	127	44196	卖盘
13:43:07	3.49	0.01	101	35249	买盘
13:43:01	3.48	-0.01	363	126324	卖盘
13:42:57	3.49	--	9	3141	卖盘
13:42:52	3.49	--	1021	356329	卖盘
13:42:46	3.49	--	381	132969	卖盘
13:42:42	3.49	--	50	17450	卖盘
13:42:37	3.49	--	1417	494533	卖盘
13:42:31	3.49	--	96	33504	卖盘
13:42:27	3.49	--	120	41880	卖盘
13:42:22	3.49	--	185	64565	卖盘
13:42:16	3.49	--	273	95277	卖盘
13:42:12	3.49	--	254	88646	卖盘
13:42:06	3.49	--	2	698	卖盘
13:42:01	3.49	--	365	127385	卖盘
13:41:57	3.49	--	10	3490	卖盘
13:41:46	3.49	--	516	180084	卖盘
13:41:41	3.49	--	49	17101	卖盘
13:41:36	3.49	--	3	1047	卖盘
13:41:31	3.49	--	107	37343	卖盘
13:41:26	3.49	--	2	698	卖盘
13:41:21	3.49	--	116	40484	卖盘
13:41:16	3.49	--	191	66659	卖盘
13:41:11	3.49	--	462	161238	卖盘
13:41:06	3.49	--	7	2443	卖盘
13:40:56	3.49	-0.01	201	70149	卖盘
13:40:51	3.5	0.01	40	14000	买盘
13:40:46	3.49	--	2	698	卖盘
13:40:41	3.49	--	313	109237	卖盘
13:40:36	3.49	--	56	19544	卖盘
13:40:31	3.49	--	16	5584	卖盘
13:40:26	3.49	--	43	15007	卖盘
13:40:21	3.49	--	2	698	卖盘
13:40:16	3.49	--	3	1047	卖盘
13:40:11	3.49	--	56	19544	卖盘
13:40:06	3.49	--	228	79572	卖盘
13:40:01	3.49	--	354	123546	卖盘
13:39:56	3.49	--	771	269253	买盘
13:39:51	3.49	--	137	47813	买盘
13:39:46	3.49	--	672	234528	买盘
13:39:41	3.49	--	1680	586320	买盘
13:39:36	3.49	--	1179	411471	买盘
13:39:31	3.49	0.01	295	102955	买盘
13:39:26	3.48	-0.01	279	97092	卖盘
13:39:21	3.49	--	1334	465566	买盘
13:39:16	3.49	0.01	172	60028	买盘
13:39:11	3.48	-0.01	504	175392	卖盘
13:39:06	3.49	--	69	24081	买盘
13:39:01	3.49	0.01	1349	470801	买盘
13:38:56	3.48	-0.01	1	348	卖盘
13:38:51	3.49	0.01	1995	696255	买盘
13:38:46	3.48	--	80	27840	卖盘
13:38:41	3.48	--	1170	407160	卖盘
13:38:36	3.48	--	17	5916	卖盘
13:38:31	3.48	-0.01	995	346260	卖盘
13:38:26	3.49	0.01	152	53048	买盘
13:38:21	3.48	--	355	123540	卖盘
13:38:16	3.48	-0.01	943	328164	卖盘
13:38:11	3.49	--	67	23383	买盘
13:38:06	3.49	0.01	190	66310	买盘
13:38:01	3.48	--	18	6264	卖盘
13:37:56	3.48	--	169	58812	卖盘
13:37:51	3.48	-0.01	25	8700	卖盘
13:37:46	3.49	--	10	3490	买盘
13:37:41	3.49	0.01	94	32806	买盘
13:37:36	3.48	-0.01	15	5220	卖盘
13:37:31	3.49	0.01	63	21987	买盘
13:37:26	3.48	-0.01	41	14268	卖盘
13:37:21	3.49	--	13	4537	买盘
13:37:16	3.49	0.01	5	1745	买盘
13:37:10	3.48	-0.01	11	3828	卖盘
13:37:06	3.49	--	12	4188	买盘
13:37:01	3.49	--	3	1047	买盘
13:36:55	3.49	--	214	74686	买盘
13:36:51	3.49	--	718	250582	买盘
13:36:46	3.49	0.01	40	13960	买盘
13:36:40	3.48	--	113	39324	卖盘
13:36:36	3.48	--	22	7656	卖盘
13:36:31	3.48	-0.01	550	191400	卖盘
13:36:25	3.49	0.01	87	30363	买盘
13:36:21	3.48	-0.01	8	2784	卖盘
13:36:16	3.49	0.01	14	4886	买盘
13:36:10	3.48	-0.01	95	33060	卖盘
13:36:06	3.49	0.01	33	11517	买盘
13:36:01	3.48	--	269	93612	卖盘
13:35:55	3.48	--	15	5220	卖盘
13:35:51	3.48	-0.01	22	7656	卖盘
13:35:46	3.49	0.01	615	214635	买盘
13:35:40	3.48	-0.01	1	348	卖盘
13:35:36	3.49	--	1	349	买盘
13:35:31	3.49	--	909	317241	买盘
13:35:25	3.49	--	96	33504	买盘
13:35:15	3.49	0.01	40	13960	买盘
13:35:10	3.48	-0.01	16	5568	卖盘
13:35:06	3.49	--	222	77478	买盘
13:35:00	3.49	--	12	4188	买盘
13:34:55	3.49	-0.01	4806	1677294	卖盘
13:34:50	3.5	0.01	163	57050	买盘
13:34:45	3.49	--	20	6980	卖盘
13:34:40	3.49	--	361	125989	卖盘
13:34:35	3.49	--	101	35249	卖盘
13:34:30	3.49	--	60	20940	卖盘
13:34:20	3.49	--	246	85854	卖盘
13:34:15	3.49	--	60	20940	卖盘
13:34:10	3.49	--	556	194044	卖盘
13:34:05	3.49	--	79	27571	卖盘
13:34:00	3.49	--	62	21638	卖盘
13:33:55	3.49	--	16	5584	卖盘
13:33:50	3.49	--	99	34551	卖盘
13:33:45	3.49	--	407	142043	卖盘
13:33:40	3.49	-0.01	288	100512	卖盘
13:33:35	3.5	--	232	81200	买盘
13:33:30	3.5	0.01	5	1750	买盘
13:33:25	3.49	--	919	320731	卖盘
13:33:20	3.49	--	23	8027	卖盘
13:33:15	3.49	--	60	20940	卖盘
13:33:10	3.49	--	18	6282	卖盘
13:33:05	3.49	--	161	56189	卖盘
13:33:00	3.49	-0.01	80	27920	卖盘
13:32:55	3.5	0.01	121	42350	买盘
13:32:50	3.49	--	260	90740	卖盘
13:32:45	3.49	--	72	25128	卖盘
13:32:40	3.49	--	227	79223	卖盘
13:32:35	3.49	--	51	17799	卖盘
13:32:30	3.49	--	17	5933	卖盘
13:32:25	3.49	--	324	113076	卖盘
13:32:20	3.49	--	987	344463	卖盘
13:32:15	3.49	--	251	87599	卖盘
13:32:10	3.49	--	53	18497	卖盘
13:32:05	3.49	--	610	212890	卖盘
13:31:55	3.49	--	150	52350	卖盘
13:31:50	3.49	--	80	27920	卖盘
13:31:45	3.49	--	1	349	卖盘
13:31:40	3.49	-0.01	1066	372034	卖盘
13:31:35	3.5	0.01	63	22050	买盘
13:31:30	3.49	-0.01	10	3490	卖盘
13:31:25	3.5	0.01	78	27300	买盘
13:31:20	3.49	--	25	8725	卖盘
13:31:15	3.49	--	55	19195	卖盘
13:31:10	3.49	--	429	149721	卖盘
13:31:05	3.49	-0.01	18	6282	卖盘
13:31:00	3.5	0.01	205	71750	买盘
13:30:55	3.49	--	100	34900	卖盘
13:30:50	3.49	--	185	64565	卖盘
13:30:45	3.49	--	317	110633	卖盘
13:30:40	3.49	-0.01	1	349	卖盘
13:30:35	3.5	0.01	18	6300	买盘
13:30:30	3.49	--	31	10819	卖盘
13:30:25	3.49	--	237	82713	卖盘
13:30:20	3.49	--	24	8376	卖盘
13:30:15	3.49	-0.01	46	16054	卖盘
13:30:10	3.5	--	82	28700	买盘
13:30:05	3.5	0.01	1207	422450	买盘
13:29:55	3.49	--	1025	357725	卖盘
13:29:49	3.49	--	761	265589	卖盘
13:29:45	3.49	-0.01	94	32806	卖盘
13:29:40	3.5	--	124	43575	买盘
13:29:34	3.5	0.01	616	215600	买盘
13:29:30	3.49	--	172	60028	卖盘
13:29:25	3.49	--	405	141345	卖盘
13:29:19	3.49	--	69	24081	卖盘
13:29:10	3.49	--	114	39786	卖盘
13:29:04	3.49	--	115	40135	卖盘
13:29:00	3.49	--	283	98767	卖盘
13:28:55	3.49	--	146	50954	卖盘
13:28:49	3.49	--	33	11517	卖盘
13:28:45	3.49	-0.01	57	19893	卖盘
13:28:40	3.5	0.01	114	39900	买盘
13:28:34	3.49	-0.01	451	157399	卖盘
13:28:30	3.5	--	11	3850	买盘
13:28:25	3.5	0.01	142	49700	买盘
13:28:19	3.49	-0.01	106	36994	卖盘
13:28:15	3.5	0.01	18	6300	买盘
13:28:09	3.49	--	4	1396	卖盘
13:28:04	3.49	--	2108	735692	卖盘
13:28:00	3.49	--	49	17101	卖盘
13:27:54	3.49	--	57	19893	卖盘
13:27:49	3.49	--	75	26175	卖盘
13:27:44	3.49	--	115	40135	卖盘
13:27:34	3.49	-0.01	429	149721	卖盘
13:27:29	3.5	0.01	11	3850	买盘
13:27:24	3.49	-0.01	128	44672	卖盘
13:27:19	3.5	0.01	140	49000	买盘
13:27:14	3.49	--	712	248488	卖盘
13:27:09	3.49	--	38	13262	卖盘
13:27:04	3.49	--	764	266636	卖盘
13:26:59	3.49	-0.01	971	338879	卖盘
13:26:54	3.5	0.01	103	36050	买盘
13:26:49	3.49	--	588	205212	卖盘
13:26:44	3.49	--	279	97371	卖盘
13:26:39	3.49	--	430	150070	卖盘
13:26:34	3.49	--	24	8376	卖盘
13:26:29	3.49	--	11	3839	卖盘
13:26:24	3.49	--	6	2094	卖盘
13:26:19	3.49	--	355	123895	卖盘
13:26:14	3.49	--	174	60726	卖盘
13:26:04	3.49	-0.01	15	5235	卖盘
13:25:59	3.5	--	94	32900	买盘
13:25:54	3.5	0.01	5	1750	买盘
13:25:49	3.49	--	345	120405	卖盘
13:25:44	3.49	--	10	3490	卖盘
13:25:39	3.49	--	295	102955	卖盘
13:25:34	3.49	-0.01	58	20242	卖盘
13:25:29	3.5	0.01	52	18200	买盘
13:25:24	3.49	--	72	25128	卖盘
13:25:19	3.49	--	193	67357	卖盘
13:25:14	3.49	--	21	7329	卖盘
13:25:09	3.49	--	229	79921	卖盘
13:25:04	3.49	--	530	184970	卖盘
13:24:59	3.49	--	595	207655	卖盘
13:24:54	3.49	--	100	34900	卖盘
13:24:49	3.49	--	107	37343	卖盘
13:24:44	3.49	--	100	34900	卖盘
13:24:39	3.49	--	50	17450	卖盘
13:24:34	3.49	--	187	65263	卖盘
13:24:29	3.49	--	713	248837	卖盘
13:24:24	3.49	-0.01	164	57236	卖盘
13:24:19	3.5	--	97	33950	买盘
13:24:14	3.5	0.01	19	6650	买盘
13:24:09	3.49	-0.01	200	69800	卖盘
13:24:04	3.5	--	54	18900	买盘
13:23:59	3.5	0.01	60	21175	买盘
13:23:54	3.49	--	5	1745	卖盘
13:23:49	3.49	--	22	7678	卖盘
13:23:44	3.49	--	234	81666	卖盘
13:23:39	3.49	-0.01	22	7678	卖盘
13:23:34	3.5	0.01	781	273350	买盘
13:23:29	3.49	--	20	6980	卖盘
13:23:24	3.49	--	5	1745	卖盘
13:23:19	3.49	--	60	20940	卖盘
13:23:14	3.49	--	158	55142	卖盘
13:22:58	3.49	--	87	30363	卖盘
13:22:54	3.49	--	1	349	卖盘
13:22:49	3.49	-0.01	15	5235	卖盘
13:22:43	3.5	0.01	20	7000	买盘
13:22:39	3.49	--	38	13262	卖盘
13:22:34	3.49	-0.01	1998	697302	卖盘
13:22:28	3.5	0.01	7	2450	买盘
13:22:24	3.49	--	47	16403	卖盘
13:22:19	3.49	--	94	32806	卖盘
13:22:09	3.49	--	215	75035	卖盘
13:22:04	3.49	--	17	5933	卖盘
13:21:58	3.49	-0.01	651	227199	卖盘
13:21:54	3.5	0.01	344	120400	买盘
13:21:49	3.49	--	138	48162	卖盘
13:21:43	3.49	--	266	92834	卖盘
13:21:39	3.49	--	14	4886	卖盘
13:21:34	3.49	--	236	82364	卖盘
13:21:28	3.49	--	32	11168	卖盘
13:21:24	3.49	--	10	3490	卖盘
13:21:13	3.49	--	68	23732	卖盘
13:21:09	3.49	--	433	151117	卖盘
13:21:03	3.49	-0.01	103	35947	卖盘
13:20:58	3.5	--	541	189350	买盘
13:20:53	3.5	0.01	645	225750	买盘
13:20:48	3.49	-0.01	53	18497	卖盘
13:20:43	3.5	0.01	1161	406350	买盘
13:20:33	3.49	--	402	140298	卖盘
13:20:28	3.49	--	117	40833	卖盘
13:20:23	3.49	--	172	60028	卖盘
13:20:18	3.49	--	10	3490	卖盘
13:20:13	3.49	--	22	7678	卖盘
13:20:08	3.49	-0.01	369	128781	卖盘
13:20:03	3.5	--	4	1400	买盘
13:19:58	3.5	0.01	110	38500	买盘
13:19:53	3.49	--	295	102955	卖盘
13:19:48	3.49	--	100	34900	卖盘
13:19:43	3.49	--	729	254421	卖盘
13:19:38	3.49	--	31	10819	卖盘
13:19:33	3.49	--	50	17450	卖盘
13:19:28	3.49	--	3983	1390067	卖盘
13:19:23	3.49	-0.01	181	63169	卖盘
13:19:13	3.5	0.01	14	4900	买盘
13:19:08	3.49	--	164	57236	卖盘
13:19:03	3.49	--	1	349	卖盘
13:18:58	3.49	--	89	31061	卖盘
13:18:53	3.49	--	332	115868	卖盘
13:18:48	3.49	-0.01	11	3839	卖盘
13:18:43	3.5	--	28	9800	买盘
13:18:38	3.5	0.01	43	15050	买盘
13:18:33	3.49	--	2	698	卖盘
13:18:28	3.49	--	52	18148	卖盘
13:18:23	3.49	--	791	276059	卖盘
13:18:18	3.49	--	15	5235	卖盘
13:18:13	3.49	-0.01	153	53397	卖盘
13:18:08	3.5	0.01	33	11550	买盘
13:18:03	3.49	-0.01	50	17450	卖盘
13:17:58	3.5	--	49	17150	买盘
13:17:53	3.5	0.01	159	55650	买盘
13:17:48	3.49	--	20	6980	卖盘
13:17:43	3.49	--	211	73639	卖盘
13:17:38	3.49	--	133	46417	卖盘
13:17:33	3.49	--	133	46417	卖盘
13:17:28	3.49	--	127	44323	卖盘
13:17:23	3.49	--	123	42927	卖盘
13:17:18	3.49	--	156	54444	卖盘
13:17:13	3.49	--	30	10470	卖盘
13:17:08	3.49	--	83	28967	卖盘
13:17:03	3.49	-0.01	10	3490	卖盘
13:16:58	3.5	--	172	60200	买盘
13:16:53	3.5	0.01	22	7700	买盘
13:16:48	3.49	--	30	10470	卖盘
13:16:43	3.49	--	90	31410	卖盘
13:16:38	3.49	-0.01	321	112029	卖盘
13:16:33	3.5	0.01	3	1050	买盘
13:16:28	3.49	-0.01	19	6631	卖盘
13:16:23	3.5	0.01	140	49000	买盘
13:16:18	3.49	-0.01	69	24081	卖盘
13:16:13	3.5	--	40	14000	买盘
13:16:08	3.5	0.01	45	15750	买盘
13:16:03	3.49	--	34	11866	卖盘
13:15:58	3.49	--	273	95277	卖盘
13:15:52	3.49	--	642	224058	卖盘
13:15:48	3.49	--	15	5235	卖盘
13:15:43	3.49	-0.01	228	79572	卖盘
13:15:37	3.5	0.01	339	118650	买盘
13:15:33	3.49	--	110	38390	卖盘
13:15:28	3.49	--	251	87599	卖盘
13:15:22	3.49	--	68	23732	卖盘
13:15:18	3.49	--	317	110633	卖盘
13:15:13	3.49	--	9	3141	卖盘
13:15:07	3.49	--	55	19195	卖盘
13:15:03	3.49	--	53	18497	卖盘
13:14:58	3.49	--	105	36645	卖盘
13:14:52	3.49	--	68	23732	卖盘
13:14:48	3.49	-0.01	100	34900	卖盘
13:14:43	3.5	--	25	8750	买盘
13:14:37	3.5	0.01	210	73500	买盘
13:14:33	3.49	-0.01	35	12215	卖盘
13:14:28	3.5	--	5	1750	买盘
13:14:22	3.5	--	56	19600	买盘
13:14:18	3.5	0.01	61	21350	买盘
13:14:12	3.49	--	63	21987	卖盘
13:14:07	3.49	-0.01	120	41880	卖盘
13:14:03	3.5	--	142	49700	买盘
13:13:52	3.5	0.01	20	7000	买盘
13:13:47	3.49	--	38	13262	卖盘
13:13:42	3.49	-0.01	72	25128	卖盘
13:13:37	3.5	--	839	293650	买盘
13:13:32	3.5	0.01	37	12950	买盘
13:13:27	3.49	--	65	22685	卖盘
13:13:22	3.49	-0.01	134	46766	卖盘
13:13:17	3.5	0.01	202	70700	买盘
13:13:12	3.49	--	100	34900	卖盘
13:13:07	3.49	--	135	47115	卖盘
13:13:02	3.49	--	819	285831	卖盘
13:12:57	3.49	--	1	349	卖盘
13:12:52	3.49	--	180	62820	卖盘
13:12:47	3.49	-0.01	2028	707772	卖盘
13:12:42	3.5	0.01	1	350	买盘
13:12:37	3.49	--	36	12564	卖盘
13:12:32	3.49	--	91	31759	卖盘
13:12:27	3.49	--	50	17450	卖盘
13:12:22	3.49	-0.01	34	11866	卖盘
13:12:17	3.5	--	339	118650	买盘
13:12:12	3.5	--	17	5950	买盘
13:12:07	3.5	--	180	63000	买盘
13:12:02	3.5	0.01	206	72100	买盘
13:11:57	3.49	--	15	5235	卖盘
13:11:52	3.49	--	119	41531	卖盘
13:11:47	3.49	-0.01	87	30363	卖盘
13:11:37	3.5	0.01	52	18200	买盘
13:11:32	3.49	--	115	40135	卖盘
13:11:22	3.49	--	142	49558	卖盘
13:11:17	3.49	--	28	9772	卖盘
13:11:07	3.49	-0.01	533	186017	卖盘
13:11:02	3.5	--	61	21350	买盘
13:10:57	3.5	0.01	3	1050	买盘
13:10:52	3.49	-0.01	55	19195	卖盘
13:10:47	3.5	0.01	105	36750	买盘
13:10:42	3.49	-0.01	153	53397	卖盘
13:10:37	3.5	0.01	18	6300	买盘
13:10:32	3.49	-0.01	478	166822	卖盘
13:10:27	3.5	0.01	2	700	买盘
13:10:22	3.49	--	102	35598	卖盘
13:10:17	3.49	-0.01	5	1745	卖盘
13:10:12	3.5	--	5	1750	买盘
13:10:07	3.5	0.01	12	4200	买盘
13:10:02	3.49	-0.01	50	17450	卖盘
13:09:57	3.5	--	3	1050	买盘
13:09:52	3.5	0.01	186	65100	买盘
13:09:47	3.49	--	393	137331	卖盘
13:09:37	3.49	--	96	33504	卖盘
13:09:32	3.49	--	22	7678	卖盘
13:09:22	3.49	-0.01	426	148674	卖盘
13:09:17	3.5	0.01	202	70700	买盘
13:09:12	3.49	--	48	16752	卖盘
13:09:07	3.49	-0.01	73	25477	卖盘
13:09:02	3.5	0.01	167	58450	买盘
13:08:52	3.49	--	125	43625	卖盘
13:08:42	3.49	--	247	86203	卖盘
13:08:37	3.49	--	161	56189	卖盘
13:08:31	3.49	-0.01	25	8725	卖盘
13:08:27	3.5	0.01	515	180250	买盘
13:08:22	3.49	-0.01	157	54967	卖盘
13:08:16	3.5	--	84	29400	买盘
13:08:07	3.5	--	8	2800	买盘
13:08:01	3.5	0.01	54	18900	买盘
13:07:52	3.49	--	10	3490	卖盘
13:07:46	3.49	-0.01	100	34900	卖盘
13:07:37	3.5	0.01	82	28700	买盘
13:07:31	3.49	-0.01	3	1047	卖盘
13:07:27	3.5	--	4	1400	买盘
13:07:22	3.5	0.01	15	5250	买盘
13:07:16	3.49	-0.01	16	5584	卖盘
13:07:12	3.5	--	50	17500	买盘
13:07:06	3.5	0.01	91	31850	买盘
13:07:01	3.49	--	52	18148	卖盘
13:06:57	3.49	--	13	4537	卖盘
13:06:51	3.49	-0.01	3	1047	卖盘
13:06:46	3.5	--	141	49350	买盘
13:06:41	3.5	--	13	4550	买盘
13:06:36	3.5	--	39	13650	买盘
13:06:31	3.5	--	14	4900	买盘
13:06:26	3.5	0.01	75	26250	买盘
13:06:21	3.49	-0.01	7	2443	卖盘
13:06:16	3.5	--	17	5950	买盘
13:06:11	3.5	--	42	14700	买盘
13:06:06	3.5	--	9	3150	买盘
13:06:01	3.5	0.01	52	18200	买盘
13:05:56	3.49	--	55	19195	卖盘
13:05:46	3.49	--	66	23034	卖盘
13:05:41	3.49	--	11	3839	卖盘
13:05:36	3.49	-0.01	11	3839	卖盘
13:05:31	3.5	--	11	3850	买盘
13:05:26	3.5	0.01	184	64400	买盘
13:05:16	3.49	--	6	2094	卖盘
13:05:11	3.49	-0.01	508	177292	卖盘
13:05:01	3.5	0.01	21	7350	买盘
13:04:56	3.49	-0.01	55	19195	卖盘
13:04:51	3.5	0.01	30	10500	买盘
13:04:46	3.49	--	162	56538	卖盘
13:04:36	3.49	-0.01	25	8725	卖盘
13:04:31	3.5	--	10	3500	买盘
13:04:26	3.5	0.01	45	15750	买盘
13:04:16	3.49	-0.01	20	6980	卖盘
13:04:11	3.5	0.01	100	35000	买盘
13:04:06	3.49	-0.01	15	5235	卖盘
13:04:01	3.5	0.01	120	42000	买盘
13:03:56	3.49	--	3839	1339811	卖盘
13:03:46	3.49	-0.01	35	12215	卖盘
13:03:41	3.5	0.01	199	69650	买盘
13:03:36	3.49	--	30	10470	卖盘
13:03:31	3.49	--	70	24430	卖盘
13:03:26	3.49	--	152	53048	卖盘
13:03:21	3.49	--	10	3490	卖盘
13:03:16	3.49	-0.01	21	7329	卖盘
13:03:11	3.5	0.01	160	56000	买盘
13:03:06	3.49	--	3	1047	卖盘
13:02:46	3.49	-0.01	62	21638	卖盘
13:02:41	3.5	0.01	20	7000	买盘
13:02:31	3.49	--	96	33504	卖盘
13:02:26	3.49	-0.01	42	14658	卖盘
13:02:21	3.5	0.01	584	204400	买盘
13:02:16	3.49	--	200	69800	卖盘
13:02:11	3.49	-0.01	133	46417	卖盘
13:02:01	3.5	--	251	87850	买盘
13:01:56	3.5	--	2	700	买盘
13:01:51	3.5	0.01	126	44100	买盘
13:01:46	3.49	-0.01	4	1396	卖盘
13:01:41	3.5	--	286	100100	买盘
13:01:36	3.5	--	2800	980000	买盘
13:01:31	3.5	--	5	1750	买盘
13:01:25	3.5	0.01	451	157850	买盘
13:01:21	3.49	-0.01	10	3490	卖盘
13:01:16	3.5	--	108	37800	买盘
13:01:10	3.5	0.01	12	4200	买盘
13:01:01	3.49	-0.01	1090	380410	卖盘
13:00:55	3.5	0.01	16	5600	买盘
13:00:46	3.49	-0.01	79	27571	卖盘
13:00:40	3.5	0.01	8	2800	买盘
13:00:36	3.49	-0.01	95	33155	卖盘
13:00:31	3.5	--	50	17500	买盘
13:00:25	3.5	--	26	9100	买盘
13:00:10	3.5	--	5652	1978200	买盘
13:00:06	3.5	--	18200	6370000	买盘
11:30:00	3.5	--	0	0	买盘
11:29:59	3.5	--	0	0	买盘
11:29:59	3.5	--	21	7350	买盘
11:29:57	3.5	--	81	28350	买盘
11:29:51	3.5	0.01	90	31500	买盘
11:29:46	3.49	-0.01	6	2094	卖盘
11:29:42	3.5	0.01	67	23450	买盘
11:29:36	3.49	--	317	110633	卖盘
11:29:27	3.49	-0.01	20	6980	卖盘
11:29:21	3.5	--	198	69300	买盘
11:29:16	3.5	--	60	21000	买盘
11:29:12	3.5	--	50	17500	买盘
11:29:06	3.5	--	95	33250	买盘
11:28:57	3.5	0.01	216	75600	买盘
11:28:51	3.49	--	9	3141	卖盘
11:28:46	3.49	--	54	18846	卖盘
11:28:42	3.49	--	588	205212	卖盘
11:28:36	3.49	--	180	62820	卖盘
11:28:31	3.49	--	29	10295	卖盘
11:28:27	3.49	-0.01	2	698	卖盘
11:28:21	3.5	0.01	38	13300	买盘
11:28:16	3.49	--	240	83760	卖盘
11:28:12	3.49	--	20	6980	卖盘
11:28:06	3.49	--	14	4886	卖盘
11:28:01	3.49	-0.01	100	34900	卖盘
11:27:46	3.5	0.01	92	32200	买盘
11:27:42	3.49	-0.01	294	102606	卖盘
11:27:36	3.5	--	4	1400	买盘
11:27:31	3.5	0.01	62	21700	买盘
11:27:27	3.49	--	10	3490	卖盘
11:27:21	3.49	--	754	263146	卖盘
11:27:16	3.49	-0.01	51	17973	卖盘
11:27:12	3.5	--	433	151550	买盘
11:27:06	3.5	--	333	116550	买盘
11:27:01	3.5	0.01	101	35350	买盘
11:26:51	3.49	-0.01	336	117264	卖盘
11:26:46	3.5	--	72	25200	买盘
11:26:42	3.5	--	20	7000	买盘
11:26:36	3.5	--	517	180950	买盘
11:26:31	3.5	--	33	11550	买盘
11:26:27	3.5	--	243	85050	买盘
11:26:21	3.5	0.01	3	1050	买盘
11:26:16	3.49	--	139	48511	卖盘
11:26:11	3.49	-0.01	30	10470	卖盘
11:26:06	3.5	0.01	41	14350	买盘
11:26:01	3.49	--	236	82364	卖盘
11:25:56	3.49	--	75	26175	卖盘
11:25:51	3.49	--	222	77478	卖盘
11:25:46	3.49	-0.01	177	61773	卖盘
11:25:41	3.5	--	31	10850	买盘
11:25:36	3.5	--	37	12950	买盘
11:25:31	3.5	0.01	70	24500	买盘
11:25:26	3.49	--	500	174500	卖盘
11:25:21	3.49	-0.01	80	27920	卖盘
11:25:16	3.5	--	18	6300	买盘
11:25:11	3.5	0.01	18	6300	买盘
11:25:06	3.49	--	93	32457	卖盘
11:24:56	3.49	--	11	3839	卖盘
11:24:51	3.49	-0.01	74	25826	卖盘
11:24:46	3.5	--	1	350	买盘
11:24:41	3.5	0.01	4	1400	买盘
11:24:36	3.49	-0.01	61	21289	卖盘
11:24:31	3.5	0.01	38	13300	买盘
11:24:21	3.49	-0.01	100	34900	卖盘
11:24:16	3.5	--	229	80150	买盘
11:24:11	3.5	--	13	4550	买盘
11:24:06	3.5	0.01	172	60200	买盘
11:24:00	3.49	--	22	7678	卖盘
11:23:56	3.49	-0.01	81	28269	卖盘
11:23:51	3.5	0.01	2	700	买盘
11:23:45	3.49	--	253	88297	卖盘
11:23:36	3.49	--	82	28618	卖盘
11:23:30	3.49	--	750	261750	卖盘
11:23:25	3.49	--	50	17450	卖盘
11:23:15	3.49	-0.01	89	31061	卖盘
11:23:10	3.5	0.01	307	107450	买盘
11:23:06	3.49	--	1258	439042	卖盘
11:23:00	3.49	--	2065	720985	买盘
11:22:55	3.49	--	382	133318	买盘
11:22:51	3.49	--	60	20940	买盘
11:22:45	3.49	--	115	40135	买盘
11:22:40	3.49	--	522	182178	买盘
11:22:36	3.49	--	686	239462	卖盘
11:22:30	3.49	--	6	2094	卖盘
11:22:25	3.49	--	207	72243	卖盘
11:22:21	3.49	--	501	174849	卖盘
11:22:15	3.49	--	10	3490	卖盘
11:22:10	3.49	--	101	35249	卖盘
11:22:06	3.49	--	386	134714	卖盘
11:22:00	3.49	--	19	6631	卖盘
11:21:45	3.49	--	37	12913	卖盘
11:21:40	3.49	--	114	39786	卖盘
11:21:36	3.49	--	110	38390	卖盘
11:21:30	3.49	--	1112	388388	买盘
11:21:25	3.49	0.01	418	145882	买盘
11:21:21	3.48	-0.01	20	6960	卖盘
11:21:15	3.49	--	128	44672	买盘
11:21:10	3.49	--	103	35947	买盘
11:21:06	3.49	--	1057	368893	买盘
11:21:00	3.49	--	413	144137	买盘
11:20:55	3.49	0.01	61	21289	买盘
11:20:51	3.48	-0.01	86	29928	卖盘
11:20:45	3.49	--	150	52350	买盘
11:20:40	3.49	--	25	8725	买盘
11:20:36	3.49	0.01	42	14658	买盘
11:20:30	3.48	--	28	9744	卖盘
11:20:25	3.48	-0.01	201	69948	卖盘
11:20:21	3.49	0.01	55	19195	买盘
11:20:15	3.48	-0.01	913	317724	卖盘
11:20:10	3.49	--	65	22685	买盘
11:20:06	3.49	--	1042	363658	买盘
11:20:00	3.49	--	125	43625	买盘
11:19:55	3.49	--	120	41880	买盘
11:19:50	3.49	0.01	3	1047	买盘
11:19:45	3.48	-0.01	111	38628	卖盘
11:19:40	3.49	0.01	46	16054	买盘
11:19:35	3.48	-0.01	22	7656	卖盘
11:19:30	3.49	--	128	44672	买盘
11:19:25	3.49	0.01	31	10819	买盘
11:19:20	3.48	-0.01	48	16704	卖盘
11:19:15	3.49	--	166	57934	买盘
11:19:10	3.49	--	264	92136	买盘
11:19:00	3.49	0.01	18	6282	买盘
11:18:55	3.48	--	36	12528	卖盘
11:18:50	3.48	-0.01	256	89088	卖盘
11:18:45	3.49	0.01	15	5235	买盘
11:18:40	3.48	-0.01	48	16704	卖盘
11:18:35	3.49	0.01	20	6980	买盘
11:18:30	3.48	--	66	22968	卖盘
11:18:20	3.48	-0.01	400	139200	卖盘
11:18:15	3.49	--	248	86552	买盘
11:18:10	3.49	--	588	205212	买盘
11:18:05	3.49	0.01	20	6980	买盘
11:18:00	3.48	-0.01	274	95352	卖盘
11:17:55	3.49	--	140	48860	买盘
11:17:50	3.49	--	1953	681597	买盘
11:17:45	3.49	--	20	6980	买盘
11:17:40	3.49	--	29	10121	买盘
11:17:35	3.49	--	21	7329	买盘
11:17:30	3.49	0.01	122	42578	买盘
11:17:24	3.48	--	85	29580	卖盘
11:17:20	3.48	--	20	6960	卖盘
11:17:15	3.48	-0.01	1359	472932	卖盘
11:17:09	3.49	--	18	6282	买盘
11:17:05	3.49	0.01	50	17450	买盘
11:17:00	3.48	-0.01	57	19836	卖盘
11:16:54	3.49	--	130	45370	买盘
11:16:50	3.49	--	208	72592	买盘
11:16:45	3.49	--	315	109935	买盘
11:16:39	3.49	0.01	1484	517916	买盘
11:16:34	3.48	-0.01	237	82476	卖盘
11:16:30	3.49	0.01	170	59330	买盘
11:16:24	3.48	-0.01	403	140244	卖盘
11:16:19	3.49	0.01	51	17799	买盘
11:16:09	3.48	-0.01	27	9396	卖盘
11:16:04	3.49	--	591	206259	买盘
11:15:54	3.49	--	51	17799	买盘
11:15:49	3.49	--	92	32108	买盘
11:15:39	3.49	0.01	180	62820	买盘
11:15:34	3.48	-0.01	14	4872	卖盘
11:15:24	3.49	--	97	33853	买盘
11:15:19	3.49	0.01	131	45719	买盘
11:15:15	3.48	-0.01	12	4176	卖盘
11:15:09	3.49	--	126	43974	买盘
11:15:04	3.49	--	4	1396	买盘
11:14:54	3.49	0.01	571	199279	买盘
11:14:49	3.48	-0.01	187	65076	卖盘
11:14:45	3.49	--	14	4886	买盘
11:14:39	3.49	0.01	407	142043	买盘
11:14:34	3.48	--	53	18444	卖盘
11:14:24	3.48	-0.01	7	2436	卖盘
11:14:19	3.49	--	15	5235	买盘
11:14:15	3.49	--	120	41880	买盘
11:14:09	3.49	--	11	3839	买盘
11:14:04	3.49	--	26	9074	买盘
11:13:54	3.49	--	54	18846	买盘
11:13:49	3.49	--	12	4188	买盘
11:13:45	3.49	--	50	17450	买盘
11:13:39	3.49	--	10	3490	买盘
11:13:34	3.49	--	182	63518	买盘
11:13:30	3.49	--	85	29665	买盘
11:13:24	3.49	0.01	50	17450	买盘
11:13:19	3.48	-0.01	190	66120	卖盘
11:13:15	3.49	--	1	349	买盘
11:13:09	3.49	--	236	82364	买盘
11:13:04	3.49	--	679	236971	买盘
11:12:59	3.49	--	10	3490	买盘
11:12:54	3.49	--	60	20940	买盘
11:12:49	3.49	--	42	14658	买盘
11:12:44	3.49	--	63	21987	买盘
11:12:39	3.49	--	61	21289	买盘
11:12:34	3.49	0.01	811	283039	买盘
11:12:29	3.48	-0.01	590	205320	卖盘
11:12:24	3.49	--	98	34202	买盘
11:12:19	3.49	--	387	135063	买盘
11:12:14	3.49	--	17	5933	买盘
11:12:09	3.49	--	159	55491	买盘
11:12:04	3.49	--	104	36296	买盘
11:11:54	3.49	--	104	36296	买盘
11:11:49	3.49	--	52	18148	买盘
11:11:44	3.49	--	27	9423	买盘
11:11:39	3.49	--	85	29665	买盘
11:11:34	3.49	--	102	35598	买盘
11:11:29	3.49	--	741	258657	卖盘
11:11:24	3.49	--	222	77478	卖盘
11:11:19	3.49	--	1	349	卖盘
11:11:14	3.49	--	123	42927	卖盘
11:11:04	3.49	-0.01	593	206957	卖盘
11:10:59	3.5	0.01	231	80850	买盘
11:10:54	3.49	--	38	13262	卖盘
11:10:49	3.49	--	229	79921	卖盘
11:10:44	3.49	--	50	17450	卖盘
11:10:39	3.49	--	7	2743	买盘
11:10:33	3.49	--	20	6980	买盘
11:10:29	3.49	--	127	44323	买盘
11:10:24	3.49	--	1357	473641	卖盘
11:10:18	3.49	-0.01	12	4188	卖盘
11:10:14	3.5	--	721	252651	买盘
11:10:09	3.5	0.01	254	88900	买盘
11:10:03	3.49	-0.01	520	181480	卖盘
11:09:54	3.5	0.01	45	15750	买盘
11:09:48	3.49	--	169	58981	卖盘
11:09:43	3.49	--	10	3490	卖盘
11:09:33	3.49	--	125	43625	卖盘
11:09:28	3.49	--	64	22336	卖盘
11:09:24	3.49	--	3	1047	卖盘
11:09:18	3.49	-0.01	200	69800	卖盘
11:09:13	3.5	0.01	12	4200	买盘
11:09:09	3.49	--	1020	355980	卖盘
11:09:03	3.49	--	92	32108	卖盘
11:08:58	3.49	-0.01	26	9074	卖盘
11:08:54	3.5	0.01	212	74200	买盘
11:08:48	3.49	--	8	2792	卖盘
11:08:43	3.49	--	70	24430	卖盘
11:08:39	3.49	-0.01	626	218474	卖盘
11:08:33	3.5	0.01	34	11900	买盘
11:08:28	3.49	--	38	13262	卖盘
11:08:24	3.49	--	187	65263	卖盘
11:08:18	3.49	--	228	79572	卖盘
11:08:13	3.49	--	171	59679	卖盘
11:08:09	3.49	--	173	60377	卖盘
11:08:03	3.49	--	195	68055	卖盘
11:07:58	3.49	-0.01	47	16403	卖盘
11:07:54	3.5	0.01	50	17500	买盘
11:07:48	3.49	-0.01	629	219521	卖盘
11:07:43	3.5	0.01	277	96950	买盘
11:07:39	3.49	--	11	3839	卖盘
11:07:33	3.49	-0.01	3	1047	卖盘
11:07:28	3.5	0.01	46	16100	买盘
11:07:18	3.49	-0.01	5	1745	卖盘
11:07:13	3.5	--	38	13300	买盘
11:07:03	3.5	--	465	162750	买盘
11:06:58	3.5	0.01	3	1050	买盘
11:06:54	3.49	--	3	1047	卖盘
11:06:48	3.49	--	30	10470	卖盘
11:06:43	3.49	--	589	205561	卖盘
11:06:39	3.49	-0.01	286	99814	卖盘
11:06:28	3.5	--	543	190050	买盘
11:06:24	3.5	--	17	5950	买盘
11:06:18	3.5	0.01	126	44100	买盘
11:06:13	3.49	-0.01	143	49907	卖盘
11:06:08	3.5	0.01	13	4550	买盘
11:06:03	3.49	-0.01	1875	654375	卖盘
11:05:58	3.5	0.01	98	34300	买盘
11:05:53	3.49	--	653	227897	卖盘
11:05:48	3.49	--	163	56887	卖盘
11:05:38	3.49	--	63	21987	卖盘
11:05:33	3.49	--	17	5933	卖盘
11:05:28	3.49	-0.01	80	27920	卖盘
11:05:23	3.5	0.01	1	350	买盘
11:05:18	3.49	--	94	32806	卖盘
11:05:13	3.49	-0.01	633	220917	卖盘
11:05:08	3.5	--	22	7700	买盘
11:05:03	3.5	0.01	149	52150	买盘
11:04:58	3.49	0.01	190	66310	卖盘
11:04:53	3.48	--	0	0	卖盘
11:04:48	3.48	-0.01	860	299280	卖盘
11:04:43	3.49	--	501	174849	卖盘
11:04:38	3.49	--	53	18497	卖盘
11:04:33	3.49	--	253	88297	卖盘
11:04:28	3.49	-0.01	47	16403	卖盘
11:04:23	3.5	0.01	125	43750	买盘
11:04:18	3.49	--	43	15007	卖盘
11:04:13	3.49	--	113	39437	卖盘
11:04:08	3.49	--	1	349	卖盘
11:03:57	3.49	--	882	307818	卖盘
11:03:48	3.49	--	601	209783	买盘
11:03:42	3.49	--	85	29665	买盘
11:03:38	3.49	--	111	38739	买盘
11:03:33	3.49	--	363	126687	买盘
11:03:27	3.49	--	147	51303	买盘
11:03:23	3.49	--	100	34900	买盘
11:03:18	3.49	--	84	29316	买盘
11:03:12	3.49	--	103	35947	买盘
11:03:08	3.49	--	34	11866	买盘
11:03:03	3.49	--	83	28967	买盘
11:02:57	3.49	0.01	187	65263	买盘
11:02:52	3.48	-0.01	4	1392	卖盘
11:02:48	3.49	--	80	27920	买盘
11:02:42	3.49	--	21	7329	买盘
11:02:37	3.49	--	321	112029	买盘
11:02:33	3.49	--	367	128397	卖盘
11:02:27	3.49	--	113	39437	卖盘
11:02:22	3.49	--	154	53746	卖盘
11:02:18	3.49	--	657	229293	卖盘
11:02:12	3.49	--	17	5933	卖盘
11:02:07	3.49	--	98	34202	卖盘
11:01:57	3.49	--	900	314100	卖盘
11:01:52	3.49	--	20	6980	卖盘
11:01:48	3.49	--	5	1745	卖盘
11:01:42	3.49	--	305	106619	卖盘
11:01:37	3.49	-0.01	30	10470	卖盘
11:01:22	3.5	--	138	48300	买盘
11:01:18	3.5	0.01	91	31850	买盘
11:01:12	3.49	--	46	16054	卖盘
11:01:07	3.49	--	61	21289	卖盘
11:00:57	3.49	-0.01	55	19195	卖盘
11:00:52	3.5	0.01	49	17150	买盘
11:00:48	3.49	--	78	27222	卖盘
11:00:42	3.49	--	30	10679	卖盘
11:00:37	3.49	--	4	1396	卖盘
11:00:33	3.49	--	50	17450	卖盘
11:00:27	3.49	--	30	10470	卖盘
11:00:22	3.49	--	47	16403	卖盘
11:00:18	3.49	-0.01	53	18497	卖盘
11:00:12	3.5	0.01	65	22750	买盘
11:00:07	3.49	--	5	1745	卖盘
11:00:03	3.49	--	10	3490	卖盘
10:59:57	3.49	-0.01	63	21987	卖盘
10:59:52	3.5	0.01	129	45150	买盘
10:59:48	3.49	--	22	7678	卖盘
10:59:42	3.49	--	18	6282	卖盘
10:59:37	3.49	--	200	69800	卖盘
10:59:33	3.49	--	2	698	卖盘
10:59:27	3.49	--	52	18148	卖盘
10:59:22	3.49	--	145	50605	买盘
10:59:12	3.49	--	529	184621	买盘
10:59:07	3.49	--	185	64565	卖盘
10:59:02	3.49	--	935	326315	卖盘
10:58:57	3.49	--	60	20940	卖盘
10:58:52	3.49	--	33	11517	卖盘
10:58:47	3.49	--	30	10470	卖盘
10:58:42	3.49	--	23	8027	卖盘
10:58:37	3.49	--	15	5235	卖盘
10:58:32	3.49	-0.01	30	10470	卖盘
10:58:27	3.5	0.01	407	142450	买盘
10:58:22	3.49	--	222	77478	卖盘
10:58:17	3.49	--	74	25826	卖盘
10:58:12	3.49	--	309	107841	买盘
10:58:07	3.49	--	382	133318	买盘
10:58:02	3.49	--	37	12913	买盘
10:57:57	3.49	--	263	91787	买盘
10:57:52	3.49	0.01	53	18497	买盘
10:57:42	3.48	-0.01	3124	1087152	卖盘
10:57:37	3.49	--	35	12215	买盘
10:57:32	3.49	--	20	6980	买盘
10:57:27	3.49	--	202	70498	买盘
10:57:22	3.49	0.01	182	63518	买盘
10:57:17	3.48	-0.01	474	164952	卖盘
10:57:12	3.49	--	778	271522	买盘
10:57:06	3.49	0.01	53	18497	买盘
10:57:02	3.48	--	25	8700	卖盘
10:56:57	3.48	-0.01	5158	1794984	卖盘
10:56:51	3.49	--	15	5235	买盘
10:56:47	3.49	--	510	177990	买盘
10:56:42	3.49	0.01	163	56887	买盘
10:56:36	3.48	--	5232	1820736	卖盘
10:56:27	3.48	--	376	130848	卖盘
10:56:21	3.48	-0.01	77	26796	卖盘
10:56:16	3.49	--	273	95277	买盘
10:56:12	3.49	--	600	209400	买盘
10:56:06	3.49	-0.01	2073	723477	卖盘
10:56:01	3.5	0.01	74	25900	买盘
10:55:51	3.49	--	144	50256	卖盘
10:55:46	3.49	-0.01	212	73988	卖盘
10:55:42	3.5	--	94	32900	买盘
10:55:36	3.5	--	5022	1757700	买盘
10:55:21	3.5	--	8	2800	买盘
10:55:16	3.5	--	220	77000	买盘
10:55:06	3.5	--	94	32900	买盘
10:55:01	3.5	0.01	49	17150	买盘
10:54:57	3.49	--	394	137506	卖盘
10:54:51	3.49	-0.01	534	186366	卖盘
10:54:46	3.5	0.01	236	82600	买盘
10:54:42	3.49	--	370	129130	卖盘
10:54:36	3.49	--	2	698	卖盘
10:54:31	3.49	-0.01	740	258260	卖盘
10:54:27	3.5	--	9	3150	买盘
10:54:21	3.5	0.01	74	25900	买盘
10:54:16	3.49	-0.01	208	72592	卖盘
10:54:12	3.5	0.01	40	14000	买盘
10:54:06	3.49	--	533	186017	卖盘
10:54:01	3.49	--	7	2443	卖盘
10:53:57	3.49	--	409	142741	卖盘
10:53:46	3.49	--	83	28967	卖盘
10:53:42	3.49	-0.01	500	174500	卖盘
10:53:36	3.5	0.01	62	21700	买盘
10:53:31	3.49	--	100	34900	卖盘
10:53:21	3.49	--	645	225105	卖盘
10:53:16	3.49	--	1	349	卖盘
10:53:12	3.49	--	16	5584	卖盘
10:53:06	3.49	--	536	187064	卖盘
10:52:57	3.49	--	35	12215	卖盘
10:52:51	3.49	--	215	75035	卖盘
10:52:46	3.49	--	168	58632	卖盘
10:52:41	3.49	-0.01	30	10470	卖盘
10:52:36	3.5	0.01	10	3500	买盘
10:52:31	3.49	--	890	310610	卖盘
10:52:26	3.49	-0.01	439	153211	卖盘
10:52:21	3.5	0.01	99	34650	买盘
10:52:16	3.49	--	7	2443	卖盘
10:52:11	3.49	-0.01	330	115170	卖盘
10:52:06	3.5	0.01	154	53900	买盘
10:52:01	3.49	--	11	3839	卖盘
10:51:56	3.49	--	35	12215	卖盘
10:51:51	3.49	--	38	13262	卖盘
10:51:46	3.49	--	46	16054	卖盘
10:51:41	3.49	-0.01	377	131573	卖盘
10:51:31	3.5	0.01	12	4200	买盘
10:51:21	3.49	-0.01	14	4886	卖盘
10:51:16	3.5	0.01	23	8050	买盘
10:51:11	3.49	-0.01	119	41531	卖盘
10:51:06	3.5	--	75	26250	买盘
10:51:01	3.5	0.01	46	16100	买盘
10:50:51	3.49	--	77	26873	卖盘
10:50:46	3.49	--	5	1745	卖盘
10:50:41	3.49	--	627	218823	卖盘
10:50:36	3.49	--	63	21987	卖盘
10:50:30	3.49	--	42	14658	卖盘
10:50:21	3.49	--	179	62471	卖盘
10:50:15	3.49	--	100	34900	卖盘
10:50:11	3.49	--	5	1745	卖盘
10:50:06	3.49	--	230	80270	卖盘
10:50:00	3.49	-0.01	10	3490	卖盘
10:49:51	3.5	0.01	315	110250	买盘
10:49:45	3.49	--	167	58283	卖盘
10:49:40	3.49	--	342	119358	卖盘
10:49:36	3.49	--	52	18148	卖盘
10:49:30	3.49	--	18	6282	卖盘
10:49:25	3.49	--	6	2094	卖盘
10:49:21	3.49	--	19	6631	卖盘
10:49:15	3.49	--	92	32108	卖盘
10:49:10	3.49	-0.01	50	17450	卖盘
10:49:06	3.5	0.01	42	14700	买盘
10:49:00	3.49	-0.01	210	73290	卖盘
10:48:55	3.5	0.01	144	50400	买盘
10:48:51	3.49	-0.01	12	4188	卖盘
10:48:45	3.5	0.01	27	9450	买盘
10:48:40	3.49	-0.01	257	89693	卖盘
10:48:36	3.5	0.01	1116	390600	买盘
10:48:30	3.49	--	641	223709	卖盘
10:48:25	3.49	--	88	30712	卖盘
10:48:21	3.49	--	20	6980	卖盘
10:48:15	3.49	--	52	18148	卖盘
10:48:10	3.49	--	240	83760	卖盘
10:48:06	3.49	--	37	12913	卖盘
10:48:00	3.49	--	60	20940	卖盘
10:47:55	3.49	--	127	44323	卖盘
10:47:51	3.49	--	34	11866	卖盘
10:47:45	3.49	--	32	11168	卖盘
10:47:40	3.49	--	131	45719	卖盘
10:47:36	3.49	--	44	15356	卖盘
10:47:30	3.49	--	6295	2196955	卖盘
10:47:25	3.49	--	73	25477	卖盘
10:47:21	3.49	--	31	10819	卖盘
10:47:15	3.49	--	43	15007	卖盘
10:47:10	3.49	--	494	172406	卖盘
10:47:06	3.49	--	7	2443	卖盘
10:47:00	3.49	--	1978	690322	卖盘
10:46:55	3.49	--	455	158795	卖盘
10:46:51	3.49	--	811	283039	卖盘
10:46:45	3.49	--	64	22510	卖盘
10:46:40	3.49	--	200	69800	卖盘
10:46:30	3.49	--	43	15007	卖盘
10:46:25	3.49	--	303	105747	卖盘
10:46:21	3.49	--	12	4188	卖盘
10:46:15	3.49	--	205	71545	卖盘
10:46:10	3.49	--	66	23034	卖盘
10:46:00	3.49	--	202	70498	卖盘
10:45:55	3.49	--	143	49907	买盘
10:45:50	3.49	--	278	97022	买盘
10:45:45	3.49	0.01	263	91787	买盘
10:45:40	3.48	-0.01	1475	513300	卖盘
10:45:35	3.49	--	37	12913	买盘
10:45:30	3.49	--	2708	945092	买盘
10:45:25	3.49	--	2675	933575	买盘
10:45:20	3.49	--	19	6631	买盘
10:45:15	3.49	--	1650	575850	买盘
10:45:10	3.49	0.01	116	40484	买盘
10:45:05	3.48	-0.01	64	22272	卖盘
10:45:00	3.49	--	4695	1638555	买盘
10:44:55	3.49	--	330	115170	买盘
10:44:50	3.49	--	159	55491	买盘
10:44:45	3.49	--	72	25128	买盘
10:44:40	3.49	--	264	92136	买盘
10:44:30	3.49	--	365	127385	买盘
10:44:25	3.49	--	99	34551	买盘
10:44:20	3.49	0.01	231	80619	买盘
10:44:15	3.48	--	365	127020	卖盘
10:44:10	3.48	-0.01	109	37932	卖盘
10:44:05	3.49	0.01	308	107492	买盘
10:44:00	3.48	--	801	278748	卖盘
10:43:54	3.48	-0.01	405	140940	卖盘
10:43:50	3.49	--	11	3839	买盘
10:43:45	3.49	--	541	188809	买盘
10:43:39	3.49	--	52	18148	买盘
10:43:35	3.49	0.01	39	13611	买盘
10:43:30	3.48	--	120	41760	卖盘
10:43:24	3.48	--	906	315288	卖盘
10:43:20	3.48	-0.01	7	2436	卖盘
10:43:15	3.49	--	231	80619	买盘
10:43:09	3.49	0.01	292	101908	买盘
10:43:00	3.48	-0.01	104	36192	卖盘
10:42:54	3.49	0.01	230	80270	买盘
10:42:49	3.48	--	59	20532	卖盘
10:42:45	3.48	-0.01	70	24360	卖盘
10:42:39	3.49	0.01	100	34900	买盘
10:42:34	3.48	-0.01	325	113100	卖盘
10:42:24	3.49	0.01	73	25477	买盘
10:42:19	3.48	-0.01	280	97440	卖盘
10:42:15	3.49	0.01	56	19544	买盘
10:42:09	3.48	-0.01	440	153120	卖盘
10:42:04	3.49	--	326	113774	买盘
10:42:00	3.49	--	5	1745	买盘
10:41:54	3.49	--	533	186017	买盘
10:41:49	3.49	0.01	459	160191	买盘
10:41:45	3.48	-0.01	103	35844	卖盘
10:41:39	3.49	--	183	63867	买盘
10:41:34	3.49	--	151	52699	买盘
10:41:30	3.49	--	148	51652	买盘
10:41:24	3.49	--	3225	1125525	买盘
10:41:19	3.49	--	79	27571	买盘
10:41:15	3.49	--	115	40309	买盘
10:41:09	3.49	0.01	154	53746	买盘
10:41:04	3.48	-0.01	40	13920	卖盘
10:41:00	3.49	--	20	6980	买盘
10:40:54	3.49	--	128	44672	买盘
10:40:49	3.49	--	107	37343	买盘
10:40:45	3.49	0.01	25	8725	买盘
10:40:39	3.48	-0.01	305	106140	卖盘
10:40:34	3.49	0.01	200	69800	买盘
10:40:30	3.48	-0.01	26	9048	卖盘
10:40:24	3.49	--	10146	3540954	买盘
10:40:19	3.49	--	140	48860	买盘
10:40:15	3.49	--	5	1745	买盘
10:40:09	3.49	--	166	57934	买盘
10:40:04	3.49	--	46	16054	买盘
10:40:00	3.49	--	12	4188	买盘
10:39:54	3.49	0.01	425	148325	买盘
10:39:49	3.48	-0.01	29	10092	卖盘
10:39:44	3.49	0.01	79	27571	买盘
10:39:39	3.48	-0.01	138	48024	卖盘
10:39:34	3.49	0.01	111	38739	买盘
10:39:29	3.48	-0.01	1	348	卖盘
10:39:24	3.49	--	1199	418451	买盘
10:39:19	3.49	0.01	278	97022	买盘
10:39:14	3.48	-0.01	500	174000	卖盘
10:39:09	3.49	0.01	1032	360168	买盘
10:39:04	3.48	-0.01	1474	512952	卖盘
10:38:59	3.49	--	55	19195	买盘
10:38:54	3.49	--	241	84109	买盘
10:38:49	3.49	0.01	154	53746	买盘
10:38:44	3.48	-0.01	1	348	卖盘
10:38:39	3.49	--	62	21638	买盘
10:38:34	3.49	--	179	62471	买盘
10:38:29	3.49	--	30	10470	买盘
10:38:24	3.49	--	327	114123	买盘
10:38:19	3.49	--	41	14309	买盘
10:38:14	3.49	--	60	20940	买盘
10:38:09	3.49	--	15	5235	买盘
10:38:04	3.49	--	75	26175	买盘
10:37:59	3.49	--	91	31923	卖盘
10:37:54	3.49	--	931	324919	卖盘
10:37:49	3.49	--	5484	1913916	卖盘
10:37:39	3.49	-0.01	2599	907051	卖盘
10:37:33	3.5	0.01	4818	1686300	买盘
10:37:29	3.49	--	71	24779	卖盘
10:37:24	3.49	--	1826	637274	卖盘
10:37:18	3.49	--	2189	763961	卖盘
10:37:14	3.49	--	522	182178	卖盘
10:37:09	3.49	--	787	274663	卖盘
10:37:03	3.49	--	508	177292	卖盘
10:36:59	3.49	--	234	81666	卖盘
10:36:54	3.49	-0.01	2218	774082	卖盘
10:36:48	3.5	--	181	63350	买盘
10:36:43	3.5	0.01	155	54250	买盘
10:36:39	3.49	--	66	23034	卖盘
10:36:33	3.49	--	140	48860	卖盘
10:36:28	3.49	--	120	41880	卖盘
10:36:18	3.49	--	5137	1792813	卖盘
10:36:13	3.49	--	169	58981	卖盘
10:36:09	3.49	-0.01	193	67357	卖盘
10:36:03	3.5	--	542	189700	买盘
10:35:58	3.5	0.01	140	49000	买盘
10:35:54	3.49	--	780	272220	卖盘
10:35:48	3.49	--	16	5584	卖盘
10:35:43	3.49	-0.01	205	71545	卖盘
10:35:39	3.5	0.01	5	1750	买盘
10:35:33	3.49	--	9	3141	卖盘
10:35:28	3.49	--	585	204165	卖盘
10:35:24	3.49	-0.01	15	5235	卖盘
10:35:18	3.5	--	111	38850	买盘
10:35:13	3.5	--	75	26250	买盘
10:35:09	3.5	0.01	15	5250	买盘
10:35:03	3.49	--	61	21289	卖盘
10:34:58	3.49	-0.01	18	6282	卖盘
10:34:54	3.5	0.01	20	7000	买盘
10:34:48	3.49	-0.01	41	14309	卖盘
10:34:43	3.5	--	10	3500	买盘
10:34:39	3.5	0.01	5	1750	买盘
10:34:33	3.49	--	202	70498	卖盘
10:34:28	3.49	--	354	123546	卖盘
10:34:24	3.49	--	51	17799	卖盘
10:34:18	3.49	--	413	144137	卖盘
10:34:13	3.49	-0.01	66	23034	卖盘
10:34:08	3.5	0.01	21	7350	买盘
10:34:03	3.49	--	405	141345	卖盘
10:33:58	3.49	--	150	52350	卖盘
10:33:54	3.49	-0.01	12	4188	卖盘
10:33:48	3.5	--	170	59500	买盘
10:33:43	3.5	--	10	3500	买盘
10:33:38	3.5	0.01	54	18900	买盘
10:33:28	3.49	-0.01	22	7678	卖盘
10:33:23	3.5	--	3	1050	买盘
10:33:18	3.5	0.01	2	700	买盘
10:33:13	3.49	-0.01	70	24430	卖盘
10:33:08	3.5	0.01	5	1750	买盘
10:33:03	3.49	--	57	19893	卖盘
10:32:58	3.49	-0.01	98	34202	卖盘
10:32:53	3.5	0.01	50	17500	买盘
10:32:48	3.49	--	57	19893	卖盘
10:32:43	3.49	-0.01	94	32806	卖盘
10:32:38	3.5	--	15	5250	买盘
10:32:33	3.5	--	16	5600	买盘
10:32:28	3.5	0.01	61	21350	买盘
10:32:23	3.49	--	122	42578	卖盘
10:32:18	3.49	--	26	9074	卖盘
10:32:13	3.49	-0.01	35	12215	卖盘
10:32:08	3.5	0.01	28	9800	买盘
10:32:03	3.49	-0.01	111	38739	卖盘
10:31:58	3.5	--	58	20300	买盘
10:31:53	3.5	0.01	1849	647150	买盘
10:31:48	3.49	-0.01	77	26873	卖盘
10:31:43	3.5	--	7	2450	买盘
10:31:38	3.5	0.01	49	17150	买盘
10:31:33	3.49	--	20	6980	卖盘
10:31:28	3.49	--	55	19195	卖盘
10:31:23	3.49	--	6	2094	卖盘
10:31:18	3.49	--	122	42578	卖盘
10:31:13	3.49	-0.01	260	90740	卖盘
10:31:08	3.5	--	3146	1101100	买盘
10:31:03	3.5	0.01	482	168700	买盘
10:30:57	3.49	--	237	82713	卖盘
10:30:53	3.49	--	120	41880	卖盘
10:30:48	3.49	--	968	337832	卖盘
10:30:42	3.49	--	1440	502563	卖盘
10:30:38	3.49	-0.01	23	8027	卖盘
10:30:33	3.5	0.01	112	39200	买盘
10:30:27	3.49	-0.01	62	21638	卖盘
10:30:23	3.5	0.01	10	3500	买盘
10:30:18	3.49	-0.01	55	19195	卖盘
10:30:12	3.5	--	400	140000	买盘
10:30:07	3.5	--	84	29400	买盘
10:30:03	3.5	0.01	20	7000	买盘
10:29:57	3.49	--	240	83760	卖盘
10:29:52	3.49	--	478	166822	卖盘
10:29:48	3.49	--	140	48860	卖盘
10:29:42	3.49	--	139	48511	卖盘
10:29:37	3.49	-0.01	48	16752	卖盘
10:29:33	3.5	--	3	1050	买盘
10:29:27	3.5	0.01	4	1400	买盘
10:29:22	3.49	--	35	12215	卖盘
10:29:18	3.49	--	202	70498	卖盘
10:29:12	3.49	-0.01	801	279549	卖盘
10:29:07	3.5	--	9	3150	买盘
10:29:03	3.5	--	10	3500	买盘
10:28:57	3.5	--	91	31850	买盘
10:28:52	3.5	--	54	18900	买盘
10:28:42	3.5	0.01	21	7350	买盘
10:28:37	3.49	--	69	24081	卖盘
10:28:27	3.49	--	207	72243	卖盘
10:28:22	3.49	-0.01	54	18846	卖盘
10:28:18	3.5	0.01	52	18200	买盘
10:28:12	3.49	-0.01	1	349	卖盘
10:28:07	3.5	0.01	93	32550	买盘
10:28:03	3.49	--	273	95277	卖盘
10:27:57	3.49	-0.01	123	42927	卖盘
10:27:52	3.5	--	162	56700	买盘
10:27:48	3.5	--	3	1050	买盘
10:27:42	3.5	0.01	344	120400	买盘
10:27:37	3.49	-0.01	167	58283	卖盘
10:27:33	3.5	0.01	31	10850	买盘
10:27:27	3.49	-0.01	75	26175	卖盘
10:27:22	3.5	--	84	29400	买盘
10:27:18	3.5	0.01	384	134400	买盘
10:27:12	3.49	-0.01	35	12215	卖盘
10:27:07	3.5	--	3058	1070300	买盘
10:27:02	3.5	0.01	25	8750	买盘
10:26:57	3.49	--	51	17799	卖盘
10:26:52	3.49	--	139	48511	卖盘
10:26:47	3.49	--	109	38041	卖盘
10:26:42	3.49	-0.01	1302	454398	卖盘
10:26:37	3.5	0.01	121	42350	买盘
10:26:32	3.49	-0.01	16	5584	卖盘
10:26:27	3.5	0.01	8	2803	买盘
10:26:12	3.49	-0.01	265	92485	卖盘
10:26:07	3.5	0.01	190	66500	买盘
10:26:02	3.49	-0.01	16	5584	卖盘
10:25:57	3.5	--	479	167650	买盘
10:25:52	3.5	0.01	18	6300	买盘
10:25:47	3.49	--	17	5933	卖盘
10:25:42	3.49	-0.01	157	54793	卖盘
10:25:37	3.5	0.01	170	59500	买盘
10:25:32	3.49	-0.01	25	8725	卖盘
10:25:27	3.5	0.01	215	75250	买盘
10:25:22	3.49	-0.01	342	119358	卖盘
10:25:17	3.5	--	28	9800	买盘
10:25:12	3.5	0.01	20	7000	买盘
10:25:07	3.49	-0.01	225	78525	卖盘
10:25:02	3.5	--	5	1750	买盘
10:24:57	3.5	--	108	37800	买盘
10:24:52	3.5	0.01	204	71400	买盘
10:24:47	3.49	--	7	2443	卖盘
10:24:42	3.49	--	7	2443	卖盘
10:24:37	3.49	--	88	30712	卖盘
10:24:32	3.49	-0.01	9	3141	卖盘
10:24:27	3.5	--	36	12775	买盘
10:24:21	3.5	--	95	33250	买盘
10:24:17	3.5	--	16	5600	买盘
10:24:12	3.5	--	190	66500	买盘
10:24:06	3.5	0.01	12	4200	买盘
10:24:02	3.49	--	17	5933	卖盘
10:23:57	3.49	-0.01	385	134365	卖盘
10:23:47	3.5	0.01	44	15400	买盘
10:23:42	3.49	-0.01	53	18497	卖盘
10:23:36	3.5	0.01	124	43400	买盘
10:23:31	3.49	--	1233	430317	卖盘
10:23:27	3.49	--	34	11866	卖盘
10:23:21	3.49	-0.01	29	10121	卖盘
10:23:16	3.5	0.01	45	15750	买盘
10:23:12	3.49	-0.01	1	349	卖盘
10:23:06	3.5	--	75	26250	买盘
10:23:01	3.5	0.01	288	100800	买盘
10:22:57	3.49	--	660	230340	卖盘
10:22:51	3.49	-0.01	222	77478	卖盘
10:22:46	3.5	--	207	72450	买盘
10:22:42	3.5	--	2	700	买盘
10:22:36	3.5	--	127	44450	买盘
10:22:31	3.5	0.01	31	10850	买盘
10:22:27	3.49	-0.01	12	4188	卖盘
10:22:21	3.5	--	1018	356300	买盘
10:22:16	3.5	0.01	344	120400	买盘
10:22:12	3.49	-0.01	229	79921	卖盘
10:22:06	3.5	0.01	52	18200	买盘
10:22:01	3.49	--	5	1745	卖盘
10:21:57	3.49	--	333	116217	卖盘
10:21:51	3.49	-0.01	488	170312	卖盘
10:21:46	3.5	--	4	1400	买盘
10:21:42	3.5	0.01	196	68600	买盘
10:21:36	3.49	--	300	104700	卖盘
10:21:31	3.49	--	157	54793	卖盘
10:21:21	3.49	--	100	34900	卖盘
10:21:16	3.49	--	22	7678	卖盘
10:21:12	3.49	-0.01	860	300140	卖盘
10:21:06	3.5	0.01	72	25200	买盘
10:21:01	3.49	--	1169	407981	卖盘
10:20:56	3.49	--	56	19544	卖盘
10:20:51	3.49	-0.01	70	24430	卖盘
10:20:46	3.5	0.01	3	1050	买盘
10:20:41	3.49	-0.01	52	18148	卖盘
10:20:36	3.5	--	329	115150	买盘
10:20:31	3.5	0.01	106	37100	买盘
10:20:26	3.49	-0.01	99	34551	卖盘
10:20:21	3.5	--	25	8750	买盘
10:20:16	3.5	0.01	285	99750	买盘
10:20:11	3.49	-0.01	162	56538	卖盘
10:20:06	3.5	--	250	87500	买盘
10:20:01	3.5	--	61	21350	买盘
10:19:56	3.5	--	15	5250	买盘
10:19:51	3.5	--	250	87500	买盘
10:19:46	3.5	0.01	37	12950	买盘
10:19:41	3.49	-0.01	184	64216	卖盘
10:19:36	3.5	0.01	182	63700	买盘
10:19:31	3.49	-0.01	95	33155	卖盘
10:19:26	3.5	--	28	9800	买盘
10:19:21	3.5	0.01	116	40600	买盘
10:19:16	3.49	--	67	23383	卖盘
10:19:06	3.49	-0.01	110	38390	卖盘
10:19:01	3.5	0.01	584	204400	买盘
10:18:56	3.49	-0.01	1908	665892	卖盘
10:18:51	3.5	0.01	141	49350	买盘
10:18:46	3.49	--	38	13262	卖盘
10:18:41	3.49	--	5	1745	卖盘
10:18:36	3.49	-0.01	41	14309	卖盘
10:18:31	3.5	0.01	5	1750	买盘
10:18:26	3.49	--	3	1047	卖盘
10:18:21	3.49	-0.01	171	59679	卖盘
10:18:16	3.5	0.01	267	93450	买盘
10:18:11	3.49	-0.01	21	7329	卖盘
10:18:06	3.5	0.01	30	10500	买盘
10:18:01	3.49	-0.01	12	4188	卖盘
10:17:51	3.5	0.01	108	37800	买盘
10:17:46	3.49	-0.01	110	38390	卖盘
10:17:41	3.5	--	64	22400	买盘
10:17:36	3.5	--	100	35000	买盘
10:17:30	3.5	0.01	348	121800	买盘
10:17:26	3.49	-0.01	87	30363	卖盘
10:17:21	3.5	--	145	50750	买盘
10:17:15	3.5	--	352	123200	买盘
10:17:11	3.5	--	2	700	买盘
10:17:06	3.5	0.01	187	65450	买盘
10:17:00	3.49	-0.01	2	698	卖盘
10:16:55	3.5	--	321	112350	买盘
10:16:51	3.5	0.01	40	14000	买盘
10:16:45	3.49	-0.01	354	123546	卖盘
10:16:40	3.5	--	97	33950	买盘
10:16:36	3.5	0.01	102	35700	买盘
10:16:30	3.49	-0.01	3	1047	卖盘
10:16:25	3.5	--	150	52500	买盘
10:16:21	3.5	--	4	1400	买盘
10:16:15	3.5	--	33	11550	买盘
10:16:10	3.5	--	53	18550	买盘
10:16:06	3.5	--	14	4900	买盘
10:16:00	3.5	0.01	20	7000	买盘
10:15:55	3.49	--	95	33155	卖盘
10:15:51	3.49	-0.01	10	3490	卖盘
10:15:45	3.5	--	8	2800	买盘
10:15:40	3.5	0.01	42	14700	买盘
10:15:36	3.49	-0.01	244	85156	卖盘
10:15:30	3.5	0.01	56	19600	买盘
10:15:25	3.49	--	65	22685	卖盘
10:15:15	3.49	-0.01	53	18497	卖盘
10:15:10	3.5	--	20	7000	买盘
10:15:06	3.5	0.01	3	1050	买盘
10:15:00	3.49	-0.01	46	16054	卖盘
10:14:55	3.5	0.01	121	42350	买盘
10:14:45	3.49	-0.01	81	28269	卖盘
10:14:40	3.5	0.01	169	59150	买盘
10:14:36	3.49	--	2	698	卖盘
10:14:30	3.49	--	200	69800	卖盘
10:14:25	3.49	-0.01	241	84109	卖盘
10:14:20	3.5	--	10	3500	买盘
10:14:15	3.5	--	32	11200	买盘
10:14:10	3.5	--	149	52150	买盘
10:14:00	3.5	--	64	22400	买盘
10:13:55	3.5	0.01	30	10500	买盘
10:13:50	3.49	-0.01	52	18148	卖盘
10:13:45	3.5	--	50	17500	买盘
10:13:40	3.5	--	93	32550	买盘
10:13:35	3.5	0.01	70	24500	买盘
10:13:30	3.49	-0.01	26	9074	卖盘
10:13:25	3.5	--	47	16450	买盘
10:13:20	3.5	--	35	12250	买盘
10:13:15	3.5	0.01	38	13300	买盘
10:13:10	3.49	--	101	35249	卖盘
10:13:05	3.49	-0.01	5	1745	卖盘
10:13:00	3.5	--	34	11900	买盘
10:12:55	3.5	0.01	964	337400	买盘
10:12:50	3.49	-0.01	233	81317	卖盘
10:12:45	3.5	--	243	85050	买盘
10:12:40	3.5	--	167	58450	买盘
10:12:35	3.5	--	226	79100	买盘
10:12:30	3.5	0.01	271	94850	买盘
10:12:25	3.49	--	575	200675	卖盘
10:12:20	3.49	--	72	25128	卖盘
10:12:15	3.49	--	956	333644	卖盘
10:12:10	3.49	-0.01	124	43276	卖盘
10:12:05	3.5	--	2	700	买盘
10:12:00	3.5	--	526	184100	买盘
10:11:55	3.5	0.01	410	143500	买盘
10:11:45	3.49	--	91	31759	卖盘
10:11:40	3.49	-0.01	107	37343	卖盘
10:11:30	3.5	0.01	18	6300	买盘
10:11:25	3.49	-0.01	322	112378	卖盘
10:11:20	3.5	--	7	2450	买盘
10:11:15	3.5	0.01	2	700	买盘
10:11:10	3.49	--	190	66310	卖盘
10:11:05	3.49	-0.01	24	8376	卖盘
10:11:00	3.5	--	78	27300	买盘
10:10:54	3.5	--	135	47250	买盘
10:10:50	3.5	0.01	24	8400	买盘
10:10:45	3.49	-0.01	406	141694	卖盘
10:10:39	3.5	0.01	30	10500	买盘
10:10:35	3.49	--	47	16403	卖盘
10:10:30	3.49	--	354	123546	卖盘
10:10:24	3.49	--	845	294905	卖盘
10:10:19	3.49	-0.01	365	127385	卖盘
10:10:09	3.5	--	221	77350	买盘
10:10:04	3.5	--	43	15050	买盘
10:10:00	3.5	0.01	744	260400	买盘
10:09:54	3.49	-0.01	17	5933	卖盘
10:09:49	3.5	0.01	45	15750	买盘
10:09:45	3.49	--	20	6980	卖盘
10:09:39	3.49	--	313	109237	卖盘
10:09:34	3.49	-0.01	48	16752	卖盘
10:09:30	3.5	0.01	12	4200	买盘
10:09:24	3.49	--	448	156352	卖盘
10:09:19	3.49	-0.01	85	29665	卖盘
10:09:15	3.5	0.01	63	22050	买盘
10:09:09	3.49	-0.01	186	64914	卖盘
10:09:04	3.5	0.01	315	110250	买盘
10:09:00	3.49	-0.01	200	69800	卖盘
10:08:54	3.5	--	57	19950	买盘
10:08:49	3.5	--	200	70000	买盘
10:08:45	3.5	0.01	11	3850	买盘
10:08:39	3.49	--	238	83062	卖盘
10:08:34	3.49	-0.01	21	7332	卖盘
10:08:30	3.5	--	12	4200	买盘
10:08:24	3.5	--	9467	3313450	卖盘
10:08:19	3.5	--	10630	3720500	卖盘
10:08:15	3.5	--	54	18900	卖盘
10:08:09	3.5	--	346	121100	卖盘
10:08:04	3.5	--	2982	1043700	卖盘
10:07:59	3.5	--	227	79450	卖盘
10:07:54	3.5	--	130	45500	卖盘
10:07:49	3.5	--	88	30800	卖盘
10:07:44	3.5	--	67	23450	卖盘
10:07:39	3.5	--	1297	453950	卖盘
10:07:34	3.5	--	84	29400	卖盘
10:07:29	3.5	--	84	29400	卖盘
10:07:24	3.5	--	241	84350	卖盘
10:07:19	3.5	--	1481	518350	卖盘
10:07:14	3.5	--	109	38150	卖盘
10:07:09	3.5	-0.01	36	12600	卖盘
10:07:04	3.51	--	105	36855	买盘
10:06:59	3.51	0.01	25	8775	买盘
10:06:54	3.5	-0.01	1234	431900	卖盘
10:06:49	3.51	0.01	452	158652	买盘
10:06:44	3.5	-0.01	173	60550	卖盘
10:06:39	3.51	0.01	159	55809	买盘
10:06:34	3.5	--	146	51100	卖盘
10:06:29	3.5	--	15	5250	卖盘
10:06:24	3.5	--	3008	1052800	卖盘
10:06:19	3.5	--	583	204050	卖盘
10:06:14	3.5	-0.01	272	95200	卖盘
10:06:09	3.51	0.01	105	36855	买盘
10:06:04	3.5	--	174	60900	卖盘
10:05:59	3.5	-0.01	268	93800	卖盘
10:05:54	3.51	--	26	9126	买盘
10:05:49	3.51	--	153	53703	买盘
10:05:44	3.51	0.01	57	20007	买盘
10:05:39	3.5	--	1055	369250	卖盘
10:05:34	3.5	-0.01	20	7000	卖盘
10:05:29	3.51	0.01	85	29835	买盘
10:05:24	3.5	-0.01	96	33600	卖盘
10:05:19	3.51	0.01	107	37557	买盘
10:05:14	3.5	-0.01	7	2450	卖盘
10:05:09	3.51	--	423	148473	买盘
10:05:04	3.51	0.01	64	22464	买盘
10:04:54	3.5	-0.01	94	32900	卖盘
10:04:49	3.51	--	112	39312	买盘
10:04:44	3.51	0.01	1525	535275	买盘
10:04:39	3.5	--	53	18550	卖盘
10:04:33	3.5	-0.01	22	7700	卖盘
10:04:29	3.51	--	36	12636	买盘
10:04:24	3.51	0.01	565	198315	买盘
10:04:18	3.5	--	951	332850	卖盘
10:04:14	3.5	--	113	39550	卖盘
10:04:09	3.5	-0.01	236	82600	卖盘
10:04:03	3.51	0.01	714	250613	买盘
10:03:58	3.5	-0.01	561	196350	卖盘
10:03:54	3.51	--	50	17550	买盘
10:03:48	3.51	0.01	502	176202	买盘
10:03:43	3.5	-0.01	98	34300	卖盘
10:03:38	3.51	--	32	11232	买盘
10:03:33	3.51	0.01	34	11934	买盘
10:03:28	3.5	--	17	5950	卖盘
10:03:24	3.5	-0.01	172	60200	卖盘
10:03:18	3.51	0.01	465	163215	买盘
10:03:13	3.5	--	247	86450	卖盘
10:03:09	3.5	--	126	44100	卖盘
10:03:03	3.5	--	1648	576800	卖盘
10:02:58	3.5	--	369	129150	卖盘
10:02:48	3.5	--	1045	365750	卖盘
10:02:43	3.5	--	11	3850	卖盘
10:02:39	3.5	--	26	9100	卖盘
10:02:33	3.5	--	345	120750	卖盘
10:02:28	3.5	--	700	245000	卖盘
10:02:24	3.5	--	337	117950	卖盘
10:02:18	3.5	--	515	180250	卖盘
10:02:13	3.5	--	567	198450	卖盘
10:02:09	3.5	--	217	75950	卖盘
10:02:03	3.5	--	112	39200	卖盘
10:01:58	3.5	-0.01	25	8750	卖盘
10:01:53	3.51	0.01	326	114426	买盘
10:01:48	3.5	--	668	233800	卖盘
10:01:43	3.5	-0.01	817	285950	卖盘
10:01:38	3.51	0.01	332	116532	买盘
10:01:33	3.5	--	130	45500	卖盘
10:01:28	3.5	--	267	93450	卖盘
10:01:23	3.5	--	23	8053	卖盘
10:01:18	3.5	--	207	72450	卖盘
10:01:13	3.5	-0.01	1204	421400	卖盘
10:01:08	3.51	--	202	70902	买盘
10:01:03	3.51	0.01	88	30887	买盘
10:00:58	3.5	--	93	32550	卖盘
10:00:53	3.5	--	174	60900	卖盘
10:00:48	3.5	-0.01	283	99050	卖盘
10:00:43	3.51	0.01	49	17199	买盘
10:00:38	3.5	-0.01	93	32550	卖盘
10:00:33	3.51	0.01	1162	407862	买盘
10:00:28	3.5	--	45	15750	卖盘
10:00:23	3.5	--	14	4900	卖盘
10:00:18	3.5	--	279	97650	卖盘
10:00:13	3.5	-0.01	22	7700	卖盘
10:00:08	3.51	0.01	6	2106	买盘
10:00:03	3.5	-0.01	543	190050	卖盘
09:59:58	3.51	0.01	313	109863	买盘
09:59:53	3.5	-0.01	270	94500	卖盘
09:59:48	3.51	--	253	88803	买盘
09:59:43	3.51	--	362	127061	买盘
09:59:38	3.51	--	15	5265	买盘
09:59:33	3.51	0.01	718	252017	买盘
09:59:28	3.5	-0.01	89	31150	卖盘
09:59:23	3.51	0.01	10	3510	买盘
09:59:18	3.5	-0.01	120	42000	卖盘
09:59:13	3.51	0.01	8	2808	买盘
09:59:08	3.5	--	283	99050	卖盘
09:59:03	3.5	-0.01	446	156100	卖盘
09:58:58	3.51	0.01	1094	383994	买盘
09:58:53	3.5	--	210	73500	卖盘
09:58:48	3.5	--	4	1400	卖盘
09:58:43	3.5	--	267	93450	卖盘
09:58:38	3.5	--	1176	411600	卖盘
09:58:33	3.5	-0.01	271	94850	卖盘
09:58:27	3.51	0.01	70	24573	买盘
09:58:23	3.5	--	43	15050	卖盘
09:58:18	3.5	-0.01	105	36750	卖盘
09:58:12	3.51	--	182	63881	买盘
09:58:08	3.51	--	30	10530	买盘
09:58:03	3.51	--	484	169884	买盘
09:57:57	3.51	--	96	33696	买盘
09:57:52	3.51	--	3	1053	买盘
09:57:48	3.51	--	192	67392	买盘
09:57:42	3.51	--	259	90909	买盘
09:57:37	3.51	--	177	62126	买盘
09:57:33	3.51	--	30	10530	买盘
09:57:27	3.51	--	304	106704	买盘
09:57:22	3.51	0.01	58	20358	买盘
09:57:18	3.5	-0.01	257	89950	卖盘
09:57:12	3.51	0.01	1350	473850	买盘
09:57:07	3.5	-0.01	139	48650	卖盘
09:56:57	3.51	0.01	83	29133	买盘
09:56:52	3.5	-0.01	715	250250	卖盘
09:56:48	3.51	0.01	112	39312	买盘
09:56:42	3.5	-0.01	8	2800	卖盘
09:56:37	3.51	--	422	148122	买盘
09:56:33	3.51	--	9	3159	买盘
09:56:27	3.51	0.01	13	4563	买盘
09:56:22	3.5	-0.01	361	126350	卖盘
09:56:18	3.51	--	10	3510	买盘
09:56:12	3.51	--	278	97578	买盘
09:56:07	3.51	0.01	203	71253	买盘
09:56:03	3.5	--	30	10500	卖盘
09:55:57	3.5	--	191	66850	卖盘
09:55:52	3.5	-0.01	44	15400	卖盘
09:55:47	3.51	--	5	1755	买盘
09:55:42	3.51	--	659	231309	买盘
09:55:37	3.51	--	30	10530	买盘
09:55:32	3.51	0.01	102	35802	买盘
09:55:27	3.5	-0.01	19	6650	卖盘
09:55:22	3.51	0.01	97	34047	买盘
09:55:17	3.5	-0.01	58	20300	卖盘
09:55:12	3.51	--	239	83889	买盘
09:55:07	3.51	0.01	195	68445	买盘
09:55:02	3.5	-0.01	50	17500	卖盘
09:54:57	3.51	0.01	83	29133	买盘
09:54:52	3.5	--	61	21350	卖盘
09:54:42	3.5	-0.01	324	113400	卖盘
09:54:37	3.51	--	172	60371	买盘
09:54:32	3.51	0.01	32	11232	买盘
09:54:27	3.5	-0.01	10	3500	卖盘
09:54:22	3.51	0.01	69	24219	买盘
09:54:17	3.5	-0.01	97	33950	卖盘
09:54:12	3.51	0.01	183	64232	买盘
09:54:07	3.5	-0.01	157	54950	卖盘
09:54:02	3.51	0.01	53	18603	买盘
09:53:57	3.5	-0.01	142	49700	卖盘
09:53:52	3.51	--	363	127412	买盘
09:53:47	3.51	--	23	8072	买盘
09:53:42	3.51	--	468	164268	买盘
09:53:37	3.51	--	34	11934	买盘
09:53:32	3.51	--	105	36855	买盘
09:53:27	3.51	--	190	66690	买盘
09:53:17	3.51	--	749	262899	买盘
09:53:12	3.51	--	3219	1130040	卖盘
09:53:07	3.51	--	157	55107	卖盘
09:53:02	3.51	--	23	8072	卖盘
09:52:57	3.51	--	991	347841	卖盘
09:52:52	3.51	--	1293	453843	卖盘
09:52:47	3.51	--	34	11934	卖盘
09:52:42	3.51	-0.01	6	2106	卖盘
09:52:37	3.52	0.01	152	53504	买盘
09:52:32	3.51	-0.01	120	42120	卖盘
09:52:27	3.52	0.01	123	43296	买盘
09:52:22	3.51	--	647	227097	卖盘
09:52:17	3.51	--	270	94770	卖盘
09:52:12	3.51	-0.01	344	120743	卖盘
09:52:06	3.52	0.01	490	172480	买盘
09:52:02	3.51	--	39	13689	卖盘
09:51:57	3.51	--	2306	809406	卖盘
09:51:51	3.51	--	333	116883	卖盘
09:51:46	3.51	--	145	50895	卖盘
09:51:42	3.51	-0.01	20	7020	卖盘
09:51:36	3.52	0.01	434	152768	买盘
09:51:31	3.51	--	2094	734994	卖盘
09:51:27	3.51	--	501	175851	卖盘
09:51:21	3.51	--	99	34749	卖盘
09:51:16	3.51	--	111	38961	卖盘
09:51:12	3.51	--	7	2457	卖盘
09:51:06	3.51	-0.01	82	28782	卖盘
09:51:01	3.52	0.01	340	119680	买盘
09:50:57	3.51	--	119	41769	卖盘
09:50:51	3.51	-0.01	284	99684	卖盘
09:50:46	3.52	0.01	227	79904	买盘
09:50:42	3.51	--	173	60722	卖盘
09:50:36	3.51	-0.01	310	108810	卖盘
09:50:31	3.52	--	564	198528	买盘
09:50:27	3.52	0.01	37	13024	买盘
09:50:21	3.51	--	9134	3206034	卖盘
09:50:16	3.51	--	516	181116	卖盘
09:50:12	3.51	-0.01	327	114777	卖盘
09:50:06	3.52	0.01	393	138336	买盘
09:50:01	3.51	--	369	129518	卖盘
09:49:56	3.51	--	485	170235	卖盘
09:49:51	3.51	--	2376	833976	卖盘
09:49:46	3.51	--	334	117234	卖盘
09:49:41	3.51	--	289	101439	卖盘
09:49:36	3.51	--	1070	375570	卖盘
09:49:31	3.51	--	118	41418	卖盘
09:49:26	3.51	--	137	48087	卖盘
09:49:21	3.51	--	15	5265	卖盘
09:49:16	3.51	--	44	15443	卖盘
09:49:11	3.51	--	48	16848	卖盘
09:49:06	3.51	--	380	133383	卖盘
09:49:01	3.51	--	193	67743	卖盘
09:48:56	3.51	-0.01	122	42822	卖盘
09:48:51	3.52	--	662	233024	买盘
09:48:46	3.52	0.01	4582	1612864	买盘
09:48:41	3.51	--	66	23166	卖盘
09:48:36	3.51	-0.01	1086	381186	卖盘
09:48:31	3.52	--	489	172128	买盘
09:48:26	3.52	0.01	32	11264	买盘
09:48:21	3.51	--	373	130922	卖盘
09:48:16	3.51	--	5029	1765354	卖盘
09:48:11	3.51	-0.01	176	61775	卖盘
09:48:06	3.52	--	86	30272	买盘
09:48:01	3.52	0.01	1909	671968	买盘
09:47:51	3.51	--	87	30536	卖盘
09:47:46	3.51	--	366	128465	卖盘
09:47:41	3.51	--	1412	495611	卖盘
09:47:36	3.51	--	548	192348	卖盘
09:47:31	3.51	--	257	90207	卖盘
09:47:26	3.51	--	213	74763	卖盘
09:47:21	3.51	--	144	50544	卖盘
09:47:16	3.51	--	5130	1800630	卖盘
09:47:11	3.51	-0.01	1050	368550	卖盘
09:47:06	3.52	0.01	16	5632	买盘
09:47:01	3.51	--	1026	360126	卖盘
09:46:56	3.51	-0.01	42	14742	卖盘
09:46:51	3.52	--	2212	778624	买盘
09:46:46	3.52	0.01	224	78848	买盘
09:46:41	3.51	--	33	11583	卖盘
09:46:36	3.51	-0.01	5586	1960685	卖盘
09:46:31	3.52	0.01	396	139392	买盘
09:46:26	3.51	-0.01	176	61775	卖盘
09:46:21	3.52	--	482	169664	买盘
09:46:15	3.52	0.01	195	68640	买盘
09:46:11	3.51	--	90	31589	卖盘
09:46:06	3.51	-0.01	1540	540540	卖盘
09:46:00	3.52	0.01	34	11968	买盘
09:45:56	3.51	--	108	37908	卖盘
09:45:51	3.51	--	1257	441207	卖盘
09:45:45	3.51	-0.01	9032	3170232	卖盘
09:45:40	3.52	--	637	224224	买盘
09:45:36	3.52	0.01	74	26048	买盘
09:45:30	3.51	--	820	287820	卖盘
09:45:25	3.51	-0.01	286	100386	卖盘
09:45:20	3.52	0.01	259	91168	买盘
09:45:15	3.51	--	405	142155	卖盘
09:45:10	3.51	--	119	41769	卖盘
09:45:05	3.51	--	70	24570	卖盘
09:45:00	3.51	-0.01	1525	535275	卖盘
09:44:55	3.52	0.01	99	34848	买盘
09:44:50	3.51	--	194	68094	卖盘
09:44:45	3.51	-0.01	76	26676	卖盘
09:44:40	3.52	0.01	1642	577984	买盘
09:44:36	3.51	--	448	157248	买盘
09:44:30	3.51	--	776	272376	买盘
09:44:25	3.51	--	1241	435591	买盘
09:44:20	3.51	-0.01	767	269217	卖盘
09:44:15	3.52	--	585	205920	买盘
09:44:10	3.52	--	2069	728288	买盘
09:44:06	3.52	0.01	386	135872	买盘
09:44:00	3.51	--	455	159705	卖盘
09:43:55	3.51	-0.01	955	335205	卖盘
09:43:50	3.52	0.01	260	91520	买盘
09:43:45	3.51	--	857	300807	卖盘
09:43:40	3.51	--	1126	395226	卖盘
09:43:35	3.51	--	7	2457	卖盘
09:43:30	3.51	--	373	130922	卖盘
09:43:25	3.51	-0.01	7797	2736747	卖盘
09:43:20	3.52	0.01	113	39776	买盘
09:43:15	3.51	--	772	270972	卖盘
09:43:10	3.51	-0.01	1704	598104	卖盘
09:43:05	3.52	--	1221	429792	买盘
09:43:00	3.52	0.01	193	67936	买盘
09:42:55	3.51	--	1704	598104	卖盘
09:42:50	3.51	--	231	81081	卖盘
09:42:45	3.51	--	6480	2274480	买盘
09:42:40	3.51	--	330	115830	买盘
09:42:35	3.51	--	212	74412	买盘
09:42:30	3.51	--	2346	823446	买盘
09:42:25	3.51	--	967	339417	买盘
09:42:20	3.51	--	12	4212	买盘
09:42:15	3.51	-0.01	1174	412074	卖盘
09:42:10	3.52	0.01	4351	1531552	买盘
09:42:05	3.51	-0.01	1006	353106	卖盘
09:42:00	3.52	--	3223	1134496	买盘
09:41:55	3.52	0.01	6567	2311584	买盘
09:41:50	3.51	--	44	15443	卖盘
09:41:45	3.51	-0.01	770	270270	卖盘
09:41:40	3.52	0.01	179	63008	买盘
09:41:35	3.51	-0.01	24	8424	卖盘
09:41:30	3.52	--	467	164384	买盘
09:41:25	3.52	--	91	32032	买盘
09:41:20	3.52	--	698	245696	买盘
09:41:15	3.52	0.01	660	232320	买盘
09:41:10	3.51	--	247	86697	卖盘
09:41:05	3.51	-0.01	130	45630	卖盘
09:41:00	3.52	--	31	10912	买盘
09:40:55	3.52	--	307	108064	买盘
09:40:50	3.52	--	385	135520	买盘
09:40:45	3.52	0.01	77	27104	买盘
09:40:40	3.51	-0.01	1379	484028	卖盘
09:40:35	3.52	--	65	22880	买盘
09:40:30	3.52	0.01	628	221056	买盘
09:40:25	3.51	--	305	107055	卖盘
09:40:20	3.51	--	17	5967	卖盘
09:40:15	3.51	--	339	118989	卖盘
09:40:09	3.51	-0.01	191	67041	卖盘
09:40:05	3.52	--	52	18304	买盘
09:40:00	3.52	0.01	82	28864	买盘
09:39:54	3.51	--	99	34749	卖盘
09:39:49	3.51	-0.01	400	140400	卖盘
09:39:45	3.52	0.01	215	75680	买盘
09:39:39	3.51	-0.01	1656	581256	卖盘
09:39:34	3.52	--	322	113344	买盘
09:39:29	3.52	0.01	115	40480	买盘
09:39:24	3.51	-0.01	364	127763	卖盘
09:39:19	3.52	0.01	978	344256	买盘
09:39:14	3.51	-0.01	29	10179	卖盘
09:39:09	3.52	--	761	267872	买盘
09:39:04	3.52	0.01	597	210144	买盘
09:38:59	3.51	--	127	44577	卖盘
09:38:54	3.51	--	1730	607230	卖盘
09:38:49	3.51	-0.01	278	97578	卖盘
09:38:44	3.52	--	102	35904	买盘
09:38:39	3.52	--	34	11968	买盘
09:38:34	3.52	--	9	3168	买盘
09:38:29	3.52	0.01	10	3520	买盘
09:38:24	3.51	-0.01	115	40365	卖盘
09:38:19	3.52	--	123	43296	买盘
09:38:09	3.52	0.01	2406	846912	买盘
09:38:04	3.51	-0.01	121	42471	卖盘
09:37:59	3.52	--	101	35552	买盘
09:37:54	3.52	0.01	1144	402688	买盘
09:37:49	3.51	-0.01	820	287820	卖盘
09:37:44	3.52	--	279	98208	买盘
09:37:39	3.52	0.01	470	165440	买盘
09:37:34	3.51	-0.01	811	284661	卖盘
09:37:29	3.52	--	28	9856	买盘
09:37:24	3.52	--	118	41536	买盘
09:37:19	3.52	0.01	964	339328	买盘
09:37:14	3.51	-0.01	36	12636	卖盘
09:37:09	3.52	0.01	256	90112	买盘
09:37:04	3.51	-0.01	789	276939	卖盘
09:36:59	3.52	0.01	220	77440	买盘
09:36:54	3.51	-0.01	344	120743	卖盘
09:36:49	3.52	--	129	45408	买盘
09:36:44	3.52	0.01	2351	827552	买盘
09:36:39	3.51	--	420	147420	卖盘
09:36:34	3.51	-0.01	140	49140	卖盘
09:36:29	3.52	--	1169	411488	买盘
09:36:24	3.52	--	380	133760	买盘
09:36:19	3.52	--	1714	603328	买盘
09:36:14	3.52	--	35	12320	买盘
09:36:09	3.52	--	181	63712	买盘
09:36:04	3.52	--	528	185856	买盘
09:35:59	3.52	--	502	176704	买盘
09:35:54	3.52	--	120	42240	买盘
09:35:49	3.52	--	362	127424	买盘
09:35:44	3.52	--	54	19008	买盘
09:35:39	3.52	--	197	69344	买盘
09:35:34	3.52	--	188	66176	买盘
09:35:29	3.52	--	214	75328	买盘
09:35:24	3.52	0.01	100	35200	买盘
09:35:19	3.51	-0.01	54	18954	卖盘
09:35:14	3.52	0.01	192	67584	买盘
09:35:09	3.51	-0.01	66	23166	卖盘
09:35:04	3.52	0.01	319	112288	买盘
09:34:59	3.51	-0.01	70	24570	卖盘
09:34:54	3.52	0.01	427	150304	买盘
09:34:49	3.51	--	425	149175	卖盘
09:34:44	3.51	--	616	216216	卖盘
09:34:39	3.51	-0.01	829	290979	卖盘
09:34:34	3.52	--	739	260128	买盘
09:34:29	3.52	0.01	214	75328	买盘
09:34:24	3.51	-0.01	341	119691	卖盘
09:34:19	3.52	0.01	145	51040	买盘
09:34:14	3.51	--	617	216567	卖盘
09:34:09	3.51	-0.01	473	166023	卖盘
09:34:04	3.52	0.01	842	296690	买盘
09:33:59	3.51	--	82	28782	卖盘
09:33:54	3.51	--	1260	442260	卖盘
09:33:48	3.51	--	4906	1722223	买盘
09:33:44	3.51	--	1269	445419	买盘
09:33:39	3.51	--	1212	425412	买盘
09:33:33	3.51	--	197	69147	买盘
09:33:28	3.51	--	732	256931	买盘
09:33:23	3.51	--	245	85995	买盘
09:33:18	3.51	--	420	147420	买盘
09:33:13	3.51	--	1590	558090	买盘
09:33:08	3.51	--	1999	701782	卖盘
09:33:03	3.51	--	1844	647244	卖盘
09:32:58	3.51	--	1810	635310	卖盘
09:32:53	3.51	-0.01	2621	919971	卖盘
09:32:48	3.52	0.01	1588	558976	买盘
09:32:43	3.51	-0.01	1006	353106	卖盘
09:32:38	3.52	0.01	176	61952	买盘
09:32:33	3.51	-0.01	1248	438048	卖盘
09:32:28	3.52	--	2758	970816	买盘
09:32:23	3.52	--	978	344256	买盘
09:32:18	3.52	--	267	93984	买盘
09:32:13	3.52	0.01	737	259424	买盘
09:32:08	3.51	--	535	187785	卖盘
09:32:03	3.51	-0.01	336	117936	卖盘
09:31:58	3.52	0.01	2118	745536	买盘
09:31:53	3.51	--	1110	389827	买盘
09:31:48	3.51	--	2128	746928	买盘
09:31:43	3.51	--	1247	437697	买盘
09:31:38	3.51	--	934	327834	买盘
09:31:33	3.51	--	1376	482975	买盘
09:31:28	3.51	--	1457	511406	买盘
09:31:23	3.51	--	607	213057	买盘
09:31:18	3.51	--	1269	445419	买盘
09:31:13	3.51	--	926	325026	买盘
09:31:08	3.51	--	5161	1811511	买盘
09:31:03	3.51	--	372	130571	买盘
09:30:58	3.51	--	125	43875	买盘
09:30:53	3.51	0.01	211	74061	买盘
09:30:48	3.5	-0.01	5474	1915900	卖盘
09:30:43	3.51	--	244	85644	买盘
09:30:38	3.51	--	2053	720603	买盘
09:30:33	3.51	--	279	97929	买盘
09:30:28	3.51	--	1075	377325	买盘
09:30:23	3.51	--	491	172341	买盘
09:30:18	3.51	--	39	13689	买盘
09:30:13	3.51	--	175	61424	买盘
09:30:08	3.51	--	12247	4298697	买盘
09:30:03	3.51	--	4962	1741662	买盘
09:28:57	3.51	--	0	0	买盘
09:25:09	3.51	3.51	7687	2698137	买盘
