成交时间	成交价	价格变动	成交量(手)	成交额(元)	性质
15:00:00	7.6	--	0	0	卖盘
15:00:00	7.6	--	183	139080	卖盘
14:59:48	7.6	--	2	1520	卖盘
14:59:37	7.6	--	146	110960	卖盘
14:59:33	7.6	-0.01	27	20520	卖盘
14:59:28	7.61	0.01	72	54792	买盘
14:59:22	7.6	--	66	50160	卖盘
14:59:18	7.6	-0.01	141	107160	卖盘
14:59:07	7.61	0.01	32	24352	买盘
14:59:03	7.6	-0.01	317	240920	卖盘
14:58:37	7.61	--	106	80666	买盘
14:58:28	7.61	--	10	7610	买盘
14:58:22	7.61	--	3	2283	买盘
14:58:18	7.61	0.01	31	23591	买盘
14:58:07	7.6	--	1	760	卖盘
14:58:03	7.6	--	3	2280	卖盘
14:57:58	7.6	--	57	43320	卖盘
14:57:52	7.6	--	29	22040	卖盘
14:57:37	7.6	--	108	82080	卖盘
14:57:33	7.6	--	1	760	卖盘
14:57:28	7.6	--	116	88160	卖盘
14:57:22	7.6	--	9	6840	卖盘
14:57:07	7.6	--	2	1520	卖盘
14:56:58	7.6	--	11	8360	卖盘
14:56:52	7.6	-0.01	5	3800	卖盘
14:56:48	7.61	0.01	68	51748	买盘
14:56:33	7.6	--	23	17480	卖盘
14:56:27	7.6	-0.01	137	104120	卖盘
14:56:18	7.61	--	102	77622	买盘
14:56:07	7.61	--	17	13690	卖盘
14:55:57	7.61	--	1	768	买盘
14:55:52	7.61	--	69	53110	卖盘
14:55:27	7.61	0.01	9	7008	买盘
14:55:22	7.6	-0.01	41	31160	卖盘
14:55:16	7.61	--	2	2123	卖盘
14:55:12	7.61	--	7	5486	买盘
14:55:07	7.61	--	93	70773	买盘
14:54:52	7.61	--	64	48704	买盘
14:54:46	7.61	--	50	38050	买盘
14:54:42	7.61	--	5	3805	买盘
14:54:37	7.61	--	16	12176	买盘
14:54:27	7.61	--	44	33484	买盘
14:54:12	7.61	--	31	23591	买盘
14:54:07	7.61	--	6	4566	买盘
14:54:01	7.61	--	22	16742	买盘
14:53:57	7.61	--	36	27997	卖盘
14:53:52	7.61	--	10	7610	卖盘
14:53:37	7.61	0.01	154	117353	买盘
14:53:31	7.6	-0.01	10	7600	卖盘
14:53:27	7.61	0.01	109	82949	买盘
14:53:22	7.6	--	19	14440	卖盘
14:53:16	7.6	--	3	2280	卖盘
14:53:12	7.6	--	85	64600	卖盘
14:53:07	7.6	--	9	6840	卖盘
14:53:01	7.6	-0.01	12	9120	卖盘
14:52:57	7.61	0.01	117	89037	买盘
14:52:46	7.6	--	42	31920	卖盘
14:52:42	7.6	--	126	95760	卖盘
14:52:31	7.6	-0.01	8	6080	卖盘
14:52:16	7.61	0.01	65	49465	买盘
14:52:11	7.6	--	14	10640	卖盘
14:51:56	7.6	-0.01	27	20520	卖盘
14:51:31	7.61	0.01	101	76861	买盘
14:51:27	7.6	-0.01	100	76000	卖盘
14:51:16	7.61	--	1	761	买盘
14:51:01	7.61	--	100	76100	买盘
14:50:46	7.61	--	10	7610	买盘
14:50:41	7.61	--	14	10654	买盘
14:50:37	7.61	--	33	25113	买盘
14:50:01	7.61	--	3	2283	买盘
14:49:46	7.61	0.01	40	30440	买盘
14:49:42	7.6	--	10	7600	卖盘
14:49:31	7.6	-0.01	20	15200	卖盘
14:49:11	7.61	0.01	10	7610	买盘
14:48:56	7.6	--	20	15200	卖盘
14:48:46	7.6	--	8	6080	卖盘
14:48:41	7.6	-0.01	100	76000	卖盘
14:48:31	7.61	0.01	10	7610	买盘
14:48:16	7.6	--	42	31920	卖盘
14:48:01	7.6	-0.01	317	240920	卖盘
14:47:55	7.61	--	281	213841	买盘
14:47:51	7.61	0.01	13	9893	买盘
14:47:46	7.6	-0.01	20	15200	卖盘
14:47:16	7.61	--	55	41855	买盘
14:46:55	7.61	0.01	10	7610	买盘
14:46:40	7.6	--	2	1520	买盘
14:46:36	7.6	--	140	106400	买盘
14:46:31	7.6	0.01	6	4560	买盘
14:46:21	7.59	--	105	79695	卖盘
14:45:55	7.59	-0.01	1	759	卖盘
14:45:51	7.6	--	23	17480	买盘
14:45:40	7.6	--	100	76000	买盘
14:45:10	7.6	0.01	102	77520	买盘
14:45:05	7.59	-0.01	205	155595	卖盘
14:44:55	7.6	0.01	10	7600	买盘
14:44:35	7.59	-0.01	60	45540	卖盘
14:44:25	7.6	0.01	19	14440	买盘
14:44:10	7.59	--	34	25806	卖盘
14:44:05	7.59	-0.01	12	9108	卖盘
14:44:01	7.6	0.01	17	12920	买盘
14:43:35	7.59	-0.01	2	1518	卖盘
14:43:10	7.6	--	66	50160	买盘
14:42:55	7.6	--	1	760	买盘
14:42:40	7.6	0.01	28	21280	买盘
14:42:35	7.59	-0.01	25	18975	卖盘
14:42:31	7.6	--	5	3800	买盘
14:42:25	7.6	0.01	70	53200	买盘
14:42:20	7.59	-0.01	5	3795	卖盘
14:42:10	7.6	0.01	50	38000	买盘
14:42:05	7.59	--	65	49335	卖盘
14:42:00	7.59	-0.01	3	2277	卖盘
14:41:55	7.6	0.01	56	42560	买盘
14:41:50	7.59	-0.01	30	22770	卖盘
14:41:40	7.6	0.01	32	24320	买盘
14:41:35	7.59	-0.01	10	7590	卖盘
14:41:15	7.6	--	0	0	中性盘
14:41:10	7.6	0.01	20	15200	卖盘
14:40:55	7.59	-0.01	127	96393	卖盘
14:40:30	7.6	--	24	18840	卖盘
14:40:04	7.6	--	79	60040	卖盘
14:40:00	7.6	--	41	31160	卖盘
14:39:40	7.6	--	1	760	卖盘
14:39:25	7.6	-0.01	15	11400	卖盘
14:39:19	7.61	0.01	20	15220	买盘
14:39:04	7.6	--	20	15200	卖盘
14:39:00	7.6	--	95	72200	卖盘
14:38:55	7.6	--	42	31920	卖盘
14:38:45	7.6	--	183	139239	卖盘
14:38:25	7.6	--	16	12160	卖盘
14:38:19	7.6	-0.01	3	2280	卖盘
14:38:14	7.61	0.01	67	50987	买盘
14:37:59	7.6	--	51	38760	卖盘
14:37:40	7.6	--	40	30400	卖盘
14:37:19	7.6	--	30	22800	卖盘
14:37:04	7.6	--	27	20520	卖盘
14:36:55	7.6	--	20	15200	卖盘
14:36:49	7.6	-0.01	1	760	卖盘
14:36:19	7.61	--	2	1522	买盘
14:36:14	7.61	0.01	20	15220	买盘
14:36:10	7.6	--	3	2280	卖盘
14:36:04	7.6	-0.01	5	3800	卖盘
14:35:59	7.61	0.01	30	22830	买盘
14:35:44	7.6	--	2	1520	卖盘
14:35:40	7.6	--	30	22800	卖盘
14:35:09	7.6	--	64	48640	卖盘
14:34:59	7.6	--	15	11400	卖盘
14:34:44	7.6	--	10	7600	卖盘
14:34:04	7.6	-0.01	8	6080	卖盘
14:33:59	7.61	--	140	106540	买盘
14:33:34	7.61	--	6	4566	买盘
14:33:19	7.61	--	14	10654	买盘
14:33:04	7.61	0.01	3	2283	买盘
14:32:43	7.6	-0.01	10	7600	卖盘
14:32:39	7.61	--	14	10654	买盘
14:32:24	7.61	0.01	103	78383	买盘
14:32:19	7.6	--	2	1520	卖盘
14:32:13	7.6	-0.01	20	15200	卖盘
14:32:09	7.61	0.01	5	3805	买盘
14:31:39	7.6	--	5	3800	卖盘
14:31:13	7.6	-0.01	20	15200	卖盘
14:30:38	7.61	--	10	7610	买盘
14:30:19	7.61	--	7	5327	买盘
14:29:58	7.61	--	70	53270	买盘
14:29:49	7.61	--	2	1522	买盘
14:29:43	7.61	0.01	20	15220	买盘
14:29:34	7.6	0.01	4	3040	买盘
14:29:28	7.59	-0.01	30	22770	卖盘
14:29:23	7.6	--	40	30400	买盘
14:29:08	7.6	--	4	3040	买盘
14:29:04	7.6	--	15	11400	买盘
14:28:58	7.6	--	136	103360	买盘
14:28:53	7.6	--	14	10640	买盘
14:28:38	7.6	--	10	7600	买盘
14:28:34	7.6	--	16	12160	买盘
14:28:28	7.6	--	11	8360	买盘
14:28:23	7.6	--	119	90440	买盘
14:28:18	7.6	--	10	7600	买盘
14:28:13	7.6	--	11	8360	买盘
14:27:58	7.6	0.01	21	15960	买盘
14:27:53	7.59	-0.01	1	759	卖盘
14:27:48	7.6	0.01	8	6080	买盘
14:27:43	7.59	-0.01	8	6072	卖盘
14:27:28	7.6	0.01	14	10640	买盘
14:27:23	7.59	-0.01	4	3036	卖盘
14:27:18	7.6	--	21	15960	买盘
14:27:08	7.6	--	55	41800	买盘
14:26:58	7.6	0.01	12	9120	买盘
14:26:53	7.59	-0.01	20	15180	卖盘
14:26:43	7.6	0.01	11	8360	买盘
14:26:22	7.59	--	2	1518	卖盘
14:26:07	7.59	-0.01	4	3036	卖盘
14:26:03	7.6	--	26	19760	买盘
14:25:58	7.6	--	11	8360	买盘
14:25:52	7.6	--	6	4560	买盘
14:25:48	7.6	--	3	2280	买盘
14:25:43	7.6	--	10	7600	买盘
14:25:37	7.6	--	1	760	买盘
14:25:28	7.6	--	1	760	买盘
14:25:07	7.6	0.02	16	12160	买盘
14:25:03	7.58	--	55	41690	卖盘
14:24:58	7.58	-0.02	55	41690	卖盘
14:24:43	7.6	0.02	12	9120	买盘
14:24:37	7.58	--	10	7580	卖盘
14:24:28	7.58	--	10	7580	卖盘
14:24:07	7.58	-0.02	29	21982	卖盘
14:23:58	7.6	--	0	0	买盘
14:23:52	7.6	0.01	55	41800	买盘
14:23:47	7.59	0.01	96	72864	买盘
14:23:37	7.58	--	4	3032	卖盘
14:23:32	7.58	--	1	758	买盘
14:23:28	7.58	--	5	3790	买盘
14:23:22	7.58	--	192	145536	买盘
14:23:07	7.58	0.01	51	38658	买盘
14:23:02	7.57	-0.01	52	39364	卖盘
14:22:52	7.58	0.01	30	22740	买盘
14:22:47	7.57	--	5	3785	卖盘
14:22:43	7.57	--	25	18925	卖盘
14:22:37	7.57	--	82	62074	卖盘
14:22:32	7.57	-0.01	285	215745	卖盘
14:22:28	7.58	--	71	53818	卖盘
14:22:17	7.58	--	71	53818	卖盘
14:22:13	7.58	--	150	113700	卖盘
14:22:07	7.58	--	0	0	卖盘
14:22:02	7.58	-0.01	51	38658	卖盘
14:21:58	7.59	--	11	8349	卖盘
14:21:52	7.59	0.01	26	19734	中性盘
14:21:47	7.58	--	58	43964	卖盘
14:21:43	7.58	--	0	0	卖盘
14:21:37	7.58	--	51	38658	卖盘
14:21:32	7.58	-0.01	202	153116	卖盘
14:21:27	7.59	0.01	3	2277	买盘
14:21:22	7.58	-0.01	11	8338	卖盘
14:21:17	7.59	--	4	3036	卖盘
14:21:07	7.59	-0.01	64	48576	卖盘
14:21:02	7.6	--	67	50920	卖盘
14:20:42	7.6	0.01	9	6840	买盘
14:20:37	7.59	-0.01	51	38709	卖盘
14:20:32	7.6	0.01	10	7600	买盘
14:20:27	7.59	--	1	759	卖盘
14:20:22	7.59	-0.01	305	231495	卖盘
14:20:17	7.6	--	117	88920	买盘
14:20:12	7.6	--	10	7600	买盘
14:20:02	7.6	--	13	9880	买盘
14:19:57	7.6	0.01	21	15960	买盘
14:19:47	7.59	-0.01	42	31878	卖盘
14:19:37	7.6	0.01	25	19000	买盘
14:19:31	7.59	-0.01	105	79695	卖盘
14:19:16	7.6	--	15	11400	买盘
14:19:12	7.6	--	1	760	卖盘
14:19:07	7.6	--	422	320720	卖盘
14:19:01	7.6	--	43	32680	卖盘
14:18:57	7.6	-0.01	340	258400	卖盘
14:18:52	7.61	0.01	35	26635	买盘
14:18:46	7.6	--	73	55480	卖盘
14:18:42	7.6	--	98	74480	卖盘
14:18:37	7.6	--	28	21280	卖盘
14:18:16	7.6	--	36	27360	卖盘
14:18:07	7.6	-0.01	85	64600	卖盘
14:18:01	7.61	0.01	92	70012	买盘
14:17:57	7.6	-0.01	191	145160	卖盘
14:17:52	7.61	0.01	28	21308	买盘
14:17:46	7.6	--	60	45600	卖盘
14:17:31	7.6	-0.01	3	2280	卖盘
14:17:16	7.61	--	10	7610	买盘
14:17:01	7.61	-0.01	134	101974	卖盘
14:16:26	7.62	0.01	58	44196	买盘
14:16:11	7.61	-0.01	50	38050	卖盘
14:15:46	7.62	--	46	35052	卖盘
14:15:31	7.62	--	8	6096	买盘
14:15:26	7.62	--	79	60198	买盘
14:15:22	7.62	0.01	2	1524	买盘
14:15:01	7.61	-0.01	180	136980	卖盘
14:14:56	7.62	0.01	48	36576	卖盘
14:14:41	7.61	--	0	0	卖盘
14:14:26	7.61	-0.02	200	152200	卖盘
14:14:21	7.63	0.01	30	22890	买盘
14:14:06	7.62	0.01	42	32004	买盘
14:13:56	7.61	--	4	3044	卖盘
14:13:41	7.61	--	30	22830	卖盘
14:13:36	7.61	-0.01	26	19786	卖盘
14:13:31	7.62	0.01	3	2286	买盘
14:13:26	7.61	--	100	76100	卖盘
14:13:11	7.61	--	1	761	卖盘
14:13:01	7.61	--	427	324947	卖盘
14:12:51	7.61	--	280	213080	卖盘
14:12:46	7.61	--	20	15220	卖盘
14:12:41	7.61	--	10	7610	卖盘
14:12:36	7.61	--	10	7610	卖盘
14:12:10	7.61	--	3	2283	卖盘
14:12:01	7.61	-0.01	100	76100	卖盘
14:11:55	7.62	--	5	3810	买盘
14:11:36	7.62	--	32	24384	买盘
14:11:31	7.62	--	10	7620	买盘
14:11:25	7.62	--	32	24384	卖盘
14:11:06	7.62	--	45	34290	买盘
14:11:01	7.62	--	50	38100	买盘
14:10:55	7.62	--	83	63246	卖盘
14:10:46	7.62	-0.01	8	6096	卖盘
14:10:36	7.63	0.01	20	15260	买盘
14:10:21	7.62	--	1	762	卖盘
14:10:06	7.62	--	50	38100	买盘
14:09:50	7.62	0.01	30	22860	买盘
14:09:16	7.61	-0.01	88	66968	卖盘
14:09:10	7.62	--	105	80010	卖盘
14:08:55	7.62	--	20	15240	卖盘
14:08:50	7.62	--	32	24384	卖盘
14:08:40	7.62	--	112	85344	卖盘
14:08:35	7.62	-0.01	30	22860	卖盘
14:08:20	7.63	0.01	103	78589	买盘
14:08:10	7.62	-0.01	750	571500	卖盘
14:08:05	7.63	--	10	7630	买盘
14:08:01	7.63	--	25	19075	买盘
14:07:55	7.63	--	38	28994	买盘
14:07:50	7.63	0.01	1130	862190	买盘
14:07:25	7.62	-0.01	6	4572	卖盘
14:07:10	7.63	--	52	39676	买盘
14:07:05	7.63	--	41	31283	买盘
14:06:55	7.63	--	38	28994	买盘
14:06:20	7.63	--	5	3815	买盘
14:06:10	7.63	--	66	50358	卖盘
14:06:05	7.63	-0.01	190	144970	卖盘
14:05:55	7.64	0.01	2	1528	买盘
14:05:40	7.63	--	5	3815	卖盘
14:05:15	7.63	-0.01	100	76300	卖盘
14:05:04	7.64	--	1	764	买盘
14:04:49	7.64	--	84	64176	卖盘
14:04:34	7.64	--	1	764	卖盘
14:04:19	7.64	--	2	1528	卖盘
14:04:00	7.64	-0.01	12	9168	卖盘
14:03:45	7.65	--	5	3825	买盘
14:03:19	7.65	--	9	6885	买盘
14:02:49	7.65	0.01	6	4590	买盘
14:02:44	7.64	--	1	764	买盘
14:02:39	7.64	-0.01	65	49660	卖盘
14:02:19	7.65	--	3	2295	买盘
14:02:04	7.65	0.01	8	6120	买盘
14:01:44	7.64	-0.01	200	152800	卖盘
14:01:25	7.65	0.01	9	6885	买盘
14:01:04	7.64	0.01	9	6876	卖盘
14:00:59	7.63	-0.02	28	21364	卖盘
14:00:54	7.65	0.01	5	3825	买盘
14:00:49	7.64	0.01	26	19864	买盘
14:00:44	7.63	-0.01	11	8393	卖盘
14:00:34	7.64	0.01	6	4584	买盘
14:00:29	7.63	-0.01	62	47306	卖盘
14:00:24	7.64	--	152	116128	买盘
14:00:04	7.64	0.01	15	11460	买盘
13:59:59	7.63	--	13	9919	卖盘
13:59:34	7.63	-0.01	1	763	卖盘
13:59:29	7.64	--	20	15280	买盘
13:59:19	7.64	--	3	2292	卖盘
13:59:09	7.64	0.01	17	12988	卖盘
13:58:49	7.63	-0.01	40	30520	卖盘
13:58:44	7.64	--	1	764	卖盘
13:58:39	7.64	--	37	28268	买盘
13:58:19	7.64	--	135	103140	买盘
13:57:49	7.64	--	10	7640	买盘
13:57:39	7.64	--	38	29032	买盘
13:57:24	7.64	--	86	65704	买盘
13:56:54	7.64	0.01	100	76400	买盘
13:56:34	7.63	-0.01	13	9919	卖盘
13:56:08	7.64	0.01	27	20628	买盘
13:56:03	7.63	-0.01	5	3815	卖盘
13:55:48	7.64	--	14	10696	买盘
13:55:38	7.64	--	5	3820	买盘
13:54:53	7.64	0.01	100	76400	买盘
13:54:23	7.63	-0.01	27	20601	卖盘
13:54:08	7.64	--	40	30560	卖盘
13:53:53	7.64	--	29	22156	卖盘
13:53:43	7.64	--	3	2292	卖盘
13:52:43	7.64	--	6	4584	卖盘
13:52:23	7.64	--	13	9932	卖盘
13:52:18	7.64	--	5	3820	卖盘
13:52:13	7.64	--	5	3820	卖盘
13:51:48	7.64	--	30	22920	卖盘
13:51:03	7.64	--	37	28268	卖盘
13:50:22	7.64	--	1	764	卖盘
13:50:18	7.64	--	41	31324	买盘
13:50:13	7.64	0.01	5	3820	买盘
13:49:48	7.63	--	200	152600	卖盘
13:49:33	7.63	--	2	1526	卖盘
13:49:18	7.63	-0.01	20	15260	卖盘
13:49:07	7.64	0.01	10	7640	中性盘
13:48:37	7.63	--	20	15260	卖盘
13:48:22	7.63	--	10	7630	卖盘
13:48:17	7.63	--	24	18312	卖盘
13:48:02	7.63	-0.01	30	22890	卖盘
13:47:57	7.64	--	0	0	中性盘
13:47:47	7.64	0.01	30	22920	买盘
13:47:42	7.63	-0.01	4	3052	卖盘
13:47:37	7.64	0.01	26	19864	买盘
13:47:32	7.63	-0.01	3	2289	卖盘
13:47:27	7.64	0.01	10	7640	买盘
13:47:22	7.63	--	138	105294	卖盘
13:46:52	7.63	--	51	38913	卖盘
13:46:42	7.63	--	10	7630	卖盘
13:46:32	7.63	--	141	108193	买盘
13:46:27	7.63	--	2	1526	买盘
13:46:22	7.63	--	135	103005	买盘
13:46:17	7.63	--	20	15260	买盘
13:46:12	7.63	--	6	4578	买盘
13:46:07	7.63	--	25	19075	买盘
13:45:57	7.63	--	60	45780	买盘
13:45:52	7.63	--	292	222796	卖盘
13:45:37	7.63	--	23	17549	卖盘
13:45:22	7.63	--	237	180831	买盘
13:45:17	7.63	--	80	61040	买盘
13:45:07	7.63	--	33	25179	买盘
13:44:52	7.63	-0.01	70	53410	卖盘
13:44:47	7.64	0.01	4	3056	买盘
13:44:42	7.63	0.01	10	7630	卖盘
13:44:32	7.62	--	0	0	卖盘
13:44:22	7.62	--	629	479298	卖盘
13:44:16	7.62	--	4	3048	卖盘
13:44:12	7.62	-0.01	56	42672	卖盘
13:44:07	7.63	0.01	20	15260	买盘
13:43:52	7.62	--	214	163068	卖盘
13:43:46	7.62	--	12	9144	卖盘
13:43:42	7.62	--	13	9906	卖盘
13:43:37	7.62	-0.01	2	1524	卖盘
13:43:22	7.63	--	4	3052	买盘
13:43:12	7.63	--	506	386078	卖盘
13:43:07	7.63	--	10	7630	卖盘
13:43:01	7.63	--	94	71722	卖盘
13:42:51	7.63	-0.01	5	3815	卖盘
13:42:27	7.64	--	433	330812	卖盘
13:42:16	7.64	--	9	6876	卖盘
13:42:12	7.64	--	10	7640	卖盘
13:41:46	7.64	--	10	7640	卖盘
13:41:36	7.64	--	13	9932	卖盘
13:41:31	7.64	--	4	3056	卖盘
13:41:26	7.64	--	4	3056	卖盘
13:41:21	7.64	--	10	7640	卖盘
13:40:31	7.64	--	20	15280	卖盘
13:40:01	7.64	-0.01	10	7640	卖盘
13:39:31	7.65	0.01	1	765	买盘
13:38:11	7.64	--	13	9932	卖盘
13:37:46	7.64	--	3	2292	卖盘
13:37:41	7.64	-0.01	19	14516	卖盘
13:37:31	7.65	0.02	28	21420	买盘
13:37:01	7.63	--	0	0	卖盘
13:36:46	7.63	-0.02	50	38150	卖盘
13:36:31	7.65	0.01	1	765	买盘
13:36:21	7.64	--	16	12224	卖盘
13:36:16	7.64	--	53	40492	卖盘
13:36:10	7.64	--	352	268928	买盘
13:36:06	7.64	--	10	7640	买盘
13:36:01	7.64	0.01	30	22920	买盘
13:35:55	7.63	-0.01	170	129710	卖盘
13:35:25	7.64	0.01	15	11460	买盘
13:35:10	7.63	--	4	3052	卖盘
13:35:06	7.63	--	42	32046	卖盘
13:34:55	7.63	--	20	15260	卖盘
13:34:35	7.63	--	144	109872	卖盘
13:34:30	7.63	--	20	15260	卖盘
13:34:25	7.63	--	20	15260	卖盘
13:34:00	7.63	-0.01	3	2289	卖盘
13:33:45	7.64	--	37	28268	卖盘
13:33:35	7.64	--	80	61120	卖盘
13:33:25	7.64	--	50	38200	卖盘
13:33:10	7.64	-0.01	24	18336	卖盘
13:32:50	7.65	--	10	7650	买盘
13:32:25	7.65	--	38	29070	卖盘
13:32:10	7.65	-0.01	82	62730	卖盘
13:31:50	7.66	--	11	8426	卖盘
13:31:35	7.66	--	5	3830	买盘
13:31:30	7.66	--	1	766	卖盘
13:31:00	7.66	-0.01	2	1532	卖盘
13:30:50	7.67	--	0	0	买盘
13:30:25	7.67	--	120	92040	卖盘
13:30:05	7.67	--	4	3068	卖盘
13:29:55	7.67	0.02	46	35282	买盘
13:29:45	7.65	--	40	30600	卖盘
13:29:34	7.65	--	3	2295	卖盘
13:29:25	7.65	--	15	11475	卖盘
13:29:19	7.65	--	62	47430	卖盘
13:29:10	7.65	-0.01	1	765	卖盘
13:29:00	7.66	0.01	9	6894	买盘
13:28:49	7.65	--	25	19125	卖盘
13:28:45	7.65	-0.01	3	2295	卖盘
13:28:15	7.66	--	36	27576	卖盘
13:27:49	7.66	--	21	16086	买盘
13:27:44	7.66	--	29	22214	买盘
13:27:29	7.66	0.01	197	150902	买盘
13:27:14	7.65	-0.01	20	15300	卖盘
13:26:59	7.66	0.01	2	1532	买盘
13:26:39	7.65	-0.01	30	22950	卖盘
13:26:29	7.66	--	3	2298	买盘
13:26:19	7.66	--	1	766	买盘
13:26:14	7.66	--	22	16852	买盘
13:26:04	7.66	0.01	110	84260	买盘
13:25:14	7.65	-0.01	5	3825	卖盘
13:25:09	7.66	0.01	21	16086	买盘
13:24:54	7.65	--	6	4590	卖盘
13:24:14	7.65	--	82	62730	买盘
13:23:59	7.65	--	2	1530	买盘
13:23:54	7.65	--	10	7650	买盘
13:23:49	7.65	--	1	765	买盘
13:23:39	7.65	--	231	176715	卖盘
13:23:34	7.65	--	1	765	卖盘
13:23:19	7.65	-0.01	1	765	卖盘
13:23:14	7.66	--	79	60514	卖盘
13:23:09	7.66	-0.01	26	19916	卖盘
13:23:04	7.67	--	12	9204	买盘
13:22:49	7.67	--	3	2301	买盘
13:22:43	7.67	--	365	279955	卖盘
13:21:43	7.67	-0.01	20	15340	卖盘
13:21:39	7.68	--	3	2304	买盘
13:21:28	7.68	0.01	100	76800	买盘
13:21:13	7.67	-0.01	130	99710	卖盘
13:20:48	7.68	--	12	9216	卖盘
13:20:38	7.68	--	38	29184	买盘
13:20:33	7.68	0.01	5	3840	买盘
13:20:23	7.67	-0.01	5	3835	卖盘
13:20:13	7.68	--	2	1536	买盘
13:20:08	7.68	0.01	1	768	卖盘
13:19:48	7.67	-0.01	1	767	卖盘
13:19:43	7.68	--	0	0	买盘
13:19:38	7.68	--	50	38400	买盘
13:19:23	7.68	--	2	1536	买盘
13:18:48	7.68	--	5	3840	买盘
13:18:38	7.68	-0.01	157	120576	卖盘
13:18:33	7.69	0.01	50	38450	买盘
13:17:58	7.68	--	2	1536	卖盘
13:17:53	7.68	--	30	23040	卖盘
13:17:38	7.68	--	20	15360	卖盘
13:17:33	7.68	--	89	68352	卖盘
13:17:28	7.68	--	10	7680	卖盘
13:17:23	7.68	-0.01	30	23040	卖盘
13:16:58	7.69	--	5	3845	买盘
13:16:33	7.69	0.01	20	15380	买盘
13:16:23	7.68	--	2	1536	卖盘
13:16:18	7.68	--	1	768	卖盘
13:16:08	7.68	--	36	27648	买盘
13:15:58	7.68	-0.01	3	2304	买盘
13:15:37	7.69	--	0	0	买盘
13:15:33	7.69	0.01	200	153800	买盘
13:15:22	7.68	0.01	6	4608	买盘
13:15:03	7.67	--	0	0	卖盘
13:14:52	7.67	-0.02	20	15340	卖盘
13:14:48	7.69	0.02	1	769	买盘
13:14:37	7.67	-0.01	20	15340	卖盘
13:14:33	7.68	--	25	19200	买盘
13:14:22	7.68	--	29	22272	卖盘
13:14:18	7.68	-0.01	2	1536	卖盘
13:14:12	7.69	0.01	1	769	买盘
13:13:52	7.68	--	6	4608	卖盘
13:13:42	7.68	--	0	0	卖盘
13:13:32	7.68	--	182	139776	卖盘
13:13:22	7.68	-0.02	20	15360	卖盘
13:13:07	7.7	--	16	12320	买盘
13:12:52	7.7	0.02	50	38500	买盘
13:12:37	7.68	-0.02	1	768	卖盘
13:12:32	7.7	--	0	0	买盘
13:12:07	7.7	0.04	401	308770	买盘
13:12:02	7.66	--	0	0	卖盘
13:11:57	7.66	--	0	0	卖盘
13:11:52	7.66	-0.01	20	15320	卖盘
13:11:27	7.67	--	33	25311	买盘
13:11:12	7.67	-0.01	67	51389	卖盘
13:10:57	7.68	--	201	154368	买盘
13:10:47	7.68	--	1	768	买盘
13:10:37	7.68	--	10	7680	卖盘
13:10:22	7.68	--	14	10752	卖盘
13:10:17	7.68	--	70	53760	卖盘
13:10:02	7.68	-0.01	10	7680	卖盘
13:09:32	7.69	0.01	3	2307	买盘
13:09:27	7.68	--	20	15360	卖盘
13:09:12	7.68	--	40	30720	卖盘
13:09:07	7.68	--	21	16128	卖盘
13:08:52	7.68	--	21	16128	卖盘
13:08:37	7.68	--	20	15360	卖盘
13:08:27	7.68	-0.01	2	1536	卖盘
13:07:42	7.69	--	99	76131	卖盘
13:07:31	7.69	--	8	6152	卖盘
13:07:27	7.69	--	20	15380	卖盘
13:07:22	7.69	--	28	21532	卖盘
13:07:16	7.69	0.01	45	34605	买盘
13:07:01	7.68	-0.01	30	23040	卖盘
13:06:57	7.69	0.01	1	769	买盘
13:06:46	7.68	-0.01	20	15360	卖盘
13:06:26	7.69	--	27	20763	买盘
13:06:06	7.69	-0.01	10	7690	买盘
13:05:41	7.7	--	0	0	买盘
13:05:36	7.7	--	10	7700	买盘
13:05:31	7.7	--	342	263340	买盘
13:05:11	7.7	0.01	100	77000	买盘
13:05:01	7.69	--	18	13842	卖盘
13:04:56	7.69	--	1	769	卖盘
13:04:36	7.69	0.02	3	2307	买盘
13:04:31	7.67	-0.02	20	15340	卖盘
13:04:26	7.69	--	3	2307	买盘
13:04:16	7.69	-0.01	16	12304	买盘
13:04:06	7.7	--	0	0	买盘
13:03:56	7.7	--	20	15400	买盘
13:03:46	7.7	--	47	36190	买盘
13:03:31	7.7	--	29	22484	卖盘
13:03:26	7.7	--	84	64680	卖盘
13:03:21	7.7	--	107	82390	卖盘
13:03:11	7.7	--	927	713790	卖盘
13:02:56	7.7	--	20	15400	卖盘
13:02:46	7.7	--	300	231000	卖盘
13:02:41	7.7	--	20	15400	卖盘
13:02:31	7.7	--	51	39270	卖盘
13:02:26	7.7	0.06	1117	860706	买盘
13:02:21	7.64	0.01	5	3820	买盘
13:02:16	7.63	--	0	0	卖盘
13:02:06	7.63	-0.01	56	42728	卖盘
13:02:01	7.64	--	51	38964	卖盘
13:01:56	7.64	--	3	2368	买盘
13:01:46	7.64	--	92	70975	卖盘
13:01:25	7.64	--	51	38964	卖盘
13:01:21	7.64	--	140	106960	卖盘
13:01:10	7.64	-0.01	51	38964	卖盘
13:00:55	7.65	--	82	62730	卖盘
13:00:51	7.65	--	28	21420	卖盘
13:00:36	7.65	-0.01	60	45900	卖盘
13:00:15	7.66	--	105	80430	买盘
13:00:06	7.66	--	216	165456	买盘
11:30:00	7.66	--	0	0	买盘
11:29:59	7.66	--	0	0	买盘
11:29:57	7.66	--	20	15320	买盘
11:29:42	7.66	--	1	766	买盘
11:29:06	7.66	0.01	7	5362	买盘
11:29:01	7.65	--	16	12240	卖盘
11:28:51	7.65	--	27	20655	卖盘
11:28:36	7.65	--	9	6885	卖盘
11:28:06	7.65	--	10	7650	卖盘
11:28:01	7.65	--	53	40545	卖盘
11:27:46	7.65	--	94	71910	买盘
11:27:42	7.65	0.01	2	1530	买盘
11:27:27	7.64	-0.01	12	9168	卖盘
11:27:21	7.65	--	5	3825	买盘
11:27:01	7.65	--	4	3060	买盘
11:26:46	7.65	0.01	2	1530	买盘
11:26:11	7.64	--	23	17572	卖盘
11:25:56	7.64	-0.01	10	7640	卖盘
11:25:46	7.65	--	1	765	买盘
11:25:21	7.65	--	0	0	中性盘
11:25:16	7.65	--	41	31365	卖盘
11:24:36	7.65	0.01	91	69615	买盘
11:24:21	7.64	--	51	38964	卖盘
11:24:06	7.64	--	9	6876	卖盘
11:23:45	7.64	--	10	7640	卖盘
11:23:41	7.64	--	51	38964	卖盘
11:23:06	7.64	--	13	9932	卖盘
11:22:55	7.64	--	9	6876	卖盘
11:22:51	7.64	--	30	22996	买盘
11:22:45	7.64	0.01	34	25976	买盘
11:22:15	7.63	0.01	22	16786	买盘
11:22:10	7.62	-0.02	3	2286	卖盘
11:22:06	7.64	0.01	176	134464	买盘
11:22:00	7.63	0.01	68	51884	买盘
11:21:55	7.62	-0.01	30	22860	卖盘
11:21:45	7.63	--	300	228900	买盘
11:21:30	7.63	--	100	76300	买盘
11:21:25	7.63	0.01	30	22890	买盘
11:21:15	7.62	-0.01	37	28194	卖盘
11:21:10	7.63	--	11	8393	买盘
11:20:45	7.63	--	2	1526	买盘
11:20:40	7.63	--	31	24339	卖盘
11:20:15	7.63	--	64	48832	卖盘
11:20:00	7.63	--	4	3052	卖盘
11:19:05	7.63	--	10	7630	卖盘
11:18:55	7.63	--	3	2289	卖盘
11:18:50	7.63	--	53	40439	卖盘
11:18:40	7.63	--	110	83930	卖盘
11:18:35	7.63	--	10	7630	卖盘
11:18:10	7.63	--	15	11445	卖盘
11:17:15	7.63	--	27	20601	卖盘
11:16:54	7.63	-0.01	57	43491	卖盘
11:16:15	7.64	0.01	5	3820	买盘
11:15:24	7.63	-0.01	1	763	卖盘
11:15:15	7.64	0.01	40	30560	买盘
11:14:34	7.63	--	30	22890	卖盘
11:14:04	7.63	--	5	3815	卖盘
11:13:09	7.63	--	10	7630	卖盘
11:12:59	7.63	--	50	38150	卖盘
11:12:29	7.63	-0.01	0	76	卖盘
11:12:04	7.64	0.01	11	8404	买盘
11:11:39	7.63	--	1	763	卖盘
11:11:34	7.63	-0.01	52	39676	卖盘
11:11:24	7.64	0.01	60	45840	买盘
11:11:04	7.63	-0.01	56	42728	卖盘
11:10:48	7.64	--	49	37436	买盘
11:10:29	7.64	--	41	31324	买盘
11:10:24	7.64	0.01	15	11460	买盘
11:10:18	7.63	--	1	763	卖盘
11:09:59	7.63	--	51	38913	卖盘
11:09:48	7.63	-0.01	2	1526	卖盘
11:09:43	7.64	--	13	9932	买盘
11:09:24	7.64	--	37	28268	卖盘
11:09:13	7.64	--	10	7640	卖盘
11:09:03	7.64	--	0	0	卖盘
11:08:48	7.64	-0.01	104	79456	卖盘
11:08:33	7.65	--	129	98685	卖盘
11:08:28	7.65	--	1	765	卖盘
11:08:13	7.65	--	1	765	卖盘
11:08:09	7.65	--	17	13005	卖盘
11:08:03	7.65	--	5	3825	卖盘
11:07:58	7.65	--	19	14535	买盘
11:07:39	7.65	--	16	12240	卖盘
11:07:33	7.65	--	6	4590	卖盘
11:07:18	7.65	--	29	22185	买盘
11:07:03	7.65	--	5	3825	买盘
11:06:18	7.65	-0.01	23	17595	卖盘
11:05:48	7.66	--	0	0	买盘
11:05:28	7.66	0.01	50	38300	买盘
11:05:13	7.65	-0.01	51	39015	卖盘
11:04:58	7.66	0.03	10	7660	买盘
11:04:43	7.63	--	0	0	卖盘
11:04:28	7.63	-0.01	111	84693	卖盘
11:04:18	7.64	0.01	15	11460	买盘
11:03:27	7.63	-0.01	30	22890	卖盘
11:03:08	7.64	--	1	764	买盘
11:02:37	7.64	0.01	5	3820	买盘
11:02:27	7.63	--	12	9156	卖盘
11:02:07	7.63	-0.01	60	45780	卖盘
11:02:03	7.64	--	10	7640	买盘
11:01:52	7.64	--	2	1528	买盘
11:01:42	7.64	--	14	10696	买盘
11:01:37	7.64	-0.02	596	455496	卖盘
11:01:18	7.66	--	0	0	买盘
10:59:42	7.66	0.02	34	26044	买盘
10:59:17	7.64	--	0	0	卖盘
10:59:12	7.64	-0.02	51	38964	卖盘
10:59:07	7.66	0.01	2	1532	买盘
10:58:42	7.65	--	13	9945	卖盘
10:58:37	7.65	--	50	38250	卖盘
10:58:22	7.65	-0.01	1	765	卖盘
10:58:17	7.66	--	2	1532	买盘
10:58:07	7.66	--	26	19916	买盘
10:57:57	7.66	--	1	766	卖盘
10:57:52	7.66	--	3	2298	卖盘
10:57:37	7.66	--	5	3830	卖盘
10:57:27	7.66	--	1	766	买盘
10:57:06	7.66	-0.01	3	2298	中性盘
10:56:57	7.67	0.02	243	186381	买盘
10:56:42	7.65	--	50	38250	卖盘
10:56:16	7.65	--	86	65790	卖盘
10:56:06	7.65	--	2	1530	卖盘
10:55:51	7.65	--	2	1530	卖盘
10:55:46	7.65	-0.02	18	13770	卖盘
10:55:36	7.67	0.01	140	107380	买盘
10:55:21	7.66	--	283	216778	买盘
10:55:01	7.66	--	0	0	买盘
10:54:51	7.66	--	2	1532	买盘
10:54:46	7.66	--	2	1532	买盘
10:54:31	7.66	0.02	15	11490	买盘
10:54:21	7.64	-0.02	186	142104	卖盘
10:54:16	7.66	0.01	368	282041	买盘
10:53:26	7.65	-0.01	13	9945	卖盘
10:53:06	7.66	--	9	6894	买盘
10:53:01	7.66	0.01	3	2298	买盘
10:52:51	7.65	--	30	22950	卖盘
10:52:31	7.65	--	56	42840	卖盘
10:52:16	7.65	-0.01	2	1530	卖盘
10:52:11	7.66	0.01	3	2298	买盘
10:51:56	7.65	-0.01	2	1530	卖盘
10:51:31	7.66	0.01	11	8426	买盘
10:51:21	7.65	-0.01	10	7650	卖盘
10:51:06	7.66	--	20	15320	买盘
10:50:51	7.66	--	25	19150	买盘
10:50:21	7.66	--	21	16086	买盘
10:50:00	7.66	0.01	62	47492	买盘
10:49:56	7.65	--	15	11475	卖盘
10:49:51	7.65	--	52	39780	卖盘
10:49:45	7.65	--	102	78030	卖盘
10:49:36	7.65	--	6	4590	卖盘
10:48:55	7.65	0.01	2	2142	买盘
10:48:51	7.64	--	40	30560	卖盘
10:48:40	7.64	-0.01	17	12988	卖盘
10:48:25	7.65	0.01	132	100980	买盘
10:48:15	7.64	--	43	32852	卖盘
10:47:51	7.64	--	10	7640	卖盘
10:47:40	7.64	-0.01	6	4584	卖盘
10:47:25	7.65	0.01	35	26775	买盘
10:47:15	7.64	-0.01	11	8404	卖盘
10:47:10	7.65	0.01	3	2295	买盘
10:46:10	7.64	--	112	85568	卖盘
10:45:45	7.64	--	103	78692	卖盘
10:45:35	7.64	0.01	18	14363	买盘
10:44:45	7.63	--	20	15260	卖盘
10:44:40	7.63	--	3	2289	卖盘
10:44:20	7.63	--	22	16786	卖盘
10:43:45	7.63	--	4	3052	卖盘
10:43:20	7.63	-0.01	2	1526	卖盘
10:43:04	7.64	--	20	15280	买盘
10:43:00	7.64	0.01	1	764	买盘
10:42:54	7.63	-0.01	15	11445	卖盘
10:42:49	7.64	0.01	5	3820	买盘
10:42:00	7.63	-0.01	3	2289	卖盘
10:41:34	7.64	0.01	3	2292	买盘
10:41:09	7.63	-0.01	8	6104	卖盘
10:40:45	7.64	0.01	1	764	买盘
10:40:39	7.63	0.01	1	763	中性盘
10:40:19	7.62	--	10	7620	卖盘
10:39:59	7.62	0.01	1	762	卖盘
10:39:49	7.61	--	0	0	卖盘
10:39:39	7.61	--	2	1522	卖盘
10:39:34	7.61	--	129	98169	卖盘
10:39:24	7.61	-0.03	200	152200	卖盘
10:39:19	7.64	0.02	200	152800	买盘
10:39:04	7.62	--	35	26822	卖盘
10:38:44	7.62	--	17	12954	卖盘
10:38:39	7.62	--	74	56997	买盘
10:38:34	7.62	0.01	50	38100	买盘
10:38:24	7.61	-0.01	47	35767	卖盘
10:38:14	7.62	0.01	1	762	买盘
10:37:54	7.61	-0.01	10	7610	卖盘
10:37:49	7.62	--	10	7620	买盘
10:37:39	7.62	--	20	15240	买盘
10:37:33	7.62	0.01	14	10668	买盘
10:37:24	7.61	-0.01	27	20547	卖盘
10:37:14	7.62	0.01	14	10668	买盘
10:37:03	7.61	--	2	1522	卖盘
10:36:59	7.61	--	30	22830	卖盘
10:36:54	7.61	-0.01	2	1522	卖盘
10:36:48	7.62	--	50	38100	买盘
10:36:43	7.62	0.01	2	1524	买盘
10:36:33	7.61	-0.01	137	104257	卖盘
10:36:28	7.62	0.01	151	115062	买盘
10:36:13	7.61	--	26	19786	卖盘
10:35:58	7.61	-0.01	30	22830	卖盘
10:35:33	7.62	0.01	9	6858	买盘
10:35:28	7.61	-0.01	1	761	卖盘
10:35:18	7.62	--	17	12954	买盘
10:35:13	7.62	0.01	25	19050	买盘
10:35:03	7.61	--	3	2283	卖盘
10:34:48	7.61	-0.01	51	38811	卖盘
10:34:43	7.62	0.01	1	762	买盘
10:34:39	7.61	-0.01	30	22830	卖盘
10:34:28	7.62	--	137	104394	卖盘
10:34:18	7.62	--	20	15240	卖盘
10:34:13	7.62	--	51	38862	卖盘
10:34:08	7.62	-0.01	70	53340	卖盘
10:34:03	7.63	0.01	480	366240	买盘
10:33:54	7.62	--	15	11430	卖盘
10:33:48	7.62	--	9	6858	卖盘
10:33:43	7.62	--	3	2286	卖盘
10:33:38	7.62	--	13	9906	卖盘
10:33:33	7.62	--	30	22860	卖盘
10:33:18	7.62	--	100	76200	卖盘
10:33:03	7.62	-0.01	10	7620	卖盘
10:32:53	7.63	--	10	7630	买盘
10:32:48	7.63	0.01	10	7630	买盘
10:32:43	7.62	-0.01	80	60960	卖盘
10:32:28	7.63	--	138	105294	买盘
10:32:18	7.63	0.01	6	4578	买盘
10:31:43	7.62	-0.01	1	762	卖盘
10:31:33	7.63	--	95	72485	卖盘
10:31:28	7.63	--	1	763	卖盘
10:31:18	7.63	--	100	76300	卖盘
10:30:53	7.63	--	23	17549	卖盘
10:30:48	7.63	--	281	214403	卖盘
10:30:42	7.63	--	7	5341	卖盘
10:30:33	7.63	--	10	7630	卖盘
10:30:27	7.63	-0.01	2	1526	卖盘
10:29:42	7.64	--	5	3820	买盘
10:28:57	7.64	--	6	4584	买盘
10:28:52	7.64	-0.01	174	132936	卖盘
10:28:48	7.65	--	31	23715	买盘
10:28:37	7.65	--	11	8415	买盘
10:27:52	7.65	0.01	5	3825	买盘
10:27:37	7.64	--	10	7640	卖盘
10:26:42	7.64	--	16	12224	卖盘
10:26:37	7.64	--	5	3820	卖盘
10:26:22	7.64	0.01	79	60356	买盘
10:26:02	7.63	--	1	763	卖盘
10:25:57	7.63	--	13	9919	卖盘
10:25:42	7.63	-0.01	1	763	卖盘
10:25:27	7.64	0.01	5	3820	买盘
10:25:17	7.63	-0.01	10	7630	卖盘
10:25:02	7.64	0.01	1	764	买盘
10:24:57	7.63	-0.01	20	15260	卖盘
10:24:52	7.64	0.01	60	45840	买盘
10:24:37	7.63	--	12	9156	卖盘
10:24:32	7.63	--	289	220507	卖盘
10:24:27	7.63	--	172	131236	买盘
10:24:21	7.63	0.01	4	3052	买盘
10:24:12	7.62	-0.01	102	77724	卖盘
10:24:06	7.63	0.01	59	45017	买盘
10:23:57	7.62	--	26	19812	买盘
10:23:51	7.62	--	15	11430	买盘
10:23:47	7.62	--	59	44958	卖盘
10:23:31	7.62	--	162	123444	买盘
10:23:27	7.62	--	50	38100	买盘
10:23:21	7.62	--	14	10668	买盘
10:23:12	7.62	0.01	5	3810	买盘
10:23:01	7.61	--	22	16742	卖盘
10:22:51	7.61	-0.01	28	21308	卖盘
10:22:46	7.62	0.01	98	74676	买盘
10:22:31	7.61	-0.01	41	31201	卖盘
10:22:21	7.62	--	127	96774	卖盘
10:22:01	7.62	--	9	6858	买盘
10:21:57	7.62	--	50	38100	买盘
10:21:46	7.62	--	48	36576	买盘
10:21:21	7.62	--	20	15240	买盘
10:21:16	7.62	--	11	8382	买盘
10:21:06	7.62	-0.01	109	83058	卖盘
10:21:01	7.63	0.01	1	763	买盘
10:20:41	7.62	--	150	114300	卖盘
10:20:26	7.62	--	93	70866	卖盘
10:20:21	7.62	-0.01	1	762	卖盘
10:20:16	7.63	--	5	3815	买盘
10:19:56	7.63	0.01	15	11445	买盘
10:19:46	7.62	--	23	17526	卖盘
10:19:31	7.62	--	14	10668	卖盘
10:19:16	7.62	-0.01	19	14478	卖盘
10:18:51	7.63	-0.01	78	59514	卖盘
10:18:36	7.64	0.01	1	764	买盘
10:18:21	7.63	--	3	2289	卖盘
10:17:51	7.63	--	192	146496	买盘
10:17:46	7.63	--	10	7630	买盘
10:17:36	7.63	--	228	173964	卖盘
10:17:30	7.63	--	10	7630	卖盘
10:17:15	7.63	--	102	77826	卖盘
10:16:45	7.63	-0.01	2	1526	卖盘
10:16:25	7.64	--	21	16044	买盘
10:16:15	7.64	0.01	15	11460	买盘
10:16:06	7.63	-0.01	9	6867	卖盘
10:16:00	7.64	--	7	5348	买盘
10:15:55	7.64	--	1	764	买盘
10:15:45	7.64	0.01	10	7640	买盘
10:15:40	7.63	--	4	3052	卖盘
10:15:10	7.63	--	67	51121	卖盘
10:15:00	7.63	--	4	3052	卖盘
10:14:40	7.63	-0.01	202	154126	卖盘
10:14:30	7.64	0.01	1	764	买盘
10:14:05	7.63	0.01	39	29757	卖盘
10:13:25	7.62	--	0	0	卖盘
10:13:00	7.62	0.01	5	3810	买盘
10:12:55	7.61	-0.01	12	9132	卖盘
10:12:45	7.62	--	36	27432	买盘
10:12:40	7.62	--	83	63246	卖盘
10:12:30	7.62	--	11	8382	卖盘
10:12:25	7.62	--	0	0	卖盘
10:12:15	7.62	-0.02	200	152400	卖盘
10:12:10	7.64	--	56	42784	卖盘
10:11:45	7.64	-0.01	2	1528	卖盘
10:11:40	7.65	--	1	765	买盘
10:11:30	7.65	--	4	3060	买盘
10:11:20	7.65	0.01	13	9945	买盘
10:11:15	7.64	-0.01	3	2292	卖盘
10:11:10	7.65	--	10	7650	买盘
10:11:00	7.65	0.01	13	9945	买盘
10:10:54	7.64	--	7	5348	卖盘
10:10:39	7.64	-0.01	4	3056	卖盘
10:10:35	7.65	0.01	2	1530	买盘
10:10:24	7.64	--	5	3820	卖盘
10:10:19	7.64	--	1	764	卖盘
10:09:54	7.64	0.01	4	3056	买盘
10:09:49	7.63	--	3	2289	卖盘
10:09:45	7.63	--	102	77826	买盘
10:09:39	7.63	--	15	11445	买盘
10:09:24	7.63	0.01	18	13734	买盘
10:09:09	7.62	--	6	4572	卖盘
10:09:04	7.62	0.01	77	58674	买盘
10:08:54	7.61	-0.01	6	4566	卖盘
10:08:39	7.62	--	20	15240	买盘
10:08:34	7.62	--	2	1524	买盘
10:08:24	7.62	-0.01	1	762	买盘
10:08:19	7.63	--	0	0	买盘
10:08:09	7.63	0.01	204	155652	买盘
10:08:04	7.62	--	1	762	卖盘
10:07:59	7.62	0.02	45	34290	买盘
10:07:54	7.6	--	0	0	卖盘
10:07:49	7.6	-0.02	399	303240	卖盘
10:07:39	7.62	--	165	125730	卖盘
10:07:34	7.62	--	38	28956	卖盘
10:07:24	7.62	-0.01	1	762	卖盘
10:07:19	7.63	--	2	1526	买盘
10:07:09	7.63	0.01	77	58751	买盘
10:07:04	7.62	-0.01	4	3048	卖盘
10:06:54	7.63	0.01	16	12208	买盘
10:06:49	7.62	-0.01	100	76200	卖盘
10:06:34	7.63	--	2	1526	买盘
10:06:24	7.63	0.01	24	18312	中性盘
10:06:19	7.62	-0.01	159	121158	卖盘
10:06:09	7.63	--	88	67144	卖盘
10:06:04	7.63	--	120	91560	卖盘
10:05:54	7.63	--	20	15260	卖盘
10:05:39	7.63	--	35	26705	卖盘
10:05:29	7.63	--	20	15260	卖盘
10:05:24	7.63	--	5	3815	卖盘
10:05:19	7.63	--	2	1526	卖盘
10:04:54	7.63	-0.01	220	167860	卖盘
10:04:49	7.64	--	33	25212	买盘
10:04:13	7.64	--	226	172664	卖盘
10:04:09	7.64	-0.01	500	382000	卖盘
10:03:54	7.65	-0.01	38	29070	卖盘
10:03:48	7.66	--	5	3830	买盘
10:03:33	7.66	--	863	661058	买盘
10:03:28	7.66	--	15	11490	买盘
10:03:24	7.66	0.01	5	3830	买盘
10:03:18	7.65	--	40	30600	卖盘
10:03:13	7.65	--	8	6120	卖盘
10:03:03	7.65	0.01	3	2295	买盘
10:02:58	7.64	--	34	25976	买盘
10:02:43	7.64	-0.02	146	111544	卖盘
10:02:39	7.66	--	13	9958	卖盘
10:02:33	7.66	0.01	35	26810	卖盘
10:02:28	7.65	-0.01	30	22950	中性盘
10:02:18	7.66	0.02	10	7660	买盘
10:02:13	7.64	-0.01	394	301016	卖盘
10:01:53	7.65	-0.01	30	22950	卖盘
10:01:48	7.66	--	12	9192	卖盘
10:01:43	7.66	--	46	35236	卖盘
10:01:33	7.66	--	40	30640	卖盘
10:01:28	7.66	--	60	45960	卖盘
10:01:23	7.66	--	25	19150	卖盘
10:01:13	7.66	--	1	766	卖盘
10:01:03	7.66	-0.01	74	56684	卖盘
10:00:58	7.67	--	15	11505	买盘
10:00:48	7.67	0.01	2	1534	买盘
10:00:43	7.66	--	3	2298	卖盘
10:00:33	7.66	-0.02	35	26810	卖盘
10:00:13	7.68	--	0	0	买盘
10:00:03	7.68	--	211	162048	买盘
09:59:58	7.68	0.01	27	20736	买盘
09:59:53	7.67	--	45	34515	卖盘
09:59:48	7.67	--	4	3068	卖盘
09:59:38	7.67	0.01	31	23777	买盘
09:59:33	7.66	--	41	31406	卖盘
09:59:13	7.66	-0.01	8	6128	卖盘
09:58:58	7.67	-0.01	3	2301	卖盘
09:58:48	7.68	0.01	6	4608	买盘
09:58:43	7.67	--	52	39884	卖盘
09:58:33	7.67	-0.01	3	2301	卖盘
09:58:23	7.68	--	111	85248	卖盘
09:58:18	7.68	--	5	3840	卖盘
09:58:12	7.68	--	4	3072	卖盘
09:58:08	7.68	-0.01	1	768	卖盘
09:57:57	7.69	--	1	769	买盘
09:57:48	7.69	0.01	30	23070	买盘
09:57:37	7.68	-0.01	11	8448	卖盘
09:57:33	7.69	0.01	10	7690	买盘
09:57:27	7.68	--	23	17664	卖盘
09:57:18	7.68	--	87	66816	卖盘
09:57:07	7.68	-0.01	40	30720	卖盘
09:56:57	7.69	--	2	1538	买盘
09:56:48	7.69	0.01	5	3845	买盘
09:56:37	7.68	--	5	3840	卖盘
09:56:12	7.68	0.01	10	7680	买盘
09:55:52	7.67	--	2	1534	买盘
09:55:37	7.67	--	13	9971	买盘
09:55:32	7.67	-0.02	628	481676	卖盘
09:55:27	7.69	0.01	105	80745	买盘
09:55:22	7.68	--	4	3072	卖盘
09:54:52	7.68	--	35	26880	卖盘
09:54:37	7.68	0.01	12	9216	卖盘
09:54:27	7.67	--	78	59826	卖盘
09:54:22	7.67	-0.01	3	2301	卖盘
09:54:17	7.68	--	0	0	买盘
09:54:12	7.68	--	3	2304	卖盘
09:54:07	7.68	--	9	6912	买盘
09:54:02	7.68	--	4	3072	买盘
09:53:42	7.68	--	5	3840	买盘
09:53:27	7.68	--	8	6144	买盘
09:53:12	7.68	--	184	141312	卖盘
09:53:07	7.68	--	1	768	卖盘
09:52:57	7.68	-0.01	20	15360	卖盘
09:52:52	7.69	0.01	52	39988	买盘
09:52:42	7.68	--	6	4608	卖盘
09:52:37	7.68	--	1	768	卖盘
09:52:27	7.68	--	21	16128	卖盘
09:52:22	7.68	--	19	14592	买盘
09:52:12	7.68	--	31	23808	买盘
09:52:06	7.68	0.01	10	7680	买盘
09:51:51	7.67	--	5	3835	卖盘
09:51:31	7.67	--	92	70564	卖盘
09:51:16	7.67	-0.01	180	138060	卖盘
09:50:42	7.68	--	2	1536	买盘
09:50:36	7.68	--	68	52224	卖盘
09:50:21	7.68	-0.01	29	22272	卖盘
09:50:12	7.69	0.01	10	7690	买盘
09:50:06	7.68	-0.02	51	39168	卖盘
09:50:01	7.7	0.01	79	60830	买盘
09:49:56	7.69	--	9	6921	卖盘
09:49:51	7.69	--	32	24608	卖盘
09:49:31	7.69	-0.01	10	7690	卖盘
09:49:21	7.7	--	22	16940	买盘
09:49:11	7.7	--	11	8470	买盘
09:49:06	7.7	--	1	770	买盘
09:48:46	7.7	--	33	25410	卖盘
09:48:41	7.7	--	305	234850	卖盘
09:48:36	7.7	--	54	41580	卖盘
09:48:31	7.7	--	25	19250	卖盘
09:48:26	7.7	-0.01	20	15400	卖盘
09:48:16	7.71	-0.01	94	72474	卖盘
09:48:06	7.72	--	179	138188	买盘
09:48:01	7.72	--	30	23160	买盘
09:47:56	7.72	--	22	16984	买盘
09:47:51	7.72	--	65	50180	卖盘
09:47:41	7.72	0.03	137	105764	买盘
09:47:36	7.69	--	0	0	卖盘
09:47:26	7.69	-0.03	100	76900	卖盘
09:47:21	7.72	0.02	50	38600	买盘
09:47:11	7.7	0.02	102	78540	买盘
09:47:01	7.68	-0.02	29	22272	卖盘
09:46:51	7.7	-0.03	125	96250	中性盘
09:46:46	7.73	--	104	80392	买盘
09:46:36	7.73	--	20	15460	买盘
09:46:31	7.73	--	40	30920	卖盘
09:46:21	7.73	--	45	34785	买盘
09:46:15	7.73	--	1	773	买盘
09:46:11	7.73	--	0	0	买盘
09:46:06	7.73	0.06	64	49472	买盘
09:46:00	7.67	-0.07	107	82069	卖盘
09:45:56	7.74	0.07	442	342108	买盘
09:45:45	7.67	0.01	49	37583	卖盘
09:45:40	7.66	--	70	53620	卖盘
09:45:30	7.66	0.03	39	29874	买盘
09:45:25	7.63	-0.16	51	38913	卖盘
09:45:15	7.79	0.16	600	467400	买盘
09:45:10	7.63	--	0	0	卖盘
09:45:05	7.63	--	0	0	卖盘
09:45:00	7.63	--	17	12971	买盘
09:44:55	7.63	0.03	32	24416	买盘
09:44:45	7.6	--	0	0	卖盘
09:44:40	7.6	--	11	8360	卖盘
09:44:30	7.6	--	924	702240	卖盘
09:44:10	7.6	--	804	611040	买盘
09:44:06	7.6	--	300	228000	买盘
09:44:00	7.6	0.01	125	95000	买盘
09:43:55	7.59	--	12	9108	卖盘
09:43:50	7.59	-0.01	39	29601	卖盘
09:43:45	7.6	--	5	3800	买盘
09:43:40	7.6	0.01	115	87400	买盘
09:43:30	7.59	0.01	159	121288	买盘
09:43:25	7.58	-0.01	1	758	卖盘
09:43:20	7.59	--	30	22770	买盘
09:43:15	7.59	--	58	44022	买盘
09:43:10	7.59	0.01	10	7590	买盘
09:43:00	7.58	-0.01	10	7580	卖盘
09:42:55	7.59	--	15	11385	买盘
09:42:50	7.59	0.02	2	1518	买盘
09:42:45	7.57	--	73	55261	卖盘
09:42:40	7.57	--	642	485994	卖盘
09:42:35	7.57	--	10	7570	卖盘
09:42:30	7.57	--	77	58289	卖盘
09:42:25	7.57	-0.01	24	18168	卖盘
09:42:10	7.58	--	117	88686	卖盘
09:42:05	7.58	--	4	3032	卖盘
09:41:55	7.58	-0.01	272	206176	卖盘
09:41:45	7.59	0.01	10	7590	买盘
09:41:40	7.58	-0.01	79	60033	卖盘
09:41:35	7.59	--	14	10626	卖盘
09:41:30	7.59	-0.01	132	100188	卖盘
09:41:25	7.6	--	15	11400	买盘
09:41:15	7.6	--	58	44080	卖盘
09:41:10	7.6	-0.01	109	82840	卖盘
09:41:05	7.61	0.01	20	15220	买盘
09:41:00	7.6	-0.01	162	123120	卖盘
09:40:40	7.61	--	66	50226	卖盘
09:40:30	7.61	-0.01	72	54792	卖盘
09:40:25	7.62	0.01	69	52578	买盘
09:40:09	7.61	-0.01	9	6849	卖盘
09:40:00	7.62	-0.01	4	3048	卖盘
09:39:54	7.63	--	48	36624	买盘
09:39:45	7.63	--	270	206010	卖盘
09:39:34	7.63	--	222	169386	卖盘
09:39:29	7.63	--	8	6104	卖盘
09:39:19	7.63	--	30	22890	卖盘
09:39:14	7.63	-0.01	40	30520	卖盘
09:39:09	7.64	0.01	16	12224	买盘
09:38:59	7.63	-0.01	71	54173	卖盘
09:38:54	7.64	0.01	31	23684	买盘
09:38:44	7.63	--	2	1526	卖盘
09:38:39	7.63	--	5	3815	卖盘
09:38:24	7.63	--	13	9919	卖盘
09:38:19	7.63	--	5	3815	卖盘
09:38:09	7.63	0.03	156	119028	买盘
09:38:04	7.6	--	15	11400	卖盘
09:37:54	7.6	0.01	3	2280	卖盘
09:37:49	7.59	-0.04	388	294492	卖盘
09:37:39	7.63	0.01	10	7630	买盘
09:37:34	7.62	0.02	132	100584	中性盘
09:37:29	7.6	-0.04	688	522880	卖盘
09:37:24	7.64	0.01	10	7640	买盘
09:37:19	7.63	-0.01	16	12208	卖盘
09:37:09	7.64	0.02	47	35908	买盘
09:37:04	7.62	-0.01	378	288036	卖盘
09:36:59	7.63	-0.01	17	12971	卖盘
09:36:49	7.64	--	0	0	买盘
09:36:44	7.64	--	5	3820	买盘
09:36:39	7.64	0.01	50	38200	买盘
09:36:34	7.63	--	368	280784	卖盘
09:36:29	7.63	-0.01	5	3815	卖盘
09:36:24	7.64	--	48	36672	买盘
09:36:19	7.64	--	21	16044	买盘
09:36:14	7.64	--	11	8404	买盘
09:36:09	7.64	0.01	30	22920	买盘
09:36:04	7.63	--	33	25179	卖盘
09:35:59	7.63	--	10	7630	卖盘
09:35:54	7.63	-0.01	14	10682	卖盘
09:35:49	7.64	--	60	45840	买盘
09:35:39	7.64	--	27	20628	买盘
09:35:34	7.64	0.01	16	12224	买盘
09:35:29	7.63	-0.02	170	129710	卖盘
09:35:24	7.65	0.01	37	28305	买盘
09:35:19	7.64	--	5	3820	卖盘
09:35:14	7.64	--	5	3820	卖盘
09:35:09	7.64	--	23	17572	卖盘
09:35:04	7.64	--	200	152800	卖盘
09:34:59	7.64	--	6	4584	卖盘
09:34:54	7.64	--	3	2292	卖盘
09:34:49	7.64	--	18	13752	买盘
09:34:39	7.64	--	45	34380	买盘
09:34:34	7.64	0.01	2	1528	买盘
09:34:24	7.63	--	1	763	卖盘
09:34:03	7.63	--	13	9919	卖盘
09:33:59	7.63	--	20	15260	卖盘
09:33:54	7.63	--	204	155652	卖盘
09:33:48	7.63	--	0	0	中性盘
09:33:44	7.63	0.01	6	4578	买盘
09:33:39	7.62	--	2	1524	卖盘
09:33:33	7.62	--	16	12192	卖盘
09:33:28	7.62	--	81	61722	卖盘
09:33:23	7.62	0.01	119	90678	中性盘
09:33:18	7.61	-0.01	41	31201	卖盘
09:33:13	7.62	--	9	6858	卖盘
09:33:08	7.62	--	27	21183	买盘
09:33:03	7.62	--	54	41148	买盘
09:32:58	7.62	--	87	66294	买盘
09:32:53	7.62	-0.01	433	329946	卖盘
09:32:48	7.63	--	8	6104	买盘
09:32:43	7.63	--	2	1526	卖盘
09:32:38	7.63	--	48	36624	买盘
09:32:33	7.63	--	10	7630	买盘
09:32:28	7.63	--	26	19838	买盘
09:32:23	7.63	--	2	1526	买盘
09:32:18	7.63	-0.01	249	189987	卖盘
09:32:13	7.64	--	0	0	卖盘
09:32:08	7.64	-0.02	5	3820	卖盘
09:32:03	7.66	--	6	4596	卖盘
09:31:58	7.66	0.02	2	1532	买盘
09:31:48	7.64	--	3	2292	卖盘
09:31:43	7.64	-0.02	10	7640	中性盘
09:31:33	7.66	0.03	1	766	买盘
09:31:23	7.63	--	44	33572	卖盘
09:31:08	7.63	0.01	1	763	卖盘
09:31:03	7.62	--	0	0	卖盘
09:30:58	7.62	--	21	16002	卖盘
09:30:53	7.62	-0.01	140	106680	卖盘
09:30:48	7.63	0.01	30	22890	买盘
09:30:28	7.62	-0.01	41	31242	卖盘
09:30:08	7.63	--	16	12208	卖盘
09:30:03	7.63	-0.04	34	25942	卖盘
09:28:45	7.67	--	0	0	买盘
09:25:06	7.67	7.67	20	15340	买盘
