成交时间	成交价	价格变动	成交量(手)	成交额(元)	性质
15:00:00	5.7	--	0	0	卖盘
15:00:00	5.7	-0.01	0	0	卖盘
14:59:58	5.71	--	132	75372	买盘
14:59:52	5.71	--	2252	1285892	卖盘
14:59:48	5.71	--	101	57671	卖盘
14:59:43	5.71	--	232	132472	买盘
14:59:37	5.71	0.01	44	25124	买盘
14:59:33	5.7	--	38	21660	卖盘
14:59:28	5.7	-0.01	88	50160	卖盘
14:59:22	5.71	--	56	31976	买盘
14:59:18	5.71	--	51	29121	买盘
14:59:13	5.71	--	248	141608	卖盘
14:59:07	5.71	--	154	87934	卖盘
14:58:58	5.71	--	391	223261	卖盘
14:58:52	5.71	0.01	93	53103	买盘
14:58:47	5.7	--	0	0	卖盘
14:58:43	5.7	--	176	100320	卖盘
14:58:37	5.7	-0.01	158	90060	卖盘
14:58:33	5.71	-0.01	75	42825	卖盘
14:58:28	5.72	--	50	28600	买盘
14:58:18	5.72	0.01	64	37082	买盘
14:58:13	5.71	--	227	129617	买盘
14:58:07	5.71	--	23	13133	买盘
14:58:03	5.71	0.01	55	31405	买盘
14:57:58	5.7	--	534	304380	卖盘
14:57:52	5.7	-0.02	1076	613416	卖盘
14:57:48	5.72	0.01	37	21164	买盘
14:57:43	5.71	-0.01	192	110088	卖盘
14:57:37	5.72	0.01	122	69784	买盘
14:57:33	5.71	--	37	21127	卖盘
14:57:27	5.71	-0.01	490	279790	卖盘
14:57:22	5.72	--	11	6292	买盘
14:57:18	5.72	--	546	312312	卖盘
14:57:12	5.72	--	200	114400	卖盘
14:57:07	5.72	--	353	201916	买盘
14:57:02	5.72	--	30	17160	买盘
14:56:57	5.72	--	196	112112	买盘
14:56:52	5.72	0.01	47	26884	买盘
14:56:48	5.71	-0.01	80	45680	卖盘
14:56:42	5.72	--	344	196768	买盘
14:56:37	5.72	-0.01	55	31460	卖盘
14:56:32	5.73	--	206	118038	买盘
14:56:27	5.73	0.01	184	105432	买盘
14:56:18	5.72	--	29	16588	买盘
14:56:12	5.72	-0.01	70	40040	卖盘
14:56:07	5.73	0.01	129	73917	买盘
14:55:57	5.72	-0.01	6	3432	卖盘
14:55:52	5.73	--	115	65895	买盘
14:55:46	5.73	0.01	12	6876	买盘
14:55:42	5.72	--	4	2288	卖盘
14:55:37	5.72	0.01	207	118404	中性盘
14:55:31	5.71	--	4	2284	卖盘
14:55:27	5.71	--	30	17130	卖盘
14:55:22	5.71	--	440	251257	买盘
14:55:16	5.71	--	80	45680	买盘
14:55:12	5.71	--	9	5139	买盘
14:55:07	5.71	--	704	401984	卖盘
14:55:01	5.71	0.01	25	14275	卖盘
14:54:57	5.7	-0.01	707	402990	卖盘
14:54:52	5.71	--	229	130759	买盘
14:54:46	5.71	--	123	70233	买盘
14:54:42	5.71	--	107	61097	买盘
14:54:37	5.71	--	6	3426	买盘
14:54:31	5.71	--	20	11420	买盘
14:54:27	5.71	-0.02	3565	2035615	卖盘
14:54:22	5.73	--	154	88242	买盘
14:54:16	5.73	--	52	29796	买盘
14:54:12	5.73	--	49	28077	买盘
14:54:07	5.73	--	40	22920	买盘
14:53:57	5.73	--	323	185079	买盘
14:53:52	5.73	-0.01	477	273876	卖盘
14:53:42	5.74	0.01	26	14924	买盘
14:53:31	5.73	-0.01	15	8595	卖盘
14:53:27	5.74	--	2	1148	买盘
14:53:22	5.74	0.01	220	126280	买盘
14:53:16	5.73	--	30	17190	卖盘
14:53:12	5.73	--	97	55581	卖盘
14:53:07	5.73	-0.01	83	47559	卖盘
14:53:01	5.74	0.01	50	28700	买盘
14:52:56	5.73	-0.01	5	2865	卖盘
14:52:52	5.74	--	10	5740	买盘
14:52:46	5.74	--	3	1722	买盘
14:52:37	5.74	--	20	11480	买盘
14:52:27	5.74	0.01	20	11480	买盘
14:52:22	5.73	--	80	45840	卖盘
14:52:16	5.73	-0.01	36	21086	卖盘
14:52:11	5.74	0.01	110	63140	卖盘
14:52:01	5.73	--	0	0	卖盘
14:51:56	5.73	-0.01	130	74490	卖盘
14:51:52	5.74	--	5	2870	买盘
14:51:46	5.74	0.01	57	32718	中性盘
14:51:42	5.73	-0.01	500	286500	卖盘
14:51:37	5.74	--	531	305040	买盘
14:51:31	5.74	--	6	3444	买盘
14:51:26	5.74	--	10	5740	买盘
14:51:16	5.74	--	58	33619	卖盘
14:51:11	5.74	-0.01	503	288722	卖盘
14:51:07	5.75	--	557	320620	卖盘
14:51:01	5.75	--	100	57500	卖盘
14:50:46	5.75	--	61	35075	卖盘
14:50:37	5.75	--	15	8625	卖盘
14:50:31	5.75	--	51	29325	卖盘
14:50:27	5.75	--	122	70150	卖盘
14:50:21	5.75	--	431	248055	买盘
14:50:16	5.75	--	20	11500	买盘
14:50:11	5.75	--	30	17250	买盘
14:50:01	5.75	--	54	31395	卖盘
14:49:56	5.75	--	2	1150	卖盘
14:49:51	5.75	0.01	413	237705	买盘
14:49:46	5.74	-0.01	104	59696	卖盘
14:49:42	5.75	--	20	11500	买盘
14:49:27	5.75	--	20	11500	买盘
14:49:21	5.75	--	155	89470	卖盘
14:49:16	5.75	--	503	289455	卖盘
14:49:06	5.75	--	22	12650	卖盘
14:49:01	5.75	-0.01	114	65550	卖盘
14:48:56	5.76	--	30	17280	买盘
14:48:51	5.76	0.01	20	11520	买盘
14:48:46	5.75	-0.01	137	78775	卖盘
14:48:40	5.76	--	6	3456	买盘
14:48:36	5.76	0.01	1	576	买盘
14:48:25	5.75	--	2	1150	卖盘
14:48:21	5.75	--	26	14950	买盘
14:48:16	5.75	--	32	18400	买盘
14:48:06	5.75	--	826	474950	买盘
14:48:01	5.75	--	203	116725	买盘
14:47:51	5.75	--	28	16100	买盘
14:47:46	5.75	0.01	7	4025	买盘
14:47:40	5.74	-0.01	59	33866	卖盘
14:47:36	5.75	--	936	538200	买盘
14:47:25	5.75	--	50	28750	买盘
14:47:21	5.75	--	1271	730825	卖盘
14:47:16	5.75	--	20	11500	卖盘
14:47:06	5.75	--	3	1725	卖盘
14:47:01	5.75	--	192	110400	买盘
14:46:55	5.75	--	5	2875	买盘
14:46:51	5.75	--	10	5750	买盘
14:46:46	5.75	0.01	32	18400	买盘
14:46:36	5.74	--	73	41902	卖盘
14:46:31	5.74	-0.01	106	60844	卖盘
14:46:21	5.75	--	24	13800	买盘
14:46:01	5.75	--	580	333500	买盘
14:45:55	5.75	0.01	56	32200	买盘
14:45:46	5.74	--	26	14924	卖盘
14:45:40	5.74	--	8	4592	卖盘
14:45:25	5.74	-0.01	5	2870	卖盘
14:45:16	5.75	--	309	177675	卖盘
14:45:10	5.75	0.01	21	12086	买盘
14:45:05	5.74	-0.01	550	315700	卖盘
14:45:01	5.75	--	67	38525	买盘
14:44:55	5.75	--	5	2875	买盘
14:44:50	5.75	--	15	8625	买盘
14:44:46	5.75	--	6	3450	买盘
14:44:40	5.75	--	11	6888	卖盘
14:44:31	5.75	--	25	14386	买盘
14:44:25	5.75	--	42	24150	买盘
14:44:10	5.75	--	45	25875	买盘
14:44:01	5.75	--	10	5750	买盘
14:43:55	5.75	--	398	229413	卖盘
14:43:50	5.75	-0.01	80	46000	卖盘
14:43:46	5.76	0.01	15	8640	买盘
14:43:31	5.75	--	118	67924	卖盘
14:43:20	5.75	0.01	22	12661	买盘
14:43:15	5.74	-0.01	92	52808	卖盘
14:43:10	5.75	--	36	20700	买盘
14:43:05	5.75	--	58	33350	买盘
14:43:01	5.75	0.01	168	96600	买盘
14:42:55	5.74	--	10	5740	卖盘
14:42:50	5.74	-0.01	290	166460	卖盘
14:42:45	5.75	--	194	111550	买盘
14:42:40	5.75	0.01	30	17250	买盘
14:42:30	5.74	-0.01	89	51166	卖盘
14:42:25	5.75	0.01	78	44850	买盘
14:42:15	5.74	-0.01	89	51086	卖盘
14:42:10	5.75	--	6	3450	买盘
14:41:55	5.75	--	5	2875	买盘
14:41:45	5.75	--	5	2875	买盘
14:41:40	5.75	--	10	5750	买盘
14:41:30	5.75	0.01	6	3450	买盘
14:41:25	5.74	--	33	19022	卖盘
14:41:15	5.74	-0.01	1	574	卖盘
14:41:10	5.75	--	18	10350	买盘
14:41:00	5.75	0.01	26	14950	买盘
14:40:55	5.74	-0.01	20	11480	卖盘
14:40:45	5.75	--	139	79925	买盘
14:40:40	5.75	-0.01	31	18388	卖盘
14:40:34	5.76	0.01	86	49536	买盘
14:40:30	5.75	--	25	14375	卖盘
14:40:25	5.75	--	56	32251	卖盘
14:40:15	5.75	-0.01	1	575	卖盘
14:40:10	5.76	0.01	6	3456	买盘
14:39:55	5.75	-0.01	69	39675	卖盘
14:39:45	5.76	0.01	136	78336	买盘
14:39:40	5.75	--	0	477	卖盘
14:39:30	5.75	--	54	31096	卖盘
14:39:19	5.75	--	61	35075	卖盘
14:39:15	5.75	-0.01	420	241500	卖盘
14:39:10	5.76	0.01	6	3456	买盘
14:39:00	5.75	--	122	70161	买盘
14:38:49	5.75	--	9	5175	买盘
14:38:40	5.75	--	70	40250	买盘
14:38:34	5.75	-0.01	28	16663	卖盘
14:38:29	5.76	0.01	5	2880	买盘
14:38:25	5.75	-0.01	110	63250	卖盘
14:38:19	5.76	0.01	11	6336	买盘
14:38:14	5.75	-0.01	300	172500	卖盘
14:38:09	5.76	--	6	3456	买盘
14:38:04	5.76	--	5	2880	买盘
14:37:55	5.76	--	46	26496	买盘
14:37:49	5.76	--	6	3456	买盘
14:37:44	5.76	0.01	3	1728	买盘
14:37:39	5.75	-0.01	200	115000	卖盘
14:37:34	5.76	--	52	30412	买盘
14:37:25	5.76	--	86	49536	买盘
14:37:19	5.76	0.01	200	115200	买盘
14:37:10	5.75	-0.01	1016	584200	卖盘
14:36:49	5.76	0.01	6	3456	买盘
14:36:44	5.75	-0.01	5	2875	卖盘
14:36:34	5.76	--	12	6912	买盘
14:36:29	5.76	--	6	3456	买盘
14:36:24	5.76	--	3	1728	买盘
14:36:19	5.76	0.01	19	10944	买盘
14:36:09	5.75	-0.01	88	50600	卖盘
14:36:04	5.76	--	50	28800	买盘
14:35:59	5.76	--	16	9216	买盘
14:35:54	5.76	--	50	28800	买盘
14:35:49	5.76	--	19	10944	买盘
14:35:39	5.76	-0.01	254	146304	卖盘
14:35:29	5.77	--	6	3461	买盘
14:35:24	5.77	--	99	57122	买盘
14:35:09	5.77	--	7	4038	买盘
14:34:44	5.77	--	20	11540	买盘
14:34:39	5.77	--	5	2885	买盘
14:34:34	5.77	--	0	0	买盘
14:34:24	5.77	--	171	98666	买盘
14:34:19	5.77	--	0	0	买盘
14:34:09	5.77	--	808	466215	卖盘
14:34:04	5.77	0.02	193	111360	买盘
14:33:54	5.75	-0.02	2	1150	卖盘
14:33:49	5.77	--	193	111360	买盘
14:33:43	5.77	-0.01	214	123477	卖盘
14:33:24	5.78	0.01	290	167620	买盘
14:33:13	5.77	--	89	51352	买盘
14:33:09	5.77	--	0	0	买盘
14:32:58	5.77	--	1768	1020135	买盘
14:32:54	5.77	--	63	36351	卖盘
14:32:39	5.77	0.01	207	119438	买盘
14:32:34	5.76	-0.01	20	11520	卖盘
14:32:24	5.77	--	2	1154	买盘
14:32:18	5.77	--	48	27695	买盘
14:32:09	5.77	--	20	11540	买盘
14:31:58	5.77	0.01	10	5770	买盘
14:31:49	5.76	--	21	12096	卖盘
14:31:38	5.76	--	27	15552	卖盘
14:31:34	5.76	--	0	345	买盘
14:31:28	5.76	--	6	3456	买盘
14:31:19	5.76	0.01	100	57600	买盘
14:31:04	5.75	--	40	23000	卖盘
14:30:23	5.75	--	43	25081	买盘
14:30:19	5.75	--	98	56350	买盘
14:30:13	5.75	0.01	63	36225	买盘
14:30:08	5.74	-0.01	12	6888	卖盘
14:30:04	5.75	--	30	17250	买盘
14:29:53	5.75	--	5	2875	买盘
14:29:49	5.75	--	17	9775	买盘
14:29:43	5.75	--	20	11500	买盘
14:29:34	5.75	--	268	154318	卖盘
14:29:23	5.75	--	40	23000	卖盘
14:29:19	5.75	--	20	11500	卖盘
14:29:13	5.75	-0.01	200	115000	卖盘
14:29:03	5.76	0.01	13	7488	买盘
14:28:43	5.75	--	6	3806	买盘
14:28:33	5.75	--	12	6900	买盘
14:28:23	5.75	--	20	11500	买盘
14:28:18	5.75	-0.01	181	104293	卖盘
14:28:08	5.76	--	17	9792	买盘
14:28:03	5.76	0.01	6	3456	买盘
14:27:58	5.75	-0.01	282	162615	卖盘
14:27:28	5.76	0.01	10	5760	买盘
14:27:13	5.75	--	8	4600	卖盘
14:27:03	5.75	0.01	164	94765	买盘
14:26:58	5.74	-0.01	32	18867	卖盘
14:26:48	5.75	--	27	15525	买盘
14:26:33	5.75	--	22	12650	买盘
14:26:28	5.75	--	12	6900	买盘
14:26:18	5.75	--	2	1150	买盘
14:26:13	5.75	--	78	44959	卖盘
14:26:03	5.75	--	10	5750	卖盘
14:25:58	5.75	--	39	22890	卖盘
14:25:52	5.75	--	3	1725	卖盘
14:25:48	5.75	0.01	224	128800	买盘
14:25:37	5.74	-0.01	19	10906	卖盘
14:25:33	5.75	0.02	5	2875	买盘
14:25:13	5.73	--	0	0	卖盘
14:25:07	5.73	--	69	39537	卖盘
14:25:03	5.73	--	834	478380	卖盘
14:24:58	5.73	--	50	29182	卖盘
14:24:52	5.73	-0.01	62	35526	卖盘
14:24:43	5.74	--	132	75768	买盘
14:24:37	5.74	0.01	10	5740	买盘
14:24:32	5.73	-0.01	83	47559	卖盘
14:24:27	5.74	--	201	115374	买盘
14:24:22	5.74	0.01	55	31570	买盘
14:24:17	5.73	--	23	13179	卖盘
14:24:02	5.73	-0.01	111	63677	卖盘
14:23:58	5.74	--	32	18867	卖盘
14:23:52	5.74	-0.01	262	150388	卖盘
14:23:47	5.75	0.01	33	18975	买盘
14:23:43	5.74	--	100	57400	卖盘
14:23:37	5.74	-0.01	49	28126	卖盘
14:23:32	5.75	--	53	30475	卖盘
14:23:27	5.75	--	287	165025	卖盘
14:23:22	5.75	--	45	25875	卖盘
14:23:13	5.75	--	30	17250	卖盘
14:23:07	5.75	-0.01	10	5750	卖盘
14:23:02	5.76	--	10	5760	买盘
14:22:58	5.76	0.01	5	2880	买盘
14:22:52	5.75	--	5	2875	卖盘
14:22:22	5.75	-0.02	104	60030	卖盘
14:22:17	5.77	0.01	973	561767	买盘
14:22:13	5.76	--	9	5184	买盘
14:22:07	5.76	--	13	7718	卖盘
14:21:52	5.76	--	47	27072	卖盘
14:21:47	5.76	-0.01	8	4608	卖盘
14:21:43	5.77	0.01	13	7500	买盘
14:21:32	5.76	--	62	35712	卖盘
14:21:27	5.76	--	128	73728	卖盘
14:21:12	5.76	-0.01	1	576	卖盘
14:20:52	5.77	0.01	4	2308	买盘
14:20:42	5.76	--	122	70617	买盘
14:20:27	5.76	--	143	82368	买盘
14:20:22	5.76	--	9	5184	买盘
14:20:17	5.76	0.01	11	6336	买盘
14:19:52	5.75	-0.01	45	25875	卖盘
14:19:42	5.76	--	2	1152	买盘
14:19:37	5.76	0.01	60	34560	买盘
14:19:31	5.75	-0.01	30	17250	卖盘
14:19:27	5.76	--	2	1152	买盘
14:19:22	5.76	0.01	10	5760	买盘
14:19:16	5.75	--	14	8050	卖盘
14:19:12	5.75	--	20	11500	卖盘
14:19:07	5.75	-0.01	20	11500	卖盘
14:19:01	5.76	0.01	5	2880	买盘
14:18:52	5.75	--	5	2875	卖盘
14:18:42	5.75	--	30	17250	卖盘
14:18:37	5.75	0.01	1	575	卖盘
14:18:27	5.74	--	0	0	卖盘
14:18:22	5.74	-0.01	250	143500	卖盘
14:18:12	5.75	--	19	10925	买盘
14:18:06	5.75	--	20	11500	买盘
14:17:57	5.75	--	30	17250	买盘
14:17:52	5.75	--	5	2875	买盘
14:17:46	5.75	0.01	6	3450	买盘
14:17:37	5.74	--	150	86100	卖盘
14:17:16	5.74	-0.01	190	109060	卖盘
14:17:11	5.75	0.01	2	1150	卖盘
14:17:07	5.74	-0.01	40	22960	卖盘
14:17:01	5.75	--	78	44850	买盘
14:16:56	5.75	--	25	14375	买盘
14:16:46	5.75	--	1	575	买盘
14:16:37	5.75	-0.01	1507	866525	卖盘
14:16:31	5.76	0.01	39	22464	买盘
14:16:26	5.75	-0.01	1	575	卖盘
14:16:22	5.76	--	10	5760	买盘
14:16:11	5.76	--	71	40896	卖盘
14:16:07	5.76	--	213	122688	卖盘
14:15:52	5.76	--	23	13248	卖盘
14:15:41	5.76	--	20	11520	卖盘
14:15:37	5.76	-0.01	225	129600	卖盘
14:15:26	5.77	0.01	11	6346	买盘
14:15:16	5.76	-0.01	666	383616	卖盘
14:15:07	5.77	--	1	577	买盘
14:15:01	5.77	0.01	21	12117	买盘
14:14:51	5.76	-0.01	5	2880	卖盘
14:14:46	5.77	--	8	4616	买盘
14:14:21	5.77	--	38	21926	买盘
14:14:16	5.77	--	171	98666	买盘
14:14:11	5.77	--	371	214066	卖盘
14:14:01	5.77	0.01	311	179447	买盘
14:13:41	5.76	0.01	6	3456	卖盘
14:13:31	5.75	--	0	0	卖盘
14:13:26	5.75	-0.01	2	1150	卖盘
14:13:21	5.76	-0.01	15	8640	中性盘
14:13:16	5.77	0.01	657	379089	买盘
14:13:11	5.76	--	201	115776	卖盘
14:13:06	5.76	--	141	81216	卖盘
14:13:01	5.76	--	20	11520	卖盘
14:12:51	5.76	--	5	2880	卖盘
14:12:46	5.76	-0.01	5	2880	卖盘
14:12:31	5.77	--	9	5193	买盘
14:12:25	5.77	--	367	211758	卖盘
14:12:16	5.77	-0.01	6	3461	卖盘
14:12:10	5.78	--	1	578	买盘
14:12:01	5.78	--	204	117912	买盘
14:11:51	5.78	--	77	44506	买盘
14:11:46	5.78	--	122	70516	买盘
14:11:36	5.78	--	6	3468	买盘
14:11:16	5.78	0.01	177	102306	买盘
14:10:55	5.77	--	25	14424	卖盘
14:10:51	5.77	--	96	55391	买盘
14:10:40	5.77	0.01	10	5770	买盘
14:10:30	5.76	--	0	0	中性盘
14:10:20	5.76	--	0	0	买盘
14:10:16	5.76	0.01	10	5760	买盘
14:10:00	5.75	--	56	32200	买盘
14:09:55	5.75	--	41	23575	买盘
14:09:50	5.75	0.01	10	5750	买盘
14:09:45	5.74	-0.01	32	18368	卖盘
14:09:40	5.75	--	74	42550	买盘
14:09:35	5.75	--	78	44850	买盘
14:09:31	5.75	0.01	104	59800	买盘
14:09:16	5.74	-0.01	136	78064	卖盘
14:09:01	5.75	--	149	85675	买盘
14:08:55	5.75	--	61	35075	买盘
14:08:50	5.75	-0.01	15	8625	卖盘
14:08:46	5.76	0.03	122	70272	买盘
14:08:40	5.73	-0.03	846	484758	卖盘
14:08:35	5.76	--	13	7488	买盘
14:08:30	5.76	0.01	26	14976	买盘
14:08:25	5.75	-0.01	112	64400	卖盘
14:08:15	5.76	--	32	18432	卖盘
14:08:10	5.76	-0.01	60	34560	卖盘
14:08:00	5.77	--	114	65778	卖盘
14:07:50	5.77	--	66	38082	买盘
14:07:45	5.77	0.04	19	10963	买盘
14:07:40	5.73	-0.03	3875	2220375	卖盘
14:07:15	5.76	-0.01	70	40320	卖盘
14:07:10	5.77	0.01	4	2308	买盘
14:07:05	5.76	-0.01	433	249408	卖盘
14:07:00	5.77	--	15	8655	买盘
14:06:55	5.77	--	200	115399	买盘
14:06:45	5.77	--	63	36351	买盘
14:06:40	5.77	-0.01	74	42698	卖盘
14:06:35	5.78	--	53	30634	买盘
14:06:30	5.78	-0.01	2191	1266600	卖盘
14:06:25	5.79	--	10	5790	卖盘
14:06:15	5.79	--	94	54802	买盘
14:06:00	5.79	--	10	5790	买盘
14:05:55	5.79	-0.01	1269	734751	卖盘
14:05:45	5.8	0.01	2	1160	买盘
14:05:40	5.79	-0.01	130	75270	卖盘
14:05:30	5.8	--	10	5800	买盘
14:05:25	5.8	0.01	101	58580	买盘
14:05:10	5.79	-0.01	64	37056	卖盘
14:05:00	5.8	--	1	580	买盘
14:04:55	5.8	--	10	5800	买盘
14:04:49	5.8	-0.01	45	26100	卖盘
14:04:30	5.81	--	0	0	买盘
14:04:15	5.81	0.01	37	21497	买盘
14:04:04	5.8	-0.01	100	58000	卖盘
14:03:55	5.81	--	6	3485	买盘
14:03:45	5.81	--	18	10458	卖盘
14:03:39	5.81	-0.01	3	1742	卖盘
14:03:24	5.82	--	1	582	买盘
14:03:14	5.82	0.02	212	123384	买盘
14:03:10	5.8	-0.02	1374	797024	卖盘
14:02:55	5.82	--	6	3492	买盘
14:02:34	5.82	--	1	582	买盘
14:02:24	5.82	--	2	1164	买盘
14:02:19	5.82	--	20	11640	买盘
14:02:10	5.82	0.01	27	15714	买盘
14:02:04	5.81	-0.02	1299	755125	卖盘
14:01:49	5.83	--	25	14575	买盘
14:01:39	5.83	0.01	26	15158	买盘
14:01:34	5.82	-0.02	52	30264	卖盘
14:01:09	5.84	--	0	0	买盘
14:01:04	5.84	--	60	35040	买盘
14:00:54	5.84	--	8	4672	买盘
14:00:39	5.84	--	159	92856	买盘
14:00:34	5.84	--	30	17520	买盘
14:00:24	5.84	0.02	25	14600	买盘
14:00:19	5.82	--	15	8730	卖盘
14:00:14	5.82	-0.02	1	582	卖盘
14:00:09	5.84	--	25	14600	买盘
14:00:04	5.84	--	205	119720	买盘
13:59:54	5.84	--	168	98112	买盘
13:59:49	5.84	0.01	15	8760	买盘
13:59:34	5.83	--	31	18073	卖盘
13:59:29	5.83	0.01	267	155661	买盘
13:59:04	5.82	--	378	219996	买盘
13:58:54	5.82	0.01	50	29100	买盘
13:58:43	5.81	-0.01	260	151060	卖盘
13:58:34	5.82	--	28	16296	买盘
13:58:24	5.82	0.01	50	29100	买盘
13:58:13	5.81	--	21	12201	卖盘
13:58:04	5.81	-0.01	2	1510	卖盘
13:57:49	5.82	--	21	12222	买盘
13:57:39	5.82	--	2	1164	买盘
13:57:24	5.82	--	17	9894	买盘
13:57:19	5.82	0.01	17	9894	买盘
13:57:09	5.81	--	1	883	卖盘
13:56:54	5.81	--	112	65071	买盘
13:56:48	5.81	--	20	11620	买盘
13:56:43	5.81	0.01	374	217293	买盘
13:56:33	5.8	-0.01	30	17400	卖盘
13:56:28	5.81	--	20	11620	买盘
13:56:18	5.81	0.01	7	4066	买盘
13:56:13	5.8	--	10	5800	卖盘
13:56:03	5.8	--	40	23200	卖盘
13:55:43	5.8	--	12	6960	卖盘
13:55:38	5.8	-0.01	15	8700	卖盘
13:55:28	5.81	--	2	1162	买盘
13:55:18	5.81	--	51	29630	买盘
13:55:13	5.81	0.01	3	1742	卖盘
13:55:08	5.8	-0.01	208	120640	卖盘
13:54:53	5.81	--	85	49385	卖盘
13:54:33	5.81	--	20	11620	卖盘
13:54:28	5.81	--	82	47642	买盘
13:54:23	5.81	--	148	85988	买盘
13:54:18	5.81	0.01	33	19173	买盘
13:54:13	5.8	-0.01	20	11600	卖盘
13:54:08	5.81	--	10	5810	买盘
13:53:53	5.81	0.01	21	12201	买盘
13:53:48	5.8	--	36	20880	卖盘
13:53:43	5.8	--	441	255780	卖盘
13:53:38	5.8	--	28	16240	卖盘
13:53:18	5.8	-0.01	7	4060	卖盘
13:53:13	5.81	--	18	10458	买盘
13:53:08	5.81	0.01	1	581	买盘
13:53:03	5.8	--	30	17400	卖盘
13:52:58	5.8	-0.01	202	117160	卖盘
13:52:48	5.81	--	115	66815	买盘
13:52:43	5.81	0.01	14	8133	中性盘
13:52:33	5.8	--	500	290000	卖盘
13:52:28	5.8	-0.02	1	580	卖盘
13:52:23	5.82	--	22	12804	买盘
13:52:18	5.82	--	81	47142	买盘
13:52:13	5.82	--	5	2910	买盘
13:52:07	5.82	--	42	24444	买盘
13:52:03	5.82	0.03	3	1746	中性盘
13:51:58	5.79	-0.04	1670	966930	卖盘
13:51:52	5.83	--	6	3498	买盘
13:51:48	5.83	0.01	1	583	买盘
13:51:43	5.82	-0.01	24	13968	卖盘
13:51:33	5.83	--	20	11660	买盘
13:51:28	5.83	--	95	55385	卖盘
13:51:22	5.83	-0.01	10	5830	卖盘
13:51:18	5.84	0.01	1	584	买盘
13:51:13	5.83	-0.01	50	29150	卖盘
13:51:07	5.84	0.01	90	52560	买盘
13:51:03	5.83	-0.01	10	5830	卖盘
13:50:58	5.84	0.01	1	584	买盘
13:50:28	5.83	--	27	15741	卖盘
13:50:22	5.83	--	31	18073	卖盘
13:50:07	5.83	-0.01	17	9911	卖盘
13:49:57	5.84	--	30	17520	买盘
13:49:52	5.84	--	2	1168	买盘
13:49:42	5.84	--	20	11680	买盘
13:49:37	5.84	0.01	210	122640	买盘
13:49:32	5.83	-0.01	94	54802	卖盘
13:49:27	5.84	0.01	15	8760	买盘
13:49:22	5.83	--	60	34980	卖盘
13:49:17	5.83	--	10	5830	卖盘
13:49:12	5.83	--	50	29150	卖盘
13:49:07	5.83	-0.01	29	16907	卖盘
13:49:02	5.84	--	3	1752	买盘
13:48:57	5.84	0.01	13	7592	买盘
13:48:52	5.83	--	117	68211	卖盘
13:48:42	5.83	-0.01	64	37312	卖盘
13:48:37	5.84	0.01	154	89936	买盘
13:48:32	5.83	--	106	61798	卖盘
13:48:27	5.83	-0.01	82	47806	卖盘
13:48:22	5.84	--	201	117384	买盘
13:48:17	5.84	--	2	1168	买盘
13:48:07	5.84	--	10	5840	买盘
13:47:57	5.84	--	13	7592	买盘
13:47:52	5.84	0.01	183	106872	买盘
13:47:47	5.83	--	30	17490	卖盘
13:47:42	5.83	--	30	17490	卖盘
13:47:27	5.83	0.01	533	310739	买盘
13:47:22	5.82	--	100	58200	卖盘
13:46:57	5.82	--	109	63438	卖盘
13:46:47	5.82	-0.01	48	27936	卖盘
13:46:42	5.83	0.01	9	5247	买盘
13:46:37	5.82	--	180	104760	卖盘
13:46:32	5.82	--	96	55872	卖盘
13:46:22	5.82	-0.01	594	345708	卖盘
13:46:12	5.83	--	7	4081	买盘
13:46:07	5.83	--	3	1749	买盘
13:45:52	5.83	--	2	1166	买盘
13:45:47	5.83	0.01	23	13409	买盘
13:45:42	5.82	--	20	11640	卖盘
13:45:27	5.82	--	15	8730	卖盘
13:45:22	5.82	--	4	2328	卖盘
13:45:17	5.82	--	104	60528	买盘
13:45:12	5.82	--	102	59364	买盘
13:45:01	5.82	0.01	55	32010	买盘
13:44:57	5.81	-0.01	5	2905	卖盘
13:44:52	5.82	0.01	4	2328	买盘
13:44:42	5.81	--	31	18011	卖盘
13:44:37	5.81	--	105	61004	买盘
13:44:31	5.81	0.01	46	26726	买盘
13:44:27	5.8	--	27	15660	卖盘
13:44:22	5.8	--	8	4640	卖盘
13:44:12	5.8	--	44	25520	卖盘
13:44:07	5.8	--	30	17400	卖盘
13:44:01	5.8	--	3	1740	卖盘
13:43:57	5.8	-0.01	87	50460	卖盘
13:43:52	5.81	0.01	2	1162	买盘
13:43:37	5.8	-0.01	315	182700	卖盘
13:43:31	5.81	--	20	11620	卖盘
13:43:27	5.81	0.01	10	5810	买盘
13:43:22	5.8	--	171	99180	卖盘
13:43:16	5.8	-0.01	40	23200	卖盘
13:43:12	5.81	--	31	18086	买盘
13:43:07	5.81	0.01	86	49966	买盘
13:43:01	5.8	--	83	48140	卖盘
13:42:57	5.8	--	96	55680	卖盘
13:42:51	5.8	-0.01	186	107880	卖盘
13:42:46	5.81	0.01	20	11620	买盘
13:42:42	5.8	-0.01	20	11600	卖盘
13:42:36	5.81	-0.01	296	172481	卖盘
13:42:31	5.82	--	48	27936	卖盘
13:42:26	5.82	0.01	243	141426	买盘
13:42:21	5.81	--	74	42994	卖盘
13:42:06	5.81	-0.01	1067	619927	卖盘
13:42:01	5.82	-0.01	20	11640	卖盘
13:41:51	5.83	--	286	166738	卖盘
13:41:46	5.83	--	685	399355	卖盘
13:41:41	5.83	--	435	253605	卖盘
13:41:31	5.83	--	206	120098	卖盘
13:41:26	5.83	-0.01	7	4081	卖盘
13:41:06	5.84	--	362	211408	卖盘
13:41:01	5.84	-0.01	217	126728	卖盘
13:40:51	5.85	0.01	2	1170	买盘
13:40:46	5.84	-0.01	87	50808	卖盘
13:40:36	5.85	--	2	1170	买盘
13:40:31	5.85	--	105	61424	买盘
13:40:06	5.85	--	294	171990	买盘
13:39:51	5.85	0.01	323	188955	买盘
13:39:46	5.84	--	13	7592	卖盘
13:39:21	5.84	--	104	60736	卖盘
13:39:16	5.84	-0.01	10	5840	卖盘
13:39:11	5.85	--	31	18135	买盘
13:39:06	5.85	0.01	15	8775	买盘
13:38:56	5.84	-0.01	122	71248	卖盘
13:38:51	5.85	0.01	64	37440	买盘
13:38:46	5.84	-0.01	12	7008	卖盘
13:38:41	5.85	--	100	58500	买盘
13:38:35	5.85	--	10	5850	买盘
13:38:31	5.85	--	69	40365	买盘
13:38:26	5.85	-0.01	103	60254	卖盘
13:38:21	5.86	0.01	2	1172	买盘
13:38:06	5.85	--	138	80730	买盘
13:38:01	5.85	0.01	10	5850	买盘
13:37:56	5.84	-0.01	4	2336	中性盘
13:37:46	5.85	0.01	103	60254	买盘
13:37:40	5.84	--	68	39712	买盘
13:37:25	5.84	--	30	17520	中性盘
13:37:20	5.84	--	251	146584	卖盘
13:37:16	5.84	--	23	13432	卖盘
13:37:06	5.84	--	61	35624	卖盘
13:37:01	5.84	--	14	8176	卖盘
13:36:55	5.84	--	10	5840	卖盘
13:36:51	5.84	--	109	63714	买盘
13:36:46	5.84	0.01	93	54312	买盘
13:36:31	5.83	0.01	51	29733	中性盘
13:36:25	5.82	-0.02	26	15132	卖盘
13:36:21	5.84	0.02	184	107456	买盘
13:36:16	5.82	-0.02	337	196134	卖盘
13:36:10	5.84	0.02	2	1168	买盘
13:36:06	5.82	--	4	2328	卖盘
13:36:01	5.82	--	300	174600	卖盘
13:35:55	5.82	-0.01	150	87300	卖盘
13:35:51	5.83	0.01	36	20988	中性盘
13:35:45	5.82	--	40	23280	卖盘
13:35:30	5.82	-0.02	5	2910	卖盘
13:35:25	5.84	0.02	116	67744	买盘
13:35:20	5.82	-0.02	344	200208	卖盘
13:35:15	5.84	0.01	119	69496	买盘
13:35:10	5.83	--	127	74041	卖盘
13:34:55	5.83	-0.01	2089	1218411	卖盘
13:34:50	5.84	--	17	9928	卖盘
13:34:45	5.84	--	70	40880	卖盘
13:34:40	5.84	0.02	944	551354	买盘
13:34:35	5.82	--	0	0	卖盘
13:34:30	5.82	-0.01	734	427263	卖盘
13:34:25	5.83	--	125	72875	买盘
13:34:20	5.83	--	201	117183	买盘
13:34:05	5.83	--	40	23320	卖盘
13:34:00	5.83	--	170	99110	卖盘
13:33:55	5.83	--	36	20988	卖盘
13:33:50	5.83	0.02	61	35563	买盘
13:33:45	5.81	-0.03	12	6971	卖盘
13:33:40	5.84	--	1517	885928	买盘
13:33:35	5.84	0.01	90	52560	买盘
13:33:30	5.83	--	1112	648296	卖盘
13:33:25	5.83	-0.01	200	116600	卖盘
13:33:20	5.84	--	100	58400	买盘
13:33:15	5.84	--	100	58400	买盘
13:33:10	5.84	-0.01	131	77029	卖盘
13:33:05	5.85	--	74	43290	卖盘
13:33:00	5.85	--	4	2340	卖盘
13:32:55	5.85	--	753	440505	买盘
13:32:40	5.85	0.01	2	1170	卖盘
13:32:25	5.84	--	0	0	卖盘
13:32:20	5.84	--	0	0	卖盘
13:32:15	5.84	-0.03	1500	876000	卖盘
13:32:10	5.87	0.01	761	446707	买盘
13:32:05	5.86	-0.01	44	25784	卖盘
13:32:00	5.87	0.01	7	4109	买盘
13:31:55	5.86	-0.01	11	6446	卖盘
13:31:45	5.87	0.01	68	39916	买盘
13:31:40	5.86	-0.01	5	2930	卖盘
13:31:25	5.87	0.01	55	32343	买盘
13:31:20	5.86	--	4	2344	卖盘
13:31:15	5.86	-0.01	22	12892	卖盘
13:31:05	5.87	0.01	110	64570	买盘
13:31:00	5.86	--	17	9962	卖盘
13:30:55	5.86	--	28	16408	卖盘
13:30:50	5.86	-0.01	30	17580	卖盘
13:30:45	5.87	0.01	100	58700	买盘
13:30:34	5.86	-0.01	1	586	卖盘
13:30:30	5.87	0.01	35	20545	买盘
13:30:19	5.86	-0.01	1	586	卖盘
13:30:10	5.87	--	41	24067	卖盘
13:30:00	5.87	--	105	61635	卖盘
13:29:55	5.87	0.01	111	65157	买盘
13:29:49	5.86	-0.01	2500	1465000	卖盘
13:29:44	5.87	--	18	10566	卖盘
13:29:34	5.87	-0.01	65	38155	卖盘
13:29:30	5.88	--	100	58800	买盘
13:29:25	5.88	0.01	78	45864	买盘
13:29:19	5.87	-0.01	13	7631	卖盘
13:28:59	5.88	--	4	2352	买盘
13:28:55	5.88	0.01	120	70560	买盘
13:28:49	5.87	-0.01	20	11740	卖盘
13:28:45	5.88	0.01	10	5880	买盘
13:28:34	5.87	--	17	9979	卖盘
13:28:30	5.87	-0.01	367	215429	卖盘
13:28:19	5.88	--	5	2940	买盘
13:28:09	5.88	-0.01	494	290472	卖盘
13:28:04	5.89	--	11	6479	买盘
13:27:49	5.89	--	16	9424	卖盘
13:27:44	5.89	-0.01	40	23560	卖盘
13:27:39	5.9	--	42	24780	买盘
13:27:34	5.9	--	5	2950	买盘
13:27:24	5.9	0.03	5	2950	买盘
13:27:19	5.87	--	68	39916	卖盘
13:27:14	5.87	-0.03	10	5870	卖盘
13:27:09	5.9	0.02	1409	831310	买盘
13:27:04	5.88	--	147	86436	买盘
13:26:54	5.88	--	5	2940	买盘
13:26:49	5.88	0.01	1	588	买盘
13:26:44	5.87	--	5	2935	卖盘
13:26:39	5.87	-0.01	10	5870	卖盘
13:26:24	5.88	0.01	62	36456	买盘
13:26:19	5.87	--	49	28763	卖盘
13:26:14	5.87	--	12	7044	卖盘
13:26:09	5.87	--	11	6457	卖盘
13:26:04	5.87	-0.01	15	8805	卖盘
13:25:54	5.88	0.01	724	425712	买盘
13:25:49	5.87	--	140	82180	买盘
13:25:44	5.87	0.01	56	32872	买盘
13:25:39	5.86	-0.01	92	53912	卖盘
13:25:34	5.87	--	64	37568	卖盘
13:25:24	5.87	--	275	161425	卖盘
13:25:19	5.87	--	34	19958	卖盘
13:25:14	5.87	--	7	4109	卖盘
13:25:08	5.87	-0.01	2	1174	卖盘
13:25:04	5.88	--	83	48804	卖盘
13:24:54	5.88	--	136	79968	卖盘
13:24:49	5.88	--	29	17052	卖盘
13:24:44	5.88	--	43	25284	卖盘
13:24:34	5.88	-0.01	590	346920	卖盘
13:24:24	5.89	--	234	137826	卖盘
13:24:19	5.89	0.01	4	2356	卖盘
13:24:14	5.88	-0.02	10	5880	卖盘
13:24:09	5.9	0.01	47	27730	买盘
13:24:04	5.89	-0.01	190	111910	卖盘
13:23:59	5.9	0.01	60	35400	买盘
13:23:54	5.89	--	43	25327	卖盘
13:23:49	5.89	--	29	17081	卖盘
13:23:39	5.89	0.01	66	38874	卖盘
13:23:34	5.88	-0.01	22	12936	买盘
13:23:28	5.89	--	122	71858	卖盘
13:23:24	5.89	0.01	1704	1003656	买盘
13:23:19	5.88	--	535	314580	卖盘
13:23:13	5.88	--	57	33516	卖盘
13:23:04	5.88	--	39	22932	卖盘
13:22:58	5.88	--	500	294000	卖盘
13:22:54	5.88	--	52	30576	卖盘
13:22:49	5.88	-0.01	77	45276	卖盘
13:22:43	5.89	--	46	27094	买盘
13:22:38	5.89	-0.01	329	193781	卖盘
13:22:28	5.9	--	113	66670	买盘
13:22:24	5.9	--	1	590	买盘
13:22:19	5.9	--	2252	1329152	卖盘
13:22:13	5.9	--	50	29500	卖盘
13:22:09	5.9	--	550	324500	卖盘
13:22:04	5.9	--	559	329810	卖盘
13:21:58	5.9	--	170	100300	卖盘
13:21:54	5.9	-0.01	401	236590	卖盘
13:21:48	5.91	0.01	76	44916	买盘
13:21:43	5.9	--	72	42480	卖盘
13:21:39	5.9	-0.01	80	47200	卖盘
13:21:33	5.91	--	32	18912	买盘
13:21:28	5.91	--	76	44916	卖盘
13:21:23	5.91	--	191	112881	卖盘
13:21:18	5.91	--	163	96333	卖盘
13:21:13	5.91	-0.01	1051	621141	卖盘
13:21:03	5.92	--	422	249824	卖盘
13:20:58	5.92	--	220	130240	卖盘
13:20:53	5.92	--	59	34928	卖盘
13:20:48	5.92	-0.01	510	301920	卖盘
13:20:38	5.93	--	20	11860	买盘
13:20:33	5.93	--	45	26685	卖盘
13:20:28	5.93	0.01	84	49812	买盘
13:20:23	5.92	-0.01	83	49136	卖盘
13:20:18	5.93	--	23	13639	买盘
13:20:13	5.93	--	22	13046	买盘
13:20:08	5.93	--	2	1186	买盘
13:20:03	5.93	-0.01	86	50998	卖盘
13:19:58	5.94	--	66	39204	买盘
13:19:48	5.94	--	94	55836	买盘
13:19:43	5.94	--	42	24948	卖盘
13:19:38	5.94	-0.01	10	5940	卖盘
13:19:33	5.95	0.01	208	123760	买盘
13:19:28	5.94	--	917	544698	买盘
13:19:23	5.94	--	121	71874	买盘
13:19:18	5.94	0.01	35	20790	买盘
13:19:13	5.93	--	123	72939	卖盘
13:19:03	5.93	0.01	58	34394	买盘
13:18:58	5.92	--	259	153328	卖盘
13:18:53	5.92	--	10	5920	卖盘
13:18:48	5.92	--	123	72816	卖盘
13:18:43	5.92	0.01	10	5920	中性盘
13:18:38	5.91	-0.01	15	8865	卖盘
13:18:33	5.92	--	263	155696	买盘
13:18:28	5.92	0.01	238	140896	买盘
13:18:23	5.91	--	18	10638	卖盘
13:18:18	5.91	--	10	5910	卖盘
13:18:03	5.91	--	286	169026	买盘
13:17:53	5.91	--	22	13002	买盘
13:17:48	5.91	-0.01	710	419610	卖盘
13:17:43	5.92	--	32	18944	卖盘
13:17:38	5.92	--	10	5920	卖盘
13:17:33	5.92	-0.02	10	5920	卖盘
13:17:28	5.94	0.02	30	17820	买盘
13:17:18	5.92	-0.02	10	5920	卖盘
13:17:13	5.94	-0.01	273	162162	卖盘
13:17:03	5.95	--	18	10710	买盘
13:16:58	5.95	--	126	74970	卖盘
13:16:53	5.95	--	83	49385	卖盘
13:16:48	5.95	--	886	527170	卖盘
13:16:43	5.95	-0.01	979	582505	卖盘
13:16:38	5.96	--	77	45892	买盘
13:16:33	5.96	-0.01	795	473820	卖盘
13:16:28	5.97	--	328	195816	买盘
13:16:22	5.97	--	110	65670	买盘
13:16:18	5.97	-0.01	255	152235	卖盘
13:16:13	5.98	--	152	90896	买盘
13:16:07	5.98	0.01	485	290030	买盘
13:16:03	5.97	--	77	45969	卖盘
13:15:58	5.97	--	143	85371	卖盘
13:15:52	5.97	--	40	23880	卖盘
13:15:48	5.97	0.01	438	261486	买盘
13:15:43	5.96	--	1366	814136	买盘
13:15:37	5.96	-0.01	388	231248	卖盘
13:15:33	5.97	0.02	150	89550	买盘
13:15:28	5.95	-0.01	23	13685	卖盘
13:15:18	5.96	0.02	1214	723842	买盘
13:15:13	5.94	--	1608	955579	卖盘
13:15:07	5.94	--	20	11880	卖盘
13:15:03	5.94	--	1780	1057575	买盘
13:14:58	5.94	--	137	81378	买盘
13:14:52	5.94	0.01	372	220968	买盘
13:14:48	5.93	-0.01	170	100810	卖盘
13:14:42	5.94	0.02	1116	662904	买盘
13:14:37	5.92	-0.01	43	25456	卖盘
13:14:32	5.93	0.01	223	132814	买盘
13:14:27	5.92	-0.01	878	519776	卖盘
13:14:22	5.93	0.01	335	198655	买盘
13:14:17	5.92	-0.01	9	5328	卖盘
13:14:12	5.93	0.01	402	238386	买盘
13:14:07	5.92	--	328	194176	买盘
13:14:02	5.92	0.01	341	201872	买盘
13:13:57	5.91	--	502	296682	卖盘
13:13:52	5.91	-0.01	1	591	卖盘
13:13:47	5.92	0.01	101	59792	买盘
13:13:42	5.91	--	10	5910	卖盘
13:13:37	5.91	--	68	40188	卖盘
13:13:32	5.91	-0.01	55	32505	卖盘
13:13:27	5.92	0.01	305	180560	买盘
13:13:22	5.91	--	55	32505	买盘
13:13:17	5.91	--	100	59100	买盘
13:13:12	5.91	-0.01	144	85104	卖盘
13:13:07	5.92	0.01	63	37296	买盘
13:13:02	5.91	--	49	28959	卖盘
13:12:57	5.91	--	18	10638	卖盘
13:12:52	5.91	--	139	82149	买盘
13:12:47	5.91	--	54	31914	买盘
13:12:42	5.91	0.01	144	85104	买盘
13:12:37	5.9	--	90	53100	卖盘
13:12:32	5.9	-0.01	127	74930	卖盘
13:12:27	5.91	--	43	25413	买盘
13:12:22	5.91	--	258	152478	卖盘
13:12:17	5.91	--	509	300819	买盘
13:12:12	5.91	--	86	50826	买盘
13:12:07	5.91	0.01	118	69738	买盘
13:12:02	5.9	-0.01	47	27730	卖盘
13:11:57	5.91	0.01	68	40188	买盘
13:11:52	5.9	--	234	138060	卖盘
13:11:47	5.9	-0.01	60	35400	卖盘
13:11:42	5.91	0.01	415	245265	买盘
13:11:27	5.9	--	51	30090	卖盘
13:11:22	5.9	--	450	265618	卖盘
13:11:17	5.9	--	20	11800	卖盘
13:11:12	5.9	--	30	17700	卖盘
13:11:07	5.9	0.01	1064	627760	买盘
13:11:01	5.89	--	346	203794	卖盘
13:10:57	5.89	0.01	165	97185	买盘
13:10:52	5.88	--	10	5880	卖盘
13:10:46	5.88	0.01	82	48216	买盘
13:10:42	5.87	-0.01	110	64570	卖盘
13:10:37	5.88	--	84	49392	买盘
13:10:27	5.88	0.01	111	65268	买盘
13:10:17	5.87	--	20	11740	卖盘
13:10:12	5.87	--	88	51656	卖盘
13:09:52	5.87	-0.01	10	5870	卖盘
13:09:37	5.88	--	28	16464	卖盘
13:09:32	5.88	--	36	21168	卖盘
13:09:27	5.88	--	13	7644	卖盘
13:09:22	5.88	0.01	60	35280	买盘
13:09:12	5.87	-0.01	22	12914	卖盘
13:09:01	5.88	-0.01	96	56448	卖盘
13:08:57	5.89	0.01	51	30039	买盘
13:08:52	5.88	-0.01	1	588	卖盘
13:08:46	5.89	--	5	2945	买盘
13:08:37	5.89	--	928	546592	卖盘
13:08:27	5.89	--	49	28861	卖盘
13:08:22	5.89	-0.01	26	15314	卖盘
13:08:16	5.9	0.01	67	39530	买盘
13:08:12	5.89	-0.01	235	138415	卖盘
13:07:56	5.9	0.01	209	123310	买盘
13:07:52	5.89	-0.01	15	8835	卖盘
13:07:46	5.9	0.01	40	23600	买盘
13:07:42	5.89	-0.01	5	2945	卖盘
13:07:31	5.9	--	12	7080	买盘
13:07:26	5.9	0.02	18	10620	买盘
13:07:16	5.88	-0.02	83	48804	卖盘
13:07:06	5.9	0.01	317	187030	买盘
13:07:01	5.89	--	204	120156	买盘
13:06:56	5.89	--	10	5890	买盘
13:06:46	5.89	0.01	119	70091	买盘
13:06:31	5.88	-0.01	25	14700	卖盘
13:06:26	5.89	0.01	24	14136	买盘
13:06:21	5.88	--	89	52332	卖盘
13:06:16	5.88	--	43	25284	卖盘
13:06:06	5.88	--	98	57624	卖盘
13:06:01	5.88	-0.01	273	160524	卖盘
13:05:51	5.89	--	25	14725	买盘
13:05:46	5.89	--	143	84227	卖盘
13:05:31	5.89	--	35	20615	卖盘
13:05:26	5.89	-0.01	53	31217	卖盘
13:05:21	5.9	0.01	119	70210	买盘
13:05:16	5.89	-0.01	9	5301	卖盘
13:05:11	5.9	--	15	8850	卖盘
13:05:06	5.9	--	52	30680	买盘
13:05:01	5.9	0.01	8	4720	买盘
13:04:56	5.89	-0.01	14	8246	卖盘
13:04:51	5.9	-0.01	57	33630	买盘
13:04:36	5.91	--	269	158979	买盘
13:04:26	5.91	--	102	60282	买盘
13:04:21	5.91	--	308	182028	卖盘
13:04:16	5.91	--	78	46098	卖盘
13:04:11	5.91	-0.01	154	91014	卖盘
13:04:06	5.92	0.01	602	356384	买盘
13:04:01	5.91	--	139	82149	卖盘
13:03:56	5.91	--	70	41370	卖盘
13:03:50	5.91	--	1271	751161	卖盘
13:03:46	5.91	--	8	4728	卖盘
13:03:41	5.91	-0.01	5	2955	卖盘
13:03:36	5.92	0.01	270	159840	买盘
13:03:31	5.91	-0.01	33	19503	卖盘
13:03:26	5.92	0.01	6	3552	买盘
13:03:21	5.91	--	170	100470	卖盘
13:03:16	5.91	--	102	60282	卖盘
13:03:11	5.91	-0.01	5	2955	卖盘
13:03:06	5.92	--	74	43808	买盘
13:02:51	5.92	--	92	54464	买盘
13:02:46	5.92	0.01	4	2368	买盘
13:02:41	5.91	-0.01	30	17730	卖盘
13:02:35	5.92	0.01	1	592	买盘
13:02:31	5.91	-0.01	50	29550	卖盘
13:02:26	5.92	--	5	2960	买盘
13:02:21	5.92	--	20	11840	买盘
13:02:16	5.92	--	254	150368	卖盘
13:02:10	5.92	-0.01	453	268176	买盘
13:01:55	5.93	--	174	103182	买盘
13:01:50	5.93	0.01	440	260920	买盘
13:01:46	5.92	-0.01	246	145632	卖盘
13:01:40	5.93	--	14	8302	买盘
13:01:36	5.93	--	429	254397	卖盘
13:01:31	5.93	--	353	209329	卖盘
13:01:25	5.93	-0.01	69	40917	卖盘
13:01:21	5.94	--	475	282150	买盘
13:01:16	5.94	0.01	336	199584	买盘
13:01:10	5.93	0.01	81	48033	买盘
13:01:06	5.92	0.01	2	1184	卖盘
13:01:01	5.91	-0.03	83	49053	卖盘
13:00:55	5.94	0.02	253	150282	买盘
13:00:51	5.92	--	262	155104	买盘
13:00:46	5.92	-0.01	351	207792	卖盘
13:00:40	5.93	--	3	1779	买盘
13:00:36	5.93	0.02	347	205771	买盘
13:00:31	5.91	--	0	0	卖盘
13:00:10	5.91	--	26	15366	卖盘
13:00:06	5.91	0.01	5566	3289506	买盘
11:30:00	5.9	--	0	0	买盘
11:29:59	5.9	--	0	0	买盘
11:29:59	5.9	--	9	5310	买盘
11:29:57	5.9	--	279	164610	卖盘
11:29:51	5.9	--	4	2360	卖盘
11:29:46	5.9	--	38	22420	买盘
11:29:42	5.9	--	1296	764640	买盘
11:29:36	5.9	--	751	443090	卖盘
11:29:31	5.9	--	12	7080	卖盘
11:29:27	5.9	0.01	496	292640	买盘
11:29:21	5.89	-0.01	166	97774	卖盘
11:29:12	5.9	--	229	135110	买盘
11:29:06	5.9	-0.01	80	47200	买盘
11:29:01	5.91	0.01	507	299637	买盘
11:28:57	5.9	0.01	26	15340	买盘
11:28:51	5.89	-0.01	395	232655	卖盘
11:28:46	5.9	--	55	32450	卖盘
11:28:42	5.9	--	132	77880	卖盘
11:28:36	5.9	--	328	193520	买盘
11:28:31	5.9	--	25	14750	买盘
11:28:27	5.9	--	87	51330	买盘
11:28:21	5.9	0.01	22	12980	买盘
11:28:16	5.89	-0.01	22	12958	卖盘
11:28:12	5.9	--	154	90860	卖盘
11:28:06	5.9	-0.01	74	43660	买盘
11:28:01	5.91	0.01	213	125883	买盘
11:27:57	5.9	--	747	441066	卖盘
11:27:51	5.9	-0.01	174	102660	卖盘
11:27:46	5.91	--	23	13593	买盘
11:27:42	5.91	--	22	13002	买盘
11:27:36	5.91	--	465	274815	卖盘
11:27:31	5.91	-0.01	88	52008	卖盘
11:27:27	5.92	0.01	131	77552	买盘
11:27:21	5.91	--	567	335097	卖盘
11:27:16	5.91	--	165	97515	卖盘
11:27:12	5.91	--	233	137703	卖盘
11:27:06	5.91	0.01	213	125883	买盘
11:27:01	5.9	-0.01	52	30680	卖盘
11:26:57	5.91	-0.01	341	201531	卖盘
11:26:51	5.92	0.01	889	526288	买盘
11:26:46	5.91	--	193	114063	卖盘
11:26:41	5.91	--	337	199167	买盘
11:26:36	5.91	--	441	260631	卖盘
11:26:31	5.91	-0.01	886	523626	买盘
11:26:26	5.92	0.01	707	418544	买盘
11:26:21	5.91	-0.01	400	236400	卖盘
11:26:16	5.92	--	39	23088	买盘
11:26:11	5.92	--	165	97680	买盘
11:26:06	5.92	0.01	434	256928	买盘
11:26:01	5.91	--	389	229899	卖盘
11:25:56	5.91	--	431	254721	卖盘
11:25:51	5.91	0.01	426	251766	买盘
11:25:46	5.9	--	134	79060	卖盘
11:25:41	5.9	--	254	150155	卖盘
11:25:36	5.9	--	247	145730	卖盘
11:25:31	5.9	-0.01	3	1770	卖盘
11:25:26	5.91	0.02	433	256452	买盘
11:25:21	5.89	-0.01	153	90117	卖盘
11:25:16	5.9	--	397	234230	买盘
11:25:11	5.9	--	79	46610	买盘
11:25:06	5.9	0.02	777	458430	买盘
11:25:01	5.88	-0.01	46	27048	卖盘
11:24:56	5.89	0.01	330	194370	买盘
11:24:51	5.88	-0.01	661	388668	卖盘
11:24:45	5.89	--	162	95418	买盘
11:24:41	5.89	-0.01	1099	647311	卖盘
11:24:36	5.9	--	323	190570	买盘
11:24:30	5.9	--	732	431880	买盘
11:24:26	5.9	--	245	144550	买盘
11:24:21	5.9	--	89	52510	买盘
11:24:15	5.9	--	10	5900	买盘
11:24:11	5.9	-0.02	2805	1654950	卖盘
11:24:06	5.92	0.02	1152	681984	买盘
11:24:00	5.9	0.02	2693	1588870	买盘
11:23:55	5.88	-0.01	49	28812	卖盘
11:23:51	5.89	--	400	235600	买盘
11:23:45	5.89	0.01	420	247380	买盘
11:23:40	5.88	-0.01	36	21168	卖盘
11:23:36	5.89	--	331	194959	卖盘
11:23:30	5.89	--	174	102486	买盘
11:23:25	5.89	--	98	57722	买盘
11:23:21	5.89	--	255	150195	卖盘
11:23:15	5.89	--	1266	745674	买盘
11:23:10	5.89	--	6	3534	买盘
11:23:06	5.89	--	375	220875	卖盘
11:23:00	5.89	--	545	321005	买盘
11:22:55	5.89	--	281	165509	买盘
11:22:51	5.89	--	77	45353	买盘
11:22:45	5.89	0.01	757	445873	买盘
11:22:40	5.88	--	244	143472	买盘
11:22:36	5.88	-0.01	216	127008	卖盘
11:22:30	5.89	--	777	457653	买盘
11:22:25	5.89	--	1036	610204	买盘
11:22:21	5.89	--	460	270940	买盘
11:22:15	5.89	--	454	267406	买盘
11:22:10	5.89	-0.01	255	150195	买盘
11:22:06	5.9	--	833	491470	买盘
11:22:00	5.9	0.02	1534	905060	买盘
11:21:55	5.88	-0.01	86	50568	卖盘
11:21:51	5.89	0.03	20	11780	中性盘
11:21:45	5.86	--	5059	2964867	卖盘
11:21:40	5.86	-0.02	192	112512	卖盘
11:21:36	5.88	0.03	1335	784980	买盘
11:21:30	5.85	--	41	23985	卖盘
11:21:25	5.85	-0.01	17	9945	买盘
11:21:21	5.86	0.01	1500	879000	买盘
11:21:15	5.85	0.02	310	181350	买盘
11:21:10	5.83	--	2609	1521047	买盘
11:21:05	5.83	0.02	2741	1598003	买盘
11:21:00	5.81	--	14	8133	卖盘
11:20:55	5.81	--	16	9296	买盘
11:20:51	5.81	--	63	36603	买盘
11:20:45	5.81	0.01	50	29049	买盘
11:20:40	5.8	-0.01	9	5220	卖盘
11:20:36	5.81	--	52	30211	买盘
11:20:30	5.81	--	100	58099	卖盘
11:20:20	5.81	0.01	214	124333	买盘
11:20:15	5.8	--	149	86420	卖盘
11:20:10	5.8	-0.01	131	75980	卖盘
11:20:05	5.81	0.01	430	249829	买盘
11:20:00	5.8	--	160	92800	卖盘
11:19:55	5.8	--	67	38860	卖盘
11:19:45	5.8	--	23	13340	卖盘
11:19:35	5.8	--	100	58000	卖盘
11:19:30	5.8	-0.01	53	30740	卖盘
11:19:20	5.81	0.01	481	279461	买盘
11:19:15	5.8	--	71	41180	卖盘
11:19:10	5.8	--	55	31900	卖盘
11:19:05	5.8	--	30	17400	卖盘
11:19:00	5.8	--	255	147900	卖盘
11:18:45	5.8	--	5	2900	卖盘
11:18:35	5.8	--	20	11600	卖盘
11:18:30	5.8	-0.01	243	140940	卖盘
11:18:25	5.81	0.01	6	3485	买盘
11:18:20	5.8	--	839	486620	卖盘
11:18:15	5.8	-0.01	65	37700	卖盘
11:18:09	5.81	0.01	187	108646	买盘
11:18:05	5.8	-0.01	207	120100	卖盘
11:18:00	5.81	--	337	195797	卖盘
11:17:54	5.81	--	100	58099	卖盘
11:17:50	5.81	-0.01	450	261449	卖盘
11:17:45	5.82	--	6	3492	买盘
11:17:35	5.82	--	38	22116	买盘
11:17:30	5.82	--	236	137352	买盘
11:17:24	5.82	--	11	6402	买盘
11:17:20	5.82	--	44	25608	买盘
11:17:15	5.82	--	986	573852	买盘
11:17:09	5.82	--	8	4656	买盘
11:17:04	5.82	0.01	49	28518	买盘
11:17:00	5.81	--	33	19173	卖盘
11:16:54	5.81	-0.01	93	54033	卖盘
11:16:49	5.82	--	21	12222	买盘
11:16:45	5.82	0.01	634	368988	买盘
11:16:39	5.81	-0.01	0	540	卖盘
11:16:34	5.82	0.01	10	5820	买盘
11:16:30	5.81	-0.01	560	325360	卖盘
11:16:24	5.82	--	455	264810	买盘
11:16:15	5.82	--	194	112908	买盘
11:16:09	5.82	--	116	67512	买盘
11:16:00	5.82	--	48	27936	买盘
11:15:54	5.82	--	28	16296	买盘
11:15:49	5.82	--	30	17460	买盘
11:15:45	5.82	--	256	148992	买盘
11:15:34	5.82	--	31	18042	卖盘
11:15:24	5.82	--	208	121056	卖盘
11:15:19	5.82	0.01	128	74496	买盘
11:15:15	5.81	-0.01	120	69720	卖盘
11:15:09	5.82	--	110	64020	买盘
11:15:04	5.82	--	317	184494	买盘
11:15:00	5.82	0.01	70	40740	买盘
11:14:54	5.81	--	679	394499	卖盘
11:14:45	5.81	--	107	62166	卖盘
11:14:39	5.81	-0.01	36	20916	卖盘
11:14:34	5.82	--	94	54708	买盘
11:14:30	5.82	0.01	11	6402	买盘
11:14:24	5.81	--	94	54613	卖盘
11:14:19	5.81	--	100	58099	卖盘
11:14:15	5.81	--	2	1162	卖盘
11:14:09	5.81	-0.01	10	5810	中性盘
11:14:04	5.82	0.01	120	69840	买盘
11:14:00	5.81	--	140	81340	买盘
11:13:54	5.81	0.01	80	46480	中性盘
11:13:49	5.8	-0.01	310	179800	卖盘
11:13:45	5.81	0.01	44	25895	买盘
11:13:39	5.8	-0.01	198	114840	卖盘
11:13:34	5.81	0.01	61	35441	买盘
11:13:29	5.8	-0.01	17	9860	卖盘
11:13:24	5.81	--	160	92960	买盘
11:13:19	5.81	--	40	23240	买盘
11:13:14	5.81	0.01	9	5229	买盘
11:13:09	5.8	-0.01	25	14500	卖盘
11:13:04	5.81	-0.01	315	183015	卖盘
11:12:59	5.82	0.01	89	51798	买盘
11:12:54	5.81	-0.01	151	87731	卖盘
11:12:49	5.82	--	245	142590	买盘
11:12:44	5.82	--	263	153066	买盘
11:12:39	5.82	0.01	57	33174	买盘
11:12:34	5.81	-0.01	15	8715	卖盘
11:12:29	5.82	--	29	16878	买盘
11:12:24	5.82	--	241	140262	买盘
11:12:14	5.82	--	587	341634	卖盘
11:12:09	5.82	--	69	40158	卖盘
11:12:04	5.82	--	101	58782	卖盘
11:11:59	5.82	--	216	125712	卖盘
11:11:54	5.82	-0.01	71	41322	卖盘
11:11:49	5.83	--	7	4081	买盘
11:11:44	5.83	--	3003	1750749	买盘
11:11:39	5.83	--	280	163240	买盘
11:11:34	5.83	0.01	100	58300	买盘
11:11:29	5.82	--	90	52380	卖盘
11:11:24	5.82	-0.01	151	87882	卖盘
11:11:18	5.83	0.01	53	30899	买盘
11:11:14	5.82	--	71	41322	卖盘
11:11:09	5.82	0.01	1387	807234	买盘
11:11:03	5.81	--	15	8715	卖盘
11:10:59	5.81	--	182	105742	买盘
11:10:54	5.81	--	90	52290	买盘
11:10:48	5.81	0.01	120	69720	中性盘
11:10:44	5.8	-0.02	560	324800	卖盘
11:10:39	5.82	0.01	617	359094	买盘
11:10:33	5.81	-0.01	151	87731	卖盘
11:10:28	5.82	--	1	582	买盘
11:10:24	5.82	0.01	5	2910	买盘
11:10:18	5.81	-0.02	310	180110	卖盘
11:10:13	5.83	--	210	122430	买盘
11:10:09	5.83	--	211	123013	买盘
11:10:03	5.83	--	133	77539	买盘
11:09:58	5.83	-0.01	108	62964	卖盘
11:09:54	5.84	--	334	195056	买盘
11:09:48	5.84	--	105	61320	买盘
11:09:43	5.84	--	58	33872	买盘
11:09:39	5.84	-0.01	172	100523	卖盘
11:09:33	5.85	0.01	416	243359	买盘
11:09:28	5.84	--	196	114464	卖盘
11:09:24	5.84	--	307	179288	卖盘
11:09:18	5.84	0.02	780	456028	买盘
11:09:13	5.82	-0.02	91	52962	卖盘
11:09:09	5.84	0.01	33	19272	买盘
11:09:03	5.83	-0.01	125	72950	卖盘
11:08:58	5.84	0.02	1016	593852	买盘
11:08:54	5.82	-0.01	1544	898608	卖盘
11:08:48	5.83	0.01	150	87450	买盘
11:08:43	5.82	-0.01	1	582	卖盘
11:08:39	5.83	0.01	158	92114	买盘
11:08:33	5.82	--	324	188568	买盘
11:08:28	5.82	--	26	15132	买盘
11:08:24	5.82	-0.01	293	170526	买盘
11:08:18	5.83	0.02	83	48389	买盘
11:08:13	5.81	--	60	34860	卖盘
11:08:09	5.81	-0.02	135	78435	卖盘
11:08:03	5.83	--	102	59466	买盘
11:07:58	5.83	0.02	661	385363	买盘
11:07:54	5.81	--	315	183015	买盘
11:07:48	5.81	0.01	89	51709	买盘
11:07:43	5.8	-0.01	10	5800	卖盘
11:07:39	5.81	--	262	152222	买盘
11:07:33	5.81	--	242	140602	卖盘
11:07:28	5.81	0.01	2620	1522220	买盘
11:07:24	5.8	--	186	107880	卖盘
11:07:18	5.8	--	246	143144	买盘
11:07:13	5.8	--	534	309720	买盘
11:07:09	5.8	0.01	662	383960	买盘
11:07:03	5.79	--	100	57900	买盘
11:06:53	5.79	0.01	191	110589	买盘
11:06:48	5.78	--	136	78608	买盘
11:06:43	5.78	--	833	481474	买盘
11:06:38	5.78	--	220	127160	买盘
11:06:33	5.78	0.01	38	21964	买盘
11:06:28	5.77	--	39	22503	卖盘
11:06:23	5.77	--	714	411977	卖盘
11:06:18	5.77	--	51	29426	卖盘
11:06:13	5.77	-0.01	151	87127	卖盘
11:06:08	5.78	0.01	35	20230	买盘
11:06:03	5.77	0.01	441	254456	买盘
11:05:58	5.76	--	351	202176	卖盘
11:05:53	5.76	-0.01	665	383040	卖盘
11:05:48	5.77	0.01	43	24810	买盘
11:05:43	5.76	--	55	31680	卖盘
11:05:38	5.76	-0.01	257	148032	卖盘
11:05:33	5.77	--	247	142519	买盘
11:05:28	5.77	0.01	124	71548	买盘
11:05:22	5.76	-0.01	70	40320	卖盘
11:05:18	5.77	--	271	156367	买盘
11:05:13	5.77	--	3	1730	买盘
11:05:08	5.77	--	126	72702	买盘
11:05:03	5.77	--	20	11540	买盘
11:04:53	5.77	--	2818	1625985	卖盘
11:04:48	5.77	-0.01	186	107321	卖盘
11:04:43	5.78	--	4	2312	买盘
11:04:38	5.78	0.01	80	46240	买盘
11:04:33	5.77	--	2117	1221509	买盘
11:04:27	5.77	--	36	20772	买盘
11:04:23	5.77	-0.01	962	555074	卖盘
11:04:18	5.78	0.01	62	35836	买盘
11:04:12	5.77	-0.01	14	8077	卖盘
11:04:08	5.78	--	303	175134	买盘
11:04:03	5.78	--	185	106930	买盘
11:03:57	5.78	--	289	167042	买盘
11:03:53	5.78	0.01	445	257210	买盘
11:03:48	5.77	-0.01	52	30003	卖盘
11:03:42	5.78	0.01	87	50286	买盘
11:03:37	5.77	--	100	57699	卖盘
11:03:33	5.77	-0.01	130	75010	卖盘
11:03:27	5.78	--	334	193052	买盘
11:03:18	5.78	0.01	237	136986	买盘
11:03:12	5.77	--	47	27118	买盘
11:03:03	5.77	0.01	114	65778	中性盘
11:02:57	5.76	--	274	157939	卖盘
11:02:52	5.76	--	134	77184	卖盘
11:02:48	5.76	--	102	58752	卖盘
11:02:42	5.76	0.01	38	21888	买盘
11:02:37	5.75	-0.02	1	575	卖盘
11:02:33	5.77	0.02	312	180024	买盘
11:02:27	5.75	--	85	48875	卖盘
11:02:22	5.75	-0.02	59	33925	买盘
11:02:18	5.77	0.02	630	363510	买盘
11:02:12	5.75	-0.01	793	456435	卖盘
11:02:07	5.76	--	10	5760	买盘
11:02:03	5.76	--	31	17856	买盘
11:01:57	5.76	--	980	564480	买盘
11:01:52	5.76	0.01	188	108288	买盘
11:01:48	5.75	--	60	34500	卖盘
11:01:42	5.75	--	100	57500	卖盘
11:01:33	5.75	--	636	365815	买盘
11:01:27	5.75	--	405	232875	买盘
11:01:22	5.75	--	108	62100	买盘
11:01:18	5.75	--	248	142600	买盘
11:01:12	5.75	--	148	85100	买盘
11:01:03	5.75	0.01	784	450800	买盘
11:00:57	5.74	--	946	543004	买盘
11:00:48	5.74	--	97	55678	买盘
11:00:42	5.74	0.01	1213	696262	买盘
11:00:37	5.73	--	30	17190	买盘
11:00:33	5.73	--	11	6303	买盘
11:00:22	5.73	--	1	573	买盘
11:00:17	5.73	--	2	1146	买盘
11:00:12	5.73	--	46	26358	买盘
11:00:02	5.73	0.01	51	29223	买盘
10:59:57	5.72	--	27	15444	卖盘
10:59:47	5.72	-0.01	165	94700	卖盘
10:59:42	5.73	--	36	20628	买盘
10:59:37	5.73	--	50	28650	买盘
10:59:27	5.73	0.01	44	25212	买盘
10:59:22	5.72	--	100	57200	卖盘
10:59:17	5.72	-0.01	17	9724	卖盘
10:59:12	5.73	--	110	63030	买盘
10:59:07	5.73	--	10	5730	买盘
10:59:02	5.73	0.01	67	38391	买盘
10:58:57	5.72	--	7	4004	卖盘
10:58:52	5.72	--	40	22880	卖盘
10:58:47	5.72	0.02	1659	949073	买盘
10:58:37	5.7	-0.01	15	8550	卖盘
10:58:32	5.71	0.01	7	3997	买盘
10:58:27	5.7	--	21	11970	卖盘
10:58:22	5.7	-0.01	62	35340	卖盘
10:58:17	5.71	0.01	68	38993	买盘
10:58:12	5.7	--	215	122726	卖盘
10:58:02	5.7	--	246	140220	卖盘
10:57:57	5.7	-0.01	24	14158	卖盘
10:57:51	5.71	0.01	2	1142	买盘
10:57:47	5.7	--	13	7512	卖盘
10:57:32	5.7	-0.01	170	97293	卖盘
10:57:27	5.71	0.01	15	8833	买盘
10:57:21	5.7	--	43	24510	卖盘
10:57:17	5.7	--	102	58140	卖盘
10:57:12	5.7	-0.01	184	104880	卖盘
10:57:06	5.71	0.01	12	7091	买盘
10:57:02	5.7	--	56	31920	卖盘
10:56:57	5.7	--	20	11400	卖盘
10:56:51	5.7	-0.01	24	13680	卖盘
10:56:42	5.71	0.01	102	58242	买盘
10:56:36	5.7	--	153	87210	卖盘
10:56:27	5.7	--	20	11400	卖盘
10:56:21	5.7	--	71	40470	卖盘
10:56:16	5.7	--	52	29640	卖盘
10:56:12	5.7	--	84	47880	卖盘
10:56:06	5.7	--	119	67830	卖盘
10:56:01	5.7	--	6	3420	卖盘
10:55:51	5.7	--	39	22765	卖盘
10:55:46	5.7	--	87	49590	卖盘
10:55:42	5.7	-0.01	125	71250	卖盘
10:55:36	5.71	0.01	198	113058	买盘
10:55:31	5.7	-0.01	40	22800	卖盘
10:55:27	5.71	0.01	73	41683	买盘
10:55:21	5.7	--	27	15390	卖盘
10:55:16	5.7	-0.01	640	364800	卖盘
10:55:12	5.71	0.01	325	185575	买盘
10:55:06	5.7	--	92	52440	卖盘
10:54:57	5.7	--	142	80940	卖盘
10:54:51	5.7	--	29	16530	卖盘
10:54:46	5.7	--	44	25080	卖盘
10:54:42	5.7	--	197	112290	卖盘
10:54:36	5.7	--	225	128250	卖盘
10:54:31	5.7	--	349	198930	卖盘
10:54:27	5.7	--	17	9690	卖盘
10:54:21	5.7	--	84	47880	卖盘
10:54:12	5.7	-0.01	19	10830	卖盘
10:54:06	5.71	0.01	141	80511	买盘
10:53:56	5.7	--	8	4560	卖盘
10:53:51	5.7	--	26	14820	卖盘
10:53:46	5.7	--	383	218310	卖盘
10:53:42	5.7	--	94	53580	卖盘
10:53:36	5.7	-0.01	152	86640	卖盘
10:53:26	5.71	0.01	150	85650	买盘
10:53:21	5.7	--	20	11400	卖盘
10:53:11	5.7	--	485	276450	卖盘
10:53:06	5.7	--	33	18810	卖盘
10:52:56	5.7	-0.01	86	49020	卖盘
10:52:51	5.71	0.01	143	81653	买盘
10:52:46	5.7	-0.01	500	285000	卖盘
10:52:41	5.71	--	15	8565	买盘
10:52:36	5.71	--	214	122194	买盘
10:52:31	5.71	--	283	161593	卖盘
10:52:26	5.71	--	65	37115	卖盘
10:52:16	5.71	-0.01	11	6281	卖盘
10:52:06	5.72	0.02	50	28600	买盘
10:52:01	5.7	-0.01	1063	605910	卖盘
10:51:56	5.71	-0.01	746	425966	卖盘
10:51:51	5.72	0.01	18	10296	买盘
10:51:41	5.71	-0.01	71	40541	卖盘
10:51:36	5.72	0.01	80	45760	买盘
10:51:31	5.71	--	73	41683	卖盘
10:51:26	5.71	0.01	136	77656	中性盘
10:51:21	5.7	-0.02	30	17100	卖盘
10:51:15	5.72	0.02	91	52052	买盘
10:51:11	5.7	--	21	12403	卖盘
10:51:06	5.7	--	9	5130	卖盘
10:50:56	5.7	--	33	18810	买盘
10:50:51	5.7	--	467	266190	卖盘
10:50:45	5.7	-0.01	445	253650	卖盘
10:50:41	5.71	0.01	274	156454	买盘
10:50:36	5.7	-0.01	391	222870	卖盘
10:50:30	5.71	--	140	79940	买盘
10:50:26	5.71	--	19	10849	买盘
10:50:21	5.71	--	508	290068	买盘
10:50:15	5.71	--	59	33689	买盘
10:50:06	5.71	-0.01	479	273509	卖盘
10:50:00	5.72	--	15	8580	买盘
10:49:55	5.72	--	88	50336	买盘
10:49:51	5.72	--	50	28600	买盘
10:49:45	5.72	0.01	60	34320	买盘
10:49:36	5.71	-0.01	42	23982	卖盘
10:49:30	5.72	--	200	114400	买盘
10:49:21	5.72	--	99	56628	买盘
10:49:06	5.72	0.02	288	164736	买盘
10:48:51	5.7	-0.01	90	51300	卖盘
10:48:45	5.71	--	114	65094	买盘
10:48:25	5.71	0.01	158	90218	买盘
10:48:21	5.7	-0.01	65	37050	卖盘
10:48:15	5.71	--	50	28550	买盘
10:48:10	5.71	--	186	106206	买盘
10:48:00	5.71	--	156	89076	买盘
10:47:51	5.71	0.01	21	11991	买盘
10:47:45	5.7	--	90	51300	卖盘
10:47:36	5.7	-0.01	2	1140	卖盘
10:47:25	5.71	--	73	41683	买盘
10:47:20	5.71	0.01	49	27979	买盘
10:47:15	5.7	-0.01	40	22800	卖盘
10:46:55	5.71	0.01	5	2855	买盘
10:46:30	5.7	--	110	62700	卖盘
10:46:20	5.7	-0.01	58	33060	卖盘
10:46:15	5.71	0.01	120	68520	买盘
10:46:05	5.7	-0.01	60	34200	卖盘
10:45:45	5.71	0.01	2	1142	买盘
10:45:40	5.7	-0.01	55	31350	卖盘
10:45:30	5.71	0.01	80	45680	买盘
10:45:20	5.7	--	99	56430	卖盘
10:45:15	5.7	-0.01	2	1140	卖盘
10:45:05	5.71	--	500	285500	买盘
10:45:00	5.71	--	81	46251	买盘
10:44:50	5.71	0.01	23	13133	中性盘
10:44:45	5.7	-0.02	160	91200	卖盘
10:44:39	5.72	--	0	0	买盘
10:44:30	5.72	0.01	85	48803	买盘
10:44:20	5.71	--	30	17518	买盘
10:44:15	5.71	--	2	1142	买盘
10:44:05	5.71	--	30	17130	买盘
10:43:54	5.71	--	132	75554	卖盘
10:43:39	5.71	--	44	25124	卖盘
10:43:34	5.71	--	102	58242	卖盘
10:43:30	5.71	--	2	1484	卖盘
10:43:15	5.71	--	9	5139	卖盘
10:43:00	5.71	--	17	9707	卖盘
10:42:54	5.71	--	121	69091	卖盘
10:42:49	5.71	0.01	295	168490	买盘
10:42:45	5.7	-0.01	140	79800	卖盘
10:42:39	5.71	--	100	57100	买盘
10:42:30	5.71	--	421	240916	卖盘
10:42:19	5.71	--	3	1713	卖盘
10:42:15	5.71	--	291	166161	卖盘
10:42:09	5.71	--	8	5070	卖盘
10:42:00	5.71	--	483	275793	卖盘
10:41:54	5.71	--	48	27408	卖盘
10:41:44	5.71	--	40	22840	卖盘
10:41:30	5.71	--	314	179294	卖盘
10:41:24	5.71	-0.01	536	306056	卖盘
10:41:15	5.72	0.01	205	117260	买盘
10:41:09	5.71	--	1	571	卖盘
10:41:00	5.71	--	400	228400	卖盘
10:40:49	5.71	--	400	228400	卖盘
10:40:45	5.71	-0.01	526	300346	卖盘
10:40:39	5.72	0.01	10	5720	买盘
10:40:34	5.71	--	49	27979	卖盘
10:40:09	5.71	-0.01	45	25695	卖盘
10:39:59	5.72	0.01	20	11440	买盘
10:39:54	5.71	--	7	3997	卖盘
10:39:49	5.71	--	97	55387	卖盘
10:39:44	5.71	--	117	66807	卖盘
10:39:34	5.71	-0.01	100	57100	卖盘
10:39:29	5.72	0.01	1	572	买盘
10:39:19	5.71	-0.01	3	1713	卖盘
10:39:14	5.72	--	30	17160	买盘
10:39:09	5.72	0.01	10	5720	买盘
10:39:04	5.71	-0.01	4	2284	卖盘
10:38:54	5.72	0.01	346	197912	买盘
10:38:49	5.71	--	50	28550	卖盘
10:38:29	5.71	-0.01	35	19985	卖盘
10:38:24	5.72	--	40	22880	买盘
10:38:19	5.72	0.01	24	13728	买盘
10:38:14	5.71	--	206	117626	卖盘
10:38:09	5.71	-0.01	788	449948	卖盘
10:38:03	5.72	0.01	500	286000	买盘
10:37:59	5.71	-0.01	10	5710	卖盘
10:37:44	5.72	--	22	12584	买盘
10:37:39	5.72	--	130	74360	买盘
10:37:33	5.72	--	25	14300	买盘
10:37:28	5.72	0.01	20	11440	买盘
10:37:24	5.71	-0.01	54	30834	卖盘
10:37:09	5.72	--	10	5720	买盘
10:36:58	5.72	--	5	2860	买盘
10:36:54	5.72	--	2	1144	买盘
10:36:43	5.72	0.01	10	5720	买盘
10:36:39	5.71	--	1	571	卖盘
10:36:33	5.71	--	3	1713	卖盘
10:36:24	5.71	--	1	571	卖盘
10:36:09	5.71	--	25	14275	卖盘
10:36:03	5.71	--	734	419114	卖盘
10:35:54	5.71	-0.01	40	22840	卖盘
10:35:39	5.72	0.01	50	28600	买盘
10:35:28	5.71	-0.01	2	1142	卖盘
10:35:24	5.72	--	2	1144	买盘
10:35:18	5.72	0.01	50	28600	买盘
10:35:09	5.71	--	100	57100	卖盘
10:34:48	5.71	--	707	403697	卖盘
10:34:38	5.71	-0.01	2	1142	卖盘
10:34:23	5.72	--	109	62348	买盘
10:34:18	5.72	0.01	86	49192	买盘
10:34:13	5.71	--	5	2855	卖盘
10:34:08	5.71	--	339	193569	卖盘
10:33:58	5.71	-0.01	133	76057	卖盘
10:33:48	5.72	0.01	100	57200	买盘
10:33:28	5.71	-0.01	2	1142	卖盘
10:33:23	5.72	0.01	6	3432	买盘
10:33:18	5.71	-0.01	58	33118	卖盘
10:32:53	5.72	--	103	58916	买盘
10:32:48	5.72	--	200	114400	买盘
10:32:38	5.72	--	20	11440	买盘
10:32:33	5.72	--	20	11440	买盘
10:32:28	5.72	0.01	77	44044	买盘
10:32:18	5.71	-0.01	84	47964	卖盘
10:32:03	5.72	0.01	100	57200	买盘
10:31:48	5.71	-0.01	2	1142	卖盘
10:31:42	5.72	--	137	78364	买盘
10:31:38	5.72	--	30	17160	买盘
10:31:33	5.72	0.01	51	29172	买盘
10:31:23	5.71	--	60	34260	卖盘
10:31:03	5.71	-0.01	6	3426	卖盘
10:30:57	5.72	--	101	57772	买盘
10:30:52	5.72	--	100	57200	买盘
10:30:48	5.72	--	21	12012	买盘
10:30:37	5.72	0.01	3	1716	买盘
10:30:18	5.71	-0.01	35	19985	卖盘
10:29:57	5.72	0.01	40	22880	买盘
10:29:48	5.71	--	25	14275	卖盘
10:29:42	5.71	-0.01	1	571	卖盘
10:29:18	5.72	--	72	41184	买盘
10:29:12	5.72	--	209	119548	买盘
10:29:03	5.72	--	5	2860	买盘
10:28:57	5.72	--	202	115544	买盘
10:28:48	5.72	0.01	5	2860	买盘
10:28:42	5.71	-0.01	471	268941	卖盘
10:28:37	5.72	--	59	33748	买盘
10:28:33	5.72	0.01	3	1716	买盘
10:28:18	5.71	--	110	62810	卖盘
10:28:12	5.71	--	4	2284	卖盘
10:28:07	5.71	-0.01	1	571	卖盘
10:27:47	5.72	--	50	28600	买盘
10:27:42	5.72	--	60	34320	买盘
10:27:27	5.72	--	5	2860	买盘
10:27:17	5.72	--	10	5720	买盘
10:27:12	5.72	--	14	8008	买盘
10:27:07	5.72	--	3	1716	买盘
10:26:57	5.72	--	18	10296	买盘
10:26:47	5.72	--	13	7436	买盘
10:26:42	5.72	0.01	113	64636	买盘
10:26:32	5.71	-0.01	20	11420	卖盘
10:26:27	5.72	0.01	50	28600	买盘
10:26:17	5.71	-0.01	17	9707	卖盘
10:26:12	5.72	--	20	11440	买盘
10:26:07	5.72	0.01	416	237952	买盘
10:26:02	5.71	-0.01	120	68520	卖盘
10:25:52	5.72	0.01	3	1716	买盘
10:25:47	5.71	--	11	6281	卖盘
10:25:37	5.71	--	102	58242	卖盘
10:25:32	5.71	--	19	10849	卖盘
10:25:27	5.71	-0.01	182	103922	卖盘
10:25:07	5.72	0.01	218	124696	买盘
10:24:57	5.71	-0.01	72	41112	卖盘
10:24:42	5.72	--	29	16588	买盘
10:24:36	5.72	--	32	18304	买盘
10:24:32	5.72	--	30	17160	买盘
10:24:27	5.72	--	5	2860	买盘
10:24:21	5.72	-0.01	529	302588	卖盘
10:24:12	5.73	0.01	20	11460	买盘
10:23:57	5.72	--	18	10296	卖盘
10:23:51	5.72	--	1	572	卖盘
10:23:46	5.72	-0.01	2	1144	卖盘
10:23:42	5.73	0.01	30	17190	买盘
10:23:36	5.72	--	3	1716	卖盘
10:23:27	5.72	--	54	30888	卖盘
10:23:16	5.72	0.01	78	44616	买盘
10:23:12	5.71	-0.01	100	57100	卖盘
10:23:06	5.72	--	12	6864	买盘
10:22:57	5.72	0.01	296	169312	买盘
10:22:51	5.71	--	1301	742871	卖盘
10:22:42	5.71	--	108	61668	卖盘
10:22:36	5.71	--	18	10278	卖盘
10:22:21	5.71	-0.01	274	156454	卖盘
10:22:12	5.72	0.01	7	4004	买盘
10:21:57	5.71	--	70	39970	卖盘
10:21:51	5.71	-0.01	40	22840	卖盘
10:21:42	5.72	--	51	29172	买盘
10:21:36	5.72	--	18	10296	买盘
10:21:31	5.72	--	104	59488	买盘
10:21:21	5.72	--	110	62920	买盘
10:21:16	5.72	--	4	2288	买盘
10:21:11	5.72	0.01	4	2288	买盘
10:21:01	5.71	--	30	17130	卖盘
10:20:56	5.71	-0.01	126	71946	卖盘
10:20:41	5.72	--	10	5720	买盘
10:20:31	5.72	0.01	174	99528	买盘
10:20:26	5.71	--	36	20556	卖盘
10:20:21	5.71	--	10	5710	卖盘
10:20:11	5.71	--	215	122765	卖盘
10:20:01	5.71	--	38	21698	卖盘
10:19:56	5.71	-0.01	1	571	卖盘
10:19:51	5.72	--	60	34320	买盘
10:19:26	5.72	-0.01	252	144144	卖盘
10:19:21	5.73	--	205	117465	买盘
10:19:06	5.73	0.01	110	63030	买盘
10:18:56	5.72	--	10	5720	卖盘
10:18:51	5.72	--	2	1144	卖盘
10:18:46	5.72	--	5	2860	买盘
10:18:41	5.72	-0.01	1	572	买盘
10:18:31	5.73	--	0	0	买盘
10:18:11	5.73	0.02	115	65895	买盘
10:18:06	5.71	-0.02	217	123907	卖盘
10:18:00	5.73	--	4	2292	买盘
10:17:51	5.73	--	50	28650	买盘
10:17:41	5.73	0.03	21	12033	买盘
10:17:36	5.7	-0.02	15	8550	卖盘
10:17:30	5.72	0.02	2320	1327097	买盘
10:17:25	5.7	--	20	11400	卖盘
10:17:06	5.7	--	129	73530	卖盘
10:17:00	5.7	--	294	167580	卖盘
10:16:55	5.7	-0.01	11	6270	卖盘
10:16:51	5.71	0.01	71	40541	买盘
10:16:40	5.7	--	378	215460	卖盘
10:16:36	5.7	--	17	9690	卖盘
10:16:30	5.7	--	20	11400	卖盘
10:16:25	5.7	--	132	75240	卖盘
10:16:21	5.7	--	100	57000	卖盘
10:16:15	5.7	0.01	244	139342	买盘
10:16:06	5.69	-0.01	5	2845	卖盘
10:16:00	5.7	--	1517	864997	卖盘
10:15:51	5.7	--	500	285000	卖盘
10:15:45	5.7	--	120	68662	买盘
10:15:40	5.7	0.01	8	4560	买盘
10:15:36	5.69	-0.01	2	1138	卖盘
10:15:25	5.7	--	1678	956460	卖盘
10:15:21	5.7	-0.01	5	2850	卖盘
10:15:15	5.71	--	206	117626	买盘
10:15:06	5.71	0.01	9	5139	买盘
10:14:50	5.7	--	21	11970	卖盘
10:14:45	5.7	--	38	21660	卖盘
10:14:35	5.7	--	89	50730	卖盘
10:14:30	5.7	-0.01	2	1140	卖盘
10:14:25	5.71	--	30	17130	买盘
10:14:20	5.71	--	44	25124	买盘
10:14:15	5.71	--	1	571	买盘
10:14:00	5.71	--	20	11420	买盘
10:13:50	5.71	--	66	37686	买盘
10:13:45	5.71	--	36	20556	卖盘
10:13:30	5.71	--	11	6281	卖盘
10:13:20	5.71	0.01	53	30263	买盘
10:13:15	5.7	--	8	4560	卖盘
10:13:05	5.7	--	119	67830	买盘
10:13:00	5.7	0.01	1710	974700	买盘
10:12:50	5.69	--	52	29588	卖盘
10:12:45	5.69	--	279	158751	卖盘
10:12:30	5.69	-0.01	8	4552	卖盘
10:12:20	5.7	0.01	6	3420	买盘
10:12:15	5.69	--	174	99006	卖盘
10:12:05	5.69	--	13	7397	卖盘
10:12:00	5.69	-0.01	8	4552	卖盘
10:11:55	5.7	0.01	233	132810	买盘
10:11:49	5.69	--	27	15363	卖盘
10:11:40	5.69	--	56	31864	买盘
10:11:35	5.69	0.01	9	5121	买盘
10:11:30	5.68	-0.01	211	119848	卖盘
10:11:24	5.69	0.01	18	10242	买盘
10:11:20	5.68	--	67	38056	卖盘
10:11:15	5.68	-0.01	70	39760	卖盘
10:11:09	5.69	--	17	9673	买盘
10:11:04	5.69	0.01	40	22760	买盘
10:11:00	5.68	-0.01	49	27832	卖盘
10:10:54	5.69	--	45	25605	买盘
10:10:44	5.69	0.01	210	119490	买盘
10:10:39	5.68	--	286	162448	买盘
10:10:34	5.68	--	21	11928	买盘
10:10:30	5.68	0.01	247	140296	买盘
10:10:24	5.67	-0.01	1441	817047	卖盘
10:10:19	5.68	--	20	11360	买盘
10:10:14	5.68	--	74	42032	买盘
10:10:09	5.68	--	123	69864	卖盘
10:10:04	5.68	--	18	10224	卖盘
10:10:00	5.68	--	712	404416	买盘
10:09:54	5.68	--	558	316944	买盘
10:09:49	5.68	0.01	71	40328	买盘
10:09:45	5.67	-0.01	31	17577	卖盘
10:09:39	5.68	0.01	21	11928	中性盘
10:09:34	5.67	-0.02	1045	592515	卖盘
10:09:30	5.69	0.01	54	30726	买盘
10:09:24	5.68	-0.01	933	529944	卖盘
10:09:15	5.69	--	70	39830	买盘
10:09:04	5.69	--	28	15932	卖盘
10:09:00	5.69	--	592	336848	买盘
10:08:54	5.69	--	100	56900	买盘
10:08:49	5.69	0.01	50	28450	买盘
10:08:45	5.68	-0.01	10	5680	卖盘
10:08:39	5.69	--	63	35847	买盘
10:08:34	5.69	--	210	119490	买盘
10:08:29	5.69	--	40	22760	买盘
10:08:24	5.69	-0.01	222	126318	中性盘
10:08:19	5.7	0.01	305	174306	买盘
10:08:14	5.69	--	23	13087	卖盘
10:08:09	5.69	--	133	75677	卖盘
10:08:04	5.69	-0.01	60	34140	卖盘
10:07:59	5.7	0.01	86	49020	买盘
10:07:54	5.69	--	380	216220	卖盘
10:07:44	5.69	-0.01	1231	700439	卖盘
10:07:39	5.7	--	32	18240	买盘
10:07:29	5.7	0.01	82	46740	买盘
10:07:14	5.69	-0.01	150	85350	卖盘
10:07:09	5.7	--	267	152190	卖盘
10:07:04	5.7	--	19	10830	卖盘
10:06:59	5.7	-0.01	11	6270	卖盘
10:06:54	5.71	0.01	160	91360	买盘
10:06:44	5.7	--	13	7410	买盘
10:06:39	5.7	--	45	25650	卖盘
10:06:34	5.7	--	140	79914	买盘
10:06:29	5.7	--	8	4560	买盘
10:06:24	5.7	--	56	32376	卖盘
10:06:19	5.7	--	57	32490	卖盘
10:06:14	5.7	--	43	24510	卖盘
10:06:09	5.7	--	92	52440	卖盘
10:06:04	5.7	--	58	33060	卖盘
10:05:59	5.7	--	244	139080	卖盘
10:05:54	5.7	--	507	289332	卖盘
10:05:49	5.7	--	10	5700	卖盘
10:05:44	5.7	--	43	24510	卖盘
10:05:39	5.7	-0.01	253	144210	卖盘
10:05:34	5.71	0.01	24	13704	买盘
10:05:24	5.7	--	44	25422	卖盘
10:05:14	5.7	-0.01	2	1140	卖盘
10:05:09	5.71	0.01	25	14275	买盘
10:05:03	5.7	-0.01	324	184680	卖盘
10:04:59	5.71	--	308	175868	买盘
10:04:54	5.71	0.01	45	25695	买盘
10:04:48	5.7	--	555	316350	卖盘
10:04:43	5.7	--	44	25080	卖盘
10:04:39	5.7	--	5	2850	卖盘
10:04:33	5.7	--	86	49020	卖盘
10:04:28	5.7	--	167	95190	卖盘
10:04:24	5.7	-0.01	1118	637260	卖盘
10:04:18	5.71	-0.01	72	41112	卖盘
10:04:13	5.72	0.01	52	29744	买盘
10:04:09	5.71	-0.01	94	53674	卖盘
10:03:54	5.72	--	19	10868	买盘
10:03:48	5.72	0.01	10	5720	买盘
10:03:38	5.71	-0.01	489	279219	卖盘
10:03:33	5.72	-0.01	118	67496	卖盘
10:03:24	5.73	0.01	70	40110	买盘
10:03:18	5.72	--	13	7436	卖盘
10:03:13	5.72	-0.01	57	32604	卖盘
10:03:08	5.73	0.01	94	53862	买盘
10:03:03	5.72	--	43	24596	卖盘
10:02:58	5.72	--	87	49764	卖盘
10:02:48	5.72	-0.01	2	1144	卖盘
10:02:33	5.73	0.01	252	144396	买盘
10:02:23	5.72	--	10	5720	卖盘
10:02:18	5.72	-0.01	125	71500	卖盘
10:02:03	5.73	0.01	50	28650	买盘
10:01:53	5.72	-0.01	2	1144	卖盘
10:01:28	5.73	--	1	573	买盘
10:01:13	5.73	0.01	16	9168	买盘
10:00:53	5.72	--	21	12012	卖盘
10:00:48	5.72	-0.02	100	57200	卖盘
10:00:43	5.74	0.02	16	9184	买盘
10:00:38	5.72	--	144	82368	卖盘
10:00:33	5.72	--	52	29744	卖盘
10:00:13	5.72	-0.01	4	2288	卖盘
10:00:08	5.73	-0.01	214	122622	中性盘
10:00:03	5.74	0.01	104	59696	买盘
09:59:58	5.73	--	83	47559	买盘
09:59:53	5.73	0.01	2	1146	买盘
09:59:48	5.72	--	7	4004	卖盘
09:59:43	5.72	-0.01	52	29744	卖盘
09:59:38	5.73	0.01	113	64749	卖盘
09:59:28	5.72	--	0	0	卖盘
09:59:23	5.72	-0.01	1615	923780	卖盘
09:59:18	5.73	--	11	6303	卖盘
09:59:13	5.73	--	3	1719	卖盘
09:59:08	5.73	--	50	28650	卖盘
09:59:03	5.73	-0.01	40	22920	卖盘
09:58:53	5.74	0.01	60	34440	买盘
09:58:48	5.73	-0.01	30	17190	卖盘
09:58:42	5.74	--	1	574	买盘
09:58:38	5.74	0.01	137	78638	买盘
09:58:27	5.73	--	140	80220	卖盘
09:58:17	5.73	--	5	2865	卖盘
09:58:03	5.73	--	12	6876	卖盘
09:57:57	5.73	0.01	8	4584	买盘
09:57:48	5.72	--	118	67496	卖盘
09:57:42	5.72	--	41	23452	卖盘
09:57:37	5.72	-0.01	83	47476	卖盘
09:57:33	5.73	--	610	349530	买盘
09:57:22	5.73	0.01	9	5157	买盘
09:57:18	5.72	--	111	63492	卖盘
09:57:12	5.72	-0.01	157	89804	卖盘
09:57:07	5.73	--	14	8022	买盘
09:57:03	5.73	0.01	139	79647	买盘
09:56:57	5.72	--	80	45760	卖盘
09:56:52	5.72	-0.01	1	572	卖盘
09:56:48	5.73	--	39	22347	买盘
09:56:37	5.73	--	211	120903	买盘
09:56:33	5.73	--	289	165597	买盘
09:56:27	5.73	--	1	573	买盘
09:56:22	5.73	--	1	573	买盘
09:56:17	5.73	--	297	170181	卖盘
09:56:07	5.73	--	3	1719	卖盘
09:56:02	5.73	--	67	38391	卖盘
09:55:52	5.73	--	259	148407	买盘
09:55:42	5.73	--	102	58446	卖盘
09:55:32	5.73	--	300	171900	买盘
09:55:27	5.73	0.01	43	24639	买盘
09:55:17	5.72	--	58	33176	卖盘
09:55:07	5.72	-0.01	11	6292	卖盘
09:55:02	5.73	0.01	809	463557	买盘
09:54:57	5.72	--	18	10296	卖盘
09:54:52	5.72	--	9	5148	卖盘
09:54:42	5.72	-0.01	63	36036	卖盘
09:54:37	5.73	0.01	3	1719	买盘
09:54:32	5.72	--	8	4576	卖盘
09:54:27	5.72	--	1	572	卖盘
09:54:22	5.72	--	100	57200	卖盘
09:54:17	5.72	-0.01	94	53768	卖盘
09:54:12	5.73	0.01	26	14898	买盘
09:54:07	5.72	-0.01	25	14300	卖盘
09:54:02	5.73	0.01	2	1146	买盘
09:53:57	5.72	--	10	5720	卖盘
09:53:47	5.72	-0.01	5	2860	卖盘
09:53:37	5.73	0.01	8	4584	买盘
09:53:32	5.72	--	296	169312	买盘
09:53:27	5.72	-0.01	221	126412	卖盘
09:53:17	5.73	0.01	295	169035	买盘
09:53:12	5.72	--	134	76648	卖盘
09:53:07	5.72	-0.01	709	405548	卖盘
09:53:02	5.73	0.01	34	19482	买盘
09:52:57	5.72	--	70	40040	卖盘
09:52:51	5.72	--	30	17160	卖盘
09:52:47	5.72	--	209	119548	卖盘
09:52:42	5.72	--	10	5720	卖盘
09:52:32	5.72	-0.01	4	2288	卖盘
09:52:27	5.73	0.01	5	2865	买盘
09:52:21	5.72	--	411	235092	卖盘
09:52:16	5.72	--	64	36608	卖盘
09:52:11	5.72	--	97	55484	卖盘
09:52:06	5.72	--	117	66924	卖盘
09:51:57	5.72	--	268	153296	卖盘
09:51:51	5.72	--	59	33748	卖盘
09:51:46	5.72	--	0	0	卖盘
09:51:42	5.72	-0.01	173	98956	卖盘
09:51:36	5.73	--	63	36099	买盘
09:51:31	5.73	--	1	573	买盘
09:51:27	5.73	--	115	65895	卖盘
09:51:16	5.73	--	2	1146	卖盘
09:51:12	5.73	--	63	36099	卖盘
09:51:01	5.73	--	33	18909	卖盘
09:50:57	5.73	--	17	9741	买盘
09:50:51	5.73	--	13	7449	买盘
09:50:46	5.73	0.01	80	45840	买盘
09:50:42	5.72	--	46	26312	卖盘
09:50:36	5.72	-0.01	5	2860	卖盘
09:50:27	5.73	0.01	4	2292	卖盘
09:50:21	5.72	--	0	0	卖盘
09:50:16	5.72	-0.02	53	30316	卖盘
09:50:06	5.74	--	0	0	买盘
09:49:56	5.74	0.02	30	17220	中性盘
09:49:51	5.72	-0.03	2867	1639924	卖盘
09:49:41	5.75	--	32	18400	买盘
09:49:36	5.75	0.01	78	44850	买盘
09:49:26	5.74	-0.01	39	22386	卖盘
09:49:21	5.75	0.01	67	38525	买盘
09:49:11	5.74	--	50	28700	卖盘
09:49:06	5.74	-0.01	4	2296	卖盘
09:49:01	5.75	--	30	17250	买盘
09:48:56	5.75	--	428	246100	买盘
09:48:51	5.75	0.01	47	27025	买盘
09:48:46	5.74	-0.01	1	574	卖盘
09:48:41	5.75	--	2	1150	买盘
09:48:31	5.75	0.01	6	3450	买盘
09:48:26	5.74	--	50	28700	卖盘
09:48:21	5.74	--	53	30422	卖盘
09:48:16	5.74	-0.01	10	5740	卖盘
09:48:11	5.75	0.01	9	5175	买盘
09:48:06	5.74	0.01	32	18368	买盘
09:47:56	5.73	--	51	29223	卖盘
09:47:46	5.73	-0.01	296	169608	卖盘
09:47:41	5.74	0.01	640	367360	买盘
09:47:36	5.73	--	68	38964	卖盘
09:47:31	5.73	-0.01	2	1146	卖盘
09:47:26	5.74	--	15	8610	买盘
09:47:21	5.74	--	157	90118	卖盘
09:47:11	5.74	-0.01	5	2870	卖盘
09:47:06	5.75	0.01	510	293250	买盘
09:46:56	5.74	-0.01	873	501170	卖盘
09:46:51	5.75	--	5	2875	买盘
09:46:45	5.75	0.01	10	5750	买盘
09:46:41	5.74	-0.01	1	574	卖盘
09:46:36	5.75	--	10	5750	买盘
09:46:30	5.75	--	30	17250	买盘
09:46:25	5.75	-0.01	353	202975	卖盘
09:46:21	5.76	0.01	1	576	买盘
09:46:15	5.75	-0.01	23	13225	卖盘
09:46:10	5.76	--	40	23040	买盘
09:46:05	5.76	0.01	129	74304	买盘
09:45:50	5.75	-0.01	14	8050	卖盘
09:45:45	5.76	0.02	7	4032	买盘
09:45:36	5.74	--	0	0	卖盘
09:45:30	5.74	-0.01	1412	810488	卖盘
09:45:25	5.75	--	94	54050	买盘
09:45:20	5.75	--	203	116725	买盘
09:45:15	5.75	--	29	16675	买盘
09:45:10	5.75	--	3	1725	买盘
09:45:05	5.75	-0.01	1101	633075	卖盘
09:45:00	5.76	--	459	264384	卖盘
09:44:55	5.76	0.01	117	67392	买盘
09:44:50	5.75	-0.01	7	4025	卖盘
09:44:45	5.76	0.01	304	175104	买盘
09:44:40	5.75	--	16	9200	卖盘
09:44:36	5.75	-0.01	25	14375	卖盘
09:44:25	5.76	--	72	41472	买盘
09:44:20	5.76	--	51	29376	卖盘
09:44:15	5.76	--	34	19584	卖盘
09:44:05	5.76	--	5	2880	中性盘
09:44:00	5.76	0.01	100	57600	买盘
09:43:55	5.75	-0.02	14	8050	卖盘
09:43:50	5.77	0.02	136	78472	买盘
09:43:45	5.75	--	19	10925	卖盘
09:43:35	5.75	--	10	5750	卖盘
09:43:30	5.75	0.01	61	35075	买盘
09:43:25	5.74	--	4	2296	卖盘
09:43:20	5.74	--	4	2296	卖盘
09:43:15	5.74	-0.01	20	11480	卖盘
09:43:10	5.75	--	10	5750	买盘
09:43:05	5.75	--	9	5175	买盘
09:43:00	5.75	0.01	41	24081	买盘
09:42:55	5.74	--	40	22960	买盘
09:42:50	5.74	--	119	68306	卖盘
09:42:45	5.74	--	0	0	卖盘
09:42:40	5.74	--	283	162442	卖盘
09:42:35	5.74	-0.02	3	1722	卖盘
09:42:20	5.76	--	0	0	卖盘
09:42:15	5.76	-0.01	1690	973440	卖盘
09:42:10	5.77	--	50	28849	买盘
09:42:05	5.77	0.01	20	11540	买盘
09:42:00	5.76	--	819	471744	卖盘
09:41:50	5.76	--	55	31680	卖盘
09:41:45	5.76	--	126	72576	买盘
09:41:35	5.76	0.01	164	94464	买盘
09:41:30	5.75	-0.01	67	38525	卖盘
09:41:20	5.76	--	61	35136	买盘
09:41:15	5.76	0.01	2	1152	买盘
09:41:10	5.75	-0.01	200	115000	卖盘
09:41:05	5.76	0.01	1018	586368	买盘
09:41:00	5.75	--	141	81075	卖盘
09:40:45	5.75	--	20	11500	卖盘
09:40:35	5.75	-0.01	109	62675	卖盘
09:40:30	5.76	0.01	20	11520	卖盘
09:40:24	5.75	--	354	203550	卖盘
09:40:19	5.75	--	223	128225	卖盘
09:40:09	5.75	--	206	118450	卖盘
09:39:54	5.75	-0.01	251	144325	卖盘
09:39:44	5.76	--	236	135936	买盘
09:39:39	5.76	--	170	97920	买盘
09:39:19	5.76	--	35	20160	买盘
09:39:14	5.76	-0.01	83	47808	卖盘
09:39:09	5.77	0.01	372	214643	买盘
09:38:59	5.76	--	200	115200	买盘
09:38:54	5.76	-0.01	39	22464	卖盘
09:38:49	5.77	0.01	20	11540	买盘
09:38:44	5.76	--	12	6912	买盘
09:38:39	5.76	--	39	22464	卖盘
09:38:34	5.76	--	166	95616	卖盘
09:38:29	5.76	--	50	28800	卖盘
09:38:19	5.76	--	15	8640	买盘
09:38:14	5.76	--	37	21312	买盘
09:38:09	5.76	-0.01	30	17280	卖盘
09:37:54	5.77	0.01	10	5770	买盘
09:37:49	5.76	--	3	1728	买盘
09:37:44	5.76	--	15	8640	买盘
09:37:39	5.76	--	12	6912	卖盘
09:37:24	5.76	0.01	114	65664	买盘
09:37:19	5.75	--	0	0	卖盘
09:37:14	5.75	--	103	59225	卖盘
09:37:09	5.75	--	181	104075	买盘
09:37:04	5.75	--	2	1150	买盘
09:36:59	5.75	-0.01	249	143175	卖盘
09:36:49	5.76	--	174	100224	买盘
09:36:39	5.76	--	124	71424	买盘
09:36:34	5.76	--	5	2880	买盘
09:36:29	5.76	--	20	11520	买盘
09:36:24	5.76	-0.01	13	7488	买盘
09:36:14	5.77	--	0	0	买盘
09:36:09	5.77	0.02	36	20772	买盘
09:35:54	5.75	--	168	96600	买盘
09:35:44	5.75	--	30	17250	买盘
09:35:39	5.75	-0.02	302	173650	卖盘
09:35:34	5.77	--	0	0	买盘
09:35:29	5.77	0.02	212	122323	买盘
09:35:09	5.75	-0.01	7	4025	卖盘
09:35:04	5.76	0.01	1	576	买盘
09:34:54	5.75	0.02	6	3450	中性盘
09:34:49	5.73	-0.03	10	5730	卖盘
09:34:44	5.76	0.02	616	354816	买盘
09:34:33	5.74	-0.01	100	57400	卖盘
09:34:29	5.75	--	7	4025	买盘
09:34:24	5.75	0.01	41	23575	买盘
09:34:18	5.74	--	2	1148	卖盘
09:34:09	5.74	--	4	2296	卖盘
09:34:03	5.74	0.01	83	47642	买盘
09:33:58	5.73	-0.02	11	6303	卖盘
09:33:53	5.75	0.02	102	58650	买盘
09:33:48	5.73	-0.01	191	109443	卖盘
09:33:43	5.74	0.02	1	574	买盘
09:33:38	5.72	-0.01	49	28028	卖盘
09:33:33	5.73	--	541	309993	卖盘
09:33:23	5.73	--	42	24066	买盘
09:33:18	5.73	0.01	111	63603	买盘
09:33:13	5.72	--	20	11440	卖盘
09:33:08	5.72	-0.01	39	22308	卖盘
09:33:03	5.73	--	165	94545	买盘
09:32:58	5.73	--	3	1719	买盘
09:32:53	5.73	--	55	31515	买盘
09:32:43	5.73	0.01	3	1719	买盘
09:32:38	5.72	-0.01	5	2860	卖盘
09:32:23	5.73	0.01	66	37818	卖盘
09:32:08	5.72	--	0	0	卖盘
09:32:03	5.72	--	12	6864	卖盘
09:31:53	5.72	--	63	36036	卖盘
09:31:38	5.72	--	43	24596	卖盘
09:31:33	5.72	--	139	79508	买盘
09:31:28	5.72	--	135	77220	买盘
09:31:23	5.72	--	35	20020	买盘
09:31:18	5.72	--	232	132704	买盘
09:31:13	5.72	--	70	40040	买盘
09:31:08	5.72	--	103	58916	卖盘
09:31:03	5.72	--	73	41756	卖盘
09:30:53	5.72	--	100	57200	卖盘
09:30:48	5.72	--	11	6292	卖盘
09:30:43	5.72	--	0	0	卖盘
09:30:38	5.72	--	6	3432	卖盘
09:30:28	5.72	-0.01	110	62920	卖盘
09:30:23	5.73	--	0	0	买盘
09:30:08	5.73	-0.02	414	237222	卖盘
09:30:03	5.75	--	68	39100	中性盘
09:28:45	5.75	--	0	0	中性盘
09:25:02	5.75	5.75	95	54625	买盘
