成交时间	成交价	价格变动	成交量(手)	成交额(元)	性质
15:00:00	12.59	--	0	0	卖盘
15:00:00	12.59	-0.01	0	0	卖盘
14:59:59	12.6	0.01	223	280980	买盘
14:59:53	12.59	--	2	2518	卖盘
14:59:49	12.59	--	3	3777	卖盘
14:59:44	12.59	--	49	61691	卖盘
14:59:38	12.59	--	8	10072	卖盘
14:59:34	12.59	--	131	164929	卖盘
14:59:29	12.59	--	116	146044	买盘
14:59:23	12.59	--	142	178778	买盘
14:59:14	12.59	0.01	7	8813	买盘
14:59:08	12.58	-0.01	15	18870	卖盘
14:59:04	12.59	0.01	5	6295	买盘
14:58:59	12.58	--	15	18870	卖盘
14:58:53	12.58	--	11	13838	卖盘
14:58:44	12.58	--	14	17612	卖盘
14:58:38	12.58	--	37	46546	买盘
14:58:29	12.58	--	10	12580	买盘
14:58:23	12.58	-0.01	122	153476	卖盘
14:58:19	12.59	--	10	12590	卖盘
14:58:14	12.59	--	27	33993	卖盘
14:58:08	12.59	--	15	18885	卖盘
14:58:04	12.59	-0.01	50	62950	卖盘
14:57:59	12.6	0.01	192	241920	买盘
14:57:53	12.59	--	51	64209	卖盘
14:57:44	12.59	--	3	3777	卖盘
14:57:38	12.59	--	75	94425	卖盘
14:57:34	12.59	-0.01	20	25180	卖盘
14:57:29	12.6	--	6	7560	买盘
14:57:23	12.6	--	7	8820	买盘
14:57:14	12.6	0.01	5	6300	买盘
14:57:08	12.59	--	34	42806	卖盘
14:57:04	12.59	--	23	28957	卖盘
14:56:53	12.59	-0.01	74	93166	卖盘
14:56:49	12.6	--	87	109620	买盘
14:56:44	12.6	--	43	54180	买盘
14:56:34	12.6	--	8	10080	买盘
14:56:29	12.6	--	26	32760	买盘
14:56:23	12.6	--	164	206640	卖盘
14:56:19	12.6	--	4	5040	卖盘
14:56:14	12.6	-0.01	104	131040	卖盘
14:56:08	12.61	0.01	56	70616	买盘
14:56:04	12.6	--	20	25200	卖盘
14:55:58	12.6	-0.01	11	13860	卖盘
14:55:53	12.61	0.01	102	128622	买盘
14:55:47	12.6	--	10	12600	卖盘
14:55:43	12.6	--	16	20160	卖盘
14:55:38	12.6	-0.01	27	34020	卖盘
14:55:32	12.61	0.01	51	64311	买盘
14:55:28	12.6	--	12	15120	卖盘
14:55:23	12.6	--	21	26460	卖盘
14:55:17	12.6	--	53	66780	买盘
14:55:13	12.6	--	102	128520	买盘
14:55:08	12.6	--	6	7560	买盘
14:55:02	12.6	-0.01	17	21420	卖盘
14:54:58	12.61	0.01	19	23959	买盘
14:54:53	12.6	--	98	123480	卖盘
14:54:47	12.6	--	16	20160	卖盘
14:54:43	12.6	--	30	37800	卖盘
14:54:38	12.6	-0.01	15	18900	卖盘
14:54:32	12.61	0.02	41	51701	买盘
14:54:28	12.59	-0.01	416	523744	卖盘
14:54:23	12.6	--	144	181440	卖盘
14:54:13	12.6	--	25	31500	卖盘
14:54:08	12.6	--	43	54180	卖盘
14:54:02	12.6	--	10	12600	卖盘
14:53:58	12.6	-0.01	10	12600	卖盘
14:53:53	12.61	0.02	589	742729	买盘
14:53:47	12.59	-0.01	493	620687	卖盘
14:53:43	12.6	-0.01	26	32760	中性盘
14:53:38	12.61	0.02	100	126100	买盘
14:53:32	12.59	-0.01	140	176260	卖盘
14:53:28	12.6	--	197	248220	卖盘
14:53:23	12.6	--	139	175140	买盘
14:53:17	12.6	0.01	1	1260	买盘
14:53:13	12.59	-0.01	228	287052	卖盘
14:53:08	12.6	--	100	126000	买盘
14:52:58	12.6	--	72	90720	买盘
14:52:38	12.6	--	30	37800	卖盘
14:52:32	12.6	--	93	117180	买盘
14:52:28	12.6	0.01	33	41580	买盘
14:52:23	12.59	--	13	16367	卖盘
14:52:17	12.59	--	2	2518	卖盘
14:52:08	12.59	--	98	123382	卖盘
14:52:02	12.59	--	40	50360	买盘
14:51:58	12.59	--	5	6295	买盘
14:51:53	12.59	--	101	127159	买盘
14:51:47	12.59	-0.02	354	445686	卖盘
14:51:43	12.61	--	3	3783	卖盘
14:51:38	12.61	0.01	522	658242	买盘
14:51:32	12.6	--	8	10080	卖盘
14:51:28	12.6	-0.01	16	20160	卖盘
14:51:23	12.61	0.01	83	104663	买盘
14:51:17	12.6	-0.01	40	50400	卖盘
14:51:13	12.61	--	5	6305	买盘
14:51:08	12.61	0.01	40	50440	买盘
14:51:02	12.6	--	56	70560	卖盘
14:50:58	12.6	--	323	406980	卖盘
14:50:53	12.6	--	4	5040	卖盘
14:50:47	12.6	--	49	61740	买盘
14:50:43	12.6	0.01	18	22680	买盘
14:50:38	12.59	-0.01	14	17626	卖盘
14:50:32	12.6	0.01	65	81900	买盘
14:50:27	12.59	--	340	428060	卖盘
14:50:23	12.59	--	911	1146949	卖盘
14:50:17	12.59	--	46	57914	卖盘
14:50:13	12.59	--	30	37770	卖盘
14:50:08	12.59	--	41	51619	卖盘
14:49:58	12.59	-0.01	23	28957	卖盘
14:49:47	12.6	0.01	42	52920	买盘
14:49:42	12.59	--	3	3777	卖盘
14:49:37	12.59	--	49	61691	买盘
14:49:32	12.59	--	79	99461	买盘
14:49:22	12.59	0.01	26	32734	买盘
14:49:17	12.58	-0.01	5	6290	卖盘
14:49:07	12.59	0.01	10	12590	中性盘
14:49:02	12.58	--	496	623968	卖盘
14:48:52	12.58	--	5	6290	卖盘
14:48:47	12.58	-0.01	87	109546	卖盘
14:48:41	12.59	0.01	300	377700	买盘
14:48:37	12.58	--	27	33966	卖盘
14:48:26	12.58	--	9	11322	卖盘
14:48:22	12.58	-0.01	40	50320	卖盘
14:48:17	12.59	0.01	449	565291	买盘
14:48:11	12.58	-0.01	100	125800	卖盘
14:48:07	12.59	0.01	80	100720	买盘
14:48:02	12.58	-0.01	55	69190	卖盘
14:47:56	12.59	--	100	125900	买盘
14:47:52	12.59	--	24	30216	买盘
14:47:37	12.59	--	14	17626	买盘
14:47:32	12.59	--	22	27698	买盘
14:47:26	12.59	--	7	8813	买盘
14:47:22	12.59	--	3	3777	买盘
14:47:17	12.59	0.01	1	1259	买盘
14:47:11	12.58	-0.01	9	11322	卖盘
14:47:07	12.59	--	355	446945	卖盘
14:46:56	12.59	-0.01	70	88130	卖盘
14:46:52	12.6	--	100	126000	买盘
14:46:47	12.6	--	115	144900	买盘
14:46:41	12.6	--	50	63000	买盘
14:46:37	12.6	0.01	373	469980	买盘
14:46:32	12.59	--	100	125900	买盘
14:46:26	12.59	--	500	629500	买盘
14:46:17	12.59	--	398	501082	买盘
14:46:11	12.59	--	1	1259	买盘
14:46:07	12.59	0.01	220	276980	买盘
14:46:02	12.58	--	5	6290	卖盘
14:45:56	12.58	-0.01	26	32708	中性盘
14:45:52	12.59	0.02	31	39029	买盘
14:45:47	12.57	--	10	12570	卖盘
14:45:41	12.57	--	110	138270	卖盘
14:45:32	12.57	--	61	77456	卖盘
14:45:26	12.57	--	50	62850	卖盘
14:45:17	12.57	-0.01	24	30168	卖盘
14:45:11	12.58	--	0	0	中性盘
14:44:56	12.58	0.01	1	1258	买盘
14:44:52	12.57	-0.01	8	10056	卖盘
14:44:47	12.58	--	100	125800	买盘
14:44:41	12.58	0.01	215	270470	买盘
14:44:37	12.57	--	19	23883	买盘
14:44:32	12.57	--	196	246372	卖盘
14:44:26	12.57	--	94	118158	买盘
14:44:17	12.57	--	1	1257	买盘
14:44:11	12.57	--	2	2514	卖盘
14:44:02	12.57	--	8	10056	卖盘
14:43:56	12.57	--	97	121929	卖盘
14:43:47	12.57	-0.01	86	108102	卖盘
14:43:37	12.58	0.01	100	125800	买盘
14:43:32	12.57	--	57	71649	买盘
14:43:22	12.57	--	35	43995	卖盘
14:43:17	12.57	-0.01	252	316764	卖盘
14:43:11	12.58	0.01	23	28934	买盘
14:43:02	12.57	--	201	252657	卖盘
14:42:56	12.57	--	58	72906	卖盘
14:42:50	12.57	--	1	1257	卖盘
14:42:46	12.57	--	4	5028	卖盘
14:42:41	12.57	--	27	33939	卖盘
14:42:35	12.57	-0.01	3	3771	卖盘
14:42:31	12.58	0.01	280	352240	买盘
14:42:26	12.57	--	7	8799	卖盘
14:42:20	12.57	--	118	148326	卖盘
14:42:16	12.57	--	30	37710	卖盘
14:42:11	12.57	--	109	137013	买盘
14:42:05	12.57	--	2	2514	买盘
14:42:01	12.57	0.01	20	25140	买盘
14:41:56	12.56	0.02	619	777464	买盘
14:41:50	12.54	-0.01	28	35112	卖盘
14:41:46	12.55	0.01	515	646325	买盘
14:41:41	12.54	--	44	55288	买盘
14:41:35	12.54	--	33	41382	买盘
14:41:31	12.54	0.01	30	37620	买盘
14:41:26	12.53	--	14	17542	卖盘
14:41:20	12.53	--	15	18795	卖盘
14:41:11	12.53	0.01	5	6265	买盘
14:40:56	12.52	-0.02	340	425680	卖盘
14:40:41	12.54	--	1	1254	买盘
14:40:31	12.54	--	27	34999	卖盘
14:40:01	12.54	--	102	128020	买盘
14:39:56	12.54	--	4	6157	卖盘
14:39:46	12.54	--	16	20064	卖盘
14:39:41	12.54	--	7	8778	卖盘
14:39:35	12.54	--	2	2508	卖盘
14:39:26	12.54	--	7	8778	卖盘
14:39:20	12.54	-0.01	10	12540	卖盘
14:39:16	12.55	0.01	11	13805	买盘
14:39:05	12.54	--	5	6270	卖盘
14:38:56	12.54	-0.01	51	63953	卖盘
14:38:50	12.55	--	761	955055	买盘
14:38:26	12.55	--	20	25100	买盘
14:38:16	12.55	--	10	12550	买盘
14:38:11	12.55	--	23	28865	买盘
14:37:56	12.55	--	23	28865	卖盘
14:37:41	12.55	--	19	23845	卖盘
14:37:35	12.55	--	1	1255	卖盘
14:37:20	12.55	--	29	36395	卖盘
14:37:05	12.55	--	0	0	买盘
14:37:01	12.55	0.01	38	47690	买盘
14:36:56	12.54	-0.01	24	30095	卖盘
14:36:50	12.55	--	11	13805	卖盘
14:36:41	12.55	0.01	10	12550	买盘
14:36:35	12.54	--	10	12540	卖盘
14:36:29	12.54	-0.01	50	62699	卖盘
14:36:25	12.55	--	10	12550	买盘
14:36:05	12.55	--	10	12550	买盘
14:35:55	12.55	0.01	4	5020	买盘
14:35:50	12.54	-0.01	361	452693	卖盘
14:35:35	12.55	--	182	228522	买盘
14:35:29	12.55	--	1	1255	买盘
14:35:10	12.55	--	20	25100	买盘
14:35:05	12.55	--	12	15060	买盘
14:34:55	12.55	--	2	2510	买盘
14:34:50	12.55	--	1	1255	买盘
14:34:44	12.55	0.01	96	120480	买盘
14:34:40	12.54	-0.01	14	17556	卖盘
14:34:35	12.55	0.01	13	16315	买盘
14:34:29	12.54	--	11	13793	卖盘
14:34:25	12.54	--	1	1254	卖盘
14:34:20	12.54	--	124	155496	卖盘
14:34:14	12.54	--	132	165528	卖盘
14:34:05	12.54	-0.01	17	21318	卖盘
14:33:59	12.55	0.01	4	5020	买盘
14:33:55	12.54	--	286	358644	卖盘
14:33:44	12.54	--	24	30095	卖盘
14:33:35	12.54	--	50	62699	卖盘
14:33:25	12.54	--	13	16301	卖盘
14:33:20	12.54	--	10	12540	卖盘
14:33:14	12.54	--	106	132924	买盘
14:33:05	12.54	--	10	12540	买盘
14:32:59	12.54	0.01	8	10032	买盘
14:32:55	12.53	-0.01	36	45108	卖盘
14:32:50	12.54	-0.01	38	47652	卖盘
14:32:44	12.55	0.01	92	115460	买盘
14:32:35	12.54	--	18	22572	卖盘
14:32:29	12.54	--	2	2508	卖盘
14:32:25	12.54	--	47	58937	卖盘
14:32:20	12.54	-0.01	24	30095	卖盘
14:32:14	12.55	--	122	153110	买盘
14:32:05	12.55	--	40	50200	买盘
14:31:54	12.55	--	99	124508	卖盘
14:31:50	12.55	--	7	8785	卖盘
14:31:44	12.55	--	138	173190	卖盘
14:31:40	12.55	--	80	100400	卖盘
14:31:35	12.55	--	10	12550	卖盘
14:31:20	12.55	-0.01	55	69025	卖盘
14:31:14	12.56	--	56	70336	买盘
14:31:05	12.56	-0.01	43	54008	卖盘
14:30:50	12.57	--	61	76677	买盘
14:30:40	12.57	--	15	18855	卖盘
14:30:35	12.57	-0.01	285	358245	卖盘
14:30:29	12.58	0.01	5	6290	买盘
14:30:25	12.57	--	31	38967	卖盘
14:30:20	12.57	--	15	18855	卖盘
14:30:10	12.57	--	4	5028	卖盘
14:30:05	12.57	--	18	22626	卖盘
14:29:53	12.57	-0.01	10	12570	卖盘
14:29:49	12.58	0.01	8	10064	买盘
14:29:44	12.57	-0.01	262	329334	卖盘
14:29:34	12.58	--	1	1258	买盘
14:29:23	12.58	--	80	100640	卖盘
14:29:19	12.58	--	35	44030	卖盘
14:29:14	12.58	--	220	276760	买盘
14:28:59	12.58	--	15	18870	卖盘
14:28:49	12.58	--	19	23902	买盘
14:28:34	12.58	0.01	7	8806	买盘
14:28:29	12.57	-0.01	7	8799	卖盘
14:28:14	12.58	--	50	62900	买盘
14:28:08	12.58	--	16	20128	买盘
14:27:59	12.58	-0.01	16	20128	卖盘
14:27:53	12.59	--	100	125900	买盘
14:27:49	12.59	0.01	112	141008	买盘
14:27:44	12.58	--	40	50320	卖盘
14:27:38	12.58	-0.01	150	188700	卖盘
14:27:23	12.59	0.01	4	5036	买盘
14:27:19	12.58	--	5	6290	卖盘
14:27:14	12.58	0.01	78	98124	买盘
14:27:04	12.57	-0.01	23	28911	卖盘
14:26:49	12.58	--	1	1258	中性盘
14:26:44	12.58	--	1	1258	卖盘
14:26:38	12.58	--	6	7548	卖盘
14:26:34	12.58	--	20	25160	卖盘
14:26:29	12.58	--	23	28934	买盘
14:26:23	12.58	--	7	8806	买盘
14:25:59	12.58	--	1	1258	卖盘
14:25:53	12.58	0.01	83	104414	买盘
14:25:49	12.57	-0.02	5	6285	卖盘
14:25:44	12.59	--	0	0	买盘
14:25:38	12.59	0.02	25	31475	买盘
14:25:29	12.57	-0.02	152	191064	卖盘
14:25:23	12.59	--	15	18885	买盘
14:25:19	12.59	--	5	6295	买盘
14:25:14	12.59	--	21	26439	买盘
14:25:08	12.59	--	14	17626	买盘
14:25:04	12.59	0.01	11	13849	买盘
14:24:59	12.58	-0.01	41	51578	卖盘
14:24:53	12.59	0.01	19	23921	买盘
14:24:49	12.58	--	2	2516	卖盘
14:24:44	12.58	--	49	61642	买盘
14:24:38	12.58	--	3	3774	买盘
14:24:14	12.58	--	20	25160	买盘
14:24:08	12.58	0.01	21	26418	买盘
14:23:59	12.57	-0.01	22	27654	卖盘
14:23:49	12.58	-0.01	9	11322	中性盘
14:23:44	12.59	0.02	57	71763	买盘
14:23:38	12.57	-0.01	30	37710	卖盘
14:23:28	12.58	--	14	17612	买盘
14:23:23	12.58	--	15	18870	买盘
14:23:13	12.58	-0.01	10	12580	中性盘
14:23:08	12.59	0.01	97	122123	买盘
14:23:02	12.58	-0.01	1	1258	中性盘
14:22:58	12.59	0.02	510	642090	买盘
14:22:53	12.57	-0.01	48	60336	卖盘
14:22:43	12.58	--	7	8806	买盘
14:22:38	12.58	--	4	5032	买盘
14:22:32	12.58	--	88	110704	买盘
14:22:23	12.58	--	11	13838	买盘
14:22:17	12.58	0.01	8	10064	买盘
14:21:58	12.57	0.01	188	236316	买盘
14:21:47	12.56	--	30	37680	卖盘
14:21:43	12.56	-0.01	12	15072	卖盘
14:21:38	12.57	0.01	65	81705	买盘
14:21:23	12.56	-0.01	17	21352	卖盘
14:21:17	12.57	0.01	14	17598	买盘
14:21:13	12.56	-0.01	25	31400	卖盘
14:21:02	12.57	0.01	10	12570	买盘
14:20:58	12.56	-0.01	10	12560	卖盘
14:20:47	12.57	0.01	86	108102	买盘
14:20:38	12.56	-0.01	2	2512	卖盘
14:20:23	12.57	--	15	18855	买盘
14:20:17	12.57	0.01	18	22626	买盘
14:20:08	12.56	--	7	8792	买盘
14:20:02	12.56	--	2	2512	卖盘
14:19:53	12.56	0.01	6	7536	买盘
14:19:32	12.55	-0.01	11	13805	卖盘
14:19:23	12.56	-0.01	10	12560	中性盘
14:19:17	12.57	--	82	103074	买盘
14:18:58	12.57	0.01	9	11313	买盘
14:18:53	12.56	--	2	2512	卖盘
14:18:38	12.56	--	87	109272	卖盘
14:18:32	12.56	-0.01	100	125600	卖盘
14:18:28	12.57	0.01	4	5028	买盘
14:17:47	12.56	-0.01	13	16328	卖盘
14:17:32	12.57	0.01	15	18855	买盘
14:17:17	12.56	-0.01	10	12560	卖盘
14:17:07	12.57	0.01	6	7542	买盘
14:17:02	12.56	-0.01	132	165792	卖盘
14:16:47	12.57	--	50	62850	买盘
14:16:41	12.57	--	9	11313	买盘
14:16:37	12.57	--	6	7542	买盘
14:16:32	12.57	--	12	15084	买盘
14:16:11	12.57	--	102	128214	买盘
14:15:17	12.57	--	4	5028	买盘
14:15:07	12.57	0.01	8	10056	买盘
14:15:02	12.56	--	34	42704	卖盘
14:14:47	12.56	--	44	55264	买盘
14:14:22	12.56	--	37	46472	买盘
14:14:02	12.56	--	8	10048	买盘
14:13:56	12.56	--	3	3768	买盘
14:13:41	12.56	--	6	7536	买盘
14:13:37	12.56	0.01	10	12560	买盘
14:13:21	12.55	-0.01	17	21335	卖盘
14:13:17	12.56	--	3	3768	买盘
14:13:11	12.56	--	205	257480	买盘
14:12:47	12.56	0.01	63	79128	买盘
14:12:41	12.55	-0.01	15	18825	卖盘
14:12:11	12.56	--	2	2512	买盘
14:12:07	12.56	-0.01	44	55264	卖盘
14:12:02	12.57	--	7	8799	买盘
14:11:51	12.57	0.01	7	8799	买盘
14:11:41	12.56	-0.01	20	25120	卖盘
14:11:32	12.57	--	12	15084	买盘
14:11:26	12.57	--	0	0	买盘
14:11:22	12.57	0.01	13	16341	买盘
14:11:17	12.56	-0.01	7	8792	买盘
14:11:11	12.57	--	0	0	买盘
14:11:05	12.57	0.02	7	8799	买盘
14:11:01	12.55	-0.01	1	1255	卖盘
14:10:56	12.56	--	14	17584	卖盘
14:10:46	12.56	--	36	45216	买盘
14:10:01	12.56	--	17	21352	卖盘
14:09:55	12.56	-0.01	21	26376	卖盘
14:09:41	12.57	0.01	4	5028	买盘
14:09:31	12.56	--	20	25120	卖盘
14:09:05	12.56	--	15	18840	卖盘
14:08:31	12.56	--	2	2512	买盘
14:08:26	12.56	--	30	37680	买盘
14:08:20	12.56	--	1	1256	买盘
14:08:16	12.56	--	12	15072	卖盘
14:08:11	12.56	--	11	13816	买盘
14:08:05	12.56	--	9	11304	卖盘
14:07:56	12.56	0.01	1	1256	卖盘
14:07:46	12.55	-0.01	41	51455	卖盘
14:07:41	12.56	--	70	87920	买盘
14:07:20	12.56	--	2	2512	买盘
14:07:16	12.56	--	5	6280	买盘
14:07:05	12.56	--	4	5024	买盘
14:06:50	12.56	--	10	12560	买盘
14:06:46	12.56	--	10	12560	买盘
14:06:41	12.56	--	10	12560	买盘
14:06:35	12.56	--	15	18840	买盘
14:06:31	12.56	--	50	62800	买盘
14:06:20	12.56	0.01	4	5024	买盘
14:06:16	12.55	-0.01	100	125500	卖盘
14:06:11	12.56	0.01	90	113040	买盘
14:06:05	12.55	--	8	10040	卖盘
14:05:56	12.55	-0.01	14	17570	卖盘
14:05:41	12.56	--	11	13816	买盘
14:05:26	12.56	--	7	8792	卖盘
14:05:20	12.56	0.01	23	28888	买盘
14:05:16	12.55	--	98	122990	卖盘
14:05:11	12.55	--	44	55220	卖盘
14:04:56	12.55	--	7	9776	买盘
14:04:44	12.55	--	4	5020	买盘
14:04:20	12.55	-0.01	291	365468	卖盘
14:04:14	12.56	--	3	3768	卖盘
14:04:10	12.56	--	10	12560	卖盘
14:03:50	12.56	--	1	1256	卖盘
14:03:44	12.56	--	11	13816	卖盘
14:03:40	12.56	0.01	36	46208	买盘
14:03:29	12.55	--	2	2510	卖盘
14:03:25	12.55	-0.01	5	6275	卖盘
14:03:20	12.56	--	6	7536	买盘
14:03:10	12.56	--	97	122095	卖盘
14:03:05	12.56	-0.01	21	26376	卖盘
14:02:44	12.57	0.01	14	17598	买盘
14:02:40	12.56	--	30	37680	卖盘
14:02:35	12.56	--	4	5024	卖盘
14:02:25	12.56	--	30	37680	卖盘
14:02:19	12.56	--	14	17584	卖盘
14:02:14	12.56	--	16	20096	卖盘
14:02:10	12.56	-0.01	12	15072	卖盘
14:02:05	12.57	0.01	5	6285	买盘
14:01:40	12.56	--	6	7536	卖盘
14:01:35	12.56	--	2	2512	卖盘
14:01:29	12.56	-0.01	2	2512	卖盘
14:01:20	12.57	0.01	13	16341	买盘
14:01:14	12.56	--	19	23864	卖盘
14:01:10	12.56	-0.01	20	25120	卖盘
14:00:59	12.57	--	21	26397	买盘
14:00:50	12.57	--	10	12570	买盘
14:00:39	12.57	--	192	241344	卖盘
14:00:35	12.57	--	52	65364	卖盘
14:00:25	12.57	--	6	7542	卖盘
14:00:14	12.57	--	10	12570	卖盘
13:59:59	12.57	-0.01	30	37710	卖盘
13:59:50	12.58	--	20	25160	买盘
13:59:44	12.58	--	30	37740	买盘
13:59:39	12.58	0.01	24	30192	买盘
13:59:34	12.57	--	79	99303	卖盘
13:59:29	12.57	--	20	25140	卖盘
13:59:20	12.57	--	14	17598	卖盘
13:59:14	12.57	-0.01	13	16341	卖盘
13:59:05	12.58	--	10	12580	买盘
13:58:35	12.58	0.01	10	12580	买盘
13:58:29	12.57	-0.01	15	18855	卖盘
13:58:24	12.58	--	14	17612	买盘
13:58:20	12.58	--	20	25160	买盘
13:58:14	12.58	0.01	8	10064	买盘
13:58:04	12.57	-0.01	5	6285	卖盘
13:57:59	12.58	--	17	21386	买盘
13:57:44	12.58	0.01	11	13838	买盘
13:57:38	12.57	-0.01	5	6285	卖盘
13:57:34	12.58	--	77	96866	买盘
13:57:19	12.58	0.01	7	8806	买盘
13:57:04	12.57	-0.01	11	13827	卖盘
13:56:59	12.58	--	80	100640	买盘
13:56:49	12.58	--	4	5032	买盘
13:56:44	12.58	--	8	10064	买盘
13:56:34	12.58	0.01	18	22644	买盘
13:56:29	12.57	--	3	3771	卖盘
13:56:22	12.57	-0.01	10	12570	卖盘
13:56:14	12.58	0.01	86	108188	买盘
13:56:04	12.57	-0.01	4	5028	卖盘
13:55:59	12.58	--	3	3774	买盘
13:55:49	12.58	0.01	7	8806	买盘
13:55:44	12.57	-0.01	20	25140	卖盘
13:55:29	12.58	--	3	3774	买盘
13:55:19	12.58	--	64	80512	买盘
13:55:08	12.58	--	4	5032	买盘
13:54:33	12.58	--	24	30192	买盘
13:54:08	12.58	0.01	35	44030	买盘
13:53:53	12.57	-0.01	1	1257	卖盘
13:53:49	12.58	0.01	10	12580	买盘
13:53:43	12.57	--	40	50280	卖盘
13:53:23	12.57	--	15	18855	卖盘
13:53:19	12.57	-0.01	10	12570	卖盘
13:53:04	12.58	0.01	111	139638	买盘
13:52:59	12.57	--	46	57822	卖盘
13:52:49	12.57	--	10	12570	卖盘
13:52:38	12.57	-0.01	40	50280	卖盘
13:52:29	12.58	--	130	163540	买盘
13:52:22	12.58	0.01	1	1258	买盘
13:52:07	12.57	--	48	60336	卖盘
13:51:43	12.57	--	22	27654	卖盘
13:51:32	12.57	0.01	36	45252	买盘
13:51:28	12.56	-0.01	25	31400	卖盘
13:51:23	12.57	--	5	6285	买盘
13:51:08	12.57	--	6	7542	买盘
13:51:02	12.57	0.01	6	7542	买盘
13:50:58	12.56	--	7	8792	卖盘
13:50:43	12.56	-0.01	32	40192	卖盘
13:50:38	12.57	0.01	25	31425	买盘
13:50:13	12.56	-0.01	11	13816	卖盘
13:49:53	12.57	--	15	18855	卖盘
13:49:47	12.57	--	5	6285	买盘
13:49:43	12.57	0.01	15	18855	中性盘
13:49:38	12.56	-0.01	52	65312	卖盘
13:49:28	12.57	0.01	24	31161	买盘
13:49:02	12.56	-0.01	36	45216	卖盘
13:48:58	12.57	--	52	65364	买盘
13:48:43	12.57	--	40	50280	买盘
13:48:37	12.57	--	67	84219	买盘
13:48:23	12.57	--	7	8799	买盘
13:48:08	12.57	--	49	61593	买盘
13:48:02	12.57	0.01	2	2514	买盘
13:47:58	12.56	-0.01	19	23864	卖盘
13:47:53	12.57	--	19	23883	买盘
13:47:22	12.57	0.01	10	12570	买盘
13:47:02	12.56	-0.01	41	51496	卖盘
13:46:58	12.57	0.01	22	27654	买盘
13:46:53	12.56	--	21	26376	卖盘
13:46:16	12.56	-0.01	31	38936	卖盘
13:46:13	12.57	0.01	6	7542	买盘
13:45:47	12.56	-0.01	2	2512	卖盘
13:45:32	12.57	0.01	3	3771	买盘
13:45:22	12.56	--	21	26376	卖盘
13:45:17	12.56	--	6	7536	卖盘
13:45:11	12.56	--	20	25120	卖盘
13:44:56	12.56	--	10	12560	卖盘
13:44:52	12.56	--	6	7536	买盘
13:44:41	12.56	-0.01	14	17584	卖盘
13:44:37	12.57	0.01	3	3771	买盘
13:44:22	12.56	--	6	7536	买盘
13:44:17	12.56	--	4	5024	卖盘
13:44:11	12.56	--	10	12560	卖盘
13:44:07	12.56	--	30	37680	卖盘
13:43:56	12.56	--	58	72848	买盘
13:43:52	12.56	--	8	10048	卖盘
13:43:37	12.56	--	8	10048	卖盘
13:43:31	12.56	--	15	18840	卖盘
13:43:22	12.56	--	10	12560	卖盘
13:43:11	12.56	--	15	18840	卖盘
13:43:07	12.56	--	5	6280	卖盘
13:43:02	12.56	--	10	12560	卖盘
13:42:52	12.56	-0.01	10	12560	卖盘
13:42:47	12.57	0.01	7	8799	买盘
13:42:41	12.56	0.01	5	6280	买盘
13:42:37	12.55	-0.01	20	25100	卖盘
13:42:25	12.56	0.01	124	155744	买盘
13:42:22	12.55	-0.01	15	18825	卖盘
13:42:07	12.56	--	29	36424	买盘
13:41:56	12.56	--	10	12560	买盘
13:41:52	12.56	--	10	12560	买盘
13:41:47	12.56	--	10	12560	买盘
13:41:40	12.56	--	10	12560	买盘
13:41:31	12.56	--	13	16328	卖盘
13:41:21	12.56	--	20	25120	卖盘
13:41:17	12.56	--	6	7536	买盘
13:41:10	12.56	--	20	25120	买盘
13:41:07	12.56	--	10	12560	买盘
13:40:56	12.56	--	10	12560	买盘
13:40:52	12.56	--	4	5024	卖盘
13:40:46	12.56	--	6	7536	买盘
13:40:36	12.56	-0.01	1	1256	卖盘
13:40:16	12.57	--	11	13827	买盘
13:40:11	12.57	--	5	6285	买盘
13:40:01	12.57	--	17	21369	买盘
13:39:56	12.57	--	13	16341	买盘
13:39:46	12.57	--	10	12570	买盘
13:39:36	12.57	--	10	12570	买盘
13:39:31	12.57	--	0	0	买盘
13:39:16	12.57	0.01	124	155868	买盘
13:39:11	12.56	--	85	107023	卖盘
13:38:41	12.56	0.04	219	276056	买盘
13:38:34	12.52	--	93	116436	卖盘
13:38:31	12.52	-0.01	50	62600	卖盘
13:38:26	12.53	--	14	17542	买盘
13:38:11	12.53	-0.01	27	33831	卖盘
13:38:05	12.54	--	30	37620	买盘
13:37:56	12.54	--	63	79002	买盘
13:37:26	12.54	-0.02	177	221957	卖盘
13:37:20	12.56	--	3	3768	买盘
13:37:16	12.56	0.01	64	80384	买盘
13:37:11	12.55	--	50	62750	卖盘
13:37:05	12.55	-0.01	10	12550	卖盘
13:37:01	12.56	0.01	17	21352	买盘
13:36:56	12.55	--	15	18825	卖盘
13:36:50	12.55	--	16	20080	卖盘
13:36:41	12.55	--	7	8785	卖盘
13:36:31	12.55	--	68	85340	卖盘
13:36:20	12.55	--	20	25100	卖盘
13:36:05	12.55	--	52	65260	卖盘
13:36:01	12.55	--	37	46435	卖盘
13:35:46	12.55	--	135	169425	卖盘
13:35:41	12.55	--	11	13805	卖盘
13:35:35	12.55	--	51	64005	卖盘
13:35:31	12.55	--	2	2510	卖盘
13:35:25	12.55	--	6	7530	卖盘
13:35:20	12.55	--	5	6275	卖盘
13:35:00	12.55	--	10	12550	卖盘
13:34:56	12.55	--	25	31375	卖盘
13:34:50	12.55	--	5	6275	卖盘
13:34:35	12.55	-0.01	44	55220	卖盘
13:34:16	12.56	--	114	143184	卖盘
13:33:55	12.56	--	10	12560	卖盘
13:33:35	12.56	--	3	3768	卖盘
13:33:20	12.56	--	5	6280	卖盘
13:33:10	12.56	--	56	70336	卖盘
13:32:55	12.56	--	50	62800	卖盘
13:32:44	12.56	--	20	25120	卖盘
13:32:35	12.56	--	30	37680	卖盘
13:32:25	12.56	--	100	125600	卖盘
13:32:19	12.56	-0.01	5	6280	卖盘
13:31:59	12.57	0.01	100	125700	买盘
13:31:50	12.56	-0.01	22	27632	卖盘
13:31:35	12.57	--	3	3771	买盘
13:31:25	12.57	0.01	37	46509	买盘
13:31:10	12.56	-0.01	16	20096	卖盘
13:30:35	12.57	--	0	0	中性盘
13:30:29	12.57	--	30	37710	卖盘
13:30:19	12.57	--	2	2514	卖盘
13:30:14	12.57	--	11	13827	卖盘
13:30:10	12.57	--	5	6285	卖盘
13:30:05	12.57	--	10	12570	卖盘
13:29:55	12.57	--	18	22626	卖盘
13:29:50	12.57	-0.01	63	79191	卖盘
13:29:43	12.58	0.01	42	52836	买盘
13:29:34	12.57	--	25	31425	卖盘
13:29:25	12.57	--	50	62850	卖盘
13:29:10	12.57	--	2	2514	卖盘
13:29:05	12.57	--	28	35196	卖盘
13:28:55	12.57	--	28	35196	卖盘
13:28:50	12.57	--	3	3771	卖盘
13:28:44	12.57	--	381	478917	买盘
13:28:35	12.57	--	5	6285	买盘
13:28:24	12.57	0.01	60	75420	买盘
13:28:20	12.56	-0.01	167	209752	卖盘
13:28:14	12.57	0.01	53	66621	买盘
13:28:09	12.56	--	10	12560	卖盘
13:28:04	12.56	-0.01	28	35168	卖盘
13:27:59	12.57	--	5	6285	买盘
13:27:54	12.57	--	20	25140	买盘
13:27:49	12.57	0.01	5	6285	买盘
13:27:39	12.56	-0.01	10	12560	卖盘
13:27:34	12.57	0.01	16	20112	买盘
13:27:29	12.56	--	90	113040	卖盘
13:27:13	12.56	--	72	90432	卖盘
13:27:09	12.56	-0.01	15	18840	卖盘
13:27:04	12.57	--	37	46509	买盘
13:26:59	12.57	0.01	71	89247	买盘
13:26:54	12.56	--	30	37680	卖盘
13:26:44	12.56	--	105	131880	卖盘
13:26:29	12.56	--	31	38936	卖盘
13:26:24	12.56	--	28	35168	卖盘
13:26:07	12.56	--	4	5024	卖盘
13:26:04	12.56	-0.01	45	56520	卖盘
13:25:59	12.57	--	20	25140	买盘
13:25:53	12.57	--	5	6285	买盘
13:25:44	12.57	0.01	110	138270	买盘
13:25:34	12.56	--	2	2512	卖盘
13:25:19	12.56	--	30	37680	买盘
13:25:08	12.56	--	3	3768	买盘
13:24:33	12.56	0.01	32	40192	买盘
13:24:28	12.55	-0.01	4	5020	卖盘
13:24:13	12.56	--	2	2512	买盘
13:24:04	12.56	--	0	0	中性盘
13:23:53	12.56	-0.01	15	18840	卖盘
13:23:44	12.57	0.01	3	3771	买盘
13:23:34	12.56	-0.01	5	6280	卖盘
13:23:29	12.57	0.01	20	25140	买盘
13:23:18	12.56	-0.01	50	62800	卖盘
13:23:08	12.57	0.01	23	28911	买盘
13:22:59	12.56	--	0	0	中性盘
13:22:53	12.56	-0.01	10	12560	买盘
13:22:49	12.57	--	0	0	买盘
13:22:44	12.57	--	29	36453	买盘
13:22:38	12.57	0.01	51	64107	买盘
13:22:29	12.56	--	33	41448	卖盘
13:22:23	12.56	--	25	31400	卖盘
13:22:19	12.56	--	15	18840	卖盘
13:22:13	12.56	--	2	2512	卖盘
13:21:58	12.56	--	100	125600	卖盘
13:21:48	12.56	-0.01	8	10048	卖盘
13:21:29	12.57	--	8	10056	买盘
13:21:22	12.57	--	0	0	中性盘
13:21:18	12.57	-0.01	25	31425	卖盘
13:21:13	12.58	0.01	58	72964	买盘
13:21:08	12.57	--	20	25140	卖盘
13:20:58	12.57	--	144	181008	卖盘
13:20:52	12.57	--	33	41481	卖盘
13:20:48	12.57	--	5	6285	卖盘
13:20:43	12.57	--	2	2514	卖盘
13:20:28	12.57	--	52	65364	卖盘
13:20:22	12.57	--	30	37710	卖盘
13:20:18	12.57	--	51	64107	卖盘
13:20:07	12.57	--	60	75420	卖盘
13:20:03	12.57	-0.01	4	5028	卖盘
13:19:43	12.58	--	7	8806	买盘
13:19:38	12.58	-0.01	140	176120	卖盘
13:19:28	12.59	--	6	7554	买盘
13:19:13	12.59	--	160	201440	买盘
13:19:08	12.59	--	5	6295	买盘
13:18:58	12.59	--	41	51619	买盘
13:18:52	12.59	--	5	6295	买盘
13:18:47	12.59	--	34	42806	买盘
13:18:43	12.59	--	11	13849	买盘
13:18:38	12.59	--	22	27698	卖盘
13:18:32	12.59	--	2	2518	卖盘
13:18:28	12.59	--	12	15108	卖盘
13:18:22	12.59	--	37	46583	卖盘
13:18:17	12.59	--	36	45324	卖盘
13:18:13	12.59	-0.01	46	57914	卖盘
13:18:08	12.6	0.01	53	66780	买盘
13:17:58	12.59	--	13	16367	卖盘
13:17:53	12.59	--	8	10072	卖盘
13:17:46	12.59	-0.01	2	2518	卖盘
13:17:43	12.6	0.01	27	34020	买盘
13:17:38	12.59	--	21	26439	卖盘
13:17:32	12.59	-0.01	2	2518	卖盘
13:17:28	12.6	0.02	27	34020	买盘
13:17:22	12.58	-0.02	30	37740	卖盘
13:17:17	12.6	0.01	242	304920	买盘
13:17:13	12.59	--	20	25180	买盘
13:17:07	12.59	--	12	15108	买盘
13:17:01	12.59	--	50	62950	买盘
13:16:53	12.59	--	15	18922	卖盘
13:16:47	12.59	--	23	28957	卖盘
13:16:43	12.59	--	12	15108	卖盘
13:16:38	12.59	--	57	71763	卖盘
13:16:28	12.59	0.01	369	465792	买盘
13:16:23	12.58	--	44	55352	卖盘
13:16:17	12.58	--	1	1258	卖盘
13:16:13	12.58	--	29	36482	卖盘
13:16:07	12.58	0.01	74	93092	买盘
13:16:02	12.57	-0.01	1	1257	卖盘
13:15:58	12.58	--	70	88060	买盘
13:15:53	12.58	0.01	10	12580	买盘
13:15:32	12.57	-0.01	4	5028	卖盘
13:15:28	12.58	--	32	40256	买盘
13:15:22	12.58	--	9	11322	买盘
13:15:17	12.58	--	12	15096	买盘
13:15:12	12.58	--	53	66674	卖盘
13:15:08	12.58	--	2	2516	卖盘
13:15:02	12.58	--	261	328338	买盘
13:14:42	12.58	--	126	158508	卖盘
13:14:37	12.58	--	3	3774	卖盘
13:14:32	12.58	--	114	143412	卖盘
13:14:27	12.58	-0.01	10	12580	卖盘
13:14:22	12.59	0.01	52	65468	买盘
13:14:17	12.58	-0.01	40	50320	卖盘
13:14:12	12.59	--	20	25180	买盘
13:14:07	12.59	--	133	167447	买盘
13:14:01	12.59	--	3	3777	买盘
13:13:57	12.59	--	2	2518	买盘
13:13:52	12.59	-0.01	520	654680	卖盘
13:13:46	12.6	0.01	130	163800	买盘
13:13:42	12.59	--	30	37770	卖盘
13:13:37	12.59	-0.01	85	107015	卖盘
13:13:32	12.6	0.01	23	28980	买盘
13:13:27	12.59	--	37	46583	卖盘
13:13:22	12.59	--	42	52878	卖盘
13:13:17	12.59	--	243	305937	买盘
13:13:12	12.59	0.01	8	10072	买盘
13:13:07	12.58	--	41	51578	卖盘
13:13:02	12.58	--	27	33966	卖盘
13:12:56	12.58	--	72	90576	卖盘
13:12:52	12.58	-0.01	88	110704	卖盘
13:12:47	12.59	--	98	123382	买盘
13:12:41	12.59	--	85	107015	买盘
13:12:37	12.59	--	13	16367	买盘
13:12:32	12.59	0.01	83	104497	买盘
13:12:26	12.58	--	54	67932	卖盘
13:12:22	12.58	--	1044	1313352	卖盘
13:12:17	12.58	--	70	88060	卖盘
13:12:11	12.58	-0.02	154	193732	卖盘
13:12:07	12.6	--	256	322560	买盘
13:12:02	12.6	--	133	167580	买盘
13:11:55	12.6	-0.01	151	190524	卖盘
13:11:52	12.61	--	130	164926	买盘
13:11:47	12.61	0.02	59	74399	买盘
13:11:40	12.59	0.01	2	2518	中性盘
13:11:37	12.58	-0.02	209	262922	卖盘
13:11:32	12.6	--	45	56700	买盘
13:11:26	12.6	0.02	44	55440	买盘
13:11:21	12.58	--	90	113220	买盘
13:11:16	12.58	-0.02	55	69190	中性盘
13:11:11	12.6	0.01	1007	1268820	买盘
13:11:07	12.59	0.03	136	171224	买盘
13:11:02	12.56	-0.01	342	429552	卖盘
13:10:56	12.57	0.01	16	20112	买盘
13:10:52	12.56	--	26	32656	卖盘
13:10:46	12.56	-0.01	157	197192	卖盘
13:10:37	12.57	0.01	12	15084	买盘
13:10:32	12.56	-0.01	5	6280	卖盘
13:10:25	12.57	--	52	65364	买盘
13:10:22	12.57	0.01	85	106845	买盘
13:10:16	12.56	--	12	15072	买盘
13:10:07	12.56	-0.01	13	16328	卖盘
13:10:01	12.57	0.02	42	52794	买盘
13:09:55	12.55	--	2	2510	买盘
13:09:52	12.55	--	515	646325	买盘
13:09:47	12.55	--	127	159385	买盘
13:09:41	12.55	0.02	3	3765	买盘
13:09:37	12.53	--	44	55132	卖盘
13:09:31	12.53	-0.02	68	85204	卖盘
13:09:26	12.55	0.01	110	138050	买盘
13:09:22	12.54	0.01	1	1254	买盘
13:09:17	12.53	--	27	33831	卖盘
13:09:07	12.53	0.03	1173	1470395	买盘
13:09:02	12.5	--	0	0	买盘
13:08:52	12.5	--	0	0	买盘
13:08:47	12.5	--	0	0	买盘
13:08:37	12.5	0.02	1003	1253750	买盘
13:07:36	12.48	0.01	3	3744	买盘
13:07:31	12.47	--	7	8729	卖盘
13:07:01	12.47	-0.01	22	27434	卖盘
13:06:21	12.48	--	8	9984	买盘
13:06:01	12.48	--	5	6240	买盘
13:05:10	12.48	--	12	14976	买盘
13:04:41	12.48	-0.01	16	19968	买盘
13:04:31	12.49	--	0	0	买盘
13:03:41	12.49	0.01	10	12490	买盘
13:03:11	12.48	-0.01	7	8736	买盘
13:02:56	12.49	--	0	0	买盘
13:02:45	12.49	--	2	2498	买盘
13:02:40	12.49	--	7	8743	买盘
13:02:20	12.49	--	4	4996	买盘
13:02:11	12.49	--	52	64948	买盘
13:01:56	12.49	--	9	11241	买盘
13:01:45	12.49	--	30	37470	买盘
13:01:40	12.49	0.02	20	24980	买盘
13:01:35	12.47	-0.02	21	26187	卖盘
13:01:30	12.49	--	3	3747	买盘
13:01:19	12.49	--	4	4996	买盘
13:00:55	12.49	0.01	17	21233	买盘
13:00:49	12.48	--	28	34944	卖盘
13:00:35	12.48	--	25	31200	买盘
13:00:15	12.48	0.01	17	21216	买盘
13:00:10	12.47	--	30	37410	卖盘
13:00:05	12.47	--	645	804315	买盘
11:30:00	12.47	--	0	0	买盘
11:29:59	12.47	--	0	0	买盘
11:29:40	12.47	0.01	3	3741	买盘
11:29:25	12.46	--	7	8722	买盘
11:29:21	12.46	--	10	12460	买盘
11:29:16	12.46	--	2	2492	买盘
11:29:01	12.46	--	31	38626	卖盘
11:28:51	12.46	-0.01	72	89712	卖盘
11:28:40	12.47	--	2	2494	买盘
11:28:36	12.47	--	1	1247	买盘
11:28:31	12.47	--	10	12470	买盘
11:28:16	12.47	--	6	7482	买盘
11:27:46	12.47	0.01	1	1247	买盘
11:27:31	12.46	-0.01	10	12460	卖盘
11:27:25	12.47	0.01	18	22446	买盘
11:27:10	12.46	-0.01	3	3738	卖盘
11:27:06	12.47	--	13	16211	买盘
11:26:46	12.47	--	8	9976	买盘
11:26:36	12.47	--	3	3741	买盘
11:26:31	12.47	0.01	6	7482	买盘
11:26:25	12.46	-0.01	50	62300	卖盘
11:26:21	12.47	--	1	1247	买盘
11:26:16	12.47	--	5	6235	买盘
11:26:10	12.47	0.01	85	105995	买盘
11:26:06	12.46	-0.01	1	1246	卖盘
11:26:01	12.47	--	41	51127	买盘
11:25:40	12.47	0.01	4	4988	买盘
11:25:34	12.46	-0.01	1	1246	卖盘
11:25:31	12.47	--	40	49880	买盘
11:25:19	12.47	0.01	40	49880	买盘
11:25:04	12.46	-0.01	21	26166	卖盘
11:25:01	12.47	0.01	4	4988	买盘
11:24:49	12.46	--	2	2492	卖盘
11:24:40	12.46	-0.01	17	21182	卖盘
11:24:31	12.47	--	10	12470	买盘
11:24:04	12.47	--	31	38657	买盘
11:23:40	12.47	--	33	41151	买盘
11:23:34	12.47	--	1	1247	买盘
11:23:25	12.47	--	34	42398	买盘
11:23:15	12.47	0.01	47	58609	买盘
11:23:04	12.46	--	28	34888	卖盘
11:23:00	12.46	--	5	6230	卖盘
11:22:55	12.46	--	161	200606	买盘
11:22:45	12.46	--	29	36134	买盘
11:22:34	12.46	0.01	27	33642	买盘
11:22:30	12.45	--	5	6225	卖盘
11:22:25	12.45	-0.01	40	49800	卖盘
11:22:10	12.46	--	18	22428	买盘
11:22:04	12.46	0.01	2	2492	买盘
11:21:55	12.45	-0.01	5	6225	卖盘
11:21:30	12.46	0.01	44	54824	买盘
11:21:25	12.45	--	10	12450	卖盘
11:21:19	12.45	--	3	3735	卖盘
11:21:04	12.45	--	11	13695	卖盘
11:20:55	12.45	--	5	6225	卖盘
11:20:45	12.45	-0.01	17	21165	卖盘
11:20:34	12.46	0.01	29	36134	买盘
11:20:19	12.45	--	70	87150	卖盘
11:20:10	12.45	--	5	6225	卖盘
11:20:04	12.45	--	21	26145	卖盘
11:19:49	12.45	-0.01	122	151890	卖盘
11:19:45	12.46	--	14	17444	买盘
11:19:30	12.46	0.01	10	12460	买盘
11:19:10	12.45	--	24	29880	卖盘
11:19:04	12.45	-0.02	1	1245	卖盘
11:18:49	12.47	--	3	3741	买盘
11:18:39	12.47	--	511	637217	买盘
11:18:34	12.47	0.01	10	12470	买盘
11:18:04	12.46	-0.01	1	1246	卖盘
11:17:49	12.47	0.01	3	3741	买盘
11:17:34	12.46	--	5	6230	卖盘
11:17:04	12.46	-0.01	1	1246	卖盘
11:16:54	12.47	--	94	117218	买盘
11:16:49	12.47	--	1	1247	买盘
11:16:43	12.47	--	5	6235	买盘
11:16:34	12.47	--	192	239424	卖盘
11:16:04	12.47	-0.01	1	1247	卖盘
11:15:49	12.48	0.01	2	2496	买盘
11:15:39	12.47	--	5	6235	卖盘
11:15:34	12.47	--	10	12470	卖盘
11:15:24	12.47	--	32	39904	买盘
11:15:09	12.47	0.01	10	12470	买盘
11:15:04	12.46	-0.01	1	1246	卖盘
11:14:54	12.47	0.01	28	34916	买盘
11:14:49	12.46	--	1	1246	卖盘
11:14:28	12.46	--	10	12460	卖盘
11:14:19	12.46	--	420	523320	卖盘
11:14:09	12.46	--	13	16198	卖盘
11:14:04	12.46	-0.01	1	1246	卖盘
11:13:54	12.47	0.01	35	43645	买盘
11:13:49	12.46	--	117	145782	卖盘
11:13:28	12.46	--	10	12460	买盘
11:13:19	12.46	--	400	498400	买盘
11:13:13	12.46	--	90	112140	卖盘
11:13:04	12.46	-0.01	12	14952	卖盘
11:12:49	12.47	0.01	2	2494	买盘
11:12:43	12.46	-0.01	22	27412	卖盘
11:12:37	12.47	0.01	10	12470	买盘
11:12:34	12.46	-0.01	1	1246	卖盘
11:12:28	12.47	--	5	6235	买盘
11:12:22	12.47	--	3	3741	买盘
11:12:04	12.47	--	10	12470	买盘
11:11:52	12.47	0.01	14	17458	买盘
11:11:37	12.46	0.01	103	128338	买盘
11:11:33	12.45	-0.01	13	16184	卖盘
11:11:28	12.46	0.01	4	4984	买盘
11:11:18	12.45	--	1	1245	卖盘
11:11:03	12.45	-0.01	2	2490	卖盘
11:10:52	12.46	0.01	17	21182	买盘
11:10:43	12.45	--	2	2490	卖盘
11:10:33	12.45	--	72	89640	买盘
11:10:28	12.45	0.01	150	186750	买盘
11:10:22	12.44	--	150	186600	卖盘
11:10:18	12.44	--	100	124400	卖盘
11:10:13	12.44	--	5	6220	卖盘
11:10:03	12.44	--	20	24880	卖盘
11:09:58	12.44	-0.01	50	62200	卖盘
11:09:48	12.45	0.01	9	11205	买盘
11:09:33	12.44	--	11	13684	卖盘
11:09:03	12.44	-0.01	5	6220	卖盘
11:08:58	12.45	0.01	10	12450	买盘
11:08:48	12.44	--	20	24880	卖盘
11:08:37	12.44	-0.01	57	70908	卖盘
11:08:28	12.45	--	8	9960	买盘
11:08:22	12.45	--	52	64739	卖盘
11:08:13	12.45	-0.01	2	2490	卖盘
11:07:58	12.46	0.01	1	1246	买盘
11:07:52	12.45	--	30	37350	卖盘
11:07:43	12.45	--	3	3735	卖盘
11:07:37	12.45	--	44	54780	卖盘
11:07:13	12.45	--	42	52290	卖盘
11:07:03	12.45	--	20	24900	卖盘
11:06:58	12.45	-0.01	10	12450	卖盘
11:06:43	12.46	0.01	54	67284	买盘
11:06:37	12.45	--	1	1245	卖盘
11:06:16	12.45	-0.01	3	3735	卖盘
11:06:13	12.46	--	10	12460	买盘
11:05:58	12.46	0.01	35	43610	买盘
11:05:37	12.45	-0.01	3	3735	卖盘
11:05:31	12.46	0.01	50	62300	卖盘
11:05:12	12.45	--	0	0	卖盘
11:04:57	12.45	-0.02	23	28635	卖盘
11:04:52	12.47	0.02	63	78561	买盘
11:04:42	12.45	--	294	366030	卖盘
11:04:37	12.45	-0.01	11	13695	卖盘
11:04:31	12.46	0.01	9	11214	买盘
11:04:22	12.45	--	1	1245	卖盘
11:04:16	12.45	--	23	28635	卖盘
11:04:07	12.45	--	10	12450	卖盘
11:03:52	12.45	--	1	1245	卖盘
11:03:46	12.45	--	0	0	卖盘
11:03:42	12.45	--	30	37350	卖盘
11:03:37	12.45	-0.01	1	1245	卖盘
11:03:27	12.46	0.01	1	1246	买盘
11:03:12	12.45	-0.01	22	27390	卖盘
11:03:07	12.46	0.01	106	132076	买盘
11:02:57	12.45	-0.01	70	87150	卖盘
11:02:46	12.46	0.01	30	37380	买盘
11:02:42	12.45	--	5	6225	卖盘
11:02:37	12.45	-0.01	11	13695	卖盘
11:02:31	12.46	--	2	2492	买盘
11:02:22	12.46	0.01	2	2492	买盘
11:02:16	12.45	-0.01	103	128234	卖盘
11:02:12	12.46	--	12	14952	买盘
11:01:52	12.46	--	10	12460	买盘
11:01:42	12.46	--	61	76006	卖盘
11:01:37	12.46	-0.01	51	63546	卖盘
11:01:27	12.47	--	40	49880	买盘
11:00:46	12.47	0.01	15	18705	买盘
11:00:37	12.46	-0.02	1	1246	卖盘
11:00:27	12.48	0.02	1	1248	买盘
11:00:22	12.46	-0.02	130	161980	卖盘
11:00:10	12.48	0.02	5	6240	买盘
11:00:07	12.46	-0.02	1	1246	卖盘
10:59:52	12.48	0.02	49	61152	买盘
10:59:46	12.46	--	1	1246	卖盘
10:59:37	12.46	-0.01	2	2492	卖盘
10:59:31	12.47	--	53	66091	卖盘
10:59:25	12.47	--	21	26187	买盘
10:59:22	12.47	--	2	2494	买盘
10:59:16	12.47	-0.01	17	21199	卖盘
10:59:06	12.48	0.01	6	7488	买盘
10:59:01	12.47	--	2	2494	卖盘
10:58:55	12.47	--	2	2494	卖盘
10:58:25	12.47	-0.01	8	9976	卖盘
10:58:21	12.48	0.01	8	9984	买盘
10:58:16	12.47	-0.01	80	99760	卖盘
10:58:06	12.48	--	46	57408	买盘
10:57:40	12.48	0.01	1	1248	买盘
10:57:06	12.47	--	8	9976	卖盘
10:57:01	12.47	--	1	1247	卖盘
10:56:46	12.47	--	230	286810	买盘
10:56:40	12.47	0.01	5	6235	买盘
10:56:25	12.46	-0.01	12	14952	卖盘
10:56:16	12.47	0.01	49	61103	买盘
10:56:06	12.46	-0.01	1	1246	卖盘
10:55:55	12.47	0.01	11	13717	买盘
10:55:46	12.46	--	1	1246	卖盘
10:55:40	12.46	--	4	4984	卖盘
10:55:31	12.46	0.01	459	571914	买盘
10:55:06	12.45	-0.01	1	1245	卖盘
10:55:01	12.46	--	9	11214	买盘
10:54:46	12.46	0.01	25	31150	买盘
10:54:40	12.45	--	21	26145	卖盘
10:54:36	12.45	-0.01	20	24900	卖盘
10:54:31	12.46	--	30	37380	买盘
10:54:16	12.46	0.01	200	249200	买盘
10:54:04	12.45	-0.01	1	1245	卖盘
10:53:55	12.46	0.02	3	3738	买盘
10:53:49	12.44	--	42	52248	卖盘
10:53:46	12.44	-0.01	49	60956	卖盘
10:53:40	12.45	0.01	19	24314	买盘
10:53:04	12.44	-0.01	1	1244	卖盘
10:52:55	12.45	--	9	11205	买盘
10:52:45	12.45	0.01	10	12450	买盘
10:52:34	12.44	-0.01	4	4976	卖盘
10:52:30	12.45	--	200	249000	买盘
10:52:15	12.45	--	2	2490	买盘
10:52:10	12.45	0.01	3	3735	买盘
10:52:04	12.44	-0.01	1	1244	卖盘
10:51:55	12.45	--	64	79680	买盘
10:51:40	12.45	0.01	159	197955	买盘
10:51:30	12.44	-0.01	8	9952	买盘
10:51:15	12.45	--	0	0	买盘
10:51:10	12.45	0.02	18	22410	买盘
10:51:04	12.43	-0.02	79	98197	卖盘
10:51:00	12.45	0.01	8	9960	买盘
10:50:55	12.44	0.01	65	80860	卖盘
10:50:45	12.43	--	15	18645	卖盘
10:50:30	12.43	--	41	50963	卖盘
10:50:04	12.43	-0.01	1	1243	卖盘
10:49:55	12.44	--	70	87080	买盘
10:49:49	12.44	0.01	2	2488	买盘
10:49:40	12.43	-0.01	1	1243	卖盘
10:49:25	12.44	--	96	119424	卖盘
10:49:10	12.44	--	10	12440	卖盘
10:49:04	12.44	-0.01	1	1244	卖盘
10:48:49	12.45	0.01	207	257714	买盘
10:48:40	12.44	-0.01	9	11196	卖盘
10:48:25	12.45	0.01	7	8715	买盘
10:48:19	12.44	--	9	11196	卖盘
10:48:10	12.44	--	2	2488	卖盘
10:48:04	12.44	--	18	22392	卖盘
10:47:49	12.44	--	218	271192	买盘
10:47:39	12.44	0.01	12	14928	买盘
10:47:34	12.43	--	1	1243	卖盘
10:47:19	12.43	-0.02	190	236170	卖盘
10:47:04	12.45	0.01	7	8715	买盘
10:46:43	12.44	-0.01	55	68420	卖盘
10:46:39	12.45	0.01	9	11205	买盘
10:46:34	12.44	-0.01	1	1244	卖盘
10:46:28	12.45	--	3	3735	买盘
10:46:13	12.45	--	6	7470	买盘
10:46:09	12.45	0.01	10	12450	买盘
10:46:04	12.44	-0.01	23	28612	卖盘
10:45:58	12.45	0.01	20	24900	买盘
10:45:39	12.44	0.01	50	62200	买盘
10:45:34	12.43	-0.01	14	17402	卖盘
10:45:24	12.44	0.01	10	12440	买盘
10:45:19	12.43	--	96	119328	卖盘
10:45:04	12.43	--	59	73337	卖盘
10:44:34	12.43	--	2	2486	卖盘
10:44:28	12.43	--	3	3729	卖盘
10:44:19	12.43	--	55	68365	卖盘
10:44:04	12.43	--	26	32318	买盘
10:43:54	12.43	--	11	13673	买盘
10:43:49	12.43	0.01	16	19888	买盘
10:43:39	12.42	--	26	32292	卖盘
10:43:34	12.42	-0.01	1	1242	卖盘
10:43:28	12.43	--	8	9944	买盘
10:43:19	12.43	--	31	38533	卖盘
10:43:13	12.43	--	9	11187	卖盘
10:43:09	12.43	-0.01	3	3729	卖盘
10:42:43	12.44	--	29	36076	卖盘
10:42:34	12.44	--	5	6220	卖盘
10:42:28	12.44	--	8	9952	卖盘
10:42:19	12.44	--	3	3732	卖盘
10:42:13	12.44	--	10	12440	卖盘
10:42:04	12.44	-0.01	20	24880	卖盘
10:41:54	12.45	--	1	1245	买盘
10:41:43	12.45	--	11	14280	卖盘
10:41:39	12.45	--	80	99600	卖盘
10:41:34	12.45	--	8	9960	卖盘
10:41:28	12.45	--	38	47310	卖盘
10:41:19	12.45	--	59	73455	卖盘
10:41:13	12.45	--	9	11205	卖盘
10:41:04	12.45	-0.01	1	1245	卖盘
10:40:58	12.46	0.01	30	37380	买盘
10:40:49	12.45	--	22	27390	卖盘
10:40:43	12.45	--	134	166830	卖盘
10:40:33	12.45	-0.01	21	26145	卖盘
10:40:18	12.46	0.01	4	4984	买盘
10:40:13	12.45	--	3	3735	卖盘
10:39:58	12.45	--	32	39840	卖盘
10:39:48	12.45	-0.01	5	6225	卖盘
10:39:43	12.46	0.01	21	26166	买盘
10:39:33	12.45	--	263	327435	卖盘
10:39:28	12.45	0.01	490	610709	买盘
10:39:22	12.44	--	3	3732	卖盘
10:39:18	12.44	-0.01	13	16172	卖盘
10:39:07	12.45	0.01	10	12450	买盘
10:39:03	12.44	--	17	21148	卖盘
10:38:58	12.44	-0.01	20	24880	卖盘
10:38:52	12.45	--	17	21165	买盘
10:38:48	12.45	0.01	63	78435	买盘
10:38:33	12.44	-0.01	69	85836	买盘
10:38:18	12.45	--	0	0	买盘
10:38:07	12.45	--	0	0	买盘
10:37:58	12.45	0.04	462	575190	买盘
10:37:43	12.41	--	5	6205	卖盘
10:37:37	12.41	--	7	9468	卖盘
10:37:33	12.41	-0.02	14	17374	卖盘
10:37:28	12.43	0.01	19	23617	买盘
10:37:18	12.42	0.01	10	12420	卖盘
10:37:13	12.41	-0.01	70	86870	卖盘
10:37:07	12.42	--	0	0	中性盘
10:36:58	12.42	0.01	143	177606	买盘
10:36:52	12.41	--	7	8687	卖盘
10:36:48	12.41	-0.01	20	24820	卖盘
10:36:43	12.42	0.01	5	6210	买盘
10:36:37	12.41	--	39	48399	卖盘
10:36:28	12.41	--	37	45917	卖盘
10:36:22	12.41	--	35	43435	卖盘
10:36:13	12.41	--	5	6205	卖盘
10:36:07	12.41	-0.01	16	19856	卖盘
10:36:03	12.42	0.01	3	3726	买盘
10:35:58	12.41	--	220	273020	卖盘
10:35:52	12.41	--	30	37230	卖盘
10:35:48	12.41	--	9	11169	卖盘
10:35:37	12.41	--	1	1241	卖盘
10:35:33	12.41	--	21	26061	卖盘
10:35:28	12.41	--	30	37230	卖盘
10:35:22	12.41	-0.01	1	1241	卖盘
10:35:16	12.42	0.01	40	49680	买盘
10:35:13	12.41	-0.01	80	99280	卖盘
10:35:07	12.42	0.01	2	2484	买盘
10:35:01	12.41	--	0	0	卖盘
10:34:58	12.41	-0.01	23	28543	卖盘
10:34:52	12.42	--	51	63342	买盘
10:34:37	12.42	--	11	13662	卖盘
10:34:31	12.42	--	9	11178	买盘
10:34:22	12.42	--	5	6210	买盘
10:34:16	12.42	0.01	12	14904	买盘
10:34:13	12.41	--	10	12410	卖盘
10:34:07	12.41	--	38	47158	买盘
10:33:57	12.41	0.01	14	17374	买盘
10:33:52	12.4	0.01	45	55800	买盘
10:33:46	12.39	--	65	80535	卖盘
10:33:42	12.39	-0.01	52	64428	卖盘
10:33:37	12.4	--	4	4960	买盘
10:33:31	12.4	--	7	8680	买盘
10:33:27	12.4	0.01	10	12400	买盘
10:33:22	12.39	--	26	32214	买盘
10:33:16	12.39	--	5	6195	买盘
10:33:12	12.39	--	47	58233	买盘
10:33:07	12.39	--	64	79296	买盘
10:33:01	12.39	-0.02	608	753312	卖盘
10:32:57	12.41	0.01	38	47158	买盘
10:32:52	12.4	-0.01	63	78120	卖盘
10:32:46	12.41	--	10	12410	买盘
10:32:42	12.41	--	10	12410	买盘
10:32:37	12.41	--	10	12410	买盘
10:32:31	12.41	--	20	24820	买盘
10:32:27	12.41	--	108	134028	卖盘
10:32:22	12.41	--	20	24820	卖盘
10:32:07	12.41	-0.01	5	6205	卖盘
10:31:57	12.42	--	16	19872	卖盘
10:31:52	12.42	--	16	19872	买盘
10:31:42	12.42	-0.02	5	6210	卖盘
10:31:37	12.44	--	20	24880	买盘
10:31:27	12.44	0.04	96	119424	买盘
10:31:22	12.4	-0.04	1875	2325000	卖盘
10:31:16	12.44	--	19	23636	买盘
10:31:12	12.44	0.01	21	26124	买盘
10:31:07	12.43	-0.01	17	21131	卖盘
10:30:57	12.44	--	108	134352	买盘
10:30:52	12.44	0.01	35	43540	买盘
10:30:46	12.43	--	0	0	卖盘
10:30:37	12.43	-0.02	1250	1553750	卖盘
10:30:31	12.45	0.01	100	124500	买盘
10:30:22	12.44	-0.01	30	37320	卖盘
10:30:16	12.45	--	14	17430	买盘
10:30:12	12.45	0.01	8	9960	买盘
10:30:07	12.44	--	41	51004	卖盘
10:30:01	12.44	--	89	110716	卖盘
10:29:52	12.44	--	10	12440	卖盘
10:29:46	12.44	0.01	550	684200	买盘
10:29:42	12.43	-0.01	45	55935	卖盘
10:29:37	12.44	--	17	21148	买盘
10:29:16	12.44	0.01	48	59712	买盘
10:29:12	12.43	-0.01	30	37290	卖盘
10:29:07	12.44	0.01	11	13684	买盘
10:28:56	12.43	-0.01	30	37290	卖盘
10:28:52	12.44	--	55	68420	买盘
10:28:46	12.44	--	27	33588	买盘
10:28:40	12.44	--	29	36076	买盘
10:28:36	12.44	--	99	123156	卖盘
10:28:31	12.44	--	41	51004	卖盘
10:28:21	12.44	--	11	13684	买盘
10:28:10	12.44	-0.01	1	1244	卖盘
10:28:06	12.45	0.01	87	108315	买盘
10:28:01	12.44	--	15	18660	卖盘
10:27:51	12.44	--	333	414252	卖盘
10:27:40	12.44	--	51	63444	卖盘
10:27:31	12.44	--	8	9952	卖盘
10:27:21	12.44	-0.01	20	24880	卖盘
10:27:16	12.45	0.01	1	1245	买盘
10:27:06	12.44	-0.01	3	3732	卖盘
10:26:51	12.45	0.01	97	120765	买盘
10:26:46	12.44	-0.01	2	2488	卖盘
10:26:39	12.45	--	5	6225	买盘
10:26:31	12.45	--	10	12450	买盘
10:26:25	12.45	-0.01	298	371595	卖盘
10:26:16	12.46	--	110	137060	买盘
10:26:06	12.46	--	6	7476	买盘
10:25:51	12.46	--	10	12460	买盘
10:25:36	12.46	--	63	78498	买盘
10:25:16	12.46	0.01	1	1246	买盘
10:25:06	12.45	-0.01	1	1245	卖盘
10:25:01	12.46	--	1	1246	买盘
10:24:40	12.46	--	13	16198	买盘
10:24:25	12.46	--	7	8722	买盘
10:24:16	12.46	--	124	154504	卖盘
10:24:06	12.46	-0.01	1	1246	卖盘
10:23:55	12.47	--	6	7482	买盘
10:23:45	12.47	--	2	2494	买盘
10:23:40	12.47	0.01	20	24940	买盘
10:23:31	12.46	--	15	18690	卖盘
10:23:16	12.46	--	9	11214	卖盘
10:23:10	12.46	0.01	5	6230	买盘
10:23:06	12.45	-0.01	6	7470	卖盘
10:23:01	12.46	--	10	12460	买盘
10:22:51	12.46	--	6	7476	卖盘
10:22:40	12.46	--	3	3738	卖盘
10:22:34	12.46	-0.01	1	1246	卖盘
10:22:25	12.47	0.01	2	2494	买盘
10:22:19	12.46	--	30	37380	卖盘
10:22:15	12.46	0.01	10	12460	中性盘
10:22:04	12.45	--	7	8715	卖盘
10:21:54	12.45	--	4	4980	卖盘
10:21:40	12.45	--	3	3735	卖盘
10:21:34	12.45	--	1	1245	卖盘
10:21:30	12.45	--	106	131970	卖盘
10:21:25	12.45	-0.01	10	12450	卖盘
10:21:15	12.46	--	24	29904	卖盘
10:21:04	12.46	--	6	7476	买盘
10:21:00	12.46	-0.01	10	12460	买盘
10:20:45	12.47	--	0	0	买盘
10:20:40	12.47	0.01	20	24940	买盘
10:20:34	12.46	--	1	1246	卖盘
10:20:30	12.46	--	28	35049	买盘
10:20:25	12.46	--	35	43610	买盘
10:20:15	12.46	--	85	105910	买盘
10:20:10	12.46	--	4	4984	买盘
10:20:04	12.46	--	12	14952	买盘
10:20:00	12.46	0.01	4	4984	买盘
10:19:55	12.45	--	12	14940	卖盘
10:19:40	12.45	-0.01	5	6723	卖盘
10:19:34	12.46	--	66	82236	买盘
10:19:25	12.46	--	58	72268	买盘
10:19:10	12.46	--	25	31150	买盘
10:19:04	12.46	--	30	38464	卖盘
10:19:00	12.46	--	2	2492	卖盘
10:18:55	12.46	--	101	125846	卖盘
10:18:45	12.46	0.01	70	87381	买盘
10:18:40	12.45	--	33	41085	卖盘
10:18:34	12.45	--	1	1245	卖盘
10:18:30	12.45	-0.01	105	130724	卖盘
10:18:25	12.46	--	10	12460	买盘
10:18:19	12.46	0.01	200	249200	买盘
10:18:14	12.45	--	2	2490	卖盘
10:18:04	12.45	-0.01	1	1245	卖盘
10:18:00	12.46	0.01	50	62300	买盘
10:17:49	12.45	--	6	7470	卖盘
10:17:40	12.45	--	3	3735	卖盘
10:17:34	12.45	-0.01	181	225345	卖盘
10:17:25	12.46	0.01	3	3738	买盘
10:17:10	12.45	--	1	1245	卖盘
10:17:04	12.45	--	120	149400	卖盘
10:16:59	12.45	--	99	123255	卖盘
10:16:55	12.45	--	6	7470	卖盘
10:16:34	12.45	-0.01	6	7470	卖盘
10:16:24	12.46	--	38	47348	买盘
10:16:19	12.46	0.01	5	6230	买盘
10:16:13	12.45	-0.01	2	2490	卖盘
10:15:54	12.46	0.01	50	62300	买盘
10:15:49	12.45	--	29	36105	买盘
10:15:43	12.45	--	3	3735	卖盘
10:15:34	12.45	--	1	1245	卖盘
10:15:24	12.45	--	26	32369	买盘
10:15:19	12.45	--	23	28635	买盘
10:15:13	12.45	--	38	47310	买盘
10:15:09	12.45	--	108	134460	卖盘
10:15:04	12.45	--	14	17430	卖盘
10:14:58	12.45	--	100	124500	卖盘
10:14:54	12.45	--	1	1245	卖盘
10:14:43	12.45	--	20	24900	卖盘
10:14:34	12.45	--	13	16184	卖盘
10:14:19	12.45	-0.01	409	509205	卖盘
10:14:13	12.46	--	391	487186	卖盘
10:14:04	12.46	-0.01	10	12460	卖盘
10:13:54	12.47	0.01	43	53621	买盘
10:13:49	12.46	--	90	112140	卖盘
10:13:39	12.46	--	53	66038	卖盘
10:13:34	12.46	-0.01	1	1246	卖盘
10:13:24	12.47	--	4	4988	卖盘
10:13:19	12.47	--	5	6235	卖盘
10:13:09	12.47	--	16	19952	买盘
10:13:04	12.47	--	15	18705	买盘
10:12:58	12.47	0.01	39	48633	买盘
10:12:54	12.46	--	4	4984	卖盘
10:12:34	12.46	--	45	56070	卖盘
10:12:24	12.46	-0.01	250	311500	卖盘
10:12:19	12.47	--	19	23693	卖盘
10:12:04	12.47	-0.01	3	3741	卖盘
10:11:58	12.48	0.01	3	3744	买盘
10:11:39	12.47	--	4	4988	卖盘
10:11:34	12.47	-0.01	1	1247	卖盘
10:11:28	12.48	0.01	77	96096	买盘
10:11:19	12.47	--	18	22446	买盘
10:11:13	12.47	0.01	39	48633	买盘
10:11:03	12.46	--	100	124600	卖盘
10:10:58	12.46	-0.01	69	85974	卖盘
10:10:54	12.47	0.01	11	13717	买盘
10:10:43	12.46	-0.01	15	18690	卖盘
10:10:39	12.47	0.01	5	6235	买盘
10:10:33	12.46	--	1	1246	卖盘
10:10:28	12.46	-0.01	20	24920	卖盘
10:10:24	12.47	--	39	48633	买盘
10:10:18	12.47	--	4	4988	买盘
10:10:13	12.47	0.01	53	66091	买盘
10:10:09	12.46	--	50	62300	卖盘
10:10:03	12.46	-0.01	11	13706	卖盘
10:09:58	12.47	-0.01	20	24940	买盘
10:09:52	12.48	0.02	42	52416	买盘
10:09:48	12.46	-0.01	23	28658	卖盘
10:09:36	12.47	-0.01	125	155912	卖盘
10:09:34	12.48	--	5	6240	买盘
10:09:22	12.48	--	49	61152	买盘
10:09:18	12.48	0.01	30	37440	买盘
10:09:13	12.47	-0.01	50	62350	卖盘
10:09:07	12.48	0.01	20	24960	买盘
10:09:03	12.47	-0.01	1	1247	卖盘
10:08:58	12.48	0.01	10	12480	买盘
10:08:52	12.47	--	9	11223	卖盘
10:08:43	12.47	--	60	74820	卖盘
10:08:37	12.47	--	7	8729	卖盘
10:08:13	12.47	-0.01	20	24940	卖盘
10:08:07	12.48	--	5	6240	买盘
10:08:03	12.48	0.01	22	27456	买盘
10:07:58	12.47	--	5	6235	卖盘
10:07:43	12.47	--	15	19914	买盘
10:07:28	12.47	0.01	179	223213	买盘
10:07:22	12.46	--	4	4984	卖盘
10:07:13	12.46	--	12	14952	卖盘
10:07:03	12.46	-0.01	4	4984	卖盘
10:06:58	12.47	0.01	2	2494	买盘
10:06:37	12.46	-0.01	18	22428	卖盘
10:06:33	12.47	--	40	49880	买盘
10:06:27	12.47	0.01	307	382829	买盘
10:06:18	12.46	--	21	26166	卖盘
10:06:13	12.46	--	52	64792	卖盘
10:06:03	12.46	-0.01	12	14952	卖盘
10:05:58	12.47	--	5	6235	买盘
10:05:52	12.47	--	25	31175	买盘
10:05:48	12.47	--	14	17458	买盘
10:05:37	12.47	0.01	10	12470	买盘
10:05:33	12.46	--	20	24920	卖盘
10:05:28	12.46	--	10	12460	卖盘
10:05:22	12.46	--	20	24920	卖盘
10:05:13	12.46	0.01	15	18690	买盘
10:05:07	12.45	-0.01	1	1245	卖盘
10:05:03	12.46	--	30	37380	买盘
10:04:58	12.46	--	40	49840	卖盘
10:04:52	12.46	0.01	6	7476	买盘
10:04:43	12.45	-0.01	101	125745	卖盘
10:04:37	12.46	0.01	5	6230	买盘
10:04:28	12.45	-0.01	64	79680	卖盘
10:04:13	12.46	0.01	50	62300	买盘
10:04:07	12.45	--	21	26145	卖盘
10:04:03	12.45	-0.01	58	72210	卖盘
10:03:57	12.46	--	3	3738	买盘
10:03:52	12.46	--	54	67284	买盘
10:03:48	12.46	--	10	12460	买盘
10:03:43	12.46	--	11	13706	买盘
10:03:37	12.46	0.01	4	4984	买盘
10:03:31	12.45	-0.01	71	88395	卖盘
10:03:27	12.46	0.01	4	4984	买盘
10:03:22	12.45	-0.01	10	12450	卖盘
10:03:13	12.46	0.01	5	6230	买盘
10:03:06	12.45	--	1	1245	卖盘
10:02:58	12.45	--	134	166830	卖盘
10:02:52	12.45	--	17	21165	卖盘
10:02:46	12.45	--	5	6225	卖盘
10:02:37	12.45	--	47	58515	卖盘
10:02:31	12.45	--	300	373500	卖盘
10:02:22	12.45	--	10	12450	卖盘
10:02:16	12.45	--	10	12450	卖盘
10:02:12	12.45	--	32	39840	卖盘
10:02:07	12.45	--	6	7470	卖盘
10:02:00	12.45	--	33	41085	卖盘
10:01:57	12.45	-0.01	11	13695	卖盘
10:01:42	12.46	--	117	145782	卖盘
10:01:31	12.46	-0.01	5	6230	卖盘
10:01:27	12.47	0.01	68	84796	买盘
10:01:16	12.46	-0.01	56	69776	卖盘
10:01:07	12.47	--	50	62387	卖盘
10:01:01	12.47	--	59	73573	卖盘
10:00:57	12.47	--	8	9976	卖盘
10:00:52	12.47	-0.01	25	31175	卖盘
10:00:42	12.48	0.01	10	12480	买盘
10:00:31	12.47	-0.01	1	1247	卖盘
10:00:22	12.48	--	100	124800	买盘
10:00:16	12.48	--	10	12480	买盘
10:00:12	12.48	--	37	46176	买盘
10:00:07	12.48	--	11	13728	买盘
09:59:57	12.48	--	1	1248	买盘
09:59:52	12.48	--	20	24960	卖盘
09:59:46	12.48	--	8	9984	买盘
09:59:42	12.48	--	3	3744	中性盘
09:59:31	12.48	--	3	3744	买盘
09:59:27	12.48	-0.01	1	1248	卖盘
09:59:22	12.49	--	14	17486	买盘
09:59:16	12.49	0.02	1	1249	买盘
09:59:12	12.47	-0.01	136	169592	卖盘
09:59:07	12.48	--	5	6240	买盘
09:58:57	12.48	--	27	33696	买盘
09:58:52	12.48	--	10	12480	买盘
09:58:46	12.48	--	5	6240	买盘
09:58:42	12.48	0.01	14	17472	买盘
09:58:37	12.47	--	0	0	卖盘
09:58:16	12.47	--	10	12470	卖盘
09:58:07	12.47	--	27	34878	买盘
09:58:01	12.47	0.01	14	17458	买盘
09:57:51	12.46	--	4	4984	卖盘
09:57:46	12.46	--	51	63546	卖盘
09:57:42	12.46	--	234	291564	买盘
09:57:36	12.46	0.01	47	58562	买盘
09:57:31	12.45	--	8	9960	卖盘
09:57:27	12.45	--	4	4980	卖盘
09:57:22	12.45	--	1	1245	卖盘
09:57:16	12.45	-0.01	39	48555	卖盘
09:57:06	12.46	0.01	10	12460	买盘
09:57:01	12.45	--	15	18675	卖盘
09:56:51	12.45	--	9	11205	卖盘
09:56:46	12.45	--	50	62250	卖盘
09:56:37	12.45	--	13	16184	卖盘
09:56:31	12.45	--	20	24900	卖盘
09:56:25	12.45	--	4	4980	卖盘
09:56:21	12.45	--	41	51045	卖盘
09:56:16	12.45	--	31	38595	卖盘
09:56:06	12.45	--	12	14940	买盘
09:56:01	12.45	--	12	14940	买盘
09:55:55	12.45	--	64	79680	买盘
09:55:51	12.45	--	2	2490	买盘
09:55:46	12.45	--	14	17430	买盘
09:55:40	12.45	--	2	2490	买盘
09:55:36	12.45	--	9	11205	买盘
09:55:31	12.45	--	5	6225	买盘
09:55:21	12.45	0.01	66	82170	卖盘
09:55:06	12.44	--	35	43540	卖盘
09:55:01	12.44	--	2	2488	卖盘
09:54:51	12.44	--	110	136840	卖盘
09:54:46	12.44	--	44	54736	卖盘
09:54:40	12.44	-0.01	22	27368	卖盘
09:54:36	12.45	0.01	6	7470	买盘
09:54:31	12.44	-0.01	6	7464	卖盘
09:54:25	12.45	--	85	105825	买盘
09:54:21	12.45	0.02	6	7470	买盘
09:54:16	12.43	--	0	0	卖盘
09:54:10	12.43	-0.02	138	171534	卖盘
09:54:06	12.45	0.01	24	29880	买盘
09:53:55	12.44	--	5	6220	卖盘
09:53:51	12.44	--	20	24880	卖盘
09:53:46	12.44	--	23	28612	卖盘
09:53:40	12.44	-0.01	7	8708	卖盘
09:53:36	12.45	0.01	70	87150	买盘
09:53:25	12.44	--	43	53492	卖盘
09:53:21	12.44	--	15	18660	卖盘
09:53:16	12.44	-0.01	100	124400	卖盘
09:53:10	12.45	--	21	26145	买盘
09:53:06	12.45	--	2	2490	买盘
09:52:55	12.45	0.01	4	4980	买盘
09:52:51	12.44	--	60	74640	卖盘
09:52:46	12.44	-0.01	48	59712	卖盘
09:52:40	12.45	--	10	12450	买盘
09:52:36	12.45	0.01	6	7470	买盘
09:52:31	12.44	-0.01	42	52248	卖盘
09:52:25	12.45	0.01	20	24900	买盘
09:52:21	12.44	-0.01	2	2488	卖盘
09:52:10	12.45	--	12	14940	买盘
09:52:01	12.45	-0.01	150	186750	卖盘
09:51:55	12.46	--	293	365078	买盘
09:51:46	12.46	0.01	22	27412	买盘
09:51:40	12.45	--	74	92130	卖盘
09:51:36	12.45	-0.01	77	95865	卖盘
09:51:25	12.46	--	47	58562	买盘
09:51:21	12.46	0.01	18	22428	买盘
09:51:10	12.45	-0.01	3	3735	卖盘
09:51:06	12.46	-0.01	28	34888	卖盘
09:51:00	12.47	0.02	24	29928	买盘
09:50:55	12.45	--	18	22410	卖盘
09:50:51	12.45	-0.02	50	62250	卖盘
09:50:40	12.47	--	10	12470	买盘
09:50:36	12.47	0.01	36	44892	买盘
09:50:30	12.46	--	271	337703	卖盘
09:50:25	12.46	--	189	235494	卖盘
09:50:15	12.46	--	1	1246	卖盘
09:50:10	12.46	--	207	257922	卖盘
09:50:01	12.46	--	7	8722	卖盘
09:49:49	12.46	-0.01	13	16198	卖盘
09:49:45	12.47	0.01	83	103501	买盘
09:49:34	12.46	--	18	22428	卖盘
09:49:30	12.46	--	132	164472	卖盘
09:49:25	12.46	--	71	88466	卖盘
09:49:15	12.46	--	10	12460	卖盘
09:49:10	12.46	--	5	6230	卖盘
09:49:00	12.46	-0.01	30	37380	卖盘
09:48:55	12.47	--	2	2494	买盘
09:48:40	12.47	--	19	23693	卖盘
09:48:34	12.47	0.01	14	17458	买盘
09:48:30	12.46	-0.01	50	62300	卖盘
09:48:25	12.47	--	8	9976	卖盘
09:48:15	12.47	--	75	93525	卖盘
09:48:10	12.47	--	9	12432	卖盘
09:48:00	12.47	--	223	278081	卖盘
09:47:55	12.47	--	7	8729	卖盘
09:47:34	12.47	-0.01	1	1247	卖盘
09:47:30	12.48	--	24	29989	卖盘
09:47:24	12.48	--	1	1248	卖盘
09:47:10	12.48	--	0	0	卖盘
09:47:04	12.48	--	20	24960	卖盘
09:47:00	12.48	-0.01	100	124800	卖盘
09:46:54	12.49	0.01	18	22482	买盘
09:46:45	12.48	-0.01	116	144768	卖盘
09:46:40	12.49	0.01	52	64948	买盘
09:46:34	12.48	--	1	1248	卖盘
09:46:30	12.48	-0.01	69	86112	卖盘
09:46:25	12.49	--	85	106165	买盘
09:46:18	12.49	--	14	17486	买盘
09:46:15	12.49	--	5	6245	买盘
09:46:04	12.49	--	260	324740	卖盘
09:46:00	12.49	--	52	64948	卖盘
09:45:55	12.49	--	59	73691	卖盘
09:45:48	12.49	--	40	49960	卖盘
09:45:45	12.49	--	19	23731	卖盘
09:45:34	12.49	--	134	167366	卖盘
09:45:25	12.49	--	10	12490	卖盘
09:45:15	12.49	--	6	7494	卖盘
09:45:10	12.49	--	10	12490	卖盘
09:44:59	12.49	-0.01	59	73691	卖盘
09:44:55	12.5	0.01	1	1250	买盘
09:44:49	12.49	--	24	29976	卖盘
09:44:40	12.49	--	30	37470	卖盘
09:44:34	12.49	-0.01	3	3747	卖盘
09:44:30	12.5	--	20	25000	买盘
09:44:24	12.5	--	64	80000	买盘
09:44:19	12.5	--	26	32500	中性盘
09:44:15	12.5	--	11	13750	买盘
09:44:09	12.5	--	52	65000	买盘
09:44:04	12.5	--	70	87500	买盘
09:44:00	12.5	--	10	12500	买盘
09:43:54	12.5	--	238	297500	买盘
09:43:45	12.5	--	6	7500	买盘
09:43:39	12.5	--	133	166250	卖盘
09:43:34	12.5	-0.02	49	61250	卖盘
09:43:27	12.52	0.01	62	77624	买盘
09:43:24	12.51	--	34	42534	卖盘
09:43:19	12.51	--	35	43785	卖盘
09:43:04	12.51	0.01	15	18765	买盘
09:42:54	12.5	--	34	42500	卖盘
09:42:39	12.5	0.01	88	110000	买盘
09:42:34	12.49	--	42	52458	卖盘
09:42:24	12.49	-0.01	5	6245	卖盘
09:42:19	12.5	0.01	19	23750	买盘
09:42:13	12.49	--	2	2498	卖盘
09:42:04	12.49	--	28	34972	买盘
09:41:58	12.49	--	95	118655	买盘
09:41:54	12.49	--	13	16237	买盘
09:41:49	12.49	--	30	37470	买盘
09:41:39	12.49	--	20	24980	买盘
09:41:24	12.49	0.01	21	26229	买盘
09:41:19	12.48	--	38	48634	买盘
09:41:09	12.48	--	61	76128	买盘
09:40:58	12.48	--	10	12480	买盘
09:40:54	12.48	--	40	49920	买盘
09:40:49	12.48	--	8	9984	买盘
09:40:39	12.48	--	25	31237	卖盘
09:40:34	12.48	--	30	37440	卖盘
09:40:24	12.48	--	61	76128	卖盘
09:40:19	12.48	--	12	14976	卖盘
09:40:09	12.48	--	16	21178	买盘
09:40:04	12.48	--	70	87360	买盘
09:39:54	12.48	--	27	33696	买盘
09:39:49	12.48	0.02	20	24960	买盘
09:39:39	12.46	-0.02	9	11214	卖盘
09:39:24	12.48	0.01	36	44928	买盘
09:39:19	12.47	0.01	40	49880	买盘
09:39:13	12.46	--	10	12460	买盘
09:39:09	12.46	--	3	3738	买盘
09:39:04	12.46	--	8	9968	买盘
09:38:58	12.46	--	53	66038	卖盘
09:38:48	12.46	--	2	2492	卖盘
09:38:43	12.46	0.02	18	22428	买盘
09:38:39	12.44	--	0	0	卖盘
09:38:34	12.44	--	420	522480	卖盘
09:38:28	12.44	-0.01	49	60956	卖盘
09:38:19	12.45	0.01	26	32369	买盘
09:38:13	12.44	--	21	26124	卖盘
09:38:08	12.44	--	19	23636	卖盘
09:38:04	12.44	-0.01	3	3732	卖盘
09:37:57	12.45	0.01	12	14940	买盘
09:37:48	12.44	-0.01	57	70908	卖盘
09:37:43	12.45	0.01	36	44820	买盘
09:37:33	12.44	--	83	103252	买盘
09:37:28	12.44	--	49	60956	买盘
09:37:24	12.44	--	2	2488	买盘
09:37:12	12.44	--	1	1244	买盘
09:37:07	12.44	--	70	87080	卖盘
09:37:03	12.44	--	25	31100	卖盘
09:36:58	12.44	-0.01	14	17416	卖盘
09:36:52	12.45	0.01	55	68475	买盘
09:36:48	12.44	-0.01	126	156744	卖盘
09:36:43	12.45	--	20	24900	买盘
09:36:33	12.45	--	5	6225	买盘
09:36:28	12.45	--	9	11205	卖盘
09:36:22	12.45	--	110	136950	卖盘
09:36:18	12.45	--	20	24900	卖盘
09:36:12	12.45	--	59	73455	卖盘
09:36:07	12.45	-0.01	52	64739	卖盘
09:36:03	12.46	--	101	125846	买盘
09:35:58	12.46	--	37	46102	买盘
09:35:48	12.46	-0.01	101	125846	卖盘
09:35:37	12.47	--	80	99760	买盘
09:35:33	12.47	--	27	33669	买盘
09:35:28	12.47	-0.01	47	58609	卖盘
09:35:18	12.48	--	71	88608	买盘
09:35:13	12.48	0.01	2	2496	买盘
09:35:07	12.47	--	39	48633	买盘
09:35:03	12.47	-0.01	20	24940	卖盘
09:34:58	12.48	0.02	33	41184	买盘
09:34:52	12.46	--	0	0	卖盘
09:34:48	12.46	-0.01	104	129584	卖盘
09:34:37	12.47	-0.01	32	39904	买盘
09:34:33	12.48	--	0	0	买盘
09:34:28	12.48	0.02	10	12480	买盘
09:34:22	12.46	--	30	37380	卖盘
09:34:18	12.46	-0.01	42	52332	卖盘
09:34:13	12.47	--	20	24940	卖盘
09:34:06	12.47	--	26	32422	卖盘
09:34:03	12.47	--	3	3741	卖盘
09:33:52	12.47	--	9	11223	卖盘
09:33:48	12.47	--	10	12470	卖盘
09:33:37	12.47	--	11	13717	买盘
09:33:22	12.47	0.01	43	53621	买盘
09:33:18	12.46	--	62	77252	卖盘
09:33:13	12.46	--	10	12460	卖盘
09:33:03	12.46	--	28	34888	卖盘
09:32:58	12.46	--	46	57316	买盘
09:32:51	12.46	--	10	12460	卖盘
09:32:48	12.46	-0.01	13	16198	卖盘
09:32:43	12.47	0.02	10	12470	买盘
09:32:37	12.45	--	0	0	卖盘
09:32:33	12.45	--	5	6225	卖盘
09:32:28	12.45	--	11	13695	卖盘
09:32:22	12.45	--	5	6225	卖盘
09:32:07	12.45	--	3	3735	卖盘
09:32:03	12.45	-0.02	47	58515	卖盘
09:31:58	12.47	--	82	102254	买盘
09:31:52	12.47	--	15	18705	买盘
09:31:48	12.47	0.02	6	7482	买盘
09:31:28	12.45	--	16	19920	卖盘
09:31:22	12.45	--	5	6225	卖盘
09:31:12	12.45	--	77	95865	买盘
09:30:57	12.45	-0.02	13	16184	卖盘
09:30:52	12.47	--	19	23693	卖盘
09:30:48	12.47	--	30	37410	卖盘
09:30:42	12.47	--	10	12470	卖盘
09:30:36	12.47	--	81	101007	买盘
09:30:12	12.47	0.01	134	167098	买盘
09:30:07	12.46	-0.02	142	176932	卖盘
09:28:57	12.48	--	0	0	买盘
09:25:05	12.48	12.48	171	213408	买盘
