成交时间	成交价	价格变动	成交量(手)	成交额(元)	性质
15:00:00	5.04	--	0	0	买盘
15:00:00	5.04	--	0	0	买盘
14:59:53	5.04	--	168	84672	买盘
14:59:49	5.04	--	42	21168	买盘
14:59:44	5.04	--	135	68337	卖盘
14:59:38	5.04	--	2	1008	卖盘
14:59:34	5.04	--	10	5040	卖盘
14:59:29	5.04	--	15	7560	卖盘
14:59:19	5.04	0.01	203	102518	买盘
14:59:14	5.03	--	46	23138	卖盘
14:59:08	5.03	--	42	21126	卖盘
14:59:04	5.03	--	40	20120	卖盘
14:58:59	5.03	-0.01	44	22132	卖盘
14:58:53	5.04	--	408	205632	买盘
14:58:44	5.04	0.01	110	55440	买盘
14:58:38	5.03	--	5	2515	卖盘
14:58:23	5.03	--	78	39234	卖盘
14:58:08	5.03	-0.01	43	21629	卖盘
14:58:04	5.04	--	7	3528	买盘
14:57:59	5.04	--	20	10080	买盘
14:57:53	5.04	--	299	150696	买盘
14:57:49	5.04	--	31	15624	买盘
14:57:44	5.04	--	40	20160	买盘
14:57:23	5.04	--	40	20160	买盘
14:57:19	5.04	--	36	18144	买盘
14:57:14	5.04	--	40	20160	买盘
14:57:08	5.04	--	253	127512	买盘
14:57:04	5.04	0.01	30	15120	买盘
14:56:59	5.03	-0.01	30	15090	卖盘
14:56:53	5.04	--	241	121464	买盘
14:56:34	5.04	0.01	80	40320	买盘
14:56:29	5.03	--	0	457	卖盘
14:56:23	5.03	-0.01	50	25150	卖盘
14:56:19	5.04	--	40	20160	买盘
14:56:14	5.04	0.01	40	20160	买盘
14:56:08	5.03	-0.01	15	7545	卖盘
14:56:04	5.04	0.01	4	2016	买盘
14:55:53	5.03	--	11	5533	卖盘
14:55:38	5.03	-0.01	34	17102	卖盘
14:55:29	5.04	0.01	52	26208	买盘
14:55:23	5.03	-0.01	12	6036	卖盘
14:55:04	5.04	0.01	10	5040	买盘
14:54:53	5.03	-0.01	20	10060	卖盘
14:54:43	5.04	--	10	5040	买盘
14:54:38	5.04	--	105	52920	买盘
14:54:23	5.04	0.01	2	1008	买盘
14:54:08	5.03	-0.01	42	21126	卖盘
14:53:58	5.04	-0.01	60	30537	卖盘
14:53:53	5.05	0.01	20	10100	买盘
14:53:47	5.04	--	189	95256	卖盘
14:53:43	5.04	--	39	19656	卖盘
14:53:38	5.04	--	166	83664	卖盘
14:53:32	5.04	--	42	21168	卖盘
14:53:28	5.04	--	3	1512	卖盘
14:53:23	5.04	--	157	79128	卖盘
14:53:17	5.04	--	275	138600	卖盘
14:53:13	5.04	--	367	184968	卖盘
14:53:08	5.04	--	265	133560	卖盘
14:52:47	5.04	-0.01	36	18144	卖盘
14:52:43	5.05	0.01	15	7575	买盘
14:52:32	5.04	-0.01	186	93744	卖盘
14:52:28	5.05	0.01	41	20705	买盘
14:52:08	5.04	--	150	75600	卖盘
14:52:02	5.04	--	38	19152	卖盘
14:51:58	5.04	--	12	6048	卖盘
14:51:47	5.04	-0.01	400	201600	卖盘
14:51:38	5.05	0.01	36	18180	买盘
14:51:28	5.04	--	130	65520	卖盘
14:51:23	5.04	--	4	2016	卖盘
14:51:17	5.04	--	75	37800	卖盘
14:51:13	5.04	-0.01	15	7560	卖盘
14:51:08	5.05	0.01	36	18180	买盘
14:51:02	5.04	--	2	1008	卖盘
14:50:58	5.04	--	8	4032	卖盘
14:50:38	5.04	--	70	35280	卖盘
14:50:32	5.04	--	12	6048	卖盘
14:50:13	5.04	-0.01	21	10584	卖盘
14:50:08	5.05	0.01	5	2525	买盘
14:49:58	5.04	--	14	7056	卖盘
14:49:53	5.04	-0.01	2	1008	卖盘
14:49:43	5.05	0.01	4	2020	买盘
14:49:32	5.04	--	2	1008	卖盘
14:49:28	5.04	-0.01	0	206	卖盘
14:49:13	5.05	0.01	202	102010	买盘
14:49:02	5.04	--	27	13608	卖盘
14:48:47	5.04	--	10	5040	卖盘
14:48:28	5.04	--	50	25200	卖盘
14:48:11	5.04	-0.01	1	504	卖盘
14:48:07	5.05	--	50	25250	买盘
14:47:47	5.05	0.01	11	5555	买盘
14:47:41	5.04	--	3	1512	卖盘
14:47:32	5.04	-0.01	4	2016	卖盘
14:47:26	5.05	0.01	10	5050	买盘
14:47:22	5.04	-0.01	4	2016	卖盘
14:47:17	5.05	--	28	14140	买盘
14:47:11	5.05	0.01	2	1010	买盘
14:47:07	5.04	--	6	3024	卖盘
14:47:02	5.04	--	10	5040	卖盘
14:46:56	5.04	--	5	2520	卖盘
14:46:52	5.04	--	219	110376	卖盘
14:46:37	5.04	--	9	4536	卖盘
14:46:32	5.04	--	180	90720	卖盘
14:46:17	5.04	--	2	1008	卖盘
14:46:11	5.04	--	94	47376	卖盘
14:46:07	5.04	--	1	504	卖盘
14:46:02	5.04	--	180	90720	卖盘
14:45:47	5.04	--	12	6048	卖盘
14:45:32	5.04	--	19	9576	卖盘
14:45:26	5.04	-0.01	3	1512	卖盘
14:45:17	5.05	0.01	19	9595	买盘
14:45:11	5.04	--	50	25200	卖盘
14:45:02	5.04	--	90	45360	卖盘
14:44:56	5.04	--	126	63504	卖盘
14:44:52	5.04	--	26	13104	卖盘
14:44:47	5.04	--	2	1008	卖盘
14:44:41	5.04	--	6	3024	卖盘
14:44:26	5.04	--	100	50400	卖盘
14:44:22	5.04	--	5	2520	卖盘
14:44:17	5.04	--	185	93240	卖盘
14:44:11	5.04	--	1	504	卖盘
14:44:02	5.04	--	1	504	卖盘
14:43:47	5.04	--	5	2520	卖盘
14:43:32	5.04	--	30	15120	卖盘
14:43:17	5.04	-0.01	20	10080	卖盘
14:43:11	5.05	0.01	22	11110	买盘
14:43:02	5.04	--	103	51912	卖盘
14:42:52	5.04	--	10	5040	卖盘
14:42:11	5.04	-0.01	41	20664	卖盘
14:42:06	5.05	0.01	13	6565	买盘
14:41:56	5.04	-0.01	20	10080	卖盘
14:41:41	5.05	0.01	185	93425	买盘
14:41:35	5.04	--	22	11088	卖盘
14:41:31	5.04	--	2231	1124424	买盘
14:41:26	5.04	--	1	504	买盘
14:41:11	5.04	0.01	2	1008	买盘
14:41:01	5.03	-0.01	33	16599	卖盘
14:40:56	5.04	--	4	2016	买盘
14:40:50	5.04	0.01	4	2016	买盘
14:40:41	5.03	-0.01	2	1006	卖盘
14:40:26	5.04	--	3	1512	买盘
14:40:20	5.04	0.01	141	71316	买盘
14:40:11	5.03	-0.01	2	1006	卖盘
14:40:05	5.04	0.01	4	2016	买盘
14:40:01	5.03	--	17	8551	卖盘
14:39:56	5.03	-0.01	26	13078	卖盘
14:39:46	5.04	--	16	8064	买盘
14:39:26	5.04	0.01	3	1512	买盘
14:39:20	5.03	-0.01	45	22635	卖盘
14:39:11	5.04	0.01	31	15624	买盘
14:39:05	5.03	-0.01	9	4527	卖盘
14:38:56	5.04	--	3	1512	买盘
14:38:31	5.04	0.01	69	34776	买盘
14:38:26	5.03	--	106	53318	卖盘
14:38:20	5.03	-0.01	3	1509	卖盘
14:38:05	5.04	--	10	5040	买盘
14:37:56	5.04	--	3	1512	买盘
14:37:26	5.04	--	20	10080	买盘
14:37:16	5.04	--	48	24192	买盘
14:37:11	5.04	--	2	1008	买盘
14:36:56	5.04	--	3	1512	买盘
14:36:31	5.04	--	92	46368	买盘
14:36:26	5.04	--	3	1512	买盘
14:36:20	5.04	0.01	30	15120	买盘
14:36:16	5.03	--	33	16599	卖盘
14:36:11	5.03	-0.01	1	503	卖盘
14:35:56	5.04	--	3	1512	买盘
14:35:46	5.04	0.01	20	10080	买盘
14:35:35	5.03	-0.01	88	44264	卖盘
14:35:26	5.04	--	16	8064	买盘
14:35:20	5.04	--	1	504	买盘
14:35:14	5.04	--	87	43848	买盘
14:35:05	5.04	--	10	5040	买盘
14:34:59	5.04	--	13	6552	买盘
14:34:55	5.04	--	26	13104	买盘
14:34:44	5.04	--	52	26208	买盘
14:34:25	5.04	--	7	3528	买盘
14:34:14	5.04	--	99	49896	买盘
14:34:10	5.04	0.01	2	1008	买盘
14:33:59	5.03	-0.01	55	27665	卖盘
14:33:55	5.04	--	3	1512	买盘
14:33:25	5.04	0.01	3	1512	买盘
14:33:10	5.03	--	1	503	卖盘
14:33:05	5.03	-0.01	51	25653	卖盘
14:32:55	5.04	--	3	1512	买盘
14:32:50	5.04	0.01	5	2520	买盘
14:32:40	5.03	-0.01	8	4024	卖盘
14:32:25	5.04	--	3	1512	买盘
14:32:20	5.04	--	117	58968	卖盘
14:32:14	5.04	-0.01	224	112896	卖盘
14:32:10	5.05	0.01	1	505	买盘
14:32:05	5.04	--	574	289296	卖盘
14:31:59	5.04	--	104	52416	卖盘
14:31:55	5.04	--	100	50400	卖盘
14:31:50	5.04	--	1	504	卖盘
14:31:44	5.04	-0.01	22	11088	卖盘
14:31:35	5.05	--	1	505	买盘
14:31:25	5.05	0.01	3	1515	买盘
14:31:20	5.04	--	42	21168	卖盘
14:31:14	5.04	--	94	47376	卖盘
14:31:10	5.04	--	57	28728	卖盘
14:30:59	5.04	-0.01	170	85680	卖盘
14:30:55	5.05	0.01	3	1515	买盘
14:30:40	5.04	--	10	5040	卖盘
14:30:35	5.04	-0.01	37	18648	卖盘
14:30:10	5.05	--	21	10605	买盘
14:30:05	5.05	--	3	1515	买盘
14:29:55	5.05	0.01	8	4040	买盘
14:29:50	5.04	--	56	28224	卖盘
14:29:44	5.04	--	10	5040	卖盘
14:29:40	5.04	-0.01	50	25200	卖盘
14:29:35	5.05	0.01	500	252500	买盘
14:29:25	5.04	--	65	32760	卖盘
14:29:20	5.04	--	20	10080	卖盘
14:29:14	5.04	-0.01	89	44856	卖盘
14:29:10	5.05	0.01	25	12625	买盘
14:28:59	5.04	--	3	1512	卖盘
14:28:44	5.04	-0.01	10	5040	卖盘
14:28:38	5.05	0.01	2	1010	买盘
14:28:34	5.04	--	104	52416	卖盘
14:28:14	5.04	--	11	5544	卖盘
14:28:08	5.04	--	61	30744	卖盘
14:28:04	5.04	--	5	2520	卖盘
14:27:59	5.04	--	78	39312	买盘
14:27:53	5.04	0.01	3	1512	买盘
14:27:44	5.03	-0.01	502	252506	卖盘
14:27:38	5.04	--	100	50400	买盘
14:27:34	5.04	--	78	39312	买盘
14:27:29	5.04	--	20	10080	买盘
14:27:23	5.04	--	30	15120	买盘
14:27:19	5.04	--	101	50904	卖盘
14:27:14	5.04	-0.01	117	58968	卖盘
14:27:08	5.05	--	1112	561560	买盘
14:26:38	5.05	--	22	11110	买盘
14:26:23	5.05	0.01	500	252500	买盘
14:26:08	5.04	--	1	504	卖盘
14:26:04	5.04	-0.01	1300	655200	卖盘
14:25:14	5.05	0.01	12	6060	买盘
14:25:08	5.04	--	2	1008	卖盘
14:24:53	5.04	-0.01	31	15624	卖盘
14:24:49	5.05	0.01	2	1010	买盘
14:24:34	5.04	-0.01	92	46368	卖盘
14:24:23	5.05	0.01	5	2525	买盘
14:24:19	5.04	--	3	1512	卖盘
14:24:08	5.04	-0.01	2	1008	卖盘
14:23:19	5.05	--	20	10100	买盘
14:23:14	5.05	0.01	1	505	买盘
14:23:08	5.04	-0.01	3	1512	卖盘
14:23:03	5.05	0.01	30	15150	买盘
14:22:53	5.04	-0.01	10	5040	卖盘
14:22:49	5.05	--	2	1010	买盘
14:22:43	5.05	0.01	8	4040	买盘
14:22:38	5.04	--	6	3024	卖盘
14:22:28	5.04	--	8	4032	卖盘
14:22:23	5.04	--	2	1008	卖盘
14:22:08	5.04	-0.01	1	504	卖盘
14:21:47	5.05	0.01	15	7575	买盘
14:21:43	5.04	--	1	504	卖盘
14:21:32	5.04	--	1	504	卖盘
14:21:28	5.04	--	3	1512	卖盘
14:21:17	5.04	-0.01	3	1512	卖盘
14:21:13	5.05	0.01	1	505	买盘
14:21:08	5.04	--	12	6048	卖盘
14:20:58	5.04	--	2	1008	卖盘
14:20:53	5.04	-0.01	12	6048	卖盘
14:20:47	5.05	0.01	3	1515	买盘
14:20:38	5.04	--	2	1008	卖盘
14:20:32	5.04	--	2	1008	卖盘
14:20:23	5.04	-0.01	470	236880	卖盘
14:20:13	5.05	0.01	20	10100	买盘
14:20:08	5.04	--	7	3528	卖盘
14:20:02	5.04	-0.01	15	7560	卖盘
14:19:58	5.05	--	750	378750	买盘
14:19:47	5.05	--	56	28280	买盘
14:19:38	5.05	--	17	8585	买盘
14:19:32	5.05	--	17	8585	买盘
14:19:28	5.05	--	500	252500	买盘
14:19:17	5.05	--	16	8080	买盘
14:19:13	5.05	0.01	11	5555	买盘
14:19:08	5.04	-0.01	1	504	卖盘
14:19:02	5.05	--	67	33835	买盘
14:18:53	5.05	0.01	18	9090	买盘
14:18:38	5.04	--	21	10584	卖盘
14:18:32	5.04	--	2	1008	卖盘
14:18:17	5.04	--	3	1512	卖盘
14:18:13	5.04	--	1	504	卖盘
14:18:08	5.04	-0.01	2	1008	卖盘
14:18:02	5.05	0.01	10	5050	买盘
14:17:47	5.04	--	50	25200	卖盘
14:17:43	5.04	--	32	16128	卖盘
14:17:32	5.04	--	92	46368	卖盘
14:17:28	5.04	-0.01	6	3024	卖盘
14:17:17	5.05	--	18	9090	买盘
14:17:13	5.05	--	2	1010	买盘
14:17:02	5.05	0.01	2	1010	买盘
14:16:53	5.04	--	20	10080	卖盘
14:16:41	5.04	0.01	327	164808	买盘
14:16:32	5.03	--	2	1006	卖盘
14:16:27	5.03	--	97	48791	卖盘
14:16:17	5.03	--	143	71929	卖盘
14:16:11	5.03	--	1	503	卖盘
14:16:07	5.03	-0.01	25	12575	卖盘
14:16:02	5.04	--	220	110880	买盘
14:15:52	5.04	--	249	125496	买盘
14:15:47	5.04	--	20	10080	买盘
14:15:41	5.04	--	54	27216	买盘
14:15:37	5.04	0.01	450	226800	买盘
14:15:32	5.03	-0.01	2	1006	卖盘
14:15:17	5.04	--	55	27720	买盘
14:15:11	5.04	--	3	1512	买盘
14:15:07	5.04	--	2	1008	买盘
14:14:56	5.04	0.01	6	3024	买盘
14:14:32	5.03	-0.01	2	1006	卖盘
14:14:26	5.04	--	5	2520	买盘
14:14:17	5.04	--	4	2016	买盘
14:14:11	5.04	--	21	10584	买盘
14:14:02	5.04	--	400	201600	买盘
14:13:32	5.04	--	32	16128	买盘
14:13:17	5.04	0.01	2	1008	买盘
14:13:11	5.03	--	1	503	卖盘
14:13:07	5.03	--	1	503	卖盘
14:12:56	5.03	-0.01	1	503	卖盘
14:12:52	5.04	--	347	174888	买盘
14:12:41	5.04	0.01	21	10584	买盘
14:12:32	5.03	--	4	2012	卖盘
14:12:26	5.03	-0.01	2	1006	卖盘
14:12:07	5.04	0.01	2	1008	买盘
14:12:02	5.03	-0.01	10	5030	卖盘
14:11:41	5.04	0.01	6	3024	买盘
14:11:37	5.03	-0.01	60	30180	卖盘
14:11:22	5.04	--	2	1008	买盘
14:11:11	5.04	--	1	504	买盘
14:11:07	5.04	0.01	31	15624	买盘
14:10:35	5.03	-0.01	112	56336	卖盘
14:10:26	5.04	--	300	151200	买盘
14:10:16	5.04	0.01	12	6048	买盘
14:10:06	5.03	--	4	2012	卖盘
14:09:50	5.03	-0.01	112	56336	卖盘
14:09:41	5.04	0.01	65	32760	买盘
14:09:35	5.03	-0.01	273	137319	卖盘
14:09:31	5.04	--	2	1008	买盘
14:09:26	5.04	--	2	1008	买盘
14:09:05	5.04	--	12	6048	买盘
14:08:46	5.04	--	20	10080	买盘
14:08:35	5.04	--	73	36792	卖盘
14:08:31	5.04	--	1	504	卖盘
14:08:26	5.04	--	5	2520	卖盘
14:08:20	5.04	--	10	5040	卖盘
14:08:16	5.04	--	9	4536	卖盘
14:08:11	5.04	0.01	407	205128	买盘
14:08:05	5.03	-0.01	92	46276	卖盘
14:07:56	5.04	--	6	3024	买盘
14:07:50	5.04	--	5	2520	买盘
14:07:41	5.04	--	66	33264	买盘
14:07:31	5.04	--	2	1008	买盘
14:07:11	5.04	0.01	21	10584	买盘
14:07:05	5.03	--	3	1509	卖盘
14:06:50	5.03	--	7	3521	卖盘
14:06:35	5.03	-0.01	184	92552	卖盘
14:06:26	5.04	--	28	14112	买盘
14:06:20	5.04	--	6	3024	买盘
14:06:05	5.04	--	24	12096	买盘
14:05:41	5.04	--	10	5040	买盘
14:05:35	5.04	--	2	1008	买盘
14:05:31	5.04	--	145	73080	买盘
14:05:26	5.04	--	13	6552	买盘
14:05:16	5.04	--	6	3024	买盘
14:05:11	5.04	0.01	200	100800	买盘
14:05:05	5.03	-0.01	33	16599	卖盘
14:04:46	5.04	--	10	5040	买盘
14:04:31	5.04	--	43	21672	买盘
14:04:20	5.04	0.01	54	27216	买盘
14:04:05	5.03	-0.01	16	8048	卖盘
14:04:01	5.04	--	1	504	买盘
14:03:55	5.04	-0.01	38	19152	卖盘
14:03:45	5.05	--	26	13130	买盘
14:03:40	5.05	0.01	2	1010	买盘
14:03:25	5.04	--	4	2016	卖盘
14:03:20	5.04	0.01	214	107856	买盘
14:03:14	5.03	--	48	24144	卖盘
14:03:05	5.03	--	113	56839	卖盘
14:02:59	5.03	-0.01	53	26659	卖盘
14:02:40	5.04	--	10	5040	买盘
14:02:35	5.04	--	500	252000	买盘
14:02:29	5.04	--	42	21168	买盘
14:02:20	5.04	--	217	109368	买盘
14:02:10	5.04	--	500	252000	买盘
14:02:05	5.04	--	76	38304	买盘
14:01:44	5.04	0.01	2	1008	买盘
14:01:35	5.03	-0.01	50	25150	卖盘
14:01:29	5.04	0.01	20	10080	买盘
14:01:20	5.03	-0.01	1	503	卖盘
14:01:14	5.04	0.01	1	504	买盘
14:01:05	5.03	-0.01	5	2515	卖盘
14:00:59	5.04	0.01	107	53928	买盘
14:00:55	5.03	--	3	1509	卖盘
14:00:50	5.03	--	85	42755	卖盘
14:00:29	5.03	--	11	5533	卖盘
14:00:25	5.03	-0.01	14	7042	卖盘
14:00:20	5.04	--	3	1512	买盘
14:00:14	5.04	--	145	73080	买盘
14:00:05	5.04	0.01	3	1512	买盘
13:59:55	5.03	-0.01	40	20120	卖盘
13:59:50	5.04	0.01	9	4536	买盘
13:59:20	5.03	--	3	1509	卖盘
13:59:14	5.03	--	100	50300	卖盘
13:59:10	5.03	--	1	503	卖盘
13:58:50	5.03	--	3	1509	卖盘
13:58:44	5.03	--	8	4024	卖盘
13:58:29	5.03	--	2	1006	卖盘
13:58:20	5.03	-0.01	5	2515	卖盘
13:58:14	5.04	0.01	1	504	买盘
13:58:09	5.03	-0.01	1	503	卖盘
13:57:55	5.04	--	2	1008	买盘
13:57:35	5.04	--	62	31248	买盘
13:57:24	5.04	--	9	4536	买盘
13:57:19	5.04	--	2	1008	买盘
13:57:10	5.04	0.01	11	5544	买盘
13:56:59	5.03	-0.01	22	11066	卖盘
13:56:53	5.04	--	12	6048	买盘
13:56:44	5.04	0.01	27	13608	买盘
13:56:38	5.03	--	24	12072	卖盘
13:56:19	5.03	--	3	1509	卖盘
13:56:14	5.03	--	7	3521	卖盘
13:56:08	5.03	-0.01	4	2012	卖盘
13:55:59	5.04	0.01	50	25200	买盘
13:55:49	5.03	--	3	1509	卖盘
13:55:38	5.03	--	9	4527	卖盘
13:55:19	5.03	-0.01	3	1509	卖盘
13:55:14	5.04	0.01	42	21168	买盘
13:55:08	5.03	--	1	503	卖盘
13:54:53	5.03	-0.01	1	503	卖盘
13:54:49	5.04	--	284	143136	买盘
13:54:44	5.04	--	21	10584	买盘
13:54:08	5.04	--	51	25704	买盘
13:54:04	5.04	0.01	2	1008	买盘
13:53:59	5.03	-0.01	34	17102	卖盘
13:53:38	5.04	0.01	2	1008	买盘
13:53:29	5.03	--	4	2012	卖盘
13:53:23	5.03	--	143	71929	卖盘
13:53:19	5.03	--	3	1509	卖盘
13:53:08	5.03	-0.01	1	503	卖盘
13:53:04	5.04	--	18	9072	买盘
13:52:59	5.04	--	1	504	买盘
13:52:53	5.04	--	6	3024	买盘
13:52:29	5.04	--	3	1512	买盘
13:52:23	5.04	--	52	26208	买盘
13:52:19	5.04	-0.01	166	83664	卖盘
13:52:13	5.05	--	60	30300	买盘
13:52:08	5.05	0.01	3	1515	买盘
13:52:04	5.04	--	9	4536	卖盘
13:51:59	5.04	--	20	10080	卖盘
13:51:53	5.04	--	12	6048	卖盘
13:51:48	5.04	--	3	1512	卖盘
13:51:33	5.04	--	2	1008	卖盘
13:51:23	5.04	--	305	153720	买盘
13:51:19	5.04	--	22	11088	买盘
13:51:14	5.04	--	1	504	买盘
13:50:58	5.04	0.01	79	39816	买盘
13:50:53	5.03	-0.01	10	5030	卖盘
13:50:38	5.04	--	10	5040	买盘
13:50:32	5.04	--	5	2520	买盘
13:50:29	5.04	--	191	96264	买盘
13:50:23	5.04	--	2	1008	买盘
13:50:13	5.04	0.01	2	1008	买盘
13:50:08	5.03	-0.01	4	2012	卖盘
13:49:28	5.04	--	3	1512	买盘
13:49:17	5.04	--	16	8064	买盘
13:49:13	5.04	0.01	17	8568	买盘
13:49:08	5.03	--	7	3521	卖盘
13:49:02	5.03	-0.01	10	5030	卖盘
13:48:58	5.04	--	21	10584	买盘
13:48:17	5.04	0.01	22	11088	买盘
13:48:08	5.03	-0.01	1	503	卖盘
13:47:47	5.04	--	868	437472	卖盘
13:47:32	5.04	-0.01	38	19152	卖盘
13:47:28	5.05	0.01	20	10100	买盘
13:47:23	5.04	--	2	1008	卖盘
13:47:13	5.04	--	4	2016	卖盘
13:47:08	5.04	--	17	8568	卖盘
13:46:58	5.04	0.01	80	40320	买盘
13:46:53	5.03	-0.01	1	503	卖盘
13:46:47	5.04	--	20	10080	买盘
13:46:43	5.04	--	4	2016	买盘
13:46:38	5.04	--	8	4032	买盘
13:46:23	5.04	--	145	73080	买盘
13:46:13	5.04	0.01	1	504	买盘
13:46:08	5.03	-0.01	1	503	卖盘
13:46:02	5.04	--	500	252000	买盘
13:45:58	5.04	--	4	2016	买盘
13:45:53	5.04	--	4	2016	买盘
13:45:47	5.04	0.01	2	1008	买盘
13:45:43	5.03	--	167	84001	卖盘
13:45:27	5.03	-0.01	437	219811	卖盘
13:45:17	5.04	--	66	33264	买盘
13:45:13	5.04	--	49	24696	买盘
13:44:41	5.04	--	500	252000	买盘
13:44:32	5.04	0.01	12	6048	买盘
13:44:26	5.03	--	8	4024	卖盘
13:44:17	5.03	--	1	503	卖盘
13:44:07	5.03	-0.01	1	503	卖盘
13:43:11	5.04	0.01	1	504	买盘
13:43:07	5.03	--	1	503	卖盘
13:42:52	5.03	-0.01	0	201	卖盘
13:42:32	5.04	0.01	2	1008	买盘
13:42:26	5.03	-0.01	4	2012	卖盘
13:41:56	5.04	0.01	500	252000	买盘
13:41:41	5.03	--	312	156936	买盘
13:41:32	5.03	--	131	65893	卖盘
13:41:22	5.03	-0.01	17	8551	卖盘
13:41:11	5.04	0.01	11	5544	买盘
13:41:07	5.03	-0.01	1	503	卖盘
13:40:47	5.04	--	1	504	买盘
13:40:41	5.04	--	2	1008	买盘
13:40:32	5.04	0.01	104	52416	买盘
13:40:22	5.03	--	4	2012	买盘
13:40:16	5.03	0.01	1	503	买盘
13:40:11	5.02	-0.01	5	2510	卖盘
13:40:07	5.03	0.01	2	1006	买盘
13:40:01	5.02	-0.01	3	1505	卖盘
13:39:56	5.03	0.01	10	5030	买盘
13:39:52	5.02	-0.01	4	2007	卖盘
13:39:41	5.03	0.01	119	59857	买盘
13:39:26	5.02	--	5	2510	卖盘
13:39:22	5.02	--	1	501	卖盘
13:39:07	5.02	-0.01	1	501	卖盘
13:38:56	5.03	--	2	1006	买盘
13:38:51	5.03	--	20	10060	买盘
13:38:41	5.03	--	2	1006	买盘
13:38:11	5.03	--	1	503	买盘
13:37:56	5.03	0.01	620	311860	买盘
13:37:50	5.02	--	5	2510	卖盘
13:37:31	5.02	--	20	10040	卖盘
13:37:26	5.02	-0.01	48	24095	卖盘
13:37:16	5.03	0.01	47	23641	买盘
13:37:05	5.02	-0.01	1	501	卖盘
13:36:50	5.03	0.01	7	3521	买盘
13:36:41	5.02	--	30	15059	卖盘
13:36:35	5.02	--	3	1505	卖盘
13:36:26	5.02	--	30	15059	卖盘
13:36:05	5.02	--	3	1505	卖盘
13:35:56	5.02	--	1049	526598	卖盘
13:35:50	5.02	-0.01	42	21084	卖盘
13:35:46	5.03	--	41	20623	买盘
13:35:41	5.03	--	12	6036	买盘
13:35:35	5.03	--	8	4024	买盘
13:35:11	5.03	0.01	5	2515	买盘
13:35:05	5.02	-0.01	17	8534	卖盘
13:34:56	5.03	--	6	3018	买盘
13:34:50	5.03	--	4	2012	买盘
13:34:35	5.03	-0.01	16	8048	卖盘
13:34:26	5.04	0.02	1	504	买盘
13:34:11	5.02	--	0	0	卖盘
13:34:05	5.02	--	10	5020	卖盘
13:33:55	5.02	--	0	0	卖盘
13:33:40	5.02	--	0	0	卖盘
13:33:31	5.02	-0.02	140	70280	卖盘
13:33:20	5.04	--	4	2016	买盘
13:33:16	5.04	--	1	504	买盘
13:33:10	5.04	--	0	0	买盘
13:33:01	5.04	0.01	2	1008	买盘
13:32:55	5.03	-0.01	1	503	卖盘
13:32:25	5.04	--	1	504	买盘
13:32:20	5.04	0.01	18	9072	买盘
13:32:05	5.03	0.01	1	503	中性盘
13:31:44	5.02	-0.02	100	50199	卖盘
13:31:35	5.04	0.01	7	3528	买盘
13:31:30	5.03	-0.01	3	1509	卖盘
13:31:05	5.04	0.01	2	1008	买盘
13:30:59	5.03	--	27	13581	买盘
13:30:55	5.03	--	197	99091	卖盘
13:30:50	5.03	--	59	29677	买盘
13:30:44	5.03	--	22	11066	买盘
13:30:40	5.03	--	1	503	买盘
13:30:35	5.03	--	63	31689	买盘
13:30:29	5.03	--	16	8048	买盘
13:30:25	5.03	--	3	1509	买盘
13:30:20	5.03	--	6	3018	买盘
13:30:14	5.03	0.01	6	3018	买盘
13:30:05	5.02	--	4	2007	卖盘
13:29:50	5.02	-0.01	1010	507019	卖盘
13:29:44	5.03	--	117	58851	买盘
13:29:40	5.03	--	1	503	买盘
13:29:35	5.03	--	10	5030	买盘
13:29:29	5.03	0.01	1	503	买盘
13:29:14	5.02	-0.01	90	45179	卖盘
13:29:10	5.03	--	2	1006	买盘
13:29:05	5.03	0.01	54	27162	买盘
13:28:50	5.02	--	4	2007	卖盘
13:28:44	5.02	-0.01	241	120981	卖盘
13:28:40	5.03	--	1	503	买盘
13:28:35	5.03	0.01	20	10060	买盘
13:28:20	5.02	--	6	3011	卖盘
13:28:05	5.02	-0.01	27	13553	卖盘
13:27:59	5.03	--	57	28671	卖盘
13:27:55	5.03	--	5	2515	卖盘
13:27:50	5.03	--	1	503	卖盘
13:27:44	5.03	-0.01	426	214278	卖盘
13:27:40	5.04	0.01	1	504	买盘
13:27:35	5.03	--	44	22132	卖盘
13:27:29	5.03	-0.01	39	19617	卖盘
13:27:24	5.04	0.01	46	23184	买盘
13:27:19	5.03	-0.01	54	27162	卖盘
13:27:14	5.04	0.01	3	1512	买盘
13:27:04	5.03	--	140	70420	卖盘
13:26:59	5.03	--	41	20623	卖盘
13:26:55	5.03	-0.01	18	9054	卖盘
13:26:40	5.04	0.01	147	74088	买盘
13:26:29	5.03	-0.01	7	3521	卖盘
13:26:25	5.04	0.01	63	31752	买盘
13:26:09	5.03	-0.01	109	54827	卖盘
13:26:04	5.04	--	1	504	买盘
13:25:54	5.04	--	13	6552	买盘
13:25:39	5.04	--	8	4032	买盘
13:25:34	5.04	0.01	94	47376	买盘
13:25:29	5.03	-0.01	10	5030	卖盘
13:25:23	5.04	--	63	31752	买盘
13:25:19	5.04	--	2	1008	买盘
13:24:53	5.04	0.01	13	6552	买盘
13:24:29	5.03	-0.01	1	503	卖盘
13:24:23	5.04	0.01	13	6552	买盘
13:24:19	5.03	--	100	50300	卖盘
13:24:14	5.03	--	73	36719	卖盘
13:24:08	5.03	--	151	75953	卖盘
13:24:04	5.03	-0.01	10	5030	卖盘
13:23:53	5.04	0.01	26	13104	买盘
13:23:29	5.03	-0.01	101	50803	卖盘
13:23:23	5.04	--	15	7560	买盘
13:22:53	5.04	--	28	14112	买盘
13:22:14	5.04	0.01	2	1008	买盘
13:22:08	5.03	-0.01	26	13078	卖盘
13:21:53	5.04	0.01	1	504	买盘
13:21:44	5.03	-0.01	9	4527	卖盘
13:21:29	5.04	--	2	1008	买盘
13:21:23	5.04	--	55	27720	卖盘
13:21:14	5.04	--	4	2016	卖盘
13:21:08	5.04	--	10	5040	卖盘
13:20:59	5.04	--	108	54432	卖盘
13:20:53	5.04	--	226	113904	卖盘
13:20:49	5.04	--	39	19656	卖盘
13:20:18	5.04	-0.01	35	17640	卖盘
13:20:13	5.05	0.01	26	13130	买盘
13:20:08	5.04	-0.01	82	41328	卖盘
13:20:03	5.05	0.01	6	3030	买盘
13:19:48	5.04	-0.01	108	54432	卖盘
13:19:38	5.05	--	70	35350	买盘
13:19:34	5.05	--	26	13130	买盘
13:19:13	5.05	0.01	1	505	买盘
13:19:08	5.04	-0.01	1	504	卖盘
13:18:23	5.05	0.01	15	7575	买盘
13:18:02	5.04	-0.01	2	1008	卖盘
13:17:58	5.05	0.01	15	7575	买盘
13:17:43	5.04	-0.01	30	15120	卖盘
13:17:38	5.05	0.01	16	8080	买盘
13:17:32	5.04	-0.01	19	9576	卖盘
13:17:28	5.05	0.01	40	20200	买盘
13:17:17	5.04	-0.01	3	1512	卖盘
13:17:08	5.05	0.01	201	101505	买盘
13:16:47	5.04	-0.01	108	54432	卖盘
13:16:28	5.05	--	2	1010	买盘
13:16:23	5.05	--	1025	517625	买盘
13:16:13	5.05	--	1	505	买盘
13:15:53	5.05	--	1	505	买盘
13:15:43	5.05	--	2	1010	买盘
13:15:38	5.05	0.01	14	7070	买盘
13:15:23	5.04	--	40	20160	卖盘
13:15:08	5.04	--	1	504	卖盘
13:15:02	5.04	--	15	7560	卖盘
13:14:43	5.04	--	10	5040	卖盘
13:14:38	5.04	--	4	2016	卖盘
13:14:32	5.04	--	179	90216	买盘
13:14:23	5.04	0.01	100	50400	买盘
13:14:17	5.03	-0.01	20	10060	卖盘
13:14:12	5.04	--	30	15120	买盘
13:13:52	5.04	--	50	25200	买盘
13:13:47	5.04	--	3	1512	买盘
13:13:37	5.04	0.01	12	6048	买盘
13:13:32	5.03	-0.01	13	6539	卖盘
13:13:27	5.04	--	41	20664	买盘
13:13:22	5.04	0.01	198	99792	买盘
13:13:17	5.03	--	37	18611	卖盘
13:13:07	5.03	-0.01	2	1006	卖盘
13:12:57	5.04	--	3004	1514016	买盘
13:12:52	5.04	0.01	4	2016	买盘
13:12:37	5.03	-0.01	10	5030	卖盘
13:12:32	5.04	0.01	11	5544	买盘
13:12:22	5.03	-0.01	5	2515	卖盘
13:11:56	5.04	0.01	2	1008	买盘
13:11:52	5.03	--	10	5030	卖盘
13:11:42	5.03	--	10	5030	卖盘
13:11:32	5.03	--	208	104664	买盘
13:11:22	5.03	0.01	480	241440	买盘
13:11:11	5.02	-0.01	1	501	卖盘
13:11:02	5.03	0.01	100	50300	买盘
13:10:52	5.02	-0.01	1	501	卖盘
13:10:32	5.03	0.01	52	26156	买盘
13:10:26	5.02	-0.01	55	27609	卖盘
13:10:11	5.03	--	201	101103	买盘
13:10:07	5.03	--	2	1006	买盘
13:09:56	5.03	--	2	1006	买盘
13:09:41	5.03	0.01	13	6539	买盘
13:09:37	5.02	-0.01	1	501	卖盘
13:09:22	5.03	--	50	25150	买盘
13:09:07	5.03	0.01	104	52312	买盘
13:09:02	5.02	--	36	18072	卖盘
13:08:52	5.02	--	10	5020	卖盘
13:08:47	5.02	--	8	4015	卖盘
13:08:26	5.02	--	25	12549	卖盘
13:08:07	5.02	-0.01	50	25099	卖盘
13:08:02	5.03	--	12	6036	买盘
13:07:56	5.03	--	1	503	买盘
13:07:51	5.03	0.01	1	503	买盘
13:07:47	5.02	-0.01	120	60239	卖盘
13:07:41	5.03	--	28	14084	买盘
13:07:36	5.03	0.01	50	25150	买盘
13:07:21	5.02	--	3	1505	卖盘
13:07:06	5.02	--	1	501	卖盘
13:07:01	5.02	--	8	4015	卖盘
13:06:46	5.02	--	3	1505	卖盘
13:06:36	5.02	--	1	501	卖盘
13:06:21	5.02	-0.01	1000	501999	卖盘
13:06:11	5.03	--	2	1006	买盘
13:06:06	5.03	0.01	20	10060	买盘
13:05:41	5.02	--	18	9036	卖盘
13:05:31	5.02	-0.01	6	3011	卖盘
13:05:16	5.03	0.01	24	12072	买盘
13:05:05	5.02	--	21	10542	卖盘
13:05:01	5.02	--	1	501	卖盘
13:04:56	5.02	--	3	1505	卖盘
13:04:50	5.02	--	25	12549	卖盘
13:04:31	5.02	--	100	50199	卖盘
13:04:26	5.02	-0.01	1	501	卖盘
13:04:11	5.03	0.01	3	1509	买盘
13:03:41	5.02	-0.01	105	52709	卖盘
13:03:31	5.03	0.01	20	10060	买盘
13:03:11	5.02	--	4	2007	卖盘
13:03:05	5.02	--	1	501	卖盘
13:02:35	5.02	-0.01	1	501	卖盘
13:02:20	5.03	--	2	1006	买盘
13:01:56	5.03	--	4	2012	买盘
13:01:50	5.03	--	4	2012	买盘
13:01:11	5.03	0.01	1	503	买盘
13:01:05	5.02	--	9	4518	卖盘
13:00:55	5.02	--	100	50199	卖盘
13:00:45	5.02	-0.01	2	1003	卖盘
13:00:35	5.03	0.01	16	8048	买盘
13:00:30	5.02	--	11	5521	卖盘
13:00:20	5.02	-0.01	1	501	卖盘
13:00:15	5.03	0.01	4	2012	买盘
13:00:11	5.02	--	80	40160	卖盘
13:00:05	5.02	-0.01	410	205819	卖盘
11:30:00	5.03	--	0	0	买盘
11:29:59	5.03	--	0	0	买盘
11:29:40	5.03	--	8	4024	买盘
11:29:25	5.03	--	70	35210	买盘
11:29:10	5.03	0.01	1	503	买盘
11:28:55	5.02	-0.01	4	2007	卖盘
11:28:40	5.03	--	11	5533	买盘
11:28:21	5.03	--	2	1006	买盘
11:28:16	5.03	0.01	231	116193	买盘
11:28:10	5.02	--	108	54215	卖盘
11:28:06	5.02	-0.01	2	1003	卖盘
11:27:40	5.03	--	3	1509	买盘
11:27:31	5.03	--	50	25150	买盘
11:27:21	5.03	0.01	15	7545	买盘
11:27:06	5.02	-0.01	5	2510	卖盘
11:26:40	5.03	0.01	40	20120	买盘
11:26:36	5.02	--	10	5020	卖盘
11:26:31	5.02	-0.01	100	50199	卖盘
11:26:25	5.03	--	203	102109	买盘
11:26:16	5.03	0.01	1	503	买盘
11:26:10	5.02	-0.01	2	1003	卖盘
11:26:06	5.03	0.01	32	16096	买盘
11:25:51	5.02	--	16	8031	卖盘
11:25:40	5.02	--	111	55721	卖盘
11:25:21	5.02	-0.01	40	20080	卖盘
11:25:16	5.03	0.01	8	4024	买盘
11:25:06	5.02	--	6	3011	卖盘
11:24:46	5.02	-0.01	23	11545	卖盘
11:24:34	5.03	0.01	84	42252	买盘
11:24:31	5.02	--	20	10040	卖盘
11:24:19	5.02	--	16	8031	卖盘
11:24:10	5.02	--	1	501	卖盘
11:24:01	5.02	-0.01	9	4518	卖盘
11:23:40	5.03	0.01	38	19114	买盘
11:23:34	5.02	-0.01	27	13553	卖盘
11:23:30	5.03	--	20	10060	买盘
11:23:19	5.03	0.01	51	25653	买盘
11:23:15	5.02	-0.01	5	2510	卖盘
11:23:10	5.03	0.01	40	20120	买盘
11:23:00	5.02	--	19	9538	卖盘
11:22:40	5.02	-0.01	422	211843	卖盘
11:22:34	5.03	--	105	52815	买盘
11:22:25	5.03	0.01	85	42755	买盘
11:22:19	5.02	-0.01	60	30119	卖盘
11:22:10	5.03	0.01	1	503	买盘
11:22:04	5.02	--	594	298188	卖盘
11:21:55	5.02	-0.01	100	50199	卖盘
11:21:45	5.03	--	20	10060	买盘
11:21:25	5.03	0.01	12	6036	买盘
11:21:04	5.02	--	235	117969	卖盘
11:21:00	5.02	-0.01	170	85340	卖盘
11:20:55	5.03	--	8	4024	买盘
11:20:40	5.03	--	42	21588	卖盘
11:20:34	5.03	--	1	543	买盘
11:20:25	5.03	--	4	2474	卖盘
11:20:19	5.03	--	1022	514066	卖盘
11:20:10	5.03	--	69	34707	卖盘
11:20:04	5.03	--	20	10060	卖盘
11:20:00	5.03	--	80	40240	卖盘
11:19:55	5.03	--	50	25150	卖盘
11:19:45	5.03	--	100	50300	卖盘
11:19:34	5.03	--	30	15090	卖盘
11:19:30	5.03	-0.01	180	90540	卖盘
11:19:19	5.04	0.01	45	22680	买盘
11:19:04	5.03	--	59	29677	卖盘
11:19:00	5.03	--	5	2515	卖盘
11:18:55	5.03	--	118	59354	卖盘
11:18:49	5.03	-0.01	12	6036	卖盘
11:18:45	5.04	0.01	65	32760	买盘
11:18:40	5.03	--	1	503	卖盘
11:18:28	5.03	--	4	2012	卖盘
11:18:19	5.03	--	170	85510	卖盘
11:18:04	5.03	--	32	16096	卖盘
11:17:58	5.03	--	51	25653	卖盘
11:17:55	5.03	--	108	54324	卖盘
11:17:49	5.03	--	216	108648	卖盘
11:17:40	5.03	-0.01	1	503	卖盘
11:17:28	5.04	--	3	1512	买盘
11:17:25	5.04	0.01	4	2016	买盘
11:17:19	5.03	-0.01	1	503	卖盘
11:17:09	5.04	0.01	1	504	买盘
11:16:58	5.03	-0.01	1	503	卖盘
11:16:54	5.04	--	2	1008	买盘
11:16:49	5.04	0.01	6	3024	买盘
11:16:39	5.03	--	45	22635	卖盘
11:16:28	5.03	-0.01	1	503	卖盘
11:16:04	5.04	0.01	101	50904	买盘
11:15:43	5.03	-0.01	1	503	卖盘
11:15:39	5.04	0.01	1	504	买盘
11:15:34	5.03	--	1	503	卖盘
11:15:28	5.03	--	6	3018	卖盘
11:15:19	5.03	--	16	8048	卖盘
11:15:13	5.03	--	1	503	卖盘
11:15:04	5.03	-0.01	3	1509	卖盘
11:14:58	5.04	0.01	2	1008	买盘
11:14:54	5.03	--	5	2515	卖盘
11:14:43	5.03	-0.01	1	503	卖盘
11:14:39	5.04	0.01	1	504	买盘
11:14:28	5.03	--	10	5030	卖盘
11:14:24	5.03	--	1	503	卖盘
11:14:09	5.03	--	4	2012	卖盘
11:13:58	5.03	--	256	128768	卖盘
11:13:54	5.03	--	5	2515	卖盘
11:13:49	5.03	--	1063	534689	卖盘
11:13:43	5.03	-0.01	50	25150	卖盘
11:13:39	5.04	0.01	1	504	买盘
11:13:28	5.03	--	1	503	卖盘
11:13:19	5.03	--	308	154924	卖盘
11:13:09	5.03	-0.01	1	503	卖盘
11:13:04	5.04	--	2	1008	买盘
11:12:49	5.04	--	320	161280	买盘
11:12:43	5.04	--	25	12600	买盘
11:12:39	5.04	--	1	504	买盘
11:12:28	5.04	--	21	10584	买盘
11:12:04	5.04	0.01	1	504	买盘
11:11:58	5.03	-0.01	500	251500	卖盘
11:11:53	5.04	--	240	120960	买盘
11:11:37	5.04	0.01	201	101304	买盘
11:11:28	5.03	--	270	135810	卖盘
11:11:22	5.03	-0.01	20	10060	卖盘
11:11:19	5.04	--	10	5040	买盘
11:11:07	5.04	0.01	3	1512	买盘
11:11:03	5.03	--	30	15090	卖盘
11:10:52	5.03	--	100	50300	卖盘
11:10:43	5.03	-0.01	20	10060	卖盘
11:10:37	5.04	--	1	504	买盘
11:10:07	5.04	--	3	1512	买盘
11:09:58	5.04	--	4	2016	买盘
11:09:52	5.04	--	50	25200	买盘
11:09:37	5.04	0.01	1	504	买盘
11:09:28	5.03	--	29	14587	卖盘
11:09:22	5.03	-0.01	26	13078	卖盘
11:09:13	5.04	0.01	2	1008	买盘
11:09:03	5.03	--	2511	1263033	卖盘
11:08:58	5.03	-0.01	5	2515	卖盘
11:08:37	5.04	--	1	504	买盘
11:08:18	5.04	0.01	23	11592	买盘
11:08:07	5.03	--	152	76496	卖盘
11:07:58	5.03	--	26	13078	卖盘
11:07:48	5.03	--	35	17605	卖盘
11:07:43	5.03	-0.01	14	7042	卖盘
11:07:37	5.04	--	11	5544	买盘
11:07:28	5.04	--	2	1008	买盘
11:07:18	5.04	0.01	2	1008	买盘
11:07:07	5.03	--	38	19114	卖盘
11:06:58	5.03	--	10	5030	卖盘
11:06:52	5.03	-0.01	3	1509	卖盘
11:06:37	5.04	--	1	504	买盘
11:06:33	5.04	0.01	5	2520	买盘
11:06:28	5.03	-0.01	8	4024	卖盘
11:06:18	5.04	--	15	7560	买盘
11:06:07	5.04	--	1000	504000	买盘
11:05:52	5.04	--	122	61488	买盘
11:05:46	5.04	--	50	25200	买盘
11:05:37	5.04	0.01	51	25704	买盘
11:05:31	5.03	-0.01	10	5030	卖盘
11:05:22	5.04	0.01	32	16128	买盘
11:05:01	5.03	--	30	15090	卖盘
11:04:46	5.03	-0.01	11	5533	卖盘
11:04:37	5.04	0.01	1	504	买盘
11:04:28	5.03	-0.01	14	7042	卖盘
11:04:12	5.04	--	1136	572544	卖盘
11:03:31	5.04	-0.01	100	50400	卖盘
11:03:27	5.05	0.01	110	55550	买盘
11:03:16	5.04	--	88	44352	卖盘
11:03:12	5.04	--	25	12600	卖盘
11:03:07	5.04	--	60	30240	卖盘
11:03:01	5.04	-0.01	29	14616	卖盘
11:02:57	5.05	0.01	20	10100	买盘
11:02:46	5.04	--	6	3024	卖盘
11:02:42	5.04	--	1	504	卖盘
11:02:37	5.04	--	5	2520	卖盘
11:02:16	5.04	--	108	54432	卖盘
11:02:12	5.04	--	3	1512	卖盘
11:02:01	5.04	--	1	504	卖盘
11:01:46	5.04	-0.01	35	17640	卖盘
11:01:42	5.05	0.01	2	1010	买盘
11:01:37	5.04	--	208	104832	卖盘
11:01:31	5.04	--	218	109872	卖盘
11:01:27	5.04	--	324	163296	卖盘
11:01:22	5.04	-0.01	324	163296	卖盘
11:01:12	5.05	--	2	1010	买盘
11:01:07	5.05	0.01	144	72720	买盘
11:01:01	5.04	-0.01	108	54432	卖盘
11:00:57	5.05	--	486	245430	买盘
11:00:46	5.05	--	30	15150	买盘
11:00:37	5.05	--	2	1010	买盘
11:00:12	5.05	--	4	2020	买盘
10:59:57	5.05	--	150	75750	买盘
10:59:52	5.05	--	198	99990	买盘
10:59:46	5.05	--	8	4040	买盘
10:59:40	5.05	--	50	25250	买盘
10:59:37	5.05	--	2	1010	买盘
10:59:16	5.05	--	699	352995	买盘
10:59:10	5.05	0.01	17	8585	买盘
10:58:55	5.04	--	18	9072	卖盘
10:58:46	5.04	-0.01	51	25704	卖盘
10:58:40	5.05	0.01	2	1010	买盘
10:58:36	5.04	-0.01	25	12600	卖盘
10:58:10	5.05	0.01	2	1010	买盘
10:57:51	5.04	-0.01	2	1008	卖盘
10:57:40	5.05	0.01	4	2020	买盘
10:57:10	5.04	--	13	6552	卖盘
10:57:01	5.04	--	5	2520	卖盘
10:56:55	5.04	--	10	5040	买盘
10:56:51	5.04	--	182	91728	买盘
10:56:40	5.04	--	18	9072	买盘
10:56:31	5.04	--	10	5040	买盘
10:56:21	5.04	0.01	100	50400	买盘
10:56:10	5.03	--	1952	981856	卖盘
10:55:55	5.03	-0.01	30	15090	卖盘
10:55:46	5.04	--	2	1008	买盘
10:55:10	5.04	--	86	43344	买盘
10:55:06	5.04	--	10	5040	买盘
10:54:40	5.04	0.01	51	25704	买盘
10:54:36	5.03	-0.01	2	1006	卖盘
10:54:10	5.04	--	4	2016	买盘
10:54:01	5.04	--	73	36792	买盘
10:53:51	5.04	--	152	76608	买盘
10:53:46	5.04	0.01	100	50400	买盘
10:53:40	5.03	-0.01	10	5030	卖盘
10:53:25	5.04	0.01	10	5040	买盘
10:53:19	5.03	--	3	1509	卖盘
10:53:04	5.03	--	10	5030	卖盘
10:52:55	5.03	--	9	4527	卖盘
10:52:31	5.03	--	9	4527	卖盘
10:52:19	5.03	--	63	31689	卖盘
10:52:04	5.03	-0.01	20	10060	卖盘
10:51:55	5.04	--	2	1008	买盘
10:51:25	5.04	0.01	98	49392	买盘
10:50:55	5.03	-0.01	241	121223	卖盘
10:50:45	5.04	--	221	111384	买盘
10:50:40	5.04	--	6	3024	买盘
10:50:10	5.04	--	3	1512	买盘
10:50:04	5.04	0.01	2	1008	买盘
10:50:00	5.03	--	55	27665	卖盘
10:49:49	5.03	--	10	5030	卖盘
10:49:30	5.03	-0.01	200	100600	卖盘
10:49:25	5.04	--	3	1512	买盘
10:49:19	5.04	0.01	50	25200	买盘
10:49:04	5.03	--	2	1006	卖盘
10:48:49	5.03	--	101	50803	卖盘
10:48:40	5.03	--	4	2012	卖盘
10:48:25	5.03	--	40	20120	卖盘
10:48:19	5.03	--	200	100600	卖盘
10:48:10	5.03	-0.01	200	100600	卖盘
10:48:04	5.04	--	3	1512	买盘
10:48:00	5.04	0.01	104	52416	买盘
10:47:55	5.03	--	26	13078	卖盘
10:47:34	5.03	--	100	50300	卖盘
10:47:30	5.03	--	100	50300	卖盘
10:47:04	5.03	--	1	503	卖盘
10:46:58	5.03	--	20	10060	卖盘
10:46:28	5.03	-0.01	40	20120	卖盘
10:46:25	5.04	0.01	2	1008	买盘
10:46:19	5.03	-0.01	8	4024	卖盘
10:46:04	5.04	0.01	13	6552	中性盘
10:45:58	5.03	-0.01	100	50300	卖盘
10:45:40	5.04	--	8	4032	买盘
10:45:28	5.04	--	26	13104	买盘
10:45:25	5.04	--	20	10080	买盘
10:45:13	5.04	0.01	7	3528	买盘
10:45:09	5.03	-0.01	95	47785	卖盘
10:45:04	5.04	--	0	0	中性盘
10:44:58	5.04	0.01	58	29232	买盘
10:44:54	5.03	-0.01	16	8048	卖盘
10:44:39	5.04	--	5	2525	买盘
10:44:34	5.04	--	10	5040	买盘
10:44:28	5.04	--	52	26208	买盘
10:44:19	5.04	0.01	2	1008	买盘
10:44:13	5.03	--	35	17605	卖盘
10:44:04	5.03	-0.01	5	2515	卖盘
10:43:58	5.04	0.01	147	74088	买盘
10:43:49	5.03	--	2	1006	卖盘
10:43:28	5.03	-0.01	139	69917	卖盘
10:43:13	5.04	--	20	10080	买盘
10:43:09	5.04	--	11	5544	买盘
10:42:58	5.04	0.01	10	5040	买盘
10:42:39	5.03	-0.01	40	20120	卖盘
10:42:28	5.04	--	200	100800	买盘
10:42:24	5.04	--	2	1008	买盘
10:42:19	5.04	0.01	50	25200	买盘
10:42:13	5.03	--	100	50300	卖盘
10:41:58	5.03	--	10	5030	卖盘
10:41:49	5.03	-0.01	112	56336	卖盘
10:41:34	5.04	--	1342	676368	卖盘
10:41:13	5.04	-0.01	8	4032	卖盘
10:40:54	5.05	0.01	2	1010	买盘
10:40:43	5.04	--	416	209664	卖盘
10:40:39	5.04	--	36	18144	卖盘
10:40:28	5.04	-0.01	21	10584	卖盘
10:40:07	5.05	0.01	23	11615	买盘
10:39:58	5.04	--	100	50400	卖盘
10:39:52	5.04	--	50	25200	卖盘
10:39:49	5.04	--	20	10080	卖盘
10:39:43	5.04	--	30	15120	卖盘
10:39:28	5.04	-0.01	4	2016	卖盘
10:39:13	5.05	0.01	22	11110	买盘
10:39:07	5.04	-0.01	35	17640	卖盘
10:38:58	5.05	0.01	2788	1407940	买盘
10:38:43	5.04	0.01	20	10080	买盘
10:38:33	5.03	-0.01	20	10060	卖盘
10:38:28	5.04	--	10	5040	买盘
10:38:22	5.04	--	14	7056	买盘
10:38:13	5.04	0.01	407	205128	买盘
10:38:07	5.03	-0.01	1	503	卖盘
10:38:03	5.04	--	15	7560	买盘
10:37:52	5.04	0.01	1	504	买盘
10:37:43	5.03	-0.01	1	503	卖盘
10:37:33	5.04	0.01	20	10080	买盘
10:37:28	5.03	-0.01	874	439622	卖盘
10:37:22	5.04	--	20	10080	买盘
10:37:13	5.04	--	15	7560	买盘
10:36:58	5.04	--	189	95256	买盘
10:36:52	5.04	--	93	46872	买盘
10:36:43	5.04	--	10	5040	买盘
10:36:37	5.04	--	105	52920	买盘
10:36:33	5.04	--	5	2520	买盘
10:36:18	5.04	--	351	176904	买盘
10:36:03	5.04	0.01	10	5040	买盘
10:35:58	5.03	--	34	17102	卖盘
10:35:52	5.03	--	3	1509	卖盘
10:35:43	5.03	--	7	3521	卖盘
10:35:37	5.03	--	6	3018	卖盘
10:35:22	5.03	--	58	29174	卖盘
10:35:18	5.03	--	1	503	卖盘
10:35:07	5.03	-0.01	24	12072	卖盘
10:35:03	5.04	0.01	1	504	买盘
10:34:52	5.03	-0.01	10	5030	卖盘
10:34:48	5.04	0.01	5	2520	买盘
10:34:18	5.03	--	10	5030	卖盘
10:34:01	5.03	-0.01	11	5533	卖盘
10:33:52	5.04	--	30	15120	买盘
10:33:46	5.04	0.01	24	12096	买盘
10:33:42	5.03	--	35	17605	卖盘
10:33:37	5.03	-0.01	26	13078	卖盘
10:33:22	5.04	--	30	15120	买盘
10:33:16	5.04	--	330	166320	卖盘
10:33:07	5.04	--	120	60480	卖盘
10:33:01	5.04	--	182	91728	卖盘
10:32:58	5.04	--	24	12096	卖盘
10:32:52	5.04	--	25	12600	卖盘
10:32:46	5.04	--	317	159768	卖盘
10:32:37	5.04	-0.01	144	72576	卖盘
10:32:31	5.05	0.01	73	36865	买盘
10:32:22	5.04	-0.01	103	51912	卖盘
10:32:07	5.05	0.01	30	15150	买盘
10:32:01	5.04	--	8	4032	卖盘
10:31:46	5.04	--	40	20160	卖盘
10:31:31	5.04	--	6	3024	卖盘
10:31:16	5.04	-0.01	50	25200	卖盘
10:31:12	5.05	0.01	2	1010	买盘
10:31:01	5.04	--	1	504	卖盘
10:30:57	5.04	-0.01	11	5544	卖盘
10:30:52	5.05	--	2	1010	买盘
10:30:46	5.05	--	10	5050	买盘
10:30:22	5.05	--	9	4545	买盘
10:30:07	5.05	0.01	15	7575	买盘
10:30:01	5.04	-0.01	14	7056	卖盘
10:29:12	5.05	0.01	10	5050	买盘
10:29:07	5.04	-0.01	1	504	卖盘
10:28:57	5.05	--	32	16160	买盘
10:28:52	5.05	--	62	31310	买盘
10:28:46	5.05	0.01	10	5050	买盘
10:28:42	5.04	-0.01	3	1512	卖盘
10:28:37	5.05	0.01	5	2525	买盘
10:28:16	5.04	-0.01	61	30744	卖盘
10:28:11	5.05	0.01	10	5050	买盘
10:28:07	5.04	-0.01	200	100800	卖盘
10:28:01	5.05	0.01	524	264620	买盘
10:27:46	5.04	-0.01	5	2520	卖盘
10:27:40	5.05	0.01	10	5050	买盘
10:27:10	5.04	-0.01	15	7560	卖盘
10:27:06	5.05	--	1	505	买盘
10:27:01	5.05	--	2	1010	买盘
10:26:51	5.05	0.01	5	2525	买盘
10:26:46	5.04	--	1	504	卖盘
10:26:16	5.04	-0.01	112	56448	卖盘
10:26:10	5.05	--	5	2525	买盘
10:26:01	5.05	--	10	5050	买盘
10:25:55	5.05	--	18	9090	买盘
10:25:40	5.05	--	15	7575	买盘
10:25:36	5.05	--	225	113751	卖盘
10:25:25	5.05	--	3	1515	卖盘
10:25:16	5.05	--	34	17170	卖盘
10:25:10	5.05	-0.01	140	70700	卖盘
10:25:06	5.06	0.01	2	1011	买盘
10:24:55	5.05	-0.01	51	25755	卖盘
10:24:51	5.06	0.01	37	18722	买盘
10:24:46	5.05	--	14	7070	卖盘
10:24:40	5.05	--	1	505	卖盘
10:24:25	5.05	--	50	25250	卖盘
10:24:06	5.05	--	10	5050	卖盘
10:23:25	5.05	-0.01	31	15655	卖盘
10:23:10	5.06	--	25	12649	买盘
10:23:06	5.06	0.01	27	13661	买盘
10:22:55	5.05	--	50	25250	卖盘
10:22:51	5.05	0.01	127	64513	买盘
10:22:46	5.04	--	10	5040	卖盘
10:22:40	5.04	-0.01	109	54936	卖盘
10:22:36	5.05	--	6	3030	买盘
10:22:31	5.05	0.01	1573	794365	买盘
10:22:10	5.04	--	18	9072	卖盘
10:22:06	5.04	--	10	5040	卖盘
10:21:51	5.04	--	11	5544	卖盘
10:21:46	5.04	-0.01	18	9072	卖盘
10:21:15	5.05	0.01	2	1010	买盘
10:21:04	5.04	--	22	11088	卖盘
10:21:00	5.04	-0.01	5	2520	卖盘
10:20:55	5.05	0.01	10	5050	买盘
10:20:40	5.04	-0.01	1	504	卖盘
10:20:30	5.05	--	7	3535	买盘
10:20:10	5.05	--	5	2525	买盘
10:20:04	5.05	0.01	1	505	买盘
10:19:55	5.04	--	250	126000	卖盘
10:19:49	5.04	--	10	5040	卖盘
10:19:40	5.04	--	5	2520	卖盘
10:19:34	5.04	--	216	108864	买盘
10:19:19	5.04	--	2	1008	买盘
10:19:04	5.04	0.01	10	5040	买盘
10:18:55	5.03	-0.01	200	100600	卖盘
10:18:40	5.04	--	14	7056	买盘
10:18:34	5.04	--	8	4032	买盘
10:18:19	5.04	--	31	15624	买盘
10:18:15	5.04	--	11	5544	卖盘
10:18:10	5.04	--	103	51912	卖盘
10:18:04	5.04	--	68	34272	卖盘
10:18:00	5.04	--	50	25200	卖盘
10:17:55	5.04	-0.01	35	17640	卖盘
10:17:49	5.05	0.01	1	505	买盘
10:17:40	5.04	--	33	16632	卖盘
10:17:34	5.04	-0.01	180	90720	卖盘
10:17:30	5.05	--	1	505	买盘
10:17:25	5.05	0.01	22	11110	买盘
10:17:19	5.04	--	12	6048	卖盘
10:17:10	5.04	--	1	504	卖盘
10:17:04	5.04	--	10	5040	卖盘
10:17:00	5.04	-0.01	1	504	卖盘
10:16:34	5.05	0.01	11	5555	买盘
10:16:25	5.04	-0.01	800	403200	卖盘
10:16:19	5.05	--	73	36865	买盘
10:16:10	5.05	--	100	50500	买盘
10:16:04	5.05	--	40	20200	买盘
10:15:49	5.05	--	1	505	买盘
10:15:45	5.05	-0.01	34	17170	卖盘
10:15:30	5.06	0.01	22	11132	买盘
10:15:25	5.05	--	2	1010	卖盘
10:15:19	5.05	--	20	10100	卖盘
10:15:04	5.05	--	2	1010	卖盘
10:14:58	5.05	-0.01	92	46460	卖盘
10:14:54	5.06	--	6	3035	买盘
10:14:49	5.06	--	0	0	买盘
10:14:43	5.06	0.01	538	272228	买盘
10:14:34	5.05	--	5	2525	买盘
10:14:28	5.05	--	0	0	中性盘
10:14:24	5.05	--	144	72720	卖盘
10:13:58	5.05	--	85	42925	卖盘
10:13:49	5.05	-0.01	1	505	卖盘
10:13:43	5.06	0.01	40	20240	买盘
10:13:39	5.05	--	118	59590	卖盘
10:13:34	5.05	--	110	55550	卖盘
10:13:28	5.05	-0.01	6	3030	卖盘
10:13:24	5.06	--	10	5060	买盘
10:13:19	5.06	--	7	3541	买盘
10:13:13	5.06	0.01	26	13155	买盘
10:13:04	5.05	-0.01	115	58075	卖盘
10:12:49	5.06	--	21	10626	买盘
10:12:43	5.06	0.01	20	10120	买盘
10:12:39	5.05	-0.01	200	101000	卖盘
10:12:34	5.06	--	53	26817	买盘
10:11:54	5.06	0.01	10	5060	买盘
10:11:49	5.05	--	14	7070	卖盘
10:11:43	5.05	--	7	3535	卖盘
10:11:28	5.05	-0.01	172	86860	卖盘
10:11:19	5.06	0.01	51	25805	买盘
10:10:58	5.05	-0.01	30	15150	卖盘
10:10:54	5.06	--	3	1517	买盘
10:10:34	5.06	--	11	5566	买盘
10:10:28	5.06	--	20	10120	买盘
10:10:24	5.06	--	30	15179	买盘
10:10:13	5.06	--	20	10120	买盘
10:10:09	5.06	--	1	505	买盘
10:09:54	5.06	--	125	63249	买盘
10:09:43	5.06	--	198	100187	买盘
10:09:39	5.06	--	5	2530	买盘
10:09:28	5.06	0.01	60	30359	买盘
10:09:24	5.05	--	79	39895	卖盘
10:08:53	5.05	--	46	23230	买盘
10:08:49	5.05	--	15	7575	买盘
10:08:43	5.05	--	107	54035	买盘
10:08:37	5.05	--	299	150995	买盘
10:08:28	5.05	--	50	25250	买盘
10:08:22	5.05	--	31	15655	买盘
10:08:18	5.05	--	78	39390	买盘
10:08:13	5.05	--	60	30300	买盘
10:08:07	5.05	--	71	35855	买盘
10:08:03	5.05	0.01	10	5050	买盘
10:07:58	5.04	-0.01	255	128520	卖盘
10:07:52	5.05	--	158	79790	买盘
10:07:48	5.05	--	42	21210	买盘
10:07:43	5.05	--	227	114635	买盘
10:07:22	5.05	0.01	213	107565	买盘
10:07:13	5.04	-0.01	105	52920	卖盘
10:07:07	5.05	--	30	15150	买盘
10:06:58	5.05	0.01	113	57065	买盘
10:06:43	5.04	-0.01	10	5040	卖盘
10:06:13	5.05	--	10	5050	买盘
10:05:52	5.05	0.02	337	170185	买盘
10:05:48	5.03	--	20	10060	卖盘
10:05:43	5.03	-0.01	557	280171	卖盘
10:05:37	5.04	0.01	5	2520	买盘
10:05:33	5.03	-0.01	5	2515	卖盘
10:05:28	5.04	--	20	10080	买盘
10:05:22	5.04	--	2	1008	买盘
10:05:03	5.04	--	8	4032	买盘
10:04:58	5.04	--	10	5040	买盘
10:04:48	5.04	--	5	2520	买盘
10:04:37	5.04	0.01	15	7560	买盘
10:04:33	5.03	-0.01	126	63378	卖盘
10:04:28	5.04	--	315	158760	买盘
10:04:22	5.04	--	13	6552	买盘
10:04:07	5.04	--	5	2520	买盘
10:03:58	5.04	--	2	1008	买盘
10:03:52	5.04	--	10	5040	买盘
10:03:48	5.04	0.01	6	3024	买盘
10:03:37	5.03	-0.01	194	97582	卖盘
10:03:18	5.04	--	111	55944	买盘
10:03:13	5.04	--	20	10080	买盘
10:03:03	5.04	--	131	66024	卖盘
10:02:52	5.04	--	381	192024	买盘
10:02:43	5.04	--	510	257040	买盘
10:02:37	5.04	0.01	43	21672	买盘
10:02:16	5.03	-0.01	160	80480	卖盘
10:02:12	5.04	0.01	216	108864	买盘
10:02:07	5.03	-0.01	5	2515	卖盘
10:02:01	5.04	0.01	82	41328	买盘
10:01:52	5.03	-0.01	20	10060	卖盘
10:01:42	5.04	--	35	17640	买盘
10:01:37	5.04	--	10	5040	买盘
10:01:31	5.04	0.01	100	50400	买盘
10:01:16	5.03	-0.01	10	5030	卖盘
10:01:01	5.04	--	20	10080	买盘
10:00:46	5.04	--	104	52416	卖盘
10:00:37	5.04	--	60	30240	卖盘
10:00:31	5.04	--	110	55440	卖盘
10:00:27	5.04	--	102	51408	卖盘
10:00:22	5.04	--	78	39312	卖盘
10:00:07	5.04	--	8	4032	卖盘
10:00:01	5.04	--	7	3528	卖盘
09:59:46	5.04	--	18	9072	卖盘
09:59:31	5.04	--	311	156744	买盘
09:59:27	5.04	--	22	11088	买盘
09:59:22	5.04	--	48	24192	买盘
09:59:16	5.04	--	530	267120	买盘
09:59:07	5.04	--	35	17640	买盘
09:58:52	5.04	--	100	50400	买盘
09:58:46	5.04	--	76	38304	买盘
09:58:37	5.04	0.01	7	3528	买盘
09:58:31	5.03	-0.01	50	25150	卖盘
09:58:22	5.04	--	18	9072	买盘
09:58:12	5.04	0.01	10	5040	买盘
09:58:07	5.03	--	7	3521	卖盘
09:58:01	5.03	--	15	7545	卖盘
09:57:46	5.03	-0.01	26	13078	卖盘
09:57:31	5.04	--	50	25200	买盘
09:57:22	5.04	--	35	17640	买盘
09:57:16	5.04	0.01	50	25200	买盘
09:57:12	5.03	-0.01	140	70420	卖盘
09:57:07	5.04	0.01	445	224280	买盘
09:56:52	5.03	-0.01	50	25150	卖盘
09:56:46	5.04	--	37	18648	买盘
09:56:42	5.04	--	8	4032	买盘
09:56:37	5.04	0.01	10	5040	买盘
09:56:31	5.03	-0.01	10	5030	卖盘
09:56:27	5.04	--	134	67536	买盘
09:56:16	5.04	--	300	151200	买盘
09:56:12	5.04	--	10	5040	买盘
09:55:57	5.04	0.01	100	50400	买盘
09:55:46	5.03	--	33	16599	卖盘
09:55:31	5.03	-0.01	3	1509	卖盘
09:55:16	5.04	0.01	8	4032	买盘
09:55:10	5.03	-0.01	20	10060	卖盘
09:54:55	5.04	--	10	5040	买盘
09:54:51	5.04	-0.01	10	5040	买盘
09:54:21	5.05	0.01	23	11615	买盘
09:54:16	5.04	--	90	45360	买盘
09:54:10	5.04	--	419	211176	卖盘
09:54:01	5.04	--	13	6552	卖盘
09:53:51	5.04	-0.01	123	61992	卖盘
09:53:46	5.05	--	3	1515	买盘
09:53:40	5.05	0.01	20	10100	买盘
09:53:31	5.04	--	5	2520	卖盘
09:53:25	5.04	--	5	2520	卖盘
09:53:21	5.04	-0.01	50	25200	卖盘
09:53:16	5.05	0.01	62	31310	买盘
09:53:10	5.04	--	200	100800	卖盘
09:53:06	5.04	--	5	2520	卖盘
09:53:01	5.04	-0.01	22	11088	卖盘
09:52:55	5.05	0.01	23	11615	买盘
09:52:51	5.04	-0.01	89	44856	卖盘
09:52:46	5.05	0.01	3	1515	买盘
09:52:36	5.04	--	126	63504	卖盘
09:52:31	5.04	-0.01	25	12600	卖盘
09:52:25	5.05	0.01	1561	788305	买盘
09:52:21	5.04	--	105	52920	卖盘
09:52:06	5.04	--	16	8064	卖盘
09:51:40	5.04	--	15	7560	卖盘
09:51:31	5.04	--	3	1512	卖盘
09:51:25	5.04	-0.01	104	52416	卖盘
09:51:21	5.05	0.01	6	3030	买盘
09:51:10	5.04	--	7	3528	卖盘
09:51:01	5.04	--	36	18144	卖盘
09:50:55	5.04	--	50	25200	卖盘
09:50:46	5.04	--	2	1008	卖盘
09:50:36	5.04	--	20	10080	卖盘
09:50:31	5.04	-0.01	85	42840	卖盘
09:50:25	5.05	0.01	7	3535	买盘
09:50:15	5.04	--	50	25200	卖盘
09:50:01	5.04	--	20	10080	卖盘
09:49:55	5.04	--	17	8568	卖盘
09:49:46	5.04	--	94	47376	卖盘
09:49:36	5.04	-0.01	34	17136	卖盘
09:49:25	5.05	--	3	1515	买盘
09:49:21	5.05	--	23	11615	买盘
09:49:04	5.05	--	22	11110	买盘
09:48:49	5.05	--	628	317140	卖盘
09:48:34	5.05	--	2	1010	卖盘
09:48:30	5.05	--	30	15150	卖盘
09:48:25	5.05	--	11	5555	卖盘
09:48:19	5.05	-0.01	53	26765	卖盘
09:48:00	5.06	--	5	2530	买盘
09:47:55	5.06	0.01	11	5566	买盘
09:47:49	5.05	--	65	32825	卖盘
09:47:40	5.05	-0.01	10	5050	卖盘
09:47:25	5.06	0.01	1	505	买盘
09:47:19	5.05	--	12	6060	卖盘
09:47:15	5.05	--	5	2525	卖盘
09:47:10	5.05	--	36	18180	卖盘
09:47:00	5.05	--	50	25250	卖盘
09:46:55	5.05	--	5	2525	卖盘
09:46:49	5.05	--	13	6565	卖盘
09:46:40	5.05	--	124	62620	卖盘
09:46:25	5.05	-0.01	10	5050	卖盘
09:46:19	5.06	-0.01	101	51105	买盘
09:46:04	5.07	0.01	114	57798	买盘
09:45:55	5.06	--	112	56671	买盘
09:45:34	5.06	-0.01	13	6577	卖盘
09:45:30	5.07	0.01	300	152100	买盘
09:45:25	5.06	-0.01	120	60719	卖盘
09:45:19	5.07	0.01	1	507	买盘
09:45:04	5.06	--	8	4047	卖盘
09:44:55	5.06	--	44	22264	卖盘
09:44:49	5.06	-0.01	5	2530	卖盘
09:44:34	5.07	0.01	350	177450	买盘
09:44:19	5.06	-0.01	258	130547	卖盘
09:44:10	5.07	0.01	7	3549	买盘
09:44:00	5.06	-0.01	1	505	卖盘
09:43:55	5.07	0.01	313	158691	买盘
09:43:49	5.06	--	77	38962	卖盘
09:43:40	5.06	-0.01	253	128017	卖盘
09:43:34	5.07	--	93	47151	买盘
09:43:30	5.07	0.01	309	156663	买盘
09:43:25	5.06	--	593	300058	卖盘
09:43:19	5.06	--	1	505	卖盘
09:43:15	5.06	--	1	505	卖盘
09:43:09	5.06	--	16	8095	卖盘
09:43:04	5.06	--	36	18216	卖盘
09:43:00	5.06	--	50	25299	卖盘
09:42:54	5.06	--	96	48575	买盘
09:42:49	5.06	--	30	15179	买盘
09:42:45	5.06	--	50	25299	买盘
09:42:28	5.06	--	6	3035	买盘
09:42:19	5.06	--	24	12143	买盘
09:42:13	5.06	--	70	35420	买盘
09:42:09	5.06	--	18	9108	买盘
09:41:58	5.06	--	63	31877	买盘
09:41:54	5.06	0.01	215	108789	买盘
09:41:49	5.05	-0.01	1	505	卖盘
09:41:43	5.06	--	135	68310	买盘
09:41:39	5.06	-0.01	82	41492	卖盘
09:41:34	5.07	--	3	1521	买盘
09:41:28	5.07	0.01	20	10140	买盘
09:41:19	5.06	0.01	52	26311	买盘
09:41:09	5.05	-0.01	3	1515	卖盘
09:41:04	5.06	--	41	20746	买盘
09:40:58	5.06	--	30	15179	买盘
09:40:54	5.06	-0.01	917	464001	卖盘
09:40:43	5.07	0.01	53	26871	买盘
09:40:39	5.06	--	50	25299	卖盘
09:40:34	5.06	--	1	505	卖盘
09:40:28	5.06	--	246	124475	买盘
09:40:24	5.06	0.01	10	5060	买盘
09:40:19	5.05	-0.01	10	5050	卖盘
09:40:13	5.06	0.01	38	19228	买盘
09:40:04	5.05	--	20	10100	卖盘
09:39:58	5.05	0.01	314	158570	买盘
09:39:49	5.04	--	100	50400	卖盘
09:39:43	5.04	--	343	172872	卖盘
09:39:39	5.04	--	184	92736	买盘
09:39:28	5.04	--	6	3024	买盘
09:39:19	5.04	0.01	10	5040	买盘
09:39:13	5.03	-0.01	71	35713	卖盘
09:39:09	5.04	0.01	134	67536	买盘
09:38:58	5.03	-0.01	111	55833	卖盘
09:38:54	5.04	--	55	27720	卖盘
09:38:43	5.04	0.01	45	22680	卖盘
09:38:34	5.03	-0.01	600	301800	卖盘
09:38:24	5.04	--	14	7056	买盘
09:38:13	5.04	--	26	13104	买盘
09:38:09	5.04	--	299	150696	买盘
09:38:04	5.04	--	10	5040	买盘
09:37:58	5.04	--	429	216216	卖盘
09:37:54	5.04	--	12	6048	卖盘
09:37:34	5.04	--	101	50904	卖盘
09:37:28	5.04	--	103	51912	卖盘
09:37:19	5.04	-0.01	31	15624	卖盘
09:37:13	5.05	0.01	53	26765	买盘
09:37:04	5.04	--	15	7560	卖盘
09:36:58	5.04	--	60	30240	卖盘
09:36:54	5.04	--	50	25200	卖盘
09:36:43	5.04	--	77	38808	卖盘
09:36:39	5.04	--	21	10584	卖盘
09:36:28	5.04	--	150	75600	卖盘
09:36:24	5.04	-0.01	20	10080	卖盘
09:36:13	5.05	--	8	4040	买盘
09:35:54	5.05	0.01	50	25250	买盘
09:35:48	5.04	-0.01	215	108360	卖盘
09:35:37	5.05	--	872	440360	买盘
09:35:28	5.05	0.01	20	10100	买盘
09:35:22	5.04	-0.01	60	30240	卖盘
09:35:13	5.05	0.01	451	227755	买盘
09:35:07	5.04	--	2	1008	卖盘
09:35:03	5.04	--	269	135576	卖盘
09:34:58	5.04	--	30	15120	卖盘
09:34:48	5.04	--	47	23688	卖盘
09:34:43	5.04	--	10	5040	卖盘
09:34:37	5.04	--	99	49896	卖盘
09:34:33	5.04	--	5	2520	卖盘
09:34:22	5.04	-0.01	16	8064	卖盘
09:34:13	5.05	--	75	37875	买盘
09:33:43	5.05	0.01	51	25755	买盘
09:33:37	5.04	-0.01	25	12600	中性盘
09:33:33	5.05	0.01	610	308050	买盘
09:33:28	5.04	-0.01	23	11592	卖盘
09:33:18	5.05	--	10	5050	买盘
09:33:07	5.05	--	55	27775	买盘
09:33:03	5.05	--	50	25250	买盘
09:32:58	5.05	--	0	0	买盘
09:32:48	5.05	--	20	10100	买盘
09:32:43	5.05	--	30	15150	买盘
09:32:37	5.05	0.03	28	14140	买盘
09:32:33	5.02	-0.03	1149	576798	卖盘
09:32:22	5.05	-0.01	200	101000	卖盘
09:32:13	5.06	--	76	38456	卖盘
09:31:58	5.06	--	39	19734	买盘
09:31:48	5.06	--	3	1517	卖盘
09:31:37	5.06	-0.01	116	58695	卖盘
09:31:33	5.07	0.01	56	28392	买盘
09:31:28	5.06	--	218	110307	买盘
09:31:22	5.06	--	267	135102	卖盘
09:31:18	5.06	--	40	20240	卖盘
09:31:13	5.06	--	13	6577	买盘
09:31:07	5.06	--	33	16698	买盘
09:30:52	5.06	--	12	6071	卖盘
09:30:48	5.06	0.01	21	10626	卖盘
09:30:42	5.05	-0.01	21	10605	卖盘
09:30:37	5.06	--	100	50599	买盘
09:30:27	5.06	0.01	5	2530	买盘
09:30:12	5.05	-0.01	100	50500	卖盘
09:30:07	5.06	--	511	258565	买盘
09:30:01	5.06	--	5	2530	买盘
09:28:51	5.06	--	0	0	买盘
09:25:08	5.06	5.06	432	218591	买盘
