成交时间	成交价	价格变动	成交量(手)	成交额(元)	性质
15:00:00	5.2	--	0	0	买盘
15:00:00	5.2	0.01	145	75400	买盘
14:59:58	5.19	--	60	31140	卖盘
14:59:52	5.19	--	91	47229	卖盘
14:59:48	5.19	-0.01	75	38925	卖盘
14:59:43	5.2	0.01	79	41080	买盘
14:59:37	5.19	-0.01	772	400668	卖盘
14:59:33	5.2	--	33	17160	买盘
14:59:28	5.2	0.01	118	61360	买盘
14:59:22	5.19	-0.01	105	54495	卖盘
14:59:18	5.2	0.01	126	65520	买盘
14:59:13	5.19	-0.01	174	90306	卖盘
14:59:07	5.2	--	341	177320	买盘
14:59:03	5.2	0.01	36	18720	买盘
14:58:58	5.19	--	60	31140	卖盘
14:58:52	5.19	-0.01	20	10380	卖盘
14:58:48	5.2	0.01	1080	561600	买盘
14:58:43	5.19	--	35	18165	卖盘
14:58:37	5.19	--	61	31659	卖盘
14:58:33	5.19	0.01	29	15051	买盘
14:58:28	5.18	-0.01	413	214099	卖盘
14:58:22	5.19	0.01	112	58128	买盘
14:58:18	5.18	-0.01	2	1036	卖盘
14:58:13	5.19	0.01	56	29064	买盘
14:58:07	5.18	--	56	29008	卖盘
14:57:58	5.18	--	55	28490	卖盘
14:57:52	5.18	--	23	11914	卖盘
14:57:48	5.18	--	130	67340	买盘
14:57:43	5.18	--	10	5180	买盘
14:57:37	5.18	0.01	37	19166	卖盘
14:57:28	5.17	-0.02	511	264187	卖盘
14:57:18	5.19	--	19	9861	买盘
14:57:13	5.19	--	30	15570	买盘
14:57:02	5.19	-0.01	113	58647	卖盘
14:56:58	5.2	0.01	218	113360	买盘
14:56:48	5.19	--	103	53457	卖盘
14:56:43	5.19	--	89	46191	买盘
14:56:37	5.19	--	93	48267	买盘
14:56:28	5.19	--	4	2076	买盘
14:56:22	5.19	--	2	1038	买盘
14:56:18	5.19	--	23	11937	买盘
14:56:13	5.19	-0.01	432	224208	卖盘
14:56:07	5.2	--	103	53560	买盘
14:56:03	5.2	0.01	10	5200	买盘
14:55:57	5.19	-0.01	11	5709	卖盘
14:55:52	5.2	--	293	152360	买盘
14:55:48	5.2	0.01	11	5720	买盘
14:55:42	5.19	-0.01	200	103800	卖盘
14:55:37	5.2	--	14	7280	买盘
14:55:32	5.2	--	2	1040	买盘
14:55:27	5.2	--	5	2600	买盘
14:55:22	5.2	--	75	39000	买盘
14:55:18	5.2	--	29	15184	卖盘
14:55:12	5.2	--	20	10400	卖盘
14:55:07	5.2	--	50	26000	卖盘
14:55:02	5.2	--	10	5200	卖盘
14:54:57	5.2	--	2	1040	卖盘
14:54:52	5.2	--	75	39000	卖盘
14:54:48	5.2	--	4	2080	卖盘
14:54:42	5.2	--	5	2600	卖盘
14:54:37	5.2	--	112	58240	卖盘
14:54:31	5.2	--	162	84240	卖盘
14:54:27	5.2	-0.01	22	11440	卖盘
14:54:22	5.21	--	188	97948	买盘
14:54:12	5.21	0.01	27	14067	买盘
14:54:07	5.2	--	5	2600	卖盘
14:54:01	5.2	-0.01	79	41080	卖盘
14:53:57	5.21	0.01	12	6252	买盘
14:53:52	5.2	--	1	520	卖盘
14:53:42	5.2	--	44	22880	卖盘
14:53:37	5.2	-0.01	120	62400	卖盘
14:53:31	5.21	0.01	238	123998	买盘
14:53:22	5.2	-0.01	40	20800	卖盘
14:53:16	5.21	--	1	521	买盘
14:53:12	5.21	--	22	11462	买盘
14:53:07	5.21	--	4	2084	买盘
14:53:01	5.21	--	109	56789	卖盘
14:52:57	5.21	--	20	10420	卖盘
14:52:52	5.21	--	30	15630	卖盘
14:52:46	5.21	0.01	7	3647	中性盘
14:52:42	5.2	-0.01	610	317200	卖盘
14:52:37	5.21	--	22	11462	买盘
14:52:31	5.21	0.01	108	56268	买盘
14:52:27	5.2	-0.01	10	5200	卖盘
14:52:16	5.21	--	381	198501	买盘
14:52:07	5.21	0.01	40	20840	买盘
14:52:01	5.2	-0.01	20	10400	卖盘
14:51:52	5.21	--	313	163073	买盘
14:51:31	5.21	0.01	15	7815	买盘
14:51:22	5.2	--	20	10400	卖盘
14:51:16	5.2	--	10	5200	卖盘
14:51:11	5.2	--	4	2080	卖盘
14:51:07	5.2	--	30	15600	卖盘
14:51:01	5.2	--	146	76336	买盘
14:50:57	5.2	--	18	9360	买盘
14:50:52	5.2	--	200	104000	买盘
14:50:41	5.2	0.01	30	15600	买盘
14:50:37	5.19	--	20	10380	卖盘
14:50:31	5.19	-0.01	14	7266	卖盘
14:50:27	5.2	--	15	7800	买盘
14:50:22	5.2	--	50	26000	买盘
14:50:16	5.2	--	50	26000	买盘
14:50:01	5.2	0.01	8	4160	买盘
14:49:52	5.19	-0.02	385	199815	卖盘
14:49:42	5.21	0.01	2	1042	买盘
14:49:37	5.2	--	50	26000	卖盘
14:49:31	5.2	--	7	3640	卖盘
14:49:22	5.2	--	40	20800	卖盘
14:49:16	5.2	--	136	70720	卖盘
14:49:11	5.2	--	45	23400	卖盘
14:49:01	5.2	--	40	20800	卖盘
14:48:46	5.2	--	1	520	卖盘
14:48:42	5.2	--	27	14040	卖盘
14:48:36	5.2	--	6	3120	买盘
14:48:31	5.2	--	43	22360	买盘
14:48:26	5.2	--	30	15600	买盘
14:48:21	5.2	0.01	196	101920	买盘
14:48:16	5.19	--	25	12975	卖盘
14:48:11	5.19	-0.01	464	240816	卖盘
14:48:01	5.2	0.01	220	114400	买盘
14:47:56	5.19	-0.01	30	15570	卖盘
14:47:51	5.2	--	50	26000	买盘
14:47:46	5.2	0.01	435	226200	买盘
14:47:36	5.19	--	1	519	卖盘
14:47:31	5.19	--	100	51900	卖盘
14:47:25	5.19	--	20	10380	卖盘
14:47:21	5.19	-0.01	73	37887	卖盘
14:47:16	5.2	0.01	289	150280	买盘
14:47:01	5.19	--	40	20760	卖盘
14:46:51	5.19	--	130	67470	卖盘
14:46:46	5.19	--	100	51900	卖盘
14:46:31	5.19	--	3	1557	卖盘
14:46:25	5.19	--	10	5190	卖盘
14:46:16	5.19	--	10	5190	卖盘
14:46:10	5.19	-0.01	6	3114	卖盘
14:46:01	5.2	0.01	1	520	买盘
14:45:51	5.19	--	4	2076	卖盘
14:45:46	5.19	-0.01	20	10380	卖盘
14:45:40	5.2	0.01	60	31200	买盘
14:45:21	5.19	--	1	519	卖盘
14:45:16	5.19	--	26	13494	卖盘
14:45:10	5.19	--	27	14013	卖盘
14:45:01	5.19	--	50	25950	卖盘
14:44:55	5.19	--	30	15570	卖盘
14:44:46	5.19	--	33	17127	买盘
14:44:40	5.19	--	25	12975	买盘
14:44:25	5.19	--	14	7266	卖盘
14:44:20	5.19	--	1	519	卖盘
14:44:16	5.19	--	13	6747	买盘
14:44:01	5.19	--	7	3633	买盘
14:43:31	5.19	--	1	519	卖盘
14:43:25	5.19	--	10	5190	卖盘
14:43:16	5.19	--	11	5709	买盘
14:43:10	5.19	0.01	6	3114	买盘
14:43:05	5.18	-0.01	20	10360	卖盘
14:42:55	5.19	--	67	34773	买盘
14:42:50	5.19	--	6	3114	买盘
14:42:31	5.19	--	17	8823	卖盘
14:42:10	5.19	--	43	22317	买盘
14:42:05	5.19	0.01	86	44634	买盘
14:42:01	5.18	-0.01	20	10360	卖盘
14:41:50	5.19	0.01	35	18165	买盘
14:41:40	5.18	-0.01	20	10360	卖盘
14:40:55	5.19	--	0	0	中性盘
14:40:50	5.19	--	13	6747	卖盘
14:40:40	5.19	--	2	1038	卖盘
14:40:30	5.19	--	1	519	卖盘
14:40:25	5.19	--	3	1557	卖盘
14:40:19	5.19	--	60	31140	买盘
14:40:10	5.19	--	48	24912	买盘
14:40:04	5.19	0.01	5	2595	中性盘
14:40:00	5.18	-0.02	319	165242	卖盘
14:39:55	5.2	0.01	45	23400	买盘
14:39:49	5.19	--	186	96534	卖盘
14:39:45	5.19	--	39	20241	买盘
14:39:40	5.19	--	6	3114	买盘
14:39:25	5.19	--	20	10380	卖盘
14:39:19	5.19	--	37	19203	买盘
14:39:04	5.19	--	25	12975	买盘
14:38:55	5.19	--	31	16089	卖盘
14:38:49	5.19	--	10	5190	卖盘
14:38:45	5.19	--	23	11937	卖盘
14:38:30	5.19	-0.01	10	5190	卖盘
14:38:25	5.2	0.01	87	45240	买盘
14:38:00	5.19	--	78	40482	卖盘
14:37:49	5.19	--	21	10899	卖盘
14:37:40	5.19	--	75	38925	买盘
14:37:34	5.19	-0.01	72	37368	卖盘
14:37:25	5.2	0.01	164	85280	买盘
14:37:10	5.19	--	109	56571	买盘
14:37:04	5.19	--	2	1038	买盘
14:36:59	5.19	-0.01	74	38406	卖盘
14:36:49	5.2	0.01	5	2600	买盘
14:36:44	5.19	--	10	5190	卖盘
14:36:25	5.19	--	50	25950	卖盘
14:36:10	5.19	--	33	17127	卖盘
14:36:04	5.19	-0.01	5	2595	卖盘
14:35:59	5.2	0.01	10	5200	买盘
14:35:44	5.19	--	20	10380	卖盘
14:35:25	5.19	-0.01	104	53976	卖盘
14:35:19	5.2	--	64	33280	买盘
14:35:14	5.2	--	0	0	买盘
14:35:10	5.2	--	266	138320	买盘
14:35:04	5.2	0.02	30	15600	买盘
14:34:59	5.18	--	0	0	卖盘
14:34:55	5.18	-0.02	560	290080	卖盘
14:34:49	5.2	0.01	4	2080	买盘
14:34:44	5.19	-0.01	14	7266	卖盘
14:34:34	5.2	0.01	1401	728520	买盘
14:34:19	5.19	--	5	2595	卖盘
14:34:14	5.19	-0.01	7	3633	卖盘
14:34:09	5.2	--	10	5200	买盘
14:34:04	5.2	0.01	50	26000	买盘
14:33:59	5.19	-0.01	30	15570	卖盘
14:33:54	5.2	0.01	1	520	买盘
14:33:49	5.19	--	10	5190	卖盘
14:33:44	5.19	--	30	15570	卖盘
14:33:39	5.19	--	5	2595	买盘
14:33:34	5.19	--	205	106395	买盘
14:33:29	5.19	--	2	1038	买盘
14:33:24	5.19	--	10	5190	买盘
14:33:14	5.19	--	7	3633	买盘
14:33:04	5.19	0.01	4	2076	买盘
14:32:58	5.18	-0.01	96	49728	卖盘
14:32:49	5.19	--	50	25950	买盘
14:32:39	5.19	--	181	93939	买盘
14:32:34	5.19	0.01	6	3114	买盘
14:32:28	5.18	-0.01	5	2590	卖盘
14:32:24	5.19	0.01	3	1557	买盘
14:32:19	5.18	--	56	29008	卖盘
14:32:13	5.18	-0.01	12	6216	卖盘
14:32:04	5.19	--	120	62280	买盘
14:31:58	5.19	0.01	1	519	买盘
14:31:43	5.18	--	10	5180	卖盘
14:31:39	5.18	--	9	4662	卖盘
14:31:34	5.18	--	20	10360	卖盘
14:31:28	5.18	--	10	5180	卖盘
14:31:19	5.18	--	73	37814	卖盘
14:31:13	5.18	--	7	3626	卖盘
14:31:08	5.18	--	20	10360	卖盘
14:30:58	5.18	--	23	11914	买盘
14:30:49	5.18	--	96	49728	买盘
14:30:43	5.18	--	95	49210	买盘
14:30:39	5.18	--	5	2590	买盘
14:30:34	5.18	--	21	10878	买盘
14:30:23	5.18	--	1	518	买盘
14:30:19	5.18	-0.01	323	167314	卖盘
14:30:13	5.19	--	626	324894	买盘
14:29:58	5.19	--	34	17646	买盘
14:29:53	5.19	--	5	2595	买盘
14:29:49	5.19	--	10	5190	买盘
14:29:43	5.19	0.01	12	6228	买盘
14:29:19	5.18	-0.01	1	518	卖盘
14:29:13	5.19	--	6	3114	买盘
14:29:04	5.19	--	5	2595	买盘
14:28:58	5.19	0.01	22	11418	买盘
14:28:43	5.18	-0.01	17	8806	卖盘
14:28:38	5.19	--	17	8823	买盘
14:28:34	5.19	--	20	10380	买盘
14:28:18	5.19	--	5	2595	买盘
14:28:13	5.19	--	101	52419	买盘
14:28:04	5.19	--	10	5190	买盘
14:27:58	5.19	-0.01	291	151029	卖盘
14:27:53	5.2	0.01	9	4680	买盘
14:27:48	5.19	--	18	9342	卖盘
14:27:43	5.19	--	10	5190	卖盘
14:27:18	5.19	0.01	773	401187	买盘
14:27:13	5.18	--	5	2590	卖盘
14:27:08	5.18	0.01	119	61642	买盘
14:26:53	5.17	--	256	132352	买盘
14:26:48	5.17	--	10	5170	买盘
14:26:43	5.17	0.01	16	8272	买盘
14:26:38	5.16	--	82	42312	卖盘
14:26:33	5.16	-0.01	110	56760	卖盘
14:26:28	5.17	0.01	30	15510	买盘
14:26:23	5.16	-0.01	35	18060	卖盘
14:26:07	5.17	--	51	26367	买盘
14:26:03	5.17	--	9	4653	买盘
14:25:58	5.17	--	10	5170	买盘
14:25:52	5.17	0.01	59	30503	买盘
14:25:48	5.16	-0.01	27	13932	卖盘
14:25:43	5.17	0.01	45	23265	买盘
14:25:37	5.16	-0.01	1	516	卖盘
14:25:33	5.17	0.01	10	5170	买盘
14:25:28	5.16	0.01	5	2580	中性盘
14:25:22	5.15	0.01	6	3090	中性盘
14:25:18	5.14	--	56	28784	卖盘
14:25:13	5.14	--	63	32381	卖盘
14:25:07	5.14	-0.01	30	15419	卖盘
14:25:03	5.15	--	41	21115	买盘
14:24:58	5.15	0.01	43	22145	买盘
14:24:52	5.14	-0.01	100	51400	卖盘
14:24:48	5.15	--	15	7725	买盘
14:24:43	5.15	0.01	27	13905	买盘
14:24:37	5.14	-0.01	74	38036	卖盘
14:24:28	5.15	--	10	5150	买盘
14:24:22	5.15	--	918	472770	卖盘
14:24:13	5.15	-0.01	30	15450	卖盘
14:24:02	5.16	--	1019	525902	卖盘
14:23:58	5.16	-0.01	728	375648	卖盘
14:23:47	5.17	--	0	0	卖盘
14:23:43	5.17	--	10	5170	卖盘
14:23:37	5.17	-0.01	510	263670	卖盘
14:23:33	5.18	--	23	11914	卖盘
14:23:22	5.18	--	60	31080	卖盘
14:23:17	5.18	--	20	10360	卖盘
14:23:13	5.18	--	76	39368	卖盘
14:23:07	5.18	-0.01	4	2072	卖盘
14:23:02	5.19	--	26	13494	买盘
14:22:52	5.19	--	15	7785	卖盘
14:22:43	5.19	--	110	57090	卖盘
14:22:37	5.19	--	47	24393	卖盘
14:22:32	5.19	--	10	5190	卖盘
14:22:22	5.19	--	88	45672	卖盘
14:22:17	5.19	0.01	926	480594	中性盘
14:22:13	5.18	--	107	55426	卖盘
14:22:07	5.18	--	167	86506	卖盘
14:22:02	5.18	--	1002	519036	卖盘
14:21:58	5.18	-0.01	89	46102	卖盘
14:21:52	5.19	--	97	50343	卖盘
14:21:43	5.19	--	178	92382	卖盘
14:21:27	5.19	--	50	25950	卖盘
14:21:22	5.19	--	24	12456	卖盘
14:21:17	5.19	--	71	36849	卖盘
14:21:07	5.19	--	28	14532	卖盘
14:20:58	5.19	-0.01	208	107952	卖盘
14:20:52	5.2	0.01	10	5200	买盘
14:20:37	5.19	-0.01	78	40482	卖盘
14:20:32	5.2	--	10	5200	买盘
14:20:27	5.2	0.01	20	10400	买盘
14:20:22	5.19	-0.01	78	40482	卖盘
14:20:07	5.2	0.01	2	1040	买盘
14:20:02	5.19	--	3	1557	卖盘
14:19:57	5.19	--	34	18066	买盘
14:19:47	5.19	--	214	111066	买盘
14:19:42	5.19	0.01	39	20241	买盘
14:19:37	5.18	-0.01	235	121730	卖盘
14:19:22	5.19	0.01	20	10380	买盘
14:19:17	5.18	--	30	15540	卖盘
14:19:07	5.18	-0.01	20	10360	卖盘
14:19:02	5.19	0.01	104	53976	买盘
14:18:52	5.18	--	20	10360	卖盘
14:18:46	5.18	-0.01	55	28490	卖盘
14:18:37	5.19	0.01	25	12975	买盘
14:18:31	5.18	--	5	2590	卖盘
14:18:27	5.18	--	65	33670	卖盘
14:18:22	5.18	-0.01	9	4662	卖盘
14:18:16	5.19	0.01	47	24393	买盘
14:18:01	5.18	--	9	4662	卖盘
14:17:52	5.18	-0.01	30	15540	中性盘
14:17:46	5.19	0.01	550	285450	买盘
14:17:37	5.18	--	15	7770	卖盘
14:17:31	5.18	--	60	31080	卖盘
14:17:27	5.18	--	10	5180	卖盘
14:17:16	5.18	-0.01	39	20202	卖盘
14:17:07	5.19	0.01	8	4152	买盘
14:17:01	5.18	--	66	34188	卖盘
14:16:57	5.18	--	100	51800	卖盘
14:16:52	5.18	-0.01	141	73038	卖盘
14:16:46	5.19	--	20	10380	买盘
14:16:42	5.19	0.01	6	3114	买盘
14:16:37	5.18	--	141	73038	卖盘
14:16:31	5.18	--	12	6216	卖盘
14:16:22	5.18	--	118	61124	卖盘
14:16:01	5.18	-0.01	68	35224	卖盘
14:15:56	5.19	--	20	10380	买盘
14:15:52	5.19	--	70	36330	买盘
14:15:37	5.19	--	771	400247	卖盘
14:15:31	5.19	--	23	11937	卖盘
14:15:26	5.19	--	968	502392	卖盘
14:15:22	5.19	-0.01	294	152586	卖盘
14:15:01	5.2	--	374	194480	卖盘
14:14:52	5.2	-0.01	87	45240	卖盘
14:14:46	5.21	0.01	11	5731	买盘
14:14:41	5.2	-0.01	135	70200	卖盘
14:14:31	5.21	--	8	4168	买盘
14:14:22	5.21	--	221	115141	卖盘
14:14:16	5.21	--	15	7815	卖盘
14:13:56	5.21	--	10	5210	卖盘
14:13:51	5.21	0.01	55	28655	买盘
14:13:46	5.2	-0.01	100	52000	卖盘
14:13:36	5.21	0.01	161	83881	买盘
14:13:16	5.2	-0.01	20	10400	卖盘
14:13:11	5.21	0.01	30	15630	买盘
14:13:06	5.2	--	49	25480	卖盘
14:13:01	5.2	--	10	5200	卖盘
14:12:51	5.2	--	111	58229	买盘
14:12:41	5.2	--	23	11960	卖盘
14:12:36	5.2	--	14	7280	买盘
14:12:31	5.2	--	10	5200	买盘
14:12:25	5.2	--	92	47840	买盘
14:12:16	5.2	--	5	2600	买盘
14:12:06	5.2	--	20	10400	买盘
14:12:01	5.2	-0.01	58	30160	卖盘
14:11:40	5.21	0.01	32	16672	买盘
14:11:31	5.2	--	100	52000	卖盘
14:11:25	5.2	-0.01	5	2600	卖盘
14:11:21	5.21	0.01	114	59394	买盘
14:11:16	5.2	--	120	62400	卖盘
14:11:10	5.2	--	5	2600	卖盘
14:11:06	5.2	--	30	15600	卖盘
14:11:01	5.2	--	50	26000	卖盘
14:10:55	5.2	0.01	12	6240	买盘
14:10:46	5.19	--	0	0	卖盘
14:10:40	5.19	-0.01	472	244968	卖盘
14:10:36	5.2	--	12	6240	卖盘
14:10:31	5.2	--	60	31200	卖盘
14:10:25	5.2	0.01	358	186160	买盘
14:10:10	5.19	-0.01	29	15051	卖盘
14:10:06	5.2	0.01	203	105560	买盘
14:10:01	5.19	-0.01	77	39963	卖盘
14:09:55	5.2	0.01	17	8840	买盘
14:09:50	5.19	-0.01	20	10380	卖盘
14:09:46	5.2	--	5	2600	买盘
14:09:40	5.2	--	5	2600	买盘
14:09:31	5.2	--	21	10920	卖盘
14:09:25	5.2	--	31	16120	卖盘
14:09:21	5.2	--	434	225680	卖盘
14:09:10	5.2	--	162	84240	卖盘
14:09:01	5.2	--	4	2080	卖盘
14:08:55	5.2	-0.01	30	15600	卖盘
14:08:50	5.21	0.01	10	5210	买盘
14:08:46	5.2	--	257	133640	卖盘
14:08:40	5.2	-0.01	200	104000	卖盘
14:08:35	5.21	0.01	45	23445	买盘
14:08:31	5.2	--	470	244400	卖盘
14:08:16	5.2	--	100	52000	卖盘
14:08:10	5.2	-0.01	45	23400	卖盘
14:08:05	5.21	0.01	310	161510	买盘
14:08:01	5.2	-0.01	100	52000	卖盘
14:07:55	5.21	0.01	85	44285	买盘
14:07:50	5.2	--	5	2600	卖盘
14:07:40	5.2	--	123	63960	卖盘
14:07:35	5.2	-0.01	20	10400	卖盘
14:07:30	5.21	--	35	18235	买盘
14:07:20	5.21	--	91	47411	买盘
14:07:15	5.21	--	13	6773	买盘
14:07:00	5.21	--	90	46890	买盘
14:06:55	5.21	--	13	6773	买盘
14:06:45	5.21	-0.01	96	50016	卖盘
14:06:40	5.22	0.01	6	3132	买盘
14:06:35	5.21	--	150	78150	卖盘
14:06:30	5.21	0.01	5	2605	卖盘
14:06:20	5.2	--	0	0	卖盘
14:06:15	5.2	--	213	110760	卖盘
14:06:10	5.2	--	32	16640	卖盘
14:06:05	5.2	-0.01	100	52000	卖盘
14:05:50	5.21	--	180	93780	买盘
14:05:45	5.21	0.01	12	6252	买盘
14:05:35	5.2	--	110	57200	买盘
14:05:30	5.2	--	14	7280	买盘
14:05:25	5.2	-0.01	152	79040	卖盘
14:05:19	5.21	0.01	85	44285	买盘
14:05:15	5.2	--	50	26000	卖盘
14:05:10	5.2	--	198	102960	买盘
14:05:05	5.2	--	1	520	买盘
14:04:55	5.2	--	216	112320	买盘
14:04:50	5.2	0.01	106	55120	买盘
14:04:45	5.19	-0.01	9	4671	卖盘
14:04:40	5.2	--	30	15600	买盘
14:04:34	5.2	--	22	11440	买盘
14:04:30	5.2	--	20	10400	买盘
14:04:25	5.2	--	111	57720	卖盘
14:04:15	5.2	-0.01	100	52000	卖盘
14:04:10	5.21	--	1	521	买盘
14:04:04	5.21	0.01	9	4689	买盘
14:04:00	5.2	-0.01	100	52000	卖盘
14:03:49	5.21	0.01	27	14067	买盘
14:03:45	5.2	--	104	54080	卖盘
14:03:40	5.2	-0.01	130	67600	卖盘
14:03:34	5.21	0.01	101	52621	买盘
14:03:30	5.2	-0.01	3	1560	卖盘
14:03:19	5.21	--	260	135460	买盘
14:03:10	5.21	--	76	39596	买盘
14:03:04	5.21	--	5	2605	买盘
14:02:55	5.21	--	24	12504	买盘
14:02:49	5.21	-0.01	79	41159	卖盘
14:02:39	5.22	0.01	77	40194	买盘
14:02:34	5.21	-0.01	120	62520	卖盘
14:02:29	5.22	0.01	100	52200	买盘
14:02:25	5.21	-0.01	90	46890	卖盘
14:02:19	5.22	0.01	406	211932	买盘
14:02:14	5.21	-0.01	100	52100	卖盘
14:02:10	5.22	--	10	5220	买盘
14:01:59	5.22	--	20	10440	买盘
14:01:55	5.22	0.01	8	4176	买盘
14:01:49	5.21	-0.01	38	19798	卖盘
14:01:44	5.22	--	4	2088	买盘
14:01:34	5.22	--	82	42804	买盘
14:01:25	5.22	--	259	135198	卖盘
14:01:09	5.22	--	866	452052	卖盘
14:01:04	5.22	-0.01	114	59508	卖盘
14:00:55	5.23	-0.01	1361	711803	卖盘
14:00:49	5.24	--	35	18340	买盘
14:00:44	5.24	--	50	26200	买盘
14:00:39	5.24	--	72	37728	买盘
14:00:34	5.24	0.01	7	3668	买盘
14:00:24	5.23	-0.01	13	6799	卖盘
14:00:19	5.24	0.01	48	25152	买盘
14:00:04	5.23	--	211	110353	买盘
13:59:59	5.23	--	6	3138	买盘
13:59:55	5.23	--	479	250517	买盘
13:59:49	5.23	0.01	93	48639	买盘
13:59:44	5.22	-0.01	91	47502	卖盘
13:59:29	5.23	0.01	98	51254	买盘
13:59:24	5.22	-0.01	268	139896	卖盘
13:59:19	5.23	0.01	10	5230	买盘
13:59:04	5.22	--	3	1566	卖盘
13:58:59	5.22	-0.01	52	27144	卖盘
13:58:49	5.23	0.01	20	10460	买盘
13:58:44	5.22	--	160	83520	卖盘
13:58:29	5.22	--	9	4698	卖盘
13:58:14	5.22	--	9	4698	卖盘
13:58:09	5.22	--	15	7830	卖盘
13:58:04	5.22	--	53	27666	买盘
13:57:59	5.22	--	104	54288	买盘
13:57:54	5.22	--	22	11484	买盘
13:57:43	5.22	--	114	59508	买盘
13:57:34	5.22	--	100	52200	买盘
13:57:19	5.22	--	114	59508	买盘
13:57:13	5.22	--	125	65250	卖盘
13:56:58	5.22	--	15	7830	卖盘
13:56:43	5.22	--	16	8352	卖盘
13:56:39	5.22	--	45	23490	买盘
13:56:34	5.22	0.01	50	26100	买盘
13:56:28	5.21	-0.01	142	73982	卖盘
13:56:19	5.22	--	60	31320	买盘
13:56:13	5.22	--	19	9918	买盘
13:56:09	5.22	--	0	0	中性盘
13:56:04	5.22	--	40	20880	卖盘
13:55:58	5.22	--	43	22446	买盘
13:55:48	5.22	--	137	71514	卖盘
13:55:38	5.22	--	47	24534	买盘
13:55:34	5.22	--	26	13572	卖盘
13:55:28	5.22	--	39	20358	卖盘
13:55:23	5.22	--	24	12528	卖盘
13:55:18	5.22	--	64	33408	买盘
13:55:13	5.22	0.01	54	28188	买盘
13:54:58	5.21	--	10	5210	卖盘
13:54:53	5.21	-0.02	150	78150	卖盘
13:54:48	5.23	0.02	188	98324	买盘
13:54:43	5.21	--	16	8336	卖盘
13:54:33	5.21	-0.02	150	78150	卖盘
13:54:23	5.23	0.02	190	99370	买盘
13:54:18	5.21	--	5	2605	卖盘
13:54:13	5.21	--	88	45848	卖盘
13:54:04	5.21	-0.02	2	1042	卖盘
13:53:58	5.23	--	10	5230	买盘
13:53:53	5.23	--	127	66421	卖盘
13:53:43	5.23	0.01	119	62237	买盘
13:53:38	5.22	--	4	2088	卖盘
13:53:33	5.22	--	0	0	卖盘
13:53:28	5.22	-0.02	149	77778	卖盘
13:53:23	5.24	0.01	334	175016	买盘
13:53:18	5.23	--	559	292367	卖盘
13:53:13	5.23	-0.01	19	9937	卖盘
13:53:04	5.24	--	100	52400	买盘
13:52:58	5.24	--	226	118424	卖盘
13:52:53	5.24	--	39	20436	卖盘
13:52:43	5.24	--	20	10480	卖盘
13:52:33	5.24	--	22	11528	买盘
13:52:28	5.24	--	74	38776	买盘
13:52:23	5.24	--	55	28820	买盘
13:52:18	5.24	--	3	1572	买盘
13:52:13	5.24	--	146	76504	买盘
13:52:08	5.24	--	4	2096	买盘
13:52:03	5.24	--	18	9432	卖盘
13:51:58	5.24	--	10	5240	卖盘
13:51:43	5.24	0.01	69	36156	买盘
13:51:38	5.23	--	80	41840	卖盘
13:51:28	5.23	-0.01	93	48639	卖盘
13:51:13	5.24	-0.01	84	44016	卖盘
13:50:58	5.25	--	1118	586950	卖盘
13:50:48	5.25	0.01	110	57750	买盘
13:50:43	5.24	-0.01	51	26724	卖盘
13:50:37	5.25	0.01	26	13650	买盘
13:50:33	5.24	-0.01	200	104800	卖盘
13:50:22	5.25	--	93	48825	买盘
13:50:13	5.25	--	16	8400	卖盘
13:50:07	5.25	--	75	39375	卖盘
13:49:58	5.25	--	6	3150	卖盘
13:49:52	5.25	--	110	57750	卖盘
13:49:43	5.25	--	30	15750	卖盘
13:49:37	5.25	--	28	14700	买盘
13:49:33	5.25	0.01	24	12600	买盘
13:49:28	5.24	-0.01	16	8384	卖盘
13:49:18	5.25	--	12	6300	买盘
13:49:13	5.25	--	46	24150	买盘
13:49:07	5.25	0.01	17	8925	买盘
13:49:03	5.24	--	0	513	卖盘
13:48:57	5.24	--	307	160868	卖盘
13:48:52	5.24	--	100	52400	卖盘
13:48:48	5.24	--	3	1572	卖盘
13:48:42	5.24	0.01	288	150912	买盘
13:48:37	5.23	--	63	32949	卖盘
13:48:33	5.23	--	20	10460	卖盘
13:48:27	5.23	--	32	16736	卖盘
13:48:22	5.23	--	23	12029	卖盘
13:48:12	5.23	-0.01	231	120813	卖盘
13:47:57	5.24	0.01	8	4192	买盘
13:47:42	5.23	-0.01	81	42363	卖盘
13:47:37	5.24	--	213	111612	卖盘
13:47:27	5.24	--	6	3144	卖盘
13:47:22	5.24	0.01	65	34060	买盘
13:47:12	5.23	-0.01	1	523	卖盘
13:47:07	5.24	--	15	7860	买盘
13:46:57	5.24	0.01	55	28820	买盘
13:46:47	5.23	--	102	53346	卖盘
13:46:42	5.23	--	1510	789730	买盘
13:46:37	5.23	--	36	18828	买盘
13:46:32	5.23	--	12	6276	买盘
13:46:22	5.23	--	62	32426	买盘
13:46:17	5.23	--	69	36087	买盘
13:46:12	5.23	--	90	47070	买盘
13:45:57	5.23	--	4	2092	买盘
13:45:52	5.23	--	72	37656	买盘
13:45:47	5.23	0.01	81	42363	买盘
13:45:37	5.22	-0.01	7	3654	卖盘
13:45:27	5.23	0.01	80	41840	买盘
13:45:22	5.22	--	135	70470	买盘
13:45:17	5.22	--	113	58986	买盘
13:45:12	5.22	0.01	32	16704	买盘
13:45:02	5.21	--	63	32823	卖盘
13:44:57	5.21	--	39	20485	买盘
13:44:52	5.21	--	65	33865	买盘
13:44:47	5.21	--	21	10941	买盘
13:44:42	5.21	--	15	7815	买盘
13:44:37	5.21	0.02	37	19277	买盘
13:44:32	5.19	-0.01	283	147297	卖盘
13:44:27	5.2	--	62	32240	买盘
13:44:22	5.2	0.01	26	13520	买盘
13:44:17	5.19	--	129	66951	卖盘
13:44:12	5.19	--	90	46710	卖盘
13:44:07	5.19	--	82	42558	卖盘
13:44:02	5.19	-0.01	81	42039	卖盘
13:43:57	5.2	0.01	110	57200	买盘
13:43:52	5.19	--	15	7785	卖盘
13:43:47	5.19	--	148	76812	卖盘
13:43:42	5.19	-0.01	21	10899	卖盘
13:43:37	5.2	0.01	44	22880	买盘
13:43:31	5.19	--	10	5190	卖盘
13:43:22	5.19	-0.01	40	20760	卖盘
13:43:16	5.2	--	75	39000	买盘
13:43:12	5.2	0.01	212	110240	买盘
13:43:07	5.19	-0.02	1032	535608	卖盘
13:43:01	5.21	-0.01	79	41159	卖盘
13:42:52	5.22	0.01	344	179568	买盘
13:42:46	5.21	--	329	171409	卖盘
13:42:42	5.21	-0.01	100	52100	卖盘
13:42:37	5.22	-0.01	69	36018	买盘
13:42:31	5.23	0.01	116	60668	买盘
13:42:27	5.22	--	207	108054	卖盘
13:42:22	5.22	-0.01	265	138330	卖盘
13:42:16	5.23	0.01	30	15690	买盘
13:42:12	5.22	-0.01	10	5220	卖盘
13:42:01	5.23	--	233	121859	卖盘
13:41:57	5.23	--	59	30857	卖盘
13:41:52	5.23	--	183	95709	卖盘
13:41:46	5.23	--	98	51254	卖盘
13:41:42	5.23	--	166	86818	卖盘
13:41:37	5.23	-0.01	54	28242	卖盘
13:41:31	5.24	--	66	34584	卖盘
13:41:27	5.24	--	62	32488	卖盘
13:41:21	5.24	--	74	38776	卖盘
13:41:16	5.24	-0.01	91	47684	卖盘
13:41:11	5.25	0.01	15	7875	买盘
13:41:06	5.24	--	5	2620	卖盘
13:41:01	5.24	-0.01	233	122092	卖盘
13:40:56	5.25	--	629	330225	卖盘
13:40:51	5.25	-0.01	22	11550	卖盘
13:40:46	5.26	0.01	52	27352	买盘
13:40:41	5.25	--	10	5250	卖盘
13:40:36	5.25	-0.01	22	11550	卖盘
13:40:31	5.26	--	28	14728	买盘
13:40:26	5.26	0.01	5	2630	买盘
13:40:21	5.25	-0.01	2	1050	卖盘
13:40:16	5.26	--	160	84160	买盘
13:40:11	5.26	0.01	60	31560	中性盘
13:40:06	5.25	-0.01	132	69300	卖盘
13:40:01	5.26	--	31	16306	买盘
13:39:51	5.26	--	10	5260	买盘
13:39:46	5.26	--	20	10520	买盘
13:39:41	5.26	0.01	22	11572	买盘
13:39:36	5.25	-0.01	10	5250	卖盘
13:39:31	5.26	--	5	2630	买盘
13:39:21	5.26	--	227	119402	买盘
13:39:16	5.26	0.01	8	4208	买盘
13:39:06	5.25	-0.01	76	39900	卖盘
13:39:01	5.26	0.01	50	26300	买盘
13:38:51	5.25	--	101	53025	买盘
13:38:46	5.25	--	32	16800	买盘
13:38:41	5.25	--	41	21525	买盘
13:38:36	5.25	--	11	5775	买盘
13:38:31	5.25	--	7	3675	买盘
13:38:26	5.25	--	7	3675	买盘
13:38:21	5.25	--	8	4200	买盘
13:38:16	5.25	0.01	322	169050	买盘
13:38:11	5.24	--	182	95368	买盘
13:38:06	5.24	--	58	30392	买盘
13:38:01	5.24	--	86	45064	买盘
13:37:56	5.24	0.01	328	171872	买盘
13:37:51	5.23	-0.01	122	63806	卖盘
13:37:46	5.24	--	21	11004	买盘
13:37:41	5.24	0.01	60	31440	买盘
13:37:36	5.23	--	82	42886	买盘
13:37:31	5.23	0.01	224	117152	买盘
13:37:21	5.22	--	3	1566	卖盘
13:37:16	5.22	--	606	316332	买盘
13:37:11	5.22	--	57	29754	买盘
13:37:06	5.22	--	49	25578	买盘
13:37:01	5.22	--	45	23490	买盘
13:36:56	5.22	--	224	116928	买盘
13:36:51	5.22	--	81	42282	买盘
13:36:46	5.22	--	70	36540	买盘
13:36:41	5.22	-0.01	1113	580986	卖盘
13:36:31	5.23	--	22	11506	卖盘
13:36:25	5.23	--	75	39225	卖盘
13:36:21	5.23	--	18	9414	买盘
13:36:16	5.23	--	60	31380	买盘
13:36:10	5.23	--	240	125520	买盘
13:36:06	5.23	0.01	10	5230	买盘
13:36:01	5.22	-0.01	25	13050	卖盘
13:35:51	5.23	--	10	5230	买盘
13:35:46	5.23	--	4	2092	买盘
13:35:40	5.23	--	172	89956	卖盘
13:35:36	5.23	--	8	4184	卖盘
13:35:31	5.23	--	101	52823	卖盘
13:35:25	5.23	--	350	183050	卖盘
13:35:21	5.23	-0.01	10	5230	卖盘
13:35:16	5.24	0.01	78	40872	买盘
13:35:10	5.23	-0.01	14	7322	卖盘
13:35:06	5.24	--	5	2620	买盘
13:35:01	5.24	--	3	1572	买盘
13:34:55	5.24	--	73	38252	买盘
13:34:51	5.24	--	6	3144	卖盘
13:34:46	5.24	--	221	115804	卖盘
13:34:40	5.24	--	90	47160	卖盘
13:34:36	5.24	-0.01	7	3668	卖盘
13:34:30	5.25	0.01	119	62475	买盘
13:34:25	5.24	-0.01	40	20960	卖盘
13:34:20	5.25	--	49	25725	卖盘
13:34:15	5.25	--	390	204750	卖盘
13:34:10	5.25	--	236	123900	卖盘
13:34:05	5.25	--	1	525	卖盘
13:34:00	5.25	--	133	69825	卖盘
13:33:55	5.25	-0.01	2	1050	卖盘
13:33:50	5.26	0.01	57	29982	买盘
13:33:45	5.25	--	172	90300	卖盘
13:33:40	5.25	-0.01	174	91350	卖盘
13:33:30	5.26	-0.01	897	471822	卖盘
13:33:25	5.27	--	587	309707	卖盘
13:33:15	5.27	-0.01	300	158100	卖盘
13:33:10	5.28	0.01	29	15312	买盘
13:33:05	5.27	--	146	76942	卖盘
13:33:00	5.27	--	41	21607	卖盘
13:32:55	5.27	-0.01	11	5796	卖盘
13:32:50	5.28	--	3	1584	买盘
13:32:45	5.28	--	121	63888	买盘
13:32:40	5.28	--	2	1056	买盘
13:32:35	5.28	-0.01	7	3696	中性盘
13:32:30	5.29	0.02	21	11109	买盘
13:32:25	5.27	-0.01	60	31619	卖盘
13:32:20	5.28	--	10	5280	卖盘
13:32:15	5.28	--	31	16368	卖盘
13:32:10	5.28	--	3	1584	卖盘
13:32:00	5.28	0.01	184	97320	买盘
13:31:55	5.27	-0.01	119	62712	卖盘
13:31:45	5.28	--	290	153479	卖盘
13:31:40	5.28	-0.01	75	39600	卖盘
13:31:35	5.29	--	22	11638	买盘
13:31:30	5.29	0.01	100	52900	买盘
13:31:25	5.28	-0.01	105	55440	卖盘
13:31:20	5.29	--	210	111090	买盘
13:31:10	5.29	--	5	2645	买盘
13:31:05	5.29	--	77	40733	买盘
13:31:00	5.29	--	25	13225	买盘
13:30:55	5.29	0.01	10	5290	买盘
13:30:50	5.28	-0.01	138	72864	卖盘
13:30:45	5.29	--	10	5290	买盘
13:30:40	5.29	--	9	4761	买盘
13:30:35	5.29	0.01	3	1587	买盘
13:30:20	5.28	-0.01	119	62832	卖盘
13:30:15	5.29	--	90	47610	卖盘
13:30:10	5.29	--	5	2645	卖盘
13:30:05	5.29	-0.01	2	1058	卖盘
13:30:00	5.3	0.01	47	24910	买盘
13:29:55	5.29	-0.01	60	31740	卖盘
13:29:49	5.3	0.01	20	10600	买盘
13:29:40	5.29	--	234	123786	卖盘
13:29:34	5.29	--	10	5290	卖盘
13:29:25	5.29	-0.01	90	47610	卖盘
13:29:20	5.3	--	818	433540	买盘
13:29:15	5.3	0.01	12	6360	买盘
13:29:10	5.29	--	486	257094	卖盘
13:29:04	5.29	--	23	12167	卖盘
13:28:55	5.29	--	135	71415	卖盘
13:28:49	5.29	-0.01	25	13225	卖盘
13:28:45	5.3	--	6	3180	买盘
13:28:40	5.3	--	20	10600	买盘
13:28:34	5.3	--	1	530	买盘
13:28:30	5.3	0.01	51	27438	买盘
13:28:25	5.29	--	65	34506	卖盘
13:28:04	5.29	--	1	529	卖盘
13:28:00	5.29	--	368	195079	买盘
13:27:54	5.29	--	110	58190	买盘
13:27:39	5.29	0.01	9	4761	买盘
13:27:34	5.28	-0.01	126	66528	卖盘
13:27:24	5.29	--	3	1587	买盘
13:27:19	5.29	0.01	166	87814	买盘
13:27:15	5.28	-0.01	10	5280	卖盘
13:27:04	5.29	--	2	1058	买盘
13:26:59	5.29	0.01	8	4232	买盘
13:26:54	5.28	--	320	168960	卖盘
13:26:49	5.28	--	88	46464	卖盘
13:26:39	5.28	--	20	10560	卖盘
13:26:34	5.28	--	22	11906	卖盘
13:26:29	5.28	--	20	10560	卖盘
13:26:24	5.28	--	20	10560	卖盘
13:26:19	5.28	--	28	14784	买盘
13:26:14	5.28	--	78	41184	卖盘
13:26:04	5.28	--	504	266112	卖盘
13:25:49	5.28	--	143	75504	卖盘
13:25:44	5.28	-0.01	100	52800	卖盘
13:25:39	5.29	0.01	18	9522	买盘
13:25:34	5.28	-0.01	40	21120	卖盘
13:25:24	5.29	-0.01	537	284194	卖盘
13:25:19	5.3	0.01	56	29680	买盘
13:25:14	5.29	--	8	4232	卖盘
13:25:09	5.29	--	50	26450	卖盘
13:25:04	5.29	--	35	18515	卖盘
13:24:54	5.29	0.01	121	64416	买盘
13:24:49	5.28	-0.01	213	112464	卖盘
13:24:44	5.29	--	30	15870	买盘
13:24:34	5.29	-0.01	29	15494	卖盘
13:24:29	5.3	0.01	490	260076	买盘
13:24:24	5.29	--	111	58719	卖盘
13:24:14	5.29	-0.01	319	168751	卖盘
13:24:09	5.3	--	8	4240	买盘
13:24:04	5.3	--	53	28090	买盘
13:23:59	5.3	--	621	329283	卖盘
13:23:54	5.3	--	45	23850	卖盘
13:23:49	5.3	--	108	57240	卖盘
13:23:44	5.3	--	268	142416	卖盘
13:23:39	5.3	--	308	163240	卖盘
13:23:34	5.3	--	193	102290	卖盘
13:23:29	5.3	--	204	108120	卖盘
13:23:19	5.3	-0.01	284	150520	卖盘
13:23:14	5.31	--	81	43011	卖盘
13:23:09	5.31	--	132	70092	卖盘
13:23:04	5.31	--	212	112571	卖盘
13:22:59	5.31	0.01	179	95049	买盘
13:22:54	5.3	--	86	45580	卖盘
13:22:49	5.3	--	74	39220	卖盘
13:22:44	5.3	--	0	0	卖盘
13:22:39	5.3	-0.01	163	86390	卖盘
13:22:34	5.31	--	47	24956	卖盘
13:22:28	5.31	0.01	102	54161	买盘
13:22:24	5.3	-0.01	128	67840	卖盘
13:22:19	5.31	-0.01	214	113633	卖盘
13:22:13	5.32	0.02	712	378784	买盘
13:22:04	5.3	-0.02	161	85330	卖盘
13:21:58	5.32	--	163	86716	买盘
13:21:54	5.32	0.02	324	172368	买盘
13:21:49	5.3	-0.01	2015	1067950	卖盘
13:21:43	5.31	--	55	29204	卖盘
13:21:39	5.31	-0.01	63	33453	卖盘
13:21:34	5.32	--	535	284620	卖盘
13:21:28	5.32	--	189	100548	卖盘
13:21:24	5.32	--	4	2128	卖盘
13:21:19	5.32	--	12	6384	卖盘
13:21:13	5.32	--	10	5320	卖盘
13:21:09	5.32	--	171	90972	卖盘
13:21:03	5.32	--	41	21812	卖盘
13:20:58	5.32	--	30	15960	卖盘
13:20:49	5.32	--	11	5852	卖盘
13:20:43	5.32	--	36	19152	卖盘
13:20:38	5.32	--	17	9044	卖盘
13:20:23	5.32	--	11	5852	卖盘
13:20:18	5.32	--	3	1596	卖盘
13:20:13	5.32	--	87	46284	卖盘
13:20:08	5.32	-0.01	10	5320	卖盘
13:19:58	5.33	0.01	205	109265	买盘
13:19:53	5.32	--	1	532	卖盘
13:19:48	5.32	-0.01	48	25536	卖盘
13:19:43	5.33	0.01	70	37310	买盘
13:19:33	5.32	-0.01	25	13300	卖盘
13:19:28	5.33	--	6	3198	买盘
13:19:23	5.33	--	269	143377	买盘
13:19:13	5.33	--	50	26650	买盘
13:19:08	5.33	--	24	12792	卖盘
13:19:03	5.33	-0.01	54	28782	卖盘
13:18:58	5.34	0.01	4	2136	买盘
13:18:48	5.33	-0.02	80	42640	卖盘
13:18:43	5.35	0.01	433	231654	买盘
13:18:38	5.34	--	85	45390	卖盘
13:18:33	5.34	--	206	110004	卖盘
13:18:28	5.34	--	39	20826	卖盘
13:18:23	5.34	--	168	89712	卖盘
13:18:18	5.34	--	355	189570	卖盘
13:18:13	5.34	--	15	8010	卖盘
13:18:03	5.34	--	54	28836	卖盘
13:17:58	5.34	--	428	228552	卖盘
13:17:53	5.34	-0.01	60	32040	卖盘
13:17:48	5.35	--	20	10700	买盘
13:17:43	5.35	0.01	511	273385	买盘
13:17:38	5.34	-0.01	9	4806	卖盘
13:17:28	5.35	0.01	55	29424	买盘
13:17:23	5.34	--	35	18690	卖盘
13:17:13	5.34	-0.01	184	98256	卖盘
13:17:08	5.35	--	302	161570	买盘
13:17:03	5.35	--	20	10700	买盘
13:16:53	5.35	--	451	241284	买盘
13:16:43	5.35	0.01	37	19795	买盘
13:16:38	5.34	-0.01	117	62478	卖盘
13:16:18	5.35	--	30	16049	买盘
13:16:13	5.35	--	153	81855	买盘
13:16:08	5.35	--	10	5350	买盘
13:16:03	5.35	--	158	84530	买盘
13:15:58	5.35	-0.01	158	84818	卖盘
13:15:53	5.36	--	382	204752	买盘
13:15:48	5.36	--	105	56280	买盘
13:15:43	5.36	--	553	296408	买盘
13:15:37	5.36	0.01	85	45560	买盘
13:15:33	5.35	--	11	5885	卖盘
13:15:28	5.35	0.01	825	441621	买盘
13:15:23	5.34	-0.01	2045	1092030	卖盘
13:15:18	5.35	0.01	121	64734	买盘
13:15:13	5.34	-0.01	226	120684	卖盘
13:15:07	5.35	0.01	83	44405	买盘
13:15:03	5.34	-0.01	50	26700	中性盘
13:14:58	5.35	0.02	810	433350	买盘
13:14:52	5.33	-0.01	335	178555	卖盘
13:14:48	5.34	-0.01	191	101994	卖盘
13:14:43	5.35	--	636	340260	买盘
13:14:37	5.35	0.01	178	95230	买盘
13:14:33	5.34	-0.01	149	79566	卖盘
13:14:28	5.35	0.01	9	4815	买盘
13:14:22	5.34	--	49	26166	卖盘
13:14:18	5.34	--	461	246174	买盘
13:14:12	5.34	--	4	2136	买盘
13:14:07	5.34	0.01	154	82236	买盘
13:14:03	5.33	-0.01	24	12792	卖盘
13:13:58	5.34	--	100	53400	买盘
13:13:52	5.34	0.01	23	12282	买盘
13:13:47	5.33	-0.01	87	46371	卖盘
13:13:42	5.34	0.01	1010	539340	买盘
13:13:37	5.33	-0.01	5	2665	卖盘
13:13:27	5.34	--	170	90780	买盘
13:13:22	5.34	0.01	72	38448	买盘
13:13:17	5.33	--	120	63960	卖盘
13:13:12	5.33	--	222	118326	卖盘
13:13:07	5.33	--	538	286754	卖盘
13:13:02	5.33	--	10	5330	卖盘
13:12:57	5.33	--	170	90641	买盘
13:12:52	5.33	0.01	105	55965	买盘
13:12:42	5.32	--	3	1596	卖盘
13:12:37	5.32	-0.01	145	77140	卖盘
13:12:32	5.33	0.01	300	159900	买盘
13:12:27	5.32	--	124	65968	卖盘
13:12:22	5.32	--	33	17556	卖盘
13:12:12	5.32	0.01	25	13300	买盘
13:12:07	5.31	-0.01	237	125846	卖盘
13:12:02	5.32	0.01	33	17556	买盘
13:11:57	5.31	-0.01	139	73809	卖盘
13:11:52	5.32	--	137	72884	买盘
13:11:42	5.32	--	294	156408	买盘
13:11:37	5.32	--	1	532	买盘
13:11:32	5.32	--	12	6384	买盘
13:11:27	5.32	-0.01	385	204820	卖盘
13:11:22	5.33	0.01	20	10660	买盘
13:11:17	5.32	--	49	26068	卖盘
13:11:12	5.32	-0.01	20	10640	卖盘
13:11:07	5.33	--	118	62894	买盘
13:11:02	5.33	--	105	55965	买盘
13:10:57	5.33	0.01	5	2665	买盘
13:10:52	5.32	--	135	71820	卖盘
13:10:37	5.32	--	160	85120	卖盘
13:10:32	5.32	-0.01	9	4788	卖盘
13:10:22	5.33	0.01	200	106600	买盘
13:10:17	5.32	-0.02	125	66500	卖盘
13:10:12	5.34	--	0	0	买盘
13:10:07	5.34	0.01	87	46458	买盘
13:10:02	5.33	--	301	160433	买盘
13:09:57	5.33	--	0	0	买盘
13:09:52	5.33	0.02	18	9594	中性盘
13:09:47	5.31	-0.01	212	112571	卖盘
13:09:42	5.32	0.01	64	34048	中性盘
13:09:37	5.31	-0.02	437	232046	卖盘
13:09:32	5.33	0.01	113	60229	买盘
13:09:27	5.32	-0.01	40	21280	卖盘
13:09:22	5.33	0.02	239	127387	买盘
13:09:17	5.31	--	177	93987	卖盘
13:09:12	5.31	--	0	0	卖盘
13:09:07	5.31	--	22	11682	卖盘
13:09:02	5.31	--	385	204434	卖盘
13:08:52	5.31	--	54	28673	卖盘
13:08:47	5.31	-0.01	1705	905354	卖盘
13:08:42	5.32	-0.01	193	102676	卖盘
13:08:37	5.33	--	130	69290	买盘
13:08:31	5.33	0.01	20	10660	买盘
13:08:27	5.32	-0.03	4	2128	中性盘
13:08:22	5.35	0.04	3382	1809369	买盘
13:08:16	5.31	-0.01	10	5310	卖盘
13:08:12	5.32	--	2	1064	买盘
13:08:07	5.32	--	320	170240	买盘
13:08:02	5.32	-0.01	50	26600	中性盘
13:07:57	5.33	--	20	10660	买盘
13:07:52	5.33	0.01	220	117260	买盘
13:07:46	5.32	--	34	18088	卖盘
13:07:42	5.32	-0.01	291	154812	卖盘
13:07:37	5.33	0.02	20	10660	买盘
13:07:31	5.31	--	0	0	卖盘
13:07:27	5.31	-0.02	40	21240	卖盘
13:07:22	5.33	--	20	10660	买盘
13:07:16	5.33	--	459	244647	买盘
13:07:12	5.33	--	30	15990	买盘
13:07:01	5.33	--	112	59696	买盘
13:06:57	5.33	-0.01	368	196144	卖盘
13:06:51	5.34	--	11	5874	买盘
13:06:46	5.34	0.01	38	20292	买盘
13:06:36	5.33	--	50	26650	卖盘
13:06:16	5.33	--	553	294749	卖盘
13:06:12	5.33	-0.01	30	15990	卖盘
13:06:06	5.34	--	52	27768	买盘
13:06:01	5.34	0.01	75	40050	买盘
13:05:56	5.33	--	50	26650	卖盘
13:05:51	5.33	-0.01	20	10660	卖盘
13:05:46	5.34	0.01	1735	926490	买盘
13:05:41	5.33	--	210	111930	买盘
13:05:36	5.33	--	2	1066	买盘
13:05:21	5.33	--	18	9594	买盘
13:05:16	5.33	--	431	229723	卖盘
13:05:11	5.33	-0.01	200	106600	卖盘
13:05:06	5.34	--	290	154860	买盘
13:05:01	5.34	0.01	30	16020	中性盘
13:04:56	5.33	-0.01	50	26650	卖盘
13:04:51	5.34	0.01	60	32040	买盘
13:04:46	5.33	--	200	106600	卖盘
13:04:41	5.33	--	40	21320	卖盘
13:04:36	5.33	--	71	37843	卖盘
13:04:31	5.33	-0.01	40	21320	卖盘
13:04:21	5.34	--	6	3204	卖盘
13:04:16	5.34	0.01	26	13884	买盘
13:04:11	5.33	-0.01	128	68224	卖盘
13:04:01	5.34	-0.01	21	11214	买盘
13:03:56	5.35	--	0	0	买盘
13:03:51	5.35	0.01	18	9630	买盘
13:03:46	5.34	--	121	64614	卖盘
13:03:36	5.34	--	45	24030	买盘
13:03:31	5.34	-0.01	29	15486	卖盘
13:03:26	5.35	0.01	215	115024	买盘
13:03:16	5.34	0.01	52	27768	买盘
13:03:11	5.33	-0.01	88	46904	卖盘
13:03:06	5.34	0.01	50	26700	买盘
13:03:01	5.33	-0.01	20	10660	卖盘
13:02:51	5.34	--	100	53400	买盘
13:02:46	5.34	--	21	11214	卖盘
13:02:41	5.34	--	98	52332	卖盘
13:02:36	5.34	-0.01	100	53400	卖盘
13:02:31	5.35	0.01	163	87205	买盘
13:02:26	5.34	--	109	58206	卖盘
13:02:21	5.34	--	15	8010	卖盘
13:02:16	5.34	-0.01	80	42720	卖盘
13:02:11	5.35	--	109	58314	买盘
13:02:01	5.35	--	94	50290	买盘
13:01:56	5.35	--	370	197950	买盘
13:01:51	5.35	--	110	58849	买盘
13:01:46	5.35	--	84	44940	买盘
13:01:41	5.35	--	355	190213	卖盘
13:01:36	5.35	--	66	35310	卖盘
13:01:31	5.35	--	33	17655	卖盘
13:01:26	5.35	-0.01	288	154080	卖盘
13:01:21	5.36	--	50	26800	买盘
13:01:16	5.36	--	15	8040	买盘
13:01:11	5.36	--	112	60032	买盘
13:01:06	5.36	--	283	151688	买盘
13:01:01	5.36	--	84	45024	买盘
13:00:55	5.36	--	50	26800	买盘
13:00:51	5.36	0.01	519	278184	买盘
13:00:46	5.35	-0.01	407	217745	卖盘
13:00:40	5.36	0.01	176	94336	买盘
13:00:36	5.35	-0.01	77	41195	卖盘
13:00:31	5.36	0.01	160	85760	买盘
13:00:25	5.35	--	10	5350	卖盘
13:00:16	5.35	--	10	5350	卖盘
13:00:10	5.35	--	535	286471	买盘
13:00:06	5.35	0.01	2417	1293383	买盘
13:00:01	5.34	--	45	24030	卖盘
11:30:00	5.34	--	0	0	卖盘
11:29:59	5.34	--	0	0	卖盘
11:29:57	5.34	-0.01	83	44322	卖盘
11:29:51	5.35	0.01	35	18725	买盘
11:29:47	5.34	--	15	8010	卖盘
11:29:42	5.34	--	25	13350	卖盘
11:29:36	5.34	--	10	5340	卖盘
11:29:31	5.34	--	118	63257	买盘
11:29:27	5.34	0.01	123	65682	买盘
11:29:21	5.33	-0.01	227	120991	卖盘
11:29:16	5.34	0.01	90	48060	买盘
11:29:12	5.33	--	348	185484	卖盘
11:29:06	5.33	-0.01	223	118859	卖盘
11:29:01	5.34	0.01	143	76362	买盘
11:28:57	5.33	--	97	51701	卖盘
11:28:51	5.33	--	70	37310	卖盘
11:28:46	5.33	--	22	11726	卖盘
11:28:42	5.33	-0.01	21	11193	卖盘
11:28:36	5.34	--	267	142578	买盘
11:28:31	5.34	0.01	45	24030	买盘
11:28:27	5.33	-0.01	79	42107	卖盘
11:28:21	5.34	0.01	73	38982	买盘
11:28:12	5.33	-0.01	4	2132	卖盘
11:28:06	5.34	0.01	405	216270	买盘
11:28:01	5.33	--	93	49569	卖盘
11:27:57	5.33	--	201	107133	卖盘
11:27:51	5.33	--	559	297947	卖盘
11:27:46	5.33	-0.01	3	1599	卖盘
11:27:42	5.34	--	177	94518	买盘
11:27:36	5.34	--	68	36312	卖盘
11:27:31	5.34	--	100	53400	卖盘
11:27:27	5.34	--	94	50196	卖盘
11:27:21	5.34	--	28	14952	卖盘
11:27:16	5.34	--	34	18156	卖盘
11:27:12	5.34	--	37	19758	卖盘
11:27:06	5.34	-0.01	68	36312	卖盘
11:26:57	5.35	0.01	275	147125	买盘
11:26:51	5.34	--	312	166608	买盘
11:26:46	5.34	0.01	2	1068	买盘
11:26:42	5.33	-0.01	5	2665	卖盘
11:26:36	5.34	--	530	283020	卖盘
11:26:31	5.34	0.01	287	153258	买盘
11:26:27	5.33	--	545	290485	卖盘
11:26:21	5.33	-0.01	44	23452	买盘
11:26:16	5.34	--	30	16020	买盘
11:26:11	5.34	0.01	510	272340	买盘
11:26:06	5.33	-0.01	1720	916760	卖盘
11:26:01	5.34	0.01	312	166608	买盘
11:25:56	5.33	--	5	2665	卖盘
11:25:51	5.33	-0.01	334	178022	卖盘
11:25:46	5.34	0.01	290	154860	买盘
11:25:41	5.33	--	10	5330	卖盘
11:25:36	5.33	--	37	19721	卖盘
11:25:31	5.33	--	116	61828	卖盘
11:25:26	5.33	0.01	40	21320	买盘
11:25:21	5.32	--	560	297920	卖盘
11:25:16	5.32	-0.01	415	220780	卖盘
11:25:11	5.33	0.01	55	29315	买盘
11:25:06	5.32	-0.01	120	63840	卖盘
11:25:01	5.33	0.01	126	67158	中性盘
11:24:56	5.32	-0.02	61	32452	卖盘
11:24:51	5.34	0.01	132	70488	买盘
11:24:46	5.33	-0.01	23	12259	中性盘
11:24:41	5.34	0.01	100	53400	买盘
11:24:36	5.33	-0.01	146	77818	中性盘
11:24:31	5.34	--	161	85974	买盘
11:24:26	5.34	--	0	0	买盘
11:24:21	5.34	--	200	106800	买盘
11:24:16	5.34	0.01	15	8010	买盘
11:24:06	5.33	-0.02	200	106600	卖盘
11:24:01	5.35	0.01	328	175768	买盘
11:23:56	5.34	--	91	48594	卖盘
11:23:51	5.34	--	245	130830	卖盘
11:23:46	5.34	--	252	134568	卖盘
11:23:41	5.34	--	101	53934	卖盘
11:23:36	5.34	--	824	440016	卖盘
11:23:30	5.34	-0.01	301	160734	卖盘
11:23:25	5.35	0.01	16	8560	买盘
11:23:21	5.34	-0.01	62	33108	卖盘
11:23:15	5.35	--	56	29959	买盘
11:23:11	5.35	0.01	48	25680	买盘
11:23:06	5.34	-0.01	239	127626	卖盘
11:23:00	5.35	-0.01	762	407670	卖盘
11:22:56	5.36	0.01	56	30016	买盘
11:22:51	5.35	--	613	327955	卖盘
11:22:45	5.35	--	133	71155	卖盘
11:22:40	5.35	-0.01	27	14444	卖盘
11:22:36	5.36	--	1387	743432	买盘
11:22:30	5.36	--	2	1072	买盘
11:22:25	5.36	--	55	29480	买盘
11:22:21	5.36	0.01	61	32696	买盘
11:22:15	5.35	-0.01	401	214535	卖盘
11:22:06	5.36	--	1667	893512	买盘
11:22:00	5.36	--	387	207432	买盘
11:21:55	5.36	--	41	21976	买盘
11:21:51	5.36	--	248	132928	买盘
11:21:45	5.36	--	78	41808	买盘
11:21:40	5.36	--	149	79864	买盘
11:21:36	5.36	--	90	48240	买盘
11:21:30	5.36	0.01	131	70216	买盘
11:21:25	5.35	-0.01	41	21935	卖盘
11:21:21	5.36	0.01	440	235840	买盘
11:21:15	5.35	--	240	128399	卖盘
11:21:10	5.35	--	118	63129	卖盘
11:21:06	5.35	-0.01	913	488454	卖盘
11:21:00	5.36	0.01	140	75040	买盘
11:20:55	5.35	--	2	1070	买盘
11:20:51	5.35	--	69	36915	卖盘
11:20:45	5.35	0.01	206	110456	买盘
11:20:40	5.34	--	8	4272	卖盘
11:20:36	5.34	-0.02	1366	729732	卖盘
11:20:30	5.36	0.02	3332	1786198	买盘
11:20:25	5.34	-0.01	60	32307	卖盘
11:20:21	5.35	0.01	1218	651897	买盘
11:20:15	5.34	-0.01	390	208260	卖盘
11:20:10	5.35	0.01	197	105395	买盘
11:20:06	5.34	--	1365	728910	卖盘
11:20:00	5.34	--	292	155928	卖盘
11:19:55	5.34	--	194	103596	买盘
11:19:50	5.34	0.01	201	107334	买盘
11:19:45	5.33	-0.01	371	197743	卖盘
11:19:40	5.34	0.01	271	144714	买盘
11:19:35	5.33	-0.01	59	31447	卖盘
11:19:30	5.34	0.01	596	318264	买盘
11:19:25	5.33	--	241	128453	卖盘
11:19:20	5.33	0.01	1439	766987	买盘
11:19:15	5.32	0.01	1111	591052	买盘
11:19:10	5.31	--	246	130625	卖盘
11:19:00	5.31	--	93	49383	卖盘
11:18:55	5.31	0.01	618	328274	买盘
11:18:50	5.3	-0.01	54	29033	卖盘
11:18:45	5.31	0.01	73	38763	买盘
11:18:40	5.3	--	1	530	卖盘
11:18:35	5.3	--	541	286730	卖盘
11:18:30	5.3	0.02	4373	2317806	买盘
11:18:25	5.28	-0.01	156	82779	卖盘
11:18:20	5.29	--	321	169925	买盘
11:18:15	5.29	--	27	14283	买盘
11:18:10	5.29	--	645	341205	买盘
11:17:55	5.29	0.01	192	101568	买盘
11:17:40	5.28	-0.01	101	53328	卖盘
11:17:35	5.29	0.01	72	38088	买盘
11:17:30	5.28	--	125	66000	卖盘
11:17:24	5.28	-0.01	363	191664	卖盘
11:17:20	5.29	--	100	52900	买盘
11:17:15	5.29	0.01	261	138069	买盘
11:17:09	5.28	-0.01	570	300960	卖盘
11:17:05	5.29	--	136	71944	买盘
11:17:00	5.29	0.01	20	10580	买盘
11:16:54	5.28	--	78	41184	卖盘
11:16:45	5.28	--	143	75504	买盘
11:16:39	5.28	--	121	63888	买盘
11:16:34	5.28	--	108	57024	买盘
11:16:30	5.28	0.01	391	206448	买盘
11:16:24	5.27	-0.01	79	41633	卖盘
11:16:19	5.28	--	10	5280	买盘
11:16:15	5.28	--	15	7920	买盘
11:16:09	5.28	0.01	111	58608	买盘
11:16:00	5.27	-0.01	53	27930	卖盘
11:15:54	5.28	--	273	144144	买盘
11:15:49	5.28	0.01	130	68640	买盘
11:15:45	5.27	--	53	27930	卖盘
11:15:39	5.27	-0.01	113	59550	卖盘
11:15:30	5.28	--	83	43824	买盘
11:15:24	5.28	0.01	98	51744	买盘
11:15:19	5.27	--	44	23187	卖盘
11:15:15	5.27	--	21	11067	卖盘
11:15:09	5.27	--	18	9486	卖盘
11:15:04	5.27	0.01	57	30038	买盘
11:15:00	5.26	--	105	55230	卖盘
11:14:54	5.26	--	98	51548	卖盘
11:14:45	5.26	-0.01	46	24196	卖盘
11:14:39	5.27	--	18	9486	卖盘
11:14:30	5.27	--	60	31619	卖盘
11:14:24	5.27	0.01	83	43741	卖盘
11:14:19	5.26	-0.01	170	89420	卖盘
11:14:15	5.27	--	177	93278	卖盘
11:14:09	5.27	-0.01	124	65347	卖盘
11:14:04	5.28	0.01	1	528	买盘
11:14:00	5.27	-0.01	223	117520	中性盘
11:13:54	5.28	0.01	131	69168	买盘
11:13:49	5.27	-0.01	59	31092	卖盘
11:13:45	5.28	0.01	50	26400	买盘
11:13:39	5.27	-0.01	423	222920	卖盘
11:13:34	5.28	0.01	15	7920	买盘
11:13:30	5.27	--	184	96967	卖盘
11:13:24	5.27	0.01	414	218177	买盘
11:13:19	5.26	-0.01	44	23144	卖盘
11:13:15	5.27	0.01	368	193935	买盘
11:13:09	5.26	-0.01	40	21040	卖盘
11:13:04	5.27	--	7	3688	买盘
11:12:59	5.27	0.01	189	99602	买盘
11:12:54	5.26	-0.01	8	4208	卖盘
11:12:49	5.27	--	60	31619	买盘
11:12:45	5.27	-0.01	213	112250	卖盘
11:12:39	5.28	--	415	219120	买盘
11:12:34	5.28	0.01	522	275616	买盘
11:12:29	5.27	--	2	1054	卖盘
11:12:24	5.27	-0.01	130	68510	卖盘
11:12:19	5.28	0.01	738	389664	买盘
11:12:14	5.27	-0.01	29	15282	卖盘
11:12:09	5.28	--	467	246576	买盘
11:12:04	5.28	--	23	12144	买盘
11:11:54	5.28	--	97	51216	卖盘
11:11:49	5.28	--	803	423984	买盘
11:11:44	5.28	--	309	163152	买盘
11:11:39	5.28	--	129	68112	买盘
11:11:34	5.28	--	38	20064	卖盘
11:11:29	5.28	--	21	11088	卖盘
11:11:24	5.28	0.01	1063	561264	中性盘
11:11:19	5.27	--	327	172329	卖盘
11:11:14	5.27	--	20	10540	卖盘
11:11:09	5.27	-0.01	86	45321	卖盘
11:11:04	5.28	0.01	83	43824	中性盘
11:10:59	5.27	-0.02	90	47429	卖盘
11:10:54	5.29	0.01	238	125902	买盘
11:10:49	5.28	-0.01	297	156816	卖盘
11:10:44	5.29	--	47	24863	卖盘
11:10:39	5.29	--	373	197317	买盘
11:10:34	5.29	-0.01	230	121670	卖盘
11:10:29	5.3	--	168	89040	买盘
11:10:24	5.3	--	609	322770	买盘
11:10:19	5.3	--	1019	540070	买盘
11:10:14	5.3	--	20	10600	买盘
11:10:09	5.3	--	999	529470	卖盘
11:10:03	5.3	--	1757	931210	卖盘
11:09:59	5.3	-0.01	398	210940	卖盘
11:09:54	5.31	-0.01	55	29204	中性盘
11:09:48	5.32	--	678	360696	买盘
11:09:44	5.32	0.01	97	51604	买盘
11:09:39	5.31	-0.01	480	254917	卖盘
11:09:33	5.32	0.01	855	454860	买盘
11:09:28	5.31	-0.01	228	121067	卖盘
11:09:24	5.32	--	592	314944	买盘
11:09:18	5.32	0.01	307	163324	买盘
11:09:13	5.31	--	26	13805	卖盘
11:09:09	5.31	--	301	159831	卖盘
11:09:03	5.31	--	270	143370	买盘
11:08:58	5.31	--	95	50444	买盘
11:08:54	5.31	0.02	444	235763	买盘
11:08:48	5.29	--	1586	838994	卖盘
11:08:43	5.29	-0.01	451	238579	卖盘
11:08:39	5.3	--	796	421880	买盘
11:08:33	5.3	0.01	422	223660	买盘
11:08:28	5.29	0.01	114	60306	买盘
11:08:24	5.28	--	368	194304	卖盘
11:08:18	5.28	--	10346	5462688	买盘
11:08:13	5.28	0.01	427	225456	买盘
11:08:09	5.27	--	580	305660	卖盘
11:08:03	5.27	0.01	2357	1242139	买盘
11:07:58	5.26	-0.01	10	5260	卖盘
11:07:54	5.27	--	73	38471	买盘
11:07:48	5.27	--	306	161262	买盘
11:07:43	5.27	0.01	63	33201	买盘
11:07:39	5.26	0.01	357	187782	买盘
11:07:33	5.25	-0.01	161	84525	卖盘
11:07:28	5.26	--	22	11572	买盘
11:07:24	5.26	0.01	211	111254	买盘
11:07:18	5.25	--	703	369075	买盘
11:07:13	5.25	--	16	8400	买盘
11:07:09	5.25	--	58	30450	买盘
11:07:03	5.25	0.01	2142	1124970	买盘
11:06:58	5.24	--	230	120520	买盘
11:06:54	5.24	--	367	192308	买盘
11:06:48	5.24	--	320	167680	买盘
11:06:43	5.24	0.01	232	121568	买盘
11:06:33	5.23	--	7	3661	卖盘
11:06:24	5.23	--	1	523	卖盘
11:06:18	5.23	0.01	11	5753	中性盘
11:06:13	5.22	--	209	109447	卖盘
11:06:08	5.22	-0.01	80	41760	卖盘
11:06:03	5.23	--	144	75312	买盘
11:05:58	5.23	--	43	22489	买盘
11:05:53	5.23	--	10	5230	买盘
11:05:48	5.23	0.01	773	404279	买盘
11:05:43	5.22	--	119	62118	卖盘
11:05:39	5.22	-0.01	145	75690	卖盘
11:05:33	5.23	0.01	26	13598	买盘
11:05:28	5.22	-0.01	281	146682	卖盘
11:05:23	5.23	--	100	52300	买盘
11:05:18	5.23	0.01	12	6276	买盘
11:05:13	5.22	-0.01	187	97614	卖盘
11:05:08	5.23	--	80	41840	卖盘
11:05:03	5.23	--	287	150101	卖盘
11:04:58	5.23	--	213	111399	卖盘
11:04:48	5.23	--	217	113491	卖盘
11:04:43	5.23	--	29	15167	卖盘
11:04:33	5.23	-0.01	459	240057	卖盘
11:04:28	5.24	--	642	336408	买盘
11:04:23	5.24	--	18	9432	买盘
11:04:18	5.24	--	175	91700	买盘
11:04:13	5.24	--	144	75456	买盘
11:04:08	5.24	--	160	83840	买盘
11:04:03	5.24	--	141	73884	买盘
11:03:57	5.24	--	127	66548	卖盘
11:03:53	5.24	--	99	51876	买盘
11:03:48	5.24	-0.01	314	164536	卖盘
11:03:43	5.25	0.01	468	245957	买盘
11:03:38	5.24	--	80	41920	卖盘
11:03:33	5.24	--	1637	858055	卖盘
11:03:27	5.24	--	700	366800	买盘
11:03:23	5.24	--	215	112660	买盘
11:03:18	5.24	--	282	147768	买盘
11:03:12	5.24	--	216	113184	买盘
11:03:08	5.24	--	81	42444	买盘
11:03:03	5.24	--	51	26724	买盘
11:02:57	5.24	0.02	751	393524	买盘
11:02:52	5.22	-0.01	17	9072	卖盘
11:02:48	5.23	0.01	427	223321	买盘
11:02:42	5.22	--	120	62640	买盘
11:02:37	5.22	--	32	16704	买盘
11:02:33	5.22	--	36	18792	买盘
11:02:27	5.22	0.01	2424	1265328	买盘
11:02:22	5.21	--	1000	521000	买盘
11:02:18	5.21	--	50	26050	买盘
11:02:12	5.21	0.01	74	38554	买盘
11:02:07	5.2	--	16	8320	卖盘
11:02:03	5.2	--	43	22843	买盘
11:01:57	5.2	--	451	234520	买盘
11:01:48	5.2	--	660	343200	买盘
11:01:42	5.2	--	200	104000	买盘
11:01:37	5.2	0.01	136	70720	买盘
11:01:33	5.19	-0.01	2	1038	卖盘
11:01:27	5.2	--	59	30680	买盘
11:01:22	5.2	--	3	1560	买盘
11:01:18	5.2	--	90	46800	买盘
11:01:12	5.2	--	120	62400	买盘
11:01:07	5.2	--	20	10400	买盘
11:01:03	5.2	0.01	490	254800	买盘
11:00:57	5.19	-0.01	769	399111	卖盘
11:00:52	5.2	0.01	47	24440	买盘
11:00:48	5.19	-0.01	70	36330	卖盘
11:00:42	5.2	--	225	117000	买盘
11:00:37	5.2	0.01	17	8840	买盘
11:00:33	5.19	-0.01	20	10380	卖盘
11:00:27	5.2	--	447	232440	买盘
11:00:22	5.2	0.01	103	53560	买盘
11:00:18	5.19	-0.01	57	29583	卖盘
11:00:12	5.2	--	220	114400	买盘
11:00:07	5.2	0.01	130	67600	买盘
10:59:57	5.19	--	1	820	卖盘
10:59:48	5.19	0.01	177	91863	买盘
10:59:33	5.18	-0.01	10	5180	中性盘
10:59:18	5.19	0.01	126	65394	买盘
10:59:12	5.18	-0.01	679	351722	卖盘
10:59:07	5.19	0.01	97	50343	买盘
10:58:57	5.18	-0.01	100	51800	卖盘
10:58:47	5.19	-0.01	135	70065	买盘
10:58:27	5.2	0.01	15	7909	买盘
10:58:22	5.19	--	39	20661	卖盘
10:58:17	5.19	--	406	210714	卖盘
10:58:12	5.19	--	0	435	卖盘
10:58:07	5.19	--	5	2595	卖盘
10:58:02	5.19	--	1	519	卖盘
10:57:57	5.19	--	6	3186	买盘
10:57:52	5.19	-0.01	110	57536	卖盘
10:57:47	5.2	0.01	10	5200	买盘
10:57:42	5.19	--	20	10380	卖盘
10:57:37	5.19	--	69	36060	卖盘
10:57:27	5.19	-0.01	50	25950	卖盘
10:57:22	5.2	0.01	1	520	买盘
10:57:17	5.19	-0.01	40	20760	卖盘
10:57:12	5.2	--	1187	617396	卖盘
10:57:06	5.2	--	122	63440	卖盘
10:57:02	5.2	--	273	142324	卖盘
10:56:57	5.2	--	90	46800	卖盘
10:56:52	5.2	--	759	394680	卖盘
10:56:47	5.2	--	70	36400	卖盘
10:56:42	5.2	--	323	167960	卖盘
10:56:32	5.2	--	85	44200	卖盘
10:56:27	5.2	--	328	170560	卖盘
10:56:21	5.2	--	60	31200	卖盘
10:56:16	5.2	--	44	22880	卖盘
10:56:12	5.2	--	97	50440	卖盘
10:56:06	5.2	--	10	5200	卖盘
10:56:01	5.2	--	15	7800	卖盘
10:55:57	5.2	--	41	21320	卖盘
10:55:51	5.2	--	467	243079	买盘
10:55:42	5.2	--	77	40383	买盘
10:55:36	5.2	--	214	111280	买盘
10:55:31	5.2	--	176	91520	买盘
10:55:27	5.2	0.01	5	2600	买盘
10:55:21	5.19	--	1092	566748	卖盘
10:55:16	5.19	-0.01	70	36330	卖盘
10:55:12	5.2	--	36	18720	买盘
10:55:06	5.2	--	93	48360	买盘
10:54:51	5.2	0.01	80	41600	买盘
10:54:42	5.19	-0.01	26	13494	卖盘
10:54:36	5.2	0.01	354	184080	买盘
10:54:31	5.19	-0.01	114	59166	卖盘
10:54:27	5.2	--	631	328120	买盘
10:54:16	5.2	--	42	21840	买盘
10:54:12	5.2	0.01	22	11440	买盘
10:54:06	5.19	--	50	25950	卖盘
10:54:01	5.19	-0.01	10	5190	卖盘
10:53:57	5.2	0.01	589	306280	买盘
10:53:51	5.19	--	10	5190	卖盘
10:53:46	5.19	--	15	7785	买盘
10:53:42	5.19	--	196	101724	买盘
10:53:36	5.19	0.01	156	80964	买盘
10:53:31	5.18	-0.02	5	2590	卖盘
10:53:27	5.2	--	100	52000	买盘
10:53:21	5.2	0.02	823	427960	买盘
10:53:16	5.18	--	40	20720	卖盘
10:53:12	5.18	-0.01	173	89614	卖盘
10:53:06	5.19	0.01	200	103800	买盘
10:52:57	5.18	-0.01	92	47656	卖盘
10:52:51	5.19	--	65	33735	买盘
10:52:46	5.19	0.01	100	51900	买盘
10:52:36	5.18	--	30	15540	卖盘
10:52:31	5.18	-0.01	78	40404	卖盘
10:52:21	5.19	0.01	8	4152	买盘
10:52:16	5.18	-0.01	103	53354	卖盘
10:52:11	5.19	--	169	87711	卖盘
10:52:06	5.19	--	477	247563	卖盘
10:52:01	5.19	--	168	87192	卖盘
10:51:51	5.19	--	43	22317	卖盘
10:51:41	5.19	--	145	75255	卖盘
10:51:36	5.19	--	100	51900	卖盘
10:51:31	5.19	--	317	164523	卖盘
10:51:21	5.19	--	121	62799	卖盘
10:51:16	5.19	--	399	207081	买盘
10:51:06	5.19	--	401	208119	买盘
10:51:01	5.19	--	141	73179	买盘
10:50:56	5.19	--	78	40482	卖盘
10:50:51	5.19	-0.01	710	368490	卖盘
10:50:46	5.2	0.01	195	101400	买盘
10:50:41	5.19	-0.01	68	35292	卖盘
10:50:36	5.2	--	110	57200	买盘
10:50:30	5.2	--	78	40560	买盘
10:50:26	5.2	--	50	26000	买盘
10:50:21	5.2	--	139	72280	买盘
10:50:16	5.2	--	425	221000	买盘
10:50:11	5.2	--	60	31200	买盘
10:50:06	5.2	--	205	106600	买盘
10:50:00	5.2	--	428	222560	买盘
10:49:56	5.2	--	160	83200	买盘
10:49:51	5.2	--	58	30160	买盘
10:49:45	5.2	--	106	55120	买盘
10:49:40	5.2	--	759	394680	买盘
10:49:36	5.2	--	250	130000	买盘
10:49:30	5.2	--	666	346320	卖盘
10:49:25	5.2	--	20	10400	卖盘
10:49:21	5.2	--	21	10920	卖盘
10:49:15	5.2	--	100	52000	卖盘
10:49:11	5.2	--	1650	858000	买盘
10:49:06	5.2	0.01	317	164840	买盘
10:49:00	5.19	-0.01	308	159852	卖盘
10:48:55	5.2	--	93	48360	买盘
10:48:51	5.2	0.01	71	36920	买盘
10:48:45	5.19	-0.01	166	86154	卖盘
10:48:40	5.2	--	31	16120	买盘
10:48:36	5.2	0.01	141	73320	买盘
10:48:30	5.19	--	175	90825	买盘
10:48:25	5.19	--	124	64356	买盘
10:48:21	5.19	--	612	317628	买盘
10:48:15	5.19	--	119	61761	买盘
10:48:10	5.19	--	31	16089	买盘
10:48:06	5.19	0.01	578	299982	买盘
10:48:00	5.18	--	950	492100	买盘
10:47:55	5.18	--	110	56980	买盘
10:47:51	5.18	--	443	229474	买盘
10:47:45	5.18	--	279	144522	买盘
10:47:40	5.18	--	226	117068	买盘
10:47:36	5.18	0.01	100	51800	买盘
10:47:30	5.17	--	76	39292	卖盘
10:47:25	5.17	--	324	167508	卖盘
10:47:15	5.17	--	191	98747	卖盘
10:47:06	5.17	--	710	367070	买盘
10:47:00	5.17	--	217	112189	买盘
10:46:55	5.17	0.01	13	6721	买盘
10:46:51	5.16	-0.01	283	146028	卖盘
10:46:45	5.17	--	6	3102	买盘
10:46:36	5.17	--	239	123563	买盘
10:46:30	5.17	--	48	24816	买盘
10:46:21	5.17	0.01	40	20680	买盘
10:46:15	5.16	-0.01	40	20640	卖盘
10:46:10	5.17	0.01	242	125114	买盘
10:46:00	5.16	--	642	331272	卖盘
10:45:50	5.16	-0.01	80	41280	卖盘
10:45:45	5.17	0.01	10	5170	买盘
10:45:30	5.16	-0.01	38	19608	卖盘
10:45:25	5.17	--	11	5687	买盘
10:45:20	5.17	0.01	136	70312	买盘
10:45:15	5.16	-0.01	150	77400	卖盘
10:45:10	5.17	--	1	517	买盘
10:45:00	5.17	--	231	119427	买盘
10:44:55	5.17	--	47	24299	买盘
10:44:45	5.17	--	1	517	买盘
10:44:40	5.17	--	20	10340	买盘
10:44:30	5.17	--	128	66176	买盘
10:44:25	5.17	0.01	190	98230	买盘
10:44:15	5.16	-0.01	91	46956	卖盘
10:44:10	5.17	--	16	8272	买盘
10:44:05	5.17	0.01	34	17578	买盘
10:44:00	5.16	-0.02	205	105780	卖盘
10:43:54	5.18	0.01	33	17094	买盘
10:43:45	5.17	--	1	517	买盘
10:43:40	5.17	-0.01	88	45496	买盘
10:43:35	5.18	--	0	0	买盘
10:43:24	5.18	0.01	84	43512	买盘
10:43:20	5.17	--	10	5170	卖盘
10:43:15	5.17	0.01	229	118393	买盘
10:43:05	5.16	--	13	6708	卖盘
10:43:00	5.16	-0.01	84	43344	卖盘
10:42:54	5.17	--	120	62040	买盘
10:42:50	5.17	0.01	29	14993	买盘
10:42:45	5.16	-0.01	1150	593400	卖盘
10:42:34	5.17	0.01	30	15510	买盘
10:42:30	5.16	--	60	30960	卖盘
10:42:15	5.16	--	40	20640	卖盘
10:42:09	5.16	0.02	2089	1077924	买盘
10:42:00	5.14	--	118	60651	卖盘
10:41:49	5.14	-0.01	4	2056	卖盘
10:41:45	5.15	0.02	500	257500	买盘
10:41:19	5.13	--	0	0	卖盘
10:41:15	5.13	-0.01	40	20520	卖盘
10:41:09	5.14	--	8	4112	卖盘
10:41:04	5.14	-0.01	2	1028	卖盘
10:41:00	5.15	0.01	215	110725	买盘
10:40:45	5.14	--	28	14392	卖盘
10:40:39	5.14	--	5	2570	买盘
10:40:34	5.14	--	50	25700	买盘
10:40:30	5.14	0.01	20	10280	买盘
10:40:15	5.13	--	40	20520	卖盘
10:40:09	5.13	--	0	0	卖盘
10:40:00	5.13	--	91	46683	卖盘
10:39:54	5.13	--	26	13338	卖盘
10:39:49	5.13	--	7	3591	买盘
10:39:45	5.13	-0.01	60	30780	买盘
10:39:30	5.14	--	10	5140	卖盘
10:39:24	5.14	--	40	20560	卖盘
10:39:19	5.14	0.01	314	161396	买盘
10:39:14	5.13	--	99	50787	卖盘
10:39:09	5.13	--	30	15390	卖盘
10:38:59	5.13	--	85	43605	卖盘
10:38:54	5.13	--	199	102087	卖盘
10:38:49	5.13	--	258	132354	卖盘
10:38:44	5.13	-0.01	2	1026	卖盘
10:38:39	5.14	0.01	2	1028	买盘
10:38:34	5.13	--	16	8208	卖盘
10:38:29	5.13	--	10	5130	卖盘
10:38:24	5.13	--	70	35910	卖盘
10:38:19	5.13	--	39	20007	卖盘
10:38:09	5.13	-0.01	41	21033	卖盘
10:38:04	5.14	0.01	22	11308	买盘
10:37:59	5.13	--	170	87210	卖盘
10:37:54	5.13	--	79	40527	卖盘
10:37:49	5.13	-0.01	2	1026	卖盘
10:37:44	5.14	0.01	210	107940	买盘
10:37:39	5.13	-0.01	30	15390	卖盘
10:37:34	5.14	--	2	1028	买盘
10:37:19	5.14	--	94	48316	卖盘
10:37:14	5.14	--	109	56026	卖盘
10:37:09	5.14	--	20	10280	卖盘
10:37:04	5.14	--	5	2570	卖盘
10:36:59	5.14	--	84	43176	卖盘
10:36:54	5.14	-0.01	10	5140	卖盘
10:36:48	5.15	0.01	142	73130	买盘
10:36:44	5.14	--	100	51400	卖盘
10:36:39	5.14	--	20	10280	卖盘
10:36:33	5.14	--	17	8738	卖盘
10:36:24	5.14	--	78	40092	卖盘
10:36:18	5.14	--	89	45746	卖盘
10:36:13	5.14	--	105	53970	卖盘
10:36:09	5.14	--	9	4626	卖盘
10:36:03	5.14	--	4	2056	卖盘
10:35:58	5.14	0.01	77	39578	买盘
10:35:54	5.13	-0.02	47	24111	卖盘
10:35:39	5.15	--	249	128235	卖盘
10:35:28	5.15	--	408	210120	买盘
10:35:24	5.15	0.02	210	108150	买盘
10:35:18	5.13	-0.02	39	20007	卖盘
10:35:13	5.15	--	5	2575	买盘
10:35:03	5.15	0.02	8	4120	买盘
10:34:58	5.13	--	37	18981	卖盘
10:34:54	5.13	-0.01	48	24624	卖盘
10:34:48	5.14	-0.01	86	44204	卖盘
10:34:28	5.15	0.01	78	40170	买盘
10:34:24	5.14	-0.01	73	37522	卖盘
10:34:18	5.15	0.01	40	20600	买盘
10:34:13	5.14	--	10	5140	卖盘
10:34:08	5.14	-0.01	81	41634	卖盘
10:34:03	5.15	0.02	300	154500	买盘
10:33:54	5.13	-0.02	157	80541	卖盘
10:33:48	5.15	0.01	96	49440	买盘
10:33:43	5.14	--	10	5140	卖盘
10:33:38	5.14	-0.01	100	51400	卖盘
10:33:18	5.15	--	45	23175	买盘
10:33:03	5.15	0.01	192	98880	买盘
10:32:58	5.14	--	84	43176	卖盘
10:32:53	5.14	--	5	2570	卖盘
10:32:33	5.14	-0.01	110	56540	卖盘
10:32:28	5.15	0.01	600	309000	买盘
10:32:18	5.14	--	39	20046	卖盘
10:32:08	5.14	-0.01	34	17476	买盘
10:32:03	5.15	0.02	21	10815	买盘
10:31:58	5.13	-0.01	84	43092	卖盘
10:31:53	5.14	--	100	51400	卖盘
10:31:18	5.14	--	49	25186	卖盘
10:31:13	5.14	--	50	25700	卖盘
10:31:03	5.14	--	10	5140	卖盘
10:30:58	5.14	--	91	46774	卖盘
10:30:53	5.14	--	10	5140	卖盘
10:30:48	5.14	--	10	5140	卖盘
10:30:43	5.14	--	100	51400	卖盘
10:30:33	5.14	--	10	5140	卖盘
10:30:18	5.14	--	39	20046	卖盘
10:30:12	5.14	-0.01	55	28270	卖盘
10:30:08	5.15	--	1	515	买盘
10:30:03	5.15	0.01	41	21115	买盘
10:29:57	5.14	-0.01	103	52942	卖盘
10:29:52	5.15	--	101	52015	买盘
10:29:48	5.15	--	10	5150	买盘
10:29:33	5.15	--	33	16995	买盘
10:29:27	5.15	--	111	57165	卖盘
10:29:18	5.15	-0.01	61	31415	卖盘
10:29:12	5.16	0.01	50	25800	买盘
10:28:57	5.15	--	85	43775	卖盘
10:28:52	5.15	-0.01	78	40170	卖盘
10:28:48	5.16	--	20	10320	买盘
10:28:42	5.16	--	103	53148	买盘
10:28:22	5.16	0.01	9	4644	买盘
10:28:18	5.15	-0.01	39	20085	卖盘
10:28:07	5.16	0.01	302	155832	买盘
10:27:57	5.15	--	84	43260	卖盘
10:27:52	5.15	-0.01	30	15450	卖盘
10:27:48	5.16	--	50	25800	买盘
10:27:42	5.16	0.01	1	516	买盘
10:27:33	5.15	-0.01	87	44805	卖盘
10:27:27	5.16	--	7	3612	买盘
10:27:18	5.16	--	126	65016	买盘
10:27:12	5.16	0.01	100	51600	买盘
10:26:57	5.15	-0.01	136	70040	卖盘
10:26:37	5.16	--	52	26832	买盘
10:26:27	5.16	0.01	10	5160	买盘
10:26:17	5.15	-0.01	40	20600	卖盘
10:26:12	5.16	-0.01	1	516	中性盘
10:26:07	5.17	0.02	41	21197	买盘
10:25:57	5.15	-0.01	846	435690	卖盘
10:25:52	5.16	-0.01	15	7740	卖盘
10:25:42	5.17	--	135	69795	买盘
10:25:37	5.17	0.01	1	517	买盘
10:25:32	5.16	--	64	33024	卖盘
10:25:27	5.16	--	168	86688	卖盘
10:25:22	5.16	--	47	24252	卖盘
10:25:17	5.16	-0.01	39	20124	卖盘
10:25:12	5.17	0.01	4	2068	买盘
10:25:07	5.16	-0.01	9	4644	卖盘
10:25:02	5.17	--	1	517	买盘
10:24:57	5.17	--	126	65142	买盘
10:24:52	5.17	--	123	63591	买盘
10:24:42	5.17	--	370	191290	买盘
10:24:37	5.17	--	47	24299	买盘
10:24:32	5.17	--	515	266255	买盘
10:24:27	5.17	--	9	4653	买盘
10:24:22	5.17	0.01	25	12925	买盘
10:24:17	5.16	-0.01	49	25284	卖盘
10:24:12	5.17	0.01	100	51700	买盘
10:24:02	5.16	--	39	20124	卖盘
10:23:57	5.16	--	83	42828	卖盘
10:23:52	5.16	--	26	13416	卖盘
10:23:47	5.16	--	457	235812	买盘
10:23:42	5.16	--	85	43860	买盘
10:23:36	5.16	--	20	10320	买盘
10:23:32	5.16	--	200	103200	买盘
10:23:27	5.16	--	300	154800	买盘
10:23:21	5.16	0.01	31	15996	买盘
10:23:17	5.15	-0.01	39	20085	卖盘
10:23:12	5.16	--	99	51084	买盘
10:23:06	5.16	0.01	529	272964	买盘
10:23:01	5.15	--	1	515	卖盘
10:22:57	5.15	-0.01	84	43260	卖盘
10:22:51	5.16	--	137	70692	卖盘
10:22:36	5.16	-0.01	2	1032	卖盘
10:22:31	5.17	0.01	24	12408	买盘
10:22:21	5.16	0.01	480	247680	买盘
10:22:16	5.15	--	39	20085	卖盘
10:22:12	5.15	-0.01	187	96305	卖盘
10:22:06	5.16	0.01	49	25284	买盘
10:22:01	5.15	--	110	56650	卖盘
10:21:57	5.15	--	84	43260	卖盘
10:21:51	5.15	--	80	41200	卖盘
10:21:46	5.15	-0.01	10	5150	卖盘
10:21:42	5.16	0.01	9	4644	买盘
10:21:36	5.15	-0.01	20	10300	卖盘
10:21:26	5.16	0.01	75	38700	买盘
10:21:21	5.15	--	5	2575	卖盘
10:21:12	5.15	--	21	10815	卖盘
10:21:06	5.15	--	1	515	卖盘
10:20:56	5.15	--	84	43260	卖盘
10:20:51	5.15	-0.01	5	2575	卖盘
10:20:41	5.16	--	518	267288	买盘
10:20:36	5.16	0.01	20	10320	买盘
10:20:26	5.15	--	131	67465	买盘
10:20:21	5.15	--	119	61285	买盘
10:20:16	5.15	--	30	15450	买盘
10:20:06	5.15	--	3	1545	买盘
10:20:01	5.15	0.01	68	35020	买盘
10:19:56	5.14	-0.01	110	56540	卖盘
10:19:51	5.15	--	10	5150	买盘
10:19:46	5.15	0.01	109	56135	买盘
10:19:36	5.14	--	0	0	卖盘
10:19:31	5.14	-0.01	15	7709	卖盘
10:19:26	5.15	--	16	8240	卖盘
10:19:21	5.15	--	0	0	中性盘
10:19:16	5.15	--	10	5150	卖盘
10:19:06	5.15	--	42	21630	买盘
10:18:56	5.15	--	89	45835	买盘
10:18:51	5.15	--	200	103000	买盘
10:18:31	5.15	--	75	38625	买盘
10:18:21	5.15	0.01	18	9270	买盘
10:18:16	5.14	--	12	6168	卖盘
10:18:01	5.14	--	10	5140	卖盘
10:17:56	5.14	-0.01	83	42662	卖盘
10:17:51	5.15	--	15	7725	买盘
10:17:46	5.15	--	10	5150	买盘
10:17:41	5.15	--	50	25750	买盘
10:17:31	5.15	--	131	67465	买盘
10:17:06	5.15	-0.01	598	307970	卖盘
10:17:00	5.16	0.01	30	15480	买盘
10:16:56	5.15	-0.01	84	43260	卖盘
10:16:51	5.16	--	17	8772	买盘
10:16:45	5.16	--	5	2580	买盘
10:16:36	5.16	--	95	49020	卖盘
10:16:30	5.16	0.01	11	5676	中性盘
10:16:25	5.15	-0.01	1172	603580	卖盘
10:16:21	5.16	--	61	31476	买盘
10:16:15	5.16	0.01	10	5160	买盘
10:16:00	5.15	--	0	0	卖盘
10:15:55	5.15	-0.01	84	43260	卖盘
10:15:45	5.16	0.01	20	10320	买盘
10:15:36	5.15	-0.01	196	100940	卖盘
10:15:30	5.16	0.01	572	295152	买盘
10:15:25	5.15	--	8	4120	买盘
10:15:21	5.15	--	50	25750	买盘
10:15:10	5.15	--	44	22660	卖盘
10:15:06	5.15	--	56	28840	买盘
10:15:00	5.15	0.01	510	262650	买盘
10:14:55	5.14	-0.01	89	45746	卖盘
10:14:51	5.15	--	8	4120	买盘
10:14:25	5.15	--	70	36050	买盘
10:14:21	5.15	0.01	10	5150	买盘
10:14:15	5.14	--	100	51400	卖盘
10:14:00	5.14	--	63	32381	卖盘
10:13:55	5.14	--	119	61165	卖盘
10:13:50	5.14	-0.01	32	16448	卖盘
10:13:40	5.15	--	43	22145	买盘
10:13:35	5.15	0.01	35	18025	买盘
10:13:30	5.14	--	1056	542784	卖盘
10:13:20	5.14	--	120	61679	卖盘
10:13:05	5.14	--	292	150088	卖盘
10:13:00	5.14	0.01	412	211768	买盘
10:12:55	5.13	--	85	43605	卖盘
10:12:50	5.13	--	50	25650	卖盘
10:12:40	5.13	0.01	25	12825	卖盘
10:12:30	5.12	-0.01	370	189440	卖盘
10:12:15	5.13	--	1	513	买盘
10:12:10	5.13	--	645	330885	买盘
10:12:05	5.13	--	26	13338	买盘
10:12:00	5.13	0.01	57	29241	买盘
10:11:55	5.12	-0.01	113	57856	卖盘
10:11:50	5.13	-0.01	261	133893	卖盘
10:11:45	5.14	--	550	282700	买盘
10:11:25	5.14	--	97	49858	买盘
10:11:15	5.14	--	153	78642	卖盘
10:11:10	5.14	--	13	6682	卖盘
10:11:00	5.14	0.01	10	5140	卖盘
10:10:55	5.13	-0.02	106	54378	卖盘
10:10:50	5.15	0.02	45	23175	买盘
10:10:45	5.13	-0.01	20	10260	卖盘
10:10:40	5.14	0.01	5	2570	卖盘
10:10:35	5.13	--	0	0	卖盘
10:10:24	5.13	-0.02	28	14364	卖盘
10:10:20	5.15	0.01	153	78795	买盘
10:10:15	5.14	0.01	12	6168	买盘
10:10:09	5.13	-0.01	117	60021	卖盘
10:10:05	5.14	--	918	471851	买盘
10:10:00	5.14	0.01	29	14905	买盘
10:09:54	5.13	-0.01	174	89262	卖盘
10:09:45	5.14	0.01	10	5140	买盘
10:09:34	5.13	--	68	34884	卖盘
10:09:30	5.13	--	24	12312	卖盘
10:09:09	5.13	--	50	25650	卖盘
10:09:04	5.13	--	30	15390	卖盘
10:08:54	5.13	--	507	260091	买盘
10:08:39	5.13	0.01	100	51300	买盘
10:08:34	5.12	--	9	4608	买盘
10:08:30	5.12	--	400	204800	买盘
10:08:15	5.12	--	69	35328	卖盘
10:08:09	5.12	-0.01	80	40960	卖盘
10:08:04	5.13	0.01	129	66177	买盘
10:08:00	5.12	--	5	2560	卖盘
10:07:54	5.12	--	60	30720	卖盘
10:07:49	5.12	--	35	17920	卖盘
10:07:44	5.12	--	40	20480	卖盘
10:07:39	5.12	--	94	48128	卖盘
10:07:29	5.12	--	1042	533504	卖盘
10:07:19	5.12	-0.01	6	3072	卖盘
10:07:14	5.13	--	358	183654	卖盘
10:07:09	5.13	--	222	113886	买盘
10:07:04	5.13	--	47	24111	买盘
10:06:54	5.13	--	432	221616	卖盘
10:06:49	5.13	--	94	48222	卖盘
10:06:34	5.13	--	111	56943	买盘
10:06:24	5.13	-0.01	14	7182	卖盘
10:06:19	5.14	0.01	130	66820	买盘
10:06:14	5.13	-0.01	359	184167	卖盘
10:06:09	5.14	--	5	2570	买盘
10:05:59	5.14	--	5	2570	买盘
10:05:39	5.14	0.01	349	179386	买盘
10:05:34	5.13	--	100	51300	卖盘
10:05:24	5.13	--	39	20007	卖盘
10:05:04	5.13	--	1	513	卖盘
10:04:54	5.13	-0.01	129	66177	卖盘
10:04:44	5.14	--	50	25700	买盘
10:04:34	5.14	0.01	123	63221	买盘
10:04:24	5.13	--	277	142101	卖盘
10:04:19	5.13	--	27	13851	卖盘
10:04:03	5.13	--	1	513	卖盘
10:03:33	5.13	-0.01	79	40527	卖盘
10:03:24	5.14	--	234	120275	买盘
10:03:18	5.14	0.01	50	25700	买盘
10:03:09	5.13	--	59	30267	卖盘
10:03:03	5.13	--	10	5130	卖盘
10:02:54	5.13	--	3	1539	卖盘
10:02:43	5.13	--	50	25650	卖盘
10:02:39	5.13	--	30	15390	卖盘
10:02:33	5.13	--	400	205200	卖盘
10:02:13	5.13	--	1	513	卖盘
10:02:09	5.13	--	10	5130	卖盘
10:01:54	5.13	--	5	2565	卖盘
10:01:48	5.13	--	20	10260	卖盘
10:01:43	5.13	-0.01	10	5130	卖盘
10:01:39	5.14	0.01	100	51400	买盘
10:01:33	5.13	--	30	15390	卖盘
10:01:28	5.13	--	75	38475	卖盘
10:01:23	5.13	--	230	117990	买盘
10:01:18	5.13	--	50	25650	买盘
10:01:13	5.13	--	3	1539	买盘
10:01:08	5.13	--	2	1026	买盘
10:01:03	5.13	--	20	10260	买盘
10:00:53	5.13	--	17	8721	卖盘
10:00:48	5.13	-0.01	1046	536598	卖盘
10:00:43	5.14	0.01	15	7709	买盘
10:00:38	5.13	--	30	15390	卖盘
10:00:33	5.13	-0.01	21	10773	卖盘
10:00:28	5.14	--	30	15419	买盘
10:00:23	5.14	--	320	164480	卖盘
10:00:13	5.14	-0.01	567	291438	卖盘
10:00:08	5.15	--	21	10815	买盘
09:59:58	5.15	--	67	34505	买盘
09:59:53	5.15	--	20	10300	买盘
09:59:43	5.15	--	119	61285	买盘
09:59:38	5.15	--	145	74798	卖盘
09:59:33	5.15	-0.01	1900	978891	卖盘
09:59:13	5.16	--	915	472140	卖盘
09:59:08	5.16	-0.01	39	20124	卖盘
09:59:03	5.17	--	154	79618	买盘
09:58:58	5.17	--	3	1551	买盘
09:58:53	5.17	--	45	23265	买盘
09:58:48	5.17	--	34	17578	买盘
09:58:43	5.17	--	40	20680	买盘
09:58:38	5.17	-0.01	374	193358	卖盘
09:58:33	5.18	0.01	20	10360	买盘
09:58:28	5.17	-0.01	10	5170	卖盘
09:58:23	5.18	--	46	23828	买盘
09:58:18	5.18	0.01	44	22792	买盘
09:58:13	5.17	--	15	7755	卖盘
09:57:58	5.17	--	778	402226	买盘
09:57:53	5.17	--	64	33088	买盘
09:57:48	5.17	--	60	31020	买盘
09:57:42	5.17	--	34	17578	买盘
09:57:27	5.17	0.01	74	38258	买盘
09:57:18	5.16	-0.01	155	79980	卖盘
09:57:03	5.17	0.01	503	260051	买盘
09:56:57	5.16	-0.01	60	30960	卖盘
09:56:52	5.17	--	22	11374	买盘
09:56:48	5.17	--	3	1551	买盘
09:56:42	5.17	0.01	145	74965	买盘
09:56:37	5.16	--	10	5160	卖盘
09:56:33	5.16	-0.01	101	52116	卖盘
09:56:18	5.17	0.01	48	24816	买盘
09:56:12	5.16	--	246	126936	卖盘
09:56:07	5.16	-0.01	113	58308	卖盘
09:56:03	5.17	--	161	83237	买盘
09:55:57	5.17	0.01	39	20163	买盘
09:55:52	5.16	--	295	152220	卖盘
09:55:47	5.16	--	2	1032	卖盘
09:55:32	5.16	-0.01	20	10320	卖盘
09:55:27	5.17	0.01	50	25850	买盘
09:55:22	5.16	--	12	6192	卖盘
09:55:18	5.16	--	64	33024	卖盘
09:55:12	5.16	--	178	91848	买盘
09:55:07	5.16	--	278	143448	买盘
09:55:02	5.16	--	20	10320	买盘
09:54:57	5.16	--	133	68628	买盘
09:54:52	5.16	0.01	442	228072	买盘
09:54:42	5.15	--	75	38625	卖盘
09:54:37	5.15	--	42	21630	卖盘
09:54:22	5.15	--	10	5150	卖盘
09:54:12	5.15	--	60	30900	卖盘
09:54:07	5.15	-0.01	30	15450	卖盘
09:53:52	5.16	0.01	145	74820	买盘
09:53:47	5.15	--	590	303850	卖盘
09:53:37	5.15	--	35	18025	卖盘
09:53:32	5.15	--	10	5150	卖盘
09:53:27	5.15	--	147	75705	卖盘
09:53:17	5.15	--	5	2575	卖盘
09:53:12	5.15	--	50	25750	卖盘
09:53:07	5.15	-0.01	133	68495	卖盘
09:53:02	5.16	--	53	27348	买盘
09:52:52	5.16	--	201	103716	买盘
09:52:47	5.16	--	45	23220	买盘
09:52:42	5.16	--	199	102684	卖盘
09:52:37	5.16	--	126	65016	卖盘
09:52:32	5.16	--	40	20640	卖盘
09:52:27	5.16	--	772	398352	卖盘
09:52:17	5.16	--	25	12900	卖盘
09:52:12	5.16	--	15	7740	卖盘
09:51:57	5.16	-0.01	187	96492	卖盘
09:51:52	5.17	--	58	29986	买盘
09:51:47	5.17	0.01	142	73414	买盘
09:51:42	5.16	--	200	103200	卖盘
09:51:36	5.16	--	1	516	卖盘
09:51:27	5.16	-0.01	42	21672	卖盘
09:51:16	5.17	--	2	1034	买盘
09:51:12	5.17	--	39	20163	卖盘
09:51:06	5.17	-0.01	139	71863	卖盘
09:51:01	5.18	0.01	128	66304	买盘
09:50:57	5.17	--	86	44462	卖盘
09:50:51	5.17	--	731	377927	卖盘
09:50:46	5.17	-0.01	9	4653	卖盘
09:50:42	5.18	0.01	21	10878	买盘
09:50:36	5.17	-0.01	7	3619	卖盘
09:50:27	5.18	--	6	3108	买盘
09:50:21	5.18	--	192	99456	买盘
09:50:16	5.18	0.01	2	1036	买盘
09:50:12	5.17	--	279	144243	卖盘
09:50:06	5.17	-0.01	129	66693	卖盘
09:50:01	5.18	--	198	102564	买盘
09:49:56	5.18	--	770	398860	买盘
09:49:51	5.18	0.01	5	2590	买盘
09:49:46	5.17	--	51	26367	卖盘
09:49:41	5.17	--	161	83237	卖盘
09:49:36	5.17	--	195	100815	卖盘
09:49:31	5.17	--	10	5170	卖盘
09:49:27	5.17	-0.01	60	31020	卖盘
09:49:21	5.18	--	516	267288	买盘
09:49:11	5.18	--	18	9324	买盘
09:49:06	5.18	-0.01	239	123802	卖盘
09:49:01	5.19	0.01	273	141687	买盘
09:48:56	5.18	--	63	32634	卖盘
09:48:51	5.18	--	44	22792	卖盘
09:48:46	5.18	0.02	700	362600	买盘
09:48:41	5.16	-0.01	40	20640	卖盘
09:48:36	5.17	--	70	36190	卖盘
09:48:31	5.17	-0.01	10	5170	中性盘
09:48:26	5.18	0.01	99	51282	买盘
09:48:21	5.17	0.01	54	27918	买盘
09:48:16	5.16	-0.01	150	77400	卖盘
09:48:11	5.17	--	10	5170	买盘
09:48:06	5.17	0.01	15	7755	买盘
09:48:01	5.16	--	57	29412	卖盘
09:47:56	5.16	-0.02	100	51600	卖盘
09:47:51	5.18	0.01	593	307174	买盘
09:47:46	5.17	-0.01	2060	1065020	卖盘
09:47:41	5.18	--	50	25900	买盘
09:47:36	5.18	--	126	65268	买盘
09:47:31	5.18	--	785	406630	卖盘
09:47:26	5.18	-0.01	227	117586	卖盘
09:47:21	5.19	0.01	1086	563634	买盘
09:47:16	5.18	-0.01	45	23310	卖盘
09:47:11	5.19	--	25	12975	买盘
09:47:06	5.19	0.01	324	168156	买盘
09:47:01	5.18	-0.01	309	160062	卖盘
09:46:56	5.19	--	189	98091	卖盘
09:46:51	5.19	0.01	192	99648	卖盘
09:46:46	5.18	-0.02	240	124320	卖盘
09:46:41	5.2	0.01	58	30160	中性盘
09:46:36	5.19	--	413	214347	买盘
09:46:31	5.19	--	229	118851	卖盘
09:46:26	5.19	-0.01	242	125598	卖盘
09:46:21	5.2	0.02	556	289120	中性盘
09:46:16	5.18	--	1657	858326	卖盘
09:46:11	5.18	--	30	15540	卖盘
09:46:06	5.18	-0.01	657	340326	卖盘
09:46:01	5.19	0.01	168	87192	买盘
09:45:56	5.18	--	47	24346	卖盘
09:45:51	5.18	0.04	2654	1374772	买盘
09:45:46	5.14	--	126	64763	卖盘
09:45:41	5.14	--	122	62707	卖盘
09:45:36	5.14	--	23	11822	卖盘
09:45:30	5.14	--	393	202002	买盘
09:45:21	5.14	--	174	89436	买盘
09:45:15	5.14	--	64	32896	买盘
09:45:05	5.14	--	252	129527	买盘
09:45:00	5.14	0.01	41	21074	买盘
09:44:50	5.13	--	62	31806	买盘
09:44:45	5.13	--	228	116964	卖盘
09:44:40	5.13	--	79	40527	买盘
09:44:36	5.13	--	233	119529	买盘
09:44:30	5.13	--	261	133893	买盘
09:44:25	5.13	0.01	38	19494	买盘
09:44:20	5.12	-0.01	1	512	卖盘
09:44:15	5.13	0.01	109	55917	买盘
09:44:10	5.12	-0.01	10	5120	卖盘
09:44:06	5.13	--	158	81054	买盘
09:43:55	5.13	--	38	19494	买盘
09:43:50	5.13	--	5	2565	买盘
09:43:45	5.13	0.01	130	66690	买盘
09:43:35	5.12	-0.01	50	25600	卖盘
09:43:30	5.13	0.01	50	25650	买盘
09:43:20	5.12	0.01	85	44011	买盘
09:43:15	5.11	-0.01	114	58274	卖盘
09:43:10	5.12	--	501	257003	买盘
09:43:05	5.12	--	43	22016	买盘
09:43:00	5.12	0.01	500	256000	买盘
09:42:55	5.11	--	167	85337	卖盘
09:42:45	5.11	--	19	9709	卖盘
09:42:35	5.11	--	115	58765	卖盘
09:42:30	5.11	--	96	49056	卖盘
09:42:25	5.11	--	22	11242	卖盘
09:42:15	5.11	0.01	1045	533995	买盘
09:42:10	5.1	-0.01	182	92820	卖盘
09:42:00	5.11	0.01	1	511	买盘
09:41:55	5.1	--	3	1530	卖盘
09:41:45	5.1	-0.01	3	1530	卖盘
09:41:40	5.11	0.01	300	153300	买盘
09:41:35	5.1	--	4	2039	买盘
09:41:25	5.1	--	30	15299	卖盘
09:41:15	5.1	-0.01	134	68340	卖盘
09:41:05	5.11	0.01	100	51100	买盘
09:41:00	5.1	--	50	25500	卖盘
09:40:55	5.1	--	10	5100	卖盘
09:40:45	5.1	--	305	155550	买盘
09:40:40	5.1	--	87	44370	卖盘
09:40:30	5.1	--	173	88230	卖盘
09:40:25	5.1	--	93	47430	卖盘
09:40:20	5.1	-0.01	50	25500	卖盘
09:40:15	5.11	--	126	64386	买盘
09:40:10	5.11	--	98	50078	买盘
09:40:00	5.11	--	188	96068	卖盘
09:39:55	5.11	--	95	48545	卖盘
09:39:50	5.11	--	169	86359	买盘
09:39:40	5.11	0.01	2	1022	中性盘
09:39:35	5.1	-0.01	476	242759	卖盘
09:39:24	5.11	--	234	119574	买盘
09:39:15	5.11	--	519	265209	买盘
09:39:09	5.11	--	106	54166	卖盘
09:39:04	5.11	--	65	33215	卖盘
09:38:59	5.11	--	80	40880	买盘
09:38:54	5.11	--	191	97601	买盘
09:38:44	5.11	--	327	167097	卖盘
09:38:39	5.11	--	36	18396	卖盘
09:38:34	5.11	--	55	28105	卖盘
09:38:24	5.11	--	21	10731	卖盘
09:38:14	5.11	--	962	491582	买盘
09:38:09	5.11	--	36	18396	买盘
09:38:04	5.11	--	0	0	买盘
09:37:59	5.11	--	250	127750	买盘
09:37:54	5.11	--	17	8687	买盘
09:37:44	5.11	0.01	21	10731	买盘
09:37:39	5.1	--	405	206550	卖盘
09:37:34	5.1	--	20	10200	卖盘
09:37:29	5.1	--	161	82110	买盘
09:37:24	5.1	--	232	118319	买盘
09:37:19	5.1	--	203	103530	买盘
09:37:14	5.1	--	97	49470	买盘
09:37:09	5.1	0.01	69	35190	买盘
09:37:04	5.09	--	30	15270	卖盘
09:36:59	5.09	-0.01	50	25450	卖盘
09:36:54	5.1	0.01	147	74970	买盘
09:36:49	5.09	-0.01	56	28554	卖盘
09:36:44	5.1	0.01	50	25500	买盘
09:36:39	5.09	-0.01	60	30540	卖盘
09:36:19	5.1	--	13	6629	买盘
09:36:14	5.1	--	250	127499	买盘
09:36:09	5.1	--	33	16830	买盘
09:36:04	5.1	--	123	62729	买盘
09:35:59	5.1	--	7	3569	买盘
09:35:54	5.1	--	5	2550	买盘
09:35:49	5.1	-0.01	46	23460	买盘
09:35:39	5.11	--	0	0	买盘
09:35:34	5.11	--	613	313243	买盘
09:35:29	5.11	--	0	0	买盘
09:35:24	5.11	--	10	5110	买盘
09:35:19	5.11	--	29	14819	买盘
09:35:14	5.11	--	36	18396	买盘
09:35:09	5.11	--	83	42413	买盘
09:35:04	5.11	0.02	1397	713867	买盘
09:34:59	5.09	--	50	25450	买盘
09:34:54	5.09	--	15	7635	买盘
09:34:39	5.09	--	82	41738	买盘
09:34:34	5.09	0.02	93	47337	买盘
09:34:14	5.07	--	0	0	卖盘
09:34:09	5.07	--	130	65910	卖盘
09:34:04	5.07	-0.01	10	5070	卖盘
09:33:59	5.08	--	165	83820	卖盘
09:33:54	5.08	0.01	135	68580	买盘
09:33:49	5.07	-0.01	4	2028	卖盘
09:33:44	5.08	--	373	189484	买盘
09:33:39	5.08	--	6	3048	买盘
09:33:34	5.08	--	143	72644	买盘
09:33:29	5.08	--	3	1524	买盘
09:33:24	5.08	--	24	12192	买盘
09:33:18	5.08	--	1	508	买盘
09:33:09	5.08	0.01	200	101600	买盘
09:32:33	5.07	--	24	12168	买盘
09:32:18	5.07	-0.01	30	15210	卖盘
09:31:53	5.08	--	9	4572	买盘
09:31:43	5.08	0.02	2	1016	买盘
09:31:38	5.06	--	10	5060	卖盘
09:31:23	5.06	--	4	2023	买盘
09:31:18	5.06	--	67	33902	卖盘
09:31:13	5.06	0.01	19	9614	买盘
09:31:08	5.05	-0.01	146	73730	卖盘
09:31:03	5.06	--	25	12649	买盘
09:30:58	5.06	--	2	1011	买盘
09:30:48	5.06	--	6	3035	买盘
09:30:43	5.06	-0.02	12	6071	买盘
09:30:28	5.08	--	0	0	买盘
09:30:13	5.08	0.01	13	6604	买盘
09:30:08	5.07	0.02	112	56784	买盘
09:30:03	5.05	-0.03	889	448945	卖盘
09:28:45	5.08	--	0	0	卖盘
09:25:06	5.08	5.08	94	47752	买盘
