成交时间	成交价	价格变动	成交量(手)	成交额(元)	性质
15:00:00	27.69	-0.01	0	0	中性盘
15:00:00	27.7	--	0	0	买盘
14:59:59	27.7	--	1	2770	买盘
14:59:53	27.7	0.02	172	476440	买盘
14:59:44	27.68	-0.02	13	35984	中性盘
14:59:34	27.7	--	10	27700	买盘
14:59:29	27.7	--	163	451510	买盘
14:59:19	27.7	--	1	2770	买盘
14:59:14	27.7	0.04	5	13850	买盘
14:59:08	27.66	-0.04	17	47022	卖盘
14:59:04	27.7	--	1	2770	买盘
14:58:44	27.7	--	2	5540	买盘
14:58:38	27.7	--	11	30470	卖盘
14:58:29	27.7	-0.02	10	27700	卖盘
14:58:23	27.72	--	9	24948	买盘
14:58:19	27.72	--	0	0	买盘
14:58:14	27.72	0.02	6	16632	买盘
14:58:08	27.7	-0.02	8	22160	卖盘
14:58:04	27.72	0.02	1	2772	买盘
14:57:59	27.7	--	136	376720	买盘
14:57:53	27.7	-0.02	3	8310	买盘
14:57:44	27.72	--	15	41580	买盘
14:57:38	27.72	0.02	13	36036	卖盘
14:57:34	27.7	--	0	0	卖盘
14:57:29	27.7	-0.03	55	152350	卖盘
14:57:23	27.73	--	303	840219	买盘
14:57:19	27.73	0.01	181	501913	买盘
14:57:14	27.72	--	11	30492	卖盘
14:57:08	27.72	-0.01	127	352044	卖盘
14:57:04	27.73	--	2	5546	买盘
14:56:59	27.73	0.01	20	55460	买盘
14:56:53	27.72	--	113	313236	买盘
14:56:49	27.72	--	8	22176	买盘
14:56:44	27.72	0.02	4	11088	买盘
14:56:38	27.7	-0.02	120	332400	卖盘
14:56:34	27.72	0.02	3	8316	买盘
14:56:29	27.7	--	9	24930	卖盘
14:56:23	27.7	-0.01	30	83100	卖盘
14:56:19	27.71	0.06	144	399024	买盘
14:56:14	27.65	--	21	58065	卖盘
14:56:08	27.65	-0.01	39	107835	卖盘
14:55:59	27.66	--	26	71916	买盘
14:55:53	27.66	-0.06	106	293196	卖盘
14:55:44	27.72	0.06	34	94248	买盘
14:55:38	27.66	-0.01	58	160428	卖盘
14:55:34	27.67	--	6	16602	卖盘
14:55:29	27.67	--	3	8301	卖盘
14:55:23	27.67	-0.05	44	121748	卖盘
14:55:19	27.72	--	0	0	卖盘
14:55:14	27.72	-0.01	61	169092	中性盘
14:55:08	27.73	-0.01	55	152515	中性盘
14:55:04	27.74	0.01	203	563122	买盘
14:54:59	27.73	--	114	316122	卖盘
14:54:53	27.73	--	3	8319	卖盘
14:54:43	27.73	--	41	113693	卖盘
14:54:38	27.73	--	115	318895	卖盘
14:54:32	27.73	-0.01	2	5546	卖盘
14:54:28	27.74	0.01	15	41610	买盘
14:54:23	27.73	0.07	320	887360	买盘
14:54:17	27.66	--	79	218514	买盘
14:54:08	27.66	-0.08	16	44256	卖盘
14:53:58	27.74	0.01	402	1115148	买盘
14:53:53	27.73	0.1	5	13865	买盘
14:53:47	27.63	-0.11	53	146439	卖盘
14:53:43	27.74	--	16	44384	买盘
14:53:38	27.74	--	8	22192	买盘
14:53:32	27.74	--	12	33288	买盘
14:53:28	27.74	0.13	54	149796	买盘
14:53:23	27.61	-0.13	131	361691	卖盘
14:53:17	27.74	-0.01	28	77672	卖盘
14:53:13	27.75	-0.01	16	44400	中性盘
14:53:08	27.76	--	0	0	买盘
14:53:02	27.76	0.16	12	33312	买盘
14:52:58	27.6	--	0	0	卖盘
14:52:53	27.6	--	5	13800	卖盘
14:52:47	27.6	--	500	1380000	卖盘
14:52:43	27.6	--	333	919080	买盘
14:52:38	27.6	--	21	57960	买盘
14:52:32	27.6	--	1	2760	买盘
14:52:28	27.6	--	78	215280	买盘
14:52:23	27.6	-0.18	67	184920	卖盘
14:52:17	27.78	--	2	5556	买盘
14:52:13	27.78	--	167	465176	买盘
14:52:08	27.78	--	154	427812	卖盘
14:52:02	27.78	--	20	55560	卖盘
14:51:58	27.78	0.06	37	102786	买盘
14:51:53	27.72	-0.04	20	55440	卖盘
14:51:47	27.76	0.04	82	229158	买盘
14:51:43	27.72	-0.03	129	358835	卖盘
14:51:38	27.75	0.05	389	1081001	买盘
14:51:23	27.7	0.01	186	515220	买盘
14:51:17	27.69	-0.03	13	35997	卖盘
14:51:13	27.72	0.03	501	1388772	买盘
14:51:08	27.69	0.01	120	332280	买盘
14:50:58	27.68	--	20	55360	卖盘
14:50:53	27.68	0.03	272	752896	买盘
14:50:47	27.65	0.03	34	94010	买盘
14:50:43	27.62	--	10	27620	卖盘
14:50:38	27.62	--	2	5524	买盘
14:50:28	27.62	-0.03	115	317630	卖盘
14:50:23	27.65	--	5	13825	买盘
14:50:17	27.65	--	170	470050	买盘
14:50:13	27.65	--	10	27650	买盘
14:50:08	27.65	--	87	240555	买盘
14:49:47	27.65	--	104	287560	买盘
14:49:43	27.65	--	4	11060	买盘
14:49:38	27.65	0.01	13	35945	买盘
14:49:32	27.64	-0.01	214	591496	卖盘
14:49:28	27.65	--	131	362215	买盘
14:49:23	27.65	--	250	691250	卖盘
14:49:17	27.65	--	207	572355	卖盘
14:49:13	27.65	--	0	0	卖盘
14:49:08	27.65	0.01	574	1587110	买盘
14:49:02	27.64	0.03	10	27640	中性盘
14:48:58	27.61	-0.04	1	2761	卖盘
14:48:53	27.65	--	142	392630	买盘
14:48:47	27.65	--	77	212905	买盘
14:48:43	27.65	--	0	0	买盘
14:48:32	27.65	--	15	41475	买盘
14:48:28	27.65	--	91	251615	买盘
14:48:11	27.65	--	65	179725	买盘
14:48:07	27.65	--	85	235025	买盘
14:47:52	27.65	-0.05	122	337330	卖盘
14:47:47	27.7	0.02	51	141270	买盘
14:47:37	27.68	--	2	5536	买盘
14:47:32	27.68	-0.04	4	11072	卖盘
14:47:26	27.72	0.04	80	221760	买盘
14:47:22	27.68	--	5	13840	卖盘
14:47:17	27.68	0.01	12	33216	卖盘
14:47:11	27.67	-0.02	11	30437	卖盘
14:47:07	27.69	--	212	587028	买盘
14:46:56	27.69	--	8	22152	买盘
14:46:52	27.69	-0.06	203	562107	卖盘
14:46:47	27.75	0.06	120	333000	买盘
14:46:41	27.69	--	0	0	卖盘
14:46:37	27.69	-0.02	200	553800	卖盘
14:46:32	27.71	0.02	200	554200	买盘
14:46:26	27.69	0.04	289	800241	买盘
14:46:22	27.65	--	10	27650	卖盘
14:46:11	27.65	--	18	49770	卖盘
14:46:07	27.65	0.05	146	403690	买盘
14:45:56	27.6	0.05	156	431746	买盘
14:45:52	27.55	--	20	55100	卖盘
14:45:41	27.55	0.04	98	269990	买盘
14:45:37	27.51	0.01	30	82530	卖盘
14:45:32	27.5	-0.01	17	46750	卖盘
14:45:26	27.51	0.01	7	19257	买盘
14:45:11	27.5	--	98	269500	卖盘
14:45:07	27.5	0.03	361	994317	买盘
14:44:56	27.47	--	17	46699	买盘
14:44:47	27.47	0.01	9	24723	买盘
14:44:41	27.46	-0.01	10	27460	卖盘
14:44:37	27.47	0.01	1	2747	买盘
14:44:32	27.46	-0.01	34	93364	卖盘
14:44:26	27.47	0.01	19	52193	买盘
14:44:22	27.46	--	2	5492	卖盘
14:44:17	27.46	--	13	35698	卖盘
14:44:11	27.46	0.01	250	686500	买盘
14:44:07	27.45	-0.01	2	5490	卖盘
14:44:02	27.46	0.01	19	52174	买盘
14:43:56	27.45	-0.01	5	13725	卖盘
14:43:52	27.46	0.01	1	2746	买盘
14:43:47	27.45	--	26	71370	卖盘
14:43:41	27.45	--	149	409005	卖盘
14:43:37	27.45	-0.01	14	38430	卖盘
14:43:32	27.46	--	4	10984	买盘
14:43:26	27.46	--	12	32952	买盘
14:43:22	27.46	-0.01	11	30206	卖盘
14:43:17	27.47	0.01	2	5494	买盘
14:43:11	27.46	--	19	52174	卖盘
14:43:07	27.46	--	43	118078	买盘
14:43:02	27.46	0.01	4	10984	买盘
14:42:56	27.45	-0.01	118	323910	卖盘
14:42:47	27.46	--	10	27460	卖盘
14:42:41	27.46	-0.01	14	38444	卖盘
14:42:37	27.47	0.01	55	151085	买盘
14:42:32	27.46	-0.01	27	74142	卖盘
14:42:26	27.47	0.01	22	60434	买盘
14:42:22	27.46	--	2	5492	卖盘
14:42:17	27.46	--	7	19222	卖盘
14:42:11	27.46	--	17	46682	卖盘
14:42:07	27.46	-0.01	11	30206	卖盘
14:41:56	27.47	0.01	14	38458	买盘
14:41:52	27.46	--	4	10984	卖盘
14:41:41	27.46	--	9	24714	卖盘
14:41:35	27.46	0.01	9	24714	卖盘
14:41:26	27.45	--	21	57645	卖盘
14:41:20	27.45	-0.02	4	10980	卖盘
14:41:16	27.47	--	0	0	买盘
14:41:11	27.47	0.01	11	30217	买盘
14:41:01	27.46	--	20	54920	卖盘
14:40:56	27.46	0.01	32	87872	买盘
14:40:46	27.45	--	13	35685	卖盘
14:40:35	27.45	-0.01	25	68625	卖盘
14:40:31	27.46	--	66	181236	买盘
14:40:26	27.46	--	9	24714	买盘
14:40:16	27.46	--	19	52174	卖盘
14:40:11	27.46	--	3	8238	卖盘
14:40:05	27.46	--	34	93364	买盘
14:40:01	27.46	0.01	21	57666	买盘
14:39:46	27.45	--	13	35685	卖盘
14:39:41	27.45	--	2	5490	卖盘
14:39:35	27.45	-0.01	66	181170	卖盘
14:39:31	27.46	--	16	43936	买盘
14:39:26	27.46	0.01	27	74142	买盘
14:39:16	27.45	--	18	49410	卖盘
14:39:11	27.45	-0.02	15	41175	卖盘
14:39:01	27.47	0.01	17	46699	买盘
14:38:56	27.46	--	4	10984	卖盘
14:38:50	27.46	--	9	24714	卖盘
14:38:41	27.46	--	4	10984	卖盘
14:38:35	27.46	-0.01	12	32952	卖盘
14:38:26	27.47	0.01	17	46699	买盘
14:38:20	27.46	--	10	27460	卖盘
14:38:11	27.46	--	54	148284	卖盘
14:38:05	27.46	-0.01	21	57666	卖盘
14:38:01	27.47	--	4	10988	买盘
14:37:56	27.47	0.01	34	93398	买盘
14:37:50	27.46	--	11	30206	卖盘
14:37:46	27.46	--	27	74142	卖盘
14:37:41	27.46	--	15	41190	卖盘
14:37:35	27.46	--	25	68650	卖盘
14:37:31	27.46	-0.01	2	5492	卖盘
14:37:26	27.47	0.01	24	65928	买盘
14:37:20	27.46	--	2	5492	卖盘
14:37:16	27.46	--	12	32952	买盘
14:37:11	27.46	0.01	23	63158	买盘
14:37:05	27.45	--	69	189405	卖盘
14:37:01	27.45	--	1	2745	卖盘
14:36:56	27.45	--	22	60390	卖盘
14:36:50	27.45	--	7	19215	卖盘
14:36:46	27.45	--	2	5490	卖盘
14:36:41	27.45	--	10	27450	卖盘
14:36:35	27.45	--	16	43920	卖盘
14:36:31	27.45	--	1	2745	卖盘
14:36:26	27.45	--	202	554490	买盘
14:36:20	27.45	--	28	76860	买盘
14:36:16	27.45	0.02	14	38430	买盘
14:36:11	27.43	--	11	30173	卖盘
14:36:05	27.43	--	7	19201	卖盘
14:36:01	27.43	--	6	16458	卖盘
14:35:56	27.43	--	14	38402	卖盘
14:35:50	27.43	--	6	16458	卖盘
14:35:46	27.43	--	1	2743	卖盘
14:35:41	27.43	-0.02	29	79547	卖盘
14:35:35	27.45	--	5	13725	卖盘
14:35:31	27.45	--	30	82350	买盘
14:35:26	27.45	0.02	5	13725	买盘
14:35:20	27.43	0.01	11	30173	买盘
14:35:14	27.42	-0.03	6	16452	卖盘
14:35:10	27.45	0.02	12	32940	买盘
14:35:05	27.43	--	9	24687	卖盘
14:34:59	27.43	--	10	27430	卖盘
14:34:55	27.43	--	10	27430	卖盘
14:34:50	27.43	0.01	105	288015	中性盘
14:34:44	27.42	--	14	38388	卖盘
14:34:40	27.42	--	2	5484	卖盘
14:34:35	27.42	--	11	30162	卖盘
14:34:29	27.42	-0.01	98	268716	卖盘
14:34:25	27.43	--	18	49374	卖盘
14:34:20	27.43	0.01	3	8229	中性盘
14:34:14	27.42	-0.03	5	13710	卖盘
14:34:10	27.45	-0.01	313	859185	卖盘
14:34:05	27.46	0.01	16	43936	买盘
14:33:59	27.45	--	5	13725	卖盘
14:33:55	27.45	--	6	16470	卖盘
14:33:50	27.45	--	12	32940	卖盘
14:33:44	27.45	--	1	2745	卖盘
14:33:40	27.45	-0.01	7	19215	卖盘
14:33:35	27.46	0.01	53	145538	买盘
14:33:29	27.45	--	1	2745	卖盘
14:33:25	27.45	-0.01	117	321165	卖盘
14:33:20	27.46	--	59	162014	买盘
14:33:10	27.46	0.01	7	19222	买盘
14:33:05	27.45	--	12	32940	卖盘
14:32:59	27.45	--	81	222345	卖盘
14:32:55	27.45	--	7	19215	卖盘
14:32:50	27.45	--	17	46665	卖盘
14:32:44	27.45	--	1	2745	卖盘
14:32:40	27.45	--	5	13725	卖盘
14:32:35	27.45	--	61	167445	卖盘
14:32:29	27.45	-0.01	3	8235	卖盘
14:32:25	27.46	--	16	43936	卖盘
14:32:20	27.46	0.01	306	842335	买盘
14:32:14	27.45	--	101	277245	卖盘
14:32:10	27.45	--	191	524295	卖盘
14:32:05	27.45	-0.01	174	479084	卖盘
14:31:59	27.46	0.01	58	159268	买盘
14:31:55	27.45	--	18	49410	卖盘
14:31:50	27.45	0.04	973	2672861	买盘
14:31:44	27.41	--	7	19187	卖盘
14:31:40	27.41	--	17	46597	卖盘
14:31:35	27.41	--	8	21928	卖盘
14:31:29	27.41	--	27	74007	卖盘
14:31:25	27.41	--	10	27410	卖盘
14:31:20	27.41	--	308	844228	卖盘
14:31:14	27.41	--	20	54820	卖盘
14:31:05	27.41	-0.01	8	21928	卖盘
14:30:59	27.42	-0.01	429	1176318	卖盘
14:30:55	27.43	--	3	8229	卖盘
14:30:50	27.43	0.01	236	647348	买盘
14:30:44	27.42	-0.01	6	16452	卖盘
14:30:40	27.43	0.01	4	10972	中性盘
14:30:35	27.42	--	12	32904	卖盘
14:30:29	27.42	-0.03	16	43872	中性盘
14:30:25	27.45	0.03	283	776835	买盘
14:30:20	27.42	--	132	361944	卖盘
14:30:14	27.42	--	25	68550	卖盘
14:30:10	27.42	-0.01	27	74034	卖盘
14:30:05	27.43	--	151	414193	卖盘
14:29:59	27.43	--	9	24687	卖盘
14:29:55	27.43	--	4	10972	卖盘
14:29:50	27.43	--	145	397735	卖盘
14:29:44	27.43	-0.01	7	19201	卖盘
14:29:40	27.44	0.01	7	19208	中性盘
14:29:35	27.43	0.01	28	76804	中性盘
14:29:29	27.42	-0.01	155	425010	卖盘
14:29:25	27.43	-0.02	8	21944	卖盘
14:29:20	27.45	0.01	64	175680	买盘
14:29:14	27.44	-0.01	15	41160	卖盘
14:29:10	27.45	--	5	13725	卖盘
14:29:05	27.45	--	39	107055	卖盘
14:28:59	27.45	0.01	66	181170	买盘
14:28:55	27.44	--	7	19208	卖盘
14:28:50	27.44	-0.01	3	8232	卖盘
14:28:44	27.45	--	23	63135	买盘
14:28:38	27.45	--	82	225090	卖盘
14:28:34	27.45	--	7	19215	卖盘
14:28:29	27.45	--	31	85095	卖盘
14:28:23	27.45	--	39	107055	卖盘
14:28:19	27.45	--	74	203130	卖盘
14:28:14	27.45	--	2	5490	卖盘
14:28:08	27.45	--	6	16470	卖盘
14:28:04	27.45	--	135	370575	卖盘
14:27:59	27.45	--	19	52155	卖盘
14:27:53	27.45	--	2	5490	卖盘
14:27:49	27.45	-0.03	227	623115	卖盘
14:27:44	27.48	-0.01	2	5496	卖盘
14:27:38	27.49	-0.01	5	13745	卖盘
14:27:34	27.5	-0.01	134	369682	卖盘
14:27:29	27.51	--	1021	2808771	卖盘
14:27:23	27.51	0.01	5	13755	买盘
14:27:19	27.5	--	578	1589500	卖盘
14:27:14	27.5	--	324	891000	卖盘
14:27:08	27.5	--	50	137500	卖盘
14:27:04	27.5	-0.02	130	357500	卖盘
14:26:59	27.52	0.01	37	101824	买盘
14:26:53	27.51	0.01	6	16506	卖盘
14:26:49	27.5	--	55	151250	卖盘
14:26:44	27.5	-0.02	385	1058750	卖盘
14:26:38	27.52	0.01	49	134848	卖盘
14:26:34	27.51	--	163	448413	买盘
14:26:29	27.51	-0.01	173	477491	卖盘
14:26:19	27.52	--	29	79808	买盘
14:26:14	27.52	--	6	16512	买盘
14:26:04	27.52	0.01	51	140352	买盘
14:25:59	27.51	--	31	85281	卖盘
14:25:53	27.51	-0.01	5	13755	卖盘
14:25:49	27.52	--	5	13760	买盘
14:25:44	27.52	-0.03	23	64479	卖盘
14:25:38	27.55	--	18	49590	卖盘
14:25:29	27.55	--	52	144830	买盘
14:25:23	27.55	0.03	18	49590	买盘
14:25:19	27.52	--	24	66048	卖盘
14:25:14	27.52	--	3	8256	卖盘
14:25:08	27.52	-0.01	10	27520	中性盘
14:25:04	27.53	--	1	2753	卖盘
14:24:59	27.53	0.01	173	476269	中性盘
14:24:53	27.52	--	3	8256	卖盘
14:24:49	27.52	-0.03	9	24768	卖盘
14:24:44	27.55	0.03	42	115710	买盘
14:24:38	27.52	-0.04	40	111263	卖盘
14:24:34	27.56	--	1	2756	卖盘
14:24:29	27.56	0.02	30	84250	买盘
14:24:23	27.54	-0.01	17	48002	卖盘
14:24:19	27.55	--	4	11020	卖盘
14:24:14	27.55	--	10	27550	卖盘
14:24:08	27.55	--	23	63365	卖盘
14:24:04	27.55	--	2	5510	卖盘
14:23:59	27.55	-0.01	57	157035	卖盘
14:23:53	27.56	-0.02	4	11024	中性盘
14:23:49	27.58	0.02	3	8274	买盘
14:23:44	27.56	-0.01	36	99216	卖盘
14:23:38	27.57	--	106	292242	买盘
14:23:34	27.57	0.01	1	2757	卖盘
14:23:29	27.56	-0.01	31	86510	卖盘
14:23:23	27.57	--	8	22083	卖盘
14:23:19	27.57	0.01	88	245345	买盘
14:23:14	27.56	-0.01	3	10803	卖盘
14:23:08	27.57	--	12	33111	卖盘
14:23:04	27.57	0.01	87	242588	买盘
14:22:59	27.56	--	147	405655	卖盘
14:22:53	27.56	-0.01	84	231504	卖盘
14:22:49	27.57	--	3	8271	买盘
14:22:44	27.57	-0.01	7	19299	买盘
14:22:34	27.58	0.02	6	16548	买盘
14:22:29	27.56	-0.01	360	994612	卖盘
14:22:23	27.57	-0.01	13	35841	卖盘
14:22:17	27.58	0.01	3	8274	买盘
14:22:13	27.57	--	69	191418	卖盘
14:22:08	27.57	--	23	63411	卖盘
14:22:02	27.57	--	11	30327	卖盘
14:21:58	27.57	--	32	90291	卖盘
14:21:53	27.57	-0.01	122	336354	卖盘
14:21:47	27.58	0.01	7	19306	买盘
14:21:43	27.57	--	54	148878	卖盘
14:21:38	27.57	-0.03	2	5514	卖盘
14:21:28	27.6	0.02	75	207000	买盘
14:21:23	27.58	--	50	137900	卖盘
14:21:13	27.58	--	68	187544	卖盘
14:21:08	27.58	--	5	13790	卖盘
14:20:58	27.58	--	25	68950	卖盘
14:20:53	27.58	--	9	24822	卖盘
14:20:47	27.58	-0.02	152	419216	卖盘
14:20:43	27.6	0.01	118	325680	买盘
14:20:38	27.59	--	9	24831	卖盘
14:20:32	27.59	-0.01	2	5518	卖盘
14:20:28	27.6	--	83	229080	卖盘
14:20:23	27.6	0.01	113	311880	买盘
14:20:17	27.59	-0.01	98	270382	卖盘
14:20:13	27.6	0.01	3	8280	买盘
14:20:08	27.59	--	4	11036	卖盘
14:20:02	27.59	-0.01	169	466271	卖盘
14:19:58	27.6	0.01	20	55200	买盘
14:19:47	27.59	-0.01	5	13795	卖盘
14:19:43	27.6	--	10	27600	买盘
14:19:38	27.6	--	13	35880	卖盘
14:19:32	27.6	--	7	19320	卖盘
14:19:28	27.6	-0.02	39	107640	卖盘
14:19:23	27.62	0.02	26	71812	买盘
14:19:17	27.6	--	16	44160	卖盘
14:19:13	27.6	--	13	35880	卖盘
14:19:08	27.6	0.01	63	173880	买盘
14:19:02	27.59	-0.01	11	30349	卖盘
14:18:58	27.6	0.01	49	135240	买盘
14:18:53	27.59	-0.01	2	5518	卖盘
14:18:47	27.6	0.01	21	57960	中性盘
14:18:43	27.59	--	2	5518	卖盘
14:18:38	27.59	0.01	5	13795	卖盘
14:18:28	27.58	-0.04	6	16548	卖盘
14:18:23	27.62	0.04	48	132576	买盘
14:18:17	27.58	-0.01	5	13790	卖盘
14:18:08	27.59	-0.01	25	68975	卖盘
14:18:02	27.6	0.01	2	5520	卖盘
14:17:58	27.59	--	0	0	卖盘
14:17:53	27.59	--	6	16554	卖盘
14:17:47	27.59	-0.03	28	77252	卖盘
14:17:43	27.62	0.03	1	2762	买盘
14:17:38	27.59	--	2	5518	卖盘
14:17:32	27.59	--	9	24831	卖盘
14:17:23	27.59	0.01	93	256587	买盘
14:17:17	27.58	--	12	33096	卖盘
14:17:13	27.58	-0.01	2	5516	卖盘
14:17:02	27.59	0.01	122	336598	买盘
14:16:58	27.58	-0.01	9	24822	卖盘
14:16:53	27.59	--	20	55180	买盘
14:16:47	27.59	-0.01	61	168299	卖盘
14:16:42	27.6	--	15	41400	卖盘
14:16:38	27.6	--	5	13800	卖盘
14:16:32	27.6	--	22	60720	卖盘
14:16:28	27.6	0.01	40	110400	买盘
14:16:23	27.59	-0.01	16	44144	卖盘
14:16:17	27.6	--	3	8280	买盘
14:16:07	27.6	--	4	11040	卖盘
14:15:56	27.6	--	2	5520	买盘
14:15:47	27.6	--	5	13800	买盘
14:15:41	27.6	-0.01	47	129720	卖盘
14:15:37	27.61	--	4	11044	卖盘
14:15:26	27.61	--	17	46937	买盘
14:15:17	27.61	-0.05	33	91113	买盘
14:15:07	27.66	--	0	0	买盘
14:14:56	27.66	0.06	25	69150	买盘
14:14:52	27.6	-0.05	8	22080	卖盘
14:14:47	27.65	0.04	115	317975	买盘
14:14:41	27.61	-0.01	2	5522	卖盘
14:14:37	27.62	-0.04	9	24858	卖盘
14:14:32	27.66	--	60	165960	买盘
14:14:26	27.66	0.03	31	85746	买盘
14:14:22	27.63	--	2	5526	卖盘
14:14:17	27.63	--	2	5526	卖盘
14:14:11	27.63	--	11	30393	卖盘
14:13:56	27.63	-0.02	10	27630	卖盘
14:13:47	27.65	0.02	3	8295	买盘
14:13:41	27.63	--	58	160254	卖盘
14:13:37	27.63	--	116	320508	卖盘
14:13:32	27.63	--	67	185121	卖盘
14:13:26	27.63	--	144	397872	卖盘
14:13:17	27.63	--	8	22104	卖盘
14:13:11	27.63	--	26	71838	卖盘
14:13:02	27.63	-0.02	8	22104	卖盘
14:12:56	27.65	0.02	13	35945	买盘
14:12:47	27.63	--	15	41445	卖盘
14:12:41	27.63	--	50	138150	卖盘
14:12:32	27.63	-0.03	24	66312	卖盘
14:12:26	27.66	0.02	71	196386	买盘
14:12:17	27.64	-0.03	86	237704	卖盘
14:12:02	27.67	0.01	10	27670	卖盘
14:11:56	27.66	--	0	0	卖盘
14:11:47	27.66	-0.03	10	27660	卖盘
14:11:41	27.69	0.04	28	77532	买盘
14:11:37	27.65	--	0	0	中性盘
14:11:32	27.65	--	71	196315	卖盘
14:11:26	27.65	0.02	11	30415	买盘
14:11:22	27.63	--	8	22104	卖盘
14:11:17	27.63	--	2	5526	卖盘
14:11:11	27.63	-0.02	200	552600	卖盘
14:11:07	27.65	0.02	11	30415	买盘
14:10:56	27.63	0.03	67	185121	买盘
14:10:52	27.6	-0.02	8	22080	卖盘
14:10:47	27.62	--	47	129814	卖盘
14:10:41	27.62	--	11	30382	卖盘
14:10:32	27.62	-0.01	3	8286	卖盘
14:10:26	27.63	0.01	44	121572	买盘
14:10:11	27.62	--	13	35906	卖盘
14:10:06	27.62	--	0	0	卖盘
14:09:56	27.62	-0.03	10	27620	卖盘
14:09:50	27.65	0.03	32	88480	买盘
14:09:46	27.62	--	2	5524	卖盘
14:09:41	27.62	--	31	85622	卖盘
14:09:26	27.62	0.02	105	290010	买盘
14:09:16	27.6	--	20	55200	卖盘
14:09:11	27.6	--	11	30360	卖盘
14:09:05	27.6	--	236	651360	卖盘
14:09:01	27.6	--	24	66240	卖盘
14:08:56	27.6	--	38	104880	卖盘
14:08:46	27.6	--	8	22080	卖盘
14:08:41	27.6	--	10	27600	卖盘
14:08:31	27.6	--	13	35880	卖盘
14:08:26	27.6	--	75	207000	卖盘
14:08:16	27.6	-0.05	10	27600	卖盘
14:08:11	27.65	0.05	3	8295	买盘
14:08:05	27.6	--	180	496800	卖盘
14:08:01	27.6	--	8	22080	卖盘
14:07:56	27.6	--	0	0	卖盘
14:07:50	27.6	-0.05	298	822480	卖盘
14:07:46	27.65	--	8	22120	卖盘
14:07:41	27.65	-0.05	20	55300	卖盘
14:07:35	27.7	0.05	3	8310	买盘
14:07:31	27.65	0.03	10	27650	卖盘
14:07:26	27.62	--	0	0	卖盘
14:07:16	27.62	-0.03	458	1264996	卖盘
14:07:11	27.65	0.03	3	8295	买盘
14:07:05	27.62	--	2	5524	卖盘
14:07:01	27.62	-0.03	31	85622	卖盘
14:06:50	27.65	-0.05	18	49770	卖盘
14:06:46	27.7	--	452	1252040	买盘
14:06:41	27.7	0.05	47	130190	买盘
14:06:35	27.65	-0.05	8	22120	卖盘
14:06:31	27.7	--	25	69250	卖盘
14:06:26	27.7	0.05	11	30470	买盘
14:06:20	27.65	-0.01	10	27650	卖盘
14:06:11	27.66	0.01	3	8298	买盘
14:06:05	27.65	-0.05	31	85715	卖盘
14:06:01	27.7	--	2	5540	卖盘
14:05:56	27.7	--	36	99720	卖盘
14:05:50	27.7	--	45	124650	买盘
14:05:41	27.7	0.04	11	30470	买盘
14:05:35	27.66	-0.05	43	118938	卖盘
14:05:31	27.71	--	2	5542	买盘
14:05:26	27.71	--	41	113611	买盘
14:05:16	27.71	--	2	5542	卖盘
14:05:11	27.71	--	8	22168	卖盘
14:04:56	27.71	--	8	22168	卖盘
14:04:50	27.71	--	37	102527	卖盘
14:04:41	27.71	--	9	24939	卖盘
14:04:35	27.71	--	100	277100	卖盘
14:04:31	27.71	-0.01	80	221680	卖盘
14:04:26	27.72	0.01	46	127512	买盘
14:04:20	27.71	--	50	138550	卖盘
14:04:16	27.71	--	10	27710	卖盘
14:04:11	27.71	--	13	36023	卖盘
14:04:05	27.71	--	2	5542	卖盘
14:04:01	27.71	0.05	393	1089003	买盘
14:03:50	27.66	--	0	0	卖盘
14:03:45	27.66	--	8	22128	卖盘
14:03:40	27.66	-0.04	2	5532	卖盘
14:03:35	27.7	--	107	296390	卖盘
14:03:29	27.7	-0.01	12	33240	卖盘
14:03:25	27.71	0.01	82	227222	买盘
14:03:20	27.7	--	4	11080	卖盘
14:03:14	27.7	--	9	24930	卖盘
14:03:10	27.7	--	10	27700	卖盘
14:03:05	27.7	--	28	77560	卖盘
14:02:55	27.7	--	2	5540	卖盘
14:02:50	27.7	--	8	22160	卖盘
14:02:44	27.7	0.04	75	207750	买盘
14:02:35	27.66	-0.04	5	13830	卖盘
14:02:29	27.7	--	1	2770	买盘
14:02:25	27.7	0.04	60	166200	买盘
14:02:20	27.66	--	22	60852	卖盘
14:02:10	27.66	-0.04	2	5532	卖盘
14:02:05	27.7	--	1	2770	卖盘
14:01:50	27.7	0.04	159	440430	买盘
14:01:40	27.66	--	50	138300	卖盘
14:01:35	27.66	--	8	22128	卖盘
14:01:25	27.66	0.03	47	130002	买盘
14:01:20	27.63	-0.02	8	22104	卖盘
14:01:10	27.65	--	0	0	中性盘
14:01:05	27.65	0.02	5	13825	卖盘
14:00:59	27.63	--	0	0	卖盘
14:00:55	27.63	0.01	7	19341	卖盘
14:00:50	27.62	--	5	13810	卖盘
14:00:44	27.62	--	1	2762	卖盘
14:00:40	27.62	-0.03	61	168482	卖盘
14:00:29	27.65	--	0	0	中性盘
14:00:25	27.65	0.03	329	909685	买盘
14:00:14	27.62	--	6	16572	卖盘
14:00:10	27.62	--	3	8286	卖盘
14:00:05	27.62	-0.03	31	85622	卖盘
13:59:59	27.65	--	5	13825	卖盘
13:59:55	27.65	--	6	16590	卖盘
13:59:50	27.65	--	5	13825	卖盘
13:59:44	27.65	--	17	47005	卖盘
13:59:35	27.65	--	82	226730	买盘
13:59:29	27.65	0.04	38	105070	买盘
13:59:20	27.61	-0.09	65	179465	卖盘
13:59:14	27.7	--	7	19390	卖盘
13:59:10	27.7	0.1	266	736820	买盘
13:59:05	27.6	--	260	717600	卖盘
13:58:59	27.6	-0.02	7	19320	卖盘
13:58:55	27.62	--	5	13810	买盘
13:58:50	27.62	--	25	69050	卖盘
13:58:44	27.62	--	0	0	卖盘
13:58:35	27.62	--	7	19334	卖盘
13:58:29	27.62	--	140	386680	卖盘
13:58:20	27.62	--	7	19334	卖盘
13:58:09	27.62	0.03	67	185054	买盘
13:58:05	27.59	--	9	24831	卖盘
13:57:55	27.59	-0.03	7	19313	卖盘
13:57:50	27.62	0.03	36	99432	中性盘
13:57:44	27.59	-0.11	17	46903	卖盘
13:57:35	27.7	0.12	100	277000	买盘
13:57:29	27.58	-0.02	61	168238	卖盘
13:57:24	27.6	0.01	1	2760	卖盘
13:57:14	27.59	-0.06	207	571113	卖盘
13:57:04	27.65	0.05	7	19355	买盘
13:56:59	27.6	--	3	8280	卖盘
13:56:53	27.6	--	0	0	卖盘
13:56:44	27.6	-0.05	7	19320	中性盘
13:56:38	27.65	--	88	243320	卖盘
13:56:34	27.65	0.05	113	312445	买盘
13:56:29	27.6	-0.01	315	869400	卖盘
13:56:19	27.61	--	19	52459	卖盘
13:56:14	27.61	0.01	11	30371	中性盘
13:56:08	27.6	--	1	2760	卖盘
13:56:04	27.6	-0.11	48	132480	卖盘
13:55:59	27.71	0.11	341	944911	买盘
13:55:53	27.6	--	10	27600	卖盘
13:55:49	27.6	--	10	27600	卖盘
13:55:44	27.6	--	102	281520	卖盘
13:55:38	27.6	--	8	22080	卖盘
13:55:34	27.6	--	1	2760	卖盘
13:55:29	27.6	-0.02	142	391920	卖盘
13:55:23	27.62	--	28	77336	卖盘
13:55:19	27.62	0.01	8	22096	卖盘
13:55:14	27.61	--	3	8283	卖盘
13:55:08	27.61	0.01	7	19327	卖盘
13:55:04	27.6	-0.01	31	85560	卖盘
13:54:59	27.61	--	7	19327	卖盘
13:54:53	27.61	--	1	2761	卖盘
13:54:49	27.61	--	0	0	卖盘
13:54:44	27.61	--	7	19327	卖盘
13:54:34	27.61	-0.09	33	91113	卖盘
13:54:29	27.7	0.05	94	260380	买盘
13:54:23	27.65	-0.02	25	69125	卖盘
13:54:19	27.67	-0.03	37	102379	卖盘
13:54:14	27.7	0.03	65	180050	买盘
13:54:04	27.67	--	57	157719	卖盘
13:53:59	27.67	--	11	30437	卖盘
13:53:53	27.67	0.03	38	105146	买盘
13:53:49	27.64	-0.01	12	33168	卖盘
13:53:44	27.65	0.01	48	133273	买盘
13:53:38	27.64	-0.03	7	19348	卖盘
13:53:29	27.67	0.05	45	124515	买盘
13:53:23	27.62	-0.02	103	284486	卖盘
13:53:14	27.64	--	10	27640	卖盘
13:53:08	27.64	-0.01	23	63572	卖盘
13:53:04	27.65	--	6	16590	卖盘
13:52:59	27.65	--	81	223965	卖盘
13:52:53	27.65	--	38	105070	卖盘
13:52:49	27.65	--	5	13825	卖盘
13:52:44	27.65	0.01	23	63595	买盘
13:52:38	27.64	--	10	27640	卖盘
13:52:34	27.64	--	0	0	卖盘
13:52:29	27.64	-0.01	66	182424	卖盘
13:52:23	27.65	--	19	52535	买盘
13:52:19	27.65	--	41	113365	卖盘
13:52:13	27.65	--	17	47005	卖盘
13:52:08	27.65	-0.03	5	13825	卖盘
13:51:59	27.68	-0.02	7	19376	卖盘
13:51:53	27.7	--	14	38780	卖盘
13:51:49	27.7	--	90	249300	卖盘
13:51:43	27.7	--	0	0	卖盘
13:51:38	27.7	-0.02	110	304700	卖盘
13:51:34	27.72	-0.02	6	16632	卖盘
13:51:29	27.74	0.02	45	124830	买盘
13:51:23	27.72	--	4	11088	卖盘
13:51:14	27.72	-0.02	30	83160	卖盘
13:51:08	27.74	-0.01	6	16644	卖盘
13:50:53	27.75	--	2	5550	卖盘
13:50:48	27.75	0.01	2	5550	买盘
13:50:43	27.74	--	7	19418	卖盘
13:50:32	27.74	--	7	19418	卖盘
13:50:29	27.74	--	34	94316	卖盘
13:50:23	27.74	--	7	19418	卖盘
13:50:17	27.74	--	2	5548	卖盘
13:50:13	27.74	-0.01	37	102638	卖盘
13:50:08	27.75	0.01	1	2775	买盘
13:50:02	27.74	--	1	2774	卖盘
13:49:58	27.74	-0.01	7	19418	卖盘
13:49:47	27.75	--	28	77700	卖盘
13:49:43	27.75	--	0	0	卖盘
13:49:32	27.75	--	7	19425	卖盘
13:49:28	27.75	-0.01	13	36075	买盘
13:49:23	27.76	--	24	66624	卖盘
13:49:17	27.76	0.01	26	72176	买盘
13:49:13	27.75	-0.01	76	210900	卖盘
13:49:08	27.76	-0.02	5	13880	卖盘
13:49:02	27.78	--	314	872292	卖盘
13:48:58	27.78	--	103	286134	卖盘
13:48:53	27.78	--	7	19446	卖盘
13:48:47	27.78	0.03	176	488928	买盘
13:48:43	27.75	-0.01	10	27750	卖盘
13:48:38	27.76	--	20	55520	卖盘
13:48:32	27.76	--	20	55520	卖盘
13:48:28	27.76	0.01	9	24984	买盘
13:48:23	27.75	-0.01	15	41625	卖盘
13:48:13	27.76	0.01	42	116592	卖盘
13:48:08	27.75	--	0	0	卖盘
13:48:02	27.75	--	3	8325	卖盘
13:47:58	27.75	--	19	52725	卖盘
13:47:43	27.75	--	7	19425	卖盘
13:47:28	27.75	-0.02	73	202575	卖盘
13:47:17	27.77	--	5	13885	卖盘
13:47:13	27.77	--	1	2777	卖盘
13:47:02	27.77	--	14	38878	卖盘
13:46:58	27.77	--	50	138850	卖盘
13:46:53	27.77	--	7	19439	卖盘
13:46:43	27.77	--	7	19439	卖盘
13:46:38	27.77	-0.01	47	130519	卖盘
13:46:28	27.78	0.01	8	22224	买盘
13:46:23	27.77	-0.01	31	86087	卖盘
13:46:17	27.78	0.01	120	333360	买盘
13:46:08	27.77	--	28	77756	卖盘
13:46:02	27.77	0.02	50	138850	卖盘
13:45:58	27.75	--	0	0	卖盘
13:45:53	27.75	--	1	2775	卖盘
13:45:47	27.75	--	107	296925	卖盘
13:45:43	27.75	-0.02	1	2775	卖盘
13:45:38	27.77	0.02	24	66648	买盘
13:45:32	27.75	--	31	86025	卖盘
13:45:28	27.75	0.01	82	227550	买盘
13:45:02	27.74	--	2	5548	卖盘
13:44:47	27.74	-0.02	200	554800	卖盘
13:44:42	27.76	--	11	30536	卖盘
13:44:37	27.76	-0.01	70	194320	卖盘
13:44:32	27.77	--	31	86087	买盘
13:44:28	27.77	0.01	7	19439	买盘
13:44:22	27.76	--	2	5552	卖盘
13:44:17	27.76	--	20	55520	卖盘
13:44:07	27.76	-0.02	100	277600	卖盘
13:43:56	27.78	--	2	5556	买盘
13:43:47	27.78	--	5	13890	买盘
13:43:41	27.78	0.02	7	19446	买盘
13:43:37	27.76	--	2	5552	卖盘
13:43:32	27.76	-0.04	310	860560	卖盘
13:43:26	27.8	0.01	7	19460	买盘
13:43:22	27.79	-0.01	10	27790	卖盘
13:43:07	27.8	--	20	55600	买盘
13:43:02	27.8	-0.01	758	2107240	卖盘
13:42:56	27.81	--	3	8343	买盘
13:42:52	27.81	0.01	254	706374	买盘
13:42:47	27.8	-0.01	26	72280	卖盘
13:42:32	27.81	--	33	91773	卖盘
13:42:26	27.81	--	22	61182	买盘
13:42:22	27.81	--	385	1070685	买盘
13:42:02	27.81	-0.01	20	55620	卖盘
13:41:41	27.82	-0.01	4	11128	买盘
13:41:37	27.83	--	29	80707	卖盘
13:41:32	27.83	-0.01	33	91839	卖盘
13:41:26	27.84	0.01	80	222720	买盘
13:41:02	27.83	--	5	13915	卖盘
13:40:41	27.83	--	19	52877	卖盘
13:40:37	27.83	-0.01	20	55660	卖盘
13:40:32	27.84	--	51	141984	买盘
13:40:26	27.84	--	1	2784	买盘
13:40:22	27.84	0.01	5	13920	买盘
13:40:17	27.83	-0.01	15	41745	卖盘
13:40:02	27.84	0.01	10	27840	买盘
13:39:31	27.83	--	69	192027	卖盘
13:39:26	27.83	--	21	58443	卖盘
13:39:22	27.83	--	30	83490	卖盘
13:38:56	27.83	--	5	13915	卖盘
13:38:51	27.83	--	15	41745	卖盘
13:38:41	27.83	--	2	5566	卖盘
13:38:37	27.83	--	2	5566	卖盘
13:38:26	27.83	--	20	55660	买盘
13:38:06	27.83	-0.02	10	27830	卖盘
13:38:01	27.85	--	0	0	买盘
13:37:56	27.85	--	100	278500	买盘
13:37:41	27.85	--	0	0	中性盘
13:37:35	27.85	--	0	0	卖盘
13:37:31	27.85	-0.01	37	103045	卖盘
13:37:26	27.86	0.01	41	114226	买盘
13:37:16	27.85	--	10	27850	卖盘
13:37:11	27.85	-0.01	1	2785	卖盘
13:37:05	27.86	0.01	3	8358	买盘
13:37:01	27.85	0.02	20	55700	买盘
13:36:56	27.83	-0.01	1	2783	卖盘
13:36:50	27.84	-0.02	2	5568	卖盘
13:36:46	27.86	0.01	5	13930	买盘
13:36:41	27.85	-0.02	5	13925	卖盘
13:36:31	27.87	--	40	111480	买盘
13:36:26	27.87	0.01	9	25083	买盘
13:36:20	27.86	--	23	64078	卖盘
13:36:16	27.86	--	2	5572	卖盘
13:36:11	27.86	--	43	119798	卖盘
13:36:01	27.86	-0.01	3	8358	卖盘
13:35:56	27.87	0.01	29	80823	买盘
13:35:41	27.86	-0.01	30	83580	卖盘
13:35:31	27.87	--	19	52953	买盘
13:35:26	27.87	0.01	48	133776	买盘
13:35:20	27.86	-0.01	10	27860	卖盘
13:35:01	27.87	-0.01	14	39018	卖盘
13:34:56	27.88	0.01	26	72488	买盘
13:34:41	27.87	--	2	5574	卖盘
13:34:31	27.87	--	14	39018	买盘
13:34:26	27.87	--	30	83610	买盘
13:34:20	27.87	0.01	7	19509	买盘
13:34:16	27.86	--	4	11144	卖盘
13:34:11	27.86	--	10	27860	卖盘
13:34:05	27.86	--	87	244722	买盘
13:33:56	27.86	--	15	41790	卖盘
13:33:50	27.86	--	28	78008	卖盘
13:33:31	27.86	0.01	14	39004	卖盘
13:33:25	27.85	--	0	0	卖盘
13:33:20	27.85	-0.01	10	27850	卖盘
13:33:10	27.86	-0.01	2	5572	买盘
13:33:01	27.87	--	0	0	买盘
13:32:55	27.87	0.03	311	866757	买盘
13:32:50	27.84	-0.01	3	8352	卖盘
13:32:40	27.85	0.01	10	27850	买盘
13:32:35	27.84	--	1	2784	卖盘
13:32:25	27.84	0.01	16	44544	买盘
13:32:20	27.83	-0.01	135	375705	卖盘
13:32:10	27.84	-0.01	2	5568	买盘
13:32:05	27.85	--	0	0	中性盘
13:32:01	27.85	0.05	2	5570	中性盘
13:31:55	27.8	-0.04	30	83400	卖盘
13:31:50	27.84	--	7	19488	卖盘
13:31:40	27.84	-0.02	49	136416	卖盘
13:31:31	27.86	--	8	22288	买盘
13:31:25	27.86	0.01	42	117012	买盘
13:31:20	27.85	0.01	6	16710	中性盘
13:31:10	27.84	-0.01	45	125280	卖盘
13:31:05	27.85	0.01	81	225585	买盘
13:30:55	27.84	--	22	61248	卖盘
13:30:44	27.84	--	5	13920	卖盘
13:30:40	27.84	-0.01	2	5568	买盘
13:30:29	27.85	--	14	38990	买盘
13:30:25	27.85	--	61	169885	买盘
13:30:20	27.85	0.01	1	2785	买盘
13:30:14	27.84	--	6	16704	卖盘
13:30:05	27.84	0.01	16	44544	买盘
13:29:40	27.83	--	10	27830	卖盘
13:29:25	27.83	0.03	70	194810	买盘
13:29:14	27.8	0.01	46	127880	买盘
13:29:10	27.79	--	102	283458	卖盘
13:29:05	27.79	0.01	20	56691	买盘
13:28:55	27.78	-0.01	20	55560	卖盘
13:28:44	27.79	0.01	3	8337	买盘
13:28:35	27.78	--	15	41670	卖盘
13:28:29	27.78	--	1	2778	卖盘
13:28:25	27.78	--	20	55560	卖盘
13:28:20	27.78	0.02	18	50004	买盘
13:28:05	27.76	--	5	13880	卖盘
13:27:59	27.76	0.01	13	36088	买盘
13:27:55	27.75	--	4	11100	卖盘
13:27:50	27.75	--	3	8325	卖盘
13:27:44	27.75	--	1	2775	卖盘
13:27:29	27.75	--	84	233100	买盘
13:27:19	27.75	-0.01	379	1051725	卖盘
13:27:14	27.76	--	52	144352	卖盘
13:27:09	27.76	--	100	277600	卖盘
13:27:05	27.76	--	8	22208	卖盘
13:26:59	27.76	--	13	36088	卖盘
13:26:55	27.76	--	5	13880	卖盘
13:26:44	27.76	--	62	172112	卖盘
13:26:34	27.76	-0.02	5	13880	卖盘
13:26:29	27.78	0.01	48	133344	买盘
13:26:25	27.77	0.01	8	22216	买盘
13:26:19	27.76	-0.02	96	266496	卖盘
13:26:14	27.78	-0.01	1	2778	卖盘
13:26:09	27.79	0.01	1	2779	买盘
13:26:04	27.78	-0.01	27	75006	卖盘
13:25:59	27.79	0.01	5	13895	买盘
13:25:44	27.78	-0.01	14	38892	卖盘
13:25:29	27.79	--	254	705866	买盘
13:25:19	27.79	--	5	13895	买盘
13:25:04	27.79	-0.01	104	289016	卖盘
13:24:53	27.8	--	68	189040	买盘
13:24:44	27.8	0.01	3	8340	买盘
13:24:34	27.79	0.01	20	55580	卖盘
13:24:29	27.78	--	0	0	卖盘
13:24:19	27.78	--	16	44448	卖盘
13:24:14	27.78	0.01	48	133344	买盘
13:24:04	27.77	--	6	16662	卖盘
13:23:59	27.77	--	70	194390	卖盘
13:23:49	27.77	0.01	100	277700	卖盘
13:23:44	27.76	--	6	16656	卖盘
13:23:34	27.76	--	124	344224	卖盘
13:23:29	27.76	--	0	0	卖盘
13:23:23	27.76	-0.02	208	577408	卖盘
13:23:19	27.78	--	81	225018	买盘
13:23:14	27.78	0.01	10	27780	买盘
13:23:08	27.77	--	0	0	卖盘
13:23:04	27.77	-0.02	123	341571	卖盘
13:22:59	27.79	--	34	94486	买盘
13:22:49	27.79	--	67	186193	卖盘
13:22:44	27.79	-0.01	150	416850	卖盘
13:22:38	27.8	0.01	4	11120	卖盘
13:22:34	27.79	--	0	0	卖盘
13:22:29	27.79	0.01	101	280679	卖盘
13:22:19	27.78	--	0	0	卖盘
13:22:14	27.78	-0.02	116	322248	卖盘
13:22:04	27.8	--	0	0	买盘
13:21:59	27.8	--	21	58380	买盘
13:21:53	27.8	--	10	27800	买盘
13:21:49	27.8	--	233	647740	买盘
13:21:44	27.8	-0.06	50	139000	卖盘
13:21:34	27.86	--	1	2786	买盘
13:21:29	27.86	--	47	130942	买盘
13:21:19	27.86	--	291	810726	买盘
13:21:08	27.86	--	3	8358	卖盘
13:20:59	27.86	--	38	105868	卖盘
13:20:53	27.86	--	6	16716	卖盘
13:20:49	27.86	0.06	269	749434	买盘
13:20:44	27.8	--	0	0	卖盘
13:20:38	27.8	--	0	0	卖盘
13:20:33	27.8	-0.06	337	936860	卖盘
13:20:29	27.86	--	65	181090	卖盘
13:20:23	27.86	0.03	63	175518	买盘
13:20:18	27.83	--	16	44528	卖盘
13:20:13	27.83	0.01	8	22264	中性盘
13:20:08	27.82	-0.01	40	111280	卖盘
13:19:58	27.83	-0.04	4	11132	卖盘
13:19:53	27.87	--	108	300996	买盘
13:19:43	27.87	--	103	287061	卖盘
13:19:34	27.87	--	10	27870	卖盘
13:19:28	27.87	--	9	25083	卖盘
13:19:23	27.87	0.04	32	89184	买盘
13:19:18	27.83	--	0	0	中性盘
13:19:13	27.83	-0.04	100	278300	卖盘
13:19:08	27.87	-0.01	15	41805	中性盘
13:19:03	27.88	--	84	234192	卖盘
13:18:58	27.88	--	3	8364	卖盘
13:18:53	27.88	0.05	15	41820	买盘
13:18:43	27.83	--	0	0	卖盘
13:18:38	27.83	-0.06	130	361790	卖盘
13:18:28	27.89	--	60	167340	卖盘
13:18:23	27.89	--	122	340258	买盘
13:18:08	27.89	-0.01	4	11156	中性盘
13:18:02	27.9	0.01	7	19530	买盘
13:17:58	27.89	-0.01	12	33468	中性盘
13:17:53	27.9	--	237	661230	买盘
13:17:47	27.9	0.01	1	2790	买盘
13:17:43	27.89	--	50	139450	卖盘
13:17:38	27.89	-0.01	30	83670	卖盘
13:17:32	27.9	0.01	2	5580	买盘
13:17:28	27.89	0.01	8	22312	卖盘
13:17:23	27.88	-0.02	20	55760	中性盘
13:17:17	27.9	0.01	15	41850	买盘
13:17:13	27.89	--	29	82414	买盘
13:17:08	27.89	-0.01	10	27890	买盘
13:17:02	27.9	--	0	0	买盘
13:16:58	27.9	--	16	44640	买盘
13:16:53	27.9	--	125	350089	卖盘
13:16:47	27.9	-0.02	12	33480	卖盘
13:16:43	27.92	0.02	8	22336	买盘
13:16:38	27.9	--	20	55800	卖盘
13:16:32	27.9	--	0	1450	买盘
13:16:28	27.9	--	75	209250	买盘
13:16:23	27.9	--	106	295740	买盘
13:16:17	27.9	--	51	142290	买盘
13:16:13	27.9	0.01	30	83700	买盘
13:16:08	27.89	-0.01	54	150606	卖盘
13:16:02	27.9	0.01	9	25110	买盘
13:15:53	27.89	0.01	69	192441	买盘
13:15:43	27.88	0.02	488	1361798	买盘
13:15:38	27.86	--	8	22288	卖盘
13:15:32	27.86	0.01	186	518196	买盘
13:15:28	27.85	--	7	19495	卖盘
13:15:23	27.85	--	21	58485	买盘
13:15:17	27.85	0.02	10	27850	买盘
13:15:13	27.83	-0.02	7	19481	卖盘
13:15:08	27.85	-0.01	5	13925	中性盘
13:15:02	27.86	0.03	100	278600	买盘
13:14:58	27.83	--	14	38962	卖盘
13:14:53	27.83	0.01	74	205942	买盘
13:14:47	27.82	--	20	55640	卖盘
13:14:43	27.82	-0.01	2	5564	卖盘
13:14:38	27.83	0.01	4	11132	买盘
13:14:32	27.82	-0.03	6	16692	卖盘
13:14:28	27.85	0.03	11	30635	买盘
13:14:23	27.82	--	1	2782	买盘
13:14:13	27.82	0.02	202	561964	买盘
13:14:07	27.8	--	12	33360	买盘
13:14:02	27.8	0.02	20	55600	卖盘
13:13:57	27.78	--	0	0	卖盘
13:13:53	27.78	-0.02	147	408366	卖盘
13:13:47	27.8	0.02	501	1392780	买盘
13:13:37	27.78	-0.02	14	38892	卖盘
13:13:32	27.8	--	80	222400	买盘
13:13:27	27.8	0.02	11	30580	买盘
13:13:22	27.78	-0.02	115	319470	卖盘
13:13:17	27.8	0.01	25	69500	买盘
13:13:12	27.79	--	41	113939	卖盘
13:13:02	27.79	--	21	58359	卖盘
13:12:57	27.79	--	15	41685	卖盘
13:12:52	27.79	--	65	180635	买盘
13:12:47	27.79	0.01	5	13895	买盘
13:12:42	27.78	-0.01	6	16668	卖盘
13:12:37	27.79	--	86	238994	卖盘
13:12:32	27.79	--	8	22232	卖盘
13:12:22	27.79	--	56	155624	买盘
13:12:17	27.79	--	25	69475	买盘
13:12:12	27.79	-0.01	63	175077	卖盘
13:12:07	27.8	0.01	120	333600	买盘
13:12:02	27.79	--	11	30569	卖盘
13:11:52	27.79	0.01	74	205646	买盘
13:11:47	27.78	--	1	2778	卖盘
13:11:37	27.78	--	15	41670	卖盘
13:11:22	27.78	--	21	58338	买盘
13:11:17	27.78	--	52	144456	买盘
13:11:11	27.78	--	17	47226	买盘
13:11:02	27.78	--	14	38892	买盘
13:10:56	27.78	--	3	8334	买盘
13:10:52	27.78	0.01	117	325026	买盘
13:10:47	27.77	--	1	2777	卖盘
13:10:37	27.77	0.01	25	69425	买盘
13:10:32	27.76	-0.01	20	55520	卖盘
13:10:26	27.77	0.01	12	33324	买盘
13:10:22	27.76	--	47	130472	买盘
13:10:17	27.76	--	1	2776	买盘
13:10:11	27.76	0.01	65	180440	买盘
13:10:07	27.75	-0.01	10	27750	卖盘
13:10:02	27.76	0.02	6	16656	买盘
13:09:56	27.74	-0.01	100	277400	卖盘
13:09:52	27.75	--	13	36075	买盘
13:09:47	27.75	--	48	133200	买盘
13:09:41	27.75	--	12	33300	买盘
13:09:37	27.75	0.01	71	197025	买盘
13:09:32	27.74	--	5	13870	卖盘
13:09:22	27.74	--	31	85994	买盘
13:09:17	27.74	--	6	16644	买盘
13:09:07	27.74	0.02	95	263530	买盘
13:09:02	27.72	--	20	55440	买盘
13:08:56	27.72	--	22	60984	买盘
13:08:52	27.72	0.01	122	338184	买盘
13:08:41	27.71	--	10	27710	卖盘
13:08:37	27.71	0.01	56	155176	买盘
13:08:32	27.7	--	20	55400	卖盘
13:08:22	27.7	0.02	17	47090	买盘
13:08:17	27.68	-0.02	8	22144	卖盘
13:08:11	27.7	--	1	2770	买盘
13:08:07	27.7	0.02	334	925180	买盘
13:08:02	27.68	--	51	141168	卖盘
13:07:56	27.68	--	2	5536	卖盘
13:07:52	27.68	--	80	221440	买盘
13:07:47	27.68	0.02	50	138400	买盘
13:07:37	27.66	-0.02	117	323622	卖盘
13:07:32	27.68	0.01	27	74736	买盘
13:07:26	27.67	--	3	8301	卖盘
13:07:22	27.67	--	82	226894	买盘
13:07:17	27.67	0.01	15	41505	买盘
13:06:56	27.66	--	2	5532	卖盘
13:06:51	27.66	--	43	118938	买盘
13:06:47	27.66	--	15	41490	买盘
13:06:41	27.66	0.01	2	5532	买盘
13:06:36	27.65	-0.01	14	38710	卖盘
13:06:31	27.66	--	12	33192	买盘
13:06:25	27.66	--	38	105108	买盘
13:06:21	27.66	0.01	108	298728	买盘
13:06:16	27.65	-0.01	3	8295	卖盘
13:06:06	27.66	0.01	38	105108	买盘
13:06:01	27.65	--	130	359450	卖盘
13:05:56	27.65	-0.01	1	2765	卖盘
13:05:51	27.66	0.01	109	301494	买盘
13:05:41	27.65	--	71	196315	卖盘
13:05:31	27.65	--	1	2765	卖盘
13:05:21	27.65	--	69	190785	买盘
13:05:16	27.65	0.01	2	5530	买盘
13:05:11	27.64	--	130	359320	卖盘
13:05:01	27.64	-0.01	100	276400	卖盘
13:04:51	27.65	0.01	94	259910	买盘
13:04:46	27.64	--	5	13820	卖盘
13:04:26	27.64	--	5	13820	卖盘
13:04:20	27.64	--	8	24378	买盘
13:04:11	27.64	0.01	15	41460	买盘
13:04:01	27.63	--	8	22104	买盘
13:03:56	27.63	-0.01	85	234855	卖盘
13:03:50	27.64	0.01	108	298512	买盘
13:03:46	27.63	--	11	30393	卖盘
13:03:41	27.63	--	2	5526	卖盘
13:03:31	27.63	--	55	151965	卖盘
13:03:20	27.63	0.01	19	52497	买盘
13:03:05	27.62	--	4	11048	卖盘
13:03:01	27.62	--	11	30382	买盘
13:02:50	27.62	--	93	256866	买盘
13:02:31	27.62	--	38	104956	买盘
13:02:26	27.62	--	14	38668	买盘
13:02:20	27.62	--	95	262390	买盘
13:02:16	27.62	0.02	7	19334	买盘
13:02:01	27.6	-0.02	3	8280	卖盘
13:01:50	27.62	0.02	97	267914	买盘
13:01:31	27.6	--	13	35880	买盘
13:01:26	27.6	--	100	276000	卖盘
13:01:20	27.6	--	14	38640	买盘
13:01:11	27.6	--	9	24840	卖盘
13:01:01	27.6	-0.02	2	5520	卖盘
13:00:49	27.62	0.02	102	281724	买盘
13:00:25	27.6	-0.02	1	2760	卖盘
13:00:15	27.62	--	20	55240	买盘
13:00:11	27.62	0.02	24	66288	买盘
13:00:05	27.6	-0.04	225	621000	卖盘
11:30:00	27.64	--	0	0	买盘
11:29:59	27.64	--	0	0	买盘
11:29:59	27.64	-0.01	2	6025	卖盘
11:29:51	27.65	0.01	104	287560	买盘
11:29:46	27.64	--	10	27640	卖盘
11:29:40	27.64	-0.01	20	55280	卖盘
11:29:31	27.65	-0.01	39	107835	中性盘
11:29:25	27.66	--	12	33192	买盘
11:29:21	27.66	0.02	139	384474	买盘
11:29:16	27.64	-0.01	306	845784	卖盘
11:29:01	27.65	-0.01	18	49770	卖盘
11:28:51	27.66	0.02	19	52554	买盘
11:28:46	27.64	--	18	49752	卖盘
11:28:40	27.64	-0.01	200	552800	卖盘
11:28:36	27.65	--	131	362215	买盘
11:28:31	27.65	--	77	212905	买盘
11:28:25	27.65	0.01	2	5530	买盘
11:28:21	27.64	-0.01	135	373140	卖盘
11:28:16	27.65	--	36	99540	买盘
11:28:10	27.65	0.01	5	13825	买盘
11:28:01	27.64	-0.01	10	27640	卖盘
11:27:51	27.65	0.01	172	477847	买盘
11:27:46	27.64	--	2	5528	卖盘
11:27:36	27.64	--	10	27640	卖盘
11:27:31	27.64	0.03	314	867896	买盘
11:27:25	27.61	--	29	80069	卖盘
11:27:21	27.61	0.02	59	163589	买盘
11:27:16	27.59	--	84	231756	卖盘
11:27:10	27.59	-0.01	56	154504	卖盘
11:27:06	27.6	--	2	5520	买盘
11:27:01	27.6	--	11	30360	买盘
11:26:55	27.6	--	3	8280	买盘
11:26:51	27.6	0.01	108	298080	买盘
11:26:40	27.59	--	39	107601	卖盘
11:26:31	27.59	--	1	2759	卖盘
11:26:25	27.59	--	2	5518	卖盘
11:26:21	27.59	0.03	10	27590	买盘
11:26:10	27.56	--	8	22048	卖盘
11:26:01	27.56	--	0	0	卖盘
11:25:51	27.56	--	20	55120	买盘
11:25:46	27.56	--	10	27560	买盘
11:25:36	27.56	-0.04	20	55120	卖盘
11:25:31	27.6	-0.01	53	146280	卖盘
11:25:25	27.61	--	0	0	买盘
11:25:21	27.61	0.05	103	284383	买盘
11:25:16	27.56	--	0	0	卖盘
11:25:01	27.56	-0.05	1	2756	卖盘
11:24:55	27.61	--	11	30371	卖盘
11:24:51	27.61	--	101	278861	买盘
11:24:40	27.61	--	6	16566	买盘
11:24:36	27.61	-0.01	64	178774	卖盘
11:24:31	27.62	0.01	107	295534	买盘
11:24:25	27.61	--	10	27610	卖盘
11:24:19	27.61	--	90	249180	买盘
11:24:01	27.61	--	0	0	买盘
11:23:49	27.61	--	100	276100	买盘
11:23:34	27.61	--	2	7592	卖盘
11:23:31	27.61	--	34	94564	买盘
11:23:25	27.61	--	17	49007	卖盘
11:23:19	27.61	0.01	89	246419	买盘
11:23:16	27.6	-0.01	6	16560	卖盘
11:23:10	27.61	-0.01	1	4831	卖盘
11:23:04	27.62	0.01	37	102194	买盘
11:23:00	27.61	--	32	88683	卖盘
11:22:55	27.61	--	5	13805	卖盘
11:22:49	27.61	0.01	66	182584	买盘
11:22:45	27.6	--	956	2640961	卖盘
11:22:40	27.6	--	0	0	卖盘
11:22:30	27.6	-0.01	179	494040	卖盘
11:22:25	27.61	--	70	193270	卖盘
11:22:19	27.61	0.01	12	33490	买盘
11:22:04	27.6	--	55	151800	卖盘
11:22:00	27.6	0.03	884	2439840	买盘
11:21:55	27.57	-0.01	32	88224	卖盘
11:21:49	27.58	0.01	99	273042	买盘
11:21:45	27.57	--	66	181962	卖盘
11:21:40	27.57	--	4	11028	卖盘
11:21:30	27.57	-0.02	53	146121	卖盘
11:21:25	27.59	0.03	3	8277	买盘
11:21:19	27.56	--	0	0	卖盘
11:21:15	27.56	-0.03	11	30316	卖盘
11:20:55	27.59	-0.01	2	5518	中性盘
11:20:49	27.6	0.01	103	284280	买盘
11:20:45	27.59	--	49	135191	卖盘
11:20:34	27.59	--	10	27590	卖盘
11:20:25	27.59	--	27	74493	卖盘
11:20:19	27.59	0.01	93	256587	买盘
11:20:10	27.58	--	5	13790	卖盘
11:20:04	27.58	--	13	35854	卖盘
11:19:49	27.58	0.01	98	270284	买盘
11:19:40	27.57	--	21	57897	卖盘
11:19:25	27.57	--	23	63411	卖盘
11:19:19	27.57	0.01	43	118716	买盘
11:19:15	27.56	--	1	2756	卖盘
11:19:04	27.56	--	8	22048	卖盘
11:19:00	27.56	--	3	8268	卖盘
11:18:49	27.56	0.01	13	35828	买盘
11:18:45	27.55	--	17	46835	卖盘
11:18:30	27.55	--	60	165300	卖盘
11:18:19	27.55	0.02	53	146015	买盘
11:18:15	27.53	--	14	38542	卖盘
11:18:10	27.53	--	335	922255	卖盘
11:18:04	27.53	--	300	825900	卖盘
11:17:55	27.53	--	3	8259	卖盘
11:17:49	27.53	--	2	5506	卖盘
11:17:40	27.53	--	2	5506	卖盘
11:17:34	27.53	--	10	27530	卖盘
11:17:28	27.53	0.03	251	691003	买盘
11:17:25	27.5	--	21	57750	买盘
11:17:10	27.5	--	2	5500	买盘
11:17:04	27.5	--	191	525250	卖盘
11:16:43	27.5	-0.02	20	55000	卖盘
11:16:39	27.52	--	2	5504	卖盘
11:16:34	27.52	0.02	5	13760	卖盘
11:16:28	27.5	-0.02	46	126500	卖盘
11:16:24	27.52	0.02	111	305472	买盘
11:16:13	27.5	--	30	82500	卖盘
11:16:09	27.5	--	5	13750	卖盘
11:16:04	27.5	0.05	18	49500	买盘
11:15:58	27.45	-0.05	200	549000	卖盘
11:15:54	27.5	--	5	13750	买盘
11:15:49	27.5	--	6	16500	卖盘
11:15:39	27.5	--	2	5500	卖盘
11:15:28	27.5	-0.01	50	137500	卖盘
11:15:24	27.51	0.01	20	55020	买盘
11:15:19	27.5	--	4	11000	卖盘
11:15:09	27.5	--	200	550000	卖盘
11:15:04	27.5	--	0	0	卖盘
11:14:58	27.5	-0.03	1500	4125000	卖盘
11:14:34	27.53	--	6	16518	买盘
11:14:28	27.53	--	26	71578	买盘
11:14:24	27.53	--	35	96355	买盘
11:14:19	27.53	0.02	1	2753	买盘
11:14:04	27.51	--	12	33012	卖盘
11:13:49	27.51	--	12	33012	买盘
11:13:43	27.51	-0.02	13	35763	卖盘
11:13:34	27.53	--	105	289065	买盘
11:13:28	27.53	0.02	78	214734	买盘
11:13:19	27.51	-0.02	16	44016	卖盘
11:13:13	27.53	--	5	13765	买盘
11:12:58	27.53	--	6	16518	卖盘
11:12:54	27.53	--	5	13765	卖盘
11:12:49	27.53	--	31	85343	卖盘
11:12:43	27.53	--	2	5506	卖盘
11:12:28	27.53	0.02	31	85343	买盘
11:12:19	27.51	--	5	13755	卖盘
11:12:13	27.51	-0.01	42	115542	卖盘
11:12:09	27.52	0.01	2	5504	中性盘
11:12:04	27.51	-0.01	20	55020	卖盘
11:11:58	27.52	0.01	4	11008	买盘
11:11:49	27.51	--	0	0	卖盘
11:11:43	27.51	-0.02	32	88032	卖盘
11:11:37	27.53	0.01	8	22024	买盘
11:11:28	27.52	--	46	126592	买盘
11:11:19	27.52	0.01	8	22016	买盘
11:11:13	27.51	-0.01	3	8253	卖盘
11:11:07	27.52	-0.01	12	33024	卖盘
11:10:58	27.53	--	50	137650	买盘
11:10:48	27.53	--	22	60566	卖盘
11:10:43	27.53	--	20	55060	卖盘
11:10:37	27.53	--	3	8259	卖盘
11:10:28	27.53	0.01	58	159674	买盘
11:10:18	27.52	--	10	27520	卖盘
11:09:58	27.52	0.01	1	2752	中性盘
11:09:52	27.51	-0.05	5	13755	卖盘
11:09:43	27.56	0.03	36	99216	买盘
11:09:33	27.53	-0.03	15	41295	卖盘
11:09:28	27.56	--	49	135044	买盘
11:09:18	27.56	0.06	5	13780	买盘
11:09:13	27.5	-0.07	150	412500	卖盘
11:08:52	27.57	-0.02	6	16542	卖盘
11:08:48	27.59	0.02	149	411091	买盘
11:08:43	27.57	-0.02	2	5514	卖盘
11:08:28	27.59	--	85	234515	卖盘
11:08:13	27.59	-0.01	50	137950	卖盘
11:08:07	27.6	0.02	162	447120	买盘
11:08:03	27.58	-0.02	5	13790	买盘
11:07:58	27.6	--	0	0	买盘
11:07:48	27.6	0.01	51	140760	买盘
11:07:43	27.59	-0.01	1	2759	买盘
11:07:37	27.6	--	0	0	买盘
11:07:28	27.6	--	47	129720	买盘
11:07:03	27.6	0.01	4	11040	买盘
11:06:58	27.59	--	13	35867	卖盘
11:06:52	27.59	-0.01	3	8277	卖盘
11:06:48	27.6	--	0	0	买盘
11:06:43	27.6	0.02	152	419520	买盘
11:06:37	27.58	--	15	41370	卖盘
11:06:33	27.58	--	9	24822	卖盘
11:06:28	27.58	--	15	41370	买盘
11:06:18	27.58	--	2	5516	买盘
11:06:07	27.58	--	8	22064	买盘
11:06:03	27.58	0.01	40	110320	买盘
11:05:28	27.57	0.02	21	57897	买盘
11:05:16	27.55	0.02	15	41325	买盘
11:04:58	27.53	-0.01	16	44048	卖盘
11:04:46	27.54	--	10	27540	买盘
11:04:43	27.54	0.01	10	27540	买盘
11:04:37	27.53	--	2	5506	卖盘
11:04:28	27.53	--	13	35789	买盘
11:04:12	27.53	0.02	5	13765	买盘
11:04:01	27.51	-0.02	11	30261	卖盘
11:03:37	27.53	0.02	1	2753	买盘
11:03:27	27.51	-0.03	647	1779897	卖盘
11:03:22	27.54	0.02	3	8262	买盘
11:03:16	27.52	-0.02	7	19264	卖盘
11:03:12	27.54	0.02	2	5508	买盘
11:03:07	27.52	-0.02	14	38528	卖盘
11:02:57	27.54	--	22	63176	卖盘
11:02:46	27.54	--	5	13770	卖盘
11:02:42	27.54	--	10	27540	卖盘
11:02:27	27.54	0.02	9	24951	买盘
11:02:16	27.52	--	3	8256	卖盘
11:02:12	27.52	-0.05	15	43866	卖盘
11:01:52	27.57	--	11	30327	卖盘
11:01:31	27.57	--	31	85467	卖盘
11:01:27	27.57	--	36	99252	卖盘
11:01:16	27.57	--	4	11028	卖盘
11:01:12	27.57	--	3	8271	卖盘
11:01:07	27.57	--	3	8271	卖盘
11:01:01	27.57	0.02	11	30327	买盘
11:00:57	27.55	--	9	24795	卖盘
11:00:37	27.55	--	4	11020	卖盘
11:00:27	27.55	-0.03	30	82650	买盘
10:59:52	27.58	--	0	0	买盘
10:59:41	27.58	--	0	0	买盘
10:59:31	27.58	--	24	66192	卖盘
10:59:27	27.58	--	21	57918	买盘
10:59:01	27.58	0.01	2	5516	卖盘
10:58:55	27.57	--	0	0	卖盘
10:58:52	27.57	-0.02	2	5514	卖盘
10:58:40	27.59	--	50	137950	卖盘
10:58:31	27.59	-0.01	57	157263	卖盘
10:58:25	27.6	0.01	36	99360	买盘
10:58:22	27.59	-0.01	3	8277	卖盘
10:58:07	27.6	-0.01	8	22080	卖盘
10:57:52	27.61	--	18	52100	卖盘
10:57:46	27.61	--	0	358	卖盘
10:57:25	27.61	0.01	25	69025	买盘
10:57:21	27.6	--	4	11040	卖盘
10:57:16	27.6	--	4	11040	买盘
10:57:06	27.6	--	1	2760	买盘
10:56:51	27.6	--	19	52440	买盘
10:56:46	27.6	-0.01	77	212520	卖盘
10:56:40	27.61	--	30	82830	卖盘
10:56:36	27.61	-0.01	30	82830	卖盘
10:56:31	27.62	--	61	168482	买盘
10:56:25	27.62	0.01	40	110480	买盘
10:56:21	27.61	-0.01	4	11044	卖盘
10:56:16	27.62	0.01	10	27620	买盘
10:56:10	27.61	0.01	58	160138	买盘
10:56:06	27.6	--	1	2760	卖盘
10:56:01	27.6	--	10	27600	卖盘
10:55:55	27.6	--	127	350520	买盘
10:55:51	27.6	--	0	0	买盘
10:55:46	27.6	0.01	181	499560	买盘
10:55:40	27.59	--	10	27590	卖盘
10:55:31	27.59	-0.01	25	68975	卖盘
10:55:25	27.6	0.01	36	99360	买盘
10:55:16	27.59	0.01	216	595944	买盘
10:55:10	27.58	--	37	102046	卖盘
10:55:01	27.58	--	8	22064	卖盘
10:54:55	27.58	0.01	39	107562	买盘
10:54:51	27.57	--	30	82710	卖盘
10:54:46	27.57	-0.01	2	5514	卖盘
10:54:40	27.58	0.01	43	118593	买盘
10:54:31	27.57	--	26	72067	买盘
10:54:25	27.57	--	16	44112	买盘
10:54:10	27.57	--	2	5514	买盘
10:54:06	27.57	--	85	236716	卖盘
10:53:55	27.57	--	21	58282	卖盘
10:53:51	27.57	--	48	132336	卖盘
10:53:46	27.57	--	4	11028	卖盘
10:53:40	27.57	--	67	184719	买盘
10:53:31	27.57	0.01	45	124065	买盘
10:53:25	27.56	--	42	115752	卖盘
10:53:16	27.56	0.01	26	71656	买盘
10:53:05	27.55	0.01	15	41325	卖盘
10:53:01	27.54	--	0	0	卖盘
10:52:55	27.54	--	10	27540	卖盘
10:52:49	27.54	--	101	278319	卖盘
10:52:46	27.54	--	5	13770	卖盘
10:52:40	27.54	--	2	5508	卖盘
10:52:34	27.54	--	30	82620	卖盘
10:52:31	27.54	--	21	57834	卖盘
10:52:25	27.54	0.01	28	77112	买盘
10:52:16	27.53	--	8	22024	卖盘
10:52:10	27.53	-0.01	20	55060	卖盘
10:52:04	27.54	--	10	27540	买盘
10:52:00	27.54	0.04	95	261630	中性盘
10:51:55	27.5	-0.04	130	357500	卖盘
10:51:49	27.54	--	0	0	中性盘
10:51:46	27.54	--	17	46818	卖盘
10:51:40	27.54	--	21	57834	卖盘
10:51:34	27.54	0.01	54	148716	买盘
10:51:30	27.53	--	10	27530	卖盘
10:51:25	27.53	--	47	129391	卖盘
10:51:10	27.53	0.02	48	132144	买盘
10:51:00	27.51	-0.01	50	137550	卖盘
10:50:55	27.52	--	1	2752	卖盘
10:50:45	27.52	--	83	229104	买盘
10:50:25	27.52	0.01	25	68800	买盘
10:50:19	27.51	-0.01	10	27510	买盘
10:50:10	27.52	--	0	0	买盘
10:50:04	27.52	--	2	5504	买盘
10:49:55	27.52	--	138	379776	卖盘
10:49:45	27.52	--	15	41280	卖盘
10:49:30	27.52	--	27	74304	买盘
10:49:25	27.52	--	16	44032	买盘
10:49:15	27.52	--	5	13760	卖盘
10:49:10	27.52	-0.02	5	13760	中性盘
10:49:04	27.54	0.04	85	234090	买盘
10:49:00	27.5	-0.04	30	82500	卖盘
10:48:49	27.54	--	35	96390	卖盘
10:48:40	27.54	0.02	55	151470	买盘
10:48:30	27.52	--	3	8256	卖盘
10:48:25	27.52	0.02	1	2752	买盘
10:48:15	27.5	--	0	0	中性盘
10:48:10	27.5	--	18	49500	买盘
10:48:04	27.5	--	2	5500	买盘
10:48:00	27.5	-0.05	1	2750	买盘
10:47:49	27.55	0.05	182	501410	买盘
10:47:40	27.5	--	2	5500	卖盘
10:47:30	27.5	--	5	13750	卖盘
10:47:25	27.5	--	98	269830	买盘
10:47:19	27.5	0.03	5	13750	买盘
10:47:15	27.47	--	20	54940	卖盘
10:47:00	27.47	--	2	5494	买盘
10:46:55	27.47	--	1	2747	买盘
10:46:49	27.47	--	5	13735	买盘
10:46:40	27.47	-0.03	13	35711	卖盘
10:46:34	27.5	0.03	115	316250	买盘
10:46:28	27.47	-0.03	20	54940	卖盘
10:46:25	27.5	0.03	16	44000	买盘
10:46:19	27.47	--	50	137350	卖盘
10:46:10	27.47	-0.03	92	252724	卖盘
10:46:04	27.5	0.03	41	112750	买盘
10:45:58	27.47	--	4	10988	卖盘
10:45:49	27.47	0.02	3	8241	卖盘
10:45:43	27.45	--	7	19215	买盘
10:45:40	27.45	0.01	120	329400	中性盘
10:45:34	27.44	-0.01	93	255192	卖盘
10:45:19	27.45	0.01	50	137250	买盘
10:45:10	27.44	--	5	13720	卖盘
10:44:58	27.44	-0.03	50	137200	卖盘
10:44:54	27.47	0.03	37	101639	买盘
10:44:49	27.44	--	10	27440	卖盘
10:44:39	27.44	--	0	0	卖盘
10:44:34	27.44	-0.06	10	27440	卖盘
10:44:28	27.5	--	84	231000	买盘
10:44:24	27.5	--	16	44000	买盘
10:44:19	27.5	-0.05	625	1718750	卖盘
10:44:09	27.55	-0.01	358	988879	卖盘
10:44:04	27.56	0.01	16	44096	买盘
10:43:54	27.55	--	6	16530	卖盘
10:43:43	27.55	-0.03	1	2755	卖盘
10:43:39	27.58	0.03	85	234430	买盘
10:43:28	27.55	--	2	5510	卖盘
10:43:24	27.55	-0.03	70	192850	卖盘
10:43:19	27.58	-0.01	10	27580	卖盘
10:43:13	27.59	--	77	212443	买盘
10:43:09	27.59	0.01	7	19313	买盘
10:43:04	27.58	--	92	253735	卖盘
10:42:54	27.58	--	1	2758	卖盘
10:42:49	27.58	0.03	20	55160	买盘
10:42:43	27.55	-0.03	29	80060	卖盘
10:42:34	27.58	-0.01	2	5516	卖盘
10:42:24	27.59	0.01	100	275900	买盘
10:42:19	27.58	-0.01	115	317170	卖盘
10:42:13	27.59	--	28	77252	卖盘
10:42:04	27.59	-0.01	215	593185	卖盘
10:41:58	27.6	0.01	135	372600	买盘
10:41:54	27.59	--	5	13795	卖盘
10:41:49	27.59	-0.01	6	16554	卖盘
10:41:43	27.6	0.01	83	229080	买盘
10:41:39	27.59	--	1	2759	卖盘
10:41:34	27.59	--	128	353152	买盘
10:41:24	27.59	--	16	44144	买盘
10:41:19	27.59	--	85	234515	卖盘
10:41:13	27.59	--	101	278659	卖盘
10:41:09	27.59	-0.01	1	2759	卖盘
10:41:04	27.6	0.01	90	248400	买盘
10:40:43	27.59	--	12	33108	买盘
10:40:34	27.59	--	91	251069	买盘
10:40:28	27.59	--	13	35867	卖盘
10:40:24	27.59	-0.01	91	251069	卖盘
10:40:19	27.6	0.01	87	240120	买盘
10:40:13	27.59	--	50	137950	卖盘
10:40:04	27.59	--	10	27590	卖盘
10:39:58	27.59	0.02	41	113119	买盘
10:39:43	27.57	--	7	19299	买盘
10:39:37	27.57	--	1	2757	买盘
10:39:34	27.57	-0.03	42	115794	卖盘
10:39:28	27.6	0.01	89	245640	买盘
10:39:22	27.59	--	20	55180	卖盘
10:39:19	27.59	0.02	52	143468	买盘
10:39:07	27.57	--	1	2757	卖盘
10:39:03	27.57	-0.02	93	256401	卖盘
10:38:48	27.59	-0.01	105	289695	中性盘
10:38:43	27.6	-0.02	247	681720	卖盘
10:38:33	27.62	0.02	5	13810	买盘
10:38:28	27.6	-0.01	122	336720	卖盘
10:38:22	27.61	0.01	16	44176	中性盘
10:38:18	27.6	-0.02	300	828000	卖盘
10:38:13	27.62	0.01	57	157434	买盘
10:38:07	27.61	0.01	152	419672	买盘
10:38:03	27.6	--	1360	3753600	买盘
10:37:58	27.6	0.01	270	745200	买盘
10:37:52	27.59	--	10	27590	卖盘
10:37:48	27.59	--	50	137950	卖盘
10:37:43	27.59	--	1	2759	买盘
10:37:33	27.59	0.01	110	303490	买盘
10:37:28	27.58	--	7	19306	卖盘
10:37:18	27.58	0.03	72	198576	买盘
10:37:13	27.55	-0.02	26	71630	卖盘
10:37:07	27.57	--	10	27570	卖盘
10:37:03	27.57	--	74	204018	买盘
10:36:58	27.57	0.01	195	537615	买盘
10:36:52	27.56	--	4	11024	卖盘
10:36:48	27.56	--	516	1422096	卖盘
10:36:43	27.56	0.01	4	11024	卖盘
10:36:37	27.55	-0.02	64	176320	卖盘
10:36:33	27.57	0.02	30	82710	买盘
10:36:28	27.55	-0.01	71	195605	中性盘
10:36:22	27.56	--	16	44096	买盘
10:36:18	27.56	0.01	106	292136	买盘
10:36:13	27.55	--	46	126730	卖盘
10:36:07	27.55	--	195	537225	买盘
10:36:03	27.55	0.02	2	5510	买盘
10:35:58	27.53	-0.03	25	68825	买盘
10:35:52	27.56	0.03	86	237016	买盘
10:35:48	27.53	-0.02	15	41295	卖盘
10:35:43	27.55	0.02	186	512430	买盘
10:35:37	27.53	--	12	33036	卖盘
10:35:33	27.53	-0.02	53	145909	卖盘
10:35:28	27.55	--	119	327845	卖盘
10:35:22	27.55	--	85	234175	卖盘
10:35:18	27.55	--	45	123975	买盘
10:35:13	27.55	0.03	3	8265	买盘
10:35:07	27.52	-0.03	1	2752	卖盘
10:35:03	27.55	-0.01	167	460085	卖盘
10:34:58	27.56	--	5	13780	卖盘
10:34:52	27.56	--	55	151580	买盘
10:34:43	27.56	-0.03	269	741364	卖盘
10:34:37	27.59	0.03	27	74493	买盘
10:34:33	27.56	-0.02	70	192920	卖盘
10:34:28	27.58	-0.02	66	182028	买盘
10:34:22	27.6	0.02	109	300840	买盘
10:34:13	27.58	-0.01	16	44128	卖盘
10:34:07	27.59	0.01	159	438681	买盘
10:34:01	27.58	-0.01	3	8274	卖盘
10:33:58	27.59	0.01	135	372465	买盘
10:33:52	27.58	--	0	0	卖盘
10:33:46	27.58	--	24	66192	卖盘
10:33:43	27.58	-0.01	164	452312	卖盘
10:33:37	27.59	0.01	51	140709	买盘
10:33:31	27.58	0.02	4	11032	买盘
10:33:28	27.56	-0.04	42	115752	卖盘
10:33:22	27.6	0.03	109	300840	买盘
10:33:13	27.57	-0.02	238	656166	卖盘
10:33:07	27.59	--	54	148986	卖盘
10:33:01	27.59	--	60	165540	卖盘
10:32:58	27.59	-0.01	55	151745	中性盘
10:32:52	27.6	--	78	215280	买盘
10:32:43	27.6	--	0	0	买盘
10:32:37	27.6	0.02	99	273240	买盘
10:32:31	27.58	--	5	13790	卖盘
10:32:28	27.58	-0.01	130	358540	卖盘
10:32:22	27.59	--	126	347634	买盘
10:32:12	27.59	--	0	0	买盘
10:31:57	27.59	--	264	728376	卖盘
10:31:52	27.59	--	95	262105	卖盘
10:31:46	27.59	--	120	331080	卖盘
10:31:37	27.59	0.02	22	60698	买盘
10:31:27	27.57	--	9	24813	卖盘
10:31:22	27.57	--	99	272943	卖盘
10:31:16	27.57	-0.03	31	85467	买盘
10:31:12	27.6	--	90	248400	买盘
10:31:07	27.6	0.01	105	289800	买盘
10:31:01	27.59	--	61	168299	卖盘
10:30:57	27.59	0.03	164	452476	买盘
10:30:52	27.56	--	20	55120	卖盘
10:30:46	27.56	--	46	126776	卖盘
10:30:37	27.56	--	183	504348	买盘
10:30:27	27.56	--	103	283868	卖盘
10:30:22	27.56	-0.03	219	603564	卖盘
10:30:16	27.59	-0.01	7	19313	卖盘
10:30:12	27.6	--	26	71760	买盘
10:30:07	27.6	--	4	11040	买盘
10:30:01	27.6	--	209	576840	买盘
10:29:57	27.6	--	100	276000	买盘
10:29:52	27.6	--	87	240120	买盘
10:29:46	27.6	-0.02	255	703800	卖盘
10:29:37	27.62	--	0	0	买盘
10:29:31	27.62	0.02	20	55240	买盘
10:29:27	27.6	--	42	115920	买盘
10:29:22	27.6	0.01	29	80040	买盘
10:29:12	27.59	--	40	110360	卖盘
10:29:07	27.59	0.03	8	22072	买盘
10:29:01	27.56	--	10	27560	卖盘
10:28:52	27.56	--	31	85518	买盘
10:28:46	27.56	--	4	11024	买盘
10:28:42	27.56	--	1	2756	买盘
10:28:37	27.56	--	0	0	买盘
10:28:31	27.56	--	43	118508	买盘
10:28:27	27.56	--	0	0	买盘
10:28:22	27.56	0.01	24	66144	买盘
10:28:16	27.55	-0.01	207	570285	卖盘
10:28:07	27.56	0.01	15	41340	买盘
10:28:01	27.55	0.01	560	1542800	买盘
10:27:57	27.54	-0.02	45	123930	卖盘
10:27:52	27.56	0.01	600	1653600	买盘
10:27:46	27.55	0.01	50	137750	卖盘
10:27:40	27.54	-0.06	3	8262	卖盘
10:27:37	27.6	0.04	504	1391040	买盘
10:27:25	27.56	-0.04	9	24804	卖盘
10:27:21	27.6	0.02	165	455400	买盘
10:27:16	27.58	-0.02	2	5516	卖盘
10:27:01	27.6	--	242	670293	卖盘
10:26:55	27.6	-0.02	13	35880	卖盘
10:26:51	27.62	--	542	1497004	卖盘
10:26:46	27.62	-0.01	53	146386	卖盘
10:26:40	27.63	-0.01	98	270774	卖盘
10:26:36	27.64	--	19	52516	卖盘
10:26:31	27.64	0.01	111	306804	买盘
10:26:25	27.63	0.01	40	110520	买盘
10:26:21	27.62	--	38	104956	买盘
10:26:16	27.62	-0.03	23	63526	买盘
10:26:10	27.65	--	36	99540	买盘
10:26:06	27.65	--	226	624890	买盘
10:26:01	27.65	0.03	58	160370	买盘
10:25:55	27.62	-0.01	94	259628	卖盘
10:25:51	27.63	--	5	13815	卖盘
10:25:46	27.63	-0.02	29	80127	买盘
10:25:36	27.65	--	0	0	中性盘
10:25:31	27.65	0.03	20	55300	卖盘
10:25:21	27.62	-0.03	94	259628	卖盘
10:25:16	27.65	--	30	82950	买盘
10:25:10	27.65	-0.01	2	5530	买盘
10:25:06	27.66	--	350	968100	买盘
10:25:01	27.66	--	290	802140	买盘
10:24:55	27.66	--	16	44256	买盘
10:24:51	27.66	-0.01	242	669372	买盘
10:24:46	27.67	0.07	10	27670	买盘
10:24:40	27.6	--	0	0	卖盘
10:24:36	27.6	-0.06	142	391920	卖盘
10:24:31	27.66	--	36	99576	卖盘
10:24:25	27.66	--	6	16596	卖盘
10:24:21	27.66	0.05	230	636899	买盘
10:24:16	27.61	0.01	2	5522	买盘
10:24:10	27.6	--	1	2760	卖盘
10:24:06	27.6	0.05	320	885628	买盘
10:24:01	27.55	-0.05	99	273075	卖盘
10:23:51	27.6	0.05	2	5520	买盘
10:23:46	27.55	--	67	184585	卖盘
10:23:40	27.55	-0.05	12	33060	卖盘
10:23:31	27.6	--	54	149040	买盘
10:23:25	27.6	--	107	295320	卖盘
10:23:16	27.6	--	5	13800	买盘
10:23:10	27.6	--	46	126960	买盘
10:23:06	27.6	--	58	160080	卖盘
10:23:01	27.6	-0.03	46	126960	卖盘
10:22:55	27.63	0.05	98	270774	买盘
10:22:46	27.58	-0.02	71	195818	卖盘
10:22:40	27.6	--	126	347760	卖盘
10:22:36	27.6	-0.03	31	85560	卖盘
10:22:31	27.63	0.03	17	46971	买盘
10:22:25	27.6	0.02	315	869400	买盘
10:22:21	27.58	--	105	289590	买盘
10:22:16	27.58	0.03	423	1166634	买盘
10:22:10	27.55	-0.03	13	35815	卖盘
10:22:06	27.58	--	120	330960	买盘
10:22:01	27.58	0.04	124	344419	买盘
10:21:55	27.54	0.04	28	77112	卖盘
10:21:51	27.5	-0.04	310	852500	卖盘
10:21:46	27.54	0.04	29	79866	买盘
10:21:40	27.5	--	15	41250	卖盘
10:21:35	27.5	--	297	816750	卖盘
10:21:31	27.5	-0.01	69	189750	卖盘
10:21:25	27.51	0.01	783	2154198	买盘
10:21:19	27.5	--	700	1925000	买盘
10:21:16	27.5	0.05	701	1927750	买盘
10:21:10	27.45	0.05	698	1916559	买盘
10:21:04	27.4	-0.01	503	1378220	卖盘
10:21:00	27.41	0.01	60	164460	买盘
10:20:55	27.4	0.02	223	611020	买盘
10:20:49	27.38	--	34	93092	卖盘
10:20:45	27.38	0.03	290	794020	买盘
10:20:40	27.35	--	202	552470	卖盘
10:20:30	27.35	--	176	481360	买盘
10:20:25	27.35	--	15	41025	买盘
10:20:15	27.35	--	6	16410	买盘
10:20:00	27.35	--	358	979130	卖盘
10:19:55	27.35	--	0	0	卖盘
10:19:45	27.35	--	170	464950	卖盘
10:19:40	27.35	--	8	21880	卖盘
10:19:34	27.35	--	0	0	卖盘
10:19:30	27.35	--	174	475890	买盘
10:19:25	27.35	0.03	17	46495	买盘
10:19:19	27.32	--	37	101084	卖盘
10:19:00	27.32	-0.03	17	46444	卖盘
10:18:55	27.35	-0.05	16	43760	买盘
10:18:45	27.4	--	0	0	买盘
10:18:40	27.4	--	0	0	买盘
10:18:25	27.4	--	30	82200	卖盘
10:18:19	27.4	-0.02	22	60280	卖盘
10:18:15	27.42	0.01	54	148068	买盘
10:18:00	27.41	-0.01	403	1104623	卖盘
10:17:49	27.42	-0.01	1	2742	卖盘
10:17:45	27.43	--	1	2743	买盘
10:17:40	27.43	--	9	24687	买盘
10:17:30	27.43	-0.01	44	120692	卖盘
10:17:25	27.44	0.01	12	32928	买盘
10:17:19	27.43	-0.02	161	441623	卖盘
10:17:15	27.45	0.02	150	411750	买盘
10:17:10	27.43	--	101	277043	卖盘
10:17:04	27.43	--	180	493740	卖盘
10:17:00	27.43	--	5	13715	卖盘
10:16:49	27.43	0.01	178	488254	买盘
10:16:40	27.42	-0.01	35	95970	卖盘
10:16:34	27.43	--	14	38402	买盘
10:16:30	27.43	--	31	85033	买盘
10:16:25	27.43	0.01	26	71318	买盘
10:16:19	27.42	--	61	167262	卖盘
10:16:10	27.42	--	5	13710	卖盘
10:16:04	27.42	--	7	19194	卖盘
10:16:00	27.42	--	60	164520	卖盘
10:15:55	27.42	-0.01	280	767760	卖盘
10:15:49	27.43	0.01	45	123435	买盘
10:15:40	27.42	--	10	27420	卖盘
10:15:34	27.42	0.01	27	74034	卖盘
10:15:30	27.41	-0.01	56	153496	卖盘
10:15:19	27.42	0.01	27	74034	买盘
10:15:10	27.41	--	16	43856	卖盘
10:15:04	27.41	-0.01	25	68525	卖盘
10:14:58	27.42	-0.01	39	106938	卖盘
10:14:55	27.43	0.02	11	30173	买盘
10:14:49	27.41	--	372	1019652	卖盘
10:14:43	27.41	--	10	27410	卖盘
10:14:40	27.41	-0.03	66	180906	卖盘
10:14:34	27.44	--	0	0	买盘
10:14:24	27.44	0.01	90	246960	买盘
10:14:19	27.43	0.02	175	480025	买盘
10:14:13	27.41	--	6	16446	卖盘
10:14:09	27.41	--	3	8223	卖盘
10:14:04	27.41	--	38	104158	卖盘
10:13:58	27.41	0.01	506	1386946	买盘
10:13:54	27.4	-0.01	25	68500	卖盘
10:13:49	27.41	0.01	20	54820	买盘
10:13:39	27.4	--	10	27400	卖盘
10:13:34	27.4	-0.01	898	2460520	卖盘
10:13:24	27.41	0.01	4	10964	中性盘
10:13:19	27.4	--	312	854880	卖盘
10:13:13	27.4	--	31	84940	卖盘
10:13:09	27.4	--	4	10960	卖盘
10:13:04	27.4	--	65	178100	买盘
10:12:58	27.4	--	49	134260	卖盘
10:12:54	27.4	--	140	383600	卖盘
10:12:49	27.4	--	55	150700	卖盘
10:12:43	27.4	0.08	36	98640	买盘
10:12:39	27.32	-0.03	135	368820	卖盘
10:12:28	27.35	--	10	27350	卖盘
10:12:24	27.35	--	4	10940	买盘
10:12:19	27.35	--	35	95725	买盘
10:12:13	27.35	--	8	21880	买盘
10:11:54	27.35	--	16	43760	买盘
10:11:34	27.35	-0.05	230	629050	中性盘
10:11:24	27.4	--	0	0	买盘
10:11:19	27.4	0.08	200	548000	买盘
10:11:09	27.32	0.01	32	87424	买盘
10:11:04	27.31	-0.04	339	925809	卖盘
10:10:49	27.35	-0.05	8	21880	买盘
10:10:43	27.4	--	0	0	买盘
10:10:28	27.4	0.01	172	471280	买盘
10:10:24	27.39	0.09	20	54780	买盘
10:10:19	27.3	-0.1	1	2730	卖盘
10:10:13	27.4	-0.01	317	868580	卖盘
10:10:09	27.41	0.01	18	49338	买盘
10:10:04	27.4	--	4	10960	卖盘
10:09:58	27.4	-0.01	24	65760	中性盘
10:09:54	27.41	0.12	49	134309	买盘
10:09:49	27.29	-0.14	77	210133	卖盘
10:09:43	27.43	--	0	0	买盘
10:09:39	27.43	0.03	253	693979	买盘
10:09:34	27.4	0.01	39	106860	买盘
10:09:24	27.39	-0.05	4	10956	买盘
10:09:19	27.44	--	0	0	买盘
10:09:13	27.44	0.05	285	782040	买盘
10:09:04	27.39	-0.01	10	27390	卖盘
10:08:58	27.4	-0.01	257	704180	卖盘
10:08:49	27.41	-0.02	5	13705	卖盘
10:08:43	27.43	--	3	8229	买盘
10:08:37	27.43	--	32	87776	卖盘
10:08:34	27.43	-0.01	12	32916	买盘
10:08:28	27.44	--	0	0	买盘
10:08:22	27.44	0.01	191	524104	买盘
10:08:13	27.43	--	335	918905	卖盘
10:08:03	27.43	--	15	41145	卖盘
10:07:58	27.43	0.02	152	416936	买盘
10:07:52	27.41	0.02	171	468711	买盘
10:07:48	27.39	-0.01	130	356070	卖盘
10:07:43	27.4	0.01	20	54800	买盘
10:07:37	27.39	-0.01	2	5478	卖盘
10:07:33	27.4	0.01	124	339760	买盘
10:07:22	27.39	0.03	54	147906	买盘
10:07:18	27.36	--	205	560880	卖盘
10:07:13	27.36	-0.01	50	136800	卖盘
10:07:07	27.37	0.01	10	27370	卖盘
10:06:58	27.36	--	0	0	卖盘
10:06:52	27.36	--	11	30096	卖盘
10:06:48	27.36	-0.04	25	68400	卖盘
10:06:43	27.4	0.03	370	1013800	买盘
10:06:33	27.37	--	337	922369	卖盘
10:06:28	27.37	-0.02	52	142324	卖盘
10:06:22	27.39	--	110	301290	卖盘
10:06:18	27.39	--	8	21912	卖盘
10:06:13	27.39	--	24	65736	买盘
10:06:07	27.39	0.02	230	629970	买盘
10:06:03	27.37	--	137	374969	卖盘
10:05:58	27.37	0.01	220	602140	买盘
10:05:52	27.36	-0.01	85	232560	卖盘
10:05:48	27.37	0.02	34	93058	买盘
10:05:43	27.35	--	0	0	卖盘
10:05:37	27.35	--	200	547000	卖盘
10:05:33	27.35	--	20	54700	卖盘
10:05:28	27.35	--	175	478625	买盘
10:05:22	27.35	--	16	43760	买盘
10:05:18	27.35	0.01	417	1140495	买盘
10:05:13	27.34	--	103	281602	卖盘
10:05:03	27.34	--	259	708106	卖盘
10:04:58	27.34	--	153	418302	卖盘
10:04:48	27.34	0.01	167	456578	买盘
10:04:43	27.33	--	30	81990	卖盘
10:04:37	27.33	0.01	75	204975	买盘
10:04:33	27.32	--	20	54640	卖盘
10:04:28	27.32	0.02	95	259540	买盘
10:04:22	27.3	--	94	257302	买盘
10:04:13	27.3	--	85	232050	买盘
10:04:07	27.3	--	86	236827	卖盘
10:04:03	27.3	--	21	57330	卖盘
10:03:58	27.3	0.02	90	246382	买盘
10:03:43	27.28	-0.02	40	111166	卖盘
10:03:37	27.3	--	120	327600	卖盘
10:03:28	27.3	--	35	95550	卖盘
10:03:22	27.3	--	30	81900	卖盘
10:03:13	27.3	0.02	52	141960	买盘
10:03:07	27.28	--	56	152768	卖盘
10:02:58	27.28	-0.03	60	164389	卖盘
10:02:52	27.31	0.01	19	51889	买盘
10:02:43	27.3	--	516	1411382	买盘
10:02:37	27.3	0.01	138	376740	买盘
10:02:33	27.29	--	65	177385	买盘
10:02:22	27.29	0.01	14	38206	买盘
10:02:13	27.28	0.06	94	256432	买盘
10:02:07	27.22	0.02	5	13610	买盘
10:02:01	27.2	--	1	2720	卖盘
10:01:42	27.2	--	68	184987	买盘
10:01:37	27.2	0.01	38	103360	买盘
10:01:31	27.19	0.02	38	103322	买盘
10:01:22	27.17	--	46	124982	买盘
10:01:16	27.17	--	0	0	买盘
10:01:12	27.17	0.05	42	114114	买盘
10:01:07	27.12	--	32	86784	卖盘
10:00:57	27.12	--	22	59664	卖盘
10:00:52	27.12	--	1	2712	卖盘
10:00:46	27.12	-0.03	8	21696	卖盘
10:00:42	27.15	0.03	1	2715	买盘
10:00:31	27.12	-0.03	9	24408	卖盘
10:00:27	27.15	-0.02	11	29865	买盘
10:00:22	27.17	0.02	88	239096	卖盘
10:00:12	27.15	--	20	54300	买盘
10:00:07	27.15	--	5	13575	买盘
09:59:57	27.15	--	21	57015	卖盘
09:59:46	27.15	--	10	27150	卖盘
09:59:42	27.15	-0.03	17	46155	卖盘
09:59:37	27.18	0.03	30	81540	中性盘
09:59:31	27.15	--	2	5430	卖盘
09:59:07	27.15	-0.04	10	27150	卖盘
09:59:01	27.19	--	20	54380	买盘
09:58:57	27.19	--	6	16314	买盘
09:58:52	27.19	-0.01	158	432293	卖盘
09:58:46	27.2	--	0	0	卖盘
09:58:42	27.2	-0.01	25	68000	卖盘
09:58:37	27.21	0.01	1	2748	买盘
09:58:31	27.2	-0.01	2	5440	卖盘
09:58:27	27.21	--	3	8163	买盘
09:58:22	27.21	--	13	35373	买盘
09:58:16	27.21	--	20	54420	买盘
09:58:12	27.21	-0.01	10	27210	买盘
09:58:07	27.22	0.01	3	8166	买盘
09:58:01	27.21	--	3	8163	卖盘
09:57:57	27.21	--	12	32652	卖盘
09:57:46	27.21	--	10	27210	卖盘
09:57:42	27.21	-0.01	32	87072	卖盘
09:57:31	27.22	-0.03	47	127934	买盘
09:57:22	27.25	0.04	30	81750	买盘
09:57:16	27.21	--	2	5442	卖盘
09:57:12	27.21	-0.01	100	272100	卖盘
09:56:57	27.22	-0.03	20	54440	卖盘
09:56:52	27.25	-0.01	1	2725	卖盘
09:56:42	27.26	--	91	248066	卖盘
09:56:37	27.26	-0.02	18	49068	卖盘
09:56:22	27.28	-0.01	2	5456	中性盘
09:56:16	27.29	--	2	5458	买盘
09:56:12	27.29	0.01	2	5458	买盘
09:56:07	27.28	--	27	74037	卖盘
09:56:01	27.28	-0.01	30	81840	卖盘
09:55:57	27.29	--	9	24561	买盘
09:55:52	27.29	0.01	72	196488	买盘
09:55:46	27.28	-0.01	16	43648	卖盘
09:55:40	27.29	0.01	1	2729	买盘
09:55:36	27.28	-0.02	390	1063920	卖盘
09:55:31	27.3	--	360	982800	买盘
09:55:25	27.3	0.02	2	5460	买盘
09:55:21	27.28	--	70	190960	卖盘
09:55:16	27.28	-0.02	71	193688	卖盘
09:55:10	27.3	--	2	5460	卖盘
09:55:06	27.3	0.01	51	141577	买盘
09:55:01	27.29	-0.01	18	49122	卖盘
09:54:55	27.3	--	2	5460	买盘
09:54:51	27.3	--	16	44062	卖盘
09:54:46	27.3	--	6	16380	卖盘
09:54:36	27.3	-0.01	65	179797	卖盘
09:54:31	27.31	--	0	0	卖盘
09:54:25	27.31	--	16	43696	卖盘
09:54:21	27.31	--	9	24579	卖盘
09:54:16	27.31	0.01	6	16386	买盘
09:54:10	27.3	-0.01	10	27300	卖盘
09:54:06	27.31	0.01	80	218480	买盘
09:54:01	27.3	--	12	32760	卖盘
09:53:46	27.3	-0.03	80	218400	卖盘
09:53:40	27.33	0.03	41	112053	买盘
09:53:36	27.3	-0.01	18	49140	卖盘
09:53:31	27.31	0.01	167	456077	买盘
09:53:21	27.3	--	105	286650	卖盘
09:53:16	27.3	--	334	911820	卖盘
09:53:10	27.3	--	26	70980	卖盘
09:53:06	27.3	--	121	331940	买盘
09:53:01	27.3	--	2	5460	买盘
09:52:51	27.3	--	183	499590	买盘
09:52:46	27.3	--	38	104859	卖盘
09:52:36	27.3	--	31	84630	卖盘
09:52:31	27.3	--	56	154490	买盘
09:52:25	27.3	--	16	43680	买盘
09:52:21	27.3	-0.01	116	317799	卖盘
09:52:16	27.31	0.01	78	213018	买盘
09:52:10	27.3	--	15	40950	卖盘
09:52:06	27.3	--	31	86240	买盘
09:52:01	27.3	--	42	115779	卖盘
09:51:55	27.3	--	15	40950	卖盘
09:51:51	27.3	--	25	69860	买盘
09:51:46	27.3	--	115	313950	买盘
09:51:36	27.3	0.01	1	2730	买盘
09:51:31	27.29	-0.01	58	159400	卖盘
09:51:21	27.3	--	52	141960	卖盘
09:51:16	27.3	0.01	9	26180	买盘
09:51:10	27.29	-0.01	10	27290	卖盘
09:51:06	27.3	0.01	102	278460	买盘
09:51:01	27.29	0.01	65	177385	买盘
09:50:40	27.28	-0.02	148	403744	中性盘
09:50:36	27.3	--	50	136500	买盘
09:50:31	27.3	0.02	315	859950	买盘
09:50:25	27.28	--	10	27280	买盘
09:50:21	27.28	--	27	73656	卖盘
09:50:16	27.28	-0.01	33	90024	卖盘
09:50:10	27.29	--	8	21832	买盘
09:50:06	27.29	0.01	80	218320	买盘
09:50:01	27.28	--	64	174592	买盘
09:49:55	27.28	--	0	0	买盘
09:49:51	27.28	0.02	5	13640	买盘
09:49:46	27.26	-0.01	65	179643	卖盘
09:49:40	27.27	-0.01	20	54540	卖盘
09:49:31	27.28	0.02	6	16368	买盘
09:49:25	27.26	-0.02	20	54520	卖盘
09:49:15	27.28	--	5	13640	买盘
09:49:10	27.28	0.03	7	19096	买盘
09:49:04	27.25	-0.01	41	111725	卖盘
09:49:01	27.26	0.01	4	10904	卖盘
09:48:55	27.25	--	0	0	卖盘
09:48:45	27.25	-0.03	131	356975	卖盘
09:48:40	27.28	0.02	5	13640	中性盘
09:48:34	27.26	--	26	70876	卖盘
09:48:30	27.26	--	12	32712	卖盘
09:48:25	27.26	--	24	65424	卖盘
09:48:15	27.26	--	32	87232	买盘
09:48:04	27.26	0.05	2	5452	买盘
09:48:00	27.21	-0.05	213	579573	卖盘
09:47:55	27.26	--	18	49068	卖盘
09:47:45	27.26	0.01	51	139026	买盘
09:47:40	27.25	-0.01	1	2725	卖盘
09:47:34	27.26	--	102	278052	卖盘
09:47:30	27.26	--	25	68150	卖盘
09:47:25	27.26	--	29	79054	卖盘
09:47:10	27.26	0.01	107	293045	买盘
09:47:04	27.25	--	5	13625	卖盘
09:46:55	27.25	--	2	5450	卖盘
09:46:49	27.25	-0.03	94	256150	卖盘
09:46:45	27.28	0.03	144	392832	买盘
09:46:40	27.25	--	9	24525	卖盘
09:46:34	27.25	--	9	24525	卖盘
09:46:30	27.25	--	402	1098066	买盘
09:46:25	27.25	--	374	1019150	买盘
09:46:15	27.25	-0.05	285	776734	卖盘
09:46:10	27.3	--	62	171880	买盘
09:46:04	27.3	0.05	64	174720	买盘
09:46:00	27.25	-0.05	106	288959	卖盘
09:45:49	27.3	--	50	136500	买盘
09:45:45	27.3	--	114	311220	买盘
09:45:40	27.3	--	36	98280	卖盘
09:45:30	27.3	-0.02	6	16380	卖盘
09:45:25	27.32	0.02	11	30052	买盘
09:45:19	27.3	--	31	84630	卖盘
09:45:15	27.3	--	135	368550	卖盘
09:45:10	27.3	--	11	30030	卖盘
09:45:04	27.3	--	10	27300	卖盘
09:45:00	27.3	--	48	131040	卖盘
09:44:55	27.3	0.02	156	425880	买盘
09:44:45	27.28	--	42	117194	买盘
09:44:40	27.28	--	102	278365	卖盘
09:44:34	27.28	--	6	16368	卖盘
09:44:30	27.28	--	11	30008	卖盘
09:44:25	27.28	--	0	0	卖盘
09:44:19	27.28	-0.02	180	491040	卖盘
09:44:15	27.3	--	11	30030	卖盘
09:44:04	27.3	-0.04	515	1405950	卖盘
09:44:00	27.34	--	54	147636	卖盘
09:43:55	27.34	--	62	169508	卖盘
09:43:49	27.34	-0.01	3	8202	卖盘
09:43:40	27.35	-0.03	231	631785	中性盘
09:43:34	27.38	0.02	226	618788	买盘
09:43:30	27.36	0.01	45	123120	卖盘
09:43:25	27.35	-0.01	110	300850	卖盘
09:43:19	27.36	0.01	119	325584	买盘
09:43:15	27.35	-0.01	44	120340	卖盘
09:43:09	27.36	-0.02	13	35568	买盘
09:43:04	27.38	0.02	46	125948	买盘
09:43:00	27.36	-0.02	77	210672	卖盘
09:42:54	27.38	--	16	43808	买盘
09:42:45	27.38	--	26	71188	卖盘
09:42:39	27.38	--	41	112258	卖盘
09:42:28	27.38	--	10	27380	卖盘
09:42:24	27.38	--	76	208088	买盘
09:42:19	27.38	-0.02	34	93092	卖盘
09:42:09	27.4	0.02	102	279480	买盘
09:42:04	27.38	-0.02	46	125948	卖盘
09:41:58	27.4	-0.01	6	16440	卖盘
09:41:54	27.41	0.03	165	452265	买盘
09:41:49	27.38	--	1	2738	卖盘
09:41:43	27.38	-0.02	5	13690	卖盘
09:41:39	27.4	0.04	34	93160	买盘
09:41:34	27.36	-0.02	84	229824	卖盘
09:41:28	27.38	0.03	4	10952	买盘
09:41:24	27.35	-0.05	165	451275	卖盘
09:41:19	27.4	--	4	10960	买盘
09:41:13	27.4	--	1	2740	买盘
09:41:09	27.4	-0.06	13	35620	买盘
09:41:04	27.46	0.06	133	365218	买盘
09:40:58	27.4	-0.01	10	27400	卖盘
09:40:54	27.41	0.01	120	328920	卖盘
09:40:49	27.4	--	0	0	卖盘
09:40:43	27.4	-0.08	80	219200	卖盘
09:40:39	27.48	0.08	116	318768	买盘
09:40:34	27.4	-0.01	182	498680	卖盘
09:40:28	27.41	-0.06	9	24669	卖盘
09:40:24	27.47	0.06	105	289973	买盘
09:40:19	27.41	--	178	487898	买盘
09:40:13	27.41	0.11	600	1644600	买盘
09:40:09	27.3	-0.02	529	1444170	卖盘
09:40:04	27.32	-0.03	34	92888	卖盘
09:39:58	27.35	--	20	57325	买盘
09:39:54	27.35	0.03	200	547000	买盘
09:39:49	27.32	0.02	12	32784	中性盘
09:39:39	27.3	-0.05	110	300300	买盘
09:39:34	27.35	0.05	349	954733	买盘
09:39:28	27.3	-0.01	121	330330	卖盘
09:39:24	27.31	0.01	34	92854	卖盘
09:39:19	27.3	-0.01	147	401310	卖盘
09:39:09	27.31	0.01	179	491361	买盘
09:39:04	27.3	-0.02	138	376958	卖盘
09:38:58	27.32	0.02	8	21856	中性盘
09:38:54	27.3	-0.02	136	371280	卖盘
09:38:49	27.32	-0.03	66	180312	买盘
09:38:43	27.35	0.03	400	1094000	买盘
09:38:39	27.32	--	58	158456	买盘
09:38:34	27.32	--	8	21856	卖盘
09:38:28	27.32	--	33	90156	卖盘
09:38:24	27.32	0.02	51	139332	卖盘
09:38:19	27.3	--	68	185640	卖盘
09:38:13	27.3	-0.02	75	204750	卖盘
09:38:09	27.32	--	0	0	买盘
09:38:04	27.32	0.03	220	603553	买盘
09:37:58	27.29	--	49	133721	买盘
09:37:54	27.29	-0.03	114	312716	卖盘
09:37:49	27.32	0.04	92	252464	买盘
09:37:43	27.28	--	1	2728	买盘
09:37:39	27.28	-0.02	220	601769	卖盘
09:37:34	27.3	--	114	311220	卖盘
09:37:28	27.3	--	132	360360	卖盘
09:37:24	27.3	--	48	132159	买盘
09:37:19	27.3	--	163	444990	买盘
09:37:13	27.3	-0.08	48	132650	卖盘
09:37:09	27.38	--	102	279276	买盘
09:37:04	27.38	0.06	254	695452	买盘
09:36:58	27.32	-0.07	6	16392	卖盘
09:36:54	27.39	0.07	213	583407	买盘
09:36:49	27.32	-0.06	44	120208	卖盘
09:36:43	27.38	--	57	156066	买盘
09:36:39	27.38	--	1	2738	买盘
09:36:33	27.38	-0.02	23	62974	买盘
09:36:28	27.4	--	178	487720	买盘
09:36:24	27.4	0.02	208	569920	买盘
09:36:18	27.38	--	18	49284	卖盘
09:36:13	27.38	0.01	111	303918	买盘
09:36:09	27.37	-0.01	2	5474	卖盘
09:36:03	27.38	0.01	43	117734	买盘
09:35:58	27.37	0.03	111	304929	买盘
09:35:54	27.34	--	221	604214	卖盘
09:35:48	27.34	-0.01	41	112094	买盘
09:35:43	27.35	0.05	260	711100	买盘
09:35:33	27.3	0.1	142	387660	买盘
09:35:28	27.2	--	208	565760	卖盘
09:35:22	27.2	--	10	27200	买盘
09:35:18	27.2	-0.09	60	163200	中性盘
09:35:13	27.29	0.16	81	221049	买盘
09:35:07	27.13	-0.02	5	13565	卖盘
09:35:03	27.15	0.06	50	135750	买盘
09:34:58	27.09	-0.28	70	189630	卖盘
09:34:52	27.37	--	0	0	买盘
09:34:48	27.37	0.28	550	1505350	买盘
09:34:43	27.09	-0.01	5	13545	中性盘
09:34:37	27.1	0.02	80	216800	买盘
09:34:33	27.08	-0.01	5	13540	买盘
09:34:28	27.09	0.04	4	10836	买盘
09:34:22	27.05	-0.03	25	67625	卖盘
09:34:18	27.08	--	23	62283	买盘
09:34:13	27.08	-0.02	5	13540	买盘
09:34:03	27.1	-0.05	51	138210	卖盘
09:33:52	27.15	--	0	0	买盘
09:33:48	27.15	0.05	41	111315	买盘
09:33:43	27.1	--	38	102980	买盘
09:33:37	27.1	--	0	0	买盘
09:33:33	27.1	0.01	89	241190	买盘
09:33:28	27.09	0.04	56	151704	买盘
09:33:22	27.05	--	9	24345	卖盘
09:33:18	27.05	-0.01	5	13525	卖盘
09:33:13	27.06	0.02	20	54120	中性盘
09:33:03	27.04	--	84	227136	卖盘
09:32:58	27.04	-0.01	7	18928	卖盘
09:32:48	27.05	--	32	86560	卖盘
09:32:43	27.05	--	2	5410	卖盘
09:32:28	27.05	0.01	16	43280	买盘
09:32:18	27.04	0.01	34	91936	买盘
09:32:13	27.03	-0.01	22	59466	卖盘
09:32:03	27.04	--	0	0	买盘
09:31:58	27.04	0.04	38	102752	买盘
09:31:52	27.0	-0.01	57	153900	卖盘
09:31:48	27.01	--	3	8103	卖盘
09:31:43	27.01	0.02	2	5402	买盘
09:31:37	26.99	-0.01	10	26990	卖盘
09:31:33	27.0	--	17	45900	买盘
09:31:28	27.0	0.04	62	167400	买盘
09:31:22	26.96	-0.03	6	16176	卖盘
09:31:18	26.99	0.01	65	175435	买盘
09:31:13	26.98	0.02	14	37772	买盘
09:31:07	26.96	--	10	26960	卖盘
09:31:03	26.96	-0.02	13	35048	卖盘
09:30:58	26.98	0.02	10	26980	买盘
09:30:52	26.96	--	16	43136	卖盘
09:30:48	26.96	--	20	53920	卖盘
09:30:42	26.96	--	5	13480	卖盘
09:30:37	26.96	--	13	35048	卖盘
09:30:33	26.96	0.01	323	870808	买盘
09:30:22	26.95	0.14	1	2695	卖盘
09:30:18	26.81	--	0	0	卖盘
09:30:12	26.81	-0.16	18	48258	卖盘
09:30:07	26.97	-0.04	84	226548	卖盘
09:30:01	27.01	0.04	178	480778	买盘
09:28:57	26.97	--	0	0	买盘
09:25:06	26.97	26.97	47	126759	买盘
