成交时间	成交价	价格变动	成交量(手)	成交额(元)	性质
15:00:00	31.39	--	0	0	中性盘
15:00:00	31.39	0.01	20	62780	买盘
14:59:58	31.38	--	1	3138	卖盘
14:59:52	31.38	-0.01	2	6276	卖盘
14:59:48	31.39	0.01	51	160089	买盘
14:59:43	31.38	-0.01	12	37656	卖盘
14:59:37	31.39	--	5	15695	卖盘
14:59:33	31.39	0.01	6	18834	卖盘
14:59:13	31.38	--	0	0	卖盘
14:59:07	31.38	-0.02	5	15690	卖盘
14:59:03	31.4	0.01	10	31400	买盘
14:58:58	31.39	0.01	1	3139	买盘
14:58:48	31.38	--	1	3138	卖盘
14:58:43	31.38	-0.01	12	37656	卖盘
14:58:37	31.39	0.01	2	6278	买盘
14:58:33	31.38	--	6	18828	卖盘
14:58:18	31.38	--	5	15972	买盘
14:58:13	31.38	--	7	21966	买盘
14:58:07	31.38	0.01	50	156900	买盘
14:58:03	31.37	-0.01	2	6274	卖盘
14:57:58	31.38	--	63	197694	买盘
14:57:42	31.38	--	7	21966	买盘
14:57:33	31.38	--	4	12552	买盘
14:57:28	31.38	--	61	191418	买盘
14:57:18	31.38	--	138	435899	卖盘
14:57:13	31.38	--	27	84726	卖盘
14:57:03	31.38	--	6	18828	卖盘
14:56:57	31.38	--	5	15690	卖盘
14:56:48	31.38	-0.01	6	18828	卖盘
14:56:42	31.39	0.01	30	94170	买盘
14:56:37	31.38	--	32	100416	卖盘
14:56:32	31.38	--	5	15690	卖盘
14:56:22	31.38	--	3	9414	卖盘
14:56:18	31.38	-0.01	37	116106	卖盘
14:56:12	31.39	0.01	45	141255	买盘
14:56:02	31.38	-0.01	5	15690	卖盘
14:55:57	31.39	--	36	113004	卖盘
14:55:47	31.39	--	10	31390	卖盘
14:55:42	31.39	0.01	5	15977	买盘
14:55:37	31.38	-0.01	1	3138	卖盘
14:55:32	31.39	--	14	43946	买盘
14:55:22	31.39	--	8	25112	买盘
14:55:18	31.39	-0.01	23	75053	卖盘
14:55:07	31.4	--	10	31400	卖盘
14:54:57	31.4	--	13	40820	卖盘
14:54:52	31.4	-0.01	23	72220	卖盘
14:54:42	31.41	--	2	6282	买盘
14:54:37	31.41	-0.01	59	185319	卖盘
14:54:27	31.42	0.01	11	34562	买盘
14:54:17	31.41	--	2	6282	卖盘
14:54:12	31.41	--	10	31410	卖盘
14:54:07	31.41	--	7	21987	买盘
14:54:02	31.41	--	4	12564	买盘
14:53:57	31.41	--	10	31410	买盘
14:53:37	31.41	0.02	4	12564	买盘
14:53:22	31.39	--	1	3421	卖盘
14:53:12	31.39	--	6	18834	卖盘
14:53:07	31.39	-0.01	5	15695	卖盘
14:53:01	31.4	--	58	182120	买盘
14:52:57	31.4	0.02	4	12560	买盘
14:52:52	31.38	--	0	0	卖盘
14:52:37	31.38	-0.02	64	200832	卖盘
14:52:31	31.4	0.02	5	15700	买盘
14:52:27	31.38	--	5	15690	卖盘
14:52:22	31.38	--	0	0	卖盘
14:52:07	31.38	-0.01	17	53346	卖盘
14:51:57	31.39	--	2	6278	买盘
14:51:52	31.39	--	11	34529	买盘
14:51:46	31.39	--	6	18834	买盘
14:51:42	31.39	0.02	1	3139	买盘
14:51:27	31.37	--	0	0	卖盘
14:51:22	31.37	-0.02	34	106658	卖盘
14:51:12	31.39	0.01	2	6278	买盘
14:51:07	31.38	--	17	53346	卖盘
14:50:52	31.38	--	14	43932	卖盘
14:50:42	31.38	--	25	78450	卖盘
14:50:27	31.38	--	15	47070	卖盘
14:50:22	31.38	-0.01	43	134934	卖盘
14:50:12	31.39	0.01	22	69058	买盘
14:50:07	31.38	--	0	0	卖盘
14:49:46	31.38	-0.02	11	34518	卖盘
14:49:41	31.4	--	0	0	买盘
14:49:37	31.4	0.01	9	28260	买盘
14:49:31	31.39	--	2	6278	买盘
14:49:27	31.39	-0.01	37	116143	卖盘
14:49:21	31.4	--	3	12403	卖盘
14:49:16	31.4	--	6	18997	买盘
14:49:11	31.4	--	1	6123	卖盘
14:49:06	31.4	--	2	6280	卖盘
14:49:01	31.4	0.01	30	94357	买盘
14:48:51	31.39	--	4	12556	卖盘
14:48:46	31.39	--	11	34529	卖盘
14:48:36	31.39	--	2	6278	卖盘
14:48:31	31.39	-0.01	10	31390	卖盘
14:48:16	31.4	0.01	2	6280	买盘
14:48:06	31.39	-0.01	14	43946	卖盘
14:47:51	31.4	--	45	144283	卖盘
14:47:46	31.4	-0.02	55	172700	卖盘
14:47:41	31.42	0.01	4	12568	买盘
14:47:36	31.41	-0.01	5	15705	卖盘
14:47:31	31.42	--	8	25136	卖盘
14:47:16	31.42	--	0	0	卖盘
14:47:11	31.42	--	2	6284	买盘
14:47:01	31.42	--	8	25136	买盘
14:46:46	31.42	--	0	0	中性盘
14:46:36	31.42	0.02	6	18852	卖盘
14:46:31	31.4	--	0	0	卖盘
14:46:21	31.4	--	5	15700	卖盘
14:46:16	31.4	--	5	15700	卖盘
14:46:10	31.4	-0.03	8	25120	卖盘
14:46:06	31.43	0.02	11	34573	买盘
14:46:01	31.41	0.01	8	25128	卖盘
14:45:51	31.4	--	33	103620	卖盘
14:45:36	31.4	--	0	0	卖盘
14:45:25	31.4	--	21	66097	买盘
14:45:16	31.4	--	9	28260	买盘
14:45:10	31.4	-0.03	107	338963	卖盘
14:45:01	31.43	-0.02	22	69146	卖盘
14:44:55	31.45	--	6	18870	买盘
14:44:21	31.45	--	1	3145	卖盘
14:44:16	31.45	--	0	0	中性盘
14:44:01	31.45	--	5	15725	买盘
14:43:36	31.45	--	1	3145	卖盘
14:43:25	31.45	0.03	5	15725	买盘
14:43:20	31.42	-0.03	4	12819	卖盘
14:43:15	31.45	0.02	10	31450	买盘
14:43:05	31.43	-0.02	3	9429	卖盘
14:42:25	31.45	0.03	2	6290	买盘
14:42:10	31.42	--	0	0	卖盘
14:41:50	31.42	--	25	78550	卖盘
14:41:45	31.42	--	0	0	卖盘
14:41:30	31.42	--	6	18852	卖盘
14:41:10	31.42	--	0	0	中性盘
14:41:00	31.42	--	3	9426	买盘
14:40:55	31.42	0.01	1	3142	买盘
14:40:50	31.41	--	1	3141	买盘
14:40:45	31.41	0.01	3	9423	买盘
14:40:40	31.4	-0.01	33	103620	卖盘
14:40:30	31.41	--	17	53397	卖盘
14:40:25	31.41	-0.01	6	18846	卖盘
14:40:15	31.42	--	19	59698	买盘
14:40:04	31.42	0.01	25	78550	卖盘
14:39:45	31.41	--	0	0	卖盘
14:39:30	31.41	--	5	15705	卖盘
14:39:25	31.41	0.01	5	15705	买盘
14:39:19	31.4	--	0	0	卖盘
14:39:15	31.4	--	10	31400	卖盘
14:39:04	31.4	--	0	0	卖盘
14:39:00	31.4	--	46	144440	卖盘
14:38:45	31.4	-0.04	120	376800	卖盘
14:38:40	31.44	--	7	22008	卖盘
14:38:34	31.44	--	8	25152	卖盘
14:38:30	31.44	-0.01	9	28296	卖盘
14:38:25	31.45	0.01	2	6290	卖盘
14:38:10	31.44	--	0	0	卖盘
14:38:00	31.44	-0.03	38	122521	卖盘
14:37:55	31.47	--	3	9441	卖盘
14:37:49	31.47	0.02	14	44058	买盘
14:37:40	31.45	--	0	0	中性盘
14:37:34	31.45	-0.02	5	15725	卖盘
14:37:30	31.47	--	2	6294	买盘
14:37:15	31.47	--	0	0	中性盘
14:37:04	31.47	--	2	6294	买盘
14:37:00	31.47	-0.02	24	75528	卖盘
14:36:54	31.49	-0.01	8	25192	卖盘
14:36:45	31.5	--	4	12600	买盘
14:36:39	31.5	-0.05	393	1237950	卖盘
14:36:29	31.55	--	55	173525	买盘
14:36:14	31.55	--	2	6310	买盘
14:36:09	31.55	--	0	0	买盘
14:35:49	31.55	--	2	6310	买盘
14:35:39	31.55	--	1	3155	买盘
14:35:24	31.55	0.02	2	6310	买盘
14:35:19	31.53	--	8	25224	卖盘
14:35:04	31.53	-0.01	17	53601	卖盘
14:34:54	31.54	--	2	6308	买盘
14:34:39	31.54	--	6	18924	买盘
14:34:34	31.54	--	2	6308	买盘
14:34:24	31.54	--	3	9462	买盘
14:34:09	31.54	--	2	6308	买盘
14:34:04	31.54	--	6	18924	买盘
14:33:59	31.54	--	2	6308	买盘
14:33:49	31.54	-0.01	28	88312	卖盘
14:33:43	31.55	--	9	28395	买盘
14:33:34	31.55	--	22	69410	买盘
14:33:24	31.55	--	51	160905	买盘
14:33:19	31.55	--	2	6310	买盘
14:33:09	31.55	--	5	15775	买盘
14:33:04	31.55	--	2	6310	买盘
14:32:58	31.55	0.01	2	6310	买盘
14:32:54	31.54	-0.02	8	25232	卖盘
14:32:34	31.56	--	0	0	买盘
14:32:28	31.56	0.01	6	18936	买盘
14:32:13	31.55	--	4	12620	买盘
14:32:09	31.55	--	2	6310	买盘
14:31:49	31.55	-0.01	6	18930	买盘
14:31:39	31.56	--	0	0	买盘
14:31:34	31.56	0.01	4	12624	买盘
14:31:18	31.55	--	1	3155	买盘
14:31:09	31.55	--	0	0	中性盘
14:30:49	31.55	--	13	41015	买盘
14:30:28	31.55	--	0	0	中性盘
14:30:24	31.55	--	5	15775	买盘
14:30:08	31.55	--	10	31550	买盘
14:29:53	31.55	-0.01	20	63100	卖盘
14:29:43	31.56	--	2	6312	卖盘
14:29:28	31.56	--	0	0	卖盘
14:29:23	31.56	--	2	6312	卖盘
14:29:18	31.56	0.01	3	9468	买盘
14:28:58	31.55	--	4	12620	卖盘
14:28:53	31.55	--	5	15775	卖盘
14:28:18	31.55	-0.01	10	31550	卖盘
14:28:13	31.56	--	1	3156	买盘
14:27:38	31.56	--	0	0	中性盘
14:27:28	31.56	-0.04	3	9468	卖盘
14:26:37	31.6	0.01	3	9480	买盘
14:26:33	31.59	--	11	34749	卖盘
14:26:07	31.59	--	25	78975	卖盘
14:25:58	31.59	-0.01	6	18954	卖盘
14:25:48	31.6	0.01	2	6320	买盘
14:25:13	31.59	--	11	34749	买盘
14:24:47	31.59	0.05	30	94770	买盘
14:24:43	31.54	-0.04	105	331170	卖盘
14:24:37	31.58	--	5	15790	卖盘
14:24:28	31.58	-0.01	5	15790	卖盘
14:24:13	31.59	-0.01	18	56862	卖盘
14:24:07	31.6	--	2	6320	买盘
14:24:02	31.6	0.01	5	15800	买盘
14:23:43	31.59	--	2	6318	卖盘
14:23:27	31.59	-0.01	1	3159	卖盘
14:23:17	31.6	--	3	9480	买盘
14:23:03	31.6	--	32	101120	买盘
14:22:52	31.6	0.01	10	31600	买盘
14:22:47	31.59	-0.01	20	63180	卖盘
14:22:42	31.6	--	8	25280	买盘
14:22:37	31.6	--	3	9480	买盘
14:22:22	31.6	--	3	9480	买盘
14:22:07	31.6	0.01	2	6320	买盘
14:21:52	31.59	--	1	3159	卖盘
14:21:21	31.59	--	5	15795	卖盘
14:21:02	31.59	--	47	148473	买盘
14:20:51	31.59	--	7	22113	买盘
14:19:56	31.59	--	0	0	买盘
14:19:27	31.59	--	2	6318	买盘
14:19:11	31.59	0.02	5	15795	买盘
14:19:00	31.57	-0.02	2	6314	卖盘
14:18:56	31.59	--	0	0	买盘
14:18:52	31.59	0.04	4	12636	买盘
14:18:21	31.55	--	0	0	卖盘
14:18:11	31.55	--	20	63100	卖盘
14:17:56	31.55	-0.01	95	299725	卖盘
14:17:06	31.56	-0.01	33	104148	卖盘
14:16:46	31.57	--	4	12628	买盘
14:16:41	31.57	-0.02	5	15785	卖盘
14:16:37	31.59	0.02	7	22113	买盘
14:16:26	31.57	-0.02	2	6314	卖盘
14:16:21	31.59	--	0	0	买盘
14:16:15	31.59	--	0	0	买盘
14:16:06	31.59	0.01	37	116883	买盘
14:15:45	31.58	--	44	138952	买盘
14:15:31	31.58	--	0	0	中性盘
14:15:26	31.58	--	0	0	卖盘
14:15:15	31.58	--	3	10263	买盘
14:15:11	31.58	--	5	15790	买盘
14:15:06	31.58	--	2	6316	买盘
14:14:11	31.58	0.04	7	22106	买盘
14:14:06	31.54	-0.04	12	37848	卖盘
14:13:56	31.58	--	0	0	买盘
14:13:51	31.58	--	3	9474	买盘
14:13:35	31.58	0.03	28	88424	买盘
14:13:24	31.55	-0.04	7	24356	卖盘
14:13:20	31.59	--	1	3159	买盘
14:12:50	31.59	0.04	1	3159	买盘
14:12:35	31.55	--	10	31550	卖盘
14:12:30	31.55	--	3	10348	买盘
14:12:24	31.55	--	2	6310	买盘
14:12:00	31.55	--	15	47325	买盘
14:11:50	31.55	--	14	44170	买盘
14:11:35	31.55	-0.01	205	646775	卖盘
14:10:35	31.56	0.01	4	12624	买盘
14:10:15	31.55	--	1	3155	卖盘
14:10:00	31.55	--	1	3155	买盘
14:09:54	31.55	--	6	18930	买盘
14:09:35	31.55	--	15	47325	卖盘
14:09:05	31.55	--	5	15775	买盘
14:08:35	31.55	0.01	7	22085	买盘
14:08:30	31.54	--	0	0	卖盘
14:08:20	31.54	-0.01	1	3154	卖盘
14:07:45	31.55	-0.01	1	3155	卖盘
14:07:39	31.56	0.01	5	15780	买盘
14:07:35	31.55	-0.01	1	3155	卖盘
14:07:24	31.56	--	1	3156	卖盘
14:07:09	31.56	0.02	1	3156	卖盘
14:06:35	31.54	--	0	0	卖盘
14:06:30	31.54	--	3	9462	买盘
14:06:24	31.54	-0.06	9	28386	卖盘
14:06:09	31.6	--	0	0	买盘
14:05:39	31.6	--	0	0	买盘
14:04:54	31.6	0.07	24	75840	买盘
14:04:44	31.53	--	5	15765	卖盘
14:04:39	31.53	--	5	15765	卖盘
14:04:29	31.53	--	1	3153	卖盘
14:04:24	31.53	--	3	9459	卖盘
14:04:18	31.53	--	15	47295	买盘
14:03:59	31.53	--	2	6306	买盘
14:03:48	31.53	--	1	3153	买盘
14:03:39	31.53	0.01	2	6306	卖盘
14:03:09	31.52	--	0	0	卖盘
14:03:03	31.52	--	0	0	卖盘
14:02:59	31.52	--	64	201728	卖盘
14:02:44	31.52	-0.01	11	34672	卖盘
14:02:39	31.53	0.01	4	12612	买盘
14:02:14	31.52	--	9	28368	买盘
14:02:09	31.52	--	8	25216	买盘
14:01:54	31.52	-0.01	14	44128	卖盘
14:01:48	31.53	--	1	3153	买盘
14:01:44	31.53	0.01	47	148191	买盘
14:01:39	31.52	-0.01	19	59888	卖盘
14:01:33	31.53	--	3	9459	买盘
14:01:29	31.53	--	30	94590	买盘
14:01:24	31.53	--	1	3153	买盘
14:01:18	31.53	--	25	78825	买盘
14:01:09	31.53	--	11	34683	买盘
14:01:03	31.53	--	4	12612	买盘
14:00:54	31.53	-0.08	22	69366	卖盘
14:00:48	31.61	0.03	1	3161	买盘
14:00:24	31.58	-0.02	13	41054	卖盘
14:00:09	31.6	--	0	0	中性盘
13:59:53	31.6	--	0	0	买盘
13:59:48	31.6	-0.02	60	189600	卖盘
13:59:33	31.62	0.01	38	120156	买盘
13:59:24	31.61	-0.01	3	9483	卖盘
13:59:18	31.62	--	5	15810	买盘
13:59:08	31.62	-0.01	13	41106	卖盘
13:58:53	31.63	--	37	117031	卖盘
13:58:38	31.63	--	6	18978	卖盘
13:58:33	31.63	-0.01	44	139172	卖盘
13:58:23	31.64	--	10	31640	买盘
13:57:48	31.64	--	1	3164	买盘
13:57:33	31.64	-0.02	22	69608	卖盘
13:57:08	31.66	--	10	31660	买盘
13:56:53	31.66	--	2	6332	买盘
13:56:42	31.66	--	5	15830	买盘
13:56:12	31.66	-0.01	15	47490	卖盘
13:56:08	31.67	--	1	3167	买盘
13:56:03	31.67	-0.01	6	19002	卖盘
13:55:48	31.68	0.01	5	15840	卖盘
13:55:18	31.67	--	0	0	卖盘
13:55:08	31.67	-0.03	11	34837	卖盘
13:55:03	31.7	--	3	9510	买盘
13:54:57	31.7	--	1	3170	买盘
13:54:33	31.7	0.02	5	15850	买盘
13:54:27	31.68	-0.02	9	28512	卖盘
13:54:03	31.7	--	3	9510	买盘
13:53:57	31.7	--	1	3170	买盘
13:53:48	31.7	--	5	15850	买盘
13:53:42	31.7	--	38	120460	卖盘
13:53:27	31.7	-0.05	6	19020	卖盘
13:53:23	31.75	--	0	0	买盘
13:52:32	31.75	0.03	10	31750	买盘
13:52:27	31.72	-0.03	1	3172	卖盘
13:52:02	31.75	--	37	117475	卖盘
13:51:57	31.75	--	2	6350	卖盘
13:51:47	31.75	0.05	11	34925	买盘
13:51:36	31.7	--	20	63400	卖盘
13:51:27	31.7	--	3	9510	卖盘
13:51:21	31.7	--	20	63400	卖盘
13:51:06	31.7	--	29	91930	买盘
13:50:57	31.7	0.02	2	6340	买盘
13:49:17	31.68	-0.02	18	57024	卖盘
13:49:02	31.7	--	25	79250	买盘
13:48:47	31.7	--	19	60230	买盘
13:48:42	31.7	--	2	6340	买盘
13:48:17	31.7	0.02	1	3170	买盘
13:47:51	31.68	--	2	6336	卖盘
13:47:42	31.68	-0.02	21	66528	卖盘
13:47:21	31.7	--	1	3170	买盘
13:47:17	31.7	--	4	12680	买盘
13:47:12	31.7	--	30	95100	买盘
13:47:06	31.7	--	2	6340	买盘
13:47:02	31.7	--	1	3170	买盘
13:46:51	31.7	--	6	19020	买盘
13:46:47	31.7	--	1	3170	买盘
13:46:42	31.7	--	2	6340	买盘
13:46:36	31.7	-0.05	40	126800	卖盘
13:46:27	31.75	--	6	19050	买盘
13:46:21	31.75	--	1	3175	买盘
13:45:56	31.75	--	1	3175	买盘
13:45:51	31.75	--	0	0	买盘
13:45:36	31.75	--	33	104775	卖盘
13:45:30	31.75	-0.01	3	9525	卖盘
13:45:26	31.76	0.01	2	6352	买盘
13:45:11	31.75	0.03	118	374650	买盘
13:45:06	31.72	--	1	3172	买盘
13:44:51	31.72	0.04	1	3172	买盘
13:44:41	31.68	--	0	0	中性盘
13:44:36	31.68	--	13	41184	买盘
13:44:15	31.68	-0.04	16	50688	卖盘
13:44:11	31.72	0.02	32	101504	买盘
13:43:36	31.7	--	1	3170	买盘
13:43:30	31.7	--	1	3170	买盘
13:43:21	31.7	0.03	2	6340	买盘
13:43:11	31.67	-0.01	52	164684	卖盘
13:42:41	31.68	--	1	3168	卖盘
13:40:41	31.68	--	2	6336	卖盘
13:40:36	31.68	-0.02	10	31680	卖盘
13:40:30	31.7	--	2	6340	买盘
13:40:06	31.7	--	0	0	买盘
13:39:51	31.7	--	0	0	中性盘
13:39:35	31.7	--	1	3170	卖盘
13:39:30	31.7	0.03	69	218730	买盘
13:38:09	31.67	--	6	19002	买盘
13:38:05	31.67	--	10	31670	买盘
13:37:20	31.67	--	9	28503	买盘
13:37:00	31.67	--	9	28503	卖盘
13:36:45	31.67	-0.01	5	15835	卖盘
13:36:35	31.68	--	3	9504	买盘
13:36:24	31.68	--	5	15840	买盘
13:36:20	31.68	--	11	34848	卖盘
13:36:00	31.68	--	0	0	中性盘
13:35:54	31.68	--	0	0	卖盘
13:35:50	31.68	0.01	12	38016	买盘
13:35:39	31.67	--	6	19002	卖盘
13:35:30	31.67	--	32	101344	买盘
13:35:24	31.67	0.01	24	76008	买盘
13:35:15	31.66	-0.02	7	22162	卖盘
13:35:09	31.68	--	0	0	买盘
13:35:00	31.68	-0.01	5	15840	买盘
13:34:30	31.69	--	0	0	买盘
13:34:24	31.69	0.01	1	3169	买盘
13:34:20	31.68	-0.02	1	3168	卖盘
13:34:05	31.7	--	0	0	买盘
13:33:54	31.7	--	1	3170	买盘
13:33:50	31.7	0.01	2	6340	买盘
13:33:45	31.69	-0.01	3	9507	中性盘
13:33:39	31.7	0.01	13	41210	买盘
13:33:30	31.69	-0.01	56	177464	卖盘
13:33:14	31.7	-0.02	2	6340	卖盘
13:33:09	31.72	--	2	6344	买盘
13:33:04	31.72	0.01	17	53924	买盘
13:33:00	31.71	0.01	8	25368	买盘
13:32:09	31.7	-0.01	1	3170	卖盘
13:31:59	31.71	0.01	31	98301	中性盘
13:31:39	31.7	--	11	34870	卖盘
13:31:29	31.7	--	2	6340	卖盘
13:31:24	31.7	-0.01	1	3170	卖盘
13:31:03	31.71	--	9	28539	买盘
13:30:59	31.71	-0.01	12	38052	卖盘
13:30:54	31.72	--	6	19032	买盘
13:30:48	31.72	--	1	3172	买盘
13:30:33	31.72	0.01	2	6344	买盘
13:30:24	31.71	--	20	63420	卖盘
13:30:09	31.71	-0.01	30	95130	卖盘
13:29:59	31.72	--	4	12688	买盘
13:29:54	31.72	0.01	4	12688	买盘
13:29:33	31.71	--	2	6342	卖盘
13:29:24	31.71	-0.01	5	15855	卖盘
13:29:18	31.72	--	8	25376	买盘
13:29:09	31.72	-0.01	29	91988	卖盘
13:28:54	31.73	--	10	31730	买盘
13:28:44	31.73	--	10	31730	买盘
13:28:24	31.73	0.01	7	22211	买盘
13:28:18	31.72	--	7	22204	卖盘
13:28:14	31.72	--	13	41236	买盘
13:28:03	31.72	--	33	104676	买盘
13:27:59	31.72	--	0	0	买盘
13:27:54	31.72	0.01	32	101504	买盘
13:27:39	31.71	--	20	63420	买盘
13:27:29	31.71	--	27	85617	买盘
13:27:24	31.71	0.01	7	22197	买盘
13:27:18	31.7	--	20	63400	卖盘
13:26:48	31.7	--	30	95100	买盘
13:26:39	31.7	--	2	6340	买盘
13:26:33	31.7	0.01	2	6340	买盘
13:26:13	31.69	--	15	47535	买盘
13:26:09	31.69	0.01	29	91901	买盘
13:25:53	31.68	--	2	6336	买盘
13:25:18	31.68	0.02	3	9504	买盘
13:24:38	31.66	--	0	0	卖盘
13:23:27	31.66	-0.03	1	3166	卖盘
13:23:23	31.69	0.03	24	76056	买盘
13:22:12	31.66	0.01	2	6332	买盘
13:22:03	31.65	-0.01	6	18990	卖盘
13:21:38	31.66	0.01	4	12664	买盘
13:21:18	31.65	-0.01	10	31650	卖盘
13:21:12	31.66	--	12	37992	买盘
13:21:08	31.66	--	2	6332	买盘
13:20:42	31.66	0.01	2	6332	买盘
13:20:33	31.65	-0.01	1	3165	卖盘
13:20:27	31.66	--	1	3166	买盘
13:20:18	31.66	0.01	1	3166	买盘
13:20:12	31.65	--	4	12660	卖盘
13:20:08	31.65	-0.01	8	25320	卖盘
13:19:42	31.66	--	5	15830	买盘
13:19:17	31.66	0.01	11	34826	买盘
13:19:12	31.65	--	11	34815	买盘
13:19:03	31.65	0.01	3	9495	买盘
13:18:57	31.64	0.01	2	6328	买盘
13:18:51	31.63	--	49	154987	卖盘
13:18:32	31.63	-0.01	2	6326	卖盘
13:18:27	31.64	--	4	12656	买盘
13:18:17	31.64	--	6	18984	买盘
13:17:57	31.64	--	4	12656	买盘
13:17:42	31.64	--	3	9492	买盘
13:17:36	31.64	--	4	12656	买盘
13:17:32	31.64	--	6	18984	买盘
13:17:17	31.64	-0.01	3	9492	卖盘
13:17:12	31.65	--	1	3165	买盘
13:17:06	31.65	0.01	1	3165	买盘
13:17:02	31.64	0.01	9	28476	买盘
13:16:57	31.63	-0.01	24	75912	卖盘
13:16:36	31.64	--	0	0	买盘
13:16:32	31.64	--	3	9492	买盘
13:16:06	31.64	-0.02	3	9492	买盘
13:15:57	31.66	--	0	0	买盘
13:15:51	31.66	--	7	22162	买盘
13:15:47	31.66	--	3	9498	买盘
13:15:32	31.66	0.06	30	94980	买盘
13:15:02	31.6	--	4	12640	卖盘
13:14:57	31.6	--	46	145360	买盘
13:14:51	31.6	--	0	0	买盘
13:14:47	31.6	0.07	1	3160	买盘
13:14:42	31.53	-0.07	4	12612	卖盘
13:14:32	31.6	0.07	6	18960	买盘
13:14:17	31.53	-0.07	16	50448	卖盘
13:13:57	31.6	0.02	7	22120	买盘
13:13:47	31.58	--	0	0	卖盘
13:13:42	31.58	-0.01	20	63160	买盘
13:13:27	31.59	--	0	0	买盘
13:13:21	31.59	--	17	53703	卖盘
13:13:16	31.59	0.09	4	12636	买盘
13:12:41	31.5	--	0	0	卖盘
13:12:21	31.5	-0.09	10	31500	卖盘
13:12:15	31.59	0.09	1	3159	买盘
13:12:11	31.5	--	31	97650	买盘
13:12:06	31.5	--	10	31500	买盘
13:12:00	31.5	--	26	81900	买盘
13:11:51	31.5	--	1	3150	买盘
13:11:36	31.5	--	1	3150	买盘
13:11:30	31.5	0.01	1	3150	买盘
13:11:26	31.49	-0.01	4	12596	卖盘
13:11:21	31.5	--	111	349650	买盘
13:11:11	31.5	--	6	18900	卖盘
13:11:00	31.5	--	4	12600	买盘
13:10:56	31.5	--	4	12600	买盘
13:10:36	31.5	-0.02	46	144900	卖盘
13:10:26	31.52	--	0	0	卖盘
13:10:21	31.52	--	5	15760	卖盘
13:10:11	31.52	-0.03	1	3152	卖盘
13:09:51	31.55	-0.01	11	34705	卖盘
13:09:36	31.56	--	0	0	卖盘
13:09:30	31.56	-0.03	1	3156	卖盘
13:09:21	31.59	--	1	3159	卖盘
13:09:06	31.59	--	1	3159	卖盘
13:08:56	31.59	--	7	22113	卖盘
13:08:15	31.59	--	9	28431	买盘
13:07:51	31.59	--	3	9477	卖盘
13:07:30	31.59	-0.01	7	22113	卖盘
13:07:00	31.6	0.04	1	3160	买盘
13:06:50	31.56	--	0	0	卖盘
13:06:45	31.56	--	83	261948	卖盘
13:06:21	31.56	0.06	15	47340	买盘
13:05:50	31.5	--	0	0	卖盘
13:05:30	31.5	--	0	0	中性盘
13:05:24	31.5	--	0	0	买盘
13:05:20	31.5	--	4	12600	买盘
13:04:50	31.5	--	3	9450	买盘
13:04:45	31.5	--	50	157500	买盘
13:04:39	31.5	--	50	157500	买盘
13:04:20	31.5	--	5	15750	买盘
13:04:05	31.5	--	12	37800	买盘
13:04:00	31.5	--	1	3150	买盘
13:03:54	31.5	--	10	31500	买盘
13:03:20	31.5	--	2	6300	卖盘
13:02:45	31.5	--	0	0	卖盘
13:02:35	31.5	-0.05	3	9450	卖盘
13:02:20	31.55	--	0	0	买盘
13:02:15	31.55	--	0	0	中性盘
13:02:00	31.55	-0.01	2	6310	卖盘
13:01:15	31.56	0.01	2	6312	买盘
13:01:00	31.55	--	3	9465	买盘
13:00:49	31.55	-0.01	3	9465	卖盘
13:00:24	31.56	0.01	1	3156	买盘
13:00:09	31.55	--	48	151440	买盘
13:00:05	31.55	--	2	6310	买盘
11:30:00	31.55	--	0	0	买盘
11:30:00	31.55	--	0	0	买盘
11:28:56	31.55	0.08	100	315500	买盘
11:28:51	31.47	-0.01	2	6294	卖盘
11:28:41	31.48	-0.06	7	22036	卖盘
11:28:26	31.54	-0.01	7	22078	卖盘
11:28:11	31.55	--	31	97805	买盘
11:27:41	31.55	--	0	0	买盘
11:27:30	31.55	0.05	5	15775	买盘
11:27:21	31.5	0.02	6	18900	卖盘
11:27:11	31.48	--	0	0	卖盘
11:27:06	31.48	--	0	0	卖盘
11:27:00	31.48	--	3	9444	卖盘
11:26:51	31.48	0.07	5	15740	买盘
11:26:11	31.41	-0.04	6	18846	卖盘
11:26:06	31.45	0.05	6	18870	买盘
11:24:30	31.4	--	0	0	卖盘
11:24:15	31.4	-0.05	1	3140	中性盘
11:24:05	31.45	0.01	21	66045	买盘
11:23:56	31.44	--	6	18864	卖盘
11:23:50	31.44	-0.01	1	3144	卖盘
11:23:40	31.45	-0.03	21	66045	卖盘
11:23:35	31.48	--	1	3148	买盘
11:23:30	31.48	--	2	6296	买盘
11:23:15	31.48	-0.07	1	3148	卖盘
11:23:05	31.55	0.07	11	34705	买盘
11:22:54	31.48	-0.06	44	138512	卖盘
11:22:45	31.54	0.06	21	66234	买盘
11:22:15	31.48	-0.02	32	100736	卖盘
11:22:05	31.5	-0.04	49	154350	卖盘
11:21:20	31.54	-0.01	1	3154	卖盘
11:21:15	31.55	--	5	15775	买盘
11:21:05	31.55	--	14	44170	卖盘
11:20:45	31.55	--	4	12620	卖盘
11:20:30	31.55	0.01	9	28395	买盘
11:20:20	31.54	--	3	9462	买盘
11:20:09	31.54	--	1	3154	卖盘
11:20:05	31.54	0.06	9	28386	买盘
11:19:54	31.48	-0.06	4	12592	卖盘
11:19:50	31.54	0.06	1	3154	买盘
11:19:34	31.48	--	8	25184	卖盘
11:19:30	31.48	0.01	50	157400	买盘
11:19:20	31.47	0.02	2	6294	买盘
11:19:15	31.45	--	1	3145	卖盘
11:19:05	31.45	--	0	0	中性盘
11:19:00	31.45	0.07	2	6290	买盘
11:18:45	31.38	-0.05	8	25104	中性盘
11:18:39	31.43	0.01	1	3143	买盘
11:18:30	31.42	--	0	0	卖盘
11:18:24	31.42	--	13	40846	买盘
11:18:19	31.42	0.05	120	377040	买盘
11:18:14	31.37	-0.01	2	6274	买盘
11:18:09	31.38	--	0	0	买盘
11:18:04	31.38	-0.02	7	21966	卖盘
11:17:54	31.4	0.02	4	12560	买盘
11:17:49	31.38	--	4	12552	买盘
11:17:34	31.38	--	10	31380	买盘
11:17:29	31.38	--	0	0	买盘
11:17:24	31.38	--	5	15690	买盘
11:17:09	31.38	-0.02	2	6276	卖盘
11:16:59	31.4	0.01	120	376800	买盘
11:16:54	31.39	--	0	0	买盘
11:16:44	31.39	--	0	0	买盘
11:16:29	31.39	--	0	0	买盘
11:16:24	31.39	--	0	0	中性盘
11:16:18	31.39	--	22	69058	卖盘
11:16:09	31.39	0.12	93	291927	买盘
11:15:54	31.27	-0.01	8	25016	卖盘
11:15:48	31.28	--	10	31280	买盘
11:15:44	31.28	--	9	28152	买盘
11:15:39	31.28	--	52	162656	买盘
11:15:33	31.28	-0.02	190	594320	卖盘
11:15:29	31.3	--	0	0	卖盘
11:15:24	31.3	--	0	0	卖盘
11:15:14	31.3	--	0	0	卖盘
11:15:09	31.3	0.01	18	56340	买盘
11:15:03	31.29	-0.01	42	131418	卖盘
11:14:59	31.3	--	10	31300	买盘
11:14:54	31.3	--	24	75120	买盘
11:14:44	31.3	--	17	53210	买盘
11:14:39	31.3	0.01	2	6260	买盘
11:14:33	31.29	0.03	9	28161	卖盘
11:14:29	31.26	--	0	0	卖盘
11:14:24	31.26	--	0	0	卖盘
11:14:18	31.26	--	0	0	卖盘
11:14:14	31.26	--	3	9378	买盘
11:14:09	31.26	--	17	53142	买盘
11:14:03	31.26	--	30	93780	买盘
11:13:59	31.26	0.01	25	78150	买盘
11:13:54	31.25	--	19	59375	买盘
11:13:44	31.25	-0.01	16	50000	卖盘
11:13:39	31.26	--	9	28134	买盘
11:13:33	31.26	--	13	40638	买盘
11:13:29	31.26	--	2	6252	买盘
11:13:24	31.26	--	4	12504	买盘
11:13:18	31.26	--	15	46890	买盘
11:13:14	31.26	--	6	18756	卖盘
11:13:09	31.26	-0.04	5	15630	卖盘
11:13:03	31.3	--	17	53210	买盘
11:12:59	31.3	0.04	11	34430	买盘
11:12:54	31.26	-0.01	5	15630	卖盘
11:12:44	31.27	-0.03	4	12508	中性盘
11:12:39	31.3	--	4	12520	买盘
11:12:13	31.3	--	17	53210	买盘
11:12:09	31.3	--	16	50080	买盘
11:11:58	31.3	-0.08	172	538360	卖盘
11:11:48	31.38	--	11	34518	卖盘
11:11:43	31.38	--	3	9414	买盘
11:11:39	31.38	--	6	18828	买盘
11:11:28	31.38	--	0	0	买盘
11:11:23	31.38	--	11	34518	买盘
11:11:09	31.38	--	22	69036	卖盘
11:11:03	31.38	-0.01	40	125520	卖盘
11:10:58	31.39	0.02	1	3139	卖盘
11:10:53	31.37	-0.01	9	28233	卖盘
11:10:48	31.38	--	10	31380	买盘
11:10:33	31.38	-0.03	3	9414	卖盘
11:10:28	31.41	0.03	222	697302	买盘
11:10:23	31.38	--	22	69036	卖盘
11:10:13	31.38	-0.02	10	31380	卖盘
11:10:08	31.4	0.02	3	9420	中性盘
11:09:57	31.38	-0.02	6	18828	卖盘
11:09:48	31.4	0.02	10	31400	买盘
11:09:42	31.38	--	2	6276	卖盘
11:09:33	31.38	-0.02	28	87864	卖盘
11:09:18	31.4	-0.01	23	72220	卖盘
11:09:03	31.41	-0.02	17	53397	卖盘
11:08:53	31.43	-0.01	31	97433	买盘
11:08:48	31.44	--	0	0	买盘
11:08:38	31.44	--	0	0	买盘
11:08:23	31.44	-0.02	27	84888	卖盘
11:08:18	31.46	--	0	0	卖盘
11:08:08	31.46	-0.02	15	47190	卖盘
11:08:03	31.48	--	0	0	中性盘
11:07:53	31.48	-0.01	33	103884	卖盘
11:07:48	31.49	--	3	9447	买盘
11:07:42	31.49	--	6	18894	卖盘
11:07:38	31.49	--	0	0	卖盘
11:07:27	31.49	-0.01	7	22043	卖盘
11:07:23	31.5	--	1	3150	买盘
11:07:18	31.5	--	31	97650	买盘
11:07:12	31.5	--	28	88200	卖盘
11:07:08	31.5	-0.05	28	88200	卖盘
11:06:57	31.55	--	0	0	买盘
11:06:53	31.55	0.04	1	3155	买盘
11:06:22	31.51	-0.02	10	31510	卖盘
11:06:18	31.53	-0.02	1	3153	卖盘
11:05:52	31.55	-0.01	5	15775	卖盘
11:05:37	31.56	0.01	1	3156	买盘
11:05:22	31.55	-0.01	1	3155	卖盘
11:05:03	31.56	--	1	3156	买盘
11:04:57	31.56	0.01	1	3156	买盘
11:04:32	31.55	0.03	2	6310	买盘
11:04:17	31.52	--	1	3152	买盘
11:04:12	31.52	-0.03	89	280528	卖盘
11:04:07	31.55	0.03	3	9465	买盘
11:03:57	31.52	--	10	31520	买盘
11:03:32	31.52	0.02	5	15760	卖盘
11:03:12	31.5	-0.02	8	25200	卖盘
11:03:06	31.52	0.02	1	3152	买盘
11:03:02	31.5	--	30	94500	卖盘
11:02:57	31.5	--	2	6300	买盘
11:02:51	31.5	--	8	25200	买盘
11:02:47	31.5	0.01	2	6300	买盘
11:02:42	31.49	-0.01	9	28341	卖盘
11:02:32	31.5	0.01	20	63000	买盘
11:02:27	31.49	0.01	19	59831	中性盘
11:02:17	31.48	-0.01	4	12592	卖盘
11:02:12	31.49	--	0	0	中性盘
11:02:06	31.49	0.01	1	3149	买盘
11:02:02	31.48	-0.02	20	62960	卖盘
11:01:57	31.5	0.02	100	315000	买盘
11:01:32	31.48	-0.02	7	22036	卖盘
11:01:27	31.5	--	5	15750	买盘
11:01:17	31.5	--	138	434700	买盘
11:01:12	31.5	--	10	31500	买盘
11:01:02	31.5	--	17	53550	卖盘
11:00:57	31.5	-0.03	12	37800	卖盘
11:00:47	31.53	--	0	0	买盘
11:00:36	31.53	0.03	2	6306	买盘
11:00:32	31.5	--	4	12600	卖盘
11:00:27	31.5	--	2	6300	卖盘
11:00:21	31.5	0.02	56	176400	买盘
11:00:17	31.48	-0.02	3	9444	卖盘
11:00:12	31.5	--	5	15750	买盘
11:00:02	31.5	--	22	69300	买盘
10:59:57	31.5	--	3	9450	卖盘
10:59:51	31.5	-0.01	15	47250	卖盘
10:59:47	31.51	0.01	100	315100	买盘
10:59:42	31.5	--	20	63000	卖盘
10:59:36	31.5	-0.01	55	173250	卖盘
10:59:32	31.51	0.01	2	6302	买盘
10:59:21	31.5	-0.01	4	12600	卖盘
10:59:17	31.51	--	1	3151	买盘
10:59:12	31.51	--	10	31510	买盘
10:59:06	31.51	-0.01	52	163852	卖盘
10:59:02	31.52	-0.01	23	72496	卖盘
10:58:57	31.53	0.01	5	15765	买盘
10:58:51	31.52	-0.01	2	6304	卖盘
10:58:46	31.53	0.01	11	34683	买盘
10:58:31	31.52	-0.02	30	94560	卖盘
10:58:27	31.54	0.01	3	9462	买盘
10:58:06	31.53	-0.01	17	53601	卖盘
10:57:51	31.54	0.01	4	12616	中性盘
10:57:46	31.53	-0.01	7	22071	卖盘
10:57:41	31.54	-0.01	12	37848	中性盘
10:57:36	31.55	--	3	9465	卖盘
10:57:26	31.55	--	25	78875	卖盘
10:57:21	31.55	--	11	34705	卖盘
10:57:16	31.55	--	35	110425	买盘
10:57:11	31.55	--	9	28395	卖盘
10:57:06	31.55	-0.01	10	31550	卖盘
10:56:56	31.56	--	3	9468	卖盘
10:56:51	31.56	-0.02	7	22092	卖盘
10:56:36	31.58	--	25	81034	卖盘
10:56:29	31.58	--	40	126320	卖盘
10:56:26	31.58	-0.01	5	15790	卖盘
10:56:11	31.59	-0.01	1	3159	卖盘
10:55:56	31.6	--	39	123240	卖盘
10:55:41	31.6	-0.01	7	22120	卖盘
10:55:36	31.61	--	1	3161	卖盘
10:55:30	31.61	--	4	12644	买盘
10:55:26	31.61	-0.01	16	50576	卖盘
10:55:21	31.62	0.01	7	22134	买盘
10:55:06	31.61	0.01	27	85347	中性盘
10:55:00	31.6	--	12	37920	卖盘
10:54:56	31.6	-0.01	21	66360	卖盘
10:54:51	31.61	--	0	0	中性盘
10:54:44	31.61	--	1	3161	买盘
10:54:36	31.61	0.01	7	22127	卖盘
10:54:26	31.6	--	0	0	卖盘
10:54:21	31.6	-0.07	77	243320	卖盘
10:54:15	31.67	--	0	0	买盘
10:53:56	31.67	0.06	3	9501	中性盘
10:53:51	31.61	-0.09	5	15805	卖盘
10:53:36	31.7	--	0	0	买盘
10:53:30	31.7	0.09	1	3170	买盘
10:53:21	31.61	-0.07	200	632200	卖盘
10:52:56	31.68	--	0	0	卖盘
10:52:51	31.68	--	8	25344	买盘
10:52:40	31.68	0.01	4	12672	买盘
10:52:36	31.67	-0.01	1	3167	卖盘
10:52:15	31.68	--	0	0	中性盘
10:52:06	31.68	-0.02	8	25344	买盘
10:51:50	31.7	--	0	0	买盘
10:51:40	31.7	--	0	0	买盘
10:51:35	31.7	0.03	1	3170	买盘
10:51:15	31.67	--	0	0	卖盘
10:50:50	31.67	--	1	3167	卖盘
10:50:45	31.67	--	10	31670	卖盘
10:50:40	31.67	--	25	79175	卖盘
10:50:30	31.67	--	8	25336	卖盘
10:50:15	31.67	-0.01	11	34837	卖盘
10:50:05	31.68	--	0	0	中性盘
10:50:00	31.68	-0.01	18	57024	卖盘
10:49:44	31.69	-0.01	1	3169	卖盘
10:49:39	31.7	--	1	3170	买盘
10:49:20	31.7	--	5	15850	买盘
10:48:35	31.7	0.02	6	19020	买盘
10:48:30	31.68	--	4	12672	卖盘
10:48:15	31.68	--	6	19008	卖盘
10:48:09	31.68	--	6	19008	买盘
10:47:53	31.68	--	3	9504	买盘
10:47:50	31.68	-0.02	15	47520	卖盘
10:47:45	31.7	0.02	1	3170	买盘
10:47:35	31.68	--	0	0	卖盘
10:47:30	31.68	-0.02	10	31680	卖盘
10:47:05	31.7	--	1	3170	卖盘
10:46:59	31.7	0.02	4	12680	买盘
10:46:49	31.68	-0.02	3	9504	卖盘
10:46:35	31.7	--	5	15850	买盘
10:46:30	31.7	--	2	6340	买盘
10:45:49	31.7	0.02	1	3170	买盘
10:45:34	31.68	0.01	2	6336	买盘
10:45:30	31.67	--	4	12668	卖盘
10:44:59	31.67	-0.01	4	12668	卖盘
10:44:23	31.68	--	0	0	中性盘
10:44:19	31.68	-0.02	5	15840	卖盘
10:43:54	31.7	0.02	1	3170	买盘
10:43:44	31.68	--	5	15840	卖盘
10:43:39	31.68	0.01	4	12672	卖盘
10:43:34	31.67	--	0	0	卖盘
10:43:18	31.67	--	10	31670	卖盘
10:42:47	31.67	--	0	0	卖盘
10:42:14	31.67	-0.03	8	25336	卖盘
10:41:59	31.7	--	1	3170	买盘
10:41:44	31.7	--	3	9510	买盘
10:41:38	31.7	0.03	59	187030	买盘
10:41:29	31.67	-0.01	8	25336	卖盘
10:41:23	31.68	-0.02	9	28512	卖盘
10:41:08	31.7	0.02	1	3170	中性盘
10:40:53	31.68	--	0	0	中性盘
10:40:44	31.68	0.01	12	38016	买盘
10:40:23	31.67	0.02	8	25336	买盘
10:40:14	31.65	--	6	18990	卖盘
10:40:08	31.65	-0.01	3	9495	卖盘
10:39:58	31.66	0.01	13	41158	买盘
10:39:53	31.65	--	6	18990	买盘
10:39:38	31.65	--	27	85455	买盘
10:39:13	31.65	--	7	22155	买盘
10:39:08	31.65	--	4	12660	买盘
10:38:53	31.65	--	4	12660	卖盘
10:38:43	31.65	--	3	9495	卖盘
10:38:38	31.65	0.01	4	12660	卖盘
10:38:28	31.64	--	0	0	卖盘
10:38:23	31.64	-0.04	3	9492	卖盘
10:38:13	31.68	--	0	0	买盘
10:38:08	31.68	0.03	1	3168	买盘
10:37:58	31.65	0.02	1	3165	买盘
10:37:47	31.63	--	0	0	卖盘
10:37:38	31.63	--	2	7401	卖盘
10:37:32	31.63	0.01	3	9489	中性盘
10:37:23	31.62	-0.01	49	154938	卖盘
10:36:58	31.63	-0.02	1	3163	卖盘
10:36:53	31.65	--	0	0	买盘
10:36:32	31.65	--	28	88620	买盘
10:36:26	31.65	-0.01	36	113940	卖盘
10:36:23	31.66	--	10	31660	买盘
10:36:17	31.66	--	1	3166	买盘
10:36:08	31.66	-0.02	9	28494	卖盘
10:35:41	31.68	-0.02	18	57024	卖盘
10:35:32	31.7	--	2	6340	买盘
10:35:26	31.7	0.02	2	6340	买盘
10:35:23	31.68	--	0	0	卖盘
10:35:17	31.68	-0.02	5	15840	卖盘
10:35:11	31.7	0.02	10	31700	买盘
10:35:02	31.68	-0.02	1	3168	卖盘
10:34:37	31.7	-0.09	6	19020	卖盘
10:34:22	31.79	-0.01	1	3179	买盘
10:34:17	31.8	--	0	0	买盘
10:34:08	31.8	--	0	0	买盘
10:33:53	31.8	--	1	3180	卖盘
10:33:37	31.8	0.12	67	213060	买盘
10:33:17	31.68	-0.03	1	3168	卖盘
10:33:11	31.71	--	0	0	买盘
10:32:52	31.71	--	0	0	买盘
10:32:47	31.71	0.06	72	228312	买盘
10:32:37	31.65	--	5	15825	卖盘
10:32:22	31.65	0.02	6	18990	买盘
10:32:11	31.63	-0.05	2	6326	卖盘
10:32:07	31.68	--	0	0	买盘
10:32:02	31.68	0.08	8	25344	买盘
10:31:47	31.6	--	0	0	卖盘
10:31:41	31.6	--	0	0	卖盘
10:31:37	31.6	-0.08	72	227520	卖盘
10:31:26	31.68	--	40	126720	卖盘
10:31:22	31.68	--	14	44352	卖盘
10:31:17	31.68	0.02	3	9504	买盘
10:31:07	31.66	--	0	0	中性盘
10:31:02	31.66	-0.02	10	31660	中性盘
10:30:56	31.68	0.11	31	98208	买盘
10:30:52	31.57	--	3	9471	卖盘
10:30:47	31.57	0.02	5	15785	卖盘
10:30:41	31.55	--	0	0	卖盘
10:30:32	31.55	0.01	26	82030	中性盘
10:30:26	31.54	-0.16	5	15770	中性盘
10:30:17	31.7	--	0	0	买盘
10:30:11	31.7	-0.01	1	3170	中性盘
10:30:05	31.71	0.21	5	15855	买盘
10:30:02	31.5	-0.2	252	793800	卖盘
10:29:56	31.7	-0.01	6	19020	卖盘
10:29:50	31.71	--	16	50736	买盘
10:29:47	31.71	--	33	104643	买盘
10:29:35	31.71	-0.01	11	34881	卖盘
10:29:32	31.72	0.01	22	69784	买盘
10:29:26	31.71	-0.01	3	9513	卖盘
10:29:17	31.72	--	18	57096	卖盘
10:29:05	31.72	--	29	91988	卖盘
10:29:02	31.72	--	0	0	卖盘
10:28:56	31.72	-0.02	7	22204	卖盘
10:28:46	31.74	--	0	0	卖盘
10:28:41	31.74	-0.01	12	38088	卖盘
10:28:35	31.75	--	1	3175	买盘
10:28:32	31.75	-0.04	1	3175	卖盘
10:28:17	31.79	-0.01	57	181203	中性盘
10:28:11	31.8	--	18	57240	卖盘
10:28:01	31.8	--	0	0	卖盘
10:27:47	31.8	-0.05	38	120840	卖盘
10:27:41	31.85	--	105	334425	卖盘
10:27:35	31.85	--	80	254800	卖盘
10:27:31	31.85	--	288	917280	卖盘
10:27:17	31.85	--	1	3185	卖盘
10:27:11	31.85	--	8	25480	卖盘
10:27:05	31.85	--	17	54145	卖盘
10:26:56	31.85	-0.01	30	95550	卖盘
10:26:41	31.86	0.01	1	3186	买盘
10:26:35	31.85	--	10	31850	卖盘
10:26:31	31.85	--	1	3185	卖盘
10:26:17	31.85	--	20	63700	卖盘
10:26:01	31.85	-0.01	80	254800	卖盘
10:25:26	31.86	--	5	15930	买盘
10:25:16	31.86	--	7	22302	买盘
10:25:05	31.86	-0.02	9	28674	卖盘
10:24:46	31.88	0.02	1	3188	买盘
10:24:41	31.86	-0.02	18	57348	卖盘
10:24:26	31.88	0.02	20	63760	买盘
10:24:20	31.86	--	0	0	卖盘
10:24:05	31.86	--	54	172044	卖盘
10:23:50	31.86	--	6	19116	卖盘
10:23:44	31.86	--	1	3186	卖盘
10:23:41	31.86	--	13	41418	卖盘
10:23:20	31.86	--	2	6372	卖盘
10:22:59	31.86	-0.02	7	22302	卖盘
10:22:50	31.88	0.02	1	3188	买盘
10:22:20	31.86	-0.02	8	25488	卖盘
10:22:14	31.88	--	7	22316	买盘
10:21:56	31.88	0.02	50	159400	买盘
10:21:50	31.86	--	2	6372	卖盘
10:21:44	31.86	--	62	197532	卖盘
10:21:10	31.86	-0.02	2	6372	卖盘
10:20:55	31.88	--	1	3188	买盘
10:20:40	31.88	--	7	22316	买盘
10:20:35	31.88	0.01	16	51008	买盘
10:20:10	31.87	-0.01	13	41431	卖盘
10:20:05	31.88	0.01	1	3188	买盘
10:19:50	31.87	--	3	9561	卖盘
10:19:44	31.87	--	1	3187	卖盘
10:19:35	31.87	--	3	9561	卖盘
10:19:29	31.87	--	1	3187	买盘
10:19:25	31.87	--	10	31870	买盘
10:19:20	31.87	--	2	6374	买盘
10:19:14	31.87	-0.01	1	3187	卖盘
10:18:59	31.88	0.01	1	3188	买盘
10:18:55	31.87	0.01	1	3187	买盘
10:18:40	31.86	--	5	15930	卖盘
10:18:35	31.86	--	20	63720	卖盘
10:18:20	31.86	-0.02	6	19116	卖盘
10:17:59	31.88	0.02	1	3188	买盘
10:17:55	31.86	-0.02	57	181602	卖盘
10:17:50	31.88	--	24	76512	买盘
10:17:35	31.88	0.02	1	3188	买盘
10:17:14	31.86	-0.02	84	267624	卖盘
10:17:08	31.88	--	0	0	买盘
10:17:05	31.88	0.02	1	3188	买盘
10:16:59	31.86	--	0	0	卖盘
10:16:35	31.86	--	19	60534	卖盘
10:16:29	31.86	--	2	6372	卖盘
10:16:04	31.86	-0.01	11	35046	卖盘
10:15:53	31.87	0.01	3	9561	买盘
10:15:44	31.86	--	0	0	卖盘
10:15:35	31.86	-0.01	17	54162	卖盘
10:15:29	31.87	--	4	12748	买盘
10:15:14	31.87	--	1	3187	买盘
10:15:08	31.87	--	1	3187	买盘
10:14:59	31.87	--	1	3187	买盘
10:14:53	31.87	0.01	2	6374	买盘
10:14:44	31.86	--	5	15930	卖盘
10:14:34	31.86	--	2	6372	卖盘
10:14:29	31.86	--	5	15930	中性盘
10:14:14	31.86	--	0	0	买盘
10:14:08	31.86	0.01	2	6372	买盘
10:13:49	31.85	-0.02	1	3185	卖盘
10:13:38	31.87	0.02	6	19122	买盘
10:13:34	31.85	-0.01	5	15925	卖盘
10:13:29	31.86	0.01	4	12744	卖盘
10:13:19	31.85	--	0	0	卖盘
10:13:14	31.85	--	12	38220	卖盘
10:13:04	31.85	-0.01	17	54145	卖盘
10:12:44	31.86	-0.01	6	19116	卖盘
10:12:38	31.87	0.02	2	6374	中性盘
10:12:34	31.85	--	0	0	卖盘
10:12:29	31.85	--	59	187915	卖盘
10:12:24	31.85	--	10	31850	卖盘
10:12:14	31.85	-0.01	6	19110	卖盘
10:12:08	31.86	0.01	2	6372	买盘
10:12:04	31.85	--	75	238875	卖盘
10:11:59	31.85	--	38	121030	卖盘
10:11:53	31.85	--	10	31850	卖盘
10:11:38	31.85	--	0	0	卖盘
10:11:29	31.85	-0.01	241	767585	卖盘
10:11:23	31.86	--	1	3186	买盘
10:11:19	31.86	0.01	1	3186	买盘
10:11:14	31.85	-0.01	9	28665	卖盘
10:10:59	31.86	--	7	22302	卖盘
10:10:53	31.86	-0.02	81	258066	卖盘
10:10:47	31.88	0.01	4	12752	买盘
10:10:44	31.87	--	2	6374	买盘
10:10:38	31.87	--	5	15935	买盘
10:10:29	31.87	--	1	3187	买盘
10:10:14	31.87	--	2	6374	卖盘
10:09:59	31.87	--	3	9561	卖盘
10:09:47	31.87	--	3	9561	买盘
10:09:44	31.87	--	2	6374	买盘
10:09:38	31.87	--	7	22309	买盘
10:09:29	31.87	--	7	22309	买盘
10:09:23	31.87	--	3	9561	买盘
10:09:14	31.87	--	9	28683	卖盘
10:09:08	31.87	--	19	60553	卖盘
10:08:58	31.87	--	26	82862	卖盘
10:08:53	31.87	0.01	5	15935	买盘
10:08:38	31.86	--	9	28674	买盘
10:08:32	31.86	--	7	22302	卖盘
10:08:23	31.86	-0.01	5	15930	卖盘
10:08:13	31.87	0.01	2	6374	买盘
10:08:08	31.86	0.01	8	25488	买盘
10:07:58	31.85	--	118	375830	卖盘
10:07:47	31.85	--	50	159250	卖盘
10:07:43	31.85	--	5	15925	卖盘
10:07:38	31.85	--	60	191100	卖盘
10:07:32	31.85	-0.01	34	108290	卖盘
10:07:28	31.86	0.01	17	54162	买盘
10:07:23	31.85	-0.01	13	41405	卖盘
10:07:17	31.86	0.01	3	9558	买盘
10:07:13	31.85	--	19	60515	卖盘
10:07:08	31.85	--	19	60515	卖盘
10:07:02	31.85	-0.01	50	159250	卖盘
10:06:58	31.86	0.01	2	6372	买盘
10:06:53	31.85	--	33	105105	卖盘
10:06:47	31.85	-0.02	33	105105	卖盘
10:06:43	31.87	0.02	2	6374	买盘
10:06:38	31.85	--	44	140140	卖盘
10:06:28	31.85	-0.01	32	101920	卖盘
10:06:13	31.86	--	7	22302	卖盘
10:06:08	31.86	--	22	70092	卖盘
10:05:58	31.86	--	10	31860	卖盘
10:05:47	31.86	-0.01	1	3186	卖盘
10:05:38	31.87	-0.01	11	35057	卖盘
10:05:32	31.88	--	1	3188	买盘
10:05:13	31.88	-0.01	7	22316	买盘
10:05:02	31.89	--	0	0	买盘
10:04:53	31.89	0.01	3	9567	买盘
10:04:47	31.88	--	5	15940	卖盘
10:04:43	31.88	--	6	19128	卖盘
10:04:32	31.88	-0.01	4	12752	卖盘
10:04:23	31.89	-0.01	6	19134	卖盘
10:04:08	31.9	--	8	25520	买盘
10:03:56	31.9	0.01	4	12760	买盘
10:03:38	31.89	--	1	3189	买盘
10:03:23	31.89	0.01	1	3189	买盘
10:03:11	31.88	--	2	6376	卖盘
10:03:08	31.88	--	27	86076	买盘
10:03:02	31.88	--	5	15940	买盘
10:02:56	31.88	0.01	17	54196	买盘
10:02:53	31.87	--	9	28683	卖盘
10:02:17	31.87	--	4	12748	卖盘
10:01:56	31.87	-0.01	5	15935	卖盘
10:01:52	31.88	--	5	15940	买盘
10:01:47	31.88	--	1	3188	买盘
10:01:41	31.88	0.02	4	12752	买盘
10:01:37	31.86	0.01	4	12744	卖盘
10:01:17	31.85	-0.01	21	66885	卖盘
10:01:07	31.86	--	9	28674	买盘
10:01:02	31.86	-0.02	1	3186	中性盘
10:00:52	31.88	0.02	73	232724	买盘
10:00:47	31.86	--	22	70092	卖盘
10:00:32	31.86	--	40	127440	卖盘
10:00:22	31.86	-0.02	27	86022	卖盘
10:00:17	31.88	--	6	19128	卖盘
10:00:07	31.88	0.02	22	70136	买盘
10:00:02	31.86	--	10	31860	卖盘
09:59:47	31.86	--	1	3186	卖盘
09:59:37	31.86	0.01	11	35046	买盘
09:59:32	31.85	--	20	63700	卖盘
09:59:22	31.85	--	200	637000	卖盘
09:59:11	31.85	-0.02	13	41405	卖盘
09:59:07	31.87	0.01	3	9561	中性盘
09:58:56	31.86	--	30	95580	卖盘
09:58:52	31.86	-0.02	9	28674	卖盘
09:58:41	31.88	--	3	9564	买盘
09:58:32	31.88	--	19	60572	买盘
09:58:17	31.88	-0.02	117	372996	卖盘
09:58:11	31.9	--	2	6380	卖盘
09:58:02	31.9	--	0	0	中性盘
09:57:47	31.9	--	0	0	买盘
09:57:41	31.9	--	14	44660	买盘
09:57:35	31.9	-0.01	7	25488	卖盘
09:57:32	31.91	-0.01	18	57438	卖盘
09:57:17	31.92	0.01	3	9576	买盘
09:57:11	31.91	--	12	38292	卖盘
09:57:05	31.91	0.01	10	31910	卖盘
09:56:56	31.9	--	0	0	卖盘
09:56:50	31.9	-0.01	22	70180	卖盘
09:56:41	31.91	--	0	0	中性盘
09:56:35	31.91	0.01	10	31910	卖盘
09:56:16	31.9	--	0	0	卖盘
09:56:11	31.9	--	0	0	卖盘
09:56:05	31.9	--	1	3190	卖盘
09:55:56	31.9	--	20	63800	卖盘
09:55:46	31.9	--	12	38280	卖盘
09:55:16	31.9	--	1	3190	卖盘
09:55:11	31.9	--	10	31900	卖盘
09:54:56	31.9	--	11	35090	卖盘
09:54:31	31.9	-0.04	6	19140	卖盘
09:54:26	31.94	--	1	3194	买盘
09:54:20	31.94	0.04	2	6388	买盘
09:54:16	31.9	--	0	0	卖盘
09:54:11	31.9	-0.05	21	66990	卖盘
09:54:05	31.95	--	2	6390	买盘
09:54:01	31.95	0.05	1	3195	买盘
09:53:56	31.9	--	0	0	卖盘
09:53:50	31.9	--	1	3190	卖盘
09:53:31	31.9	0.01	41	130821	买盘
09:53:26	31.89	--	30	95670	买盘
09:53:16	31.89	-0.01	8	25512	卖盘
09:52:56	31.9	--	5	15950	买盘
09:52:50	31.9	--	2	6380	买盘
09:52:35	31.9	-0.02	27	89288	卖盘
09:52:26	31.92	0.02	10	31920	中性盘
09:52:20	31.9	-0.06	2	6380	卖盘
09:52:11	31.96	0.06	30	95880	买盘
09:52:05	31.9	--	4	12760	卖盘
09:52:01	31.9	--	0	0	卖盘
09:51:56	31.9	-0.02	56	178640	卖盘
09:51:50	31.92	--	0	0	买盘
09:51:46	31.92	--	30	95760	买盘
09:51:41	31.92	0.02	2	6384	买盘
09:51:29	31.9	-0.01	31	98921	卖盘
09:51:26	31.91	-0.01	3	9573	卖盘
09:51:20	31.92	--	1	3192	卖盘
09:51:11	31.92	--	19	60648	卖盘
09:51:05	31.92	--	0	0	卖盘
09:50:50	31.92	--	0	0	卖盘
09:50:41	31.92	--	13	41496	卖盘
09:50:35	31.92	--	0	0	卖盘
09:50:26	31.92	--	4	12768	卖盘
09:50:20	31.92	-0.05	4	12768	卖盘
09:49:59	31.97	0.05	1	3197	买盘
09:49:56	31.92	-0.08	8	25536	卖盘
09:49:40	32.0	--	21	67200	卖盘
09:49:35	32.0	--	50	160000	卖盘
09:49:26	32.0	--	22	70400	卖盘
09:49:20	32.0	--	0	0	卖盘
09:49:10	32.0	--	20	64000	卖盘
09:48:55	32.0	-0.1	287	918400	卖盘
09:48:44	32.1	0.01	5	16050	中性盘
09:48:40	32.09	--	41	131569	卖盘
09:48:35	32.09	--	65	208585	卖盘
09:48:25	32.09	-0.03	160	513440	卖盘
09:48:20	32.12	--	14	44968	买盘
09:48:14	32.12	-0.03	5	16059	卖盘
09:48:05	32.15	-0.01	41	131815	卖盘
09:47:59	32.16	-0.03	5	16079	卖盘
09:47:55	32.19	--	2	6438	买盘
09:47:50	32.19	0.03	1	3219	买盘
09:47:44	32.16	-0.03	2	6431	卖盘
09:47:40	32.19	0.03	11	35409	买盘
09:47:35	32.16	-0.02	28	90047	卖盘
09:47:25	32.18	--	5	16090	卖盘
09:47:20	32.18	--	11	35398	买盘
09:47:14	32.18	0.02	31	99758	买盘
09:47:10	32.16	0.01	14	45023	买盘
09:47:05	32.15	--	7	22505	买盘
09:46:55	32.15	--	2	6430	买盘
09:46:50	32.15	0.03	4	12860	买盘
09:46:40	32.12	--	0	0	中性盘
09:46:35	32.12	0.01	10	32119	买盘
09:46:25	32.11	0.02	57	183027	买盘
09:46:14	32.09	--	34	109106	买盘
09:46:05	32.09	--	13	41717	买盘
09:45:55	32.09	--	1	3209	买盘
09:45:50	32.09	-0.01	5	16045	卖盘
09:45:44	32.1	--	0	0	买盘
09:45:40	32.1	--	1	3210	买盘
09:45:35	32.1	--	27	86670	买盘
09:45:29	32.1	0.01	12	38520	买盘
09:45:14	32.09	0.03	2	8407	买盘
09:45:10	32.06	-0.01	11	35266	卖盘
09:45:05	32.07	-0.02	3	9621	卖盘
09:44:59	32.09	0.03	151	484559	买盘
09:44:54	32.06	-0.01	7	22442	卖盘
09:44:50	32.07	--	12	38484	卖盘
09:44:44	32.07	--	10	32070	买盘
09:44:14	32.07	0.01	14	44898	买盘
09:44:05	32.06	-0.01	7	22442	卖盘
09:43:53	32.07	--	5	16035	买盘
09:43:50	32.07	--	0	0	买盘
09:43:44	32.07	--	39	125073	卖盘
09:43:35	32.07	0.02	76	243732	买盘
09:43:29	32.05	--	19	60894	卖盘
09:43:20	32.05	-0.01	43	137815	卖盘
09:43:08	32.06	--	9	28854	卖盘
09:43:04	32.06	-0.01	50	160300	卖盘
09:42:59	32.07	--	8	25656	买盘
09:42:49	32.07	-0.01	19	60933	卖盘
09:42:44	32.08	0.01	21	67368	买盘
09:42:38	32.07	--	1	3207	卖盘
09:42:29	32.07	--	38	121866	买盘
09:42:23	32.07	--	2	6414	买盘
09:42:19	32.07	-0.01	12	38484	买盘
09:42:14	32.08	--	0	0	买盘
09:42:08	32.08	--	13	41704	卖盘
09:42:04	32.08	--	9	28872	卖盘
09:41:59	32.08	--	15	48120	卖盘
09:41:53	32.08	0.02	54	173232	买盘
09:41:38	32.06	--	4	12824	买盘
09:41:34	32.06	0.01	7	22442	买盘
09:41:14	32.05	--	7	22434	买盘
09:41:08	32.05	0.02	2	6409	买盘
09:40:59	32.03	0.01	3	9609	买盘
09:40:53	32.02	--	1	3202	卖盘
09:40:44	32.02	0.01	28	89656	买盘
09:40:34	32.01	--	35	112035	卖盘
09:40:29	32.01	--	5	16004	卖盘
09:40:23	32.01	--	0	0	卖盘
09:40:19	32.01	--	5	16004	卖盘
09:40:04	32.01	--	15	48015	买盘
09:39:59	32.01	--	5	16004	买盘
09:39:44	32.01	-0.04	74	236873	卖盘
09:39:38	32.05	0.04	17	54484	买盘
09:39:34	32.01	--	4	12804	卖盘
09:39:23	32.01	0.01	3	9603	中性盘
09:39:14	32.0	0.03	55	176000	买盘
09:39:08	31.97	-0.03	9	28773	卖盘
09:39:04	32.0	--	1	3200	买盘
09:38:59	32.0	--	5	16000	买盘
09:38:53	32.0	--	21	67200	卖盘
09:38:44	32.0	-0.05	20	64000	卖盘
09:38:38	32.05	0.05	1	3204	中性盘
09:38:29	32.0	-0.08	50	160000	卖盘
09:38:23	32.08	0.08	26	83408	买盘
09:38:19	32.0	--	0	0	卖盘
09:38:14	32.0	--	12	38400	卖盘
09:38:08	32.0	--	8	25600	卖盘
09:37:59	32.0	--	5	16000	卖盘
09:37:53	32.0	--	36	115200	卖盘
09:37:47	32.0	--	9	28800	卖盘
09:37:38	32.0	-0.09	133	426816	卖盘
09:37:32	32.09	--	105	336945	卖盘
09:37:29	32.09	-0.01	24	77016	卖盘
09:37:23	32.1	0.01	197	632370	买盘
09:37:17	32.09	--	2	6418	卖盘
09:37:14	32.09	-0.01	153	490977	卖盘
09:37:08	32.1	0.01	153	493120	买盘
09:36:53	32.09	-0.01	177	567993	卖盘
09:36:47	32.1	--	47	150870	卖盘
09:36:44	32.1	0.01	37	118770	买盘
09:36:38	32.09	-0.01	21	67389	卖盘
09:36:32	32.1	--	5	16050	买盘
09:36:29	32.1	-0.08	12	38520	卖盘
09:36:23	32.18	0.08	7	22526	买盘
09:36:17	32.1	-0.02	8	25680	卖盘
09:36:14	32.12	-0.07	10	32119	卖盘
09:36:08	32.19	--	21	67599	买盘
09:35:59	32.19	-0.01	1	3219	买盘
09:35:53	32.2	--	11	35420	卖盘
09:35:43	32.2	--	43	138460	买盘
09:35:38	32.2	--	25	80500	买盘
09:35:32	32.2	--	54	173880	买盘
09:35:28	32.2	0.01	47	151340	买盘
09:35:23	32.19	-0.01	22	70818	卖盘
09:35:17	32.2	0.01	3	9660	买盘
09:35:13	32.19	--	1	3219	买盘
09:35:08	32.19	-0.1	36	115883	中性盘
09:35:02	32.29	0.1	111	358419	买盘
09:34:58	32.19	--	33	106226	卖盘
09:34:53	32.19	-0.01	7	22533	卖盘
09:34:43	32.2	-0.1	36	115920	卖盘
09:34:38	32.3	0.09	144	465119	买盘
09:34:28	32.21	0.01	6	19326	卖盘
09:34:23	32.2	0.05	24	77280	买盘
09:34:13	32.15	--	12	38580	中性盘
09:34:08	32.15	0.05	5	16075	买盘
09:34:02	32.1	-0.05	10	32100	卖盘
09:33:58	32.15	0.05	10	32150	买盘
09:33:53	32.1	0.01	35	112350	买盘
09:33:47	32.09	--	13	41717	卖盘
09:33:43	32.09	0.02	2	6418	买盘
09:33:32	32.07	0.07	13	41691	买盘
09:33:28	32.0	--	14	44800	卖盘
09:33:23	32.0	-0.07	5	16000	中性盘
09:33:17	32.07	0.08	1	3207	买盘
09:33:08	31.99	0.02	36	115164	买盘
09:33:02	31.97	0.01	1	3197	中性盘
09:32:58	31.96	-0.01	4	12784	买盘
09:32:53	31.97	--	1	3197	卖盘
09:32:47	31.97	--	5	15985	买盘
09:32:38	31.97	0.06	7	22379	买盘
09:32:32	31.91	--	4	12764	卖盘
09:32:28	31.91	0.03	36	114876	买盘
09:32:23	31.88	0.02	6	19128	买盘
09:32:17	31.86	0.01	5	15930	买盘
09:32:08	31.85	0.13	73	232505	买盘
09:31:53	31.72	--	0	0	卖盘
09:31:43	31.72	--	0	0	卖盘
09:31:38	31.72	-0.12	10	31720	卖盘
09:31:32	31.84	0.12	109	347056	买盘
09:31:08	31.72	0.02	50	158600	中性盘
09:30:56	31.7	--	0	0	卖盘
09:30:47	31.7	--	4	12680	卖盘
09:30:41	31.7	0.02	30	95100	买盘
09:30:38	31.68	-0.09	6	19008	卖盘
09:30:32	31.77	--	0	0	中性盘
09:30:23	31.77	0.13	58	184266	买盘
09:30:17	31.64	--	3	9492	卖盘
09:30:08	31.64	--	61	193004	卖盘
09:30:02	31.64	--	9	28476	卖盘
09:28:43	31.64	--	0	0	卖盘
09:25:09	31.64	31.64	68	215152	买盘
