成交时间	成交价	价格变动	成交量(手)	成交额(元)	性质
15:00:00	13.76	--	0	0	买盘
15:00:00	13.76	0.01	0	0	买盘
14:59:59	13.75	--	51	70125	卖盘
14:59:53	13.75	-0.01	35	48125	卖盘
14:59:49	13.76	0.01	76	104576	买盘
14:59:44	13.75	--	68	93500	卖盘
14:59:38	13.75	-0.01	71	97625	卖盘
14:59:34	13.76	--	52	71552	买盘
14:59:29	13.76	--	44	60544	买盘
14:59:23	13.76	-0.01	93	127968	卖盘
14:59:19	13.77	--	55	75735	买盘
14:59:14	13.77	0.01	47	64719	买盘
14:59:08	13.76	-0.01	74	101824	卖盘
14:59:04	13.77	--	34	46818	买盘
14:58:59	13.77	--	17	23409	买盘
14:58:53	13.77	0.01	45	61965	买盘
14:58:49	13.76	-0.01	49	67424	卖盘
14:58:44	13.77	0.01	42	57834	买盘
14:58:38	13.76	-0.01	18	24768	卖盘
14:58:34	13.77	--	9	12393	买盘
14:58:29	13.77	0.01	56	77112	买盘
14:58:23	13.76	-0.01	217	298592	卖盘
14:58:14	13.77	--	32	44064	买盘
14:58:08	13.77	0.01	103	141831	买盘
14:58:04	13.76	-0.01	229	315104	卖盘
14:57:59	13.77	-0.01	137	188649	卖盘
14:57:53	13.78	0.01	40	55120	买盘
14:57:44	13.77	--	35	48195	卖盘
14:57:38	13.77	--	31	42687	卖盘
14:57:34	13.77	--	25	34425	卖盘
14:57:29	13.77	--	116	159732	卖盘
14:57:23	13.77	--	12	16524	卖盘
14:57:19	13.77	--	15	20655	买盘
14:57:14	13.77	--	126	173502	卖盘
14:57:08	13.77	--	12	16524	卖盘
14:57:04	13.77	--	13	17901	卖盘
14:56:59	13.77	-0.01	158	217566	卖盘
14:56:53	13.78	0.01	20	27560	买盘
14:56:49	13.77	--	70	96390	卖盘
14:56:44	13.77	-0.01	3	4131	卖盘
14:56:38	13.78	0.01	20	27560	买盘
14:56:34	13.77	--	176	242352	卖盘
14:56:29	13.77	--	39	53703	卖盘
14:56:23	13.77	--	3	4131	卖盘
14:56:14	13.77	-0.01	101	139077	卖盘
14:56:08	13.78	0.01	25	34450	买盘
14:55:59	13.77	--	183	251991	卖盘
14:55:53	13.77	-0.01	94	129438	中性盘
14:55:49	13.78	0.01	8	11024	买盘
14:55:44	13.77	--	34	46818	卖盘
14:55:38	13.77	--	66	90882	卖盘
14:55:34	13.77	--	75	103275	卖盘
14:55:28	13.77	--	47	64719	卖盘
14:55:23	13.77	--	206	283662	卖盘
14:55:13	13.77	-0.01	28	38556	卖盘
14:55:08	13.78	0.01	76	104728	买盘
14:54:58	13.77	--	10	13770	卖盘
14:54:53	13.77	--	144	198288	买盘
14:54:43	13.77	--	15	20655	买盘
14:54:38	13.77	--	158	217566	卖盘
14:54:28	13.77	--	31	42687	卖盘
14:54:17	13.77	--	117	161109	卖盘
14:54:08	13.77	--	58	79866	卖盘
14:54:02	13.77	--	18	24786	卖盘
14:53:58	13.77	--	248	341496	买盘
14:53:53	13.77	0.01	18	24786	买盘
14:53:43	13.76	-0.01	16	22016	卖盘
14:53:38	13.77	0.01	42	57834	买盘
14:53:32	13.76	-0.01	167	229792	卖盘
14:53:28	13.77	--	25	34425	买盘
14:53:23	13.77	--	80	110160	买盘
14:53:17	13.77	--	22	30294	买盘
14:53:13	13.77	-0.01	207	285039	卖盘
14:53:08	13.78	0.01	174	239772	买盘
14:53:02	13.77	--	104	143208	卖盘
14:52:58	13.77	-0.01	37	50949	卖盘
14:52:53	13.78	--	59	81302	买盘
14:52:47	13.78	0.02	121	166738	买盘
14:52:43	13.76	-0.01	5	6880	卖盘
14:52:38	13.77	--	3	4131	买盘
14:52:28	13.77	--	37	50949	买盘
14:52:23	13.77	0.01	17	23409	买盘
14:52:17	13.76	-0.01	5	6880	卖盘
14:52:13	13.77	-0.01	34	46818	买盘
14:52:08	13.78	0.01	83	114374	买盘
14:51:58	13.77	--	45	61965	卖盘
14:51:53	13.77	0.01	10	13770	卖盘
14:51:43	13.76	-0.01	20	27520	卖盘
14:51:38	13.77	0.01	91	125307	买盘
14:51:32	13.76	-0.01	10	13760	卖盘
14:51:28	13.77	--	8	11016	买盘
14:51:23	13.77	--	78	107406	买盘
14:51:17	13.77	--	28	38556	卖盘
14:51:13	13.77	--	195	268515	卖盘
14:51:08	13.77	-0.01	115	158355	卖盘
14:51:02	13.78	--	14	19292	买盘
14:50:53	13.78	-0.01	225	310050	卖盘
14:50:47	13.79	--	12	16548	买盘
14:50:43	13.79	0.01	213	293727	买盘
14:50:38	13.78	-0.01	127	175006	卖盘
14:50:32	13.79	0.01	9	12411	买盘
14:50:28	13.78	-0.01	60	82680	卖盘
14:50:23	13.79	--	50	68950	买盘
14:50:13	13.79	--	221	305448	卖盘
14:50:08	13.79	--	100	137900	卖盘
14:50:02	13.79	-0.01	36	49644	卖盘
14:49:53	13.8	--	35	48300	买盘
14:49:47	13.8	--	27	37260	买盘
14:49:43	13.8	--	82	113160	卖盘
14:49:38	13.8	--	48	66240	买盘
14:49:32	13.8	--	2	2760	买盘
14:49:28	13.8	0.01	14	19320	买盘
14:49:17	13.79	--	0	0	卖盘
14:49:08	13.79	--	54	75155	卖盘
14:49:02	13.79	-0.02	21	28959	卖盘
14:48:58	13.81	--	0	0	买盘
14:48:53	13.81	0.01	112	154672	买盘
14:48:47	13.8	--	27	37260	卖盘
14:48:43	13.8	--	17	23460	卖盘
14:48:37	13.8	-0.01	259	357420	卖盘
14:48:32	13.81	0.01	30	41430	买盘
14:48:26	13.8	--	17	23460	卖盘
14:48:22	13.8	--	43	59340	卖盘
14:48:17	13.8	--	24	33120	卖盘
14:48:11	13.8	-0.01	14	19320	卖盘
14:48:07	13.81	0.01	8	11048	买盘
14:48:02	13.8	-0.01	43	59340	卖盘
14:47:52	13.81	--	34	46954	买盘
14:47:47	13.81	-0.01	21	29001	卖盘
14:47:41	13.82	0.01	23	31786	买盘
14:47:37	13.81	0.01	9	12429	中性盘
14:47:32	13.8	-0.02	100	138000	卖盘
14:47:26	13.82	0.01	24	33168	买盘
14:47:22	13.81	-0.01	7	9667	卖盘
14:47:17	13.82	--	90	124380	买盘
14:47:07	13.82	0.01	28	38696	买盘
14:47:02	13.81	--	81	111861	卖盘
14:46:52	13.81	--	143	197483	卖盘
14:46:47	13.81	-0.01	23	31763	卖盘
14:46:26	13.82	0.01	29	40078	买盘
14:46:17	13.81	-0.01	22	30382	卖盘
14:46:11	13.82	--	8	11056	买盘
14:45:52	13.82	0.01	7	9674	买盘
14:45:47	13.81	-0.01	66	91146	卖盘
14:45:37	13.82	0.01	18	24876	买盘
14:45:32	13.81	--	17	23477	卖盘
14:45:22	13.81	--	19	26239	买盘
14:45:17	13.81	0.01	50	69050	买盘
14:45:11	13.8	-0.01	9	12420	卖盘
14:45:07	13.81	0.01	59	81479	买盘
14:45:02	13.8	--	15	20700	卖盘
14:44:56	13.8	--	4	5520	卖盘
14:44:52	13.8	-0.01	63	86940	卖盘
14:44:47	13.81	0.01	8	11048	买盘
14:44:32	13.8	-0.01	22	30360	卖盘
14:44:26	13.81	--	16	22096	买盘
14:44:22	13.81	--	5	6905	买盘
14:44:11	13.81	0.01	8	11048	买盘
14:44:02	13.8	0.01	14	19320	中性盘
14:43:56	13.79	-0.01	88	121351	卖盘
14:43:52	13.8	--	11	15180	买盘
14:43:47	13.8	-0.02	39	53820	卖盘
14:43:41	13.82	--	20	27640	买盘
14:43:37	13.82	--	11	15202	买盘
14:43:32	13.82	--	8	11056	买盘
14:43:26	13.82	0.01	153	212675	买盘
14:43:22	13.81	--	0	151	卖盘
14:43:11	13.81	-0.01	14	19334	卖盘
14:43:07	13.82	0.01	8	11056	买盘
14:43:02	13.81	0.02	32	44192	买盘
14:42:56	13.79	-0.03	431	594349	卖盘
14:42:47	13.82	0.01	8	11056	买盘
14:42:41	13.81	-0.01	55	75955	卖盘
14:42:37	13.82	--	8	11056	买盘
14:42:32	13.82	--	50	69100	买盘
14:42:26	13.82	--	25	34550	买盘
14:42:16	13.82	--	1	1382	买盘
14:42:11	13.82	-0.01	18	24876	买盘
14:42:05	13.83	--	59	81597	买盘
14:42:01	13.83	--	39	53937	买盘
14:41:56	13.83	--	1	1383	买盘
14:41:50	13.83	0.01	55	76065	买盘
14:41:46	13.82	-0.01	13	17966	卖盘
14:41:41	13.83	0.01	62	85746	买盘
14:41:31	13.82	--	11	15202	卖盘
14:41:26	13.82	--	9	12438	卖盘
14:41:20	13.82	--	2	2764	买盘
14:41:16	13.82	0.01	56	77392	买盘
14:41:11	13.81	-0.01	23	31763	卖盘
14:41:05	13.82	--	50	69100	买盘
14:41:01	13.82	--	20	27640	买盘
14:40:50	13.82	0.01	123	169986	买盘
14:40:46	13.81	--	7	9667	卖盘
14:40:41	13.81	--	10	13810	卖盘
14:40:31	13.81	--	6	8286	买盘
14:40:26	13.81	--	58	80098	买盘
14:40:20	13.81	--	20	27620	买盘
14:40:16	13.81	--	20	27620	买盘
14:40:11	13.81	--	8	11048	买盘
14:40:01	13.81	--	18	24858	买盘
14:39:50	13.81	--	28	38668	买盘
14:39:46	13.81	0.01	26	35906	买盘
14:39:41	13.8	-0.01	70	96600	卖盘
14:39:31	13.81	--	36	49716	买盘
14:39:26	13.81	--	45	62145	买盘
14:39:20	13.81	--	50	69050	买盘
14:39:16	13.81	--	17	23477	买盘
14:39:11	13.81	0.01	20	27620	买盘
14:39:05	13.8	--	45	62100	卖盘
14:38:46	13.8	--	86	118680	买盘
14:38:41	13.8	0.01	10	13800	买盘
14:38:31	13.79	--	39	53781	卖盘
14:38:26	13.79	-0.01	83	114457	卖盘
14:38:20	13.8	--	53	73140	买盘
14:38:16	13.8	0.01	11	15180	买盘
14:38:11	13.79	-0.01	1	1379	卖盘
14:38:05	13.8	0.01	18	24840	买盘
14:38:01	13.79	-0.01	121	166859	卖盘
14:37:56	13.8	--	5	6900	买盘
14:37:46	13.8	--	19	26220	买盘
14:37:41	13.8	--	4	5520	买盘
14:37:35	13.8	--	12	16560	买盘
14:37:31	13.8	--	106	146280	买盘
14:37:26	13.8	--	69	95220	买盘
14:37:16	13.8	--	22	30360	买盘
14:37:11	13.8	0.01	8	11040	买盘
14:37:05	13.79	--	30	41370	卖盘
14:37:01	13.79	-0.01	10	13790	卖盘
14:36:50	13.8	0.02	157	216660	买盘
14:36:46	13.78	-0.01	37	50986	卖盘
14:36:41	13.79	--	42	57918	买盘
14:36:35	13.79	-0.01	78	107562	卖盘
14:36:20	13.8	--	1	1380	买盘
14:36:11	13.8	--	8	11040	买盘
14:36:05	13.8	--	41	56580	卖盘
14:36:00	13.8	-0.01	20	27600	卖盘
14:35:50	13.81	--	8	11048	买盘
14:35:40	13.81	--	3	4143	卖盘
14:35:35	13.81	--	18	24858	卖盘
14:35:29	13.81	-0.01	2	2762	卖盘
14:35:25	13.82	--	7	9674	买盘
14:35:20	13.82	--	10	13820	买盘
14:35:10	13.82	--	10	13820	买盘
14:34:50	13.82	0.01	12	16584	买盘
14:34:44	13.81	--	4	5524	卖盘
14:34:40	13.81	--	41	56621	卖盘
14:34:35	13.81	0.01	20	27620	买盘
14:34:29	13.8	-0.01	51	70380	卖盘
14:34:25	13.81	--	9	12429	买盘
14:34:20	13.81	--	1	1381	买盘
14:34:14	13.81	0.01	50	69050	买盘
14:34:10	13.8	-0.01	10	13800	卖盘
14:34:05	13.81	--	58	80098	买盘
14:33:55	13.81	-0.01	133	183673	卖盘
14:33:50	13.82	0.01	8	11056	买盘
14:33:40	13.81	--	10	13810	卖盘
14:33:25	13.81	--	74	102194	买盘
14:33:20	13.81	--	33	45573	买盘
14:33:14	13.81	--	55	75955	买盘
14:33:10	13.81	-0.01	54	74574	中性盘
14:33:05	13.82	0.01	205	283310	买盘
14:32:59	13.81	--	10	13810	卖盘
14:32:55	13.81	--	4	5524	卖盘
14:32:50	13.81	--	32	44192	卖盘
14:32:44	13.81	--	63	87003	卖盘
14:32:40	13.81	-0.01	28	38668	卖盘
14:32:29	13.82	0.02	8	11056	买盘
14:32:25	13.8	--	0	0	卖盘
14:32:20	13.8	-0.02	10	13800	卖盘
14:32:14	13.82	0.01	118	163076	买盘
14:32:10	13.81	--	126	174006	买盘
14:32:05	13.81	--	10	13810	买盘
14:31:59	13.81	-0.01	297	410157	卖盘
14:31:55	13.82	--	32	44224	买盘
14:31:50	13.82	--	40	55280	买盘
14:31:40	13.82	--	6	8292	买盘
14:31:25	13.82	--	17	23494	买盘
14:31:20	13.82	0.01	2	2764	买盘
14:31:14	13.81	-0.01	4	5524	卖盘
14:31:10	13.82	0.01	8	11056	买盘
14:31:05	13.81	--	2	2762	卖盘
14:30:59	13.81	-0.01	1	1381	卖盘
14:30:55	13.82	--	47	64954	买盘
14:30:44	13.82	--	8	11056	买盘
14:30:35	13.82	0.01	10	13820	买盘
14:30:25	13.81	-0.01	22	30382	卖盘
14:30:20	13.82	--	4	5528	买盘
14:30:14	13.82	--	27	37314	买盘
14:30:05	13.82	--	17	23494	买盘
14:29:59	13.82	0.01	10	13820	买盘
14:29:55	13.81	-0.01	37	51097	卖盘
14:29:50	13.82	--	19	26258	买盘
14:29:29	13.82	0.02	8	11056	买盘
14:29:19	13.8	--	0	0	卖盘
14:29:14	13.8	-0.01	340	469200	卖盘
14:29:08	13.81	--	14	19334	卖盘
14:29:04	13.81	--	5	6905	卖盘
14:28:59	13.81	--	275	379913	买盘
14:28:44	13.81	0.02	8	11048	买盘
14:28:38	13.79	-0.01	100	137900	卖盘
14:28:34	13.8	--	239	329820	买盘
14:28:29	13.8	--	13	17940	买盘
14:28:23	13.8	--	8	11040	买盘
14:28:19	13.8	--	6	8280	买盘
14:28:14	13.8	--	27	37260	买盘
14:28:04	13.8	--	60	82800	卖盘
14:27:59	13.8	--	27	37260	卖盘
14:27:49	13.8	-0.01	15	20700	卖盘
14:27:44	13.81	--	2	2762	买盘
14:27:34	13.81	--	13	17953	买盘
14:27:29	13.81	--	6	8286	买盘
14:27:23	13.81	0.01	10	13810	买盘
14:27:14	13.8	-0.01	74	102120	卖盘
14:27:08	13.81	--	9	12429	买盘
14:27:04	13.81	--	21	29001	卖盘
14:26:59	13.81	-0.01	410	566210	卖盘
14:26:49	13.82	0.01	5	6910	买盘
14:26:44	13.81	-0.01	263	363203	卖盘
14:26:38	13.82	--	119	164458	卖盘
14:26:34	13.82	--	5	6910	卖盘
14:26:29	13.82	--	78	107796	卖盘
14:26:19	13.82	-0.01	3	4146	卖盘
14:26:08	13.83	0.01	8	11064	买盘
14:26:04	13.82	--	70	96740	卖盘
14:25:59	13.82	--	29	40078	卖盘
14:25:49	13.82	--	64	88448	卖盘
14:25:29	13.82	--	18	24876	卖盘
14:25:23	13.82	-0.01	26	35932	卖盘
14:25:19	13.83	--	59	81597	买盘
14:25:08	13.83	--	10	13830	买盘
14:25:04	13.83	--	110	152130	卖盘
14:24:53	13.83	-0.01	40	55320	卖盘
14:24:44	13.84	0.01	13	17992	买盘
14:24:34	13.83	-0.01	30	41490	卖盘
14:24:29	13.84	0.01	18	24912	买盘
14:24:23	13.83	--	38	52554	卖盘
14:24:19	13.83	--	15	20745	卖盘
14:24:04	13.83	--	34	47022	卖盘
14:23:59	13.83	--	95	131385	买盘
14:23:53	13.83	--	15	20745	买盘
14:23:49	13.83	-0.01	107	147981	卖盘
14:23:29	13.84	--	55	76120	买盘
14:23:23	13.84	--	38	52592	买盘
14:23:08	13.84	--	8	11072	买盘
14:23:04	13.84	0.01	47	65048	买盘
14:22:59	13.83	-0.01	16	22128	卖盘
14:22:43	13.84	-0.03	44	60896	卖盘
14:22:38	13.87	0.03	73	101251	买盘
14:22:28	13.84	-0.02	75	103800	卖盘
14:22:23	13.86	--	106	146916	卖盘
14:22:13	13.86	0.01	57	79002	买盘
14:22:08	13.85	-0.01	25	34625	卖盘
14:22:02	13.86	--	66	91476	买盘
14:21:58	13.86	--	10	13860	买盘
14:21:53	13.86	--	6	8316	买盘
14:21:47	13.86	--	0	0	买盘
14:21:38	13.86	0.01	27	37422	买盘
14:21:32	13.85	-0.01	10	13850	卖盘
14:21:28	13.86	--	13	18018	买盘
14:21:23	13.86	--	20	27720	买盘
14:21:17	13.86	--	46	63756	卖盘
14:21:13	13.86	--	9	12474	卖盘
14:21:08	13.86	--	36	49896	卖盘
14:20:58	13.86	0.01	118	163548	买盘
14:20:43	13.85	--	0	0	中性盘
14:20:38	13.85	--	20	27700	买盘
14:20:28	13.85	--	8	11080	买盘
14:20:17	13.85	--	9	12465	卖盘
14:20:13	13.85	0.02	99	137115	买盘
14:20:08	13.83	-0.02	20	27660	卖盘
14:19:58	13.85	0.01	42	58170	买盘
14:19:53	13.84	--	37	51208	卖盘
14:19:47	13.84	--	5	6920	卖盘
14:19:43	13.84	0.01	105	145320	买盘
14:19:38	13.83	0.01	350	484050	买盘
14:19:32	13.82	--	83	114706	卖盘
14:19:28	13.82	--	5	6910	卖盘
14:19:23	13.82	-0.01	10	13820	卖盘
14:19:13	13.83	--	33	45639	买盘
14:19:08	13.83	--	135	186705	买盘
14:18:58	13.83	--	6	8298	买盘
14:18:53	13.83	-0.03	51	70533	卖盘
14:18:47	13.86	0.03	37	51282	买盘
14:18:28	13.83	0.01	84	116172	买盘
14:18:23	13.82	-0.01	10	13820	卖盘
14:18:13	13.83	0.01	110	152130	买盘
14:18:08	13.82	--	5	6910	卖盘
14:18:02	13.82	-0.01	100	138200	卖盘
14:17:58	13.83	0.01	82	113406	买盘
14:17:53	13.82	--	50	69100	买盘
14:17:47	13.82	--	12	16584	买盘
14:17:43	13.82	0.01	7	9674	买盘
14:17:38	13.81	-0.01	14	19334	卖盘
14:17:32	13.82	--	5	6910	买盘
14:17:28	13.82	--	35	48370	买盘
14:17:22	13.82	--	202	279164	买盘
14:17:17	13.82	--	4	5528	买盘
14:17:13	13.82	--	46	63572	买盘
14:17:07	13.82	--	18	24876	买盘
14:17:02	13.82	--	8	11056	买盘
14:16:53	13.82	0.01	8	11056	买盘
14:16:42	13.81	--	99	136719	买盘
14:16:37	13.81	--	15	20715	买盘
14:16:32	13.81	--	34	46954	买盘
14:16:22	13.81	--	24	33144	买盘
14:16:17	13.81	0.01	38	52478	买盘
14:16:07	13.8	--	0	0	中性盘
14:16:02	13.8	0.01	165	227700	买盘
14:15:52	13.79	--	5	6895	买盘
14:15:47	13.79	--	216	297864	买盘
14:15:37	13.79	0.01	9	12411	买盘
14:15:22	13.78	0.01	50	68900	买盘
14:15:11	13.77	-0.01	73	100521	卖盘
14:15:07	13.78	0.01	113	155714	买盘
14:15:02	13.77	--	30	41310	卖盘
14:14:56	13.77	-0.01	30	41310	卖盘
14:14:52	13.78	--	57	78546	买盘
14:14:47	13.78	0.01	14	19292	买盘
14:14:32	13.77	0.01	1	1377	卖盘
14:14:22	13.76	--	0	0	卖盘
14:14:17	13.76	--	132	181632	卖盘
14:14:11	13.76	--	4	5504	卖盘
14:14:02	13.76	--	110	151360	买盘
14:13:52	13.76	0.01	100	137600	买盘
14:13:47	13.75	-0.01	5	6875	卖盘
14:13:32	13.76	0.01	25	34400	买盘
14:13:22	13.75	--	123	169125	卖盘
14:13:07	13.75	0.01	76	104816	买盘
14:13:02	13.74	-0.01	10	13740	卖盘
14:12:52	13.75	--	53	73933	卖盘
14:12:47	13.75	--	64	88000	卖盘
14:12:41	13.75	--	2	2750	卖盘
14:12:37	13.75	-0.01	76	104500	卖盘
14:12:32	13.76	0.01	20	27520	买盘
14:12:26	13.75	--	54	74250	卖盘
14:12:22	13.75	--	3	4125	卖盘
14:12:07	13.75	--	11	15125	卖盘
14:12:01	13.75	--	10	13750	卖盘
14:11:46	13.75	0.01	1	1691	买盘
14:11:41	13.74	-0.01	30	41220	卖盘
14:11:31	13.75	0.01	15	20625	买盘
14:11:26	13.74	--	16	21984	卖盘
14:11:16	13.74	-0.01	44	60456	卖盘
14:11:11	13.75	--	10	13750	买盘
14:10:56	13.75	--	65	90433	卖盘
14:10:52	13.75	--	10	13750	卖盘
14:10:46	13.75	--	9	12375	卖盘
14:10:41	13.75	--	47	64625	卖盘
14:10:37	13.75	--	37	50875	卖盘
14:10:26	13.75	--	40	55000	卖盘
14:10:16	13.75	--	10	13750	卖盘
14:10:11	13.75	--	2	2750	卖盘
14:09:35	13.75	-0.01	44	60500	卖盘
14:09:16	13.76	0.01	15	20956	买盘
14:09:11	13.75	--	54	75308	卖盘
14:09:05	13.75	--	5	6875	卖盘
14:09:01	13.75	--	24	33000	卖盘
14:08:56	13.75	--	10	13750	卖盘
14:08:46	13.75	-0.02	4	5500	卖盘
14:08:35	13.77	0.02	2	2754	中性盘
14:08:31	13.75	-0.02	204	280500	卖盘
14:08:26	13.77	0.01	51	70227	买盘
14:08:16	13.76	--	72	99072	卖盘
14:08:05	13.76	--	10	13760	卖盘
14:07:50	13.76	-0.01	75	103200	卖盘
14:07:20	13.77	0.01	10	13770	买盘
14:06:50	13.76	-0.01	26	35776	卖盘
14:06:46	13.77	0.01	10	13770	买盘
14:06:41	13.76	-0.01	85	116960	卖盘
14:06:31	13.77	--	50	68850	买盘
14:06:16	13.77	--	10	13770	买盘
14:06:10	13.77	-0.01	11	15147	买盘
14:06:00	13.78	0.03	3	4134	卖盘
14:05:56	13.75	-0.02	361	496375	卖盘
14:05:46	13.77	0.01	11	15147	卖盘
14:05:31	13.76	--	0	0	卖盘
14:05:26	13.76	-0.01	202	278268	卖盘
14:05:20	13.77	-0.01	5	6885	卖盘
14:05:16	13.78	--	32	44096	卖盘
14:05:01	13.78	0.01	4	5512	买盘
14:04:55	13.77	--	20	27540	卖盘
14:04:40	13.77	--	0	0	卖盘
14:04:31	13.77	0.01	28	38556	中性盘
14:04:25	13.76	-0.01	300	412800	卖盘
14:04:16	13.77	--	0	0	买盘
14:04:00	13.77	-0.03	247	341179	卖盘
14:03:55	13.8	--	8	11040	卖盘
14:03:46	13.8	--	2	2760	买盘
14:03:31	13.8	0.01	20	27600	买盘
14:03:25	13.79	-0.01	10	13790	卖盘
14:03:20	13.8	--	21	28980	买盘
14:03:15	13.8	0.01	2	2760	买盘
14:03:10	13.79	-0.01	2	2758	卖盘
14:02:50	13.8	0.01	210	289800	买盘
14:02:45	13.79	--	40	55160	卖盘
14:02:40	13.79	--	30	41370	卖盘
14:02:25	13.79	-0.01	15	20685	卖盘
14:02:14	13.8	--	9	12420	买盘
14:02:10	13.8	-0.01	10	13800	买盘
14:01:50	13.81	--	0	0	买盘
14:01:40	13.81	0.02	15	20715	买盘
14:01:35	13.79	-0.02	51	70329	卖盘
14:01:25	13.81	--	0	0	买盘
14:01:10	13.81	--	3	4143	买盘
14:00:55	13.81	0.02	41	56621	买盘
14:00:50	13.79	-0.01	16	22064	卖盘
14:00:35	13.8	0.01	10	13800	卖盘
14:00:24	13.79	--	0	0	卖盘
13:59:44	13.79	--	1	1379	卖盘
13:58:55	13.79	--	5	6895	卖盘
13:58:40	13.79	-0.02	50	68950	卖盘
13:58:35	13.81	0.01	89	122909	买盘
13:58:29	13.8	--	5	6900	买盘
13:58:20	13.8	--	64	88320	买盘
13:58:14	13.8	--	0	0	买盘
13:58:05	13.8	0.02	10	13800	买盘
13:57:59	13.78	-0.01	15	20670	卖盘
13:57:54	13.79	-0.01	11	15168	卖盘
13:57:49	13.8	--	83	114540	买盘
13:57:40	13.8	--	1	1380	买盘
13:57:34	13.8	--	9	12420	买盘
13:57:25	13.8	--	15	20700	买盘
13:57:19	13.8	0.01	7	9660	买盘
13:56:59	13.79	--	6	8274	卖盘
13:56:54	13.79	0.01	2	2758	买盘
13:56:49	13.78	-0.01	17	23426	中性盘
13:56:40	13.79	--	4	5516	买盘
13:56:34	13.79	0.02	5	6895	买盘
13:56:24	13.77	-0.01	25	34425	卖盘
13:56:09	13.78	--	23	32010	买盘
13:56:04	13.78	0.01	6	8268	买盘
13:55:54	13.77	-0.01	1	1377	卖盘
13:55:49	13.78	--	9	12402	买盘
13:55:44	13.78	--	10	13780	买盘
13:55:38	13.78	--	2	2756	买盘
13:55:29	13.78	--	9	13463	卖盘
13:55:04	13.78	--	7	9646	卖盘
13:54:59	13.78	0.01	3	4450	买盘
13:54:49	13.77	-0.01	58	79866	卖盘
13:54:44	13.78	0.01	79	108862	买盘
13:54:34	13.77	-0.01	29	39933	卖盘
13:54:23	13.78	0.01	23	31694	买盘
13:54:19	13.77	-0.01	77	106029	卖盘
13:54:04	13.78	--	10	13780	买盘
13:53:59	13.78	0.01	26	35828	买盘
13:53:44	13.77	-0.01	5	6885	卖盘
13:53:29	13.78	0.01	6	8268	买盘
13:53:23	13.77	--	5	6885	卖盘
13:53:18	13.77	--	17	23409	卖盘
13:53:04	13.77	-0.01	2	2754	卖盘
13:52:58	13.78	--	3	4134	买盘
13:52:49	13.78	--	19	27243	卖盘
13:52:44	13.78	--	94	129532	卖盘
13:52:34	13.78	--	24	33072	卖盘
13:52:29	13.78	--	16	22048	卖盘
13:52:14	13.78	-0.01	20	27560	卖盘
13:52:03	13.79	--	1	1379	买盘
13:51:59	13.79	0.01	33	45507	买盘
13:51:48	13.78	--	100	137800	卖盘
13:51:44	13.78	--	1	1378	卖盘
13:51:34	13.78	-0.01	85	117130	卖盘
13:51:29	13.79	--	81	111699	卖盘
13:51:14	13.79	0.01	14	19306	买盘
13:50:59	13.78	-0.01	54	74412	卖盘
13:50:53	13.79	--	3	4137	卖盘
13:50:33	13.79	--	0	0	中性盘
13:50:13	13.79	-0.01	4	5516	卖盘
13:49:58	13.8	--	0	0	买盘
13:49:43	13.8	0.02	10	13800	买盘
13:49:28	13.78	-0.02	7	9646	卖盘
13:49:08	13.8	--	15	20700	买盘
13:48:48	13.8	--	2	2760	买盘
13:48:38	13.8	--	25	34500	卖盘
13:48:28	13.8	--	15	20700	买盘
13:48:13	13.8	0.02	392	540960	买盘
13:48:08	13.78	--	80	110240	卖盘
13:47:58	13.78	--	5	6890	卖盘
13:47:23	13.78	--	9	12402	卖盘
13:47:13	13.78	-0.01	15	20670	卖盘
13:47:08	13.79	0.01	30	41370	买盘
13:46:38	13.78	--	10	13780	卖盘
13:46:17	13.78	-0.01	8	11024	卖盘
13:46:08	13.79	--	18	24822	卖盘
13:45:57	13.79	--	57	78603	买盘
13:45:38	13.79	--	2	2758	买盘
13:45:32	13.79	--	1	1379	买盘
13:45:27	13.79	0.01	8	11032	买盘
13:45:23	13.78	--	78	107484	卖盘
13:45:12	13.78	-0.01	50	68900	卖盘
13:44:23	13.79	0.01	31	42749	买盘
13:44:17	13.78	--	60	82680	卖盘
13:43:52	13.78	--	10	13780	卖盘
13:43:47	13.78	--	37	50986	卖盘
13:43:37	13.78	--	2	2756	卖盘
13:43:27	13.78	--	75	103350	卖盘
13:43:22	13.78	-0.01	27	37206	卖盘
13:42:52	13.79	0.01	1	1379	买盘
13:42:47	13.78	--	2	2756	卖盘
13:42:22	13.78	-0.01	5	6890	卖盘
13:42:17	13.79	--	22	30337	买盘
13:41:32	13.79	0.01	4	5516	买盘
13:41:22	13.78	--	2	2756	卖盘
13:41:17	13.78	--	83	114374	卖盘
13:41:11	13.78	--	16	22048	卖盘
13:41:02	13.78	--	10	13780	卖盘
13:40:52	13.78	--	8	11024	卖盘
13:40:37	13.78	--	10	13780	卖盘
13:40:32	13.78	-0.01	39	53742	卖盘
13:40:06	13.79	-0.01	11	15168	卖盘
13:39:52	13.8	--	6	8280	买盘
13:39:32	13.8	0.02	50	69000	买盘
13:39:21	13.78	-0.02	80	110240	卖盘
13:39:17	13.8	--	3	4140	买盘
13:39:06	13.8	--	4	5520	买盘
13:39:02	13.8	--	34	46920	买盘
13:38:56	13.8	0.01	80	110400	买盘
13:38:51	13.79	--	8	11032	卖盘
13:38:41	13.79	--	73	100667	卖盘
13:38:31	13.79	-0.01	29	39991	卖盘
13:38:21	13.8	0.01	30	41400	买盘
13:37:51	13.79	-0.01	10	13790	卖盘
13:37:41	13.8	--	5	6900	买盘
13:37:32	13.8	--	30	41400	买盘
13:37:16	13.8	--	5	6900	买盘
13:37:01	13.8	--	30	41400	买盘
13:36:51	13.8	--	5	6900	买盘
13:36:36	13.8	--	14	19320	买盘
13:36:21	13.8	0.01	55	75900	买盘
13:35:56	13.79	--	25	34475	卖盘
13:35:46	13.79	--	139	191998	买盘
13:35:36	13.79	--	0	0	买盘
13:35:31	13.79	0.01	15	20685	买盘
13:35:26	13.78	--	19	26182	买盘
13:35:16	13.78	-0.01	172	238077	卖盘
13:35:11	13.79	0.01	14	19306	买盘
13:35:05	13.78	-0.01	28	38584	卖盘
13:35:01	13.79	0.01	14	19306	买盘
13:34:56	13.78	-0.01	110	151896	卖盘
13:34:41	13.79	0.01	33	45507	买盘
13:34:31	13.78	-0.01	5	6890	卖盘
13:34:16	13.79	0.01	65	89635	买盘
13:34:01	13.78	-0.01	60	82680	卖盘
13:33:41	13.79	0.01	1	1379	买盘
13:33:31	13.78	--	100	137800	卖盘
13:33:15	13.78	--	10	13780	卖盘
13:33:11	13.78	--	8	11024	卖盘
13:32:50	13.78	--	1	1378	卖盘
13:32:45	13.78	0.01	41	56498	买盘
13:32:31	13.77	-0.01	7	9639	卖盘
13:32:25	13.78	--	11	15158	买盘
13:32:11	13.78	--	8	11024	卖盘
13:32:00	13.78	--	53	73034	卖盘
13:31:55	13.78	--	128	176384	卖盘
13:31:41	13.78	--	85	117130	买盘
13:31:35	13.78	-0.01	45	62010	卖盘
13:31:15	13.79	-0.01	77	106183	卖盘
13:30:56	13.8	--	44	60720	卖盘
13:30:41	13.8	--	30	41400	卖盘
13:30:35	13.8	--	9	12420	买盘
13:30:30	13.8	--	24	33120	卖盘
13:30:10	13.8	-0.01	90	124200	卖盘
13:30:00	13.81	0.01	12	16572	买盘
13:29:55	13.8	--	3	4140	卖盘
13:29:30	13.8	--	6	8280	卖盘
13:29:25	13.8	-0.02	22	30360	卖盘
13:29:20	13.82	--	0	0	买盘
13:29:05	13.82	--	15	20730	买盘
13:29:00	13.82	0.02	24	33168	买盘
13:28:55	13.8	-0.02	10	13800	卖盘
13:28:45	13.82	--	10	13820	买盘
13:28:30	13.82	0.02	10	13820	买盘
13:28:25	13.8	--	15	20700	卖盘
13:27:55	13.8	--	24	33120	买盘
13:27:50	13.8	0.01	60	82800	买盘
13:27:40	13.79	--	10	13790	卖盘
13:27:25	13.79	--	10	13790	卖盘
13:27:20	13.79	--	3	4137	卖盘
13:27:14	13.79	--	2	2758	卖盘
13:27:10	13.79	0.01	28	38612	买盘
13:26:50	13.78	-0.01	5	6890	卖盘
13:26:29	13.79	0.01	2	2758	卖盘
13:26:24	13.78	-0.01	32	44096	卖盘
13:26:20	13.79	--	128	176512	买盘
13:26:14	13.79	--	1	1379	买盘
13:26:09	13.79	0.01	12	16548	买盘
13:25:58	13.78	--	3	4134	卖盘
13:25:54	13.78	--	2	2756	卖盘
13:25:35	13.78	0.02	51	70278	买盘
13:25:24	13.76	--	0	0	卖盘
13:25:20	13.76	-0.01	240	330240	卖盘
13:25:09	13.77	--	3	4131	卖盘
13:25:04	13.77	--	10	13770	买盘
13:24:54	13.77	0.01	6	8262	买盘
13:24:49	13.76	-0.01	25	34400	卖盘
13:24:35	13.77	-0.01	12	16524	卖盘
13:24:29	13.78	--	1	1378	买盘
13:24:24	13.78	--	1	1378	买盘
13:24:19	13.78	0.01	1	1378	买盘
13:24:14	13.77	-0.01	25	34425	卖盘
13:24:09	13.78	--	1	1378	买盘
13:23:54	13.78	-0.01	64	88192	卖盘
13:23:44	13.79	0.01	1	1379	买盘
13:23:39	13.78	--	43	59254	卖盘
13:23:35	13.78	--	4	5512	卖盘
13:23:19	13.78	--	30	41340	买盘
13:23:09	13.78	--	7	9646	买盘
13:23:04	13.78	--	20	27560	买盘
13:22:54	13.78	-0.01	54	74412	卖盘
13:22:49	13.79	--	10	13790	买盘
13:22:39	13.79	-0.01	10	13790	卖盘
13:22:29	13.8	0.01	9	12420	买盘
13:22:24	13.79	0.01	1	1379	卖盘
13:22:19	13.78	-0.01	10	13780	卖盘
13:22:09	13.79	--	1	1379	买盘
13:21:59	13.79	--	3	4137	买盘
13:21:54	13.79	0.01	1	1379	买盘
13:21:49	13.78	--	8	11024	卖盘
13:21:44	13.78	--	16	22048	卖盘
13:21:34	13.78	0.02	13	17914	买盘
13:21:19	13.76	0.01	20	27520	卖盘
13:21:14	13.75	--	0	0	卖盘
13:20:44	13.75	--	0	0	卖盘
13:20:23	13.75	-0.04	463	636625	卖盘
13:20:19	13.79	--	31	42749	卖盘
13:20:04	13.79	--	18	24822	卖盘
13:19:59	13.79	--	46	63433	卖盘
13:19:49	13.79	-0.01	8	11032	卖盘
13:19:44	13.8	--	11	15180	买盘
13:19:33	13.8	--	16	22080	买盘
13:19:18	13.8	0.01	3	4140	买盘
13:19:08	13.79	-0.01	13	17927	卖盘
13:19:03	13.8	0.01	71	97980	买盘
13:18:59	13.79	--	2	2758	卖盘
13:18:48	13.79	--	9	12411	买盘
13:18:23	13.79	--	16	22064	卖盘
13:18:08	13.79	-0.01	44	60675	卖盘
13:17:48	13.8	-0.01	54	74520	卖盘
13:17:33	13.81	-0.01	50	69050	卖盘
13:17:29	13.82	--	5	6910	买盘
13:17:18	13.82	-0.01	96	132672	卖盘
13:17:14	13.83	--	30	41490	买盘
13:16:43	13.83	0.01	3	4149	买盘
13:16:38	13.82	--	4	5528	卖盘
13:16:18	13.82	--	10	13820	卖盘
13:16:03	13.82	--	20	27640	卖盘
13:15:08	13.82	--	7	9674	卖盘
13:14:58	13.82	0.02	57	78774	买盘
13:14:53	13.8	--	0	0	卖盘
13:14:43	13.8	-0.01	90	124200	卖盘
13:14:38	13.81	-0.01	3	4143	卖盘
13:14:02	13.82	--	1	1382	买盘
13:13:53	13.82	--	34	46988	买盘
13:13:47	13.82	--	1	1382	买盘
13:13:43	13.82	--	4	5528	买盘
13:13:32	13.82	--	4	5528	卖盘
13:13:28	13.82	0.01	2	2764	买盘
13:12:47	13.81	--	0	0	卖盘
13:12:27	13.81	-0.02	1	1381	卖盘
13:12:12	13.83	0.02	13	17979	买盘
13:12:08	13.81	-0.02	5	6905	卖盘
13:11:27	13.83	0.02	45	62235	买盘
13:11:23	13.81	--	12	16572	卖盘
13:11:12	13.81	0.01	10	13810	买盘
13:10:08	13.8	-0.01	2	2760	卖盘
13:09:27	13.81	--	5	6905	买盘
13:09:22	13.81	0.01	4	5524	买盘
13:09:12	13.8	-0.01	1	1380	卖盘
13:08:57	13.81	-0.01	26	35906	卖盘
13:08:52	13.82	--	7	9674	买盘
13:08:27	13.82	--	2	2764	买盘
13:08:22	13.82	-0.01	42	58044	卖盘
13:08:02	13.83	--	9	12447	买盘
13:07:26	13.83	0.01	14	19362	买盘
13:06:41	13.82	0.01	50	69100	买盘
13:06:37	13.81	--	71	98051	卖盘
13:06:22	13.81	--	0	0	卖盘
13:06:17	13.81	--	57	78717	卖盘
13:05:26	13.81	--	0	0	卖盘
13:05:21	13.81	--	0	0	卖盘
13:05:06	13.81	0.01	1	1381	买盘
13:04:46	13.8	--	23	31740	买盘
13:04:36	13.8	--	4	5520	买盘
13:04:16	13.8	--	3	4140	买盘
13:04:01	13.8	0.01	121	166980	买盘
13:03:46	13.79	--	20	27580	卖盘
13:03:41	13.79	--	20	27580	卖盘
13:03:16	13.79	--	10	13790	卖盘
13:02:41	13.79	0.03	30	41370	买盘
13:02:06	13.76	-0.02	80	110080	卖盘
13:01:56	13.78	--	2	2756	买盘
13:01:46	13.78	--	20	27560	买盘
13:01:31	13.78	0.02	30	41340	买盘
13:01:26	13.76	-0.02	2	2752	卖盘
13:01:01	13.78	0.02	15	20670	买盘
13:00:35	13.76	0.01	11	15796	买盘
13:00:31	13.75	-0.01	9	12375	卖盘
13:00:16	13.76	--	19	26144	买盘
13:00:11	13.76	--	63	86688	买盘
13:00:05	13.76	0.01	243	335083	买盘
13:00:01	13.75	--	0	660	卖盘
11:30:00	13.75	--	0	0	卖盘
11:30:00	13.75	--	0	0	卖盘
11:29:52	13.75	--	26	35750	卖盘
11:29:46	13.75	-0.01	20	27500	卖盘
11:29:37	13.76	0.01	26	35776	买盘
11:29:27	13.75	-0.01	9	12375	卖盘
11:29:22	13.76	--	15	20640	买盘
11:29:12	13.76	0.01	8	11008	买盘
11:29:07	13.75	-0.01	6	8250	卖盘
11:28:57	13.76	0.01	20	27520	买盘
11:28:31	13.75	-0.01	12	16500	卖盘
11:28:07	13.76	0.01	4	5504	买盘
11:27:52	13.75	-0.01	1	1375	卖盘
11:27:46	13.76	--	15	20640	买盘
11:27:37	13.76	--	0	0	买盘
11:27:31	13.76	0.01	97	133472	买盘
11:27:22	13.75	--	10	13750	买盘
11:27:16	13.75	--	15	20625	买盘
11:27:07	13.75	--	10	13750	买盘
11:27:01	13.75	--	48	66000	卖盘
11:26:51	13.75	--	101	138875	买盘
11:26:46	13.75	--	19	26125	买盘
11:26:37	13.75	--	8	11000	买盘
11:26:31	13.75	--	1	1375	买盘
11:26:21	13.75	0.01	16	22000	买盘
11:26:16	13.74	-0.01	75	103050	卖盘
11:26:07	13.75	--	19	26125	买盘
11:26:01	13.75	--	16	22000	买盘
11:25:55	13.75	0.01	21	28875	买盘
11:25:52	13.74	-0.01	28	38472	卖盘
11:25:46	13.75	--	13	17875	买盘
11:25:36	13.75	--	11	15125	买盘
11:25:21	13.75	--	27	37125	买盘
11:25:16	13.75	--	31	42625	买盘
11:25:06	13.75	0.01	13	17875	买盘
11:25:01	13.74	--	85	116790	卖盘
11:24:51	13.74	--	32	43968	卖盘
11:24:46	13.74	--	86	118164	买盘
11:24:40	13.74	-0.01	247	339378	卖盘
11:24:36	13.75	0.01	11	15125	买盘
11:24:25	13.74	--	1	1374	卖盘
11:24:16	13.74	--	67	92058	买盘
11:24:10	13.74	--	70	96180	买盘
11:24:06	13.74	--	30	41220	买盘
11:24:01	13.74	--	375	515250	买盘
11:23:55	13.74	0.01	1	1374	买盘
11:23:51	13.73	--	15	20595	卖盘
11:23:46	13.73	-0.01	30	41190	卖盘
11:23:40	13.74	--	1	1374	买盘
11:23:36	13.74	0.01	122	167628	买盘
11:23:31	13.73	-0.01	105	144165	卖盘
11:23:21	13.74	--	66	90684	买盘
11:23:16	13.74	--	82	112668	卖盘
11:23:10	13.74	-0.01	114	156636	卖盘
11:23:06	13.75	0.01	97	133375	买盘
11:23:01	13.74	--	74	101676	卖盘
11:22:55	13.74	--	105	144270	卖盘
11:22:51	13.74	--	123	169002	卖盘
11:22:46	13.74	-0.01	300	412200	卖盘
11:22:36	13.75	0.01	30	41250	买盘
11:22:31	13.74	-0.01	17	23358	卖盘
11:22:21	13.75	--	11	15125	买盘
11:22:16	13.75	--	112	154000	卖盘
11:22:10	13.75	--	251	345125	卖盘
11:22:01	13.75	-0.01	8	11000	卖盘
11:21:55	13.76	--	1	1376	买盘
11:21:51	13.76	--	56	77056	买盘
11:21:46	13.76	0.01	130	178880	买盘
11:21:40	13.75	--	16	22000	卖盘
11:21:36	13.75	--	0	0	卖盘
11:21:16	13.75	-0.01	5	6875	卖盘
11:21:04	13.76	-0.02	5	6880	买盘
11:21:01	13.78	0.02	4	5512	买盘
11:20:55	13.76	--	8	11008	卖盘
11:20:45	13.76	--	22	30272	卖盘
11:20:40	13.76	--	0	0	卖盘
11:20:30	13.76	-0.01	12	16512	卖盘
11:20:25	13.77	0.01	10	13770	买盘
11:20:15	13.76	--	3	4128	卖盘
11:20:10	13.76	-0.01	50	68800	卖盘
11:20:00	13.77	0.01	1	1377	买盘
11:19:55	13.76	-0.01	1	1376	卖盘
11:19:49	13.77	--	5	6885	卖盘
11:19:45	13.77	--	5	6885	买盘
11:19:40	13.77	0.01	30	41310	买盘
11:19:34	13.76	--	40	55040	卖盘
11:19:30	13.76	--	2	2752	卖盘
11:19:25	13.76	--	4	5504	卖盘
11:19:19	13.76	--	37	50912	卖盘
11:19:15	13.76	-0.01	12	16512	卖盘
11:19:10	13.77	0.01	54	74358	买盘
11:18:55	13.76	--	75	103200	买盘
11:18:49	13.76	--	61	83936	买盘
11:18:45	13.76	--	5	6880	买盘
11:18:40	13.76	0.01	1	1376	买盘
11:18:34	13.75	--	0	0	卖盘
11:18:25	13.75	-0.02	404	555500	卖盘
11:18:19	13.77	0.01	1	1377	买盘
11:18:15	13.76	-0.01	4	5504	卖盘
11:18:10	13.77	0.01	21	28917	买盘
11:18:00	13.76	--	107	147232	卖盘
11:17:55	13.76	--	96	132096	卖盘
11:17:49	13.76	--	10	13760	卖盘
11:17:45	13.76	--	33	45408	卖盘
11:17:40	13.76	--	13	17888	卖盘
11:17:30	13.76	-0.01	238	327488	卖盘
11:17:15	13.77	-0.01	212	291924	卖盘
11:17:10	13.78	--	7	9646	买盘
11:17:04	13.78	--	1	1378	买盘
11:17:00	13.78	--	5	6890	买盘
11:16:55	13.78	--	262	361036	卖盘
11:16:45	13.78	--	200	275600	卖盘
11:16:40	13.78	-0.01	29	39962	卖盘
11:16:34	13.79	-0.01	102	140658	卖盘
11:16:10	13.8	0.01	5	6900	买盘
11:16:00	13.79	0.01	6	8274	买盘
11:15:55	13.78	-0.02	14	19292	卖盘
11:15:40	13.8	--	0	0	买盘
11:15:25	13.8	--	11	15180	买盘
11:15:10	13.8	--	0	0	买盘
11:14:54	13.8	--	4	5520	买盘
11:14:49	13.8	0.01	1	1380	买盘
11:14:40	13.79	--	20	27580	卖盘
11:14:09	13.79	0.01	46	63433	买盘
11:14:04	13.78	--	35	48230	卖盘
11:13:58	13.78	-0.01	26	35828	卖盘
11:13:54	13.79	--	34	46886	买盘
11:13:43	13.79	--	1	1379	买盘
11:13:28	13.79	0.01	14	19306	买盘
11:13:13	13.78	--	105	144690	卖盘
11:13:09	13.78	0.01	92	126776	买盘
11:13:04	13.77	-0.01	72	99144	卖盘
11:12:54	13.78	0.01	42	57876	买盘
11:12:49	13.77	-0.01	15	20655	卖盘
11:12:34	13.78	--	0	0	买盘
11:12:28	13.78	--	2	2756	买盘
11:12:24	13.78	-0.01	94	129532	卖盘
11:12:19	13.79	0.01	23	31716	买盘
11:12:13	13.78	--	10	13780	卖盘
11:12:09	13.78	--	86	118508	卖盘
11:11:58	13.78	--	33	45474	卖盘
11:11:43	13.78	0.01	43	59254	买盘
11:11:39	13.77	--	48	66096	卖盘
11:11:34	13.77	-0.01	26	35802	卖盘
11:11:28	13.78	0.01	1	1378	买盘
11:11:24	13.77	--	10	13770	卖盘
11:11:19	13.77	--	30	41310	卖盘
11:11:13	13.77	--	8	11016	卖盘
11:11:04	13.77	--	3	4131	卖盘
11:10:58	13.77	--	1	1377	卖盘
11:10:54	13.77	--	17	23409	卖盘
11:10:49	13.77	--	73	100521	卖盘
11:10:43	13.77	--	0	0	卖盘
11:10:39	13.77	--	2	2754	卖盘
11:10:34	13.77	-0.01	170	234090	卖盘
11:10:28	13.78	-0.01	11	15158	卖盘
11:10:24	13.79	0.01	45	62054	买盘
11:10:19	13.78	-0.01	30	41340	卖盘
11:10:09	13.79	--	10	13790	买盘
11:10:04	13.79	--	39	53781	卖盘
11:09:49	13.79	-0.01	66	91014	卖盘
11:09:34	13.8	--	2	2760	买盘
11:09:24	13.8	0.01	45	62100	买盘
11:09:13	13.79	-0.01	7	9653	卖盘
11:09:09	13.8	0.01	1	1380	买盘
11:09:04	13.79	--	12	16548	卖盘
11:08:43	13.79	--	3	4137	卖盘
11:08:39	13.79	--	26	35854	买盘
11:08:34	13.79	--	20	27580	买盘
11:08:28	13.79	--	4	5516	买盘
11:08:19	13.79	0.01	10	13790	买盘
11:08:13	13.78	-0.01	86	118508	卖盘
11:08:07	13.79	--	117	161343	卖盘
11:08:04	13.79	--	24	33096	卖盘
11:07:52	13.79	-0.01	10	13790	卖盘
11:07:43	13.8	-0.01	118	162840	卖盘
11:07:37	13.81	0.01	1	1381	买盘
11:07:33	13.8	--	12	16560	卖盘
11:07:28	13.8	--	4	5520	卖盘
11:07:13	13.8	-0.01	135	186300	卖盘
11:06:58	13.81	--	7	9667	卖盘
11:06:52	13.81	-0.01	80	110480	卖盘
11:06:48	13.82	0.01	1	1382	买盘
11:06:43	13.81	-0.01	3	4143	卖盘
11:06:33	13.82	--	111	154645	卖盘
11:06:18	13.82	--	40	55280	卖盘
11:06:13	13.82	-0.01	20	27640	卖盘
11:05:58	13.83	--	5	6915	买盘
11:05:43	13.83	0.01	79	109257	买盘
11:05:28	13.82	-0.01	3	4146	卖盘
11:05:18	13.83	-0.01	5	6915	卖盘
11:05:03	13.84	--	23	31832	卖盘
11:04:52	13.84	-0.01	30	41520	卖盘
11:04:48	13.85	0.01	1	1385	买盘
11:04:43	13.84	--	37	51208	卖盘
11:04:37	13.84	0.01	10	13840	买盘
11:04:22	13.83	--	2	2766	买盘
11:04:13	13.83	-0.01	8	11064	卖盘
11:03:48	13.84	--	17	23528	买盘
11:03:37	13.84	0.01	159	220056	买盘
11:03:28	13.83	--	7	9681	卖盘
11:03:22	13.83	-0.01	16	22128	卖盘
11:03:03	13.84	-0.01	16	22144	卖盘
11:02:58	13.85	0.01	59	81715	买盘
11:02:43	13.84	--	11	15224	卖盘
11:02:13	13.84	--	65	89960	买盘
11:02:07	13.84	-0.01	1	1384	买盘
11:01:47	13.85	--	0	0	买盘
11:01:43	13.85	0.01	236	326860	买盘
11:01:37	13.84	--	20	27680	卖盘
11:01:28	13.84	0.01	150	207600	买盘
11:01:22	13.83	0.01	5	6915	买盘
11:01:16	13.82	-0.01	17	23494	卖盘
11:00:58	13.83	--	8	11064	卖盘
11:00:52	13.83	--	1	1383	买盘
11:00:46	13.83	--	11	15213	卖盘
11:00:42	13.83	-0.01	20	27660	卖盘
11:00:07	13.84	0.01	15	20760	买盘
11:00:01	13.83	-0.01	5	6915	卖盘
10:59:57	13.84	0.01	10	13840	买盘
10:59:52	13.83	--	4	5532	卖盘
10:59:37	13.83	--	9	12447	卖盘
10:59:27	13.83	--	1	1383	卖盘
10:59:12	13.83	-0.01	59	81597	卖盘
10:59:07	13.84	0.01	4	5536	买盘
10:58:52	13.83	--	5	6915	卖盘
10:58:42	13.83	--	20	27660	卖盘
10:58:27	13.83	-0.01	4	5532	卖盘
10:58:12	13.84	--	102	141168	买盘
10:58:07	13.84	--	1	1384	买盘
10:58:01	13.84	--	104	143936	买盘
10:57:46	13.84	-0.01	15	20760	买盘
10:57:37	13.85	--	0	0	买盘
10:57:27	13.85	--	0	0	买盘
10:57:22	13.85	0.03	1	1385	买盘
10:57:16	13.82	--	164	226786	卖盘
10:57:07	13.82	--	0	0	卖盘
10:56:52	13.82	-0.01	95	131290	卖盘
10:56:46	13.83	--	57	78831	买盘
10:56:42	13.83	--	3	4149	买盘
10:56:37	13.83	-0.02	27	37341	卖盘
10:56:27	13.85	-0.01	25	34625	卖盘
10:56:07	13.86	--	10	13860	买盘
10:55:52	13.86	-0.01	4	5544	中性盘
10:55:42	13.87	--	87	120669	买盘
10:55:37	13.87	--	11	15257	买盘
10:55:31	13.87	0.02	110	152570	买盘
10:55:26	13.85	0.02	10	13850	卖盘
10:55:16	13.83	-0.03	8	11064	卖盘
10:55:01	13.86	0.03	18	24948	卖盘
10:54:55	13.83	--	0	0	卖盘
10:54:52	13.83	-0.03	100	138300	卖盘
10:54:46	13.86	0.01	29	40194	买盘
10:54:40	13.85	-0.01	214	296390	卖盘
10:54:37	13.86	--	6	8316	卖盘
10:54:31	13.86	0.01	79	109494	买盘
10:54:25	13.85	-0.01	10	13850	买盘
10:54:22	13.86	0.01	5	6930	买盘
10:54:16	13.85	--	71	98335	买盘
10:54:10	13.85	--	163	225755	卖盘
10:54:06	13.85	-0.01	20	27700	卖盘
10:54:01	13.86	--	4	5544	买盘
10:53:51	13.86	0.01	1	1386	买盘
10:53:10	13.85	0.02	14	19390	卖盘
10:53:06	13.83	--	0	0	卖盘
10:52:46	13.83	-0.02	90	124470	卖盘
10:52:40	13.85	0.02	79	109415	买盘
10:52:16	13.83	0.01	37	51171	买盘
10:51:46	13.82	--	5	6910	卖盘
10:51:36	13.82	--	12	16584	买盘
10:51:31	13.82	--	1	1382	买盘
10:51:25	13.82	--	46	63572	卖盘
10:51:10	13.82	--	50	69100	卖盘
10:51:06	13.82	--	5	6910	卖盘
10:51:01	13.82	--	6	8292	卖盘
10:50:46	13.82	--	7	9674	卖盘
10:50:40	13.82	--	10	13820	卖盘
10:50:36	13.82	--	4	5528	买盘
10:50:31	13.82	0.01	1	1382	买盘
10:50:25	13.81	-0.01	20	27620	卖盘
10:50:16	13.82	--	82	113324	买盘
10:49:51	13.82	-0.01	1	1382	卖盘
10:49:46	13.83	0.02	4	5532	买盘
10:49:21	13.81	-0.02	30	41430	卖盘
10:49:16	13.83	--	0	0	买盘
10:49:10	13.83	0.02	7	9681	买盘
10:49:01	13.81	-0.01	50	69050	卖盘
10:48:51	13.82	0.01	1	1382	买盘
10:48:46	13.81	--	24	33144	买盘
10:48:40	13.81	--	8	11048	买盘
10:47:34	13.81	--	4	5524	买盘
10:47:30	13.81	0.01	65	89765	买盘
10:47:25	13.8	-0.01	40	55200	卖盘
10:47:10	13.81	--	18	24858	买盘
10:47:04	13.81	--	10	13810	买盘
10:47:00	13.81	--	5	6905	买盘
10:46:55	13.81	--	5	6905	买盘
10:46:45	13.81	0.01	1	1381	中性盘
10:46:34	13.8	--	10	13800	卖盘
10:46:30	13.8	0.01	100	138000	买盘
10:46:25	13.79	--	10	13790	买盘
10:46:15	13.79	-0.01	5	6895	买盘
10:46:04	13.8	--	0	0	买盘
10:46:00	13.8	0.02	7	9660	买盘
10:45:55	13.78	-0.02	30	41340	卖盘
10:45:49	13.8	0.01	11	15180	买盘
10:45:40	13.79	--	14	19306	买盘
10:45:34	13.79	--	1	1379	买盘
10:45:30	13.79	--	10	13790	买盘
10:45:25	13.79	--	41	56539	买盘
10:45:19	13.79	--	17	23443	卖盘
10:45:00	13.79	-0.01	29	39991	卖盘
10:44:45	13.8	--	9	12420	买盘
10:44:30	13.8	-0.02	179	247020	卖盘
10:44:04	13.82	--	99	136818	买盘
10:44:00	13.82	-0.01	1	1382	中性盘
10:43:55	13.83	--	72	99576	买盘
10:43:40	13.83	0.01	107	147981	买盘
10:43:25	13.82	--	6	8292	卖盘
10:43:15	13.82	--	0	0	买盘
10:42:55	13.82	0.01	12	16584	买盘
10:42:45	13.81	0.01	55	75955	买盘
10:42:40	13.8	-0.01	30	41400	卖盘
10:42:30	13.81	0.01	5	6905	买盘
10:42:25	13.8	--	16	22080	卖盘
10:42:04	13.8	--	27	37260	买盘
10:41:58	13.8	--	17	23460	买盘
10:41:55	13.8	0.01	12	16560	买盘
10:41:49	13.79	--	14	19306	卖盘
10:41:43	13.79	--	17	23443	买盘
10:41:40	13.79	--	5	6895	买盘
10:41:34	13.79	--	57	78603	买盘
10:41:24	13.79	-0.01	72	99288	卖盘
10:41:09	13.8	--	10	13800	买盘
10:41:04	13.8	-0.01	28	38640	卖盘
10:40:58	13.81	-0.01	1	1381	买盘
10:40:54	13.82	0.01	98	135436	买盘
10:40:39	13.81	-0.01	82	113242	卖盘
10:40:34	13.82	--	2	2764	买盘
10:40:24	13.82	--	289	399398	买盘
10:40:13	13.82	--	50	69100	买盘
10:39:58	13.82	--	12	16584	买盘
10:39:54	13.82	0.01	30	41460	卖盘
10:39:34	13.81	--	0	0	卖盘
10:39:24	13.81	-0.01	105	145005	卖盘
10:39:09	13.82	-0.01	6	8292	卖盘
10:39:04	13.83	0.01	37	51171	买盘
10:38:54	13.82	--	17	23494	卖盘
10:38:43	13.82	-0.01	4	5528	卖盘
10:38:39	13.83	0.01	3	4149	买盘
10:38:34	13.82	--	70	96740	卖盘
10:38:28	13.82	--	58	80156	卖盘
10:38:24	13.82	--	100	138200	卖盘
10:38:19	13.82	-0.01	70	96740	卖盘
10:38:09	13.83	-0.01	38	52554	卖盘
10:38:04	13.84	-0.01	1	1384	中性盘
10:37:54	13.85	--	23	31855	买盘
10:37:43	13.85	--	143	198055	卖盘
10:37:39	13.85	--	10	13850	卖盘
10:37:34	13.85	--	141	195285	卖盘
10:37:28	13.85	-0.01	78	108030	卖盘
10:37:24	13.86	--	12	16632	买盘
10:37:19	13.86	--	13	18018	买盘
10:37:13	13.86	--	22	30492	买盘
10:37:09	13.86	0.01	13	18018	买盘
10:37:04	13.85	-0.01	11	15235	卖盘
10:36:54	13.86	0.01	14	19404	买盘
10:36:43	13.85	-0.01	61	84485	卖盘
10:36:39	13.86	0.01	11	15246	买盘
10:36:34	13.85	--	31	42935	卖盘
10:36:28	13.85	--	33	45705	卖盘
10:36:24	13.85	--	42	58170	买盘
10:36:13	13.85	--	5	6925	卖盘
10:36:09	13.85	0.03	16	22160	买盘
10:36:04	13.82	--	0	0	卖盘
10:35:58	13.82	--	132	182424	卖盘
10:35:54	13.82	--	20	27640	卖盘
10:35:49	13.82	--	200	276400	卖盘
10:35:43	13.82	--	15	20730	买盘
10:35:39	13.82	--	10	13820	买盘
10:35:34	13.82	0.01	12	16584	买盘
10:35:18	13.81	--	86	118766	买盘
10:35:13	13.81	0.01	21	29001	买盘
10:35:07	13.8	--	1	1380	卖盘
10:34:58	13.8	-0.01	12	16560	卖盘
10:34:52	13.81	--	2	2762	买盘
10:34:37	13.81	0.01	5	6905	买盘
10:34:33	13.8	-0.01	4	5520	卖盘
10:34:28	13.81	0.01	9	12429	买盘
10:34:22	13.8	--	17	24150	卖盘
10:34:03	13.8	--	17	23460	卖盘
10:33:58	13.8	--	40	55200	卖盘
10:33:52	13.8	--	10	13800	卖盘
10:33:43	13.8	--	17	23460	买盘
10:33:37	13.8	--	5	6900	买盘
10:33:33	13.8	--	5	6900	买盘
10:33:28	13.8	--	5	6900	买盘
10:33:22	13.8	--	20	27600	买盘
10:33:13	13.8	--	38	52440	买盘
10:33:03	13.8	--	16	22080	买盘
10:32:48	13.8	--	32	44160	买盘
10:32:33	13.8	0.02	1	1380	买盘
10:32:28	13.78	0.02	12	16536	买盘
10:32:22	13.76	-0.04	15	20640	卖盘
10:32:18	13.8	--	0	0	买盘
10:32:13	13.8	0.03	403	556140	买盘
10:32:07	13.77	--	28	38556	卖盘
10:32:03	13.77	--	11	15147	卖盘
10:31:58	13.77	-0.01	54	74358	卖盘
10:31:43	13.78	--	5	6890	买盘
10:31:33	13.78	0.01	104	143312	买盘
10:31:28	13.77	-0.01	27	37179	卖盘
10:31:22	13.78	0.01	16	22048	买盘
10:31:18	13.77	--	13	17901	卖盘
10:31:13	13.77	--	13	17901	卖盘
10:31:03	13.77	--	11	15147	卖盘
10:30:52	13.77	--	29	39933	卖盘
10:30:43	13.77	--	1	1377	卖盘
10:30:37	13.77	-0.01	15	20655	卖盘
10:30:33	13.78	0.02	78	107484	买盘
10:30:18	13.76	--	12	16512	卖盘
10:30:13	13.76	--	11	15136	卖盘
10:30:03	13.76	--	28	38528	卖盘
10:29:48	13.76	--	8	11008	卖盘
10:29:43	13.76	-0.01	10	13760	卖盘
10:29:37	13.77	--	4	5508	买盘
10:29:18	13.77	--	5	6885	卖盘
10:29:13	13.77	--	11	15147	卖盘
10:29:07	13.77	--	3	4131	卖盘
10:28:58	13.77	-0.01	30	41310	卖盘
10:28:52	13.78	0.01	14	19292	买盘
10:28:43	13.77	-0.01	5	6885	卖盘
10:28:37	13.78	0.01	1	1378	中性盘
10:28:28	13.77	-0.01	53	72981	卖盘
10:28:22	13.78	--	4	5512	卖盘
10:28:07	13.78	--	11	15158	卖盘
10:27:52	13.78	-0.01	20	27560	卖盘
10:27:42	13.79	--	11	15168	买盘
10:27:37	13.79	--	54	74466	买盘
10:27:16	13.79	0.01	11	15168	买盘
10:27:12	13.78	-0.01	12	16536	卖盘
10:27:07	13.79	0.01	87	119972	买盘
10:26:52	13.78	--	12	16536	卖盘
10:26:46	13.78	-0.01	71	97838	卖盘
10:26:42	13.79	0.01	8	11032	买盘
10:26:31	13.78	--	2	2756	买盘
10:26:27	13.78	--	10	13780	买盘
10:26:22	13.78	0.01	50	68900	买盘
10:26:16	13.77	--	12	16524	卖盘
10:26:12	13.77	-0.01	21	28917	卖盘
10:26:07	13.78	--	57	78546	买盘
10:25:57	13.78	0.01	25	34450	买盘
10:25:52	13.77	-0.01	67	92259	卖盘
10:25:46	13.78	--	5	6890	买盘
10:25:42	13.78	0.01	6	8268	买盘
10:25:22	13.77	--	70	96390	卖盘
10:25:16	13.77	-0.01	1	1377	卖盘
10:25:12	13.78	--	20	27560	买盘
10:24:57	13.78	0.01	60	82680	买盘
10:24:52	13.77	-0.01	45	61965	卖盘
10:24:37	13.78	--	28	38584	买盘
10:24:31	13.78	--	20	27560	买盘
10:24:22	13.78	0.01	8	11024	买盘
10:24:12	13.77	-0.01	83	114291	卖盘
10:24:07	13.78	0.01	75	103350	买盘
10:23:57	13.77	--	76	104652	买盘
10:23:37	13.77	0.01	19	26163	卖盘
10:23:31	13.76	-0.01	31	42656	卖盘
10:23:27	13.77	--	1	1377	卖盘
10:23:22	13.77	--	2	2754	卖盘
10:23:16	13.77	--	27	37179	卖盘
10:23:01	13.77	--	5	6885	卖盘
10:22:56	13.77	--	29	39933	买盘
10:22:52	13.77	--	11	15147	买盘
10:22:46	13.77	0.01	17	23409	买盘
10:22:40	13.76	-0.01	16	22016	卖盘
10:22:16	13.77	0.01	12	16524	买盘
10:22:10	13.76	-0.01	50	68800	卖盘
10:22:06	13.77	--	33	45441	买盘
10:22:01	13.77	--	7	9639	买盘
10:21:46	13.77	0.01	8	11016	买盘
10:21:25	13.76	-0.01	5	6880	卖盘
10:21:21	13.77	0.01	59	81243	买盘
10:21:16	13.76	--	12	16512	卖盘
10:21:10	13.76	0.01	76	104576	买盘
10:21:06	13.75	-0.01	107	147125	卖盘
10:21:01	13.76	--	74	101824	买盘
10:20:55	13.76	--	1	1376	买盘
10:20:51	13.76	--	3	4128	买盘
10:20:40	13.76	-0.01	58	79808	卖盘
10:20:36	13.77	0.01	7	9639	买盘
10:20:31	13.76	-0.01	104	143104	卖盘
10:20:21	13.77	--	0	0	中性盘
10:20:16	13.77	0.01	20	27540	买盘
10:20:10	13.76	-0.01	23	31648	卖盘
10:20:06	13.77	0.01	8	11016	买盘
10:19:51	13.76	--	4	5504	卖盘
10:19:46	13.76	--	36	49536	卖盘
10:19:36	13.76	0.01	7	9632	卖盘
10:19:31	13.75	--	0	0	卖盘
10:19:21	13.75	--	15	20625	卖盘
10:19:16	13.75	-0.01	11	15125	卖盘
10:19:10	13.76	--	8	11008	买盘
10:19:06	13.76	--	1	1376	买盘
10:19:01	13.76	--	5	6880	买盘
10:18:51	13.76	--	12	16512	买盘
10:18:36	13.76	--	3	4128	买盘
10:18:31	13.76	--	7	9632	买盘
10:18:25	13.76	-0.02	3	4128	买盘
10:18:21	13.78	--	0	0	买盘
10:18:16	13.78	--	0	0	买盘
10:18:10	13.78	--	1	1378	买盘
10:18:06	13.78	0.03	8	11024	买盘
10:18:01	13.75	-0.02	358	492250	卖盘
10:17:55	13.77	--	4	5508	卖盘
10:17:51	13.77	0.01	17	23409	买盘
10:17:31	13.76	-0.01	1	1376	卖盘
10:17:25	13.77	0.01	5	6885	买盘
10:17:21	13.76	-0.01	16	22016	卖盘
10:17:16	13.77	0.01	9	12393	买盘
10:16:51	13.76	--	1	1376	卖盘
10:16:25	13.76	0.01	69	95632	买盘
10:16:21	13.75	-0.01	20	27500	卖盘
10:16:15	13.76	--	1	1376	买盘
10:16:10	13.76	-0.01	54	74992	卖盘
10:16:04	13.77	0.01	5	6885	买盘
10:15:55	13.76	--	5	6880	卖盘
10:15:45	13.76	--	49	67424	卖盘
10:15:40	13.76	-0.01	34	46784	卖盘
10:15:30	13.77	0.01	4	5508	买盘
10:15:25	13.76	--	0	0	卖盘
10:15:19	13.76	-0.02	52	71552	卖盘
10:15:15	13.78	--	1	1378	买盘
10:15:10	13.78	--	10	13780	买盘
10:15:00	13.78	--	15	20670	买盘
10:14:55	13.78	--	7	9646	买盘
10:14:45	13.78	--	10	13780	买盘
10:14:40	13.78	--	91	125398	卖盘
10:14:34	13.78	-0.01	5	6890	卖盘
10:14:30	13.79	--	1	1379	买盘
10:14:25	13.79	0.01	12	16548	买盘
10:14:10	13.78	--	1	1378	卖盘
10:14:04	13.78	--	5	6890	卖盘
10:13:55	13.78	0.01	185	254930	买盘
10:13:45	13.77	--	52	71604	卖盘
10:13:25	13.77	-0.01	31	42687	卖盘
10:13:19	13.78	0.01	17	23426	买盘
10:13:15	13.77	0.01	55	75735	买盘
10:13:10	13.76	--	15	20640	卖盘
10:13:04	13.76	--	49	68112	卖盘
10:13:00	13.76	--	15	20640	卖盘
10:12:55	13.76	--	10	13760	买盘
10:12:49	13.76	--	62	85312	买盘
10:12:40	13.76	--	10	13760	买盘
10:12:34	13.76	--	9	13072	卖盘
10:12:30	13.76	-0.01	9	12384	卖盘
10:12:25	13.77	0.01	22	30294	买盘
10:12:15	13.76	-0.01	27	37152	卖盘
10:12:10	13.77	--	30	41310	买盘
10:12:04	13.77	0.01	10	13770	买盘
10:11:49	13.76	0.01	60	83248	买盘
10:11:45	13.75	-0.01	4	5500	卖盘
10:11:40	13.76	--	52	71552	买盘
10:11:25	13.76	0.01	14	19264	买盘
10:11:15	13.75	--	28	38500	卖盘
10:11:09	13.75	--	10	13750	卖盘
10:11:04	13.75	--	12	16500	买盘
10:11:00	13.75	--	18	24750	买盘
10:10:55	13.75	--	140	192500	买盘
10:10:45	13.75	--	10	13750	买盘
10:10:40	13.75	--	23	31625	买盘
10:10:30	13.75	0.01	67	92125	买盘
10:10:24	13.74	-0.01	143	196482	卖盘
10:10:09	13.75	0.01	412	566500	买盘
10:10:04	13.74	-0.01	20	27480	卖盘
10:09:58	13.75	0.01	10	13750	买盘
10:09:54	13.74	-0.01	181	248694	卖盘
10:09:39	13.75	--	110	151250	买盘
10:09:34	13.75	--	75	103125	卖盘
10:09:28	13.75	--	1	1375	卖盘
10:09:25	13.75	--	12	16500	卖盘
10:09:19	13.75	--	31	42625	卖盘
10:09:09	13.75	--	80	110000	买盘
10:09:04	13.75	--	53	72875	买盘
10:08:54	13.75	--	6	8250	买盘
10:08:49	13.75	--	143	196625	买盘
10:08:43	13.75	--	17	23375	买盘
10:08:39	13.75	0.01	101	138875	买盘
10:08:28	13.74	--	130	178620	卖盘
10:08:24	13.74	--	126	173124	卖盘
10:08:19	13.74	--	76	104424	卖盘
10:08:09	13.74	--	1	1374	卖盘
10:08:04	13.74	0.01	122	167628	中性盘
10:07:58	13.73	-0.01	100	137300	卖盘
10:07:54	13.74	0.01	40	54960	买盘
10:07:49	13.73	-0.01	15	20595	卖盘
10:07:39	13.74	-0.01	44	60456	卖盘
10:07:34	13.75	0.01	58	79750	买盘
10:07:19	13.74	-0.01	133	182742	卖盘
10:07:09	13.75	0.01	14	19250	买盘
10:07:04	13.74	-0.01	100	137400	卖盘
10:06:58	13.75	--	40	55000	买盘
10:06:54	13.75	--	4	5500	买盘
10:06:49	13.75	--	31	42625	卖盘
10:06:43	13.75	--	3	4125	卖盘
10:06:39	13.75	--	15	20625	卖盘
10:06:34	13.75	-0.01	75	103125	卖盘
10:06:24	13.76	0.01	123	169248	买盘
10:06:19	13.75	--	5	6875	卖盘
10:06:13	13.75	--	8	11000	卖盘
10:06:09	13.75	-0.01	10	13750	卖盘
10:05:58	13.76	--	4	5504	买盘
10:05:53	13.76	-0.01	19	26832	卖盘
10:05:49	13.77	--	127	174879	买盘
10:05:39	13.77	--	20	27540	卖盘
10:05:28	13.77	-0.01	11	15147	卖盘
10:05:24	13.78	--	13	17914	卖盘
10:05:19	13.78	--	15	20670	卖盘
10:05:04	13.78	--	62	85436	卖盘
10:04:58	13.78	0.01	66	90948	买盘
10:04:54	13.77	-0.01	10	13770	卖盘
10:04:49	13.78	0.01	1	1378	买盘
10:04:43	13.77	--	30	41310	卖盘
10:04:39	13.77	--	10	13770	卖盘
10:04:33	13.77	--	11	15147	卖盘
10:04:28	13.77	--	3	4131	卖盘
10:04:19	13.77	--	69	95013	卖盘
10:04:13	13.77	--	3	4131	卖盘
10:04:09	13.77	--	20	27540	卖盘
10:04:03	13.77	--	22	30294	买盘
10:03:58	13.77	--	3	4131	买盘
10:03:48	13.77	--	1	1377	买盘
10:03:43	13.77	-0.02	13	17901	卖盘
10:03:37	13.79	0.01	13	17927	买盘
10:03:33	13.78	--	111	152958	卖盘
10:03:18	13.78	--	214	294892	卖盘
10:03:13	13.78	-0.01	41	56498	卖盘
10:03:07	13.79	0.01	1	1379	买盘
10:03:03	13.78	--	12	16536	卖盘
10:02:58	13.78	-0.01	28	38584	卖盘
10:02:48	13.79	0.02	11	15168	买盘
10:02:43	13.77	--	0	0	卖盘
10:02:37	13.77	--	7	9639	卖盘
10:02:33	13.77	-0.01	24	33048	卖盘
10:02:28	13.78	0.01	37	50986	买盘
10:02:13	13.77	--	5	6885	卖盘
10:02:03	13.77	--	11	15147	买盘
10:01:52	13.77	0.01	30	41310	买盘
10:01:48	13.76	--	1	1376	卖盘
10:01:43	13.76	0.01	19	26832	买盘
10:01:37	13.75	--	24	33000	卖盘
10:01:33	13.75	--	17	23375	卖盘
10:01:22	13.75	--	15	20625	卖盘
10:01:13	13.75	--	49	67375	买盘
10:01:03	13.75	--	30	41250	买盘
10:00:58	13.75	--	17	23375	卖盘
10:00:52	13.75	--	18	24750	买盘
10:00:48	13.75	--	11	15125	买盘
10:00:43	13.75	--	34	46750	卖盘
10:00:37	13.75	--	3	4125	卖盘
10:00:33	13.75	--	20	27500	卖盘
10:00:28	13.75	0.01	2	2750	卖盘
10:00:18	13.74	--	5	6870	卖盘
10:00:13	13.74	--	201	276174	卖盘
10:00:07	13.74	-0.01	42	57708	卖盘
10:00:03	13.75	--	79	108625	买盘
09:59:58	13.75	--	14	19250	买盘
09:59:52	13.75	-0.01	143	197312	卖盘
09:59:48	13.76	0.01	16	22016	买盘
09:59:42	13.75	--	39	53625	卖盘
09:59:37	13.75	--	10	13750	卖盘
09:59:33	13.75	--	66	90750	卖盘
09:59:22	13.75	--	90	124437	买盘
09:59:18	13.75	--	26	35750	买盘
09:59:13	13.75	--	54	74250	买盘
09:59:07	13.75	--	115	158125	买盘
09:59:03	13.75	0.01	16	22000	买盘
09:58:52	13.74	--	0	0	中性盘
09:58:47	13.74	--	30	41220	买盘
09:58:43	13.74	-0.01	14	19236	卖盘
09:58:37	13.75	--	72	99000	买盘
09:58:33	13.75	0.01	20	27500	买盘
09:58:28	13.74	-0.01	8	10992	卖盘
09:58:22	13.75	0.01	11	15125	买盘
09:58:18	13.74	--	18	24732	卖盘
09:58:13	13.74	-0.01	80	109920	卖盘
09:58:07	13.75	0.02	4	5500	买盘
09:58:02	13.73	-0.01	3	4119	卖盘
09:57:58	13.74	--	30	41220	买盘
09:57:52	13.74	--	34	46716	买盘
09:57:48	13.74	--	30	41220	买盘
09:57:42	13.74	--	120	164880	卖盘
09:57:37	13.74	--	42	57708	卖盘
09:57:27	13.74	--	170	233580	买盘
09:57:22	13.74	-0.01	211	290601	卖盘
09:57:16	13.75	--	20	27500	买盘
09:57:12	13.75	--	11	15125	买盘
09:57:07	13.75	0.01	53	72875	买盘
09:56:57	13.74	--	23	31602	卖盘
09:56:52	13.74	--	150	206100	卖盘
09:56:46	13.74	--	1	1374	卖盘
09:56:42	13.74	--	35	48090	卖盘
09:56:37	13.74	--	37	50838	卖盘
09:56:31	13.74	-0.01	20	28167	卖盘
09:56:27	13.75	--	143	196625	买盘
09:56:22	13.75	--	23	31625	买盘
09:56:12	13.75	0.01	67	92125	买盘
09:56:07	13.74	-0.01	96	131904	买盘
09:56:01	13.75	--	0	0	买盘
09:55:57	13.75	0.01	164	225500	买盘
09:55:52	13.74	--	24	32976	买盘
09:55:46	13.74	0.01	44	60456	卖盘
09:55:42	13.73	-0.02	70	96110	卖盘
09:55:37	13.75	--	72	99000	买盘
09:55:31	13.75	0.01	40	55000	买盘
09:55:27	13.74	-0.01	150	206100	卖盘
09:55:22	13.75	--	0	0	卖盘
09:55:16	13.75	-0.01	16	22000	卖盘
09:55:12	13.76	0.01	6	8256	中性盘
09:55:07	13.75	-0.01	65	89375	卖盘
09:55:01	13.76	--	0	0	中性盘
09:54:57	13.76	0.01	18	24768	买盘
09:54:46	13.75	--	205	281875	卖盘
09:54:42	13.75	--	221	303902	买盘
09:54:37	13.75	0.01	220	302500	买盘
09:54:31	13.74	-0.01	20	27480	卖盘
09:54:27	13.75	0.01	58	79750	买盘
09:54:22	13.74	--	10	13740	买盘
09:54:16	13.74	--	2	2748	买盘
09:54:12	13.74	--	45	61830	卖盘
09:54:07	13.74	0.01	24	32976	买盘
09:54:01	13.73	--	89	122197	卖盘
09:53:57	13.73	--	80	109840	买盘
09:53:52	13.73	--	26	35698	卖盘
09:53:46	13.73	-0.01	50	68650	卖盘
09:53:42	13.74	0.01	100	137400	买盘
09:53:31	13.73	--	82	112586	卖盘
09:53:27	13.73	--	4	5492	卖盘
09:53:22	13.73	--	204	280092	买盘
09:53:16	13.73	--	108	148284	卖盘
09:53:12	13.73	--	166	227918	卖盘
09:53:06	13.73	-0.01	5	6865	卖盘
09:53:01	13.74	--	32	43968	买盘
09:52:57	13.74	-0.01	94	129156	卖盘
09:52:52	13.75	--	112	154000	买盘
09:52:46	13.75	--	23	31625	买盘
09:52:42	13.75	--	19	26125	买盘
09:52:37	13.75	-0.01	460	633847	卖盘
09:52:31	13.76	--	11	15136	卖盘
09:52:27	13.76	-0.01	201	276576	卖盘
09:52:22	13.77	0.02	14	19278	买盘
09:52:16	13.75	-0.01	10	13750	卖盘
09:52:12	13.76	-0.01	44	60544	中性盘
09:52:07	13.77	--	14	19278	卖盘
09:52:01	13.77	0.02	6	8262	中性盘
09:51:57	13.75	-0.02	231	317625	卖盘
09:51:52	13.77	--	42	57861	买盘
09:51:46	13.77	--	191	264356	买盘
09:51:42	13.77	--	4	5508	买盘
09:51:37	13.77	--	11	15147	卖盘
09:51:31	13.77	-0.01	15	20655	中性盘
09:51:26	13.78	0.01	150	206700	买盘
09:51:21	13.77	0.01	22	30294	买盘
09:51:16	13.76	--	26	35776	卖盘
09:51:10	13.76	--	35	48160	卖盘
09:51:06	13.76	--	33	45408	卖盘
09:51:01	13.76	-0.01	18	24768	卖盘
09:50:55	13.77	--	11	15147	买盘
09:50:51	13.77	0.01	103	141831	卖盘
09:50:40	13.76	-0.02	2	2752	卖盘
09:50:36	13.78	--	1	1378	买盘
09:50:31	13.78	--	17	23426	卖盘
09:50:21	13.78	0.02	4	5512	卖盘
09:50:16	13.76	--	32	44032	卖盘
09:50:10	13.76	--	10	13760	卖盘
09:50:06	13.76	--	17	23392	卖盘
09:50:01	13.76	--	50	68800	卖盘
09:49:55	13.76	--	6	8256	卖盘
09:49:51	13.76	-0.01	68	93568	卖盘
09:49:46	13.77	0.01	28	38583	买盘
09:49:40	13.76	-0.01	15	20640	买盘
09:49:36	13.77	--	92	128033	买盘
09:49:31	13.77	--	129	177633	买盘
09:49:25	13.77	0.01	14	19278	买盘
09:49:21	13.76	--	20	27520	卖盘
09:49:16	13.76	-0.01	63	86688	卖盘
09:49:06	13.77	--	32	44064	买盘
09:49:01	13.77	--	31	42687	卖盘
09:48:55	13.77	--	35	48195	卖盘
09:48:51	13.77	-0.01	111	152847	卖盘
09:48:46	13.78	0.01	34	46852	买盘
09:48:40	13.77	-0.01	2	2754	卖盘
09:48:36	13.78	0.01	44	60632	买盘
09:48:31	13.77	-0.01	36	49572	卖盘
09:48:21	13.78	--	1	1378	买盘
09:48:16	13.78	-0.01	211	290758	卖盘
09:48:10	13.79	0.01	10	13790	买盘
09:48:06	13.78	--	15	20670	卖盘
09:48:01	13.78	--	104	143312	卖盘
09:47:55	13.78	-0.02	7	9646	卖盘
09:47:51	13.8	--	0	0	买盘
09:47:46	13.8	--	19	26220	买盘
09:47:36	13.8	0.02	8	11040	买盘
09:47:31	13.78	-0.02	69	95082	卖盘
09:47:25	13.8	--	26	35880	买盘
09:47:21	13.8	--	13	17940	买盘
09:47:16	13.8	-0.02	54	74520	卖盘
09:47:06	13.82	0.01	25	34550	买盘
09:47:00	13.81	--	3	4143	卖盘
09:46:55	13.81	--	31	42811	卖盘
09:46:51	13.81	--	55	75955	卖盘
09:46:46	13.81	-0.02	96	132576	卖盘
09:46:40	13.83	--	1	1383	买盘
09:46:36	13.83	0.01	23	31809	买盘
09:46:30	13.82	--	62	85684	卖盘
09:46:21	13.82	--	20	27640	卖盘
09:46:16	13.82	0.01	10	13820	买盘
09:46:10	13.81	-0.01	56	77336	卖盘
09:46:06	13.82	0.01	3	4146	买盘
09:45:55	13.81	0.01	16	22096	买盘
09:45:51	13.8	-0.01	32	44160	卖盘
09:45:46	13.81	0.02	28	38668	买盘
09:45:40	13.79	--	25	34475	买盘
09:45:36	13.79	-0.01	75	103425	卖盘
09:45:30	13.8	0.01	88	121440	买盘
09:45:25	13.79	--	9	12411	卖盘
09:45:16	13.79	0.02	204	281316	买盘
09:45:10	13.77	--	52	71604	卖盘
09:45:06	13.77	0.01	10	13770	买盘
09:45:00	13.76	-0.02	89	122464	卖盘
09:44:55	13.78	0.01	38	52364	买盘
09:44:49	13.77	0.01	18	24786	卖盘
09:44:45	13.76	--	61	83936	卖盘
09:44:40	13.76	-0.01	51	70176	卖盘
09:44:34	13.77	0.01	15	20655	买盘
09:44:30	13.76	--	138	189888	卖盘
09:44:25	13.76	--	223	306848	卖盘
09:44:19	13.76	--	20	27520	卖盘
09:44:15	13.76	--	159	218811	买盘
09:44:10	13.76	--	293	403168	买盘
09:44:04	13.76	--	24	33024	买盘
09:44:00	13.76	--	225	309600	买盘
09:43:55	13.76	-0.01	120	166468	卖盘
09:43:49	13.77	--	54	74358	买盘
09:43:45	13.77	0.01	19	26163	买盘
09:43:40	13.76	-0.01	131	180283	卖盘
09:43:34	13.77	-0.01	190	261630	卖盘
09:43:30	13.78	--	125	172250	买盘
09:43:25	13.78	--	18	24804	买盘
09:43:19	13.78	0.01	41	56498	买盘
09:43:15	13.77	-0.01	44	60588	卖盘
09:43:10	13.78	--	15	20670	卖盘
09:43:04	13.78	-0.01	24	33072	卖盘
09:43:00	13.79	-0.01	41	56539	卖盘
09:42:55	13.8	0.01	77	106260	买盘
09:42:49	13.79	--	66	91014	卖盘
09:42:45	13.79	0.01	203	279937	买盘
09:42:40	13.78	-0.01	108	148824	卖盘
09:42:34	13.79	--	37	51023	中性盘
09:42:30	13.79	--	37	51023	卖盘
09:42:25	13.79	-0.01	76	104804	卖盘
09:42:19	13.8	--	9	12420	买盘
09:42:15	13.8	--	61	84180	买盘
09:42:10	13.8	--	27	37260	买盘
09:42:04	13.8	--	41	56580	卖盘
09:42:00	13.8	-0.01	56	77280	卖盘
09:41:55	13.81	--	184	254104	买盘
09:41:49	13.81	0.01	55	75955	买盘
09:41:45	13.8	-0.01	458	632040	卖盘
09:41:40	13.81	0.01	95	131195	买盘
09:41:34	13.8	-0.02	3	4140	卖盘
09:41:30	13.82	0.02	5	6910	买盘
09:41:25	13.8	-0.02	96	132480	卖盘
09:41:19	13.82	--	10	13820	买盘
09:41:15	13.82	--	105	145110	买盘
09:41:10	13.82	--	472	652304	卖盘
09:41:04	13.82	-0.01	19	26258	卖盘
09:41:00	13.83	-0.01	1	1383	卖盘
09:40:55	13.84	0.01	8	11072	买盘
09:40:45	13.83	-0.01	218	301494	卖盘
09:40:39	13.84	--	31	42904	卖盘
09:40:34	13.84	-0.01	55	76120	卖盘
09:40:30	13.85	0.01	16	22160	买盘
09:40:25	13.84	-0.01	60	83040	卖盘
09:40:15	13.85	--	8	11080	买盘
09:40:09	13.85	--	47	65095	卖盘
09:39:54	13.85	--	11	15235	卖盘
09:39:45	13.85	-0.01	56	77560	卖盘
09:39:34	13.86	--	0	0	买盘
09:39:29	13.86	--	29	40194	买盘
09:39:25	13.86	-0.01	80	110880	卖盘
09:39:19	13.87	--	46	63802	买盘
09:39:14	13.87	--	25	34675	卖盘
09:39:10	13.87	-0.01	38	52706	卖盘
09:39:04	13.88	0.01	39	54132	买盘
09:38:59	13.87	0.02	15	20805	买盘
09:38:54	13.85	-0.03	8	11080	卖盘
09:38:49	13.88	--	1	1388	买盘
09:38:44	13.88	0.03	7	9716	买盘
09:38:39	13.85	-0.01	80	110800	卖盘
09:38:34	13.86	-0.01	32	44352	卖盘
09:38:28	13.87	--	2	2774	卖盘
09:38:24	13.87	0.01	83	115121	买盘
09:38:19	13.86	-0.01	17	23562	卖盘
09:38:13	13.87	0.01	17	23579	买盘
09:38:09	13.86	--	82	113652	卖盘
09:38:04	13.86	0.01	26	36036	卖盘
09:37:54	13.85	--	15	20775	卖盘
09:37:49	13.85	--	122	168970	卖盘
09:37:43	13.85	-0.01	10	13850	卖盘
09:37:39	13.86	0.01	10	13860	买盘
09:37:34	13.85	--	0	0	卖盘
09:37:24	13.85	-0.02	60	83100	卖盘
09:37:19	13.87	0.01	3	4161	买盘
09:37:13	13.86	--	2	2772	买盘
09:37:09	13.86	0.01	36	49896	买盘
09:37:04	13.85	--	33	45705	卖盘
09:36:58	13.85	-0.01	11	15235	卖盘
09:36:54	13.86	--	25	34650	买盘
09:36:49	13.86	--	21	29106	中性盘
09:36:43	13.86	0.04	26	36036	买盘
09:36:39	13.82	--	0	0	卖盘
09:36:34	13.82	-0.04	118	163076	卖盘
09:36:28	13.86	0.01	11	15246	卖盘
09:36:24	13.85	0.02	30	41550	买盘
09:36:19	13.83	-0.01	78	107874	卖盘
09:36:13	13.84	0.02	98	135632	中性盘
09:36:09	13.82	--	0	0	卖盘
09:36:04	13.82	--	156	215592	卖盘
09:35:58	13.82	--	13	17966	卖盘
09:35:54	13.82	--	89	122998	买盘
09:35:49	13.82	--	95	131290	买盘
09:35:43	13.82	0.01	39	53898	买盘
09:35:34	13.81	--	74	102194	卖盘
09:35:24	13.81	-0.01	1	1381	卖盘
09:35:19	13.82	-0.01	141	194862	卖盘
09:35:13	13.83	--	9	12447	卖盘
09:35:09	13.83	0.02	8	11064	买盘
09:35:04	13.81	-0.02	30	41430	卖盘
09:34:58	13.83	0.03	10	13830	买盘
09:34:54	13.8	--	0	0	卖盘
09:34:49	13.8	-0.03	312	430560	卖盘
09:34:43	13.83	0.01	41	56703	买盘
09:34:38	13.82	-0.01	13	17966	卖盘
09:34:33	13.83	--	20	27660	买盘
09:34:28	13.83	0.02	5	6915	买盘
09:34:24	13.81	-0.02	230	317630	卖盘
09:34:18	13.83	--	5	6915	卖盘
09:34:13	13.83	--	5	6915	卖盘
09:34:09	13.83	0.01	490	677670	买盘
09:34:03	13.82	-0.01	56	77392	卖盘
09:33:54	13.83	0.01	76	105108	买盘
09:33:48	13.82	-0.01	212	292984	卖盘
09:33:43	13.83	--	21	29043	卖盘
09:33:39	13.83	--	21	29043	卖盘
09:33:33	13.83	-0.01	9	12447	卖盘
09:33:23	13.84	-0.04	245	339080	卖盘
09:33:18	13.88	0.03	11	15268	买盘
09:33:13	13.85	-0.01	129	178665	卖盘
09:33:03	13.86	--	15	20790	卖盘
09:32:58	13.86	0.01	31	42966	中性盘
09:32:53	13.85	-0.03	17	23545	卖盘
09:32:48	13.88	-0.01	25	34700	中性盘
09:32:43	13.89	0.01	107	148623	买盘
09:32:38	13.88	-0.02	1	1388	卖盘
09:32:33	13.9	--	0	0	买盘
09:32:22	13.9	0.05	1	1390	买盘
09:32:18	13.85	--	13	18005	卖盘
09:32:13	13.85	--	3	4155	买盘
09:32:07	13.85	--	10	13850	卖盘
09:32:03	13.85	-0.06	11	15235	卖盘
09:31:58	13.91	0.02	46	63986	买盘
09:31:52	13.89	--	5	6945	买盘
09:31:48	13.89	-0.02	91	126399	买盘
09:31:43	13.91	--	0	0	买盘
09:31:37	13.91	--	0	0	买盘
09:31:33	13.91	--	0	0	买盘
09:31:28	13.91	0.09	1	1391	买盘
09:31:22	13.82	--	0	0	卖盘
09:31:18	13.82	-0.09	7	9674	卖盘
09:31:13	13.91	0.1	249	346359	买盘
09:31:07	13.81	-0.01	3	4143	卖盘
09:31:03	13.82	--	175	241850	买盘
09:30:58	13.82	--	11	15202	买盘
09:30:48	13.82	--	40	55280	买盘
09:30:43	13.82	--	93	128526	卖盘
09:30:33	13.82	-0.01	111	153402	卖盘
09:30:28	13.83	-0.01	20	27660	卖盘
09:30:22	13.84	--	3	4152	买盘
09:30:13	13.84	--	35	48440	买盘
09:30:07	13.84	--	95	131480	买盘
09:30:02	13.84	--	89	123176	卖盘
09:28:47	13.84	--	0	0	卖盘
09:25:05	13.84	13.84	194	268496	买盘
