成交时间	成交价	价格变动	成交量(手)	成交额(元)	性质
15:00:00	9.84	--	0	0	中性盘
15:00:00	9.84	--	613	603192	买盘
14:59:58	9.84	--	37	36408	买盘
14:59:52	9.84	--	20	19680	买盘
14:59:48	9.84	--	179	176136	卖盘
14:59:43	9.84	0.01	25	24600	卖盘
14:59:37	9.83	-0.01	144	141552	卖盘
14:59:33	9.84	--	159	156456	买盘
14:59:28	9.84	--	353	347352	买盘
14:59:22	9.84	--	45	44280	买盘
14:59:18	9.84	0.01	196	192864	买盘
14:59:13	9.83	-0.01	105	103215	卖盘
14:59:07	9.84	--	23	22632	买盘
14:59:03	9.84	--	103	101352	买盘
14:58:58	9.84	0.01	10	9840	买盘
14:58:52	9.83	-0.01	14	13762	卖盘
14:58:48	9.84	--	203	199752	卖盘
14:58:43	9.84	--	133	130872	买盘
14:58:37	9.84	0.01	5	4920	买盘
14:58:33	9.83	--	602	591766	卖盘
14:58:27	9.83	--	10	9830	卖盘
14:58:22	9.83	--	18	17694	卖盘
14:58:18	9.83	0.01	83	81589	卖盘
14:58:12	9.82	-0.01	140	137480	卖盘
14:58:07	9.83	--	29	28507	卖盘
14:58:02	9.83	0.01	104	102232	买盘
14:57:57	9.82	-0.01	3	2946	卖盘
14:57:52	9.83	--	115	113045	卖盘
14:57:47	9.83	--	332	326356	买盘
14:57:42	9.83	0.01	237	232971	买盘
14:57:37	9.82	--	48	47136	卖盘
14:57:32	9.82	-0.01	465	456630	卖盘
14:57:27	9.83	--	144	141552	买盘
14:57:22	9.83	0.01	13	12779	买盘
14:57:18	9.82	--	63	61866	卖盘
14:57:12	9.82	--	103	101146	买盘
14:57:07	9.82	0.01	20	19640	买盘
14:57:02	9.81	-0.01	66	64746	卖盘
14:56:57	9.82	--	82	80524	买盘
14:56:52	9.82	--	51	50082	买盘
14:56:47	9.82	0.01	17	16694	买盘
14:56:42	9.81	-0.01	151	148131	卖盘
14:56:37	9.82	--	131	128642	卖盘
14:56:32	9.82	0.01	38	37316	卖盘
14:56:27	9.81	-0.01	20	19620	卖盘
14:56:22	9.82	0.01	52	51064	买盘
14:56:17	9.81	-0.01	18	17658	卖盘
14:56:12	9.82	0.01	140	137480	买盘
14:56:07	9.81	--	18	17658	卖盘
14:56:02	9.81	-0.01	1	981	卖盘
14:55:57	9.82	--	56	54992	买盘
14:55:52	9.82	0.01	321	315222	买盘
14:55:42	9.81	--	18	17658	卖盘
14:55:37	9.81	-0.01	72	70632	卖盘
14:55:31	9.82	--	220	216040	买盘
14:55:27	9.82	0.01	77	75614	买盘
14:55:22	9.81	--	35	34335	卖盘
14:55:16	9.81	--	45	44145	卖盘
14:55:12	9.81	--	53	51993	卖盘
14:55:07	9.81	--	53	51993	卖盘
14:55:01	9.81	--	221	216801	卖盘
14:54:57	9.81	--	35	34335	卖盘
14:54:52	9.81	--	305	299205	卖盘
14:54:46	9.81	--	10	9810	卖盘
14:54:42	9.81	--	508	498436	买盘
14:54:37	9.81	--	32	31392	买盘
14:54:31	9.81	--	16	15696	买盘
14:54:27	9.81	--	72	70632	买盘
14:54:22	9.81	--	216	211896	买盘
14:54:16	9.81	--	11	10791	买盘
14:54:12	9.81	--	539	528759	卖盘
14:54:07	9.81	-0.01	8	7848	卖盘
14:54:01	9.82	0.01	25	24550	买盘
14:53:57	9.81	--	80	78480	卖盘
14:53:52	9.81	--	39	38259	买盘
14:53:46	9.81	0.01	63	61803	买盘
14:53:42	9.8	-0.01	238	233240	卖盘
14:53:37	9.81	-0.01	61	59841	买盘
14:53:31	9.82	--	158	155156	买盘
14:53:27	9.82	0.01	152	149264	买盘
14:53:22	9.81	--	101	99081	卖盘
14:53:16	9.81	-0.01	58	56898	卖盘
14:53:12	9.82	--	7	6874	买盘
14:53:07	9.82	--	566	555812	买盘
14:53:01	9.82	0.01	29	28478	买盘
14:52:57	9.81	-0.01	8	7848	卖盘
14:52:52	9.82	--	797	782654	买盘
14:52:46	9.82	0.01	2	1964	买盘
14:52:42	9.81	--	51	50031	卖盘
14:52:37	9.81	--	119	116739	卖盘
14:52:31	9.81	--	13	12753	卖盘
14:52:27	9.81	--	174	170694	买盘
14:52:22	9.81	--	64	62784	买盘
14:52:16	9.81	--	6	5886	买盘
14:52:12	9.81	--	46	45126	卖盘
14:52:07	9.81	--	37	36297	买盘
14:52:01	9.81	--	61	59841	买盘
14:51:57	9.81	--	258	253098	买盘
14:51:52	9.81	--	97	95157	卖盘
14:51:41	9.81	--	48	47088	卖盘
14:51:37	9.81	--	92	90252	买盘
14:51:31	9.81	--	346	339426	买盘
14:51:27	9.81	--	128	125568	买盘
14:51:22	9.81	--	17	16677	买盘
14:51:16	9.81	--	10	9810	买盘
14:51:12	9.81	-0.01	7	6867	卖盘
14:51:06	9.82	--	158	155156	买盘
14:50:56	9.82	0.01	52	51064	买盘
14:50:51	9.81	0.01	80	78480	买盘
14:50:46	9.8	-0.01	3	2940	卖盘
14:50:41	9.81	--	107	104967	买盘
14:50:36	9.81	0.01	87	85347	买盘
14:50:31	9.8	-0.01	18	17640	卖盘
14:50:26	9.81	--	100	98100	买盘
14:50:21	9.81	--	10	9810	买盘
14:50:16	9.81	-0.01	107	104967	卖盘
14:50:11	9.82	0.01	777	763014	买盘
14:50:06	9.81	--	74	72594	卖盘
14:50:01	9.81	--	12	11772	卖盘
14:49:56	9.81	--	20	19620	卖盘
14:49:51	9.81	-0.01	113	110853	卖盘
14:49:46	9.82	0.01	67	65794	买盘
14:49:41	9.81	-0.01	13	12753	卖盘
14:49:36	9.82	--	11	10802	买盘
14:49:31	9.82	0.01	92	90344	买盘
14:49:26	9.81	--	12	11772	卖盘
14:49:21	9.81	--	161	157941	卖盘
14:49:16	9.81	--	43	42183	买盘
14:49:11	9.81	--	94	92214	卖盘
14:49:06	9.81	--	36	35316	卖盘
14:49:01	9.81	0.01	3	2943	卖盘
14:48:56	9.8	-0.02	18	17640	卖盘
14:48:51	9.82	0.01	98	96236	买盘
14:48:46	9.81	0.01	10	9810	买盘
14:48:40	9.8	-0.01	130	127400	卖盘
14:48:36	9.81	--	19	18639	买盘
14:48:31	9.81	--	41	40221	买盘
14:48:21	9.81	--	3	2943	买盘
14:48:16	9.81	-0.01	111	108891	中性盘
14:48:10	9.82	--	29	28478	买盘
14:48:06	9.82	0.01	415	407530	买盘
14:48:01	9.81	-0.01	3	2943	卖盘
14:47:51	9.82	--	100	98200	买盘
14:47:46	9.82	--	6	5892	卖盘
14:47:36	9.82	-0.01	8	7856	卖盘
14:47:31	9.83	0.02	274	269342	买盘
14:47:25	9.81	-0.01	100	98100	卖盘
14:47:21	9.82	--	20	19640	卖盘
14:47:16	9.82	--	37	36334	卖盘
14:47:10	9.82	--	7	6874	卖盘
14:47:06	9.82	--	29	28478	买盘
14:46:55	9.82	--	54	53028	买盘
14:46:51	9.82	--	53	52046	买盘
14:46:46	9.82	--	56	54992	卖盘
14:46:36	9.82	--	24	23568	买盘
14:46:20	9.82	-0.01	2	1964	卖盘
14:46:16	9.83	--	251	246733	买盘
14:46:10	9.83	0.02	48	47184	买盘
14:46:06	9.81	-0.01	343	336483	卖盘
14:46:01	9.82	--	31	30442	卖盘
14:45:55	9.82	0.01	176	172832	买盘
14:45:51	9.81	--	20	19620	卖盘
14:45:46	9.81	--	3	2943	卖盘
14:45:40	9.81	--	11	10791	卖盘
14:45:36	9.81	--	90	88290	买盘
14:45:31	9.81	--	89	87309	买盘
14:45:21	9.81	--	6	5886	买盘
14:45:16	9.81	--	88	86328	买盘
14:45:10	9.81	--	20	19620	买盘
14:45:06	9.81	--	15	14715	买盘
14:45:01	9.81	--	9	8829	卖盘
14:44:55	9.81	-0.02	20	19620	卖盘
14:44:50	9.83	0.02	33	32439	买盘
14:44:46	9.81	--	512	502272	卖盘
14:44:40	9.81	--	40	39240	卖盘
14:44:36	9.81	--	134	131454	卖盘
14:44:31	9.81	-0.01	42	41202	卖盘
14:44:25	9.82	0.01	29	28478	买盘
14:44:21	9.81	--	4	3924	卖盘
14:44:15	9.81	--	129	126549	卖盘
14:44:10	9.81	--	40	39240	卖盘
14:44:05	9.81	--	22	21582	卖盘
14:44:00	9.81	--	9	8829	卖盘
14:43:50	9.81	--	41	40221	卖盘
14:43:45	9.81	--	3	2943	卖盘
14:43:40	9.81	--	13	12753	买盘
14:43:35	9.81	--	73	71613	买盘
14:43:30	9.81	0.01	129	126549	买盘
14:43:25	9.8	-0.01	60	58800	卖盘
14:43:20	9.81	0.01	36	35316	买盘
14:43:10	9.8	--	57	55860	卖盘
14:42:55	9.8	--	34	33320	卖盘
14:42:50	9.8	-0.01	7	6860	卖盘
14:42:45	9.81	0.02	31	30411	买盘
14:42:40	9.79	--	7	6852	卖盘
14:42:30	9.79	-0.02	191	186988	卖盘
14:42:25	9.81	--	15	14715	卖盘
14:42:20	9.81	0.02	181	177561	买盘
14:42:15	9.79	-0.01	115	112584	卖盘
14:42:10	9.8	--	79	77420	买盘
14:42:04	9.8	--	11	10780	买盘
14:42:00	9.8	--	50	49000	卖盘
14:41:55	9.8	--	34	33320	卖盘
14:41:49	9.8	--	26	25480	买盘
14:41:45	9.8	--	68	66640	卖盘
14:41:40	9.8	-0.01	42	41160	卖盘
14:41:34	9.81	--	5	4905	买盘
14:41:30	9.81	0.02	10	9810	买盘
14:41:25	9.79	-0.01	22	21929	卖盘
14:41:15	9.8	--	110	107800	买盘
14:41:10	9.8	0.01	153	149940	买盘
14:41:04	9.79	--	1	978	卖盘
14:41:00	9.79	--	160	156640	买盘
14:40:55	9.79	0.01	150	146850	买盘
14:40:49	9.78	-0.01	89	87042	卖盘
14:40:45	9.79	--	22	21537	买盘
14:40:40	9.79	--	47	46012	买盘
14:40:34	9.79	0.01	129	126290	买盘
14:40:30	9.78	-0.01	52	50856	卖盘
14:40:25	9.79	--	22	21537	买盘
14:40:19	9.79	--	46	45033	卖盘
14:40:15	9.79	--	189	185030	卖盘
14:40:10	9.79	--	160	156640	卖盘
14:40:04	9.79	--	13	12726	卖盘
14:40:00	9.79	--	25	24474	卖盘
14:39:55	9.79	--	49	47970	卖盘
14:39:49	9.79	-0.01	20	19580	卖盘
14:39:45	9.8	0.01	51	49980	买盘
14:39:40	9.79	--	24	23495	买盘
14:39:34	9.79	-0.01	14	13705	卖盘
14:39:29	9.8	0.01	348	341040	买盘
14:39:25	9.79	--	244	238875	卖盘
14:39:19	9.79	--	10	9790	卖盘
14:39:15	9.79	--	47	46012	卖盘
14:39:10	9.79	--	166	162514	卖盘
14:39:03	9.79	-0.01	2	1957	卖盘
14:39:00	9.8	0.01	145	142100	买盘
14:38:55	9.79	--	176	172303	卖盘
14:38:49	9.79	--	87	85172	卖盘
14:38:45	9.79	--	344	336775	卖盘
14:38:40	9.79	--	223	218316	卖盘
14:38:34	9.79	-0.01	66	64613	卖盘
14:38:30	9.8	0.01	36	35280	买盘
14:38:25	9.79	-0.01	37	36223	卖盘
14:38:19	9.8	--	31	30380	买盘
14:38:15	9.8	--	77	75460	买盘
14:38:10	9.8	-0.01	1821	1785168	卖盘
14:38:03	9.81	-0.01	8	7848	卖盘
14:37:59	9.82	0.01	184	180688	买盘
14:37:55	9.81	-0.01	102	100062	卖盘
14:37:49	9.82	0.01	23	22586	买盘
14:37:44	9.81	--	14	13734	卖盘
14:37:39	9.81	-0.01	2	1962	卖盘
14:37:34	9.82	--	10	9820	买盘
14:37:29	9.82	--	224	219968	买盘
14:37:24	9.82	--	112	109984	买盘
14:37:19	9.82	--	8	7856	买盘
14:37:14	9.82	--	425	417350	卖盘
14:37:09	9.82	-0.01	34	33388	卖盘
14:36:59	9.83	-0.01	91	89453	卖盘
14:36:54	9.84	0.01	75	73800	买盘
14:36:49	9.83	--	9	8847	卖盘
14:36:44	9.83	--	22	21626	卖盘
14:36:34	9.83	--	20	19660	卖盘
14:36:29	9.83	--	29	28507	卖盘
14:36:24	9.83	-0.01	23	22609	卖盘
14:36:19	9.84	0.01	155	152520	买盘
14:36:14	9.83	0.01	108	106164	买盘
14:36:09	9.82	-0.01	264	259248	卖盘
14:35:59	9.83	0.01	7	6881	买盘
14:35:54	9.82	--	48	47136	卖盘
14:35:49	9.82	--	62	60884	卖盘
14:35:44	9.82	--	48	47136	买盘
14:35:39	9.82	--	21	20622	买盘
14:35:34	9.82	--	181	177742	买盘
14:35:28	9.82	--	49	48118	买盘
14:35:24	9.82	--	10	9820	买盘
14:35:19	9.82	-0.02	714	701148	卖盘
14:35:13	9.84	--	6	5904	卖盘
14:35:08	9.84	0.01	18	17712	买盘
14:35:04	9.83	-0.01	75	73725	卖盘
14:34:54	9.84	--	92	90528	买盘
14:34:49	9.84	0.01	58	57072	买盘
14:34:43	9.83	--	18	17694	卖盘
14:34:38	9.83	-0.01	30	29490	卖盘
14:34:34	9.84	--	54	53136	买盘
14:34:19	9.84	--	8	7872	买盘
14:34:09	9.84	0.01	166	163344	买盘
14:33:58	9.83	--	115	113045	卖盘
14:33:54	9.83	--	50	49150	卖盘
14:33:49	9.83	--	250	245750	买盘
14:33:38	9.83	--	20	19660	买盘
14:33:34	9.83	--	99	97317	买盘
14:33:28	9.83	--	54	53082	买盘
14:33:23	9.83	--	11	10813	买盘
14:33:19	9.83	--	28	27524	买盘
14:33:09	9.83	--	51	50133	买盘
14:33:04	9.83	--	202	198566	买盘
14:32:54	9.83	--	91	89453	买盘
14:32:49	9.83	--	36	35388	买盘
14:32:43	9.83	--	3	2949	买盘
14:32:39	9.83	0.01	16	15728	买盘
14:32:34	9.82	-0.01	59	57938	卖盘
14:32:28	9.83	0.01	23	22609	买盘
14:32:24	9.82	--	5	4910	卖盘
14:32:18	9.82	-0.01	53	52046	卖盘
14:32:12	9.83	--	43	42269	买盘
14:32:09	9.83	--	31	30473	买盘
14:32:04	9.83	--	5	4915	买盘
14:31:58	9.83	0.01	23	22609	买盘
14:31:53	9.82	-0.01	11	10802	卖盘
14:31:49	9.83	--	15	14745	卖盘
14:31:39	9.83	--	0	0	中性盘
14:31:34	9.83	--	22	21626	买盘
14:31:28	9.83	--	5	4915	买盘
14:31:23	9.83	--	16	15728	买盘
14:31:18	9.83	0.01	8	7864	买盘
14:31:13	9.82	-0.01	22	21604	卖盘
14:31:08	9.83	--	5	4915	卖盘
14:31:03	9.83	-0.01	15	14745	卖盘
14:30:58	9.84	0.02	128	125952	买盘
14:30:53	9.82	-0.02	216	212112	卖盘
14:30:48	9.84	0.01	125	123000	买盘
14:30:43	9.83	-0.01	1	983	卖盘
14:30:38	9.84	--	64	62976	买盘
14:30:33	9.84	--	32	31488	买盘
14:30:23	9.84	-0.01	157	154488	卖盘
14:30:18	9.85	0.01	22	21670	买盘
14:30:13	9.84	--	44	43296	卖盘
14:30:08	9.84	--	125	123000	卖盘
14:29:58	9.84	0.03	178	175152	买盘
14:29:53	9.81	-0.02	335	328635	卖盘
14:29:48	9.83	-0.01	35	34405	卖盘
14:29:43	9.84	0.01	22	21648	买盘
14:29:38	9.83	--	131	128773	卖盘
14:29:33	9.83	--	116	114028	卖盘
14:29:27	9.83	-0.01	209	205447	卖盘
14:29:23	9.84	-0.01	5	4920	卖盘
14:29:18	9.85	--	233	229505	买盘
14:29:13	9.85	-0.01	26	25610	卖盘
14:29:08	9.86	0.01	128	126208	买盘
14:29:03	9.85	--	54	53190	卖盘
14:28:58	9.85	-0.01	62	61070	卖盘
14:28:52	9.86	--	60	59160	买盘
14:28:47	9.86	--	30	29580	买盘
14:28:43	9.86	--	20	19720	买盘
14:28:37	9.86	0.01	6	5916	买盘
14:28:33	9.85	--	169	166465	卖盘
14:28:27	9.85	--	60	59100	卖盘
14:28:21	9.85	--	36	35460	卖盘
14:28:17	9.85	--	18	17730	卖盘
14:28:13	9.85	-0.01	86	84710	卖盘
14:28:07	9.86	--	45	44370	买盘
14:28:03	9.86	0.01	26	25636	买盘
14:27:57	9.85	--	72	70920	卖盘
14:27:52	9.85	--	50	49250	卖盘
14:27:47	9.85	--	175	172375	卖盘
14:27:43	9.85	-0.01	9	8865	卖盘
14:27:36	9.86	0.01	10	9860	买盘
14:27:32	9.85	-0.01	53	52205	卖盘
14:27:28	9.86	0.01	371	365806	买盘
14:27:22	9.85	-0.01	29	28565	卖盘
14:27:18	9.86	0.01	9	8874	买盘
14:27:13	9.85	--	32	31520	卖盘
14:27:03	9.85	--	58	57130	卖盘
14:26:57	9.85	-0.01	15	14775	卖盘
14:26:52	9.86	--	15	14790	卖盘
14:26:48	9.86	--	17	16762	买盘
14:26:43	9.86	--	104	102544	卖盘
14:26:37	9.86	--	33	32537	买盘
14:26:32	9.86	--	4	3944	卖盘
14:26:28	9.86	--	62	61132	卖盘
14:26:13	9.86	--	75	73950	买盘
14:26:06	9.86	--	39	38454	买盘
14:26:03	9.86	--	10	9860	买盘
14:25:57	9.86	--	13	12818	卖盘
14:25:52	9.86	-0.01	61	60146	卖盘
14:25:48	9.87	--	3	2960	买盘
14:25:43	9.87	0.01	169	166803	买盘
14:25:37	9.86	-0.01	100	98600	卖盘
14:25:32	9.87	0.01	122	120413	买盘
14:25:28	9.86	--	38	37468	卖盘
14:25:22	9.86	--	115	113390	卖盘
14:25:17	9.86	-0.01	48	47328	卖盘
14:25:13	9.87	--	10	9870	买盘
14:24:58	9.87	--	356	351372	卖盘
14:24:52	9.87	-0.01	17	16779	卖盘
14:24:47	9.88	--	14	13832	买盘
14:24:42	9.88	--	15	14820	买盘
14:24:37	9.88	--	53	52364	买盘
14:24:28	9.88	0.01	31	30628	买盘
14:24:22	9.87	-0.01	75	74025	卖盘
14:24:18	9.88	--	32	31616	买盘
14:24:12	9.88	--	85	83980	买盘
14:24:06	9.88	0.01	72	71136	买盘
14:24:02	9.87	--	37	36519	卖盘
14:23:57	9.87	--	55	54284	卖盘
14:23:47	9.87	-0.01	37	36519	卖盘
14:23:42	9.88	0.01	158	156104	买盘
14:23:37	9.87	0.01	4	3947	买盘
14:23:32	9.86	-0.01	58	57188	卖盘
14:23:27	9.87	0.01	31	30596	买盘
14:23:21	9.86	--	20	19720	卖盘
14:23:17	9.86	-0.02	48	47328	卖盘
14:23:12	9.88	0.01	18	17784	买盘
14:23:06	9.87	0.01	10	9870	中性盘
14:23:02	9.86	-0.01	36	35496	卖盘
14:22:57	9.87	-0.01	26	25661	中性盘
14:22:51	9.88	0.01	105	103740	买盘
14:22:42	9.87	--	39	38493	买盘
14:22:37	9.87	--	5	4935	买盘
14:22:32	9.87	--	59	58232	卖盘
14:22:27	9.87	-0.01	40	39480	卖盘
14:22:22	9.88	--	26	25688	买盘
14:22:17	9.88	--	9	8892	买盘
14:22:12	9.88	--	359	354692	卖盘
14:22:07	9.88	--	7	6916	卖盘
14:22:02	9.88	--	10	9880	卖盘
14:21:57	9.88	-0.01	26	25688	卖盘
14:21:45	9.89	--	38	37582	卖盘
14:21:41	9.89	--	375	370875	卖盘
14:21:37	9.89	--	10	9890	卖盘
14:21:30	9.89	--	8	7912	卖盘
14:21:26	9.89	--	29	28681	卖盘
14:21:21	9.89	-0.01	26	25714	卖盘
14:21:16	9.9	0.01	145	143550	买盘
14:21:11	9.89	--	196	193844	卖盘
14:21:07	9.89	-0.01	89	88021	卖盘
14:21:01	9.9	--	18	17820	买盘
14:20:51	9.9	0.01	20	19800	买盘
14:20:45	9.89	-0.01	25	24725	卖盘
14:20:41	9.9	0.01	247	244530	买盘
14:20:37	9.89	-0.01	299	295711	卖盘
14:20:31	9.9	0.01	5	4950	买盘
14:20:26	9.89	-0.01	13	12857	卖盘
14:20:21	9.9	--	175	173250	买盘
14:20:16	9.9	0.01	58	57420	买盘
14:20:11	9.89	-0.01	136	134504	卖盘
14:20:07	9.9	--	18	17820	买盘
14:20:00	9.9	--	10	9900	买盘
14:19:56	9.9	--	27	26730	买盘
14:19:51	9.9	--	44	43560	买盘
14:19:45	9.9	-0.01	10	9900	买盘
14:19:41	9.91	0.01	277	274507	买盘
14:19:36	9.9	--	26	25740	卖盘
14:19:31	9.9	--	42	41580	卖盘
14:19:27	9.9	--	101	99990	卖盘
14:19:21	9.9	--	106	104940	卖盘
14:19:11	9.9	--	336	332640	卖盘
14:19:06	9.9	--	2	1980	卖盘
14:18:56	9.9	--	12	11880	中性盘
14:18:51	9.9	0.01	20	19800	中性盘
14:18:46	9.89	--	48	47472	卖盘
14:18:42	9.89	--	151	149339	卖盘
14:18:36	9.89	--	25	24725	卖盘
14:18:26	9.89	--	219	216591	买盘
14:18:15	9.89	-0.02	7	6923	卖盘
14:18:11	9.91	0.01	167	165497	买盘
14:18:06	9.9	0.01	7	6930	中性盘
14:18:00	9.89	-0.01	60	59340	卖盘
14:17:56	9.9	0.01	125	123750	买盘
14:17:51	9.89	--	684	676476	卖盘
14:17:41	9.89	--	162	160218	卖盘
14:17:36	9.89	--	139	137471	买盘
14:17:30	9.89	--	10	9890	买盘
14:17:26	9.89	0.01	5	4945	买盘
14:17:21	9.88	-0.01	37	36556	卖盘
14:17:11	9.89	--	178	176042	买盘
14:17:06	9.89	--	14	13846	买盘
14:17:00	9.89	0.01	5	4945	买盘
14:16:56	9.88	-0.01	5	4940	卖盘
14:16:51	9.89	0.01	83	82087	买盘
14:16:45	9.88	-0.01	5	4940	卖盘
14:16:41	9.89	0.01	814	805046	买盘
14:16:36	9.88	-0.01	100	98800	卖盘
14:16:30	9.89	--	40	39560	买盘
14:16:26	9.89	0.01	12	11868	买盘
14:16:21	9.88	--	309	305292	卖盘
14:16:15	9.88	0.01	625	617500	买盘
14:16:11	9.87	-0.01	170	167790	卖盘
14:16:06	9.88	0.01	153	151164	买盘
14:15:56	9.87	--	5	4935	卖盘
14:15:51	9.87	--	27	26648	卖盘
14:15:45	9.87	0.01	674	665238	买盘
14:15:40	9.86	-0.01	128	126208	卖盘
14:15:36	9.87	0.01	32	31583	买盘
14:15:31	9.86	-0.01	329	324394	卖盘
14:15:26	9.87	--	4	3947	买盘
14:15:20	9.87	--	77	75999	卖盘
14:15:15	9.87	-0.01	15	14804	卖盘
14:15:11	9.88	--	60	59280	买盘
14:15:05	9.88	0.01	14	13832	买盘
14:15:01	9.87	--	10	9870	买盘
14:14:54	9.87	--	2	1973	买盘
14:14:50	9.87	--	75	74025	买盘
14:14:45	9.87	--	315	310905	买盘
14:14:39	9.87	-0.01	99	97712	买盘
14:14:35	9.88	0.02	85	83980	买盘
14:14:30	9.86	-0.01	100	98600	卖盘
14:14:24	9.87	--	7	6908	卖盘
14:14:20	9.87	--	40	39480	买盘
14:14:15	9.87	--	110	108569	买盘
14:14:09	9.87	--	45	44415	买盘
14:14:05	9.87	--	20	19740	买盘
14:14:00	9.87	0.01	5	4935	买盘
14:13:50	9.86	--	20	19720	卖盘
14:13:45	9.86	-0.01	526	518635	买盘
14:13:39	9.87	0.01	152	150024	买盘
14:13:35	9.86	--	6	5916	买盘
14:13:30	9.86	--	18	17748	卖盘
14:13:24	9.86	--	8	7888	买盘
14:13:20	9.86	--	30	29580	买盘
14:13:15	9.86	--	201	198186	买盘
14:13:09	9.86	0.01	84	82824	买盘
14:13:05	9.85	-0.01	88	86680	卖盘
14:13:00	9.86	0.01	13	12818	买盘
14:12:50	9.85	--	40	39400	卖盘
14:12:45	9.85	-0.01	45	44325	卖盘
14:12:39	9.86	--	16	15776	买盘
14:12:35	9.86	--	66	65075	买盘
14:12:24	9.86	0.01	110	108460	买盘
14:12:20	9.85	-0.01	21	20685	卖盘
14:12:16	9.86	--	145	142970	买盘
14:12:09	9.86	--	60	59160	卖盘
14:12:05	9.86	-0.01	21	20706	卖盘
14:12:00	9.87	0.01	53	52310	买盘
14:11:54	9.86	--	20	19720	卖盘
14:11:50	9.86	--	88	86768	卖盘
14:11:45	9.86	--	176	173536	卖盘
14:11:39	9.86	--	34	33524	卖盘
14:11:35	9.86	-0.01	10	9860	卖盘
14:11:24	9.87	0.01	21	20727	买盘
14:11:20	9.86	--	27	26622	卖盘
14:11:15	9.86	--	259	255373	买盘
14:11:09	9.86	--	91	89726	买盘
14:11:05	9.86	--	1	986	买盘
14:11:00	9.86	--	42	41412	买盘
14:10:54	9.86	0.01	44	43384	买盘
14:10:50	9.85	--	172	169420	买盘
14:10:45	9.85	--	264	260040	买盘
14:10:39	9.85	0.01	91	89635	买盘
14:10:35	9.84	--	2	1968	卖盘
14:10:30	9.84	0.01	394	387696	买盘
14:10:20	9.83	0.01	150	147450	买盘
14:10:15	9.82	--	62	60884	卖盘
14:10:09	9.82	-0.01	28	27496	卖盘
14:10:05	9.83	--	2	1966	卖盘
14:10:00	9.83	--	65	63895	买盘
14:09:54	9.83	0.01	8	7864	买盘
14:09:50	9.82	-0.02	25	24550	卖盘
14:09:45	9.84	0.01	51	50184	买盘
14:09:39	9.83	--	16	15728	买盘
14:09:35	9.83	--	2	1966	买盘
14:09:30	9.83	0.01	57	56031	买盘
14:09:15	9.82	-0.01	653	641246	中性盘
14:09:09	9.83	0.02	226	222158	买盘
14:08:50	9.81	--	0	0	卖盘
14:08:45	9.81	-0.01	17	16677	卖盘
14:08:39	9.82	0.01	49	48118	买盘
14:08:29	9.81	--	15	14715	卖盘
14:08:24	9.81	--	15	14715	卖盘
14:08:14	9.81	--	212	207972	卖盘
14:08:09	9.81	--	97	95157	卖盘
14:07:59	9.81	--	23	22563	卖盘
14:07:48	9.81	--	18	17658	卖盘
14:07:44	9.81	--	22	21582	买盘
14:07:39	9.81	--	2	1962	买盘
14:07:29	9.81	--	5	4905	买盘
14:07:24	9.81	0.01	33	32373	卖盘
14:07:14	9.8	-0.02	143	140140	卖盘
14:07:09	9.82	0.01	47	46154	买盘
14:07:03	9.81	-0.01	3	2943	卖盘
14:06:44	9.82	0.01	66	64812	买盘
14:06:39	9.81	--	41	40221	买盘
14:06:33	9.81	--	20	19620	买盘
14:06:29	9.81	--	6	5886	买盘
14:06:24	9.81	--	22	21582	买盘
14:06:18	9.81	--	29	28449	买盘
14:06:14	9.81	-0.01	87	85347	卖盘
14:06:09	9.82	0.01	49	48118	买盘
14:06:03	9.81	--	18	17658	卖盘
14:05:59	9.81	-0.01	80	78480	卖盘
14:05:54	9.82	--	2	1964	买盘
14:05:44	9.82	--	75	73650	买盘
14:05:39	9.82	--	45	44190	买盘
14:05:33	9.82	--	3	2946	买盘
14:05:29	9.82	--	21	20622	买盘
14:05:24	9.82	0.01	43	42226	买盘
14:05:18	9.81	-0.01	3	2943	卖盘
14:05:14	9.82	0.01	236	231752	买盘
14:05:09	9.81	-0.01	82	80442	卖盘
14:04:54	9.82	--	5	4910	买盘
14:04:48	9.82	--	0	0	买盘
14:04:44	9.82	0.01	39	38298	买盘
14:04:39	9.81	0.01	67	65727	买盘
14:04:29	9.8	-0.01	31	30380	卖盘
14:04:24	9.81	0.01	5	4905	买盘
14:04:18	9.8	--	31	30380	卖盘
14:04:14	9.8	-0.01	64	62720	卖盘
14:04:09	9.81	--	48	47088	买盘
14:04:03	9.81	0.01	5	4905	买盘
14:03:59	9.8	--	29	28420	卖盘
14:03:54	9.8	-0.01	112	109760	卖盘
14:03:44	9.81	--	51	50031	买盘
14:03:39	9.81	0.01	17	16677	买盘
14:03:33	9.8	--	1	980	卖盘
14:03:29	9.8	-0.01	31	30380	卖盘
14:03:24	9.81	--	2	1962	买盘
14:03:14	9.81	--	15	14715	买盘
14:03:09	9.81	--	5	4905	买盘
14:03:03	9.81	-0.01	7	6867	卖盘
14:02:59	9.82	0.01	6	5892	买盘
14:02:54	9.81	--	50	49050	卖盘
14:02:44	9.81	--	11	10791	卖盘
14:02:39	9.81	--	40	39240	卖盘
14:02:29	9.81	--	5	4905	卖盘
14:02:18	9.81	-0.01	5	4905	卖盘
14:02:09	9.82	--	3	2946	买盘
14:02:03	9.82	0.01	13	12766	买盘
14:01:54	9.81	-0.01	234	229554	卖盘
14:01:48	9.82	--	43	42226	买盘
14:01:44	9.82	0.01	14	13748	买盘
14:01:39	9.81	--	10	9810	卖盘
14:01:23	9.81	-0.01	22	21582	卖盘
14:01:18	9.82	0.01	20	19640	买盘
14:01:08	9.81	-0.01	10	9810	卖盘
14:01:03	9.82	--	6	5892	买盘
14:00:57	9.82	0.01	12	11784	买盘
14:00:48	9.81	--	35	34335	卖盘
14:00:38	9.81	--	20	19620	卖盘
14:00:33	9.81	--	9	8829	卖盘
14:00:27	9.81	--	53	51993	买盘
14:00:18	9.81	--	10	9810	买盘
14:00:12	9.81	--	10	9810	买盘
14:00:03	9.81	--	3	2943	买盘
13:59:57	9.81	--	30	29430	买盘
13:59:53	9.81	-0.01	71	69651	卖盘
13:59:48	9.82	0.01	297	291654	买盘
13:59:42	9.81	-0.01	30	29430	卖盘
13:59:38	9.82	--	8	7856	买盘
13:59:33	9.82	--	7	6874	买盘
13:59:27	9.82	0.01	60	58920	买盘
13:59:23	9.81	-0.01	57	55917	卖盘
13:59:18	9.82	--	21	20622	买盘
13:59:08	9.82	--	65	63830	买盘
13:59:03	9.82	--	92	90344	买盘
13:58:53	9.82	--	33	32406	买盘
13:58:38	9.82	--	513	503766	卖盘
13:58:27	9.82	--	23	22586	卖盘
13:58:23	9.82	--	10	9820	卖盘
13:58:12	9.82	-0.01	10	9820	卖盘
13:58:08	9.83	0.01	96	94368	买盘
13:58:03	9.82	--	66	64812	卖盘
13:57:57	9.82	--	10	9820	卖盘
13:57:53	9.82	-0.01	46	45172	卖盘
13:57:48	9.83	0.01	74	72742	买盘
13:57:42	9.82	-0.01	131	128642	卖盘
13:57:38	9.83	0.01	1	983	买盘
13:57:33	9.82	-0.01	79	77578	卖盘
13:57:18	9.83	0.01	11	10813	买盘
13:57:12	9.82	-0.01	1	982	卖盘
13:57:08	9.83	0.01	116	114028	买盘
13:57:03	9.82	--	5	4910	卖盘
13:56:57	9.82	--	7	6874	卖盘
13:56:38	9.82	--	70	68740	卖盘
13:56:33	9.82	--	147	144354	买盘
13:56:27	9.82	--	20	19640	买盘
13:56:18	9.82	--	1	982	买盘
13:56:12	9.82	0.01	10	9820	买盘
13:56:08	9.81	-0.01	92	90252	卖盘
13:56:03	9.82	--	41	40262	买盘
13:55:57	9.82	0.01	13	12766	买盘
13:55:53	9.81	-0.01	1	981	卖盘
13:55:48	9.82	--	71	69722	买盘
13:55:42	9.82	--	19	18658	买盘
13:55:38	9.82	--	68	66776	买盘
13:55:33	9.82	0.01	50	49100	买盘
13:55:27	9.81	-0.01	23	22563	卖盘
13:55:18	9.82	--	8	7856	买盘
13:55:12	9.82	--	173	169886	买盘
13:55:08	9.82	0.01	73	71686	买盘
13:54:57	9.81	--	184	180504	卖盘
13:54:47	9.81	--	6	5886	买盘
13:54:42	9.81	--	24	23544	卖盘
13:54:36	9.81	-0.01	1	981	卖盘
13:54:33	9.82	0.01	10	9820	买盘
13:54:27	9.81	0.01	1	981	卖盘
13:54:21	9.8	-0.01	16	15680	卖盘
13:54:17	9.81	--	21	20601	买盘
13:54:12	9.81	--	43	42183	买盘
13:54:06	9.81	--	10	9810	买盘
13:54:02	9.81	-0.01	17	16677	卖盘
13:53:57	9.82	0.01	9	8838	买盘
13:53:47	9.81	0.01	1	981	中性盘
13:53:42	9.8	-0.01	15	14700	卖盘
13:53:36	9.81	--	12	11772	买盘
13:53:32	9.81	0.01	32	31392	买盘
13:53:27	9.8	--	22	21560	卖盘
13:53:21	9.8	-0.02	34	33320	卖盘
13:53:17	9.82	0.01	1	982	买盘
13:53:12	9.81	--	1	981	中性盘
13:53:06	9.81	0.01	36	35316	买盘
13:53:02	9.8	--	1	980	卖盘
13:52:57	9.8	--	439	430220	卖盘
13:52:51	9.8	--	17	16660	卖盘
13:52:47	9.8	--	950	931392	买盘
13:52:42	9.8	0.01	10	9800	买盘
13:52:32	9.79	--	219	214400	卖盘
13:52:27	9.79	-0.01	22	21537	卖盘
13:52:17	9.8	0.01	41	40180	买盘
13:52:12	9.79	-0.01	61	59718	卖盘
13:52:06	9.8	--	28	27440	买盘
13:52:02	9.8	--	20	19600	买盘
13:51:57	9.8	0.01	12	11760	买盘
13:51:51	9.79	--	23	22516	卖盘
13:51:42	9.79	--	47	46012	卖盘
13:51:36	9.79	-0.01	7	6852	卖盘
13:51:32	9.8	--	45	44100	买盘
13:51:21	9.8	--	3	2940	买盘
13:51:12	9.8	--	25	24500	买盘
13:50:51	9.8	0.02	21	20580	买盘
13:50:47	9.78	-0.01	8	7823	卖盘
13:50:42	9.79	--	37	36223	买盘
13:50:36	9.79	-0.01	2	1957	买盘
13:50:32	9.8	--	0	0	买盘
13:50:27	9.8	0.01	9	8820	买盘
13:50:21	9.79	--	2	1957	买盘
13:50:17	9.79	--	28	27411	卖盘
13:50:12	9.79	--	22	21537	卖盘
13:50:06	9.79	--	83	81257	买盘
13:50:02	9.79	--	10	9790	买盘
13:49:57	9.79	0.01	1080	1057320	买盘
13:49:51	9.78	-0.01	5	4890	卖盘
13:49:42	9.79	0.01	23	22516	买盘
13:49:32	9.78	-0.01	71	69438	卖盘
13:49:27	9.79	0.01	71	69509	买盘
13:49:17	9.78	-0.01	30	29339	卖盘
13:49:12	9.79	--	15	14684	买盘
13:49:02	9.79	0.01	8	7831	买盘
13:48:57	9.78	-0.01	127	124205	卖盘
13:48:51	9.79	0.01	19	18601	买盘
13:48:42	9.78	--	282	276285	卖盘
13:48:36	9.78	-0.01	6	5868	卖盘
13:48:32	9.79	0.01	20	19580	买盘
13:48:27	9.78	-0.01	34	33252	卖盘
13:48:21	9.79	--	23	22516	买盘
13:48:15	9.79	--	25	24474	买盘
13:48:12	9.79	0.01	3	2936	买盘
13:48:00	9.78	--	16	15647	卖盘
13:47:57	9.78	--	94	91932	卖盘
13:47:51	9.78	-0.01	100	97800	卖盘
13:47:45	9.79	0.01	15	14684	买盘
13:47:41	9.78	--	105	102690	卖盘
13:47:36	9.78	--	530	518339	卖盘
13:47:30	9.78	--	54	52812	卖盘
13:47:26	9.78	--	6	5868	卖盘
13:47:21	9.78	-0.01	47	45966	卖盘
13:47:11	9.79	0.01	7	6852	买盘
13:47:06	9.78	--	80	78240	卖盘
13:47:00	9.78	--	1	977	卖盘
13:46:56	9.78	-0.01	3	2934	卖盘
13:46:51	9.79	--	240	234959	买盘
13:46:45	9.79	0.01	106	103773	买盘
13:46:41	9.78	--	20	19560	卖盘
13:46:36	9.78	-0.01	16	15647	卖盘
13:46:30	9.79	0.01	10	9790	买盘
13:46:26	9.78	--	118	115403	卖盘
13:46:21	9.78	-0.01	10	9780	卖盘
13:46:15	9.79	--	6	5873	买盘
13:46:11	9.79	-0.01	342	334817	卖盘
13:45:56	9.8	--	7	6860	卖盘
13:45:51	9.8	--	61	59780	卖盘
13:45:45	9.8	0.01	12	11760	买盘
13:45:30	9.79	--	1	978	卖盘
13:45:26	9.79	--	13	12726	卖盘
13:45:21	9.79	--	35	34265	卖盘
13:45:15	9.79	-0.01	338	330902	卖盘
13:45:06	9.8	--	10	9800	买盘
13:45:00	9.8	--	2	1960	买盘
13:44:56	9.8	--	50	49000	买盘
13:44:51	9.8	0.01	25	24500	买盘
13:44:45	9.79	-0.01	37	36223	卖盘
13:44:41	9.8	--	142	139160	买盘
13:44:36	9.8	--	50	49000	买盘
13:44:26	9.8	--	33	32340	买盘
13:44:21	9.8	--	27	26460	买盘
13:44:11	9.8	--	22	21560	买盘
13:44:06	9.8	--	8	7840	买盘
13:43:45	9.8	--	41	40180	买盘
13:43:41	9.8	0.01	73	71540	买盘
13:43:36	9.79	--	5	4895	卖盘
13:43:30	9.79	-0.01	21	20559	卖盘
13:43:26	9.8	--	296	290080	买盘
13:43:21	9.8	--	3	2940	买盘
13:43:15	9.8	0.01	2	1960	买盘
13:43:11	9.79	-0.01	44	43075	卖盘
13:43:06	9.8	0.01	27	26460	买盘
13:42:56	9.79	-0.01	34	33286	卖盘
13:42:51	9.8	--	21	20580	买盘
13:42:45	9.8	0.01	18	17640	买盘
13:42:36	9.79	-0.01	41	40139	卖盘
13:42:21	9.8	--	14	13720	买盘
13:42:15	9.8	--	1055	1033900	卖盘
13:42:00	9.8	--	2	1960	卖盘
13:41:56	9.8	--	0	0	卖盘
13:41:45	9.8	--	500	490000	卖盘
13:41:30	9.8	-0.02	10	9800	卖盘
13:41:24	9.82	0.01	10	9820	买盘
13:41:15	9.81	-0.01	46	45126	卖盘
13:41:05	9.82	--	5	4910	买盘
13:41:00	9.82	0.01	39	38298	买盘
13:40:54	9.81	-0.01	67	65727	卖盘
13:40:45	9.82	0.01	5	4910	买盘
13:40:30	9.81	-0.01	20	19620	卖盘
13:40:24	9.82	0.01	25	24550	买盘
13:40:15	9.81	-0.01	39	38259	卖盘
13:40:05	9.82	--	4	3928	买盘
13:40:00	9.82	--	24	23568	卖盘
13:39:45	9.82	--	15	14730	卖盘
13:39:39	9.82	--	10	9820	卖盘
13:39:35	9.82	--	9	8838	买盘
13:39:24	9.82	--	5	4910	买盘
13:39:20	9.82	--	81	79542	买盘
13:39:15	9.82	0.01	16	15712	买盘
13:39:09	9.81	-0.01	20	19620	卖盘
13:39:05	9.82	0.01	5	4910	买盘
13:39:00	9.81	--	4	3924	卖盘
13:38:54	9.81	-0.01	2	1962	卖盘
13:38:50	9.82	0.01	13	12766	买盘
13:38:35	9.81	--	5	4905	卖盘
13:38:30	9.81	--	95	93195	卖盘
13:38:20	9.81	-0.01	77	75537	卖盘
13:38:05	9.82	--	10	9820	买盘
13:38:00	9.82	--	7	6874	买盘
13:37:50	9.82	--	15	14730	买盘
13:37:39	9.82	0.01	11	10802	买盘
13:37:35	9.81	--	22	21582	卖盘
13:37:30	9.81	-0.01	10	9810	卖盘
13:37:24	9.82	0.01	30	29460	买盘
13:37:15	9.81	--	10	9810	卖盘
13:36:54	9.81	--	8	7848	卖盘
13:36:50	9.81	--	111	108891	卖盘
13:36:39	9.81	-0.01	6	5886	卖盘
13:36:30	9.82	--	53	52046	买盘
13:36:24	9.82	--	20	19640	买盘
13:36:15	9.82	--	11	10802	买盘
13:36:09	9.82	0.01	5	4910	买盘
13:36:05	9.81	-0.01	31	30411	卖盘
13:36:00	9.82	0.01	30	29460	买盘
13:35:54	9.81	-0.01	10	9810	卖盘
13:35:50	9.82	--	2	1964	买盘
13:35:45	9.82	0.01	11	10802	买盘
13:35:39	9.81	--	24	23544	卖盘
13:35:35	9.81	-0.01	60	58860	卖盘
13:35:30	9.82	--	10	9820	买盘
13:35:24	9.82	0.01	111	109002	买盘
13:35:20	9.81	--	1	981	卖盘
13:35:15	9.81	-0.01	5	4905	卖盘
13:35:05	9.82	0.01	10	9820	买盘
13:35:00	9.81	-0.01	14	13734	卖盘
13:34:44	9.82	--	14	13748	买盘
13:34:39	9.82	0.01	5	4910	买盘
13:34:33	9.81	--	10	9810	卖盘
13:34:30	9.81	-0.01	99	97119	卖盘
13:34:24	9.82	0.01	277	272014	买盘
13:34:18	9.81	--	70	68670	卖盘
13:34:14	9.81	-0.01	76	74556	卖盘
13:34:09	9.82	--	107	105074	买盘
13:34:03	9.82	--	70	68740	买盘
13:33:59	9.82	--	24	23568	买盘
13:33:54	9.82	--	30	29460	买盘
13:33:48	9.82	-0.01	546	536172	卖盘
13:33:44	9.83	--	366	359778	买盘
13:33:39	9.83	0.01	100	98300	买盘
13:33:29	9.82	-0.01	15	14730	卖盘
13:33:24	9.83	--	8	7864	买盘
13:33:14	9.83	--	5	4915	买盘
13:33:09	9.83	--	57	56031	买盘
13:33:03	9.83	--	11	10813	买盘
13:32:48	9.83	0.01	5	4915	买盘
13:32:44	9.82	--	10	9820	卖盘
13:32:39	9.82	--	3	2946	卖盘
13:32:33	9.82	--	6	5892	卖盘
13:32:29	9.82	--	3	2946	卖盘
13:32:24	9.82	--	6	5892	卖盘
13:32:14	9.82	--	10	9820	卖盘
13:32:09	9.82	--	81	79542	买盘
13:32:03	9.82	--	4	3928	买盘
13:31:59	9.82	--	17	16694	卖盘
13:31:54	9.82	--	97	95254	卖盘
13:31:44	9.82	--	60	58920	卖盘
13:31:33	9.82	-0.01	10	9820	卖盘
13:31:29	9.83	--	70	68810	买盘
13:31:24	9.83	0.01	6	5898	买盘
13:31:14	9.82	--	11	10802	卖盘
13:31:09	9.82	--	8	7856	卖盘
13:31:03	9.82	-0.01	30	29460	卖盘
13:30:59	9.83	0.01	47	46201	买盘
13:30:54	9.82	--	3	2946	卖盘
13:30:48	9.82	--	10	9820	卖盘
13:30:39	9.82	--	58	56956	买盘
13:30:33	9.82	0.01	3	2946	买盘
13:30:29	9.81	-0.01	6	5886	卖盘
13:30:24	9.82	--	1	982	买盘
13:30:14	9.82	--	41	40262	买盘
13:30:09	9.82	--	84	82488	卖盘
13:29:59	9.82	--	109	107038	卖盘
13:29:54	9.82	0.01	253	248446	买盘
13:29:48	9.81	-0.01	240	235440	卖盘
13:29:44	9.82	0.01	3	2946	买盘
13:29:39	9.81	-0.01	5	4905	卖盘
13:29:33	9.82	--	17	16694	买盘
13:29:29	9.82	--	27	26514	买盘
13:29:24	9.82	--	57	55974	买盘
13:29:18	9.82	0.01	1	982	买盘
13:29:14	9.81	--	30	29430	卖盘
13:29:09	9.81	-0.01	83	81423	卖盘
13:29:03	9.82	0.01	19	18658	买盘
13:28:59	9.81	--	109	106929	卖盘
13:28:54	9.81	--	30	29430	卖盘
13:28:44	9.81	--	10	9810	卖盘
13:28:39	9.81	--	36	35316	卖盘
13:28:33	9.81	-0.01	36	35316	卖盘
13:28:24	9.82	0.01	47	46154	买盘
13:28:18	9.81	-0.01	68	66708	卖盘
13:28:14	9.82	0.01	116	113912	买盘
13:28:09	9.81	-0.01	4	3924	卖盘
13:28:03	9.82	--	30	29460	买盘
13:27:57	9.82	0.01	1	982	买盘
13:27:54	9.81	--	1	981	卖盘
13:27:48	9.81	-0.01	22	21582	卖盘
13:27:42	9.82	0.01	7	6874	买盘
13:27:33	9.81	-0.01	17	16677	卖盘
13:27:27	9.82	--	12	11784	买盘
13:27:23	9.82	--	11	10802	买盘
13:27:18	9.82	0.01	10	9820	买盘
13:27:12	9.81	--	27	26487	卖盘
13:27:08	9.81	-0.01	19	18639	卖盘
13:27:03	9.82	--	11	10802	买盘
13:26:53	9.82	0.01	71	69722	买盘
13:26:48	9.81	-0.01	1	981	卖盘
13:26:33	9.82	0.01	25	24550	买盘
13:26:23	9.81	-0.01	11	10791	卖盘
13:26:18	9.82	0.02	10	9820	买盘
13:26:12	9.8	--	0	0	卖盘
13:26:03	9.8	-0.01	82	80360	卖盘
13:25:57	9.81	--	14	13734	买盘
13:25:53	9.81	0.01	15	14715	买盘
13:25:48	9.8	-0.01	14	13720	卖盘
13:25:42	9.81	0.01	76	74556	买盘
13:25:38	9.8	-0.01	26	25480	卖盘
13:25:33	9.81	--	140	137340	买盘
13:25:23	9.81	0.01	76	74556	买盘
13:25:18	9.8	-0.01	59	57820	卖盘
13:25:08	9.81	0.01	32	31392	买盘
13:25:03	9.8	-0.01	53	51940	卖盘
13:24:57	9.81	--	20	19620	买盘
13:24:48	9.81	0.01	7	6867	买盘
13:24:38	9.8	-0.01	8	7840	卖盘
13:24:33	9.81	--	9	8829	买盘
13:24:23	9.81	-0.01	85	83385	卖盘
13:24:12	9.82	--	4	3928	买盘
13:24:08	9.82	--	0	0	买盘
13:24:03	9.82	--	20	19640	买盘
13:23:57	9.82	0.01	28	27496	买盘
13:23:53	9.81	--	1	981	卖盘
13:23:42	9.81	0.01	2	1962	中性盘
13:23:33	9.8	--	3	2940	卖盘
13:23:27	9.8	-0.01	104	101920	卖盘
13:23:23	9.81	0.01	20	19620	买盘
13:23:18	9.8	-0.01	174	170520	卖盘
13:23:08	9.81	--	22	21582	买盘
13:23:03	9.81	0.01	20	19620	买盘
13:22:57	9.8	--	11	10780	卖盘
13:22:53	9.8	--	12	11760	卖盘
13:22:27	9.8	--	1	980	卖盘
13:22:23	9.8	--	161	157780	卖盘
13:22:18	9.8	-0.01	1	980	卖盘
13:22:12	9.81	--	5	4905	卖盘
13:22:08	9.81	--	268	262908	买盘
13:22:03	9.81	-0.01	38	37278	卖盘
13:21:57	9.82	0.01	4	3928	买盘
13:21:42	9.81	--	69	67689	买盘
13:21:38	9.81	--	1	981	买盘
13:21:33	9.81	--	11	10791	买盘
13:21:27	9.81	-0.01	89	87309	卖盘
13:21:03	9.82	--	45	44190	卖盘
13:20:42	9.82	--	123	120786	买盘
13:20:36	9.82	0.01	2	1964	买盘
13:20:32	9.81	--	32	31392	卖盘
13:20:27	9.81	-0.01	173	169713	卖盘
13:20:17	9.82	--	2	1964	买盘
13:20:06	9.82	--	8	7856	买盘
13:20:02	9.82	-0.01	45	44190	卖盘
13:19:57	9.83	0.02	1	983	买盘
13:19:51	9.81	-0.01	20	19620	卖盘
13:19:47	9.82	-0.01	44	43208	卖盘
13:19:42	9.83	--	80	78640	买盘
13:19:36	9.83	--	164	161212	买盘
13:19:27	9.83	--	6	5898	卖盘
13:19:17	9.83	0.01	14	13762	卖盘
13:19:12	9.82	-0.01	134	131588	卖盘
13:19:06	9.83	--	4	4620	买盘
13:19:02	9.83	--	1	1277	卖盘
13:18:57	9.83	--	29	29195	买盘
13:18:51	9.83	--	7	6881	买盘
13:18:47	9.83	--	28	27524	买盘
13:18:42	9.83	--	14	13762	买盘
13:18:36	9.83	-0.01	118	116288	卖盘
13:18:27	9.84	--	20	19680	买盘
13:18:21	9.84	--	59	58056	卖盘
13:18:17	9.84	--	100	98400	卖盘
13:18:12	9.84	--	193	189912	卖盘
13:18:06	9.84	0.01	188	184992	买盘
13:18:02	9.83	--	119	116977	卖盘
13:17:57	9.83	-0.01	55	54065	卖盘
13:17:51	9.84	0.01	10	9840	买盘
13:17:47	9.83	--	1	983	卖盘
13:17:36	9.83	--	37	37059	买盘
13:17:32	9.83	--	27	26541	买盘
13:17:27	9.83	--	7	6881	买盘
13:17:17	9.83	-0.01	28	27818	卖盘
13:17:12	9.84	0.01	62	61008	买盘
13:17:06	9.83	-0.01	9	8847	卖盘
13:17:02	9.84	0.01	188	184992	买盘
13:16:57	9.83	--	53	52099	卖盘
13:16:51	9.83	--	8	8552	买盘
13:16:47	9.83	--	3	2949	买盘
13:16:42	9.83	--	68	66844	买盘
13:16:36	9.83	0.01	25	24575	买盘
13:16:32	9.82	--	13	12766	卖盘
13:16:27	9.82	--	15	14730	卖盘
13:16:17	9.82	--	131	128642	卖盘
13:16:12	9.82	--	186	182946	买盘
13:16:06	9.82	--	3	2946	买盘
13:16:02	9.82	--	20	19640	买盘
13:15:57	9.82	--	35	34370	买盘
13:15:51	9.82	--	28	27496	买盘
13:15:47	9.82	--	69	67758	买盘
13:15:42	9.82	--	65	63830	买盘
13:15:36	9.82	0.01	12	11784	买盘
13:15:32	9.81	-0.01	19	18639	卖盘
13:15:27	9.82	--	26	25532	买盘
13:15:21	9.82	--	3	2946	买盘
13:15:17	9.82	--	51	50082	买盘
13:15:12	9.82	--	30	29460	买盘
13:15:06	9.82	--	159	156138	买盘
13:15:02	9.82	0.01	131	128642	买盘
13:14:56	9.81	-0.01	18	17658	卖盘
13:14:51	9.82	0.01	17	16694	买盘
13:14:42	9.81	0.01	1	981	买盘
13:14:36	9.8	-0.01	162	158760	卖盘
13:14:30	9.81	--	6	5886	买盘
13:14:26	9.81	0.01	50	49050	买盘
13:14:21	9.8	-0.01	1	980	卖盘
13:14:15	9.81	0.01	37	36297	买盘
13:14:11	9.8	0.01	68	66640	买盘
13:14:06	9.79	-0.01	122	119437	卖盘
13:14:00	9.8	0.01	10	9800	买盘
13:13:56	9.79	-0.01	152	148808	卖盘
13:13:51	9.8	--	97	95060	买盘
13:13:45	9.8	--	10	9800	买盘
13:13:41	9.8	0.01	75	73500	买盘
13:13:36	9.79	--	103	100836	卖盘
13:13:26	9.79	0.01	4	3915	买盘
13:13:21	9.78	--	69	67482	卖盘
13:13:15	9.78	-0.01	4	3911	卖盘
13:13:11	9.79	--	12	11747	买盘
13:13:06	9.79	--	50	48949	买盘
13:13:00	9.79	--	20	19580	买盘
13:12:56	9.79	0.01	111	108668	中性盘
13:12:51	9.78	-0.01	161	157458	卖盘
13:12:41	9.79	--	22	21537	卖盘
13:12:36	9.79	--	113	110626	卖盘
13:12:30	9.79	-0.01	30	29369	卖盘
13:12:26	9.8	--	36	35280	买盘
13:12:11	9.8	--	10	9800	买盘
13:12:06	9.8	--	5	4900	买盘
13:12:00	9.8	--	77	75460	买盘
13:11:56	9.8	--	26	25480	卖盘
13:11:51	9.8	--	200	196000	卖盘
13:11:36	9.8	-0.01	15	14700	卖盘
13:11:30	9.81	0.01	6	5886	买盘
13:11:21	9.8	--	5	4900	卖盘
13:11:11	9.8	--	19	18620	卖盘
13:11:06	9.8	--	28	27440	买盘
13:10:56	9.8	--	162	158760	买盘
13:10:51	9.8	--	10	9800	买盘
13:10:45	9.8	0.01	14	13720	买盘
13:10:36	9.79	--	21	20559	卖盘
13:10:30	9.79	--	109	106710	买盘
13:10:26	9.79	0.01	15	14684	买盘
13:10:21	9.78	--	33	32273	卖盘
13:10:11	9.78	--	56	54768	买盘
13:10:06	9.78	--	1	977	买盘
13:09:56	9.78	--	124	121271	卖盘
13:09:41	9.78	-0.01	19	18582	卖盘
13:09:36	9.79	0.01	3	2936	买盘
13:09:26	9.78	--	1	977	卖盘
13:09:21	9.78	0.01	72	70416	买盘
13:09:06	9.77	--	4	3908	买盘
13:09:00	9.77	--	39	38103	买盘
13:08:56	9.77	-0.01	207	202239	卖盘
13:08:51	9.78	--	34	33252	卖盘
13:08:39	9.78	--	19	18582	卖盘
13:08:30	9.78	--	2	1955	买盘
13:08:21	9.78	--	80	78240	买盘
13:08:15	9.78	--	30	29339	买盘
13:08:09	9.78	0.01	49	47922	买盘
13:08:06	9.77	--	134	130918	卖盘
13:07:50	9.77	-0.01	10	9770	卖盘
13:07:45	9.78	0.01	34	33252	买盘
13:07:35	9.77	--	11	10747	买盘
13:07:30	9.77	-0.01	4	3908	买盘
13:07:20	9.78	0.01	106	103668	买盘
13:07:15	9.77	-0.01	24	23448	卖盘
13:07:05	9.78	0.01	166	162348	买盘
13:06:54	9.77	--	4	3908	卖盘
13:06:50	9.77	0.01	1	977	卖盘
13:06:35	9.76	--	81	79056	卖盘
13:06:30	9.76	-0.01	203	198128	卖盘
13:06:15	9.77	--	6	5862	买盘
13:06:09	9.77	--	9	8793	买盘
13:06:05	9.77	--	146	142642	卖盘
13:06:00	9.77	--	10	9770	卖盘
13:05:50	9.77	--	68	66436	买盘
13:05:45	9.77	--	31	30287	买盘
13:05:30	9.77	--	18	17586	中性盘
13:05:24	9.77	--	89	86953	买盘
13:05:20	9.77	--	23	22471	买盘
13:05:15	9.77	--	43	42011	买盘
13:05:09	9.77	--	25	24425	卖盘
13:05:05	9.77	--	16	15632	卖盘
13:05:00	9.77	--	35	34195	卖盘
13:04:50	9.77	-0.01	8	7816	卖盘
13:04:45	9.78	0.01	60	58679	买盘
13:04:24	9.77	0.01	28	27356	买盘
13:04:20	9.76	--	52	50752	买盘
13:04:15	9.76	--	141	137616	卖盘
13:04:09	9.76	--	12	11712	卖盘
13:04:05	9.76	-0.01	1	976	卖盘
13:04:00	9.77	0.01	17	16609	买盘
13:03:54	9.76	--	1	976	卖盘
13:03:50	9.76	--	30	29280	卖盘
13:03:45	9.76	--	36	35136	买盘
13:03:39	9.76	--	1	976	买盘
13:03:35	9.76	--	277	270352	买盘
13:03:30	9.76	--	5	4880	买盘
13:03:24	9.76	--	19	18544	买盘
13:03:20	9.76	--	102	99552	买盘
13:03:15	9.76	-0.01	279	272304	卖盘
13:03:09	9.77	--	28	27356	卖盘
13:03:05	9.77	--	38	37126	买盘
13:03:00	9.77	--	111	108447	买盘
13:02:54	9.77	0.01	60	58620	买盘
13:02:50	9.76	-0.01	587	572912	卖盘
13:02:45	9.77	--	75	73275	买盘
13:02:39	9.77	--	10	9770	买盘
13:02:35	9.77	--	5	5764	卖盘
13:02:30	9.77	-0.02	7	6839	卖盘
13:02:20	9.79	0.02	12	11747	买盘
13:02:15	9.77	--	71	69464	买盘
13:02:05	9.77	-0.01	474	463977	卖盘
13:01:49	9.78	-0.01	8	7823	卖盘
13:01:45	9.79	0.01	15	14684	买盘
13:01:39	9.78	-0.01	174	170172	卖盘
13:01:35	9.79	--	10	9790	买盘
13:01:30	9.79	--	38	37202	买盘
13:01:18	9.79	--	5	4895	买盘
13:01:14	9.79	--	54	52865	买盘
13:01:09	9.79	0.01	32	31327	买盘
13:01:03	9.78	-0.01	30	29339	卖盘
13:00:59	9.79	0.01	35	34265	买盘
13:00:54	9.78	-0.01	174	170172	卖盘
13:00:44	9.79	--	17	16643	买盘
13:00:39	9.79	--	20	19580	买盘
13:00:29	9.79	-0.02	135	132850	卖盘
13:00:24	9.81	--	0	0	买盘
13:00:14	9.81	0.02	5	4905	买盘
13:00:09	9.79	-0.01	277	271183	卖盘
13:00:03	9.8	0.01	203	198940	买盘
11:30:00	9.79	--	0	0	卖盘
11:30:00	9.79	--	0	0	卖盘
11:29:51	9.79	0.01	36	35537	买盘
11:29:45	9.78	--	3	2934	卖盘
11:29:36	9.78	--	5	4890	卖盘
11:29:26	9.78	-0.01	1	977	卖盘
11:29:21	9.79	0.01	3	2936	买盘
11:29:15	9.78	--	9	8899	买盘
11:29:11	9.78	--	26	25428	买盘
11:29:06	9.78	--	17	16626	买盘
11:29:00	9.78	--	10	9780	买盘
11:28:56	9.78	-0.01	113	111394	卖盘
11:28:51	9.79	0.01	4	3915	买盘
11:28:45	9.78	-0.01	76	74328	卖盘
11:28:41	9.79	--	3	2936	买盘
11:28:36	9.79	--	5	4895	买盘
11:28:30	9.79	--	156	152724	买盘
11:28:26	9.79	0.01	209	204610	买盘
11:28:15	9.78	-0.01	40	39120	卖盘
11:28:11	9.79	-0.01	122	120123	卖盘
11:28:06	9.8	0.01	25	24500	买盘
11:28:00	9.79	-0.01	102	99857	卖盘
11:27:56	9.8	--	20	19600	买盘
11:27:51	9.8	--	8	7840	买盘
11:27:45	9.8	--	44	43120	卖盘
11:27:41	9.8	-0.01	110	107800	卖盘
11:27:36	9.81	--	17	16677	买盘
11:27:30	9.81	0.01	2	1962	买盘
11:27:26	9.8	0.01	5	4900	卖盘
11:27:21	9.79	-0.02	40	39160	卖盘
11:27:11	9.81	0.01	92	90252	买盘
11:27:06	9.8	--	10	9800	买盘
11:27:00	9.8	--	34	33320	卖盘
11:26:55	9.8	--	125	122500	卖盘
11:26:51	9.8	--	0	0	卖盘
11:26:45	9.8	-0.01	85	83300	卖盘
11:26:41	9.81	--	77	75537	买盘
11:26:35	9.81	0.01	10	9810	买盘
11:26:30	9.8	-0.01	2	1960	卖盘
11:26:25	9.81	--	2	1962	买盘
11:26:20	9.81	--	2	1962	买盘
11:26:15	9.81	--	135	132435	卖盘
11:26:11	9.81	-0.01	50	49050	中性盘
11:26:05	9.82	--	47	46154	买盘
11:26:00	9.82	--	5	4910	买盘
11:25:55	9.82	--	1	982	买盘
11:25:50	9.82	--	33	32406	买盘
11:25:45	9.82	0.01	2	1964	买盘
11:25:40	9.81	-0.02	44	43164	卖盘
11:25:35	9.83	--	1	983	买盘
11:25:30	9.83	0.01	110	108130	买盘
11:25:25	9.82	--	2	1964	买盘
11:25:20	9.82	-0.01	59	58360	卖盘
11:25:15	9.83	--	4	3932	买盘
11:25:11	9.83	--	4	3932	买盘
11:25:00	9.83	0.01	2	1966	买盘
11:24:50	9.82	0.01	60	59479	买盘
11:24:45	9.81	-0.01	62	60822	卖盘
11:24:39	9.82	--	40	39280	买盘
11:24:35	9.82	--	154	151228	买盘
11:24:30	9.82	0.01	249	244714	买盘
11:24:20	9.81	--	33	32373	卖盘
11:24:15	9.81	--	55	54053	卖盘
11:24:09	9.81	--	16	15696	卖盘
11:24:05	9.81	--	6	5886	卖盘
11:24:00	9.81	0.01	130	127530	买盘
11:23:54	9.8	--	1	980	卖盘
11:23:50	9.8	--	23	22540	买盘
11:23:45	9.8	--	147	144060	买盘
11:23:39	9.8	--	2	1960	买盘
11:23:35	9.8	--	12	11760	买盘
11:23:30	9.8	--	59	57820	买盘
11:23:20	9.8	0.01	71	69580	买盘
11:23:15	9.79	-0.01	34	33383	卖盘
11:23:09	9.8	--	1	980	买盘
11:23:05	9.8	0.01	32	31360	买盘
11:23:00	9.79	-0.01	199	194820	卖盘
11:22:50	9.8	--	201	196980	买盘
11:22:45	9.8	0.01	2	1960	买盘
11:22:39	9.79	--	20	19580	卖盘
11:22:35	9.79	--	3	2936	卖盘
11:22:30	9.79	--	9	8811	卖盘
11:22:20	9.79	--	10	9790	卖盘
11:22:15	9.79	--	48	47089	卖盘
11:22:05	9.79	--	85	83312	买盘
11:22:00	9.79	--	2	1957	买盘
11:21:54	9.79	--	30	29369	买盘
11:21:50	9.79	-0.01	46	45915	卖盘
11:21:45	9.8	--	5	4900	买盘
11:21:39	9.8	--	21	20580	买盘
11:21:35	9.8	--	8	7840	买盘
11:21:30	9.8	--	2	1960	买盘
11:21:15	9.8	0.01	23	22638	买盘
11:21:09	9.79	0.01	13	12726	买盘
11:21:05	9.78	-0.01	132	129095	卖盘
11:21:00	9.79	--	291	284889	买盘
11:20:50	9.79	--	17	16643	买盘
11:20:45	9.79	--	46	45033	买盘
11:20:39	9.79	--	42	41118	买盘
11:20:35	9.79	--	15	14684	买盘
11:20:30	9.79	--	31	30348	买盘
11:20:24	9.79	0.01	5	4895	买盘
11:20:19	9.78	--	2	1955	卖盘
11:20:15	9.78	--	67	65525	卖盘
11:20:08	9.78	--	24	23569	卖盘
11:20:05	9.78	-0.01	166	162348	卖盘
11:20:00	9.79	0.01	6	5873	买盘
11:19:50	9.78	--	39	38142	买盘
11:19:45	9.78	--	3	2934	买盘
11:19:39	9.78	--	30	29339	买盘
11:19:34	9.78	--	50	48900	买盘
11:19:29	9.78	--	31	30317	买盘
11:19:24	9.78	0.02	3	2934	买盘
11:19:20	9.76	--	180	175680	卖盘
11:19:14	9.76	--	148	144448	卖盘
11:19:09	9.76	--	9	9096	卖盘
11:19:04	9.76	-0.01	70	69081	卖盘
11:18:59	9.77	0.01	78	76587	买盘
11:18:54	9.76	-0.01	195	190320	卖盘
11:18:49	9.77	0.01	30	29310	买盘
11:18:44	9.76	-0.01	30	29280	卖盘
11:18:34	9.77	--	22	21494	买盘
11:18:29	9.77	0.01	82	80114	买盘
11:18:18	9.76	--	153	149328	卖盘
11:18:14	9.76	0.01	85	82960	买盘
11:18:09	9.75	-0.02	72	70297	卖盘
11:17:59	9.77	0.01	126	123102	买盘
11:17:54	9.76	--	243	237948	卖盘
11:17:44	9.76	-0.01	39	38064	卖盘
11:17:39	9.77	0.01	229	223733	买盘
11:17:33	9.76	-0.01	159	155184	卖盘
11:17:29	9.77	--	1	977	买盘
11:17:24	9.77	--	81	79137	买盘
11:17:14	9.77	--	22	21494	买盘
11:17:09	9.77	0.01	51	49924	买盘
11:17:03	9.76	-0.01	42	40992	卖盘
11:16:59	9.77	--	22	21494	买盘
11:16:54	9.77	--	59	57643	买盘
11:16:44	9.77	--	1	977	买盘
11:16:39	9.77	0.01	66	64482	买盘
11:16:33	9.76	--	46	44896	卖盘
11:16:29	9.76	-0.01	18	17568	卖盘
11:16:24	9.77	0.01	23	22471	买盘
11:16:18	9.76	-0.01	20	19520	卖盘
11:16:14	9.77	0.01	16	15632	买盘
11:16:09	9.76	--	19	18797	卖盘
11:16:03	9.76	--	17	17411	卖盘
11:15:59	9.76	0.01	8	7808	买盘
11:15:54	9.75	-0.01	40	39000	卖盘
11:15:48	9.76	--	7	6832	卖盘
11:15:44	9.76	--	15	14640	卖盘
11:15:39	9.76	0.01	7	6832	卖盘
11:15:33	9.75	--	0	0	卖盘
11:15:29	9.75	-0.01	61	59572	卖盘
11:15:24	9.76	--	34	34062	卖盘
11:15:18	9.76	-0.01	137	133712	卖盘
11:15:14	9.77	0.01	15	14752	买盘
11:15:09	9.76	-0.01	62	60736	卖盘
11:15:03	9.77	--	32	32016	买盘
11:14:59	9.77	--	2	1954	买盘
11:14:54	9.77	--	31	30287	买盘
11:14:44	9.77	0.01	703	686831	买盘
11:14:39	9.76	--	15	14640	卖盘
11:14:33	9.76	--	138	134688	买盘
11:14:29	9.76	0.01	17	16592	买盘
11:14:24	9.75	--	30	29250	卖盘
11:14:18	9.75	-0.01	1	975	卖盘
11:14:14	9.76	0.01	7	6832	买盘
11:14:09	9.75	--	14	13650	卖盘
11:14:03	9.75	-0.01	9	8970	卖盘
11:13:59	9.76	--	124	121902	买盘
11:13:54	9.76	0.01	9	8784	买盘
11:13:48	9.75	-0.01	20	19500	卖盘
11:13:44	9.76	0.01	139	135761	买盘
11:13:39	9.75	--	204	198900	买盘
11:13:33	9.75	--	29	28275	买盘
11:13:28	9.75	--	82	79950	买盘
11:13:23	9.75	0.01	63	61425	买盘
11:13:18	9.74	-0.01	47	45778	卖盘
11:13:13	9.75	--	14	13650	买盘
11:13:09	9.75	--	237	231075	买盘
11:13:02	9.75	--	25	24375	买盘
11:12:58	9.75	--	72	70297	买盘
11:12:53	9.75	--	295	287625	买盘
11:12:48	9.75	--	18	17550	买盘
11:12:43	9.75	--	92	89700	买盘
11:12:38	9.75	--	96	93600	买盘
11:12:33	9.75	--	122	118950	买盘
11:12:28	9.75	--	40	39000	买盘
11:12:23	9.75	--	30	29250	买盘
11:12:18	9.75	--	30	29250	买盘
11:12:13	9.75	0.01	173	168675	买盘
11:12:08	9.74	-0.01	423	412002	卖盘
11:12:03	9.75	--	33	32175	买盘
11:11:58	9.75	--	68	66397	买盘
11:11:53	9.75	0.01	19	18525	买盘
11:11:48	9.74	-0.01	113	110062	卖盘
11:11:41	9.75	--	20	19500	买盘
11:11:38	9.75	--	118	115050	买盘
11:11:33	9.75	0.01	31	30225	买盘
11:11:23	9.74	--	215	209575	买盘
11:11:18	9.74	0.01	76	74024	买盘
11:11:12	9.73	-0.01	57	55461	卖盘
11:11:08	9.74	--	28	27272	买盘
11:11:03	9.74	--	13	12662	买盘
11:10:57	9.74	0.01	10	9983	买盘
11:10:53	9.73	-0.01	69	67964	卖盘
11:10:48	9.74	0.01	25	24350	买盘
11:10:42	9.73	-0.01	74	72002	卖盘
11:10:38	9.74	--	169	164606	买盘
11:10:33	9.74	0.01	36	35064	买盘
11:10:27	9.73	--	247	240331	卖盘
11:10:23	9.73	-0.01	63	61299	卖盘
11:10:18	9.74	--	2	1948	买盘
11:10:12	9.74	--	100	97400	买盘
11:10:08	9.74	0.02	34	33116	卖盘
11:10:03	9.72	-0.02	491	477252	卖盘
11:09:57	9.74	--	23	22499	买盘
11:09:53	9.74	0.01	75	73147	买盘
11:09:48	9.73	--	119	115787	卖盘
11:09:42	9.73	--	4	3892	卖盘
11:09:38	9.73	0.01	51	49623	卖盘
11:09:33	9.72	-0.01	558	542376	卖盘
11:09:27	9.73	--	138	134274	买盘
11:09:23	9.73	--	131	127463	买盘
11:09:18	9.73	--	95	92435	买盘
11:09:11	9.73	--	54	52542	买盘
11:09:08	9.73	--	202	197421	卖盘
11:09:03	9.73	--	27	26271	卖盘
11:08:57	9.73	--	93	90489	卖盘
11:08:53	9.73	-0.01	361	351350	卖盘
11:08:48	9.74	--	317	308758	买盘
11:08:42	9.74	0.01	111	108114	买盘
11:08:38	9.73	--	155	150815	卖盘
11:08:33	9.73	--	421	409633	卖盘
11:08:27	9.73	--	155	150815	卖盘
11:08:23	9.73	-0.01	29	28217	卖盘
11:08:18	9.74	0.01	47	45778	买盘
11:08:12	9.73	-0.01	83	80759	卖盘
11:08:08	9.74	-0.01	339	330186	卖盘
11:08:03	9.75	--	10	9750	买盘
11:07:57	9.75	--	329	321652	卖盘
11:07:53	9.75	--	1445	1408972	卖盘
11:07:48	9.75	--	115	112125	卖盘
11:07:41	9.75	--	64	62400	卖盘
11:07:38	9.75	--	124	120900	卖盘
11:07:33	9.75	-0.01	34	33150	卖盘
11:07:27	9.76	0.01	12	11712	买盘
11:07:23	9.75	-0.01	53	51675	卖盘
11:07:18	9.76	--	63	61488	买盘
11:07:12	9.76	--	30	29280	买盘
11:07:08	9.76	--	972	949452	卖盘
11:07:03	9.76	-0.01	197	192272	卖盘
11:06:57	9.77	0.01	251	245227	买盘
11:06:52	9.76	--	199	194321	卖盘
11:06:47	9.76	-0.01	113	110288	卖盘
11:06:42	9.77	0.01	18	17586	买盘
11:06:37	9.76	--	40	39040	卖盘
11:06:33	9.76	-0.01	46	44896	卖盘
11:06:27	9.77	0.01	1	977	买盘
11:06:22	9.76	-0.01	42	40992	卖盘
11:06:17	9.77	--	4	3908	买盘
11:06:12	9.77	-0.01	684	669059	卖盘
11:06:02	9.78	-0.01	46	44988	卖盘
11:05:57	9.79	--	10	9790	买盘
11:05:52	9.79	0.01	96	94199	买盘
11:05:47	9.78	-0.01	18	18464	卖盘
11:05:41	9.79	--	6	5873	买盘
11:05:37	9.79	--	30	29369	买盘
11:05:32	9.79	--	5	4895	买盘
11:05:27	9.79	0.01	3	2936	买盘
11:05:22	9.78	-0.01	15	14669	卖盘
11:05:17	9.79	0.01	2	1957	买盘
11:05:12	9.78	-0.01	33	32273	卖盘
11:05:06	9.79	--	3	2936	买盘
11:05:02	9.79	--	12	11747	买盘
11:04:57	9.79	--	40	39160	买盘
11:04:51	9.79	--	10	9790	买盘
11:04:47	9.79	0.01	39	38278	买盘
11:04:42	9.78	-0.01	10	9780	卖盘
11:04:32	9.79	--	9	8811	卖盘
11:04:21	9.79	-0.01	1	978	中性盘
11:04:17	9.8	0.02	47	46060	买盘
11:04:12	9.78	-0.01	46	44988	卖盘
11:04:02	9.79	--	22	21537	买盘
11:03:51	9.79	0.01	6	5873	买盘
11:03:47	9.78	--	103	100734	卖盘
11:03:42	9.78	--	27	26406	卖盘
11:03:36	9.78	--	15	14669	卖盘
11:03:32	9.78	--	6	5868	卖盘
11:03:21	9.78	-0.01	12	11736	卖盘
11:03:17	9.79	0.02	43	43066	买盘
11:03:12	9.77	-0.01	138	134826	卖盘
11:03:06	9.78	--	24	23472	买盘
11:03:02	9.78	0.01	7	6846	买盘
11:02:57	9.77	-0.01	29	28333	卖盘
11:02:47	9.78	0.01	51	49878	买盘
11:02:42	9.77	-0.01	89	86953	卖盘
11:02:35	9.78	--	39	38142	买盘
11:02:32	9.78	0.01	3	2934	买盘
11:02:26	9.77	--	30	29310	卖盘
11:02:21	9.77	--	54	52758	卖盘
11:02:17	9.77	0.01	141	137757	买盘
11:02:12	9.76	-0.02	11	10736	卖盘
11:02:02	9.78	0.02	111	108558	买盘
11:01:57	9.76	--	47	45872	卖盘
11:01:51	9.76	-0.01	192	187392	卖盘
11:01:47	9.77	0.01	29	28333	卖盘
11:01:41	9.76	-0.01	109	106384	卖盘
11:01:36	9.77	--	35	34195	买盘
11:01:32	9.77	--	57	55689	买盘
11:01:26	9.77	-0.01	34	33218	卖盘
11:01:17	9.78	--	716	700248	买盘
11:01:12	9.78	--	48	46944	买盘
11:01:06	9.78	--	13	12714	买盘
11:01:02	9.78	--	36	35208	买盘
11:00:57	9.78	0.01	20	19560	买盘
11:00:47	9.77	-0.01	57	55689	卖盘
11:00:42	9.78	0.01	134	131051	买盘
11:00:35	9.77	--	24	23448	卖盘
11:00:32	9.77	-0.01	47	45919	卖盘
11:00:27	9.78	--	63	61613	买盘
11:00:21	9.78	0.01	40	39120	买盘
11:00:16	9.77	--	4	3908	卖盘
11:00:11	9.77	--	148	144596	卖盘
11:00:06	9.77	--	10	9770	卖盘
11:00:01	9.77	--	24	23448	卖盘
10:59:57	9.77	-0.01	509	497390	卖盘
10:59:51	9.78	0.01	18	17604	买盘
10:59:46	9.77	--	112	109424	卖盘
10:59:42	9.77	-0.01	171	167067	卖盘
10:59:36	9.78	0.01	50	48900	买盘
10:59:31	9.77	-0.01	303	296031	卖盘
10:59:21	9.78	0.01	14	13692	买盘
10:59:16	9.77	--	12	11724	卖盘
10:59:11	9.77	-0.01	21	20517	卖盘
10:59:06	9.78	0.01	12	11736	买盘
10:59:01	9.77	-0.01	93	90861	卖盘
10:58:56	9.78	--	346	338388	买盘
10:58:51	9.78	--	24	23472	买盘
10:58:46	9.78	-0.01	317	310035	卖盘
10:58:41	9.79	0.01	46	45033	买盘
10:58:36	9.78	--	28	27384	卖盘
10:58:29	9.78	--	70	68460	卖盘
10:58:26	9.78	-0.01	32	31295	卖盘
10:58:21	9.79	--	110	107689	买盘
10:58:14	9.79	--	16	15663	买盘
10:58:11	9.79	0.01	100	97899	买盘
10:58:06	9.78	-0.01	112	109536	卖盘
10:58:00	9.79	0.01	11	10768	买盘
10:57:56	9.78	-0.01	19	18582	卖盘
10:57:45	9.79	--	39	38181	买盘
10:57:41	9.79	--	22	21537	买盘
10:57:36	9.79	-0.01	304	297616	卖盘
10:57:29	9.8	0.01	1	980	买盘
10:57:26	9.79	--	20	19580	卖盘
10:57:21	9.79	-0.01	35	34265	卖盘
10:57:14	9.8	--	2	1960	买盘
10:57:11	9.8	0.01	2	1960	买盘
10:57:06	9.79	0.01	19	18601	中性盘
10:57:00	9.78	-0.01	222	217595	卖盘
10:56:56	9.79	--	18	17622	买盘
10:56:45	9.79	--	5	4895	卖盘
10:56:41	9.79	--	286	280483	买盘
10:56:36	9.79	--	10	9790	买盘
10:56:29	9.79	0.01	2	1957	中性盘
10:56:26	9.78	-0.01	95	92910	卖盘
10:56:21	9.79	-0.01	436	426843	卖盘
10:56:15	9.8	--	4	3920	买盘
10:56:11	9.8	--	20	19600	买盘
10:56:05	9.8	--	19	18620	买盘
10:56:00	9.8	0.01	2	1960	买盘
10:55:56	9.79	--	11	10768	卖盘
10:55:50	9.79	-0.01	20	19580	卖盘
10:55:45	9.8	0.01	25	24500	买盘
10:55:35	9.79	0.01	17	16643	中性盘
10:55:30	9.78	--	43	42054	卖盘
10:55:26	9.78	-0.01	18	17604	卖盘
10:55:21	9.79	0.01	73	71467	买盘
10:55:15	9.78	-0.01	165	161370	卖盘
10:55:11	9.79	--	2	1957	买盘
10:55:06	9.79	--	13	12726	买盘
10:54:59	9.79	-0.01	2	1957	卖盘
10:54:56	9.8	0.01	109	106820	买盘
10:54:51	9.79	-0.01	76	74404	卖盘
10:54:44	9.8	--	27	26460	买盘
10:54:41	9.8	--	324	317520	买盘
10:54:36	9.8	--	21	20580	买盘
10:54:29	9.8	--	7	6860	买盘
10:54:26	9.8	-0.02	715	701650	卖盘
10:54:21	9.82	--	70	68740	买盘
10:54:15	9.82	--	70	68740	买盘
10:54:10	9.82	--	22	21604	买盘
10:54:06	9.82	--	36	35352	买盘
10:53:59	9.82	0.01	2	1964	买盘
10:53:56	9.81	--	37	36297	卖盘
10:53:51	9.81	0.01	36	35316	买盘
10:53:45	9.8	-0.01	42	41160	卖盘
10:53:40	9.81	0.01	8	7848	买盘
10:53:35	9.8	-0.01	83	81340	卖盘
10:53:30	9.81	0.01	144	141264	买盘
10:53:25	9.8	--	34	33349	买盘
10:53:20	9.8	--	43	42140	买盘
10:53:15	9.8	--	62	60760	买盘
10:53:10	9.8	--	14	13720	买盘
10:53:06	9.8	--	1349	1322020	买盘
10:53:00	9.8	--	57	55860	买盘
10:52:55	9.8	--	52	50960	买盘
10:52:40	9.8	0.02	48	47040	买盘
10:52:35	9.78	-0.01	365	356970	卖盘
10:52:29	9.79	--	77	75383	买盘
10:52:25	9.79	--	149	145871	买盘
10:52:20	9.79	0.01	16	15663	买盘
10:52:15	9.78	-0.01	11	10758	卖盘
10:52:10	9.79	0.01	87	85172	买盘
10:52:05	9.78	-0.01	19	18582	卖盘
10:52:00	9.79	0.01	7	6852	买盘
10:51:54	9.78	--	78	76577	买盘
10:51:50	9.78	--	163	159414	买盘
10:51:45	9.78	--	90	88020	买盘
10:51:38	9.78	0.01	16	15647	买盘
10:51:35	9.77	-0.01	90	87930	卖盘
10:51:29	9.78	0.01	20	19560	买盘
10:51:24	9.77	-0.01	4	3908	卖盘
10:51:20	9.78	0.01	25	24450	买盘
10:51:15	9.77	-0.01	73	71321	卖盘
10:51:09	9.78	--	1039	1016141	买盘
10:51:05	9.78	0.01	324	316872	买盘
10:51:00	9.77	--	92	89884	买盘
10:50:54	9.77	0.01	121	118217	买盘
10:50:50	9.76	--	202	197152	卖盘
10:50:45	9.76	-0.01	395	385520	卖盘
10:50:39	9.77	0.01	76	74252	买盘
10:50:35	9.76	-0.01	37	36112	卖盘
10:50:30	9.77	0.01	66	64482	买盘
10:50:24	9.76	--	40	39040	卖盘
10:50:20	9.76	--	101	98576	买盘
10:50:15	9.76	--	199	194224	买盘
10:50:09	9.76	--	142	138592	买盘
10:50:05	9.76	-0.01	175	170800	卖盘
10:49:59	9.77	0.01	1147	1120619	买盘
10:49:54	9.76	-0.01	28	27328	卖盘
10:49:50	9.77	--	156	152412	卖盘
10:49:44	9.77	--	223	217880	买盘
10:49:39	9.77	--	32	31264	买盘
10:49:35	9.77	0.01	262	255974	买盘
10:49:29	9.76	--	70	68320	卖盘
10:49:24	9.76	--	32	31232	卖盘
10:49:20	9.76	-0.01	147	143472	卖盘
10:49:14	9.77	--	128	125056	买盘
10:49:09	9.77	--	121	118217	买盘
10:49:05	9.77	--	261	254997	买盘
10:49:00	9.77	--	45	43965	卖盘
10:48:54	9.77	-0.01	21	20517	卖盘
10:48:50	9.78	0.01	4048	3958943	买盘
10:48:45	9.77	-0.01	137	133849	卖盘
10:48:39	9.78	0.01	20	19560	买盘
10:48:35	9.77	--	80	78160	卖盘
10:48:29	9.77	-0.01	132	128964	卖盘
10:48:24	9.78	0.02	10	9780	中性盘
10:48:20	9.76	-0.02	236	230336	卖盘
10:48:15	9.78	0.01	190	186739	买盘
10:48:09	9.77	--	11	10747	买盘
10:48:05	9.77	-0.01	53	51781	中性盘
10:47:59	9.78	--	1136	1111008	买盘
10:47:53	9.78	--	11	10758	买盘
10:47:50	9.78	0.01	28	27384	买盘
10:47:45	9.77	--	185	180745	卖盘
10:47:38	9.77	-0.01	108	105516	卖盘
10:47:35	9.78	--	20	19560	买盘
10:47:29	9.78	0.01	99	96822	买盘
10:47:23	9.77	-0.01	6	5862	卖盘
10:47:19	9.78	--	56	54768	买盘
10:47:14	9.78	-0.01	646	631846	卖盘
10:47:09	9.79	--	83	81257	买盘
10:47:05	9.79	--	54	52865	买盘
10:46:59	9.79	--	11	10768	买盘
10:46:54	9.79	--	46	45033	买盘
10:46:49	9.79	--	1222	1196338	卖盘
10:46:44	9.79	-0.01	144	140976	卖盘
10:46:39	9.8	0.01	178	174440	买盘
10:46:34	9.79	--	78	76362	卖盘
10:46:29	9.79	--	248	242791	卖盘
10:46:24	9.79	--	168	164472	卖盘
10:46:19	9.79	-0.01	47	46012	卖盘
10:46:14	9.8	--	356	348880	买盘
10:46:08	9.8	--	130	127400	买盘
10:46:04	9.8	--	60	58800	买盘
10:45:59	9.8	--	273	267540	买盘
10:45:53	9.8	0.01	34	33320	买盘
10:45:49	9.79	-0.01	7	6852	卖盘
10:45:44	9.8	--	142	139160	买盘
10:45:34	9.8	--	151	147980	买盘
10:45:29	9.8	--	36	35280	买盘
10:45:23	9.8	--	29	28420	买盘
10:45:17	9.8	--	38	37240	买盘
10:45:14	9.8	-0.01	849	832970	卖盘
10:45:09	9.81	--	75	73575	买盘
10:45:03	9.81	--	27	26487	买盘
10:44:59	9.81	0.01	34	33354	买盘
10:44:53	9.8	-0.02	51	49980	卖盘
10:44:48	9.82	--	20	19640	买盘
10:44:44	9.82	0.01	162	159084	买盘
10:44:39	9.81	--	1	981	卖盘
10:44:29	9.81	--	166	162846	买盘
10:44:23	9.81	0.01	128	125568	买盘
10:44:17	9.8	--	5	4900	卖盘
10:44:14	9.8	--	39	38220	卖盘
10:44:03	9.8	--	2	1989	买盘
10:43:59	9.8	--	131	128380	买盘
10:43:54	9.8	--	52	50960	买盘
10:43:48	9.8	--	36	35280	买盘
10:43:44	9.8	--	154	150920	买盘
10:43:39	9.8	--	272	266560	买盘
10:43:33	9.8	-0.02	434	426270	卖盘
10:43:29	9.82	0.02	133	130606	买盘
10:43:23	9.8	--	226	221509	买盘
10:43:18	9.8	--	45	44198	买盘
10:43:14	9.8	--	135	132300	买盘
10:43:08	9.8	-0.01	661	648730	卖盘
10:43:02	9.81	--	8	7848	卖盘
10:42:59	9.81	--	34	33354	卖盘
10:42:54	9.81	0.01	100	98100	买盘
10:42:47	9.8	--	5	5380	卖盘
10:42:44	9.8	--	121	119373	卖盘
10:42:38	9.8	--	99	97020	卖盘
10:42:32	9.8	--	1	980	卖盘
10:42:29	9.8	--	150	147715	买盘
10:42:23	9.8	--	1385	1357564	卖盘
10:42:17	9.8	-0.01	9	9045	卖盘
10:42:14	9.81	--	104	102877	买盘
10:42:08	9.81	0.01	131	128511	买盘
10:42:03	9.8	--	4	3920	卖盘
10:41:59	9.8	-0.01	27	26460	卖盘
10:41:53	9.81	0.01	25	24525	买盘
10:41:48	9.8	--	0	215	卖盘
10:41:44	9.8	--	61	59858	卖盘
10:41:38	9.8	--	99	97343	买盘
10:41:32	9.8	--	52	50960	买盘
10:41:29	9.8	--	72	70560	买盘
10:41:23	9.8	--	75	73500	买盘
10:41:18	9.8	--	11	10780	买盘
10:41:14	9.8	--	91	89395	买盘
10:41:08	9.8	-0.02	652	639499	卖盘
10:41:02	9.82	--	2	1964	买盘
10:40:58	9.82	0.02	37	36334	买盘
10:40:53	9.8	-0.03	2005	1964900	卖盘
10:40:47	9.83	--	232	228056	买盘
10:40:43	9.83	0.01	91	89747	买盘
10:40:38	9.82	-0.01	22	21604	卖盘
10:40:32	9.83	--	21	20643	买盘
10:40:29	9.83	--	3	2949	买盘
10:40:23	9.83	--	2	1966	买盘
10:40:17	9.83	--	86	85422	卖盘
10:40:13	9.83	--	53	52197	卖盘
10:40:08	9.83	--	20	19660	卖盘
10:40:02	9.83	--	21	20643	卖盘
10:39:58	9.83	0.03	91	89453	买盘
10:39:53	9.8	--	7	6860	卖盘
10:39:47	9.8	-0.02	5	4900	卖盘
10:39:43	9.82	0.02	3	3319	买盘
10:39:38	9.8	--	177	174136	买盘
10:39:32	9.8	--	93	91140	买盘
10:39:28	9.8	--	72	70560	买盘
10:39:23	9.8	--	19	18620	买盘
10:39:17	9.8	--	40	39200	买盘
10:39:13	9.8	--	665	652023	卖盘
10:39:08	9.8	-0.03	1009	988820	卖盘
10:39:02	9.83	--	164	161212	买盘
10:38:58	9.83	0.01	2	1966	买盘
10:38:53	9.82	--	19	18658	卖盘
10:38:47	9.82	-0.01	56	54992	卖盘
10:38:41	9.83	0.01	14	13762	买盘
10:38:38	9.82	-0.01	63	62160	卖盘
10:38:32	9.83	--	298	292934	买盘
10:38:26	9.83	0.01	1	983	买盘
10:38:23	9.82	--	7	6874	卖盘
10:38:17	9.82	0.01	3	2946	卖盘
10:38:11	9.81	--	11	11026	卖盘
10:38:08	9.81	-0.01	111	109734	卖盘
10:38:02	9.82	-0.01	48	47136	卖盘
10:37:56	9.83	0.02	1	983	买盘
10:37:47	9.81	-0.01	159	156175	卖盘
10:37:41	9.82	--	2	1964	买盘
10:37:38	9.82	--	39	38298	买盘
10:37:32	9.82	--	178	174894	卖盘
10:37:26	9.82	--	25	24550	卖盘
10:37:23	9.82	--	93	91326	卖盘
10:37:17	9.82	-0.01	37	36334	卖盘
10:37:11	9.83	0.01	62	61142	买盘
10:37:07	9.82	-0.01	64	63731	卖盘
10:37:02	9.83	--	103	101249	买盘
10:36:56	9.83	--	5	4915	买盘
10:36:53	9.83	-0.01	101	99283	卖盘
10:36:47	9.84	--	55	54120	买盘
10:36:41	9.84	--	16	15744	买盘
10:36:38	9.84	--	14	14464	卖盘
10:36:32	9.84	-0.01	8	8167	卖盘
10:36:26	9.85	--	221	217685	买盘
10:36:23	9.85	0.02	39	38415	买盘
10:36:17	9.83	-0.01	11	10813	卖盘
10:36:11	9.84	--	128	125952	买盘
10:36:08	9.84	0.01	119	117194	买盘
10:36:02	9.83	--	26	25558	买盘
10:35:56	9.83	--	3	2949	买盘
10:35:53	9.83	--	93	91419	卖盘
10:35:47	9.83	-0.02	77	75691	卖盘
10:35:41	9.85	0.05	2	1970	买盘
10:35:38	9.8	-0.03	2094	2052120	卖盘
10:35:32	9.83	-0.01	196	192668	卖盘
10:35:26	9.84	--	7	7783	买盘
10:35:22	9.84	--	25	24600	买盘
10:35:17	9.84	0.01	2	1968	买盘
10:35:11	9.83	--	39	38337	卖盘
10:35:08	9.83	--	159	156395	卖盘
10:35:02	9.83	-0.02	100	98300	卖盘
10:34:56	9.85	0.02	27	26595	买盘
10:34:53	9.83	-0.01	52	51116	卖盘
10:34:41	9.84	0.01	1	984	买盘
10:34:37	9.83	--	196	192668	买盘
10:34:32	9.83	0.01	29	28507	买盘
10:34:26	9.82	--	33	32700	卖盘
10:34:22	9.82	-0.01	7	6874	卖盘
10:34:11	9.83	0.01	80	78640	买盘
10:34:07	9.82	0.01	35	34595	买盘
10:34:02	9.81	-0.01	92	91105	卖盘
10:33:52	9.82	0.01	21	20622	买盘
10:33:41	9.81	0.01	204	200379	买盘
10:33:37	9.8	-0.01	11	10780	卖盘
10:33:26	9.81	0.01	81	79559	买盘
10:33:22	9.8	--	154	151214	买盘
10:33:17	9.8	--	366	358680	买盘
10:33:11	9.8	--	17	16660	买盘
10:33:07	9.8	0.01	403	394940	买盘
10:33:02	9.79	-0.01	119	116598	卖盘
10:32:56	9.8	--	94	92120	买盘
10:32:52	9.8	--	55	53900	买盘
10:32:47	9.8	--	149	146020	买盘
10:32:41	9.8	--	82	80360	买盘
10:32:37	9.8	0.01	79	77420	买盘
10:32:32	9.79	-0.01	101	98878	卖盘
10:32:26	9.8	0.01	50	49000	买盘
10:32:20	9.79	--	90	88403	买盘
10:32:17	9.79	--	224	220177	卖盘
10:32:11	9.79	-0.01	406	397473	卖盘
10:32:05	9.8	--	36	35280	买盘
10:32:02	9.8	--	91	89278	买盘
10:31:56	9.8	-0.01	147	144060	卖盘
10:31:50	9.81	--	28	27468	买盘
10:31:47	9.81	0.01	142	139302	买盘
10:31:41	9.8	--	150	147000	买盘
10:31:35	9.8	0.01	84	82320	买盘
10:31:32	9.79	-0.03	1853	1814811	卖盘
10:31:26	9.82	--	65	63830	买盘
10:31:20	9.82	--	317	311294	卖盘
10:31:17	9.82	--	64	63142	买盘
10:31:11	9.82	--	13	12766	买盘
10:31:05	9.82	0.01	11	10802	买盘
10:31:02	9.81	-0.02	537	526895	卖盘
10:30:56	9.83	0.01	16	15728	买盘
10:30:50	9.82	-0.01	11	10802	卖盘
10:30:47	9.83	0.01	25	24575	买盘
10:30:41	9.82	--	253	248446	卖盘
10:30:31	9.82	--	1005	986910	卖盘
10:30:26	9.82	--	123	120786	卖盘
10:30:20	9.82	--	5	4910	买盘
10:30:17	9.82	--	51	50376	买盘
10:30:11	9.82	-0.02	47	46154	卖盘
10:30:01	9.84	0.03	228	224657	买盘
10:29:56	9.81	-0.02	117	115551	卖盘
10:29:50	9.83	--	9	8847	买盘
10:29:47	9.83	0.01	73	71759	买盘
10:29:41	9.82	-0.01	579	568578	卖盘
10:29:35	9.83	--	1	1081	买盘
10:29:32	9.83	--	286	281138	买盘
10:29:26	9.83	--	223	219209	买盘
10:29:20	9.83	--	32	31456	买盘
10:29:16	9.83	--	80	79043	买盘
10:29:11	9.83	--	70	69586	卖盘
10:29:05	9.83	--	29	28507	卖盘
10:29:02	9.83	--	24	23592	卖盘
10:28:56	9.83	0.02	65	63993	卖盘
10:28:50	9.81	-0.02	83	81423	卖盘
10:28:46	9.83	--	113	111079	买盘
10:28:41	9.83	--	186	182838	买盘
10:28:35	9.83	-0.01	4018	3949694	卖盘
10:28:32	9.84	--	74	72816	买盘
10:28:26	9.84	--	144	141696	买盘
10:28:20	9.84	0.01	65	63960	买盘
10:28:17	9.83	-0.01	280	275240	卖盘
10:28:11	9.84	--	185	182335	买盘
10:28:05	9.84	0.01	71	69864	买盘
10:28:01	9.83	-0.01	35	34405	卖盘
10:27:56	9.84	--	176	173538	卖盘
10:27:50	9.84	--	19	18696	卖盘
10:27:47	9.84	--	223	219432	卖盘
10:27:41	9.84	--	348	342432	卖盘
10:27:31	9.84	0.01	4788	4711392	买盘
10:27:26	9.83	-0.01	478	469874	卖盘
10:27:20	9.84	--	60	59040	买盘
10:27:16	9.84	0.01	103	101352	买盘
10:27:11	9.83	-0.01	338	332548	卖盘
10:27:05	9.84	--	68	66912	买盘
10:27:01	9.84	--	187	184008	买盘
10:26:56	9.84	--	397	390746	买盘
10:26:50	9.84	--	2	1968	买盘
10:26:46	9.84	-0.01	163	160392	卖盘
10:26:41	9.85	0.01	35	34475	买盘
10:26:35	9.84	0.01	108	106272	买盘
10:26:31	9.83	-0.01	668	656644	卖盘
10:26:26	9.84	--	64	62976	买盘
10:26:16	9.84	-0.01	29	28536	买盘
10:26:11	9.85	0.01	326	321110	买盘
10:26:05	9.84	--	72	70848	买盘
10:26:01	9.84	-0.01	698	687717	卖盘
10:25:56	9.85	--	70	69255	买盘
10:25:50	9.85	--	138	136708	买盘
10:25:46	9.85	-0.01	116	114260	中性盘
10:25:41	9.86	0.01	458	451588	买盘
10:25:35	9.85	-0.01	3075	3029042	卖盘
10:25:29	9.86	-0.01	4	3944	卖盘
10:25:26	9.87	0.01	20	19740	买盘
10:25:20	9.86	--	121	119611	卖盘
10:25:14	9.86	--	761	750631	买盘
10:25:11	9.86	--	216	213104	买盘
10:25:05	9.86	0.01	372	366792	买盘
10:24:59	9.85	-0.01	101	99485	卖盘
10:24:56	9.86	--	37	36482	买盘
10:24:50	9.86	--	885	873398	卖盘
10:24:41	9.86	--	150	147900	卖盘
10:24:35	9.86	-0.01	182	179452	卖盘
10:24:29	9.87	--	187	184568	买盘
10:24:26	9.87	--	394	388877	买盘
10:24:20	9.87	0.01	215	212204	买盘
10:24:14	9.86	--	6	6211	卖盘
10:24:11	9.86	-0.01	54	53244	卖盘
10:24:05	9.87	-0.01	1212	1196737	卖盘
10:23:59	9.88	--	3	2964	买盘
10:23:56	9.88	0.01	111	109668	买盘
10:23:50	9.87	-0.01	30	29708	卖盘
10:23:44	9.88	--	40	39520	买盘
10:23:40	9.88	--	68	67184	买盘
10:23:35	9.88	0.01	331	327028	买盘
10:23:25	9.87	--	17	16779	卖盘
10:23:20	9.87	-0.01	166	163842	卖盘
10:23:14	9.88	0.01	153	151509	买盘
10:23:10	9.87	--	26	25918	卖盘
10:23:05	9.87	-0.01	35	35324	卖盘
10:22:56	9.88	--	524	518571	卖盘
10:22:50	9.88	--	73	72124	卖盘
10:22:44	9.88	-0.01	172	169936	卖盘
10:22:40	9.89	--	28	27692	买盘
10:22:35	9.89	--	203	200767	买盘
10:22:29	9.89	--	59	58351	买盘
10:22:25	9.89	--	238	235382	买盘
10:22:20	9.89	0.01	216	213624	买盘
10:22:10	9.88	--	139	137430	卖盘
10:22:05	9.88	-0.01	72	71432	卖盘
10:21:59	9.89	--	33	32637	买盘
10:21:55	9.89	--	68	67252	买盘
10:21:50	9.89	-0.01	122	120658	卖盘
10:21:40	9.9	--	12	11880	买盘
10:21:35	9.9	0.01	79	78210	买盘
10:21:29	9.89	-0.01	50	49450	卖盘
10:21:25	9.9	0.01	19	18810	买盘
10:21:20	9.89	--	223	220547	卖盘
10:21:10	9.89	-0.01	188	185932	卖盘
10:21:05	9.9	0.01	71	70290	买盘
10:20:59	9.89	-0.01	7	6923	卖盘
10:20:55	9.9	--	67	66330	买盘
10:20:50	9.9	0.01	40	39600	买盘
10:20:44	9.89	-0.01	7	6923	卖盘
10:20:40	9.9	0.01	17	16830	买盘
10:20:35	9.89	--	56	55384	卖盘
10:20:29	9.89	-0.01	17	16813	卖盘
10:20:25	9.9	--	22	21780	买盘
10:20:20	9.9	0.01	28	27720	买盘
10:20:14	9.89	--	7	6923	卖盘
10:20:10	9.89	--	184	181976	卖盘
10:20:05	9.89	--	47	46483	买盘
10:19:55	9.89	--	204	201756	买盘
10:19:50	9.89	--	21	20769	买盘
10:19:44	9.89	--	4	3956	买盘
10:19:40	9.89	--	15	14835	买盘
10:19:35	9.89	-0.01	105	103845	卖盘
10:19:25	9.9	--	1	990	买盘
10:19:20	9.9	0.02	1	990	买盘
10:19:14	9.88	-0.01	99	97812	卖盘
10:19:08	9.89	0.01	8	7912	中性盘
10:19:05	9.88	--	42	41496	卖盘
10:18:59	9.88	--	131	129428	卖盘
10:18:53	9.88	-0.01	10	9880	卖盘
10:18:50	9.89	--	22	21758	卖盘
10:18:44	9.89	0.01	57	56471	买盘
10:18:38	9.88	--	2	1976	卖盘
10:18:35	9.88	-0.02	184	181792	卖盘
10:18:29	9.9	0.01	104	102960	买盘
10:18:20	9.89	--	35	34615	买盘
10:18:14	9.89	--	166	164174	买盘
10:18:08	9.89	--	10	9890	买盘
10:18:05	9.89	--	56	55384	买盘
10:17:59	9.89	--	57	56373	买盘
10:17:53	9.89	0.01	4	3956	买盘
10:17:49	9.88	-0.01	642	634296	卖盘
10:17:44	9.89	0.01	119	117789	买盘
10:17:35	9.88	-0.01	17	16796	卖盘
10:17:29	9.89	--	46	45494	买盘
10:17:23	9.89	--	133	132436	卖盘
10:17:19	9.89	-0.01	72	71208	卖盘
10:17:14	9.9	0.01	2	1980	买盘
10:17:08	9.89	--	8	7912	卖盘
10:17:04	9.89	--	429	424370	买盘
10:16:59	9.89	--	82	81098	买盘
10:16:53	9.89	0.01	45	44505	买盘
10:16:49	9.88	-0.01	221	218348	卖盘
10:16:44	9.89	0.01	11	11136	买盘
10:16:38	9.88	--	22	22565	卖盘
10:16:34	9.88	--	321	317424	卖盘
10:16:29	9.88	--	154	152152	卖盘
10:16:23	9.88	-0.01	139	137332	卖盘
10:16:19	9.89	0.01	88	87032	买盘
10:16:14	9.88	--	33	32604	卖盘
10:16:08	9.88	--	30	29640	卖盘
10:16:04	9.88	-0.01	1	988	卖盘
10:15:59	9.89	0.01	49	48461	买盘
10:15:53	9.88	--	112	110656	卖盘
10:15:49	9.88	--	44	43472	卖盘
10:15:44	9.88	-0.01	13	12844	卖盘
10:15:38	9.89	0.01	36	35702	买盘
10:15:34	9.88	--	56	55328	卖盘
10:15:29	9.88	--	242	239096	卖盘
10:15:23	9.88	--	67	66245	卖盘
10:15:19	9.88	-0.01	46	45448	卖盘
10:15:14	9.89	0.01	22	21758	买盘
10:15:08	9.88	-0.01	73	72124	卖盘
10:15:04	9.89	--	114	112746	买盘
10:14:59	9.89	--	57	56373	买盘
10:14:53	9.89	--	501	495983	卖盘
10:14:49	9.89	-0.01	181	179009	卖盘
10:14:44	9.9	--	79	78210	买盘
10:14:38	9.9	0.01	10	10098	买盘
10:14:34	9.89	-0.01	12	12758	卖盘
10:14:29	9.9	0.01	207	204930	买盘
10:14:23	9.89	--	28	27692	卖盘
10:14:19	9.89	-0.01	151	149339	卖盘
10:14:14	9.9	0.01	32	31680	买盘
10:14:08	9.89	--	8	7912	卖盘
10:14:04	9.89	-0.01	26	25714	卖盘
10:13:59	9.9	0.01	38	37620	买盘
10:13:53	9.89	--	73	72197	卖盘
10:13:49	9.89	-0.01	77	76153	卖盘
10:13:44	9.9	--	86	85140	买盘
10:13:38	9.9	--	35	34650	买盘
10:13:34	9.9	0.01	52	51579	买盘
10:13:29	9.89	-0.01	104	102856	卖盘
10:13:23	9.9	--	11	10890	买盘
10:13:19	9.9	--	20	19800	买盘
10:13:14	9.9	--	55	54450	买盘
10:13:08	9.9	--	15	14850	买盘
10:13:04	9.9	--	5	4950	买盘
10:12:59	9.9	--	123	122661	卖盘
10:12:53	9.9	--	5	4950	卖盘
10:12:49	9.9	--	21	20790	卖盘
10:12:44	9.9	--	22	21879	买盘
10:12:38	9.9	0.01	119	118037	买盘
10:12:32	9.89	-0.01	89	88881	卖盘
10:12:29	9.9	--	11	10890	买盘
10:12:24	9.9	--	111	109890	买盘
10:12:17	9.9	--	1	990	买盘
10:12:14	9.9	0.01	9	8910	买盘
10:12:08	9.89	-0.01	61	60329	卖盘
10:12:02	9.9	--	5	4950	买盘
10:11:59	9.9	--	8	7920	买盘
10:11:44	9.9	--	121	120681	卖盘
10:11:38	9.9	--	70	69300	卖盘
10:11:32	9.9	-0.01	37	36729	卖盘
10:11:29	9.91	0.01	42	41622	买盘
10:11:23	9.9	0.01	6	5940	中性盘
10:11:17	9.89	-0.01	219	216591	卖盘
10:11:14	9.9	--	74	73458	买盘
10:11:08	9.9	--	39	38610	买盘
10:11:02	9.9	--	10	9900	买盘
10:10:59	9.9	--	23	22770	买盘
10:10:53	9.9	--	168	167112	卖盘
10:10:47	9.9	-0.01	100	99000	卖盘
10:10:43	9.91	0.01	10	9910	买盘
10:10:38	9.9	--	115	113850	卖盘
10:10:32	9.9	--	9	9216	卖盘
10:10:28	9.9	--	19	19592	卖盘
10:10:23	9.9	--	25	24750	卖盘
10:10:13	9.9	--	71	70389	买盘
10:10:08	9.9	--	46	45540	买盘
10:10:02	9.9	--	2	1980	买盘
10:09:58	9.9	--	115	113850	买盘
10:09:53	9.9	--	30	29700	买盘
10:09:47	9.9	--	169	168201	卖盘
10:09:43	9.9	-0.01	73	72270	卖盘
10:09:38	9.91	0.01	4	3964	买盘
10:09:28	9.9	--	26	25839	卖盘
10:09:23	9.9	-0.01	67	66330	卖盘
10:09:13	9.91	--	1	991	买盘
10:09:08	9.91	-0.01	2	1982	买盘
10:09:02	9.92	0.02	200	198400	买盘
10:08:58	9.9	-0.01	434	430065	卖盘
10:08:53	9.91	--	154	152614	卖盘
10:08:47	9.91	--	10	9910	卖盘
10:08:43	9.91	--	77	76307	卖盘
10:08:38	9.91	--	451	447228	买盘
10:08:32	9.91	0.01	49	48559	买盘
10:08:28	9.9	-0.01	44	43659	卖盘
10:08:23	9.91	0.01	56	55496	买盘
10:08:13	9.9	-0.01	20	19800	卖盘
10:08:08	9.91	--	1	991	买盘
10:08:02	9.91	--	31	30721	买盘
10:07:58	9.91	--	102	101082	买盘
10:07:53	9.91	--	50	49550	买盘
10:07:47	9.91	-0.02	24	23784	卖盘
10:07:43	9.93	0.02	3	2979	买盘
10:07:38	9.91	--	16	15856	卖盘
10:07:28	9.91	--	29	28838	卖盘
10:07:23	9.91	--	26	25766	买盘
10:07:17	9.91	0.01	2	1982	买盘
10:07:13	9.9	-0.01	111	109890	卖盘
10:07:08	9.91	-0.02	12	11892	中性盘
10:07:02	9.93	0.02	505	501465	买盘
10:06:58	9.91	--	76	75316	买盘
10:06:53	9.91	--	79	78289	买盘
10:06:47	9.91	-0.02	248	246461	卖盘
10:06:43	9.93	0.02	293	291246	买盘
10:06:38	9.91	0.01	2	1982	买盘
10:06:28	9.9	-0.01	27	26829	卖盘
10:06:23	9.91	--	73	72343	买盘
10:06:11	9.91	--	214	212965	卖盘
10:06:08	9.91	--	22	21802	卖盘
10:06:02	9.91	--	2	1982	卖盘
10:05:56	9.91	--	122	120902	卖盘
10:05:53	9.91	-0.01	74	73334	卖盘
10:05:47	9.92	--	101	100192	买盘
10:05:41	9.92	0.01	32	31744	买盘
10:05:38	9.91	--	68	67388	卖盘
10:05:32	9.91	--	52	51532	卖盘
10:05:26	9.91	--	13	12883	卖盘
10:05:23	9.91	--	94	93253	卖盘
10:05:17	9.91	-0.01	342	338922	卖盘
10:05:11	9.92	0.01	7	6944	买盘
10:05:08	9.91	-0.01	113	111983	卖盘
10:05:02	9.92	--	24	23808	卖盘
10:04:56	9.92	--	51	50592	卖盘
10:04:53	9.92	--	4	3968	卖盘
10:04:47	9.92	-0.01	22	21824	卖盘
10:04:41	9.93	--	2	1986	买盘
10:04:38	9.93	--	22	21846	买盘
10:04:32	9.93	--	244	243086	卖盘
10:04:26	9.93	--	200	198600	卖盘
10:04:22	9.93	-0.01	32	31875	卖盘
10:04:17	9.94	--	10	9940	买盘
10:04:11	9.94	0.01	10	9940	买盘
10:04:07	9.93	-0.01	31	30783	卖盘
10:04:02	9.94	0.01	20	19880	买盘
10:03:56	9.93	-0.02	81	80433	卖盘
10:03:52	9.95	0.01	126	125369	买盘
10:03:47	9.94	--	92	91448	卖盘
10:03:41	9.94	--	169	167986	卖盘
10:03:37	9.94	--	11	10934	卖盘
10:03:32	9.94	-0.01	35	34790	卖盘
10:03:26	9.95	0.01	1	994	买盘
10:03:22	9.94	--	18	17892	卖盘
10:03:17	9.94	0.01	968	962291	买盘
10:03:11	9.93	--	17	16881	卖盘
10:03:07	9.93	-0.01	16	15888	卖盘
10:03:02	9.94	--	7	6958	买盘
10:02:56	9.94	--	21	20874	买盘
10:02:52	9.94	--	96	95424	卖盘
10:02:47	9.94	-0.01	40	39760	卖盘
10:02:41	9.95	--	2	1989	买盘
10:02:37	9.95	0.01	2	1989	买盘
10:02:32	9.94	--	6	5964	卖盘
10:02:26	9.94	--	30	29820	卖盘
10:02:22	9.94	--	50	49700	卖盘
10:02:17	9.94	--	272	270368	买盘
10:02:11	9.94	--	9	8946	买盘
10:02:07	9.94	--	8	7952	买盘
10:02:02	9.94	0.01	12	12226	买盘
10:01:56	9.93	-0.01	133	132863	卖盘
10:01:52	9.94	-0.01	4	3976	卖盘
10:01:47	9.95	--	195	194025	买盘
10:01:41	9.95	--	1	994	买盘
10:01:37	9.95	--	66	65670	买盘
10:01:32	9.95	--	263	261684	买盘
10:01:26	9.95	0.03	262	260689	买盘
10:01:17	9.92	-0.01	32	31744	卖盘
10:01:11	9.93	--	98	97314	买盘
10:01:07	9.93	--	104	103272	买盘
10:01:02	9.93	0.01	41	40713	买盘
10:00:56	9.92	-0.01	43	42656	卖盘
10:00:52	9.93	0.01	108	107244	买盘
10:00:47	9.92	-0.01	30	29760	卖盘
10:00:41	9.93	0.01	2	1986	买盘
10:00:37	9.92	0.01	17	16864	中性盘
10:00:32	9.91	--	26	25766	卖盘
10:00:26	9.91	--	120	118920	卖盘
10:00:22	9.91	--	67	66397	卖盘
10:00:17	9.91	-0.01	247	244777	卖盘
10:00:11	9.92	0.01	2	1984	买盘
10:00:07	9.91	--	139	137749	卖盘
10:00:02	9.91	--	7	6937	卖盘
09:59:56	9.91	--	22	21802	卖盘
09:59:50	9.91	--	1	991	卖盘
09:59:47	9.91	--	113	111983	卖盘
09:59:41	9.91	--	9	8919	卖盘
09:59:35	9.91	-0.01	7	6937	卖盘
09:59:32	9.92	0.01	374	371008	买盘
09:59:26	9.91	--	8	7928	卖盘
09:59:20	9.91	--	89	88199	买盘
09:59:17	9.91	--	679	672889	买盘
09:59:11	9.91	--	3	2973	买盘
09:59:05	9.91	0.01	1	991	买盘
09:59:02	9.9	-0.02	159	157410	卖盘
09:58:56	9.92	--	140	138880	买盘
09:58:47	9.92	--	44	43648	买盘
09:58:41	9.92	--	92	91264	买盘
09:58:35	9.92	--	3	2976	买盘
09:58:32	9.92	--	13	12896	卖盘
09:58:26	9.92	--	45	44640	卖盘
09:58:17	9.92	--	105	104160	买盘
09:58:11	9.92	0.01	280	277760	卖盘
09:58:05	9.91	--	0	0	卖盘
09:58:01	9.91	-0.01	143	141713	卖盘
09:57:56	9.92	0.01	500	496000	买盘
09:57:50	9.91	--	38	37658	卖盘
09:57:47	9.91	-0.01	85	84235	卖盘
09:57:41	9.92	0.01	4	3968	买盘
09:57:35	9.91	--	2	1982	卖盘
09:57:31	9.91	-0.01	82	81262	卖盘
09:57:26	9.92	--	13	12896	买盘
09:57:20	9.92	--	14	13888	买盘
09:57:16	9.92	--	198	196416	卖盘
09:57:11	9.92	--	104	103168	买盘
09:57:05	9.92	--	199	197408	买盘
09:57:01	9.92	--	8	7936	中性盘
09:56:56	9.92	--	102	101184	卖盘
09:56:50	9.92	-0.01	4	3968	卖盘
09:56:46	9.93	0.01	15	14895	买盘
09:56:41	9.92	--	65	64480	卖盘
09:56:35	9.92	0.01	43	42656	买盘
09:56:31	9.91	--	77	76307	卖盘
09:56:26	9.91	-0.01	6	5946	卖盘
09:56:16	9.92	--	8	7936	买盘
09:56:11	9.92	--	5	4960	卖盘
09:56:05	9.92	--	38	37696	卖盘
09:56:01	9.92	--	24	23808	卖盘
09:55:56	9.92	0.01	349	346208	买盘
09:55:50	9.91	0.01	5	4955	买盘
09:55:46	9.9	-0.01	68	67320	卖盘
09:55:41	9.91	0.01	20	19820	买盘
09:55:31	9.9	-0.02	1	990	卖盘
09:55:26	9.92	0.01	23	22816	买盘
09:55:20	9.91	0.01	37	36667	买盘
09:55:16	9.9	--	356	352440	卖盘
09:55:11	9.9	--	143	141570	卖盘
09:55:05	9.9	--	6	5940	卖盘
09:55:01	9.9	0.01	48	47520	买盘
09:54:56	9.89	-0.01	76	75164	卖盘
09:54:50	9.9	0.01	16	15840	买盘
09:54:46	9.89	--	78	77142	卖盘
09:54:41	9.89	--	222	219558	卖盘
09:54:35	9.89	-0.01	10	9890	卖盘
09:54:31	9.9	--	52	51480	买盘
09:54:26	9.9	0.01	3	2970	买盘
09:54:20	9.89	-0.01	31	30659	卖盘
09:54:16	9.9	-0.01	90	89100	卖盘
09:54:11	9.91	0.01	302	299282	买盘
09:54:05	9.9	--	16	15840	卖盘
09:54:01	9.9	0.02	202	199980	买盘
09:53:56	9.88	-0.01	203	200564	卖盘
09:53:50	9.89	0.01	4	3956	买盘
09:53:46	9.88	--	130	128440	卖盘
09:53:41	9.88	-0.01	528	521664	卖盘
09:53:35	9.89	--	105	103845	买盘
09:53:31	9.89	0.01	41	40549	买盘
09:53:26	9.88	-0.01	104	102752	卖盘
09:53:20	9.89	--	58	57362	卖盘
09:53:14	9.89	-0.02	54	53406	卖盘
09:53:11	9.91	0.03	1149	1138659	买盘
09:53:05	9.88	-0.01	184	181792	卖盘
09:52:56	9.89	--	338	334282	卖盘
09:52:50	9.89	-0.01	67	66263	卖盘
09:52:44	9.9	--	3	2970	买盘
09:52:41	9.9	--	87	86130	卖盘
09:52:35	9.9	--	9	8910	卖盘
09:52:29	9.9	--	407	402930	卖盘
09:52:26	9.9	--	128	126720	卖盘
09:52:20	9.9	--	140	138600	卖盘
09:52:14	9.9	-0.02	2	1980	卖盘
09:52:11	9.92	--	97	96224	买盘
09:52:05	9.92	0.02	90	89280	买盘
09:51:59	9.9	-0.01	22	21780	卖盘
09:51:56	9.91	--	20	19820	买盘
09:51:50	9.91	-0.01	966	957306	卖盘
09:51:41	9.92	0.01	1057	1048544	买盘
09:51:35	9.91	-0.01	107	106037	卖盘
09:51:29	9.92	--	10	9920	买盘
09:51:26	9.92	--	241	239072	买盘
09:51:20	9.92	--	175	173600	买盘
09:51:10	9.92	--	270	267840	卖盘
09:51:05	9.92	--	270	267840	卖盘
09:50:59	9.92	--	40	39680	卖盘
09:50:55	9.92	0.01	232	230144	买盘
09:50:50	9.91	-0.01	36	35676	卖盘
09:50:44	9.92	--	8	7936	买盘
09:50:40	9.92	0.01	10	9920	买盘
09:50:35	9.91	-0.01	25	24775	卖盘
09:50:29	9.92	--	20	19840	买盘
09:50:25	9.92	--	53	52576	买盘
09:50:20	9.92	--	22	21824	卖盘
09:50:14	9.92	0.01	5	4960	买盘
09:50:10	9.91	-0.01	29	28739	卖盘
09:50:05	9.92	-0.01	30	29760	卖盘
09:49:59	9.93	0.01	16	15888	买盘
09:49:55	9.92	0.01	7	6944	卖盘
09:49:50	9.91	-0.01	5	4955	卖盘
09:49:44	9.92	0.01	7	6944	买盘
09:49:40	9.91	--	13	12883	卖盘
09:49:35	9.91	--	113	111983	卖盘
09:49:29	9.91	-0.01	40	39640	卖盘
09:49:25	9.92	--	175	173600	买盘
09:49:20	9.92	0.01	126	124992	买盘
09:49:10	9.91	--	35	34685	卖盘
09:49:05	9.91	--	29	28739	卖盘
09:48:59	9.91	-0.01	71	70361	卖盘
09:48:55	9.92	0.01	138	136896	买盘
09:48:50	9.91	--	88	87208	卖盘
09:48:44	9.91	--	17	16847	卖盘
09:48:40	9.91	-0.01	3	2973	卖盘
09:48:35	9.92	0.01	209	207328	买盘
09:48:29	9.91	-0.01	88	87208	卖盘
09:48:25	9.92	--	10	9920	买盘
09:48:20	9.92	--	14	13888	买盘
09:48:14	9.92	--	10	9920	买盘
09:48:10	9.92	--	778	771776	卖盘
09:48:05	9.92	-0.01	168	166656	卖盘
09:47:59	9.93	--	119	118167	卖盘
09:47:55	9.93	0.01	62	61566	买盘
09:47:50	9.92	--	9	8928	卖盘
09:47:44	9.92	--	6	5952	卖盘
09:47:40	9.92	--	91	90272	买盘
09:47:35	9.92	--	84	83328	买盘
09:47:29	9.92	--	1	992	买盘
09:47:25	9.92	--	105	104160	买盘
09:47:20	9.92	-0.03	871	864032	卖盘
09:47:14	9.95	--	93	92535	买盘
09:47:10	9.95	0.01	38	37810	买盘
09:47:05	9.94	--	35	34790	卖盘
09:46:59	9.94	-0.01	285	283290	卖盘
09:46:55	9.95	0.01	8	7959	买盘
09:46:50	9.94	--	554	550676	买盘
09:46:44	9.94	--	174	172956	买盘
09:46:38	9.94	--	125	124250	买盘
09:46:35	9.94	--	139	138166	买盘
09:46:29	9.94	--	53	52682	买盘
09:46:23	9.94	--	9	8946	买盘
09:46:20	9.94	--	108	107352	买盘
09:46:14	9.94	0.01	10	9940	买盘
09:46:08	9.93	--	68	67524	卖盘
09:46:05	9.93	--	114	113202	卖盘
09:45:59	9.93	--	15	14895	卖盘
09:45:53	9.93	--	10	9930	卖盘
09:45:50	9.93	--	32	31776	卖盘
09:45:44	9.93	--	20	19860	卖盘
09:45:38	9.93	0.01	115	114195	买盘
09:45:35	9.92	--	49	48608	卖盘
09:45:29	9.92	-0.01	68	67456	卖盘
09:45:23	9.93	--	47	46671	买盘
09:45:20	9.93	0.01	89	88377	买盘
09:45:14	9.92	--	110	109120	卖盘
09:45:08	9.92	--	0	0	卖盘
09:45:05	9.92	-0.01	144	142848	卖盘
09:44:59	9.93	0.01	53	52629	买盘
09:44:53	9.92	--	11	10912	卖盘
09:44:50	9.92	-0.01	11	10912	卖盘
09:44:44	9.93	0.01	19	18867	买盘
09:44:38	9.92	--	43	42656	卖盘
09:44:34	9.92	--	38	37696	买盘
09:44:29	9.92	--	131	129952	买盘
09:44:23	9.92	--	60	59520	买盘
09:44:19	9.92	--	4	3968	买盘
09:44:14	9.92	--	53	52576	买盘
09:44:08	9.92	0.01	20	19840	买盘
09:44:04	9.91	-0.01	37	36667	卖盘
09:43:59	9.92	--	159	157728	买盘
09:43:53	9.92	--	67	66464	买盘
09:43:49	9.92	--	74	73408	买盘
09:43:44	9.92	--	61	60512	买盘
09:43:38	9.92	0.01	39	38688	买盘
09:43:34	9.91	--	29	28739	卖盘
09:43:29	9.91	-0.01	43	42613	卖盘
09:43:23	9.92	--	38	37696	买盘
09:43:19	9.92	0.02	74	73408	买盘
09:43:14	9.9	-0.01	362	358380	卖盘
09:43:08	9.91	0.01	338	334958	买盘
09:43:04	9.9	-0.01	44	43560	卖盘
09:42:59	9.91	0.01	55	54505	买盘
09:42:53	9.9	-0.01	179	177210	卖盘
09:42:49	9.91	--	61	60451	买盘
09:42:44	9.91	0.01	61	60451	买盘
09:42:38	9.9	-0.01	58	57420	卖盘
09:42:34	9.91	--	22	21802	买盘
09:42:29	9.91	0.01	151	149641	买盘
09:42:23	9.9	-0.01	102	100980	卖盘
09:42:19	9.91	--	9	8919	买盘
09:42:14	9.91	-0.01	173	171443	卖盘
09:42:08	9.92	0.01	41	40672	买盘
09:42:04	9.91	0.01	133	131803	买盘
09:41:59	9.9	--	247	244530	卖盘
09:41:53	9.9	-0.01	56	55440	卖盘
09:41:49	9.91	0.01	474	469734	中性盘
09:41:44	9.9	-0.02	52	51480	卖盘
09:41:38	9.92	0.02	131	129952	买盘
09:41:34	9.9	--	84	83160	卖盘
09:41:29	9.9	--	49	48510	卖盘
09:41:23	9.9	--	262	259380	卖盘
09:41:19	9.9	-0.01	560	554400	卖盘
09:41:14	9.91	0.01	126	124866	买盘
09:41:08	9.9	--	54	53460	买盘
09:41:04	9.9	-0.01	160	158400	卖盘
09:40:59	9.91	0.01	291	288381	买盘
09:40:53	9.9	--	46	45540	卖盘
09:40:49	9.9	--	526	520740	卖盘
09:40:44	9.9	--	61	60390	卖盘
09:40:38	9.9	-0.01	41	40590	卖盘
09:40:34	9.91	--	117	115947	买盘
09:40:29	9.91	--	351	347841	买盘
09:40:23	9.91	--	9	8919	买盘
09:40:19	9.91	--	157	155587	买盘
09:40:14	9.91	--	29	28739	卖盘
09:40:08	9.91	--	184	182344	卖盘
09:40:02	9.91	--	217	215047	卖盘
09:39:59	9.91	--	29	28739	卖盘
09:39:53	9.91	--	110	109010	买盘
09:39:47	9.91	0.01	44	43604	买盘
09:39:44	9.9	--	103	101970	卖盘
09:39:38	9.9	--	47	46530	卖盘
09:39:29	9.9	--	248	245520	买盘
09:39:23	9.9	--	99	98010	买盘
09:39:17	9.9	--	228	225720	买盘
09:39:14	9.9	--	164	162360	买盘
09:39:08	9.9	--	296	293040	买盘
09:39:02	9.9	--	6	5940	中性盘
09:38:59	9.9	-0.01	168	166320	买盘
09:38:53	9.91	0.02	302	299282	买盘
09:38:47	9.89	--	10	9890	卖盘
09:38:44	9.89	-0.01	114	112746	卖盘
09:38:38	9.9	0.02	166	164340	买盘
09:38:32	9.88	-0.01	56	55328	卖盘
09:38:29	9.89	--	66	65274	买盘
09:38:23	9.89	0.02	45	44505	买盘
09:38:17	9.87	-0.01	66	65141	卖盘
09:38:13	9.88	0.01	427	421876	买盘
09:38:08	9.87	--	268	264516	卖盘
09:38:02	9.87	--	75	74025	卖盘
09:37:59	9.87	--	696	686952	买盘
09:37:53	9.87	--	373	368150	买盘
09:37:47	9.87	0.01	24	23687	买盘
09:37:43	9.86	-0.02	127	125222	卖盘
09:37:38	9.88	--	125	123500	卖盘
09:37:32	9.88	-0.01	260	256880	卖盘
09:37:28	9.89	--	85	84065	买盘
09:37:23	9.89	--	319	315491	卖盘
09:37:17	9.89	-0.01	326	322414	卖盘
09:37:13	9.9	--	101	99990	买盘
09:37:08	9.9	--	369	365310	卖盘
09:37:02	9.9	-0.01	121	119790	卖盘
09:36:58	9.91	--	270	267570	买盘
09:36:53	9.91	-0.01	109	108019	中性盘
09:36:47	9.92	0.02	254	251968	买盘
09:36:43	9.9	-0.01	213	210870	卖盘
09:36:38	9.91	--	1268	1256588	卖盘
09:36:32	9.91	0.01	77	76307	买盘
09:36:28	9.9	-0.01	518	512820	卖盘
09:36:23	9.91	--	111	110001	买盘
09:36:17	9.91	--	141	139731	买盘
09:36:13	9.91	--	276	273516	买盘
09:36:08	9.91	--	252	249732	卖盘
09:36:02	9.91	-0.01	161	159551	卖盘
09:35:58	9.92	--	51	50592	买盘
09:35:53	9.92	--	70	69440	买盘
09:35:47	9.92	--	70	69440	买盘
09:35:43	9.92	-0.01	278	275776	卖盘
09:35:38	9.93	--	2257	2241201	买盘
09:35:32	9.93	--	4	3972	买盘
09:35:28	9.93	--	21	20853	买盘
09:35:23	9.93	--	91	90363	卖盘
09:35:17	9.93	--	119	118167	卖盘
09:35:13	9.93	--	115	114195	卖盘
09:35:08	9.93	--	133	132069	卖盘
09:35:02	9.93	-0.01	62	61566	中性盘
09:34:58	9.94	0.02	167	165998	买盘
09:34:53	9.92	-0.01	162	160704	卖盘
09:34:47	9.93	0.01	64	63552	买盘
09:34:43	9.92	--	392	388864	卖盘
09:34:38	9.92	-0.02	123	122016	卖盘
09:34:32	9.94	0.01	101	100394	买盘
09:34:28	9.93	0.01	58	57594	中性盘
09:34:23	9.92	-0.03	219	217248	卖盘
09:34:17	9.95	0.02	110	109449	买盘
09:34:13	9.93	-0.01	120	119160	卖盘
09:34:08	9.94	0.01	56	55664	买盘
09:34:02	9.93	-0.01	143	141999	买盘
09:33:58	9.94	0.01	767	762398	买盘
09:33:53	9.93	-0.02	28	27804	卖盘
09:33:47	9.95	0.01	121	120394	买盘
09:33:43	9.94	0.01	51	50694	中性盘
09:33:38	9.93	-0.02	146	144978	卖盘
09:33:32	9.95	0.01	35	34825	买盘
09:33:26	9.94	-0.01	57	56658	中性盘
09:33:23	9.95	--	298	296510	买盘
09:33:17	9.95	-0.01	394	392030	卖盘
09:33:11	9.96	--	21	20916	买盘
09:33:08	9.96	--	146	145416	买盘
09:33:02	9.96	--	60	59760	买盘
09:32:56	9.96	--	10	9960	买盘
09:32:53	9.96	--	58	57768	卖盘
09:32:47	9.96	--	166	165336	卖盘
09:32:41	9.96	--	100	99600	卖盘
09:32:38	9.96	-0.01	65	64740	卖盘
09:32:32	9.97	--	60	59820	买盘
09:32:26	9.97	--	1	997	买盘
09:32:23	9.97	--	158	157526	卖盘
09:32:17	9.97	-0.01	143	142571	卖盘
09:32:11	9.98	--	4	3992	买盘
09:32:08	9.98	--	32	31936	买盘
09:32:02	9.98	--	92	91816	卖盘
09:31:56	9.98	--	23	22954	买盘
09:31:53	9.98	--	21	20958	卖盘
09:31:47	9.98	--	245	244510	卖盘
09:31:41	9.98	0.01	20	19960	卖盘
09:31:32	9.97	--	8	7976	卖盘
09:31:26	9.97	-0.03	1	997	卖盘
09:31:23	10.0	0.03	7	7000	买盘
09:31:17	9.97	--	2	1994	卖盘
09:31:11	9.97	--	41	40877	卖盘
09:31:07	9.97	--	31	30907	买盘
09:31:02	9.97	--	278	277166	卖盘
09:30:56	9.97	--	96	95712	买盘
09:30:52	9.97	0.01	507	505479	买盘
09:30:47	9.96	--	121	120516	卖盘
09:30:37	9.96	--	15	14940	卖盘
09:30:32	9.96	-0.01	133	132468	卖盘
09:30:26	9.97	--	5	4985	卖盘
09:30:22	9.97	-0.01	216	215352	卖盘
09:30:17	9.98	0.02	50	49900	买盘
09:30:11	9.96	--	0	0	卖盘
09:30:07	9.96	-0.01	922	918312	卖盘
09:30:02	9.97	--	36	35892	买盘
09:28:49	9.97	--	0	0	买盘
09:25:05	9.97	9.97	406	404782	买盘
