成交时间	成交价	价格变动	成交量(手)	成交额(元)	性质
15:00:00	5.41	--	0	0	卖盘
15:00:00	5.41	--	0	0	卖盘
14:59:52	5.41	--	5	2705	卖盘
14:59:43	5.41	--	47	25427	卖盘
14:59:37	5.41	-0.01	47	25427	卖盘
14:59:33	5.42	0.01	2	1084	买盘
14:59:28	5.41	-0.01	1	541	卖盘
14:59:22	5.42	0.01	12	6504	买盘
14:59:13	5.41	--	40	21640	卖盘
14:59:07	5.41	-0.01	130	70330	卖盘
14:58:52	5.42	0.01	3	1626	买盘
14:58:47	5.41	--	342	185022	卖盘
14:58:37	5.41	--	5	2705	卖盘
14:58:22	5.41	--	22	11902	买盘
14:58:13	5.41	0.01	23	12443	买盘
14:58:07	5.4	-0.01	6	3240	卖盘
14:58:03	5.41	--	11	5951	买盘
14:57:43	5.41	--	42	22722	卖盘
14:57:37	5.41	-0.01	1	541	卖盘
14:57:28	5.42	0.01	11	5962	买盘
14:57:22	5.41	--	26	14066	卖盘
14:57:18	5.41	--	3	1623	卖盘
14:57:13	5.41	--	20	10820	卖盘
14:56:58	5.41	--	50	27050	卖盘
14:56:48	5.41	--	20	10820	卖盘
14:56:37	5.41	--	20	10820	买盘
14:56:33	5.41	--	80	43280	卖盘
14:56:27	5.41	-0.01	5	2705	卖盘
14:56:22	5.42	0.01	10	5420	买盘
14:56:18	5.41	--	40	21640	卖盘
14:56:12	5.41	--	40	21640	卖盘
14:55:52	5.41	--	4	2164	买盘
14:55:47	5.41	--	12	6492	卖盘
14:55:42	5.41	--	220	119020	卖盘
14:55:32	5.41	-0.01	50	27050	卖盘
14:55:16	5.42	0.01	1	542	买盘
14:55:07	5.41	--	691	373831	卖盘
14:54:57	5.41	-0.01	3	1623	卖盘
14:54:52	5.42	--	3	1626	买盘
14:54:46	5.42	0.01	315	170730	买盘
14:54:22	5.41	-0.01	20	10820	卖盘
14:54:16	5.42	0.01	9	4878	买盘
14:54:01	5.41	--	239	129299	卖盘
14:53:46	5.41	--	5	2705	卖盘
14:53:37	5.41	-0.01	14	7574	卖盘
14:53:31	5.42	--	26	14092	买盘
14:53:27	5.42	--	10	5420	买盘
14:53:22	5.42	0.01	43	23306	买盘
14:53:07	5.41	--	4	2164	卖盘
14:53:01	5.41	-0.01	7	3787	卖盘
14:52:57	5.42	0.01	6	3252	买盘
14:52:52	5.41	--	50	27050	卖盘
14:52:42	5.41	--	2	1082	卖盘
14:52:22	5.41	--	7	3787	卖盘
14:52:16	5.41	-0.01	50	27050	卖盘
14:52:11	5.42	0.01	153	82926	买盘
14:52:07	5.41	--	25	13525	买盘
14:52:01	5.41	--	87	47067	买盘
14:51:56	5.41	--	4	2164	买盘
14:51:52	5.41	--	1001	541541	买盘
14:51:37	5.41	0.01	188	101708	买盘
14:51:27	5.4	--	8	4320	卖盘
14:51:16	5.4	-0.01	12	6480	卖盘
14:51:07	5.41	--	14	7574	买盘
14:50:37	5.41	0.01	8	4328	买盘
14:50:31	5.4	--	2	1080	卖盘
14:50:22	5.4	-0.01	24	13257	卖盘
14:50:16	5.41	0.01	7	3787	买盘
14:49:52	5.4	-0.01	3	1620	卖盘
14:49:37	5.41	0.01	20	10820	买盘
14:49:27	5.4	--	1	540	卖盘
14:49:21	5.4	-0.01	1	540	卖盘
14:49:16	5.41	0.01	78	42198	买盘
14:48:51	5.4	--	10	5400	卖盘
14:48:46	5.4	--	1	540	卖盘
14:48:36	5.4	--	81	43740	卖盘
14:48:26	5.4	-0.01	118	64179	卖盘
14:48:16	5.41	0.01	10	5410	买盘
14:48:10	5.4	--	85	45900	卖盘
14:48:01	5.4	--	1	540	卖盘
14:47:55	5.4	-0.01	440	237600	卖盘
14:47:46	5.41	--	35	18935	买盘
14:47:40	5.41	--	20	10820	买盘
14:47:31	5.41	--	20	10820	买盘
14:47:10	5.41	--	79	42739	买盘
14:46:55	5.41	--	41	22181	买盘
14:46:31	5.41	0.01	2	1082	买盘
14:46:25	5.4	--	100	54000	卖盘
14:46:16	5.4	--	9	4860	卖盘
14:46:10	5.4	--	92	49680	卖盘
14:46:06	5.4	--	25	13500	卖盘
14:45:51	5.4	0.01	922	497880	买盘
14:45:25	5.39	--	1	539	卖盘
14:45:10	5.39	-0.01	471	253868	卖盘
14:45:05	5.4	0.01	29	15660	买盘
14:44:16	5.39	-0.01	31	16709	卖盘
14:44:10	5.4	--	117	63180	买盘
14:44:01	5.4	--	60	32400	买盘
14:43:55	5.4	--	16	8640	买盘
14:43:50	5.4	0.01	25	13500	买盘
14:43:35	5.39	-0.01	20	10780	卖盘
14:43:31	5.4	--	10	5400	买盘
14:43:16	5.4	0.01	5	2700	买盘
14:43:10	5.39	-0.01	118	63601	卖盘
14:42:46	5.4	0.01	128	69120	买盘
14:42:10	5.39	--	112	60368	卖盘
14:42:05	5.39	-0.01	13	7007	卖盘
14:41:55	5.4	--	5	2700	买盘
14:41:50	5.4	--	8	4320	买盘
14:41:30	5.4	0.01	20	10800	买盘
14:41:15	5.39	-0.01	1	539	卖盘
14:41:10	5.4	0.01	102	55080	买盘
14:41:00	5.39	-0.01	53	28567	卖盘
14:40:49	5.4	--	11	5940	买盘
14:40:45	5.4	--	5	2700	买盘
14:40:40	5.4	--	35	18900	买盘
14:40:34	5.4	0.01	76	41040	买盘
14:40:30	5.39	--	23	12397	卖盘
14:40:19	5.39	--	61	32879	卖盘
14:40:10	5.39	-0.01	138	74382	卖盘
14:40:04	5.4	0.01	64	34560	买盘
14:40:00	5.39	--	140	75460	卖盘
14:39:55	5.39	-0.01	30	16169	卖盘
14:39:49	5.4	--	1	540	买盘
14:39:10	5.4	0.01	174	93960	买盘
14:39:04	5.39	--	59	31800	卖盘
14:39:00	5.39	-0.01	140	75460	卖盘
14:38:55	5.4	-0.01	364	196560	卖盘
14:38:19	5.41	0.02	10	5410	买盘
14:38:14	5.39	--	333	179487	卖盘
14:38:10	5.39	-0.02	137	73843	卖盘
14:38:04	5.41	0.02	14	7574	买盘
14:37:59	5.39	-0.02	140	75460	卖盘
14:37:55	5.41	--	33	17853	买盘
14:37:49	5.41	0.02	14	7574	买盘
14:37:44	5.39	--	155	83545	卖盘
14:37:40	5.39	--	68	36652	卖盘
14:37:25	5.39	--	0	0	卖盘
14:37:19	5.39	--	21	11319	卖盘
14:37:10	5.39	--	167	90013	卖盘
14:36:55	5.39	-0.02	140	75460	卖盘
14:36:40	5.41	--	20	10820	买盘
14:36:34	5.41	--	1	541	买盘
14:36:19	5.41	--	38	20558	买盘
14:36:14	5.41	0.01	50	27050	买盘
14:36:10	5.4	-0.01	92	49680	卖盘
14:36:04	5.41	0.01	50	27050	买盘
14:35:59	5.4	--	45	24300	卖盘
14:35:55	5.4	--	140	75600	卖盘
14:35:49	5.4	-0.01	65	35100	卖盘
14:35:24	5.41	0.01	50	27050	买盘
14:35:19	5.4	--	21	11340	卖盘
14:35:14	5.4	--	60	32400	卖盘
14:35:09	5.4	--	52	28080	卖盘
14:35:04	5.4	--	59	31860	卖盘
14:34:59	5.4	--	140	75600	卖盘
14:34:54	5.4	--	61	32940	卖盘
14:34:44	5.4	--	59	31860	卖盘
14:34:39	5.4	--	20	10800	卖盘
14:34:34	5.4	0.01	61	32940	卖盘
14:34:29	5.39	--	372	200508	卖盘
14:34:14	5.39	--	40	21560	卖盘
14:34:09	5.39	--	82	44198	卖盘
14:34:04	5.39	--	0	0	卖盘
14:33:59	5.39	-0.01	152	81928	卖盘
14:33:49	5.4	0.01	56	30240	卖盘
14:33:39	5.39	--	0	0	卖盘
14:33:34	5.39	--	51	27489	卖盘
14:33:28	5.39	--	41	22099	卖盘
14:33:24	5.39	--	0	0	卖盘
14:33:19	5.39	-0.01	356	191884	卖盘
14:33:13	5.4	--	60	32400	卖盘
14:33:09	5.4	--	77	41580	卖盘
14:32:58	5.4	--	140	75600	卖盘
14:32:28	5.4	--	61	32940	卖盘
14:32:13	5.4	--	61	32940	卖盘
14:32:09	5.4	--	78	42120	卖盘
14:31:58	5.4	--	143	77220	卖盘
14:31:43	5.4	--	399	215460	卖盘
14:31:39	5.4	--	55	29700	卖盘
14:31:34	5.4	--	69	37260	卖盘
14:31:24	5.4	--	15	8100	卖盘
14:31:13	5.4	--	68	36720	卖盘
14:31:08	5.4	0.01	52	28080	卖盘
14:30:58	5.39	-0.01	160	86240	卖盘
14:30:49	5.4	0.01	16	8640	买盘
14:30:43	5.39	-0.01	152	81928	卖盘
14:30:38	5.4	--	100	54000	买盘
14:30:34	5.4	0.01	12	6480	买盘
14:30:19	5.39	--	30	16169	卖盘
14:30:13	5.39	--	40	21560	卖盘
14:30:08	5.39	-0.01	188	101332	卖盘
14:30:04	5.4	0.01	3	1620	卖盘
14:29:49	5.39	--	594	320166	卖盘
14:29:38	5.39	--	84	45276	卖盘
14:29:34	5.39	-0.01	69	37191	卖盘
14:29:19	5.4	--	20	10800	卖盘
14:29:13	5.4	--	140	75600	卖盘
14:29:08	5.4	--	78	42120	卖盘
14:28:58	5.4	--	109	58860	卖盘
14:28:48	5.4	--	81	43740	买盘
14:28:43	5.4	0.01	119	64260	买盘
14:28:38	5.39	--	68	36652	卖盘
14:28:34	5.39	-0.01	50	26950	卖盘
14:28:28	5.4	--	73	39420	买盘
14:28:23	5.4	--	1	540	买盘
14:28:18	5.4	0.01	10	5400	买盘
14:28:13	5.39	--	40	21560	卖盘
14:28:08	5.39	-0.01	73	39347	卖盘
14:27:58	5.4	--	23	12420	买盘
14:27:53	5.4	--	3	1620	买盘
14:27:48	5.4	--	60	32400	买盘
14:27:43	5.4	--	15	8100	买盘
14:27:38	5.4	--	10	5400	买盘
14:27:28	5.4	0.01	80	43200	买盘
14:27:23	5.39	-0.01	66	35574	卖盘
14:27:18	5.4	0.01	39	21060	买盘
14:27:13	5.39	-0.01	79	42581	卖盘
14:27:08	5.4	--	51	27540	买盘
14:26:58	5.4	-0.01	20	10800	中性盘
14:26:53	5.41	0.02	141	76281	买盘
14:26:43	5.39	-0.02	80	43120	卖盘
14:26:37	5.41	0.01	7	3787	买盘
14:26:33	5.4	--	62	34003	买盘
14:26:28	5.4	--	109	58860	买盘
14:26:22	5.4	--	82	44280	买盘
14:26:18	5.4	0.01	15	8100	买盘
14:26:13	5.39	-0.01	140	75460	卖盘
14:26:07	5.4	--	92	49680	买盘
14:25:52	5.4	--	35	18900	买盘
14:25:48	5.4	--	5	2700	买盘
14:25:43	5.4	--	97	52380	买盘
14:25:28	5.4	--	30	16200	买盘
14:25:22	5.4	--	281	151756	卖盘
14:25:18	5.4	--	3	1620	卖盘
14:25:13	5.4	--	560	302400	卖盘
14:25:07	5.4	--	80	43200	卖盘
14:24:58	5.4	--	500	270000	卖盘
14:24:52	5.4	-0.01	36	19440	卖盘
14:24:43	5.41	--	50	27050	买盘
14:24:28	5.41	0.01	7	3787	买盘
14:24:22	5.4	--	31	16740	卖盘
14:24:13	5.4	--	60	32400	卖盘
14:24:07	5.4	--	78	42120	卖盘
14:23:52	5.4	--	21	11340	卖盘
14:23:47	5.4	--	93	50220	卖盘
14:23:43	5.4	--	10	5400	卖盘
14:23:37	5.4	--	52	28080	卖盘
14:23:32	5.4	--	105	56700	卖盘
14:23:28	5.4	-0.01	106	57240	卖盘
14:23:22	5.41	0.01	60	32460	买盘
14:23:13	5.4	--	101	54540	卖盘
14:23:07	5.4	--	124	66960	卖盘
14:23:02	5.4	--	50	27000	卖盘
14:22:58	5.4	--	60	32400	卖盘
14:22:52	5.4	--	4	2160	卖盘
14:22:43	5.4	--	34	18360	卖盘
14:22:37	5.4	--	100	54000	卖盘
14:22:28	5.4	--	69	37260	卖盘
14:22:22	5.4	--	99	53460	卖盘
14:22:17	5.4	--	116	62640	卖盘
14:22:13	5.4	--	32	17280	卖盘
14:22:07	5.4	--	240	129600	卖盘
14:22:02	5.4	--	58	31320	卖盘
14:21:58	5.4	--	159	85860	卖盘
14:21:52	5.4	--	61	32940	卖盘
14:21:47	5.4	-0.01	28	15120	卖盘
14:21:43	5.41	--	10	5410	买盘
14:21:37	5.41	0.01	7	3787	买盘
14:21:32	5.4	--	171	92340	卖盘
14:21:27	5.4	-0.01	144	77760	卖盘
14:21:22	5.41	0.01	111	60051	买盘
14:21:17	5.4	--	92	49680	卖盘
14:21:07	5.4	--	122	65880	卖盘
14:20:57	5.4	--	144	77760	卖盘
14:20:52	5.4	-0.01	7	3780	卖盘
14:20:47	5.41	--	122	66002	买盘
14:20:42	5.41	--	20	10820	买盘
14:20:37	5.41	0.01	89	48149	买盘
14:20:22	5.4	--	84	45376	卖盘
14:20:17	5.4	-0.01	92	49680	卖盘
14:20:07	5.41	--	128	69248	买盘
14:19:57	5.41	0.01	5	2705	买盘
14:19:42	5.4	--	9	4860	卖盘
14:19:16	5.4	--	92	49680	卖盘
14:19:12	5.4	--	20	10800	卖盘
14:19:07	5.4	-0.01	92	49680	卖盘
14:18:52	5.41	--	19	10279	买盘
14:18:37	5.41	--	1	541	买盘
14:18:27	5.41	0.01	100	54100	买盘
14:18:22	5.4	-0.01	42	22680	卖盘
14:18:16	5.41	--	192	103872	买盘
14:18:07	5.41	--	73	39493	买盘
14:18:01	5.41	0.01	37	20017	买盘
14:17:52	5.4	--	7	3780	卖盘
14:17:27	5.4	--	10	5400	卖盘
14:17:22	5.4	--	100	54000	卖盘
14:17:16	5.4	--	141	76199	卖盘
14:17:12	5.4	--	20	10800	卖盘
14:17:07	5.4	--	106	57240	卖盘
14:17:01	5.4	--	3	1620	卖盘
14:16:46	5.4	--	75	40500	卖盘
14:16:41	5.4	-0.01	1	540	卖盘
14:16:37	5.41	0.01	9	4869	买盘
14:16:31	5.4	-0.01	10	5400	卖盘
14:16:26	5.41	0.01	1	541	买盘
14:16:16	5.4	--	92	49680	卖盘
14:16:11	5.4	-0.01	46	24840	卖盘
14:16:07	5.41	0.01	103	55723	买盘
14:16:01	5.4	--	5	2700	卖盘
14:15:52	5.4	--	15	8100	卖盘
14:15:46	5.4	-0.01	11	5940	卖盘
14:15:41	5.41	0.01	10	5410	买盘
14:15:37	5.4	-0.01	27	14580	卖盘
14:15:31	5.41	--	2	1082	买盘
14:15:26	5.41	--	6	3246	买盘
14:15:22	5.41	0.01	22	11902	买盘
14:15:16	5.4	--	92	49680	卖盘
14:15:11	5.4	--	66	35640	卖盘
14:15:07	5.4	-0.01	55	29700	卖盘
14:14:41	5.41	0.01	10	5410	卖盘
14:14:37	5.4	--	0	0	卖盘
14:14:26	5.4	-0.01	900	486000	卖盘
14:14:21	5.41	--	27	14607	卖盘
14:14:16	5.41	--	92	49772	卖盘
14:14:11	5.41	--	776	419999	卖盘
14:14:06	5.41	-0.01	26	14066	卖盘
14:13:46	5.42	--	21	11382	买盘
14:13:36	5.42	--	20	10840	买盘
14:13:16	5.42	0.01	113	61246	买盘
14:13:11	5.41	--	176	95216	卖盘
14:13:06	5.41	--	52	28132	卖盘
14:12:25	5.41	--	3	1623	卖盘
14:12:21	5.41	--	7	3787	卖盘
14:12:16	5.41	0.01	92	49772	中性盘
14:12:10	5.4	--	176	95040	卖盘
14:12:06	5.4	--	52	28080	卖盘
14:11:46	5.4	-0.01	8	4320	卖盘
14:11:40	5.41	0.01	49	26509	买盘
14:11:16	5.4	-0.01	92	49680	卖盘
14:11:10	5.41	--	229	123889	买盘
14:11:01	5.41	--	11	5951	卖盘
14:10:46	5.41	0.01	1	541	中性盘
14:10:40	5.4	-0.01	242	130680	卖盘
14:10:16	5.41	--	92	49772	卖盘
14:10:10	5.41	--	156	84396	卖盘
14:10:06	5.41	-0.01	52	28132	卖盘
14:09:55	5.42	--	0	5	卖盘
14:09:40	5.42	--	25	13550	买盘
14:09:35	5.42	--	2	1084	买盘
14:09:25	5.42	0.01	20	10840	买盘
14:09:16	5.41	--	492	266172	卖盘
14:09:10	5.41	--	176	95216	卖盘
14:09:05	5.41	-0.01	52	28132	卖盘
14:09:01	5.42	0.01	20	10840	买盘
14:08:16	5.41	--	92	49772	卖盘
14:08:10	5.41	--	156	84396	卖盘
14:08:05	5.41	-0.01	52	28132	卖盘
14:07:40	5.42	0.01	46	24932	买盘
14:07:15	5.41	--	92	49772	卖盘
14:07:10	5.41	--	176	95216	卖盘
14:07:05	5.41	-0.01	52	28132	卖盘
14:06:55	5.42	0.01	10	5420	买盘
14:06:40	5.41	-0.01	5	2705	卖盘
14:06:35	5.42	0.01	28	15176	买盘
14:06:20	5.41	--	94	50854	卖盘
14:06:10	5.41	--	202	109282	卖盘
14:06:05	5.41	--	133	71953	卖盘
14:06:00	5.41	--	163	88183	卖盘
14:05:55	5.41	--	20	10820	卖盘
14:05:49	5.41	--	7	3787	卖盘
14:05:19	5.41	--	92	49772	卖盘
14:05:10	5.41	--	183	99003	卖盘
14:05:04	5.41	--	52	28132	卖盘
14:04:55	5.41	--	5	2705	卖盘
14:04:40	5.41	--	22	11902	卖盘
14:04:34	5.41	--	6	3246	卖盘
14:04:30	5.41	--	3	1623	卖盘
14:04:19	5.41	-0.02	92	49772	卖盘
14:04:10	5.43	0.02	206	111858	买盘
14:04:04	5.41	-0.02	225	121725	卖盘
14:03:49	5.43	--	1	543	买盘
14:03:34	5.43	0.02	50	27150	买盘
14:03:25	5.41	--	7	3787	卖盘
14:03:15	5.41	-0.01	92	49772	卖盘
14:03:10	5.42	0.01	168	91056	买盘
14:03:04	5.41	--	26	14066	卖盘
14:02:59	5.41	-0.01	3	1623	卖盘
14:02:39	5.42	--	12	6504	买盘
14:02:34	5.42	0.01	5	2710	买盘
14:02:29	5.41	--	10	5410	卖盘
14:02:14	5.41	--	20	10820	卖盘
14:02:10	5.41	--	102	55182	卖盘
14:02:04	5.41	--	77	41657	卖盘
14:01:49	5.41	-0.02	1030	557230	卖盘
14:01:34	5.43	0.01	5	2715	买盘
14:01:19	5.42	--	1	542	卖盘
14:01:09	5.42	-0.01	82	44444	卖盘
14:00:54	5.43	0.02	100	54300	买盘
14:00:34	5.41	--	0	0	卖盘
14:00:29	5.41	--	200	108200	卖盘
14:00:19	5.41	--	0	0	卖盘
14:00:14	5.41	--	20	10820	卖盘
14:00:09	5.41	-0.01	82	44362	卖盘
14:00:04	5.42	--	28	15176	卖盘
13:59:44	5.42	-0.01	8	4336	卖盘
13:59:34	5.43	--	200	108600	买盘
13:59:24	5.43	0.01	100	54300	买盘
13:59:19	5.42	--	33	17886	卖盘
13:59:14	5.42	--	72	39024	卖盘
13:59:09	5.42	--	135	73170	买盘
13:58:59	5.42	0.01	250	135500	买盘
13:58:49	5.41	--	119	64379	卖盘
13:58:34	5.41	--	95	51654	买盘
13:58:24	5.41	--	17	9197	买盘
13:58:19	5.41	--	272	147433	卖盘
13:58:13	5.41	--	92	49772	卖盘
13:58:09	5.41	-0.01	36	19476	卖盘
13:58:04	5.42	0.01	3	1626	买盘
13:57:34	5.41	-0.01	1	541	卖盘
13:57:13	5.42	0.01	56	30352	买盘
13:57:09	5.41	--	36	19476	卖盘
13:56:48	5.41	--	200	108200	卖盘
13:56:43	5.41	--	200	108459	买盘
13:56:39	5.41	--	54	29214	买盘
13:56:34	5.41	0.01	7	3787	买盘
13:56:24	5.4	-0.01	8	4320	卖盘
13:56:18	5.41	0.01	148	80068	买盘
13:56:13	5.4	--	112	60480	卖盘
13:56:08	5.4	--	36	19440	卖盘
13:56:03	5.4	-0.01	5	2700	卖盘
13:55:58	5.41	0.01	140	75740	买盘
13:55:48	5.4	-0.01	45	24300	卖盘
13:55:43	5.41	0.01	50	27050	买盘
13:55:28	5.4	--	25	13500	卖盘
13:55:23	5.4	--	1	540	卖盘
13:55:13	5.4	-0.01	1075	580500	卖盘
13:55:04	5.41	0.01	10	5410	买盘
13:54:58	5.4	-0.01	400	216000	卖盘
13:54:43	5.41	--	30	16230	买盘
13:54:38	5.41	--	51	27591	买盘
13:54:33	5.41	--	60	32460	买盘
13:54:28	5.41	0.01	10	5410	买盘
13:54:23	5.4	-0.01	21	11340	卖盘
13:54:18	5.41	--	100	54100	买盘
13:54:13	5.41	--	95	51395	买盘
13:54:08	5.41	0.01	5	2705	买盘
13:54:03	5.4	-0.02	678	366400	卖盘
13:53:48	5.42	--	2	1084	买盘
13:53:43	5.42	0.01	2	1084	买盘
13:53:38	5.41	-0.01	1332	720612	卖盘
13:53:33	5.42	0.01	2	1084	买盘
13:53:28	5.41	--	20	10820	卖盘
13:53:18	5.41	-0.01	1055	570755	卖盘
13:53:13	5.42	--	114	61788	卖盘
13:53:03	5.42	--	17	9214	买盘
13:52:48	5.42	-0.01	2	1084	卖盘
13:52:43	5.43	0.02	15	8145	买盘
13:52:13	5.41	-0.02	92	49772	卖盘
13:51:48	5.43	--	26	14118	买盘
13:51:43	5.43	--	1	543	买盘
13:51:28	5.43	--	0	0	买盘
13:51:13	5.43	0.01	54	29322	买盘
13:51:07	5.42	--	42	22764	卖盘
13:50:58	5.42	-0.01	39	21398	卖盘
13:50:48	5.43	--	6	3258	买盘
13:50:43	5.43	--	30	16290	买盘
13:50:37	5.43	--	2	1086	买盘
13:50:33	5.43	--	2	1086	买盘
13:50:18	5.43	0.01	2	1086	买盘
13:50:13	5.42	-0.01	92	49864	卖盘
13:50:07	5.43	--	2	1086	买盘
13:49:57	5.43	--	2	1086	买盘
13:49:48	5.43	--	40	21720	买盘
13:49:37	5.43	0.01	9	4887	买盘
13:49:18	5.42	--	10	5420	卖盘
13:49:12	5.42	--	72	39024	卖盘
13:49:07	5.42	--	51	27642	卖盘
13:48:12	5.42	--	26	14092	卖盘
13:48:07	5.42	--	20	10840	卖盘
13:47:47	5.42	--	50	27100	卖盘
13:47:37	5.42	--	3	1626	卖盘
13:47:32	5.42	--	20	10840	卖盘
13:47:22	5.42	0.01	166	89972	买盘
13:47:17	5.41	-0.01	249	134709	卖盘
13:47:12	5.42	--	26	14092	卖盘
13:47:07	5.42	--	21	11382	卖盘
13:46:57	5.42	0.01	127	68834	买盘
13:46:52	5.41	-0.01	395	213695	卖盘
13:46:42	5.42	--	100	54200	买盘
13:46:37	5.42	--	14	7588	买盘
13:46:22	5.42	--	11	5962	买盘
13:46:17	5.42	0.01	43	23306	买盘
13:46:12	5.41	--	26	14066	卖盘
13:46:07	5.41	--	80	43280	卖盘
13:45:47	5.41	-0.01	1	541	卖盘
13:45:37	5.42	0.01	20	10840	买盘
13:45:32	5.41	-0.01	295	159595	卖盘
13:45:22	5.42	0.01	2	1084	买盘
13:45:12	5.41	--	26	14066	卖盘
13:45:02	5.41	-0.01	23	12443	卖盘
13:44:57	5.42	0.01	35	18970	买盘
13:44:52	5.41	--	32	17312	卖盘
13:44:47	5.41	-0.01	2	1082	卖盘
13:44:37	5.42	--	105	56910	买盘
13:44:32	5.42	--	35	18970	买盘
13:44:22	5.42	0.01	278	150676	买盘
13:44:12	5.41	--	26	14066	卖盘
13:44:07	5.41	-0.01	20	10820	卖盘
13:43:57	5.42	--	5	2710	买盘
13:43:42	5.42	--	20	10840	买盘
13:43:31	5.42	--	5	2710	买盘
13:43:27	5.42	--	21	11382	买盘
13:43:22	5.42	--	5	2710	买盘
13:43:12	5.42	--	112	60704	卖盘
13:43:07	5.42	0.01	6	3252	买盘
13:43:01	5.41	-0.01	830	449030	卖盘
13:42:57	5.42	--	63	34146	卖盘
13:42:51	5.42	--	13	7046	卖盘
13:42:46	5.42	-0.01	13	7046	卖盘
13:42:37	5.43	0.01	893	484899	买盘
13:42:31	5.42	--	25	13550	卖盘
13:42:12	5.42	--	52	28184	卖盘
13:42:06	5.42	-0.01	26	14092	卖盘
13:41:36	5.43	0.01	1	543	买盘
13:41:11	5.42	-0.01	26	14092	卖盘
13:41:06	5.43	--	4	2172	买盘
13:40:46	5.43	--	2	1086	买盘
13:40:21	5.43	0.01	100	54300	买盘
13:40:11	5.42	-0.01	26	14092	卖盘
13:40:01	5.43	0.01	40	21720	买盘
13:39:36	5.42	--	100	54200	卖盘
13:39:31	5.42	--	20	10840	卖盘
13:39:16	5.42	--	40	21680	卖盘
13:39:11	5.42	--	52	28184	卖盘
13:39:06	5.42	-0.01	20	10840	卖盘
13:38:51	5.43	0.01	200	108600	买盘
13:38:46	5.42	--	110	59620	卖盘
13:38:26	5.42	--	21	11382	卖盘
13:38:21	5.42	-0.01	100	54200	卖盘
13:38:16	5.43	0.01	230	124890	买盘
13:38:11	5.42	-0.01	146	79132	卖盘
13:38:01	5.43	--	3	1629	买盘
13:37:56	5.43	--	237	128691	买盘
13:37:46	5.43	0.01	1	543	买盘
13:37:41	5.42	-0.01	18	9756	卖盘
13:37:31	5.43	0.01	5	2715	买盘
13:37:16	5.42	--	20	10840	卖盘
13:37:10	5.42	-0.01	46	24932	卖盘
13:36:55	5.43	0.01	34	18462	买盘
13:36:40	5.42	--	10	5420	卖盘
13:36:25	5.42	--	3	1626	卖盘
13:36:16	5.42	--	20	10840	卖盘
13:36:10	5.42	-0.01	20	10840	卖盘
13:36:01	5.43	0.01	10	5430	买盘
13:35:46	5.42	--	15	8130	卖盘
13:35:40	5.42	0.01	394	213548	买盘
13:35:31	5.41	--	14	7574	卖盘
13:35:15	5.41	--	31	16771	卖盘
13:35:10	5.41	--	26	14066	卖盘
13:34:50	5.41	-0.01	60	32460	卖盘
13:34:45	5.42	0.01	172	93224	买盘
13:34:40	5.41	-0.01	29	15689	卖盘
13:34:30	5.42	0.01	30	16260	买盘
13:34:15	5.41	--	441	238581	买盘
13:34:10	5.41	-0.02	3699	2001159	卖盘
13:34:05	5.43	0.01	12	6516	买盘
13:34:00	5.42	--	20	10840	卖盘
13:33:50	5.42	--	0	0	卖盘
13:33:45	5.42	--	163	88346	卖盘
13:33:40	5.42	-0.01	920	498640	卖盘
13:33:35	5.43	--	10	5430	买盘
13:33:15	5.43	-0.01	41	22263	卖盘
13:33:10	5.44	0.01	29	15776	买盘
13:33:00	5.43	--	34	18462	卖盘
13:32:55	5.43	--	18	9774	卖盘
13:32:40	5.43	--	830	450690	卖盘
13:32:15	5.43	--	237	128691	卖盘
13:32:10	5.43	--	52	28236	卖盘
13:32:05	5.43	--	5	2715	卖盘
13:31:55	5.43	--	30	16290	卖盘
13:31:20	5.43	-0.01	42	22806	卖盘
13:31:15	5.44	0.01	236	128384	买盘
13:31:10	5.43	--	72	39096	卖盘
13:31:00	5.43	--	22	11946	卖盘
13:30:55	5.43	-0.01	10	5430	卖盘
13:30:45	5.44	0.01	9	4896	买盘
13:30:40	5.43	--	735	399105	卖盘
13:30:20	5.43	--	42	22806	卖盘
13:30:15	5.43	--	234	127062	卖盘
13:30:10	5.43	-0.01	52	28236	卖盘
13:29:55	5.44	0.01	100	54400	买盘
13:29:19	5.43	-0.01	35	19005	卖盘
13:29:15	5.44	--	241	131104	买盘
13:29:10	5.44	0.01	42	22848	买盘
13:28:55	5.43	-0.01	26	14118	卖盘
13:28:45	5.44	--	2	1088	卖盘
13:28:40	5.44	--	12	6528	卖盘
13:28:24	5.44	--	26	14144	卖盘
13:28:15	5.44	0.01	534	290496	买盘
13:28:09	5.43	-0.01	390	211770	卖盘
13:28:00	5.44	--	1	544	买盘
13:27:29	5.44	--	10	5440	卖盘
13:27:24	5.44	--	51	27744	卖盘
13:27:14	5.44	--	246	133824	卖盘
13:27:09	5.44	--	52	28288	卖盘
13:26:49	5.44	--	150	81600	卖盘
13:26:34	5.44	--	1	544	卖盘
13:26:24	5.44	--	420	228480	卖盘
13:26:14	5.44	--	226	122944	卖盘
13:26:09	5.44	--	90	48960	卖盘
13:25:59	5.44	--	10	5440	卖盘
13:25:44	5.44	--	20	10880	卖盘
13:25:19	5.44	--	10	5440	卖盘
13:25:14	5.44	--	194	105536	卖盘
13:25:09	5.44	--	94	51136	卖盘
13:24:59	5.44	-0.01	78	42432	卖盘
13:24:44	5.45	--	55	29975	买盘
13:24:39	5.45	0.01	86	46870	买盘
13:24:34	5.44	-0.01	5	2720	卖盘
13:24:29	5.45	--	92	50140	买盘
13:24:24	5.45	0.01	64	34880	买盘
13:24:19	5.44	--	2	1088	卖盘
13:24:14	5.44	--	32	17408	卖盘
13:24:09	5.44	--	46	25024	卖盘
13:23:44	5.44	-0.01	2	1088	卖盘
13:23:24	5.45	0.01	12	6540	买盘
13:23:14	5.44	-0.01	32	17408	卖盘
13:23:09	5.45	0.01	17	9265	买盘
13:23:04	5.44	-0.01	60	32640	卖盘
13:22:58	5.45	0.01	51	27795	买盘
13:22:43	5.44	--	30	16320	卖盘
13:22:24	5.44	--	166	90304	卖盘
13:22:19	5.44	--	40	21760	卖盘
13:22:13	5.44	--	32	17408	卖盘
13:21:24	5.44	--	40	21760	卖盘
13:21:13	5.44	--	32	17408	卖盘
13:20:48	5.44	--	11	5984	卖盘
13:20:08	5.44	--	32	17408	卖盘
13:19:08	5.44	--	62	33728	卖盘
13:18:33	5.44	--	100	54400	卖盘
13:18:23	5.44	--	434	236096	卖盘
13:18:08	5.44	--	32	17408	卖盘
13:17:33	5.44	--	4	2176	卖盘
13:17:08	5.44	-0.01	32	17408	卖盘
13:16:58	5.45	0.01	4	2180	买盘
13:16:38	5.44	-0.01	12	6528	卖盘
13:16:18	5.45	--	25	13625	买盘
13:16:13	5.45	0.01	36	19620	买盘
13:16:08	5.44	-0.01	32	17408	卖盘
13:15:58	5.45	--	10	5450	买盘
13:15:37	5.45	--	21	11445	卖盘
13:15:18	5.45	--	10	5450	卖盘
13:15:07	5.45	--	32	17440	卖盘
13:14:52	5.45	--	126	68670	卖盘
13:14:48	5.45	--	21	11445	卖盘
13:14:37	5.45	-0.01	5	2725	卖盘
13:14:27	5.46	--	0	0	买盘
13:14:12	5.46	0.01	23	12558	买盘
13:14:07	5.45	-0.01	11	5995	卖盘
13:14:03	5.46	0.01	218	119028	买盘
13:13:57	5.45	--	67	36515	卖盘
13:13:42	5.45	--	10	5450	卖盘
13:13:37	5.45	--	4	2180	卖盘
13:13:12	5.45	0.01	10	5450	卖盘
13:13:07	5.44	-0.01	32	17408	卖盘
13:13:02	5.45	--	203	110635	卖盘
13:12:57	5.45	--	5	2725	买盘
13:12:07	5.45	-0.02	27	14715	卖盘
13:12:02	5.47	0.01	55	30085	买盘
13:11:42	5.46	--	80	44084	卖盘
13:11:37	5.46	--	20	10920	卖盘
13:11:32	5.46	--	36	19656	卖盘
13:11:22	5.46	--	139	76035	卖盘
13:11:02	5.46	0.02	88	48048	买盘
13:10:47	5.44	--	0	0	卖盘
13:10:37	5.44	--	0	0	卖盘
13:10:17	5.44	--	0	0	卖盘
13:10:12	5.44	--	83	45152	卖盘
13:09:52	5.44	-0.01	41	22304	卖盘
13:09:37	5.45	-0.01	916	499220	卖盘
13:09:32	5.46	--	26	14196	卖盘
13:09:27	5.46	--	356	194376	买盘
13:08:31	5.46	0.01	20	10920	买盘
13:08:22	5.45	-0.01	315	171675	卖盘
13:08:12	5.46	0.01	46	25116	买盘
13:08:07	5.45	--	15	8175	卖盘
13:08:01	5.45	-0.01	20	10900	卖盘
13:07:31	5.46	0.01	70	38220	买盘
13:07:27	5.45	--	10	5450	卖盘
13:07:16	5.45	--	40	21800	卖盘
13:07:06	5.45	--	83	45235	卖盘
13:07:01	5.45	--	3	1635	卖盘
13:06:06	5.45	--	79	43055	卖盘
13:04:51	5.45	--	45	24525	卖盘
13:04:46	5.45	-0.01	41	22345	卖盘
13:04:41	5.46	0.01	30	16380	买盘
13:04:31	5.45	--	3	1635	卖盘
13:04:01	5.45	-0.01	10	5450	卖盘
13:03:51	5.46	--	16	8736	买盘
13:03:26	5.46	--	47	25662	买盘
13:03:21	5.46	--	50	27300	买盘
13:03:16	5.46	0.01	10	5460	买盘
13:03:11	5.45	-0.01	32	17440	卖盘
13:03:01	5.46	--	20	10920	买盘
13:02:46	5.46	--	1	546	买盘
13:02:16	5.46	0.01	3	1638	买盘
13:02:06	5.45	--	10	5450	卖盘
13:01:51	5.45	-0.01	22	11990	卖盘
13:01:46	5.46	0.01	70	38220	买盘
13:01:31	5.45	-0.02	227	123715	卖盘
13:01:25	5.47	0.02	241	131827	买盘
13:01:21	5.45	-0.01	71	38695	卖盘
13:01:10	5.46	--	65	35490	卖盘
13:00:55	5.46	--	97	52962	卖盘
13:00:51	5.46	--	65	35490	卖盘
13:00:46	5.46	-0.01	1049	572754	卖盘
13:00:40	5.47	--	188	102836	买盘
13:00:31	5.47	0.01	47	25709	买盘
13:00:20	5.46	--	10	5460	卖盘
13:00:10	5.46	-0.01	313	170898	卖盘
13:00:06	5.47	0.01	637	348439	买盘
13:00:00	5.46	--	1500	819000	卖盘
11:30:00	5.46	--	0	0	卖盘
11:29:59	5.46	--	0	0	卖盘
11:29:46	5.46	--	532	290472	卖盘
11:29:36	5.46	-0.01	224	122304	卖盘
11:29:27	5.47	0.01	46	25162	买盘
11:29:16	5.46	--	3	1638	卖盘
11:29:12	5.46	--	3	1638	卖盘
11:29:06	5.46	-0.01	60	32760	卖盘
11:29:01	5.47	0.01	7	3829	买盘
11:28:51	5.46	--	3	1638	卖盘
11:28:31	5.46	--	15	8190	卖盘
11:28:27	5.46	0.01	563	307398	买盘
11:28:01	5.45	-0.01	1	545	卖盘
11:27:42	5.46	--	5	2730	买盘
11:27:27	5.46	--	7	3822	买盘
11:27:12	5.46	--	41	22386	买盘
11:26:42	5.46	--	2	1092	卖盘
11:26:31	5.46	--	104	56784	卖盘
11:26:16	5.46	-0.01	12	6552	卖盘
11:26:11	5.47	0.01	1	547	买盘
11:25:41	5.46	--	676	369096	买盘
11:25:21	5.46	--	1	546	买盘
11:25:16	5.46	0.01	3	1638	买盘
11:25:06	5.45	-0.01	10	5450	卖盘
11:24:56	5.46	0.01	162	88452	买盘
11:24:51	5.45	--	40	21800	卖盘
11:24:46	5.45	--	1	545	卖盘
11:24:06	5.45	--	11	5995	卖盘
11:24:00	5.45	--	6	3270	卖盘
11:23:45	5.45	--	51	27795	卖盘
11:23:15	5.45	--	2	1090	卖盘
11:22:51	5.45	--	69	37605	买盘
11:22:45	5.45	0.01	115	62675	买盘
11:22:15	5.44	-0.01	25	13600	卖盘
11:22:10	5.45	--	266	144970	买盘
11:21:51	5.45	--	3	1635	买盘
11:21:45	5.45	--	41	22345	买盘
11:21:36	5.45	--	30	16350	买盘
11:21:06	5.45	--	20	10900	买盘
11:21:00	5.45	--	16	8720	买盘
11:20:51	5.45	--	19	10355	买盘
11:20:45	5.45	--	461	251245	卖盘
11:19:45	5.45	--	50	27250	卖盘
11:19:25	5.45	--	12	6540	卖盘
11:17:55	5.45	--	5	2725	卖盘
11:17:30	5.45	--	112	61040	买盘
11:16:39	5.45	--	52	28340	买盘
11:16:00	5.45	--	14	7630	卖盘
11:15:54	5.45	--	10	5450	卖盘
11:15:49	5.45	--	45	24525	卖盘
11:15:45	5.45	--	100	54500	卖盘
11:15:39	5.45	-0.01	1	545	卖盘
11:15:15	5.46	0.01	8	4368	买盘
11:15:09	5.45	--	15	8175	卖盘
11:14:54	5.45	--	8	4360	卖盘
11:13:54	5.45	-0.01	8	4360	卖盘
11:13:34	5.46	0.01	42	22932	买盘
11:12:34	5.45	--	9	4905	卖盘
11:12:09	5.45	0.01	2	1090	买盘
11:12:04	5.44	-0.01	1323	719712	卖盘
11:11:24	5.45	--	1814	988630	卖盘
11:11:19	5.45	--	6	3270	卖盘
11:11:14	5.45	--	34	18530	卖盘
11:11:09	5.45	-0.01	11	5995	卖盘
11:10:39	5.46	0.01	56	30576	买盘
11:10:29	5.45	--	13	7085	卖盘
11:10:14	5.45	-0.01	5	2725	卖盘
11:09:48	5.46	--	976	532896	卖盘
11:09:39	5.46	--	1	546	卖盘
11:09:18	5.46	0.01	7	3822	买盘
11:09:13	5.45	-0.01	20	10900	卖盘
11:09:09	5.46	--	1	546	买盘
11:08:28	5.46	0.01	1	546	买盘
11:07:58	5.45	-0.01	10	5450	卖盘
11:07:39	5.46	0.01	20	10920	买盘
11:07:33	5.45	-0.01	10	5450	卖盘
11:06:58	5.46	--	86	46956	卖盘
11:06:24	5.46	--	60	32760	卖盘
11:06:18	5.46	--	10	5460	卖盘
11:06:03	5.46	--	10	5460	卖盘
11:05:53	5.46	--	50	27300	卖盘
11:05:33	5.46	--	171	93366	卖盘
11:05:28	5.46	0.01	284	155064	买盘
11:05:23	5.45	--	25	13625	卖盘
11:05:08	5.45	-0.01	93	50685	卖盘
11:04:53	5.46	0.01	30	16380	买盘
11:01:48	5.45	--	1	545	卖盘
10:59:47	5.45	--	12	6540	卖盘
10:59:33	5.45	-0.01	20	10900	卖盘
10:59:12	5.46	--	49	26754	卖盘
10:59:07	5.46	--	10	5460	卖盘
10:58:47	5.46	--	41	22386	卖盘
10:58:42	5.46	--	70	38220	卖盘
10:58:37	5.46	-0.01	51	27846	卖盘
10:58:32	5.47	0.01	61	33367	买盘
10:58:27	5.46	--	1	546	卖盘
10:58:22	5.46	--	91	49686	卖盘
10:58:17	5.46	--	7	3822	卖盘
10:58:12	5.46	--	7	3822	卖盘
10:58:07	5.46	--	12	6552	卖盘
10:57:27	5.46	--	20	10920	卖盘
10:56:57	5.46	--	68	37128	卖盘
10:56:36	5.46	0.01	1022	558012	买盘
10:56:27	5.45	--	15	8175	卖盘
10:55:57	5.45	--	7	3815	卖盘
10:55:16	5.45	--	66	35970	卖盘
10:54:57	5.45	--	62	33790	卖盘
10:54:42	5.45	-0.01	15	8175	卖盘
10:54:36	5.46	--	10	5460	买盘
10:54:21	5.46	--	1	546	买盘
10:54:12	5.46	0.01	10	5460	买盘
10:53:46	5.45	-0.01	7	3815	卖盘
10:53:42	5.46	0.01	9	4914	买盘
10:53:36	5.45	--	66	35970	卖盘
10:53:31	5.45	--	63	34335	卖盘
10:53:26	5.45	--	9	4905	卖盘
10:53:16	5.45	--	20	10900	卖盘
10:53:11	5.45	--	10	5450	卖盘
10:52:57	5.45	-0.01	8	4360	卖盘
10:52:51	5.46	--	10	5460	买盘
10:52:26	5.46	0.01	1	546	买盘
10:52:06	5.45	--	58	31610	卖盘
10:52:01	5.45	--	20	10900	卖盘
10:51:51	5.45	--	68	37060	卖盘
10:51:46	5.45	--	7	3815	卖盘
10:51:21	5.45	-0.01	4	2180	卖盘
10:51:16	5.46	--	1	546	买盘
10:50:41	5.46	0.01	2	1092	买盘
10:50:26	5.45	--	30	16350	卖盘
10:50:21	5.45	--	20	10900	卖盘
10:50:15	5.45	--	68	37060	卖盘
10:50:00	5.45	--	2	1090	卖盘
10:49:45	5.45	-0.01	1	545	卖盘
10:49:40	5.46	--	5	2730	买盘
10:49:25	5.46	0.01	3	1638	买盘
10:49:21	5.45	-0.01	21	11445	卖盘
10:48:45	5.46	--	10	5460	买盘
10:48:36	5.46	--	4	2184	买盘
10:48:06	5.46	--	1	546	买盘
10:47:36	5.46	--	100	54600	买盘
10:46:45	5.46	0.01	102	55692	买盘
10:46:20	5.45	-0.01	4	2180	卖盘
10:46:15	5.46	--	50	27300	买盘
10:46:00	5.46	0.01	34	18564	买盘
10:45:45	5.45	--	6	3270	卖盘
10:45:35	5.45	--	20	10900	卖盘
10:45:15	5.45	--	10	5450	卖盘
10:45:10	5.45	--	20	10900	卖盘
10:44:25	5.45	--	23	12535	卖盘
10:44:10	5.45	--	34	18530	卖盘
10:44:00	5.45	--	129	70305	买盘
10:43:54	5.45	--	201	109545	卖盘
10:43:50	5.45	-0.01	19	10355	卖盘
10:43:30	5.46	0.01	18	9828	买盘
10:43:09	5.45	-0.01	8	4360	卖盘
10:42:54	5.46	0.01	40	21840	买盘
10:42:45	5.45	--	10	5450	卖盘
10:42:24	5.45	--	30	16350	卖盘
10:41:49	5.45	--	18	9810	买盘
10:41:30	5.45	--	35	19075	卖盘
10:41:24	5.45	--	6	3270	卖盘
10:40:49	5.45	--	19	10355	买盘
10:40:24	5.45	--	89	48505	买盘
10:40:19	5.45	--	86	46870	买盘
10:40:09	5.45	--	64	34880	买盘
10:39:49	5.45	--	6	3270	买盘
10:39:24	5.45	--	3	1635	买盘
10:39:19	5.45	--	35	19075	买盘
10:39:09	5.45	--	29	15805	买盘
10:38:54	5.45	--	82	44690	买盘
10:38:09	5.45	--	12	6540	买盘
10:37:44	5.45	0.01	50	27250	买盘
10:37:39	5.44	-0.01	4	2176	卖盘
10:37:29	5.45	0.01	32	17440	买盘
10:37:24	5.44	--	50	27200	卖盘
10:37:14	5.44	--	2	1088	卖盘
10:37:03	5.44	--	10	5440	卖盘
10:36:39	5.44	-0.01	10	5440	卖盘
10:36:13	5.45	--	60	32700	卖盘
10:36:09	5.45	-0.01	186	101370	卖盘
10:36:03	5.46	0.01	212	115752	买盘
10:35:54	5.45	--	1313	715585	卖盘
10:35:33	5.45	--	34	18530	卖盘
10:35:18	5.45	--	49	26705	卖盘
10:34:58	5.45	-0.01	70	38150	卖盘
10:34:53	5.46	0.01	15	8190	买盘
10:34:48	5.45	--	38	20710	卖盘
10:34:33	5.45	--	3	1635	卖盘
10:34:28	5.45	--	35	19075	卖盘
10:34:23	5.45	--	20	10900	卖盘
10:34:18	5.45	--	27	14715	卖盘
10:34:13	5.45	--	27	14715	卖盘
10:34:08	5.45	--	21	11445	卖盘
10:32:58	5.45	--	7	3815	卖盘
10:32:48	5.45	-0.01	42	22890	卖盘
10:32:43	5.46	--	2	1092	买盘
10:32:38	5.46	--	10	5460	买盘
10:32:28	5.46	--	1	546	买盘
10:32:23	5.46	--	12	6552	卖盘
10:32:18	5.46	-0.01	50	27300	卖盘
10:32:13	5.47	0.01	200	109400	买盘
10:32:08	5.46	--	30	16380	卖盘
10:31:53	5.46	--	1	546	卖盘
10:31:48	5.46	--	25	13650	卖盘
10:31:28	5.46	--	1	546	卖盘
10:31:23	5.46	--	75	40950	卖盘
10:31:18	5.46	-0.01	36	19656	卖盘
10:31:13	5.47	0.01	6	3282	买盘
10:30:57	5.46	--	5	2730	卖盘
10:30:48	5.46	--	302	164892	卖盘
10:30:42	5.46	--	21	11466	卖盘
10:30:38	5.46	-0.01	20	10920	卖盘
10:30:33	5.47	0.01	2	1094	买盘
10:30:23	5.46	--	2	1092	卖盘
10:30:18	5.46	--	20	10920	卖盘
10:30:03	5.46	--	98	53508	卖盘
10:29:57	5.46	--	1	546	卖盘
10:29:52	5.46	--	8	4368	卖盘
10:29:42	5.46	-0.01	50	27300	卖盘
10:29:27	5.47	--	253	138391	买盘
10:29:18	5.47	0.01	15	8205	买盘
10:29:03	5.46	--	10	5460	卖盘
10:28:48	5.46	--	50	27300	卖盘
10:28:42	5.46	--	50	27300	卖盘
10:28:37	5.46	-0.01	20	10920	卖盘
10:28:27	5.47	0.01	20	10940	买盘
10:28:22	5.46	--	589	321594	卖盘
10:28:12	5.46	--	26	14196	卖盘
10:27:48	5.46	--	10	5460	卖盘
10:27:27	5.46	-0.01	20	10920	卖盘
10:26:57	5.47	--	11	6017	买盘
10:26:52	5.47	0.01	32	17504	买盘
10:26:37	5.46	0.01	103	56238	买盘
10:26:27	5.45	-0.01	10	5450	卖盘
10:26:22	5.46	0.01	1500	819000	买盘
10:26:17	5.45	--	10	5450	卖盘
10:26:12	5.45	--	1	545	卖盘
10:25:57	5.45	--	27	14715	卖盘
10:25:52	5.45	--	71	38695	卖盘
10:25:47	5.45	0.01	1077	586965	买盘
10:25:32	5.44	--	4	2176	买盘
10:25:27	5.44	--	10	5440	买盘
10:25:12	5.44	--	24	13056	买盘
10:24:42	5.44	--	10	5440	买盘
10:24:21	5.44	--	2	1088	买盘
10:24:17	5.44	--	5	2720	买盘
10:24:12	5.44	--	40	21760	买盘
10:24:02	5.44	0.01	1	544	买盘
10:23:51	5.43	--	4	2172	卖盘
10:23:47	5.43	--	21	11403	卖盘
10:23:36	5.43	--	9	4887	卖盘
10:23:12	5.43	-0.01	5	2715	卖盘
10:23:01	5.44	0.01	4	2176	买盘
10:22:57	5.43	-0.01	50	27150	卖盘
10:22:46	5.44	--	4	2176	买盘
10:22:36	5.44	--	25	13600	买盘
10:22:12	5.44	0.01	24	13056	买盘
10:22:06	5.43	0.01	32	17376	买盘
10:22:01	5.42	--	177	95934	卖盘
10:21:57	5.42	--	571	309482	卖盘
10:21:51	5.42	--	37	20054	卖盘
10:21:46	5.42	-0.01	5	2710	卖盘
10:21:42	5.43	--	100	54300	买盘
10:21:36	5.43	--	29	15747	买盘
10:21:31	5.43	--	10	5430	买盘
10:21:21	5.43	--	40	21720	买盘
10:21:16	5.43	--	115	62445	卖盘
10:21:01	5.43	--	6	3258	买盘
10:20:56	5.43	--	20	10860	买盘
10:20:51	5.43	--	30	16290	买盘
10:20:36	5.43	0.01	18	9774	买盘
10:20:31	5.42	--	183	99186	卖盘
10:20:21	5.42	-0.01	15	8130	卖盘
10:20:11	5.43	--	43	23349	买盘
10:19:51	5.43	--	30	16290	买盘
10:19:46	5.43	--	20	10860	卖盘
10:19:41	5.43	--	10	5430	卖盘
10:19:36	5.43	-0.01	38	20634	卖盘
10:19:21	5.44	0.01	52	28288	买盘
10:19:06	5.43	-0.01	40	21720	卖盘
10:19:01	5.44	--	180	97920	买盘
10:18:51	5.44	0.01	103	56032	买盘
10:18:46	5.43	0.01	2	1086	卖盘
10:18:41	5.42	-0.01	2175	1178850	卖盘
10:18:36	5.43	-0.01	372	201996	卖盘
10:18:31	5.44	0.01	328	178432	买盘
10:18:21	5.43	-0.01	80	43440	卖盘
10:18:16	5.44	0.01	224	121856	买盘
10:18:01	5.43	-0.01	2217	1203831	卖盘
10:17:56	5.44	0.01	30	16320	买盘
10:17:46	5.43	-0.01	15	8145	卖盘
10:17:30	5.44	-0.01	390	212160	卖盘
10:17:26	5.45	--	1500	817500	买盘
10:17:15	5.45	--	76	41420	买盘
10:16:45	5.45	--	27	14715	买盘
10:16:40	5.45	--	30	16350	卖盘
10:16:36	5.45	--	10	5450	卖盘
10:16:25	5.45	-0.01	30	16350	卖盘
10:16:21	5.46	--	1	546	买盘
10:16:06	5.46	0.01	30	16380	买盘
10:16:00	5.45	-0.01	178	97010	卖盘
10:15:55	5.46	--	65	35490	买盘
10:15:30	5.46	0.01	87	47502	买盘
10:15:15	5.45	--	173	94285	卖盘
10:15:00	5.45	--	62	33790	卖盘
10:14:45	5.45	-0.01	67	36515	卖盘
10:14:36	5.46	0.01	1	546	买盘
10:14:30	5.45	-0.01	176	95920	卖盘
10:14:10	5.46	0.01	71	38766	买盘
10:14:00	5.45	--	28	15260	卖盘
10:13:50	5.45	-0.01	23	12535	卖盘
10:13:45	5.46	--	181	98826	买盘
10:13:35	5.46	--	1	546	买盘
10:13:30	5.46	0.01	6	3276	买盘
10:13:15	5.45	--	5	2725	卖盘
10:13:10	5.45	-0.01	5	2725	卖盘
10:13:05	5.46	0.02	241	131586	买盘
10:13:00	5.44	-0.01	602	327488	卖盘
10:12:55	5.45	--	12	6540	买盘
10:12:45	5.45	--	7	3815	买盘
10:12:40	5.45	-0.01	30	16350	卖盘
10:12:25	5.46	--	7	3822	买盘
10:12:20	5.46	--	65	35490	买盘
10:12:15	5.46	--	200	109200	买盘
10:12:10	5.46	--	153	83538	买盘
10:11:55	5.46	0.01	56	30576	买盘
10:11:45	5.45	--	65	35425	买盘
10:11:35	5.45	0.01	5	2725	中性盘
10:11:30	5.44	-0.01	178	96832	卖盘
10:11:20	5.45	--	42	22890	买盘
10:11:15	5.45	--	8	4360	卖盘
10:11:10	5.45	--	5	2725	卖盘
10:11:00	5.45	--	2	1090	卖盘
10:10:54	5.45	--	7	3815	买盘
10:10:50	5.45	0.01	50	27250	买盘
10:10:45	5.44	-0.01	174	94656	卖盘
10:10:39	5.45	0.01	57	31065	买盘
10:10:35	5.44	--	1	544	卖盘
10:10:30	5.44	-0.02	2	1088	卖盘
10:10:04	5.46	0.02	7	3822	买盘
10:10:00	5.44	-0.01	176	95744	卖盘
10:09:54	5.45	--	86	46870	买盘
10:09:49	5.45	--	160	87200	买盘
10:09:39	5.45	0.01	62	33790	买盘
10:09:24	5.44	--	4	2176	卖盘
10:09:15	5.44	-0.01	175	95200	卖盘
10:09:09	5.45	--	56	30520	买盘
10:08:54	5.45	-0.01	391	213394	卖盘
10:08:39	5.46	0.01	10	5460	买盘
10:08:30	5.45	-0.01	185	100825	卖盘
10:08:24	5.46	0.01	3	1638	买盘
10:08:19	5.45	--	500	272500	卖盘
10:08:14	5.45	--	1	545	卖盘
10:08:04	5.45	--	2	1090	卖盘
10:07:59	5.45	-0.01	50	27250	卖盘
10:07:54	5.46	0.01	79	43134	买盘
10:07:39	5.45	-0.01	15	8175	卖盘
10:07:34	5.46	--	6	3712	卖盘
10:07:29	5.46	--	999	545454	卖盘
10:07:24	5.46	--	14	7644	卖盘
10:07:14	5.46	--	40	21840	卖盘
10:06:59	5.46	-0.01	187	102102	卖盘
10:06:49	5.47	0.01	5	2735	买盘
10:06:44	5.46	--	33	18018	卖盘
10:06:39	5.46	--	30	16380	卖盘
10:06:34	5.46	--	151	82446	卖盘
10:06:14	5.46	--	376	205296	卖盘
10:06:09	5.46	--	36	19656	卖盘
10:06:04	5.46	--	30	16380	卖盘
10:05:54	5.46	--	40	21840	卖盘
10:05:49	5.46	--	50	27300	卖盘
10:05:29	5.46	--	176	96096	卖盘
10:05:04	5.46	--	37	20202	卖盘
10:04:54	5.46	--	2	1092	卖盘
10:04:49	5.46	--	45	24570	卖盘
10:04:44	5.46	--	176	96096	卖盘
10:04:39	5.46	0.01	2974	1623913	买盘
10:04:33	5.45	--	10	5450	卖盘
10:04:29	5.45	-0.01	2	1090	卖盘
10:04:24	5.46	0.01	104	56784	买盘
10:04:03	5.45	--	70	38150	卖盘
10:03:58	5.45	--	175	95375	卖盘
10:03:48	5.45	--	3	1635	卖盘
10:03:38	5.45	-0.01	300	163500	卖盘
10:03:33	5.46	0.01	3	1638	买盘
10:03:13	5.45	--	176	95920	卖盘
10:03:08	5.45	--	15	8175	卖盘
10:03:03	5.45	-0.01	30	16350	卖盘
10:02:58	5.46	0.01	33	18018	买盘
10:02:33	5.45	--	20	10900	卖盘
10:02:28	5.45	-0.01	178	97010	卖盘
10:02:03	5.46	0.01	10	5460	买盘
10:01:48	5.45	--	47	25615	卖盘
10:01:43	5.45	--	173	94285	卖盘
10:01:33	5.45	-0.01	71	38695	卖盘
10:01:18	5.46	--	2	1092	买盘
10:01:13	5.46	--	93	51214	卖盘
10:01:08	5.46	--	230	125580	卖盘
10:01:03	5.46	--	15	8190	卖盘
10:00:58	5.46	-0.01	177	96642	卖盘
10:00:53	5.47	--	102	55794	买盘
10:00:48	5.47	0.01	10	5470	买盘
10:00:38	5.46	--	41	22386	卖盘
10:00:33	5.46	--	113	61698	卖盘
10:00:23	5.46	--	38	20748	卖盘
10:00:18	5.46	-0.01	30	16380	卖盘
10:00:03	5.47	--	197	107759	买盘
09:59:53	5.47	0.01	100	54700	买盘
09:59:48	5.46	--	24	13104	卖盘
09:59:43	5.46	-0.01	63	34398	卖盘
09:59:33	5.47	0.01	40	21880	买盘
09:59:28	5.46	-0.01	64	34944	卖盘
09:59:23	5.47	--	195	106665	卖盘
09:59:18	5.47	--	24	13128	卖盘
09:59:13	5.47	--	210	114870	卖盘
09:59:08	5.47	--	22	12034	卖盘
09:58:58	5.47	--	36	19692	卖盘
09:58:53	5.47	-0.01	16	8752	卖盘
09:58:48	5.48	0.01	10	5480	买盘
09:58:43	5.47	--	7	3829	卖盘
09:58:38	5.47	--	38	20786	卖盘
09:58:33	5.47	--	142	77674	卖盘
09:58:12	5.47	-0.01	5	2735	卖盘
09:58:08	5.48	0.01	100	54800	买盘
09:58:03	5.47	--	20	10940	卖盘
09:57:57	5.47	-0.01	63	34461	卖盘
09:57:48	5.48	--	42	23016	买盘
09:57:42	5.48	0.01	133	72884	买盘
09:57:37	5.47	--	30	16410	卖盘
09:57:27	5.47	--	10	5470	卖盘
09:57:22	5.47	0.01	39	21333	买盘
09:57:18	5.46	-0.01	15	8190	卖盘
09:57:12	5.47	--	62	33914	买盘
09:57:03	5.47	--	100	54700	买盘
09:56:48	5.47	--	20	10940	买盘
09:56:42	5.47	0.01	55	30085	买盘
09:56:27	5.46	--	130	70980	卖盘
09:56:22	5.46	--	1	546	卖盘
09:56:12	5.46	-0.01	277	151242	卖盘
09:56:07	5.47	0.01	166	90802	买盘
09:55:17	5.46	-0.01	115	62790	卖盘
09:54:57	5.47	--	10	5470	买盘
09:54:47	5.47	--	11	6017	买盘
09:54:42	5.47	-0.01	169	92443	卖盘
09:54:37	5.48	0.01	1	548	买盘
09:54:32	5.47	-0.01	10	5470	卖盘
09:54:27	5.48	0.01	518	283864	买盘
09:54:12	5.47	--	3	1641	卖盘
09:54:07	5.47	--	55	30085	卖盘
09:54:02	5.47	--	50	27350	卖盘
09:53:52	5.47	--	10	5470	卖盘
09:53:37	5.47	--	155	84785	卖盘
09:53:32	5.47	--	10	5470	卖盘
09:53:22	5.47	--	100	54700	卖盘
09:52:52	5.47	--	20	10940	卖盘
09:52:47	5.47	--	13	7111	卖盘
09:52:42	5.47	--	300	164100	卖盘
09:52:37	5.47	--	30	16410	卖盘
09:52:27	5.47	-0.01	200	109400	卖盘
09:52:22	5.48	0.01	100	54800	买盘
09:52:12	5.47	-0.01	69	37743	卖盘
09:52:02	5.48	0.01	200	109600	买盘
09:51:51	5.47	--	100	54700	卖盘
09:51:46	5.47	--	1	547	卖盘
09:51:42	5.47	--	44	24068	卖盘
09:51:36	5.47	--	74	40478	卖盘
09:51:27	5.47	-0.01	109	59623	卖盘
09:51:12	5.48	0.01	5	2740	买盘
09:50:57	5.47	-0.01	20	10940	卖盘
09:50:46	5.48	0.01	100	54800	买盘
09:50:42	5.47	--	32	17504	卖盘
09:50:36	5.47	--	78	42666	卖盘
09:50:31	5.47	-0.01	17	9299	卖盘
09:50:27	5.48	0.01	2	1096	买盘
09:50:16	5.47	-0.01	43	23521	卖盘
09:50:06	5.48	0.01	100	54800	买盘
09:50:01	5.47	-0.01	5	2735	卖盘
09:49:56	5.48	--	2	1096	买盘
09:49:21	5.48	--	15	8220	买盘
09:49:16	5.48	--	19	10412	买盘
09:49:01	5.48	0.01	90	49320	买盘
09:48:56	5.47	--	50	27350	卖盘
09:48:46	5.47	-0.01	73	39931	卖盘
09:48:41	5.48	--	6	3288	买盘
09:48:36	5.48	--	81	44388	买盘
09:48:31	5.48	--	44	24112	买盘
09:48:26	5.48	--	192	105216	卖盘
09:48:21	5.48	--	318	174264	卖盘
09:48:16	5.48	-0.01	208	113984	卖盘
09:48:11	5.49	--	10	5490	买盘
09:48:01	5.49	--	114	62586	买盘
09:47:51	5.49	0.01	92	50508	买盘
09:47:46	5.48	-0.01	242	132616	卖盘
09:47:41	5.49	--	5	2745	买盘
09:47:36	5.49	0.01	35	19215	买盘
09:47:26	5.48	-0.01	5	2740	卖盘
09:47:21	5.49	0.01	114	62586	买盘
09:47:16	5.48	--	76	41648	卖盘
09:47:06	5.48	-0.01	11	6028	卖盘
09:47:01	5.49	0.01	20	10980	买盘
09:46:56	5.48	0.01	426	233448	买盘
09:46:51	5.47	-0.01	589	322183	卖盘
09:46:46	5.48	--	25	13700	买盘
09:46:36	5.48	--	21	11508	买盘
09:46:31	5.48	0.01	25	13700	买盘
09:46:26	5.47	-0.01	2	1094	卖盘
09:46:21	5.48	--	435	238380	买盘
09:46:15	5.48	0.01	20	10960	买盘
09:46:06	5.47	-0.01	7	3829	卖盘
09:46:00	5.48	--	21	11508	买盘
09:45:56	5.48	--	100	54800	买盘
09:45:51	5.48	--	81	44388	卖盘
09:45:45	5.48	--	16	8768	买盘
09:45:40	5.48	--	268	146864	卖盘
09:45:30	5.48	--	193	105764	买盘
09:45:25	5.48	--	10	5480	买盘
09:45:20	5.48	--	106	58088	买盘
09:45:15	5.48	--	337	184676	买盘
09:45:10	5.48	--	50	27400	买盘
09:45:05	5.48	0.01	283	155084	买盘
09:45:00	5.47	--	475	259825	卖盘
09:44:50	5.47	-0.01	30	16410	卖盘
09:44:45	5.48	--	138	75624	买盘
09:44:40	5.48	0.01	61	33428	买盘
09:44:36	5.47	--	41	22427	卖盘
09:44:30	5.47	0.01	206	112682	买盘
09:44:25	5.46	--	0	0	卖盘
09:44:20	5.46	-0.01	186	101665	卖盘
09:44:10	5.47	--	559	305773	买盘
09:44:06	5.47	0.01	1064	582008	买盘
09:43:55	5.46	-0.01	21	11466	卖盘
09:43:50	5.47	0.01	7	3829	买盘
09:43:45	5.46	--	50	27300	卖盘
09:43:40	5.46	--	324	176904	买盘
09:43:35	5.46	--	266	145236	卖盘
09:43:30	5.46	-0.01	20	10920	卖盘
09:43:20	5.47	0.01	552	301944	买盘
09:43:15	5.46	-0.01	54	29484	卖盘
09:43:05	5.47	0.01	11	6017	买盘
09:43:00	5.46	--	112	61152	卖盘
09:42:55	5.46	--	72	39312	买盘
09:42:50	5.46	-0.01	57	31122	卖盘
09:42:45	5.47	0.01	102	55794	买盘
09:42:30	5.46	--	19	10374	卖盘
09:42:25	5.46	0.01	16	8736	中性盘
09:42:20	5.45	--	79	43055	卖盘
09:42:15	5.45	-0.01	200	109000	卖盘
09:42:10	5.46	--	289	157794	卖盘
09:42:05	5.46	--	3	1638	卖盘
09:41:55	5.46	0.01	515	281435	买盘
09:41:30	5.45	--	2	1090	卖盘
09:41:25	5.45	--	190	103550	卖盘
09:41:20	5.45	--	707	385315	卖盘
09:41:10	5.45	-0.01	65	35425	卖盘
09:41:00	5.46	--	50	27300	买盘
09:40:45	5.46	--	171	93366	买盘
09:40:40	5.46	--	94	51324	卖盘
09:40:35	5.46	--	200	109200	卖盘
09:40:30	5.46	--	32	17472	卖盘
09:40:25	5.46	--	64	34944	卖盘
09:40:15	5.46	-0.01	35	19110	卖盘
09:40:09	5.47	0.01	20	10940	买盘
09:39:54	5.46	--	405	221130	卖盘
09:39:45	5.46	--	10	5460	卖盘
09:39:39	5.46	--	44	24024	卖盘
09:39:29	5.46	--	25	13650	卖盘
09:39:24	5.46	--	99	54054	卖盘
09:39:09	5.46	--	26	14196	卖盘
09:39:04	5.46	--	66	36036	卖盘
09:38:59	5.46	--	88	48048	卖盘
09:38:54	5.46	--	59	32214	卖盘
09:38:44	5.46	--	64	34944	卖盘
09:38:39	5.46	--	118	64428	卖盘
09:38:34	5.46	-0.01	67	36582	卖盘
09:38:24	5.47	--	1	547	买盘
09:38:19	5.47	--	12	6564	买盘
09:38:14	5.47	--	56	30632	买盘
09:38:04	5.47	--	18	9846	买盘
09:37:59	5.47	--	202	110494	买盘
09:37:54	5.47	--	3	1641	买盘
09:37:44	5.47	--	14	7658	买盘
09:37:39	5.47	--	182	99554	买盘
09:37:14	5.47	0.01	88	48136	买盘
09:37:09	5.46	--	86	46956	卖盘
09:36:59	5.46	--	90	49140	卖盘
09:36:54	5.46	-0.01	99	54054	卖盘
09:36:44	5.47	--	160	87520	卖盘
09:36:39	5.47	--	59	32273	卖盘
09:36:34	5.47	--	76	41572	买盘
09:36:29	5.47	--	14	7658	买盘
09:36:24	5.47	--	54	29538	买盘
09:36:19	5.47	--	10	5470	买盘
09:36:14	5.47	-0.01	182	99554	卖盘
09:36:09	5.48	0.02	165	90420	买盘
09:36:04	5.46	-0.01	119	64974	卖盘
09:35:59	5.47	--	5	2735	买盘
09:35:54	5.47	--	72	39384	卖盘
09:35:49	5.47	--	216	118152	买盘
09:35:44	5.47	--	106	57982	买盘
09:35:34	5.47	--	35	19145	买盘
09:35:29	5.47	0.01	35	19145	买盘
09:35:24	5.46	-0.01	10	5460	卖盘
09:35:19	5.47	--	28	15316	买盘
09:34:49	5.47	--	4	2188	买盘
09:34:44	5.47	--	19	10393	买盘
09:34:24	5.47	--	15	8205	买盘
09:34:19	5.47	--	65	35555	买盘
09:34:14	5.47	--	253	138391	卖盘
09:34:09	5.47	-0.01	21	11487	卖盘
09:34:03	5.48	0.01	36	19728	买盘
09:33:54	5.47	-0.01	207	113229	卖盘
09:33:44	5.48	0.01	5	2740	买盘
09:33:39	5.47	-0.01	91	49777	卖盘
09:33:33	5.48	0.01	60	32880	买盘
09:33:28	5.47	-0.01	40	21880	卖盘
09:33:23	5.48	0.01	95	52060	买盘
09:33:13	5.47	-0.01	118	64546	卖盘
09:33:08	5.48	0.01	7	3836	买盘
09:33:03	5.47	--	12	6564	卖盘
09:32:53	5.47	--	228	124716	卖盘
09:32:48	5.47	--	15	8205	卖盘
09:32:38	5.47	0.01	91	49777	买盘
09:32:33	5.46	-0.02	87	47502	卖盘
09:32:28	5.48	--	0	0	买盘
09:32:23	5.48	0.01	589	322772	买盘
09:32:18	5.47	--	23	12581	买盘
09:32:13	5.47	--	29	15863	卖盘
09:32:08	5.47	-0.01	202	110494	卖盘
09:32:03	5.48	--	48	26304	买盘
09:31:58	5.48	--	627	343596	买盘
09:31:48	5.48	0.01	20	10960	买盘
09:31:38	5.47	--	57	31179	买盘
09:31:23	5.47	-0.01	50	27350	买盘
09:31:18	5.48	0.01	492	269616	买盘
09:30:48	5.47	--	282	154254	买盘
09:30:43	5.47	0.01	58	31726	买盘
09:30:33	5.46	-0.02	251	137046	卖盘
09:30:23	5.48	0.01	261	143028	买盘
09:30:08	5.47	0.01	1282	701254	买盘
09:28:45	5.46	--	0	0	卖盘
09:25:06	5.46	5.46	145	79170	买盘
