成交时间	成交价	价格变动	成交量(手)	成交额(元)	性质
15:00:00	5.45	--	0	0	买盘
15:00:00	5.45	--	0	0	买盘
14:59:53	5.45	0.01	3	1635	买盘
14:59:49	5.44	-0.01	100	54400	卖盘
14:59:38	5.45	0.01	217	118265	买盘
14:59:34	5.44	-0.01	30	16320	卖盘
14:59:29	5.45	--	327	178215	买盘
14:59:23	5.45	--	172	93740	买盘
14:59:14	5.45	--	22	11990	买盘
14:59:08	5.45	--	465	253425	买盘
14:59:04	5.45	--	10	5450	买盘
14:58:59	5.45	0.01	14	7630	买盘
14:58:49	5.44	-0.01	10	5440	卖盘
14:58:44	5.45	--	45	24525	买盘
14:58:38	5.45	--	468	255060	买盘
14:58:34	5.45	--	25	13625	买盘
14:58:29	5.45	--	14	7630	买盘
14:58:23	5.45	--	5	2725	买盘
14:58:19	5.45	--	25	13625	买盘
14:58:14	5.45	--	30	16350	买盘
14:58:08	5.45	--	10	5450	买盘
14:58:04	5.45	--	1	545	买盘
14:57:59	5.45	--	114	62130	买盘
14:57:53	5.45	0.01	20	10900	买盘
14:57:49	5.44	--	119	64736	卖盘
14:57:44	5.44	-0.01	1018	553792	卖盘
14:57:38	5.45	--	20	10900	买盘
14:57:34	5.45	--	24	13080	买盘
14:57:29	5.45	0.01	3	1635	买盘
14:57:23	5.44	-0.01	684	372096	卖盘
14:57:19	5.45	--	11	5995	买盘
14:57:14	5.45	--	441	240345	买盘
14:57:08	5.45	--	14	7630	买盘
14:57:04	5.45	--	10	5450	买盘
14:56:59	5.45	--	19	10355	买盘
14:56:53	5.45	--	23	12535	买盘
14:56:49	5.45	--	41	22345	买盘
14:56:38	5.45	--	71	38695	买盘
14:56:34	5.45	--	11	5995	买盘
14:56:29	5.45	--	10	5450	买盘
14:56:23	5.45	-0.01	1193	650435	卖盘
14:56:14	5.46	--	39	21294	买盘
14:56:08	5.46	--	39	21294	买盘
14:56:04	5.46	--	17	9282	买盘
14:55:59	5.46	0.01	14	7644	买盘
14:55:53	5.45	-0.01	151	82295	卖盘
14:55:49	5.46	0.01	175	95550	买盘
14:55:44	5.45	--	21	11445	卖盘
14:55:38	5.45	-0.01	100	54500	卖盘
14:55:34	5.46	0.01	14	7644	买盘
14:55:23	5.45	--	460	250994	买盘
14:55:19	5.45	--	224	122080	买盘
14:55:08	5.45	--	12	6540	买盘
14:55:04	5.45	--	20	10900	买盘
14:54:47	5.45	--	34	18530	买盘
14:54:38	5.45	--	14	7630	买盘
14:54:32	5.45	--	13	7085	买盘
14:54:28	5.45	0.01	2	1090	买盘
14:54:23	5.44	-0.01	15	8160	卖盘
14:54:17	5.45	0.01	10	5450	买盘
14:54:08	5.44	-0.01	49	26656	卖盘
14:54:02	5.45	--	5	2725	买盘
14:53:53	5.45	--	25	13625	买盘
14:53:47	5.45	--	2	1090	买盘
14:53:43	5.45	--	10	5450	买盘
14:53:38	5.45	0.01	14	7630	买盘
14:53:28	5.44	-0.01	78	42432	卖盘
14:53:23	5.45	--	10	5450	买盘
14:53:17	5.45	--	2	1090	买盘
14:53:13	5.45	--	14	7630	买盘
14:53:08	5.45	0.01	202	110090	买盘
14:53:02	5.44	-0.01	134	72896	卖盘
14:52:58	5.45	--	2	1090	买盘
14:52:53	5.45	--	10	5450	买盘
14:52:47	5.45	0.01	264	143880	买盘
14:52:32	5.44	-0.01	21	11424	卖盘
14:52:28	5.45	--	10	5450	买盘
14:52:17	5.45	--	14	7630	买盘
14:52:08	5.45	--	82	44690	买盘
14:52:02	5.45	--	150	81750	卖盘
14:51:58	5.45	--	1	545	卖盘
14:51:53	5.45	--	4	2180	买盘
14:51:38	5.45	-0.01	26	14170	卖盘
14:51:32	5.46	0.01	10	5460	买盘
14:51:23	5.45	-0.01	34	18530	卖盘
14:51:17	5.46	0.02	12	6552	买盘
14:51:13	5.44	-0.02	11	5984	卖盘
14:51:08	5.46	--	14	7644	买盘
14:50:58	5.46	0.01	297	162162	买盘
14:50:53	5.45	--	20	10900	买盘
14:50:43	5.45	--	34	18530	买盘
14:50:38	5.45	--	210	114450	买盘
14:50:32	5.45	--	11	5995	买盘
14:50:28	5.45	--	213	116085	买盘
14:50:23	5.45	-0.01	332	180940	卖盘
14:50:17	5.46	--	17	9282	买盘
14:50:02	5.46	--	158	86268	买盘
14:49:58	5.46	--	56	30576	买盘
14:49:47	5.46	--	27	14742	买盘
14:49:38	5.46	--	10	5460	买盘
14:49:32	5.46	0.01	76	41496	买盘
14:49:28	5.45	-0.01	31	16895	卖盘
14:49:23	5.46	--	14	7644	买盘
14:49:17	5.46	--	20	10920	买盘
14:49:08	5.46	--	34	18564	买盘
14:49:02	5.46	0.01	14	7644	买盘
14:48:58	5.45	-0.01	801	436545	卖盘
14:48:53	5.46	--	14	7644	买盘
14:48:47	5.46	--	10	5460	买盘
14:48:43	5.46	0.01	36	19656	买盘
14:48:32	5.45	-0.01	7	3815	卖盘
14:48:26	5.46	--	24	13104	买盘
14:48:11	5.46	--	14	7644	买盘
14:48:02	5.46	--	8	4368	买盘
14:47:56	5.46	0.01	59	32214	买盘
14:47:52	5.45	--	20	10900	买盘
14:47:47	5.45	-0.01	181	98645	卖盘
14:47:32	5.46	0.01	14	7644	买盘
14:47:26	5.45	--	181	98645	买盘
14:47:17	5.45	--	26	14170	买盘
14:47:11	5.45	--	2219	1209355	买盘
14:47:02	5.45	--	44	23980	买盘
14:46:47	5.45	--	14	7630	买盘
14:46:37	5.45	0.01	14	7630	买盘
14:46:32	5.44	-0.01	7	3808	卖盘
14:46:26	5.45	--	16	8720	买盘
14:46:22	5.45	0.01	48	26160	买盘
14:46:07	5.44	-0.01	47	25568	卖盘
14:45:52	5.45	0.01	30	16350	买盘
14:45:47	5.44	--	21	11424	卖盘
14:45:41	5.44	-0.01	10	5440	卖盘
14:45:26	5.45	0.01	20	10900	买盘
14:45:17	5.44	-0.01	30	16320	卖盘
14:45:02	5.45	--	2	1090	买盘
14:44:56	5.45	--	15	8175	买盘
14:44:52	5.45	0.01	6	3270	买盘
14:44:47	5.44	-0.01	40	21760	卖盘
14:44:41	5.45	--	20	10900	买盘
14:44:32	5.45	--	118	64310	买盘
14:44:26	5.45	--	30	16350	买盘
14:44:22	5.45	--	10	5450	买盘
14:44:17	5.45	--	10	5450	买盘
14:44:11	5.45	--	2	1090	买盘
14:44:07	5.45	0.01	21	11445	买盘
14:44:02	5.44	-0.01	25	13600	卖盘
14:43:56	5.45	0.01	10	5450	买盘
14:43:52	5.44	-0.01	29	15776	卖盘
14:43:47	5.45	--	10	5450	买盘
14:43:41	5.45	--	24	13080	买盘
14:43:37	5.45	--	10	5450	买盘
14:43:32	5.45	--	62	33790	买盘
14:43:26	5.45	--	11	5995	买盘
14:43:22	5.45	--	10	5450	买盘
14:43:17	5.45	--	20	10900	买盘
14:43:11	5.45	--	12	6540	买盘
14:43:07	5.45	--	20	10900	买盘
14:42:56	5.45	--	10	5450	买盘
14:42:52	5.45	--	31	16895	买盘
14:42:47	5.45	--	2	1090	买盘
14:42:41	5.45	0.01	20	10900	买盘
14:42:37	5.44	-0.01	10	5440	卖盘
14:42:32	5.45	--	12	6540	买盘
14:42:26	5.45	--	30	16350	买盘
14:42:16	5.45	--	10	5450	买盘
14:42:11	5.45	--	21	11445	买盘
14:42:05	5.45	--	22	11990	买盘
14:42:02	5.45	0.01	10	5450	买盘
14:41:56	5.44	-0.01	80	43520	卖盘
14:41:50	5.45	--	12	6540	买盘
14:41:47	5.45	--	20	10900	买盘
14:41:41	5.45	0.01	19	10355	买盘
14:41:35	5.44	-0.01	120	65280	卖盘
14:41:31	5.45	--	11	5995	买盘
14:41:26	5.45	--	16	8720	买盘
14:41:20	5.45	--	23	12535	买盘
14:41:11	5.45	-0.01	978	533010	卖盘
14:41:05	5.46	--	10	5460	买盘
14:40:56	5.46	--	30	16380	买盘
14:40:50	5.46	--	10	5460	买盘
14:40:46	5.46	0.01	17	9282	买盘
14:40:41	5.45	--	16	8720	卖盘
14:40:35	5.45	-0.01	80	43600	卖盘
14:40:31	5.46	--	20	10920	买盘
14:40:26	5.46	--	21	11466	买盘
14:40:20	5.46	--	26	14196	买盘
14:40:11	5.46	--	39	21294	买盘
14:40:05	5.46	--	46	25116	买盘
14:39:56	5.46	--	12	6552	买盘
14:39:50	5.46	--	80	43680	买盘
14:39:46	5.46	--	12	6552	买盘
14:39:41	5.46	--	70	38220	买盘
14:39:31	5.46	--	10	5460	买盘
14:39:26	5.46	--	35	19110	买盘
14:39:20	5.46	--	10	5460	买盘
14:39:16	5.46	--	10	5460	买盘
14:39:11	5.46	--	1064	580944	买盘
14:39:05	5.46	--	10	5460	买盘
14:39:01	5.46	--	12	6552	买盘
14:38:56	5.46	--	71	38766	买盘
14:38:50	5.46	--	58	31668	买盘
14:38:46	5.46	--	10	5460	买盘
14:38:41	5.46	--	12	6552	买盘
14:38:35	5.46	0.01	32	17472	买盘
14:38:26	5.45	-0.01	54	29430	卖盘
14:38:20	5.46	--	65	35490	买盘
14:38:16	5.46	--	113	61698	买盘
14:38:11	5.46	0.01	30	16380	买盘
14:38:05	5.45	-0.01	280	152600	卖盘
14:38:01	5.46	--	16	8736	买盘
14:37:56	5.46	--	20	10920	买盘
14:37:50	5.46	--	10	5460	买盘
14:37:41	5.46	--	38	20748	买盘
14:37:35	5.46	--	11	6006	买盘
14:37:31	5.46	--	22	12012	买盘
14:37:26	5.46	--	10	5460	买盘
14:37:20	5.46	--	12	6552	买盘
14:37:16	5.46	--	20	10920	买盘
14:37:05	5.46	--	20	10920	买盘
14:37:01	5.46	--	320	174720	买盘
14:36:50	5.46	--	22	12012	买盘
14:36:41	5.46	--	30	16380	买盘
14:36:35	5.46	0.01	10	5460	买盘
14:36:31	5.45	--	585	318825	买盘
14:36:26	5.45	-0.01	315	171675	卖盘
14:36:20	5.46	--	11	6006	买盘
14:36:16	5.46	--	30	16380	买盘
14:36:11	5.46	--	9	4914	买盘
14:36:00	5.46	--	22	12012	买盘
14:35:56	5.46	0.01	10	5460	买盘
14:35:50	5.45	--	2	1384	买盘
14:35:44	5.45	--	26	14170	买盘
14:35:40	5.45	--	902	491590	买盘
14:35:35	5.45	--	31	16895	买盘
14:35:25	5.45	--	10	5450	买盘
14:35:20	5.45	--	31	16895	买盘
14:35:10	5.45	0.01	15	8175	买盘
14:35:05	5.44	-0.01	60	32640	卖盘
14:34:59	5.45	--	32	17440	买盘
14:34:50	5.45	--	50	27250	买盘
14:34:44	5.45	--	110	59950	买盘
14:34:40	5.45	--	31	16895	买盘
14:34:29	5.45	0.01	309	168677	买盘
14:34:25	5.44	-0.01	169	92208	卖盘
14:34:20	5.45	--	441	240345	买盘
14:34:14	5.45	0.01	20	10900	买盘
14:34:10	5.44	-0.01	349	189856	卖盘
14:34:05	5.45	0.01	350	190750	买盘
14:33:59	5.44	-0.01	257	139808	卖盘
14:33:55	5.45	--	10	5450	买盘
14:33:50	5.45	--	11	5995	买盘
14:33:44	5.45	0.01	30	16350	买盘
14:33:40	5.44	-0.01	21	11424	卖盘
14:33:35	5.45	--	10	5450	买盘
14:33:29	5.45	--	23	12535	买盘
14:33:25	5.45	--	12	6540	买盘
14:33:20	5.45	--	100	54772	买盘
14:33:14	5.45	--	10	5450	买盘
14:33:05	5.45	--	42	22890	买盘
14:32:59	5.45	--	525	286125	买盘
14:32:55	5.45	--	10	5450	买盘
14:32:50	5.45	--	12	6540	买盘
14:32:44	5.45	--	20	10900	买盘
14:32:40	5.45	--	115	62675	买盘
14:32:35	5.45	--	304	165930	卖盘
14:32:29	5.45	-0.01	22	11990	卖盘
14:32:25	5.46	0.01	10	5460	买盘
14:32:20	5.45	--	21	11739	卖盘
14:32:14	5.45	-0.01	102	55590	卖盘
14:32:05	5.46	0.01	48	26208	买盘
14:31:59	5.45	-0.01	33	17985	卖盘
14:31:55	5.46	0.01	51	27846	买盘
14:31:50	5.45	-0.01	234	127530	卖盘
14:31:44	5.46	0.01	10	5460	买盘
14:31:40	5.45	-0.01	629	342805	卖盘
14:31:35	5.46	--	12	6552	买盘
14:31:29	5.46	--	149	81354	买盘
14:31:25	5.46	--	32	17472	买盘
14:31:14	5.46	--	49	26754	买盘
14:31:10	5.46	--	30	16380	买盘
14:31:05	5.46	0.01	10	5460	买盘
14:30:59	5.45	--	43	23435	卖盘
14:30:35	5.45	--	10	5450	卖盘
14:30:25	5.45	-0.01	53	28885	卖盘
14:30:20	5.46	0.01	20	10920	买盘
14:30:14	5.45	-0.01	130	70850	卖盘
14:30:05	5.46	--	3	1638	买盘
14:29:59	5.46	--	211	115206	买盘
14:29:55	5.46	--	20	10920	买盘
14:29:44	5.46	0.01	22	12012	买盘
14:29:40	5.45	-0.01	287	156415	卖盘
14:29:35	5.46	--	10	5460	买盘
14:29:29	5.46	--	62	33852	买盘
14:29:23	5.46	--	77	42042	买盘
14:29:19	5.46	--	444	242424	买盘
14:29:14	5.46	--	43	23478	买盘
14:29:08	5.46	--	33	18018	买盘
14:29:04	5.46	--	28	15288	买盘
14:28:59	5.46	--	16	8736	买盘
14:28:53	5.46	--	41	22386	买盘
14:28:49	5.46	--	10	5460	买盘
14:28:38	5.46	--	35	19110	买盘
14:28:29	5.46	--	63	34398	买盘
14:28:23	5.46	--	41	22386	买盘
14:28:14	5.46	--	113	61698	买盘
14:28:08	5.46	--	26	14196	买盘
14:28:04	5.46	--	6	3276	买盘
14:27:59	5.46	--	101	55146	买盘
14:27:53	5.46	--	144	78624	买盘
14:27:44	5.46	0.01	25	13650	买盘
14:27:38	5.45	-0.01	60	32700	卖盘
14:27:34	5.46	0.01	51	27846	买盘
14:27:29	5.45	-0.01	75	40875	卖盘
14:27:23	5.46	--	20	10920	买盘
14:27:14	5.46	--	25	13650	买盘
14:27:08	5.46	0.01	80	43680	买盘
14:27:04	5.45	-0.01	176	95920	卖盘
14:26:59	5.46	--	30	16380	买盘
14:26:53	5.46	--	15	8190	买盘
14:26:44	5.46	--	85	46410	买盘
14:26:34	5.46	0.01	27	14742	买盘
14:26:29	5.45	-0.01	140	76300	卖盘
14:26:19	5.46	--	12	6552	买盘
14:26:14	5.46	0.01	27	14742	买盘
14:26:08	5.45	-0.01	17	9265	卖盘
14:26:04	5.46	--	6	3276	买盘
14:25:59	5.46	--	28	15288	买盘
14:25:53	5.46	--	12	6552	买盘
14:25:49	5.46	--	13	7098	买盘
14:25:44	5.46	--	10	5460	买盘
14:25:38	5.46	0.01	12	6552	买盘
14:25:34	5.45	-0.01	22	11990	卖盘
14:25:29	5.46	--	10	5460	买盘
14:25:23	5.46	--	12	6552	买盘
14:25:19	5.46	--	13	7098	买盘
14:25:14	5.46	--	22	12012	买盘
14:25:08	5.46	--	13	7098	买盘
14:25:04	5.46	--	4	2184	买盘
14:24:59	5.46	0.02	31	16926	买盘
14:24:53	5.44	--	14	7616	卖盘
14:24:49	5.44	--	26	14144	卖盘
14:24:44	5.44	-0.02	35	19040	卖盘
14:24:38	5.46	--	150	81900	买盘
14:24:34	5.46	--	22	12012	买盘
14:24:23	5.46	--	21	11466	买盘
14:24:19	5.46	0.02	22	12012	买盘
14:24:14	5.44	-0.02	129	70176	卖盘
14:24:08	5.46	--	33	18018	买盘
14:24:04	5.46	--	22	12012	买盘
14:23:53	5.46	0.01	4049	2210754	买盘
14:23:49	5.45	--	12	6540	买盘
14:23:44	5.45	--	25	13625	买盘
14:23:38	5.45	0.01	46	25070	买盘
14:23:34	5.44	-0.01	11	5984	卖盘
14:23:29	5.45	--	141	76845	买盘
14:23:23	5.45	0.01	30	16350	买盘
14:23:19	5.44	--	39	21216	卖盘
14:23:14	5.44	--	1606	873664	买盘
14:23:08	5.44	--	122	66368	买盘
14:23:04	5.44	--	379	206176	买盘
14:22:53	5.44	--	22	11968	买盘
14:22:47	5.44	--	52	28288	买盘
14:22:38	5.44	--	205	111520	买盘
14:22:32	5.44	--	73	39712	买盘
14:22:28	5.44	--	12	6528	买盘
14:22:23	5.44	--	30	16320	买盘
14:22:17	5.44	--	243	132192	买盘
14:22:13	5.44	--	27	14688	买盘
14:22:08	5.44	--	10	5440	买盘
14:22:02	5.44	--	54	29376	买盘
14:21:58	5.44	--	27	14688	买盘
14:21:53	5.44	--	331	180064	买盘
14:21:47	5.44	--	16	8704	买盘
14:21:43	5.44	--	110	59840	买盘
14:21:38	5.44	--	1023	556512	买盘
14:21:32	5.44	--	12	6528	买盘
14:21:28	5.44	--	10	5440	买盘
14:21:23	5.44	--	13	7072	买盘
14:21:17	5.44	--	15	8160	买盘
14:21:13	5.44	--	10	5440	买盘
14:21:08	5.44	--	13	7072	买盘
14:21:02	5.44	--	27	14688	买盘
14:20:53	5.44	--	25	13600	买盘
14:20:47	5.44	--	30	16320	买盘
14:20:38	5.44	--	25	13600	买盘
14:20:32	5.44	--	12	6528	买盘
14:20:23	5.44	--	26	14144	买盘
14:20:17	5.44	--	10	5440	买盘
14:20:13	5.44	--	13	7072	买盘
14:20:08	5.44	--	12	6528	买盘
14:20:02	5.44	--	10	5440	买盘
14:19:58	5.44	--	13	7072	买盘
14:19:53	5.44	--	12	6528	买盘
14:19:47	5.44	--	10	5440	买盘
14:19:43	5.44	--	25	13600	买盘
14:19:32	5.44	0.01	10	5440	买盘
14:19:28	5.43	--	36	19548	卖盘
14:19:23	5.43	-0.01	82	44797	卖盘
14:19:17	5.44	--	71	38624	买盘
14:19:02	5.44	--	37	20128	买盘
14:18:53	5.44	0.01	10	5440	买盘
14:18:47	5.43	-0.01	35	19005	卖盘
14:18:38	5.44	--	20	10880	买盘
14:18:32	5.44	0.01	25	13600	买盘
14:18:23	5.43	-0.01	56	30408	卖盘
14:18:17	5.44	--	25	13600	买盘
14:18:08	5.44	--	23	12512	买盘
14:18:02	5.44	--	13	7072	买盘
14:17:58	5.44	--	10	5440	买盘
14:17:53	5.44	--	12	6528	买盘
14:17:47	5.44	0.01	13	7072	买盘
14:17:43	5.43	-0.01	42	22806	卖盘
14:17:38	5.44	--	23	12512	买盘
14:17:28	5.44	--	22	11968	买盘
14:17:22	5.44	--	13	7072	买盘
14:17:13	5.44	--	22	11968	买盘
14:17:07	5.44	--	53	28832	买盘
14:16:57	5.44	--	105	57120	买盘
14:16:47	5.44	--	103	56032	买盘
14:16:42	5.44	--	113	61472	买盘
14:16:32	5.44	--	24	13056	买盘
14:16:28	5.44	--	23	12512	买盘
14:16:17	5.44	--	12	6528	买盘
14:16:11	5.44	--	25	13600	买盘
14:16:07	5.44	--	30	16320	买盘
14:16:02	5.44	0.01	12	6528	买盘
14:15:56	5.43	-0.01	12	6516	卖盘
14:15:52	5.44	--	34	18496	买盘
14:15:47	5.44	--	178	96832	买盘
14:15:41	5.44	--	537	292128	买盘
14:15:17	5.44	0.01	115	62560	买盘
14:15:11	5.43	-0.01	147	79821	卖盘
14:14:56	5.44	--	144	78336	买盘
14:14:52	5.44	0.01	11	5984	买盘
14:14:47	5.43	-0.01	21	11403	卖盘
14:14:32	5.44	--	28	15232	买盘
14:14:26	5.44	--	499	271456	买盘
14:14:17	5.44	--	22	11968	买盘
14:14:11	5.44	--	10	5440	买盘
14:14:02	5.44	0.01	21	11924	买盘
14:13:56	5.43	--	12	6516	买盘
14:13:47	5.43	--	35	19005	买盘
14:13:41	5.43	-0.01	60	32623	卖盘
14:13:37	5.44	--	18	9792	买盘
14:13:32	5.44	--	10	5440	买盘
14:13:17	5.44	--	15	8160	买盘
14:13:11	5.44	--	44	23936	买盘
14:13:02	5.44	--	21	11424	买盘
14:12:56	5.44	--	11	5984	买盘
14:12:47	5.44	0.01	15	8160	买盘
14:12:41	5.43	-0.01	47	25521	卖盘
14:12:37	5.44	--	18	9792	买盘
14:12:32	5.44	--	24	13056	买盘
14:12:26	5.44	--	30	16320	买盘
14:12:17	5.44	--	18	9792	买盘
14:12:11	5.44	--	10	5440	买盘
14:12:07	5.44	--	6	3264	买盘
14:12:01	5.44	--	15	8160	买盘
14:11:56	5.44	--	10	5440	买盘
14:11:52	5.44	--	15	8160	买盘
14:11:37	5.44	--	26	14144	买盘
14:11:22	5.44	--	18	9792	买盘
14:11:16	5.44	0.01	10	5440	买盘
14:11:06	5.43	-0.01	14	7602	卖盘
14:11:01	5.44	--	15	8160	买盘
14:10:56	5.44	--	10	5440	买盘
14:10:52	5.44	--	15	8160	买盘
14:10:37	5.44	0.01	56	30464	买盘
14:10:26	5.43	--	3	1629	卖盘
14:10:21	5.43	-0.01	54	29322	卖盘
14:10:16	5.44	--	10	5440	买盘
14:10:06	5.44	--	20	10880	买盘
14:09:56	5.44	--	10	5440	买盘
14:09:46	5.44	0.01	15	8160	买盘
14:09:41	5.43	-0.01	1	543	卖盘
14:09:35	5.44	--	10	5440	买盘
14:09:31	5.44	--	15	8160	买盘
14:09:20	5.44	--	11	5984	买盘
14:09:16	5.44	--	21	11424	买盘
14:09:05	5.44	0.01	318	172992	买盘
14:08:56	5.43	--	21	11403	卖盘
14:08:50	5.43	-0.01	44	23892	卖盘
14:08:46	5.44	0.01	15	8160	买盘
14:08:41	5.43	--	26	14118	卖盘
14:08:35	5.43	-0.01	1	543	卖盘
14:08:31	5.44	0.01	15	8160	买盘
14:08:26	5.43	--	4	2172	卖盘
14:08:20	5.43	--	34	18462	卖盘
14:08:05	5.43	-0.01	62	33666	卖盘
14:08:01	5.44	0.01	10	5440	买盘
14:07:56	5.43	--	5	2715	卖盘
14:07:50	5.43	-0.01	10	5430	卖盘
14:07:46	5.44	--	15	8160	买盘
14:07:41	5.44	--	10	5440	买盘
14:07:31	5.44	0.01	15	8160	买盘
14:07:26	5.43	-0.01	30	16290	卖盘
14:07:20	5.44	--	59	32096	买盘
14:07:05	5.44	--	18	9792	买盘
14:07:01	5.44	0.01	10	5440	买盘
14:06:56	5.43	--	2	1086	卖盘
14:06:50	5.43	--	25	13575	卖盘
14:06:46	5.43	--	71	38553	卖盘
14:06:41	5.43	--	26	14411	卖盘
14:06:31	5.43	-0.01	65	35295	卖盘
14:06:26	5.44	--	14	7616	买盘
14:06:20	5.44	0.01	16	8704	买盘
14:06:16	5.43	-0.01	33	17919	卖盘
14:06:05	5.44	--	17	9248	买盘
14:06:00	5.44	--	15	8160	买盘
14:05:46	5.44	--	18	9792	买盘
14:05:41	5.44	--	10	5440	买盘
14:05:31	5.44	--	23	12512	买盘
14:05:26	5.44	--	10	5440	买盘
14:05:16	5.44	--	23	12512	买盘
14:05:05	5.44	--	17	9248	买盘
14:05:01	5.44	--	15	8160	买盘
14:04:50	5.44	--	18	9792	买盘
14:04:46	5.44	--	10	5440	买盘
14:04:31	5.44	0.01	18	9792	买盘
14:04:25	5.43	-0.01	40	21720	卖盘
14:04:16	5.44	--	57	31008	买盘
14:04:05	5.44	--	26	14350	买盘
14:04:01	5.44	--	15	8160	买盘
14:03:55	5.44	--	3	1632	买盘
14:03:50	5.44	--	11	5984	买盘
14:03:46	5.44	0.01	15	8160	买盘
14:03:35	5.43	-0.01	39	21177	卖盘
14:03:31	5.44	--	409	222496	买盘
14:03:25	5.44	0.01	10	5440	买盘
14:03:15	5.43	--	49	26607	买盘
14:03:05	5.43	--	10	5430	买盘
14:03:00	5.43	--	15	8145	买盘
14:02:50	5.43	--	11	5973	买盘
14:02:45	5.43	--	15	8145	买盘
14:02:35	5.43	--	60	32580	买盘
14:02:29	5.43	--	88	47784	买盘
14:02:20	5.43	0.01	8	4344	买盘
14:02:14	5.42	-0.01	21	11382	卖盘
14:02:10	5.43	--	10	5430	买盘
14:01:59	5.43	-0.01	15	8145	中性盘
14:01:50	5.44	--	11	5984	买盘
14:01:44	5.44	0.02	15	8160	买盘
14:01:40	5.42	-0.01	50	27100	卖盘
14:01:35	5.43	-0.01	15	8145	卖盘
14:01:29	5.44	0.01	12	6528	买盘
14:01:20	5.43	--	5	2715	买盘
14:01:10	5.43	--	10	5430	买盘
14:01:05	5.43	0.01	35	19005	买盘
14:00:59	5.42	--	2	1084	卖盘
14:00:44	5.42	-0.01	11	5962	卖盘
14:00:24	5.43	--	400	217200	买盘
13:59:54	5.43	--	6	3258	买盘
13:59:50	5.43	--	5	2715	买盘
13:59:44	5.43	--	22	11946	买盘
13:59:35	5.43	--	50	27150	买盘
13:59:29	5.43	0.01	70	38010	买盘
13:59:24	5.42	-0.01	58	31436	卖盘
13:59:20	5.43	0.01	28	15204	买盘
13:59:14	5.42	-0.01	20	10840	卖盘
13:59:05	5.43	0.01	28	15204	买盘
13:58:59	5.42	-0.01	6	3252	卖盘
13:58:50	5.43	--	10	5430	买盘
13:58:44	5.43	--	274	148782	买盘
13:58:40	5.43	--	10	5430	买盘
13:58:29	5.43	--	10	5430	买盘
13:58:20	5.43	--	11	5973	买盘
13:58:14	5.43	0.01	10	5430	买盘
13:58:10	5.42	-0.01	50	27100	卖盘
13:58:05	5.43	--	52	28236	买盘
13:57:59	5.43	0.01	38	20634	买盘
13:57:54	5.42	--	25	13550	卖盘
13:57:49	5.42	-0.01	16	8672	卖盘
13:57:40	5.43	--	21	11403	买盘
13:57:29	5.43	--	53	28779	买盘
13:57:25	5.43	--	10	5430	买盘
13:57:19	5.43	--	10	5430	买盘
13:57:14	5.43	--	10	5430	买盘
13:57:04	5.43	--	5	2715	买盘
13:56:59	5.43	--	22	11946	买盘
13:56:44	5.43	--	10	5430	买盘
13:56:40	5.43	--	11	5973	买盘
13:56:34	5.43	--	188	102084	买盘
13:56:24	5.43	--	44	23892	买盘
13:56:14	5.43	--	10	5430	买盘
13:56:09	5.43	--	10	5430	买盘
13:56:04	5.43	--	6	3258	买盘
13:55:59	5.43	--	12	6516	买盘
13:55:54	5.43	--	23	12489	买盘
13:55:44	5.43	--	12	6516	买盘
13:55:38	5.43	--	10	5430	买盘
13:55:29	5.43	--	10	5430	买盘
13:55:23	5.43	--	19	10317	买盘
13:55:19	5.43	--	450	244350	买盘
13:55:14	5.43	--	10	5430	买盘
13:55:08	5.43	--	10	5430	买盘
13:55:04	5.43	--	2	1086	买盘
13:54:59	5.43	--	11	5973	买盘
13:54:53	5.43	--	10	5430	买盘
13:54:44	5.43	0.01	482	261726	买盘
13:54:38	5.42	-0.01	9	4878	卖盘
13:54:34	5.43	--	10	5430	买盘
13:54:29	5.43	--	10	5430	买盘
13:54:19	5.43	--	12	6516	买盘
13:54:14	5.43	0.01	10	5430	买盘
13:54:08	5.42	-0.01	9	4878	卖盘
13:54:04	5.43	--	10	5430	买盘
13:53:53	5.43	0.01	41	22263	买盘
13:53:38	5.42	-0.01	87	47154	卖盘
13:53:34	5.43	--	10	5430	买盘
13:53:29	5.43	--	10	5430	买盘
13:53:14	5.43	--	62	33666	买盘
13:52:59	5.43	--	10	5430	买盘
13:52:53	5.43	--	10	5430	买盘
13:52:49	5.43	--	11	5973	买盘
13:52:38	5.43	--	12	6516	买盘
13:52:34	5.43	--	10	5430	买盘
13:52:23	5.43	--	10	5430	买盘
13:52:14	5.43	--	11	5973	买盘
13:52:08	5.43	--	10	5430	买盘
13:51:59	5.43	--	10	5430	买盘
13:51:53	5.43	--	11	5973	买盘
13:51:48	5.43	-0.01	19	10317	卖盘
13:51:44	5.44	--	10	5440	买盘
13:51:34	5.44	--	10	5440	买盘
13:51:29	5.44	--	10	5440	买盘
13:51:23	5.44	0.01	18	9792	买盘
13:51:14	5.43	-0.01	15	8145	卖盘
13:51:08	5.44	0.01	10	5440	买盘
13:50:59	5.43	--	647	351321	买盘
13:50:48	5.43	--	21	11403	买盘
13:50:43	5.43	--	260	141180	买盘
13:50:38	5.43	--	250	135750	买盘
13:50:33	5.43	--	10	5430	买盘
13:50:28	5.43	--	10	5430	买盘
13:50:23	5.43	--	21	11403	买盘
13:50:13	5.43	--	850	461550	买盘
13:50:08	5.43	0.01	178	96654	买盘
13:50:03	5.42	--	51	27642	卖盘
13:49:53	5.42	-0.01	181	98102	卖盘
13:49:48	5.43	--	10	5430	买盘
13:49:43	5.43	--	10	5430	买盘
13:49:34	5.43	--	12	6516	买盘
13:49:28	5.43	0.01	10	5430	买盘
13:49:23	5.42	--	1	542	卖盘
13:49:18	5.42	-0.01	16	8672	卖盘
13:49:08	5.43	--	11	5973	买盘
13:49:03	5.43	0.01	41	22263	买盘
13:48:53	5.42	--	1844	999448	卖盘
13:48:48	5.42	-0.01	22	11924	卖盘
13:48:38	5.43	--	143	77649	买盘
13:48:32	5.43	--	12	6516	买盘
13:48:23	5.43	--	13	7059	买盘
13:48:17	5.43	--	12	6516	买盘
13:48:08	5.43	--	10	5430	买盘
13:48:02	5.43	--	16	8688	买盘
13:47:53	5.43	--	13	7059	买盘
13:47:47	5.43	--	10	5430	买盘
13:47:32	5.43	--	10	5430	买盘
13:47:28	5.43	--	11	5973	买盘
13:47:23	5.43	0.01	15	8145	买盘
13:47:17	5.42	-0.01	1	542	卖盘
13:47:08	5.43	--	11	5973	买盘
13:47:02	5.43	--	16	8688	买盘
13:46:58	5.43	0.01	10	5430	买盘
13:46:47	5.42	-0.01	267	144714	卖盘
13:46:42	5.43	--	10	5430	买盘
13:46:32	5.43	0.01	29	15747	买盘
13:46:27	5.42	-0.01	3	1626	卖盘
13:46:23	5.43	--	20	10860	买盘
13:46:17	5.43	--	600	325800	买盘
13:46:08	5.43	--	10	5430	买盘
13:46:02	5.43	--	15	8145	买盘
13:45:53	5.43	0.01	16	8780	买盘
13:45:42	5.42	-0.01	1	542	卖盘
13:45:23	5.43	0.01	7	3801	买盘
13:45:08	5.42	-0.01	5	2710	卖盘
13:45:02	5.43	0.01	6	3258	买盘
13:44:53	5.42	--	10	5420	卖盘
13:44:42	5.42	-0.01	6	3252	卖盘
13:44:02	5.43	0.01	6	3258	买盘
13:43:42	5.42	--	6	3371	卖盘
13:43:37	5.42	--	77	41734	卖盘
13:43:17	5.42	-0.01	5	3089	卖盘
13:43:07	5.43	--	150	81450	买盘
13:43:02	5.43	0.01	8	4344	买盘
13:42:47	5.42	--	6	3420	卖盘
13:42:22	5.42	-0.01	48	26216	卖盘
13:42:17	5.43	--	8	4344	买盘
13:42:12	5.43	0.01	10	5430	买盘
13:41:57	5.42	-0.01	9	4878	卖盘
13:41:47	5.43	0.01	500	271500	买盘
13:41:41	5.42	--	108	58709	卖盘
13:41:32	5.42	--	4	2168	卖盘
13:41:26	5.42	-0.01	1	542	卖盘
13:41:17	5.43	0.01	10	5430	买盘
13:40:56	5.42	-0.01	6	3252	卖盘
13:40:41	5.43	--	6	3258	卖盘
13:40:32	5.43	--	32	17376	卖盘
13:40:22	5.43	-0.01	1	543	卖盘
13:40:17	5.44	--	225	122400	买盘
13:40:11	5.44	0.01	258	140352	买盘
13:40:06	5.43	0.01	8	4344	中性盘
13:40:02	5.42	--	8	4336	卖盘
13:39:56	5.42	-0.02	66	35772	卖盘
13:39:47	5.44	--	16	8704	买盘
13:39:32	5.44	--	0	0	买盘
13:39:26	5.44	0.02	70	38080	买盘
13:39:21	5.42	-0.01	3399	1842258	卖盘
13:39:17	5.43	--	23	12489	卖盘
13:39:06	5.43	--	25	13575	卖盘
13:39:02	5.43	-0.01	2	1086	卖盘
13:38:47	5.44	0.01	3	1632	买盘
13:38:41	5.43	--	6	3258	卖盘
13:38:32	5.43	--	77	41811	卖盘
13:38:06	5.43	-0.01	1139	618477	卖盘
13:38:02	5.44	--	11	5984	买盘
13:37:47	5.44	-0.01	6	3264	买盘
13:37:26	5.45	0.01	250	136250	买盘
13:37:11	5.44	0.01	19	10336	买盘
13:36:11	5.43	-0.01	5	2715	卖盘
13:36:01	5.44	--	1	544	卖盘
13:35:51	5.44	--	10	5440	卖盘
13:35:36	5.44	--	8	4352	买盘
13:35:26	5.44	-0.01	52	28288	卖盘
13:35:21	5.45	--	10	5450	买盘
13:35:11	5.45	--	10	5450	买盘
13:35:05	5.45	0.01	2	1090	买盘
13:34:56	5.44	--	2	1088	卖盘
13:34:35	5.44	-0.01	10	5440	卖盘
13:34:20	5.45	--	0	0	买盘
13:34:11	5.45	0.02	250	136250	买盘
13:33:46	5.43	--	1	543	卖盘
13:33:31	5.43	-0.01	227	123261	卖盘
13:33:26	5.44	--	16	8704	卖盘
13:33:20	5.44	-0.01	6	3264	卖盘
13:33:05	5.45	--	6	3270	买盘
13:32:45	5.45	0.02	400	218000	买盘
13:32:35	5.43	--	2	1086	卖盘
13:32:25	5.43	--	3	1629	卖盘
13:32:20	5.43	--	6	3258	卖盘
13:32:11	5.43	-0.01	4	2172	卖盘
13:32:05	5.44	0.01	65	35360	买盘
13:32:00	5.43	--	2	1086	卖盘
13:31:26	5.43	--	1	543	卖盘
13:31:15	5.43	-0.01	2	1086	卖盘
13:31:05	5.44	--	6	3264	买盘
13:30:50	5.44	--	3	1632	买盘
13:30:41	5.44	--	22	11968	买盘
13:30:20	5.44	0.01	19	10336	买盘
13:30:15	5.43	--	300	162900	卖盘
13:30:05	5.43	--	63	34209	卖盘
13:29:55	5.43	-0.01	30	16290	卖盘
13:29:30	5.44	--	161	87584	买盘
13:29:05	5.44	0.01	6	3264	买盘
13:29:00	5.43	--	4	2172	卖盘
13:28:35	5.43	-0.01	1	543	卖盘
13:28:20	5.44	0.01	60	32640	买盘
13:28:14	5.43	-0.01	20	10860	卖盘
13:28:05	5.44	0.01	255	138720	买盘
13:27:50	5.43	-0.01	7	3801	卖盘
13:27:40	5.44	0.01	2	1088	买盘
13:27:35	5.43	--	15	8145	卖盘
13:27:29	5.43	-0.01	5	2715	卖盘
13:27:10	5.44	--	400	217600	买盘
13:26:35	5.44	--	19	10336	买盘
13:26:29	5.44	--	5	2720	买盘
13:26:20	5.44	--	20	10880	买盘
13:26:14	5.44	--	5	2720	买盘
13:26:09	5.44	--	21	11424	买盘
13:26:05	5.44	0.01	179	97376	买盘
13:25:54	5.43	-0.01	10	5430	卖盘
13:25:44	5.44	--	135	73440	买盘
13:25:04	5.44	0.01	6	3264	买盘
13:24:44	5.43	--	2	1086	卖盘
13:24:29	5.43	-0.01	1	543	卖盘
13:24:14	5.44	0.01	30	16320	买盘
13:24:09	5.43	--	27	14661	卖盘
13:24:04	5.43	--	96	52128	卖盘
13:23:49	5.43	-0.01	7	3801	卖盘
13:23:44	5.44	0.01	5	2720	买盘
13:23:39	5.43	-0.01	13	7059	卖盘
13:23:35	5.44	--	10	5440	买盘
13:23:29	5.44	--	50	27200	买盘
13:23:24	5.44	--	9	4896	买盘
13:23:14	5.44	--	8	4352	买盘
13:23:09	5.44	0.01	10	5440	买盘
13:22:59	5.43	--	4	2172	卖盘
13:22:54	5.43	--	6	3258	卖盘
13:22:44	5.43	--	4	2172	卖盘
13:22:39	5.43	--	32	17376	卖盘
13:22:09	5.43	--	6	3258	卖盘
13:21:49	5.43	--	2	1086	卖盘
13:21:39	5.43	--	254	137922	卖盘
13:21:23	5.43	--	14	7602	卖盘
13:21:19	5.43	-0.01	265	143895	卖盘
13:21:14	5.44	0.01	443	240992	买盘
13:20:34	5.43	--	70	38010	卖盘
13:20:29	5.43	-0.01	54	29322	卖盘
13:20:23	5.44	0.01	7	3808	买盘
13:20:14	5.43	--	20	10860	卖盘
13:20:04	5.43	--	10	5430	卖盘
13:19:53	5.43	--	9	4887	买盘
13:19:38	5.43	--	17	9231	卖盘
13:19:29	5.43	--	10	5430	卖盘
13:19:23	5.43	--	10	5430	卖盘
13:19:18	5.43	--	4	2172	卖盘
13:19:14	5.43	--	6	3258	卖盘
13:19:08	5.43	--	3	1629	卖盘
13:18:59	5.43	--	14	7602	卖盘
13:18:53	5.43	--	10	5430	卖盘
13:18:43	5.43	--	10	5430	卖盘
13:18:38	5.43	--	91	49413	买盘
13:18:23	5.43	--	3	1629	买盘
13:18:18	5.43	--	2	1086	卖盘
13:18:14	5.43	--	15	8145	卖盘
13:18:03	5.43	0.01	83	45069	买盘
13:17:58	5.42	-0.01	3	1626	卖盘
13:17:44	5.43	-0.01	39	21177	卖盘
13:17:38	5.44	0.01	500	272000	买盘
13:17:33	5.43	--	10	5430	卖盘
13:17:23	5.43	--	15	8145	卖盘
13:17:18	5.43	--	6	3258	买盘
13:17:14	5.43	--	4	2172	卖盘
13:17:08	5.43	--	10	5430	卖盘
13:17:03	5.43	-0.01	10	5430	卖盘
13:16:58	5.44	0.01	57	31008	买盘
13:16:53	5.43	--	27	14661	卖盘
13:16:38	5.43	--	33	17919	卖盘
13:16:33	5.43	--	5	2715	卖盘
13:16:18	5.43	-0.01	36	19548	卖盘
13:16:03	5.44	--	6	3264	买盘
13:15:23	5.44	0.01	9	4896	买盘
13:15:18	5.43	-0.01	6	3258	卖盘
13:15:03	5.44	0.01	1	544	买盘
13:14:43	5.43	--	48	26064	卖盘
13:14:32	5.43	--	10	5430	卖盘
13:14:13	5.43	--	480	260640	买盘
13:14:02	5.43	0.01	2	1086	买盘
13:13:53	5.42	--	55	29810	卖盘
13:13:38	5.42	--	4	2168	卖盘
13:13:13	5.42	-0.01	7	3794	卖盘
13:13:08	5.43	0.01	100	54300	买盘
13:13:02	5.42	-0.01	6	3252	卖盘
13:12:27	5.43	--	353	191679	卖盘
13:12:17	5.43	-0.01	21	11403	卖盘
13:12:02	5.44	--	5	2720	买盘
13:11:23	5.44	--	36	19584	买盘
13:11:08	5.44	0.01	6	3264	买盘
13:11:02	5.43	--	16	8688	卖盘
13:10:38	5.43	-0.01	308	167244	卖盘
13:10:32	5.44	--	9	4896	买盘
13:10:02	5.44	0.01	6	3264	买盘
13:09:32	5.43	--	100	54300	卖盘
13:09:17	5.43	-0.01	3	1629	卖盘
13:09:02	5.44	--	92	50048	买盘
13:08:17	5.44	--	3	1632	买盘
13:08:02	5.44	0.01	3	1632	买盘
13:07:41	5.43	-0.01	10	5430	卖盘
13:07:32	5.44	--	2	1088	买盘
13:07:17	5.44	--	5	2720	买盘
13:07:11	5.44	--	13	7072	买盘
13:06:52	5.44	--	7	3808	买盘
13:06:32	5.44	-0.01	85	46240	卖盘
13:06:22	5.45	--	9	4905	买盘
13:06:11	5.45	--	19	10355	买盘
13:06:07	5.45	--	3	1635	买盘
13:06:02	5.45	0.01	18	9810	买盘
13:05:47	5.44	--	20	10880	卖盘
13:05:32	5.44	-0.01	20	10880	卖盘
13:05:21	5.45	0.01	5	2725	买盘
13:05:16	5.44	-0.01	40	21760	卖盘
13:05:06	5.45	--	3	1635	买盘
13:05:01	5.45	0.01	31	16895	买盘
13:04:51	5.44	--	310	168640	买盘
13:04:47	5.44	--	15	8160	买盘
13:04:01	5.44	--	60	32640	买盘
13:02:56	5.44	-0.01	105	57120	卖盘
13:02:51	5.45	0.01	150	81750	买盘
13:02:36	5.44	--	300	163200	卖盘
13:02:26	5.44	-0.01	1	544	卖盘
13:02:06	5.45	0.01	5	2725	买盘
13:01:41	5.44	-0.01	30	16320	卖盘
13:01:36	5.45	--	150	81750	买盘
13:01:05	5.45	--	3	1635	买盘
13:00:35	5.45	--	3	1635	买盘
13:00:20	5.45	0.01	42	22890	买盘
13:00:16	5.44	-0.01	2	1088	卖盘
13:00:11	5.45	0.01	46	25070	买盘
13:00:05	5.44	--	316	171904	卖盘
11:30:00	5.44	--	0	0	卖盘
11:30:00	5.44	--	14	7616	卖盘
11:29:46	5.44	-0.01	2	1088	卖盘
11:29:42	5.45	0.01	25	13625	买盘
11:29:37	5.44	--	5	2720	卖盘
11:29:12	5.44	--	25	13600	卖盘
11:29:01	5.44	-0.01	7	3808	卖盘
11:28:42	5.45	--	400	218000	买盘
11:28:31	5.45	--	80	43600	买盘
11:28:27	5.45	0.02	80	43600	买盘
11:28:12	5.43	-0.01	207	112401	卖盘
11:27:46	5.44	0.01	20	10880	买盘
11:27:40	5.43	--	1	543	卖盘
11:27:31	5.43	--	10	5430	卖盘
11:27:16	5.43	--	90	48870	卖盘
11:26:55	5.43	--	152	82536	卖盘
11:26:37	5.43	--	68	36924	买盘
11:26:25	5.43	--	21	11403	买盘
11:26:16	5.43	0.01	13	7059	买盘
11:26:07	5.42	-0.01	300	162600	卖盘
11:26:01	5.43	--	40	21720	买盘
11:25:55	5.43	0.01	30	16290	买盘
11:25:40	5.42	--	18	9756	卖盘
11:25:25	5.42	-0.01	55	29810	卖盘
11:25:21	5.43	--	5	2715	买盘
11:25:16	5.43	--	50	27150	买盘
11:25:10	5.43	--	11	5973	买盘
11:25:01	5.43	0.01	9	4887	买盘
11:24:46	5.42	--	11	5962	卖盘
11:24:40	5.42	-0.01	20	10840	卖盘
11:24:16	5.43	--	30	16290	买盘
11:24:10	5.43	0.01	33	17919	买盘
11:24:06	5.42	-0.01	19	10298	卖盘
11:24:01	5.43	0.01	14	7602	买盘
11:23:51	5.42	-0.01	2	1084	卖盘
11:23:40	5.43	0.01	50	27150	买盘
11:23:31	5.42	--	41	22222	卖盘
11:23:25	5.42	--	26	14092	卖盘
11:23:21	5.42	--	10	5420	卖盘
11:23:16	5.42	--	484	262328	卖盘
11:22:36	5.42	-0.01	16	8672	卖盘
11:22:21	5.43	0.01	25	13575	买盘
11:22:16	5.42	--	82	44444	卖盘
11:22:10	5.42	--	2	1084	卖盘
11:21:46	5.42	--	4	2168	卖盘
11:21:40	5.42	--	137	74254	卖盘
11:21:36	5.42	--	776	420711	卖盘
11:21:31	5.42	--	63	34146	卖盘
11:21:25	5.42	--	292	158264	卖盘
11:21:19	5.42	--	81	43902	卖盘
11:21:10	5.42	-0.01	6	3252	卖盘
11:21:04	5.43	0.01	20	10860	买盘
11:21:01	5.42	--	32	17344	卖盘
11:20:55	5.42	--	20	10840	卖盘
11:20:49	5.42	-0.01	1	542	卖盘
11:20:40	5.43	0.01	450	244350	买盘
11:20:34	5.42	-0.01	296	160432	卖盘
11:20:19	5.43	--	8	4344	买盘
11:20:04	5.43	--	3174	1723482	卖盘
11:20:00	5.43	--	25	13575	卖盘
11:19:49	5.43	--	71	38553	卖盘
11:19:40	5.43	--	35	19005	卖盘
11:19:25	5.43	--	2400	1303200	卖盘
11:19:10	5.43	-0.01	20	10860	卖盘
11:18:15	5.44	--	250	136000	买盘
11:18:10	5.44	0.01	150	81600	买盘
11:18:04	5.43	--	24	13032	卖盘
11:17:55	5.43	--	10	5430	卖盘
11:17:40	5.43	--	7	3801	卖盘
11:17:34	5.43	--	20	10860	卖盘
11:17:19	5.43	--	205	111315	卖盘
11:17:04	5.43	-0.01	60	32580	卖盘
11:16:25	5.44	--	239	130016	卖盘
11:16:19	5.44	--	264	143616	买盘
11:15:55	5.44	0.01	30	16320	买盘
11:15:40	5.43	--	0	0	卖盘
11:15:34	5.43	--	354	192222	卖盘
11:15:19	5.43	-0.01	45	24435	卖盘
11:15:10	5.44	--	38	20672	买盘
11:15:00	5.44	--	40	21760	买盘
11:14:49	5.44	0.01	500	272000	买盘
11:13:28	5.43	--	50	27150	卖盘
11:13:13	5.43	--	20	10860	卖盘
11:13:09	5.43	--	1	543	卖盘
11:12:54	5.43	-0.01	200	108600	卖盘
11:12:43	5.44	--	1	544	买盘
11:12:34	5.44	--	400	217600	买盘
11:12:19	5.44	0.01	12	6528	买盘
11:12:04	5.43	-0.01	63	34209	卖盘
11:11:58	5.44	--	4	2176	卖盘
11:11:49	5.44	0.01	1	544	买盘
11:11:34	5.43	--	4	2172	卖盘
11:11:24	5.43	--	0	0	卖盘
11:11:19	5.43	--	145	78735	卖盘
11:11:13	5.43	--	1	543	卖盘
11:11:09	5.43	-0.02	50	27150	卖盘
11:11:04	5.45	0.02	852	464340	买盘
11:10:43	5.43	-0.01	34	18462	卖盘
11:10:39	5.44	0.01	20	10880	买盘
11:10:34	5.43	-0.01	200	108600	卖盘
11:10:28	5.44	--	9	4896	买盘
11:10:13	5.44	--	5027	2734688	卖盘
11:10:04	5.44	--	20	10880	卖盘
11:09:58	5.44	--	8	4352	卖盘
11:09:49	5.44	--	8	4352	卖盘
11:09:43	5.44	--	8	4352	卖盘
11:09:34	5.44	--	8	4352	卖盘
11:09:24	5.44	--	1240	674560	卖盘
11:09:19	5.44	--	4	2176	卖盘
11:09:04	5.44	-0.01	15	8160	卖盘
11:08:39	5.45	0.01	1	545	买盘
11:08:13	5.44	-0.01	35	19040	卖盘
11:08:07	5.45	--	9	4905	买盘
11:07:58	5.45	--	16	8720	买盘
11:07:52	5.45	--	206	112270	买盘
11:07:33	5.45	--	193	105185	买盘
11:07:07	5.45	--	200	109000	买盘
11:06:43	5.45	0.01	4	2180	买盘
11:06:37	5.44	--	38	20672	卖盘
11:06:33	5.44	--	340	184960	卖盘
11:06:07	5.44	--	91	49504	卖盘
11:06:03	5.44	--	208	113152	卖盘
11:05:52	5.44	-0.01	69	37536	卖盘
11:05:43	5.45	0.01	59	32155	买盘
11:05:07	5.44	-0.01	1021	555424	卖盘
11:05:03	5.45	--	15	8175	卖盘
11:04:37	5.45	--	3	1635	卖盘
11:03:43	5.45	--	6	3270	卖盘
11:03:07	5.45	-0.01	10	5450	卖盘
11:03:03	5.46	0.01	150	81900	买盘
11:02:37	5.45	-0.01	32	17440	卖盘
11:02:18	5.46	--	8	4368	买盘
11:01:58	5.46	0.01	8	4368	买盘
11:01:43	5.45	-0.01	10	5450	卖盘
11:01:37	5.46	--	1619	883974	买盘
11:01:28	5.46	0.01	3	1638	买盘
11:01:22	5.45	-0.01	10	5450	卖盘
11:01:07	5.46	0.01	100	54600	买盘
11:00:58	5.45	--	19	10355	卖盘
11:00:37	5.45	-0.01	190	103550	卖盘
10:59:27	5.46	0.01	10	5460	买盘
10:59:22	5.45	-0.01	5	2725	卖盘
10:58:57	5.46	--	5	2730	买盘
10:58:22	5.46	--	103	56238	买盘
10:58:07	5.46	--	3	1638	买盘
10:57:52	5.46	0.01	30	16380	买盘
10:57:46	5.45	-0.01	5	2725	卖盘
10:57:42	5.46	0.01	66	36036	买盘
10:57:37	5.45	--	6	3270	卖盘
10:57:22	5.45	-0.01	58	31610	卖盘
10:57:16	5.46	--	750	409500	买盘
10:57:07	5.46	--	11	6006	买盘
10:57:01	5.46	--	64	34944	买盘
10:56:46	5.46	0.01	10	5460	买盘
10:56:37	5.45	-0.01	2	1090	卖盘
10:56:07	5.46	0.01	210	114660	买盘
10:55:57	5.45	--	121	65945	卖盘
10:55:52	5.45	-0.01	15	8175	卖盘
10:55:46	5.46	0.01	8	4368	买盘
10:54:25	5.45	-0.01	5	2725	卖盘
10:54:16	5.46	--	70	38220	买盘
10:54:10	5.46	--	5	2730	买盘
10:53:55	5.46	0.01	60	32760	买盘
10:53:40	5.45	--	6	3270	卖盘
10:52:55	5.45	--	10	5450	卖盘
10:52:40	5.45	--	40	21800	卖盘
10:52:36	5.45	-0.01	10	5450	卖盘
10:52:31	5.46	0.01	74	40404	买盘
10:52:25	5.45	--	1	545	卖盘
10:52:21	5.45	-0.01	5	2725	卖盘
10:52:16	5.46	--	500	273000	买盘
10:52:06	5.46	0.01	98	53508	买盘
10:52:01	5.45	--	15	8175	卖盘
10:51:46	5.45	--	4	2180	卖盘
10:51:25	5.45	-0.01	2	1090	卖盘
10:51:16	5.46	0.01	58	31668	买盘
10:50:51	5.45	-0.01	5	2725	卖盘
10:50:46	5.46	0.01	5	2730	买盘
10:50:31	5.45	--	3	1635	卖盘
10:50:21	5.45	--	1	545	卖盘
10:50:16	5.45	-0.01	4	2180	卖盘
10:49:51	5.46	0.01	2	1092	买盘
10:49:31	5.45	--	10	5450	卖盘
10:49:16	5.45	--	4	2180	卖盘
10:49:06	5.45	-0.01	2	1090	卖盘
10:48:55	5.46	0.01	1	546	买盘
10:48:51	5.45	--	30	16350	卖盘
10:48:31	5.45	-0.01	526	286670	卖盘
10:48:25	5.46	--	2	1092	买盘
10:48:16	5.46	0.01	180	98280	买盘
10:48:01	5.45	-0.01	400	218000	卖盘
10:47:34	5.46	--	84	45864	买盘
10:47:15	5.46	0.01	75	40950	买盘
10:47:04	5.45	--	1	545	卖盘
10:47:00	5.45	-0.01	5	2725	卖盘
10:46:55	5.46	0.01	510	278460	买盘
10:46:25	5.45	--	113	61585	卖盘
10:46:19	5.45	-0.01	104	56680	卖盘
10:46:10	5.46	0.01	7	3822	买盘
10:45:40	5.45	--	20	10900	卖盘
10:45:25	5.45	--	17	9265	买盘
10:45:04	5.45	0.01	5	2725	买盘
10:44:55	5.44	-0.01	10	5440	卖盘
10:44:49	5.45	--	30	16350	买盘
10:44:45	5.45	-0.01	18	9810	买盘
10:44:25	5.46	0.01	500	273000	买盘
10:44:19	5.45	--	12	6916	卖盘
10:44:10	5.45	--	51	27795	卖盘
10:44:04	5.45	--	2	1090	卖盘
10:43:55	5.45	--	4	2348	买盘
10:43:49	5.45	--	1993	1086561	卖盘
10:43:19	5.45	--	20	10900	卖盘
10:43:10	5.45	--	9	4905	卖盘
10:42:40	5.45	--	100	54500	卖盘
10:42:19	5.45	-0.01	11	5995	卖盘
10:42:10	5.46	0.01	150	81900	买盘
10:41:58	5.45	--	40	21800	卖盘
10:41:49	5.45	--	17	9265	卖盘
10:41:13	5.45	-0.01	9	4905	卖盘
10:41:10	5.46	0.01	5	2730	买盘
10:40:24	5.45	--	3	1635	卖盘
10:40:19	5.45	--	22	11990	卖盘
10:39:58	5.45	--	20	10900	卖盘
10:39:34	5.45	--	20	10900	卖盘
10:39:28	5.45	--	8	4360	卖盘
10:39:13	5.45	--	4	2180	卖盘
10:38:49	5.45	-0.01	2	1090	卖盘
10:38:43	5.46	0.01	150	81900	买盘
10:38:39	5.45	--	5	2725	卖盘
10:38:19	5.45	-0.01	146	79570	卖盘
10:38:04	5.46	--	2	1092	买盘
10:37:58	5.46	0.01	1	546	买盘
10:37:54	5.45	--	0	0	卖盘
10:37:49	5.45	--	5	2725	卖盘
10:37:43	5.45	--	5	2725	卖盘
10:37:28	5.45	-0.02	23	12535	卖盘
10:37:19	5.47	--	40	21880	买盘
10:36:49	5.47	--	0	0	买盘
10:36:43	5.47	0.01	1500	820500	买盘
10:36:39	5.46	-0.01	178	97188	卖盘
10:36:34	5.47	0.01	8	4376	买盘
10:36:28	5.46	--	15	8190	卖盘
10:36:24	5.46	--	405	221130	卖盘
10:36:19	5.46	--	1	546	卖盘
10:36:13	5.46	--	3	1638	卖盘
10:36:09	5.46	-0.01	130	70980	卖盘
10:35:49	5.47	--	406	222082	买盘
10:35:22	5.47	0.01	163	89161	买盘
10:35:07	5.46	--	65	35490	卖盘
10:34:58	5.46	-0.01	2	1092	卖盘
10:34:52	5.47	--	300	164100	买盘
10:34:43	5.47	--	47	25709	买盘
10:34:37	5.47	--	2	1094	买盘
10:34:22	5.47	--	2	1094	买盘
10:34:18	5.47	0.01	151	82597	买盘
10:34:13	5.46	-0.01	100	54600	卖盘
10:33:52	5.47	0.01	511	279517	买盘
10:33:33	5.46	--	10	5460	卖盘
10:33:28	5.46	--	10	5460	卖盘
10:33:07	5.46	--	100	54600	卖盘
10:32:52	5.46	-0.01	6	3276	卖盘
10:32:37	5.47	0.01	5	2735	买盘
10:32:33	5.46	--	12	6552	卖盘
10:32:28	5.46	--	1	546	卖盘
10:32:13	5.46	--	200	109200	卖盘
10:31:58	5.46	--	50	27300	卖盘
10:31:52	5.46	--	67	36582	卖盘
10:31:48	5.46	--	11	6006	卖盘
10:31:43	5.46	-0.01	16	8736	卖盘
10:31:37	5.47	0.01	113	61811	买盘
10:31:33	5.46	--	6	3276	卖盘
10:31:28	5.46	--	501	273546	卖盘
10:31:22	5.46	--	156	85176	卖盘
10:31:13	5.46	-0.01	32	17472	卖盘
10:31:07	5.47	0.01	470	257090	买盘
10:31:03	5.46	--	100	54600	卖盘
10:30:52	5.46	--	10	5460	卖盘
10:30:43	5.46	--	82	44772	卖盘
10:30:37	5.46	--	100	54600	卖盘
10:30:33	5.46	--	15	8190	卖盘
10:30:28	5.46	--	190	103740	买盘
10:30:22	5.46	0.01	38	20748	卖盘
10:30:03	5.45	-0.01	1697	924865	卖盘
10:29:48	5.46	--	10	5460	卖盘
10:29:37	5.46	--	20	10920	卖盘
10:29:33	5.46	--	33	18018	卖盘
10:29:28	5.46	--	10	5460	卖盘
10:29:01	5.46	--	20	10920	卖盘
10:28:58	5.46	--	200	109200	卖盘
10:28:52	5.46	--	40	21840	卖盘
10:28:37	5.46	--	50	27300	卖盘
10:28:22	5.46	0.01	688	375648	买盘
10:28:16	5.45	--	31	16895	卖盘
10:28:12	5.45	-0.01	767	418015	卖盘
10:27:31	5.46	--	150	81900	买盘
10:27:16	5.46	--	21	11466	买盘
10:26:57	5.46	--	34	18564	买盘
10:26:42	5.46	0.01	23	12558	买盘
10:26:37	5.45	--	9	4905	卖盘
10:26:31	5.45	-0.01	150	81750	卖盘
10:26:12	5.46	0.01	59	32214	买盘
10:26:07	5.45	-0.01	8	4360	卖盘
10:25:57	5.46	--	32	17472	买盘
10:25:22	5.46	0.01	19	10374	买盘
10:25:16	5.45	--	10	5450	卖盘
10:25:07	5.45	--	20	10900	卖盘
10:24:52	5.45	--	8	4360	卖盘
10:24:46	5.45	--	44	23980	卖盘
10:24:31	5.45	-0.01	264	143880	卖盘
10:24:27	5.46	--	444	242424	买盘
10:24:16	5.46	--	151	82446	买盘
10:24:01	5.46	0.01	154	84084	买盘
10:23:52	5.45	-0.01	30	16350	卖盘
10:23:46	5.46	0.01	1	546	买盘
10:23:37	5.45	-0.01	1000	545000	卖盘
10:23:27	5.46	--	6	3276	买盘
10:23:12	5.46	--	25	13650	买盘
10:22:56	5.46	0.01	10	5460	买盘
10:22:40	5.45	0.01	33	18153	买盘
10:22:37	5.44	-0.01	57	31008	卖盘
10:22:25	5.45	--	7	3815	买盘
10:22:06	5.45	--	1	545	买盘
10:21:46	5.45	--	12	6540	买盘
10:21:31	5.45	--	20	10900	买盘
10:21:10	5.45	0.01	52	28340	买盘
10:20:46	5.44	-0.01	6	3264	卖盘
10:20:25	5.45	-0.01	56	30896	卖盘
10:20:21	5.46	0.01	5	2730	买盘
10:19:55	5.45	-0.01	200	109000	卖盘
10:19:40	5.46	0.01	151	82446	买盘
10:19:36	5.45	--	77	41965	卖盘
10:19:16	5.45	-0.01	2	1090	卖盘
10:19:10	5.46	0.01	150	81900	买盘
10:19:01	5.45	-0.01	20	10900	卖盘
10:18:46	5.46	0.01	10	5460	买盘
10:18:25	5.45	--	5	2725	卖盘
10:18:16	5.45	--	32	17440	卖盘
10:18:10	5.45	--	1	545	卖盘
10:17:51	5.45	--	3	1635	卖盘
10:17:10	5.45	-0.01	101	55045	卖盘
10:16:51	5.46	0.01	151	82446	买盘
10:16:46	5.45	-0.01	8	4360	卖盘
10:16:40	5.46	0.01	4	2184	买盘
10:16:16	5.45	--	4	2180	卖盘
10:16:04	5.45	--	5	2725	卖盘
10:15:55	5.45	-0.01	2	1090	卖盘
10:15:45	5.46	0.01	8	4368	买盘
10:15:10	5.45	--	50	27250	卖盘
10:15:04	5.45	--	145	79193	买盘
10:14:49	5.45	--	250	136250	买盘
10:14:45	5.45	--	151	82295	买盘
10:14:34	5.45	--	100	54500	买盘
10:14:19	5.45	--	23	12535	买盘
10:14:04	5.45	0.01	10	5450	买盘
10:13:49	5.44	-0.01	5	2720	卖盘
10:13:40	5.45	--	114	62130	买盘
10:12:55	5.45	--	20	10900	买盘
10:12:45	5.45	--	1200	654000	买盘
10:12:40	5.45	--	45	24525	买盘
10:12:30	5.45	--	150	81750	买盘
10:12:25	5.45	--	10	5450	买盘
10:12:19	5.45	--	67	36515	买盘
10:12:10	5.45	0.01	1021	556445	买盘
10:12:00	5.44	-0.01	1	544	卖盘
10:11:49	5.45	0.01	160	87200	买盘
10:11:40	5.44	-0.01	50	27200	卖盘
10:11:25	5.45	--	20	10900	买盘
10:11:10	5.45	0.01	90	49050	买盘
10:11:04	5.44	-0.01	36	19584	卖盘
10:10:49	5.45	--	25	13625	买盘
10:10:40	5.45	0.01	10	5450	买盘
10:10:24	5.44	-0.01	10	5440	卖盘
10:10:19	5.45	0.01	27	14715	买盘
10:10:15	5.44	-0.01	465	252960	卖盘
10:10:04	5.45	--	518	282310	买盘
10:09:58	5.45	--	151	82295	买盘
10:09:54	5.45	0.01	40	21800	买盘
10:09:49	5.44	--	1	544	卖盘
10:09:43	5.44	-0.01	14	7616	卖盘
10:09:28	5.45	--	150	81750	买盘
10:09:19	5.45	--	9	4905	买盘
10:09:04	5.45	0.01	37	20165	买盘
10:08:54	5.44	--	25	13600	卖盘
10:08:49	5.44	--	3	1632	卖盘
10:08:28	5.44	-0.01	30	16320	卖盘
10:08:24	5.45	0.01	200	109000	买盘
10:08:19	5.44	--	70	38080	卖盘
10:08:13	5.44	-0.01	2	1088	卖盘
10:08:04	5.45	0.01	1	545	买盘
10:07:58	5.44	--	16	8704	卖盘
10:07:34	5.44	-0.01	12	6528	卖盘
10:07:13	5.45	--	100	54500	买盘
10:07:09	5.45	--	100	54500	买盘
10:07:04	5.45	--	50	27250	买盘
10:06:58	5.45	--	33	17985	买盘
10:06:54	5.45	0.01	10	5450	买盘
10:06:49	5.44	-0.01	14	7616	卖盘
10:06:34	5.45	--	183	99735	买盘
10:06:28	5.45	0.01	1	545	买盘
10:06:19	5.44	--	100	54400	卖盘
10:06:13	5.44	-0.01	15	8160	卖盘
10:06:04	5.45	0.01	152	82840	买盘
10:05:58	5.44	-0.01	16	8704	卖盘
10:05:43	5.45	0.01	9	4905	买盘
10:05:34	5.44	--	35	19040	卖盘
10:05:28	5.44	-0.02	107	58208	卖盘
10:05:04	5.46	0.02	1	546	买盘
10:04:58	5.44	-0.01	100	54400	卖盘
10:04:49	5.45	--	43	23435	卖盘
10:04:34	5.45	--	6	3270	卖盘
10:04:28	5.45	-0.01	14	7630	卖盘
10:04:19	5.46	--	150	81900	买盘
10:04:03	5.46	0.01	124	67704	买盘
10:03:58	5.45	--	1	545	卖盘
10:03:53	5.45	-0.01	10	5450	卖盘
10:03:48	5.46	0.01	10	5460	买盘
10:03:37	5.45	-0.01	677	368965	卖盘
10:03:18	5.46	--	3	1638	买盘
10:03:13	5.46	--	151	82446	买盘
10:03:07	5.46	0.01	57	31122	买盘
10:02:58	5.45	--	21	11445	卖盘
10:02:52	5.45	--	5	2725	卖盘
10:02:48	5.45	--	100	54500	卖盘
10:02:22	5.45	--	401	218545	卖盘
10:02:18	5.45	-0.01	100	54500	卖盘
10:02:03	5.46	--	100	54600	买盘
10:01:58	5.46	--	301	164346	卖盘
10:01:52	5.46	--	540	294840	卖盘
10:01:48	5.46	--	105	57330	卖盘
10:01:43	5.46	--	14	7644	卖盘
10:01:37	5.46	-0.01	1	546	卖盘
10:01:33	5.47	0.01	200	109400	买盘
10:01:18	5.46	--	198	108108	卖盘
10:01:13	5.46	--	50	27300	卖盘
10:01:07	5.46	--	27	14742	卖盘
10:00:48	5.46	--	491	268086	买盘
10:00:43	5.46	0.01	154	84084	买盘
10:00:37	5.45	--	40	21800	卖盘
10:00:28	5.45	--	6	3270	卖盘
09:59:58	5.45	-0.01	6	3270	卖盘
09:59:52	5.46	--	24	13104	买盘
09:59:43	5.46	0.01	28	15288	买盘
09:59:37	5.45	-0.01	73	39785	卖盘
09:59:18	5.46	--	2	1092	买盘
09:59:07	5.46	--	5	2730	买盘
09:59:03	5.46	0.01	30	16380	买盘
09:58:57	5.45	-0.02	284	154780	卖盘
09:58:43	5.47	--	38	20786	买盘
09:58:37	5.47	--	150	82050	买盘
09:58:33	5.47	0.01	50	27350	买盘
09:58:28	5.46	--	43	23478	卖盘
09:58:13	5.46	--	101	55146	卖盘
09:58:07	5.46	--	20	10920	卖盘
09:57:58	5.46	--	10	5460	卖盘
09:57:52	5.46	--	205	111930	卖盘
09:57:42	5.46	--	428	233688	卖盘
09:57:27	5.46	-0.01	50	27300	卖盘
09:56:42	5.47	0.01	228	124716	买盘
09:56:37	5.46	-0.01	24	13104	卖盘
09:56:31	5.47	--	31	16957	买盘
09:56:22	5.47	0.01	1	547	买盘
09:56:07	5.46	-0.01	62	33852	卖盘
09:56:01	5.47	--	500	273500	买盘
09:55:57	5.47	0.01	4	2188	买盘
09:55:52	5.46	--	107	58422	卖盘
09:55:46	5.46	-0.01	5	2730	卖盘
09:55:42	5.47	--	28	15316	买盘
09:55:37	5.47	--	150	82050	买盘
09:55:31	5.47	0.01	6	3282	买盘
09:55:27	5.46	-0.01	6	3276	卖盘
09:55:22	5.47	0.01	7	3829	买盘
09:55:12	5.46	--	50	27300	卖盘
09:55:01	5.46	-0.01	20	10920	卖盘
09:54:42	5.47	0.01	33	18051	买盘
09:54:37	5.46	--	131	71526	卖盘
09:54:27	5.46	-0.01	14	7644	卖盘
09:54:22	5.47	--	106	57982	买盘
09:54:16	5.47	0.01	155	84785	买盘
09:54:07	5.46	--	0	0	中性盘
09:54:01	5.46	-0.01	10	5460	买盘
09:53:52	5.47	0.01	520	284440	买盘
09:53:42	5.46	--	228	124488	买盘
09:53:37	5.46	--	310	169260	买盘
09:53:16	5.46	--	10	5460	买盘
09:53:12	5.46	0.01	105	57330	买盘
09:53:01	5.45	-0.01	29	15805	卖盘
09:52:52	5.46	--	210	114660	买盘
09:52:46	5.46	--	10	5460	买盘
09:52:42	5.46	--	28	15288	买盘
09:52:37	5.46	--	152	82992	买盘
09:52:22	5.46	--	5	2730	买盘
09:52:16	5.46	--	13	7098	买盘
09:52:12	5.46	--	73	39858	买盘
09:52:07	5.46	--	1	546	买盘
09:52:01	5.46	--	352	192192	卖盘
09:51:52	5.46	--	108	58968	卖盘
09:51:46	5.46	--	1	546	买盘
09:51:42	5.46	--	28	15288	买盘
09:51:37	5.46	--	21	11466	卖盘
09:51:21	5.46	--	137	74802	卖盘
09:51:16	5.46	--	2	1092	卖盘
09:51:07	5.46	-0.01	15	8190	卖盘
09:51:01	5.47	--	470	257090	买盘
09:50:55	5.47	0.01	54	29538	买盘
09:50:46	5.46	-0.01	215	117390	卖盘
09:50:40	5.47	0.01	28	15316	买盘
09:50:31	5.46	--	4	2184	卖盘
09:50:25	5.46	-0.01	42	22932	卖盘
09:50:21	5.47	--	60	32820	卖盘
09:50:16	5.47	-0.01	26	14222	卖盘
09:50:10	5.48	0.02	1200	657600	买盘
09:50:06	5.46	--	65	35490	卖盘
09:50:01	5.46	-0.01	902	492492	卖盘
09:49:55	5.47	0.01	2020	1104940	买盘
09:49:46	5.46	-0.01	105	57330	卖盘
09:49:40	5.47	--	28	15316	买盘
09:49:31	5.47	--	158	86426	买盘
09:49:25	5.47	0.01	2	1094	买盘
09:49:21	5.46	-0.01	9	4914	卖盘
09:49:16	5.47	0.01	40	21880	买盘
09:49:10	5.46	-0.01	1000	546000	卖盘
09:49:06	5.47	--	52	28444	卖盘
09:49:01	5.47	--	131	71657	买盘
09:48:55	5.47	--	98	53606	买盘
09:48:46	5.47	--	644	352268	买盘
09:48:40	5.47	--	73	39931	买盘
09:48:31	5.47	--	136	74392	买盘
09:48:25	5.47	--	95	51965	买盘
09:48:21	5.47	0.01	21	11487	买盘
09:48:16	5.46	-0.01	10	5460	卖盘
09:48:10	5.47	0.01	279	152613	买盘
09:47:55	5.46	-0.01	82	44772	卖盘
09:47:46	5.47	0.01	52	28444	买盘
09:47:40	5.46	--	642	350532	卖盘
09:47:31	5.46	-0.01	19	10374	卖盘
09:47:25	5.47	-0.01	115	62905	卖盘
09:47:16	5.48	0.01	14	7672	买盘
09:47:10	5.47	0.01	5	2735	中性盘
09:47:00	5.46	-0.02	896	489216	卖盘
09:46:46	5.48	--	6	3288	买盘
09:46:40	5.48	0.01	1067	584716	买盘
09:46:30	5.47	--	743	406421	买盘
09:46:25	5.47	--	330	180510	买盘
09:46:21	5.47	0.01	2	1094	买盘
09:46:16	5.46	-0.01	50	27300	卖盘
09:46:10	5.47	--	625	341875	买盘
09:46:01	5.47	--	20	10940	买盘
09:45:46	5.47	--	38	20786	买盘
09:45:40	5.47	--	47	25709	买盘
09:45:30	5.47	0.01	1500	820500	买盘
09:45:20	5.46	-0.01	20	10920	卖盘
09:45:16	5.47	0.01	89	48683	买盘
09:45:10	5.46	--	52	28392	卖盘
09:45:06	5.46	--	48	26208	卖盘
09:45:00	5.46	--	20	10920	卖盘
09:44:55	5.46	--	18	9828	卖盘
09:44:49	5.46	0.01	1838	1003548	买盘
09:44:45	5.45	-0.01	21	11445	卖盘
09:44:40	5.46	0.01	38	20748	买盘
09:44:15	5.45	-0.01	23	12535	卖盘
09:44:04	5.46	0.01	2	1092	买盘
09:43:55	5.45	--	17	9265	卖盘
09:43:49	5.45	-0.01	10	5450	卖盘
09:43:45	5.46	--	50	27300	买盘
09:43:40	5.46	--	68	37128	买盘
09:43:30	5.46	0.01	2	1092	买盘
09:43:25	5.45	-0.01	1096	597320	卖盘
09:43:19	5.46	0.01	41	22386	买盘
09:42:55	5.45	-0.01	19	10355	卖盘
09:42:45	5.46	--	1000	546000	买盘
09:42:40	5.46	--	28	15288	买盘
09:42:30	5.46	0.01	743	405678	买盘
09:42:25	5.45	--	125	68125	卖盘
09:42:19	5.45	--	50	27250	卖盘
09:42:15	5.45	--	188	102460	卖盘
09:42:04	5.45	--	597	325365	卖盘
09:42:00	5.45	--	250	136250	卖盘
09:41:49	5.45	-0.01	500	272500	卖盘
09:41:40	5.46	--	347	189462	买盘
09:41:34	5.46	0.01	42	22932	买盘
09:41:25	5.45	--	21	11445	卖盘
09:41:19	5.45	--	40	21800	卖盘
09:41:15	5.45	--	23	12535	卖盘
09:40:55	5.45	-0.01	48	26160	卖盘
09:40:39	5.46	--	28	15288	买盘
09:40:34	5.46	0.01	11	6006	买盘
09:40:25	5.45	--	100	54500	卖盘
09:40:19	5.45	--	124	67580	卖盘
09:40:00	5.45	-0.01	6	3270	卖盘
09:39:54	5.46	0.01	37	20202	买盘
09:39:45	5.45	-0.01	60	32700	卖盘
09:39:40	5.46	0.01	58	31668	买盘
09:39:34	5.45	--	266	144970	卖盘
09:39:29	5.45	--	15	8175	卖盘
09:39:10	5.45	--	1089	593505	卖盘
09:39:04	5.45	--	246	134070	卖盘
09:38:49	5.45	-0.01	115	62675	卖盘
09:38:39	5.46	0.01	28	15288	买盘
09:38:24	5.45	--	19	10355	卖盘
09:38:19	5.45	--	9	4905	卖盘
09:38:13	5.45	--	20	10900	卖盘
09:38:04	5.45	--	259	141155	卖盘
09:37:49	5.45	-0.01	60	32700	卖盘
09:37:43	5.46	0.01	57	31122	买盘
09:37:28	5.45	--	20	10900	卖盘
09:37:24	5.45	--	636	346620	买盘
09:37:09	5.45	--	5	2725	买盘
09:37:04	5.45	0.01	36	19620	买盘
09:36:58	5.44	--	1500	816000	卖盘
09:36:43	5.44	-0.01	47	25568	卖盘
09:36:34	5.45	--	33	17985	买盘
09:36:28	5.45	0.01	100	54500	买盘
09:36:24	5.44	--	30	16320	卖盘
09:35:58	5.44	-0.01	56	30464	卖盘
09:35:54	5.45	0.01	1	545	买盘
09:35:43	5.44	--	196	106624	卖盘
09:35:28	5.44	--	546	297024	卖盘
09:35:13	5.44	-0.01	60	32640	卖盘
09:35:04	5.45	--	5	2725	买盘
09:34:54	5.45	--	140	76300	卖盘
09:34:43	5.45	-0.01	572	311740	卖盘
09:34:34	5.46	--	50	27300	买盘
09:34:18	5.46	0.01	264	144144	买盘
09:34:13	5.45	0.01	104	56680	买盘
09:34:09	5.44	-0.01	351	190944	卖盘
09:33:58	5.45	0.01	328	178760	买盘
09:33:43	5.44	-0.01	58	31552	卖盘
09:33:33	5.45	--	100	54500	买盘
09:33:28	5.45	--	193	105185	买盘
09:33:18	5.45	--	10	5450	买盘
09:33:13	5.45	-0.01	51	27795	卖盘
09:32:43	5.46	--	28	15288	买盘
09:32:33	5.46	--	12	6552	买盘
09:32:28	5.46	0.01	20	10920	买盘
09:32:18	5.45	--	50	27250	卖盘
09:32:13	5.45	-0.01	14	7630	卖盘
09:32:07	5.46	0.01	46	25116	买盘
09:31:52	5.45	-0.01	8	4360	卖盘
09:31:37	5.46	0.01	42	22932	买盘
09:31:18	5.45	--	50	27250	卖盘
09:31:13	5.45	-0.01	243	132435	卖盘
09:31:03	5.46	--	1	546	买盘
09:30:58	5.46	--	6	3276	买盘
09:30:28	5.46	--	50	27300	买盘
09:30:22	5.46	0.01	10	5460	买盘
09:30:13	5.45	-0.01	14	7630	卖盘
09:30:07	5.46	--	2059	1124214	买盘
09:28:47	5.46	--	0	0	买盘
09:25:05	5.46	5.46	1307	713622	买盘
