成交时间	成交价	价格变动	成交量(手)	成交额(元)	性质
15:00:00	36.79	-0.01	0	0	卖盘
15:00:00	36.8	--	5	18400	买盘
14:59:59	36.8	--	25	92000	买盘
14:59:53	36.8	--	63	231839	买盘
14:59:49	36.8	--	2	7359	买盘
14:59:44	36.8	--	27	99359	买盘
14:59:38	36.8	--	13	47839	买盘
14:59:29	36.8	0.02	94	345920	买盘
14:59:23	36.78	0.03	21	77238	中性盘
14:59:19	36.75	-0.05	102	374850	卖盘
14:59:14	36.8	0.01	43	158240	买盘
14:59:08	36.79	--	40	147160	卖盘
14:59:04	36.79	--	16	58864	买盘
14:58:59	36.79	--	13	47827	买盘
14:58:49	36.79	--	7	25753	买盘
14:58:44	36.79	--	23	84617	卖盘
14:58:38	36.79	-0.04	22	80938	卖盘
14:58:34	36.83	-0.01	6	22098	买盘
14:58:29	36.84	0.04	306	1127304	买盘
14:58:23	36.8	-0.02	26	95679	卖盘
14:58:19	36.82	--	32	117824	卖盘
14:58:14	36.82	0.03	103	379246	买盘
14:58:08	36.79	--	17	62543	买盘
14:58:04	36.79	-0.01	18	66222	卖盘
14:57:59	36.8	0.03	57	209759	买盘
14:57:53	36.77	-0.02	48	176496	卖盘
14:57:49	36.79	0.02	27	99333	买盘
14:57:44	36.77	--	7	25739	卖盘
14:57:38	36.77	-0.02	47	172819	卖盘
14:57:34	36.79	-0.01	20	73580	买盘
14:57:29	36.8	0.05	5	18400	买盘
14:57:23	36.75	-0.05	24	88200	卖盘
14:57:19	36.8	0.08	86	316480	买盘
14:57:08	36.72	-0.05	25	91800	卖盘
14:57:04	36.77	--	0	0	买盘
14:56:59	36.77	0.05	22	80894	买盘
14:56:53	36.72	-0.1	62	227664	卖盘
14:56:49	36.82	0.05	8	29456	中性盘
14:56:44	36.77	--	15	55155	中性盘
14:56:38	36.77	-0.07	8	29416	中性盘
14:56:34	36.84	--	22	81048	买盘
14:56:29	36.84	0.01	92	338928	买盘
14:56:23	36.83	-0.01	43	158369	中性盘
14:56:19	36.84	--	57	209988	买盘
14:56:08	36.84	--	22	81048	买盘
14:56:04	36.84	--	9	33156	卖盘
14:55:59	36.84	-0.01	1	3684	卖盘
14:55:53	36.85	--	58	213730	买盘
14:55:49	36.85	--	14	51590	买盘
14:55:44	36.85	-0.01	141	519585	卖盘
14:55:38	36.86	--	28	103208	买盘
14:55:34	36.86	0.01	108	398088	买盘
14:55:29	36.85	-0.01	3	11055	卖盘
14:55:23	36.86	--	27	99522	卖盘
14:55:19	36.86	--	47	173242	买盘
14:55:14	36.86	--	17	62662	买盘
14:55:08	36.86	--	51	187986	买盘
14:55:04	36.86	0.02	36	132696	买盘
14:54:59	36.84	-0.04	4	14736	卖盘
14:54:53	36.88	0.02	65	239720	买盘
14:54:49	36.86	-0.01	2	7372	卖盘
14:54:44	36.87	0.01	14	51618	中性盘
14:54:38	36.86	0.01	2	7372	买盘
14:54:34	36.85	--	0	0	中性盘
14:54:29	36.85	--	11	40535	卖盘
14:54:23	36.85	0.05	28	103180	买盘
14:54:19	36.8	-0.05	13	47839	卖盘
14:54:14	36.85	--	93	342705	买盘
14:54:08	36.85	0.05	83	305855	买盘
14:54:04	36.8	--	137	504159	买盘
14:53:58	36.8	--	60	220799	买盘
14:53:53	36.8	--	5	18400	买盘
14:53:47	36.8	0.05	4	14719	买盘
14:53:43	36.75	--	0	0	卖盘
14:53:38	36.75	-0.04	34	124950	卖盘
14:53:32	36.79	0.04	38	139802	买盘
14:53:28	36.75	--	8	29400	卖盘
14:53:17	36.75	--	84	308700	卖盘
14:53:13	36.75	--	31	113925	买盘
14:53:08	36.75	0.04	33	121275	买盘
14:53:02	36.71	--	0	0	卖盘
14:52:58	36.71	--	3	11013	卖盘
14:52:53	36.71	--	20	73420	卖盘
14:52:43	36.71	--	1	3671	卖盘
14:52:38	36.71	--	1	3671	卖盘
14:52:32	36.71	--	63	231273	卖盘
14:52:28	36.71	0.01	17	62407	买盘
14:52:23	36.7	-0.01	9	33030	卖盘
14:52:17	36.71	--	11	40381	买盘
14:52:13	36.71	--	3	11013	买盘
14:52:08	36.71	-0.08	24	88104	卖盘
14:52:02	36.79	0.03	40	147160	买盘
14:51:58	36.76	--	0	0	中性盘
14:51:53	36.76	-0.02	15	55140	卖盘
14:51:47	36.78	--	12	44136	买盘
14:51:43	36.78	--	3	11034	买盘
14:51:38	36.78	0.02	1	3678	买盘
14:51:32	36.76	--	39	143364	卖盘
14:51:28	36.76	-0.03	10	36760	卖盘
14:51:23	36.79	-0.01	9	33111	买盘
14:51:17	36.8	0.04	44	161920	买盘
14:51:13	36.76	--	13	47788	卖盘
14:51:08	36.76	-0.04	7	25732	卖盘
14:51:02	36.8	0.04	37	136160	买盘
14:50:58	36.76	-0.04	3	11028	卖盘
14:50:47	36.8	-0.08	21	77280	卖盘
14:50:38	36.88	-0.01	18	66384	卖盘
14:50:32	36.89	--	10	36890	卖盘
14:50:28	36.89	-0.01	39	143871	卖盘
14:50:23	36.9	0.01	54	199260	中性盘
14:50:17	36.89	--	2	7378	卖盘
14:50:13	36.89	--	50	184450	卖盘
14:50:08	36.89	-0.05	7	25823	卖盘
14:50:02	36.94	-0.03	5	18470	买盘
14:49:58	36.97	--	9	33273	买盘
14:49:53	36.97	0.03	25	92425	买盘
14:49:47	36.94	-0.01	19	70186	卖盘
14:49:43	36.95	0.06	6	22170	买盘
14:49:38	36.89	--	5	18445	卖盘
14:49:32	36.89	-0.08	6	22134	卖盘
14:49:28	36.97	0.08	39	144183	买盘
14:49:23	36.89	--	10	36890	卖盘
14:49:17	36.89	-0.06	31	114359	中性盘
14:49:13	36.95	--	0	0	买盘
14:49:08	36.95	0.14	110	406450	买盘
14:49:02	36.81	-0.04	19	69939	卖盘
14:48:58	36.85	0.04	8	29480	买盘
14:48:53	36.81	-0.04	8	29448	卖盘
14:48:47	36.85	0.05	2	7370	买盘
14:48:43	36.8	0.03	4	14719	卖盘
14:48:38	36.77	-0.03	12	44124	卖盘
14:48:32	36.8	0.04	21	77280	买盘
14:48:28	36.76	--	10	36760	卖盘
14:48:23	36.76	-0.01	1	3676	卖盘
14:48:17	36.77	0.01	3	11031	买盘
14:48:02	36.76	0.01	207	760932	买盘
14:47:58	36.75	0.05	32	117600	买盘
14:47:53	36.7	--	4	14680	卖盘
14:47:47	36.7	-0.01	17	62390	卖盘
14:47:38	36.71	0.01	10	36710	卖盘
14:47:32	36.7	0.02	10	36700	买盘
14:47:28	36.68	0.03	27	99036	买盘
14:47:17	36.65	-0.02	15	54975	卖盘
14:47:11	36.67	0.02	4	14668	买盘
14:46:56	36.65	0.03	51	186915	买盘
14:46:47	36.62	--	39	142818	卖盘
14:46:32	36.62	--	27	98874	买盘
14:46:26	36.62	0.02	4	14647	买盘
14:46:22	36.6	--	1	3660	卖盘
14:46:17	36.6	--	5	18300	卖盘
14:46:11	36.6	0.04	48	177729	买盘
14:45:56	36.56	--	10	36560	卖盘
14:45:32	36.56	0.02	14	51184	中性盘
14:45:26	36.54	-0.06	70	255780	卖盘
14:45:22	36.6	0.06	24	87840	买盘
14:45:17	36.54	0.01	46	168084	买盘
14:45:11	36.53	-0.01	96	350688	卖盘
14:45:02	36.54	-0.02	29	105966	卖盘
14:44:56	36.56	0.03	11	40216	买盘
14:44:37	36.53	0.03	4	14612	买盘
14:44:32	36.5	0.02	5	18250	卖盘
14:44:26	36.48	-0.02	1	3647	买盘
14:44:22	36.5	0.02	63	229950	买盘
14:44:17	36.48	-0.01	56	204287	卖盘
14:44:11	36.49	0.01	2	7298	买盘
14:44:07	36.48	--	56	204287	卖盘
14:44:02	36.48	--	2	7295	卖盘
14:43:56	36.48	0.01	11	40128	买盘
14:43:52	36.47	--	10	36470	卖盘
14:43:47	36.47	--	58	211526	买盘
14:43:41	36.47	-0.01	12	43764	买盘
14:43:32	36.48	--	24	87551	卖盘
14:43:26	36.48	0.08	76	277248	买盘
14:43:22	36.4	--	0	0	卖盘
14:43:17	36.4	-0.06	16	58240	卖盘
14:43:11	36.46	-0.01	111	404706	卖盘
14:43:07	36.47	0.07	107	390229	买盘
14:42:56	36.4	-0.07	200	728000	卖盘
14:42:52	36.47	0.01	20	72940	中性盘
14:42:47	36.46	-0.01	35	127610	卖盘
14:42:41	36.47	0.01	10	36470	中性盘
14:42:37	36.46	--	165	603121	卖盘
14:42:26	36.46	0.01	180	658832	买盘
14:42:22	36.45	0.05	25	91125	买盘
14:42:17	36.4	-0.04	300	1092000	卖盘
14:42:11	36.44	-0.01	17	61947	买盘
14:42:07	36.45	-0.01	11	40095	卖盘
14:42:02	36.46	--	101	368246	卖盘
14:41:56	36.46	-0.01	8	29168	卖盘
14:41:52	36.47	-0.03	84	307770	卖盘
14:41:47	36.5	0.03	2	7300	买盘
14:41:41	36.47	-0.03	3	10941	卖盘
14:41:37	36.5	-0.01	19	72416	卖盘
14:41:32	36.51	--	6	24717	买盘
14:41:26	36.51	--	3	10953	买盘
14:41:22	36.51	0.01	18	65718	买盘
14:41:17	36.5	-0.01	4	14600	卖盘
14:41:11	36.51	0.04	5	18255	买盘
14:41:06	36.47	-0.08	6	21882	卖盘
14:40:56	36.55	0.05	70	255849	买盘
14:40:50	36.5	-0.05	44	160600	卖盘
14:40:46	36.55	0.04	120	438599	买盘
14:40:35	36.51	-0.04	212	774012	卖盘
14:40:20	36.55	-0.01	82	303036	卖盘
14:40:16	36.56	--	8	29248	卖盘
14:40:11	36.56	--	10	36560	卖盘
14:40:05	36.56	-0.03	6	22045	卖盘
14:40:01	36.59	--	2	7318	买盘
14:39:56	36.59	--	6	24039	卖盘
14:39:50	36.59	--	14	52799	卖盘
14:39:46	36.59	--	5	18295	卖盘
14:39:41	36.59	--	2	7318	卖盘
14:39:35	36.59	--	7	25613	卖盘
14:39:31	36.59	--	27	98793	卖盘
14:39:26	36.59	-0.03	14	51226	中性盘
14:39:20	36.62	0.03	234	858922	买盘
14:39:05	36.59	-0.01	42	153787	卖盘
14:38:56	36.6	0.01	11	41065	买盘
14:38:50	36.59	-0.01	12	46652	卖盘
14:38:46	36.6	--	0	0	买盘
14:38:41	36.6	0.05	5	18300	买盘
14:38:35	36.55	--	27	100549	卖盘
14:38:26	36.55	--	43	157165	买盘
14:38:20	36.55	0.02	21	78107	买盘
14:38:05	36.53	--	52	192184	买盘
14:37:56	36.53	0.03	10	36530	买盘
14:37:50	36.5	--	16	61101	卖盘
14:37:46	36.5	--	31	113150	卖盘
14:37:41	36.5	-0.05	5	18250	卖盘
14:37:35	36.55	0.05	17	62134	买盘
14:37:31	36.5	-0.03	11	40150	卖盘
14:37:26	36.53	0.03	10	37552	买盘
14:37:20	36.5	--	13	50881	买盘
14:37:11	36.5	-0.03	386	1411528	卖盘
14:37:05	36.53	-0.06	7	26593	卖盘
14:37:01	36.59	0.03	19	69521	买盘
14:36:56	36.56	-0.03	5	20875	卖盘
14:36:50	36.59	0.01	33	122283	买盘
14:36:46	36.58	-0.01	1	3658	中性盘
14:36:35	36.59	--	34	127589	买盘
14:36:31	36.59	-0.03	140	512516	卖盘
14:36:26	36.62	--	77	281974	买盘
14:36:20	36.62	--	89	325918	卖盘
14:36:16	36.62	-0.01	11	40282	卖盘
14:36:05	36.63	0.02	210	772636	买盘
14:36:01	36.61	--	2	7322	卖盘
14:35:56	36.61	0.09	63	230643	买盘
14:35:50	36.52	0.01	20	73040	卖盘
14:35:41	36.51	-0.04	12	43812	卖盘
14:35:35	36.55	0.05	22	80410	中性盘
14:35:31	36.5	--	2	7300	卖盘
14:35:26	36.5	0.01	19	69350	卖盘
14:35:20	36.49	-0.01	9	33351	卖盘
14:35:16	36.5	--	4	14600	买盘
14:35:10	36.5	0.01	1	3650	买盘
14:35:05	36.49	--	20	72980	卖盘
14:34:59	36.49	0.04	67	245541	买盘
14:34:55	36.45	0.04	21	76545	买盘
14:34:50	36.41	-0.04	30	109229	卖盘
14:34:46	36.45	0.04	20	72900	卖盘
14:34:40	36.41	--	0	0	卖盘
14:34:35	36.41	-0.08	37	134717	卖盘
14:34:29	36.49	--	2	7298	买盘
14:34:25	36.49	--	65	237185	买盘
14:34:20	36.49	--	6	21894	买盘
14:34:14	36.49	-0.01	154	564974	卖盘
14:34:10	36.5	-0.03	150	547500	卖盘
14:34:05	36.53	-0.01	45	165079	卖盘
14:33:59	36.54	0.04	11	40194	卖盘
14:33:55	36.5	-0.04	244	890600	卖盘
14:33:50	36.54	--	23	84042	卖盘
14:33:44	36.54	-0.06	18	65772	卖盘
14:33:40	36.6	0.06	10	36600	买盘
14:33:35	36.54	-0.09	53	193662	卖盘
14:33:29	36.63	--	2	7326	买盘
14:33:25	36.63	--	63	230769	买盘
14:33:20	36.63	0.01	151	553589	买盘
14:33:14	36.62	-0.01	3	10986	卖盘
14:33:10	36.63	-0.01	25	91575	卖盘
14:33:05	36.64	-0.04	21	76944	卖盘
14:32:59	36.68	--	0	0	买盘
14:32:50	36.68	--	63	231084	买盘
14:32:44	36.68	-0.02	130	476840	卖盘
14:32:35	36.7	-0.06	62	227540	卖盘
14:32:29	36.76	-0.01	26	95576	卖盘
14:32:25	36.77	--	63	231651	买盘
14:32:20	36.77	--	41	150757	买盘
14:32:14	36.77	-0.01	172	632444	卖盘
14:32:10	36.78	--	0	0	卖盘
14:32:05	36.78	-0.02	40	147120	卖盘
14:31:59	36.8	--	0	0	卖盘
14:31:55	36.8	-0.03	100	368000	卖盘
14:31:50	36.83	-0.01	3	11049	卖盘
14:31:44	36.84	0.02	1	3684	卖盘
14:31:40	36.82	--	0	0	卖盘
14:31:29	36.82	-0.02	202	743764	卖盘
14:31:25	36.84	--	6	22104	买盘
14:31:20	36.84	0.01	44	162096	买盘
14:31:14	36.83	0.01	133	489839	买盘
14:31:10	36.82	-0.01	5	18410	卖盘
14:30:44	36.83	--	67	246761	卖盘
14:30:40	36.83	--	2	7366	卖盘
14:30:35	36.83	--	8	29464	卖盘
14:30:29	36.83	--	1	3683	卖盘
14:30:25	36.83	0.01	32	117856	买盘
14:30:14	36.82	0.02	48	176736	买盘
14:29:59	36.8	-0.02	2	7359	卖盘
14:29:55	36.82	--	1	3682	卖盘
14:29:50	36.82	-0.01	55	202510	卖盘
14:29:44	36.83	0.03	21	77343	买盘
14:29:40	36.8	0.01	3	11040	卖盘
14:29:35	36.79	--	1	3679	卖盘
14:29:29	36.79	-0.03	1	3679	卖盘
14:29:25	36.82	--	64	235648	买盘
14:29:20	36.82	--	0	0	买盘
14:29:10	36.82	0.02	8	29824	买盘
14:28:59	36.8	-0.02	34	128431	卖盘
14:28:55	36.82	--	55	202510	卖盘
14:28:39	36.82	-0.01	13	47866	卖盘
14:28:29	36.83	--	61	224663	买盘
14:28:24	36.83	0.01	63	232029	买盘
14:28:19	36.82	-0.01	1	3682	卖盘
14:28:14	36.83	--	0	0	买盘
14:28:08	36.83	--	0	0	中性盘
14:28:04	36.83	--	0	0	卖盘
14:27:59	36.83	-0.06	6	22098	卖盘
14:27:53	36.89	--	0	0	买盘
14:27:49	36.89	0.09	5	18445	买盘
14:27:44	36.8	--	0	0	卖盘
14:27:34	36.8	-0.11	225	828367	卖盘
14:27:29	36.91	-0.04	2	7381	中性盘
14:27:23	36.95	0.07	61	229053	买盘
14:27:14	36.88	--	1	3688	卖盘
14:27:04	36.88	--	5	18440	卖盘
14:26:59	36.88	0.01	111	409368	中性盘
14:26:53	36.87	--	9	33183	卖盘
14:26:44	36.87	--	1	3686	卖盘
14:26:38	36.87	0.01	6	22158	买盘
14:26:34	36.86	-0.01	10	36860	卖盘
14:26:29	36.87	--	5	18435	买盘
14:26:23	36.87	--	74	272838	买盘
14:26:19	36.87	--	1	3686	买盘
14:26:14	36.87	--	28	106886	卖盘
14:26:08	36.87	--	2	7373	卖盘
14:25:59	36.87	0.01	14	51654	买盘
14:25:53	36.86	-0.11	91	339075	卖盘
14:25:49	36.97	0.1	2	7394	买盘
14:25:38	36.87	-0.1	11	40557	卖盘
14:25:29	36.97	0.07	148	547192	买盘
14:25:23	36.9	0.04	2	7380	买盘
14:25:14	36.86	--	0	0	卖盘
14:25:08	36.86	0.01	29	106894	卖盘
14:25:04	36.85	-0.12	9	33165	卖盘
14:24:59	36.97	0.11	96	354912	买盘
14:24:49	36.86	-0.11	30	110580	卖盘
14:24:44	36.97	--	1	3697	买盘
14:24:38	36.97	--	8	29576	买盘
14:24:29	36.97	--	0	0	买盘
14:24:23	36.97	0.12	60	221820	买盘
14:24:19	36.85	--	0	0	卖盘
14:24:08	36.85	--	4	14740	买盘
14:23:59	36.85	--	0	0	买盘
14:23:49	36.85	0.03	30	110550	买盘
14:23:44	36.82	--	6	22092	卖盘
14:23:38	36.82	0.02	94	346108	买盘
14:23:34	36.8	--	9	33120	卖盘
14:23:19	36.8	--	90	331200	买盘
14:23:08	36.8	--	0	0	买盘
14:23:04	36.8	--	32	117759	买盘
14:22:59	36.8	--	0	0	买盘
14:22:53	36.8	--	59	217119	买盘
14:22:49	36.8	--	2	7359	买盘
14:22:43	36.8	--	0	0	买盘
14:22:38	36.8	--	8	29439	买盘
14:22:34	36.8	--	3	11040	买盘
14:22:29	36.8	--	30	110399	买盘
14:22:23	36.8	-0.05	95	349600	卖盘
14:22:18	36.85	--	5	18425	买盘
14:22:08	36.85	--	4	14740	买盘
14:22:03	36.85	-0.12	13	47905	卖盘
14:21:53	36.97	0.08	157	580429	买盘
14:21:48	36.89	--	1	3689	买盘
14:21:43	36.89	--	5	18445	买盘
14:21:38	36.89	--	49	180761	卖盘
14:21:32	36.89	--	0	0	卖盘
14:21:23	36.89	0.09	14	51646	买盘
14:21:17	36.8	0.01	139	511519	卖盘
14:21:08	36.79	--	2	7358	买盘
14:21:02	36.79	-0.01	100	367900	卖盘
14:20:58	36.8	--	0	0	卖盘
14:20:47	36.8	-0.01	9	33120	卖盘
14:20:43	36.81	--	0	0	中性盘
14:20:38	36.81	--	125	460125	买盘
14:20:28	36.81	--	0	0	买盘
14:20:23	36.81	--	56	206136	买盘
14:20:13	36.81	--	10	36810	买盘
14:20:08	36.81	-0.1	16	58896	卖盘
14:20:02	36.91	--	28	103347	买盘
14:19:58	36.91	--	1	3690	买盘
14:19:53	36.91	--	46	172554	卖盘
14:19:47	36.91	--	57	211309	卖盘
14:19:32	36.91	--	92	339571	买盘
14:19:23	36.91	--	62	228841	买盘
14:19:17	36.91	--	12	44291	卖盘
14:19:08	36.91	--	0	0	卖盘
14:19:02	36.91	-0.07	5	18455	卖盘
14:18:58	36.98	--	20	73960	卖盘
14:18:47	36.98	--	6	22187	卖盘
14:18:38	36.98	-0.02	8	29583	中性盘
14:18:32	37.0	--	35	129500	买盘
14:18:23	37.0	--	76	281200	卖盘
14:18:17	37.0	-0.01	16	59200	卖盘
14:18:13	37.01	0.01	5	18505	买盘
14:18:08	37.0	0.01	62	229400	买盘
14:18:02	36.99	-0.01	20	73980	卖盘
14:17:58	37.0	--	10	37000	买盘
14:17:53	37.0	--	5	18500	买盘
14:17:47	37.0	-0.04	272	1006400	卖盘
14:17:38	37.04	--	9	33336	买盘
14:17:32	37.04	-0.06	89	329656	卖盘
14:17:28	37.1	--	0	0	买盘
14:17:23	37.1	-0.01	63	233730	卖盘
14:17:17	37.11	--	7	25977	卖盘
14:17:13	37.11	-0.01	18	66798	卖盘
14:17:08	37.12	0.02	17	63103	买盘
14:17:02	37.1	0.05	96	356160	买盘
14:16:58	37.05	-0.05	2	7409	卖盘
14:16:53	37.1	--	0	0	卖盘
14:16:47	37.1	0.06	197	733578	买盘
14:16:43	37.04	0.03	39	144456	买盘
14:16:32	37.01	--	114	421914	卖盘
14:16:28	37.01	0.01	51	188751	买盘
14:16:22	37.0	--	18	66600	卖盘
14:16:17	37.0	--	5	18500	卖盘
14:16:13	37.0	0.03	31	114700	买盘
14:16:02	36.97	0.07	1	3697	买盘
14:15:58	36.9	-0.1	3	11070	卖盘
14:15:47	37.0	0.01	38	140600	买盘
14:15:43	36.99	0.01	218	806382	买盘
14:15:37	36.98	0.03	9	33282	买盘
14:15:28	36.95	0.07	45	166866	买盘
14:15:17	36.88	-0.02	85	313480	卖盘
14:15:12	36.9	--	6	22140	卖盘
14:15:02	36.9	-0.05	50	184500	买盘
14:14:56	36.95	0.07	139	513605	买盘
14:14:47	36.88	-0.01	21	77448	卖盘
14:14:41	36.89	--	31	114359	买盘
14:14:32	36.89	--	25	92225	买盘
14:14:26	36.89	-0.01	71	261919	卖盘
14:14:17	36.9	--	29	107010	买盘
14:14:11	36.9	--	76	280440	买盘
14:14:02	36.9	0.02	15	55350	买盘
14:13:56	36.88	--	58	213904	卖盘
14:13:47	36.88	0.02	2	7376	卖盘
14:13:41	36.86	--	2	7372	卖盘
14:13:37	36.86	--	34	125324	卖盘
14:13:32	36.86	0.06	3	11058	卖盘
14:13:26	36.8	--	0	0	卖盘
14:13:22	36.8	--	7	25759	卖盘
14:13:17	36.8	--	3	11040	卖盘
14:13:11	36.8	--	11	40480	卖盘
14:13:07	36.8	--	6	22080	买盘
14:13:02	36.8	--	4	14719	买盘
14:12:56	36.8	0.02	3	11040	卖盘
14:12:52	36.78	--	0	0	卖盘
14:12:41	36.78	--	5	18390	卖盘
14:12:37	36.78	--	19	69882	卖盘
14:12:32	36.78	--	110	404580	卖盘
14:12:26	36.78	--	1	3678	买盘
14:12:22	36.78	--	19	69882	买盘
14:12:17	36.78	--	9	33102	买盘
14:12:11	36.78	--	54	198612	买盘
14:12:02	36.78	0.01	12	44136	买盘
14:11:52	36.77	--	6	22062	买盘
14:11:47	36.77	0.01	21	77217	买盘
14:11:37	36.76	0.01	10	38598	买盘
14:11:32	36.75	--	8	29400	卖盘
14:11:26	36.75	--	13	47775	买盘
14:11:22	36.75	0.01	3	11025	买盘
14:11:16	36.74	0.11	2	7348	中性盘
14:11:07	36.63	0.01	3	10989	卖盘
14:11:02	36.62	--	0	0	卖盘
14:10:56	36.62	--	5	18310	卖盘
14:10:47	36.62	0.02	3	10986	卖盘
14:10:31	36.6	--	0	0	卖盘
14:10:26	36.6	-0.03	125	457500	卖盘
14:10:11	36.63	0.01	10	36630	卖盘
14:10:07	36.62	--	0	0	卖盘
14:09:56	36.62	-0.01	29	106197	卖盘
14:09:51	36.63	--	0	0	卖盘
14:09:41	36.63	-0.09	22	81062	卖盘
14:09:36	36.72	--	5	18360	卖盘
14:09:26	36.72	0.1	25	91800	买盘
14:09:21	36.62	-0.06	56	205072	卖盘
14:09:16	36.68	--	0	0	买盘
14:09:11	36.68	0.05	16	58688	买盘
14:08:56	36.63	-0.05	262	959706	中性盘
14:08:51	36.68	-0.02	102	374136	卖盘
14:08:46	36.7	0.01	50	186215	买盘
14:08:41	36.69	-0.01	87	319203	卖盘
14:08:26	36.7	-0.05	52	191794	卖盘
14:08:20	36.75	0.05	9	33075	中性盘
14:08:16	36.7	-0.06	7	28405	卖盘
14:08:11	36.76	--	12	44112	买盘
14:08:05	36.76	--	15	55140	买盘
14:08:01	36.76	--	0	0	买盘
14:07:56	36.76	0.06	22	80872	买盘
14:07:50	36.7	--	56	205520	卖盘
14:07:46	36.7	--	0	0	卖盘
14:07:41	36.7	--	10	36700	卖盘
14:07:35	36.7	0.01	36	132120	买盘
14:07:31	36.69	-0.01	7	25683	卖盘
14:07:26	36.7	0.01	9	33030	买盘
14:07:20	36.69	--	5	18345	买盘
14:07:11	36.69	0.06	2	7338	买盘
14:07:05	36.63	--	5	18315	卖盘
14:07:01	36.63	0.01	1	3663	卖盘
14:06:56	36.62	--	0	0	卖盘
14:06:50	36.62	--	18	65916	买盘
14:06:46	36.62	0.02	16	58591	买盘
14:06:41	36.6	-0.02	47	172020	卖盘
14:06:20	36.62	0.02	19	69578	买盘
14:06:16	36.6	-0.02	15	54900	中性盘
14:06:11	36.62	0.02	5	18310	买盘
14:06:05	36.6	-0.02	35	128100	卖盘
14:06:01	36.62	--	5	18310	买盘
14:05:56	36.62	--	19	69578	买盘
14:05:50	36.62	--	3	10986	买盘
14:05:41	36.62	--	13	47606	买盘
14:05:35	36.62	-0.09	47	172114	卖盘
14:05:31	36.71	0.01	60	220260	买盘
14:05:20	36.7	-0.01	14	51380	卖盘
14:05:16	36.71	--	7	25697	买盘
14:05:11	36.71	--	1	3671	买盘
14:05:05	36.71	--	12	44052	买盘
14:05:01	36.71	-0.06	37	135827	卖盘
14:04:56	36.77	--	4	14708	中性盘
14:04:41	36.77	-0.01	1	3677	卖盘
14:04:35	36.78	--	5	18390	买盘
14:04:26	36.78	--	3	11034	买盘
14:04:20	36.78	--	5	18390	买盘
14:04:16	36.78	--	8	29424	卖盘
14:04:11	36.78	-0.01	10	36780	卖盘
14:04:05	36.79	--	8	29432	买盘
14:04:01	36.79	0.02	4	14716	买盘
14:03:56	36.77	-0.03	1	3677	卖盘
14:03:46	36.8	--	0	0	买盘
14:03:40	36.8	--	16	58879	买盘
14:03:31	36.8	--	7	25759	买盘
14:03:15	36.8	--	0	0	买盘
14:03:05	36.8	0.3	15	55199	中性盘
14:03:00	36.5	-0.33	390	1425872	卖盘
14:02:50	36.83	-0.06	9	33147	卖盘
14:02:45	36.89	--	2	7378	买盘
14:02:40	36.89	--	1	3689	买盘
14:02:31	36.89	--	9	33201	买盘
14:02:25	36.89	--	5	18445	买盘
14:02:20	36.89	--	10	36890	买盘
14:02:16	36.89	-0.01	5	18445	中性盘
14:02:05	36.9	--	10	36900	买盘
14:02:00	36.9	0.05	58	214020	买盘
14:01:55	36.85	-0.05	3	11055	卖盘
14:01:50	36.9	--	3	11070	买盘
14:01:45	36.9	--	1	3690	买盘
14:01:35	36.9	--	8	29520	卖盘
14:01:30	36.9	-0.01	99	365310	卖盘
14:01:25	36.91	0.01	1	3690	买盘
14:01:15	36.9	-0.01	2	7380	卖盘
14:01:05	36.91	0.02	5	18455	买盘
14:00:59	36.89	-0.01	20	73780	卖盘
14:00:55	36.9	-0.01	1	3690	中性盘
14:00:50	36.91	0.01	7	25836	买盘
14:00:44	36.9	-0.01	15	55682	卖盘
14:00:40	36.91	--	13	51341	买盘
14:00:35	36.91	-0.01	89	328831	卖盘
14:00:29	36.92	--	12	44304	买盘
14:00:25	36.92	--	2	7384	买盘
14:00:20	36.92	-0.03	3	11076	卖盘
14:00:14	36.95	--	3	11085	买盘
14:00:10	36.95	--	22	81290	卖盘
13:59:59	36.95	-0.02	2	7390	卖盘
13:59:55	36.97	0.05	20	73940	买盘
13:59:50	36.92	-0.05	1	3692	卖盘
13:59:40	36.97	--	3	11091	买盘
13:59:35	36.97	-0.01	15	55455	卖盘
13:59:29	36.98	0.01	1	3697	买盘
13:59:25	36.97	--	12	44364	卖盘
13:59:20	36.97	0.02	43	162335	买盘
13:59:14	36.95	--	7	25865	卖盘
13:59:10	36.95	-0.02	3	11085	卖盘
13:59:05	36.97	0.02	32	118304	买盘
13:58:59	36.95	-0.02	111	410145	卖盘
13:58:55	36.97	0.02	26	96122	买盘
13:58:50	36.95	-0.02	67	247565	卖盘
13:58:44	36.97	--	18	66546	卖盘
13:58:40	36.97	--	3	11091	卖盘
13:58:35	36.97	--	41	151577	买盘
13:58:29	36.97	-0.01	1	3697	卖盘
13:58:25	36.98	--	3	11093	买盘
13:58:20	36.98	--	153	565794	卖盘
13:58:14	36.98	-0.02	21	77658	卖盘
13:58:10	37.0	--	5	18500	买盘
13:58:05	37.0	-0.04	64	237133	卖盘
13:57:59	37.04	--	19	70376	买盘
13:57:54	37.04	-0.01	24	88896	中性盘
13:57:50	37.05	0.05	23	85215	买盘
13:57:44	37.0	-0.02	120	444000	卖盘
13:57:40	37.02	-0.03	11	40722	卖盘
13:57:35	37.05	0.03	36	133380	买盘
13:57:29	37.02	0.01	4	14808	中性盘
13:57:25	37.01	-0.04	30	111030	卖盘
13:57:20	37.05	--	26	96329	买盘
13:57:14	37.05	--	134	496469	买盘
13:57:10	37.05	--	6	22230	买盘
13:57:05	37.05	-0.01	19	70395	卖盘
13:56:59	37.06	0.05	24	88944	买盘
13:56:55	37.01	-0.04	32	118432	卖盘
13:56:49	37.05	-0.01	31	114854	卖盘
13:56:44	37.06	0.01	176	652256	买盘
13:56:40	37.05	0.05	26	96329	买盘
13:56:34	37.0	--	35	129500	卖盘
13:56:29	37.0	--	13	48100	卖盘
13:56:25	37.0	--	43	162467	买盘
13:56:19	37.0	--	55	203833	卖盘
13:56:14	37.0	--	71	264476	卖盘
13:56:09	37.0	--	19	71891	买盘
13:56:04	37.0	0.02	14	51800	买盘
13:55:59	36.98	-0.02	30	110939	卖盘
13:55:55	37.0	0.02	210	777000	买盘
13:55:49	36.98	-0.02	28	103543	卖盘
13:55:44	37.0	--	137	509897	卖盘
13:55:39	37.0	--	163	603803	买盘
13:55:34	37.0	--	75	277500	买盘
13:55:29	37.0	--	113	418100	买盘
13:55:24	37.0	-0.15	385	1424796	卖盘
13:55:19	37.15	-0.05	3	11145	中性盘
13:55:14	37.2	0.05	173	643560	买盘
13:55:10	37.15	-0.03	41	152315	卖盘
13:55:04	37.18	0.1	23	85514	买盘
13:54:59	37.08	-0.02	56	210354	卖盘
13:54:54	37.1	0.08	20	74200	买盘
13:54:49	37.02	--	28	103656	卖盘
13:54:44	37.02	0.02	27	100657	买盘
13:54:39	37.0	0.02	487	1801900	买盘
13:54:34	36.98	0.03	183	676734	买盘
13:54:29	36.95	--	27	101834	卖盘
13:54:24	36.95	--	68	252885	买盘
13:54:19	36.95	--	211	779645	买盘
13:54:14	36.95	0.02	47	175845	买盘
13:54:08	36.93	0.03	41	151413	中性盘
13:54:04	36.9	--	35	129150	卖盘
13:53:59	36.9	--	32	118227	卖盘
13:53:53	36.9	--	3	11070	卖盘
13:53:44	36.9	0.1	402	1484007	买盘
13:53:38	36.8	0.01	71	261279	买盘
13:53:29	36.79	0.08	20	74573	买盘
13:53:23	36.71	0.01	174	638754	买盘
13:53:19	36.7	--	21	77070	卖盘
13:53:14	36.7	-0.01	26	97842	卖盘
13:53:08	36.71	0.01	451	1655621	买盘
13:53:04	36.7	0.01	2	7340	买盘
13:52:59	36.69	-0.02	6	24875	卖盘
13:52:53	36.71	0.06	39	143169	买盘
13:52:49	36.65	--	0	0	卖盘
13:52:44	36.65	-0.03	123	453507	卖盘
13:52:29	36.68	0.06	18	69141	买盘
13:52:23	36.62	-0.03	20	73240	卖盘
13:52:19	36.65	0.03	10	36650	买盘
13:52:14	36.62	--	14	52439	卖盘
13:52:08	36.62	0.04	25	94333	买盘
13:51:59	36.58	--	5	19680	卖盘
13:51:53	36.58	-0.02	2	7316	卖盘
13:51:48	36.6	0.02	10	36600	买盘
13:51:44	36.58	-0.02	1	3804	卖盘
13:51:38	36.6	--	4	14640	买盘
13:51:34	36.6	--	3	10980	买盘
13:51:29	36.6	--	130	477996	卖盘
13:51:23	36.6	-0.01	4	14640	卖盘
13:51:14	36.61	--	98	358778	买盘
13:51:08	36.61	-0.01	63	233937	卖盘
13:50:59	36.62	-0.01	3	10986	卖盘
13:50:53	36.63	--	4	15201	卖盘
13:50:43	36.63	--	4	17362	卖盘
13:50:38	36.63	0.01	2	7728	买盘
13:50:34	36.62	--	1	3661	卖盘
13:50:29	36.62	0.01	30	113302	卖盘
13:50:23	36.61	--	0	0	卖盘
13:50:18	36.61	-0.01	28	102508	卖盘
13:50:13	36.62	-0.01	52	190424	卖盘
13:50:08	36.63	--	5	19963	买盘
13:50:03	36.63	0.01	5	18315	买盘
13:49:59	36.62	-0.01	24	88071	卖盘
13:49:53	36.63	--	1	3663	买盘
13:49:48	36.63	--	37	138351	买盘
13:49:38	36.63	--	18	67948	卖盘
13:49:34	36.63	-0.08	6	23626	卖盘
13:49:23	36.71	--	0	0	买盘
13:49:19	36.71	--	11	42913	买盘
13:49:13	36.71	0.09	31	113801	买盘
13:49:03	36.62	-0.08	10	37352	卖盘
13:48:58	36.7	0.09	10	36700	买盘
13:48:53	36.61	--	0	0	卖盘
13:48:43	36.61	-0.08	20	73220	中性盘
13:48:38	36.69	0.09	27	99063	买盘
13:48:33	36.6	--	15	54900	卖盘
13:48:28	36.6	--	2	9479	卖盘
13:48:23	36.6	--	23	87144	买盘
13:48:18	36.6	0.02	35	128100	买盘
13:48:13	36.58	-0.01	6	21984	中性盘
13:48:08	36.59	-0.01	1	3659	中性盘
13:48:03	36.6	0.04	11	40260	买盘
13:47:58	36.56	-0.04	24	87744	卖盘
13:47:53	36.6	--	4	14640	买盘
13:47:48	36.6	--	26	95855	卖盘
13:47:43	36.6	--	6	25363	卖盘
13:47:38	36.6	--	5	18300	卖盘
13:47:33	36.6	0.05	13	50800	买盘
13:47:28	36.55	-0.01	24	90022	卖盘
13:47:23	36.56	--	50	182800	买盘
13:47:17	36.56	0.01	10	36560	买盘
13:47:13	36.55	-0.01	4	16484	卖盘
13:47:08	36.56	--	27	98712	买盘
13:47:02	36.56	-0.01	15	57801	卖盘
13:46:58	36.57	-0.01	0	694	卖盘
13:46:53	36.58	--	31	113398	买盘
13:46:47	36.58	--	22	80476	买盘
13:46:38	36.58	-0.02	53	194459	卖盘
13:46:32	36.6	--	2	7320	买盘
13:46:28	36.6	--	19	69942	买盘
13:46:23	36.6	0.02	20	73200	买盘
13:46:17	36.58	--	52	190216	卖盘
13:46:13	36.58	-0.02	20	73160	卖盘
13:46:08	36.6	--	4	14640	买盘
13:46:02	36.6	0.02	17	62220	买盘
13:45:58	36.58	--	24	88560	卖盘
13:45:53	36.58	-0.02	3	10974	卖盘
13:45:47	36.6	0.02	44	161040	买盘
13:45:43	36.58	-0.01	24	87792	卖盘
13:45:38	36.59	-0.01	1	3659	买盘
13:45:32	36.6	--	1	3660	买盘
13:45:27	36.6	--	22	80520	买盘
13:45:23	36.6	--	16	58560	买盘
13:45:17	36.6	--	307	1124791	卖盘
13:45:12	36.6	--	21	76860	卖盘
13:45:08	36.6	--	33	120780	卖盘
13:45:02	36.6	--	17	63647	卖盘
13:44:58	36.6	-0.02	26	95160	卖盘
13:44:53	36.62	0.01	9	32958	买盘
13:44:47	36.61	0.01	26	95186	中性盘
13:44:42	36.6	-0.05	20	73200	卖盘
13:44:32	36.65	0.03	42	153930	买盘
13:44:27	36.62	-0.03	2	10619	卖盘
13:44:23	36.65	-0.03	171	626715	卖盘
13:44:17	36.68	--	14	52415	卖盘
13:44:12	36.68	--	57	210506	卖盘
13:44:08	36.68	--	2	7336	卖盘
13:44:02	36.68	-0.01	2	9059	卖盘
13:43:53	36.69	--	26	98732	卖盘
13:43:47	36.69	--	5	18345	卖盘
13:43:43	36.69	-0.02	3	11080	卖盘
13:43:38	36.71	0.02	30	110130	买盘
13:43:32	36.69	-0.01	32	117408	卖盘
13:43:27	36.7	-0.01	37	136046	卖盘
13:43:23	36.71	--	79	290009	买盘
13:43:17	36.71	--	21	77091	买盘
13:43:12	36.71	-0.01	82	304399	卖盘
13:43:07	36.72	-0.01	15	56622	卖盘
13:43:02	36.73	0.02	6	24168	买盘
13:42:57	36.71	--	33	121143	卖盘
13:42:53	36.71	--	0	0	卖盘
13:42:47	36.71	--	7	25697	卖盘
13:42:43	36.71	-0.01	4	14684	卖盘
13:42:37	36.72	--	1	3672	卖盘
13:42:32	36.72	0.01	6	22032	买盘
13:42:27	36.71	--	30	112185	卖盘
13:42:22	36.71	--	27	101025	买盘
13:42:17	36.71	--	28	104550	卖盘
13:42:12	36.71	--	43	158293	卖盘
13:42:07	36.71	--	2	8810	买盘
13:42:02	36.71	--	48	176942	卖盘
13:41:57	36.71	-0.01	38	139498	卖盘
13:41:52	36.72	0.01	2	7490	买盘
13:41:47	36.71	--	10	36710	卖盘
13:41:42	36.71	--	10	36710	卖盘
13:41:37	36.71	-0.03	38	139498	卖盘
13:41:32	36.74	-0.03	1	6980	卖盘
13:41:27	36.77	0.06	54	198925	买盘
13:41:22	36.71	--	14	51394	卖盘
13:41:17	36.71	--	25	91775	卖盘
13:41:12	36.71	--	120	441951	卖盘
13:41:07	36.71	--	5	18355	卖盘
13:41:02	36.71	-0.07	88	323708	卖盘
13:40:57	36.78	0.02	45	168525	买盘
13:40:52	36.76	0.01	19	69880	卖盘
13:40:47	36.75	--	129	477713	买盘
13:40:42	36.75	-0.02	17	62475	卖盘
13:40:37	36.77	--	3	11031	买盘
13:40:32	36.77	--	11	40447	卖盘
13:40:26	36.77	0.06	17	63869	买盘
13:40:22	36.71	-0.08	26	95446	卖盘
13:40:17	36.79	0.02	105	388723	买盘
13:40:11	36.77	--	23	85821	买盘
13:40:07	36.77	--	2	7354	买盘
13:40:02	36.77	0.07	26	95602	买盘
13:39:56	36.7	-0.1	18	67344	卖盘
13:39:52	36.8	--	1	3679	买盘
13:39:47	36.8	--	53	195039	买盘
13:39:41	36.8	--	44	161920	买盘
13:39:32	36.8	0.17	16	62007	买盘
13:39:26	36.63	-0.05	35	129377	卖盘
13:39:22	36.68	0.03	87	322233	买盘
13:39:17	36.65	--	12	44163	买盘
13:39:11	36.65	-0.03	40	146600	中性盘
13:39:07	36.68	--	20	73360	买盘
13:39:02	36.68	--	103	377804	卖盘
13:38:56	36.68	-0.02	15	56450	卖盘
13:38:47	36.7	-0.07	20	73950	卖盘
13:38:41	36.77	-0.03	0	1434	卖盘
13:38:32	36.8	-0.05	22	81033	卖盘
13:38:26	36.85	-0.01	9	36776	中性盘
13:38:21	36.86	0.01	14	51604	买盘
13:38:17	36.85	-0.01	1	3685	卖盘
13:38:11	36.86	--	15	56027	卖盘
13:38:06	36.86	-0.04	3	11058	卖盘
13:38:02	36.9	0.02	70	258300	买盘
13:37:56	36.88	-0.02	46	172598	卖盘
13:37:51	36.9	-0.01	5	18450	中性盘
13:37:47	36.91	-0.02	516	1906622	卖盘
13:37:41	36.93	0.01	20	76851	中性盘
13:37:36	36.92	-0.01	57	210444	中性盘
13:37:32	36.93	-0.01	11	40623	中性盘
13:37:26	36.94	0.03	22	82228	买盘
13:37:21	36.91	-0.03	18	66438	卖盘
13:37:17	36.94	0.04	23	84962	买盘
13:37:11	36.9	--	28	104537	卖盘
13:37:06	36.9	0.02	142	524127	买盘
13:37:02	36.88	0.03	16	59008	卖盘
13:36:56	36.85	--	93	342815	买盘
13:36:51	36.85	--	7	25795	卖盘
13:36:47	36.85	0.05	107	394295	买盘
13:36:41	36.8	-0.05	14	51519	卖盘
13:36:36	36.85	0.05	21	77385	买盘
13:36:31	36.8	--	105	386399	卖盘
13:36:26	36.8	0.03	108	399132	买盘
13:36:21	36.77	0.01	1	3677	中性盘
13:36:17	36.76	-0.04	4	14704	中性盘
13:36:11	36.8	0.05	89	327520	买盘
13:36:07	36.75	--	24	88200	卖盘
13:36:02	36.75	--	5	18375	卖盘
13:35:56	36.75	0.06	29	107310	买盘
13:35:52	36.69	--	39	143091	买盘
13:35:46	36.69	0.04	62	227478	买盘
13:35:41	36.65	--	12	45995	卖盘
13:35:36	36.65	--	25	91625	卖盘
13:35:31	36.65	0.05	20	73300	买盘
13:35:26	36.6	-0.01	13	49007	卖盘
13:35:21	36.61	0.01	140	512540	买盘
13:35:16	36.6	--	46	168360	买盘
13:35:11	36.6	0.02	29	108555	买盘
13:35:06	36.58	0.01	73	270179	买盘
13:34:56	36.57	0.05	172	629004	买盘
13:34:51	36.52	--	13	47476	买盘
13:34:46	36.52	--	32	116864	买盘
13:34:41	36.52	0.01	74	270248	买盘
13:34:36	36.51	0.01	71	259221	中性盘
13:34:31	36.5	-0.02	5	18250	卖盘
13:34:26	36.52	--	50	182600	买盘
13:34:21	36.52	0.02	214	781528	买盘
13:34:16	36.5	0.01	12	43800	买盘
13:34:11	36.49	--	21	78088	买盘
13:34:06	36.49	0.04	15	54735	买盘
13:34:01	36.45	--	54	196830	卖盘
13:33:56	36.45	-0.01	31	113395	卖盘
13:33:50	36.46	--	41	149486	买盘
13:33:46	36.46	-0.03	72	265282	卖盘
13:33:41	36.49	0.01	73	267690	买盘
13:33:35	36.48	--	8	29183	买盘
13:33:26	36.48	0.03	38	141834	买盘
13:33:20	36.45	--	50	182250	卖盘
13:33:11	36.45	--	20	72900	卖盘
13:33:05	36.45	0.04	12	44177	买盘
13:32:56	36.41	--	2	10850	卖盘
13:32:50	36.41	--	114	415183	买盘
13:32:46	36.41	--	88	320407	买盘
13:32:41	36.41	--	21	79774	买盘
13:32:31	36.41	0.01	8	29127	买盘
13:32:26	36.4	--	80	292838	买盘
13:32:20	36.4	--	1	3640	买盘
13:32:16	36.4	0.01	2	7280	买盘
13:32:11	36.39	--	0	2001	卖盘
13:31:56	36.39	-0.01	1	4512	中性盘
13:31:50	36.4	0.02	2	7280	中性盘
13:31:41	36.38	--	8	32232	卖盘
13:31:35	36.38	-0.03	30	109140	卖盘
13:31:31	36.41	--	30	109229	买盘
13:31:26	36.41	0.04	5	19406	买盘
13:31:20	36.37	-0.04	1	3636	卖盘
13:31:15	36.41	0.04	3	10922	买盘
13:31:11	36.37	-0.04	0	1491	卖盘
13:31:05	36.41	--	27	98306	买盘
13:31:00	36.41	--	22	83633	卖盘
13:30:56	36.41	--	33	122519	卖盘
13:30:50	36.41	--	71	258510	卖盘
13:30:41	36.41	--	12	44420	买盘
13:30:35	36.41	0.01	23	83742	买盘
13:30:30	36.4	--	5	18200	卖盘
13:30:26	36.4	0.04	4	15215	买盘
13:30:15	36.36	0.06	4	17670	买盘
13:30:10	36.3	-0.06	1	5082	卖盘
13:29:56	36.36	--	14	50904	卖盘
13:29:50	36.36	-0.04	2	7272	卖盘
13:29:45	36.4	--	1	3640	买盘
13:29:40	36.4	-0.01	5	19801	卖盘
13:29:35	36.41	0.01	4	17695	买盘
13:29:30	36.4	-0.01	11	40549	卖盘
13:29:25	36.41	-0.02	40	148771	卖盘
13:29:20	36.43	-0.01	46	167578	卖盘
13:29:15	36.44	-0.01	1	3644	卖盘
13:29:10	36.45	-0.03	9	36012	卖盘
13:29:05	36.48	0.03	59	215231	买盘
13:29:00	36.45	-0.03	29	106069	卖盘
13:28:55	36.48	0.03	3	10943	买盘
13:28:50	36.45	-0.02	18	65610	卖盘
13:28:45	36.47	-0.01	85	310323	卖盘
13:28:40	36.48	-0.02	35	127679	卖盘
13:28:35	36.5	--	17	62050	买盘
13:28:30	36.5	0.02	82	299300	买盘
13:28:25	36.48	-0.01	14	51071	卖盘
13:28:20	36.49	-0.01	23	83927	卖盘
13:28:15	36.5	--	58	211700	买盘
13:28:10	36.5	-0.05	24	87600	卖盘
13:28:05	36.55	--	25	91375	买盘
13:28:00	36.55	0.05	8	29239	买盘
13:27:55	36.5	-0.05	8	30441	卖盘
13:27:50	36.55	--	13	47514	卖盘
13:27:45	36.55	0.05	25	93787	买盘
13:27:40	36.5	0.02	78	284700	买盘
13:27:35	36.48	-0.02	138	503423	卖盘
13:27:30	36.5	--	12	44749	买盘
13:27:25	36.5	--	5	18250	买盘
13:27:20	36.5	--	23	86322	买盘
13:27:15	36.5	--	44	160600	买盘
13:27:10	36.5	-0.05	50	185201	卖盘
13:27:05	36.55	-0.02	61	222954	卖盘
13:27:00	36.57	0.07	24	87768	买盘
13:26:55	36.5	--	0	0	卖盘
13:26:50	36.5	-0.02	62	229731	卖盘
13:26:44	36.52	0.02	69	251988	中性盘
13:26:40	36.5	--	74	270100	卖盘
13:26:35	36.5	0.03	83	304118	买盘
13:26:29	36.47	-0.03	34	123998	卖盘
13:26:25	36.5	0.02	28	102200	买盘
13:26:20	36.48	-0.02	33	120383	卖盘
13:26:14	36.5	0.04	21	76650	买盘
13:26:10	36.46	-0.03	11	40106	卖盘
13:26:05	36.49	0.02	70	255502	买盘
13:25:59	36.47	--	5	18235	买盘
13:25:55	36.47	0.03	9	32823	买盘
13:25:50	36.44	0.04	34	126446	买盘
13:25:40	36.4	--	16	58240	卖盘
13:25:35	36.4	0.01	19	72072	买盘
13:25:29	36.39	0.01	58	211062	买盘
13:25:25	36.38	--	8	29104	买盘
13:25:20	36.38	0.02	18	66357	买盘
13:25:14	36.36	0.01	20	72720	买盘
13:25:09	36.35	-0.01	50	181750	卖盘
13:25:05	36.36	0.03	119	435229	买盘
13:24:50	36.33	0.01	94	343463	买盘
13:24:44	36.32	--	30	108960	买盘
13:24:39	36.32	0.02	5	18160	买盘
13:24:35	36.3	--	15	54667	卖盘
13:24:24	36.3	0.01	77	281905	买盘
13:24:20	36.29	--	16	59080	买盘
13:24:14	36.29	--	0	0	买盘
13:24:09	36.29	0.05	2	7258	买盘
13:24:04	36.24	-0.05	18	68276	中性盘
13:23:59	36.29	0.07	50	182683	买盘
13:23:50	36.22	--	118	429714	买盘
13:23:44	36.22	--	0	0	买盘
13:23:35	36.22	-0.08	49	179651	卖盘
13:23:29	36.3	0.08	91	331854	买盘
13:23:24	36.22	-0.08	22	79684	卖盘
13:23:20	36.3	--	20	75721	卖盘
13:23:14	36.3	--	24	87120	卖盘
13:23:09	36.3	--	37	134818	买盘
13:22:59	36.3	--	68	249816	卖盘
13:22:54	36.3	--	0	0	卖盘
13:22:49	36.3	--	8	29548	卖盘
13:22:44	36.3	0.1	24	87265	买盘
13:22:39	36.2	--	36	133143	卖盘
13:22:35	36.2	-0.1	11	41340	卖盘
13:22:29	36.3	--	70	254099	买盘
13:22:20	36.3	0.1	100	363000	买盘
13:22:14	36.2	-0.04	20	72400	卖盘
13:22:09	36.24	0.04	20	74581	买盘
13:22:04	36.2	--	6	23928	卖盘
13:21:59	36.2	0.09	7	27548	买盘
13:21:54	36.11	--	0	0	卖盘
13:21:49	36.11	-0.13	3	11591	卖盘
13:21:44	36.24	--	0	0	买盘
13:21:39	36.24	--	25	92122	卖盘
13:21:34	36.24	--	0	1304	卖盘
13:21:29	36.24	0.11	84	305213	买盘
13:21:19	36.13	-0.07	1	4480	卖盘
13:21:09	36.2	-0.02	1	6371	卖盘
13:21:04	36.22	--	2	8113	买盘
13:20:59	36.22	--	8	28976	买盘
13:20:49	36.22	--	5	18110	卖盘
13:20:44	36.22	-0.02	15	54330	卖盘
13:20:39	36.24	--	3	10872	买盘
13:20:34	36.24	--	10	36240	买盘
13:20:29	36.24	-0.01	5	18120	卖盘
13:20:24	36.25	--	71	257447	卖盘
13:20:19	36.25	-0.04	29	108532	卖盘
13:20:14	36.29	0.04	14	50806	买盘
13:20:08	36.25	--	31	112375	卖盘
13:20:04	36.25	--	13	48285	卖盘
13:19:59	36.25	--	11	39875	卖盘
13:19:53	36.25	0.03	18	67860	买盘
13:19:49	36.22	-0.03	39	141258	卖盘
13:19:44	36.25	0.03	34	123250	卖盘
13:19:34	36.22	--	0	0	卖盘
13:19:29	36.22	-0.05	125	452750	卖盘
13:19:23	36.27	0.02	8	29016	买盘
13:19:19	36.25	0.02	43	155875	买盘
13:19:14	36.23	--	4	14491	买盘
13:19:08	36.23	--	28	101443	买盘
13:19:04	36.23	0.01	47	171005	买盘
13:18:59	36.22	0.02	100	362200	买盘
13:18:53	36.2	0.01	23	83260	买盘
13:18:48	36.19	--	17	62536	卖盘
13:18:44	36.19	--	21	78930	买盘
13:18:38	36.19	0.08	1	3619	买盘
13:18:34	36.11	-0.08	40	144440	卖盘
13:18:29	36.19	0.08	200	723800	买盘
13:18:23	36.11	-0.02	8	29610	卖盘
13:18:18	36.13	-0.03	0	505	卖盘
13:18:14	36.16	0.03	20	72320	买盘
13:18:03	36.13	-0.03	11	40754	卖盘
13:17:59	36.16	0.03	5	18080	买盘
13:17:48	36.13	-0.03	0	1372	卖盘
13:17:44	36.16	0.05	2	7231	买盘
13:17:38	36.11	--	0	0	卖盘
13:17:33	36.11	-0.04	70	252770	卖盘
13:17:29	36.15	0.04	21	75915	买盘
13:17:23	36.11	0.01	19	68609	中性盘
13:17:18	36.1	-0.06	26	96820	卖盘
13:17:14	36.16	--	0	0	买盘
13:17:08	36.16	0.06	15	54239	买盘
13:17:03	36.1	-0.05	7	25270	卖盘
13:16:58	36.15	--	12	43380	卖盘
13:16:53	36.15	0.01	36	130140	买盘
13:16:48	36.14	--	11	42789	买盘
13:16:44	36.14	--	4	14456	买盘
13:16:38	36.14	0.04	14	50596	买盘
13:16:33	36.1	-0.04	50	183929	卖盘
13:16:23	36.14	0.03	5	18070	买盘
13:16:14	36.11	-0.03	3	14010	卖盘
13:16:08	36.14	0.04	25	90350	买盘
13:16:03	36.1	--	0	0	卖盘
13:15:58	36.1	-0.02	42	152847	卖盘
13:15:53	36.12	-0.03	17	61403	卖盘
13:15:44	36.15	--	38	137370	卖盘
13:15:38	36.15	0.05	1	3615	买盘
13:15:33	36.1	-0.05	55	198550	卖盘
13:15:23	36.15	0.05	20	72300	买盘
13:15:18	36.1	--	264	955133	买盘
13:15:08	36.1	0.05	238	859180	买盘
13:15:03	36.05	-0.05	9	35040	卖盘
13:14:58	36.1	--	0	0	买盘
13:14:48	36.1	0.06	316	1143575	买盘
13:14:43	36.04	--	0	0	卖盘
13:14:38	36.04	-0.01	8	28832	卖盘
13:14:33	36.05	--	3	11463	卖盘
13:14:18	36.05	-0.05	165	596663	卖盘
13:14:13	36.1	--	0	0	买盘
13:14:08	36.1	0.02	150	541500	买盘
13:14:03	36.08	--	5	18905	买盘
13:13:58	36.08	--	0	0	买盘
13:13:53	36.08	0.01	10	36080	买盘
13:13:47	36.07	--	2	9738	卖盘
13:13:43	36.07	-0.01	16	57712	卖盘
13:13:38	36.08	--	12	43296	买盘
13:13:33	36.08	--	2	8514	卖盘
13:13:28	36.08	--	5	18040	卖盘
13:13:17	36.08	--	14	53903	买盘
13:13:08	36.08	--	6	21648	买盘
13:13:02	36.08	--	2	9380	卖盘
13:12:47	36.08	-0.08	0	1443	卖盘
13:12:43	36.16	--	0	0	买盘
13:12:38	36.16	0.03	47	172157	买盘
13:12:32	36.13	-0.01	2	7226	卖盘
13:12:17	36.14	--	20	73689	买盘
13:12:13	36.14	-0.01	6	21684	买盘
13:12:08	36.15	--	0	0	买盘
13:12:02	36.15	0.05	11	39765	买盘
13:11:53	36.1	--	10	36100	买盘
13:11:47	36.1	--	48	173280	卖盘
13:11:43	36.1	-0.05	7	25270	卖盘
13:11:38	36.15	-0.01	4	14460	中性盘
13:11:32	36.16	0.06	12	43391	买盘
13:11:27	36.1	--	12	43320	卖盘
13:11:23	36.1	0.05	478	1725580	买盘
13:11:17	36.05	0.03	3	10815	买盘
13:11:12	36.02	--	0	0	卖盘
13:11:08	36.02	0.02	10	36020	买盘
13:11:02	36.0	--	50	180000	卖盘
13:10:57	36.0	--	8	28800	买盘
13:10:53	36.0	--	147	529200	买盘
13:10:47	36.0	0.05	100	360000	买盘
13:10:42	35.95	-0.05	24	86280	卖盘
13:10:38	36.0	0.05	60	216000	买盘
13:10:32	35.95	--	33	118635	买盘
13:10:23	35.95	0.01	50	179750	买盘
13:10:17	35.94	0.01	94	337836	买盘
13:09:42	35.93	0.05	0	2048	买盘
13:09:23	35.88	--	24	86112	卖盘
13:09:07	35.88	0.04	20	72836	买盘
13:09:02	35.84	--	2	7168	买盘
13:08:57	35.84	--	1	3584	买盘
13:08:52	35.84	--	20	74188	卖盘
13:08:38	35.84	-0.01	14	50176	卖盘
13:08:32	35.85	--	59	212590	买盘
13:08:27	35.85	0.01	40	143400	买盘
13:08:17	35.84	0.04	60	215040	买盘
13:08:12	35.8	--	0	0	卖盘
13:08:07	35.8	--	20	71600	卖盘
13:08:02	35.8	--	10	35800	卖盘
13:07:57	35.8	--	0	0	卖盘
13:07:42	35.8	0.05	1	3579	卖盘
13:07:32	35.75	--	0	0	卖盘
13:07:27	35.75	-0.04	30	107250	卖盘
13:07:22	35.79	--	3	10737	卖盘
13:07:17	35.79	--	101	361479	卖盘
13:07:12	35.79	-0.01	3	10737	卖盘
13:07:07	35.8	--	39	142698	买盘
13:07:02	35.8	--	60	214799	买盘
13:06:52	35.8	--	5	17900	买盘
13:06:47	35.8	--	7	25561	卖盘
13:06:41	35.8	--	95	342391	卖盘
13:06:32	35.8	--	11	42136	卖盘
13:06:26	35.8	--	28	101850	买盘
13:06:17	35.8	--	24	88605	卖盘
13:06:11	35.8	--	10	35800	卖盘
13:06:07	35.8	--	9	35334	卖盘
13:06:02	35.8	--	55	196971	卖盘
13:05:47	35.8	--	9	32577	卖盘
13:05:32	35.8	--	3	12744	卖盘
13:05:26	35.8	--	0	0	卖盘
13:05:21	35.8	-0.02	80	288941	卖盘
13:05:17	35.82	--	0	2543	卖盘
13:05:06	35.82	-0.03	2	8238	卖盘
13:04:51	35.85	--	4	16849	卖盘
13:04:36	35.85	--	6	24664	卖盘
13:04:32	35.85	--	6	21510	卖盘
13:04:16	35.85	0.03	25	91130	买盘
13:04:11	35.82	--	13	46566	卖盘
13:04:01	35.82	-0.03	7	28584	卖盘
13:03:56	35.85	--	22	80949	卖盘
13:03:46	35.85	-0.01	14	51695	卖盘
13:03:41	35.86	--	18	67631	卖盘
13:03:31	35.86	-0.01	11	42745	卖盘
13:03:26	35.87	0.01	1	3586	买盘
13:03:17	35.86	-0.01	19	70715	卖盘
13:03:11	35.87	--	28	103879	卖盘
13:03:01	35.87	--	16	59400	卖盘
13:02:51	35.87	--	2	7173	卖盘
13:02:46	35.87	--	1	5882	卖盘
13:02:31	35.87	--	0	2726	卖盘
13:02:16	35.87	--	1	4519	卖盘
13:02:06	35.87	--	4	14347	卖盘
13:02:01	35.87	--	4	17145	卖盘
13:01:56	35.87	--	0	0	卖盘
13:01:51	35.87	-0.06	8	28839	卖盘
13:01:41	35.93	--	9	33881	卖盘
13:01:36	35.93	-0.02	0	1006	卖盘
13:01:31	35.95	--	0	0	买盘
13:01:26	35.95	0.02	6	21570	买盘
13:01:21	35.93	-0.01	0	1616	卖盘
13:01:11	35.94	0.01	3	10782	中性盘
13:01:06	35.93	--	0	2946	卖盘
13:00:51	35.93	--	19	68338	卖盘
13:00:46	35.93	0.05	6	21558	买盘
13:00:35	35.88	--	28	102401	卖盘
13:00:20	35.88	0.01	11	40185	买盘
13:00:11	35.87	0.01	7	25109	买盘
13:00:05	35.86	-0.01	204	733337	卖盘
11:30:00	35.87	--	0	0	卖盘
11:30:00	35.87	-0.01	5	17935	卖盘
11:29:52	35.88	-0.02	1	3588	卖盘
11:29:46	35.9	0.03	10	35900	买盘
11:29:37	35.87	--	0	0	卖盘
11:29:27	35.87	--	2	7173	卖盘
11:29:22	35.87	--	13	46631	买盘
11:29:16	35.87	--	2	7173	买盘
11:29:12	35.87	--	2	7173	卖盘
11:29:07	35.87	-0.02	5	17935	卖盘
11:29:01	35.89	--	0	0	买盘
11:28:37	35.89	--	2	7178	卖盘
11:28:31	35.89	--	17	61013	买盘
11:28:16	35.89	--	7	25123	卖盘
11:28:07	35.89	--	7	25123	买盘
11:27:57	35.89	--	0	0	买盘
11:27:37	35.89	--	10	35890	买盘
11:27:31	35.89	0.02	9	32301	买盘
11:27:27	35.87	--	0	0	中性盘
11:27:01	35.87	--	5	17935	买盘
11:26:57	35.87	--	1	3586	买盘
11:26:52	35.87	--	11	40389	卖盘
11:26:42	35.87	--	15	53804	卖盘
11:26:37	35.87	0.01	31	113851	买盘
11:26:31	35.86	0.01	2	7172	买盘
11:26:25	35.85	-0.01	2	7170	卖盘
11:26:16	35.86	0.01	1	3586	买盘
11:26:10	35.85	0.02	6	21510	买盘
11:25:46	35.83	-0.02	3	10749	卖盘
11:25:40	35.85	--	1	3585	买盘
11:25:21	35.85	--	3	10755	买盘
11:25:10	35.85	--	2	7170	买盘
11:25:01	35.85	0.05	2	7170	买盘
11:24:40	35.8	--	3	10740	卖盘
11:24:31	35.8	--	10	35800	卖盘
11:24:25	35.8	--	10	35800	买盘
11:24:16	35.8	--	21	75180	买盘
11:24:10	35.8	--	11	39380	买盘
11:24:06	35.8	0.01	8	28639	买盘
11:24:01	35.79	-0.01	1	3579	卖盘
11:23:46	35.8	0.01	2	7159	买盘
11:23:40	35.79	0.09	52	186108	买盘
11:23:36	35.7	-0.09	10	35700	卖盘
11:23:31	35.79	0.13	2	7158	买盘
11:23:25	35.66	--	14	50708	买盘
11:23:21	35.66	-0.04	21	77667	卖盘
11:23:16	35.7	0.03	1	3570	中性盘
11:23:10	35.67	-0.06	50	178350	卖盘
11:23:06	35.73	--	22	79392	买盘
11:23:01	35.73	0.05	12	42875	买盘
11:22:51	35.68	--	0	0	卖盘
11:22:46	35.68	-0.05	37	132016	卖盘
11:22:40	35.73	--	19	67887	买盘
11:22:36	35.73	0.04	10	35730	买盘
11:22:31	35.69	-0.01	5	17845	卖盘
11:22:25	35.7	--	27	96390	买盘
11:22:16	35.7	0.02	73	260610	买盘
11:22:01	35.68	--	11	39248	卖盘
11:21:55	35.68	--	0	0	卖盘
11:21:51	35.68	-0.02	17	60656	卖盘
11:21:46	35.7	-0.03	19	67830	卖盘
11:21:40	35.73	0.02	5	17865	买盘
11:21:36	35.71	--	5	17855	买盘
11:21:31	35.71	-0.02	120	428520	卖盘
11:21:25	35.73	--	1	3572	买盘
11:21:16	35.73	--	5	18293	卖盘
11:21:10	35.73	--	2	7145	卖盘
11:21:06	35.73	--	28	100043	卖盘
11:20:55	35.73	--	9	32156	卖盘
11:20:50	35.73	--	10	35730	卖盘
11:20:46	35.73	-0.02	100	357299	卖盘
11:20:31	35.75	--	25	89375	卖盘
11:20:21	35.75	0.02	4	14300	卖盘
11:20:04	35.73	--	0	0	卖盘
11:19:49	35.73	-0.07	10	35730	卖盘
11:19:34	35.8	--	0	0	买盘
11:19:30	35.8	--	32	114559	买盘
11:19:25	35.8	0.07	5	17900	卖盘
11:19:04	35.73	--	0	0	卖盘
11:19:00	35.73	-0.07	9	32156	卖盘
11:18:49	35.8	0.07	2	7159	买盘
11:18:40	35.73	-0.07	1	3572	卖盘
11:18:25	35.8	0.07	3	10740	买盘
11:18:19	35.73	-0.01	40	142920	卖盘
11:18:15	35.74	0.01	1	3574	中性盘
11:17:40	35.73	-0.12	40	142920	卖盘
11:17:34	35.85	--	1	3585	买盘
11:17:19	35.85	--	5	17925	买盘
11:17:15	35.85	--	6	21510	买盘
11:16:49	35.85	--	14	50190	买盘
11:16:34	35.85	-0.01	8	28680	卖盘
11:16:25	35.86	--	3	10758	买盘
11:16:19	35.86	--	7	25102	买盘
11:16:15	35.86	0.01	3	10758	买盘
11:16:00	35.85	0.09	3	10755	买盘
11:15:49	35.76	--	0	0	卖盘
11:15:45	35.76	-0.02	5	17880	卖盘
11:15:40	35.78	0.02	2	7156	卖盘
11:15:34	35.76	--	0	0	卖盘
11:14:49	35.76	-0.02	5	17880	卖盘
11:14:45	35.78	--	6	24616	买盘
11:14:40	35.78	--	19	67982	买盘
11:14:34	35.78	--	3	10734	买盘
11:14:30	35.78	0.03	2	7156	买盘
11:14:25	35.75	-0.03	5	17875	卖盘
11:14:19	35.78	--	10	35780	买盘
11:14:15	35.78	--	6	21468	买盘
11:14:10	35.78	0.07	31	110918	买盘
11:14:04	35.71	0.01	2	7142	卖盘
11:13:55	35.7	--	0	0	卖盘
11:13:44	35.7	--	11	39270	卖盘
11:13:40	35.7	--	7	24990	卖盘
11:13:34	35.7	--	11	39270	卖盘
11:13:28	35.7	0.03	23	82895	买盘
11:13:24	35.67	--	6	21402	卖盘
11:13:19	35.67	--	6	21402	买盘
11:13:13	35.67	--	0	0	买盘
11:13:10	35.67	-0.01	17	60639	买盘
11:13:04	35.68	--	11	42031	买盘
11:12:58	35.68	--	22	78496	买盘
11:12:54	35.68	0.01	4	14272	中性盘
11:12:49	35.67	-0.03	10	35670	卖盘
11:12:43	35.7	-0.04	1	3570	买盘
11:12:39	35.74	0.06	20	71480	买盘
11:12:34	35.68	-0.02	37	132016	卖盘
11:12:28	35.7	-0.04	6	21420	卖盘
11:12:24	35.74	0.04	5	17870	买盘
11:12:19	35.7	-0.08	220	785400	卖盘
11:12:04	35.78	0.03	7	25046	中性盘
11:11:58	35.75	-0.04	104	371800	卖盘
11:11:49	35.79	-0.01	5	17895	卖盘
11:11:34	35.8	--	5	18329	卖盘
11:11:04	35.8	--	0	0	卖盘
11:10:58	35.8	--	9	35370	买盘
11:10:54	35.8	-0.01	10	36229	卖盘
11:10:49	35.81	--	5	17905	买盘
11:10:43	35.81	0.01	10	35810	买盘
11:10:39	35.8	--	1	6730	买盘
11:10:34	35.8	--	15	54129	卖盘
11:10:28	35.8	-0.01	10	35800	卖盘
11:10:09	35.81	0.01	3	10743	中性盘
11:10:04	35.8	-0.01	10	35800	卖盘
11:09:58	35.81	-0.02	10	35810	卖盘
11:09:54	35.83	0.02	1	3583	买盘
11:09:49	35.81	--	3	10743	买盘
11:09:43	35.81	--	7	25067	买盘
11:09:34	35.81	--	3	10743	买盘
11:09:28	35.81	--	10	35810	买盘
11:09:24	35.81	0.01	3	10743	买盘
11:09:19	35.8	-0.01	48	171840	卖盘
11:09:13	35.81	--	10	35810	买盘
11:09:09	35.81	--	14	50134	卖盘
11:09:04	35.81	-0.01	10	35810	卖盘
11:08:58	35.82	--	0	0	中性盘
11:08:54	35.82	--	12	42984	卖盘
11:08:49	35.82	-0.01	13	46566	卖盘
11:08:34	35.83	--	8	28664	卖盘
11:08:28	35.83	--	0	0	卖盘
11:08:19	35.83	-0.04	4	14332	卖盘
11:08:13	35.87	--	0	0	买盘
11:08:04	35.87	0.02	50	180282	买盘
11:07:54	35.85	--	10	35850	卖盘
11:07:49	35.85	--	51	182835	卖盘
11:07:43	35.85	--	16	57360	卖盘
11:07:39	35.85	--	361	1296837	卖盘
11:07:34	35.85	--	2	7170	卖盘
11:07:28	35.85	--	74	265290	卖盘
11:07:19	35.85	--	1	3585	卖盘
11:07:13	35.85	--	0	0	卖盘
11:07:09	35.85	--	17	60945	卖盘
11:06:58	35.85	--	123	440955	卖盘
11:06:52	35.85	--	50	179250	卖盘
11:06:48	35.85	--	6	21510	卖盘
11:06:43	35.85	-0.01	158	566430	卖盘
11:06:34	35.86	-0.04	20	71720	卖盘
11:06:28	35.9	--	1	3590	买盘
11:06:22	35.9	--	14	50260	卖盘
11:06:13	35.9	--	0	0	卖盘
11:06:07	35.9	-0.03	18	64620	卖盘
11:05:58	35.93	-0.01	10	35930	卖盘
11:05:52	35.94	-0.02	79	286621	卖盘
11:05:48	35.96	0.01	5	17980	买盘
11:05:43	35.95	-0.01	16	58418	卖盘
11:05:37	35.96	--	42	151032	买盘
11:05:33	35.96	--	19	68324	卖盘
11:05:28	35.96	-0.01	3	10788	卖盘
11:05:13	35.97	0.01	8	28776	买盘
11:04:58	35.96	-0.01	4	14384	卖盘
11:04:37	35.97	0.01	1	3597	买盘
11:04:33	35.96	--	1	3596	卖盘
11:04:28	35.96	--	2	7192	卖盘
11:04:18	35.96	-0.01	4	14384	卖盘
11:04:13	35.97	--	5	17985	买盘
11:03:58	35.97	--	2	7194	卖盘
11:03:52	35.97	--	37	133089	卖盘
11:03:43	35.97	--	0	0	卖盘
11:03:37	35.97	--	0	0	卖盘
11:03:13	35.97	--	10	35970	卖盘
11:02:43	35.97	--	3	10791	卖盘
11:02:33	35.97	-0.01	3	10791	卖盘
11:02:28	35.98	0.01	8	28783	卖盘
11:02:22	35.97	--	0	0	卖盘
11:02:13	35.97	-0.11	15	53955	卖盘
11:02:07	36.08	0.12	21	75768	买盘
11:02:03	35.96	--	0	0	卖盘
11:01:58	35.96	-0.09	6	21576	卖盘
11:01:43	36.05	-0.07	7	27614	卖盘
11:01:37	36.12	0.07	24	87916	买盘
11:01:13	36.05	0.03	1	3604	卖盘
11:01:07	36.02	0.07	8	28816	买盘
11:00:48	35.95	--	5	17975	卖盘
11:00:43	35.95	--	0	0	卖盘
11:00:37	35.95	-0.05	21	75495	卖盘
11:00:28	36.0	--	2	7200	买盘
11:00:16	36.0	--	3	10800	买盘
11:00:07	36.0	--	10	36000	卖盘
10:59:52	36.0	-0.02	21	75600	卖盘
10:59:31	36.02	-0.05	1	3602	卖盘
10:59:22	36.07	--	3	10821	卖盘
10:59:16	36.07	0.02	66	238062	买盘
10:59:12	36.05	-0.01	20	72100	卖盘
10:58:52	36.06	--	5	18030	卖盘
10:58:46	36.06	-0.01	100	360600	卖盘
10:58:42	36.07	0.01	3	10821	中性盘
10:58:37	36.06	--	25	90150	卖盘
10:58:31	36.06	--	0	0	卖盘
10:58:22	36.06	-0.02	33	118998	卖盘
10:58:16	36.08	--	1	3608	卖盘
10:58:07	36.08	--	5	18040	卖盘
10:58:01	36.08	-0.03	15	54120	卖盘
10:57:52	36.11	--	1	3611	买盘
10:57:42	36.11	0.01	32	115552	买盘
10:57:37	36.1	-0.02	39	143172	卖盘
10:57:31	36.12	0.01	34	122807	买盘
10:57:22	36.11	-0.01	10	36110	中性盘
10:57:16	36.12	--	5	18060	买盘
10:57:07	36.12	-0.01	9	32507	卖盘
10:57:01	36.13	-0.02	15	54195	卖盘
10:56:52	36.15	0.02	3	10845	买盘
10:56:46	36.13	--	8	28904	卖盘
10:56:42	36.13	--	0	0	卖盘
10:56:31	36.13	-0.06	4	14452	卖盘
10:56:27	36.19	--	0	0	买盘
10:56:12	36.19	--	12	43428	卖盘
10:56:07	36.19	0.07	20	72380	买盘
10:55:52	36.12	0.02	15	54179	买盘
10:55:46	36.1	--	21	75810	卖盘
10:55:31	36.1	0.02	62	225047	买盘
10:55:22	36.08	--	32	115456	买盘
10:55:16	36.08	0.02	100	360800	买盘
10:55:12	36.06	--	1	3606	卖盘
10:55:07	36.06	--	10	36060	买盘
10:54:46	36.06	0.05	16	57696	买盘
10:54:31	36.01	-0.01	59	212459	卖盘
10:54:27	36.02	-0.03	5	18010	卖盘
10:54:22	36.05	0.03	35	126174	买盘
10:54:16	36.02	0.01	8	28816	卖盘
10:54:12	36.01	--	0	0	卖盘
10:54:07	36.01	--	0	0	卖盘
10:54:01	36.01	-0.02	48	172848	卖盘
10:53:57	36.03	--	0	0	买盘
10:53:46	36.03	0.03	143	515229	中性盘
10:53:40	36.0	--	0	0	卖盘
10:53:31	36.0	--	0	0	卖盘
10:53:25	36.0	--	1	3600	中性盘
10:53:21	36.0	--	2	7200	买盘
10:53:16	36.0	-0.03	10	36000	买盘
10:53:10	36.03	--	0	0	买盘
10:53:01	36.03	-0.02	8	28824	卖盘
10:52:55	36.05	0.01	13	46864	买盘
10:52:51	36.04	--	0	0	买盘
10:52:46	36.04	--	68	245072	买盘
10:52:40	36.04	--	102	367608	买盘
10:52:36	36.04	0.01	5	18020	买盘
10:52:31	36.03	0.1	23	82869	买盘
10:52:25	35.93	--	40	143720	中性盘
10:52:21	35.93	--	2	7186	卖盘
10:52:16	35.93	--	6	21558	买盘
10:52:01	35.93	-0.1	36	129348	卖盘
10:51:55	36.03	--	13	46839	买盘
10:51:46	36.03	0.1	3	10809	买盘
10:51:40	35.93	--	3	10779	卖盘
10:51:25	35.93	--	3	10779	卖盘
10:51:10	35.93	-0.12	1	3593	卖盘
10:50:55	36.05	-0.04	2	7209	买盘
10:50:40	36.09	--	0	0	买盘
10:50:36	36.09	--	10	38471	买盘
10:50:31	36.09	--	0	0	买盘
10:50:25	36.09	0.04	1	3609	买盘
10:50:16	36.05	--	2	7209	卖盘
10:50:10	36.05	0.1	195	704200	买盘
10:50:01	35.95	0.02	1	3595	买盘
10:49:55	35.93	-0.02	10	35930	卖盘
10:49:40	35.95	--	12	43140	买盘
10:49:31	35.95	--	6	21570	买盘
10:49:25	35.95	--	1	3595	买盘
10:49:01	35.95	--	8	28760	买盘
10:48:55	35.95	0.07	17	61115	买盘
10:48:51	35.88	-0.05	3	11876	卖盘
10:48:46	35.93	--	13	49188	卖盘
10:48:40	35.93	--	3	11892	卖盘
10:48:16	35.93	0.02	16	57488	买盘
10:48:06	35.91	0.01	13	46682	买盘
10:48:01	35.9	--	0	0	买盘
10:47:46	35.9	--	3	10770	买盘
10:47:40	35.9	-0.01	11	39490	卖盘
10:47:31	35.91	0.01	8	28727	买盘
10:47:25	35.9	-0.01	1	3590	卖盘
10:47:19	35.91	--	8	28727	买盘
10:47:16	35.91	-0.02	15	53864	卖盘
10:46:55	35.93	--	0	0	买盘
10:46:49	35.93	0.03	14	50302	买盘
10:46:34	35.9	--	0	0	卖盘
10:46:25	35.9	--	1	3590	卖盘
10:46:10	35.9	0.08	30	107700	买盘
10:46:04	35.82	-0.08	7	25074	卖盘
10:45:34	35.9	0.08	1	3590	买盘
10:45:30	35.82	--	4	14328	卖盘
10:45:19	35.82	0.02	45	161190	买盘
10:45:15	35.8	--	0	0	卖盘
10:45:10	35.8	--	13	46539	卖盘
10:45:04	35.8	-0.01	5	17900	卖盘
10:44:55	35.81	--	0	0	卖盘
10:44:49	35.81	0.01	8	28648	卖盘
10:44:45	35.8	--	0	0	卖盘
10:44:40	35.8	--	0	0	卖盘
10:44:34	35.8	-0.02	11	39380	卖盘
10:44:30	35.82	--	0	0	卖盘
10:44:19	35.82	0.02	9	32238	卖盘
10:44:10	35.8	--	0	0	卖盘
10:44:04	35.8	--	6	21480	卖盘
10:44:00	35.8	--	0	0	卖盘
10:43:55	35.8	-0.05	134	482870	卖盘
10:43:49	35.85	-0.01	66	236610	卖盘
10:43:45	35.86	--	0	0	卖盘
10:43:40	35.86	--	20	71720	卖盘
10:43:25	35.86	--	5	17930	卖盘
10:43:19	35.86	--	32	114752	卖盘
10:43:10	35.86	--	23	82478	卖盘
10:43:04	35.86	--	3	10758	卖盘
10:43:00	35.86	0.01	13	46618	卖盘
10:42:40	35.85	--	0	0	卖盘
10:42:34	35.85	-0.1	201	720585	卖盘
10:42:19	35.95	--	8	28760	卖盘
10:42:10	35.95	0.01	5	17975	卖盘
10:41:55	35.94	0.09	84	301896	买盘
10:41:49	35.85	--	43	154155	卖盘
10:41:45	35.85	--	4	14340	卖盘
10:41:40	35.85	--	1	3585	卖盘
10:41:34	35.85	--	2	7170	卖盘
10:41:30	35.85	--	2	7170	卖盘
10:41:10	35.85	-0.01	4	14340	卖盘
10:41:04	35.86	--	3	10758	买盘
10:41:00	35.86	--	28	100408	卖盘
10:40:49	35.86	0.07	44	157784	买盘
10:40:43	35.79	-0.07	31	110949	卖盘
10:40:40	35.86	--	0	0	买盘
10:40:34	35.86	0.06	35	125510	买盘
10:40:28	35.8	--	0	0	卖盘
10:40:24	35.8	0.01	21	75180	卖盘
10:40:19	35.79	-0.01	31	110949	卖盘
10:40:13	35.8	--	24	85920	买盘
10:40:09	35.8	--	8	28639	买盘
10:39:58	35.8	0.01	1	3579	卖盘
10:39:49	35.79	-0.06	77	275583	卖盘
10:39:34	35.85	0.05	18	64530	买盘
10:39:28	35.8	-0.05	5	17900	卖盘
10:39:24	35.85	0.05	2	7170	买盘
10:39:19	35.8	--	54	193319	卖盘
10:39:04	35.8	-0.01	66	236279	卖盘
10:38:58	35.81	-0.04	6	21486	卖盘
10:38:39	35.85	--	10	35850	买盘
10:38:34	35.85	-0.01	1	3585	买盘
10:38:28	35.86	--	5	17930	买盘
10:38:24	35.86	0.05	10	35860	买盘
10:38:19	35.81	-0.04	64	229184	卖盘
10:38:13	35.85	-0.01	15	53775	卖盘
10:38:09	35.86	0.01	9	32274	买盘
10:38:04	35.85	--	3	10755	卖盘
10:37:58	35.85	-0.05	200	717000	卖盘
10:37:39	35.9	--	19	68210	卖盘
10:37:28	35.9	--	23	82570	卖盘
10:37:19	35.9	-0.04	10	35900	卖盘
10:37:09	35.94	0.04	10	35940	买盘
10:37:04	35.9	-0.08	10	35900	卖盘
10:36:58	35.98	--	10	35980	买盘
10:36:54	35.98	--	5	17990	买盘
10:36:43	35.98	--	5	21480	卖盘
10:36:34	35.98	--	20	71960	卖盘
10:36:28	35.98	-0.01	90	323927	卖盘
10:36:19	35.99	--	10	35990	买盘
10:36:04	35.99	--	8	28792	买盘
10:35:54	35.99	--	5	17995	买盘
10:35:49	35.99	--	2	7198	买盘
10:35:43	35.99	-0.09	109	392291	卖盘
10:35:24	36.08	0.02	20	72160	买盘
10:35:19	36.06	--	2	7212	买盘
10:35:09	36.06	--	0	0	买盘
10:34:58	36.06	0.01	48	173088	买盘
10:34:49	36.05	--	27	97334	买盘
10:34:39	36.05	0.01	5	18025	买盘
10:34:28	36.04	-0.01	8	28832	买盘
10:34:07	36.05	0.03	1	3604	买盘
10:33:37	36.02	--	4	14408	卖盘
10:33:28	36.02	--	5	18010	卖盘
10:33:22	36.02	-0.01	3	10806	卖盘
10:33:07	36.03	0.01	5	18015	卖盘
10:33:03	36.02	--	0	0	卖盘
10:32:58	36.02	-0.01	28	100856	卖盘
10:32:52	36.03	--	3	10809	买盘
10:32:43	36.03	--	0	0	买盘
10:32:37	36.03	--	1	3603	买盘
10:32:28	36.03	0.02	8	28824	中性盘
10:32:18	36.01	-0.02	22	79222	卖盘
10:32:07	36.03	0.02	2	7206	中性盘
10:32:03	36.01	--	5	18005	卖盘
10:31:58	36.01	--	0	0	卖盘
10:31:37	36.01	--	0	0	卖盘
10:31:28	36.01	0.02	10	36010	中性盘
10:31:22	35.99	-0.1	10	35990	卖盘
10:31:18	36.09	0.09	11	39699	买盘
10:31:13	36.0	-0.01	18	64800	卖盘
10:31:07	36.01	0.01	5	18005	买盘
10:31:03	36.0	--	30	108000	卖盘
10:30:52	36.0	-0.01	5	18000	卖盘
10:30:37	36.01	-0.08	30	108030	卖盘
10:30:28	36.09	-0.01	4	14436	买盘
10:30:22	36.1	--	10	36100	买盘
10:30:03	36.1	--	10	36100	买盘
10:29:58	36.1	-0.01	39	140790	卖盘
10:29:52	36.11	--	0	0	中性盘
10:29:48	36.11	--	10	36110	买盘
10:29:43	36.11	-0.02	25	90275	卖盘
10:29:37	36.13	--	2	7226	卖盘
10:29:33	36.13	-0.01	3	10839	卖盘
10:29:28	36.14	0.02	1	3614	卖盘
10:29:22	36.12	--	0	0	卖盘
10:29:13	36.12	--	2	7223	中性盘
10:29:07	36.12	-0.03	5	18060	卖盘
10:28:58	36.15	0.05	20	72300	买盘
10:28:52	36.1	--	0	0	卖盘
10:28:43	36.1	-0.02	1	3610	卖盘
10:28:37	36.12	0.02	15	54179	买盘
10:28:33	36.1	--	1	3610	买盘
10:28:28	36.1	-0.01	9	32490	卖盘
10:28:22	36.11	0.01	1	3611	买盘
10:28:18	36.1	--	64	231040	卖盘
10:28:03	36.1	-0.02	4	14440	卖盘
10:27:58	36.12	0.02	1	3611	卖盘
10:27:52	36.1	--	0	0	卖盘
10:27:42	36.1	--	0	0	卖盘
10:27:37	36.1	--	15	54150	卖盘
10:27:31	36.1	--	135	487350	卖盘
10:27:27	36.1	-0.02	3	10830	卖盘
10:27:22	36.12	0.02	79	285348	买盘
10:27:16	36.1	-0.02	50	180500	卖盘
10:27:12	36.12	0.02	3	10836	买盘
10:27:07	36.1	-0.02	20	72200	卖盘
10:27:01	36.12	0.02	22	79464	买盘
10:26:52	36.1	--	14	50540	买盘
10:26:46	36.1	--	67	241870	买盘
10:26:37	36.1	-0.02	1	3610	中性盘
10:26:31	36.12	0.11	9	32507	买盘
10:26:22	36.01	-0.18	1	3601	卖盘
10:26:16	36.19	0.19	2	7238	买盘
10:26:07	36.0	-0.2	64	230400	卖盘
10:26:01	36.2	--	35	126700	买盘
10:25:57	36.2	0.01	4	14480	买盘
10:25:52	36.19	0.06	12	43428	买盘
10:25:46	36.13	-0.06	10	36130	中性盘
10:25:42	36.19	0.1	6	21714	买盘
10:25:37	36.09	-0.14	1	3609	买盘
10:25:31	36.23	--	10	36230	买盘
10:25:22	36.23	0.23	127	460120	买盘
10:25:16	36.0	--	8	28800	买盘
10:25:12	36.0	0.01	3	10800	买盘
10:25:07	35.99	0.01	15	53985	买盘
10:25:01	35.98	--	6	21587	卖盘
10:24:57	35.98	--	35	125929	买盘
10:24:52	35.98	--	50	179899	买盘
10:24:46	35.98	--	6	21587	买盘
10:24:37	35.98	0.05	186	669228	买盘
10:24:31	35.93	0.03	5	17965	买盘
10:24:07	35.9	--	4	14360	买盘
10:24:01	35.9	0.05	3	10770	买盘
10:23:52	35.85	--	0	0	卖盘
10:23:46	35.85	-0.01	35	125475	卖盘
10:23:42	35.86	0.01	11	39446	卖盘
10:23:37	35.85	--	0	0	卖盘
10:23:31	35.85	--	0	0	卖盘
10:23:22	35.85	0.02	50	180038	买盘
10:23:16	35.83	--	0	0	买盘
10:23:07	35.83	0.01	59	211397	买盘
10:22:57	35.82	0.02	25	89550	买盘
10:22:52	35.8	--	32	114559	卖盘
10:22:46	35.8	-0.01	51	182580	卖盘
10:22:42	35.81	--	0	0	中性盘
10:22:31	35.81	-0.01	4	14324	买盘
10:22:22	35.82	--	0	0	买盘
10:22:16	35.82	0.02	10	35820	买盘
10:22:12	35.8	--	1	3579	买盘
10:22:01	35.8	--	7	25059	买盘
10:21:56	35.8	--	39	139620	买盘
10:21:52	35.8	--	4	14319	买盘
10:21:46	35.8	--	10	35800	买盘
10:21:42	35.8	--	3	10740	买盘
10:21:36	35.8	0.02	1	3579	买盘
10:21:25	35.78	--	14	50092	买盘
10:21:22	35.78	--	2	7156	买盘
10:21:16	35.78	--	4	14312	买盘
10:21:01	35.78	0.02	10	35780	买盘
10:20:55	35.76	--	2	7152	卖盘
10:20:31	35.76	-0.02	16	59933	卖盘
10:20:25	35.78	-0.02	2	7156	卖盘
10:20:16	35.8	--	0	0	中性盘
10:20:06	35.8	--	2	7159	买盘
10:20:01	35.8	--	12	42960	买盘
10:19:40	35.8	--	40	143200	买盘
10:19:31	35.8	--	1	3579	买盘
10:19:21	35.8	0.05	4	14319	买盘
10:19:16	35.75	-0.05	2	7150	卖盘
10:19:01	35.8	--	5	17900	买盘
10:18:55	35.8	--	23	82340	卖盘
10:18:46	35.8	--	2	7159	卖盘
10:18:40	35.8	--	19	68020	卖盘
10:18:36	35.8	--	6	21480	卖盘
10:18:31	35.8	--	12	42960	卖盘
10:18:16	35.8	--	15	53699	卖盘
10:18:10	35.8	--	2	7159	卖盘
10:18:01	35.8	-0.01	1	3579	买盘
10:17:46	35.81	--	0	0	中性盘
10:17:40	35.81	-0.01	7	25067	卖盘
10:17:31	35.82	0.07	10	35820	买盘
10:17:25	35.75	--	84	300300	卖盘
10:17:16	35.75	--	0	0	卖盘
10:17:10	35.75	-0.07	53	189475	卖盘
10:17:06	35.82	--	0	0	买盘
10:17:01	35.82	--	0	0	买盘
10:16:55	35.82	0.02	3	10746	买盘
10:16:51	35.8	-0.01	10	35800	卖盘
10:16:46	35.81	--	10	35810	卖盘
10:16:40	35.81	--	1	3581	卖盘
10:16:31	35.81	--	8	28648	买盘
10:16:25	35.81	0.01	2	7162	买盘
10:16:21	35.8	0.04	9	32219	买盘
10:16:16	35.76	-0.04	12	42912	卖盘
10:16:10	35.8	--	1	3579	买盘
10:16:06	35.8	-0.01	2	7159	买盘
10:16:01	35.81	0.01	5	17905	买盘
10:15:55	35.8	--	8	28639	卖盘
10:15:46	35.8	--	5	17900	卖盘
10:15:36	35.8	--	52	186159	卖盘
10:15:31	35.8	--	18	64439	买盘
10:15:21	35.8	0.04	2	7159	买盘
10:15:10	35.76	--	2	7152	买盘
10:15:04	35.76	-0.01	4	14304	卖盘
10:14:55	35.77	0.01	18	64386	中性盘
10:14:49	35.76	-0.05	5	17880	卖盘
10:14:40	35.81	0.05	18	64458	买盘
10:14:30	35.76	-0.04	10	35760	卖盘
10:14:25	35.8	--	2	7159	卖盘
10:14:15	35.8	0.05	1	3579	买盘
10:14:10	35.75	-0.01	12	42900	卖盘
10:14:04	35.76	--	19	67944	买盘
10:13:55	35.76	--	2	7152	买盘
10:13:45	35.76	--	2	7152	卖盘
10:13:40	35.76	0.01	5	17880	中性盘
10:13:34	35.75	-0.05	42	150150	卖盘
10:13:25	35.8	0.02	2	7159	卖盘
10:13:19	35.78	--	2	7156	卖盘
10:13:10	35.78	--	0	0	卖盘
10:12:49	35.78	-0.04	2	7156	卖盘
10:12:40	35.82	0.04	40	143280	买盘
10:12:34	35.78	--	13	46514	买盘
10:12:25	35.78	--	0	0	买盘
10:12:19	35.78	--	9	32202	卖盘
10:12:15	35.78	--	1	3578	卖盘
10:12:10	35.78	--	34	121652	卖盘
10:12:04	35.78	-0.02	1	3578	卖盘
10:12:00	35.8	-0.01	13	46539	卖盘
10:11:55	35.81	0.01	33	118173	中性盘
10:11:49	35.8	-0.01	6	21480	卖盘
10:11:45	35.81	0.01	10	35810	中性盘
10:11:40	35.8	-0.01	17	60859	卖盘
10:11:34	35.81	0.01	5	17905	买盘
10:11:30	35.8	--	3	10740	卖盘
10:11:25	35.8	-0.01	47	168260	卖盘
10:11:19	35.81	--	2	7162	买盘
10:11:10	35.81	0.01	2	7162	买盘
10:11:04	35.8	--	1	3579	卖盘
10:10:55	35.8	--	15	53699	卖盘
10:10:45	35.8	-0.01	6	21480	卖盘
10:10:34	35.81	--	1	3581	买盘
10:10:25	35.81	0.03	6	21486	买盘
10:10:10	35.78	--	9	32202	卖盘
10:10:04	35.78	-0.02	47	168166	买盘
10:10:00	35.8	0.02	12	42960	买盘
10:09:49	35.78	--	10	35780	买盘
10:09:45	35.78	--	4	14312	买盘
10:09:40	35.78	--	1	3578	卖盘
10:09:34	35.78	0.05	5	17890	买盘
10:09:30	35.73	--	1	3572	卖盘
10:09:25	35.73	--	20	71460	卖盘
10:09:14	35.73	0.02	10	35730	买盘
10:09:04	35.71	-0.02	23	82133	卖盘
10:09:00	35.73	0.02	8	28583	买盘
10:08:54	35.71	--	15	53565	卖盘
10:08:49	35.71	0.03	37	132912	卖盘
10:08:39	35.68	0.01	50	179684	买盘
10:08:34	35.67	--	2	7134	买盘
10:08:28	35.67	0.01	1	3567	买盘
10:08:24	35.66	0.04	1	3565	买盘
10:08:19	35.62	--	0	0	卖盘
10:08:13	35.62	--	30	106859	卖盘
10:08:09	35.62	--	21	77081	买盘
10:08:04	35.62	-0.03	21	76084	卖盘
10:07:58	35.65	--	88	315965	买盘
10:07:54	35.65	0.03	2	7130	买盘
10:07:49	35.62	--	102	365389	卖盘
10:07:39	35.62	--	11	42174	买盘
10:07:34	35.62	--	3	11255	卖盘
10:07:28	35.62	-0.02	4	14247	卖盘
10:07:19	35.64	0.02	2	10121	买盘
10:07:13	35.62	--	5	17810	买盘
10:07:09	35.62	--	1	3561	买盘
10:07:04	35.62	-0.06	74	263588	卖盘
10:06:58	35.68	--	55	196240	买盘
10:06:54	35.68	0.02	35	124880	买盘
10:06:49	35.66	-0.02	50	178299	卖盘
10:06:43	35.68	--	82	292576	卖盘
10:06:39	35.68	--	8	28544	卖盘
10:06:34	35.68	-0.03	7	24976	卖盘
10:06:28	35.71	--	15	53565	买盘
10:06:24	35.71	--	5	19140	卖盘
10:06:19	35.71	-0.02	37	132698	卖盘
10:06:13	35.73	--	14	50021	卖盘
10:06:09	35.73	-0.01	78	278694	卖盘
10:06:04	35.74	-0.01	24	85776	卖盘
10:05:58	35.75	--	10	35750	买盘
10:05:49	35.75	-0.07	111	399113	卖盘
10:05:43	35.82	--	10	35820	买盘
10:05:28	35.82	--	0	0	买盘
10:05:13	35.82	--	20	71854	买盘
10:05:09	35.82	--	9	32273	卖盘
10:05:04	35.82	--	11	42948	卖盘
10:04:58	35.82	0.05	9	32238	买盘
10:04:54	35.77	--	43	153811	卖盘
10:04:49	35.77	0.01	19	67963	卖盘
10:04:43	35.76	--	0	0	卖盘
10:04:39	35.76	-0.04	48	171648	卖盘
10:04:28	35.8	--	68	243439	买盘
10:04:19	35.8	0.01	35	125335	买盘
10:04:13	35.79	-0.04	7	25231	卖盘
10:04:04	35.83	0.04	6	21498	中性盘
10:03:58	35.79	-0.06	12	43162	卖盘
10:03:54	35.85	0.02	10	35850	买盘
10:03:43	35.83	--	47	168401	卖盘
10:03:39	35.83	--	30	107490	卖盘
10:03:34	35.83	--	8	28664	卖盘
10:03:28	35.83	0.08	15	53745	买盘
10:03:13	35.75	--	2	7150	卖盘
10:03:09	35.75	-0.01	13	46475	卖盘
10:02:58	35.76	0.01	11	39336	卖盘
10:02:53	35.75	--	15	53625	卖盘
10:02:48	35.75	--	0	0	卖盘
10:02:43	35.75	-0.03	2	7150	卖盘
10:02:39	35.78	0.03	16	57748	买盘
10:02:28	35.75	-0.03	40	146074	卖盘
10:02:22	35.78	-0.02	68	243804	卖盘
10:02:13	35.8	0.02	1	3579	买盘
10:02:07	35.78	0.01	1	3578	买盘
10:02:03	35.77	--	5	17885	买盘
10:01:58	35.77	--	2	7154	买盘
10:01:48	35.77	-0.01	1	3577	买盘
10:01:43	35.78	-0.02	2	7156	卖盘
10:01:37	35.8	-0.02	43	157018	卖盘
10:01:28	35.82	--	24	85968	买盘
10:01:22	35.82	--	7	25074	买盘
10:01:18	35.82	--	29	103878	买盘
10:01:13	35.82	-0.03	21	75222	卖盘
10:01:07	35.85	0.03	47	168495	买盘
10:01:03	35.82	-0.03	50	179100	卖盘
10:00:58	35.85	0.05	5	17925	买盘
10:00:52	35.8	-0.05	8	28639	卖盘
10:00:48	35.85	0.04	3	10755	买盘
10:00:43	35.81	--	5	17905	卖盘
10:00:37	35.81	0.01	4	14324	买盘
10:00:28	35.8	--	5	17900	卖盘
10:00:22	35.8	0.01	24	86421	买盘
10:00:18	35.79	--	19	68001	买盘
10:00:13	35.79	-0.01	33	118107	中性盘
10:00:07	35.8	--	11	39380	买盘
10:00:03	35.8	--	20	71600	买盘
09:59:58	35.8	0.01	16	57279	买盘
09:59:52	35.79	0.01	9	32211	买盘
09:59:37	35.78	0.03	3	10734	买盘
09:59:33	35.75	--	1	3575	卖盘
09:59:28	35.75	0.01	13	47047	卖盘
09:59:22	35.74	--	0	0	卖盘
09:59:13	35.74	0.01	2	7326	中性盘
09:59:07	35.73	--	9	35336	卖盘
09:59:03	35.73	--	59	213165	卖盘
09:58:58	35.73	--	7	25010	卖盘
09:58:52	35.73	--	0	1965	卖盘
09:58:48	35.73	0.02	82	295630	买盘
09:58:43	35.71	-0.01	11	42602	卖盘
09:58:37	35.72	--	5	17860	卖盘
09:58:33	35.72	0.01	5	18110	卖盘
09:58:28	35.71	--	8	28782	卖盘
09:58:22	35.71	-0.07	17	62421	卖盘
09:58:13	35.78	--	19	67982	买盘
09:58:07	35.78	0.07	23	85335	买盘
09:58:03	35.71	--	25	89275	卖盘
09:57:58	35.71	--	2	8927	卖盘
09:57:52	35.71	0.03	2	9820	中性盘
09:57:48	35.68	-0.03	79	281872	卖盘
09:57:43	35.71	--	13	46423	卖盘
09:57:37	35.71	0.02	2	7142	买盘
09:57:28	35.69	0.01	1	3569	中性盘
09:57:22	35.68	-0.03	25	89200	卖盘
09:57:18	35.71	0.03	7	24997	买盘
09:57:13	35.68	--	37	132016	买盘
09:57:07	35.68	0.01	25	89200	买盘
09:57:03	35.67	-0.01	77	274659	卖盘
09:56:58	35.68	--	29	103472	卖盘
09:56:48	35.68	--	3	10704	卖盘
09:56:43	35.68	-0.03	42	149856	卖盘
09:56:37	35.71	--	6	21426	买盘
09:56:33	35.71	-0.09	20	71420	卖盘
09:56:27	35.8	--	61	218379	买盘
09:56:22	35.8	--	87	311460	买盘
09:56:12	35.8	--	6	24129	卖盘
09:56:07	35.8	0.02	96	344610	买盘
09:55:52	35.78	0.07	37	132386	买盘
09:55:46	35.71	0.04	2	7142	卖盘
09:55:42	35.67	--	41	146247	卖盘
09:55:37	35.67	--	44	156948	卖盘
09:55:31	35.67	0.01	43	153381	买盘
09:55:22	35.66	0.01	86	306675	买盘
09:55:16	35.65	--	1	3565	买盘
09:55:12	35.65	0.05	3	10695	买盘
09:55:07	35.6	--	52	185120	卖盘
09:55:01	35.6	--	58	206480	卖盘
09:54:57	35.6	0.04	85	302600	买盘
09:54:52	35.56	--	136	483616	卖盘
09:54:46	35.56	--	130	462280	卖盘
09:54:42	35.56	-0.01	3	10668	卖盘
09:54:37	35.57	-0.01	187	665159	卖盘
09:54:31	35.58	--	1	3558	卖盘
09:54:27	35.58	--	23	81834	卖盘
09:54:22	35.58	-0.01	133	473214	卖盘
09:54:16	35.59	-0.01	30	106770	中性盘
09:54:12	35.6	--	8	28480	买盘
09:54:07	35.6	--	5	17800	买盘
09:54:01	35.6	-0.05	119	424850	卖盘
09:53:57	35.65	--	9	32085	卖盘
09:53:52	35.65	-0.01	3	10695	卖盘
09:53:46	35.66	0.05	30	106979	买盘
09:53:42	35.61	--	21	74781	卖盘
09:53:37	35.61	-0.04	63	224343	卖盘
09:53:31	35.65	-0.03	33	117645	卖盘
09:53:27	35.68	0.02	6	21408	买盘
09:53:22	35.66	0.01	59	210393	中性盘
09:53:16	35.65	-0.01	94	335110	卖盘
09:53:12	35.66	-0.03	52	185431	卖盘
09:53:01	35.69	-0.02	209	745921	卖盘
09:52:57	35.71	--	0	0	卖盘
09:52:46	35.71	--	37	132127	卖盘
09:52:37	35.71	-0.04	29	103559	卖盘
09:52:31	35.75	--	81	289575	卖盘
09:52:22	35.75	--	25	89375	卖盘
09:52:16	35.75	--	0	0	卖盘
09:52:12	35.75	--	1	3575	卖盘
09:52:07	35.75	--	58	207350	卖盘
09:51:57	35.75	--	0	0	卖盘
09:51:52	35.75	--	62	221650	卖盘
09:51:46	35.75	--	58	207350	卖盘
09:51:42	35.75	--	0	0	卖盘
09:51:37	35.75	-0.03	120	429214	卖盘
09:51:31	35.78	--	3	10734	卖盘
09:51:27	35.78	--	6	21468	卖盘
09:51:22	35.78	--	2	7156	卖盘
09:51:16	35.78	--	225	805050	买盘
09:51:12	35.78	--	17	60826	买盘
09:51:07	35.78	0.03	180	644040	中性盘
09:51:01	35.75	-0.03	87	311025	卖盘
09:50:57	35.78	-0.01	1	3578	卖盘
09:50:52	35.79	--	47	168213	卖盘
09:50:46	35.79	-0.01	97	349811	卖盘
09:50:41	35.8	--	7	25059	卖盘
09:50:36	35.8	--	15	53699	卖盘
09:50:31	35.8	--	66	236279	卖盘
09:50:27	35.8	--	0	0	卖盘
09:50:22	35.8	-0.01	71	254179	卖盘
09:50:16	35.81	--	11	39391	卖盘
09:50:11	35.81	-0.02	4	14324	卖盘
09:50:01	35.83	0.02	3	10749	买盘
09:49:55	35.81	0.01	1	3581	中性盘
09:49:51	35.8	--	7	25059	卖盘
09:49:46	35.8	--	0	0	卖盘
09:49:40	35.8	-0.05	169	605020	卖盘
09:49:36	35.85	0.02	113	405105	买盘
09:49:31	35.83	--	10	35830	卖盘
09:49:25	35.83	--	4	14332	卖盘
09:49:16	35.83	--	1	3583	卖盘
09:49:10	35.83	--	53	190830	买盘
09:49:01	35.83	0.03	41	146903	买盘
09:48:55	35.8	--	0	0	卖盘
09:48:51	35.8	--	1	3579	卖盘
09:48:46	35.8	-0.04	114	408119	卖盘
09:48:40	35.84	--	5	17920	卖盘
09:48:36	35.84	--	26	93184	买盘
09:48:25	35.84	--	2	7168	买盘
09:48:16	35.84	--	62	222208	卖盘
09:48:10	35.84	0.04	3	10752	卖盘
09:48:06	35.8	-0.05	82	293560	卖盘
09:48:01	35.85	0.04	158	566430	买盘
09:47:55	35.81	-0.03	3	10743	卖盘
09:47:51	35.84	0.04	2	7168	买盘
09:47:46	35.8	-0.01	115	411699	卖盘
09:47:40	35.81	0.01	6	21486	卖盘
09:47:36	35.8	--	51	182580	卖盘
09:47:31	35.8	--	13	46539	卖盘
09:47:25	35.8	--	49	175420	卖盘
09:47:21	35.8	--	78	279240	卖盘
09:47:16	35.8	--	46	164680	卖盘
09:47:10	35.8	0.01	75	268500	买盘
09:47:06	35.79	-0.01	1	3579	卖盘
09:47:01	35.8	--	9	32219	买盘
09:46:55	35.8	--	10	35800	买盘
09:46:51	35.8	0.02	5	17900	买盘
09:46:46	35.78	-0.07	8	28624	卖盘
09:46:40	35.85	0.06	9	32265	买盘
09:46:36	35.79	-0.01	74	264846	卖盘
09:46:31	35.8	-0.04	40	143200	卖盘
09:46:25	35.84	0.09	16	57344	买盘
09:46:21	35.75	--	0	0	卖盘
09:46:16	35.75	--	16	57200	卖盘
09:46:10	35.75	--	42	150150	买盘
09:46:06	35.75	--	3	10725	买盘
09:46:01	35.75	--	110	393250	买盘
09:45:55	35.75	-0.1	190	679250	卖盘
09:45:51	35.85	--	176	630960	买盘
09:45:40	35.85	0.06	1	3585	买盘
09:45:36	35.79	-0.04	1	3579	卖盘
09:45:30	35.83	-0.02	31	111073	中性盘
09:45:25	35.85	0.1	66	236610	买盘
09:45:21	35.75	-0.06	284	1015300	卖盘
09:45:16	35.81	0.02	34	121754	买盘
09:45:10	35.79	--	10	35790	买盘
09:45:06	35.79	0.04	71	254109	买盘
09:45:00	35.75	--	4	14300	买盘
09:44:55	35.75	-0.05	9	32175	卖盘
09:44:45	35.8	0.07	65	233308	买盘
09:44:40	35.73	0.01	24	85751	中性盘
09:44:36	35.72	-0.03	27	96444	卖盘
09:44:30	35.75	--	25	89375	买盘
09:44:25	35.75	--	20	71500	买盘
09:44:21	35.75	-0.05	35	125125	卖盘
09:44:16	35.8	--	8	28639	卖盘
09:44:10	35.8	0.05	33	119929	买盘
09:44:04	35.75	-0.05	61	218075	卖盘
09:44:00	35.8	-0.01	25	89500	买盘
09:43:55	35.81	0.06	44	159354	买盘
09:43:49	35.75	-0.05	3	10725	卖盘
09:43:45	35.8	--	3	10740	买盘
09:43:40	35.8	--	16	57279	买盘
09:43:34	35.8	-0.01	68	243439	中性盘
09:43:30	35.81	0.01	41	146821	买盘
09:43:25	35.8	0.05	21	75180	中性盘
09:43:19	35.75	-0.1	26	92950	卖盘
09:43:15	35.85	--	0	0	买盘
09:43:10	35.85	0.04	24	86040	买盘
09:43:04	35.81	0.09	86	308861	买盘
09:43:00	35.72	-0.06	12	42864	卖盘
09:42:55	35.78	--	16	57248	卖盘
09:42:49	35.78	--	17	62615	卖盘
09:42:40	35.78	-0.07	7	25046	卖盘
09:42:34	35.85	0.04	71	256327	买盘
09:42:25	35.81	-0.04	20	71620	卖盘
09:42:19	35.85	-0.01	86	310102	卖盘
09:42:15	35.86	--	10	35860	买盘
09:42:10	35.86	0.04	1	3586	买盘
09:42:04	35.82	--	2	7164	卖盘
09:42:00	35.82	--	3	12537	卖盘
09:41:55	35.82	--	57	204460	买盘
09:41:49	35.82	0.01	39	139698	买盘
09:41:45	35.81	0.01	5	17905	买盘
09:41:40	35.8	-0.01	10	35800	中性盘
09:41:34	35.81	0.01	136	487016	买盘
09:41:30	35.8	--	58	209429	卖盘
09:41:25	35.8	--	29	105609	卖盘
09:41:19	35.8	--	49	175420	买盘
09:41:15	35.8	0.02	50	179000	买盘
09:41:10	35.78	--	26	94817	买盘
09:41:04	35.78	--	34	121652	卖盘
09:40:55	35.78	-0.02	59	212891	卖盘
09:40:49	35.8	0.02	26	93079	买盘
09:40:40	35.78	0.06	33	118074	买盘
09:40:34	35.72	0.06	126	453108	买盘
09:40:30	35.66	-0.02	2	7131	卖盘
09:40:25	35.68	0.02	214	763552	买盘
09:40:19	35.66	--	19	67754	买盘
09:40:15	35.66	-0.01	18	64187	卖盘
09:40:10	35.67	0.01	45	160515	中性盘
09:40:04	35.66	-0.02	42	149772	卖盘
09:40:00	35.68	--	79	281872	买盘
09:39:55	35.68	-0.03	33	117744	卖盘
09:39:49	35.71	0.03	3	10713	买盘
09:39:45	35.68	-0.04	15	53520	卖盘
09:39:40	35.72	--	43	153596	买盘
09:39:34	35.72	--	10	35720	买盘
09:39:30	35.72	--	56	201460	卖盘
09:39:25	35.72	-0.01	9	32148	卖盘
09:39:19	35.73	0.06	5	17865	中性盘
09:39:15	35.67	-0.05	100	356700	卖盘
09:39:10	35.72	0.01	74	264328	买盘
09:39:04	35.71	-0.01	166	592786	卖盘
09:39:00	35.72	--	12	42864	卖盘
09:38:54	35.72	-0.02	17	62867	买盘
09:38:49	35.74	0.02	20	71480	中性盘
09:38:45	35.72	-0.08	110	392920	卖盘
09:38:40	35.8	--	41	146780	卖盘
09:38:34	35.8	-0.09	51	185873	卖盘
09:38:30	35.89	0.08	210	753977	买盘
09:38:24	35.81	-0.08	84	300804	卖盘
09:38:19	35.89	0.08	10	35890	买盘
09:38:15	35.81	-0.08	12	42972	卖盘
09:38:09	35.89	-0.01	67	240463	卖盘
09:38:04	35.9	--	51	183090	卖盘
09:37:59	35.9	-0.06	3	10770	卖盘
09:37:54	35.96	0.06	44	158224	中性盘
09:37:49	35.9	-0.1	74	265660	卖盘
09:37:45	36.0	0.05	111	399600	买盘
09:37:40	35.95	-0.01	56	201320	卖盘
09:37:34	35.96	-0.04	140	503440	卖盘
09:37:28	36.0	--	70	252000	卖盘
09:37:24	36.0	--	30	108000	卖盘
09:37:19	36.0	-0.01	6	21600	卖盘
09:37:13	36.01	--	12	43212	买盘
09:37:09	36.01	-0.01	39	140439	卖盘
09:37:04	36.02	-0.03	1	3602	中性盘
09:36:58	36.05	0.03	46	165830	买盘
09:36:54	36.02	-0.03	27	97254	中性盘
09:36:49	36.05	0.04	42	151410	买盘
09:36:43	36.01	-0.04	20	72020	卖盘
09:36:39	36.05	-0.1	73	263165	卖盘
09:36:34	36.15	0.05	103	372345	买盘
09:36:28	36.1	-0.05	6	21660	卖盘
09:36:24	36.15	0.05	58	209670	买盘
09:36:19	36.1	--	9	32490	卖盘
09:36:13	36.1	--	2	7220	卖盘
09:36:09	36.1	--	1	3610	卖盘
09:36:04	36.1	0.05	56	202160	买盘
09:35:58	36.05	0.05	116	418179	买盘
09:35:49	36.0	--	29	104400	买盘
09:35:43	36.0	--	10	36000	买盘
09:35:39	36.0	0.02	38	136800	买盘
09:35:34	35.98	0.07	33	118733	买盘
09:35:28	35.91	-0.04	57	204686	卖盘
09:35:24	35.95	0.04	6	21570	买盘
09:35:19	35.91	0.01	31	111320	中性盘
09:35:13	35.9	-0.01	54	193860	卖盘
09:35:09	35.91	0.01	4	14363	买盘
09:35:04	35.9	-0.03	33	118470	卖盘
09:34:58	35.93	-0.02	66	237138	卖盘
09:34:54	35.95	-0.03	8	28760	中性盘
09:34:49	35.98	--	14	50371	买盘
09:34:43	35.98	--	13	46773	买盘
09:34:39	35.98	-0.02	5	17990	卖盘
09:34:34	36.0	--	72	259200	买盘
09:34:28	36.0	--	11	39600	买盘
09:34:24	36.0	-0.08	13	46800	卖盘
09:34:19	36.08	--	74	266992	卖盘
09:34:13	36.08	0.04	55	198440	买盘
09:34:09	36.04	0.02	8	28832	买盘
09:34:04	36.02	-0.03	8	28816	中性盘
09:33:58	36.05	--	39	140595	卖盘
09:33:54	36.05	--	0	0	卖盘
09:33:49	36.05	-0.05	6	21630	卖盘
09:33:43	36.1	--	0	0	买盘
09:33:39	36.1	--	80	290929	卖盘
09:33:33	36.1	-0.06	28	101080	卖盘
09:33:28	36.16	--	28	101247	买盘
09:33:24	36.16	0.01	12	43391	买盘
09:33:18	36.15	-0.02	84	303660	卖盘
09:33:13	36.17	--	72	260424	卖盘
09:33:09	36.17	-0.03	18	65106	卖盘
09:33:03	36.2	-0.02	141	510420	卖盘
09:32:58	36.22	-0.03	5	18110	中性盘
09:32:54	36.25	0.03	181	656125	买盘
09:32:48	36.22	--	91	329602	买盘
09:32:43	36.22	0.01	145	525190	卖盘
09:32:39	36.21	0.03	8	28968	中性盘
09:32:33	36.18	-0.02	233	842994	卖盘
09:32:28	36.2	-0.01	50	181000	卖盘
09:32:24	36.21	-0.01	17	61557	卖盘
09:32:18	36.22	0.05	107	387554	买盘
09:32:13	36.17	0.01	28	101276	中性盘
09:32:09	36.16	-0.01	29	104863	卖盘
09:32:03	36.17	0.02	13	47021	买盘
09:31:58	36.15	0.05	22	79530	买盘
09:31:53	36.1	-0.05	13	46930	卖盘
09:31:48	36.15	0.05	32	115680	买盘
09:31:43	36.1	-0.03	182	657020	卖盘
09:31:38	36.13	--	9	32517	买盘
09:31:33	36.13	0.03	55	198715	买盘
09:31:28	36.1	0.17	201	727090	买盘
09:31:22	35.93	--	16	57488	买盘
09:31:18	35.93	-0.11	48	173038	卖盘
09:31:13	36.04	0.05	24	86496	买盘
09:31:07	35.99	0.01	28	100772	买盘
09:31:03	35.98	-0.02	43	154714	中性盘
09:30:58	36.0	0.07	142	511200	买盘
09:30:52	35.93	-0.06	88	316184	卖盘
09:30:48	35.99	0.09	22	82201	买盘
09:30:43	35.9	-0.01	177	635430	卖盘
09:30:37	35.91	0.02	801	2876390	买盘
09:30:33	35.89	-0.01	4	14356	卖盘
09:30:28	35.9	-0.01	59	211810	卖盘
09:30:22	35.91	-0.08	6	21545	卖盘
09:30:18	35.99	--	14	50386	买盘
09:30:13	35.99	-0.01	114	410286	中性盘
09:30:07	36.0	-0.09	466	1677600	卖盘
09:30:03	36.09	0.01	42	151578	买盘
09:28:47	36.08	--	0	0	买盘
09:25:06	36.08	36.08	406	1464848	买盘
