成交时间	成交价	价格变动	成交量(手)	成交额(元)	性质
15:00:00	38.64	--	0	0	买盘
15:00:00	38.64	0.11	0	0	买盘
14:59:58	38.53	-0.12	29	111737	卖盘
14:59:53	38.65	-0.02	63	243495	卖盘
14:59:48	38.67	--	4	15468	买盘
14:59:43	38.67	0.02	36	142614	买盘
14:59:37	38.65	--	91	351715	买盘
14:59:33	38.65	--	17	65705	买盘
14:59:28	38.65	--	96	371040	买盘
14:59:22	38.65	-0.03	71	274415	卖盘
14:59:18	38.68	0.03	7	27076	买盘
14:59:13	38.65	0.02	87	336255	中性盘
14:59:07	38.63	-0.05	32	123616	卖盘
14:59:03	38.68	--	8	30944	买盘
14:58:58	38.68	0.06	28	108304	买盘
14:58:52	38.62	-0.06	48	185376	卖盘
14:58:48	38.68	--	2	7736	买盘
14:58:43	38.68	0.03	37	143116	买盘
14:58:37	38.65	-0.03	124	479260	卖盘
14:58:33	38.68	-0.02	29	112172	卖盘
14:58:28	38.7	0.02	27	104490	买盘
14:58:22	38.68	--	118	456424	买盘
14:58:18	38.68	0.03	75	290100	买盘
14:58:13	38.65	-0.02	40	154600	中性盘
14:58:07	38.67	-0.03	203	785001	卖盘
14:58:03	38.7	--	1	3870	买盘
14:57:58	38.7	--	31	119970	买盘
14:57:52	38.7	--	87	336690	买盘
14:57:48	38.7	0.02	14	54180	卖盘
14:57:43	38.68	-0.02	130	502840	卖盘
14:57:37	38.7	-0.01	27	104490	中性盘
14:57:33	38.71	0.01	33	127743	买盘
14:57:28	38.7	--	203	785610	卖盘
14:57:22	38.7	-0.01	50	193500	卖盘
14:57:18	38.71	--	44	170324	买盘
14:57:13	38.71	0.01	51	197421	卖盘
14:57:07	38.7	-0.01	56	216720	卖盘
14:57:03	38.71	-0.03	31	120001	卖盘
14:56:58	38.74	--	40	154960	买盘
14:56:52	38.74	--	34	131716	买盘
14:56:48	38.74	-0.01	64	247936	卖盘
14:56:43	38.75	-0.01	14	54250	卖盘
14:56:37	38.76	--	76	294576	买盘
14:56:33	38.76	0.01	8	31008	买盘
14:56:28	38.75	--	46	178250	买盘
14:56:22	38.75	0.02	64	248000	买盘
14:56:18	38.73	--	32	123935	卖盘
14:56:13	38.73	-0.02	104	402791	卖盘
14:56:07	38.75	0.02	48	186000	买盘
14:56:03	38.73	-0.04	8	30983	卖盘
14:55:58	38.77	0.01	52	201604	买盘
14:55:52	38.76	--	31	120156	中性盘
14:55:48	38.76	0.02	3	11628	中性盘
14:55:43	38.74	-0.01	98	379652	卖盘
14:55:37	38.75	-0.01	55	213125	卖盘
14:55:33	38.76	--	0	0	买盘
14:55:28	38.76	0.02	41	158916	中性盘
14:55:22	38.74	0.04	47	182078	卖盘
14:55:18	38.7	--	89	344430	卖盘
14:55:13	38.7	-0.04	146	565020	卖盘
14:55:07	38.74	--	166	643084	买盘
14:55:03	38.74	-0.04	21	81354	卖盘
14:54:58	38.78	0.03	199	771722	买盘
14:54:52	38.75	-0.01	26	100750	卖盘
14:54:48	38.76	0.01	26	100776	中性盘
14:54:43	38.75	-0.01	88	341000	卖盘
14:54:37	38.76	--	15	58140	买盘
14:54:32	38.76	--	65	251940	卖盘
14:54:28	38.76	--	20	77520	卖盘
14:54:22	38.76	0.01	123	476748	买盘
14:54:17	38.75	-0.02	2	7750	卖盘
14:54:13	38.77	0.02	41	158957	买盘
14:54:07	38.75	--	90	348750	卖盘
14:54:02	38.75	--	14	54250	卖盘
14:53:58	38.75	-0.02	47	182125	卖盘
14:53:52	38.77	--	10	38770	卖盘
14:53:47	38.77	0.02	96	372192	买盘
14:53:42	38.75	-0.03	60	232500	卖盘
14:53:37	38.78	0.01	122	473116	卖盘
14:53:32	38.77	-0.01	29	112433	卖盘
14:53:27	38.78	-0.01	7	29007	卖盘
14:53:22	38.79	0.01	67	259893	买盘
14:53:17	38.78	-0.02	54	209412	卖盘
14:53:12	38.8	0.02	44	172737	中性盘
14:53:07	38.78	-0.04	184	713552	卖盘
14:53:02	38.82	0.01	35	135870	买盘
14:52:57	38.81	0.01	53	205693	买盘
14:52:52	38.8	--	97	376360	买盘
14:52:47	38.8	--	55	213399	卖盘
14:52:42	38.8	--	40	155200	卖盘
14:52:37	38.8	0.03	64	248319	买盘
14:52:31	38.77	-0.01	74	286898	卖盘
14:52:27	38.78	-0.02	13	50414	卖盘
14:52:22	38.8	0.02	6	23280	卖盘
14:52:16	38.78	-0.02	3	11634	卖盘
14:52:12	38.8	--	7	27159	买盘
14:52:07	38.8	--	61	236679	买盘
14:52:01	38.8	-0.04	98	380240	中性盘
14:51:52	38.84	0.08	7	27188	买盘
14:51:46	38.76	-0.08	134	519384	卖盘
14:51:37	38.84	0.08	23	89332	买盘
14:51:31	38.76	-0.04	4	15504	卖盘
14:51:27	38.8	--	15	58199	卖盘
14:51:22	38.8	0.03	90	349200	买盘
14:51:16	38.77	--	14	54278	卖盘
14:51:07	38.77	0.01	56	217112	买盘
14:51:01	38.76	--	13	50388	卖盘
14:50:52	38.76	0.01	37	143412	买盘
14:50:46	38.75	-0.01	126	488250	卖盘
14:50:42	38.76	--	1	3876	买盘
14:50:37	38.76	-0.04	20	77520	卖盘
14:50:31	38.8	-0.05	17	65960	买盘
14:50:27	38.85	0.09	3	11655	买盘
14:50:22	38.76	-0.1	117	453492	卖盘
14:50:16	38.86	--	18	69948	卖盘
14:50:12	38.86	-0.04	96	373056	卖盘
14:50:07	38.9	--	17	66130	买盘
14:50:01	38.9	--	31	120590	买盘
14:49:57	38.9	--	43	167270	买盘
14:49:52	38.9	-0.01	115	451162	卖盘
14:49:46	38.91	0.01	31	120620	买盘
14:49:42	38.9	--	7	27230	卖盘
14:49:37	38.9	--	18	70020	卖盘
14:49:31	38.9	--	24	93360	卖盘
14:49:27	38.9	--	5	19527	买盘
14:49:22	38.9	--	8	31120	买盘
14:49:16	38.9	0.01	56	217840	买盘
14:49:11	38.89	-0.01	2	7778	买盘
14:49:07	38.9	--	100	389000	买盘
14:49:01	38.9	0.01	244	949160	买盘
14:48:56	38.89	--	6	23334	卖盘
14:48:52	38.89	--	27	105003	卖盘
14:48:46	38.89	0.01	68	264452	买盘
14:48:42	38.88	--	2	7776	卖盘
14:48:37	38.88	--	54	209952	中性盘
14:48:31	38.88	0.02	46	178848	买盘
14:48:26	38.86	--	6	23316	卖盘
14:48:22	38.86	-0.02	10	38860	卖盘
14:48:16	38.88	0.03	85	330480	买盘
14:48:07	38.85	--	19	73815	卖盘
14:48:01	38.85	-0.03	33	128205	卖盘
14:47:56	38.88	0.07	276	1073088	买盘
14:47:51	38.81	--	26	100906	卖盘
14:47:46	38.81	0.01	159	617079	买盘
14:47:41	38.8	--	6	23280	买盘
14:47:36	38.8	--	45	174600	卖盘
14:47:31	38.8	--	6	23280	卖盘
14:47:26	38.8	--	2	7759	卖盘
14:47:21	38.8	-0.07	14	54319	卖盘
14:47:16	38.87	0.06	10	38870	买盘
14:47:11	38.81	-0.07	4	15524	卖盘
14:47:07	38.88	0.08	1	3888	买盘
14:47:01	38.8	-0.08	175	679000	卖盘
14:46:56	38.88	-0.02	94	365472	卖盘
14:46:51	38.9	0.02	6	23340	买盘
14:46:46	38.88	-0.02	65	256530	卖盘
14:46:41	38.9	-0.03	172	669080	卖盘
14:46:36	38.93	0.02	56	218008	买盘
14:46:31	38.91	-0.02	100	389099	卖盘
14:46:26	38.93	-0.01	87	338691	中性盘
14:46:21	38.94	0.01	57	221958	买盘
14:46:16	38.93	-0.01	148	576164	卖盘
14:46:11	38.94	0.02	35	136290	买盘
14:46:06	38.92	-0.01	8	31136	卖盘
14:46:01	38.93	0.01	24	93432	买盘
14:45:56	38.92	0.01	198	770616	买盘
14:45:51	38.91	0.01	15	58442	买盘
14:45:46	38.9	--	43	167270	买盘
14:45:41	38.9	--	97	377330	买盘
14:45:36	38.9	0.01	186	723540	买盘
14:45:31	38.89	-0.01	30	116670	卖盘
14:45:26	38.9	0.02	144	560160	买盘
14:45:21	38.88	0.01	51	202137	买盘
14:45:16	38.87	--	33	128270	卖盘
14:45:10	38.87	0.02	34	132196	买盘
14:45:06	38.85	-0.02	2	7770	卖盘
14:45:01	38.87	0.06	27	104949	买盘
14:44:55	38.81	-0.01	95	368695	中性盘
14:44:51	38.82	0.01	13	50466	买盘
14:44:46	38.81	0.01	34	131954	买盘
14:44:40	38.8	0.01	200	776000	买盘
14:44:36	38.79	--	46	178434	卖盘
14:44:31	38.79	--	38	147402	买盘
14:44:25	38.79	0.02	159	616761	买盘
14:44:21	38.77	-0.02	19	73663	卖盘
14:44:16	38.79	0.04	63	244377	买盘
14:44:10	38.75	-0.02	4	15500	卖盘
14:44:06	38.77	0.01	14	54278	买盘
14:44:01	38.76	0.02	75	290700	买盘
14:43:55	38.74	0.04	134	519116	买盘
14:43:51	38.7	-0.02	23	89010	卖盘
14:43:46	38.72	0.02	101	391072	买盘
14:43:40	38.7	0.01	130	503100	买盘
14:43:36	38.69	0.02	82	317258	买盘
14:43:31	38.67	-0.02	5	19335	卖盘
14:43:25	38.69	0.03	93	359817	买盘
14:43:21	38.66	-0.02	8	30927	卖盘
14:43:16	38.68	0.02	56	216608	买盘
14:43:10	38.66	0.01	14	54703	买盘
14:43:06	38.65	-0.01	9	34785	卖盘
14:43:01	38.66	0.01	96	371135	买盘
14:42:55	38.65	0.05	57	220305	买盘
14:42:51	38.6	--	63	243180	卖盘
14:42:46	38.6	--	10	38600	卖盘
14:42:40	38.6	0.05	163	629180	买盘
14:42:36	38.55	--	2	7709	卖盘
14:42:31	38.55	--	1	3854	卖盘
14:42:25	38.55	-0.04	103	397064	卖盘
14:42:20	38.59	0.04	12	46308	买盘
14:42:16	38.55	0.02	12	46260	买盘
14:42:10	38.53	--	28	107884	买盘
14:42:05	38.53	--	5	19265	买盘
14:42:01	38.53	--	38	146414	买盘
14:41:55	38.53	--	116	446948	买盘
14:41:46	38.53	--	226	870778	买盘
14:41:40	38.53	-0.06	73	281269	卖盘
14:41:35	38.59	0.03	22	84898	买盘
14:41:31	38.56	0.02	44	169664	买盘
14:41:25	38.54	--	13	50102	中性盘
14:41:20	38.54	-0.01	24	92496	卖盘
14:41:16	38.55	0.02	60	231299	买盘
14:41:10	38.53	--	1	3853	卖盘
14:41:01	38.53	0.02	63	242739	买盘
14:40:55	38.51	--	5	19255	卖盘
14:40:50	38.51	--	5	19255	卖盘
14:40:46	38.51	--	52	200252	卖盘
14:40:40	38.51	0.01	62	238762	买盘
14:40:35	38.5	-0.01	1	3850	卖盘
14:40:31	38.51	--	7	26957	买盘
14:40:25	38.51	--	11	42361	卖盘
14:40:16	38.51	0.01	56	215656	卖盘
14:40:10	38.5	--	34	130900	卖盘
14:40:05	38.5	--	2	7700	卖盘
14:40:01	38.5	0.01	55	211750	买盘
14:39:55	38.49	-0.04	62	238638	卖盘
14:39:50	38.53	-0.02	7	26971	卖盘
14:39:46	38.55	--	2	7709	买盘
14:39:40	38.55	--	22	84810	卖盘
14:39:35	38.55	0.04	38	146490	买盘
14:39:31	38.51	-0.04	43	165593	卖盘
14:39:25	38.55	--	15	57824	买盘
14:39:20	38.55	-0.03	41	158055	卖盘
14:39:10	38.58	-0.01	39	150462	卖盘
14:39:05	38.59	-0.01	4	15436	卖盘
14:38:55	38.6	--	12	46320	卖盘
14:38:50	38.6	0.01	6	23160	中性盘
14:38:45	38.59	-0.02	43	165937	卖盘
14:38:40	38.61	0.01	25	96525	买盘
14:38:35	38.6	--	18	69480	买盘
14:38:30	38.6	--	6	23160	买盘
14:38:25	38.6	--	20	77200	卖盘
14:38:20	38.6	--	97	374420	卖盘
14:38:15	38.6	--	34	131240	买盘
14:38:10	38.6	0.01	11	42460	买盘
14:38:04	38.59	--	8	30872	中性盘
14:38:00	38.59	-0.01	11	42449	卖盘
14:37:55	38.6	--	36	138960	卖盘
14:37:49	38.6	--	15	57900	卖盘
14:37:45	38.6	0.01	17	65620	买盘
14:37:40	38.59	-0.01	17	65603	卖盘
14:37:34	38.6	0.01	11	42460	买盘
14:37:19	38.59	0.02	25	96475	买盘
14:37:15	38.57	--	11	42427	卖盘
14:37:10	38.57	0.01	35	134995	卖盘
14:37:04	38.56	-0.04	36	138816	卖盘
14:37:00	38.6	0.01	69	266340	买盘
14:36:55	38.59	0.03	1	3859	买盘
14:36:49	38.56	-0.03	8	30848	卖盘
14:36:40	38.59	--	0	0	买盘
14:36:34	38.59	0.04	75	289425	买盘
14:36:25	38.55	--	22	84810	买盘
14:36:19	38.55	--	7	26984	买盘
14:36:15	38.55	0.01	1	3854	买盘
14:36:10	38.54	--	1	3854	卖盘
14:36:04	38.54	0.01	35	134890	买盘
14:36:00	38.53	--	1	3853	卖盘
14:35:55	38.53	0.03	25	96325	买盘
14:35:45	38.5	-0.03	11	42350	卖盘
14:35:40	38.53	0.03	6	23118	买盘
14:35:34	38.5	--	0	0	卖盘
14:35:25	38.5	--	5	19250	卖盘
14:35:19	38.5	--	20	77000	买盘
14:35:14	38.5	--	11	42350	买盘
14:35:10	38.5	--	15	57750	买盘
14:35:04	38.5	--	16	61600	买盘
14:34:59	38.5	--	3	11550	买盘
14:34:55	38.5	--	13	50050	卖盘
14:34:49	38.5	--	56	215600	卖盘
14:34:40	38.5	-0.04	61	234850	卖盘
14:34:34	38.54	-0.03	29	111766	卖盘
14:34:29	38.57	0.02	105	404985	买盘
14:34:25	38.55	0.05	49	188895	买盘
14:34:19	38.5	-0.05	3	11550	卖盘
14:34:14	38.55	--	14	53969	买盘
14:34:10	38.55	0.01	30	115649	买盘
14:34:04	38.54	-0.01	76	292904	卖盘
14:33:59	38.55	--	0	0	中性盘
14:33:55	38.55	0.01	24	92520	买盘
14:33:49	38.54	-0.01	3	11562	卖盘
14:33:44	38.55	--	39	150345	买盘
14:33:40	38.55	--	11	42405	卖盘
14:33:34	38.55	--	25	96375	买盘
14:33:29	38.55	--	45	173475	买盘
14:33:19	38.55	-0.01	41	158055	卖盘
14:33:10	38.56	0.01	5	19280	买盘
14:33:04	38.55	-0.01	11	42405	卖盘
14:32:59	38.56	--	2	7712	卖盘
14:32:54	38.56	0.06	21	80976	买盘
14:32:49	38.5	-0.05	5	19250	卖盘
14:32:39	38.55	--	2	7709	卖盘
14:32:34	38.55	-0.03	4	15419	卖盘
14:32:29	38.58	0.08	27	104166	买盘
14:32:19	38.5	-0.08	29	111650	卖盘
14:32:14	38.58	--	29	111882	卖盘
14:32:04	38.58	--	9	34722	卖盘
14:31:59	38.58	-0.01	31	119598	卖盘
14:31:54	38.59	-0.01	1	3859	卖盘
14:31:49	38.6	--	101	389860	买盘
14:31:44	38.6	--	4	15440	卖盘
14:31:39	38.6	--	26	100360	卖盘
14:31:34	38.6	--	17	65620	卖盘
14:31:24	38.6	-0.01	5	19300	卖盘
14:31:19	38.61	-0.01	8	30888	卖盘
14:31:14	38.62	--	19	73378	买盘
14:31:04	38.62	--	84	324408	卖盘
14:30:58	38.62	--	9	34758	卖盘
14:30:54	38.62	-0.01	6	23172	卖盘
14:30:49	38.63	--	49	189287	买盘
14:30:43	38.63	-0.02	68	262684	买盘
14:30:39	38.65	--	18	71000	卖盘
14:30:34	38.65	--	37	145439	买盘
14:30:28	38.65	0.03	19	73435	买盘
14:30:24	38.62	-0.03	23	88826	卖盘
14:30:19	38.65	0.02	15	57975	买盘
14:30:13	38.63	-0.02	21	81123	卖盘
14:30:09	38.65	0.02	15	57975	买盘
14:30:04	38.63	0.01	8	30904	中性盘
14:29:58	38.62	--	16	61791	买盘
14:29:54	38.62	0.01	12	46344	买盘
14:29:49	38.61	--	25	96525	买盘
14:29:43	38.61	0.01	30	115830	买盘
14:29:39	38.6	--	6	23160	卖盘
14:29:34	38.6	0.01	35	135100	买盘
14:29:28	38.59	0.01	13	50167	买盘
14:29:24	38.58	0.01	5	19290	中性盘
14:29:19	38.57	-0.02	4	15428	卖盘
14:29:13	38.59	0.05	74	285566	买盘
14:29:09	38.54	-0.01	2	7708	卖盘
14:29:04	38.55	0.01	44	169620	买盘
14:28:58	38.54	--	16	61664	卖盘
14:28:54	38.54	0.02	169	651326	买盘
14:28:49	38.52	-0.01	44	169488	卖盘
14:28:43	38.53	0.01	77	296681	买盘
14:28:39	38.52	--	11	42372	买盘
14:28:34	38.52	--	17	65484	买盘
14:28:28	38.52	--	19	73188	买盘
14:28:23	38.52	--	0	0	买盘
14:28:18	38.52	--	0	0	买盘
14:28:13	38.52	0.03	69	265788	买盘
14:27:58	38.49	-0.01	20	76980	卖盘
14:27:53	38.5	--	1	3850	买盘
14:27:49	38.5	--	5	19250	买盘
14:27:43	38.5	--	2	7700	买盘
14:27:38	38.5	--	16	61600	买盘
14:27:34	38.5	--	38	146300	买盘
14:27:28	38.5	--	30	115500	买盘
14:27:23	38.5	-0.04	8	30800	中性盘
14:27:19	38.54	0.04	79	304466	买盘
14:27:13	38.5	--	4	15400	买盘
14:27:04	38.5	--	3	11550	买盘
14:26:58	38.5	--	24	92400	买盘
14:26:49	38.5	0.05	10	38500	买盘
14:26:43	38.45	-0.03	53	203785	卖盘
14:26:38	38.48	--	12	46175	买盘
14:26:33	38.48	0.03	40	153920	买盘
14:26:28	38.45	--	5	19225	卖盘
14:26:19	38.45	-0.02	32	123040	卖盘
14:26:13	38.47	0.06	28	107716	买盘
14:26:08	38.41	--	0	0	卖盘
14:26:04	38.41	0.01	43	165162	卖盘
14:25:58	38.4	--	27	103680	卖盘
14:25:53	38.4	--	75	288000	卖盘
14:25:43	38.4	0.02	238	913920	买盘
14:25:38	38.38	--	1	3838	买盘
14:25:33	38.38	0.01	90	345420	买盘
14:25:28	38.37	0.02	36	138132	买盘
14:25:23	38.35	--	24	92040	卖盘
14:25:18	38.35	0.02	31	118885	买盘
14:25:13	38.33	--	5	19165	卖盘
14:25:08	38.33	--	5	19165	买盘
14:25:03	38.33	0.03	13	49829	买盘
14:24:58	38.3	--	33	126389	卖盘
14:24:53	38.3	0.05	50	191500	买盘
14:24:48	38.25	-0.01	54	206550	卖盘
14:24:43	38.26	0.01	26	99476	买盘
14:24:38	38.25	-0.01	36	137700	卖盘
14:24:33	38.26	--	10	38260	买盘
14:24:28	38.26	-0.02	77	294602	卖盘
14:24:23	38.28	0.02	22	84216	买盘
14:24:18	38.26	--	5	19130	卖盘
14:24:13	38.26	-0.04	11	42086	卖盘
14:24:08	38.3	0.02	48	183840	买盘
14:24:03	38.28	-0.02	20	76560	卖盘
14:23:58	38.3	-0.03	59	225969	卖盘
14:23:52	38.33	--	0	0	中性盘
14:23:43	38.33	-0.03	73	279809	卖盘
14:23:37	38.36	-0.02	5	19180	卖盘
14:23:33	38.38	--	9	34542	卖盘
14:23:28	38.38	-0.02	45	172710	卖盘
14:23:22	38.4	0.02	20	76800	买盘
14:23:18	38.38	-0.02	45	172710	卖盘
14:23:13	38.4	--	6	23040	买盘
14:23:07	38.4	--	6	23040	买盘
14:23:03	38.4	--	39	149760	卖盘
14:22:58	38.4	-0.02	25	96000	卖盘
14:22:52	38.42	0.02	19	72998	买盘
14:22:48	38.4	-0.02	5	19200	卖盘
14:22:43	38.42	--	2	7684	买盘
14:22:37	38.42	--	20	76840	买盘
14:22:33	38.42	--	8	30736	买盘
14:22:28	38.42	-0.03	10	38420	中性盘
14:22:22	38.45	0.02	105	403725	买盘
14:22:18	38.43	0.01	3	11529	买盘
14:22:13	38.42	--	7	26894	卖盘
14:22:07	38.42	--	14	53788	卖盘
14:22:03	38.42	--	10	38420	卖盘
14:21:58	38.42	-0.01	5	19210	中性盘
14:21:52	38.43	0.01	3	11529	买盘
14:21:48	38.42	--	17	65314	买盘
14:21:43	38.42	-0.03	10	38420	卖盘
14:21:37	38.45	--	17	65365	卖盘
14:21:33	38.45	0.04	84	322980	买盘
14:21:28	38.41	-0.02	2	7681	卖盘
14:21:17	38.43	-0.02	6	23058	卖盘
14:21:13	38.45	--	4	15380	买盘
14:21:07	38.45	0.02	7	26915	买盘
14:20:58	38.43	-0.05	21	80703	卖盘
14:20:52	38.48	0.03	9	34632	买盘
14:20:47	38.45	-0.03	18	69210	卖盘
14:20:43	38.48	-0.01	52	200095	卖盘
14:20:37	38.49	0.01	33	127017	买盘
14:20:32	38.48	--	3	11543	卖盘
14:20:27	38.48	--	40	153920	卖盘
14:20:22	38.48	-0.02	34	130831	卖盘
14:20:17	38.5	0.01	52	200200	买盘
14:20:13	38.49	0.01	12	46188	买盘
14:20:07	38.48	-0.02	117	450215	中性盘
14:20:02	38.5	-0.03	4	15400	买盘
14:19:57	38.53	--	1	3853	买盘
14:19:47	38.53	0.07	27	104031	买盘
14:19:43	38.46	-0.01	20	76920	卖盘
14:19:37	38.47	0.01	68	261596	买盘
14:19:32	38.46	--	12	46152	卖盘
14:19:28	38.46	--	7	26922	买盘
14:19:22	38.46	0.03	5	19230	买盘
14:19:17	38.43	-0.03	37	142191	卖盘
14:19:12	38.46	0.03	80	307680	买盘
14:19:07	38.43	-0.02	32	122976	卖盘
14:19:02	38.45	0.01	10	38450	买盘
14:18:57	38.44	--	2	7688	买盘
14:18:52	38.44	0.01	19	73036	中性盘
14:18:47	38.43	-0.02	15	57645	卖盘
14:18:42	38.45	--	25	96125	买盘
14:18:37	38.45	--	79	303755	买盘
14:18:32	38.45	--	8	30760	买盘
14:18:27	38.45	--	19	73055	买盘
14:18:22	38.45	--	23	88435	卖盘
14:18:17	38.45	--	2	7690	卖盘
14:18:07	38.45	0.05	16	61520	买盘
14:18:02	38.4	0.04	17	65280	买盘
14:17:57	38.36	--	0	0	卖盘
14:17:52	38.36	--	11	42196	卖盘
14:17:47	38.36	--	4	15344	买盘
14:17:42	38.36	--	7	26852	卖盘
14:17:37	38.36	--	8	30688	卖盘
14:17:32	38.36	0.05	17	65212	买盘
14:17:27	38.31	-0.03	11	42141	卖盘
14:17:22	38.34	--	32	122688	买盘
14:17:17	38.34	--	26	99684	买盘
14:17:12	38.34	--	1	3834	买盘
14:17:07	38.34	0.04	7	26838	买盘
14:17:02	38.3	-0.03	100	383000	卖盘
14:16:57	38.33	0.02	14	53662	买盘
14:16:52	38.31	--	24	91944	卖盘
14:16:47	38.31	0.01	11	42141	买盘
14:16:42	38.3	--	11	42130	卖盘
14:16:37	38.3	0.01	7	26809	买盘
14:16:31	38.29	-0.01	16	61264	卖盘
14:16:27	38.3	0.04	1	3829	买盘
14:16:22	38.26	-0.02	14	53564	卖盘
14:16:16	38.28	-0.01	13	49764	卖盘
14:16:12	38.29	0.01	41	156989	买盘
14:16:07	38.28	-0.02	6	22968	卖盘
14:16:01	38.3	0.01	14	53619	买盘
14:15:57	38.29	-0.01	7	26803	卖盘
14:15:52	38.3	0.01	6	22980	买盘
14:15:46	38.29	-0.01	30	114870	卖盘
14:15:42	38.3	-0.01	11	42130	卖盘
14:15:37	38.31	--	20	76620	卖盘
14:15:31	38.31	--	1	3831	卖盘
14:15:27	38.31	-0.04	4	15324	卖盘
14:15:22	38.35	--	13	49855	买盘
14:15:16	38.35	--	10	38350	卖盘
14:15:11	38.35	-0.02	10	38350	卖盘
14:15:07	38.37	--	15	57554	买盘
14:15:01	38.37	--	18	69066	卖盘
14:14:52	38.37	-0.03	59	226382	卖盘
14:14:46	38.4	--	45	172800	卖盘
14:14:37	38.4	-0.07	63	242380	卖盘
14:14:31	38.47	-0.08	25	96175	卖盘
14:14:27	38.55	--	14	53969	买盘
14:14:22	38.55	--	7	26984	买盘
14:14:16	38.55	-0.02	34	131069	卖盘
14:14:12	38.57	-0.02	1	3857	中性盘
14:14:07	38.59	0.01	15	57885	买盘
14:14:01	38.58	-0.01	38	146604	买盘
14:13:56	38.59	--	1	3859	买盘
14:13:52	38.59	0.04	5	19295	买盘
14:13:46	38.55	-0.1	54	208169	卖盘
14:13:41	38.65	--	0	0	买盘
14:13:36	38.65	0.1	187	722755	买盘
14:13:31	38.55	--	71	273705	买盘
14:13:26	38.55	--	92	354660	卖盘
14:13:22	38.55	--	9	34695	卖盘
14:13:16	38.55	--	22	84810	买盘
14:13:11	38.55	--	3	11565	买盘
14:13:06	38.55	0.02	32	123359	买盘
14:13:01	38.53	--	1	3853	买盘
14:12:56	38.53	0.01	3	11559	买盘
14:12:51	38.52	--	5	19260	买盘
14:12:46	38.52	0.01	4	15408	买盘
14:12:41	38.51	--	2	7702	卖盘
14:12:36	38.51	0.02	12	46212	中性盘
14:12:31	38.49	--	68	261732	卖盘
14:12:26	38.49	--	60	230940	卖盘
14:12:21	38.49	-0.01	16	61584	卖盘
14:12:16	38.5	0.01	6	23100	买盘
14:12:06	38.49	--	20	76980	买盘
14:12:01	38.49	--	2	7698	买盘
14:11:56	38.49	0.01	5	19245	买盘
14:11:51	38.48	-0.01	45	173160	卖盘
14:11:46	38.49	0.02	5	19245	买盘
14:11:41	38.47	--	0	0	卖盘
14:11:36	38.47	--	54	209007	买盘
14:11:31	38.47	0.02	11	42317	买盘
14:11:26	38.45	-0.02	32	123040	卖盘
14:11:16	38.47	0.03	62	238514	买盘
14:11:11	38.44	--	49	188356	卖盘
14:11:01	38.44	--	1	3844	卖盘
14:10:56	38.44	0.03	55	214802	买盘
14:10:51	38.41	-0.02	2	7681	中性盘
14:10:46	38.43	0.02	17	65331	买盘
14:10:41	38.41	-0.02	53	203572	卖盘
14:10:31	38.43	0.03	48	184464	买盘
14:10:26	38.4	--	14	53760	卖盘
14:10:21	38.4	--	7	26880	卖盘
14:10:16	38.4	--	4	15360	卖盘
14:10:11	38.4	--	17	65280	买盘
14:10:01	38.4	0.01	29	111360	买盘
14:09:56	38.39	-0.01	8	30712	卖盘
14:09:51	38.4	--	3	11520	卖盘
14:09:46	38.4	0.01	11	42240	买盘
14:09:40	38.39	0.01	15	57585	买盘
14:09:36	38.38	-0.05	4	15352	卖盘
14:09:31	38.43	0.05	30	115290	买盘
14:09:25	38.38	-0.02	12	46056	卖盘
14:09:16	38.4	--	19	72960	买盘
14:09:10	38.4	0.01	55	211200	买盘
14:09:01	38.39	-0.01	41	157399	中性盘
14:08:55	38.4	0.01	18	69120	买盘
14:08:51	38.39	--	5	19195	买盘
14:08:46	38.39	-0.01	25	95975	中性盘
14:08:40	38.4	--	117	449280	买盘
14:08:36	38.4	--	29	111360	买盘
14:08:31	38.4	--	4	15360	买盘
14:08:25	38.4	-0.05	112	430080	卖盘
14:08:21	38.45	-0.02	8	30760	卖盘
14:08:16	38.47	0.02	32	123104	买盘
14:08:10	38.45	-0.02	19	73055	中性盘
14:08:05	38.47	0.02	13	50011	买盘
14:08:01	38.45	-0.02	36	138420	卖盘
14:07:55	38.47	-0.03	31	119257	卖盘
14:07:50	38.5	0.03	64	246400	买盘
14:07:46	38.47	--	17	65399	卖盘
14:07:35	38.47	-0.02	26	100022	卖盘
14:07:31	38.49	0.02	36	138564	买盘
14:07:25	38.47	--	2	7694	买盘
14:07:20	38.47	--	3	11541	买盘
14:07:16	38.47	-0.03	5	19235	买盘
14:07:10	38.5	0.08	20	77000	买盘
14:07:05	38.42	--	0	0	卖盘
14:07:01	38.42	-0.08	8	30736	中性盘
14:06:55	38.5	0.1	50	192500	买盘
14:06:50	38.4	-0.08	18	69120	卖盘
14:06:45	38.48	0.08	58	223183	买盘
14:06:40	38.4	-0.01	10	38400	卖盘
14:06:35	38.41	0.01	7	26886	买盘
14:06:31	38.4	-0.01	26	99840	中性盘
14:06:25	38.41	0.02	101	387940	买盘
14:06:20	38.39	-0.01	146	560494	卖盘
14:06:16	38.4	-0.01	8	30720	卖盘
14:06:10	38.41	--	40	153640	买盘
14:06:05	38.41	0.01	21	80661	买盘
14:06:00	38.4	-0.01	13	49920	卖盘
14:05:55	38.41	--	71	272711	买盘
14:05:45	38.41	0.01	9	34569	买盘
14:05:40	38.4	-0.01	48	184320	卖盘
14:05:35	38.41	-0.02	7	26886	买盘
14:05:30	38.43	0.03	46	176778	买盘
14:05:25	38.4	-0.01	109	418560	卖盘
14:05:20	38.41	--	3	11522	卖盘
14:05:15	38.41	--	18	69138	卖盘
14:05:10	38.41	-0.01	29	111388	卖盘
14:05:05	38.42	0.02	8	30736	中性盘
14:05:00	38.4	-0.01	247	948480	卖盘
14:04:55	38.41	-0.02	21	80661	卖盘
14:04:50	38.43	--	6	23058	卖盘
14:04:45	38.43	-0.07	33	126819	卖盘
14:04:40	38.5	0.07	129	496650	买盘
14:04:35	38.43	-0.02	16	61488	卖盘
14:04:30	38.45	0.04	20	76900	中性盘
14:04:25	38.41	-0.03	44	169003	卖盘
14:04:20	38.44	--	1	3844	买盘
14:04:15	38.44	-0.05	17	65347	中性盘
14:04:10	38.49	0.04	22	84678	中性盘
14:04:05	38.45	-0.05	12	46140	卖盘
14:04:00	38.5	--	14	53900	卖盘
14:03:55	38.5	-0.01	17	65450	卖盘
14:03:50	38.51	-0.01	24	92424	卖盘
14:03:45	38.52	--	8	30816	买盘
14:03:40	38.52	0.01	19	73188	买盘
14:03:35	38.51	-0.05	175	673925	卖盘
14:03:30	38.56	0.01	25	96400	买盘
14:03:25	38.55	-0.02	59	227444	卖盘
14:03:20	38.57	-0.02	89	343273	卖盘
14:03:15	38.59	--	30	115770	买盘
14:03:10	38.59	0.01	11	42449	中性盘
14:03:04	38.58	-0.05	23	88734	卖盘
14:03:00	38.63	0.03	62	239506	买盘
14:02:55	38.6	0.01	34	131240	买盘
14:02:50	38.59	-0.01	70	270130	中性盘
14:02:45	38.6	0.01	30	115800	买盘
14:02:40	38.59	0.02	63	243117	买盘
14:02:34	38.57	-0.01	41	158137	中性盘
14:02:25	38.58	0.01	66	254628	买盘
14:02:19	38.57	0.04	25	96425	买盘
14:02:15	38.53	-0.05	15	57795	卖盘
14:02:10	38.58	--	16	61728	买盘
14:02:04	38.58	--	74	285492	买盘
14:02:00	38.58	0.05	63	243054	买盘
14:01:55	38.53	-0.05	4	15412	卖盘
14:01:49	38.58	--	7	27006	买盘
14:01:45	38.58	--	58	223764	买盘
14:01:40	38.58	--	41	158178	买盘
14:01:34	38.58	-0.02	47	181326	卖盘
14:01:30	38.6	0.01	9	34740	中性盘
14:01:25	38.59	-0.01	33	127347	卖盘
14:01:19	38.6	--	47	181420	买盘
14:01:15	38.6	0.02	54	208440	买盘
14:01:09	38.58	-0.02	68	262344	卖盘
14:01:04	38.6	--	17	65620	买盘
14:01:00	38.6	--	8	32308	卖盘
14:00:55	38.6	--	45	173700	卖盘
14:00:49	38.6	--	34	133671	卖盘
14:00:45	38.6	--	12	46320	卖盘
14:00:40	38.6	-0.05	26	100360	卖盘
14:00:34	38.65	--	43	166195	买盘
14:00:30	38.65	-0.04	5	19325	买盘
14:00:25	38.69	-0.01	95	367555	中性盘
14:00:19	38.7	0.01	94	363780	买盘
14:00:14	38.69	--	30	116070	买盘
14:00:09	38.69	-0.01	31	119939	卖盘
14:00:04	38.7	0.01	172	665640	买盘
13:59:59	38.69	--	12	46428	卖盘
13:59:55	38.69	0.04	71	274699	买盘
13:59:49	38.65	-0.04	138	533370	卖盘
13:59:44	38.69	--	68	263092	买盘
13:59:40	38.69	--	69	266961	买盘
13:59:34	38.69	-0.04	46	177974	买盘
13:59:29	38.73	--	35	135555	买盘
13:59:25	38.73	--	20	77460	买盘
13:59:19	38.73	0.08	272	1053456	卖盘
13:59:14	38.65	-0.1	4	15460	卖盘
13:59:09	38.75	0.03	189	732375	买盘
13:59:04	38.72	--	68	263296	卖盘
13:58:59	38.72	0.02	14	54208	中性盘
13:58:54	38.7	0.01	116	448920	买盘
13:58:49	38.69	--	129	499100	卖盘
13:58:44	38.69	--	14	54166	卖盘
13:58:39	38.69	0.06	95	367555	买盘
13:58:34	38.63	-0.02	136	525368	卖盘
13:58:29	38.65	-0.02	62	239630	卖盘
13:58:24	38.67	0.02	35	135345	买盘
13:58:19	38.65	0.02	61	235765	买盘
13:58:14	38.63	0.04	41	158383	买盘
13:58:09	38.59	0.03	139	536401	买盘
13:58:04	38.56	0.01	71	273776	卖盘
13:57:59	38.55	0.05	10	38550	买盘
13:57:55	38.5	0.04	197	758450	买盘
13:57:49	38.46	0.01	57	219222	中性盘
13:57:44	38.45	--	185	711325	卖盘
13:57:39	38.45	--	2	7690	卖盘
13:57:34	38.45	0.22	303	1165035	买盘
13:57:29	38.23	-0.02	5	19115	中性盘
13:57:24	38.25	0.05	54	206550	买盘
13:57:19	38.2	--	55	210100	中性盘
13:57:14	38.2	--	65	248300	买盘
13:57:09	38.2	--	9	34380	买盘
13:57:04	38.2	--	48	183360	买盘
13:56:59	38.2	0.01	42	160440	买盘
13:56:54	38.19	-0.01	46	175674	卖盘
13:56:49	38.2	0.06	84	320880	买盘
13:56:44	38.14	-0.04	59	225026	卖盘
13:56:39	38.18	0.04	4	15272	中性盘
13:56:34	38.14	-0.02	37	141118	卖盘
13:56:29	38.16	-0.03	25	95399	卖盘
13:56:24	38.19	0.03	21	80199	买盘
13:56:19	38.16	-0.02	400	1526399	中性盘
13:56:13	38.18	0.02	19	72542	买盘
13:56:09	38.16	-0.01	8	30527	买盘
13:56:04	38.17	-0.02	74	282458	卖盘
13:55:59	38.19	-0.01	90	343710	卖盘
13:55:54	38.2	0.01	60	229200	买盘
13:55:49	38.19	-0.02	73	278787	卖盘
13:55:43	38.21	0.01	90	343890	卖盘
13:55:39	38.2	-0.01	45	171900	卖盘
13:55:34	38.21	-0.02	68	259828	买盘
13:55:28	38.23	0.02	51	194972	买盘
13:55:24	38.21	-0.02	90	343890	卖盘
13:55:18	38.23	--	15	57344	买盘
13:55:13	38.23	0.02	78	298194	买盘
13:55:09	38.21	--	7	26747	买盘
13:55:04	38.21	0.01	111	424131	买盘
13:54:58	38.2	0.01	63	240660	买盘
13:54:54	38.19	--	23	87837	卖盘
13:54:48	38.19	0.01	38	145122	买盘
13:54:43	38.18	0.03	49	187082	买盘
13:54:39	38.15	0.04	24	91560	中性盘
13:54:33	38.11	-0.04	42	160062	中性盘
13:54:28	38.15	0.01	36	137340	买盘
13:54:24	38.14	0.04	26	99164	买盘
13:54:18	38.1	--	36	137160	卖盘
13:54:13	38.1	0.05	73	278130	买盘
13:54:08	38.05	-0.05	31	117954	卖盘
13:54:04	38.1	0.05	45	171450	买盘
13:53:58	38.05	0.05	9	34245	中性盘
13:53:54	38.0	--	50	190000	卖盘
13:53:48	38.0	--	47	178600	卖盘
13:53:43	38.0	--	51	193800	买盘
13:53:38	38.0	0.03	7	26600	买盘
13:53:33	37.97	-0.01	104	394888	卖盘
13:53:28	37.98	--	34	129131	买盘
13:53:18	37.98	0.12	59	224081	买盘
13:53:13	37.86	0.01	15	56790	卖盘
13:53:08	37.85	-0.01	15	56775	卖盘
13:53:04	37.86	0.04	22	83292	买盘
13:52:58	37.82	--	2	7564	卖盘
13:52:53	37.82	0.01	1	3782	买盘
13:52:48	37.81	0.01	150	567150	买盘
13:52:43	37.8	-0.01	31	117179	卖盘
13:52:38	37.81	--	7	26467	买盘
13:52:33	37.81	--	29	109649	买盘
13:52:28	37.81	0.02	10	37810	买盘
13:52:23	37.79	-0.01	1	3779	卖盘
13:52:18	37.8	0.01	25	94500	买盘
13:52:13	37.79	-0.01	1	3779	卖盘
13:52:08	37.8	0.05	37	139860	买盘
13:52:03	37.75	-0.03	1	3775	卖盘
13:51:58	37.78	--	8	30224	卖盘
13:51:53	37.78	0.03	9	34002	买盘
13:51:48	37.75	--	7	26425	卖盘
13:51:38	37.75	-0.01	12	45300	卖盘
13:51:33	37.76	0.06	4	15104	买盘
13:51:28	37.7	--	5	18850	卖盘
13:51:23	37.7	-0.06	8	30160	卖盘
13:51:18	37.76	0.06	55	207680	买盘
13:50:58	37.7	--	18	67860	买盘
13:50:53	37.7	--	2	7540	卖盘
13:50:48	37.7	--	8	30160	卖盘
13:50:43	37.7	0.01	11	41470	卖盘
13:50:28	37.69	--	27	101763	买盘
13:50:23	37.69	0.01	3	11307	买盘
13:50:13	37.68	-0.01	18	67824	卖盘
13:50:03	37.69	--	4	15076	卖盘
13:49:53	37.69	0.01	2	7538	买盘
13:49:38	37.68	-0.01	7	26376	卖盘
13:49:28	37.69	-0.07	9	33921	卖盘
13:49:23	37.76	--	16	60416	买盘
13:49:18	37.76	--	1	3776	买盘
13:49:13	37.76	-0.02	100	377600	卖盘
13:49:03	37.78	0.02	5	18890	买盘
13:48:58	37.76	--	3	11328	卖盘
13:48:43	37.76	0.01	9	33984	买盘
13:48:37	37.75	0.08	1	3775	中性盘
13:48:33	37.67	-0.09	28	105476	卖盘
13:48:28	37.76	0.09	6	22656	买盘
13:48:13	37.67	0.01	1	3767	中性盘
13:48:07	37.66	--	11	41425	卖盘
13:48:03	37.66	--	9	33894	卖盘
13:47:58	37.66	0.01	8	30127	卖盘
13:47:37	37.65	--	0	0	卖盘
13:47:33	37.65	--	59	222135	买盘
13:47:28	37.65	--	21	79065	买盘
13:47:22	37.65	--	5	18825	买盘
13:47:18	37.65	-0.12	5	18825	卖盘
13:47:12	37.77	0.02	24	90648	买盘
13:47:07	37.75	--	10	37750	卖盘
13:47:03	37.75	--	3	11325	卖盘
13:46:57	37.75	--	14	52850	买盘
13:46:52	37.75	0.1	43	162325	买盘
13:46:42	37.65	--	36	135540	买盘
13:46:37	37.65	--	41	154365	买盘
13:46:32	37.65	--	1	3765	买盘
13:46:27	37.65	--	26	97890	买盘
13:46:17	37.65	--	1	3765	买盘
13:46:12	37.65	-0.1	23	86595	卖盘
13:46:07	37.75	--	16	60400	买盘
13:45:42	37.75	-0.02	2	7550	买盘
13:45:37	37.77	0.21	4	15108	中性盘
13:45:32	37.56	--	33	123948	买盘
13:45:27	37.56	--	19	71364	买盘
13:45:22	37.56	-0.24	36	135216	卖盘
13:45:17	37.8	0.02	4	15119	买盘
13:45:12	37.78	--	0	0	中性盘
13:45:07	37.78	0.16	23	90483	买盘
13:44:57	37.62	--	5	18810	卖盘
13:44:52	37.62	--	56	210672	买盘
13:44:42	37.62	--	2	7523	买盘
13:44:37	37.62	0.08	54	203148	中性盘
13:44:32	37.54	-0.14	3	11262	卖盘
13:44:27	37.68	0.15	30	113040	买盘
13:44:22	37.53	-0.1	15	56295	卖盘
13:44:17	37.63	0.1	26	97838	买盘
13:44:12	37.53	--	20	75060	卖盘
13:44:07	37.53	--	0	0	卖盘
13:44:02	37.53	--	13	48789	卖盘
13:43:57	37.53	--	12	45036	卖盘
13:43:52	37.53	0.01	2	7506	中性盘
13:43:47	37.52	-0.01	15	56280	卖盘
13:43:42	37.53	--	0	0	中性盘
13:43:37	37.53	0.01	2	7506	买盘
13:43:32	37.52	0.01	2	7504	卖盘
13:43:27	37.51	--	4	15004	卖盘
13:43:22	37.51	0.01	3	11253	卖盘
13:43:17	37.5	-0.02	5	18750	卖盘
13:43:12	37.52	-0.01	13	48776	买盘
13:43:07	37.53	0.03	2	7506	买盘
13:43:02	37.5	-0.02	51	191250	卖盘
13:42:57	37.52	--	13	48776	卖盘
13:42:52	37.52	--	40	150080	中性盘
13:42:47	37.52	0.01	5	18760	买盘
13:42:37	37.51	-0.01	4	15004	卖盘
13:42:32	37.52	-0.08	6	22512	卖盘
13:42:27	37.6	0.06	92	345920	买盘
13:42:22	37.54	--	4	15016	卖盘
13:42:17	37.54	--	23	86342	买盘
13:42:07	37.54	--	15	56310	买盘
13:42:02	37.54	--	3	11262	卖盘
13:41:52	37.54	-0.04	20	75267	卖盘
13:41:47	37.58	--	1	3758	卖盘
13:41:42	37.58	--	8	30064	卖盘
13:41:37	37.58	--	4	15032	卖盘
13:41:32	37.58	-0.01	7	26306	卖盘
13:41:22	37.59	-0.01	5	18795	卖盘
13:41:16	37.6	--	1	3760	中性盘
13:41:12	37.6	--	1	3760	买盘
13:40:57	37.6	-0.04	8	30080	卖盘
13:40:52	37.64	0.04	41	154324	买盘
13:40:37	37.6	-0.04	6	22560	卖盘
13:40:31	37.64	--	16	60224	买盘
13:40:27	37.64	--	63	237132	买盘
13:40:21	37.64	--	7	26348	买盘
13:40:16	37.64	--	4	15056	卖盘
13:40:06	37.64	-0.01	3	11292	卖盘
13:40:01	37.65	--	6	22590	卖盘
13:39:57	37.65	--	5	18825	买盘
13:39:46	37.65	0.01	4	15060	卖盘
13:39:41	37.64	-0.01	12	45168	卖盘
13:39:36	37.65	0.01	72	271080	买盘
13:39:31	37.64	-0.01	5	18820	卖盘
13:39:26	37.65	0.01	3	11295	买盘
13:39:16	37.64	-0.01	15	56460	买盘
13:39:11	37.65	0.07	10	37650	买盘
13:39:06	37.58	-0.06	25	93950	卖盘
13:38:56	37.64	0.04	62	233368	买盘
13:38:51	37.6	0.02	2	7520	买盘
13:38:36	37.58	0.01	17	67456	买盘
13:38:21	37.57	-0.01	1	3757	卖盘
13:38:16	37.58	0.07	4	15032	买盘
13:38:06	37.51	--	4	15004	卖盘
13:38:01	37.51	0.01	10	37510	中性盘
13:37:46	37.5	-0.07	2	7500	卖盘
13:37:41	37.57	--	0	0	买盘
13:37:36	37.57	0.07	10	37570	买盘
13:37:31	37.5	-0.08	1	3750	卖盘
13:37:26	37.58	--	0	0	买盘
13:37:21	37.58	0.08	31	116498	买盘
13:37:16	37.5	--	2	7500	卖盘
13:37:11	37.5	-0.07	1	3750	卖盘
13:37:06	37.57	0.07	50	187850	买盘
13:37:01	37.5	--	2	7500	买盘
13:36:51	37.5	--	23	86437	卖盘
13:36:46	37.5	--	1	3750	卖盘
13:36:36	37.5	--	5	18750	卖盘
13:36:31	37.5	--	108	408562	买盘
13:36:26	37.5	0.07	7	26250	买盘
13:36:21	37.43	-0.07	17	63631	卖盘
13:36:16	37.5	0.08	15	56250	买盘
13:36:06	37.42	--	27	101034	卖盘
13:36:01	37.42	-0.08	31	116002	中性盘
13:35:56	37.5	--	384	1440000	买盘
13:35:51	37.5	0.09	22	82500	买盘
13:35:46	37.41	--	4	14963	卖盘
13:35:41	37.41	--	0	0	卖盘
13:35:36	37.41	0.01	1	3740	卖盘
13:35:31	37.4	--	0	0	卖盘
13:35:26	37.4	0.04	39	145860	卖盘
13:35:21	37.36	--	152	567872	卖盘
13:35:16	37.36	--	13	48568	卖盘
13:35:11	37.36	-0.01	40	149440	卖盘
13:35:01	37.37	0.02	22	82214	中性盘
13:34:56	37.35	-0.01	58	216630	卖盘
13:34:46	37.36	0.04	4	14944	中性盘
13:34:41	37.32	-0.05	7	26124	卖盘
13:34:36	37.37	--	124	463387	中性盘
13:34:31	37.37	0.02	27	100899	买盘
13:34:25	37.35	-0.02	49	183015	卖盘
13:34:21	37.37	-0.01	10	37370	卖盘
13:34:16	37.38	-0.02	122	456036	卖盘
13:34:10	37.4	--	5	18700	买盘
13:34:06	37.4	--	30	112200	买盘
13:34:01	37.4	-0.01	52	194480	卖盘
13:33:55	37.41	0.01	43	160862	买盘
13:33:51	37.4	-0.01	8	29920	卖盘
13:33:45	37.41	-0.02	6	22445	买盘
13:33:40	37.43	--	2	7486	买盘
13:33:36	37.43	0.03	18	67374	买盘
13:33:31	37.4	-0.04	82	306680	卖盘
13:33:25	37.44	-0.04	53	198432	卖盘
13:33:21	37.48	--	5	18740	买盘
13:33:16	37.48	--	34	127431	卖盘
13:33:10	37.48	--	40	149920	买盘
13:33:06	37.48	--	6	22487	卖盘
13:33:00	37.48	-0.01	13	48723	卖盘
13:32:55	37.49	--	4	14996	买盘
13:32:45	37.49	-0.08	266	997421	卖盘
13:32:36	37.57	--	3	11271	买盘
13:32:30	37.57	-0.01	9	33813	卖盘
13:32:25	37.58	--	1	3758	买盘
13:32:20	37.58	--	26	97708	卖盘
13:32:15	37.58	-0.01	13	48854	卖盘
13:32:10	37.59	-0.01	5	18795	中性盘
13:31:50	37.6	--	10	37600	买盘
13:31:35	37.6	--	18	67680	卖盘
13:31:30	37.6	--	2	7520	卖盘
13:31:25	37.6	--	0	0	卖盘
13:31:20	37.6	-0.04	1	3760	卖盘
13:31:00	37.64	--	15	56460	买盘
13:30:55	37.64	0.04	4	15056	买盘
13:30:50	37.6	--	5	18800	买盘
13:30:45	37.6	-0.04	22	82720	卖盘
13:30:40	37.64	0.04	27	101628	买盘
13:30:30	37.6	-0.04	5	18800	卖盘
13:30:25	37.64	0.11	15	56460	买盘
13:30:15	37.53	-0.06	63	236439	卖盘
13:30:10	37.59	-0.06	10	37590	卖盘
13:30:00	37.65	0.08	10	37650	买盘
13:29:55	37.57	-0.08	98	368186	卖盘
13:29:50	37.65	--	0	1468	卖盘
13:29:45	37.65	0.01	14	55006	买盘
13:29:40	37.64	--	4	15056	买盘
13:29:35	37.64	--	20	75280	买盘
13:29:30	37.64	--	5	18820	买盘
13:29:25	37.64	--	4	15056	买盘
13:29:15	37.64	0.02	75	282300	买盘
13:29:10	37.62	-0.02	22	82764	卖盘
13:28:55	37.64	0.02	1	3764	买盘
13:28:50	37.62	0.03	2	7523	买盘
13:28:40	37.59	0.01	1	3759	卖盘
13:28:35	37.58	0.03	57	214206	买盘
13:28:30	37.55	--	7	26284	卖盘
13:28:20	37.55	--	6	22530	卖盘
13:28:15	37.55	--	54	202769	买盘
13:28:10	37.55	0.01	28	105139	买盘
13:28:05	37.54	-0.01	1	3754	中性盘
13:27:55	37.55	--	44	165220	买盘
13:27:50	37.55	--	13	48814	卖盘
13:27:45	37.55	--	29	108894	买盘
13:27:40	37.55	0.01	12	45060	买盘
13:27:35	37.54	0.02	3	11262	买盘
13:27:30	37.52	-0.03	20	75040	卖盘
13:27:24	37.55	--	44	165220	卖盘
13:27:20	37.55	0.04	18	67590	买盘
13:27:15	37.51	-0.04	1	3751	卖盘
13:27:10	37.55	--	4	15019	买盘
13:27:04	37.55	0.04	10	37550	买盘
13:27:00	37.51	--	2	7502	卖盘
13:26:55	37.51	0.01	1	3751	中性盘
13:26:49	37.5	--	37	142312	买盘
13:26:45	37.5	0.02	12	45000	买盘
13:26:40	37.48	-0.02	17	63715	卖盘
13:26:34	37.5	--	111	416250	买盘
13:26:30	37.5	--	10	37500	买盘
13:26:25	37.5	--	0	0	买盘
13:26:19	37.5	0.02	105	393750	买盘
13:26:15	37.48	--	6	22487	卖盘
13:26:09	37.48	0.02	6	22487	买盘
13:26:04	37.46	--	43	161078	卖盘
13:26:00	37.46	-0.02	31	116126	卖盘
13:25:54	37.48	0.02	48	179903	买盘
13:25:49	37.46	--	26	97396	卖盘
13:25:44	37.46	-0.02	4	14984	卖盘
13:25:39	37.48	--	7	26235	买盘
13:25:34	37.48	0.02	40	149920	买盘
13:25:29	37.46	--	30	112380	买盘
13:25:24	37.46	-0.04	27	101142	卖盘
13:25:19	37.5	0.03	15	56250	买盘
13:25:14	37.47	-0.03	53	198591	卖盘
13:25:09	37.5	0.01	97	363750	买盘
13:25:04	37.49	-0.01	6	22494	卖盘
13:24:59	37.5	--	2	7500	买盘
13:24:49	37.5	-0.05	219	821250	卖盘
13:24:44	37.55	--	6	22530	买盘
13:24:39	37.55	--	38	142690	买盘
13:24:34	37.55	-0.03	124	465619	卖盘
13:24:24	37.58	-0.04	165	620070	卖盘
13:24:19	37.62	--	1	3761	买盘
13:24:09	37.62	--	8	30095	卖盘
13:24:04	37.62	-0.02	5	18810	卖盘
13:23:54	37.64	-0.03	50	189667	卖盘
13:23:49	37.67	-0.01	22	82874	卖盘
13:23:44	37.68	--	1	3768	买盘
13:23:39	37.68	--	8	30144	买盘
13:23:34	37.68	--	11	41448	买盘
13:23:29	37.68	--	4	15072	中性盘
13:23:19	37.68	--	10	37680	卖盘
13:22:49	37.68	--	0	0	中性盘
13:22:44	37.68	--	4	15072	买盘
13:22:39	37.68	0.02	4	15072	买盘
13:22:24	37.66	0.01	1	6063	买盘
13:22:19	37.65	--	3	11295	买盘
13:22:14	37.65	--	10	39118	卖盘
13:22:09	37.65	--	4	15060	卖盘
13:22:04	37.65	--	10	37650	卖盘
13:21:59	37.65	0.02	55	209371	买盘
13:21:54	37.63	--	5	18815	卖盘
13:21:49	37.63	-0.02	1	3763	中性盘
13:21:44	37.65	0.04	1	3765	买盘
13:21:39	37.61	-0.02	51	191811	卖盘
13:21:34	37.63	-0.02	3	11289	卖盘
13:21:24	37.65	--	13	48945	买盘
13:21:09	37.65	--	29	109185	卖盘
13:21:04	37.65	--	0	0	卖盘
13:20:59	37.65	-0.09	66	248490	卖盘
13:20:49	37.74	--	0	0	买盘
13:20:34	37.74	-0.01	3	11322	买盘
13:20:29	37.75	--	0	0	买盘
13:20:19	37.75	--	24	90600	买盘
13:19:58	37.75	-0.01	9	33975	卖盘
13:19:54	37.76	0.01	1	3776	买盘
13:19:48	37.75	0.06	4	15100	买盘
13:19:43	37.69	0.09	10	37690	卖盘
13:19:33	37.6	--	0	0	卖盘
13:19:28	37.6	--	1	3760	买盘
13:19:24	37.6	--	6	22560	买盘
13:19:18	37.6	0.01	36	135360	卖盘
13:19:13	37.59	-0.01	12	45108	卖盘
13:19:08	37.6	--	16	60160	买盘
13:19:03	37.6	0.01	4	15040	中性盘
13:18:58	37.59	-0.01	48	180432	卖盘
13:18:53	37.6	--	5	18800	买盘
13:18:48	37.6	-0.1	41	154160	卖盘
13:18:43	37.7	0.1	10	37700	买盘
13:18:28	37.6	0.01	1	3760	买盘
13:18:23	37.59	-0.09	29	109011	卖盘
13:18:18	37.68	0.09	13	48984	买盘
13:18:08	37.59	--	0	0	中性盘
13:18:03	37.59	--	20	75180	买盘
13:17:58	37.59	-0.01	27	101493	卖盘
13:17:53	37.6	-0.08	6	22560	卖盘
13:17:48	37.68	0.09	1	3768	买盘
13:17:38	37.59	--	0	0	卖盘
13:17:33	37.59	0.02	9	33831	卖盘
13:17:28	37.57	--	9	33813	买盘
13:17:23	37.57	--	12	45084	买盘
13:17:18	37.57	--	35	131495	卖盘
13:17:13	37.57	--	252	946764	卖盘
13:17:08	37.57	--	3	11271	卖盘
13:17:03	37.57	0.04	148	556036	买盘
13:16:58	37.53	-0.03	427	1602531	卖盘
13:16:53	37.56	-0.01	18	67608	中性盘
13:16:48	37.57	0.01	21	78897	买盘
13:16:43	37.56	-0.01	6	22536	卖盘
13:16:38	37.57	--	5	18785	买盘
13:16:33	37.57	-0.03	128	480896	卖盘
13:16:28	37.6	-0.06	112	424692	卖盘
13:16:23	37.66	--	0	0	中性盘
13:16:18	37.66	-0.02	1	3765	中性盘
13:16:08	37.68	0.07	1	3768	买盘
13:16:03	37.61	-0.08	165	620565	卖盘
13:15:58	37.69	-0.01	9	33921	卖盘
13:15:53	37.7	--	25	94250	买盘
13:15:48	37.7	0.01	2	7540	买盘
13:15:43	37.69	-0.02	47	177143	卖盘
13:15:38	37.71	0.01	3	11313	中性盘
13:15:33	37.7	--	33	124410	卖盘
13:15:23	37.7	-0.02	50	188500	卖盘
13:15:18	37.72	--	0	0	卖盘
13:15:13	37.72	--	10	37720	卖盘
13:15:03	37.72	0.03	7	26404	卖盘
13:14:58	37.69	-0.01	4	15076	卖盘
13:14:53	37.7	--	35	131950	买盘
13:14:48	37.7	-0.02	348	1311960	卖盘
13:14:43	37.72	0.01	33	124476	卖盘
13:14:38	37.71	-0.07	5	18855	卖盘
13:14:33	37.78	0.07	2	7556	中性盘
13:14:28	37.71	--	21	79191	卖盘
13:14:18	37.71	--	2	7542	卖盘
13:14:13	37.71	-0.01	13	49023	卖盘
13:14:03	37.72	--	8	30176	卖盘
13:13:58	37.72	--	0	0	卖盘
13:13:52	37.72	-0.06	193	727996	卖盘
13:13:48	37.78	-0.01	4	15112	卖盘
13:13:43	37.79	0.01	1	3779	买盘
13:13:28	37.78	0.02	3	11334	买盘
13:13:23	37.76	-0.02	6	22656	卖盘
13:13:13	37.78	--	1	3778	买盘
13:13:07	37.78	--	1	3778	买盘
13:12:52	37.78	-0.02	55	207790	卖盘
13:12:42	37.8	-0.02	38	143640	卖盘
13:12:22	37.82	--	13	49166	买盘
13:12:18	37.82	--	25	94550	卖盘
13:12:12	37.82	-0.07	12	45384	卖盘
13:12:02	37.89	--	9	34101	卖盘
13:11:57	37.89	0.05	12	45468	买盘
13:11:52	37.84	--	8	30272	卖盘
13:11:27	37.84	-0.05	1	3784	卖盘
13:11:22	37.89	--	7	26523	卖盘
13:10:57	37.89	-0.01	3	11367	买盘
13:10:42	37.9	--	0	0	买盘
13:10:37	37.9	--	5	18950	买盘
13:10:32	37.9	0.09	25	94750	买盘
13:10:27	37.81	-0.01	15	56715	卖盘
13:10:22	37.82	--	1	3782	买盘
13:10:17	37.82	-0.08	8	30256	卖盘
13:10:12	37.9	0.07	30	113700	买盘
13:09:57	37.83	0.01	1	3783	卖盘
13:09:52	37.82	-0.01	4	15128	卖盘
13:09:47	37.83	0.01	1	3783	卖盘
13:09:42	37.82	--	0	0	卖盘
13:09:37	37.82	-0.03	6	22692	卖盘
13:09:32	37.85	0.03	20	75700	买盘
13:09:27	37.82	--	0	0	卖盘
13:09:22	37.82	-0.03	12	45384	卖盘
13:09:17	37.85	0.01	19	71915	买盘
13:09:12	37.84	-0.01	11	41624	卖盘
13:08:52	37.85	-0.05	64	244132	卖盘
13:08:47	37.9	--	6	22740	卖盘
13:08:37	37.9	0.05	0	1895	买盘
13:08:27	37.85	-0.05	14	54882	卖盘
13:08:22	37.9	--	20	75800	卖盘
13:08:12	37.9	--	19	72010	卖盘
13:08:07	37.9	0.01	13	51165	买盘
13:08:02	37.89	--	5	18945	卖盘
13:07:57	37.89	--	1	3789	卖盘
13:07:52	37.89	-0.01	5	18945	卖盘
13:07:47	37.9	0.01	6	22740	买盘
13:07:42	37.89	--	1	3789	卖盘
13:07:37	37.89	--	2	7578	卖盘
13:07:31	37.89	-0.01	33	125037	卖盘
13:07:22	37.9	0.01	1	3790	买盘
13:07:07	37.89	--	15	56835	买盘
13:07:02	37.89	--	0	0	买盘
13:06:52	37.89	0.04	12	45468	买盘
13:06:27	37.85	--	5	18925	卖盘
13:06:22	37.85	0.03	46	174110	买盘
13:06:17	37.82	--	0	0	卖盘
13:06:06	37.82	--	2	7564	卖盘
13:06:01	37.82	0.01	11	41602	卖盘
13:05:51	37.81	0.01	24	90744	卖盘
13:05:42	37.8	--	0	0	卖盘
13:05:31	37.8	-0.01	5	18900	卖盘
13:05:26	37.81	--	45	170145	买盘
13:05:22	37.81	--	41	155021	买盘
13:05:16	37.81	--	6	22686	买盘
13:05:06	37.81	--	62	234422	买盘
13:04:56	37.81	-0.03	97	366757	卖盘
13:04:46	37.84	--	0	0	买盘
13:04:41	37.84	0.03	2	7568	买盘
13:04:31	37.81	--	9	34029	卖盘
13:04:21	37.81	0.02	9	34029	卖盘
13:04:16	37.79	-0.01	7	26453	卖盘
13:04:01	37.8	0.01	19	71820	中性盘
13:03:46	37.79	-0.01	7	26453	卖盘
13:03:41	37.8	--	3	11340	买盘
13:03:31	37.8	--	6	22680	卖盘
13:03:26	37.8	--	0	0	中性盘
13:03:16	37.8	--	2	7559	卖盘
13:02:56	37.8	--	2	7559	买盘
13:02:51	37.8	--	34	128519	买盘
13:02:46	37.8	--	4	15119	买盘
13:02:41	37.8	--	3	11340	买盘
13:02:36	37.8	--	1	3779	买盘
13:02:31	37.8	-0.01	30	113399	卖盘
13:02:26	37.81	--	2	7562	卖盘
13:02:16	37.81	--	8	30248	买盘
13:02:06	37.81	0.01	1	3781	买盘
13:02:01	37.8	-0.01	20	75600	卖盘
13:01:51	37.81	--	0	0	卖盘
13:01:46	37.81	-0.08	2	7562	卖盘
13:01:41	37.89	0.09	2	7578	买盘
13:01:36	37.8	--	0	0	卖盘
13:01:31	37.8	-0.09	27	102059	卖盘
13:01:16	37.89	--	1	3789	买盘
13:00:56	37.89	--	0	0	买盘
13:00:46	37.89	--	10	37890	买盘
13:00:41	37.89	0.12	4	15156	买盘
13:00:36	37.77	-0.02	19	71763	卖盘
13:00:31	37.79	-0.02	6	22674	买盘
13:00:16	37.81	--	0	0	中性盘
13:00:06	37.81	0.06	232	877192	中性盘
13:00:01	37.75	0.01	27	101925	中性盘
11:30:00	37.74	--	0	0	卖盘
11:29:59	37.74	--	0	0	卖盘
11:29:59	37.74	--	5	18870	卖盘
11:29:57	37.74	--	0	0	卖盘
11:29:52	37.74	-0.01	30	113220	卖盘
11:29:47	37.75	--	0	0	卖盘
11:29:42	37.75	-0.02	110	415250	卖盘
11:29:37	37.77	-0.03	50	188850	卖盘
11:29:32	37.8	-0.02	43	162540	卖盘
11:29:27	37.82	-0.06	20	75640	卖盘
11:29:22	37.88	0.03	2	7576	买盘
11:29:17	37.85	-0.03	50	189250	卖盘
11:29:12	37.88	-0.03	17	64396	卖盘
11:29:02	37.91	--	0	0	买盘
11:28:57	37.91	-0.06	115	437860	卖盘
11:28:32	37.97	--	2	7594	买盘
11:28:27	37.97	--	82	311354	卖盘
11:28:22	37.97	-0.01	1	3797	卖盘
11:28:17	37.98	--	3	11393	中性盘
11:28:12	37.98	--	3	11393	卖盘
11:28:06	37.98	0.07	7	26585	买盘
11:28:02	37.91	--	5	18955	卖盘
11:27:51	37.91	--	0	0	卖盘
11:27:42	37.91	--	5	18955	卖盘
11:27:31	37.91	--	0	0	卖盘
11:27:27	37.91	-0.01	60	227459	卖盘
11:27:16	37.92	--	0	0	卖盘
11:27:12	37.92	-0.05	9	34128	卖盘
11:27:06	37.97	-0.03	1	3797	买盘
11:26:57	38.0	0.02	36	136800	买盘
11:26:51	37.98	0.01	52	197495	买盘
11:26:36	37.97	0.02	18	70244	买盘
11:26:31	37.95	--	14	53130	买盘
11:26:27	37.95	--	2	7590	买盘
11:26:21	37.95	--	24	92977	卖盘
11:26:12	37.95	0.05	123	468682	买盘
11:26:06	37.9	--	59	223610	买盘
11:25:57	37.9	-0.03	124	469960	卖盘
11:25:51	37.93	--	7	26551	卖盘
11:25:42	37.93	-0.01	14	53102	卖盘
11:25:36	37.94	--	5	18970	买盘
11:25:27	37.94	--	3	11382	买盘
11:25:16	37.94	-0.01	21	79674	卖盘
11:25:12	37.95	--	5	18975	买盘
11:25:06	37.95	--	0	0	中性盘
11:24:57	37.95	--	3	11385	卖盘
11:24:46	37.95	0.04	97	368115	买盘
11:24:41	37.91	0.01	5	18955	买盘
11:24:31	37.9	--	14	53060	买盘
11:24:26	37.9	0.01	6	22740	买盘
11:24:16	37.89	0.06	44	166716	买盘
11:24:11	37.83	-0.02	17	64311	卖盘
11:24:06	37.85	0.02	26	98410	买盘
11:24:01	37.83	--	0	0	中性盘
11:23:57	37.83	--	2	7566	中性盘
11:23:51	37.83	--	60	226980	卖盘
11:23:46	37.83	-0.02	34	128622	卖盘
11:23:41	37.85	--	5	18925	买盘
11:23:36	37.85	--	0	0	买盘
11:23:31	37.85	--	26	98410	卖盘
11:23:21	37.85	0.02	24	90840	买盘
11:23:16	37.83	-0.02	11	41613	卖盘
11:23:11	37.85	--	2	7570	买盘
11:23:06	37.85	-0.05	46	174110	卖盘
11:22:56	37.9	0.03	1	3790	卖盘
11:22:51	37.87	--	0	0	卖盘
11:22:46	37.87	--	4	15147	买盘
11:22:41	37.87	--	1	3786	买盘
11:22:36	37.87	-0.03	25	94675	卖盘
11:22:31	37.9	-0.05	1	3790	买盘
11:22:21	37.95	-0.02	12	45540	卖盘
11:22:16	37.97	--	4	15188	卖盘
11:22:06	37.97	-0.01	10	37970	买盘
11:22:00	37.98	0.01	22	83556	买盘
11:21:51	37.97	--	0	0	买盘
11:21:46	37.97	0.12	10	37970	买盘
11:21:30	37.85	--	3	11355	买盘
11:21:21	37.85	--	0	0	卖盘
11:21:06	37.85	0.08	5	18925	买盘
11:21:00	37.77	--	5	18885	买盘
11:20:56	37.77	--	11	41547	买盘
11:20:51	37.77	--	9	33993	买盘
11:20:45	37.77	--	56	211512	买盘
11:20:40	37.77	0.06	2	7554	买盘
11:20:36	37.71	--	15	56565	买盘
11:20:30	37.71	--	32	120672	买盘
11:20:25	37.71	--	18	67878	买盘
11:20:21	37.71	0.01	190	716490	买盘
11:20:15	37.7	-0.01	40	150800	卖盘
11:20:10	37.71	--	18	67878	买盘
11:20:06	37.71	--	54	203634	买盘
11:20:00	37.71	--	29	109359	买盘
11:19:55	37.71	--	4	15084	买盘
11:19:51	37.71	-0.04	200	754200	卖盘
11:19:45	37.75	0.04	27	101925	买盘
11:19:40	37.71	-0.04	192	724032	卖盘
11:19:36	37.75	0.01	1	3775	买盘
11:19:30	37.74	0.03	3	11322	买盘
11:19:21	37.71	--	0	0	卖盘
11:19:15	37.71	--	9	33939	卖盘
11:19:06	37.71	--	19	71649	买盘
11:19:00	37.71	0.01	53	199863	买盘
11:18:55	37.7	--	17	64090	卖盘
11:18:51	37.7	--	48	181148	卖盘
11:18:45	37.7	-0.01	52	196040	卖盘
11:18:40	37.71	--	0	0	卖盘
11:18:36	37.71	--	43	162153	卖盘
11:18:30	37.71	0.01	64	241344	卖盘
11:18:20	37.7	-0.03	5	18850	卖盘
11:18:15	37.73	-0.02	21	79233	卖盘
11:18:10	37.75	-0.03	95	358625	卖盘
11:18:06	37.78	-0.02	274	1035172	卖盘
11:18:00	37.8	-0.02	65	245699	卖盘
11:17:55	37.82	0.02	5	18910	买盘
11:17:50	37.8	-0.04	211	797579	卖盘
11:17:45	37.84	--	5	18920	买盘
11:17:40	37.84	--	3	11352	买盘
11:17:35	37.84	--	1	3784	买盘
11:17:30	37.84	--	5	18920	买盘
11:17:25	37.84	-0.04	45	170280	卖盘
11:17:20	37.88	0.03	6	22728	买盘
11:17:15	37.85	-0.03	44	166540	卖盘
11:17:10	37.88	--	24	90912	买盘
11:17:05	37.88	0.02	1	3788	买盘
11:17:00	37.86	--	20	75720	卖盘
11:16:50	37.86	--	0	0	卖盘
11:16:45	37.86	-0.04	6	22716	卖盘
11:16:40	37.9	0.05	104	394160	买盘
11:16:35	37.85	-0.01	10	37850	卖盘
11:16:30	37.86	--	11	41646	买盘
11:16:25	37.86	-0.02	9	34074	卖盘
11:16:20	37.88	0.02	6	22728	买盘
11:16:15	37.86	-0.02	47	177942	卖盘
11:16:10	37.88	0.02	1	3788	买盘
11:16:05	37.86	--	5	18930	卖盘
11:16:00	37.86	0.01	49	185514	中性盘
11:15:55	37.85	--	10	37850	卖盘
11:15:45	37.85	-0.01	17	64345	卖盘
11:15:40	37.86	-0.04	88	333168	卖盘
11:15:30	37.9	--	3	11370	卖盘
11:15:24	37.9	0.03	8	30320	卖盘
11:15:10	37.87	-0.03	26	98462	卖盘
11:15:04	37.9	0.03	1	3790	买盘
11:15:00	37.87	--	0	0	卖盘
11:14:55	37.87	-0.03	27	102249	卖盘
11:14:49	37.9	--	8	30320	卖盘
11:14:45	37.9	0.02	8	30320	卖盘
11:14:39	37.88	-0.1	105	397740	卖盘
11:14:34	37.98	--	0	0	买盘
11:14:24	37.98	0.03	20	75960	买盘
11:14:19	37.95	--	0	0	中性盘
11:14:15	37.95	-0.03	5	18975	卖盘
11:14:09	37.98	0.08	30	113939	买盘
11:14:00	37.9	-0.05	5	18950	卖盘
11:13:39	37.95	--	0	0	买盘
11:13:34	37.95	--	0	0	买盘
11:13:30	37.95	0.06	27	102465	买盘
11:13:24	37.89	--	26	98514	卖盘
11:13:19	37.89	-0.06	5	18945	卖盘
11:13:09	37.95	-0.03	5	18975	卖盘
11:13:04	37.98	0.03	2	7595	买盘
11:13:00	37.95	--	1	3795	卖盘
11:12:54	37.95	--	3	11385	卖盘
11:12:45	37.95	0.07	12	45540	买盘
11:12:39	37.88	-0.07	33	125004	卖盘
11:12:34	37.95	--	12	45540	卖盘
11:12:30	37.95	--	15	56925	卖盘
11:12:24	37.95	--	3	11385	卖盘
11:12:09	37.95	-0.05	10	37950	中性盘
11:12:04	38.0	--	30	114000	买盘
11:12:00	38.0	0.05	99	378100	买盘
11:11:54	37.95	-0.05	37	140415	卖盘
11:11:45	38.0	--	14	53200	卖盘
11:11:34	38.0	--	2	7600	卖盘
11:11:29	38.0	-0.01	5	19000	卖盘
11:11:24	38.01	--	2	7602	卖盘
11:11:19	38.01	-0.02	25	95025	卖盘
11:11:15	38.03	-0.01	3	11409	卖盘
11:11:09	38.04	--	0	0	买盘
11:11:04	38.04	0.02	11	41844	买盘
11:11:00	38.02	-0.01	3	11406	卖盘
11:10:54	38.03	-0.01	2	7606	卖盘
11:10:49	38.04	0.01	3	11412	买盘
11:10:44	38.03	-0.01	2	7606	卖盘
11:10:29	38.04	-0.05	85	323340	卖盘
11:10:24	38.09	--	1	3809	买盘
11:10:19	38.09	--	9	34281	卖盘
11:10:04	38.09	--	67	255203	买盘
11:09:59	38.09	0.03	33	125697	买盘
11:09:49	38.06	-0.03	14	53284	卖盘
11:09:39	38.09	--	13	49517	买盘
11:09:34	38.09	--	13	49517	买盘
11:09:19	38.09	--	2	7618	卖盘
11:09:04	38.09	--	0	0	中性盘
11:08:54	38.09	0.04	10	38090	买盘
11:08:44	38.05	--	0	0	卖盘
11:08:39	38.05	--	0	0	卖盘
11:08:33	38.05	-0.05	1	3804	卖盘
11:08:24	38.1	0.06	25	95250	买盘
11:08:14	38.04	--	5	19020	卖盘
11:08:09	38.04	--	1	3804	卖盘
11:08:03	38.04	--	16	60864	卖盘
11:07:54	38.04	-0.01	17	64668	卖盘
11:07:43	38.05	-0.04	4	15219	卖盘
11:07:39	38.09	--	0	0	买盘
11:07:33	38.09	0.04	59	224731	买盘
11:07:29	38.05	--	11	41855	卖盘
11:07:24	38.05	0.01	1	3804	买盘
11:07:14	38.04	--	0	0	卖盘
11:07:09	38.04	--	32	121728	卖盘
11:06:54	38.04	0.01	3	11412	卖盘
11:06:48	38.03	--	0	0	卖盘
11:06:39	38.03	0.01	2	7606	卖盘
11:06:18	38.02	--	0	0	中性盘
11:06:13	38.02	--	7	26614	买盘
11:06:09	38.02	--	2	7604	买盘
11:06:03	38.02	--	7	26614	卖盘
11:05:48	38.02	-0.06	7	26614	卖盘
11:05:43	38.08	0.07	1	3808	买盘
11:05:39	38.01	--	4	15204	卖盘
11:05:33	38.01	--	0	0	卖盘
11:05:24	38.01	-0.08	23	87423	卖盘
11:05:13	38.09	--	0	0	卖盘
11:05:09	38.09	0.09	3	11427	买盘
11:05:03	38.0	--	0	0	卖盘
11:04:54	38.0	--	4	15200	卖盘
11:04:48	38.0	--	21	79800	卖盘
11:04:38	38.0	--	2	7600	卖盘
11:04:33	38.0	0.02	3	11400	买盘
11:04:24	37.98	--	0	0	卖盘
11:04:18	37.98	--	0	0	卖盘
11:04:13	37.98	--	47	178505	买盘
11:04:08	37.98	--	13	49373	买盘
11:04:03	37.98	--	40	151920	买盘
11:03:58	37.98	--	11	41778	买盘
11:03:53	37.98	--	51	193697	买盘
11:03:48	37.98	--	30	113939	买盘
11:03:43	37.98	-0.05	20	75960	卖盘
11:03:38	38.03	0.06	88	334664	买盘
11:03:33	37.97	-0.03	45	170865	卖盘
11:03:28	38.0	0.02	3	11400	买盘
11:03:18	37.98	-0.02	41	155718	卖盘
11:03:08	38.0	-0.01	9	34200	卖盘
11:03:03	38.01	0.01	3	11403	买盘
11:02:58	38.0	-0.01	15	57000	卖盘
11:02:53	38.01	-0.01	5	19005	卖盘
11:02:43	38.02	0.01	17	64634	卖盘
11:02:33	38.01	0.02	22	83622	中性盘
11:02:28	37.99	-0.02	15	56985	卖盘
11:02:18	38.01	0.01	26	98826	买盘
11:02:13	38.0	0.01	10	38000	买盘
11:02:03	37.99	-0.01	1	3799	卖盘
11:01:58	38.0	0.05	6	22800	买盘
11:01:53	37.95	--	1	3795	卖盘
11:01:42	37.95	--	93	352935	卖盘
11:01:27	37.95	-0.02	29	110055	卖盘
11:01:23	37.97	0.02	10	37970	买盘
11:01:18	37.95	--	19	72105	卖盘
11:01:12	37.95	--	14	53130	卖盘
11:01:08	37.95	--	1	3795	卖盘
11:01:03	37.95	0.02	44	166980	买盘
11:00:57	37.93	--	4	15172	卖盘
11:00:52	37.93	--	4	15172	卖盘
11:00:48	37.93	--	15	56895	卖盘
11:00:42	37.93	--	42	161202	买盘
11:00:27	37.93	-0.02	200	760496	卖盘
11:00:12	37.95	-0.02	67	254265	卖盘
11:00:03	37.97	-0.02	58	220226	卖盘
10:59:57	37.99	--	1	3799	卖盘
10:59:48	37.99	--	2	7598	买盘
10:59:33	37.99	-0.01	9	34191	卖盘
10:59:12	38.0	--	1	3800	买盘
10:59:07	38.0	--	1	3800	卖盘
10:58:57	38.0	--	9	34200	卖盘
10:58:52	38.0	--	0	0	卖盘
10:58:42	38.0	-0.03	22	83600	卖盘
10:58:27	38.03	-0.01	19	72257	卖盘
10:58:22	38.04	-0.01	2	7608	卖盘
10:58:12	38.05	--	1	3804	买盘
10:58:03	38.05	-0.01	14	53269	卖盘
10:57:57	38.06	0.01	2	7612	买盘
10:57:47	38.05	--	15	57074	卖盘
10:57:42	38.05	--	9	34245	卖盘
10:57:33	38.05	-0.01	18	68490	卖盘
10:57:22	38.06	--	9	34254	卖盘
10:57:07	38.06	-0.02	3	11418	卖盘
10:57:02	38.08	--	2	7616	买盘
10:56:57	38.08	--	12	45696	买盘
10:56:42	38.08	--	202	769216	中性盘
10:56:37	38.08	-0.01	1	3808	卖盘
10:56:32	38.09	--	26	99034	买盘
10:56:27	38.09	--	0	0	买盘
10:56:22	38.09	0.03	1	3809	买盘
10:56:17	38.06	-0.03	5	19030	卖盘
10:56:02	38.09	--	1	3809	买盘
10:55:57	38.09	0.03	6	22854	买盘
10:55:52	38.06	-0.03	1	3806	卖盘
10:55:47	38.09	--	2	7618	买盘
10:55:42	38.09	0.03	10	38090	买盘
10:55:37	38.06	--	10	38060	卖盘
10:55:27	38.06	--	3	11418	卖盘
10:55:22	38.06	--	13	49478	卖盘
10:55:12	38.06	--	23	87538	买盘
10:55:02	38.06	--	7	26642	卖盘
10:54:57	38.06	0.01	8	30448	卖盘
10:54:21	38.05	-0.01	23	87515	卖盘
10:54:12	38.06	--	4	15224	买盘
10:54:06	38.06	--	4	15224	卖盘
10:54:01	38.06	--	5	19030	卖盘
10:53:57	38.06	0.01	1	3806	中性盘
10:53:51	38.05	--	11	41855	卖盘
10:53:36	38.05	--	38	144590	卖盘
10:53:27	38.05	0.01	5	19025	卖盘
10:53:21	38.04	--	48	182592	买盘
10:53:16	38.04	-0.01	9	34236	卖盘
10:53:12	38.05	0.01	3	11415	买盘
10:53:06	38.04	-0.01	2	7608	卖盘
10:53:01	38.05	--	5	19025	买盘
10:52:57	38.05	--	28	106539	买盘
10:52:51	38.05	--	17	64684	卖盘
10:52:46	38.05	--	14	53269	卖盘
10:52:42	38.05	-0.01	11	41855	卖盘
10:52:31	38.06	--	0	0	中性盘
10:52:27	38.06	0.01	3	11418	中性盘
10:52:21	38.05	-0.05	7	26634	卖盘
10:52:12	38.1	--	1	3810	买盘
10:52:06	38.1	-0.07	19	72390	卖盘
10:51:51	38.17	--	3	11451	买盘
10:51:36	38.17	--	17	64889	卖盘
10:51:31	38.17	--	20	76340	卖盘
10:51:26	38.17	0.03	66	251922	买盘
10:51:12	38.14	-0.03	9	34326	卖盘
10:51:06	38.17	--	0	0	买盘
10:51:01	38.17	0.02	19	72523	买盘
10:50:51	38.15	--	7	26705	买盘
10:50:41	38.15	--	1	3815	卖盘
10:50:36	38.15	0.01	1	3815	买盘
10:50:26	38.14	0.09	10	38140	买盘
10:50:16	38.05	-0.05	4	15219	卖盘
10:50:11	38.1	-0.05	1	3810	卖盘
10:50:06	38.15	0.1	49	186935	买盘
10:50:01	38.05	-0.05	66	251129	卖盘
10:49:51	38.1	--	15	57150	卖盘
10:49:46	38.1	--	28	106680	买盘
10:49:41	38.1	--	0	0	买盘
10:49:31	38.1	--	1	3810	买盘
10:49:26	38.1	-0.05	92	350520	卖盘
10:49:21	38.15	--	14	53410	买盘
10:49:16	38.15	0.15	4	15260	买盘
10:49:11	38.0	-0.1	100	380000	卖盘
10:49:06	38.1	--	2	7620	卖盘
10:49:01	38.1	0.07	48	182880	买盘
10:48:56	38.03	0.01	4	15212	卖盘
10:48:41	38.02	--	0	0	卖盘
10:48:30	38.02	--	5	19010	卖盘
10:48:21	38.02	-0.03	37	140674	卖盘
10:48:06	38.05	-0.04	33	125564	卖盘
10:48:01	38.09	0.07	6	22854	买盘
10:47:51	38.02	-0.07	11	41822	卖盘
10:47:36	38.09	0.04	3	11427	买盘
10:47:30	38.05	-0.04	1	3804	卖盘
10:47:25	38.09	0.08	2	7618	买盘
10:47:21	38.01	--	0	0	卖盘
10:47:06	38.01	--	0	0	卖盘
10:47:00	38.01	--	0	0	卖盘
10:46:55	38.01	-0.09	12	45612	卖盘
10:46:45	38.1	0.01	8	30480	买盘
10:46:40	38.09	0.08	3	11427	买盘
10:46:36	38.01	-0.12	10	38010	卖盘
10:46:30	38.13	0.03	67	255471	买盘
10:46:25	38.1	--	1	3810	卖盘
10:46:21	38.1	--	31	118110	卖盘
10:46:15	38.1	-0.03	33	125730	卖盘
10:46:06	38.13	--	1	3813	买盘
10:45:55	38.13	-0.01	11	41943	卖盘
10:45:51	38.14	0.04	3	11442	卖盘
10:45:45	38.1	--	0	0	卖盘
10:45:36	38.1	--	0	0	卖盘
10:45:30	38.1	--	15	57150	买盘
10:45:25	38.1	--	0	0	买盘
10:45:21	38.1	-0.04	1	3810	买盘
10:45:06	38.14	--	0	0	买盘
10:45:00	38.14	0.14	5	19070	买盘
10:44:55	38.0	-0.11	104	395200	卖盘
10:44:50	38.11	0.11	4	15244	买盘
10:44:45	38.0	--	7	26600	卖盘
10:44:35	38.0	0.04	58	220400	买盘
10:44:30	37.96	--	25	94900	买盘
10:44:25	37.96	--	1	3796	买盘
10:44:20	37.96	-0.03	48	182208	卖盘
10:44:15	37.99	--	15	56985	买盘
10:44:10	37.99	0.01	21	79779	买盘
10:44:05	37.98	--	7	26585	买盘
10:44:00	37.98	--	5	18990	买盘
10:43:50	37.98	--	9	34182	买盘
10:43:45	37.98	--	16	60767	买盘
10:43:40	37.98	0.02	36	136728	买盘
10:43:35	37.96	0.01	2	7592	卖盘
10:43:25	37.95	--	0	0	卖盘
10:43:20	37.95	-0.01	7	26565	卖盘
10:43:15	37.96	0.01	7	26572	买盘
10:43:10	37.95	0.02	21	81592	买盘
10:43:00	37.93	0.01	5	18965	卖盘
10:42:55	37.92	-0.01	32	121344	卖盘
10:42:50	37.93	--	25	94825	卖盘
10:42:45	37.93	-0.02	19	72067	卖盘
10:42:40	37.95	0.02	50	189750	买盘
10:42:35	37.93	--	7	26551	买盘
10:42:30	37.93	--	0	0	中性盘
10:42:25	37.93	--	9	34137	买盘
10:42:20	37.93	-0.03	3	11379	卖盘
10:42:15	37.96	--	5	18980	买盘
10:42:10	37.96	--	3	11388	买盘
10:42:05	37.96	0.01	12	45552	买盘
10:42:00	37.95	-0.01	10	37950	中性盘
10:41:45	37.96	--	52	197392	买盘
10:41:39	37.96	--	1	3796	买盘
10:41:35	37.96	--	1	3796	买盘
10:41:30	37.96	0.05	7	26572	买盘
10:41:19	37.91	-0.01	15	56864	卖盘
10:41:15	37.92	-0.04	4	15168	中性盘
10:41:09	37.96	0.01	7	26572	买盘
10:41:04	37.95	--	5	18975	买盘
10:41:00	37.95	0.05	12	45540	买盘
10:40:54	37.9	-0.05	32	121280	卖盘
10:40:50	37.95	0.05	4	15180	买盘
10:40:45	37.9	-0.08	13	49270	卖盘
10:40:34	37.98	--	0	0	买盘
10:40:30	37.98	0.06	139	527922	买盘
10:40:24	37.92	--	59	223728	卖盘
10:40:19	37.92	--	0	0	卖盘
10:40:15	37.92	-0.04	1	3792	卖盘
10:40:09	37.96	0.04	3	11388	买盘
10:40:04	37.92	--	4	15168	卖盘
10:40:00	37.92	--	4	15168	卖盘
10:39:54	37.92	--	2	7584	买盘
10:39:49	37.92	--	10	37920	买盘
10:39:45	37.92	--	12	45504	买盘
10:39:39	37.92	0.02	3	11376	买盘
10:39:30	37.9	0.02	9	34110	买盘
10:39:15	37.88	--	29	110533	买盘
10:39:09	37.88	0.01	23	87124	买盘
10:39:04	37.87	-0.01	12	45444	卖盘
10:39:00	37.88	0.01	68	257584	买盘
10:38:54	37.87	--	55	208285	买盘
10:38:45	37.87	-0.01	27	102249	卖盘
10:38:39	37.88	0.01	50	189400	买盘
10:38:34	37.87	--	0	0	买盘
10:38:29	37.87	0.01	83	314321	买盘
10:38:24	37.86	-0.01	28	106008	卖盘
10:38:14	37.87	--	28	106036	卖盘
10:38:09	37.87	0.01	28	106036	买盘
10:38:00	37.86	--	3	11358	买盘
10:37:54	37.86	-0.01	81	306666	卖盘
10:37:49	37.87	--	1	3786	卖盘
10:37:44	37.87	0.02	55	208285	买盘
10:37:39	37.85	-0.01	70	264950	卖盘
10:37:29	37.86	--	20	75720	买盘
10:37:24	37.86	0.01	27	102222	中性盘
10:37:19	37.85	-0.03	8	30280	卖盘
10:37:14	37.88	--	20	75760	买盘
10:37:09	37.88	--	40	151520	卖盘
10:37:04	37.88	--	20	75760	卖盘
10:36:59	37.88	--	4	15152	卖盘
10:36:54	37.88	-0.02	25	94700	卖盘
10:36:49	37.9	0.05	75	284250	买盘
10:36:44	37.85	-0.02	12	45420	买盘
10:36:39	37.87	-0.03	48	183669	卖盘
10:36:34	37.9	--	23	87170	卖盘
10:36:29	37.9	--	3	11370	卖盘
10:36:24	37.9	0.1	99	377105	买盘
10:36:19	37.8	-0.01	27	103949	卖盘
10:36:14	37.81	-0.07	131	495311	中性盘
10:36:09	37.88	0.08	17	64396	买盘
10:36:04	37.8	-0.1	51	192780	卖盘
10:35:59	37.9	--	3	11370	买盘
10:35:54	37.9	--	64	244455	买盘
10:35:49	37.9	--	18	68220	买盘
10:35:44	37.9	--	9	34110	卖盘
10:35:39	37.9	--	14	53060	卖盘
10:35:34	37.9	0.04	9	34110	卖盘
10:35:29	37.86	-0.02	33	124938	卖盘
10:35:24	37.88	--	14	53032	卖盘
10:35:19	37.88	--	25	94700	卖盘
10:35:14	37.88	--	5	18940	卖盘
10:35:09	37.88	-0.04	28	106064	卖盘
10:35:03	37.92	0.01	23	87216	买盘
10:34:59	37.91	--	5	18955	卖盘
10:34:54	37.91	-0.01	10	37910	卖盘
10:34:48	37.92	-0.04	45	170640	卖盘
10:34:44	37.96	-0.02	34	129064	卖盘
10:34:39	37.98	--	6	22787	买盘
10:34:33	37.98	-0.02	11	41778	卖盘
10:34:29	38.0	0.02	2	7600	买盘
10:34:24	37.98	--	0	0	卖盘
10:34:18	37.98	-0.02	34	129131	卖盘
10:34:13	38.0	0.02	22	83600	买盘
10:34:09	37.98	-0.02	48	182303	中性盘
10:34:03	38.0	--	52	197600	买盘
10:33:58	38.0	--	5	19000	买盘
10:33:54	38.0	--	52	197600	卖盘
10:33:48	38.0	-0.01	15	57000	卖盘
10:33:43	38.01	--	7	26607	买盘
10:33:39	38.01	--	11	41811	买盘
10:33:33	38.01	--	13	49413	买盘
10:33:28	38.01	--	30	114030	卖盘
10:33:24	38.01	--	28	106428	卖盘
10:33:18	38.01	-0.01	7	26607	中性盘
10:33:13	38.02	--	7	26614	买盘
10:33:09	38.02	0.02	8	30416	中性盘
10:33:03	38.0	-0.02	261	991800	卖盘
10:32:58	38.02	--	17	64634	卖盘
10:32:54	38.02	0.01	131	498062	买盘
10:32:48	38.01	--	20	76020	卖盘
10:32:43	38.01	--	1	3801	卖盘
10:32:39	38.01	0.01	11	41811	卖盘
10:32:33	38.0	--	19	72200	卖盘
10:32:28	38.0	--	31	117800	卖盘
10:32:23	38.0	-0.01	38	144400	卖盘
10:32:18	38.01	--	9	34209	买盘
10:32:13	38.01	-0.01	23	87423	卖盘
10:32:08	38.02	0.01	41	155882	中性盘
10:32:03	38.01	-0.02	4	15204	卖盘
10:31:58	38.03	0.02	17	64651	买盘
10:31:53	38.01	-0.04	23	87423	卖盘
10:31:48	38.05	--	1	3804	买盘
10:31:43	38.05	0.01	90	342450	买盘
10:31:38	38.04	-0.03	7	26628	卖盘
10:31:33	38.07	--	101	384507	买盘
10:31:23	38.07	0.01	36	137052	买盘
10:31:18	38.06	-0.01	11	41866	卖盘
10:31:13	38.07	0.01	3	11421	中性盘
10:31:08	38.06	-0.01	47	178882	卖盘
10:31:03	38.07	-0.08	8	30456	卖盘
10:30:58	38.15	0.05	6	22890	买盘
10:30:53	38.1	--	5	19050	买盘
10:30:48	38.1	--	21	80010	买盘
10:30:43	38.1	-0.01	135	514350	卖盘
10:30:33	38.11	-0.09	76	289636	卖盘
10:30:28	38.2	--	1	3820	买盘
10:30:23	38.2	--	13	49660	买盘
10:30:18	38.2	--	41	156620	卖盘
10:30:13	38.2	--	21	80220	卖盘
10:30:03	38.2	--	16	61120	卖盘
10:29:58	38.2	0.08	13	49660	买盘
10:29:53	38.12	--	1	3811	卖盘
10:29:48	38.12	--	5	19060	买盘
10:29:33	38.12	-0.01	3	11436	卖盘
10:29:28	38.13	--	5	19065	买盘
10:29:18	38.13	-0.07	23	87699	卖盘
10:29:13	38.2	0.06	24	91680	买盘
10:29:08	38.14	0.01	3	11442	卖盘
10:29:03	38.13	--	0	0	卖盘
10:28:58	38.13	-0.02	21	80073	卖盘
10:28:53	38.15	--	2	7630	卖盘
10:28:48	38.15	--	2	7630	卖盘
10:28:43	38.15	0.01	5	19075	买盘
10:28:33	38.14	-0.01	10	38140	卖盘
10:28:23	38.15	-0.05	22	83930	卖盘
10:28:18	38.2	--	16	61120	买盘
10:28:12	38.2	--	4	15280	买盘
10:27:57	38.2	0.01	6	22920	买盘
10:27:53	38.19	--	9	34371	卖盘
10:27:48	38.19	-0.02	19	72561	卖盘
10:27:42	38.21	0.02	7	26747	买盘
10:27:33	38.19	--	7	26733	卖盘
10:27:27	38.19	0.05	4	15276	买盘
10:27:22	38.14	-0.05	3	11442	卖盘
10:27:18	38.19	0.06	3	11457	买盘
10:27:12	38.13	--	1	3813	卖盘
10:26:57	38.13	0.02	12	45756	中性盘
10:26:52	38.11	-0.02	10	38110	卖盘
10:26:48	38.13	0.01	5	19065	买盘
10:26:37	38.12	0.02	2	7623	买盘
10:26:33	38.1	-0.01	5	19050	卖盘
10:26:27	38.11	--	6	22866	买盘
10:26:22	38.11	0.01	8	30488	卖盘
10:26:18	38.1	--	6	22860	卖盘
10:26:12	38.1	--	20	76200	卖盘
10:26:07	38.1	--	35	133350	卖盘
10:26:03	38.1	0.01	71	270510	买盘
10:25:57	38.09	0.03	9	34281	卖盘
10:25:52	38.06	--	1	3806	卖盘
10:25:48	38.06	0.01	32	121792	中性盘
10:25:42	38.05	-0.04	31	117954	卖盘
10:25:37	38.09	--	13	49517	买盘
10:25:33	38.09	0.04	32	121888	中性盘
10:25:27	38.05	--	31	117954	卖盘
10:25:22	38.05	0.01	3	11415	买盘
10:25:17	38.04	-0.02	46	174984	卖盘
10:25:12	38.06	0.02	31	117986	中性盘
10:25:07	38.04	--	0	0	卖盘
10:25:02	38.04	-0.04	11	41844	卖盘
10:24:57	38.08	-0.02	29	110432	卖盘
10:24:47	38.1	-0.04	47	179070	卖盘
10:24:42	38.14	0.01	16	61024	买盘
10:24:37	38.13	--	5	19065	中性盘
10:24:32	38.13	--	19	72447	卖盘
10:24:27	38.13	-0.03	7	26691	卖盘
10:24:22	38.16	0.03	2	7631	中性盘
10:24:17	38.13	-0.06	71	270723	卖盘
10:24:12	38.19	--	9	34371	买盘
10:24:07	38.19	-0.02	130	496469	卖盘
10:24:02	38.21	--	2	7642	买盘
10:23:57	38.21	0.01	7	26747	买盘
10:23:52	38.2	-0.03	1	3820	卖盘
10:23:47	38.23	--	16	61167	买盘
10:23:42	38.23	0.02	40	152920	买盘
10:23:37	38.21	-0.02	55	210155	卖盘
10:23:32	38.23	--	5	19115	买盘
10:23:27	38.23	--	3	11468	买盘
10:23:22	38.23	-0.01	107	411354	卖盘
10:23:12	38.24	--	2	7648	买盘
10:23:07	38.24	-0.02	26	99424	卖盘
10:22:57	38.26	--	0	0	中性盘
10:22:52	38.26	-0.01	10	38260	卖盘
10:22:47	38.27	--	5	19135	买盘
10:22:42	38.27	0.01	13	49751	买盘
10:22:37	38.26	--	2	7652	卖盘
10:22:32	38.26	--	0	0	卖盘
10:22:27	38.26	-0.01	8	30608	卖盘
10:22:22	38.27	--	116	443932	买盘
10:22:12	38.27	0.01	25	95675	买盘
10:22:07	38.26	-0.01	3	11478	卖盘
10:21:57	38.27	--	14	53578	卖盘
10:21:51	38.27	0.01	18	68886	买盘
10:21:47	38.26	-0.01	5	19130	卖盘
10:21:42	38.27	--	10	38270	买盘
10:21:36	38.27	0.01	3	11481	买盘
10:21:32	38.26	-0.01	20	76520	卖盘
10:21:27	38.27	--	30	114810	买盘
10:21:21	38.27	--	29	110983	卖盘
10:21:17	38.27	-0.01	1	3827	卖盘
10:21:12	38.28	--	6	22968	买盘
10:21:01	38.28	-0.03	34	130152	卖盘
10:20:56	38.31	0.03	35	134085	买盘
10:20:51	38.28	--	0	0	卖盘
10:20:42	38.28	-0.02	49	187572	卖盘
10:20:36	38.3	--	0	0	买盘
10:20:31	38.3	0.01	1	3829	中性盘
10:20:26	38.29	-0.02	30	114870	卖盘
10:20:21	38.31	--	90	344790	卖盘
10:20:12	38.31	--	4	15324	买盘
10:20:06	38.31	--	3	11493	卖盘
10:20:01	38.31	--	4	15324	卖盘
10:19:57	38.31	0.02	32	122592	买盘
10:19:51	38.29	-0.02	4	15316	卖盘
10:19:46	38.31	--	11	42141	买盘
10:19:42	38.31	0.02	3	11493	买盘
10:19:36	38.29	-0.02	1	3829	卖盘
10:19:31	38.31	--	30	114930	买盘
10:19:26	38.31	--	1	3831	买盘
10:19:21	38.31	--	3	11493	买盘
10:19:12	38.31	0.02	35	134085	买盘
10:19:06	38.29	0.01	14	53606	中性盘
10:19:01	38.28	-0.03	4	15312	卖盘
10:18:56	38.31	0.02	1	3831	买盘
10:18:51	38.29	-0.02	1	3829	卖盘
10:18:46	38.31	--	0	0	买盘
10:18:41	38.31	0.03	1	3831	买盘
10:18:36	38.28	-0.01	20	76560	卖盘
10:18:31	38.29	--	9	34461	卖盘
10:18:26	38.29	0.01	2	7658	买盘
10:18:16	38.28	--	17	65076	卖盘
10:18:11	38.28	--	3	11484	卖盘
10:18:06	38.28	0.01	8	30624	买盘
10:18:01	38.27	--	4	15308	卖盘
10:17:56	38.27	--	20	76540	卖盘
10:17:51	38.27	-0.01	14	53578	卖盘
10:17:46	38.28	--	1	3828	买盘
10:17:41	38.28	-0.02	6	22968	买盘
10:17:36	38.3	-0.01	82	314060	中性盘
10:17:31	38.31	0.02	45	172395	买盘
10:17:26	38.29	0.01	4	15316	卖盘
10:17:21	38.28	-0.02	14	53592	卖盘
10:17:16	38.3	--	3	11490	买盘
10:17:11	38.3	--	3	11490	买盘
10:17:06	38.3	--	14	53619	卖盘
10:17:01	38.3	-0.01	14	53619	卖盘
10:16:51	38.31	--	4	15324	卖盘
10:16:46	38.31	-0.01	1	3831	卖盘
10:16:36	38.32	--	2	7664	买盘
10:16:31	38.32	--	4	15328	卖盘
10:16:26	38.32	-0.01	33	126456	卖盘
10:16:21	38.33	0.01	108	413964	买盘
10:16:16	38.32	-0.01	15	57480	卖盘
10:16:06	38.33	0.01	19	72827	买盘
10:16:01	38.32	-0.02	6	22992	卖盘
10:15:56	38.34	--	0	0	中性盘
10:15:51	38.34	0.02	4	15336	买盘
10:15:46	38.32	--	18	68976	卖盘
10:15:36	38.32	--	0	0	卖盘
10:15:30	38.32	--	0	0	卖盘
10:15:21	38.32	--	29	111128	买盘
10:15:16	38.32	0.01	1	3832	买盘
10:15:11	38.31	--	1	3831	卖盘
10:15:06	38.31	--	3	11493	卖盘
10:15:01	38.31	--	3	11493	卖盘
10:14:51	38.31	--	22	84282	卖盘
10:14:45	38.31	-0.02	68	260508	卖盘
10:14:40	38.33	0.01	11	42163	中性盘
10:14:36	38.32	-0.01	21	80472	卖盘
10:14:30	38.33	0.01	8	30664	中性盘
10:14:26	38.32	--	3	11496	卖盘
10:14:21	38.32	-0.01	1	3832	卖盘
10:14:15	38.33	--	0	0	买盘
10:14:00	38.33	-0.06	21	80493	卖盘
10:13:40	38.39	-0.01	10	38390	卖盘
10:13:30	38.4	--	1	3840	买盘
10:13:25	38.4	0.01	8	30720	买盘
10:13:20	38.39	--	0	0	买盘
10:13:15	38.39	--	1	3839	买盘
10:13:10	38.39	-0.01	3	11517	买盘
10:13:06	38.4	--	0	0	买盘
10:13:00	38.4	--	18	69120	买盘
10:12:51	38.4	-0.05	87	334080	卖盘
10:12:45	38.45	--	53	203785	买盘
10:12:40	38.45	--	0	0	买盘
10:12:36	38.45	0.03	4	15380	买盘
10:12:30	38.42	-0.02	15	57630	卖盘
10:12:25	38.44	0.04	1	3844	买盘
10:12:05	38.4	0.08	31	119040	买盘
10:12:00	38.32	--	16	61312	卖盘
10:11:50	38.32	--	1	3832	卖盘
10:11:45	38.32	--	1	3832	买盘
10:11:35	38.32	0.04	2	7664	买盘
10:11:30	38.28	-0.02	2	7656	中性盘
10:11:25	38.3	0.03	1	3829	买盘
10:11:15	38.27	--	1	3827	卖盘
10:11:10	38.27	-0.03	1	3827	卖盘
10:11:05	38.3	0.03	5	19150	买盘
10:11:00	38.27	0.02	6	22962	中性盘
10:10:50	38.25	--	34	130050	卖盘
10:10:45	38.25	-0.01	27	103275	卖盘
10:10:35	38.26	0.01	1	3826	买盘
10:10:30	38.25	--	19	72675	买盘
10:10:15	38.25	--	21	80325	买盘
10:10:10	38.25	0.01	17	65025	买盘
10:10:05	38.24	--	4	15296	卖盘
10:10:00	38.24	-0.01	39	149136	中性盘
10:09:55	38.25	0.01	55	210375	买盘
10:09:50	38.24	-0.01	73	279152	卖盘
10:09:45	38.25	0.01	20	76500	买盘
10:09:40	38.24	--	61	233264	卖盘
10:09:35	38.24	-0.01	2	7648	中性盘
10:09:30	38.25	0.01	24	91800	买盘
10:09:25	38.24	--	4	15296	买盘
10:09:20	38.24	0.01	25	95600	买盘
10:09:15	38.23	-0.03	63	240848	卖盘
10:09:10	38.26	--	20	76520	买盘
10:09:05	38.26	0.01	4	15304	买盘
10:09:00	38.25	-0.01	8	30600	卖盘
10:08:55	38.26	--	23	87998	买盘
10:08:45	38.26	0.01	9	34434	买盘
10:08:40	38.25	-0.02	48	183600	卖盘
10:08:30	38.27	0.02	30	114810	卖盘
10:08:24	38.25	--	8	30600	卖盘
10:08:20	38.25	-0.02	41	156825	卖盘
10:08:15	38.27	0.01	39	149253	中性盘
10:08:09	38.26	--	41	156866	卖盘
10:08:00	38.26	-0.01	30	114780	卖盘
10:07:54	38.27	-0.01	10	38270	卖盘
10:07:45	38.28	0.03	10	38280	买盘
10:07:39	38.25	--	191	732105	卖盘
10:07:30	38.25	--	17	65025	卖盘
10:07:24	38.25	-0.01	26	99450	卖盘
10:07:19	38.26	-0.02	16	61216	卖盘
10:07:15	38.28	0.02	12	45936	买盘
10:07:09	38.26	-0.01	51	195126	卖盘
10:07:00	38.27	-0.03	27	103329	卖盘
10:06:54	38.3	0.05	6	22980	买盘
10:06:49	38.25	-0.05	35	133875	卖盘
10:06:45	38.3	--	5	19150	卖盘
10:06:39	38.3	--	8	30639	卖盘
10:06:34	38.3	--	4	15319	卖盘
10:06:30	38.3	--	3	11490	卖盘
10:06:24	38.3	-0.02	21	80430	中性盘
10:06:19	38.32	0.07	4	15328	买盘
10:06:15	38.25	--	36	137700	卖盘
10:06:09	38.25	--	7	26775	卖盘
10:06:04	38.25	--	4	15300	卖盘
10:05:59	38.25	-0.07	22	84150	卖盘
10:05:54	38.32	--	0	0	买盘
10:05:44	38.32	0.07	10	38320	买盘
10:05:39	38.25	-0.07	75	286875	卖盘
10:05:34	38.32	--	0	0	买盘
10:05:29	38.32	0.02	38	145616	买盘
10:05:24	38.3	-0.02	136	520879	卖盘
10:05:19	38.32	-0.01	4	15328	中性盘
10:05:14	38.33	0.01	4	15332	买盘
10:05:09	38.32	-0.01	2	7664	中性盘
10:05:04	38.33	0.02	5	19165	卖盘
10:04:59	38.31	-0.02	37	141747	卖盘
10:04:54	38.33	--	3	11499	买盘
10:04:49	38.33	-0.01	2	7666	买盘
10:04:44	38.34	--	9	34506	卖盘
10:04:39	38.34	0.04	4	15336	卖盘
10:04:34	38.3	--	0	0	卖盘
10:04:29	38.3	-0.04	106	405979	卖盘
10:04:24	38.34	-0.1	23	88182	卖盘
10:04:19	38.44	0.1	12	46128	中性盘
10:04:14	38.34	--	3	11502	卖盘
10:04:09	38.34	--	14	53676	卖盘
10:04:04	38.34	--	8	30672	卖盘
10:03:54	38.34	--	2	7668	卖盘
10:03:49	38.34	0.04	5	19170	买盘
10:03:44	38.3	-0.04	5	19150	卖盘
10:03:39	38.34	0.05	2	7668	买盘
10:03:34	38.29	-0.18	6	22974	卖盘
10:03:29	38.47	0.17	90	346230	买盘
10:03:24	38.3	-0.04	46	176180	卖盘
10:03:09	38.34	0.04	91	348894	买盘
10:03:04	38.3	-0.04	9	34470	卖盘
10:02:59	38.34	0.04	1	3834	买盘
10:02:54	38.3	--	43	164690	买盘
10:02:48	38.3	0.04	24	91920	买盘
10:02:44	38.26	-0.04	109	417034	卖盘
10:02:39	38.3	0.01	27	103409	买盘
10:02:29	38.29	0.03	6	22974	买盘
10:02:24	38.26	--	20	76520	卖盘
10:02:19	38.26	--	7	26782	买盘
10:02:14	38.26	0.01	12	45912	买盘
10:02:09	38.25	--	40	153000	卖盘
10:02:03	38.25	--	10	38250	卖盘
10:01:59	38.25	--	27	103275	买盘
10:01:54	38.25	0.02	31	118575	买盘
10:01:48	38.23	-0.02	32	122335	卖盘
10:01:43	38.25	0.03	10	38250	买盘
10:01:39	38.22	-0.01	15	57330	卖盘
10:01:33	38.23	--	7	26760	卖盘
10:01:24	38.23	-0.02	8	30583	卖盘
10:01:18	38.25	0.02	19	72675	买盘
10:01:13	38.23	-0.02	4	15291	卖盘
10:01:09	38.25	--	1	3825	买盘
10:01:03	38.25	--	15	57375	买盘
10:00:58	38.25	--	10	38250	买盘
10:00:54	38.25	-0.01	60	229500	卖盘
10:00:48	38.26	0.01	42	160692	买盘
10:00:43	38.25	-0.03	25	95625	卖盘
10:00:39	38.28	0.02	28	107184	买盘
10:00:33	38.26	-0.02	26	99476	卖盘
10:00:28	38.28	--	1	3828	买盘
10:00:24	38.28	-0.02	4	15312	中性盘
10:00:18	38.3	0.05	2	7659	中性盘
10:00:13	38.25	-0.06	68	260100	卖盘
10:00:09	38.31	0.01	12	45972	买盘
10:00:03	38.3	--	29	111069	卖盘
09:59:58	38.3	-0.01	6	22980	卖盘
09:59:54	38.31	0.03	6	22986	买盘
09:59:48	38.28	-0.02	57	218196	卖盘
09:59:43	38.3	-0.01	45	172350	卖盘
09:59:38	38.31	--	10	38310	卖盘
09:59:33	38.31	0.01	90	344790	中性盘
09:59:28	38.3	--	9	34470	卖盘
09:59:23	38.3	-0.01	19	72770	卖盘
09:59:18	38.31	0.01	9	34479	买盘
09:59:03	38.3	-0.03	161	616630	卖盘
09:58:53	38.33	-0.02	9	34497	卖盘
09:58:48	38.35	0.02	14	53690	中性盘
09:58:43	38.33	-0.07	22	84326	卖盘
09:58:38	38.4	--	7	26880	买盘
09:58:33	38.4	--	30	115200	买盘
09:58:23	38.4	-0.02	132	506880	卖盘
09:58:18	38.42	0.01	16	61472	卖盘
09:58:13	38.41	-0.05	10	38410	卖盘
09:58:03	38.46	0.04	42	161532	买盘
09:57:58	38.42	-0.03	23	88366	卖盘
09:57:53	38.45	-0.01	12	46140	卖盘
09:57:48	38.46	--	0	0	买盘
09:57:43	38.46	-0.01	57	219222	卖盘
09:57:38	38.47	-0.03	10	38470	卖盘
09:57:33	38.5	0.02	13	50050	买盘
09:57:28	38.48	-0.08	14	53871	卖盘
09:57:23	38.56	--	0	0	买盘
09:57:18	38.56	0.1	16	61696	买盘
09:57:13	38.46	-0.09	40	153840	卖盘
09:56:58	38.55	0.09	8	30839	中性盘
09:56:53	38.46	-0.09	40	153840	卖盘
09:56:48	38.55	0.05	10	38550	买盘
09:56:43	38.5	--	14	53900	卖盘
09:56:38	38.5	0.04	3	11550	买盘
09:56:33	38.46	--	28	107688	买盘
09:56:27	38.46	--	6	23076	买盘
09:56:23	38.46	0.02	22	84612	买盘
09:56:18	38.44	--	17	65347	卖盘
09:56:13	38.44	-0.02	5	19220	卖盘
09:56:08	38.46	0.02	3	11538	买盘
09:56:03	38.44	--	87	334428	买盘
09:55:57	38.44	0.04	14	53816	买盘
09:55:52	38.4	--	3	11520	卖盘
09:55:42	38.4	0.02	25	96000	买盘
09:55:33	38.38	-0.02	18	69084	卖盘
09:55:27	38.4	0.08	11	42240	买盘
09:55:18	38.32	--	51	195432	卖盘
09:55:12	38.32	0.02	17	65144	买盘
09:55:07	38.3	-0.1	5	19150	中性盘
09:55:03	38.4	--	61	234240	买盘
09:54:57	38.4	0.1	73	280320	买盘
09:54:52	38.3	-0.02	7	26809	卖盘
09:54:47	38.32	-0.08	14	53648	卖盘
09:54:42	38.4	-0.04	48	184320	卖盘
09:54:37	38.44	--	2	7688	买盘
09:54:32	38.44	-0.02	13	49972	卖盘
09:54:27	38.46	-0.02	14	53844	卖盘
09:54:22	38.48	-0.03	85	328580	卖盘
09:54:17	38.51	0.01	111	427461	中性盘
09:54:12	38.5	-0.05	46	177100	卖盘
09:54:07	38.55	-0.01	3	11565	中性盘
09:54:02	38.56	--	115	443440	卖盘
09:53:57	38.56	-0.04	3	11568	卖盘
09:53:52	38.6	0.05	6	23160	中性盘
09:53:47	38.55	-0.13	20	77100	卖盘
09:53:42	38.68	--	0	0	买盘
09:53:37	38.68	0.02	3	11604	买盘
09:53:32	38.66	--	5	19330	卖盘
09:53:27	38.66	--	14	54123	卖盘
09:53:22	38.66	--	7	27061	卖盘
09:53:17	38.66	-0.02	53	204897	买盘
09:53:07	38.68	0.08	27	104436	买盘
09:53:02	38.6	-0.08	34	131240	卖盘
09:52:57	38.68	--	4	15472	买盘
09:52:52	38.68	--	4	15472	买盘
09:52:47	38.68	-0.01	23	88964	卖盘
09:52:42	38.69	0.01	9	34821	买盘
09:52:32	38.68	0.08	6	23208	中性盘
09:52:27	38.6	0.05	33	129734	买盘
09:52:22	38.55	-0.09	17	67038	卖盘
09:52:17	38.64	--	73	282072	卖盘
09:52:12	38.64	0.09	17	66074	买盘
09:52:07	38.55	-0.05	11	42405	卖盘
09:52:02	38.6	--	12	48288	买盘
09:51:57	38.6	--	20	77200	卖盘
09:51:52	38.6	--	20	77200	中性盘
09:51:47	38.6	0.07	4	15440	买盘
09:51:42	38.53	-0.07	9	34677	卖盘
09:51:37	38.6	--	41	158260	卖盘
09:51:32	38.6	--	5	19300	买盘
09:51:27	38.6	--	8	30880	卖盘
09:51:22	38.6	-0.07	34	134714	卖盘
09:51:12	38.67	-0.03	25	97061	卖盘
09:51:07	38.7	-0.05	7	27090	卖盘
09:51:02	38.75	0.02	2	7750	买盘
09:50:57	38.73	--	8	30983	卖盘
09:50:52	38.73	-0.04	10	38730	卖盘
09:50:47	38.77	-0.01	40	155080	中性盘
09:50:42	38.78	--	9	34902	买盘
09:50:37	38.78	--	15	58170	买盘
09:50:32	38.78	-0.02	37	143486	卖盘
09:50:27	38.8	0.04	14	54319	中性盘
09:50:22	38.76	-0.05	302	1170552	卖盘
09:50:17	38.81	-0.02	1	3881	卖盘
09:50:12	38.83	0.02	8	31064	中性盘
09:50:07	38.81	-0.02	172	667532	卖盘
09:50:01	38.83	0.05	26	102122	买盘
09:49:57	38.78	-0.03	88	341302	卖盘
09:49:42	38.81	-0.05	5	19405	卖盘
09:49:36	38.86	-0.01	1	3886	中性盘
09:49:31	38.87	--	18	69966	买盘
09:49:27	38.87	0.01	19	73853	买盘
09:49:21	38.86	-0.01	30	116580	卖盘
09:49:16	38.87	--	18	69966	买盘
09:49:11	38.87	-0.03	52	205972	卖盘
09:49:06	38.9	0.02	40	155638	买盘
09:49:01	38.88	--	122	474336	买盘
09:48:57	38.88	-0.01	10	38880	卖盘
09:48:51	38.89	0.02	7	27223	买盘
09:48:46	38.87	-0.01	5	19435	卖盘
09:48:42	38.88	0.02	104	408201	买盘
09:48:36	38.86	--	12	46632	卖盘
09:48:31	38.86	--	8	31088	卖盘
09:48:26	38.86	--	4	15544	卖盘
09:48:21	38.86	0.06	16	62176	买盘
09:48:16	38.8	-0.05	27	104759	卖盘
09:48:11	38.85	--	65	252525	卖盘
09:48:06	38.85	0.05	79	306915	买盘
09:48:01	38.8	--	8	31039	买盘
09:47:57	38.8	--	5	19400	买盘
09:47:51	38.8	-0.01	14	54319	卖盘
09:47:46	38.81	--	5	19405	买盘
09:47:42	38.81	-0.03	97	376457	卖盘
09:47:36	38.84	--	26	100984	中性盘
09:47:31	38.84	--	6	23304	买盘
09:47:26	38.84	-0.01	16	62144	中性盘
09:47:21	38.85	0.05	16	62160	买盘
09:47:16	38.8	--	10	38800	卖盘
09:47:11	38.8	-0.04	9	34920	卖盘
09:47:06	38.84	-0.02	10	38840	中性盘
09:47:01	38.86	0.06	14	54404	买盘
09:46:56	38.8	--	12	46560	卖盘
09:46:51	38.8	-0.07	6	23280	卖盘
09:46:46	38.87	-0.01	3	11661	买盘
09:46:41	38.88	--	34	132230	买盘
09:46:36	38.88	0.01	71	276048	买盘
09:46:31	38.87	0.06	13	50531	中性盘
09:46:26	38.81	-0.09	38	147478	卖盘
09:46:21	38.9	--	106	412340	买盘
09:46:16	38.9	--	26	101140	卖盘
09:46:11	38.9	-0.03	103	400670	卖盘
09:46:06	38.93	-0.02	141	548913	卖盘
09:46:01	38.95	-0.01	60	233700	卖盘
09:45:56	38.96	0.04	16	62336	买盘
09:45:51	38.92	-0.02	53	206276	卖盘
09:45:46	38.94	0.01	34	132396	买盘
09:45:41	38.93	--	42	163506	卖盘
09:45:36	38.93	--	71	276403	中性盘
09:45:31	38.93	--	63	245259	卖盘
09:45:26	38.93	--	8	31144	卖盘
09:45:21	38.93	--	95	369835	卖盘
09:45:16	38.93	0.02	17	66181	买盘
09:45:11	38.91	--	4	15563	卖盘
09:45:06	38.91	0.01	15	58364	中性盘
09:45:01	38.9	--	9	35010	买盘
09:44:56	38.9	0.03	33	128370	买盘
09:44:51	38.87	-0.01	104	404248	中性盘
09:44:46	38.88	0.07	25	97200	买盘
09:44:41	38.81	-0.07	6	23286	卖盘
09:44:36	38.88	0.07	52	202176	买盘
09:44:31	38.81	0.01	164	640326	买盘
09:44:26	38.8	--	9	34920	买盘
09:44:21	38.8	--	4	15519	买盘
09:44:16	38.8	0.05	89	345320	买盘
09:44:11	38.75	0.01	1	3875	卖盘
09:44:06	38.74	-0.01	5	19370	卖盘
09:44:01	38.75	0.02	40	155000	买盘
09:43:51	38.73	0.02	18	69714	买盘
09:43:45	38.71	0.01	11	42581	买盘
09:43:41	38.7	-0.01	7	27090	卖盘
09:43:36	38.71	0.01	11	42581	买盘
09:43:30	38.7	0.01	47	181890	买盘
09:43:25	38.69	--	10	38690	卖盘
09:43:20	38.69	-0.01	13	50297	买盘
09:43:15	38.7	0.01	63	243810	买盘
09:43:10	38.69	0.04	14	54166	买盘
09:43:05	38.65	-0.04	10	38650	中性盘
09:43:00	38.69	0.05	33	127676	买盘
09:42:55	38.64	--	0	0	卖盘
09:42:51	38.64	0.04	60	231840	买盘
09:42:45	38.6	0.09	43	165980	中性盘
09:42:35	38.51	-0.14	30	115530	卖盘
09:42:30	38.65	--	13	50245	卖盘
09:42:25	38.65	0.01	3	11595	买盘
09:42:20	38.64	--	94	363216	卖盘
09:42:15	38.64	--	15	57960	卖盘
09:42:10	38.64	0.04	11	42504	卖盘
09:42:05	38.6	-0.01	103	397580	卖盘
09:42:00	38.61	-0.03	2	7722	卖盘
09:41:50	38.64	0.02	21	81144	买盘
09:41:45	38.62	-0.03	53	204686	卖盘
09:41:40	38.65	--	12	46380	卖盘
09:41:35	38.65	0.01	3	11595	中性盘
09:41:30	38.64	--	106	409584	买盘
09:41:25	38.64	0.02	3	11592	买盘
09:41:20	38.62	--	10	38620	卖盘
09:41:15	38.62	-0.03	41	158342	中性盘
09:41:10	38.65	-0.03	2	7730	中性盘
09:41:05	38.68	-0.04	104	402272	卖盘
09:41:00	38.72	0.01	45	174240	买盘
09:40:55	38.71	0.03	88	340648	买盘
09:40:50	38.68	-0.05	63	243684	卖盘
09:40:45	38.73	--	89	344697	卖盘
09:40:40	38.73	0.07	45	175640	买盘
09:40:35	38.66	-0.04	307	1189374	卖盘
09:40:30	38.7	-0.03	12	46440	卖盘
09:40:25	38.73	--	36	139428	买盘
09:40:20	38.73	-0.02	52	201395	卖盘
09:40:15	38.75	-0.02	106	410788	卖盘
09:40:10	38.77	--	43	166711	卖盘
09:40:05	38.77	0.01	58	224866	买盘
09:40:00	38.76	0.02	27	104652	买盘
09:39:55	38.74	--	78	306007	中性盘
09:39:50	38.74	-0.01	48	185952	卖盘
09:39:45	38.75	--	10	38750	买盘
09:39:40	38.75	0.01	13	50375	买盘
09:39:35	38.74	0.01	2	7748	买盘
09:39:30	38.73	0.03	3	11618	中性盘
09:39:25	38.7	--	17	65790	卖盘
09:39:20	38.7	0.02	35	136804	买盘
09:39:15	38.68	0.02	9	37326	卖盘
09:39:10	38.66	-0.02	46	177835	卖盘
09:39:05	38.68	0.02	7	27076	买盘
09:39:00	38.66	--	153	592851	买盘
09:38:55	38.66	0.01	7	27061	买盘
09:38:50	38.65	--	51	197115	买盘
09:38:45	38.65	0.02	7	27055	买盘
09:38:40	38.63	0.02	27	104301	买盘
09:38:35	38.61	-0.02	21	81081	卖盘
09:38:30	38.63	0.03	33	127479	中性盘
09:38:25	38.6	-0.03	47	181420	卖盘
09:38:20	38.63	--	106	409478	买盘
09:38:15	38.63	0.02	16	61808	买盘
09:38:10	38.61	0.01	4	15444	买盘
09:38:05	38.6	--	6	23160	买盘
09:38:00	38.6	--	4	15440	买盘
09:37:55	38.6	--	55	212300	买盘
09:37:50	38.6	--	13	50180	买盘
09:37:45	38.6	--	34	131240	卖盘
09:37:39	38.6	--	0	0	卖盘
09:37:34	38.6	-0.01	51	196860	卖盘
09:37:29	38.61	0.01	54	208494	买盘
09:37:25	38.6	--	20	77200	卖盘
09:37:19	38.6	--	10	38600	卖盘
09:37:15	38.6	--	31	119660	买盘
09:37:10	38.6	-0.05	50	193000	卖盘
09:37:04	38.65	0.05	20	77300	买盘
09:36:59	38.6	-0.07	10	38600	卖盘
09:36:54	38.67	-0.01	19	73473	中性盘
09:36:44	38.68	-0.02	110	425480	卖盘
09:36:39	38.7	-0.03	19	73530	中性盘
09:36:34	38.73	-0.02	45	174285	卖盘
09:36:29	38.75	-0.02	30	116250	中性盘
09:36:24	38.77	-0.01	70	271390	中性盘
09:36:19	38.78	0.01	22	85316	买盘
09:36:14	38.77	--	57	220989	买盘
09:36:09	38.77	0.04	161	624197	买盘
09:36:04	38.73	0.05	45	174285	买盘
09:35:59	38.68	-0.05	42	162456	卖盘
09:35:54	38.73	-0.04	71	274983	中性盘
09:35:49	38.77	0.06	2	7754	买盘
09:35:44	38.71	-0.06	50	193550	卖盘
09:35:39	38.77	0.06	48	186096	买盘
09:35:34	38.71	--	3	11613	卖盘
09:35:29	38.71	0.03	162	627102	买盘
09:35:24	38.68	0.03	59	228212	买盘
09:35:19	38.65	0.02	16	61840	买盘
09:35:14	38.63	0.03	2	7726	买盘
09:35:09	38.6	--	116	447760	卖盘
09:35:04	38.6	0.1	90	347400	买盘
09:34:59	38.5	--	30	115500	卖盘
09:34:54	38.5	0.02	34	130900	买盘
09:34:49	38.48	0.07	36	138528	买盘
09:34:44	38.41	-0.07	90	345689	卖盘
09:34:39	38.48	-0.01	60	230879	卖盘
09:34:34	38.49	--	0	0	买盘
09:34:29	38.49	-0.01	39	150111	中性盘
09:34:24	38.5	--	67	257950	卖盘
09:34:19	38.5	0.1	37	142450	买盘
09:34:14	38.4	0.05	8	30720	中性盘
09:34:09	38.35	-0.05	130	498550	卖盘
09:34:04	38.4	--	1	3840	卖盘
09:33:59	38.4	0.05	39	149760	买盘
09:33:54	38.35	--	23	88205	卖盘
09:33:44	38.35	--	14	53690	买盘
09:33:39	38.35	0.05	40	153400	买盘
09:33:34	38.3	-0.05	58	222139	卖盘
09:33:29	38.35	0.02	13	49855	买盘
09:33:24	38.33	0.06	19	72827	买盘
09:33:19	38.27	-0.02	26	99502	卖盘
09:33:14	38.29	-0.01	83	317807	卖盘
09:33:09	38.3	0.01	1	3829	买盘
09:33:04	38.29	-0.01	54	206766	卖盘
09:32:59	38.3	0.04	21	80430	买盘
09:32:54	38.26	--	23	87998	买盘
09:32:49	38.26	-0.03	43	164518	卖盘
09:32:44	38.29	0.03	20	76580	买盘
09:32:39	38.26	-0.03	73	279298	卖盘
09:32:34	38.29	0.01	50	191450	买盘
09:32:29	38.28	-0.01	1	3828	卖盘
09:32:24	38.29	--	21	80409	卖盘
09:32:19	38.29	--	13	49777	卖盘
09:32:14	38.29	-0.04	3	11487	卖盘
09:32:09	38.33	--	14	53662	买盘
09:32:04	38.33	-0.12	58	222314	卖盘
09:31:59	38.45	-0.05	14	53830	中性盘
09:31:54	38.5	--	40	154000	买盘
09:31:49	38.5	--	48	184800	买盘
09:31:44	38.5	--	1	3850	买盘
09:31:39	38.5	--	48	184800	卖盘
09:31:34	38.5	-0.04	45	173250	卖盘
09:31:29	38.54	-0.01	29	111766	卖盘
09:31:24	38.55	0.05	105	404774	买盘
09:31:18	38.5	--	24	92400	卖盘
09:31:13	38.5	-0.01	62	238700	卖盘
09:31:08	38.51	-0.03	41	157891	中性盘
09:31:03	38.54	0.04	17	65518	中性盘
09:30:53	38.5	0.06	14	53900	买盘
09:30:48	38.44	--	17	65347	卖盘
09:30:43	38.44	-0.04	57	219108	卖盘
09:30:38	38.48	0.04	45	173160	买盘
09:30:33	38.44	--	90	345960	买盘
09:30:28	38.44	--	50	192200	买盘
09:30:23	38.44	-0.01	88	338272	卖盘
09:30:18	38.45	0.01	6	23070	买盘
09:30:08	38.44	0.15	239	918716	买盘
09:30:03	38.29	0.03	66	252714	买盘
09:28:45	38.26	--	0	0	卖盘
09:25:11	38.26	38.26	575	2199950	买盘
