成交时间	成交价	价格变动	成交量(手)	成交额(元)	性质
15:00:00	16.93	--	0	0	卖盘
15:00:00	16.93	-0.01	33	55869	卖盘
14:59:59	16.94	0.01	34	57596	买盘
14:59:55	16.93	--	6	10158	卖盘
14:59:49	16.93	--	60	101580	卖盘
14:59:44	16.93	-0.01	167	282731	卖盘
14:59:38	16.94	0.01	110	186340	买盘
14:59:34	16.93	--	70	118510	卖盘
14:59:29	16.93	--	15	25395	卖盘
14:59:25	16.93	0.01	154	260722	中性盘
14:59:19	16.92	--	445	752940	卖盘
14:59:14	16.92	--	201	340092	卖盘
14:59:04	16.92	--	127	214884	买盘
14:58:59	16.92	-0.01	315	532980	卖盘
14:58:53	16.93	--	65	110045	买盘
14:58:49	16.93	0.01	165	279345	买盘
14:58:44	16.92	--	77	130284	卖盘
14:58:38	16.92	--	39	65988	卖盘
14:58:34	16.92	--	19	32148	卖盘
14:58:29	16.92	--	123	208116	卖盘
14:58:23	16.92	--	235	397620	卖盘
14:58:19	16.92	--	91	153972	买盘
14:58:14	16.92	--	109	184428	买盘
14:58:08	16.92	--	2	3384	买盘
14:58:04	16.92	--	98	165816	买盘
14:57:59	16.92	--	140	236880	买盘
14:57:53	16.92	0.01	50	84600	买盘
14:57:49	16.91	-0.01	154	260414	卖盘
14:57:44	16.92	--	75	126900	买盘
14:57:38	16.92	--	36	60912	买盘
14:57:34	16.92	--	143	241956	买盘
14:57:29	16.92	--	66	111672	卖盘
14:57:23	16.92	--	144	243648	买盘
14:57:19	16.92	--	61	103212	卖盘
14:57:14	16.92	--	36	60912	卖盘
14:57:08	16.92	--	20	33840	卖盘
14:57:04	16.92	0.01	18	30456	买盘
14:56:53	16.91	0.01	12	20292	中性盘
14:56:49	16.9	-0.01	338	572115	卖盘
14:56:44	16.91	--	29	49039	买盘
14:56:38	16.91	-0.02	484	818444	卖盘
14:56:34	16.93	0.01	56	94808	买盘
14:56:29	16.92	--	60	101520	卖盘
14:56:23	16.92	--	5	8460	卖盘
14:56:19	16.92	--	54	91757	买盘
14:56:14	16.92	0.01	27	45684	买盘
14:56:08	16.91	-0.01	32	54112	卖盘
14:56:04	16.92	0.01	15	25380	买盘
14:55:59	16.91	--	59	99769	卖盘
14:55:53	16.91	0.01	41	69331	中性盘
14:55:49	16.9	-0.02	142	239979	卖盘
14:55:44	16.92	0.01	76	128592	买盘
14:55:38	16.91	-0.01	14	23674	中性盘
14:55:34	16.92	0.01	407	689946	买盘
14:55:29	16.91	--	88	148808	卖盘
14:55:23	16.91	-0.01	147	248577	卖盘
14:55:19	16.92	0.01	112	189504	买盘
14:55:14	16.91	--	9	15219	卖盘
14:55:08	16.91	-0.01	17	28747	卖盘
14:55:04	16.92	0.01	24	40608	买盘
14:54:59	16.91	0.01	132	223600	买盘
14:54:53	16.9	-0.01	122	206179	卖盘
14:54:49	16.91	--	74	125134	买盘
14:54:44	16.91	--	867	1467399	卖盘
14:54:38	16.91	--	6	10146	卖盘
14:54:34	16.91	-0.01	169	285779	卖盘
14:54:29	16.92	0.01	3	5076	买盘
14:54:23	16.91	--	35	59185	卖盘
14:54:14	16.91	--	26	43966	卖盘
14:54:08	16.91	-0.01	49	82859	卖盘
14:54:04	16.92	0.01	33	55836	买盘
14:53:59	16.91	--	73	123443	卖盘
14:53:53	16.91	--	10	16910	卖盘
14:53:49	16.91	--	221	374099	卖盘
14:53:43	16.91	-0.01	93	157263	卖盘
14:53:38	16.92	--	28	47376	买盘
14:53:34	16.92	--	178	301176	买盘
14:53:28	16.92	0.01	25	42300	买盘
14:53:23	16.91	-0.01	11	18601	卖盘
14:53:19	16.92	--	21	35532	买盘
14:53:13	16.92	--	194	329550	卖盘
14:53:08	16.92	-0.01	23	38916	卖盘
14:53:04	16.93	0.01	77	130361	买盘
14:52:59	16.92	--	34	57528	卖盘
14:52:53	16.92	--	32	54144	卖盘
14:52:48	16.92	--	30	50760	卖盘
14:52:43	16.92	-0.01	17	28764	卖盘
14:52:38	16.93	--	10	16930	买盘
14:52:33	16.93	--	30	50790	买盘
14:52:28	16.93	0.01	70	118510	买盘
14:52:23	16.92	-0.01	49	82908	卖盘
14:52:18	16.93	0.01	59	99887	买盘
14:52:13	16.92	--	26	43992	卖盘
14:52:08	16.92	--	34	57528	卖盘
14:52:03	16.92	--	27	45684	卖盘
14:51:58	16.92	0.01	47	79913	买盘
14:51:53	16.91	-0.01	59	99769	卖盘
14:51:47	16.92	--	2	3384	买盘
14:51:43	16.92	--	61	103212	买盘
14:51:38	16.92	-0.01	99	167508	卖盘
14:51:32	16.93	0.01	324	548532	买盘
14:51:28	16.92	--	154	260568	卖盘
14:51:23	16.92	--	61	103212	卖盘
14:51:17	16.92	--	11	18612	卖盘
14:51:13	16.92	--	32	54144	卖盘
14:51:08	16.92	--	9	15228	卖盘
14:50:58	16.92	-0.01	6	10152	卖盘
14:50:47	16.93	0.01	17	28781	买盘
14:50:43	16.92	-0.01	71	120132	卖盘
14:50:38	16.93	--	312	528216	买盘
14:50:32	16.93	--	10	16930	买盘
14:50:28	16.93	--	147	248871	买盘
14:50:17	16.93	--	2	3386	买盘
14:50:13	16.93	--	184	313188	卖盘
14:50:08	16.93	-0.01	47	79571	卖盘
14:50:02	16.94	-0.01	32	54208	中性盘
14:49:58	16.95	0.01	145	245775	买盘
14:49:53	16.94	-0.01	129	218526	卖盘
14:49:47	16.95	0.01	181	306795	买盘
14:49:43	16.94	-0.01	3	5082	中性盘
14:49:38	16.95	0.01	64	108480	买盘
14:49:32	16.94	--	26	44044	卖盘
14:49:28	16.94	--	31	52514	买盘
14:49:23	16.94	--	206	348964	卖盘
14:49:17	16.94	-0.01	33	55902	卖盘
14:49:13	16.95	--	16	27120	买盘
14:49:08	16.95	0.01	15	25425	买盘
14:49:02	16.94	--	76	128744	卖盘
14:48:58	16.94	--	189	320166	买盘
14:48:53	16.94	--	65	110110	卖盘
14:48:47	16.94	--	8	13552	卖盘
14:48:43	16.94	0.01	117	198198	买盘
14:48:38	16.93	--	27	45711	卖盘
14:48:32	16.93	-0.01	6	10174	卖盘
14:48:28	16.94	--	189	320166	买盘
14:48:23	16.94	-0.01	18	30492	买盘
14:48:17	16.95	0.02	11	18645	买盘
14:48:13	16.93	-0.01	69	116817	卖盘
14:48:08	16.94	-0.01	103	174482	卖盘
14:48:02	16.95	--	0	0	买盘
14:47:58	16.95	--	133	225435	买盘
14:47:53	16.95	--	115	194925	买盘
14:47:47	16.95	--	30	50850	买盘
14:47:43	16.95	0.01	67	113565	买盘
14:47:38	16.94	-0.01	2	3388	卖盘
14:47:32	16.95	0.01	170	288150	买盘
14:47:28	16.94	--	97	164318	卖盘
14:47:22	16.94	-0.01	30	50820	卖盘
14:47:17	16.95	0.01	1002	1698390	买盘
14:47:07	16.94	-0.01	25	42350	卖盘
14:46:58	16.95	--	42	71190	买盘
14:46:52	16.95	--	63	106785	卖盘
14:46:47	16.95	--	3	5085	卖盘
14:46:43	16.95	--	258	437310	买盘
14:46:37	16.95	0.01	11	18645	买盘
14:46:32	16.94	--	22	37268	卖盘
14:46:28	16.94	0.01	50	84700	买盘
14:46:22	16.93	--	92	155756	卖盘
14:46:17	16.93	-0.01	13	22009	卖盘
14:46:13	16.94	0.01	400	677600	中性盘
14:46:07	16.93	-0.02	7	11851	卖盘
14:46:02	16.95	--	212	359340	买盘
14:45:56	16.95	--	0	0	买盘
14:45:52	16.95	0.02	743	1259385	买盘
14:45:47	16.93	0.01	4	6772	买盘
14:45:41	16.92	--	21	35532	卖盘
14:45:37	16.92	0.01	130	219960	买盘
14:45:32	16.91	--	25	42275	卖盘
14:45:22	16.91	--	56	94696	卖盘
14:45:17	16.91	--	10	16910	卖盘
14:45:07	16.91	--	15	25365	买盘
14:45:02	16.91	--	27	45657	买盘
14:44:56	16.91	--	26	43966	买盘
14:44:52	16.91	-0.01	30	50730	中性盘
14:44:47	16.92	0.01	292	494064	买盘
14:44:41	16.91	--	5	8455	买盘
14:44:37	16.91	--	32	54112	买盘
14:44:32	16.91	--	188	317908	买盘
14:44:26	16.91	0.01	20	33820	买盘
14:44:22	16.9	-0.01	4	6759	卖盘
14:44:17	16.91	--	107	180937	买盘
14:44:07	16.91	0.01	61	103151	买盘
14:44:02	16.9	-0.01	64	108159	卖盘
14:43:56	16.91	0.01	30	50730	买盘
14:43:52	16.9	--	7	11829	卖盘
14:43:47	16.9	--	2	3379	卖盘
14:43:41	16.9	-0.01	223	376869	卖盘
14:43:37	16.91	0.01	130	219830	买盘
14:43:32	16.9	--	25	42250	卖盘
14:43:26	16.9	--	107	180829	卖盘
14:43:22	16.9	--	177	299130	卖盘
14:43:17	16.9	--	71	119989	卖盘
14:43:11	16.9	--	34	57459	卖盘
14:43:07	16.9	-0.01	17	28729	卖盘
14:43:02	16.91	0.01	27	45657	买盘
14:42:56	16.9	--	23	38870	卖盘
14:42:52	16.9	-0.01	140	236599	卖盘
14:42:41	16.91	--	3	5073	买盘
14:42:32	16.91	--	3	5073	买盘
14:42:22	16.91	--	78	131898	卖盘
14:42:17	16.91	--	30	50730	卖盘
14:42:07	16.91	--	22	37202	卖盘
14:42:02	16.91	-0.02	8	13528	卖盘
14:41:56	16.93	0.02	1	1693	买盘
14:41:52	16.91	--	72	121752	卖盘
14:41:47	16.91	--	128	216448	卖盘
14:41:41	16.91	--	116	196156	卖盘
14:41:37	16.91	-0.01	50	84550	卖盘
14:41:32	16.92	--	11	18612	买盘
14:41:26	16.92	--	5	8460	买盘
14:41:22	16.92	0.01	90	152280	买盘
14:41:17	16.91	-0.01	48	81168	卖盘
14:41:11	16.92	0.01	2	3384	买盘
14:41:07	16.91	-0.01	74	125134	卖盘
14:41:01	16.92	--	14	23688	卖盘
14:40:56	16.92	--	18	30456	卖盘
14:40:52	16.92	--	332	561744	买盘
14:40:46	16.92	-0.01	119	201348	卖盘
14:40:41	16.93	0.01	20	33860	买盘
14:40:37	16.92	--	35	59220	卖盘
14:40:31	16.92	-0.01	88	148896	卖盘
14:40:26	16.93	--	3	5079	买盘
14:40:21	16.93	--	29	50248	卖盘
14:40:16	16.93	0.01	281	476274	买盘
14:40:06	16.92	-0.01	43	72756	卖盘
14:40:01	16.93	--	7	11851	买盘
14:39:51	16.93	--	5	8465	买盘
14:39:41	16.93	--	263	445259	卖盘
14:39:35	16.93	--	17	28781	卖盘
14:39:31	16.93	--	92	155756	卖盘
14:39:26	16.93	--	1	1693	卖盘
14:39:20	16.93	-0.01	220	372460	卖盘
14:39:16	16.94	0.01	104	176176	买盘
14:39:11	16.93	--	10	16930	卖盘
14:39:05	16.93	--	3	5079	卖盘
14:39:01	16.93	-0.01	39	66027	卖盘
14:38:56	16.94	0.01	3	5082	买盘
14:38:50	16.93	--	38	64334	卖盘
14:38:46	16.93	--	4	6772	卖盘
14:38:41	16.93	--	71	120203	卖盘
14:38:31	16.93	--	9	15237	卖盘
14:38:26	16.93	--	28	47404	卖盘
14:38:20	16.93	0.01	51	86343	买盘
14:38:16	16.92	-0.01	30	50760	卖盘
14:38:11	16.93	--	14	23702	买盘
14:38:05	16.93	--	28	47404	买盘
14:38:01	16.93	0.01	412	697516	买盘
14:37:56	16.92	--	5	8460	卖盘
14:37:46	16.92	--	53	89676	卖盘
14:37:41	16.92	-0.01	61	103212	卖盘
14:37:31	16.93	0.01	58	98194	买盘
14:37:26	16.92	-0.01	6	10152	卖盘
14:37:16	16.93	0.01	41	69413	买盘
14:37:05	16.92	--	2	3384	卖盘
14:37:01	16.92	--	30	50760	卖盘
14:36:56	16.92	--	34	57528	卖盘
14:36:46	16.92	--	16	27072	卖盘
14:36:41	16.92	-0.01	7	11844	卖盘
14:36:31	16.93	--	38	64334	买盘
14:36:26	16.93	--	12	20316	买盘
14:36:20	16.93	0.01	10	16930	买盘
14:36:11	16.92	-0.01	10	16920	卖盘
14:36:05	16.93	--	10	16930	买盘
14:36:01	16.93	--	5	8465	卖盘
14:35:56	16.93	--	10	16930	卖盘
14:35:46	16.93	-0.01	27	45711	卖盘
14:35:41	16.94	--	3	5082	买盘
14:35:35	16.94	--	19	32186	买盘
14:35:31	16.94	--	33	55902	买盘
14:35:26	16.94	0.01	11	18634	买盘
14:35:20	16.93	-0.01	1	1693	卖盘
14:35:16	16.94	0.01	9	15246	买盘
14:35:11	16.93	0.01	9	15237	卖盘
14:35:01	16.92	-0.01	23	38916	卖盘
14:34:56	16.93	-0.01	30	50790	卖盘
14:34:50	16.94	--	53	89782	买盘
14:34:46	16.94	0.01	1	1694	买盘
14:34:41	16.93	--	18	30474	卖盘
14:34:35	16.93	-0.01	4	6772	卖盘
14:34:30	16.94	0.01	167	282898	买盘
14:34:20	16.93	--	19	32167	卖盘
14:34:16	16.93	--	5	8465	卖盘
14:34:10	16.93	0.01	181	306433	买盘
14:34:00	16.92	0.01	10	16920	中性盘
14:33:55	16.91	--	13	21983	卖盘
14:33:45	16.91	-0.02	16	27056	卖盘
14:33:40	16.93	--	231	391083	买盘
14:33:35	16.93	0.01	33	55869	买盘
14:33:29	16.92	-0.01	6	10152	卖盘
14:33:25	16.93	0.01	153	259029	买盘
14:33:20	16.92	-0.01	1	1692	中性盘
14:33:10	16.93	--	2	3386	买盘
14:33:05	16.93	0.03	5	8465	中性盘
14:32:59	16.9	-0.03	5	8450	卖盘
14:32:50	16.93	--	6	10158	买盘
14:32:44	16.93	0.03	10	16930	买盘
14:32:40	16.9	-0.03	534	902459	卖盘
14:32:35	16.93	-0.01	601	1017493	卖盘
14:32:29	16.94	--	5	8470	买盘
14:32:25	16.94	0.01	96	162624	买盘
14:32:20	16.93	-0.01	454	768622	卖盘
14:32:14	16.94	-0.01	18	30492	卖盘
14:32:10	16.95	0.01	164	277980	买盘
14:32:05	16.94	--	25	42350	中性盘
14:31:59	16.94	--	7	11858	卖盘
14:31:55	16.94	-0.01	7	11858	买盘
14:31:50	16.95	0.01	160	271200	买盘
14:31:44	16.94	--	4	6776	卖盘
14:31:40	16.94	-0.01	49	83006	卖盘
14:31:35	16.95	0.01	20	33900	买盘
14:31:29	16.94	-0.01	4	6776	卖盘
14:31:25	16.95	0.01	10	16950	买盘
14:31:20	16.94	--	34	57596	中性盘
14:31:14	16.94	--	0	0	卖盘
14:31:10	16.94	--	39	66066	卖盘
14:31:05	16.94	-0.01	18	30492	中性盘
14:30:59	16.95	--	13	22035	买盘
14:30:55	16.95	--	225	381375	买盘
14:30:50	16.95	--	4	6780	卖盘
14:30:44	16.95	--	4	6780	卖盘
14:30:40	16.95	0.01	96	162720	买盘
14:30:35	16.94	-0.01	36	60984	卖盘
14:30:29	16.95	0.01	4	6780	买盘
14:30:25	16.94	--	22	37268	卖盘
14:30:20	16.94	-0.01	23	38962	卖盘
14:30:14	16.95	0.01	318	539010	买盘
14:30:10	16.94	-0.01	157	265958	卖盘
14:30:05	16.95	0.01	1	1695	买盘
14:29:59	16.94	--	2	3388	卖盘
14:29:55	16.94	0.01	47	79618	买盘
14:29:50	16.93	-0.01	33	55869	卖盘
14:29:40	16.94	--	46	77924	买盘
14:29:35	16.94	--	42	71148	卖盘
14:29:25	16.94	--	55	93170	卖盘
14:29:20	16.94	--	108	182952	卖盘
14:29:14	16.94	--	23	38962	卖盘
14:29:10	16.94	-0.01	34	57596	卖盘
14:29:05	16.95	--	23	38985	买盘
14:28:55	16.95	--	23	38985	买盘
14:28:44	16.95	--	115	194925	买盘
14:28:35	16.95	0.01	8	13560	买盘
14:28:25	16.94	--	20	33880	卖盘
14:28:20	16.94	--	28	47432	买盘
14:28:10	16.94	--	29	49126	买盘
14:28:04	16.94	--	30	50820	卖盘
14:27:59	16.94	-0.01	104	176176	卖盘
14:27:55	16.95	0.01	3	5085	买盘
14:27:49	16.94	--	61	103334	卖盘
14:27:44	16.94	-0.01	4	6776	卖盘
14:27:40	16.95	--	34	57630	买盘
14:27:34	16.95	--	30	50850	买盘
14:27:24	16.95	--	5	8475	买盘
14:27:19	16.95	0.01	84	142380	买盘
14:27:14	16.94	--	15	25410	卖盘
14:27:09	16.94	-0.01	27	45738	卖盘
14:27:04	16.95	--	60	101700	卖盘
14:26:59	16.95	--	19	32205	卖盘
14:26:53	16.95	--	72	122040	买盘
14:26:49	16.95	--	60	101700	买盘
14:26:44	16.95	--	8	13560	买盘
14:26:38	16.95	--	83	140685	买盘
14:26:34	16.95	0.01	23	38985	买盘
14:26:29	16.94	-0.01	29	49126	卖盘
14:26:19	16.95	0.01	17	28815	买盘
14:26:14	16.94	--	14	23716	卖盘
14:26:08	16.94	--	20	33880	卖盘
14:25:49	16.94	-0.01	14	23716	卖盘
14:25:44	16.95	--	57	96615	买盘
14:25:38	16.95	-0.01	99	167805	卖盘
14:25:29	16.96	-0.01	68	115328	卖盘
14:25:23	16.97	0.01	6	10182	买盘
14:25:19	16.96	0.01	5	8480	卖盘
14:25:14	16.95	-0.01	4	6780	卖盘
14:25:08	16.96	--	19	32224	买盘
14:25:04	16.96	--	13	22048	卖盘
14:24:59	16.96	--	94	159424	买盘
14:24:53	16.96	0.01	77	130592	买盘
14:24:49	16.95	-0.01	30	50850	卖盘
14:24:44	16.96	0.01	175	296800	买盘
14:24:38	16.95	--	34	57630	卖盘
14:24:34	16.95	--	28	47460	卖盘
14:24:29	16.95	--	68	115260	卖盘
14:24:23	16.95	-0.01	109	184755	卖盘
14:24:14	16.96	0.01	9	15264	买盘
14:24:08	16.95	--	47	79665	卖盘
14:24:04	16.95	--	139	235605	卖盘
14:23:59	16.95	--	168	284760	卖盘
14:23:53	16.95	-0.01	28	47460	卖盘
14:23:49	16.96	-0.01	31	52576	卖盘
14:23:44	16.97	--	274	464977	卖盘
14:23:38	16.97	--	80	135760	卖盘
14:23:34	16.97	--	174	295278	卖盘
14:23:29	16.97	--	259	439522	卖盘
14:23:23	16.97	--	22	37334	买盘
14:23:19	16.97	--	24	40728	买盘
14:23:14	16.97	-0.01	190	322430	卖盘
14:23:08	16.98	--	101	171498	买盘
14:23:04	16.98	0.01	44	74712	买盘
14:22:59	16.97	--	179	303763	卖盘
14:22:53	16.97	--	10	16970	卖盘
14:22:49	16.97	--	39	66624	买盘
14:22:44	16.97	--	112	191319	卖盘
14:22:34	16.97	0.01	42	71715	买盘
14:22:29	16.96	-0.02	42	71232	卖盘
14:22:23	16.98	0.02	701	1190298	买盘
14:22:19	16.96	-0.01	194	329024	卖盘
14:22:14	16.97	--	26	44122	买盘
14:22:08	16.97	0.01	20	33940	买盘
14:22:04	16.96	--	21	35616	卖盘
14:21:59	16.96	-0.01	220	373120	卖盘
14:21:49	16.97	--	14	23758	买盘
14:21:43	16.97	0.01	405	687285	买盘
14:21:34	16.96	--	22	37312	卖盘
14:21:28	16.96	-0.01	84	142464	卖盘
14:21:23	16.97	0.01	63	106911	买盘
14:21:19	16.96	--	174	295104	买盘
14:21:13	16.96	--	162	274752	买盘
14:21:08	16.96	0.01	5	8480	买盘
14:21:03	16.95	-0.01	41	69495	卖盘
14:20:58	16.96	0.01	29	49184	买盘
14:20:48	16.95	--	113	191535	买盘
14:20:43	16.95	--	103	174585	买盘
14:20:33	16.95	0.01	17	28815	买盘
14:20:28	16.94	--	46	77924	卖盘
14:20:17	16.94	-0.01	7	11858	卖盘
14:20:13	16.95	--	50	84750	买盘
14:20:08	16.95	--	13	22035	买盘
14:20:02	16.95	--	6	10170	买盘
14:19:58	16.95	--	16	27120	买盘
14:19:47	16.95	--	2	3390	买盘
14:19:43	16.95	-0.01	1	1695	中性盘
14:19:32	16.96	0.02	100	169600	买盘
14:19:28	16.94	--	9	15246	卖盘
14:19:23	16.94	0.01	50	84700	买盘
14:19:13	16.93	-0.04	250	423250	卖盘
14:19:08	16.97	0.01	1	1697	买盘
14:19:02	16.96	-0.01	6	10176	卖盘
14:18:58	16.97	--	77	130668	卖盘
14:18:53	16.97	-0.01	43	72971	卖盘
14:18:47	16.98	0.01	84	142632	买盘
14:18:43	16.97	-0.01	78	132366	卖盘
14:18:38	16.98	0.01	228	387144	买盘
14:18:28	16.97	--	163	276611	卖盘
14:18:23	16.97	0.01	435	738195	买盘
14:18:17	16.96	--	50	84800	卖盘
14:18:13	16.96	--	13	22048	卖盘
14:18:08	16.96	--	389	659744	卖盘
14:18:02	16.96	--	234	396864	买盘
14:17:58	16.96	--	241	408736	买盘
14:17:53	16.96	--	42	71232	买盘
14:17:47	16.96	0.01	47	79712	买盘
14:17:43	16.95	-0.01	4	6780	卖盘
14:17:38	16.96	0.01	96	162816	买盘
14:17:32	16.95	-0.01	42	71190	卖盘
14:17:28	16.96	--	64	108544	买盘
14:17:23	16.96	--	129	218784	买盘
14:17:17	16.96	0.01	146	247616	买盘
14:17:13	16.95	-0.01	15	25425	卖盘
14:17:08	16.96	0.01	232	393472	买盘
14:17:02	16.95	--	70	118650	买盘
14:16:58	16.95	--	110	186450	买盘
14:16:53	16.95	--	68	115260	买盘
14:16:47	16.95	--	17	28815	买盘
14:16:43	16.95	--	89	150855	买盘
14:16:38	16.95	--	208	352560	买盘
14:16:32	16.95	--	106	179670	买盘
14:16:28	16.95	--	55	93225	买盘
14:16:22	16.95	0.01	70	118650	买盘
14:16:17	16.94	-0.01	3	5082	卖盘
14:16:13	16.95	--	34	57630	买盘
14:16:08	16.95	0.01	73	123735	买盘
14:16:02	16.94	-0.01	110	186340	卖盘
14:15:58	16.95	--	199	337305	买盘
14:15:52	16.95	0.01	116	196620	买盘
14:15:43	16.94	-0.01	421	713174	卖盘
14:15:37	16.95	0.01	98	166110	买盘
14:15:32	16.94	--	103	174482	买盘
14:15:28	16.94	--	130	220220	买盘
14:15:23	16.94	--	133	225302	买盘
14:15:13	16.94	0.01	256	433664	买盘
14:15:07	16.93	--	236	400411	买盘
14:15:02	16.93	--	247	418171	买盘
14:14:57	16.93	--	188	318284	买盘
14:14:52	16.93	--	234	396162	买盘
14:14:47	16.93	0.01	82	138826	买盘
14:14:43	16.92	--	63	106596	卖盘
14:14:37	16.92	--	100	169200	卖盘
14:14:32	16.92	--	29	49626	买盘
14:14:27	16.92	0.01	349	590508	买盘
14:14:22	16.91	-0.01	369	623979	卖盘
14:14:17	16.92	--	30	50760	买盘
14:14:13	16.92	0.01	117	197964	买盘
14:14:07	16.91	-0.01	13	21983	卖盘
14:14:02	16.92	0.01	100	169200	买盘
14:13:57	16.91	--	36	60876	买盘
14:13:52	16.91	--	63	106533	买盘
14:13:47	16.91	0.01	38	64258	买盘
14:13:41	16.9	--	70	118299	卖盘
14:13:37	16.9	--	66	111539	卖盘
14:13:32	16.9	--	19	32109	卖盘
14:13:22	16.9	-0.01	19	32109	卖盘
14:13:17	16.91	0.01	50	84550	买盘
14:13:11	16.9	--	45	76050	卖盘
14:13:07	16.9	--	143	241669	买盘
14:13:02	16.9	-0.01	58	98019	卖盘
14:12:56	16.91	--	33	55803	买盘
14:12:52	16.91	0.01	201	339891	买盘
14:12:47	16.9	--	8	13519	卖盘
14:12:41	16.9	--	11	18590	卖盘
14:12:37	16.9	-0.01	275	464749	卖盘
14:12:32	16.91	0.01	19	32129	买盘
14:12:11	16.9	--	22	37180	卖盘
14:12:07	16.9	--	1	1689	卖盘
14:12:02	16.9	-0.01	11	18590	卖盘
14:11:56	16.91	0.01	33	55803	买盘
14:11:52	16.9	--	107	180829	卖盘
14:11:47	16.9	--	30	50699	卖盘
14:11:37	16.9	-0.01	23	38870	卖盘
14:11:32	16.91	--	5	8455	买盘
14:11:26	16.91	0.01	18	30438	买盘
14:11:22	16.9	-0.01	35	59149	卖盘
14:11:17	16.91	0.01	29	49039	买盘
14:11:07	16.9	-0.01	20	33800	卖盘
14:10:56	16.91	0.01	95	160645	买盘
14:10:52	16.9	--	20	33800	卖盘
14:10:47	16.9	--	4	6759	卖盘
14:10:37	16.9	--	15	25349	卖盘
14:10:26	16.9	--	109	184209	卖盘
14:10:17	16.9	--	10	16900	卖盘
14:10:07	16.9	0.01	375	633750	买盘
14:10:02	16.89	-0.01	10	16890	卖盘
14:09:56	16.9	0.01	33	55769	买盘
14:09:47	16.89	--	32	54048	卖盘
14:09:37	16.89	--	9	15201	卖盘
14:09:31	16.89	--	5	8445	卖盘
14:09:16	16.89	-0.01	2	3378	卖盘
14:09:11	16.9	--	5	8450	买盘
14:09:01	16.9	0.01	34	57459	买盘
14:08:56	16.89	--	6	10134	卖盘
14:08:52	16.89	--	18	30402	卖盘
14:08:41	16.89	--	18	30402	卖盘
14:08:31	16.89	--	4	6756	卖盘
14:08:26	16.89	--	10	16890	卖盘
14:08:21	16.89	-0.01	9	15201	卖盘
14:08:11	16.9	--	2	3379	买盘
14:08:06	16.9	--	1	1689	买盘
14:08:01	16.9	0.01	38	64219	买盘
14:07:51	16.89	-0.01	3	5067	卖盘
14:07:41	16.9	--	6	10140	买盘
14:07:36	16.9	--	112	189279	卖盘
14:07:31	16.9	--	113	190969	卖盘
14:07:26	16.9	--	10	16900	卖盘
14:07:21	16.9	--	19	32109	卖盘
14:07:05	16.9	--	24	40560	买盘
14:07:01	16.9	--	33	55769	买盘
14:06:50	16.9	--	10	16900	买盘
14:06:46	16.9	--	460	777399	卖盘
14:06:41	16.9	--	3	5070	卖盘
14:06:31	16.9	-0.01	31	52389	卖盘
14:06:26	16.91	--	47	79477	买盘
14:06:01	16.91	--	33	55803	买盘
14:05:46	16.91	--	10	16910	买盘
14:05:41	16.91	--	42	71022	买盘
14:05:35	16.91	--	32	54112	卖盘
14:05:31	16.91	--	29	49039	卖盘
14:05:26	16.91	-0.01	54	91314	卖盘
14:05:20	16.92	0.01	3	5076	买盘
14:05:16	16.91	--	23	38893	卖盘
14:05:11	16.91	-0.01	5	8455	卖盘
14:05:01	16.92	0.01	36	60912	买盘
14:04:56	16.91	-0.01	20	33820	卖盘
14:04:46	16.92	--	6	10152	买盘
14:04:41	16.92	0.01	20	33840	买盘
14:04:35	16.91	-0.01	100	169100	卖盘
14:04:31	16.92	--	5	8460	买盘
14:04:26	16.92	--	48	81216	买盘
14:04:16	16.92	--	40	67680	买盘
14:04:01	16.92	--	345	583740	买盘
14:03:56	16.92	0.01	23	38916	买盘
14:03:50	16.91	--	34	57494	卖盘
14:03:46	16.91	--	40	67640	卖盘
14:03:41	16.91	-0.01	27	45657	卖盘
14:03:31	16.92	--	71	120132	买盘
14:03:26	16.92	--	15	25380	买盘
14:03:20	16.92	0.01	1	1692	买盘
14:03:16	16.91	--	18	30438	卖盘
14:03:11	16.91	-0.01	23	38893	卖盘
14:03:01	16.92	--	48	81216	买盘
14:02:50	16.92	0.01	5	8460	买盘
14:02:46	16.91	--	13	21983	卖盘
14:02:41	16.91	--	0	0	中性盘
14:02:31	16.91	0.01	21	35511	买盘
14:02:16	16.9	--	6	10140	卖盘
14:02:10	16.9	-0.01	4	6759	卖盘
14:02:05	16.91	--	33	55803	买盘
14:01:55	16.91	--	10	16910	买盘
14:01:50	16.91	--	10	16910	买盘
14:01:45	16.91	0.01	4	6764	买盘
14:01:40	16.9	-0.01	107	180829	卖盘
14:01:31	16.91	-0.01	5	8455	买盘
14:01:20	16.92	--	0	0	买盘
14:01:15	16.92	0.01	39	65988	买盘
14:01:10	16.91	--	16	27056	卖盘
14:01:05	16.91	0.01	17	28747	买盘
14:01:00	16.9	-0.01	11	18590	卖盘
14:00:55	16.91	0.01	38	64258	买盘
14:00:50	16.9	--	126	212939	卖盘
14:00:45	16.9	-0.01	13	21969	卖盘
14:00:40	16.91	-0.01	1	1691	买盘
14:00:30	16.92	--	0	0	买盘
14:00:25	16.92	0.01	100	169200	买盘
14:00:15	16.91	-0.01	41	69331	卖盘
14:00:10	16.92	0.01	22	37224	买盘
14:00:00	16.91	-0.01	39	65949	卖盘
13:59:50	16.92	0.01	780	1319760	买盘
13:59:44	16.91	--	15	25365	买盘
13:59:40	16.91	--	25	42275	买盘
13:59:35	16.91	-0.01	72	122884	卖盘
13:59:25	16.92	0.01	49	82908	买盘
13:59:20	16.91	--	18	30438	卖盘
13:59:14	16.91	--	29	49039	卖盘
13:59:10	16.91	-0.01	4	6764	卖盘
13:59:05	16.92	0.01	37	62604	买盘
13:58:59	16.91	-0.01	39	65949	卖盘
13:58:55	16.92	0.01	7	11844	买盘
13:58:50	16.91	--	26	43966	卖盘
13:58:44	16.91	--	4	6764	卖盘
13:58:40	16.91	--	388	656666	买盘
13:58:35	16.91	0.01	86	145426	买盘
13:58:29	16.9	-0.01	10	16900	买盘
13:58:25	16.91	--	0	0	买盘
13:58:20	16.91	0.02	412	696692	买盘
13:58:10	16.89	-0.01	38	64182	卖盘
13:58:05	16.9	--	6	10140	买盘
13:57:59	16.9	--	5	8450	买盘
13:57:55	16.9	--	1	1689	买盘
13:57:50	16.9	0.01	2	3379	中性盘
13:57:40	16.89	-0.01	6	10134	卖盘
13:57:35	16.9	0.01	5	8450	买盘
13:57:29	16.89	--	19	32091	买盘
13:57:25	16.89	--	6	10134	买盘
13:57:20	16.89	-0.02	47	79383	卖盘
13:57:10	16.91	0.01	33	55803	买盘
13:57:05	16.9	--	8	13519	买盘
13:56:59	16.9	--	6	10140	买盘
13:56:55	16.9	--	24	40560	卖盘
13:56:50	16.9	-0.01	3	5070	卖盘
13:56:40	16.91	0.01	82	138662	买盘
13:56:29	16.9	-0.01	17	28729	卖盘
13:56:25	16.91	--	11	18601	买盘
13:56:20	16.91	--	0	0	买盘
13:56:10	16.91	0.01	33	55803	买盘
13:56:04	16.9	0.02	7	11829	买盘
13:55:55	16.88	--	9	15192	卖盘
13:55:49	16.88	--	0	0	卖盘
13:55:39	16.88	-0.01	519	876072	卖盘
13:55:34	16.89	--	0	0	卖盘
13:55:29	16.89	-0.02	18	30402	卖盘
13:55:19	16.91	--	152	257032	买盘
13:55:14	16.91	--	47	79477	买盘
13:55:10	16.91	--	22	37202	买盘
13:55:04	16.91	0.02	30	50730	买盘
13:54:59	16.89	-0.02	4	6756	卖盘
13:54:54	16.91	0.02	3	5073	买盘
13:54:44	16.89	0.01	37	62493	卖盘
13:54:39	16.88	--	2	3376	卖盘
13:54:34	16.88	-0.01	816	1377408	卖盘
13:54:24	16.89	0.01	19	32091	买盘
13:54:04	16.88	--	10	16880	卖盘
13:53:54	16.88	--	18	30384	买盘
13:53:49	16.88	--	10	16880	买盘
13:53:34	16.88	-0.01	6	10128	卖盘
13:53:24	16.89	--	11	18579	买盘
13:53:14	16.89	0.02	33	55737	买盘
13:53:09	16.87	-0.02	1	1687	卖盘
13:53:04	16.89	0.01	500	844500	买盘
13:52:53	16.88	-0.01	118	199184	卖盘
13:52:49	16.89	0.01	6	10134	买盘
13:52:44	16.88	--	26	43888	卖盘
13:52:34	16.88	--	10	16880	卖盘
13:52:29	16.88	--	17	28696	卖盘
13:52:19	16.88	0.01	16	27008	中性盘
13:52:08	16.87	--	6	10122	卖盘
13:52:04	16.87	--	9	15183	卖盘
13:51:59	16.87	--	3	5061	卖盘
13:51:53	16.87	-0.02	4	6748	卖盘
13:51:49	16.89	--	92	155388	买盘
13:51:44	16.89	0.04	139	234771	买盘
13:51:38	16.85	-0.02	350	589750	卖盘
13:51:34	16.87	0.02	61	102907	买盘
13:51:29	16.85	-0.02	29	48865	卖盘
13:51:23	16.87	--	6	10122	卖盘
13:51:19	16.87	0.01	842	1420454	买盘
13:51:08	16.86	-0.01	5	8430	卖盘
13:50:59	16.87	0.01	22	37114	买盘
13:50:48	16.86	-0.01	387	652482	卖盘
13:50:43	16.87	--	23	38801	买盘
13:50:38	16.87	--	16	26992	买盘
13:50:29	16.87	--	43	72541	卖盘
13:50:23	16.87	-0.01	10	16870	卖盘
13:50:13	16.88	0.01	36	60768	买盘
13:50:08	16.87	--	28	47236	卖盘
13:50:03	16.87	--	7	11809	卖盘
13:49:59	16.87	--	10	16870	卖盘
13:49:48	16.87	--	12	20244	卖盘
13:49:44	16.87	0.01	5	8435	中性盘
13:49:34	16.86	--	33	55638	卖盘
13:49:28	16.86	--	0	0	卖盘
13:49:19	16.86	-0.01	45	75870	卖盘
13:49:08	16.87	--	10	16870	买盘
13:49:03	16.87	--	35	59045	买盘
13:48:59	16.87	-0.01	376	634312	卖盘
13:48:53	16.88	--	3	5064	卖盘
13:48:49	16.88	--	9	15192	卖盘
13:48:43	16.88	--	9	15192	卖盘
13:48:33	16.88	0.01	4	6752	买盘
13:48:28	16.87	-0.02	601	1013887	卖盘
13:48:18	16.89	0.01	63	106407	买盘
13:48:08	16.88	--	20	33760	卖盘
13:48:03	16.88	--	13	21944	卖盘
13:47:58	16.88	--	10	16880	卖盘
13:47:53	16.88	-0.01	12	20256	卖盘
13:47:49	16.89	0.01	102	172278	买盘
13:47:43	16.88	--	133	224504	卖盘
13:47:38	16.88	--	10	16880	卖盘
13:47:33	16.88	-0.01	149	251511	卖盘
13:47:18	16.89	0.01	33	55737	买盘
13:47:03	16.88	-0.01	5	8440	卖盘
13:46:58	16.89	--	58	97962	买盘
13:46:53	16.89	--	117	197613	买盘
13:46:48	16.89	0.01	3	5067	买盘
13:46:43	16.88	-0.01	29	48952	卖盘
13:46:33	16.89	--	9	15201	买盘
13:46:28	16.89	--	20	33780	买盘
13:46:18	16.89	--	33	55737	买盘
13:46:08	16.89	-0.01	80	135120	卖盘
13:46:02	16.9	--	3	5070	买盘
13:45:58	16.9	0.01	10	16900	买盘
13:45:53	16.89	-0.01	3	5067	卖盘
13:45:38	16.9	0.01	19	32109	买盘
13:45:28	16.89	--	25	42225	卖盘
13:45:23	16.89	--	3	5067	卖盘
13:45:12	16.89	0.01	36	60804	买盘
13:45:08	16.88	-0.01	1	1688	卖盘
13:45:02	16.89	--	20	33780	买盘
13:44:47	16.89	0.01	100	168900	买盘
13:44:43	16.88	--	8	13504	卖盘
13:44:38	16.88	--	8	13504	卖盘
13:44:32	16.88	--	35	59080	卖盘
13:44:28	16.88	-0.01	17	28696	卖盘
13:44:23	16.89	0.01	34	57426	买盘
13:44:08	16.88	--	4	6752	卖盘
13:43:58	16.88	--	5	8440	卖盘
13:43:53	16.88	--	11	18568	卖盘
13:43:47	16.88	--	11	18568	卖盘
13:43:43	16.88	--	121	204248	卖盘
13:43:38	16.88	--	10	16880	卖盘
13:43:32	16.88	--	24	40512	卖盘
13:43:23	16.88	--	138	232944	卖盘
13:43:08	16.88	--	12	20256	卖盘
13:43:02	16.88	-0.01	23	38824	卖盘
13:42:57	16.89	--	7	11823	买盘
13:42:53	16.89	--	8	13512	卖盘
13:42:43	16.89	-0.01	3	5067	卖盘
13:42:37	16.9	0.01	17	28729	买盘
13:42:27	16.89	-0.01	4	6756	卖盘
13:42:23	16.9	0.01	53	89569	买盘
13:42:12	16.89	-0.01	3	5067	卖盘
13:42:08	16.9	--	0	0	买盘
13:41:57	16.9	--	16	27039	买盘
13:41:52	16.9	--	7	11829	买盘
13:41:42	16.9	0.02	20	33800	买盘
13:41:37	16.88	-0.01	65	109720	卖盘
13:41:32	16.89	--	8	13512	卖盘
13:41:27	16.89	--	226	381714	卖盘
13:41:22	16.89	--	14	23646	买盘
13:41:17	16.89	--	4	6756	买盘
13:41:12	16.89	--	38	64182	买盘
13:41:07	16.89	--	24	40536	卖盘
13:40:52	16.89	-0.01	20	33780	卖盘
13:40:47	16.9	0.02	3	5070	买盘
13:40:42	16.88	--	0	0	卖盘
13:40:37	16.88	-0.03	10	16880	卖盘
13:40:27	16.91	0.03	44	74404	买盘
13:40:22	16.88	--	4	6752	卖盘
13:40:07	16.88	-0.03	20	33760	卖盘
13:40:02	16.91	--	18	30438	买盘
13:39:52	16.91	-0.01	10	16910	卖盘
13:39:47	16.92	-0.01	3	5076	卖盘
13:39:41	16.93	0.06	107	181151	买盘
13:39:37	16.87	-0.05	1114	1879318	卖盘
13:39:32	16.92	--	10	16920	卖盘
13:39:27	16.92	--	12	20304	卖盘
13:39:22	16.92	--	16	27072	买盘
13:39:17	16.92	0.02	45	76140	买盘
13:39:11	16.9	-0.02	79	133510	卖盘
13:39:07	16.92	--	225	380700	买盘
13:39:02	16.92	0.01	69	116748	买盘
13:38:56	16.91	--	1	1691	卖盘
13:38:52	16.91	-0.01	21	35511	卖盘
13:38:47	16.92	0.01	20	33840	买盘
13:38:41	16.91	-0.01	10	16910	卖盘
13:38:32	16.92	0.01	33	55836	买盘
13:38:22	16.91	-0.01	4	6764	卖盘
13:38:06	16.92	0.01	19	32148	买盘
13:38:02	16.91	-0.01	50	84550	卖盘
13:37:56	16.92	--	100	169200	买盘
13:37:52	16.92	--	58	98136	买盘
13:37:41	16.92	--	46	77832	买盘
13:37:37	16.92	--	3	5076	买盘
13:37:32	16.92	--	53	89676	买盘
13:37:21	16.92	--	6	10152	买盘
13:37:17	16.92	--	86	145512	买盘
13:37:11	16.92	--	4	6768	买盘
13:37:06	16.92	--	20	33840	买盘
13:37:02	16.92	0.01	4	6768	买盘
13:36:51	16.91	--	25	42275	卖盘
13:36:47	16.91	-0.01	80	135280	卖盘
13:36:36	16.92	--	62	104904	买盘
13:36:31	16.92	0.01	34	57528	买盘
13:36:21	16.91	-0.01	1	1691	卖盘
13:36:17	16.92	0.02	25	42300	买盘
13:36:11	16.9	--	0	0	卖盘
13:36:07	16.9	--	4	6759	卖盘
13:36:02	16.9	0.01	6	10140	卖盘
13:35:47	16.89	--	0	0	卖盘
13:35:41	16.89	-0.02	114	192546	卖盘
13:35:36	16.91	0.01	4	6764	卖盘
13:35:31	16.9	0.01	9	15209	买盘
13:35:21	16.89	-0.01	115	194235	卖盘
13:35:16	16.9	-0.01	13	21969	卖盘
13:35:11	16.91	0.01	130	219830	买盘
13:35:06	16.9	--	93	157170	卖盘
13:35:01	16.9	--	30	50699	卖盘
13:34:46	16.9	--	57	96329	买盘
13:34:26	16.9	0.01	10	16900	买盘
13:34:21	16.89	--	1	1689	卖盘
13:34:16	16.89	--	540	912060	买盘
13:34:06	16.89	--	615	1038735	买盘
13:34:01	16.89	--	100	168900	买盘
13:33:56	16.89	--	10	16890	买盘
13:33:51	16.89	0.01	200	337800	买盘
13:33:36	16.88	--	59	99592	卖盘
13:33:16	16.88	-0.01	106	178928	卖盘
13:33:11	16.89	--	2	3378	买盘
13:33:05	16.89	0.01	50	84450	买盘
13:33:01	16.88	-0.01	21	35448	卖盘
13:32:56	16.89	0.01	5	8445	买盘
13:32:50	16.88	-0.01	31	52328	卖盘
13:32:46	16.89	0.01	3	5067	买盘
13:32:36	16.88	--	96	162048	卖盘
13:32:16	16.88	--	24	40512	卖盘
13:32:11	16.88	-0.01	4	6752	卖盘
13:32:00	16.89	0.01	149	251661	买盘
13:31:50	16.88	--	28	47264	卖盘
13:31:41	16.88	-0.01	15	25320	卖盘
13:31:31	16.89	--	79	133431	买盘
13:31:20	16.89	0.01	8	13512	买盘
13:31:16	16.88	--	2	3376	卖盘
13:31:11	16.88	-0.01	4	6752	卖盘
13:31:05	16.89	--	8	13512	买盘
13:30:45	16.89	--	11	18579	买盘
13:30:41	16.89	-0.01	252	425628	卖盘
13:30:35	16.9	--	16	27039	买盘
13:30:30	16.9	0.01	17	28729	买盘
13:30:20	16.89	-0.01	10	16890	卖盘
13:30:15	16.9	--	48	81120	买盘
13:30:11	16.9	--	1	1689	买盘
13:30:00	16.9	--	21	35490	卖盘
13:29:56	16.9	0.01	12	20280	卖盘
13:29:41	16.89	--	0	0	卖盘
13:29:30	16.89	0.01	6	10134	卖盘
13:29:26	16.88	-0.02	109	183992	卖盘
13:29:15	16.9	0.01	18	30419	买盘
13:29:10	16.89	--	5	8445	卖盘
13:29:00	16.89	--	6	10134	买盘
13:28:55	16.89	--	5	8445	买盘
13:28:50	16.89	--	10	16890	买盘
13:28:45	16.89	--	5	8445	买盘
13:28:41	16.89	--	55	92895	买盘
13:28:35	16.89	--	100	168900	买盘
13:28:30	16.89	-0.02	130	219570	卖盘
13:28:26	16.91	--	9	15219	买盘
13:28:11	16.91	0.01	2	3382	买盘
13:28:00	16.9	0.01	16	27039	买盘
13:27:56	16.89	-0.01	4	6756	卖盘
13:27:50	16.9	--	5	8450	买盘
13:27:40	16.9	--	145	245049	买盘
13:27:35	16.9	--	0	0	买盘
13:27:10	16.9	--	58	98019	卖盘
13:27:00	16.9	0.02	77	130129	买盘
13:26:55	16.88	0.01	15	25320	中性盘
13:26:50	16.87	-0.01	52	87724	卖盘
13:26:45	16.88	--	210	354480	卖盘
13:26:40	16.88	--	10	16880	卖盘
13:26:35	16.88	--	38	64143	买盘
13:26:30	16.88	0.01	20	33760	买盘
13:26:25	16.87	-0.01	2	3374	卖盘
13:26:20	16.88	--	10	16880	买盘
13:26:10	16.88	-0.01	135	227880	卖盘
13:26:00	16.89	--	8	13512	卖盘
13:25:55	16.89	--	2	3378	卖盘
13:25:50	16.89	--	7	11823	卖盘
13:25:45	16.89	--	4	6756	卖盘
13:25:40	16.89	0.02	3	5067	买盘
13:25:35	16.87	-0.02	25	42175	卖盘
13:25:29	16.89	--	216	364824	买盘
13:25:20	16.89	--	10	16890	买盘
13:25:09	16.89	--	25	42225	买盘
13:24:59	16.89	-0.01	41	69249	卖盘
13:24:50	16.9	--	60	101399	买盘
13:24:44	16.9	--	1	1689	买盘
13:24:40	16.9	0.02	33	55769	买盘
13:24:35	16.88	-0.01	200	337600	卖盘
13:24:25	16.89	-0.01	6	10134	卖盘
13:24:20	16.9	0.01	41	69290	买盘
13:24:10	16.89	-0.01	2	3378	卖盘
13:24:05	16.9	0.01	1	1689	买盘
13:23:50	16.89	-0.01	19	32091	买盘
13:23:39	16.9	0.01	102	172380	买盘
13:23:35	16.89	-0.01	2	3378	卖盘
13:23:24	16.9	--	100	169000	买盘
13:23:20	16.9	--	13	21969	买盘
13:23:14	16.9	--	210	354899	买盘
13:23:09	16.9	0.01	10	16900	买盘
13:22:59	16.89	--	6	10134	卖盘
13:22:50	16.89	-0.01	12	20268	卖盘
13:22:44	16.9	--	12	20280	买盘
13:22:39	16.9	--	47	79430	买盘
13:22:35	16.9	0.01	6	10140	买盘
13:22:14	16.89	-0.01	2	3378	卖盘
13:22:09	16.9	--	10	16900	买盘
13:22:05	16.9	--	6	10140	买盘
13:21:59	16.9	-0.01	22	37180	买盘
13:21:54	16.91	0.01	12	20292	买盘
13:21:50	16.9	--	33	55769	买盘
13:21:44	16.9	--	67	113229	卖盘
13:21:39	16.9	--	4	6759	卖盘
13:21:29	16.9	--	16	27039	卖盘
13:21:14	16.9	-0.01	200	338000	卖盘
13:21:04	16.91	0.01	4	6764	买盘
13:20:54	16.9	--	5	8450	卖盘
13:20:49	16.9	-0.01	37	62529	卖盘
13:20:39	16.91	--	2	3382	买盘
13:20:34	16.91	-0.01	39	65949	卖盘
13:20:24	16.92	--	15	25380	买盘
13:20:19	16.92	--	10	16920	买盘
13:20:14	16.92	0.01	31	52452	买盘
13:20:09	16.91	--	2	3382	卖盘
13:20:04	16.91	--	31	52421	买盘
13:19:59	16.91	--	10	16910	买盘
13:19:54	16.91	0.01	1	1691	买盘
13:19:49	16.9	-0.01	151	255189	卖盘
13:19:39	16.91	--	2	3382	卖盘
13:19:34	16.91	-0.01	9	15219	卖盘
13:19:23	16.92	0.01	13	21996	买盘
13:19:19	16.91	0.01	1	1691	买盘
13:19:14	16.9	--	5	8450	卖盘
13:19:04	16.9	--	5	8450	卖盘
13:18:59	16.9	-0.01	200	338000	卖盘
13:18:53	16.91	--	115	194465	买盘
13:18:49	16.91	--	53	89623	买盘
13:18:44	16.91	--	4	6764	买盘
13:18:38	16.91	--	1	1691	买盘
13:18:34	16.91	--	59	99769	卖盘
13:18:29	16.91	--	22	37202	卖盘
13:18:14	16.91	-0.01	12	20292	卖盘
13:18:04	16.92	0.01	6	10152	买盘
13:17:59	16.91	--	11	18601	卖盘
13:17:49	16.91	0.01	2	3382	买盘
13:17:44	16.9	--	2	3379	卖盘
13:17:33	16.9	-0.01	4	6759	卖盘
13:17:29	16.91	--	10	16910	买盘
13:16:59	16.91	-0.01	27	45657	卖盘
13:16:53	16.92	0.01	33	55836	买盘
13:16:33	16.91	--	16	27056	买盘
13:16:29	16.91	-0.01	19	32129	卖盘
13:16:08	16.92	-0.01	69	116748	卖盘
13:16:03	16.93	0.03	6	10158	买盘
13:15:53	16.9	--	0	0	卖盘
13:15:48	16.9	-0.03	43	72670	卖盘
13:15:44	16.93	0.01	64	108352	买盘
13:15:38	16.92	0.02	29	49068	买盘
13:15:33	16.9	-0.02	2	3379	卖盘
13:15:29	16.92	--	40	67680	买盘
13:15:03	16.92	--	2	3384	买盘
13:14:58	16.92	0.01	57	96444	买盘
13:14:48	16.91	-0.01	1	1691	卖盘
13:14:43	16.92	0.02	29	49068	买盘
13:14:33	16.9	--	0	0	卖盘
13:14:28	16.9	-0.02	143	241669	卖盘
13:14:18	16.92	0.01	29	49068	买盘
13:14:13	16.91	-0.01	5	8455	卖盘
13:14:08	16.92	0.01	29	49068	买盘
13:14:03	16.91	0.01	5	8455	买盘
13:13:58	16.9	-0.02	200	338000	卖盘
13:13:53	16.92	0.01	38	64296	买盘
13:13:48	16.91	-0.01	21	35511	卖盘
13:13:43	16.92	0.01	72	121824	买盘
13:13:28	16.91	--	2	3382	卖盘
13:13:23	16.91	--	1	1691	卖盘
13:13:18	16.91	-0.01	114	192774	卖盘
13:13:13	16.92	0.01	5	8460	买盘
13:13:03	16.91	-0.01	4	6764	卖盘
13:12:48	16.92	--	43	72756	买盘
13:12:43	16.92	--	5	8460	买盘
13:12:38	16.92	--	7	11844	买盘
13:12:28	16.92	0.01	13	21996	买盘
13:12:18	16.91	-0.01	12	20292	卖盘
13:12:13	16.92	--	4	6768	买盘
13:12:02	16.92	--	106	179352	买盘
13:11:53	16.92	--	40	67680	买盘
13:11:43	16.92	--	8	13536	买盘
13:11:38	16.92	0.01	30	50760	买盘
13:11:28	16.91	--	7	11837	卖盘
13:11:23	16.91	-0.01	27	45657	卖盘
13:11:17	16.92	0.01	9	15228	买盘
13:11:12	16.91	-0.01	28	47348	卖盘
13:11:08	16.92	--	13	21996	买盘
13:10:58	16.92	0.01	34	57528	买盘
13:10:47	16.91	-0.01	19	32129	卖盘
13:10:43	16.92	0.01	69	116748	买盘
13:10:38	16.91	--	92	155572	卖盘
13:10:13	16.91	-0.01	4	6764	卖盘
13:10:08	16.92	--	1	1692	买盘
13:10:02	16.92	--	0	0	买盘
13:09:57	16.92	0.01	37	62604	买盘
13:09:53	16.91	-0.01	6	10146	卖盘
13:09:38	16.92	--	4	6768	买盘
13:09:23	16.92	0.01	6	10152	买盘
13:09:12	16.91	-0.01	18	30438	卖盘
13:08:57	16.92	0.01	33	55836	买盘
13:08:53	16.91	--	12	20292	卖盘
13:08:38	16.91	-0.01	13	21983	卖盘
13:08:27	16.92	0.01	40	67680	买盘
13:08:22	16.91	--	101	170791	卖盘
13:08:17	16.91	--	7	11837	卖盘
13:08:07	16.91	-0.01	4	6764	卖盘
13:08:02	16.92	0.01	5	8460	买盘
13:07:57	16.91	--	13	21983	买盘
13:07:32	16.91	0.01	20	33820	买盘
13:07:22	16.9	-0.01	93	157170	卖盘
13:07:07	16.91	0.01	20	33820	买盘
13:07:02	16.9	-0.01	5	8450	卖盘
13:06:57	16.91	0.01	33	55803	买盘
13:06:52	16.9	-0.01	20	33800	卖盘
13:06:42	16.91	--	1	1691	买盘
13:06:37	16.91	--	2	3382	买盘
13:06:32	16.91	--	9	15219	卖盘
13:06:27	16.91	-0.01	30	50730	卖盘
13:06:17	16.92	0.01	1	1692	买盘
13:06:07	16.91	-0.01	41	69331	卖盘
13:05:41	16.92	--	22	37224	卖盘
13:05:32	16.92	-0.01	44	74448	卖盘
13:05:17	16.93	0.01	2	3386	买盘
13:05:11	16.92	--	6	10152	卖盘
13:05:07	16.92	-0.01	1	1692	卖盘
13:05:02	16.93	0.03	135	228555	买盘
13:04:56	16.9	0.01	40	67600	中性盘
13:04:52	16.89	-0.01	5	8445	卖盘
13:04:37	16.9	-0.01	10	16900	卖盘
13:04:32	16.91	0.01	29	49039	买盘
13:04:26	16.9	0.01	25	42250	买盘
13:04:22	16.89	-0.02	8	13512	卖盘
13:04:06	16.91	--	0	0	买盘
13:04:02	16.91	0.01	47	79477	买盘
13:03:56	16.9	--	7	11829	卖盘
13:03:52	16.9	--	4	6759	卖盘
13:03:41	16.9	--	100	169000	卖盘
13:03:37	16.9	-0.01	5	8450	卖盘
13:03:26	16.91	--	5	8455	买盘
13:03:21	16.91	--	13	21983	买盘
13:03:17	16.91	--	2	3382	买盘
13:03:06	16.91	-0.01	26	43966	卖盘
13:03:01	16.92	0.01	54	91368	买盘
13:02:47	16.91	--	0	0	卖盘
13:02:41	16.91	-0.01	41	69331	卖盘
13:02:36	16.92	-0.01	2	3384	卖盘
13:02:31	16.93	0.01	6	10158	买盘
13:02:21	16.92	--	7	11844	卖盘
13:02:16	16.92	--	4	6768	买盘
13:02:11	16.92	--	16	27072	卖盘
13:02:06	16.92	--	21	35532	买盘
13:02:01	16.92	-0.01	3	5076	买盘
13:01:51	16.93	--	0	0	买盘
13:01:46	16.93	0.01	10	16930	买盘
13:01:41	16.92	--	1	1692	买盘
13:01:36	16.92	--	27	45684	买盘
13:01:31	16.92	0.01	100	169200	买盘
13:01:21	16.91	--	1	1691	卖盘
13:01:11	16.91	--	66	111606	买盘
13:01:06	16.91	--	33	55803	买盘
13:01:01	16.91	0.01	10	16910	买盘
13:00:51	16.9	--	12	20280	卖盘
13:00:41	16.9	-0.01	20	33800	卖盘
13:00:31	16.91	0.01	23	38893	买盘
13:00:16	16.9	--	6	10140	卖盘
13:00:11	16.9	--	47	79430	卖盘
13:00:06	16.9	--	48	81120	卖盘
13:00:01	16.9	0.01	14	23659	买盘
11:30:00	16.89	--	0	0	卖盘
11:30:00	16.89	--	0	0	卖盘
11:30:00	16.89	--	25	42225	卖盘
11:29:57	16.89	-0.01	15	25335	卖盘
11:29:52	16.9	--	14	23659	买盘
11:29:46	16.9	0.01	10	16900	买盘
11:29:42	16.89	-0.01	26	43914	卖盘
11:29:37	16.9	--	33	55769	买盘
11:29:07	16.9	--	33	55769	买盘
11:29:01	16.9	--	13	21969	买盘
11:28:57	16.9	0.01	2	3379	买盘
11:28:52	16.89	-0.01	60	101340	卖盘
11:28:46	16.9	0.01	26	43939	买盘
11:28:42	16.89	--	9	15201	卖盘
11:28:27	16.89	-0.01	1	1689	卖盘
11:28:22	16.9	0.01	3	5070	买盘
11:28:12	16.89	-0.01	15	25335	卖盘
11:28:07	16.9	--	33	55769	买盘
11:28:01	16.9	0.01	5	8450	买盘
11:27:52	16.89	-0.01	1	1689	卖盘
11:27:46	16.9	--	50	84500	买盘
11:27:42	16.9	--	58	98019	买盘
11:27:37	16.9	--	10	16900	买盘
11:27:27	16.9	--	111	187589	买盘
11:27:22	16.9	0.01	68	114919	买盘
11:27:12	16.89	--	10	16890	卖盘
11:26:57	16.89	--	167	282063	买盘
11:26:52	16.89	--	8	13512	买盘
11:26:46	16.89	--	369	623241	买盘
11:26:42	16.89	0.01	78	131742	买盘
11:26:31	16.88	--	100	168800	卖盘
11:26:21	16.88	-0.01	40	67520	卖盘
11:26:16	16.89	--	11	18579	买盘
11:26:12	16.89	0.01	10	16890	买盘
11:26:01	16.88	--	22	37136	卖盘
11:25:57	16.88	--	28	47264	买盘
11:25:52	16.88	--	5	8440	买盘
11:25:46	16.88	0.01	12	20256	买盘
11:25:42	16.87	-0.01	71	119777	卖盘
11:25:37	16.88	-0.01	22	37136	买盘
11:25:31	16.89	0.01	24	40536	买盘
11:25:27	16.88	--	8	13504	买盘
11:25:21	16.88	-0.01	12	20256	卖盘
11:25:10	16.89	--	33	55737	买盘
11:25:07	16.89	0.01	37	62493	买盘
11:25:01	16.88	-0.01	1	1688	卖盘
11:24:55	16.89	-0.01	13	21957	买盘
11:24:51	16.9	--	0	0	买盘
11:24:46	16.9	0.02	20	33800	买盘
11:24:40	16.88	0.01	4	6752	买盘
11:24:36	16.87	--	17	28679	卖盘
11:24:31	16.87	-0.01	350	590450	卖盘
11:24:25	16.88	0.01	200	337600	买盘
11:24:21	16.87	--	34	57358	卖盘
11:24:16	16.87	--	49	84181	买盘
11:24:10	16.87	--	20	33740	买盘
11:24:06	16.87	--	31	52297	买盘
11:24:01	16.87	0.01	67	113029	买盘
11:23:52	16.86	--	10	16860	卖盘
11:23:46	16.86	--	49	82614	卖盘
11:23:40	16.86	0.01	98	166391	买盘
11:23:36	16.85	--	25	42125	卖盘
11:23:31	16.85	--	38	64030	卖盘
11:23:25	16.85	--	42	70770	买盘
11:23:21	16.85	--	58	97730	买盘
11:23:16	16.85	--	88	148280	买盘
11:23:10	16.85	--	83	139855	买盘
11:23:07	16.85	--	37	62345	买盘
11:23:01	16.85	--	77	129745	买盘
11:22:51	16.85	--	4	6740	买盘
11:22:46	16.85	-0.01	174	293190	卖盘
11:22:40	16.86	0.01	2	3372	买盘
11:22:36	16.85	-0.01	32	53920	卖盘
11:22:31	16.86	--	46	77556	买盘
11:22:25	16.86	0.01	8	13488	买盘
11:22:21	16.85	-0.01	139	234215	卖盘
11:22:16	16.86	0.01	166	279876	买盘
11:22:10	16.85	--	7	11795	卖盘
11:22:06	16.85	--	128	215680	卖盘
11:22:01	16.85	--	56	94360	卖盘
11:21:55	16.85	-0.01	10	16850	卖盘
11:21:51	16.86	--	120	202320	买盘
11:21:46	16.86	--	20	33720	买盘
11:21:36	16.86	--	111	187668	卖盘
11:21:31	16.86	--	8	13488	卖盘
11:21:25	16.86	0.01	38	65231	买盘
11:21:21	16.85	--	95	160075	卖盘
11:21:16	16.85	-0.01	138	232530	卖盘
11:21:06	16.86	--	23	38778	买盘
11:21:01	16.86	-0.01	95	160692	卖盘
11:20:51	16.87	0.01	10	16870	买盘
11:20:46	16.86	--	31	52266	卖盘
11:20:40	16.86	--	30	50580	卖盘
11:20:36	16.86	--	5	8430	卖盘
11:20:31	16.86	-0.01	55	92730	卖盘
11:20:21	16.87	--	240	404880	买盘
11:20:16	16.87	0.01	33	55671	买盘
11:20:10	16.86	-0.01	1	1686	卖盘
11:20:06	16.87	--	4	6748	买盘
11:19:55	16.87	-0.01	29	48923	卖盘
11:19:51	16.88	0.01	11	18568	买盘
11:19:46	16.87	-0.01	10	16870	卖盘
11:19:40	16.88	0.01	6	10128	买盘
11:19:30	16.87	0.01	5	8435	卖盘
11:19:20	16.86	--	51	87149	卖盘
11:19:16	16.86	-0.01	75	126450	卖盘
11:19:05	16.87	0.01	1	1687	买盘
11:19:01	16.86	--	10	16860	卖盘
11:18:55	16.86	--	85	143310	卖盘
11:18:45	16.86	-0.01	58	97788	卖盘
11:18:40	16.87	--	10	16870	买盘
11:18:34	16.87	0.01	5	8435	买盘
11:18:30	16.86	-0.01	55	92730	卖盘
11:18:25	16.87	--	13	21931	买盘
11:18:19	16.87	--	36	60732	买盘
11:18:15	16.87	--	22	37114	买盘
11:18:10	16.87	--	12	20244	买盘
11:18:04	16.87	--	2	3374	买盘
11:17:55	16.87	--	81	137169	卖盘
11:17:45	16.87	-0.01	64	107968	卖盘
11:17:34	16.88	--	4	6752	买盘
11:17:30	16.88	--	9	15192	买盘
11:17:19	16.88	--	34	57392	买盘
11:17:15	16.88	--	12	20256	买盘
11:17:10	16.88	--	5	8440	买盘
11:17:04	16.88	--	20	33760	卖盘
11:17:00	16.88	--	37	62455	卖盘
11:16:55	16.88	--	17	28696	卖盘
11:16:45	16.88	-0.01	13	21944	卖盘
11:16:40	16.89	0.01	30	50670	买盘
11:16:34	16.88	--	12	20256	卖盘
11:16:30	16.88	--	13	21944	卖盘
11:16:15	16.88	--	7	11816	卖盘
11:16:10	16.88	0.01	61	102968	买盘
11:16:04	16.87	--	29	50087	卖盘
11:15:55	16.87	-0.01	2	3374	卖盘
11:15:49	16.88	--	20	33760	买盘
11:15:34	16.88	-0.01	534	901392	卖盘
11:15:30	16.89	--	17	28713	买盘
11:15:19	16.89	0.01	53	89517	买盘
11:15:10	16.88	-0.01	6	10128	卖盘
11:15:04	16.89	--	19	32091	买盘
11:15:00	16.89	0.01	8	13512	买盘
11:14:55	16.88	--	33	55704	卖盘
11:14:49	16.88	--	3	5064	卖盘
11:14:45	16.88	-0.01	30	50640	卖盘
11:14:40	16.89	0.01	1	1689	买盘
11:14:34	16.88	-0.01	2	3376	卖盘
11:14:25	16.89	--	97	163833	买盘
11:14:19	16.89	--	1	1689	买盘
11:14:04	16.89	0.01	10	16890	买盘
11:13:55	16.88	--	59	99592	卖盘
11:13:49	16.88	--	10	16880	卖盘
11:13:34	16.88	--	50	84400	卖盘
11:13:30	16.88	--	20	33760	卖盘
11:13:25	16.88	-0.01	25	42200	卖盘
11:13:19	16.89	0.01	40	67560	买盘
11:13:15	16.88	-0.01	20	33760	卖盘
11:13:10	16.89	0.01	19	32091	买盘
11:13:00	16.88	-0.01	5	8440	卖盘
11:12:54	16.89	0.01	3	5067	买盘
11:12:45	16.88	-0.01	2	3376	卖盘
11:12:40	16.89	--	62	104718	卖盘
11:12:34	16.89	0.01	45	76005	买盘
11:12:29	16.88	-0.01	17	28696	卖盘
11:12:25	16.89	0.01	34	57426	买盘
11:12:19	16.88	-0.01	1	1688	卖盘
11:12:15	16.89	0.01	19	32091	买盘
11:12:09	16.88	-0.01	10	16880	卖盘
11:12:04	16.89	--	8	13512	卖盘
11:11:54	16.89	0.01	30	50670	买盘
11:11:49	16.88	--	3	5064	卖盘
11:11:39	16.88	-0.01	10	16880	卖盘
11:11:34	16.89	0.01	10	16890	买盘
11:11:24	16.88	0.02	151	254887	买盘
11:11:19	16.86	-0.02	15	25290	卖盘
11:11:13	16.88	0.02	39	65832	买盘
11:11:09	16.86	--	104	175344	卖盘
11:11:04	16.86	--	28	47208	卖盘
11:10:58	16.86	--	120	202320	卖盘
11:10:54	16.86	--	20	33720	卖盘
11:10:49	16.86	--	33	55638	卖盘
11:10:43	16.86	--	5	8430	卖盘
11:10:39	16.86	--	51	85986	卖盘
11:10:34	16.86	--	145	244470	卖盘
11:10:28	16.86	-0.02	14	23604	卖盘
11:10:24	16.88	--	68	114784	买盘
11:10:19	16.88	--	25	42200	买盘
11:10:09	16.88	--	30	50640	买盘
11:10:04	16.88	--	56	94528	卖盘
11:09:58	16.88	-0.01	9	15192	卖盘
11:09:54	16.89	--	113	190857	卖盘
11:09:49	16.89	--	9	15201	卖盘
11:09:43	16.89	--	9	15201	卖盘
11:09:39	16.89	-0.01	34	57426	卖盘
11:09:34	16.9	--	51	86190	买盘
11:09:28	16.9	0.05	33	55769	买盘
11:09:24	16.85	-0.05	2802	4721370	卖盘
11:09:13	16.9	-0.01	20	33800	买盘
11:09:09	16.91	--	50	84550	买盘
11:08:58	16.91	0.01	1	1691	买盘
11:08:54	16.9	0.01	5	8450	卖盘
11:08:49	16.89	--	0	0	卖盘
11:08:43	16.89	-0.01	30	50670	卖盘
11:08:39	16.9	-0.01	10	16900	卖盘
11:08:34	16.91	--	0	0	买盘
11:08:28	16.91	0.01	69	116679	买盘
11:08:24	16.9	--	90	152100	买盘
11:08:19	16.9	--	242	408979	买盘
11:08:09	16.9	0.01	20	33800	买盘
11:08:04	16.89	-0.01	96	162144	卖盘
11:07:54	16.9	0.01	39	65910	买盘
11:07:49	16.89	-0.01	30	50670	卖盘
11:07:43	16.9	--	26	43939	买盘
11:07:39	16.9	0.01	10	16900	买盘
11:07:34	16.89	-0.01	32	54048	卖盘
11:07:28	16.9	--	34	57459	买盘
11:07:24	16.9	--	76	128439	卖盘
11:07:19	16.9	-0.01	5	8450	卖盘
11:06:58	16.91	0.01	3	5073	买盘
11:06:54	16.9	--	3	5070	卖盘
11:06:48	16.9	-0.01	10	16900	卖盘
11:06:39	16.91	--	29	49039	买盘
11:06:34	16.91	0.01	20	33820	买盘
11:06:28	16.9	--	33	55769	买盘
11:06:23	16.9	--	3	5070	买盘
11:06:19	16.9	--	45	76050	卖盘
11:06:08	16.9	0.02	26	43939	中性盘
11:06:04	16.88	--	5	8440	卖盘
11:05:58	16.88	0.01	60	101280	卖盘
11:05:43	16.87	--	0	0	卖盘
11:05:37	16.87	--	0	0	卖盘
11:05:33	16.87	-0.01	381	642747	卖盘
11:05:28	16.88	--	20	33760	买盘
11:05:22	16.88	--	66	111408	买盘
11:05:18	16.88	--	80	135040	买盘
11:05:13	16.88	--	417	703896	买盘
11:05:07	16.88	--	12	20256	买盘
11:05:03	16.88	-0.06	1364	2302432	卖盘
11:04:58	16.94	0.01	116	196504	买盘
11:04:48	16.93	--	7	11851	卖盘
11:04:43	16.93	--	10	16930	卖盘
11:04:37	16.93	--	20	33860	卖盘
11:04:33	16.93	-0.01	89	150677	卖盘
11:04:28	16.94	0.01	33	55902	买盘
11:04:18	16.93	-0.01	7	11851	卖盘
11:04:13	16.94	--	51	86394	买盘
11:04:03	16.94	--	507	858858	买盘
11:03:48	16.94	0.01	30	50820	买盘
11:03:43	16.93	-0.01	10	16930	卖盘
11:03:33	16.94	0.01	33	55902	买盘
11:03:28	16.93	--	2	3386	卖盘
11:03:22	16.93	--	4	6772	卖盘
11:03:18	16.93	--	9	15237	卖盘
11:03:07	16.93	--	5	8465	卖盘
11:03:03	16.93	-0.01	40	67720	卖盘
11:02:52	16.94	--	200	338800	买盘
11:02:48	16.94	0.01	20	33880	买盘
11:02:43	16.93	--	10	16930	卖盘
11:02:37	16.93	--	10	16930	卖盘
11:02:33	16.93	--	39	66027	卖盘
11:02:28	16.93	--	19	32167	卖盘
11:02:13	16.93	-0.01	18	30474	卖盘
11:02:07	16.94	--	12	20328	买盘
11:01:58	16.94	0.01	13	22022	买盘
11:01:48	16.93	--	10	16930	卖盘
11:01:43	16.93	--	133	225169	卖盘
11:01:37	16.93	-0.01	38	64334	卖盘
11:01:28	16.94	--	29	49126	买盘
11:01:22	16.94	-0.01	203	343882	卖盘
11:01:18	16.95	--	17	28815	买盘
11:01:13	16.95	0.01	38	64410	买盘
11:01:03	16.94	--	35	59290	卖盘
11:00:58	16.94	--	14	23716	卖盘
11:00:48	16.94	-0.01	6	10164	卖盘
11:00:43	16.95	--	33	55935	买盘
11:00:37	16.95	0.01	1	1695	买盘
11:00:33	16.94	-0.01	2	3388	卖盘
11:00:13	16.95	0.01	30	50850	买盘
11:00:07	16.94	-0.01	2	3388	卖盘
10:59:48	16.95	--	121	205095	买盘
10:59:43	16.95	--	33	55935	买盘
10:59:37	16.95	0.01	1	1695	买盘
10:59:32	16.94	--	10	16940	卖盘
10:59:27	16.94	--	35	59290	买盘
10:59:12	16.94	--	46	77924	卖盘
10:59:07	16.94	--	6	10164	买盘
10:59:01	16.94	--	0	0	中性盘
10:58:57	16.94	--	148	250712	买盘
10:58:52	16.94	--	14	23716	卖盘
10:58:42	16.94	--	54	91476	卖盘
10:58:37	16.94	--	99	167706	卖盘
10:58:31	16.94	--	4	6776	卖盘
10:58:22	16.94	--	78	132132	卖盘
10:58:12	16.94	--	30	50820	卖盘
10:58:07	16.94	--	20	33880	卖盘
10:58:01	16.94	--	20	33880	卖盘
10:57:57	16.94	-0.01	5	8470	卖盘
10:57:52	16.95	0.01	100	169500	买盘
10:57:46	16.94	--	171	289674	卖盘
10:57:42	16.94	--	10	16940	卖盘
10:57:37	16.94	--	35	59290	卖盘
10:57:27	16.94	--	20	33880	卖盘
10:57:22	16.94	-0.01	29	49126	卖盘
10:57:16	16.95	0.01	101	171195	买盘
10:57:12	16.94	-0.01	95	160930	卖盘
10:57:07	16.95	0.01	20	33900	买盘
10:57:01	16.94	-0.01	21	35574	卖盘
10:56:52	16.95	0.01	364	616980	买盘
10:56:42	16.94	-0.01	100	169400	卖盘
10:56:37	16.95	0.01	75	127125	买盘
10:56:31	16.94	-0.01	70	118580	卖盘
10:56:27	16.95	0.01	45	76275	买盘
10:56:16	16.94	--	20	33880	卖盘
10:56:12	16.94	--	21	35574	卖盘
10:56:07	16.94	--	11	18634	卖盘
10:56:01	16.94	-0.01	10	16940	卖盘
10:55:57	16.95	--	23	38985	买盘
10:55:52	16.95	0.01	1	1695	买盘
10:55:46	16.94	--	43	72842	卖盘
10:55:42	16.94	-0.01	36	60984	卖盘
10:55:37	16.95	0.01	5	8475	买盘
10:55:27	16.94	--	2	3388	卖盘
10:55:22	16.94	--	92	155848	买盘
10:55:16	16.94	--	10	16940	买盘
10:55:12	16.94	--	69	116886	买盘
10:55:07	16.94	0.01	207	350658	买盘
10:54:52	16.93	--	27	45711	买盘
10:54:46	16.93	--	86	145598	买盘
10:54:42	16.93	--	54	91422	买盘
10:54:37	16.93	--	2	3386	买盘
10:54:27	16.93	--	2	3386	买盘
10:54:22	16.93	--	117	198081	买盘
10:54:12	16.93	--	37	62641	买盘
10:54:07	16.93	--	12	20316	买盘
10:54:01	16.93	--	5	8465	买盘
10:53:57	16.93	--	37	62641	买盘
10:53:52	16.93	0.01	5	8465	买盘
10:53:46	16.92	-0.01	5	8460	卖盘
10:53:41	16.93	--	32	54176	买盘
10:53:37	16.93	--	23	38939	买盘
10:53:27	16.93	--	56	94808	买盘
10:53:21	16.93	--	0	0	买盘
10:53:12	16.93	0.01	656	1110608	买盘
10:53:07	16.92	--	93	157356	买盘
10:52:57	16.92	--	5	8460	买盘
10:52:52	16.92	--	33	55836	买盘
10:52:46	16.92	--	40	67680	买盘
10:52:36	16.92	--	17	28764	买盘
10:52:31	16.92	0.01	52	87984	买盘
10:52:25	16.91	-0.01	2	3382	卖盘
10:52:21	16.92	--	72	121824	买盘
10:52:06	16.92	0.01	25	42300	买盘
10:51:51	16.91	-0.01	30	50730	卖盘
10:51:46	16.92	0.01	33	55836	买盘
10:51:31	16.91	-0.01	2	3382	卖盘
10:51:21	16.92	--	62	104904	买盘
10:51:16	16.92	--	17	28764	买盘
10:51:01	16.92	--	115	194580	买盘
10:50:55	16.92	--	35	59220	卖盘
10:50:51	16.92	--	55	93060	卖盘
10:50:46	16.92	--	5	8460	卖盘
10:50:40	16.92	--	3	5076	卖盘
10:50:36	16.92	--	74	125208	买盘
10:50:21	16.92	--	34	57528	买盘
10:50:16	16.92	--	10	16920	买盘
10:50:10	16.92	0.01	25	42300	买盘
10:50:06	16.91	--	101	170791	卖盘
10:50:01	16.91	-0.01	5	8455	卖盘
10:49:46	16.92	--	47	79524	买盘
10:49:40	16.92	--	5	8460	买盘
10:49:36	16.92	--	50	84600	卖盘
10:49:31	16.92	--	8	13536	卖盘
10:49:21	16.92	0.01	209	353628	买盘
10:49:06	16.91	--	40	67640	卖盘
10:48:46	16.91	0.01	493	834542	买盘
10:48:40	16.9	-0.01	155	261949	卖盘
10:48:36	16.91	--	74	125134	买盘
10:48:31	16.91	--	6	10146	买盘
10:48:21	16.91	--	8	13528	买盘
10:48:16	16.91	0.01	53	89623	买盘
10:48:06	16.9	-0.01	12	20280	卖盘
10:48:01	16.91	--	76	128516	买盘
10:47:51	16.91	0.01	27	45657	买盘
10:47:46	16.9	--	7	11829	卖盘
10:47:36	16.9	--	81	136890	卖盘
10:47:31	16.9	--	10	16900	卖盘
10:47:21	16.9	--	68	114919	卖盘
10:47:16	16.9	--	10	16900	买盘
10:47:06	16.9	--	19	32109	买盘
10:47:01	16.9	0.01	2	3379	买盘
10:46:55	16.89	-0.01	3	5067	卖盘
10:46:51	16.9	--	69	116609	买盘
10:46:45	16.9	--	10	16900	买盘
10:46:36	16.9	--	26	43939	买盘
10:46:31	16.9	0.01	5	8450	买盘
10:46:21	16.89	--	34	57426	卖盘
10:46:15	16.89	--	31	52359	卖盘
10:46:05	16.89	--	40	67560	卖盘
10:45:55	16.89	-0.01	87	146943	卖盘
10:45:49	16.9	0.01	29	49009	买盘
10:45:40	16.89	-0.01	33	55737	卖盘
10:45:34	16.9	--	30	50699	买盘
10:45:19	16.9	--	5	8450	买盘
10:45:15	16.9	0.01	23	38870	买盘
10:45:10	16.89	-0.01	71	119919	卖盘
10:45:00	16.9	0.01	30	50699	买盘
10:44:55	16.89	-0.01	40	67560	卖盘
10:44:45	16.9	0.01	87	147030	买盘
10:44:40	16.89	-0.01	2	3378	卖盘
10:44:30	16.9	--	11	18590	买盘
10:44:15	16.9	-0.01	257	434329	卖盘
10:44:10	16.91	--	1	1691	买盘
10:44:04	16.91	--	3	5073	买盘
10:44:00	16.91	--	2	3382	买盘
10:43:55	16.91	0.01	34	57494	买盘
10:43:49	16.9	-0.01	1	1689	卖盘
10:43:45	16.91	0.01	58	98078	买盘
10:43:40	16.9	--	17	28729	卖盘
10:43:25	16.9	--	31	52389	卖盘
10:43:15	16.9	-0.01	23	38870	买盘
10:43:10	16.91	0.01	12	20292	买盘
10:43:00	16.9	--	52	87879	卖盘
10:42:55	16.9	-0.01	2	3379	卖盘
10:42:49	16.91	0.01	5	8455	买盘
10:42:45	16.9	--	1	1689	卖盘
10:42:40	16.9	0.01	2	3379	买盘
10:42:30	16.89	--	49	82761	卖盘
10:42:25	16.89	0.01	150	253350	卖盘
10:42:19	16.88	-0.01	79	133352	卖盘
10:42:15	16.89	--	78	131742	买盘
10:42:10	16.89	--	27	45603	买盘
10:42:00	16.89	--	43	72627	买盘
10:41:55	16.89	--	79	133431	卖盘
10:41:49	16.89	--	140	236460	卖盘
10:41:45	16.89	--	52	87828	卖盘
10:41:40	16.89	-0.01	145	244905	卖盘
10:41:34	16.9	0.01	15	25349	买盘
10:41:25	16.89	-0.01	30	50670	卖盘
10:41:15	16.9	0.01	22	37180	买盘
10:41:10	16.89	--	18	30402	卖盘
10:41:04	16.89	-0.01	1	1689	卖盘
10:41:00	16.9	0.01	10	16900	买盘
10:40:55	16.89	--	5	8445	卖盘
10:40:44	16.89	--	7	11823	卖盘
10:40:40	16.89	0.01	18	30402	买盘
10:40:24	16.88	-0.01	5	8440	卖盘
10:40:19	16.89	0.01	15	25335	买盘
10:40:15	16.88	--	3	5064	卖盘
10:40:09	16.88	--	31	52328	卖盘
10:40:04	16.88	--	5	8440	卖盘
10:39:59	16.88	--	8	13504	卖盘
10:39:55	16.88	--	8	13504	买盘
10:39:49	16.88	0.01	19	32071	买盘
10:39:43	16.87	-0.01	100	168700	卖盘
10:39:39	16.88	--	10	16880	买盘
10:39:34	16.88	0.01	79	133352	中性盘
10:39:28	16.87	--	13	21931	卖盘
10:39:24	16.87	-0.02	5	8435	卖盘
10:39:19	16.89	0.02	19	32091	买盘
10:39:09	16.87	-0.02	2000	3374000	卖盘
10:39:04	16.89	0.01	50	84450	买盘
10:38:54	16.88	--	22	37136	卖盘
10:38:49	16.88	-0.01	5	8440	卖盘
10:38:39	16.89	-0.01	4	6756	买盘
10:38:34	16.9	--	0	0	买盘
10:38:09	16.9	--	45	76050	卖盘
10:38:04	16.9	--	17	28729	卖盘
10:37:58	16.9	--	10	16900	卖盘
10:37:54	16.9	--	82	138580	买盘
10:37:49	16.9	0.01	20	33800	买盘
10:37:39	16.89	--	28	47292	卖盘
10:37:34	16.89	-0.01	108	182412	卖盘
10:37:24	16.9	--	324	547560	卖盘
10:37:19	16.9	--	5	8450	卖盘
10:37:09	16.9	--	41	69290	卖盘
10:37:04	16.9	--	55	92949	卖盘
10:36:49	16.9	-0.01	8	13519	卖盘
10:36:43	16.91	--	3	5073	买盘
10:36:39	16.91	--	20	34631	卖盘
10:36:34	16.91	--	59	99769	卖盘
10:36:28	16.91	--	19	32129	卖盘
10:36:13	16.91	--	4	6764	卖盘
10:36:09	16.91	-0.01	18	30438	卖盘
10:36:04	16.92	0.01	40	67680	买盘
10:35:54	16.91	--	6	10146	卖盘
10:35:49	16.91	--	7	11837	卖盘
10:35:39	16.91	--	12	20292	卖盘
10:35:34	16.91	--	20	33820	卖盘
10:35:24	16.91	--	10	16910	卖盘
10:35:19	16.91	--	10	16910	卖盘
10:35:09	16.91	-0.01	48	81168	卖盘
10:34:54	16.92	--	88	148896	买盘
10:34:39	16.92	0.01	18	30456	买盘
10:34:34	16.91	-0.01	9	15219	卖盘
10:34:19	16.92	0.01	31	52452	买盘
10:34:13	16.91	--	50	84550	卖盘
10:34:09	16.91	--	5	8455	卖盘
10:34:03	16.91	--	47	79477	卖盘
10:33:58	16.91	--	66	111606	卖盘
10:33:54	16.91	--	15	25365	卖盘
10:33:49	16.91	--	58	98078	卖盘
10:33:43	16.91	--	5	8455	卖盘
10:33:34	16.91	--	5	8455	卖盘
10:33:18	16.91	--	10	16910	卖盘
10:33:13	16.91	-0.01	55	93005	卖盘
10:33:08	16.92	0.01	34	57528	买盘
10:33:04	16.91	--	15	25365	卖盘
10:32:58	16.91	--	30	51609	卖盘
10:32:48	16.91	-0.01	6	10146	卖盘
10:32:43	16.92	--	2	3384	买盘
10:32:33	16.92	--	11	18612	买盘
10:32:18	16.92	--	0	0	买盘
10:32:13	16.92	--	14	23688	买盘
10:32:07	16.92	0.01	35	59220	买盘
10:32:03	16.91	--	2	3382	卖盘
10:31:52	16.91	--	5	8455	卖盘
10:31:43	16.91	--	137	231667	卖盘
10:31:37	16.91	-0.01	3	5073	卖盘
10:31:33	16.92	--	60	101520	卖盘
10:31:13	16.92	-0.01	43	72756	卖盘
10:30:58	16.93	0.01	7	11851	买盘
10:30:48	16.92	--	164	277488	卖盘
10:30:28	16.92	--	0	0	中性盘
10:30:22	16.92	-0.02	10	16920	买盘
10:30:18	16.94	0.01	226	382844	买盘
10:30:13	16.93	--	52	88036	买盘
10:30:03	16.93	0.01	8	13544	买盘
10:29:58	16.92	--	2	3384	卖盘
10:29:52	16.92	--	80	135360	卖盘
10:29:48	16.92	--	6	10152	卖盘
10:29:43	16.92	-0.01	39	65988	卖盘
10:29:28	16.93	--	106	179458	买盘
10:29:18	16.93	--	5	8465	卖盘
10:29:13	16.93	--	49	82957	卖盘
10:29:07	16.93	--	3	5079	买盘
10:28:58	16.93	--	26	44018	卖盘
10:28:52	16.93	--	10	16930	卖盘
10:28:43	16.93	--	75	126975	卖盘
10:28:33	16.93	--	45	76185	买盘
10:28:28	16.93	0.01	50	84650	买盘
10:28:22	16.92	--	20	33840	卖盘
10:28:18	16.92	--	4	6768	卖盘
10:28:13	16.92	--	2	3384	卖盘
10:28:07	16.92	--	89	150588	买盘
10:28:03	16.92	--	46	77832	买盘
10:27:58	16.92	--	9	15228	买盘
10:27:52	16.92	--	21	35532	买盘
10:27:48	16.92	--	191	323172	买盘
10:27:43	16.92	--	18	30456	买盘
10:27:37	16.92	0.01	1	1692	买盘
10:27:27	16.91	-0.01	1	1691	卖盘
10:27:13	16.92	0.01	143	241956	买盘
10:27:07	16.91	-0.01	36	60876	卖盘
10:27:02	16.92	0.01	17	28764	买盘
10:26:58	16.91	--	21	35511	卖盘
10:26:52	16.91	-0.01	5	8455	卖盘
10:26:42	16.92	--	59	99828	卖盘
10:26:37	16.92	-0.01	20	33840	卖盘
10:26:31	16.93	--	1	1693	买盘
10:26:27	16.93	0.01	70	118510	买盘
10:26:16	16.92	-0.01	3	5076	卖盘
10:26:12	16.93	0.01	47	79571	买盘
10:26:07	16.92	-0.01	1376	2328192	卖盘
10:26:01	16.93	--	10	16930	买盘
10:25:57	16.93	--	6	10158	买盘
10:25:52	16.93	--	73	123589	卖盘
10:25:42	16.93	--	36	60948	买盘
10:25:37	16.93	0.01	50	84650	买盘
10:25:31	16.92	-0.01	70	118440	卖盘
10:25:27	16.93	--	10	16930	买盘
10:25:22	16.93	0.01	3	5079	买盘
10:25:16	16.92	-0.01	34	57528	卖盘
10:25:12	16.93	0.01	24	40632	买盘
10:25:07	16.92	--	82	138744	卖盘
10:24:57	16.92	-0.02	157	265644	卖盘
10:24:52	16.94	--	272	460768	买盘
10:24:42	16.94	--	12	20328	买盘
10:24:37	16.94	--	12	20328	买盘
10:24:31	16.94	--	20	33880	买盘
10:24:27	16.94	--	2	3388	买盘
10:24:22	16.94	0.01	24	40656	买盘
10:24:16	16.93	-0.01	4	6772	卖盘
10:24:12	16.94	0.02	1	1694	买盘
10:24:07	16.92	-0.01	510	862920	卖盘
10:23:57	16.93	--	3	5079	买盘
10:23:52	16.93	--	48	81264	买盘
10:23:46	16.93	--	10	16930	买盘
10:23:42	16.93	--	17	28781	买盘
10:23:37	16.93	--	67	113431	买盘
10:23:31	16.93	--	495	838035	卖盘
10:23:27	16.93	--	2	3386	卖盘
10:23:22	16.93	0.02	348	589164	买盘
10:23:12	16.91	-0.01	29	49039	卖盘
10:23:07	16.92	--	19	32148	买盘
10:23:01	16.92	--	36	60912	买盘
10:22:57	16.92	--	35	59220	买盘
10:22:52	16.92	--	57	96444	买盘
10:22:37	16.92	0.02	205	346860	买盘
10:22:31	16.9	-0.01	134	226459	卖盘
10:22:27	16.91	--	115	194465	卖盘
10:22:16	16.91	--	36	60876	买盘
10:22:12	16.91	0.01	51	86241	买盘
10:22:07	16.9	-0.01	13	21969	卖盘
10:21:57	16.91	--	12	20292	买盘
10:21:52	16.91	--	22	37202	买盘
10:21:46	16.91	--	3	5073	买盘
10:21:42	16.91	0.01	1	1691	买盘
10:21:37	16.9	-0.01	5	8450	卖盘
10:21:27	16.91	--	81	136971	买盘
10:21:22	16.91	0.01	116	196156	买盘
10:21:12	16.9	--	177	299130	买盘
10:21:07	16.9	-0.01	9	15209	卖盘
10:21:01	16.91	--	1	1691	买盘
10:20:57	16.91	--	10	16910	买盘
10:20:51	16.91	0.01	11	18601	买盘
10:20:46	16.9	--	53	89569	卖盘
10:20:36	16.9	--	10	16900	卖盘
10:20:31	16.9	--	3	5070	买盘
10:20:27	16.9	--	29	49009	买盘
10:20:21	16.9	--	34	57459	买盘
10:20:16	16.9	--	4	6759	买盘
10:20:11	16.9	0.01	59	99709	买盘
10:20:06	16.89	-0.01	115	194235	卖盘
10:19:55	16.9	0.01	50	84500	买盘
10:19:51	16.89	0.01	9	15201	卖盘
10:19:46	16.88	-0.01	34	57392	卖盘
10:19:40	16.89	--	70	118230	买盘
10:19:36	16.89	0.01	30	50670	买盘
10:19:31	16.88	-0.01	31	52328	卖盘
10:19:21	16.89	--	77	130053	买盘
10:19:16	16.89	--	20	33780	买盘
10:19:06	16.89	--	70	118230	买盘
10:19:01	16.89	0.01	20	33780	买盘
10:18:51	16.88	-0.01	42	70896	卖盘
10:18:40	16.89	0.01	30	50670	买盘
10:18:36	16.88	-0.01	66	111408	卖盘
10:18:31	16.89	--	20	33780	买盘
10:18:25	16.89	0.01	34	57426	买盘
10:18:21	16.88	--	33	55704	卖盘
10:18:16	16.88	--	14	23632	卖盘
10:18:01	16.88	--	2	3376	卖盘
10:17:51	16.88	-0.01	11	18568	卖盘
10:17:46	16.89	0.01	16	27024	买盘
10:17:36	16.88	--	205	346040	卖盘
10:17:31	16.88	--	40	67520	卖盘
10:17:25	16.88	-0.01	23	38824	卖盘
10:17:21	16.89	--	59	99651	买盘
10:17:16	16.89	--	3	5067	买盘
10:17:10	16.89	--	10	16890	买盘
10:17:06	16.89	--	18	30402	买盘
10:17:01	16.89	--	10	16890	买盘
10:16:51	16.89	--	3	5067	买盘
10:16:46	16.89	--	224	378336	卖盘
10:16:40	16.89	--	5	8445	卖盘
10:16:25	16.89	--	36	60804	买盘
10:16:21	16.89	0.01	33	55737	买盘
10:16:16	16.88	--	5	8440	卖盘
10:16:10	16.88	-0.01	100	168800	卖盘
10:16:01	16.89	--	8	13512	买盘
10:15:55	16.89	--	10	16890	买盘
10:15:51	16.89	0.01	2	3378	买盘
10:15:46	16.88	-0.01	43	72584	卖盘
10:15:40	16.89	--	13	21957	买盘
10:15:36	16.89	0.01	20	33780	买盘
10:15:31	16.88	--	54	91152	卖盘
10:15:21	16.88	--	7	11816	卖盘
10:15:16	16.88	--	1	1688	卖盘
10:15:10	16.88	-0.01	74	124911	卖盘
10:15:06	16.89	0.01	4	6756	买盘
10:15:01	16.88	--	8	13504	卖盘
10:14:51	16.88	0.01	40	67520	买盘
10:14:40	16.87	-0.01	8	13496	卖盘
10:14:36	16.88	--	18	30384	买盘
10:14:31	16.88	--	56	94528	买盘
10:14:25	16.88	--	18	30384	买盘
10:14:21	16.88	--	104	175552	买盘
10:14:16	16.88	--	41	69208	买盘
10:14:10	16.88	--	34	57392	买盘
10:14:06	16.88	--	78	131664	买盘
10:14:00	16.88	--	30	50640	买盘
10:13:55	16.88	--	6	10128	买盘
10:13:49	16.88	0.01	222	374736	买盘
10:13:45	16.87	-0.01	18	30366	卖盘
10:13:40	16.88	0.01	28	47264	买盘
10:13:34	16.87	-0.01	5	8435	卖盘
10:13:30	16.88	--	49	82712	买盘
10:13:25	16.88	--	120	202560	买盘
10:13:15	16.88	0.01	33	55704	买盘
10:13:10	16.87	-0.01	47	79289	卖盘
10:13:00	16.88	0.01	3	5064	买盘
10:12:49	16.87	-0.01	1	1687	卖盘
10:12:45	16.88	--	13	21944	买盘
10:12:40	16.88	--	91	153608	买盘
10:12:34	16.88	0.01	16	27008	买盘
10:12:30	16.87	-0.01	90	151830	卖盘
10:12:25	16.88	--	263	443944	买盘
10:12:19	16.88	0.01	42	70896	买盘
10:12:15	16.87	-0.01	25	42175	卖盘
10:12:10	16.88	--	11	18568	买盘
10:12:04	16.88	--	1	1688	买盘
10:12:00	16.88	--	5	8440	买盘
10:11:55	16.88	--	40	67520	买盘
10:11:49	16.88	--	10	16880	买盘
10:11:45	16.88	--	1	1688	买盘
10:11:34	16.88	--	5	8440	买盘
10:11:30	16.88	--	45	75960	买盘
10:11:25	16.88	--	25	42200	买盘
10:11:15	16.88	--	63	106344	买盘
10:11:10	16.88	--	19	32071	买盘
10:11:04	16.88	0.01	53	89464	买盘
10:11:00	16.87	--	214	361018	卖盘
10:10:55	16.87	--	21	35427	卖盘
10:10:45	16.87	-0.01	89	150143	卖盘
10:10:40	16.88	--	15	25320	买盘
10:10:34	16.88	-0.01	23	38824	卖盘
10:10:30	16.89	0.01	34	57426	买盘
10:10:25	16.88	--	21	35448	卖盘
10:10:19	16.88	0.01	11	18568	卖盘
10:10:15	16.87	--	56	94472	买盘
10:10:10	16.87	-0.01	154	259798	卖盘
10:10:04	16.88	-0.01	1	1688	买盘
10:10:00	16.89	0.02	215	363135	买盘
10:09:49	16.87	--	45	75915	买盘
10:09:45	16.87	0.01	139	234493	买盘
10:09:40	16.86	--	1	1686	卖盘
10:09:34	16.86	-0.01	73	123078	卖盘
10:09:30	16.87	0.01	123	207501	买盘
10:09:25	16.86	--	30	50580	卖盘
10:09:19	16.86	0.01	21	35406	中性盘
10:09:15	16.85	--	155	261175	卖盘
10:09:10	16.85	-0.01	57	96045	卖盘
10:09:04	16.86	--	17	28662	买盘
10:09:00	16.86	0.01	427	719922	买盘
10:08:54	16.85	-0.02	233	392605	卖盘
10:08:49	16.87	--	4	6748	买盘
10:08:45	16.87	--	103	173761	买盘
10:08:40	16.87	--	70	118090	买盘
10:08:34	16.87	-0.01	177	298599	卖盘
10:08:30	16.88	0.01	78	131664	买盘
10:08:24	16.87	--	29	48923	卖盘
10:08:19	16.87	--	10	16870	卖盘
10:08:15	16.87	--	108	182196	卖盘
10:08:09	16.87	--	82	138334	卖盘
10:08:04	16.87	0.01	634	1069558	买盘
10:08:00	16.86	0.01	109	183774	买盘
10:07:55	16.85	-0.01	59	99415	卖盘
10:07:45	16.86	--	124	209064	买盘
10:07:39	16.86	--	384	647424	卖盘
10:07:34	16.86	-0.01	87	146682	卖盘
10:07:28	16.87	--	20	33740	买盘
10:07:24	16.87	--	27	45549	卖盘
10:07:19	16.87	--	47	79289	卖盘
10:07:15	16.87	--	128	215936	卖盘
10:07:09	16.87	--	78	131586	卖盘
10:07:04	16.87	-0.01	14	23618	卖盘
10:06:58	16.88	0.01	59	99592	买盘
10:06:54	16.87	--	83	140021	卖盘
10:06:49	16.87	-0.01	205	345835	卖盘
10:06:39	16.88	0.01	31	52328	买盘
10:06:34	16.87	--	97	163639	卖盘
10:06:28	16.87	--	21	35427	卖盘
10:06:24	16.87	-0.01	108	182196	卖盘
10:06:19	16.88	--	10	16880	买盘
10:06:13	16.88	-0.01	403	680264	卖盘
10:06:09	16.89	--	66	111474	中性盘
10:06:04	16.89	--	2	3378	买盘
10:05:58	16.89	0.01	5	8445	中性盘
10:05:54	16.88	-0.01	133	224504	卖盘
10:05:49	16.89	-0.01	116	195924	卖盘
10:05:43	16.9	--	168	283920	买盘
10:05:39	16.9	--	42	70980	买盘
10:05:34	16.9	--	5	8450	买盘
10:05:28	16.9	0.01	60	101399	买盘
10:05:24	16.89	-0.01	242	408738	卖盘
10:05:13	16.9	--	74	125059	买盘
10:05:09	16.9	--	2	3379	买盘
10:05:04	16.9	0.01	3	5070	买盘
10:04:54	16.89	-0.01	110	185790	卖盘
10:04:49	16.9	--	27	45629	卖盘
10:04:39	16.9	-0.01	11	18590	卖盘
10:04:34	16.91	--	36	60876	买盘
10:04:28	16.91	0.01	5	8455	买盘
10:04:24	16.9	-0.01	9	15209	中性盘
10:04:09	16.91	0.02	2	3382	买盘
10:04:04	16.89	--	41	69249	卖盘
10:03:58	16.89	--	0	0	卖盘
10:03:54	16.89	-0.02	20	33780	卖盘
10:03:49	16.91	-0.01	181	306071	买盘
10:03:43	16.92	--	0	0	买盘
10:03:39	16.92	0.01	42	71064	买盘
10:03:34	16.91	--	8	13528	卖盘
10:03:28	16.91	-0.01	6	10146	卖盘
10:03:19	16.92	0.03	12	20304	买盘
10:03:13	16.89	-0.03	90	152010	卖盘
10:03:04	16.92	0.01	11	18612	买盘
10:02:58	16.91	0.02	6	10146	买盘
10:02:54	16.89	--	0	0	卖盘
10:02:48	16.89	-0.02	112	189168	卖盘
10:02:39	16.91	--	33	55803	买盘
10:02:33	16.91	0.02	9	15219	买盘
10:02:24	16.89	--	143	243013	卖盘
10:02:18	16.89	-0.02	104	175656	卖盘
10:02:13	16.91	0.02	6	10146	买盘
10:02:09	16.89	--	4	6756	卖盘
10:02:03	16.89	--	38	64182	买盘
10:01:58	16.89	--	94	158766	买盘
10:01:53	16.89	--	96	162144	买盘
10:01:49	16.89	-0.01	248	418872	卖盘
10:01:43	16.9	-0.02	20	33800	中性盘
10:01:39	16.92	0.02	39	65988	买盘
10:01:28	16.9	-0.03	913	1543172	卖盘
10:01:22	16.93	-0.01	16	27088	中性盘
10:01:18	16.94	0.01	120	203280	买盘
10:01:13	16.93	--	90	152370	中性盘
10:01:07	16.93	--	8	13544	中性盘
10:01:03	16.93	--	15	25395	卖盘
10:00:58	16.93	--	117	198081	买盘
10:00:52	16.93	0.01	18	30474	买盘
10:00:48	16.92	--	0	0	卖盘
10:00:43	16.92	-0.01	60	101520	卖盘
10:00:37	16.93	0.01	105	177765	买盘
10:00:33	16.92	--	234	395928	卖盘
10:00:28	16.92	-0.01	50	84600	卖盘
10:00:22	16.93	0.01	35	59255	买盘
10:00:18	16.92	-0.01	5	8460	卖盘
10:00:13	16.93	--	2	3386	买盘
10:00:07	16.93	--	117	198081	卖盘
10:00:03	16.93	--	33	55869	卖盘
09:59:58	16.93	--	12	20316	卖盘
09:59:52	16.93	0.01	71	120203	买盘
09:59:48	16.92	--	20	33840	卖盘
09:59:43	16.92	-0.01	128	216576	卖盘
09:59:37	16.93	--	15	25395	买盘
09:59:33	16.93	--	30	50790	买盘
09:59:28	16.93	--	5	9954	买盘
09:59:22	16.93	0.01	14	23702	买盘
09:59:18	16.92	--	46	77832	卖盘
09:59:13	16.92	-0.01	22	37224	卖盘
09:59:07	16.93	--	62	104966	买盘
09:58:58	16.93	--	63	106659	卖盘
09:58:52	16.93	--	10	16930	卖盘
09:58:43	16.93	--	30	50790	卖盘
09:58:37	16.93	-0.01	3	5079	卖盘
09:58:33	16.94	0.01	7	11858	买盘
09:58:28	16.93	--	10	16930	卖盘
09:58:22	16.93	--	1	1693	卖盘
09:58:18	16.93	0.01	182	308126	买盘
09:58:03	16.92	0.01	28	47376	买盘
09:57:52	16.91	--	10	16910	卖盘
09:57:48	16.91	-0.01	12	20292	卖盘
09:57:43	16.92	--	183	309636	买盘
09:57:37	16.92	--	9	15228	买盘
09:57:33	16.92	--	14	23688	买盘
09:57:28	16.92	--	53	89676	买盘
09:57:22	16.92	--	2	3384	买盘
09:57:18	16.92	--	48	81216	买盘
09:57:13	16.92	--	8	13536	买盘
09:57:07	16.92	0.01	15	25380	买盘
09:57:03	16.91	-0.01	10	16910	卖盘
09:56:58	16.92	0.01	20	33840	买盘
09:56:48	16.91	--	6	10146	卖盘
09:56:37	16.91	--	4	6764	卖盘
09:56:22	16.91	-0.01	32	54112	卖盘
09:56:12	16.92	-0.01	22	37224	买盘
09:56:03	16.93	0.01	669	1132617	买盘
09:55:58	16.92	--	31	52452	卖盘
09:55:48	16.92	--	60	101520	卖盘
09:55:42	16.92	--	69	116748	卖盘
09:55:32	16.92	-0.01	6	10152	卖盘
09:55:27	16.93	0.01	103	174379	买盘
09:55:22	16.92	-0.01	19	32148	卖盘
09:55:12	16.93	0.01	14	23702	买盘
09:55:07	16.92	-0.01	18	30456	卖盘
09:54:57	16.93	0.01	61	103273	买盘
09:54:52	16.92	-0.01	19	32148	卖盘
09:54:46	16.93	--	36	60948	买盘
09:54:42	16.93	0.02	1	1693	买盘
09:54:37	16.91	-0.01	75	126825	卖盘
09:54:27	16.92	--	15	25380	卖盘
09:54:22	16.92	--	3	5076	中性盘
09:54:16	16.92	-0.01	64	108288	卖盘
09:54:12	16.93	0.01	81	137133	买盘
09:54:07	16.92	--	8	13536	卖盘
09:53:57	16.92	--	18	30456	卖盘
09:53:52	16.92	--	16	27072	买盘
09:53:46	16.92	--	6	10152	买盘
09:53:42	16.92	0.01	8	13536	买盘
09:53:37	16.91	-0.01	7	11837	卖盘
09:53:27	16.92	0.01	49	82908	买盘
09:53:22	16.91	0.01	41	69331	买盘
09:53:16	16.9	--	3	5070	卖盘
09:53:12	16.9	-0.01	79	133510	卖盘
09:53:07	16.91	0.01	5	8455	买盘
09:53:01	16.9	--	26	43939	卖盘
09:52:57	16.9	-0.01	52	87879	卖盘
09:52:52	16.91	0.01	383	647653	买盘
09:52:46	16.9	--	5	8450	卖盘
09:52:42	16.9	--	82	138580	卖盘
09:52:37	16.9	--	41	69290	卖盘
09:52:31	16.9	--	551	931189	买盘
09:52:22	16.9	--	6	10140	买盘
09:52:16	16.9	--	7	11829	卖盘
09:52:12	16.9	--	232	392079	卖盘
09:52:07	16.9	--	17	28729	卖盘
09:52:01	16.9	--	2	3379	卖盘
09:51:57	16.9	--	21	35490	卖盘
09:51:52	16.9	-0.01	59	99709	卖盘
09:51:46	16.91	--	2	3382	买盘
09:51:42	16.91	0.01	82	138662	买盘
09:51:37	16.9	--	32	54079	卖盘
09:51:31	16.9	--	39	65910	卖盘
09:51:27	16.9	--	42	70980	卖盘
09:51:22	16.9	--	59	99709	卖盘
09:51:12	16.9	-0.01	18	30419	卖盘
09:51:07	16.91	--	11	18601	买盘
09:51:01	16.91	--	117	197847	卖盘
09:50:57	16.91	-0.01	105	177555	卖盘
09:50:52	16.92	--	48	81216	买盘
09:50:46	16.92	--	19	32148	买盘
09:50:42	16.92	-0.01	206	348552	卖盘
09:50:37	16.93	0.01	12	20316	买盘
09:50:31	16.92	--	70	118440	卖盘
09:50:27	16.92	--	26	43992	卖盘
09:50:22	16.92	--	51	86292	卖盘
09:50:16	16.92	--	13	21996	卖盘
09:50:12	16.92	-0.01	65	109980	卖盘
09:50:06	16.93	0.01	31	52483	买盘
09:50:01	16.92	-0.01	10	16920	卖盘
09:49:57	16.93	--	191	323363	卖盘
09:49:51	16.93	--	40	67720	卖盘
09:49:42	16.93	--	52	88036	卖盘
09:49:37	16.93	--	1	1693	卖盘
09:49:31	16.93	-0.01	12	20316	卖盘
09:49:27	16.94	--	24	40656	卖盘
09:49:21	16.94	--	34	57596	卖盘
09:49:16	16.94	-0.01	2	3388	卖盘
09:49:11	16.95	-0.01	285	483075	卖盘
09:49:06	16.96	0.01	36	61056	买盘
09:49:01	16.95	--	35	59325	卖盘
09:48:56	16.95	--	102	172890	卖盘
09:48:51	16.95	--	33	55935	卖盘
09:48:46	16.95	--	20	33900	卖盘
09:48:40	16.95	--	25	42375	卖盘
09:48:36	16.95	--	5	8475	卖盘
09:48:31	16.95	--	102	172890	卖盘
09:48:25	16.95	--	108	183060	买盘
09:48:16	16.95	0.01	10	16950	买盘
09:48:10	16.94	--	5	8470	卖盘
09:48:06	16.94	-0.01	9	15246	卖盘
09:48:01	16.95	--	12	20340	买盘
09:47:55	16.95	--	42	71190	买盘
09:47:51	16.95	--	43	72885	买盘
09:47:40	16.95	--	65	110175	买盘
09:47:36	16.95	--	41	69495	买盘
09:47:31	16.95	--	137	232215	买盘
09:47:21	16.95	--	31	52545	买盘
09:47:16	16.95	0.01	23	38985	买盘
09:47:10	16.94	-0.01	2	3388	卖盘
09:47:06	16.95	0.01	30	50850	买盘
09:47:01	16.94	-0.01	31	52514	卖盘
09:46:55	16.95	--	61	103395	买盘
09:46:51	16.95	--	45	76275	买盘
09:46:46	16.95	--	24	40680	买盘
09:46:36	16.95	--	10	16950	买盘
09:46:31	16.95	--	28	47460	买盘
09:46:25	16.95	0.01	5	8475	买盘
09:46:21	16.94	-0.01	57	96558	卖盘
09:46:16	16.95	0.02	61	103395	买盘
09:46:10	16.93	--	0	0	卖盘
09:46:06	16.93	-0.03	12	20316	卖盘
09:46:01	16.96	0.02	168	284928	买盘
09:45:55	16.94	--	21	35574	卖盘
09:45:51	16.94	-0.02	10	16940	卖盘
09:45:46	16.96	--	0	0	买盘
09:45:40	16.96	--	0	0	买盘
09:45:36	16.96	0.02	368	624128	买盘
09:45:31	16.94	0.02	2	3388	买盘
09:45:25	16.92	-0.01	83	140436	卖盘
09:45:21	16.93	-0.01	9	15237	卖盘
09:45:16	16.94	0.02	18	30492	买盘
09:45:10	16.92	-0.01	3	5076	卖盘
09:45:06	16.93	--	58	98194	买盘
09:45:01	16.93	--	74	125282	买盘
09:44:51	16.93	--	8	13544	卖盘
09:44:46	16.93	-0.01	16	27088	中性盘
09:44:40	16.94	0.01	135	228690	买盘
09:44:36	16.93	--	108	182844	卖盘
09:44:30	16.93	-0.01	68	115124	卖盘
09:44:25	16.94	0.01	20	33880	买盘
09:44:21	16.93	-0.01	115	194695	卖盘
09:44:16	16.94	--	51	86394	买盘
09:44:10	16.94	0.01	10	16940	买盘
09:44:05	16.93	--	13	22009	卖盘
09:44:00	16.93	--	58	98194	卖盘
09:43:55	16.93	-0.01	3	5079	卖盘
09:43:50	16.94	0.01	20	33880	买盘
09:43:45	16.93	-0.01	5	8465	卖盘
09:43:25	16.94	--	42	71148	卖盘
09:43:20	16.94	--	38	64372	卖盘
09:43:15	16.94	-0.01	17	28798	中性盘
09:43:10	16.95	0.02	48	81360	买盘
09:43:06	16.93	-0.01	50	84650	卖盘
09:43:00	16.94	--	48	81312	买盘
09:42:55	16.94	--	3	5082	买盘
09:42:50	16.94	--	12	20328	买盘
09:42:45	16.94	--	3	5082	卖盘
09:42:35	16.94	--	10	16940	卖盘
09:42:30	16.94	--	34	57596	买盘
09:42:25	16.94	0.01	18	30492	买盘
09:42:19	16.93	0.01	54	91422	中性盘
09:42:15	16.92	--	132	223344	卖盘
09:42:10	16.92	--	0	0	卖盘
09:42:04	16.92	-0.02	5	8460	卖盘
09:42:00	16.94	0.02	34	57596	买盘
09:41:49	16.92	--	20	33840	卖盘
09:41:45	16.92	-0.01	26	43992	卖盘
09:41:40	16.93	-0.01	80	135440	买盘
09:41:34	16.94	0.01	29	49126	买盘
09:41:30	16.93	-0.01	34	57562	卖盘
09:41:25	16.94	--	18	30492	买盘
09:41:19	16.94	0.01	24	40656	买盘
09:41:15	16.93	--	28	47404	卖盘
09:41:10	16.93	--	19	32167	卖盘
09:41:00	16.93	-0.01	123	208239	卖盘
09:40:55	16.94	0.01	36	60984	买盘
09:40:49	16.93	-0.01	31	52483	卖盘
09:40:45	16.94	0.01	14	23716	买盘
09:40:40	16.93	-0.01	12	20316	卖盘
09:40:30	16.94	0.01	4	6776	买盘
09:40:25	16.93	-0.01	30	50790	卖盘
09:40:19	16.94	-0.01	10	16940	卖盘
09:40:15	16.95	--	15	25425	买盘
09:40:10	16.95	--	29	49155	卖盘
09:40:04	16.95	-0.01	2	3390	卖盘
09:40:00	16.96	0.01	58	98368	买盘
09:39:55	16.95	-0.01	43	72885	卖盘
09:39:49	16.96	--	60	101760	买盘
09:39:45	16.96	0.01	91	154336	卖盘
09:39:40	16.95	-0.01	100	169500	卖盘
09:39:30	16.96	--	102	172992	买盘
09:39:25	16.96	--	15	25440	买盘
09:39:19	16.96	--	21	35616	买盘
09:39:15	16.96	--	11	18656	买盘
09:39:10	16.96	-0.01	21	35616	卖盘
09:39:04	16.97	0.01	63	106911	买盘
09:39:00	16.96	0.01	12	20352	中性盘
09:38:55	16.95	-0.02	42	71190	卖盘
09:38:49	16.97	--	22	37334	买盘
09:38:45	16.97	--	70	118789	买盘
09:38:40	16.97	--	33	56000	卖盘
09:38:34	16.97	--	22	37334	卖盘
09:38:30	16.97	--	36	61091	买盘
09:38:25	16.97	--	40	67880	买盘
09:38:15	16.97	--	61	103517	买盘
09:38:10	16.97	--	34	57697	买盘
09:38:04	16.97	0.01	43	72971	卖盘
09:38:00	16.96	-0.02	5	8480	卖盘
09:37:54	16.98	--	147	249606	买盘
09:37:49	16.98	--	25	42450	买盘
09:37:45	16.98	--	30	50940	买盘
09:37:40	16.98	--	220	373560	买盘
09:37:30	16.98	-0.01	93	157914	买盘
09:37:24	16.99	--	37	62862	买盘
09:37:19	16.99	0.01	29	49270	买盘
09:37:15	16.98	--	31	52638	卖盘
09:37:09	16.98	--	23	39054	卖盘
09:37:04	16.98	--	107	181686	卖盘
09:37:00	16.98	--	63	106974	买盘
09:36:54	16.98	--	181	307338	买盘
09:36:49	16.98	0.01	53	89994	买盘
09:36:45	16.97	-0.02	456	773832	卖盘
09:36:40	16.99	0.01	187	317712	买盘
09:36:34	16.98	-0.01	17	28866	卖盘
09:36:30	16.99	0.01	24	40775	买盘
09:36:24	16.98	-0.01	57	96786	卖盘
09:36:19	16.99	0.01	58	98541	买盘
09:36:13	16.98	--	6	10188	卖盘
09:36:09	16.98	--	48	81504	卖盘
09:36:04	16.98	--	126	213948	买盘
09:35:58	16.98	0.01	14	23772	买盘
09:35:54	16.97	--	26	44122	卖盘
09:35:49	16.97	-0.01	5	8485	卖盘
09:35:44	16.98	--	31	52638	卖盘
09:35:39	16.98	--	62	105276	卖盘
09:35:34	16.98	0.01	39	66222	中性盘
09:35:28	16.97	--	161	273217	卖盘
09:35:24	16.97	--	291	493826	卖盘
09:35:19	16.97	0.01	274	464977	买盘
09:35:13	16.96	--	171	290016	卖盘
09:35:09	16.96	-0.01	28	47488	买盘
09:35:04	16.97	0.01	89	151033	买盘
09:34:58	16.96	-0.01	44	74624	卖盘
09:34:54	16.97	0.01	50	84850	买盘
09:34:49	16.96	--	122	206912	卖盘
09:34:43	16.96	--	21	35616	卖盘
09:34:39	16.96	0.04	161	273056	买盘
09:34:34	16.92	--	113	191196	卖盘
09:34:28	16.92	-0.03	146	247032	卖盘
09:34:24	16.95	0.03	185	313575	买盘
09:34:19	16.92	--	76	128592	买盘
09:34:13	16.92	--	15	25380	买盘
09:34:09	16.92	--	10	16920	买盘
09:34:04	16.92	--	56	94752	买盘
09:33:58	16.92	--	2	3384	买盘
09:33:54	16.92	--	46	77832	买盘
09:33:49	16.92	0.02	132	223344	卖盘
09:33:43	16.9	-0.06	173	292370	卖盘
09:33:39	16.96	0.03	79	133984	买盘
09:33:34	16.93	--	10	16930	买盘
09:33:24	16.93	-0.04	192	325056	卖盘
09:33:19	16.97	0.01	71	120486	买盘
09:33:13	16.96	0.01	169	286624	买盘
09:33:09	16.95	-0.01	62	105090	中性盘
09:33:04	16.96	-0.01	155	262880	买盘
09:32:54	16.97	0.01	129	218912	买盘
09:32:49	16.96	0.01	109	184864	买盘
09:32:39	16.95	-0.01	11	18645	卖盘
09:32:34	16.96	-0.01	62	105152	卖盘
09:32:28	16.97	0.02	204	346188	买盘
09:32:24	16.95	--	54	91530	买盘
09:32:13	16.95	-0.02	130	220350	卖盘
09:32:09	16.97	0.01	409	694073	买盘
09:32:04	16.96	--	121	205216	卖盘
09:31:58	16.96	--	71	120416	卖盘
09:31:54	16.96	0.01	176	298496	买盘
09:31:48	16.95	--	27	45765	卖盘
09:31:43	16.95	--	13	22035	卖盘
09:31:39	16.95	0.01	233	394935	买盘
09:31:33	16.94	--	1	1694	卖盘
09:31:28	16.94	--	31	52514	卖盘
09:31:24	16.94	0.01	39	66066	买盘
09:31:18	16.93	--	19	32167	卖盘
09:31:08	16.93	--	72	121896	买盘
09:31:03	16.93	0.01	30	50790	买盘
09:30:58	16.92	--	37	62604	卖盘
09:30:54	16.92	--	22	37224	买盘
09:30:48	16.92	0.02	52	87984	买盘
09:30:33	16.9	--	0	0	卖盘
09:30:28	16.9	0.01	9	15209	买盘
09:30:23	16.89	--	5	8445	卖盘
09:30:18	16.89	-0.01	43	72627	卖盘
09:30:13	16.9	-0.01	10	16900	买盘
09:30:08	16.91	0.03	250	422750	买盘
09:30:03	16.88	-0.02	498	840624	卖盘
09:28:47	16.9	--	0	0	卖盘
09:25:11	16.9	16.9	192	324480	买盘
