成交时间	成交价	价格变动	成交量(手)	成交额(元)	性质
15:00:00	12.4	-0.01	0	0	卖盘
15:00:00	12.41	--	0	0	卖盘
14:59:58	12.41	--	2	2643	买盘
14:59:52	12.41	--	347	430627	买盘
14:59:48	12.41	0.01	25	31025	买盘
14:59:43	12.4	--	51	63240	卖盘
14:59:37	12.4	-0.01	312	386880	卖盘
14:59:33	12.41	0.01	32	39712	买盘
14:59:28	12.4	-0.01	254	314960	卖盘
14:59:22	12.41	--	88	109208	买盘
14:59:18	12.41	0.01	65	80665	买盘
14:59:13	12.4	-0.01	82	101680	卖盘
14:59:07	12.41	--	25	31025	买盘
14:59:03	12.41	--	53	65773	买盘
14:58:58	12.41	--	51	63291	买盘
14:58:52	12.41	-0.01	178	221977	卖盘
14:58:48	12.42	--	43	53406	买盘
14:58:43	12.42	--	3	3726	买盘
14:58:37	12.42	--	30	37260	买盘
14:58:33	12.42	--	304	377568	买盘
14:58:28	12.42	--	8	9936	买盘
14:58:22	12.42	-0.01	11	13662	买盘
14:58:13	12.43	--	90	111870	买盘
14:58:07	12.43	0.01	159	197637	买盘
14:58:03	12.42	-0.01	130	161460	卖盘
14:57:58	12.43	0.01	14	17402	买盘
14:57:52	12.42	-0.01	27	33534	卖盘
14:57:48	12.43	--	30	37290	买盘
14:57:33	12.43	0.01	25	31075	买盘
14:57:28	12.42	-0.01	120	149040	卖盘
14:57:22	12.43	--	26	32318	买盘
14:57:13	12.43	--	2	2486	买盘
14:57:07	12.43	--	9	11187	买盘
14:56:52	12.43	--	50	62150	买盘
14:56:43	12.43	--	1	1243	买盘
14:56:37	12.43	0.01	12	14916	买盘
14:56:33	12.42	--	5	6210	卖盘
14:56:28	12.42	--	5	6210	卖盘
14:56:22	12.42	-0.01	65	80730	卖盘
14:56:18	12.43	0.02	10	12430	买盘
14:56:03	12.41	--	12	14892	卖盘
14:55:57	12.41	--	5	6205	卖盘
14:55:52	12.41	0.01	311	386112	买盘
14:55:48	12.4	--	20	24800	卖盘
14:55:42	12.4	--	117	145080	卖盘
14:55:37	12.4	--	109	135160	卖盘
14:55:32	12.4	--	27	33480	卖盘
14:55:27	12.4	--	21	26040	卖盘
14:55:22	12.4	-0.01	49	60760	中性盘
14:55:17	12.41	0.01	347	430627	买盘
14:55:12	12.4	-0.01	70	86800	卖盘
14:55:07	12.41	--	1	1241	买盘
14:54:52	12.41	--	5	6205	买盘
14:54:48	12.41	--	10	12410	买盘
14:54:42	12.41	0.01	300	372300	买盘
14:54:37	12.4	--	661	820718	卖盘
14:54:31	12.4	-0.01	32	39680	卖盘
14:54:22	12.41	-0.02	253	313973	卖盘
14:54:12	12.43	--	9	11808	卖盘
14:54:07	12.43	-0.01	59	73337	卖盘
14:54:01	12.44	0.01	5	6220	买盘
14:53:52	12.43	--	0	0	卖盘
14:53:37	12.43	-0.01	34	42262	卖盘
14:53:31	12.44	0.01	91	113204	买盘
14:53:22	12.43	--	26	32318	卖盘
14:53:16	12.43	0.02	70	87631	买盘
14:53:07	12.41	-0.02	13	16133	卖盘
14:53:01	12.43	0.02	20	24860	买盘
14:52:57	12.41	--	17	21097	买盘
14:52:52	12.41	-0.02	1	1241	买盘
14:52:46	12.43	0.02	58	72094	买盘
14:52:42	12.41	--	2	2792	卖盘
14:52:37	12.41	--	787	977759	买盘
14:52:27	12.41	--	100	124100	买盘
14:52:22	12.41	--	10	12410	买盘
14:52:16	12.41	-0.02	409	507569	卖盘
14:52:12	12.43	--	540	671841	卖盘
14:52:07	12.43	-0.01	1020	1267860	卖盘
14:52:01	12.44	0.01	152	189088	买盘
14:51:57	12.43	-0.01	40	49720	卖盘
14:51:52	12.44	0.01	17	21148	买盘
14:51:46	12.43	--	108	134244	卖盘
14:51:37	12.43	--	22	27346	卖盘
14:51:31	12.43	-0.01	29	36047	卖盘
14:51:27	12.44	--	7	8708	买盘
14:51:22	12.44	0.01	38	47272	买盘
14:51:16	12.43	-0.01	17	21131	卖盘
14:51:11	12.44	0.01	12	14928	买盘
14:51:07	12.43	--	75	93225	卖盘
14:50:57	12.43	-0.01	9	11187	卖盘
14:50:46	12.44	--	5	6220	买盘
14:50:37	12.44	0.01	3	3732	买盘
14:50:31	12.43	--	98	122435	卖盘
14:50:22	12.43	-0.01	45	55935	卖盘
14:50:16	12.44	--	38	47272	买盘
14:50:07	12.44	--	6	7464	买盘
14:49:56	12.44	--	48	60781	卖盘
14:49:52	12.44	--	845	1051180	卖盘
14:49:42	12.44	--	10	13062	卖盘
14:49:37	12.44	--	4	4976	卖盘
14:49:31	12.44	--	8	10748	买盘
14:49:22	12.44	--	16	19904	买盘
14:49:16	12.44	--	35	43540	卖盘
14:49:06	12.44	--	21	26124	卖盘
14:49:01	12.44	--	99	123156	买盘
14:48:56	12.44	--	5	6220	买盘
14:48:46	12.44	0.01	101	125644	买盘
14:48:42	12.43	-0.01	18	22374	卖盘
14:48:36	12.44	0.01	10	12440	买盘
14:48:21	12.43	-0.01	178	221254	卖盘
14:48:16	12.44	--	62	77128	买盘
14:48:11	12.44	--	5	6220	买盘
14:48:06	12.44	--	20	24880	买盘
14:48:01	12.44	--	100	124400	卖盘
14:47:51	12.44	--	31	38564	买盘
14:47:41	12.44	--	12	14928	买盘
14:47:31	12.44	--	5	6220	买盘
14:47:25	12.44	0.01	22	27368	买盘
14:47:16	12.43	--	74	91982	卖盘
14:47:06	12.43	--	13	16159	买盘
14:47:01	12.43	--	48	59664	买盘
14:46:55	12.43	--	20	24860	买盘
14:46:46	12.43	--	42	52206	买盘
14:46:40	12.43	--	16	19888	买盘
14:46:36	12.43	--	1	1243	买盘
14:46:16	12.43	0.01	83	103169	买盘
14:46:01	12.42	--	27	33534	卖盘
14:45:55	12.42	-0.01	35	43470	卖盘
14:45:46	12.43	0.01	10	12430	买盘
14:45:36	12.42	--	21	26082	卖盘
14:45:31	12.42	--	2	2484	卖盘
14:45:25	12.42	0.03	515	640648	买盘
14:45:10	12.39	-0.01	602	745878	卖盘
14:45:01	12.4	0.01	236	293260	买盘
14:44:46	12.39	-0.01	168	208746	卖盘
14:44:40	12.4	0.01	254	314960	买盘
14:44:35	12.39	--	99	122970	买盘
14:44:31	12.39	--	8	9912	买盘
14:44:25	12.39	-0.01	131	163238	卖盘
14:44:20	12.4	0.01	5	6200	买盘
14:44:10	12.39	--	310	384090	卖盘
14:44:05	12.39	--	7	8673	卖盘
14:43:55	12.39	--	20	24780	卖盘
14:43:46	12.39	-0.01	100	123900	卖盘
14:43:40	12.4	--	25	31000	买盘
14:43:20	12.4	--	5	6200	买盘
14:43:16	12.4	--	55	68200	买盘
14:43:10	12.4	0.01	628	778720	买盘
14:43:01	12.39	--	40	49560	卖盘
14:42:50	12.39	--	264	327405	买盘
14:42:40	12.39	--	10	12390	买盘
14:42:35	12.39	--	37	45843	买盘
14:42:31	12.39	--	1591	1972178	卖盘
14:42:25	12.39	-0.01	5	6814	卖盘
14:42:16	12.4	--	16	19840	买盘
14:42:10	12.4	0.01	35	43400	买盘
14:41:55	12.39	--	5	6195	卖盘
14:41:50	12.39	-0.01	10	12390	卖盘
14:41:40	12.4	0.01	10	12400	买盘
14:41:25	12.39	-0.01	63	78057	卖盘
14:41:20	12.4	0.01	30	37200	买盘
14:41:15	12.39	--	24	29736	卖盘
14:41:05	12.39	-0.01	4	4956	卖盘
14:40:55	12.4	0.01	52	64480	买盘
14:40:40	12.39	--	20	24780	卖盘
14:40:30	12.39	--	24	30665	卖盘
14:40:25	12.39	--	18	22302	卖盘
14:40:15	12.39	-0.01	86	106554	卖盘
14:40:04	12.4	--	200	248000	买盘
14:40:00	12.4	--	15	18600	买盘
14:39:55	12.4	0.01	67	83080	买盘
14:39:49	12.39	--	27	33453	卖盘
14:39:45	12.39	-0.01	32	39648	卖盘
14:39:40	12.4	0.01	38	47120	买盘
14:39:34	12.39	-0.01	25	30975	卖盘
14:39:25	12.4	0.02	248	307520	买盘
14:39:19	12.38	-0.01	530	657266	卖盘
14:39:15	12.39	-0.01	101	125250	卖盘
14:39:10	12.4	--	10	12400	买盘
14:39:04	12.4	0.01	19	23560	买盘
14:38:55	12.39	-0.01	56	69384	卖盘
14:38:49	12.4	--	34	42160	买盘
14:38:40	12.4	--	100	124000	买盘
14:38:34	12.4	0.01	15	18600	买盘
14:38:30	12.39	-0.01	1	1239	卖盘
14:38:25	12.4	--	326	405194	卖盘
14:38:19	12.4	--	13	16120	卖盘
14:38:15	12.4	0.01	219	271845	买盘
14:38:10	12.39	-0.01	103	128261	卖盘
14:38:04	12.4	0.01	4	4960	买盘
14:37:55	12.39	--	90	111510	卖盘
14:37:49	12.39	--	50	61950	卖盘
14:37:45	12.39	--	200	247800	卖盘
14:37:40	12.39	-0.01	90	111510	卖盘
14:37:34	12.4	0.01	165	205195	买盘
14:37:29	12.39	--	2	2478	卖盘
14:37:25	12.39	--	90	111510	卖盘
14:37:10	12.39	-0.01	91	112749	卖盘
14:36:59	12.4	0.01	2	2480	买盘
14:36:55	12.39	--	95	117705	卖盘
14:36:40	12.39	-0.01	90	111510	卖盘
14:36:34	12.4	0.01	6	7440	买盘
14:36:29	12.39	--	120	148680	卖盘
14:36:25	12.39	-0.01	240	297360	卖盘
14:36:19	12.4	--	21	26040	买盘
14:36:14	12.4	0.01	13	16120	买盘
14:36:10	12.39	-0.01	198	245322	卖盘
14:36:04	12.4	0.01	76	94240	买盘
14:35:55	12.39	-0.01	91	112749	卖盘
14:35:49	12.4	--	55	68200	买盘
14:35:44	12.4	--	81	100440	买盘
14:35:40	12.4	--	77	95790	卖盘
14:35:34	12.4	--	265	328600	卖盘
14:35:29	12.4	--	4	4960	卖盘
14:35:25	12.4	--	90	111600	卖盘
14:35:19	12.4	--	15	18600	卖盘
14:35:14	12.4	--	329	408890	买盘
14:35:09	12.4	0.01	103	127720	买盘
14:35:04	12.39	-0.01	33	40887	卖盘
14:34:59	12.4	--	135	167400	买盘
14:34:49	12.4	--	10	12400	买盘
14:34:44	12.4	--	120	148800	买盘
14:34:34	12.4	--	56	69440	买盘
14:34:29	12.4	--	103	127720	买盘
14:34:24	12.4	--	31	38440	买盘
14:34:19	12.4	--	30	37200	买盘
14:34:14	12.4	0.01	96	119040	买盘
14:34:04	12.39	--	1	1239	卖盘
14:33:59	12.39	--	119	147441	卖盘
14:33:49	12.39	-0.01	10	12390	卖盘
14:33:44	12.4	--	128	158720	买盘
14:33:39	12.4	--	10	12400	买盘
14:33:34	12.4	0.01	23	28520	买盘
14:33:29	12.39	--	107	132573	卖盘
14:33:19	12.39	-0.01	15	18585	卖盘
14:33:13	12.4	0.01	100	124000	买盘
14:33:09	12.39	--	0	0	中性盘
14:33:04	12.39	--	20	24780	买盘
14:32:58	12.39	--	132	163548	卖盘
14:32:43	12.39	--	117	144963	买盘
14:32:39	12.39	--	28	34692	买盘
14:32:34	12.39	--	12	14868	买盘
14:32:28	12.39	-0.01	23	28497	卖盘
14:32:24	12.4	--	0	0	买盘
14:32:19	12.4	0.01	86	106640	买盘
14:32:13	12.39	-0.01	90	111510	卖盘
14:32:04	12.4	--	100	124000	买盘
14:31:58	12.4	0.01	95	117800	买盘
14:31:54	12.39	--	11	13629	卖盘
14:31:49	12.39	--	94	116466	卖盘
14:31:43	12.39	-0.01	90	111510	卖盘
14:31:39	12.4	--	30	37200	买盘
14:31:34	12.4	--	14	17360	买盘
14:31:28	12.4	--	130	161200	买盘
14:31:08	12.4	--	100	124000	买盘
14:31:04	12.4	-0.01	428	531030	卖盘
14:30:58	12.41	--	280	347480	卖盘
14:30:49	12.41	--	55	68255	卖盘
14:30:43	12.41	0.01	90	111690	卖盘
14:30:28	12.4	--	100	124000	卖盘
14:30:19	12.4	--	70	86800	卖盘
14:30:13	12.4	-0.01	102	126480	卖盘
14:30:08	12.41	--	118	146438	买盘
14:29:58	12.41	--	10	12410	买盘
14:29:53	12.41	--	27	33507	买盘
14:29:49	12.41	-0.01	10	12410	卖盘
14:29:43	12.42	--	256	318573	买盘
14:29:38	12.42	0.01	46	57132	买盘
14:29:28	12.41	-0.01	90	111690	卖盘
14:29:23	12.42	--	10	12420	买盘
14:29:19	12.42	0.01	77	95634	买盘
14:29:13	12.41	--	90	111690	卖盘
14:28:58	12.41	--	90	111690	卖盘
14:28:53	12.41	-0.01	2	3102	卖盘
14:28:49	12.42	0.01	15	18630	买盘
14:28:43	12.41	--	93	115413	卖盘
14:28:38	12.41	-0.01	27	33507	卖盘
14:28:34	12.42	0.01	10	12420	买盘
14:28:28	12.41	--	90	111690	卖盘
14:28:23	12.41	--	357	443037	买盘
14:28:13	12.41	--	177	219657	买盘
14:28:08	12.41	--	3	3723	买盘
14:28:03	12.41	--	40	49640	买盘
14:27:58	12.41	0.01	192	238272	买盘
14:27:53	12.4	-0.01	5	6200	卖盘
14:27:43	12.41	0.01	102	126582	买盘
14:27:38	12.4	-0.01	10	12400	卖盘
14:27:33	12.41	0.01	10	12410	买盘
14:27:28	12.4	0.01	174	216690	买盘
14:27:23	12.39	-0.01	5	6195	卖盘
14:27:18	12.4	0.02	16	19840	买盘
14:27:13	12.38	-0.01	129	160321	卖盘
14:27:08	12.39	--	95	117705	买盘
14:27:03	12.39	--	10	12390	买盘
14:26:58	12.39	--	145	179655	买盘
14:26:53	12.39	--	33	40887	买盘
14:26:48	12.39	--	6	7434	买盘
14:26:38	12.39	-0.01	21	26019	卖盘
14:26:33	12.4	0.02	10	12400	买盘
14:26:28	12.38	-0.01	90	111420	卖盘
14:26:18	12.39	-0.01	13	16107	中性盘
14:26:13	12.4	--	227	281480	买盘
14:26:07	12.4	0.01	14	17360	买盘
14:26:03	12.39	--	5	6195	卖盘
14:25:58	12.39	--	90	111510	卖盘
14:25:52	12.39	0.01	10	12390	卖盘
14:25:43	12.38	-0.02	90	111420	卖盘
14:25:37	12.4	0.01	37	45880	买盘
14:25:33	12.39	--	2	2478	买盘
14:25:28	12.39	--	63	78366	卖盘
14:25:22	12.39	--	15	18585	卖盘
14:25:18	12.39	--	21	26019	卖盘
14:25:13	12.39	-0.01	144	178416	卖盘
14:25:07	12.4	--	14	17360	买盘
14:25:03	12.4	--	2	2480	买盘
14:24:58	12.4	--	10	12400	买盘
14:24:52	12.4	--	4	4960	买盘
14:24:48	12.4	--	70	86800	卖盘
14:24:43	12.4	--	125	155000	卖盘
14:24:37	12.4	--	14	17360	卖盘
14:24:33	12.4	--	1	1240	卖盘
14:24:28	12.4	0.01	97	120280	买盘
14:24:22	12.39	-0.01	142	175938	卖盘
14:24:18	12.4	0.01	100	124000	买盘
14:24:13	12.39	-0.01	110	136290	卖盘
14:24:07	12.4	0.01	6	7440	买盘
14:23:58	12.39	-0.01	90	111510	卖盘
14:23:52	12.4	--	10	12400	买盘
14:23:47	12.4	--	10	12400	买盘
14:23:43	12.4	-0.01	161	199640	卖盘
14:23:37	12.41	--	42	52122	买盘
14:23:28	12.41	--	113	140233	买盘
14:23:22	12.41	--	716	888556	买盘
14:23:13	12.41	--	58	71978	买盘
14:23:07	12.41	--	11	13651	买盘
14:23:02	12.41	0.01	6	7446	买盘
14:22:58	12.4	-0.01	198	245520	卖盘
14:22:52	12.41	--	104	129064	买盘
14:22:47	12.41	0.01	3	3723	买盘
14:22:43	12.4	-0.01	144	178560	卖盘
14:22:37	12.41	0.01	22	27302	买盘
14:22:32	12.4	--	36	44640	买盘
14:22:28	12.4	--	74	91760	卖盘
14:22:22	12.4	-0.01	6	7440	卖盘
14:22:17	12.41	0.02	131	162571	买盘
14:22:13	12.39	-0.01	100	123900	卖盘
14:22:07	12.4	0.01	15	18600	中性盘
14:22:02	12.39	-0.01	27	33453	卖盘
14:21:58	12.4	-0.01	225	279000	卖盘
14:21:52	12.41	0.01	2	2482	买盘
14:21:47	12.4	--	40	49600	卖盘
14:21:43	12.4	-0.01	214	265360	卖盘
14:21:37	12.41	0.01	5	6205	买盘
14:21:27	12.4	-0.01	95	117800	卖盘
14:21:13	12.41	--	210	260610	买盘
14:21:07	12.41	0.01	92	114172	买盘
14:20:57	12.4	-0.01	132	163680	卖盘
14:20:52	12.41	--	63	78183	买盘
14:20:47	12.41	--	65	80665	买盘
14:20:42	12.41	--	92	114172	买盘
14:20:37	12.41	--	5	6205	买盘
14:20:32	12.41	--	96	119136	买盘
14:20:27	12.41	0.01	98	121618	买盘
14:20:22	12.4	-0.02	238	295120	卖盘
14:20:12	12.42	-0.01	64	79488	卖盘
14:20:02	12.43	--	33	41019	买盘
14:19:57	12.43	--	3	3729	卖盘
14:19:52	12.43	0.01	11	13673	卖盘
14:19:47	12.42	--	68	84456	买盘
14:19:42	12.42	--	22	27324	卖盘
14:19:37	12.42	--	7	8694	买盘
14:19:32	12.42	0.01	77	95634	买盘
14:19:27	12.41	-0.01	120	148920	卖盘
14:19:22	12.42	--	50	62100	买盘
14:19:12	12.42	--	11	13662	卖盘
14:19:07	12.42	0.02	25	31050	买盘
14:18:57	12.4	-0.02	90	111600	卖盘
14:18:52	12.42	0.02	20	24840	买盘
14:18:46	12.4	--	12	14880	卖盘
14:18:42	12.4	0.01	445	552730	买盘
14:18:37	12.39	--	486	602154	卖盘
14:18:31	12.39	0.01	35	43365	卖盘
14:18:27	12.38	--	90	111420	卖盘
14:18:16	12.38	--	102	126276	卖盘
14:18:12	12.38	-0.01	120	148560	卖盘
14:18:07	12.39	-0.01	34	42126	中性盘
14:18:01	12.4	0.01	25	31000	买盘
14:17:57	12.39	--	100	123900	买盘
14:17:52	12.39	--	36	44604	中性盘
14:17:46	12.39	--	95	117705	卖盘
14:17:42	12.39	-0.01	90	111510	卖盘
14:17:37	12.4	--	21	26040	买盘
14:17:31	12.4	--	40	49600	买盘
14:17:27	12.4	-0.02	78	97030	卖盘
14:17:22	12.42	0.02	90	111780	买盘
14:17:16	12.4	--	952	1180480	卖盘
14:17:12	12.4	-0.01	200	248930	卖盘
14:17:07	12.41	--	37	45917	买盘
14:17:01	12.41	--	23	28543	买盘
14:16:56	12.41	--	914	1134274	买盘
14:16:52	12.41	--	33	41573	卖盘
14:16:46	12.41	-0.01	20	24820	卖盘
14:16:41	12.42	0.01	100	124200	买盘
14:16:37	12.41	--	64	79424	卖盘
14:16:31	12.41	--	60	75080	买盘
14:16:27	12.41	--	16	20476	卖盘
14:16:22	12.41	--	319	395879	卖盘
14:16:16	12.41	--	107	132787	卖盘
14:16:11	12.41	--	280	347480	卖盘
14:16:01	12.41	--	157	194837	卖盘
14:15:56	12.41	--	29	35989	卖盘
14:15:52	12.41	-0.01	550	683170	卖盘
14:15:41	12.42	--	665	825930	卖盘
14:15:37	12.42	-0.01	525	652050	卖盘
14:15:31	12.43	--	30	37290	买盘
14:15:26	12.43	--	150	186450	买盘
14:15:22	12.43	--	76	94468	买盘
14:15:16	12.43	-0.01	1141	1418263	卖盘
14:15:11	12.44	-0.01	30	37320	卖盘
14:15:07	12.45	--	18	22410	买盘
14:15:01	12.45	--	155	192975	买盘
14:14:52	12.45	-0.01	267	332415	卖盘
14:14:46	12.46	--	21	26166	买盘
14:14:41	12.46	--	93	115878	买盘
14:14:37	12.46	0.01	14	17444	买盘
14:14:22	12.45	--	20	24900	卖盘
14:14:16	12.45	-0.01	39	48555	卖盘
14:14:01	12.46	0.01	21	26166	买盘
14:13:56	12.45	--	71	88395	卖盘
14:13:26	12.45	--	12	14940	卖盘
14:13:11	12.45	-0.01	50	62250	卖盘
14:13:06	12.46	0.01	60	74760	买盘
14:12:46	12.45	--	6	7470	买盘
14:12:41	12.45	--	4	4980	买盘
14:12:31	12.45	--	17	21165	买盘
14:12:21	12.45	0.01	60	74700	买盘
14:12:10	12.44	-0.01	151	187844	卖盘
14:12:06	12.45	0.01	100	124500	买盘
14:11:55	12.44	-0.01	66	82104	卖盘
14:11:51	12.45	0.01	14	17430	买盘
14:11:46	12.44	--	35	43540	卖盘
14:11:40	12.44	-0.01	8	9952	卖盘
14:11:25	12.45	--	5	6225	买盘
14:11:16	12.45	0.01	55	68475	买盘
14:11:10	12.44	-0.01	5	6220	卖盘
14:10:55	12.45	0.01	363	451935	买盘
14:10:40	12.44	-0.01	7	9852	卖盘
14:10:36	12.45	0.01	20	24900	买盘
14:10:31	12.44	-0.01	2	2488	卖盘
14:10:25	12.45	--	5	6225	买盘
14:10:21	12.45	--	4	4980	买盘
14:10:10	12.45	--	14	17430	买盘
14:10:06	12.45	--	5	6225	买盘
14:10:00	12.45	--	7	8715	买盘
14:09:46	12.45	--	52	64739	买盘
14:09:40	12.45	--	20	24900	买盘
14:09:35	12.45	-0.01	357	444465	卖盘
14:09:31	12.46	0.01	7	8722	买盘
14:09:25	12.45	--	1	1245	卖盘
14:09:16	12.45	--	136	169320	卖盘
14:09:10	12.45	--	51	63495	卖盘
14:09:01	12.45	-0.01	5	6225	卖盘
14:08:55	12.46	--	4	4984	买盘
14:08:40	12.46	0.01	14	17444	买盘
14:08:35	12.45	-0.01	27	33615	卖盘
14:08:31	12.46	0.01	15	18690	买盘
14:08:25	12.45	--	51	63495	卖盘
14:08:16	12.45	-0.01	39	48555	卖盘
14:08:01	12.46	-0.01	283	352618	卖盘
14:07:40	12.47	0.01	23	28681	买盘
14:07:35	12.46	-0.01	30	37380	卖盘
14:07:20	12.47	--	5	6235	买盘
14:07:10	12.47	--	56	69832	卖盘
14:07:00	12.47	-0.01	2	2494	卖盘
14:06:50	12.48	0.01	5	6240	买盘
14:06:40	12.47	-0.01	315	392805	卖盘
14:06:25	12.48	0.01	4	4992	买盘
14:06:15	12.47	-0.01	16	19952	卖盘
14:06:05	12.48	--	14	17472	买盘
14:05:50	12.48	--	46	57408	买盘
14:05:45	12.48	--	5	6240	买盘
14:05:40	12.48	0.01	5	6240	买盘
14:05:35	12.47	-0.01	7	8729	卖盘
14:05:19	12.48	--	8	9984	买盘
14:05:15	12.48	--	16	19968	买盘
14:05:05	12.48	--	150	187200	卖盘
14:05:00	12.48	--	8	9984	买盘
14:04:55	12.48	--	45	56160	卖盘
14:04:49	12.48	--	60	74880	买盘
14:04:45	12.48	--	46	57408	买盘
14:04:40	12.48	--	110	137280	买盘
14:04:34	12.48	--	20	24960	买盘
14:04:30	12.48	0.01	20	24960	买盘
14:04:25	12.47	-0.01	9	11223	卖盘
14:04:19	12.48	--	102	127296	买盘
14:04:04	12.48	--	88	109824	买盘
14:04:00	12.48	0.01	4	4992	买盘
14:03:40	12.47	-0.01	35	43645	卖盘
14:03:25	12.48	--	22	27456	买盘
14:03:19	12.48	--	113	141024	买盘
14:02:59	12.48	--	12	14976	买盘
14:02:55	12.48	--	23	28704	买盘
14:02:49	12.48	-0.01	77	96096	卖盘
14:02:39	12.49	--	13	16237	买盘
14:02:24	12.49	--	20	24980	买盘
14:02:19	12.49	--	40	49960	买盘
14:02:10	12.49	--	5	6245	买盘
14:01:55	12.49	--	8	9992	买盘
14:01:49	12.49	0.02	26	32474	买盘
14:01:34	12.47	-0.01	39	48633	卖盘
14:01:25	12.48	--	2	2496	买盘
14:01:19	12.48	--	1	1248	买盘
14:01:14	12.48	--	40	49920	买盘
14:01:09	12.48	--	278	346944	买盘
14:01:04	12.48	--	329	410592	卖盘
14:00:49	12.48	--	8	9984	买盘
14:00:44	12.48	--	1	1248	买盘
14:00:39	12.48	--	27	33696	买盘
14:00:34	12.48	--	105	131040	买盘
14:00:24	12.48	--	53	66144	买盘
14:00:14	12.48	--	17	21216	买盘
14:00:09	12.48	--	6	7488	买盘
14:00:04	12.48	--	2	2496	买盘
13:59:54	12.48	--	341	425568	买盘
13:59:49	12.48	--	383	477984	卖盘
13:59:29	12.48	0.02	46	57408	买盘
13:59:24	12.46	--	4	4984	卖盘
13:59:19	12.46	-0.02	10	12460	卖盘
13:59:14	12.48	0.02	93	116064	买盘
13:59:09	12.46	--	9	11214	买盘
13:59:04	12.46	--	24	29904	买盘
13:58:59	12.46	--	53	66038	买盘
13:58:49	12.46	-0.02	108	134568	卖盘
13:58:44	12.48	--	20	24960	卖盘
13:58:39	12.48	0.02	5	6240	买盘
13:58:19	12.46	0.01	46	57316	买盘
13:58:14	12.45	-0.01	200	249000	卖盘
13:58:04	12.46	0.01	300	373800	买盘
13:57:58	12.45	--	172	214762	买盘
13:57:49	12.45	--	159	197955	买盘
13:57:43	12.45	--	6	7470	买盘
13:57:34	12.45	0.01	2	2490	买盘
13:57:28	12.44	-0.01	14	17416	卖盘
13:57:24	12.45	--	13	16184	买盘
13:57:19	12.45	--	5	6225	买盘
13:57:13	12.45	--	324	403380	买盘
13:57:04	12.45	--	44	54780	买盘
13:56:58	12.45	--	24	29880	买盘
13:56:54	12.45	--	10	12450	买盘
13:56:49	12.45	--	3	3735	买盘
13:56:43	12.45	--	20	24900	买盘
13:56:39	12.45	--	125	156247	卖盘
13:56:34	12.45	--	158	196710	卖盘
13:56:28	12.45	--	1	1245	卖盘
13:56:24	12.45	-0.01	20	24900	卖盘
13:56:18	12.46	0.01	9	11214	买盘
13:56:13	12.45	--	31	38595	卖盘
13:55:53	12.45	--	5	6847	买盘
13:55:48	12.45	--	15	18675	买盘
13:55:43	12.45	--	10	12450	买盘
13:55:34	12.45	--	9	11205	买盘
13:55:28	12.45	--	16	19920	买盘
13:55:23	12.45	--	3	3735	买盘
13:55:13	12.45	--	10	12450	买盘
13:55:08	12.45	--	13	16184	买盘
13:55:04	12.45	0.01	9	11205	买盘
13:54:58	12.44	--	6	7464	卖盘
13:54:53	12.44	-0.01	16	19904	卖盘
13:54:48	12.45	--	2	2490	买盘
13:54:38	12.45	0.01	36	44820	买盘
13:54:28	12.44	-0.01	78	97032	卖盘
13:54:23	12.45	--	3	3735	买盘
13:54:18	12.45	--	20	24900	买盘
13:54:13	12.45	--	20	24900	买盘
13:54:04	12.45	0.01	27	33615	买盘
13:53:58	12.44	--	119	148036	卖盘
13:53:53	12.44	--	5	6220	卖盘
13:53:48	12.44	0.01	70	87080	卖盘
13:53:43	12.43	--	20	24860	卖盘
13:53:38	12.43	-0.01	729	906147	卖盘
13:53:33	12.44	--	10	12440	买盘
13:53:28	12.44	--	84	104496	买盘
13:53:23	12.44	--	24	29856	买盘
13:53:13	12.44	--	3	3732	买盘
13:53:03	12.44	0.01	30	37320	买盘
13:52:58	12.43	-0.01	28	34804	卖盘
13:52:53	12.44	--	22	27368	买盘
13:52:43	12.44	--	72	89568	买盘
13:52:38	12.44	--	1	1244	买盘
13:52:33	12.44	0.01	53	65932	买盘
13:52:23	12.43	--	24	29832	卖盘
13:52:13	12.43	-0.01	5	6215	卖盘
13:52:03	12.44	--	15	18660	买盘
13:51:58	12.44	0.01	21	26124	买盘
13:51:53	12.43	-0.01	6	7458	卖盘
13:51:48	12.44	0.01	15	18660	买盘
13:51:43	12.43	-0.01	388	482383	卖盘
13:51:38	12.44	--	105	130620	买盘
13:51:28	12.44	-0.01	393	488892	卖盘
13:51:22	12.45	--	30	37350	买盘
13:51:18	12.45	--	2	2490	买盘
13:51:13	12.45	--	12	14940	买盘
13:51:07	12.45	--	40	49800	买盘
13:51:03	12.45	--	2	2490	买盘
13:50:58	12.45	--	53	65985	买盘
13:50:52	12.45	0.01	40	49800	买盘
13:50:48	12.44	-0.01	5	6220	卖盘
13:50:43	12.45	0.01	5	6225	买盘
13:50:37	12.44	-0.01	2	2488	卖盘
13:50:22	12.45	0.01	49	61005	买盘
13:50:18	12.44	-0.01	493	613292	卖盘
13:50:13	12.45	0.01	25	31125	买盘
13:50:07	12.44	-0.01	92	114448	卖盘
13:50:03	12.45	--	20	24900	买盘
13:49:52	12.45	--	20	24900	买盘
13:49:43	12.45	--	408	507960	卖盘
13:49:37	12.45	-0.01	200	249000	卖盘
13:49:28	12.46	--	5	6230	买盘
13:49:22	12.46	--	25	31150	买盘
13:49:18	12.46	--	1	1246	买盘
13:49:12	12.46	--	16	19936	买盘
13:49:07	12.46	--	35	43610	买盘
13:49:02	12.46	--	11	13706	买盘
13:48:57	12.46	-0.02	391	487186	卖盘
13:48:52	12.48	0.01	26	32448	买盘
13:48:32	12.47	0.01	26	32422	买盘
13:48:22	12.46	--	22	27412	卖盘
13:48:17	12.46	--	10	12460	买盘
13:48:07	12.46	--	12	14952	买盘
13:48:02	12.46	0.01	8	9968	买盘
13:47:57	12.45	--	7	8715	卖盘
13:47:52	12.45	--	45	56025	买盘
13:47:47	12.45	--	151	187995	买盘
13:47:42	12.45	--	588	732060	买盘
13:47:37	12.45	--	480	597600	买盘
13:47:27	12.45	--	52	65362	买盘
13:47:22	12.45	--	91	113295	买盘
13:47:17	12.45	--	20	24900	买盘
13:47:12	12.45	--	10	12450	买盘
13:47:07	12.45	0.01	41	51045	买盘
13:46:57	12.44	--	31	38564	卖盘
13:46:52	12.44	--	282	350808	买盘
13:46:47	12.44	--	4	4976	买盘
13:46:42	12.44	--	61	75884	买盘
13:46:37	12.44	--	110	136840	买盘
13:46:32	12.44	--	6	7464	买盘
13:46:27	12.44	-0.01	305	379420	卖盘
13:46:22	12.45	--	83	103335	买盘
13:46:07	12.45	--	100	124500	买盘
13:46:02	12.45	0.01	14	17430	买盘
13:45:57	12.44	-0.01	279	347076	卖盘
13:45:52	12.45	0.01	42	52489	买盘
13:45:47	12.44	--	80	99520	买盘
13:45:42	12.44	--	84	104496	买盘
13:45:37	12.44	--	8	9952	买盘
13:45:32	12.44	-0.01	1017	1266192	卖盘
13:45:22	12.45	--	811	1009695	买盘
13:45:17	12.45	--	6	7470	买盘
13:45:07	12.45	-0.01	157	195465	卖盘
13:45:02	12.46	0.01	1	1246	买盘
13:44:57	12.45	-0.01	4	4980	卖盘
13:44:52	12.46	--	10	12460	买盘
13:44:47	12.46	0.02	55	68530	买盘
13:44:37	12.44	--	0	0	卖盘
13:44:32	12.44	-0.01	567	705348	卖盘
13:44:22	12.45	--	117	146486	卖盘
13:44:17	12.45	0.01	9	11827	买盘
13:44:07	12.44	--	11	13684	买盘
13:44:02	12.44	-0.01	167	207748	卖盘
13:43:57	12.45	0.02	2	2490	买盘
13:43:52	12.43	-0.02	5	6215	卖盘
13:43:47	12.45	0.02	8	9960	买盘
13:43:42	12.43	-0.02	1	1243	卖盘
13:43:37	12.45	0.02	168	209160	买盘
13:43:27	12.43	-0.02	903	1122429	卖盘
13:43:22	12.45	--	26	32369	买盘
13:43:16	12.45	--	12	14940	买盘
13:43:12	12.45	0.01	6	7470	买盘
13:43:07	12.44	-0.01	1	1244	卖盘
13:43:01	12.45	--	7	9337	卖盘
13:42:57	12.45	--	54	67230	卖盘
13:42:52	12.45	--	9	11205	卖盘
13:42:46	12.45	--	20	24900	卖盘
13:42:37	12.45	--	78	97732	买盘
13:42:31	12.45	--	6	7470	买盘
13:42:22	12.45	--	50	62250	买盘
13:42:16	12.45	0.01	3	3735	买盘
13:42:07	12.44	-0.01	20	24880	卖盘
13:42:01	12.45	--	32	39840	买盘
13:41:57	12.45	-0.01	49	61005	卖盘
13:41:51	12.46	--	647	806162	买盘
13:41:36	12.46	--	3	3738	买盘
13:41:31	12.46	--	3	3738	买盘
13:41:11	12.46	--	33	41118	买盘
13:41:06	12.46	--	4	4984	买盘
13:41:01	12.46	--	4	4984	买盘
13:40:56	12.46	--	7	8722	买盘
13:40:46	12.46	--	2	2492	买盘
13:40:41	12.46	0.01	5	6230	买盘
13:40:36	12.45	-0.01	4	4980	卖盘
13:40:31	12.46	0.01	16	19936	买盘
13:40:21	12.45	-0.01	5	6225	卖盘
13:40:16	12.46	--	148	184408	买盘
13:40:11	12.46	--	8	9968	买盘
13:40:06	12.46	0.01	66	82236	买盘
13:40:01	12.45	-0.01	81	100845	卖盘
13:39:56	12.46	--	179	223034	买盘
13:39:51	12.46	--	43	53578	买盘
13:39:46	12.46	--	1	1246	买盘
13:39:41	12.46	--	64	79744	买盘
13:39:36	12.46	--	809	1008014	买盘
13:39:31	12.46	--	5	6230	买盘
13:39:21	12.46	--	58	72268	买盘
13:39:16	12.46	--	11	13706	买盘
13:39:11	12.46	--	5	6230	买盘
13:39:06	12.46	--	1	1246	买盘
13:39:01	12.46	0.01	10	12460	买盘
13:38:56	12.45	--	63	78435	卖盘
13:38:51	12.45	-0.01	10	12450	卖盘
13:38:46	12.46	--	5	6230	买盘
13:38:41	12.46	--	3	3738	买盘
13:38:36	12.46	0.01	7	8722	买盘
13:38:31	12.45	--	20	24900	卖盘
13:38:16	12.45	-0.01	46	57270	卖盘
13:38:11	12.46	0.01	75	93450	买盘
13:38:01	12.45	--	15	18675	卖盘
13:37:56	12.45	--	3	3735	卖盘
13:37:41	12.45	--	173	215385	买盘
13:37:36	12.45	0.01	10	12450	买盘
13:37:31	12.44	--	1	1244	卖盘
13:37:26	12.44	0.01	457	568508	买盘
13:37:21	12.43	-0.01	25	31075	卖盘
13:37:16	12.44	0.01	60	74640	买盘
13:37:11	12.43	-0.01	110	136730	卖盘
13:37:01	12.44	--	9	11196	买盘
13:36:46	12.44	--	100	124400	买盘
13:36:41	12.44	--	9	11196	买盘
13:36:36	12.44	--	156	194064	买盘
13:36:31	12.44	0.01	45	55980	买盘
13:36:25	12.43	-0.01	266	330638	卖盘
13:36:16	12.44	--	29	36076	买盘
13:36:06	12.44	-0.01	327	406788	卖盘
13:36:01	12.45	--	15	18675	买盘
13:35:55	12.45	--	36	44820	买盘
13:35:51	12.45	--	23	28635	买盘
13:35:40	12.45	--	55	68475	卖盘
13:35:36	12.45	--	2	2490	买盘
13:35:31	12.45	-0.01	64	79680	卖盘
13:35:25	12.46	0.01	10	12460	买盘
13:35:21	12.45	--	21	26145	卖盘
13:35:10	12.45	--	60	74700	卖盘
13:35:06	12.45	--	10	12450	卖盘
13:35:01	12.45	--	135	168075	卖盘
13:34:55	12.45	--	80	99600	卖盘
13:34:46	12.45	-0.01	208	258959	卖盘
13:34:40	12.46	0.01	10	12460	买盘
13:34:36	12.45	--	50	62250	卖盘
13:34:30	12.45	-0.01	28	34860	卖盘
13:34:25	12.46	--	15	18690	买盘
13:34:15	12.46	--	360	448560	卖盘
13:34:10	12.46	--	105	130830	卖盘
13:34:05	12.46	--	47	58562	卖盘
13:34:00	12.46	-0.01	1	1246	卖盘
13:33:50	12.47	0.01	5	6235	买盘
13:33:45	12.46	--	34	42364	卖盘
13:33:40	12.46	--	48	59808	卖盘
13:33:35	12.46	--	13	16198	卖盘
13:33:30	12.46	-0.01	103	128338	卖盘
13:33:25	12.47	--	10	12470	买盘
13:33:15	12.47	--	78	97266	买盘
13:33:10	12.47	--	365	455155	卖盘
13:33:05	12.47	--	50	62350	卖盘
13:33:00	12.47	-0.01	76	94772	卖盘
13:32:55	12.48	0.01	36	44928	买盘
13:32:50	12.47	--	219	273093	卖盘
13:32:45	12.47	--	26	32422	卖盘
13:32:40	12.47	-0.01	10	12470	卖盘
13:32:30	12.48	--	18	22464	买盘
13:32:20	12.48	--	782	975936	买盘
13:32:15	12.48	--	479	597792	卖盘
13:32:10	12.48	--	2	2496	卖盘
13:32:00	12.48	--	10	12480	卖盘
13:31:55	12.48	--	12	14976	买盘
13:31:50	12.48	--	37	46176	买盘
13:31:45	12.48	--	5	6240	买盘
13:31:40	12.48	--	27	33696	买盘
13:31:25	12.48	--	30	37440	买盘
13:31:20	12.48	--	27	33696	买盘
13:31:15	12.48	--	10	12480	买盘
13:31:10	12.48	--	5	6240	买盘
13:31:05	12.48	-0.01	1029	1284192	卖盘
13:31:00	12.49	--	33	41217	买盘
13:30:55	12.49	--	10	12490	买盘
13:30:50	12.49	--	1	1249	买盘
13:30:45	12.49	-0.01	213	266037	卖盘
13:30:40	12.5	0.01	2	2500	买盘
13:30:30	12.49	--	6	7494	卖盘
13:30:20	12.49	--	37	46213	卖盘
13:30:10	12.49	--	258	322242	买盘
13:30:05	12.49	--	3	3747	买盘
13:29:49	12.49	--	20	24980	买盘
13:29:40	12.49	-0.01	342	427158	卖盘
13:29:34	12.5	--	10	12500	买盘
13:29:30	12.5	--	10	12500	买盘
13:29:25	12.5	--	39	48750	买盘
13:29:20	12.5	--	25	31250	买盘
13:29:15	12.5	0.01	10	12500	买盘
13:29:10	12.49	-0.01	326	407174	卖盘
13:29:04	12.5	--	2	2500	买盘
13:29:00	12.5	0.01	5	6250	买盘
13:28:55	12.49	-0.01	203	253547	卖盘
13:28:49	12.5	0.01	89	111250	买盘
13:28:45	12.49	-0.01	9	11241	卖盘
13:28:40	12.5	0.01	5	6250	买盘
13:28:34	12.49	--	15	18735	卖盘
13:28:25	12.49	--	30	37470	卖盘
13:28:15	12.49	--	10	12490	卖盘
13:28:09	12.49	-0.01	23	28727	卖盘
13:28:04	12.5	0.01	48	60000	买盘
13:28:00	12.49	--	50	62450	买盘
13:27:54	12.49	--	25	31225	买盘
13:27:49	12.49	--	101	126149	买盘
13:27:44	12.49	--	66	82434	买盘
13:27:39	12.49	--	25	31225	买盘
13:27:34	12.49	--	62	77438	买盘
13:27:29	12.49	--	198	247302	买盘
13:27:24	12.49	--	27	33723	买盘
13:27:19	12.49	--	14	17486	买盘
13:27:14	12.49	--	9	11241	买盘
13:27:09	12.49	--	17	21233	买盘
13:27:04	12.49	0.01	84	104916	买盘
13:26:59	12.48	-0.01	60	74880	卖盘
13:26:54	12.49	--	40	49960	买盘
13:26:49	12.49	--	20	24980	买盘
13:26:44	12.49	--	18	22482	买盘
13:26:39	12.49	0.01	3	3747	买盘
13:26:34	12.48	--	20	24960	卖盘
13:26:29	12.48	-0.01	20	24960	卖盘
13:26:24	12.49	--	89	111161	买盘
13:26:14	12.49	0.01	2	2498	买盘
13:26:09	12.48	-0.01	2	2496	卖盘
13:26:04	12.49	--	100	124900	买盘
13:25:54	12.49	0.01	20	24980	买盘
13:25:49	12.48	-0.01	16	19968	卖盘
13:25:39	12.49	--	1	1249	买盘
13:25:34	12.49	--	22	27478	买盘
13:25:24	12.49	--	157	196093	卖盘
13:25:19	12.49	--	34	42466	卖盘
13:25:04	12.49	--	61	76189	卖盘
13:24:59	12.49	--	15	18735	卖盘
13:24:54	12.49	--	76	94924	卖盘
13:24:44	12.49	--	1	1249	卖盘
13:24:34	12.49	--	20	24980	卖盘
13:24:24	12.49	-0.01	5	6245	卖盘
13:24:19	12.5	--	1	1250	买盘
13:24:14	12.5	0.01	74	92500	买盘
13:24:09	12.49	-0.01	59	73691	卖盘
13:24:04	12.5	--	120	150000	买盘
13:23:59	12.5	0.01	59	73750	买盘
13:23:49	12.49	-0.01	54	67446	卖盘
13:23:44	12.5	--	5	6250	买盘
13:23:39	12.5	0.01	10	12500	买盘
13:23:34	12.49	-0.01	17	21233	卖盘
13:23:29	12.5	0.01	1	1250	买盘
13:23:19	12.49	-0.01	53	66197	卖盘
13:23:14	12.5	--	64	80000	买盘
13:23:04	12.5	--	40	50000	买盘
13:22:58	12.5	--	6	7500	买盘
13:22:54	12.5	--	10	12500	买盘
13:22:49	12.5	--	20	25000	买盘
13:22:43	12.5	--	7	8750	买盘
13:22:39	12.5	--	409	511250	卖盘
13:22:34	12.5	-0.01	7	8750	卖盘
13:22:28	12.51	0.01	1	1251	买盘
13:22:13	12.5	-0.01	3	3750	卖盘
13:21:58	12.51	0.01	29	36279	买盘
13:21:49	12.5	-0.01	55	68750	卖盘
13:21:34	12.51	--	107	133857	买盘
13:21:28	12.51	0.01	189	236439	买盘
13:21:24	12.5	-0.01	520	650000	卖盘
13:21:13	12.51	0.01	17	21267	买盘
13:21:09	12.5	-0.01	6	7500	卖盘
13:21:03	12.51	0.01	195	243945	买盘
13:20:58	12.5	--	76	95000	卖盘
13:20:49	12.5	-0.01	7	8750	卖盘
13:20:43	12.51	0.01	2	2502	买盘
13:20:38	12.5	--	42	52500	卖盘
13:20:28	12.5	-0.01	3	3750	卖盘
13:20:23	12.51	--	2	2502	买盘
13:20:18	12.51	0.01	39	48789	买盘
13:20:13	12.5	--	200	250000	卖盘
13:20:08	12.5	-0.01	6	7500	卖盘
13:20:03	12.51	0.01	5	6255	买盘
13:19:43	12.5	--	17	21250	卖盘
13:19:38	12.5	--	8	10000	买盘
13:19:33	12.5	0.01	1	1250	买盘
13:19:28	12.49	--	82	102418	卖盘
13:19:23	12.49	-0.01	20	24980	卖盘
13:19:18	12.5	--	75	93750	买盘
13:19:13	12.5	--	18	22500	买盘
13:19:08	12.5	--	20	25000	买盘
13:19:03	12.5	--	35	43750	买盘
13:18:58	12.5	-0.01	63	78750	卖盘
13:18:53	12.51	0.01	5	6255	买盘
13:18:48	12.5	--	10	12500	卖盘
13:18:43	12.5	-0.01	27	33750	卖盘
13:18:38	12.51	0.01	17	21267	买盘
13:18:33	12.5	--	16	20000	卖盘
13:18:28	12.5	--	5	6250	卖盘
13:18:23	12.5	-0.01	8	10000	卖盘
13:18:18	12.51	0.01	211	263961	买盘
13:18:13	12.5	--	210	262500	卖盘
13:18:08	12.5	-0.01	509	636250	卖盘
13:18:03	12.51	0.01	52	65052	买盘
13:17:58	12.5	-0.01	305	381250	卖盘
13:17:53	12.51	--	34	42534	买盘
13:17:48	12.51	--	10	12510	买盘
13:17:43	12.51	--	436	545436	卖盘
13:17:33	12.51	-0.01	53	66303	卖盘
13:17:28	12.52	--	15	18780	买盘
13:17:23	12.52	--	559	700068	卖盘
13:17:18	12.52	--	1	1252	卖盘
13:17:08	12.52	--	2	2504	卖盘
13:17:03	12.52	-0.01	11	13772	卖盘
13:16:58	12.53	0.01	8	10450	买盘
13:16:48	12.52	--	1	1252	卖盘
13:16:43	12.52	-0.01	45	56966	卖盘
13:16:33	12.53	--	32	40096	买盘
13:16:28	12.53	--	228	286310	卖盘
13:16:23	12.53	--	2	2506	卖盘
13:16:13	12.53	-0.01	64	80192	卖盘
13:16:08	12.54	0.01	3	3761	买盘
13:15:58	12.53	--	4	5012	卖盘
13:15:52	12.53	--	12	15036	卖盘
13:15:48	12.53	--	10	12530	卖盘
13:15:43	12.53	--	2	2506	卖盘
13:15:28	12.53	0.01	25	31951	买盘
13:15:22	12.52	-0.01	26	32552	卖盘
13:15:18	12.53	0.01	25	31325	买盘
13:15:13	12.52	-0.01	2	2504	卖盘
13:15:07	12.53	--	78	98360	卖盘
13:15:03	12.53	--	53	66409	卖盘
13:14:48	12.53	-0.01	4	5012	卖盘
13:14:43	12.54	0.01	68	85899	买盘
13:14:37	12.53	-0.01	18	22554	卖盘
13:14:33	12.54	--	4	5016	买盘
13:14:28	12.54	--	1	1254	卖盘
13:14:07	12.54	0.01	28	35112	买盘
13:13:57	12.53	--	20	25060	买盘
13:13:52	12.53	-0.01	449	562597	卖盘
13:13:47	12.54	--	52	65207	买盘
13:13:42	12.54	--	93	116621	买盘
13:13:37	12.54	0.01	15	18810	买盘
13:13:12	12.53	--	1	1253	卖盘
13:13:07	12.53	-0.01	35	43855	卖盘
13:13:02	12.54	--	2	2508	买盘
13:12:57	12.54	--	1	1254	买盘
13:12:52	12.54	-0.01	348	436391	卖盘
13:12:42	12.55	0.01	87	109185	买盘
13:12:37	12.54	-0.01	32	40128	卖盘
13:12:32	12.55	--	16	20080	买盘
13:12:27	12.55	--	5	6275	买盘
13:12:22	12.55	--	197	247235	卖盘
13:12:17	12.55	-0.01	1	1255	卖盘
13:12:12	12.56	--	3	3768	买盘
13:12:07	12.56	0.01	1	1256	买盘
13:11:57	12.55	-0.01	30	37650	卖盘
13:11:52	12.56	--	7	8792	买盘
13:11:47	12.56	0.01	9	11304	买盘
13:11:32	12.55	-0.01	35	43925	卖盘
13:11:27	12.56	--	15	18840	买盘
13:11:07	12.56	--	15	18840	买盘
13:11:02	12.56	--	8	10048	买盘
13:10:42	12.56	--	0	0	买盘
13:10:37	12.56	--	13	16328	买盘
13:10:27	12.56	--	0	0	买盘
13:10:22	12.56	--	603	757368	买盘
13:10:17	12.56	--	44	55264	买盘
13:10:07	12.56	--	21	26376	买盘
13:10:02	12.56	--	2	2512	买盘
13:09:57	12.56	-0.01	5	6908	卖盘
13:09:52	12.57	0.01	120	150840	买盘
13:09:47	12.56	--	1	1256	卖盘
13:09:37	12.56	0.01	73	92316	买盘
13:09:32	12.55	-0.01	239	300572	卖盘
13:09:27	12.56	-0.01	5	6280	卖盘
13:09:22	12.57	--	110	138270	买盘
13:09:07	12.57	0.01	8	10056	买盘
13:09:02	12.56	-0.01	70	87920	卖盘
13:08:52	12.57	--	50	62850	买盘
13:08:22	12.57	--	20	25140	买盘
13:08:16	12.57	-0.02	39	49023	卖盘
13:08:07	12.59	0.02	62	78058	买盘
13:07:57	12.57	--	22	27654	卖盘
13:07:52	12.57	--	2	2514	卖盘
13:07:46	12.57	0.01	52	65364	买盘
13:07:37	12.56	--	10	12560	卖盘
13:07:27	12.56	-0.01	3	3768	卖盘
13:07:22	12.57	0.01	4	5028	买盘
13:07:16	12.56	--	10	12560	卖盘
13:06:51	12.56	0.01	32	40820	买盘
13:06:46	12.55	-0.01	80	100400	卖盘
13:06:41	12.56	--	32	40192	买盘
13:06:36	12.56	--	111	139416	买盘
13:06:31	12.56	--	36	45216	买盘
13:06:21	12.56	--	12	15072	买盘
13:06:16	12.56	0.01	20	25120	买盘
13:06:11	12.55	-0.01	23	28865	卖盘
13:06:06	12.56	--	20	25120	买盘
13:06:01	12.56	--	20	25120	买盘
13:05:51	12.56	--	31	38936	买盘
13:05:46	12.56	--	60	75360	买盘
13:05:41	12.56	--	65	81640	卖盘
13:05:36	12.56	-0.01	1	1256	卖盘
13:05:31	12.57	--	40	50280	买盘
13:05:21	12.57	--	56	70392	买盘
13:05:06	12.57	--	6	7542	买盘
13:04:56	12.57	--	0	0	买盘
13:04:51	12.57	--	30	37710	买盘
13:04:46	12.57	0.01	79	99303	买盘
13:04:36	12.56	--	443	556408	卖盘
13:04:31	12.56	-0.01	105	131880	卖盘
13:04:21	12.57	0.01	20	25140	买盘
13:04:16	12.56	-0.01	90	113040	卖盘
13:03:56	12.57	--	575	722775	卖盘
13:03:41	12.57	-0.01	35	43995	卖盘
13:03:31	12.58	0.01	13	16354	买盘
13:03:26	12.57	-0.01	88	110616	卖盘
13:03:16	12.58	--	3	3774	买盘
13:03:01	12.58	--	10	12580	买盘
13:02:41	12.58	0.01	8	10064	买盘
13:02:31	12.57	--	1	1257	卖盘
13:02:26	12.57	--	3	3771	卖盘
13:02:11	12.57	--	41	51537	卖盘
13:02:06	12.57	--	6	7542	卖盘
13:02:01	12.57	-0.01	2	2514	卖盘
13:01:56	12.58	--	16	20128	卖盘
13:01:51	12.58	--	6	7548	卖盘
13:01:46	12.58	--	28	35224	卖盘
13:01:41	12.58	-0.01	12	15096	卖盘
13:01:25	12.59	--	0	0	卖盘
13:01:21	12.59	--	4	5036	卖盘
13:01:16	12.59	--	2	2518	卖盘
13:01:10	12.59	-0.02	33	41547	卖盘
13:00:51	12.61	--	3	4413	卖盘
13:00:31	12.61	--	9	11349	卖盘
13:00:15	12.61	--	10	12610	卖盘
13:00:10	12.61	0.03	384	484854	买盘
13:00:06	12.58	0.01	280	352240	中性盘
13:00:01	12.57	--	10	12570	卖盘
11:30:00	12.57	--	0	0	卖盘
11:29:59	12.57	--	0	0	卖盘
11:29:57	12.57	-0.02	98	123186	卖盘
11:29:47	12.59	0.01	9	11331	买盘
11:29:42	12.58	--	24	30192	卖盘
11:29:36	12.58	0.01	49	61642	中性盘
11:29:27	12.57	--	123	154611	卖盘
11:29:21	12.57	-0.01	186	233802	卖盘
11:29:16	12.58	--	0	0	买盘
11:29:12	12.58	--	42	52836	买盘
11:28:51	12.58	0.01	15	18870	卖盘
11:28:42	12.57	--	0	0	卖盘
11:28:36	12.57	--	0	0	卖盘
11:28:21	12.57	-0.01	23	28911	卖盘
11:28:16	12.58	0.01	3	3774	买盘
11:28:12	12.57	-0.01	51	64107	卖盘
11:28:06	12.58	--	137	172346	买盘
11:27:57	12.58	0.01	78	98124	买盘
11:27:51	12.57	--	14	17598	卖盘
11:27:42	12.57	--	3	3771	卖盘
11:27:36	12.57	-0.01	45	56565	卖盘
11:27:31	12.58	--	150	188700	买盘
11:27:27	12.58	0.01	106	133348	买盘
11:27:21	12.57	-0.01	64	80448	卖盘
11:27:01	12.58	--	4	5032	买盘
11:26:57	12.58	--	16	20128	买盘
11:26:46	12.58	0.01	4	5032	买盘
11:26:21	12.57	-0.01	89	111873	卖盘
11:26:11	12.58	--	5	6290	买盘
11:26:06	12.58	--	23	28934	买盘
11:26:01	12.58	--	4	5032	买盘
11:25:56	12.58	--	56	70448	卖盘
11:25:51	12.58	-0.01	2	2516	卖盘
11:25:36	12.59	0.01	10	12590	买盘
11:25:31	12.58	-0.01	14	17612	卖盘
11:25:21	12.59	--	83	104497	卖盘
11:25:16	12.59	-0.01	2	2518	卖盘
11:25:06	12.6	--	92	115920	卖盘
11:25:01	12.6	--	24	30240	卖盘
11:24:56	12.6	--	22	27720	卖盘
11:24:51	12.6	-0.01	4	5040	卖盘
11:24:46	12.61	0.01	7	8827	买盘
11:24:41	12.6	-0.01	2	2520	卖盘
11:24:36	12.61	0.01	20	25220	买盘
11:24:26	12.6	-0.01	11	13860	卖盘
11:24:21	12.61	--	1	1261	买盘
11:24:16	12.61	0.01	10	12610	买盘
11:24:06	12.6	--	11	13860	卖盘
11:23:56	12.6	--	15	18900	卖盘
11:23:51	12.6	--	2	2520	卖盘
11:23:46	12.6	-0.01	2	2520	卖盘
11:23:30	12.61	0.01	4	5044	买盘
11:23:15	12.6	--	3	3780	卖盘
11:23:10	12.6	-0.01	10	12600	卖盘
11:23:06	12.61	--	30	37830	买盘
11:23:00	12.61	--	64	80704	买盘
11:22:51	12.61	0.01	5	6305	买盘
11:22:36	12.6	--	5	6300	卖盘
11:22:30	12.6	0.01	5	6300	买盘
11:22:25	12.59	--	28	35252	卖盘
11:22:21	12.59	--	2	2518	卖盘
11:22:15	12.59	--	329	414211	买盘
11:22:06	12.59	--	9	11331	买盘
11:22:00	12.59	--	50	62950	买盘
11:21:45	12.59	0.01	59	74281	买盘
11:21:40	12.58	-0.01	15	18870	卖盘
11:21:36	12.59	--	100	125900	买盘
11:21:25	12.59	--	90	113310	买盘
11:21:15	12.59	--	26	32734	买盘
11:21:06	12.59	--	43	54137	买盘
11:21:00	12.59	--	3	3777	买盘
11:20:30	12.59	0.01	2	2518	买盘
11:20:10	12.58	0.01	30	37740	卖盘
11:20:06	12.57	-0.01	108	135756	卖盘
11:20:00	12.58	--	84	105672	卖盘
11:19:50	12.58	0.01	14	17612	买盘
11:19:40	12.57	--	0	0	卖盘
11:19:20	12.57	--	7	8799	卖盘
11:19:15	12.57	--	10	12570	买盘
11:19:10	12.57	0.01	12	15084	买盘
11:18:50	12.56	-0.01	4	5024	卖盘
11:18:45	12.57	--	13	16341	卖盘
11:18:35	12.57	--	15	18855	卖盘
11:18:30	12.57	0.01	10	12570	卖盘
11:18:25	12.56	--	0	0	卖盘
11:18:20	12.56	-0.01	97	121832	卖盘
11:18:10	12.57	-0.01	118	148326	卖盘
11:18:05	12.58	--	10	12580	买盘
11:17:55	12.58	--	6	7548	买盘
11:17:50	12.58	--	13	16354	买盘
11:17:45	12.58	-0.01	203	255374	卖盘
11:17:40	12.59	--	10	12590	买盘
11:17:30	12.59	--	20	25180	买盘
11:17:24	12.59	-0.01	99	124641	卖盘
11:17:09	12.6	--	61	76860	卖盘
11:16:45	12.6	0.01	2	2520	买盘
11:16:39	12.59	-0.01	436	548924	卖盘
11:15:54	12.6	-0.01	10	12600	卖盘
11:15:39	12.61	--	74	93314	买盘
11:15:34	12.61	--	2	2522	买盘
11:15:24	12.61	--	20	25220	买盘
11:15:00	12.61	--	45	56745	买盘
11:14:54	12.61	-0.01	231	291921	卖盘
11:14:45	12.62	--	24	30287	买盘
11:14:34	12.62	0.01	13	16406	买盘
11:14:30	12.61	--	2	2522	卖盘
11:14:15	12.61	-0.01	5	6305	卖盘
11:14:00	12.62	--	4	5048	买盘
11:13:49	12.62	--	151	190562	卖盘
11:13:34	12.62	--	30	37860	卖盘
11:13:30	12.62	--	40	50480	卖盘
11:13:24	12.62	--	20	25240	卖盘
11:13:09	12.62	--	60	75720	卖盘
11:12:49	12.62	--	11	13882	卖盘
11:12:29	12.62	--	50	63099	买盘
11:12:09	12.62	-0.01	152	191824	卖盘
11:12:04	12.63	0.01	40	50520	买盘
11:11:54	12.62	--	43	54266	卖盘
11:11:49	12.62	--	2	2524	卖盘
11:11:24	12.62	--	4	5048	卖盘
11:11:14	12.62	--	10	12620	卖盘
11:11:04	12.62	--	6	7571	卖盘
11:10:54	12.62	0.01	91	114842	买盘
11:10:34	12.61	--	2	2522	卖盘
11:10:24	12.61	--	2	2522	卖盘
11:10:19	12.61	-0.01	6	7566	卖盘
11:10:14	12.62	0.01	4	5048	中性盘
11:10:09	12.61	--	6	7566	卖盘
11:10:03	12.61	--	10	12610	卖盘
11:09:54	12.61	-0.01	34	42874	卖盘
11:09:48	12.62	--	38	47956	卖盘
11:09:39	12.62	-0.01	26	32812	卖盘
11:09:28	12.63	0.01	6	7578	买盘
11:09:03	12.62	0.02	129	163429	买盘
11:08:13	12.6	--	0	0	卖盘
11:08:09	12.6	--	7	8820	卖盘
11:07:58	12.6	--	37	46620	卖盘
11:07:28	12.6	-0.02	5	6300	卖盘
11:06:54	12.62	--	33	42277	卖盘
11:06:48	12.62	-0.01	40	50480	卖盘
11:06:33	12.63	--	10	12630	买盘
11:06:28	12.63	--	62	78306	买盘
11:06:13	12.63	--	1	1263	买盘
11:05:58	12.63	--	10	12630	买盘
11:05:33	12.63	--	2	2526	买盘
11:05:28	12.63	0.01	8	10104	买盘
11:05:18	12.62	-0.01	4	5048	卖盘
11:05:13	12.63	0.01	13	16419	买盘
11:05:03	12.62	--	2	2524	卖盘
11:04:53	12.62	--	21	26502	卖盘
11:04:48	12.62	--	7	8834	卖盘
11:04:43	12.62	0.02	84	106639	买盘
11:04:33	12.6	-0.01	12	15120	卖盘
11:04:08	12.61	0.01	13	16393	买盘
11:04:03	12.6	-0.01	4	5040	卖盘
11:03:57	12.61	--	2	2522	买盘
11:03:48	12.61	--	6	7566	买盘
11:03:27	12.61	--	2	2522	买盘
11:03:12	12.61	0.01	14	17654	买盘
11:03:03	12.6	--	11	13860	卖盘
11:02:48	12.6	--	10	12600	卖盘
11:02:22	12.6	--	0	0	中性盘
11:02:18	12.6	--	0	0	买盘
11:02:12	12.6	0.01	313	394380	买盘
11:01:48	12.59	--	24	30216	卖盘
11:01:33	12.59	--	9	11331	卖盘
11:01:27	12.59	-0.01	2	2518	卖盘
11:01:12	12.6	0.01	1	1260	买盘
11:01:07	12.59	0.01	5	6295	卖盘
11:01:03	12.58	-0.01	40	50320	卖盘
11:00:57	12.59	0.01	4	5036	买盘
11:00:52	12.58	-0.01	8	10064	卖盘
11:00:48	12.59	0.01	6	7554	买盘
11:00:42	12.58	-0.01	2	2516	卖盘
11:00:33	12.59	-0.01	26	32734	卖盘
11:00:27	12.6	0.01	52	65520	买盘
11:00:22	12.59	--	42	52878	卖盘
11:00:18	12.59	--	10	12590	卖盘
11:00:12	12.59	--	4	5036	卖盘
11:00:07	12.59	--	192	241728	卖盘
11:00:03	12.59	--	57	71763	卖盘
10:59:57	12.59	--	8	10072	卖盘
10:59:48	12.59	--	15	18885	卖盘
10:59:33	12.59	-0.01	1	1259	卖盘
10:59:27	12.6	--	22	27720	卖盘
10:59:22	12.6	--	68	85680	卖盘
10:59:12	12.6	0.01	40	50400	卖盘
10:59:07	12.59	--	5	6295	卖盘
10:59:02	12.59	--	15	18885	卖盘
10:58:57	12.59	--	17	21403	卖盘
10:58:52	12.59	--	0	0	卖盘
10:58:47	12.59	-0.01	650	818350	卖盘
10:58:37	12.6	--	55	69300	卖盘
10:58:32	12.6	--	101	127260	卖盘
10:58:22	12.6	--	6	7560	卖盘
10:58:17	12.6	--	0	0	卖盘
10:58:12	12.6	-0.01	50	63000	卖盘
10:58:07	12.61	0.01	18	22698	买盘
10:58:02	12.6	--	6	7560	卖盘
10:57:57	12.6	-0.01	18	22680	卖盘
10:57:52	12.61	0.01	12	15132	买盘
10:57:42	12.6	--	11	13860	卖盘
10:57:37	12.6	-0.01	34	42840	卖盘
10:57:32	12.61	0.01	8	10088	买盘
10:57:27	12.6	-0.01	6	7560	卖盘
10:57:22	12.61	--	6	7566	卖盘
10:57:06	12.61	0.01	1	1261	卖盘
10:56:51	12.6	-0.01	100	126000	卖盘
10:56:21	12.61	--	7	8827	买盘
10:56:12	12.61	--	10	12610	买盘
10:56:06	12.61	-0.01	6	7566	买盘
10:56:01	12.62	--	0	0	买盘
10:55:57	12.62	0.02	50	63099	买盘
10:55:51	12.6	-0.02	29	36540	卖盘
10:55:46	12.62	0.01	41	51742	买盘
10:55:36	12.61	--	0	0	中性盘
10:55:31	12.61	--	1	1261	卖盘
10:55:21	12.61	0.01	9	11349	买盘
10:55:12	12.6	-0.01	51	64260	卖盘
10:55:01	12.61	--	7	8827	卖盘
10:54:51	12.61	0.01	8	10088	中性盘
10:54:21	12.6	--	18	22680	卖盘
10:54:12	12.6	--	32	40320	卖盘
10:54:01	12.6	--	5	6300	卖盘
10:53:51	12.6	--	30	37800	卖盘
10:53:42	12.6	--	225	283500	卖盘
10:53:36	12.6	--	3	3780	卖盘
10:53:31	12.6	-0.01	17	21420	卖盘
10:53:26	12.61	-0.01	10	12610	卖盘
10:53:21	12.62	--	0	0	买盘
10:53:06	12.62	0.01	7	8834	买盘
10:52:57	12.61	--	29	37199	卖盘
10:52:51	12.61	--	8	10088	卖盘
10:52:46	12.61	--	85	107185	卖盘
10:52:41	12.61	-0.01	25	31525	卖盘
10:52:36	12.62	0.01	50	63099	买盘
10:52:31	12.61	--	40	50440	卖盘
10:52:21	12.61	--	26	32786	卖盘
10:52:06	12.61	-0.01	33	41613	卖盘
10:51:56	12.62	0.01	20	25240	买盘
10:51:51	12.61	--	100	126100	卖盘
10:51:46	12.61	-0.01	18	22698	卖盘
10:51:36	12.62	--	13	16406	买盘
10:51:31	12.62	--	86	108532	买盘
10:51:06	12.62	0.01	25	31549	买盘
10:50:36	12.61	--	2	2522	卖盘
10:50:30	12.61	-0.01	21	26481	卖盘
10:50:16	12.62	0.01	14	17668	买盘
10:50:11	12.61	--	57	72507	卖盘
10:50:00	12.61	-0.01	9	11349	卖盘
10:49:51	12.62	--	59	74458	买盘
10:49:45	12.62	--	23	29026	买盘
10:49:36	12.62	--	5	6310	买盘
10:49:30	12.62	--	4	5048	买盘
10:49:21	12.62	0.01	4	5048	买盘
10:48:51	12.61	--	1	1261	卖盘
10:48:36	12.61	--	10	12610	卖盘
10:48:30	12.61	0.01	53	66833	买盘
10:48:21	12.6	-0.01	1	1260	卖盘
10:48:06	12.61	--	10	12610	买盘
10:47:55	12.61	--	23	29003	买盘
10:47:45	12.61	--	5	6305	买盘
10:47:30	12.61	0.01	24	30264	买盘
10:47:25	12.6	--	38	47880	卖盘
10:47:15	12.6	-0.01	11	13860	卖盘
10:46:45	12.61	--	35	44135	买盘
10:46:10	12.61	--	15	18915	买盘
10:46:05	12.61	--	75	94575	卖盘
10:46:00	12.61	-0.01	30	37830	卖盘
10:45:40	12.62	--	16	20192	买盘
10:45:15	12.62	--	5	6310	买盘
10:45:00	12.62	0.01	10	12620	买盘
10:44:55	12.61	-0.01	14	17654	卖盘
10:44:50	12.62	--	10	12620	买盘
10:44:45	12.62	--	49	61837	卖盘
10:44:40	12.62	--	10	12620	买盘
10:44:25	12.62	--	20	25240	卖盘
10:44:15	12.62	0.01	5	6310	卖盘
10:43:50	12.61	--	0	0	卖盘
10:43:45	12.61	-0.01	33	41613	卖盘
10:43:40	12.62	--	60	75720	卖盘
10:43:24	12.62	--	13	16406	买盘
10:43:09	12.62	0.01	37	46694	买盘
10:43:00	12.61	--	50	63050	卖盘
10:42:54	12.61	--	13	16393	卖盘
10:42:45	12.61	-0.01	10	12610	卖盘
10:42:30	12.62	--	3	3785	买盘
10:42:24	12.62	--	37	46694	买盘
10:42:04	12.62	--	59	74458	买盘
10:41:45	12.62	0.01	10	12620	买盘
10:41:15	12.61	--	91	114751	买盘
10:41:00	12.61	--	182	229502	买盘
10:40:54	12.61	--	24	30264	买盘
10:40:24	12.61	0.01	32	40352	买盘
10:40:15	12.6	-0.01	6	7560	卖盘
10:40:00	12.61	0.01	10	12610	买盘
10:39:54	12.6	-0.01	25	31500	卖盘
10:39:49	12.61	--	2	2522	买盘
10:39:39	12.61	0.01	1	1261	买盘
10:39:29	12.6	--	5	6300	卖盘
10:38:59	12.6	--	230	290379	买盘
10:38:54	12.6	0.01	20	25200	买盘
10:38:49	12.59	-0.01	5	6295	卖盘
10:38:39	12.6	0.01	18	22680	买盘
10:38:14	12.59	-0.01	36	45324	卖盘
10:38:04	12.6	--	245	309380	卖盘
10:37:54	12.6	--	1	1260	卖盘
10:37:49	12.6	--	20	25200	卖盘
10:37:34	12.6	--	1	1260	卖盘
10:37:29	12.6	--	10	12600	卖盘
10:37:24	12.6	-0.01	100	126000	卖盘
10:37:14	12.61	--	37	46657	卖盘
10:37:09	12.61	--	44	55484	买盘
10:37:04	12.61	0.01	44	55484	买盘
10:36:54	12.6	-0.01	370	466200	卖盘
10:36:48	12.61	--	25	31525	买盘
10:36:43	12.61	0.01	337	425108	买盘
10:36:33	12.6	-0.01	13	16380	卖盘
10:36:29	12.61	--	2	2522	买盘
10:36:18	12.61	--	14	17654	卖盘
10:36:09	12.61	--	13	16393	卖盘
10:36:03	12.61	--	10	12610	卖盘
10:35:48	12.61	--	1	1261	卖盘
10:35:43	12.61	--	84	105924	卖盘
10:35:24	12.61	0.01	7	8827	买盘
10:35:09	12.6	-0.01	1	1260	卖盘
10:35:03	12.61	0.01	5	6305	买盘
10:34:58	12.6	-0.02	900	1134000	卖盘
10:34:54	12.62	--	1	1262	买盘
10:34:39	12.62	--	15	18930	买盘
10:34:33	12.62	0.01	2	2524	买盘
10:34:18	12.61	--	1	1261	卖盘
10:34:13	12.61	-0.01	250	315250	卖盘
10:33:58	12.62	--	50	63099	卖盘
10:33:54	12.62	--	5	6310	卖盘
10:33:43	12.62	--	101	127461	卖盘
10:33:38	12.62	--	10	12620	卖盘
10:33:33	12.62	--	10	12620	卖盘
10:33:28	12.62	-0.01	10	12620	卖盘
10:33:23	12.63	0.01	32	40416	买盘
10:33:13	12.62	--	2	2524	卖盘
10:33:08	12.62	-0.01	2	2524	卖盘
10:33:03	12.63	--	25	31575	买盘
10:32:53	12.63	-0.01	9	11367	卖盘
10:32:43	12.64	0.01	20	25280	买盘
10:32:38	12.63	-0.01	20	25260	卖盘
10:32:13	12.64	0.01	1	1264	买盘
10:32:03	12.63	-0.01	1	1263	卖盘
10:31:58	12.64	0.01	3	3792	买盘
10:31:43	12.63	--	5	6315	卖盘
10:31:28	12.63	-0.01	1	1263	卖盘
10:31:13	12.64	0.01	24	30336	买盘
10:31:03	12.63	--	15	18945	卖盘
10:30:48	12.63	--	1	1263	卖盘
10:30:42	12.63	-0.01	5	6315	卖盘
10:30:27	12.64	0.02	50	63200	买盘
10:30:23	12.62	--	0	0	卖盘
10:30:18	12.62	-0.01	56	70672	卖盘
10:30:12	12.63	--	11	13893	买盘
10:29:57	12.63	0.01	5	6315	买盘
10:29:48	12.62	--	15	18930	卖盘
10:29:22	12.62	--	5	6310	卖盘
10:29:18	12.62	-0.01	1	1262	卖盘
10:29:07	12.63	--	80	101040	买盘
10:29:03	12.63	--	3	3789	买盘
10:28:57	12.63	--	216	272808	卖盘
10:28:42	12.63	--	1	1263	卖盘
10:28:33	12.63	-0.01	145	183135	卖盘
10:28:18	12.64	--	3	3792	卖盘
10:28:12	12.64	-0.01	10	12640	卖盘
10:28:03	12.65	0.01	4	5060	买盘
10:27:48	12.64	--	3	3792	卖盘
10:27:33	12.64	--	1	1264	卖盘
10:27:27	12.64	--	1	1264	卖盘
10:27:22	12.64	--	5	6320	卖盘
10:27:18	12.64	--	32	40448	卖盘
10:27:12	12.64	--	15	18960	卖盘
10:27:07	12.64	--	47	59408	卖盘
10:27:02	12.64	-0.01	54	68256	卖盘
10:26:27	12.65	--	536	679153	卖盘
10:26:22	12.65	--	10	12650	卖盘
10:26:17	12.65	-0.01	107	135355	卖盘
10:26:12	12.66	--	3	3798	买盘
10:26:02	12.66	--	305	386130	买盘
10:25:57	12.66	0.01	176	222816	买盘
10:25:52	12.65	--	3	3795	卖盘
10:25:47	12.65	--	2	2530	卖盘
10:25:42	12.65	-0.01	2	2530	卖盘
10:25:27	12.66	--	59	74694	卖盘
10:25:17	12.66	--	1	1266	卖盘
10:25:12	12.66	--	483	611478	买盘
10:24:57	12.66	0.01	20	25320	买盘
10:24:52	12.65	--	133	168245	卖盘
10:24:47	12.65	-0.01	9	11385	卖盘
10:24:37	12.66	--	10	12660	买盘
10:24:32	12.66	--	5	6330	买盘
10:24:27	12.66	--	30	37980	买盘
10:24:12	12.66	0.01	51	64566	买盘
10:24:06	12.65	-0.01	1	1265	卖盘
10:23:47	12.66	--	10	12660	买盘
10:23:36	12.66	--	210	265860	买盘
10:23:27	12.66	--	15	18990	买盘
10:23:21	12.66	--	10	12660	买盘
10:23:17	12.66	--	5	6330	买盘
10:23:12	12.66	--	4	5064	买盘
10:23:06	12.66	--	4	5064	买盘
10:22:51	12.66	0.01	50	63300	买盘
10:22:42	12.65	--	213	269596	买盘
10:22:36	12.65	0.01	30	37950	买盘
10:22:27	12.64	--	45	56880	卖盘
10:22:16	12.64	-0.01	3	3792	卖盘
10:22:12	12.65	--	13	16445	买盘
10:21:36	12.65	0.01	157	198605	买盘
10:21:31	12.64	-0.01	21	26544	卖盘
10:21:26	12.65	0.01	2	2530	买盘
10:21:21	12.64	-0.01	5	6320	卖盘
10:21:16	12.65	--	30	37950	买盘
10:21:01	12.65	0.01	20	25300	买盘
10:20:36	12.64	-0.01	10	12640	卖盘
10:20:21	12.65	0.01	37	46805	买盘
10:20:01	12.64	--	20	25280	卖盘
10:19:56	12.64	-0.01	8	10112	卖盘
10:19:51	12.65	0.01	4	5060	买盘
10:19:46	12.64	--	12	15168	卖盘
10:19:36	12.64	--	3	3792	卖盘
10:19:21	12.64	0.01	2	2528	买盘
10:19:16	12.63	-0.01	20	25260	卖盘
10:19:06	12.64	--	8	10112	买盘
10:18:56	12.64	0.01	40	50560	买盘
10:18:36	12.63	--	5	6315	卖盘
10:18:31	12.63	-0.01	13	16419	卖盘
10:18:21	12.64	--	3	3792	买盘
10:18:06	12.64	--	5	6320	买盘
10:17:51	12.64	--	49	61936	卖盘
10:17:46	12.64	-0.01	20	25280	卖盘
10:17:36	12.65	0.01	200	253000	买盘
10:17:30	12.64	--	50	63200	卖盘
10:17:11	12.64	--	3	3792	卖盘
10:17:06	12.64	--	23	29072	卖盘
10:17:00	12.64	--	4	5056	卖盘
10:16:51	12.64	--	17	21488	卖盘
10:16:45	12.64	-0.01	31	39184	卖盘
10:16:36	12.65	0.01	20	25300	买盘
10:16:30	12.64	-0.01	2	2528	卖盘
10:16:21	12.65	0.01	1	1265	买盘
10:16:06	12.64	--	124	156736	买盘
10:16:00	12.64	--	67	84688	卖盘
10:15:55	12.64	--	1	1264	卖盘
10:15:45	12.64	-0.01	67	84688	卖盘
10:15:36	12.65	0.01	310	392150	买盘
10:15:30	12.64	-0.01	98	123872	卖盘
10:15:06	12.65	0.01	25	31625	买盘
10:15:00	12.64	-0.01	126	159264	卖盘
10:14:40	12.65	0.01	100	126500	买盘
10:14:30	12.64	--	6	7584	卖盘
10:14:25	12.64	--	74	93536	买盘
10:14:21	12.64	--	11	13904	买盘
10:14:15	12.64	--	10	12640	买盘
10:13:55	12.64	--	1	1264	买盘
10:13:50	12.64	0.01	43	54352	买盘
10:13:45	12.63	--	12	15156	卖盘
10:13:40	12.63	-0.01	10	12630	卖盘
10:13:35	12.64	0.01	3	3792	买盘
10:13:25	12.63	-0.01	29	36627	卖盘
10:13:15	12.64	0.01	40	50560	买盘
10:13:10	12.63	--	1	1263	卖盘
10:13:00	12.63	--	27	34101	卖盘
10:12:55	12.63	-0.01	9	11367	卖盘
10:12:50	12.64	--	10	12640	买盘
10:12:45	12.64	0.01	52	65728	买盘
10:12:40	12.63	--	1	1263	卖盘
10:12:15	12.63	--	32	40416	买盘
10:12:10	12.63	--	64	80832	买盘
10:12:00	12.63	--	19	23997	买盘
10:11:55	12.63	--	162	204606	买盘
10:11:45	12.63	0.01	16	20208	买盘
10:11:40	12.62	-0.01	9	11358	卖盘
10:11:35	12.63	--	20	25260	买盘
10:11:25	12.63	--	21	26523	买盘
10:11:20	12.63	-0.01	21	26523	卖盘
10:11:15	12.64	0.01	60	75840	买盘
10:11:00	12.63	0.01	34	42942	买盘
10:10:40	12.62	-0.01	30	37860	卖盘
10:10:30	12.63	0.01	2	2526	买盘
10:10:24	12.62	0.01	13	16406	买盘
10:10:15	12.61	--	5	6305	卖盘
10:10:09	12.61	--	115	145015	卖盘
10:10:05	12.61	--	50	63050	卖盘
10:10:00	12.61	--	110	138710	卖盘
10:09:54	12.61	--	44	55484	买盘
10:09:49	12.61	--	15	18915	买盘
10:09:39	12.61	--	2	2522	买盘
10:09:34	12.61	0.01	5	6305	中性盘
10:09:19	12.6	--	1	1260	卖盘
10:09:15	12.6	-0.01	100	126000	卖盘
10:09:09	12.61	--	76	95836	卖盘
10:09:00	12.61	--	30	37830	卖盘
10:08:54	12.61	-0.01	10	12610	卖盘
10:08:49	12.62	--	4	5048	买盘
10:08:45	12.62	0.01	10	12620	买盘
10:08:39	12.61	-0.01	34	42874	卖盘
10:08:34	12.62	--	10	12620	买盘
10:08:30	12.62	--	403	508585	卖盘
10:08:24	12.62	--	65	82459	买盘
10:08:15	12.62	--	5	6310	买盘
10:08:09	12.62	--	10	12620	买盘
10:07:59	12.62	--	128	162368	卖盘
10:07:44	12.62	--	10	12620	卖盘
10:07:39	12.62	--	20	25240	卖盘
10:07:29	12.62	-0.02	20	25240	卖盘
10:07:24	12.64	0.02	100	126400	买盘
10:07:19	12.62	--	32	40384	卖盘
10:07:04	12.62	-0.01	1	1262	卖盘
10:06:59	12.63	--	7	8841	卖盘
10:06:54	12.63	--	10	12630	卖盘
10:06:49	12.63	0.01	3	3789	买盘
10:06:39	12.62	--	0	0	卖盘
10:06:34	12.62	-0.01	65	82030	卖盘
10:06:24	12.63	--	105	132615	买盘
10:06:19	12.63	0.01	20	25260	买盘
10:06:14	12.62	--	39	49218	卖盘
10:06:04	12.62	--	1	1262	卖盘
10:05:49	12.62	0.01	88	111485	买盘
10:05:39	12.61	-0.01	3	3783	卖盘
10:05:34	12.62	--	284	358408	买盘
10:05:24	12.62	--	5	6310	买盘
10:05:19	12.62	--	23	29026	买盘
10:05:14	12.62	--	446	563684	卖盘
10:05:09	12.62	-0.01	10	13049	卖盘
10:05:04	12.63	0.01	105	132615	买盘
10:04:54	12.62	-0.01	19	23978	卖盘
10:04:49	12.63	--	53	66939	买盘
10:04:44	12.63	--	15	18945	买盘
10:04:39	12.63	-0.01	40	50520	卖盘
10:04:34	12.64	0.01	10	12640	买盘
10:04:24	12.63	-0.01	39	49257	卖盘
10:04:19	12.64	--	9	11376	买盘
10:04:09	12.64	0.01	22	27808	买盘
10:04:03	12.63	--	4	5052	卖盘
10:03:54	12.63	-0.01	8	10104	卖盘
10:03:48	12.64	--	10	12640	买盘
10:03:39	12.64	0.01	1	1264	买盘
10:03:18	12.63	0.01	69	87147	买盘
10:03:09	12.62	-0.01	33	41646	卖盘
10:03:03	12.63	--	55	69465	买盘
10:02:58	12.63	--	10	12630	买盘
10:02:54	12.63	--	8	10104	卖盘
10:02:48	12.63	--	19	23997	卖盘
10:02:43	12.63	--	4	5052	卖盘
10:02:39	12.63	--	27	34101	卖盘
10:02:33	12.63	0.01	290	366270	买盘
10:02:28	12.62	--	3	3785	卖盘
10:02:24	12.62	-0.01	212	267544	卖盘
10:02:18	12.63	0.01	16	20208	买盘
10:02:13	12.62	--	10	12620	卖盘
10:02:09	12.62	--	72	90864	买盘
10:02:03	12.62	-0.01	35	44170	卖盘
10:01:54	12.63	--	3	3789	买盘
10:01:48	12.63	0.01	11	13893	买盘
10:01:43	12.62	--	80	100960	买盘
10:01:39	12.62	--	63	79506	卖盘
10:01:33	12.62	-0.01	3	3785	卖盘
10:01:28	12.63	--	54	68202	买盘
10:01:23	12.63	0.01	10	12630	买盘
10:01:18	12.62	-0.01	4	5048	卖盘
10:01:13	12.63	0.01	30	37890	买盘
10:01:08	12.62	--	6	7571	买盘
10:01:03	12.62	-0.01	34	42908	卖盘
10:00:58	12.63	--	14	17682	买盘
10:00:48	12.63	--	131	165453	买盘
10:00:43	12.63	--	103	130089	卖盘
10:00:38	12.63	-0.01	27	34101	卖盘
10:00:28	12.64	--	21	26544	买盘
10:00:23	12.64	--	48	60672	卖盘
10:00:18	12.64	--	105	132720	卖盘
10:00:13	12.64	-0.01	6	7584	卖盘
10:00:03	12.65	--	181	228965	卖盘
09:59:58	12.65	--	118	149270	卖盘
09:59:53	12.65	--	38	48070	卖盘
09:59:48	12.65	--	68	86020	卖盘
09:59:43	12.65	-0.01	274	346610	卖盘
09:59:38	12.66	0.01	10	12660	买盘
09:59:33	12.65	-0.02	211	266915	卖盘
09:59:28	12.67	--	15	19005	买盘
09:59:23	12.67	0.01	50	63350	买盘
09:59:18	12.66	-0.01	107	135462	卖盘
09:59:13	12.67	--	13	16471	卖盘
09:59:08	12.67	-0.01	35	44345	卖盘
09:59:03	12.68	--	19	24092	卖盘
09:58:58	12.68	-0.01	154	195272	卖盘
09:58:53	12.69	--	135	171315	卖盘
09:58:48	12.69	--	12	15228	卖盘
09:58:43	12.69	--	4	5076	卖盘
09:58:38	12.69	--	8	10152	卖盘
09:58:33	12.69	--	10	12690	卖盘
09:58:28	12.69	-0.01	22	27918	卖盘
09:58:23	12.7	--	37	46990	卖盘
09:58:18	12.7	--	143	181610	买盘
09:58:13	12.7	--	2	2540	买盘
09:58:08	12.7	--	8	10160	买盘
09:58:03	12.7	--	69	87630	卖盘
09:57:58	12.7	--	26	33020	卖盘
09:57:53	12.7	--	32	40640	卖盘
09:57:48	12.7	-0.01	6	7620	卖盘
09:57:42	12.71	0.01	8	10168	买盘
09:57:37	12.7	-0.01	12	15240	卖盘
09:57:33	12.71	0.01	11	13981	买盘
09:57:27	12.7	-0.01	1	1270	买盘
09:57:18	12.71	0.02	110	139810	买盘
09:57:12	12.69	-0.01	3	3807	卖盘
09:57:07	12.7	--	148	189077	卖盘
09:56:57	12.7	0.02	433	550062	买盘
09:56:52	12.68	-0.02	417	529034	卖盘
09:56:48	12.7	0.01	462	586740	买盘
09:56:42	12.69	-0.01	16	20304	卖盘
09:56:27	12.7	0.01	15	19050	买盘
09:56:18	12.69	--	6	7614	买盘
09:56:12	12.69	0.01	16	20304	买盘
09:56:03	12.68	-0.01	6	7608	卖盘
09:55:57	12.69	0.02	160	204029	买盘
09:55:37	12.67	-0.01	5	6968	卖盘
09:55:32	12.68	0.01	26	32968	买盘
09:55:27	12.67	--	11	13937	买盘
09:55:22	12.67	--	10	12670	买盘
09:55:17	12.67	-0.01	7	9147	卖盘
09:55:07	12.68	0.01	16	20288	买盘
09:55:02	12.67	--	24	30408	卖盘
09:54:57	12.67	0.01	106	135290	买盘
09:54:52	12.66	-0.01	31	39246	卖盘
09:54:42	12.67	0.01	38	48146	买盘
09:54:37	12.66	--	57	72162	卖盘
09:54:32	12.66	--	5	6330	卖盘
09:54:27	12.66	--	4	5064	卖盘
09:54:12	12.66	--	45	56970	卖盘
09:54:07	12.66	--	1	1266	卖盘
09:54:02	12.66	--	5	6330	卖盘
09:53:57	12.66	--	125	158250	卖盘
09:53:52	12.66	--	75	94950	卖盘
09:53:42	12.66	--	147	186102	买盘
09:53:37	12.66	0.01	26	32916	买盘
09:53:32	12.65	-0.01	100	126500	卖盘
09:53:27	12.66	--	29	36714	买盘
09:53:22	12.66	--	151	191166	买盘
09:53:12	12.66	0.01	187	236742	买盘
09:53:02	12.65	-0.01	15	18975	卖盘
09:52:52	12.66	--	13	16458	买盘
09:52:42	12.66	--	100	126600	买盘
09:52:37	12.66	--	107	135462	卖盘
09:52:32	12.66	--	17	21522	卖盘
09:52:22	12.66	--	20	25320	卖盘
09:52:12	12.66	--	129	163314	买盘
09:52:07	12.66	0.01	73	92418	买盘
09:52:02	12.65	-0.01	21	26565	卖盘
09:51:57	12.66	0.01	9	11394	买盘
09:51:52	12.65	-0.01	139	175835	卖盘
09:51:42	12.66	--	160	202560	买盘
09:51:36	12.66	0.01	10	12660	买盘
09:51:27	12.65	--	17	21505	卖盘
09:51:21	12.65	--	43	54395	卖盘
09:51:16	12.65	--	20	25300	卖盘
09:51:12	12.65	--	7	8855	卖盘
09:51:06	12.65	-0.01	1	1265	卖盘
09:50:57	12.66	-0.01	580	734280	卖盘
09:50:51	12.67	--	10	12670	买盘
09:50:42	12.67	--	2	2534	买盘
09:50:36	12.67	-0.01	584	740206	卖盘
09:50:27	12.68	--	2	2536	卖盘
09:50:21	12.68	--	54	69461	买盘
09:50:16	12.68	--	10	12680	买盘
09:50:12	12.68	0.01	10	12680	买盘
09:50:06	12.67	-0.01	11	13937	卖盘
09:50:01	12.68	--	58	73822	卖盘
09:49:51	12.68	--	44	56781	卖盘
09:49:46	12.68	--	5	6340	卖盘
09:49:41	12.68	-0.01	85	107780	卖盘
09:49:36	12.69	--	5	6345	买盘
09:49:26	12.69	--	11	13959	卖盘
09:49:21	12.69	--	5	6345	卖盘
09:49:16	12.69	--	2	2538	卖盘
09:49:11	12.69	--	1	1269	卖盘
09:49:06	12.69	--	12	15228	卖盘
09:49:01	12.69	-0.01	1	1269	卖盘
09:48:46	12.7	--	10	12700	买盘
09:48:36	12.7	--	176	223520	卖盘
09:48:31	12.7	--	30	38100	卖盘
09:48:26	12.7	-0.01	4	5080	卖盘
09:48:21	12.71	0.01	12	15252	买盘
09:48:16	12.7	--	20	25400	卖盘
09:47:51	12.7	--	10	12700	卖盘
09:47:46	12.7	-0.01	25	31750	卖盘
09:47:41	12.71	0.01	45	57195	买盘
09:47:36	12.7	--	2	2540	卖盘
09:47:31	12.7	--	24	30480	卖盘
09:47:26	12.7	--	6	7620	卖盘
09:47:21	12.7	-0.01	9	11430	卖盘
09:47:16	12.71	--	89	113119	买盘
09:47:11	12.71	--	16	20336	买盘
09:47:06	12.71	--	79	100409	买盘
09:47:01	12.71	0.01	3	3813	买盘
09:46:56	12.7	--	1	1270	卖盘
09:46:51	12.7	-0.01	70	88900	卖盘
09:46:46	12.71	0.01	2	2542	买盘
09:46:41	12.7	--	2	2540	卖盘
09:46:36	12.7	-0.02	50	63500	卖盘
09:46:31	12.72	0.01	16	20352	买盘
09:46:26	12.71	--	104	132184	卖盘
09:46:21	12.71	-0.01	10	12710	卖盘
09:46:16	12.72	--	11	13992	买盘
09:46:11	12.72	--	50	63600	买盘
09:46:06	12.72	0.01	11	13992	中性盘
09:46:01	12.71	-0.03	45	57195	卖盘
09:45:56	12.74	0.02	100	127400	买盘
09:45:51	12.72	-0.01	41	52152	卖盘
09:45:46	12.73	--	1	1273	买盘
09:45:41	12.73	-0.01	5	6365	买盘
09:45:36	12.74	0.01	63	80262	买盘
09:45:30	12.73	-0.01	25	31825	卖盘
09:45:25	12.74	--	14	17836	买盘
09:45:21	12.74	--	44	56056	卖盘
09:45:15	12.74	--	5	6370	买盘
09:45:05	12.74	--	24	30576	买盘
09:45:00	12.74	0.01	57	72618	买盘
09:44:50	12.73	--	15	19095	买盘
09:44:40	12.73	--	274	348802	买盘
09:44:36	12.73	--	1	1273	买盘
09:44:30	12.73	0.01	39	49647	买盘
09:44:25	12.72	--	62	78864	卖盘
09:44:20	12.72	--	25	31800	卖盘
09:44:15	12.72	--	113	143736	买盘
09:44:06	12.72	0.02	82	104304	买盘
09:44:00	12.7	-0.01	48	60960	卖盘
09:43:45	12.71	0.01	61	77531	买盘
09:43:30	12.7	--	14	17780	买盘
09:43:25	12.7	--	31	39370	买盘
09:43:20	12.7	--	1	1270	买盘
09:43:15	12.7	--	100	127000	买盘
09:43:05	12.7	--	42	53340	买盘
09:43:00	12.7	0.01	289	367030	买盘
09:42:55	12.69	0.01	3	3807	买盘
09:42:50	12.68	-0.01	22	27896	中性盘
09:42:40	12.69	0.01	140	177660	买盘
09:42:30	12.68	-0.01	39	49452	卖盘
09:42:25	12.69	0.01	50	63450	买盘
09:42:20	12.68	--	57	72276	卖盘
09:42:15	12.68	-0.02	80	101440	卖盘
09:42:10	12.7	--	40	50800	买盘
09:42:05	12.7	--	1	1270	买盘
09:42:00	12.7	0.01	104	132080	买盘
09:41:55	12.69	-0.01	381	483489	卖盘
09:41:45	12.7	--	50	63500	卖盘
09:41:40	12.7	-0.01	2	2540	卖盘
09:41:30	12.71	--	67	85157	买盘
09:41:25	12.71	-0.01	62	78802	卖盘
09:41:20	12.72	0.01	26	33072	买盘
09:41:15	12.71	--	6	7626	卖盘
09:41:10	12.71	-0.01	224	284704	卖盘
09:41:00	12.72	--	34	43248	买盘
09:40:45	12.72	--	93	118296	卖盘
09:40:40	12.72	-0.01	10	12720	卖盘
09:40:35	12.73	0.01	1	1273	买盘
09:40:30	12.72	--	118	150096	买盘
09:40:25	12.72	0.01	1	1272	买盘
09:40:20	12.71	-0.02	227	288517	卖盘
09:40:15	12.73	0.01	80	102820	买盘
09:40:10	12.72	--	63	80136	卖盘
09:40:05	12.72	--	105	133560	卖盘
09:40:00	12.72	--	2	2544	卖盘
09:39:55	12.72	--	98	124656	卖盘
09:39:50	12.72	-0.01	177	225144	卖盘
09:39:45	12.73	0.01	67	85291	卖盘
09:39:40	12.72	-0.01	94	120661	卖盘
09:39:30	12.73	0.01	30	38190	买盘
09:39:24	12.72	--	30	38160	卖盘
09:39:20	12.72	-0.02	152	193522	卖盘
09:39:14	12.74	0.01	636	810722	买盘
09:39:09	12.73	--	3	4455	卖盘
09:39:04	12.73	-0.01	30	38190	卖盘
09:38:59	12.74	--	832	1059968	卖盘
09:38:54	12.74	-0.01	85	108290	卖盘
09:38:49	12.75	-0.01	8	10200	卖盘
09:38:44	12.76	0.01	247	315172	买盘
09:38:39	12.75	--	34	43350	买盘
09:38:29	12.75	0.01	86	109650	买盘
09:38:24	12.74	-0.01	6	7644	卖盘
09:38:19	12.75	0.01	10	12750	买盘
09:38:14	12.74	-0.01	15	19110	卖盘
09:38:09	12.75	0.01	8	10200	中性盘
09:37:59	12.74	-0.02	64	81536	卖盘
09:37:54	12.76	0.01	186	237336	买盘
09:37:49	12.75	--	446	568650	卖盘
09:37:44	12.75	--	248	316200	卖盘
09:37:39	12.75	0.01	266	339150	买盘
09:37:34	12.74	-0.01	87	110838	卖盘
09:37:29	12.75	0.01	13	16575	买盘
09:37:24	12.74	-0.01	25	31850	卖盘
09:37:19	12.75	0.01	59	75225	买盘
09:37:14	12.74	0.01	70	89180	中性盘
09:37:09	12.73	--	9	11457	卖盘
09:36:59	12.73	-0.03	112	142576	卖盘
09:36:54	12.76	0.02	52	66352	买盘
09:36:49	12.74	--	41	52234	买盘
09:36:44	12.74	-0.03	969	1234506	卖盘
09:36:39	12.77	0.01	194	247738	买盘
09:36:34	12.76	-0.01	283	361108	卖盘
09:36:29	12.77	--	111	141747	买盘
09:36:24	12.77	--	73	93221	卖盘
09:36:19	12.77	--	93	118761	卖盘
09:36:14	12.77	-0.01	110	140470	卖盘
09:36:09	12.78	0.01	33	42174	买盘
09:36:04	12.77	-0.02	119	151963	卖盘
09:35:59	12.79	--	0	0	买盘
09:35:54	12.79	0.02	1141	1459339	买盘
09:35:49	12.77	--	81	103437	买盘
09:35:44	12.77	0.01	37	47249	中性盘
09:35:39	12.76	--	152	193952	卖盘
09:35:34	12.76	-0.01	30	38280	买盘
09:35:29	12.77	0.02	758	967966	买盘
09:35:24	12.75	-0.01	398	507450	卖盘
09:35:19	12.76	0.01	368	469568	买盘
09:35:09	12.75	--	13	16575	卖盘
09:35:04	12.75	--	213	271575	买盘
09:34:59	12.75	--	111	141525	买盘
09:34:54	12.75	--	23	29325	买盘
09:34:49	12.75	0.01	50	63750	买盘
09:34:44	12.74	--	19	24206	卖盘
09:34:34	12.74	0.01	269	342706	买盘
09:34:29	12.73	--	35	44555	买盘
09:34:24	12.73	--	10	12730	买盘
09:34:19	12.73	--	87	110751	买盘
09:34:14	12.73	--	20	25460	买盘
09:34:09	12.73	--	18	22914	买盘
09:34:04	12.73	0.01	21	26733	买盘
09:33:54	12.72	--	135	172190	买盘
09:33:49	12.72	0.01	20	25440	买盘
09:33:44	12.71	0.01	22	27962	买盘
09:33:39	12.7	-0.02	37	46990	卖盘
09:33:34	12.72	0.01	119	151368	买盘
09:33:29	12.71	-0.02	25	31775	卖盘
09:33:23	12.73	--	19	24187	买盘
09:33:18	12.73	--	54	68742	买盘
09:33:14	12.73	-0.02	76	96748	卖盘
09:33:09	12.75	--	42	53550	买盘
09:33:03	12.75	0.02	16	20400	买盘
09:32:58	12.73	-0.03	121	154033	卖盘
09:32:54	12.76	0.03	41	52316	买盘
09:32:48	12.73	--	122	155306	卖盘
09:32:43	12.73	--	117	148941	卖盘
09:32:38	12.73	-0.04	2	2546	卖盘
09:32:33	12.77	0.04	277	353729	买盘
09:32:28	12.73	-0.03	5	6365	卖盘
09:32:23	12.76	--	119	151844	卖盘
09:32:18	12.76	0.02	80	102080	买盘
09:32:13	12.74	0.01	12	15288	中性盘
09:32:08	12.73	--	407	518111	卖盘
09:32:03	12.73	--	57	72561	卖盘
09:31:58	12.73	--	50	63650	卖盘
09:31:53	12.73	--	34	43282	卖盘
09:31:48	12.73	0.07	1804	2296492	买盘
09:31:38	12.66	--	18	22889	买盘
09:31:33	12.66	--	56	70896	买盘
09:31:28	12.66	0.01	5	6330	买盘
09:31:23	12.65	--	128	161920	卖盘
09:31:18	12.65	-0.02	27	34155	卖盘
09:31:13	12.67	0.02	24	30408	买盘
09:31:08	12.65	-0.02	457	578105	卖盘
09:30:53	12.67	--	13	16471	卖盘
09:30:48	12.67	--	32	40544	卖盘
09:30:43	12.67	-0.01	6	7602	卖盘
09:30:38	12.68	--	20	25360	买盘
09:30:33	12.68	--	30	38040	买盘
09:30:28	12.68	-0.03	31	39308	卖盘
09:30:23	12.71	0.03	163	207173	买盘
09:30:18	12.68	-0.01	2	2536	卖盘
09:30:13	12.69	0.01	6	7614	买盘
09:30:08	12.68	-0.01	277	351236	卖盘
09:30:03	12.69	-0.03	366	464454	卖盘
09:28:45	12.72	--	0	0	买盘
09:25:06	12.72	12.72	1009	1283448	买盘
