成交时间	成交价	价格变动	成交量(手)	成交额(元)	性质
15:00:03	10.65	-0.01	969	1031985	卖盘
14:57:00	10.66	--	0	0	买盘
14:56:54	10.66	0.01	5	5330	买盘
14:56:51	10.65	--	100	106500	卖盘
14:56:48	10.65	--	5	5325	卖盘
14:56:45	10.65	--	35	37275	卖盘
14:56:42	10.65	--	56	59640	卖盘
14:56:36	10.65	--	11	11715	卖盘
14:56:27	10.65	--	3	3195	卖盘
14:56:24	10.65	-0.01	37	39405	卖盘
14:56:21	10.66	--	3	3198	买盘
14:56:18	10.66	--	14	14924	买盘
14:56:12	10.66	0.01	4	4264	买盘
14:56:06	10.65	--	65	69225	卖盘
14:56:03	10.65	-0.01	1	1065	卖盘
14:56:00	10.66	--	19	20254	买盘
14:55:57	10.66	0.01	1	1066	买盘
14:55:51	10.65	-0.01	9	9585	卖盘
14:55:48	10.66	0.01	2	2132	买盘
14:55:39	10.65	--	10	10650	卖盘
14:55:33	10.65	--	8	8520	卖盘
14:55:30	10.65	--	10	10650	卖盘
14:55:27	10.65	--	24	25560	买盘
14:55:24	10.65	--	5	5325	买盘
14:55:21	10.65	--	5	5325	买盘
14:55:18	10.65	--	10	10650	买盘
14:55:15	10.65	0.01	44	46860	买盘
14:55:12	10.64	--	5	5320	卖盘
14:55:06	10.64	--	2	2128	卖盘
14:55:03	10.64	--	90	95760	卖盘
14:54:57	10.64	--	7	7448	卖盘
14:54:54	10.64	--	3	3192	卖盘
14:54:51	10.64	--	2	2128	卖盘
14:54:48	10.64	--	5	5320	卖盘
14:54:39	10.64	0.01	100	106400	卖盘
14:54:36	10.63	--	12	12756	卖盘
14:54:33	10.63	--	74	78662	卖盘
14:54:30	10.63	-0.01	2	2126	卖盘
14:54:27	10.64	--	1	1064	买盘
14:54:21	10.64	0.01	44	46816	买盘
14:54:18	10.63	--	3	3189	卖盘
14:54:15	10.63	-0.01	2	2126	卖盘
14:54:12	10.64	--	21	22344	卖盘
14:54:06	10.64	0.01	5	5320	中性盘
14:54:00	10.63	--	156	165828	卖盘
14:53:57	10.63	--	3	3189	卖盘
14:53:54	10.63	-0.01	196	208348	卖盘
14:53:51	10.64	--	2	2128	卖盘
14:53:45	10.64	--	17	18088	卖盘
14:53:36	10.64	--	3	3192	买盘
14:53:33	10.64	--	10	10640	买盘
14:53:30	10.64	--	32	34048	卖盘
14:53:27	10.64	--	34	36176	卖盘
14:53:24	10.64	-0.01	4	4256	卖盘
14:53:21	10.65	0.01	14	14910	买盘
14:53:18	10.64	--	17	18088	买盘
14:53:15	10.64	--	72	76608	买盘
14:53:12	10.64	--	47	50008	买盘
14:53:09	10.64	--	48	51072	买盘
14:53:06	10.64	--	16	17024	买盘
14:53:03	10.64	--	6	6384	买盘
14:53:00	10.64	0.01	3	3192	买盘
14:52:57	10.63	-0.01	234	248742	卖盘
14:52:54	10.64	--	7	7448	买盘
14:52:51	10.64	--	13	13832	卖盘
14:52:45	10.64	-0.01	32	34048	卖盘
14:52:42	10.65	--	10	10650	买盘
14:52:39	10.65	0.01	17	18105	买盘
14:52:36	10.64	--	45	47880	卖盘
14:52:30	10.64	0.01	3	3192	卖盘
14:52:27	10.63	--	4	4252	卖盘
14:52:24	10.63	-0.02	4	4252	卖盘
14:52:21	10.65	--	55	58575	卖盘
14:52:12	10.65	--	5	5325	卖盘
14:52:09	10.65	-0.01	19	20235	卖盘
14:52:06	10.66	0.01	1	1066	买盘
14:51:57	10.65	-0.01	13	13845	卖盘
14:51:48	10.66	--	8	8528	卖盘
14:51:45	10.66	-0.01	2	2132	卖盘
14:51:36	10.67	--	28	29876	卖盘
14:51:33	10.67	--	41	43747	卖盘
14:51:27	10.67	-0.01	41	43747	卖盘
14:51:24	10.68	0.06	5	5340	买盘
14:51:12	10.62	-0.06	1800	1911599	卖盘
14:51:09	10.68	0.01	16	17088	买盘
14:51:03	10.67	--	25	26675	卖盘
14:51:00	10.67	-0.01	19	20273	卖盘
14:50:57	10.68	--	50	53400	买盘
14:50:54	10.68	0.01	34	36312	买盘
14:50:48	10.67	-0.01	50	53350	卖盘
14:50:42	10.68	--	10	10680	买盘
14:50:39	10.68	--	1	1068	买盘
14:50:36	10.68	-0.01	27	28836	卖盘
14:50:33	10.69	0.01	3	3207	买盘
14:50:30	10.68	--	4	4272	卖盘
14:50:27	10.68	--	5	5340	卖盘
14:50:18	10.68	-0.01	10	10680	卖盘
14:50:15	10.69	0.01	7	7483	买盘
14:50:09	10.68	-0.01	2	2136	卖盘
14:50:06	10.69	0.01	37	39553	买盘
14:50:00	10.68	--	9	9612	卖盘
14:49:57	10.68	--	17	18156	卖盘
14:49:48	10.68	-0.01	40	43659	卖盘
14:49:45	10.69	0.01	3	3207	买盘
14:49:42	10.68	--	1	1068	买盘
14:49:39	10.68	--	199	212532	卖盘
14:49:36	10.68	--	3	3204	卖盘
14:49:33	10.68	--	5	5340	卖盘
14:49:24	10.68	-0.01	18	19224	卖盘
14:49:09	10.69	--	10	10690	买盘
14:49:06	10.69	0.02	23	24587	买盘
14:48:57	10.67	--	92	98164	卖盘
14:48:51	10.67	--	10	10670	卖盘
14:48:48	10.67	-0.01	11	11737	卖盘
14:48:39	10.68	0.01	1	1068	买盘
14:48:36	10.67	-0.01	56	59752	卖盘
14:48:30	10.68	-0.01	25	26700	卖盘
14:48:27	10.69	0.01	2	2138	买盘
14:48:24	10.68	--	30	32040	卖盘
14:48:21	10.68	--	110	117480	卖盘
14:48:12	10.68	--	23	24564	卖盘
14:48:06	10.68	--	5	5340	卖盘
14:48:03	10.68	--	1	1068	卖盘
14:48:00	10.68	--	80	85440	卖盘
14:47:57	10.68	-0.01	55	58740	卖盘
14:47:54	10.69	--	4	4276	买盘
14:47:42	10.69	--	57	60933	卖盘
14:47:39	10.69	--	20	21380	卖盘
14:47:33	10.69	--	65	69485	卖盘
14:47:24	10.69	--	105	112245	买盘
14:47:21	10.69	--	18	19242	卖盘
14:47:15	10.69	--	5	5345	卖盘
14:47:09	10.69	--	20	21380	卖盘
14:47:06	10.69	--	41	43829	卖盘
14:47:03	10.69	--	50	53450	卖盘
14:46:57	10.69	--	9	9621	卖盘
14:46:54	10.69	--	6	6414	卖盘
14:46:51	10.69	-0.01	26	27794	卖盘
14:46:42	10.7	0.01	10	10700	买盘
14:46:39	10.69	-0.01	10	10690	卖盘
14:46:27	10.7	--	4	4280	买盘
14:46:24	10.7	--	9	9630	买盘
14:46:15	10.7	--	4	4280	买盘
14:46:12	10.7	0.01	5	5350	买盘
14:46:09	10.69	-0.01	11	11759	卖盘
14:46:00	10.7	--	1	1070	买盘
14:45:57	10.7	--	42	44940	买盘
14:45:51	10.7	--	20	21400	买盘
14:45:42	10.7	--	20	21400	买盘
14:45:39	10.7	--	2	2140	买盘
14:45:33	10.7	--	20	21400	买盘
14:45:27	10.7	-0.02	310	331700	卖盘
14:45:15	10.72	-0.01	5	5360	卖盘
14:45:12	10.73	0.01	407	436711	买盘
14:45:06	10.72	--	21	23444	买盘
14:44:57	10.72	--	24	25728	买盘
14:44:54	10.72	-0.01	2	2283	卖盘
14:44:48	10.73	--	46	50194	买盘
14:44:45	10.73	0.01	3	3219	买盘
14:44:42	10.72	--	8	8576	卖盘
14:44:36	10.72	--	1	1072	卖盘
14:44:30	10.72	--	10	10720	卖盘
14:44:27	10.72	--	205	219856	买盘
14:44:24	10.72	--	31	33232	买盘
14:44:21	10.72	0.01	46	49312	买盘
14:44:18	10.71	--	20	21420	卖盘
14:44:15	10.71	-0.01	38	40698	卖盘
14:44:00	10.72	--	31	33232	买盘
14:43:48	10.72	0.01	34	36448	买盘
14:43:30	10.71	-0.01	20	21420	卖盘
14:43:00	10.72	--	35	37520	买盘
14:42:51	10.72	0.01	40	42880	买盘
14:42:45	10.71	-0.01	20	21420	卖盘
14:42:42	10.72	--	33	35376	买盘
14:42:36	10.72	0.01	31	33232	买盘
14:42:30	10.71	-0.01	10	10710	卖盘
14:42:27	10.72	0.01	30	32160	买盘
14:42:18	10.71	--	1	1071	卖盘
14:42:09	10.71	--	1	1071	买盘
14:42:03	10.71	--	13	13923	买盘
14:41:57	10.71	0.01	1	1071	买盘
14:41:54	10.7	--	5	5350	卖盘
14:41:51	10.7	-0.02	2	2140	卖盘
14:41:42	10.72	0.01	324	347328	买盘
14:41:36	10.71	0.01	3	3213	买盘
14:41:30	10.7	-0.01	4	4280	卖盘
14:41:27	10.71	0.01	26	27846	买盘
14:41:18	10.7	--	50	53500	卖盘
14:41:09	10.7	--	6	6420	买盘
14:41:06	10.7	--	32	34240	买盘
14:41:00	10.7	--	36	38520	买盘
14:40:54	10.7	--	49	52430	买盘
14:40:51	10.7	--	27	28889	卖盘
14:40:48	10.7	-0.01	19	20330	卖盘
14:40:45	10.71	0.01	20	21420	买盘
14:40:36	10.7	--	13	13909	卖盘
14:40:30	10.7	--	31	33170	买盘
14:40:27	10.7	--	19	20330	买盘
14:40:24	10.7	--	27	28889	买盘
14:40:21	10.7	--	1	1070	买盘
14:40:18	10.7	--	48	51360	买盘
14:40:12	10.7	--	36	38520	买盘
14:40:06	10.7	--	169	180830	卖盘
14:40:03	10.7	-0.02	100	107000	卖盘
14:40:00	10.72	0.02	461	494192	买盘
14:39:51	10.7	--	67	71690	卖盘
14:39:48	10.7	-0.01	4	4280	卖盘
14:39:45	10.71	--	156	168050	卖盘
14:39:42	10.71	--	3	3213	卖盘
14:39:33	10.71	-0.01	66	70686	卖盘
14:39:30	10.72	0.01	30	32160	买盘
14:39:24	10.71	--	17	18207	卖盘
14:39:21	10.71	--	25	26775	卖盘
14:39:18	10.71	-0.01	51	54621	卖盘
14:39:15	10.72	--	45	48240	买盘
14:39:12	10.72	0.01	34	36448	买盘
14:39:09	10.71	--	8	8568	卖盘
14:39:06	10.71	-0.01	10	10710	卖盘
14:39:00	10.72	0.01	40	42880	买盘
14:38:57	10.71	-0.01	20	21420	卖盘
14:38:54	10.72	0.01	37	39664	买盘
14:38:51	10.71	-0.01	10	10710	卖盘
14:38:42	10.72	--	109	116848	卖盘
14:38:36	10.72	--	15	16080	卖盘
14:38:30	10.72	--	5	5360	卖盘
14:38:24	10.72	--	101	108272	卖盘
14:38:21	10.72	--	149	159728	卖盘
14:38:18	10.72	--	7	7504	卖盘
14:38:15	10.72	--	23	24656	卖盘
14:38:12	10.72	--	2	2144	卖盘
14:38:09	10.72	--	200	214400	卖盘
14:38:03	10.72	--	68	72896	卖盘
14:38:00	10.72	--	36	38592	卖盘
14:37:57	10.72	--	40	42880	卖盘
14:37:51	10.72	--	2	2144	卖盘
14:37:48	10.72	--	7	7504	卖盘
14:37:45	10.72	--	5	5360	卖盘
14:37:42	10.72	-0.01	57	61104	卖盘
14:37:39	10.73	0.01	38	40774	买盘
14:37:36	10.72	--	100	107200	卖盘
14:37:33	10.72	--	108	115776	卖盘
14:37:30	10.72	-0.01	3	3216	卖盘
14:37:24	10.73	0.01	9	9657	买盘
14:37:21	10.72	--	5	5360	卖盘
14:37:09	10.72	-0.01	3	3216	卖盘
14:37:06	10.73	-0.01	4	4292	买盘
14:37:00	10.74	--	200	215798	卖盘
14:36:57	10.74	--	20	21480	卖盘
14:36:54	10.74	0.02	261	280389	买盘
14:36:42	10.72	--	6	6432	卖盘
14:36:36	10.72	-0.02	24	25728	卖盘
14:36:30	10.74	--	18	19332	卖盘
14:36:27	10.74	--	6	6444	卖盘
14:36:24	10.74	--	67	71958	卖盘
14:36:21	10.74	0.02	181	194394	买盘
14:36:15	10.72	-0.02	22	23584	卖盘
14:36:00	10.74	--	25	26850	买盘
14:35:45	10.74	0.03	20	21480	买盘
14:35:36	10.71	-0.03	536	574056	卖盘
14:35:33	10.74	--	32	34368	买盘
14:35:24	10.74	-0.01	15	16110	卖盘
14:35:21	10.75	0.01	323	347225	买盘
14:35:18	10.74	-0.01	26	27924	卖盘
14:35:15	10.75	0.01	93	99975	买盘
14:35:12	10.74	-0.01	18	19332	卖盘
14:35:09	10.75	0.01	83	89225	买盘
14:35:06	10.74	-0.01	12	12888	卖盘
14:35:00	10.75	0.01	11	11825	买盘
14:34:57	10.74	-0.01	5	5370	卖盘
14:34:54	10.75	--	25	27821	卖盘
14:34:48	10.75	--	15	16254	卖盘
14:34:45	10.75	--	1	1075	卖盘
14:34:39	10.75	--	1	1075	买盘
14:34:36	10.75	-0.01	4	4300	中性盘
14:34:30	10.76	--	40	43040	买盘
14:34:24	10.76	0.01	43	46268	买盘
14:34:21	10.75	--	11	11825	卖盘
14:34:18	10.75	--	10	10750	卖盘
14:34:15	10.75	--	19	20425	卖盘
14:34:12	10.75	--	10	10750	卖盘
14:34:09	10.75	--	1	1075	卖盘
14:34:06	10.75	0.02	952	1023400	买盘
14:34:03	10.73	--	28	30044	卖盘
14:34:00	10.73	--	10	10730	卖盘
14:33:54	10.73	-0.01	5	5365	卖盘
14:33:48	10.74	--	71	76254	买盘
14:33:45	10.74	--	50	53700	买盘
14:33:42	10.74	--	5	5370	买盘
14:33:39	10.74	0.01	30	32220	买盘
14:33:33	10.73	--	100	107300	卖盘
14:33:30	10.73	-0.01	10	10730	卖盘
14:33:21	10.74	--	5	5370	买盘
14:33:06	10.74	-0.01	28	30072	卖盘
14:33:03	10.75	0.01	20	21500	买盘
14:32:57	10.74	--	3	3222	卖盘
14:32:54	10.74	--	24	25776	买盘
14:32:51	10.74	0.01	70	75180	买盘
14:32:45	10.73	--	4	4292	卖盘
14:32:42	10.73	--	57	61161	卖盘
14:32:36	10.73	--	22	23606	卖盘
14:32:30	10.73	--	10	10730	卖盘
14:32:24	10.73	--	10	10730	卖盘
14:32:15	10.73	--	14	15022	卖盘
14:32:12	10.73	--	47	50431	卖盘
14:32:09	10.73	-0.01	31	33263	买盘
14:32:06	10.74	--	32	34368	买盘
14:32:03	10.74	--	90	96660	买盘
14:32:00	10.74	0.01	25	26850	买盘
14:31:54	10.73	-0.01	5	5365	卖盘
14:31:51	10.74	--	35	37590	买盘
14:31:48	10.74	--	55	59070	买盘
14:31:45	10.74	0.02	49	52626	买盘
14:31:42	10.72	-0.01	220	235840	卖盘
14:31:39	10.73	--	10	10730	卖盘
14:31:30	10.73	--	20	21460	卖盘
14:31:27	10.73	0.01	20	21460	中性盘
14:31:21	10.72	-0.02	50	53600	卖盘
14:31:15	10.74	0.02	58	62292	买盘
14:31:06	10.72	--	4	4288	卖盘
14:31:03	10.72	0.01	5	5360	中性盘
14:30:57	10.71	-0.04	110	117810	卖盘
14:30:54	10.75	0.03	10	10750	买盘
14:30:51	10.72	-0.03	207	221904	卖盘
14:30:48	10.75	--	2	2150	买盘
14:30:42	10.75	--	44	47300	买盘
14:30:39	10.75	0.03	7	7525	买盘
14:30:36	10.72	-0.04	388	415936	卖盘
14:30:33	10.76	0.01	155	166780	买盘
14:30:30	10.75	-0.01	118	127086	卖盘
14:30:27	10.76	--	29	31204	买盘
14:30:24	10.76	0.01	42	45192	买盘
14:30:21	10.75	--	2	2150	卖盘
14:30:18	10.75	--	1	1075	卖盘
14:30:15	10.75	0.01	257	277113	买盘
14:30:09	10.74	--	18	19332	买盘
14:30:06	10.74	--	53	56922	买盘
14:30:00	10.74	--	74	79476	买盘
14:29:36	10.74	--	4	4296	卖盘
14:29:33	10.74	--	3	3222	卖盘
14:29:30	10.74	0.02	40	42960	买盘
14:29:27	10.72	-0.02	14	15008	卖盘
14:29:24	10.74	--	44	47256	买盘
14:29:21	10.74	0.01	46	49404	买盘
14:29:15	10.73	0.01	152	163096	买盘
14:29:12	10.72	--	5	5360	卖盘
14:29:09	10.72	--	3	3216	卖盘
14:29:03	10.72	--	44	47168	买盘
14:28:51	10.72	--	49	52528	买盘
14:28:48	10.72	-0.01	62	66464	卖盘
14:28:45	10.73	0.01	2	2146	买盘
14:28:42	10.72	-0.01	64	68608	卖盘
14:28:39	10.73	0.01	36	38628	买盘
14:28:36	10.72	-0.01	12	12864	卖盘
14:28:33	10.73	--	39	41847	买盘
14:28:24	10.73	--	80	85840	卖盘
14:28:21	10.73	--	5	5365	卖盘
14:28:15	10.73	--	12	12876	卖盘
14:28:12	10.73	0.01	1306	1401338	买盘
14:28:09	10.72	--	4	4288	卖盘
14:28:06	10.72	0.01	1	1072	中性盘
14:27:57	10.71	-0.01	246	263466	卖盘
14:27:54	10.72	0.01	10	10720	中性盘
14:27:48	10.71	-0.01	175	187425	卖盘
14:27:42	10.72	--	7	7504	买盘
14:27:39	10.72	--	43	46096	买盘
14:27:33	10.72	--	49	52528	买盘
14:27:30	10.72	--	51	54672	买盘
14:27:21	10.72	0.01	47	50384	买盘
14:27:18	10.71	--	54	57834	卖盘
14:27:12	10.71	--	40	42840	卖盘
14:27:09	10.71	--	14	14994	卖盘
14:27:06	10.71	0.01	9	9735	买盘
14:27:03	10.7	-0.01	51	54570	卖盘
14:27:00	10.71	--	46	49266	买盘
14:26:54	10.71	--	42	44982	买盘
14:26:51	10.71	0.01	3	3213	买盘
14:26:42	10.7	-0.01	55	58849	卖盘
14:26:39	10.71	--	250	267750	买盘
14:26:30	10.71	--	20	21420	买盘
14:26:27	10.71	--	2	2142	买盘
14:25:57	10.71	0.02	48	51408	买盘
14:25:54	10.69	-0.04	828	885132	卖盘
14:25:51	10.73	0.01	34	36482	买盘
14:25:48	10.72	--	49	52528	卖盘
14:25:42	10.72	--	33	35376	买盘
14:25:39	10.72	--	27	28944	卖盘
14:25:36	10.72	--	11	11792	卖盘
14:25:33	10.72	--	7	7504	买盘
14:25:27	10.72	--	33	35376	买盘
14:25:24	10.72	0.01	36	38592	买盘
14:25:21	10.71	--	2	2142	卖盘
14:25:15	10.71	-0.01	24	25704	卖盘
14:25:09	10.72	--	45	48240	买盘
14:25:03	10.72	--	37	39664	买盘
14:25:00	10.72	--	38	40736	买盘
14:24:57	10.72	0.01	11	11792	买盘
14:24:54	10.71	--	5	5355	卖盘
14:24:36	10.71	--	4	4284	卖盘
14:24:30	10.71	--	3	3213	卖盘
14:24:24	10.71	-0.01	7	7497	卖盘
14:24:21	10.72	0.01	1	1072	买盘
14:24:03	10.71	-0.01	3	3213	卖盘
14:24:00	10.72	0.02	12	12864	买盘
14:23:51	10.7	--	16	17120	卖盘
14:23:48	10.7	-0.02	17	18190	卖盘
14:23:42	10.72	--	40	42880	卖盘
14:23:39	10.72	0.01	4	4288	买盘
14:23:36	10.71	--	21	22491	卖盘
14:23:33	10.71	-0.01	9	9639	中性盘
14:23:30	10.72	0.01	26	27872	买盘
14:23:21	10.71	--	44	47124	卖盘
14:23:15	10.71	--	17	18207	卖盘
14:23:12	10.71	-0.01	4	4284	卖盘
14:23:06	10.72	0.01	10	10720	买盘
14:23:00	10.71	-0.01	6	6426	卖盘
14:22:57	10.72	--	26	27872	买盘
14:22:54	10.72	--	31	33232	买盘
14:22:51	10.72	--	59	63248	买盘
14:22:42	10.72	0.02	25	26800	买盘
14:22:39	10.7	--	41	43870	卖盘
14:22:30	10.7	-0.02	12	12840	卖盘
14:22:21	10.72	--	35	37520	买盘
14:22:15	10.72	--	36	38592	买盘
14:22:12	10.72	--	40	42880	买盘
14:22:00	10.72	0.02	27	28944	买盘
14:21:51	10.7	-0.01	500	535000	卖盘
14:21:48	10.71	-0.01	33	35343	卖盘
14:21:45	10.72	--	29	31088	买盘
14:21:30	10.72	--	20	21440	买盘
14:21:27	10.72	0.01	39	41808	买盘
14:21:18	10.71	-0.01	6	6426	卖盘
14:21:15	10.72	0.01	33	35376	买盘
14:21:12	10.71	--	6	6426	卖盘
14:21:09	10.71	-0.01	3	3213	卖盘
14:21:00	10.72	--	1	1072	买盘
14:20:57	10.72	0.01	35	37520	买盘
14:20:54	10.71	--	4	4284	卖盘
14:20:51	10.71	-0.01	3	3213	卖盘
14:20:42	10.72	0.01	42	45024	买盘
14:20:33	10.71	-0.01	3	3213	卖盘
14:20:30	10.72	0.01	51	54672	买盘
14:20:27	10.71	--	1	1071	卖盘
14:20:21	10.71	-0.01	10	10710	卖盘
14:20:18	10.72	0.01	59	63248	买盘
14:20:12	10.71	--	80	85680	卖盘
14:20:09	10.71	--	5	5355	卖盘
14:20:06	10.71	--	6	6426	卖盘
14:19:57	10.71	--	8	8568	卖盘
14:19:45	10.71	-0.01	2	2142	卖盘
14:19:36	10.72	0.02	70	75040	买盘
14:19:24	10.7	--	6	6420	卖盘
14:19:12	10.7	-0.02	10	10700	卖盘
14:18:54	10.72	0.02	132	141504	买盘
14:18:48	10.7	-0.02	141	150870	卖盘
14:18:42	10.72	0.02	115	123280	买盘
14:18:33	10.7	-0.01	8	8560	卖盘
14:18:27	10.71	-0.01	139	148869	卖盘
14:18:21	10.72	-0.01	99	106128	卖盘
14:18:15	10.73	--	25	26825	买盘
14:18:12	10.73	--	50	53650	买盘
14:18:09	10.73	--	3	3219	买盘
14:18:06	10.73	--	9	9657	买盘
14:18:03	10.73	0.01	1	1073	买盘
14:18:00	10.72	--	2	2144	卖盘
14:17:48	10.72	--	8	8576	卖盘
14:17:45	10.72	--	8	8576	买盘
14:17:36	10.72	--	2	2144	买盘
14:17:30	10.72	--	10	10720	买盘
14:17:24	10.72	--	111	118992	买盘
14:17:21	10.72	--	33	35376	买盘
14:17:12	10.72	--	35	37520	买盘
14:17:09	10.72	0.01	39	41808	买盘
14:16:39	10.71	-0.01	2	2142	卖盘
14:16:33	10.72	--	60	64320	买盘
14:16:30	10.72	--	99	106128	买盘
14:16:27	10.72	--	37	39664	买盘
14:16:18	10.72	--	39	41808	买盘
14:16:15	10.72	--	43	46096	买盘
14:16:09	10.72	--	10	10720	买盘
14:16:06	10.72	--	30	32160	买盘
14:16:00	10.72	--	63	67536	买盘
14:15:48	10.72	0.01	35	37520	买盘
14:15:39	10.71	--	5	5355	卖盘
14:15:33	10.71	--	12	12852	买盘
14:15:30	10.71	--	39	41769	卖盘
14:15:15	10.71	0.01	5	5355	中性盘
14:15:00	10.7	--	20	21400	卖盘
14:14:57	10.7	--	28	29959	卖盘
14:14:54	10.7	--	20	21400	卖盘
14:14:48	10.7	--	50	53500	卖盘
14:14:45	10.7	--	5	5350	卖盘
14:14:39	10.7	--	235	252370	买盘
14:14:30	10.7	--	100	107000	买盘
14:14:24	10.7	-0.01	168	179909	卖盘
14:14:21	10.71	-0.01	3	3213	卖盘
14:14:18	10.72	0.01	40	42880	买盘
14:14:12	10.71	--	8	8568	卖盘
14:14:09	10.71	--	30	32130	卖盘
14:14:00	10.71	--	19	20349	买盘
14:13:57	10.71	--	39	41769	买盘
14:13:45	10.71	--	87	93177	卖盘
14:13:42	10.71	--	2	2142	中性盘
14:13:30	10.71	--	50	53550	卖盘
14:13:15	10.71	--	10	10710	卖盘
14:13:09	10.71	--	21	22491	卖盘
14:13:00	10.71	--	5	5355	卖盘
14:12:54	10.71	--	1	1071	买盘
14:12:48	10.71	--	42	44982	买盘
14:12:42	10.71	0.01	38	40698	买盘
14:12:39	10.7	-0.01	4	4280	卖盘
14:12:36	10.71	--	39	41769	买盘
14:12:27	10.71	--	43	46053	买盘
14:12:24	10.71	--	33	35343	买盘
14:12:18	10.71	0.01	55	58905	买盘
14:12:09	10.7	--	2	2140	卖盘
14:12:03	10.7	--	5	5350	卖盘
14:12:00	10.7	--	20	22320	买盘
14:11:33	10.7	0.01	38	40660	买盘
14:11:27	10.69	--	59	63071	卖盘
14:11:06	10.69	--	6	6414	卖盘
14:11:03	10.69	0.01	110	117590	中性盘
14:10:39	10.68	-0.01	5	5340	卖盘
14:10:33	10.69	--	5	5345	买盘
14:10:12	10.69	--	14	14966	买盘
14:10:06	10.69	--	32	34208	买盘
14:09:39	10.69	--	15	16035	买盘
14:09:33	10.69	--	24	25656	卖盘
14:09:21	10.69	--	6	6414	买盘
14:09:15	10.69	--	45	48105	买盘
14:09:09	10.69	0.01	26	27794	买盘
14:09:06	10.68	-0.01	10	10680	卖盘
14:09:03	10.69	0.01	62	66278	买盘
14:08:57	10.68	-0.01	1	1068	卖盘
14:08:54	10.69	0.01	1	1069	买盘
14:08:45	10.68	-0.01	112	119616	卖盘
14:08:24	10.69	--	5	5345	买盘
14:08:18	10.69	0.01	5	5345	买盘
14:08:15	10.68	-0.01	34	36312	卖盘
14:08:06	10.69	-0.01	1	1218	卖盘
14:08:00	10.7	0.01	43	46930	买盘
14:07:57	10.69	-0.01	10	10690	卖盘
14:07:51	10.7	--	1	1070	买盘
14:07:48	10.7	0.01	10	10700	买盘
14:07:33	10.69	-0.01	10	10690	卖盘
14:07:30	10.7	--	2	2140	买盘
14:07:24	10.7	--	32	34240	买盘
14:07:21	10.7	--	23	24610	买盘
14:07:12	10.7	--	20	21400	卖盘
14:07:09	10.7	-0.01	35	37450	卖盘
14:07:03	10.71	--	3	3213	买盘
14:07:00	10.71	0.01	29	31059	买盘
14:06:48	10.7	0.01	10	10700	中性盘
14:06:45	10.69	-0.01	223	238387	卖盘
14:06:39	10.7	0.01	36	38520	买盘
14:06:27	10.69	--	10	10690	卖盘
14:06:15	10.69	--	5	5345	卖盘
14:06:12	10.69	--	17	18173	卖盘
14:06:03	10.69	--	8	8552	卖盘
14:05:45	10.69	0.01	62	66278	买盘
14:05:30	10.68	-0.01	2	2136	中性盘
14:05:21	10.69	0.02	38	40622	中性盘
14:05:15	10.67	-0.03	193	205931	卖盘
14:05:12	10.7	0.02	241	257869	买盘
14:04:51	10.68	-0.02	20	21360	卖盘
14:04:48	10.7	0.02	5	5350	买盘
14:04:39	10.68	--	7	7476	卖盘
14:04:33	10.68	-0.02	53	56604	卖盘
14:04:27	10.7	--	42	44940	买盘
14:04:24	10.7	--	45	48150	买盘
14:04:09	10.7	--	48	51360	买盘
14:03:54	10.7	0.02	42	44940	买盘
14:03:51	10.68	-0.01	50	53400	卖盘
14:03:42	10.69	0.01	17	18173	买盘
14:03:33	10.68	--	86	91848	卖盘
14:03:21	10.68	--	20	21360	卖盘
14:03:09	10.68	0.01	6	6408	中性盘
14:02:51	10.67	-0.03	5	5335	卖盘
14:02:48	10.7	0.03	6	6420	买盘
14:02:42	10.67	-0.01	3	3201	卖盘
14:02:39	10.68	0.01	10	10680	中性盘
14:02:18	10.67	--	5	5335	卖盘
14:02:06	10.67	-0.03	1	1067	卖盘
14:02:03	10.7	0.03	1	1070	买盘
14:02:00	10.67	-0.03	313	333971	卖盘
14:01:57	10.7	--	5	5350	买盘
14:01:54	10.7	--	10	10700	买盘
14:01:45	10.7	-0.01	246	263220	卖盘
14:01:42	10.71	--	5	5355	卖盘
14:01:30	10.71	--	10	10710	卖盘
14:01:27	10.71	--	10	10710	卖盘
14:01:09	10.71	-0.01	200	214200	卖盘
14:00:57	10.72	--	121	129712	卖盘
14:00:39	10.72	-0.02	6	6432	卖盘
14:00:33	10.74	--	39	41886	买盘
14:00:30	10.74	0.01	9	9666	买盘
14:00:24	10.73	--	29	31117	卖盘
14:00:18	10.73	-0.01	86	92278	卖盘
14:00:12	10.74	0.01	38	40812	买盘
13:59:54	10.73	--	3	3219	卖盘
13:59:51	10.73	-0.01	10	10730	中性盘
13:59:27	10.74	0.01	32	34368	买盘
13:59:21	10.73	-0.01	51	54723	卖盘
13:59:12	10.74	0.01	35	37590	买盘
13:59:06	10.73	--	280	300440	卖盘
13:59:00	10.73	--	254	272542	买盘
13:58:54	10.73	0.01	39	41847	买盘
13:58:48	10.72	-0.01	10	10720	卖盘
13:58:39	10.73	--	33	35409	买盘
13:58:36	10.73	--	34	36482	买盘
13:58:33	10.73	0.01	29	31117	买盘
13:58:27	10.72	-0.01	5	5360	卖盘
13:58:24	10.73	--	31	33263	买盘
13:58:18	10.73	--	10	10730	买盘
13:58:15	10.73	--	35	37555	买盘
13:58:09	10.73	--	20	21460	买盘
13:58:06	10.73	--	34	36482	买盘
13:58:03	10.73	--	51	54723	买盘
13:57:42	10.73	0.02	35	37555	买盘
13:57:39	10.71	-0.01	14	14994	卖盘
13:57:36	10.72	-0.01	1	1072	卖盘
13:57:27	10.73	0.01	36	38628	买盘
13:57:18	10.72	--	3	3216	卖盘
13:57:12	10.72	--	1	1072	卖盘
13:57:03	10.72	--	20	21440	卖盘
13:56:57	10.72	-0.01	4	4288	卖盘
13:56:54	10.73	0.01	46	49358	买盘
13:56:48	10.72	0.01	9	9648	卖盘
13:56:45	10.71	-0.02	83	88893	卖盘
13:56:42	10.73	0.01	10	10730	买盘
13:56:39	10.72	0.01	14	15008	买盘
13:56:33	10.71	-0.01	26	27846	卖盘
13:56:30	10.72	--	8	8576	卖盘
13:56:27	10.72	0.01	23	24656	买盘
13:56:24	10.71	--	8	8568	卖盘
13:56:18	10.71	--	48	51408	卖盘
13:56:15	10.71	-0.01	19	20349	卖盘
13:56:09	10.72	--	5	5360	买盘
13:56:06	10.72	-0.01	32	34304	卖盘
13:55:57	10.73	0.02	17	18241	买盘
13:55:51	10.71	-0.02	7	7497	卖盘
13:55:48	10.73	0.01	33	35409	买盘
13:55:45	10.72	--	67	71824	卖盘
13:55:42	10.72	-0.01	20	21440	卖盘
13:55:39	10.73	0.01	19	20387	买盘
13:55:30	10.72	--	42	45024	卖盘
13:55:27	10.72	-0.01	10	10720	卖盘
13:55:24	10.73	0.01	1	1073	买盘
13:55:09	10.72	--	3	3216	卖盘
13:55:03	10.72	--	38	40736	买盘
13:54:57	10.72	0.01	40	42880	买盘
13:54:54	10.71	--	23	24633	卖盘
13:54:48	10.71	--	10	10710	卖盘
13:54:45	10.71	0.01	100	107100	中性盘
13:54:33	10.7	-0.01	78	83460	卖盘
13:54:27	10.71	0.01	1	1071	买盘
13:54:21	10.7	--	11	11770	卖盘
13:54:15	10.7	--	10	10700	卖盘
13:54:12	10.7	0.01	20	21400	买盘
13:54:03	10.69	-0.01	10	10690	卖盘
13:54:00	10.7	--	50	53500	买盘
13:53:57	10.7	--	5	5350	买盘
13:53:54	10.7	0.02	48	51413	买盘
13:53:48	10.68	-0.01	17	18156	卖盘
13:53:42	10.69	--	47	50243	买盘
13:53:39	10.69	--	106	113314	买盘
13:53:33	10.69	--	3	3207	买盘
13:53:27	10.69	0.01	20	21380	买盘
13:53:06	10.68	0.01	28	29904	买盘
13:53:00	10.67	--	49	52283	卖盘
13:52:33	10.67	--	2	2134	买盘
13:52:27	10.67	--	78	83226	买盘
13:52:24	10.67	--	15	16005	买盘
13:52:21	10.67	--	40	42680	买盘
13:52:18	10.67	--	20	21340	买盘
13:52:12	10.67	--	6	6402	买盘
13:52:09	10.67	--	30	32010	买盘
13:52:06	10.67	0.01	10	10670	买盘
13:52:03	10.66	-0.01	178	189748	卖盘
13:51:57	10.67	--	39	41613	买盘
13:51:54	10.67	--	13	13871	买盘
13:51:51	10.67	--	10	10670	买盘
13:51:48	10.67	--	2	2134	买盘
13:51:42	10.67	--	40	42680	买盘
13:51:39	10.67	--	47	50149	买盘
13:51:36	10.67	--	239	255013	卖盘
13:51:27	10.67	--	11	11737	卖盘
13:51:18	10.67	--	1	1067	卖盘
13:51:15	10.67	--	31	33077	买盘
13:51:12	10.67	--	20	21340	买盘
13:51:09	10.67	--	75	80025	买盘
13:51:06	10.67	-0.01	59	62953	卖盘
13:51:03	10.68	--	10	10680	买盘
13:50:57	10.68	0.01	5	5340	买盘
13:50:51	10.67	--	18	19206	卖盘
13:50:45	10.67	-0.01	46	49082	卖盘
13:50:39	10.68	0.01	43	45924	买盘
13:50:36	10.67	--	52	55484	卖盘
13:50:30	10.67	--	30	32010	卖盘
13:50:12	10.67	-0.01	3	3201	卖盘
13:50:06	10.68	0.01	51	54468	买盘
13:50:03	10.67	-0.01	5	5335	卖盘
13:49:57	10.68	0.01	71	75828	买盘
13:49:54	10.67	-0.01	56	59752	卖盘
13:49:51	10.68	--	15	16020	买盘
13:49:39	10.68	0.01	8	8544	买盘
13:49:33	10.67	-0.01	6	6402	卖盘
13:49:30	10.68	--	10	10680	买盘
13:49:27	10.68	0.01	50	53400	买盘
13:49:24	10.67	-0.01	10	10670	卖盘
13:49:21	10.68	--	53	56604	买盘
13:49:15	10.68	0.01	61	65148	买盘
13:48:51	10.67	--	8	8536	卖盘
13:48:36	10.67	--	10	10670	卖盘
13:48:33	10.67	-0.01	1	1067	卖盘
13:48:18	10.68	--	30	32040	买盘
13:48:12	10.68	--	20	21360	买盘
13:48:00	10.68	0.01	5	5340	买盘
13:47:57	10.67	--	160	170720	卖盘
13:47:48	10.67	-0.01	86	91762	卖盘
13:47:36	10.68	--	10	10680	买盘
13:47:33	10.68	--	64	68352	买盘
13:47:27	10.68	--	69	73692	卖盘
13:47:12	10.68	--	50	53400	买盘
13:47:09	10.68	--	102	108936	买盘
13:47:06	10.68	--	25	26700	买盘
13:47:03	10.68	--	51	54468	买盘
13:46:57	10.68	--	51	54468	买盘
13:46:54	10.68	--	90	96120	卖盘
13:46:51	10.68	--	72	76896	卖盘
13:46:45	10.68	-0.01	60	64080	卖盘
13:46:42	10.69	0.01	10	10690	买盘
13:46:39	10.68	--	5	5340	卖盘
13:46:33	10.68	-0.01	15	16020	卖盘
13:46:27	10.69	--	5	5345	买盘
13:46:24	10.69	--	20	21380	买盘
13:46:21	10.69	--	20	21380	买盘
13:46:15	10.69	--	60	64140	卖盘
13:46:09	10.69	--	3	3207	卖盘
13:45:57	10.69	0.01	5	5345	买盘
13:45:51	10.68	-0.01	1	1068	卖盘
13:45:42	10.69	0.01	22	23518	中性盘
13:45:21	10.68	--	2	2136	卖盘
13:45:15	10.68	--	2	2136	卖盘
13:45:12	10.68	--	25	26700	买盘
13:45:09	10.68	--	33	35244	卖盘
13:45:03	10.68	-0.01	100	106800	卖盘
13:44:57	10.69	--	5	5345	买盘
13:44:51	10.69	--	200	213800	买盘
13:44:42	10.69	0.01	6	6414	买盘
13:44:39	10.68	--	20	21360	卖盘
13:44:36	10.68	--	4	4272	卖盘
13:44:33	10.68	-0.01	1	1068	卖盘
13:44:30	10.69	--	10	10690	买盘
13:44:06	10.69	-0.01	5	5345	中性盘
13:43:48	10.7	0.03	78	83460	买盘
13:43:39	10.67	--	10	10670	卖盘
13:43:30	10.67	-0.02	521	555907	卖盘
13:43:27	10.69	--	44	47036	买盘
13:43:24	10.69	--	30	32070	买盘
13:43:21	10.69	--	45	48105	买盘
13:43:18	10.69	0.01	43	45967	买盘
13:43:15	10.68	-0.01	46	49128	卖盘
13:43:12	10.69	--	62	66278	买盘
13:43:09	10.69	--	3	3207	买盘
13:43:03	10.69	--	48	51312	买盘
13:43:00	10.69	-0.01	7	7483	买盘
13:42:57	10.7	--	44	47080	买盘
13:42:54	10.7	--	43	46010	买盘
13:42:51	10.7	0.02	25	26750	买盘
13:42:48	10.68	--	94	100392	卖盘
13:42:30	10.68	--	87	92916	买盘
13:42:27	10.68	0.01	58	61944	买盘
13:42:24	10.67	0.01	30	32010	卖盘
13:42:18	10.66	-0.01	40	42640	卖盘
13:42:15	10.67	0.01	155	165385	买盘
13:42:12	10.66	-0.01	6	6396	卖盘
13:42:09	10.67	0.01	199	212333	买盘
13:41:57	10.66	--	9	9594	买盘
13:41:54	10.66	--	116	123656	买盘
13:41:51	10.66	-0.01	77	82082	卖盘
13:41:42	10.67	--	30	32010	买盘
13:41:39	10.67	0.01	5	5335	买盘
13:41:36	10.66	--	173	184418	卖盘
13:41:33	10.66	-0.01	6	6396	卖盘
13:41:24	10.67	--	1	1067	买盘
13:41:21	10.67	0.01	2	2134	买盘
13:41:15	10.66	-0.01	200	213200	卖盘
13:41:12	10.67	--	5	5335	买盘
13:40:54	10.67	-0.01	93	99231	卖盘
13:40:51	10.68	--	4	4272	买盘
13:40:45	10.68	0.01	8	8544	买盘
13:40:42	10.67	--	256	273152	卖盘
13:40:36	10.67	-0.01	200	213400	卖盘
13:40:33	10.68	--	57	60876	买盘
13:40:24	10.68	--	75	80100	买盘
13:40:18	10.68	--	67	71556	买盘
13:40:15	10.68	-0.01	73	77964	卖盘
13:40:12	10.69	0.01	17	18173	买盘
13:40:06	10.68	--	27	28836	买盘
13:40:03	10.68	--	10	10680	买盘
13:39:54	10.68	--	163	174084	卖盘
13:39:51	10.68	--	10	10680	卖盘
13:39:45	10.68	-0.01	35	37380	卖盘
13:39:42	10.69	--	2	2138	买盘
13:39:39	10.69	0.01	5	5345	买盘
13:39:36	10.68	--	200	213600	卖盘
13:39:33	10.68	-0.01	100	106800	中性盘
13:39:18	10.69	--	41	43829	买盘
13:39:15	10.69	-0.01	45	48105	中性盘
13:39:09	10.7	--	638	682660	买盘
13:39:06	10.7	0.01	5	5350	买盘
13:39:03	10.69	--	43	45967	买盘
13:38:57	10.69	--	45	48105	买盘
13:38:54	10.69	--	168	179592	卖盘
13:38:51	10.69	-0.01	20	21380	卖盘
13:38:48	10.7	0.01	11	11770	买盘
13:38:45	10.69	-0.01	38	40622	卖盘
13:38:36	10.7	--	68	72760	卖盘
13:38:30	10.7	--	40	42800	卖盘
13:38:24	10.7	--	46	49220	买盘
13:38:18	10.7	--	41	43870	买盘
13:38:15	10.7	-0.01	113	120909	卖盘
13:38:12	10.71	--	10	10710	买盘
13:38:06	10.71	0.01	5	5355	买盘
13:38:03	10.7	-0.01	54	57779	卖盘
13:37:54	10.71	0.01	20	21420	中性盘
13:37:45	10.7	-0.01	102	109140	卖盘
13:37:42	10.71	--	95	101745	买盘
13:37:36	10.71	--	242	259182	买盘
13:37:21	10.71	--	40	42840	买盘
13:37:15	10.71	--	39	41769	卖盘
13:37:06	10.71	-0.01	105	112455	卖盘
13:37:03	10.72	0.01	73	78256	买盘
13:37:00	10.71	-0.01	49	52479	卖盘
13:36:54	10.72	-0.01	97	103984	卖盘
13:36:51	10.73	0.01	36	38628	买盘
13:36:48	10.72	--	5	5360	卖盘
13:36:45	10.72	-0.01	15	16080	卖盘
13:36:42	10.73	0.01	44	47212	买盘
13:36:39	10.72	-0.01	7	7504	卖盘
13:36:36	10.73	-0.01	155	166315	卖盘
13:36:24	10.74	--	10	10740	买盘
13:36:15	10.74	--	71	76254	卖盘
13:36:12	10.74	--	25	26850	卖盘
13:36:06	10.74	--	24	25776	卖盘
13:35:42	10.74	0.02	242	259908	买盘
13:35:39	10.72	-0.02	743	796496	卖盘
13:35:33	10.74	--	22	23628	买盘
13:35:30	10.74	0.01	3	3222	买盘
13:35:27	10.73	-0.01	2	2146	卖盘
13:35:24	10.74	--	46	49404	买盘
13:35:18	10.74	--	7	7518	买盘
13:35:15	10.74	--	49	52626	买盘
13:35:09	10.74	0.01	52	55848	买盘
13:35:00	10.73	-0.01	1	1073	卖盘
13:34:57	10.74	--	53	56922	买盘
13:34:42	10.74	0.01	15	16110	买盘
13:34:33	10.73	-0.01	20	21460	卖盘
13:34:12	10.74	0.01	5	5370	买盘
13:34:03	10.73	--	3	3219	卖盘
13:33:39	10.73	--	17	18241	卖盘
13:33:36	10.73	--	3	3219	卖盘
13:33:33	10.73	--	30	32190	卖盘
13:33:18	10.73	--	9	9657	卖盘
13:33:12	10.73	-0.01	200	214600	卖盘
13:32:51	10.74	--	174	186876	卖盘
13:32:45	10.74	--	14	15036	卖盘
13:32:27	10.74	--	1	1074	卖盘
13:32:24	10.74	--	3	3222	卖盘
13:32:18	10.74	-0.01	30	32220	卖盘
13:32:06	10.75	--	1	1075	买盘
13:32:00	10.75	--	2	2150	买盘
13:31:57	10.75	--	227	244025	卖盘
13:31:33	10.75	0.01	11	11825	买盘
13:31:30	10.74	-0.01	4	4296	卖盘
13:31:27	10.75	--	9	9675	卖盘
13:31:24	10.75	--	45	48375	卖盘
13:31:12	10.75	--	23	24725	买盘
13:31:06	10.75	0.01	56	60200	买盘
13:31:03	10.74	--	6	6444	卖盘
13:30:45	10.74	--	64	68736	买盘
13:30:39	10.74	--	1	1074	买盘
13:30:36	10.74	--	2	2148	买盘
13:30:27	10.74	-0.01	29	31146	卖盘
13:30:24	10.75	0.01	20	21500	买盘
13:30:21	10.74	-0.01	4	4296	卖盘
13:30:09	10.75	--	5	5375	买盘
13:30:03	10.75	-0.01	14	15050	中性盘
13:29:45	10.76	0.01	15	16140	买盘
13:29:42	10.75	0.01	3	3225	中性盘
13:29:30	10.74	-0.01	309	331866	卖盘
13:29:24	10.75	-0.01	13	13975	卖盘
13:29:12	10.76	--	1	1076	买盘
13:29:06	10.76	0.01	8	8608	买盘
13:28:45	10.75	-0.01	3	3225	卖盘
13:28:42	10.76	0.01	10	10760	买盘
13:28:36	10.75	-0.01	5	5375	卖盘
13:28:24	10.76	0.01	10	10760	中性盘
13:28:15	10.75	-0.02	20	21500	卖盘
13:28:09	10.77	0.02	103	110931	买盘
13:28:00	10.75	--	36	38700	买盘
13:27:45	10.75	--	2	2150	买盘
13:27:42	10.75	--	7	7525	买盘
13:27:39	10.75	--	106	113950	买盘
13:27:27	10.75	-0.01	353	379475	卖盘
13:27:24	10.76	--	6	6456	卖盘
13:27:15	10.76	--	3	3228	卖盘
13:27:09	10.76	--	10	10760	卖盘
13:26:48	10.76	--	28	30128	买盘
13:26:45	10.76	0.01	2	2152	买盘
13:26:18	10.75	-0.02	1	1075	卖盘
13:26:03	10.77	0.02	46	49542	买盘
13:25:57	10.75	-0.02	400	430000	卖盘
13:25:54	10.77	--	52	56004	买盘
13:25:51	10.77	--	10	10770	买盘
13:25:39	10.77	--	10	10770	买盘
13:25:27	10.77	-0.01	1	1077	卖盘
13:25:21	10.78	0.02	3	3234	买盘
13:25:00	10.76	-0.01	50	53800	卖盘
13:24:54	10.77	--	1	1077	买盘
13:24:48	10.77	--	14	15078	买盘
13:24:30	10.77	--	4	4308	卖盘
13:24:27	10.77	--	5	5385	卖盘
13:24:24	10.77	--	5	5385	卖盘
13:24:21	10.77	--	18	19386	卖盘
13:24:12	10.77	--	27	29079	卖盘
13:24:03	10.77	--	25	26925	买盘
13:24:00	10.77	--	87	93699	买盘
13:23:54	10.77	--	74	79698	卖盘
13:23:48	10.77	--	3	3231	卖盘
13:23:45	10.77	0.01	3	3231	中性盘
13:23:33	10.76	-0.02	1	1076	卖盘
13:23:30	10.78	0.01	161	173558	买盘
13:23:15	10.77	--	20	21540	卖盘
13:23:09	10.77	--	17	18309	卖盘
13:23:06	10.77	--	20	21540	卖盘
13:23:03	10.77	--	20	21540	卖盘
13:23:00	10.77	--	10	10770	卖盘
13:22:57	10.77	--	5	5385	卖盘
13:22:51	10.77	--	30	32310	卖盘
13:22:48	10.77	--	20	21540	卖盘
13:22:36	10.77	--	5	5385	卖盘
13:22:33	10.77	--	95	102315	卖盘
13:22:30	10.77	--	4	4308	卖盘
13:22:24	10.77	-0.01	30	32310	卖盘
13:22:15	10.78	--	199	214522	卖盘
13:22:12	10.78	--	5	5390	卖盘
13:22:09	10.78	--	48	51744	卖盘
13:22:03	10.78	--	98	105644	卖盘
13:22:00	10.78	-0.01	6	6468	卖盘
13:21:57	10.79	--	30	32369	买盘
13:21:48	10.79	--	5	5395	买盘
13:21:45	10.79	--	25	26974	卖盘
13:21:42	10.79	--	3	3236	卖盘
13:21:39	10.79	--	52	56107	卖盘
13:21:33	10.79	--	20	21580	卖盘
13:21:30	10.79	-0.01	50	53949	卖盘
13:21:24	10.8	--	49	52920	买盘
13:21:15	10.8	0.02	22	23760	买盘
13:21:12	10.78	-0.02	27	29106	卖盘
13:21:09	10.8	0.01	115	124200	买盘
13:21:06	10.79	--	6	6473	卖盘
13:21:00	10.79	--	2	2158	卖盘
13:20:57	10.79	--	40	43160	卖盘
13:20:54	10.79	0.01	53	57186	中性盘
13:20:45	10.78	-0.01	100	107800	卖盘
13:20:39	10.79	0.01	5	5395	中性盘
13:20:33	10.78	--	140	150920	卖盘
13:20:27	10.78	--	47	50666	卖盘
13:20:24	10.78	-0.01	21	22638	卖盘
13:20:18	10.79	0.02	58	62581	买盘
13:20:15	10.77	-0.01	8	8616	卖盘
13:20:12	10.78	--	1	1078	卖盘
13:20:09	10.78	--	244	263032	买盘
13:20:06	10.78	--	4	4312	买盘
13:20:03	10.78	--	173	186494	卖盘
13:20:00	10.78	--	56	60368	卖盘
13:19:57	10.78	--	3	3234	卖盘
13:19:54	10.78	--	55	59290	卖盘
13:19:51	10.78	--	129	139062	卖盘
13:19:42	10.78	-0.02	4	4312	卖盘
13:19:36	10.8	--	79	85320	卖盘
13:19:33	10.8	--	8	8640	卖盘
13:19:30	10.8	0.02	30	32400	中性盘
13:19:27	10.78	-0.02	277	298606	卖盘
13:19:24	10.8	--	106	114480	买盘
13:19:18	10.8	--	2	2160	卖盘
13:19:15	10.8	--	80	86400	卖盘
13:19:06	10.8	--	41	44280	买盘
13:19:00	10.8	--	3	3240	买盘
13:18:57	10.8	--	181	195480	卖盘
13:18:54	10.8	--	110	118800	卖盘
13:18:51	10.8	--	3	3240	卖盘
13:18:45	10.8	--	363	392040	买盘
13:18:42	10.8	0.01	9	9720	买盘
13:18:39	10.79	-0.01	20	21580	卖盘
13:18:33	10.8	--	35	37800	买盘
13:18:30	10.8	--	1	1080	买盘
13:18:27	10.8	0.01	63	68040	买盘
13:18:24	10.79	--	24	25895	卖盘
13:18:18	10.79	-0.01	3	3236	卖盘
13:18:15	10.8	0.01	40	43200	买盘
13:18:12	10.79	-0.01	16	17264	卖盘
13:18:09	10.8	0.01	165	178200	买盘
13:18:03	10.79	--	41	44239	卖盘
13:18:00	10.79	0.01	20	21580	中性盘
13:17:57	10.78	-0.01	74	79772	卖盘
13:17:54	10.79	--	58	62581	买盘
13:17:51	10.79	-0.01	5	5395	卖盘
13:17:48	10.8	--	59	63720	买盘
13:17:45	10.8	0.01	76	82080	买盘
13:17:42	10.79	-0.01	154	166166	卖盘
13:17:39	10.8	0.01	2	2160	买盘
13:17:36	10.79	--	35	37765	卖盘
13:17:33	10.79	-0.01	20	21580	中性盘
13:17:27	10.8	0.01	96	103680	买盘
13:17:24	10.79	-0.01	124	133796	卖盘
13:17:21	10.8	--	128	138240	买盘
13:17:18	10.8	0.01	71	76680	买盘
13:17:15	10.79	--	5	5395	卖盘
13:17:12	10.79	-0.01	77	83083	卖盘
13:17:09	10.8	0.01	4	4320	买盘
13:17:06	10.79	--	15	16184	卖盘
13:17:03	10.79	--	78	84162	卖盘
13:17:00	10.79	--	95	102504	卖盘
13:16:57	10.79	--	54	58265	卖盘
13:16:51	10.79	--	2	2158	卖盘
13:16:48	10.79	--	35	37765	卖盘
13:16:45	10.79	--	25	26974	卖盘
13:16:42	10.79	--	110	118689	买盘
13:16:39	10.79	--	73	78767	买盘
13:16:36	10.79	--	62	66898	买盘
13:16:33	10.79	--	41	44239	买盘
13:16:24	10.79	0.01	40	43160	买盘
13:16:18	10.78	-0.01	72	77616	卖盘
13:16:15	10.79	--	68	73372	买盘
13:16:12	10.79	--	89	96030	买盘
13:16:09	10.79	0.01	229	247090	买盘
13:16:06	10.78	--	5	5390	卖盘
13:16:03	10.78	--	177	190806	买盘
13:16:00	10.78	--	96	103488	买盘
13:15:57	10.78	0.01	55	59290	买盘
13:15:54	10.77	-0.01	70	75390	卖盘
13:15:51	10.78	--	41	44198	买盘
13:15:48	10.78	--	43	46354	买盘
13:15:42	10.78	0.01	11	11858	买盘
13:15:39	10.77	--	50	53850	卖盘
13:15:36	10.77	--	12	12924	卖盘
13:15:33	10.77	--	50	53850	卖盘
13:15:27	10.77	--	60	64620	买盘
13:15:18	10.77	--	100	107700	买盘
13:15:15	10.77	--	4	4308	买盘
13:15:12	10.77	--	8	8616	买盘
13:15:09	10.77	--	5	5385	买盘
13:15:06	10.77	--	3	3231	买盘
13:15:00	10.77	0.01	6	6462	买盘
13:14:57	10.76	0.01	16	17216	买盘
13:14:48	10.75	-0.01	8	8600	卖盘
13:14:45	10.76	0.01	855	919980	买盘
13:14:36	10.75	0.01	1134	1219050	买盘
13:14:33	10.74	0.01	8	9483	卖盘
13:14:30	10.73	-0.01	6	6438	卖盘
13:14:27	10.74	--	40	42960	买盘
13:14:21	10.74	--	145	155730	买盘
13:14:18	10.74	--	11	11814	买盘
13:14:15	10.74	--	20	21480	买盘
13:14:12	10.74	--	15	16110	买盘
13:14:09	10.74	--	48	51552	买盘
13:14:03	10.74	--	46	49404	买盘
13:14:00	10.74	0.01	43	46182	买盘
13:13:57	10.73	-0.01	14	15022	卖盘
13:13:54	10.74	--	41	44034	买盘
13:13:51	10.74	--	39	41886	买盘
13:13:45	10.74	0.01	91	97734	买盘
13:13:42	10.73	--	136	145928	卖盘
13:13:36	10.73	--	10	10730	卖盘
13:13:30	10.73	--	18	19314	卖盘
13:13:21	10.73	--	20	21460	卖盘
13:13:09	10.73	--	11	11803	买盘
13:13:06	10.73	--	26	27898	买盘
13:13:00	10.73	--	38	40774	卖盘
13:12:54	10.73	--	3	3219	卖盘
13:12:51	10.73	0.01	526	564398	买盘
13:12:45	10.72	--	4	4288	卖盘
13:12:42	10.72	--	5	5360	卖盘
13:12:39	10.72	--	96	102912	卖盘
13:12:36	10.72	-0.01	5	5360	卖盘
13:12:30	10.73	--	51	54723	买盘
13:12:24	10.73	0.01	35	37555	买盘
13:12:21	10.72	--	10	10720	卖盘
13:12:15	10.72	-0.01	9	9648	卖盘
13:12:12	10.73	--	48	51504	买盘
13:12:09	10.73	--	33	35409	买盘
13:12:06	10.73	--	30	32190	买盘
13:12:03	10.73	--	28	30044	买盘
13:11:54	10.73	0.01	11	11803	买盘
13:11:48	10.72	-0.01	3	3216	卖盘
13:11:45	10.73	--	28	30044	买盘
13:11:42	10.73	0.01	32	34336	买盘
13:11:39	10.72	-0.01	4	4288	卖盘
13:11:30	10.73	-0.01	237	254301	卖盘
13:11:27	10.74	0.01	31	33294	买盘
13:11:24	10.73	--	10	10730	卖盘
13:11:03	10.73	--	22	23606	卖盘
13:11:00	10.73	--	10	10730	卖盘
13:10:57	10.73	--	30	32190	卖盘
13:10:39	10.73	--	8	8584	卖盘
13:10:24	10.73	--	9	9657	卖盘
13:10:21	10.73	--	22	23606	卖盘
13:10:18	10.73	--	6	6438	卖盘
13:10:15	10.73	--	13	13949	卖盘
13:10:12	10.73	--	28	30044	买盘
13:10:09	10.73	--	18	19314	买盘
13:10:06	10.73	--	39	41847	买盘
13:10:03	10.73	--	41	43993	买盘
13:10:00	10.73	--	86	92278	卖盘
13:09:57	10.73	--	12	12876	卖盘
13:09:54	10.73	--	229	245717	买盘
13:09:45	10.73	--	84	90132	卖盘
13:09:36	10.73	--	100	107300	卖盘
13:09:18	10.73	-0.01	200	214600	卖盘
13:09:12	10.74	0.01	11	11814	买盘
13:09:00	10.73	--	1	1073	中性盘
13:08:57	10.73	--	3	3219	卖盘
13:08:45	10.73	--	21	22533	卖盘
13:08:39	10.73	--	2	2146	卖盘
13:08:36	10.73	0.01	235	252155	买盘
13:08:27	10.72	--	302	323744	买盘
13:08:24	10.72	--	26	27872	买盘
13:08:18	10.72	0.01	17	18224	买盘
13:08:12	10.71	0.01	174	186354	买盘
13:08:06	10.7	-0.01	12	12840	卖盘
13:08:03	10.71	--	4	4284	买盘
13:07:54	10.71	--	53	56763	卖盘
13:07:51	10.71	--	30	32130	卖盘
13:07:42	10.71	-0.01	50	53550	中性盘
13:07:27	10.72	0.02	3	3216	买盘
13:07:18	10.7	-0.02	22	23540	卖盘
13:07:12	10.72	0.01	30	32160	买盘
13:07:06	10.71	0.01	20	21420	买盘
13:07:03	10.7	--	2	2140	卖盘
13:06:57	10.7	-0.02	6	6420	卖盘
13:06:51	10.72	--	31	33232	卖盘
13:06:36	10.72	--	25	26800	买盘
13:06:30	10.72	0.01	5	5360	买盘
13:06:24	10.71	-0.02	5	5355	卖盘
13:06:12	10.73	0.01	34	36482	买盘
13:06:00	10.72	--	2	2144	卖盘
13:05:45	10.72	--	9	9648	卖盘
13:05:39	10.72	0.01	115	123280	买盘
13:05:30	10.71	0.02	151	161721	买盘
13:05:27	10.69	--	5	5345	卖盘
13:05:06	10.69	--	10	10690	卖盘
13:04:39	10.69	-0.01	15	16035	卖盘
13:04:36	10.7	0.01	4	4280	中性盘
13:04:27	10.69	--	3	3207	卖盘
13:04:24	10.69	--	60	64140	卖盘
13:03:54	10.69	--	16	17104	卖盘
13:03:27	10.69	--	30	32070	卖盘
13:02:57	10.69	--	8	8552	卖盘
13:02:33	10.69	-0.02	500	534500	卖盘
13:02:30	10.71	--	2	2142	卖盘
13:02:06	10.71	--	9	9639	卖盘
13:02:03	10.71	-0.01	10	10710	卖盘
13:01:57	10.72	0.01	5	5360	买盘
13:01:51	10.71	-0.01	5	5355	卖盘
13:01:48	10.72	--	12	12864	买盘
13:01:36	10.72	--	6	6432	卖盘
13:01:33	10.72	--	3	3216	卖盘
13:01:30	10.72	--	6	6432	卖盘
13:00:57	10.72	--	6	6432	卖盘
13:00:54	10.72	--	3	3216	买盘
13:00:51	10.72	0.01	7	7504	中性盘
13:00:12	10.71	-0.01	33	35343	卖盘
13:00:09	10.72	--	2	2144	卖盘
13:00:06	10.72	0.01	94	100768	中性盘
13:00:03	10.71	-0.01	127	136017	卖盘
13:00:00	10.72	--	0	0	买盘
11:30:00	10.72	--	0	0	买盘
11:29:54	10.72	--	13	13936	买盘
11:29:48	10.72	--	5	5360	买盘
11:29:33	10.72	--	10	10720	买盘
11:29:30	10.72	--	48	51456	买盘
11:29:21	10.72	--	30	32160	买盘
11:29:00	10.72	--	13	13936	买盘
11:28:30	10.72	--	20	21440	买盘
11:28:18	10.72	0.01	92	98624	买盘
11:28:03	10.71	0.01	80	85680	买盘
11:27:57	10.7	--	10	10700	卖盘
11:27:39	10.7	--	8	8560	买盘
11:27:33	10.7	--	43	46010	卖盘
11:26:57	10.7	--	43	46010	买盘
11:26:54	10.7	0.01	5	5350	买盘
11:26:45	10.69	--	16	17104	卖盘
11:26:30	10.69	--	22	23518	买盘
11:26:24	10.69	--	2	2138	卖盘
11:26:18	10.69	--	100	106900	卖盘
11:26:03	10.69	--	12	12828	卖盘
11:25:51	10.69	--	18	19242	买盘
11:25:30	10.69	-0.01	10	10690	中性盘
11:25:18	10.7	0.01	38	40660	买盘
11:25:00	10.69	--	52	55588	卖盘
11:24:57	10.69	--	22	23518	卖盘
11:24:45	10.69	--	47	50243	买盘
11:24:42	10.69	0.01	30	32070	买盘
11:24:33	10.68	-0.01	259	276612	卖盘
11:24:21	10.69	--	55	58795	买盘
11:24:18	10.69	--	109	116521	卖盘
11:24:09	10.69	-0.01	17	18173	卖盘
11:23:54	10.7	--	10	10700	买盘
11:23:51	10.7	--	47	50290	买盘
11:23:48	10.7	--	5	5350	买盘
11:23:42	10.7	0.01	6	6420	买盘
11:23:39	10.69	--	11	11759	卖盘
11:23:15	10.69	-0.01	5	5345	卖盘
11:23:06	10.7	0.01	247	264290	买盘
11:22:54	10.69	--	19	20311	卖盘
11:22:42	10.69	--	11	11759	卖盘
11:22:33	10.69	--	23	24587	卖盘
11:22:27	10.69	--	10	10690	卖盘
11:22:21	10.69	--	80	85520	卖盘
11:21:57	10.69	-0.01	2	2138	卖盘
11:21:51	10.7	--	5	5350	买盘
11:21:45	10.7	--	11	11770	买盘
11:21:42	10.7	0.01	20	21400	买盘
11:21:39	10.69	-0.01	5	5345	卖盘
11:21:24	10.7	--	6	6420	买盘
11:21:03	10.7	--	5	5350	买盘
11:20:57	10.7	--	5	5350	买盘
11:20:54	10.7	--	5	5350	买盘
11:20:45	10.7	--	20	21400	买盘
11:20:24	10.7	--	342	365940	卖盘
11:20:18	10.7	-0.01	12	12840	卖盘
11:20:15	10.71	0.01	105	112455	买盘
11:20:12	10.7	-0.01	50	53500	卖盘
11:20:03	10.71	0.01	5	5355	买盘
11:20:00	10.7	-0.01	5	5350	卖盘
11:19:54	10.71	0.01	20	21420	买盘
11:19:21	10.7	--	10	10700	卖盘
11:19:18	10.7	--	12	12840	卖盘
11:18:57	10.7	--	30	32099	卖盘
11:18:54	10.7	-0.01	2	2140	卖盘
11:18:42	10.71	0.01	32	34272	买盘
11:18:21	10.7	--	128	136960	卖盘
11:18:15	10.7	--	10	10700	卖盘
11:18:12	10.7	-0.01	100	107000	卖盘
11:18:09	10.71	--	20	21420	买盘
11:18:03	10.71	--	10	10710	买盘
11:17:39	10.71	--	113	121023	卖盘
11:17:33	10.71	--	20	21420	卖盘
11:17:27	10.71	--	5	5355	卖盘
11:17:18	10.71	-0.01	8	8568	卖盘
11:17:03	10.72	0.01	50	53600	买盘
11:16:51	10.71	--	20	21420	卖盘
11:16:48	10.71	--	49	52479	卖盘
11:16:45	10.71	--	27	28917	卖盘
11:16:36	10.71	--	10	10710	卖盘
11:16:30	10.71	--	30	32130	卖盘
11:16:27	10.71	--	5	5355	卖盘
11:16:18	10.71	--	17	18207	卖盘
11:16:15	10.71	--	3	3213	卖盘
11:16:12	10.71	--	128	137088	买盘
11:16:06	10.71	--	13	13923	买盘
11:16:03	10.71	--	89	95319	卖盘
11:15:54	10.71	-0.01	3	3213	卖盘
11:15:45	10.72	0.01	1	1072	买盘
11:15:42	10.71	-0.01	5	5355	卖盘
11:15:39	10.72	0.01	4	4288	买盘
11:15:33	10.71	--	6	6426	卖盘
11:15:21	10.71	0.01	38	40698	中性盘
11:15:18	10.7	-0.02	26	27819	卖盘
11:15:12	10.72	0.01	1	1072	买盘
11:15:09	10.71	0.01	40	42840	买盘
11:15:06	10.7	-0.01	2	2140	卖盘
11:15:03	10.71	--	10	10710	买盘
11:14:54	10.71	0.01	1	1071	买盘
11:14:48	10.7	-0.01	34	36380	卖盘
11:14:45	10.71	0.01	50	53550	买盘
11:14:39	10.7	--	1	1070	卖盘
11:14:18	10.7	--	2	2140	卖盘
11:14:15	10.7	--	1	1070	卖盘
11:14:00	10.7	-0.01	200	214000	卖盘
11:13:48	10.71	--	3	3213	卖盘
11:13:45	10.71	--	2	2142	买盘
11:13:42	10.71	0.01	30	32130	买盘
11:13:39	10.7	--	2	2140	卖盘
11:13:36	10.7	--	25	26750	卖盘
11:13:33	10.7	-0.01	20	21400	卖盘
11:13:30	10.71	--	43	46053	买盘
11:13:09	10.71	0.01	1	1071	买盘
11:13:06	10.7	-0.01	30	32099	卖盘
11:13:03	10.71	--	4	4284	买盘
11:12:57	10.71	0.01	10	10710	买盘
11:12:54	10.7	--	14	14979	卖盘
11:12:42	10.7	0.01	155	165850	买盘
11:12:27	10.69	-0.01	25	26725	卖盘
11:12:15	10.7	--	20	21400	买盘
11:12:12	10.7	--	8	8560	买盘
11:12:06	10.7	--	5	5350	买盘
11:11:57	10.7	--	24	25680	买盘
11:11:54	10.7	--	11	11770	买盘
11:11:33	10.7	--	46	49220	买盘
11:11:24	10.7	--	1	1070	买盘
11:11:09	10.7	--	20	21400	买盘
11:11:03	10.7	--	20	21400	卖盘
11:10:48	10.7	--	36	38520	卖盘
11:10:45	10.7	-0.01	11	11770	卖盘
11:10:42	10.71	0.01	10	10710	买盘
11:10:36	10.7	--	20	21400	卖盘
11:10:33	10.7	0.02	448	479359	买盘
11:10:30	10.68	-0.01	10	10680	卖盘
11:10:27	10.69	0.01	67	71623	买盘
11:10:21	10.68	--	11	11748	卖盘
11:10:18	10.68	--	50	53400	卖盘
11:10:09	10.68	--	20	21360	卖盘
11:10:06	10.68	0.01	89	95052	买盘
11:10:03	10.67	--	1	1067	卖盘
11:10:00	10.67	--	85	90695	卖盘
11:09:51	10.67	--	1	1067	卖盘
11:09:45	10.67	-0.01	14	14938	卖盘
11:09:39	10.68	0.01	13	13884	中性盘
11:09:33	10.67	-0.01	317	338239	卖盘
11:09:27	10.68	--	3	3204	买盘
11:09:21	10.68	0.01	7	7476	买盘
11:09:12	10.67	-0.01	4	4268	卖盘
11:09:09	10.68	--	2	2136	买盘
11:09:06	10.68	--	15	16020	中性盘
11:08:57	10.68	-0.01	20	21360	卖盘
11:08:45	10.69	--	1	1069	买盘
11:08:36	10.69	0.02	4	4276	中性盘
11:08:33	10.67	--	41	43747	卖盘
11:08:24	10.67	-0.01	42	44814	卖盘
11:08:21	10.68	0.01	33	35244	买盘
11:08:18	10.67	--	10	10670	卖盘
11:08:12	10.67	0.01	55	58685	买盘
11:08:09	10.66	--	4	4264	卖盘
11:08:06	10.66	--	7	7462	卖盘
11:08:03	10.66	-0.01	25	26650	卖盘
11:07:57	10.67	0.01	3	3201	买盘
11:07:51	10.66	-0.02	5	5330	卖盘
11:07:42	10.68	0.01	2	2136	买盘
11:07:36	10.67	--	9	9603	卖盘
11:07:33	10.67	--	20	21340	卖盘
11:07:30	10.67	-0.01	1	1067	卖盘
11:07:21	10.68	--	23	24564	卖盘
11:07:09	10.68	-0.02	137	146316	卖盘
11:07:06	10.7	--	276	295320	卖盘
11:07:03	10.7	--	12	12840	卖盘
11:07:00	10.7	0.01	399	426930	买盘
11:06:48	10.69	0.01	1	1069	中性盘
11:06:36	10.68	-0.02	3	3204	卖盘
11:06:21	10.7	0.02	26	27819	买盘
11:06:18	10.68	-0.02	98	104664	卖盘
11:06:06	10.7	--	104	111279	卖盘
11:06:00	10.7	--	1106	1183420	卖盘
11:05:54	10.7	--	4	4280	卖盘
11:05:42	10.7	--	5	5350	卖盘
11:05:33	10.7	--	23	24610	卖盘
11:05:24	10.7	-0.01	50	53500	卖盘
11:05:21	10.71	--	55	58905	买盘
11:05:15	10.71	0.01	18	19278	买盘
11:05:09	10.7	--	400	428000	卖盘
11:04:57	10.7	--	15	16049	卖盘
11:04:39	10.7	--	5	5350	卖盘
11:04:36	10.7	-0.01	210	224699	卖盘
11:04:18	10.71	--	136	145656	卖盘
11:04:12	10.71	--	10	10710	卖盘
11:04:03	10.71	--	1	1071	卖盘
11:03:57	10.71	--	1	1071	卖盘
11:03:54	10.71	--	9	9639	卖盘
11:03:48	10.71	--	5	5355	卖盘
11:03:45	10.71	--	20	21420	卖盘
11:03:42	10.71	--	20	21420	卖盘
11:03:39	10.71	--	52	55692	卖盘
11:03:33	10.71	--	26	27846	买盘
11:03:30	10.71	--	3	3213	买盘
11:03:15	10.71	0.01	2	2142	中性盘
11:03:03	10.7	-0.01	175	187250	卖盘
11:02:54	10.71	--	5	5355	卖盘
11:02:42	10.71	--	16	17136	买盘
11:02:39	10.71	--	72	77112	买盘
11:02:36	10.71	--	100	107100	买盘
11:02:33	10.71	0.01	10	10710	买盘
11:02:30	10.7	-0.01	10	10700	卖盘
11:02:24	10.71	--	57	61047	买盘
11:02:21	10.71	--	31	33201	买盘
11:02:18	10.71	0.01	150	160650	买盘
11:02:15	10.7	-0.01	19	20330	卖盘
11:02:12	10.71	--	8	8568	买盘
11:02:09	10.71	0.01	3	3213	买盘
11:02:06	10.7	-0.01	1	1070	卖盘
11:02:00	10.71	0.01	12	12852	买盘
11:01:54	10.7	-0.01	19	20330	卖盘
11:01:51	10.71	--	2	2142	买盘
11:01:45	10.71	--	12	12852	买盘
11:01:42	10.71	--	12	12852	买盘
11:01:39	10.71	--	120	128520	买盘
11:01:36	10.71	--	20	21420	买盘
11:01:33	10.71	--	108	115668	买盘
11:01:30	10.71	0.01	18	19278	买盘
11:01:21	10.7	-0.01	26	27819	卖盘
11:01:12	10.71	0.01	55	58905	买盘
11:01:06	10.7	--	16	17120	卖盘
11:00:57	10.7	--	10	10700	卖盘
11:00:54	10.7	-0.01	31	33170	卖盘
11:00:51	10.71	0.01	5	5355	买盘
11:00:45	10.7	--	20	21400	卖盘
11:00:39	10.7	-0.01	14	14979	卖盘
11:00:36	10.71	0.01	38	40698	买盘
11:00:33	10.7	-0.01	1	1070	卖盘
11:00:30	10.71	--	28	29988	买盘
11:00:21	10.71	0.01	36	38556	买盘
11:00:15	10.7	-0.01	20	21400	卖盘
11:00:12	10.71	--	6	6426	买盘
11:00:09	10.71	--	367	393057	买盘
11:00:06	10.71	--	26	27846	买盘
11:00:03	10.71	--	40	42840	买盘
10:59:57	10.71	--	1	1071	买盘
10:59:54	10.71	0.01	182	194922	买盘
10:59:51	10.7	--	48	51360	卖盘
10:59:48	10.7	-0.01	5	5350	卖盘
10:59:45	10.71	--	22	23562	卖盘
10:59:42	10.71	0.01	20	21420	中性盘
10:59:33	10.7	--	20	21400	卖盘
10:59:24	10.7	-0.02	151	161570	卖盘
10:59:09	10.72	0.01	10	10720	买盘
10:59:06	10.71	-0.01	10	10710	卖盘
10:58:54	10.72	--	13	13936	买盘
10:58:45	10.72	0.01	13	13936	买盘
10:58:42	10.71	--	36	38556	卖盘
10:58:39	10.71	-0.01	5	5355	卖盘
10:58:36	10.72	--	5	5360	卖盘
10:58:33	10.72	-0.01	3	3216	卖盘
10:58:30	10.73	0.01	42	45066	买盘
10:58:27	10.72	--	49	52528	卖盘
10:58:24	10.72	--	1	1072	卖盘
10:58:21	10.72	--	68	72896	卖盘
10:58:15	10.72	-0.01	55	58960	卖盘
10:58:12	10.73	--	47	50431	买盘
10:58:09	10.73	--	62	66526	买盘
10:58:06	10.73	--	34	36482	买盘
10:58:00	10.73	--	37	39701	买盘
10:57:57	10.73	--	18	19314	买盘
10:57:54	10.73	0.01	46	49358	买盘
10:57:48	10.72	--	21	22512	卖盘
10:57:45	10.72	-0.01	41	43952	卖盘
10:57:42	10.73	--	35	37555	卖盘
10:57:39	10.73	--	32	34336	卖盘
10:57:33	10.73	--	6	6438	卖盘
10:57:27	10.73	--	63	67599	卖盘
10:57:24	10.73	--	32	34336	卖盘
10:57:15	10.73	--	95	101935	卖盘
10:57:09	10.73	-0.01	56	60088	卖盘
10:57:06	10.74	0.01	3	3222	买盘
10:57:00	10.73	-0.01	48	51504	卖盘
10:56:51	10.74	-0.01	12	12888	中性盘
10:56:42	10.75	--	44	47300	买盘
10:56:39	10.75	--	542	582650	买盘
10:56:36	10.75	--	36	38700	买盘
10:56:33	10.75	--	10	10750	买盘
10:56:30	10.75	--	41	44075	买盘
10:56:27	10.75	--	405	435375	卖盘
10:56:24	10.75	-0.01	79	84925	卖盘
10:56:21	10.76	0.01	50	53800	买盘
10:56:18	10.75	-0.01	10	10750	卖盘
10:56:15	10.76	--	21	22596	卖盘
10:56:12	10.76	--	34	36584	卖盘
10:56:09	10.76	-0.01	28	30128	卖盘
10:56:06	10.77	--	39	42003	买盘
10:56:03	10.77	0.01	105	113085	买盘
10:56:00	10.76	--	25	26900	卖盘
10:55:57	10.76	--	26	27976	卖盘
10:55:54	10.76	--	27	29052	买盘
10:55:51	10.76	0.01	20	21520	中性盘
10:55:45	10.75	-0.01	80	86000	卖盘
10:55:42	10.76	--	62	66712	买盘
10:55:39	10.76	--	66	71016	买盘
10:55:36	10.76	0.01	28	30128	买盘
10:55:33	10.75	--	10	10750	卖盘
10:55:30	10.75	-0.01	29	31175	卖盘
10:55:24	10.76	0.01	5	5380	买盘
10:55:21	10.75	--	113	121475	卖盘
10:55:18	10.75	--	12	12900	卖盘
10:55:15	10.75	--	705	757875	买盘
10:55:12	10.75	--	70	75250	买盘
10:55:09	10.75	--	39	41925	买盘
10:55:06	10.75	--	120	129000	买盘
10:55:03	10.75	--	14	15050	买盘
10:55:00	10.75	--	12	12900	买盘
10:54:51	10.75	0.01	30	32250	买盘
10:54:48	10.74	--	10	10740	卖盘
10:54:36	10.74	--	20	21480	卖盘
10:54:33	10.74	--	37	39738	买盘
10:54:30	10.74	0.01	76	81624	买盘
10:54:27	10.73	-0.01	10	10730	卖盘
10:54:21	10.74	--	11	11814	卖盘
10:54:15	10.74	0.01	51	54774	买盘
10:54:12	10.73	--	17	18241	卖盘
10:54:09	10.73	--	81	86913	卖盘
10:54:06	10.73	-0.01	158	169534	卖盘
10:54:00	10.74	0.01	62	66588	买盘
10:53:57	10.73	-0.01	3	3219	卖盘
10:53:54	10.74	--	3	3222	买盘
10:53:51	10.74	--	46	49404	买盘
10:53:48	10.74	--	18	19332	卖盘
10:53:45	10.74	--	23	24702	卖盘
10:53:42	10.74	--	7	7518	买盘
10:53:39	10.74	--	51	54774	买盘
10:53:33	10.74	--	67	71958	卖盘
10:53:27	10.74	--	22	23628	卖盘
10:53:24	10.74	--	7	7518	卖盘
10:53:18	10.74	--	69	74106	卖盘
10:53:09	10.74	0.01	44	47256	买盘
10:53:06	10.73	-0.01	137	147001	卖盘
10:53:03	10.74	--	8	8592	买盘
10:53:00	10.74	--	4	4296	买盘
10:52:54	10.74	--	11	11814	买盘
10:52:51	10.74	--	20	21480	买盘
10:52:45	10.74	--	28	30072	卖盘
10:52:39	10.74	--	37	39738	买盘
10:52:36	10.74	--	33	35442	中性盘
10:52:27	10.74	--	7	7518	卖盘
10:52:24	10.74	--	68	73032	买盘
10:52:18	10.74	--	58	62292	买盘
10:52:15	10.74	0.01	9	9666	买盘
10:52:12	10.73	--	105	112665	卖盘
10:52:09	10.73	--	23	24679	卖盘
10:52:06	10.73	--	76	81548	卖盘
10:52:03	10.73	--	81	86913	卖盘
10:52:00	10.73	-0.01	29	31117	卖盘
10:51:57	10.74	--	15	16110	买盘
10:51:54	10.74	--	68	73032	买盘
10:51:51	10.74	0.01	5	5370	买盘
10:51:48	10.73	--	100	107300	卖盘
10:51:45	10.73	-0.01	11	11803	卖盘
10:51:39	10.74	0.01	39	41886	买盘
10:51:33	10.73	-0.01	22	23606	卖盘
10:51:30	10.74	0.01	63	67662	买盘
10:51:27	10.73	-0.01	366	392718	卖盘
10:51:24	10.74	--	101	108474	买盘
10:51:21	10.74	0.01	29	31146	买盘
10:51:18	10.73	-0.01	15	16095	卖盘
10:51:15	10.74	--	70	75180	买盘
10:51:06	10.74	0.01	42	45108	买盘
10:51:03	10.73	--	12	12876	卖盘
10:51:00	10.73	--	23	24679	买盘
10:50:57	10.73	--	17	18241	中性盘
10:50:51	10.73	--	49	52577	卖盘
10:50:48	10.73	--	30	32190	买盘
10:50:45	10.73	--	54	57942	买盘
10:50:42	10.73	--	10	10730	买盘
10:50:39	10.73	--	68	72964	买盘
10:50:36	10.73	-0.01	31	33263	卖盘
10:50:33	10.74	0.01	61	65514	买盘
10:50:30	10.73	-0.01	46	49358	卖盘
10:50:27	10.74	--	100	107400	买盘
10:50:24	10.74	--	43	46182	买盘
10:50:18	10.74	0.01	59	63366	买盘
10:50:15	10.73	-0.01	11	11803	卖盘
10:50:12	10.74	--	78	83772	买盘
10:50:09	10.74	--	10	10740	买盘
10:50:06	10.74	-0.01	20	21480	卖盘
10:50:03	10.75	0.01	59	63425	买盘
10:50:00	10.74	-0.01	65	69810	卖盘
10:49:54	10.75	--	86	92450	买盘
10:49:51	10.75	--	8	8600	卖盘
10:49:48	10.75	-0.01	144	154800	卖盘
10:49:42	10.76	--	38	40888	买盘
10:49:39	10.76	-0.01	34	36584	卖盘
10:49:36	10.77	--	357	384489	买盘
10:49:33	10.77	--	253	272481	买盘
10:49:30	10.77	0.01	5	5385	买盘
10:49:27	10.76	-0.01	118	126968	卖盘
10:49:24	10.77	--	46	49542	卖盘
10:49:21	10.77	--	15	16155	卖盘
10:49:18	10.77	--	18	19386	卖盘
10:49:15	10.77	--	444	478188	买盘
10:49:12	10.77	--	17	18309	买盘
10:49:09	10.77	0.01	12	12924	买盘
10:49:06	10.76	--	71	76396	买盘
10:49:03	10.76	--	40	43040	卖盘
10:49:00	10.76	0.01	97	104372	买盘
10:48:57	10.75	--	55	59125	卖盘
10:48:51	10.75	0.01	450	483750	买盘
10:48:45	10.74	--	132	141768	买盘
10:48:42	10.74	0.01	5	5370	买盘
10:48:33	10.73	--	56	60088	买盘
10:48:30	10.73	0.01	64	68672	买盘
10:48:27	10.72	-0.01	10	10720	卖盘
10:48:24	10.73	0.01	32	34336	买盘
10:48:15	10.72	0.01	42	45024	买盘
10:48:12	10.71	--	28	29988	卖盘
10:48:09	10.71	--	32	34272	卖盘
10:48:00	10.71	0.01	84	89964	买盘
10:47:57	10.7	-0.01	2	2140	卖盘
10:47:54	10.71	--	2	2142	买盘
10:47:51	10.71	0.01	6	6426	买盘
10:47:48	10.7	0.01	521	557470	买盘
10:47:42	10.69	--	31	33139	买盘
10:47:39	10.69	0.01	51	54519	买盘
10:47:36	10.68	-0.01	42	44856	卖盘
10:47:33	10.69	0.01	45	48105	买盘
10:47:30	10.68	-0.01	30	32040	卖盘
10:47:27	10.69	0.01	20	21380	买盘
10:47:24	10.68	--	7	7476	卖盘
10:47:21	10.68	--	4	4272	买盘
10:47:18	10.68	0.01	11	11748	中性盘
10:47:12	10.67	-0.01	9	9603	卖盘
10:47:09	10.68	--	104	111072	卖盘
10:47:06	10.68	--	19	20836	买盘
10:47:00	10.68	--	54	57672	买盘
10:46:54	10.68	0.01	46	49128	买盘
10:46:51	10.67	-0.01	20	21340	卖盘
10:46:48	10.68	--	55	58740	买盘
10:46:42	10.68	--	10	10680	买盘
10:46:36	10.68	--	58	61944	买盘
10:46:33	10.68	--	10	10680	买盘
10:46:24	10.68	-0.01	226	241368	卖盘
10:46:21	10.69	0.01	218	233042	买盘
10:46:18	10.68	--	1	1068	卖盘
10:46:15	10.68	--	20	21360	卖盘
10:46:09	10.68	--	29	30972	买盘
10:46:06	10.68	--	50	53400	买盘
10:46:00	10.68	0.01	5	5340	买盘
10:45:51	10.67	--	15	16005	买盘
10:45:48	10.67	--	5	5335	卖盘
10:45:42	10.67	--	55	58685	买盘
10:45:39	10.67	--	1	1067	买盘
10:45:27	10.67	0.01	70	74690	买盘
10:45:21	10.66	--	53	56498	卖盘
10:45:18	10.66	--	7	7984	买盘
10:45:12	10.66	0.01	86	91676	买盘
10:44:51	10.65	--	1	1065	卖盘
10:44:48	10.65	-0.01	4	4803	卖盘
10:44:42	10.66	--	46	49558	买盘
10:44:33	10.66	0.01	5	5330	买盘
10:44:30	10.65	--	5	5325	卖盘
10:44:21	10.65	-0.01	5	5325	卖盘
10:44:15	10.66	0.01	41	43706	买盘
10:44:12	10.65	--	6	6390	卖盘
10:44:09	10.65	--	20	21300	卖盘
10:44:00	10.65	--	89	94785	卖盘
10:43:51	10.65	-0.01	20	21300	卖盘
10:43:48	10.66	0.01	21	22386	买盘
10:43:27	10.65	--	15	15975	卖盘
10:43:24	10.65	--	112	119280	卖盘
10:43:21	10.65	-0.01	5	5325	卖盘
10:43:18	10.66	0.01	10	10660	买盘
10:43:15	10.65	-0.01	10	10650	卖盘
10:43:06	10.66	0.01	57	60762	买盘
10:43:03	10.65	--	2	2130	卖盘
10:43:00	10.65	--	66	70290	卖盘
10:42:51	10.65	-0.01	3	3195	卖盘
10:42:48	10.66	--	49	52234	买盘
10:42:39	10.66	--	10	10660	买盘
10:42:36	10.66	--	56	59696	买盘
10:42:33	10.66	--	100	106600	买盘
10:42:27	10.66	0.01	64	68224	买盘
10:42:24	10.65	-0.01	5	5325	卖盘
10:42:06	10.66	0.01	10	10660	买盘
10:41:57	10.65	--	1	1065	卖盘
10:41:45	10.65	--	4	4260	买盘
10:41:42	10.65	0.01	20	21300	买盘
10:41:39	10.64	--	1	1064	卖盘
10:41:27	10.64	--	6	6384	卖盘
10:41:09	10.64	0.01	250	266978	买盘
10:40:54	10.63	-0.01	7	7441	卖盘
10:40:51	10.64	0.01	7	7448	买盘
10:40:39	10.63	-0.01	1	1063	卖盘
10:40:27	10.64	0.01	19	20216	买盘
10:40:09	10.63	-0.01	2	2126	卖盘
10:40:06	10.64	0.01	79	84056	买盘
10:40:00	10.63	--	5	5315	卖盘
10:39:48	10.63	--	1	1063	卖盘
10:39:39	10.63	0.01	38	40840	买盘
10:39:33	10.62	-0.01	10	10620	卖盘
10:39:21	10.63	--	31	32953	买盘
10:38:57	10.63	--	7	7441	买盘
10:38:51	10.63	0.01	174	184962	买盘
10:38:45	10.62	--	87	93009	卖盘
10:38:18	10.62	--	4	4248	卖盘
10:38:09	10.62	--	10	10620	卖盘
10:38:00	10.62	--	2	2124	卖盘
10:37:57	10.62	--	9	9558	卖盘
10:37:24	10.62	--	15	15929	卖盘
10:37:15	10.62	--	3	3185	卖盘
10:37:09	10.62	-0.01	24	25487	卖盘
10:37:06	10.63	0.01	1	1063	买盘
10:37:03	10.62	--	5	5310	卖盘
10:37:00	10.62	--	2	2124	卖盘
10:36:51	10.62	-0.01	31	32922	卖盘
10:36:39	10.63	--	5	5315	买盘
10:36:30	10.63	0.01	16	17008	买盘
10:36:27	10.62	--	29	31244	卖盘
10:36:15	10.62	-0.01	7	7433	卖盘
10:36:06	10.63	--	43	45709	卖盘
10:36:00	10.63	-0.01	205	217915	卖盘
10:35:57	10.64	--	21	22344	买盘
10:35:51	10.64	0.01	20	21280	买盘
10:35:48	10.63	-0.01	1	1063	卖盘
10:35:27	10.64	--	41	43709	卖盘
10:35:18	10.64	-0.01	31	32984	卖盘
10:35:15	10.65	-0.01	3	3195	中性盘
10:35:03	10.66	0.01	189	201474	买盘
10:34:57	10.65	-0.01	8	8520	中性盘
10:34:42	10.66	--	7	7462	买盘
10:34:09	10.66	0.02	10	10660	买盘
10:34:03	10.64	-0.01	69	73416	卖盘
10:34:00	10.65	0.01	169	180964	买盘
10:33:57	10.64	--	20	21280	卖盘
10:33:42	10.64	-0.01	3	3192	卖盘
10:33:39	10.65	--	5	5325	买盘
10:33:33	10.65	0.01	5	5325	买盘
10:33:30	10.64	-0.01	7	7448	卖盘
10:33:24	10.65	--	30	32035	卖盘
10:33:21	10.65	--	15	15975	卖盘
10:33:15	10.65	--	4	4260	卖盘
10:33:12	10.65	--	9	9585	卖盘
10:33:09	10.65	--	40	42600	卖盘
10:33:06	10.65	-0.01	1	1065	卖盘
10:33:03	10.66	0.01	1	1066	买盘
10:32:54	10.65	-0.01	66	70833	卖盘
10:32:51	10.66	0.01	148	158290	买盘
10:32:36	10.65	--	160	171379	买盘
10:32:33	10.65	0.01	5	5325	买盘
10:32:30	10.64	-0.01	51	54264	卖盘
10:32:15	10.65	--	9	9585	买盘
10:32:12	10.65	--	3	3195	买盘
10:32:06	10.65	--	74	78895	卖盘
10:31:51	10.65	--	1	1065	卖盘
10:31:48	10.65	--	10	10650	卖盘
10:31:30	10.65	--	10	10650	卖盘
10:31:27	10.65	0.01	191	204394	买盘
10:31:24	10.64	-0.01	30	31920	卖盘
10:31:18	10.65	--	9	9585	买盘
10:31:15	10.65	0.01	10	10650	买盘
10:31:12	10.64	--	3	3192	卖盘
10:31:03	10.64	-0.01	28	29792	卖盘
10:30:57	10.65	0.01	14	14910	买盘
10:30:45	10.64	-0.01	12	12768	卖盘
10:30:36	10.65	--	8	8520	买盘
10:30:24	10.65	0.02	8	8520	买盘
10:30:21	10.63	-0.02	9	9567	卖盘
10:30:12	10.65	-0.01	2	2130	买盘
10:30:06	10.66	--	121	129071	卖盘
10:30:03	10.66	0.02	509	543574	买盘
10:29:54	10.64	--	9	9576	卖盘
10:29:51	10.64	--	10	10640	卖盘
10:29:42	10.64	--	24	25536	卖盘
10:29:33	10.64	--	19	20216	卖盘
10:29:30	10.64	--	93	98952	卖盘
10:29:27	10.64	--	74	78736	买盘
10:29:18	10.64	--	76	80864	卖盘
10:29:15	10.64	--	50	53200	卖盘
10:29:03	10.64	--	5	5320	卖盘
10:28:57	10.64	--	2	2128	卖盘
10:28:51	10.64	--	3	3192	卖盘
10:28:48	10.64	--	82	87248	买盘
10:28:42	10.64	0.01	25	26600	买盘
10:28:27	10.63	-0.01	3	3189	卖盘
10:28:18	10.64	0.01	44	46816	买盘
10:28:12	10.63	0.02	253	268939	买盘
10:28:09	10.61	--	16	16976	卖盘
10:28:03	10.61	-0.01	27	28647	卖盘
10:28:00	10.62	0.01	53	56285	买盘
10:27:57	10.61	0.01	30	31830	中性盘
10:27:45	10.6	-0.01	93	98580	卖盘
10:27:42	10.61	--	138	146418	买盘
10:27:27	10.61	0.01	46	48806	买盘
10:27:24	10.6	-0.01	13	13780	卖盘
10:27:21	10.61	0.01	10	10610	买盘
10:27:15	10.6	--	1	1060	卖盘
10:27:12	10.6	--	3	3180	卖盘
10:27:06	10.6	--	18	19080	卖盘
10:27:03	10.6	-0.01	5	5300	卖盘
10:26:57	10.61	0.01	40	42440	买盘
10:26:39	10.6	-0.01	1	1060	卖盘
10:26:33	10.61	--	4	4244	买盘
10:26:30	10.61	--	13	13793	买盘
10:26:24	10.61	0.01	10	10610	买盘
10:26:21	10.6	--	30	31800	卖盘
10:26:15	10.6	--	12	12720	卖盘
10:26:09	10.6	--	3	3180	卖盘
10:25:57	10.6	-0.01	10	10600	卖盘
10:25:42	10.61	--	1	1061	买盘
10:25:33	10.61	--	4	4244	买盘
10:25:30	10.61	--	50	53050	买盘
10:25:24	10.61	0.01	45	47745	买盘
10:25:18	10.6	-0.01	20	21200	卖盘
10:24:51	10.61	0.01	91	96551	买盘
10:24:33	10.6	-0.01	5	5300	卖盘
10:24:30	10.61	--	39	41379	买盘
10:24:18	10.61	--	10	10610	买盘
10:24:03	10.61	--	10	10610	买盘
10:24:00	10.61	--	47	49867	卖盘
10:23:54	10.61	0.01	10	10610	买盘
10:23:51	10.6	--	171	181260	卖盘
10:23:48	10.6	-0.01	48	50880	卖盘
10:23:45	10.61	0.01	20	21220	买盘
10:23:42	10.6	--	1	1060	卖盘
10:23:39	10.6	-0.01	59	62540	卖盘
10:23:36	10.61	0.01	47	49867	买盘
10:23:33	10.6	-0.01	107	113420	卖盘
10:23:27	10.61	--	5	5305	买盘
10:23:24	10.61	0.01	13	13793	买盘
10:23:15	10.6	-0.01	55	58300	卖盘
10:23:06	10.61	--	5	5305	卖盘
10:23:03	10.61	--	3	3183	卖盘
10:22:57	10.61	--	5	5305	卖盘
10:22:48	10.61	-0.01	3	3183	卖盘
10:22:45	10.62	0.01	144	152928	买盘
10:22:27	10.61	--	5	5305	卖盘
10:22:18	10.61	-0.01	3	3183	卖盘
10:22:15	10.62	--	5	5310	买盘
10:22:06	10.62	--	5	5310	买盘
10:22:03	10.62	0.01	10	10620	买盘
10:21:51	10.61	0.01	104	110344	买盘
10:21:42	10.6	-0.01	3	3180	卖盘
10:21:33	10.61	--	24	25464	买盘
10:21:24	10.61	0.01	30	31830	买盘
10:21:21	10.6	--	9	9540	卖盘
10:21:18	10.6	--	2	2120	卖盘
10:21:09	10.6	--	26	27560	卖盘
10:21:06	10.6	--	2	2120	卖盘
10:21:03	10.6	0.01	53	56339	买盘
10:20:57	10.59	--	4	4236	卖盘
10:20:51	10.59	--	10	10590	卖盘
10:20:48	10.59	--	4	4236	卖盘
10:20:45	10.59	--	21	22239	卖盘
10:20:42	10.59	-0.01	9	9531	卖盘
10:20:39	10.6	0.01	39	41340	买盘
10:20:36	10.59	--	33	34947	卖盘
10:20:33	10.59	--	70	74130	卖盘
10:20:30	10.59	--	4	4236	卖盘
10:20:21	10.59	0.01	15	15885	中性盘
10:20:15	10.58	-0.01	10	10580	卖盘
10:20:12	10.59	--	18	19062	卖盘
10:20:09	10.59	0.01	1	1694	买盘
10:20:06	10.58	-0.01	17	17986	卖盘
10:20:00	10.59	0.01	5	5295	买盘
10:19:57	10.58	-0.01	20	21160	卖盘
10:19:51	10.59	--	64	67776	买盘
10:19:48	10.59	--	209	221331	买盘
10:19:45	10.59	--	15	15885	买盘
10:19:42	10.59	--	8	8472	买盘
10:19:39	10.59	--	253	268350	卖盘
10:19:33	10.59	-0.01	1	1059	卖盘
10:19:30	10.6	0.01	63	66780	买盘
10:19:24	10.59	--	2	2118	卖盘
10:19:18	10.59	--	61	65234	买盘
10:19:15	10.59	0.01	203	214977	买盘
10:19:12	10.58	-0.01	12	12696	卖盘
10:19:09	10.59	--	51	54009	买盘
10:19:03	10.59	-0.01	201	213282	卖盘
10:18:57	10.6	0.01	41	43460	买盘
10:18:54	10.59	--	1	1059	卖盘
10:18:51	10.59	--	9	9531	卖盘
10:18:45	10.59	-0.01	159	168381	卖盘
10:18:36	10.6	--	35	37100	买盘
10:18:33	10.6	--	20	21200	买盘
10:18:30	10.6	--	11	11660	买盘
10:18:27	10.6	--	2	2120	买盘
10:18:21	10.6	--	158	167480	买盘
10:18:15	10.6	--	25	26500	买盘
10:18:09	10.6	--	175	186401	卖盘
10:17:57	10.6	--	1	1060	卖盘
10:17:54	10.6	--	4	4240	卖盘
10:17:48	10.6	--	67	71179	买盘
10:17:45	10.6	--	10	10600	买盘
10:17:42	10.6	--	6	6360	买盘
10:17:39	10.6	--	421	447161	卖盘
10:17:36	10.6	-0.02	10	10600	卖盘
10:17:21	10.62	0.01	33	35046	买盘
10:17:18	10.61	-0.01	5	5305	卖盘
10:17:12	10.62	--	167	177354	买盘
10:17:00	10.62	0.01	43	45666	买盘
10:16:54	10.61	-0.01	19	20159	卖盘
10:16:45	10.62	--	5	5310	买盘
10:16:42	10.62	0.01	15	15929	买盘
10:16:33	10.61	--	21	22281	卖盘
10:16:30	10.61	--	42	44562	卖盘
10:16:24	10.61	--	21	22281	买盘
10:16:18	10.61	--	4	4244	卖盘
10:16:15	10.61	0.01	1	1061	买盘
10:16:03	10.6	-0.01	21	22260	卖盘
10:15:57	10.61	0.01	25	26525	中性盘
10:15:48	10.6	-0.01	20	21200	卖盘
10:15:45	10.61	--	5	5305	买盘
10:15:24	10.61	0.01	7	7427	买盘
10:15:21	10.6	-0.02	1	1060	卖盘
10:15:18	10.62	0.01	1661	1764141	买盘
10:15:15	10.61	--	5	5305	卖盘
10:15:12	10.61	--	30	31830	卖盘
10:15:03	10.61	--	1	1061	卖盘
10:14:57	10.61	--	10	10610	卖盘
10:14:33	10.61	-0.01	9	9549	卖盘
10:14:30	10.62	0.01	10	10620	买盘
10:14:27	10.61	--	1	1061	卖盘
10:14:15	10.61	--	32	33952	卖盘
10:14:12	10.61	-0.01	12	12732	卖盘
10:14:09	10.62	--	167	177354	买盘
10:14:06	10.62	0.01	10	10620	买盘
10:13:57	10.61	--	6	6366	卖盘
10:13:48	10.61	-0.01	3	3183	卖盘
10:13:42	10.62	0.01	4	4248	买盘
10:13:39	10.61	--	1	1061	卖盘
10:13:36	10.61	-0.01	1	1061	卖盘
10:13:27	10.62	--	52	55223	买盘
10:13:15	10.62	0.01	24	25487	买盘
10:12:51	10.61	-0.01	5	5305	卖盘
10:12:48	10.62	0.01	22	23364	买盘
10:12:36	10.61	-0.01	37	39257	卖盘
10:12:33	10.62	0.01	30	31859	中性盘
10:12:27	10.61	-0.01	160	169760	卖盘
10:12:12	10.62	--	15	15929	买盘
10:12:03	10.62	--	2	2124	买盘
10:11:42	10.62	0.01	2	2124	买盘
10:11:39	10.61	--	1	1061	卖盘
10:11:36	10.61	-0.01	3	3183	卖盘
10:11:30	10.62	0.01	5	5310	买盘
10:11:27	10.61	--	3	3183	卖盘
10:11:21	10.61	--	36	38196	买盘
10:11:18	10.61	--	12	12732	买盘
10:11:03	10.61	0.01	50	53050	买盘
10:11:00	10.6	-0.01	20	21200	卖盘
10:10:57	10.61	0.01	20	21220	买盘
10:10:45	10.6	--	61	64660	卖盘
10:10:42	10.6	-0.01	1	1060	卖盘
10:10:30	10.61	0.01	25	26525	买盘
10:10:27	10.6	-0.01	30	31800	卖盘
10:10:21	10.61	0.01	50	53050	买盘
10:10:12	10.6	--	10	10600	卖盘
10:10:06	10.6	--	9	9540	卖盘
10:10:03	10.6	--	20	21200	卖盘
10:10:00	10.6	--	15	15900	卖盘
10:09:57	10.6	0.01	44	46640	买盘
10:09:51	10.59	--	10	10590	卖盘
10:09:45	10.59	--	5	5295	卖盘
10:09:42	10.59	--	50	52950	卖盘
10:09:39	10.59	-0.01	191	202269	卖盘
10:09:27	10.6	--	40	42400	买盘
10:09:24	10.6	--	402	426120	卖盘
10:09:18	10.6	--	24	25440	卖盘
10:09:15	10.6	--	9	9540	卖盘
10:09:12	10.6	-0.01	20	21200	卖盘
10:09:09	10.61	0.01	50	53050	买盘
10:09:06	10.6	--	20	21200	卖盘
10:09:03	10.6	--	72	76320	卖盘
10:08:54	10.6	--	16	16960	卖盘
10:08:51	10.6	--	3	3180	卖盘
10:08:48	10.6	-0.01	48	50880	卖盘
10:08:42	10.61	--	354	375594	卖盘
10:08:39	10.61	-0.01	34	36074	卖盘
10:08:30	10.62	--	15	15929	买盘
10:08:18	10.62	--	5	5310	买盘
10:08:15	10.62	-0.01	8	8496	卖盘
10:08:12	10.63	0.01	12	12756	中性盘
10:08:03	10.62	--	74	78588	卖盘
10:08:00	10.62	--	5	5310	卖盘
10:07:57	10.62	-0.02	25	26549	卖盘
10:07:54	10.64	0.01	7	7448	买盘
10:07:48	10.63	--	20	21260	卖盘
10:07:45	10.63	--	10	10630	卖盘
10:07:36	10.63	--	9	9567	卖盘
10:07:33	10.63	--	117	124371	买盘
10:07:30	10.63	0.01	77	81851	买盘
10:07:27	10.62	--	8	8496	卖盘
10:07:21	10.62	-0.01	4	4248	卖盘
10:07:18	10.63	0.01	4	4252	买盘
10:07:15	10.62	--	26	27611	卖盘
10:07:12	10.62	-0.01	4	4248	卖盘
10:07:06	10.63	--	70	74410	买盘
10:07:00	10.63	--	155	164765	买盘
10:06:57	10.63	0.01	20	21260	买盘
10:06:54	10.62	-0.01	40	42480	卖盘
10:06:48	10.63	--	19	20197	买盘
10:06:45	10.63	0.01	21	22323	买盘
10:06:39	10.62	-0.01	3	3185	卖盘
10:06:36	10.63	--	20	21260	买盘
10:06:24	10.63	0.01	165	175395	买盘
10:06:21	10.62	--	99	105137	卖盘
10:06:18	10.62	--	1	1062	卖盘
10:06:15	10.62	--	5	5310	卖盘
10:06:12	10.62	--	3	3185	卖盘
10:06:09	10.62	0.01	5	5310	买盘
10:06:06	10.61	-0.01	53	56233	卖盘
10:06:00	10.62	0.01	24	25487	买盘
10:05:57	10.61	-0.01	4	4244	卖盘
10:05:54	10.62	0.01	170	180540	买盘
10:05:48	10.61	--	62	65782	卖盘
10:05:45	10.61	--	20	21220	中性盘
10:05:36	10.61	-0.01	10	10610	中性盘
10:05:30	10.62	0.02	177	187974	买盘
10:05:27	10.6	-0.01	9	9540	卖盘
10:05:24	10.61	0.01	10	10610	买盘
10:05:21	10.6	-0.01	13	13780	卖盘
10:05:18	10.61	0.01	174	184614	买盘
10:05:15	10.6	--	1	1060	卖盘
10:05:09	10.6	--	202	214120	卖盘
10:05:06	10.6	--	1	1060	卖盘
10:05:00	10.6	--	3	3180	卖盘
10:04:57	10.6	-0.01	4	4240	卖盘
10:04:54	10.61	--	19	20159	卖盘
10:04:51	10.61	--	30	31830	卖盘
10:04:45	10.61	--	152	161272	买盘
10:04:39	10.61	--	40	42440	买盘
10:04:36	10.61	0.01	4	4244	买盘
10:04:30	10.6	--	1	1060	卖盘
10:04:27	10.6	--	82	86920	卖盘
10:04:21	10.6	--	5	5300	卖盘
10:04:18	10.6	-0.02	5	5300	卖盘
10:04:15	10.62	-0.01	25	26549	买盘
10:04:12	10.63	0.03	202	214726	买盘
10:04:09	10.6	--	23	24380	卖盘
10:04:06	10.6	--	1	1060	卖盘
10:04:00	10.6	--	13	13780	卖盘
10:03:51	10.6	--	16	16960	卖盘
10:03:48	10.6	--	5	5300	卖盘
10:03:42	10.6	-0.01	5	5300	卖盘
10:03:39	10.61	--	21	22281	中性盘
10:03:33	10.61	0.01	5	5305	买盘
10:03:30	10.6	--	97	102820	买盘
10:03:27	10.6	--	28	29680	买盘
10:03:24	10.6	--	18	19080	买盘
10:03:21	10.6	--	17	18020	卖盘
10:03:18	10.6	0.01	9	9540	卖盘
10:03:15	10.59	-0.01	587	621633	卖盘
10:03:09	10.6	--	2	2120	卖盘
10:03:06	10.6	-0.01	539	571340	卖盘
10:02:48	10.61	--	3	3183	买盘
10:02:42	10.61	0.01	17	18037	买盘
10:02:39	10.6	--	155	164300	卖盘
10:02:36	10.6	-0.01	12	12720	卖盘
10:02:30	10.61	--	26	27586	买盘
10:02:21	10.61	0.01	6	6366	买盘
10:02:18	10.6	--	2	2120	卖盘
10:02:12	10.6	--	222	235956	买盘
10:02:06	10.6	--	40	42400	买盘
10:02:03	10.6	0.01	6	6360	买盘
10:02:00	10.59	-0.01	15	15885	卖盘
10:01:54	10.6	--	2	2120	买盘
10:01:51	10.6	--	259	274964	卖盘
10:01:45	10.6	--	15	15900	卖盘
10:01:36	10.6	--	100	106636	买盘
10:01:33	10.6	--	16	16960	买盘
10:01:30	10.6	0.01	39	41340	买盘
10:01:27	10.59	--	30	31770	卖盘
10:01:24	10.59	--	1	1059	卖盘
10:01:18	10.59	--	10	10590	卖盘
10:01:09	10.59	--	14	14826	卖盘
10:01:06	10.59	--	37	39183	卖盘
10:01:00	10.59	--	10	10590	卖盘
10:00:57	10.59	0.01	39	41301	买盘
10:00:54	10.58	-0.01	45	47610	卖盘
10:00:51	10.59	0.01	70	74130	买盘
10:00:48	10.58	-0.01	1	1058	卖盘
10:00:45	10.59	--	22	23298	买盘
10:00:42	10.59	0.01	40	42360	买盘
10:00:39	10.58	-0.01	169	178802	卖盘
10:00:30	10.59	-0.01	225	238275	卖盘
10:00:24	10.6	0.01	59	62540	买盘
10:00:18	10.59	-0.01	16	16944	卖盘
10:00:15	10.6	0.01	8	8480	买盘
10:00:12	10.59	-0.01	375	397125	卖盘
10:00:09	10.6	0.01	14	14840	买盘
10:00:03	10.59	--	5	5295	卖盘
09:59:57	10.59	--	50	52950	卖盘
09:59:48	10.59	-0.01	26	27534	卖盘
09:59:45	10.6	--	1	1060	买盘
09:59:42	10.6	0.01	5	5300	买盘
09:59:39	10.59	--	5	5295	卖盘
09:59:30	10.59	-0.01	57	60363	卖盘
09:59:24	10.6	0.01	13	13780	买盘
09:59:18	10.59	-0.01	24	25416	卖盘
09:59:15	10.6	0.01	3	3180	买盘
09:59:12	10.59	-0.01	21	22239	卖盘
09:59:09	10.6	0.01	18	19080	买盘
09:59:03	10.59	-0.01	100	105900	卖盘
09:59:00	10.6	--	10	10600	买盘
09:58:54	10.6	--	16	17384	卖盘
09:58:51	10.6	--	3	3816	买盘
09:58:45	10.6	--	18	19504	卖盘
09:58:42	10.6	--	34	36040	卖盘
09:58:39	10.6	--	12	12720	卖盘
09:58:36	10.6	--	13	13780	卖盘
09:58:33	10.6	--	11	11660	卖盘
09:58:27	10.6	--	51	54060	卖盘
09:58:21	10.6	-0.01	600	636000	卖盘
09:58:15	10.61	--	64	68540	买盘
09:58:12	10.61	--	2	2546	卖盘
09:58:06	10.61	--	50	53686	买盘
09:58:00	10.61	0.01	20	21220	买盘
09:57:57	10.6	--	20	21200	卖盘
09:57:48	10.6	-0.01	168	178080	卖盘
09:57:45	10.61	--	8	8488	买盘
09:57:39	10.61	0.01	100	106100	买盘
09:57:33	10.6	--	1	1060	卖盘
09:57:30	10.6	-0.01	3	3180	卖盘
09:57:27	10.61	--	505	536229	卖盘
09:57:24	10.61	--	15	15915	卖盘
09:57:18	10.61	--	302	320422	卖盘
09:57:12	10.61	--	201	213261	卖盘
09:57:09	10.61	-0.01	1	1061	卖盘
09:57:06	10.62	--	6	6371	买盘
09:57:00	10.62	-0.01	2	2124	卖盘
09:56:57	10.63	0.01	70	74410	买盘
09:56:54	10.62	0.01	11	11682	卖盘
09:56:51	10.61	-0.01	12	12732	卖盘
09:56:48	10.62	-0.01	1	1062	卖盘
09:56:36	10.63	0.01	5	5315	买盘
09:56:30	10.62	-0.01	2	2124	卖盘
09:56:27	10.63	0.01	7	7441	买盘
09:56:21	10.62	--	4	4248	卖盘
09:56:15	10.62	--	4	4248	卖盘
09:56:12	10.62	0.01	35	37170	买盘
09:56:09	10.61	-0.01	19	20159	卖盘
09:56:06	10.62	0.01	33	35046	买盘
09:56:03	10.61	-0.01	14	14854	卖盘
09:56:00	10.62	0.01	2	2124	买盘
09:55:54	10.61	--	3	3183	卖盘
09:55:42	10.61	--	94	100370	买盘
09:55:39	10.61	--	20	21220	买盘
09:55:36	10.61	--	40	42440	买盘
09:55:33	10.61	--	5	5305	买盘
09:55:30	10.61	-0.01	341	362225	卖盘
09:55:27	10.62	0.01	7	7433	中性盘
09:55:15	10.61	-0.01	21	22917	卖盘
09:55:12	10.62	0.01	10	10620	买盘
09:55:06	10.61	--	20	21220	卖盘
09:55:00	10.61	--	3	3183	卖盘
09:54:57	10.61	-0.01	22	23342	卖盘
09:54:54	10.62	0.01	149	158238	买盘
09:54:48	10.61	0.01	1	1061	买盘
09:54:45	10.6	-0.01	46	48760	卖盘
09:54:42	10.61	0.01	15	15915	买盘
09:54:39	10.6	-0.01	1	1060	卖盘
09:54:30	10.61	--	12	12732	买盘
09:54:27	10.61	0.01	20	21220	买盘
09:54:24	10.6	--	50	53000	卖盘
09:54:18	10.6	--	15	15900	中性盘
09:54:15	10.6	--	57	60420	卖盘
09:54:12	10.6	0.01	38	40280	买盘
09:54:09	10.59	-0.01	2	2118	卖盘
09:54:06	10.6	0.01	149	157940	买盘
09:54:03	10.59	--	7	7413	卖盘
09:53:57	10.59	--	31	32829	卖盘
09:53:54	10.59	-0.01	13	13767	卖盘
09:53:51	10.6	0.01	43	45580	买盘
09:53:48	10.59	--	42	44478	卖盘
09:53:45	10.59	--	15	15885	卖盘
09:53:42	10.59	--	10	10590	卖盘
09:53:39	10.59	-0.01	10	10590	卖盘
09:53:36	10.6	--	24	25440	买盘
09:53:30	10.6	--	57	60420	买盘
09:53:24	10.6	--	310	328600	买盘
09:53:21	10.6	--	59	62540	买盘
09:53:18	10.6	0.01	10	10600	买盘
09:53:15	10.59	-0.01	22	23298	卖盘
09:53:12	10.6	0.01	78	82680	买盘
09:53:09	10.59	-0.01	18	19062	卖盘
09:53:06	10.6	0.01	21	22260	买盘
09:53:00	10.59	--	10	10590	卖盘
09:52:57	10.59	--	103	109077	卖盘
09:52:51	10.59	-0.01	103	109077	卖盘
09:52:48	10.6	0.01	201	213060	买盘
09:52:42	10.59	--	12	12708	卖盘
09:52:39	10.59	--	25	26475	卖盘
09:52:36	10.59	--	29	30711	卖盘
09:52:30	10.59	-0.01	20	21180	卖盘
09:52:27	10.6	--	2	2120	买盘
09:52:24	10.6	0.01	6	6360	买盘
09:52:21	10.59	--	10	10590	卖盘
09:52:18	10.59	--	18	19062	卖盘
09:52:15	10.59	--	90	95310	买盘
09:52:12	10.59	--	10	10590	买盘
09:52:09	10.59	--	14	14826	卖盘
09:52:06	10.59	--	14	14826	卖盘
09:52:03	10.59	-0.01	36	38124	卖盘
09:52:00	10.6	0.01	32	33920	买盘
09:51:57	10.59	-0.01	56	59304	卖盘
09:51:54	10.6	0.01	5	5300	买盘
09:51:48	10.59	-0.01	36	38124	卖盘
09:51:39	10.6	--	198	209880	卖盘
09:51:36	10.6	--	97	102820	卖盘
09:51:33	10.6	--	229	242740	卖盘
09:51:30	10.6	--	9	9540	卖盘
09:51:27	10.6	-0.01	32	33920	卖盘
09:51:24	10.61	0.01	114	120954	买盘
09:51:21	10.6	-0.01	210	222600	卖盘
09:51:15	10.61	0.01	20	21220	买盘
09:51:09	10.6	-0.01	5	5300	卖盘
09:51:06	10.61	--	22	23342	卖盘
09:51:00	10.61	--	329	349069	卖盘
09:50:57	10.61	--	20	21220	卖盘
09:50:54	10.61	-0.01	18	19098	卖盘
09:50:51	10.62	0.01	50	53099	买盘
09:50:48	10.61	-0.01	60	63660	卖盘
09:50:39	10.62	--	2	2124	买盘
09:50:36	10.62	--	10	10620	买盘
09:50:33	10.62	--	47	50338	卖盘
09:50:30	10.62	--	200	212399	卖盘
09:50:24	10.62	-0.01	90	95580	卖盘
09:50:21	10.63	--	70	74410	买盘
09:50:18	10.63	0.01	4	4252	买盘
09:50:15	10.62	--	7	7433	卖盘
09:50:12	10.62	-0.01	2	2124	卖盘
09:50:03	10.63	0.01	3	3189	中性盘
09:50:00	10.62	-0.01	155	164610	卖盘
09:49:57	10.63	-0.01	10	10630	卖盘
09:49:48	10.64	0.01	1	1064	中性盘
09:49:42	10.63	0.01	10	10630	买盘
09:49:39	10.62	-0.01	35	37170	卖盘
09:49:36	10.63	0.01	24	26149	卖盘
09:49:30	10.62	-0.03	1	1062	卖盘
09:49:24	10.65	0.03	8	8520	买盘
09:49:21	10.62	--	10	10620	卖盘
09:49:18	10.62	-0.03	40	42480	卖盘
09:49:12	10.65	0.02	70	74550	买盘
09:49:09	10.63	--	56	59528	买盘
09:49:06	10.63	-0.01	198	210559	卖盘
09:49:03	10.64	--	4	4256	卖盘
09:49:00	10.64	-0.01	17	18939	卖盘
09:48:57	10.65	0.01	110	117150	买盘
09:48:54	10.64	-0.01	9	9576	卖盘
09:48:45	10.65	--	1	1065	买盘
09:48:39	10.65	--	17	18105	买盘
09:48:36	10.65	-0.01	17	18105	卖盘
09:48:27	10.66	0.01	3	3198	买盘
09:48:24	10.65	-0.01	36	38340	卖盘
09:48:21	10.66	--	1	1066	买盘
09:48:18	10.66	--	47	50102	买盘
09:48:12	10.66	--	6	6396	买盘
09:48:09	10.66	--	9	9594	卖盘
09:48:03	10.66	-0.01	2	2132	卖盘
09:47:57	10.67	-0.01	5	5335	卖盘
09:47:54	10.68	0.02	115	122820	买盘
09:47:45	10.66	-0.02	100	106600	卖盘
09:47:42	10.68	--	7	7476	买盘
09:47:33	10.68	0.02	77	82236	买盘
09:47:30	10.66	-0.01	110	117260	卖盘
09:47:27	10.67	--	10	10670	卖盘
09:47:24	10.67	0.01	194	206998	买盘
09:47:15	10.66	0.02	82	87412	买盘
09:47:12	10.64	-0.01	46	48944	卖盘
09:47:09	10.65	0.01	6	6390	买盘
09:47:06	10.64	-0.01	12	12768	卖盘
09:47:03	10.65	--	166	176790	卖盘
09:47:00	10.65	--	93	99045	卖盘
09:46:57	10.65	--	4	4260	卖盘
09:46:51	10.65	-0.01	104	110760	卖盘
09:46:48	10.66	0.01	84	89544	买盘
09:46:42	10.65	-0.01	113	120345	卖盘
09:46:39	10.66	--	30	31980	卖盘
09:46:33	10.66	0.01	63	67158	买盘
09:46:30	10.65	--	6	6390	卖盘
09:46:27	10.65	-0.01	5	5325	卖盘
09:46:24	10.66	--	15	15990	买盘
09:46:21	10.66	--	10	10660	买盘
09:46:18	10.66	--	101	107666	买盘
09:46:15	10.66	--	12	12792	买盘
09:46:12	10.66	0.01	44	46904	买盘
09:46:06	10.65	--	10	10650	卖盘
09:46:00	10.65	-0.01	19	20235	卖盘
09:45:57	10.66	0.01	1	1066	买盘
09:45:39	10.65	--	32	34080	卖盘
09:45:36	10.65	0.01	160	170400	买盘
09:45:33	10.64	-0.01	20	21280	卖盘
09:45:27	10.65	0.01	1	1065	买盘
09:45:24	10.64	--	29	30856	卖盘
09:45:15	10.64	0.01	131	139384	买盘
09:45:12	10.63	-0.01	64	68032	卖盘
09:45:09	10.64	--	10	10640	买盘
09:45:06	10.64	-0.01	59	62776	卖盘
09:45:03	10.65	--	7	7455	买盘
09:45:00	10.65	--	6	6390	买盘
09:44:57	10.65	0.01	242	257730	买盘
09:44:54	10.64	-0.01	72	76608	卖盘
09:44:48	10.65	0.01	20	21300	买盘
09:44:45	10.64	-0.01	180	191520	卖盘
09:44:36	10.65	0.02	14	14910	买盘
09:44:30	10.63	-0.01	18	19134	卖盘
09:44:24	10.64	--	46	48944	买盘
09:44:21	10.64	0.01	60	63840	买盘
09:44:18	10.63	-0.01	2	2126	卖盘
09:44:15	10.64	--	11	11704	买盘
09:44:09	10.64	--	235	250040	买盘
09:44:06	10.64	0.01	44	46816	买盘
09:44:03	10.63	-0.01	110	116930	卖盘
09:44:00	10.64	0.01	1	1064	买盘
09:43:57	10.63	-0.01	100	106300	卖盘
09:43:54	10.64	0.01	87	92568	买盘
09:43:51	10.63	--	15	15945	卖盘
09:43:48	10.63	-0.01	60	63780	卖盘
09:43:45	10.64	--	21	22344	买盘
09:43:42	10.64	--	125	133000	买盘
09:43:39	10.64	0.01	10	10640	买盘
09:43:36	10.63	-0.01	115	122245	卖盘
09:43:33	10.64	--	100	106400	买盘
09:43:27	10.64	0.01	29	30856	买盘
09:43:24	10.63	-0.01	127	135001	卖盘
09:43:21	10.64	--	21	22344	买盘
09:43:18	10.64	--	264	280896	卖盘
09:43:15	10.64	--	117	124488	卖盘
09:43:12	10.64	--	44	46816	卖盘
09:43:09	10.64	--	31	32984	卖盘
09:43:00	10.64	-0.01	100	106400	卖盘
09:42:57	10.65	0.01	24	25560	买盘
09:42:54	10.64	-0.01	22	23408	卖盘
09:42:51	10.65	0.01	30	31950	买盘
09:42:42	10.64	--	42	44688	卖盘
09:42:39	10.64	-0.01	8	8512	卖盘
09:42:36	10.65	--	6	6390	买盘
09:42:33	10.65	0.01	10	10650	买盘
09:42:30	10.64	--	101	107464	卖盘
09:42:27	10.64	-0.01	31	32984	卖盘
09:42:21	10.65	0.01	14	14910	中性盘
09:42:18	10.64	--	10	10640	卖盘
09:42:15	10.64	--	7	7448	卖盘
09:42:12	10.64	-0.01	20	21280	卖盘
09:42:09	10.65	-0.01	54	57510	卖盘
09:42:06	10.66	--	5	5330	买盘
09:42:03	10.66	--	6	6396	买盘
09:41:57	10.66	--	55	58630	买盘
09:41:54	10.66	0.01	92	98072	买盘
09:41:51	10.65	-0.01	37	39405	中性盘
09:41:48	10.66	0.01	22	23452	买盘
09:41:42	10.65	0.01	269	286485	买盘
09:41:36	10.64	-0.01	26	27664	卖盘
09:41:30	10.65	0.01	35	37275	买盘
09:41:27	10.64	--	51	54264	卖盘
09:41:24	10.64	--	100	106400	卖盘
09:41:21	10.64	-0.01	29	30856	卖盘
09:41:18	10.65	0.01	10	10650	买盘
09:41:15	10.64	--	92	97888	买盘
09:41:09	10.64	--	105	111720	卖盘
09:41:06	10.64	--	7	7448	买盘
09:41:03	10.64	--	26	27664	卖盘
09:40:57	10.64	--	52	55328	卖盘
09:40:54	10.64	--	52	55328	买盘
09:40:51	10.64	0.01	39	41496	中性盘
09:40:42	10.63	--	144	153072	卖盘
09:40:39	10.63	--	20	21260	卖盘
09:40:36	10.63	--	11	11693	卖盘
09:40:33	10.63	-0.01	28	29764	卖盘
09:40:30	10.64	0.01	57	60775	买盘
09:40:27	10.63	0.01	6	6378	买盘
09:40:24	10.62	-0.01	5	5310	中性盘
09:40:21	10.63	--	16	17943	卖盘
09:40:18	10.63	0.02	81	86230	买盘
09:40:15	10.61	-0.02	479	509152	卖盘
09:40:12	10.63	0.01	170	180837	买盘
09:40:09	10.62	-0.01	38	40356	卖盘
09:40:06	10.63	--	22	24321	卖盘
09:40:03	10.63	--	14	14882	卖盘
09:40:00	10.63	--	56	59655	买盘
09:39:57	10.63	--	20	21260	买盘
09:39:54	10.63	--	430	458110	卖盘
09:39:51	10.63	--	12	12756	卖盘
09:39:48	10.63	-0.01	82	87166	卖盘
09:39:45	10.64	0.01	149	158578	买盘
09:39:42	10.63	-0.01	22	23386	卖盘
09:39:39	10.64	0.01	20	21280	买盘
09:39:36	10.63	--	107	113741	卖盘
09:39:30	10.63	-0.01	2	2126	卖盘
09:39:21	10.64	--	50	53200	买盘
09:39:18	10.64	0.01	252	268128	买盘
09:39:15	10.63	--	96	102048	卖盘
09:39:09	10.63	--	105	111615	卖盘
09:39:06	10.63	-0.01	5	5315	卖盘
09:39:00	10.64	0.01	38	40432	买盘
09:38:57	10.63	--	19	20197	卖盘
09:38:54	10.63	0.01	55	58465	中性盘
09:38:51	10.62	-0.02	20	21240	卖盘
09:38:48	10.64	--	254	270256	买盘
09:38:45	10.64	--	20	21280	买盘
09:38:42	10.64	0.01	50	53200	买盘
09:38:39	10.63	--	10	10630	卖盘
09:38:36	10.63	-0.01	50	53150	卖盘
09:38:33	10.64	--	20	21280	买盘
09:38:27	10.64	-0.01	88	93632	卖盘
09:38:24	10.65	--	6	6390	买盘
09:38:12	10.65	0.01	6	6390	买盘
09:38:09	10.64	-0.01	10	10640	卖盘
09:38:06	10.65	--	8	8520	卖盘
09:38:03	10.65	--	147	156555	卖盘
09:38:00	10.65	--	2	2130	卖盘
09:37:57	10.65	--	6	6390	卖盘
09:37:54	10.65	--	8	8520	卖盘
09:37:51	10.65	0.01	803	855195	买盘
09:37:48	10.64	--	158	168112	卖盘
09:37:45	10.64	--	99	105336	卖盘
09:37:42	10.64	--	30	31920	卖盘
09:37:39	10.64	-0.01	40	42560	卖盘
09:37:36	10.65	0.01	6	6390	买盘
09:37:30	10.64	--	2	2128	卖盘
09:37:24	10.64	--	47	50008	卖盘
09:37:21	10.64	-0.01	15	15960	卖盘
09:37:18	10.65	--	62	66030	卖盘
09:37:15	10.65	--	51	54315	卖盘
09:37:09	10.65	-0.01	312	332280	卖盘
09:37:06	10.66	--	103	109798	买盘
09:37:03	10.66	-0.01	15	15990	卖盘
09:36:57	10.67	--	21	22759	卖盘
09:36:54	10.67	0.01	282	300894	买盘
09:36:51	10.66	--	50	53300	卖盘
09:36:48	10.66	--	80	85280	卖盘
09:36:45	10.66	-0.01	119	126854	卖盘
09:36:42	10.67	0.01	62	66868	买盘
09:36:39	10.66	-0.01	109	116194	卖盘
09:36:36	10.67	--	48	51568	卖盘
09:36:33	10.67	--	79	84293	卖盘
09:36:30	10.67	0.01	70	75404	买盘
09:36:27	10.66	--	1	1066	卖盘
09:36:24	10.66	-0.01	11	11726	卖盘
09:36:21	10.67	--	2	2134	买盘
09:36:09	10.67	--	78	83578	卖盘
09:36:06	10.67	-0.01	316	337172	卖盘
09:36:03	10.68	0.01	43	45924	买盘
09:36:00	10.67	-0.01	5	5335	卖盘
09:35:57	10.68	--	2	2136	买盘
09:35:54	10.68	--	35	37380	买盘
09:35:48	10.68	-0.01	11	11748	中性盘
09:35:45	10.69	0.01	10	10690	买盘
09:35:39	10.68	--	77	82236	卖盘
09:35:36	10.68	0.01	147	156996	买盘
09:35:33	10.67	--	98	104566	卖盘
09:35:30	10.67	--	37	39479	卖盘
09:35:27	10.67	--	8	8536	卖盘
09:35:24	10.67	--	26	27742	卖盘
09:35:18	10.67	--	28	29876	卖盘
09:35:12	10.67	0.01	146	156496	买盘
09:35:09	10.66	--	3	3198	卖盘
09:35:06	10.66	-0.01	10	10660	卖盘
09:35:03	10.67	-0.01	235	251097	卖盘
09:35:00	10.68	--	3	3204	卖盘
09:34:57	10.68	0.01	80	85440	买盘
09:34:51	10.67	0.01	42	45528	买盘
09:34:45	10.66	-0.01	2	2132	卖盘
09:34:39	10.67	--	14	14938	买盘
09:34:36	10.67	--	23	24893	卖盘
09:34:33	10.67	0.01	142	152228	买盘
09:34:30	10.66	--	6	6396	买盘
09:34:27	10.66	-0.03	156	166647	卖盘
09:34:24	10.69	0.02	20	21380	买盘
09:34:21	10.67	--	262	280268	买盘
09:34:18	10.67	0.01	5	5335	买盘
09:34:15	10.66	-0.01	49	52234	卖盘
09:34:12	10.67	--	131	139777	卖盘
09:34:09	10.67	--	230	245410	卖盘
09:34:03	10.67	--	29	30943	买盘
09:34:00	10.67	--	5	5335	买盘
09:33:54	10.67	0.02	65	69355	买盘
09:33:39	10.65	-0.04	97	103826	卖盘
09:33:33	10.69	0.01	126	134694	买盘
09:33:30	10.68	--	30	32040	卖盘
09:33:24	10.68	-0.01	31	33108	卖盘
09:33:21	10.69	0.01	21	22449	中性盘
09:33:15	10.68	-0.02	6	6408	卖盘
09:33:12	10.7	--	12	12840	买盘
09:33:09	10.7	0.02	1	1070	买盘
09:33:03	10.68	0.02	9	9612	卖盘
09:32:57	10.66	-0.01	152	162032	卖盘
09:32:54	10.67	-0.03	18	19206	卖盘
09:32:51	10.7	--	26	27819	买盘
09:32:45	10.7	0.01	238	254659	买盘
09:32:42	10.69	-0.01	81	86589	卖盘
09:32:39	10.7	--	242	258939	买盘
09:32:36	10.7	--	9	9630	买盘
09:32:33	10.7	--	18	19260	买盘
09:32:30	10.7	--	108	115559	买盘
09:32:27	10.7	--	11	12315	卖盘
09:32:24	10.7	--	81	87194	卖盘
09:32:21	10.7	-0.01	10	10700	卖盘
09:32:18	10.71	0.01	156	167076	买盘
09:32:15	10.7	-0.01	3	3210	卖盘
09:32:09	10.71	--	10	10710	卖盘
09:32:03	10.71	0.01	15	16065	中性盘
09:32:00	10.7	--	34	36380	卖盘
09:31:57	10.7	--	4	4280	卖盘
09:31:54	10.7	-0.01	30	32099	卖盘
09:31:51	10.71	0.02	45	48195	买盘
09:31:45	10.69	-0.01	90	96210	卖盘
09:31:42	10.7	0.01	5	5350	买盘
09:31:39	10.69	--	10	10690	卖盘
09:31:36	10.69	--	17	18173	卖盘
09:31:33	10.69	-0.01	6	6414	卖盘
09:31:30	10.7	0.01	428	457959	买盘
09:31:27	10.69	--	1	1069	卖盘
09:31:24	10.69	--	63	67347	买盘
09:31:21	10.69	0.05	365	390185	买盘
09:31:15	10.64	--	221	235144	卖盘
09:31:12	10.64	--	11	11704	卖盘
09:31:06	10.64	--	232	246848	卖盘
09:31:03	10.64	-0.01	1	1064	卖盘
09:31:00	10.65	--	10	10650	中性盘
09:30:57	10.65	0.01	10	10650	卖盘
09:30:54	10.64	--	25	26600	卖盘
09:30:51	10.64	--	37	39368	卖盘
09:30:48	10.64	--	5	5320	卖盘
09:30:45	10.64	--	6	6384	卖盘
09:30:42	10.64	--	5	5320	卖盘
09:30:36	10.64	--	10	10640	卖盘
09:30:33	10.64	--	20	21280	卖盘
09:30:30	10.64	--	31	32984	卖盘
09:30:27	10.64	0.01	33	35112	买盘
09:30:24	10.63	-0.05	61	64843	卖盘
09:30:15	10.68	0.04	37	39516	买盘
09:30:09	10.64	-0.01	119	126616	卖盘
09:30:06	10.65	-0.03	42	44730	卖盘
09:30:03	10.68	-0.02	446	476328	卖盘
09:30:00	10.7	--	0	0	买盘
09:25:03	10.7	10.7	158	169060	买盘
