成交时间	成交价	价格变动	成交量(手)	成交额(元)	性质
15:00:03	8.37	--	511	427706	卖盘
14:57:00	8.37	--	0	0	卖盘
14:56:51	8.37	0.01	59	49382	买盘
14:56:45	8.36	--	20	16720	卖盘
14:56:39	8.36	-0.01	10	8360	卖盘
14:56:06	8.37	--	11	9207	买盘
14:56:03	8.37	--	11	9207	卖盘
14:56:00	8.37	--	34	28457	卖盘
14:55:57	8.37	--	43	35991	买盘
14:55:54	8.37	0.01	3	2510	买盘
14:55:42	8.36	--	100	83600	卖盘
14:55:33	8.36	-0.02	22	18392	卖盘
14:55:27	8.38	0.01	20	16760	买盘
14:55:12	8.37	--	4	3347	买盘
14:55:09	8.37	--	3	2510	卖盘
14:55:03	8.37	--	1	836	卖盘
14:54:48	8.37	--	6	5021	卖盘
14:54:42	8.37	0.01	19	15902	中性盘
14:54:27	8.36	-0.01	7	5852	卖盘
14:54:18	8.37	--	70	58589	卖盘
14:54:15	8.37	--	50	41849	卖盘
14:54:03	8.37	--	2	1673	卖盘
14:53:33	8.37	--	2	1673	卖盘
14:53:24	8.37	0.01	7	5858	买盘
14:53:03	8.36	-0.01	1	836	卖盘
14:53:00	8.37	0.01	17	14228	买盘
14:52:57	8.36	-0.02	7	5852	卖盘
14:52:24	8.38	0.02	7	5866	买盘
14:52:03	8.36	--	1	836	卖盘
14:51:51	8.36	-0.02	20	16720	卖盘
14:51:48	8.38	--	50	41900	买盘
14:51:27	8.38	-0.01	15	12570	买盘
14:51:06	8.39	0.01	70	58730	买盘
14:51:03	8.38	--	8	6704	卖盘
14:51:00	8.38	-0.01	20	16760	中性盘
14:50:48	8.39	0.06	24	20136	买盘
14:50:42	8.33	-0.06	95	79135	卖盘
14:50:36	8.39	0.01	30	25170	买盘
14:50:30	8.38	--	489	409782	卖盘
14:50:27	8.38	--	8	6704	卖盘
14:50:21	8.38	--	7	5866	卖盘
14:50:03	8.38	--	2	1676	卖盘
14:49:48	8.38	0.01	397	332686	买盘
14:49:21	8.37	--	53	44360	卖盘
14:49:12	8.37	--	5	4185	卖盘
14:49:03	8.37	--	1	836	卖盘
14:49:00	8.37	--	15	12554	卖盘
14:48:57	8.37	--	4	3347	卖盘
14:48:54	8.37	--	50	41849	卖盘
14:48:42	8.37	--	3	2510	卖盘
14:48:15	8.37	-0.01	1	836	卖盘
14:48:09	8.38	0.01	3	2514	买盘
14:48:06	8.37	--	10	8370	卖盘
14:48:03	8.37	-0.02	1	836	卖盘
14:47:48	8.39	0.02	2	1678	买盘
14:47:36	8.37	-0.02	3	2510	中性盘
14:47:30	8.39	0.02	110	92290	买盘
14:47:24	8.37	-0.02	1	1665	卖盘
14:47:21	8.39	0.01	48	40272	买盘
14:47:15	8.38	0.01	228	191072	买盘
14:47:12	8.37	--	33	27620	买盘
14:47:03	8.37	0.01	26	21761	买盘
14:46:54	8.36	--	79	66044	卖盘
14:46:51	8.36	--	2	1672	卖盘
14:46:48	8.36	-0.01	69	57683	中性盘
14:46:24	8.37	0.01	24	20087	买盘
14:46:18	8.36	--	110	91960	买盘
14:46:09	8.36	0.03	602	503271	买盘
14:46:03	8.33	-0.01	1	833	卖盘
14:46:00	8.34	0.01	795	663030	买盘
14:45:15	8.33	0.01	226	188258	买盘
14:45:03	8.32	-0.01	1	832	卖盘
14:44:57	8.33	--	2	1666	买盘
14:44:54	8.33	--	16	13328	买盘
14:44:51	8.33	--	73	60809	卖盘
14:44:33	8.33	--	4	3332	卖盘
14:44:24	8.33	--	5	4165	卖盘
14:44:09	8.33	-0.01	20	16660	卖盘
14:44:06	8.34	0.01	3	2502	买盘
14:44:03	8.33	--	2	1666	卖盘
14:43:39	8.33	-0.01	10	8330	中性盘
14:43:06	8.34	0.02	7	5838	买盘
14:42:54	8.32	-0.02	800	665600	卖盘
14:42:39	8.34	--	232	193488	卖盘
14:42:33	8.34	--	20	16680	卖盘
14:42:30	8.34	--	11	9174	卖盘
14:42:12	8.34	--	20	16680	卖盘
14:42:03	8.34	-0.01	1	834	卖盘
14:41:51	8.35	0.01	5	4175	买盘
14:41:42	8.34	-0.01	16	13344	卖盘
14:41:39	8.35	0.01	3	2505	买盘
14:41:36	8.34	--	9	7506	卖盘
14:41:33	8.34	--	8	6672	卖盘
14:41:03	8.34	-0.01	1	834	卖盘
14:40:21	8.35	0.01	3	2505	买盘
14:40:03	8.34	-0.01	1	834	卖盘
14:39:27	8.35	--	42	35070	卖盘
14:39:03	8.35	--	2	1670	卖盘
14:38:48	8.35	0.01	30	25050	买盘
14:38:33	8.34	--	7	5838	卖盘
14:38:30	8.34	-0.01	22	18348	卖盘
14:38:21	8.35	0.01	3	2505	买盘
14:38:03	8.34	-0.01	1	834	卖盘
14:38:00	8.35	--	82	68470	卖盘
14:37:42	8.35	-0.01	9	7515	卖盘
14:37:06	8.36	0.01	20	16720	买盘
14:37:03	8.35	--	7	5845	卖盘
14:36:33	8.35	--	26	21710	卖盘
14:36:24	8.35	--	104	86840	卖盘
14:36:18	8.35	--	4	3340	卖盘
14:36:12	8.35	--	5	4175	卖盘
14:36:03	8.35	--	1	835	卖盘
14:35:45	8.35	--	10	8350	卖盘
14:35:27	8.35	--	2	1670	卖盘
14:35:15	8.35	--	2	1670	卖盘
14:35:03	8.35	--	2	1670	卖盘
14:35:00	8.35	--	15	12525	卖盘
14:34:51	8.35	--	2	1670	卖盘
14:34:27	8.35	-0.01	200	167000	卖盘
14:34:12	8.36	0.01	12	10032	买盘
14:34:03	8.35	-0.01	1	835	卖盘
14:34:00	8.36	0.01	5	4180	买盘
14:33:51	8.35	--	80	66800	卖盘
14:33:03	8.35	--	35	29225	买盘
14:32:45	8.35	--	88	73480	卖盘
14:32:42	8.35	--	20	16700	卖盘
14:32:18	8.35	--	50	41750	卖盘
14:32:03	8.35	--	9	7515	卖盘
14:31:54	8.35	--	6	5010	卖盘
14:31:39	8.35	--	2	1670	卖盘
14:31:24	8.35	--	1	835	卖盘
14:31:18	8.35	--	2	1670	卖盘
14:31:03	8.35	--	1	835	卖盘
14:30:54	8.35	0.01	56	46760	买盘
14:30:48	8.34	-0.01	11	9174	卖盘
14:30:42	8.35	0.01	20	16700	买盘
14:30:24	8.34	-0.01	10	8340	卖盘
14:30:15	8.35	0.01	12	10020	买盘
14:30:03	8.34	-0.01	2	1668	卖盘
14:30:00	8.35	--	12	10020	买盘
14:29:51	8.35	--	12	10020	买盘
14:29:27	8.35	0.01	5	4175	买盘
14:29:03	8.34	-0.01	1	834	卖盘
14:29:00	8.35	0.01	2	1670	买盘
14:28:18	8.34	--	2	1668	卖盘
14:28:03	8.34	--	13	10842	卖盘
14:27:03	8.34	-0.01	1	834	卖盘
14:26:42	8.35	-0.01	36	30060	卖盘
14:26:30	8.36	0.01	353	295108	买盘
14:26:12	8.35	--	118	98530	买盘
14:25:48	8.35	--	116	96860	买盘
14:25:42	8.35	0.01	89	74315	买盘
14:25:15	8.34	--	2	1668	卖盘
14:25:12	8.34	-0.01	6	5004	卖盘
14:25:06	8.35	--	10	8350	买盘
14:25:03	8.35	--	11	9185	买盘
14:24:57	8.35	0.01	2	1670	买盘
14:24:45	8.34	--	2	1668	卖盘
14:24:27	8.34	--	15	12510	卖盘
14:24:03	8.34	-0.01	75	62550	卖盘
14:23:42	8.35	0.01	4	3340	买盘
14:23:21	8.34	0.01	1	834	中性盘
14:22:57	8.33	--	120	99960	卖盘
14:22:54	8.33	-0.01	7	5831	卖盘
14:22:51	8.34	--	18	15012	买盘
14:22:39	8.34	0.01	56	46704	中性盘
14:22:18	8.33	-0.01	24	19992	卖盘
14:22:09	8.34	--	12	10008	中性盘
14:22:03	8.34	--	36	30024	买盘
14:21:51	8.34	-0.01	299	249366	卖盘
14:21:48	8.35	--	119	99365	买盘
14:21:33	8.35	--	15	12525	买盘
14:21:24	8.35	--	2	1670	买盘
14:21:21	8.35	--	78	65130	买盘
14:21:06	8.35	--	4	3340	买盘
14:21:03	8.35	--	37	30895	买盘
14:20:57	8.35	--	44	36740	买盘
14:20:54	8.35	--	15	12525	买盘
14:20:51	8.35	--	8	6680	买盘
14:20:39	8.35	--	7	5845	买盘
14:20:24	8.35	--	27	22545	买盘
14:20:15	8.35	0.01	15	12525	买盘
14:20:03	8.34	-0.01	1	834	卖盘
14:19:51	8.35	--	73	60955	买盘
14:19:21	8.35	0.01	15	12525	买盘
14:19:18	8.34	--	2	1668	卖盘
14:19:12	8.34	--	19	15846	卖盘
14:19:03	8.34	--	1	834	卖盘
14:18:45	8.34	--	5	4170	买盘
14:18:21	8.34	--	65	54210	买盘
14:18:15	8.34	--	35	29190	卖盘
14:18:03	8.34	-0.01	2	1668	卖盘
14:17:57	8.35	--	100	83500	买盘
14:17:45	8.35	--	24	20040	买盘
14:17:24	8.35	--	150	125250	买盘
14:17:21	8.35	0.01	15	12525	买盘
14:17:09	8.34	--	13	10842	买盘
14:17:00	8.34	--	5	4170	买盘
14:16:45	8.34	--	12	10008	卖盘
14:16:42	8.34	0.01	18	15012	买盘
14:16:24	8.33	--	15	12495	卖盘
14:16:03	8.33	--	1	833	卖盘
14:15:57	8.33	0.01	178	148274	买盘
14:15:48	8.32	-0.01	202	168064	卖盘
14:15:42	8.33	--	30	24990	买盘
14:15:39	8.33	--	9	7497	买盘
14:15:36	8.33	0.01	1	833	买盘
14:15:27	8.32	-0.01	1	832	卖盘
14:15:21	8.33	0.02	15	12495	买盘
14:15:03	8.31	-0.02	1	831	卖盘
14:14:45	8.33	0.01	100	83300	买盘
14:14:42	8.32	--	175	145600	卖盘
14:14:39	8.32	-0.01	13	10816	卖盘
14:14:27	8.33	0.01	1	833	买盘
14:14:21	8.32	-0.01	1	832	卖盘
14:14:12	8.33	0.01	27	22491	买盘
14:14:09	8.32	--	1	832	卖盘
14:14:03	8.32	-0.01	1	832	卖盘
14:13:48	8.33	0.01	12	9996	买盘
14:13:45	8.32	-0.01	19	15808	卖盘
14:12:57	8.33	0.01	20	16660	买盘
14:12:48	8.32	--	100	83200	卖盘
14:12:33	8.32	--	100	83200	卖盘
14:12:03	8.32	-0.01	1	832	卖盘
14:12:00	8.33	0.01	2	1666	买盘
14:11:42	8.32	-0.02	12	9984	卖盘
14:11:00	8.34	0.02	9	7506	买盘
14:10:48	8.32	--	2	1664	卖盘
14:10:27	8.32	0.01	12	9984	中性盘
14:10:03	8.31	--	1	831	卖盘
14:09:48	8.31	--	40	33240	卖盘
14:09:30	8.31	--	10	8310	卖盘
14:09:12	8.31	-0.01	436	362490	卖盘
14:09:09	8.32	--	0	274	卖盘
14:09:03	8.32	--	1	832	卖盘
14:09:00	8.32	-0.01	306	254592	卖盘
14:08:51	8.33	--	40	33320	卖盘
14:08:18	8.33	--	1	833	卖盘
14:08:06	8.33	--	5	4165	卖盘
14:08:03	8.33	--	1	833	卖盘
14:07:57	8.33	-0.02	8	6664	卖盘
14:07:54	8.35	0.02	1	835	买盘
14:07:24	8.33	-0.01	170	141610	卖盘
14:07:03	8.34	--	2	1668	卖盘
14:06:30	8.34	--	220	183480	卖盘
14:06:18	8.34	--	2	1668	卖盘
14:06:03	8.34	--	1	834	卖盘
14:05:36	8.34	0.01	116	96744	买盘
14:05:24	8.33	-0.01	5	4165	卖盘
14:05:18	8.34	0.01	60	50040	买盘
14:05:03	8.33	-0.01	1	833	卖盘
14:04:30	8.34	0.01	90	75060	买盘
14:04:21	8.33	-0.01	4	3332	卖盘
14:04:12	8.34	0.01	20	16680	买盘
14:04:03	8.33	--	1	833	卖盘
14:03:54	8.33	-0.01	4	3332	卖盘
14:03:42	8.34	0.01	60	50040	买盘
14:03:39	8.33	-0.01	30	24990	卖盘
14:03:09	8.34	--	6	5004	买盘
14:03:03	8.34	--	34	28356	买盘
14:02:30	8.34	--	1	834	买盘
14:02:09	8.34	0.01	20	16680	买盘
14:02:06	8.33	--	16	13328	卖盘
14:02:03	8.33	--	1	833	卖盘
14:01:36	8.33	--	2	1666	卖盘
14:01:33	8.33	--	1	833	卖盘
14:01:24	8.33	--	31	25823	卖盘
14:01:15	8.33	--	13	10829	卖盘
14:01:03	8.33	--	2	1666	卖盘
14:00:27	8.33	-0.01	42	34986	卖盘
14:00:15	8.34	--	30	25020	买盘
14:00:09	8.34	0.01	17	14178	买盘
14:00:03	8.33	-0.01	1	833	卖盘
13:59:51	8.34	0.01	15	12510	买盘
13:59:18	8.33	--	130	108290	卖盘
13:59:12	8.33	--	2	1666	卖盘
13:59:03	8.33	--	1	833	卖盘
13:59:00	8.33	--	30	24990	卖盘
13:58:45	8.33	--	42	34986	卖盘
13:58:15	8.33	--	12	9996	卖盘
13:58:03	8.33	-0.01	1	833	卖盘
13:57:36	8.34	0.01	2	1668	买盘
13:57:27	8.33	--	3	2499	卖盘
13:57:03	8.33	-0.01	1	833	卖盘
13:56:57	8.34	0.01	1	834	买盘
13:55:45	8.33	--	2	1666	卖盘
13:55:03	8.33	--	1	833	卖盘
13:54:57	8.33	-0.01	14	11662	卖盘
13:54:36	8.34	0.01	10	8340	买盘
13:54:30	8.33	--	10	8330	卖盘
13:54:03	8.33	0.01	1	833	中性盘
13:53:03	8.32	--	2	1664	卖盘
13:52:45	8.32	--	10	8320	卖盘
13:52:03	8.32	-0.02	1	832	卖盘
13:52:00	8.34	--	1	834	买盘
13:51:42	8.34	--	3	2502	买盘
13:51:30	8.34	0.02	85	71507	买盘
13:51:18	8.32	--	3	2496	买盘
13:51:15	8.32	0.01	10	8320	买盘
13:51:12	8.31	--	5	4155	卖盘
13:51:03	8.31	-0.01	2	1662	卖盘
13:51:00	8.32	--	6	4992	买盘
13:50:51	8.32	--	2	1664	买盘
13:50:30	8.32	-0.01	480	399576	卖盘
13:50:03	8.33	--	1	833	卖盘
13:49:45	8.33	--	17	14161	卖盘
13:49:12	8.33	--	2	1666	卖盘
13:49:03	8.33	--	5	4165	卖盘
13:48:57	8.33	--	350	291550	卖盘
13:48:51	8.33	--	2	1666	卖盘
13:48:03	8.33	--	1	833	卖盘
13:47:54	8.33	--	10	8330	卖盘
13:47:42	8.33	--	1	833	卖盘
13:47:39	8.33	--	3	2499	卖盘
13:47:18	8.33	--	200	166600	卖盘
13:47:03	8.33	-0.01	1	833	卖盘
13:45:57	8.34	--	4	3336	买盘
13:45:54	8.34	--	1	834	买盘
13:45:21	8.34	--	1	834	买盘
13:45:18	8.34	0.01	1	834	买盘
13:45:09	8.33	--	1	833	卖盘
13:45:03	8.33	--	1	833	卖盘
13:44:57	8.33	-0.01	4	3332	卖盘
13:44:27	8.34	0.01	1	834	买盘
13:44:21	8.33	--	10	8330	卖盘
13:44:06	8.33	-0.01	35	29155	卖盘
13:44:03	8.34	--	1	834	卖盘
13:44:00	8.34	--	15	12510	卖盘
13:43:21	8.34	--	1	834	卖盘
13:43:18	8.34	--	20	16680	卖盘
13:43:03	8.34	--	6	5004	卖盘
13:42:42	8.34	--	20	16680	卖盘
13:42:03	8.34	--	1	834	卖盘
13:41:45	8.34	0.01	3	2502	买盘
13:41:42	8.33	-0.01	20	16660	卖盘
13:41:24	8.34	--	12	10008	卖盘
13:41:18	8.34	--	2	1668	卖盘
13:41:03	8.34	--	1	834	卖盘
13:39:39	8.34	-0.01	1	834	卖盘
13:39:36	8.35	0.01	10	8350	买盘
13:39:27	8.34	-0.01	2	1668	卖盘
13:39:09	8.35	0.01	20	16700	买盘
13:39:03	8.34	-0.01	2	1668	卖盘
13:39:00	8.35	--	5	4175	买盘
13:38:51	8.35	--	45	37575	买盘
13:38:33	8.35	0.01	5	4175	买盘
13:38:03	8.34	--	1	834	卖盘
13:38:00	8.34	--	10	8340	卖盘
13:37:54	8.34	--	3	2502	卖盘
13:37:33	8.34	-0.01	1	834	卖盘
13:37:27	8.35	0.01	8	6680	买盘
13:36:54	8.34	--	2	1668	买盘
13:36:45	8.34	0.01	5	4170	买盘
13:36:33	8.33	--	14	11662	卖盘
13:36:03	8.33	--	1	833	卖盘
13:35:54	8.33	-0.01	3	2499	卖盘
13:35:39	8.34	--	1	834	中性盘
13:35:12	8.34	-0.01	17	14178	卖盘
13:35:03	8.35	0.01	7	5845	买盘
13:35:00	8.34	--	1	834	卖盘
13:34:03	8.34	-0.01	1	834	卖盘
13:33:48	8.35	--	136	113560	买盘
13:33:27	8.35	0.02	65	54275	买盘
13:33:03	8.33	--	1	833	卖盘
13:32:54	8.33	-0.02	12	9996	卖盘
13:32:33	8.35	--	6	5010	买盘
13:31:27	8.35	--	10	8350	买盘
13:31:09	8.35	0.02	2	1670	买盘
13:31:03	8.33	-0.02	1	833	卖盘
13:30:33	8.35	--	1	835	买盘
13:30:21	8.35	0.02	1	835	买盘
13:30:09	8.33	--	1	833	卖盘
13:29:33	8.33	--	2	1666	卖盘
13:29:27	8.33	--	0	616	卖盘
13:29:03	8.33	--	1	833	卖盘
13:28:33	8.33	-0.01	40	33320	卖盘
13:28:03	8.34	-0.01	1	834	卖盘
13:27:39	8.35	--	3	2505	买盘
13:27:15	8.35	0.01	4	3340	买盘
13:27:00	8.34	-0.01	2	1668	卖盘
13:26:36	8.35	0.01	5	4175	买盘
13:26:33	8.34	--	60	50040	卖盘
13:26:03	8.34	--	1	834	卖盘
13:25:57	8.34	--	1	834	卖盘
13:25:48	8.34	--	2	1668	卖盘
13:25:45	8.34	-0.01	15	12510	卖盘
13:25:39	8.35	0.01	1	835	买盘
13:25:36	8.34	-0.01	1	834	卖盘
13:25:30	8.35	0.01	5	4175	买盘
13:25:27	8.34	--	2	1668	卖盘
13:25:15	8.34	--	1	834	卖盘
13:25:06	8.34	--	3	2502	卖盘
13:25:03	8.34	-0.01	1	834	卖盘
13:24:27	8.35	0.01	1	835	买盘
13:24:03	8.34	--	1	834	卖盘
13:23:51	8.34	--	2	1668	卖盘
13:23:42	8.34	--	3	2502	卖盘
13:23:30	8.34	--	2	1668	卖盘
13:23:03	8.34	--	1	834	卖盘
13:22:57	8.34	-0.01	2	1668	卖盘
13:22:30	8.35	0.01	2	1670	中性盘
13:21:45	8.34	-0.02	2	1668	卖盘
13:21:36	8.36	0.02	1	836	买盘
13:21:15	8.34	--	1	834	卖盘
13:21:03	8.34	-0.01	1	834	卖盘
13:20:54	8.35	-0.01	20	16700	中性盘
13:20:30	8.36	0.01	47	39292	买盘
13:20:27	8.35	-0.01	400	334000	中性盘
13:19:45	8.36	0.01	100	83600	买盘
13:19:42	8.35	0.01	5	4175	买盘
13:19:24	8.34	-0.02	3	2502	卖盘
13:19:12	8.36	0.02	1	836	买盘
13:19:03	8.34	-0.02	1	834	卖盘
13:18:33	8.36	0.03	13	10868	买盘
13:18:03	8.33	-0.03	1	833	卖盘
13:17:48	8.36	0.01	100	83600	买盘
13:17:30	8.35	--	87	72645	买盘
13:17:18	8.35	0.02	100	83500	买盘
13:17:03	8.33	-0.02	1	833	卖盘
13:17:00	8.35	0.03	50	41750	买盘
13:16:48	8.32	-0.02	5	4160	卖盘
13:16:39	8.34	0.03	200	166800	中性盘
13:15:51	8.31	-0.02	215	178665	卖盘
13:15:42	8.33	0.01	53	44149	买盘
13:15:33	8.32	--	64	53256	卖盘
13:15:09	8.32	--	13	10816	卖盘
13:15:03	8.32	-0.01	1	832	卖盘
13:15:00	8.33	-0.01	174	145050	卖盘
13:14:18	8.34	0.01	7	5838	中性盘
13:14:06	8.33	--	2	1666	卖盘
13:14:03	8.33	--	1	833	卖盘
13:13:03	8.33	--	1	833	卖盘
13:12:03	8.33	--	1	833	卖盘
13:11:06	8.33	--	29	24157	卖盘
13:10:48	8.33	--	1	833	卖盘
13:10:24	8.33	--	5	4165	卖盘
13:10:03	8.33	-0.02	1	833	卖盘
13:09:48	8.35	--	6	5010	买盘
13:09:42	8.35	--	50	41750	买盘
13:09:36	8.35	--	10	8350	买盘
13:09:30	8.35	--	5	4175	买盘
13:09:03	8.35	0.01	30	25050	买盘
13:08:57	8.34	-0.01	6	5004	中性盘
13:08:33	8.35	0.01	50	41750	买盘
13:08:15	8.34	--	90	75060	卖盘
13:08:03	8.34	--	1	834	卖盘
13:08:00	8.34	0.01	6	5004	买盘
13:07:03	8.33	--	1	833	卖盘
13:06:03	8.33	--	0	724	买盘
13:05:48	8.33	0.01	2	1666	买盘
13:05:03	8.32	--	1	832	卖盘
13:04:48	8.32	-0.01	10	8320	卖盘
13:04:36	8.33	0.01	20	16660	买盘
13:04:21	8.32	--	7	5824	卖盘
13:04:03	8.32	-0.01	1	832	卖盘
13:03:57	8.33	-0.01	16	13436	卖盘
13:03:30	8.34	--	20	16680	买盘
13:03:09	8.34	0.01	30	25020	买盘
13:02:03	8.33	--	1	833	卖盘
13:01:15	8.33	-0.01	7	5831	卖盘
13:00:09	8.34	0.01	39	32526	买盘
13:00:06	8.33	--	2	1932	卖盘
13:00:03	8.33	--	35	29613	买盘
13:00:00	8.33	--	0	0	买盘
11:30:00	8.33	--	0	0	买盘
11:29:15	8.33	0.01	4	3332	买盘
11:29:03	8.32	-0.01	1	832	卖盘
11:28:18	8.33	0.01	25	20825	买盘
11:28:09	8.32	-0.01	8	6656	卖盘
11:28:03	8.33	--	16	13328	买盘
11:27:39	8.33	--	40	33320	买盘
11:27:36	8.33	0.01	22	18326	买盘
11:27:21	8.32	--	89	74048	买盘
11:27:15	8.32	0.01	17	14144	买盘
11:27:06	8.31	--	2	1662	卖盘
11:27:03	8.31	--	1	831	卖盘
11:26:36	8.31	--	5	4155	卖盘
11:26:09	8.31	--	71	59001	卖盘
11:26:03	8.31	--	1	831	卖盘
11:25:57	8.31	--	10	8310	卖盘
11:25:42	8.31	--	216	179496	卖盘
11:25:39	8.31	-0.01	2	1662	卖盘
11:25:36	8.32	--	2	1664	买盘
11:25:33	8.32	--	30	24960	买盘
11:25:27	8.32	--	50	41600	买盘
11:25:18	8.32	0.01	10	8320	买盘
11:25:03	8.31	-0.01	1	831	卖盘
11:24:48	8.32	--	14	11648	买盘
11:24:09	8.32	0.01	3	2496	买盘
11:24:03	8.31	--	1	831	卖盘
11:23:42	8.31	-0.01	5	4155	卖盘
11:23:30	8.32	--	15	12480	买盘
11:23:21	8.32	0.01	11	9152	中性盘
11:23:03	8.31	--	529	439599	卖盘
11:22:36	8.31	--	37	30747	卖盘
11:22:33	8.31	-0.01	246	204426	卖盘
11:22:27	8.32	-0.01	500	416000	卖盘
11:22:03	8.33	--	27	22865	卖盘
11:21:45	8.33	--	200	166600	卖盘
11:21:09	8.33	--	50	41650	卖盘
11:21:03	8.33	--	1	833	卖盘
11:20:57	8.33	--	40	33320	卖盘
11:20:36	8.33	--	35	29155	卖盘
11:20:21	8.33	--	18	14994	卖盘
11:20:03	8.33	-0.01	2	1666	卖盘
11:19:39	8.34	0.01	196	163464	买盘
11:18:48	8.33	--	10	8330	卖盘
11:18:45	8.33	--	17	14161	卖盘
11:18:03	8.33	-0.01	1	833	卖盘
11:17:33	8.34	--	3	2502	卖盘
11:17:03	8.34	--	1	834	卖盘
11:16:27	8.34	--	2	1668	买盘
11:16:12	8.34	0.01	28	23352	中性盘
11:15:15	8.33	--	20	16660	卖盘
11:15:03	8.33	-0.03	1	833	卖盘
11:14:03	8.36	--	172	144594	卖盘
11:13:09	8.36	--	66	55175	卖盘
11:13:03	8.36	--	1	836	卖盘
11:13:00	8.36	--	20	16720	卖盘
11:12:33	8.36	--	11	9196	卖盘
11:12:03	8.36	--	1	836	卖盘
11:11:45	8.36	-0.01	30	25080	卖盘
11:11:39	8.37	0.01	8	6695	买盘
11:11:30	8.36	0.02	731	611149	买盘
11:11:06	8.34	--	17	14178	卖盘
11:10:48	8.34	--	15	12510	卖盘
11:10:45	8.34	0.01	263	219342	买盘
11:10:42	8.33	--	51	42483	卖盘
11:10:36	8.33	--	15	12495	卖盘
11:10:27	8.33	--	20	16660	卖盘
11:10:24	8.33	--	15	12495	卖盘
11:10:15	8.33	--	15	12495	卖盘
11:10:03	8.33	--	1	833	卖盘
11:09:54	8.33	--	50	41650	卖盘
11:09:48	8.33	--	15	12495	卖盘
11:09:36	8.33	-0.01	15	12495	卖盘
11:09:30	8.34	0.01	7	5838	买盘
11:09:27	8.33	--	15	12495	卖盘
11:09:24	8.33	--	10	8330	卖盘
11:09:18	8.33	-0.01	15	12495	卖盘
11:08:48	8.34	0.01	20	16680	买盘
11:08:03	8.33	-0.01	1	833	卖盘
11:07:45	8.34	--	10	8340	卖盘
11:07:27	8.34	-0.01	13	10842	卖盘
11:07:18	8.35	0.01	1	835	买盘
11:07:09	8.34	--	30	25020	卖盘
11:06:57	8.34	--	10	8340	卖盘
11:06:39	8.34	--	15	12510	卖盘
11:06:33	8.34	--	15	12510	卖盘
11:06:21	8.34	--	150	125100	卖盘
11:06:15	8.34	--	20	16680	卖盘
11:06:03	8.34	-0.01	1	834	卖盘
11:05:39	8.35	--	16	13360	买盘
11:05:30	8.35	0.01	10	8350	买盘
11:05:03	8.34	--	1	834	卖盘
11:04:45	8.34	--	30	25020	卖盘
11:04:06	8.34	--	20	16680	卖盘
11:04:03	8.34	--	1	834	卖盘
11:03:21	8.34	--	10	8340	卖盘
11:03:18	8.34	--	10	8340	卖盘
11:03:03	8.34	--	6	5004	卖盘
11:02:03	8.34	--	2	1668	卖盘
11:00:48	8.34	--	4	3336	买盘
11:00:33	8.34	-0.01	7	5838	卖盘
11:00:06	8.35	0.01	3	2505	买盘
11:00:03	8.34	--	1	834	卖盘
10:59:21	8.34	0.01	11	9174	买盘
10:59:03	8.33	-0.01	1	833	卖盘
10:58:42	8.34	--	9	7506	卖盘
10:58:36	8.34	--	42	35028	卖盘
10:57:54	8.34	--	32	26688	买盘
10:57:45	8.34	--	10	8340	买盘
10:57:15	8.34	0.01	12	10008	买盘
10:57:03	8.33	-0.01	4	3332	卖盘
10:56:51	8.34	0.01	15	12510	买盘
10:56:45	8.33	-0.01	256	213248	卖盘
10:56:30	8.34	--	20	16680	买盘
10:56:06	8.34	0.01	20	16680	买盘
10:56:03	8.33	-0.01	1	833	卖盘
10:56:00	8.34	--	3	2502	买盘
10:55:36	8.34	--	5	4170	买盘
10:55:33	8.34	--	100	83400	买盘
10:55:12	8.34	--	1	834	买盘
10:55:06	8.34	0.01	169	140946	买盘
10:55:03	8.33	-0.01	1	833	卖盘
10:54:45	8.34	0.01	5	4170	买盘
10:54:21	8.33	-0.01	8	6664	卖盘
10:54:12	8.34	--	28	23352	买盘
10:54:03	8.34	0.01	17	14178	买盘
10:53:03	8.33	--	1	833	卖盘
10:52:45	8.33	--	6	4998	卖盘
10:52:39	8.33	--	230	191590	卖盘
10:52:24	8.33	--	3	2499	卖盘
10:52:03	8.33	--	1	833	卖盘
10:51:03	8.33	-0.01	8	6664	卖盘
10:50:33	8.34	0.01	4	3336	买盘
10:50:03	8.33	-0.01	1	833	卖盘
10:49:57	8.34	0.01	18	15012	买盘
10:49:30	8.33	-0.01	10	8330	卖盘
10:49:21	8.34	0.01	20	16680	买盘
10:49:03	8.33	--	1	833	卖盘
10:49:00	8.33	--	275	229075	卖盘
10:48:57	8.33	-0.01	6	4998	卖盘
10:48:48	8.34	0.01	3	2502	买盘
10:48:42	8.33	-0.01	16	13977	卖盘
10:48:39	8.34	0.01	14	12318	买盘
10:48:06	8.33	--	265	220745	卖盘
10:48:03	8.33	--	1	833	卖盘
10:47:39	8.33	--	10	8330	卖盘
10:47:03	8.33	--	1	833	卖盘
10:47:00	8.33	--	6	4998	卖盘
10:46:45	8.33	-0.01	1	833	卖盘
10:46:24	8.34	--	10	8340	买盘
10:46:00	8.34	--	5	4170	买盘
10:45:33	8.34	0.01	8	6672	买盘
10:45:12	8.33	--	58	48314	卖盘
10:45:06	8.33	--	150	124950	卖盘
10:45:03	8.33	--	1	833	卖盘
10:44:36	8.33	-0.01	5	4165	卖盘
10:44:27	8.34	--	1	834	买盘
10:44:06	8.34	0.01	1	834	买盘
10:43:57	8.33	-0.01	5	4165	卖盘
10:43:30	8.34	--	56	46704	买盘
10:43:18	8.34	0.01	147	122598	买盘
10:43:03	8.33	--	1	833	卖盘
10:43:00	8.33	--	2	1666	卖盘
10:42:48	8.33	--	30	24990	卖盘
10:42:24	8.33	--	24	19992	卖盘
10:42:15	8.33	-0.01	311	259063	卖盘
10:42:09	8.34	0.01	1	834	买盘
10:42:03	8.33	--	41	34153	卖盘
10:41:57	8.33	-0.01	82	68306	卖盘
10:41:39	8.34	--	1	834	买盘
10:41:12	8.34	--	50	41700	买盘
10:41:06	8.34	0.01	1	834	买盘
10:41:03	8.33	-0.01	31	25823	卖盘
10:40:42	8.34	0.01	10	8340	买盘
10:40:15	8.33	--	20	16660	卖盘
10:40:03	8.33	-0.01	1	833	卖盘
10:39:30	8.34	0.01	4	3336	买盘
10:39:12	8.33	-0.01	12	9996	卖盘
10:39:09	8.34	--	12	10008	卖盘
10:39:03	8.34	--	30	25020	卖盘
10:38:51	8.34	0.01	230	191820	买盘
10:38:03	8.33	--	1	833	卖盘
10:38:00	8.33	--	15	12495	卖盘
10:37:45	8.33	--	76	63308	卖盘
10:37:33	8.33	-0.01	119	99127	卖盘
10:37:12	8.34	--	174	145116	卖盘
10:37:09	8.34	--	300	250200	卖盘
10:37:03	8.34	--	1	834	卖盘
10:37:00	8.34	-0.01	238	198492	卖盘
10:36:42	8.35	--	73	60955	卖盘
10:35:48	8.35	--	2	1670	卖盘
10:35:03	8.35	-0.01	1	835	卖盘
10:34:54	8.36	0.01	20	16720	买盘
10:34:33	8.35	--	20	16700	卖盘
10:34:06	8.35	--	9	7515	卖盘
10:33:27	8.35	--	7	5845	买盘
10:33:09	8.35	0.01	12	10020	买盘
10:33:03	8.34	--	1	834	卖盘
10:32:54	8.34	--	42	35028	卖盘
10:32:27	8.34	--	10	8340	卖盘
10:32:03	8.34	--	1	834	卖盘
10:31:03	8.34	--	1	834	卖盘
10:31:00	8.34	--	60	50040	卖盘
10:30:45	8.34	-0.01	7	5838	卖盘
10:30:39	8.35	--	12	10020	卖盘
10:30:30	8.35	--	29	24215	买盘
10:30:15	8.35	--	27	22545	买盘
10:30:12	8.35	--	10	8350	买盘
10:30:09	8.35	--	2	1670	买盘
10:30:00	8.35	--	6	5010	买盘
10:29:57	8.35	--	13	10855	买盘
10:29:48	8.35	0.01	22	18370	买盘
10:29:18	8.34	-0.01	4	3336	卖盘
10:29:15	8.35	--	90	75150	买盘
10:29:06	8.35	0.01	105	87675	买盘
10:29:03	8.34	--	1	834	卖盘
10:28:51	8.34	--	27	22518	卖盘
10:28:15	8.34	--	5	4170	卖盘
10:28:09	8.34	--	221	184314	卖盘
10:28:03	8.34	--	1	834	卖盘
10:27:27	8.34	--	50	41700	卖盘
10:27:21	8.34	-0.01	1	834	卖盘
10:26:57	8.35	0.01	5	4175	买盘
10:26:27	8.34	--	4	3336	卖盘
10:26:12	8.34	-0.01	5	4170	卖盘
10:26:06	8.35	0.01	6	5010	买盘
10:26:03	8.34	-0.01	1	834	卖盘
10:25:36	8.35	--	3	2505	买盘
10:25:24	8.35	0.01	1	835	买盘
10:25:21	8.34	-0.01	10	8340	卖盘
10:25:18	8.35	0.01	32	26720	买盘
10:25:03	8.34	--	1	834	卖盘
10:24:48	8.34	--	5	4170	中性盘
10:24:12	8.34	--	38	31692	买盘
10:24:09	8.34	0.01	10	8340	买盘
10:24:03	8.33	-0.01	1	833	卖盘
10:24:00	8.34	--	123	102582	买盘
10:23:45	8.34	--	10	8340	买盘
10:23:39	8.34	-0.01	377	314418	卖盘
10:23:03	8.35	0.01	2	1670	买盘
10:23:00	8.34	--	16	13344	卖盘
10:22:39	8.34	-0.01	12	10008	卖盘
10:22:27	8.35	0.01	20	16700	买盘
10:22:21	8.34	-0.01	273	227682	卖盘
10:22:15	8.35	0.01	2	1670	买盘
10:22:03	8.34	-0.01	1	834	卖盘
10:21:06	8.35	0.01	10	8350	买盘
10:21:03	8.34	-0.01	1	834	卖盘
10:20:51	8.35	0.01	33	27555	买盘
10:20:48	8.34	--	100	83400	卖盘
10:20:03	8.34	-0.01	1	834	卖盘
10:19:51	8.35	--	34	28390	买盘
10:19:27	8.35	0.01	54	45090	买盘
10:19:21	8.34	--	34	28356	卖盘
10:19:18	8.34	--	1	834	卖盘
10:19:03	8.34	--	1	834	卖盘
10:18:51	8.34	--	6	5004	卖盘
10:18:03	8.34	--	1	834	卖盘
10:17:18	8.34	0.01	22	18348	买盘
10:17:03	8.33	-0.01	1	833	卖盘
10:16:57	8.34	--	31	25854	卖盘
10:16:39	8.34	--	150	125100	卖盘
10:16:27	8.34	-0.01	1	834	卖盘
10:16:21	8.35	0.01	11	9185	买盘
10:16:15	8.34	--	3	2502	卖盘
10:16:03	8.34	--	1	834	卖盘
10:15:51	8.34	--	50	41700	卖盘
10:15:45	8.34	--	4	3336	卖盘
10:15:21	8.34	--	100	83400	卖盘
10:15:09	8.34	--	5	4170	卖盘
10:15:03	8.34	--	1	834	卖盘
10:14:54	8.34	--	5	4170	卖盘
10:14:33	8.34	--	5	4170	卖盘
10:14:12	8.34	--	90	75060	卖盘
10:14:03	8.34	-0.01	11	9174	卖盘
10:13:42	8.35	--	10	8350	买盘
10:13:21	8.35	0.01	100	83500	买盘
10:13:06	8.34	--	177	147618	卖盘
10:13:03	8.34	--	1	834	卖盘
10:12:54	8.34	--	140	116760	买盘
10:12:48	8.34	-0.01	160	133440	卖盘
10:12:39	8.35	0.01	10	8350	买盘
10:12:21	8.34	--	25	20850	卖盘
10:12:18	8.34	--	78	65052	买盘
10:12:03	8.34	--	36	30024	买盘
10:11:45	8.34	--	10	8340	买盘
10:11:36	8.34	--	25	20850	买盘
10:11:24	8.34	0.01	10	8340	买盘
10:11:03	8.33	-0.01	1	833	卖盘
10:10:57	8.34	--	30	25020	买盘
10:10:45	8.34	0.01	100	83400	买盘
10:10:24	8.33	--	24	20733	买盘
10:10:15	8.33	--	4	3332	买盘
10:10:12	8.33	--	10	8330	买盘
10:10:09	8.33	--	31	25823	买盘
10:10:06	8.33	0.01	22	18326	买盘
10:10:03	8.32	-0.01	1	832	卖盘
10:09:57	8.33	--	12	9996	买盘
10:09:51	8.33	--	21	17493	买盘
10:09:45	8.33	--	7	5831	买盘
10:09:42	8.33	--	1	833	买盘
10:09:33	8.33	--	1	833	买盘
10:09:18	8.33	--	2	1666	买盘
10:09:09	8.33	0.01	6	4998	买盘
10:09:03	8.32	-0.01	1	832	卖盘
10:09:00	8.33	--	5	4165	买盘
10:08:42	8.33	--	8	6664	买盘
10:08:24	8.33	--	2	1666	买盘
10:08:18	8.33	0.01	15	12495	买盘
10:08:06	8.32	--	50	41600	卖盘
10:08:03	8.32	--	2	1664	卖盘
10:07:48	8.32	--	50	41600	卖盘
10:07:39	8.32	-0.01	98	81536	卖盘
10:07:33	8.33	--	4	3332	买盘
10:07:21	8.33	--	4	3332	买盘
10:07:12	8.33	0.01	150	124950	买盘
10:07:09	8.32	-0.01	155	128960	卖盘
10:07:00	8.33	--	1	833	卖盘
10:06:57	8.33	--	9	7497	卖盘
10:06:39	8.33	--	50	41650	卖盘
10:06:24	8.33	-0.01	8	6664	卖盘
10:06:15	8.34	0.01	55	45870	买盘
10:06:09	8.33	-0.01	2	1666	卖盘
10:06:03	8.34	-0.01	630	525420	卖盘
10:05:45	8.35	-0.01	29	24306	卖盘
10:05:42	8.36	0.01	15	12540	买盘
10:05:21	8.35	--	70	58450	卖盘
10:05:03	8.35	--	2	1670	卖盘
10:04:48	8.35	--	404	337415	卖盘
10:04:42	8.35	--	60	50100	卖盘
10:04:30	8.35	-0.01	6	5060	卖盘
10:04:27	8.36	0.01	30	25080	买盘
10:04:21	8.35	--	6	5051	卖盘
10:04:03	8.35	-0.01	6	5060	卖盘
10:04:00	8.36	--	8	7490	卖盘
10:03:36	8.36	--	11	9229	买盘
10:03:24	8.36	--	8	6688	买盘
10:03:18	8.36	--	2	1672	买盘
10:03:12	8.36	--	8	7490	卖盘
10:03:06	8.36	0.01	35	29293	买盘
10:03:03	8.35	--	1	835	卖盘
10:02:57	8.35	--	67	55945	卖盘
10:02:54	8.35	--	37	30895	卖盘
10:02:51	8.35	--	15	12525	卖盘
10:02:48	8.35	--	8	6680	卖盘
10:02:03	8.35	--	1	835	卖盘
10:01:30	8.35	--	3	2505	卖盘
10:01:03	8.35	-0.01	1	835	卖盘
10:00:51	8.36	--	14	12506	卖盘
10:00:45	8.36	--	12	10032	卖盘
10:00:12	8.36	--	2	1672	卖盘
10:00:06	8.36	--	22	18392	卖盘
10:00:03	8.36	--	1	836	卖盘
09:59:54	8.36	--	9	7523	卖盘
09:59:36	8.36	--	74	61863	卖盘
09:59:30	8.36	-0.01	1	1195	卖盘
09:59:27	8.37	0.01	1	836	买盘
09:59:21	8.36	--	1	836	卖盘
09:59:15	8.36	--	0	259	卖盘
09:59:03	8.36	--	1	836	卖盘
09:58:36	8.36	--	1	836	卖盘
09:58:33	8.36	0.01	6	5266	买盘
09:58:27	8.35	--	5	4191	卖盘
09:58:15	8.35	-0.01	100	83500	卖盘
09:58:03	8.36	--	0	585	卖盘
09:57:57	8.36	--	5	4180	卖盘
09:57:54	8.36	--	3	2508	卖盘
09:57:42	8.36	--	1	836	卖盘
09:57:39	8.36	--	60	50160	卖盘
09:57:36	8.36	0.01	5	4430	卖盘
09:57:18	8.35	--	11	9853	卖盘
09:57:15	8.35	--	148	123580	卖盘
09:57:12	8.35	--	1	835	卖盘
09:57:09	8.35	--	2	2237	卖盘
09:57:03	8.35	--	16	13468	卖盘
09:57:00	8.35	-0.01	2	1670	卖盘
09:56:57	8.36	--	11	9196	买盘
09:56:42	8.36	-0.01	188	157636	卖盘
09:56:39	8.37	0.01	100	83699	买盘
09:56:30	8.36	--	1	836	卖盘
09:56:24	8.36	--	69	57683	卖盘
09:56:12	8.36	--	11	9196	卖盘
09:56:03	8.36	-0.01	1	836	卖盘
09:55:54	8.37	0.01	10	8370	买盘
09:55:51	8.36	--	20	16720	卖盘
09:55:30	8.36	--	14	11704	卖盘
09:55:18	8.36	--	8	6688	卖盘
09:55:15	8.36	--	80	66880	卖盘
09:55:12	8.36	--	10	8360	卖盘
09:55:03	8.36	--	1	836	卖盘
09:55:00	8.36	--	1	836	卖盘
09:54:51	8.36	--	12	10032	卖盘
09:54:45	8.36	--	5	4180	卖盘
09:54:42	8.36	--	7	5852	卖盘
09:54:24	8.36	--	43	35948	卖盘
09:54:06	8.36	--	6	5016	卖盘
09:54:03	8.36	--	1	836	卖盘
09:53:51	8.36	--	10	8360	卖盘
09:53:45	8.36	--	5	4180	卖盘
09:53:42	8.36	--	30	25080	卖盘
09:53:27	8.36	--	40	33440	卖盘
09:53:18	8.36	--	10	8360	卖盘
09:53:03	8.36	--	1	836	卖盘
09:52:57	8.36	--	10	8360	卖盘
09:52:51	8.36	--	410	342760	卖盘
09:52:45	8.36	--	11	9196	卖盘
09:52:39	8.36	--	53	44308	卖盘
09:52:36	8.36	--	1	836	卖盘
09:52:18	8.36	--	10	8360	卖盘
09:52:03	8.36	-0.01	1	836	卖盘
09:51:54	8.37	--	9	7532	买盘
09:51:39	8.37	--	13	11709	卖盘
09:51:18	8.37	--	10	8370	卖盘
09:51:12	8.37	--	3	2510	卖盘
09:51:03	8.37	--	1	836	卖盘
09:50:48	8.37	--	200	167399	卖盘
09:50:39	8.37	-0.01	133	111320	卖盘
09:50:24	8.38	--	34	28492	卖盘
09:50:18	8.38	--	10	8380	卖盘
09:50:03	8.38	--	1	838	卖盘
09:49:21	8.38	0.01	174	145812	买盘
09:49:03	8.37	--	2	1673	卖盘
09:48:54	8.37	-0.01	20	16740	卖盘
09:48:27	8.38	--	10	8380	买盘
09:48:12	8.38	--	68	56984	买盘
09:47:42	8.38	--	22	18436	买盘
09:47:39	8.38	--	29	24302	卖盘
09:47:33	8.38	--	10	8380	卖盘
09:47:03	8.38	-0.01	186	155868	卖盘
09:46:48	8.39	--	10	8390	卖盘
09:46:27	8.39	--	6	5034	卖盘
09:46:06	8.39	--	27	22653	卖盘
09:46:03	8.39	--	38	31882	卖盘
09:45:24	8.39	--	12	10068	卖盘
09:45:21	8.39	--	7	5873	买盘
09:45:18	8.39	--	15	12585	卖盘
09:45:03	8.39	--	1	839	卖盘
09:44:54	8.39	--	101	84739	卖盘
09:44:48	8.39	--	33	27687	买盘
09:44:39	8.39	-0.01	14	11746	卖盘
09:44:33	8.4	--	5	4200	买盘
09:44:30	8.4	--	6	5040	买盘
09:44:12	8.4	0.02	18	15120	买盘
09:44:03	8.38	-0.02	1	838	中性盘
09:43:57	8.4	--	5	4200	买盘
09:43:48	8.4	--	55	46200	买盘
09:43:21	8.4	0.03	500	420000	买盘
09:43:03	8.37	--	1	836	卖盘
09:42:45	8.37	--	13	10889	买盘
09:42:30	8.37	--	402	336473	买盘
09:42:21	8.37	--	20	16740	买盘
09:42:18	8.37	-0.02	345	288765	卖盘
09:42:12	8.39	--	8	6712	买盘
09:42:06	8.39	0.01	100	83900	买盘
09:42:03	8.38	-0.01	2	1676	卖盘
09:41:39	8.39	0.01	22	18458	买盘
09:41:30	8.38	--	10	8380	中性盘
09:41:18	8.38	--	1	838	买盘
09:41:06	8.38	--	99	82962	卖盘
09:41:03	8.38	--	1	838	卖盘
09:40:45	8.38	0.01	100	83800	买盘
09:40:42	8.37	--	8	6695	卖盘
09:40:30	8.37	--	56	46871	卖盘
09:40:18	8.37	--	8	6695	卖盘
09:40:03	8.37	--	1	836	卖盘
09:40:00	8.37	--	1	836	买盘
09:39:51	8.37	--	4	3347	卖盘
09:39:42	8.37	--	14	11717	卖盘
09:39:18	8.37	--	11	9207	卖盘
09:39:15	8.37	0.01	10	8370	卖盘
09:39:03	8.36	-0.01	145	121219	卖盘
09:38:51	8.37	--	16	14178	卖盘
09:38:48	8.37	--	208	174514	买盘
09:38:33	8.37	--	10	8370	买盘
09:38:30	8.37	--	10	8370	买盘
09:38:27	8.37	--	2	1673	买盘
09:38:24	8.37	-0.02	280	234778	卖盘
09:38:18	8.39	0.01	60	50340	买盘
09:38:12	8.38	-0.01	85	71649	卖盘
09:38:09	8.39	--	5	4195	买盘
09:38:06	8.39	0.01	16	13424	买盘
09:38:03	8.38	-0.01	4	3352	卖盘
09:37:57	8.39	--	17	14682	卖盘
09:37:54	8.39	--	82	69217	卖盘
09:37:30	8.39	-0.01	50	41950	卖盘
09:37:15	8.4	0.01	2	1680	买盘
09:37:03	8.39	--	2	1678	卖盘
09:37:00	8.39	-0.01	23	19297	卖盘
09:36:42	8.4	--	166	139440	卖盘
09:36:39	8.4	--	103	86520	买盘
09:36:15	8.4	0.02	1	840	买盘
09:36:06	8.38	0.01	54	45252	买盘
09:36:03	8.37	--	1	836	卖盘
09:35:48	8.37	--	46	38502	卖盘
09:35:42	8.37	--	5	4185	卖盘
09:35:39	8.37	--	273	228500	买盘
09:35:27	8.37	--	3	2510	买盘
09:35:12	8.37	--	2	1673	买盘
09:35:09	8.37	0.01	85	71145	买盘
09:35:03	8.36	--	2	1672	卖盘
09:34:15	8.36	--	9	7523	卖盘
09:34:12	8.36	--	37	30931	买盘
09:34:09	8.36	0.01	8	6688	买盘
09:34:03	8.35	-0.01	1	835	卖盘
09:33:36	8.36	0.01	2	1672	买盘
09:33:27	8.35	-0.01	91	75985	卖盘
09:33:24	8.36	--	20	16720	买盘
09:33:21	8.36	0.01	33	27587	买盘
09:33:18	8.35	-0.01	119	99365	卖盘
09:33:12	8.36	--	3	2508	买盘
09:33:03	8.36	--	6	5016	买盘
09:32:57	8.36	-0.01	30	25080	卖盘
09:32:51	8.37	--	15	12554	买盘
09:32:45	8.37	--	10	8370	买盘
09:32:33	8.37	-0.01	7	5858	卖盘
09:32:18	8.38	--	20	16760	买盘
09:32:15	8.38	0.02	8	6704	买盘
09:32:09	8.36	--	9	7523	买盘
09:32:06	8.36	--	21	17556	卖盘
09:32:03	8.36	0.01	1	836	卖盘
09:31:51	8.35	-0.03	87	72645	卖盘
09:31:45	8.38	--	11	9218	买盘
09:31:36	8.38	0.03	10	8380	买盘
09:31:03	8.35	-0.03	1	835	卖盘
09:30:57	8.38	--	11	9218	买盘
09:30:33	8.38	0.03	1	838	买盘
09:30:06	8.35	-0.01	99	82665	卖盘
09:30:03	8.36	--	74	61863	卖盘
09:30:00	8.36	--	0	0	卖盘
09:25:03	8.36	8.36	129	107843	买盘
