成交时间	成交价	价格变动	成交量(手)	成交额(元)	性质
15:00:03	14.78	-0.01	955	1411490	卖盘
14:57:00	14.79	-0.01	18	26622	卖盘
14:56:57	14.8	--	45	66600	买盘
14:56:54	14.8	0.01	10	14800	买盘
14:56:42	14.79	-0.01	3	4437	卖盘
14:56:39	14.8	0.01	100	148000	买盘
14:56:30	14.79	--	103	152337	买盘
14:56:21	14.79	--	5	7395	买盘
14:56:18	14.79	--	2	2958	卖盘
14:56:15	14.79	--	4	5916	卖盘
14:56:09	14.79	-0.01	5	7395	卖盘
14:56:06	14.8	0.02	395	584600	买盘
14:56:03	14.78	-0.01	8	11824	卖盘
14:55:57	14.79	--	37	54723	卖盘
14:55:54	14.79	-0.01	25	36975	卖盘
14:55:51	14.8	0.01	8	11840	买盘
14:55:45	14.79	--	7	10353	卖盘
14:55:39	14.79	--	2	2958	卖盘
14:55:33	14.79	--	13	19227	买盘
14:55:27	14.79	--	57	84303	买盘
14:55:24	14.79	0.01	14	20706	买盘
14:55:21	14.78	-0.01	44	65032	卖盘
14:55:18	14.79	0.01	13	19227	买盘
14:55:09	14.78	-0.01	15	22170	卖盘
14:55:06	14.79	0.01	5	7395	买盘
14:55:03	14.78	-0.01	29	42862	卖盘
14:55:00	14.79	0.01	3	4437	买盘
14:54:51	14.78	0.02	3	4434	买盘
14:54:48	14.76	-0.04	38	56088	卖盘
14:54:42	14.8	0.02	173	256040	买盘
14:54:39	14.78	0.02	150	221700	买盘
14:54:36	14.76	-0.01	47	69372	卖盘
14:54:33	14.77	0.01	50	73850	买盘
14:54:27	14.76	-0.01	1	1476	卖盘
14:54:24	14.77	--	10	14770	买盘
14:54:21	14.77	--	30	44310	买盘
14:54:18	14.77	--	90	132930	买盘
14:54:15	14.77	--	2	2954	买盘
14:54:12	14.77	--	133	196441	卖盘
14:54:09	14.77	-0.01	10	14770	卖盘
14:54:06	14.78	--	1	1478	买盘
14:54:03	14.78	0.01	12	17736	买盘
14:54:00	14.77	--	1	1477	卖盘
14:53:57	14.77	--	14	20678	卖盘
14:53:54	14.77	--	3	4431	卖盘
14:53:48	14.77	--	9	13293	卖盘
14:53:45	14.77	--	51	75327	卖盘
14:53:36	14.77	--	3	4431	卖盘
14:53:33	14.77	--	1	1477	买盘
14:53:30	14.77	-0.01	12	17724	中性盘
14:53:27	14.78	0.01	44	65032	买盘
14:53:21	14.77	--	2	2954	卖盘
14:53:18	14.77	-0.01	10	14770	中性盘
14:53:12	14.78	0.02	10	14780	买盘
14:53:09	14.76	-0.01	43	63468	卖盘
14:53:00	14.77	0.02	14	22066	买盘
14:52:57	14.75	-0.02	10	14750	卖盘
14:52:51	14.77	0.02	90	132930	买盘
14:52:48	14.75	-0.02	1	1475	卖盘
14:52:36	14.77	0.01	33	48741	买盘
14:52:27	14.76	-0.01	26	38464	卖盘
14:52:24	14.77	0.01	2	2954	买盘
14:52:18	14.76	-0.01	20	29520	卖盘
14:52:12	14.77	--	11	16247	买盘
14:52:09	14.77	0.01	26	38402	买盘
14:52:03	14.76	--	12	17712	卖盘
14:52:00	14.76	-0.01	21	32383	卖盘
14:51:57	14.77	0.01	5	7385	买盘
14:51:45	14.76	--	20	29520	卖盘
14:51:39	14.76	0.01	60	88560	买盘
14:51:33	14.75	--	1	1475	卖盘
14:51:27	14.75	--	32	47362	买盘
14:51:24	14.75	--	17	25075	买盘
14:51:15	14.75	--	6	10162	卖盘
14:51:06	14.75	--	20	29662	买盘
14:51:03	14.75	--	2	2950	买盘
14:51:00	14.75	-0.01	328	485112	卖盘
14:50:57	14.76	--	62	91512	买盘
14:50:54	14.76	0.01	29	42804	买盘
14:50:51	14.75	-0.01	3	4425	卖盘
14:50:48	14.76	--	29	42804	买盘
14:50:45	14.76	--	6	8856	买盘
14:50:42	14.76	--	12	17712	买盘
14:50:39	14.76	0.01	6	8856	买盘
14:50:36	14.75	-0.01	35	51625	卖盘
14:50:33	14.76	0.01	1	1476	买盘
14:50:27	14.75	-0.01	18	26550	卖盘
14:50:24	14.76	0.01	8	11808	买盘
14:50:12	14.75	-0.01	19	28025	卖盘
14:50:09	14.76	--	21	30996	买盘
14:50:03	14.76	--	7	10332	卖盘
14:49:57	14.76	-0.01	3	4428	卖盘
14:49:54	14.77	0.01	13	19201	买盘
14:49:48	14.76	-0.01	5	7380	卖盘
14:49:45	14.77	--	3	4431	买盘
14:49:39	14.77	0.02	5	7385	买盘
14:49:36	14.75	-0.02	818	1206712	卖盘
14:49:33	14.77	0.01	26	38402	买盘
14:49:27	14.76	-0.01	1	1476	卖盘
14:49:21	14.77	--	3	4431	买盘
14:49:18	14.77	--	10	14770	买盘
14:49:15	14.77	--	57	84189	卖盘
14:49:09	14.77	-0.01	1	1477	卖盘
14:49:06	14.78	--	18	26604	买盘
14:49:03	14.78	0.01	20	29560	买盘
14:48:57	14.77	--	6	8862	卖盘
14:48:54	14.77	--	25	36925	卖盘
14:48:48	14.77	-0.01	4	5908	卖盘
14:48:42	14.78	--	17	25126	买盘
14:48:33	14.78	--	14	20692	买盘
14:48:30	14.78	-0.02	14	20692	卖盘
14:48:27	14.8	0.02	1	1480	买盘
14:48:24	14.78	-0.01	70	103460	卖盘
14:48:21	14.79	-0.01	42	62118	卖盘
14:48:18	14.8	--	11	16280	买盘
14:48:12	14.8	0.01	5	7400	买盘
14:48:06	14.79	-0.01	4	5916	中性盘
14:47:51	14.8	0.03	255	377400	买盘
14:47:36	14.77	-0.01	2	2954	卖盘
14:47:30	14.78	0.01	1	1478	买盘
14:47:21	14.77	--	71	104867	买盘
14:47:18	14.77	--	33	48741	买盘
14:47:15	14.77	--	3	4431	买盘
14:47:12	14.77	-0.03	70	103390	卖盘
14:47:03	14.8	0.03	300	444000	买盘
14:46:57	14.77	--	83	122591	卖盘
14:46:51	14.77	-0.01	3	4431	卖盘
14:46:48	14.78	0.01	4	5912	买盘
14:46:36	14.77	-0.01	23	33971	卖盘
14:46:30	14.78	0.01	5	7390	买盘
14:46:18	14.77	-0.01	1	1477	卖盘
14:46:15	14.78	--	2	2956	买盘
14:46:12	14.78	--	15	22170	买盘
14:46:09	14.78	-0.01	77	113806	卖盘
14:46:03	14.79	--	15	22185	买盘
14:45:57	14.79	0.01	30	44370	买盘
14:45:48	14.78	0.01	18	26604	买盘
14:45:45	14.77	-0.01	3	4431	卖盘
14:45:42	14.78	--	5	7390	买盘
14:45:33	14.78	0.01	28	41384	买盘
14:45:24	14.77	--	3	4431	买盘
14:45:18	14.77	--	2	2954	买盘
14:45:15	14.77	0.01	42	62034	买盘
14:45:09	14.76	-0.01	40	59040	卖盘
14:45:00	14.77	0.01	1	1477	买盘
14:44:57	14.76	--	70	103320	卖盘
14:44:54	14.76	-0.01	25	36900	卖盘
14:44:45	14.77	0.01	1	1477	买盘
14:44:42	14.76	--	4	5904	卖盘
14:44:33	14.76	--	8	11808	卖盘
14:44:30	14.76	--	30	44280	买盘
14:44:24	14.76	--	35	51660	买盘
14:44:21	14.76	0.01	6	8856	买盘
14:44:09	14.75	-0.01	1	1475	卖盘
14:44:06	14.76	--	1	1476	买盘
14:44:00	14.76	0.03	18	26568	买盘
14:43:57	14.73	-0.02	27	39771	卖盘
14:43:54	14.75	--	25	36875	买盘
14:43:45	14.75	-0.01	15	22125	卖盘
14:43:42	14.76	--	3	4428	卖盘
14:43:39	14.76	0.01	32	47232	买盘
14:43:36	14.75	--	2	2950	卖盘
14:43:24	14.75	-0.01	75	110625	卖盘
14:43:21	14.76	0.01	10	14760	买盘
14:43:12	14.75	--	7	10325	卖盘
14:43:06	14.75	-0.01	14	20650	卖盘
14:42:57	14.76	--	1	1476	买盘
14:42:54	14.76	0.01	5	7380	买盘
14:42:45	14.75	--	20	29500	卖盘
14:42:42	14.75	--	152	224200	买盘
14:42:27	14.75	--	27	39825	买盘
14:42:15	14.75	0.03	40	59000	买盘
14:42:12	14.72	-0.03	1	1472	卖盘
14:42:06	14.75	--	2	2950	买盘
14:41:57	14.75	0.03	12	17700	买盘
14:41:54	14.72	-0.03	6	8832	卖盘
14:41:48	14.75	0.03	40	59000	买盘
14:41:42	14.72	-0.03	1	1472	卖盘
14:41:39	14.75	-0.01	1	1475	卖盘
14:41:36	14.76	0.01	15	22140	买盘
14:41:33	14.75	--	7	10325	卖盘
14:41:21	14.75	0.04	213	314175	卖盘
14:41:18	14.71	--	30	44130	买盘
14:41:15	14.71	-0.05	40	58840	卖盘
14:41:12	14.76	0.04	2	2952	买盘
14:41:03	14.72	0.02	5	7360	中性盘
14:40:54	14.7	--	2	2940	卖盘
14:40:48	14.7	0.01	46	67693	买盘
14:40:45	14.69	--	29	42601	买盘
14:40:42	14.69	--	4	5876	买盘
14:40:39	14.69	-0.02	442	649298	卖盘
14:40:36	14.71	0.01	13	19123	买盘
14:40:33	14.7	--	2	2940	买盘
14:40:30	14.7	--	9	13230	买盘
14:40:27	14.7	--	2	2940	卖盘
14:40:24	14.7	--	31	45570	卖盘
14:40:18	14.7	--	6	8820	卖盘
14:40:15	14.7	-0.01	32	47040	卖盘
14:40:12	14.71	--	3	4413	买盘
14:40:09	14.71	--	12	17652	买盘
14:40:06	14.71	--	1	1471	买盘
14:40:03	14.71	0.02	6	8826	买盘
14:40:00	14.69	-0.02	31	45539	卖盘
14:39:57	14.71	--	2	2942	买盘
14:39:54	14.71	--	4	5884	买盘
14:39:51	14.71	0.03	9	13239	买盘
14:39:48	14.68	-0.03	26	38168	卖盘
14:39:45	14.71	--	13	19123	买盘
14:39:42	14.71	--	443	651653	买盘
14:39:39	14.71	0.03	56	82376	买盘
14:39:36	14.68	-0.02	5	7340	中性盘
14:39:33	14.7	0.03	506	743820	买盘
14:39:30	14.67	-0.01	50	73350	卖盘
14:39:27	14.68	--	140	205520	买盘
14:39:21	14.68	-0.02	402	590136	卖盘
14:39:15	14.7	-0.01	2	2940	卖盘
14:39:12	14.71	--	1	1471	买盘
14:39:09	14.71	--	1	1471	买盘
14:39:06	14.71	--	4	5884	买盘
14:39:00	14.71	--	10	14710	买盘
14:38:57	14.71	--	38	55898	买盘
14:38:54	14.71	-0.05	751	1104721	卖盘
14:38:45	14.76	--	18	26568	卖盘
14:38:39	14.76	--	3	4428	卖盘
14:38:27	14.76	--	40	59040	卖盘
14:38:24	14.76	--	22	32472	卖盘
14:38:21	14.76	0.02	99	146124	买盘
14:38:15	14.74	-0.01	40	58960	卖盘
14:38:12	14.75	--	4	5900	买盘
14:38:09	14.75	--	13	19175	卖盘
14:38:06	14.75	--	128	188800	卖盘
14:38:03	14.75	-0.01	2	2950	卖盘
14:38:00	14.76	--	10	14760	买盘
14:37:54	14.76	--	2	2952	买盘
14:37:51	14.76	-0.01	5	7380	卖盘
14:37:48	14.77	--	6	8862	卖盘
14:37:45	14.77	--	1	1477	卖盘
14:37:42	14.77	--	5	7385	卖盘
14:37:36	14.77	--	9	13293	卖盘
14:37:30	14.77	-0.01	1	1477	卖盘
14:37:27	14.78	--	5	7390	卖盘
14:37:24	14.78	--	24	35472	卖盘
14:37:15	14.78	-0.03	22	32516	卖盘
14:37:09	14.81	0.03	78	115518	买盘
14:37:06	14.78	-0.02	10	14780	卖盘
14:37:00	14.8	--	24	35608	卖盘
14:36:57	14.8	--	23	34040	卖盘
14:36:51	14.8	-0.01	550	814000	卖盘
14:36:48	14.81	0.01	2	2962	买盘
14:36:45	14.8	-0.01	5	7400	卖盘
14:36:39	14.81	0.01	12	17772	买盘
14:36:33	14.8	-0.01	12	17760	卖盘
14:36:30	14.81	--	4	5924	卖盘
14:36:27	14.81	--	25	37025	卖盘
14:36:24	14.81	--	10	14810	卖盘
14:36:18	14.81	-0.01	120	177720	卖盘
14:36:15	14.82	--	5	7410	买盘
14:36:12	14.82	0.01	3	4446	买盘
14:36:06	14.81	--	13	19253	卖盘
14:36:03	14.81	--	1	1481	卖盘
14:35:57	14.81	--	64	94784	卖盘
14:35:54	14.81	--	15	22215	卖盘
14:35:51	14.81	-0.01	219	324339	卖盘
14:35:48	14.82	0.01	11	16302	买盘
14:35:39	14.81	--	4	5924	卖盘
14:35:33	14.81	-0.01	6	8886	卖盘
14:35:30	14.82	0.01	7	10374	买盘
14:35:27	14.81	-0.01	41	60721	卖盘
14:35:24	14.82	0.01	1	1482	买盘
14:35:12	14.81	--	3	4443	卖盘
14:35:00	14.81	-0.01	1	1481	卖盘
14:34:57	14.82	--	6	8892	买盘
14:34:51	14.82	-0.01	10	14820	卖盘
14:34:45	14.83	0.02	5	7415	买盘
14:34:36	14.81	--	9	13329	卖盘
14:34:21	14.81	-0.02	4	5924	卖盘
14:34:12	14.83	0.01	3	4449	买盘
14:34:06	14.82	--	52	77064	卖盘
14:33:57	14.82	--	10	14820	卖盘
14:33:54	14.82	--	37	56227	买盘
14:33:45	14.82	--	3	4446	买盘
14:33:42	14.82	--	2	2964	买盘
14:33:36	14.82	--	4	6016	卖盘
14:33:27	14.82	--	6	10285	买盘
14:33:24	14.82	--	8	11944	卖盘
14:33:12	14.82	--	0	1393	买盘
14:33:06	14.82	--	40	59280	买盘
14:33:03	14.82	--	18	26676	买盘
14:32:57	14.82	0.01	2	2964	买盘
14:32:48	14.81	--	4	5924	卖盘
14:32:36	14.81	-0.01	20	29620	卖盘
14:32:33	14.82	0.01	3	4446	买盘
14:32:30	14.81	--	2	2962	卖盘
14:32:21	14.81	0.01	8	11848	中性盘
14:32:15	14.8	-0.02	16	23680	卖盘
14:32:12	14.82	0.01	13	19266	买盘
14:32:06	14.81	0.01	22	32582	买盘
14:32:03	14.8	-0.01	5	7400	卖盘
14:31:54	14.81	-0.01	1	1569	卖盘
14:31:51	14.82	0.01	3	4446	买盘
14:31:48	14.81	--	2	2962	卖盘
14:31:36	14.81	--	23	34063	卖盘
14:31:33	14.81	--	23	34063	卖盘
14:31:27	14.81	--	10	14810	卖盘
14:31:24	14.81	--	10	14810	卖盘
14:31:15	14.81	--	3	5835	买盘
14:31:12	14.81	0.01	13	19253	买盘
14:31:06	14.8	-0.01	6	8880	卖盘
14:31:03	14.81	0.01	105	155505	买盘
14:31:00	14.8	-0.01	52	76960	卖盘
14:30:57	14.81	--	2	2962	买盘
14:30:51	14.81	0.01	1	1481	买盘
14:30:45	14.8	--	4	5920	卖盘
14:30:39	14.8	-0.01	1	1480	卖盘
14:30:33	14.81	0.01	2	2962	买盘
14:30:18	14.8	--	7	10360	卖盘
14:29:57	14.8	-0.01	8	11840	卖盘
14:29:51	14.81	0.01	18	26658	买盘
14:29:48	14.8	--	5	7400	卖盘
14:29:42	14.8	--	44	65120	卖盘
14:29:36	14.8	--	5	7400	卖盘
14:29:27	14.8	-0.01	143	211640	卖盘
14:29:21	14.81	--	36	53316	买盘
14:29:18	14.81	0.01	200	296200	买盘
14:29:12	14.8	--	11	16280	卖盘
14:29:09	14.8	-0.01	18	26640	卖盘
14:29:03	14.81	--	504	746424	买盘
14:29:00	14.81	--	3	4443	买盘
14:28:54	14.81	--	5	7405	买盘
14:28:48	14.81	--	3	4443	买盘
14:28:45	14.81	--	6	8886	买盘
14:28:42	14.81	--	12	17772	买盘
14:28:33	14.81	--	12	17772	买盘
14:28:30	14.81	--	30	44430	买盘
14:28:27	14.81	--	3	4443	买盘
14:28:21	14.81	0.01	13	19253	买盘
14:28:18	14.8	-0.01	149	220520	卖盘
14:28:12	14.81	0.01	21	31101	买盘
14:28:09	14.8	--	27	39960	卖盘
14:27:57	14.8	--	15	22200	卖盘
14:27:54	14.8	-0.01	8	11840	卖盘
14:27:51	14.81	0.01	111	164391	买盘
14:27:48	14.8	-0.01	3	4440	卖盘
14:27:45	14.81	0.01	2	2962	买盘
14:27:39	14.8	-0.01	6	8880	卖盘
14:27:30	14.81	--	19	28139	买盘
14:27:24	14.81	--	82	121442	卖盘
14:27:15	14.81	-0.01	2	2962	卖盘
14:27:12	14.82	0.01	3	4446	买盘
14:27:03	14.81	--	1	1481	卖盘
14:27:00	14.81	-0.01	17	25177	卖盘
14:26:57	14.82	0.01	6	8892	买盘
14:26:48	14.81	--	20	29620	卖盘
14:26:42	14.81	-0.01	5	7405	卖盘
14:26:39	14.82	--	9	13338	买盘
14:26:30	14.82	--	2	2964	买盘
14:26:27	14.82	--	27	40014	卖盘
14:26:24	14.82	--	25	37050	卖盘
14:26:21	14.82	--	1	1482	卖盘
14:26:15	14.82	--	4	5928	卖盘
14:26:06	14.82	--	5	7410	卖盘
14:26:03	14.82	--	60	88920	买盘
14:26:00	14.82	--	25	37050	买盘
14:25:48	14.82	--	6	8892	买盘
14:25:45	14.82	0.01	6	8892	买盘
14:25:42	14.81	-0.01	12	17772	卖盘
14:25:39	14.82	0.01	10	14820	买盘
14:25:33	14.81	--	1	1481	卖盘
14:25:30	14.81	--	5	7405	卖盘
14:25:27	14.81	--	5	7405	卖盘
14:25:24	14.81	--	5	7405	卖盘
14:25:18	14.81	--	10	14810	卖盘
14:25:15	14.81	--	2	2962	买盘
14:25:06	14.81	--	7	10367	买盘
14:25:03	14.81	--	20	29620	卖盘
14:25:00	14.81	--	55	81455	卖盘
14:24:57	14.81	-0.01	100	148100	卖盘
14:24:54	14.82	--	32	47424	卖盘
14:24:51	14.82	-0.01	44	65208	中性盘
14:24:48	14.83	0.01	33	48939	买盘
14:24:45	14.82	-0.01	18	26676	卖盘
14:24:42	14.83	0.01	1	1483	买盘
14:24:39	14.82	-0.01	2	2964	卖盘
14:24:36	14.83	--	352	522016	卖盘
14:24:33	14.83	--	7	10381	卖盘
14:24:24	14.83	--	5	7415	卖盘
14:24:18	14.83	0.01	248	367784	买盘
14:24:15	14.82	--	58	85956	卖盘
14:24:12	14.82	-0.03	13	19266	卖盘
14:24:09	14.85	--	10	14850	买盘
14:24:06	14.85	--	10	14850	卖盘
14:24:03	14.85	--	9	13365	卖盘
14:24:00	14.85	--	46	68310	卖盘
14:23:57	14.85	--	22	32670	卖盘
14:23:54	14.85	--	146	216810	卖盘
14:23:51	14.85	--	26	38610	卖盘
14:23:45	14.85	0.03	260	386100	卖盘
14:23:42	14.82	--	5	7410	卖盘
14:23:36	14.82	-0.04	5	7410	卖盘
14:23:33	14.86	--	12	17832	买盘
14:23:30	14.86	--	1	1486	买盘
14:23:27	14.86	-0.02	7	10402	中性盘
14:23:21	14.88	0.01	55	81840	卖盘
14:23:15	14.87	0.05	39	57993	买盘
14:23:12	14.82	-0.06	180	266760	卖盘
14:23:09	14.88	-0.02	11	16368	卖盘
14:23:06	14.9	0.03	77	114730	买盘
14:23:03	14.87	--	47	69889	买盘
14:23:00	14.87	--	43	63941	卖盘
14:22:57	14.87	-0.04	1	1487	卖盘
14:22:54	14.91	0.03	200	298200	买盘
14:22:51	14.88	-0.03	202	300576	卖盘
14:22:48	14.91	-0.01	85	126735	卖盘
14:22:45	14.92	0.01	23	34316	买盘
14:22:42	14.91	--	305	454755	卖盘
14:22:39	14.91	--	49	73059	买盘
14:22:36	14.91	0.01	251	374241	中性盘
14:22:33	14.9	-0.01	147	219030	卖盘
14:22:30	14.91	--	34	50694	买盘
14:22:27	14.91	--	38	56658	买盘
14:22:24	14.91	--	70	104370	买盘
14:22:21	14.91	--	39	58149	买盘
14:22:18	14.91	0.01	13	19383	买盘
14:22:15	14.9	--	10	14900	卖盘
14:22:12	14.9	0.01	163	242870	买盘
14:22:09	14.89	--	77	114653	买盘
14:22:06	14.89	--	115	171235	买盘
14:22:03	14.89	0.01	57	84873	买盘
14:22:00	14.88	--	146	217248	买盘
14:21:57	14.88	0.01	167	248496	买盘
14:21:54	14.87	-0.01	133	197771	卖盘
14:21:51	14.88	0.01	122	181536	买盘
14:21:48	14.87	--	14	20818	卖盘
14:21:42	14.87	0.01	28	41636	买盘
14:21:39	14.86	-0.01	21	31206	卖盘
14:21:36	14.87	0.01	3	4461	买盘
14:21:33	14.86	-0.01	1	1486	中性盘
14:21:30	14.87	0.01	500	743500	买盘
14:21:27	14.86	0.01	3	4458	买盘
14:21:21	14.85	0.02	252	374220	买盘
14:21:15	14.83	--	25	37075	买盘
14:21:12	14.83	--	12	17796	买盘
14:21:06	14.83	0.01	37	54871	买盘
14:21:03	14.82	0.01	1	1482	买盘
14:21:00	14.81	-0.01	26	38506	卖盘
14:20:57	14.82	0.01	40	59280	买盘
14:20:51	14.81	--	76	112556	买盘
14:20:45	14.81	0.01	45	66645	买盘
14:20:42	14.8	--	1	1480	卖盘
14:20:39	14.8	--	49	72520	买盘
14:20:36	14.8	--	185	273800	买盘
14:20:33	14.8	--	35	51800	买盘
14:20:30	14.8	0.01	16	23680	买盘
14:20:27	14.79	-0.01	15	22185	卖盘
14:20:24	14.8	0.01	38	56240	买盘
14:20:21	14.79	-0.01	408	603432	卖盘
14:20:18	14.8	--	41	60680	买盘
14:20:15	14.8	--	14	20720	买盘
14:20:12	14.8	0.01	29	42920	买盘
14:20:09	14.79	-0.01	20	29580	卖盘
14:20:06	14.8	--	5	7400	买盘
14:20:03	14.8	--	3	4440	买盘
14:20:00	14.8	0.01	10	14800	买盘
14:19:57	14.79	--	33	48807	卖盘
14:19:54	14.79	--	10	14790	卖盘
14:19:51	14.79	--	1	1479	买盘
14:19:48	14.79	--	75	110925	买盘
14:19:42	14.79	--	40	59160	买盘
14:19:36	14.79	0.01	11	16268	买盘
14:19:33	14.78	--	1	1478	卖盘
14:19:27	14.78	--	43	63554	买盘
14:19:24	14.78	0.01	14	20692	买盘
14:19:21	14.77	-0.01	3	4431	卖盘
14:19:18	14.78	0.01	8	11824	买盘
14:19:15	14.77	-0.01	94	138838	卖盘
14:19:12	14.78	--	449	663622	买盘
14:19:09	14.78	--	4	5912	买盘
14:19:06	14.78	0.01	14	20692	买盘
14:19:03	14.77	-0.01	10	14770	卖盘
14:19:00	14.78	--	6	8868	买盘
14:18:57	14.78	0.01	2	2956	买盘
14:18:54	14.77	-0.01	2	2954	卖盘
14:18:51	14.78	0.01	8	11824	买盘
14:18:45	14.77	--	9	13293	卖盘
14:18:42	14.77	--	3	4431	卖盘
14:18:39	14.77	-0.01	135	199395	卖盘
14:18:36	14.78	0.01	68	100504	买盘
14:18:33	14.77	-0.01	5	7385	卖盘
14:18:30	14.78	0.01	1	1478	买盘
14:18:27	14.77	-0.01	100	147700	卖盘
14:18:24	14.78	0.01	48	70944	买盘
14:18:21	14.77	--	86	127022	买盘
14:18:18	14.77	--	10	14770	买盘
14:18:15	14.77	-0.01	37	54649	买盘
14:18:09	14.78	0.01	69	101982	买盘
14:18:06	14.77	--	1	1477	买盘
14:18:03	14.77	--	10	14770	买盘
14:18:00	14.77	0.01	5	7385	买盘
14:17:57	14.76	-0.01	1	1476	卖盘
14:17:54	14.77	--	12	17724	买盘
14:17:51	14.77	--	15	22155	买盘
14:17:48	14.77	0.01	3	4431	买盘
14:17:42	14.76	-0.01	1	1476	卖盘
14:17:39	14.77	--	60	88620	买盘
14:17:36	14.77	0.01	23	33971	买盘
14:17:30	14.76	--	222	327672	买盘
14:17:27	14.76	0.01	10	14760	买盘
14:17:18	14.75	--	1	1475	卖盘
14:17:15	14.75	--	10	14750	卖盘
14:17:12	14.75	--	3	4425	卖盘
14:17:09	14.75	--	30	44250	卖盘
14:16:57	14.75	--	203	299425	卖盘
14:16:54	14.75	-0.01	3	4425	卖盘
14:16:48	14.76	0.01	2	2952	买盘
14:16:45	14.75	-0.01	10	14750	卖盘
14:16:42	14.76	0.01	54	79704	买盘
14:16:36	14.75	-0.01	6	8850	卖盘
14:16:33	14.76	0.01	5	7380	买盘
14:16:30	14.75	--	34	50150	卖盘
14:16:27	14.75	--	5	7375	卖盘
14:16:21	14.75	--	20	29500	卖盘
14:16:18	14.75	--	26	38350	卖盘
14:16:15	14.75	--	77	113575	卖盘
14:16:09	14.75	--	30	44250	卖盘
14:16:06	14.75	-0.01	1	1475	卖盘
14:16:03	14.76	0.01	9	13284	买盘
14:16:00	14.75	--	2	2950	卖盘
14:15:57	14.75	--	50	73750	卖盘
14:15:54	14.75	--	6	8850	卖盘
14:15:51	14.75	--	32	47200	卖盘
14:15:48	14.75	--	10	14750	卖盘
14:15:45	14.75	--	49	72275	卖盘
14:15:36	14.75	--	40	59000	卖盘
14:15:33	14.75	--	332	489700	卖盘
14:15:30	14.75	--	3	4425	卖盘
14:15:27	14.75	--	153	225675	卖盘
14:15:24	14.75	--	54	79650	卖盘
14:15:21	14.75	--	57	84075	卖盘
14:15:18	14.75	--	12	17700	卖盘
14:15:15	14.75	--	15	22125	卖盘
14:15:12	14.75	-0.01	5	7375	卖盘
14:15:09	14.76	--	14	20664	买盘
14:15:06	14.76	0.01	38	56088	买盘
14:15:00	14.75	-0.01	5	7375	卖盘
14:14:57	14.76	0.01	10	14760	买盘
14:14:54	14.75	--	20	29500	卖盘
14:14:51	14.75	--	44	64900	卖盘
14:14:48	14.75	-0.01	2	2950	卖盘
14:14:45	14.76	0.01	2	2952	买盘
14:14:30	14.75	-0.01	20	29500	卖盘
14:14:27	14.76	--	15	22140	买盘
14:14:21	14.76	0.01	20	29520	买盘
14:14:15	14.75	-0.01	50	73750	卖盘
14:14:12	14.76	--	11	16236	买盘
14:14:03	14.76	0.01	11	16236	买盘
14:14:00	14.75	-0.01	208	306800	卖盘
14:13:54	14.76	--	4	5904	买盘
14:13:48	14.76	--	6	8856	买盘
14:13:24	14.76	--	36	53136	买盘
14:13:21	14.76	--	2	2952	买盘
14:13:18	14.76	--	1	1476	买盘
14:13:15	14.76	--	19	28044	买盘
14:13:09	14.76	0.01	1	1476	买盘
14:13:06	14.75	-0.01	2	2950	卖盘
14:13:03	14.76	--	4	5904	买盘
14:13:00	14.76	--	1	1476	买盘
14:12:57	14.76	--	9	13284	买盘
14:12:54	14.76	--	11	16236	买盘
14:12:51	14.76	--	34	50184	买盘
14:12:48	14.76	--	18	26568	买盘
14:12:42	14.76	--	4	5904	买盘
14:12:39	14.76	--	1	1476	买盘
14:12:33	14.76	--	30	44280	买盘
14:12:27	14.76	0.01	1	1476	买盘
14:12:24	14.75	--	5	7375	卖盘
14:12:18	14.75	--	20	29500	卖盘
14:12:15	14.75	--	84	123900	卖盘
14:12:09	14.75	--	10	14750	卖盘
14:12:06	14.75	0.01	78	115050	买盘
14:12:03	14.74	-0.01	5	7370	卖盘
14:12:00	14.75	--	30	44250	买盘
14:11:54	14.75	--	6	8850	买盘
14:11:45	14.75	--	5	7375	买盘
14:11:42	14.75	--	5	7375	买盘
14:11:39	14.75	--	3	4425	卖盘
14:11:36	14.75	--	8	11800	买盘
14:11:33	14.75	--	13	19175	卖盘
14:11:30	14.75	--	10	14750	卖盘
14:11:27	14.75	-0.01	2	2950	买盘
14:11:24	14.76	0.01	13	19188	买盘
14:11:21	14.75	--	3	4425	买盘
14:11:18	14.75	--	2	2950	卖盘
14:11:15	14.75	--	9	13275	卖盘
14:11:12	14.75	--	29	42775	卖盘
14:11:09	14.75	-0.01	16	23600	卖盘
14:11:06	14.76	0.01	55	81180	买盘
14:11:03	14.75	--	11	16225	卖盘
14:10:54	14.75	--	15	22125	卖盘
14:10:45	14.75	--	50	73750	卖盘
14:10:42	14.75	--	2	2950	卖盘
14:10:33	14.75	0.01	71	104725	买盘
14:10:30	14.74	-0.01	37	54538	卖盘
14:10:24	14.75	--	60	88500	买盘
14:10:21	14.75	0.01	20	29500	买盘
14:10:18	14.74	-0.01	4	5896	卖盘
14:10:15	14.75	--	21	30975	买盘
14:10:12	14.75	--	26	38350	买盘
14:10:03	14.75	--	7	10325	买盘
14:09:57	14.75	--	3	4425	买盘
14:09:54	14.75	--	35	51625	买盘
14:09:51	14.75	0.01	2	2950	买盘
14:09:48	14.74	-0.01	20	29480	卖盘
14:09:42	14.75	0.01	24	35400	买盘
14:09:33	14.74	--	1	1474	卖盘
14:09:30	14.74	--	7	10318	卖盘
14:09:27	14.74	--	377	555698	卖盘
14:09:24	14.74	--	10	14740	卖盘
14:09:21	14.74	--	20	29480	卖盘
14:09:15	14.74	-0.01	3	4422	卖盘
14:09:12	14.75	0.01	2	2950	买盘
14:09:09	14.74	--	68	100232	卖盘
14:09:06	14.74	--	15	22110	卖盘
14:09:00	14.74	--	3	4422	卖盘
14:08:57	14.74	--	68	100232	卖盘
14:08:54	14.74	--	7	10318	卖盘
14:08:42	14.74	-0.01	2	2948	卖盘
14:08:30	14.75	0.01	235	346625	买盘
14:08:24	14.74	-0.01	12	17688	卖盘
14:08:18	14.75	--	20	29500	买盘
14:08:12	14.75	--	6	8850	买盘
14:08:09	14.75	--	4	5900	买盘
14:08:06	14.75	--	18	26550	买盘
14:08:03	14.75	0.01	13	19175	买盘
14:07:51	14.74	-0.01	1	1474	卖盘
14:07:48	14.75	0.01	429	632775	买盘
14:07:45	14.74	--	4	5896	卖盘
14:07:42	14.74	-0.01	2	2948	卖盘
14:07:39	14.75	0.01	153	225675	买盘
14:07:36	14.74	--	6	8844	卖盘
14:07:33	14.74	--	4	5896	买盘
14:07:30	14.74	0.01	20	29480	买盘
14:07:27	14.73	-0.02	34	50082	卖盘
14:07:21	14.75	0.01	522	769950	买盘
14:07:18	14.74	--	52	76648	买盘
14:07:12	14.74	--	10	14740	买盘
14:07:09	14.74	0.01	33	48642	买盘
14:07:06	14.73	-0.01	54	79542	卖盘
14:07:03	14.74	--	5	7370	买盘
14:07:00	14.74	0.01	10	14740	买盘
14:06:57	14.73	-0.01	13	19149	卖盘
14:06:51	14.74	--	361	532114	买盘
14:06:45	14.74	0.01	669	986106	买盘
14:06:33	14.73	-0.01	10	14730	卖盘
14:06:21	14.74	--	9	13266	买盘
14:06:18	14.74	--	5	7370	买盘
14:06:15	14.74	--	5	7370	买盘
14:06:09	14.74	--	43	63382	买盘
14:05:54	14.74	0.01	192	283008	买盘
14:05:51	14.73	--	28	41244	卖盘
14:05:45	14.73	-0.01	1	1473	卖盘
14:05:42	14.74	0.01	35	51590	买盘
14:05:39	14.73	-0.01	6	8838	卖盘
14:05:36	14.74	--	5	7370	买盘
14:05:33	14.74	--	2	2948	买盘
14:05:21	14.74	--	50	73700	买盘
14:05:18	14.74	0.01	2	2948	买盘
14:05:12	14.73	--	1	1473	卖盘
14:05:06	14.73	--	5	7365	卖盘
14:05:03	14.73	--	1	1473	卖盘
14:05:00	14.73	--	15	22095	卖盘
14:04:57	14.73	--	5	7365	卖盘
14:04:54	14.73	--	10	14730	卖盘
14:04:48	14.73	0.02	238	350574	买盘
14:04:42	14.71	-0.01	6	8826	卖盘
14:04:39	14.72	0.01	5	7360	买盘
14:04:30	14.71	-0.01	21	30891	卖盘
14:04:27	14.72	0.01	1	1472	买盘
14:04:06	14.71	-0.01	6	8826	卖盘
14:04:03	14.72	0.01	71	104512	买盘
14:04:00	14.71	-0.01	20	29420	卖盘
14:03:57	14.72	0.01	8	11776	买盘
14:03:54	14.71	--	19	27949	卖盘
14:03:45	14.71	--	2	2942	卖盘
14:03:39	14.71	--	1	1471	卖盘
14:03:36	14.71	--	6	8826	卖盘
14:03:33	14.71	-0.01	5	7355	卖盘
14:03:30	14.72	0.01	2	2944	买盘
14:03:27	14.71	--	13	19123	卖盘
14:03:24	14.71	--	2	2942	卖盘
14:03:21	14.71	--	5	7355	卖盘
14:03:18	14.71	--	10	14710	卖盘
14:03:15	14.71	--	5	7355	卖盘
14:03:12	14.71	--	50	73550	卖盘
14:03:06	14.71	-0.01	16	23536	卖盘
14:02:27	14.72	0.01	2	2944	买盘
14:02:21	14.71	-0.01	20	29420	卖盘
14:02:15	14.72	--	32	47104	买盘
14:02:09	14.72	0.01	3	4416	中性盘
14:02:00	14.71	-0.01	43	63253	卖盘
14:01:54	14.72	--	16	24714	买盘
14:01:51	14.72	--	46	67712	买盘
14:01:48	14.72	0.01	6	8832	买盘
14:01:39	14.71	-0.01	1	1471	中性盘
14:01:27	14.72	--	23	33856	买盘
14:01:18	14.72	0.01	200	294400	买盘
14:01:09	14.71	-0.01	15	22065	中性盘
14:01:03	14.72	--	3	4416	买盘
14:01:00	14.72	0.02	7	10304	买盘
14:00:57	14.7	-0.01	76	111720	卖盘
14:00:51	14.71	--	19	28684	买盘
14:00:48	14.71	--	14	20594	买盘
14:00:39	14.71	--	40	58840	买盘
14:00:33	14.71	--	50	73550	买盘
14:00:30	14.71	0.01	8	11768	买盘
14:00:21	14.7	-0.01	1	1470	中性盘
14:00:15	14.71	0.01	7	10297	买盘
14:00:12	14.7	--	1	2205	卖盘
14:00:00	14.7	--	27	39690	卖盘
13:59:57	14.7	--	50	73500	卖盘
13:59:54	14.7	--	4	5880	卖盘
13:59:48	14.7	0.02	524	771015	买盘
13:59:39	14.68	--	5	7340	买盘
13:59:24	14.68	-0.02	2	2936	中性盘
13:59:12	14.7	0.02	5	7350	买盘
13:58:54	14.68	--	2	2936	买盘
13:58:48	14.68	-0.02	15	22020	卖盘
13:58:45	14.7	--	10	14700	买盘
13:58:42	14.7	--	50	73500	买盘
13:58:24	14.7	--	2	2940	买盘
13:58:06	14.7	--	0	735	卖盘
13:58:00	14.7	0.02	49	72765	买盘
13:57:57	14.68	-0.01	3	4404	卖盘
13:57:51	14.69	-0.01	4	5876	卖盘
13:57:48	14.7	--	2	2940	买盘
13:57:45	14.7	--	6	8820	买盘
13:57:33	14.7	-0.02	37	55125	卖盘
13:57:30	14.72	0.02	49	72128	买盘
13:57:27	14.7	-0.01	5	7350	卖盘
13:57:21	14.71	--	4	5884	卖盘
13:57:18	14.71	0.01	8	11768	卖盘
13:57:15	14.7	--	5	7350	卖盘
13:57:12	14.7	-0.01	5	7350	卖盘
13:57:06	14.71	--	14	20594	买盘
13:57:03	14.71	--	37	54427	卖盘
13:56:48	14.71	-0.01	8	11768	卖盘
13:56:39	14.72	--	11	16501	卖盘
13:56:36	14.72	--	3	4416	卖盘
13:56:30	14.72	-0.01	0	1162	卖盘
13:56:27	14.73	0.01	41	60393	买盘
13:56:09	14.72	--	3	4416	卖盘
13:56:06	14.72	-0.01	1	1472	卖盘
13:56:00	14.73	0.01	53	78069	买盘
13:55:57	14.72	--	7	10304	卖盘
13:55:42	14.72	-0.02	3	4416	卖盘
13:55:36	14.74	0.01	23	33902	买盘
13:55:33	14.73	--	1	1473	买盘
13:55:30	14.73	-0.01	20	29460	卖盘
13:55:27	14.74	--	14	20636	买盘
13:55:24	14.74	0.01	9	13266	买盘
13:55:18	14.73	-0.01	24	35352	卖盘
13:55:06	14.74	0.01	60	88440	买盘
13:55:00	14.73	--	9	13257	卖盘
13:54:57	14.73	--	3	4419	卖盘
13:54:54	14.73	--	115	169395	卖盘
13:54:51	14.73	--	30	44337	卖盘
13:54:48	14.73	0.01	659	970707	买盘
13:54:42	14.72	--	3	4416	买盘
13:54:36	14.72	--	18	26496	卖盘
13:54:33	14.72	--	6	8832	卖盘
13:54:30	14.72	0.02	14	20608	买盘
13:54:24	14.7	--	4	5880	卖盘
13:54:21	14.7	--	316	464520	卖盘
13:54:18	14.7	--	5	7350	卖盘
13:54:15	14.7	--	120	176400	卖盘
13:54:09	14.7	--	318	467460	卖盘
13:54:06	14.7	--	207	304290	卖盘
13:54:03	14.7	-0.01	5	7350	卖盘
13:54:00	14.71	0.01	44	64724	买盘
13:53:57	14.7	-0.01	3	4410	卖盘
13:53:54	14.71	0.01	40	58840	买盘
13:53:51	14.7	--	4	5880	卖盘
13:53:48	14.7	--	109	160230	卖盘
13:53:39	14.7	--	3	4410	卖盘
13:53:30	14.7	-0.01	11	16170	卖盘
13:53:27	14.71	0.01	13	19123	买盘
13:53:24	14.7	--	32	47040	卖盘
13:53:21	14.7	--	14	20580	卖盘
13:53:18	14.7	--	20	29400	卖盘
13:53:12	14.7	--	13	19110	卖盘
13:53:09	14.7	--	6	8820	卖盘
13:53:03	14.7	--	2	2940	卖盘
13:53:00	14.7	--	12	17640	卖盘
13:52:54	14.7	--	4	5880	卖盘
13:52:51	14.7	--	12	17640	卖盘
13:52:48	14.7	--	44	64680	卖盘
13:52:45	14.7	--	300	441000	卖盘
13:52:39	14.7	--	20	29400	卖盘
13:52:36	14.7	--	2	2940	卖盘
13:52:30	14.7	--	25	36750	卖盘
13:52:27	14.7	--	2	2940	卖盘
13:52:24	14.7	--	173	254310	卖盘
13:52:21	14.7	--	35	51450	卖盘
13:52:18	14.7	--	40	58800	卖盘
13:52:15	14.7	--	2	2940	卖盘
13:52:09	14.7	--	33	48510	卖盘
13:52:06	14.7	--	42	61740	卖盘
13:52:03	14.7	-0.01	66	97020	卖盘
13:52:00	14.71	--	5	7355	买盘
13:51:51	14.71	0.01	1132	1665172	买盘
13:51:48	14.7	--	3	4410	卖盘
13:51:45	14.7	0.04	176	259455	买盘
13:51:39	14.66	-0.03	102	149532	卖盘
13:51:30	14.69	-0.01	40	58760	卖盘
13:51:27	14.7	--	16	24255	卖盘
13:51:24	14.7	--	40	58800	卖盘
13:51:21	14.7	--	320	471135	买盘
13:51:18	14.7	0.01	10	14700	买盘
13:51:15	14.69	-0.01	5	7345	卖盘
13:51:12	14.7	0.01	10	14700	买盘
13:51:09	14.69	0.02	8	11752	买盘
13:51:06	14.67	-0.02	28	41076	卖盘
13:51:00	14.69	-0.01	44	64636	中性盘
13:50:54	14.7	0.03	302	443940	买盘
13:50:51	14.67	-0.03	2	2934	卖盘
13:50:24	14.7	0.03	301	442470	买盘
13:50:21	14.67	0.01	42	61614	买盘
13:50:15	14.66	-0.01	10	14660	卖盘
13:50:09	14.67	0.04	1	1467	买盘
13:50:03	14.63	-0.03	310	453530	卖盘
13:49:57	14.66	0.01	66	97445	买盘
13:49:54	14.65	--	1	1465	卖盘
13:49:51	14.65	--	63	92295	卖盘
13:49:45	14.65	--	101	147965	卖盘
13:49:42	14.65	0.01	139	203635	买盘
13:49:30	14.64	--	1	1464	买盘
13:49:24	14.64	0.01	4	5856	买盘
13:49:18	14.63	--	1	1463	卖盘
13:49:03	14.63	0.01	22	32186	买盘
13:48:12	14.62	--	1	2441	卖盘
13:47:57	14.62	--	5	7310	买盘
13:47:48	14.62	--	5	7310	买盘
13:47:39	14.62	--	5	7310	买盘
13:47:33	14.62	--	4	5848	买盘
13:47:30	14.62	--	3	4386	买盘
13:47:18	14.62	0.01	6	8772	买盘
13:47:09	14.61	-0.01	21	30681	卖盘
13:47:06	14.62	0.01	1	1462	买盘
13:47:00	14.61	--	30	43830	卖盘
13:46:57	14.61	--	110	160710	卖盘
13:46:51	14.61	--	5	7305	卖盘
13:46:48	14.61	--	2	2922	卖盘
13:46:45	14.61	0.01	9	13149	买盘
13:46:36	14.6	-0.01	67	97820	卖盘
13:46:33	14.61	--	4	5844	卖盘
13:46:27	14.61	--	3	4383	卖盘
13:46:24	14.61	--	3	4383	卖盘
13:46:00	14.61	--	15	21915	卖盘
13:45:57	14.61	0.01	1	1461	买盘
13:45:51	14.6	-0.01	3	4380	卖盘
13:45:48	14.61	0.01	3	4383	买盘
13:45:45	14.6	-0.01	10	14600	卖盘
13:45:42	14.61	0.01	6	8766	中性盘
13:45:33	14.6	--	30	43800	卖盘
13:45:30	14.6	-0.01	103	150380	卖盘
13:45:21	14.61	--	10	14610	卖盘
13:45:18	14.61	--	7	10227	卖盘
13:45:15	14.61	--	540	788940	卖盘
13:45:09	14.61	0.01	119	174881	买盘
13:45:06	14.6	--	305	445300	卖盘
13:45:03	14.6	-0.01	12	17520	卖盘
13:45:00	14.61	--	100	146100	买盘
13:44:54	14.61	0.01	129	188469	买盘
13:44:51	14.6	--	10	14600	卖盘
13:44:45	14.6	--	2	2920	卖盘
13:44:42	14.6	--	10	14600	卖盘
13:44:39	14.6	--	3	4380	卖盘
13:44:36	14.6	--	4	5840	卖盘
13:44:33	14.6	-0.01	21	30660	卖盘
13:44:30	14.61	0.01	6	8766	买盘
13:44:27	14.6	--	10	14600	卖盘
13:44:21	14.6	--	8	11680	卖盘
13:44:18	14.6	--	140	204400	卖盘
13:44:09	14.6	--	4	5840	卖盘
13:44:06	14.6	--	5	7300	卖盘
13:44:03	14.6	--	24	35040	卖盘
13:44:00	14.6	--	26	37960	卖盘
13:43:57	14.6	--	16	23360	卖盘
13:43:54	14.6	--	24	35040	卖盘
13:43:51	14.6	--	61	89060	卖盘
13:43:39	14.6	--	41	59860	卖盘
13:43:36	14.6	--	1	1460	卖盘
13:43:27	14.6	-0.01	8	11680	卖盘
13:43:24	14.61	--	6	8766	买盘
13:43:12	14.61	--	1	1461	买盘
13:43:09	14.61	-0.04	187	273645	卖盘
13:43:06	14.65	0.03	516	755940	买盘
13:43:03	14.62	0.01	4	5848	买盘
13:42:57	14.61	--	131	192413	卖盘
13:42:45	14.61	--	24	35064	卖盘
13:42:42	14.61	--	30	43830	卖盘
13:42:33	14.61	--	100	146100	卖盘
13:42:30	14.61	-0.01	3	4383	卖盘
13:42:27	14.62	--	12	17544	卖盘
13:42:24	14.62	--	2	2924	卖盘
13:42:21	14.62	--	12	17544	卖盘
13:42:18	14.62	--	14	20468	卖盘
13:42:15	14.62	-0.01	5	7310	卖盘
13:42:06	14.63	-0.01	9	13167	卖盘
13:41:57	14.64	0.02	5	7320	买盘
13:41:54	14.62	--	1	1462	买盘
13:41:51	14.62	-0.01	299	437138	卖盘
13:41:42	14.63	-0.01	53	77539	卖盘
13:41:30	14.64	--	4	5856	买盘
13:41:15	14.64	-0.01	5	7320	中性盘
13:40:45	14.65	-0.01	57	83944	卖盘
13:40:33	14.66	0.01	3	4398	买盘
13:40:30	14.65	-0.01	74	108410	卖盘
13:40:27	14.66	0.01	1	1466	买盘
13:40:21	14.65	--	10	14650	卖盘
13:40:09	14.65	--	20	29300	卖盘
13:40:06	14.65	--	100	146500	卖盘
13:40:03	14.65	--	60	87900	卖盘
13:40:00	14.65	--	15	21975	卖盘
13:39:57	14.65	0.02	28	42045	买盘
13:39:54	14.63	--	33	48279	卖盘
13:39:48	14.63	--	14	20482	卖盘
13:39:45	14.63	--	10	14630	卖盘
13:39:27	14.63	0.01	7	10241	买盘
13:39:24	14.62	-0.01	1	1462	卖盘
13:39:12	14.63	--	5	7315	买盘
13:39:09	14.63	-0.02	88	128744	卖盘
13:39:06	14.65	0.02	1	1465	买盘
13:38:54	14.63	-0.02	4	5852	卖盘
13:38:51	14.65	--	10	14650	买盘
13:38:48	14.65	0.02	1	1465	买盘
13:38:30	14.63	-0.02	30	43890	中性盘
13:38:12	14.65	0.03	202	295930	买盘
13:38:09	14.62	-0.01	7	10234	卖盘
13:38:06	14.63	--	2	2926	买盘
13:37:57	14.63	--	2	2926	买盘
13:37:54	14.63	--	50	73150	买盘
13:37:51	14.63	--	12	17556	买盘
13:37:27	14.63	--	80	117040	买盘
13:37:21	14.63	0.01	10	14630	买盘
13:37:15	14.62	--	154	225148	卖盘
13:37:09	14.62	0.01	26	38012	买盘
13:37:03	14.61	--	102	149022	卖盘
13:37:00	14.61	--	21	30681	卖盘
13:36:57	14.61	-0.01	19	27759	卖盘
13:36:45	14.62	--	20	29240	买盘
13:36:42	14.62	--	50	73100	卖盘
13:36:39	14.62	--	16	23392	卖盘
13:36:36	14.62	--	8	11696	卖盘
13:36:33	14.62	-0.01	36	52632	卖盘
13:36:30	14.63	0.01	4	5852	买盘
13:36:21	14.62	--	3	4386	卖盘
13:36:15	14.62	--	20	29240	卖盘
13:36:09	14.62	-0.01	4	5848	卖盘
13:36:03	14.63	0.01	4	5852	买盘
13:36:00	14.62	--	10	14620	卖盘
13:35:54	14.62	--	26	38012	卖盘
13:35:51	14.62	--	86	125732	卖盘
13:35:48	14.62	--	3	4386	卖盘
13:35:45	14.62	--	62	90644	卖盘
13:35:36	14.62	--	1	1462	卖盘
13:35:33	14.62	--	1	1462	卖盘
13:35:15	14.62	--	2	2924	卖盘
13:35:12	14.62	-0.01	1	1462	卖盘
13:35:06	14.63	--	75	110734	卖盘
13:35:00	14.63	--	30	43890	卖盘
13:34:57	14.63	-0.01	18	26334	卖盘
13:34:45	14.64	0.01	5	7320	买盘
13:34:42	14.63	--	2	2926	卖盘
13:34:39	14.63	--	2	2926	卖盘
13:34:36	14.63	--	5	7315	卖盘
13:34:27	14.63	--	20	29260	卖盘
13:34:24	14.63	--	3	4389	卖盘
13:34:18	14.63	--	8	11704	卖盘
13:34:09	14.63	-0.01	12	17556	卖盘
13:34:06	14.64	--	1	1464	卖盘
13:34:03	14.64	--	3	4392	卖盘
13:34:00	14.64	-0.01	10	14640	卖盘
13:33:42	14.65	-0.01	7	10255	卖盘
13:33:36	14.66	--	43	63038	卖盘
13:33:33	14.66	--	4	5864	卖盘
13:33:30	14.66	--	11	16126	卖盘
13:33:24	14.66	--	1	1466	卖盘
13:33:15	14.66	-0.01	1	1466	卖盘
13:33:12	14.67	-0.01	2	2934	中性盘
13:33:06	14.68	0.01	14	20552	卖盘
13:33:03	14.67	--	6	8802	买盘
13:32:57	14.67	-0.01	14	20538	卖盘
13:32:54	14.68	--	4	5872	卖盘
13:32:51	14.68	--	3	4404	买盘
13:32:36	14.68	-0.02	7	10276	中性盘
13:32:00	14.7	0.02	304	446880	买盘
13:31:54	14.68	--	101	148268	卖盘
13:31:48	14.68	--	4	5872	卖盘
13:31:45	14.68	--	1	1468	卖盘
13:31:36	14.68	--	2	2936	卖盘
13:31:12	14.68	--	7	10276	卖盘
13:30:57	14.68	--	3	4404	卖盘
13:30:51	14.68	-0.02	10	14680	卖盘
13:30:42	14.7	--	1	1470	买盘
13:30:36	14.7	0.02	35	51450	买盘
13:30:30	14.68	-0.02	20	29360	卖盘
13:30:24	14.7	--	11	16170	买盘
13:30:15	14.7	--	4	5880	买盘
13:30:09	14.7	--	2	2940	买盘
13:30:00	14.7	--	23	33810	卖盘
13:29:57	14.7	--	25	36750	卖盘
13:29:54	14.7	--	3	4410	卖盘
13:29:51	14.7	--	2	2940	卖盘
13:29:48	14.7	--	2	2940	卖盘
13:29:45	14.7	-0.01	78	114660	卖盘
13:29:42	14.71	0.01	37	54427	买盘
13:29:39	14.7	--	3	4410	卖盘
13:29:36	14.7	--	2	2940	卖盘
13:29:30	14.7	--	1	1470	卖盘
13:29:27	14.7	--	11	16170	卖盘
13:29:24	14.7	--	1	1470	卖盘
13:29:21	14.7	--	1	1470	卖盘
13:29:18	14.7	--	318	467460	买盘
13:29:06	14.7	0.01	24	35280	买盘
13:28:54	14.69	-0.01	5	7345	卖盘
13:28:48	14.7	0.01	63	92610	买盘
13:28:33	14.69	--	4	5876	买盘
13:28:24	14.69	--	5	7345	买盘
13:28:21	14.69	0.01	104	152776	买盘
13:28:09	14.68	--	10	14680	卖盘
13:28:03	14.68	0.01	78	114504	买盘
13:27:57	14.67	0.02	200	293400	买盘
13:27:39	14.65	--	10	14650	卖盘
13:27:36	14.65	-0.01	3	4395	卖盘
13:27:33	14.66	0.01	4	5864	买盘
13:27:21	14.65	-0.01	36	52740	卖盘
13:27:12	14.66	--	50	73300	买盘
13:27:03	14.66	0.01	5	7330	买盘
13:27:00	14.65	--	18	26370	卖盘
13:26:48	14.65	--	11	16115	卖盘
13:26:45	14.65	--	103	150895	卖盘
13:26:33	14.65	--	2	2930	卖盘
13:26:27	14.65	--	2	2930	卖盘
13:26:12	14.65	-0.01	58	84970	卖盘
13:26:03	14.66	--	1	1466	买盘
13:25:54	14.66	--	20	29320	卖盘
13:25:48	14.66	--	3	4398	卖盘
13:25:45	14.66	--	20	29320	卖盘
13:25:42	14.66	--	30	43980	卖盘
13:25:39	14.66	--	1	1466	卖盘
13:25:33	14.66	--	1	1466	卖盘
13:25:30	14.66	--	16	23456	卖盘
13:25:27	14.66	--	60	87960	卖盘
13:25:21	14.66	--	20	29320	卖盘
13:25:18	14.66	--	8	11728	卖盘
13:25:12	14.66	--	26	38116	卖盘
13:25:06	14.66	--	13	19058	卖盘
13:25:00	14.66	--	16	23456	买盘
13:24:54	14.66	--	1	1466	卖盘
13:24:51	14.66	--	2	2932	卖盘
13:24:45	14.66	--	5	7330	卖盘
13:24:24	14.66	0.01	30	43980	买盘
13:24:15	14.65	--	4	5860	卖盘
13:24:12	14.65	--	42	61530	卖盘
13:24:03	14.65	--	105	153825	买盘
13:23:54	14.65	0.02	166	243190	买盘
13:23:45	14.63	-0.01	20	29260	卖盘
13:23:42	14.64	--	17	24888	卖盘
13:23:39	14.64	-0.01	3	4392	卖盘
13:23:36	14.65	0.01	170	249050	买盘
13:23:30	14.64	--	3	4392	卖盘
13:23:27	14.64	--	11	16104	卖盘
13:23:24	14.64	--	20	29280	卖盘
13:23:18	14.64	--	28	40992	卖盘
13:22:57	14.64	-0.01	12	17568	卖盘
13:22:54	14.65	--	5	7325	买盘
13:22:42	14.65	-0.02	87	127455	卖盘
13:22:24	14.67	0.01	60	88020	买盘
13:22:21	14.66	--	38	55708	卖盘
13:22:12	14.66	--	10	14660	卖盘
13:22:09	14.66	-0.01	8	11728	卖盘
13:22:06	14.67	0.01	6	8802	买盘
13:21:57	14.66	-0.01	2	2932	卖盘
13:21:54	14.67	0.01	1	1467	买盘
13:21:42	14.66	--	42	61572	买盘
13:21:39	14.66	--	58	85028	卖盘
13:21:27	14.66	0.01	161	236026	买盘
13:21:24	14.65	-0.01	27	39555	卖盘
13:21:12	14.66	0.01	11	16126	买盘
13:20:57	14.65	--	13	19045	卖盘
13:20:45	14.65	0.02	12	17580	买盘
13:20:39	14.63	--	100	146300	卖盘
13:20:09	14.63	--	3	4389	卖盘
13:19:48	14.63	-0.02	23	33649	卖盘
13:19:45	14.65	0.02	2	2930	买盘
13:19:30	14.63	--	7	10241	卖盘
13:19:24	14.63	--	2	2926	卖盘
13:19:15	14.63	--	16	23408	卖盘
13:19:06	14.63	--	29	42427	卖盘
13:19:03	14.63	-0.02	3	4389	卖盘
13:18:57	14.65	0.02	100	146500	买盘
13:18:48	14.63	-0.01	2	2926	卖盘
13:18:45	14.64	--	11	16104	买盘
13:18:33	14.64	-0.01	28	40992	卖盘
13:18:21	14.65	--	22	32230	买盘
13:18:03	14.65	0.01	5	7325	买盘
13:17:54	14.64	--	2	2928	卖盘
13:17:51	14.64	--	4	5856	卖盘
13:17:45	14.64	--	3	4392	卖盘
13:17:24	14.64	-0.01	2	2928	卖盘
13:17:00	14.65	0.01	20	29300	中性盘
13:16:48	14.64	--	20	29280	卖盘
13:16:39	14.64	--	23	33672	卖盘
13:16:27	14.64	-0.01	64	93696	卖盘
13:16:18	14.65	--	64	93760	卖盘
13:16:15	14.65	-0.01	2	2930	卖盘
13:16:12	14.66	--	2	2932	买盘
13:15:51	14.66	--	2	2932	买盘
13:15:39	14.66	-0.02	1	1466	卖盘
13:15:30	14.68	--	3	4404	买盘
13:15:24	14.68	--	1	1468	买盘
13:15:21	14.68	--	3	4404	买盘
13:15:18	14.68	--	6	8808	买盘
13:15:12	14.68	--	86	126248	卖盘
13:15:09	14.68	-0.01	20	29360	卖盘
13:15:03	14.69	0.01	107	157183	买盘
13:14:48	14.68	--	15	22020	卖盘
13:14:33	14.68	--	11	16148	卖盘
13:14:30	14.68	-0.01	2	2936	卖盘
13:14:24	14.69	--	14	20566	买盘
13:14:18	14.69	--	1	1469	买盘
13:14:09	14.69	0.01	1	1469	买盘
13:14:06	14.68	-0.01	100	146800	卖盘
13:13:51	14.69	--	8	11752	卖盘
13:13:48	14.69	--	3	4407	卖盘
13:13:24	14.69	-0.01	18	26442	卖盘
13:13:21	14.7	--	5	7350	买盘
13:13:09	14.7	--	7	10290	买盘
13:13:06	14.7	--	2	2940	卖盘
13:12:54	14.7	0.01	5	7350	中性盘
13:12:51	14.69	-0.02	21	30849	卖盘
13:12:48	14.71	0.01	115	169165	买盘
13:12:42	14.7	0.01	2	2940	买盘
13:12:39	14.69	-0.02	24	35256	卖盘
13:12:27	14.71	0.01	12	17652	买盘
13:12:24	14.7	0.01	3	4410	买盘
13:12:21	14.69	-0.01	10	14690	卖盘
13:12:18	14.7	-0.01	1	1470	中性盘
13:12:12	14.71	0.01	50	73550	买盘
13:12:00	14.7	0.01	10	14700	买盘
13:11:57	14.69	--	7	10283	卖盘
13:11:33	14.69	--	10	14690	卖盘
13:11:27	14.69	-0.01	8	11752	卖盘
13:11:21	14.7	0.02	276	405720	买盘
13:11:15	14.68	-0.01	50	73400	卖盘
13:11:12	14.69	0.01	10	14690	买盘
13:11:06	14.68	--	11	16148	卖盘
13:10:48	14.68	--	7	10276	卖盘
13:10:45	14.68	--	20	29360	卖盘
13:10:42	14.68	-0.01	5	7340	卖盘
13:10:39	14.69	0.01	3	4407	买盘
13:10:36	14.68	--	1	1468	卖盘
13:10:33	14.68	--	14	20552	卖盘
13:10:18	14.68	--	1	1468	卖盘
13:10:03	14.68	--	14	20552	买盘
13:10:00	14.68	--	20	29360	买盘
13:09:57	14.68	-0.02	21	30828	卖盘
13:09:51	14.7	0.02	1	1470	买盘
13:09:48	14.68	-0.02	1	1468	卖盘
13:09:33	14.7	--	30	44100	买盘
13:09:27	14.7	--	4	5880	卖盘
13:09:24	14.7	--	10	14700	卖盘
13:09:21	14.7	--	50	73500	卖盘
13:09:18	14.7	0.01	218	320460	买盘
13:09:12	14.69	0.01	3	4407	买盘
13:09:03	14.68	--	8	11744	买盘
13:08:54	14.68	--	9	13212	卖盘
13:08:51	14.68	--	1	1468	买盘
13:08:45	14.68	--	26	38168	卖盘
13:08:42	14.68	0.02	74	108632	买盘
13:08:36	14.66	--	4	5864	买盘
13:08:27	14.66	-0.02	7	10262	卖盘
13:08:21	14.68	0.02	1	1468	买盘
13:08:12	14.66	--	23	33718	卖盘
13:08:09	14.66	--	24	36122	卖盘
13:07:54	14.66	--	2	2932	卖盘
13:07:48	14.66	-0.04	1	1466	卖盘
13:07:45	14.7	0.04	192	282240	买盘
13:07:30	14.66	-0.01	2	2932	卖盘
13:07:24	14.67	--	1	1467	买盘
13:07:15	14.67	0.01	2	2934	买盘
13:07:12	14.66	-0.02	28	41048	卖盘
13:07:06	14.68	0.01	2	2936	买盘
13:06:57	14.67	-0.01	4	5868	卖盘
13:06:36	14.68	0.01	1	1468	买盘
13:06:24	14.67	--	10	14670	卖盘
13:06:15	14.67	-0.01	30	44010	卖盘
13:06:12	14.68	-0.02	22	32296	卖盘
13:06:00	14.7	--	4	5880	卖盘
13:05:57	14.7	--	28	41160	卖盘
13:05:54	14.7	0.02	22	32340	买盘
13:05:51	14.68	--	17	24956	卖盘
13:05:48	14.68	--	5	7340	卖盘
13:05:45	14.68	--	1	1468	卖盘
13:05:36	14.68	-0.02	10	14680	卖盘
13:05:27	14.7	--	30	44100	买盘
13:05:21	14.7	0.03	5	7350	买盘
13:05:18	14.67	-0.03	1	1467	卖盘
13:05:06	14.7	--	31	45570	买盘
13:05:00	14.7	--	1	1470	买盘
13:04:54	14.7	--	40	58800	买盘
13:04:45	14.7	0.03	44	64680	买盘
13:04:42	14.67	-0.03	24	35208	卖盘
13:04:36	14.7	0.03	193	283710	买盘
13:04:33	14.67	-0.01	225	330075	卖盘
13:04:30	14.68	--	4	5872	买盘
13:04:21	14.68	0.01	8	11744	买盘
13:04:18	14.67	-0.01	2	2934	卖盘
13:04:15	14.68	0.01	20	29360	买盘
13:04:09	14.67	-0.01	3	4401	卖盘
13:04:03	14.68	--	1	1468	买盘
13:03:42	14.68	--	2	2936	买盘
13:03:27	14.68	0.01	4	5872	买盘
13:03:24	14.67	--	2	2934	卖盘
13:03:18	14.67	--	30	44010	卖盘
13:03:15	14.67	--	23	33741	中性盘
13:03:03	14.67	--	264	387288	买盘
13:03:00	14.67	0.01	1	1467	买盘
13:02:57	14.66	--	20	29320	卖盘
13:02:51	14.66	--	10	14660	卖盘
13:02:48	14.66	-0.01	11	16126	卖盘
13:02:45	14.67	0.01	30	44010	买盘
13:02:42	14.66	--	41	60106	卖盘
13:02:39	14.66	--	6	8796	卖盘
13:02:30	14.66	--	50	73300	卖盘
13:02:24	14.66	--	9	13194	卖盘
13:02:18	14.66	--	10	14660	卖盘
13:02:12	14.66	-0.01	20	29320	卖盘
13:02:09	14.67	--	1	1467	买盘
13:01:51	14.67	-0.01	103	151101	卖盘
13:01:48	14.68	--	16	23488	买盘
13:01:45	14.68	0.01	19	27892	买盘
13:01:39	14.67	-0.01	14	20538	卖盘
13:01:36	14.68	--	5	7340	买盘
13:01:24	14.68	--	23	33764	买盘
13:01:21	14.68	--	14	20552	买盘
13:01:15	14.68	--	62	91016	买盘
13:01:12	14.68	0.01	14	20552	买盘
13:01:00	14.67	--	122	178974	买盘
13:00:57	14.67	0.01	23	33741	买盘
13:00:51	14.66	-0.01	2	2932	卖盘
13:00:42	14.67	--	4	5868	买盘
13:00:39	14.67	--	8	11736	买盘
13:00:36	14.67	--	34	49878	买盘
13:00:33	14.67	0.01	2	2934	买盘
13:00:09	14.66	--	1	1466	卖盘
13:00:06	14.66	--	7	10262	卖盘
13:00:03	14.66	0.04	296	435387	买盘
13:00:00	14.62	--	0	0	买盘
11:30:00	14.62	--	0	0	买盘
11:29:57	14.62	--	23	33626	买盘
11:29:39	14.62	-0.03	225	328950	卖盘
11:29:36	14.65	--	10	14650	买盘
11:29:27	14.65	--	1	1465	卖盘
11:29:15	14.65	--	10	14650	卖盘
11:29:03	14.65	-0.01	18	26370	卖盘
11:28:42	14.66	--	18	26388	买盘
11:28:36	14.66	--	1	1466	买盘
11:28:33	14.66	0.01	1	1466	买盘
11:28:30	14.65	-0.01	50	73250	卖盘
11:28:24	14.66	0.01	2	2932	买盘
11:28:21	14.65	-0.01	21	30765	卖盘
11:28:03	14.66	0.03	10	14660	买盘
11:27:54	14.63	--	2	2926	卖盘
11:27:48	14.63	--	4	5852	卖盘
11:27:33	14.63	-0.02	395	577885	卖盘
11:27:30	14.65	0.01	1	1465	卖盘
11:27:24	14.64	--	207	303048	买盘
11:27:09	14.64	-0.02	96	140544	卖盘
11:27:00	14.66	--	48	70368	卖盘
11:26:51	14.66	--	10	14660	卖盘
11:26:48	14.66	-0.01	13	19058	卖盘
11:26:45	14.67	0.01	1	1467	买盘
11:26:33	14.66	-0.01	5	7330	卖盘
11:26:21	14.67	-0.01	149	218583	卖盘
11:26:18	14.68	--	10	14680	卖盘
11:26:06	14.68	--	5	7340	卖盘
11:26:03	14.68	-0.01	1	1468	卖盘
11:26:00	14.69	0.01	10	14690	买盘
11:25:45	14.68	-0.01	1	1468	卖盘
11:25:30	14.69	-0.01	39	57291	中性盘
11:25:21	14.7	0.02	322	473340	买盘
11:25:18	14.68	--	15	22020	卖盘
11:24:57	14.68	0.01	167	245156	买盘
11:24:54	14.67	-0.01	4	5868	中性盘
11:24:45	14.68	--	9	13212	买盘
11:24:30	14.68	--	20	29360	卖盘
11:24:27	14.68	--	52	76336	卖盘
11:24:21	14.68	--	49	71932	卖盘
11:24:06	14.68	--	5	7340	卖盘
11:24:03	14.68	0.03	101	148268	买盘
11:23:57	14.65	--	123	180195	买盘
11:23:45	14.65	--	1	1465	卖盘
11:23:42	14.65	--	4	5860	卖盘
11:23:30	14.65	0.02	7	10255	买盘
11:23:27	14.63	-0.02	25	36575	卖盘
11:23:06	14.65	0.02	3	4395	买盘
11:22:48	14.63	--	90	131670	卖盘
11:22:42	14.63	--	10	14630	卖盘
11:22:21	14.63	-0.02	88	128744	卖盘
11:22:15	14.65	--	20	29300	买盘
11:22:12	14.65	--	24	35160	卖盘
11:22:09	14.65	--	1	1465	卖盘
11:21:54	14.65	-0.03	8	11720	卖盘
11:21:30	14.68	--	120	176160	卖盘
11:21:24	14.68	--	7	10276	卖盘
11:21:21	14.68	--	38	55784	卖盘
11:21:15	14.68	--	1	1468	卖盘
11:21:09	14.68	0.03	197	289196	买盘
11:21:00	14.65	-0.03	3	4395	卖盘
11:20:57	14.68	0.02	300	440400	买盘
11:20:54	14.66	0.01	5	7330	买盘
11:20:45	14.65	--	5	7325	卖盘
11:20:39	14.65	0.01	41	60065	买盘
11:20:36	14.64	0.01	1	1464	买盘
11:20:33	14.63	-0.01	10	14630	卖盘
11:20:18	14.64	--	5	7320	买盘
11:20:15	14.64	--	1	1464	卖盘
11:20:12	14.64	--	3	4392	卖盘
11:20:09	14.64	--	65	95160	卖盘
11:19:57	14.64	--	19	27816	卖盘
11:19:33	14.64	--	30	43920	卖盘
11:19:27	14.64	-0.02	9	13176	卖盘
11:19:12	14.66	-0.01	13	19058	卖盘
11:19:09	14.67	--	5	7335	中性盘
11:19:03	14.67	--	224	328608	卖盘
11:18:48	14.67	--	23	33741	卖盘
11:18:42	14.67	--	6	8802	卖盘
11:18:39	14.67	--	10	14670	卖盘
11:18:36	14.67	--	3	4401	卖盘
11:18:33	14.67	-0.01	2	2934	卖盘
11:18:30	14.68	0.01	1	1468	买盘
11:18:27	14.67	--	3	4401	卖盘
11:18:21	14.67	-0.01	13	19071	卖盘
11:18:18	14.68	0.01	57	83676	买盘
11:18:09	14.67	-0.01	4	5868	卖盘
11:17:42	14.68	--	2	2936	卖盘
11:17:36	14.68	0.01	3	4404	中性盘
11:17:30	14.67	-0.01	119	174573	卖盘
11:17:27	14.68	--	7	10276	卖盘
11:17:24	14.68	--	14	20552	卖盘
11:17:21	14.68	0.01	74	108632	买盘
11:17:12	14.67	-0.01	9	13203	卖盘
11:17:06	14.68	--	4	5872	买盘
11:17:00	14.68	0.01	1	1468	买盘
11:16:57	14.67	-0.01	8	11736	卖盘
11:16:51	14.68	0.01	1	1468	买盘
11:16:48	14.67	-0.01	56	82152	卖盘
11:16:42	14.68	--	5	7340	买盘
11:16:39	14.68	0.01	67	98356	买盘
11:16:36	14.67	-0.01	2	2934	卖盘
11:16:27	14.68	--	1	1468	买盘
11:16:24	14.68	--	64	93952	卖盘
11:16:21	14.68	-0.01	3	4404	卖盘
11:16:12	14.69	-0.01	21	30849	卖盘
11:16:09	14.7	--	1	1470	买盘
11:16:06	14.7	0.01	8	11760	买盘
11:15:57	14.69	0.01	118	173342	买盘
11:15:42	14.68	0.01	10	14680	买盘
11:15:39	14.67	--	13	19071	卖盘
11:15:36	14.67	--	3	4401	卖盘
11:15:24	14.67	--	10	14670	卖盘
11:15:21	14.67	0.03	68	99756	买盘
11:15:12	14.64	0.02	74	108336	买盘
11:15:09	14.62	--	7	10234	卖盘
11:15:00	14.62	0.01	11	16082	买盘
11:14:57	14.61	--	2	2922	卖盘
11:14:54	14.61	--	100	146100	卖盘
11:14:48	14.61	-0.01	40	58440	卖盘
11:14:39	14.62	--	6	8772	卖盘
11:14:36	14.62	--	160	233920	卖盘
11:14:09	14.62	--	2	2924	卖盘
11:14:06	14.62	--	10	14620	卖盘
11:13:39	14.62	-0.01	4	5848	卖盘
11:13:33	14.63	--	3	4389	买盘
11:13:30	14.63	-0.01	10	14630	中性盘
11:13:06	14.64	--	67	98088	买盘
11:13:03	14.64	--	14	20496	卖盘
11:12:39	14.64	--	10	14640	卖盘
11:12:33	14.64	--	20	29280	卖盘
11:12:30	14.64	0.02	487	712968	买盘
11:12:27	14.62	--	3	4386	买盘
11:12:21	14.62	-0.01	4	5848	卖盘
11:12:12	14.63	--	31	45353	买盘
11:12:09	14.63	0.01	21	30723	买盘
11:12:06	14.62	-0.01	3	4386	中性盘
11:11:48	14.63	--	59	86317	卖盘
11:11:42	14.63	-0.01	10	14630	卖盘
11:11:39	14.64	--	50	73200	买盘
11:11:33	14.64	--	1	1464	买盘
11:11:30	14.64	0.01	13	19032	买盘
11:11:21	14.63	--	19	27797	买盘
11:11:06	14.63	0.01	3	4389	买盘
11:11:03	14.62	-0.01	3	4386	卖盘
11:11:00	14.63	0.01	6	8778	买盘
11:10:57	14.62	-0.01	3	4386	卖盘
11:10:42	14.63	-0.01	6	8778	中性盘
11:10:33	14.64	0.01	28	40992	买盘
11:10:30	14.63	--	11	16093	卖盘
11:10:21	14.63	-0.01	83	121429	卖盘
11:10:06	14.64	--	2	2928	买盘
11:10:03	14.64	-0.04	799	1169736	卖盘
11:10:00	14.68	0.01	7	10276	买盘
11:09:57	14.67	-0.01	2	2934	卖盘
11:09:54	14.68	--	10	14680	卖盘
11:09:48	14.68	-0.01	1	1468	卖盘
11:09:42	14.69	0.01	1	1469	买盘
11:09:30	14.68	-0.01	7	10276	卖盘
11:09:27	14.69	0.01	20	29380	买盘
11:09:21	14.68	--	1	1468	卖盘
11:09:18	14.68	-0.01	2	2936	卖盘
11:09:12	14.69	--	6	8814	买盘
11:09:09	14.69	--	2	2938	买盘
11:08:57	14.69	0.01	3	4407	买盘
11:08:54	14.68	--	15	22020	卖盘
11:08:51	14.68	--	1	1468	卖盘
11:08:42	14.68	-0.02	16	23488	卖盘
11:08:33	14.7	0.02	1	1470	买盘
11:08:30	14.68	-0.02	20	29360	卖盘
11:08:27	14.7	--	1	1470	买盘
11:08:24	14.7	0.02	40	58800	买盘
11:08:21	14.68	-0.02	66	96888	卖盘
11:08:18	14.7	0.02	1	1470	买盘
11:08:12	14.68	--	30	44040	卖盘
11:08:06	14.68	-0.02	6	8808	卖盘
11:07:57	14.7	0.02	40	58800	买盘
11:07:51	14.68	-0.02	20	29360	卖盘
11:07:48	14.7	--	50	73500	买盘
11:07:45	14.7	0.02	11	16170	买盘
11:07:42	14.68	-0.02	2	2936	卖盘
11:07:39	14.7	--	1	1470	买盘
11:07:36	14.7	-0.01	2	2940	卖盘
11:07:33	14.71	0.01	46	67666	买盘
11:07:30	14.7	--	5	7350	卖盘
11:07:27	14.7	--	5	7350	卖盘
11:07:24	14.7	--	11	16170	卖盘
11:07:18	14.7	--	17	24990	卖盘
11:07:12	14.7	--	6	8820	卖盘
11:07:03	14.7	--	88	129360	卖盘
11:07:00	14.7	-0.01	13	19110	卖盘
11:06:57	14.71	0.01	2	2942	买盘
11:06:54	14.7	-0.01	10	14700	卖盘
11:06:51	14.71	--	4	5884	买盘
11:06:48	14.71	--	10	14710	买盘
11:06:45	14.71	0.01	6	8826	买盘
11:06:36	14.7	--	14	20580	卖盘
11:06:27	14.7	--	63	92610	买盘
11:06:21	14.7	--	22	32340	买盘
11:06:15	14.7	-0.01	20	29400	卖盘
11:06:12	14.71	--	26	38246	买盘
11:06:09	14.71	--	21	30891	买盘
11:06:06	14.71	0.01	50	73550	买盘
11:06:03	14.7	-0.01	5	7350	卖盘
11:06:00	14.71	--	15	22065	买盘
11:05:57	14.71	0.01	1	1471	买盘
11:05:54	14.7	--	10	14700	卖盘
11:05:51	14.7	--	23	33810	卖盘
11:05:48	14.7	--	10	14700	卖盘
11:05:45	14.7	--	131	192570	卖盘
11:05:42	14.7	--	5	7350	卖盘
11:05:39	14.7	--	50	73500	卖盘
11:05:36	14.7	0.01	281	413070	买盘
11:05:33	14.69	0.01	15	22035	买盘
11:05:30	14.68	--	11	16148	卖盘
11:05:27	14.68	-0.01	1	1468	卖盘
11:05:24	14.69	--	120	176280	买盘
11:05:21	14.69	0.01	8	11752	买盘
11:05:18	14.68	--	5	7340	卖盘
11:05:12	14.68	-0.01	11	16148	卖盘
11:05:06	14.69	--	27	39663	买盘
11:04:57	14.69	0.01	201	295269	买盘
11:04:45	14.68	--	22	32296	卖盘
11:04:42	14.68	--	11	16148	卖盘
11:04:39	14.68	--	6	8808	卖盘
11:04:36	14.68	--	2	2936	卖盘
11:04:33	14.68	--	7	10276	卖盘
11:04:30	14.68	--	8	11744	买盘
11:04:18	14.68	--	6	8808	买盘
11:04:12	14.68	0.01	201	295068	买盘
11:04:09	14.67	-0.01	98	143766	卖盘
11:04:00	14.68	-0.01	100	146800	卖盘
11:03:57	14.69	--	181	265889	买盘
11:03:45	14.69	--	30	44070	买盘
11:03:39	14.69	0.01	5	7345	买盘
11:03:33	14.68	--	4	5872	买盘
11:03:30	14.68	--	36	52848	卖盘
11:03:27	14.68	--	1	1468	买盘
11:03:24	14.68	--	10	14680	买盘
11:03:21	14.68	-0.01	10	14680	中性盘
11:03:15	14.69	--	22	32318	卖盘
11:03:12	14.69	--	4	5876	卖盘
11:03:09	14.69	0.02	214	314366	买盘
11:03:00	14.67	-0.01	124	181908	卖盘
11:02:54	14.68	-0.01	3	4404	卖盘
11:02:42	14.69	--	1	1469	买盘
11:02:39	14.69	0.01	10	14690	买盘
11:02:33	14.68	-0.01	30	44040	卖盘
11:02:18	14.69	--	10	14690	买盘
11:02:15	14.69	--	9	13221	买盘
11:02:09	14.69	0.01	4	5876	买盘
11:02:03	14.68	-0.01	10	14680	卖盘
11:01:57	14.69	0.01	1	1469	买盘
11:01:54	14.68	--	1	1468	买盘
11:01:42	14.68	0.01	121	177628	买盘
11:01:33	14.67	-0.01	2	2934	卖盘
11:01:30	14.68	--	50	73400	买盘
11:01:27	14.68	0.01	2	2936	买盘
11:01:24	14.67	-0.01	35	51345	卖盘
11:01:21	14.68	--	2	2936	买盘
11:01:12	14.68	-0.02	25	36700	中性盘
11:01:00	14.7	0.02	385	565950	买盘
11:00:57	14.68	--	3	4404	买盘
11:00:54	14.68	--	17	24956	卖盘
11:00:51	14.68	--	2	2936	卖盘
11:00:48	14.68	--	11	16148	卖盘
11:00:45	14.68	--	16	23488	卖盘
11:00:36	14.68	0.01	3	4404	卖盘
11:00:33	14.67	-0.01	22	32274	卖盘
11:00:30	14.68	--	22	32296	买盘
11:00:27	14.68	0.01	4	5872	买盘
11:00:24	14.67	-0.01	10	14670	卖盘
11:00:18	14.68	--	7	10276	买盘
11:00:12	14.68	-0.01	1	1468	中性盘
11:00:06	14.69	0.01	5	7345	买盘
10:59:57	14.68	--	10	14680	买盘
10:59:54	14.68	0.01	5	7340	买盘
10:59:45	14.67	-0.01	100	146700	卖盘
10:59:39	14.68	--	4	5872	卖盘
10:59:36	14.68	0.01	120	176160	买盘
10:59:30	14.67	--	56	82152	卖盘
10:59:27	14.67	0.01	344	504648	买盘
10:59:21	14.66	--	18	26388	卖盘
10:59:18	14.66	--	5	7330	卖盘
10:59:15	14.66	--	28	41048	卖盘
10:59:12	14.66	--	10	14660	卖盘
10:59:09	14.66	--	24	35184	卖盘
10:59:06	14.66	--	28	41048	卖盘
10:59:03	14.66	--	10	14660	卖盘
10:59:00	14.66	--	14	20524	卖盘
10:58:57	14.66	--	13	19058	卖盘
10:58:54	14.66	--	7	10262	卖盘
10:58:51	14.66	--	105	153930	卖盘
10:58:48	14.66	0.01	108	158328	买盘
10:58:42	14.65	--	1	1465	卖盘
10:58:36	14.65	--	21	30765	卖盘
10:58:33	14.65	--	9	13185	卖盘
10:58:30	14.65	--	7	10255	卖盘
10:58:24	14.65	--	4	5860	卖盘
10:58:21	14.65	-0.01	6	8790	卖盘
10:58:18	14.66	0.01	100	146600	买盘
10:58:15	14.65	--	4	5860	卖盘
10:58:09	14.65	--	8	11720	中性盘
10:58:00	14.65	-0.01	4	5860	卖盘
10:57:54	14.66	0.01	1	1466	买盘
10:57:51	14.65	0.01	6	8790	中性盘
10:57:45	14.64	-0.02	349	510936	卖盘
10:57:39	14.66	--	19	27854	卖盘
10:57:36	14.66	--	3	4398	卖盘
10:57:33	14.66	--	10	14660	卖盘
10:57:30	14.66	-0.01	15	21990	卖盘
10:57:27	14.67	0.01	6	8802	买盘
10:57:24	14.66	--	7	10262	卖盘
10:57:21	14.66	0.02	19	27854	买盘
10:57:18	14.64	--	4	5856	卖盘
10:57:15	14.64	-0.02	5	7320	卖盘
10:57:12	14.66	0.02	2	2932	买盘
10:57:09	14.64	-0.02	8	11712	卖盘
10:57:06	14.66	--	207	303462	买盘
10:57:00	14.66	-0.01	5	7330	卖盘
10:56:57	14.67	0.03	25	36675	买盘
10:56:54	14.64	-0.02	500	732000	卖盘
10:56:51	14.66	-0.01	19	27854	卖盘
10:56:39	14.67	--	55	80685	卖盘
10:56:36	14.67	--	57	83619	卖盘
10:56:30	14.67	-0.01	25	36675	卖盘
10:56:24	14.68	--	14	20552	买盘
10:56:21	14.68	--	69	101292	买盘
10:56:00	14.68	--	33	48444	买盘
10:55:54	14.68	0.01	4	5872	买盘
10:55:51	14.67	-0.01	1	1467	卖盘
10:55:45	14.68	--	2	2936	买盘
10:55:42	14.68	--	158	231944	卖盘
10:55:39	14.68	--	2	2936	卖盘
10:55:33	14.68	--	15	22020	卖盘
10:55:15	14.68	-0.01	30	44040	卖盘
10:55:12	14.69	--	10	14690	买盘
10:55:09	14.69	--	25	36725	买盘
10:55:06	14.69	0.01	14	20566	买盘
10:55:00	14.68	--	5	7340	卖盘
10:54:57	14.68	--	10	14680	卖盘
10:54:54	14.68	--	5	7340	卖盘
10:54:51	14.68	--	12	17616	卖盘
10:54:48	14.68	-0.01	10	14680	卖盘
10:54:45	14.69	0.01	62	91078	买盘
10:54:39	14.68	-0.01	10	14680	卖盘
10:54:36	14.69	0.01	7	10283	买盘
10:54:30	14.68	--	3	4404	卖盘
10:54:24	14.68	--	4	5872	卖盘
10:54:18	14.68	--	3	4404	买盘
10:54:12	14.68	--	4	5872	中性盘
10:54:09	14.68	--	7	10276	买盘
10:54:06	14.68	--	40	58720	买盘
10:54:00	14.68	0.01	22	32296	买盘
10:53:57	14.67	--	3	4401	卖盘
10:53:54	14.67	--	32	46944	卖盘
10:53:51	14.67	--	62	90954	买盘
10:53:45	14.67	--	8	11736	买盘
10:53:30	14.67	-0.01	142	208314	卖盘
10:53:27	14.68	--	99	145332	买盘
10:53:21	14.68	0.01	105	154140	买盘
10:53:12	14.67	--	4	5868	卖盘
10:53:03	14.67	--	53	77751	卖盘
10:53:00	14.67	--	2	2934	卖盘
10:52:57	14.67	--	4	5868	卖盘
10:52:45	14.67	0.01	45	66015	买盘
10:52:42	14.66	-0.03	6	8796	卖盘
10:52:36	14.69	0.02	455	668395	买盘
10:52:33	14.67	--	19	27873	买盘
10:52:30	14.67	--	82	120294	卖盘
10:52:27	14.67	--	20	29340	卖盘
10:52:24	14.67	--	43	63081	卖盘
10:52:21	14.67	--	15	22005	卖盘
10:52:15	14.67	-0.01	36	52812	卖盘
10:52:12	14.68	--	24	35232	买盘
10:52:09	14.68	0.01	53	77804	买盘
10:52:03	14.67	-0.01	5	7335	卖盘
10:52:00	14.68	--	33	48444	买盘
10:51:51	14.68	--	90	132120	卖盘
10:51:42	14.68	--	16	23488	卖盘
10:51:33	14.68	--	5	7340	卖盘
10:51:30	14.68	0.02	140	205520	买盘
10:51:27	14.66	--	5	7330	卖盘
10:51:18	14.66	0.01	25	36650	买盘
10:51:15	14.65	-0.01	16	23440	卖盘
10:51:12	14.66	0.01	1	1466	买盘
10:51:09	14.65	--	16	23440	卖盘
10:51:06	14.65	-0.01	6	8790	卖盘
10:51:00	14.66	0.01	28	41048	买盘
10:50:57	14.65	--	2	2930	卖盘
10:50:51	14.65	0.01	8	11720	买盘
10:50:48	14.64	-0.01	4	5856	卖盘
10:50:45	14.65	--	2	2930	卖盘
10:50:42	14.65	-0.01	64	93760	卖盘
10:50:33	14.66	--	2	2932	卖盘
10:50:30	14.66	-0.02	20	29320	卖盘
10:50:24	14.68	-0.01	112	164416	卖盘
10:50:18	14.69	--	20	29380	买盘
10:50:15	14.69	-0.01	80	117520	卖盘
10:50:12	14.7	0.01	70	102900	买盘
10:50:09	14.69	--	26	38194	卖盘
10:50:06	14.69	--	41	60229	卖盘
10:50:03	14.69	--	30	44070	卖盘
10:50:00	14.69	-0.01	20	29380	卖盘
10:49:57	14.7	--	72	105840	买盘
10:49:54	14.7	0.01	72	105840	买盘
10:49:51	14.69	-0.01	10	14690	卖盘
10:49:45	14.7	--	565	830550	卖盘
10:49:42	14.7	-0.01	411	604170	卖盘
10:49:39	14.71	-0.01	554	814934	卖盘
10:49:36	14.72	--	17	25024	买盘
10:49:33	14.72	--	32	47104	买盘
10:49:30	14.72	--	3	4416	买盘
10:49:27	14.72	--	649	955328	买盘
10:49:24	14.72	--	17	25024	买盘
10:49:21	14.72	--	20	29440	买盘
10:49:18	14.72	--	7	10304	买盘
10:49:15	14.72	--	10	14720	买盘
10:49:12	14.72	-0.01	10	14720	中性盘
10:49:03	14.73	0.01	6	8838	买盘
10:49:00	14.72	--	18	26496	卖盘
10:48:57	14.72	-0.01	13	19136	卖盘
10:48:54	14.73	0.01	30	44190	买盘
10:48:51	14.72	-0.01	29	42688	卖盘
10:48:45	14.73	0.01	154	226842	买盘
10:48:39	14.72	-0.01	70	103040	卖盘
10:48:36	14.73	--	31	45663	买盘
10:48:33	14.73	0.01	43	63339	买盘
10:48:30	14.72	--	41	60352	卖盘
10:48:27	14.72	--	10	14720	卖盘
10:48:21	14.72	--	29	42688	卖盘
10:48:15	14.72	-0.01	4	5888	卖盘
10:48:12	14.73	--	10	14730	买盘
10:48:09	14.73	0.01	2	2946	买盘
10:48:06	14.72	--	11	16192	卖盘
10:48:03	14.72	-0.01	36	52992	卖盘
10:48:00	14.73	0.01	130	191490	买盘
10:47:57	14.72	--	37	54464	卖盘
10:47:54	14.72	-0.01	1	1472	卖盘
10:47:51	14.73	--	2	2946	买盘
10:47:48	14.73	0.01	61	89853	买盘
10:47:45	14.72	--	17	25024	卖盘
10:47:42	14.72	--	6	8832	卖盘
10:47:39	14.72	-0.01	33	48576	卖盘
10:47:36	14.73	--	16	23568	买盘
10:47:33	14.73	0.01	3	4419	买盘
10:47:30	14.72	--	21	30912	卖盘
10:47:27	14.72	--	22	32384	卖盘
10:47:24	14.72	0.01	58	85376	买盘
10:47:21	14.71	--	26	38246	卖盘
10:47:18	14.71	--	166	244186	卖盘
10:47:12	14.71	--	1	1471	卖盘
10:47:09	14.71	-0.01	16	23536	卖盘
10:47:06	14.72	--	3	4416	买盘
10:47:03	14.72	--	26	38272	买盘
10:47:00	14.72	--	12	17664	买盘
10:46:57	14.72	--	5	7360	买盘
10:46:54	14.72	0.01	14	20608	卖盘
10:46:51	14.71	-0.01	41	60311	卖盘
10:46:48	14.72	--	11	16192	卖盘
10:46:45	14.72	--	109	160448	买盘
10:46:42	14.72	--	28	41216	买盘
10:46:39	14.72	0.01	85	125120	买盘
10:46:36	14.71	--	1	1471	卖盘
10:46:33	14.71	--	16	23536	卖盘
10:46:30	14.71	--	34	50014	卖盘
10:46:27	14.71	--	6	8826	卖盘
10:46:24	14.71	--	123	180933	买盘
10:46:21	14.71	0.01	11	16181	买盘
10:46:18	14.7	--	5	7350	卖盘
10:46:15	14.7	--	90	132300	卖盘
10:46:12	14.7	--	65	95550	买盘
10:46:09	14.7	--	12	17640	买盘
10:46:06	14.7	0.01	45	66150	买盘
10:46:03	14.69	-0.01	15	22035	卖盘
10:46:00	14.7	0.01	240	352800	买盘
10:45:57	14.69	--	84	123396	卖盘
10:45:54	14.69	--	66	96954	卖盘
10:45:51	14.69	--	36	52884	卖盘
10:45:48	14.69	--	5	7345	卖盘
10:45:45	14.69	--	23	33787	卖盘
10:45:42	14.69	-0.02	23	33787	卖盘
10:45:39	14.71	--	124	182404	买盘
10:45:36	14.71	--	12	17652	买盘
10:45:33	14.71	--	5	7355	买盘
10:45:30	14.71	-0.01	132	194172	卖盘
10:45:27	14.72	0.01	61	89792	买盘
10:45:24	14.71	-0.01	123	180933	卖盘
10:45:21	14.72	-0.01	3	4416	卖盘
10:45:18	14.73	0.01	48	70704	买盘
10:45:15	14.72	-0.02	130	191360	卖盘
10:45:12	14.74	0.02	233	343442	买盘
10:45:09	14.72	-0.01	8	11776	卖盘
10:45:06	14.73	--	8	11784	卖盘
10:45:03	14.73	0.01	75	110475	买盘
10:45:00	14.72	-0.02	29	42688	卖盘
10:44:57	14.74	0.01	40	58960	买盘
10:44:54	14.73	0.02	53	78069	买盘
10:44:51	14.71	-0.03	101	148571	卖盘
10:44:48	14.74	0.01	29	42746	买盘
10:44:45	14.73	--	94	138462	买盘
10:44:42	14.73	--	31	45663	买盘
10:44:39	14.73	-0.02	31	45663	卖盘
10:44:36	14.75	0.02	305	449875	买盘
10:44:33	14.73	-0.01	40	58920	卖盘
10:44:30	14.74	0.01	58	85492	买盘
10:44:27	14.73	--	63	92799	买盘
10:44:24	14.73	--	25	36825	买盘
10:44:21	14.73	0.02	62	91326	买盘
10:44:18	14.71	-0.02	21	30891	卖盘
10:44:15	14.73	0.02	33	48609	买盘
10:44:12	14.71	--	8	11768	卖盘
10:44:06	14.71	0.02	296	435416	买盘
10:44:00	14.69	--	284	417196	买盘
10:43:57	14.69	0.01	142	208598	买盘
10:43:54	14.68	--	35	51380	买盘
10:43:51	14.68	0.01	23	33764	买盘
10:43:48	14.67	--	2	2934	卖盘
10:43:45	14.67	--	189	277263	买盘
10:43:42	14.67	--	203	297801	买盘
10:43:39	14.67	0.01	9	13203	买盘
10:43:36	14.66	--	11	16126	卖盘
10:43:33	14.66	-0.01	20	29320	卖盘
10:43:30	14.67	0.01	180	264060	买盘
10:43:27	14.66	0.01	59	86494	买盘
10:43:24	14.65	--	50	73250	卖盘
10:43:21	14.65	--	18	26370	卖盘
10:43:18	14.65	--	5	7325	卖盘
10:43:15	14.65	0.02	1627	2383555	买盘
10:43:12	14.63	-0.01	375	548625	卖盘
10:43:09	14.64	--	69	101016	卖盘
10:43:06	14.64	0.01	349	510936	买盘
10:43:03	14.63	--	110	160930	卖盘
10:43:00	14.63	-0.01	3	4389	卖盘
10:42:57	14.64	0.01	242	354288	买盘
10:42:54	14.63	--	92	134596	买盘
10:42:48	14.63	0.01	54	79002	买盘
10:42:45	14.62	--	116	169592	买盘
10:42:42	14.62	--	271	396202	买盘
10:42:39	14.62	0.01	24	35088	买盘
10:42:33	14.61	--	22	32142	卖盘
10:42:30	14.61	0.01	61	89121	买盘
10:42:27	14.6	--	11	16060	卖盘
10:42:21	14.6	0.01	73	106580	买盘
10:42:18	14.59	-0.01	6	8754	卖盘
10:42:15	14.6	0.01	485	708100	买盘
10:42:12	14.59	0.01	1	1459	买盘
10:42:09	14.58	--	86	125388	买盘
10:42:03	14.58	--	8	11664	买盘
10:42:00	14.58	0.01	8	11664	买盘
10:41:54	14.57	--	85	123845	卖盘
10:41:51	14.57	--	134	195485	买盘
10:41:48	14.57	--	7	10199	买盘
10:41:45	14.57	0.01	4	5828	买盘
10:41:39	14.56	--	1	1456	卖盘
10:41:33	14.56	--	32	47072	买盘
10:41:27	14.56	--	105	152880	买盘
10:41:24	14.56	0.01	68	99008	买盘
10:41:18	14.55	--	1	1455	卖盘
10:41:12	14.55	--	1	1455	卖盘
10:41:00	14.55	--	107	156383	买盘
10:40:57	14.55	0.01	161	234255	买盘
10:40:54	14.54	-0.01	26	37804	卖盘
10:40:51	14.55	0.01	11	16005	买盘
10:40:48	14.54	--	20	29080	卖盘
10:40:42	14.54	--	6	8724	卖盘
10:40:39	14.54	--	2	2908	卖盘
10:40:36	14.54	--	30	43620	卖盘
10:40:33	14.54	--	18	26172	卖盘
10:40:30	14.54	--	51	74154	买盘
10:40:27	14.54	--	3	4362	卖盘
10:40:21	14.54	--	40	58160	卖盘
10:40:18	14.54	--	12	17448	卖盘
10:40:15	14.54	--	18	26172	卖盘
10:40:12	14.54	--	22	31987	卖盘
10:40:09	14.54	0.03	187	271898	中性盘
10:40:06	14.51	-0.03	110	159610	卖盘
10:40:03	14.54	--	5	7270	买盘
10:40:00	14.54	--	22	31987	买盘
10:39:57	14.54	0.03	5	7270	中性盘
10:39:48	14.51	-0.03	341	494791	卖盘
10:39:45	14.54	0.01	59	85786	中性盘
10:39:39	14.53	-0.01	56	81368	卖盘
10:39:36	14.54	--	5	7270	卖盘
10:39:27	14.54	--	22	31987	买盘
10:39:24	14.54	--	12	17448	买盘
10:39:21	14.54	--	3	4362	买盘
10:39:18	14.54	--	51	74154	卖盘
10:39:12	14.54	--	22	31987	卖盘
10:39:09	14.54	--	3	4362	卖盘
10:39:06	14.54	-0.01	11	15993	卖盘
10:39:00	14.55	0.01	78	113490	买盘
10:38:57	14.54	--	1	1454	卖盘
10:38:54	14.54	-0.01	2	2908	卖盘
10:38:51	14.55	0.01	100	145500	买盘
10:38:48	14.54	--	5	7270	买盘
10:38:45	14.54	0.01	2	2908	买盘
10:38:42	14.53	--	2	2906	卖盘
10:38:36	14.53	--	47	68291	买盘
10:38:27	14.53	--	100	145300	买盘
10:38:24	14.53	--	70	101710	卖盘
10:38:21	14.53	--	15	21795	卖盘
10:38:18	14.53	--	35	50855	卖盘
10:38:15	14.53	--	3	4359	卖盘
10:38:12	14.53	0.01	16	23248	买盘
10:38:06	14.52	0.01	26	37752	买盘
10:38:03	14.51	--	5	7255	卖盘
10:37:57	14.51	--	4	5804	卖盘
10:37:54	14.51	--	10	14510	卖盘
10:37:51	14.51	--	2	2902	卖盘
10:37:48	14.51	--	22	31922	卖盘
10:37:42	14.51	--	76	110276	卖盘
10:37:39	14.51	0.01	129	187860	买盘
10:37:36	14.5	--	50	72500	卖盘
10:37:33	14.5	--	19	27550	卖盘
10:37:30	14.5	-0.01	7	10150	卖盘
10:37:24	14.51	0.01	2	2902	买盘
10:37:21	14.5	-0.01	52	76168	卖盘
10:37:18	14.51	--	122	177022	卖盘
10:37:15	14.51	--	40	58040	卖盘
10:37:09	14.51	--	25	36956	卖盘
10:37:03	14.51	-0.01	10	14510	卖盘
10:37:00	14.52	--	3	4356	买盘
10:36:54	14.52	--	76	110352	卖盘
10:36:45	14.52	--	1	1452	卖盘
10:36:42	14.52	-0.01	26	37752	卖盘
10:36:39	14.53	--	5	7265	买盘
10:36:33	14.53	--	5	7265	卖盘
10:36:30	14.53	--	5	7265	卖盘
10:36:24	14.53	--	4	5812	卖盘
10:36:18	14.53	--	21	30513	买盘
10:36:15	14.53	-0.01	11	15983	卖盘
10:36:12	14.54	--	40	58160	卖盘
10:36:09	14.54	0.01	152	221008	买盘
10:36:06	14.53	-0.01	13	18889	卖盘
10:36:00	14.54	0.01	41	59614	买盘
10:35:57	14.53	--	18	26154	卖盘
10:35:54	14.53	-0.01	11	15983	卖盘
10:35:48	14.54	--	6	8724	买盘
10:35:45	14.54	--	3	4362	卖盘
10:35:42	14.54	--	25	36350	卖盘
10:35:39	14.54	--	201	292254	卖盘
10:35:33	14.54	--	6	8724	卖盘
10:35:30	14.54	--	22	31987	卖盘
10:35:27	14.54	--	70	101780	买盘
10:35:24	14.54	--	41	59614	卖盘
10:35:21	14.54	--	30	43620	卖盘
10:35:18	14.54	-0.01	16	23264	卖盘
10:35:15	14.55	0.01	11	16005	买盘
10:35:12	14.54	--	2	2908	卖盘
10:35:09	14.54	0.01	95	138130	买盘
10:35:06	14.53	-0.01	7	10171	卖盘
10:35:00	14.54	--	3	4362	买盘
10:34:57	14.54	--	1	1454	买盘
10:34:54	14.54	--	57	82878	卖盘
10:34:51	14.54	--	5	7270	卖盘
10:34:48	14.54	--	10	14540	卖盘
10:34:45	14.54	0.01	54	78516	买盘
10:34:42	14.53	--	6	8718	卖盘
10:34:39	14.53	-0.01	5	7265	卖盘
10:34:30	14.54	-0.01	15	21810	卖盘
10:34:27	14.55	--	82	119310	买盘
10:34:21	14.55	--	157	228435	卖盘
10:34:18	14.55	-0.01	10	14550	卖盘
10:34:15	14.56	0.01	5	7280	买盘
10:34:12	14.55	-0.01	26	37830	卖盘
10:34:09	14.56	--	98	142688	买盘
10:34:06	14.56	0.01	30	43680	买盘
10:34:03	14.55	-0.01	10	14550	卖盘
10:34:00	14.56	0.01	1	1456	买盘
10:33:57	14.55	--	59	85845	卖盘
10:33:54	14.55	-0.01	41	59655	卖盘
10:33:51	14.56	0.01	2	2912	买盘
10:33:45	14.55	--	6	8730	卖盘
10:33:42	14.55	0.02	425	618375	买盘
10:33:39	14.53	-0.01	62	90086	卖盘
10:33:36	14.54	--	142	206468	买盘
10:33:33	14.54	0.01	5	7270	买盘
10:33:30	14.53	--	1	1453	卖盘
10:33:27	14.53	--	4	5812	卖盘
10:33:24	14.53	--	10	14530	卖盘
10:33:21	14.53	--	3	4359	卖盘
10:33:18	14.53	0.01	102	148206	买盘
10:33:12	14.52	--	4	5808	买盘
10:33:00	14.52	0.02	2	2904	买盘
10:32:57	14.5	--	1	1450	卖盘
10:32:54	14.5	-0.04	1	1450	卖盘
10:32:51	14.54	0.04	115	167210	买盘
10:32:48	14.5	--	1	1450	卖盘
10:32:45	14.5	-0.03	31	44950	卖盘
10:32:39	14.53	--	25	36325	卖盘
10:32:33	14.53	--	1	1453	卖盘
10:32:30	14.53	--	30	43590	卖盘
10:32:27	14.53	--	3	4359	卖盘
10:32:24	14.53	--	6	8718	卖盘
10:32:21	14.53	-0.01	20	29060	卖盘
10:32:18	14.54	0.05	223	324242	买盘
10:32:09	14.49	--	5	7245	卖盘
10:32:06	14.49	--	12	17388	卖盘
10:32:03	14.49	-0.01	1	1449	卖盘
10:32:00	14.5	--	2	2900	买盘
10:31:48	14.5	--	5	7250	买盘
10:31:45	14.5	--	20	29000	买盘
10:31:42	14.5	--	24	34800	买盘
10:31:39	14.5	--	5	7250	买盘
10:31:36	14.5	--	7	10150	买盘
10:31:33	14.5	--	12	17400	买盘
10:31:27	14.5	--	1	1450	买盘
10:31:24	14.5	--	2	2900	买盘
10:31:21	14.5	-0.02	70	101500	卖盘
10:31:15	14.52	--	10	14520	买盘
10:31:09	14.52	0.02	1	1452	买盘
10:31:03	14.5	--	3	4350	卖盘
10:30:57	14.5	--	12	17400	卖盘
10:30:54	14.5	--	198	287100	卖盘
10:30:51	14.5	--	10	14500	卖盘
10:30:42	14.5	--	5	7250	卖盘
10:30:39	14.5	--	20	29000	卖盘
10:30:36	14.5	--	3	4350	买盘
10:30:27	14.5	--	1	1450	中性盘
10:30:24	14.5	0.01	2	2900	买盘
10:30:18	14.49	-0.01	50	72450	卖盘
10:30:15	14.5	--	25	36250	卖盘
10:30:09	14.5	0.01	48	69600	买盘
10:30:03	14.49	-0.01	5	7245	卖盘
10:29:57	14.5	--	1	1450	买盘
10:29:54	14.5	--	30	43500	买盘
10:29:51	14.5	0.01	5	7250	买盘
10:29:48	14.49	-0.01	10	14490	卖盘
10:29:45	14.5	--	12	17400	中性盘
10:29:42	14.5	0.01	14	20300	买盘
10:29:39	14.49	--	3	4347	卖盘
10:29:36	14.49	--	102	147798	卖盘
10:29:33	14.49	-0.01	3	4347	卖盘
10:29:27	14.5	0.01	88	127600	买盘
10:29:24	14.49	--	31	44919	卖盘
10:29:21	14.49	--	56	81144	卖盘
10:29:15	14.49	--	131	190297	买盘
10:29:12	14.49	0.01	26	37674	买盘
10:29:09	14.48	--	3	4344	卖盘
10:29:06	14.48	-0.01	14	20272	卖盘
10:28:57	14.49	--	14	20286	买盘
10:28:54	14.49	-0.01	141	205279	卖盘
10:28:51	14.5	--	17	24650	买盘
10:28:45	14.5	--	61	88450	买盘
10:28:42	14.5	--	14	20300	买盘
10:28:39	14.5	-0.01	48	69600	卖盘
10:28:36	14.51	0.01	15	21765	买盘
10:28:33	14.5	--	217	314650	卖盘
10:28:27	14.5	--	11	15950	卖盘
10:28:24	14.5	-0.01	10	14500	卖盘
10:28:09	14.51	--	10	14510	买盘
10:28:06	14.51	--	24	34824	买盘
10:28:03	14.51	--	7	10157	买盘
10:27:57	14.51	--	35	50785	买盘
10:27:54	14.51	--	5	7255	买盘
10:27:51	14.51	--	6	8706	买盘
10:27:45	14.51	--	1	1451	买盘
10:27:39	14.51	--	37	53687	卖盘
10:27:33	14.51	0.01	1	1451	买盘
10:27:30	14.5	-0.01	1	1450	卖盘
10:27:27	14.51	0.01	1	1451	买盘
10:27:24	14.5	--	5	7250	卖盘
10:27:15	14.5	-0.02	13	18850	卖盘
10:27:12	14.52	0.02	8	11616	买盘
10:27:09	14.5	--	14	20300	卖盘
10:27:06	14.5	--	11	15950	卖盘
10:27:03	14.5	-0.01	10	14500	卖盘
10:27:00	14.51	0.01	2	2902	买盘
10:26:54	14.5	--	10	14500	买盘
10:26:48	14.5	--	11	15950	买盘
10:26:45	14.5	--	6	8700	卖盘
10:26:42	14.5	0.01	6	8700	买盘
10:26:36	14.49	--	3	4347	卖盘
10:26:33	14.49	-0.01	16	23184	卖盘
10:26:30	14.5	--	27	39150	买盘
10:26:27	14.5	--	21	30450	买盘
10:26:24	14.5	-0.01	23	33350	中性盘
10:26:15	14.51	0.02	6	8706	买盘
10:26:12	14.49	--	6	9172	买盘
10:26:09	14.49	-0.01	13	19807	卖盘
10:26:03	14.5	0.01	47	68628	买盘
10:25:57	14.49	--	63	91287	买盘
10:25:54	14.49	-0.01	28	40572	卖盘
10:25:51	14.5	0.01	11	15950	买盘
10:25:48	14.49	-0.01	32	46368	卖盘
10:25:45	14.5	--	23	33350	买盘
10:25:42	14.5	--	51	73950	买盘
10:25:39	14.5	--	14	20300	买盘
10:25:36	14.5	--	9	13050	买盘
10:25:33	14.5	-0.03	133	193821	卖盘
10:25:27	14.53	0.03	4	5812	中性盘
10:25:24	14.5	-0.04	15	21750	卖盘
10:25:21	14.54	0.04	65	94510	买盘
10:25:15	14.5	-0.04	800	1160000	卖盘
10:25:12	14.54	--	4	5816	买盘
10:25:09	14.54	--	26	37804	卖盘
10:25:06	14.54	--	12	17448	卖盘
10:25:03	14.54	--	28	40712	卖盘
10:25:00	14.54	--	41	59614	买盘
10:24:57	14.54	--	47	68338	卖盘
10:24:51	14.54	--	13	18902	买盘
10:24:48	14.54	--	40	58160	买盘
10:24:42	14.54	--	1	1454	买盘
10:24:39	14.54	--	25	36350	卖盘
10:24:36	14.54	--	8	11632	买盘
10:24:33	14.54	--	10	14540	卖盘
10:24:30	14.54	--	14	20356	买盘
10:24:27	14.54	--	5	7270	卖盘
10:24:24	14.54	0.01	15	21810	买盘
10:24:21	14.53	--	19	27607	卖盘
10:24:18	14.53	--	5	7265	卖盘
10:24:15	14.53	-0.01	12	17436	卖盘
10:24:12	14.54	--	240	348960	买盘
10:24:06	14.54	--	11	15993	买盘
10:24:03	14.54	0.01	35	50890	买盘
10:23:54	14.53	-0.02	14	20342	卖盘
10:23:51	14.55	--	3	4365	买盘
10:23:48	14.55	--	13	18915	买盘
10:23:45	14.55	0.01	23	33465	买盘
10:23:42	14.54	-0.01	8	11632	买盘
10:23:39	14.55	-0.01	19	27645	卖盘
10:23:36	14.56	0.02	29	42224	买盘
10:23:33	14.54	-0.01	39	56706	卖盘
10:23:27	14.55	--	204	296820	买盘
10:23:24	14.55	--	91	132405	买盘
10:23:21	14.55	0.01	191	277905	买盘
10:23:18	14.54	-0.01	33	47982	卖盘
10:23:12	14.55	--	10	14550	买盘
10:23:09	14.55	0.02	35	50925	买盘
10:23:03	14.53	-0.01	2	2906	卖盘
10:23:00	14.54	-0.01	171	248633	卖盘
10:22:54	14.55	0.01	200	291000	买盘
10:22:51	14.54	0.01	6	8724	买盘
10:22:45	14.53	-0.01	3	4359	卖盘
10:22:42	14.54	0.01	1	1454	买盘
10:22:39	14.53	--	8	11624	卖盘
10:22:36	14.53	--	20	29060	买盘
10:22:33	14.53	0.01	31	45043	买盘
10:22:30	14.52	0.01	11	15972	买盘
10:22:27	14.51	-0.02	74	107374	卖盘
10:22:24	14.53	--	8	11624	买盘
10:22:21	14.53	0.01	20	29060	买盘
10:22:18	14.52	--	25	36300	卖盘
10:22:09	14.52	--	3	4835	卖盘
10:22:06	14.52	--	7	10164	卖盘
10:22:03	14.52	--	26	37752	买盘
10:22:00	14.52	0.01	11	15972	买盘
10:21:57	14.51	--	3	4353	卖盘
10:21:51	14.51	--	4	5804	卖盘
10:21:48	14.51	--	8	11608	卖盘
10:21:36	14.51	--	15	21765	买盘
10:21:30	14.51	--	3	4353	买盘
10:21:27	14.51	--	199	288749	买盘
10:21:24	14.51	--	2	2902	买盘
10:21:21	14.51	0.01	3	4353	买盘
10:21:18	14.5	-0.01	13	18850	卖盘
10:21:15	14.51	--	26	37726	买盘
10:21:12	14.51	--	17	24667	买盘
10:21:09	14.51	--	111	161061	买盘
10:21:06	14.51	0.01	60	87060	买盘
10:21:03	14.5	-0.01	147	213150	卖盘
10:21:00	14.51	--	2	2902	买盘
10:20:57	14.51	--	58	84158	买盘
10:20:54	14.51	0.01	15	21765	买盘
10:20:51	14.5	--	19	27550	卖盘
10:20:48	14.5	-0.01	4	5800	中性盘
10:20:45	14.51	0.01	712	1033112	买盘
10:20:39	14.5	--	1	1450	买盘
10:20:33	14.5	0.02	35	50750	中性盘
10:20:30	14.48	-0.03	155	224440	卖盘
10:20:27	14.51	0.01	12	17412	买盘
10:20:24	14.5	--	116	168200	买盘
10:20:21	14.5	0.02	14	20300	买盘
10:20:18	14.48	-0.02	2	2896	卖盘
10:20:15	14.5	0.01	9	13050	买盘
10:20:12	14.49	0.01	59	85491	买盘
10:20:09	14.48	--	4	5792	买盘
10:20:06	14.48	--	18	26064	买盘
10:20:03	14.48	--	13	18824	买盘
10:20:00	14.48	--	20	28960	卖盘
10:19:57	14.48	-0.02	1	1448	卖盘
10:19:54	14.5	--	86	124700	买盘
10:19:51	14.5	--	25	36250	卖盘
10:19:48	14.5	-0.01	135	195750	卖盘
10:19:45	14.51	-0.01	32	46432	买盘
10:19:42	14.52	--	210	304920	买盘
10:19:39	14.52	--	1	1452	买盘
10:19:36	14.52	--	22	31944	买盘
10:19:33	14.52	-0.01	180	261360	卖盘
10:19:30	14.53	--	46	66838	买盘
10:19:27	14.53	--	18	26154	买盘
10:19:24	14.53	--	78	113334	买盘
10:19:21	14.53	--	8	11624	买盘
10:19:18	14.53	--	21	30513	买盘
10:19:15	14.53	--	11	15983	买盘
10:19:12	14.53	-0.01	55	79915	卖盘
10:19:09	14.54	--	66	95964	买盘
10:19:06	14.54	--	10	14540	买盘
10:19:03	14.54	0.01	14	20356	买盘
10:19:00	14.53	--	33	47949	卖盘
10:18:57	14.53	-0.02	104	151112	卖盘
10:18:54	14.55	--	51	74205	买盘
10:18:51	14.55	0.02	133	193515	买盘
10:18:48	14.53	--	11	15983	买盘
10:18:45	14.53	--	10	14530	买盘
10:18:42	14.53	0.02	12	17436	买盘
10:18:39	14.51	-0.02	20	29020	卖盘
10:18:36	14.53	0.01	19	27607	买盘
10:18:33	14.52	0.01	17	24684	买盘
10:18:27	14.51	--	3	4353	卖盘
10:18:24	14.51	--	7	10157	买盘
10:18:21	14.51	--	8	11608	买盘
10:18:18	14.51	0.01	3	4353	买盘
10:18:15	14.5	--	3	4350	卖盘
10:18:12	14.5	0.01	396	574200	买盘
10:18:09	14.49	0.01	50	72450	买盘
10:18:06	14.48	-0.01	1	1448	中性盘
10:18:03	14.49	--	16	23184	买盘
10:18:00	14.49	--	12	17388	买盘
10:17:57	14.49	--	7	10143	买盘
10:17:54	14.49	--	46	66654	买盘
10:17:51	14.49	--	1	1449	买盘
10:17:48	14.49	0.02	4	5796	买盘
10:17:42	14.47	-0.01	7	10129	卖盘
10:17:33	14.48	--	5	7240	卖盘
10:17:27	14.48	0.02	168	243264	买盘
10:17:24	14.46	-0.01	75	108450	卖盘
10:17:21	14.47	--	34	49198	买盘
10:17:18	14.47	--	3	4341	买盘
10:17:15	14.47	0.01	106	153382	买盘
10:17:12	14.46	-0.01	6	8676	卖盘
10:17:06	14.47	0.01	23	33281	买盘
10:17:00	14.46	-0.01	10	14460	卖盘
10:16:57	14.47	0.01	9	13023	买盘
10:16:54	14.46	-0.01	24	34704	卖盘
10:16:51	14.47	0.01	4	5788	买盘
10:16:48	14.46	-0.01	3	4338	卖盘
10:16:45	14.47	--	21	30387	买盘
10:16:42	14.47	0.01	2	2894	买盘
10:16:33	14.46	--	9	13014	买盘
10:16:30	14.46	--	39	56394	卖盘
10:16:27	14.46	--	1	1446	卖盘
10:16:24	14.46	--	9	13014	买盘
10:16:21	14.46	--	21	30366	买盘
10:16:15	14.46	--	18	26028	买盘
10:16:12	14.46	--	30	43380	买盘
10:16:09	14.46	--	33	47718	买盘
10:16:06	14.46	-0.01	141	203886	卖盘
10:16:03	14.47	--	6	8682	买盘
10:16:00	14.47	0.01	22	31834	买盘
10:15:57	14.46	-0.01	106	153276	卖盘
10:15:54	14.47	0.01	40	57880	买盘
10:15:48	14.46	-0.01	25	36150	卖盘
10:15:45	14.47	--	11	15917	买盘
10:15:42	14.47	0.01	32	46304	买盘
10:15:39	14.46	-0.01	5	7230	卖盘
10:15:33	14.47	0.01	85	122995	买盘
10:15:27	14.46	-0.01	50	72300	卖盘
10:15:24	14.47	0.01	45	65115	买盘
10:15:21	14.46	-0.01	79	114234	卖盘
10:15:18	14.47	0.01	18	26046	买盘
10:15:12	14.46	-0.01	5	7230	卖盘
10:15:09	14.47	--	3	4341	买盘
10:15:06	14.47	0.02	4	5788	买盘
10:15:03	14.45	-0.01	40	57800	卖盘
10:15:00	14.46	0.01	21	30366	中性盘
10:14:57	14.45	-0.01	2	2890	卖盘
10:14:54	14.46	0.01	26	37596	买盘
10:14:51	14.45	--	3	4335	卖盘
10:14:48	14.45	--	2	2890	卖盘
10:14:45	14.45	-0.02	4	5780	卖盘
10:14:42	14.47	0.03	70	101290	买盘
10:14:36	14.44	-0.01	6	8664	卖盘
10:14:33	14.45	--	316	456620	买盘
10:14:30	14.45	-0.01	4	5780	买盘
10:14:27	14.46	0.02	30	43380	买盘
10:14:24	14.44	-0.02	6	8664	卖盘
10:14:18	14.46	0.02	384	555264	买盘
10:14:15	14.44	-0.01	215	310460	卖盘
10:14:12	14.45	--	446	644470	买盘
10:14:09	14.45	--	33	47685	买盘
10:14:06	14.45	-0.01	180	260100	卖盘
10:14:03	14.46	--	6	8676	买盘
10:14:00	14.46	--	34	49641	卖盘
10:13:57	14.46	-0.01	102	147492	卖盘
10:13:54	14.47	--	36	52092	卖盘
10:13:51	14.47	--	181	261907	买盘
10:13:48	14.47	0.01	5	7235	买盘
10:13:45	14.46	--	6	8676	卖盘
10:13:42	14.46	--	1	1446	卖盘
10:13:39	14.46	0.01	1	2414	买盘
10:13:36	14.45	--	13	18785	卖盘
10:13:33	14.45	--	3	4335	卖盘
10:13:27	14.45	-0.03	5	7225	买盘
10:13:18	14.48	0.02	250	362000	买盘
10:13:15	14.46	-0.01	4	5784	中性盘
10:13:09	14.47	--	42	60774	买盘
10:13:06	14.47	0.01	160	231520	买盘
10:13:03	14.46	--	55	79530	买盘
10:13:00	14.46	--	45	65070	卖盘
10:12:57	14.46	--	5	7230	卖盘
10:12:54	14.46	0.01	18	26028	买盘
10:12:51	14.45	-0.01	130	187850	中性盘
10:12:45	14.46	-0.01	325	469950	中性盘
10:12:42	14.47	0.01	58	83926	买盘
10:12:36	14.46	-0.01	211	305106	卖盘
10:12:33	14.47	--	11	15917	买盘
10:12:30	14.47	-0.01	241	348727	卖盘
10:12:27	14.48	0.01	63	91224	买盘
10:12:24	14.47	-0.01	256	370432	卖盘
10:12:21	14.48	--	19	27512	卖盘
10:12:18	14.48	--	11	15928	卖盘
10:12:15	14.48	0.01	24	34752	买盘
10:12:12	14.47	--	32	46304	卖盘
10:12:06	14.47	--	101	146147	卖盘
10:12:03	14.47	--	51	73797	买盘
10:12:00	14.47	--	26	37622	买盘
10:11:57	14.47	0.01	79	114313	买盘
10:11:54	14.46	-0.01	18	26028	卖盘
10:11:51	14.47	0.01	24	34728	买盘
10:11:48	14.46	--	7	10122	卖盘
10:11:42	14.46	0.02	46	66516	买盘
10:11:39	14.44	--	55	79420	买盘
10:11:36	14.44	--	75	108300	买盘
10:11:33	14.44	--	9	12996	买盘
10:11:30	14.44	--	14	20216	买盘
10:11:27	14.44	--	100	144400	买盘
10:11:24	14.44	-0.02	254	366776	卖盘
10:11:21	14.46	-0.01	28	40488	卖盘
10:11:18	14.47	0.02	94	136018	买盘
10:11:15	14.45	-0.01	10	14450	卖盘
10:11:12	14.46	0.01	1	1446	买盘
10:11:06	14.45	--	442	638690	买盘
10:11:03	14.45	0.04	2	2890	买盘
10:10:54	14.41	-0.01	503	724823	卖盘
10:10:51	14.42	--	9	12978	买盘
10:10:48	14.42	--	3	4326	买盘
10:10:45	14.42	--	15	21630	买盘
10:10:42	14.42	--	429	618618	卖盘
10:10:33	14.42	--	84	121128	买盘
10:10:27	14.42	0.01	11	15862	买盘
10:10:24	14.41	--	9	12969	买盘
10:10:18	14.41	--	107	154187	买盘
10:10:15	14.41	--	2	2882	买盘
10:10:09	14.41	0.02	4	5764	买盘
10:10:03	14.39	--	126	181314	买盘
10:10:00	14.39	0.01	60	86340	买盘
10:09:57	14.38	-0.01	3	4314	卖盘
10:09:54	14.39	--	16	23024	买盘
10:09:51	14.39	--	60	86340	买盘
10:09:48	14.39	--	6	8634	买盘
10:09:42	14.39	-0.01	15	21585	卖盘
10:09:39	14.4	--	25	36000	买盘
10:09:27	14.4	--	5	7200	中性盘
10:09:21	14.4	--	3	4320	卖盘
10:09:18	14.4	0.01	7	10080	买盘
10:09:15	14.39	--	9	12951	卖盘
10:09:09	14.39	0.03	71	102169	买盘
10:09:00	14.36	-0.01	100	143600	卖盘
10:08:51	14.37	--	10	14370	卖盘
10:08:48	14.37	--	9	12933	卖盘
10:08:45	14.37	-0.01	10	14370	卖盘
10:08:39	14.38	-0.01	68	97784	卖盘
10:08:36	14.39	0.01	1	1439	买盘
10:08:33	14.38	-0.01	20	28760	卖盘
10:08:30	14.39	--	19	27341	买盘
10:08:27	14.39	--	30	43170	卖盘
10:08:24	14.39	--	7	10073	卖盘
10:08:21	14.39	-0.01	2	2878	卖盘
10:08:12	14.4	-0.01	125	180720	卖盘
10:08:09	14.41	--	18	25938	买盘
10:08:06	14.41	--	33	47553	卖盘
10:08:03	14.41	--	30	43230	卖盘
10:08:00	14.41	--	20	28820	卖盘
10:07:57	14.41	--	6	8646	卖盘
10:07:54	14.41	--	10	14410	卖盘
10:07:51	14.41	--	53	76373	卖盘
10:07:48	14.41	0.01	63	90783	买盘
10:07:45	14.4	-0.01	32	46080	卖盘
10:07:42	14.41	--	25	36025	买盘
10:07:36	14.41	--	153	220473	买盘
10:07:33	14.41	0.01	9	12969	买盘
10:07:30	14.4	--	22	31680	卖盘
10:07:27	14.4	--	15	21600	卖盘
10:07:21	14.4	--	22	31680	卖盘
10:07:18	14.4	-0.01	20	28800	卖盘
10:07:15	14.41	0.01	28	40348	买盘
10:07:12	14.4	-0.01	5	7200	卖盘
10:07:09	14.41	0.01	92	132572	中性盘
10:07:03	14.4	--	101	145440	卖盘
10:07:00	14.4	--	99	143280	卖盘
10:06:54	14.4	--	282	406080	卖盘
10:06:51	14.4	-0.01	2	2880	卖盘
10:06:48	14.41	--	20	28820	买盘
10:06:42	14.41	0.01	5	7205	买盘
10:06:36	14.4	-0.01	35	50400	卖盘
10:06:33	14.41	-0.01	90	129690	卖盘
10:06:30	14.42	--	19	27398	买盘
10:06:27	14.42	--	7	10094	买盘
10:06:24	14.42	0.01	10	14420	买盘
10:06:18	14.41	--	16	23056	买盘
10:06:15	14.41	-0.01	30	43230	中性盘
10:06:12	14.42	0.02	9	12978	买盘
10:06:09	14.4	-0.02	23	33120	卖盘
10:06:06	14.42	--	20	28840	买盘
10:06:03	14.42	--	5	7210	买盘
10:05:57	14.42	--	40	57680	买盘
10:05:54	14.42	0.02	84	121128	买盘
10:05:51	14.4	-0.02	16	23040	卖盘
10:05:48	14.42	0.02	1	1442	买盘
10:05:45	14.4	-0.04	11	15840	卖盘
10:05:42	14.44	0.04	380	548720	买盘
10:05:39	14.4	--	144	207360	卖盘
10:05:36	14.4	--	60	86400	卖盘
10:05:33	14.4	-0.02	6	8640	卖盘
10:05:30	14.42	0.01	5	7210	买盘
10:05:27	14.41	-0.01	1	1441	买盘
10:05:24	14.42	0.01	18	25956	买盘
10:05:21	14.41	-0.01	19	27379	中性盘
10:05:18	14.42	--	6	8652	买盘
10:05:15	14.42	--	4	5768	买盘
10:05:12	14.42	--	84	121128	买盘
10:05:09	14.42	-0.02	10	14420	中性盘
10:05:06	14.44	--	94	135736	买盘
10:05:03	14.44	0.01	5	7220	买盘
10:05:00	14.43	-0.02	31	44733	卖盘
10:04:57	14.45	--	101	145945	买盘
10:04:54	14.45	--	24	34680	买盘
10:04:51	14.45	-0.01	163	235535	卖盘
10:04:48	14.46	--	57	82422	买盘
10:04:45	14.46	--	29	41934	买盘
10:04:42	14.46	0.01	4	5784	买盘
10:04:39	14.45	--	5	7225	卖盘
10:04:36	14.45	--	27	39015	买盘
10:04:33	14.45	--	36	52020	买盘
10:04:30	14.45	0.02	22	31790	买盘
10:04:27	14.43	-0.02	13	18759	卖盘
10:04:24	14.45	0.02	23	33235	买盘
10:04:18	14.43	0.02	153	220779	买盘
10:04:15	14.41	0.01	2	2882	买盘
10:04:09	14.4	--	11	15840	卖盘
10:04:06	14.4	0.02	250	360000	买盘
10:04:03	14.38	0.01	4	5752	买盘
10:04:00	14.37	-0.01	2	2874	中性盘
10:03:51	14.38	0.01	127	182626	买盘
10:03:48	14.37	0.01	217	311829	买盘
10:03:45	14.36	-0.01	34	48824	卖盘
10:03:42	14.37	0.01	7	10059	买盘
10:03:39	14.36	--	2	2872	卖盘
10:03:30	14.36	0.01	101	145036	买盘
10:03:15	14.35	--	2	2870	卖盘
10:03:12	14.35	--	56	80360	买盘
10:03:06	14.35	0.02	13	18655	买盘
10:03:03	14.33	-0.01	1	1433	卖盘
10:03:00	14.34	--	13	18642	买盘
10:02:54	14.34	--	10	14340	买盘
10:02:51	14.34	--	3	4302	买盘
10:02:48	14.34	--	6	8604	买盘
10:02:45	14.34	0.01	10	14340	买盘
10:02:30	14.33	0.01	56	80248	中性盘
10:02:24	14.32	-0.02	18	25776	卖盘
10:02:18	14.34	0.01	167	239478	买盘
10:02:15	14.33	--	2	2866	买盘
10:02:06	14.33	0.01	30	42990	买盘
10:02:03	14.32	-0.01	10	14320	卖盘
10:01:57	14.33	--	55	78815	买盘
10:01:54	14.33	0.01	11	15763	买盘
10:01:48	14.32	0.01	5	7160	中性盘
10:01:45	14.31	-0.01	52	74412	卖盘
10:01:42	14.32	--	3	4296	买盘
10:01:27	14.32	-0.02	22	31504	中性盘
10:01:21	14.34	0.03	312	447408	买盘
10:01:18	14.31	--	16	22896	卖盘
10:01:15	14.31	--	1	1431	卖盘
10:01:12	14.31	--	43	61533	卖盘
10:01:09	14.31	-0.01	14	20034	卖盘
10:01:06	14.32	--	20	28640	买盘
10:01:00	14.32	0.01	1	1432	中性盘
10:00:54	14.31	-0.01	3	4293	卖盘
10:00:51	14.32	0.01	3	4296	中性盘
10:00:42	14.31	-0.02	8	11448	卖盘
10:00:39	14.33	0.01	20	28660	买盘
10:00:36	14.32	--	20	28640	买盘
10:00:33	14.32	-0.02	71	101672	卖盘
10:00:27	14.34	--	6	8604	买盘
10:00:24	14.34	--	10	14340	买盘
10:00:21	14.34	--	50	71700	买盘
10:00:15	14.34	--	2	2868	买盘
10:00:12	14.34	--	176	252384	卖盘
10:00:09	14.34	--	10	14340	卖盘
10:00:03	14.34	--	11	15774	卖盘
10:00:00	14.34	0.03	363	520542	买盘
09:59:54	14.31	-0.01	2	2862	卖盘
09:59:51	14.32	0.01	1	1432	买盘
09:59:45	14.31	-0.02	20	28620	卖盘
09:59:42	14.33	--	17	24361	卖盘
09:59:39	14.33	--	41	58753	买盘
09:59:33	14.33	--	54	77382	买盘
09:59:24	14.33	-0.01	1	1433	中性盘
09:59:12	14.34	0.03	217	311178	买盘
09:59:09	14.31	--	6	8586	买盘
09:59:06	14.31	0.01	1	1431	买盘
09:59:00	14.3	--	90	129415	买盘
09:58:57	14.3	--	1	1430	买盘
09:58:54	14.3	0.02	15	21450	买盘
09:58:51	14.28	-0.04	92	132090	卖盘
09:58:48	14.32	--	107	153224	买盘
09:58:33	14.32	0.02	30	42960	买盘
09:58:27	14.3	--	4	5720	卖盘
09:58:24	14.3	--	1	1430	卖盘
09:58:21	14.3	--	8	12155	买盘
09:58:15	14.3	--	9	12870	买盘
09:58:12	14.3	--	4	5720	买盘
09:58:09	14.3	--	25	35750	买盘
09:58:06	14.3	--	5	7150	买盘
09:57:57	14.3	0.02	8	11440	买盘
09:57:54	14.28	-0.01	1	1428	卖盘
09:57:48	14.29	-0.01	18	25722	卖盘
09:57:45	14.3	--	1	1430	买盘
09:57:42	14.3	--	2	2860	买盘
09:57:33	14.3	0.01	9	12870	买盘
09:57:30	14.29	--	2	2858	买盘
09:57:27	14.29	0.01	10	14290	买盘
09:57:21	14.28	--	15	21420	卖盘
09:57:09	14.28	-0.02	18	25704	卖盘
09:57:06	14.3	0.01	10	14300	买盘
09:57:03	14.29	--	37	52873	买盘
09:57:00	14.29	--	10	14290	买盘
09:56:57	14.29	--	8	11432	买盘
09:56:54	14.29	--	48	68592	卖盘
09:56:51	14.29	-0.01	33	47157	卖盘
09:56:45	14.3	--	1	1430	买盘
09:56:42	14.3	--	3	4290	买盘
09:56:39	14.3	0.02	6	8580	买盘
09:56:33	14.28	-0.01	8	11424	卖盘
09:56:24	14.29	--	11	15718	买盘
09:56:15	14.29	-0.01	10	14290	卖盘
09:56:09	14.3	0.01	5	7150	买盘
09:56:06	14.29	0.03	8	11432	买盘
09:56:00	14.26	--	1	1426	卖盘
09:55:51	14.26	0.01	6	8556	卖盘
09:55:48	14.25	-0.01	218	310650	卖盘
09:55:42	14.26	--	1	1426	卖盘
09:55:39	14.26	--	12	17112	卖盘
09:55:36	14.26	--	5	7130	卖盘
09:55:30	14.26	-0.04	40	57040	卖盘
09:55:27	14.3	0.03	976	1395680	买盘
09:55:21	14.27	0.01	1	1427	买盘
09:55:18	14.26	-0.01	130	185380	卖盘
09:55:15	14.27	0.01	7	9989	买盘
09:55:06	14.26	--	13	18538	卖盘
09:55:03	14.26	--	11	15686	卖盘
09:55:00	14.26	--	2	2852	卖盘
09:54:57	14.26	0.01	21	31143	买盘
09:54:51	14.25	-0.01	132	188100	卖盘
09:54:45	14.26	--	10	14260	买盘
09:54:42	14.26	0.01	4	5704	买盘
09:54:39	14.25	-0.01	23	32775	卖盘
09:54:33	14.26	--	7	9982	买盘
09:54:30	14.26	--	21	29946	买盘
09:54:27	14.26	--	61	87214	卖盘
09:54:15	14.26	--	15	21390	卖盘
09:54:06	14.26	--	33	48255	买盘
09:54:00	14.26	--	30	43008	卖盘
09:53:51	14.26	-0.01	20	28520	卖盘
09:53:33	14.27	--	35	49945	买盘
09:53:30	14.27	0.01	10	14270	买盘
09:53:27	14.26	-0.01	1	1426	卖盘
09:53:24	14.27	0.01	1	1427	买盘
09:53:21	14.26	--	23	32812	卖盘
09:53:09	14.26	--	8	11408	卖盘
09:53:03	14.26	-0.01	10	14260	卖盘
09:52:57	14.27	--	5	7135	买盘
09:52:54	14.27	--	8	11416	买盘
09:52:48	14.27	--	2	2854	买盘
09:52:45	14.27	0.01	4	5708	买盘
09:52:39	14.26	--	15	21390	卖盘
09:52:36	14.26	--	4	5704	卖盘
09:52:33	14.26	0.01	5	8313	买盘
09:52:30	14.25	-0.01	4	5700	卖盘
09:52:27	14.26	--	2	3094	卖盘
09:52:24	14.26	--	8	12591	买盘
09:52:21	14.26	--	9	12834	买盘
09:52:18	14.26	0.01	30	42780	买盘
09:52:15	14.25	--	15	21375	卖盘
09:52:12	14.25	-0.01	56	79800	卖盘
09:52:09	14.26	0.01	20	28520	买盘
09:52:06	14.25	-0.01	40	57000	卖盘
09:52:00	14.26	0.01	33	47058	买盘
09:51:57	14.25	-0.01	29	41325	卖盘
09:51:54	14.26	0.01	5	7130	买盘
09:51:51	14.25	--	7	9975	卖盘
09:51:45	14.25	-0.01	7	9975	卖盘
09:51:42	14.26	--	8	11408	买盘
09:51:39	14.26	--	5	7130	买盘
09:51:36	14.26	--	4	5704	买盘
09:51:33	14.26	--	18	25668	卖盘
09:51:30	14.26	--	10	14260	买盘
09:51:27	14.26	--	23	32798	买盘
09:51:24	14.26	--	5	7130	买盘
09:51:21	14.26	--	25	35650	买盘
09:51:18	14.26	--	17	24242	买盘
09:51:15	14.26	0.01	5	7130	买盘
09:51:09	14.25	-0.01	18	25650	卖盘
09:51:03	14.26	0.01	10	14260	买盘
09:51:00	14.25	--	120	171000	卖盘
09:50:51	14.25	--	1	1425	卖盘
09:50:48	14.25	0.01	3	4275	买盘
09:50:45	14.24	--	2	2848	卖盘
09:50:42	14.24	--	2	2848	卖盘
09:50:39	14.24	-0.01	44	62656	卖盘
09:50:36	14.25	0.01	2	3491	买盘
09:50:33	14.24	--	249	354576	卖盘
09:50:30	14.24	--	20	28480	卖盘
09:50:27	14.24	--	2	2848	卖盘
09:50:24	14.24	--	6	8544	买盘
09:50:21	14.24	--	13	18512	买盘
09:50:18	14.24	--	50	71200	买盘
09:50:15	14.24	--	28	39872	买盘
09:50:12	14.24	--	53	75472	买盘
09:50:09	14.24	0.01	5	7120	买盘
09:50:06	14.23	-0.01	5	7115	卖盘
09:50:00	14.24	--	10	14240	买盘
09:49:57	14.24	--	14	19936	买盘
09:49:54	14.24	--	84	119616	卖盘
09:49:51	14.24	--	6	8544	卖盘
09:49:45	14.24	-0.01	28	39872	卖盘
09:49:42	14.25	--	20	28500	买盘
09:49:36	14.25	0.01	21	29925	买盘
09:49:33	14.24	-0.01	11	15664	卖盘
09:49:30	14.25	--	33	47025	买盘
09:49:27	14.25	--	66	94050	买盘
09:49:24	14.25	0.01	2	2850	买盘
09:49:21	14.24	--	8	11392	卖盘
09:49:18	14.24	--	22	31328	卖盘
09:49:15	14.24	-0.01	15	21360	卖盘
09:49:12	14.25	--	199	283575	买盘
09:49:09	14.25	--	42	59850	买盘
09:49:00	14.25	--	35	49875	买盘
09:48:57	14.25	--	2	2850	买盘
09:48:54	14.25	--	3	4275	买盘
09:48:51	14.25	--	16	22800	买盘
09:48:48	14.25	-0.02	385	549408	卖盘
09:48:42	14.27	0.01	15	21405	买盘
09:48:39	14.26	-0.01	27	38502	卖盘
09:48:33	14.27	0.01	61	87047	买盘
09:48:27	14.26	-0.01	87	124062	卖盘
09:48:24	14.27	--	77	109879	买盘
09:48:21	14.27	0.01	15	21405	买盘
09:48:18	14.26	-0.01	6	8556	卖盘
09:48:15	14.27	--	20	28540	买盘
09:48:06	14.27	--	9	12843	买盘
09:48:03	14.27	0.01	17	24259	买盘
09:48:00	14.26	-0.01	152	216752	卖盘
09:47:54	14.27	0.01	10	14270	买盘
09:47:51	14.26	--	34	48484	卖盘
09:47:48	14.26	--	39	55614	卖盘
09:47:42	14.26	-0.01	5	7130	卖盘
09:47:39	14.27	--	12	17124	买盘
09:47:36	14.27	--	11	15697	买盘
09:47:33	14.27	-0.01	37	52799	卖盘
09:47:30	14.28	--	22	31416	买盘
09:47:27	14.28	--	19	27132	买盘
09:47:24	14.28	0.01	6	8568	买盘
09:47:21	14.27	--	3	4281	卖盘
09:47:15	14.27	--	58	82766	卖盘
09:47:12	14.27	-0.01	5	7135	卖盘
09:47:06	14.28	0.01	57	81396	买盘
09:47:03	14.27	--	36	51372	买盘
09:46:57	14.27	-0.01	70	99890	卖盘
09:46:54	14.28	0.01	17	24276	买盘
09:46:51	14.27	0.01	50	71350	中性盘
09:46:39	14.26	-0.02	3	4278	卖盘
09:46:36	14.28	0.01	20	28560	买盘
09:46:33	14.27	--	7	9989	买盘
09:46:30	14.27	--	16	22832	卖盘
09:46:24	14.27	--	4	5708	卖盘
09:46:21	14.27	-0.01	4	5708	卖盘
09:46:18	14.28	--	19	27132	买盘
09:46:15	14.28	--	42	59976	买盘
09:46:09	14.28	--	6	8568	中性盘
09:46:03	14.28	-0.01	15	21420	卖盘
09:45:54	14.29	0.01	5	7145	买盘
09:45:42	14.28	-0.01	13	18564	卖盘
09:45:39	14.29	--	8	11432	买盘
09:45:33	14.29	--	5	7145	卖盘
09:45:30	14.29	--	2	2858	卖盘
09:45:27	14.29	--	37	52873	卖盘
09:45:24	14.29	--	3	4287	卖盘
09:45:18	14.29	-0.01	52	74308	卖盘
09:45:12	14.3	0.01	100	143000	买盘
09:45:09	14.29	--	5	7145	卖盘
09:45:06	14.29	--	4	5716	卖盘
09:45:03	14.29	0.04	15	21435	中性盘
09:44:57	14.25	-0.04	993	1416378	卖盘
09:44:54	14.29	--	13	18577	卖盘
09:44:51	14.29	0.01	5	7145	买盘
09:44:48	14.28	-0.01	2	2856	卖盘
09:44:45	14.29	--	10	14290	买盘
09:44:39	14.29	--	4	5716	卖盘
09:44:36	14.29	--	1	1429	买盘
09:44:30	14.29	0.01	5	7145	买盘
09:44:27	14.28	-0.01	0	714	卖盘
09:44:24	14.29	0.01	66	94314	买盘
09:44:12	14.28	-0.01	38	54264	卖盘
09:44:09	14.29	--	4	5716	买盘
09:44:06	14.29	--	53	75737	买盘
09:43:57	14.29	--	44	62875	买盘
09:43:54	14.29	--	2	2858	买盘
09:43:48	14.29	--	2	2858	买盘
09:43:42	14.29	0.01	69	98601	买盘
09:43:39	14.28	--	5	7140	买盘
09:43:36	14.28	-0.01	163	232764	卖盘
09:43:33	14.29	0.01	9	12861	买盘
09:43:21	14.28	--	2	2856	卖盘
09:43:18	14.28	-0.01	3	4284	卖盘
09:43:15	14.29	0.01	5	7145	买盘
09:43:12	14.28	0.01	128	182784	买盘
09:43:09	14.27	-0.01	2	2854	卖盘
09:43:06	14.28	0.01	1	1428	买盘
09:43:03	14.27	--	48	68496	卖盘
09:42:57	14.27	-0.01	20	28540	卖盘
09:42:54	14.28	0.01	31	44268	买盘
09:42:51	14.27	--	12	17124	卖盘
09:42:48	14.27	-0.01	13	18551	卖盘
09:42:45	14.28	--	32	45696	买盘
09:42:42	14.28	0.01	54	77112	买盘
09:42:39	14.27	-0.01	30	42810	卖盘
09:42:33	14.28	--	2	2856	买盘
09:42:30	14.28	-0.02	187	267036	卖盘
09:42:27	14.3	0.01	1	1430	中性盘
09:42:24	14.29	-0.01	31	44299	卖盘
09:42:21	14.3	--	4	5720	买盘
09:42:18	14.3	0.01	10	14300	买盘
09:42:12	14.29	--	5	7145	卖盘
09:42:09	14.29	-0.01	24	34296	卖盘
09:41:54	14.3	0.01	1	1430	买盘
09:41:51	14.29	-0.01	2	2858	卖盘
09:41:48	14.3	0.01	2	2860	中性盘
09:41:42	14.29	0.01	10	14290	中性盘
09:41:39	14.28	-0.01	187	267036	卖盘
09:41:36	14.29	0.01	24	34296	买盘
09:41:33	14.28	-0.01	23	32844	卖盘
09:41:30	14.29	--	10	14290	买盘
09:41:21	14.29	0.01	2	2858	买盘
09:41:18	14.28	-0.01	10	14280	卖盘
09:41:15	14.29	--	7	10003	买盘
09:41:12	14.29	-0.02	24	34296	卖盘
09:41:09	14.31	0.02	61	87291	买盘
09:41:06	14.29	-0.01	36	51444	卖盘
09:41:03	14.3	--	12	17160	卖盘
09:41:00	14.3	0.01	16	22880	买盘
09:40:57	14.29	-0.01	7	10003	卖盘
09:40:51	14.3	0.02	12	17160	买盘
09:40:48	14.28	--	12	17136	卖盘
09:40:42	14.28	--	24	34272	卖盘
09:40:36	14.28	--	18	25704	买盘
09:40:33	14.28	--	48	68544	买盘
09:40:30	14.28	--	50	71400	买盘
09:40:27	14.28	0.01	6	8568	买盘
09:40:24	14.27	--	9	12843	卖盘
09:40:21	14.27	0.01	615	878318	买盘
09:40:18	14.26	-0.01	53	75578	卖盘
09:40:15	14.27	0.01	26	37102	买盘
09:40:12	14.26	--	36	51336	卖盘
09:40:09	14.26	--	104	148304	卖盘
09:40:06	14.26	-0.01	5	7130	卖盘
09:40:03	14.27	--	1	1427	买盘
09:40:00	14.27	--	5	7135	买盘
09:39:57	14.27	0.01	25	35675	买盘
09:39:51	14.26	0.01	5	7130	中性盘
09:39:48	14.25	-0.02	130	185250	卖盘
09:39:45	14.27	0.01	160	229033	买盘
09:39:42	14.26	--	26	37076	买盘
09:39:39	14.26	-0.01	23	32798	卖盘
09:39:36	14.27	0.01	10	14270	买盘
09:39:33	14.26	-0.01	85	121210	卖盘
09:39:30	14.27	0.01	12	17124	买盘
09:39:27	14.26	--	15	21390	卖盘
09:39:24	14.26	--	69	98394	卖盘
09:39:21	14.26	--	22	31372	卖盘
09:39:15	14.26	--	12	17112	买盘
09:39:12	14.26	--	6	8556	买盘
09:39:09	14.26	-0.02	135	192510	卖盘
09:39:06	14.28	0.02	23	32844	买盘
09:39:03	14.26	--	42	59892	卖盘
09:39:00	14.26	--	6	8556	卖盘
09:38:57	14.26	--	3	4278	卖盘
09:38:54	14.26	0.01	2	2852	卖盘
09:38:45	14.25	-0.05	504	718200	卖盘
09:38:42	14.3	--	52	74360	买盘
09:38:33	14.3	--	55	78650	买盘
09:38:30	14.3	--	72	103675	卖盘
09:38:24	14.3	--	100	143000	卖盘
09:38:21	14.3	--	12	17160	卖盘
09:38:18	14.3	--	265	378950	卖盘
09:38:15	14.3	--	3	4290	卖盘
09:38:12	14.3	--	24	34320	卖盘
09:38:09	14.3	-0.01	28	40040	卖盘
09:38:03	14.31	--	4	5724	买盘
09:38:00	14.31	-0.01	86	123066	卖盘
09:37:57	14.32	0.01	174	249168	买盘
09:37:54	14.31	-0.01	5	7155	卖盘
09:37:51	14.32	--	1	1432	买盘
09:37:48	14.32	--	409	585688	买盘
09:37:42	14.32	--	130	186160	卖盘
09:37:39	14.32	0.01	9	12888	中性盘
09:37:36	14.31	-0.01	81	115911	卖盘
09:37:33	14.32	--	2	2864	卖盘
09:37:30	14.32	--	20	28640	卖盘
09:37:24	14.32	-0.01	12	17184	卖盘
09:37:21	14.33	--	19	27227	买盘
09:37:18	14.33	0.01	5	7165	买盘
09:37:15	14.32	-0.01	30	42960	卖盘
09:37:12	14.33	--	38	54454	买盘
09:37:09	14.33	0.01	52	74516	中性盘
09:37:06	14.32	-0.02	10	14320	卖盘
09:37:03	14.34	--	77	110418	买盘
09:37:00	14.34	0.01	110	157740	买盘
09:36:57	14.33	--	30	42990	买盘
09:36:48	14.33	-0.01	35	50155	卖盘
09:36:45	14.34	0.01	25	35850	买盘
09:36:42	14.33	-0.01	18	25794	卖盘
09:36:39	14.34	0.01	9	12906	买盘
09:36:30	14.33	-0.01	1	1433	卖盘
09:36:27	14.34	--	2	2868	买盘
09:36:18	14.34	--	266	381444	卖盘
09:36:15	14.34	--	46	65964	卖盘
09:36:12	14.34	--	80	114720	卖盘
09:36:09	14.34	--	109	156306	卖盘
09:36:06	14.34	--	27	38718	买盘
09:36:03	14.34	--	48	68832	买盘
09:36:00	14.34	0.01	14	20076	买盘
09:35:57	14.33	-0.01	84	120372	卖盘
09:35:54	14.34	--	7	10038	买盘
09:35:51	14.34	--	53	76002	卖盘
09:35:48	14.34	--	7	10038	卖盘
09:35:42	14.34	--	10	14340	买盘
09:35:36	14.34	--	1	1434	买盘
09:35:33	14.34	0.01	12	17208	买盘
09:35:30	14.33	--	6	8598	卖盘
09:35:27	14.33	--	1	1433	卖盘
09:35:24	14.33	--	2	2866	卖盘
09:35:21	14.33	0.01	8	11464	卖盘
09:35:18	14.32	-0.01	9	12888	卖盘
09:35:15	14.33	0.01	74	106042	买盘
09:35:06	14.32	--	12	17184	卖盘
09:35:03	14.32	--	36	51552	买盘
09:35:00	14.32	--	9	12888	买盘
09:34:57	14.32	0.01	5	7160	中性盘
09:34:54	14.31	-0.02	28	40068	卖盘
09:34:51	14.33	0.01	124	177692	买盘
09:34:45	14.32	--	30	42960	卖盘
09:34:42	14.32	0.01	65	93080	买盘
09:34:36	14.31	--	15	21465	卖盘
09:34:33	14.31	0.01	31	44361	中性盘
09:34:30	14.3	--	44	62920	卖盘
09:34:27	14.3	-0.02	100	143000	卖盘
09:34:24	14.32	0.01	423	605736	买盘
09:34:18	14.31	--	57	81567	卖盘
09:34:09	14.31	--	21	30051	卖盘
09:34:06	14.31	--	12	17172	卖盘
09:34:03	14.31	--	86	123066	买盘
09:34:00	14.31	--	31	44361	买盘
09:33:57	14.31	--	3	4293	买盘
09:33:51	14.31	0.01	33	47223	买盘
09:33:48	14.3	-0.01	87	124410	卖盘
09:33:45	14.31	--	427	611037	买盘
09:33:42	14.31	--	20	28620	买盘
09:33:39	14.31	0.01	17	24327	买盘
09:33:36	14.3	-0.01	43	61490	卖盘
09:33:33	14.31	0.01	6	8586	买盘
09:33:30	14.3	--	11	15730	卖盘
09:33:27	14.3	-0.01	72	102960	卖盘
09:33:24	14.31	0.01	7	10732	买盘
09:33:21	14.3	-0.01	21	30745	卖盘
09:33:18	14.31	0.01	1	1431	买盘
09:33:15	14.3	--	2	3575	买盘
09:33:12	14.3	-0.01	154	220220	卖盘
09:33:09	14.31	-0.01	12	17172	中性盘
09:33:03	14.32	0.01	57	81624	买盘
09:33:00	14.31	--	10	14310	卖盘
09:32:57	14.31	--	21	30051	买盘
09:32:54	14.31	--	8	11448	买盘
09:32:51	14.31	0.01	2	2862	买盘
09:32:48	14.3	--	11	15730	卖盘
09:32:45	14.3	--	11	15730	卖盘
09:32:42	14.3	--	10	14300	卖盘
09:32:39	14.3	--	40	57200	卖盘
09:32:36	14.3	0.01	107	153010	中性盘
09:32:30	14.29	-0.01	32	45728	卖盘
09:32:27	14.3	0.01	3	4290	买盘
09:32:24	14.29	--	9	12861	卖盘
09:32:21	14.29	0.01	27	38583	中性盘
09:32:18	14.28	-0.03	80	114240	卖盘
09:32:15	14.31	--	118	168858	买盘
09:32:12	14.31	--	266	380646	卖盘
09:32:09	14.31	--	50	71550	卖盘
09:32:06	14.31	--	10	14310	卖盘
09:32:03	14.31	0.01	36	51516	买盘
09:32:00	14.3	--	2	2860	买盘
09:31:57	14.3	-0.03	2	2860	中性盘
09:31:51	14.33	0.03	10	14330	买盘
09:31:45	14.3	--	30	42900	卖盘
09:31:42	14.3	0.04	73	104390	买盘
09:31:39	14.26	-0.02	522	744372	卖盘
09:31:36	14.28	0.01	3	4284	买盘
09:31:30	14.27	-0.01	17	24259	卖盘
09:31:27	14.28	0.01	10	14280	买盘
09:31:24	14.27	--	9	12843	卖盘
09:31:21	14.27	--	21	29967	买盘
09:31:18	14.27	--	14	19978	买盘
09:31:15	14.27	0.02	30	42810	买盘
09:31:09	14.25	-0.04	272	387600	卖盘
09:31:06	14.29	0.03	20	28580	买盘
09:30:54	14.26	-0.03	63	89838	卖盘
09:30:51	14.29	0.02	10	14290	买盘
09:30:48	14.27	--	339	483753	卖盘
09:30:45	14.27	0.01	155	221185	买盘
09:30:42	14.26	0.01	10	14260	中性盘
09:30:36	14.25	-0.02	101	143925	卖盘
09:30:33	14.27	--	57	81339	买盘
09:30:30	14.27	--	25	35675	买盘
09:30:27	14.27	0.02	29	41383	买盘
09:30:24	14.25	--	3	4275	卖盘
09:30:21	14.25	-0.02	26	37050	卖盘
09:30:18	14.27	--	3	4281	买盘
09:30:15	14.27	-0.02	4	5708	买盘
09:30:12	14.29	--	15	21435	买盘
09:30:09	14.29	0.04	18	25722	买盘
09:30:06	14.25	--	15	21375	卖盘
09:30:03	14.25	--	286	407550	买盘
09:30:00	14.25	--	0	0	买盘
09:25:03	14.25	14.25	306	436050	买盘
