成交时间	成交价	价格变动	成交量(手)	成交额(元)	性质
15:00:03	18.88	--	787	1486441	卖盘
14:57:00	18.88	--	84	158592	买盘
14:56:57	18.88	--	8	16406	卖盘
14:56:54	18.88	-0.01	19	35872	卖盘
14:56:48	18.89	0.01	8	15112	买盘
14:56:45	18.88	--	128	241664	卖盘
14:56:42	18.88	-0.01	217	409696	卖盘
14:56:39	18.89	--	62	117118	买盘
14:56:36	18.89	--	16	30224	买盘
14:56:33	18.89	0.01	49	92561	买盘
14:56:30	18.88	-0.01	72	135936	卖盘
14:56:27	18.89	--	47	88783	买盘
14:56:24	18.89	--	60	113340	买盘
14:56:18	18.89	0.01	37	69893	买盘
14:56:15	18.88	-0.01	66	124608	卖盘
14:56:12	18.89	0.01	64	120896	买盘
14:56:09	18.88	--	99	186912	卖盘
14:56:06	18.88	--	30	56640	卖盘
14:56:03	18.88	-0.01	8	15104	卖盘
14:56:00	18.89	0.01	13	24557	买盘
14:55:54	18.88	--	16	30208	卖盘
14:55:48	18.88	-0.01	40	75520	卖盘
14:55:45	18.89	0.01	16	31168	买盘
14:55:42	18.88	--	2	3776	卖盘
14:55:39	18.88	--	20	37760	卖盘
14:55:36	18.88	--	12	22656	卖盘
14:55:33	18.88	--	33	63248	卖盘
14:55:30	18.88	-0.01	3	5664	卖盘
14:55:27	18.89	0.01	20	37780	买盘
14:55:24	18.88	-0.01	2	3776	卖盘
14:55:21	18.89	0.01	11	20779	买盘
14:55:18	18.88	-0.01	16	30208	卖盘
14:55:15	18.89	--	11	20779	买盘
14:55:12	18.89	0.01	14	26446	买盘
14:55:09	18.88	--	9	16992	卖盘
14:55:06	18.88	--	69	130272	卖盘
14:55:03	18.88	--	22	41536	卖盘
14:55:00	18.88	-0.01	4	7552	卖盘
14:54:57	18.89	0.01	52	98228	买盘
14:54:54	18.88	--	4	7552	卖盘
14:54:51	18.88	--	10	18880	卖盘
14:54:48	18.88	--	5	9440	卖盘
14:54:45	18.88	--	30	56640	卖盘
14:54:42	18.88	--	17	32096	卖盘
14:54:39	18.88	-0.01	10	18880	卖盘
14:54:33	18.89	--	1	1889	买盘
14:54:30	18.89	0.01	60	113340	买盘
14:54:27	18.88	-0.01	40	75520	卖盘
14:54:24	18.89	0.01	19	35891	买盘
14:54:21	18.88	--	16	30208	卖盘
14:54:18	18.88	-0.01	26	49088	卖盘
14:54:09	18.89	0.01	20	37780	买盘
14:54:06	18.88	--	6	11328	卖盘
14:54:00	18.88	-0.01	18	33984	卖盘
14:53:54	18.89	0.01	26	49114	买盘
14:53:48	18.88	-0.01	9	16992	卖盘
14:53:45	18.89	0.01	25	47225	买盘
14:53:42	18.88	--	15	28320	卖盘
14:53:39	18.88	--	23	43424	卖盘
14:53:33	18.88	--	5	9440	卖盘
14:53:30	18.88	-0.01	2	3776	卖盘
14:53:27	18.89	0.01	70	132230	买盘
14:53:24	18.88	--	4	7552	卖盘
14:53:18	18.88	--	50	94400	卖盘
14:53:15	18.88	--	2	3776	卖盘
14:53:06	18.88	--	3	5664	卖盘
14:53:03	18.88	-0.01	108	203904	卖盘
14:53:00	18.89	0.01	6	11334	买盘
14:52:57	18.88	--	20	37760	卖盘
14:52:54	18.88	--	10	18880	卖盘
14:52:48	18.88	--	2	3776	卖盘
14:52:42	18.88	--	28	52864	卖盘
14:52:39	18.88	-0.01	2	3776	卖盘
14:52:36	18.89	0.01	6	11919	买盘
14:52:33	18.88	-0.01	54	103254	卖盘
14:52:30	18.89	0.01	114	215346	买盘
14:52:27	18.88	--	25	47200	卖盘
14:52:24	18.88	--	2	3776	卖盘
14:52:21	18.88	--	73	137824	卖盘
14:52:18	18.88	--	23	43424	卖盘
14:52:15	18.88	--	5	9440	卖盘
14:52:06	18.88	-0.01	30	56640	卖盘
14:51:57	18.89	0.01	5	9445	买盘
14:51:48	18.88	--	34	64777	买盘
14:51:42	18.88	--	17	32096	买盘
14:51:36	18.88	--	7	13216	买盘
14:51:33	18.88	--	33	63606	卖盘
14:51:21	18.88	-0.01	90	169920	卖盘
14:51:18	18.89	0.01	1	1889	卖盘
14:51:12	18.88	--	5	9440	卖盘
14:51:09	18.88	--	50	94400	卖盘
14:51:06	18.88	-0.01	29	55091	卖盘
14:51:03	18.89	0.01	70	132230	买盘
14:51:00	18.88	--	52	98176	卖盘
14:50:57	18.88	--	15	28320	卖盘
14:50:54	18.88	--	6	11328	卖盘
14:50:51	18.88	--	1	2832	卖盘
14:50:39	18.88	-0.01	70	132160	卖盘
14:50:33	18.89	--	9	17001	买盘
14:50:24	18.89	0.01	10	18890	买盘
14:50:21	18.88	-0.01	5	9440	卖盘
14:50:18	18.89	--	9	17001	买盘
14:50:15	18.89	--	3	5667	买盘
14:50:12	18.89	-0.01	3	5667	卖盘
14:50:09	18.9	--	1	1889	买盘
14:49:57	18.9	0.02	15	28349	买盘
14:49:54	18.88	-0.01	15	28320	卖盘
14:49:51	18.89	--	18	34002	买盘
14:49:48	18.89	0.01	3	5667	中性盘
14:49:39	18.88	-0.01	68	128384	卖盘
14:49:33	18.89	--	11	20779	卖盘
14:49:24	18.89	-0.01	3	5667	卖盘
14:49:21	18.9	--	23	43470	买盘
14:49:18	18.9	0.01	1	1889	买盘
14:49:15	18.89	--	43	81227	买盘
14:49:06	18.89	--	17	32113	卖盘
14:49:03	18.89	--	10	18890	卖盘
14:49:00	18.89	-0.01	7	13223	中性盘
14:48:51	18.9	0.02	7	13229	买盘
14:48:48	18.88	--	1	1888	卖盘
14:48:45	18.88	--	7	13216	卖盘
14:48:36	18.88	--	50	94400	卖盘
14:48:33	18.88	-0.02	14	26432	卖盘
14:48:30	18.9	0.01	8	15119	买盘
14:48:27	18.89	--	8	15112	买盘
14:48:24	18.89	0.01	14	26446	买盘
14:48:18	18.88	-0.01	5	9440	卖盘
14:48:15	18.89	0.01	31	58559	买盘
14:48:09	18.88	--	40	75520	卖盘
14:48:06	18.88	-0.01	47	89680	卖盘
14:48:03	18.89	0.01	21	40859	买盘
14:48:00	18.88	-0.01	21	39648	卖盘
14:47:54	18.89	0.01	15	28335	买盘
14:47:51	18.88	--	22	41536	卖盘
14:47:42	18.88	-0.01	1	1888	卖盘
14:47:39	18.89	0.01	3	5667	买盘
14:47:36	18.88	--	32	61360	买盘
14:47:33	18.88	--	2	3776	卖盘
14:47:27	18.88	0.01	4	7552	卖盘
14:47:21	18.87	--	24	45288	卖盘
14:47:18	18.87	-0.01	6	11322	卖盘
14:47:15	18.88	--	28	53789	买盘
14:47:12	18.88	--	8	15104	买盘
14:47:09	18.88	--	20	37760	买盘
14:47:06	18.88	--	23	43424	买盘
14:47:03	18.88	-0.01	5	9440	卖盘
14:46:54	18.89	--	19	35891	买盘
14:46:51	18.89	--	10	18890	买盘
14:46:48	18.89	0.01	100	188900	买盘
14:46:39	18.88	0.01	2	3776	买盘
14:46:33	18.87	-0.02	55	104936	卖盘
14:46:21	18.89	0.01	19	35891	买盘
14:46:18	18.88	0.01	10	18880	卖盘
14:46:09	18.87	--	4	7548	卖盘
14:46:06	18.87	--	13	24531	卖盘
14:46:03	18.87	--	107	203626	卖盘
14:46:00	18.87	--	30	56610	卖盘
14:45:51	18.87	--	15	28305	卖盘
14:45:42	18.87	--	19	35853	卖盘
14:45:39	18.87	-0.01	7	13209	卖盘
14:45:33	18.88	--	36	68251	卖盘
14:45:27	18.88	-0.01	8	15104	卖盘
14:45:24	18.89	--	3	5667	买盘
14:45:21	18.89	0.01	19	35891	买盘
14:45:18	18.88	--	27	50976	卖盘
14:45:15	18.88	--	34	64192	卖盘
14:45:12	18.88	--	15	28320	卖盘
14:45:06	18.88	-0.01	1	1888	卖盘
14:45:03	18.89	0.01	36	68476	买盘
14:45:00	18.88	--	10	18880	卖盘
14:44:57	18.88	--	1	1888	卖盘
14:44:54	18.88	--	44	83072	卖盘
14:44:51	18.88	--	1	1888	卖盘
14:44:48	18.88	--	5	9440	卖盘
14:44:42	18.88	--	7	13216	卖盘
14:44:30	18.88	--	47	89868	卖盘
14:44:27	18.88	-0.01	1	1888	中性盘
14:44:00	18.89	--	52	98228	卖盘
14:43:57	18.89	-0.01	2	3778	卖盘
14:43:54	18.9	0.01	9	17010	买盘
14:43:51	18.89	0.02	1	1889	中性盘
14:43:42	18.87	-0.02	339	639693	卖盘
14:43:30	18.89	-0.01	86	163134	卖盘
14:43:27	18.9	--	1	1889	买盘
14:43:21	18.9	--	29	54809	卖盘
14:43:18	18.9	--	4	7559	卖盘
14:43:12	18.9	0.01	2	3779	卖盘
14:43:09	18.89	--	10	18890	卖盘
14:43:00	18.89	-0.02	1	1889	卖盘
14:42:57	18.91	0.02	152	287432	买盘
14:42:54	18.89	-0.01	10	18890	卖盘
14:42:48	18.9	0.01	3	5670	买盘
14:42:45	18.89	-0.01	1	1889	卖盘
14:42:39	18.9	0.01	4	7559	买盘
14:42:36	18.89	--	8	15112	卖盘
14:42:33	18.89	-0.01	6	11334	卖盘
14:42:30	18.9	0.01	4	7559	买盘
14:42:27	18.89	--	1	1889	卖盘
14:42:21	18.89	--	34	64226	卖盘
14:42:09	18.89	--	8	15112	卖盘
14:42:03	18.89	-0.01	12	22668	卖盘
14:41:57	18.9	0.01	7	13229	买盘
14:41:54	18.89	--	33	62337	卖盘
14:41:51	18.89	-0.01	53	100117	卖盘
14:41:45	18.9	-0.02	41	77490	买盘
14:41:42	18.92	--	23	43516	卖盘
14:41:39	18.92	--	1	1892	卖盘
14:41:36	18.92	0.02	5	9460	卖盘
14:41:33	18.9	--	1	1889	买盘
14:41:30	18.9	-0.02	320	604800	卖盘
14:41:27	18.92	-0.01	8	15136	卖盘
14:41:21	18.93	0.01	4	7572	买盘
14:41:18	18.92	-0.02	2	3784	卖盘
14:41:09	18.94	0.01	41	77654	买盘
14:41:06	18.93	--	12	22716	卖盘
14:41:03	18.93	0.01	3	5679	中性盘
14:40:57	18.92	--	2	3784	卖盘
14:40:48	18.92	--	2	3784	卖盘
14:40:39	18.92	--	17	32164	卖盘
14:40:36	18.92	-0.02	1	1892	卖盘
14:40:27	18.94	0.02	5	9470	买盘
14:40:24	18.92	-0.02	4	7568	卖盘
14:40:18	18.94	--	85	160990	买盘
14:40:09	18.94	0.02	11	20834	买盘
14:40:06	18.92	-0.02	69	130548	卖盘
14:40:00	18.94	0.01	15	28410	买盘
14:39:57	18.93	--	310	586830	卖盘
14:39:51	18.93	--	38	71934	买盘
14:39:48	18.93	0.01	4	7572	买盘
14:39:45	18.92	--	65	122980	卖盘
14:39:27	18.92	-0.01	2	3784	卖盘
14:39:21	18.93	0.02	3	5679	买盘
14:39:18	18.91	--	2	3782	卖盘
14:39:09	18.91	--	1	1891	卖盘
14:39:06	18.91	--	8	15128	卖盘
14:38:57	18.91	-0.04	2	3782	卖盘
14:38:51	18.95	--	9	17055	买盘
14:38:48	18.95	--	35	66325	买盘
14:38:39	18.95	0.05	14	26530	买盘
14:38:36	18.9	--	38	71820	卖盘
14:38:27	18.9	-0.06	54	102059	卖盘
14:38:24	18.96	0.01	11	20856	买盘
14:38:21	18.95	0.06	51	96645	买盘
14:38:18	18.89	-0.06	53	100117	卖盘
14:38:15	18.95	0.06	16	30320	买盘
14:38:12	18.89	-0.01	6	11334	卖盘
14:38:06	18.9	--	4	8448	买盘
14:38:03	18.9	--	13	24569	买盘
14:38:00	18.9	-0.01	214	405461	卖盘
14:37:57	18.91	-0.04	19	35929	卖盘
14:37:54	18.95	0.04	16	30320	买盘
14:37:48	18.91	-0.04	5	9455	卖盘
14:37:42	18.95	--	28	53060	卖盘
14:37:39	18.95	0.05	66	125070	买盘
14:37:36	18.9	-0.04	24	45360	卖盘
14:37:27	18.94	0.02	110	210101	买盘
14:37:24	18.92	--	9	17028	买盘
14:37:18	18.92	-0.02	91	172304	卖盘
14:37:09	18.94	0.01	14	26516	买盘
14:37:06	18.93	-0.01	15	28395	卖盘
14:37:03	18.94	0.01	4	7576	买盘
14:37:00	18.93	--	1	1893	卖盘
14:36:57	18.93	-0.01	2	3786	卖盘
14:36:54	18.94	--	5	9470	买盘
14:36:51	18.94	--	32	60608	买盘
14:36:48	18.94	0.01	43	81442	买盘
14:36:39	18.93	--	79	150455	卖盘
14:36:36	18.93	--	3	5679	卖盘
14:36:33	18.93	0.01	11	20823	买盘
14:36:27	18.92	-0.01	23	43516	卖盘
14:36:21	18.93	0.01	18	34074	买盘
14:36:18	18.92	--	20	37840	卖盘
14:36:15	18.92	--	8	15987	买盘
14:36:12	18.92	0.02	5	9460	买盘
14:36:09	18.9	--	72	137100	卖盘
14:36:06	18.9	-0.02	6	11340	卖盘
14:36:00	18.92	0.02	100	189200	买盘
14:35:57	18.9	--	18	34020	卖盘
14:35:54	18.9	-0.01	11	20790	卖盘
14:35:51	18.91	--	21	39711	买盘
14:35:48	18.91	--	40	75640	买盘
14:35:45	18.91	--	4	7564	买盘
14:35:42	18.91	--	16	30256	买盘
14:35:39	18.91	--	9	17019	买盘
14:35:36	18.91	-0.01	13	25925	卖盘
14:35:33	18.92	-0.01	34	64328	卖盘
14:35:30	18.93	--	11	20823	买盘
14:35:27	18.93	--	10	18930	买盘
14:35:24	18.93	--	2	3786	买盘
14:35:18	18.93	--	14	26502	买盘
14:35:15	18.93	0.01	5	9465	买盘
14:35:12	18.92	0.01	25	47848	买盘
14:35:09	18.91	--	12	22692	卖盘
14:35:06	18.91	--	6	11346	卖盘
14:34:57	18.91	-0.01	8	15128	卖盘
14:34:54	18.92	--	22	41624	卖盘
14:34:48	18.92	-0.01	1	1892	中性盘
14:34:42	18.93	0.02	30	56790	买盘
14:34:39	18.91	--	10	18910	卖盘
14:34:36	18.91	0.01	2	3782	卖盘
14:34:30	18.9	--	2	3779	买盘
14:34:27	18.9	-0.03	6	11340	卖盘
14:34:21	18.93	0.01	3	5679	买盘
14:34:18	18.92	-0.01	4	7568	卖盘
14:34:15	18.93	0.04	4	7572	买盘
14:34:12	18.89	--	3	6573	买盘
14:34:09	18.89	--	23	43447	卖盘
14:34:06	18.89	0.01	18	34002	中性盘
14:34:00	18.88	--	10	18880	卖盘
14:33:57	18.88	-0.02	22	41536	卖盘
14:33:54	18.9	--	4	7559	买盘
14:33:51	18.9	0.02	6	11340	买盘
14:33:45	18.88	-0.02	8	15104	卖盘
14:33:39	18.9	0.02	17	32129	买盘
14:33:36	18.88	0.01	23	43424	中性盘
14:33:27	18.87	-0.07	2	3774	卖盘
14:33:24	18.94	0.07	8	15152	买盘
14:33:18	18.87	-0.01	115	217005	卖盘
14:33:09	18.88	--	35	67609	卖盘
14:33:06	18.88	-0.05	10	18880	卖盘
14:33:03	18.93	0.04	530	1003290	买盘
14:33:00	18.89	0.01	3	5667	买盘
14:32:57	18.88	--	47	90189	买盘
14:32:54	18.88	0.01	1	1888	买盘
14:32:48	18.87	-0.01	2	3774	卖盘
14:32:45	18.88	--	9	16992	买盘
14:32:39	18.88	0.01	46	86848	中性盘
14:32:36	18.87	-0.02	16	30192	卖盘
14:32:30	18.89	0.02	10	18890	买盘
14:32:27	18.87	--	5	9435	卖盘
14:32:24	18.87	--	75	141525	买盘
14:32:21	18.87	--	2	3774	买盘
14:32:18	18.87	0.01	7	13209	买盘
14:32:15	18.86	--	18	33948	卖盘
14:32:06	18.86	-0.01	63	118874	卖盘
14:32:03	18.87	--	6	11322	买盘
14:32:00	18.87	0.01	20	37740	买盘
14:31:57	18.86	-0.04	33	62238	卖盘
14:31:48	18.9	0.01	11	20790	买盘
14:31:45	18.89	0.02	133	251237	买盘
14:31:39	18.87	0.01	17	32079	买盘
14:31:36	18.86	--	11	20746	卖盘
14:31:33	18.86	-0.01	1	1886	卖盘
14:31:30	18.87	--	1	1887	买盘
14:31:27	18.87	--	18	33966	买盘
14:31:24	18.87	--	29	54723	买盘
14:31:18	18.87	0.01	6	11322	买盘
14:31:15	18.86	-0.01	6	11316	卖盘
14:31:12	18.87	-0.01	32	61327	卖盘
14:31:06	18.88	--	26	49088	买盘
14:31:03	18.88	--	4	7552	买盘
14:31:00	18.88	0.01	44	83072	买盘
14:30:57	18.87	--	7	13209	卖盘
14:30:51	18.87	--	12	22644	卖盘
14:30:48	18.87	-0.01	24	45288	卖盘
14:30:45	18.88	0.01	4	7552	买盘
14:30:42	18.87	--	8	15096	卖盘
14:30:36	18.87	--	4	7548	卖盘
14:30:30	18.87	-0.01	1	1887	卖盘
14:30:27	18.88	--	4	7552	买盘
14:30:18	18.88	0.01	3	5664	买盘
14:30:15	18.87	--	5	9435	卖盘
14:30:09	18.87	--	4	7548	卖盘
14:30:06	18.87	-0.01	17	32079	卖盘
14:30:00	18.88	0.01	11	20768	买盘
14:29:57	18.87	-0.01	9	16983	卖盘
14:29:54	18.88	0.01	15	28320	买盘
14:29:48	18.87	--	50	94350	卖盘
14:29:45	18.87	-0.01	3	5661	卖盘
14:29:39	18.88	0.01	10	18880	买盘
14:29:36	18.87	-0.01	8	15096	卖盘
14:29:30	18.88	--	8	15104	买盘
14:29:27	18.88	--	31	58528	买盘
14:29:24	18.88	0.01	3	5664	买盘
14:29:15	18.87	-0.01	7	13209	卖盘
14:29:09	18.88	0.01	1	1888	买盘
14:29:06	18.87	-0.01	5	9435	卖盘
14:29:03	18.88	--	23	43424	买盘
14:29:00	18.88	--	4	7552	买盘
14:28:57	18.88	--	4	7552	买盘
14:28:51	18.88	--	30	56640	买盘
14:28:48	18.88	0.01	8	15104	买盘
14:28:45	18.87	--	2	3774	卖盘
14:28:36	18.87	--	4	7548	卖盘
14:28:30	18.87	--	9	16983	卖盘
14:28:27	18.87	--	2	3774	卖盘
14:28:24	18.87	--	15	28305	卖盘
14:28:18	18.87	--	1	1887	卖盘
14:28:15	18.87	-0.02	4	7548	卖盘
14:28:09	18.89	0.02	11	20779	买盘
14:28:06	18.87	-0.01	3	5661	卖盘
14:27:57	18.88	-0.01	2	3776	卖盘
14:27:54	18.89	0.01	25	47225	买盘
14:27:48	18.88	-0.01	4	7552	中性盘
14:27:36	18.89	0.02	4	7556	买盘
14:27:33	18.87	--	6	11322	卖盘
14:27:27	18.87	--	9	16983	卖盘
14:27:15	18.87	--	17	32079	卖盘
14:27:12	18.87	-0.03	14	26418	卖盘
14:27:06	18.9	0.03	13	24569	买盘
14:27:03	18.87	--	20	37740	卖盘
14:26:57	18.87	-0.01	22	41514	卖盘
14:26:54	18.88	0.01	8	16048	买盘
14:26:51	18.87	--	11	20757	卖盘
14:26:48	18.87	0.01	2	3774	中性盘
14:26:45	18.86	-0.01	77	145222	卖盘
14:26:42	18.87	--	6	11322	买盘
14:26:36	18.87	--	101	190587	买盘
14:26:33	18.87	-0.01	113	213231	卖盘
14:26:30	18.88	0.01	1	1888	买盘
14:26:27	18.87	-0.01	2	3774	卖盘
14:26:24	18.88	--	115	218064	卖盘
14:26:21	18.88	-0.01	141	266208	卖盘
14:26:18	18.89	--	2	3778	卖盘
14:26:15	18.89	-0.01	4	7556	卖盘
14:26:12	18.9	0.01	1	1889	买盘
14:26:09	18.89	--	1	1889	卖盘
14:26:06	18.89	-0.01	5	9445	卖盘
14:26:03	18.9	--	11	20790	买盘
14:26:00	18.9	--	2	3779	买盘
14:25:57	18.9	--	16	30239	买盘
14:25:48	18.9	0.01	15	28349	买盘
14:25:45	18.89	-0.01	2	3778	卖盘
14:25:42	18.9	--	3	5670	买盘
14:25:39	18.9	0.01	10	18900	买盘
14:25:36	18.89	-0.01	3	5667	卖盘
14:25:33	18.9	--	1	1889	买盘
14:25:30	18.9	--	4	7559	卖盘
14:25:27	18.9	-0.02	14	26459	卖盘
14:25:18	18.92	0.02	14	26488	买盘
14:25:15	18.9	--	10	18900	买盘
14:25:12	18.9	--	10	18900	买盘
14:25:09	18.9	--	41	77490	卖盘
14:25:06	18.9	--	2	3779	卖盘
14:25:03	18.9	-0.01	4	7559	卖盘
14:24:54	18.91	0.01	2	3782	中性盘
14:24:42	18.9	--	4	7559	卖盘
14:24:36	18.9	--	2	3779	卖盘
14:24:27	18.9	--	3	5670	卖盘
14:24:15	18.9	-0.03	13	24569	卖盘
14:24:09	18.93	0.02	3	5679	买盘
14:24:06	18.91	-0.02	6	11346	卖盘
14:24:03	18.93	--	43	81399	买盘
14:24:00	18.93	0.03	15	28395	买盘
14:23:57	18.9	-0.03	8	15119	卖盘
14:23:48	18.93	0.03	30	56790	买盘
14:23:45	18.9	--	3	5670	卖盘
14:23:36	18.9	-0.03	2	3779	卖盘
14:23:30	18.93	0.03	14	26502	买盘
14:23:27	18.9	-0.01	5	9450	卖盘
14:23:15	18.91	0.01	19	35929	买盘
14:23:12	18.9	--	15	28349	卖盘
14:23:06	18.9	-0.01	2	3779	卖盘
14:23:03	18.91	--	8	15128	买盘
14:23:00	18.91	0.01	1	1891	买盘
14:22:54	18.9	--	5	9450	卖盘
14:22:45	18.9	--	5	9450	卖盘
14:22:36	18.9	-0.01	3	5670	卖盘
14:22:30	18.91	--	3	5673	买盘
14:22:27	18.91	0.01	20	37820	买盘
14:22:24	18.9	-0.01	2	3779	卖盘
14:22:21	18.91	--	20	37820	买盘
14:22:09	18.91	0.01	7	13237	买盘
14:22:06	18.9	-0.01	2	3779	卖盘
14:21:57	18.91	0.01	11	20801	买盘
14:21:54	18.9	--	2	3779	卖盘
14:21:48	18.9	--	1	1889	卖盘
14:21:45	18.9	-0.01	3	5670	卖盘
14:21:39	18.91	0.01	6	11346	买盘
14:21:36	18.9	-0.01	9	17010	卖盘
14:21:27	18.91	0.01	18	34038	买盘
14:21:24	18.9	--	2	3779	卖盘
14:21:15	18.9	--	2	3779	卖盘
14:21:06	18.9	--	11	20790	卖盘
14:20:57	18.9	--	1	1889	卖盘
14:20:54	18.9	-0.01	5	9450	卖盘
14:20:51	18.91	0.01	50	94550	买盘
14:20:48	18.9	0.01	5	9450	买盘
14:20:45	18.89	--	2	3778	卖盘
14:20:42	18.89	--	1	1889	卖盘
14:20:36	18.89	--	9	17001	卖盘
14:20:24	18.89	-0.01	12	22668	卖盘
14:20:18	18.9	--	2	3779	卖盘
14:20:15	18.9	--	10	18900	卖盘
14:20:12	18.9	--	30	56699	卖盘
14:20:06	18.9	--	2	3779	卖盘
14:19:54	18.9	--	8	15119	卖盘
14:19:45	18.9	--	18	34020	卖盘
14:19:42	18.9	--	3	5670	买盘
14:19:39	18.9	0.02	4	7559	买盘
14:19:36	18.88	-0.02	31	59472	卖盘
14:19:21	18.9	-0.02	47	89775	卖盘
14:19:18	18.92	0.02	10	18920	买盘
14:19:15	18.9	-0.01	2	3779	卖盘
14:19:09	18.91	0.01	3	5673	买盘
14:19:06	18.9	-0.01	6	11340	卖盘
14:18:57	18.91	--	12	22692	卖盘
14:18:54	18.91	-0.01	2	3782	卖盘
14:18:51	18.92	--	18	34056	卖盘
14:18:45	18.92	--	13	24596	卖盘
14:18:36	18.92	--	2	3784	卖盘
14:18:33	18.92	--	1	1892	卖盘
14:18:30	18.92	--	5	9460	卖盘
14:18:24	18.92	--	3	5676	卖盘
14:18:15	18.92	--	17	32164	卖盘
14:18:09	18.92	0.01	6	11352	买盘
14:18:06	18.91	--	2	3782	卖盘
14:17:57	18.91	0.01	77	146552	买盘
14:17:54	18.9	--	8	16064	卖盘
14:17:45	18.9	--	12	22680	卖盘
14:17:42	18.9	--	37	69930	卖盘
14:17:39	18.9	0.01	38	72765	买盘
14:17:36	18.89	--	2	3778	卖盘
14:17:27	18.89	--	1	1889	卖盘
14:17:24	18.89	-0.01	4	7556	卖盘
14:17:18	18.9	0.01	14	26459	买盘
14:17:15	18.89	-0.01	8	15112	卖盘
14:17:06	18.9	--	17	32129	买盘
14:17:03	18.9	--	2	3779	买盘
14:17:00	18.9	--	10	18900	买盘
14:16:57	18.9	--	3	5670	买盘
14:16:45	18.9	0.01	8	15119	买盘
14:16:36	18.89	-0.01	2	3778	卖盘
14:16:33	18.9	0.01	1	1889	买盘
14:16:24	18.89	--	5	9445	卖盘
14:16:21	18.89	--	1	1889	卖盘
14:16:12	18.89	0.01	21	39669	买盘
14:16:00	18.88	--	1	1888	卖盘
14:15:54	18.88	-0.01	2	3776	卖盘
14:15:51	18.89	--	2	3778	卖盘
14:15:45	18.89	-0.01	2	3778	卖盘
14:15:39	18.9	0.01	5	9450	买盘
14:15:36	18.89	--	5	9445	卖盘
14:15:33	18.89	--	4	7556	卖盘
14:15:27	18.89	--	1	1889	卖盘
14:15:24	18.89	-0.01	2	3778	中性盘
14:15:18	18.9	0.02	16	30239	买盘
14:15:15	18.88	--	8	15104	卖盘
14:15:06	18.88	--	7	13216	卖盘
14:15:00	18.88	--	10	18880	卖盘
14:14:54	18.88	--	17	32096	中性盘
14:14:51	18.88	--	3	5664	买盘
14:14:48	18.88	0.01	11	20768	买盘
14:14:45	18.87	-0.01	66	124542	卖盘
14:14:42	18.88	--	11	20768	买盘
14:14:39	18.88	0.01	12	22656	买盘
14:14:36	18.87	-0.01	4	7548	卖盘
14:14:27	18.88	--	73	137824	卖盘
14:14:24	18.88	--	17	32096	卖盘
14:14:21	18.88	--	1	1888	卖盘
14:14:18	18.88	--	4	7552	卖盘
14:14:12	18.88	-0.01	2	3776	卖盘
14:14:09	18.89	--	50	94450	买盘
14:14:06	18.89	0.01	15	28335	买盘
14:14:00	18.88	-0.01	1	1888	卖盘
14:13:54	18.89	0.01	34	64226	买盘
14:13:51	18.88	--	1	1888	卖盘
14:13:48	18.88	--	21	39648	卖盘
14:13:45	18.88	-0.01	13	24544	卖盘
14:13:36	18.89	--	44	83116	买盘
14:13:33	18.89	0.01	20	37780	买盘
14:13:30	18.88	-0.01	103	194464	卖盘
14:13:27	18.89	--	89	169065	卖盘
14:13:24	18.89	--	7	13223	卖盘
14:13:18	18.89	-0.01	2	3778	卖盘
14:13:15	18.9	0.01	18	34965	买盘
14:13:12	18.89	--	15	28335	卖盘
14:13:09	18.89	--	32	60448	卖盘
14:13:06	18.89	--	5	9445	卖盘
14:13:00	18.89	--	10	18890	卖盘
14:12:54	18.89	--	10	18890	卖盘
14:12:51	18.89	-0.01	4	7556	卖盘
14:12:48	18.9	0.01	4	7559	买盘
14:12:45	18.89	--	13	24557	卖盘
14:12:42	18.89	-0.01	1	1889	卖盘
14:12:36	18.9	--	24	45360	买盘
14:12:33	18.9	0.01	12	22680	买盘
14:12:30	18.89	--	5	9445	卖盘
14:12:24	18.89	0.01	11	20779	中性盘
14:12:15	18.88	--	2	3776	卖盘
14:12:12	18.88	--	4	7552	卖盘
14:12:09	18.88	--	1	1888	卖盘
14:12:06	18.88	--	2	3776	卖盘
14:12:00	18.88	--	1	1888	卖盘
14:11:57	18.88	-0.01	2	3776	卖盘
14:11:54	18.89	-0.01	3	5667	中性盘
14:11:51	18.9	0.02	3	5670	买盘
14:11:48	18.88	--	1	1888	卖盘
14:11:45	18.88	-0.02	15	28320	卖盘
14:11:39	18.9	0.02	5	9450	买盘
14:11:36	18.88	--	2	3776	卖盘
14:11:30	18.88	--	62	117056	卖盘
14:11:27	18.88	--	10	18880	卖盘
14:11:24	18.88	-0.01	4	7552	卖盘
14:11:21	18.89	0.01	1	1889	买盘
14:11:15	18.88	--	6	11328	卖盘
14:11:12	18.88	--	10	18880	卖盘
14:11:06	18.88	--	6	11328	卖盘
14:11:00	18.88	--	17	32096	卖盘
14:10:57	18.88	--	1	1888	卖盘
14:10:54	18.88	--	26	49088	卖盘
14:10:51	18.88	-0.01	3	5664	卖盘
14:10:48	18.89	0.01	4	7556	买盘
14:10:45	18.88	--	13	24544	卖盘
14:10:42	18.88	--	21	39648	卖盘
14:10:36	18.88	-0.01	45	84960	卖盘
14:10:33	18.89	0.01	20	37780	买盘
14:10:30	18.88	-0.01	11	20768	卖盘
14:10:27	18.89	-0.01	200	377800	卖盘
14:10:24	18.9	--	13	24569	卖盘
14:10:21	18.9	--	1	1889	卖盘
14:10:15	18.9	-0.02	8	15119	卖盘
14:10:09	18.92	0.01	4	7568	买盘
14:10:06	18.91	-0.01	4	7564	卖盘
14:10:00	18.92	--	22	41624	卖盘
14:09:57	18.92	--	12	22704	卖盘
14:09:54	18.92	--	19	35948	卖盘
14:09:51	18.92	-0.01	1	1892	卖盘
14:09:48	18.93	0.01	5	9465	买盘
14:09:45	18.92	--	48	90816	卖盘
14:09:36	18.92	-0.01	7	13244	卖盘
14:09:33	18.93	--	74	140082	卖盘
14:09:30	18.93	0.01	166	314238	买盘
14:09:24	18.92	0.02	18	34056	买盘
14:09:21	18.9	--	10	18900	买盘
14:09:18	18.9	--	1	1889	买盘
14:09:15	18.9	-0.03	10	18900	卖盘
14:09:09	18.93	-0.01	54	102222	卖盘
14:09:06	18.94	--	19	35986	卖盘
14:09:03	18.94	-0.02	101	191294	卖盘
14:08:57	18.96	0.02	4	7584	买盘
14:08:54	18.94	--	17	32198	卖盘
14:08:45	18.94	-0.02	55	104170	卖盘
14:08:42	18.96	--	28	53088	买盘
14:08:36	18.96	-0.01	168	319570	卖盘
14:08:33	18.97	0.01	20	37940	买盘
14:08:30	18.96	--	1	1896	卖盘
14:08:27	18.96	--	83	158221	卖盘
14:08:24	18.96	--	5	9480	卖盘
14:08:21	18.96	0.01	46	87216	买盘
14:08:18	18.95	0.01	11	20845	买盘
14:08:15	18.94	-0.01	9	17046	卖盘
14:08:09	18.95	--	8	15160	卖盘
14:08:03	18.95	-0.01	7	13265	卖盘
14:08:00	18.96	--	16	30336	卖盘
14:07:57	18.96	--	1	1896	卖盘
14:07:54	18.96	--	7	13272	卖盘
14:07:51	18.96	-0.01	14	26544	卖盘
14:07:48	18.97	0.01	18	34146	买盘
14:07:45	18.96	--	2	3792	卖盘
14:07:42	18.96	--	1	1896	卖盘
14:07:36	18.96	--	22	41712	卖盘
14:07:33	18.96	--	1	1896	卖盘
14:07:24	18.96	0.01	9	17064	中性盘
14:07:15	18.95	--	3	5685	卖盘
14:07:12	18.95	-0.03	1	1895	卖盘
14:07:09	18.98	0.01	40	75920	买盘
14:07:06	18.97	0.02	7	13279	卖盘
14:07:03	18.95	-0.03	1	1895	卖盘
14:07:00	18.98	0.01	4	7592	买盘
14:06:57	18.97	0.03	3	5691	买盘
14:06:54	18.94	-0.02	19	35986	卖盘
14:06:51	18.96	0.01	11	20856	买盘
14:06:48	18.95	0.01	5	9475	买盘
14:06:45	18.94	-0.02	2	3788	卖盘
14:06:39	18.96	0.02	10	18960	买盘
14:06:36	18.94	--	84	159096	卖盘
14:06:33	18.94	--	4	7576	卖盘
14:06:27	18.94	0.01	1	1894	卖盘
14:06:24	18.93	-0.01	7	13251	卖盘
14:06:21	18.94	0.01	15	28410	买盘
14:06:18	18.93	-0.01	1	1893	卖盘
14:06:15	18.94	0.01	13	24622	买盘
14:06:12	18.93	--	12	22716	卖盘
14:06:06	18.93	--	18	34074	买盘
14:06:03	18.93	0.01	1	1893	买盘
14:05:54	18.92	-0.01	3	5676	卖盘
14:05:48	18.93	0.01	53	100329	买盘
14:05:45	18.92	--	3	5676	卖盘
14:05:39	18.92	0.03	1	1892	中性盘
14:05:33	18.89	--	9	17001	卖盘
14:05:30	18.89	--	8	15112	卖盘
14:05:27	18.89	-0.03	32	60448	卖盘
14:05:24	18.92	0.03	6	11352	买盘
14:05:21	18.89	-0.01	1	1889	卖盘
14:05:15	18.9	--	2	3779	卖盘
14:05:12	18.9	--	1	1889	卖盘
14:05:09	18.9	--	3	5670	买盘
14:05:06	18.9	0.01	8	15119	买盘
14:05:03	18.89	--	8	15112	卖盘
14:05:00	18.89	--	2	3778	卖盘
14:04:57	18.89	--	14	26446	卖盘
14:04:54	18.89	--	25	47225	卖盘
14:04:48	18.89	-0.01	11	20779	卖盘
14:04:45	18.9	--	5	9450	买盘
14:04:42	18.9	0.01	10	18900	买盘
14:04:39	18.89	--	1	1889	卖盘
14:04:36	18.89	--	10	18890	卖盘
14:04:33	18.89	--	9	17001	卖盘
14:04:27	18.89	0.01	1	1889	卖盘
14:04:24	18.88	-0.02	29	54752	中性盘
14:04:18	18.9	0.03	15	28349	买盘
14:04:15	18.87	--	84	158508	卖盘
14:04:03	18.87	-0.01	11	20757	卖盘
14:04:00	18.88	--	8	15104	买盘
14:03:54	18.88	0.01	29	54752	买盘
14:03:51	18.87	-0.01	12	22644	卖盘
14:03:48	18.88	--	14	26432	卖盘
14:03:45	18.88	0.01	91	171808	买盘
14:03:42	18.87	--	23	43401	卖盘
14:03:33	18.87	--	12	22644	买盘
14:03:30	18.87	-0.01	11	20757	卖盘
14:03:27	18.88	0.02	80	151040	买盘
14:03:24	18.86	-0.01	11	20746	卖盘
14:03:21	18.87	0.01	2	3774	买盘
14:03:15	18.86	--	3	5658	卖盘
14:03:09	18.86	--	10	18860	卖盘
14:03:03	18.86	-0.01	2	3772	卖盘
14:03:00	18.87	0.01	10	18870	买盘
14:02:57	18.86	-0.01	1	1886	卖盘
14:02:51	18.87	--	8	15096	买盘
14:02:48	18.87	0.01	3	5661	买盘
14:02:45	18.86	--	2	3772	卖盘
14:02:33	18.86	--	8	15088	卖盘
14:02:30	18.86	--	2	3772	卖盘
14:02:24	18.86	0.01	12	22632	买盘
14:02:21	18.85	-0.01	6	11310	卖盘
14:02:15	18.86	--	13	24518	买盘
14:02:12	18.86	--	22	41492	卖盘
14:02:03	18.86	--	8	15088	卖盘
14:02:00	18.86	0.01	2	3772	卖盘
14:01:54	18.85	-0.01	32	60320	卖盘
14:01:51	18.86	0.01	10	18860	中性盘
14:01:45	18.85	-0.01	53	99905	卖盘
14:01:42	18.86	--	52	98072	卖盘
14:01:39	18.86	--	50	94300	买盘
14:01:36	18.86	0.01	4	7544	买盘
14:01:33	18.85	-0.01	15	28275	卖盘
14:01:24	18.86	--	29	54694	买盘
14:01:21	18.86	--	44	82984	卖盘
14:01:18	18.86	--	3	5658	卖盘
14:01:15	18.86	-0.02	11	20746	卖盘
14:01:12	18.88	0.02	10	18880	买盘
14:01:09	18.86	--	54	101844	卖盘
14:01:03	18.86	-0.02	5	9430	卖盘
14:01:00	18.88	--	2	3776	买盘
14:00:48	18.88	0.03	5	9440	买盘
14:00:45	18.85	--	2	3770	卖盘
14:00:33	18.85	-0.03	5	9425	卖盘
14:00:30	18.88	0.02	5	9440	买盘
14:00:24	18.86	-0.02	14	26404	卖盘
14:00:21	18.88	--	11	20768	买盘
14:00:18	18.88	0.01	1	1888	买盘
14:00:15	18.87	--	19	35853	卖盘
14:00:09	18.87	-0.01	40	75480	卖盘
14:00:06	18.88	0.01	11	20768	买盘
14:00:03	18.87	--	90	169830	卖盘
14:00:00	18.87	--	1	1887	卖盘
13:59:54	18.87	-0.01	5	9435	卖盘
13:59:51	18.88	-0.01	114	215232	卖盘
13:59:48	18.89	--	9	17001	买盘
13:59:39	18.89	--	14	26446	卖盘
13:59:33	18.89	--	2	3778	中性盘
13:59:24	18.89	--	6	11334	中性盘
13:59:15	18.89	-0.04	5	9445	卖盘
13:59:12	18.93	0.03	3	5679	买盘
13:59:09	18.9	--	22	41580	卖盘
13:59:03	18.9	-0.02	27	51029	卖盘
13:59:00	18.92	0.02	3	5676	买盘
13:58:54	18.9	--	5	9450	买盘
13:58:51	18.9	--	4	7559	卖盘
13:58:45	18.9	--	7	13229	卖盘
13:58:39	18.9	--	19	35910	卖盘
13:58:36	18.9	--	10	18900	卖盘
13:58:33	18.9	-0.02	2	3779	卖盘
13:58:30	18.92	0.02	10	18920	买盘
13:58:24	18.9	--	2	3779	卖盘
13:58:18	18.9	--	10	18900	卖盘
13:58:15	18.9	0.01	3	5670	买盘
13:58:12	18.89	--	5	9445	卖盘
13:58:06	18.89	0.01	1	1889	买盘
13:58:03	18.88	--	3	5664	卖盘
13:57:54	18.88	-0.02	5	9440	卖盘
13:57:48	18.9	0.01	11	20790	买盘
13:57:45	18.89	--	2	3778	卖盘
13:57:42	18.89	-0.01	2	3778	卖盘
13:57:39	18.9	0.01	15	28349	买盘
13:57:36	18.89	0.01	6	11334	买盘
13:57:33	18.88	-0.01	10	18880	卖盘
13:57:27	18.89	0.01	33	62337	买盘
13:57:24	18.88	-0.01	12	22656	卖盘
13:57:21	18.89	--	4	7556	买盘
13:57:18	18.89	0.01	7	13223	买盘
13:57:12	18.88	-0.01	5	9440	卖盘
13:57:09	18.89	0.01	3	5667	买盘
13:57:03	18.88	-0.01	4	7552	卖盘
13:56:54	18.89	0.01	20	37780	买盘
13:56:48	18.88	--	61	115168	卖盘
13:56:45	18.88	--	9	16992	卖盘
13:56:42	18.88	-0.01	3	5664	卖盘
13:56:39	18.89	--	2	3778	买盘
13:56:33	18.89	0.01	23	43447	买盘
13:56:30	18.88	--	15	28320	卖盘
13:56:24	18.88	--	4	7552	卖盘
13:56:21	18.88	-0.01	9	16992	卖盘
13:56:15	18.89	0.02	11	20779	买盘
13:56:12	18.87	-0.01	14	26418	卖盘
13:56:09	18.88	--	4	7552	买盘
13:56:06	18.88	0.01	2	3776	买盘
13:56:03	18.87	--	22	41514	卖盘
13:56:00	18.87	-0.01	12	22644	卖盘
13:55:57	18.88	0.01	33	62304	买盘
13:55:54	18.87	-0.01	2	3774	卖盘
13:55:51	18.88	0.01	5	9440	买盘
13:55:45	18.87	--	1	1887	卖盘
13:55:42	18.87	--	2	3774	卖盘
13:55:39	18.87	--	3	5661	卖盘
13:55:36	18.87	--	1	1887	卖盘
13:55:33	18.87	--	2	3774	卖盘
13:55:27	18.87	--	8	15096	卖盘
13:55:24	18.87	-0.01	6	11322	卖盘
13:55:21	18.88	--	3	5664	买盘
13:55:18	18.88	0.01	13	24544	买盘
13:55:12	18.87	-0.01	2	3774	中性盘
13:55:09	18.88	--	11	20768	买盘
13:55:06	18.88	0.02	3	5664	买盘
13:55:03	18.86	--	9	16974	卖盘
13:54:57	18.86	-0.02	1	1886	卖盘
13:54:54	18.88	0.02	12	22656	买盘
13:54:51	18.86	--	3	5658	卖盘
13:54:48	18.86	--	3	5658	卖盘
13:54:42	18.86	-0.02	33	62238	卖盘
13:54:39	18.88	0.02	3	5664	买盘
13:54:36	18.86	0.01	12	22632	买盘
13:54:33	18.85	-0.01	160	301600	卖盘
13:54:27	18.86	--	4	7544	卖盘
13:54:24	18.86	-0.02	3	5658	卖盘
13:54:15	18.88	0.02	10	18880	买盘
13:54:12	18.86	0.01	4	7544	中性盘
13:54:03	18.85	-0.03	17	32045	卖盘
13:54:00	18.88	0.02	4	7552	买盘
13:53:57	18.86	--	9	16974	卖盘
13:53:54	18.86	--	76	143336	卖盘
13:53:48	18.86	--	6	11316	卖盘
13:53:42	18.86	--	3	5658	卖盘
13:53:33	18.86	--	3	5658	卖盘
13:53:27	18.86	--	6	11316	卖盘
13:53:24	18.86	-0.03	2	3772	卖盘
13:53:21	18.89	0.03	3	5667	买盘
13:53:18	18.86	--	5	9430	卖盘
13:53:12	18.86	--	10	18860	卖盘
13:53:03	18.86	--	5	9430	卖盘
13:52:57	18.86	-0.01	45	84870	卖盘
13:52:54	18.87	-0.02	7	13209	卖盘
13:52:51	18.89	0.01	11	20779	买盘
13:52:48	18.88	0.01	4	7552	中性盘
13:52:45	18.87	0.01	5	9435	买盘
13:52:42	18.86	--	23	43378	卖盘
13:52:39	18.86	--	12	22632	卖盘
13:52:33	18.86	--	2	3772	卖盘
13:52:27	18.86	--	14	26404	卖盘
13:52:24	18.86	-0.01	5	9430	卖盘
13:52:18	18.87	--	2	3774	买盘
13:52:15	18.87	--	10	18870	买盘
13:52:12	18.87	--	10	18870	买盘
13:52:09	18.87	--	6	11322	买盘
13:52:06	18.87	0.01	10	18870	买盘
13:52:03	18.86	-0.03	33	62238	卖盘
13:52:00	18.89	--	1	1889	买盘
13:51:57	18.89	0.02	4	7556	买盘
13:51:54	18.87	-0.01	6	11322	卖盘
13:51:51	18.88	0.01	2	3776	中性盘
13:51:45	18.87	--	12	22644	卖盘
13:51:42	18.87	-0.03	8	15096	卖盘
13:51:36	18.9	0.04	3	5670	买盘
13:51:33	18.86	-0.01	28	52808	卖盘
13:51:27	18.87	--	13	24531	买盘
13:51:24	18.87	--	49	92463	买盘
13:51:21	18.87	0.01	80	150960	买盘
13:51:15	18.86	--	10	18860	卖盘
13:51:12	18.86	--	7	13202	卖盘
13:51:06	18.86	--	10	18860	卖盘
13:51:03	18.86	--	10	18860	卖盘
13:51:00	18.86	--	24	45264	买盘
13:50:57	18.86	--	10	18860	卖盘
13:50:54	18.86	--	12	22632	买盘
13:50:51	18.86	-0.01	10	18860	中性盘
13:50:48	18.87	0.01	9	16983	买盘
13:50:45	18.86	--	15	28290	卖盘
13:50:42	18.86	-0.01	6	11316	卖盘
13:50:36	18.87	0.01	11	20757	买盘
13:50:33	18.86	-0.01	4	7544	卖盘
13:50:27	18.87	--	1	1887	买盘
13:50:24	18.87	--	23	43401	卖盘
13:50:18	18.87	--	1	1887	卖盘
13:50:15	18.87	--	26	49062	卖盘
13:50:12	18.87	--	2	3774	卖盘
13:50:09	18.87	--	23	43401	卖盘
13:50:03	18.87	-0.03	2	3774	卖盘
13:49:57	18.9	--	14	26459	买盘
13:49:54	18.9	--	5	9450	买盘
13:49:51	18.9	-0.01	4	7559	中性盘
13:49:45	18.91	0.06	2	3782	买盘
13:49:42	18.85	0.01	2	3770	中性盘
13:49:33	18.84	-0.08	4	7536	卖盘
13:49:30	18.92	0.08	10	18920	买盘
13:49:24	18.84	--	19	35796	卖盘
13:49:12	18.84	--	8	15072	卖盘
13:49:09	18.84	--	30	57462	买盘
13:49:06	18.84	0.02	22	41448	买盘
13:49:03	18.82	-0.02	35	65870	卖盘
13:49:00	18.84	--	4	7536	买盘
13:48:57	18.84	--	6	11304	买盘
13:48:54	18.84	-0.09	154	291078	卖盘
13:48:48	18.93	--	1046	1980078	买盘
13:48:45	18.93	0.01	15	28395	买盘
13:48:42	18.92	--	2	3784	卖盘
13:48:39	18.92	-0.01	19	35948	卖盘
13:48:36	18.93	--	20	37860	买盘
13:48:33	18.93	--	11	20823	买盘
13:48:30	18.93	--	3	5679	买盘
13:48:27	18.93	--	2	3786	买盘
13:48:24	18.93	--	21	39753	买盘
13:48:21	18.93	0.01	10	18930	买盘
13:48:18	18.92	-0.01	1	1892	卖盘
13:48:15	18.93	0.01	2	3786	买盘
13:48:12	18.92	-0.01	3	5676	卖盘
13:48:09	18.93	0.01	10	18930	买盘
13:48:06	18.92	-0.02	3	5676	卖盘
13:48:03	18.94	0.02	7	13258	买盘
13:47:54	18.92	-0.01	13	25542	卖盘
13:47:42	18.93	--	14	26502	卖盘
13:47:33	18.93	-0.01	5	9465	卖盘
13:47:27	18.94	0.02	4	7576	买盘
13:47:24	18.92	-0.02	3	5676	卖盘
13:47:18	18.94	0.02	21	39774	买盘
13:47:15	18.92	-0.02	4	7568	卖盘
13:47:12	18.94	--	12	22728	买盘
13:47:03	18.94	0.02	19	35986	买盘
13:47:00	18.92	--	8	15136	买盘
13:46:57	18.92	--	16	30272	买盘
13:46:54	18.92	--	8	15136	买盘
13:46:51	18.92	--	2	3784	买盘
13:46:45	18.92	0.01	10	18920	买盘
13:46:42	18.91	--	19	35929	卖盘
13:46:33	18.91	--	2	3782	卖盘
13:46:30	18.91	0.01	30	56730	卖盘
13:46:24	18.9	-0.01	17	32129	卖盘
13:46:21	18.91	--	9	17019	卖盘
13:46:18	18.91	--	4	7564	卖盘
13:46:12	18.91	--	2	3782	卖盘
13:46:03	18.91	-0.02	11	20801	卖盘
13:45:57	18.93	0.02	7	13251	买盘
13:45:54	18.91	-0.02	34	64294	卖盘
13:45:51	18.93	--	7	13251	买盘
13:45:48	18.93	0.02	10	18930	买盘
13:45:42	18.91	-0.01	95	179645	卖盘
13:45:39	18.92	--	5	9460	卖盘
13:45:33	18.92	-0.02	2	3784	卖盘
13:45:30	18.94	0.01	402	761388	买盘
13:45:24	18.93	0.01	82	155226	买盘
13:45:21	18.92	-0.01	2	3784	卖盘
13:45:12	18.93	-0.01	31	58683	买盘
13:45:09	18.94	0.02	20	37880	买盘
13:45:03	18.92	-0.02	8	15136	卖盘
13:45:00	18.94	0.02	97	183718	买盘
13:44:54	18.92	-0.01	30	56760	卖盘
13:44:48	18.93	--	6	11358	买盘
13:44:45	18.93	0.01	3	5679	中性盘
13:44:42	18.92	-0.02	34	64328	卖盘
13:44:36	18.94	--	117	221598	买盘
13:44:33	18.94	--	140	265160	卖盘
13:44:30	18.94	--	10	18940	卖盘
13:44:21	18.94	-0.01	16	30304	卖盘
13:44:18	18.95	0.01	2	3790	买盘
13:44:12	18.94	--	4	7576	卖盘
13:44:09	18.94	-0.01	2	3788	卖盘
13:44:06	18.95	0.01	4	7580	买盘
13:44:03	18.94	-0.01	6	11364	中性盘
13:43:57	18.95	--	11	20845	买盘
13:43:54	18.95	0.02	10	18950	买盘
13:43:51	18.93	-0.01	3	5679	卖盘
13:43:48	18.94	--	2	3788	买盘
13:43:45	18.94	--	6	13087	卖盘
13:43:42	18.94	--	4	7576	卖盘
13:43:33	18.94	--	2	3788	卖盘
13:43:27	18.94	--	21	39774	卖盘
13:43:21	18.94	--	8	15152	卖盘
13:43:18	18.94	-0.01	5	9470	卖盘
13:43:15	18.95	--	4	7580	买盘
13:43:12	18.95	0.01	13	24635	买盘
13:43:09	18.94	--	4	7576	卖盘
13:43:06	18.94	--	1	1894	卖盘
13:43:03	18.94	0.01	17	32368	买盘
13:43:00	18.93	-0.01	6	11358	卖盘
13:42:54	18.94	0.01	4	7576	买盘
13:42:51	18.93	--	9	17037	卖盘
13:42:42	18.93	-0.01	18	34074	卖盘
13:42:39	18.94	--	10	18940	买盘
13:42:36	18.94	0.02	13	24622	买盘
13:42:33	18.92	--	31	58652	卖盘
13:42:27	18.92	--	85	160820	卖盘
13:42:21	18.92	--	5	9460	卖盘
13:42:15	18.92	0.01	2	3784	中性盘
13:42:12	18.91	--	23	43493	卖盘
13:42:06	18.91	-0.03	12	22692	卖盘
13:42:03	18.94	0.02	38	71972	买盘
13:41:57	18.92	--	67	128485	卖盘
13:41:54	18.92	--	7	13244	卖盘
13:41:48	18.92	-0.03	30	56760	卖盘
13:41:42	18.95	--	6	11370	买盘
13:41:39	18.95	0.03	3	5685	买盘
13:41:36	18.92	--	6	11352	卖盘
13:41:33	18.92	-0.01	22	41624	卖盘
13:41:30	18.93	-0.02	10	18930	买盘
13:41:24	18.95	0.03	10	18950	买盘
13:41:21	18.92	-0.03	4	7568	卖盘
13:41:18	18.95	0.03	11	20845	买盘
13:41:15	18.92	--	10	18920	卖盘
13:41:12	18.92	-0.01	18	34056	卖盘
13:41:03	18.93	--	83	157119	卖盘
13:40:57	18.93	-0.02	203	384279	卖盘
13:40:54	18.95	0.01	4	7580	买盘
13:40:51	18.94	-0.01	6	11364	卖盘
13:40:42	18.95	0.02	7	13265	买盘
13:40:39	18.93	-0.02	1	1893	卖盘
13:40:33	18.95	0.02	21	39795	买盘
13:40:30	18.93	--	2	3786	卖盘
13:40:21	18.93	--	86	162798	卖盘
13:40:12	18.93	--	32	60576	卖盘
13:40:09	18.93	-0.02	400	757200	卖盘
13:40:03	18.95	-0.03	7	13265	卖盘
13:39:54	18.98	0.03	11	20878	买盘
13:39:51	18.95	-0.01	24	45480	卖盘
13:39:42	18.96	0.01	20	37920	买盘
13:39:36	18.95	--	100	189500	卖盘
13:39:33	18.95	--	2	3790	卖盘
13:39:27	18.95	-0.01	28	53060	卖盘
13:39:24	18.96	0.02	7	13272	买盘
13:39:21	18.94	--	4	7576	卖盘
13:39:12	18.94	-0.01	11	20834	卖盘
13:39:09	18.95	--	7	13265	买盘
13:39:03	18.95	--	49	92855	买盘
13:39:00	18.95	0.01	4	7580	买盘
13:38:57	18.94	--	4	7576	卖盘
13:38:51	18.94	-0.01	25	47350	卖盘
13:38:48	18.95	0.01	7	13265	中性盘
13:38:42	18.94	-0.01	111	210234	卖盘
13:38:39	18.95	--	10	19670	买盘
13:38:36	18.95	0.01	3	5685	买盘
13:38:33	18.94	--	2	3788	卖盘
13:38:27	18.94	-0.04	500	947000	卖盘
13:38:24	18.98	0.03	10	18980	买盘
13:38:21	18.95	--	2	3790	卖盘
13:38:12	18.95	--	2	3790	卖盘
13:38:03	18.95	-0.03	2	3790	卖盘
13:37:54	18.98	0.03	14	26572	买盘
13:37:51	18.95	--	13	24635	卖盘
13:37:42	18.95	-0.01	4	7580	卖盘
13:37:36	18.96	--	9	17064	卖盘
13:37:33	18.96	0.01	10	18960	中性盘
13:37:21	18.95	-0.04	47	89065	卖盘
13:37:15	18.99	0.04	27	51272	买盘
13:37:12	18.95	-0.01	23	43585	卖盘
13:37:03	18.96	-0.02	4	7584	卖盘
13:36:57	18.98	--	2	3796	卖盘
13:36:54	18.98	--	18	34164	卖盘
13:36:51	18.98	0.02	5	9490	买盘
13:36:42	18.96	--	3	5688	卖盘
13:36:39	18.96	-0.03	1	1896	卖盘
13:36:36	18.99	0.04	10	18990	买盘
13:36:33	18.95	-0.04	2	3790	卖盘
13:36:24	18.99	0.03	3	5696	买盘
13:36:21	18.96	0.01	2	3792	卖盘
13:36:12	18.95	-0.04	14	26530	卖盘
13:36:06	18.99	0.04	1	1898	买盘
13:36:03	18.95	-0.01	12	22740	卖盘
13:35:57	18.96	--	9	17064	买盘
13:35:54	18.96	0.01	11	20856	买盘
13:35:51	18.95	-0.01	44	83380	卖盘
13:35:45	18.96	--	4	7584	买盘
13:35:42	18.96	--	218	413328	卖盘
13:35:30	18.96	-0.03	10	18960	卖盘
13:35:27	18.99	0.02	8	15191	买盘
13:35:24	18.97	--	34	64497	卖盘
13:35:21	18.97	--	6	11382	卖盘
13:35:18	18.97	-0.02	14	26558	卖盘
13:35:15	18.99	0.02	5	9495	买盘
13:35:06	18.97	--	3	5691	卖盘
13:35:00	18.97	--	2	3794	卖盘
13:34:51	18.97	-0.03	4	7588	中性盘
13:34:45	19.0	0.01	3	5700	买盘
13:34:42	18.99	--	8	15191	卖盘
13:34:39	18.99	0.03	2	3797	买盘
13:34:36	18.96	-0.03	12	22752	卖盘
13:34:33	18.99	0.03	10	18990	买盘
13:34:30	18.96	-0.01	9	17064	卖盘
13:34:24	18.97	--	1	1897	买盘
13:34:21	18.97	-0.03	9	17073	卖盘
13:34:18	19.0	--	5	9500	买盘
13:34:15	19.0	0.01	26	49400	买盘
13:34:12	18.99	-0.01	3	5696	卖盘
13:34:09	19.0	--	21	39900	买盘
13:34:06	19.0	--	30	57000	买盘
13:34:00	19.0	0.01	16	30400	买盘
13:33:51	18.99	-0.01	22	41778	卖盘
13:33:48	19.0	0.01	16	30400	买盘
13:33:42	18.99	-0.01	7	13292	卖盘
13:33:39	19.0	0.01	10	19000	买盘
13:33:30	18.99	--	6	11393	卖盘
13:33:27	18.99	0.04	5	9495	买盘
13:33:21	18.95	--	2	3790	卖盘
13:33:15	18.95	--	3	5685	卖盘
13:33:12	18.95	-0.04	10	18950	卖盘
13:33:06	18.99	0.04	3	5696	买盘
13:33:03	18.95	--	30	56850	卖盘
13:33:00	18.95	--	7	13265	卖盘
13:32:54	18.95	--	12	22740	卖盘
13:32:51	18.95	--	4	7580	卖盘
13:32:48	18.95	--	30	56850	卖盘
13:32:42	18.95	-0.01	7	13265	卖盘
13:32:39	18.96	-0.03	3	5688	卖盘
13:32:36	18.99	--	5	9495	买盘
13:32:33	18.99	0.03	10	18990	中性盘
13:32:30	18.96	-0.03	5	9480	卖盘
13:32:24	18.99	0.05	1	1898	买盘
13:32:21	18.94	--	22	41668	卖盘
13:32:12	18.94	--	5	9470	卖盘
13:32:09	18.94	--	0	1231	买盘
13:32:06	18.94	--	5	9470	买盘
13:32:03	18.94	--	19	35986	买盘
13:32:00	18.94	--	6	11364	买盘
13:31:54	18.94	--	4	7576	买盘
13:31:51	18.94	-0.06	42	80210	卖盘
13:31:42	19.0	0.05	307	584535	买盘
13:31:39	18.95	0.01	31	58745	买盘
13:31:30	18.94	-0.01	14	26516	买盘
13:31:27	18.95	0.02	1	1895	买盘
13:31:21	18.93	-0.01	20	37860	卖盘
13:31:15	18.94	-0.01	20	37880	卖盘
13:31:12	18.95	0.01	11	20845	买盘
13:31:09	18.94	-0.01	60	113640	卖盘
13:31:06	18.95	0.01	10	18950	买盘
13:31:00	18.94	-0.01	25	47350	卖盘
13:30:57	18.95	0.01	1	1895	买盘
13:30:51	18.94	--	6	11364	卖盘
13:30:45	18.94	-0.01	3	5682	卖盘
13:30:42	18.95	--	10	18950	买盘
13:30:39	18.95	--	14	26530	买盘
13:30:33	18.95	0.01	10	18950	买盘
13:30:30	18.94	-0.01	9	17046	卖盘
13:30:27	18.95	0.01	10	18950	买盘
13:30:21	18.94	--	10	18940	卖盘
13:30:18	18.94	--	9	17046	买盘
13:30:15	18.94	0.01	10	18940	买盘
13:30:12	18.93	--	2	3786	卖盘
13:30:09	18.93	--	42	79506	卖盘
13:30:00	18.93	-0.01	5	9465	卖盘
13:29:54	18.94	--	4	7576	买盘
13:29:51	18.94	--	24	45456	买盘
13:29:48	18.94	0.01	3	5682	中性盘
13:29:42	18.93	-0.02	83	157119	卖盘
13:29:39	18.95	--	4	7580	买盘
13:29:36	18.95	0.01	11	20845	买盘
13:29:33	18.94	--	6	11364	卖盘
13:29:30	18.94	-0.01	21	39774	卖盘
13:29:27	18.95	0.01	7	13265	买盘
13:29:24	18.94	--	36	68184	卖盘
13:29:21	18.94	-0.01	10	18940	卖盘
13:29:18	18.95	--	2	3790	买盘
13:29:15	18.95	0.01	35	66325	买盘
13:29:12	18.94	-0.01	24	45456	卖盘
13:29:09	18.95	--	15	28425	买盘
13:29:03	18.95	0.01	4	7580	买盘
13:29:00	18.94	--	17	32198	卖盘
13:28:51	18.94	-0.01	22	41668	卖盘
13:28:48	18.95	0.01	11	20845	买盘
13:28:45	18.94	-0.01	1	1894	卖盘
13:28:42	18.95	--	77	145915	买盘
13:28:39	18.95	--	19	36005	买盘
13:28:36	18.95	--	11	20845	买盘
13:28:33	18.95	0.01	5	9475	买盘
13:28:30	18.94	-0.01	32	60608	卖盘
13:28:24	18.95	--	5	9475	买盘
13:28:21	18.95	--	51	96645	买盘
13:28:18	18.95	-0.02	68	128860	卖盘
13:28:12	18.97	--	6	11382	买盘
13:28:09	18.97	0.02	5	9485	买盘
13:28:00	18.95	--	2	3790	卖盘
13:27:54	18.95	--	14	26530	卖盘
13:27:51	18.95	--	2	3790	卖盘
13:27:48	18.95	-0.02	1	1895	卖盘
13:27:45	18.97	0.02	11	20867	中性盘
13:27:42	18.95	--	7	13265	卖盘
13:27:33	18.95	--	3	5685	卖盘
13:27:30	18.95	--	2	3790	卖盘
13:27:21	18.95	-0.05	10	18950	卖盘
13:27:15	19.0	0.06	2	3800	买盘
13:27:12	18.94	0.01	48	90912	中性盘
13:27:00	18.93	-0.02	28	53004	卖盘
13:26:57	18.95	0.01	9	17055	买盘
13:26:54	18.94	--	8	15152	买盘
13:26:51	18.94	-0.06	91	172354	卖盘
13:26:42	19.0	0.05	17	32300	买盘
13:26:39	18.95	0.01	20	37900	中性盘
13:26:33	18.94	--	30	56820	卖盘
13:26:30	18.94	-0.06	21	39774	卖盘
13:26:27	19.0	0.03	4	7600	买盘
13:26:24	18.97	0.02	5	9485	买盘
13:26:21	18.95	-0.02	2	3790	卖盘
13:26:18	18.97	--	50	94850	买盘
13:26:12	18.97	0.01	48	91056	买盘
13:26:09	18.96	--	12	22752	买盘
13:26:03	18.96	--	3	5688	买盘
13:25:54	18.96	0.03	211	400056	买盘
13:25:51	18.93	--	6	11358	卖盘
13:25:42	18.93	--	23	43539	卖盘
13:25:36	18.93	--	4	7572	卖盘
13:25:33	18.93	--	5	9465	卖盘
13:25:30	18.93	-0.02	33	62469	卖盘
13:25:27	18.95	0.02	3	5685	买盘
13:25:24	18.93	0.03	11	20936	买盘
13:25:21	18.9	-0.03	12	22680	卖盘
13:25:18	18.93	--	1	1893	买盘
13:25:12	18.93	--	21	39753	买盘
13:25:09	18.93	0.01	33	62469	买盘
13:25:03	18.92	0.05	10	18920	买盘
13:25:00	18.87	-0.05	15	28305	卖盘
13:24:54	18.92	0.05	37	70004	买盘
13:24:51	18.87	-0.05	41	77367	卖盘
13:24:42	18.92	0.05	54	102168	买盘
13:24:39	18.87	--	83	156621	买盘
13:24:33	18.87	-0.05	66	124542	卖盘
13:24:30	18.92	0.02	79	149468	买盘
13:24:27	18.9	0.03	4	7559	买盘
13:24:24	18.87	-0.01	5	9435	卖盘
13:24:21	18.88	0.01	44	83072	买盘
13:24:18	18.87	--	22	41514	买盘
13:24:15	18.87	--	3	5661	买盘
13:24:12	18.87	--	6	11322	买盘
13:24:09	18.87	-0.04	163	309354	卖盘
13:24:06	18.91	0.01	6	11346	买盘
13:24:00	18.9	-0.01	4	7559	卖盘
13:23:57	18.91	--	10	18910	买盘
13:23:51	18.91	-0.02	15	28365	卖盘
13:23:48	18.93	0.01	15	28395	买盘
13:23:45	18.92	0.01	2	3784	中性盘
13:23:39	18.91	-0.01	19	35929	卖盘
13:23:36	18.92	-0.01	9	17028	卖盘
13:23:33	18.93	0.03	10	18930	买盘
13:23:30	18.9	-0.02	33	62369	卖盘
13:23:27	18.92	--	25	47300	买盘
13:23:24	18.92	-0.01	26	49192	买盘
13:23:21	18.93	0.01	78	147654	买盘
13:23:18	18.92	--	24	45899	卖盘
13:23:15	18.92	-0.01	32	60544	卖盘
13:23:12	18.93	0.01	28	53004	买盘
13:23:09	18.92	-0.01	18	34056	卖盘
13:23:06	18.93	--	6	11358	买盘
13:23:00	18.93	-0.02	85	160905	卖盘
13:22:57	18.95	--	21	39795	卖盘
13:22:51	18.95	-0.01	59	111805	卖盘
13:22:45	18.96	-0.02	127	240792	卖盘
13:22:42	18.98	0.01	24	45552	买盘
13:22:39	18.97	-0.03	32	62107	卖盘
13:22:36	19.0	0.02	4	7600	买盘
13:22:33	18.98	--	3	5694	卖盘
13:22:24	18.98	-0.03	103	195854	卖盘
13:22:21	19.01	-0.01	12	22812	卖盘
13:22:12	19.02	--	3	5706	买盘
13:22:09	19.02	--	55	104610	卖盘
13:22:00	19.02	-0.01	8	15216	卖盘
13:21:57	19.03	-0.01	10	19030	卖盘
13:21:54	19.04	--	5	9520	买盘
13:21:51	19.04	0.01	23	43792	买盘
13:21:45	19.03	-0.02	2	3806	卖盘
13:21:42	19.05	0.05	12	22860	买盘
13:21:39	19.0	--	107	203300	卖盘
13:21:30	19.0	-0.03	26	49400	卖盘
13:21:27	19.03	0.03	10	19030	买盘
13:21:24	19.0	--	56	106400	卖盘
13:21:18	19.0	--	2	3800	卖盘
13:21:12	19.0	-0.01	12	22800	卖盘
13:21:09	19.01	0.01	11	20911	买盘
13:21:06	19.0	--	71	134900	卖盘
13:21:03	19.0	0.02	85	161633	买盘
13:20:57	18.98	--	1	1898	买盘
13:20:54	18.98	--	3	5694	买盘
13:20:51	18.98	--	60	113880	卖盘
13:20:48	18.98	-0.01	4	7592	卖盘
13:20:45	18.99	-0.01	84	159516	卖盘
13:20:42	19.0	0.01	10	19000	买盘
13:20:39	18.99	--	23	43677	买盘
13:20:36	18.99	--	5	9495	买盘
13:20:30	18.99	-0.01	6	11393	卖盘
13:20:27	19.0	0.01	169	321100	买盘
13:20:24	18.99	-0.01	7	13292	中性盘
13:20:21	19.0	--	311	590900	买盘
13:20:18	19.0	--	39	74100	买盘
13:20:15	19.0	--	21	39900	买盘
13:20:12	19.0	--	22	41800	买盘
13:20:06	19.0	--	65	123500	卖盘
13:20:03	19.0	-0.01	8	15200	卖盘
13:19:57	19.01	0.03	8	15208	买盘
13:19:48	18.98	-0.02	32	60736	卖盘
13:19:42	19.0	-0.02	394	748600	卖盘
13:19:39	19.02	-0.01	22	41844	卖盘
13:19:36	19.03	--	5	9515	卖盘
13:19:33	19.03	--	24	45672	卖盘
13:19:30	19.03	-0.01	11	20933	卖盘
13:19:27	19.04	--	10	19040	买盘
13:19:21	19.04	0.01	25	47600	买盘
13:19:18	19.03	-0.02	20	38060	卖盘
13:19:12	19.05	--	7	13335	买盘
13:19:03	19.05	--	15	28575	卖盘
13:19:00	19.05	-0.02	6	11430	卖盘
13:18:57	19.07	0.01	8	15256	买盘
13:18:54	19.06	-0.02	15	28589	中性盘
13:18:33	19.08	-0.01	26	49607	卖盘
13:18:21	19.09	--	11	20999	卖盘
13:18:09	19.09	-0.01	7	13363	卖盘
13:17:57	19.1	--	2	3820	卖盘
13:17:54	19.1	-0.01	52	99320	卖盘
13:17:45	19.11	0.01	23	43953	买盘
13:17:42	19.1	-0.01	5	9550	卖盘
13:17:39	19.11	-0.01	12	22932	中性盘
13:17:36	19.12	0.02	21	40152	买盘
13:17:33	19.1	-0.02	400	764000	卖盘
13:17:30	19.12	0.01	40	76480	买盘
13:17:27	19.11	0.01	51	97461	买盘
13:17:24	19.1	--	12	22920	卖盘
13:17:21	19.1	--	22	42020	卖盘
13:17:18	19.1	--	9	17190	卖盘
13:17:15	19.1	-0.01	39	74490	卖盘
13:17:12	19.11	0.01	6	11466	买盘
13:17:09	19.1	-0.01	19	36290	卖盘
13:17:06	19.11	0.01	14	26754	买盘
13:17:03	19.1	-0.01	3	5730	卖盘
13:16:57	19.11	--	19	36309	买盘
13:16:51	19.11	--	2	3822	买盘
13:16:45	19.11	-0.01	47	89817	卖盘
13:16:30	19.12	--	130	248560	卖盘
13:16:27	19.12	--	8	15296	卖盘
13:16:18	19.12	-0.01	7	13384	卖盘
13:16:15	19.13	0.01	2	3826	买盘
13:16:12	19.12	-0.01	10	19120	卖盘
13:16:09	19.13	0.01	3	5739	买盘
13:16:06	19.12	--	3	5736	卖盘
13:15:51	19.12	-0.02	2	3824	卖盘
13:15:42	19.14	0.02	27	51678	买盘
13:15:39	19.12	--	2	3824	卖盘
13:15:36	19.12	--	5	9560	卖盘
13:15:30	19.12	--	10	19120	卖盘
13:15:27	19.12	--	38	72656	卖盘
13:15:18	19.12	--	5	9560	卖盘
13:15:12	19.12	--	6	11472	卖盘
13:15:06	19.12	--	8	15296	卖盘
13:15:00	19.12	--	5	9560	卖盘
13:14:48	19.12	--	3	5736	卖盘
13:14:45	19.12	-0.02	26	49712	卖盘
13:14:42	19.14	0.02	3	5742	买盘
13:14:39	19.12	--	10	19120	卖盘
13:14:18	19.12	-0.02	50	95600	卖盘
13:14:09	19.14	--	30	57420	买盘
13:14:00	19.14	--	4	7656	买盘
13:13:57	19.14	--	1	1914	买盘
13:13:48	19.14	--	15	28710	买盘
13:13:42	19.14	--	8	15312	买盘
13:13:39	19.14	--	30	57420	买盘
13:13:36	19.14	0.02	10	19140	买盘
13:13:33	19.12	--	14	26768	卖盘
13:13:30	19.12	--	3	5736	卖盘
13:13:27	19.12	-0.02	10	19120	卖盘
13:13:24	19.14	0.02	8	15312	买盘
13:13:21	19.12	--	3	5736	卖盘
13:13:03	19.12	--	20	38240	卖盘
13:13:00	19.12	--	12	22944	卖盘
13:12:57	19.12	0.01	12	22944	中性盘
13:12:51	19.11	--	7	13377	卖盘
13:12:48	19.11	0.01	2	3822	中性盘
13:12:45	19.1	--	515	983650	卖盘
13:12:42	19.1	--	9	17190	卖盘
13:12:39	19.1	-0.01	4	7640	卖盘
13:12:36	19.11	0.01	90	171990	买盘
13:12:33	19.1	--	9	17190	卖盘
13:12:30	19.1	--	10	19100	卖盘
13:12:27	19.1	-0.01	10	19100	卖盘
13:12:24	19.11	0.01	25	47775	买盘
13:12:21	19.1	--	50	95500	卖盘
13:12:18	19.1	--	13	24830	卖盘
13:12:12	19.1	-0.01	104	198640	卖盘
13:12:09	19.11	0.01	2	3822	买盘
13:12:06	19.1	-0.01	15	28650	卖盘
13:12:03	19.11	--	20	38220	买盘
13:12:00	19.11	--	24	45864	买盘
13:11:54	19.11	--	8	15288	买盘
13:11:48	19.11	--	13	24843	买盘
13:11:42	19.11	-0.01	12	22932	卖盘
13:11:39	19.12	0.01	5	9560	买盘
13:11:36	19.11	-0.01	5	9555	中性盘
13:11:30	19.12	0.01	20	38240	买盘
13:11:27	19.11	-0.01	33	63063	中性盘
13:11:21	19.12	0.02	19	36328	买盘
13:11:18	19.1	-0.02	80	152800	卖盘
13:11:09	19.12	--	28	53536	买盘
13:11:06	19.12	--	16	30592	买盘
13:11:03	19.12	0.01	3	5736	买盘
13:11:00	19.11	0.01	6	11466	中性盘
13:10:51	19.1	--	41	78310	卖盘
13:10:48	19.1	-0.01	5	9550	卖盘
13:10:45	19.11	--	10	19110	买盘
13:10:42	19.11	--	27	51597	买盘
13:10:33	19.11	-0.01	51	97461	卖盘
13:10:24	19.12	0.01	5	9560	买盘
13:10:21	19.11	--	1	1911	卖盘
13:10:12	19.11	--	20	38220	卖盘
13:10:09	19.11	-0.01	8	15288	卖盘
13:10:06	19.12	--	5	9560	买盘
13:10:03	19.12	0.01	1	1912	买盘
13:09:57	19.11	--	8	15288	卖盘
13:09:54	19.11	--	100	191100	卖盘
13:09:51	19.11	--	10	19110	卖盘
13:09:48	19.11	--	6	11466	卖盘
13:09:42	19.11	--	10	19110	卖盘
13:09:30	19.11	-0.01	21	40131	卖盘
13:09:21	19.12	-0.02	137	261944	卖盘
13:09:18	19.14	--	3	5742	买盘
13:09:12	19.14	--	7	13398	买盘
13:09:09	19.14	--	4	7656	买盘
13:09:06	19.14	-0.01	5	9570	卖盘
13:08:57	19.15	--	18	34470	买盘
13:08:54	19.15	--	2	3829	买盘
13:08:45	19.15	0.01	8	15319	买盘
13:08:33	19.14	0.02	1	1914	买盘
13:08:21	19.12	--	8	15296	卖盘
13:08:18	19.12	--	4	7648	卖盘
13:08:12	19.12	0.01	36	68832	买盘
13:08:09	19.11	--	10	19110	卖盘
13:08:03	19.11	--	3	5733	卖盘
13:07:39	19.11	-0.01	25	47775	卖盘
13:07:36	19.12	--	1	1912	卖盘
13:07:33	19.12	0.01	1	1912	中性盘
13:07:27	19.11	-0.01	4	7644	卖盘
13:07:24	19.12	0.01	2	3824	中性盘
13:07:15	19.11	-0.01	3	5733	卖盘
13:07:12	19.12	-0.03	5	9560	卖盘
13:07:09	19.15	0.03	14	26809	买盘
13:07:06	19.12	--	4	7648	买盘
13:07:00	19.12	--	14	26768	买盘
13:06:57	19.12	--	3	5736	买盘
13:06:45	19.12	-0.01	29	55448	卖盘
13:06:42	19.13	--	1	1913	买盘
13:06:36	19.13	0.01	66	126258	买盘
13:06:33	19.12	-0.03	10	19120	卖盘
13:06:27	19.15	0.02	54	103409	买盘
13:06:24	19.13	0.01	9	17217	买盘
13:06:21	19.12	-0.01	10	19120	卖盘
13:06:12	19.13	--	10	19130	买盘
13:06:09	19.13	--	1	1913	卖盘
13:06:06	19.13	--	8	15304	卖盘
13:05:54	19.13	0.01	12	22956	买盘
13:05:51	19.12	--	1	1912	卖盘
13:05:48	19.12	--	20	38240	卖盘
13:05:42	19.12	--	5	9560	卖盘
13:05:36	19.12	-0.01	45	86040	卖盘
13:05:33	19.13	0.01	3	5739	买盘
13:05:30	19.12	-0.01	2	3824	卖盘
13:05:24	19.13	0.01	3	5739	买盘
13:05:21	19.12	--	1	1912	卖盘
13:05:12	19.12	-0.01	7	13384	卖盘
13:05:09	19.13	-0.02	13	24869	买盘
13:04:57	19.15	0.02	15	28724	买盘
13:04:54	19.13	0.01	46	87998	买盘
13:04:51	19.12	--	21	40152	买盘
13:04:42	19.12	--	2	3824	卖盘
13:04:39	19.12	--	10	19120	卖盘
13:04:30	19.12	-0.01	121	231352	卖盘
13:04:24	19.13	--	31	59303	卖盘
13:04:18	19.13	-0.02	23	43999	卖盘
13:04:15	19.15	--	16	30639	买盘
13:04:12	19.15	--	38	72770	买盘
13:03:57	19.15	--	17	32554	卖盘
13:03:54	19.15	--	7	13404	卖盘
13:03:51	19.15	-0.03	33	63194	卖盘
13:03:48	19.18	0.03	3	5754	中性盘
13:03:45	19.15	-0.05	20	38300	卖盘
13:03:33	19.2	--	2	3840	买盘
13:03:30	19.2	--	6	11520	卖盘
13:03:24	19.2	-0.02	1	1920	卖盘
13:03:21	19.22	0.02	50	96100	买盘
13:03:12	19.2	-0.02	10	19200	卖盘
13:03:00	19.22	--	17	32673	买盘
13:02:57	19.22	-0.02	6	11532	中性盘
13:02:48	19.24	--	3	5771	买盘
13:02:42	19.24	0.04	24	46175	买盘
13:02:39	19.2	0.09	1	1920	卖盘
13:02:21	19.11	-0.13	121	231231	卖盘
13:02:12	19.24	0.02	45	86580	买盘
13:02:06	19.22	-0.01	10	19220	卖盘
13:01:57	19.23	--	3	5769	买盘
13:01:54	19.23	--	12	23076	买盘
13:01:51	19.23	0.01	5	9615	买盘
13:01:33	19.22	-0.01	1	1922	卖盘
13:01:21	19.23	--	28	53844	买盘
13:01:18	19.23	--	2	3846	买盘
13:01:15	19.23	--	3	5769	买盘
13:01:06	19.23	--	14	26922	买盘
13:01:03	19.23	--	3	5769	买盘
13:00:36	19.23	0.01	14	26922	买盘
13:00:33	19.22	--	9	17298	买盘
13:00:18	19.22	0.02	47	90334	买盘
13:00:15	19.2	--	3	5760	中性盘
13:00:09	19.2	--	20	38400	买盘
13:00:06	19.2	--	23	44160	卖盘
13:00:03	19.2	--	240	460800	买盘
13:00:00	19.2	--	0	0	买盘
11:30:00	19.2	--	0	0	买盘
11:29:48	19.2	--	1	1920	买盘
11:29:42	19.2	-0.02	8	15360	买盘
11:29:27	19.22	0.02	108	207633	买盘
11:29:24	19.2	-0.02	7	13440	卖盘
11:29:21	19.22	0.02	41	78802	买盘
11:29:18	19.2	--	5	9600	卖盘
11:29:15	19.2	--	63	120960	卖盘
11:29:09	19.2	--	5	9600	卖盘
11:29:03	19.2	--	2	3840	卖盘
11:28:57	19.2	-0.02	70	134400	卖盘
11:28:51	19.22	0.01	5	9610	买盘
11:28:48	19.21	0.01	1	1921	买盘
11:28:45	19.2	--	24	46080	卖盘
11:28:42	19.2	--	50	97862	卖盘
11:28:36	19.2	--	3	5760	卖盘
11:28:33	19.2	-0.02	15	28800	卖盘
11:28:30	19.22	--	4	7688	买盘
11:28:27	19.22	0.02	14	26908	买盘
11:28:24	19.2	--	20	38400	卖盘
11:28:18	19.2	--	1	1920	卖盘
11:28:09	19.2	--	4	7680	卖盘
11:27:57	19.2	--	1	1920	卖盘
11:27:54	19.2	--	10	19200	卖盘
11:27:45	19.2	--	15	28800	卖盘
11:27:36	19.2	-0.02	120	230400	卖盘
11:27:30	19.22	--	1	1922	买盘
11:27:27	19.22	--	2	3844	买盘
11:27:24	19.22	-0.01	74	142247	卖盘
11:27:21	19.23	--	1	1923	卖盘
11:27:18	19.23	0.01	54	105745	买盘
11:27:15	19.22	-0.01	1	1922	卖盘
11:27:09	19.23	0.01	19	36537	买盘
11:27:06	19.22	--	12	23064	卖盘
11:27:00	19.22	-0.01	2	3844	卖盘
11:26:54	19.23	--	3	5769	买盘
11:26:51	19.23	0.02	34	65382	买盘
11:26:48	19.21	-0.01	45	86445	卖盘
11:26:45	19.22	--	50	96100	买盘
11:26:42	19.22	--	38	73036	买盘
11:26:39	19.22	--	126	242191	卖盘
11:26:30	19.22	-0.01	10	19220	卖盘
11:26:24	19.23	0.01	5	9615	买盘
11:26:21	19.22	0.01	64	124910	买盘
11:26:18	19.21	0.01	10	19210	买盘
11:26:15	19.2	--	5	9619	卖盘
11:26:09	19.2	-0.01	6	11520	卖盘
11:26:06	19.21	0.01	12	23052	买盘
11:26:00	19.2	--	183	351360	卖盘
11:25:57	19.2	--	18	36460	卖盘
11:25:54	19.2	-0.01	5	9600	卖盘
11:25:51	19.21	0.01	7	13447	买盘
11:25:48	19.2	--	70	134400	卖盘
11:25:45	19.2	--	1	1920	卖盘
11:25:42	19.2	--	1	1920	卖盘
11:25:39	19.2	--	24	46080	卖盘
11:25:33	19.2	--	1	1920	卖盘
11:25:30	19.2	--	6	11520	卖盘
11:25:27	19.2	--	12	23040	买盘
11:25:21	19.2	--	18	34560	卖盘
11:25:15	19.2	--	7	13440	卖盘
11:25:12	19.2	--	15	28800	卖盘
11:25:09	19.2	0.01	76	145920	买盘
11:25:06	19.19	--	3	5757	卖盘
11:25:03	19.19	-0.01	1	1919	中性盘
11:24:54	19.2	--	3	5760	买盘
11:24:51	19.2	0.01	230	441600	买盘
11:24:45	19.19	--	2	3838	买盘
11:24:42	19.19	0.01	11	21109	买盘
11:24:39	19.18	--	2	3836	卖盘
11:24:36	19.18	0.01	183	350994	买盘
11:24:33	19.17	0.01	2	3834	买盘
11:24:27	19.16	-0.01	1	1916	卖盘
11:24:21	19.17	0.01	11	21087	买盘
11:24:18	19.16	--	3	5748	卖盘
11:24:06	19.16	--	5	9580	卖盘
11:24:03	19.16	--	58	111128	卖盘
11:24:00	19.16	--	94	180104	买盘
11:23:57	19.16	0.01	10	19160	买盘
11:23:54	19.15	--	6	11490	卖盘
11:23:45	19.15	--	10	19150	卖盘
11:23:42	19.15	--	8	15319	卖盘
11:23:39	19.15	--	110	210649	买盘
11:23:33	19.15	--	13	24894	买盘
11:23:24	19.15	--	2	3829	卖盘
11:23:21	19.15	--	9	17235	卖盘
11:23:12	19.15	--	1	1914	卖盘
11:23:09	19.15	--	55	105324	卖盘
11:23:00	19.15	--	3	5745	卖盘
11:22:57	19.15	-0.01	38	72770	卖盘
11:22:54	19.16	0.01	8	15328	买盘
11:22:45	19.15	--	1	1914	卖盘
11:22:42	19.15	-0.01	1	1914	卖盘
11:22:39	19.16	0.01	3	5748	买盘
11:22:36	19.15	--	3	5745	卖盘
11:22:33	19.15	--	20	38300	卖盘
11:22:30	19.15	0.01	94	180010	买盘
11:22:27	19.14	-0.01	12	22968	卖盘
11:22:15	19.15	--	2	3829	买盘
11:22:12	19.15	0.01	3	5745	买盘
11:22:09	19.14	--	10	19140	卖盘
11:22:00	19.14	-0.01	4	7656	卖盘
11:21:54	19.15	0.01	9	17235	买盘
11:21:51	19.14	--	28	53592	买盘
11:21:48	19.14	--	5	9570	买盘
11:21:42	19.14	--	19	36366	买盘
11:21:30	19.14	0.01	4	7656	买盘
11:21:27	19.13	-0.01	15	28695	卖盘
11:21:15	19.14	--	6	11484	买盘
11:21:12	19.14	--	13	24882	买盘
11:21:09	19.14	--	10	19140	买盘
11:21:06	19.14	0.01	10	19140	买盘
11:20:57	19.13	--	3	5739	卖盘
11:20:54	19.13	--	159	304167	买盘
11:20:51	19.13	0.01	3	5739	买盘
11:20:48	19.12	--	3	5736	卖盘
11:20:45	19.12	--	2	3824	买盘
11:20:42	19.12	--	7	13384	卖盘
11:20:36	19.12	--	2	3824	买盘
11:20:30	19.12	--	1	1912	买盘
11:20:27	19.12	--	3	5736	买盘
11:20:24	19.12	--	4	7648	卖盘
11:20:18	19.12	--	7	13384	卖盘
11:20:15	19.12	--	68	130016	卖盘
11:20:09	19.12	-0.01	2	3824	卖盘
11:20:03	19.13	0.01	14	26782	买盘
11:19:54	19.12	--	1	1912	卖盘
11:19:42	19.12	-0.02	9	17208	卖盘
11:19:33	19.14	--	3	5742	买盘
11:19:30	19.14	0.01	24	45936	买盘
11:19:27	19.13	-0.02	6	11478	卖盘
11:19:15	19.15	-0.01	5	9575	中性盘
11:19:06	19.16	--	11	21076	买盘
11:19:03	19.16	0.03	4	7664	买盘
11:19:00	19.13	-0.04	4	7652	卖盘
11:18:51	19.17	--	13	24921	买盘
11:18:48	19.17	0.01	90	172530	买盘
11:18:18	19.16	-0.01	12	22992	卖盘
11:18:15	19.17	--	10	19170	买盘
11:18:12	19.17	--	30	57510	买盘
11:18:09	19.17	--	2	3834	买盘
11:17:51	19.17	--	5	9585	买盘
11:17:48	19.17	-0.01	523	1002591	卖盘
11:17:45	19.18	--	1	1918	买盘
11:17:39	19.18	0.01	30	57540	买盘
11:17:36	19.17	--	54	103518	卖盘
11:17:33	19.17	0.01	185	354645	买盘
11:17:30	19.16	--	3	5748	卖盘
11:17:27	19.16	--	43	82388	卖盘
11:17:21	19.16	--	10	19160	卖盘
11:17:18	19.16	-0.01	1	1916	卖盘
11:17:15	19.17	0.02	4	7668	买盘
11:17:12	19.15	0.03	10	19150	买盘
11:17:09	19.12	-0.06	47	89864	卖盘
11:17:06	19.18	0.02	10	19180	买盘
11:17:00	19.16	--	10	19160	卖盘
11:16:57	19.16	-0.02	10	19160	卖盘
11:16:54	19.18	0.02	132	253176	买盘
11:16:48	19.16	0.01	24	45984	买盘
11:16:45	19.15	-0.02	5	9575	卖盘
11:16:39	19.17	0.02	11	21087	买盘
11:16:36	19.15	--	14	26809	卖盘
11:16:33	19.15	--	2	3829	卖盘
11:16:30	19.15	-0.01	12	22980	中性盘
11:16:24	19.16	0.01	10	19160	买盘
11:16:21	19.15	--	4	7659	买盘
11:16:18	19.15	--	12	22980	买盘
11:16:15	19.15	--	10	19150	买盘
11:16:12	19.15	-0.01	8	15817	卖盘
11:16:09	19.16	0.01	12	22992	买盘
11:16:03	19.15	0.04	13	26312	买盘
11:16:00	19.11	--	1	1911	卖盘
11:15:57	19.11	-0.04	10	19110	卖盘
11:15:54	19.15	--	25	47875	买盘
11:15:51	19.15	0.06	7	13404	买盘
11:15:42	19.09	--	59	112631	买盘
11:15:39	19.09	-0.01	2	3818	买盘
11:15:36	19.1	--	20	38200	卖盘
11:15:33	19.1	--	796	1520360	买盘
11:15:30	19.1	0.02	680	1298800	买盘
11:15:27	19.08	--	18	34344	卖盘
11:15:24	19.08	--	10	19080	卖盘
11:15:12	19.08	-0.01	13	24803	中性盘
11:15:09	19.09	0.01	441	841869	买盘
11:14:57	19.08	--	10	19080	买盘
11:14:51	19.08	--	18	34344	买盘
11:14:48	19.08	0.02	3	5723	买盘
11:14:45	19.06	-0.01	229	436473	卖盘
11:14:42	19.07	--	5	9535	卖盘
11:14:39	19.07	--	5	9535	买盘
11:14:36	19.07	0.01	4	7628	买盘
11:14:33	19.06	--	3	5718	卖盘
11:14:27	19.06	--	252	480311	卖盘
11:14:24	19.06	--	16	30495	卖盘
11:14:21	19.06	-0.01	3	5718	卖盘
11:14:18	19.07	0.01	17	33677	买盘
11:14:15	19.06	0.03	265	505089	买盘
11:14:03	19.03	--	40	76120	买盘
11:13:57	19.03	-0.03	6	11418	卖盘
11:13:54	19.06	--	2	3811	买盘
11:13:48	19.06	--	2	3811	买盘
11:13:42	19.06	--	6	11436	买盘
11:13:30	19.06	--	9	17802	卖盘
11:13:27	19.06	--	15	28589	卖盘
11:13:24	19.06	--	4	7623	卖盘
11:13:21	19.06	--	16	30495	卖盘
11:13:18	19.06	--	1	1905	卖盘
11:13:09	19.06	--	10	19060	卖盘
11:13:06	19.06	--	92	176609	买盘
11:13:03	19.06	0.03	265	505089	买盘
11:12:54	19.03	-0.02	3	5709	卖盘
11:12:51	19.05	--	5	9525	买盘
11:12:48	19.05	--	37	71132	卖盘
11:12:42	19.05	--	47	89535	卖盘
11:12:39	19.05	--	1	1905	卖盘
11:12:36	19.05	--	46	88887	买盘
11:12:30	19.05	--	11	20955	买盘
11:12:27	19.05	0.01	50	95250	买盘
11:12:18	19.04	-0.01	12	22848	卖盘
11:12:15	19.05	--	10	19050	买盘
11:12:12	19.05	--	72	137807	卖盘
11:12:09	19.05	--	9	17145	卖盘
11:12:06	19.05	-0.01	7	13335	卖盘
11:12:03	19.06	0.01	4	7623	买盘
11:11:54	19.05	--	5	9525	卖盘
11:11:51	19.05	-0.01	34	64770	卖盘
11:11:48	19.06	0.01	11	20966	买盘
11:11:45	19.05	--	17	32385	卖盘
11:11:39	19.05	--	16	30480	卖盘
11:11:36	19.05	--	35	66675	卖盘
11:11:33	19.05	--	30	57150	卖盘
11:11:30	19.05	--	17	32385	卖盘
11:11:27	19.05	-0.01	2	3810	卖盘
11:11:18	19.06	0.01	8	15247	买盘
11:11:15	19.05	-0.01	10	19050	卖盘
11:11:06	19.06	0.01	6	11436	买盘
11:11:03	19.05	-0.02	40	76200	卖盘
11:10:51	19.07	0.02	132	251724	买盘
11:10:48	19.05	--	11	20955	卖盘
11:10:45	19.05	--	3	5715	卖盘
11:10:42	19.05	0.01	31	60312	买盘
11:10:36	19.04	--	5	9520	卖盘
11:10:33	19.04	--	5	9520	卖盘
11:10:30	19.04	-0.01	27	51408	卖盘
11:10:27	19.05	--	12	22860	买盘
11:10:15	19.05	--	99	189242	卖盘
11:10:12	19.05	--	2	3810	卖盘
11:10:06	19.05	--	13	24765	卖盘
11:10:03	19.05	--	7	13335	卖盘
11:10:00	19.05	-0.01	1	1905	卖盘
11:09:57	19.06	0.01	4	7623	买盘
11:09:54	19.05	0.02	72	138417	买盘
11:09:30	19.03	-0.02	1	1903	中性盘
11:09:24	19.05	0.04	20	38100	买盘
11:09:18	19.01	-0.05	6	11406	卖盘
11:09:15	19.06	--	81	155987	卖盘
11:09:09	19.06	-0.01	7	13342	卖盘
11:09:03	19.07	0.01	25	47980	买盘
11:09:00	19.06	0.05	265	505089	买盘
11:08:51	19.01	-0.04	12	22812	卖盘
11:08:45	19.05	--	7	13335	买盘
11:08:39	19.05	--	0	1600	卖盘
11:08:36	19.05	--	3	5715	卖盘
11:08:27	19.05	--	57	108889	卖盘
11:08:24	19.05	-0.01	10	19050	卖盘
11:08:21	19.06	--	4	7623	买盘
11:08:18	19.06	--	1	1905	买盘
11:08:12	19.06	0.01	14	26684	买盘
11:08:09	19.05	-0.01	16	30480	卖盘
11:08:06	19.06	0.01	45	85770	买盘
11:07:51	19.05	--	14	26670	卖盘
11:07:48	19.05	--	56	106680	买盘
11:07:45	19.05	0.01	135	257175	买盘
11:07:42	19.04	--	30	57120	卖盘
11:07:33	19.04	0.01	33	62832	买盘
11:07:30	19.03	--	19	36157	卖盘
11:07:27	19.03	-0.01	22	41866	卖盘
11:07:24	19.04	0.01	4	7616	买盘
11:07:21	19.03	--	3	5709	卖盘
11:07:18	19.03	-0.01	12	22836	卖盘
11:07:15	19.04	0.01	75	142800	买盘
11:07:09	19.03	-0.01	3	5709	卖盘
11:07:00	19.04	--	8	15232	买盘
11:06:54	19.04	0.04	74	140896	买盘
11:06:51	19.0	--	16	30400	卖盘
11:06:36	19.0	--	0	741	卖盘
11:06:33	19.0	-0.03	5	9500	卖盘
11:06:27	19.03	0.03	3	5709	买盘
11:06:24	19.0	--	98	186200	买盘
11:06:15	19.0	--	12	22800	买盘
11:06:12	19.0	-0.01	50	96159	卖盘
11:05:57	19.01	-0.03	8	15208	中性盘
11:05:51	19.04	--	10	19040	买盘
11:05:48	19.04	0.04	12	22848	买盘
11:05:45	19.0	-0.01	235	447241	卖盘
11:05:42	19.01	--	6	11406	卖盘
11:05:27	19.01	-0.03	40	76040	卖盘
11:05:24	19.04	--	114	217056	买盘
11:05:21	19.04	0.03	265	504560	买盘
11:05:18	19.01	--	29	55129	卖盘
11:05:15	19.01	-0.02	10	19010	卖盘
11:05:09	19.03	--	4	7612	买盘
11:05:06	19.03	--	2	3806	买盘
11:05:00	19.03	--	10	19030	卖盘
11:04:57	19.03	-0.01	114	216942	卖盘
11:04:54	19.04	0.01	12	22848	买盘
11:04:51	19.03	-0.01	20	38060	卖盘
11:04:48	19.04	--	16	30464	买盘
11:04:42	19.04	--	16	30464	买盘
11:04:33	19.04	--	38	72352	卖盘
11:04:30	19.04	--	4	7616	卖盘
11:04:24	19.04	--	11	20944	买盘
11:04:15	19.04	-0.01	9	17136	卖盘
11:04:12	19.05	--	4	7620	买盘
11:04:09	19.05	--	3	5715	买盘
11:04:03	19.05	0.01	14	26670	买盘
11:03:57	19.04	-0.01	33	62832	卖盘
11:03:54	19.05	--	5	9525	卖盘
11:03:51	19.05	0.01	69	131445	买盘
11:03:48	19.04	--	2	3808	买盘
11:03:45	19.04	--	4	7616	买盘
11:03:39	19.04	--	30	57120	卖盘
11:03:36	19.04	--	3	5712	卖盘
11:03:30	19.04	0.01	28	53312	买盘
11:03:27	19.03	--	60	114180	买盘
11:03:15	19.03	0.01	11	20933	买盘
11:03:12	19.02	0.01	7	13314	买盘
11:03:09	19.01	--	24	45624	卖盘
11:03:00	19.01	--	33	62733	卖盘
11:02:57	19.01	--	1	1901	中性盘
11:02:54	19.01	--	2	3802	卖盘
11:02:51	19.01	0.01	11	20911	买盘
11:02:48	19.0	--	1	1900	卖盘
11:02:45	19.0	--	6	11400	卖盘
11:02:42	19.0	-0.01	50	95000	卖盘
11:02:39	19.01	--	9	17109	买盘
11:02:36	19.01	--	255	484755	买盘
11:02:33	19.01	0.01	17	32317	买盘
11:02:30	19.0	-0.01	140	266000	卖盘
11:02:27	19.01	0.01	14	26614	买盘
11:02:24	19.0	--	2	3800	卖盘
11:02:21	19.0	--	13	24700	卖盘
11:02:18	19.0	-0.01	15	28500	卖盘
11:02:15	19.01	0.01	10	19010	买盘
11:02:06	19.0	--	5	9500	卖盘
11:01:57	19.0	-0.01	10	19000	卖盘
11:01:54	19.01	0.01	30	57030	买盘
11:01:51	19.0	-0.01	22	41800	卖盘
11:01:42	19.01	--	10	19010	买盘
11:01:36	19.01	--	17	32317	卖盘
11:01:33	19.01	--	2	3802	卖盘
11:01:24	19.01	--	13	24713	卖盘
11:01:21	19.01	0.01	2	3802	买盘
11:01:15	19.0	-0.01	3	5700	卖盘
11:01:12	19.01	--	3	5703	买盘
11:01:09	19.01	0.01	20	38020	中性盘
11:01:06	19.0	-0.02	22	41800	卖盘
11:01:03	19.02	0.01	11	20922	买盘
11:01:00	19.01	--	1	1901	卖盘
11:00:54	19.01	--	5	9505	卖盘
11:00:51	19.01	--	4	7604	卖盘
11:00:48	19.01	0.01	10	19010	买盘
11:00:42	19.0	--	5	9500	卖盘
11:00:33	19.0	--	206	391400	买盘
11:00:24	19.0	--	26	49400	买盘
11:00:21	19.0	--	4	7600	买盘
11:00:18	19.0	--	9	17100	买盘
11:00:15	19.0	0.01	2	3800	买盘
11:00:09	18.99	-0.01	1	1898	卖盘
10:59:57	19.0	--	10	19000	买盘
10:59:48	19.0	--	22	41800	买盘
10:59:45	19.0	--	8	15200	卖盘
10:59:36	19.0	--	23	43700	买盘
10:59:33	19.0	-0.01	8	15200	卖盘
10:59:09	19.01	--	23	44673	卖盘
10:59:03	19.01	-0.02	5	9505	买盘
10:59:00	19.03	0.04	12	22836	买盘
10:58:57	18.99	-0.02	5	9495	卖盘
10:58:42	19.01	0.01	10	19010	买盘
10:58:39	19.0	-0.01	4	7600	中性盘
10:58:36	19.01	--	3	5703	买盘
10:58:30	19.01	--	43	82693	卖盘
10:58:27	19.01	--	3	5703	卖盘
10:58:24	19.01	0.01	2	3802	卖盘
10:58:21	19.0	0.04	256	487350	买盘
10:58:18	18.96	-0.02	8	15168	卖盘
10:58:15	18.98	--	100	189800	买盘
10:58:09	18.98	--	3	5694	买盘
10:58:06	18.98	-0.02	50	94900	中性盘
10:57:54	19.0	0.04	316	600400	买盘
10:57:45	18.96	--	12	22752	买盘
10:57:42	18.96	--	1	1896	买盘
10:57:39	18.96	--	2	3792	买盘
10:57:36	18.96	-0.03	44	83424	卖盘
10:57:33	18.99	-0.01	7	13292	买盘
10:57:30	19.0	0.04	2	3800	买盘
10:57:27	18.96	-0.04	4	7584	卖盘
10:57:18	19.0	--	10	19000	买盘
10:57:15	19.0	--	10	19000	买盘
10:57:09	19.0	0.04	300	570000	买盘
10:56:57	18.96	-0.04	33	62568	卖盘
10:56:54	19.0	0.02	16	30400	买盘
10:56:51	18.98	0.02	5	9490	中性盘
10:56:39	18.96	-0.04	8	15168	卖盘
10:56:36	19.0	--	4	7600	买盘
10:56:33	19.0	--	3	5700	买盘
10:56:30	19.0	-0.05	401	761900	卖盘
10:56:27	19.05	--	2	3810	卖盘
10:56:24	19.05	--	4	7620	卖盘
10:56:18	19.05	--	86	163830	买盘
10:56:12	19.05	--	53	100965	买盘
10:56:00	19.05	-0.01	73	139065	卖盘
10:55:54	19.06	0.01	8	15247	中性盘
10:55:51	19.05	--	20	38100	卖盘
10:55:48	19.05	--	36	68580	卖盘
10:55:45	19.05	--	32	60960	卖盘
10:55:42	19.05	--	4	7620	卖盘
10:55:33	19.05	0.02	3	5715	中性盘
10:55:21	19.03	-0.04	11	20933	卖盘
10:55:18	19.07	0.02	7	13349	买盘
10:55:15	19.05	-0.02	2	3810	卖盘
10:55:09	19.07	--	7	13349	买盘
10:55:06	19.07	0.01	5	9535	买盘
10:55:03	19.06	0.03	12	22872	中性盘
10:55:00	19.03	-0.04	5	9515	卖盘
10:54:57	19.07	0.01	11	20977	买盘
10:54:54	19.06	0.04	1	1905	中性盘
10:54:45	19.02	-0.06	3	5706	卖盘
10:54:42	19.08	--	7	13355	买盘
10:54:36	19.08	--	5	9540	买盘
10:54:30	19.08	-0.01	2	3815	买盘
10:54:27	19.09	--	20	38180	买盘
10:54:24	19.09	--	34	64906	买盘
10:54:21	19.09	0.01	17	32453	买盘
10:54:18	19.08	-0.01	3	5723	卖盘
10:54:15	19.09	0.01	1	1909	买盘
10:54:12	19.08	0.04	13	24803	买盘
10:54:09	19.04	-0.04	4	7616	卖盘
10:54:06	19.08	--	5	9540	买盘
10:54:03	19.08	-0.01	4	7631	中性盘
10:54:00	19.09	0.01	16	30544	买盘
10:53:57	19.08	-0.01	5	9540	卖盘
10:53:54	19.09	0.03	166	316894	买盘
10:53:51	19.06	-0.01	53	101018	卖盘
10:53:39	19.07	0.05	17	32419	买盘
10:53:36	19.02	-0.04	10	19020	卖盘
10:53:33	19.06	0.01	18	34308	买盘
10:53:30	19.05	0.04	10	19050	买盘
10:53:24	19.01	0.01	5	9505	卖盘
10:53:21	19.0	-0.05	2	3800	卖盘
10:53:18	19.05	0.05	56	106680	买盘
10:53:15	19.0	--	117	222300	卖盘
10:53:12	19.0	--	2	3800	卖盘
10:53:09	19.0	0.03	235	446500	买盘
10:53:06	18.97	0.01	5	9485	中性盘
10:52:54	18.96	-0.04	10	18960	卖盘
10:52:48	19.0	0.04	333	632700	买盘
10:52:45	18.96	--	56	106176	卖盘
10:52:39	18.96	--	396	750816	卖盘
10:52:36	18.96	--	40	77337	卖盘
10:52:33	18.96	-0.01	2	3792	卖盘
10:52:30	18.97	0.01	30	56910	买盘
10:52:18	18.96	--	93	176328	买盘
10:52:15	18.96	--	219	415224	买盘
10:52:12	18.96	0.01	21	39816	买盘
10:52:09	18.95	--	20	37900	卖盘
10:52:06	18.95	-0.01	19	36005	卖盘
10:52:03	18.96	0.01	3	5688	买盘
10:52:00	18.95	0.01	228	432060	买盘
10:51:54	18.94	--	20	37880	买盘
10:51:51	18.94	--	13	24622	买盘
10:51:42	18.94	0.01	15	28410	买盘
10:51:39	18.93	0.01	6	11358	买盘
10:51:36	18.92	--	5	9460	卖盘
10:51:33	18.92	--	59	113141	买盘
10:51:30	18.92	--	51	96492	买盘
10:51:24	18.92	0.01	4	7568	买盘
10:51:21	18.91	-0.01	1	1891	卖盘
10:51:18	18.92	--	14	26488	买盘
10:51:15	18.92	0.01	5	9460	买盘
10:51:12	18.91	--	23	43493	卖盘
10:51:06	18.91	--	5	9455	卖盘
10:51:03	18.91	--	301	569191	买盘
10:51:00	18.91	0.01	20	37820	买盘
10:50:57	18.9	--	21	39690	卖盘
10:50:54	18.9	--	13	24569	卖盘
10:50:51	18.9	--	17	32129	卖盘
10:50:48	18.9	--	14	27272	买盘
10:50:45	18.9	--	31	58589	买盘
10:50:42	18.9	0.04	3	5670	买盘
10:50:39	18.86	-0.04	4	7544	卖盘
10:50:33	18.9	--	10	18900	买盘
10:50:30	18.9	0.04	7	13229	买盘
10:50:27	18.86	0.01	2	3772	卖盘
10:50:18	18.85	-0.05	11	20735	卖盘
10:50:12	18.9	0.04	98	186826	买盘
10:50:09	18.86	-0.03	10	19142	卖盘
10:50:06	18.89	--	4	7556	卖盘
10:50:03	18.89	--	2	3778	卖盘
10:49:57	18.89	0.03	4	7556	买盘
10:49:54	18.86	-0.03	14	26404	卖盘
10:49:51	18.89	-0.01	1	1889	买盘
10:49:45	18.9	-0.02	10	18900	中性盘
10:49:36	18.92	0.06	4	7568	买盘
10:49:33	18.86	-0.04	26	49036	卖盘
10:49:27	18.9	--	10	18900	卖盘
10:49:18	18.9	-0.02	31	58589	卖盘
10:49:15	18.92	0.01	3	5676	买盘
10:49:12	18.91	--	5	9455	卖盘
10:49:03	18.91	-0.01	10	18910	卖盘
10:48:57	18.92	-0.01	8	15136	卖盘
10:48:54	18.93	-0.01	2	3786	中性盘
10:48:51	18.94	0.01	31	58714	买盘
10:48:48	18.93	-0.01	8	15144	卖盘
10:48:39	18.94	--	4	7576	买盘
10:48:36	18.94	--	80	151520	卖盘
10:48:27	18.94	0.01	20	37880	中性盘
10:48:24	18.93	-0.02	73	138189	卖盘
10:48:21	18.95	0.01	10	18950	买盘
10:48:18	18.94	--	40	75760	卖盘
10:48:15	18.94	0.03	166	314404	买盘
10:48:09	18.91	--	60	113460	卖盘
10:48:06	18.91	-0.03	20	37820	卖盘
10:47:54	18.94	-0.01	47	89018	卖盘
10:47:51	18.95	0.04	57	108015	买盘
10:47:48	18.91	--	10	18910	卖盘
10:47:45	18.91	-0.03	38	71858	卖盘
10:47:42	18.94	0.02	190	361469	买盘
10:47:39	18.92	-0.01	2	3784	卖盘
10:47:33	18.93	--	8	15144	卖盘
10:47:27	18.93	-0.01	4	7572	中性盘
10:47:24	18.94	0.01	100	189400	买盘
10:47:21	18.93	--	13	24609	卖盘
10:47:18	18.93	-0.01	28	53004	卖盘
10:47:15	18.94	--	24	45456	卖盘
10:47:12	18.94	--	38	71972	卖盘
10:47:09	18.94	--	5	9470	卖盘
10:47:06	18.94	0.02	20	37880	中性盘
10:47:00	18.92	-0.03	40	75680	中性盘
10:46:57	18.95	--	16	30320	买盘
10:46:54	18.95	0.01	21	39795	买盘
10:46:51	18.94	0.03	100	189400	买盘
10:46:48	18.91	--	10	18910	卖盘
10:46:45	18.91	0.01	9	17019	中性盘
10:46:39	18.9	-0.02	65	122849	卖盘
10:46:36	18.92	0.01	38	71896	买盘
10:46:33	18.91	-0.01	12	22692	中性盘
10:46:15	18.92	--	39	73788	卖盘
10:46:12	18.92	-0.03	1	1892	卖盘
10:46:09	18.95	0.03	24	45480	买盘
10:46:06	18.92	-0.03	3	5676	卖盘
10:46:00	18.95	-0.01	3	5685	买盘
10:45:57	18.96	--	1	1896	买盘
10:45:54	18.96	0.01	25	47400	买盘
10:45:51	18.95	--	11	20845	买盘
10:45:48	18.95	-0.01	23	43869	卖盘
10:45:45	18.96	--	9	17064	卖盘
10:45:42	18.96	0.01	22	43323	买盘
10:45:39	18.95	-0.01	221	419079	卖盘
10:45:36	18.96	-0.01	10	18960	中性盘
10:45:33	18.97	0.02	25	48373	买盘
10:45:30	18.95	--	113	214135	卖盘
10:45:27	18.95	-0.01	31	58745	卖盘
10:45:24	18.96	0.01	15	28440	买盘
10:45:18	18.95	-0.01	2	3790	卖盘
10:45:15	18.96	0.01	10	18960	买盘
10:45:12	18.95	0.03	157	298178	买盘
10:45:09	18.92	-0.02	60	113520	卖盘
10:45:00	18.94	--	103	195082	卖盘
10:44:57	18.94	-0.01	47	89018	卖盘
10:44:54	18.95	--	13	24635	买盘
10:44:51	18.95	--	61	115595	买盘
10:44:48	18.95	0.01	30	56850	买盘
10:44:45	18.94	0.02	167	316298	买盘
10:44:39	18.92	0.02	6	11352	中性盘
10:44:36	18.9	-0.04	93	175770	卖盘
10:44:33	18.94	--	13	24622	买盘
10:44:30	18.94	0.02	27	51138	买盘
10:44:27	18.92	0.02	5	9460	买盘
10:44:18	18.9	--	1	1889	卖盘
10:44:12	18.9	-0.05	1	1889	卖盘
10:44:09	18.95	0.05	5	9475	买盘
10:44:06	18.9	0.02	21	39690	买盘
10:44:03	18.88	--	11	20768	买盘
10:44:00	18.88	0.02	7	13216	买盘
10:43:57	18.86	-0.07	15	28290	卖盘
10:43:54	18.93	0.03	20	37860	买盘
10:43:45	18.9	-0.02	85	160650	卖盘
10:43:39	18.92	0.02	4	7568	买盘
10:43:36	18.9	0.06	220	415799	买盘
10:43:33	18.84	--	11	20724	卖盘
10:43:30	18.84	0.01	31	58404	买盘
10:43:27	18.83	--	4	7531	卖盘
10:43:24	18.83	--	3	5648	卖盘
10:43:18	18.83	--	10	18830	卖盘
10:43:15	18.83	-0.01	10	18830	卖盘
10:43:12	18.84	--	28	52752	买盘
10:43:09	18.84	--	15	28260	买盘
10:43:06	18.84	--	16	30144	买盘
10:43:00	18.84	--	9	16956	买盘
10:42:54	18.84	-0.01	77	145068	卖盘
10:42:51	18.85	--	24	45240	买盘
10:42:45	18.85	0.01	17	32045	买盘
10:42:42	18.84	-0.01	2	3768	买盘
10:42:39	18.85	0.01	34	64090	买盘
10:42:36	18.84	-0.01	5	9420	卖盘
10:42:33	18.85	--	2	3770	买盘
10:42:30	18.85	-0.01	20	37700	卖盘
10:42:27	18.86	0.01	13	24518	买盘
10:42:24	18.85	-0.01	91	171535	卖盘
10:42:21	18.86	-0.01	7	13202	买盘
10:42:18	18.87	-0.02	21	39627	卖盘
10:42:15	18.89	0.01	1	1889	中性盘
10:42:12	18.88	--	10	18880	买盘
10:42:09	18.88	--	2	3776	买盘
10:42:06	18.88	--	31	58528	买盘
10:42:03	18.88	--	35	66080	买盘
10:41:57	18.88	--	15	28320	买盘
10:41:54	18.88	-0.12	342	645696	卖盘
10:41:48	19.0	0.11	577	1096300	买盘
10:41:45	18.89	--	4	7556	买盘
10:41:42	18.89	-0.01	37	69893	买盘
10:41:36	18.9	-0.05	4	7559	中性盘
10:41:30	18.95	0.06	30	56850	买盘
10:41:27	18.89	--	150	283350	卖盘
10:41:21	18.89	0.01	5	9445	买盘
10:41:18	18.88	-0.01	15	28320	卖盘
10:41:12	18.89	0.01	4	7556	买盘
10:41:09	18.88	0.01	47	88736	买盘
10:41:03	18.87	--	7	13209	卖盘
10:41:00	18.87	--	10	18870	买盘
10:40:54	18.87	--	9	16983	买盘
10:40:51	18.87	0.02	39	73593	买盘
10:40:48	18.85	--	51	96135	买盘
10:40:45	18.85	--	55	103675	买盘
10:40:42	18.85	0.01	4	7540	买盘
10:40:39	18.84	0.01	32	60288	买盘
10:40:36	18.83	--	1	1882	卖盘
10:40:30	18.83	--	1	1882	中性盘
10:40:27	18.83	0.01	7	13180	买盘
10:40:24	18.82	--	5	9410	中性盘
10:40:18	18.82	0.02	2	3764	买盘
10:40:15	18.8	--	103	193640	买盘
10:40:12	18.8	--	14	26320	买盘
10:40:09	18.8	--	62	116560	买盘
10:40:06	18.8	--	17	31960	买盘
10:40:03	18.8	0.01	1	1880	买盘
10:40:00	18.79	--	1	1879	卖盘
10:39:57	18.79	0.01	62	116498	买盘
10:39:54	18.78	-0.01	90	169020	卖盘
10:39:51	18.79	--	15	28185	买盘
10:39:48	18.79	0.01	7	13153	买盘
10:39:36	18.78	-0.01	21	39438	中性盘
10:39:33	18.79	0.03	33	62007	买盘
10:39:30	18.76	--	20	37520	卖盘
10:39:27	18.76	-0.02	7	13132	卖盘
10:39:24	18.78	--	4	7512	买盘
10:39:21	18.78	--	11	20658	买盘
10:39:15	18.78	0.02	9	16902	买盘
10:39:12	18.76	0.01	5	9380	买盘
10:39:09	18.75	-0.01	100	187500	卖盘
10:39:06	18.76	--	127	238252	买盘
10:39:03	18.76	--	33	61908	买盘
10:39:00	18.76	--	6	11256	买盘
10:38:57	18.76	0.01	5	9380	买盘
10:38:54	18.75	--	22	41250	卖盘
10:38:45	18.75	--	25	46875	卖盘
10:38:42	18.75	--	27	50625	买盘
10:38:39	18.75	--	15	28125	买盘
10:38:36	18.75	-0.01	41	76875	卖盘
10:38:33	18.76	0.01	39	73164	买盘
10:38:30	18.75	--	7	13125	卖盘
10:38:24	18.75	-0.01	100	187500	卖盘
10:38:21	18.76	--	1	1876	卖盘
10:38:18	18.76	0.01	1	1876	中性盘
10:38:15	18.75	-0.01	100	187500	卖盘
10:38:12	18.76	--	87	163212	买盘
10:38:09	18.76	0.01	5	9380	买盘
10:38:06	18.75	-0.03	6	11250	卖盘
10:38:03	18.78	0.04	241	452598	买盘
10:38:00	18.74	--	2	3747	卖盘
10:37:57	18.74	-0.01	1	1873	卖盘
10:37:51	18.75	--	10	18750	买盘
10:37:48	18.75	--	4	7500	买盘
10:37:42	18.75	-0.01	11	20625	买盘
10:37:39	18.76	--	92	172592	卖盘
10:37:36	18.76	0.01	10	18760	卖盘
10:37:33	18.75	-0.01	153	286875	卖盘
10:37:30	18.76	--	4	7504	买盘
10:37:24	18.76	0.01	3	5628	买盘
10:37:21	18.75	--	10	18750	卖盘
10:37:15	18.75	-0.02	1	1875	卖盘
10:37:12	18.77	0.01	14	26278	买盘
10:37:09	18.76	-0.01	14	26264	卖盘
10:37:06	18.77	0.01	10	18770	买盘
10:37:03	18.76	0.01	12	22512	买盘
10:37:00	18.75	-0.03	18	33750	卖盘
10:36:57	18.78	0.02	317	596546	买盘
10:36:51	18.76	--	29	54404	卖盘
10:36:48	18.76	-0.01	22	41928	卖盘
10:36:45	18.77	--	51	95727	买盘
10:36:39	18.77	--	14	26278	买盘
10:36:36	18.77	--	63	118251	卖盘
10:36:33	18.77	-0.01	2	3754	中性盘
10:36:24	18.78	0.01	3	5634	买盘
10:36:18	18.77	0.01	1	1877	中性盘
10:36:12	18.76	-0.02	12	22512	卖盘
10:36:09	18.78	0.01	130	244140	买盘
10:36:06	18.77	0.01	2	3754	买盘
10:36:03	18.76	--	5	9380	卖盘
10:36:00	18.76	-0.01	15	28140	中性盘
10:35:57	18.77	0.02	13	24401	买盘
10:35:54	18.75	-0.01	31	58125	卖盘
10:35:51	18.76	--	9	16884	买盘
10:35:48	18.76	--	2	3752	中性盘
10:35:39	18.76	0.03	7	13132	买盘
10:35:36	18.73	-0.03	20	37460	卖盘
10:35:33	18.76	--	11	20636	买盘
10:35:30	18.76	0.03	14	26264	买盘
10:35:27	18.73	--	2	3746	卖盘
10:35:24	18.73	--	10	18730	卖盘
10:35:21	18.73	--	9	16857	买盘
10:35:12	18.73	0.02	10	18730	买盘
10:35:09	18.71	-0.02	20	37420	卖盘
10:35:03	18.73	0.02	54	101142	买盘
10:35:00	18.71	--	22	41330	买盘
10:34:54	18.71	0.03	22	41162	买盘
10:34:51	18.68	-0.03	10	18680	卖盘
10:34:48	18.71	--	15	28065	买盘
10:34:45	18.71	--	21	39291	买盘
10:34:42	18.71	--	9	16839	买盘
10:34:36	18.71	--	0	1702	卖盘
10:34:33	18.71	0.03	43	80621	买盘
10:34:30	18.68	0.02	3	5604	买盘
10:34:27	18.66	-0.04	1	1866	卖盘
10:34:24	18.7	0.03	100	187000	买盘
10:34:21	18.67	0.02	3	5601	买盘
10:34:18	18.65	-0.03	15	27974	卖盘
10:34:12	18.68	--	15	28020	买盘
10:34:09	18.68	0.01	100	186800	买盘
10:33:48	18.67	--	12	22404	买盘
10:33:45	18.67	0.03	11	20537	买盘
10:33:42	18.64	-0.04	0	1640	中性盘
10:33:39	18.68	0.04	15	28020	买盘
10:33:30	18.64	--	36	67104	买盘
10:33:27	18.64	--	62	117264	卖盘
10:33:18	18.64	--	103	192103	卖盘
10:33:15	18.64	--	9	16776	卖盘
10:33:09	18.64	--	8	14967	卖盘
10:33:06	18.64	--	109	203176	买盘
10:33:03	18.64	--	3	5592	买盘
10:32:54	18.64	0.01	20	37280	买盘
10:32:45	18.63	--	20	37260	买盘
10:32:42	18.63	--	130	242190	买盘
10:32:39	18.63	--	45	83835	买盘
10:32:30	18.63	0.01	109	203067	买盘
10:32:27	18.62	0.01	45	83790	买盘
10:32:24	18.61	--	1	1861	卖盘
10:32:15	18.61	--	21	39081	买盘
10:32:09	18.61	0.01	10	18610	买盘
10:32:06	18.6	-0.01	76	141360	卖盘
10:32:03	18.61	0.01	15	27915	买盘
10:32:00	18.6	-0.01	1	1860	卖盘
10:31:48	18.61	--	9	16749	买盘
10:31:45	18.61	0.01	1	1861	买盘
10:31:39	18.6	--	1	1860	卖盘
10:31:36	18.6	--	12	22320	卖盘
10:31:30	18.6	--	44	81840	买盘
10:31:24	18.6	--	17	31620	买盘
10:31:18	18.6	--	1	1860	买盘
10:31:12	18.6	--	10	18600	买盘
10:31:06	18.6	--	2	3720	买盘
10:30:57	18.6	--	4	7440	买盘
10:30:54	18.6	0.02	10	18600	买盘
10:30:51	18.58	-0.02	2	3715	卖盘
10:30:42	18.6	--	5	9300	卖盘
10:30:39	18.6	--	5	9300	卖盘
10:30:33	18.6	-0.01	1	1860	卖盘
10:30:30	18.61	--	3	5583	买盘
10:30:27	18.61	--	4	7444	买盘
10:30:24	18.61	0.01	11	20471	买盘
10:30:21	18.6	--	1	1860	中性盘
10:30:06	18.6	--	7	13020	卖盘
10:30:03	18.6	--	30	55800	卖盘
10:29:51	18.6	--	14	26040	卖盘
10:29:36	18.6	--	14	26040	卖盘
10:29:33	18.6	--	100	186000	卖盘
10:29:30	18.6	-0.01	5	9300	卖盘
10:29:21	18.61	0.01	22	40942	买盘
10:29:18	18.6	--	18	33480	买盘
10:29:00	18.6	0.04	57	106020	买盘
10:28:57	18.56	--	23	42688	卖盘
10:28:42	18.56	-0.04	20	37120	卖盘
10:28:39	18.6	0.04	11	20460	买盘
10:28:36	18.56	--	2	3711	卖盘
10:28:24	18.56	-0.03	43	79808	卖盘
10:28:21	18.59	0.03	16	29744	买盘
10:28:18	18.56	-0.03	4	7423	卖盘
10:28:12	18.59	0.03	10	18590	买盘
10:28:06	18.56	-0.03	1	1855	卖盘
10:27:54	18.59	0.03	3	5577	中性盘
10:27:45	18.56	-0.04	43	79808	卖盘
10:27:42	18.6	--	7	13020	买盘
10:27:39	18.6	--	5	9300	买盘
10:27:30	18.6	--	79	146940	买盘
10:27:27	18.6	0.04	132	245520	买盘
10:27:21	18.56	--	5	9280	卖盘
10:27:12	18.56	-0.04	5	9280	卖盘
10:27:09	18.6	0.03	4	7440	买盘
10:27:06	18.57	-0.03	34	63138	卖盘
10:27:00	18.6	--	20	37200	买盘
10:26:57	18.6	--	5	9300	买盘
10:26:54	18.6	--	2	3720	买盘
10:26:51	18.6	--	12	23529	卖盘
10:26:45	18.6	-0.01	3	5580	卖盘
10:26:42	18.61	--	11	20471	买盘
10:26:39	18.61	--	20	37220	买盘
10:26:27	18.61	0.01	23	42803	买盘
10:26:24	18.6	--	4	7440	卖盘
10:26:18	18.6	--	10	18600	卖盘
10:26:15	18.6	--	70	130200	卖盘
10:26:12	18.6	0.04	47	88071	买盘
10:26:09	18.56	--	82	152192	卖盘
10:26:00	18.56	--	2	3711	买盘
10:25:54	18.56	--	33	61247	买盘
10:25:51	18.56	--	8	14847	买盘
10:25:48	18.56	0.01	13	24128	买盘
10:25:45	18.55	--	48	89040	卖盘
10:25:36	18.55	--	130	241150	买盘
10:25:30	18.55	--	30	55650	买盘
10:25:27	18.55	-0.05	59	109445	卖盘
10:25:18	18.6	0.04	10	18600	买盘
10:25:12	18.56	-0.04	18	33408	卖盘
10:25:06	18.6	--	14	26040	买盘
10:25:00	18.6	0.04	10	18600	买盘
10:24:54	18.56	-0.04	6	11136	卖盘
10:24:51	18.6	--	39	72540	买盘
10:24:48	18.6	0.05	12	22320	买盘
10:24:33	18.55	-0.05	2	3710	卖盘
10:24:30	18.6	0.04	18	33480	买盘
10:24:27	18.56	-0.04	16	29695	卖盘
10:24:15	18.6	--	5	9300	买盘
10:24:12	18.6	--	32	59520	买盘
10:24:03	18.6	--	12	22320	买盘
10:24:00	18.6	--	3	5580	买盘
10:23:48	18.6	--	7	13020	买盘
10:23:45	18.6	--	24	44640	买盘
10:23:42	18.6	0.05	4	7440	买盘
10:23:39	18.55	-0.05	3	5565	卖盘
10:23:30	18.6	--	51	94860	买盘
10:23:24	18.6	0.01	3	5580	买盘
10:23:21	18.59	-0.01	1	1859	中性盘
10:23:00	18.6	--	11	20460	买盘
10:22:57	18.6	0.05	10	18600	买盘
10:22:48	18.55	-0.05	10	18550	卖盘
10:22:36	18.6	--	4	7440	买盘
10:22:33	18.6	--	9	16740	买盘
10:22:12	18.6	0.01	10	18600	买盘
10:22:09	18.59	--	6	11154	买盘
10:22:06	18.59	--	6	11154	买盘
10:22:03	18.59	-0.01	1	1859	中性盘
10:21:51	18.6	0.03	3	5580	买盘
10:21:48	18.57	-0.03	9	16713	卖盘
10:21:42	18.6	--	3	5580	买盘
10:21:39	18.6	--	44	81840	买盘
10:21:33	18.6	--	2	3720	买盘
10:21:27	18.6	--	2	3720	买盘
10:21:24	18.6	--	136	252960	买盘
10:21:15	18.6	0.01	5	9300	买盘
10:21:12	18.59	-0.01	5	9295	卖盘
10:21:09	18.6	--	4	7440	买盘
10:21:06	18.6	0.01	12	22320	买盘
10:21:03	18.59	-0.01	85	158015	买盘
10:20:45	18.6	--	14	26040	买盘
10:20:42	18.6	0.01	20	37200	买盘
10:20:39	18.59	0.04	25	46475	卖盘
10:20:33	18.55	--	5	9275	买盘
10:20:30	18.55	-0.06	15	27825	卖盘
10:20:27	18.61	0.01	17	31637	买盘
10:20:24	18.6	0.05	195	362700	买盘
10:20:18	18.55	-0.04	51	94605	卖盘
10:19:57	18.59	--	1	1859	买盘
10:19:51	18.59	-0.01	1	1859	中性盘
10:19:48	18.6	--	5	9300	买盘
10:19:30	18.6	--	3	5580	买盘
10:19:27	18.6	--	5	9300	买盘
10:19:24	18.6	0.04	11	20460	买盘
10:19:21	18.56	-0.05	44	81664	卖盘
10:19:18	18.61	0.01	4	7444	买盘
10:19:15	18.6	--	4	7440	卖盘
10:19:12	18.6	-0.01	4	7440	买盘
10:19:09	18.61	0.01	14	26054	买盘
10:19:06	18.6	--	2	3720	买盘
10:18:57	18.6	-0.01	6	11160	卖盘
10:18:51	18.61	0.01	2	3722	买盘
10:18:45	18.6	-0.01	22	40920	卖盘
10:18:39	18.61	--	5	9305	卖盘
10:18:33	18.61	--	2	3722	卖盘
10:18:30	18.61	--	9	16749	卖盘
10:18:21	18.61	--	21	39081	买盘
10:18:18	18.61	0.02	121	225181	买盘
10:18:12	18.59	--	10	18590	买盘
10:18:09	18.59	--	3	5577	买盘
10:18:06	18.59	-0.02	8	14872	卖盘
10:18:03	18.61	0.01	15	27915	买盘
10:18:00	18.6	--	15	27900	卖盘
10:17:54	18.6	-0.01	4	7440	卖盘
10:17:48	18.61	0.01	24	44664	买盘
10:17:45	18.6	0.01	32	59520	买盘
10:17:33	18.59	--	3	5577	卖盘
10:17:27	18.59	--	2	3718	卖盘
10:17:15	18.59	--	1	1859	卖盘
10:17:12	18.59	0.04	22	40898	买盘
10:17:09	18.55	-0.05	453	840574	卖盘
10:16:54	18.6	0.03	4	7440	买盘
10:16:51	18.57	-0.04	19	35283	中性盘
10:16:33	18.61	0.01	79	147019	买盘
10:16:30	18.6	0.04	4	7440	买盘
10:16:27	18.56	-0.04	10	18560	卖盘
10:16:24	18.6	0.04	10	18600	买盘
10:16:21	18.56	-0.05	7	12992	卖盘
10:16:15	18.61	--	3	5583	买盘
10:16:12	18.61	--	24	44664	买盘
10:15:54	18.61	-0.01	24	44664	卖盘
10:15:51	18.62	--	20	37240	卖盘
10:15:42	18.62	--	42	78204	买盘
10:15:36	18.62	0.01	14	26068	买盘
10:15:33	18.61	-0.02	10	18610	卖盘
10:15:21	18.63	--	33	61479	买盘
10:15:18	18.63	--	5	9315	买盘
10:15:09	18.63	--	46	85698	买盘
10:15:06	18.63	0.01	44	81972	买盘
10:15:03	18.62	--	16	29792	卖盘
10:15:00	18.62	0.02	208	387296	买盘
10:14:57	18.6	--	1	1860	卖盘
10:14:51	18.6	--	5	9300	卖盘
10:14:48	18.6	-0.01	30	55800	卖盘
10:14:45	18.61	--	3	5583	买盘
10:14:42	18.61	--	7	13027	买盘
10:14:27	18.61	0.05	10	18610	买盘
10:14:21	18.56	-0.05	10	18560	中性盘
10:14:18	18.61	0.05	100	186100	买盘
10:14:15	18.56	--	4	7423	买盘
10:14:12	18.56	0.03	37	68672	买盘
10:14:09	18.53	-0.03	15	27795	卖盘
10:14:06	18.56	0.03	4	7423	买盘
10:14:03	18.53	-0.03	8	14824	卖盘
10:14:00	18.56	0.03	37	68672	买盘
10:13:57	18.53	0.02	13	24089	中性盘
10:13:24	18.51	-0.02	18	33318	卖盘
10:13:21	18.53	--	5	9265	买盘
10:13:12	18.53	--	38	70414	买盘
10:13:09	18.53	--	90	166770	买盘
10:13:06	18.53	--	32	59296	买盘
10:13:03	18.53	--	5	9265	买盘
10:13:00	18.53	--	7	12971	买盘
10:12:57	18.53	--	3	5559	买盘
10:12:42	18.53	-0.07	56	103768	卖盘
10:12:30	18.6	0.07	22	40920	买盘
10:12:27	18.53	-0.08	16	29648	中性盘
10:12:00	18.61	--	3	5583	买盘
10:11:57	18.61	0.01	18	33498	买盘
10:11:54	18.6	-0.01	18	33480	中性盘
10:11:42	18.61	0.02	35	65135	买盘
10:11:39	18.59	--	4	7436	卖盘
10:11:36	18.59	-0.01	17	31603	卖盘
10:11:24	18.6	--	2	3720	买盘
10:11:15	18.6	0.01	16	29760	买盘
10:11:12	18.59	0.04	35	65065	买盘
10:11:09	18.55	0.05	30	55650	中性盘
10:10:51	18.5	-0.05	1	1850	卖盘
10:10:45	18.55	0.04	8	14840	买盘
10:10:42	18.51	0.01	35	64785	买盘
10:10:33	18.5	--	5	9250	买盘
10:10:27	18.5	0.02	10	18500	买盘
10:10:15	18.48	--	1	1848	卖盘
10:10:12	18.48	--	36	66528	卖盘
10:10:09	18.48	-0.01	4	7392	卖盘
10:10:03	18.49	0.01	18	33282	买盘
10:10:00	18.48	0.02	24	44352	买盘
10:09:45	18.46	--	37	68302	卖盘
10:09:42	18.46	0.01	15	27690	中性盘
10:09:27	18.45	-0.01	1	1845	卖盘
10:09:24	18.46	0.01	1	1846	中性盘
10:09:15	18.45	-0.03	4	7380	中性盘
10:09:12	18.48	--	36	66528	买盘
10:09:09	18.48	--	3	5544	买盘
10:09:06	18.48	--	1	1848	买盘
10:09:00	18.48	0.02	6	11088	买盘
10:08:57	18.46	0.01	3	5538	卖盘
10:08:54	18.45	0.01	5	9225	中性盘
10:08:48	18.44	-0.02	36	66384	卖盘
10:08:45	18.46	--	4	7384	卖盘
10:08:42	18.46	--	1	1846	卖盘
10:08:39	18.46	--	14	25844	中性盘
10:08:36	18.46	0.01	18	33228	买盘
10:08:33	18.45	--	40	73800	卖盘
10:08:21	18.45	-0.01	30	55350	卖盘
10:08:18	18.46	--	21	38766	买盘
10:08:12	18.46	--	3	5538	买盘
10:08:09	18.46	--	2	3692	中性盘
10:08:03	18.46	-0.01	10	18460	中性盘
10:07:45	18.47	--	7	12929	卖盘
10:07:39	18.47	--	2	3694	卖盘
10:07:36	18.47	-0.01	1	1847	卖盘
10:07:30	18.48	0.03	11	20328	买盘
10:07:27	18.45	--	5	9225	卖盘
10:07:24	18.45	-0.01	59	108855	卖盘
10:07:21	18.46	0.01	5	9230	中性盘
10:07:12	18.45	-0.01	34	62730	卖盘
10:07:06	18.46	0.01	3	5538	买盘
10:07:03	18.45	-0.01	5	9225	卖盘
10:06:57	18.46	--	20	36920	买盘
10:06:51	18.46	--	14	25844	买盘
10:06:45	18.46	0.01	54	99684	买盘
10:06:30	18.45	-0.01	18	33210	卖盘
10:06:21	18.46	--	3	5538	买盘
10:06:18	18.46	0.01	4	7384	买盘
10:06:15	18.45	--	27	49815	卖盘
10:05:57	18.45	--	2	3690	卖盘
10:05:54	18.45	--	2	3690	卖盘
10:05:45	18.45	-0.01	46	84870	卖盘
10:05:30	18.46	--	10	18460	买盘
10:05:27	18.46	--	12	22152	买盘
10:05:24	18.46	--	6	11076	买盘
10:05:21	18.46	0.01	65	119990	买盘
10:05:12	18.45	-0.01	21	38745	卖盘
10:05:09	18.46	0.01	5	9230	买盘
10:05:00	18.45	--	31	57195	卖盘
10:04:57	18.45	--	42	77490	卖盘
10:04:51	18.45	--	3	5535	卖盘
10:04:42	18.45	--	2	3690	卖盘
10:04:39	18.45	-0.01	7	12915	卖盘
10:04:36	18.46	--	3	5538	买盘
10:04:24	18.46	-0.02	17	31382	卖盘
10:04:18	18.48	0.02	20	36960	买盘
10:04:12	18.46	--	3	5538	卖盘
10:04:06	18.46	0.01	5	9230	中性盘
10:04:00	18.45	--	1	1845	卖盘
10:03:57	18.45	-0.03	7	12915	卖盘
10:03:51	18.48	0.03	4	7392	卖盘
10:03:45	18.45	--	5	9225	卖盘
10:03:42	18.45	--	2	3690	卖盘
10:03:39	18.45	--	31	57195	卖盘
10:03:30	18.45	--	8	14760	卖盘
10:03:24	18.45	--	43	79335	卖盘
10:03:21	18.45	0.01	6	11070	中性盘
10:02:57	18.44	--	75	138300	卖盘
10:02:54	18.44	--	15	27660	卖盘
10:02:51	18.44	--	1	1844	卖盘
10:02:45	18.44	-0.01	100	184400	卖盘
10:02:42	18.45	--	23	42435	买盘
10:02:39	18.45	0.01	8	14760	买盘
10:02:24	18.44	--	12	22128	卖盘
10:02:21	18.44	--	2	3688	卖盘
10:02:18	18.44	--	19	35036	买盘
10:02:12	18.44	0.01	2	3688	买盘
10:02:09	18.43	-0.01	2	3686	卖盘
10:02:00	18.44	--	3	5532	卖盘
10:01:57	18.44	-0.01	5	9220	卖盘
10:01:54	18.45	--	16	29520	买盘
10:01:51	18.45	0.01	11	20295	买盘
10:01:45	18.44	-0.01	3	5532	卖盘
10:01:33	18.45	--	6	11070	卖盘
10:01:27	18.45	--	7	12915	买盘
10:01:21	18.45	--	20	36900	买盘
10:01:15	18.45	--	5	9225	买盘
10:01:09	18.45	-0.05	23	42435	卖盘
10:01:06	18.5	0.01	2	3700	买盘
10:00:57	18.49	0.04	21	38829	买盘
10:00:54	18.45	--	9	16605	卖盘
10:00:51	18.45	0.01	3	5535	卖盘
10:00:42	18.44	--	7	12908	中性盘
10:00:39	18.44	--	1	1844	卖盘
10:00:33	18.44	0.02	2	3688	买盘
10:00:21	18.42	-0.03	107	197094	卖盘
10:00:18	18.45	0.03	13	23985	买盘
10:00:12	18.42	--	21	38682	卖盘
10:00:09	18.42	-0.03	7	12894	卖盘
10:00:06	18.45	0.03	5	9225	买盘
09:59:57	18.42	--	20	36840	卖盘
09:59:54	18.42	-0.02	28	51576	卖盘
09:59:51	18.44	-0.01	6	11064	卖盘
09:59:45	18.45	0.03	4	7380	买盘
09:59:42	18.42	--	0	1215	卖盘
09:59:39	18.42	--	10	18420	卖盘
09:59:33	18.42	-0.02	20	36840	卖盘
09:59:30	18.44	--	4	7376	买盘
09:59:27	18.44	--	1	1844	买盘
09:59:24	18.44	--	15	27660	卖盘
09:59:21	18.44	--	2	3688	买盘
09:59:18	18.44	--	2	3688	买盘
09:59:15	18.44	0.04	3	5532	买盘
09:59:06	18.4	-0.04	1	1839	卖盘
09:59:03	18.44	0.03	33	60852	买盘
09:58:57	18.41	0.01	7	12887	中性盘
09:58:48	18.4	-0.04	146	268640	卖盘
09:58:45	18.44	--	0	1475	卖盘
09:58:42	18.44	0.01	20	36880	中性盘
09:58:39	18.43	-0.01	70	129010	卖盘
09:58:36	18.44	--	10	18440	买盘
09:58:33	18.44	-0.01	48	88512	卖盘
09:58:30	18.45	0.01	11	20295	买盘
09:58:24	18.44	-0.01	8	14752	卖盘
09:58:15	18.45	--	10	18450	卖盘
09:58:12	18.45	--	12	22140	买盘
09:58:06	18.45	--	10	18450	买盘
09:58:00	18.45	-0.01	31	57195	卖盘
09:57:45	18.46	-0.01	21	38766	卖盘
09:57:42	18.47	--	1	1847	买盘
09:57:39	18.47	--	0	627	卖盘
09:57:36	18.47	--	20	38159	卖盘
09:57:33	18.47	--	33	60950	卖盘
09:57:30	18.47	--	20	36940	卖盘
09:57:27	18.47	-0.01	20	36940	卖盘
09:57:18	18.48	-0.02	25	46200	卖盘
09:57:15	18.5	0.01	15	27750	买盘
09:57:12	18.49	--	8	14791	卖盘
09:57:09	18.49	--	10	18490	卖盘
09:57:06	18.49	-0.01	2	3697	卖盘
09:56:54	18.5	--	14	26899	卖盘
09:56:51	18.5	--	12	22200	卖盘
09:56:48	18.5	--	14	25900	卖盘
09:56:42	18.5	--	31	58848	卖盘
09:56:39	18.5	--	11	21053	卖盘
09:56:36	18.5	-0.01	2	3700	卖盘
09:56:33	18.51	--	1	1851	买盘
09:56:30	18.51	--	4	7404	买盘
09:56:27	18.51	-0.01	358	664249	卖盘
09:56:24	18.52	--	2	3704	卖盘
09:56:21	18.52	--	27	50004	买盘
09:56:18	18.52	0.01	3	5556	买盘
09:56:12	18.51	-0.01	46	85405	卖盘
09:56:03	18.52	--	24	44448	买盘
09:56:00	18.52	0.01	1	1852	买盘
09:55:57	18.51	-0.01	8	14808	卖盘
09:55:54	18.52	0.01	1	1852	买盘
09:55:48	18.51	--	60	111060	买盘
09:55:42	18.51	0.01	3	5553	买盘
09:55:39	18.5	-0.01	42	78588	卖盘
09:55:33	18.51	--	2	3702	卖盘
09:55:30	18.51	--	6	11106	卖盘
09:55:12	18.51	--	3	5553	中性盘
09:55:06	18.51	--	5	9255	卖盘
09:55:00	18.51	-0.01	5	9255	中性盘
09:54:54	18.52	0.02	17	31484	买盘
09:54:51	18.5	--	31	57350	卖盘
09:54:39	18.5	-0.02	43	79550	卖盘
09:54:36	18.52	--	15	27780	卖盘
09:54:33	18.52	--	10	18520	卖盘
09:54:30	18.52	--	3	5556	卖盘
09:54:24	18.52	--	8	14816	卖盘
09:54:21	18.52	0.02	10	18520	买盘
09:54:09	18.5	-0.02	377	697450	卖盘
09:54:00	18.52	0.02	2	3704	中性盘
09:53:54	18.5	-0.02	300	555000	卖盘
09:53:48	18.52	--	10	18520	卖盘
09:53:45	18.52	--	20	37040	卖盘
09:53:42	18.52	--	1	1852	卖盘
09:53:36	18.52	--	22	40744	卖盘
09:53:33	18.52	0.01	92	171847	买盘
09:53:30	18.51	--	25	46275	买盘
09:53:27	18.51	--	2	3702	买盘
09:53:24	18.51	-0.01	45	83295	卖盘
09:53:12	18.52	--	16	29632	买盘
09:53:03	18.52	-0.01	1	2240	卖盘
09:53:00	18.53	--	9	18140	买盘
09:52:54	18.53	--	12	22625	卖盘
09:52:48	18.53	--	10	18530	卖盘
09:52:39	18.53	-0.02	22	40766	卖盘
09:52:33	18.55	--	5	9275	买盘
09:52:27	18.55	--	1	1855	买盘
09:52:24	18.55	0.02	10	18550	中性盘
09:52:21	18.53	-0.02	10	18530	卖盘
09:52:18	18.55	-0.01	10	18550	卖盘
09:52:12	18.56	0.01	4	7423	买盘
09:52:09	18.55	-0.01	16	29680	卖盘
09:52:06	18.56	--	51	94656	买盘
09:51:57	18.56	0.01	5	9280	买盘
09:51:54	18.55	-0.01	5	9275	卖盘
09:51:42	18.56	0.01	2	3711	买盘
09:51:36	18.55	-0.01	10	18550	卖盘
09:51:27	18.56	-0.02	2	3711	中性盘
09:51:21	18.58	0.03	28	52023	买盘
09:51:18	18.55	-0.01	24	44520	卖盘
09:51:09	18.56	--	5	9280	卖盘
09:51:06	18.56	-0.02	4	7423	卖盘
09:51:03	18.58	0.02	5	9290	买盘
09:50:51	18.56	--	5	9280	卖盘
09:50:45	18.56	--	57	105791	卖盘
09:50:39	18.56	--	41	76096	卖盘
09:50:36	18.56	--	96	178176	卖盘
09:50:33	18.56	--	9	16704	卖盘
09:50:21	18.56	--	3	5568	卖盘
09:50:12	18.56	-0.01	10	18560	卖盘
09:50:09	18.57	0.01	1	1857	卖盘
09:50:06	18.56	-0.01	13	24128	卖盘
09:50:03	18.57	--	9	16713	买盘
09:49:54	18.57	--	7	12999	卖盘
09:49:51	18.57	-0.01	33	61281	卖盘
09:49:48	18.58	0.01	1	1857	买盘
09:49:39	18.57	-0.01	48	89136	卖盘
09:49:36	18.58	-0.01	23	42733	卖盘
09:49:15	18.59	0.01	6	11154	买盘
09:49:12	18.58	--	2	3715	卖盘
09:49:09	18.58	-0.01	12	22295	卖盘
09:49:00	18.59	--	10	18590	买盘
09:48:57	18.59	--	0	390	卖盘
09:48:51	18.59	--	11	20449	卖盘
09:48:45	18.59	--	26	48334	卖盘
09:48:42	18.59	--	10	18590	卖盘
09:48:36	18.59	-0.01	40	75828	卖盘
09:48:33	18.6	--	23	42780	卖盘
09:48:27	18.6	--	9	16740	卖盘
09:48:24	18.6	-0.01	10	18600	卖盘
09:48:18	18.61	0.01	1	1861	中性盘
09:48:12	18.6	--	20	37200	卖盘
09:48:03	18.6	-0.01	100	186000	卖盘
09:47:51	18.61	-0.03	11	20471	卖盘
09:47:45	18.64	--	10	18640	买盘
09:47:42	18.64	--	19	35416	卖盘
09:47:39	18.64	--	11	20504	卖盘
09:47:36	18.64	--	17	31688	卖盘
09:47:30	18.64	--	5	9320	买盘
09:47:18	18.64	0.03	5	9320	买盘
09:47:15	18.61	--	1	1861	中性盘
09:47:00	18.61	--	10	18610	买盘
09:46:57	18.61	-0.04	5	9305	卖盘
09:46:54	18.65	0.01	65	121224	买盘
09:46:51	18.64	--	40	74560	买盘
09:46:48	18.64	--	101	188264	买盘
09:46:45	18.64	--	20	37280	买盘
09:46:42	18.64	--	19	37168	卖盘
09:46:33	18.64	--	6	11184	卖盘
09:46:30	18.64	0.01	3	5592	卖盘
09:46:27	18.63	0.03	71	132384	买盘
09:46:24	18.6	--	8	14880	买盘
09:46:21	18.6	--	10	18600	买盘
09:46:18	18.6	-0.01	1	1860	买盘
09:46:12	18.61	--	6	11166	卖盘
09:46:09	18.61	0.02	34	63274	买盘
09:46:06	18.59	-0.02	181	336479	卖盘
09:45:57	18.61	-0.02	206	383366	中性盘
09:45:54	18.63	0.03	225	419175	买盘
09:45:51	18.6	-0.01	5	9300	卖盘
09:45:48	18.61	-0.01	1	1861	中性盘
09:45:36	18.62	0.02	76	141512	买盘
09:45:33	18.6	--	70	130200	卖盘
09:45:30	18.6	-0.01	51	94860	卖盘
09:45:27	18.61	0.01	17	31637	买盘
09:45:24	18.6	--	25	46500	买盘
09:45:21	18.6	--	79	146940	卖盘
09:45:15	18.6	--	46	85560	买盘
09:45:12	18.6	--	3	5580	买盘
09:45:09	18.6	-0.01	73	135780	卖盘
09:45:06	18.61	-0.02	5	9305	卖盘
09:45:03	18.63	0.02	31	57753	买盘
09:45:00	18.61	--	152	282872	买盘
09:44:57	18.61	--	11	20471	卖盘
09:44:54	18.61	--	46	85606	买盘
09:44:51	18.61	0.01	30	55830	买盘
09:44:48	18.6	-0.01	6	11160	卖盘
09:44:45	18.61	--	21	39081	中性盘
09:44:42	18.61	-0.02	66	122826	卖盘
09:44:39	18.63	0.02	101	188163	买盘
09:44:36	18.61	-0.01	5	9305	卖盘
09:44:33	18.62	0.01	31	57722	买盘
09:44:24	18.61	--	2	3722	买盘
09:44:15	18.61	0.02	162	302952	买盘
09:44:06	18.59	-0.01	5	9295	卖盘
09:44:03	18.6	0.05	100	186000	买盘
09:44:00	18.55	--	70	129850	卖盘
09:43:54	18.55	-0.04	100	185500	卖盘
09:43:51	18.59	0.01	11	20449	买盘
09:43:45	18.58	--	30	55739	卖盘
09:43:42	18.58	0.01	42	78036	买盘
09:43:39	18.57	-0.01	43	79851	卖盘
09:43:36	18.58	-0.01	6	11147	买盘
09:43:33	18.59	-0.01	19	35321	卖盘
09:43:30	18.6	0.02	10	18600	买盘
09:43:27	18.58	-0.02	20	37160	卖盘
09:43:15	18.6	0.01	45	83700	买盘
09:43:09	18.59	--	2	3718	卖盘
09:43:06	18.59	-0.01	4	7436	中性盘
09:43:03	18.6	0.02	23	42780	买盘
09:42:54	18.58	--	11	20437	卖盘
09:42:48	18.58	0.02	44	81751	买盘
09:42:42	18.56	--	33	61247	买盘
09:42:39	18.56	-0.02	22	40832	卖盘
09:42:36	18.58	0.01	33	61313	买盘
09:42:27	18.57	--	1	1857	买盘
09:42:24	18.57	-0.01	19	35283	卖盘
09:42:18	18.58	0.02	10	18580	买盘
09:42:12	18.56	--	205	380480	买盘
09:42:09	18.56	--	1	1855	买盘
09:42:06	18.56	--	8	14847	买盘
09:42:00	18.56	0.01	20	37120	中性盘
09:41:51	18.55	--	5	9275	买盘
09:41:39	18.55	0.05	170	315350	买盘
09:41:30	18.5	-0.01	1	1850	卖盘
09:41:27	18.51	--	1	1851	买盘
09:41:15	18.51	--	6	11106	卖盘
09:41:06	18.51	--	2	3702	卖盘
09:41:03	18.51	-0.02	27	49977	卖盘
09:40:54	18.53	--	4	7412	卖盘
09:40:51	18.53	--	6	11118	卖盘
09:40:48	18.53	-0.02	2	3706	卖盘
09:40:39	18.55	--	244	452620	卖盘
09:40:36	18.55	-0.05	13	24115	卖盘
09:40:27	18.6	--	13	24180	买盘
09:40:24	18.6	--	63	117180	卖盘
09:40:21	18.6	--	333	619380	卖盘
09:40:15	18.6	-0.03	4	7440	卖盘
09:40:12	18.63	--	15	27945	买盘
09:40:09	18.63	--	1	1863	买盘
09:40:03	18.63	-0.01	13	24219	买盘
09:40:00	18.64	--	18	33552	卖盘
09:39:57	18.64	--	5	9320	卖盘
09:39:48	18.64	--	15	27960	买盘
09:39:42	18.64	--	5	9320	买盘
09:39:36	18.64	-0.01	18	33552	中性盘
09:39:30	18.65	0.05	2	3729	买盘
09:39:27	18.6	0.07	112	208320	买盘
09:39:24	18.53	-0.06	12	22236	卖盘
09:39:21	18.59	0.04	2	3718	中性盘
09:39:18	18.55	0.01	17	31535	买盘
09:39:15	18.54	-0.01	73	135342	卖盘
09:39:12	18.55	--	22	40810	买盘
09:39:09	18.55	--	10	18550	买盘
09:39:06	18.55	--	18	33390	买盘
09:39:00	18.55	0.01	10	18550	买盘
09:38:57	18.54	--	43	79722	卖盘
09:38:51	18.54	0.01	28	51912	买盘
09:38:48	18.53	--	4	7412	买盘
09:38:45	18.53	-0.01	21	38913	中性盘
09:38:42	18.54	0.04	14	25956	买盘
09:38:39	18.5	--	1	1850	卖盘
09:38:36	18.5	--	10	18500	卖盘
09:38:30	18.5	0.02	1	1850	买盘
09:38:27	18.48	0.01	2	3696	中性盘
09:38:06	18.47	--	31	57257	买盘
09:38:03	18.47	--	11	20317	买盘
09:38:00	18.47	--	43	79421	买盘
09:37:54	18.47	--	23	42481	买盘
09:37:51	18.47	--	207	382329	买盘
09:37:48	18.47	--	18	33246	买盘
09:37:45	18.47	--	11	20317	买盘
09:37:42	18.47	--	9	16623	买盘
09:37:39	18.47	0.01	31	57257	买盘
09:37:27	18.46	0.01	25	46150	买盘
09:37:21	18.45	0.01	5	9298	中性盘
09:37:15	18.44	--	2	5163	买盘
09:37:12	18.44	--	42	77448	买盘
09:37:09	18.44	--	3	5532	买盘
09:37:06	18.44	--	10	18440	买盘
09:37:03	18.44	--	10	18440	买盘
09:37:00	18.44	--	20	36880	买盘
09:36:57	18.44	--	41	75604	买盘
09:36:54	18.44	--	5	9220	买盘
09:36:51	18.44	--	36	66384	买盘
09:36:48	18.44	--	11	20284	买盘
09:36:45	18.44	--	13	23972	买盘
09:36:42	18.44	--	22	40568	买盘
09:36:30	18.44	--	111	204684	买盘
09:36:27	18.44	--	3	5532	买盘
09:36:24	18.44	--	69	127236	买盘
09:36:21	18.44	0.01	1	1844	买盘
09:36:18	18.43	-0.01	9	16587	卖盘
09:36:15	18.44	--	192	354048	买盘
09:36:12	18.44	--	3	5532	买盘
09:36:09	18.44	--	61	112484	买盘
09:36:06	18.44	--	2	3688	买盘
09:36:00	18.44	0.01	10	18440	买盘
09:35:57	18.43	-0.01	5	9215	卖盘
09:35:54	18.44	0.01	2	3688	买盘
09:35:51	18.43	--	10	18430	卖盘
09:35:48	18.43	--	2	3686	买盘
09:35:45	18.43	--	1	1843	买盘
09:35:36	18.43	0.01	3	5529	买盘
09:35:30	18.42	--	13	23946	买盘
09:35:21	18.42	--	12	22104	买盘
09:35:15	18.42	--	64	117888	买盘
09:35:09	18.42	--	16	29472	买盘
09:35:06	18.42	--	241	443922	卖盘
09:35:00	18.42	--	6	11052	卖盘
09:34:57	18.42	--	5	9210	卖盘
09:34:54	18.42	0.02	23	42366	卖盘
09:34:45	18.4	--	15	27599	买盘
09:34:42	18.4	--	8	14719	买盘
09:34:39	18.4	0.01	7	12879	买盘
09:34:36	18.39	0.01	285	524115	买盘
09:34:33	18.38	-0.01	30	55140	卖盘
09:34:30	18.39	0.01	39	71721	买盘
09:34:24	18.38	-0.01	20	36760	卖盘
09:34:21	18.39	--	4	7356	买盘
09:34:15	18.39	--	22	40458	买盘
09:34:12	18.39	--	56	102984	买盘
09:34:06	18.39	--	38	69882	买盘
09:34:00	18.39	--	5	9195	买盘
09:33:57	18.39	--	127	233553	买盘
09:33:54	18.39	0.01	101	185739	买盘
09:33:51	18.38	-0.01	3	5514	卖盘
09:33:48	18.39	--	58	106662	买盘
09:33:45	18.39	--	40	73560	买盘
09:33:42	18.39	--	20	36780	买盘
09:33:39	18.39	--	15	27585	买盘
09:33:36	18.39	--	2	3678	买盘
09:33:27	18.39	-0.05	241	443199	卖盘
09:33:24	18.44	--	18	33192	买盘
09:33:21	18.44	--	10	18440	买盘
09:33:15	18.44	--	55	101420	买盘
09:33:12	18.44	--	2	3688	买盘
09:33:09	18.44	--	30	55320	买盘
09:32:57	18.44	--	7	12908	买盘
09:32:54	18.44	-0.02	100	184400	卖盘
09:32:48	18.46	0.03	6	11076	买盘
09:32:33	18.43	--	14	25802	买盘
09:32:24	18.43	--	5	9215	买盘
09:32:21	18.43	0.04	38	70034	买盘
09:32:18	18.39	--	2	3678	卖盘
09:32:09	18.39	--	12	22068	买盘
09:32:06	18.39	--	64	117696	买盘
09:32:00	18.39	--	3	5517	买盘
09:31:57	18.39	--	5	9195	买盘
09:31:54	18.39	--	1	1839	买盘
09:31:51	18.39	-0.06	410	753990	卖盘
09:31:48	18.45	--	18	33210	买盘
09:31:42	18.45	--	6	11070	买盘
09:31:39	18.45	--	5	9225	买盘
09:31:36	18.45	--	20	36900	卖盘
09:31:33	18.45	--	5	9225	卖盘
09:31:30	18.45	--	5	9225	卖盘
09:31:24	18.45	--	9	16605	买盘
09:31:21	18.45	--	34	62730	买盘
09:31:18	18.45	-0.01	15	27675	卖盘
09:31:15	18.46	--	6	11076	买盘
09:31:12	18.46	--	12	22152	买盘
09:31:09	18.46	--	45	83070	买盘
09:31:03	18.46	--	7	12922	买盘
09:31:00	18.46	-0.01	43	79378	卖盘
09:30:57	18.47	--	45	83115	买盘
09:30:54	18.47	--	10	18470	买盘
09:30:51	18.47	--	15	27705	买盘
09:30:48	18.47	--	6	11082	买盘
09:30:42	18.47	0.01	138	254885	买盘
09:30:36	18.46	--	5	9230	买盘
09:30:33	18.46	0.05	5	9230	买盘
09:30:30	18.41	--	5	9205	卖盘
09:30:27	18.41	0.01	20	36820	买盘
09:30:24	18.4	--	12	22080	买盘
09:30:21	18.4	--	5	9200	买盘
09:30:18	18.4	--	30	55199	买盘
09:30:15	18.4	--	130	239199	买盘
09:30:12	18.4	--	5	9200	买盘
09:30:03	18.4	0.03	336	618240	买盘
09:30:00	18.37	--	2	3674	买盘
09:25:03	18.37	18.37	568	1043416	买盘
