成交时间	成交价	价格变动	成交量(手)	成交额(元)	性质
15:00:03	17.14	--	2129	3649106	买盘
14:57:03	17.14	--	113	193682	买盘
14:57:00	17.14	--	30	51420	买盘
14:56:57	17.14	--	55	94270	买盘
14:56:54	17.14	0.02	69	118266	买盘
14:56:51	17.12	-0.02	14	23968	卖盘
14:56:48	17.14	0.02	15	25710	买盘
14:56:45	17.12	0.01	38	65056	中性盘
14:56:42	17.11	--	76	130036	卖盘
14:56:39	17.11	--	18	30798	卖盘
14:56:36	17.11	--	19	32509	卖盘
14:56:30	17.11	-0.03	87	148857	卖盘
14:56:27	17.14	0.02	35	59990	买盘
14:56:24	17.12	0.01	25	42800	中性盘
14:56:21	17.11	-0.01	22	37642	卖盘
14:56:18	17.12	0.01	17	29104	卖盘
14:56:15	17.11	--	28	47908	卖盘
14:56:12	17.11	-0.03	216	369576	卖盘
14:56:09	17.14	0.03	45	77130	买盘
14:56:06	17.11	-0.01	15	25665	卖盘
14:56:03	17.12	0.02	22	37664	中性盘
14:56:00	17.1	-0.02	111	189810	卖盘
14:55:57	17.12	0.02	22	37664	中性盘
14:55:54	17.1	-0.03	318	543780	卖盘
14:55:51	17.13	0.02	22	37686	买盘
14:55:48	17.11	-0.03	22	37642	卖盘
14:55:45	17.14	0.03	1	1714	买盘
14:55:42	17.11	0.01	15	25665	中性盘
14:55:39	17.1	--	26	44460	卖盘
14:55:36	17.1	--	45	76950	买盘
14:55:33	17.1	0.02	181	309510	卖盘
14:55:30	17.08	-0.02	98	167383	卖盘
14:55:27	17.1	--	69	117990	卖盘
14:55:24	17.1	--	68	116280	卖盘
14:55:21	17.1	--	47	80370	买盘
14:55:18	17.1	--	112	191520	卖盘
14:55:15	17.1	0.01	96	164160	买盘
14:55:12	17.09	-0.01	41	70069	卖盘
14:55:09	17.1	--	142	242820	买盘
14:55:06	17.1	--	14	23940	买盘
14:55:03	17.1	--	7	11970	买盘
14:55:00	17.1	--	30	51300	买盘
14:54:57	17.1	--	20	34200	买盘
14:54:54	17.1	0.02	281	480510	卖盘
14:54:51	17.08	-0.07	61	104187	卖盘
14:54:48	17.15	0.05	31	53164	买盘
14:54:45	17.1	--	203	347130	买盘
14:54:42	17.1	0.01	130	222300	买盘
14:54:39	17.09	--	6	10254	卖盘
14:54:36	17.09	-0.01	1	1709	卖盘
14:54:33	17.1	0.02	82	140220	买盘
14:54:30	17.08	0.01	52	88815	卖盘
14:54:24	17.07	-0.01	42	71694	卖盘
14:54:21	17.08	--	24	40991	买盘
14:54:18	17.08	0.03	8	13663	买盘
14:54:15	17.05	-0.01	20	34100	卖盘
14:54:12	17.06	-0.01	16	27295	卖盘
14:54:09	17.07	0.02	58	99006	买盘
14:54:06	17.05	0.03	75	127875	买盘
14:54:03	17.02	0.02	8	13616	买盘
14:54:00	17.0	--	32	54400	卖盘
14:53:57	17.0	-0.01	24	40800	卖盘
14:53:54	17.01	0.01	54	91854	买盘
14:53:51	17.0	--	91	154700	买盘
14:53:48	17.0	--	73	124100	买盘
14:53:45	17.0	--	37	62900	买盘
14:53:42	17.0	--	80	136000	买盘
14:53:39	17.0	0.01	245	416500	买盘
14:53:36	16.99	--	12	20387	卖盘
14:53:33	16.99	-0.01	6	10193	卖盘
14:53:30	17.0	--	77	130900	买盘
14:53:27	17.0	0.01	30	51000	买盘
14:53:24	16.99	-0.01	2	3397	卖盘
14:53:21	17.0	0.01	30	51000	买盘
14:53:18	16.99	--	198	336401	买盘
14:53:15	16.99	--	69	117230	买盘
14:53:12	16.99	0.01	98	166501	买盘
14:53:09	16.98	-0.01	19	32262	卖盘
14:53:06	16.99	--	18	30581	买盘
14:53:03	16.99	--	237	402662	买盘
14:53:00	16.99	0.03	18	30581	买盘
14:52:57	16.96	-0.02	71	120416	卖盘
14:52:54	16.98	0.01	264	448272	买盘
14:52:51	16.97	0.01	35	59394	买盘
14:52:48	16.96	--	18	30528	买盘
14:52:45	16.96	0.01	34	57664	买盘
14:52:42	16.95	--	51	86445	买盘
14:52:39	16.95	--	82	138990	买盘
14:52:36	16.95	0.01	18	30510	买盘
14:52:33	16.94	-0.01	6	10164	卖盘
14:52:30	16.95	0.01	122	206790	买盘
14:52:27	16.94	-0.01	11	18634	卖盘
14:52:24	16.95	0.01	96	162720	买盘
14:52:21	16.94	0.01	36	60984	买盘
14:52:18	16.93	-0.01	117	198081	卖盘
14:52:15	16.94	0.01	8	13552	买盘
14:52:09	16.93	--	14	23702	卖盘
14:52:06	16.93	0.01	20	34672	买盘
14:52:03	16.92	--	58	98660	买盘
14:52:00	16.92	--	5	8460	买盘
14:51:57	16.92	0.01	29	49321	买盘
14:51:54	16.91	0.01	21	35511	买盘
14:51:51	16.9	--	71	119989	卖盘
14:51:48	16.9	--	84	141960	卖盘
14:51:45	16.9	--	5	8450	卖盘
14:51:42	16.9	--	19	32109	买盘
14:51:39	16.9	--	64	108159	买盘
14:51:33	16.9	0.01	18	30419	买盘
14:51:24	16.89	--	13	22615	买盘
14:51:21	16.89	0.01	10	16890	买盘
14:51:18	16.88	-0.01	51	86088	卖盘
14:51:15	16.89	0.01	10	16890	买盘
14:51:12	16.88	0.01	14	23632	买盘
14:51:06	16.87	--	6	10122	卖盘
14:51:03	16.87	0.01	10	16870	中性盘
14:51:00	16.86	--	47	79242	卖盘
14:50:57	16.86	--	36	60696	买盘
14:50:54	16.86	--	67	112962	买盘
14:50:51	16.86	--	64	107904	买盘
14:50:48	16.86	--	44	74184	买盘
14:50:45	16.86	0.01	11	18546	买盘
14:50:42	16.85	0.01	79	133115	中性盘
14:50:39	16.84	--	60	101040	卖盘
14:50:36	16.84	-0.01	132	222288	卖盘
14:50:33	16.85	0.01	180	303300	买盘
14:50:30	16.84	--	4	6736	卖盘
14:50:27	16.84	--	122	205448	卖盘
14:50:24	16.84	--	26	43784	卖盘
14:50:21	16.84	--	9	15156	买盘
14:50:18	16.84	0.01	20	33680	买盘
14:50:15	16.83	-0.01	52	87515	卖盘
14:50:12	16.84	--	40	67360	买盘
14:50:09	16.84	--	5	8420	买盘
14:50:06	16.84	0.01	8	13472	买盘
14:49:57	16.83	-0.01	1	1682	卖盘
14:49:51	16.84	0.01	5	8420	买盘
14:49:48	16.83	--	14	23561	卖盘
14:49:42	16.83	--	10	16830	卖盘
14:49:33	16.83	-0.02	100	168299	卖盘
14:49:24	16.85	0.01	25	42125	买盘
14:49:21	16.84	0.01	6	10104	买盘
14:49:18	16.83	-0.01	39	65637	卖盘
14:49:12	16.84	0.01	7	11788	中性盘
14:49:03	16.83	-0.01	50	84149	卖盘
14:48:57	16.84	--	4	6736	卖盘
14:48:51	16.84	--	5	8420	买盘
14:48:48	16.84	0.03	50	84200	买盘
14:48:45	16.81	--	6	10086	买盘
14:48:39	16.81	-0.02	37	62196	卖盘
14:48:18	16.83	--	22	37025	卖盘
14:48:00	16.83	--	8	13463	卖盘
14:47:57	16.83	0.03	10	16830	买盘
14:47:54	16.8	-0.02	204	342720	卖盘
14:47:30	16.82	--	5	8410	卖盘
14:47:24	16.82	-0.01	44	74008	卖盘
14:47:21	16.83	0.01	1	1682	中性盘
14:47:15	16.82	--	54	90828	卖盘
14:47:12	16.82	--	32	53824	卖盘
14:47:09	16.82	--	10	16820	卖盘
14:47:03	16.82	--	9	15138	卖盘
14:46:57	16.82	--	44	74008	卖盘
14:46:51	16.82	--	104	174928	买盘
14:46:45	16.82	--	5	8410	买盘
14:46:42	16.82	--	14	23548	卖盘
14:46:33	16.82	--	8	13456	卖盘
14:46:30	16.82	--	72	121104	卖盘
14:46:27	16.82	--	3	5046	卖盘
14:46:24	16.82	--	6	10092	卖盘
14:46:03	16.82	-0.01	10	16820	卖盘
14:45:51	16.83	--	5	8415	买盘
14:45:33	16.83	--	30	50489	买盘
14:45:30	16.83	-0.01	27	45440	中性盘
14:45:18	16.84	0.01	64	107776	买盘
14:45:12	16.83	-0.01	3	5048	卖盘
14:45:00	16.84	--	3	5052	买盘
14:44:57	16.84	--	9	15156	卖盘
14:44:45	16.84	-0.01	5	8420	卖盘
14:44:39	16.85	--	46	77510	买盘
14:44:33	16.85	--	107	180295	卖盘
14:44:27	16.85	--	4	6740	卖盘
14:44:18	16.85	--	22	37070	卖盘
14:44:15	16.85	--	30	50550	卖盘
14:44:09	16.85	--	10	16850	卖盘
14:44:06	16.85	--	18	30330	卖盘
14:44:00	16.85	--	5	8425	买盘
14:43:42	16.85	--	6	10110	卖盘
14:43:39	16.85	--	20	33700	卖盘
14:43:33	16.85	--	19	32015	卖盘
14:43:30	16.85	--	3	5055	卖盘
14:43:27	16.85	--	2	3370	买盘
14:43:24	16.85	--	109	183665	买盘
14:43:15	16.85	0.01	58	97730	买盘
14:43:12	16.84	-0.01	5	8420	卖盘
14:43:06	16.85	--	3	5055	买盘
14:43:00	16.85	--	73	123005	卖盘
14:42:57	16.85	--	10	16850	卖盘
14:42:54	16.85	--	5	8425	卖盘
14:42:48	16.85	-0.01	45	75825	卖盘
14:42:42	16.86	0.01	76	128136	买盘
14:42:27	16.85	-0.01	5	8425	卖盘
14:42:09	16.86	-0.02	76	128136	卖盘
14:42:06	16.88	--	40	67520	卖盘
14:42:03	16.88	--	2	3376	卖盘
14:41:57	16.88	--	6	10128	卖盘
14:41:54	16.88	--	10	16880	卖盘
14:41:51	16.88	--	7	11816	卖盘
14:41:36	16.88	-0.01	20	33760	卖盘
14:41:18	16.89	-0.01	5	9475	卖盘
14:41:15	16.9	0.01	2	3379	买盘
14:41:03	16.89	-0.01	30	50670	卖盘
14:41:00	16.9	--	8	13519	卖盘
14:40:57	16.9	--	14	23659	卖盘
14:40:54	16.9	--	30	50699	卖盘
14:40:42	16.9	--	48	81120	卖盘
14:40:33	16.9	--	11	18590	卖盘
14:40:27	16.9	-0.01	100	169000	卖盘
14:40:12	16.91	-0.01	47	79477	卖盘
14:40:09	16.92	--	3	5076	买盘
14:39:57	16.92	--	3	5076	买盘
14:39:54	16.92	--	25	43467	卖盘
14:39:51	16.92	--	5	8460	卖盘
14:39:33	16.92	--	66	111672	卖盘
14:39:30	16.92	-0.01	30	50760	卖盘
14:39:18	16.93	--	7	11851	买盘
14:39:06	16.93	0.01	100	169300	买盘
14:39:03	16.92	--	67	113364	卖盘
14:38:54	16.92	--	2	3384	卖盘
14:38:51	16.92	-0.01	7	11844	卖盘
14:38:42	16.93	--	5	8465	买盘
14:38:39	16.93	--	1	1693	买盘
14:38:36	16.93	0.01	6	10158	买盘
14:38:33	16.92	-0.01	1	1692	卖盘
14:38:06	16.93	0.01	7	11851	买盘
14:38:03	16.92	-0.01	30	50760	卖盘
14:38:00	16.93	0.01	4	6772	买盘
14:37:57	16.92	--	4	6768	卖盘
14:37:51	16.92	--	52	87984	卖盘
14:37:42	16.92	--	8	14060	卖盘
14:37:39	16.92	--	1	1692	卖盘
14:37:36	16.92	--	105	177660	买盘
14:37:33	16.92	--	50	84600	买盘
14:37:24	16.92	0.01	26	43992	买盘
14:37:18	16.91	-0.01	4	6764	卖盘
14:37:03	16.92	--	64	108288	卖盘
14:36:51	16.92	--	2	3384	卖盘
14:36:48	16.92	-0.01	2	3384	卖盘
14:36:42	16.93	0.01	5	8465	买盘
14:36:39	16.92	--	44	74448	卖盘
14:36:33	16.92	--	60	101520	卖盘
14:36:30	16.92	--	2	3384	卖盘
14:36:27	16.92	-0.01	5	8460	卖盘
14:36:15	16.93	0.01	2	3386	买盘
14:35:57	16.92	--	10	16920	卖盘
14:35:51	16.92	-0.01	8	13536	卖盘
14:35:45	16.93	0.01	20	33860	买盘
14:35:42	16.92	--	5	8460	卖盘
14:35:36	16.92	--	10	16920	卖盘
14:35:27	16.92	-0.01	2	3384	卖盘
14:35:24	16.93	0.01	1	1693	买盘
14:35:12	16.92	-0.02	57	96444	卖盘
14:35:09	16.94	--	10	16940	买盘
14:35:06	16.94	0.02	67	113498	买盘
14:35:03	16.92	--	2	3384	卖盘
14:34:51	16.92	--	28	47376	买盘
14:34:45	16.92	--	3	5076	卖盘
14:34:39	16.92	--	7	11844	卖盘
14:34:36	16.92	--	10	16920	卖盘
14:34:30	16.92	0.01	2	3384	中性盘
14:34:21	16.91	-0.03	30	50730	卖盘
14:34:06	16.94	0.02	2	3388	买盘
14:34:00	16.92	-0.02	3	5076	卖盘
14:33:51	16.94	0.02	12	20328	买盘
14:33:48	16.92	--	19	32148	买盘
14:33:33	16.92	--	5	8460	买盘
14:33:12	16.92	0.01	31	52452	买盘
14:33:00	16.91	0.01	9	15219	买盘
14:32:57	16.9	-0.01	20	33800	卖盘
14:32:54	16.91	--	4	6764	买盘
14:32:51	16.91	0.01	10	16910	买盘
14:32:48	16.9	-0.01	20	33800	卖盘
14:32:39	16.91	--	18	30438	买盘
14:32:36	16.91	0.01	5	8455	买盘
14:32:33	16.9	0.01	16	27039	中性盘
14:32:12	16.89	-0.02	25	42225	卖盘
14:32:09	16.91	-0.01	8	13528	中性盘
14:32:00	16.92	0.02	26	43992	买盘
14:31:57	16.9	-0.01	100	169000	卖盘
14:31:54	16.91	--	2	3382	卖盘
14:31:51	16.91	--	4	6764	卖盘
14:31:42	16.91	-0.04	3	5073	中性盘
14:31:36	16.95	0.03	86	145770	买盘
14:31:27	16.92	--	3	5076	卖盘
14:31:18	16.92	--	8	13536	卖盘
14:31:09	16.92	-0.02	9	15228	卖盘
14:31:03	16.94	0.02	47	79618	买盘
14:30:42	16.92	-0.02	24	40608	卖盘
14:30:33	16.94	--	1	1694	卖盘
14:30:18	16.94	--	3	5082	卖盘
14:30:12	16.94	0.02	47	79618	买盘
14:30:00	16.92	0.02	1	1692	中性盘
14:29:51	16.9	-0.03	60	101399	卖盘
14:29:42	16.93	0.01	21	35553	买盘
14:29:39	16.92	--	8	13536	卖盘
14:29:36	16.92	-0.01	2	3384	卖盘
14:29:27	16.93	-0.01	5	8465	中性盘
14:29:12	16.94	0.01	3	5082	买盘
14:29:09	16.93	--	10	16930	卖盘
14:29:06	16.93	-0.01	3	5079	卖盘
14:29:00	16.94	-0.01	3	5082	卖盘
14:28:45	16.95	--	10	16950	买盘
14:28:39	16.95	--	6	10170	买盘
14:28:27	16.95	--	3	5085	卖盘
14:28:24	16.95	-0.02	53	89835	卖盘
14:28:21	16.97	--	10	16970	卖盘
14:28:18	16.97	0.02	124	210428	买盘
14:28:09	16.95	-0.01	12	20340	卖盘
14:28:06	16.96	0.01	2	3392	买盘
14:28:00	16.95	--	21	35595	卖盘
14:27:42	16.95	-0.01	13	22035	卖盘
14:27:39	16.96	0.01	2	3392	买盘
14:27:36	16.95	0.02	44	74580	中性盘
14:27:30	16.93	-0.01	127	215011	卖盘
14:27:27	16.94	0.01	6	10164	卖盘
14:27:24	16.93	-0.02	8	13544	卖盘
14:27:21	16.95	--	1	1695	买盘
14:27:18	16.95	--	10	16950	买盘
14:27:15	16.95	0.01	54	91530	买盘
14:27:12	16.94	--	10	16940	买盘
14:27:06	16.94	--	5	8470	卖盘
14:27:03	16.94	--	1	1694	卖盘
14:26:57	16.94	--	11	18634	卖盘
14:26:48	16.94	--	1	1694	卖盘
14:26:45	16.94	--	8	13552	卖盘
14:26:42	16.94	--	6	10164	卖盘
14:26:39	16.94	--	23	38962	卖盘
14:26:33	16.94	--	1	1694	卖盘
14:26:30	16.94	0.01	43	72842	买盘
14:26:15	16.93	-0.01	4	6772	卖盘
14:26:06	16.94	0.02	11	18634	买盘
14:26:00	16.92	-0.02	1	1692	卖盘
14:25:51	16.94	0.02	45	76230	买盘
14:25:48	16.92	-0.01	4	6768	卖盘
14:25:45	16.93	-0.01	3	5079	卖盘
14:25:39	16.94	0.01	1	1694	买盘
14:25:36	16.93	--	20	33860	卖盘
14:25:21	16.93	-0.01	2	3386	卖盘
14:25:15	16.94	0.01	5	8470	买盘
14:25:12	16.93	-0.01	7	11851	卖盘
14:25:09	16.94	0.01	22	37268	买盘
14:25:00	16.93	0.01	9	15237	买盘
14:24:57	16.92	--	27	45684	卖盘
14:24:48	16.92	--	3	5076	卖盘
14:24:39	16.92	--	5	8460	卖盘
14:24:36	16.92	0.01	81	137052	买盘
14:24:30	16.91	0.01	52	87932	买盘
14:24:21	16.9	--	2	3379	卖盘
14:24:18	16.9	--	5	8450	卖盘
14:24:09	16.9	--	1	1689	卖盘
14:24:06	16.9	--	10	16900	卖盘
14:24:03	16.9	--	15	25349	卖盘
14:24:00	16.9	--	7	11829	卖盘
14:23:54	16.9	0.01	55	93609	买盘
14:23:51	16.89	--	15	25335	买盘
14:23:24	16.89	-0.01	38	64182	卖盘
14:23:18	16.9	--	235	397149	买盘
14:23:12	16.9	0.01	1	1689	买盘
14:23:06	16.89	-0.01	3	5067	卖盘
14:22:57	16.9	--	5	8450	买盘
14:22:51	16.9	--	4	6759	买盘
14:22:45	16.9	--	30	50699	买盘
14:22:42	16.9	--	7	11829	买盘
14:22:39	16.9	--	5	8450	买盘
14:22:33	16.9	--	10	16900	买盘
14:22:30	16.9	--	15	25349	买盘
14:22:24	16.9	0.01	32	54079	买盘
14:22:21	16.89	--	7	11823	买盘
14:22:18	16.89	-0.01	1	1689	中性盘
14:22:06	16.9	0.01	52	87879	买盘
14:22:03	16.89	--	6	10134	买盘
14:21:51	16.89	--	10	16890	买盘
14:21:45	16.89	--	5	8445	买盘
14:21:36	16.89	--	5	8445	买盘
14:21:27	16.89	0.01	32	54048	买盘
14:21:24	16.88	0.01	7	11816	买盘
14:21:21	16.87	--	3	5061	卖盘
14:21:18	16.87	-0.01	1	1687	中性盘
14:21:06	16.88	0.02	180	303840	买盘
14:20:57	16.86	--	29	48894	买盘
14:20:48	16.86	0.01	85	143310	买盘
14:20:39	16.85	--	2	3370	卖盘
14:20:30	16.85	--	4	6740	卖盘
14:20:24	16.85	--	2	3370	卖盘
14:19:54	16.85	--	2	3370	卖盘
14:19:51	16.85	--	24	40440	卖盘
14:19:48	16.85	-0.01	33	55605	卖盘
14:19:45	16.86	0.01	10	16860	买盘
14:19:42	16.85	--	4	6740	卖盘
14:19:39	16.85	--	3	5055	卖盘
14:19:15	16.85	-0.01	10	16850	卖盘
14:19:03	16.86	--	10	16860	买盘
14:18:54	16.86	0.01	3	5058	买盘
14:18:39	16.85	--	3	5055	卖盘
14:18:30	16.85	--	1	1685	卖盘
14:18:15	16.85	--	8	13480	卖盘
14:18:12	16.85	--	8	13480	卖盘
14:18:09	16.85	--	30	50550	卖盘
14:18:06	16.85	--	8	13480	卖盘
14:18:00	16.85	--	5	8425	卖盘
14:17:54	16.85	--	190	320150	买盘
14:17:30	16.85	--	2	3370	买盘
14:17:27	16.85	--	5	8425	卖盘
14:17:18	16.85	-0.01	11	18535	卖盘
14:17:15	16.86	0.01	200	337200	买盘
14:17:09	16.85	-0.01	14	23590	卖盘
14:16:57	16.86	--	19	32034	买盘
14:16:51	16.86	--	8	13488	卖盘
14:16:42	16.86	--	5	8430	卖盘
14:16:36	16.86	--	5	8430	卖盘
14:16:33	16.86	--	8	13488	卖盘
14:16:21	16.86	--	31	52266	卖盘
14:16:15	16.86	--	2	3372	卖盘
14:16:06	16.86	0.01	9	15174	买盘
14:16:00	16.85	-0.01	10	16850	卖盘
14:15:48	16.86	--	1	1686	买盘
14:15:45	16.86	--	15	25290	卖盘
14:15:42	16.86	--	30	50580	卖盘
14:15:36	16.86	0.01	7	11802	卖盘
14:15:30	16.85	-0.02	6	10110	卖盘
14:15:27	16.87	0.02	3	5061	买盘
14:15:15	16.85	--	10	16850	卖盘
14:14:57	16.85	-0.02	5	8425	卖盘
14:14:51	16.87	--	1	1687	卖盘
14:14:48	16.87	0.02	287	484169	中性盘
14:14:33	16.85	-0.03	6	10110	卖盘
14:14:24	16.88	0.02	245	413560	买盘
14:14:21	16.86	--	4	6744	买盘
14:14:15	16.86	--	13	21918	卖盘
14:14:09	16.86	--	3	5058	卖盘
14:14:06	16.86	-0.02	22	37092	卖盘
14:13:45	16.88	0.01	24	40512	买盘
14:13:42	16.87	-0.01	4	6748	卖盘
14:13:39	16.88	0.01	1	1688	买盘
14:13:30	16.87	-0.01	1	1687	卖盘
14:13:27	16.88	--	13	21944	买盘
14:13:18	16.88	--	1	1688	买盘
14:13:03	16.88	0.02	118	199184	买盘
14:13:00	16.86	--	5	8430	卖盘
14:12:54	16.86	--	2	3372	卖盘
14:12:39	16.86	0.01	12	20232	买盘
14:12:27	16.85	--	39	65715	卖盘
14:12:18	16.85	--	1	1685	卖盘
14:12:03	16.85	--	27	45495	买盘
14:11:57	16.85	-0.01	97	163445	卖盘
14:11:45	16.86	--	7	11802	买盘
14:11:33	16.86	0.01	6	10116	买盘
14:11:27	16.85	--	5	8425	卖盘
14:11:21	16.85	-0.01	26	43810	卖盘
14:11:18	16.86	--	5	8430	买盘
14:11:03	16.86	0.01	9	15174	买盘
14:11:00	16.85	-0.01	2	3370	卖盘
14:10:51	16.86	--	6	10116	卖盘
14:10:39	16.86	-0.03	7	11802	卖盘
14:10:36	16.89	0.01	122	206058	买盘
14:10:30	16.88	--	2	3376	卖盘
14:10:12	16.88	0.01	41	69208	买盘
14:10:09	16.87	-0.01	20	33740	中性盘
14:09:48	16.88	0.02	33	55704	买盘
14:09:42	16.86	--	2	3372	卖盘
14:09:39	16.86	--	6	10116	卖盘
14:09:36	16.86	0.01	60	101160	买盘
14:09:33	16.85	0.01	50	84250	买盘
14:09:27	16.84	--	3	5052	卖盘
14:09:24	16.84	-0.01	3	5052	卖盘
14:09:18	16.85	--	50	84250	买盘
14:09:12	16.85	--	5	8425	买盘
14:09:03	16.85	0.01	1	1685	买盘
14:09:00	16.84	--	30	50520	卖盘
14:08:36	16.84	-0.01	5	8420	卖盘
14:08:27	16.85	0.02	48	80880	买盘
14:08:12	16.83	0.01	14	23561	卖盘
14:08:06	16.82	--	7	11774	买盘
14:07:57	16.82	-0.02	4	6728	中性盘
14:07:54	16.84	0.02	19	31996	买盘
14:07:51	16.82	--	1	1682	买盘
14:07:30	16.82	--	20	33640	买盘
14:07:27	16.82	--	7	11774	买盘
14:07:24	16.82	--	15	25230	卖盘
14:07:12	16.82	0.02	8	13456	中性盘
14:06:45	16.8	--	70	118070	买盘
14:06:42	16.8	--	7	11760	买盘
14:06:39	16.8	--	150	252050	买盘
14:06:36	16.8	0.01	26	43680	买盘
14:06:33	16.79	-0.01	9	15111	卖盘
14:06:30	16.8	--	104	174720	买盘
14:06:27	16.8	--	200	336000	买盘
14:06:15	16.8	0.01	300	504000	买盘
14:06:12	16.79	-0.01	12	20148	卖盘
14:06:09	16.8	--	5	8400	买盘
14:06:00	16.8	--	21	35280	买盘
14:05:51	16.8	0.01	229	384720	买盘
14:05:48	16.79	-0.01	1	1679	卖盘
14:05:42	16.8	0.01	110	184800	买盘
14:05:39	16.79	--	9	15111	卖盘
14:05:36	16.79	--	6	10074	卖盘
14:05:33	16.79	--	38	63802	卖盘
14:05:30	16.79	--	93	156147	卖盘
14:05:27	16.79	--	80	134320	卖盘
14:05:24	16.79	-0.01	10	16790	卖盘
14:05:21	16.8	--	3	5040	买盘
14:05:15	16.8	--	148	248640	买盘
14:05:06	16.8	--	156	262080	买盘
14:04:57	16.8	--	125	210000	买盘
14:04:51	16.8	0.01	8	13440	买盘
14:04:48	16.79	--	101	169579	卖盘
14:04:39	16.79	--	19	31901	卖盘
14:04:27	16.79	--	1	1679	卖盘
14:04:24	16.79	--	72	120888	卖盘
14:04:21	16.79	--	5	8395	卖盘
14:04:15	16.79	--	165	277035	卖盘
14:04:12	16.79	--	24	40296	卖盘
14:04:06	16.79	0.01	1	1679	卖盘
14:03:51	16.78	--	59	99002	卖盘
14:03:45	16.78	-0.02	5	8390	卖盘
14:03:39	16.8	--	82	137760	买盘
14:03:36	16.8	--	40	67200	买盘
14:03:30	16.8	0.02	20	33600	买盘
14:03:24	16.78	-0.02	1	1678	卖盘
14:03:15	16.8	--	100	168000	买盘
14:03:12	16.8	--	20	33600	买盘
14:03:03	16.8	--	100	168000	买盘
14:03:00	16.8	-0.05	890	1495200	卖盘
14:02:57	16.85	0.01	2	3370	买盘
14:02:54	16.84	--	8	13472	卖盘
14:02:45	16.84	--	1	1684	卖盘
14:02:36	16.84	--	10	16840	买盘
14:02:21	16.84	0.01	10	16840	买盘
14:02:18	16.83	-0.02	1	1682	卖盘
14:01:57	16.85	0.01	4	6740	买盘
14:01:54	16.84	--	10	16840	卖盘
14:01:51	16.84	--	3	5052	卖盘
14:01:42	16.84	--	15	25260	卖盘
14:01:36	16.84	--	35	58940	卖盘
14:01:33	16.84	--	5	8420	卖盘
14:01:18	16.84	0.01	17	28628	买盘
14:01:15	16.83	--	1	1682	卖盘
14:01:12	16.83	--	1	1682	卖盘
14:01:00	16.83	-0.01	1	1682	卖盘
14:00:36	16.84	--	2	3368	买盘
14:00:03	16.84	-0.01	1	1684	卖盘
13:59:54	16.85	0.01	5	8425	买盘
13:59:33	16.84	-0.01	31	52204	中性盘
13:59:15	16.85	0.02	12	20220	买盘
13:59:03	16.83	--	2	3365	卖盘
13:58:54	16.83	--	3	5048	卖盘
13:58:21	16.83	-0.01	1	1682	卖盘
13:58:18	16.84	0.01	11	18524	买盘
13:58:12	16.83	-0.01	5	8415	卖盘
13:57:54	16.84	0.01	10	16840	中性盘
13:57:48	16.83	-0.01	20	33660	卖盘
13:57:33	16.84	--	2	3368	卖盘
13:57:09	16.84	-0.01	70	117880	卖盘
13:57:06	16.85	0.01	11	18535	中性盘
13:57:03	16.84	--	15	25260	卖盘
13:57:00	16.84	-0.01	3	5052	卖盘
13:56:51	16.85	--	1	1685	卖盘
13:56:45	16.85	0.01	7	11795	买盘
13:56:36	16.84	--	5	8420	卖盘
13:56:27	16.84	--	5	8420	卖盘
13:56:24	16.84	--	13	21892	卖盘
13:56:18	16.84	--	15	25260	买盘
13:56:15	16.84	0.01	10	16840	买盘
13:56:06	16.83	--	2	3365	卖盘
13:55:57	16.83	--	18	30293	卖盘
13:55:54	16.83	--	138	232253	买盘
13:55:51	16.83	0.01	1	1682	买盘
13:55:45	16.82	--	1	1682	卖盘
13:55:42	16.82	-0.01	1	1682	卖盘
13:55:27	16.83	--	5	8415	买盘
13:55:24	16.83	--	44	74051	卖盘
13:55:18	16.83	-0.03	20	33660	卖盘
13:54:57	16.86	0.02	152	256272	买盘
13:54:42	16.84	--	8	13472	买盘
13:54:39	16.84	--	16	26944	卖盘
13:54:36	16.84	--	1	1684	卖盘
13:54:27	16.84	--	3	5052	买盘
13:54:15	16.84	-0.01	5	8420	卖盘
13:54:12	16.85	--	26	43810	卖盘
13:54:06	16.85	--	1	1685	卖盘
13:54:03	16.85	--	4	6740	卖盘
13:53:57	16.85	--	11	18535	卖盘
13:53:48	16.85	--	22	37070	卖盘
13:53:36	16.85	--	1	1685	卖盘
13:53:09	16.85	-0.03	5	8425	卖盘
13:52:51	16.88	--	152	256575	买盘
13:52:39	16.88	0.04	12	20256	中性盘
13:52:33	16.84	-0.08	10	16840	卖盘
13:52:30	16.92	0.04	153	258876	买盘
13:52:15	16.88	0.03	20	33760	买盘
13:52:06	16.85	-0.03	12	20220	卖盘
13:52:00	16.88	0.01	22	37136	买盘
13:51:54	16.87	--	4	6748	买盘
13:51:45	16.87	-0.01	5	8435	卖盘
13:51:42	16.88	--	12	20256	买盘
13:51:39	16.88	0.01	3	5064	买盘
13:51:36	16.87	-0.01	3	5061	卖盘
13:51:27	16.88	0.01	5	8440	中性盘
13:51:15	16.87	-0.06	25	42175	卖盘
13:51:12	16.93	0.03	45	76185	买盘
13:51:09	16.9	-0.02	6	10140	中性盘
13:50:51	16.92	0.03	37	62604	买盘
13:50:48	16.89	--	0	1030	卖盘
13:50:45	16.89	-0.02	12	20268	卖盘
13:50:42	16.91	0.02	7	11837	买盘
13:50:33	16.89	--	12	20268	卖盘
13:50:30	16.89	-0.01	20	33780	卖盘
13:50:24	16.9	0.01	219	370109	买盘
13:50:21	16.89	--	1	1689	卖盘
13:50:18	16.89	--	10	16890	卖盘
13:50:09	16.89	--	1	1689	卖盘
13:50:06	16.89	0.01	73	123955	买盘
13:50:03	16.88	-0.01	57	96216	卖盘
13:50:00	16.89	0.01	33	55737	买盘
13:49:51	16.88	-0.01	4	6752	卖盘
13:49:48	16.89	--	5	8445	买盘
13:49:42	16.89	0.01	1	1689	买盘
13:49:39	16.88	--	15	25320	卖盘
13:49:36	16.88	--	6	10128	卖盘
13:49:33	16.88	--	10	16880	卖盘
13:49:30	16.88	0.02	228	384864	买盘
13:49:27	16.86	--	5	8430	卖盘
13:49:21	16.86	0.01	205	345630	买盘
13:49:18	16.85	0.01	3	5055	买盘
13:49:15	16.84	--	21	35364	卖盘
13:48:45	16.84	-0.01	8	13472	卖盘
13:48:39	16.85	--	20	33700	买盘
13:48:33	16.85	--	5	8425	买盘
13:48:27	16.85	--	15	25275	卖盘
13:48:21	16.85	--	40	67400	卖盘
13:48:12	16.85	--	1	1685	卖盘
13:48:09	16.85	--	1	1685	卖盘
13:48:06	16.85	-0.01	5	8425	卖盘
13:48:00	16.86	0.01	5	8430	买盘
13:47:51	16.85	--	2	3370	卖盘
13:47:48	16.85	--	10	16850	卖盘
13:47:36	16.85	0.01	26	43810	买盘
13:47:27	16.84	-0.01	8	13472	卖盘
13:47:21	16.85	--	8	13480	卖盘
13:47:15	16.85	-0.01	17	28645	卖盘
13:47:00	16.86	--	14	23604	卖盘
13:46:57	16.86	-0.01	10	16860	卖盘
13:46:51	16.87	0.01	15	25305	买盘
13:46:42	16.86	--	1	1686	卖盘
13:46:36	16.86	--	26	43836	卖盘
13:46:18	16.86	--	1	1686	卖盘
13:46:15	16.86	--	1	1686	卖盘
13:46:09	16.86	--	2	3372	卖盘
13:46:03	16.86	--	25	42150	卖盘
13:46:00	16.86	--	2	3372	卖盘
13:45:42	16.86	-0.01	15	25290	卖盘
13:45:33	16.87	0.01	5	8435	买盘
13:45:30	16.86	-0.01	10	16860	卖盘
13:44:57	16.87	0.01	20	33740	买盘
13:44:54	16.86	--	1	1686	卖盘
13:44:42	16.86	-0.01	8	13488	卖盘
13:44:39	16.87	--	1	1687	买盘
13:44:36	16.87	--	9	15183	卖盘
13:44:33	16.87	0.01	28	47236	买盘
13:44:24	16.86	--	21	35406	卖盘
13:44:21	16.86	0.01	10	16860	买盘
13:44:18	16.85	-0.01	6	10110	卖盘
13:44:15	16.86	--	18	30348	买盘
13:43:57	16.86	0.01	10	16860	买盘
13:43:51	16.85	0.01	1	1685	卖盘
13:43:45	16.84	-0.01	20	33680	卖盘
13:43:39	16.85	--	2	3370	买盘
13:43:36	16.85	--	6	10110	买盘
13:43:18	16.85	0.01	11	18535	买盘
13:43:15	16.84	0.01	34	57256	买盘
13:43:06	16.83	--	1	1682	卖盘
13:43:00	16.83	0.01	2	3365	卖盘
13:42:54	16.82	-0.01	50	84100	卖盘
13:42:48	16.83	--	10	16830	卖盘
13:42:45	16.83	--	1	1682	卖盘
13:42:42	16.83	0.01	4	6731	买盘
13:42:36	16.82	--	33	55506	卖盘
13:42:33	16.82	-0.01	11	18502	卖盘
13:42:30	16.83	0.01	14	23561	买盘
13:42:21	16.82	--	3	5046	卖盘
13:42:15	16.82	0.01	9	16752	买盘
13:42:12	16.81	--	5	8405	卖盘
13:42:06	16.81	-0.01	3	5043	卖盘
13:42:03	16.82	--	10	16820	买盘
13:41:48	16.82	--	10	16820	买盘
13:41:30	16.82	--	1	1749	卖盘
13:41:27	16.82	--	4	6728	卖盘
13:41:24	16.82	--	4	6728	卖盘
13:41:21	16.82	--	14	23548	卖盘
13:41:18	16.82	--	1	1682	卖盘
13:41:15	16.82	-0.01	2	3364	卖盘
13:41:09	16.83	--	8	13463	买盘
13:41:06	16.83	--	16	26927	买盘
13:40:57	16.83	--	13	21878	卖盘
13:40:51	16.83	-0.01	2	3365	卖盘
13:40:33	16.84	0.01	3	5052	卖盘
13:40:30	16.83	--	15	25244	卖盘
13:40:24	16.83	--	2	3365	卖盘
13:40:18	16.83	-0.02	10	16830	卖盘
13:40:15	16.85	0.02	22	37070	买盘
13:40:09	16.83	--	1	1682	卖盘
13:40:03	16.83	--	1	1682	卖盘
13:39:54	16.83	--	5	8415	卖盘
13:39:51	16.83	--	3	5048	卖盘
13:39:42	16.83	-0.01	10	16830	卖盘
13:39:36	16.84	--	9	15156	卖盘
13:39:30	16.84	--	7	11788	卖盘
13:39:24	16.84	--	15	25260	卖盘
13:39:12	16.84	-0.01	2	3368	卖盘
13:39:03	16.85	0.01	1	1685	买盘
13:38:57	16.84	--	18	30312	卖盘
13:38:51	16.84	0.01	102	171768	买盘
13:38:45	16.83	-0.01	5	8415	卖盘
13:38:33	16.84	0.01	1	1684	买盘
13:38:30	16.83	--	13	21878	卖盘
13:38:21	16.83	-0.01	19	31976	卖盘
13:38:03	16.84	0.01	1	1684	买盘
13:38:00	16.83	-0.01	5	8415	卖盘
13:37:36	16.84	--	6	10104	买盘
13:37:33	16.84	0.01	1	1684	买盘
13:37:21	16.83	--	10	16830	卖盘
13:37:18	16.83	-0.01	13	21878	卖盘
13:37:09	16.84	0.01	30	50520	买盘
13:37:06	16.83	-0.01	30	50489	卖盘
13:37:03	16.84	--	3	5052	买盘
13:36:57	16.84	--	3	5052	卖盘
13:36:45	16.84	--	10	16840	卖盘
13:36:42	16.84	--	4	6736	卖盘
13:36:36	16.84	--	5	8420	卖盘
13:36:33	16.84	--	31	52204	卖盘
13:36:30	16.84	-0.01	5	8420	卖盘
13:36:15	16.85	--	4	6740	卖盘
13:36:06	16.85	--	36	60660	买盘
13:36:00	16.85	--	1	1685	买盘
13:35:30	16.85	-0.01	81	136485	卖盘
13:35:27	16.86	--	2	3372	卖盘
13:35:18	16.86	--	1	1686	卖盘
13:35:15	16.86	--	4	6744	卖盘
13:35:12	16.86	--	6	10116	买盘
13:35:00	16.86	--	1	1686	买盘
13:34:57	16.86	0.01	2	3372	中性盘
13:34:39	16.85	-0.01	44	74140	卖盘
13:34:33	16.86	-0.02	1	1686	卖盘
13:34:30	16.88	0.02	1	1688	买盘
13:34:24	16.86	-0.02	6	10116	卖盘
13:34:21	16.88	0.02	8	13504	买盘
13:33:57	16.86	--	51	85986	卖盘
13:33:39	16.86	--	10	16860	卖盘
13:33:30	16.86	--	5	8430	买盘
13:33:12	16.86	--	11	18546	卖盘
13:33:09	16.86	-0.02	5	8430	卖盘
13:33:03	16.88	0.02	31	52328	买盘
13:32:54	16.86	--	2	3372	买盘
13:32:48	16.86	-0.02	1	1686	卖盘
13:32:45	16.88	0.02	25	42200	买盘
13:32:39	16.86	--	1	1686	卖盘
13:32:33	16.86	--	20	33720	卖盘
13:32:24	16.86	0.02	127	215217	买盘
13:32:03	16.84	-0.01	10	16840	中性盘
13:31:48	16.85	--	82	138170	卖盘
13:31:39	16.85	-0.01	7	11795	卖盘
13:31:33	16.86	--	2	3372	买盘
13:31:27	16.86	0.01	1	1686	买盘
13:31:21	16.85	-0.01	7	11795	卖盘
13:31:12	16.86	--	5	8430	买盘
13:31:09	16.86	0.01	17	28662	买盘
13:31:06	16.85	--	4	6740	卖盘
13:30:36	16.85	--	1	1685	卖盘
13:30:24	16.85	--	10	16850	卖盘
13:30:12	16.85	--	3	5055	卖盘
13:30:06	16.85	0.02	44	74140	买盘
13:29:48	16.83	-0.01	5	8415	卖盘
13:29:45	16.84	-0.01	10	16840	中性盘
13:29:33	16.85	--	10	16850	买盘
13:29:24	16.85	0.02	10	16850	买盘
13:28:57	16.83	--	1	1682	卖盘
13:28:54	16.83	--	1	1682	卖盘
13:28:51	16.83	--	20	33660	买盘
13:28:48	16.83	--	6	10097	买盘
13:28:42	16.83	--	17	28610	买盘
13:28:33	16.83	0.01	1	1682	买盘
13:28:24	16.82	-0.01	7	11774	卖盘
13:27:54	16.83	--	3	5048	买盘
13:27:45	16.83	--	9	15146	卖盘
13:27:39	16.83	--	1	1682	卖盘
13:27:33	16.83	--	6	10097	卖盘
13:27:18	16.83	--	10	16830	卖盘
13:27:15	16.83	--	1	1682	卖盘
13:27:06	16.83	--	7	11780	卖盘
13:26:57	16.83	-0.02	1	1682	卖盘
13:26:51	16.85	0.02	12	20220	买盘
13:26:48	16.83	--	6	10097	卖盘
13:26:39	16.83	--	15	25244	卖盘
13:26:33	16.83	--	8	13463	卖盘
13:26:30	16.83	--	3	5048	卖盘
13:26:21	16.83	--	10	16830	卖盘
13:26:18	16.83	-0.03	1	1682	卖盘
13:26:12	16.86	0.03	18	30348	买盘
13:26:06	16.83	-0.02	6	10097	卖盘
13:26:03	16.85	-0.01	1	1685	卖盘
13:25:57	16.86	--	56	94416	买盘
13:25:54	16.86	0.01	44	74184	买盘
13:25:51	16.85	--	20	33700	卖盘
13:25:48	16.85	--	7	11795	卖盘
13:25:39	16.85	--	51	85935	卖盘
13:25:36	16.85	--	3	5055	卖盘
13:25:30	16.85	--	14	23590	卖盘
13:25:27	16.85	-0.01	5	8425	卖盘
13:25:15	16.86	--	2	3372	卖盘
13:25:09	16.86	--	23	38778	卖盘
13:25:06	16.86	--	10	16860	卖盘
13:25:03	16.86	--	1	1686	卖盘
13:24:57	16.86	--	15	25290	卖盘
13:24:54	16.86	--	2	3372	卖盘
13:24:51	16.86	--	20	33720	卖盘
13:24:45	16.86	--	15	25290	卖盘
13:24:27	16.86	-0.01	6	10116	卖盘
13:24:18	16.87	--	18	30366	买盘
13:24:12	16.87	--	1	1687	买盘
13:24:03	16.87	--	2	3374	卖盘
13:23:57	16.87	--	4	6748	卖盘
13:23:45	16.87	--	2	3374	卖盘
13:23:42	16.87	--	6	10122	买盘
13:23:24	16.87	-0.01	17	28679	卖盘
13:23:18	16.88	--	21	35448	买盘
13:23:15	16.88	0.01	18	30384	买盘
13:23:12	16.87	-0.01	2	3374	卖盘
13:23:09	16.88	0.01	6	10128	买盘
13:23:03	16.87	0.01	9	15183	中性盘
13:22:54	16.86	--	3	5058	卖盘
13:22:51	16.86	--	10	16860	卖盘
13:22:48	16.86	-0.01	57	96102	卖盘
13:22:45	16.87	0.01	38	64106	买盘
13:22:42	16.86	--	6	10116	卖盘
13:22:33	16.86	--	10	16860	卖盘
13:22:30	16.86	--	8	13488	卖盘
13:22:24	16.86	--	1	1686	卖盘
13:22:21	16.86	--	35	59010	卖盘
13:22:18	16.86	--	10	16860	卖盘
13:22:06	16.86	-0.01	13	21918	卖盘
13:21:57	16.87	--	3	5061	卖盘
13:21:51	16.87	-0.01	2	3374	卖盘
13:21:45	16.88	--	16	27008	买盘
13:21:09	16.88	0.01	36	60768	买盘
13:21:06	16.87	--	24	40488	卖盘
13:21:03	16.87	--	19	32053	卖盘
13:20:57	16.87	--	10	16870	卖盘
13:20:54	16.87	--	2	3374	卖盘
13:20:42	16.87	--	10	16870	卖盘
13:20:30	16.87	--	5	8435	卖盘
13:20:27	16.87	-0.01	10	16870	卖盘
13:20:21	16.88	-0.01	21	35448	中性盘
13:20:06	16.89	0.01	21	35469	买盘
13:20:03	16.88	--	9	15192	卖盘
13:20:00	16.88	-0.01	12	20256	卖盘
13:19:57	16.89	--	2	3378	买盘
13:19:48	16.89	0.01	3	5067	买盘
13:19:42	16.88	-0.01	2	3376	卖盘
13:19:36	16.89	--	2	3378	买盘
13:19:09	16.89	-0.01	4	7786	卖盘
13:19:00	16.9	0.01	20	33800	买盘
13:18:57	16.89	--	5	8445	卖盘
13:18:54	16.89	-0.01	5	8445	卖盘
13:18:48	16.9	--	36	60839	买盘
13:18:33	16.9	0.01	12	20280	买盘
13:18:30	16.89	--	89	150337	卖盘
13:18:24	16.89	--	2	3378	卖盘
13:18:21	16.89	--	2	3378	卖盘
13:18:18	16.89	--	12	20268	卖盘
13:18:12	16.89	--	49	83402	买盘
13:18:09	16.89	0.01	16	27024	买盘
13:18:03	16.88	--	6	10128	卖盘
13:17:51	16.88	--	8	13504	卖盘
13:17:48	16.88	--	11	18568	卖盘
13:17:45	16.88	--	10	16880	卖盘
13:17:42	16.88	-0.01	21	35448	卖盘
13:17:39	16.89	0.01	18	30402	买盘
13:17:30	16.88	0.01	17	28696	中性盘
13:17:15	16.87	--	67	113029	卖盘
13:17:12	16.87	--	3	5061	卖盘
13:16:51	16.87	--	3	5061	卖盘
13:16:45	16.87	--	34	57358	买盘
13:16:39	16.87	0.01	6	10122	买盘
13:16:36	16.86	--	2	3372	卖盘
13:16:24	16.86	--	10	16860	卖盘
13:16:18	16.86	-0.01	1	1686	卖盘
13:16:15	16.87	0.01	13	21931	买盘
13:16:00	16.86	-0.02	91	153426	卖盘
13:15:57	16.88	--	2	3376	买盘
13:15:54	16.88	-0.01	4	6752	中性盘
13:15:30	16.89	--	22	37158	买盘
13:15:24	16.89	--	25	43272	卖盘
13:15:21	16.89	-0.01	94	158766	卖盘
13:15:18	16.9	0.01	5	8450	买盘
13:15:12	16.89	--	42	70938	卖盘
13:15:09	16.89	--	3	5067	卖盘
13:15:00	16.89	--	31	53000	卖盘
13:14:54	16.89	--	92	155388	卖盘
13:14:51	16.89	--	2	3378	卖盘
13:14:45	16.89	--	2	3378	卖盘
13:14:39	16.89	-0.01	10	16890	卖盘
13:14:36	16.9	0.01	3	5070	买盘
13:14:33	16.89	--	10	16890	卖盘
13:14:30	16.89	-0.01	14	23646	卖盘
13:14:27	16.9	--	9	15209	买盘
13:14:24	16.9	0.01	10	16900	买盘
13:14:21	16.89	-0.01	58	97962	卖盘
13:14:18	16.9	0.01	40	67600	买盘
13:14:15	16.89	-0.01	3	5067	卖盘
13:14:09	16.9	--	15	25349	买盘
13:14:06	16.9	--	5	8450	买盘
13:14:03	16.9	--	35	59149	买盘
13:14:00	16.9	-0.02	14	23659	卖盘
13:13:57	16.92	0.02	2	3384	买盘
13:13:54	16.9	--	1	1689	卖盘
13:13:51	16.9	-0.01	23	38870	卖盘
13:13:45	16.91	0.01	3	5073	中性盘
13:13:36	16.9	--	1	1689	卖盘
13:13:33	16.9	0.01	4	6759	买盘
13:13:24	16.89	--	59	99651	卖盘
13:13:21	16.89	--	5	8445	卖盘
13:13:18	16.89	0.03	75	126675	买盘
13:13:12	16.86	--	55	92730	卖盘
13:13:06	16.86	--	3	5058	卖盘
13:13:03	16.86	-0.01	11	18546	卖盘
13:13:00	16.87	0.01	5	8435	买盘
13:12:57	16.86	--	5	8430	卖盘
13:12:54	16.86	--	2	3372	卖盘
13:12:51	16.86	--	10	16860	卖盘
13:12:45	16.86	--	49	84249	卖盘
13:12:42	16.86	0.02	114	192204	买盘
13:12:39	16.84	-0.02	8	13472	卖盘
13:12:36	16.86	0.01	10	16860	买盘
13:12:33	16.85	--	31	52235	卖盘
13:12:30	16.85	--	20	33700	买盘
13:12:27	16.85	--	30	50550	买盘
13:12:24	16.85	--	26	43810	卖盘
13:12:21	16.85	-0.01	29	48865	卖盘
13:12:18	16.86	0.01	11	18546	买盘
13:12:15	16.85	--	17	28645	卖盘
13:12:12	16.85	--	12	20220	卖盘
13:12:06	16.85	-0.01	3	5055	卖盘
13:11:57	16.86	0.02	29	48894	买盘
13:11:51	16.84	0.01	1	1684	买盘
13:11:45	16.83	-0.02	8	13463	中性盘
13:11:39	16.85	--	12	20220	买盘
13:11:36	16.85	0.03	20	33700	买盘
13:11:30	16.82	-0.01	19	31958	卖盘
13:11:24	16.83	0.01	3	5048	买盘
13:11:21	16.82	--	1	1682	卖盘
13:11:15	16.82	--	6	11706	买盘
13:11:09	16.82	--	29	48778	买盘
13:11:03	16.82	0.02	89	149698	买盘
13:10:51	16.8	0.01	68	114240	买盘
13:10:45	16.79	-0.01	58	97382	卖盘
13:10:39	16.8	0.03	22	37296	买盘
13:10:27	16.77	-0.02	12	20124	卖盘
13:10:09	16.79	0.02	8	13432	买盘
13:09:57	16.77	--	17	28509	卖盘
13:09:54	16.77	--	9	15093	买盘
13:09:39	16.77	0.02	30	50310	买盘
13:09:36	16.75	-0.01	50	83750	卖盘
13:09:30	16.76	-0.01	3	5028	卖盘
13:09:27	16.77	--	9	15093	买盘
13:09:24	16.77	0.01	1	1677	买盘
13:09:21	16.76	0.01	1	1676	卖盘
13:09:12	16.75	-0.02	10	16750	卖盘
13:08:39	16.77	0.01	20	33540	买盘
13:08:36	16.76	--	66	110616	卖盘
13:08:18	16.76	-0.03	50	83800	卖盘
13:08:06	16.79	0.01	37	62123	买盘
13:08:03	16.78	-0.01	2	3356	中性盘
13:07:54	16.79	--	39	65481	买盘
13:07:51	16.79	0.01	5	8395	买盘
13:07:48	16.78	-0.01	21	35238	卖盘
13:07:42	16.79	--	8	13432	买盘
13:07:36	16.79	--	1	1679	买盘
13:07:33	16.79	--	1	1679	买盘
13:07:30	16.79	--	15	25185	卖盘
13:07:15	16.79	-0.01	35	58765	卖盘
13:07:00	16.8	0.01	18	30240	买盘
13:06:57	16.79	-0.01	22	36938	卖盘
13:06:54	16.8	--	20	33600	买盘
13:06:51	16.8	--	23	38640	买盘
13:06:45	16.8	--	20	33600	买盘
13:06:42	16.8	--	15	25200	买盘
13:06:33	16.8	--	1	1680	买盘
13:06:27	16.8	--	23	38640	卖盘
13:06:21	16.8	--	6	10080	卖盘
13:06:15	16.8	-0.01	4	6720	卖盘
13:06:12	16.81	0.01	2	3361	买盘
13:06:03	16.8	--	5	8400	卖盘
13:05:57	16.8	--	3	5040	卖盘
13:05:54	16.8	-0.01	8	13440	卖盘
13:05:51	16.81	-0.01	1	1680	中性盘
13:05:45	16.82	--	10	16820	买盘
13:05:39	16.82	0.01	6	10092	买盘
13:05:33	16.81	--	3	5043	卖盘
13:05:30	16.81	--	28	47068	卖盘
13:05:18	16.81	-0.01	44	73964	卖盘
13:05:09	16.82	--	5	8410	买盘
13:05:03	16.82	--	9	15138	买盘
13:05:00	16.82	-0.01	5	8410	买盘
13:04:39	16.83	--	6	10165	卖盘
13:04:33	16.83	-0.03	8	15079	中性盘
13:04:27	16.86	0.04	173	291678	买盘
13:04:24	16.82	--	11	18502	卖盘
13:04:18	16.82	-0.01	2	3364	卖盘
13:04:15	16.83	-0.01	5	8415	中性盘
13:04:06	16.84	--	6	10104	买盘
13:04:03	16.84	--	5	8420	买盘
13:04:00	16.84	-0.01	7	11788	中性盘
13:03:54	16.85	0.01	25	42125	买盘
13:03:45	16.84	--	3	5052	买盘
13:03:42	16.84	--	7	11788	卖盘
13:03:36	16.84	--	5	8420	卖盘
13:03:33	16.84	--	3	5052	卖盘
13:03:30	16.84	0.04	28	47152	买盘
13:03:18	16.8	--	6	10080	卖盘
13:03:06	16.8	--	5	8400	卖盘
13:02:57	16.8	--	4	6720	买盘
13:02:54	16.8	--	5	8400	买盘
13:02:51	16.8	0.01	10	16800	买盘
13:02:48	16.79	-0.01	5	8395	卖盘
13:02:42	16.8	--	30	50400	买盘
13:02:39	16.8	0.01	12	20160	买盘
13:02:36	16.79	-0.01	30	50370	卖盘
13:02:33	16.8	0.01	50	84000	买盘
13:02:30	16.79	--	10	16790	卖盘
13:02:24	16.79	--	3	5037	卖盘
13:02:18	16.79	--	30	50370	买盘
13:02:15	16.79	--	20	33580	买盘
13:02:12	16.79	--	13	21827	买盘
13:02:09	16.79	--	3	5037	买盘
13:02:03	16.79	--	6	10074	买盘
13:01:57	16.79	--	1	1679	买盘
13:01:54	16.79	--	6	10074	买盘
13:01:42	16.79	0.03	1	1679	买盘
13:01:36	16.76	-0.02	20	33520	卖盘
13:01:33	16.78	0.02	30	50340	买盘
13:01:24	16.76	--	15	25140	卖盘
13:01:18	16.76	0.01	27	45252	买盘
13:01:15	16.75	--	19	31825	买盘
13:01:12	16.75	--	8	13400	买盘
13:01:09	16.75	--	34	56950	买盘
13:01:06	16.75	--	104	174200	买盘
13:01:03	16.75	--	37	61975	买盘
13:00:57	16.75	0.01	9	15075	买盘
13:00:54	16.74	--	12	20087	买盘
13:00:51	16.74	0.01	5	8370	买盘
13:00:45	16.73	-0.02	30	50190	卖盘
13:00:36	16.75	--	10	16750	买盘
13:00:33	16.75	--	12	20100	买盘
13:00:27	16.75	--	4	6700	买盘
13:00:18	16.75	--	40	67000	买盘
13:00:15	16.75	0.02	2	3350	买盘
13:00:12	16.73	0.01	42	70266	卖盘
13:00:09	16.72	--	3	5016	卖盘
13:00:06	16.72	--	259	433047	买盘
13:00:03	16.72	--	0	0	买盘
11:30:03	16.72	--	0	0	买盘
11:30:00	16.72	0.02	1	1672	买盘
11:29:51	16.7	-0.01	60	100200	卖盘
11:29:48	16.71	--	12	20052	买盘
11:29:45	16.71	--	3	5013	买盘
11:29:39	16.71	--	9	15039	买盘
11:29:36	16.71	--	5	8355	买盘
11:29:33	16.71	-0.01	9	15039	卖盘
11:29:30	16.72	0.01	22	36784	买盘
11:29:18	16.71	--	13	21723	卖盘
11:29:12	16.71	--	2	3342	买盘
11:29:06	16.71	0.01	9	15039	卖盘
11:29:03	16.7	-0.01	15	25050	卖盘
11:28:57	16.71	--	5	8355	卖盘
11:28:54	16.71	-0.01	1	1671	卖盘
11:28:51	16.72	0.01	16	26752	买盘
11:28:48	16.71	0.01	41	68511	买盘
11:28:36	16.7	--	1	1670	买盘
11:28:30	16.7	--	4	6680	买盘
11:28:21	16.7	0.02	12	20040	买盘
11:28:18	16.68	-0.02	20	33360	卖盘
11:28:06	16.7	0.01	58	96860	买盘
11:28:03	16.69	0.01	2	3338	中性盘
11:27:51	16.68	0.01	15	25020	买盘
11:27:48	16.67	-0.01	1	1667	卖盘
11:27:45	16.68	0.01	19	31692	买盘
11:27:39	16.67	-0.01	9	15003	卖盘
11:27:33	16.68	--	40	66720	买盘
11:27:24	16.68	0.01	20	33360	买盘
11:27:21	16.67	0.02	16	26672	买盘
11:27:18	16.65	-0.01	75	124874	卖盘
11:27:06	16.66	--	4	6664	买盘
11:27:03	16.66	--	13	21658	买盘
11:26:57	16.66	0.01	2	3332	买盘
11:26:51	16.65	0.01	88	146520	买盘
11:26:48	16.64	--	6	9984	买盘
11:26:42	16.64	--	7	11648	买盘
11:26:36	16.64	--	5	8320	买盘
11:26:33	16.64	0.02	20	33280	买盘
11:26:24	16.62	--	16	26592	卖盘
11:26:06	16.62	0.02	11	18282	买盘
11:26:03	16.6	-0.01	253	419980	卖盘
11:26:00	16.61	0.01	2	3322	中性盘
11:25:54	16.6	-0.01	14	23240	卖盘
11:25:48	16.61	--	5	8305	中性盘
11:25:33	16.61	--	73	121253	买盘
11:25:21	16.61	--	2	3322	买盘
11:25:18	16.61	--	10	16610	卖盘
11:25:15	16.61	-0.01	7	11627	卖盘
11:25:09	16.62	0.01	6	9972	买盘
11:25:06	16.61	--	6	9966	卖盘
11:25:00	16.61	--	1	1661	卖盘
11:24:45	16.61	--	7	11627	卖盘
11:24:42	16.61	0.01	5	8305	买盘
11:24:33	16.6	--	29	48140	买盘
11:24:21	16.6	0.07	91	151060	买盘
11:24:15	16.53	--	5	8265	买盘
11:24:12	16.53	-0.08	311	514083	卖盘
11:24:06	16.61	--	12	19932	买盘
11:24:00	16.61	-0.03	40	66440	卖盘
11:23:42	16.64	--	5	8320	买盘
11:23:39	16.64	--	5	8320	买盘
11:23:27	16.64	--	10	16640	买盘
11:23:24	16.64	-0.01	3	4992	中性盘
11:23:21	16.65	0.01	5	8325	买盘
11:23:18	16.64	--	11	18304	买盘
11:23:12	16.64	--	33	54912	买盘
11:23:09	16.64	-0.01	19	31616	卖盘
11:23:00	16.65	--	10	16650	买盘
11:22:45	16.65	-0.01	8	13319	中性盘
11:22:39	16.66	0.02	10	16660	买盘
11:22:36	16.64	-0.02	31	51584	中性盘
11:22:33	16.66	0.14	2	3332	买盘
11:22:30	16.52	-0.03	10	16520	卖盘
11:22:21	16.55	-0.08	10	16550	卖盘
11:22:18	16.63	0.03	42	69846	买盘
11:22:15	16.6	0.04	774	1284840	中性盘
11:22:09	16.56	-0.02	3	5845	卖盘
11:22:00	16.58	-0.01	1	1657	卖盘
11:21:54	16.59	-0.01	20	33180	卖盘
11:21:48	16.6	--	18	29880	卖盘
11:21:45	16.6	-0.01	266	441560	卖盘
11:21:42	16.61	-0.02	27	44847	中性盘
11:21:39	16.63	0.02	9	14967	买盘
11:21:36	16.61	-0.01	40	66440	卖盘
11:21:27	16.62	0.01	2	3324	中性盘
11:21:12	16.61	-0.02	35	58135	卖盘
11:21:06	16.63	-0.01	25	41575	卖盘
11:21:00	16.64	--	40	66560	买盘
11:20:54	16.64	-0.02	483	803712	卖盘
11:20:48	16.66	-0.01	152	253232	卖盘
11:20:36	16.67	--	4	6668	买盘
11:20:30	16.67	-0.01	18	30006	卖盘
11:20:27	16.68	0.01	1	1668	买盘
11:20:24	16.67	-0.01	15	25005	卖盘
11:20:21	16.68	--	4	6672	买盘
11:20:15	16.68	-0.02	13	21684	中性盘
11:20:12	16.7	0.03	15	25050	买盘
11:20:06	16.67	--	8	13336	卖盘
11:19:57	16.67	-0.01	20	33340	卖盘
11:19:51	16.68	0.01	2	3336	买盘
11:19:48	16.67	-0.01	20	33340	中性盘
11:19:45	16.68	0.01	13	21684	买盘
11:19:39	16.67	-0.01	7	11669	卖盘
11:19:30	16.68	--	8	13344	买盘
11:19:27	16.68	0.01	4	6672	买盘
11:19:24	16.67	--	1	1667	卖盘
11:19:18	16.67	-0.01	2	3334	卖盘
11:19:15	16.68	0.01	7	11676	买盘
11:19:09	16.67	-0.01	9	15003	卖盘
11:18:57	16.68	--	16	26688	卖盘
11:18:51	16.68	--	38	63384	卖盘
11:18:33	16.68	-0.01	3	5004	卖盘
11:18:24	16.69	--	6	10014	买盘
11:18:12	16.69	--	19	31711	卖盘
11:17:57	16.69	--	82	136858	卖盘
11:17:48	16.69	-0.01	72	120168	卖盘
11:17:39	16.7	--	5	8350	买盘
11:17:27	16.7	--	6	10020	卖盘
11:17:21	16.7	--	4	6680	买盘
11:17:18	16.7	-0.01	1	1670	中性盘
11:17:15	16.71	0.01	109	182139	买盘
11:17:06	16.7	0.01	1	1670	买盘
11:17:03	16.69	-0.01	20	33380	卖盘
11:17:00	16.7	0.01	5	8350	买盘
11:16:54	16.69	-0.01	2	3338	卖盘
11:16:45	16.7	--	15	25050	卖盘
11:16:33	16.7	--	6	10020	卖盘
11:16:24	16.7	--	5	8350	卖盘
11:16:18	16.7	-0.01	20	33400	卖盘
11:16:03	16.71	0.01	5	8355	买盘
11:16:00	16.7	-0.02	13	21710	卖盘
11:15:54	16.72	0.01	18	30095	买盘
11:15:51	16.71	--	5	8355	买盘
11:15:45	16.71	--	10	16710	卖盘
11:15:39	16.71	--	1	1671	卖盘
11:15:36	16.71	--	10	16710	卖盘
11:15:30	16.71	0.01	243	406053	买盘
11:15:21	16.7	--	2	3340	卖盘
11:15:09	16.7	--	6	10020	买盘
11:15:00	16.7	-0.01	15	25050	中性盘
11:14:48	16.71	0.01	98	163758	买盘
11:14:42	16.7	--	18	30060	买盘
11:14:39	16.7	0.01	2	3340	买盘
11:14:36	16.69	-0.01	59	98471	卖盘
11:14:30	16.7	--	8	13360	买盘
11:14:27	16.7	--	15	25050	买盘
11:14:21	16.7	0.01	74	123580	买盘
11:14:18	16.69	--	31	51739	卖盘
11:13:57	16.69	-0.01	5	8345	卖盘
11:13:54	16.7	0.01	5	8350	买盘
11:13:45	16.69	--	53	88457	卖盘
11:13:36	16.69	-0.01	5	8345	卖盘
11:13:30	16.7	0.01	30	50100	买盘
11:13:27	16.69	-0.01	5	8345	卖盘
11:13:18	16.7	--	8	13360	买盘
11:13:15	16.7	--	1	1670	买盘
11:13:09	16.7	--	1	1670	卖盘
11:13:06	16.7	--	5	8350	卖盘
11:13:03	16.7	--	25	41750	卖盘
11:13:00	16.7	-0.01	1	1670	卖盘
11:12:54	16.71	0.01	3	5013	买盘
11:12:42	16.7	--	21	35070	卖盘
11:12:30	16.7	--	3	5010	卖盘
11:12:27	16.7	-0.01	5	8350	卖盘
11:12:09	16.71	0.01	8	13368	买盘
11:12:06	16.7	--	3	5010	卖盘
11:11:57	16.7	--	15	25050	卖盘
11:11:54	16.7	--	5	8350	卖盘
11:11:45	16.7	--	10	16700	卖盘
11:11:42	16.7	--	10	16700	卖盘
11:11:39	16.7	--	1	1670	卖盘
11:11:30	16.7	--	2	3340	卖盘
11:11:18	16.7	--	4	6680	卖盘
11:11:12	16.7	-0.02	1	1670	卖盘
11:11:09	16.72	0.02	20	33440	买盘
11:11:06	16.7	--	10	16700	卖盘
11:10:48	16.7	-0.02	6	10020	卖盘
11:10:45	16.72	0.02	30	50160	买盘
11:10:39	16.7	-0.01	5	8350	卖盘
11:10:33	16.71	--	10	16710	卖盘
11:10:30	16.71	--	40	66840	买盘
11:10:24	16.71	0.01	6	10026	买盘
11:10:21	16.7	--	2	3340	卖盘
11:10:18	16.7	--	15	25050	卖盘
11:10:15	16.7	-0.01	4	6680	卖盘
11:10:12	16.71	--	10	16710	买盘
11:10:09	16.71	0.02	10	16710	买盘
11:09:39	16.69	-0.01	10	16690	卖盘
11:09:36	16.7	0.01	71	118570	买盘
11:09:33	16.69	--	8	13352	卖盘
11:09:30	16.69	--	6	10014	买盘
11:09:24	16.69	--	8	13352	卖盘
11:09:21	16.69	--	14	23366	卖盘
11:09:18	16.69	--	2	3338	卖盘
11:09:15	16.69	--	1	1669	卖盘
11:09:06	16.69	--	7	11683	卖盘
11:09:03	16.69	0.01	26	43394	买盘
11:09:00	16.68	--	23	38364	卖盘
11:08:48	16.68	--	25	41700	卖盘
11:08:42	16.68	--	21	35028	买盘
11:08:36	16.68	0.01	22	36696	买盘
11:08:33	16.67	-0.01	22	36674	卖盘
11:08:30	16.68	--	58	96744	买盘
11:08:21	16.68	-0.01	14	23352	卖盘
11:08:15	16.69	--	14	23366	买盘
11:08:12	16.69	0.01	10	16690	买盘
11:08:09	16.68	--	6	10008	卖盘
11:08:00	16.68	--	4	6672	卖盘
11:07:54	16.68	--	15	25020	卖盘
11:07:48	16.68	--	36	60048	买盘
11:07:33	16.68	0.02	55	91740	买盘
11:07:27	16.66	--	1	1666	卖盘
11:07:18	16.66	0.01	11	18326	中性盘
11:07:15	16.65	-0.01	14	23309	卖盘
11:07:12	16.66	0.01	10	16660	买盘
11:07:06	16.65	--	6	9990	卖盘
11:07:00	16.65	--	20	33300	卖盘
11:06:57	16.65	--	16	26639	买盘
11:06:51	16.65	0.01	12	19980	买盘
11:06:48	16.64	--	50	83200	卖盘
11:06:42	16.64	0.01	33	54912	买盘
11:06:36	16.63	-0.01	2	3326	卖盘
11:06:30	16.64	0.01	17	28288	买盘
11:06:24	16.63	-0.01	2	3326	卖盘
11:06:21	16.64	--	5	8320	买盘
11:05:54	16.64	--	17	28288	卖盘
11:05:48	16.64	--	5	8320	卖盘
11:05:45	16.64	--	9	14976	卖盘
11:05:27	16.64	-0.02	1	1664	卖盘
11:05:15	16.66	-0.01	1	1666	卖盘
11:05:06	16.67	0.01	5	8335	买盘
11:05:03	16.66	-0.01	8	13328	卖盘
11:04:51	16.67	--	2	3334	买盘
11:04:33	16.67	--	13	21671	卖盘
11:04:30	16.67	-0.01	10	16670	卖盘
11:04:27	16.68	0.01	13	21684	买盘
11:04:18	16.67	--	1	1667	卖盘
11:04:15	16.67	-0.03	3	5001	卖盘
11:04:03	16.7	0.02	113	188710	买盘
11:04:00	16.68	--	3	5787	卖盘
11:03:57	16.68	--	8	13344	卖盘
11:03:54	16.68	-0.02	15	25904	卖盘
11:03:36	16.7	--	38	63460	卖盘
11:03:33	16.7	-0.01	2	3340	卖盘
11:03:27	16.71	--	1	1671	买盘
11:03:24	16.71	-0.01	3	5013	卖盘
11:03:21	16.72	--	20	33440	买盘
11:03:18	16.72	--	11	18392	卖盘
11:03:15	16.72	--	6	10032	卖盘
11:03:12	16.72	-0.01	53	88616	卖盘
11:03:03	16.73	0.01	5	8365	买盘
11:03:00	16.72	-0.01	37	61863	卖盘
11:02:57	16.73	--	35	58555	买盘
11:02:54	16.73	--	8	13384	买盘
11:02:51	16.73	0.01	5	8365	买盘
11:02:48	16.72	-0.01	23	38456	卖盘
11:02:45	16.73	-0.01	4	6692	卖盘
11:02:42	16.74	0.01	13	21761	买盘
11:02:39	16.73	-0.01	82	137186	卖盘
11:02:36	16.74	0.01	12	20087	买盘
11:02:33	16.73	0.01	10	16730	卖盘
11:02:24	16.72	--	23	38456	买盘
11:02:21	16.72	--	5	8360	买盘
11:02:18	16.72	--	3	5016	买盘
11:02:15	16.72	--	3	5016	中性盘
11:02:12	16.72	--	13	21736	卖盘
11:02:09	16.72	-0.03	9	15047	卖盘
11:02:06	16.75	0.03	3	5025	买盘
11:01:57	16.72	-0.01	28	46816	买盘
11:01:54	16.73	-0.02	2	3346	卖盘
11:01:51	16.75	0.03	10	16750	买盘
11:01:48	16.72	--	8	13376	买盘
11:01:45	16.72	--	47	78584	卖盘
11:01:39	16.72	--	18	30095	买盘
11:01:36	16.72	--	7	11704	买盘
11:01:33	16.72	--	8	13376	买盘
11:01:27	16.72	--	10	16720	买盘
11:01:24	16.72	0.01	4	6688	买盘
11:01:21	16.71	-0.01	5	8355	卖盘
11:01:18	16.72	0.01	7	11704	买盘
11:01:15	16.71	--	16	26736	卖盘
11:01:12	16.71	0.01	61	101931	买盘
11:01:09	16.7	0.02	10	16700	买盘
11:01:06	16.68	0.01	1	1668	买盘
11:00:51	16.67	0.01	3	5001	买盘
11:00:45	16.66	-0.01	13	21658	卖盘
11:00:42	16.67	0.01	4	6668	买盘
11:00:33	16.66	0.01	8	13328	卖盘
11:00:30	16.65	--	20	33300	卖盘
11:00:27	16.65	--	72	119879	卖盘
11:00:21	16.65	--	3	4995	卖盘
11:00:03	16.65	0.02	47	78255	买盘
10:59:54	16.63	--	28	46564	买盘
10:59:48	16.63	0.03	5	8315	买盘
10:59:42	16.6	--	30	49800	买盘
10:59:36	16.6	--	75	124500	卖盘
10:59:27	16.6	--	33	54780	买盘
10:59:24	16.6	--	38	63080	买盘
10:59:12	16.6	0.01	25	41500	买盘
10:59:03	16.59	--	25	41475	买盘
10:58:57	16.59	--	4	6636	卖盘
10:58:54	16.59	--	16	26544	买盘
10:58:51	16.59	--	26	43134	买盘
10:58:45	16.59	0.07	20	33180	买盘
10:58:39	16.52	-0.04	25	41300	卖盘
10:58:24	16.56	0.06	9	14903	买盘
10:58:21	16.5	--	31	51678	买盘
10:58:18	16.5	--	40	66000	买盘
10:58:15	16.5	-0.06	164	271722	卖盘
10:58:12	16.56	--	20	33120	买盘
10:58:09	16.56	-0.01	2	3311	买盘
10:58:03	16.57	--	38	62966	卖盘
10:58:00	16.57	0.02	8	13256	买盘
10:57:57	16.55	-0.02	18	29790	卖盘
10:57:54	16.57	--	20	33140	买盘
10:57:51	16.57	--	4	6628	买盘
10:57:48	16.57	--	54	89478	买盘
10:57:45	16.57	--	40	66280	买盘
10:57:42	16.57	-0.02	63	104391	卖盘
10:57:39	16.59	--	3	4977	买盘
10:57:36	16.59	0.02	20	33180	买盘
10:57:30	16.57	--	2	3314	买盘
10:57:24	16.57	--	33	54681	卖盘
10:57:12	16.57	-0.02	70	115990	卖盘
10:57:09	16.59	0.01	18	29862	买盘
10:57:06	16.58	0.01	3	4973	买盘
10:56:51	16.57	--	4	6628	买盘
10:56:48	16.57	--	13	21541	买盘
10:56:45	16.57	--	50	82850	买盘
10:56:42	16.57	--	3	4971	买盘
10:56:33	16.57	0.02	16	26512	买盘
10:56:24	16.55	-0.02	2	3310	卖盘
10:56:21	16.57	0.02	29	48053	买盘
10:56:12	16.55	-0.01	29	47995	卖盘
10:56:09	16.56	--	46	76176	买盘
10:56:06	16.56	0.01	21	34776	买盘
10:55:51	16.55	--	11	18205	买盘
10:55:45	16.55	0.05	15	24825	买盘
10:55:39	16.5	-0.03	186	306900	卖盘
10:55:36	16.53	0.02	3	4959	买盘
10:55:33	16.51	0.01	23	37973	买盘
10:55:30	16.5	--	3	4950	卖盘
10:55:27	16.5	--	106	175428	买盘
10:55:24	16.5	--	13	21450	买盘
10:55:21	16.5	0.01	117	193050	买盘
10:55:18	16.49	-0.01	71	117078	中性盘
10:55:12	16.5	0.01	240	396000	买盘
10:55:09	16.49	--	6	9893	买盘
10:55:06	16.49	-0.01	188	310011	卖盘
10:55:03	16.5	--	82	135300	买盘
10:55:00	16.5	--	146	240900	买盘
10:54:57	16.5	--	26	42900	买盘
10:54:54	16.5	--	158	260700	买盘
10:54:51	16.5	--	1	1650	买盘
10:54:45	16.5	--	3	4950	买盘
10:54:39	16.5	--	13	21450	买盘
10:54:30	16.5	0.01	5	8250	买盘
10:54:27	16.49	-0.01	5	8245	中性盘
10:54:12	16.5	--	5	8250	买盘
10:54:06	16.5	--	84	138600	买盘
10:54:00	16.5	--	9	14850	买盘
10:53:54	16.5	--	4	6600	买盘
10:53:51	16.5	--	20	33000	买盘
10:53:48	16.5	0.02	20	33000	买盘
10:53:45	16.48	-0.02	46	75808	卖盘
10:53:39	16.5	--	446	735900	买盘
10:53:33	16.5	--	6	9900	买盘
10:53:30	16.5	--	15	24750	买盘
10:53:24	16.5	--	20	33000	买盘
10:53:21	16.5	0.01	7	11550	买盘
10:53:18	16.49	-0.01	24	39575	卖盘
10:53:12	16.5	--	31	51150	买盘
10:53:09	16.5	0.01	12	19800	买盘
10:53:06	16.49	-0.01	94	155005	卖盘
10:53:03	16.5	--	2	3300	买盘
10:53:00	16.5	--	1	1650	买盘
10:52:54	16.5	0.01	1	1650	买盘
10:52:51	16.49	-0.01	36	59363	卖盘
10:52:48	16.5	--	3	4950	买盘
10:52:42	16.5	--	7	11550	买盘
10:52:39	16.5	0.01	128	211200	买盘
10:52:36	16.49	--	230	379269	卖盘
10:52:33	16.49	-0.01	10	16490	卖盘
10:52:30	16.5	--	4	6600	买盘
10:52:24	16.5	--	34	56100	买盘
10:52:18	16.5	--	79	130350	买盘
10:52:15	16.5	--	20	33000	买盘
10:52:12	16.5	--	2	3300	买盘
10:52:09	16.5	0.01	31	51150	买盘
10:52:06	16.49	--	75	123674	卖盘
10:52:00	16.49	-0.01	9	14840	卖盘
10:51:51	16.5	--	47	77550	买盘
10:51:45	16.5	--	1	1650	买盘
10:51:42	16.5	0.01	20	33000	买盘
10:51:39	16.49	--	199	328150	卖盘
10:51:30	16.49	--	3	4946	卖盘
10:51:21	16.49	--	98	161601	买盘
10:51:18	16.49	-0.01	2	3297	卖盘
10:51:15	16.5	0.01	17	28050	买盘
10:51:12	16.49	--	66	108833	买盘
10:51:09	16.49	--	120	197879	卖盘
10:51:06	16.49	--	21	34629	卖盘
10:51:03	16.49	--	50	82449	卖盘
10:51:00	16.49	--	116	191283	买盘
10:50:57	16.49	--	11	18139	买盘
10:50:48	16.49	-0.01	1	1648	买盘
10:50:36	16.5	0.01	174	287100	买盘
10:50:27	16.49	0.01	5	8245	卖盘
10:50:24	16.48	-0.02	2	3296	卖盘
10:50:18	16.5	0.01	5	8250	买盘
10:50:09	16.49	--	101	166548	卖盘
10:49:45	16.49	--	4	6595	买盘
10:49:42	16.49	0.01	7	11542	买盘
10:49:39	16.48	-0.01	224	369152	卖盘
10:49:33	16.49	--	20	32980	买盘
10:49:24	16.49	-0.01	1	1648	卖盘
10:49:21	16.5	--	17	28050	买盘
10:49:18	16.5	0.01	7	11550	买盘
10:49:09	16.49	-0.01	5	8245	卖盘
10:49:00	16.5	0.02	31	51150	买盘
10:48:54	16.48	-0.01	11	18128	卖盘
10:48:51	16.49	--	2	3297	卖盘
10:48:48	16.49	--	14	23085	卖盘
10:48:45	16.49	0.01	5	8245	买盘
10:48:39	16.48	-0.01	67	110416	卖盘
10:48:36	16.49	-0.01	2	3297	买盘
10:48:30	16.5	0.02	11	18150	买盘
10:48:27	16.48	-0.02	10	16480	卖盘
10:48:09	16.5	--	9	14850	买盘
10:48:06	16.5	0.02	3	4950	买盘
10:47:45	16.48	-0.02	2	3296	卖盘
10:47:39	16.5	--	35	57750	买盘
10:47:21	16.5	0.02	20	33000	买盘
10:47:12	16.48	--	5	8240	卖盘
10:47:09	16.48	--	61	100528	买盘
10:47:06	16.48	--	6	9888	买盘
10:47:00	16.48	--	3	4944	买盘
10:46:54	16.48	--	6	9888	买盘
10:46:39	16.48	-0.02	2	3296	卖盘
10:46:33	16.5	--	348	574200	买盘
10:46:27	16.5	--	1	1650	买盘
10:46:18	16.5	0.03	7	11550	买盘
10:46:15	16.47	-0.02	20	32940	卖盘
10:46:12	16.49	--	7	11542	买盘
10:46:09	16.49	-0.01	27	44522	卖盘
10:46:03	16.5	--	196	323400	买盘
10:45:54	16.5	--	4	6600	买盘
10:45:51	16.5	--	14	23100	买盘
10:45:45	16.5	0.01	1	1650	买盘
10:45:39	16.49	--	1	1648	卖盘
10:45:33	16.49	--	10	16490	卖盘
10:45:30	16.49	0.01	23	37927	买盘
10:45:21	16.48	--	10	16480	中性盘
10:45:09	16.48	-0.01	11	18128	卖盘
10:45:00	16.49	0.01	2	3297	买盘
10:44:51	16.48	--	2	3296	中性盘
10:44:36	16.48	-0.01	33	54384	卖盘
10:44:33	16.49	0.01	10	16490	买盘
10:44:27	16.48	--	9	14832	买盘
10:44:21	16.48	-0.01	6	9888	卖盘
10:44:18	16.49	0.02	5	8245	中性盘
10:44:12	16.47	-0.01	44	72468	卖盘
10:44:06	16.48	-0.01	86	141728	卖盘
10:43:45	16.49	--	1	1648	买盘
10:43:42	16.49	--	1	1648	中性盘
10:43:36	16.49	--	11	18139	卖盘
10:43:24	16.49	--	6	9893	卖盘
10:43:18	16.49	--	3	4946	卖盘
10:43:15	16.49	--	3	4946	买盘
10:43:09	16.49	--	2	3297	卖盘
10:43:06	16.49	-0.01	3	4946	卖盘
10:43:03	16.5	--	140	231000	买盘
10:42:57	16.5	0.01	57	94050	买盘
10:42:45	16.49	--	2	3297	买盘
10:42:42	16.49	0.02	3	4946	卖盘
10:42:39	16.47	-0.03	87	143289	卖盘
10:42:36	16.5	--	11	18150	买盘
10:42:27	16.5	--	67	110550	买盘
10:42:24	16.5	0.01	52	85800	买盘
10:42:21	16.49	-0.01	2	3297	卖盘
10:42:18	16.5	0.01	1	1650	买盘
10:42:09	16.49	--	3	4946	卖盘
10:42:06	16.49	-0.01	38	62661	卖盘
10:41:57	16.5	--	5	8250	买盘
10:41:54	16.5	0.01	10	16500	买盘
10:41:36	16.49	--	12	19787	卖盘
10:41:27	16.49	--	14	23085	买盘
10:41:21	16.49	0.02	3	4946	买盘
10:41:09	16.47	--	62	102114	卖盘
10:41:06	16.47	--	7	11529	买盘
10:40:57	16.47	0.01	5	8235	买盘
10:40:48	16.46	-0.01	1	1646	卖盘
10:40:45	16.47	0.01	2	3294	买盘
10:40:36	16.46	--	20	32920	卖盘
10:40:21	16.46	--	13	21398	卖盘
10:40:18	16.46	0.03	168	276528	买盘
10:40:06	16.43	-0.03	245	402535	卖盘
10:40:03	16.46	0.02	30	49380	买盘
10:40:00	16.44	-0.02	5	8220	中性盘
10:39:51	16.46	--	372	612312	买盘
10:39:48	16.46	0.03	1	1646	买盘
10:39:36	16.43	--	42	69006	卖盘
10:39:30	16.43	--	30	49290	卖盘
10:39:24	16.43	--	1	1643	卖盘
10:39:21	16.43	0.01	7	11501	卖盘
10:39:15	16.42	--	3	4926	卖盘
10:39:12	16.42	--	18	29556	卖盘
10:39:09	16.42	-0.04	234	384228	卖盘
10:39:00	16.46	0.04	29	47734	买盘
10:38:57	16.42	-0.04	31	50902	卖盘
10:38:54	16.46	0.03	4	6584	买盘
10:38:48	16.43	--	14	23002	买盘
10:38:42	16.43	-0.01	8	13144	买盘
10:38:39	16.44	-0.01	2	3288	卖盘
10:38:36	16.45	--	11	18095	卖盘
10:38:24	16.45	0.03	9	14805	买盘
10:38:21	16.42	--	42	68964	卖盘
10:38:09	16.42	-0.04	246	403932	卖盘
10:38:00	16.46	--	6	9876	买盘
10:37:57	16.46	--	90	148140	买盘
10:37:48	16.46	0.04	20	32920	买盘
10:37:45	16.42	--	8	13136	卖盘
10:37:39	16.42	--	35	57470	卖盘
10:37:33	16.42	--	4	6568	卖盘
10:37:30	16.42	--	20	32840	卖盘
10:37:21	16.42	--	43	70606	买盘
10:37:12	16.42	0.01	5	8210	中性盘
10:37:09	16.41	-0.03	21	34461	卖盘
10:37:03	16.44	--	50	82232	买盘
10:37:00	16.44	0.01	20	32880	买盘
10:36:48	16.43	0.01	3	4929	买盘
10:36:42	16.42	0.01	5	8210	买盘
10:36:39	16.41	-0.01	3	4923	卖盘
10:36:36	16.42	-0.01	3	4926	卖盘
10:36:27	16.43	--	47	77221	买盘
10:36:21	16.43	0.01	1	1643	买盘
10:36:18	16.42	0.01	3	4926	中性盘
10:36:03	16.41	--	1	1641	卖盘
10:36:00	16.41	-0.02	92	150972	卖盘
10:35:57	16.43	0.02	3	4929	买盘
10:35:51	16.41	-0.01	1	1641	卖盘
10:35:39	16.42	-0.02	21	34482	卖盘
10:35:27	16.44	--	3	4932	买盘
10:35:21	16.44	0.02	6	9864	买盘
10:35:18	16.42	-0.02	1	1642	卖盘
10:35:12	16.44	--	10	16440	买盘
10:35:09	16.44	0.02	704	1157376	买盘
10:34:45	16.42	-0.02	7	11494	卖盘
10:34:42	16.44	0.01	16	26304	买盘
10:34:39	16.43	-0.01	146	241488	卖盘
10:34:36	16.44	0.01	1	1644	买盘
10:34:24	16.43	-0.01	19	31217	卖盘
10:34:18	16.44	--	3	4932	买盘
10:34:03	16.44	-0.01	21	34524	卖盘
10:34:00	16.45	--	9	14805	买盘
10:33:51	16.45	--	1	1645	买盘
10:33:48	16.45	--	10	16450	买盘
10:33:42	16.45	0.01	20	32900	买盘
10:33:36	16.44	-0.01	40	65760	卖盘
10:33:30	16.45	0.01	1	1645	买盘
10:33:27	16.44	--	19	31236	卖盘
10:33:18	16.44	--	19	31236	买盘
10:33:09	16.44	-0.01	89	146316	卖盘
10:33:06	16.45	--	9	14805	买盘
10:32:54	16.45	0.01	1	1645	中性盘
10:32:48	16.44	-0.01	19	31236	卖盘
10:32:39	16.45	--	20	32900	买盘
10:32:36	16.45	--	7	11515	卖盘
10:32:30	16.45	0.01	15	24675	买盘
10:32:27	16.44	--	19	31236	卖盘
10:32:21	16.44	-0.01	31	50964	卖盘
10:32:09	16.45	0.01	1	1645	中性盘
10:32:06	16.44	-0.01	19	31236	卖盘
10:32:00	16.45	0.01	29	47705	卖盘
10:31:57	16.44	-0.01	10	16440	卖盘
10:31:54	16.45	0.01	2	3290	买盘
10:31:48	16.44	-0.01	19	31236	卖盘
10:31:45	16.45	-0.01	64	105280	中性盘
10:31:39	16.46	0.01	12	19752	买盘
10:31:27	16.45	--	19	31255	卖盘
10:31:24	16.45	-0.01	50	82250	卖盘
10:31:21	16.46	--	2	3292	买盘
10:31:15	16.46	--	2	3292	买盘
10:31:09	16.46	0.01	10	16460	中性盘
10:31:03	16.45	-0.05	19	31255	卖盘
10:30:51	16.5	0.05	22	36300	买盘
10:30:48	16.45	-0.05	19	31255	卖盘
10:30:42	16.5	0.05	5	8250	买盘
10:30:36	16.45	-0.05	280	460600	卖盘
10:30:27	16.5	0.05	4	6600	买盘
10:30:09	16.45	-0.01	8	13160	买盘
10:30:06	16.46	0.01	100	164600	买盘
10:30:03	16.45	--	61	100345	卖盘
10:30:00	16.45	--	3	4935	中性盘
10:29:45	16.45	--	2	3290	买盘
10:29:42	16.45	--	28	46060	买盘
10:29:39	16.45	--	21	34545	卖盘
10:29:36	16.45	--	35	57575	卖盘
10:29:30	16.45	-0.05	27	44415	卖盘
10:29:21	16.5	0.04	18	29700	买盘
10:29:09	16.46	0.01	10	16460	卖盘
10:29:00	16.45	--	2	3290	卖盘
10:28:57	16.45	--	1	1645	卖盘
10:28:39	16.45	-0.01	60	98700	卖盘
10:28:27	16.46	--	10	16460	卖盘
10:28:12	16.46	-0.04	10	16460	卖盘
10:28:03	16.5	0.04	1	1650	买盘
10:28:00	16.46	-0.02	30	49380	卖盘
10:27:48	16.48	-0.02	3	4944	卖盘
10:27:45	16.5	--	2	3300	买盘
10:27:36	16.5	0.02	12	19800	买盘
10:27:33	16.48	-0.02	4	6592	卖盘
10:27:30	16.5	--	4	6600	买盘
10:27:12	16.5	--	1	1650	买盘
10:27:03	16.5	--	12	19800	买盘
10:26:57	16.5	0.02	5	8250	买盘
10:26:36	16.48	--	4	6592	卖盘
10:26:27	16.48	-0.02	10	16480	卖盘
10:26:24	16.5	--	36	59400	买盘
10:26:21	16.5	0.02	50	82500	买盘
10:26:06	16.48	--	5	8240	卖盘
10:26:03	16.48	--	4	6592	买盘
10:25:51	16.48	--	2	3296	买盘
10:25:48	16.48	-0.02	25	41200	卖盘
10:25:30	16.5	--	5	8250	买盘
10:25:27	16.5	--	5	8250	买盘
10:25:24	16.5	--	5	8250	买盘
10:25:21	16.5	--	3	4950	买盘
10:25:12	16.5	--	1	1650	买盘
10:25:09	16.5	--	10	16500	买盘
10:25:03	16.5	--	2	3300	买盘
10:24:51	16.5	0.01	500	825000	买盘
10:24:45	16.49	0.01	108	178091	买盘
10:24:42	16.48	0.02	3	4944	买盘
10:24:39	16.46	-0.02	6	9876	卖盘
10:24:33	16.48	--	6	9888	买盘
10:24:21	16.48	0.02	5	8240	买盘
10:24:03	16.46	--	2	3292	卖盘
10:23:51	16.46	0.02	2	4444	买盘
10:23:39	16.44	-0.02	119	195636	卖盘
10:23:33	16.46	0.01	2	3292	买盘
10:23:30	16.45	--	4	6580	卖盘
10:23:27	16.45	-0.01	39	64155	卖盘
10:23:24	16.46	0.01	5	8230	买盘
10:23:21	16.45	-0.01	7	11515	卖盘
10:23:18	16.46	0.01	20	32920	买盘
10:23:12	16.45	-0.01	2	3290	卖盘
10:23:09	16.46	--	13	21891	卖盘
10:23:03	16.46	--	2	4444	买盘
10:23:00	16.46	--	5	8230	买盘
10:22:54	16.46	0.01	6	9876	买盘
10:22:48	16.45	-0.01	13	21385	卖盘
10:22:39	16.46	--	71	117359	卖盘
10:22:33	16.46	--	5	8230	卖盘
10:22:18	16.46	--	6	9876	卖盘
10:22:15	16.46	--	24	40656	买盘
10:22:12	16.46	--	2	3292	买盘
10:22:09	16.46	--	5	8230	买盘
10:22:06	16.46	-0.01	21	35059	卖盘
10:22:03	16.47	--	3	4941	买盘
10:21:57	16.47	0.01	49	81855	买盘
10:21:54	16.46	--	1	1646	卖盘
10:21:51	16.46	-0.02	16	26336	卖盘
10:21:42	16.48	0.01	38	62624	买盘
10:21:39	16.47	-0.01	14	23058	卖盘
10:21:27	16.48	0.01	5	8240	买盘
10:21:24	16.47	-0.01	1	1647	卖盘
10:21:18	16.48	--	6	9888	买盘
10:21:09	16.48	--	4	6592	买盘
10:21:06	16.48	--	273	449904	卖盘
10:21:03	16.48	-0.01	1	1648	卖盘
10:20:57	16.49	0.01	30	49469	买盘
10:20:51	16.48	--	7	11536	卖盘
10:20:48	16.48	-0.01	10	16480	卖盘
10:20:42	16.49	0.01	8	13191	卖盘
10:20:39	16.48	0.01	24	39552	中性盘
10:20:36	16.47	--	6	9882	卖盘
10:20:27	16.47	-0.02	6	9882	卖盘
10:20:24	16.49	0.01	97	159952	买盘
10:20:12	16.48	0.03	101	166448	买盘
10:20:09	16.45	0.01	52	85540	中性盘
10:20:03	16.44	-0.01	25	41100	卖盘
10:19:57	16.45	0.01	1	1645	中性盘
10:19:42	16.44	--	19	31236	卖盘
10:19:39	16.44	-0.01	47	77268	卖盘
10:19:36	16.45	0.01	6	9870	买盘
10:19:27	16.44	-0.01	20	32880	卖盘
10:19:24	16.45	0.02	5	8225	买盘
10:19:21	16.43	-0.01	19	31217	卖盘
10:19:03	16.44	0.01	19	31236	中性盘
10:18:48	16.43	--	10	16430	卖盘
10:18:42	16.43	-0.05	20	32860	卖盘
10:18:39	16.48	--	5	8240	买盘
10:18:33	16.48	--	5	8240	买盘
10:18:27	16.48	-0.02	30	49440	卖盘
10:18:24	16.5	0.02	36	59433	买盘
10:18:18	16.48	--	1	1648	买盘
10:18:12	16.48	-0.01	64	107087	卖盘
10:18:06	16.49	0.01	156	257276	买盘
10:18:03	16.48	--	23	37904	买盘
10:17:57	16.48	0.07	6	9888	买盘
10:17:42	16.41	-0.01	64	105024	卖盘
10:17:39	16.42	-0.06	2	3284	卖盘
10:17:36	16.48	0.07	30	49440	买盘
10:17:27	16.41	--	25	41025	卖盘
10:17:21	16.41	-0.07	19	31179	卖盘
10:17:18	16.48	0.06	101	166448	买盘
10:17:15	16.42	--	5	8210	买盘
10:17:09	16.42	-0.06	4	6568	中性盘
10:17:06	16.48	0.03	100	164800	买盘
10:17:00	16.45	-0.01	19	31255	卖盘
10:16:57	16.46	--	3	4938	买盘
10:16:54	16.46	0.01	9	14814	买盘
10:16:48	16.45	0.04	37	60865	买盘
10:16:42	16.41	-0.04	8	13128	中性盘
10:16:39	16.45	--	34	55930	买盘
10:16:36	16.45	0.04	16	26320	买盘
10:16:33	16.41	--	27	44307	卖盘
10:16:24	16.41	-0.04	19	31179	卖盘
10:16:15	16.45	0.04	11	18095	买盘
10:16:09	16.41	--	12	19692	卖盘
10:16:00	16.41	--	11	18051	卖盘
10:15:54	16.41	-0.01	20	32820	卖盘
10:15:42	16.42	--	29	47618	卖盘
10:15:39	16.42	--	20	32840	卖盘
10:15:18	16.42	--	8	13136	买盘
10:15:15	16.42	--	41	67322	买盘
10:15:12	16.42	--	7	11494	买盘
10:15:06	16.42	-0.04	10	16420	卖盘
10:15:03	16.46	--	3	4938	买盘
10:15:00	16.46	--	3	4938	中性盘
10:14:42	16.46	-0.02	6	9876	中性盘
10:14:27	16.48	0.08	9	14832	中性盘
10:14:09	16.4	-0.08	114	186959	卖盘
10:14:06	16.48	--	5	8240	卖盘
10:14:03	16.48	--	16	26368	买盘
10:14:00	16.48	--	61	100528	买盘
10:13:51	16.48	--	4	6592	买盘
10:13:42	16.48	--	21	34608	买盘
10:13:30	16.48	0.11	7	11536	买盘
10:13:27	16.37	-0.01	9	14733	中性盘
10:13:18	16.38	0.02	10	16379	买盘
10:13:15	16.36	--	8	13088	买盘
10:13:12	16.36	--	3	4908	买盘
10:13:09	16.36	-0.01	32	52352	卖盘
10:13:06	16.37	0.01	4	6548	卖盘
10:13:03	16.36	-0.13	15	24540	卖盘
10:12:57	16.49	0.13	476	784923	买盘
10:12:54	16.36	--	11	17996	买盘
10:12:51	16.36	--	4	6544	买盘
10:12:45	16.36	0.01	6	9816	买盘
10:12:39	16.35	-0.03	31	50685	卖盘
10:12:33	16.38	0.03	78	127763	买盘
10:12:30	16.35	-0.01	45	73575	卖盘
10:12:24	16.36	0.01	10	16360	买盘
10:12:15	16.35	-0.01	1	1635	卖盘
10:12:12	16.36	0.01	56	91616	买盘
10:12:06	16.35	--	2	3270	买盘
10:12:03	16.35	--	16	26160	卖盘
10:12:00	16.35	0.01	1	1635	中性盘
10:11:57	16.34	--	4	6536	卖盘
10:11:54	16.34	-0.01	5	8170	卖盘
10:11:51	16.35	0.01	5	8175	买盘
10:11:45	16.34	0.01	5	8170	卖盘
10:11:42	16.33	--	4	6531	买盘
10:11:39	16.33	--	16	26127	卖盘
10:11:36	16.33	-0.02	40	65319	卖盘
10:11:33	16.35	0.01	6	9810	买盘
10:11:27	16.34	0.01	2	3268	买盘
10:11:24	16.33	-0.01	7	11430	卖盘
10:11:21	16.34	--	1	1634	买盘
10:11:09	16.34	--	75	122550	卖盘
10:11:06	16.34	--	7	11438	卖盘
10:10:48	16.34	-0.02	30	49020	卖盘
10:10:42	16.36	--	95	155420	买盘
10:10:39	16.36	--	2	3272	买盘
10:10:36	16.36	--	10	16360	买盘
10:10:30	16.36	--	6	9816	卖盘
10:10:27	16.36	-0.01	40	65440	卖盘
10:10:21	16.37	0.01	2	3274	买盘
10:10:18	16.36	-0.01	20	32720	卖盘
10:10:12	16.37	--	2	3274	买盘
10:10:09	16.37	--	42	68754	卖盘
10:10:03	16.37	-0.01	9	14733	中性盘
10:09:51	16.38	0.01	5	8189	买盘
10:09:48	16.37	-0.01	1	1637	卖盘
10:09:45	16.38	0.01	3	4914	买盘
10:09:36	16.37	-0.01	20	32740	卖盘
10:09:27	16.38	--	5	8189	买盘
10:09:24	16.38	0.01	23	37674	中性盘
10:09:09	16.37	-0.03	37	60569	卖盘
10:09:03	16.4	0.02	33	54119	买盘
10:08:57	16.38	0.01	5	8189	买盘
10:08:48	16.37	--	104	170248	买盘
10:08:45	16.37	--	10	16370	买盘
10:08:39	16.37	--	1	1637	买盘
10:08:33	16.37	--	14	22918	卖盘
10:08:12	16.37	--	7	11459	买盘
10:08:09	16.37	--	3	4911	买盘
10:08:03	16.37	0.01	12	19644	买盘
10:07:57	16.36	0.01	1	1636	中性盘
10:07:54	16.35	-0.02	2	3270	卖盘
10:07:51	16.37	0.01	20	32740	买盘
10:07:36	16.36	--	36	58896	卖盘
10:07:30	16.36	-0.01	9	14724	卖盘
10:07:27	16.37	0.02	33	54021	买盘
10:07:15	16.35	--	4	6540	卖盘
10:07:09	16.35	-0.01	62	101370	卖盘
10:07:06	16.36	0.01	17	27812	买盘
10:06:48	16.35	-0.01	20	32700	卖盘
10:06:39	16.36	--	4	6544	卖盘
10:06:33	16.36	--	1	1636	卖盘
10:06:27	16.36	0.01	10	16360	买盘
10:06:06	16.35	-0.01	25	40875	卖盘
10:06:03	16.36	--	6	9816	买盘
10:05:57	16.36	0.01	4	6544	中性盘
10:05:51	16.35	--	69	112815	卖盘
10:05:42	16.35	-0.01	20	32700	卖盘
10:05:36	16.36	--	7	11452	买盘
10:05:27	16.36	--	78	127608	买盘
10:05:21	16.36	0.01	5	8180	买盘
10:05:15	16.35	--	10	16350	中性盘
10:05:09	16.35	--	19	31065	卖盘
10:05:00	16.35	0.04	11	17985	买盘
10:04:51	16.31	-0.02	245	399594	卖盘
10:04:45	16.33	0.02	17	27760	买盘
10:04:39	16.31	-0.02	7	11417	卖盘
10:04:36	16.33	0.01	44	71851	买盘
10:04:30	16.32	--	56	91392	卖盘
10:04:27	16.32	--	10	16320	卖盘
10:04:21	16.32	0.01	3	4896	卖盘
10:04:15	16.31	--	36	58715	买盘
10:04:12	16.31	-0.01	43	70133	卖盘
10:04:06	16.32	--	10	16320	买盘
10:04:03	16.32	0.01	2	3264	买盘
10:04:00	16.31	-0.01	10	16309	卖盘
10:03:57	16.32	--	12	19584	卖盘
10:03:54	16.32	0.01	3	4896	中性盘
10:03:45	16.31	-0.02	1	1630	卖盘
10:03:39	16.33	0.02	15	24494	买盘
10:03:36	16.31	-0.01	65	106014	卖盘
10:03:30	16.32	--	7	11424	买盘
10:03:27	16.32	--	10	16320	买盘
10:03:18	16.32	-0.01	18	29376	卖盘
10:03:15	16.33	--	1	1632	买盘
10:03:12	16.33	0.01	2	3265	买盘
10:03:09	16.32	-0.01	24	39168	卖盘
10:03:06	16.33	--	2	3265	买盘
10:03:03	16.33	0.02	2	3265	买盘
10:02:57	16.31	--	30	48929	卖盘
10:02:54	16.31	--	16	26095	卖盘
10:02:51	16.31	--	10	16309	卖盘
10:02:48	16.31	-0.01	16	26095	中性盘
10:02:42	16.32	0.01	73	119136	买盘
10:02:39	16.31	--	2	3261	卖盘
10:02:30	16.31	--	31	50560	卖盘
10:02:27	16.31	--	1	1630	卖盘
10:02:24	16.31	0.01	23	37513	买盘
10:02:21	16.3	-0.01	2	3260	卖盘
10:02:18	16.31	0.01	5	8154	买盘
10:02:12	16.3	--	50	81500	卖盘
10:02:09	16.3	-0.01	40	65200	卖盘
10:02:06	16.31	0.01	6	9786	中性盘
10:01:57	16.3	--	2	3260	卖盘
10:01:54	16.3	-0.01	238	387940	卖盘
10:01:48	16.31	0.01	11	17941	中性盘
10:01:42	16.3	-0.03	8	13040	卖盘
10:01:39	16.33	0.01	23	37558	买盘
10:01:36	16.32	--	50	81600	买盘
10:01:33	16.32	--	14	22848	买盘
10:01:30	16.32	-0.01	2	3264	卖盘
10:01:27	16.33	--	6	9797	买盘
10:01:24	16.33	--	1	1632	买盘
10:01:21	16.33	--	423	690758	买盘
10:01:12	16.33	0.01	21	34293	中性盘
10:01:09	16.32	-0.03	54	88128	卖盘
10:01:06	16.35	0.01	4	6540	买盘
10:01:03	16.34	--	15	24510	买盘
10:01:00	16.34	0.01	20	32680	买盘
10:00:57	16.33	0.01	1	1632	买盘
10:00:54	16.32	-0.03	2	3264	卖盘
10:00:51	16.35	--	1	1635	买盘
10:00:48	16.35	0.02	189	309015	买盘
10:00:45	16.33	--	51	83282	卖盘
10:00:42	16.33	-0.01	55	89814	卖盘
10:00:39	16.34	--	39	63726	买盘
10:00:36	16.34	--	2	3268	买盘
10:00:33	16.34	--	4	6536	买盘
10:00:27	16.34	0.01	1	1634	买盘
10:00:24	16.33	--	4	6531	卖盘
10:00:21	16.33	--	1	1632	卖盘
10:00:18	16.33	--	3	4898	卖盘
10:00:15	16.33	0.01	6	9797	买盘
10:00:12	16.32	-0.01	99	161568	卖盘
10:00:09	16.33	--	16	26127	买盘
10:00:06	16.33	--	11	17962	买盘
10:00:03	16.33	0.01	51	83282	买盘
10:00:00	16.32	--	12	19584	卖盘
09:59:54	16.32	-0.01	3	4896	卖盘
09:59:48	16.33	0.01	1	1632	买盘
09:59:45	16.32	--	5	8160	卖盘
09:59:42	16.32	--	26	42432	卖盘
09:59:39	16.32	0.01	36	58752	卖盘
09:59:36	16.31	-0.01	80	130479	卖盘
09:59:33	16.32	--	56	91392	买盘
09:59:24	16.32	0.01	62	101184	买盘
09:59:21	16.31	--	1	1630	卖盘
09:59:18	16.31	-0.01	2	3261	中性盘
09:59:15	16.32	0.01	122	199104	买盘
09:59:12	16.31	--	106	172886	买盘
09:59:09	16.31	-0.01	45	73395	卖盘
09:59:00	16.32	--	70	114240	买盘
09:58:57	16.32	--	10	16320	买盘
09:58:54	16.32	--	4	6528	买盘
09:58:51	16.32	0.01	6	9792	中性盘
09:58:45	16.31	-0.02	30	48929	卖盘
09:58:39	16.33	0.03	190	310269	买盘
09:58:36	16.3	--	60	97800	卖盘
09:58:30	16.3	--	16	26080	卖盘
09:58:27	16.3	--	10	16300	卖盘
09:58:24	16.3	--	17	27710	卖盘
09:58:21	16.3	--	11	17930	买盘
09:58:18	16.3	-0.02	14	22820	中性盘
09:58:15	16.32	0.02	19	31008	买盘
09:58:12	16.3	--	1	1630	卖盘
09:58:09	16.3	-0.02	29	47270	卖盘
09:58:06	16.32	0.02	19	31008	中性盘
09:57:57	16.3	-0.03	455	741650	卖盘
09:57:54	16.33	-0.01	32	52255	卖盘
09:57:48	16.34	--	2	3268	买盘
09:57:42	16.34	--	11	17974	卖盘
09:57:39	16.34	-0.01	10	16340	卖盘
09:57:36	16.35	--	20	32700	买盘
09:57:30	16.35	--	31	50685	买盘
09:57:27	16.35	-0.01	289	472515	卖盘
09:57:24	16.36	-0.01	5	8180	卖盘
09:57:18	16.37	--	5	8185	买盘
09:57:09	16.37	--	36	58932	买盘
09:57:06	16.37	--	1	1637	买盘
09:57:03	16.37	--	57	93309	卖盘
09:56:57	16.37	-0.01	33	54021	卖盘
09:56:48	16.38	--	5	8189	卖盘
09:56:42	16.38	--	18	29484	卖盘
09:56:39	16.38	-0.01	5	8189	卖盘
09:56:33	16.39	-0.02	141	231099	卖盘
09:56:27	16.41	--	15	24615	买盘
09:56:21	16.41	--	1	1641	买盘
09:56:15	16.41	--	29	47589	买盘
09:56:12	16.41	--	1	1641	买盘
09:56:09	16.41	--	27	44307	卖盘
09:56:06	16.41	--	5	8205	卖盘
09:56:03	16.41	-0.01	26	42666	卖盘
09:55:48	16.42	0.01	13	21346	买盘
09:55:45	16.41	--	10	16410	卖盘
09:55:42	16.41	--	8	13128	卖盘
09:55:39	16.41	-0.01	5	8205	卖盘
09:55:33	16.42	0.01	8	13136	买盘
09:55:30	16.41	--	26	42666	卖盘
09:55:27	16.41	--	4	6564	卖盘
09:55:21	16.41	--	5	8205	卖盘
09:55:09	16.41	-0.01	16	26256	卖盘
09:55:06	16.42	--	15	24630	卖盘
09:55:03	16.42	--	49	80458	卖盘
09:55:00	16.42	--	26	42692	卖盘
09:54:57	16.42	0.01	10	16420	买盘
09:54:51	16.41	0.01	9	14769	买盘
09:54:48	16.4	-0.01	10	16400	中性盘
09:54:45	16.41	--	12	19692	买盘
09:54:42	16.41	--	5	8205	买盘
09:54:39	16.41	0.01	12	19692	买盘
09:54:36	16.4	-0.05	318	521519	卖盘
09:54:33	16.45	0.03	100	164500	买盘
09:54:30	16.42	0.01	2	3284	买盘
09:54:27	16.41	--	1	1641	卖盘
09:54:24	16.41	--	5	8205	买盘
09:54:21	16.41	0.01	7	11487	卖盘
09:54:18	16.4	-0.02	11	18040	卖盘
09:54:15	16.42	0.01	12	19704	买盘
09:54:12	16.41	--	82	134562	卖盘
09:54:09	16.41	-0.01	5	8205	卖盘
09:54:06	16.42	0.01	13	21346	买盘
09:54:03	16.41	-0.01	7	11487	卖盘
09:54:00	16.42	0.01	28	45976	买盘
09:53:54	16.41	-0.01	7	11487	卖盘
09:53:51	16.42	--	49	80458	买盘
09:53:48	16.42	0.01	45	73890	买盘
09:53:45	16.41	-0.01	22	36102	卖盘
09:53:42	16.42	--	73	119866	买盘
09:53:39	16.42	--	3	4926	买盘
09:53:36	16.42	--	3	4926	买盘
09:53:33	16.42	--	3	4926	买盘
09:53:30	16.42	--	9	14778	买盘
09:53:27	16.42	--	64	105088	卖盘
09:53:24	16.42	-0.02	22	36124	卖盘
09:53:18	16.44	-0.01	40	65760	卖盘
09:53:15	16.45	0.01	4	6580	买盘
09:53:12	16.44	--	14	23016	卖盘
09:53:09	16.44	--	15	24660	卖盘
09:53:03	16.44	--	10	16440	卖盘
09:52:57	16.44	--	5	8220	卖盘
09:52:54	16.44	0.02	7	11508	买盘
09:52:42	16.42	-0.02	26	42692	卖盘
09:52:36	16.44	0.01	13	21372	买盘
09:52:33	16.43	--	10	16430	卖盘
09:52:24	16.43	--	12	19716	卖盘
09:52:21	16.43	-0.01	59	96937	卖盘
09:52:18	16.44	0.01	41	67404	买盘
09:52:15	16.43	--	1	1643	卖盘
09:52:09	16.43	-0.01	5	8215	卖盘
09:52:06	16.44	0.01	5	8220	买盘
09:51:57	16.43	-0.03	130	213590	卖盘
09:51:54	16.46	0.02	50	82300	买盘
09:51:51	16.44	--	6	9864	卖盘
09:51:36	16.44	-0.01	69	113436	卖盘
09:51:33	16.45	--	20	32900	卖盘
09:51:30	16.45	--	10	16450	卖盘
09:51:24	16.45	-0.01	3	4935	卖盘
09:51:18	16.46	--	4	6584	买盘
09:51:15	16.46	--	6	9876	卖盘
09:51:09	16.46	--	35	57610	卖盘
09:51:06	16.46	--	3	4938	卖盘
09:51:03	16.46	--	4	6584	卖盘
09:51:00	16.46	--	43	70778	卖盘
09:50:51	16.46	--	110	181060	卖盘
09:50:48	16.46	--	4	6584	卖盘
09:50:45	16.46	--	2	3292	卖盘
09:50:33	16.46	-0.02	13	21398	卖盘
09:50:18	16.48	0.02	8	13184	买盘
09:50:15	16.46	-0.01	10	16460	卖盘
09:50:09	16.47	0.01	14	23058	买盘
09:50:06	16.46	--	15	24690	卖盘
09:50:03	16.46	--	2	3292	卖盘
09:50:00	16.46	-0.02	50	82300	卖盘
09:49:51	16.48	0.02	17	28016	买盘
09:49:48	16.46	--	10	16460	卖盘
09:49:45	16.46	-0.02	1	1646	卖盘
09:49:36	16.48	0.02	31	51088	买盘
09:49:24	16.46	-0.03	70	115220	卖盘
09:49:21	16.49	--	3	4946	买盘
09:49:12	16.49	0.01	1	1648	买盘
09:49:06	16.48	--	3	4944	卖盘
09:48:57	16.48	--	20	32960	卖盘
09:48:51	16.48	--	7	11536	买盘
09:48:48	16.48	--	2	3296	买盘
09:48:36	16.48	--	6	9888	卖盘
09:48:33	16.48	--	13	21424	卖盘
09:48:27	16.48	--	3	4944	买盘
09:48:24	16.48	--	2	3296	买盘
09:48:18	16.48	-0.02	5	8240	中性盘
09:48:12	16.5	0.02	101	166650	买盘
09:48:06	16.48	-0.01	3	4944	中性盘
09:47:57	16.49	0.03	3	4946	买盘
09:47:54	16.46	-0.03	61	100406	卖盘
09:47:51	16.49	0.03	2	3297	买盘
09:47:45	16.46	-0.03	40	65840	卖盘
09:47:33	16.49	--	24	39575	买盘
09:47:30	16.49	0.03	2	3297	买盘
09:47:21	16.46	--	39	64194	卖盘
09:47:09	16.46	-0.03	28	46088	卖盘
09:47:06	16.49	0.03	6	9893	买盘
09:47:00	16.46	--	11	18106	卖盘
09:46:57	16.46	--	2	3292	卖盘
09:46:54	16.46	--	3	4938	卖盘
09:46:48	16.46	--	42	69132	卖盘
09:46:45	16.46	--	82	134972	卖盘
09:46:39	16.46	-0.04	18	29628	卖盘
09:46:36	16.5	0.04	3	4950	买盘
09:46:33	16.46	-0.04	30	49380	卖盘
09:46:30	16.5	0.04	6	9900	买盘
09:46:27	16.46	--	6	9876	卖盘
09:46:21	16.46	--	9	14814	卖盘
09:46:18	16.46	--	10	16460	卖盘
09:46:09	16.46	--	10	16460	卖盘
09:46:06	16.46	--	112	184352	卖盘
09:46:00	16.46	--	10	16460	卖盘
09:45:57	16.46	--	7	11522	卖盘
09:45:54	16.46	--	137	225502	卖盘
09:45:51	16.46	--	10	16460	卖盘
09:45:48	16.46	--	2	3292	卖盘
09:45:45	16.46	0.02	7	11522	卖盘
09:45:42	16.44	0.01	1	1644	买盘
09:45:39	16.43	-0.03	3	4929	卖盘
09:45:36	16.46	0.02	104	171184	买盘
09:45:33	16.44	-0.01	7	11508	中性盘
09:45:30	16.45	--	5	8225	卖盘
09:45:27	16.45	--	5	8225	中性盘
09:45:21	16.45	--	12	19740	卖盘
09:45:18	16.45	--	14	23030	卖盘
09:45:12	16.45	--	2	3290	卖盘
09:45:09	16.45	0.02	22	36190	买盘
09:45:03	16.43	-0.02	117	192231	卖盘
09:45:00	16.45	-0.01	2	3290	卖盘
09:44:57	16.46	--	25	41150	买盘
09:44:54	16.46	--	293	482278	买盘
09:44:51	16.46	--	3	4938	买盘
09:44:42	16.46	--	5	8230	卖盘
09:44:36	16.46	-0.04	2	3292	中性盘
09:44:27	16.5	0.05	50	82500	买盘
09:44:24	16.45	--	5	8225	卖盘
09:44:21	16.45	--	422	694190	卖盘
09:44:15	16.45	-0.01	1	1645	卖盘
09:44:12	16.46	--	1	1646	买盘
09:44:09	16.46	--	10	16460	买盘
09:44:06	16.46	--	20	32920	卖盘
09:43:57	16.46	-0.04	18	29628	卖盘
09:43:54	16.5	--	12	19800	买盘
09:43:45	16.5	0.04	260	429000	买盘
09:43:39	16.46	--	26	42796	卖盘
09:43:36	16.46	--	5	8230	卖盘
09:43:33	16.46	-0.02	76	125096	卖盘
09:43:30	16.48	0.02	152	250496	买盘
09:43:24	16.46	--	1	1646	卖盘
09:43:12	16.46	0.01	23	37858	买盘
09:43:09	16.45	-0.01	50	82250	卖盘
09:43:06	16.46	-0.02	19	31274	卖盘
09:43:00	16.48	--	2	3296	买盘
09:42:57	16.48	0.02	18	29664	买盘
09:42:54	16.46	--	5	8230	卖盘
09:42:33	16.46	--	11	18106	卖盘
09:42:30	16.46	--	30	49380	买盘
09:42:27	16.46	0.01	31	51026	买盘
09:42:24	16.45	--	26	42770	卖盘
09:42:21	16.45	-0.01	17	27965	卖盘
09:42:18	16.46	0.01	16	26336	买盘
09:42:15	16.45	--	16	26320	卖盘
09:42:12	16.45	--	8	13160	卖盘
09:42:09	16.45	--	15	24675	卖盘
09:42:06	16.45	--	27	44415	卖盘
09:42:03	16.45	-0.01	6	9870	卖盘
09:42:00	16.46	0.01	11	18106	买盘
09:41:57	16.45	--	60	98700	卖盘
09:41:54	16.45	-0.01	27	44415	卖盘
09:41:48	16.46	-0.04	44	72424	卖盘
09:41:45	16.5	0.04	93	153450	买盘
09:41:36	16.46	-0.04	21	34566	卖盘
09:41:30	16.5	0.03	50	82500	买盘
09:41:27	16.47	-0.01	6	9882	卖盘
09:41:24	16.48	--	25	41200	卖盘
09:41:15	16.48	-0.02	33	54384	卖盘
09:41:09	16.5	-0.03	447	737913	卖盘
09:40:54	16.53	0.01	14	23142	中性盘
09:40:45	16.52	--	125	206500	卖盘
09:40:42	16.52	-0.01	3	4956	卖盘
09:40:39	16.53	--	50	82650	买盘
09:40:36	16.53	--	3	4959	买盘
09:40:33	16.53	--	4	6612	中性盘
09:40:24	16.53	--	3	4959	卖盘
09:40:21	16.53	-0.02	2	3306	卖盘
09:40:03	16.55	-0.01	6	9930	卖盘
09:39:54	16.56	--	2	3311	买盘
09:39:51	16.56	0.01	5	8280	买盘
09:39:48	16.55	--	4	6620	卖盘
09:39:45	16.55	0.04	4	6620	中性盘
09:39:21	16.51	-0.02	64	105664	卖盘
09:39:18	16.53	0.03	130	214890	中性盘
09:39:15	16.5	-0.01	75	123750	卖盘
09:39:09	16.51	--	4	6604	卖盘
09:39:03	16.51	--	20	33020	卖盘
09:38:48	16.51	--	17	28067	卖盘
09:38:45	16.51	-0.01	2	3302	买盘
09:38:42	16.52	0.02	2	3304	中性盘
09:38:39	16.5	-0.01	20	33000	卖盘
09:38:33	16.51	--	19	31369	卖盘
09:38:30	16.51	--	28	46228	卖盘
09:38:24	16.51	--	3	4953	卖盘
09:38:21	16.51	--	41	67691	卖盘
09:38:18	16.51	--	4	6604	卖盘
09:38:15	16.51	--	15	24765	卖盘
09:38:09	16.51	--	6	9906	卖盘
09:38:06	16.51	0.01	20	33020	买盘
09:38:03	16.5	-0.01	45	74250	卖盘
09:38:00	16.51	--	5	8255	卖盘
09:37:54	16.51	0.01	11	18161	中性盘
09:37:51	16.5	-0.06	23	37950	卖盘
09:37:48	16.56	0.05	50	82800	买盘
09:37:45	16.51	--	1	1651	卖盘
09:37:42	16.51	--	42	69342	买盘
09:37:39	16.51	0.01	50	82550	买盘
09:37:33	16.5	--	20	33000	卖盘
09:37:30	16.5	--	2	3300	卖盘
09:37:27	16.5	-0.01	23	37950	卖盘
09:37:21	16.51	--	2	3302	买盘
09:37:18	16.51	--	20	33020	卖盘
09:37:12	16.51	--	30	49530	卖盘
09:37:03	16.51	--	6	9906	卖盘
09:36:57	16.51	-0.01	4	6604	卖盘
09:36:51	16.52	0.02	4	6608	卖盘
09:36:48	16.5	-0.01	104	171600	卖盘
09:36:39	16.51	0.01	1	1651	中性盘
09:36:27	16.5	-0.04	9	14850	卖盘
09:36:21	16.54	0.04	3	4962	买盘
09:36:18	16.5	-0.01	30	49500	卖盘
09:36:12	16.51	-0.03	210	347997	卖盘
09:36:03	16.54	0.02	2	3308	买盘
09:35:54	16.52	-0.02	90	148680	卖盘
09:35:48	16.54	0.01	5	8270	买盘
09:35:36	16.53	0.01	4	6612	中性盘
09:35:21	16.52	-0.05	10	16520	卖盘
09:35:18	16.57	0.04	55	91135	买盘
09:35:15	16.53	-0.04	6	9918	卖盘
09:35:09	16.57	0.03	3	4971	买盘
09:35:06	16.54	-0.03	1	1654	中性盘
09:34:57	16.57	-0.03	26	43082	卖盘
09:34:54	16.6	0.08	12	19920	买盘
09:34:51	16.52	--	58	95816	卖盘
09:34:39	16.52	-0.08	2	3304	卖盘
09:34:36	16.6	0.08	7	11620	买盘
09:34:21	16.52	--	24	39648	卖盘
09:34:18	16.52	0.01	6	9912	中性盘
09:34:12	16.51	-0.01	9	14859	卖盘
09:34:09	16.52	--	1	1652	卖盘
09:34:03	16.52	--	56	92512	卖盘
09:34:00	16.52	--	4	6608	买盘
09:33:54	16.52	--	25	41300	买盘
09:33:48	16.52	0.01	1	1652	买盘
09:33:39	16.51	-0.01	10	16510	卖盘
09:33:36	16.52	-0.05	117	193284	卖盘
09:33:30	16.57	--	1	1657	卖盘
09:33:27	16.57	-0.04	2	3314	卖盘
09:33:21	16.61	0.04	10	16610	买盘
09:33:18	16.57	0.05	7	11599	买盘
09:33:12	16.52	--	2	3304	卖盘
09:33:03	16.52	-0.05	3	4956	卖盘
09:32:57	16.57	--	6	9942	买盘
09:32:51	16.57	0.06	5	8285	买盘
09:32:48	16.51	--	8	13208	卖盘
09:32:42	16.51	-0.06	6	9906	卖盘
09:32:39	16.57	0.06	1	1657	买盘
09:32:30	16.51	-0.12	2	3302	卖盘
09:32:24	16.63	0.06	100	166300	买盘
09:32:21	16.57	--	21	34797	卖盘
09:32:18	16.57	--	10	16570	卖盘
09:32:15	16.57	-0.02	12	19884	卖盘
09:32:12	16.59	0.02	19	31521	买盘
09:32:00	16.57	--	1	1657	卖盘
09:31:57	16.57	0.01	3	4971	卖盘
09:31:54	16.56	-0.01	29	48023	卖盘
09:31:51	16.57	--	12	19884	买盘
09:31:42	16.57	0.12	2	3314	买盘
09:31:24	16.45	-0.03	36	59220	卖盘
09:31:18	16.48	0.03	1	1648	买盘
09:31:15	16.45	-0.03	3	4935	卖盘
09:31:12	16.48	--	10	16480	买盘
09:31:06	16.48	0.04	20	32960	买盘
09:31:03	16.44	--	23	37812	卖盘
09:31:00	16.44	-0.04	151	248244	卖盘
09:30:54	16.48	--	34	56032	卖盘
09:30:51	16.48	0.04	3	4944	中性盘
09:30:42	16.44	-0.12	20	32880	卖盘
09:30:39	16.56	0.06	2	3311	卖盘
09:30:36	16.5	--	3	4950	买盘
09:30:33	16.5	--	1	1650	买盘
09:30:30	16.5	--	30	49500	买盘
09:30:27	16.5	-0.1	196	323400	卖盘
09:30:15	16.6	--	28	46480	买盘
09:30:12	16.6	--	14	23240	买盘
09:30:09	16.6	--	4	6640	买盘
09:30:06	16.6	-0.03	60	99600	卖盘
09:30:03	16.63	0.03	12	19956	买盘
09:25:03	16.6	16.6	231	383460	买盘
