成交时间	成交价	价格变动	成交量(手)	成交额(元)	性质
15:00:03	14.17	-0.01	713	1010321	卖盘
14:57:00	14.18	--	0	0	卖盘
14:56:57	14.18	--	45	63810	买盘
14:56:54	14.18	--	7	9926	买盘
14:56:48	14.18	--	1	1418	卖盘
14:56:45	14.18	-0.01	4	5672	卖盘
14:56:42	14.19	0.01	15	21285	买盘
14:56:30	14.18	0.02	12	17016	买盘
14:56:27	14.16	-0.02	39	55224	卖盘
14:56:06	14.18	--	1	1418	买盘
14:55:54	14.18	--	1	1418	买盘
14:55:51	14.18	-0.01	53	75154	卖盘
14:55:39	14.19	0.01	2	2838	买盘
14:55:36	14.18	-0.01	3	4254	卖盘
14:55:30	14.19	--	2	2838	买盘
14:55:27	14.19	-0.01	15	21285	卖盘
14:55:24	14.2	--	3	4260	买盘
14:55:21	14.2	0.01	15	21300	买盘
14:55:09	14.19	-0.01	129	183051	卖盘
14:55:06	14.2	0.01	10	14200	买盘
14:55:03	14.19	--	1	1419	卖盘
14:54:57	14.19	--	3	4257	卖盘
14:54:48	14.19	--	1	1419	卖盘
14:54:45	14.19	--	11	15609	卖盘
14:54:42	14.19	--	10	14190	卖盘
14:54:36	14.19	-0.02	10	14190	卖盘
14:54:30	14.21	0.02	100	142100	买盘
14:54:24	14.19	-0.01	10	14190	卖盘
14:54:18	14.2	0.01	34	48280	买盘
14:54:12	14.19	--	4	5676	卖盘
14:54:09	14.19	-0.01	13	18447	中性盘
14:53:51	14.2	--	3	4260	卖盘
14:53:39	14.2	0.02	21	29820	买盘
14:53:36	14.18	-0.02	8	11344	卖盘
14:53:30	14.2	--	100	142000	买盘
14:53:18	14.2	0.02	5	7100	买盘
14:53:06	14.18	-0.02	27	38286	卖盘
14:53:00	14.2	0.02	6	8520	买盘
14:52:54	14.18	-0.03	2	2836	卖盘
14:52:48	14.21	--	7	9947	买盘
14:52:39	14.21	0.05	87	123627	买盘
14:52:36	14.16	-0.02	1	1416	卖盘
14:52:33	14.18	-0.01	6	8508	买盘
14:52:30	14.19	--	154	218526	卖盘
14:52:27	14.19	--	14	19866	买盘
14:52:24	14.19	-0.01	10	14190	中性盘
14:52:15	14.2	0.01	520	738400	买盘
14:52:09	14.19	--	7	9933	买盘
14:52:00	14.19	0.03	22	31218	中性盘
14:51:33	14.16	-0.04	2	2832	卖盘
14:51:30	14.2	0.06	100	142000	买盘
14:51:27	14.14	--	12	16968	卖盘
14:51:21	14.14	--	3	4242	卖盘
14:51:12	14.14	-0.01	3	4242	卖盘
14:51:00	14.15	0.01	1	1415	买盘
14:50:57	14.14	-0.01	102	144228	卖盘
14:50:51	14.15	--	62	87730	买盘
14:50:48	14.15	--	10	14150	买盘
14:50:42	14.15	--	10	14150	中性盘
14:50:21	14.15	--	1	1415	卖盘
14:49:57	14.15	--	10	14150	卖盘
14:49:48	14.15	-0.01	3	4245	卖盘
14:49:45	14.16	0.01	32	45312	买盘
14:49:39	14.15	-0.01	71	100465	卖盘
14:49:36	14.16	0.01	2	2832	买盘
14:49:12	14.15	--	44	62260	卖盘
14:48:51	14.15	--	15	21225	卖盘
14:48:42	14.15	-0.01	48	67920	卖盘
14:48:36	14.16	--	5	7080	买盘
14:48:33	14.16	--	1	1416	买盘
14:48:12	14.16	-0.02	5	7080	卖盘
14:48:09	14.18	0.01	8	11344	买盘
14:48:06	14.17	--	12	17004	买盘
14:48:03	14.17	--	148	209716	卖盘
14:47:54	14.17	-0.02	9	12753	卖盘
14:47:36	14.19	0.02	40	56760	买盘
14:47:33	14.17	-0.02	21	29757	卖盘
14:47:06	14.19	0.03	57	80883	买盘
14:47:03	14.16	--	12	16992	卖盘
14:46:30	14.16	-0.01	1	1416	卖盘
14:46:12	14.17	--	9	12753	买盘
14:46:06	14.17	--	1	1417	买盘
14:45:57	14.17	--	20	28340	卖盘
14:45:33	14.17	--	16	22672	买盘
14:45:30	14.17	0.01	20	28340	买盘
14:45:24	14.16	-0.01	4	5664	卖盘
14:45:21	14.17	--	4	5668	买盘
14:45:12	14.17	--	9	12753	买盘
14:45:06	14.17	--	1	1417	买盘
14:44:54	14.17	--	19	26923	卖盘
14:44:48	14.17	-0.02	7	9919	卖盘
14:44:45	14.19	0.01	38	53922	买盘
14:44:33	14.18	--	31	43958	买盘
14:44:27	14.18	0.01	12	17016	买盘
14:44:15	14.17	-0.01	10	14170	卖盘
14:44:12	14.18	--	8	11344	买盘
14:44:06	14.18	--	1	1418	买盘
14:43:48	14.18	0.02	10	14180	买盘
14:43:45	14.16	--	6	8496	卖盘
14:43:12	14.16	--	76	107616	卖盘
14:42:51	14.16	0.01	29	41064	买盘
14:42:42	14.15	-0.01	6	8490	卖盘
14:42:36	14.16	--	10	14160	买盘
14:42:12	14.16	--	9	12744	买盘
14:42:06	14.16	--	1	1416	买盘
14:42:03	14.16	--	4	5664	买盘
14:41:51	14.16	0.01	34	48144	买盘
14:41:36	14.15	-0.01	1	1415	卖盘
14:41:12	14.16	--	5	7080	买盘
14:41:06	14.16	0.01	3	4248	买盘
14:40:33	14.15	--	30	42450	买盘
14:40:24	14.15	--	3	4245	买盘
14:40:12	14.15	--	9	12735	买盘
14:40:09	14.15	-0.01	35	49525	卖盘
14:40:06	14.16	0.01	2	2832	买盘
14:40:03	14.15	0.02	15	21225	中性盘
14:39:27	14.13	-0.03	130	183690	卖盘
14:39:12	14.16	0.02	21	29736	买盘
14:38:51	14.14	--	1	1414	中性盘
14:38:33	14.14	--	30	42420	买盘
14:38:24	14.14	--	17	24038	买盘
14:38:21	14.14	--	195	275730	买盘
14:38:18	14.14	--	5	7070	买盘
14:38:15	14.14	--	8	11312	买盘
14:38:09	14.14	--	10	14140	买盘
14:38:06	14.14	--	9	12726	买盘
14:37:48	14.14	-0.02	210	296940	卖盘
14:37:33	14.16	0.01	10	14160	买盘
14:37:12	14.15	--	28	39620	买盘
14:37:06	14.15	--	5	7075	买盘
14:37:03	14.15	0.01	1	1415	买盘
14:36:48	14.14	0.02	15	21210	买盘
14:36:36	14.12	-0.02	19	26828	卖盘
14:36:09	14.14	--	11	15554	买盘
14:36:06	14.14	-0.04	196	277144	卖盘
14:35:36	14.18	0.04	87	123366	买盘
14:35:33	14.14	-0.03	22	31108	中性盘
14:35:21	14.17	--	20	28340	买盘
14:35:06	14.17	--	10	14170	买盘
14:35:03	14.17	0.05	4	5668	卖盘
14:35:00	14.12	-0.06	1	1412	卖盘
14:34:57	14.18	--	26	36868	买盘
14:34:54	14.18	--	1	1418	买盘
14:34:45	14.18	0.01	87	123366	买盘
14:34:39	14.17	0.07	5	7085	买盘
14:34:27	14.1	--	4	5640	卖盘
14:34:18	14.1	--	46	64860	买盘
14:34:15	14.1	--	61	86010	买盘
14:34:12	14.1	--	10	14100	买盘
14:34:09	14.1	--	5	7050	买盘
14:34:06	14.1	--	17	23970	买盘
14:33:57	14.1	--	64	90240	买盘
14:33:54	14.1	--	36	50760	买盘
14:33:51	14.1	--	10	14100	买盘
14:33:39	14.1	--	156	219960	卖盘
14:33:33	14.1	--	116	163560	买盘
14:33:30	14.1	--	1	1410	买盘
14:33:21	14.1	-0.05	495	697950	卖盘
14:33:09	14.15	-0.04	500	707500	卖盘
14:33:06	14.19	--	10	14190	买盘
14:32:48	14.19	--	8	11352	卖盘
14:32:45	14.19	--	17	24123	卖盘
14:32:42	14.19	-0.01	32	45408	卖盘
14:32:24	14.2	-0.02	192	272640	卖盘
14:32:06	14.22	0.02	9	12798	买盘
14:32:03	14.2	-0.02	52	73840	卖盘
14:32:00	14.22	0.01	26	36972	买盘
14:31:54	14.21	--	7	9947	买盘
14:31:45	14.21	0.01	15	21315	买盘
14:31:33	14.2	0.01	8	11360	中性盘
14:31:06	14.19	0.03	17	24123	买盘
14:31:03	14.16	-0.01	20	28320	卖盘
14:31:00	14.17	--	45	63765	买盘
14:30:54	14.17	--	12	17004	买盘
14:30:48	14.17	-0.02	7	9919	卖盘
14:30:30	14.19	-0.02	37	52503	卖盘
14:30:27	14.21	0.01	26	36946	买盘
14:30:21	14.2	--	15	21300	卖盘
14:30:09	14.2	-0.03	10	14200	卖盘
14:30:06	14.23	0.02	5	7115	买盘
14:30:00	14.21	-0.02	13	18473	卖盘
14:29:51	14.23	--	91	129493	卖盘
14:29:39	14.23	-0.01	11	15653	卖盘
14:29:33	14.24	-0.01	99	140976	卖盘
14:29:30	14.25	--	9	12825	买盘
14:29:27	14.25	--	45	64125	买盘
14:29:24	14.25	--	100	142500	买盘
14:29:21	14.25	-0.01	287	408975	卖盘
14:29:15	14.26	--	113	161138	买盘
14:29:06	14.26	-0.01	109	155434	买盘
14:29:00	14.27	0.01	114	162678	买盘
14:28:57	14.26	--	10	14260	卖盘
14:28:54	14.26	--	25	35650	卖盘
14:28:51	14.26	--	99	141174	卖盘
14:28:48	14.26	-0.01	10	14260	卖盘
14:28:45	14.27	--	8	11416	买盘
14:28:42	14.27	--	10	14270	买盘
14:28:39	14.27	-0.01	48	68496	卖盘
14:28:36	14.28	0.01	71	101388	买盘
14:28:33	14.27	-0.01	7	9989	卖盘
14:28:30	14.28	0.01	334	476952	买盘
14:28:27	14.27	-0.01	2	2854	卖盘
14:28:18	14.28	-0.01	19	27132	卖盘
14:28:15	14.29	--	12	17148	买盘
14:28:12	14.29	--	5	7145	买盘
14:28:06	14.29	--	12	17148	买盘
14:28:00	14.29	--	4	5716	卖盘
14:27:57	14.29	--	19	27151	卖盘
14:27:54	14.29	0.03	147	210063	买盘
14:27:51	14.26	-0.02	5	7130	中性盘
14:27:48	14.28	0.02	525	749700	买盘
14:27:42	14.26	--	10	14260	卖盘
14:27:39	14.26	-0.01	10	14260	卖盘
14:27:33	14.27	0.01	11	15697	买盘
14:27:27	14.26	--	51	72726	买盘
14:27:24	14.26	0.01	6	8556	买盘
14:27:18	14.25	--	11	15675	卖盘
14:27:15	14.25	-0.01	30	42750	卖盘
14:27:12	14.26	--	9	12834	买盘
14:27:06	14.26	0.01	1	1426	买盘
14:27:03	14.25	-0.02	10	14250	卖盘
14:27:00	14.27	0.02	141	201207	买盘
14:26:57	14.25	-0.02	15	21375	卖盘
14:26:51	14.27	--	26	37102	买盘
14:26:45	14.27	--	2	2854	买盘
14:26:42	14.27	0.02	3	4281	买盘
14:26:39	14.25	-0.02	145	206625	卖盘
14:26:33	14.27	--	7	9989	买盘
14:26:27	14.27	0.02	13	18551	买盘
14:26:24	14.25	-0.02	3	4275	卖盘
14:26:21	14.27	0.02	8	11416	中性盘
14:26:18	14.25	--	25	35625	卖盘
14:26:15	14.25	-0.03	11	15675	卖盘
14:26:12	14.28	--	9	12852	买盘
14:26:09	14.28	0.03	317	452676	买盘
14:26:06	14.25	0.01	19	27075	买盘
14:26:03	14.24	-0.02	50	71200	卖盘
14:25:57	14.26	--	7	9982	买盘
14:25:54	14.26	-0.01	76	108376	买盘
14:25:51	14.27	0.02	125	178375	买盘
14:25:45	14.25	-0.02	10	14250	卖盘
14:25:42	14.27	--	155	221185	买盘
14:25:39	14.27	--	55	78485	买盘
14:25:36	14.27	--	35	49945	买盘
14:25:33	14.27	-0.01	156	222612	中性盘
14:25:27	14.28	0.02	45	64260	买盘
14:25:24	14.26	--	8	11408	买盘
14:25:21	14.26	0.01	43	61318	买盘
14:25:18	14.25	0.01	26	37050	买盘
14:25:15	14.24	-0.02	6	8544	中性盘
14:25:12	14.26	0.01	145	206770	买盘
14:25:06	14.25	0.02	179	255075	买盘
14:25:03	14.23	--	45	64035	买盘
14:24:57	14.23	--	31	44113	卖盘
14:24:54	14.23	--	2	2846	买盘
14:24:51	14.23	--	60	85380	买盘
14:24:48	14.23	0.02	4	5692	买盘
14:24:45	14.21	-0.02	15	21315	中性盘
14:24:39	14.23	0.03	100	142300	买盘
14:24:36	14.2	--	572	812240	买盘
14:24:33	14.2	0.01	17	24140	买盘
14:24:30	14.19	-0.01	16	22704	卖盘
14:24:27	14.2	0.01	43	61060	买盘
14:24:24	14.19	--	47	66693	买盘
14:24:21	14.19	--	15	21285	买盘
14:24:15	14.19	0.01	250	354750	买盘
14:24:12	14.18	0.01	5	7090	买盘
14:24:09	14.17	--	37	52429	买盘
14:24:06	14.17	0.01	1	1417	买盘
14:24:03	14.16	0.02	9	12744	买盘
14:24:00	14.14	-0.02	13	18382	卖盘
14:23:57	14.16	--	10	14160	买盘
14:23:54	14.16	--	31	43896	买盘
14:23:48	14.16	--	22	31152	买盘
14:23:45	14.16	0.01	174	246384	买盘
14:23:36	14.15	--	7	9905	卖盘
14:23:30	14.15	0.04	949	1344108	买盘
14:23:24	14.11	-0.01	141	198951	卖盘
14:23:21	14.12	--	142	200504	买盘
14:23:18	14.12	--	200	282400	买盘
14:23:12	14.12	--	9	12708	买盘
14:23:06	14.12	--	1	1412	买盘
14:23:00	14.12	0.01	70	98840	买盘
14:22:54	14.11	--	2	2822	卖盘
14:22:51	14.11	-0.01	4	5644	卖盘
14:22:48	14.12	0.02	10	14120	买盘
14:22:15	14.1	-0.01	40	56400	卖盘
14:22:12	14.11	0.01	8	11288	买盘
14:21:57	14.1	--	1	1410	卖盘
14:21:51	14.1	--	1	1410	卖盘
14:21:48	14.1	--	11	15510	卖盘
14:21:45	14.1	-0.01	54	76140	卖盘
14:21:33	14.11	--	17	23987	卖盘
14:21:30	14.11	0.01	192	270912	买盘
14:21:21	14.1	--	1	1410	卖盘
14:21:12	14.1	-0.01	43	60630	卖盘
14:21:06	14.11	--	1	1411	买盘
14:20:42	14.11	0.01	25	35275	买盘
14:20:36	14.1	--	48	67680	卖盘
14:20:30	14.1	--	4	5640	卖盘
14:20:12	14.1	--	41	57810	买盘
14:20:06	14.1	0.01	1	1410	买盘
14:20:03	14.09	--	14	19726	卖盘
14:19:30	14.09	--	61	85949	卖盘
14:19:27	14.09	0.01	4	5636	买盘
14:19:15	14.08	-0.01	30	42240	中性盘
14:19:12	14.09	-0.01	5	7045	买盘
14:19:06	14.1	0.03	1	1410	买盘
14:18:57	14.07	--	1	1407	中性盘
14:18:27	14.07	-0.03	1	1407	卖盘
14:18:12	14.1	0.03	14	19740	买盘
14:18:06	14.07	--	2	2814	买盘
14:18:00	14.07	--	10	14070	买盘
14:17:57	14.07	--	20	28140	买盘
14:17:54	14.07	0.01	6	8442	买盘
14:17:51	14.06	-0.01	46	64676	卖盘
14:17:48	14.07	--	1	1407	买盘
14:17:42	14.07	--	24	33768	买盘
14:17:36	14.07	--	72	101304	买盘
14:17:21	14.07	--	42	59094	买盘
14:17:12	14.07	--	9	12663	买盘
14:17:03	14.07	-0.01	15	21105	卖盘
14:16:57	14.08	0.01	3	4224	买盘
14:16:51	14.07	-0.01	6	8442	卖盘
14:16:48	14.08	--	1	1408	买盘
14:16:42	14.08	--	23	32384	卖盘
14:16:18	14.08	-0.02	8	11264	卖盘
14:16:15	14.1	--	10	14100	买盘
14:16:09	14.1	--	1	1410	买盘
14:16:06	14.1	--	5	7050	买盘
14:15:48	14.1	0.03	1	1410	买盘
14:15:45	14.07	-0.03	9	12663	卖盘
14:15:39	14.1	--	1	1410	买盘
14:15:30	14.1	0.03	174	245340	买盘
14:15:15	14.07	-0.01	6	8442	卖盘
14:15:06	14.08	--	8	11264	买盘
14:14:48	14.08	0.01	1	1408	买盘
14:14:42	14.07	-0.01	6	8442	卖盘
14:14:39	14.08	--	1	1408	买盘
14:14:36	14.08	--	7	9856	卖盘
14:14:09	14.08	-0.02	3	4224	卖盘
14:14:06	14.1	--	6	8460	买盘
14:13:48	14.1	--	1	1410	买盘
14:13:39	14.1	--	4	5640	买盘
14:13:30	14.1	-0.02	18	25380	卖盘
14:13:06	14.12	0.02	9	12708	买盘
14:13:03	14.1	-0.02	7	9870	卖盘
14:12:48	14.12	--	1	1412	买盘
14:12:36	14.12	0.02	5	7060	买盘
14:12:30	14.1	--	11	15510	卖盘
14:12:27	14.1	-0.02	1	1410	卖盘
14:12:21	14.12	--	2	2824	买盘
14:12:06	14.12	0.02	5	7060	买盘
14:12:00	14.1	0.03	21	29610	买盘
14:11:57	14.07	-0.02	18	25326	卖盘
14:11:21	14.09	-0.01	1	1409	卖盘
14:11:06	14.1	0.01	9	12690	买盘
14:10:54	14.09	--	2	2818	卖盘
14:10:36	14.09	0.02	2	2818	买盘
14:10:30	14.07	--	10	14070	卖盘
14:10:21	14.07	-0.02	21	29547	卖盘
14:10:06	14.09	0.02	6	8454	买盘
14:09:51	14.07	--	30	42210	卖盘
14:09:48	14.07	-0.01	15	21105	卖盘
14:09:42	14.08	--	19	26752	买盘
14:09:36	14.08	--	21	29568	买盘
14:09:30	14.08	0.01	1	1408	买盘
14:09:18	14.07	-0.01	49	68943	卖盘
14:09:12	14.08	--	9	12672	买盘
14:09:06	14.08	--	1	1408	买盘
14:09:00	14.08	--	132	185856	卖盘
14:08:45	14.08	-0.01	56	78848	卖盘
14:08:39	14.09	--	7	9863	卖盘
14:08:36	14.09	--	31	43679	卖盘
14:08:15	14.09	-0.01	7	9863	卖盘
14:08:12	14.1	--	4	5640	买盘
14:08:09	14.1	0.01	10	14100	买盘
14:08:03	14.09	--	8	11272	卖盘
14:07:51	14.09	--	3	4227	卖盘
14:07:42	14.09	--	17	23953	卖盘
14:07:39	14.09	-0.01	41	57769	卖盘
14:07:36	14.1	--	21	29610	买盘
14:07:12	14.1	0.01	8	11280	买盘
14:07:09	14.09	-0.01	42	59178	卖盘
14:07:06	14.1	--	8	11280	卖盘
14:06:36	14.1	-0.02	25	35250	卖盘
14:06:18	14.12	--	12	16944	买盘
14:06:12	14.12	--	8	11296	买盘
14:06:09	14.12	0.02	1	1412	买盘
14:06:06	14.1	--	13	18330	卖盘
14:05:36	14.1	--	21	29610	买盘
14:05:12	14.1	--	4	5640	买盘
14:05:06	14.1	0.01	1	1410	中性盘
14:04:57	14.09	--	24	33816	卖盘
14:04:42	14.09	-0.03	30	42270	卖盘
14:04:36	14.12	0.03	21	29652	买盘
14:04:30	14.09	--	1	1409	卖盘
14:04:27	14.09	--	45	63405	卖盘
14:04:21	14.09	-0.03	5	7045	卖盘
14:04:12	14.12	--	8	11296	买盘
14:04:09	14.12	--	1	1412	买盘
14:04:06	14.12	0.03	1	1412	买盘
14:04:00	14.09	--	1	1409	卖盘
14:03:57	14.09	-0.03	28	39452	卖盘
14:03:48	14.12	--	20	28240	买盘
14:03:36	14.12	0.03	21	29652	买盘
14:03:30	14.09	--	1	1409	卖盘
14:03:24	14.09	-0.03	17	23953	卖盘
14:03:12	14.12	--	8	11296	买盘
14:03:09	14.12	--	1	1412	买盘
14:03:06	14.12	0.03	1	1412	买盘
14:03:00	14.09	--	1	1409	卖盘
14:02:51	14.09	-0.01	14	19726	卖盘
14:02:42	14.1	-0.02	30	42300	卖盘
14:02:36	14.12	0.02	21	29652	买盘
14:02:30	14.1	--	1	1410	卖盘
14:02:18	14.1	-0.02	24	33840	卖盘
14:02:09	14.12	--	8	11296	买盘
14:02:06	14.12	--	1	1412	买盘
14:01:54	14.12	0.03	19	26828	买盘
14:01:45	14.09	-0.01	20	28180	卖盘
14:01:42	14.1	-0.02	8	11280	卖盘
14:01:33	14.12	--	21	29652	买盘
14:01:21	14.12	0.02	20	28240	买盘
14:01:15	14.1	-0.02	3	4230	卖盘
14:01:12	14.12	--	4	5648	买盘
14:01:09	14.12	--	3	4236	买盘
14:00:54	14.12	--	10	14120	卖盘
14:00:45	14.12	--	4	5648	卖盘
14:00:33	14.12	--	7	9884	买盘
14:00:18	14.12	-0.01	4	5648	卖盘
14:00:12	14.13	--	18	25434	买盘
14:00:06	14.13	0.01	1	1413	买盘
14:00:03	14.12	--	1	1412	卖盘
14:00:00	14.12	--	8	11296	卖盘
13:59:36	14.12	-0.01	6	8472	卖盘
13:59:33	14.13	--	21	29673	买盘
13:59:09	14.13	--	5	7065	买盘
13:59:06	14.13	--	6	8478	买盘
13:59:03	14.13	0.01	60	84780	买盘
13:59:00	14.12	--	1	1412	卖盘
13:58:42	14.12	--	4	5648	卖盘
13:58:36	14.12	--	1	1412	卖盘
13:58:33	14.12	--	7	9884	买盘
13:58:09	14.12	0.01	8	11296	买盘
13:58:06	14.11	--	12	16932	卖盘
13:58:00	14.11	-0.01	2	2822	卖盘
13:57:45	14.12	--	20	28240	买盘
13:57:36	14.12	--	8	11296	买盘
13:57:33	14.12	0.01	21	29652	买盘
13:57:30	14.11	-0.01	3	4233	中性盘
13:57:21	14.12	--	19	26828	买盘
13:57:15	14.12	--	42	59304	买盘
13:57:09	14.12	--	5	7060	买盘
13:57:06	14.12	0.02	8	11296	买盘
13:57:00	14.1	--	1	1410	卖盘
13:56:57	14.1	--	6	8460	卖盘
13:56:36	14.1	--	2	2820	卖盘
13:56:33	14.1	0.01	7	9870	买盘
13:56:30	14.09	--	1	1409	卖盘
13:56:27	14.09	-0.01	21	29589	卖盘
13:56:09	14.1	-0.02	1	1410	卖盘
13:56:06	14.12	0.02	16	22592	买盘
13:56:03	14.1	0.01	34	47940	买盘
13:56:00	14.09	--	1	1409	卖盘
13:55:54	14.09	-0.01	36	50724	卖盘
13:55:36	14.1	--	8	11280	买盘
13:55:33	14.1	0.01	21	29610	买盘
13:55:30	14.09	--	1	1409	卖盘
13:55:21	14.09	-0.01	15	21135	卖盘
13:55:09	14.1	-0.02	31	43710	卖盘
13:55:06	14.12	--	17	24004	买盘
13:54:45	14.12	-0.01	5	7060	卖盘
13:54:36	14.13	--	8	11304	买盘
13:54:33	14.13	0.01	21	29673	买盘
13:54:30	14.12	--	1	1412	卖盘
13:54:15	14.12	-0.01	2	2824	卖盘
13:54:06	14.13	0.01	13	18369	买盘
13:54:00	14.12	--	1	1412	卖盘
13:53:57	14.12	--	1	1412	卖盘
13:53:42	14.12	--	6	8472	卖盘
13:53:33	14.12	0.04	9	12708	买盘
13:53:30	14.08	--	1	1408	卖盘
13:53:12	14.08	-0.05	2	2816	卖盘
13:53:09	14.13	0.01	1	1413	买盘
13:53:06	14.12	--	17	24004	中性盘
13:52:48	14.12	--	8	11296	卖盘
13:52:36	14.12	--	1	1412	卖盘
13:52:33	14.12	0.05	20	28240	买盘
13:52:30	14.07	--	1	1407	卖盘
13:52:06	14.07	-0.06	14	19698	卖盘
13:51:54	14.13	--	25	35325	卖盘
13:51:48	14.13	--	1	1413	卖盘
13:51:42	14.13	--	62	87606	买盘
13:51:33	14.13	--	21	29673	买盘
13:51:15	14.13	--	1	1413	买盘
13:51:09	14.13	0.01	29	40977	买盘
13:51:06	14.12	--	4	5648	卖盘
13:51:00	14.12	0.06	42	60546	买盘
13:50:54	14.06	-0.06	13	18278	卖盘
13:50:48	14.12	0.02	78	110136	买盘
13:50:33	14.1	0.04	17	23970	买盘
13:50:30	14.06	--	1	1406	卖盘
13:50:27	14.06	-0.04	15	21090	卖盘
13:50:09	14.1	--	4	5640	买盘
13:50:06	14.1	0.04	1	1410	买盘
13:50:00	14.06	--	1	1406	卖盘
13:49:51	14.06	--	11	15466	卖盘
13:49:48	14.06	--	10	14060	买盘
13:49:42	14.06	--	20	28120	买盘
13:49:30	14.06	-0.03	79	111074	卖盘
13:49:21	14.09	-0.01	3	4227	卖盘
13:49:09	14.1	--	9	12690	买盘
13:49:06	14.1	0.01	1	1410	买盘
13:49:03	14.09	0.02	36	50724	买盘
13:48:51	14.07	0.01	4	5628	中性盘
13:48:18	14.06	-0.01	20	28120	卖盘
13:48:12	14.07	--	15	21105	买盘
13:48:09	14.07	--	4	5628	买盘
13:48:00	14.07	--	12	16884	卖盘
13:47:48	14.07	--	5	7035	卖盘
13:47:18	14.07	-0.02	6	8442	卖盘
13:47:12	14.09	0.01	50	70450	买盘
13:47:09	14.08	--	5	7040	买盘
13:47:06	14.08	0.01	1	1408	买盘
13:46:45	14.07	--	9	12663	卖盘
13:46:12	14.07	-0.01	12	16884	卖盘
13:46:09	14.08	--	8	11264	买盘
13:46:06	14.08	--	1	1408	买盘
13:45:39	14.08	0.01	48	67584	买盘
13:45:30	14.07	--	56	78792	买盘
13:45:24	14.07	0.01	20	28140	买盘
13:45:21	14.06	-0.01	3	4218	卖盘
13:45:15	14.07	--	89	125223	买盘
13:45:09	14.07	--	5	7035	买盘
13:45:06	14.07	--	9	12663	卖盘
13:45:03	14.07	--	10	14070	卖盘
13:44:57	14.07	0.01	1	1407	中性盘
13:44:30	14.06	-0.02	24	33744	卖盘
13:44:21	14.08	--	12	16896	买盘
13:44:12	14.08	0.01	22	30976	买盘
13:44:09	14.07	--	4	5628	买盘
13:44:06	14.07	0.01	1	1407	买盘
13:44:00	14.06	-0.01	33	46398	卖盘
13:43:30	14.07	0.01	2	2814	买盘
13:43:27	14.06	-0.02	46	64676	卖盘
13:43:09	14.08	0.01	5	7040	买盘
13:43:06	14.07	--	1	1407	买盘
13:43:03	14.07	--	10	14070	卖盘
13:42:57	14.07	--	3	4221	卖盘
13:42:48	14.07	0.01	7	9849	中性盘
13:42:24	14.06	--	68	95608	卖盘
13:42:21	14.06	-0.01	3	4218	卖盘
13:42:15	14.07	-0.01	4	5628	卖盘
13:42:09	14.08	--	4	5632	买盘
13:41:57	14.08	0.02	10	14080	买盘
13:41:51	14.06	--	7	9842	卖盘
13:41:18	14.06	-0.02	9	12654	卖盘
13:41:09	14.08	0.01	9	12672	买盘
13:41:06	14.07	0.01	1	1407	买盘
13:40:45	14.06	-0.01	13	18278	卖盘
13:40:09	14.07	-0.01	22	30954	买盘
13:40:06	14.08	0.02	1	1408	买盘
13:39:39	14.06	-0.02	26	36556	卖盘
13:39:36	14.08	--	6	8448	买盘
13:39:33	14.08	0.01	45	63360	买盘
13:39:15	14.07	0.01	1	1407	买盘
13:39:12	14.06	-0.01	1	1406	卖盘
13:39:09	14.07	--	5	7035	买盘
13:39:06	14.07	--	37	52059	买盘
13:38:42	14.07	--	3	4221	卖盘
13:38:33	14.07	-0.01	1	1407	中性盘
13:38:03	14.08	0.01	5	7040	买盘
13:37:57	14.07	-0.01	23	32361	卖盘
13:37:39	14.08	0.01	1	1408	买盘
13:37:33	14.07	--	3	4221	卖盘
13:37:27	14.07	-0.01	1	1407	卖盘
13:37:15	14.08	--	7	9856	买盘
13:37:09	14.08	--	5	7040	买盘
13:37:06	14.08	0.01	1	1408	买盘
13:36:57	14.07	-0.01	10	14070	卖盘
13:36:39	14.08	0.01	1	1408	买盘
13:36:36	14.07	--	5	7035	卖盘
13:36:27	14.07	--	8	11256	卖盘
13:36:18	14.07	-0.01	5	7035	卖盘
13:36:09	14.08	0.01	4	5632	买盘
13:36:06	14.07	--	1	1407	卖盘
13:35:51	14.07	-0.01	14	19698	卖盘
13:35:39	14.08	0.01	1	1408	买盘
13:35:21	14.07	--	20	28140	卖盘
13:35:15	14.07	-0.01	3	4221	卖盘
13:35:09	14.08	--	1	1408	买盘
13:35:06	14.08	--	12	16896	买盘
13:35:00	14.08	0.01	10	14080	买盘
13:34:51	14.07	-0.01	22	30954	卖盘
13:34:39	14.08	0.01	2	2816	买盘
13:34:33	14.07	--	8	11256	卖盘
13:34:18	14.07	-0.01	14	19698	卖盘
13:34:09	14.08	--	4	5632	买盘
13:34:06	14.08	0.01	5	7040	买盘
13:33:48	14.07	-0.01	18	25326	卖盘
13:33:39	14.08	--	1	1408	买盘
13:33:24	14.08	0.01	5	7040	买盘
13:33:21	14.07	--	22	30954	卖盘
13:33:18	14.07	--	36	50652	卖盘
13:33:15	14.07	-0.01	1	1407	卖盘
13:33:09	14.08	--	4	5632	买盘
13:33:06	14.08	0.01	1	1408	买盘
13:32:42	14.07	-0.01	52	73164	卖盘
13:32:39	14.08	--	1	1408	买盘
13:32:12	14.08	--	75	105600	买盘
13:32:09	14.08	--	4	5632	中性盘
13:31:42	14.08	-0.02	1	1408	卖盘
13:31:39	14.1	0.02	1	1410	买盘
13:31:21	14.08	0.01	1	1408	中性盘
13:31:12	14.07	-0.03	20	28140	卖盘
13:31:09	14.1	--	8	11280	买盘
13:31:06	14.1	--	1	1410	买盘
13:30:42	14.1	0.02	35	49350	买盘
13:30:39	14.08	0.01	1	1408	买盘
13:30:36	14.07	--	1	1407	卖盘
13:30:12	14.07	-0.01	22	30954	卖盘
13:30:09	14.08	--	1	1408	买盘
13:30:06	14.08	--	1	1408	买盘
13:29:45	14.08	--	14	19712	买盘
13:29:39	14.08	--	1	1408	买盘
13:29:36	14.08	-0.02	13	18304	卖盘
13:29:09	14.1	0.02	4	5640	买盘
13:29:06	14.08	-0.02	5	7040	卖盘
13:28:39	14.1	0.02	1	1410	买盘
13:28:33	14.08	-0.02	7	9856	卖盘
13:28:12	14.1	--	1	1410	卖盘
13:28:09	14.1	-0.02	10	14100	卖盘
13:28:06	14.12	0.02	1	1412	买盘
13:28:00	14.1	-0.02	1	1410	卖盘
13:27:39	14.12	0.02	1	1412	买盘
13:27:27	14.1	-0.02	1	1410	卖盘
13:27:24	14.12	0.01	29	40948	买盘
13:27:21	14.11	-0.01	2	2822	卖盘
13:27:09	14.12	--	8	11296	买盘
13:27:06	14.12	--	2	2824	买盘
13:27:00	14.12	--	69	97428	买盘
13:26:54	14.12	0.01	35	49420	买盘
13:26:39	14.11	-0.01	1	1411	买盘
13:26:24	14.12	--	36	50832	买盘
13:26:09	14.12	0.01	5	7060	买盘
13:26:03	14.11	--	3	4233	买盘
13:25:54	14.11	0.01	36	50796	买盘
13:25:42	14.1	-0.01	39	54990	卖盘
13:25:39	14.11	0.01	1	1411	买盘
13:25:24	14.1	0.01	16	22560	买盘
13:25:18	14.09	-0.01	1	1409	中性盘
13:25:06	14.1	-0.01	1	1410	中性盘
13:24:54	14.11	0.01	34	47974	买盘
13:24:51	14.1	--	2	2989	卖盘
13:24:45	14.1	--	1	1410	卖盘
13:24:42	14.1	--	6	8460	卖盘
13:24:24	14.1	0.02	24	35080	买盘
13:24:21	14.08	-0.01	2	2816	卖盘
13:24:18	14.09	--	2	2818	卖盘
13:24:12	14.09	-0.01	1	1409	卖盘
13:24:09	14.1	0.02	5	7050	买盘
13:24:00	14.08	-0.02	2	2816	卖盘
13:23:54	14.1	0.02	34	47940	买盘
13:23:42	14.08	-0.02	1	1408	卖盘
13:23:27	14.1	0.01	20	28200	买盘
13:23:24	14.09	0.01	34	47906	买盘
13:23:18	14.08	--	3	4224	卖盘
13:23:09	14.08	--	9	12672	卖盘
13:22:54	14.08	--	2	2816	买盘
13:22:51	14.08	--	4	5632	买盘
13:22:39	14.08	--	3	4224	卖盘
13:22:36	14.08	-0.01	1	1408	卖盘
13:22:09	14.09	--	5	7045	买盘
13:22:06	14.09	0.02	1	1409	买盘
13:22:03	14.07	-0.02	31	43617	卖盘
13:21:39	14.09	--	8	11272	卖盘
13:21:33	14.09	--	3	4227	卖盘
13:21:09	14.09	-0.01	4	5636	卖盘
13:21:06	14.1	0.01	1	1410	买盘
13:21:00	14.09	-0.01	2	2818	卖盘
13:20:51	14.1	--	40	56569	卖盘
13:20:42	14.1	--	50	70500	卖盘
13:20:30	14.1	-0.01	36	50760	卖盘
13:20:09	14.11	0.01	5	7055	买盘
13:20:00	14.1	--	10	14100	卖盘
13:19:54	14.1	-0.01	54	76140	卖盘
13:19:39	14.11	--	8	11288	买盘
13:19:30	14.11	--	12	16932	卖盘
13:19:24	14.11	--	5	7055	卖盘
13:19:12	14.11	-0.01	100	141100	卖盘
13:19:09	14.12	0.01	10	14120	买盘
13:18:57	14.11	--	16	22576	卖盘
13:18:51	14.11	--	56	79016	卖盘
13:18:45	14.11	--	8	11288	买盘
13:18:30	14.11	-0.01	1	1411	卖盘
13:18:24	14.12	--	2	2824	卖盘
13:18:18	14.12	-0.01	1	1412	卖盘
13:18:15	14.13	--	4	5652	买盘
13:18:09	14.13	--	19	26847	买盘
13:18:06	14.13	--	1	1413	买盘
13:18:03	14.13	0.01	3	4239	买盘
13:18:00	14.12	-0.01	3	4236	卖盘
13:17:54	14.13	0.01	4	5652	买盘
13:17:45	14.12	0.01	2	2824	买盘
13:17:15	14.11	--	3	4233	卖盘
13:17:12	14.11	0.01	1	1411	中性盘
13:16:51	14.1	0.04	586	827500	买盘
13:16:39	14.06	-0.02	6	8436	卖盘
13:16:09	14.08	0.02	13	18304	买盘
13:15:39	14.06	-0.01	13	18278	卖盘
13:15:27	14.07	-0.01	9	12663	卖盘
13:15:06	14.08	--	1	1408	买盘
13:15:03	14.08	--	7	9856	买盘
13:14:54	14.08	-0.01	56	78848	卖盘
13:14:45	14.09	0.01	6	8454	买盘
13:14:33	14.08	-0.01	23	32384	卖盘
13:14:24	14.09	0.01	6	8454	买盘
13:14:06	14.08	--	2	2816	卖盘
13:14:00	14.08	0.01	122	171776	买盘
13:13:36	14.07	0.01	3	4221	买盘
13:13:27	14.06	-0.01	15	21090	卖盘
13:13:21	14.07	-0.01	15	21105	卖盘
13:13:12	14.08	--	31	43648	买盘
13:13:09	14.08	0.01	5	7040	买盘
13:13:06	14.07	-0.01	5	7035	卖盘
13:13:03	14.08	0.01	4	5632	买盘
13:12:57	14.07	-0.01	8	11256	卖盘
13:12:45	14.08	0.01	28	39424	买盘
13:12:27	14.07	-0.01	11	15477	卖盘
13:12:09	14.08	--	4	5632	买盘
13:12:03	14.08	0.01	5	7040	买盘
13:12:00	14.07	--	7	9849	卖盘
13:11:57	14.07	--	17	23919	卖盘
13:11:27	14.07	--	25	35175	卖盘
13:11:12	14.07	--	3	4221	卖盘
13:10:54	14.07	--	14	19698	卖盘
13:10:51	14.07	0.01	4	5628	买盘
13:10:24	14.06	--	5	7030	卖盘
13:10:21	14.06	-0.01	2	2812	卖盘
13:10:09	14.07	--	4	5628	买盘
13:09:57	14.07	0.01	5	7035	买盘
13:09:51	14.06	--	2	2812	卖盘
13:09:30	14.06	-0.01	2	2812	卖盘
13:09:24	14.07	0.01	20	28140	买盘
13:09:18	14.06	-0.01	3	4218	卖盘
13:09:09	14.07	0.01	4	5628	买盘
13:08:48	14.06	--	3	4218	卖盘
13:08:18	14.06	-0.01	5	7030	卖盘
13:08:09	14.07	--	4	5628	买盘
13:08:06	14.07	0.01	1	1407	买盘
13:07:45	14.06	--	7	9842	卖盘
13:07:12	14.06	-0.01	10	14060	卖盘
13:07:09	14.07	0.01	4	5628	买盘
13:06:39	14.06	-0.01	8	11248	卖盘
13:06:33	14.07	--	2	2814	买盘
13:06:27	14.07	-0.01	21	29547	卖盘
13:06:09	14.08	--	4	5632	买盘
13:06:06	14.08	--	7	9856	买盘
13:06:00	14.08	--	5	7040	买盘
13:05:54	14.08	0.01	5	7040	买盘
13:05:33	14.07	--	7	9849	卖盘
13:05:18	14.07	--	2	2814	卖盘
13:05:15	14.07	--	72	101304	买盘
13:05:03	14.07	0.01	14	19698	买盘
13:04:33	14.06	--	18	25308	卖盘
13:04:18	14.06	--	3	4218	卖盘
13:04:00	14.06	--	27	37962	卖盘
13:03:57	14.06	--	2	2812	卖盘
13:03:27	14.06	--	1	1406	卖盘
13:03:21	14.06	-0.01	1	1406	卖盘
13:03:09	14.07	--	4	5628	买盘
13:03:06	14.07	0.01	1	1407	买盘
13:02:54	14.06	--	1	1406	卖盘
13:02:21	14.06	-0.01	2	2812	卖盘
13:02:09	14.07	0.01	4	5628	买盘
13:01:45	14.06	--	1	1406	卖盘
13:01:12	14.06	-0.01	2	2812	卖盘
13:01:09	14.07	--	4	5628	买盘
13:01:06	14.07	0.01	1	1407	买盘
13:00:45	14.06	--	4	5624	卖盘
13:00:42	14.06	--	1	1406	卖盘
13:00:24	14.06	--	15	21090	买盘
13:00:12	14.06	0.01	9	12654	买盘
13:00:09	14.05	-0.01	1	1405	卖盘
13:00:06	14.06	--	3	4218	买盘
13:00:03	14.06	0.01	22	30932	买盘
13:00:00	14.05	--	0	0	卖盘
11:30:00	14.05	--	0	0	卖盘
11:29:57	14.05	-0.01	3	4215	卖盘
11:29:48	14.06	0.01	57	80142	买盘
11:29:27	14.05	-0.01	4	5620	卖盘
11:29:06	14.06	0.01	1	1406	买盘
11:28:51	14.05	--	4	5620	卖盘
11:28:21	14.05	-0.01	1	1405	卖盘
11:28:09	14.06	0.01	4	5624	买盘
11:27:51	14.05	--	2	2810	卖盘
11:27:21	14.05	-0.01	2	2810	卖盘
11:27:09	14.06	0.01	4	5624	买盘
11:26:48	14.05	-0.01	1	1405	卖盘
11:26:36	14.06	0.01	6	8436	买盘
11:26:15	14.05	-0.01	1	1405	卖盘
11:26:06	14.06	--	6	8436	买盘
11:25:51	14.06	--	3	4218	卖盘
11:25:42	14.06	0.01	1	1406	中性盘
11:25:09	14.05	--	7	9835	卖盘
11:24:39	14.05	-0.01	4	5620	卖盘
11:24:12	14.06	0.01	1	1406	买盘
11:24:06	14.05	0.01	2	2810	中性盘
11:23:36	14.04	-0.02	9	12636	卖盘
11:23:30	14.06	0.02	10	14060	买盘
11:23:21	14.04	-0.01	10	14040	卖盘
11:23:18	14.05	0.01	3	4215	买盘
11:23:00	14.04	--	15	21060	卖盘
11:22:30	14.04	--	21	29484	卖盘
11:21:57	14.04	-0.01	30	42120	卖盘
11:21:45	14.05	--	23	32315	卖盘
11:21:42	14.05	--	20	28100	卖盘
11:21:39	14.05	--	30	42150	卖盘
11:21:24	14.05	-0.01	31	43555	卖盘
11:21:12	14.06	--	4	5624	买盘
11:21:09	14.06	--	4	5624	买盘
11:20:54	14.06	--	9	12654	卖盘
11:20:51	14.06	--	3	4218	卖盘
11:20:21	14.06	--	4	5624	卖盘
11:20:03	14.06	--	5	7030	卖盘
11:19:48	14.06	--	7	9842	卖盘
11:19:18	14.06	-0.01	8	11248	卖盘
11:19:12	14.07	0.01	1	1407	买盘
11:18:45	14.06	--	5	7030	卖盘
11:18:12	14.06	--	5	7030	卖盘
11:18:09	14.06	-0.01	5	7030	卖盘
11:17:57	14.07	--	17	23919	卖盘
11:17:42	14.07	-0.01	6	8442	卖盘
11:17:39	14.08	--	13	18304	买盘
11:17:15	14.08	--	89	125312	卖盘
11:17:09	14.08	-0.01	39	54912	卖盘
11:16:51	14.09	--	18	25531	卖盘
11:16:36	14.09	--	7	9863	卖盘
11:16:27	14.09	--	2	2818	卖盘
11:16:15	14.09	--	3	4227	卖盘
11:16:03	14.09	--	9	12681	卖盘
11:16:00	14.09	--	35	50554	买盘
11:15:51	14.09	--	5	7045	买盘
11:15:33	14.09	0.01	9	12681	买盘
11:15:30	14.08	-0.01	57	80256	卖盘
11:15:09	14.09	0.01	4	5636	买盘
11:15:00	14.08	--	6	8448	卖盘
11:14:27	14.08	-0.01	8	11264	卖盘
11:14:24	14.09	--	23	32407	买盘
11:14:06	14.09	--	4	5636	买盘
11:14:00	14.09	0.01	7	9863	买盘
11:13:57	14.08	--	10	14080	卖盘
11:13:24	14.08	--	14	19712	卖盘
11:12:51	14.08	-0.01	11	15488	卖盘
11:12:36	14.09	0.01	3	4227	买盘
11:12:24	14.08	0.01	51	71808	买盘
11:12:21	14.07	-0.01	7	9849	卖盘
11:12:06	14.08	--	1	1408	买盘
11:11:54	14.08	--	25	35200	买盘
11:11:51	14.08	0.01	8	11264	买盘
11:11:48	14.07	-0.01	2	2814	卖盘
11:11:36	14.08	0.01	3	4224	买盘
11:11:15	14.07	--	3	4221	卖盘
11:11:06	14.07	0.01	3	4221	买盘
11:10:45	14.06	-0.01	3	4218	卖盘
11:10:36	14.07	0.01	3	4221	买盘
11:10:15	14.06	-0.01	5	7030	卖盘
11:10:06	14.07	0.01	4	5628	买盘
11:09:45	14.06	-0.01	4	5624	卖盘
11:09:36	14.07	0.01	3	4221	买盘
11:09:15	14.06	-0.01	6	8436	卖盘
11:08:54	14.07	0.01	9	12663	买盘
11:08:42	14.06	--	2	2812	卖盘
11:08:39	14.06	-0.01	4	5624	卖盘
11:08:36	14.07	0.04	14	19698	买盘
11:08:09	14.03	--	15	21045	卖盘
11:08:03	14.03	-0.03	66	92598	卖盘
11:07:39	14.06	--	5	7030	卖盘
11:07:36	14.06	-0.01	53	74518	卖盘
11:07:24	14.07	--	8	11256	卖盘
11:07:09	14.07	--	3	4221	卖盘
11:07:06	14.07	-0.01	2	2814	卖盘
11:06:48	14.08	--	16	22528	卖盘
11:06:36	14.08	-0.01	9	12672	卖盘
11:06:21	14.09	0.01	5	7045	买盘
11:06:15	14.08	--	1	1408	买盘
11:06:12	14.08	--	4	5632	买盘
11:06:06	14.08	--	7	9856	买盘
11:06:00	14.08	0.01	5	7040	买盘
11:05:36	14.07	--	8	11256	卖盘
11:05:03	14.07	-0.01	5	7035	卖盘
11:04:36	14.08	--	3	4224	买盘
11:04:33	14.08	--	16	22528	卖盘
11:04:30	14.08	-0.01	6	8448	卖盘
11:04:27	14.09	0.01	63	88767	买盘
11:04:24	14.08	-0.01	6	8448	卖盘
11:04:06	14.09	--	42	59347	卖盘
11:04:00	14.09	--	16	22544	卖盘
11:03:51	14.09	--	8	11272	卖盘
11:03:33	14.09	--	19	26771	卖盘
11:03:30	14.09	--	34	47906	卖盘
11:03:18	14.09	-0.01	27	38043	卖盘
11:03:12	14.1	0.01	6	8460	买盘
11:02:57	14.09	-0.01	36	50724	卖盘
11:02:51	14.1	-0.01	45	63450	卖盘
11:02:36	14.11	--	5	7055	买盘
11:02:24	14.11	-0.02	5	7055	卖盘
11:02:18	14.13	-0.01	1	1413	买盘
11:01:57	14.14	0.04	8	11312	买盘
11:01:54	14.1	0.01	9	12690	中性盘
11:01:27	14.09	-0.04	42	59178	卖盘
11:01:21	14.13	-0.01	14	19782	卖盘
11:01:15	14.14	--	12	16968	买盘
11:00:54	14.14	0.02	11	15554	买盘
11:00:51	14.12	-0.02	2	2824	中性盘
11:00:36	14.14	--	1	1414	买盘
11:00:24	14.14	--	50	70700	买盘
11:00:18	14.14	0.01	30	42420	买盘
11:00:12	14.13	--	10	14130	买盘
11:00:09	14.13	0.01	24	33912	买盘
11:00:00	14.12	0.02	43	60716	买盘
10:59:48	14.1	--	62	87420	买盘
10:59:45	14.1	--	6	8460	买盘
10:59:42	14.1	0.01	1	1410	买盘
10:59:27	14.09	-0.01	20	28180	卖盘
10:59:24	14.1	0.01	18	25380	买盘
10:59:18	14.09	0.01	8	12511	买盘
10:59:15	14.08	-0.01	15	21120	卖盘
10:59:09	14.09	--	1	1409	买盘
10:59:06	14.09	--	30	42270	买盘
10:58:57	14.09	0.01	61	85949	买盘
10:58:51	14.08	--	39	54912	卖盘
10:58:45	14.08	-0.01	24	33792	卖盘
10:58:42	14.09	--	5	7045	买盘
10:58:39	14.09	--	1	1409	买盘
10:58:33	14.09	0.01	5	7045	买盘
10:58:18	14.08	0.01	22	30976	买盘
10:58:12	14.07	-0.01	4	5628	卖盘
10:58:09	14.08	--	1	1408	买盘
10:58:06	14.08	--	9	12672	买盘
10:58:03	14.08	--	7	9856	买盘
10:57:57	14.08	-0.01	161	226688	卖盘
10:57:54	14.09	0.01	6	8454	买盘
10:57:45	14.08	--	39	54912	买盘
10:57:42	14.08	--	11	15488	买盘
10:57:36	14.08	--	4	5632	买盘
10:57:27	14.08	--	12	16896	买盘
10:57:24	14.08	--	40	56320	买盘
10:57:15	14.08	0.01	3	4224	买盘
10:57:09	14.07	-0.01	5	7035	卖盘
10:57:06	14.08	--	1	1408	买盘
10:56:54	14.08	0.01	10	14080	买盘
10:56:39	14.07	-0.01	3	4221	中性盘
10:56:27	14.08	--	10	14080	买盘
10:56:24	14.08	0.02	15	21120	买盘
10:56:18	14.06	-0.02	5	7030	卖盘
10:56:06	14.08	0.02	5	7040	买盘
10:56:03	14.06	-0.02	1	1406	卖盘
10:55:57	14.08	--	30	42240	买盘
10:55:51	14.08	--	10	14080	买盘
10:55:39	14.08	0.04	52	73216	买盘
10:55:33	14.04	-0.04	7	9828	卖盘
10:55:06	14.08	--	9	12672	卖盘
10:55:00	14.08	--	3	4224	卖盘
10:54:36	14.08	0.05	57	80256	买盘
10:54:27	14.03	--	17	23851	卖盘
10:53:54	14.03	-0.05	8	11224	卖盘
10:53:33	14.08	0.05	74	104192	买盘
10:53:24	14.03	-0.04	9	12627	卖盘
10:53:03	14.07	0.01	15	21105	买盘
10:52:57	14.06	--	7	9842	卖盘
10:52:51	14.06	--	2	2812	卖盘
10:52:33	14.06	0.03	1	1406	买盘
10:52:21	14.03	-0.03	9	12627	卖盘
10:51:57	14.06	0.03	6	8436	买盘
10:51:48	14.03	-0.03	4	5612	卖盘
10:51:42	14.06	0.03	28	39368	买盘
10:51:18	14.03	0.01	6	8418	中性盘
10:50:45	14.02	--	9	12618	卖盘
10:50:15	14.02	--	13	18226	卖盘
10:49:45	14.02	0.01	6	8412	中性盘
10:49:12	14.01	--	14	19614	卖盘
10:48:57	14.01	--	5	7005	卖盘
10:48:39	14.01	--	21	29421	卖盘
10:48:09	14.01	--	29	40629	卖盘
10:47:39	14.01	--	35	49035	卖盘
10:47:06	14.01	-0.08	9	12609	卖盘
10:46:54	14.09	0.09	114	160626	买盘
10:46:30	14.0	-0.07	12	16800	卖盘
10:46:27	14.07	0.08	1	1407	买盘
10:46:09	13.99	-0.01	29	40571	卖盘
10:46:03	14.0	--	3	4200	卖盘
10:46:00	14.0	0.01	7	9800	卖盘
10:45:42	13.99	--	3	4197	卖盘
10:45:39	13.99	-0.01	5	6995	卖盘
10:45:33	14.0	0.01	28	39200	买盘
10:45:30	13.99	--	6	8394	卖盘
10:45:12	13.99	--	50	69950	卖盘
10:44:57	13.99	--	6	8394	卖盘
10:44:51	13.99	-0.01	4	5596	卖盘
10:44:42	14.0	0.02	6	8400	买盘
10:44:33	13.98	0.01	9	12582	中性盘
10:44:27	13.97	--	18	25146	卖盘
10:44:06	13.97	-0.01	10	13970	卖盘
10:43:57	13.98	--	5	6990	买盘
10:43:54	13.98	--	14	19572	卖盘
10:43:51	13.98	--	52	72696	卖盘
10:43:24	13.98	-0.02	27	37746	卖盘
10:43:15	14.0	0.01	4	5600	买盘
10:43:03	13.99	--	10	13990	卖盘
10:43:00	13.99	--	17	23783	卖盘
10:42:51	13.99	-0.01	15	20985	卖盘
10:42:39	14.0	--	11	15400	买盘
10:42:21	14.0	-0.01	102	142800	卖盘
10:42:12	14.01	0.01	5	7005	卖盘
10:41:51	14.0	-0.01	39	54600	卖盘
10:41:24	14.01	0.01	15	21015	买盘
10:41:18	14.0	-0.01	39	54600	卖盘
10:41:06	14.01	--	50	70050	买盘
10:40:51	14.01	--	1	1401	买盘
10:40:48	14.01	--	8	11208	买盘
10:40:45	14.01	-0.01	35	49035	卖盘
10:40:42	14.02	--	2	2804	买盘
10:40:33	14.02	0.01	8	11216	买盘
10:40:24	14.01	--	30	42030	卖盘
10:40:21	14.01	0.01	21	29421	买盘
10:40:18	14.0	--	21	29400	卖盘
10:40:15	14.0	--	29	40600	卖盘
10:39:48	14.0	--	3	4200	卖盘
10:39:45	14.0	--	9	12600	卖盘
10:39:24	14.0	--	10	14000	卖盘
10:39:15	14.0	-0.01	12	16800	卖盘
10:39:06	14.01	--	21	29421	买盘
10:39:03	14.01	--	5	7005	买盘
10:38:57	14.01	--	2	2802	买盘
10:38:45	14.01	--	10	14010	卖盘
10:38:42	14.01	--	3	4203	卖盘
10:38:36	14.01	--	5	7005	卖盘
10:38:15	14.01	0.01	5	7005	买盘
10:38:12	14.0	--	20	28000	卖盘
10:38:09	14.0	-0.01	16	22400	卖盘
10:37:51	14.01	--	16	22416	卖盘
10:37:42	14.01	--	2	2802	卖盘
10:37:39	14.01	--	9	12609	卖盘
10:37:36	14.01	0.01	8	11208	卖盘
10:37:30	14.0	-0.01	40	56000	卖盘
10:37:18	14.01	--	1	1401	买盘
10:37:09	14.01	--	16	22416	卖盘
10:37:06	14.01	-0.01	6	8406	卖盘
10:37:03	14.02	--	2	2804	买盘
10:36:45	14.02	--	2	2804	卖盘
10:36:36	14.02	-0.02	8	11216	卖盘
10:36:27	14.04	0.03	6	8424	买盘
10:36:03	14.01	--	5	7005	卖盘
10:35:51	14.01	--	77	107877	卖盘
10:35:33	14.01	-0.01	19	26619	卖盘
10:35:27	14.02	-0.01	27	37854	卖盘
10:35:09	14.03	--	7	9821	卖盘
10:35:03	14.03	--	3	4209	卖盘
10:34:42	14.03	--	5	7015	卖盘
10:34:30	14.03	-0.01	16	22448	卖盘
10:34:27	14.04	0.01	8	11232	买盘
10:34:21	14.03	-0.01	5	7015	卖盘
10:34:03	14.04	--	29	40716	卖盘
10:34:00	14.04	--	12	16848	卖盘
10:33:48	14.04	0.01	27	37908	中性盘
10:33:42	14.03	0.01	2	2806	中性盘
10:33:36	14.02	-0.01	8	11216	卖盘
10:33:33	14.03	0.01	6	8418	买盘
10:33:30	14.02	--	4	5608	卖盘
10:33:21	14.02	-0.01	75	105150	卖盘
10:33:00	14.03	-0.02	36	50508	卖盘
10:32:57	14.05	0.01	6	8430	买盘
10:32:54	14.04	--	2	2808	卖盘
10:32:27	14.04	-0.01	6	8424	卖盘
10:32:09	14.05	--	17	23885	卖盘
10:31:54	14.05	--	7	9835	卖盘
10:31:24	14.05	-0.04	1	1405	卖盘
10:31:09	14.09	0.04	3	4227	买盘
10:30:51	14.05	-0.04	1	1405	卖盘
10:30:48	14.09	0.04	2	2818	买盘
10:30:18	14.05	0.01	1	1405	卖盘
10:30:06	14.04	--	0	800	买盘
10:30:03	14.04	-0.01	17	24471	卖盘
10:30:00	14.05	--	10	14050	卖盘
10:29:48	14.05	-0.04	5	7025	卖盘
10:29:36	14.09	0.04	4	5636	买盘
10:29:21	14.05	--	10	14050	卖盘
10:29:18	14.05	--	20	28100	卖盘
10:29:15	14.05	-0.04	27	37935	卖盘
10:29:12	14.09	0.04	4	5636	买盘
10:28:51	14.05	0.01	24	34520	买盘
10:28:48	14.04	-0.01	6	8424	卖盘
10:28:42	14.05	--	20	28100	买盘
10:28:24	14.05	--	5	7629	卖盘
10:28:18	14.05	-0.05	2	2810	卖盘
10:28:09	14.1	0.05	4	5640	买盘
10:27:45	14.05	-0.04	2	2810	卖盘
10:27:39	14.09	0.04	4	5636	买盘
10:27:33	14.05	--	0	800	卖盘
10:27:15	14.05	-0.04	5	7025	卖盘
10:27:06	14.09	0.03	4	5636	中性盘
10:26:45	14.06	0.01	1	1406	卖盘
10:26:39	14.05	--	2	2810	买盘
10:26:30	14.05	0.01	12	16860	买盘
10:26:27	14.04	-0.01	3	4212	卖盘
10:26:24	14.05	0.01	2	2810	买盘
10:26:15	14.04	-0.01	33	46332	卖盘
10:26:09	14.05	0.01	3	4215	中性盘
10:25:45	14.04	-0.02	86	120743	卖盘
10:25:39	14.06	--	19	26714	买盘
10:25:36	14.06	--	2	2812	买盘
10:25:27	14.06	0.01	9	12654	买盘
10:25:12	14.05	-0.01	14	19670	卖盘
10:25:06	14.06	--	1	1406	买盘
10:25:03	14.06	--	5	7030	卖盘
10:24:39	14.06	--	24	33744	卖盘
10:24:30	14.06	--	4	5624	卖盘
10:24:18	14.06	--	5	7030	卖盘
10:24:09	14.06	-0.01	15	21090	卖盘
10:24:03	14.07	--	10	14070	买盘
10:23:57	14.07	0.01	5	7035	买盘
10:23:45	14.06	--	10	14060	卖盘
10:23:39	14.06	--	2	2812	卖盘
10:23:09	14.06	--	2	2812	卖盘
10:23:00	14.06	0.01	13	18278	买盘
10:22:39	14.05	--	10	14050	卖盘
10:22:36	14.05	-0.01	24	33720	卖盘
10:22:33	14.06	--	7	9842	卖盘
10:22:09	14.06	--	1	1406	卖盘
10:22:06	14.06	--	2	2812	卖盘
10:21:48	14.06	--	2	2812	卖盘
10:21:33	14.06	-0.01	4	5624	卖盘
10:21:12	14.07	0.01	12	16884	买盘
10:21:03	14.06	-0.01	1	1406	卖盘
10:20:33	14.07	-0.01	75	105525	卖盘
10:20:21	14.08	0.01	3	4224	买盘
10:20:03	14.07	--	30	42210	卖盘
10:19:57	14.07	0.01	120	168840	买盘
10:19:33	14.06	--	1	1406	卖盘
10:19:09	14.06	--	12	16872	卖盘
10:18:57	14.06	-0.01	5	7030	卖盘
10:18:48	14.07	--	10	14070	卖盘
10:18:30	14.07	--	3	4221	卖盘
10:18:24	14.07	--	1	1407	卖盘
10:18:03	14.07	--	1	1407	卖盘
10:18:00	14.07	-0.01	13	18291	卖盘
10:17:36	14.08	--	3	4224	买盘
10:17:30	14.08	-0.01	36	50688	卖盘
10:16:57	14.09	-0.01	1	1409	卖盘
10:16:36	14.1	--	3	4230	买盘
10:16:24	14.1	--	3	4230	卖盘
10:16:12	14.1	--	12	16920	卖盘
10:15:54	14.1	--	2	2820	卖盘
10:15:51	14.1	--	10	14100	卖盘
10:15:24	14.1	--	12	16920	买盘
10:15:00	14.1	0.01	18	25380	买盘
10:14:54	14.09	-0.01	3	4227	卖盘
10:14:51	14.1	0.01	1	1410	买盘
10:14:39	14.09	--	20	28180	卖盘
10:14:36	14.09	--	5	7045	卖盘
10:14:30	14.09	0.01	4	5636	买盘
10:14:21	14.08	--	12	16896	卖盘
10:13:51	14.08	0.01	9	12672	中性盘
10:13:18	14.07	-0.03	11	15477	卖盘
10:12:48	14.1	--	1	1410	卖盘
10:12:18	14.1	--	1	1410	卖盘
10:11:48	14.1	--	8	11280	卖盘
10:11:45	14.1	-0.03	3	4230	卖盘
10:11:18	14.13	--	12	16956	卖盘
10:11:15	14.13	-0.01	5	7065	卖盘
10:11:09	14.14	--	55	77770	卖盘
10:11:00	14.14	--	10	14140	卖盘
10:10:57	14.14	--	10	14140	卖盘
10:10:45	14.14	-0.01	32	45248	卖盘
10:10:21	14.15	0.01	21	29715	买盘
10:10:18	14.14	--	1	1414	卖盘
10:10:12	14.14	--	49	69286	卖盘
10:09:42	14.14	-0.01	14	19796	卖盘
10:09:30	14.15	0.01	10	14150	买盘
10:09:12	14.14	0.01	15	21210	买盘
10:08:39	14.13	--	4	5652	卖盘
10:08:24	14.13	-0.01	6	8478	中性盘
10:08:18	14.14	0.03	25	35350	买盘
10:08:12	14.11	-0.02	5	7055	卖盘
10:08:09	14.13	--	1	1413	卖盘
10:08:06	14.13	--	10	14130	卖盘
10:08:03	14.13	--	10	14130	卖盘
10:07:57	14.13	0.01	17	24021	买盘
10:07:51	14.12	--	10	14120	卖盘
10:07:36	14.12	--	4	5648	卖盘
10:07:33	14.12	0.01	15	21180	中性盘
10:07:30	14.11	--	10	14110	卖盘
10:07:12	14.11	0.04	8	11288	买盘
10:07:06	14.07	-0.04	10	14070	卖盘
10:07:00	14.11	--	22	31042	买盘
10:06:54	14.11	--	20	28220	买盘
10:06:42	14.11	0.05	1	1411	买盘
10:06:36	14.06	0.01	1	1406	中性盘
10:06:30	14.05	--	6	8430	买盘
10:06:24	14.05	--	8	11240	买盘
10:06:21	14.05	--	11	15455	买盘
10:06:18	14.05	--	40	56200	买盘
10:06:15	14.05	0.01	31	43555	买盘
10:06:12	14.04	-0.01	71	99684	卖盘
10:06:09	14.05	0.01	55	77275	买盘
10:06:03	14.04	-0.01	16	22464	卖盘
10:05:57	14.05	--	22	30910	买盘
10:05:54	14.05	--	3	4215	买盘
10:05:51	14.05	--	80	112400	买盘
10:05:36	14.05	--	51	71655	买盘
10:05:33	14.05	-0.06	71	99755	卖盘
10:05:27	14.11	--	10	14110	卖盘
10:05:24	14.11	-0.01	3	4233	卖盘
10:05:15	14.12	--	7	9884	买盘
10:05:06	14.12	-0.02	14	19768	卖盘
10:05:03	14.14	0.02	10	14140	买盘
10:05:00	14.12	-0.02	5	7060	中性盘
10:04:36	14.14	0.03	17	24038	买盘
10:04:30	14.11	-0.03	5	7055	卖盘
10:04:24	14.14	0.03	5	7070	买盘
10:04:21	14.11	-0.03	40	56440	卖盘
10:04:15	14.14	0.01	11	15554	买盘
10:04:09	14.13	--	2	2826	卖盘
10:04:00	14.13	--	4	5652	卖盘
10:03:54	14.13	-0.02	6	8478	卖盘
10:03:45	14.15	--	4	5660	买盘
10:03:27	14.15	--	11	15565	卖盘
10:03:06	14.15	-0.01	49	69335	卖盘
10:03:00	14.16	0.01	10	14160	买盘
10:02:57	14.15	--	12	16980	卖盘
10:02:51	14.15	--	7	9905	卖盘
10:02:48	14.15	--	15	21225	卖盘
10:02:39	14.15	--	10	14150	卖盘
10:02:33	14.15	--	5	7075	卖盘
10:02:27	14.15	--	38	53770	卖盘
10:02:24	14.15	-0.01	30	42450	卖盘
10:02:09	14.16	--	4	5664	买盘
10:02:03	14.16	0.01	2	2832	买盘
10:01:54	14.15	-0.01	73	103295	卖盘
10:01:45	14.16	0.01	1	1416	买盘
10:01:36	14.15	-0.01	7	9905	卖盘
10:01:24	14.16	--	37	52392	买盘
10:01:21	14.16	--	21	29736	买盘
10:01:18	14.16	--	15	21240	买盘
10:01:03	14.16	-0.01	115	162840	卖盘
10:01:00	14.17	0.01	30	42510	买盘
10:00:57	14.16	-0.01	24	33984	卖盘
10:00:54	14.17	--	26	36842	买盘
10:00:51	14.17	--	26	36842	买盘
10:00:39	14.17	--	2	2834	买盘
10:00:33	14.17	--	5	7085	买盘
10:00:30	14.17	0.01	85	120445	买盘
10:00:27	14.16	--	8	11328	卖盘
10:00:21	14.16	-0.01	17	24072	卖盘
10:00:18	14.17	--	52	73684	买盘
10:00:15	14.17	0.01	3	4251	买盘
10:00:06	14.16	-0.01	10	14160	卖盘
10:00:03	14.17	0.01	12	17004	买盘
09:59:48	14.16	--	61	86376	买盘
09:59:45	14.16	--	47	66552	买盘
09:59:33	14.16	0.02	29	41064	买盘
09:59:30	14.14	-0.02	50	70700	卖盘
09:59:21	14.16	--	10	14160	买盘
09:59:15	14.16	--	15	21240	买盘
09:59:03	14.16	0.01	13	18408	买盘
09:58:51	14.15	-0.01	10	14150	卖盘
09:58:48	14.16	--	34	48144	买盘
09:58:36	14.16	0.01	150	212400	买盘
09:58:27	14.15	--	20	28300	卖盘
09:58:15	14.15	-0.01	10	14150	卖盘
09:58:06	14.16	0.01	1	1416	买盘
09:57:57	14.15	--	104	147669	买盘
09:57:51	14.15	0.01	2	2830	买盘
09:57:48	14.14	-0.01	30	42420	卖盘
09:57:42	14.15	0.01	8	11320	买盘
09:57:39	14.14	--	2	2828	卖盘
09:57:30	14.14	--	100	141400	卖盘
09:57:09	14.14	--	5	7070	卖盘
09:56:48	14.14	-0.01	10	14140	卖盘
09:56:42	14.15	0.01	5	7075	买盘
09:56:39	14.14	-0.01	4	5656	中性盘
09:56:27	14.15	--	10	14150	买盘
09:56:21	14.15	--	2	2830	买盘
09:56:12	14.15	0.02	10	14150	买盘
09:56:09	14.13	-0.02	8	11304	卖盘
09:56:00	14.15	--	1	1415	买盘
09:55:57	14.15	--	14	19810	买盘
09:55:51	14.15	--	30	42450	买盘
09:55:42	14.15	--	48	67920	买盘
09:55:39	14.15	0.01	83	117445	买盘
09:55:30	14.14	--	5	7070	买盘
09:55:18	14.14	--	1	1414	买盘
09:55:09	14.14	0.01	40	56560	买盘
09:55:06	14.13	-0.01	10	14130	卖盘
09:55:00	14.14	--	29	41006	卖盘
09:54:57	14.14	--	10	14140	卖盘
09:54:48	14.14	-0.01	2	2828	卖盘
09:54:42	14.15	0.01	11	15565	买盘
09:54:39	14.14	0.01	23	32522	买盘
09:54:36	14.13	-0.01	11	15543	卖盘
09:54:33	14.14	-0.01	1	1414	卖盘
09:54:21	14.15	0.01	20	28300	买盘
09:54:12	14.14	--	1	1414	卖盘
09:54:09	14.14	--	48	67872	买盘
09:53:54	14.14	0.01	2	2828	中性盘
09:53:45	14.13	--	73	103149	卖盘
09:53:36	14.13	--	5	7065	卖盘
09:53:24	14.13	-0.02	30	42390	卖盘
09:53:09	14.15	0.02	50	70750	买盘
09:52:57	14.13	--	15	21195	卖盘
09:52:36	14.13	-0.02	20	28260	卖盘
09:51:54	14.15	0.01	6	8490	买盘
09:51:48	14.14	-0.01	5	7070	中性盘
09:51:42	14.15	--	20	28300	买盘
09:51:36	14.15	--	11	15565	买盘
09:51:30	14.15	--	1	1415	买盘
09:51:03	14.15	0.03	47	66505	买盘
09:50:45	14.12	0.02	45	63540	买盘
09:50:27	14.1	--	9	13254	买盘
09:50:18	14.1	--	24	33840	买盘
09:50:15	14.1	--	1	1410	买盘
09:50:06	14.1	--	3	4230	买盘
09:50:00	14.1	--	282	397620	买盘
09:49:57	14.1	--	9	12690	卖盘
09:49:48	14.1	-0.02	11	15510	中性盘
09:49:27	14.12	--	24	34791	卖盘
09:49:18	14.12	--	2	2824	卖盘
09:49:15	14.12	--	10	14120	卖盘
09:49:03	14.12	-0.03	0	28	卖盘
09:48:57	14.15	--	1	1415	买盘
09:48:54	14.15	-0.01	10	14150	中性盘
09:48:27	14.16	--	10	14160	买盘
09:48:24	14.16	--	41	58056	买盘
09:48:18	14.16	--	4	5664	买盘
09:48:15	14.16	--	8	11328	卖盘
09:48:03	14.16	0.04	119	168504	买盘
09:48:00	14.12	-0.03	14	19768	卖盘
09:47:57	14.15	--	2	2830	卖盘
09:47:48	14.15	--	10	14150	卖盘
09:47:36	14.15	0.03	58	82070	买盘
09:47:27	14.12	--	88	124736	买盘
09:47:15	14.12	0.02	86	121432	买盘
09:47:00	14.1	--	1	1410	中性盘
09:46:36	14.1	-0.02	10	14100	卖盘
09:45:57	14.12	0.01	45	63540	买盘
09:45:54	14.11	--	2	3753	卖盘
09:45:48	14.11	--	20	28220	卖盘
09:45:45	14.11	0.01	57	80906	买盘
09:45:39	14.1	--	20	28200	中性盘
09:45:18	14.1	0.03	20	28200	中性盘
09:45:00	14.07	-0.01	600	844200	卖盘
09:44:45	14.08	--	8	11264	卖盘
09:44:33	14.08	0.01	3	4224	中性盘
09:44:12	14.07	-0.04	1	1407	卖盘
09:44:03	14.11	0.04	9	12699	买盘
09:43:54	14.07	--	30	42210	卖盘
09:43:45	14.07	--	58	81606	卖盘
09:43:30	14.07	-0.02	60	84420	卖盘
09:43:27	14.09	0.02	8	11272	中性盘
09:42:51	14.07	--	33	46431	卖盘
09:42:45	14.07	0.02	142	199794	买盘
09:42:39	14.05	-0.02	1	1405	卖盘
09:42:18	14.07	--	10	14070	买盘
09:42:09	14.07	--	8	11256	卖盘
09:41:51	14.07	--	7	9849	卖盘
09:41:33	14.07	--	15	21105	卖盘
09:41:15	14.07	--	14	20148	卖盘
09:40:45	14.07	-0.01	40	56280	卖盘
09:40:36	14.08	--	15	21120	买盘
09:40:33	14.08	--	18	25344	买盘
09:40:27	14.08	-0.01	15	21120	卖盘
09:40:24	14.09	0.01	10	14090	买盘
09:40:12	14.08	0.01	10	14080	买盘
09:40:06	14.07	--	5	7035	卖盘
09:39:39	14.07	0.02	2	2814	中性盘
09:39:15	14.05	0.02	11	15455	买盘
09:38:48	14.03	--	15	21045	买盘
09:38:30	14.03	0.02	2	2806	买盘
09:38:27	14.01	--	34	47634	卖盘
09:38:24	14.01	-0.02	5	7005	卖盘
09:38:21	14.03	--	1	1403	买盘
09:38:15	14.03	--	1	1403	买盘
09:38:06	14.03	--	20	28060	买盘
09:37:57	14.03	--	11	15433	卖盘
09:37:48	14.03	-0.01	3	4209	卖盘
09:37:39	14.04	0.01	6	8424	买盘
09:37:21	14.03	-0.01	6	8418	卖盘
09:37:03	14.04	--	20	28080	买盘
09:36:39	14.04	-0.01	48	67392	买盘
09:36:24	14.05	-0.03	117	165213	卖盘
09:36:21	14.08	--	10	14080	买盘
09:36:03	14.08	-0.04	10	14080	卖盘
09:35:51	14.12	--	7	9884	中性盘
09:35:30	14.12	0.04	50	70600	买盘
09:35:15	14.08	--	30	42240	卖盘
09:35:00	14.08	--	5	7040	卖盘
09:34:42	14.08	-0.05	20	28160	卖盘
09:34:33	14.13	0.05	34	48042	买盘
09:34:12	14.08	0.01	1	1408	中性盘
09:34:03	14.07	--	10	14070	卖盘
09:33:42	14.07	--	51	71757	卖盘
09:33:39	14.07	-0.03	11	16053	卖盘
09:33:24	14.1	0.03	4	5640	中性盘
09:32:57	14.07	-0.03	50	70350	卖盘
09:32:54	14.1	-0.05	28	39480	卖盘
09:32:45	14.15	-0.01	23	32545	中性盘
09:32:21	14.16	0.11	1	1416	中性盘
09:32:03	14.05	--	4	5620	买盘
09:32:00	14.05	-0.1	57	80085	卖盘
09:31:54	14.15	--	35	49525	卖盘
09:31:51	14.15	--	10	14150	卖盘
09:31:45	14.15	--	3	4245	中性盘
09:31:27	14.15	0.1	20	28300	买盘
09:31:24	14.05	--	35	49175	卖盘
09:31:18	14.05	-0.14	7	9835	卖盘
09:31:00	14.19	--	79	112101	卖盘
09:30:54	14.19	--	166	235554	卖盘
09:30:48	14.19	0.14	99	140481	买盘
09:30:45	14.05	0.1	86	120830	买盘
09:30:42	13.95	-0.1	60	83700	卖盘
09:30:39	14.05	--	20	28100	买盘
09:30:15	14.05	0.02	16	22480	卖盘
09:30:06	14.03	--	28	39284	买盘
09:30:03	14.03	-0.14	20	28060	卖盘
09:30:00	14.17	--	0	0	中性盘
09:25:03	14.17	14.17	76	107692	买盘
