成交时间	成交价	价格变动	成交量(手)	成交额(元)	性质
15:00:03	6.44	0.01	979	630476	买盘
14:57:00	6.43	--	41	26363	卖盘
14:56:57	6.43	-0.01	40	25720	卖盘
14:56:48	6.44	0.01	508	327152	买盘
14:56:39	6.43	--	168	108024	卖盘
14:56:36	6.43	--	3	1929	卖盘
14:56:33	6.43	-0.01	8	5144	卖盘
14:56:30	6.44	0.01	19	12236	买盘
14:56:24	6.43	--	18	11574	卖盘
14:56:21	6.43	--	5	3215	卖盘
14:56:18	6.43	-0.01	2	1286	卖盘
14:56:12	6.44	0.01	309	198996	买盘
14:56:09	6.43	-0.01	10	6430	卖盘
14:56:06	6.44	0.01	123	79212	买盘
14:56:03	6.43	--	58	37294	卖盘
14:55:39	6.43	-0.01	14	9002	卖盘
14:55:36	6.44	0.01	5	3220	买盘
14:55:24	6.43	-0.01	100	64300	卖盘
14:55:21	6.44	0.01	40	25760	买盘
14:55:15	6.43	--	10	6430	卖盘
14:55:12	6.43	-0.01	4	2572	卖盘
14:55:03	6.44	0.01	35	22540	买盘
14:54:57	6.43	--	4	2572	卖盘
14:54:54	6.43	--	20	12860	卖盘
14:54:45	6.43	-0.01	17	10931	卖盘
14:54:42	6.44	--	123	79212	买盘
14:54:39	6.44	0.01	205	132020	买盘
14:54:36	6.43	--	16	10288	卖盘
14:54:33	6.43	-0.01	3	1929	卖盘
14:54:30	6.44	0.01	10	6440	买盘
14:54:15	6.43	--	14	9002	卖盘
14:54:09	6.43	--	50	32150	卖盘
14:54:06	6.43	--	1	643	卖盘
14:54:03	6.43	--	52	33436	卖盘
14:54:00	6.43	--	100	64300	卖盘
14:53:57	6.43	--	24	15432	卖盘
14:53:51	6.43	-0.01	16	10288	卖盘
14:53:48	6.44	0.01	65	41860	买盘
14:53:42	6.43	--	110	70730	卖盘
14:53:39	6.43	--	10	6430	卖盘
14:53:33	6.43	--	33	21778	卖盘
14:53:24	6.43	--	65	41795	卖盘
14:53:21	6.43	--	41	26363	卖盘
14:53:18	6.43	--	10	6430	卖盘
14:53:15	6.43	--	5	3215	卖盘
14:53:12	6.43	--	100	64300	卖盘
14:53:09	6.43	--	4	2572	卖盘
14:53:06	6.43	-0.01	3	1929	卖盘
14:53:03	6.44	0.01	2	1288	买盘
14:53:00	6.43	--	5	3215	卖盘
14:52:57	6.43	--	30	19290	卖盘
14:52:54	6.43	--	5	3215	卖盘
14:52:51	6.43	-0.01	159	102237	卖盘
14:52:48	6.44	0.01	6	3864	买盘
14:52:39	6.43	--	5	3215	卖盘
14:52:36	6.43	--	511	328573	买盘
14:52:33	6.43	--	3	1929	买盘
14:52:12	6.43	0.01	17	10931	买盘
14:52:06	6.42	--	2	1284	卖盘
14:51:57	6.42	-0.01	8	5136	卖盘
14:51:51	6.43	0.01	8	5144	买盘
14:51:45	6.42	-0.01	15	9630	卖盘
14:51:42	6.43	--	432	277776	买盘
14:51:30	6.43	--	49	31507	买盘
14:51:21	6.43	--	2	1286	买盘
14:51:12	6.43	--	5	3215	买盘
14:51:09	6.43	--	155	99665	卖盘
14:51:06	6.43	--	20	12860	卖盘
14:50:57	6.43	--	11	7073	卖盘
14:50:54	6.43	--	33	21219	卖盘
14:50:48	6.43	-0.01	5	3215	卖盘
14:50:42	6.44	0.01	91	58604	买盘
14:50:39	6.43	--	30	19290	卖盘
14:50:06	6.43	-0.01	10	6430	卖盘
14:49:45	6.44	0.01	45	28980	买盘
14:49:42	6.43	--	3	1929	卖盘
14:49:39	6.43	-0.01	56	36008	卖盘
14:49:33	6.44	0.01	13	8372	买盘
14:49:30	6.43	-0.01	6	3858	卖盘
14:49:27	6.44	--	11	7084	买盘
14:49:12	6.44	--	200	128800	买盘
14:49:06	6.44	0.02	58	37352	买盘
14:49:03	6.42	-0.01	166	106572	卖盘
14:48:57	6.43	--	4	2572	卖盘
14:48:54	6.43	--	50	32150	卖盘
14:48:48	6.43	--	41	26363	卖盘
14:48:27	6.43	--	35	22505	卖盘
14:48:15	6.43	-0.01	16	10288	中性盘
14:47:57	6.44	0.01	110	70840	买盘
14:47:54	6.43	-0.01	5	3215	中性盘
14:47:51	6.44	0.02	50	32200	买盘
14:47:42	6.42	-0.01	159	102078	卖盘
14:47:39	6.43	--	96	61978	买盘
14:47:30	6.43	--	3	1929	买盘
14:47:27	6.43	-0.01	1012	651108	卖盘
14:47:24	6.44	--	66	42504	买盘
14:47:15	6.44	--	63	40572	买盘
14:47:00	6.44	--	158	101752	买盘
14:46:54	6.44	0.01	10	6440	买盘
14:46:51	6.43	--	50	32150	卖盘
14:46:48	6.43	--	10	6430	卖盘
14:46:27	6.43	--	30	19290	卖盘
14:46:24	6.43	--	11	7073	卖盘
14:46:21	6.43	--	2	1286	卖盘
14:46:18	6.43	--	20	12860	卖盘
14:46:12	6.43	--	106	68158	卖盘
14:46:09	6.43	--	10	6430	卖盘
14:46:06	6.43	-0.01	100	64300	卖盘
14:46:03	6.44	0.01	19	12236	买盘
14:46:00	6.43	--	10	6430	卖盘
14:45:57	6.43	--	460	295780	卖盘
14:45:51	6.43	-0.01	9	5787	卖盘
14:45:48	6.44	0.01	138	88872	买盘
14:45:39	6.43	--	174	111882	卖盘
14:45:30	6.43	--	13	8359	卖盘
14:45:24	6.43	--	17	11181	卖盘
14:45:21	6.43	--	40	25720	卖盘
14:45:09	6.43	--	6	3858	卖盘
14:45:00	6.43	--	50	32150	卖盘
14:44:57	6.43	--	66	42438	卖盘
14:44:48	6.43	--	10	6430	卖盘
14:44:39	6.43	--	2	1286	卖盘
14:44:36	6.43	--	3	1929	卖盘
14:44:33	6.43	--	6	3858	卖盘
14:44:27	6.43	--	24	15432	卖盘
14:44:24	6.43	--	10	6430	卖盘
14:44:12	6.43	--	159	102237	卖盘
14:44:06	6.43	--	20	12860	卖盘
14:44:03	6.43	--	87	55941	卖盘
14:44:00	6.43	--	30	19290	卖盘
14:43:57	6.43	-0.01	43	27649	卖盘
14:43:54	6.44	0.01	6	3864	买盘
14:43:51	6.43	--	5	3215	卖盘
14:43:45	6.43	--	4	2572	卖盘
14:43:42	6.43	--	10	6430	卖盘
14:43:39	6.43	--	7	4501	卖盘
14:43:30	6.43	--	10	6430	卖盘
14:42:57	6.43	--	11	7073	卖盘
14:42:39	6.43	--	15	9645	卖盘
14:42:33	6.43	-0.01	10	6430	卖盘
14:42:24	6.44	0.01	15	9660	买盘
14:42:21	6.43	--	10	6430	卖盘
14:42:09	6.43	--	10	6430	卖盘
14:41:57	6.43	-0.01	18	11574	卖盘
14:41:54	6.44	0.01	6	3864	买盘
14:41:45	6.43	-0.01	5	3215	卖盘
14:41:42	6.44	0.01	5	3220	买盘
14:41:33	6.43	-0.01	15	9645	卖盘
14:41:15	6.44	--	22	14168	买盘
14:41:12	6.44	--	2	1288	买盘
14:41:06	6.44	--	200	128800	买盘
14:41:00	6.44	--	45	28980	买盘
14:40:57	6.44	0.01	5	3220	买盘
14:40:48	6.43	--	20	12860	卖盘
14:40:45	6.43	--	25	16075	卖盘
14:40:39	6.43	--	209	134387	卖盘
14:40:36	6.43	-0.01	5	3215	卖盘
14:40:33	6.44	--	25	16100	买盘
14:40:27	6.44	--	26	16744	买盘
14:40:12	6.44	--	110	70840	买盘
14:40:06	6.44	--	3	1932	买盘
14:39:57	6.44	--	45	28980	买盘
14:39:54	6.44	--	6	3864	买盘
14:39:45	6.44	--	4	2576	买盘
14:39:24	6.44	0.01	20	12880	买盘
14:39:18	6.43	-0.01	15	9645	卖盘
14:39:15	6.44	0.01	28	18032	买盘
14:39:00	6.43	-0.01	4	2572	卖盘
14:38:57	6.44	--	77	50077	卖盘
14:38:51	6.44	--	7	4662	买盘
14:38:45	6.44	0.01	129	83076	买盘
14:38:42	6.43	-0.01	109	70087	卖盘
14:38:36	6.44	--	18	11592	买盘
14:38:30	6.44	--	8	5152	买盘
14:38:27	6.44	--	24	15456	买盘
14:38:06	6.44	--	23	14812	买盘
14:37:57	6.44	0.01	20	12880	买盘
14:37:54	6.43	--	12	7716	卖盘
14:37:51	6.43	-0.01	3	1929	卖盘
14:37:45	6.44	--	50	32200	买盘
14:37:42	6.44	--	631	406364	买盘
14:37:36	6.44	--	52	33488	买盘
14:37:33	6.44	--	155	99820	买盘
14:37:30	6.44	--	200	128800	买盘
14:37:27	6.44	--	20	12880	买盘
14:37:18	6.44	--	156	100464	买盘
14:37:15	6.44	0.01	247	159068	买盘
14:37:09	6.43	--	1	643	卖盘
14:37:06	6.43	-0.01	165	106095	卖盘
14:36:57	6.44	0.01	10	6440	买盘
14:36:48	6.43	-0.01	52	33436	卖盘
14:36:42	6.44	--	10	6440	买盘
14:36:36	6.44	0.01	3	1932	买盘
14:36:30	6.43	--	539	346577	卖盘
14:36:27	6.43	--	10	6430	卖盘
14:36:24	6.43	-0.01	60	38580	卖盘
14:36:06	6.44	--	16	10304	买盘
14:36:03	6.44	--	42	27048	买盘
14:35:57	6.44	0.01	30	19320	买盘
14:35:42	6.43	-0.01	157	100951	卖盘
14:35:36	6.44	0.01	58	37352	买盘
14:35:24	6.43	-0.01	90	57870	卖盘
14:35:21	6.44	--	41	26404	买盘
14:35:15	6.44	--	11	7084	买盘
14:35:09	6.44	0.01	55	35420	买盘
14:35:06	6.43	--	150	96450	卖盘
14:35:03	6.43	--	30	19290	卖盘
14:34:57	6.43	--	31	19933	卖盘
14:34:39	6.43	--	6	3858	卖盘
14:34:33	6.43	--	6	3858	卖盘
14:34:30	6.43	-0.01	3	1929	卖盘
14:34:27	6.44	0.01	2	1288	买盘
14:34:18	6.43	--	25	16075	卖盘
14:34:12	6.43	-0.01	4	2572	买盘
14:34:09	6.44	0.01	50	32200	买盘
14:34:03	6.43	-0.01	11	7073	卖盘
14:34:00	6.44	0.01	26	16744	买盘
14:33:51	6.43	--	33	21219	卖盘
14:33:42	6.43	--	10	6430	卖盘
14:33:39	6.43	--	23	14789	买盘
14:33:36	6.43	0.01	73	46939	买盘
14:33:24	6.42	-0.01	30	19260	卖盘
14:33:18	6.43	--	15	9645	卖盘
14:33:15	6.43	-0.01	5	3215	卖盘
14:33:12	6.44	0.01	383	246652	买盘
14:33:06	6.43	--	30	19290	买盘
14:33:03	6.43	--	14	9002	卖盘
14:33:00	6.43	--	10	6430	卖盘
14:32:54	6.43	--	102	65586	卖盘
14:32:48	6.43	--	30	19290	卖盘
14:32:45	6.43	--	50	32150	卖盘
14:32:42	6.43	-0.01	2	1286	卖盘
14:32:39	6.44	0.01	10	6440	买盘
14:32:30	6.43	0.01	255	163965	买盘
14:32:27	6.42	-0.01	70	44940	卖盘
14:32:24	6.43	--	100	64300	买盘
14:32:21	6.43	--	325	208975	买盘
14:32:12	6.43	--	64	41152	买盘
14:32:06	6.43	0.01	15	9645	买盘
14:32:03	6.42	-0.01	5	3210	卖盘
14:32:00	6.43	0.01	592	380656	买盘
14:31:57	6.42	--	100	64200	卖盘
14:31:48	6.42	-0.01	10	6420	卖盘
14:31:42	6.43	0.01	1141	733663	买盘
14:31:39	6.42	--	40	25680	卖盘
14:31:36	6.42	--	22	14124	卖盘
14:30:57	6.42	--	11	7062	卖盘
14:30:51	6.42	--	16	10272	卖盘
14:30:33	6.42	-0.01	20	12840	卖盘
14:30:30	6.43	0.01	72	46296	买盘
14:30:27	6.42	--	171	109782	卖盘
14:30:06	6.42	--	100	64200	卖盘
14:29:57	6.42	-0.01	102	65484	卖盘
14:29:51	6.43	0.01	3	1929	买盘
14:29:48	6.42	-0.01	79	50718	卖盘
14:29:36	6.43	0.01	10	6430	买盘
14:29:33	6.42	--	50	32100	卖盘
14:29:21	6.42	-0.01	15	9630	卖盘
14:29:18	6.43	0.01	4	2572	买盘
14:29:12	6.42	-0.01	10	6420	卖盘
14:29:06	6.43	--	100	64300	买盘
14:29:03	6.43	0.01	26	16718	买盘
14:28:45	6.42	-0.01	8	5136	卖盘
14:28:42	6.43	--	30	19290	买盘
14:28:12	6.43	--	14	9002	买盘
14:28:09	6.43	--	1	643	买盘
14:28:03	6.43	0.01	9	5787	买盘
14:27:51	6.42	--	10	6420	卖盘
14:27:33	6.42	--	3	1926	卖盘
14:27:21	6.42	--	150	96300	卖盘
14:27:18	6.42	-0.01	5	3210	卖盘
14:27:15	6.43	0.01	27	17361	买盘
14:27:12	6.42	-0.01	12	7704	卖盘
14:27:03	6.43	0.01	105	67515	买盘
14:27:00	6.42	--	10	6420	卖盘
14:26:54	6.42	-0.01	40	25680	卖盘
14:26:42	6.43	--	7	4501	买盘
14:26:39	6.43	--	3	1929	买盘
14:26:33	6.43	0.01	1	643	买盘
14:26:18	6.42	-0.01	50	32100	卖盘
14:26:09	6.43	--	3	1929	买盘
14:26:03	6.43	--	101	64943	买盘
14:26:00	6.43	--	4	2572	买盘
14:25:48	6.43	--	196	126028	买盘
14:25:39	6.43	--	10	6430	买盘
14:25:15	6.43	--	40	25720	买盘
14:25:03	6.43	--	6	3858	买盘
14:25:00	6.43	--	27	17361	买盘
14:24:36	6.43	--	100	64300	买盘
14:24:27	6.43	--	453	291279	买盘
14:24:24	6.43	--	38	24434	买盘
14:24:03	6.43	0.01	6	3858	买盘
14:23:51	6.42	--	5	3210	卖盘
14:23:45	6.42	-0.01	15	9630	卖盘
14:23:42	6.43	--	6	3858	买盘
14:23:36	6.43	--	64	41152	买盘
14:23:30	6.43	--	4	2572	买盘
14:23:18	6.43	--	38	24434	买盘
14:23:03	6.43	--	31	19933	买盘
14:22:57	6.43	0.01	3	1929	买盘
14:22:54	6.42	--	8	5136	卖盘
14:22:39	6.42	--	15	9630	卖盘
14:22:18	6.42	-0.01	2	1284	卖盘
14:22:03	6.43	0.01	5	3215	买盘
14:21:51	6.42	--	20	12840	卖盘
14:21:15	6.42	--	50	32100	卖盘
14:21:12	6.42	-0.01	10	6420	卖盘
14:21:03	6.43	0.01	6	3858	买盘
14:21:00	6.42	--	4	2568	卖盘
14:20:57	6.42	--	10	6420	卖盘
14:20:51	6.42	--	11	7062	卖盘
14:20:21	6.42	-0.01	75	48150	卖盘
14:20:15	6.43	--	64	41152	买盘
14:20:09	6.43	0.01	26	16718	买盘
14:20:06	6.42	-0.01	35	22470	卖盘
14:20:03	6.43	0.01	6	3858	买盘
14:19:57	6.42	-0.01	1	642	卖盘
14:19:48	6.43	0.01	5	3215	买盘
14:19:42	6.42	--	9	5778	卖盘
14:19:36	6.42	--	10	6420	卖盘
14:19:21	6.42	-0.01	100	64200	卖盘
14:19:18	6.43	0.01	13	8359	买盘
14:19:15	6.42	-0.01	3	1926	卖盘
14:19:12	6.43	--	27	17361	买盘
14:18:57	6.43	--	64	41152	买盘
14:18:51	6.43	--	12	7716	买盘
14:18:27	6.43	--	6	3858	买盘
14:18:03	6.43	0.01	73	46939	买盘
14:17:42	6.42	--	100	64200	卖盘
14:17:39	6.42	--	20	12840	卖盘
14:17:36	6.42	--	50	32100	卖盘
14:17:33	6.42	--	10	6420	卖盘
14:17:30	6.42	--	16	10272	卖盘
14:17:09	6.42	--	10	6420	卖盘
14:17:06	6.42	--	15	9630	卖盘
14:17:03	6.42	-0.01	1	642	卖盘
14:16:57	6.43	0.01	33	21219	买盘
14:16:39	6.42	-0.01	32	20544	卖盘
14:16:21	6.43	--	10	6430	买盘
14:15:57	6.43	-0.01	6	3858	中性盘
14:15:54	6.44	--	27	17388	买盘
14:15:51	6.44	0.02	79	50876	买盘
14:15:30	6.42	-0.02	1	642	卖盘
14:15:09	6.44	0.02	547	352268	买盘
14:15:06	6.42	-0.02	10	6420	卖盘
14:14:57	6.44	--	32	20608	买盘
14:14:48	6.44	--	64	41216	买盘
14:14:45	6.44	0.02	42	27048	买盘
14:14:42	6.42	-0.02	1	642	卖盘
14:14:39	6.44	0.02	30	19320	买盘
14:14:33	6.42	--	15	9630	卖盘
14:14:27	6.42	-0.02	75	48150	卖盘
14:14:15	6.44	0.01	62	39928	买盘
14:14:12	6.43	--	1	1131	卖盘
14:14:06	6.43	--	15	9645	卖盘
14:14:00	6.43	-0.01	1	643	卖盘
14:13:57	6.44	0.01	9	5796	买盘
14:13:51	6.43	--	20	12860	卖盘
14:13:45	6.43	--	4	2572	卖盘
14:13:39	6.43	--	1	643	卖盘
14:13:33	6.43	-0.01	20	12860	卖盘
14:13:30	6.44	--	42	27048	买盘
14:13:27	6.44	--	10	6440	买盘
14:13:24	6.44	--	58	37352	买盘
14:13:12	6.44	0.01	100	64400	买盘
14:13:06	6.43	--	10	6430	卖盘
14:13:00	6.43	-0.01	10	6430	卖盘
14:12:57	6.44	--	6	3864	买盘
14:12:54	6.44	0.01	59	37996	买盘
14:12:48	6.43	--	138	88734	卖盘
14:12:36	6.43	--	61	39223	卖盘
14:12:33	6.43	--	12	7716	卖盘
14:12:24	6.43	--	2	1286	卖盘
14:12:18	6.43	--	20	12860	卖盘
14:12:15	6.43	--	1	643	卖盘
14:12:09	6.43	--	50	32150	卖盘
14:12:03	6.43	-0.01	10	6430	卖盘
14:11:57	6.44	0.01	6	3864	买盘
14:11:42	6.43	-0.01	5	3215	卖盘
14:11:39	6.44	0.01	40	25760	买盘
14:11:36	6.43	--	10	6430	卖盘
14:11:33	6.43	-0.01	100	64300	卖盘
14:11:30	6.44	0.01	39	25116	买盘
14:11:12	6.43	-0.01	25	16075	卖盘
14:11:00	6.44	--	42	27048	买盘
14:10:57	6.44	0.01	6	3864	买盘
14:10:54	6.43	-0.01	40	25720	卖盘
14:10:48	6.44	0.01	5	3220	买盘
14:10:45	6.43	--	10	6430	卖盘
14:10:36	6.43	--	90	57870	卖盘
14:10:24	6.43	--	20	12860	卖盘
14:10:15	6.43	--	15	9645	卖盘
14:10:12	6.43	-0.01	22	14146	卖盘
14:10:06	6.44	--	10	6440	买盘
14:09:54	6.44	0.01	5	3220	买盘
14:09:48	6.43	--	10	6430	卖盘
14:09:42	6.43	--	20	12860	卖盘
14:09:36	6.43	-0.01	37	23791	卖盘
14:09:33	6.44	0.01	117	75348	买盘
14:09:24	6.43	--	17	10931	卖盘
14:09:21	6.43	-0.01	40	25720	卖盘
14:09:18	6.44	--	3	1932	买盘
14:09:15	6.44	--	12	7728	买盘
14:09:00	6.44	0.01	103	66332	买盘
14:08:57	6.43	--	11	7073	卖盘
14:08:54	6.43	--	30	19290	卖盘
14:08:48	6.43	-0.01	30	19290	卖盘
14:08:33	6.44	0.01	57	36708	买盘
14:08:09	6.43	--	65	41795	卖盘
14:08:06	6.43	--	1649	1060461	买盘
14:07:54	6.43	0.01	6	3858	买盘
14:07:39	6.42	--	7	4494	卖盘
14:07:36	6.42	--	40	25680	卖盘
14:07:12	6.42	-0.01	100	64200	卖盘
14:07:09	6.43	--	9	5787	买盘
14:07:03	6.43	--	100	64300	买盘
14:06:57	6.43	--	10	6430	买盘
14:06:39	6.43	--	15	9645	买盘
14:06:21	6.43	--	50	32150	买盘
14:06:09	6.43	0.01	24	15432	买盘
14:05:57	6.42	--	147	94374	卖盘
14:05:51	6.42	-0.01	100	64200	卖盘
14:05:42	6.43	--	16	10288	买盘
14:05:33	6.43	--	50	32150	买盘
14:05:24	6.43	0.01	18	11574	买盘
14:05:15	6.42	--	100	64200	卖盘
14:05:03	6.42	--	10	6420	卖盘
14:04:57	6.42	--	10	6420	卖盘
14:04:48	6.42	--	72	46224	买盘
14:04:42	6.42	-0.01	208	133536	卖盘
14:04:39	6.43	0.01	50	32150	买盘
14:04:33	6.42	--	9	5778	卖盘
14:04:30	6.42	--	6	3852	卖盘
14:04:21	6.42	--	279	179118	买盘
14:04:18	6.42	--	11	7062	买盘
14:04:03	6.42	--	300	192600	买盘
14:03:57	6.42	--	87	55854	买盘
14:03:54	6.42	--	14	8988	买盘
14:03:45	6.42	--	20	12840	买盘
14:03:42	6.42	--	16	10272	买盘
14:03:39	6.42	--	6	3852	买盘
14:03:36	6.42	--	79	50718	买盘
14:03:33	6.42	--	216	138672	买盘
14:03:30	6.42	--	30	19260	买盘
14:03:27	6.42	--	1	642	买盘
14:03:24	6.42	0.01	10	6420	买盘
14:03:18	6.41	-0.01	10	6410	卖盘
14:03:12	6.42	--	1	642	买盘
14:03:00	6.42	--	101	64842	买盘
14:02:57	6.42	--	14	8988	买盘
14:02:42	6.42	--	6	3852	买盘
14:02:39	6.42	0.01	6	3852	买盘
14:02:12	6.41	--	20	12820	卖盘
14:02:09	6.41	--	10	6410	卖盘
14:02:06	6.41	-0.01	10	6410	卖盘
14:02:00	6.42	--	1	642	买盘
14:01:54	6.42	--	159	102078	买盘
14:01:39	6.42	--	6	3852	买盘
14:01:30	6.42	0.01	10	6420	买盘
14:01:24	6.41	--	6	3846	卖盘
14:01:15	6.41	-0.01	360	230760	卖盘
14:01:06	6.42	--	30	19260	买盘
14:01:03	6.42	--	1	642	买盘
14:01:00	6.42	--	30	19260	买盘
14:00:48	6.42	--	5	3210	买盘
14:00:39	6.42	--	6	3852	买盘
14:00:30	6.42	--	12	7704	买盘
14:00:12	6.42	--	10	6420	买盘
14:00:09	6.42	--	20	12840	买盘
14:00:06	6.42	--	20	12840	买盘
14:00:00	6.42	0.01	42	26964	买盘
13:59:48	6.41	-0.01	1	641	卖盘
13:59:39	6.42	--	20	12840	买盘
13:59:36	6.42	--	2	1284	买盘
13:59:33	6.42	--	105	67410	买盘
13:59:21	6.42	--	100	64200	买盘
13:59:03	6.42	--	20	12840	买盘
13:58:48	6.42	-0.01	1026	658692	卖盘
13:58:45	6.43	--	50	32150	买盘
13:58:39	6.43	0.01	6	3858	买盘
13:58:09	6.42	--	205	131610	卖盘
13:58:06	6.42	--	9	5778	卖盘
13:58:00	6.42	--	20	12840	卖盘
13:57:57	6.42	--	71	45582	卖盘
13:57:48	6.42	-0.01	3	1926	卖盘
13:57:39	6.43	0.01	6	3858	买盘
13:57:33	6.42	--	52	33384	卖盘
13:57:27	6.42	--	132	84744	卖盘
13:57:24	6.42	--	32	20544	卖盘
13:57:21	6.42	--	70	44940	卖盘
13:57:18	6.42	--	20	12840	卖盘
13:57:12	6.42	--	20	12840	卖盘
13:57:00	6.42	--	53	34026	卖盘
13:56:42	6.42	--	6	3852	卖盘
13:56:12	6.42	--	20	12840	卖盘
13:55:57	6.42	--	13	8346	卖盘
13:55:54	6.42	-0.01	1	642	卖盘
13:55:51	6.43	--	30	19290	买盘
13:55:48	6.43	--	99	63657	买盘
13:55:30	6.43	--	78	50154	买盘
13:55:21	6.43	0.01	34	21862	买盘
13:55:06	6.42	--	10	6420	卖盘
13:55:03	6.42	--	20	12840	卖盘
13:54:51	6.42	--	10	6420	卖盘
13:54:42	6.42	--	10	6420	卖盘
13:54:30	6.42	--	5	3210	卖盘
13:54:27	6.42	-0.01	56	35952	卖盘
13:54:09	6.43	0.01	5	3215	买盘
13:53:51	6.42	--	44	28248	卖盘
13:53:27	6.42	-0.01	56	35952	卖盘
13:53:00	6.43	--	12	7716	买盘
13:52:54	6.43	--	26	16718	买盘
13:52:51	6.43	--	13	8359	买盘
13:52:48	6.43	--	73	46939	买盘
13:52:45	6.43	--	9	5787	买盘
13:52:39	6.43	--	7	4501	买盘
13:52:36	6.43	--	50	32150	买盘
13:52:30	6.43	0.01	10	6430	买盘
13:52:24	6.42	-0.01	1	642	卖盘
13:52:06	6.43	0.01	2	1286	买盘
13:52:03	6.42	--	50	32100	卖盘
13:52:00	6.42	-0.01	200	128400	卖盘
13:51:57	6.43	--	2	1286	买盘
13:51:48	6.43	--	3	1929	买盘
13:51:45	6.43	0.01	1	643	买盘
13:51:42	6.42	-0.01	3	1926	卖盘
13:51:36	6.43	--	3	1929	买盘
13:51:33	6.43	--	5	3215	买盘
13:51:30	6.43	--	6	3858	买盘
13:51:24	6.43	-0.01	159	102384	卖盘
13:51:15	6.44	0.01	10	6440	买盘
13:51:09	6.43	--	130	83590	卖盘
13:51:06	6.43	--	45	28935	卖盘
13:50:57	6.43	--	14	9002	卖盘
13:50:54	6.43	--	239	153677	卖盘
13:50:36	6.43	--	12	7716	卖盘
13:50:33	6.43	-0.01	31	19933	卖盘
13:50:30	6.44	0.01	5	3220	买盘
13:50:27	6.43	--	2	1286	卖盘
13:50:24	6.43	--	396	255123	买盘
13:50:09	6.43	--	2	1286	买盘
13:50:03	6.43	--	122	78446	买盘
13:49:57	6.43	0.01	50	32150	买盘
13:49:54	6.42	-0.01	15	9630	卖盘
13:49:51	6.43	--	135	86805	买盘
13:49:39	6.43	--	2	1286	买盘
13:49:36	6.43	--	10	6430	买盘
13:49:30	6.43	--	6	3858	买盘
13:49:24	6.43	--	31	19933	买盘
13:49:12	6.43	--	556	357508	买盘
13:49:00	6.43	--	2	1286	买盘
13:48:54	6.43	--	2	1286	买盘
13:48:51	6.43	0.01	50	32150	买盘
13:48:48	6.42	-0.01	14	8988	卖盘
13:48:36	6.43	--	17	10931	买盘
13:48:30	6.43	--	49	31507	买盘
13:48:27	6.43	--	6	3858	买盘
13:48:18	6.43	0.01	103	66229	买盘
13:48:09	6.42	-0.01	10	6420	卖盘
13:48:06	6.43	--	3	1929	买盘
13:48:03	6.43	0.01	16	10288	买盘
13:47:54	6.42	--	16	10272	卖盘
13:47:51	6.42	--	271	173982	卖盘
13:47:42	6.42	-0.01	2	1284	卖盘
13:47:33	6.43	0.01	18	11574	买盘
13:47:30	6.42	-0.01	67	43014	卖盘
13:47:27	6.43	0.01	1116	717588	买盘
13:47:06	6.42	-0.01	103	66126	卖盘
13:46:51	6.43	0.01	102	65586	买盘
13:46:48	6.42	-0.01	30	19260	卖盘
13:46:42	6.43	--	26	16718	买盘
13:46:39	6.43	0.01	1	643	买盘
13:46:36	6.42	-0.01	22	14124	卖盘
13:46:30	6.43	--	6	3858	买盘
13:46:24	6.43	0.01	50	32150	买盘
13:46:21	6.42	-0.01	24	15838	卖盘
13:46:18	6.43	--	34	21862	买盘
13:46:12	6.43	--	123	79089	买盘
13:46:03	6.43	--	1	643	买盘
13:45:54	6.43	0.01	2	1286	买盘
13:45:45	6.42	--	18	11556	卖盘
13:45:42	6.42	--	15	9630	卖盘
13:45:39	6.42	--	2	1284	卖盘
13:45:36	6.42	-0.01	21	13482	卖盘
13:45:33	6.43	--	10	6430	买盘
13:45:30	6.43	--	5	3215	买盘
13:45:18	6.43	--	20	12860	买盘
13:45:12	6.43	--	21	13503	买盘
13:45:09	6.43	--	18	11574	买盘
13:44:54	6.43	0.01	10	6430	买盘
13:44:30	6.42	-0.01	36	23112	卖盘
13:44:24	6.43	0.01	30	19290	买盘
13:44:09	6.42	--	97	62274	卖盘
13:44:03	6.42	--	8	5136	卖盘
13:44:00	6.42	--	30	19260	卖盘
13:43:57	6.42	--	57	36594	卖盘
13:43:48	6.42	--	2	1284	卖盘
13:43:42	6.42	--	8	5206	买盘
13:43:39	6.42	--	10	6420	买盘
13:43:36	6.42	--	10	6420	买盘
13:43:33	6.42	--	32	20544	买盘
13:43:30	6.42	--	56	35952	买盘
13:43:27	6.42	--	300	192600	买盘
13:43:24	6.42	--	62	39804	买盘
13:43:21	6.42	--	400	256800	买盘
13:43:18	6.42	--	112	71904	买盘
13:43:15	6.42	--	6	3852	买盘
13:42:57	6.42	0.01	33	21186	买盘
13:42:54	6.41	-0.01	16	10256	卖盘
13:42:48	6.42	--	10	6420	买盘
13:42:45	6.42	--	270	173340	买盘
13:42:39	6.42	--	106	68052	买盘
13:42:36	6.42	--	78	50076	买盘
13:42:33	6.42	--	1	642	买盘
13:42:30	6.42	0.01	250	160500	买盘
13:42:24	6.41	-0.01	22	14102	卖盘
13:42:09	6.42	--	1	642	买盘
13:41:54	6.42	--	20	12840	买盘
13:41:48	6.42	--	60	38520	买盘
13:41:45	6.42	0.01	2	1284	买盘
13:41:42	6.41	-0.01	15	9615	卖盘
13:41:36	6.42	0.01	6	3852	买盘
13:41:24	6.41	--	11	7051	卖盘
13:41:21	6.41	-0.01	1	641	卖盘
13:41:18	6.42	--	13	8346	买盘
13:41:15	6.42	--	8	5136	买盘
13:41:03	6.42	--	1	642	买盘
13:40:57	6.42	--	5	3210	买盘
13:40:48	6.42	--	14	8988	买盘
13:40:33	6.42	--	20	12840	买盘
13:40:30	6.42	-0.01	1744	1120219	卖盘
13:40:27	6.43	--	2	1286	买盘
13:40:21	6.43	0.01	5	3215	买盘
13:40:18	6.42	--	14	8988	卖盘
13:40:15	6.42	--	30	19260	卖盘
13:40:00	6.42	--	4	2568	卖盘
13:39:57	6.42	-0.01	37	23754	卖盘
13:39:51	6.43	0.01	1	643	买盘
13:39:42	6.42	--	20	12840	卖盘
13:39:36	6.42	-0.01	1	642	卖盘
13:39:33	6.43	0.01	17	10931	买盘
13:39:27	6.42	--	56	35952	卖盘
13:39:15	6.42	--	10	6420	卖盘
13:39:00	6.42	--	5	3210	卖盘
13:38:54	6.42	--	1	642	卖盘
13:38:48	6.42	--	4	2568	卖盘
13:38:45	6.42	--	20	12840	卖盘
13:38:33	6.42	-0.01	50	32100	卖盘
13:38:30	6.43	0.01	1	643	买盘
13:38:21	6.42	--	200	128400	卖盘
13:38:15	6.42	-0.01	37	23754	卖盘
13:38:00	6.43	--	4	2572	买盘
13:37:57	6.43	--	18	11574	买盘
13:37:45	6.43	0.01	14	9002	买盘
13:37:42	6.42	--	20	12840	卖盘
13:37:39	6.42	-0.01	1	642	卖盘
13:37:30	6.43	--	2	1286	买盘
13:37:27	6.43	--	18	11574	买盘
13:37:24	6.43	--	1	643	买盘
13:37:18	6.43	0.01	1	643	买盘
13:37:15	6.42	--	15	9630	卖盘
13:37:09	6.42	--	20	12840	卖盘
13:37:06	6.42	-0.01	10	6420	卖盘
13:37:00	6.43	0.01	1	643	买盘
13:36:57	6.42	-0.01	23	14766	卖盘
13:36:51	6.43	0.01	1	643	买盘
13:36:42	6.42	-0.01	1	642	卖盘
13:36:36	6.43	0.01	17	10931	买盘
13:36:30	6.42	--	31	19902	卖盘
13:36:18	6.42	-0.01	31	19902	卖盘
13:36:15	6.43	0.01	3	1929	买盘
13:36:12	6.42	--	165	105930	卖盘
13:36:09	6.42	--	40	25680	卖盘
13:36:06	6.42	--	12	7704	卖盘
13:36:00	6.42	-0.01	7	4494	卖盘
13:35:57	6.43	0.01	1	643	买盘
13:35:54	6.42	--	34	21828	卖盘
13:35:48	6.42	--	55	35310	卖盘
13:35:45	6.42	-0.01	22	14124	卖盘
13:35:42	6.43	--	4	2572	买盘
13:35:39	6.43	0.01	1	643	买盘
13:35:30	6.42	-0.01	10	6420	卖盘
13:35:27	6.43	0.01	1	643	买盘
13:35:24	6.42	--	157	100794	卖盘
13:35:21	6.42	--	70	44940	卖盘
13:35:15	6.42	--	10	6420	卖盘
13:35:12	6.42	-0.01	3	1926	卖盘
13:35:09	6.43	0.01	16	10288	买盘
13:35:00	6.42	-0.01	1436	921912	卖盘
13:34:57	6.43	0.01	1	643	买盘
13:34:54	6.42	--	20	12840	卖盘
13:34:51	6.42	--	5	3210	卖盘
13:34:45	6.42	--	1	642	卖盘
13:34:33	6.42	-0.01	20	12840	卖盘
13:34:27	6.43	0.01	1	643	买盘
13:34:24	6.42	-0.01	12	7704	卖盘
13:34:21	6.43	0.01	150	96450	买盘
13:34:18	6.42	-0.01	5	3210	卖盘
13:34:15	6.43	0.01	20	12860	买盘
13:34:12	6.42	--	55	35310	卖盘
13:33:51	6.42	-0.01	1	642	卖盘
13:33:42	6.43	0.01	20	12860	买盘
13:33:33	6.42	--	20	12840	卖盘
13:33:27	6.42	-0.01	10	6420	卖盘
13:33:18	6.43	0.01	160	102880	买盘
13:33:15	6.42	-0.01	9	5778	卖盘
13:33:12	6.43	--	6	3858	买盘
13:33:06	6.43	--	28	18004	买盘
13:33:00	6.43	0.01	50	32150	买盘
13:32:45	6.42	-0.01	21	13482	卖盘
13:32:39	6.43	--	6	3858	买盘
13:32:36	6.43	--	35	22505	买盘
13:32:33	6.43	0.01	10	6430	买盘
13:32:30	6.42	--	24	15408	卖盘
13:32:21	6.42	-0.01	383	245886	卖盘
13:32:12	6.43	0.01	6	3858	买盘
13:32:09	6.42	--	35	22470	卖盘
13:32:06	6.42	--	15	9630	卖盘
13:32:00	6.42	-0.01	2	1284	卖盘
13:31:57	6.43	0.01	6	3858	买盘
13:31:48	6.42	--	18	11556	卖盘
13:31:36	6.42	--	12	7704	卖盘
13:31:33	6.42	--	4	2568	卖盘
13:31:30	6.42	-0.01	86	55212	卖盘
13:31:24	6.43	0.01	2	1286	买盘
13:31:12	6.42	-0.01	24	15408	卖盘
13:31:06	6.43	--	14	9002	买盘
13:31:03	6.43	0.01	45	28935	买盘
13:31:00	6.42	--	25	16050	卖盘
13:30:54	6.42	--	30	19260	卖盘
13:30:51	6.42	--	200	128400	卖盘
13:30:33	6.42	-0.01	100	64200	卖盘
13:30:30	6.43	0.01	20	12860	买盘
13:30:06	6.42	-0.01	3	1926	卖盘
13:30:03	6.43	0.01	5	3215	买盘
13:30:00	6.42	-0.01	28	17976	卖盘
13:29:57	6.43	0.01	6	3858	买盘
13:29:42	6.42	-0.01	1	642	卖盘
13:29:39	6.43	--	33	21219	买盘
13:29:15	6.43	--	4	2572	买盘
13:29:09	6.43	--	30	19290	买盘
13:29:06	6.43	--	2	1286	买盘
13:28:57	6.43	--	13	8359	买盘
13:28:54	6.43	0.01	10	6430	买盘
13:28:45	6.42	--	11	7062	卖盘
13:28:36	6.42	--	1	642	卖盘
13:28:30	6.42	-0.01	6	3852	卖盘
13:28:27	6.43	--	60	38580	买盘
13:28:24	6.43	--	10	6430	买盘
13:28:12	6.43	--	2	1286	买盘
13:27:54	6.43	0.01	6	3858	买盘
13:27:48	6.42	-0.01	13	8346	卖盘
13:27:45	6.43	--	198	127314	买盘
13:27:30	6.43	0.01	303	194829	买盘
13:27:24	6.42	-0.01	10	6420	卖盘
13:27:15	6.43	0.01	23	14789	买盘
13:27:09	6.42	-0.01	78	50076	卖盘
13:27:03	6.43	0.01	3	1929	买盘
13:26:57	6.42	--	16	10272	卖盘
13:26:48	6.42	--	5	3210	卖盘
13:26:33	6.42	-0.01	10	6420	卖盘
13:26:24	6.43	0.01	5	3215	买盘
13:26:15	6.42	--	58	37236	卖盘
13:26:03	6.42	--	19	12198	卖盘
13:26:00	6.42	-0.01	12	7704	卖盘
13:25:57	6.43	0.01	15	9645	买盘
13:25:45	6.42	--	41	26322	卖盘
13:25:39	6.42	-0.01	20	12840	卖盘
13:25:21	6.43	0.01	100	64300	买盘
13:25:15	6.42	--	10	6420	卖盘
13:25:12	6.42	--	28	17976	卖盘
13:25:09	6.42	--	10	6420	卖盘
13:25:06	6.42	--	19	12198	卖盘
13:25:00	6.42	--	50	32100	卖盘
13:24:45	6.42	-0.01	3	1926	卖盘
13:24:36	6.43	0.01	3	1929	买盘
13:24:15	6.42	--	50	32100	卖盘
13:24:12	6.42	--	11	7062	卖盘
13:24:06	6.42	-0.01	15	9630	卖盘
13:24:03	6.43	0.01	200	128600	买盘
13:24:00	6.42	-0.01	9	5778	卖盘
13:23:42	6.43	--	100	64300	买盘
13:23:36	6.43	--	5	3215	买盘
13:23:30	6.43	--	869	558914	卖盘
13:23:27	6.43	--	10	6430	卖盘
13:23:21	6.43	--	484	311212	卖盘
13:23:18	6.43	--	311	199973	卖盘
13:23:12	6.43	--	9	5787	卖盘
13:23:09	6.43	--	156	100308	卖盘
13:23:06	6.43	--	12	7716	卖盘
13:23:03	6.43	--	320	205760	卖盘
13:23:00	6.43	--	33	21219	卖盘
13:22:57	6.43	--	100	64300	卖盘
13:22:54	6.43	--	35	22505	卖盘
13:22:51	6.43	--	5	3215	卖盘
13:22:48	6.43	--	20	12860	卖盘
13:22:45	6.43	--	4	2572	卖盘
13:22:42	6.43	--	201	129243	卖盘
13:22:33	6.43	--	1	643	卖盘
13:22:30	6.43	--	5	3215	卖盘
13:22:27	6.43	--	10	6430	卖盘
13:22:21	6.43	--	64	41152	卖盘
13:22:12	6.43	--	15	9645	卖盘
13:22:03	6.43	--	1	643	卖盘
13:22:00	6.43	--	40	25720	卖盘
13:21:45	6.43	--	50	32150	卖盘
13:21:24	6.43	0.01	775	498820	买盘
13:21:06	6.42	-0.01	1400	898800	卖盘
13:21:03	6.43	--	45	28935	买盘
13:21:00	6.43	--	10	6430	买盘
13:20:51	6.43	--	65	41795	买盘
13:20:48	6.43	--	7	4501	买盘
13:20:33	6.43	--	53	34226	卖盘
13:20:30	6.43	--	10	6430	卖盘
13:20:21	6.43	--	97	62866	卖盘
13:20:15	6.43	--	20	12860	卖盘
13:20:12	6.43	--	5	3215	卖盘
13:20:09	6.43	0.01	1379	886697	买盘
13:20:06	6.42	--	10	6420	卖盘
13:20:00	6.42	-0.01	203	130326	卖盘
13:19:45	6.43	0.01	230	147890	买盘
13:19:42	6.42	--	10	6420	卖盘
13:19:33	6.42	-0.01	1	642	卖盘
13:19:30	6.43	0.01	33	21219	买盘
13:19:27	6.42	-0.01	10	6420	卖盘
13:19:21	6.43	--	2	1286	买盘
13:19:15	6.43	0.01	44	28292	买盘
13:19:12	6.42	-0.01	4	2568	卖盘
13:19:06	6.43	0.01	2	1286	买盘
13:19:00	6.42	--	237	152154	卖盘
13:18:57	6.42	--	83	53286	卖盘
13:18:36	6.42	--	61	39162	卖盘
13:18:33	6.42	-0.01	4	2568	卖盘
13:18:24	6.43	0.01	10	6430	买盘
13:18:21	6.42	--	10	6420	卖盘
13:18:12	6.42	--	25	16050	卖盘
13:18:00	6.42	--	22	14124	卖盘
13:17:57	6.42	--	10	6420	卖盘
13:17:54	6.42	--	15	9630	卖盘
13:17:51	6.42	--	165	105930	卖盘
13:17:48	6.42	-0.01	5	3210	卖盘
13:17:39	6.43	0.01	35	22505	买盘
13:17:30	6.42	--	158	101436	卖盘
13:17:27	6.42	--	10	6420	卖盘
13:17:21	6.42	--	30	19260	卖盘
13:17:18	6.42	--	60	38520	卖盘
13:17:15	6.42	--	50	32100	卖盘
13:17:12	6.42	--	1	642	卖盘
13:17:09	6.42	--	200	128400	卖盘
13:17:03	6.42	--	50	32100	卖盘
13:17:00	6.42	--	10	6420	卖盘
13:16:54	6.42	-0.01	2	1284	卖盘
13:16:51	6.43	0.01	2	1286	买盘
13:16:48	6.42	--	54	34668	卖盘
13:16:42	6.42	--	28	17976	卖盘
13:16:36	6.42	--	500	321000	卖盘
13:16:33	6.42	--	72	46224	卖盘
13:16:30	6.42	--	40	25680	卖盘
13:16:09	6.42	-0.01	1	642	卖盘
13:16:03	6.43	0.01	2	1286	买盘
13:16:00	6.42	--	1	642	卖盘
13:15:51	6.42	--	30	19260	卖盘
13:15:45	6.42	-0.01	5	3210	卖盘
13:15:42	6.43	--	16	10288	买盘
13:15:27	6.43	0.01	122	78446	买盘
13:15:15	6.42	--	19	12198	卖盘
13:15:12	6.42	--	6	3852	卖盘
13:15:03	6.42	--	10	6420	卖盘
13:14:54	6.42	-0.01	34	21828	卖盘
13:14:42	6.43	--	5	3215	买盘
13:14:36	6.43	0.01	10	6430	买盘
13:14:33	6.42	-0.01	4	2568	卖盘
13:14:30	6.43	--	3	1929	买盘
13:14:27	6.43	0.01	363	233409	买盘
13:14:21	6.42	-0.01	8	5136	卖盘
13:14:18	6.43	0.01	1	643	买盘
13:14:06	6.42	-0.01	2	1284	卖盘
13:14:00	6.43	--	173	111239	买盘
13:13:57	6.43	0.01	15	9645	买盘
13:13:54	6.42	--	80	51360	卖盘
13:13:48	6.42	-0.01	15	9630	卖盘
13:13:42	6.43	--	184	118312	买盘
13:13:24	6.43	--	86	55298	买盘
13:13:15	6.43	--	8	5144	买盘
13:13:12	6.43	0.01	158	101594	买盘
13:13:09	6.42	-0.01	222	142524	卖盘
13:13:06	6.43	--	100	64300	买盘
13:12:57	6.43	--	5	3215	买盘
13:12:39	6.43	0.01	6	3858	买盘
13:12:33	6.42	--	50	32100	卖盘
13:12:24	6.42	-0.01	5	3216	卖盘
13:12:21	6.43	--	15	9645	买盘
13:12:06	6.43	0.01	100	64300	买盘
13:12:03	6.42	--	12	7704	卖盘
13:11:57	6.42	-0.01	31	19902	卖盘
13:11:54	6.43	--	30	19290	买盘
13:11:39	6.43	0.01	6	3858	买盘
13:11:36	6.42	--	12	7704	卖盘
13:11:27	6.42	-0.01	4	2568	卖盘
13:11:21	6.43	--	81	52083	买盘
13:11:09	6.43	--	13	8359	买盘
13:11:06	6.43	--	4	2572	买盘
13:11:03	6.43	-0.01	1063	683509	卖盘
13:10:39	6.44	0.01	26	16744	买盘
13:10:33	6.43	-0.01	10	6430	卖盘
13:10:30	6.44	0.01	10	6440	买盘
13:10:27	6.43	--	30	19290	卖盘
13:10:24	6.43	--	124	79732	卖盘
13:10:21	6.43	-0.01	12	7716	卖盘
13:10:15	6.44	--	100	64400	买盘
13:10:12	6.44	--	5	3220	买盘
13:09:54	6.44	--	6	3864	买盘
13:09:39	6.44	0.01	6	3864	买盘
13:09:33	6.43	--	6	3858	卖盘
13:09:30	6.43	-0.01	22	14146	卖盘
13:09:27	6.44	0.01	3	1932	买盘
13:09:21	6.43	-0.01	17	10931	卖盘
13:09:18	6.44	--	10	6440	买盘
13:09:15	6.44	--	80	51520	买盘
13:09:12	6.44	--	18	11592	买盘
13:09:09	6.44	--	140	90160	买盘
13:09:06	6.44	--	2	1288	买盘
13:09:03	6.44	0.01	2	1288	买盘
13:09:00	6.43	-0.01	20	12860	卖盘
13:08:51	6.44	0.01	135	86940	买盘
13:08:48	6.43	-0.01	20	12860	卖盘
13:08:39	6.44	0.01	29	18676	买盘
13:08:36	6.43	-0.01	20	12860	卖盘
13:08:30	6.44	0.01	52	33488	买盘
13:08:18	6.43	--	1	643	卖盘
13:08:12	6.43	--	50	32150	卖盘
13:08:00	6.43	--	1	643	卖盘
13:07:54	6.43	--	182	117026	买盘
13:07:51	6.43	--	80	51440	买盘
13:07:48	6.43	--	100	64300	买盘
13:07:42	6.43	--	113	72659	买盘
13:07:39	6.43	--	53	34079	买盘
13:07:33	6.43	--	156	100308	买盘
13:07:30	6.43	--	20	12860	买盘
13:07:24	6.43	--	95	61085	买盘
13:07:15	6.43	0.01	72	46296	买盘
13:07:12	6.42	-0.01	36	23112	卖盘
13:07:09	6.43	--	33	21219	买盘
13:07:06	6.43	--	52	33436	买盘
13:07:00	6.43	--	95	61085	买盘
13:06:57	6.43	--	120	77160	买盘
13:06:51	6.43	--	41	26363	买盘
13:06:48	6.43	--	100	64300	买盘
13:06:45	6.43	--	48	30864	买盘
13:06:39	6.43	--	73	46939	买盘
13:06:33	6.43	--	105	67515	买盘
13:06:30	6.43	--	16	10288	买盘
13:06:27	6.43	--	48	30864	买盘
13:06:24	6.43	--	53	34079	买盘
13:06:21	6.43	--	33	21219	买盘
13:06:18	6.43	0.01	38	24434	买盘
13:06:15	6.42	--	3	1926	卖盘
13:06:12	6.42	--	50	32100	卖盘
13:06:06	6.42	--	52	33384	卖盘
13:06:03	6.42	--	20	12840	卖盘
13:05:45	6.42	--	52	33384	卖盘
13:05:42	6.42	-0.01	55	35310	卖盘
13:05:39	6.43	--	64	41152	买盘
13:05:36	6.43	0.01	18	11574	买盘
13:05:33	6.42	-0.01	10	6420	卖盘
13:05:27	6.43	0.01	6	3858	买盘
13:05:21	6.42	-0.01	6	3852	卖盘
13:05:18	6.43	--	100	64300	买盘
13:05:09	6.43	--	22	14146	买盘
13:05:06	6.43	--	9	5787	买盘
13:04:39	6.43	--	27	17361	买盘
13:04:27	6.43	0.01	6	3858	买盘
13:04:18	6.42	-0.01	50	32100	卖盘
13:04:15	6.43	--	2	1286	买盘
13:04:09	6.43	0.01	30	19290	买盘
13:03:45	6.42	-0.01	15	9630	卖盘
13:03:42	6.43	--	28	18004	买盘
13:03:33	6.43	--	15	9645	买盘
13:03:27	6.43	0.01	5	3215	买盘
13:03:06	6.42	--	3	1926	卖盘
13:03:03	6.42	-0.01	5	3210	卖盘
13:03:00	6.43	0.01	1	643	买盘
13:02:57	6.42	-0.01	2	1284	卖盘
13:02:51	6.43	--	2	1286	买盘
13:02:48	6.43	0.01	120	77160	买盘
13:02:36	6.42	-0.01	2	1284	卖盘
13:02:27	6.43	--	13	8359	买盘
13:02:24	6.43	--	2	1286	买盘
13:02:15	6.43	--	554	356222	卖盘
13:02:12	6.43	--	196	126028	卖盘
13:02:00	6.43	--	10	6430	卖盘
13:01:48	6.43	--	12	7716	卖盘
13:01:42	6.43	-0.01	10	6430	卖盘
13:01:33	6.44	0.01	286	184184	买盘
13:01:30	6.43	-0.01	20	12860	卖盘
13:01:27	6.44	--	8	5152	买盘
13:01:06	6.44	0.01	33	21252	买盘
13:01:03	6.43	-0.01	2	1286	卖盘
13:00:57	6.44	--	7	4508	买盘
13:00:45	6.44	--	27	17388	买盘
13:00:36	6.44	--	100	64400	买盘
13:00:33	6.44	--	24	15456	买盘
13:00:27	6.44	0.01	95	61180	买盘
13:00:24	6.43	-0.01	10	6430	卖盘
13:00:21	6.44	--	24	15456	买盘
13:00:09	6.44	0.02	176	113344	买盘
13:00:06	6.42	--	737	473154	卖盘
13:00:03	6.42	--	606	389052	卖盘
13:00:00	6.42	--	0	0	卖盘
11:30:00	6.42	--	0	0	卖盘
11:29:57	6.42	--	10	6420	卖盘
11:29:54	6.42	--	25	16050	卖盘
11:29:48	6.42	--	50	32100	卖盘
11:29:42	6.42	--	2	1284	卖盘
11:29:39	6.42	--	316	202936	买盘
11:29:36	6.42	--	27	17334	买盘
11:29:33	6.42	--	7	4494	买盘
11:29:27	6.42	--	6	3852	买盘
11:29:24	6.42	--	352	225984	买盘
11:29:21	6.42	--	37	23754	买盘
11:29:15	6.42	--	1	642	买盘
11:29:12	6.42	0.01	55	35310	买盘
11:29:09	6.41	-0.01	11	7051	卖盘
11:29:06	6.42	--	16	10272	买盘
11:29:03	6.42	--	52	33384	买盘
11:29:00	6.42	--	30	19260	买盘
11:28:57	6.42	0.01	2	1284	买盘
11:28:54	6.41	-0.01	23	14743	卖盘
11:28:51	6.42	--	180	115560	买盘
11:28:45	6.42	--	2	1284	买盘
11:28:42	6.42	0.01	945	606690	买盘
11:28:39	6.41	-0.01	5	3205	卖盘
11:28:33	6.42	--	16	10272	买盘
11:28:30	6.42	--	16	10272	买盘
11:28:24	6.42	--	5	3210	买盘
11:28:15	6.42	0.01	24	15408	买盘
11:28:03	6.41	-0.01	20	12820	卖盘
11:27:57	6.42	--	18	11556	买盘
11:27:54	6.42	--	28	17976	买盘
11:27:51	6.42	--	295	189390	买盘
11:27:39	6.42	--	44	28248	买盘
11:27:24	6.42	0.01	6	3852	买盘
11:27:21	6.41	-0.01	41	26281	卖盘
11:27:15	6.42	0.01	3	1926	买盘
11:27:12	6.41	-0.01	5	3205	卖盘
11:27:09	6.42	--	113	72546	买盘
11:27:06	6.42	--	315	202230	买盘
11:27:03	6.42	0.01	2	1284	买盘
11:26:57	6.41	-0.01	21	13461	卖盘
11:26:48	6.42	--	16	10272	买盘
11:26:42	6.42	0.01	300	192600	买盘
11:26:39	6.41	--	80	51280	卖盘
11:26:36	6.41	-0.01	10	6410	卖盘
11:26:33	6.42	--	148	95016	买盘
11:26:30	6.42	--	4	2568	买盘
11:26:24	6.42	0.01	16	10272	买盘
11:26:21	6.41	--	20	12820	卖盘
11:26:12	6.41	--	2	1615	卖盘
11:26:03	6.41	--	7	4487	卖盘
11:25:54	6.41	--	6	3846	卖盘
11:25:51	6.41	--	34	21794	卖盘
11:25:39	6.41	--	40	25640	卖盘
11:25:27	6.41	-0.01	50	32050	卖盘
11:25:21	6.42	--	80	51360	买盘
11:25:18	6.42	--	116	74472	买盘
11:25:15	6.42	--	20	12840	买盘
11:25:12	6.42	0.01	11	7062	买盘
11:25:09	6.41	-0.01	22	14102	卖盘
11:24:48	6.42	0.01	2	1284	买盘
11:24:45	6.41	--	40	25640	卖盘
11:24:33	6.41	--	85	54485	买盘
11:24:24	6.41	--	66	42306	买盘
11:24:03	6.41	--	60	38460	买盘
11:24:00	6.41	--	50	32050	买盘
11:23:57	6.41	0.01	28	17948	买盘
11:23:54	6.4	-0.01	15	9600	卖盘
11:23:51	6.41	--	200	128200	买盘
11:23:48	6.41	--	101	64741	买盘
11:23:45	6.41	--	50	32050	买盘
11:23:36	6.41	--	79	50639	买盘
11:23:30	6.41	0.01	240	153840	买盘
11:23:27	6.4	-0.01	10	6400	卖盘
11:23:18	6.41	--	66	42306	买盘
11:23:15	6.41	--	500	320500	买盘
11:23:12	6.41	--	7	4487	买盘
11:23:09	6.41	--	3	1923	买盘
11:23:03	6.41	0.01	5	3205	买盘
11:23:00	6.4	-0.01	1	640	卖盘
11:22:54	6.41	0.01	29	18589	买盘
11:22:45	6.4	--	981	627859	买盘
11:22:42	6.4	--	1	640	买盘
11:22:39	6.4	--	2	1280	买盘
11:22:36	6.4	--	90	57600	买盘
11:22:33	6.4	--	30	19200	买盘
11:22:30	6.4	--	230	147200	买盘
11:22:21	6.4	--	2119	1356160	买盘
11:22:12	6.4	0.01	6	3840	买盘
11:22:06	6.39	--	1	639	卖盘
11:21:45	6.39	-0.01	156	99684	卖盘
11:21:39	6.4	0.01	26	16640	买盘
11:21:24	6.39	--	3	1917	卖盘
11:21:12	6.39	--	75	47925	卖盘
11:21:06	6.39	--	288	184032	卖盘
11:21:00	6.39	--	10	6390	卖盘
11:20:48	6.39	--	29	18531	卖盘
11:20:39	6.39	--	41	26199	卖盘
11:20:24	6.39	--	3	1917	卖盘
11:20:15	6.39	--	32	20448	卖盘
11:19:57	6.39	--	30	19170	卖盘
11:19:42	6.39	-0.01	20	12780	卖盘
11:19:39	6.4	--	8	5120	买盘
11:19:27	6.4	--	40	25600	买盘
11:19:24	6.4	--	20	12800	买盘
11:19:12	6.4	0.01	2	1280	买盘
11:19:09	6.39	-0.01	1	639	卖盘
11:18:39	6.4	--	31	19840	买盘
11:18:36	6.4	0.01	1	640	买盘
11:18:12	6.39	--	15	9585	卖盘
11:18:09	6.39	-0.01	10	6390	卖盘
11:17:51	6.4	--	40	25600	买盘
11:17:09	6.4	--	16	10240	买盘
11:17:03	6.4	--	20	12800	买盘
11:17:00	6.4	--	20	12800	买盘
11:16:51	6.4	--	10	6400	买盘
11:16:33	6.4	--	7	4480	买盘
11:16:30	6.4	--	110	70400	买盘
11:16:27	6.4	0.01	30	19200	买盘
11:16:24	6.39	-0.01	10	6390	卖盘
11:16:18	6.4	--	30	19200	买盘
11:16:06	6.4	0.01	24	15360	买盘
11:16:03	6.39	-0.01	8	5112	卖盘
11:15:54	6.4	0.01	55	35200	买盘
11:15:45	6.39	-0.01	25	15975	卖盘
11:15:42	6.4	0.01	22	14080	买盘
11:15:12	6.39	--	20	12780	卖盘
11:14:48	6.39	--	286	182939	买盘
11:14:45	6.39	--	300	191700	买盘
11:14:42	6.39	--	60	38340	买盘
11:14:39	6.39	--	160	102240	买盘
11:14:33	6.39	--	17	10863	买盘
11:14:15	6.39	0.01	20	12780	买盘
11:14:06	6.38	-0.01	19	12122	卖盘
11:13:48	6.39	--	133	84987	买盘
11:13:45	6.39	--	244	155916	买盘
11:13:39	6.39	0.01	150	95850	买盘
11:13:24	6.38	--	39	25194	买盘
11:13:21	6.38	--	2	1276	买盘
11:13:18	6.38	0.01	20	12760	买盘
11:13:15	6.37	-0.01	1	637	卖盘
11:13:00	6.38	--	10	6380	买盘
11:12:48	6.38	--	100	63800	买盘
11:12:45	6.38	--	1	638	买盘
11:12:27	6.38	-0.01	87	55831	卖盘
11:12:21	6.39	0.01	184	117889	买盘
11:12:18	6.38	--	99	63162	卖盘
11:12:12	6.38	--	20	12760	卖盘
11:12:06	6.38	--	6	3828	卖盘
11:12:03	6.38	--	20	12760	卖盘
11:11:57	6.38	--	40	25520	卖盘
11:11:51	6.38	--	80	51040	卖盘
11:11:36	6.38	--	5	3190	卖盘
11:11:30	6.38	--	20	12760	卖盘
11:11:18	6.38	0.01	80	51040	买盘
11:11:15	6.37	-0.01	2	1274	卖盘
11:11:06	6.38	--	1	638	买盘
11:10:54	6.38	--	82	52316	卖盘
11:10:45	6.38	--	18	11484	卖盘
11:10:36	6.38	--	75	47850	卖盘
11:10:21	6.38	-0.01	2	1276	卖盘
11:10:18	6.39	--	1	639	买盘
11:10:15	6.39	0.01	150	95850	买盘
11:10:12	6.38	0.01	92	58696	买盘
11:10:03	6.37	-0.02	2	1274	卖盘
11:09:51	6.39	--	2	1278	买盘
11:09:48	6.39	0.01	100	63900	买盘
11:09:39	6.38	0.01	3	1914	买盘
11:09:33	6.37	-0.01	1	637	卖盘
11:09:30	6.38	--	18	11484	买盘
11:09:27	6.38	--	22	14036	卖盘
11:09:12	6.38	--	27	17226	卖盘
11:09:06	6.38	--	50	31900	卖盘
11:09:00	6.38	--	61	38918	买盘
11:08:48	6.38	--	7	4466	卖盘
11:08:42	6.38	0.01	13	8294	买盘
11:08:39	6.37	-0.01	30	19110	卖盘
11:08:21	6.38	-0.01	984	627792	卖盘
11:08:15	6.39	--	2	1278	买盘
11:08:06	6.39	0.01	170	108630	买盘
11:08:03	6.38	-0.01	3	1914	卖盘
11:08:00	6.39	--	80	51120	买盘
11:07:51	6.39	--	41	26199	买盘
11:07:48	6.39	0.01	13	8307	买盘
11:07:45	6.38	-0.01	10	6380	卖盘
11:07:42	6.39	--	2	1278	买盘
11:07:39	6.39	--	9	5751	买盘
11:07:36	6.39	--	4	2556	买盘
11:07:33	6.39	--	2	1278	买盘
11:07:27	6.39	0.01	100	63900	买盘
11:07:21	6.38	-0.01	1	638	卖盘
11:07:18	6.39	--	100	63900	买盘
11:07:15	6.39	--	1	639	买盘
11:07:09	6.39	0.01	103	65817	买盘
11:07:03	6.38	-0.01	30	19140	卖盘
11:06:57	6.39	0.01	100	63900	买盘
11:06:54	6.38	-0.01	33	21054	卖盘
11:06:51	6.39	--	137	87543	买盘
11:06:48	6.39	0.01	2	1278	买盘
11:06:39	6.38	--	98	62524	卖盘
11:06:27	6.38	-0.01	10	6380	卖盘
11:06:24	6.39	--	49	31311	买盘
11:06:21	6.39	--	88	56232	买盘
11:06:12	6.39	--	54	34506	买盘
11:05:54	6.39	0.01	152	97128	买盘
11:05:42	6.38	--	19	12122	卖盘
11:05:39	6.38	-0.01	12	7656	卖盘
11:05:36	6.39	0.01	46	29394	买盘
11:05:24	6.38	--	1	638	卖盘
11:05:21	6.38	--	11	7018	卖盘
11:05:15	6.38	--	1	638	卖盘
11:05:09	6.38	-0.01	22	14036	卖盘
11:05:00	6.39	--	96	61344	买盘
11:04:57	6.39	0.01	2	1278	买盘
11:04:54	6.38	--	10	6380	卖盘
11:04:48	6.38	--	50	31900	卖盘
11:04:45	6.38	-0.01	183	116754	卖盘
11:04:39	6.39	--	10	6390	买盘
11:04:33	6.39	--	1	639	买盘
11:04:24	6.39	--	47	30033	买盘
11:04:21	6.39	--	22	14058	买盘
11:04:12	6.39	--	86	54954	买盘
11:04:06	6.39	0.01	80	51120	买盘
11:03:54	6.38	-0.01	52	33176	卖盘
11:03:51	6.39	--	23	14697	买盘
11:03:48	6.39	--	47	30033	买盘
11:03:36	6.39	--	5	3195	买盘
11:03:30	6.39	--	47	30033	买盘
11:03:12	6.39	--	80	51120	买盘
11:03:09	6.39	--	121	77319	买盘
11:03:06	6.39	--	1	639	买盘
11:02:48	6.39	--	5	3195	买盘
11:02:42	6.39	0.01	62	39618	买盘
11:02:33	6.38	--	46	29348	卖盘
11:02:21	6.38	--	44	28072	卖盘
11:01:57	6.38	-0.01	1	638	中性盘
11:01:39	6.39	0.01	206	131634	买盘
11:01:30	6.38	0.01	20	12760	中性盘
11:01:21	6.37	-0.02	15	9555	卖盘
11:01:06	6.39	--	280	178920	买盘
11:01:03	6.39	--	106	67734	买盘
11:01:00	6.39	--	130	83070	买盘
11:00:51	6.39	--	108	69012	买盘
11:00:48	6.39	--	560	358293	买盘
11:00:39	6.39	--	130	83070	买盘
11:00:36	6.39	--	62	39618	买盘
11:00:33	6.39	0.01	11	7029	买盘
11:00:30	6.38	--	15	9570	卖盘
11:00:27	6.38	--	8	5104	卖盘
11:00:24	6.38	-0.01	9	5742	卖盘
11:00:21	6.39	0.01	1	639	买盘
11:00:18	6.38	--	270	172445	买盘
11:00:15	6.38	--	100	63800	买盘
11:00:12	6.38	--	430	274340	买盘
11:00:06	6.38	--	215	137170	买盘
11:00:03	6.38	--	128	81664	买盘
10:59:54	6.38	--	240	153120	买盘
10:59:51	6.38	--	30	19140	买盘
10:59:48	6.38	0.01	100	63800	买盘
10:59:45	6.37	--	6	3822	卖盘
10:59:42	6.37	-0.01	40	25480	卖盘
10:59:39	6.38	--	141	89958	买盘
10:59:24	6.38	--	50	31900	买盘
10:59:21	6.38	--	20	12760	买盘
10:59:15	6.38	--	31	19778	买盘
10:59:12	6.38	--	149	95062	买盘
10:59:06	6.38	0.01	50	31900	买盘
10:58:57	6.37	-0.01	30	19110	卖盘
10:58:54	6.38	--	39	24882	买盘
10:58:48	6.38	0.01	3	1914	买盘
10:58:45	6.37	--	4	2548	卖盘
10:58:42	6.37	-0.01	74	47138	卖盘
10:58:39	6.38	--	500	319000	买盘
10:58:36	6.38	0.01	200	127600	买盘
10:58:18	6.37	-0.01	180	114660	卖盘
10:58:15	6.38	--	13	8294	买盘
10:58:09	6.38	--	14	8932	买盘
10:58:06	6.38	--	4	2552	买盘
10:58:00	6.38	0.01	71	45298	买盘
10:57:51	6.37	--	33	21021	卖盘
10:57:48	6.37	-0.01	12	7644	卖盘
10:57:39	6.38	--	150	95700	买盘
10:57:18	6.38	0.01	200	127600	买盘
10:57:15	6.37	--	7	4459	卖盘
10:57:12	6.37	--	14	8918	卖盘
10:57:09	6.37	--	7	4459	卖盘
10:57:06	6.37	--	50	31850	卖盘
10:57:00	6.37	--	50	31850	卖盘
10:56:57	6.37	-0.01	64	40768	卖盘
10:56:54	6.38	--	210	133980	买盘
10:56:48	6.38	--	30	19140	买盘
10:56:33	6.38	0.01	2	1276	买盘
10:56:27	6.37	-0.01	15	9555	卖盘
10:56:21	6.38	0.01	10	6380	买盘
10:56:18	6.37	--	10	6370	卖盘
10:56:12	6.37	--	10	6370	卖盘
10:56:03	6.37	--	11	7007	卖盘
10:55:36	6.37	-0.01	50	31850	卖盘
10:55:33	6.38	0.01	3	1914	买盘
10:55:21	6.37	--	114	72618	卖盘
10:55:15	6.37	--	402	256074	卖盘
10:55:00	6.37	--	200	127400	卖盘
10:54:51	6.37	-0.01	11	7007	卖盘
10:54:36	6.38	--	247	157586	买盘
10:54:33	6.38	0.01	11	7018	买盘
10:54:15	6.37	-0.01	3	1911	卖盘
10:54:12	6.38	--	48	30624	买盘
10:54:09	6.38	0.01	6	3828	买盘
10:54:06	6.37	-0.01	15	9555	卖盘
10:54:00	6.38	0.01	10	6380	买盘
10:53:51	6.37	-0.01	95	60515	卖盘
10:53:45	6.38	0.01	7	4466	买盘
10:53:42	6.37	--	16	10192	卖盘
10:53:33	6.37	-0.01	37	23569	卖盘
10:53:27	6.38	--	43	27434	买盘
10:53:24	6.38	--	50	31900	买盘
10:53:15	6.38	--	6	3828	买盘
10:53:06	6.38	--	397	253738	卖盘
10:53:03	6.38	-0.01	1	638	卖盘
10:52:57	6.39	0.01	3	1917	买盘
10:52:54	6.38	--	5	3190	卖盘
10:52:51	6.38	--	4	2552	卖盘
10:52:42	6.38	--	20	12760	卖盘
10:52:30	6.38	--	30	19140	卖盘
10:52:18	6.38	--	1	638	卖盘
10:52:12	6.38	--	1068	681569	买盘
10:52:03	6.38	--	20	12760	买盘
10:52:00	6.38	--	5	3190	买盘
10:51:57	6.38	--	5	3190	买盘
10:51:54	6.38	--	41	26158	买盘
10:51:45	6.38	--	225	143550	买盘
10:51:36	6.38	--	200	127600	买盘
10:51:33	6.38	--	37	23606	买盘
10:51:24	6.38	--	52	33176	买盘
10:51:18	6.38	--	60	38280	买盘
10:51:03	6.38	0.01	15	9570	买盘
10:50:42	6.37	-0.01	4	2548	卖盘
10:50:30	6.38	0.01	15	9570	买盘
10:50:24	6.37	-0.01	2	1274	卖盘
10:50:21	6.38	0.01	294	187572	买盘
10:50:18	6.37	--	5	3185	卖盘
10:50:09	6.37	-0.01	30	19110	卖盘
10:49:57	6.38	0.01	14	8932	买盘
10:49:54	6.37	--	1	637	卖盘
10:49:42	6.37	-0.01	1	637	卖盘
10:49:36	6.38	0.01	2	1276	买盘
10:49:33	6.37	-0.01	10	6370	卖盘
10:49:30	6.38	--	10	6380	买盘
10:49:27	6.38	--	34	21692	买盘
10:49:24	6.38	0.01	45	28710	买盘
10:49:21	6.37	-0.01	2	1274	卖盘
10:49:12	6.38	--	1	638	买盘
10:49:06	6.38	--	195	124410	买盘
10:49:00	6.38	--	14	8932	买盘
10:48:48	6.38	--	123	78474	买盘
10:48:42	6.38	0.01	17	10846	买盘
10:48:21	6.37	--	1	637	卖盘
10:48:09	6.37	-0.01	55	35035	卖盘
10:48:03	6.38	0.01	2	1276	买盘
10:48:00	6.37	-0.01	1	637	卖盘
10:47:57	6.38	--	10	6380	买盘
10:47:54	6.38	0.01	10	6380	买盘
10:47:51	6.37	--	3	1911	卖盘
10:47:48	6.37	--	3	1911	卖盘
10:47:45	6.37	--	4	2548	卖盘
10:47:30	6.37	-0.01	7	4459	卖盘
10:47:27	6.38	--	10	6380	买盘
10:47:21	6.38	0.01	5	3190	买盘
10:47:03	6.37	-0.01	3	1911	卖盘
10:47:00	6.38	0.01	1	638	买盘
10:46:51	6.37	-0.01	1	637	卖盘
10:46:45	6.38	0.01	27	17226	买盘
10:46:39	6.37	-0.01	1	637	卖盘
10:46:36	6.38	0.01	9	5742	买盘
10:46:33	6.37	-0.01	10	6370	卖盘
10:46:27	6.38	0.01	100	63800	买盘
10:46:24	6.37	-0.01	5	3185	卖盘
10:46:15	6.38	0.01	16	10208	买盘
10:46:09	6.37	--	51	32487	卖盘
10:46:00	6.37	--	2	1274	卖盘
10:45:48	6.37	--	10	6370	卖盘
10:45:33	6.37	-0.01	9	5733	卖盘
10:45:21	6.38	0.01	22	14036	买盘
10:44:57	6.37	--	10	6370	卖盘
10:44:48	6.37	--	75	47775	卖盘
10:44:45	6.37	--	10	6370	卖盘
10:44:42	6.37	--	727	463099	买盘
10:44:36	6.37	0.01	2	1274	买盘
10:44:12	6.36	-0.01	10	6360	卖盘
10:44:09	6.37	--	14	8918	买盘
10:44:00	6.37	--	84	53508	买盘
10:43:57	6.37	--	24	15288	买盘
10:43:54	6.37	--	3	1911	买盘
10:43:51	6.37	0.01	3	1911	买盘
10:43:48	6.36	-0.01	3	1908	卖盘
10:43:45	6.37	--	26	16562	买盘
10:43:42	6.37	--	66	42042	买盘
10:43:39	6.37	--	20	12740	买盘
10:43:36	6.37	--	39	24843	买盘
10:43:33	6.37	--	66	42042	买盘
10:43:12	6.37	--	3	1911	买盘
10:43:00	6.37	--	77	49049	买盘
10:42:48	6.37	--	2	1274	买盘
10:42:36	6.37	--	5	3185	买盘
10:42:33	6.37	--	10	6370	买盘
10:42:27	6.37	--	79	50323	买盘
10:42:21	6.37	--	19	12103	买盘
10:42:18	6.37	--	20	12740	买盘
10:42:09	6.37	--	7	4459	买盘
10:42:06	6.37	--	23	14651	买盘
10:42:00	6.37	--	2	1274	买盘
10:41:54	6.37	--	64	40768	买盘
10:41:51	6.37	--	2	1274	买盘
10:41:48	6.37	--	80	50960	买盘
10:41:42	6.37	--	36	22932	买盘
10:41:36	6.37	--	300	191100	买盘
10:41:30	6.37	--	97	61789	买盘
10:41:18	6.37	--	5	3185	买盘
10:41:15	6.37	0.01	37	23569	买盘
10:41:12	6.36	-0.01	3	1908	卖盘
10:41:09	6.37	--	500	318500	买盘
10:41:06	6.37	--	5	3185	买盘
10:40:57	6.37	--	23	14651	买盘
10:40:54	6.37	--	15	9555	买盘
10:40:48	6.37	--	11	7007	买盘
10:40:30	6.37	0.01	100	63700	买盘
10:39:54	6.36	--	120	76320	卖盘
10:39:48	6.36	--	2	1272	卖盘
10:39:45	6.36	--	646	410856	买盘
10:39:42	6.36	--	100	63600	买盘
10:39:33	6.36	0.01	252	160272	买盘
10:39:24	6.35	--	1	635	卖盘
10:39:18	6.35	-0.01	2	1270	卖盘
10:39:15	6.36	--	7	4452	买盘
10:39:12	6.36	0.01	30	19080	买盘
10:39:06	6.35	-0.01	31	19685	卖盘
10:38:57	6.36	0.01	32	20352	买盘
10:38:54	6.35	-0.01	20	12700	卖盘
10:38:51	6.36	--	80	50880	买盘
10:38:45	6.36	--	8	5088	买盘
10:38:30	6.36	--	1	636	买盘
10:38:15	6.36	--	108	68688	买盘
10:37:45	6.36	--	8	5088	买盘
10:37:33	6.36	--	2	1272	买盘
10:37:27	6.36	--	267	169812	买盘
10:37:15	6.36	--	11	6996	买盘
10:37:09	6.36	--	545	346620	买盘
10:36:45	6.36	--	9	5724	买盘
10:36:42	6.36	0.01	2	1272	买盘
10:36:30	6.35	-0.01	50	31750	卖盘
10:36:12	6.36	0.01	46	29256	买盘
10:36:00	6.35	-0.01	1	635	卖盘
10:35:54	6.36	0.01	30	19080	买盘
10:35:51	6.35	-0.01	2	1270	卖盘
10:35:39	6.36	--	2	1272	买盘
10:35:33	6.36	--	6	3816	买盘
10:35:27	6.36	--	2	1272	买盘
10:34:36	6.36	0.01	30	19080	买盘
10:34:27	6.35	-0.01	100	63500	卖盘
10:34:21	6.36	0.01	31	19716	买盘
10:34:00	6.35	--	1	635	卖盘
10:33:51	6.35	-0.01	3	1905	卖盘
10:33:42	6.36	0.01	3	1908	买盘
10:33:33	6.35	-0.01	300	190500	卖盘
10:33:18	6.36	--	160	101760	买盘
10:33:03	6.36	0.01	2	1272	买盘
10:32:57	6.35	--	8	5080	卖盘
10:32:42	6.35	-0.01	100	63500	卖盘
10:32:21	6.36	--	2	1272	买盘
10:32:15	6.36	--	1	636	买盘
10:32:12	6.36	--	20	12720	买盘
10:31:48	6.36	--	19	12084	买盘
10:31:33	6.36	--	8	5088	买盘
10:31:30	6.36	--	1	636	买盘
10:30:42	6.36	--	7	4452	买盘
10:30:30	6.36	--	24	15264	买盘
10:30:18	6.36	0.01	24	15264	买盘
10:30:15	6.35	-0.01	100	63500	卖盘
10:30:09	6.36	0.01	64	40704	买盘
10:30:06	6.35	--	25	15875	卖盘
10:29:54	6.35	--	50	31750	卖盘
10:29:48	6.35	--	3	1905	卖盘
10:29:24	6.35	--	53	33655	买盘
10:29:15	6.35	--	24	15240	买盘
10:29:09	6.35	--	10	6350	买盘
10:29:06	6.35	0.01	14	8890	买盘
10:29:03	6.34	-0.01	6	3804	卖盘
10:28:57	6.35	--	181	114935	买盘
10:28:54	6.35	0.01	4	2540	买盘
10:28:42	6.34	--	93	58962	卖盘
10:28:36	6.34	-0.01	26	16484	卖盘
10:28:27	6.35	--	20	12700	买盘
10:28:24	6.35	--	100	63500	买盘
10:28:18	6.35	-0.01	1730	1098550	卖盘
10:28:12	6.36	0.01	5	3180	买盘
10:28:09	6.35	-0.01	17	10795	卖盘
10:27:57	6.36	--	43	27348	卖盘
10:27:54	6.36	--	1	636	卖盘
10:27:51	6.36	--	50	31800	卖盘
10:27:48	6.36	--	42	26712	卖盘
10:27:39	6.36	--	72	45792	买盘
10:27:36	6.36	--	20	12720	买盘
10:27:30	6.36	--	15	9540	买盘
10:27:27	6.36	--	4	2544	买盘
10:27:24	6.36	--	200	127200	买盘
10:27:00	6.36	--	2	1272	买盘
10:26:57	6.36	--	1	636	买盘
10:26:54	6.36	--	3	1908	买盘
10:26:48	6.36	--	82	52152	买盘
10:26:45	6.36	--	6	3816	买盘
10:26:36	6.36	--	10	6360	买盘
10:26:33	6.36	0.01	40	25440	买盘
10:26:24	6.35	-0.01	75	47625	卖盘
10:26:21	6.36	--	23	14628	买盘
10:26:18	6.36	0.01	651	414036	买盘
10:26:09	6.35	-0.01	50	31750	卖盘
10:26:06	6.36	--	5	3180	买盘
10:26:03	6.36	--	35	22260	买盘
10:26:00	6.36	0.01	20	12720	买盘
10:25:57	6.35	-0.01	1	635	卖盘
10:25:54	6.36	--	6	3816	买盘
10:25:51	6.36	--	15	9540	买盘
10:25:45	6.36	--	10	6360	买盘
10:25:36	6.36	--	100	63600	买盘
10:25:30	6.36	--	1	636	买盘
10:25:24	6.36	0.01	300	190800	买盘
10:25:00	6.35	--	80	50800	卖盘
10:24:57	6.35	-0.01	1	635	卖盘
10:24:54	6.36	--	14	8904	买盘
10:24:51	6.36	--	2	1272	买盘
10:24:48	6.36	--	10	6360	买盘
10:24:45	6.36	0.01	200	127200	买盘
10:24:42	6.35	-0.01	14	8890	卖盘
10:24:39	6.36	0.01	4	2544	买盘
10:24:30	6.35	-0.01	14	8890	卖盘
10:24:24	6.36	--	8	5088	买盘
10:24:06	6.36	0.01	30	19080	买盘
10:24:03	6.35	-0.01	1	635	卖盘
10:24:00	6.36	--	2	1272	买盘
10:23:54	6.36	--	14	8904	买盘
10:23:45	6.36	--	80	50880	买盘
10:23:39	6.36	--	2	1272	买盘
10:23:36	6.36	0.01	1	636	买盘
10:23:30	6.35	-0.01	6	3810	卖盘
10:23:27	6.36	--	50	31800	买盘
10:23:24	6.36	--	19	12084	买盘
10:23:21	6.36	--	25	15900	买盘
10:23:18	6.36	--	15	9540	买盘
10:23:09	6.36	0.01	32	20352	买盘
10:23:06	6.35	-0.01	47	29845	卖盘
10:22:54	6.36	--	20	12720	买盘
10:22:51	6.36	--	911	579396	卖盘
10:22:48	6.36	--	282	179352	卖盘
10:22:45	6.36	-0.01	116	73776	卖盘
10:22:39	6.37	--	20	12740	买盘
10:22:30	6.37	0.01	14	8918	买盘
10:22:21	6.36	-0.01	5	3180	卖盘
10:22:15	6.37	0.01	2	1274	买盘
10:22:03	6.36	-0.01	10	6360	卖盘
10:21:54	6.37	--	6	3822	买盘
10:21:51	6.37	0.01	3	1911	买盘
10:21:33	6.36	-0.01	5	3180	卖盘
10:21:30	6.37	0.01	2	1274	买盘
10:21:21	6.36	--	134	85224	买盘
10:21:12	6.36	--	8	5088	买盘
10:21:06	6.36	--	11	6996	买盘
10:21:03	6.36	--	766	487176	买盘
10:21:00	6.36	--	160	101760	买盘
10:20:54	6.36	0.01	11	6996	买盘
10:20:51	6.35	-0.01	36	22860	卖盘
10:20:45	6.36	--	21	13356	买盘
10:20:33	6.36	--	5	3180	买盘
10:20:21	6.36	0.01	640	407040	买盘
10:20:18	6.35	--	20	12700	卖盘
10:20:09	6.35	-0.01	230	146050	卖盘
10:20:06	6.36	--	5	3180	买盘
10:19:54	6.36	0.01	6	3816	买盘
10:19:42	6.35	--	2	1270	卖盘
10:19:27	6.35	-0.01	70	44450	卖盘
10:19:18	6.36	0.01	6	3816	买盘
10:18:54	6.35	--	16	10160	卖盘
10:18:51	6.35	-0.01	10	6350	卖盘
10:18:48	6.36	0.01	66	41976	买盘
10:18:45	6.35	--	300	190500	卖盘
10:18:39	6.35	-0.01	1	635	卖盘
10:18:36	6.36	0.01	46	29256	买盘
10:18:33	6.35	-0.01	29	18415	卖盘
10:18:24	6.36	--	76	48336	买盘
10:18:18	6.36	0.01	18	11448	买盘
10:18:15	6.35	--	22	13970	卖盘
10:17:54	6.35	-0.01	56	35560	卖盘
10:17:51	6.36	--	19	12084	买盘
10:17:48	6.36	--	1	636	买盘
10:17:45	6.36	--	37	23532	买盘
10:17:39	6.36	--	20	12720	买盘
10:17:24	6.36	--	16	10176	买盘
10:17:18	6.36	--	10	6360	买盘
10:17:09	6.36	0.01	3	1908	买盘
10:17:03	6.35	--	20	12700	卖盘
10:16:42	6.35	-0.01	2	1270	卖盘
10:16:39	6.36	--	10	6360	买盘
10:16:33	6.36	0.01	232	147552	买盘
10:16:18	6.35	-0.01	23	14605	卖盘
10:16:06	6.36	0.01	8	5088	买盘
10:15:45	6.35	--	50	31750	卖盘
10:15:39	6.35	--	11	6985	卖盘
10:15:36	6.35	-0.01	1	635	卖盘
10:15:33	6.36	0.01	20	12720	买盘
10:15:30	6.35	-0.01	88	55880	卖盘
10:15:24	6.36	0.01	19	12084	买盘
10:15:18	6.35	--	5	3175	卖盘
10:15:15	6.35	--	30	19050	卖盘
10:15:09	6.35	--	202	128270	买盘
10:15:06	6.35	--	20	12700	买盘
10:14:57	6.35	0.01	100	63500	买盘
10:14:54	6.34	-0.01	500	317000	卖盘
10:14:48	6.35	--	18	11430	买盘
10:14:42	6.35	--	159	100965	买盘
10:14:36	6.35	--	3	1905	买盘
10:14:33	6.35	--	73	46355	买盘
10:14:27	6.35	--	321	203835	买盘
10:14:21	6.35	--	6	3810	买盘
10:14:03	6.35	--	37	23495	买盘
10:14:00	6.35	--	4	2540	买盘
10:13:54	6.35	--	32	20320	买盘
10:13:42	6.35	--	13	8255	买盘
10:13:36	6.35	--	95	60325	买盘
10:13:21	6.35	--	1	635	买盘
10:13:15	6.35	--	200	127000	买盘
10:13:12	6.35	--	1	635	买盘
10:12:57	6.35	--	93	59055	买盘
10:12:51	6.35	--	10	6350	买盘
10:12:33	6.35	--	43	27305	买盘
10:12:09	6.35	--	39	24765	买盘
10:12:03	6.35	0.01	4	2540	买盘
10:11:54	6.34	--	78	49452	买盘
10:11:48	6.34	--	12	7608	买盘
10:11:45	6.34	--	8	5072	买盘
10:11:42	6.34	0.01	30	19020	买盘
10:11:33	6.33	-0.01	2	1266	卖盘
10:11:27	6.34	--	79	50086	买盘
10:11:15	6.34	--	16	10144	买盘
10:11:12	6.34	--	4	2536	买盘
10:11:09	6.34	--	1	634	买盘
10:11:00	6.34	--	1	634	买盘
10:10:51	6.34	0.01	8	5072	买盘
10:10:45	6.33	--	1	633	卖盘
10:10:24	6.33	-0.01	1	633	卖盘
10:10:09	6.34	--	200	126800	买盘
10:10:00	6.34	0.01	123	77982	买盘
10:09:51	6.33	--	37	23421	卖盘
10:09:12	6.33	--	6	3798	卖盘
10:09:03	6.33	-0.01	1	633	卖盘
10:08:45	6.34	--	5	3170	买盘
10:08:42	6.34	0.01	11	6974	买盘
10:08:15	6.33	--	100	63300	卖盘
10:07:57	6.33	-0.01	13	8229	中性盘
10:07:45	6.34	0.01	153	97002	买盘
10:07:30	6.33	--	220	139260	卖盘
10:07:00	6.33	--	664	420312	买盘
10:06:57	6.33	0.01	200	126600	买盘
10:06:54	6.32	-0.01	3	1896	卖盘
10:06:36	6.33	--	8	5064	买盘
10:06:33	6.33	--	95	60135	买盘
10:06:30	6.33	--	10	6330	买盘
10:06:00	6.33	--	90	56970	买盘
10:05:57	6.33	--	9	5697	买盘
10:05:45	6.33	--	27	17091	买盘
10:05:30	6.33	0.01	120	75960	买盘
10:05:27	6.32	--	400	252800	卖盘
10:05:24	6.32	--	20	12640	卖盘
10:05:15	6.32	--	20	12640	卖盘
10:04:39	6.32	--	10	6320	卖盘
10:04:36	6.32	--	40	25280	卖盘
10:04:33	6.32	-0.01	47	30133	卖盘
10:04:30	6.33	--	18	11394	买盘
10:04:27	6.33	--	41	25953	买盘
10:04:18	6.33	--	10	6330	买盘
10:04:15	6.33	--	90	56970	买盘
10:04:12	6.33	--	10	6330	买盘
10:04:09	6.33	-0.01	2069	1309879	卖盘
10:04:00	6.34	--	5	3170	卖盘
10:03:54	6.34	--	8	5072	卖盘
10:03:51	6.34	--	8	5072	卖盘
10:03:48	6.34	--	42	26628	卖盘
10:03:45	6.34	--	13	8242	卖盘
10:03:39	6.34	--	426	270084	卖盘
10:03:30	6.34	--	3	1902	卖盘
10:03:15	6.34	--	50	31700	卖盘
10:03:03	6.34	--	8	5072	卖盘
10:02:45	6.34	-0.01	2	1268	卖盘
10:02:39	6.35	--	6	3810	买盘
10:02:33	6.35	--	334	212090	买盘
10:02:30	6.35	0.01	48	30480	买盘
10:02:15	6.34	-0.01	29	18386	卖盘
10:01:57	6.35	--	31	19685	买盘
10:01:54	6.35	--	36	22860	买盘
10:01:48	6.35	--	4	2540	买盘
10:01:24	6.35	--	32	20745	卖盘
10:01:21	6.35	0.01	509	323424	买盘
10:01:18	6.34	-0.01	86	54524	卖盘
10:01:09	6.35	--	14	8890	买盘
10:00:54	6.35	--	29	18415	买盘
10:00:45	6.35	--	542	344170	买盘
10:00:36	6.35	0.01	57	36195	买盘
10:00:33	6.34	-0.01	4	2536	卖盘
10:00:24	6.35	--	150	95250	买盘
10:00:21	6.35	0.01	300	190500	买盘
10:00:15	6.34	--	200	126800	卖盘
10:00:12	6.34	-0.01	19	12046	卖盘
10:00:09	6.35	--	60	38100	买盘
10:00:03	6.35	--	2	1270	买盘
09:59:57	6.35	--	30	19050	买盘
09:59:48	6.35	--	50	31750	买盘
09:59:42	6.35	--	50	31750	买盘
09:59:39	6.35	--	259	164465	买盘
09:59:36	6.35	0.01	100	63500	买盘
09:59:33	6.34	-0.01	5	3170	卖盘
09:59:30	6.35	--	50	31750	买盘
09:59:09	6.35	0.01	71	45085	买盘
09:59:03	6.34	--	0	431	卖盘
09:58:33	6.34	-0.01	14	8876	卖盘
09:58:27	6.35	--	25	15875	买盘
09:58:24	6.35	0.01	200	127000	买盘
09:58:15	6.34	--	3	1902	卖盘
09:57:57	6.34	-0.01	8	5072	卖盘
09:57:39	6.35	--	70	44450	买盘
09:57:36	6.35	--	30	19050	买盘
09:57:33	6.35	0.01	22	13970	买盘
09:57:30	6.34	--	180	114120	卖盘
09:57:27	6.34	--	10	6340	卖盘
09:57:21	6.34	-0.01	60	38040	卖盘
09:57:12	6.35	--	50	31750	买盘
09:57:09	6.35	--	10	6350	买盘
09:57:06	6.35	--	30	19050	买盘
09:57:03	6.35	--	55	34925	买盘
09:56:48	6.35	--	65	41275	买盘
09:56:42	6.35	--	22	13970	买盘
09:56:24	6.35	0.01	1000	635000	买盘
09:56:21	6.34	-0.01	100	63400	卖盘
09:56:18	6.35	--	30	19050	买盘
09:55:54	6.35	0.01	50	31750	买盘
09:55:36	6.34	--	10	6340	买盘
09:55:33	6.34	-0.01	367	233248	卖盘
09:55:24	6.35	0.01	5	3175	买盘
09:55:15	6.34	--	3	1902	卖盘
09:55:12	6.34	--	50	31700	卖盘
09:55:06	6.34	-0.01	10	6340	卖盘
09:55:03	6.35	0.01	10	6350	买盘
09:54:45	6.34	-0.01	10	6340	卖盘
09:54:15	6.35	0.01	9	5715	买盘
09:54:12	6.34	--	200	126800	卖盘
09:53:45	6.34	--	10	6340	卖盘
09:53:36	6.34	--	50	31700	卖盘
09:53:30	6.34	--	25	15850	卖盘
09:53:27	6.34	--	9	5706	卖盘
09:53:24	6.34	--	127	80518	卖盘
09:53:21	6.34	--	56	35504	卖盘
09:53:15	6.34	--	51	32334	卖盘
09:52:57	6.34	--	20	12680	卖盘
09:52:48	6.34	--	20	12680	卖盘
09:52:45	6.34	-0.01	32	20288	卖盘
09:52:33	6.35	0.01	50	31750	买盘
09:52:30	6.34	--	403	255502	卖盘
09:52:03	6.34	--	100	63400	卖盘
09:51:57	6.34	--	14	8876	卖盘
09:51:36	6.34	--	13	8242	卖盘
09:51:33	6.34	-0.01	226	143284	卖盘
09:51:18	6.35	0.01	100	63500	买盘
09:51:12	6.34	-0.01	30	19020	卖盘
09:51:09	6.35	0.01	6	3810	买盘
09:51:00	6.34	--	30	19020	卖盘
09:50:54	6.34	--	14	8876	卖盘
09:50:51	6.34	-0.01	13	8242	卖盘
09:50:24	6.35	--	4	2540	买盘
09:50:21	6.35	--	90	57150	卖盘
09:50:18	6.35	--	38	24130	卖盘
09:50:15	6.35	--	25	15875	卖盘
09:50:09	6.35	--	64	40640	卖盘
09:50:06	6.35	--	60	38100	卖盘
09:50:03	6.35	--	3	1905	卖盘
09:50:00	6.35	--	132	83820	卖盘
09:49:45	6.35	--	20	12700	卖盘
09:49:42	6.35	--	96	60960	卖盘
09:49:36	6.35	--	14	8890	卖盘
09:49:27	6.35	-0.01	190	120650	卖盘
09:49:24	6.36	0.01	33	20988	买盘
09:49:06	6.35	-0.01	16	10160	卖盘
09:49:03	6.36	--	4	2544	买盘
09:48:51	6.36	0.01	19	12084	买盘
09:48:39	6.35	--	41	26035	买盘
09:48:36	6.35	--	40	25400	买盘
09:48:33	6.35	--	25	15875	买盘
09:48:30	6.35	--	11	6985	买盘
09:48:24	6.35	--	8	5080	买盘
09:48:21	6.35	--	10	6350	买盘
09:48:15	6.35	--	15	9525	买盘
09:48:12	6.35	--	4	2540	买盘
09:48:09	6.35	--	19	12065	买盘
09:48:06	6.35	--	50	31750	买盘
09:48:03	6.35	--	118	74930	买盘
09:47:57	6.35	--	10	6350	买盘
09:47:51	6.35	0.01	82	52070	买盘
09:47:36	6.34	-0.01	7	4438	卖盘
09:47:33	6.35	--	143	90805	买盘
09:47:24	6.35	0.01	100	63500	买盘
09:47:15	6.34	--	30	19020	卖盘
09:47:09	6.34	--	10	6340	卖盘
09:47:03	6.34	-0.01	3	1902	卖盘
09:46:57	6.35	0.01	764	485140	买盘
09:46:54	6.34	0.01	60	38103	买盘
09:46:48	6.33	-0.01	10	6330	卖盘
09:46:45	6.34	--	49	31066	买盘
09:46:42	6.34	--	30	19020	买盘
09:46:36	6.34	--	200	126800	买盘
09:46:27	6.34	--	15	9510	买盘
09:46:24	6.34	0.01	50	31700	买盘
09:46:00	6.33	-0.01	4	2532	卖盘
09:45:48	6.34	0.01	30	19020	买盘
09:45:39	6.33	--	1	633	卖盘
09:45:30	6.33	--	2	1266	卖盘
09:45:27	6.33	-0.01	30	18990	卖盘
09:45:21	6.34	--	20	12680	买盘
09:45:18	6.34	--	21	13314	买盘
09:45:15	6.34	0.01	35	22190	买盘
09:45:09	6.33	--	23	14559	卖盘
09:45:03	6.33	--	2	1266	卖盘
09:44:57	6.33	--	1	633	卖盘
09:44:39	6.33	--	5	3165	卖盘
09:44:33	6.33	--	14	8862	卖盘
09:44:30	6.33	--	60	37980	卖盘
09:44:27	6.33	--	14	8862	卖盘
09:44:21	6.33	--	5	3165	卖盘
09:44:15	6.33	--	13	8229	卖盘
09:44:12	6.33	-0.01	14	8862	卖盘
09:44:06	6.34	--	206	131174	卖盘
09:43:57	6.34	--	7	4438	卖盘
09:43:48	6.34	--	16	10144	卖盘
09:43:45	6.34	--	22	13948	卖盘
09:43:36	6.34	-0.01	26	16484	卖盘
09:43:33	6.35	0.01	2	1270	买盘
09:43:24	6.34	-0.01	30	19083	卖盘
09:43:21	6.35	--	29	18415	买盘
09:43:18	6.35	0.01	79	50165	买盘
09:43:12	6.34	-0.01	3	1902	卖盘
09:43:09	6.35	0.01	8	5080	买盘
09:43:00	6.34	--	50	31700	卖盘
09:42:45	6.34	-0.01	2	1268	卖盘
09:42:30	6.35	0.01	10	6350	买盘
09:42:24	6.34	--	1	634	卖盘
09:42:12	6.34	--	20	12680	卖盘
09:42:06	6.34	--	4	2536	卖盘
09:41:51	6.34	--	15	9510	卖盘
09:41:42	6.34	--	4	2536	卖盘
09:41:30	6.34	--	89	56426	卖盘
09:41:18	6.34	--	37	23458	卖盘
09:41:15	6.34	--	19	12046	卖盘
09:41:12	6.34	0.01	50	31700	卖盘
09:40:51	6.33	-0.02	4	2532	卖盘
09:40:42	6.35	0.02	292	185420	买盘
09:40:36	6.33	--	5	3165	卖盘
09:40:33	6.33	--	8	5064	卖盘
09:40:30	6.33	--	4	2532	卖盘
09:40:24	6.33	--	25	15825	卖盘
09:40:21	6.33	--	120	75960	卖盘
09:40:18	6.33	--	8	5064	卖盘
09:40:09	6.33	-0.01	2	1266	卖盘
09:40:00	6.34	--	12	7608	买盘
09:39:54	6.34	0.01	40	25360	买盘
09:39:51	6.33	-0.01	7	4431	卖盘
09:39:45	6.34	0.01	1	634	买盘
09:39:36	6.33	-0.01	7	4431	卖盘
09:39:21	6.34	--	100	63400	买盘
09:39:15	6.34	-0.01	222	140748	卖盘
09:39:12	6.35	--	50	31750	买盘
09:38:45	6.35	0.01	18	11430	买盘
09:38:39	6.34	-0.01	200	126800	卖盘
09:38:36	6.35	--	15	9525	买盘
09:38:27	6.35	--	100	63500	买盘
09:38:24	6.35	-0.01	5	3175	中性盘
09:38:15	6.36	0.01	210	133560	买盘
09:38:12	6.35	--	20	12700	买盘
09:38:06	6.35	--	61	38735	买盘
09:38:03	6.35	--	14	8890	买盘
09:38:00	6.35	--	51	32385	买盘
09:37:57	6.35	--	20	12700	买盘
09:37:54	6.35	--	210	133350	买盘
09:37:48	6.35	--	11	6985	买盘
09:37:36	6.35	--	1	635	买盘
09:37:30	6.35	--	20	12700	买盘
09:37:24	6.35	--	16	10160	买盘
09:37:21	6.35	--	30	19050	买盘
09:37:15	6.35	--	10	6350	买盘
09:37:06	6.35	--	10	6350	买盘
09:36:51	6.35	--	1	635	买盘
09:36:48	6.35	--	85	53975	买盘
09:36:42	6.35	0.01	75	47625	买盘
09:36:36	6.34	-0.01	50	31700	卖盘
09:36:27	6.35	--	10	6350	买盘
09:36:21	6.35	--	10	6350	买盘
09:36:18	6.35	--	50	31750	买盘
09:36:15	6.35	--	15	9525	买盘
09:36:12	6.35	--	26	16510	买盘
09:36:09	6.35	-0.01	30	19050	买盘
09:36:03	6.36	0.01	50	31800	买盘
09:36:00	6.35	-0.01	14	8890	中性盘
09:35:45	6.36	0.01	145	92220	买盘
09:35:39	6.35	-0.01	30	19050	卖盘
09:35:33	6.36	--	55	34980	买盘
09:35:30	6.36	--	60	38160	买盘
09:35:24	6.36	--	9	5724	买盘
09:35:18	6.36	0.01	180	114480	买盘
09:35:15	6.35	--	5	3175	卖盘
09:35:12	6.35	--	13	8255	卖盘
09:35:09	6.35	-0.01	70	44450	卖盘
09:35:06	6.36	--	104	66144	买盘
09:35:03	6.36	--	86	54696	买盘
09:34:57	6.36	0.01	460	292560	买盘
09:34:54	6.35	--	23	14605	买盘
09:34:51	6.35	--	40	25400	买盘
09:34:45	6.35	--	30	19050	买盘
09:34:42	6.35	--	10	6350	买盘
09:34:39	6.35	0.01	10	6350	买盘
09:34:27	6.34	--	365	231410	买盘
09:34:21	6.34	0.01	138	87492	买盘
09:34:15	6.33	-0.01	4	2532	卖盘
09:34:09	6.34	--	67	42478	买盘
09:34:00	6.34	--	45	28530	买盘
09:33:57	6.34	0.01	14	8876	买盘
09:33:45	6.33	--	132	83556	买盘
09:33:39	6.33	--	200	126600	买盘
09:33:36	6.33	--	90	56970	买盘
09:33:33	6.33	--	1	633	买盘
09:33:27	6.33	--	5	3165	买盘
09:33:21	6.33	0.01	405	256365	买盘
09:33:15	6.32	--	10	6320	卖盘
09:33:12	6.32	--	3	1896	卖盘
09:33:06	6.32	--	10	6320	卖盘
09:33:03	6.32	--	16	10112	卖盘
09:33:00	6.32	--	20	12640	卖盘
09:32:54	6.32	--	50	31600	卖盘
09:32:36	6.32	--	40	25684	买盘
09:32:27	6.32	--	8	5056	买盘
09:32:21	6.32	--	101	63832	买盘
09:32:18	6.32	--	10	6320	买盘
09:32:15	6.32	--	1	632	买盘
09:32:03	6.32	--	31	19592	买盘
09:32:00	6.32	--	250	158000	买盘
09:31:51	6.32	--	1	632	买盘
09:31:48	6.32	--	10	6320	买盘
09:31:42	6.32	0.01	120	75840	买盘
09:31:39	6.31	-0.01	18	11358	卖盘
09:31:33	6.32	--	49	30968	卖盘
09:31:24	6.32	--	7	4424	卖盘
09:31:06	6.32	--	10	6320	买盘
09:31:03	6.32	--	20	12640	买盘
09:30:42	6.32	--	50	31600	买盘
09:30:36	6.32	0.01	66	41712	买盘
09:30:21	6.31	--	65	41015	买盘
09:30:18	6.31	--	7	4417	买盘
09:30:09	6.31	--	5	3155	买盘
09:30:06	6.31	--	15	9465	卖盘
09:30:03	6.31	--	392	247351	买盘
09:30:00	6.31	--	0	0	买盘
09:25:03	6.31	6.31	166	104746	买盘
