成交时间	成交价	价格变动	成交量(手)	成交额(元)	性质
15:00:03	28.54	--	500	1429397	买盘
14:57:03	28.54	--	0	0	买盘
14:56:54	28.54	--	11	31394	买盘
14:56:48	28.54	-0.01	10	28540	卖盘
14:56:45	28.55	0.02	27	77085	买盘
14:56:42	28.53	-0.02	4	11412	卖盘
14:56:39	28.55	0.02	46	131330	买盘
14:56:36	28.53	--	10	28530	买盘
14:56:33	28.53	-0.02	65	185445	卖盘
14:56:30	28.55	0.01	20	57100	买盘
14:56:27	28.54	--	6	17124	买盘
14:56:24	28.54	0.01	12	34248	买盘
14:56:21	28.53	-0.01	5	14265	卖盘
14:56:18	28.54	--	8	22832	买盘
14:56:15	28.54	--	10	28540	买盘
14:56:12	28.54	-0.01	9	27626	卖盘
14:56:09	28.55	--	2	5710	卖盘
14:56:06	28.55	--	12	34260	买盘
14:56:00	28.55	--	10	28550	买盘
14:55:57	28.55	--	14	39970	买盘
14:55:54	28.55	--	4	11420	买盘
14:55:51	28.55	--	5	14275	买盘
14:55:45	28.55	-0.01	12	36144	卖盘
14:55:42	28.56	0.01	89	255155	买盘
14:55:39	28.55	--	115	330209	卖盘
14:55:36	28.55	--	16	45680	卖盘
14:55:33	28.55	--	1	2855	卖盘
14:55:30	28.55	--	8	23810	卖盘
14:55:27	28.55	0.01	41	117055	买盘
14:55:24	28.54	--	6	17124	卖盘
14:55:21	28.54	-0.01	22	63729	卖盘
14:55:18	28.55	0.01	31	88505	买盘
14:55:15	28.54	-0.01	1	2854	卖盘
14:55:12	28.55	0.01	30	87534	买盘
14:55:09	28.54	--	48	136992	卖盘
14:55:06	28.54	-0.01	8	22832	卖盘
14:55:03	28.55	0.01	50	142750	买盘
14:55:00	28.54	-0.01	8	23773	卖盘
14:54:57	28.55	0.01	12	34260	买盘
14:54:54	28.54	0.01	4	11416	买盘
14:54:51	28.53	--	22	63707	卖盘
14:54:48	28.53	0.01	20	57060	中性盘
14:54:42	28.52	--	9	25668	卖盘
14:54:39	28.52	--	8	22816	卖盘
14:54:36	28.52	-0.02	21	59892	卖盘
14:54:33	28.54	0.02	106	303951	买盘
14:54:30	28.52	--	15	43721	卖盘
14:54:24	28.52	--	1	2852	卖盘
14:54:21	28.52	-0.01	1	2852	中性盘
14:54:15	28.53	0.02	37	105561	买盘
14:54:09	28.51	--	6	17106	卖盘
14:54:06	28.51	-0.01	5	14255	卖盘
14:54:03	28.52	--	7	19964	卖盘
14:54:00	28.52	0.01	5	14260	卖盘
14:53:54	28.51	-0.02	10	28510	卖盘
14:53:51	28.53	--	1	2853	买盘
14:53:48	28.53	0.01	10	28530	买盘
14:53:45	28.52	0.01	10	28520	买盘
14:53:42	28.51	-0.01	2	5702	卖盘
14:53:36	28.52	0.01	1	2852	买盘
14:53:33	28.51	-0.01	3	8553	卖盘
14:53:27	28.52	-0.02	13	37076	中性盘
14:53:21	28.54	0.03	2	5708	买盘
14:53:18	28.51	-0.03	55	156805	卖盘
14:53:15	28.54	--	4	11416	卖盘
14:53:12	28.54	-0.01	55	156970	卖盘
14:53:09	28.55	--	2	5710	买盘
14:53:00	28.55	-0.01	2	5710	卖盘
14:52:45	28.56	--	5	14280	买盘
14:52:42	28.56	0.01	96	274176	买盘
14:52:39	28.55	0.01	70	199850	买盘
14:52:36	28.54	-0.01	12	34248	买盘
14:52:33	28.55	--	1	2855	买盘
14:52:27	28.55	0.04	114	325470	买盘
14:52:24	28.51	-0.04	1	2851	卖盘
14:52:21	28.55	--	1	2855	买盘
14:52:18	28.55	--	25	71375	买盘
14:52:12	28.55	--	10	28550	买盘
14:52:09	28.55	0.05	3	8565	买盘
14:52:06	28.5	-0.05	17	48450	卖盘
14:52:03	28.55	0.05	3	8565	买盘
14:51:51	28.5	--	62	176700	卖盘
14:51:48	28.5	--	159	453150	买盘
14:51:42	28.5	--	68	193800	买盘
14:51:24	28.5	0.03	5	14250	买盘
14:51:21	28.47	--	40	113880	卖盘
14:51:18	28.47	--	29	83986	卖盘
14:51:15	28.47	--	42	119574	卖盘
14:51:06	28.47	--	7	21352	买盘
14:51:03	28.47	--	3	8541	买盘
14:51:00	28.47	--	28	79716	买盘
14:50:54	28.47	0.01	33	93951	买盘
14:50:51	28.46	-0.01	17	48382	卖盘
14:50:48	28.47	--	45	128115	买盘
14:50:45	28.47	--	63	179361	买盘
14:50:33	28.47	-0.02	53	152314	卖盘
14:50:30	28.49	--	5	14245	卖盘
14:50:27	28.49	0.01	22	64102	买盘
14:50:21	28.48	0.01	20	56960	买盘
14:50:18	28.47	-0.02	29	82563	卖盘
14:50:15	28.49	0.04	40	113960	买盘
14:50:06	28.45	-0.04	6	17070	卖盘
14:50:03	28.49	0.04	91	259259	买盘
14:49:51	28.45	-0.02	1	2845	卖盘
14:49:48	28.47	0.02	30	85410	买盘
14:49:33	28.45	-0.01	15	42675	卖盘
14:49:21	28.46	0.01	6	17076	中性盘
14:49:18	28.45	--	4	11380	卖盘
14:49:12	28.45	-0.01	9	25605	卖盘
14:49:06	28.46	0.01	23	65458	买盘
14:49:03	28.45	-0.01	17	48365	卖盘
14:49:00	28.46	0.01	51	145146	买盘
14:48:57	28.45	-0.01	5	14225	卖盘
14:48:54	28.46	--	5	14230	买盘
14:48:51	28.46	0.02	18	51228	买盘
14:48:42	28.44	--	40	115182	卖盘
14:48:36	28.44	--	20	56880	卖盘
14:48:33	28.44	0.01	52	147888	买盘
14:48:27	28.43	--	8	22744	卖盘
14:48:09	28.43	--	3	8529	卖盘
14:48:06	28.43	--	6	17058	卖盘
14:47:57	28.43	--	2	5686	买盘
14:47:51	28.43	--	2	5686	买盘
14:47:39	28.43	0.01	10	28430	买盘
14:47:36	28.42	--	2	5684	卖盘
14:47:24	28.42	--	2	5684	卖盘
14:47:21	28.42	-0.01	5	14210	卖盘
14:47:12	28.43	--	5	14215	买盘
14:47:09	28.43	--	6	17058	卖盘
14:47:06	28.43	-0.01	8	22744	卖盘
14:47:03	28.44	0.01	3	8532	买盘
14:46:57	28.43	-0.01	5	14215	卖盘
14:46:51	28.44	--	17	48348	卖盘
14:46:48	28.44	0.01	2	5688	中性盘
14:46:42	28.43	-0.01	9	25587	卖盘
14:46:36	28.44	--	19	54036	卖盘
14:46:27	28.44	-0.01	3	8532	中性盘
14:46:24	28.45	--	15	42675	买盘
14:46:09	28.45	--	0	1422	卖盘
14:46:06	28.45	--	6	17070	卖盘
14:46:00	28.45	0.01	123	351357	买盘
14:45:57	28.44	--	5	14220	买盘
14:45:48	28.44	0.02	12	34128	买盘
14:45:45	28.42	--	3	8526	中性盘
14:45:36	28.42	-0.01	6	17052	卖盘
14:45:33	28.43	0.01	7	19901	买盘
14:45:18	28.42	-0.03	4	11368	中性盘
14:45:00	28.45	--	21	59745	买盘
14:44:57	28.45	0.04	10	28450	买盘
14:44:54	28.41	--	3	8523	卖盘
14:44:42	28.41	-0.02	10	28410	卖盘
14:44:39	28.43	--	6	17058	买盘
14:44:36	28.43	-0.02	12	34116	卖盘
14:44:15	28.45	0.02	3	8535	买盘
14:44:06	28.43	--	6	17058	卖盘
14:44:03	28.43	0.02	1	2843	中性盘
14:43:57	28.41	--	18	51138	卖盘
14:43:54	28.41	-0.03	163	463083	卖盘
14:43:51	28.44	--	2	5688	买盘
14:43:42	28.44	--	3	8532	买盘
14:43:39	28.44	--	1	2844	买盘
14:43:30	28.44	--	2	5688	买盘
14:43:27	28.44	--	10	28440	买盘
14:43:24	28.44	0.01	5	14220	买盘
14:43:12	28.43	--	5	14215	卖盘
14:43:06	28.43	--	6	17058	卖盘
14:43:03	28.43	0.01	2	5686	买盘
14:42:57	28.42	--	3	8526	卖盘
14:42:51	28.42	--	2	5684	卖盘
14:42:42	28.42	-0.01	31	88102	卖盘
14:42:33	28.43	-0.01	24	68232	卖盘
14:42:18	28.44	-0.01	1	2844	卖盘
14:42:15	28.45	0.02	10	28450	中性盘
14:42:06	28.43	-0.02	71	201853	卖盘
14:42:03	28.45	0.02	27	76815	买盘
14:42:00	28.43	-0.02	14	39802	卖盘
14:41:57	28.45	--	2	5690	买盘
14:41:54	28.45	--	11	31295	买盘
14:41:48	28.45	--	1	2845	卖盘
14:41:36	28.45	--	9	25605	卖盘
14:41:30	28.45	0.01	2	5690	买盘
14:41:27	28.44	-0.01	11	31284	卖盘
14:41:24	28.45	0.01	20	56900	买盘
14:41:21	28.44	--	20	56880	卖盘
14:41:18	28.44	--	7	19908	卖盘
14:41:09	28.44	0.01	159	452196	买盘
14:41:03	28.43	--	5	14215	卖盘
14:41:00	28.43	0.01	15	42645	买盘
14:40:57	28.42	-0.01	21	59682	卖盘
14:40:42	28.43	--	2	5686	卖盘
14:40:36	28.43	--	6	17058	卖盘
14:40:30	28.43	--	7	19901	卖盘
14:40:27	28.43	-0.01	2	5686	卖盘
14:40:21	28.44	--	4	11376	买盘
14:40:06	28.44	-0.01	3	8532	卖盘
14:40:00	28.45	0.01	1	2845	买盘
14:39:54	28.44	--	28	79632	卖盘
14:39:42	28.44	-0.01	10	28440	卖盘
14:39:27	28.45	-0.01	5	14225	中性盘
14:39:24	28.46	0.02	60	170760	买盘
14:39:21	28.44	-0.02	3	8532	卖盘
14:39:09	28.46	0.01	60	170760	买盘
14:39:06	28.45	-0.01	7	19915	卖盘
14:39:00	28.46	--	1	2846	买盘
14:38:51	28.46	--	8	22768	卖盘
14:38:42	28.46	-0.01	22	62612	卖盘
14:38:33	28.47	--	5	14235	买盘
14:38:24	28.47	-0.01	23	65481	卖盘
14:38:15	28.48	--	7	19936	卖盘
14:38:09	28.48	--	22	62656	卖盘
14:38:06	28.48	--	5	14240	卖盘
14:38:03	28.48	--	2	5696	卖盘
14:38:00	28.48	-0.01	4	11392	中性盘
14:37:54	28.49	0.02	10	28490	买盘
14:37:51	28.47	-0.01	117	333099	卖盘
14:37:48	28.48	--	5	14240	卖盘
14:37:36	28.48	--	45	128160	卖盘
14:37:30	28.48	-0.01	1	2848	卖盘
14:37:27	28.49	0.01	3	8547	买盘
14:37:24	28.48	--	3	8544	卖盘
14:37:09	28.48	-0.01	2	5696	卖盘
14:37:06	28.49	--	11	31339	买盘
14:37:00	28.49	-0.01	68	195156	卖盘
14:36:57	28.5	--	8	22800	买盘
14:36:54	28.5	--	5	14250	买盘
14:36:51	28.5	0.01	18	51300	买盘
14:36:45	28.49	--	14	39886	卖盘
14:36:42	28.49	--	23	65527	卖盘
14:36:33	28.49	--	2	5698	卖盘
14:36:27	28.49	--	5	15669	买盘
14:36:18	28.49	--	5	14245	买盘
14:36:12	28.49	--	5	14245	买盘
14:36:09	28.49	--	4	11396	买盘
14:36:06	28.49	--	3	9971	卖盘
14:36:03	28.49	--	1	4273	买盘
14:36:00	28.49	--	42	119658	买盘
14:35:54	28.49	0.01	4	11396	买盘
14:35:48	28.48	0.01	3	8544	中性盘
14:35:30	28.47	-0.01	41	116727	卖盘
14:35:24	28.48	0.01	12	34176	买盘
14:35:21	28.47	--	3	8541	卖盘
14:35:18	28.47	--	2	5694	卖盘
14:35:12	28.47	--	3	8541	卖盘
14:35:09	28.47	--	44	125268	买盘
14:35:03	28.47	--	5	14235	买盘
14:35:00	28.47	0.02	12	34164	买盘
14:34:42	28.45	-0.01	41	116645	卖盘
14:34:39	28.46	0.01	1	2846	买盘
14:34:12	28.45	0.01	38	108110	买盘
14:34:00	28.44	-0.01	1	2844	中性盘
14:33:51	28.45	0.02	6	17070	买盘
14:33:42	28.43	-0.02	37	105191	卖盘
14:33:36	28.45	0.02	8	22760	买盘
14:33:21	28.43	0.01	2	5686	卖盘
14:33:09	28.42	--	10	28420	卖盘
14:33:03	28.42	-0.01	19	53998	卖盘
14:33:00	28.43	--	47	133621	买盘
14:32:57	28.43	--	2	5686	买盘
14:32:54	28.43	--	11	31273	买盘
14:32:51	28.43	--	2	5686	买盘
14:32:48	28.43	--	10	28430	买盘
14:32:45	28.43	--	10	28430	买盘
14:32:30	28.43	0.01	3	8529	买盘
14:32:21	28.42	--	3	8526	买盘
14:31:42	28.42	--	10	28420	买盘
14:31:24	28.42	--	10	28420	买盘
14:31:21	28.42	0.01	1	2842	买盘
14:30:42	28.41	--	2	5682	卖盘
14:30:33	28.41	--	5	14205	卖盘
14:30:24	28.41	--	9	25569	卖盘
14:30:18	28.41	-0.01	1	2841	卖盘
14:30:06	28.42	--	5	14210	买盘
14:29:39	28.42	--	1	2842	买盘
14:28:48	28.42	0.01	4	11368	买盘
14:28:45	28.41	--	1	2841	卖盘
14:28:33	28.41	--	7	19887	买盘
14:28:30	28.41	--	1	2841	买盘
14:28:21	28.41	--	2	5682	买盘
14:28:12	28.41	-0.01	9	25569	卖盘
14:28:06	28.42	--	2	5684	买盘
14:28:00	28.42	--	1	2842	买盘
14:27:57	28.42	--	10	28420	买盘
14:27:48	28.42	0.02	7	19894	买盘
14:27:24	28.4	-0.02	1	2840	卖盘
14:27:09	28.42	0.02	2	5684	买盘
14:27:06	28.4	-0.02	10	28400	卖盘
14:27:00	28.42	--	2	5684	买盘
14:26:51	28.42	0.02	2	5684	买盘
14:26:42	28.4	-0.02	2	5680	卖盘
14:26:39	28.42	0.03	66	187572	买盘
14:26:24	28.39	--	6	17034	卖盘
14:26:21	28.39	--	5	14195	中性盘
14:26:06	28.39	--	1	2839	买盘
14:26:00	28.39	0.01	6	17034	买盘
14:25:57	28.38	--	1	2838	卖盘
14:25:45	28.38	--	2	5676	卖盘
14:25:33	28.38	0.01	4	11352	买盘
14:25:30	28.37	-0.01	2	5674	卖盘
14:25:21	28.38	--	5	14190	买盘
14:25:18	28.38	--	1	2838	买盘
14:25:15	28.38	-0.01	20	56760	卖盘
14:25:03	28.39	--	2	5678	买盘
14:25:00	28.39	0.01	5	14195	买盘
14:24:54	28.38	-0.02	1	2838	卖盘
14:24:42	28.4	0.01	2	5680	卖盘
14:24:39	28.39	-0.03	6	17034	卖盘
14:24:18	28.42	--	8	22736	卖盘
14:24:15	28.42	--	53	150626	卖盘
14:24:09	28.42	--	4	11368	卖盘
14:24:06	28.42	--	6	17052	卖盘
14:24:03	28.42	--	49	139258	卖盘
14:23:45	28.42	--	2	5684	卖盘
14:23:39	28.42	-0.03	56	159152	卖盘
14:23:30	28.45	0.03	5	14225	买盘
14:23:24	28.42	--	10	28420	卖盘
14:23:21	28.42	--	8	22736	卖盘
14:23:15	28.42	--	1	2842	卖盘
14:22:57	28.42	0.03	42	119364	买盘
14:22:54	28.39	0.01	1	2839	卖盘
14:22:42	28.38	-0.01	20	56760	卖盘
14:22:24	28.39	--	20	56780	买盘
14:22:21	28.39	--	4	11356	卖盘
14:21:54	28.39	--	10	28390	卖盘
14:21:51	28.39	-0.02	2	5678	卖盘
14:21:42	28.41	-0.01	6	17046	中性盘
14:21:06	28.42	--	1	2842	买盘
14:20:57	28.42	--	5	14210	买盘
14:20:51	28.42	0.04	3	8526	买盘
14:20:33	28.38	-0.02	34	96492	卖盘
14:20:27	28.4	--	4	11360	卖盘
14:20:21	28.4	--	2	5680	卖盘
14:20:06	28.4	0.02	49	139160	买盘
14:19:54	28.38	-0.02	2	5676	卖盘
14:19:51	28.4	0.02	5	14200	买盘
14:19:24	28.38	-0.01	7	19866	卖盘
14:19:12	28.39	0.01	1	2839	买盘
14:19:09	28.38	-0.01	17	48246	卖盘
14:19:03	28.39	--	10	28390	买盘
14:19:00	28.39	--	8	22712	买盘
14:18:54	28.39	--	18	51102	买盘
14:18:51	28.39	--	2	5678	买盘
14:18:39	28.39	--	24	68136	卖盘
14:18:30	28.39	-0.01	1	2839	卖盘
14:18:21	28.4	0.01	10	28400	买盘
14:18:12	28.39	--	1	2839	卖盘
14:18:03	28.39	0.01	3	8517	中性盘
14:17:57	28.38	-0.01	17	48246	卖盘
14:17:48	28.39	--	3	8517	卖盘
14:17:39	28.39	-0.01	7	19873	卖盘
14:17:24	28.4	0.01	5	14200	买盘
14:17:21	28.39	-0.01	9	26970	卖盘
14:17:18	28.4	0.01	5	14200	买盘
14:17:15	28.39	-0.01	1	2839	卖盘
14:16:57	28.4	--	20	56800	卖盘
14:16:27	28.4	-0.02	66	187440	卖盘
14:16:09	28.42	-0.04	1	2842	中性盘
14:15:45	28.46	--	2	5692	买盘
14:15:39	28.46	--	2	5692	卖盘
14:15:27	28.46	--	10	28460	买盘
14:15:12	28.46	0.06	1	2846	买盘
14:15:09	28.4	-0.06	16	45440	卖盘
14:15:00	28.46	--	49	139454	买盘
14:14:48	28.46	-0.02	4	11384	卖盘
14:14:42	28.48	0.02	12	34176	买盘
14:14:39	28.46	-0.02	1	2846	卖盘
14:14:30	28.48	0.02	3	8544	买盘
14:14:21	28.46	0.01	1	2846	买盘
14:14:15	28.45	--	2	5690	卖盘
14:14:09	28.45	0.03	60	170700	买盘
14:13:51	28.42	0.02	153	434826	买盘
14:13:45	28.4	--	1	2840	卖盘
14:13:36	28.4	0.01	2	5680	中性盘
14:12:33	28.39	--	1	2839	卖盘
14:12:18	28.39	--	2	5678	卖盘
14:12:00	28.39	--	3	8517	卖盘
14:11:54	28.39	--	25	70975	卖盘
14:11:51	28.39	--	8	22712	卖盘
14:11:36	28.39	--	6	17034	卖盘
14:11:18	28.39	--	2	5678	卖盘
14:11:03	28.39	-0.01	2	5678	卖盘
14:10:54	28.4	--	1	2840	卖盘
14:10:39	28.4	--	10	28400	卖盘
14:10:18	28.4	-0.01	9	25560	卖盘
14:09:54	28.41	--	1	2841	买盘
14:09:36	28.41	-0.01	4	11364	卖盘
14:09:09	28.42	--	5	14210	卖盘
14:09:06	28.42	--	7	19894	卖盘
14:09:00	28.42	--	5	14210	卖盘
14:08:42	28.42	-0.01	10	28420	卖盘
14:08:30	28.43	--	5	14215	买盘
14:08:03	28.43	--	10	28430	卖盘
14:07:57	28.43	--	2	5686	卖盘
14:07:30	28.43	0.02	2	5686	买盘
14:06:51	28.41	0.01	4	11364	中性盘
14:06:21	28.4	--	30	85200	卖盘
14:06:09	28.4	--	10	28400	卖盘
14:05:12	28.4	--	1	2840	卖盘
14:03:45	28.4	0.01	12	34080	买盘
14:03:18	28.39	--	1	2839	卖盘
14:03:12	28.39	--	2	5678	买盘
14:03:09	28.39	-0.01	98	278222	卖盘
14:02:57	28.4	--	1	2840	买盘
14:02:48	28.4	--	6	17040	买盘
14:02:42	28.4	--	78	221520	卖盘
14:02:33	28.4	--	23	65320	买盘
14:02:15	28.4	--	22	62480	卖盘
14:02:12	28.4	--	3	8520	卖盘
14:01:36	28.4	0.01	1	2840	买盘
14:01:27	28.39	-0.01	14	39746	卖盘
14:01:09	28.4	--	9	25560	买盘
14:01:06	28.4	0.01	4	11360	买盘
14:00:33	28.39	-0.01	5	14195	卖盘
14:00:21	28.4	--	3	8520	买盘
14:00:09	28.4	0.01	7	19880	买盘
14:00:06	28.39	-0.01	6	17034	卖盘
14:00:00	28.4	-0.05	44	124960	卖盘
13:59:30	28.45	--	6	17070	卖盘
13:59:18	28.45	--	4	11380	卖盘
13:59:15	28.45	--	28	79660	买盘
13:58:48	28.45	--	10	28450	买盘
13:58:45	28.45	--	19	54055	买盘
13:58:27	28.45	0.07	4	11380	买盘
13:58:18	28.38	-0.02	5	14190	卖盘
13:58:09	28.4	--	3	8520	卖盘
13:58:06	28.4	0.02	0	1420	买盘
13:57:57	28.38	-0.02	15	42570	卖盘
13:57:48	28.4	-0.04	8	24140	卖盘
13:57:45	28.44	0.02	21	61146	买盘
13:57:42	28.42	0.02	57	161994	买盘
13:57:33	28.4	--	30	85200	卖盘
13:57:12	28.4	--	8	22720	卖盘
13:57:09	28.4	-0.01	4	11360	卖盘
13:57:03	28.41	0.01	2	5682	买盘
13:56:39	28.4	-0.01	3	8520	卖盘
13:56:00	28.41	-0.01	8	22728	卖盘
13:55:33	28.42	-0.01	5	14210	卖盘
13:55:09	28.43	-0.01	5	14215	卖盘
13:55:00	28.44	--	33	95274	卖盘
13:54:57	28.44	-0.02	2	5688	卖盘
13:54:33	28.46	-0.03	20	56920	卖盘
13:54:12	28.49	0.04	50	142450	买盘
13:54:09	28.45	-0.04	5	14225	卖盘
13:54:03	28.49	--	1	2849	买盘
13:53:45	28.49	--	1	4273	卖盘
13:53:42	28.49	--	0	1424	买盘
13:53:36	28.49	--	4	12820	卖盘
13:53:33	28.49	--	1	2849	卖盘
13:53:24	28.49	--	2	5698	卖盘
13:53:18	28.49	--	4	11396	卖盘
13:53:15	28.49	--	8	22792	卖盘
13:53:06	28.49	--	45	129629	买盘
13:52:51	28.49	--	3	8547	买盘
13:52:48	28.49	--	8	22792	买盘
13:52:39	28.49	0.01	15	42735	买盘
13:52:18	28.48	0.04	1	2848	中性盘
13:51:54	28.44	--	6	18486	卖盘
13:51:21	28.44	--	12	34128	卖盘
13:51:18	28.44	--	2	5688	买盘
13:51:06	28.44	--	10	28440	买盘
13:50:54	28.44	--	8	22752	买盘
13:50:33	28.44	0.04	3	8532	买盘
13:50:30	28.4	-0.04	20	56800	卖盘
13:50:15	28.44	-0.05	4	11376	中性盘
13:50:00	28.49	0.03	5	14245	买盘
13:49:39	28.46	0.08	20	56920	买盘
13:49:36	28.38	--	9	25542	卖盘
13:48:48	28.38	--	1	2838	卖盘
13:48:18	28.38	--	1	2838	买盘
13:48:15	28.38	--	16	45408	卖盘
13:48:09	28.38	--	2	5676	卖盘
13:47:51	28.38	--	10	28380	买盘
13:47:48	28.38	--	3	8514	买盘
13:47:39	28.38	--	1	2838	买盘
13:47:36	28.38	--	1	2838	买盘
13:47:27	28.38	--	5	14190	买盘
13:47:24	28.38	--	10	28380	买盘
13:47:21	28.38	-0.05	4	11352	卖盘
13:47:15	28.43	0.02	20	56860	买盘
13:47:09	28.41	-0.01	1	2841	买盘
13:47:03	28.42	0.04	2	5684	买盘
13:46:57	28.38	0.01	1	2838	中性盘
13:46:39	28.37	-0.03	1	2837	卖盘
13:46:36	28.4	--	8	22720	卖盘
13:46:18	28.4	--	3	8520	买盘
13:46:06	28.4	0.03	8	22720	买盘
13:45:48	28.37	0.02	8	22696	买盘
13:45:45	28.35	-0.01	38	107730	卖盘
13:45:30	28.36	0.01	7	19852	买盘
13:45:18	28.35	0.02	19	53865	买盘
13:45:15	28.33	-0.02	20	56660	卖盘
13:45:09	28.35	--	18	51030	买盘
13:45:06	28.35	--	29	82215	买盘
13:44:54	28.35	--	25	70875	买盘
13:44:51	28.35	--	4	11340	买盘
13:44:48	28.35	0.02	2	5670	买盘
13:44:45	28.33	--	9	25497	卖盘
13:44:39	28.33	--	3	8499	卖盘
13:44:36	28.33	--	2	5666	卖盘
13:44:30	28.33	-0.02	22	62325	卖盘
13:44:27	28.35	0.02	34	96390	买盘
13:44:18	28.33	--	2	5666	卖盘
13:44:12	28.33	-0.02	41	116153	卖盘
13:44:00	28.35	--	4	11340	买盘
13:43:57	28.35	--	22	62370	卖盘
13:43:51	28.35	-0.01	1	2835	卖盘
13:43:33	28.36	-0.01	22	62392	卖盘
13:43:12	28.37	-0.01	9	25533	卖盘
13:43:06	28.38	0.01	8	22704	买盘
13:43:03	28.37	-0.01	21	59577	卖盘
13:42:42	28.38	--	3	8514	买盘
13:42:36	28.38	-0.02	5	14190	卖盘
13:42:33	28.4	--	50	142000	买盘
13:42:21	28.4	-0.03	7	19880	中性盘
13:41:45	28.43	0.05	9	25587	买盘
13:41:36	28.38	--	2	5676	中性盘
13:41:21	28.38	0.01	30	85140	买盘
13:41:09	28.37	--	2	5674	买盘
13:40:45	28.37	0.01	10	28370	买盘
13:40:42	28.36	-0.01	2	5672	卖盘
13:40:39	28.37	0.01	1	2837	买盘
13:40:36	28.36	--	17	48212	买盘
13:40:30	28.36	-0.01	10	28360	卖盘
13:40:21	28.37	--	2	5674	买盘
13:40:18	28.37	--	20	56740	卖盘
13:39:54	28.37	0.01	3	8511	买盘
13:39:39	28.36	0.03	5	14180	中性盘
13:38:51	28.33	--	29	82157	买盘
13:38:48	28.33	--	10	28330	买盘
13:38:45	28.33	-0.05	170	481610	卖盘
13:38:36	28.38	0.05	2	5676	买盘
13:38:33	28.33	-0.01	3	8499	卖盘
13:38:24	28.34	--	3	8502	买盘
13:38:21	28.34	-0.04	9	25506	卖盘
13:38:15	28.38	0.06	30	85140	买盘
13:37:06	28.32	-0.06	2	5664	中性盘
13:36:48	28.38	0.02	10	28380	买盘
13:36:45	28.36	0.04	10	28360	买盘
13:36:42	28.32	--	1	2832	买盘
13:36:39	28.32	-0.04	94	266208	卖盘
13:36:36	28.36	--	3	8508	卖盘
13:36:33	28.36	-0.02	10	28360	卖盘
13:36:27	28.38	--	7	19866	买盘
13:36:09	28.38	--	21	59598	卖盘
13:36:00	28.38	-0.03	5	14190	卖盘
13:35:54	28.41	-0.02	65	184665	卖盘
13:35:45	28.43	--	5	14215	卖盘
13:35:42	28.43	--	4	11372	卖盘
13:35:30	28.43	-0.03	4	11372	卖盘
13:35:24	28.46	--	11	31306	买盘
13:35:21	28.46	--	35	99610	卖盘
13:35:18	28.46	--	20	56920	卖盘
13:35:12	28.46	--	25	71150	卖盘
13:35:06	28.46	--	5	14230	卖盘
13:34:54	28.46	--	11	31306	卖盘
13:34:51	28.46	--	3	8538	卖盘
13:34:39	28.46	-0.03	15	42690	卖盘
13:34:36	28.49	-0.01	1	2849	卖盘
13:34:30	28.5	0.01	10	28500	买盘
13:34:27	28.49	-0.01	6	17094	中性盘
13:34:21	28.5	--	12	34200	买盘
13:34:06	28.5	--	9	25650	卖盘
13:34:03	28.5	--	2	5700	卖盘
13:33:57	28.5	--	23	65550	卖盘
13:33:54	28.5	0.02	16	45600	买盘
13:33:48	28.48	-0.02	11	31328	卖盘
13:33:36	28.5	--	1	2850	卖盘
13:33:30	28.5	-0.01	5	14250	卖盘
13:33:21	28.51	--	1	2851	卖盘
13:33:03	28.51	-0.05	14	39914	卖盘
13:33:00	28.56	0.01	13	37128	买盘
13:32:57	28.55	--	2	5710	卖盘
13:32:54	28.55	--	10	28550	卖盘
13:32:48	28.55	--	5	14275	卖盘
13:32:45	28.55	--	1	2855	卖盘
13:32:42	28.55	--	1	2855	卖盘
13:32:39	28.55	--	14	39970	卖盘
13:32:36	28.55	--	10	28550	卖盘
13:32:27	28.55	--	5	14275	卖盘
13:32:24	28.55	-0.01	39	111345	中性盘
13:31:57	28.56	0.06	10	28560	买盘
13:31:54	28.5	-0.06	15	42750	卖盘
13:31:36	28.56	--	24	69972	卖盘
13:31:33	28.56	-0.01	2	5712	卖盘
13:31:30	28.57	0.01	5	14285	买盘
13:31:27	28.56	--	3	8568	卖盘
13:31:21	28.56	--	6	17136	卖盘
13:31:15	28.56	-0.01	109	311304	卖盘
13:31:03	28.57	0.01	30	85710	买盘
13:30:57	28.56	--	4	11424	卖盘
13:30:48	28.56	--	5	14280	卖盘
13:30:39	28.56	--	1	2856	卖盘
13:30:36	28.56	--	4	11424	卖盘
13:30:33	28.56	--	2	5712	卖盘
13:30:30	28.56	--	4	11424	卖盘
13:30:27	28.56	0.01	65	187068	买盘
13:30:12	28.55	-0.01	6	18557	卖盘
13:30:06	28.56	--	1	2856	买盘
13:30:03	28.56	0.01	25	71400	买盘
13:30:00	28.55	--	8	22840	卖盘
13:29:48	28.55	--	0	1427	买盘
13:29:45	28.55	-0.01	5	14275	买盘
13:29:33	28.56	--	2	7140	卖盘
13:29:30	28.56	0.01	24	69972	买盘
13:29:18	28.55	--	10	28550	买盘
13:29:09	28.55	--	1	2855	卖盘
13:29:03	28.55	--	1	2855	卖盘
13:28:51	28.55	0.01	8	22840	买盘
13:28:33	28.54	0.04	17	48518	买盘
13:28:27	28.5	-0.03	16	45600	卖盘
13:28:06	28.53	--	14	39942	卖盘
13:27:54	28.53	--	4	11412	买盘
13:27:48	28.53	0.05	8	22824	买盘
13:27:45	28.48	--	10	28480	卖盘
13:27:33	28.48	--	4	11392	买盘
13:27:18	28.48	--	2	5696	买盘
13:27:12	28.48	0.01	3	8544	买盘
13:27:00	28.47	--	4	11388	卖盘
13:26:57	28.47	0.01	1	2847	买盘
13:26:45	28.46	-0.02	15	42690	卖盘
13:26:42	28.48	0.02	4	11392	买盘
13:26:33	28.46	-0.02	10	28460	卖盘
13:26:21	28.48	0.01	3	8544	买盘
13:26:15	28.47	--	5	14235	卖盘
13:26:12	28.47	-0.01	1	2847	卖盘
13:26:06	28.48	--	5	14240	买盘
13:25:57	28.48	-0.06	10	28480	卖盘
13:25:36	28.54	--	18	51372	卖盘
13:25:33	28.54	-0.02	15	42810	卖盘
13:25:30	28.56	--	37	105672	卖盘
13:25:27	28.56	-0.01	14	39984	卖盘
13:25:18	28.57	--	1	2857	买盘
13:25:12	28.57	--	143	408551	卖盘
13:25:06	28.57	--	112	319984	卖盘
13:25:03	28.57	-0.01	4	11428	卖盘
13:24:57	28.58	0.01	1	2858	买盘
13:24:51	28.57	--	20	57140	卖盘
13:24:48	28.57	-0.01	12	34284	卖盘
13:24:36	28.58	-0.01	22	62875	卖盘
13:24:24	28.59	--	3	8577	买盘
13:24:18	28.59	--	13	37167	卖盘
13:24:12	28.59	--	30	85770	卖盘
13:24:09	28.59	-0.01	16	45744	卖盘
13:24:06	28.6	0.01	13	37180	买盘
13:24:00	28.59	--	11	31449	买盘
13:23:54	28.59	--	4	11436	卖盘
13:23:48	28.59	--	28	80052	买盘
13:23:39	28.59	0.01	1	2859	买盘
13:23:36	28.58	0.01	1	2858	卖盘
13:23:33	28.57	-0.02	4	11428	卖盘
13:23:24	28.59	0.02	15	42885	买盘
13:23:18	28.57	--	10	28570	卖盘
13:23:12	28.57	--	8	22856	卖盘
13:23:06	28.57	--	1	2857	卖盘
13:23:03	28.57	0.01	43	122851	买盘
13:22:57	28.56	-0.01	5	14280	卖盘
13:22:51	28.57	--	10	28570	买盘
13:22:48	28.57	--	1	2857	买盘
13:22:39	28.57	--	6	17142	卖盘
13:22:36	28.57	--	4	11428	卖盘
13:22:27	28.57	--	2	5714	卖盘
13:22:21	28.57	--	13	37141	卖盘
13:22:18	28.57	--	7	19999	卖盘
13:22:15	28.57	--	1	2857	卖盘
13:22:03	28.57	0.01	24	68568	买盘
13:21:48	28.56	--	7	19992	卖盘
13:21:45	28.56	--	10	28560	卖盘
13:21:39	28.56	--	7	19992	卖盘
13:21:36	28.56	-0.01	30	85680	卖盘
13:21:24	28.57	0.01	1	2857	买盘
13:21:18	28.56	-0.01	5	14280	卖盘
13:21:12	28.57	0.01	5	14285	买盘
13:21:06	28.56	-0.05	1	2856	卖盘
13:21:00	28.61	0.04	100	286100	买盘
13:20:54	28.57	0.01	5	14285	买盘
13:20:51	28.56	-0.04	14	39984	买盘
13:20:48	28.6	0.05	1	2860	买盘
13:20:45	28.55	-0.05	10	28550	卖盘
13:20:42	28.6	--	1	2860	买盘
13:20:33	28.6	--	16	45760	买盘
13:20:30	28.6	--	3	8580	买盘
13:20:24	28.6	0.03	2	5720	中性盘
13:20:18	28.57	-0.04	1	2857	卖盘
13:20:12	28.61	--	19	54359	买盘
13:20:09	28.61	--	1	2861	买盘
13:20:06	28.61	-0.04	115	329015	卖盘
13:20:00	28.65	--	22	63030	卖盘
13:19:57	28.65	0.01	13	37245	买盘
13:19:54	28.64	-0.02	10	28640	中性盘
13:19:45	28.66	0.01	24	68784	买盘
13:19:42	28.65	--	1	2865	买盘
13:19:39	28.65	0.02	23	65895	买盘
13:19:36	28.63	-0.01	41	117383	卖盘
13:19:33	28.64	-0.01	7	20048	中性盘
13:19:27	28.65	0.04	50	143250	买盘
13:19:21	28.61	-0.03	3	8583	卖盘
13:19:18	28.64	0.03	15	42960	中性盘
13:19:12	28.61	0.01	4	11444	中性盘
13:19:03	28.6	--	40	114400	买盘
13:18:54	28.6	0.04	25	71500	买盘
13:18:39	28.56	0.02	6	17136	买盘
13:18:36	28.54	0.04	8	22832	买盘
13:18:24	28.5	--	88	250828	买盘
13:18:09	28.5	0.04	273	778050	买盘
13:17:51	28.46	--	18	51228	卖盘
13:17:45	28.46	--	14	39844	卖盘
13:17:39	28.46	--	4	11384	卖盘
13:17:36	28.46	0.01	118	335828	买盘
13:17:33	28.45	-0.01	4	11380	卖盘
13:17:30	28.46	0.01	3	8538	买盘
13:17:27	28.45	--	1	2845	卖盘
13:17:21	28.45	--	7	19915	卖盘
13:17:15	28.45	-0.01	13	36985	卖盘
13:17:06	28.46	--	5	14230	买盘
13:16:57	28.46	0.01	13	36998	买盘
13:16:54	28.45	-0.01	6	17070	卖盘
13:16:36	28.46	0.01	4	11384	买盘
13:16:30	28.45	--	2	5690	卖盘
13:16:27	28.45	0.01	3	8535	买盘
13:16:24	28.44	-0.01	6	17064	卖盘
13:16:21	28.45	--	14	39830	卖盘
13:16:15	28.45	--	39	110955	买盘
13:16:03	28.45	0.01	15	42675	买盘
13:16:00	28.44	--	62	176328	卖盘
13:15:57	28.44	-0.01	2	5688	卖盘
13:15:42	28.45	0.01	3	8535	买盘
13:15:36	28.44	-0.01	70	199080	卖盘
13:15:33	28.45	--	4	11380	买盘
13:15:30	28.45	0.01	1	2845	买盘
13:15:21	28.44	-0.01	20	56880	卖盘
13:15:15	28.45	0.01	20	56900	买盘
13:15:06	28.44	--	46	130824	卖盘
13:15:03	28.44	--	22	62568	买盘
13:14:27	28.44	0.02	4	11376	买盘
13:14:15	28.42	-0.02	5	14210	卖盘
13:14:12	28.44	0.02	9	25596	买盘
13:13:57	28.42	--	2	5684	卖盘
13:13:36	28.42	--	12	34104	卖盘
13:13:30	28.42	--	5	14210	买盘
13:13:12	28.42	0.01	3	8526	买盘
13:13:03	28.41	--	3	8523	卖盘
13:12:39	28.41	0.01	1	2841	买盘
13:12:33	28.4	--	1	2840	卖盘
13:12:24	28.4	--	1	2840	卖盘
13:12:18	28.4	-0.01	7	19880	卖盘
13:12:15	28.41	0.01	11	31251	买盘
13:11:57	28.4	--	3	8520	卖盘
13:11:39	28.4	--	20	56800	卖盘
13:11:33	28.4	-0.01	5	14200	卖盘
13:11:30	28.41	--	2	5682	卖盘
13:11:27	28.41	0.01	10	28410	买盘
13:11:18	28.4	--	7	19880	卖盘
13:11:09	28.4	--	28	79520	卖盘
13:11:06	28.4	--	4	11360	卖盘
13:11:00	28.4	--	3	8520	卖盘
13:10:45	28.4	--	7	19880	卖盘
13:10:42	28.4	--	9	25560	卖盘
13:10:15	28.4	--	3	8520	卖盘
13:10:00	28.4	-0.02	105	298200	卖盘
13:09:30	28.42	-0.02	8	22736	卖盘
13:09:21	28.44	0.02	7	19908	买盘
13:09:15	28.42	0.01	2	5684	买盘
13:09:06	28.41	-0.01	9	25569	卖盘
13:08:54	28.42	--	74	210308	卖盘
13:08:48	28.42	--	5	14210	卖盘
13:08:39	28.42	--	1	2842	卖盘
13:08:36	28.42	--	1	2842	卖盘
13:08:18	28.42	0.01	77	218834	买盘
13:08:06	28.41	--	11	31251	买盘
13:07:54	28.41	--	3	8523	买盘
13:07:48	28.41	-0.01	29	82389	卖盘
13:07:42	28.42	--	3	8526	买盘
13:07:33	28.42	--	3	8526	买盘
13:07:21	28.42	--	11	31262	卖盘
13:07:18	28.42	--	2	5684	卖盘
13:07:15	28.42	--	3	8526	卖盘
13:07:12	28.42	--	10	28420	卖盘
13:07:03	28.42	--	17	48314	卖盘
13:06:42	28.42	-0.01	2	5684	卖盘
13:06:33	28.43	-0.01	1	4264	卖盘
13:06:24	28.44	--	8	22752	买盘
13:06:15	28.44	-0.01	2	5688	卖盘
13:06:12	28.45	0.01	5	14225	买盘
13:06:03	28.44	-0.01	2	5688	卖盘
13:06:00	28.45	--	4	11380	买盘
13:05:57	28.45	0.01	5	14225	买盘
13:05:54	28.44	--	2	5688	卖盘
13:05:36	28.44	--	8	22752	买盘
13:05:21	28.44	--	1	2844	卖盘
13:05:06	28.44	--	2	5688	中性盘
13:05:00	28.44	0.01	7	19908	买盘
13:04:57	28.43	--	21	59703	卖盘
13:04:51	28.43	--	6	17058	卖盘
13:04:33	28.43	-0.02	1	2843	卖盘
13:04:27	28.45	--	2	5690	买盘
13:04:06	28.45	--	2	5690	中性盘
13:04:00	28.45	--	2	5690	卖盘
13:03:57	28.45	--	6	17070	卖盘
13:03:54	28.45	0.02	13	36985	买盘
13:03:42	28.43	--	23	66810	买盘
13:03:33	28.43	--	10	28430	买盘
13:03:21	28.43	-0.01	14	41223	卖盘
13:03:18	28.44	0.01	17	48348	买盘
13:03:15	28.43	--	15	42645	卖盘
13:03:00	28.43	--	1	2843	卖盘
13:02:57	28.43	--	7	19901	卖盘
13:02:45	28.43	--	10	28430	卖盘
13:02:39	28.43	-0.01	3	8529	卖盘
13:02:36	28.44	0.01	2	5688	买盘
13:02:09	28.43	--	10	28430	卖盘
13:02:06	28.43	--	13	36959	卖盘
13:02:03	28.43	--	2	5686	卖盘
13:01:48	28.43	--	2	5686	卖盘
13:01:36	28.43	-0.01	10	28430	卖盘
13:01:27	28.44	0.01	12	34128	买盘
13:01:15	28.43	--	30	85290	卖盘
13:01:03	28.43	-0.01	7	19901	卖盘
13:01:00	28.44	0.01	2	5688	买盘
13:00:48	28.43	0.02	26	75339	买盘
13:00:42	28.41	0.01	4	11364	买盘
13:00:18	28.4	--	15	42600	卖盘
13:00:15	28.4	--	10	28400	卖盘
13:00:09	28.4	--	80	228620	卖盘
13:00:06	28.4	0.02	159	451560	买盘
13:00:03	28.38	--	0	0	买盘
11:30:03	28.38	--	0	0	买盘
11:30:00	28.38	--	1	2838	买盘
11:29:51	28.38	--	1	2838	买盘
11:29:48	28.38	-0.01	1	2838	中性盘
11:28:54	28.39	0.03	5	14195	买盘
11:28:45	28.36	--	11	31196	卖盘
11:28:03	28.36	-0.04	1	2836	卖盘
11:28:00	28.4	--	13	36920	买盘
11:27:54	28.4	--	18	51120	买盘
11:27:48	28.4	--	39	110760	卖盘
11:27:42	28.4	--	10	28400	卖盘
11:27:30	28.4	0.01	11	31240	买盘
11:27:21	28.39	--	11	31229	卖盘
11:27:12	28.39	--	9	25551	卖盘
11:26:54	28.39	--	1	2839	买盘
11:26:39	28.39	--	14	39746	买盘
11:26:36	28.39	0.03	40	113560	买盘
11:26:24	28.36	-0.04	18	51048	卖盘
11:25:57	28.4	0.01	10	28400	买盘
11:25:51	28.39	-0.02	6	17034	卖盘
11:25:48	28.41	--	17	48297	买盘
11:25:42	28.41	0.01	19	55399	买盘
11:25:36	28.4	--	2	5680	卖盘
11:25:30	28.4	-0.01	1	2840	卖盘
11:25:27	28.41	0.01	8	22728	买盘
11:25:24	28.4	--	1	2840	卖盘
11:25:21	28.4	--	5	14200	卖盘
11:25:18	28.4	--	7	19880	卖盘
11:25:12	28.4	--	31	89460	卖盘
11:25:03	28.4	--	17	48280	买盘
11:24:48	28.4	0.01	18	51120	买盘
11:24:36	28.39	--	1	2839	卖盘
11:24:33	28.39	0.04	8	22712	买盘
11:24:30	28.35	-0.03	17	48195	卖盘
11:24:24	28.38	-0.01	2	5676	卖盘
11:24:06	28.39	--	5	14195	买盘
11:24:00	28.39	0.04	2	5678	买盘
11:23:51	28.35	-0.04	11	31185	卖盘
11:23:39	28.39	-0.01	45	127755	卖盘
11:23:36	28.4	0.01	29	82360	买盘
11:23:27	28.39	-0.01	6	17034	买盘
11:23:21	28.4	0.01	50	142000	买盘
11:23:12	28.39	0.01	3	8517	卖盘
11:23:09	28.38	-0.01	7	19866	买盘
11:23:00	28.39	--	3	8517	卖盘
11:22:57	28.39	0.05	35	99365	买盘
11:22:48	28.34	0.02	2	5668	中性盘
11:22:33	28.32	0.01	2	5664	买盘
11:22:27	28.31	0.01	2	5662	买盘
11:22:09	28.3	0.03	171	483930	买盘
11:21:57	28.27	--	5	14135	买盘
11:21:51	28.27	--	4	11308	卖盘
11:21:45	28.27	--	3	8481	买盘
11:21:39	28.27	0.01	9	25443	买盘
11:21:21	28.26	-0.01	2	5652	卖盘
11:20:57	28.27	--	20	56540	买盘
11:20:33	28.27	0.03	10	28270	买盘
11:20:30	28.24	-0.02	2	5648	卖盘
11:20:24	28.26	--	13	36738	买盘
11:20:00	28.26	--	2	5652	买盘
11:19:54	28.26	--	12	33912	卖盘
11:19:45	28.26	--	7	19782	买盘
11:19:36	28.26	--	1	2826	买盘
11:19:24	28.26	--	22	62172	买盘
11:19:00	28.26	0.02	10	28260	买盘
11:18:54	28.24	--	29	81896	卖盘
11:18:39	28.24	--	19	53656	卖盘
11:18:06	28.24	--	2	5648	卖盘
11:18:03	28.24	--	1	2824	卖盘
11:17:54	28.24	0.01	29	83308	买盘
11:17:36	28.23	--	50	141150	卖盘
11:17:15	28.23	--	10	28230	卖盘
11:17:06	28.23	--	3	8469	卖盘
11:17:03	28.23	--	1	2823	卖盘
11:16:54	28.23	--	90	254070	卖盘
11:16:45	28.23	--	3	8469	卖盘
11:16:39	28.23	--	10	28230	卖盘
11:16:18	28.23	--	4	11292	卖盘
11:16:09	28.23	--	9	25407	卖盘
11:16:03	28.23	-0.01	17	47991	卖盘
11:15:54	28.24	--	40	112960	卖盘
11:15:39	28.24	-0.03	1	2824	卖盘
11:15:27	28.27	0.03	3	8481	买盘
11:15:24	28.24	-0.02	40	112960	卖盘
11:15:21	28.26	-0.02	4	11304	卖盘
11:15:15	28.28	--	5	14140	买盘
11:15:03	28.28	0.02	2	5656	买盘
11:14:48	28.26	-0.01	1	2826	中性盘
11:14:42	28.27	--	20	56540	买盘
11:14:33	28.27	--	5	14135	买盘
11:14:30	28.27	0.03	11	31097	买盘
11:14:24	28.24	-0.02	5	14120	卖盘
11:14:21	28.26	--	1	2826	买盘
11:14:15	28.26	0.01	50	141300	买盘
11:13:36	28.25	0.02	3	8475	买盘
11:13:15	28.23	--	14	39522	卖盘
11:13:12	28.23	-0.01	29	81867	卖盘
11:13:09	28.24	--	2	5648	卖盘
11:13:03	28.24	0.01	28	79072	买盘
11:13:00	28.23	-0.01	39	110097	卖盘
11:12:57	28.24	0.01	5	14120	买盘
11:12:42	28.23	0.03	2	5646	买盘
11:12:15	28.2	-0.01	10	28200	卖盘
11:12:03	28.21	--	22	62062	卖盘
11:11:57	28.21	-0.03	20	56420	卖盘
11:11:42	28.24	--	4	11296	买盘
11:11:15	28.24	0.04	6	16944	买盘
11:11:00	28.2	-0.01	18	50760	卖盘
11:10:57	28.21	0.01	2	5642	买盘
11:10:39	28.2	--	6	16920	卖盘
11:10:33	28.2	--	44	124080	买盘
11:10:30	28.2	--	5	14100	买盘
11:10:12	28.2	0.03	40	112800	买盘
11:10:06	28.17	--	9	25353	卖盘
11:10:00	28.17	--	1	2817	卖盘
11:09:54	28.17	0.04	44	125328	买盘
11:09:42	28.13	-0.03	4	11252	卖盘
11:09:39	28.16	0.02	1	2816	买盘
11:09:33	28.14	-0.03	1	2814	卖盘
11:09:06	28.17	--	12	33804	买盘
11:09:00	28.17	--	9	25353	买盘
11:08:48	28.17	--	29	81721	卖盘
11:08:42	28.17	-0.01	12	36592	卖盘
11:08:36	28.18	--	5	14090	买盘
11:08:30	28.18	-0.01	4	11272	卖盘
11:08:18	28.19	-0.01	7	19733	中性盘
11:07:54	28.2	--	15	42300	卖盘
11:07:48	28.2	--	5	14100	卖盘
11:07:36	28.2	-0.01	5	14100	卖盘
11:07:21	28.21	--	3	8491	卖盘
11:07:03	28.21	0.01	1	5613	买盘
11:06:54	28.2	-0.01	4	11280	卖盘
11:06:48	28.21	--	1	2821	买盘
11:06:45	28.21	--	2	5642	买盘
11:06:39	28.21	--	2	5670	卖盘
11:06:33	28.21	--	7	19747	卖盘
11:06:27	28.21	--	19	56391	卖盘
11:06:06	28.21	-0.03	9	25389	卖盘
11:06:00	28.24	0.03	10	28240	买盘
11:05:57	28.21	--	3	8463	卖盘
11:05:42	28.21	0.01	1	2821	中性盘
11:05:39	28.2	-0.01	10	28200	卖盘
11:05:36	28.21	-0.03	1	2821	买盘
11:05:21	28.24	--	10	28240	买盘
11:05:06	28.24	--	9	25416	中性盘
11:04:57	28.24	--	9	26828	卖盘
11:04:51	28.24	--	0	1412	买盘
11:04:27	28.24	-0.01	2	7060	卖盘
11:04:21	28.25	0.01	7	19775	买盘
11:04:12	28.24	0.01	3	9884	买盘
11:04:03	28.23	--	4	11292	买盘
11:03:57	28.23	0.03	9	25407	买盘
11:03:48	28.2	--	9	25380	买盘
11:03:33	28.2	0.03	5	14100	买盘
11:02:54	28.17	-0.03	4	11268	卖盘
11:02:45	28.2	0.03	6	16920	买盘
11:02:39	28.17	-0.03	1	2817	卖盘
11:02:09	28.2	--	6	16920	买盘
11:01:57	28.2	--	6	16920	买盘
11:01:51	28.2	0.07	5	14100	买盘
11:01:39	28.13	--	5	14065	买盘
11:01:36	28.13	--	30	84390	买盘
11:01:27	28.13	0.01	301	846713	买盘
11:00:57	28.12	--	5	14060	买盘
11:00:54	28.12	--	2	5624	卖盘
11:00:42	28.12	0.01	8	22496	买盘
11:00:36	28.11	-0.01	4	11244	卖盘
11:00:33	28.12	0.01	2	5624	买盘
11:00:12	28.11	-0.02	5	14055	卖盘
11:00:03	28.13	0.02	1	2813	买盘
10:59:51	28.11	--	10	28110	卖盘
10:59:24	28.11	--	2	5622	中性盘
10:59:21	28.11	0.01	18	50598	买盘
10:59:18	28.1	-0.01	13	36530	卖盘
10:59:09	28.11	--	2	5622	买盘
10:58:57	28.11	0.01	9	25299	买盘
10:58:51	28.1	--	9	25290	卖盘
10:58:48	28.1	0.01	7	19670	中性盘
10:58:09	28.09	-0.04	5	14045	卖盘
10:58:06	28.13	0.04	20	56260	买盘
10:58:03	28.09	-0.04	8	22472	卖盘
10:58:00	28.13	--	1	2813	买盘
10:57:51	28.13	0.04	2	5626	买盘
10:57:36	28.09	-0.03	16	44944	卖盘
10:57:30	28.12	--	4	11248	卖盘
10:57:27	28.12	0.03	26	73112	买盘
10:57:24	28.09	--	17	47753	卖盘
10:57:18	28.09	-0.02	8	22472	卖盘
10:57:06	28.11	0.01	5	14055	买盘
10:56:45	28.1	0.01	5	15455	买盘
10:56:24	28.09	--	3	8427	买盘
10:56:18	28.09	0.02	1	2809	买盘
10:55:48	28.07	-0.02	3	8421	中性盘
10:55:30	28.09	0.03	30	84270	买盘
10:55:24	28.06	--	5	14030	卖盘
10:55:21	28.06	--	2	5612	卖盘
10:55:15	28.06	-0.01	8	22448	卖盘
10:55:06	28.07	0.01	1	2807	中性盘
10:55:00	28.06	--	51	143106	卖盘
10:54:51	28.06	--	37	103822	卖盘
10:54:48	28.06	--	3	8418	卖盘
10:54:27	28.06	-0.01	4	11224	卖盘
10:54:24	28.07	--	8	22456	卖盘
10:54:21	28.07	-0.01	31	87017	卖盘
10:54:15	28.08	0.01	6	16848	买盘
10:54:12	28.07	-0.01	6	16842	卖盘
10:53:54	28.08	--	1	2808	买盘
10:53:48	28.08	--	3	8424	买盘
10:53:42	28.08	--	30	84240	卖盘
10:53:33	28.08	--	13	36504	卖盘
10:53:27	28.08	--	5	14040	卖盘
10:52:57	28.08	-0.04	14	39312	卖盘
10:52:54	28.12	0.02	14	39368	买盘
10:52:51	28.1	-0.02	62	174220	卖盘
10:52:42	28.12	--	3	8436	买盘
10:52:36	28.12	0.02	3	8436	买盘
10:51:54	28.1	--	5	14050	卖盘
10:51:51	28.1	--	5	14050	卖盘
10:51:45	28.1	--	8	22480	卖盘
10:51:36	28.1	0.02	16	44960	买盘
10:51:33	28.08	--	4	11232	卖盘
10:51:30	28.08	-0.02	12	33696	卖盘
10:51:27	28.1	--	1	2810	买盘
10:51:24	28.1	--	2	5620	卖盘
10:51:09	28.1	--	4	11240	买盘
10:51:06	28.1	--	1	2810	买盘
10:50:54	28.1	--	2	5620	买盘
10:50:51	28.1	-0.02	58	162980	卖盘
10:50:45	28.12	--	1	4218	卖盘
10:50:39	28.12	0.01	2	5624	买盘
10:50:36	28.11	-0.02	1	2811	卖盘
10:50:24	28.13	--	1	2813	买盘
10:50:18	28.13	0.03	10	28130	买盘
10:50:12	28.1	-0.03	20	56200	卖盘
10:50:06	28.13	--	12	33756	买盘
10:50:03	28.13	--	7	19691	买盘
10:49:45	28.13	0.03	20	56260	买盘
10:49:36	28.1	-0.03	5	14050	卖盘
10:49:33	28.13	--	105	296771	买盘
10:49:30	28.13	0.02	4	11252	买盘
10:49:24	28.11	-0.02	36	101196	卖盘
10:49:03	28.13	0.01	3	8439	买盘
10:48:51	28.12	--	1	2812	买盘
10:48:45	28.12	0.01	1	2812	买盘
10:48:42	28.11	-0.01	11	30921	卖盘
10:48:39	28.12	0.01	1	2812	买盘
10:48:36	28.11	-0.01	12	33732	卖盘
10:48:27	28.12	--	1	2812	卖盘
10:48:21	28.12	--	12	33744	卖盘
10:48:09	28.12	--	27	75924	买盘
10:48:00	28.12	--	5	14060	买盘
10:47:57	28.12	--	17	47804	卖盘
10:47:48	28.12	-0.01	22	61864	卖盘
10:47:36	28.13	0.01	12	33756	买盘
10:47:27	28.12	-0.01	1	2812	卖盘
10:47:24	28.13	--	5	14065	买盘
10:47:18	28.13	0.01	1	2813	买盘
10:47:15	28.12	-0.01	20	56240	卖盘
10:47:12	28.13	--	2	5626	买盘
10:46:51	28.13	--	2	5626	买盘
10:46:48	28.13	--	4	11252	买盘
10:46:45	28.13	0.01	35	98455	买盘
10:46:39	28.12	-0.01	5	14060	卖盘
10:46:30	28.13	--	14	39382	买盘
10:46:24	28.13	0.01	10	28130	买盘
10:46:18	28.12	-0.01	3	8436	卖盘
10:46:12	28.13	--	4	11252	买盘
10:46:03	28.13	--	7	19691	买盘
10:46:00	28.13	--	13	36569	买盘
10:45:51	28.13	--	5	14065	买盘
10:45:48	28.13	--	9	25317	买盘
10:45:45	28.13	--	1	2813	买盘
10:45:42	28.13	--	27	75951	买盘
10:45:24	28.13	--	5	14065	买盘
10:45:12	28.13	--	10	28130	买盘
10:45:03	28.13	--	4	11252	买盘
10:45:00	28.13	--	8	22504	买盘
10:44:54	28.13	--	4	11252	买盘
10:44:48	28.13	--	1	2813	买盘
10:44:27	28.13	0.01	10	28130	买盘
10:44:24	28.12	-0.01	3	8436	卖盘
10:44:15	28.13	--	1	2813	买盘
10:44:12	28.13	--	4	11252	买盘
10:44:09	28.13	--	2	5626	买盘
10:44:06	28.13	--	10	28130	买盘
10:43:48	28.13	--	15	42195	买盘
10:43:45	28.13	0.01	8	22504	买盘
10:43:42	28.12	-0.01	1	2812	卖盘
10:43:27	28.13	0.01	4	11252	买盘
10:43:24	28.12	--	1	2812	卖盘
10:43:18	28.12	--	2	5624	卖盘
10:43:09	28.12	0.02	13	36556	买盘
10:43:03	28.1	-0.02	80	224800	卖盘
10:43:00	28.12	--	2	5624	买盘
10:42:45	28.12	0.02	28	78736	买盘
10:42:39	28.1	-0.02	11	30910	卖盘
10:42:27	28.12	0.02	1	2812	买盘
10:42:12	28.1	--	3	8430	买盘
10:42:06	28.1	--	1	2810	买盘
10:42:03	28.1	0.01	40	112400	买盘
10:42:00	28.09	--	10	28090	卖盘
10:41:54	28.09	-0.01	37	103933	卖盘
10:41:48	28.1	--	21	59010	买盘
10:41:42	28.1	-0.02	7	19670	卖盘
10:41:21	28.12	0.03	5	14060	买盘
10:41:12	28.09	--	10	28090	卖盘
10:41:03	28.09	-0.01	5	14045	卖盘
10:41:00	28.1	--	4	11240	卖盘
10:40:57	28.1	--	74	207940	买盘
10:40:51	28.1	0.03	3	8430	买盘
10:40:48	28.07	-0.03	24	67368	卖盘
10:40:39	28.1	--	1	2810	买盘
10:40:36	28.1	--	1	2810	买盘
10:40:33	28.1	--	10	28100	买盘
10:40:30	28.1	--	5	14050	买盘
10:40:27	28.1	--	2	5620	卖盘
10:40:12	28.1	-0.03	2	5620	卖盘
10:40:03	28.13	0.02	11	30943	买盘
10:39:57	28.11	--	1	2811	卖盘
10:39:48	28.11	-0.01	2	5622	卖盘
10:39:42	28.12	--	1	2812	买盘
10:39:39	28.12	0.01	4	11248	买盘
10:39:30	28.11	--	2	5622	卖盘
10:39:27	28.11	-0.01	2	5622	卖盘
10:39:21	28.12	--	30	84360	买盘
10:39:18	28.12	--	3	8436	买盘
10:39:15	28.12	0.01	7	19684	买盘
10:38:57	28.11	0.02	59	165849	买盘
10:38:45	28.09	--	10	28090	卖盘
10:38:42	28.09	0.02	4	11236	中性盘
10:38:12	28.07	--	30	84210	卖盘
10:38:09	28.07	-0.01	5	14035	卖盘
10:38:06	28.08	--	6	16848	买盘
10:38:00	28.08	0.02	3	8424	买盘
10:37:57	28.06	--	15	42090	卖盘
10:37:51	28.06	--	13	36478	卖盘
10:37:45	28.06	-0.01	45	127673	卖盘
10:37:39	28.07	--	5	14035	买盘
10:37:36	28.07	0.01	7	19649	买盘
10:37:33	28.06	--	2	5612	卖盘
10:37:30	28.06	-0.01	5	14030	卖盘
10:37:27	28.07	--	2	5614	买盘
10:37:24	28.07	--	7	19649	买盘
10:37:21	28.07	0.01	3	8421	中性盘
10:37:18	28.06	-0.02	12	33672	卖盘
10:37:15	28.08	--	1	2808	买盘
10:37:09	28.08	--	50	140400	买盘
10:37:00	28.08	-0.01	12	33696	卖盘
10:36:57	28.09	0.01	10	28090	买盘
10:36:54	28.08	--	2	7020	卖盘
10:36:51	28.08	--	10	28080	卖盘
10:36:48	28.08	-0.01	3	8424	卖盘
10:36:42	28.09	0.01	6	18258	买盘
10:36:39	28.08	-0.01	18	50544	卖盘
10:36:36	28.09	--	10	28090	买盘
10:36:30	28.09	0.01	1	2809	买盘
10:36:21	28.08	--	6	16848	卖盘
10:36:12	28.08	0.03	1	2808	买盘
10:36:09	28.05	-0.02	135	378675	卖盘
10:36:03	28.07	-0.01	5	14035	卖盘
10:36:00	28.08	0.02	12	33696	买盘
10:35:51	28.06	-0.02	15	42090	卖盘
10:35:48	28.08	--	3	8424	买盘
10:35:42	28.08	-0.01	25	70200	卖盘
10:35:36	28.09	--	7	19663	卖盘
10:35:33	28.09	--	4	11236	买盘
10:35:30	28.09	--	42	117978	买盘
10:35:27	28.09	0.01	10	28090	买盘
10:35:21	28.08	--	15	42120	卖盘
10:35:18	28.08	--	34	95472	卖盘
10:35:15	28.08	0.03	16	44928	买盘
10:35:12	28.05	-0.03	5	14025	卖盘
10:35:03	28.08	0.03	12	33696	买盘
10:35:00	28.05	--	6	16830	卖盘
10:34:57	28.05	-0.05	51	143055	卖盘
10:34:54	28.1	0.02	20	56200	买盘
10:34:51	28.08	--	11	30887	卖盘
10:34:48	28.08	-0.01	14	39312	卖盘
10:34:39	28.09	--	7	19663	卖盘
10:34:36	28.09	--	9	25281	卖盘
10:34:27	28.09	-0.01	10	28090	卖盘
10:34:24	28.1	--	100	281000	卖盘
10:34:21	28.1	-0.02	131	368110	卖盘
10:34:15	28.12	0.01	5	14060	买盘
10:34:12	28.11	-0.01	9	25299	卖盘
10:34:09	28.12	--	21	59052	卖盘
10:34:03	28.12	--	2	5624	卖盘
10:34:00	28.12	--	7	19684	卖盘
10:33:57	28.12	--	16	44992	卖盘
10:33:54	28.12	-0.01	9	25308	卖盘
10:33:42	28.13	--	15	42195	买盘
10:33:39	28.13	-0.03	382	1074566	卖盘
10:33:33	28.16	--	13	36608	卖盘
10:33:00	28.16	--	2	5632	卖盘
10:32:51	28.16	--	27	76032	卖盘
10:32:45	28.16	0.01	2	5632	中性盘
10:32:39	28.15	-0.01	31	87265	卖盘
10:32:36	28.16	--	49	137984	买盘
10:32:27	28.16	0.01	20	56320	买盘
10:32:21	28.15	--	10	28150	卖盘
10:32:12	28.15	-0.01	3	8445	卖盘
10:32:03	28.16	--	3	8448	买盘
10:31:57	28.16	--	3	8448	买盘
10:31:54	28.16	0.01	7	19712	买盘
10:31:48	28.15	-0.01	8	22520	卖盘
10:31:42	28.16	0.01	4	11264	买盘
10:31:39	28.15	-0.01	10	28150	卖盘
10:31:36	28.16	0.01	7	19712	买盘
10:31:30	28.15	-0.01	76	213940	卖盘
10:31:21	28.16	0.01	13	36608	买盘
10:31:18	28.15	-0.01	3	8445	卖盘
10:31:15	28.16	--	8	22528	买盘
10:31:03	28.16	--	1	2816	买盘
10:31:00	28.16	--	26	73216	卖盘
10:30:51	28.16	--	14	39424	卖盘
10:30:42	28.16	--	21	59136	卖盘
10:30:24	28.16	-0.02	24	67584	卖盘
10:30:18	28.18	--	12	33816	卖盘
10:30:00	28.18	-0.02	5	14090	卖盘
10:29:54	28.2	--	7	19740	买盘
10:29:48	28.2	--	14	40890	卖盘
10:29:42	28.2	--	7	19740	卖盘
10:29:30	28.2	--	1	2820	卖盘
10:29:24	28.2	--	30	84600	卖盘
10:29:21	28.2	--	20	56400	卖盘
10:29:15	28.2	--	3	9870	卖盘
10:29:03	28.2	-0.03	114	321480	卖盘
10:29:00	28.23	0.02	20	56460	买盘
10:28:54	28.21	-0.02	2	5642	卖盘
10:28:51	28.23	--	3	8469	买盘
10:28:27	28.23	--	20	56460	买盘
10:27:51	28.23	--	20	56460	卖盘
10:27:36	28.23	0.02	10	28230	买盘
10:27:21	28.21	0.01	24	67704	买盘
10:27:09	28.2	-0.01	131	369420	卖盘
10:27:06	28.21	0.01	20	56420	买盘
10:26:51	28.2	--	17	47940	卖盘
10:26:48	28.2	--	11	31020	卖盘
10:26:45	28.2	--	3	8460	卖盘
10:26:39	28.2	-0.01	10	28200	卖盘
10:26:18	28.21	-0.02	74	208754	卖盘
10:26:06	28.23	--	12	33876	卖盘
10:26:03	28.23	--	2	5646	卖盘
10:25:54	28.23	--	30	84690	卖盘
10:25:48	28.23	--	1	2823	买盘
10:25:42	28.23	0.01	33	93159	买盘
10:25:39	28.22	-0.01	7	19754	卖盘
10:25:27	28.23	--	2	5646	买盘
10:25:12	28.23	-0.02	1	2823	买盘
10:25:09	28.25	--	41	115825	卖盘
10:25:03	28.25	--	3	8475	卖盘
10:25:00	28.25	--	1	2825	卖盘
10:24:51	28.25	0.04	12	33900	买盘
10:24:36	28.21	-0.04	79	222859	卖盘
10:24:30	28.25	0.02	37	104525	买盘
10:24:27	28.23	--	3	8469	卖盘
10:24:12	28.23	--	9	25407	卖盘
10:24:06	28.23	-0.01	6	16938	卖盘
10:24:00	28.24	0.02	40	112960	买盘
10:23:54	28.22	--	3	8466	卖盘
10:23:51	28.22	--	2	5644	卖盘
10:23:42	28.22	-0.02	6	16932	卖盘
10:23:36	28.24	0.02	2	5648	买盘
10:23:33	28.22	--	2	5644	卖盘
10:23:30	28.22	0.01	6	16932	卖盘
10:23:21	28.21	--	1	2821	卖盘
10:23:06	28.21	-0.03	2	5642	卖盘
10:23:03	28.24	0.01	2	5648	买盘
10:22:57	28.23	--	2	5646	买盘
10:22:51	28.23	--	4	11292	卖盘
10:22:21	28.23	--	1	2823	中性盘
10:22:12	28.23	--	2	5646	卖盘
10:22:06	28.23	--	1	2823	卖盘
10:21:57	28.23	--	9	25407	卖盘
10:21:51	28.23	--	3	8469	卖盘
10:21:45	28.23	-0.02	15	42345	卖盘
10:21:42	28.25	0.02	6	16950	买盘
10:21:39	28.23	--	14	39522	卖盘
10:21:36	28.23	--	3	8469	卖盘
10:21:30	28.23	--	5	14115	卖盘
10:21:27	28.23	-0.02	6	16938	卖盘
10:21:24	28.25	--	5	14125	买盘
10:21:21	28.25	0.02	15	42375	买盘
10:21:18	28.23	-0.02	3	8469	卖盘
10:21:15	28.25	0.03	25	70625	买盘
10:21:12	28.22	-0.03	1	2822	卖盘
10:21:09	28.25	0.04	20	56500	买盘
10:21:00	28.21	--	1	2821	卖盘
10:20:57	28.21	-0.04	4	11284	卖盘
10:20:48	28.25	0.04	3	8475	买盘
10:20:45	28.21	--	16	45136	卖盘
10:20:36	28.21	--	3	8463	卖盘
10:20:30	28.21	-0.04	2	5642	卖盘
10:20:27	28.25	--	6	16950	买盘
10:20:24	28.25	-0.01	6	16950	卖盘
10:20:21	28.26	--	5	14130	买盘
10:20:18	28.26	0.01	5	14130	买盘
10:20:15	28.25	--	4	11300	卖盘
10:20:06	28.25	--	3	8475	卖盘
10:20:03	28.25	0.04	12	33900	买盘
10:19:57	28.21	-0.04	1	2821	卖盘
10:19:54	28.25	--	2	5650	买盘
10:19:45	28.25	0.05	2	5650	买盘
10:19:30	28.2	--	1	2820	卖盘
10:19:27	28.2	--	1	2820	卖盘
10:19:21	28.2	-0.01	2	5640	卖盘
10:19:18	28.21	0.01	5	14105	中性盘
10:19:09	28.2	--	6	16920	卖盘
10:19:00	28.2	0.04	1	2820	卖盘
10:18:57	28.16	-0.04	2	5632	卖盘
10:18:51	28.2	--	1	2820	卖盘
10:18:45	28.2	--	11	31020	卖盘
10:18:39	28.2	0.05	3	8460	买盘
10:18:36	28.15	--	4	11260	卖盘
10:18:30	28.15	--	40	112600	卖盘
10:18:24	28.15	--	16	45040	卖盘
10:18:18	28.15	0.02	120	337800	买盘
10:18:15	28.13	-0.01	2	5626	卖盘
10:18:12	28.14	0.01	3	8442	买盘
10:18:09	28.13	-0.01	8	22504	卖盘
10:18:06	28.14	--	7	19698	卖盘
10:18:03	28.14	--	2	5628	卖盘
10:18:00	28.14	0.01	6	16884	买盘
10:17:57	28.13	-0.01	10	28130	卖盘
10:17:54	28.14	--	1	2814	卖盘
10:17:51	28.14	--	6	16884	卖盘
10:17:48	28.14	0.01	6	16884	买盘
10:17:45	28.13	--	4	11252	卖盘
10:17:39	28.13	--	2	5626	卖盘
10:17:33	28.13	--	2	7032	买盘
10:17:30	28.13	--	15	42195	买盘
10:17:24	28.13	0.01	10	28130	买盘
10:17:21	28.12	--	9	25308	卖盘
10:17:18	28.12	--	42	118104	卖盘
10:17:15	28.12	--	1	2812	卖盘
10:17:09	28.12	--	44	123728	卖盘
10:17:06	28.12	--	31	87172	卖盘
10:17:03	28.12	-0.01	4	11248	卖盘
10:17:00	28.13	--	16	45008	买盘
10:16:57	28.13	--	12	33756	买盘
10:16:54	28.13	--	16	45008	买盘
10:16:51	28.13	--	1	2813	买盘
10:16:48	28.13	--	55	154715	卖盘
10:16:45	28.13	--	8	22504	卖盘
10:16:42	28.13	--	50	140650	卖盘
10:16:39	28.13	--	3	8439	卖盘
10:16:33	28.13	-0.02	17	47821	卖盘
10:16:30	28.15	--	13	36595	买盘
10:16:27	28.15	0.02	14	39410	买盘
10:16:21	28.13	-0.01	20	56260	卖盘
10:16:18	28.14	-0.01	42	118188	卖盘
10:16:09	28.15	--	2	5630	卖盘
10:16:06	28.15	--	41	115415	卖盘
10:16:03	28.15	--	4	11260	卖盘
10:16:00	28.15	-0.02	11	30965	卖盘
10:15:57	28.17	0.02	1	2817	买盘
10:15:54	28.15	-0.01	14	39410	卖盘
10:15:51	28.16	--	5	14080	卖盘
10:15:48	28.16	--	40	112640	卖盘
10:15:45	28.16	0.01	12	33792	买盘
10:15:39	28.15	-0.01	134	377210	卖盘
10:15:36	28.16	--	4	11264	中性盘
10:15:30	28.16	0.01	4	11264	买盘
10:15:24	28.15	-0.01	4	11260	卖盘
10:15:15	28.16	-0.01	4	11264	卖盘
10:15:12	28.17	0.01	3	8451	买盘
10:15:09	28.16	--	12	33792	卖盘
10:15:03	28.16	-0.01	2	5632	卖盘
10:14:57	28.17	--	13	36621	卖盘
10:14:54	28.17	-0.03	2	5634	卖盘
10:14:51	28.2	0.01	3	8460	买盘
10:14:48	28.19	-0.01	16	45104	卖盘
10:14:45	28.2	--	5	14100	买盘
10:14:36	28.2	-0.01	27	77550	卖盘
10:14:33	28.21	0.01	1	2821	中性盘
10:14:27	28.2	--	1	2820	卖盘
10:14:24	28.2	--	1	2820	卖盘
10:14:18	28.2	-0.05	4	11280	卖盘
10:14:12	28.25	0.04	7	19775	买盘
10:14:09	28.21	--	1	2821	卖盘
10:14:06	28.21	0.01	14	39494	中性盘
10:14:03	28.2	--	3	8460	卖盘
10:13:54	28.2	-0.01	3	8460	卖盘
10:13:48	28.21	-0.01	12	33852	卖盘
10:13:42	28.22	--	3	8466	卖盘
10:13:39	28.22	--	12	33864	卖盘
10:13:36	28.22	0.02	2	7055	买盘
10:13:33	28.2	--	44	124080	卖盘
10:13:30	28.2	--	13	36660	卖盘
10:13:24	28.2	-0.01	14	39480	卖盘
10:13:18	28.21	-0.01	33	94503	卖盘
10:13:12	28.22	0.01	1	2822	卖盘
10:13:09	28.21	--	2	5642	卖盘
10:13:03	28.21	--	6	16926	卖盘
10:13:00	28.21	--	6	16926	卖盘
10:12:54	28.21	-0.01	4	11284	卖盘
10:12:51	28.22	--	19	55029	买盘
10:12:45	28.22	0.02	1	2822	买盘
10:12:42	28.2	-0.01	16	45120	卖盘
10:12:39	28.21	-0.01	2	5642	卖盘
10:12:30	28.22	--	1	2822	买盘
10:12:27	28.22	0.01	8	22576	买盘
10:12:18	28.21	--	2	5642	卖盘
10:12:15	28.21	--	10	28210	中性盘
10:12:12	28.21	--	3	8463	卖盘
10:12:06	28.21	--	5	14105	卖盘
10:12:00	28.21	--	1	2821	卖盘
10:11:57	28.21	-0.01	1	2821	中性盘
10:11:54	28.22	0.02	32	90304	买盘
10:11:51	28.2	--	4	11280	卖盘
10:11:42	28.2	--	3	8460	卖盘
10:11:39	28.2	0.02	1	2820	卖盘
10:11:36	28.18	-0.03	15	42270	卖盘
10:11:33	28.21	0.01	10	28210	买盘
10:11:30	28.2	0.02	4	11280	买盘
10:11:27	28.18	--	2	5636	卖盘
10:11:24	28.18	--	1	2818	卖盘
10:11:21	28.18	--	13	36634	卖盘
10:11:15	28.18	0.02	9	25362	中性盘
10:11:12	28.16	-0.04	6	16896	卖盘
10:11:09	28.2	0.03	5	14100	买盘
10:11:06	28.17	--	31	87327	卖盘
10:11:03	28.17	-0.03	1	2817	卖盘
10:11:00	28.2	0.04	20	56400	买盘
10:10:57	28.16	-0.01	2	5632	卖盘
10:10:54	28.17	0.01	1	2817	卖盘
10:10:51	28.16	-0.04	4	11264	卖盘
10:10:48	28.2	0.03	1	2820	买盘
10:10:45	28.17	0.01	7	19719	买盘
10:10:42	28.16	-0.01	2	5632	卖盘
10:10:39	28.17	--	14	39438	卖盘
10:10:30	28.17	0.01	5	14085	中性盘
10:10:27	28.16	--	2	5632	卖盘
10:10:21	28.16	--	5	14080	卖盘
10:10:18	28.16	--	2	5632	卖盘
10:10:15	28.16	-0.04	4	11264	买盘
10:10:12	28.2	0.06	5	14100	买盘
10:10:09	28.14	-0.01	13	36582	卖盘
10:10:06	28.15	-0.05	6	16890	卖盘
10:09:57	28.2	0.06	11	31020	买盘
10:09:51	28.14	-0.06	1	2814	卖盘
10:09:48	28.2	0.06	13	36660	买盘
10:09:42	28.14	--	3	8442	卖盘
10:09:36	28.14	-0.06	2	5628	卖盘
10:09:33	28.2	--	5	14100	买盘
10:09:30	28.2	0.07	6	16920	买盘
10:09:27	28.13	--	4	11252	卖盘
10:09:24	28.13	--	2	5626	卖盘
10:09:21	28.13	--	12	33756	卖盘
10:09:15	28.13	0.01	4	11252	卖盘
10:09:12	28.12	--	13	37962	买盘
10:09:09	28.12	--	1	4218	卖盘
10:09:06	28.12	--	6	16872	卖盘
10:09:03	28.12	--	16	46398	卖盘
10:08:57	28.12	0.01	4	11248	卖盘
10:08:54	28.11	--	16	44976	卖盘
10:08:51	28.11	-0.1	8	22488	卖盘
10:08:45	28.21	0.1	17	47957	买盘
10:08:42	28.11	0.01	10	28110	卖盘
10:08:36	28.1	--	49	137690	卖盘
10:08:30	28.1	-0.01	40	113805	卖盘
10:08:27	28.11	--	54	151794	买盘
10:08:24	28.11	0.01	25	70275	买盘
10:08:21	28.1	-0.01	56	157360	卖盘
10:08:18	28.11	0.01	6	16866	买盘
10:08:15	28.1	--	134	376540	卖盘
10:08:12	28.1	-0.01	32	89920	卖盘
10:08:09	28.11	--	11	30921	买盘
10:08:06	28.11	--	16	44976	买盘
10:08:03	28.11	--	13	36543	买盘
10:08:00	28.11	-0.04	48	134928	卖盘
10:07:57	28.15	-0.03	10	28150	卖盘
10:07:54	28.18	0.06	16	45088	买盘
10:07:51	28.12	0.01	27	75924	卖盘
10:07:45	28.11	--	2	5622	卖盘
10:07:42	28.11	--	21	59031	卖盘
10:07:39	28.11	--	2	5622	卖盘
10:07:36	28.11	-0.04	9	25299	卖盘
10:07:33	28.15	--	6	16890	买盘
10:07:30	28.15	-0.05	61	171715	卖盘
10:07:27	28.2	0.01	22	62040	买盘
10:07:21	28.19	-0.01	9	25371	卖盘
10:07:15	28.2	-0.02	38	107160	卖盘
10:07:12	28.22	-0.04	2	5644	卖盘
10:07:09	28.26	0.04	18	50868	买盘
10:07:06	28.22	-0.01	6	16932	卖盘
10:07:00	28.23	-0.02	9	25407	卖盘
10:06:57	28.25	-0.02	48	135600	卖盘
10:06:54	28.27	-0.01	7	19789	卖盘
10:06:51	28.28	0.01	5	14140	买盘
10:06:48	28.27	-0.01	13	36751	卖盘
10:06:45	28.28	--	8	22624	买盘
10:06:42	28.28	--	329	930412	卖盘
10:06:39	28.28	-0.01	14	39592	卖盘
10:06:36	28.29	0.01	4	11316	卖盘
10:06:33	28.28	--	51	144228	卖盘
10:06:30	28.28	--	5	14140	卖盘
10:06:24	28.28	-0.01	1	2828	卖盘
10:06:21	28.29	--	4	11316	卖盘
10:06:18	28.29	--	10	28290	卖盘
10:06:15	28.29	--	7	19803	卖盘
10:06:09	28.29	-0.01	18	50922	卖盘
10:05:54	28.3	-0.02	70	199515	卖盘
10:05:45	28.32	0.01	1	4248	中性盘
10:05:39	28.31	-0.01	18	50958	卖盘
10:05:33	28.32	--	1	2832	卖盘
10:05:30	28.32	0.01	73	206736	买盘
10:05:24	28.31	--	4	11324	卖盘
10:05:18	28.31	0.01	4	11324	卖盘
10:05:15	28.3	-0.02	2	5660	中性盘
10:05:12	28.32	0.02	16	45312	买盘
10:05:09	28.3	-0.01	13	36790	卖盘
10:05:03	28.31	--	10	28310	卖盘
10:05:00	28.31	0.01	51	144381	买盘
10:04:54	28.3	-0.02	15	42450	卖盘
10:04:51	28.32	0.02	24	67968	买盘
10:04:48	28.3	-0.01	10	28300	卖盘
10:04:45	28.31	0.01	3	8493	卖盘
10:04:42	28.3	-0.02	30	84900	卖盘
10:04:39	28.32	0.01	40	113280	买盘
10:04:33	28.31	--	9	25479	卖盘
10:04:24	28.31	--	3	8493	卖盘
10:04:21	28.31	--	34	96254	卖盘
10:04:18	28.31	--	2	5662	卖盘
10:04:09	28.31	--	12	33972	卖盘
10:04:06	28.31	0.01	8	22648	买盘
10:04:00	28.3	--	45	127350	卖盘
10:03:51	28.3	-0.01	1	2830	卖盘
10:03:48	28.31	-0.01	13	36803	卖盘
10:03:45	28.32	--	6	16992	卖盘
10:03:42	28.32	0.01	1	2832	买盘
10:03:39	28.31	--	2	5662	卖盘
10:03:36	28.31	-0.01	10	28310	卖盘
10:03:30	28.32	0.01	10	28320	中性盘
10:03:18	28.31	-0.02	11	31141	卖盘
10:03:15	28.33	--	2	5666	买盘
10:03:12	28.33	--	0	2124	卖盘
10:03:09	28.33	--	1	3541	买盘
10:03:06	28.33	-0.01	39	112611	卖盘
10:03:03	28.34	0.01	4	11336	买盘
10:02:54	28.33	--	2	5666	卖盘
10:02:48	28.33	--	2	5666	卖盘
10:02:42	28.33	--	8	23372	买盘
10:02:39	28.33	--	7	19831	买盘
10:02:33	28.33	-0.01	6	16998	卖盘
10:02:27	28.34	-0.01	8	22672	卖盘
10:02:24	28.35	-0.01	3	8505	卖盘
10:02:21	28.36	--	6	17016	卖盘
10:02:18	28.36	-0.02	5	14180	卖盘
10:02:15	28.38	0.02	10	28380	买盘
10:02:12	28.36	-0.03	11	32614	卖盘
10:02:06	28.39	0.01	20	56780	买盘
10:02:03	28.38	--	3	8514	卖盘
10:01:57	28.38	--	1	2838	卖盘
10:01:51	28.38	--	9	25542	卖盘
10:01:45	28.38	-0.01	5	14190	卖盘
10:01:42	28.39	--	28	79492	买盘
10:01:39	28.39	0.01	7	19873	买盘
10:01:36	28.38	--	4	11352	卖盘
10:01:30	28.38	-0.01	5	14190	卖盘
10:01:27	28.39	-0.02	2	5678	卖盘
10:01:24	28.41	0.02	4	11364	买盘
10:01:21	28.39	--	6	17034	卖盘
10:01:12	28.39	--	1	2839	卖盘
10:01:09	28.39	--	2	5678	卖盘
10:01:06	28.39	0.01	5	14195	中性盘
10:01:03	28.38	--	4	11352	卖盘
10:00:57	28.38	-0.04	2	5676	卖盘
10:00:54	28.42	0.01	20	56840	买盘
10:00:51	28.41	--	14	41904	卖盘
10:00:48	28.41	--	8	22728	卖盘
10:00:42	28.41	--	10	28410	卖盘
10:00:36	28.41	--	4	11364	卖盘
10:00:30	28.41	--	37	105117	卖盘
10:00:27	28.41	-0.01	19	53979	卖盘
10:00:21	28.42	-0.01	2	5684	卖盘
10:00:18	28.43	--	5	14215	买盘
10:00:15	28.43	--	41	116563	买盘
10:00:12	28.43	--	35	99505	卖盘
10:00:09	28.43	--	2	5686	卖盘
10:00:06	28.43	0.01	2	5686	卖盘
09:59:57	28.42	--	6	17052	卖盘
09:59:45	28.42	-0.01	26	73892	卖盘
09:59:36	28.43	-0.07	24	68232	卖盘
09:59:33	28.5	0.04	57	162450	买盘
09:59:27	28.46	--	8	22768	卖盘
09:59:21	28.46	-0.02	9	25614	卖盘
09:59:18	28.48	--	13	37024	卖盘
09:59:15	28.48	--	5	14240	卖盘
09:59:12	28.48	-0.01	16	45568	卖盘
09:59:09	28.49	--	1	2849	买盘
09:59:03	28.49	-0.05	1	2849	卖盘
09:59:00	28.54	0.05	5	14270	买盘
09:58:57	28.49	-0.01	62	176638	卖盘
09:58:51	28.5	--	4	11400	卖盘
09:58:48	28.5	--	9	25650	卖盘
09:58:42	28.5	--	28	79800	卖盘
09:58:39	28.5	0.01	8	22800	买盘
09:58:36	28.49	--	9	25641	卖盘
09:58:33	28.49	--	8	22792	卖盘
09:58:30	28.49	-0.01	5	14245	卖盘
09:58:27	28.5	0.01	34	96900	买盘
09:58:24	28.49	0.01	27	76923	买盘
09:58:21	28.48	-0.01	6	17088	卖盘
09:58:18	28.49	0.01	15	42735	买盘
09:58:12	28.48	0.05	26	74048	买盘
09:58:06	28.43	--	8	22744	卖盘
09:58:03	28.43	--	1	2843	卖盘
09:57:57	28.43	-0.03	22	62546	卖盘
09:57:54	28.46	0.03	9	26325	买盘
09:57:51	28.43	-0.03	1	2843	卖盘
09:57:45	28.46	0.03	19	54074	买盘
09:57:42	28.43	--	52	147836	卖盘
09:57:39	28.43	--	2	5686	买盘
09:57:30	28.43	0.02	5	14215	买盘
09:57:27	28.41	-0.02	3	8523	卖盘
09:57:24	28.43	0.02	1	2843	买盘
09:57:18	28.41	-0.03	7	19887	卖盘
09:57:15	28.44	0.04	5	14220	买盘
09:57:06	28.4	--	26	73840	卖盘
09:56:57	28.4	--	1	2840	卖盘
09:56:54	28.4	--	15	42600	买盘
09:56:45	28.4	--	5	14200	卖盘
09:56:33	28.4	--	2	5680	卖盘
09:56:24	28.4	0.01	1	2840	中性盘
09:56:21	28.39	--	5	14195	卖盘
09:56:12	28.39	--	1	2839	卖盘
09:56:09	28.39	--	20	56780	卖盘
09:56:03	28.39	--	1	2839	卖盘
09:55:57	28.39	--	1	2839	卖盘
09:55:51	28.39	-0.03	7	19873	卖盘
09:55:42	28.42	-0.04	1	2842	卖盘
09:55:39	28.46	0.01	31	88226	买盘
09:55:30	28.45	-0.02	59	169988	卖盘
09:55:27	28.47	--	5	14235	卖盘
09:55:21	28.47	0.07	44	125979	买盘
09:55:12	28.4	-0.05	4	11360	卖盘
09:55:09	28.45	0.05	1	2845	买盘
09:55:06	28.4	-0.05	2	7810	卖盘
09:55:03	28.45	0.03	11	32006	买盘
09:55:00	28.42	--	3	8526	买盘
09:54:57	28.42	-0.03	7	22025	卖盘
09:54:51	28.45	0.03	3	8535	买盘
09:54:48	28.42	--	1	2842	卖盘
09:54:42	28.42	-0.03	3	8526	卖盘
09:54:39	28.45	--	2	5690	卖盘
09:54:36	28.45	-0.01	1	2845	卖盘
09:54:33	28.46	--	3	8538	卖盘
09:54:30	28.46	0.01	7	19922	中性盘
09:54:27	28.45	-0.01	4	11380	卖盘
09:54:24	28.46	0.01	4	11384	买盘
09:54:18	28.45	-0.01	4	11380	卖盘
09:54:15	28.46	0.01	11	31306	买盘
09:54:06	28.45	--	1	2845	卖盘
09:54:03	28.45	--	16	45520	卖盘
09:54:00	28.45	0.03	1	2845	买盘
09:53:57	28.42	-0.03	2	5684	卖盘
09:53:54	28.45	0.03	1	2845	买盘
09:53:51	28.42	--	1	2842	卖盘
09:53:48	28.42	--	12	34104	卖盘
09:53:42	28.42	-0.03	1	2842	卖盘
09:53:39	28.45	0.03	2	5690	买盘
09:53:36	28.42	-0.03	8	22736	卖盘
09:53:33	28.45	--	1	2845	中性盘
09:53:30	28.45	0.03	2	5690	买盘
09:53:24	28.42	--	4	11368	卖盘
09:53:21	28.42	--	2	5684	卖盘
09:53:12	28.42	0.02	16	46182	买盘
09:53:09	28.4	-0.02	7	19880	卖盘
09:53:03	28.42	0.02	26	73892	买盘
09:53:00	28.4	--	2	5680	卖盘
09:52:54	28.4	--	2	5680	卖盘
09:52:51	28.4	--	1	2840	卖盘
09:52:48	28.4	--	5	14200	卖盘
09:52:45	28.4	0.01	8	22720	买盘
09:52:39	28.39	0.01	4	11356	卖盘
09:52:30	28.38	--	19	53922	卖盘
09:52:18	28.38	0.02	5	15609	买盘
09:52:12	28.36	--	1	2836	卖盘
09:52:06	28.36	--	1	2836	卖盘
09:51:54	28.36	--	2	5672	卖盘
09:51:51	28.36	0.01	1	2836	中性盘
09:51:45	28.35	--	1	2835	卖盘
09:51:42	28.35	--	7	19845	卖盘
09:51:36	28.35	--	3	8505	买盘
09:51:30	28.35	--	2	5670	卖盘
09:51:24	28.35	--	1	2835	卖盘
09:51:21	28.35	--	6	17010	卖盘
09:51:18	28.35	-0.03	1	2835	卖盘
09:51:15	28.38	0.06	4	11352	买盘
09:51:06	28.32	-0.01	13	36816	卖盘
09:50:54	28.33	0.01	31	87823	卖盘
09:50:51	28.32	-0.01	8	22656	卖盘
09:50:48	28.33	--	5	14165	卖盘
09:50:42	28.33	0.01	6	16998	买盘
09:50:39	28.32	--	23	65136	卖盘
09:50:30	28.32	-0.01	1	2832	卖盘
09:50:21	28.33	0.02	3	8499	中性盘
09:50:09	28.31	-0.07	2	7077	卖盘
09:50:06	28.38	--	10	28380	卖盘
09:50:00	28.38	0.05	5	14190	卖盘
09:49:54	28.33	-0.03	31	87823	卖盘
09:49:45	28.36	-0.04	4	11344	卖盘
09:49:42	28.4	0.04	14	41180	买盘
09:49:36	28.36	-0.02	10	29778	卖盘
09:49:33	28.38	-0.02	3	8514	卖盘
09:49:30	28.4	--	1	2840	买盘
09:49:27	28.4	--	37	105080	买盘
09:49:24	28.4	0.01	25	71000	买盘
09:49:21	28.39	-0.01	2	5678	卖盘
09:49:15	28.4	--	69	195960	卖盘
09:49:09	28.4	-0.02	1	2840	卖盘
09:49:06	28.42	0.02	21	59682	买盘
09:48:54	28.4	--	6	17040	卖盘
09:48:51	28.4	--	1	2840	卖盘
09:48:48	28.4	0.02	23	65320	买盘
09:48:45	28.38	-0.01	2	5676	卖盘
09:48:42	28.39	0.01	5	14195	买盘
09:48:39	28.38	--	1	2838	卖盘
09:48:30	28.38	-0.01	1	2838	卖盘
09:48:24	28.39	--	1	2839	卖盘
09:48:21	28.39	-0.03	6	17034	卖盘
09:48:15	28.42	0.03	1	2842	中性盘
09:48:09	28.39	-0.03	26	75233	卖盘
09:47:57	28.42	0.03	1	2842	买盘
09:47:54	28.39	-0.02	101	286739	卖盘
09:47:51	28.41	0.02	1	2841	中性盘
09:47:39	28.39	-0.04	4	11356	卖盘
09:47:36	28.43	0.04	2	5686	买盘
09:47:30	28.39	--	15	42585	卖盘
09:47:21	28.39	-0.01	8	22712	卖盘
09:47:12	28.4	--	1	2840	卖盘
09:47:09	28.4	-0.08	23	65320	卖盘
09:47:06	28.48	0.05	9	25632	买盘
09:46:57	28.43	-0.03	90	255870	卖盘
09:46:54	28.46	--	8	22768	卖盘
09:46:51	28.46	--	1	2846	卖盘
09:46:39	28.46	--	5	14230	卖盘
09:46:36	28.46	--	3	8538	卖盘
09:46:33	28.46	--	13	36998	卖盘
09:46:30	28.46	-0.03	7	19922	卖盘
09:46:27	28.49	--	1	2849	买盘
09:46:24	28.49	--	2	5698	买盘
09:46:21	28.49	0.03	5	14245	中性盘
09:46:18	28.46	0.01	22	62612	中性盘
09:46:09	28.45	-0.04	1	2845	卖盘
09:46:06	28.49	0.04	1	2849	卖盘
09:46:00	28.45	--	3	8535	卖盘
09:45:54	28.45	--	3	8535	卖盘
09:45:51	28.45	--	1	2845	卖盘
09:45:48	28.45	-0.11	12	34140	卖盘
09:45:42	28.56	0.1	5	14280	买盘
09:45:39	28.46	--	7	19922	卖盘
09:45:36	28.46	-0.1	1	2846	卖盘
09:45:33	28.56	--	2	5712	买盘
09:45:30	28.56	0.1	27	77112	买盘
09:45:24	28.46	-0.1	4	11384	卖盘
09:45:21	28.56	0.06	23	65688	买盘
09:45:15	28.5	-0.07	14	39900	卖盘
09:45:12	28.57	0.12	3	8571	买盘
09:45:09	28.45	-0.05	61	173545	卖盘
09:45:06	28.5	--	1	2850	卖盘
09:45:03	28.5	-0.07	18	51300	卖盘
09:44:57	28.57	0.07	100	285700	买盘
09:44:51	28.5	--	1	2850	买盘
09:44:48	28.5	0.07	1	2850	买盘
09:44:45	28.43	-0.07	2	5686	卖盘
09:44:36	28.5	-0.01	5	14250	卖盘
09:44:27	28.51	0.01	11	31361	中性盘
09:44:24	28.5	--	19	54150	卖盘
09:44:21	28.5	0.12	47	133950	买盘
09:44:18	28.38	0.09	4	11352	卖盘
09:44:15	28.29	-0.01	5	14145	卖盘
09:44:12	28.3	0.01	48	135840	中性盘
09:44:09	28.29	-0.01	11	31119	卖盘
09:44:06	28.3	-0.09	2	5660	卖盘
09:44:03	28.39	0.11	20	56780	中性盘
09:43:57	28.28	-0.01	27	76356	卖盘
09:43:54	28.29	--	12	33948	卖盘
09:43:51	28.29	--	7	19803	卖盘
09:43:48	28.29	-0.11	4	11316	卖盘
09:43:45	28.4	0.11	102	289680	买盘
09:43:42	28.29	0.01	30	84870	中性盘
09:43:36	28.28	--	3	8484	卖盘
09:43:33	28.28	--	13	36764	卖盘
09:43:30	28.28	-0.07	1	2828	卖盘
09:43:27	28.35	0.01	4	11340	卖盘
09:43:24	28.34	0.06	6	17004	买盘
09:43:21	28.28	0.01	48	135744	中性盘
09:43:18	28.27	-0.01	3	8481	卖盘
09:43:15	28.28	--	5	14140	卖盘
09:43:12	28.28	0.01	13	36764	买盘
09:43:06	28.27	0.01	3	8481	卖盘
09:43:03	28.26	-0.02	37	104562	卖盘
09:43:00	28.28	--	1	2828	卖盘
09:42:57	28.28	0.02	9	25452	买盘
09:42:51	28.26	-0.08	150	423900	卖盘
09:42:48	28.34	0.06	27	76518	买盘
09:42:42	28.28	--	6	16968	卖盘
09:42:36	28.28	0.01	10	28280	中性盘
09:42:30	28.27	--	25	70675	卖盘
09:42:27	28.27	-0.03	26	73502	卖盘
09:42:24	28.3	0.03	4	11320	中性盘
09:42:15	28.27	-0.03	101	285527	卖盘
09:42:12	28.3	0.01	4	11320	买盘
09:42:06	28.29	0.01	2	5658	中性盘
09:42:03	28.28	-0.02	1	2828	卖盘
09:42:00	28.3	0.02	6	16980	买盘
09:41:57	28.28	-0.02	2	5656	卖盘
09:41:54	28.3	0.02	3	8490	买盘
09:41:48	28.28	--	6	16968	卖盘
09:41:42	28.28	-0.02	10	28280	卖盘
09:41:36	28.3	--	21	59430	买盘
09:41:33	28.3	--	6	16980	买盘
09:41:30	28.3	--	1	2830	买盘
09:41:27	28.3	0.02	16	45280	买盘
09:41:24	28.28	--	7	19796	卖盘
09:41:21	28.28	-0.02	3	8484	卖盘
09:41:18	28.3	0.01	9	25470	中性盘
09:41:12	28.29	-0.01	51	144279	卖盘
09:41:09	28.3	0.01	3	8490	买盘
09:41:06	28.29	-0.01	11	31119	卖盘
09:41:03	28.3	--	37	104710	卖盘
09:40:57	28.3	--	25	70750	卖盘
09:40:54	28.3	--	1	2830	卖盘
09:40:48	28.3	--	24	67920	卖盘
09:40:42	28.3	0.01	2	5660	买盘
09:40:36	28.29	--	7	19803	卖盘
09:40:33	28.29	--	1	2829	中性盘
09:40:27	28.29	--	7	19803	卖盘
09:40:24	28.29	--	8	22632	买盘
09:40:18	28.29	--	3	8487	买盘
09:40:12	28.29	-0.02	10	28290	卖盘
09:40:09	28.31	0.02	8	22648	买盘
09:40:06	28.29	-0.01	11	31119	卖盘
09:40:03	28.3	--	3	8490	卖盘
09:40:00	28.3	--	30	84900	卖盘
09:39:57	28.3	--	7	19810	卖盘
09:39:54	28.3	--	5	14150	卖盘
09:39:51	28.3	--	5	14150	卖盘
09:39:45	28.3	--	9	25470	卖盘
09:39:36	28.3	-0.01	82	232060	卖盘
09:39:30	28.31	--	13	36803	卖盘
09:39:27	28.31	-0.08	1	2831	卖盘
09:39:21	28.39	0.01	50	141950	买盘
09:39:15	28.38	--	11	31218	买盘
09:39:12	28.38	0.07	3	8514	中性盘
09:39:06	28.31	-0.08	1	2831	卖盘
09:39:03	28.39	0.08	1	2839	买盘
09:39:00	28.31	--	2	5662	卖盘
09:38:57	28.31	--	5	14155	卖盘
09:38:51	28.31	--	2	5662	卖盘
09:38:48	28.31	--	4	11324	卖盘
09:38:45	28.31	0.01	21	59451	中性盘
09:38:42	28.3	-0.09	3	8490	卖盘
09:38:39	28.39	--	3	8517	买盘
09:38:36	28.39	0.09	18	51102	买盘
09:38:30	28.3	-0.09	4	11320	卖盘
09:38:27	28.39	0.08	9	25551	买盘
09:38:24	28.31	0.01	1	2831	中性盘
09:38:21	28.3	--	31	87730	卖盘
09:38:12	28.3	--	9	25470	卖盘
09:38:06	28.3	0.01	4	11320	中性盘
09:38:00	28.29	0.01	2	5658	中性盘
09:37:57	28.28	-0.02	16	45248	卖盘
09:37:54	28.3	--	1	2830	卖盘
09:37:51	28.3	-0.09	7	19810	卖盘
09:37:45	28.39	--	54	153306	买盘
09:37:42	28.39	--	7	19873	买盘
09:37:39	28.39	0.1	26	73814	买盘
09:37:36	28.29	-0.1	5	14145	卖盘
09:37:30	28.39	--	21	59619	卖盘
09:37:27	28.39	0.11	2	5678	买盘
09:37:24	28.28	--	16	45248	卖盘
09:37:21	28.28	--	6	16968	卖盘
09:37:18	28.28	--	27	76356	卖盘
09:37:15	28.28	--	10	28280	卖盘
09:37:12	28.28	0.01	7	19796	买盘
09:37:09	28.27	0.01	13	36751	买盘
09:37:06	28.26	-0.01	18	50868	卖盘
09:37:03	28.27	--	10	28270	买盘
09:37:00	28.27	--	6	16962	买盘
09:36:57	28.27	--	16	45232	卖盘
09:36:54	28.27	--	11	31097	卖盘
09:36:51	28.27	0.01	11	31097	中性盘
09:36:45	28.26	--	26	73476	买盘
09:36:42	28.26	0.03	19	53694	买盘
09:36:39	28.23	-0.03	43	121389	卖盘
09:36:36	28.26	--	54	152604	买盘
09:36:33	28.26	-0.02	2	5652	买盘
09:36:30	28.28	0.01	70	197960	买盘
09:36:27	28.27	--	21	59367	买盘
09:36:21	28.27	--	54	152658	买盘
09:36:18	28.27	--	3	8481	买盘
09:36:15	28.27	-0.01	122	344894	卖盘
09:36:09	28.28	0.01	87	246036	中性盘
09:36:06	28.27	--	22	62194	卖盘
09:36:03	28.27	0.04	12	33924	卖盘
09:36:00	28.23	0.01	6	16938	中性盘
09:35:54	28.22	-0.05	42	118524	卖盘
09:35:51	28.27	0.04	16	45232	买盘
09:35:48	28.23	--	7	19761	卖盘
09:35:45	28.23	-0.04	20	56460	卖盘
09:35:42	28.27	0.04	14	39578	买盘
09:35:39	28.23	0.13	10	28230	中性盘
09:35:30	28.1	-0.12	20	56200	卖盘
09:35:27	28.22	-0.18	30	84660	卖盘
09:35:24	28.4	0.29	8	22720	买盘
09:35:18	28.11	-0.11	8	22488	卖盘
09:35:12	28.22	0.02	14	39508	中性盘
09:35:09	28.2	-0.02	31	87420	卖盘
09:35:03	28.22	-0.22	7	19754	卖盘
09:34:57	28.44	--	13	36972	买盘
09:34:54	28.44	0.01	101	287244	买盘
09:34:51	28.43	0.01	31	88133	买盘
09:34:48	28.42	--	18	51156	卖盘
09:34:45	28.42	--	35	99470	卖盘
09:34:42	28.42	-0.01	50	142100	卖盘
09:34:39	28.43	0.01	25	71075	买盘
09:34:36	28.42	-0.01	4	11368	中性盘
09:34:27	28.43	--	87	247341	卖盘
09:34:24	28.43	0.39	3	8529	买盘
09:34:21	28.04	-0.4	302	846808	卖盘
09:34:18	28.44	-0.06	33	93852	卖盘
09:34:15	28.5	--	3	8550	卖盘
09:34:12	28.5	0.06	30	85500	买盘
09:34:09	28.44	--	5	14220	买盘
09:34:06	28.44	--	44	125136	买盘
09:34:03	28.44	-0.02	69	196236	卖盘
09:34:00	28.46	--	19	54074	中性盘
09:33:57	28.46	0.02	9	25614	中性盘
09:33:54	28.44	-0.01	22	62568	卖盘
09:33:51	28.45	--	26	73970	卖盘
09:33:48	28.45	0.01	27	76815	卖盘
09:33:45	28.44	0.01	17	48348	买盘
09:33:42	28.43	--	3	8529	卖盘
09:33:39	28.43	--	14	39802	卖盘
09:33:36	28.43	--	10	28430	卖盘
09:33:33	28.43	--	6	17058	卖盘
09:33:30	28.43	-0.01	10	28430	卖盘
09:33:21	28.44	--	26	73944	买盘
09:33:18	28.44	-0.01	16	45504	卖盘
09:33:15	28.45	--	4	11380	买盘
09:33:12	28.45	-0.03	14	39830	卖盘
09:33:09	28.48	0.04	10	28480	买盘
09:33:06	28.44	-0.04	9	25596	卖盘
09:33:00	28.48	0.02	10	28480	买盘
09:32:57	28.46	-0.05	11	31306	卖盘
09:32:54	28.51	0.01	31	88381	买盘
09:32:51	28.5	--	14	39900	中性盘
09:32:48	28.5	--	59	168150	卖盘
09:32:45	28.5	-0.01	68	193800	卖盘
09:32:42	28.51	-0.01	24	68424	中性盘
09:32:36	28.52	-0.02	3	8556	买盘
09:32:33	28.54	0.02	19	54226	中性盘
09:32:30	28.52	-0.03	8	22816	卖盘
09:32:27	28.55	0.01	14	39970	买盘
09:32:21	28.54	-0.09	13	37102	卖盘
09:32:18	28.63	0.13	10	28630	买盘
09:32:15	28.5	-0.15	1	2850	卖盘
09:32:12	28.65	0.01	47	134655	买盘
09:32:09	28.64	0.09	9	25776	买盘
09:32:06	28.55	0.05	21	59955	卖盘
09:32:03	28.5	-0.15	16	45600	卖盘
09:32:00	28.65	--	1	2865	买盘
09:31:57	28.65	0.1	58	166170	买盘
09:31:51	28.55	-0.1	12	34260	卖盘
09:31:48	28.65	-0.01	54	154710	卖盘
09:31:45	28.66	--	107	306662	卖盘
09:31:39	28.66	-0.04	1	2866	卖盘
09:31:36	28.7	0.15	88	252560	买盘
09:31:33	28.55	--	1	2855	卖盘
09:31:27	28.55	-0.1	43	122765	卖盘
09:31:21	28.65	0.14	5	14325	买盘
09:31:18	28.51	--	9	25659	卖盘
09:31:15	28.51	--	2	5702	卖盘
09:31:12	28.51	--	1	2851	卖盘
09:31:06	28.51	0.01	28	79828	买盘
09:31:03	28.5	--	3	8550	卖盘
09:30:57	28.5	0.05	4	11400	中性盘
09:30:54	28.45	0.02	1	2845	卖盘
09:30:51	28.43	--	20	56860	卖盘
09:30:48	28.43	-0.02	16	45488	卖盘
09:30:45	28.45	-0.05	5	14225	中性盘
09:30:36	28.5	--	18	51300	买盘
09:30:33	28.5	0.09	5	14250	中性盘
09:30:30	28.41	--	30	85230	卖盘
09:30:27	28.41	-0.01	5	14205	卖盘
09:30:21	28.42	--	44	125048	卖盘
09:30:18	28.42	-0.08	3	8526	卖盘
09:30:15	28.5	-0.01	17	48450	卖盘
09:30:12	28.51	--	28	79828	买盘
09:30:09	28.51	--	19	54169	买盘
09:30:06	28.51	--	130	370630	卖盘
09:30:03	28.51	-0.29	10	28510	卖盘
09:25:03	28.8	28.8	619	1782720	买盘
